,time,price,change,volume,amount,type
0,15:00:00,29.71,--,0,0,买盘
1,15:00:00,29.71,--,0,0,买盘
2,15:00:00,29.71,--,1,2971,买盘
3,14:59:58,29.71,--,10,29710,买盘
4,14:59:52,29.71,-0.01,32,95072,卖盘
5,14:59:48,29.72,0.02,16,47552,买盘
6,14:59:43,29.7,--,37,109890,卖盘
7,14:59:37,29.7,-0.01,5,14850,卖盘
8,14:59:33,29.71,--,30,89130,卖盘
9,14:59:28,29.71,--,94,279274,买盘
10,14:59:22,29.71,--,34,101014,买盘
11,14:59:18,29.71,0.01,59,175289,买盘
12,14:59:13,29.7,--,10,29700,卖盘
13,14:59:07,29.7,--,2,5940,卖盘
14,14:59:03,29.7,--,34,100980,卖盘
15,14:58:58,29.7,-0.01,28,83160,卖盘
16,14:58:48,29.71,--,13,38623,卖盘
17,14:58:43,29.71,--,119,353549,卖盘
18,14:58:37,29.71,0.01,39,115869,买盘
19,14:58:33,29.7,--,55,163350,卖盘
20,14:58:28,29.7,--,67,198990,卖盘
21,14:58:22,29.7,-0.01,52,154440,卖盘
22,14:58:18,29.71,0.01,41,121811,买盘
23,14:58:13,29.7,--,45,133650,卖盘
24,14:58:07,29.7,-0.01,34,100980,卖盘
25,14:58:03,29.71,--,21,62391,买盘
26,14:57:58,29.71,0.01,12,35652,买盘
27,14:57:52,29.7,-0.01,34,100980,卖盘
28,14:57:48,29.71,--,5,14855,买盘
29,14:57:43,29.71,0.01,5,14855,买盘
30,14:57:37,29.7,-0.01,8,23760,卖盘
31,14:57:33,29.71,--,3,8913,买盘
32,14:57:28,29.71,-0.01,24,71304,卖盘
33,14:57:22,29.72,0.01,5,14860,买盘
34,14:57:18,29.71,--,18,53478,买盘
35,14:57:13,29.71,-0.01,12,35652,卖盘
36,14:57:07,29.72,0.01,9,26748,买盘
37,14:57:03,29.71,0.01,73,216883,卖盘
38,14:56:58,29.7,-0.01,26,77220,卖盘
39,14:56:52,29.71,0.01,55,163405,买盘
40,14:56:47,29.7,-0.01,34,100980,卖盘
41,14:56:42,29.71,--,21,62391,买盘
42,14:56:37,29.71,--,2,5942,买盘
43,14:56:32,29.71,--,5,14855,买盘
44,14:56:27,29.71,-0.01,32,95072,卖盘
45,14:56:22,29.72,0.01,76,225872,买盘
46,14:56:17,29.71,--,38,113937,卖盘
47,14:56:12,29.71,-0.01,10,29710,卖盘
48,14:56:07,29.72,0.02,20,59440,买盘
49,14:56:02,29.7,-0.02,30,89100,卖盘
50,14:55:57,29.72,0.02,42,124824,买盘
51,14:55:52,29.7,-0.01,32,95040,卖盘
52,14:55:47,29.71,--,4,11884,买盘
53,14:55:42,29.71,-0.01,120,357797,卖盘
54,14:55:37,29.72,--,80,237760,买盘
55,14:55:32,29.72,--,22,65384,买盘
56,14:55:27,29.72,0.01,11,32692,中性盘
57,14:55:22,29.71,-0.01,2,5942,卖盘
58,14:55:17,29.72,--,21,62412,卖盘
59,14:55:12,29.72,--,35,104020,卖盘
60,14:55:07,29.72,-0.01,55,163460,卖盘
61,14:55:01,29.73,--,12,35676,买盘
62,14:54:57,29.73,--,6,17838,买盘
63,14:54:52,29.73,--,38,112974,买盘
64,14:54:46,29.73,0.01,5,14865,买盘
65,14:54:42,29.72,-0.01,25,74300,卖盘
66,14:54:37,29.73,--,22,65406,买盘
67,14:54:31,29.73,0.01,28,83244,买盘
68,14:54:27,29.72,-0.01,12,35664,卖盘
69,14:54:22,29.73,0.01,14,41622,买盘
70,14:54:16,29.72,--,1,2972,买盘
71,14:54:12,29.72,--,47,142002,卖盘
72,14:54:07,29.72,-0.01,19,56468,卖盘
73,14:54:01,29.73,--,4,11892,买盘
74,14:53:57,29.73,0.01,3,8919,中性盘
75,14:53:52,29.72,-0.03,122,363237,卖盘
76,14:53:46,29.75,0.01,4,11900,买盘
77,14:53:42,29.74,0.01,6,17844,中性盘
78,14:53:37,29.73,-0.03,26,79230,卖盘
79,14:53:31,29.76,0.01,20,59520,买盘
80,14:53:27,29.75,--,7,22282,卖盘
81,14:53:22,29.75,-0.01,19,56525,卖盘
82,14:53:12,29.76,-0.01,23,68448,卖盘
83,14:53:07,29.77,--,43,128011,卖盘
84,14:52:57,29.77,-0.02,7,23399,买盘
85,14:52:52,29.79,--,34,101286,买盘
86,14:52:42,29.79,--,8,23832,买盘
87,14:52:37,29.79,0.02,37,110223,买盘
88,14:52:31,29.77,--,17,50609,卖盘
89,14:52:27,29.77,-0.02,35,106755,卖盘
90,14:52:22,29.79,--,15,44685,买盘
91,14:52:16,29.79,--,0,0,买盘
92,14:52:12,29.79,--,14,41706,买盘
93,14:52:07,29.79,--,1,2979,买盘
94,14:52:01,29.79,--,7,20853,买盘
95,14:51:57,29.79,--,47,140817,卖盘
96,14:51:52,29.79,-0.01,3,8937,卖盘
97,14:51:46,29.8,0.01,7,20860,买盘
98,14:51:42,29.79,--,2,8519,卖盘
99,14:51:37,29.79,--,1,2979,卖盘
100,14:51:27,29.79,0.02,6,20465,买盘
101,14:51:22,29.77,-0.02,2,8514,卖盘
102,14:51:12,29.79,0.02,21,62559,买盘
103,14:51:07,29.77,--,19,56563,买盘
104,14:50:57,29.77,--,6,17862,买盘
105,14:50:52,29.77,0.01,12,35724,中性盘
106,14:50:46,29.76,-0.03,0,2559,卖盘
107,14:50:41,29.79,--,10,29790,买盘
108,14:50:37,29.79,--,26,77841,买盘
109,14:50:31,29.79,-0.01,4,11916,买盘
110,14:50:26,29.8,0.04,2,5960,买盘
111,14:50:21,29.76,-0.03,14,41664,卖盘
112,14:50:16,29.79,-0.01,5,17486,卖盘
113,14:50:11,29.8,0.05,6,17880,买盘
114,14:50:07,29.75,--,0,0,卖盘
115,14:49:51,29.75,--,3,11483,买盘
116,14:49:46,29.75,--,0,0,买盘
117,14:49:41,29.75,0.03,2,5950,买盘
118,14:49:36,29.72,-0.03,8,23776,卖盘
119,14:49:31,29.75,0.03,6,17850,买盘
120,14:49:26,29.72,0.01,9,29185,卖盘
121,14:49:16,29.71,--,0,0,卖盘
122,14:49:11,29.71,-0.01,44,133279,卖盘
123,14:49:06,29.72,0.01,3,8916,买盘
124,14:49:01,29.71,--,9,26739,卖盘
125,14:48:55,29.71,-0.01,23,70888,卖盘
126,14:48:51,29.72,--,21,64938,买盘
127,14:48:46,29.72,--,7,20804,买盘
128,14:48:41,29.72,--,9,26748,买盘
129,14:48:36,29.72,--,35,104020,卖盘
130,14:48:25,29.72,-0.02,9,26748,中性盘
131,14:48:21,29.74,0.03,40,118960,买盘
132,14:48:16,29.71,-0.03,48,145163,卖盘
133,14:48:10,29.74,0.02,2,5948,买盘
134,14:48:06,29.72,-0.02,112,332864,卖盘
135,14:48:01,29.74,-0.02,50,149235,卖盘
136,14:47:55,29.76,--,0,0,买盘
137,14:47:51,29.76,0.02,8,23808,买盘
138,14:47:46,29.74,-0.02,56,168268,卖盘
139,14:47:40,29.76,0.01,2,5952,买盘
140,14:47:36,29.75,--,9,26775,卖盘
141,14:47:30,29.75,-0.01,15,44625,卖盘
142,14:47:25,29.76,--,1,2976,卖盘
143,14:47:21,29.76,0.02,2,8511,买盘
144,14:47:06,29.74,-0.05,9,26766,卖盘
145,14:47:01,29.79,--,2,5958,买盘
146,14:46:55,29.79,0.03,1,2979,中性盘
147,14:46:51,29.76,0.02,0,2559,卖盘
148,14:46:45,29.74,--,0,0,卖盘
149,14:46:40,29.74,-0.06,107,318218,卖盘
150,14:46:36,29.8,--,40,120719,买盘
151,14:46:31,29.8,--,4,11920,买盘
152,14:46:21,29.8,--,5,14900,买盘
153,14:46:16,29.8,0.05,3,8940,买盘
154,14:46:10,29.75,-0.05,0,2588,卖盘
155,14:46:06,29.8,--,0,0,买盘
156,14:46:01,29.8,0.02,31,92380,买盘
157,14:45:55,29.78,-0.02,18,53604,卖盘
158,14:45:51,29.8,--,30,89400,买盘
159,14:45:46,29.8,--,4,14006,卖盘
160,14:45:40,29.8,--,28,86002,卖盘
161,14:45:36,29.8,--,204,609231,买盘
162,14:45:31,29.8,0.01,26,77480,买盘
163,14:45:25,29.79,--,1,5540,中性盘
164,14:45:21,29.79,-0.01,6,17874,卖盘
165,14:45:15,29.8,--,16,47680,买盘
166,14:45:10,29.8,--,11,32780,买盘
167,14:45:06,29.8,--,8,23840,买盘
168,14:45:00,29.8,--,57,171528,卖盘
169,14:44:55,29.8,--,9,26820,卖盘
170,14:44:51,29.8,--,4,11920,卖盘
171,14:44:46,29.8,-0.01,59,175820,卖盘
172,14:44:40,29.81,0.01,94,282360,买盘
173,14:44:36,29.8,--,84,250320,卖盘
174,14:44:30,29.8,-0.01,4,11920,卖盘
175,14:44:25,29.81,--,1,2981,买盘
176,14:44:21,29.81,-0.01,15,45132,卖盘
177,14:44:16,29.82,0.02,3,11510,中性盘
178,14:44:10,29.8,-0.02,90,270762,卖盘
179,14:44:05,29.82,0.01,7,20874,买盘
180,14:44:01,29.81,-0.01,45,134562,卖盘
181,14:43:55,29.82,--,7,20874,卖盘
182,14:43:51,29.82,0.01,0,2564,中性盘
183,14:43:40,29.81,--,6,17886,卖盘
184,14:43:36,29.81,--,6,20837,买盘
185,14:43:30,29.81,--,1,2981,买盘
186,14:43:25,29.81,0.01,2,5962,买盘
187,14:43:20,29.8,-0.01,4,14482,卖盘
188,14:43:15,29.81,-0.09,75,223604,卖盘
189,14:43:10,29.9,0.09,4,11960,买盘
190,14:43:00,29.81,--,3,8943,卖盘
191,14:42:55,29.81,--,0,2563,卖盘
192,14:42:50,29.81,--,17,52853,卖盘
193,14:42:45,29.81,-0.01,26,79384,卖盘
194,14:42:40,29.82,0.01,4,14522,卖盘
195,14:42:35,29.81,-0.03,109,327611,卖盘
196,14:42:30,29.84,-0.01,8,23872,卖盘
197,14:42:25,29.85,--,0,0,买盘
198,14:42:20,29.85,0.02,5,14925,买盘
199,14:42:15,29.83,-0.01,39,116337,卖盘
200,14:42:10,29.84,--,4,11936,买盘
201,14:42:05,29.84,--,12,35808,买盘
202,14:42:00,29.84,-0.03,37,111154,卖盘
203,14:41:55,29.87,--,31,93015,卖盘
204,14:41:45,29.87,-0.05,0,2568,中性盘
205,14:41:40,29.92,0.07,11,32912,买盘
206,14:41:25,29.85,-0.02,52,155220,卖盘
207,14:41:09,29.87,-0.05,130,390371,卖盘
208,14:41:04,29.92,-0.01,14,41888,卖盘
209,14:40:54,29.93,--,17,51719,卖盘
210,14:40:49,29.93,--,0,2573,卖盘
211,14:40:45,29.93,--,4,11972,卖盘
212,14:40:34,29.93,-0.01,9,26937,卖盘
213,14:40:24,29.94,--,0,0,卖盘
214,14:40:19,29.94,-0.03,1,5568,卖盘
215,14:39:59,29.97,0.01,8,23976,买盘
216,14:39:54,29.96,0.01,11,33375,中性盘
217,14:39:49,29.95,--,2,5990,卖盘
218,14:39:45,29.95,-0.03,14,44505,卖盘
219,14:39:30,29.98,--,0,0,买盘
220,14:39:25,29.98,0.03,12,35976,买盘
221,14:39:14,29.95,-0.01,0,2575,卖盘
222,14:39:09,29.96,-0.02,1,4494,卖盘
223,14:38:59,29.98,0.02,6,17988,买盘
224,14:38:49,29.96,0.03,3,10486,买盘
225,14:38:44,29.93,--,0,0,卖盘
226,14:38:39,29.93,--,0,2573,卖盘
227,14:38:34,29.93,-0.03,10,29930,卖盘
228,14:38:24,29.96,--,0,0,买盘
229,14:38:19,29.96,0.03,20,59920,买盘
230,14:38:14,29.93,--,0,2603,卖盘
231,14:37:59,29.93,--,4,11972,买盘
232,14:37:49,29.93,--,0,0,买盘
233,14:37:45,29.93,0.02,1,2993,买盘
234,14:37:39,29.91,--,0,2572,卖盘
235,14:37:34,29.91,--,0,0,卖盘
236,14:37:24,29.91,-0.02,45,134595,卖盘
237,14:37:14,29.93,-0.04,1,5566,中性盘
238,14:36:59,29.97,-0.01,15,44955,卖盘
239,14:36:54,29.98,--,0,0,买盘
240,14:36:49,29.98,0.01,13,41552,买盘
241,14:36:44,29.97,0.01,14,41958,买盘
242,14:36:29,29.96,-0.03,2,5992,卖盘
243,14:36:24,29.99,0.03,15,44985,买盘
244,14:36:19,29.96,-0.02,0,2576,卖盘
245,14:36:14,29.98,0.02,1,2998,买盘
246,14:36:04,29.96,0.03,20,59920,买盘
247,14:35:59,29.93,--,0,0,卖盘
248,14:35:54,29.93,--,1,2993,买盘
249,14:35:44,29.93,0.03,5,17538,买盘
250,14:35:39,29.9,0.01,7,20930,买盘
251,14:35:24,29.89,0.01,62,187888,买盘
252,14:35:19,29.88,--,2,5976,买盘
253,14:35:14,29.88,--,26,78106,卖盘
254,14:35:09,29.88,0.01,0,2569,卖盘
255,14:35:04,29.87,-0.01,1,2987,卖盘
256,14:34:54,29.88,0.01,7,20916,买盘
257,14:34:48,29.87,--,9,26883,卖盘
258,14:34:44,29.87,--,0,2568,卖盘
259,14:34:39,29.87,-0.01,1,2987,卖盘
260,14:34:29,29.88,0.01,9,26892,买盘
261,14:34:09,29.87,-0.01,14,44386,卖盘
262,14:34:03,29.88,0.01,5,14940,买盘
263,14:33:48,29.87,--,1,5585,买盘
264,14:33:33,29.87,0.01,3,8961,买盘
265,14:33:23,29.86,--,1,5553,卖盘
266,14:33:18,29.86,--,0,0,卖盘
267,14:33:13,29.86,-0.01,13,38818,卖盘
268,14:33:08,29.87,0.01,3,8961,买盘
269,14:32:53,29.86,-0.01,5,14930,卖盘
270,14:32:48,29.87,0.01,5,14935,买盘
271,14:32:38,29.86,-0.01,0,2567,卖盘
272,14:32:28,29.87,--,4,11948,买盘
273,14:32:23,29.87,--,1,2987,卖盘
274,14:32:18,29.87,--,0,2568,卖盘
275,14:31:53,29.87,-0.01,3,8961,中性盘
276,14:31:48,29.88,0.02,2,5976,买盘
277,14:31:43,29.86,-0.01,9,26874,卖盘
278,14:31:38,29.87,0.01,4,14516,中性盘
279,14:31:28,29.86,--,0,0,卖盘
280,14:31:18,29.86,-0.02,5,14930,卖盘
281,14:31:13,29.88,--,7,23485,卖盘
282,14:31:08,29.88,0.01,12,35856,买盘
283,14:31:03,29.87,-0.01,2,5974,卖盘
284,14:30:58,29.88,--,4,11952,买盘
285,14:30:53,29.88,0.01,1,2988,买盘
286,14:30:48,29.87,--,3,8961,卖盘
287,14:30:43,29.87,-0.01,0,2568,卖盘
288,14:30:38,29.88,0.01,1,2988,买盘
289,14:30:23,29.87,--,60,179220,买盘
290,14:30:18,29.87,0.01,11,32857,买盘
291,14:30:13,29.86,--,3,8958,卖盘
292,14:30:08,29.86,--,1,5553,卖盘
293,14:30:03,29.86,-0.01,20,59720,卖盘
294,14:29:58,29.87,0.01,10,29870,买盘
295,14:29:53,29.86,-0.01,4,11944,卖盘
296,14:29:48,29.87,0.02,4,11948,买盘
297,14:29:38,29.85,-0.01,1,5581,卖盘
298,14:29:28,29.86,0.01,3,8958,卖盘
299,14:29:08,29.85,-0.02,26,80177,卖盘
300,14:29:03,29.87,--,40,119480,买盘
301,14:28:58,29.87,0.02,2,5974,买盘
302,14:28:43,29.85,--,2,8537,卖盘
303,14:28:38,29.85,-0.01,20,59700,卖盘
304,14:28:33,29.86,0.01,1,2986,中性盘
305,14:28:23,29.85,-0.02,1,2985,卖盘
306,14:28:18,29.87,0.01,19,56753,买盘
307,14:28:08,29.86,0.01,6,20483,中性盘
308,14:28:03,29.85,-0.03,14,41790,卖盘
309,14:27:53,29.88,0.01,14,41832,买盘
310,14:27:48,29.87,--,1,2987,买盘
311,14:27:42,29.87,--,3,9379,卖盘
312,14:27:38,29.87,-0.01,0,2568,卖盘
313,14:27:28,29.88,--,8,24322,卖盘
314,14:27:23,29.88,--,7,20916,卖盘
315,14:27:18,29.88,--,0,2569,卖盘
316,14:27:13,29.88,-0.02,42,125496,卖盘
317,14:27:03,29.9,--,25,74750,卖盘
318,14:26:57,29.9,--,2,5980,卖盘
319,14:26:53,29.9,--,3,8970,卖盘
320,14:26:48,29.9,--,2,5980,卖盘
321,14:26:42,29.9,--,4,14531,卖盘
322,14:26:38,29.9,--,10,29900,卖盘
323,14:26:33,29.9,--,2,5980,卖盘
324,14:26:12,29.9,--,0,2571,卖盘
325,14:26:08,29.9,-0.05,4,11960,卖盘
326,14:25:57,29.95,--,1,2995,买盘
327,14:25:52,29.95,0.05,3,8985,买盘
328,14:25:47,29.9,-0.03,35,104650,卖盘
329,14:25:42,29.93,-0.02,0,2603,卖盘
330,14:25:37,29.95,--,31,94462,卖盘
331,14:25:27,29.95,--,38,113810,卖盘
332,14:25:22,29.95,--,5,14975,卖盘
333,14:25:17,29.95,-0.01,302,907065,卖盘
334,14:25:07,29.96,0.01,10,29960,买盘
335,14:25:02,29.95,-0.01,70,209650,卖盘
336,14:24:57,29.96,0.01,90,271138,买盘
337,14:24:52,29.95,--,2,5990,卖盘
338,14:24:47,29.95,-0.01,1,2995,卖盘
339,14:24:42,29.96,0.01,11,32956,买盘
340,14:24:37,29.95,-0.01,0,2575,卖盘
341,14:24:32,29.96,-0.02,1,2996,卖盘
342,14:24:27,29.98,0.02,9,26982,买盘
343,14:24:12,29.96,0.01,7,22320,买盘
344,14:24:07,29.95,--,13,38935,卖盘
345,14:24:02,29.95,-0.01,7,23540,卖盘
346,14:23:52,29.96,-0.01,49,148451,卖盘
347,14:23:42,29.97,--,3,8991,卖盘
348,14:23:32,29.97,-0.02,0,2577,卖盘
349,14:23:27,29.99,-0.01,8,23992,卖盘
350,14:23:17,30.0,--,14,42000,买盘
351,14:23:07,30.0,--,2,6840,卖盘
352,14:23:02,30.0,--,36,110580,卖盘
353,14:22:47,30.0,0.03,53,161580,买盘
354,14:22:42,29.97,-0.01,16,47952,卖盘
355,14:22:37,29.98,-0.01,0,2578,卖盘
356,14:22:27,29.99,-0.01,50,150369,卖盘
357,14:22:22,30.0,0.01,1,3000,买盘
358,14:22:17,29.99,-0.01,11,32989,卖盘
359,14:22:12,30.0,0.01,30,90000,买盘
360,14:22:02,29.99,--,18,56561,卖盘
361,14:21:57,29.99,--,1,2999,卖盘
362,14:21:47,29.99,0.01,11,32989,买盘
363,14:21:37,29.98,--,9,26982,卖盘
364,14:21:32,29.98,0.01,8,26592,买盘
365,14:21:17,29.97,--,1,2997,卖盘
366,14:21:02,29.97,--,2,8571,买盘
367,14:20:51,29.97,0.01,9,26973,买盘
368,14:20:42,29.96,--,2,5992,买盘
369,14:20:36,29.96,--,3,8988,中性盘
370,14:20:32,29.96,--,0,2576,卖盘
371,14:20:27,29.96,--,2,5992,卖盘
372,14:20:12,29.96,--,4,11984,卖盘
373,14:20:06,29.96,0.01,8,23968,买盘
374,14:20:02,29.95,-0.01,3,11081,卖盘
375,14:19:57,29.96,--,16,47936,买盘
376,14:19:47,29.96,--,5,14980,买盘
377,14:19:42,29.96,--,1,2996,买盘
378,14:19:36,29.96,0.01,20,62496,买盘
379,14:19:32,29.95,-0.01,12,35940,卖盘
380,14:19:27,29.96,-0.01,29,86884,卖盘
381,14:19:21,29.97,0.01,8,23976,买盘
382,14:19:06,29.96,--,12,35952,卖盘
383,14:18:51,29.96,--,16,47936,买盘
384,14:18:42,29.96,0.01,4,11984,买盘
385,14:18:36,29.95,--,0,0,卖盘
386,14:18:27,29.95,-0.01,51,152745,卖盘
387,14:18:21,29.96,0.01,0,1108,买盘
388,14:18:16,29.95,--,30,89850,卖盘
389,14:18:11,29.95,--,62,185690,卖盘
390,14:18:06,29.95,--,5,14975,卖盘
391,14:17:56,29.95,--,29,86855,卖盘
392,14:17:51,29.95,--,65,194675,卖盘
393,14:17:41,29.95,--,5,14975,卖盘
394,14:17:36,29.95,--,2,5990,卖盘
395,14:17:31,29.95,--,16,47920,卖盘
396,14:17:26,29.95,--,6,17970,卖盘
397,14:17:16,29.95,--,22,65890,卖盘
398,14:17:01,29.95,-0.01,1,2995,卖盘
399,14:16:46,29.96,-0.01,120,361407,卖盘
400,14:16:36,29.97,--,10,29970,卖盘
401,14:16:31,29.97,--,2,5994,卖盘
402,14:16:26,29.97,--,24,71928,卖盘
403,14:16:16,29.97,--,50,149850,卖盘
404,14:16:11,29.97,--,37,110889,卖盘
405,14:16:06,29.97,--,126,377622,卖盘
406,14:16:01,29.97,--,6,17982,卖盘
407,14:15:56,29.97,--,18,53946,卖盘
408,14:15:51,29.97,--,6,17982,卖盘
409,14:15:36,29.97,--,2,5994,卖盘
410,14:15:31,29.97,--,13,38961,卖盘
411,14:15:21,29.97,--,4,11988,卖盘
412,14:15:16,29.97,--,12,35964,卖盘
413,14:15:11,29.97,-0.01,3,8991,卖盘
414,14:15:06,29.98,--,53,158894,买盘
415,14:15:01,29.98,--,1,2998,买盘
416,14:14:56,29.98,--,19,56962,买盘
417,14:14:51,29.98,--,6,17988,买盘
418,14:14:46,29.98,--,0,0,中性盘
419,14:14:41,29.98,--,8,23984,卖盘
420,14:14:31,29.98,-0.01,50,149900,卖盘
421,14:14:26,29.99,--,6,17994,卖盘
422,14:14:21,29.99,-0.01,2,5998,卖盘
423,14:14:11,30.0,0.01,12,36000,买盘
424,14:14:06,29.99,0.01,2,5998,卖盘
425,14:13:56,29.98,--,39,116922,卖盘
426,14:13:51,29.98,--,0,0,卖盘
427,14:13:45,29.98,--,10,29980,卖盘
428,14:13:41,29.98,-0.01,4,11992,卖盘
429,14:13:36,29.99,--,13,38987,买盘
430,14:13:21,29.99,--,12,35988,卖盘
431,14:13:15,29.99,-0.01,2,5998,卖盘
432,14:13:06,30.0,--,1,3000,买盘
433,14:12:56,30.0,--,1,3000,买盘
434,14:12:51,30.0,0.01,13,39000,买盘
435,14:12:30,29.99,-0.01,5,14995,卖盘
436,14:12:20,30.0,--,11,33000,买盘
437,14:12:15,30.0,--,32,96000,卖盘
438,14:12:11,30.0,--,7,21000,卖盘
439,14:12:06,30.0,--,27,81000,卖盘
440,14:12:00,30.0,-0.03,10,30000,卖盘
441,14:11:56,30.03,-0.01,2,6006,买盘
442,14:11:51,30.04,--,0,0,买盘
443,14:11:45,30.04,--,1,3004,买盘
444,14:11:36,30.04,--,12,36048,买盘
445,14:11:26,30.04,0.06,5,15020,买盘
446,14:11:21,29.98,0.01,4,11992,卖盘
447,14:11:15,29.97,-0.07,7,20979,卖盘
448,14:11:11,30.04,0.06,9,27036,买盘
449,14:11:00,29.98,--,7,20986,卖盘
450,14:10:55,29.98,-0.01,36,107928,卖盘
451,14:10:51,29.99,--,82,245918,买盘
452,14:10:45,29.99,0.01,82,247837,买盘
453,14:10:40,29.98,--,8,23984,卖盘
454,14:10:35,29.98,-0.01,10,29980,卖盘
455,14:10:25,29.99,--,9,26991,卖盘
456,14:10:20,29.99,-0.01,2,5998,卖盘
457,14:10:05,30.0,--,1,3000,买盘
458,14:10:00,30.0,--,1,3000,买盘
459,14:09:50,30.0,--,48,144000,卖盘
460,14:09:45,30.0,-0.01,7,21000,卖盘
461,14:09:30,30.01,-0.03,7,21487,卖盘
462,14:09:15,30.04,--,17,53591,买盘
463,14:09:05,30.04,--,13,39052,买盘
464,14:09:00,30.04,--,1,3004,卖盘
465,14:08:55,30.04,--,6,18024,卖盘
466,14:08:50,30.04,--,10,30040,卖盘
467,14:08:40,30.04,0.04,8,24032,买盘
468,14:08:35,30.0,--,6,18000,卖盘
469,14:08:30,30.0,--,0,0,卖盘
470,14:08:15,30.0,0.03,2,6000,买盘
471,14:08:05,29.97,--,20,59940,卖盘
472,14:08:00,29.97,--,17,53136,买盘
473,14:07:50,29.97,-0.08,166,498311,卖盘
474,14:07:45,30.05,--,41,123205,买盘
475,14:07:35,30.05,--,8,24040,买盘
476,14:07:30,30.05,-0.02,14,42070,卖盘
477,14:07:20,30.07,0.02,1,3007,买盘
478,14:07:15,30.05,-0.02,4,12020,卖盘
479,14:07:00,30.07,-0.05,17,51119,卖盘
480,14:06:54,30.12,0.01,12,36144,买盘
481,14:06:50,30.11,--,12,36132,卖盘
482,14:06:45,30.11,-0.01,7,21077,卖盘
483,14:06:39,30.12,--,14,42168,买盘
484,14:06:30,30.12,--,2,6024,买盘
485,14:06:24,30.12,0.02,3,9036,买盘
486,14:06:20,30.1,-0.01,5,15050,卖盘
487,14:06:15,30.11,--,6,18066,卖盘
488,14:06:09,30.11,--,7,21077,卖盘
489,14:06:00,30.11,0.01,8,24088,买盘
490,14:05:54,30.1,-0.01,2,6020,卖盘
491,14:05:45,30.11,--,3,9033,卖盘
492,14:05:39,30.11,0.01,2,6022,中性盘
493,14:05:35,30.1,-0.04,1,3010,卖盘
494,14:05:24,30.14,0.04,7,21098,买盘
495,14:05:20,30.1,-0.03,34,102340,卖盘
496,14:05:15,30.13,-0.01,7,21091,卖盘
497,14:05:09,30.14,0.01,10,30140,卖盘
498,14:05:00,30.13,-0.02,13,39169,卖盘
499,14:04:54,30.15,--,12,36180,买盘
500,14:04:50,30.15,0.02,53,159795,买盘
501,14:04:39,30.13,--,2,6026,买盘
502,14:04:35,30.13,--,10,30130,买盘
503,14:04:30,30.13,--,4,12052,买盘
504,14:04:24,30.13,--,0,0,买盘
505,14:04:20,30.13,-0.01,1,3013,卖盘
506,14:04:15,30.14,0.04,11,33154,买盘
507,14:04:09,30.1,0.01,1,3010,卖盘
508,14:03:54,30.09,--,0,0,卖盘
509,14:03:50,30.09,--,5,15045,卖盘
510,14:03:39,30.09,--,309,929781,卖盘
511,14:03:35,30.09,--,5,15045,卖盘
512,14:03:29,30.09,-0.01,60,180540,卖盘
513,14:03:24,30.1,0.01,37,111370,买盘
514,14:03:20,30.09,-0.01,2,6018,卖盘
515,14:03:14,30.1,0.01,20,60200,买盘
516,14:02:59,30.09,0.05,266,801477,买盘
517,14:02:54,30.04,-0.05,10,30040,卖盘
518,14:02:49,30.09,0.05,43,129387,买盘
519,14:02:39,30.04,--,2,6008,买盘
520,14:02:29,30.04,--,6,18024,买盘
521,14:02:24,30.04,--,1,3004,买盘
522,14:02:14,30.04,-0.02,12,36048,卖盘
523,14:02:09,30.06,0.02,2,6012,买盘
524,14:01:54,30.04,0.07,2,6008,中性盘
525,14:01:44,29.97,--,14,44145,卖盘
526,14:01:39,29.97,--,9,26973,卖盘
527,14:01:19,29.97,--,15,44955,买盘
528,14:01:14,29.97,--,5,14985,买盘
529,14:01:09,29.97,-0.03,5,14985,买盘
530,14:00:59,30.0,-0.05,6,18000,卖盘
531,14:00:53,30.05,--,18,54090,买盘
532,14:00:38,30.05,--,0,0,买盘
533,14:00:33,30.05,0.09,400,1202000,买盘
534,14:00:29,29.96,--,2,5992,买盘
535,14:00:24,29.96,--,3,8988,买盘
536,14:00:14,29.96,--,1,2996,买盘
537,14:00:08,29.96,-0.03,5,14980,卖盘
538,14:00:03,29.99,0.02,21,62979,买盘
539,13:59:53,29.97,-0.02,8,23976,卖盘
540,13:59:48,29.99,-0.01,2,5998,买盘
541,13:59:18,30.0,--,0,0,买盘
542,13:59:14,30.0,0.01,42,126000,买盘
543,13:59:08,29.99,--,1,2999,买盘
544,13:59:03,29.99,--,2,6957,卖盘
545,13:58:59,29.99,--,15,44985,卖盘
546,13:58:53,29.99,--,8,23992,卖盘
547,13:58:48,29.99,-0.01,1,2999,卖盘
548,13:58:44,30.0,--,2,6000,买盘
549,13:58:38,30.0,0.01,30,90000,买盘
550,13:58:33,29.99,-0.01,14,41986,卖盘
551,13:58:29,30.0,--,11,33000,买盘
552,13:58:23,30.0,0.01,10,30000,买盘
553,13:58:18,29.99,--,6,17994,卖盘
554,13:58:14,29.99,--,8,23992,卖盘
555,13:58:08,29.99,-0.01,5,14995,卖盘
556,13:58:03,30.0,0.01,9,27000,买盘
557,13:57:58,29.99,--,1,2999,卖盘
558,13:57:53,29.99,--,1,2999,卖盘
559,13:57:48,29.99,-0.01,29,86971,卖盘
560,13:57:23,30.0,--,49,149040,卖盘
561,13:57:18,30.0,-0.01,17,51000,卖盘
562,13:57:08,30.01,--,13,40063,卖盘
563,13:56:58,30.01,--,12,36012,卖盘
564,13:56:53,30.01,--,26,78026,卖盘
565,13:56:48,30.01,--,18,54018,卖盘
566,13:56:43,30.01,-0.03,9,27009,卖盘
567,13:56:38,30.04,-0.01,15,45060,卖盘
568,13:56:33,30.05,--,8,24851,卖盘
569,13:56:28,30.05,--,3,9015,卖盘
570,13:56:23,30.05,--,20,60100,卖盘
571,13:56:18,30.05,--,14,42070,卖盘
572,13:56:13,30.05,--,18,54090,卖盘
573,13:56:08,30.05,--,0,0,卖盘
574,13:56:03,30.05,--,0,0,卖盘
575,13:55:58,30.05,-0.03,10,30050,卖盘
576,13:55:53,30.08,--,6,18048,买盘
577,13:55:48,30.08,-0.01,7,21056,买盘
578,13:55:43,30.09,--,0,0,买盘
579,13:55:38,30.09,0.04,20,60180,买盘
580,13:55:33,30.05,--,0,0,卖盘
581,13:55:28,30.05,--,8,24040,卖盘
582,13:55:23,30.05,-0.04,13,40958,卖盘
583,13:55:18,30.09,--,0,0,买盘
584,13:55:13,30.09,--,5,15045,卖盘
585,13:55:08,30.09,--,6,18054,买盘
586,13:55:03,30.09,0.04,74,222666,买盘
587,13:54:58,30.05,--,3,9015,卖盘
588,13:54:53,30.05,-0.05,117,353838,卖盘
589,13:54:47,30.1,0.01,210,632100,买盘
590,13:54:43,30.09,--,15,45135,买盘
591,13:54:38,30.09,--,0,0,买盘
592,13:54:33,30.09,0.04,6,18054,买盘
593,13:54:23,30.05,--,15,45075,卖盘
594,13:54:18,30.05,--,0,0,卖盘
595,13:54:08,30.05,--,4,13071,卖盘
596,13:54:02,30.05,0.01,280,841400,买盘
597,13:53:57,30.04,--,10,30040,买盘
598,13:53:53,30.04,0.03,21,65036,买盘
599,13:53:47,30.01,0.01,33,99033,买盘
600,13:53:42,30.0,-0.01,2,6000,卖盘
601,13:53:38,30.01,--,43,129043,买盘
602,13:53:32,30.01,0.01,5,15005,买盘
603,13:53:27,30.0,--,3,9000,卖盘
604,13:53:23,30.0,--,9,27000,卖盘
605,13:53:17,30.0,--,45,135960,买盘
606,13:53:12,30.0,0.01,30,91680,买盘
607,13:53:08,29.99,--,1,2999,卖盘
608,13:53:02,29.99,0.03,325,975034,买盘
609,13:52:57,29.96,0.01,22,65912,买盘
610,13:52:53,29.95,-0.01,4,11980,卖盘
611,13:52:47,29.96,0.01,8,23968,买盘
612,13:52:42,29.95,--,20,59900,买盘
613,13:52:38,29.95,0.01,10,29950,买盘
614,13:52:32,29.94,--,11,32934,卖盘
615,13:52:27,29.94,--,0,0,中性盘
616,13:52:17,29.94,0.04,1,2994,买盘
617,13:52:12,29.9,--,0,0,卖盘
618,13:52:02,29.9,-0.01,71,212290,卖盘
619,13:51:32,29.91,0.01,9,26919,卖盘
620,13:51:12,29.9,0.01,5,14950,买盘
621,13:51:02,29.89,-0.01,2,5978,卖盘
622,13:50:57,29.9,--,397,1187030,卖盘
623,13:50:47,29.9,--,14,41860,卖盘
624,13:50:42,29.9,--,1,2990,卖盘
625,13:50:32,29.9,--,15,44850,买盘
626,13:50:27,29.9,0.01,4,11960,买盘
627,13:50:22,29.89,-0.01,40,119560,卖盘
628,13:50:17,29.9,--,11,32890,买盘
629,13:50:12,29.9,--,4,11960,买盘
630,13:50:07,29.9,--,7,20930,买盘
631,13:50:02,29.9,--,11,32890,卖盘
632,13:49:57,29.9,--,5,14950,卖盘
633,13:49:52,29.9,--,1,2990,卖盘
634,13:49:47,29.9,-0.05,39,116610,卖盘
635,13:49:42,29.95,0.05,1,2995,买盘
636,13:49:32,29.9,-0.05,25,74750,卖盘
637,13:49:02,29.95,--,0,0,买盘
638,13:48:52,29.95,0.03,11,32945,买盘
639,13:48:47,29.92,0.01,1,2992,卖盘
640,13:48:27,29.91,--,0,0,卖盘
641,13:48:22,29.91,--,1,2991,卖盘
642,13:47:52,29.91,--,0,1495,卖盘
643,13:47:41,29.91,-0.04,4,11964,卖盘
644,13:47:26,29.95,0.04,3,8985,卖盘
645,13:47:22,29.91,--,0,0,卖盘
646,13:47:17,29.91,-0.05,14,41874,卖盘
647,13:47:06,29.96,--,6,17976,卖盘
648,13:46:56,29.96,-0.01,10,29960,卖盘
649,13:46:41,29.97,--,12,35964,买盘
650,13:46:36,29.97,--,20,59940,买盘
651,13:46:31,29.97,0.01,2,5994,买盘
652,13:46:21,29.96,-0.01,3,8988,中性盘
653,13:46:16,29.97,0.01,55,164835,买盘
654,13:46:11,29.96,--,1,2996,买盘
655,13:46:06,29.96,-0.01,15,46258,卖盘
656,13:45:56,29.97,--,2,5994,买盘
657,13:45:46,29.97,-0.01,4,11988,买盘
658,13:45:36,29.98,-0.01,62,186805,中性盘
659,13:45:26,29.99,0.02,1,2999,买盘
660,13:45:21,29.97,--,3,8991,卖盘
661,13:45:16,29.97,-0.02,17,50949,卖盘
662,13:45:06,29.99,--,30,89970,买盘
663,13:44:56,29.99,--,52,155948,买盘
664,13:44:51,29.99,0.02,9,26991,买盘
665,13:44:46,29.97,-0.02,1,2997,卖盘
666,13:44:41,29.99,0.02,13,38987,买盘
667,13:44:31,29.97,--,13,41028,卖盘
668,13:44:21,29.97,-0.01,4,11988,卖盘
669,13:44:16,29.98,0.01,10,29980,买盘
670,13:44:11,29.97,--,18,53946,卖盘
671,13:44:06,29.97,0.01,18,53946,买盘
672,13:44:01,29.96,-0.01,10,31637,卖盘
673,13:43:56,29.97,--,1,2997,买盘
674,13:43:51,29.97,--,0,0,买盘
675,13:43:41,29.97,0.01,100,299700,买盘
676,13:43:36,29.96,-0.01,22,65912,中性盘
677,13:43:31,29.97,0.02,2,5994,买盘
678,13:43:11,29.95,0.01,17,50915,买盘
679,13:43:06,29.94,--,4,11976,卖盘
680,13:42:56,29.94,--,271,811374,买盘
681,13:42:46,29.94,--,9,26946,买盘
682,13:42:41,29.94,-0.03,21,62874,卖盘
683,13:42:36,29.97,0.03,336,1006992,买盘
684,13:42:31,29.94,-0.01,4,11976,卖盘
685,13:42:26,29.95,--,1,2995,买盘
686,13:42:21,29.95,--,10,29950,买盘
687,13:42:11,29.95,0.01,6,17970,买盘
688,13:41:56,29.94,--,5,14970,卖盘
689,13:41:46,29.94,--,32,95808,买盘
690,13:41:41,29.94,--,2,5988,买盘
691,13:41:36,29.94,0.01,42,125748,买盘
692,13:41:21,29.93,0.01,3,8979,买盘
693,13:41:16,29.92,--,2,5984,卖盘
694,13:41:01,29.92,--,1,2992,卖盘
695,13:40:51,29.92,0.04,205,613479,买盘
696,13:40:41,29.88,-0.04,3,8964,卖盘
697,13:40:31,29.92,--,0,0,买盘
698,13:40:26,29.92,0.03,200,598400,买盘
699,13:40:20,29.89,--,5,14945,买盘
700,13:40:05,29.89,--,2,5978,买盘
701,13:39:56,29.89,--,3,8967,买盘
702,13:39:50,29.89,--,1,2989,买盘
703,13:39:45,29.89,-0.01,4,11956,买盘
704,13:39:35,29.9,--,0,0,买盘
705,13:39:30,29.9,-0.01,0,2870,卖盘
706,13:39:25,29.91,0.04,2,5982,买盘
707,13:39:15,29.87,-0.03,100,298700,卖盘
708,13:39:10,29.9,--,1,2990,卖盘
709,13:39:05,29.9,0.01,5,14950,买盘
710,13:39:00,29.89,-0.01,8,23912,卖盘
711,13:38:45,29.9,0.01,10,29900,买盘
712,13:38:30,29.89,--,1,2989,买盘
713,13:38:25,29.89,0.02,2,5978,买盘
714,13:38:20,29.87,-0.03,0,119,卖盘
715,13:37:55,29.9,--,0,0,买盘
716,13:37:45,29.9,--,10,29900,买盘
717,13:37:30,29.9,--,6,17940,卖盘
718,13:37:25,29.9,--,2,5980,卖盘
719,13:37:20,29.9,--,70,209300,卖盘
720,13:37:05,29.9,-0.01,3,8970,卖盘
721,13:37:00,29.91,0.01,9,26919,买盘
722,13:36:45,29.9,--,28,83720,买盘
723,13:36:25,29.9,--,0,0,买盘
724,13:36:05,29.9,-0.01,4,11960,买盘
725,13:35:50,29.91,--,0,0,中性盘
726,13:35:45,29.91,--,15,44865,买盘
727,13:35:40,29.91,--,4,11964,买盘
728,13:35:20,29.91,--,5,14955,买盘
729,13:35:15,29.91,0.06,20,59820,买盘
730,13:35:00,29.85,-0.05,75,223875,卖盘
731,13:34:55,29.9,0.04,110,330574,买盘
732,13:34:50,29.86,0.01,40,119440,买盘
733,13:34:35,29.85,--,25,77281,买盘
734,13:34:15,29.85,--,0,0,买盘
735,13:34:05,29.85,--,0,0,买盘
736,13:34:00,29.85,0.01,64,191040,买盘
737,13:33:55,29.84,--,3,8952,买盘
738,13:33:35,29.84,--,2,5968,买盘
739,13:33:29,29.84,-0.01,3,8952,卖盘
740,13:33:25,29.85,0.01,11,32835,买盘
741,13:33:05,29.84,--,8,23872,买盘
742,13:32:59,29.84,0.01,10,29840,买盘
743,13:32:50,29.83,0.02,9,26847,买盘
744,13:32:29,29.81,0.01,7,22834,买盘
745,13:32:14,29.8,-0.01,1,2980,卖盘
746,13:32:09,29.81,--,13,39766,卖盘
747,13:32:05,29.81,0.01,5,16872,买盘
748,13:31:59,29.8,--,4,11920,卖盘
749,13:31:44,29.8,--,0,208,买盘
750,13:31:39,29.8,--,0,0,买盘
751,13:31:29,29.8,-0.01,7,20860,卖盘
752,13:31:09,29.81,0.01,15,44715,买盘
753,13:30:59,29.8,--,2,5960,卖盘
754,13:30:49,29.8,0.01,5,14900,买盘
755,13:30:44,29.79,--,7,20853,卖盘
756,13:30:39,29.79,-0.01,2,5958,卖盘
757,13:30:29,29.8,--,1,2980,卖盘
758,13:30:24,29.8,0.01,2,5960,买盘
759,13:30:19,29.79,--,1,2979,卖盘
760,13:30:14,29.79,0.01,1,2979,卖盘
761,13:30:09,29.78,--,17,50626,卖盘
762,13:29:54,29.78,--,4,11912,买盘
763,13:29:44,29.78,0.02,2,5956,买盘
764,13:29:34,29.76,--,9,26784,卖盘
765,13:29:29,29.76,0.02,7,20832,中性盘
766,13:29:24,29.74,--,10,31494,卖盘
767,13:29:14,29.74,-0.01,27,80298,卖盘
768,13:29:09,29.75,0.01,11,32725,买盘
769,13:29:04,29.74,--,36,107064,卖盘
770,13:28:59,29.74,-0.01,17,50558,卖盘
771,13:28:54,29.75,--,1,2975,买盘
772,13:28:49,29.75,--,1,2975,买盘
773,13:28:44,29.75,--,7,20825,卖盘
774,13:28:39,29.75,-0.01,70,208250,卖盘
775,13:28:29,29.76,-0.02,6,17856,卖盘
776,13:28:24,29.78,0.02,1,2978,买盘
777,13:28:14,29.76,-0.02,10,29760,卖盘
778,13:28:09,29.78,--,0,0,卖盘
779,13:27:59,29.78,-0.03,49,145922,卖盘
780,13:27:54,29.81,--,703,2096656,买盘
781,13:27:44,29.81,--,3,8943,卖盘
782,13:27:29,29.81,--,15,44715,卖盘
783,13:27:19,29.81,-0.01,6,17886,卖盘
784,13:27:14,29.82,--,0,0,卖盘
785,13:27:09,29.82,-0.01,10,29820,卖盘
786,13:26:59,29.83,-0.01,2,5966,卖盘
787,13:26:44,29.84,--,5,14920,买盘
788,13:26:29,29.84,--,1,2984,卖盘
789,13:26:04,29.84,--,0,0,中性盘
790,13:25:59,29.84,--,44,131296,卖盘
791,13:25:29,29.84,-0.01,1,2984,卖盘
792,13:25:23,29.85,--,5,14925,买盘
793,13:25:19,29.85,--,1,2985,买盘
794,13:24:59,29.85,0.01,3,8955,买盘
795,13:24:53,29.84,-0.01,5,14920,卖盘
796,13:24:34,29.85,0.01,13,38805,买盘
797,13:24:29,29.84,--,1,2984,卖盘
798,13:24:23,29.84,--,5,14920,卖盘
799,13:23:53,29.84,0.01,9,26856,买盘
800,13:23:33,29.83,-0.02,3,8949,卖盘
801,13:23:18,29.85,0.01,5,14925,买盘
802,13:23:08,29.84,--,3,9280,卖盘
803,13:22:58,29.84,--,5,14920,卖盘
804,13:22:53,29.84,--,3,8952,卖盘
805,13:22:38,29.84,--,90,268560,卖盘
806,13:22:18,29.84,-0.01,5,14920,卖盘
807,13:22:08,29.85,0.01,3,8955,买盘
808,13:22:03,29.84,--,3,8952,卖盘
809,13:21:53,29.84,--,4,11936,卖盘
810,13:21:48,29.84,--,6,17904,卖盘
811,13:21:28,29.84,--,1,2984,卖盘
812,13:21:23,29.84,--,6,17904,卖盘
813,13:21:08,29.84,--,0,0,卖盘
814,13:21:03,29.84,-0.01,29,86536,卖盘
815,13:20:53,29.85,--,5,14925,卖盘
816,13:20:38,29.85,-0.01,8,23880,卖盘
817,13:20:28,29.86,--,6,20603,卖盘
818,13:20:18,29.86,-0.01,50,149300,卖盘
819,13:19:58,29.87,--,1,2987,买盘
820,13:19:53,29.87,--,17,50779,买盘
821,13:19:38,29.87,--,2,5974,卖盘
822,13:18:38,29.87,-0.01,2,5974,卖盘
823,13:18:23,29.88,0.02,1,2988,买盘
824,13:18:17,29.86,--,0,0,卖盘
825,13:18:08,29.86,-0.01,9,27172,卖盘
826,13:18:02,29.87,--,1,2987,买盘
827,13:17:53,29.87,--,3,8961,卖盘
828,13:17:38,29.87,-0.01,5,14935,卖盘
829,13:17:32,29.88,0.01,6,17928,买盘
830,13:17:28,29.87,--,1,2987,卖盘
831,13:16:32,29.87,-0.01,7,20909,卖盘
832,13:16:28,29.88,0.01,3,8964,买盘
833,13:16:12,29.87,-0.01,2,5974,买盘
834,13:16:02,29.88,--,0,0,买盘
835,13:15:57,29.88,0.01,2,5976,买盘
836,13:15:53,29.87,--,2,5974,卖盘
837,13:15:42,29.87,--,5,14935,卖盘
838,13:15:27,29.87,0.01,30,89610,卖盘
839,13:15:12,29.86,--,0,0,卖盘
840,13:15:02,29.86,-0.02,1,2986,卖盘
841,13:14:57,29.88,--,2,5976,买盘
842,13:14:52,29.88,0.01,3,8964,买盘
843,13:14:47,29.87,-0.01,16,47792,卖盘
844,13:14:27,29.88,0.01,40,119520,买盘
845,13:14:22,29.87,--,10,29870,卖盘
846,13:14:17,29.87,-0.01,7,20909,卖盘
847,13:13:57,29.88,--,17,50796,买盘
848,13:13:52,29.88,--,7,20916,买盘
849,13:13:47,29.88,--,1,2988,买盘
850,13:13:42,29.88,--,32,95616,买盘
851,13:13:32,29.88,--,10,29880,买盘
852,13:13:12,29.88,0.01,3,8964,买盘
853,13:13:07,29.87,-0.01,50,149350,卖盘
854,13:12:37,29.88,--,1,2988,买盘
855,13:12:12,29.88,--,1,2988,买盘
856,13:12:07,29.88,-0.02,42,127109,卖盘
857,13:12:02,29.9,0.02,14,43235,买盘
858,13:11:47,29.88,--,9,26892,卖盘
859,13:11:32,29.88,0.01,18,53784,买盘
860,13:11:17,29.87,--,6,17922,卖盘
861,13:11:07,29.87,0.01,2,5974,买盘
862,13:11:02,29.86,-0.01,2,5972,卖盘
863,13:10:26,29.87,-0.01,2,5974,卖盘
864,13:09:56,29.88,--,10,29880,买盘
865,13:09:52,29.88,--,18,53784,买盘
866,13:09:46,29.88,0.01,10,29880,买盘
867,13:09:37,29.87,--,4,11948,卖盘
868,13:09:31,29.87,-0.01,1,2987,卖盘
869,13:09:16,29.88,--,3,8964,买盘
870,13:09:11,29.88,0.02,3,8964,买盘
871,13:08:51,29.86,--,0,0,卖盘
872,13:08:46,29.86,-0.02,9,26874,卖盘
873,13:08:41,29.88,0.02,5,14940,买盘
874,13:08:06,29.86,-0.02,8,23888,卖盘
875,13:07:41,29.88,--,9,26892,买盘
876,13:07:26,29.88,--,5,14940,买盘
877,13:07:06,29.88,0.02,5,14940,买盘
878,13:07:01,29.86,-0.02,2,5972,卖盘
879,13:06:56,29.88,--,1,2988,买盘
880,13:06:46,29.88,--,0,0,中性盘
881,13:06:41,29.88,-0.02,11,32868,卖盘
882,13:06:26,29.9,0.02,10,29900,买盘
883,13:06:16,29.88,0.01,20,59760,买盘
884,13:06:01,29.87,0.01,3,8961,卖盘
885,13:05:36,29.86,--,0,0,卖盘
886,13:05:21,29.86,--,0,0,卖盘
887,13:04:56,29.86,--,0,0,卖盘
888,13:04:26,29.86,--,1,2986,卖盘
889,13:04:20,29.86,-0.07,3,8958,卖盘
890,13:04:05,29.93,0.07,4,11972,买盘
891,13:03:50,29.86,-0.01,11,32846,卖盘
892,13:03:46,29.87,0.01,8,23896,买盘
893,13:03:41,29.86,-0.01,2,5972,卖盘
894,13:03:20,29.87,-0.06,1,2987,卖盘
895,13:03:16,29.93,-0.01,2,5986,买盘
896,13:03:10,29.94,--,0,0,买盘
897,13:02:46,29.94,--,1,2994,买盘
898,13:02:30,29.94,--,0,0,买盘
899,13:02:05,29.94,0.08,2,5988,买盘
900,13:01:30,29.86,--,0,0,卖盘
901,13:01:15,29.86,-0.1,2,5972,卖盘
902,13:01:05,29.96,--,0,0,买盘
903,13:01:00,29.96,0.01,32,95872,买盘
904,13:00:50,29.95,--,17,50915,买盘
905,13:00:35,29.95,--,0,0,买盘
906,13:00:30,29.95,--,2,5990,卖盘
907,13:00:05,29.95,0.11,179,538770,买盘
908,11:30:00,29.84,--,0,0,卖盘
909,11:29:59,29.84,--,0,0,卖盘
910,11:29:59,29.84,-0.01,10,29840,卖盘
911,11:29:46,29.85,--,1,2985,买盘
912,11:29:36,29.85,--,10,29850,买盘
913,11:29:31,29.85,0.01,10,29850,买盘
914,11:29:26,29.84,--,12,35808,卖盘
915,11:29:20,29.84,-0.01,7,20888,卖盘
916,11:29:16,29.85,--,221,659685,买盘
917,11:29:11,29.85,--,5,14925,买盘
918,11:29:06,29.85,--,1,2985,买盘
919,11:28:56,29.85,-0.05,108,322708,卖盘
920,11:28:51,29.9,--,1,2990,买盘
921,11:28:41,29.9,--,5,14950,买盘
922,11:28:26,29.9,0.01,1,2990,买盘
923,11:28:20,29.89,--,8,23912,卖盘
924,11:27:50,29.89,0.04,2,5978,买盘
925,11:27:41,29.85,--,9,26865,卖盘
926,11:27:36,29.85,--,0,0,卖盘
927,11:27:26,29.85,--,0,0,卖盘
928,11:27:11,29.85,--,10,29850,卖盘
929,11:27:06,29.85,-0.01,7,20895,卖盘
930,11:27:01,29.86,0.01,2,5972,买盘
931,11:26:56,29.85,--,2,5970,卖盘
932,11:26:26,29.85,-0.01,27,80595,卖盘
933,11:26:20,29.86,--,2,5972,买盘
934,11:26:16,29.86,0.01,15,44790,买盘
935,11:25:41,29.85,-0.01,4,11940,卖盘
936,11:25:35,29.86,0.01,6,17916,买盘
937,11:25:31,29.85,-0.02,3,8955,卖盘
938,11:25:20,29.87,--,3,8961,卖盘
939,11:25:16,29.87,0.01,9,26883,买盘
940,11:24:55,29.86,-0.02,3,8958,卖盘
941,11:24:50,29.88,--,0,0,买盘
942,11:24:46,29.88,--,6,17928,买盘
943,11:24:31,29.88,-0.01,11,32868,卖盘
944,11:24:11,29.89,--,3,8967,买盘
945,11:24:01,29.89,-0.01,16,47824,卖盘
946,11:23:55,29.9,0.01,6,17940,中性盘
947,11:23:35,29.89,--,1,2989,卖盘
948,11:23:15,29.89,0.01,33,98637,买盘
949,11:22:55,29.88,-0.01,1,2988,卖盘
950,11:22:50,29.89,--,9,26901,买盘
951,11:22:45,29.89,--,1,2989,买盘
952,11:22:40,29.89,-0.02,1,2989,买盘
953,11:22:35,29.91,0.02,15,44865,买盘
954,11:22:29,29.89,--,3,8967,卖盘
955,11:22:15,29.89,--,4,11956,卖盘
956,11:21:50,29.89,--,3,8967,卖盘
957,11:21:35,29.89,-0.02,3,8967,卖盘
958,11:21:29,29.91,0.01,7,20937,买盘
959,11:21:25,29.9,--,3,8970,卖盘
960,11:21:05,29.9,--,26,77740,卖盘
961,11:21:00,29.9,0.01,2,5980,卖盘
962,11:20:45,29.89,-0.03,7,20923,卖盘
963,11:20:30,29.92,0.01,11,32912,买盘
964,11:20:14,29.91,-0.01,2,5982,卖盘
965,11:19:59,29.92,--,4,11968,卖盘
966,11:19:55,29.92,--,15,44880,卖盘
967,11:19:50,29.92,--,1,2992,卖盘
968,11:19:45,29.92,--,2,5984,卖盘
969,11:19:40,29.92,0.01,10,29920,买盘
970,11:19:29,29.91,--,7,20937,买盘
971,11:19:15,29.91,0.02,2,5982,买盘
972,11:19:05,29.89,--,6,17934,卖盘
973,11:19:00,29.89,--,3,8967,卖盘
974,11:18:49,29.89,0.01,2,5978,买盘
975,11:18:35,29.88,--,2,5976,卖盘
976,11:18:10,29.88,0.02,6,17928,卖盘
977,11:18:04,29.86,--,0,0,卖盘
978,11:17:50,29.86,-0.06,6,17916,卖盘
979,11:17:39,29.92,0.06,2,5984,买盘
980,11:17:34,29.86,--,7,20902,卖盘
981,11:17:29,29.86,--,0,0,卖盘
982,11:17:19,29.86,--,0,0,卖盘
983,11:17:14,29.86,-0.02,38,113468,卖盘
984,11:17:10,29.88,--,0,0,卖盘
985,11:17:04,29.88,-0.03,15,44820,卖盘
986,11:16:59,29.91,--,0,0,卖盘
987,11:16:55,29.91,-0.05,181,541371,卖盘
988,11:16:49,29.96,0.05,2,5992,买盘
989,11:16:34,29.91,--,4,14386,卖盘
990,11:16:29,29.91,0.02,114,341213,买盘
991,11:15:49,29.89,-0.01,4,11956,买盘
992,11:15:44,29.9,--,0,0,买盘
993,11:15:34,29.9,0.04,5,14950,买盘
994,11:15:23,29.86,-0.02,20,59720,卖盘
995,11:15:19,29.88,0.01,2,5976,中性盘
996,11:15:14,29.87,--,5,14935,卖盘
997,11:14:59,29.87,--,18,53766,卖盘
998,11:14:53,29.87,--,13,38831,卖盘
999,11:14:49,29.87,--,2,5974,卖盘
1000,11:14:44,29.87,--,2,5974,卖盘
1001,11:14:28,29.87,--,6,17922,卖盘
1002,11:14:23,29.87,--,3,8961,卖盘
1003,11:14:13,29.87,--,200,597400,卖盘
1004,11:13:59,29.87,--,8,25747,卖盘
1005,11:13:53,29.87,--,12,35844,卖盘
1006,11:13:38,29.87,--,0,0,卖盘
1007,11:13:29,29.87,--,2,5974,卖盘
1008,11:13:23,29.87,--,4,11948,卖盘
1009,11:13:08,29.87,-0.02,5,14935,卖盘
1010,11:12:53,29.89,0.02,1,2989,卖盘
1011,11:12:43,29.87,--,0,0,卖盘
1012,11:12:38,29.87,-0.02,38,115805,卖盘
1013,11:12:34,29.89,0.02,29,86681,买盘
1014,11:12:13,29.87,-0.02,31,92597,卖盘
1015,11:12:08,29.89,--,0,0,买盘
1016,11:12:04,29.89,0.02,63,188307,买盘
1017,11:11:58,29.87,--,1,2987,买盘
1018,11:11:53,29.87,--,1,2987,买盘
1019,11:11:48,29.87,--,11,32857,卖盘
1020,11:11:38,29.87,--,5,14935,卖盘
1021,11:11:28,29.87,-0.02,4,11948,卖盘
1022,11:11:23,29.89,0.02,8,23912,中性盘
1023,11:11:13,29.87,-0.02,17,50779,卖盘
1024,11:11:08,29.89,--,1,2989,卖盘
1025,11:10:58,29.89,-0.01,1,2989,卖盘
1026,11:10:53,29.9,--,20,59800,买盘
1027,11:10:33,29.9,--,0,0,买盘
1028,11:09:58,29.9,--,0,0,买盘
1029,11:09:53,29.9,0.05,2,5980,买盘
1030,11:09:47,29.85,-0.02,8,23880,卖盘
1031,11:09:28,29.87,0.01,99,295713,买盘
1032,11:09:13,29.86,--,0,0,中性盘
1033,11:09:08,29.86,--,1,2986,卖盘
1034,11:08:58,29.86,0.01,3,8958,卖盘
1035,11:08:43,29.85,--,3,8955,卖盘
1036,11:08:38,29.85,--,1,2985,卖盘
1037,11:08:28,29.85,--,2,5970,买盘
1038,11:08:23,29.85,--,35,104475,买盘
1039,11:08:02,29.85,--,2,5970,买盘
1040,11:07:53,29.85,--,9,26865,卖盘
1041,11:07:38,29.85,--,5,14925,卖盘
1042,11:07:32,29.85,--,25,74625,买盘
1043,11:07:17,29.85,-0.05,2,7969,卖盘
1044,11:07:13,29.9,0.05,2,5980,买盘
1045,11:07:02,29.85,-0.05,34,101490,卖盘
1046,11:06:53,29.9,0.05,11,32890,买盘
1047,11:06:47,29.85,-0.05,3,10775,卖盘
1048,11:06:37,29.9,0.05,15,44850,买盘
1049,11:06:32,29.85,--,10,29850,卖盘
1050,11:06:22,29.85,--,25,74625,卖盘
1051,11:06:17,29.85,-0.05,5,14925,卖盘
1052,11:06:07,29.9,0.05,5,14950,买盘
1053,11:06:02,29.85,--,4,11940,卖盘
1054,11:05:52,29.85,--,1,2985,卖盘
1055,11:05:47,29.85,--,12,37969,卖盘
1056,11:05:37,29.85,--,2,5970,卖盘
1057,11:05:27,29.85,-0.06,2,5970,卖盘
1058,11:05:17,29.91,--,31,92721,卖盘
1059,11:05:07,29.91,0.03,269,804579,买盘
1060,11:05:02,29.88,--,3,8964,卖盘
1061,11:04:58,29.88,--,6,17928,卖盘
1062,11:04:47,29.88,--,21,62748,卖盘
1063,11:04:43,29.88,--,2,5976,卖盘
1064,11:04:37,29.88,0.06,188,561744,买盘
1065,11:04:17,29.82,--,0,0,卖盘
1066,11:04:02,29.82,--,0,0,卖盘
1067,11:03:57,29.82,-0.05,8,23856,卖盘
1068,11:03:52,29.87,0.05,3,8961,买盘
1069,11:03:47,29.82,--,0,0,卖盘
1070,11:03:32,29.82,0.02,3,10854,买盘
1071,11:03:26,29.8,--,1,2980,卖盘
1072,11:03:22,29.8,--,3,8940,卖盘
1073,11:03:17,29.8,--,0,0,卖盘
1074,11:03:11,29.8,-0.02,60,178800,卖盘
1075,11:03:07,29.82,0.02,10,29820,买盘
1076,11:03:02,29.8,--,5,14900,卖盘
1077,11:02:52,29.8,0.04,62,186726,买盘
1078,11:02:47,29.76,--,20,59520,买盘
1079,11:02:41,29.76,0.01,5,14880,买盘
1080,11:02:37,29.75,-0.01,20,59500,卖盘
1081,11:02:32,29.76,0.01,1,2976,买盘
1082,11:02:22,29.75,-0.01,25,74375,卖盘
1083,11:02:17,29.76,--,4,11904,卖盘
1084,11:02:02,29.76,0.01,11,32736,买盘
1085,11:01:56,29.75,--,3,8925,卖盘
1086,11:01:52,29.75,--,0,0,卖盘
1087,11:01:47,29.75,-0.02,12,36711,卖盘
1088,11:01:41,29.77,--,0,0,卖盘
1089,11:01:37,29.77,-0.04,311,925847,卖盘
1090,11:01:22,29.81,--,3,8943,卖盘
1091,11:01:17,29.81,-0.03,78,232518,卖盘
1092,11:01:07,29.84,--,0,0,中性盘
1093,11:01:02,29.84,0.02,10,29840,中性盘
1094,11:00:56,29.82,-0.01,23,68854,卖盘
1095,11:00:52,29.83,--,0,0,卖盘
1096,11:00:47,29.83,--,7,20881,卖盘
1097,11:00:41,29.83,--,12,35796,卖盘
1098,11:00:37,29.83,-0.01,9,26847,卖盘
1099,11:00:32,29.84,--,2,5968,卖盘
1100,11:00:26,29.84,0.01,5,17545,买盘
1101,11:00:22,29.83,-0.01,1,2983,卖盘
1102,11:00:17,29.84,-0.06,3,9310,卖盘
1103,11:00:11,29.9,0.05,226,678371,买盘
1104,11:00:07,29.85,0.01,1,2985,卖盘
1105,11:00:02,29.84,--,0,0,卖盘
1106,10:59:56,29.84,-0.01,7,20888,卖盘
1107,10:59:36,29.85,--,11,32835,卖盘
1108,10:59:21,29.85,0.02,1,2985,卖盘
1109,10:59:16,29.83,--,0,0,卖盘
1110,10:59:11,29.83,-0.07,42,125286,卖盘
1111,10:59:01,29.9,0.07,1,2990,买盘
1112,10:58:56,29.83,-0.07,8,23864,卖盘
1113,10:58:52,29.9,0.07,2,5980,买盘
1114,10:58:46,29.83,--,0,0,卖盘
1115,10:58:31,29.83,--,3,9456,买盘
1116,10:58:26,29.83,--,13,38779,买盘
1117,10:58:16,29.83,-0.05,16,50203,卖盘
1118,10:58:11,29.88,0.04,96,287355,买盘
1119,10:58:01,29.84,--,10,29840,买盘
1120,10:57:56,29.84,0.01,1,2984,卖盘
1121,10:57:51,29.83,-0.01,11,32813,卖盘
1122,10:57:46,29.84,--,4,11936,买盘
1123,10:57:31,29.84,-0.01,46,137264,卖盘
1124,10:57:16,29.85,-0.03,8,23880,卖盘
1125,10:57:11,29.88,--,13,38844,买盘
1126,10:56:56,29.88,--,0,0,买盘
1127,10:56:51,29.88,--,5,14940,买盘
1128,10:56:41,29.88,--,10,29880,买盘
1129,10:56:31,29.88,--,30,89640,买盘
1130,10:56:26,29.88,--,22,65736,买盘
1131,10:56:16,29.88,0.05,1,2988,买盘
1132,10:56:11,29.83,--,16,47728,卖盘
1133,10:56:05,29.83,--,13,38779,卖盘
1134,10:56:01,29.83,--,8,23864,卖盘
1135,10:55:56,29.83,--,10,29830,卖盘
1136,10:55:50,29.83,0.01,16,47728,买盘
1137,10:55:41,29.82,--,0,1550,买盘
1138,10:55:31,29.82,--,40,120711,卖盘
1139,10:55:26,29.82,-0.01,7,20874,卖盘
1140,10:55:20,29.83,0.01,21,62643,买盘
1141,10:55:16,29.82,--,216,645662,买盘
1142,10:55:11,29.82,--,108,322056,卖盘
1143,10:54:56,29.82,--,0,0,卖盘
1144,10:54:50,29.82,-0.06,16,47712,卖盘
1145,10:54:46,29.88,0.05,10,29880,买盘
1146,10:54:41,29.83,0.01,6,17898,卖盘
1147,10:54:26,29.82,--,0,0,卖盘
1148,10:54:16,29.82,--,1,2982,卖盘
1149,10:54:11,29.82,0.01,6,17892,买盘
1150,10:54:05,29.81,-0.01,22,65582,卖盘
1151,10:53:56,29.82,--,23,68586,卖盘
1152,10:53:46,29.82,--,0,0,中性盘
1153,10:53:35,29.82,-0.06,33,98406,卖盘
1154,10:53:31,29.88,--,31,95108,卖盘
1155,10:53:26,29.88,--,11,32868,卖盘
1156,10:53:20,29.88,-0.02,18,53784,卖盘
1157,10:53:11,29.9,0.02,3,8970,买盘
1158,10:53:01,29.88,--,3,8964,卖盘
1159,10:52:56,29.88,-0.03,6,17928,卖盘
1160,10:52:41,29.91,--,688,2057808,买盘
1161,10:52:35,29.91,-0.02,117,349947,卖盘
1162,10:52:30,29.93,--,44,131692,卖盘
1163,10:52:26,29.93,-0.05,19,56867,卖盘
1164,10:52:20,29.98,--,28,83944,买盘
1165,10:52:15,29.98,--,2,5996,买盘
1166,10:52:11,29.98,--,2,5996,卖盘
1167,10:52:05,29.98,--,2,5996,卖盘
1168,10:52:00,29.98,0.03,104,311792,买盘
1169,10:51:55,29.95,-0.02,8,23960,卖盘
1170,10:51:50,29.97,0.02,14,41958,买盘
1171,10:51:40,29.95,--,10,29950,卖盘
1172,10:51:35,29.95,--,0,0,卖盘
1173,10:51:31,29.95,-0.03,10,29950,卖盘
1174,10:51:25,29.98,0.03,3,8994,买盘
1175,10:51:16,29.95,--,2,5990,卖盘
1176,10:51:10,29.95,--,3,8985,卖盘
1177,10:51:05,29.95,--,0,0,卖盘
1178,10:51:01,29.95,--,0,0,中性盘
1179,10:50:55,29.95,-0.05,3,8985,中性盘
1180,10:50:40,30.0,--,11,33000,买盘
1181,10:50:35,30.0,--,1,3000,买盘
1182,10:50:25,30.0,--,11,33750,卖盘
1183,10:50:20,30.0,--,0,0,卖盘
1184,10:49:55,30.0,0.07,1,5250,买盘
1185,10:49:50,29.93,-0.07,37,110741,卖盘
1186,10:49:44,30.0,--,14,42000,买盘
1187,10:49:40,30.0,0.07,28,84000,买盘
1188,10:49:35,29.93,-0.07,91,272363,卖盘
1189,10:49:29,30.0,0.07,65,195000,买盘
1190,10:49:25,29.93,-0.03,111,332223,卖盘
1191,10:49:20,29.96,--,115,344540,买盘
1192,10:49:14,29.96,--,49,146804,买盘
1193,10:49:10,29.96,--,75,224700,买盘
1194,10:49:05,29.96,--,150,449400,买盘
1195,10:48:55,29.96,--,0,0,买盘
1196,10:48:50,29.96,--,0,0,买盘
1197,10:48:44,29.96,--,8,23968,买盘
1198,10:48:29,29.96,--,14,41944,买盘
1199,10:48:25,29.96,--,22,65912,买盘
1200,10:48:20,29.96,--,97,290612,卖盘
1201,10:48:14,29.96,--,1,2996,卖盘
1202,10:48:05,29.96,--,12,35952,卖盘
1203,10:47:59,29.96,0.03,224,671104,买盘
1204,10:47:50,29.93,0.02,26,77818,买盘
1205,10:47:35,29.91,-0.01,14,41874,卖盘
1206,10:47:20,29.92,0.02,2,5984,买盘
1207,10:47:10,29.9,--,6,17940,卖盘
1208,10:46:55,29.9,0.02,2,5980,卖盘
1209,10:46:50,29.88,--,0,0,卖盘
1210,10:46:44,29.88,0.06,480,1434747,买盘
1211,10:46:40,29.82,--,0,0,卖盘
1212,10:46:35,29.82,--,0,0,卖盘
1213,10:46:29,29.82,-0.06,9,26838,卖盘
1214,10:46:25,29.88,--,76,227088,卖盘
1215,10:46:20,29.88,-0.05,6,17928,卖盘
1216,10:46:14,29.93,--,0,0,买盘
1217,10:46:10,29.93,--,1,2993,买盘
1218,10:46:05,29.93,--,14,41902,买盘
1219,10:45:44,29.93,0.05,2,5986,买盘
1220,10:45:40,29.88,--,2,5976,卖盘
1221,10:45:35,29.88,--,20,59760,卖盘
1222,10:45:29,29.88,--,10,29880,卖盘
1223,10:45:20,29.88,0.07,177,528876,买盘
1224,10:45:09,29.81,--,8,23848,卖盘
1225,10:45:05,29.81,-0.04,5,14905,卖盘
1226,10:44:59,29.85,0.01,50,149250,买盘
1227,10:44:54,29.84,-0.01,5,14920,买盘
1228,10:44:50,29.85,--,6,17910,买盘
1229,10:44:34,29.85,--,20,59700,买盘
1230,10:44:29,29.85,-0.03,56,167160,卖盘
1231,10:44:14,29.88,--,4,11952,买盘
1232,10:44:09,29.88,-0.05,249,744012,卖盘
1233,10:44:04,29.93,0.04,5,14965,买盘
1234,10:43:54,29.89,--,0,0,卖盘
1235,10:43:49,29.89,-0.04,58,173362,卖盘
1236,10:43:44,29.93,-0.03,21,62853,卖盘
1237,10:43:34,29.96,--,15,44940,卖盘
1238,10:43:29,29.96,-0.02,1,2996,卖盘
1239,10:43:24,29.98,--,0,0,中性盘
1240,10:43:19,29.98,--,10,29980,卖盘
1241,10:43:14,29.98,0.01,2,5996,买盘
1242,10:43:04,29.97,-0.03,8,23976,买盘
1243,10:42:44,30.0,--,0,0,买盘
1244,10:42:19,30.0,--,0,0,买盘
1245,10:42:14,30.0,--,10,30000,买盘
1246,10:42:04,30.0,--,1,3000,买盘
1247,10:41:53,30.0,--,5,15000,买盘
1248,10:41:44,30.0,-0.05,69,207750,卖盘
1249,10:41:38,30.05,0.01,17,51085,买盘
1250,10:41:34,30.04,0.04,4,12016,买盘
1251,10:41:19,30.0,-0.01,1,3000,卖盘
1252,10:41:14,30.01,0.01,10,30010,中性盘
1253,10:41:08,30.0,--,0,0,卖盘
1254,10:41:04,30.0,--,3,9000,卖盘
1255,10:40:59,30.0,-0.03,101,303000,卖盘
1256,10:40:53,30.03,-0.02,21,63063,卖盘
1257,10:40:49,30.05,--,6,18030,卖盘
1258,10:40:44,30.05,-0.01,2,6010,卖盘
1259,10:40:38,30.06,-0.01,135,405810,卖盘
1260,10:40:29,30.07,0.01,2,6014,买盘
1261,10:40:23,30.06,--,20,60120,卖盘
1262,10:40:19,30.06,-0.03,1,3006,卖盘
1263,10:40:14,30.09,0.02,50,150450,买盘
1264,10:40:08,30.07,--,14,42098,买盘
1265,10:40:04,30.07,0.02,5,15035,买盘
1266,10:39:53,30.05,0.03,28,84140,买盘
1267,10:39:49,30.02,0.02,2,6004,买盘
1268,10:39:44,30.0,0.04,347,1043250,买盘
1269,10:39:38,29.96,--,10,29960,卖盘
1270,10:39:34,29.96,-0.01,22,65912,卖盘
1271,10:39:29,29.97,0.01,2,5994,买盘
1272,10:39:19,29.96,0.03,269,806283,买盘
1273,10:38:59,29.93,0.03,48,143664,买盘
1274,10:38:53,29.9,-0.02,1,2990,卖盘
1275,10:38:49,29.92,0.02,2,5984,买盘
1276,10:38:38,29.9,-0.04,16,47840,卖盘
1277,10:38:34,29.94,0.05,2,5988,买盘
1278,10:38:29,29.89,-0.05,10,29890,卖盘
1279,10:38:23,29.94,--,0,0,买盘
1280,10:37:58,29.94,--,70,209580,买盘
1281,10:37:53,29.94,0.04,15,44910,买盘
1282,10:37:48,29.9,--,5,14950,买盘
1283,10:37:44,29.9,--,52,155480,买盘
1284,10:37:38,29.9,-0.05,43,128570,卖盘
1285,10:37:29,29.95,--,55,164725,买盘
1286,10:37:23,29.95,--,0,0,买盘
1287,10:37:14,29.95,0.02,70,209650,买盘
1288,10:37:08,29.93,--,16,47888,买盘
1289,10:37:03,29.93,--,3,8979,买盘
1290,10:36:58,29.93,--,5,14965,买盘
1291,10:36:53,29.93,--,33,98769,买盘
1292,10:36:48,29.93,-0.02,42,125706,卖盘
1293,10:36:43,29.95,-0.01,7,20965,买盘
1294,10:36:33,29.96,--,92,275632,卖盘
1295,10:36:28,29.96,0.04,208,623168,买盘
1296,10:36:23,29.92,-0.01,7,20944,卖盘
1297,10:36:08,29.93,0.01,3,8979,买盘
1298,10:36:02,29.92,--,4,11968,买盘
1299,10:35:58,29.92,0.02,3,8976,买盘
1300,10:35:53,29.9,--,20,59800,卖盘
1301,10:35:38,29.9,--,45,134550,买盘
1302,10:35:28,29.9,0.01,2,5980,买盘
1303,10:35:22,29.89,--,19,56791,买盘
1304,10:35:13,29.89,--,0,0,买盘
1305,10:35:07,29.89,0.04,200,597800,买盘
1306,10:34:52,29.85,--,2,5970,卖盘
1307,10:34:47,29.85,0.02,2,5970,买盘
1308,10:34:32,29.83,0.01,5,14915,买盘
1309,10:34:17,29.82,--,39,117580,买盘
1310,10:34:13,29.82,--,4,11928,买盘
1311,10:33:52,29.82,0.02,12,35784,买盘
1312,10:33:43,29.8,--,20,59600,卖盘
1313,10:33:37,29.8,0.02,41,122180,买盘
1314,10:33:32,29.78,-0.01,5,14890,卖盘
1315,10:33:28,29.79,--,3,8937,买盘
1316,10:33:22,29.79,--,17,50643,买盘
1317,10:33:17,29.79,--,20,59580,买盘
1318,10:33:13,29.79,--,47,140013,买盘
1319,10:33:07,29.79,--,16,47664,买盘
1320,10:33:02,29.79,0.01,14,41706,买盘
1321,10:32:47,29.78,0.02,3,8934,买盘
1322,10:32:32,29.76,--,1,2976,买盘
1323,10:32:28,29.76,0.01,2,5952,买盘
1324,10:32:22,29.75,--,12,35700,卖盘
1325,10:32:13,29.75,--,54,160650,买盘
1326,10:32:02,29.75,-0.01,114,339150,卖盘
1327,10:31:58,29.76,--,10,29760,买盘
1328,10:31:52,29.76,--,5,14880,买盘
1329,10:31:43,29.76,--,5,14880,买盘
1330,10:31:37,29.76,--,10,29760,买盘
1331,10:31:32,29.76,--,6,17856,买盘
1332,10:31:22,29.76,--,4,11904,买盘
1333,10:31:17,29.76,--,11,32736,买盘
1334,10:31:07,29.76,--,1,2976,买盘
1335,10:31:02,29.76,0.01,1,2976,买盘
1336,10:30:57,29.75,-0.01,2,5950,卖盘
1337,10:30:52,29.76,0.01,15,44640,买盘
1338,10:30:47,29.75,-0.01,5,14875,卖盘
1339,10:30:37,29.76,--,14,41664,买盘
1340,10:30:32,29.76,--,15,44640,买盘
1341,10:30:27,29.76,--,10,29760,买盘
1342,10:30:22,29.76,--,35,104160,买盘
1343,10:30:17,29.76,--,25,74400,买盘
1344,10:30:07,29.76,--,6,17856,买盘
1345,10:30:02,29.76,-0.02,2,5952,卖盘
1346,10:29:52,29.78,0.03,1,2978,买盘
1347,10:29:32,29.75,--,0,0,卖盘
1348,10:29:22,29.75,-0.03,6,17850,卖盘
1349,10:29:17,29.78,0.02,11,32758,买盘
1350,10:29:07,29.76,0.01,2,5952,买盘
1351,10:29:02,29.75,0.02,15,44625,卖盘
1352,10:28:52,29.73,-0.01,33,98109,卖盘
1353,10:28:37,29.74,0.02,51,151674,买盘
1354,10:28:32,29.72,-0.02,4,11888,卖盘
1355,10:28:22,29.74,0.02,103,306322,买盘
1356,10:28:16,29.72,-0.01,29,86188,卖盘
1357,10:28:11,29.73,0.01,21,62433,买盘
1358,10:28:07,29.72,--,8,23776,卖盘
1359,10:28:02,29.72,-0.01,7,20804,卖盘
1360,10:27:56,29.73,--,12,35676,买盘
1361,10:27:52,29.73,--,5,14865,买盘
1362,10:27:46,29.73,--,5,14865,买盘
1363,10:27:41,29.73,-0.01,19,56487,卖盘
1364,10:27:31,29.74,0.01,8,23792,买盘
1365,10:27:26,29.73,--,9,26757,卖盘
1366,10:27:22,29.73,-0.01,2,5946,卖盘
1367,10:27:16,29.74,0.01,2,5948,买盘
1368,10:26:56,29.73,-0.01,25,74325,卖盘
1369,10:26:41,29.74,--,0,0,买盘
1370,10:26:26,29.74,--,7,20818,买盘
1371,10:26:22,29.74,0.03,6,17844,买盘
1372,10:26:11,29.71,-0.03,6,17826,卖盘
1373,10:25:56,29.74,--,46,136804,买盘
1374,10:25:52,29.74,0.03,2,5948,买盘
1375,10:25:46,29.71,--,92,273332,卖盘
1376,10:25:37,29.71,--,10,29710,卖盘
1377,10:25:31,29.71,--,0,0,卖盘
1378,10:25:26,29.71,--,3,8913,卖盘
1379,10:25:22,29.71,-0.04,200,594200,卖盘
1380,10:25:16,29.75,0.01,3,8925,卖盘
1381,10:25:11,29.74,--,5,14870,卖盘
1382,10:25:07,29.74,-0.01,6,17844,卖盘
1383,10:24:56,29.75,--,3,8925,卖盘
1384,10:24:46,29.75,-0.04,7,20825,卖盘
1385,10:24:41,29.79,--,4,11916,卖盘
1386,10:24:31,29.79,--,9,26811,卖盘
1387,10:24:16,29.79,-0.01,7,20853,卖盘
1388,10:24:06,29.8,--,10,29800,买盘
1389,10:23:56,29.8,-0.02,1,2980,买盘
1390,10:23:46,29.82,--,0,0,买盘
1391,10:23:41,29.82,0.02,14,41748,买盘
1392,10:23:36,29.8,--,2,7658,卖盘
1393,10:23:31,29.8,-0.01,27,80460,卖盘
1394,10:23:21,29.81,-0.02,6,17886,卖盘
1395,10:23:16,29.83,--,0,0,买盘
1396,10:23:11,29.83,0.02,10,29830,买盘
1397,10:23:01,29.81,-0.01,5,14905,卖盘
1398,10:22:46,29.82,--,2,5964,买盘
1399,10:22:31,29.82,0.02,2,5964,买盘
1400,10:22:26,29.8,--,5,14900,卖盘
1401,10:22:21,29.8,-0.02,3,8940,卖盘
1402,10:22:16,29.82,0.02,26,77532,买盘
1403,10:22:11,29.8,--,13,38740,卖盘
1404,10:22:05,29.8,--,14,43001,买盘
1405,10:22:01,29.8,--,8,23840,买盘
1406,10:21:41,29.8,0.01,5,14900,买盘
1407,10:21:31,29.79,0.02,7,20853,中性盘
1408,10:21:26,29.77,0.02,21,62517,卖盘
1409,10:21:16,29.75,-0.04,13,38675,卖盘
1410,10:21:11,29.79,--,10,29790,买盘
1411,10:21:01,29.79,0.04,4,11916,买盘
1412,10:20:55,29.75,--,1,2975,卖盘
1413,10:20:50,29.75,0.02,1,2975,买盘
1414,10:20:45,29.73,-0.01,22,67457,卖盘
1415,10:20:40,29.74,--,11,32714,买盘
1416,10:20:35,29.74,--,3,8922,买盘
1417,10:20:30,29.74,0.03,1,2974,买盘
1418,10:20:25,29.71,-0.02,5,14855,卖盘
1419,10:20:20,29.73,0.02,12,35676,买盘
1420,10:20:15,29.71,-0.02,6,17826,卖盘
1421,10:20:10,29.73,0.02,9,26757,买盘
1422,10:20:05,29.71,--,3,8913,卖盘
1423,10:20:00,29.71,--,7,20797,卖盘
1424,10:19:55,29.71,--,1,2971,卖盘
1425,10:19:50,29.71,--,8,23768,买盘
1426,10:19:45,29.71,--,9,26739,买盘
1427,10:19:40,29.71,0.01,15,44565,买盘
1428,10:19:25,29.7,0.01,129,383130,买盘
1429,10:19:20,29.69,--,28,83132,卖盘
1430,10:19:10,29.69,--,32,95008,卖盘
1431,10:19:05,29.69,-0.01,56,166264,卖盘
1432,10:19:00,29.7,--,5,14850,买盘
1433,10:18:55,29.7,--,9,26730,买盘
1434,10:18:50,29.7,--,33,98010,买盘
1435,10:18:45,29.7,--,21,62370,买盘
1436,10:18:40,29.7,--,101,299970,卖盘
1437,10:18:35,29.7,--,21,62370,卖盘
1438,10:18:30,29.7,-0.01,25,74250,卖盘
1439,10:18:25,29.71,--,51,151521,买盘
1440,10:18:20,29.71,0.01,8,23768,买盘
1441,10:18:10,29.7,-0.01,5,14850,卖盘
1442,10:18:05,29.71,--,20,59420,买盘
1443,10:18:00,29.71,-0.01,98,291158,卖盘
1444,10:17:55,29.72,-0.01,5,14860,中性盘
1445,10:17:50,29.73,0.02,8,23784,买盘
1446,10:17:40,29.71,-0.01,34,101014,卖盘
1447,10:17:35,29.72,--,15,44580,买盘
1448,10:17:25,29.72,-0.01,45,133740,卖盘
1449,10:17:15,29.73,--,6,17838,卖盘
1450,10:17:10,29.73,-0.01,13,38649,卖盘
1451,10:17:00,29.74,--,30,89220,买盘
1452,10:16:55,29.74,--,1,2974,买盘
1453,10:16:50,29.74,-0.01,8,23792,卖盘
1454,10:16:40,29.75,--,168,499800,买盘
1455,10:16:35,29.75,--,19,56525,买盘
1456,10:16:25,29.75,--,11,32725,买盘
1457,10:16:20,29.75,--,17,50575,卖盘
1458,10:16:15,29.75,--,1,2975,卖盘
1459,10:16:10,29.75,-0.01,9,26775,卖盘
1460,10:16:05,29.76,--,5,14880,买盘
1461,10:16:00,29.76,-0.01,9,26784,卖盘
1462,10:15:55,29.77,-0.01,27,80379,卖盘
1463,10:15:50,29.78,--,11,32758,买盘
1464,10:15:40,29.78,0.01,1,2978,买盘
1465,10:15:35,29.77,-0.01,3,8931,中性盘
1466,10:15:30,29.78,--,14,41692,买盘
1467,10:15:25,29.78,-0.01,3,8934,卖盘
1468,10:15:20,29.79,0.01,12,35748,买盘
1469,10:15:15,29.78,-0.01,14,41692,卖盘
1470,10:15:10,29.79,-0.01,137,408123,卖盘
1471,10:15:05,29.8,0.01,7,20860,买盘
1472,10:15:00,29.79,-0.01,10,29790,卖盘
1473,10:14:55,29.8,--,20,59600,买盘
1474,10:14:50,29.8,0.01,1,2980,买盘
1475,10:14:45,29.79,-0.01,1,2979,卖盘
1476,10:14:40,29.8,0.01,3,8940,买盘
1477,10:14:25,29.79,0.01,17,50643,买盘
1478,10:14:20,29.78,--,62,184636,卖盘
1479,10:14:15,29.78,--,4,11912,卖盘
1480,10:14:10,29.78,--,1,2978,买盘
1481,10:14:05,29.78,--,7,20846,买盘
1482,10:14:00,29.78,0.03,19,56582,买盘
1483,10:13:44,29.75,0.01,53,157675,买盘
1484,10:13:40,29.74,0.02,1,2974,买盘
1485,10:13:34,29.72,--,24,71328,买盘
1486,10:13:29,29.72,--,37,109964,卖盘
1487,10:13:25,29.72,-0.01,13,38636,卖盘
1488,10:13:20,29.73,0.01,6,17838,买盘
1489,10:13:14,29.72,0.02,5,14860,买盘
1490,10:13:04,29.7,--,2,5940,卖盘
1491,10:12:59,29.7,--,0,0,卖盘
1492,10:12:55,29.7,-0.02,80,237600,卖盘
1493,10:12:49,29.72,--,1,2972,卖盘
1494,10:12:44,29.72,-0.01,8,23776,卖盘
1495,10:12:34,29.73,-0.03,6,17838,中性盘
1496,10:12:29,29.76,0.01,1,2976,买盘
1497,10:12:24,29.75,--,19,57744,卖盘
1498,10:12:19,29.75,--,55,163625,卖盘
1499,10:12:14,29.75,-0.03,34,103827,卖盘
1500,10:12:04,29.78,--,24,71472,卖盘
1501,10:11:59,29.78,--,10,29780,卖盘
1502,10:11:54,29.78,-0.02,14,41692,卖盘
1503,10:11:49,29.8,--,8,23840,卖盘
1504,10:11:44,29.8,--,7,20860,卖盘
1505,10:11:29,29.8,--,10,29800,卖盘
1506,10:11:24,29.8,--,7,20860,卖盘
1507,10:11:19,29.8,--,15,44700,卖盘
1508,10:11:14,29.8,--,1,2980,卖盘
1509,10:11:09,29.8,--,16,47680,买盘
1510,10:11:04,29.8,0.01,1,2980,买盘
1511,10:10:59,29.79,-0.01,12,35748,卖盘
1512,10:10:49,29.8,--,55,163900,买盘
1513,10:10:34,29.8,--,1,2980,买盘
1514,10:10:29,29.8,--,53,157940,卖盘
1515,10:10:19,29.8,--,15,44700,卖盘
1516,10:10:14,29.8,-0.01,6,17880,卖盘
1517,10:10:09,29.81,0.01,2,5962,买盘
1518,10:10:04,29.8,--,2,5960,卖盘
1519,10:09:59,29.8,--,18,53640,卖盘
1520,10:09:54,29.8,0.02,10,29800,卖盘
1521,10:09:44,29.78,--,0,0,卖盘
1522,10:09:34,29.78,-0.02,36,107208,卖盘
1523,10:09:29,29.8,--,2,5960,买盘
1524,10:09:24,29.8,--,39,116220,买盘
1525,10:09:19,29.8,0.01,12,35760,买盘
1526,10:09:14,29.79,--,20,59580,卖盘
1527,10:09:09,29.79,-0.01,4,11916,卖盘
1528,10:09:04,29.8,--,9,26820,买盘
1529,10:08:59,29.8,--,22,65560,买盘
1530,10:08:54,29.8,--,39,116220,卖盘
1531,10:08:49,29.8,-0.01,11,32780,卖盘
1532,10:08:44,29.81,0.01,11,32791,买盘
1533,10:08:34,29.8,0.02,29,86420,买盘
1534,10:08:29,29.78,--,1,2978,卖盘
1535,10:08:24,29.78,--,5,14890,卖盘
1536,10:08:19,29.78,0.01,125,372250,买盘
1537,10:08:14,29.77,0.01,170,506090,中性盘
1538,10:08:09,29.76,0.01,42,124992,卖盘
1539,10:08:04,29.75,--,11,32725,卖盘
1540,10:07:59,29.75,-0.01,12,35700,卖盘
1541,10:07:49,29.76,0.01,18,53568,中性盘
1542,10:07:44,29.75,--,93,276675,卖盘
1543,10:07:34,29.75,--,20,59500,卖盘
1544,10:07:29,29.75,0.05,169,504827,买盘
1545,10:07:24,29.7,--,0,0,卖盘
1546,10:07:19,29.7,-0.05,253,751410,卖盘
1547,10:07:09,29.75,-0.04,65,193375,卖盘
1548,10:07:04,29.79,-0.01,41,122139,卖盘
1549,10:06:59,29.8,--,77,231605,卖盘
1550,10:06:54,29.8,--,73,217540,卖盘
1551,10:06:49,29.8,-0.02,103,306940,卖盘
1552,10:06:44,29.82,0.02,3,8946,买盘
1553,10:06:39,29.8,-0.02,65,193700,卖盘
1554,10:06:34,29.82,--,3,8946,买盘
1555,10:06:28,29.82,--,10,29820,卖盘
1556,10:06:24,29.82,--,49,146118,卖盘
1557,10:06:19,29.82,--,50,149100,卖盘
1558,10:06:13,29.82,-0.01,18,53676,卖盘
1559,10:06:04,29.83,-0.01,15,44745,卖盘
1560,10:05:58,29.84,--,19,56696,买盘
1561,10:05:54,29.84,--,51,152184,买盘
1562,10:05:49,29.84,--,27,80568,买盘
1563,10:05:43,29.84,0.01,13,38792,买盘
1564,10:05:38,29.83,--,1,2983,卖盘
1565,10:05:28,29.83,--,2,5966,卖盘
1566,10:05:23,29.83,--,13,38779,卖盘
1567,10:05:13,29.83,-0.01,2,5966,卖盘
1568,10:05:08,29.84,0.01,6,17904,买盘
1569,10:04:58,29.83,-0.05,13,38779,卖盘
1570,10:04:53,29.88,--,4,11952,买盘
1571,10:04:43,29.88,--,0,0,买盘
1572,10:04:38,29.88,0.06,10,29880,买盘
1573,10:04:23,29.82,--,0,0,卖盘
1574,10:04:18,29.82,-0.02,15,44730,卖盘
1575,10:04:13,29.84,0.02,4,11936,买盘
1576,10:04:08,29.82,-0.02,16,47712,卖盘
1577,10:04:03,29.84,0.03,3,8952,买盘
1578,10:03:53,29.81,--,12,35772,卖盘
1579,10:03:48,29.81,--,1,2981,卖盘
1580,10:03:43,29.81,0.01,39,117093,买盘
1581,10:03:38,29.8,-0.01,28,83440,卖盘
1582,10:03:28,29.81,--,40,119240,买盘
1583,10:03:23,29.81,--,54,163120,卖盘
1584,10:03:18,29.81,-0.01,3,8943,卖盘
1585,10:03:13,29.82,--,59,175938,买盘
1586,10:03:08,29.82,--,2,5964,买盘
1587,10:02:58,29.82,--,76,226632,买盘
1588,10:02:53,29.82,0.01,10,29820,买盘
1589,10:02:48,29.81,-0.03,31,93245,卖盘
1590,10:02:43,29.84,0.03,60,179040,买盘
1591,10:02:38,29.81,-0.01,119,354739,卖盘
1592,10:02:33,29.82,--,12,35784,买盘
1593,10:02:28,29.82,0.01,3,8946,买盘
1594,10:02:23,29.81,-0.01,8,23848,卖盘
1595,10:02:18,29.82,0.01,51,152082,买盘
1596,10:02:13,29.81,-0.01,12,35772,卖盘
1597,10:02:08,29.82,0.01,4,11928,买盘
1598,10:02:03,29.81,0.01,10,29810,买盘
1599,10:01:58,29.8,-0.02,56,166880,卖盘
1600,10:01:53,29.82,--,20,59640,卖盘
1601,10:01:48,29.82,0.01,85,253470,买盘
1602,10:01:43,29.81,-0.01,170,506770,卖盘
1603,10:01:38,29.82,--,8,23856,买盘
1604,10:01:28,29.82,-0.01,26,77532,卖盘
1605,10:01:23,29.83,--,4,11932,买盘
1606,10:01:18,29.83,--,50,149150,卖盘
1607,10:01:13,29.83,-0.02,55,164065,卖盘
1608,10:01:08,29.85,0.02,1,2985,买盘
1609,10:00:58,29.83,-0.04,12,35796,卖盘
1610,10:00:53,29.87,0.01,69,206103,买盘
1611,10:00:48,29.86,--,13,39385,卖盘
1612,10:00:43,29.86,-0.01,3,8958,卖盘
1613,10:00:38,29.87,0.01,4,11948,买盘
1614,10:00:33,29.86,--,1,2986,卖盘
1615,10:00:22,29.86,0.01,7,23320,买盘
1616,10:00:18,29.85,--,19,56715,买盘
1617,10:00:13,29.85,--,3,8955,买盘
1618,10:00:08,29.85,-0.01,57,170712,卖盘
1619,10:00:03,29.86,--,18,53748,买盘
1620,09:59:58,29.86,0.01,1,2986,买盘
1621,09:59:52,29.85,--,65,194025,卖盘
1622,09:59:48,29.85,-0.01,7,20895,卖盘
1623,09:59:37,29.86,-0.01,7,20902,卖盘
1624,09:59:33,29.87,0.01,66,197142,买盘
1625,09:59:28,29.86,--,0,0,卖盘
1626,09:59:17,29.86,-0.01,7,23141,卖盘
1627,09:59:02,29.87,-0.01,23,69447,卖盘
1628,09:58:58,29.88,-0.03,6,17928,卖盘
1629,09:58:52,29.91,0.01,8,23928,买盘
1630,09:58:47,29.9,--,0,0,买盘
1631,09:58:43,29.9,0.03,3,8970,买盘
1632,09:58:37,29.87,-0.03,10,29870,卖盘
1633,09:58:32,29.9,0.02,1,2990,买盘
1634,09:58:28,29.88,--,5,14940,卖盘
1635,09:58:12,29.88,--,2,8217,买盘
1636,09:58:07,29.88,0.02,3,8964,买盘
1637,09:58:02,29.86,-0.02,20,59720,卖盘
1638,09:57:52,29.88,--,1,2988,买盘
1639,09:57:47,29.88,--,35,104580,买盘
1640,09:57:42,29.88,0.01,12,35856,买盘
1641,09:57:32,29.87,-0.01,35,104545,卖盘
1642,09:57:27,29.88,--,46,137448,买盘
1643,09:57:22,29.88,0.01,2,5976,买盘
1644,09:57:17,29.87,--,3,8961,卖盘
1645,09:57:12,29.87,-0.02,12,36590,卖盘
1646,09:57:07,29.89,0.01,72,215208,买盘
1647,09:56:57,29.88,-0.01,1,2988,卖盘
1648,09:56:52,29.89,0.01,7,20923,卖盘
1649,09:56:47,29.88,-0.02,14,41832,卖盘
1650,09:56:42,29.9,0.02,30,89700,买盘
1651,09:56:37,29.88,-0.02,11,32868,卖盘
1652,09:56:32,29.9,0.01,7,20930,买盘
1653,09:56:27,29.89,--,5,14945,卖盘
1654,09:56:22,29.89,--,11,32879,卖盘
1655,09:56:17,29.89,--,8,23912,卖盘
1656,09:56:07,29.89,0.01,6,20175,买盘
1657,09:56:02,29.88,--,52,155376,买盘
1658,09:55:52,29.88,--,3,8964,买盘
1659,09:55:47,29.88,--,11,32868,卖盘
1660,09:55:42,29.88,--,13,38844,卖盘
1661,09:55:37,29.88,--,6,17928,卖盘
1662,09:55:32,29.88,--,5,14940,卖盘
1663,09:55:27,29.88,--,0,0,卖盘
1664,09:55:22,29.88,-0.02,16,47808,卖盘
1665,09:55:17,29.9,--,80,239200,买盘
1666,09:55:12,29.9,--,4,11960,买盘
1667,09:55:07,29.9,--,3,8970,买盘
1668,09:55:02,29.9,0.01,40,119600,买盘
1669,09:54:57,29.89,0.01,4,11956,买盘
1670,09:54:52,29.88,-0.02,52,155376,卖盘
1671,09:54:47,29.9,--,16,47840,买盘
1672,09:54:42,29.9,--,16,47840,买盘
1673,09:54:37,29.9,--,3,8970,买盘
1674,09:54:32,29.9,--,19,56810,买盘
1675,09:54:27,29.9,--,34,101660,卖盘
1676,09:54:22,29.9,--,1,2990,卖盘
1677,09:54:17,29.9,-0.01,3,8970,卖盘
1678,09:54:07,29.91,--,4,11964,买盘
1679,09:53:57,29.91,--,5,14955,卖盘
1680,09:53:52,29.91,--,14,41874,卖盘
1681,09:53:47,29.91,--,1,2991,卖盘
1682,09:53:42,29.91,0.01,36,107676,买盘
1683,09:53:37,29.9,--,15,44850,卖盘
1684,09:53:31,29.9,-0.01,19,56810,卖盘
1685,09:53:16,29.91,--,6,17946,买盘
1686,09:53:12,29.91,-0.01,5,14955,卖盘
1687,09:53:07,29.92,--,16,47872,买盘
1688,09:52:57,29.92,--,5,14960,买盘
1689,09:52:52,29.92,--,1,2992,买盘
1690,09:52:46,29.92,--,36,107712,买盘
1691,09:52:42,29.92,--,3,8976,买盘
1692,09:52:31,29.92,-0.01,53,158576,卖盘
1693,09:52:27,29.93,--,6,17958,买盘
1694,09:52:12,29.93,0.01,9,26937,买盘
1695,09:52:07,29.92,--,12,35904,卖盘
1696,09:52:01,29.92,-0.01,5,14960,买盘
1697,09:51:56,29.93,0.01,15,44895,买盘
1698,09:51:52,29.92,0.01,1,2992,买盘
1699,09:51:42,29.91,-0.01,50,149550,卖盘
1700,09:51:37,29.92,0.01,16,47872,买盘
1701,09:51:31,29.91,--,9,26919,卖盘
1702,09:51:26,29.91,--,1,2991,卖盘
1703,09:51:16,29.91,--,17,50847,买盘
1704,09:51:11,29.91,--,5,14955,买盘
1705,09:51:07,29.91,0.01,7,20937,买盘
1706,09:51:01,29.9,--,20,59800,卖盘
1707,09:50:56,29.9,--,83,248170,卖盘
1708,09:50:46,29.9,-0.01,41,122590,买盘
1709,09:50:36,29.91,--,0,0,买盘
1710,09:50:31,29.91,0.03,10,29910,买盘
1711,09:50:26,29.88,-0.01,10,29880,卖盘
1712,09:50:21,29.89,0.01,10,29890,卖盘
1713,09:50:16,29.88,-0.01,10,29880,卖盘
1714,09:50:11,29.89,--,2,5978,买盘
1715,09:50:06,29.89,0.01,21,62769,买盘
1716,09:50:01,29.88,-0.01,34,101592,卖盘
1717,09:49:56,29.89,--,2,5978,买盘
1718,09:49:51,29.89,--,15,44835,买盘
1719,09:49:46,29.89,--,5,14945,买盘
1720,09:49:41,29.89,--,2,5978,买盘
1721,09:49:36,29.89,--,24,71736,买盘
1722,09:49:31,29.89,0.01,45,134505,卖盘
1723,09:49:26,29.88,-0.01,25,74700,卖盘
1724,09:49:21,29.89,--,3,8967,买盘
1725,09:49:16,29.89,--,2,5978,买盘
1726,09:49:11,29.89,0.01,9,26901,中性盘
1727,09:49:06,29.88,-0.01,7,20916,卖盘
1728,09:49:01,29.89,0.01,1,2989,买盘
1729,09:48:56,29.88,--,8,23904,卖盘
1730,09:48:46,29.88,--,13,38844,买盘
1731,09:48:41,29.88,--,7,20916,卖盘
1732,09:48:36,29.88,--,10,29880,卖盘
1733,09:48:31,29.88,0.01,9,26892,买盘
1734,09:48:21,29.87,0.02,12,35844,买盘
1735,09:48:16,29.85,--,5,14925,卖盘
1736,09:48:11,29.85,--,92,274799,买盘
1737,09:48:06,29.85,--,4,11940,买盘
1738,09:48:01,29.85,0.02,12,35820,买盘
1739,09:47:56,29.83,-0.01,12,35796,卖盘
1740,09:47:51,29.84,0.02,29,86536,买盘
1741,09:47:46,29.82,-0.02,8,23856,卖盘
1742,09:47:41,29.84,0.02,39,116376,买盘
1743,09:47:31,29.82,--,31,92442,卖盘
1744,09:47:26,29.82,--,25,74550,卖盘
1745,09:47:21,29.82,--,12,35784,卖盘
1746,09:47:15,29.82,-0.01,65,193830,卖盘
1747,09:47:10,29.83,0.01,42,125286,买盘
1748,09:47:06,29.82,-0.01,12,35784,买盘
1749,09:47:01,29.83,-0.01,42,125286,中性盘
1750,09:46:55,29.84,0.01,27,80568,买盘
1751,09:46:51,29.83,0.01,1,2983,中性盘
1752,09:46:40,29.82,-0.02,22,65604,卖盘
1753,09:46:36,29.84,--,9,26856,卖盘
1754,09:46:31,29.84,-0.01,23,68632,卖盘
1755,09:46:25,29.85,--,31,92535,买盘
1756,09:46:21,29.85,-0.02,77,229845,卖盘
1757,09:46:10,29.87,-0.01,53,158311,卖盘
1758,09:46:06,29.88,-0.01,4,11952,卖盘
1759,09:46:01,29.89,0.01,14,41846,买盘
1760,09:45:55,29.88,-0.01,19,56772,卖盘
1761,09:45:51,29.89,0.01,3,8967,买盘
1762,09:45:45,29.88,-0.01,36,107568,卖盘
1763,09:45:40,29.89,--,71,212219,卖盘
1764,09:45:36,29.89,--,7,20923,卖盘
1765,09:45:31,29.89,-0.01,8,23912,卖盘
1766,09:45:25,29.9,--,10,29900,买盘
1767,09:45:21,29.9,-0.01,258,774230,卖盘
1768,09:45:10,29.91,-0.01,3,9331,卖盘
1769,09:45:06,29.92,-0.01,59,176528,卖盘
1770,09:45:00,29.93,-0.01,21,62853,卖盘
1771,09:44:55,29.94,--,21,62874,买盘
1772,09:44:50,29.94,--,1,2994,买盘
1773,09:44:45,29.94,--,1,2994,卖盘
1774,09:44:40,29.94,--,9,26946,买盘
1775,09:44:35,29.94,--,5,14970,买盘
1776,09:44:30,29.94,--,10,29940,买盘
1777,09:44:25,29.94,--,38,113772,卖盘
1778,09:44:20,29.94,--,1,2994,卖盘
1779,09:44:15,29.94,--,5,14970,卖盘
1780,09:44:10,29.94,--,51,152694,卖盘
1781,09:44:05,29.94,0.01,34,101796,买盘
1782,09:43:55,29.93,--,24,71832,卖盘
1783,09:43:50,29.93,0.01,60,179580,买盘
1784,09:43:45,29.92,--,5,14960,卖盘
1785,09:43:40,29.92,--,2,5984,卖盘
1786,09:43:35,29.92,0.01,60,179520,买盘
1787,09:43:30,29.91,0.01,20,59820,中性盘
1788,09:43:25,29.9,--,24,71760,卖盘
1789,09:43:20,29.9,--,38,113620,卖盘
1790,09:43:15,29.9,--,0,0,卖盘
1791,09:43:10,29.9,--,37,110630,卖盘
1792,09:43:05,29.9,--,55,167260,卖盘
1793,09:43:00,29.9,--,113,337870,卖盘
1794,09:42:55,29.9,-0.02,42,125580,卖盘
1795,09:42:50,29.92,0.01,45,134640,买盘
1796,09:42:45,29.91,--,20,59820,卖盘
1797,09:42:40,29.91,-0.01,6,17946,卖盘
1798,09:42:35,29.92,-0.01,41,122672,卖盘
1799,09:42:25,29.93,--,97,290321,卖盘
1800,09:42:20,29.93,--,19,56867,卖盘
1801,09:42:15,29.93,-0.01,39,116727,卖盘
1802,09:42:10,29.94,--,21,62874,卖盘
1803,09:42:05,29.94,-0.02,20,59880,卖盘
1804,09:42:00,29.96,--,3,8988,卖盘
1805,09:41:55,29.96,--,30,89880,卖盘
1806,09:41:45,29.96,-0.02,141,422436,卖盘
1807,09:41:40,29.98,--,33,98934,卖盘
1808,09:41:35,29.98,-0.01,52,155896,卖盘
1809,09:41:20,29.99,--,13,38987,卖盘
1810,09:41:10,29.99,--,13,38987,卖盘
1811,09:41:05,29.99,-0.01,37,110963,卖盘
1812,09:40:55,30.0,0.01,22,66000,买盘
1813,09:40:50,29.99,-0.01,23,68977,卖盘
1814,09:40:45,30.0,0.01,1,3000,买盘
1815,09:40:39,29.99,--,3,8997,卖盘
1816,09:40:34,29.99,-0.01,8,23992,卖盘
1817,09:40:30,30.0,--,20,60000,卖盘
1818,09:40:19,30.0,0.01,40,120000,买盘
1819,09:40:15,29.99,-0.01,10,29990,卖盘
1820,09:40:09,30.0,0.01,7,21000,买盘
1821,09:40:04,29.99,-0.01,90,269910,卖盘
1822,09:40:00,30.0,--,40,120000,卖盘
1823,09:39:49,30.0,-0.01,8,24000,卖盘
1824,09:39:39,30.01,--,1,3001,卖盘
1825,09:39:34,30.01,0.01,15,45015,卖盘
1826,09:39:24,30.0,-0.01,15,45000,卖盘
1827,09:39:19,30.01,--,32,96032,买盘
1828,09:39:15,30.01,0.01,15,45015,买盘
1829,09:39:09,30.0,-0.01,20,60000,卖盘
1830,09:39:04,30.01,--,8,24008,买盘
1831,09:38:59,30.01,--,1,3001,买盘
1832,09:38:54,30.01,-0.03,10,30010,卖盘
1833,09:38:49,30.04,--,47,141188,买盘
1834,09:38:45,30.04,0.03,5,15020,买盘
1835,09:38:39,30.01,-0.03,2,6002,卖盘
1836,09:38:34,30.04,0.03,17,51068,中性盘
1837,09:38:30,30.01,--,47,141047,卖盘
1838,09:38:24,30.01,--,5,15005,卖盘
1839,09:38:19,30.01,0.01,17,51017,中性盘
1840,09:38:15,30.0,-0.03,26,78000,卖盘
1841,09:38:04,30.03,--,1,3003,买盘
1842,09:37:59,30.03,--,3,9009,买盘
1843,09:37:54,30.03,-0.01,16,48048,卖盘
1844,09:37:49,30.04,--,6,18024,卖盘
1845,09:37:44,30.04,-0.01,40,120160,卖盘
1846,09:37:39,30.05,--,2,6010,卖盘
1847,09:37:34,30.05,0.01,10,30050,买盘
1848,09:37:29,30.04,-0.01,11,33044,卖盘
1849,09:37:24,30.05,--,1,3005,买盘
1850,09:37:19,30.05,--,7,21035,买盘
1851,09:37:14,30.05,--,3,9015,买盘
1852,09:37:09,30.05,0.07,104,312520,买盘
1853,09:37:04,29.98,-0.06,5,14990,卖盘
1854,09:36:59,30.04,0.06,19,57076,卖盘
1855,09:36:54,29.98,0.01,1,2998,卖盘
1856,09:36:49,29.97,--,0,0,卖盘
1857,09:36:44,29.97,--,60,179820,买盘
1858,09:36:39,29.97,--,24,71928,买盘
1859,09:36:34,29.97,-0.01,149,446553,卖盘
1860,09:36:29,29.98,-0.06,33,98934,卖盘
1861,09:36:24,30.04,0.07,22,66088,买盘
1862,09:36:19,29.97,--,57,170829,卖盘
1863,09:36:14,29.97,--,40,119880,买盘
1864,09:36:04,29.97,0.04,19,56943,买盘
1865,09:35:59,29.93,-0.05,191,571663,卖盘
1866,09:35:49,29.98,0.01,10,29980,买盘
1867,09:35:44,29.97,0.01,28,83916,中性盘
1868,09:35:39,29.96,-0.02,9,26964,卖盘
1869,09:35:34,29.98,0.02,29,86942,卖盘
1870,09:35:29,29.96,-0.03,25,74900,卖盘
1871,09:35:24,29.99,0.01,22,65978,买盘
1872,09:35:19,29.98,-0.01,8,23984,卖盘
1873,09:35:14,29.99,0.01,24,71976,买盘
1874,09:35:09,29.98,--,6,17988,买盘
1875,09:35:04,29.98,-0.01,23,68954,卖盘
1876,09:34:59,29.99,--,41,122959,买盘
1877,09:34:54,29.99,0.01,2,5998,买盘
1878,09:34:49,29.98,0.05,20,59960,卖盘
1879,09:34:43,29.93,--,225,673425,卖盘
1880,09:34:39,29.93,--,0,0,卖盘
1881,09:34:34,29.93,0.03,6,17958,卖盘
1882,09:34:28,29.9,-0.01,72,215280,卖盘
1883,09:34:24,29.91,-0.01,8,23928,卖盘
1884,09:34:18,29.92,-0.08,60,179520,卖盘
1885,09:34:14,30.0,0.01,81,243000,买盘
1886,09:34:09,29.99,-0.01,11,32989,中性盘
1887,09:34:03,30.0,--,64,192000,买盘
1888,09:33:58,30.0,--,64,192000,买盘
1889,09:33:54,30.0,--,26,78000,买盘
1890,09:33:43,30.0,-0.05,57,171000,卖盘
1891,09:33:39,30.05,0.02,18,54090,买盘
1892,09:33:33,30.03,-0.03,26,78078,卖盘
1893,09:33:28,30.06,--,3,9018,买盘
1894,09:33:24,30.06,0.01,189,568134,买盘
1895,09:33:18,30.05,-0.01,10,30050,卖盘
1896,09:33:13,30.06,0.01,5,15030,买盘
1897,09:33:09,30.05,--,7,21035,卖盘
1898,09:33:03,30.05,-0.01,14,42070,卖盘
1899,09:32:58,30.06,--,20,60120,卖盘
1900,09:32:54,30.06,-0.01,63,189378,卖盘
1901,09:32:43,30.07,--,46,138322,买盘
1902,09:32:39,30.07,--,18,54126,卖盘
1903,09:32:28,30.07,-0.01,20,60140,卖盘
1904,09:32:24,30.08,--,8,24064,买盘
1905,09:32:18,30.08,-0.02,11,33088,卖盘
1906,09:32:13,30.1,0.02,30,90300,买盘
1907,09:32:09,30.08,-0.02,25,75200,卖盘
1908,09:32:03,30.1,0.02,6,18060,买盘
1909,09:31:58,30.08,-0.02,48,144384,中性盘
1910,09:31:43,30.1,--,31,93310,中性盘
1911,09:31:38,30.1,-0.04,42,126420,卖盘
1912,09:31:33,30.14,0.04,14,42196,买盘
1913,09:31:28,30.1,--,71,213710,卖盘
1914,09:31:23,30.1,-0.04,11,33110,卖盘
1915,09:31:18,30.14,--,0,0,中性盘
1916,09:31:13,30.14,0.08,9,27126,中性盘
1917,09:31:08,30.06,-0.08,43,129258,卖盘
1918,09:31:03,30.14,--,52,156728,卖盘
1919,09:30:58,30.14,0.02,49,147686,买盘
1920,09:30:53,30.12,0.05,6,18072,中性盘
1921,09:30:48,30.07,-0.03,19,57133,卖盘
1922,09:30:43,30.1,-0.01,47,141470,卖盘
1923,09:30:38,30.11,0.01,16,48176,中性盘
1924,09:30:28,30.1,--,2,6020,卖盘
1925,09:30:23,30.1,-0.15,10,30100,卖盘
1926,09:30:13,30.25,0.1,3,9075,中性盘
1927,09:30:08,30.15,-0.1,225,678375,卖盘
1928,09:30:03,30.25,--,17,51425,买盘
1929,09:28:54,30.25,--,0,0,买盘
1930,09:25:05,30.25,30.25,150,453750,买盘
