,time,price,change,volume,amount,type
0,15:00:00,5.25,--,0,0,买盘
1,15:00:00,5.25,0.01,0,0,买盘
2,14:59:58,5.24,-0.01,240,125760,卖盘
3,14:59:43,5.25,--,296,155400,买盘
4,14:59:37,5.25,0.01,246,129150,买盘
5,14:59:22,5.24,-0.01,56,29344,卖盘
6,14:59:13,5.25,0.01,10,5250,买盘
7,14:59:07,5.24,-0.01,57,29868,卖盘
8,14:59:03,5.25,0.01,171,89775,买盘
9,14:58:58,5.24,-0.01,160,83840,卖盘
10,14:58:43,5.25,--,88,46200,买盘
11,14:58:37,5.25,0.01,242,127050,买盘
12,14:58:28,5.24,-0.01,10,5240,卖盘
13,14:58:22,5.25,0.01,111,58275,买盘
14,14:58:18,5.24,--,10,5240,卖盘
15,14:58:13,5.24,-0.01,11,5764,卖盘
16,14:58:03,5.25,0.01,22,11550,买盘
17,14:57:58,5.24,-0.01,10,5240,卖盘
18,14:57:52,5.25,0.01,49,25725,买盘
19,14:57:48,5.24,-0.01,199,104276,卖盘
20,14:57:37,5.25,--,590,309750,买盘
21,14:57:33,5.25,--,15,7875,买盘
22,14:57:28,5.25,--,19,9975,买盘
23,14:57:18,5.25,0.01,25,13125,买盘
24,14:57:13,5.24,-0.01,560,293440,卖盘
25,14:57:07,5.25,0.01,80,42000,买盘
26,14:56:58,5.24,--,34,17816,卖盘
27,14:56:52,5.24,-0.01,57,29868,卖盘
28,14:56:47,5.25,--,36,18900,买盘
29,14:56:42,5.25,--,5,2625,买盘
30,14:56:37,5.25,--,271,142275,买盘
31,14:56:32,5.25,0.01,168,88200,买盘
32,14:56:27,5.24,--,40,20960,卖盘
33,14:56:22,5.24,--,2040,1068960,卖盘
34,14:56:17,5.24,--,58,30392,卖盘
35,14:55:52,5.24,--,96,50304,卖盘
36,14:55:47,5.24,--,1,524,卖盘
37,14:55:37,5.24,--,40,20960,卖盘
38,14:55:32,5.24,--,62,32488,卖盘
39,14:55:22,5.24,-0.01,73,38252,卖盘
40,14:55:17,5.25,0.01,982,515550,买盘
41,14:55:07,5.24,--,10,5240,卖盘
42,14:55:01,5.24,--,63,33012,卖盘
43,14:54:57,5.24,--,1,524,卖盘
44,14:54:52,5.24,--,73,38252,卖盘
45,14:54:46,5.24,--,70,36680,卖盘
46,14:54:42,5.24,--,10,5240,卖盘
47,14:54:37,5.24,--,252,132048,卖盘
48,14:54:31,5.24,-0.01,3,1572,卖盘
49,14:54:27,5.25,--,60,31500,买盘
50,14:54:22,5.25,--,78,40950,买盘
51,14:54:16,5.25,0.01,10,5250,买盘
52,14:54:07,5.24,--,11,5764,卖盘
53,14:54:01,5.24,--,53,27772,卖盘
54,14:53:52,5.24,--,1,524,卖盘
55,14:53:46,5.24,-0.01,107,56068,卖盘
56,14:53:31,5.25,0.01,1,525,买盘
57,14:53:27,5.24,--,101,52924,卖盘
58,14:53:22,5.24,-0.01,121,63404,卖盘
59,14:53:12,5.25,0.01,107,56469,买盘
60,14:53:07,5.24,-0.01,10,5240,卖盘
61,14:53:01,5.25,0.01,1,525,买盘
62,14:52:57,5.24,--,20,10480,卖盘
63,14:52:52,5.24,--,105,55020,卖盘
64,14:52:46,5.24,-0.01,5,2620,卖盘
65,14:52:42,5.25,0.01,1,525,买盘
66,14:52:37,5.24,--,292,153270,卖盘
67,14:52:31,5.24,--,282,147768,卖盘
68,14:52:27,5.24,--,3,1572,卖盘
69,14:52:16,5.24,--,300,157200,卖盘
70,14:52:07,5.24,--,220,115542,卖盘
71,14:51:57,5.24,--,4,2363,卖盘
72,14:51:52,5.24,--,102,53448,卖盘
73,14:51:42,5.24,-0.01,55,28820,卖盘
74,14:51:37,5.25,0.01,20,10500,买盘
75,14:51:31,5.24,-0.01,14,7336,卖盘
76,14:51:27,5.25,0.01,31,16275,买盘
77,14:51:22,5.24,--,131,68644,卖盘
78,14:51:16,5.24,--,75,39300,卖盘
79,14:51:12,5.24,--,4,2358,卖盘
80,14:51:07,5.24,--,15,7860,卖盘
81,14:50:57,5.24,--,57,29868,卖盘
82,14:50:52,5.24,-0.01,16,8651,卖盘
83,14:50:46,5.25,0.01,37,19425,买盘
84,14:50:37,5.24,--,58,30392,卖盘
85,14:50:31,5.24,--,91,47684,卖盘
86,14:50:26,5.24,-0.01,5,2882,卖盘
87,14:50:21,5.25,0.01,15,7875,买盘
88,14:50:16,5.24,--,57,29868,卖盘
89,14:50:07,5.24,--,61,31964,卖盘
90,14:50:01,5.24,--,50,26200,卖盘
91,14:49:56,5.24,--,59,30916,卖盘
92,14:49:51,5.24,-0.01,11,5764,卖盘
93,14:49:46,5.25,0.01,71,37275,买盘
94,14:49:36,5.24,--,124,65238,卖盘
95,14:49:31,5.24,--,246,128904,卖盘
96,14:49:26,5.24,-0.01,6,3144,卖盘
97,14:49:21,5.25,0.01,38,19950,买盘
98,14:49:16,5.24,--,11,5764,卖盘
99,14:49:11,5.24,-0.01,4,2363,卖盘
100,14:49:06,5.25,0.01,121,63525,买盘
101,14:48:51,5.24,--,48,25152,卖盘
102,14:48:46,5.24,--,82,42968,卖盘
103,14:48:36,5.24,--,273,143151,卖盘
104,14:48:31,5.24,--,21,11004,卖盘
105,14:48:25,5.24,--,232,121835,卖盘
106,14:48:16,5.24,--,102,53448,卖盘
107,14:48:10,5.24,-0.01,225,117900,卖盘
108,14:48:01,5.25,0.01,9,4725,买盘
109,14:47:55,5.24,--,12,6288,卖盘
110,14:47:51,5.24,--,140,73360,卖盘
111,14:47:46,5.24,-0.01,4,2358,卖盘
112,14:47:40,5.25,0.01,9,4725,买盘
113,14:47:30,5.24,--,114,59736,卖盘
114,14:47:25,5.24,-0.01,92,48475,卖盘
115,14:47:16,5.25,0.01,21,11025,买盘
116,14:47:10,5.24,-0.01,11,5764,卖盘
117,14:47:06,5.25,0.01,9,4725,买盘
118,14:47:01,5.24,--,113,59212,卖盘
119,14:46:55,5.24,--,302,158510,卖盘
120,14:46:51,5.24,--,17,8908,卖盘
121,14:46:45,5.24,--,76,39824,卖盘
122,14:46:40,5.24,--,9,4716,卖盘
123,14:46:36,5.24,--,75,39300,卖盘
124,14:46:31,5.24,--,20,10480,卖盘
125,14:46:25,5.24,--,1,524,卖盘
126,14:46:16,5.24,--,11,5764,卖盘
127,14:46:10,5.24,--,412,216150,卖盘
128,14:45:55,5.24,--,20,10480,卖盘
129,14:45:51,5.24,--,102,53448,卖盘
130,14:45:46,5.24,-0.01,4,2363,卖盘
131,14:45:36,5.25,0.01,9,4725,买盘
132,14:45:31,5.24,--,70,36680,卖盘
133,14:45:25,5.24,--,10,5240,卖盘
134,14:45:21,5.24,--,70,36680,卖盘
135,14:45:15,5.24,-0.01,25,13362,卖盘
136,14:45:06,5.25,--,0,0,中性盘
137,14:45:00,5.25,0.01,311,163275,买盘
138,14:44:55,5.24,-0.02,29,15463,卖盘
139,14:44:51,5.26,0.01,30,15780,买盘
140,14:44:46,5.25,--,21,11025,卖盘
141,14:44:40,5.25,--,32,16800,卖盘
142,14:44:30,5.25,-0.01,278,145950,卖盘
143,14:44:25,5.26,0.01,9,4734,买盘
144,14:44:21,5.25,--,70,36750,卖盘
145,14:44:16,5.25,--,122,64050,卖盘
146,14:44:10,5.25,-0.01,4,2362,卖盘
147,14:44:06,5.26,0.01,9,4734,买盘
148,14:44:01,5.25,--,63,33075,卖盘
149,14:43:55,5.25,--,58,30450,卖盘
150,14:43:51,5.25,-0.01,16,8400,卖盘
151,14:43:46,5.26,0.01,321,168846,买盘
152,14:43:40,5.25,-0.01,113,59587,卖盘
153,14:43:36,5.26,--,10,5260,买盘
154,14:43:30,5.26,--,9,4734,买盘
155,14:43:15,5.26,--,35,18678,买盘
156,14:43:10,5.26,--,297,156222,买盘
157,14:43:05,5.26,--,348,183048,买盘
158,14:43:00,5.26,--,109,57334,买盘
159,14:42:55,5.26,0.01,30,15780,买盘
160,14:42:50,5.25,--,15,7875,卖盘
161,14:42:45,5.25,--,418,219450,卖盘
162,14:42:40,5.25,-0.01,237,124687,卖盘
163,14:42:35,5.26,0.01,9,4734,买盘
164,14:42:30,5.25,--,1,525,卖盘
165,14:42:25,5.25,-0.01,66,34917,卖盘
166,14:42:20,5.26,0.01,10,5260,买盘
167,14:42:15,5.25,-0.01,317,166425,卖盘
168,14:42:10,5.26,--,65,34190,买盘
169,14:42:05,5.26,--,19,9994,买盘
170,14:42:00,5.26,0.01,19,9994,买盘
171,14:41:55,5.25,--,11,5775,卖盘
172,14:41:50,5.25,--,19,10237,卖盘
173,14:41:45,5.25,--,88,46200,卖盘
174,14:41:40,5.25,--,79,41475,卖盘
175,14:41:30,5.25,--,1,525,卖盘
176,14:41:25,5.25,0.01,30,15750,买盘
177,14:41:19,5.24,--,11,5764,卖盘
178,14:41:15,5.24,-0.01,84,44278,卖盘
179,14:41:09,5.25,--,10,5250,买盘
180,14:41:04,5.25,0.01,29,15225,买盘
181,14:41:00,5.24,-0.01,100,52400,卖盘
182,14:40:54,5.25,0.01,19,9975,买盘
183,14:40:49,5.24,-0.01,250,131267,卖盘
184,14:40:45,5.25,0.01,13,6825,买盘
185,14:40:39,5.24,-0.01,111,58164,卖盘
186,14:40:34,5.25,--,10,5250,买盘
187,14:40:29,5.25,--,9,4725,买盘
188,14:40:24,5.25,0.01,40,21000,买盘
189,14:40:15,5.24,-0.01,364,190998,卖盘
190,14:40:09,5.25,--,389,204487,买盘
191,14:40:04,5.25,--,41,21525,买盘
192,14:39:59,5.25,0.01,10,5250,买盘
193,14:39:54,5.24,-0.01,397,208028,卖盘
194,14:39:49,5.25,--,30,16017,买盘
195,14:39:45,5.25,--,46,24150,买盘
196,14:39:39,5.25,--,10,5250,买盘
197,14:39:34,5.25,0.01,20,10500,买盘
198,14:39:30,5.24,--,13,6812,卖盘
199,14:39:25,5.24,--,10,5240,卖盘
200,14:39:19,5.24,-0.01,85,44802,卖盘
201,14:39:09,5.25,--,10,5250,买盘
202,14:39:04,5.25,--,624,327600,买盘
203,14:38:59,5.25,--,9,4725,买盘
204,14:38:54,5.25,--,88,46200,买盘
205,14:38:49,5.25,--,26,13650,买盘
206,14:38:44,5.25,--,30,15750,买盘
207,14:38:39,5.25,--,73,38587,买盘
208,14:38:34,5.25,--,13,6825,买盘
209,14:38:29,5.25,0.01,512,268800,买盘
210,14:38:24,5.24,-0.01,20,10747,卖盘
211,14:38:19,5.25,--,10,5250,买盘
212,14:38:14,5.25,--,10,5250,买盘
213,14:38:09,5.25,--,298,156450,买盘
214,14:38:04,5.25,0.01,9,4725,买盘
215,14:37:54,5.24,--,31,16244,卖盘
216,14:37:49,5.24,--,363,190212,卖盘
217,14:37:45,5.24,--,57,29868,卖盘
218,14:37:39,5.24,-0.01,5,2882,卖盘
219,14:37:34,5.25,--,63,33075,买盘
220,14:37:29,5.25,--,9,4725,买盘
221,14:37:24,5.25,--,265,139392,买盘
222,14:37:19,5.25,--,98,51450,买盘
223,14:37:14,5.25,--,10,5250,买盘
224,14:37:09,5.25,0.01,179,93975,买盘
225,14:37:04,5.24,-0.01,163,85412,卖盘
226,14:36:54,5.25,0.01,173,90825,买盘
227,14:36:49,5.24,--,22,11790,卖盘
228,14:36:44,5.24,-0.01,30,15720,卖盘
229,14:36:39,5.25,0.01,21,11025,买盘
230,14:36:34,5.24,--,49,25676,卖盘
231,14:36:29,5.24,-0.01,98,51352,卖盘
232,14:36:24,5.25,--,10,5517,买盘
233,14:36:19,5.25,--,426,223650,买盘
234,14:36:09,5.25,0.01,11,5775,买盘
235,14:36:04,5.24,-0.01,196,102850,卖盘
236,14:35:59,5.25,0.01,59,30975,买盘
237,14:35:54,5.24,--,10,5240,卖盘
238,14:35:49,5.24,--,59,31178,卖盘
239,14:35:44,5.24,-0.01,227,118948,卖盘
240,14:35:39,5.25,--,107,56175,买盘
241,14:35:34,5.25,--,11,5775,买盘
242,14:35:24,5.25,0.01,19,9975,买盘
243,14:35:19,5.24,-0.01,14,7598,卖盘
244,14:35:14,5.25,0.01,74,38850,买盘
245,14:35:09,5.24,-0.01,109,57116,卖盘
246,14:35:04,5.25,0.01,41,21525,买盘
247,14:34:54,5.24,--,293,153594,卖盘
248,14:34:49,5.24,--,36,18864,卖盘
249,14:34:39,5.24,-0.01,61,32231,卖盘
250,14:34:33,5.25,--,10,5250,买盘
251,14:34:29,5.25,0.01,19,9975,买盘
252,14:34:24,5.24,--,123,64452,卖盘
253,14:34:18,5.24,--,10,5240,卖盘
254,14:34:14,5.24,-0.01,4,2358,卖盘
255,14:34:09,5.25,0.01,19,9975,买盘
256,14:34:03,5.24,--,13,6812,卖盘
257,14:33:59,5.24,-0.01,76,39824,卖盘
258,14:33:54,5.25,--,22,11550,买盘
259,14:33:48,5.25,0.01,31,16542,买盘
260,14:33:43,5.24,--,10,5240,卖盘
261,14:33:38,5.24,-0.01,571,299204,卖盘
262,14:33:33,5.25,0.01,19,9975,买盘
263,14:33:23,5.24,--,21,11004,卖盘
264,14:33:18,5.24,-0.01,82,43230,卖盘
265,14:33:13,5.25,0.01,10,5250,买盘
266,14:33:03,5.24,-0.01,74,38776,卖盘
267,14:32:58,5.25,--,73,38325,买盘
268,14:32:53,5.25,0.01,10,5250,买盘
269,14:32:48,5.24,-0.01,25,13100,卖盘
270,14:32:43,5.25,0.01,19,9975,买盘
271,14:32:38,5.24,-0.01,74,39038,卖盘
272,14:32:33,5.25,--,10,5250,买盘
273,14:32:28,5.25,0.01,82,43050,买盘
274,14:32:23,5.24,-0.01,99,51876,卖盘
275,14:32:18,5.25,--,30,15750,买盘
276,14:32:13,5.25,--,80,42000,买盘
277,14:32:08,5.25,--,204,107367,买盘
278,14:32:03,5.25,0.01,53,27825,买盘
279,14:31:58,5.24,--,70,36680,卖盘
280,14:31:53,5.24,--,10,5240,卖盘
281,14:31:48,5.24,--,74,39038,卖盘
282,14:31:43,5.24,-0.01,86,45064,卖盘
283,14:31:38,5.25,0.01,25,13125,买盘
284,14:31:33,5.24,-0.01,10,5240,卖盘
285,14:31:28,5.25,0.01,9,4725,买盘
286,14:31:18,5.24,--,261,137031,卖盘
287,14:31:13,5.24,--,112,58688,卖盘
288,14:31:08,5.24,--,10,5240,卖盘
289,14:31:03,5.24,--,330,172920,卖盘
290,14:30:58,5.24,--,11,5764,卖盘
291,14:30:53,5.24,--,10,5240,卖盘
292,14:30:48,5.24,--,16,8384,卖盘
293,14:30:43,5.24,--,4,2358,卖盘
294,14:30:38,5.24,--,1,524,卖盘
295,14:30:33,5.24,--,20,10480,卖盘
296,14:30:23,5.24,-0.01,137,71788,卖盘
297,14:30:18,5.25,--,74,39112,买盘
298,14:30:13,5.25,0.01,10,5250,买盘
299,14:30:08,5.24,--,40,20960,卖盘
300,14:30:03,5.24,-0.01,1,524,卖盘
301,14:29:58,5.25,--,16,8400,买盘
302,14:29:53,5.25,0.01,7,3675,买盘
303,14:29:48,5.24,-0.01,15,7860,卖盘
304,14:29:43,5.25,--,19,9975,买盘
305,14:29:38,5.25,0.01,11,5775,买盘
306,14:29:33,5.24,-0.01,514,269603,卖盘
307,14:29:23,5.25,--,9,4725,买盘
308,14:29:18,5.25,--,30,15750,买盘
309,14:29:13,5.25,--,11,5775,买盘
310,14:29:08,5.25,0.01,691,362775,买盘
311,14:29:03,5.24,-0.01,15,8122,卖盘
312,14:28:58,5.25,--,15,7875,买盘
313,14:28:53,5.25,0.01,10,5250,买盘
314,14:28:48,5.24,-0.01,40,21227,卖盘
315,14:28:43,5.25,0.01,10,5250,买盘
316,14:28:38,5.24,-0.01,1,524,卖盘
317,14:28:33,5.25,--,159,83475,买盘
318,14:28:28,5.25,--,19,9975,买盘
319,14:28:18,5.25,0.01,45,23625,买盘
320,14:28:13,5.24,-0.01,13,7074,卖盘
321,14:28:03,5.25,--,87,45675,买盘
322,14:27:58,5.25,0.01,11,5775,买盘
323,14:27:53,5.24,-0.01,10,5240,卖盘
324,14:27:48,5.25,0.01,37,19425,买盘
325,14:27:42,5.24,-0.01,4,2358,卖盘
326,14:27:38,5.25,--,10,5250,买盘
327,14:27:33,5.25,0.01,9,4725,买盘
328,14:27:28,5.24,--,143,74932,卖盘
329,14:27:18,5.24,-0.01,21,11004,卖盘
330,14:27:13,5.25,0.01,11,5775,买盘
331,14:27:03,5.24,-0.01,15,8127,卖盘
332,14:26:57,5.25,0.01,19,9975,买盘
333,14:26:48,5.24,-0.01,25,13100,卖盘
334,14:26:42,5.25,0.01,9,4725,买盘
335,14:26:38,5.24,-0.01,277,145148,卖盘
336,14:26:33,5.25,0.01,52,27562,买盘
337,14:26:27,5.24,-0.01,1,524,卖盘
338,14:26:23,5.25,--,9,4725,买盘
339,14:26:18,5.25,--,23,12075,买盘
340,14:26:12,5.25,--,15,8142,买盘
341,14:26:08,5.25,--,10,5250,买盘
342,14:26:03,5.25,--,90,47250,买盘
343,14:25:57,5.25,0.01,20,10500,买盘
344,14:25:47,5.24,--,40,21222,卖盘
345,14:25:42,5.24,-0.01,31,16244,卖盘
346,14:25:32,5.25,--,46,24150,买盘
347,14:25:27,5.25,--,19,9975,买盘
348,14:25:18,5.25,0.01,70,36750,买盘
349,14:25:12,5.24,--,13,7079,卖盘
350,14:25:07,5.24,--,11,5764,卖盘
351,14:25:02,5.24,-0.01,145,75980,卖盘
352,14:24:57,5.25,--,461,242025,买盘
353,14:24:52,5.25,0.01,55,28875,买盘
354,14:24:47,5.24,-0.01,1,524,卖盘
355,14:24:42,5.25,--,9,4987,买盘
356,14:24:37,5.25,0.01,20,10500,买盘
357,14:24:32,5.24,-0.01,12,6288,卖盘
358,14:24:27,5.25,--,10,5250,买盘
359,14:24:17,5.25,--,10,5250,买盘
360,14:24:12,5.25,--,30,15750,买盘
361,14:24:07,5.25,--,36,19162,买盘
362,14:24:02,5.25,--,378,198450,买盘
363,14:23:57,5.25,0.01,139,72975,买盘
364,14:23:52,5.24,-0.01,470,246280,卖盘
365,14:23:47,5.25,--,10,5250,买盘
366,14:23:42,5.25,0.01,37,19425,买盘
367,14:23:37,5.24,-0.01,14,7603,卖盘
368,14:23:32,5.25,0.01,2,1050,买盘
369,14:23:27,5.24,--,25,13100,卖盘
370,14:23:22,5.24,-0.01,59,30916,卖盘
371,14:23:12,5.25,0.01,21,11025,买盘
372,14:23:07,5.24,--,19,9956,卖盘
373,14:23:02,5.24,-0.01,57,30130,卖盘
374,14:22:57,5.25,--,32,16800,买盘
375,14:22:52,5.25,--,180,94500,买盘
376,14:22:47,5.25,--,19,9975,买盘
377,14:22:42,5.25,0.01,50,26250,买盘
378,14:22:37,5.24,-0.01,4,2363,卖盘
379,14:22:32,5.25,--,110,57750,买盘
380,14:22:27,5.25,--,27,14175,买盘
381,14:22:22,5.25,--,92,48300,买盘
382,14:22:12,5.25,--,20,10500,买盘
383,14:22:07,5.25,0.01,14,7612,买盘
384,14:22:02,5.24,-0.01,58,30392,卖盘
385,14:21:57,5.25,0.01,176,92400,买盘
386,14:21:52,5.24,--,71,37204,卖盘
387,14:21:42,5.24,-0.01,68,35632,卖盘
388,14:21:37,5.25,--,202,106312,买盘
389,14:21:32,5.25,--,11,5775,买盘
390,14:21:27,5.25,0.01,22,11550,买盘
391,14:21:22,5.24,-0.01,38,19912,卖盘
392,14:21:17,5.25,--,60,31500,买盘
393,14:21:12,5.25,0.01,138,72450,买盘
394,14:21:07,5.24,--,78,41139,卖盘
395,14:21:02,5.24,-0.01,46,24104,卖盘
396,14:20:57,5.25,0.01,165,86625,买盘
397,14:20:51,5.24,--,125,65500,卖盘
398,14:20:42,5.24,-0.01,106,55544,卖盘
399,14:20:36,5.25,--,348,182962,买盘
400,14:20:21,5.25,--,69,36225,买盘
401,14:20:17,5.25,--,70,36750,买盘
402,14:20:12,5.25,--,165,86625,买盘
403,14:20:06,5.25,0.01,51,26775,买盘
404,14:20:02,5.24,--,4,2363,卖盘
405,14:19:57,5.24,--,236,123664,卖盘
406,14:19:51,5.24,-0.01,87,45588,卖盘
407,14:19:47,5.25,0.01,10,5250,买盘
408,14:19:36,5.24,-0.01,115,60522,卖盘
409,14:19:32,5.25,--,1,525,买盘
410,14:19:27,5.25,--,11,5775,买盘
411,14:19:21,5.25,--,11,5775,买盘
412,14:19:12,5.25,0.01,10,5250,买盘
413,14:19:06,5.24,--,11,5764,卖盘
414,14:19:02,5.24,-0.01,21,11004,卖盘
415,14:18:57,5.25,0.01,10,5250,买盘
416,14:18:51,5.24,--,118,61832,卖盘
417,14:18:42,5.24,-0.01,47,24628,卖盘
418,14:18:36,5.25,0.01,196,102900,买盘
419,14:18:32,5.24,-0.01,9,4716,卖盘
420,14:18:27,5.25,0.01,10,5250,买盘
421,14:18:21,5.24,-0.01,38,19912,卖盘
422,14:18:16,5.25,0.01,87,45675,买盘
423,14:18:11,5.24,-0.01,5,2620,卖盘
424,14:18:06,5.25,0.01,21,11025,买盘
425,14:18:01,5.24,--,41,21730,卖盘
426,14:17:56,5.24,-0.01,150,78600,卖盘
427,14:17:51,5.25,0.01,25,13125,买盘
428,14:17:46,5.24,-0.01,1628,853072,卖盘
429,14:17:36,5.25,0.01,14,7596,买盘
430,14:17:31,5.24,-0.01,92,48208,卖盘
431,14:17:26,5.25,--,10,5250,买盘
432,14:17:21,5.25,--,69,36225,买盘
433,14:17:16,5.25,0.01,21,11025,买盘
434,14:17:06,5.24,-0.01,6,3385,卖盘
435,14:17:01,5.25,0.01,20,10500,买盘
436,14:16:56,5.24,-0.01,5,2620,卖盘
437,14:16:51,5.25,--,25,13125,买盘
438,14:16:46,5.25,--,253,132825,买盘
439,14:16:41,5.25,--,2,1050,买盘
440,14:16:36,5.25,--,59,31221,买盘
441,14:16:31,5.25,0.01,29,15225,买盘
442,14:16:26,5.24,-0.01,154,80696,卖盘
443,14:16:21,5.25,--,99,51975,买盘
444,14:16:16,5.25,--,40,21000,买盘
445,14:16:11,5.25,0.01,98,51450,买盘
446,14:16:06,5.24,-0.01,2972,1557328,卖盘
447,14:15:56,5.25,0.01,10,5250,中性盘
448,14:15:51,5.24,-0.01,3086,1617064,卖盘
449,14:15:46,5.25,--,340,178500,卖盘
450,14:15:41,5.25,--,1700,892500,卖盘
451,14:15:36,5.25,--,5,2871,卖盘
452,14:15:31,5.25,--,38,19950,卖盘
453,14:15:26,5.25,--,5,2625,卖盘
454,14:15:21,5.25,--,1520,798000,卖盘
455,14:15:16,5.25,--,58,30450,卖盘
456,14:15:11,5.25,--,28,14700,卖盘
457,14:15:06,5.25,--,4,2341,卖盘
458,14:15:01,5.25,--,37,19425,卖盘
459,14:14:56,5.25,--,662,347550,卖盘
460,14:14:51,5.25,--,73,38325,卖盘
461,14:14:46,5.25,--,584,306600,卖盘
462,14:14:41,5.25,--,44,23100,卖盘
463,14:14:36,5.25,--,4,2346,卖盘
464,14:14:31,5.25,--,40,21000,卖盘
465,14:14:26,5.25,--,202,106050,卖盘
466,14:14:21,5.25,--,182,95550,卖盘
467,14:14:16,5.25,--,24,12600,卖盘
468,14:14:11,5.25,--,1,525,卖盘
469,14:14:06,5.25,--,129,67725,卖盘
470,14:14:00,5.25,--,50,26250,卖盘
471,14:13:51,5.25,--,30,15750,卖盘
472,14:13:41,5.25,--,1248,655200,卖盘
473,14:13:36,5.25,--,4,2346,卖盘
474,14:13:30,5.25,--,209,109725,卖盘
475,14:13:26,5.25,--,3,1575,卖盘
476,14:13:21,5.25,--,156,82146,买盘
477,14:13:15,5.25,--,44,23378,卖盘
478,14:13:11,5.25,--,576,302400,卖盘
479,14:13:00,5.25,--,1,525,卖盘
480,14:12:51,5.25,--,58,30450,卖盘
481,14:12:41,5.25,--,67,35175,卖盘
482,14:12:30,5.25,--,38,19950,卖盘
483,14:12:20,5.25,-0.01,41,21525,卖盘
484,14:12:15,5.26,0.01,104,54704,买盘
485,14:12:11,5.25,--,41,21771,卖盘
486,14:12:00,5.25,--,37,19425,卖盘
487,14:11:56,5.25,--,325,170625,卖盘
488,14:11:51,5.25,-0.01,58,30450,卖盘
489,14:11:45,5.26,0.01,1,526,买盘
490,14:11:41,5.25,--,38,19950,卖盘
491,14:11:36,5.25,--,100,52500,卖盘
492,14:11:30,5.25,--,49,25725,卖盘
493,14:11:21,5.25,--,38,19950,卖盘
494,14:11:15,5.25,-0.01,159,83475,卖盘
495,14:11:11,5.26,0.01,39,20514,买盘
496,14:11:06,5.25,--,600,315000,卖盘
497,14:11:00,5.25,-0.01,152,79800,卖盘
498,14:10:55,5.26,0.01,526,276676,买盘
499,14:10:51,5.25,--,572,300300,卖盘
500,14:10:45,5.25,-0.01,462,242550,卖盘
501,14:10:40,5.26,--,26,13676,买盘
502,14:10:35,5.26,--,589,309814,买盘
503,14:10:30,5.26,--,200,105200,买盘
504,14:10:25,5.26,0.01,447,235122,买盘
505,14:10:20,5.25,--,60,31500,卖盘
506,14:10:15,5.25,--,110,57750,卖盘
507,14:10:10,5.25,-0.01,31,16275,卖盘
508,14:10:05,5.26,--,214,112564,买盘
509,14:10:00,5.26,0.01,26,13676,买盘
510,14:09:55,5.25,--,22,11550,卖盘
511,14:09:50,5.25,-0.01,52,27300,卖盘
512,14:09:45,5.26,0.01,3,1578,买盘
513,14:09:40,5.25,--,84,44100,卖盘
514,14:09:30,5.25,--,37,19425,卖盘
515,14:09:25,5.25,--,858,450450,卖盘
516,14:09:20,5.25,--,43,22575,卖盘
517,14:09:10,5.25,-0.01,58,30450,卖盘
518,14:09:00,5.26,0.01,39,20514,买盘
519,14:08:55,5.25,--,417,218925,卖盘
520,14:08:50,5.25,--,114,59850,卖盘
521,14:08:45,5.25,--,61,32025,卖盘
522,14:08:40,5.25,--,1037,544425,卖盘
523,14:08:30,5.25,--,77,40425,卖盘
524,14:08:25,5.25,--,110,57750,卖盘
525,14:08:20,5.25,-0.01,37,19425,卖盘
526,14:08:15,5.26,0.01,10,5260,买盘
527,14:08:05,5.25,--,1,525,卖盘
528,14:08:00,5.25,--,58,30450,卖盘
529,14:07:55,5.25,--,101,53025,卖盘
530,14:07:50,5.25,--,115,60375,卖盘
531,14:07:45,5.25,--,708,371700,卖盘
532,14:07:40,5.25,-0.01,153,80325,卖盘
533,14:07:35,5.26,0.01,445,234122,买盘
534,14:07:30,5.25,-0.01,80,42000,卖盘
535,14:07:24,5.26,0.01,600,315600,买盘
536,14:07:20,5.25,--,446,234150,卖盘
537,14:07:15,5.25,-0.01,931,488775,卖盘
538,14:07:10,5.26,0.01,3,1578,买盘
539,14:07:05,5.25,--,501,263025,卖盘
540,14:07:00,5.25,--,465,244125,卖盘
541,14:06:54,5.25,--,600,315000,卖盘
542,14:06:50,5.25,-0.01,116,60900,卖盘
543,14:06:45,5.26,0.01,625,328750,买盘
544,14:06:39,5.25,-0.01,100,52500,卖盘
545,14:06:35,5.26,--,500,263000,买盘
546,14:06:24,5.26,--,624,328224,买盘
547,14:06:20,5.26,--,256,134656,买盘
548,14:06:15,5.26,0.01,1100,578600,买盘
549,14:06:05,5.25,--,550,288750,卖盘
550,14:06:00,5.25,-0.01,6,3150,卖盘
551,14:05:54,5.26,--,318,167268,买盘
552,14:05:50,5.26,--,40,21408,买盘
553,14:05:45,5.26,--,202,106252,买盘
554,14:05:39,5.26,--,22,11572,买盘
555,14:05:30,5.26,0.01,16,8416,买盘
556,14:05:24,5.25,--,60,31500,买盘
557,14:05:20,5.25,--,196,102900,买盘
558,14:05:15,5.25,--,1123,589575,买盘
559,14:05:09,5.25,--,1170,614250,买盘
560,14:05:05,5.25,--,1004,527100,买盘
561,14:05:00,5.25,--,289,151725,买盘
562,14:04:54,5.25,0.01,2184,1146600,买盘
563,14:04:50,5.24,-0.01,15,7860,卖盘
564,14:04:45,5.25,--,242,127050,买盘
565,14:04:39,5.25,--,24,12600,买盘
566,14:04:35,5.25,--,102,53550,买盘
567,14:04:30,5.25,--,66,34650,买盘
568,14:04:24,5.25,--,56,29400,买盘
569,14:04:15,5.25,--,59,30975,买盘
570,14:04:09,5.25,--,74,38850,买盘
571,14:03:59,5.25,0.01,14,7350,买盘
572,14:03:54,5.24,-0.01,16,8384,卖盘
573,14:03:50,5.25,--,325,170625,买盘
574,14:03:44,5.25,--,16,8400,买盘
575,14:03:39,5.25,-0.01,3318,1741950,卖盘
576,14:03:29,5.26,0.01,14,7364,买盘
577,14:03:24,5.25,--,164,86100,卖盘
578,14:03:20,5.25,-0.01,80,42000,卖盘
579,14:03:14,5.26,--,159,83634,买盘
580,14:03:09,5.26,0.01,39,20514,买盘
581,14:03:05,5.25,-0.01,20,10500,卖盘
582,14:02:59,5.26,0.01,759,399234,买盘
583,14:02:54,5.25,0.01,215,112875,买盘
584,14:02:49,5.24,-0.01,36,18864,卖盘
585,14:02:44,5.25,--,42,22050,买盘
586,14:02:39,5.25,--,1342,704550,卖盘
587,14:02:34,5.25,-0.01,174,91350,卖盘
588,14:02:24,5.26,--,16,8416,买盘
589,14:02:14,5.26,0.01,16,8416,买盘
590,14:02:09,5.25,-0.01,100,52500,卖盘
591,14:02:04,5.26,0.01,15,7890,买盘
592,14:01:59,5.25,0.01,4736,2486400,买盘
593,14:01:54,5.24,-0.01,156,81744,卖盘
594,14:01:49,5.25,0.01,196,102900,买盘
595,14:01:44,5.24,--,567,297108,卖盘
596,14:01:39,5.24,-0.01,23,12052,卖盘
597,14:01:34,5.25,--,47,24675,买盘
598,14:01:29,5.25,--,69,36225,买盘
599,14:01:24,5.25,--,534,280350,买盘
600,14:01:19,5.25,--,395,207375,买盘
601,14:01:14,5.25,--,102,53550,买盘
602,14:01:09,5.25,--,15,7875,买盘
603,14:01:04,5.25,--,5034,2642850,买盘
604,14:00:59,5.25,0.01,169,88725,买盘
605,14:00:53,5.24,-0.01,158,82792,卖盘
606,14:00:48,5.25,0.01,339,177975,买盘
607,14:00:44,5.24,-0.01,1248,653952,卖盘
608,14:00:38,5.25,--,5027,2639175,买盘
609,14:00:33,5.25,0.01,2345,1231125,买盘
610,14:00:29,5.24,-0.01,11,5764,卖盘
611,14:00:24,5.25,0.01,133,69825,买盘
612,14:00:18,5.24,-0.01,144,75456,卖盘
613,14:00:14,5.25,--,15,7875,买盘
614,14:00:08,5.25,--,12,6300,买盘
615,14:00:03,5.25,0.01,44,23100,买盘
616,13:59:59,5.24,--,381,199644,卖盘
617,13:59:53,5.24,--,20,10480,卖盘
618,13:59:48,5.24,-0.01,15,7860,卖盘
619,13:59:38,5.25,--,15,7875,买盘
620,13:59:33,5.25,--,14,7350,买盘
621,13:59:23,5.25,0.01,16,8400,买盘
622,13:59:14,5.24,-0.01,12,6288,卖盘
623,13:59:08,5.25,--,133,69825,买盘
624,13:59:03,5.25,0.01,26,13650,买盘
625,13:58:53,5.24,--,34,17816,卖盘
626,13:58:48,5.24,--,16,8384,卖盘
627,13:58:44,5.24,-0.01,1,524,卖盘
628,13:58:38,5.25,--,15,7875,买盘
629,13:58:33,5.25,0.01,14,7350,买盘
630,13:58:23,5.24,--,25,13100,卖盘
631,13:58:18,5.24,-0.01,146,76504,卖盘
632,13:58:14,5.25,--,288,151200,买盘
633,13:58:08,5.25,0.01,15,7875,买盘
634,13:58:03,5.24,--,397,208028,卖盘
635,13:57:58,5.24,--,8,4192,卖盘
636,13:57:53,5.24,--,41,21484,卖盘
637,13:57:48,5.24,--,804,421296,卖盘
638,13:57:44,5.24,-0.01,2839,1487636,卖盘
639,13:57:38,5.25,0.01,311,163275,买盘
640,13:57:33,5.24,--,45,23580,卖盘
641,13:57:28,5.24,-0.01,324,169776,卖盘
642,13:57:23,5.25,0.01,15,7875,买盘
643,13:57:18,5.24,-0.01,2483,1301092,卖盘
644,13:57:08,5.25,--,353,185325,买盘
645,13:57:03,5.25,0.01,14,7350,买盘
646,13:56:58,5.24,--,27,14148,卖盘
647,13:56:53,5.24,--,929,486796,卖盘
648,13:56:48,5.24,--,1856,972544,卖盘
649,13:56:43,5.24,-0.01,27,14148,卖盘
650,13:56:38,5.25,0.01,1230,645750,买盘
651,13:56:33,5.24,-0.01,411,215364,卖盘
652,13:56:28,5.25,0.01,429,225225,买盘
653,13:56:23,5.24,--,394,206456,卖盘
654,13:56:18,5.24,--,113,59212,卖盘
655,13:56:13,5.24,-0.01,336,176064,卖盘
656,13:56:08,5.25,--,17,8925,买盘
657,13:56:03,5.25,0.01,350,183750,买盘
658,13:55:58,5.24,-0.01,66,34584,卖盘
659,13:55:53,5.25,0.01,15,7875,买盘
660,13:55:48,5.24,-0.01,337,176588,卖盘
661,13:55:38,5.25,--,359,188475,买盘
662,13:55:33,5.25,0.01,44,23100,买盘
663,13:55:28,5.24,--,297,155628,卖盘
664,13:55:23,5.24,--,340,178584,卖盘
665,13:55:18,5.24,-0.01,335,175540,卖盘
666,13:55:08,5.25,--,358,187950,买盘
667,13:55:03,5.25,0.01,15,7875,买盘
668,13:54:58,5.24,-0.01,449,235564,卖盘
669,13:54:53,5.25,0.01,14,7350,买盘
670,13:54:47,5.24,--,15,7860,卖盘
671,13:54:43,5.24,--,2339,1225636,卖盘
672,13:54:38,5.24,--,15,7860,卖盘
673,13:54:33,5.24,--,339,177636,卖盘
674,13:54:28,5.24,--,132,69168,卖盘
675,13:54:23,5.24,-0.01,637,333788,卖盘
676,13:54:18,5.25,0.01,313,164325,买盘
677,13:54:13,5.24,-0.01,438,229784,卖盘
678,13:54:08,5.25,0.01,30,15750,买盘
679,13:54:02,5.24,-0.01,348,182352,卖盘
680,13:53:57,5.25,0.01,573,300825,买盘
681,13:53:53,5.24,--,192,100817,卖盘
682,13:53:47,5.24,--,5319,2787156,卖盘
683,13:53:42,5.24,-0.01,341,178684,卖盘
684,13:53:32,5.25,--,25,13125,买盘
685,13:53:27,5.25,--,668,350700,买盘
686,13:53:23,5.25,0.01,15,7875,买盘
687,13:53:17,5.24,-0.01,292,153008,卖盘
688,13:53:12,5.25,0.01,183,96447,买盘
689,13:53:08,5.24,--,299,156676,卖盘
690,13:53:02,5.24,--,55,28820,卖盘
691,13:52:53,5.24,--,642,336408,卖盘
692,13:52:47,5.24,--,16,8384,卖盘
693,13:52:42,5.24,--,341,178684,卖盘
694,13:52:38,5.24,--,100,52400,卖盘
695,13:52:32,5.24,-0.01,365,191260,卖盘
696,13:52:27,5.25,0.01,191,100275,买盘
697,13:52:23,5.24,-0.01,291,152484,卖盘
698,13:52:17,5.25,0.01,22,11550,买盘
699,13:52:12,5.24,-0.01,353,184972,卖盘
700,13:52:02,5.25,0.01,115,60375,买盘
701,13:51:57,5.24,-0.01,315,165060,卖盘
702,13:51:53,5.25,0.01,14,7350,买盘
703,13:51:47,5.24,-0.01,328,171872,卖盘
704,13:51:42,5.25,0.01,16,8400,买盘
705,13:51:38,5.24,--,348,182352,卖盘
706,13:51:32,5.24,0.01,35,18602,买盘
707,13:51:27,5.23,-0.02,344,179912,卖盘
708,13:51:23,5.25,0.02,36,18900,买盘
709,13:51:17,5.23,--,350,183050,卖盘
710,13:51:12,5.23,-0.02,260,135980,卖盘
711,13:51:08,5.25,0.02,1,525,买盘
712,13:51:02,5.23,--,343,179389,卖盘
713,13:50:57,5.23,-0.02,486,254178,卖盘
714,13:50:47,5.25,0.02,29,15225,买盘
715,13:50:42,5.23,--,302,157946,卖盘
716,13:50:32,5.23,--,339,177297,卖盘
717,13:50:27,5.23,-0.01,720,376560,卖盘
718,13:50:22,5.24,-0.01,21,11004,卖盘
719,13:50:17,5.25,--,0,0,买盘
720,13:50:12,5.25,0.02,365,191625,买盘
721,13:50:07,5.23,--,1,523,卖盘
722,13:50:02,5.23,--,16,8368,卖盘
723,13:49:57,5.23,-0.02,340,177820,卖盘
724,13:49:52,5.25,0.01,15,7875,买盘
725,13:49:47,5.24,-0.01,365,191260,卖盘
726,13:49:42,5.25,0.02,16,8400,买盘
727,13:49:37,5.23,-0.02,342,178866,卖盘
728,13:49:32,5.25,0.02,15,7875,买盘
729,13:49:27,5.23,-0.02,322,168406,卖盘
730,13:49:17,5.25,0.02,1015,532875,买盘
731,13:49:12,5.23,--,328,171544,卖盘
732,13:49:02,5.23,-0.01,355,185926,卖盘
733,13:48:57,5.24,0.01,258,135454,买盘
734,13:48:52,5.23,-0.01,521,272483,卖盘
735,13:48:47,5.24,--,1029,539196,买盘
736,13:48:42,5.24,--,574,300776,买盘
737,13:48:37,5.24,--,10,5240,买盘
738,13:48:32,5.24,0.01,364,190736,买盘
739,13:48:27,5.23,-0.01,1,523,卖盘
740,13:48:17,5.24,--,358,187592,买盘
741,13:48:12,5.24,--,308,161392,买盘
742,13:48:02,5.24,--,61,31964,买盘
743,13:47:56,5.24,--,371,194404,买盘
744,13:47:52,5.24,0.01,480,251520,买盘
745,13:47:47,5.23,-0.01,346,180958,卖盘
746,13:47:41,5.24,0.01,14,7336,买盘
747,13:47:37,5.23,--,311,162653,卖盘
748,13:47:32,5.23,--,55,28765,卖盘
749,13:47:26,5.23,-0.01,336,175728,卖盘
750,13:47:22,5.24,0.01,16,8384,买盘
751,13:47:11,5.23,--,326,170498,卖盘
752,13:47:06,5.23,--,0,0,卖盘
753,13:47:01,5.23,--,341,178343,卖盘
754,13:46:56,5.23,--,0,0,卖盘
755,13:46:51,5.23,--,372,194556,卖盘
756,13:46:41,5.23,-0.01,331,173113,卖盘
757,13:46:36,5.24,--,627,328747,买盘
758,13:46:31,5.24,0.01,65,34060,买盘
759,13:46:26,5.23,-0.01,330,172590,卖盘
760,13:46:21,5.24,--,25,13100,买盘
761,13:46:16,5.24,--,309,161916,买盘
762,13:46:11,5.24,0.01,14,7336,买盘
763,13:46:06,5.23,-0.01,362,189326,卖盘
764,13:46:01,5.24,0.01,35,18340,买盘
765,13:45:56,5.23,-0.01,347,181481,卖盘
766,13:45:51,5.24,--,30,15720,买盘
767,13:45:46,5.24,--,2,1048,买盘
768,13:45:41,5.24,0.01,366,191784,买盘
769,13:45:36,5.23,-0.01,337,176251,卖盘
770,13:45:31,5.24,0.01,468,245232,买盘
771,13:45:26,5.23,-0.01,351,183573,卖盘
772,13:45:21,5.24,0.01,17,8908,买盘
773,13:45:11,5.23,-0.01,626,327398,卖盘
774,13:45:01,5.24,0.01,332,173968,买盘
775,13:44:56,5.23,--,9,4707,卖盘
776,13:44:51,5.23,-0.02,1035,541305,卖盘
777,13:44:41,5.25,0.02,364,191100,买盘
778,13:44:36,5.23,-0.01,218,114014,卖盘
779,13:44:31,5.24,0.01,63,33012,卖盘
780,13:44:26,5.23,-0.02,370,193510,卖盘
781,13:44:21,5.25,0.02,15,7875,买盘
782,13:44:16,5.23,-0.02,430,224890,卖盘
783,13:44:11,5.25,0.01,15,7875,买盘
784,13:44:06,5.24,--,330,172920,卖盘
785,13:44:01,5.24,0.01,308,161821,卖盘
786,13:43:56,5.23,-0.01,347,181481,卖盘
787,13:43:51,5.24,--,36,18864,卖盘
788,13:43:41,5.24,--,351,183924,卖盘
789,13:43:36,5.24,-0.01,347,181828,卖盘
790,13:43:31,5.25,0.01,15,7875,买盘
791,13:43:26,5.24,--,5,2620,卖盘
792,13:43:21,5.24,-0.01,361,189164,卖盘
793,13:43:11,5.25,0.01,306,160650,买盘
794,13:43:01,5.24,--,28,14672,卖盘
795,13:42:56,5.24,--,341,178684,卖盘
796,13:42:51,5.24,-0.01,566,296584,卖盘
797,13:42:41,5.25,--,15,7875,买盘
798,13:42:36,5.25,0.01,338,177450,买盘
799,13:42:31,5.24,--,1024,536712,卖盘
800,13:42:26,5.24,-0.01,290,151960,卖盘
801,13:42:21,5.25,--,24,12600,买盘
802,13:42:16,5.25,0.01,310,162750,买盘
803,13:42:11,5.24,-0.01,448,234752,卖盘
804,13:42:06,5.25,--,315,165375,买盘
805,13:42:01,5.25,0.01,15,7875,买盘
806,13:41:56,5.24,-0.01,318,166632,卖盘
807,13:41:51,5.25,0.01,30,15750,买盘
808,13:41:41,5.24,-0.01,303,158772,卖盘
809,13:41:31,5.25,0.01,824,432600,买盘
810,13:41:21,5.24,-0.01,333,174492,卖盘
811,13:41:11,5.25,--,327,171675,买盘
812,13:41:06,5.25,--,31,16275,买盘
813,13:41:01,5.25,0.01,15,7875,买盘
814,13:40:56,5.24,--,470,246280,卖盘
815,13:40:51,5.24,--,36,18864,卖盘
816,13:40:41,5.24,--,321,168204,卖盘
817,13:40:36,5.24,--,14,7336,卖盘
818,13:40:31,5.24,-0.01,364,190736,卖盘
819,13:40:20,5.25,0.01,27,14175,买盘
820,13:40:16,5.24,-0.01,5,2620,卖盘
821,13:40:11,5.25,--,14,7350,买盘
822,13:40:01,5.25,--,15,7875,买盘
823,13:39:50,5.25,0.01,2133,1119825,买盘
824,13:39:45,5.24,--,7,3668,卖盘
825,13:39:40,5.24,-0.01,24,12576,卖盘
826,13:39:30,5.25,--,36,18900,买盘
827,13:39:20,5.25,0.01,65,34125,买盘
828,13:39:10,5.24,-0.01,94,49256,卖盘
829,13:39:05,5.25,--,176,92400,买盘
830,13:39:00,5.25,--,15,7875,买盘
831,13:38:50,5.25,--,40,21000,买盘
832,13:38:45,5.25,--,456,239400,买盘
833,13:38:40,5.25,0.01,14,7350,买盘
834,13:38:35,5.24,-0.01,1,524,卖盘
835,13:38:30,5.25,--,48,25200,买盘
836,13:38:20,5.25,--,38,19950,买盘
837,13:38:10,5.25,0.01,14,7350,买盘
838,13:38:00,5.24,-0.01,16,8384,卖盘
839,13:37:50,5.25,0.01,30,15750,买盘
840,13:37:45,5.24,-0.01,100,52400,卖盘
841,13:37:40,5.25,--,14,7350,买盘
842,13:37:30,5.25,--,15,7875,买盘
843,13:37:20,5.25,0.01,16,8400,买盘
844,13:37:15,5.24,-0.01,30,15720,卖盘
845,13:37:10,5.25,--,14,7350,买盘
846,13:37:00,5.25,0.01,16,8400,买盘
847,13:36:50,5.24,-0.01,78,40872,卖盘
848,13:36:40,5.25,--,16,8400,买盘
849,13:36:35,5.25,--,1,525,买盘
850,13:36:30,5.25,--,14,7350,买盘
851,13:36:20,5.25,0.01,40,21000,买盘
852,13:36:15,5.24,-0.01,41,21484,卖盘
853,13:36:10,5.25,0.01,14,7350,买盘
854,13:36:05,5.24,--,247,129428,卖盘
855,13:36:00,5.24,-0.01,17,8908,卖盘
856,13:35:50,5.25,--,30,15750,买盘
857,13:35:45,5.25,--,395,207375,买盘
858,13:35:40,5.25,0.01,14,7350,买盘
859,13:35:35,5.24,-0.01,30,15720,卖盘
860,13:35:30,5.25,0.01,555,291375,买盘
861,13:35:25,5.24,-0.01,100,52400,卖盘
862,13:35:20,5.25,0.01,15,7875,买盘
863,13:35:15,5.24,-0.01,1,524,卖盘
864,13:35:10,5.25,--,16,8400,买盘
865,13:35:00,5.25,--,15,7875,买盘
866,13:34:50,5.25,0.01,29,15225,买盘
867,13:34:45,5.24,-0.01,1,524,卖盘
868,13:34:40,5.25,0.01,1010,530586,买盘
869,13:34:35,5.24,--,124,64976,买盘
870,13:34:30,5.24,--,30,15720,买盘
871,13:34:20,5.24,0.01,1141,597884,买盘
872,13:34:10,5.23,-0.01,80,41840,卖盘
873,13:34:00,5.24,0.01,18,9432,买盘
874,13:33:50,5.23,-0.01,31,16213,卖盘
875,13:33:45,5.24,--,2,1048,买盘
876,13:33:40,5.24,--,20,10480,买盘
877,13:33:35,5.24,--,230,120520,买盘
878,13:33:29,5.24,0.01,16,8384,买盘
879,13:33:20,5.23,-0.01,128,66944,卖盘
880,13:33:14,5.24,--,9,4716,买盘
881,13:33:10,5.24,--,208,108992,买盘
882,13:32:59,5.24,0.01,15,7860,买盘
883,13:32:50,5.23,--,218,114014,卖盘
884,13:32:44,5.23,-0.01,266,139118,卖盘
885,13:32:40,5.24,0.01,15,7860,买盘
886,13:32:35,5.23,-0.01,181,94663,卖盘
887,13:32:29,5.24,0.01,416,217984,买盘
888,13:32:20,5.23,-0.01,15,7845,卖盘
889,13:32:14,5.24,0.01,19,9956,买盘
890,13:32:09,5.23,--,16,8368,卖盘
891,13:31:59,5.23,--,127,66421,卖盘
892,13:31:49,5.23,-0.01,31,16213,卖盘
893,13:31:44,5.24,--,10,5240,买盘
894,13:31:39,5.24,--,15,7860,买盘
895,13:31:29,5.24,--,15,7860,买盘
896,13:31:19,5.24,--,14,7336,买盘
897,13:31:14,5.24,-0.01,2813,1474373,卖盘
898,13:31:09,5.25,0.01,15,7875,买盘
899,13:30:59,5.24,--,156,81744,卖盘
900,13:30:54,5.24,--,59,30916,卖盘
901,13:30:49,5.24,-0.01,32,16768,卖盘
902,13:30:39,5.25,0.01,16,8400,买盘
903,13:30:29,5.24,-0.01,16,8384,卖盘
904,13:30:19,5.25,--,14,7350,买盘
905,13:30:14,5.25,--,31,16275,买盘
906,13:30:09,5.25,--,224,117600,买盘
907,13:29:59,5.25,0.01,20,10500,买盘
908,13:29:54,5.24,--,23,12052,卖盘
909,13:29:49,5.24,-0.01,29,15196,卖盘
910,13:29:39,5.25,0.01,15,7875,买盘
911,13:29:29,5.24,-0.01,129,67596,卖盘
912,13:29:19,5.25,--,14,7350,买盘
913,13:29:14,5.25,--,422,221550,买盘
914,13:29:09,5.25,--,15,7875,买盘
915,13:28:59,5.25,0.01,18,9450,买盘
916,13:28:49,5.24,-0.01,31,16244,卖盘
917,13:28:39,5.25,--,17,8925,买盘
918,13:28:29,5.25,0.01,15,7875,买盘
919,13:28:24,5.24,--,1,524,卖盘
920,13:28:19,5.24,-0.01,16,8384,卖盘
921,13:28:09,5.25,--,15,7875,买盘
922,13:27:59,5.25,0.01,15,7875,买盘
923,13:27:54,5.24,--,10,5240,卖盘
924,13:27:49,5.24,-0.01,29,15196,卖盘
925,13:27:39,5.25,0.01,16,8400,买盘
926,13:27:34,5.24,-0.01,10,5240,卖盘
927,13:27:29,5.25,--,15,7875,买盘
928,13:27:19,5.25,--,15,7875,买盘
929,13:27:14,5.25,--,219,114975,买盘
930,13:27:09,5.25,0.01,15,7875,买盘
931,13:27:04,5.24,--,50,26200,卖盘
932,13:26:59,5.24,--,29,15196,卖盘
933,13:26:54,5.24,--,113,59212,卖盘
934,13:26:49,5.24,--,31,16244,卖盘
935,13:26:44,5.24,--,2,1048,卖盘
936,13:26:39,5.24,--,443,232132,卖盘
937,13:26:34,5.24,--,116,60784,卖盘
938,13:26:29,5.24,--,26,13624,卖盘
939,13:26:24,5.24,-0.01,2,1048,卖盘
940,13:26:19,5.25,0.01,15,7875,买盘
941,13:26:14,5.24,--,4,2096,卖盘
942,13:26:08,5.24,--,55,28820,卖盘
943,13:25:59,5.24,--,96,50304,卖盘
944,13:25:53,5.24,--,15,7860,卖盘
945,13:25:49,5.24,--,30,15720,卖盘
946,13:25:44,5.24,-0.01,267,139908,卖盘
947,13:25:38,5.25,0.01,20,10500,买盘
948,13:25:29,5.24,--,251,131686,卖盘
949,13:25:23,5.24,-0.01,150,78600,卖盘
950,13:25:19,5.25,0.01,174,91350,买盘
951,13:25:14,5.24,-0.01,77,40348,卖盘
952,13:25:08,5.25,0.01,15,7875,买盘
953,13:24:59,5.24,-0.01,124,64976,卖盘
954,13:24:53,5.25,0.01,1,525,买盘
955,13:24:49,5.24,--,30,15720,卖盘
956,13:24:38,5.24,-0.01,227,118948,卖盘
957,13:24:29,5.25,0.01,15,7875,买盘
958,13:24:19,5.24,0.01,94,49256,买盘
959,13:24:08,5.23,-0.01,16,8368,卖盘
960,13:23:59,5.24,--,14,7336,买盘
961,13:23:48,5.24,--,159,83316,买盘
962,13:23:38,5.24,--,439,230036,买盘
963,13:23:33,5.24,--,6,3144,买盘
964,13:23:28,5.24,0.01,15,7860,买盘
965,13:23:23,5.23,-0.01,26,13598,卖盘
966,13:23:18,5.24,0.01,16,8384,买盘
967,13:23:08,5.23,--,24,12552,卖盘
968,13:23:03,5.23,-0.01,1,523,卖盘
969,13:22:58,5.24,0.01,16,8384,买盘
970,13:22:48,5.23,-0.01,29,15167,卖盘
971,13:22:43,5.24,--,12,6288,买盘
972,13:22:38,5.24,0.01,25,13100,买盘
973,13:22:33,5.23,-0.01,225,117675,卖盘
974,13:22:28,5.24,--,16,8384,买盘
975,13:22:23,5.24,--,1,524,买盘
976,13:22:18,5.24,--,14,7336,买盘
977,13:22:13,5.24,0.01,123,64452,买盘
978,13:22:08,5.23,--,23,12029,卖盘
979,13:21:58,5.23,-0.01,129,67467,卖盘
980,13:21:53,5.24,0.01,17,8908,买盘
981,13:21:48,5.23,--,52,27196,卖盘
982,13:21:38,5.23,-0.01,24,12552,卖盘
983,13:21:33,5.24,--,70,36680,买盘
984,13:21:28,5.24,--,15,7860,买盘
985,13:21:18,5.24,0.01,14,7336,买盘
986,13:21:08,5.23,--,23,12029,卖盘
987,13:21:03,5.23,-0.01,137,71651,卖盘
988,13:20:58,5.24,0.01,201,105324,买盘
989,13:20:48,5.23,--,539,281897,卖盘
990,13:20:43,5.23,--,25,13075,卖盘
991,13:20:38,5.23,-0.01,472,246856,卖盘
992,13:20:28,5.24,0.01,16,8384,买盘
993,13:20:23,5.23,-0.01,25,13075,卖盘
994,13:20:18,5.24,0.01,15,7860,买盘
995,13:20:08,5.23,-0.01,30,15690,卖盘
996,13:19:58,5.24,0.01,19,9956,买盘
997,13:19:53,5.23,--,1,523,卖盘
998,13:19:48,5.23,-0.01,31,16213,卖盘
999,13:19:43,5.24,0.01,20,10480,买盘
1000,13:19:38,5.23,-0.01,23,12029,卖盘
1001,13:19:28,5.24,0.01,15,7860,买盘
1002,13:19:23,5.23,-0.01,200,104600,卖盘
1003,13:19:18,5.24,0.01,85,44540,买盘
1004,13:19:13,5.23,--,5,2615,卖盘
1005,13:19:08,5.23,-0.01,23,12029,卖盘
1006,13:18:58,5.24,--,15,7860,买盘
1007,13:18:53,5.24,0.01,63,33080,买盘
1008,13:18:47,5.23,--,35,18305,卖盘
1009,13:18:38,5.23,-0.01,56,29288,卖盘
1010,13:18:28,5.24,--,84,44016,买盘
1011,13:18:23,5.24,--,190,99560,买盘
1012,13:18:17,5.24,--,47,24628,买盘
1013,13:18:13,5.24,--,233,122327,买盘
1014,13:18:08,5.24,0.01,15,7860,买盘
1015,13:18:02,5.23,-0.01,1,523,卖盘
1016,13:17:58,5.24,0.01,15,7860,买盘
1017,13:17:53,5.23,--,189,98857,卖盘
1018,13:17:47,5.23,-0.01,31,16213,卖盘
1019,13:17:43,5.24,--,134,70216,买盘
1020,13:17:38,5.24,0.01,14,7336,买盘
1021,13:17:32,5.23,--,31,16213,卖盘
1022,13:17:28,5.23,--,96,50208,卖盘
1023,13:17:23,5.23,-0.01,100,52300,卖盘
1024,13:17:17,5.24,--,233,122354,买盘
1025,13:17:08,5.24,--,516,270646,买盘
1026,13:16:58,5.24,--,15,7860,买盘
1027,13:16:53,5.24,--,5,2620,买盘
1028,13:16:47,5.24,0.01,50,26200,买盘
1029,13:16:43,5.23,-0.01,15,7845,卖盘
1030,13:16:37,5.24,--,16,8384,买盘
1031,13:16:28,5.24,--,172,90300,买盘
1032,13:16:23,5.24,--,9,4716,买盘
1033,13:16:17,5.24,--,24,12576,买盘
1034,13:16:12,5.24,--,40,20960,买盘
1035,13:16:08,5.24,--,15,7860,买盘
1036,13:16:02,5.24,--,2,1048,买盘
1037,13:15:57,5.24,0.01,15,7860,买盘
1038,13:15:47,5.23,--,70,36610,卖盘
1039,13:15:42,5.23,-0.01,224,117240,卖盘
1040,13:15:38,5.24,0.01,47,24628,买盘
1041,13:15:27,5.23,-0.01,41,21443,卖盘
1042,13:15:22,5.24,--,110,57640,买盘
1043,13:15:17,5.24,--,4234,2218616,买盘
1044,13:15:07,5.24,--,14,7336,买盘
1045,13:15:02,5.24,--,194,101750,买盘
1046,13:14:57,5.24,0.01,216,113184,买盘
1047,13:14:47,5.23,-0.01,35,18305,卖盘
1048,13:14:37,5.24,--,455,238420,买盘
1049,13:14:32,5.24,--,1000,524000,买盘
1050,13:14:27,5.24,--,15,7860,买盘
1051,13:14:22,5.24,0.01,1,524,买盘
1052,13:14:17,5.23,-0.01,55,28765,卖盘
1053,13:14:12,5.24,--,29,15196,买盘
1054,13:14:07,5.24,0.01,20,10480,买盘
1055,13:14:02,5.23,-0.01,8,4184,卖盘
1056,13:13:57,5.24,0.01,15,7860,买盘
1057,13:13:52,5.23,--,1,523,卖盘
1058,13:13:47,5.23,-0.01,31,16213,卖盘
1059,13:13:42,5.24,--,160,83840,买盘
1060,13:13:37,5.24,0.01,15,7860,买盘
1061,13:13:32,5.23,--,2,1046,卖盘
1062,13:13:27,5.23,-0.01,216,112968,卖盘
1063,13:13:17,5.24,--,16,8384,买盘
1064,13:13:12,5.24,--,2,1048,买盘
1065,13:13:07,5.24,--,14,7336,买盘
1066,13:13:02,5.24,--,14,7336,买盘
1067,13:12:57,5.24,0.01,28,14672,买盘
1068,13:12:52,5.23,--,34,17782,卖盘
1069,13:12:47,5.23,-0.01,242,126566,卖盘
1070,13:12:42,5.24,--,3,1572,买盘
1071,13:12:37,5.24,--,15,7860,买盘
1072,13:12:27,5.24,--,115,60260,买盘
1073,13:12:17,5.24,0.01,15,7860,买盘
1074,13:12:12,5.23,-0.01,10,5230,卖盘
1075,13:12:07,5.24,--,15,7860,买盘
1076,13:12:02,5.24,--,40,20960,买盘
1077,13:11:56,5.24,0.01,213,111612,买盘
1078,13:11:47,5.23,-0.01,69,36087,卖盘
1079,13:11:41,5.24,0.01,20,10480,买盘
1080,13:11:37,5.23,-0.01,95,49685,卖盘
1081,13:11:32,5.24,--,434,227416,买盘
1082,13:11:26,5.24,--,16,8384,买盘
1083,13:11:17,5.24,0.01,15,7860,买盘
1084,13:11:11,5.23,-0.01,1,523,卖盘
1085,13:11:07,5.24,0.01,14,7336,买盘
1086,13:10:56,5.23,--,153,80019,卖盘
1087,13:10:47,5.23,--,31,16213,卖盘
1088,13:10:41,5.23,-0.01,1,523,卖盘
1089,13:10:37,5.24,--,261,136764,买盘
1090,13:10:31,5.24,--,20,10480,买盘
1091,13:10:26,5.24,0.01,15,7860,买盘
1092,13:10:22,5.23,-0.01,1,523,卖盘
1093,13:10:17,5.24,--,15,7860,买盘
1094,13:10:11,5.24,--,57,29868,买盘
1095,13:10:07,5.24,0.01,16,8384,买盘
1096,13:10:02,5.23,-0.01,30,15690,卖盘
1097,13:09:56,5.24,0.01,41,21484,买盘
1098,13:09:52,5.23,--,5,2615,卖盘
1099,13:09:46,5.23,--,241,126043,卖盘
1100,13:09:41,5.23,-0.01,4,2196,卖盘
1101,13:09:37,5.24,0.01,14,7336,买盘
1102,13:09:26,5.23,-0.01,16,8368,卖盘
1103,13:09:16,5.24,--,15,7860,买盘
1104,13:09:07,5.24,0.01,26,13624,买盘
1105,13:09:02,5.23,-0.01,1,523,卖盘
1106,13:08:56,5.24,--,15,7860,买盘
1107,13:08:51,5.24,0.01,177,92748,买盘
1108,13:08:46,5.23,-0.01,29,15167,卖盘
1109,13:08:41,5.24,--,50,26200,买盘
1110,13:08:37,5.24,0.01,16,8384,买盘
1111,13:08:26,5.23,-0.01,26,13598,卖盘
1112,13:08:16,5.24,--,216,113184,买盘
1113,13:08:06,5.24,0.01,15,7860,买盘
1114,13:08:01,5.23,-0.01,456,238488,卖盘
1115,13:07:56,5.24,0.01,14,7336,买盘
1116,13:07:46,5.23,--,31,16213,卖盘
1117,13:07:41,5.23,-0.01,40,20920,卖盘
1118,13:07:36,5.24,--,15,7860,买盘
1119,13:07:26,5.24,0.01,25,13100,买盘
1120,13:07:21,5.23,-0.01,18,9414,卖盘
1121,13:07:16,5.24,0.01,25,13100,买盘
1122,13:07:11,5.23,-0.01,18,9414,卖盘
1123,13:07:06,5.24,--,15,7860,买盘
1124,13:06:56,5.24,0.01,46,24104,买盘
1125,13:06:51,5.23,-0.01,32,16736,卖盘
1126,13:06:46,5.24,--,29,15196,买盘
1127,13:06:36,5.24,0.01,20,10480,买盘
1128,13:06:31,5.23,-0.01,1,523,卖盘
1129,13:06:26,5.24,--,14,7336,买盘
1130,13:06:21,5.24,--,255,133620,买盘
1131,13:06:16,5.24,--,15,7860,买盘
1132,13:06:11,5.24,--,50,26200,买盘
1133,13:06:06,5.24,--,26,13624,买盘
1134,13:05:56,5.24,0.01,15,7860,买盘
1135,13:05:51,5.23,-0.01,16,8368,卖盘
1136,13:05:46,5.24,0.01,16,8384,买盘
1137,13:05:41,5.23,-0.01,154,80542,卖盘
1138,13:05:36,5.24,0.01,18,9432,买盘
1139,13:05:26,5.23,-0.01,122,63806,卖盘
1140,13:05:21,5.24,--,2,1048,买盘
1141,13:05:16,5.24,0.01,18,9432,买盘
1142,13:05:11,5.23,-0.01,54,28242,卖盘
1143,13:05:06,5.24,--,476,249424,买盘
1144,13:04:56,5.24,0.01,526,275624,买盘
1145,13:04:51,5.23,-0.01,32,16736,卖盘
1146,13:04:46,5.24,--,16,8384,买盘
1147,13:04:36,5.24,--,14,7336,买盘
1148,13:04:26,5.24,--,53,27772,买盘
1149,13:04:16,5.24,0.01,15,7860,买盘
1150,13:04:11,5.23,-0.01,0,470,卖盘
1151,13:04:05,5.24,--,20,10480,买盘
1152,13:03:56,5.24,0.01,26,13624,买盘
1153,13:03:50,5.23,-0.01,15,7845,卖盘
1154,13:03:46,5.24,--,14,7336,买盘
1155,13:03:41,5.24,--,98,51352,买盘
1156,13:03:35,5.24,0.01,16,8384,买盘
1157,13:03:30,5.23,-0.01,28,14644,卖盘
1158,13:03:25,5.24,0.01,19,9956,买盘
1159,13:03:20,5.23,-0.01,8,4184,卖盘
1160,13:03:16,5.24,0.01,16,8384,买盘
1161,13:03:10,5.23,-0.01,1,523,卖盘
1162,13:03:05,5.24,--,15,7860,买盘
1163,13:03:01,5.24,0.01,186,97464,买盘
1164,13:02:55,5.23,--,40,20920,卖盘
1165,13:02:50,5.23,--,15,7845,卖盘
1166,13:02:40,5.23,-0.01,1,523,卖盘
1167,13:02:15,5.24,--,446,233704,买盘
1168,13:02:00,5.24,0.01,2,1048,买盘
1169,13:01:50,5.23,-0.01,18,9414,卖盘
1170,13:01:25,5.24,0.01,2,1048,买盘
1171,13:01:20,5.23,--,1,523,卖盘
1172,13:01:15,5.23,-0.01,160,83680,卖盘
1173,13:01:10,5.24,--,19,9956,买盘
1174,13:01:05,5.24,0.01,2,1048,买盘
1175,13:00:55,5.23,--,219,114537,卖盘
1176,13:00:50,5.23,--,124,64852,卖盘
1177,13:00:40,5.23,--,22,11506,卖盘
1178,13:00:35,5.23,-0.01,18,9414,卖盘
1179,13:00:30,5.24,0.01,20,10480,买盘
1180,13:00:25,5.23,-0.01,31,16213,卖盘
1181,13:00:05,5.24,--,1654,866853,买盘
1182,11:30:00,5.24,--,0,0,买盘
1183,11:29:59,5.24,--,0,0,买盘
1184,11:29:57,5.24,0.01,43,22532,买盘
1185,11:29:51,5.23,--,15,7845,卖盘
1186,11:29:46,5.23,-0.01,50,26150,卖盘
1187,11:29:41,5.24,0.01,40,20960,买盘
1188,11:29:36,5.23,--,63,33079,卖盘
1189,11:29:26,5.23,-0.01,1,523,卖盘
1190,11:29:06,5.24,--,4,2096,买盘
1191,11:29:01,5.24,--,447,234228,买盘
1192,11:28:51,5.24,0.01,26,13624,买盘
1193,11:28:46,5.23,-0.01,200,104600,卖盘
1194,11:28:36,5.24,0.01,1,524,买盘
1195,11:28:20,5.23,--,3100,1621300,卖盘
1196,11:28:06,5.23,--,11,5753,卖盘
1197,11:28:01,5.23,-0.01,68,35564,卖盘
1198,11:27:50,5.24,--,59,30916,买盘
1199,11:27:41,5.24,--,11,5764,买盘
1200,11:27:36,5.24,--,5,2620,买盘
1201,11:27:31,5.24,--,200,104800,买盘
1202,11:27:20,5.24,--,10,5240,买盘
1203,11:27:16,5.24,0.01,220,115280,买盘
1204,11:27:01,5.23,--,14,7322,卖盘
1205,11:26:51,5.23,-0.01,16,8368,卖盘
1206,11:26:46,5.24,--,16,8384,买盘
1207,11:26:31,5.24,0.01,10,5240,买盘
1208,11:26:26,5.23,--,413,215999,卖盘
1209,11:25:50,5.23,--,15,7845,卖盘
1210,11:25:35,5.23,-0.01,2,1046,卖盘
1211,11:25:31,5.24,--,5,2620,买盘
1212,11:25:20,5.24,0.01,39,20436,买盘
1213,11:24:50,5.23,--,17,8891,卖盘
1214,11:24:41,5.23,--,45,23535,卖盘
1215,11:24:31,5.23,--,79,41317,卖盘
1216,11:24:21,5.23,--,7,3661,卖盘
1217,11:24:15,5.23,--,15,7845,卖盘
1218,11:24:05,5.23,-0.01,444,232212,卖盘
1219,11:24:01,5.24,0.01,84,44016,买盘
1220,11:23:50,5.23,--,15,7845,卖盘
1221,11:23:46,5.23,--,186,97278,卖盘
1222,11:23:05,5.23,--,46,24058,卖盘
1223,11:23:00,5.23,-0.01,155,81065,卖盘
1224,11:22:55,5.24,0.01,447,234228,买盘
1225,11:22:50,5.23,-0.01,15,7845,卖盘
1226,11:22:29,5.24,--,4,2096,买盘
1227,11:22:10,5.24,0.01,2,1048,买盘
1228,11:22:00,5.23,--,40,20920,卖盘
1229,11:21:50,5.23,--,16,8368,卖盘
1230,11:21:45,5.23,--,56,29288,卖盘
1231,11:21:35,5.23,-0.01,7,3661,卖盘
1232,11:21:15,5.24,--,5,2620,买盘
1233,11:21:10,5.24,0.01,231,121044,买盘
1234,11:21:00,5.23,-0.01,137,71651,卖盘
1235,11:20:55,5.24,0.01,7,3668,买盘
1236,11:20:50,5.23,-0.01,15,7845,卖盘
1237,11:20:39,5.24,0.01,31,16244,买盘
1238,11:20:30,5.23,--,1,523,卖盘
1239,11:20:14,5.23,-0.01,1,523,卖盘
1240,11:20:10,5.24,--,152,79648,买盘
1241,11:19:59,5.24,--,169,88556,买盘
1242,11:19:55,5.24,0.01,401,210124,买盘
1243,11:19:50,5.23,-0.01,68,35564,卖盘
1244,11:19:45,5.24,0.01,20,10480,买盘
1245,11:19:40,5.23,--,3,1569,卖盘
1246,11:19:19,5.23,--,34,17782,卖盘
1247,11:19:10,5.23,--,1,523,卖盘
1248,11:19:05,5.23,--,40,20920,卖盘
1249,11:19:00,5.23,-0.01,2,1046,卖盘
1250,11:18:49,5.24,--,32,16768,买盘
1251,11:18:35,5.24,--,20,10480,买盘
1252,11:18:29,5.24,--,7,3668,买盘
1253,11:18:20,5.24,--,400,209600,买盘
1254,11:18:14,5.24,0.01,19,9956,买盘
1255,11:17:55,5.23,--,1,523,卖盘
1256,11:17:50,5.23,-0.01,20,10460,卖盘
1257,11:17:39,5.24,--,268,140432,买盘
1258,11:17:25,5.24,--,565,296060,买盘
1259,11:17:10,5.24,0.01,2,1048,买盘
1260,11:17:04,5.23,--,1,523,卖盘
1261,11:16:55,5.23,--,500,261500,卖盘
1262,11:16:49,5.23,-0.01,15,7845,卖盘
1263,11:16:44,5.24,0.01,36,18864,买盘
1264,11:16:38,5.23,-0.01,222,116106,卖盘
1265,11:16:23,5.24,--,1,524,买盘
1266,11:16:19,5.24,0.01,104,54496,买盘
1267,11:16:08,5.23,-0.01,20,10460,卖盘
1268,11:15:59,5.24,--,5,2620,买盘
1269,11:15:53,5.24,--,100,52400,买盘
1270,11:15:49,5.24,--,116,60784,买盘
1271,11:15:29,5.24,0.01,20,10480,买盘
1272,11:15:23,5.23,--,205,107215,卖盘
1273,11:15:19,5.23,--,6,3138,卖盘
1274,11:15:08,5.23,--,33,17259,卖盘
1275,11:14:59,5.23,-0.01,20,10460,卖盘
1276,11:14:53,5.24,0.01,250,131000,买盘
1277,11:14:49,5.23,--,15,7845,卖盘
1278,11:14:44,5.23,-0.01,26,13598,卖盘
1279,11:14:38,5.24,--,10,5240,买盘
1280,11:14:33,5.24,--,2,1048,买盘
1281,11:14:28,5.24,0.01,10,5240,买盘
1282,11:14:23,5.23,-0.01,20,10460,卖盘
1283,11:14:08,5.24,0.01,2,1048,买盘
1284,11:14:03,5.23,-0.01,28,14644,卖盘
1285,11:13:59,5.24,--,10,5240,买盘
1286,11:13:53,5.24,--,397,208028,买盘
1287,11:13:49,5.24,--,5,2620,买盘
1288,11:13:43,5.24,--,10,5240,买盘
1289,11:13:38,5.24,--,129,67596,买盘
1290,11:13:34,5.24,--,36,18864,买盘
1291,11:13:23,5.24,--,1,524,买盘
1292,11:13:14,5.24,--,50,26200,买盘
1293,11:13:04,5.24,--,8,4192,买盘
1294,11:12:53,5.24,0.01,232,121568,买盘
1295,11:12:48,5.23,--,1,523,卖盘
1296,11:12:43,5.23,-0.01,54,28242,卖盘
1297,11:12:34,5.24,--,8,4192,买盘
1298,11:12:19,5.24,0.01,55,28820,买盘
1299,11:12:13,5.23,-0.01,80,41840,卖盘
1300,11:12:08,5.24,--,6,3144,买盘
1301,11:12:04,5.24,--,209,109516,买盘
1302,11:11:58,5.24,--,400,209600,买盘
1303,11:11:53,5.24,--,55,28820,买盘
1304,11:11:48,5.24,--,283,148292,买盘
1305,11:11:43,5.24,--,10,5240,买盘
1306,11:11:38,5.24,--,5,2620,买盘
1307,11:11:33,5.24,--,618,323832,买盘
1308,11:11:28,5.24,--,26,13624,买盘
1309,11:11:08,5.24,--,50,26200,买盘
1310,11:11:04,5.24,0.01,29,15196,买盘
1311,11:10:58,5.23,-0.01,137,71651,卖盘
1312,11:10:49,5.24,--,409,214316,买盘
1313,11:10:38,5.24,--,500,262000,买盘
1314,11:10:33,5.24,--,8,4192,买盘
1315,11:10:28,5.24,--,40,20960,买盘
1316,11:10:23,5.24,0.01,30,15720,买盘
1317,11:10:19,5.23,--,387,202401,卖盘
1318,11:10:08,5.23,-0.01,1,523,卖盘
1319,11:10:03,5.24,0.01,51,26724,买盘
1320,11:09:47,5.23,-0.01,15,7845,卖盘
1321,11:09:38,5.24,--,3,1572,买盘
1322,11:09:32,5.24,0.01,8,4192,买盘
1323,11:09:13,5.23,-0.01,13,6799,卖盘
1324,11:09:08,5.24,--,36,18864,买盘
1325,11:09:02,5.24,0.01,210,110040,买盘
1326,11:08:53,5.23,--,2,1046,卖盘
1327,11:08:47,5.23,-0.01,16,8368,卖盘
1328,11:08:43,5.24,0.01,21,11004,买盘
1329,11:08:38,5.23,--,100,52300,卖盘
1330,11:08:32,5.23,-0.01,89,46547,卖盘
1331,11:08:23,5.24,--,10,5240,买盘
1332,11:08:17,5.24,0.01,470,246280,买盘
1333,11:08:08,5.23,-0.01,26,13598,卖盘
1334,11:08:02,5.24,0.01,10,5240,买盘
1335,11:07:53,5.23,--,243,127089,卖盘
1336,11:07:47,5.23,--,15,7845,卖盘
1337,11:07:38,5.23,-0.01,1,523,卖盘
1338,11:07:32,5.24,--,20,10480,买盘
1339,11:07:23,5.24,--,50,26200,买盘
1340,11:07:13,5.24,--,10,5240,买盘
1341,11:07:08,5.24,--,130,68120,买盘
1342,11:07:02,5.24,--,10,5240,买盘
1343,11:06:58,5.24,0.01,32,16768,买盘
1344,11:06:53,5.23,-0.01,21,10983,卖盘
1345,11:06:47,5.24,0.01,20,10480,买盘
1346,11:06:43,5.23,--,31,16286,卖盘
1347,11:06:32,5.23,--,15,7845,卖盘
1348,11:06:22,5.23,--,31,16213,卖盘
1349,11:06:17,5.23,--,1,523,卖盘
1350,11:06:13,5.23,--,29,15167,卖盘
1351,11:06:02,5.23,--,62,32426,卖盘
1352,11:05:47,5.23,--,281,146963,卖盘
1353,11:05:43,5.23,-0.01,31,16213,卖盘
1354,11:05:32,5.24,--,213,111612,买盘
1355,11:05:27,5.24,--,281,147244,买盘
1356,11:05:17,5.24,0.01,744,389856,买盘
1357,11:05:13,5.23,--,273,142779,卖盘
1358,11:05:02,5.23,-0.01,1,523,卖盘
1359,11:04:58,5.24,--,120,62880,买盘
1360,11:04:52,5.24,--,34,18209,卖盘
1361,11:04:47,5.24,--,305,159951,买盘
1362,11:04:43,5.24,0.01,5,2620,买盘
1363,11:04:32,5.23,-0.01,42,21966,卖盘
1364,11:04:28,5.24,--,179,94189,卖盘
1365,11:04:22,5.24,--,238,124712,卖盘
1366,11:04:17,5.24,--,756,396144,卖盘
1367,11:04:13,5.24,--,2151,1127124,卖盘
1368,11:04:07,5.24,--,1225,641900,卖盘
1369,11:03:57,5.24,--,133,69692,卖盘
1370,11:03:47,5.24,--,2275,1192100,卖盘
1371,11:03:42,5.24,--,10,5240,卖盘
1372,11:03:32,5.24,--,63,33012,卖盘
1373,11:03:26,5.24,--,1000,524000,卖盘
1374,11:03:17,5.24,--,593,310732,卖盘
1375,11:03:11,5.24,-0.01,242,126808,卖盘
1376,11:03:07,5.25,0.01,111,58275,买盘
1377,11:03:02,5.24,--,33,17292,卖盘
1378,11:02:56,5.24,--,1176,616224,卖盘
1379,11:02:47,5.24,--,216,113184,卖盘
1380,11:02:41,5.24,--,418,219032,卖盘
1381,11:02:37,5.24,--,100,52400,卖盘
1382,11:02:26,5.24,--,101,52924,卖盘
1383,11:02:17,5.24,--,246,129076,卖盘
1384,11:02:11,5.24,--,60,31440,卖盘
1385,11:02:02,5.24,--,341,178684,卖盘
1386,11:01:56,5.24,--,371,194404,卖盘
1387,11:01:52,5.24,--,79,41396,卖盘
1388,11:01:47,5.24,-0.01,15,7860,卖盘
1389,11:01:41,5.25,0.01,762,400233,买盘
1390,11:01:37,5.24,--,10,5240,卖盘
1391,11:01:32,5.24,--,50,26200,卖盘
1392,11:01:26,5.24,--,189,99036,卖盘
1393,11:01:22,5.24,--,219,114829,卖盘
1394,11:01:17,5.24,--,1630,854120,卖盘
1395,11:01:11,5.24,--,251,131524,卖盘
1396,11:01:07,5.24,--,21,11004,卖盘
1397,11:01:02,5.24,--,103,53972,卖盘
1398,11:00:56,5.24,--,293,153883,卖盘
1399,11:00:52,5.24,--,48,25152,卖盘
1400,11:00:47,5.24,--,45,23580,卖盘
1401,11:00:41,5.24,--,130,68120,卖盘
1402,11:00:37,5.24,--,135,70740,卖盘
1403,11:00:26,5.24,--,2137,1119788,卖盘
1404,11:00:22,5.24,--,54,28296,卖盘
1405,11:00:17,5.24,--,325,170300,卖盘
1406,11:00:11,5.24,--,841,440684,卖盘
1407,11:00:07,5.24,--,2330,1220920,卖盘
1408,11:00:02,5.24,-0.01,1219,638756,卖盘
1409,10:59:56,5.25,0.01,202,106050,买盘
1410,10:59:47,5.24,--,16,8384,卖盘
1411,10:59:36,5.24,--,671,351604,卖盘
1412,10:59:21,5.24,-0.01,80,41920,卖盘
1413,10:59:16,5.25,0.01,431,226275,买盘
1414,10:59:11,5.24,--,134,70216,卖盘
1415,10:59:06,5.24,--,254,133096,卖盘
1416,10:58:56,5.24,--,1,524,卖盘
1417,10:58:52,5.24,--,15,7860,卖盘
1418,10:58:46,5.24,--,326,170824,卖盘
1419,10:58:37,5.24,--,48,25152,卖盘
1420,10:58:31,5.24,--,27,14148,卖盘
1421,10:58:06,5.24,--,44,23056,卖盘
1422,10:58:01,5.24,--,6,3144,卖盘
1423,10:57:56,5.24,--,86,45064,卖盘
1424,10:57:51,5.24,--,16,8384,卖盘
1425,10:57:41,5.24,--,16,8384,卖盘
1426,10:57:36,5.24,-0.01,129,67664,卖盘
1427,10:57:31,5.25,0.01,2,1050,买盘
1428,10:57:21,5.24,--,1,524,卖盘
1429,10:57:11,5.24,--,18,9432,卖盘
1430,10:57:01,5.24,-0.01,41,21484,卖盘
1431,10:56:56,5.25,0.01,93,48825,买盘
1432,10:56:51,5.24,--,57,29868,卖盘
1433,10:56:35,5.24,-0.01,16,8384,卖盘
1434,10:56:26,5.25,0.01,231,121275,买盘
1435,10:56:20,5.24,--,10,5240,卖盘
1436,10:56:11,5.24,--,217,113891,卖盘
1437,10:56:05,5.24,--,1,524,卖盘
1438,10:55:50,5.24,-0.01,26,13624,卖盘
1439,10:55:41,5.25,0.01,442,232050,买盘
1440,10:55:35,5.24,--,469,245756,卖盘
1441,10:55:20,5.24,--,7,3668,卖盘
1442,10:55:16,5.24,--,941,493084,卖盘
1443,10:55:11,5.24,--,403,211172,卖盘
1444,10:55:05,5.24,--,51,26724,卖盘
1445,10:54:50,5.24,--,58,30392,卖盘
1446,10:54:46,5.24,--,1,524,卖盘
1447,10:54:41,5.24,--,20,10480,卖盘
1448,10:54:35,5.24,--,42,22008,卖盘
1449,10:54:20,5.24,--,65,34060,卖盘
1450,10:54:11,5.24,--,5,2620,卖盘
1451,10:54:05,5.24,--,27,14148,卖盘
1452,10:53:56,5.24,--,149,78076,卖盘
1453,10:53:50,5.24,--,396,207504,卖盘
1454,10:53:41,5.24,--,189,99036,卖盘
1455,10:53:35,5.24,--,123,64452,卖盘
1456,10:53:31,5.24,--,201,105324,卖盘
1457,10:53:26,5.24,--,447,234228,卖盘
1458,10:53:20,5.24,--,304,159296,卖盘
1459,10:53:16,5.24,--,10,5240,卖盘
1460,10:53:11,5.24,--,54,28296,卖盘
1461,10:53:05,5.24,--,733,384092,卖盘
1462,10:52:56,5.24,--,1027,538148,卖盘
1463,10:52:50,5.24,--,468,245232,卖盘
1464,10:52:35,5.24,--,100,52400,卖盘
1465,10:52:30,5.24,--,869,455356,卖盘
1466,10:52:20,5.24,--,100,52400,卖盘
1467,10:52:15,5.24,--,134,70216,卖盘
1468,10:52:11,5.24,-0.01,1,524,卖盘
1469,10:52:05,5.25,0.01,55,28875,买盘
1470,10:52:00,5.24,-0.01,2,1048,卖盘
1471,10:51:50,5.25,0.01,25,13125,买盘
1472,10:51:31,5.24,--,53,27772,卖盘
1473,10:51:20,5.24,-0.01,15,7860,卖盘
1474,10:51:16,5.25,--,71,37275,买盘
1475,10:51:01,5.25,0.01,247,129675,买盘
1476,10:50:55,5.24,--,231,121044,卖盘
1477,10:50:50,5.24,-0.01,136,71264,卖盘
1478,10:50:45,5.25,0.01,20,10500,买盘
1479,10:50:40,5.24,--,54,28296,卖盘
1480,10:50:30,5.24,--,101,52924,卖盘
1481,10:50:25,5.24,--,169,88556,卖盘
1482,10:50:20,5.24,--,100,52400,卖盘
1483,10:50:15,5.24,-0.01,455,238420,卖盘
1484,10:50:00,5.25,0.01,4,2100,买盘
1485,10:49:50,5.24,--,17,8908,卖盘
1486,10:49:40,5.24,-0.01,1,524,卖盘
1487,10:49:25,5.25,0.01,55,28875,买盘
1488,10:48:50,5.24,--,15,7860,卖盘
1489,10:48:20,5.24,--,1,524,卖盘
1490,10:48:05,5.24,--,252,132048,卖盘
1491,10:47:50,5.24,-0.01,15,7860,卖盘
1492,10:47:35,5.25,0.01,235,123375,买盘
1493,10:47:29,5.24,--,48,25152,卖盘
1494,10:47:25,5.24,-0.01,121,63404,卖盘
1495,10:47:20,5.25,--,5,2625,买盘
1496,10:47:05,5.25,--,48,25200,买盘
1497,10:46:50,5.25,--,116,60900,买盘
1498,10:46:40,5.25,0.01,397,208425,买盘
1499,10:46:25,5.24,--,200,104800,卖盘
1500,10:46:14,5.24,--,202,105848,卖盘
1501,10:46:10,5.24,--,105,55020,卖盘
1502,10:45:59,5.24,--,510,267240,卖盘
1503,10:45:55,5.24,--,39,20436,卖盘
1504,10:45:50,5.24,--,217,113708,卖盘
1505,10:45:40,5.24,--,10,5240,卖盘
1506,10:45:35,5.24,--,12,6288,卖盘
1507,10:45:29,5.24,--,200,104800,卖盘
1508,10:45:25,5.24,-0.01,88,46112,卖盘
1509,10:45:20,5.25,0.01,31,16275,买盘
1510,10:45:14,5.24,--,5,2620,卖盘
1511,10:44:50,5.24,-0.01,15,7860,卖盘
1512,10:44:34,5.25,0.01,41,21525,买盘
1513,10:44:29,5.24,-0.01,1,524,卖盘
1514,10:44:24,5.25,--,276,144900,买盘
1515,10:44:14,5.25,0.01,208,109200,买盘
1516,10:44:09,5.24,-0.01,80,41920,卖盘
1517,10:44:04,5.25,0.01,396,207900,买盘
1518,10:43:59,5.24,--,27,14148,卖盘
1519,10:43:54,5.24,--,932,488368,卖盘
1520,10:43:49,5.24,-0.01,16,8384,卖盘
1521,10:43:44,5.25,0.01,202,106050,买盘
1522,10:43:39,5.24,--,3287,1722388,卖盘
1523,10:43:34,5.24,--,80,41920,卖盘
1524,10:43:29,5.24,--,334,175016,卖盘
1525,10:43:24,5.24,--,306,160344,卖盘
1526,10:43:19,5.24,--,337,176588,卖盘
1527,10:43:14,5.24,--,191,100084,卖盘
1528,10:43:08,5.24,-0.01,363,190212,卖盘
1529,10:43:04,5.25,0.01,72,37800,买盘
1530,10:42:59,5.24,-0.01,3,1572,卖盘
1531,10:42:53,5.25,--,1075,564375,买盘
1532,10:42:49,5.25,--,174,91350,买盘
1533,10:42:44,5.25,--,119,62475,买盘
1534,10:42:38,5.25,--,10,5250,买盘
1535,10:42:29,5.25,--,40,21000,买盘
1536,10:42:23,5.25,--,1000,525000,买盘
1537,10:42:19,5.25,--,191,100275,买盘
1538,10:42:08,5.25,--,23,12075,买盘
1539,10:41:59,5.25,--,6,3150,买盘
1540,10:41:53,5.25,0.01,1001,525525,买盘
1541,10:41:49,5.24,-0.01,15,7860,卖盘
1542,10:41:38,5.25,--,94,49350,买盘
1543,10:41:23,5.25,0.01,1235,648375,买盘
1544,10:41:04,5.24,--,1,524,卖盘
1545,10:40:59,5.24,-0.01,137,71788,卖盘
1546,10:40:53,5.25,0.01,1397,733425,买盘
1547,10:40:49,5.24,-0.01,15,7860,卖盘
1548,10:40:44,5.25,0.01,20,10500,买盘
1549,10:40:38,5.24,-0.01,4,2096,卖盘
1550,10:40:23,5.25,--,1000,525000,买盘
1551,10:40:08,5.25,0.01,238,124950,买盘
1552,10:40:04,5.24,-0.01,56,29344,卖盘
1553,10:39:53,5.25,0.01,1009,529725,买盘
1554,10:39:49,5.24,--,16,8384,卖盘
1555,10:39:38,5.24,-0.01,11,5764,卖盘
1556,10:39:23,5.25,0.01,1001,525525,买盘
1557,10:39:14,5.24,-0.01,220,115280,卖盘
1558,10:39:08,5.25,0.01,20,10500,买盘
1559,10:38:59,5.24,-0.01,281,147244,卖盘
1560,10:38:53,5.25,0.01,1000,525000,买盘
1561,10:38:49,5.24,-0.01,17,8908,卖盘
1562,10:38:43,5.25,--,130,68250,买盘
1563,10:38:38,5.25,--,220,115500,买盘
1564,10:38:23,5.25,0.01,1000,525000,买盘
1565,10:38:14,5.24,-0.01,50,26200,卖盘
1566,10:38:08,5.25,--,413,216825,买盘
1567,10:37:53,5.25,0.01,1040,546000,买盘
1568,10:37:48,5.24,-0.01,20,10480,卖盘
1569,10:37:38,5.25,0.01,1000,525000,买盘
1570,10:37:29,5.24,--,1,524,卖盘
1571,10:37:23,5.24,-0.01,1020,534480,卖盘
1572,10:37:18,5.25,--,73,38325,买盘
1573,10:37:14,5.25,0.01,22,11550,买盘
1574,10:36:58,5.24,--,50,26200,卖盘
1575,10:36:53,5.24,--,1031,540244,卖盘
1576,10:36:48,5.24,-0.01,17,8908,卖盘
1577,10:36:43,5.25,--,27,14175,买盘
1578,10:36:38,5.25,--,10,5250,买盘
1579,10:36:23,5.25,0.01,1030,540750,买盘
1580,10:35:58,5.24,--,300,157200,卖盘
1581,10:35:53,5.24,--,1007,527668,卖盘
1582,10:35:47,5.24,-0.01,15,7860,卖盘
1583,10:35:38,5.25,0.01,20,10500,买盘
1584,10:35:32,5.24,-0.01,134,70216,卖盘
1585,10:35:28,5.25,--,100,52500,买盘
1586,10:35:22,5.25,--,1194,626850,买盘
1587,10:35:17,5.25,--,190,99750,买盘
1588,10:35:07,5.25,0.01,200,105000,买盘
1589,10:35:02,5.24,-0.01,16,8384,卖盘
1590,10:34:52,5.25,0.01,1005,527625,买盘
1591,10:34:47,5.24,-0.01,453,237372,卖盘
1592,10:34:43,5.25,--,1,525,买盘
1593,10:34:22,5.25,0.01,1000,525000,买盘
1594,10:34:17,5.24,-0.01,1,524,卖盘
1595,10:34:02,5.25,0.01,100,52500,买盘
1596,10:33:58,5.24,-0.01,10,5240,卖盘
1597,10:33:52,5.25,0.01,1001,525525,买盘
1598,10:33:47,5.24,--,16,8384,卖盘
1599,10:33:43,5.24,--,35,18340,卖盘
1600,10:33:37,5.24,--,21,11004,卖盘
1601,10:33:32,5.24,-0.01,42,22008,卖盘
1602,10:33:22,5.25,0.01,97,50925,买盘
1603,10:33:13,5.24,-0.01,47,24628,卖盘
1604,10:33:07,5.25,--,10,5250,买盘
1605,10:33:02,5.25,0.01,333,174825,买盘
1606,10:32:58,5.24,-0.01,1,524,卖盘
1607,10:32:52,5.25,--,304,159600,买盘
1608,10:32:43,5.25,0.01,546,286650,买盘
1609,10:32:37,5.24,--,277,145148,卖盘
1610,10:32:32,5.24,--,47,24628,卖盘
1611,10:32:22,5.24,--,46,24104,卖盘
1612,10:32:13,5.24,-0.01,46,24104,卖盘
1613,10:32:07,5.25,0.01,20,10500,买盘
1614,10:32:02,5.24,--,47,24628,卖盘
1615,10:31:52,5.24,--,435,227940,卖盘
1616,10:31:47,5.24,-0.01,15,7860,卖盘
1617,10:31:43,5.25,--,21,11025,买盘
1618,10:31:37,5.25,0.01,8,4200,买盘
1619,10:31:22,5.24,--,3,1572,卖盘
1620,10:31:17,5.24,-0.01,99,51876,卖盘
1621,10:31:13,5.25,0.01,1,525,买盘
1622,10:31:07,5.24,--,71,37204,卖盘
1623,10:30:57,5.24,--,150,78600,卖盘
1624,10:30:52,5.24,--,1,524,卖盘
1625,10:30:47,5.24,--,16,8384,卖盘
1626,10:30:42,5.24,-0.01,500,262000,卖盘
1627,10:30:32,5.25,0.01,1,525,买盘
1628,10:30:22,5.24,--,663,347412,卖盘
1629,10:30:17,5.24,--,280,146720,卖盘
1630,10:30:12,5.24,--,57,29868,卖盘
1631,10:30:02,5.24,--,46,24104,卖盘
1632,10:29:52,5.24,--,78,40872,卖盘
1633,10:29:47,5.24,--,10,5240,卖盘
1634,10:29:41,5.24,-0.01,47,24628,卖盘
1635,10:29:32,5.25,0.01,296,155400,买盘
1636,10:29:22,5.24,--,47,24628,卖盘
1637,10:29:11,5.24,--,46,24104,卖盘
1638,10:29:07,5.24,--,1,524,卖盘
1639,10:29:02,5.24,--,47,24628,卖盘
1640,10:28:52,5.24,--,67,35108,卖盘
1641,10:28:47,5.24,-0.01,15,7860,卖盘
1642,10:28:37,5.25,--,1,525,买盘
1643,10:28:32,5.25,0.01,382,200550,买盘
1644,10:28:26,5.24,-0.01,279,146196,卖盘
1645,10:28:11,5.25,0.01,2,1050,买盘
1646,10:27:52,5.24,-0.01,1,524,卖盘
1647,10:27:46,5.25,--,20,10500,买盘
1648,10:27:41,5.25,0.01,916,480900,买盘
1649,10:27:37,5.24,--,20,10480,卖盘
1650,10:27:31,5.24,--,14,7336,卖盘
1651,10:27:16,5.24,--,42,22008,卖盘
1652,10:27:11,5.24,--,46,24104,卖盘
1653,10:27:01,5.24,--,48,25152,卖盘
1654,10:26:56,5.24,--,120,62880,卖盘
1655,10:26:52,5.24,--,289,151436,卖盘
1656,10:26:46,5.24,--,1015,531860,卖盘
1657,10:26:41,5.24,--,67,35108,卖盘
1658,10:26:31,5.24,--,47,24628,卖盘
1659,10:26:26,5.24,--,20,10480,卖盘
1660,10:26:16,5.24,--,47,24628,卖盘
1661,10:26:11,5.24,--,47,24628,卖盘
1662,10:26:01,5.24,-0.01,52,27248,卖盘
1663,10:25:52,5.25,0.01,97,50925,买盘
1664,10:25:46,5.24,--,15,7860,卖盘
1665,10:25:31,5.24,-0.01,10,5240,卖盘
1666,10:25:26,5.25,--,391,205275,买盘
1667,10:25:16,5.25,0.01,47,24675,买盘
1668,10:25:11,5.24,--,10,5240,卖盘
1669,10:25:01,5.24,--,29,15196,卖盘
1670,10:24:46,5.24,-0.01,50,26200,卖盘
1671,10:24:37,5.25,--,300,157500,买盘
1672,10:24:31,5.25,0.01,31,16275,买盘
1673,10:24:21,5.24,--,34,17816,卖盘
1674,10:24:16,5.24,--,47,24628,卖盘
1675,10:24:11,5.24,--,47,24628,卖盘
1676,10:24:01,5.24,--,399,209076,卖盘
1677,10:23:56,5.24,--,2,1048,卖盘
1678,10:23:46,5.24,--,62,32488,卖盘
1679,10:23:41,5.24,-0.01,57,29868,卖盘
1680,10:23:36,5.25,0.01,22,11550,买盘
1681,10:23:31,5.24,-0.01,47,24628,卖盘
1682,10:23:26,5.25,0.01,12,6300,买盘
1683,10:23:16,5.24,--,258,135192,卖盘
1684,10:23:11,5.24,-0.01,47,24628,卖盘
1685,10:23:01,5.25,--,59,30975,买盘
1686,10:22:56,5.25,0.01,20,10500,买盘
1687,10:22:51,5.24,-0.01,1,524,卖盘
1688,10:22:46,5.25,0.01,555,291375,买盘
1689,10:22:41,5.24,--,15,7860,卖盘
1690,10:22:11,5.24,-0.01,295,154580,卖盘
1691,10:21:46,5.25,0.01,41,21525,买盘
1692,10:21:26,5.24,--,18,9432,卖盘
1693,10:21:20,5.24,--,35,18340,卖盘
1694,10:21:16,5.24,--,46,24104,卖盘
1695,10:21:11,5.24,--,16,8384,卖盘
1696,10:21:05,5.24,--,46,24104,卖盘
1697,10:21:01,5.24,--,290,151960,卖盘
1698,10:20:55,5.24,--,183,95892,卖盘
1699,10:20:50,5.24,--,18,9432,卖盘
1700,10:20:45,5.24,--,46,24104,卖盘
1701,10:20:40,5.24,--,225,117900,卖盘
1702,10:20:35,5.24,--,87,45588,卖盘
1703,10:20:25,5.24,--,47,24628,卖盘
1704,10:20:20,5.24,--,44,23056,卖盘
1705,10:20:15,5.24,-0.01,951,498324,卖盘
1706,10:20:10,5.25,0.01,249,130725,买盘
1707,10:20:05,5.24,--,48,25152,卖盘
1708,10:19:55,5.24,--,45,23580,卖盘
1709,10:19:50,5.24,--,15,7860,卖盘
1710,10:19:45,5.24,-0.01,47,24628,卖盘
1711,10:19:35,5.25,--,384,201600,买盘
1712,10:19:00,5.25,--,715,375375,买盘
1713,10:18:55,5.25,0.01,43,22575,买盘
1714,10:18:50,5.24,--,19,9956,卖盘
1715,10:18:40,5.24,--,222,116328,卖盘
1716,10:18:30,5.24,--,10,5240,卖盘
1717,10:18:25,5.24,--,13,6812,卖盘
1718,10:17:50,5.24,-0.01,16,8384,卖盘
1719,10:17:35,5.25,--,20,10500,买盘
1720,10:17:30,5.25,0.01,243,127575,买盘
1721,10:17:25,5.24,--,50,26200,卖盘
1722,10:17:20,5.24,-0.01,10,5240,卖盘
1723,10:17:10,5.25,0.01,30,15750,买盘
1724,10:16:50,5.24,-0.01,15,7860,卖盘
1725,10:16:40,5.25,--,389,204225,买盘
1726,10:16:25,5.25,0.01,10,5250,买盘
1727,10:16:20,5.24,-0.01,1,524,卖盘
1728,10:16:15,5.25,--,22,11550,买盘
1729,10:16:10,5.25,--,37,19425,买盘
1730,10:16:05,5.25,--,1,525,买盘
1731,10:16:00,5.25,0.01,5,2625,买盘
1732,10:15:50,5.24,-0.01,25,13100,卖盘
1733,10:15:40,5.25,--,3,1575,买盘
1734,10:15:35,5.25,0.01,100,52500,买盘
1735,10:15:25,5.24,-0.01,40,20960,卖盘
1736,10:15:05,5.25,0.01,2,1050,买盘
1737,10:15:00,5.24,--,1,524,卖盘
1738,10:14:55,5.24,-0.01,100,52400,卖盘
1739,10:14:50,5.25,0.01,19,9975,买盘
1740,10:14:35,5.24,-0.01,250,131000,卖盘
1741,10:14:25,5.25,0.01,225,118125,买盘
1742,10:14:20,5.24,-0.01,15,7860,卖盘
1743,10:14:05,5.25,--,40,21000,买盘
1744,10:13:55,5.25,0.01,456,239400,买盘
1745,10:13:49,5.24,-0.01,15,7860,卖盘
1746,10:13:44,5.25,0.01,12,6300,买盘
1747,10:13:40,5.24,--,19,9956,卖盘
1748,10:13:34,5.24,--,19,9956,卖盘
1749,10:13:29,5.24,-0.01,50,26200,卖盘
1750,10:13:20,5.25,--,18,9450,买盘
1751,10:13:10,5.25,--,20,10500,买盘
1752,10:13:04,5.25,0.01,5,2625,买盘
1753,10:12:59,5.24,-0.01,2,1048,卖盘
1754,10:12:55,5.25,0.01,14,7350,买盘
1755,10:12:49,5.24,-0.01,15,7860,卖盘
1756,10:12:34,5.25,0.01,600,315000,买盘
1757,10:12:29,5.24,-0.01,1,524,卖盘
1758,10:12:24,5.25,--,37,19425,买盘
1759,10:12:19,5.25,--,50,26250,买盘
1760,10:12:09,5.25,0.01,10,5250,买盘
1761,10:12:04,5.24,-0.01,830,434920,卖盘
1762,10:11:49,5.25,--,193,101325,买盘
1763,10:11:34,5.25,--,1007,528675,买盘
1764,10:11:29,5.25,--,11,5775,买盘
1765,10:11:19,5.25,0.01,40,21000,买盘
1766,10:11:09,5.24,-0.01,1,524,卖盘
1767,10:11:04,5.25,0.01,1173,615825,买盘
1768,10:10:59,5.24,-0.01,137,71788,卖盘
1769,10:10:54,5.25,0.01,21,11025,买盘
1770,10:10:49,5.24,-0.01,16,8384,卖盘
1771,10:10:44,5.25,--,142,74550,买盘
1772,10:10:34,5.25,--,2097,1100925,买盘
1773,10:10:29,5.25,--,309,162225,买盘
1774,10:10:24,5.25,--,26,13650,买盘
1775,10:10:14,5.25,--,33,17325,买盘
1776,10:10:04,5.25,--,1600,840000,买盘
1777,10:09:59,5.25,--,150,78750,买盘
1778,10:09:54,5.25,0.01,20,10500,买盘
1779,10:09:49,5.24,--,36,18864,卖盘
1780,10:09:44,5.24,-0.01,10,5240,卖盘
1781,10:09:34,5.25,0.01,1600,840000,买盘
1782,10:09:29,5.24,--,3,1572,卖盘
1783,10:09:19,5.24,-0.01,30,15720,卖盘
1784,10:09:14,5.25,--,12,6300,买盘
1785,10:09:04,5.25,--,1600,840000,买盘
1786,10:08:59,5.25,0.01,20,10500,买盘
1787,10:08:49,5.24,--,20,10480,卖盘
1788,10:08:34,5.24,-0.01,1701,891324,卖盘
1789,10:08:19,5.25,--,289,151725,买盘
1790,10:08:09,5.25,--,10,5250,买盘
1791,10:08:04,5.25,--,1900,997500,买盘
1792,10:07:59,5.25,0.01,25,13125,买盘
1793,10:07:49,5.24,-0.01,22,11528,卖盘
1794,10:07:44,5.25,--,469,246225,买盘
1795,10:07:34,5.25,--,1600,840000,买盘
1796,10:07:29,5.25,--,48,25200,买盘
1797,10:07:24,5.25,0.01,5,2625,买盘
1798,10:07:19,5.24,--,17,8908,卖盘
1799,10:07:14,5.24,-0.01,254,133096,卖盘
1800,10:07:09,5.25,--,17,9030,买盘
1801,10:07:04,5.25,0.01,1600,840000,买盘
1802,10:06:54,5.24,--,124,64976,卖盘
1803,10:06:49,5.24,--,25,13100,卖盘
1804,10:06:44,5.24,-0.01,136,71264,卖盘
1805,10:06:34,5.25,0.01,1628,854700,买盘
1806,10:06:28,5.24,--,22,11528,卖盘
1807,10:06:24,5.24,-0.01,5,2620,卖盘
1808,10:06:19,5.25,--,102,53550,买盘
1809,10:06:13,5.25,0.01,156,81900,买盘
1810,10:06:04,5.24,--,1610,843640,卖盘
1811,10:05:58,5.24,--,101,52924,卖盘
1812,10:05:54,5.24,--,4,2096,卖盘
1813,10:05:49,5.24,--,50,26200,卖盘
1814,10:05:33,5.24,--,1634,856216,卖盘
1815,10:05:28,5.24,-0.01,6,3144,卖盘
1816,10:05:23,5.25,0.01,5,2625,买盘
1817,10:05:19,5.24,--,10,5240,卖盘
1818,10:05:13,5.24,-0.01,19,9956,卖盘
1819,10:05:03,5.25,--,1600,840000,买盘
1820,10:04:58,5.25,--,105,55125,买盘
1821,10:04:53,5.25,--,38,19950,买盘
1822,10:04:48,5.25,0.01,26,13650,买盘
1823,10:04:43,5.24,-0.01,21,11004,卖盘
1824,10:04:38,5.25,--,100,52500,买盘
1825,10:04:33,5.25,--,1602,841050,买盘
1826,10:04:23,5.25,--,86,45150,买盘
1827,10:04:18,5.25,--,10,5250,买盘
1828,10:04:13,5.25,--,1,525,买盘
1829,10:04:08,5.25,--,162,85050,买盘
1830,10:04:03,5.25,--,1600,840000,买盘
1831,10:03:58,5.25,--,273,143325,买盘
1832,10:03:53,5.25,0.01,82,43050,买盘
1833,10:03:48,5.24,-0.01,32,16768,卖盘
1834,10:03:43,5.25,0.01,588,308700,买盘
1835,10:03:38,5.24,-0.01,3,1572,卖盘
1836,10:03:33,5.25,--,1601,840525,买盘
1837,10:03:28,5.25,0.01,156,81900,买盘
1838,10:03:23,5.24,-0.01,7,3668,卖盘
1839,10:03:18,5.25,--,52,27300,买盘
1840,10:03:03,5.25,0.01,101,53025,买盘
1841,10:02:58,5.24,-0.01,471,246804,卖盘
1842,10:02:53,5.25,0.01,905,475125,买盘
1843,10:02:48,5.24,-0.01,15,7860,卖盘
1844,10:02:43,5.25,--,20,10500,买盘
1845,10:02:28,5.25,--,6,3150,买盘
1846,10:02:23,5.25,--,517,271425,买盘
1847,10:02:18,5.25,--,80,42000,买盘
1848,10:02:13,5.25,0.01,584,306600,买盘
1849,10:02:08,5.24,-0.01,171,89604,卖盘
1850,10:01:58,5.25,--,100,52500,买盘
1851,10:01:53,5.25,0.01,505,265125,买盘
1852,10:01:48,5.24,-0.01,34,17816,卖盘
1853,10:01:28,5.25,--,510,267750,买盘
1854,10:01:23,5.25,--,21,11025,买盘
1855,10:01:18,5.25,0.01,14,7350,买盘
1856,10:01:13,5.24,-0.01,10,5240,卖盘
1857,10:01:08,5.25,--,334,175350,买盘
1858,10:01:03,5.25,--,20,10500,买盘
1859,10:00:58,5.25,--,192,100800,买盘
1860,10:00:53,5.25,0.01,541,284025,买盘
1861,10:00:48,5.24,-0.01,15,7860,卖盘
1862,10:00:43,5.25,--,10,5250,买盘
1863,10:00:38,5.25,--,1150,603750,买盘
1864,10:00:33,5.25,--,502,263550,买盘
1865,10:00:22,5.25,0.01,2045,1073625,买盘
1866,10:00:18,5.24,-0.01,10,5240,卖盘
1867,10:00:13,5.25,0.01,20,10500,买盘
1868,10:00:08,5.24,--,381,199644,卖盘
1869,10:00:03,5.24,-0.01,10,5240,卖盘
1870,09:59:58,5.25,--,501,263025,买盘
1871,09:59:52,5.25,0.01,52,27300,买盘
1872,09:59:48,5.24,-0.01,17,8908,卖盘
1873,09:59:37,5.25,--,7,3675,买盘
1874,09:59:22,5.25,--,338,177450,买盘
1875,09:59:13,5.25,--,337,176925,买盘
1876,09:59:07,5.25,--,17,8925,买盘
1877,09:58:52,5.25,0.01,8,4200,买盘
1878,09:58:47,5.24,-0.01,136,71264,卖盘
1879,09:58:43,5.25,--,13,6825,买盘
1880,09:58:37,5.25,--,545,286125,买盘
1881,09:58:28,5.25,0.01,102,53550,买盘
1882,09:58:17,5.24,-0.01,1,524,卖盘
1883,09:58:12,5.25,0.01,108,56700,买盘
1884,09:58:07,5.24,-0.01,45,23580,卖盘
1885,09:58:02,5.25,--,4,2100,买盘
1886,09:57:52,5.25,--,120,63000,买盘
1887,09:57:47,5.25,--,65,34125,买盘
1888,09:57:42,5.25,--,30,15750,买盘
1889,09:57:37,5.25,--,239,125475,买盘
1890,09:57:27,5.25,0.01,152,79800,买盘
1891,09:57:17,5.24,-0.01,79,41396,卖盘
1892,09:57:12,5.25,0.01,40,21000,买盘
1893,09:57:07,5.24,--,14,7336,卖盘
1894,09:57:02,5.24,-0.01,9,4873,卖盘
1895,09:56:57,5.25,--,30,15750,买盘
1896,09:56:52,5.25,0.01,127,66675,买盘
1897,09:56:47,5.24,--,19,9956,卖盘
1898,09:56:42,5.24,--,11,5764,卖盘
1899,09:56:37,5.24,--,42,22008,卖盘
1900,09:56:32,5.24,-0.01,2,1048,卖盘
1901,09:56:27,5.25,--,4,2100,买盘
1902,09:56:12,5.25,--,21,11025,买盘
1903,09:56:07,5.25,--,4,2100,买盘
1904,09:56:02,5.25,0.01,3,1575,买盘
1905,09:55:52,5.24,--,253,132572,卖盘
1906,09:55:47,5.24,-0.01,215,112660,卖盘
1907,09:55:42,5.25,--,15,7875,买盘
1908,09:55:37,5.25,0.01,18,9450,买盘
1909,09:55:32,5.24,--,130,68120,卖盘
1910,09:55:27,5.24,--,20,10480,卖盘
1911,09:55:22,5.24,--,321,168204,卖盘
1912,09:55:17,5.24,-0.01,162,84888,卖盘
1913,09:55:12,5.25,--,9,4725,买盘
1914,09:55:07,5.25,--,30,15750,买盘
1915,09:55:02,5.25,--,28,14700,买盘
1916,09:54:57,5.25,--,95,49875,买盘
1917,09:54:52,5.25,0.01,506,265650,买盘
1918,09:54:47,5.24,-0.01,326,170824,卖盘
1919,09:54:37,5.25,--,239,125475,买盘
1920,09:54:32,5.25,0.01,210,110250,买盘
1921,09:54:27,5.24,-0.01,1,524,卖盘
1922,09:54:22,5.25,--,50,26250,买盘
1923,09:54:17,5.25,0.01,144,75600,买盘
1924,09:54:12,5.24,-0.01,300,157200,卖盘
1925,09:54:07,5.25,--,60,31500,买盘
1926,09:54:02,5.25,0.01,648,340200,买盘
1927,09:53:57,5.24,--,898,470808,卖盘
1928,09:53:52,5.24,--,204,106896,卖盘
1929,09:53:47,5.24,--,193,101132,卖盘
1930,09:53:42,5.24,-0.01,5,2620,卖盘
1931,09:53:37,5.25,--,208,109200,买盘
1932,09:53:22,5.25,--,12,6300,买盘
1933,09:53:12,5.25,0.01,3,1575,买盘
1934,09:53:07,5.24,-0.01,0,5,卖盘
1935,09:53:01,5.25,--,123,64575,买盘
1936,09:52:57,5.25,--,1,525,买盘
1937,09:52:46,5.25,--,111,58275,买盘
1938,09:52:42,5.25,--,9,4725,买盘
1939,09:52:37,5.25,0.01,19,9975,买盘
1940,09:52:22,5.24,-0.01,20,10480,卖盘
1941,09:52:16,5.25,0.01,264,138600,买盘
1942,09:52:01,5.24,--,2,1048,卖盘
1943,09:51:52,5.24,-0.01,2,1048,卖盘
1944,09:51:46,5.25,0.01,116,60900,买盘
1945,09:51:31,5.24,-0.01,10,5240,卖盘
1946,09:51:22,5.25,--,7,3675,买盘
1947,09:51:16,5.25,--,20,10500,买盘
1948,09:51:07,5.25,0.01,10,5250,买盘
1949,09:51:01,5.24,--,361,189164,卖盘
1950,09:50:51,5.24,--,167,87508,卖盘
1951,09:50:46,5.24,--,179,93796,卖盘
1952,09:50:41,5.24,--,4,2096,卖盘
1953,09:50:36,5.24,--,1,524,卖盘
1954,09:50:31,5.24,-0.01,5,2620,卖盘
1955,09:50:16,5.25,0.01,143,75075,买盘
1956,09:50:06,5.24,--,27,14148,卖盘
1957,09:50:01,5.24,--,176,92224,卖盘
1958,09:49:56,5.24,-0.01,24,12612,卖盘
1959,09:49:51,5.25,0.01,4,2100,买盘
1960,09:49:46,5.24,-0.01,15,7860,卖盘
1961,09:49:36,5.25,--,2,1050,买盘
1962,09:49:31,5.25,--,181,95025,买盘
1963,09:49:26,5.25,0.01,151,79275,买盘
1964,09:49:21,5.24,-0.01,21,11004,卖盘
1965,09:49:06,5.25,--,55,28875,买盘
1966,09:49:01,5.25,0.01,88,46200,买盘
1967,09:48:56,5.24,--,174,91176,卖盘
1968,09:48:51,5.24,-0.01,71,37204,卖盘
1969,09:48:46,5.25,--,215,112875,买盘
1970,09:48:41,5.25,0.01,50,26250,买盘
1971,09:48:36,5.24,-0.01,23,12052,卖盘
1972,09:48:31,5.25,--,383,201075,买盘
1973,09:48:26,5.25,0.01,3,1575,买盘
1974,09:48:16,5.24,--,8,4192,卖盘
1975,09:48:01,5.24,-0.01,796,417104,卖盘
1976,09:47:56,5.25,0.01,1182,620550,买盘
1977,09:47:51,5.24,--,1,524,卖盘
1978,09:47:46,5.24,-0.01,46,24104,卖盘
1979,09:47:41,5.25,--,10,5250,买盘
1980,09:47:36,5.25,--,2,1050,买盘
1981,09:47:26,5.25,--,34,17850,买盘
1982,09:46:55,5.25,0.01,8,4200,买盘
1983,09:46:46,5.24,--,126,66024,卖盘
1984,09:46:40,5.24,-0.01,62,32488,卖盘
1985,09:46:31,5.25,0.01,110,57750,买盘
1986,09:46:25,5.24,--,20,10480,卖盘
1987,09:46:16,5.24,--,19,9956,卖盘
1988,09:46:10,5.24,-0.01,360,188640,卖盘
1989,09:46:06,5.25,--,5,2625,买盘
1990,09:46:01,5.25,--,15,7875,买盘
1991,09:45:55,5.25,0.01,34,17850,买盘
1992,09:45:45,5.24,-0.01,26,13624,卖盘
1993,09:45:40,5.25,0.01,10,5250,买盘
1994,09:45:31,5.24,--,2,1048,卖盘
1995,09:45:06,5.24,--,10,5240,卖盘
1996,09:44:50,5.24,--,6,3144,卖盘
1997,09:44:45,5.24,-0.01,35,18340,卖盘
1998,09:44:40,5.25,--,22,11550,买盘
1999,09:44:35,5.25,--,57,29925,买盘
2000,09:44:25,5.25,--,20,10500,买盘
2001,09:44:20,5.25,0.01,20,10500,买盘
2002,09:44:15,5.24,--,38,19912,卖盘
2003,09:44:10,5.24,--,1,524,卖盘
2004,09:44:05,5.24,-0.01,181,94844,卖盘
2005,09:43:55,5.25,0.01,30,15750,买盘
2006,09:43:50,5.24,--,11,5764,卖盘
2007,09:43:45,5.24,--,15,7860,卖盘
2008,09:43:30,5.24,-0.01,12,6288,卖盘
2009,09:43:25,5.25,0.01,5,2625,买盘
2010,09:43:10,5.24,--,1,524,卖盘
2011,09:43:05,5.24,-0.01,244,127856,卖盘
2012,09:42:55,5.25,0.01,6,3150,买盘
2013,09:42:50,5.24,-0.01,16,8384,卖盘
2014,09:42:45,5.25,--,6,3150,买盘
2015,09:42:30,5.25,0.01,529,277725,买盘
2016,09:42:25,5.24,--,1,524,卖盘
2017,09:42:20,5.24,-0.01,572,299728,卖盘
2018,09:42:15,5.25,--,110,57750,买盘
2019,09:42:10,5.25,0.01,1,525,买盘
2020,09:41:50,5.24,-0.01,15,7860,卖盘
2021,09:41:45,5.25,0.01,29,15225,买盘
2022,09:41:40,5.24,-0.01,1,524,卖盘
2023,09:41:35,5.25,--,6,3150,买盘
2024,09:41:25,5.25,0.01,439,230475,买盘
2025,09:41:20,5.24,--,504,264096,卖盘
2026,09:41:05,5.24,--,19,9956,卖盘
2027,09:40:55,5.24,--,137,71788,卖盘
2028,09:40:50,5.24,-0.01,17,8908,卖盘
2029,09:40:39,5.25,--,4,2100,买盘
2030,09:40:34,5.25,--,4,2100,买盘
2031,09:40:30,5.25,0.01,10,5250,买盘
2032,09:40:24,5.24,--,80,41920,卖盘
2033,09:40:19,5.24,-0.01,1,524,卖盘
2034,09:40:15,5.25,0.01,5,2625,买盘
2035,09:40:04,5.24,-0.01,29,15196,卖盘
2036,09:40:00,5.25,0.01,71,37275,买盘
2037,09:39:49,5.24,--,17,8908,卖盘
2038,09:39:45,5.24,--,42,22008,卖盘
2039,09:39:39,5.24,-0.01,134,70216,卖盘
2040,09:39:34,5.25,--,194,101850,买盘
2041,09:39:24,5.25,--,15,7875,买盘
2042,09:39:19,5.25,--,23,12075,买盘
2043,09:39:15,5.25,0.01,50,26250,买盘
2044,09:39:04,5.24,--,1,524,卖盘
2045,09:38:54,5.24,--,40,20960,卖盘
2046,09:38:49,5.24,-0.01,107,56068,卖盘
2047,09:38:45,5.25,--,3,1575,买盘
2048,09:38:39,5.25,--,10,5250,买盘
2049,09:38:30,5.25,--,5,2625,买盘
2050,09:38:24,5.25,--,6,3150,买盘
2051,09:38:09,5.25,0.01,144,75600,买盘
2052,09:38:04,5.24,--,85,44540,卖盘
2053,09:37:59,5.24,--,30,15720,卖盘
2054,09:37:54,5.24,-0.01,77,40348,卖盘
2055,09:37:49,5.25,0.01,116,60900,买盘
2056,09:37:39,5.24,--,3,1572,卖盘
2057,09:37:34,5.24,--,45,23580,卖盘
2058,09:37:29,5.24,-0.01,4,2206,卖盘
2059,09:37:24,5.25,--,254,133350,买盘
2060,09:37:19,5.25,--,212,111300,买盘
2061,09:37:09,5.25,--,116,60900,买盘
2062,09:37:04,5.25,0.01,22,11550,买盘
2063,09:36:59,5.24,--,46,24104,卖盘
2064,09:36:54,5.24,--,20,10480,卖盘
2065,09:36:49,5.24,--,74,38776,卖盘
2066,09:36:39,5.24,-0.01,12,6288,卖盘
2067,09:36:34,5.25,0.01,544,285600,买盘
2068,09:36:29,5.24,-0.01,17,8908,卖盘
2069,09:36:24,5.25,0.01,30,15750,买盘
2070,09:36:19,5.24,-0.01,12,6288,卖盘
2071,09:36:14,5.25,0.01,19,9975,买盘
2072,09:36:04,5.24,-0.01,12,6288,卖盘
2073,09:35:59,5.25,0.01,2250,1181250,买盘
2074,09:35:54,5.24,-0.01,12,6288,卖盘
2075,09:35:49,5.25,--,2027,1064175,买盘
2076,09:35:44,5.25,0.01,31,16275,买盘
2077,09:35:34,5.24,-0.01,513,268812,卖盘
2078,09:35:29,5.25,--,5010,2630250,买盘
2079,09:35:19,5.25,0.01,1,525,买盘
2080,09:35:14,5.24,-0.01,5,2620,卖盘
2081,09:35:09,5.25,--,317,166435,卖盘
2082,09:34:59,5.25,-0.01,10000,5250000,卖盘
2083,09:34:49,5.26,--,116,61016,买盘
2084,09:34:43,5.26,0.01,183,96258,买盘
2085,09:34:24,5.25,--,20,10500,卖盘
2086,09:34:18,5.25,--,19,9975,卖盘
2087,09:34:14,5.25,--,1,525,卖盘
2088,09:34:03,5.25,--,190,100264,卖盘
2089,09:33:58,5.25,-0.01,1,525,卖盘
2090,09:33:48,5.26,--,494,259844,买盘
2091,09:33:33,5.26,0.01,108,56808,买盘
2092,09:33:28,5.25,--,214,112350,卖盘
2093,09:33:24,5.25,--,26,13650,卖盘
2094,09:33:13,5.25,-0.01,164,86100,卖盘
2095,09:33:03,5.26,0.01,119,62594,买盘
2096,09:32:48,5.25,--,17,8925,卖盘
2097,09:32:39,5.25,--,1,525,卖盘
2098,09:32:33,5.25,-0.01,35,18375,卖盘
2099,09:32:28,5.26,0.01,75,39450,买盘
2100,09:32:13,5.25,-0.01,15,7875,卖盘
2101,09:32:03,5.26,--,11,5786,买盘
2102,09:31:48,5.26,--,35,18410,买盘
2103,09:31:33,5.26,--,33,17358,卖盘
2104,09:31:28,5.26,0.01,4,2104,买盘
2105,09:31:23,5.25,-0.01,1,525,卖盘
2106,09:31:18,5.26,--,136,71536,卖盘
2107,09:31:13,5.26,--,77,40502,卖盘
2108,09:31:08,5.26,--,509,267734,卖盘
2109,09:31:03,5.26,-0.01,1,526,卖盘
2110,09:30:58,5.27,0.01,139,73253,买盘
2111,09:30:53,5.26,-0.01,900,473400,卖盘
2112,09:30:43,5.27,--,6,3161,买盘
2113,09:30:18,5.27,--,6,3161,买盘
2114,09:30:13,5.27,0.01,121,63766,买盘
2115,09:30:08,5.26,--,70,36820,卖盘
2116,09:30:03,5.26,--,576,302976,卖盘
2117,09:28:54,5.26,--,0,0,卖盘
2118,09:25:05,5.26,5.26,2220,1167720,买盘
