,time,price,change,volume,amount,type
0,15:00:00,9.93,--,0,0,卖盘
1,15:00:00,9.93,-0.01,0,0,卖盘
2,14:59:58,9.94,0.01,38,37772,买盘
3,14:59:48,9.93,--,10,9930,卖盘
4,14:59:43,9.93,-0.01,17,16881,卖盘
5,14:59:37,9.94,--,521,517874,买盘
6,14:59:33,9.94,--,10,9940,买盘
7,14:59:27,9.94,--,20,19880,买盘
8,14:59:22,9.94,0.01,558,554652,买盘
9,14:59:18,9.93,--,502,498486,卖盘
10,14:59:07,9.93,-0.01,13,12909,卖盘
11,14:59:03,9.94,--,28,27832,买盘
12,14:58:58,9.94,--,105,104370,买盘
13,14:58:37,9.94,--,422,420014,卖盘
14,14:58:33,9.94,--,302,300635,买盘
15,14:58:28,9.94,--,3,2982,买盘
16,14:58:22,9.94,--,2,1988,买盘
17,14:58:18,9.94,--,56,55664,买盘
18,14:58:13,9.94,--,113,112322,买盘
19,14:58:07,9.94,--,10,9940,买盘
20,14:58:02,9.94,--,3,2982,买盘
21,14:57:58,9.94,--,1149,1142106,买盘
22,14:57:52,9.94,--,3,2982,买盘
23,14:57:42,9.94,-0.01,1424,1416002,卖盘
24,14:57:37,9.95,0.01,51,50745,买盘
25,14:57:32,9.94,--,144,143136,卖盘
26,14:57:17,9.94,--,13,12922,卖盘
27,14:57:12,9.94,-0.01,100,99400,卖盘
28,14:57:07,9.95,--,42,41790,买盘
29,14:57:02,9.95,0.01,15,14924,买盘
30,14:56:52,9.94,-0.01,5,4970,卖盘
31,14:56:47,9.95,--,79,78605,买盘
32,14:56:22,9.95,0.01,105,104474,买盘
33,14:56:16,9.94,--,10,9940,卖盘
34,14:56:12,9.94,-0.01,1,994,卖盘
35,14:56:07,9.95,--,1,1820,买盘
36,14:56:01,9.95,0.01,15,14924,买盘
37,14:55:52,9.94,--,1,994,卖盘
38,14:55:42,9.94,--,1,994,卖盘
39,14:55:37,9.94,-0.01,1,994,卖盘
40,14:55:22,9.95,0.01,30,29849,买盘
41,14:55:16,9.94,--,15,14910,卖盘
42,14:55:12,9.94,--,4,3976,卖盘
43,14:55:07,9.94,-0.01,49,48706,卖盘
44,14:54:52,9.95,--,4,3979,买盘
45,14:54:46,9.95,--,123,122384,买盘
46,14:54:42,9.95,0.01,101,100495,买盘
47,14:54:37,9.94,--,35,34790,卖盘
48,14:54:22,9.94,-0.01,31,30814,卖盘
49,14:54:07,9.95,0.01,2,1989,买盘
50,14:54:01,9.94,-0.01,7,6958,卖盘
51,14:53:52,9.95,0.01,5,4975,买盘
52,14:53:46,9.94,-0.01,24,23856,卖盘
53,14:53:37,9.95,--,151,150662,卖盘
54,14:53:31,9.95,--,50,49750,卖盘
55,14:53:27,9.95,--,248,247337,买盘
56,14:53:16,9.95,--,19,19392,买盘
57,14:53:01,9.95,--,276,274620,买盘
58,14:52:57,9.95,0.01,50,49750,买盘
59,14:52:52,9.94,-0.01,1,1838,卖盘
60,14:52:46,9.95,0.01,1,994,买盘
61,14:52:42,9.94,-0.01,23,22862,卖盘
62,14:52:37,9.95,0.01,1,994,买盘
63,14:52:26,9.94,-0.01,0,844,卖盘
64,14:52:07,9.95,--,20,19900,买盘
65,14:52:01,9.95,0.01,1,994,买盘
66,14:51:52,9.94,-0.01,0,874,卖盘
67,14:51:41,9.95,--,36,35820,买盘
68,14:51:37,9.95,0.01,10,9950,买盘
69,14:51:31,9.94,-0.01,11,10934,卖盘
70,14:51:22,9.95,--,10,9950,买盘
71,14:51:16,9.95,0.01,30,29849,买盘
72,14:51:07,9.94,-0.01,0,844,卖盘
73,14:51:01,9.95,--,105,104753,卖盘
74,14:50:46,9.95,--,1312,1306156,买盘
75,14:50:37,9.95,0.01,255,253724,买盘
76,14:50:31,9.94,--,20,19880,卖盘
77,14:50:26,9.94,--,2,2832,卖盘
78,14:50:16,9.94,-0.01,30,29820,卖盘
79,14:50:11,9.95,--,600,597000,买盘
80,14:50:01,9.95,0.01,200,199000,买盘
81,14:49:56,9.94,--,490,487060,卖盘
82,14:49:46,9.94,-0.01,15,14910,卖盘
83,14:49:40,9.95,0.01,43,43640,买盘
84,14:49:31,9.94,--,138,137172,卖盘
85,14:49:21,9.94,--,5,4970,卖盘
86,14:49:16,9.94,-0.01,0,844,卖盘
87,14:49:10,9.95,0.01,2,1989,买盘
88,14:49:00,9.94,--,5,4970,卖盘
89,14:48:55,9.94,--,52,51688,卖盘
90,14:48:51,9.94,--,11,10934,卖盘
91,14:48:46,9.94,--,2,2842,卖盘
92,14:48:40,9.94,-0.01,90,89688,卖盘
93,14:48:35,9.95,0.01,2,1989,买盘
94,14:48:25,9.94,--,139,139010,卖盘
95,14:48:20,9.94,-0.01,26,25844,卖盘
96,14:48:16,9.95,--,6,5970,买盘
97,14:48:01,9.95,0.01,2,1989,买盘
98,14:47:55,9.94,--,24,23856,卖盘
99,14:47:50,9.94,--,3,2982,卖盘
100,14:47:40,9.94,--,14,14770,卖盘
101,14:47:30,9.94,--,11,10934,卖盘
102,14:47:25,9.94,-0.01,142,141992,卖盘
103,14:47:21,9.95,--,10,9950,买盘
104,14:47:16,9.95,0.01,530,527350,买盘
105,14:47:10,9.94,-0.01,6,5964,卖盘
106,14:47:05,9.95,0.01,3,2985,买盘
107,14:46:55,9.94,--,136,136038,卖盘
108,14:46:51,9.94,-0.01,4,3976,卖盘
109,14:46:45,9.95,--,201,199995,买盘
110,14:46:40,9.95,--,1,994,买盘
111,14:46:31,9.95,0.01,35,34825,买盘
112,14:46:25,9.94,-0.01,0,844,卖盘
113,14:46:10,9.95,0.01,199,198005,买盘
114,14:45:55,9.94,--,2,2842,卖盘
115,14:45:50,9.94,-0.01,3,2982,卖盘
116,14:45:46,9.95,--,511,508444,买盘
117,14:45:36,9.95,0.01,2,1989,买盘
118,14:45:15,9.94,-0.01,13,13051,卖盘
119,14:45:10,9.95,--,100,99500,卖盘
120,14:45:00,9.95,--,9,8955,卖盘
121,14:44:55,9.95,--,51,50745,卖盘
122,14:44:51,9.95,--,114,113429,卖盘
123,14:44:46,9.95,--,50,50595,卖盘
124,14:44:40,9.95,--,30,29849,卖盘
125,14:44:35,9.95,--,4,3979,卖盘
126,14:44:30,9.95,--,317,315415,卖盘
127,14:44:25,9.95,--,3,3840,卖盘
128,14:44:20,9.95,--,15,14924,卖盘
129,14:44:15,9.95,-0.01,4,3979,卖盘
130,14:44:05,9.96,--,2,1992,买盘
131,14:44:01,9.96,0.01,26,25896,买盘
132,14:43:55,9.95,--,0,845,卖盘
133,14:43:50,9.95,-0.01,3,2985,卖盘
134,14:43:46,9.96,0.01,7,6972,买盘
135,14:43:40,9.95,--,1,994,卖盘
136,14:43:30,9.95,--,12,11940,卖盘
137,14:43:10,9.95,-0.01,3,3840,卖盘
138,14:43:05,9.96,--,20,19920,买盘
139,14:43:00,9.96,0.01,20,19920,买盘
140,14:42:55,9.95,--,2,2835,卖盘
141,14:42:50,9.95,-0.01,13,12934,卖盘
142,14:42:35,9.96,0.01,2,1992,买盘
143,14:42:20,9.95,--,2,2845,卖盘
144,14:42:14,9.95,-0.01,136,135320,卖盘
145,14:42:09,9.96,0.01,15,14940,买盘
146,14:41:59,9.95,--,13,12934,卖盘
147,14:41:54,9.95,--,8,7959,卖盘
148,14:41:49,9.95,-0.01,506,503469,卖盘
149,14:41:40,9.96,--,2,2838,买盘
150,14:41:24,9.96,0.01,22,21912,买盘
151,14:41:19,9.95,-0.01,12,11940,卖盘
152,14:41:09,9.96,--,3,3844,买盘
153,14:41:03,9.96,0.01,33,32868,买盘
154,14:40:59,9.95,--,14,13929,卖盘
155,14:40:54,9.95,--,0,845,卖盘
156,14:40:49,9.95,--,6,5970,卖盘
157,14:40:39,9.95,-0.01,110,109449,卖盘
158,14:40:29,9.96,0.01,2,1992,买盘
159,14:40:19,9.95,--,83,82585,卖盘
160,14:40:14,9.95,--,136,136175,卖盘
161,14:40:09,9.95,--,12,11940,卖盘
162,14:40:04,9.95,-0.01,136,135320,卖盘
163,14:39:54,9.96,0.01,24,24750,买盘
164,14:39:49,9.95,-0.01,3,2985,卖盘
165,14:39:34,9.96,0.01,15,14940,买盘
166,14:39:19,9.95,--,20,20158,卖盘
167,14:39:14,9.95,-0.01,11,10945,卖盘
168,14:39:04,9.96,--,137,136452,买盘
169,14:38:59,9.96,0.01,101,100596,买盘
170,14:38:49,9.95,-0.01,20,20745,卖盘
171,14:38:39,9.96,--,7,6972,买盘
172,14:38:29,9.96,--,91,90636,买盘
173,14:38:24,9.96,0.01,2,1992,买盘
174,14:38:19,9.95,--,5,4975,卖盘
175,14:38:14,9.95,--,0,855,卖盘
176,14:38:09,9.95,-0.01,20,19900,卖盘
177,14:38:04,9.96,0.01,2,1992,买盘
178,14:37:59,9.95,--,5,4975,卖盘
179,14:37:54,9.95,--,0,845,卖盘
180,14:37:49,9.95,--,15,14924,卖盘
181,14:37:44,9.95,--,136,135320,卖盘
182,14:37:39,9.95,-0.01,504,501479,卖盘
183,14:37:34,9.96,--,1,996,买盘
184,14:37:29,9.96,0.01,2,1992,买盘
185,14:37:24,9.95,-0.01,4,3979,卖盘
186,14:37:09,9.96,0.01,2,2848,买盘
187,14:37:04,9.95,--,26,25869,卖盘
188,14:36:59,9.95,--,83,82585,卖盘
189,14:36:54,9.95,--,3,2985,卖盘
190,14:36:48,9.95,--,9,8955,卖盘
191,14:36:44,9.95,-0.01,0,845,卖盘
192,14:36:34,9.96,0.01,8,7968,买盘
193,14:36:24,9.95,--,0,845,卖盘
194,14:36:19,9.95,--,13,12934,卖盘
195,14:36:14,9.95,--,12,11940,卖盘
196,14:36:04,9.95,-0.01,28,28029,卖盘
197,14:35:59,9.96,0.01,2,1992,买盘
198,14:35:54,9.95,-0.01,5,4975,卖盘
199,14:35:49,9.96,0.01,13,13804,买盘
200,14:35:44,9.95,-0.01,140,139300,卖盘
201,14:35:24,9.96,0.01,2,1992,买盘
202,14:35:18,9.95,-0.01,0,845,卖盘
203,14:35:03,9.96,0.01,22,21912,买盘
204,14:34:59,9.95,--,10,9950,卖盘
205,14:34:54,9.95,--,1,1601,卖盘
206,14:34:48,9.95,--,6,5970,卖盘
207,14:34:44,9.95,-0.01,0,855,卖盘
208,14:34:28,9.96,--,6,5976,买盘
209,14:34:18,9.96,0.01,36,35856,买盘
210,14:34:13,9.95,--,2,2835,卖盘
211,14:34:03,9.95,-0.01,1,994,卖盘
212,14:33:58,9.96,--,100,99600,买盘
213,14:33:53,9.96,0.01,2,1992,买盘
214,14:33:48,9.95,--,3,2985,卖盘
215,14:33:43,9.95,--,10,10805,卖盘
216,14:33:38,9.95,--,11,10945,卖盘
217,14:33:33,9.95,--,138,137310,卖盘
218,14:33:28,9.95,-0.01,1,1840,卖盘
219,14:33:18,9.96,--,13,12948,买盘
220,14:33:03,9.96,--,20,19920,买盘
221,14:32:58,9.96,0.01,2,1992,买盘
222,14:32:48,9.95,--,3,2985,卖盘
223,14:32:42,9.95,-0.01,15,15780,卖盘
224,14:32:23,9.96,0.01,2,1992,买盘
225,14:32:18,9.95,-0.01,11,11790,卖盘
226,14:32:13,9.96,--,23,22908,买盘
227,14:32:08,9.96,--,1,996,买盘
228,14:32:03,9.96,0.01,2,1992,买盘
229,14:31:58,9.95,--,300,298500,卖盘
230,14:31:48,9.95,--,6,5970,卖盘
231,14:31:43,9.95,--,104,103479,卖盘
232,14:31:33,9.95,-0.01,50,50605,卖盘
233,14:31:28,9.96,--,2,1992,买盘
234,14:31:18,9.96,0.01,2,1992,买盘
235,14:31:12,9.95,--,10,9950,卖盘
236,14:31:03,9.95,-0.01,20,20745,卖盘
237,14:30:53,9.96,0.01,12,11952,买盘
238,14:30:48,9.95,--,3,2985,卖盘
239,14:30:42,9.95,-0.01,9,9810,卖盘
240,14:30:33,9.96,0.01,2,1992,买盘
241,14:30:18,9.95,--,3,3830,卖盘
242,14:30:03,9.95,-0.01,1,994,卖盘
243,14:29:58,9.96,0.01,39,38844,买盘
244,14:29:48,9.95,--,4,3979,卖盘
245,14:29:43,9.95,-0.01,24,24735,卖盘
246,14:29:23,9.96,--,2,1992,买盘
247,14:29:13,9.96,--,74,74570,卖盘
248,14:29:08,9.96,--,16,16782,卖盘
249,14:28:53,9.96,-0.01,4,3984,卖盘
250,14:28:48,9.97,0.01,2,1994,买盘
251,14:28:43,9.96,--,74,73982,买盘
252,14:28:38,9.96,--,100,99600,买盘
253,14:28:32,9.96,--,37,36852,买盘
254,14:28:28,9.96,--,51,50796,买盘
255,14:28:12,9.96,0.01,2,1992,买盘
256,14:28:08,9.95,--,2,1989,卖盘
257,14:28:03,9.95,-0.01,8,8805,卖盘
258,14:27:53,9.96,--,17,16932,买盘
259,14:27:48,9.96,--,79,79530,买盘
260,14:27:38,9.96,--,63,62748,买盘
261,14:27:27,9.96,--,92,91632,买盘
262,14:27:23,9.96,--,92,91632,买盘
263,14:27:17,9.96,0.01,2,1992,买盘
264,14:27:03,9.95,-0.01,0,855,卖盘
265,14:26:57,9.96,0.01,51,50796,买盘
266,14:26:53,9.95,-0.01,3,2985,卖盘
267,14:26:42,9.96,0.01,3,2988,买盘
268,14:26:37,9.95,-0.01,0,845,卖盘
269,14:26:22,9.96,--,10,9960,买盘
270,14:26:12,9.96,-0.01,32,32449,卖盘
271,14:26:06,9.97,0.01,2,1994,买盘
272,14:26:02,9.96,--,1,1852,卖盘
273,14:25:52,9.96,-0.01,4,3984,卖盘
274,14:25:47,9.97,0.01,2,1994,买盘
275,14:25:42,9.96,--,0,846,卖盘
276,14:25:27,9.96,-0.01,12,11952,卖盘
277,14:25:12,9.97,--,2,1994,买盘
278,14:25:07,9.97,0.01,15,15812,买盘
279,14:25:02,9.96,-0.01,39,38844,卖盘
280,14:24:52,9.97,0.01,6,5982,买盘
281,14:24:42,9.96,-0.01,0,846,卖盘
282,14:24:37,9.97,--,2,1994,买盘
283,14:24:17,9.97,--,2,1994,买盘
284,14:24:12,9.97,--,49,48853,买盘
285,14:24:07,9.97,0.01,50,49850,买盘
286,14:24:02,9.96,--,119,119500,卖盘
287,14:23:57,9.96,--,11,10956,卖盘
288,14:23:52,9.96,-0.01,4,3984,卖盘
289,14:23:42,9.97,0.01,2,1994,买盘
290,14:23:37,9.96,--,0,846,卖盘
291,14:23:27,9.96,-0.01,203,202735,卖盘
292,14:23:22,9.97,0.01,3,2991,买盘
293,14:23:12,9.96,-0.01,5,4980,卖盘
294,14:23:07,9.97,0.01,2,1994,买盘
295,14:23:02,9.96,-0.01,0,856,卖盘
296,14:22:57,9.97,0.01,2,1994,买盘
297,14:22:52,9.96,-0.01,9,8964,卖盘
298,14:22:47,9.97,0.01,2,1994,买盘
299,14:22:37,9.96,--,1,1643,卖盘
300,14:22:32,9.96,-0.01,15,14940,卖盘
301,14:22:27,9.97,0.01,1,997,买盘
302,14:22:17,9.96,-0.01,26,26294,卖盘
303,14:22:12,9.97,0.01,2,1994,买盘
304,14:22:02,9.96,-0.01,3,3844,卖盘
305,14:21:52,9.97,0.01,8,7976,买盘
306,14:21:47,9.96,-0.01,500,498000,卖盘
307,14:21:36,9.97,--,2,2841,买盘
308,14:21:32,9.97,--,20,19940,买盘
309,14:21:21,9.97,--,2,1994,买盘
310,14:21:17,9.97,0.01,2,1994,买盘
311,14:21:11,9.96,0.01,359,357564,买盘
312,14:21:02,9.95,-0.01,2,2845,卖盘
313,14:20:51,9.96,--,4,3984,买盘
314,14:20:41,9.96,0.01,2,1992,买盘
315,14:20:31,9.95,-0.01,0,845,卖盘
316,14:20:21,9.96,--,5,4980,买盘
317,14:20:06,9.96,0.01,4,3984,买盘
318,14:20:02,9.95,--,0,855,卖盘
319,14:19:56,9.95,--,150,149250,卖盘
320,14:19:51,9.95,--,4,3979,卖盘
321,14:19:32,9.95,--,39,39650,卖盘
322,14:19:26,9.95,--,2,1989,卖盘
323,14:19:02,9.95,--,1,994,卖盘
324,14:18:51,9.95,-0.01,3,2985,卖盘
325,14:18:46,9.96,--,20,19920,买盘
326,14:18:36,9.96,0.01,49,48804,买盘
327,14:18:31,9.95,-0.01,1,994,卖盘
328,14:18:26,9.96,--,52,51792,买盘
329,14:18:16,9.96,0.01,23,22908,买盘
330,14:18:01,9.95,--,3,2985,卖盘
331,14:17:51,9.95,--,4,3979,卖盘
332,14:17:46,9.95,--,1,994,卖盘
333,14:17:36,9.95,--,1,994,卖盘
334,14:17:26,9.95,--,1,994,卖盘
335,14:17:21,9.95,--,11,10945,卖盘
336,14:17:16,9.95,0.01,147,146473,买盘
337,14:17:06,9.94,-0.01,1,994,卖盘
338,14:17:01,9.95,0.01,30,29849,买盘
339,14:16:56,9.94,-0.01,1,994,卖盘
340,14:16:51,9.95,--,344,343066,卖盘
341,14:16:46,9.95,--,1021,1015894,卖盘
342,14:16:41,9.95,--,56,55719,卖盘
343,14:16:36,9.95,-0.01,791,787045,卖盘
344,14:16:31,9.96,0.01,489,487253,买盘
345,14:16:26,9.95,-0.01,1,994,卖盘
346,14:16:21,9.96,--,46,45816,买盘
347,14:16:16,9.96,--,46,45816,买盘
348,14:16:01,9.96,--,257,256758,卖盘
349,14:15:56,9.96,--,189,188244,卖盘
350,14:15:50,9.96,--,4,3984,卖盘
351,14:15:35,9.96,--,7,6972,卖盘
352,14:15:31,9.96,--,11,10956,卖盘
353,14:15:26,9.96,-0.01,11,10956,卖盘
354,14:15:11,9.97,0.01,4,3988,买盘
355,14:15:01,9.96,--,156,155376,卖盘
356,14:14:50,9.96,--,50,49800,卖盘
357,14:14:45,9.96,--,124,123504,卖盘
358,14:14:41,9.96,--,1,996,卖盘
359,14:14:25,9.96,-0.01,1,996,卖盘
360,14:13:55,9.97,--,46,45862,买盘
361,14:13:50,9.97,--,55,54835,买盘
362,14:13:45,9.97,0.01,50,49850,买盘
363,14:13:41,9.96,--,1,996,卖盘
364,14:13:36,9.96,-0.01,1,996,卖盘
365,14:13:30,9.97,0.01,30,29910,买盘
366,14:13:26,9.96,-0.01,70,69720,卖盘
367,14:13:21,9.97,0.01,1,997,买盘
368,14:13:15,9.96,--,5,4980,卖盘
369,14:12:56,9.96,-0.01,1,996,卖盘
370,14:12:51,9.97,--,60,59820,买盘
371,14:12:45,9.97,0.01,45,44865,买盘
372,14:12:30,9.96,--,1,996,卖盘
373,14:12:15,9.96,--,2,1992,卖盘
374,14:12:11,9.96,--,1,996,卖盘
375,14:12:00,9.96,--,20,19920,卖盘
376,14:11:51,9.96,--,3,2988,卖盘
377,14:11:45,9.96,-0.01,1,996,卖盘
378,14:11:30,9.97,--,237,236289,卖盘
379,14:11:15,9.97,-0.01,1,997,卖盘
380,14:11:10,9.98,0.02,23,22954,买盘
381,14:11:05,9.96,--,0,0,卖盘
382,14:11:00,9.96,-0.02,31,30876,卖盘
383,14:10:54,9.98,0.02,139,138722,买盘
384,14:10:50,9.96,-0.02,100,99600,卖盘
385,14:10:45,9.98,--,141,140718,买盘
386,14:10:40,9.98,--,60,59880,买盘
387,14:10:35,9.98,--,173,172654,买盘
388,14:10:30,9.98,0.01,39,38922,买盘
389,14:10:15,9.97,-0.01,1,997,卖盘
390,14:10:10,9.98,0.01,30,29940,买盘
391,14:09:55,9.97,--,13,12961,卖盘
392,14:09:50,9.97,--,3,2991,卖盘
393,14:09:45,9.97,--,1,997,卖盘
394,14:09:25,9.97,-0.01,2,1994,卖盘
395,14:09:05,9.98,--,20,19960,买盘
396,14:08:55,9.98,0.01,219,218562,买盘
397,14:08:50,9.97,--,304,303088,卖盘
398,14:08:45,9.97,-0.01,2,1994,卖盘
399,14:08:35,9.98,--,1,998,买盘
400,14:08:25,9.98,--,36,35928,卖盘
401,14:08:15,9.98,--,24,23952,买盘
402,14:08:05,9.98,0.01,70,69860,买盘
403,14:07:50,9.97,--,80,79760,卖盘
404,14:07:45,9.97,-0.01,137,136589,卖盘
405,14:07:35,9.98,0.01,61,60878,买盘
406,14:07:29,9.97,-0.02,18,17946,卖盘
407,14:07:24,9.99,0.02,225,224775,买盘
408,14:07:20,9.97,-0.01,106,105682,卖盘
409,14:07:14,9.98,0.01,230,229540,买盘
410,14:07:09,9.97,-0.01,150,149550,卖盘
411,14:07:05,9.98,--,537,535926,买盘
412,14:06:59,9.98,--,108,107784,买盘
413,14:06:54,9.98,0.01,220,219560,买盘
414,14:06:50,9.97,-0.02,404,402788,卖盘
415,14:06:44,9.99,0.02,228,227772,买盘
416,14:06:35,9.97,-0.01,240,239280,卖盘
417,14:06:29,9.98,--,0,0,买盘
418,14:06:24,9.98,0.01,1251,1248498,买盘
419,14:06:20,9.97,-0.01,62,61814,卖盘
420,14:06:15,9.98,0.01,1273,1270454,买盘
421,14:06:09,9.97,-0.01,10,9970,卖盘
422,14:06:05,9.98,0.02,235,234530,买盘
423,14:05:54,9.96,-0.01,141,140645,卖盘
424,14:05:49,9.97,0.01,20,19940,买盘
425,14:05:39,9.96,-0.01,35,34860,卖盘
426,14:05:34,9.97,0.01,27,26919,买盘
427,14:05:29,9.96,-0.01,510,507960,卖盘
428,14:05:24,9.97,--,7,6979,买盘
429,14:05:20,9.97,--,21,20937,买盘
430,14:05:15,9.97,--,28,27916,买盘
431,14:05:09,9.97,--,50,49850,买盘
432,14:05:05,9.97,--,56,55832,买盘
433,14:04:54,9.97,0.01,36,35892,买盘
434,14:04:50,9.96,-0.01,54,53784,卖盘
435,14:04:44,9.97,--,66,65802,买盘
436,14:04:39,9.97,--,6,5982,买盘
437,14:04:35,9.97,--,50,49850,买盘
438,14:04:30,9.97,0.01,6,5982,买盘
439,14:04:24,9.96,-0.01,51,50796,卖盘
440,14:04:19,9.97,--,303,302091,买盘
441,14:04:14,9.97,--,0,0,买盘
442,14:04:09,9.97,--,6,5982,买盘
443,14:04:04,9.97,0.01,7,6979,买盘
444,14:03:54,9.96,--,13,12948,卖盘
445,14:03:49,9.96,-0.01,3,2988,中性盘
446,14:03:39,9.97,--,26,25922,买盘
447,14:03:34,9.97,--,7,6979,买盘
448,14:03:29,9.97,--,69,68793,买盘
449,14:03:24,9.97,--,6,5982,买盘
450,14:03:19,9.97,--,6,5982,买盘
451,14:03:09,9.97,0.02,50,49850,买盘
452,14:03:04,9.95,-0.02,22,21890,卖盘
453,14:02:59,9.97,--,119,118643,买盘
454,14:02:54,9.97,0.02,8,7976,买盘
455,14:02:48,9.95,-0.02,24,23880,卖盘
456,14:02:39,9.97,0.01,31,30907,买盘
457,14:02:34,9.96,0.01,88,87648,买盘
458,14:02:23,9.95,-0.01,13,12934,卖盘
459,14:02:19,9.96,--,100,99600,买盘
460,14:02:14,9.96,0.01,7,6972,买盘
461,14:02:04,9.95,0.01,236,234819,买盘
462,14:01:59,9.94,-0.01,7,6958,卖盘
463,14:01:53,9.95,-0.01,264,262680,卖盘
464,14:01:49,9.96,--,30,29880,买盘
465,14:01:43,9.96,0.02,119,118524,买盘
466,14:01:38,9.94,-0.01,52,52363,卖盘
467,14:01:33,9.95,--,57,56714,买盘
468,14:01:29,9.95,--,5,4975,买盘
469,14:01:23,9.95,--,6,5970,买盘
470,14:01:18,9.95,-0.01,211,209944,卖盘
471,14:01:13,9.96,--,57,56772,买盘
472,14:01:03,9.96,0.02,6,5976,买盘
473,14:00:58,9.94,-0.02,31,30814,卖盘
474,14:00:53,9.96,--,28,27888,买盘
475,14:00:48,9.96,--,55,54780,买盘
476,14:00:44,9.96,--,7,6972,买盘
477,14:00:33,9.96,0.02,45,44820,买盘
478,14:00:29,9.94,-0.02,81,80514,卖盘
479,14:00:23,9.96,--,0,0,买盘
480,14:00:18,9.96,0.01,1011,1006956,买盘
481,14:00:14,9.95,0.01,56,55719,买盘
482,14:00:08,9.94,--,5,4970,卖盘
483,14:00:03,9.94,-0.01,40,39760,卖盘
484,13:59:48,9.95,--,17,16915,买盘
485,13:59:43,9.95,--,9,8955,买盘
486,13:59:33,9.95,0.01,7,6964,买盘
487,13:59:23,9.94,-0.01,13,12922,卖盘
488,13:59:13,9.95,--,7,6964,买盘
489,13:59:08,9.95,0.01,77,76744,买盘
490,13:59:03,9.94,-0.01,7,6958,卖盘
491,13:58:53,9.95,--,8,7959,买盘
492,13:58:48,9.95,0.01,10,9950,买盘
493,13:58:43,9.94,-0.01,10,9940,卖盘
494,13:58:33,9.95,--,6,5970,买盘
495,13:58:29,9.95,0.01,44,43780,买盘
496,13:58:23,9.94,-0.01,16,15904,卖盘
497,13:58:18,9.95,--,7,6964,买盘
498,13:58:13,9.95,0.01,82,81590,买盘
499,13:58:03,9.94,--,112,111328,卖盘
500,13:57:58,9.94,-0.01,39,38766,卖盘
501,13:57:53,9.95,0.01,6,5970,买盘
502,13:57:48,9.94,--,23,22862,卖盘
503,13:57:43,9.94,-0.01,14,13916,卖盘
504,13:57:38,9.95,--,2,1989,买盘
505,13:57:33,9.95,0.01,20,19900,买盘
506,13:57:28,9.94,-0.01,120,119280,卖盘
507,13:57:18,9.95,--,6,5970,买盘
508,13:57:13,9.95,--,10,9950,买盘
509,13:57:03,9.95,-0.01,99,99490,卖盘
510,13:56:58,9.96,--,1,996,买盘
511,13:56:48,9.96,--,180,179280,买盘
512,13:56:43,9.96,--,13,12948,买盘
513,13:56:33,9.96,0.01,7,6972,买盘
514,13:56:28,9.95,--,23,22885,卖盘
515,13:56:18,9.95,--,46,45939,卖盘
516,13:56:13,9.95,--,14,13929,卖盘
517,13:56:08,9.95,-0.01,51,50745,卖盘
518,13:56:03,9.96,0.01,6,5976,买盘
519,13:55:58,9.95,--,52,51739,卖盘
520,13:55:53,9.95,-0.01,8,7959,卖盘
521,13:55:48,9.96,--,12,11952,买盘
522,13:55:43,9.96,0.01,7,6972,买盘
523,13:55:38,9.95,-0.01,50,49750,卖盘
524,13:55:33,9.96,0.01,6,5976,买盘
525,13:55:28,9.95,--,9,8955,卖盘
526,13:55:23,9.95,--,152,151598,卖盘
527,13:55:17,9.95,--,50,49750,卖盘
528,13:55:13,9.95,-0.01,42,41790,卖盘
529,13:55:08,9.96,0.01,7,6972,买盘
530,13:55:02,9.95,-0.01,13,12934,卖盘
531,13:54:58,9.96,--,84,84291,买盘
532,13:54:53,9.96,0.01,63,63086,买盘
533,13:54:42,9.95,--,14,13929,卖盘
534,13:54:37,9.95,-0.01,64,63679,卖盘
535,13:54:32,9.96,0.01,6,5976,买盘
536,13:54:27,9.95,-0.01,115,115121,卖盘
537,13:54:23,9.96,0.01,224,223104,买盘
538,13:54:12,9.95,--,82,82445,卖盘
539,13:54:02,9.95,--,31,30844,卖盘
540,13:53:57,9.95,0.01,1077,1072560,买盘
541,13:53:52,9.94,--,94,93465,卖盘
542,13:53:47,9.94,--,5,4970,卖盘
543,13:53:42,9.94,-0.01,176,175401,卖盘
544,13:53:38,9.95,--,15,14924,买盘
545,13:53:32,9.95,0.01,6,5970,买盘
546,13:53:27,9.94,--,39,38766,卖盘
547,13:53:22,9.94,--,13,12922,卖盘
548,13:53:12,9.94,--,17,16898,卖盘
549,13:53:07,9.94,-0.01,84,83615,卖盘
550,13:53:02,9.95,--,32,31839,买盘
551,13:52:57,9.95,--,50,49750,买盘
552,13:52:53,9.95,0.01,25,24875,买盘
553,13:52:47,9.94,-0.01,6,5964,卖盘
554,13:52:42,9.95,0.01,7,6964,买盘
555,13:52:38,9.94,-0.01,157,156058,卖盘
556,13:52:32,9.95,--,6,5970,买盘
557,13:52:27,9.95,--,2,1989,买盘
558,13:52:22,9.95,--,7,6964,买盘
559,13:52:12,9.95,--,9,8955,买盘
560,13:51:57,9.95,--,6,5970,买盘
561,13:51:52,9.95,0.01,10,9950,买盘
562,13:51:47,9.94,-0.01,6,5964,卖盘
563,13:51:42,9.95,--,7,6964,买盘
564,13:51:27,9.95,--,6,5970,买盘
565,13:51:22,9.95,--,7,6964,买盘
566,13:51:12,9.95,0.01,6,5970,买盘
567,13:51:07,9.94,-0.01,100,99400,卖盘
568,13:50:57,9.95,--,144,143280,买盘
569,13:50:52,9.95,--,9,8955,买盘
570,13:50:47,9.95,--,2,1989,买盘
571,13:50:42,9.95,--,7,6964,买盘
572,13:50:32,9.95,--,6,5970,买盘
573,13:50:22,9.95,--,6,5970,买盘
574,13:50:17,9.95,--,22,21890,买盘
575,13:50:12,9.95,0.01,6,5970,买盘
576,13:50:07,9.94,-0.01,2,1988,卖盘
577,13:50:02,9.95,--,1,994,买盘
578,13:49:57,9.95,--,7,6964,买盘
579,13:49:52,9.95,--,20,19900,买盘
580,13:49:42,9.95,--,7,6964,买盘
581,13:49:27,9.95,--,14,13929,买盘
582,13:49:22,9.95,0.01,7,6964,买盘
583,13:49:12,9.94,-0.01,31,30853,卖盘
584,13:49:07,9.95,--,5,4975,买盘
585,13:49:02,9.95,0.01,6,5970,买盘
586,13:48:57,9.94,--,17,16898,卖盘
587,13:48:51,9.94,-0.01,20,19880,卖盘
588,13:48:47,9.95,0.01,1,994,买盘
589,13:48:42,9.94,-0.01,16,15904,卖盘
590,13:48:32,9.95,0.01,28,27859,买盘
591,13:48:26,9.94,-0.01,6,5964,卖盘
592,13:48:22,9.95,0.01,19,18905,买盘
593,13:48:11,9.94,--,7,6958,卖盘
594,13:48:07,9.94,-0.01,1,994,卖盘
595,13:48:02,9.95,0.01,91,90545,买盘
596,13:47:51,9.94,-0.01,38,37772,卖盘
597,13:47:46,9.95,--,1,994,买盘
598,13:47:41,9.95,--,188,187060,买盘
599,13:47:31,9.95,--,95,94534,买盘
600,13:47:21,9.95,--,7,6964,买盘
601,13:47:11,9.95,0.01,6,5970,买盘
602,13:47:06,9.94,-0.01,25,24850,卖盘
603,13:47:01,9.95,--,8,7959,买盘
604,13:46:51,9.95,--,17,17512,买盘
605,13:46:46,9.95,0.01,3,2985,买盘
606,13:46:41,9.94,--,24,23856,卖盘
607,13:46:36,9.94,--,402,400094,买盘
608,13:46:31,9.94,0.01,62,61628,买盘
609,13:46:26,9.93,--,1,993,卖盘
610,13:46:21,9.93,--,44,43692,卖盘
611,13:46:16,9.93,-0.01,19,18867,卖盘
612,13:46:11,9.94,--,7,6958,买盘
613,13:46:01,9.94,0.01,6,5964,买盘
614,13:45:56,9.93,-0.01,1,993,卖盘
615,13:45:51,9.94,0.01,18,17892,买盘
616,13:45:46,9.93,-0.01,7,6951,卖盘
617,13:45:41,9.94,--,6,5964,买盘
618,13:45:31,9.94,0.01,7,6958,买盘
619,13:45:26,9.93,--,40,39720,卖盘
620,13:45:21,9.93,--,40,39720,卖盘
621,13:45:16,9.93,-0.01,20,20376,卖盘
622,13:45:11,9.94,--,6,5964,买盘
623,13:45:01,9.94,0.01,7,6958,买盘
624,13:44:56,9.93,-0.01,35,34755,卖盘
625,13:44:51,9.94,0.01,18,17892,买盘
626,13:44:46,9.93,-0.01,150,148950,卖盘
627,13:44:41,9.94,0.01,6,5964,买盘
628,13:44:36,9.93,--,26,25818,卖盘
629,13:44:31,9.93,--,97,96599,卖盘
630,13:44:26,9.93,-0.01,39,38727,卖盘
631,13:44:21,9.94,--,28,27832,买盘
632,13:44:11,9.94,0.01,6,5964,买盘
633,13:44:06,9.93,--,101,100293,卖盘
634,13:44:01,9.93,--,89,88545,卖盘
635,13:43:51,9.93,-0.01,11,10923,卖盘
636,13:43:46,9.94,--,15,14910,买盘
637,13:43:41,9.94,0.01,7,6958,买盘
638,13:43:36,9.93,-0.01,7,6951,卖盘
639,13:43:31,9.94,--,38,37772,买盘
640,13:43:26,9.94,0.01,29,28826,买盘
641,13:43:21,9.93,-0.01,48,48438,卖盘
642,13:43:16,9.94,--,13,12922,买盘
643,13:43:11,9.94,--,7,6958,买盘
644,13:43:01,9.94,--,31,30814,买盘
645,13:42:51,9.94,--,11,10934,买盘
646,13:42:46,9.94,--,22,21868,买盘
647,13:42:41,9.94,0.01,7,6958,买盘
648,13:42:30,9.93,--,533,530162,卖盘
649,13:42:21,9.93,--,15,14895,卖盘
650,13:42:16,9.93,--,7,6951,卖盘
651,13:42:11,9.93,--,16,15888,卖盘
652,13:42:06,9.93,-0.01,9,8937,卖盘
653,13:42:01,9.94,0.01,14,13916,买盘
654,13:41:51,9.93,--,25,24825,卖盘
655,13:41:46,9.93,-0.01,12,11916,卖盘
656,13:41:41,9.94,--,40,39760,卖盘
657,13:41:36,9.94,-0.01,6,5964,卖盘
658,13:41:31,9.95,0.02,7,6964,买盘
659,13:41:21,9.93,-0.01,8,7944,卖盘
660,13:41:16,9.94,-0.01,5,4970,中性盘
661,13:41:11,9.95,0.02,7,6964,买盘
662,13:41:01,9.93,-0.02,37,36741,卖盘
663,13:40:56,9.95,--,0,0,买盘
664,13:40:49,9.95,0.01,10,9950,买盘
665,13:40:46,9.94,-0.01,800,795249,卖盘
666,13:40:41,9.95,--,6,5970,买盘
667,13:40:30,9.95,--,6,5970,买盘
668,13:40:20,9.95,0.01,7,6964,买盘
669,13:40:15,9.94,-0.01,1,994,卖盘
670,13:40:10,9.95,--,6,5970,买盘
671,13:40:00,9.95,0.01,7,6964,买盘
672,13:39:55,9.94,-0.01,1,994,卖盘
673,13:39:50,9.95,0.01,9,8955,买盘
674,13:39:45,9.94,-0.01,1,994,卖盘
675,13:39:40,9.95,--,6,5970,买盘
676,13:39:30,9.95,--,6,5970,买盘
677,13:39:20,9.95,0.01,6,5970,买盘
678,13:39:15,9.94,--,14,14860,买盘
679,13:39:10,9.94,--,75,74550,买盘
680,13:39:05,9.94,--,87,86537,买盘
681,13:39:00,9.94,0.01,175,173950,买盘
682,13:38:55,9.93,-0.01,10,9930,卖盘
683,13:38:50,9.94,--,11,10934,买盘
684,13:38:45,9.94,--,21,20874,买盘
685,13:38:40,9.94,--,6,5964,买盘
686,13:38:35,9.94,--,120,119280,买盘
687,13:38:30,9.94,--,16,15904,买盘
688,13:38:25,9.94,--,11,10934,买盘
689,13:38:19,9.94,--,6,5964,买盘
690,13:38:15,9.94,--,30,29820,买盘
691,13:38:10,9.94,--,1166,1159004,买盘
692,13:38:00,9.94,--,18,17892,买盘
693,13:37:55,9.94,--,11,10934,买盘
694,13:37:50,9.94,--,9,8946,买盘
695,13:37:45,9.94,--,2,1988,买盘
696,13:37:40,9.94,--,7,6958,买盘
697,13:37:35,9.94,--,9,8946,买盘
698,13:37:30,9.94,--,131,130214,买盘
699,13:37:25,9.94,--,10,9940,买盘
700,13:37:20,9.94,--,6,5964,买盘
701,13:37:15,9.94,--,117,116496,买盘
702,13:37:10,9.94,--,36,35784,买盘
703,13:37:05,9.94,--,30,29820,买盘
704,13:37:00,9.94,--,6,5964,买盘
705,13:36:55,9.94,--,30,29820,买盘
706,13:36:50,9.94,--,98,97412,买盘
707,13:36:45,9.94,--,1017,1010898,买盘
708,13:36:40,9.94,--,6,5964,买盘
709,13:36:30,9.94,--,6,5964,买盘
710,13:36:19,9.94,--,6,5964,买盘
711,13:36:10,9.94,--,6,5964,买盘
712,13:36:00,9.94,--,7,6958,买盘
713,13:35:55,9.94,--,5,4970,买盘
714,13:35:50,9.94,--,9,8946,买盘
715,13:35:40,9.94,--,16,15904,买盘
716,13:35:30,9.94,0.01,9,8946,买盘
717,13:35:25,9.93,-0.01,5,4965,卖盘
718,13:35:19,9.94,0.01,6,5964,买盘
719,13:35:15,9.93,-0.01,39,38727,卖盘
720,13:35:10,9.94,--,27,26838,买盘
721,13:35:00,9.94,--,26,25844,买盘
722,13:34:55,9.94,--,59,58646,买盘
723,13:34:50,9.94,--,11,10934,买盘
724,13:34:40,9.94,--,520,516880,买盘
725,13:34:30,9.94,--,49,48706,买盘
726,13:34:25,9.94,--,7,6958,买盘
727,13:34:19,9.94,--,10,9940,买盘
728,13:34:10,9.94,--,6,5964,买盘
729,13:33:59,9.94,--,6,5964,买盘
730,13:33:50,9.94,--,10,9940,买盘
731,13:33:40,9.94,--,6,5964,买盘
732,13:33:29,9.94,--,6,5964,买盘
733,13:33:19,9.94,--,7,6958,买盘
734,13:33:10,9.94,0.01,6,5964,买盘
735,13:33:04,9.93,-0.01,39,38727,卖盘
736,13:32:59,9.94,0.01,6,5964,买盘
737,13:32:49,9.93,--,323,320739,卖盘
738,13:32:39,9.93,-0.01,7,6951,卖盘
739,13:32:34,9.94,--,27,26838,买盘
740,13:32:29,9.94,--,6,5964,买盘
741,13:32:19,9.94,--,37,36778,买盘
742,13:32:14,9.94,--,10,9940,买盘
743,13:32:09,9.94,--,29,28826,买盘
744,13:31:59,9.94,0.01,7,6958,买盘
745,13:31:54,9.93,--,544,540192,卖盘
746,13:31:49,9.93,--,9,8937,卖盘
747,13:31:44,9.93,-0.01,1000,993000,卖盘
748,13:31:39,9.94,--,7,6958,买盘
749,13:31:34,9.94,--,30,29820,买盘
750,13:31:29,9.94,--,6,5964,买盘
751,13:31:24,9.94,-0.01,482,479475,卖盘
752,13:31:19,9.95,--,9,8955,买盘
753,13:31:09,9.95,0.01,6,5970,买盘
754,13:30:59,9.94,--,38,37772,卖盘
755,13:30:54,9.94,-0.01,66,65604,卖盘
756,13:30:49,9.95,0.01,30,29849,买盘
757,13:30:39,9.94,-0.01,14,13916,卖盘
758,13:30:29,9.95,--,7,6964,买盘
759,13:30:19,9.95,--,6,5970,买盘
760,13:30:09,9.95,0.01,7,6964,买盘
761,13:30:04,9.94,-0.01,15,14910,卖盘
762,13:29:59,9.95,0.01,6,5970,买盘
763,13:29:49,9.94,--,10,9940,卖盘
764,13:29:39,9.94,-0.01,16,15904,卖盘
765,13:29:34,9.95,0.01,20,19900,买盘
766,13:29:29,9.94,-0.01,31,30814,卖盘
767,13:29:19,9.95,0.01,6,5970,买盘
768,13:29:09,9.94,--,166,165004,卖盘
769,13:29:04,9.94,-0.01,61,61309,卖盘
770,13:28:58,9.95,0.01,7,6964,买盘
771,13:28:49,9.94,-0.01,29,28826,卖盘
772,13:28:43,9.95,--,1,994,买盘
773,13:28:39,9.95,--,6,5970,买盘
774,13:28:29,9.95,--,7,6964,买盘
775,13:28:19,9.95,0.01,7,6964,买盘
776,13:28:14,9.94,-0.01,4,3976,卖盘
777,13:28:09,9.95,--,7,6964,买盘
778,13:27:59,9.95,0.01,6,5970,买盘
779,13:27:49,9.94,-0.01,10,9940,卖盘
780,13:27:39,9.95,--,6,5970,买盘
781,13:27:29,9.95,--,7,6964,买盘
782,13:27:24,9.95,--,7,6964,买盘
783,13:27:19,9.95,--,28,27859,买盘
784,13:27:09,9.95,--,6,5970,买盘
785,13:26:59,9.95,0.01,6,5970,买盘
786,13:26:49,9.94,-0.01,11,10934,卖盘
787,13:26:44,9.95,0.01,11,10945,买盘
788,13:26:38,9.94,--,14,13916,卖盘
789,13:26:34,9.94,--,36,35784,卖盘
790,13:26:29,9.94,-0.01,45,44730,卖盘
791,13:26:19,9.95,--,6,5970,买盘
792,13:26:07,9.95,0.01,22,21890,买盘
793,13:26:04,9.94,--,49,48706,卖盘
794,13:25:59,9.94,--,25,24850,卖盘
795,13:25:53,9.94,--,46,45724,卖盘
796,13:25:49,9.94,--,9,8946,卖盘
797,13:25:44,9.94,-0.01,24,23856,卖盘
798,13:25:38,9.95,--,42,41790,买盘
799,13:25:34,9.95,--,132,131489,买盘
800,13:25:29,9.95,--,6,5970,买盘
801,13:25:22,9.95,--,36,35820,买盘
802,13:25:19,9.95,0.01,16,15919,买盘
803,13:25:13,9.94,-0.01,7,6958,卖盘
804,13:25:08,9.95,--,6,5970,买盘
805,13:24:59,9.95,0.01,7,6964,买盘
806,13:24:48,9.94,-0.01,24,23856,卖盘
807,13:24:37,9.95,--,6,5970,买盘
808,13:24:28,9.95,--,7,6964,买盘
809,13:24:18,9.95,0.01,6,5970,买盘
810,13:24:13,9.94,-0.01,15,15108,卖盘
811,13:24:07,9.95,0.01,7,6964,买盘
812,13:24:03,9.94,-0.01,15,14910,卖盘
813,13:23:58,9.95,0.01,12,11940,买盘
814,13:23:53,9.94,--,31,30814,卖盘
815,13:23:48,9.94,-0.01,9,8946,卖盘
816,13:23:38,9.95,--,7,6964,买盘
817,13:23:33,9.95,0.01,20,19900,买盘
818,13:23:28,9.94,-0.01,9,8946,卖盘
819,13:23:18,9.95,0.01,6,5970,买盘
820,13:23:13,9.94,-0.01,18,17892,卖盘
821,13:23:08,9.95,--,6,5970,买盘
822,13:22:58,9.95,0.01,7,6964,买盘
823,13:22:48,9.94,-0.01,10,9940,卖盘
824,13:22:38,9.95,--,32,31839,买盘
825,13:22:28,9.95,0.01,27,26864,买盘
826,13:22:18,9.94,-0.01,13,12922,卖盘
827,13:22:08,9.95,--,7,6964,买盘
828,13:21:58,9.95,0.02,21,21492,买盘
829,13:21:48,9.93,-0.02,10,9930,卖盘
830,13:21:43,9.95,--,2,1989,买盘
831,13:21:37,9.95,--,6,5970,买盘
832,13:21:28,9.95,--,124,123379,买盘
833,13:21:23,9.95,--,32,31839,买盘
834,13:21:18,9.95,--,7,6964,买盘
835,13:21:07,9.95,0.02,13,12934,买盘
836,13:21:03,9.93,-0.02,31,30783,卖盘
837,13:20:58,9.95,--,6,5970,买盘
838,13:20:48,9.95,--,969,964154,买盘
839,13:20:43,9.95,--,100,99500,买盘
840,13:20:38,9.95,--,13,12934,买盘
841,13:20:33,9.95,--,22,21890,买盘
842,13:20:28,9.95,--,6,5970,买盘
843,13:20:18,9.95,--,76,75620,买盘
844,13:20:07,9.95,--,7,6964,买盘
845,13:19:58,9.95,0.02,6,5970,买盘
846,13:19:52,9.93,-0.02,4,3972,卖盘
847,13:19:47,9.95,--,6,5970,买盘
848,13:19:38,9.95,--,22,21890,买盘
849,13:19:28,9.95,--,7,6964,买盘
850,13:19:17,9.95,0.01,6,5970,买盘
851,13:19:07,9.94,--,6,5964,买盘
852,13:18:57,9.94,0.01,14,13916,买盘
853,13:18:52,9.93,-0.01,52,52450,卖盘
854,13:18:47,9.94,0.01,6,5964,买盘
855,13:18:42,9.93,-0.01,3,2979,卖盘
856,13:18:37,9.94,--,53,52682,买盘
857,13:18:28,9.94,--,7,6967,买盘
858,13:18:22,9.94,--,14,13916,买盘
859,13:18:16,9.94,0.01,39,38766,买盘
860,13:18:12,9.93,-0.01,180,179315,卖盘
861,13:18:07,9.94,--,56,55664,买盘
862,13:17:58,9.94,0.01,23,22862,买盘
863,13:17:52,9.93,-0.01,87,86410,卖盘
864,13:17:46,9.94,--,9,8946,买盘
865,13:17:37,9.94,--,22,21868,买盘
866,13:17:27,9.94,0.01,25,24850,买盘
867,13:17:23,9.93,-0.01,75,74475,卖盘
868,13:17:17,9.94,0.01,6,5964,买盘
869,13:17:13,9.93,-0.01,115,114492,卖盘
870,13:17:07,9.94,--,6,5964,买盘
871,13:16:57,9.94,0.01,7,6958,买盘
872,13:16:52,9.93,-0.01,3,2979,卖盘
873,13:16:47,9.94,--,6,5964,买盘
874,13:16:37,9.94,-0.01,112,112023,卖盘
875,13:16:27,9.95,--,89,88953,买盘
876,13:16:17,9.95,0.01,6,5970,买盘
877,13:16:07,9.94,--,47,47065,卖盘
878,13:15:57,9.94,--,10,9940,卖盘
879,13:15:52,9.94,-0.01,504,500976,卖盘
880,13:15:46,9.95,0.01,26,25869,买盘
881,13:15:42,9.94,--,117,117252,卖盘
882,13:15:37,9.94,--,26,25844,卖盘
883,13:15:27,9.94,-0.01,24,23856,卖盘
884,13:15:17,9.95,0.01,6,5970,买盘
885,13:15:12,9.94,--,15,14910,卖盘
886,13:15:07,9.94,--,8,7952,卖盘
887,13:15:01,9.94,-0.01,101,101219,卖盘
888,13:14:57,9.95,0.01,32,31839,买盘
889,13:14:51,9.94,-0.01,3,2982,卖盘
890,13:14:47,9.95,0.01,6,5970,买盘
891,13:14:42,9.94,-0.01,36,35784,卖盘
892,13:14:36,9.95,0.01,7,6964,买盘
893,13:14:31,9.94,--,107,106358,卖盘
894,13:14:27,9.94,-0.01,39,38766,卖盘
895,13:14:16,9.95,--,17,16915,买盘
896,13:14:06,9.95,--,6,5970,买盘
897,13:13:57,9.95,0.01,6,5970,买盘
898,13:13:52,9.94,-0.01,8,7952,卖盘
899,13:13:46,9.95,--,6,5970,买盘
900,13:13:42,9.95,--,36,35820,买盘
901,13:13:37,9.95,--,6,5970,买盘
902,13:13:27,9.95,--,58,57709,买盘
903,13:13:16,9.95,--,6,5970,买盘
904,13:13:12,9.95,0.01,17,16915,买盘
905,13:13:07,9.94,-0.01,17,16898,卖盘
906,13:12:57,9.95,0.01,6,5970,买盘
907,13:12:51,9.94,-0.01,3,2982,卖盘
908,13:12:47,9.95,--,6,5970,买盘
909,13:12:37,9.95,--,7,6964,买盘
910,13:12:26,9.95,0.01,6,5970,买盘
911,13:12:22,9.94,-0.01,12,11928,卖盘
912,13:12:17,9.95,0.01,8,7959,买盘
913,13:12:11,9.94,-0.01,91,90454,卖盘
914,13:12:06,9.95,--,7,6964,买盘
915,13:11:56,9.95,0.01,6,5970,买盘
916,13:11:51,9.94,-0.01,4,3976,卖盘
917,13:11:46,9.95,--,39,38805,买盘
918,13:11:37,9.95,0.01,41,41322,买盘
919,13:11:31,9.94,-0.01,35,34849,卖盘
920,13:11:25,9.95,0.01,7,6964,买盘
921,13:11:21,9.94,-0.01,17,17424,卖盘
922,13:11:16,9.95,--,6,5970,买盘
923,13:11:07,9.95,0.01,6,5970,买盘
924,13:11:01,9.94,-0.01,31,30814,卖盘
925,13:10:56,9.95,0.01,7,6964,买盘
926,13:10:51,9.94,-0.01,6,5964,卖盘
927,13:10:46,9.95,--,28,27859,买盘
928,13:10:36,9.95,--,6,5970,买盘
929,13:10:31,9.95,--,5,4975,买盘
930,13:10:26,9.95,0.01,49,48755,买盘
931,13:10:16,9.94,-0.01,1524,1515382,卖盘
932,13:10:07,9.95,--,6,5970,买盘
933,13:09:56,9.95,0.01,6,5970,买盘
934,13:09:51,9.94,-0.01,37,36778,卖盘
935,13:09:46,9.95,--,43,42785,买盘
936,13:09:36,9.95,--,6,5970,买盘
937,13:09:26,9.95,--,7,6964,买盘
938,13:09:16,9.95,--,39,38805,买盘
939,13:09:06,9.95,--,7,6964,买盘
940,13:08:55,9.95,0.01,6,5970,买盘
941,13:08:51,9.94,-0.01,3,2982,卖盘
942,13:08:46,9.95,--,8,7959,买盘
943,13:08:36,9.95,--,7,6964,买盘
944,13:08:26,9.95,--,6,5970,买盘
945,13:08:16,9.95,--,6,5970,买盘
946,13:08:06,9.95,0.01,6,5970,买盘
947,13:08:01,9.94,-0.01,17,17007,卖盘
948,13:07:55,9.95,0.01,7,6964,买盘
949,13:07:51,9.94,-0.01,4,3976,卖盘
950,13:07:45,9.95,--,6,5970,买盘
951,13:07:36,9.95,--,6,5970,买盘
952,13:07:26,9.95,--,7,6964,买盘
953,13:07:15,9.95,0.02,6,5970,买盘
954,13:07:11,9.93,--,0,0,卖盘
955,13:07:06,9.93,-0.01,24,23832,卖盘
956,13:06:55,9.94,--,8,8578,卖盘
957,13:06:51,9.94,--,4,3976,卖盘
958,13:06:45,9.94,0.01,18,18259,买盘
959,13:06:41,9.93,-0.01,1,993,卖盘
960,13:06:36,9.94,--,12,11928,买盘
961,13:06:26,9.94,--,7,6958,买盘
962,13:06:21,9.94,--,21,20874,买盘
963,13:06:16,9.94,--,6,5964,买盘
964,13:06:06,9.94,--,7,6958,买盘
965,13:06:00,9.94,--,4,3976,买盘
966,13:05:55,9.94,0.01,6,5964,买盘
967,13:05:51,9.93,-0.01,4,3972,卖盘
968,13:05:46,9.94,--,176,174944,买盘
969,13:05:36,9.94,0.01,39,38766,买盘
970,13:05:31,9.93,-0.01,13,12909,卖盘
971,13:05:26,9.94,0.01,7,6958,买盘
972,13:05:21,9.93,-0.01,6,5958,卖盘
973,13:05:16,9.94,--,6,5964,买盘
974,13:05:04,9.94,--,7,6958,买盘
975,13:04:55,9.94,0.01,20,19880,买盘
976,13:04:50,9.93,-0.01,3,2979,卖盘
977,13:04:45,9.94,--,6,5964,买盘
978,13:04:41,9.94,--,5,4970,买盘
979,13:04:35,9.94,--,7,6958,买盘
980,13:04:25,9.94,--,20,19880,买盘
981,13:04:15,9.94,--,38,37772,买盘
982,13:04:05,9.94,--,6,5964,买盘
983,13:04:00,9.94,--,2,1988,买盘
984,13:03:55,9.94,0.01,21,20874,买盘
985,13:03:50,9.93,-0.01,3,2979,卖盘
986,13:03:46,9.94,--,39,38766,买盘
987,13:03:34,9.94,--,6,5964,买盘
988,13:03:25,9.94,--,21,20874,买盘
989,13:03:16,9.94,--,6,5964,买盘
990,13:03:10,9.94,--,6,5964,买盘
991,13:03:05,9.94,--,20,19880,买盘
992,13:03:00,9.94,0.01,200,198800,买盘
993,13:02:49,9.93,--,4,3972,卖盘
994,13:02:25,9.93,-0.01,38,37932,卖盘
995,13:02:15,9.94,--,30,29820,买盘
996,13:02:05,9.94,0.01,1,994,买盘
997,13:01:49,9.93,-0.01,3,2979,卖盘
998,13:01:35,9.94,0.01,21,20874,买盘
999,13:01:30,9.93,-0.01,10,9930,卖盘
1000,13:01:15,9.94,--,118,117292,买盘
1001,13:01:10,9.94,0.01,27,26838,买盘
1002,13:01:00,9.93,--,154,152922,卖盘
1003,13:00:55,9.93,-0.01,13,12909,卖盘
1004,13:00:30,9.94,--,2,1988,买盘
1005,13:00:24,9.94,--,4,3976,买盘
1006,13:00:09,9.94,--,4,3976,买盘
1007,13:00:05,9.94,--,106,105364,买盘
1008,11:30:00,9.94,--,0,0,买盘
1009,11:29:59,9.94,--,0,0,买盘
1010,11:29:50,9.94,--,7,6958,买盘
1011,11:29:36,9.94,0.01,3,2982,买盘
1012,11:29:20,9.93,-0.01,7,6951,卖盘
1013,11:29:15,9.94,--,4,3976,买盘
1014,11:29:00,9.94,0.01,10,9940,买盘
1015,11:28:50,9.93,-0.01,20,19860,卖盘
1016,11:28:46,9.94,--,3,2982,买盘
1017,11:28:35,9.94,--,4,3976,买盘
1018,11:28:20,9.94,--,24,23856,买盘
1019,11:28:15,9.94,--,13,12922,买盘
1020,11:28:00,9.94,0.01,4,3976,买盘
1021,11:27:50,9.93,-0.01,3,2979,卖盘
1022,11:27:45,9.94,--,3,2982,买盘
1023,11:27:41,9.94,--,10,9940,买盘
1024,11:27:35,9.94,--,4,3976,买盘
1025,11:27:25,9.94,0.01,6,5964,买盘
1026,11:27:20,9.93,-0.01,8,7944,卖盘
1027,11:27:16,9.94,--,10,9940,买盘
1028,11:27:10,9.94,--,4,3976,买盘
1029,11:27:06,9.94,0.01,5,4970,买盘
1030,11:26:55,9.93,--,6,5958,卖盘
1031,11:26:50,9.93,-0.01,81,80433,卖盘
1032,11:26:35,9.94,--,4,3976,买盘
1033,11:26:30,9.94,0.01,10,9940,买盘
1034,11:26:20,9.93,-0.01,61,60573,卖盘
1035,11:26:15,9.94,--,4,3976,买盘
1036,11:26:06,9.94,--,3,2982,买盘
1037,11:25:56,9.94,0.01,4,3976,买盘
1038,11:25:50,9.93,--,3,2979,卖盘
1039,11:25:46,9.93,--,10,9930,卖盘
1040,11:25:40,9.93,--,30,29790,卖盘
1041,11:25:35,9.93,0.01,3,2979,卖盘
1042,11:25:26,9.92,--,0,0,卖盘
1043,11:25:20,9.92,-0.01,181,179552,卖盘
1044,11:25:15,9.93,-0.01,8,7944,卖盘
1045,11:25:10,9.94,0.02,400,397600,买盘
1046,11:25:05,9.92,-0.01,37,36704,卖盘
1047,11:25:00,9.93,--,3,2979,买盘
1048,11:24:50,9.93,-0.01,265,263145,卖盘
1049,11:24:45,9.94,0.01,200,198800,买盘
1050,11:24:40,9.93,-0.01,7,6951,卖盘
1051,11:24:36,9.94,--,5,4970,买盘
1052,11:24:25,9.94,--,4,3976,买盘
1053,11:24:20,9.94,--,3,2982,买盘
1054,11:24:05,9.94,--,4,3976,买盘
1055,11:23:59,9.94,--,4,3976,买盘
1056,11:23:55,9.94,0.01,3,2982,买盘
1057,11:23:50,9.93,--,3,2979,卖盘
1058,11:23:44,9.93,--,70,69510,卖盘
1059,11:23:40,9.93,--,54,53622,买盘
1060,11:23:29,9.93,--,4,3972,买盘
1061,11:23:25,9.93,--,110,109230,买盘
1062,11:23:15,9.93,--,11,10923,买盘
1063,11:23:10,9.93,--,3,2979,买盘
1064,11:23:05,9.93,--,20,19860,买盘
1065,11:22:59,9.93,--,3,2979,买盘
1066,11:22:54,9.93,--,54,53622,买盘
1067,11:22:50,9.93,--,30,29790,买盘
1068,11:22:44,9.93,--,20,19860,买盘
1069,11:22:39,9.93,--,37,36741,买盘
1070,11:22:29,9.93,--,4,3972,买盘
1071,11:22:20,9.93,--,53,52629,买盘
1072,11:22:14,9.93,--,28,27804,买盘
1073,11:21:59,9.93,0.01,3,2979,买盘
1074,11:21:54,9.92,--,7,6944,卖盘
1075,11:21:49,9.92,-0.01,3,2976,卖盘
1076,11:21:45,9.93,--,17,16881,买盘
1077,11:21:39,9.93,-0.01,394,391242,卖盘
1078,11:21:34,9.94,0.01,4,3976,买盘
1079,11:21:24,9.93,-0.01,191,189663,卖盘
1080,11:21:15,9.94,0.01,4,3976,买盘
1081,11:20:59,9.93,--,35,34755,卖盘
1082,11:20:55,9.93,--,1,993,卖盘
1083,11:20:50,9.93,-0.01,4,3972,卖盘
1084,11:20:45,9.94,--,47,46718,买盘
1085,11:20:39,9.94,0.01,3,2982,买盘
1086,11:20:29,9.93,-0.01,61,60573,卖盘
1087,11:20:24,9.94,0.01,10,9940,买盘
1088,11:20:14,9.93,-0.01,11,10923,卖盘
1089,11:20:04,9.94,--,4,3976,买盘
1090,11:19:59,9.94,--,55,54670,买盘
1091,11:19:55,9.94,--,0,0,买盘
1092,11:19:50,9.94,--,7,6958,买盘
1093,11:19:44,9.94,0.02,45,44730,买盘
1094,11:19:40,9.92,-0.01,7,6944,卖盘
1095,11:19:34,9.93,-0.01,24,24308,卖盘
1096,11:19:29,9.94,0.01,4,3976,买盘
1097,11:19:25,9.93,-0.01,131,131016,卖盘
1098,11:19:14,9.94,0.01,36,36261,买盘
1099,11:19:09,9.93,-0.01,34,33762,卖盘
1100,11:19:05,9.94,0.01,4,3976,买盘
1101,11:19:00,9.93,-0.01,83,83163,卖盘
1102,11:18:54,9.94,0.01,38,38050,买盘
1103,11:18:49,9.93,--,49,48726,买盘
1104,11:18:39,9.93,0.01,40,40534,买盘
1105,11:18:29,9.92,-0.01,46,46197,卖盘
1106,11:18:25,9.93,--,103,102984,买盘
1107,11:18:19,9.93,0.01,4,3972,买盘
1108,11:18:14,9.92,-0.01,41,40920,卖盘
1109,11:18:09,9.93,--,9,8937,买盘
1110,11:18:04,9.93,0.01,93,92349,买盘
1111,11:17:59,9.92,--,427,424238,卖盘
1112,11:17:53,9.92,--,35,35027,卖盘
1113,11:17:49,9.92,--,3,2976,卖盘
1114,11:17:44,9.92,-0.01,7,6944,卖盘
1115,11:17:39,9.93,--,42,42411,卖盘
1116,11:17:29,9.93,--,33,33503,卖盘
1117,11:17:24,9.93,--,15,14895,卖盘
1118,11:17:19,9.93,0.01,70,70056,买盘
1119,11:17:14,9.92,-0.01,40,39947,卖盘
1120,11:17:08,9.93,0.01,57,56620,买盘
1121,11:16:59,9.92,-0.01,1035,1026720,卖盘
1122,11:16:53,9.93,--,54,53622,卖盘
1123,11:16:49,9.93,--,153,152028,卖盘
1124,11:16:44,9.93,--,36,36572,卖盘
1125,11:16:38,9.93,--,100,99300,卖盘
1126,11:16:34,9.93,-0.01,30,30356,卖盘
1127,11:16:23,9.94,0.01,43,42851,买盘
1128,11:16:14,9.93,-0.01,97,97165,卖盘
1129,11:16:08,9.94,0.01,35,35187,买盘
1130,11:15:59,9.93,--,32,32689,卖盘
1131,11:15:53,9.93,--,11,10923,卖盘
1132,11:15:49,9.93,-0.01,40,40573,卖盘
1133,11:15:44,9.94,--,1,994,买盘
1134,11:15:38,9.94,--,10,9940,买盘
1135,11:15:33,9.94,0.01,91,90454,买盘
1136,11:15:14,9.93,--,14,13902,卖盘
1137,11:15:08,9.93,-0.01,7,6951,卖盘
1138,11:14:58,9.94,--,3,2982,买盘
1139,11:14:48,9.94,0.01,7,6958,买盘
1140,11:14:43,9.93,-0.01,7,6951,卖盘
1141,11:14:38,9.94,--,7,6958,买盘
1142,11:14:33,9.94,-0.01,34,33796,卖盘
1143,11:14:23,9.95,--,4,3979,买盘
1144,11:14:18,9.95,--,4,3979,买盘
1145,11:14:08,9.95,--,4,3979,买盘
1146,11:14:03,9.95,--,1,994,买盘
1147,11:13:53,9.95,0.02,8,7959,买盘
1148,11:13:47,9.93,-0.01,19,18867,卖盘
1149,11:13:43,9.94,--,0,0,中性盘
1150,11:13:38,9.94,0.02,104,104141,买盘
1151,11:13:33,9.92,-0.01,6,5952,卖盘
1152,11:13:28,9.93,--,4,3972,买盘
1153,11:13:18,9.93,--,1497,1486947,卖盘
1154,11:13:13,9.93,-0.01,11,11191,卖盘
1155,11:13:08,9.94,0.01,11,10934,买盘
1156,11:13:03,9.93,-0.01,54,53622,卖盘
1157,11:12:53,9.94,0.01,75,74550,买盘
1158,11:12:48,9.93,-0.01,3,2979,卖盘
1159,11:12:38,9.94,--,19,18886,卖盘
1160,11:12:34,9.94,--,590,586460,卖盘
1161,11:12:28,9.94,-0.01,146,145124,卖盘
1162,11:12:13,9.95,--,20,19900,买盘
1163,11:12:03,9.95,0.01,4,3979,买盘
1164,11:11:58,9.94,-0.01,36,35784,卖盘
1165,11:11:53,9.95,0.01,13,12934,买盘
1166,11:11:48,9.94,-0.01,79,78526,卖盘
1167,11:11:32,9.95,--,1,994,买盘
1168,11:11:17,9.95,--,4,3979,买盘
1169,11:11:02,9.95,--,161,160195,卖盘
1170,11:10:58,9.95,--,35,34825,卖盘
1171,11:10:53,9.95,--,3,2985,卖盘
1172,11:10:48,9.95,--,559,556205,买盘
1173,11:10:43,9.95,--,3,2985,买盘
1174,11:10:38,9.95,--,4,3979,买盘
1175,11:10:32,9.95,--,92,91540,买盘
1176,11:10:28,9.95,0.02,11,10945,买盘
1177,11:10:17,9.93,--,0,0,卖盘
1178,11:10:08,9.93,-0.01,500,496500,卖盘
1179,11:10:02,9.94,--,926,920444,买盘
1180,11:09:58,9.94,0.01,4,3976,买盘
1181,11:09:47,9.93,-0.01,4,3972,卖盘
1182,11:09:28,9.94,0.01,1,994,买盘
1183,11:09:23,9.93,-0.01,100,99300,卖盘
1184,11:09:13,9.94,--,4,3976,买盘
1185,11:09:02,9.94,0.01,5,4970,买盘
1186,11:08:58,9.93,--,20,19860,卖盘
1187,11:08:53,9.93,--,106,105258,卖盘
1188,11:08:47,9.93,--,3,2979,卖盘
1189,11:08:37,9.93,--,500,496500,卖盘
1190,11:08:32,9.93,-0.01,24,23832,卖盘
1191,11:08:28,9.94,--,21,20874,买盘
1192,11:08:17,9.94,--,22,21868,买盘
1193,11:08:02,9.94,0.01,3,2982,买盘
1194,11:07:58,9.93,-0.01,60,59580,卖盘
1195,11:07:53,9.94,0.01,4,3976,买盘
1196,11:07:47,9.93,-0.01,4,3972,卖盘
1197,11:07:42,9.94,--,5,4970,买盘
1198,11:07:32,9.94,0.01,3,2982,买盘
1199,11:07:27,9.93,-0.01,7,6951,卖盘
1200,11:07:22,9.94,--,4,3976,买盘
1201,11:07:02,9.94,--,66,65604,买盘
1202,11:06:58,9.94,0.01,4,3976,买盘
1203,11:06:52,9.93,--,3,2979,卖盘
1204,11:06:47,9.93,--,13,12909,卖盘
1205,11:06:42,9.93,-0.01,21,21131,卖盘
1206,11:06:32,9.94,0.01,3,2982,买盘
1207,11:06:27,9.93,--,4,3972,卖盘
1208,11:06:22,9.93,--,20,19860,卖盘
1209,11:06:17,9.93,--,102,101286,卖盘
1210,11:06:07,9.93,--,64,63810,卖盘
1211,11:06:02,9.93,--,36,35748,卖盘
1212,11:05:47,9.93,-0.02,17,16881,卖盘
1213,11:05:42,9.95,0.01,20,19900,买盘
1214,11:05:32,9.94,--,11,10934,卖盘
1215,11:05:27,9.94,0.01,34,33796,买盘
1216,11:05:17,9.93,-0.01,6,5958,卖盘
1217,11:05:12,9.94,0.01,282,280308,买盘
1218,11:05:07,9.93,--,50,49650,卖盘
1219,11:05:02,9.93,--,81,80433,卖盘
1220,11:04:52,9.93,--,5,4965,卖盘
1221,11:04:47,9.93,-0.01,10,9930,卖盘
1222,11:04:42,9.94,0.01,192,190848,买盘
1223,11:04:37,9.93,-0.01,7,6951,卖盘
1224,11:04:32,9.94,0.01,3,2982,买盘
1225,11:04:27,9.93,-0.01,36,35748,卖盘
1226,11:04:22,9.94,0.01,4,3976,买盘
1227,11:04:17,9.93,-0.01,22,21846,卖盘
1228,11:04:12,9.94,--,31,30814,买盘
1229,11:03:56,9.94,0.01,3,2982,买盘
1230,11:03:47,9.93,--,8,7944,卖盘
1231,11:03:37,9.93,-0.01,4,3972,卖盘
1232,11:03:32,9.94,--,4,3976,买盘
1233,11:03:26,9.94,--,10,9940,买盘
1234,11:03:22,9.94,--,4,3976,买盘
1235,11:03:11,9.94,0.01,39,38766,买盘
1236,11:03:02,9.93,--,473,470443,买盘
1237,11:02:56,9.93,--,33,32769,买盘
1238,11:02:52,9.93,--,27,26811,买盘
1239,11:02:41,9.93,--,14,13902,买盘
1240,11:02:37,9.93,0.01,122,121146,买盘
1241,11:02:32,9.92,-0.01,7,6944,卖盘
1242,11:02:26,9.93,--,120,119160,买盘
1243,11:02:22,9.93,--,320,318584,买盘
1244,11:02:16,9.93,--,1,993,买盘
1245,11:02:11,9.93,--,4,3972,买盘
1246,11:02:07,9.93,--,103,102279,买盘
1247,11:01:56,9.93,0.01,30,29790,买盘
1248,11:01:52,9.92,-0.01,4,3968,卖盘
1249,11:01:47,9.93,--,4,3972,买盘
1250,11:01:41,9.93,0.01,121,120629,买盘
1251,11:01:37,9.92,-0.01,34,33728,卖盘
1252,11:01:32,9.93,--,200,198838,卖盘
1253,11:01:26,9.93,--,54,53622,卖盘
1254,11:01:22,9.93,--,133,132337,卖盘
1255,11:01:16,9.93,-0.01,500,496500,卖盘
1256,11:01:11,9.94,--,526,522844,买盘
1257,11:01:07,9.94,--,4,3976,买盘
1258,11:01:02,9.94,0.01,40,39760,买盘
1259,11:00:56,9.93,--,188,187170,卖盘
1260,11:00:51,9.93,--,53,52629,卖盘
1261,11:00:41,9.93,--,190,188670,卖盘
1262,11:00:36,9.93,--,124,123132,卖盘
1263,11:00:26,9.93,--,18,17874,卖盘
1264,11:00:21,9.93,-0.01,104,103272,卖盘
1265,11:00:16,9.94,0.01,9,8946,买盘
1266,11:00:11,9.93,--,467,463731,卖盘
1267,11:00:07,9.93,-0.02,1113,1105209,卖盘
1268,10:59:56,9.95,0.01,52,51739,买盘
1269,10:59:51,9.94,-0.01,3,2982,卖盘
1270,10:59:46,9.95,0.01,3,2985,买盘
1271,10:59:36,9.94,--,148,147112,卖盘
1272,10:59:31,9.94,-0.01,31,30814,卖盘
1273,10:59:26,9.95,0.01,9,8955,买盘
1274,10:59:21,9.94,--,334,331996,卖盘
1275,10:59:11,9.94,-0.01,18,17892,卖盘
1276,10:59:06,9.95,0.01,146,145270,买盘
1277,10:59:01,9.94,0.01,3,2982,买盘
1278,10:58:56,9.93,-0.01,31,30783,卖盘
1279,10:58:51,9.94,--,5,4970,买盘
1280,10:58:36,9.94,--,8,7952,买盘
1281,10:58:26,9.94,0.01,3,2982,买盘
1282,10:58:22,9.93,-0.01,33,32769,卖盘
1283,10:58:06,9.94,--,14,13916,买盘
1284,10:57:56,9.94,0.01,3,2982,买盘
1285,10:57:51,9.93,-0.01,48,47664,卖盘
1286,10:57:46,9.94,--,40,39760,买盘
1287,10:57:41,9.94,--,22,21868,买盘
1288,10:57:36,9.94,--,32,31808,买盘
1289,10:57:31,9.94,--,5,4970,买盘
1290,10:57:25,9.94,--,20,19880,买盘
1291,10:57:20,9.94,--,21,20874,买盘
1292,10:57:16,9.94,--,16,15904,买盘
1293,10:57:11,9.94,--,3,2982,买盘
1294,10:57:05,9.94,--,94,93436,买盘
1295,10:57:01,9.94,--,10,9940,买盘
1296,10:56:56,9.94,--,29,28826,买盘
1297,10:56:50,9.94,--,54,53676,买盘
1298,10:56:41,9.94,--,58,57652,买盘
1299,10:56:31,9.94,--,63,62622,买盘
1300,10:56:20,9.94,--,3,2982,买盘
1301,10:56:11,9.94,--,15,14910,买盘
1302,10:56:05,9.94,0.01,43,42742,中性盘
1303,10:55:55,9.93,-0.02,22,21846,卖盘
1304,10:55:50,9.95,--,27,26864,买盘
1305,10:55:40,9.95,0.02,3,2985,买盘
1306,10:55:35,9.93,-0.02,500,496500,卖盘
1307,10:55:25,9.95,--,4,3979,买盘
1308,10:55:10,9.95,--,3,2985,买盘
1309,10:55:01,9.95,--,1,994,买盘
1310,10:54:56,9.95,0.02,4,3979,买盘
1311,10:54:50,9.93,-0.02,26,25818,卖盘
1312,10:54:46,9.95,--,4,3979,买盘
1313,10:54:35,9.95,0.02,3,2985,买盘
1314,10:54:31,9.93,-0.01,22,21846,卖盘
1315,10:54:25,9.94,--,4,3976,买盘
1316,10:54:16,9.94,--,6,5964,买盘
1317,10:54:10,9.94,--,4,3976,买盘
1318,10:54:01,9.94,--,5,4970,买盘
1319,10:53:56,9.94,--,28,27832,买盘
1320,10:53:50,9.94,--,130,129220,卖盘
1321,10:53:46,9.94,--,5,4970,卖盘
1322,10:53:40,9.94,-0.01,24,23856,卖盘
1323,10:53:35,9.95,--,57,56714,买盘
1324,10:53:29,9.95,0.01,2004,1993979,买盘
1325,10:53:25,9.94,--,17,16898,卖盘
1326,10:53:20,9.94,-0.01,118,117292,卖盘
1327,10:53:15,9.95,0.01,4,3979,买盘
1328,10:53:11,9.94,--,12,11928,卖盘
1329,10:53:05,9.94,-0.01,25,24850,卖盘
1330,10:53:00,9.95,0.01,3,2985,买盘
1331,10:52:55,9.94,--,9,8946,卖盘
1332,10:52:50,9.94,-0.01,35,34790,卖盘
1333,10:52:44,9.95,--,4,3979,买盘
1334,10:52:35,9.95,--,4,3979,买盘
1335,10:52:25,9.95,0.01,3,2985,买盘
1336,10:52:20,9.94,--,7,6958,卖盘
1337,10:52:15,9.94,--,30,29820,卖盘
1338,10:52:05,9.94,-0.01,33,32802,卖盘
1339,10:52:00,9.95,--,3,2985,买盘
1340,10:51:50,9.95,--,23,22885,买盘
1341,10:51:40,9.95,--,10,9950,买盘
1342,10:51:35,9.95,0.01,4,3979,买盘
1343,10:51:30,9.94,-0.01,16,15904,卖盘
1344,10:51:20,9.95,--,14,13929,买盘
1345,10:51:15,9.95,--,40,39800,买盘
1346,10:51:05,9.95,0.01,4,3979,买盘
1347,10:50:59,9.94,--,54,53676,卖盘
1348,10:50:55,9.94,--,12,11928,卖盘
1349,10:50:50,9.94,-0.01,11,10934,卖盘
1350,10:50:45,9.95,--,7,6964,买盘
1351,10:50:40,9.95,--,23,22885,买盘
1352,10:50:35,9.95,--,60,59699,买盘
1353,10:50:29,9.95,0.01,23,22885,买盘
1354,10:50:20,9.94,--,11,10934,卖盘
1355,10:50:14,9.94,--,15,14910,卖盘
1356,10:50:05,9.94,-0.01,24,23856,卖盘
1357,10:49:59,9.95,0.01,3,2985,买盘
1358,10:49:55,9.94,--,1,994,卖盘
1359,10:49:50,9.94,-0.01,3,2982,卖盘
1360,10:49:44,9.95,--,4,3979,买盘
1361,10:49:29,9.95,--,3,2985,买盘
1362,10:49:25,9.95,0.01,22,21890,买盘
1363,10:49:14,9.94,-0.01,20,19880,卖盘
1364,10:49:10,9.95,0.01,3,2985,买盘
1365,10:48:59,9.94,--,10,9940,卖盘
1366,10:48:55,9.94,-0.01,4,3976,卖盘
1367,10:48:49,9.95,--,14,13929,买盘
1368,10:48:44,9.95,--,19,18905,买盘
1369,10:48:40,9.95,--,2,1989,买盘
1370,10:48:29,9.95,0.01,4,3979,买盘
1371,10:48:19,9.94,-0.01,36,35784,卖盘
1372,10:48:14,9.95,--,4,3979,买盘
1373,10:48:10,9.95,--,23,22885,买盘
1374,10:48:05,9.95,--,40,39800,买盘
1375,10:47:59,9.95,--,700,696500,买盘
1376,10:47:55,9.95,--,17,16915,买盘
1377,10:47:40,9.95,--,111,110444,买盘
1378,10:47:35,9.95,--,2,1989,买盘
1379,10:47:29,9.95,--,105,104474,买盘
1380,10:47:14,9.95,--,4,3979,买盘
1381,10:47:04,9.95,--,3,2985,买盘
1382,10:46:55,9.95,0.01,4,3979,买盘
1383,10:46:50,9.94,-0.01,4,3976,卖盘
1384,10:46:40,9.95,--,26,25869,买盘
1385,10:46:29,9.95,--,3,2985,买盘
1386,10:46:24,9.95,--,20,19900,买盘
1387,10:46:19,9.95,--,4,3979,买盘
1388,10:46:09,9.95,--,1,994,买盘
1389,10:46:05,9.95,--,3,2985,买盘
1390,10:45:54,9.95,0.01,5,4975,买盘
1391,10:45:50,9.94,--,3,2982,卖盘
1392,10:45:44,9.94,-0.01,42,41748,卖盘
1393,10:45:38,9.95,--,10,9950,买盘
1394,10:45:34,9.95,--,4,3979,买盘
1395,10:45:29,9.95,--,5,4975,买盘
1396,10:45:24,9.95,--,4,3979,买盘
1397,10:45:14,9.95,--,9,8955,买盘
1398,10:45:04,9.95,--,14,13929,买盘
1399,10:44:54,9.95,0.01,14,13929,买盘
1400,10:44:49,9.94,-0.01,4,3976,卖盘
1401,10:44:44,9.95,--,183,182085,卖盘
1402,10:44:39,9.95,--,503,500484,卖盘
1403,10:44:29,9.95,-0.01,747,743265,卖盘
1404,10:44:24,9.96,--,62,61752,买盘
1405,10:44:19,9.96,0.01,3,2988,买盘
1406,10:44:14,9.95,--,189,188055,卖盘
1407,10:44:09,9.95,--,18,17910,卖盘
1408,10:44:04,9.95,--,433,430834,卖盘
1409,10:43:53,9.95,-0.01,285,283575,卖盘
1410,10:43:49,9.96,--,7,6972,买盘
1411,10:43:44,9.96,0.01,4,3984,买盘
1412,10:43:38,9.95,--,35,34825,卖盘
1413,10:43:34,9.95,-0.01,56,55719,卖盘
1414,10:43:29,9.96,0.01,103,102588,买盘
1415,10:43:23,9.95,--,263,261684,卖盘
1416,10:43:19,9.95,--,72,71640,卖盘
1417,10:43:14,9.95,--,18,17910,卖盘
1418,10:43:08,9.95,--,88,87560,卖盘
1419,10:43:04,9.95,-0.01,15,14924,卖盘
1420,10:42:53,9.96,--,18,17928,买盘
1421,10:42:49,9.96,--,8,7968,买盘
1422,10:42:38,9.96,--,11,10956,买盘
1423,10:42:28,9.96,-0.01,42,41832,卖盘
1424,10:42:23,9.97,--,3,2991,买盘
1425,10:42:19,9.97,0.01,4,3988,买盘
1426,10:42:08,9.96,-0.01,7,6972,卖盘
1427,10:42:04,9.97,--,8,7976,买盘
1428,10:41:53,9.97,0.01,4,3988,买盘
1429,10:41:49,9.96,-0.01,3,2988,卖盘
1430,10:41:44,9.97,--,3,2991,买盘
1431,10:41:34,9.97,0.01,4,3988,买盘
1432,10:41:23,9.96,--,6,5976,买盘
1433,10:41:19,9.96,0.01,9,8964,买盘
1434,10:41:08,9.95,--,77,76615,卖盘
1435,10:41:04,9.95,--,7,6964,卖盘
1436,10:40:58,9.95,-0.02,444,441779,卖盘
1437,10:40:53,9.97,0.01,3,2991,买盘
1438,10:40:49,9.96,-0.01,3,2988,卖盘
1439,10:40:44,9.97,0.01,4,3988,买盘
1440,10:40:38,9.96,--,10,9960,卖盘
1441,10:40:34,9.96,-0.01,40,39840,卖盘
1442,10:40:23,9.97,--,54,53838,买盘
1443,10:40:19,9.97,0.01,3,2991,买盘
1444,10:40:08,9.96,-0.01,7,6972,卖盘
1445,10:40:04,9.97,--,4,3988,买盘
1446,10:39:58,9.97,--,50,49850,买盘
1447,10:39:53,9.97,--,3,2991,买盘
1448,10:39:48,9.97,0.01,15,14955,买盘
1449,10:39:44,9.96,-0.01,7,6972,卖盘
1450,10:39:38,9.97,--,4,3988,买盘
1451,10:39:34,9.97,--,350,349398,卖盘
1452,10:39:23,9.97,--,12,11964,卖盘
1453,10:39:18,9.97,-0.01,537,535389,卖盘
1454,10:39:08,9.98,--,4,3992,买盘
1455,10:38:58,9.98,0.01,3,2994,买盘
1456,10:38:49,9.97,--,1682,1677502,买盘
1457,10:38:33,9.97,--,4,3988,买盘
1458,10:38:23,9.97,--,31,30907,买盘
1459,10:38:13,9.97,--,4,3988,买盘
1460,10:38:03,9.97,--,3,2991,买盘
1461,10:37:53,9.97,0.01,4,3988,买盘
1462,10:37:48,9.96,-0.01,4,3984,卖盘
1463,10:37:43,9.97,0.01,3,2991,买盘
1464,10:37:38,9.96,-0.01,7,6972,卖盘
1465,10:37:33,9.97,--,4,3988,买盘
1466,10:37:18,9.97,--,3,2991,买盘
1467,10:37:08,9.97,0.01,4,3988,买盘
1468,10:36:58,9.96,--,23,23366,买盘
1469,10:36:53,9.96,0.01,8,7968,买盘
1470,10:36:47,9.95,-0.01,7,6964,卖盘
1471,10:36:32,9.96,--,23,22908,买盘
1472,10:36:23,9.96,--,528,525888,买盘
1473,10:36:13,9.96,--,4,3984,买盘
1474,10:36:02,9.96,--,24,23904,买盘
1475,10:35:47,9.96,--,12,11952,买盘
1476,10:35:42,9.96,--,53,52788,买盘
1477,10:35:32,9.96,--,10,9960,买盘
1478,10:35:28,9.96,--,3,2988,买盘
1479,10:35:17,9.96,--,4,3984,买盘
1480,10:35:12,9.96,--,31,30876,买盘
1481,10:35:02,9.96,--,16,15936,买盘
1482,10:34:57,9.96,0.01,153,152388,买盘
1483,10:34:46,9.95,-0.01,3,2985,卖盘
1484,10:34:43,9.96,--,14,13944,买盘
1485,10:34:32,9.96,--,3,2988,买盘
1486,10:34:22,9.96,--,4,3984,买盘
1487,10:34:17,9.96,--,20,19920,买盘
1488,10:34:13,9.96,--,4,3984,买盘
1489,10:34:02,9.96,0.01,3,2988,买盘
1490,10:33:47,9.95,-0.01,28,27859,卖盘
1491,10:33:42,9.96,--,64,63744,买盘
1492,10:33:37,9.96,--,4,3984,买盘
1493,10:33:32,9.96,--,1,996,买盘
1494,10:33:28,9.96,--,3,2988,买盘
1495,10:33:17,9.96,--,4,3984,买盘
1496,10:33:07,9.96,--,13,12948,买盘
1497,10:33:02,9.96,--,3,2988,买盘
1498,10:32:57,9.96,0.01,7,6972,买盘
1499,10:32:47,9.95,-0.01,24,23880,卖盘
1500,10:32:42,9.96,--,53,52788,买盘
1501,10:32:32,9.96,--,3,2988,买盘
1502,10:32:22,9.96,--,3,2988,买盘
1503,10:32:12,9.96,--,4,3984,买盘
1504,10:32:02,9.96,0.01,24,23904,买盘
1505,10:31:52,9.95,--,1,994,卖盘
1506,10:31:47,9.95,-0.01,4,3979,卖盘
1507,10:31:32,9.96,--,3,2988,买盘
1508,10:31:27,9.96,0.01,5,4980,买盘
1509,10:30:57,9.95,-0.01,31,30844,卖盘
1510,10:30:47,9.96,0.01,26,25896,买盘
1511,10:29:47,9.95,--,4,3979,卖盘
1512,10:28:52,9.95,-0.01,3,2985,卖盘
1513,10:28:21,9.96,--,50,49800,买盘
1514,10:28:16,9.96,--,99,98604,买盘
1515,10:27:51,9.96,--,24,23904,买盘
1516,10:27:36,9.96,--,4,3984,买盘
1517,10:27:26,9.96,0.01,60,59760,买盘
1518,10:26:51,9.95,--,3,2985,卖盘
1519,10:26:46,9.95,-0.01,5,4975,卖盘
1520,10:26:37,9.96,0.01,20,19920,买盘
1521,10:26:31,9.95,--,200,199000,卖盘
1522,10:26:26,9.95,-0.01,10,9950,卖盘
1523,10:26:21,9.96,0.01,26,25896,买盘
1524,10:26:01,9.95,--,5,4975,卖盘
1525,10:25:56,9.95,--,20,19900,卖盘
1526,10:25:51,9.95,--,4,3979,卖盘
1527,10:25:41,9.95,--,5,4975,卖盘
1528,10:25:36,9.95,--,52,51739,卖盘
1529,10:24:51,9.95,-0.01,10,9950,卖盘
1530,10:23:56,9.96,0.01,57,56772,买盘
1531,10:23:51,9.95,-0.01,10,10149,卖盘
1532,10:23:36,9.96,--,14,13944,买盘
1533,10:23:31,9.96,--,46,45816,买盘
1534,10:23:21,9.96,0.01,10,9960,买盘
1535,10:22:50,9.95,--,4,3979,卖盘
1536,10:22:26,9.95,--,1008,1002959,卖盘
1537,10:22:05,9.95,--,2,1989,卖盘
1538,10:21:50,9.95,-0.01,3,2985,卖盘
1539,10:21:35,9.96,--,3,2988,买盘
1540,10:21:25,9.96,0.01,11,10956,买盘
1541,10:21:20,9.95,-0.01,6,5970,卖盘
1542,10:21:15,9.96,--,3,2988,买盘
1543,10:21:05,9.96,--,70,69720,买盘
1544,10:21:00,9.96,0.01,3,2988,买盘
1545,10:20:55,9.95,--,31,30844,卖盘
1546,10:20:50,9.95,--,14,13929,卖盘
1547,10:20:45,9.95,-0.01,15,14924,卖盘
1548,10:20:35,9.96,0.01,70,69720,买盘
1549,10:20:15,9.95,--,57,56714,卖盘
1550,10:20:05,9.95,-0.01,103,102484,卖盘
1551,10:19:50,9.96,--,63,62748,买盘
1552,10:19:35,9.96,0.01,50,49800,买盘
1553,10:19:30,9.95,-0.01,318,316410,卖盘
1554,10:19:20,9.96,--,30,29880,买盘
1555,10:19:05,9.96,0.01,69,68724,买盘
1556,10:19:00,9.95,--,3,2985,卖盘
1557,10:18:50,9.95,-0.01,4,3979,卖盘
1558,10:18:45,9.96,--,6,5976,买盘
1559,10:18:35,9.96,--,5,4980,买盘
1560,10:18:10,9.96,0.01,49,48804,买盘
1561,10:18:00,9.95,--,103,102484,卖盘
1562,10:17:50,9.95,--,3,2985,卖盘
1563,10:17:35,9.95,-0.01,1,994,卖盘
1564,10:17:20,9.96,--,10,9960,买盘
1565,10:17:05,9.96,--,20,19920,买盘
1566,10:16:50,9.96,0.01,9,8964,买盘
1567,10:16:45,9.95,--,1,994,卖盘
1568,10:16:35,9.95,--,15,14924,卖盘
1569,10:16:10,9.95,--,7,6964,卖盘
1570,10:15:50,9.95,-0.01,3,2985,卖盘
1571,10:15:40,9.96,--,60,59760,买盘
1572,10:15:25,9.96,--,5,4980,买盘
1573,10:15:05,9.96,0.01,22,21912,买盘
1574,10:14:50,9.95,-0.01,54,53729,卖盘
1575,10:14:39,9.96,--,10,9960,买盘
1576,10:13:59,9.96,--,39,38844,买盘
1577,10:13:55,9.96,0.01,54,53784,买盘
1578,10:13:49,9.95,-0.01,3,2985,卖盘
1579,10:13:44,9.96,0.01,23,22908,买盘
1580,10:13:19,9.95,--,20,19900,卖盘
1581,10:12:49,9.95,-0.01,4,3979,卖盘
1582,10:12:19,9.96,--,1,996,买盘
1583,10:11:54,9.96,0.01,100,99600,买盘
1584,10:11:49,9.95,-0.01,3,2985,卖盘
1585,10:11:44,9.96,--,121,120516,买盘
1586,10:11:14,9.96,--,5,4980,买盘
1587,10:11:04,9.96,0.01,20,19920,买盘
1588,10:10:59,9.95,--,31,30844,卖盘
1589,10:10:49,9.95,-0.01,4,3979,卖盘
1590,10:10:39,9.96,--,201,200196,买盘
1591,10:10:19,9.96,--,50,49800,买盘
1592,10:10:04,9.96,--,49,48804,买盘
1593,10:09:49,9.96,--,33,32868,买盘
1594,10:09:44,9.96,0.01,160,159360,买盘
1595,10:09:39,9.95,--,11,10945,卖盘
1596,10:09:24,9.95,-0.01,1,994,卖盘
1597,10:09:14,9.96,--,49,48804,买盘
1598,10:09:09,9.96,--,148,147408,买盘
1599,10:09:04,9.96,0.01,20,19920,买盘
1600,10:08:59,9.95,--,10,9950,卖盘
1601,10:08:54,9.95,--,50,49750,卖盘
1602,10:08:49,9.95,--,4,3979,卖盘
1603,10:08:24,9.95,--,7,6964,卖盘
1604,10:07:59,9.95,--,69,68655,卖盘
1605,10:07:49,9.95,-0.01,3,2985,卖盘
1606,10:07:44,9.96,0.01,2,1992,买盘
1607,10:07:39,9.95,--,150,149250,卖盘
1608,10:07:28,9.95,-0.01,1,994,卖盘
1609,10:07:18,9.96,0.01,5,4980,买盘
1610,10:07:04,9.95,--,30,29849,卖盘
1611,10:06:58,9.95,--,1,994,卖盘
1612,10:06:53,9.95,--,28,27859,卖盘
1613,10:06:49,9.95,--,3,2985,卖盘
1614,10:06:28,9.95,--,1,994,卖盘
1615,10:06:23,9.95,--,36,35820,卖盘
1616,10:06:19,9.95,--,77,76615,卖盘
1617,10:06:13,9.95,--,292,290540,卖盘
1618,10:06:08,9.95,--,30,29849,卖盘
1619,10:05:53,9.95,--,2,1989,卖盘
1620,10:05:48,9.95,-0.01,37,36815,卖盘
1621,10:05:33,9.96,0.01,8,7968,买盘
1622,10:05:28,9.95,--,1,994,卖盘
1623,10:05:18,9.95,--,65,64674,卖盘
1624,10:05:08,9.95,--,20,19900,卖盘
1625,10:04:53,9.95,-0.01,1,994,卖盘
1626,10:04:48,9.96,--,23,22908,买盘
1627,10:04:38,9.96,0.01,25,24900,买盘
1628,10:04:28,9.95,-0.01,1,994,卖盘
1629,10:04:08,9.96,0.01,1,996,买盘
1630,10:03:58,9.95,--,2,1989,卖盘
1631,10:03:48,9.95,--,9,8955,卖盘
1632,10:03:33,9.95,--,5,4975,卖盘
1633,10:03:28,9.95,--,1,994,卖盘
1634,10:03:23,9.95,--,164,163180,卖盘
1635,10:03:13,9.95,-0.01,14,13929,卖盘
1636,10:03:03,9.96,0.01,11,10956,买盘
1637,10:02:58,9.95,--,804,800776,卖盘
1638,10:02:53,9.95,--,1,994,卖盘
1639,10:02:48,9.95,-0.01,3,2985,卖盘
1640,10:02:38,9.96,--,161,160356,买盘
1641,10:02:33,9.96,--,370,368520,买盘
1642,10:02:28,9.96,--,21,20916,买盘
1643,10:02:03,9.96,0.01,20,19920,买盘
1644,10:01:58,9.95,--,1,994,卖盘
1645,10:01:48,9.95,-0.01,4,3979,卖盘
1646,10:01:33,9.96,0.01,41,40836,买盘
1647,10:01:23,9.95,--,1,994,卖盘
1648,10:01:07,9.95,-0.01,36,35820,卖盘
1649,10:00:58,9.96,0.01,49,48804,买盘
1650,10:00:48,9.95,-0.01,3,2985,卖盘
1651,10:00:33,9.96,0.01,20,19920,买盘
1652,10:00:28,9.95,-0.01,1,994,卖盘
1653,10:00:22,9.96,--,939,935244,卖盘
1654,10:00:13,9.96,--,9,8964,卖盘
1655,10:00:07,9.96,--,12,11952,卖盘
1656,09:59:47,9.96,-0.01,4,3984,卖盘
1657,09:59:22,9.97,0.01,114,113658,买盘
1658,09:59:17,9.96,-0.01,270,269368,卖盘
1659,09:59:13,9.97,--,50,49850,卖盘
1660,09:59:02,9.97,--,100,99700,卖盘
1661,09:58:57,9.97,-0.01,30,29910,卖盘
1662,09:58:52,9.98,0.01,105,104790,买盘
1663,09:58:47,9.97,-0.01,54,53838,卖盘
1664,09:58:27,9.98,0.01,60,59880,买盘
1665,09:58:17,9.97,-0.01,20,19940,卖盘
1666,09:58:12,9.98,--,17,16966,买盘
1667,09:58:02,9.98,--,284,283432,买盘
1668,09:57:47,9.98,--,13,12974,买盘
1669,09:57:32,9.98,--,40,39920,买盘
1670,09:57:27,9.98,0.01,2,1996,买盘
1671,09:57:12,9.97,-0.01,94,93718,卖盘
1672,09:57:06,9.98,0.01,2,1996,买盘
1673,09:56:57,9.97,--,146,145562,卖盘
1674,09:56:47,9.97,--,3,2991,卖盘
1675,09:56:27,9.97,-0.01,19,18943,卖盘
1676,09:56:17,9.98,0.01,199,198602,买盘
1677,09:56:02,9.97,--,15,14955,卖盘
1678,09:55:52,9.97,--,485,483545,卖盘
1679,09:55:47,9.97,-0.01,4,3988,卖盘
1680,09:55:42,9.98,0.01,9,8982,买盘
1681,09:55:32,9.97,--,18,17946,卖盘
1682,09:55:27,9.97,-0.01,252,251244,卖盘
1683,09:55:02,9.98,--,268,267464,买盘
1684,09:54:52,9.98,0.01,12,11976,买盘
1685,09:54:47,9.97,--,3,2991,卖盘
1686,09:54:12,9.97,--,0,0,卖盘
1687,09:54:01,9.97,--,1,997,卖盘
1688,09:53:57,9.97,-0.01,474,473126,卖盘
1689,09:53:52,9.98,--,14,13972,买盘
1690,09:53:42,9.98,-0.01,490,489020,卖盘
1691,09:53:27,9.99,--,20,19980,买盘
1692,09:53:22,9.99,--,20,19980,买盘
1693,09:53:06,9.99,0.01,38,37962,买盘
1694,09:52:56,9.98,-0.01,22,21956,卖盘
1695,09:52:52,9.99,0.01,3,2997,买盘
1696,09:52:46,9.98,-0.01,3,2994,卖盘
1697,09:52:36,9.99,--,138,137862,买盘
1698,09:52:31,9.99,0.01,5,4995,买盘
1699,09:52:16,9.98,--,1,998,卖盘
1700,09:51:56,9.98,-0.01,200,199600,卖盘
1701,09:51:51,9.99,0.01,1,999,买盘
1702,09:51:46,9.98,-0.01,4,3992,卖盘
1703,09:51:41,9.99,0.01,10,9990,买盘
1704,09:51:36,9.98,--,120,119760,卖盘
1705,09:51:31,9.98,--,22,21956,卖盘
1706,09:51:21,9.98,-0.01,20,19960,卖盘
1707,09:51:06,9.99,0.01,80,79920,买盘
1708,09:50:56,9.98,-0.01,31,30938,卖盘
1709,09:50:51,9.99,--,33,32967,买盘
1710,09:50:36,9.99,0.01,22,21978,买盘
1711,09:50:31,9.98,-0.01,14,13972,卖盘
1712,09:50:11,9.99,--,20,19980,买盘
1713,09:49:56,9.99,0.01,126,125874,买盘
1714,09:49:51,9.98,-0.01,6,5988,卖盘
1715,09:49:41,9.99,0.01,30,29970,买盘
1716,09:49:21,9.98,-0.01,3,2994,买盘
1717,09:49:11,9.99,--,0,0,买盘
1718,09:49:06,9.99,0.02,13,12987,买盘
1719,09:49:01,9.97,-0.02,5,4985,卖盘
1720,09:48:56,9.99,0.01,37,36963,买盘
1721,09:48:51,9.98,0.01,133,132734,买盘
1722,09:48:41,9.97,-0.01,78,77766,卖盘
1723,09:48:00,9.98,0.01,184,183632,买盘
1724,09:47:51,9.97,--,107,106679,卖盘
1725,09:47:45,9.97,-0.01,3,2991,卖盘
1726,09:47:30,9.98,--,5,4990,买盘
1727,09:47:25,9.98,--,20,19960,买盘
1728,09:47:21,9.98,--,29,29660,卖盘
1729,09:47:15,9.98,--,67,67145,买盘
1730,09:47:01,9.98,--,42,42634,卖盘
1731,09:46:51,9.98,0.02,78,78123,买盘
1732,09:46:45,9.96,-0.01,14,13944,卖盘
1733,09:46:40,9.97,-0.01,16,15952,卖盘
1734,09:46:35,9.98,--,61,60878,买盘
1735,09:46:30,9.98,--,126,125748,买盘
1736,09:46:20,9.98,0.01,46,45908,买盘
1737,09:46:10,9.97,--,3,2991,买盘
1738,09:46:06,9.97,--,227,227196,卖盘
1739,09:46:00,9.97,-0.01,1,997,卖盘
1740,09:45:51,9.98,0.01,152,151696,买盘
1741,09:45:45,9.97,--,44,43868,卖盘
1742,09:45:30,9.97,--,195,194415,卖盘
1743,09:45:20,9.97,--,5,4985,卖盘
1744,09:45:15,9.97,--,88,87736,卖盘
1745,09:45:05,9.97,-0.01,71,70787,卖盘
1746,09:45:00,9.98,-0.01,5,4990,卖盘
1747,09:44:50,9.99,0.01,24,23976,买盘
1748,09:44:35,9.98,-0.01,9,8982,卖盘
1749,09:44:20,9.99,0.01,49,48951,买盘
1750,09:43:45,9.98,--,95,94810,买盘
1751,09:43:35,9.98,0.01,46,45908,买盘
1752,09:43:30,9.97,--,156,155532,卖盘
1753,09:43:20,9.97,-0.01,13,13359,卖盘
1754,09:43:15,9.98,--,17,16966,买盘
1755,09:43:05,9.98,0.01,46,45908,买盘
1756,09:42:50,9.97,--,244,243268,卖盘
1757,09:42:45,9.97,-0.01,5,4985,卖盘
1758,09:42:35,9.98,0.01,54,53892,买盘
1759,09:42:30,9.97,-0.01,132,131604,卖盘
1760,09:42:20,9.98,-0.01,25,24950,买盘
1761,09:42:10,9.99,0.01,20,19980,买盘
1762,09:42:05,9.98,--,56,55888,卖盘
1763,09:41:50,9.98,--,23,22954,卖盘
1764,09:41:34,9.98,--,11,10978,卖盘
1765,09:41:30,9.98,--,11,10978,中性盘
1766,09:41:24,9.98,--,49,48902,买盘
1767,09:41:15,9.98,--,49,48902,买盘
1768,09:41:09,9.98,0.01,1,998,买盘
1769,09:40:54,9.97,-0.01,31,30907,卖盘
1770,09:40:49,9.98,0.01,5,4990,卖盘
1771,09:40:45,9.97,--,0,0,卖盘
1772,09:40:39,9.97,-0.02,12,11964,卖盘
1773,09:40:34,9.99,--,1,999,买盘
1774,09:40:24,9.99,0.02,40,39960,买盘
1775,09:40:09,9.97,--,0,0,卖盘
1776,09:40:00,9.97,--,243,242271,卖盘
1777,09:39:49,9.97,--,3,2991,卖盘
1778,09:39:39,9.97,-0.01,20,19940,卖盘
1779,09:39:34,9.98,--,38,38313,买盘
1780,09:39:24,9.98,0.01,8,7984,买盘
1781,09:39:19,9.97,-0.01,330,329010,卖盘
1782,09:39:14,9.98,--,5,4990,买盘
1783,09:38:59,9.98,--,70,69860,买盘
1784,09:38:49,9.98,0.01,20,19960,买盘
1785,09:38:44,9.97,-0.01,4,3988,卖盘
1786,09:38:39,9.98,--,1,998,买盘
1787,09:38:24,9.98,--,142,142324,卖盘
1788,09:38:14,9.98,--,50,49900,卖盘
1789,09:38:04,9.98,--,57,57275,买盘
1790,09:37:49,9.98,--,23,22954,买盘
1791,09:37:44,9.98,0.01,5,4990,买盘
1792,09:37:39,9.97,-0.01,1,997,卖盘
1793,09:37:29,9.98,0.01,9,8982,买盘
1794,09:37:24,9.97,--,51,50847,卖盘
1795,09:36:49,9.97,-0.01,4,3988,卖盘
1796,09:36:44,9.98,0.01,92,91816,买盘
1797,09:36:38,9.97,-0.01,330,329010,卖盘
1798,09:36:34,9.98,--,10,9980,买盘
1799,09:36:19,9.98,--,5,4990,买盘
1800,09:36:08,9.98,--,102,101796,买盘
1801,09:35:53,9.98,--,46,45908,买盘
1802,09:35:49,9.98,--,23,22954,买盘
1803,09:35:38,9.98,0.01,33,32934,买盘
1804,09:35:23,9.97,-0.01,11,10967,卖盘
1805,09:35:18,9.98,0.01,156,155688,买盘
1806,09:35:13,9.97,-0.01,4,3988,卖盘
1807,09:35:08,9.98,0.01,6,5988,买盘
1808,09:34:53,9.97,--,2,1994,卖盘
1809,09:34:48,9.97,-0.01,4,3988,卖盘
1810,09:34:43,9.98,--,46,45908,买盘
1811,09:34:18,9.98,--,34,33932,买盘
1812,09:34:13,9.98,0.01,10,9980,买盘
1813,09:34:09,9.97,-0.01,9,8973,卖盘
1814,09:34:03,9.98,0.01,31,30938,买盘
1815,09:33:58,9.97,-0.01,43,43200,卖盘
1816,09:33:53,9.98,--,108,107784,买盘
1817,09:33:48,9.98,--,23,22954,买盘
1818,09:33:38,9.98,--,3,2994,买盘
1819,09:33:33,9.98,0.01,126,125748,买盘
1820,09:33:18,9.97,-0.01,20,19940,卖盘
1821,09:33:12,9.98,--,46,45908,买盘
1822,09:33:08,9.98,0.02,5,4990,买盘
1823,09:33:03,9.96,-0.02,330,328680,卖盘
1824,09:32:53,9.98,--,0,0,买盘
1825,09:32:48,9.98,--,24,23952,买盘
1826,09:32:33,9.98,--,46,45908,买盘
1827,09:32:18,9.98,0.02,95,94810,买盘
1828,09:32:03,9.96,-0.02,40,39840,卖盘
1829,09:31:53,9.98,0.01,25,24950,买盘
1830,09:31:48,9.97,--,51,50847,卖盘
1831,09:31:38,9.97,0.01,10,9970,买盘
1832,09:31:33,9.96,-0.01,87,86652,卖盘
1833,09:31:28,9.97,--,209,208373,卖盘
1834,09:31:23,9.97,--,18,17946,卖盘
1835,09:31:18,9.97,-0.01,10,9970,卖盘
1836,09:31:13,9.98,0.01,2,1996,买盘
1837,09:31:08,9.97,-0.01,75,74775,卖盘
1838,09:30:58,9.98,0.01,50,49900,买盘
1839,09:30:53,9.97,-0.01,46,45862,卖盘
1840,09:30:48,9.98,--,1,998,买盘
1841,09:30:32,9.98,0.01,30,29940,买盘
1842,09:30:13,9.97,--,10,9970,卖盘
1843,09:30:08,9.97,-0.01,111,110667,卖盘
1844,09:30:02,9.98,0.02,7,6986,买盘
1845,09:28:54,9.96,--,0,0,卖盘
1846,09:25:08,9.96,9.96,346,344616,买盘
