,time,price,change,volume,amount,type
0,15:00:00,3.52,--,0,0,卖盘
1,15:00:00,3.52,-0.01,0,0,卖盘
2,14:59:59,3.53,0.01,1240,437720,买盘
3,14:59:52,3.52,-0.01,0,88,卖盘
4,14:59:47,3.53,0.01,77,27181,买盘
5,14:59:43,3.52,-0.01,336,118272,卖盘
6,14:59:37,3.53,--,10,3530,买盘
7,14:59:32,3.53,--,162,57186,买盘
8,14:59:22,3.53,--,60,21180,买盘
9,14:59:17,3.53,--,50,17650,买盘
10,14:59:12,3.53,0.01,36,12708,买盘
11,14:59:07,3.52,-0.01,129,45408,卖盘
12,14:59:03,3.53,--,11,3883,买盘
13,14:58:52,3.53,--,4,1412,买盘
14,14:58:43,3.53,--,6,2118,买盘
15,14:58:37,3.53,--,57,20121,买盘
16,14:58:27,3.53,0.01,100,35300,买盘
17,14:58:22,3.52,-0.01,68,23936,卖盘
18,14:58:17,3.53,--,118,41654,买盘
19,14:58:12,3.53,--,15,5295,买盘
20,14:58:07,3.53,--,111,39183,买盘
21,14:57:58,3.53,--,220,77660,买盘
22,14:57:52,3.53,--,15,5295,买盘
23,14:57:46,3.53,0.01,85,30005,买盘
24,14:57:41,3.52,-0.01,5,1760,卖盘
25,14:57:30,3.53,--,2,706,买盘
26,14:57:22,3.53,0.01,30,10590,买盘
27,14:57:16,3.52,-0.01,45,15840,卖盘
28,14:57:07,3.53,0.01,225,79425,买盘
29,14:57:01,3.52,-0.01,84,29568,卖盘
30,14:56:56,3.53,0.01,967,341351,买盘
31,14:56:51,3.52,--,57,20064,卖盘
32,14:56:41,3.52,--,10,3520,卖盘
33,14:56:37,3.52,--,172,60544,卖盘
34,14:56:31,3.52,--,77,27104,卖盘
35,14:56:07,3.52,-0.01,114,40128,卖盘
36,14:56:01,3.53,--,202,71306,买盘
37,14:55:52,3.53,0.01,38,13414,买盘
38,14:55:46,3.52,--,12,4224,卖盘
39,14:55:42,3.52,--,19,6688,卖盘
40,14:55:37,3.52,--,303,106656,卖盘
41,14:55:31,3.52,-0.01,94,33088,卖盘
42,14:55:16,3.53,--,465,164145,买盘
43,14:55:12,3.53,--,23,8119,买盘
44,14:55:00,3.53,--,378,133434,买盘
45,14:54:57,3.53,0.01,53,18709,买盘
46,14:54:52,3.52,--,90,31680,卖盘
47,14:54:37,3.52,-0.01,153,53856,卖盘
48,14:54:31,3.53,--,202,71306,买盘
49,14:54:16,3.53,0.01,96,33888,买盘
50,14:54:11,3.52,-0.01,45,15840,卖盘
51,14:54:00,3.53,--,16,5648,买盘
52,14:53:52,3.53,--,103,36359,买盘
53,14:53:41,3.53,0.01,97,34241,买盘
54,14:53:37,3.52,-0.01,111,39072,卖盘
55,14:53:31,3.53,0.01,24,8472,买盘
56,14:53:27,3.52,--,500,176000,卖盘
57,14:53:22,3.52,-0.01,216,76032,卖盘
58,14:53:16,3.53,0.01,47,16591,买盘
59,14:53:10,3.52,-0.01,3,1393,卖盘
60,14:53:06,3.53,--,456,160968,买盘
61,14:53:01,3.53,0.01,24,8472,买盘
62,14:52:56,3.52,-0.01,112,39424,卖盘
63,14:52:52,3.53,0.01,1106,390763,买盘
64,14:52:36,3.52,--,12,4224,卖盘
65,14:52:31,3.52,-0.01,85,29920,卖盘
66,14:52:25,3.53,--,17,6001,买盘
67,14:52:21,3.53,0.01,330,116835,买盘
68,14:51:56,3.52,-0.01,73,25696,卖盘
69,14:51:45,3.53,0.01,528,186384,买盘
70,14:51:40,3.52,-0.01,4,1408,卖盘
71,14:51:37,3.53,--,27,9876,买盘
72,14:51:31,3.53,0.01,15,5295,买盘
73,14:51:26,3.52,-0.01,91,32032,卖盘
74,14:51:22,3.53,0.01,1141,402773,买盘
75,14:51:11,3.52,--,445,156984,卖盘
76,14:51:07,3.52,--,45,15840,卖盘
77,14:50:54,3.52,-0.01,33,11957,卖盘
78,14:50:46,3.53,--,104,36712,买盘
79,14:50:37,3.53,--,102,36006,买盘
80,14:50:26,3.53,--,439,154967,买盘
81,14:50:19,3.53,0.01,42,14826,买盘
82,14:50:16,3.52,--,6,2456,卖盘
83,14:50:11,3.52,-0.01,56,19712,卖盘
84,14:50:06,3.53,--,200,70600,买盘
85,14:49:49,3.53,0.01,21,7413,买盘
86,14:49:46,3.52,--,63,22176,卖盘
87,14:49:40,3.52,-0.01,27,9848,卖盘
88,14:49:31,3.53,--,20,7060,买盘
89,14:49:25,3.53,--,79,28232,买盘
90,14:49:21,3.53,--,17,6001,买盘
91,14:49:16,3.53,--,25,8825,买盘
92,14:49:10,3.53,0.01,54,19062,买盘
93,14:49:00,3.52,--,167,58784,卖盘
94,14:48:55,3.52,-0.01,138,48920,卖盘
95,14:48:50,3.53,--,9,3177,买盘
96,14:48:46,3.53,--,44,15532,买盘
97,14:48:40,3.53,--,336,118900,买盘
98,14:48:35,3.53,--,7,2471,买盘
99,14:48:30,3.53,--,12,4236,买盘
100,14:48:25,3.53,--,510,180030,买盘
101,14:48:16,3.53,--,53,19054,买盘
102,14:48:09,3.53,--,10,3530,买盘
103,14:48:05,3.53,--,2,706,买盘
104,14:48:01,3.53,0.01,6,2118,买盘
105,14:47:54,3.52,--,66,23232,卖盘
106,14:47:50,3.52,-0.01,10,3520,卖盘
107,14:47:40,3.53,0.01,42,15171,买盘
108,14:47:24,3.52,-0.01,92,32384,卖盘
109,14:47:21,3.53,0.01,7,2471,买盘
110,14:47:15,3.52,-0.01,63,22517,卖盘
111,14:47:09,3.53,--,30,10590,买盘
112,14:47:01,3.53,--,445,157085,买盘
113,14:46:54,3.53,0.01,810,285930,买盘
114,14:46:50,3.52,--,11,3872,卖盘
115,14:46:45,3.52,--,79,27808,卖盘
116,14:46:39,3.52,-0.01,8,3160,卖盘
117,14:46:30,3.53,0.01,16,5648,买盘
118,14:46:20,3.52,-0.01,65,22880,卖盘
119,14:46:16,3.53,--,88,31064,买盘
120,14:46:10,3.53,0.01,195,68835,买盘
121,14:46:04,3.52,--,20,7384,卖盘
122,14:45:55,3.52,-0.01,16,5976,卖盘
123,14:45:50,3.53,0.01,17,6001,买盘
124,14:45:46,3.52,--,92,32384,卖盘
125,14:45:40,3.52,-0.01,20,7040,卖盘
126,14:45:35,3.53,--,16,5648,买盘
127,14:45:31,3.53,0.01,1000,353000,买盘
128,14:45:24,3.52,-0.01,213,75320,卖盘
129,14:45:15,3.53,--,635,224155,买盘
130,14:45:09,3.53,--,138,48714,买盘
131,14:45:00,3.53,0.01,306,108018,买盘
132,14:44:55,3.52,-0.01,165,58080,卖盘
133,14:44:51,3.53,0.01,70,24710,买盘
134,14:44:46,3.52,-0.01,6,2456,卖盘
135,14:44:40,3.53,0.01,12,4236,买盘
136,14:44:25,3.52,-0.01,115,40480,卖盘
137,14:44:19,3.53,0.01,6,2118,买盘
138,14:44:15,3.52,-0.01,6,2456,卖盘
139,14:44:09,3.53,--,41,14473,买盘
140,14:44:03,3.53,--,6,2118,买盘
141,14:44:01,3.53,0.01,700,247100,买盘
142,14:43:55,3.52,--,5,1760,卖盘
143,14:43:48,3.52,--,11,3872,卖盘
144,14:43:46,3.52,--,75,26744,卖盘
145,14:43:40,3.52,-0.01,5,1760,卖盘
146,14:43:35,3.53,--,7,2471,买盘
147,14:43:30,3.53,--,7,2471,买盘
148,14:43:24,3.53,--,9,3519,买盘
149,14:43:20,3.53,0.01,148,52244,买盘
150,14:43:09,3.52,-0.01,50,17600,卖盘
151,14:43:03,3.53,--,320,112960,买盘
152,14:42:59,3.53,--,60,21180,买盘
153,14:42:55,3.53,0.01,46,16238,买盘
154,14:42:50,3.52,--,39,13728,卖盘
155,14:42:39,3.52,-0.01,103,36600,卖盘
156,14:42:34,3.53,--,75,26475,卖盘
157,14:42:18,3.53,--,66,23298,卖盘
158,14:42:14,3.53,--,1395,492435,买盘
159,14:42:09,3.53,--,184,64980,卖盘
160,14:42:03,3.53,-0.01,450,159195,卖盘
161,14:41:59,3.54,0.01,7,2478,买盘
162,14:41:54,3.53,--,94,33527,卖盘
163,14:41:48,3.53,-0.01,60,21180,卖盘
164,14:41:43,3.54,--,51,18054,买盘
165,14:41:39,3.54,--,93,32922,买盘
166,14:41:24,3.54,0.01,6,2124,买盘
167,14:41:19,3.53,--,56,20113,卖盘
168,14:41:09,3.53,-0.01,28,9884,卖盘
169,14:41:03,3.54,0.01,6,2124,买盘
170,14:40:58,3.53,--,73,25769,卖盘
171,14:40:54,3.53,--,100,35300,卖盘
172,14:40:48,3.53,--,323,114019,卖盘
173,14:40:39,3.53,-0.01,61,21878,卖盘
174,14:40:29,3.54,0.01,6,2124,买盘
175,14:40:24,3.53,--,234,82602,卖盘
176,14:40:18,3.53,--,231,81543,买盘
177,14:40:09,3.53,--,948,334989,买盘
178,14:40:03,3.53,0.01,30,10590,买盘
179,14:39:54,3.52,--,395,139040,卖盘
180,14:39:48,3.52,-0.01,16,5973,卖盘
181,14:39:44,3.53,--,1198,422894,买盘
182,14:39:39,3.53,--,508,179324,买盘
183,14:39:33,3.53,--,22,7766,买盘
184,14:39:24,3.53,0.01,186,65658,买盘
185,14:39:19,3.52,-0.01,104,36952,卖盘
186,14:39:09,3.53,--,50,17650,买盘
187,14:39:04,3.53,--,439,154967,买盘
188,14:38:59,3.53,0.01,6,2118,买盘
189,14:38:48,3.52,-0.01,16,5976,卖盘
190,14:38:44,3.53,--,344,121432,买盘
191,14:38:39,3.53,--,6,2118,买盘
192,14:38:29,3.53,--,388,136964,买盘
193,14:38:24,3.53,0.01,206,72718,买盘
194,14:38:18,3.52,--,54,19352,卖盘
195,14:38:13,3.52,--,14,4928,卖盘
196,14:38:09,3.52,-0.01,54,19008,卖盘
197,14:38:04,3.53,0.01,185,65305,买盘
198,14:37:54,3.52,--,32,11264,卖盘
199,14:37:49,3.52,--,218,76736,卖盘
200,14:37:43,3.52,--,6,2456,卖盘
201,14:37:34,3.52,-0.01,51,17952,卖盘
202,14:37:29,3.53,0.01,6,2118,买盘
203,14:37:18,3.52,-0.01,6,2456,卖盘
204,14:37:13,3.53,0.01,131,46243,买盘
205,14:37:09,3.52,--,239,84128,卖盘
206,14:37:03,3.52,-0.01,160,56320,卖盘
207,14:36:54,3.53,0.01,8,2824,买盘
208,14:36:48,3.52,-0.01,449,158048,卖盘
209,14:36:44,3.53,0.01,188,66364,买盘
210,14:36:38,3.52,-0.01,6,2456,卖盘
211,14:36:33,3.53,--,296,104488,买盘
212,14:36:23,3.53,0.01,1,353,买盘
213,14:36:19,3.52,--,80,28501,卖盘
214,14:36:14,3.52,-0.01,148,52096,卖盘
215,14:36:09,3.53,--,146,51538,买盘
216,14:36:04,3.53,--,88,31064,买盘
217,14:35:58,3.53,--,78,27534,买盘
218,14:35:53,3.53,0.01,1,353,买盘
219,14:35:48,3.52,--,10,3520,卖盘
220,14:35:43,3.52,-0.01,13,4920,卖盘
221,14:35:38,3.53,--,439,154967,买盘
222,14:35:33,3.53,0.01,151,53303,买盘
223,14:35:28,3.52,-0.01,62,21824,卖盘
224,14:35:23,3.53,0.01,6,2118,买盘
225,14:35:18,3.52,-0.01,181,64056,卖盘
226,14:35:14,3.53,--,102,36006,买盘
227,14:35:03,3.53,--,6,2118,买盘
228,14:34:58,3.53,0.01,1,353,买盘
229,14:34:54,3.52,--,1,366,卖盘
230,14:34:48,3.52,--,103,36256,卖盘
231,14:34:44,3.52,-0.01,6,2456,卖盘
232,14:34:28,3.53,--,308,108724,买盘
233,14:34:23,3.53,--,1,353,买盘
234,14:34:18,3.53,--,17,6001,买盘
235,14:34:12,3.53,--,223,79064,买盘
236,14:34:03,3.53,--,488,172264,买盘
237,14:33:57,3.53,--,127,44831,买盘
238,14:33:53,3.53,0.01,28,9884,买盘
239,14:33:48,3.52,--,103,36256,卖盘
240,14:33:42,3.52,-0.01,6,2456,卖盘
241,14:33:33,3.53,0.01,7,2471,买盘
242,14:33:27,3.52,-0.01,78,27456,卖盘
243,14:33:18,3.53,--,26,9178,买盘
244,14:33:13,3.53,0.01,12,4581,买盘
245,14:32:58,3.52,--,331,116512,卖盘
246,14:32:48,3.52,--,10,3520,卖盘
247,14:32:42,3.52,-0.01,100,35200,卖盘
248,14:32:38,3.53,--,19,7052,买盘
249,14:32:27,3.53,--,9,3177,买盘
250,14:32:23,3.53,0.01,6,2118,买盘
251,14:32:12,3.52,--,78,27456,卖盘
252,14:32:07,3.52,--,25,8800,卖盘
253,14:32:03,3.52,-0.01,12,4565,卖盘
254,14:31:58,3.53,--,7,2471,买盘
255,14:31:53,3.53,0.01,296,104488,买盘
256,14:31:48,3.52,-0.01,174,61248,卖盘
257,14:31:42,3.53,--,36,13053,买盘
258,14:31:27,3.53,0.01,2006,708118,买盘
259,14:31:18,3.52,--,99,34848,卖盘
260,14:31:12,3.52,-0.01,12,4568,卖盘
261,14:31:08,3.53,--,177,62481,买盘
262,14:30:57,3.53,0.01,51,18003,买盘
263,14:30:52,3.52,--,606,213312,卖盘
264,14:30:48,3.52,--,10,3520,卖盘
265,14:30:42,3.52,-0.01,91,32376,卖盘
266,14:30:33,3.53,--,9,3177,买盘
267,14:30:23,3.53,--,613,216389,买盘
268,14:30:18,3.53,0.01,112,39536,买盘
269,14:30:12,3.52,-0.01,6,2456,卖盘
270,14:29:57,3.53,--,6,2118,买盘
271,14:29:53,3.53,0.01,27,9531,买盘
272,14:29:48,3.52,-0.01,46,16536,卖盘
273,14:29:42,3.53,0.01,26,9178,买盘
274,14:29:27,3.52,-0.01,60,21120,卖盘
275,14:29:23,3.53,0.01,7,2471,买盘
276,14:29:17,3.52,--,10,3520,卖盘
277,14:29:12,3.52,-0.01,6,2456,卖盘
278,14:29:07,3.53,0.01,130,45890,买盘
279,14:28:57,3.52,--,300,105600,卖盘
280,14:28:53,3.52,--,15,5280,卖盘
281,14:28:46,3.52,-0.01,12,4565,卖盘
282,14:28:42,3.53,--,1096,386888,买盘
283,14:28:31,3.53,--,189,66717,买盘
284,14:28:27,3.53,0.01,110,38830,买盘
285,14:28:21,3.52,--,20,7040,卖盘
286,14:28:12,3.52,-0.01,62,22168,卖盘
287,14:27:51,3.53,--,17,6001,买盘
288,14:27:42,3.53,--,111,39183,买盘
289,14:27:37,3.53,--,117,41646,买盘
290,14:27:27,3.53,0.01,38,13414,买盘
291,14:27:22,3.52,-0.01,2006,706112,卖盘
292,14:27:17,3.53,--,6,2118,买盘
293,14:27:12,3.53,--,248,87544,买盘
294,14:27:07,3.53,0.01,30,10590,买盘
295,14:27:02,3.52,-0.01,6,2456,卖盘
296,14:26:57,3.53,--,16,5648,买盘
297,14:26:52,3.53,--,68,24004,买盘
298,14:26:42,3.53,0.01,58,20474,买盘
299,14:26:36,3.52,-0.01,6,2456,卖盘
300,14:26:31,3.53,0.01,12,4236,买盘
301,14:26:27,3.52,-0.01,2,704,卖盘
302,14:26:21,3.53,--,7,2471,买盘
303,14:26:16,3.53,--,171,60363,买盘
304,14:26:06,3.53,--,12,4581,买盘
305,14:26:02,3.53,0.01,6,2118,买盘
306,14:25:57,3.52,-0.01,10,3520,卖盘
307,14:25:51,3.53,--,62,21886,买盘
308,14:25:46,3.53,0.01,16,5648,买盘
309,14:25:42,3.52,--,234,82712,卖盘
310,14:25:36,3.52,-0.01,16,5632,卖盘
311,14:25:27,3.53,--,6,2118,买盘
312,14:25:12,3.53,0.01,7,2471,买盘
313,14:25:06,3.52,--,60,21461,卖盘
314,14:24:57,3.52,-0.01,18,6336,卖盘
315,14:24:51,3.53,0.01,16,5648,买盘
316,14:24:42,3.52,--,6,2456,卖盘
317,14:24:36,3.52,-0.01,418,147136,卖盘
318,14:24:17,3.53,0.01,6,2118,买盘
319,14:24:06,3.52,--,246,86936,卖盘
320,14:24:02,3.52,-0.01,246,86592,卖盘
321,14:23:57,3.53,--,13,4589,买盘
322,14:23:51,3.53,--,21,7413,买盘
323,14:23:42,3.53,0.01,7,2471,买盘
324,14:23:36,3.52,-0.01,6,2456,卖盘
325,14:23:27,3.53,--,7,2471,买盘
326,14:23:22,3.53,--,6,2118,买盘
327,14:23:16,3.53,--,100,35300,买盘
328,14:23:06,3.53,--,63,22584,买盘
329,14:22:57,3.53,0.01,7,2471,买盘
330,14:22:51,3.52,-0.01,11,3872,卖盘
331,14:22:47,3.53,--,87,30711,买盘
332,14:22:41,3.53,0.01,10,3530,买盘
333,14:22:36,3.52,--,149,52448,卖盘
334,14:22:31,3.52,-0.01,13,4920,卖盘
335,14:22:26,3.53,--,15,5295,买盘
336,14:22:12,3.53,--,6,2118,买盘
337,14:22:06,3.53,0.01,311,109783,买盘
338,14:22:02,3.52,-0.01,16,5976,卖盘
339,14:21:51,3.53,0.01,23,8119,买盘
340,14:21:47,3.52,-0.01,35,12320,卖盘
341,14:21:40,3.53,--,102,36006,买盘
342,14:21:36,3.53,--,6,2118,买盘
343,14:21:32,3.53,--,228,80829,买盘
344,14:21:27,3.53,--,50,17650,买盘
345,14:21:21,3.53,--,7,2471,买盘
346,14:21:17,3.53,0.01,68,24004,买盘
347,14:21:06,3.52,-0.01,48,17237,卖盘
348,14:21:02,3.53,--,49,17297,买盘
349,14:20:51,3.53,--,148,52244,买盘
350,14:20:40,3.53,0.01,6,2118,买盘
351,14:20:36,3.52,-0.01,57,20408,卖盘
352,14:20:26,3.53,--,43,15179,买盘
353,14:20:21,3.53,--,14,4942,买盘
354,14:20:16,3.53,0.01,20,7060,买盘
355,14:20:11,3.52,-0.01,228,80256,卖盘
356,14:20:06,3.53,--,94,33527,买盘
357,14:20:01,3.53,0.01,20,7060,买盘
358,14:19:54,3.52,-0.01,332,116864,卖盘
359,14:19:51,3.53,--,20,7060,买盘
360,14:19:45,3.53,--,4,1412,买盘
361,14:19:36,3.53,--,35,12700,买盘
362,14:19:21,3.53,0.01,20,7060,买盘
363,14:19:17,3.52,-0.01,2,704,卖盘
364,14:19:06,3.53,0.01,40,14120,买盘
365,14:18:56,3.52,--,30,10560,卖盘
366,14:18:51,3.52,-0.01,14,4928,卖盘
367,14:18:40,3.53,0.01,304,107312,买盘
368,14:18:36,3.52,--,3,1056,卖盘
369,14:18:30,3.52,--,6,2435,卖盘
370,14:18:21,3.52,-0.01,3,1056,卖盘
371,14:18:15,3.53,0.01,41,14473,买盘
372,14:18:06,3.52,--,342,120384,卖盘
373,14:18:00,3.52,-0.01,6,2435,卖盘
374,14:17:56,3.53,0.01,100,35300,买盘
375,14:17:51,3.52,--,347,122144,卖盘
376,14:17:45,3.52,-0.01,2183,768416,卖盘
377,14:17:41,3.53,0.01,85,30005,买盘
378,14:17:36,3.52,--,154,54531,卖盘
379,14:17:30,3.52,--,2086,734272,卖盘
380,14:17:21,3.52,-0.01,3,1056,卖盘
381,14:17:15,3.53,0.01,20,7060,买盘
382,14:17:06,3.52,--,56,20035,卖盘
383,14:17:00,3.52,--,185,65120,卖盘
384,14:16:51,3.52,-0.01,43,15136,卖盘
385,14:16:45,3.53,--,52,18356,买盘
386,14:16:40,3.53,0.01,40,14120,买盘
387,14:16:30,3.52,--,356,125635,卖盘
388,14:16:21,3.52,--,233,82016,卖盘
389,14:16:06,3.52,-0.01,438,154176,卖盘
390,14:15:54,3.53,0.01,4065,1434945,买盘
391,14:15:50,3.52,-0.01,13,4576,卖盘
392,14:15:45,3.53,--,4434,1565230,卖盘
393,14:15:40,3.53,--,4968,1753704,卖盘
394,14:15:35,3.53,--,61,21857,卖盘
395,14:15:30,3.53,--,1327,468431,卖盘
396,14:15:25,3.53,--,291,102723,卖盘
397,14:15:20,3.53,--,29,10237,卖盘
398,14:15:15,3.53,--,407,143671,卖盘
399,14:15:11,3.53,--,9292,3280076,卖盘
400,14:15:05,3.53,--,6,2442,卖盘
401,14:15:00,3.53,--,5,1765,卖盘
402,14:14:56,3.53,--,1353,477609,卖盘
403,14:14:50,3.53,-0.01,14,4942,卖盘
404,14:14:45,3.54,0.01,1229,435066,买盘
405,14:14:34,3.53,--,66,23622,卖盘
406,14:14:25,3.53,--,66,23298,卖盘
407,14:14:20,3.53,-0.01,4,1412,卖盘
408,14:14:09,3.54,--,10,3540,买盘
409,14:14:00,3.54,--,43,15222,买盘
410,14:13:55,3.54,0.01,315,111510,买盘
411,14:13:49,3.53,-0.01,13,4589,卖盘
412,14:13:45,3.54,0.01,55,19470,买盘
413,14:13:39,3.53,--,1540,543944,卖盘
414,14:13:30,3.53,--,495,174735,卖盘
415,14:13:25,3.53,--,8,2824,卖盘
416,14:13:20,3.53,-0.01,4,1412,卖盘
417,14:13:15,3.54,0.01,1,354,买盘
418,14:13:09,3.53,--,16,5648,卖盘
419,14:13:00,3.53,--,40,14120,卖盘
420,14:12:49,3.53,--,13,4589,卖盘
421,14:12:44,3.53,--,1,353,卖盘
422,14:12:35,3.53,-0.01,149,52597,卖盘
423,14:12:24,3.54,0.01,27,9558,买盘
424,14:12:20,3.53,-0.01,4,1412,卖盘
425,14:12:09,3.54,0.01,88,31477,买盘
426,14:12:05,3.53,-0.01,2,706,卖盘
427,14:11:55,3.54,0.01,13,4602,买盘
428,14:11:49,3.53,-0.01,14,4942,卖盘
429,14:11:39,3.54,--,356,126024,买盘
430,14:11:36,3.54,--,10,3540,买盘
431,14:11:30,3.54,--,169,59826,买盘
432,14:11:24,3.54,0.01,300,106200,买盘
433,14:11:20,3.53,-0.01,4,1412,卖盘
434,14:11:15,3.54,--,16,5664,买盘
435,14:11:09,3.54,--,1200,424800,买盘
436,14:11:00,3.54,--,94,33276,买盘
437,14:10:54,3.54,--,1394,493476,买盘
438,14:10:49,3.54,--,329,116466,买盘
439,14:10:45,3.54,--,305,107970,买盘
440,14:10:39,3.54,0.01,52,18408,买盘
441,14:10:35,3.53,-0.01,292,103076,卖盘
442,14:10:30,3.54,--,224,79296,买盘
443,14:10:24,3.54,0.01,120,42480,买盘
444,14:10:19,3.53,-0.01,3,1059,卖盘
445,14:10:15,3.54,0.01,24,8496,买盘
446,14:10:09,3.53,-0.01,44,15532,卖盘
447,14:10:03,3.54,0.01,1006,356124,买盘
448,14:09:50,3.53,-0.01,10,3530,卖盘
449,14:09:45,3.54,0.01,14215,5032110,买盘
450,14:09:35,3.53,-0.01,100,35300,卖盘
451,14:09:09,3.54,--,18,6372,买盘
452,14:09:05,3.54,--,2,708,买盘
453,14:08:54,3.54,0.01,33,11682,买盘
454,14:08:49,3.53,--,11,3883,卖盘
455,14:08:39,3.53,--,84,29652,卖盘
456,14:08:35,3.53,--,14,4942,卖盘
457,14:08:24,3.53,-0.01,406,143318,卖盘
458,14:08:14,3.54,0.01,18,6372,买盘
459,14:08:05,3.53,--,40,14120,卖盘
460,14:07:54,3.53,--,520,183560,卖盘
461,14:07:48,3.53,-0.01,10,3530,卖盘
462,14:07:43,3.54,--,912,322848,买盘
463,14:07:39,3.54,--,147,52038,买盘
464,14:07:35,3.54,--,702,248508,买盘
465,14:07:24,3.54,0.01,665,235410,买盘
466,14:07:19,3.53,--,455,160615,卖盘
467,14:07:14,3.53,-0.01,608,214624,卖盘
468,14:07:04,3.54,0.01,689,243906,买盘
469,14:06:59,3.53,-0.01,200,70600,卖盘
470,14:06:54,3.54,0.01,501,177354,买盘
471,14:06:50,3.53,-0.01,837,295461,卖盘
472,14:06:44,3.54,0.01,500,177000,买盘
473,14:06:39,3.53,-0.01,30,10590,卖盘
474,14:06:34,3.54,--,500,177000,买盘
475,14:06:29,3.54,--,259,91686,买盘
476,14:06:24,3.54,0.01,500,177000,买盘
477,14:06:19,3.53,-0.01,87,30711,卖盘
478,14:06:13,3.54,--,507,179478,买盘
479,14:06:05,3.54,--,500,177000,买盘
480,14:05:54,3.54,0.01,359,127086,买盘
481,14:05:48,3.53,--,197,69541,卖盘
482,14:05:39,3.53,-0.01,80,28240,卖盘
483,14:05:34,3.54,--,25,8850,买盘
484,14:05:24,3.54,0.01,81,28674,买盘
485,14:05:18,3.53,-0.01,26,9178,卖盘
486,14:05:14,3.54,--,90,31860,买盘
487,14:05:09,3.54,--,113,40002,买盘
488,14:05:04,3.54,--,156,55224,买盘
489,14:04:54,3.54,0.01,855,302670,买盘
490,14:04:49,3.53,--,88,31064,卖盘
491,14:04:43,3.53,-0.01,28,9884,卖盘
492,14:04:39,3.54,0.01,545,193018,买盘
493,14:04:33,3.53,--,1802,636106,买盘
494,14:04:30,3.53,--,1026,362178,买盘
495,14:04:24,3.53,--,2177,768481,买盘
496,14:04:19,3.53,0.01,2849,1005697,买盘
497,14:04:14,3.52,-0.01,1982,697664,卖盘
498,14:04:09,3.53,--,518,182854,买盘
499,14:04:03,3.53,0.01,3060,1080180,买盘
500,14:03:58,3.52,--,321,112992,卖盘
501,14:03:54,3.52,--,380,133760,卖盘
502,14:03:48,3.52,-0.01,104,36608,卖盘
503,14:03:44,3.53,--,29,10237,买盘
504,14:03:39,3.53,0.01,505,178265,买盘
505,14:03:33,3.52,-0.01,377,132704,卖盘
506,14:03:28,3.53,--,17,6001,买盘
507,14:03:24,3.53,--,211,74483,买盘
508,14:03:18,3.53,0.01,143,50479,买盘
509,14:03:12,3.52,-0.01,40,14080,卖盘
510,14:03:09,3.53,0.01,424,149672,买盘
511,14:03:03,3.52,--,357,125664,卖盘
512,14:02:59,3.52,-0.01,6,2112,卖盘
513,14:02:54,3.53,0.01,66,23298,买盘
514,14:02:48,3.52,-0.01,19,6688,卖盘
515,14:02:42,3.53,--,10,3530,买盘
516,14:02:39,3.53,0.01,62,21886,买盘
517,14:02:33,3.52,--,316,111232,卖盘
518,14:02:28,3.52,-0.01,130,45760,卖盘
519,14:02:22,3.53,--,36,12708,买盘
520,14:02:18,3.53,0.01,8,2824,买盘
521,14:02:13,3.52,--,80,28160,卖盘
522,14:02:03,3.52,--,122,42944,卖盘
523,14:01:59,3.52,-0.01,7,2464,卖盘
524,14:01:53,3.53,0.01,77,27181,买盘
525,14:01:49,3.52,-0.01,921,324192,卖盘
526,14:01:43,3.53,0.01,91,32123,买盘
527,14:01:38,3.52,-0.01,86,30272,卖盘
528,14:01:33,3.53,--,154,54362,买盘
529,14:01:21,3.53,0.01,25,8825,买盘
530,14:01:18,3.52,-0.01,84,29568,卖盘
531,14:01:13,3.53,--,113,39889,买盘
532,14:01:07,3.53,0.01,36,12708,买盘
533,14:01:03,3.52,--,89,31328,卖盘
534,14:00:58,3.52,-0.01,312,109824,卖盘
535,14:00:53,3.53,--,2698,952394,买盘
536,14:00:48,3.53,--,1402,494906,买盘
537,14:00:43,3.53,0.01,710,250630,买盘
538,14:00:37,3.52,-0.01,305,107360,卖盘
539,14:00:33,3.53,0.01,553,195209,买盘
540,14:00:29,3.52,--,304,107008,卖盘
541,14:00:23,3.52,-0.01,37,13024,卖盘
542,14:00:18,3.53,0.01,58,20474,买盘
543,14:00:14,3.52,-0.01,84,29568,卖盘
544,14:00:07,3.53,0.01,16,5648,买盘
545,14:00:03,3.52,--,31,10912,卖盘
546,13:59:52,3.52,-0.01,1,352,卖盘
547,13:59:48,3.53,--,51,18003,买盘
548,13:59:42,3.53,0.01,218,76954,买盘
549,13:59:33,3.52,--,32,11264,卖盘
550,13:59:29,3.52,-0.01,43,15136,卖盘
551,13:59:22,3.53,0.01,35,12355,买盘
552,13:59:17,3.52,--,29,10208,卖盘
553,13:59:13,3.52,-0.01,30,10560,卖盘
554,13:59:08,3.53,0.01,39,13767,买盘
555,13:59:03,3.52,-0.01,99,34848,卖盘
556,13:58:58,3.53,--,27,9531,买盘
557,13:58:53,3.53,--,4,1412,买盘
558,13:58:48,3.53,0.01,35,12355,买盘
559,13:58:42,3.52,--,133,46816,卖盘
560,13:58:33,3.52,--,31,10912,卖盘
561,13:58:29,3.52,-0.01,41,14432,卖盘
562,13:58:18,3.53,--,34,12002,买盘
563,13:58:13,3.53,0.01,95,33535,买盘
564,13:58:03,3.52,--,70,24640,卖盘
565,13:57:53,3.52,-0.01,7,2464,卖盘
566,13:57:48,3.53,--,36,12708,买盘
567,13:57:42,3.53,0.01,49,17297,买盘
568,13:57:37,3.52,--,4,1408,卖盘
569,13:57:33,3.52,-0.01,84,29568,卖盘
570,13:57:27,3.53,--,1,353,买盘
571,13:57:18,3.53,--,82,28946,买盘
572,13:57:13,3.53,0.01,41,14473,买盘
573,13:57:07,3.52,--,232,81664,卖盘
574,13:57:03,3.52,--,464,163328,卖盘
575,13:56:57,3.52,--,25,8800,卖盘
576,13:56:53,3.52,-0.01,326,114752,卖盘
577,13:56:48,3.53,0.01,50,17650,买盘
578,13:56:42,3.52,--,27,9504,卖盘
579,13:56:38,3.52,--,4,1408,卖盘
580,13:56:33,3.52,-0.01,693,243936,卖盘
581,13:56:22,3.53,--,7,2471,买盘
582,13:56:18,3.53,--,84,29652,买盘
583,13:56:12,3.53,--,61,21533,买盘
584,13:56:03,3.53,--,25,8825,买盘
585,13:55:57,3.53,--,1,353,买盘
586,13:55:48,3.53,--,38,13414,买盘
587,13:55:42,3.53,0.01,25,8825,买盘
588,13:55:33,3.52,--,196,68992,卖盘
589,13:55:22,3.52,--,413,145724,卖盘
590,13:55:12,3.52,-0.01,1132,398464,卖盘
591,13:55:02,3.53,0.01,24,8472,买盘
592,13:54:57,3.52,-0.01,687,241876,卖盘
593,13:54:53,3.53,--,292,103076,买盘
594,13:54:47,3.53,--,74,26122,买盘
595,13:54:42,3.53,--,45,15885,买盘
596,13:54:37,3.53,0.01,205,72365,买盘
597,13:54:32,3.52,-0.01,63,22176,卖盘
598,13:54:27,3.53,0.01,109,38477,买盘
599,13:54:22,3.52,-0.01,104,36608,卖盘
600,13:54:15,3.53,--,10,3530,买盘
601,13:54:12,3.53,0.01,284,100520,买盘
602,13:54:08,3.52,-0.01,65,22880,卖盘
603,13:54:02,3.53,--,26,9178,买盘
604,13:53:57,3.53,0.01,171,60363,买盘
605,13:53:52,3.52,--,269,94846,卖盘
606,13:53:47,3.52,-0.01,15,5280,卖盘
607,13:53:42,3.53,0.01,115,40595,买盘
608,13:53:37,3.52,--,251,88352,卖盘
609,13:53:32,3.52,-0.01,64,22528,卖盘
610,13:53:27,3.53,0.01,266,93898,买盘
611,13:53:22,3.52,--,53,18656,卖盘
612,13:53:17,3.52,-0.01,2,704,卖盘
613,13:53:12,3.53,0.01,173,61069,买盘
614,13:53:07,3.52,-0.01,229,80847,卖盘
615,13:53:01,3.53,--,183,64599,买盘
616,13:52:52,3.53,--,36,12708,买盘
617,13:52:47,3.53,--,500,176500,买盘
618,13:52:42,3.53,--,45,15885,买盘
619,13:52:37,3.53,--,5,1765,买盘
620,13:52:31,3.53,--,26,9178,买盘
621,13:52:22,3.53,--,29,10237,买盘
622,13:52:12,3.53,--,50,17650,买盘
623,13:52:07,3.53,--,4,1412,买盘
624,13:52:01,3.53,--,24,8472,买盘
625,13:51:50,3.53,--,38,13414,买盘
626,13:51:42,3.53,0.01,27,9531,买盘
627,13:51:36,3.52,-0.01,87,30624,卖盘
628,13:51:27,3.53,0.01,435,153555,买盘
629,13:51:22,3.52,-0.01,56,19712,卖盘
630,13:51:15,3.53,--,10,3530,买盘
631,13:51:12,3.53,--,547,193091,买盘
632,13:51:07,3.53,--,1,353,买盘
633,13:51:00,3.53,--,72,25416,买盘
634,13:50:57,3.53,--,119,42007,买盘
635,13:50:51,3.53,--,35,12355,买盘
636,13:50:46,3.53,--,1,353,买盘
637,13:50:42,3.53,--,25,8825,买盘
638,13:50:27,3.53,--,93,32829,买盘
639,13:50:21,3.53,--,25,8825,买盘
640,13:50:12,3.53,--,50,17650,买盘
641,13:50:00,3.53,--,24,8472,买盘
642,13:49:56,3.53,--,139,49067,买盘
643,13:49:52,3.53,--,54,19062,买盘
644,13:49:42,3.53,--,25,8825,买盘
645,13:49:31,3.53,--,24,8472,买盘
646,13:49:27,3.53,--,10,3822,买盘
647,13:49:21,3.53,--,26,9178,买盘
648,13:49:12,3.53,0.01,125,44125,买盘
649,13:49:06,3.52,-0.01,86,30272,卖盘
650,13:49:00,3.53,--,25,8825,买盘
651,13:48:57,3.53,0.01,31,10943,买盘
652,13:48:51,3.52,--,73,25696,卖盘
653,13:48:42,3.52,-0.01,36,12672,卖盘
654,13:48:30,3.53,0.01,56,19768,买盘
655,13:48:24,3.52,-0.01,14,4928,卖盘
656,13:48:21,3.53,0.01,27,9531,买盘
657,13:48:16,3.52,-0.01,77,27104,卖盘
658,13:48:10,3.53,--,25,8825,买盘
659,13:48:00,3.53,0.01,925,326525,买盘
660,13:47:51,3.52,-0.01,152,53504,卖盘
661,13:47:46,3.53,--,8,2824,买盘
662,13:47:40,3.53,--,76,26828,买盘
663,13:47:36,3.53,0.01,63,22239,买盘
664,13:47:30,3.52,-0.01,104,36608,卖盘
665,13:47:21,3.53,--,30,10590,买盘
666,13:47:16,3.53,--,8,2824,买盘
667,13:47:10,3.53,--,40,14120,买盘
668,13:47:01,3.53,0.01,46,16238,买盘
669,13:46:51,3.52,-0.01,100,35200,卖盘
670,13:46:40,3.53,0.01,26,9178,买盘
671,13:46:36,3.52,-0.01,694,244305,卖盘
672,13:46:30,3.53,--,25,8825,买盘
673,13:46:21,3.53,0.01,25,8825,买盘
674,13:46:16,3.52,-0.01,32,11264,卖盘
675,13:46:10,3.53,--,108,38124,买盘
676,13:46:01,3.53,--,26,9178,买盘
677,13:45:51,3.53,0.01,36,12708,买盘
678,13:45:46,3.52,-0.01,9,3168,卖盘
679,13:45:39,3.53,0.01,25,8825,买盘
680,13:45:36,3.52,-0.01,71,24992,卖盘
681,13:45:31,3.53,0.01,76,26828,买盘
682,13:45:25,3.52,-0.01,74,26048,卖盘
683,13:45:21,3.53,0.01,86,30358,买盘
684,13:45:16,3.52,-0.01,4,1408,卖盘
685,13:45:11,3.53,0.01,25,8825,买盘
686,13:45:06,3.52,-0.01,70,24640,卖盘
687,13:45:00,3.53,0.01,26,9178,买盘
688,13:44:56,3.52,-0.01,17,5984,卖盘
689,13:44:51,3.53,0.01,34,12002,买盘
690,13:44:46,3.52,-0.01,263,92576,卖盘
691,13:44:40,3.53,0.01,28,9884,买盘
692,13:44:36,3.52,--,80,28160,卖盘
693,13:44:30,3.52,-0.01,279,98264,卖盘
694,13:44:24,3.53,--,135,47655,买盘
695,13:44:21,3.53,0.01,26,9178,买盘
696,13:44:16,3.52,-0.01,173,60896,卖盘
697,13:44:10,3.53,0.01,41,14473,买盘
698,13:44:06,3.52,--,155,54560,卖盘
699,13:44:01,3.52,--,429,151011,卖盘
700,13:43:51,3.52,--,57,20064,卖盘
701,13:43:46,3.52,-0.01,13,4576,卖盘
702,13:43:40,3.53,0.01,27,9531,买盘
703,13:43:36,3.52,-0.01,76,26752,卖盘
704,13:43:31,3.53,0.01,26,9178,买盘
705,13:43:21,3.52,--,27,9504,卖盘
706,13:43:16,3.52,--,15,5280,卖盘
707,13:43:10,3.52,--,119,41888,卖盘
708,13:43:01,3.52,--,46,16192,卖盘
709,13:42:51,3.52,-0.01,36,12672,卖盘
710,13:42:46,3.53,--,6,2118,买盘
711,13:42:40,3.53,0.01,25,8825,买盘
712,13:42:30,3.52,--,1343,472876,卖盘
713,13:42:21,3.52,--,108,38016,卖盘
714,13:42:16,3.52,-0.01,52,18304,卖盘
715,13:42:10,3.53,--,26,9178,买盘
716,13:42:06,3.53,--,30,10590,买盘
717,13:42:00,3.53,0.01,26,9178,买盘
718,13:41:51,3.52,--,117,41184,卖盘
719,13:41:45,3.52,--,261,91872,卖盘
720,13:41:41,3.52,--,41,14432,卖盘
721,13:41:36,3.52,--,79,27808,卖盘
722,13:41:29,3.52,--,34,11968,卖盘
723,13:41:21,3.52,-0.01,45,15840,卖盘
724,13:41:10,3.53,--,51,18003,买盘
725,13:41:00,3.53,--,189,66717,买盘
726,13:40:49,3.53,0.01,35,12355,买盘
727,13:40:45,3.52,-0.01,4,1408,卖盘
728,13:40:40,3.53,--,35,12355,买盘
729,13:40:30,3.53,--,26,9178,买盘
730,13:40:24,3.53,--,8,2824,买盘
731,13:40:19,3.53,0.01,25,8825,买盘
732,13:40:15,3.52,--,35,12320,卖盘
733,13:40:10,3.52,--,102,35904,卖盘
734,13:40:03,3.52,--,1,352,卖盘
735,13:40:00,3.52,--,89,31328,卖盘
736,13:39:54,3.52,-0.01,813,286176,卖盘
737,13:39:49,3.53,0.01,35,12355,买盘
738,13:39:45,3.52,-0.01,7,2464,卖盘
739,13:39:40,3.53,0.01,1234,435602,买盘
740,13:39:34,3.52,--,1,352,卖盘
741,13:39:30,3.52,-0.01,40,14080,卖盘
742,13:39:19,3.53,--,26,9178,买盘
743,13:39:10,3.53,--,80,28240,买盘
744,13:39:03,3.53,--,9,3177,买盘
745,13:39:00,3.53,--,35,12355,买盘
746,13:38:55,3.53,0.01,944,333232,买盘
747,13:38:48,3.52,-0.01,65,22880,卖盘
748,13:38:40,3.53,0.01,25,8825,买盘
749,13:38:30,3.52,-0.01,76,26752,卖盘
750,13:38:18,3.53,--,26,9178,买盘
751,13:38:15,3.53,--,1428,504084,买盘
752,13:38:10,3.53,--,26,9178,买盘
753,13:38:00,3.53,0.01,204,72012,买盘
754,13:37:55,3.52,-0.01,17,5984,卖盘
755,13:37:49,3.53,0.01,236,83308,买盘
756,13:37:45,3.52,-0.01,46,16192,卖盘
757,13:37:40,3.53,0.01,328,115784,买盘
758,13:37:30,3.52,-0.01,107,37664,卖盘
759,13:37:19,3.53,--,26,9178,买盘
760,13:37:15,3.53,--,300,105900,买盘
761,13:37:10,3.53,0.01,228,80484,买盘
762,13:37:00,3.52,--,98,34496,卖盘
763,13:36:55,3.52,-0.01,1,352,卖盘
764,13:36:49,3.53,--,36,12708,买盘
765,13:36:40,3.53,--,26,9178,买盘
766,13:36:30,3.53,--,26,9178,买盘
767,13:36:25,3.53,--,1,353,买盘
768,13:36:19,3.53,--,26,9178,买盘
769,13:36:15,3.53,--,59,20827,买盘
770,13:36:10,3.53,--,278,98134,买盘
771,13:36:00,3.53,--,26,9178,买盘
772,13:35:49,3.53,0.01,35,12355,买盘
773,13:35:45,3.52,-0.01,2,704,卖盘
774,13:35:40,3.53,0.01,26,9178,买盘
775,13:35:30,3.52,-0.01,95,33440,卖盘
776,13:35:25,3.53,--,109,38477,买盘
777,13:35:19,3.53,0.01,195,68835,买盘
778,13:35:15,3.52,-0.01,501,176352,卖盘
779,13:35:10,3.53,--,24,8472,买盘
780,13:35:00,3.53,--,127,44831,买盘
781,13:34:48,3.53,--,36,12708,买盘
782,13:34:39,3.53,0.01,26,9178,买盘
783,13:34:34,3.52,-0.01,88,30976,卖盘
784,13:34:30,3.53,0.01,25,8825,买盘
785,13:34:25,3.52,-0.01,1,352,卖盘
786,13:34:19,3.53,--,24,8472,买盘
787,13:34:13,3.53,--,36,12708,买盘
788,13:34:09,3.53,0.01,27,9531,买盘
789,13:34:04,3.52,-0.01,79,27808,卖盘
790,13:33:58,3.53,0.01,26,9178,买盘
791,13:33:55,3.52,--,29,10208,卖盘
792,13:33:48,3.52,-0.01,35,12320,卖盘
793,13:33:42,3.53,--,84,29652,买盘
794,13:33:39,3.53,--,26,9178,买盘
795,13:33:35,3.53,--,8,2824,买盘
796,13:33:27,3.53,--,26,9178,买盘
797,13:33:19,3.53,0.01,41,14473,买盘
798,13:33:09,3.52,-0.01,622,218944,卖盘
799,13:32:58,3.53,0.01,26,9178,买盘
800,13:32:49,3.52,-0.01,38,13376,卖盘
801,13:32:39,3.53,--,25,8825,买盘
802,13:32:28,3.53,--,26,9178,买盘
803,13:32:19,3.53,--,26,9178,买盘
804,13:32:13,3.53,--,50,17650,买盘
805,13:32:09,3.53,0.01,27,9531,买盘
806,13:32:04,3.52,-0.01,66,23232,卖盘
807,13:31:58,3.53,0.01,25,8825,买盘
808,13:31:54,3.52,-0.01,1000,352000,卖盘
809,13:31:47,3.53,--,37,13061,买盘
810,13:31:42,3.53,--,81,28593,买盘
811,13:31:39,3.53,--,26,9178,买盘
812,13:31:28,3.53,--,24,8472,买盘
813,13:31:23,3.53,0.01,11,3883,买盘
814,13:31:18,3.52,-0.01,1207,424864,卖盘
815,13:31:09,3.53,--,26,9178,买盘
816,13:31:03,3.53,0.01,3,1059,买盘
817,13:30:59,3.52,--,118,41536,卖盘
818,13:30:53,3.52,-0.01,1,352,卖盘
819,13:30:48,3.53,--,35,12355,买盘
820,13:30:39,3.53,0.01,26,9178,买盘
821,13:30:34,3.52,-0.01,52,18304,卖盘
822,13:30:27,3.53,--,36,12708,买盘
823,13:30:19,3.53,0.01,25,8825,买盘
824,13:30:12,3.52,--,30,10560,卖盘
825,13:30:09,3.52,--,56,19712,卖盘
826,13:30:03,3.52,-0.01,119,41888,卖盘
827,13:29:58,3.53,--,25,8825,买盘
828,13:29:49,3.53,0.01,34,12002,买盘
829,13:29:42,3.52,-0.01,121,42592,卖盘
830,13:29:39,3.53,--,24,8472,买盘
831,13:29:28,3.53,--,26,9178,买盘
832,13:29:18,3.53,--,25,8825,买盘
833,13:29:09,3.53,0.01,26,9178,买盘
834,13:28:58,3.52,--,46,16192,卖盘
835,13:28:49,3.52,--,207,72864,卖盘
836,13:28:42,3.52,-0.01,42,14784,卖盘
837,13:28:39,3.53,--,77,27181,买盘
838,13:28:28,3.53,0.01,113,39889,买盘
839,13:28:18,3.52,--,34,11968,卖盘
840,13:28:14,3.52,-0.01,600,211200,卖盘
841,13:28:09,3.53,--,55,19415,买盘
842,13:28:03,3.53,--,484,170852,买盘
843,13:27:57,3.53,0.01,26,9178,买盘
844,13:27:49,3.52,-0.01,56,19712,卖盘
845,13:27:39,3.53,--,25,8825,买盘
846,13:27:28,3.53,0.01,26,9178,买盘
847,13:27:19,3.52,-0.01,147,51744,卖盘
848,13:27:09,3.53,0.01,25,8825,买盘
849,13:27:03,3.52,-0.01,52,18304,卖盘
850,13:26:58,3.53,0.01,280,98840,买盘
851,13:26:48,3.52,--,56,19712,卖盘
852,13:26:42,3.52,--,19,6688,卖盘
853,13:26:37,3.52,--,31,10912,卖盘
854,13:26:34,3.52,-0.01,28,9856,卖盘
855,13:26:28,3.53,--,25,8825,买盘
856,13:26:17,3.53,--,108,38124,买盘
857,13:26:06,3.53,0.01,26,9178,买盘
858,13:26:03,3.52,--,406,142912,卖盘
859,13:25:57,3.52,--,99,34848,卖盘
860,13:25:52,3.52,--,17,5984,卖盘
861,13:25:48,3.52,--,64,22528,卖盘
862,13:25:44,3.52,-0.01,340,119680,卖盘
863,13:25:36,3.53,--,43,15179,买盘
864,13:25:28,3.53,--,26,9178,买盘
865,13:25:17,3.53,--,134,47302,买盘
866,13:25:06,3.53,0.01,24,8472,买盘
867,13:25:03,3.52,-0.01,43,15136,卖盘
868,13:24:59,3.53,0.01,27,9531,买盘
869,13:24:52,3.52,-0.01,1,352,卖盘
870,13:24:48,3.53,--,39,13767,买盘
871,13:24:42,3.53,--,79,27887,买盘
872,13:24:36,3.53,0.01,25,8825,买盘
873,13:24:33,3.52,-0.01,129,45408,卖盘
874,13:24:27,3.53,--,26,9178,买盘
875,13:24:18,3.53,--,26,9178,买盘
876,13:24:06,3.53,--,26,9178,买盘
877,13:24:03,3.53,0.01,100,35300,买盘
878,13:23:58,3.52,--,203,71456,卖盘
879,13:23:48,3.52,-0.01,164,57728,卖盘
880,13:23:43,3.53,--,47,16591,买盘
881,13:23:36,3.53,0.01,26,9178,买盘
882,13:23:32,3.52,-0.01,70,24640,卖盘
883,13:23:27,3.53,--,26,9178,买盘
884,13:23:18,3.53,--,24,8472,买盘
885,13:23:12,3.53,--,28,9884,买盘
886,13:23:06,3.53,--,52,18356,买盘
887,13:22:58,3.53,--,26,9178,买盘
888,13:22:52,3.53,0.01,95,33535,买盘
889,13:22:47,3.52,--,37,13024,卖盘
890,13:22:41,3.52,-0.01,12,4224,卖盘
891,13:22:37,3.53,--,27,9531,买盘
892,13:22:27,3.53,--,27,9531,买盘
893,13:22:18,3.53,0.01,25,8825,买盘
894,13:22:12,3.52,-0.01,12,4224,卖盘
895,13:22:07,3.53,0.01,26,9178,买盘
896,13:22:03,3.52,-0.01,132,46464,卖盘
897,13:21:57,3.53,0.01,27,9531,买盘
898,13:21:46,3.52,--,35,12320,卖盘
899,13:21:36,3.52,-0.01,37,13024,卖盘
900,13:21:27,3.53,--,26,9178,买盘
901,13:21:18,3.53,--,87,30711,买盘
902,13:21:13,3.53,0.01,56,19768,买盘
903,13:21:06,3.52,--,69,24288,卖盘
904,13:20:57,3.52,--,119,41888,卖盘
905,13:20:47,3.52,--,37,13024,卖盘
906,13:20:42,3.52,--,14,4928,卖盘
907,13:20:37,3.52,--,37,13024,卖盘
908,13:20:33,3.52,-0.01,60,21120,卖盘
909,13:20:28,3.53,0.01,24,8472,买盘
910,13:20:18,3.52,--,69,24288,卖盘
911,13:20:13,3.52,--,3,1056,卖盘
912,13:20:07,3.52,--,38,13376,卖盘
913,13:20:03,3.52,-0.01,1,352,卖盘
914,13:19:57,3.53,0.01,26,9178,买盘
915,13:19:52,3.52,-0.01,11,3872,卖盘
916,13:19:45,3.53,0.01,25,8825,买盘
917,13:19:43,3.52,--,51,17952,卖盘
918,13:19:36,3.52,-0.01,38,13376,卖盘
919,13:19:28,3.53,--,179,63187,买盘
920,13:19:15,3.53,0.01,25,8825,买盘
921,13:19:07,3.52,-0.01,37,13024,卖盘
922,13:18:57,3.53,0.01,25,8825,买盘
923,13:18:52,3.52,-0.01,55,19694,卖盘
924,13:18:46,3.53,0.01,25,8825,买盘
925,13:18:42,3.52,--,239,84128,卖盘
926,13:18:37,3.52,--,84,29568,卖盘
927,13:18:30,3.52,-0.01,270,95040,卖盘
928,13:18:28,3.53,0.01,26,9178,买盘
929,13:18:22,3.52,--,1,352,卖盘
930,13:18:16,3.52,--,32,11264,卖盘
931,13:18:12,3.52,-0.01,63,22176,卖盘
932,13:18:07,3.53,--,25,8825,买盘
933,13:17:57,3.53,0.01,69,24357,买盘
934,13:17:52,3.52,-0.01,244,86092,卖盘
935,13:17:46,3.53,--,25,8825,买盘
936,13:17:37,3.53,0.01,70,24710,买盘
937,13:17:27,3.52,--,85,29920,卖盘
938,13:17:23,3.52,-0.01,17,5984,卖盘
939,13:17:15,3.53,--,27,9531,买盘
940,13:17:07,3.53,--,49,17297,买盘
941,13:16:57,3.53,0.01,52,18356,买盘
942,13:16:52,3.52,-0.01,10,3520,卖盘
943,13:16:46,3.53,--,25,8825,买盘
944,13:16:36,3.53,--,25,8825,买盘
945,13:16:31,3.53,--,2,706,买盘
946,13:16:26,3.53,--,254,89739,买盘
947,13:16:16,3.53,--,87,30711,买盘
948,13:16:06,3.53,--,25,8825,买盘
949,13:15:57,3.53,0.01,80,28240,买盘
950,13:15:52,3.52,--,1033,363616,卖盘
951,13:15:45,3.52,--,1026,361152,卖盘
952,13:15:42,3.52,-0.01,1000,352000,卖盘
953,13:15:36,3.53,--,25,8825,买盘
954,13:15:27,3.53,--,26,9178,买盘
955,13:15:15,3.53,0.01,27,9531,买盘
956,13:15:12,3.52,-0.01,6,2112,卖盘
957,13:15:07,3.53,0.01,26,9178,买盘
958,13:15:00,3.52,--,1,352,卖盘
959,13:14:56,3.52,--,432,152064,卖盘
960,13:14:51,3.52,-0.01,11,3872,卖盘
961,13:14:47,3.53,0.01,26,9178,买盘
962,13:14:41,3.52,-0.01,17,5984,卖盘
963,13:14:36,3.53,0.01,46,16238,买盘
964,13:14:30,3.52,--,60,21120,卖盘
965,13:14:27,3.52,--,33,11616,卖盘
966,13:14:21,3.52,-0.01,40,14080,卖盘
967,13:14:16,3.53,--,27,9531,买盘
968,13:14:11,3.53,--,114,40242,买盘
969,13:14:06,3.53,--,25,8825,买盘
970,13:14:01,3.53,--,174,61422,买盘
971,13:13:57,3.53,0.01,26,9178,买盘
972,13:13:51,3.52,-0.01,11,3872,卖盘
973,13:13:45,3.53,--,24,8472,买盘
974,13:13:42,3.53,--,608,214624,买盘
975,13:13:37,3.53,--,125,44125,买盘
976,13:13:27,3.53,--,26,9178,买盘
977,13:13:21,3.53,--,20,7060,买盘
978,13:13:15,3.53,--,27,9531,买盘
979,13:13:06,3.53,0.01,26,9178,买盘
980,13:13:00,3.52,-0.01,2,704,卖盘
981,13:12:57,3.53,0.01,29,10237,买盘
982,13:12:51,3.52,-0.01,30,10560,卖盘
983,13:12:46,3.53,--,25,8825,买盘
984,13:12:36,3.53,--,35,12355,买盘
985,13:12:24,3.53,--,26,9178,买盘
986,13:12:15,3.53,--,26,9178,买盘
987,13:12:06,3.53,0.01,24,8472,买盘
988,13:11:54,3.52,--,76,26752,卖盘
989,13:11:46,3.52,-0.01,63,22176,卖盘
990,13:11:36,3.53,0.01,79,27887,买盘
991,13:11:31,3.52,-0.01,9,3168,卖盘
992,13:11:24,3.53,0.01,25,8825,买盘
993,13:11:21,3.52,-0.01,247,86944,卖盘
994,13:11:15,3.53,--,26,9178,买盘
995,13:11:07,3.53,0.01,25,8825,买盘
996,13:11:00,3.52,--,92,32384,卖盘
997,13:10:55,3.52,--,127,44704,卖盘
998,13:10:51,3.52,-0.01,10,3520,卖盘
999,13:10:46,3.53,0.01,26,9178,买盘
1000,13:10:39,3.52,-0.01,50,17600,卖盘
1001,13:10:36,3.53,--,26,9178,买盘
1002,13:10:23,3.53,--,33,11649,买盘
1003,13:10:15,3.53,--,26,9178,买盘
1004,13:10:06,3.53,0.01,25,8825,买盘
1005,13:10:00,3.52,-0.01,9,3168,卖盘
1006,13:09:54,3.53,0.01,31,10943,买盘
1007,13:09:51,3.52,--,7,2464,卖盘
1008,13:09:45,3.52,-0.01,35,12320,卖盘
1009,13:09:36,3.53,--,26,9178,买盘
1010,13:09:30,3.53,--,0,0,买盘
1011,13:09:25,3.53,0.01,25,8825,买盘
1012,13:09:21,3.52,-0.01,110,38720,卖盘
1013,13:09:16,3.53,0.01,55,19415,买盘
1014,13:09:09,3.52,--,20,7040,买盘
1015,13:09:06,3.52,--,31,10912,买盘
1016,13:09:00,3.52,--,138,48576,买盘
1017,13:08:54,3.52,--,25,8800,买盘
1018,13:08:50,3.52,--,110,38720,卖盘
1019,13:08:46,3.52,--,24,8448,买盘
1020,13:08:39,3.52,--,100,35200,买盘
1021,13:08:36,3.52,--,138,48576,买盘
1022,13:08:30,3.52,--,1000,352000,买盘
1023,13:08:25,3.52,--,26,9152,买盘
1024,13:08:15,3.52,--,63,22176,买盘
1025,13:08:06,3.52,--,1046,368192,卖盘
1026,13:08:01,3.52,--,3481,1225312,买盘
1027,13:07:54,3.52,0.01,25,8800,买盘
1028,13:07:51,3.51,-0.01,11,3860,卖盘
1029,13:07:45,3.52,--,25,8800,买盘
1030,13:07:39,3.52,--,3,1056,买盘
1031,13:07:36,3.52,0.01,25,8800,买盘
1032,13:07:30,3.51,-0.01,4,1404,卖盘
1033,13:07:24,3.52,--,26,9152,买盘
1034,13:07:15,3.52,--,32,11264,买盘
1035,13:07:06,3.52,0.01,81,28512,买盘
1036,13:07:00,3.51,-0.01,57,20007,卖盘
1037,13:06:55,3.52,--,40,14080,买盘
1038,13:06:50,3.52,-0.01,583,205216,卖盘
1039,13:06:45,3.53,0.01,25,8825,买盘
1040,13:06:39,3.52,--,200,70400,买盘
1041,13:06:36,3.52,--,27,9504,买盘
1042,13:06:30,3.52,--,7,2464,买盘
1043,13:06:25,3.52,--,25,8800,买盘
1044,13:06:15,3.52,--,135,47520,买盘
1045,13:06:09,3.52,--,496,174592,卖盘
1046,13:06:06,3.52,--,88,30976,买盘
1047,13:06:00,3.52,0.01,173,60896,买盘
1048,13:05:54,3.51,--,33,11583,卖盘
1049,13:05:51,3.51,-0.01,11,3860,卖盘
1050,13:05:45,3.52,--,25,8800,买盘
1051,13:05:39,3.52,--,21,7392,买盘
1052,13:05:36,3.52,--,53,18656,买盘
1053,13:05:30,3.52,--,25,8800,卖盘
1054,13:05:23,3.52,--,232,81664,买盘
1055,13:05:15,3.52,--,25,8800,买盘
1056,13:05:09,3.52,--,21,7392,买盘
1057,13:05:03,3.52,--,26,9152,买盘
1058,13:05:00,3.52,-0.01,65,22880,卖盘
1059,13:04:55,3.53,0.01,187,66011,买盘
1060,13:04:48,3.52,--,15,5280,买盘
1061,13:04:45,3.52,--,34,11968,买盘
1062,13:04:33,3.52,--,26,9152,买盘
1063,13:04:31,3.52,--,95,33440,买盘
1064,13:04:24,3.52,--,150,52800,买盘
1065,13:04:15,3.52,--,392,137984,买盘
1066,13:04:03,3.52,0.01,25,8800,买盘
1067,13:04:00,3.51,-0.01,1,351,卖盘
1068,13:03:54,3.52,0.01,315,110880,买盘
1069,13:03:48,3.51,-0.01,10,3510,卖盘
1070,13:03:45,3.52,--,34,11968,买盘
1071,13:03:39,3.52,--,1,352,买盘
1072,13:03:33,3.52,0.01,27,9504,买盘
1073,13:03:30,3.51,-0.01,496,174096,卖盘
1074,13:03:24,3.52,--,149,52448,买盘
1075,13:03:18,3.52,--,100,35200,买盘
1076,13:03:16,3.52,--,108,38016,买盘
1077,13:03:09,3.52,--,36,12672,买盘
1078,13:03:02,3.52,0.01,2,704,买盘
1079,13:02:48,3.51,-0.01,11,3860,卖盘
1080,13:02:44,3.52,--,8,2816,买盘
1081,13:02:25,3.52,--,335,117920,买盘
1082,13:02:18,3.52,--,20,7040,买盘
1083,13:02:00,3.52,0.01,51,17952,买盘
1084,13:01:54,3.51,-0.01,408,143208,卖盘
1085,13:01:48,3.52,--,210,73920,买盘
1086,13:01:45,3.52,--,50,17600,买盘
1087,13:01:34,3.52,--,77,27104,买盘
1088,13:01:29,3.52,0.01,25,8800,买盘
1089,13:01:15,3.51,--,151,53001,卖盘
1090,13:01:00,3.51,-0.01,158,55458,卖盘
1091,13:00:55,3.52,--,48,16896,买盘
1092,13:00:45,3.52,--,110,38720,买盘
1093,13:00:24,3.52,0.01,17,5984,买盘
1094,13:00:09,3.51,-0.01,268,94068,卖盘
1095,13:00:04,3.52,--,1885,663520,买盘
1096,13:00:00,3.52,--,30,10560,买盘
1097,11:30:00,3.52,--,0,0,买盘
1098,11:29:59,3.52,--,0,0,买盘
1099,11:29:59,3.52,--,151,53152,买盘
1100,11:29:55,3.52,--,14,4928,买盘
1101,11:29:50,3.52,--,26,9152,买盘
1102,11:29:44,3.52,--,60,21120,买盘
1103,11:29:35,3.52,--,2,704,买盘
1104,11:29:15,3.52,0.01,80,28160,买盘
1105,11:29:09,3.51,-0.01,7,2457,卖盘
1106,11:29:06,3.52,--,5,1760,买盘
1107,11:28:50,3.52,--,572,201344,买盘
1108,11:28:45,3.52,0.01,100,35200,买盘
1109,11:28:34,3.51,-0.01,60,21060,卖盘
1110,11:27:56,3.52,0.01,100,35200,买盘
1111,11:27:50,3.51,-0.01,11,3860,卖盘
1112,11:27:41,3.52,--,50,17600,买盘
1113,11:27:34,3.52,--,100,35200,买盘
1114,11:27:29,3.52,--,2,704,买盘
1115,11:27:20,3.52,0.01,380,133760,买盘
1116,11:27:06,3.51,--,30,10530,卖盘
1117,11:26:58,3.51,-0.01,843,295893,卖盘
1118,11:26:53,3.52,0.01,36,12672,买盘
1119,11:26:50,3.51,-0.01,63,22113,卖盘
1120,11:26:45,3.52,0.01,86,30272,买盘
1121,11:26:35,3.51,-0.01,4,1404,卖盘
1122,11:26:06,3.52,--,800,281600,买盘
1123,11:25:55,3.52,0.01,9,3168,买盘
1124,11:25:50,3.51,-0.01,10,3510,卖盘
1125,11:25:44,3.52,--,550,193600,买盘
1126,11:25:40,3.52,--,7,2464,买盘
1127,11:25:35,3.52,--,103,36256,买盘
1128,11:25:25,3.52,--,10,3520,买盘
1129,11:25:20,3.52,--,73,25696,买盘
1130,11:25:10,3.52,0.01,379,133408,买盘
1131,11:25:04,3.51,-0.01,20,7041,卖盘
1132,11:24:59,3.52,0.01,20,7040,买盘
1133,11:24:50,3.51,-0.01,11,3860,卖盘
1134,11:24:39,3.52,--,41,14432,买盘
1135,11:24:29,3.52,0.01,1,352,买盘
1136,11:24:20,3.51,-0.01,64,22527,卖盘
1137,11:24:14,3.52,0.01,199,70048,买盘
1138,11:24:10,3.51,-0.01,254,89154,卖盘
1139,11:23:59,3.52,--,62,21824,买盘
1140,11:23:54,3.52,0.01,128,45056,买盘
1141,11:23:50,3.51,-0.01,10,3510,卖盘
1142,11:23:38,3.52,--,12,4224,买盘
1143,11:23:32,3.52,--,100,35200,买盘
1144,11:23:29,3.52,--,77,27104,买盘
1145,11:23:19,3.52,--,30,10560,买盘
1146,11:23:08,3.52,--,326,114752,买盘
1147,11:23:03,3.52,--,10,3520,买盘
1148,11:22:53,3.52,0.01,84,29568,买盘
1149,11:22:48,3.51,-0.01,10,3510,卖盘
1150,11:22:35,3.52,--,10,3520,买盘
1151,11:22:29,3.52,--,3,1056,买盘
1152,11:22:24,3.52,--,10,3520,买盘
1153,11:22:14,3.52,--,14,4928,买盘
1154,11:21:53,3.52,0.01,30,10560,买盘
1155,11:21:48,3.51,-0.01,11,3860,卖盘
1156,11:21:45,3.52,--,37,13024,买盘
1157,11:21:37,3.52,--,70,24640,买盘
1158,11:21:29,3.52,0.01,1,352,买盘
1159,11:21:23,3.51,-0.01,78,27378,卖盘
1160,11:21:18,3.52,0.01,1,352,买盘
1161,11:20:59,3.51,--,92,32291,卖盘
1162,11:20:55,3.51,--,1,351,卖盘
1163,11:20:49,3.51,-0.01,10,3510,卖盘
1164,11:20:45,3.52,--,42,14784,买盘
1165,11:20:39,3.52,--,60,21120,买盘
1166,11:20:29,3.52,--,80,28160,买盘
1167,11:20:08,3.52,--,2431,855712,买盘
1168,11:19:59,3.52,0.01,74,26048,买盘
1169,11:19:50,3.51,-0.01,10,3510,卖盘
1170,11:19:33,3.52,0.01,40,14080,买盘
1171,11:19:29,3.51,-0.01,1,351,卖盘
1172,11:19:19,3.52,0.01,100,35200,买盘
1173,11:19:14,3.51,-0.01,207,72657,卖盘
1174,11:19:08,3.52,0.01,30,10560,买盘
1175,11:18:59,3.51,-0.01,1,351,卖盘
1176,11:18:53,3.52,--,95,33440,买盘
1177,11:18:49,3.52,--,16,5632,买盘
1178,11:18:24,3.52,--,50,17600,买盘
1179,11:18:08,3.52,0.01,23,8096,买盘
1180,11:17:47,3.51,--,10,3510,卖盘
1181,11:17:44,3.51,-0.01,10,3510,卖盘
1182,11:17:38,3.52,--,64,22528,买盘
1183,11:17:29,3.52,--,1000,352000,买盘
1184,11:17:23,3.52,0.01,8563,3014176,买盘
1185,11:17:14,3.51,--,230,80730,卖盘
1186,11:17:07,3.51,-0.01,50,17550,卖盘
1187,11:16:53,3.52,0.01,86,30272,买盘
1188,11:16:49,3.51,-0.01,10,3510,卖盘
1189,11:16:38,3.52,--,41,14432,买盘
1190,11:16:32,3.52,0.01,19,6688,买盘
1191,11:16:28,3.51,-0.01,200,70200,卖盘
1192,11:16:22,3.52,--,5,1760,买盘
1193,11:16:17,3.52,0.01,159,55968,买盘
1194,11:16:12,3.51,-0.01,1046,367146,卖盘
1195,11:16:07,3.52,0.01,50,17600,买盘
1196,11:16:02,3.51,-0.01,2,702,卖盘
1197,11:15:59,3.52,--,30,10560,买盘
1198,11:15:53,3.52,0.01,28,9856,买盘
1199,11:15:47,3.51,-0.01,11,3860,卖盘
1200,11:15:37,3.52,0.01,500,176000,买盘
1201,11:15:28,3.51,-0.01,904,317304,卖盘
1202,11:15:08,3.52,--,1,352,买盘
1203,11:15:02,3.52,--,100,35200,买盘
1204,11:14:57,3.52,--,32,11264,买盘
1205,11:14:53,3.52,--,42,14784,买盘
1206,11:14:47,3.52,--,25,8800,买盘
1207,11:14:41,3.52,--,40,14080,买盘
1208,11:14:28,3.52,--,20,7040,买盘
1209,11:14:23,3.52,--,94,33088,买盘
1210,11:14:18,3.52,--,50,17600,买盘
1211,11:14:13,3.52,--,13,4576,卖盘
1212,11:14:08,3.52,--,489,172128,卖盘
1213,11:14:02,3.52,--,444,156288,买盘
1214,11:13:56,3.52,--,20,7040,买盘
1215,11:13:53,3.52,--,219,77088,买盘
1216,11:13:47,3.52,--,76,26752,卖盘
1217,11:13:42,3.52,--,412,145024,卖盘
1218,11:13:38,3.52,--,10,3520,中性盘
1219,11:13:32,3.52,--,136,48128,卖盘
1220,11:13:28,3.52,--,392,138072,买盘
1221,11:13:23,3.52,--,16,5632,买盘
1222,11:13:17,3.52,--,45,15840,买盘
1223,11:13:08,3.52,--,74,26048,买盘
1224,11:13:03,3.52,--,553,194656,买盘
1225,11:12:58,3.52,--,22,7744,买盘
1226,11:12:53,3.52,--,682,240064,买盘
1227,11:12:47,3.52,--,531,186912,买盘
1228,11:12:43,3.52,0.01,594,209088,买盘
1229,11:12:38,3.51,-0.01,149,52299,卖盘
1230,11:12:32,3.52,--,566,199232,买盘
1231,11:12:28,3.52,--,101,35552,买盘
1232,11:12:23,3.52,0.01,26,9152,买盘
1233,11:12:17,3.51,-0.01,765,268515,卖盘
1234,11:12:11,3.52,--,537,189024,买盘
1235,11:12:08,3.52,--,1891,665712,买盘
1236,11:12:02,3.52,0.01,81,28512,买盘
1237,11:11:53,3.51,--,235,82485,卖盘
1238,11:11:48,3.51,-0.01,10,3510,卖盘
1239,11:11:32,3.52,--,759,267168,买盘
1240,11:11:17,3.52,--,30,10560,买盘
1241,11:11:08,3.52,--,10,3520,买盘
1242,11:11:02,3.52,0.01,5,1760,买盘
1243,11:10:58,3.51,--,175,61424,卖盘
1244,11:10:53,3.51,-0.01,13,4563,卖盘
1245,11:10:47,3.52,--,31,10912,买盘
1246,11:10:43,3.52,0.01,7,2464,买盘
1247,11:10:38,3.51,-0.01,5,1755,卖盘
1248,11:10:32,3.52,--,19,6688,买盘
1249,11:10:23,3.52,--,523,184096,买盘
1250,11:10:17,3.52,--,198,69696,买盘
1251,11:10:13,3.52,--,7,2464,买盘
1252,11:10:08,3.52,--,2,704,买盘
1253,11:10:02,3.52,--,81,28512,买盘
1254,11:09:51,3.52,0.01,8,2816,买盘
1255,11:09:47,3.51,-0.01,328,115128,卖盘
1256,11:09:36,3.52,--,40,14080,买盘
1257,11:09:32,3.52,0.01,65,22880,买盘
1258,11:09:27,3.51,-0.01,30,10530,卖盘
1259,11:09:17,3.52,0.01,10,3520,买盘
1260,11:09:10,3.51,-0.01,238,83538,卖盘
1261,11:09:07,3.52,--,500,176000,买盘
1262,11:09:02,3.52,0.01,5,1760,买盘
1263,11:08:50,3.51,-0.01,68,23868,卖盘
1264,11:08:47,3.52,0.01,437,153824,买盘
1265,11:08:32,3.51,-0.01,114,40014,卖盘
1266,11:08:28,3.52,0.01,30,10560,买盘
1267,11:08:22,3.51,-0.01,415,145665,卖盘
1268,11:08:17,3.52,0.01,128,45056,买盘
1269,11:08:06,3.51,--,1000,351000,卖盘
1270,11:08:02,3.51,--,61,21411,卖盘
1271,11:07:56,3.51,--,252,88452,卖盘
1272,11:07:47,3.51,-0.01,1511,530361,卖盘
1273,11:07:41,3.52,--,29,10208,买盘
1274,11:07:32,3.52,--,105,36960,买盘
1275,11:07:27,3.52,--,76,26752,买盘
1276,11:07:16,3.52,--,664,233728,买盘
1277,11:07:11,3.52,0.01,171,60192,买盘
1278,11:07:07,3.51,-0.01,189,66339,卖盘
1279,11:07:00,3.52,0.01,50,17600,买盘
1280,11:06:52,3.51,-0.01,40,14040,卖盘
1281,11:06:47,3.52,0.01,280,98560,买盘
1282,11:06:41,3.51,--,106,37363,卖盘
1283,11:06:22,3.51,-0.01,46,16145,卖盘
1284,11:06:17,3.52,--,100,35200,买盘
1285,11:06:02,3.52,--,124,43648,买盘
1286,11:05:56,3.52,--,10,3520,买盘
1287,11:05:50,3.52,0.01,100,35200,买盘
1288,11:05:47,3.51,-0.01,240,84310,卖盘
1289,11:05:40,3.52,--,608,214016,买盘
1290,11:05:32,3.52,--,154,54208,买盘
1291,11:05:26,3.52,--,192,67584,买盘
1292,11:05:22,3.52,0.01,36,12672,买盘
1293,11:05:17,3.51,-0.01,21,7371,卖盘
1294,11:05:11,3.52,--,957,336864,买盘
1295,11:05:07,3.52,--,130,45760,买盘
1296,11:05:02,3.52,--,15,5280,买盘
1297,11:04:56,3.52,0.01,780,274560,买盘
1298,11:04:47,3.51,-0.01,38,13338,卖盘
1299,11:04:42,3.52,--,1649,580448,买盘
1300,11:04:37,3.52,--,20,7040,买盘
1301,11:04:32,3.52,0.01,101,35552,买盘
1302,11:04:26,3.51,-0.01,27,9477,卖盘
1303,11:04:22,3.52,--,10,3520,买盘
1304,11:04:11,3.52,--,216,76032,买盘
1305,11:04:07,3.52,0.01,100,35200,买盘
1306,11:04:02,3.51,-0.01,66,23166,卖盘
1307,11:03:56,3.52,--,16,5632,买盘
1308,11:03:52,3.52,0.01,2,704,买盘
1309,11:03:47,3.51,--,18,6318,卖盘
1310,11:03:41,3.51,-0.01,66,23166,卖盘
1311,11:03:17,3.52,0.01,27,9504,买盘
1312,11:03:11,3.51,-0.01,71,24921,卖盘
1313,11:02:56,3.52,--,118,41536,买盘
1314,11:02:52,3.52,--,2889,1016928,卖盘
1315,11:02:44,3.52,--,3986,1403072,卖盘
1316,11:02:41,3.52,--,500,176000,卖盘
1317,11:02:37,3.52,--,7000,2464000,卖盘
1318,11:02:26,3.52,--,5100,1795200,卖盘
1319,11:02:22,3.52,--,296,104192,卖盘
1320,11:02:15,3.52,--,3,1056,卖盘
1321,11:02:11,3.52,--,5001,1760352,卖盘
1322,11:02:05,3.52,--,66,23232,卖盘
1323,11:02:02,3.52,--,5000,1760000,卖盘
1324,11:01:51,3.52,--,11,3872,卖盘
1325,11:01:35,3.52,--,17,5984,卖盘
1326,11:01:31,3.52,--,76,26752,卖盘
1327,11:01:26,3.52,--,11,3872,卖盘
1328,11:01:22,3.52,--,182,64064,卖盘
1329,11:01:06,3.52,--,28,9856,卖盘
1330,11:01:01,3.52,--,38,13376,卖盘
1331,11:00:55,3.52,--,352,124016,卖盘
1332,11:00:50,3.52,--,69,24288,卖盘
1333,11:00:41,3.52,--,145,51040,卖盘
1334,11:00:35,3.52,--,138,48576,卖盘
1335,11:00:20,3.52,--,53,18656,卖盘
1336,11:00:16,3.52,--,203,71456,卖盘
1337,11:00:11,3.52,--,821,288992,卖盘
1338,11:00:05,3.52,--,288,101376,卖盘
1339,11:00:01,3.52,--,51,17952,卖盘
1340,10:59:56,3.52,--,470,165440,卖盘
1341,10:59:50,3.52,--,40,14080,卖盘
1342,10:59:35,3.52,--,441,155232,卖盘
1343,10:59:26,3.52,--,59,20768,卖盘
1344,10:59:20,3.52,--,132,46464,卖盘
1345,10:59:11,3.52,--,54,19008,卖盘
1346,10:59:06,3.52,--,36,12672,卖盘
1347,10:58:56,3.52,--,199,70048,卖盘
1348,10:58:50,3.52,--,11,3872,卖盘
1349,10:58:46,3.52,-0.01,327,115104,卖盘
1350,10:58:20,3.53,--,27,9531,买盘
1351,10:58:11,3.53,0.01,31,10943,买盘
1352,10:58:00,3.52,--,83,29216,卖盘
1353,10:57:56,3.52,--,127,44704,卖盘
1354,10:57:50,3.52,-0.01,133,46816,卖盘
1355,10:57:46,3.53,--,22,7766,买盘
1356,10:57:41,3.53,0.01,44,15532,买盘
1357,10:57:35,3.52,--,89,31401,卖盘
1358,10:57:20,3.52,--,30,10560,卖盘
1359,10:57:05,3.52,--,30,10560,卖盘
1360,10:57:01,3.52,-0.01,56,19712,卖盘
1361,10:56:56,3.53,--,79,27887,买盘
1362,10:56:50,3.53,0.01,111,39183,买盘
1363,10:56:45,3.52,-0.01,62,21824,卖盘
1364,10:56:41,3.53,0.01,13,4589,买盘
1365,10:56:31,3.52,-0.01,190,66880,卖盘
1366,10:56:19,3.53,0.01,24,8472,买盘
1367,10:56:16,3.52,--,518,182336,卖盘
1368,10:55:55,3.52,--,59,20768,卖盘
1369,10:55:50,3.52,--,36,12672,卖盘
1370,10:55:46,3.52,--,71,24992,卖盘
1371,10:55:34,3.52,--,1,352,卖盘
1372,10:55:31,3.52,-0.01,367,129184,卖盘
1373,10:55:20,3.53,0.01,14,4942,买盘
1374,10:55:16,3.52,--,24,8448,卖盘
1375,10:55:10,3.52,--,5,1760,卖盘
1376,10:55:05,3.52,--,88,30976,卖盘
1377,10:54:59,3.52,-0.01,33,11616,卖盘
1378,10:54:53,3.53,0.01,900,317700,买盘
1379,10:54:50,3.52,--,17,5984,卖盘
1380,10:54:45,3.52,--,2,704,卖盘
1381,10:54:35,3.52,--,22,7744,卖盘
1382,10:54:31,3.52,--,7,2464,卖盘
1383,10:54:20,3.52,--,73,25696,卖盘
1384,10:54:14,3.52,--,21,7392,卖盘
1385,10:54:10,3.52,--,3,1056,卖盘
1386,10:53:59,3.52,--,241,84832,卖盘
1387,10:53:50,3.52,--,70,24640,卖盘
1388,10:53:40,3.52,--,65,22880,卖盘
1389,10:53:35,3.52,--,15,5280,卖盘
1390,10:53:29,3.52,-0.01,185,65120,卖盘
1391,10:53:20,3.53,0.01,8,2824,买盘
1392,10:53:14,3.52,--,51,17952,卖盘
1393,10:53:10,3.52,--,36,12672,卖盘
1394,10:53:05,3.52,-0.01,59,20768,卖盘
1395,10:52:59,3.53,0.01,15,5295,买盘
1396,10:52:55,3.52,--,118,41536,卖盘
1397,10:52:50,3.52,--,258,90816,卖盘
1398,10:52:28,3.52,--,874,307648,卖盘
1399,10:52:19,3.52,--,165,58080,卖盘
1400,10:52:14,3.52,-0.01,95,33440,卖盘
1401,10:52:09,3.53,0.01,1,353,买盘
1402,10:51:50,3.52,--,15,5280,卖盘
1403,10:51:29,3.52,-0.01,698,245696,卖盘
1404,10:51:20,3.53,0.01,50,17650,买盘
1405,10:51:14,3.52,--,67,23584,卖盘
1406,10:51:05,3.52,--,13,4576,卖盘
1407,10:50:59,3.52,--,128,45056,卖盘
1408,10:50:49,3.52,--,10,3520,卖盘
1409,10:50:40,3.52,--,36,12672,卖盘
1410,10:50:14,3.52,--,61,21472,卖盘
1411,10:50:05,3.52,--,65,22880,卖盘
1412,10:49:50,3.52,--,71,24992,卖盘
1413,10:49:44,3.52,-0.01,10,3520,卖盘
1414,10:49:25,3.53,0.01,37,13061,买盘
1415,10:49:18,3.52,--,68,23936,卖盘
1416,10:48:55,3.52,--,110,38720,卖盘
1417,10:48:38,3.52,--,58,20416,卖盘
1418,10:48:29,3.52,--,5,1760,卖盘
1419,10:48:18,3.52,--,17,5984,卖盘
1420,10:48:14,3.52,-0.01,500,176000,卖盘
1421,10:48:03,3.53,0.01,7,2471,买盘
1422,10:47:59,3.52,--,247,86944,卖盘
1423,10:47:54,3.52,--,10,3520,卖盘
1424,10:47:25,3.52,--,526,185152,卖盘
1425,10:47:08,3.52,--,130,45760,卖盘
1426,10:46:50,3.52,--,11,3872,卖盘
1427,10:46:38,3.52,-0.01,72,25344,卖盘
1428,10:46:19,3.53,0.01,152,53656,买盘
1429,10:45:53,3.52,--,251,88352,卖盘
1430,10:45:48,3.52,--,10,3520,卖盘
1431,10:45:44,3.52,--,22,7744,卖盘
1432,10:45:34,3.52,--,30,10560,卖盘
1433,10:45:08,3.52,--,31,10912,卖盘
1434,10:44:53,3.52,--,5,1760,卖盘
1435,10:44:49,3.52,--,11,3872,卖盘
1436,10:44:29,3.52,--,94,33088,卖盘
1437,10:44:14,3.52,--,27,9504,卖盘
1438,10:44:09,3.52,--,54,19008,卖盘
1439,10:44:03,3.52,-0.01,497,174944,卖盘
1440,10:43:59,3.53,0.01,12,4236,买盘
1441,10:43:53,3.52,--,674,237248,卖盘
1442,10:43:48,3.52,--,416,146432,卖盘
1443,10:43:44,3.52,--,1,352,卖盘
1444,10:43:29,3.52,--,158,55616,卖盘
1445,10:43:23,3.52,--,915,322080,卖盘
1446,10:43:18,3.52,--,206,72512,卖盘
1447,10:43:12,3.52,--,54,19008,卖盘
1448,10:43:08,3.52,--,198,69696,卖盘
1449,10:43:04,3.52,-0.01,36,12672,卖盘
1450,10:42:53,3.53,--,37,13061,买盘
1451,10:42:49,3.53,--,18,6354,买盘
1452,10:42:32,3.53,0.01,10,3530,买盘
1453,10:42:22,3.52,--,4,1408,卖盘
1454,10:42:17,3.52,--,110,38720,卖盘
1455,10:42:08,3.52,-0.01,58,20416,卖盘
1456,10:41:53,3.53,0.01,31,10943,买盘
1457,10:41:47,3.52,-0.01,93,32736,卖盘
1458,10:41:23,3.53,--,8,2824,买盘
1459,10:41:12,3.53,0.01,43,15179,买盘
1460,10:40:57,3.52,-0.01,93,32736,卖盘
1461,10:40:53,3.53,0.01,35,12355,买盘
1462,10:40:48,3.52,-0.01,10,3520,卖盘
1463,10:40:37,3.53,--,100,35300,买盘
1464,10:40:34,3.53,--,20,7060,买盘
1465,10:40:19,3.53,--,23,8119,买盘
1466,10:40:08,3.53,--,100,35300,买盘
1467,10:40:04,3.53,--,85,30005,买盘
1468,10:39:47,3.53,--,20,7060,买盘
1469,10:39:38,3.53,--,83,29299,买盘
1470,10:39:26,3.53,--,5,1765,买盘
1471,10:39:23,3.53,--,8,2824,卖盘
1472,10:39:17,3.53,--,90,31770,买盘
1473,10:39:08,3.53,0.01,4,1412,买盘
1474,10:39:02,3.52,--,15,5280,卖盘
1475,10:38:53,3.52,--,378,133056,卖盘
1476,10:38:48,3.52,-0.01,11,3872,卖盘
1477,10:38:38,3.53,--,1,353,卖盘
1478,10:38:27,3.53,--,358,126374,卖盘
1479,10:38:23,3.53,--,95,33535,买盘
1480,10:38:17,3.53,--,50,17650,买盘
1481,10:38:08,3.53,0.01,282,99546,买盘
1482,10:38:02,3.52,-0.01,50,17600,卖盘
1483,10:37:57,3.53,--,30,10590,买盘
1484,10:37:53,3.53,--,70,24710,买盘
1485,10:37:47,3.53,--,69,24357,卖盘
1486,10:37:43,3.53,0.01,75,26475,买盘
1487,10:37:38,3.52,-0.01,12,4224,卖盘
1488,10:37:32,3.53,--,262,92486,买盘
1489,10:37:23,3.53,--,49,17297,买盘
1490,10:37:17,3.53,--,110,38830,买盘
1491,10:37:08,3.53,0.01,516,182148,买盘
1492,10:37:02,3.52,-0.01,419,147488,卖盘
1493,10:36:58,3.53,0.01,23,8119,卖盘
1494,10:36:53,3.52,--,0,0,卖盘
1495,10:36:47,3.52,-0.01,10,3520,卖盘
1496,10:36:38,3.53,--,73,25769,卖盘
1497,10:36:23,3.53,--,59,20827,买盘
1498,10:36:12,3.53,0.01,23,8119,买盘
1499,10:36:01,3.52,--,100,35200,卖盘
1500,10:35:57,3.52,-0.01,413,145516,卖盘
1501,10:35:51,3.53,--,66,23298,卖盘
1502,10:35:47,3.53,--,237,83661,卖盘
1503,10:35:42,3.53,--,75,26475,卖盘
1504,10:35:37,3.53,--,55,19626,买盘
1505,10:35:32,3.53,--,2,706,买盘
1506,10:35:27,3.53,--,70,24710,买盘
1507,10:35:22,3.53,--,983,346999,买盘
1508,10:35:17,3.53,0.01,335,118255,买盘
1509,10:35:12,3.52,-0.01,100,35200,卖盘
1510,10:35:07,3.53,--,80,28240,买盘
1511,10:35:02,3.53,--,77,27181,买盘
1512,10:34:56,3.53,--,9,3177,买盘
1513,10:34:51,3.53,0.01,902,318406,买盘
1514,10:34:46,3.52,-0.01,10,3520,卖盘
1515,10:34:43,3.53,--,210,74130,买盘
1516,10:34:26,3.53,--,85,30005,买盘
1517,10:34:17,3.53,--,10,3530,买盘
1518,10:34:11,3.53,0.01,254,89662,买盘
1519,10:34:01,3.52,-0.01,16,5632,卖盘
1520,10:33:57,3.53,0.01,20,7060,买盘
1521,10:33:47,3.52,-0.01,10,3520,卖盘
1522,10:33:42,3.53,--,52,18356,买盘
1523,10:33:32,3.53,--,2,706,买盘
1524,10:33:12,3.53,0.01,28,9884,买盘
1525,10:33:06,3.52,-0.01,300,105600,卖盘
1526,10:33:02,3.53,--,25,8825,买盘
1527,10:32:57,3.53,0.01,82,28946,买盘
1528,10:32:47,3.52,--,11,3872,卖盘
1529,10:32:32,3.52,-0.01,372,130944,卖盘
1530,10:31:56,3.53,--,10,3530,买盘
1531,10:31:52,3.53,0.01,100,35300,买盘
1532,10:31:47,3.52,-0.01,10,3520,卖盘
1533,10:31:41,3.53,0.01,20,7060,买盘
1534,10:31:07,3.52,-0.01,1,352,卖盘
1535,10:31:02,3.53,0.01,4,1412,买盘
1536,10:30:56,3.52,--,192,67584,卖盘
1537,10:30:47,3.52,-0.01,10,3520,卖盘
1538,10:30:41,3.53,--,7,2471,买盘
1539,10:30:32,3.53,--,40,14120,买盘
1540,10:30:26,3.53,0.01,582,205446,买盘
1541,10:30:22,3.52,--,67,23584,卖盘
1542,10:30:17,3.52,--,376,132352,卖盘
1543,10:30:11,3.52,--,5,1760,卖盘
1544,10:30:02,3.52,--,71,24992,卖盘
1545,10:29:47,3.52,-0.01,51,17952,卖盘
1546,10:29:35,3.53,--,12,4236,买盘
1547,10:29:26,3.53,--,85,30005,买盘
1548,10:28:56,3.53,0.01,100,35300,买盘
1549,10:28:52,3.52,-0.01,12,4224,卖盘
1550,10:28:41,3.53,0.01,230,81190,买盘
1551,10:28:36,3.52,--,1,352,卖盘
1552,10:28:26,3.52,--,378,133056,卖盘
1553,10:28:16,3.52,-0.01,70,24640,卖盘
1554,10:28:00,3.53,0.01,134,47302,买盘
1555,10:27:56,3.52,--,90,31680,卖盘
1556,10:27:51,3.52,-0.01,10,3520,卖盘
1557,10:27:41,3.53,--,16,5648,买盘
1558,10:27:35,3.53,--,60,21180,买盘
1559,10:27:21,3.53,--,30,10590,买盘
1560,10:27:06,3.53,0.01,52,18356,买盘
1561,10:26:51,3.52,-0.01,11,3872,卖盘
1562,10:26:41,3.53,0.01,48,16944,买盘
1563,10:26:26,3.52,--,56,19712,卖盘
1564,10:26:15,3.52,-0.01,50,17600,卖盘
1565,10:26:11,3.53,0.01,4,1412,买盘
1566,10:25:56,3.52,--,1,352,卖盘
1567,10:25:51,3.52,--,10,3520,卖盘
1568,10:25:36,3.52,--,2,704,卖盘
1569,10:25:26,3.52,-0.01,1,352,卖盘
1570,10:25:11,3.53,--,3,1059,买盘
1571,10:25:06,3.53,0.01,40,14120,买盘
1572,10:24:56,3.52,--,30,10560,卖盘
1573,10:24:51,3.52,-0.01,11,3872,卖盘
1574,10:24:41,3.53,0.01,102,36006,买盘
1575,10:24:30,3.52,--,114,40128,卖盘
1576,10:24:21,3.52,-0.01,57,20064,卖盘
1577,10:24:11,3.53,0.01,20,7060,买盘
1578,10:24:06,3.52,--,540,190080,卖盘
1579,10:24:01,3.52,--,42,14784,卖盘
1580,10:23:56,3.52,-0.01,423,148896,卖盘
1581,10:23:50,3.53,0.01,60,21180,买盘
1582,10:23:40,3.52,--,45,15840,卖盘
1583,10:23:36,3.52,-0.01,8,2816,卖盘
1584,10:23:31,3.53,--,30,10590,买盘
1585,10:23:26,3.53,0.01,1,353,买盘
1586,10:23:21,3.52,--,21,7392,卖盘
1587,10:23:05,3.52,-0.01,755,265760,卖盘
1588,10:22:56,3.53,--,361,127433,卖盘
1589,10:22:50,3.53,--,21,7413,卖盘
1590,10:22:45,3.53,--,42,14826,卖盘
1591,10:22:26,3.53,--,10,3530,卖盘
1592,10:22:11,3.53,--,469,165557,卖盘
1593,10:22:00,3.53,--,10,3530,卖盘
1594,10:21:50,3.53,--,31,10943,卖盘
1595,10:21:44,3.53,--,10,3530,卖盘
1596,10:21:35,3.53,--,17,6001,卖盘
1597,10:21:30,3.53,--,770,271810,卖盘
1598,10:21:20,3.53,--,42,14826,卖盘
1599,10:21:15,3.53,--,20,7060,卖盘
1600,10:21:09,3.53,--,50,17650,卖盘
1601,10:21:05,3.53,--,5,1765,卖盘
1602,10:21:00,3.53,--,434,153202,卖盘
1603,10:20:54,3.53,--,93,32829,卖盘
1604,10:20:50,3.53,--,11,3883,卖盘
1605,10:20:40,3.53,--,3,1059,卖盘
1606,10:20:35,3.53,--,93,32829,卖盘
1607,10:20:05,3.53,--,27,9531,卖盘
1608,10:19:50,3.53,--,29,10237,卖盘
1609,10:19:44,3.53,--,25,8825,卖盘
1610,10:19:35,3.53,--,201,70953,卖盘
1611,10:19:29,3.53,--,11,3883,卖盘
1612,10:19:24,3.53,-0.01,6,2118,卖盘
1613,10:19:00,3.54,0.01,897,317538,买盘
1614,10:18:50,3.53,--,11,3883,卖盘
1615,10:18:44,3.53,--,6,2118,卖盘
1616,10:18:35,3.53,--,44,15532,卖盘
1617,10:18:30,3.53,--,10,3530,卖盘
1618,10:18:05,3.53,--,79,27887,卖盘
1619,10:17:59,3.53,--,44,15532,卖盘
1620,10:17:54,3.53,--,35,12355,卖盘
1621,10:17:50,3.53,--,11,3883,卖盘
1622,10:17:45,3.53,--,181,63893,卖盘
1623,10:17:39,3.53,--,1484,523852,卖盘
1624,10:17:35,3.53,--,6,2118,卖盘
1625,10:17:14,3.53,--,89,31417,卖盘
1626,10:17:09,3.53,--,5,1765,卖盘
1627,10:17:04,3.53,--,288,101664,卖盘
1628,10:17:00,3.53,--,238,84014,卖盘
1629,10:16:50,3.53,-0.01,10,3530,卖盘
1630,10:16:35,3.54,--,37,13098,买盘
1631,10:16:30,3.54,0.01,828,293112,买盘
1632,10:15:50,3.53,--,11,3883,卖盘
1633,10:15:44,3.53,--,15,5295,卖盘
1634,10:15:35,3.53,--,22,7766,卖盘
1635,10:15:15,3.53,--,40,14120,卖盘
1636,10:15:05,3.53,--,5,1765,卖盘
1637,10:15:00,3.53,--,6,2118,卖盘
1638,10:14:50,3.53,-0.01,10,3530,卖盘
1639,10:14:24,3.54,--,10,3540,买盘
1640,10:14:03,3.54,0.01,4,1416,买盘
1641,10:13:59,3.53,--,1,353,卖盘
1642,10:13:55,3.53,--,175,61775,卖盘
1643,10:13:48,3.53,--,408,144024,卖盘
1644,10:13:44,3.53,--,62,21886,卖盘
1645,10:13:39,3.53,--,48,16944,卖盘
1646,10:13:18,3.53,--,12,4236,卖盘
1647,10:13:14,3.53,--,50,17650,卖盘
1648,10:13:09,3.53,--,304,107312,卖盘
1649,10:12:59,3.53,--,247,87191,卖盘
1650,10:12:54,3.53,--,6,2118,卖盘
1651,10:12:49,3.53,-0.01,11,3883,卖盘
1652,10:12:44,3.54,0.01,20,7080,买盘
1653,10:12:08,3.53,--,1,353,卖盘
1654,10:11:59,3.53,--,100,35300,卖盘
1655,10:11:54,3.53,--,4,1412,卖盘
1656,10:11:48,3.53,-0.01,11,3883,卖盘
1657,10:11:39,3.54,0.01,40,14160,买盘
1658,10:11:33,3.53,--,1,353,卖盘
1659,10:11:14,3.53,--,2,706,卖盘
1660,10:11:09,3.53,--,3,1059,卖盘
1661,10:10:59,3.53,--,2,706,卖盘
1662,10:10:54,3.53,--,97,34241,卖盘
1663,10:10:49,3.53,0.01,10,3530,卖盘
1664,10:10:44,3.52,-0.02,16,5632,卖盘
1665,10:10:39,3.54,0.02,292,103368,买盘
1666,10:10:34,3.52,-0.01,2,704,卖盘
1667,10:10:29,3.53,--,40,14120,买盘
1668,10:10:24,3.53,--,18,6354,买盘
1669,10:10:18,3.53,--,35,12355,买盘
1670,10:10:14,3.53,--,60,21180,买盘
1671,10:10:04,3.53,0.01,3,1059,买盘
1672,10:09:54,3.52,--,57,20064,卖盘
1673,10:09:48,3.52,-0.01,17,5984,卖盘
1674,10:09:43,3.53,0.01,607,214271,买盘
1675,10:09:39,3.52,-0.01,10,3520,卖盘
1676,10:09:33,3.53,0.01,15,5295,买盘
1677,10:09:24,3.52,--,32,11264,卖盘
1678,10:09:18,3.52,-0.01,200,70400,卖盘
1679,10:09:14,3.53,0.01,15,5295,买盘
1680,10:09:04,3.52,-0.01,10,3520,卖盘
1681,10:08:59,3.53,--,865,305345,买盘
1682,10:08:49,3.53,--,206,72718,买盘
1683,10:08:44,3.53,--,61,21533,买盘
1684,10:08:39,3.53,0.01,100,35300,买盘
1685,10:08:34,3.52,-0.01,1,352,卖盘
1686,10:08:29,3.53,--,57,20255,卖盘
1687,10:08:24,3.53,--,8,2824,卖盘
1688,10:08:14,3.53,0.01,688,243082,买盘
1689,10:08:03,3.52,-0.01,4,1408,卖盘
1690,10:07:58,3.53,--,1742,615060,卖盘
1691,10:07:54,3.53,--,2296,810488,卖盘
1692,10:07:48,3.53,--,26,9178,卖盘
1693,10:07:44,3.53,--,10487,3701911,卖盘
1694,10:07:39,3.53,--,780,275340,卖盘
1695,10:07:28,3.53,--,72,25416,卖盘
1696,10:07:23,3.53,--,168,59304,卖盘
1697,10:07:18,3.53,--,67,23651,卖盘
1698,10:07:03,3.53,--,31,10943,卖盘
1699,10:06:52,3.53,-0.01,108,38124,卖盘
1700,10:06:49,3.54,--,411,145494,买盘
1701,10:06:38,3.54,--,556,196824,买盘
1702,10:06:34,3.54,0.01,177,62658,买盘
1703,10:06:28,3.53,--,278,98134,卖盘
1704,10:06:23,3.53,--,1038,366414,卖盘
1705,10:06:19,3.53,--,34,12002,卖盘
1706,10:06:13,3.53,--,42,14826,卖盘
1707,10:06:07,3.53,--,8,2824,卖盘
1708,10:05:58,3.53,--,101,35653,卖盘
1709,10:05:53,3.53,--,78,27534,卖盘
1710,10:05:48,3.53,--,30,10590,卖盘
1711,10:05:28,3.53,-0.01,4,1412,卖盘
1712,10:05:08,3.54,0.01,12,4248,买盘
1713,10:05:03,3.53,--,2,706,卖盘
1714,10:04:58,3.53,-0.01,62,21886,卖盘
1715,10:04:53,3.54,0.01,204,72216,买盘
1716,10:04:47,3.53,--,60,21180,卖盘
1717,10:04:38,3.53,--,1,353,卖盘
1718,10:04:28,3.53,-0.01,4,1412,卖盘
1719,10:04:18,3.54,0.01,10,3540,买盘
1720,10:03:58,3.53,-0.01,52,18356,卖盘
1721,10:03:53,3.54,0.01,30,10620,买盘
1722,10:03:48,3.53,-0.01,17,6001,卖盘
1723,10:03:27,3.54,0.01,1018,360372,买盘
1724,10:03:23,3.53,-0.01,7,2471,卖盘
1725,10:03:18,3.54,0.01,54,19116,买盘
1726,10:03:12,3.53,--,1250,441250,卖盘
1727,10:03:03,3.53,--,41,14473,卖盘
1728,10:02:58,3.53,--,49,17297,卖盘
1729,10:02:52,3.53,--,4,1412,卖盘
1730,10:02:48,3.53,-0.01,40,14120,卖盘
1731,10:02:32,3.54,0.01,153,54162,买盘
1732,10:02:28,3.53,--,4,1412,卖盘
1733,10:02:08,3.53,--,50,17650,卖盘
1734,10:02:02,3.53,--,150,52950,卖盘
1735,10:01:57,3.53,--,114,40242,卖盘
1736,10:01:48,3.53,--,17,6001,卖盘
1737,10:01:27,3.53,--,78,27534,卖盘
1738,10:01:17,3.53,-0.01,332,117196,卖盘
1739,10:01:12,3.54,0.01,518,183372,买盘
1740,10:01:06,3.53,--,431,152143,卖盘
1741,10:01:02,3.53,--,17,6001,卖盘
1742,10:00:56,3.53,--,125,44125,卖盘
1743,10:00:47,3.53,--,585,206505,卖盘
1744,10:00:42,3.53,--,960,338880,卖盘
1745,10:00:21,3.53,--,87,30711,卖盘
1746,10:00:17,3.53,--,6,2118,卖盘
1747,10:00:12,3.53,--,48,16944,卖盘
1748,10:00:06,3.53,--,38,13414,卖盘
1749,09:59:56,3.53,--,83,29299,卖盘
1750,09:59:47,3.53,-0.01,11,3883,卖盘
1751,09:59:32,3.54,--,1,354,买盘
1752,09:59:27,3.54,0.01,60,21240,买盘
1753,09:59:17,3.53,--,54,19062,卖盘
1754,09:59:13,3.53,--,1,353,卖盘
1755,09:58:57,3.53,-0.01,68,24004,卖盘
1756,09:58:51,3.54,0.01,4,1416,买盘
1757,09:58:47,3.53,-0.01,11,3883,卖盘
1758,09:58:42,3.54,0.01,4,1416,买盘
1759,09:58:36,3.53,--,2,706,卖盘
1760,09:58:32,3.53,-0.01,9,3177,卖盘
1761,09:58:26,3.54,--,4,1416,买盘
1762,09:58:12,3.54,--,10,3540,买盘
1763,09:58:02,3.54,--,6,2124,买盘
1764,09:57:57,3.54,--,513,181602,买盘
1765,09:57:47,3.54,0.01,57,20178,买盘
1766,09:57:37,3.53,--,500,176500,卖盘
1767,09:57:32,3.53,--,30,10590,卖盘
1768,09:57:26,3.53,--,89,31417,卖盘
1769,09:57:12,3.53,-0.01,4,1412,卖盘
1770,09:57:06,3.54,0.01,9,3186,买盘
1771,09:57:02,3.53,--,4,1412,卖盘
1772,09:56:50,3.53,-0.01,406,143318,卖盘
1773,09:56:46,3.54,0.01,17,6018,买盘
1774,09:56:36,3.53,--,6,2118,卖盘
1775,09:56:26,3.53,--,69,24357,卖盘
1776,09:56:17,3.53,-0.01,5,1765,卖盘
1777,09:56:06,3.54,0.01,698,247092,买盘
1778,09:56:02,3.53,--,811,286283,卖盘
1779,09:55:57,3.53,--,6,2118,卖盘
1780,09:55:51,3.53,--,1,353,卖盘
1781,09:55:47,3.53,-0.01,672,237216,卖盘
1782,09:55:42,3.54,--,8,2832,买盘
1783,09:55:36,3.54,0.01,10,3540,买盘
1784,09:55:32,3.53,-0.01,92,32476,卖盘
1785,09:55:21,3.54,--,8,2832,买盘
1786,09:55:17,3.54,--,3,1062,买盘
1787,09:55:12,3.54,--,2,708,买盘
1788,09:55:06,3.54,--,395,139830,买盘
1789,09:55:02,3.54,0.01,29,10266,买盘
1790,09:54:57,3.53,--,267,94251,卖盘
1791,09:54:47,3.53,--,37,13061,卖盘
1792,09:54:42,3.53,--,290,102370,卖盘
1793,09:54:32,3.53,--,10,3530,卖盘
1794,09:54:26,3.53,-0.01,77,27181,卖盘
1795,09:54:21,3.54,--,207,73278,买盘
1796,09:54:16,3.54,--,1,354,买盘
1797,09:54:06,3.54,--,677,239658,买盘
1798,09:54:00,3.54,0.01,232,82128,买盘
1799,09:53:56,3.53,-0.01,1337,472133,卖盘
1800,09:53:51,3.54,0.01,334,118236,买盘
1801,09:53:45,3.53,--,10,3530,卖盘
1802,09:53:41,3.53,--,706,249218,卖盘
1803,09:53:36,3.53,--,6,2118,卖盘
1804,09:53:26,3.53,-0.01,57,20121,卖盘
1805,09:53:21,3.54,--,295,104430,买盘
1806,09:53:15,3.54,0.01,3,1062,买盘
1807,09:53:06,3.53,--,42,14826,卖盘
1808,09:52:56,3.53,-0.01,20,7060,卖盘
1809,09:52:50,3.54,--,72,25488,买盘
1810,09:52:41,3.54,--,32,11328,买盘
1811,09:52:35,3.54,0.01,82,29028,买盘
1812,09:52:26,3.53,-0.01,58,20474,卖盘
1813,09:52:21,3.54,0.01,35,12390,买盘
1814,09:52:14,3.53,-0.01,260,91780,卖盘
1815,09:52:11,3.54,--,10,3540,买盘
1816,09:52:06,3.54,--,19,6726,买盘
1817,09:51:51,3.54,0.01,23,8142,买盘
1818,09:51:39,3.53,-0.01,33,11649,卖盘
1819,09:51:36,3.54,0.01,784,277536,买盘
1820,09:51:30,3.53,--,1009,356177,卖盘
1821,09:51:26,3.53,--,462,163086,卖盘
1822,09:51:20,3.53,--,15,5295,卖盘
1823,09:51:06,3.53,--,24,8472,卖盘
1824,09:50:56,3.53,--,414,146142,卖盘
1825,09:50:51,3.53,-0.01,200,70600,卖盘
1826,09:50:45,3.54,--,10,3540,买盘
1827,09:50:40,3.54,--,4,1416,买盘
1828,09:50:35,3.54,--,211,74694,买盘
1829,09:50:30,3.54,0.01,2,708,买盘
1830,09:50:26,3.53,--,3,1059,卖盘
1831,09:50:11,3.53,-0.01,3,1059,卖盘
1832,09:50:06,3.54,0.01,524,185496,买盘
1833,09:49:55,3.53,--,175,61775,卖盘
1834,09:49:51,3.53,-0.01,311,109783,卖盘
1835,09:49:45,3.54,0.01,30,10620,买盘
1836,09:49:36,3.53,--,672,237216,卖盘
1837,09:49:30,3.53,-0.01,50,17650,卖盘
1838,09:49:26,3.54,0.01,1358,480732,买盘
1839,09:49:15,3.53,--,71,25063,卖盘
1840,09:49:11,3.53,-0.01,1,353,卖盘
1841,09:49:05,3.54,--,37,13098,买盘
1842,09:49:01,3.54,--,232,82128,买盘
1843,09:48:54,3.54,0.01,324,114696,买盘
1844,09:48:50,3.53,--,16,5648,卖盘
1845,09:48:41,3.53,-0.01,6,2118,卖盘
1846,09:48:36,3.54,--,100,35400,买盘
1847,09:48:30,3.54,0.01,233,82482,买盘
1848,09:48:26,3.53,--,325,114725,卖盘
1849,09:48:21,3.53,-0.01,3,1059,卖盘
1850,09:48:11,3.54,--,10,3540,买盘
1851,09:48:05,3.54,--,145,51330,买盘
1852,09:48:00,3.54,0.01,458,162132,买盘
1853,09:47:56,3.53,--,681,240393,卖盘
1854,09:47:44,3.53,--,39,13767,卖盘
1855,09:47:36,3.53,-0.01,10,3530,卖盘
1856,09:47:30,3.54,--,235,83190,买盘
1857,09:47:23,3.54,--,2204,780216,买盘
1858,09:47:21,3.54,--,5073,1795842,买盘
1859,09:47:15,3.54,0.01,24,8496,买盘
1860,09:46:51,3.53,--,6,2118,卖盘
1861,09:46:45,3.53,--,11,3883,卖盘
1862,09:46:39,3.53,-0.01,627,221331,卖盘
1863,09:46:35,3.54,0.01,72,25488,买盘
1864,09:46:30,3.53,--,102,36006,卖盘
1865,09:46:24,3.53,-0.01,5,1765,卖盘
1866,09:46:20,3.54,--,7,2478,买盘
1867,09:46:16,3.54,--,920,325680,买盘
1868,09:46:09,3.54,0.01,150,53100,买盘
1869,09:46:00,3.53,-0.01,65,22945,卖盘
1870,09:45:50,3.54,--,30,10620,买盘
1871,09:45:35,3.54,--,305,107970,买盘
1872,09:45:20,3.54,0.01,100,35400,买盘
1873,09:45:15,3.53,--,20,7060,卖盘
1874,09:45:05,3.53,-0.01,74,26122,卖盘
1875,09:44:59,3.54,0.01,108,38232,买盘
1876,09:44:53,3.53,--,30,10590,卖盘
1877,09:44:50,3.53,--,10,3530,卖盘
1878,09:44:35,3.53,--,91,32123,卖盘
1879,09:44:30,3.53,--,5,1765,卖盘
1880,09:44:20,3.53,-0.01,1,353,卖盘
1881,09:44:05,3.54,0.01,231,81774,买盘
1882,09:43:59,3.53,--,114,40242,卖盘
1883,09:43:54,3.53,--,6,2118,卖盘
1884,09:43:50,3.53,--,594,209682,卖盘
1885,09:43:45,3.53,--,13,4589,卖盘
1886,09:43:30,3.53,--,112,39536,卖盘
1887,09:43:24,3.53,--,2,706,卖盘
1888,09:43:19,3.53,--,30,10590,卖盘
1889,09:43:05,3.53,-0.01,13,4589,卖盘
1890,09:42:59,3.54,--,801,283554,买盘
1891,09:42:50,3.54,0.01,238,84252,买盘
1892,09:42:45,3.53,--,12,4236,卖盘
1893,09:42:35,3.53,--,1212,427836,卖盘
1894,09:42:29,3.53,--,921,325113,卖盘
1895,09:42:23,3.53,--,5,1765,卖盘
1896,09:42:14,3.53,-0.01,212,74836,卖盘
1897,09:41:59,3.54,0.01,1,354,买盘
1898,09:41:54,3.53,-0.01,6,2118,卖盘
1899,09:41:50,3.54,0.01,2,708,买盘
1900,09:41:44,3.53,--,2254,795662,卖盘
1901,09:41:29,3.53,--,51,18003,卖盘
1902,09:41:18,3.53,--,3,1059,卖盘
1903,09:41:15,3.53,--,12,4236,卖盘
1904,09:40:59,3.53,-0.01,92,32476,卖盘
1905,09:40:54,3.54,0.01,101,35754,买盘
1906,09:40:44,3.53,--,10,3530,卖盘
1907,09:40:39,3.53,--,16,5648,卖盘
1908,09:40:33,3.53,--,14,4942,卖盘
1909,09:40:30,3.53,--,6,2118,卖盘
1910,09:40:24,3.53,-0.01,128,45184,卖盘
1911,09:40:15,3.54,0.01,706,249924,买盘
1912,09:40:08,3.53,-0.01,3,1059,卖盘
1913,09:40:03,3.54,0.01,80,28320,买盘
1914,09:39:47,3.53,-0.01,16,5648,卖盘
1915,09:39:45,3.54,0.01,5,1770,买盘
1916,09:39:38,3.53,--,65,22945,卖盘
1917,09:39:18,3.53,-0.01,9,3177,卖盘
1918,09:39:14,3.54,0.01,350,123900,买盘
1919,09:39:02,3.53,-0.01,25,8825,卖盘
1920,09:38:59,3.54,0.01,27,9558,买盘
1921,09:38:44,3.53,--,21,7413,卖盘
1922,09:38:29,3.53,-0.01,800,282400,卖盘
1923,09:38:23,3.54,0.01,8,2832,买盘
1924,09:38:14,3.53,-0.01,12,4236,卖盘
1925,09:38:08,3.54,--,20,7080,买盘
1926,09:37:59,3.54,0.01,190,67260,买盘
1927,09:37:53,3.53,-0.01,300,105900,卖盘
1928,09:37:48,3.54,0.01,405,143370,买盘
1929,09:37:44,3.53,--,16,5648,卖盘
1930,09:37:38,3.53,-0.01,65,22945,卖盘
1931,09:37:32,3.54,--,40,14160,买盘
1932,09:37:29,3.54,--,10,3540,买盘
1933,09:37:24,3.54,0.01,40,14160,买盘
1934,09:37:14,3.53,-0.01,49,17297,卖盘
1935,09:37:08,3.54,--,194,68676,买盘
1936,09:36:59,3.54,--,3,1062,买盘
1937,09:36:53,3.54,--,4,1416,买盘
1938,09:36:48,3.54,--,27,9558,买盘
1939,09:36:44,3.54,0.01,3,1062,买盘
1940,09:36:38,3.53,-0.01,8,2824,卖盘
1941,09:36:29,3.54,0.01,877,310458,买盘
1942,09:36:23,3.53,-0.01,138,48714,卖盘
1943,09:36:18,3.54,--,119,42126,买盘
1944,09:36:08,3.54,0.01,50,17700,买盘
1945,09:36:02,3.53,-0.01,11,3883,卖盘
1946,09:35:59,3.54,0.01,125,44250,买盘
1947,09:35:53,3.53,-0.01,11,3883,卖盘
1948,09:35:48,3.54,--,586,207444,买盘
1949,09:35:44,3.54,0.01,12,4248,买盘
1950,09:35:38,3.53,-0.01,15,5295,卖盘
1951,09:35:33,3.54,0.01,81,28674,买盘
1952,09:35:29,3.53,-0.01,21,7413,卖盘
1953,09:35:08,3.54,--,10,3540,买盘
1954,09:34:53,3.54,0.01,65,23010,买盘
1955,09:34:48,3.53,-0.01,16,5648,卖盘
1956,09:34:27,3.54,--,3,1062,买盘
1957,09:34:23,3.54,0.01,725,256650,买盘
1958,09:34:08,3.53,-0.01,129,45582,卖盘
1959,09:33:53,3.54,--,324,114696,买盘
1960,09:33:48,3.54,0.01,24,8496,买盘
1961,09:33:38,3.53,-0.01,10,3530,卖盘
1962,09:33:32,3.54,--,11,3894,买盘
1963,09:33:27,3.54,0.01,168,59472,买盘
1964,09:33:24,3.53,--,20,7060,卖盘
1965,09:33:18,3.53,-0.01,2,706,卖盘
1966,09:33:02,3.54,0.01,168,59472,买盘
1967,09:32:53,3.53,--,3,1059,卖盘
1968,09:32:47,3.53,-0.01,11,3883,卖盘
1969,09:32:41,3.54,--,69,24426,买盘
1970,09:32:38,3.54,--,51,18054,买盘
1971,09:32:33,3.54,--,64,22656,买盘
1972,09:32:23,3.54,--,33,11682,买盘
1973,09:32:17,3.54,--,20,7080,买盘
1974,09:32:07,3.54,0.01,101,35754,买盘
1975,09:32:03,3.53,-0.01,3411,1204083,卖盘
1976,09:31:57,3.54,--,266,94164,卖盘
1977,09:31:53,3.54,--,2641,934914,卖盘
1978,09:31:48,3.54,--,70,24780,卖盘
1979,09:31:42,3.54,--,7,2478,卖盘
1980,09:31:38,3.54,--,300,106200,卖盘
1981,09:31:27,3.54,--,720,254880,卖盘
1982,09:31:22,3.54,-0.01,74,26196,卖盘
1983,09:31:18,3.55,0.01,36,12780,买盘
1984,09:31:11,3.54,--,430,152220,卖盘
1985,09:31:08,3.54,-0.01,6,2124,卖盘
1986,09:30:56,3.55,0.01,100,35500,买盘
1987,09:30:52,3.54,--,93,32922,卖盘
1988,09:30:48,3.54,--,157,55578,卖盘
1989,09:30:38,3.54,--,31,10974,卖盘
1990,09:30:31,3.54,--,1,354,卖盘
1991,09:30:17,3.54,--,30,10620,卖盘
1992,09:30:05,3.54,--,766,271164,卖盘
1993,09:30:02,3.54,--,151,53454,卖盘
1994,09:28:54,3.54,--,0,0,卖盘
1995,09:25:03,3.54,3.54,2993,1059522,买盘
