,time,price,change,volume,amount,type
0,15:00:00,8.8,--,0,0,卖盘
1,15:00:00,8.8,-0.02,0,0,卖盘
2,15:00:00,8.82,0.02,146,128772,买盘
3,14:59:58,8.8,-0.02,174,153120,卖盘
4,14:59:52,8.82,--,130,114660,买盘
5,14:59:48,8.82,0.02,255,224910,买盘
6,14:59:43,8.8,-0.02,482,424160,卖盘
7,14:59:37,8.82,0.02,44,38808,买盘
8,14:59:33,8.8,0.01,199,175120,卖盘
9,14:59:28,8.79,-0.02,390,342809,卖盘
10,14:59:22,8.81,0.01,525,462525,买盘
11,14:59:18,8.8,0.01,55,48400,买盘
12,14:59:13,8.79,-0.01,226,198653,卖盘
13,14:59:07,8.8,-0.01,43,37840,卖盘
14,14:59:03,8.81,0.01,17,14977,买盘
15,14:58:58,8.8,-0.01,68,59840,买盘
16,14:58:52,8.81,--,81,71361,买盘
17,14:58:48,8.81,--,1520,1339710,买盘
18,14:58:43,8.81,--,166,146246,卖盘
19,14:58:37,8.81,--,192,169442,买盘
20,14:58:33,8.81,--,113,99553,买盘
21,14:58:28,8.81,--,155,137145,卖盘
22,14:58:22,8.81,--,175,154175,卖盘
23,14:58:18,8.81,--,36,31716,卖盘
24,14:58:13,8.81,-0.01,236,207916,卖盘
25,14:58:07,8.82,0.01,42,37044,买盘
26,14:58:03,8.81,-0.01,94,82814,卖盘
27,14:57:58,8.82,--,15,13230,买盘
28,14:57:52,8.82,0.01,16,14112,买盘
29,14:57:48,8.81,--,868,764708,卖盘
30,14:57:43,8.81,-0.01,30,26430,卖盘
31,14:57:37,8.82,0.01,248,218736,买盘
32,14:57:33,8.81,--,151,133031,卖盘
33,14:57:28,8.81,-0.01,201,177081,卖盘
34,14:57:22,8.82,0.01,124,109368,买盘
35,14:57:18,8.81,-0.01,256,225536,卖盘
36,14:57:13,8.82,--,125,110250,买盘
37,14:57:07,8.82,--,426,375732,买盘
38,14:57:03,8.82,0.01,98,86436,买盘
39,14:56:58,8.81,--,368,324208,卖盘
40,14:56:52,8.81,-0.01,10,8810,卖盘
41,14:56:47,8.82,0.01,72,64297,买盘
42,14:56:43,8.81,-0.01,57,50217,卖盘
43,14:56:37,8.82,0.01,3,2646,买盘
44,14:56:32,8.81,--,115,101315,卖盘
45,14:56:27,8.81,-0.01,519,457239,卖盘
46,14:56:22,8.82,--,87,76734,卖盘
47,14:56:18,8.82,-0.01,233,205506,中性盘
48,14:56:12,8.83,0.01,370,327001,买盘
49,14:56:07,8.82,--,49,43218,卖盘
50,14:56:02,8.82,--,222,195804,卖盘
51,14:55:57,8.82,--,412,363384,卖盘
52,14:55:52,8.82,--,12,10584,卖盘
53,14:55:47,8.82,--,685,604170,卖盘
54,14:55:42,8.82,--,35,30870,卖盘
55,14:55:37,8.82,--,224,197568,卖盘
56,14:55:32,8.82,--,29,25578,卖盘
57,14:55:27,8.82,--,104,91728,卖盘
58,14:55:22,8.82,--,445,392490,卖盘
59,14:55:17,8.82,--,62,54684,卖盘
60,14:55:12,8.82,--,478,421596,卖盘
61,14:55:07,8.82,--,63,55566,卖盘
62,14:55:01,8.82,-0.01,29,25578,卖盘
63,14:54:57,8.83,--,29,25607,买盘
64,14:54:52,8.83,--,185,163355,买盘
65,14:54:46,8.83,--,30,26490,买盘
66,14:54:42,8.83,0.01,30,26490,买盘
67,14:54:37,8.82,--,31,27342,卖盘
68,14:54:31,8.82,--,13,11466,卖盘
69,14:54:27,8.82,-0.01,12,10584,卖盘
70,14:54:22,8.83,0.01,70,61810,买盘
71,14:54:16,8.82,-0.01,90,79380,卖盘
72,14:54:12,8.83,0.01,83,73289,买盘
73,14:54:07,8.82,--,20,17640,卖盘
74,14:54:01,8.82,--,13,11466,买盘
75,14:53:57,8.82,0.01,331,291942,买盘
76,14:53:52,8.81,-0.01,114,100434,卖盘
77,14:53:46,8.82,--,507,447174,买盘
78,14:53:42,8.82,--,462,407484,卖盘
79,14:53:37,8.82,--,355,313110,卖盘
80,14:53:31,8.82,--,18,15876,卖盘
81,14:53:27,8.82,--,46,40572,卖盘
82,14:53:22,8.82,0.01,6,5292,卖盘
83,14:53:16,8.81,-0.02,61,53741,卖盘
84,14:53:12,8.83,0.01,179,158057,买盘
85,14:53:07,8.82,0.01,372,328192,买盘
86,14:53:01,8.81,--,17,14977,卖盘
87,14:52:57,8.81,--,112,98672,卖盘
88,14:52:52,8.81,-0.01,40,35240,卖盘
89,14:52:46,8.82,--,20,17640,买盘
90,14:52:42,8.82,--,13,11466,买盘
91,14:52:37,8.82,--,25,22050,买盘
92,14:52:31,8.82,0.01,35,30870,买盘
93,14:52:27,8.81,-0.01,227,199987,卖盘
94,14:52:22,8.82,--,74,65268,买盘
95,14:52:16,8.82,--,5,4410,买盘
96,14:52:12,8.82,-0.01,161,142795,卖盘
97,14:52:07,8.83,0.01,132,116556,买盘
98,14:52:01,8.82,--,13,11466,卖盘
99,14:51:57,8.82,-0.01,26,22932,卖盘
100,14:51:52,8.83,--,657,580131,买盘
101,14:51:46,8.83,--,44,38852,买盘
102,14:51:42,8.83,--,14,12362,买盘
103,14:51:37,8.83,--,68,60044,买盘
104,14:51:31,8.83,0.01,34,30022,买盘
105,14:51:27,8.82,-0.01,136,119952,卖盘
106,14:51:22,8.83,--,143,126269,买盘
107,14:51:16,8.83,0.01,32,28256,买盘
108,14:51:12,8.82,-0.01,20,17640,卖盘
109,14:51:07,8.83,--,37,32671,买盘
110,14:51:01,8.83,0.01,145,128035,买盘
111,14:50:57,8.82,-0.01,28,24696,卖盘
112,14:50:52,8.83,0.01,64,56512,买盘
113,14:50:46,8.82,-0.01,20,17640,卖盘
114,14:50:42,8.83,0.01,5,4415,买盘
115,14:50:37,8.82,--,307,270774,卖盘
116,14:50:31,8.82,-0.01,5,4410,卖盘
117,14:50:27,8.83,0.01,9,7947,买盘
118,14:50:21,8.82,--,29,25578,卖盘
119,14:50:16,8.82,-0.01,284,250488,卖盘
120,14:50:07,8.83,--,22,19426,买盘
121,14:49:56,8.83,0.01,26,22958,中性盘
122,14:49:51,8.82,-0.01,222,195804,卖盘
123,14:49:46,8.83,--,15,13245,卖盘
124,14:49:41,8.83,--,415,366445,卖盘
125,14:49:36,8.83,0.01,21,18543,卖盘
126,14:49:26,8.82,--,314,276948,卖盘
127,14:49:21,8.82,-0.02,275,242550,卖盘
128,14:49:16,8.84,0.01,77,68068,买盘
129,14:49:11,8.83,--,25,22075,买盘
130,14:49:06,8.83,--,1728,1526406,卖盘
131,14:49:01,8.83,-0.01,227,200441,卖盘
132,14:48:56,8.84,0.01,38,33592,买盘
133,14:48:51,8.83,-0.01,386,340970,卖盘
134,14:48:46,8.84,0.01,60,53040,买盘
135,14:48:41,8.83,--,70,61810,卖盘
136,14:48:36,8.83,--,2,1766,卖盘
137,14:48:31,8.83,--,5,4415,卖盘
138,14:48:26,8.83,--,13,11479,卖盘
139,14:48:21,8.83,-0.01,41,36203,卖盘
140,14:48:16,8.84,--,82,72488,买盘
141,14:48:06,8.84,0.01,6,5304,买盘
142,14:48:01,8.83,--,174,154083,卖盘
143,14:47:55,8.83,--,204,180326,卖盘
144,14:47:51,8.83,--,251,221633,卖盘
145,14:47:46,8.83,--,29,25607,卖盘
146,14:47:40,8.83,--,20,17660,卖盘
147,14:47:36,8.83,0.01,98,86534,买盘
148,14:47:30,8.82,--,265,233730,卖盘
149,14:47:21,8.82,-0.01,97,85554,卖盘
150,14:47:16,8.83,0.01,30,26490,买盘
151,14:47:10,8.82,--,157,138474,卖盘
152,14:47:06,8.82,--,140,123480,卖盘
153,14:47:01,8.82,-0.01,189,166698,卖盘
154,14:46:55,8.83,--,25,22075,买盘
155,14:46:51,8.83,-0.01,93,82119,卖盘
156,14:46:45,8.84,0.01,76,67184,买盘
157,14:46:40,8.83,-0.01,50,44150,卖盘
158,14:46:36,8.84,0.01,20,17680,买盘
159,14:46:31,8.83,-0.02,519,458277,卖盘
160,14:46:25,8.85,0.01,10,8850,买盘
161,14:46:21,8.84,-0.01,82,72488,卖盘
162,14:46:16,8.85,--,103,91155,买盘
163,14:46:10,8.85,--,10,8850,买盘
164,14:46:06,8.85,--,26,23010,买盘
165,14:46:01,8.85,--,72,63720,卖盘
166,14:45:55,8.85,--,34,30090,卖盘
167,14:45:51,8.85,--,154,136290,卖盘
168,14:45:46,8.85,--,112,99120,卖盘
169,14:45:40,8.85,0.01,10,8850,卖盘
170,14:45:36,8.84,-0.01,94,83096,卖盘
171,14:45:31,8.85,0.01,225,199125,买盘
172,14:45:25,8.84,--,12,10608,卖盘
173,14:45:21,8.84,--,82,72488,卖盘
174,14:45:15,8.84,-0.01,356,314704,卖盘
175,14:45:10,8.85,-0.01,63,55843,卖盘
176,14:45:06,8.86,0.01,74,65564,买盘
177,14:45:00,8.85,-0.01,70,61950,卖盘
178,14:44:51,8.86,--,21,18606,卖盘
179,14:44:46,8.86,-0.01,507,449202,卖盘
180,14:44:36,8.87,--,126,111761,卖盘
181,14:44:30,8.87,--,244,216427,卖盘
182,14:44:25,8.87,--,100,88699,卖盘
183,14:44:21,8.87,--,173,153451,卖盘
184,14:44:16,8.87,--,248,219975,卖盘
185,14:44:10,8.87,-0.01,48,42575,卖盘
186,14:44:06,8.88,--,360,319680,买盘
187,14:44:01,8.88,0.01,308,273504,买盘
188,14:43:51,8.87,--,48,42575,买盘
189,14:43:46,8.87,--,233,206670,买盘
190,14:43:40,8.87,--,67,59428,买盘
191,14:43:36,8.87,--,153,135711,买盘
192,14:43:30,8.87,--,69,61202,买盘
193,14:43:25,8.87,--,37,32819,买盘
194,14:43:20,8.87,-0.02,196,173851,买盘
195,14:43:15,8.89,0.01,361,320929,买盘
196,14:43:10,8.88,0.03,10,8880,买盘
197,14:43:06,8.85,-0.03,66,58410,卖盘
198,14:43:00,8.88,0.03,1394,1237872,买盘
199,14:42:55,8.85,--,58,51330,卖盘
200,14:42:50,8.85,--,109,96465,卖盘
201,14:42:45,8.85,0.01,283,251251,买盘
202,14:42:40,8.84,-0.01,1,884,卖盘
203,14:42:35,8.85,--,76,67260,买盘
204,14:42:30,8.85,0.02,28,24780,买盘
205,14:42:25,8.83,-0.01,503,444149,卖盘
206,14:42:20,8.84,0.01,2,1768,中性盘
207,14:42:10,8.83,-0.01,117,103311,卖盘
208,14:42:05,8.84,-0.01,76,67184,中性盘
209,14:42:00,8.85,0.02,634,561090,买盘
210,14:41:55,8.83,-0.01,18,15894,卖盘
211,14:41:50,8.84,--,12,10608,买盘
212,14:41:45,8.84,0.02,183,161772,买盘
213,14:41:40,8.82,-0.01,20,17640,卖盘
214,14:41:35,8.83,0.01,676,596908,买盘
215,14:41:30,8.82,-0.01,71,62622,卖盘
216,14:41:25,8.83,0.01,1,883,买盘
217,14:41:20,8.82,--,31,27342,卖盘
218,14:41:15,8.82,--,229,202480,买盘
219,14:41:10,8.82,--,10,8820,买盘
220,14:41:05,8.82,--,20,17640,买盘
221,14:41:00,8.82,0.01,60,52920,买盘
222,14:40:54,8.81,-0.01,66,58146,卖盘
223,14:40:50,8.82,--,111,97902,买盘
224,14:40:45,8.82,--,13,11466,买盘
225,14:40:29,8.82,--,109,96517,卖盘
226,14:40:24,8.82,--,30,26460,卖盘
227,14:40:19,8.82,-0.01,122,107604,卖盘
228,14:40:15,8.83,--,286,252538,买盘
229,14:40:09,8.83,0.01,4,3532,买盘
230,14:40:04,8.82,--,179,157878,卖盘
231,14:39:59,8.82,--,127,112014,卖盘
232,14:39:54,8.82,--,14,12348,卖盘
233,14:39:49,8.82,--,2,1764,卖盘
234,14:39:45,8.82,--,5,4410,卖盘
235,14:39:39,8.82,--,141,124362,卖盘
236,14:39:34,8.82,-0.01,292,257544,卖盘
237,14:39:30,8.83,0.01,26,22958,买盘
238,14:39:25,8.82,--,1,882,卖盘
239,14:39:19,8.82,--,1,882,卖盘
240,14:39:14,8.82,-0.01,30,26460,卖盘
241,14:39:09,8.83,--,415,366445,买盘
242,14:38:54,8.83,0.01,1,883,买盘
243,14:38:49,8.82,-0.01,2,1764,卖盘
244,14:38:44,8.83,--,32,28256,买盘
245,14:38:34,8.83,0.01,8,7064,买盘
246,14:38:29,8.82,--,40,35280,卖盘
247,14:38:24,8.82,--,17,14994,卖盘
248,14:38:19,8.82,-0.01,2,1764,卖盘
249,14:38:14,8.83,--,5,4415,买盘
250,14:38:09,8.83,0.01,3,2649,买盘
251,14:37:59,8.82,-0.01,24,21168,卖盘
252,14:37:49,8.83,--,2,1766,买盘
253,14:37:45,8.83,--,5,4415,买盘
254,14:37:39,8.83,--,17,15011,买盘
255,14:37:34,8.83,--,51,45033,买盘
256,14:37:29,8.83,-0.01,35,30905,卖盘
257,14:37:24,8.84,0.01,80,70720,买盘
258,14:37:19,8.83,-0.01,75,66225,卖盘
259,14:37:14,8.84,0.01,6,5304,买盘
260,14:37:09,8.83,--,27,23841,买盘
261,14:36:59,8.83,--,25,22075,卖盘
262,14:36:54,8.83,0.01,64,56512,卖盘
263,14:36:44,8.82,-0.01,102,89964,卖盘
264,14:36:39,8.83,--,32,28256,买盘
265,14:36:34,8.83,--,7,6181,买盘
266,14:36:29,8.83,--,15,13245,买盘
267,14:36:24,8.83,--,27,23841,买盘
268,14:36:14,8.83,--,82,72406,买盘
269,14:36:09,8.83,--,250,220750,买盘
270,14:36:04,8.83,--,5,4415,买盘
271,14:35:59,8.83,--,9,7947,买盘
272,14:35:54,8.83,--,32,28256,买盘
273,14:35:49,8.83,--,180,158940,买盘
274,14:35:44,8.83,0.01,203,179249,买盘
275,14:35:39,8.82,-0.01,9,7938,卖盘
276,14:35:34,8.83,--,17,15011,买盘
277,14:35:19,8.83,0.01,13,11479,买盘
278,14:35:04,8.82,--,4,3528,卖盘
279,14:34:59,8.82,--,20,17640,卖盘
280,14:34:54,8.82,--,137,120834,卖盘
281,14:34:49,8.82,--,10,8820,卖盘
282,14:34:44,8.82,--,13,11466,卖盘
283,14:34:29,8.82,-0.01,2,1764,卖盘
284,14:34:24,8.83,0.01,50,44150,买盘
285,14:34:19,8.82,--,4,3528,卖盘
286,14:34:14,8.82,-0.01,1,882,卖盘
287,14:34:09,8.83,0.01,147,129801,买盘
288,14:34:03,8.82,-0.01,31,27342,卖盘
289,14:33:59,8.83,0.01,29,25607,买盘
290,14:33:54,8.82,--,4,3528,卖盘
291,14:33:48,8.82,--,2,1764,卖盘
292,14:33:39,8.82,--,16,14112,卖盘
293,14:33:33,8.82,--,4,3528,卖盘
294,14:33:28,8.82,--,102,89964,卖盘
295,14:33:24,8.82,--,118,104076,卖盘
296,14:33:18,8.82,--,253,223648,买盘
297,14:33:09,8.82,--,22,19783,卖盘
298,14:33:03,8.82,--,149,131418,卖盘
299,14:32:58,8.82,--,5,4410,卖盘
300,14:32:53,8.82,--,1,882,卖盘
301,14:32:48,8.82,--,30,26460,卖盘
302,14:32:43,8.82,--,2,1764,卖盘
303,14:32:38,8.82,--,505,445410,卖盘
304,14:32:33,8.82,--,189,166856,卖盘
305,14:32:28,8.82,0.02,598,527779,买盘
306,14:32:23,8.8,--,10,8800,卖盘
307,14:32:08,8.8,-0.01,3,2640,卖盘
308,14:32:03,8.81,--,270,237870,买盘
309,14:31:53,8.81,--,235,207035,卖盘
310,14:31:48,8.81,--,263,231703,卖盘
311,14:31:38,8.81,--,5,4405,卖盘
312,14:31:33,8.81,--,5,4405,卖盘
313,14:31:23,8.81,--,4,3524,卖盘
314,14:31:18,8.81,--,258,227298,卖盘
315,14:31:08,8.81,--,80,70480,卖盘
316,14:31:03,8.81,--,1,881,卖盘
317,14:30:53,8.81,--,5,4405,卖盘
318,14:30:48,8.81,--,57,50217,卖盘
319,14:30:43,8.81,--,1,881,卖盘
320,14:30:38,8.81,--,22,19382,买盘
321,14:30:33,8.81,0.01,10,8810,买盘
322,14:30:28,8.8,-0.01,30,26400,卖盘
323,14:30:23,8.81,--,100,88100,卖盘
324,14:30:18,8.81,0.01,16,14096,买盘
325,14:30:08,8.8,-0.02,198,174240,卖盘
326,14:30:03,8.82,0.01,159,140238,买盘
327,14:29:53,8.81,-0.01,108,95148,卖盘
328,14:29:48,8.82,0.01,47,41454,买盘
329,14:29:43,8.81,--,15,13215,卖盘
330,14:29:38,8.81,-0.01,32,28192,卖盘
331,14:29:33,8.82,0.01,31,27342,买盘
332,14:29:28,8.81,--,25,22025,卖盘
333,14:29:23,8.81,-0.01,3,2643,卖盘
334,14:29:18,8.82,0.01,118,104076,买盘
335,14:29:13,8.81,-0.01,8,7048,卖盘
336,14:29:03,8.82,--,203,179046,买盘
337,14:28:53,8.82,0.01,53,46746,买盘
338,14:28:48,8.81,-0.01,44,38764,卖盘
339,14:28:33,8.82,0.01,17,14994,买盘
340,14:28:28,8.81,-0.01,35,30835,卖盘
341,14:28:23,8.82,0.01,40,35280,买盘
342,14:28:18,8.81,-0.01,30,26430,卖盘
343,14:28:08,8.82,--,40,35280,买盘
344,14:28:03,8.82,0.01,53,46746,买盘
345,14:27:58,8.81,0.01,2,1762,买盘
346,14:27:53,8.8,-0.02,343,301840,卖盘
347,14:27:48,8.82,0.02,25,22050,买盘
348,14:27:43,8.8,-0.01,27,23768,卖盘
349,14:27:38,8.81,--,1,881,买盘
350,14:27:33,8.81,--,642,565602,买盘
351,14:27:28,8.81,--,79,69599,买盘
352,14:27:23,8.81,0.01,22,19382,买盘
353,14:27:18,8.8,-0.01,15,13200,卖盘
354,14:27:13,8.81,0.01,87,76647,买盘
355,14:27:08,8.8,-0.01,55,48400,卖盘
356,14:27:03,8.81,--,3,2643,买盘
357,14:26:57,8.81,0.01,20,17620,买盘
358,14:26:53,8.8,-0.02,160,140800,卖盘
359,14:26:48,8.82,0.01,17,14994,买盘
360,14:26:42,8.81,-0.01,13,11453,卖盘
361,14:26:38,8.82,0.01,6,5292,买盘
362,14:26:33,8.81,--,113,99553,卖盘
363,14:26:27,8.81,--,38,33478,卖盘
364,14:26:18,8.81,--,57,50217,卖盘
365,14:26:12,8.81,--,67,59027,卖盘
366,14:26:08,8.81,--,5,4405,卖盘
367,14:26:03,8.81,--,16,14096,卖盘
368,14:25:57,8.81,--,32,28192,卖盘
369,14:25:53,8.81,--,21,18501,卖盘
370,14:25:48,8.81,--,109,96029,卖盘
371,14:25:38,8.81,-0.01,20,17620,卖盘
372,14:25:33,8.82,0.01,53,46746,买盘
373,14:25:27,8.81,--,61,53741,卖盘
374,14:25:23,8.81,--,20,17620,卖盘
375,14:25:18,8.81,--,81,71361,卖盘
376,14:25:12,8.81,--,51,44931,卖盘
377,14:25:07,8.81,--,100,88100,卖盘
378,14:25:02,8.81,-0.01,36,31716,卖盘
379,14:24:57,8.82,--,63,55566,买盘
380,14:24:52,8.82,--,10,8820,买盘
381,14:24:47,8.82,--,44,38808,卖盘
382,14:24:42,8.82,--,62,54684,卖盘
383,14:24:37,8.82,--,22,19404,卖盘
384,14:24:32,8.82,--,10,8820,卖盘
385,14:24:27,8.82,--,130,114660,卖盘
386,14:24:22,8.82,--,130,114660,卖盘
387,14:24:17,8.82,--,32,28224,卖盘
388,14:24:12,8.82,--,41,36162,卖盘
389,14:24:07,8.82,--,16,14112,卖盘
390,14:24:02,8.82,--,62,54684,卖盘
391,14:23:57,8.82,--,38,33516,卖盘
392,14:23:42,8.82,--,23,20286,卖盘
393,14:23:37,8.82,-0.01,18,15876,卖盘
394,14:23:32,8.83,0.01,112,98896,买盘
395,14:23:27,8.82,--,25,22050,卖盘
396,14:23:17,8.82,-0.01,31,27342,卖盘
397,14:23:02,8.83,0.01,17,15011,买盘
398,14:22:47,8.82,-0.01,5,4410,卖盘
399,14:22:32,8.83,--,3,2649,买盘
400,14:22:27,8.83,--,35,30905,买盘
401,14:22:02,8.83,--,12,10596,卖盘
402,14:21:57,8.83,--,17,15011,卖盘
403,14:21:52,8.83,0.01,21,18543,买盘
404,14:21:47,8.82,-0.01,2,1764,卖盘
405,14:21:37,8.83,-0.01,26,22958,卖盘
406,14:21:27,8.84,0.01,23,20332,买盘
407,14:21:17,8.83,--,18,15894,卖盘
408,14:21:07,8.83,--,10,8830,卖盘
409,14:21:02,8.83,--,3,2649,卖盘
410,14:20:57,8.83,--,40,35320,卖盘
411,14:20:42,8.83,0.01,80,70640,买盘
412,14:20:32,8.82,--,5,4410,卖盘
413,14:20:17,8.82,--,17,14994,卖盘
414,14:20:12,8.82,--,101,89082,卖盘
415,14:20:06,8.82,-0.01,23,20286,卖盘
416,14:19:57,8.83,0.01,11,9713,买盘
417,14:19:51,8.82,-0.01,25,22050,卖盘
418,14:19:42,8.83,--,148,130684,买盘
419,14:19:32,8.83,--,144,127152,买盘
420,14:19:27,8.83,--,22,19426,买盘
421,14:19:12,8.83,--,160,141280,买盘
422,14:18:57,8.83,0.01,5,4415,买盘
423,14:18:51,8.82,--,9,7938,卖盘
424,14:18:36,8.82,--,2,1764,卖盘
425,14:18:32,8.82,--,8,7056,买盘
426,14:18:27,8.82,0.01,84,74088,买盘
427,14:18:21,8.81,-0.01,6,5286,卖盘
428,14:18:12,8.82,--,16,14112,买盘
429,14:17:57,8.82,-0.01,101,89082,卖盘
430,14:17:47,8.83,--,40,35320,买盘
431,14:17:26,8.83,--,1,883,买盘
432,14:17:21,8.83,0.01,28,24724,买盘
433,14:17:16,8.82,--,7,6174,卖盘
434,14:17:11,8.82,--,7,6174,卖盘
435,14:17:01,8.82,--,254,224028,卖盘
436,14:16:56,8.82,--,5,4410,卖盘
437,14:16:51,8.82,-0.01,252,222264,卖盘
438,14:16:46,8.83,0.01,30,26490,买盘
439,14:16:41,8.82,-0.01,3,2646,卖盘
440,14:16:36,8.83,0.01,25,22075,买盘
441,14:16:31,8.82,--,49,43218,卖盘
442,14:16:26,8.82,-0.01,253,223146,卖盘
443,14:16:21,8.83,--,2,1766,卖盘
444,14:16:16,8.83,--,9,7947,卖盘
445,14:16:11,8.83,--,50,44150,卖盘
446,14:15:56,8.83,-0.01,228,201324,卖盘
447,14:15:41,8.84,--,4,3536,买盘
448,14:15:36,8.84,--,113,99892,买盘
449,14:15:31,8.84,--,28,25220,卖盘
450,14:15:26,8.84,--,146,129064,卖盘
451,14:15:21,8.84,-0.01,23,20332,卖盘
452,14:15:16,8.85,0.01,97,85845,买盘
453,14:15:11,8.84,--,68,60112,卖盘
454,14:15:06,8.84,-0.01,77,68068,卖盘
455,14:14:56,8.85,0.01,351,310635,买盘
456,14:14:51,8.84,-0.01,95,83980,卖盘
457,14:14:46,8.85,--,7,6195,买盘
458,14:14:41,8.85,--,11,9735,买盘
459,14:14:36,8.85,--,190,168150,买盘
460,14:14:31,8.85,0.01,3,2655,买盘
461,14:14:26,8.84,-0.01,25,22515,卖盘
462,14:14:21,8.85,0.01,5,4425,买盘
463,14:14:16,8.84,--,8,7072,卖盘
464,14:14:11,8.84,-0.01,11,9724,卖盘
465,14:13:56,8.85,0.01,7,6195,买盘
466,14:13:45,8.84,--,1,884,卖盘
467,14:13:41,8.84,--,42,37128,买盘
468,14:13:36,8.84,-0.01,56,49504,买盘
469,14:13:30,8.85,0.01,244,215940,买盘
470,14:13:26,8.84,--,210,185640,买盘
471,14:13:21,8.84,--,110,97240,卖盘
472,14:13:15,8.84,-0.01,16,14144,卖盘
473,14:13:00,8.85,0.01,10,8850,买盘
474,14:12:56,8.84,-0.01,60,53040,卖盘
475,14:12:51,8.85,--,5,4425,买盘
476,14:12:45,8.85,0.01,401,354885,买盘
477,14:12:41,8.84,-0.01,110,97240,卖盘
478,14:12:36,8.85,--,45,39825,买盘
479,14:12:30,8.85,--,21,18585,买盘
480,14:12:26,8.85,0.01,13,11505,买盘
481,14:12:20,8.84,-0.01,60,53040,卖盘
482,14:12:15,8.85,--,50,44250,买盘
483,14:12:11,8.85,0.01,17,15045,买盘
484,14:12:00,8.84,--,16,14144,卖盘
485,14:11:56,8.84,--,2,1768,卖盘
486,14:11:45,8.84,--,58,51272,卖盘
487,14:11:41,8.84,--,8,7072,卖盘
488,14:11:30,8.84,--,15,13260,卖盘
489,14:11:26,8.84,--,0,0,卖盘
490,14:11:21,8.84,-0.01,100,88400,卖盘
491,14:11:15,8.85,0.01,281,248685,买盘
492,14:11:11,8.84,0.01,55,48620,买盘
493,14:11:06,8.83,--,76,67108,卖盘
494,14:11:00,8.83,--,9,7947,卖盘
495,14:10:56,8.83,--,1,883,卖盘
496,14:10:51,8.83,-0.01,6,5298,卖盘
497,14:10:45,8.84,0.01,10,8840,买盘
498,14:10:40,8.83,--,7,6181,卖盘
499,14:10:35,8.83,--,0,0,卖盘
500,14:10:30,8.83,-0.01,80,70640,卖盘
501,14:10:26,8.84,--,63,55692,买盘
502,14:10:15,8.84,0.01,34,30056,买盘
503,14:10:10,8.83,--,22,19426,卖盘
504,14:10:05,8.83,-0.01,5,4415,卖盘
505,14:10:00,8.84,0.01,8,7072,买盘
506,14:09:55,8.83,--,1,883,卖盘
507,14:09:50,8.83,--,10,8830,卖盘
508,14:09:45,8.83,-0.01,66,58278,卖盘
509,14:09:35,8.84,0.01,30,26520,买盘
510,14:09:30,8.83,--,17,15011,卖盘
511,14:09:25,8.83,--,41,36203,卖盘
512,14:09:15,8.83,--,13,11479,卖盘
513,14:09:10,8.83,--,5,4415,卖盘
514,14:09:05,8.83,0.01,40,35320,卖盘
515,14:09:00,8.82,-0.01,140,123480,卖盘
516,14:08:55,8.83,--,1,883,卖盘
517,14:08:50,8.83,--,26,22958,卖盘
518,14:08:45,8.83,--,77,67991,卖盘
519,14:08:40,8.83,--,4,3532,买盘
520,14:08:35,8.83,--,15,13245,买盘
521,14:08:25,8.83,--,75,66225,卖盘
522,14:08:20,8.83,--,90,79470,卖盘
523,14:08:15,8.83,--,180,158940,卖盘
524,14:08:10,8.83,--,12,10596,买盘
525,14:08:05,8.83,--,7,6181,买盘
526,14:08:00,8.83,--,6,5298,买盘
527,14:07:50,8.83,--,708,625164,卖盘
528,14:07:45,8.83,--,24,21192,卖盘
529,14:07:40,8.83,--,39,34437,买盘
530,14:07:35,8.83,--,62,54746,卖盘
531,14:07:30,8.83,--,77,67991,买盘
532,14:07:20,8.83,--,1,883,买盘
533,14:07:15,8.83,--,157,138631,卖盘
534,14:07:10,8.83,-0.01,12,10596,卖盘
535,14:07:05,8.84,--,10,8840,买盘
536,14:07:00,8.84,--,119,105920,卖盘
537,14:06:54,8.84,--,2,1768,卖盘
538,14:06:45,8.84,--,16,14144,卖盘
539,14:06:39,8.84,--,0,0,卖盘
540,14:06:35,8.84,--,5,4420,卖盘
541,14:06:30,8.84,--,96,84864,卖盘
542,14:06:20,8.84,--,0,0,卖盘
543,14:06:15,8.84,-0.03,281,248404,卖盘
544,14:06:09,8.87,0.01,116,102891,买盘
545,14:06:00,8.86,0.01,229,202894,买盘
546,14:05:54,8.85,--,134,118590,卖盘
547,14:05:50,8.85,--,53,47064,买盘
548,14:05:45,8.85,--,13,11505,买盘
549,14:05:39,8.85,0.01,15,13275,买盘
550,14:05:35,8.84,-0.01,33,29172,卖盘
551,14:05:30,8.85,--,7,6195,买盘
552,14:05:24,8.85,0.01,86,76110,买盘
553,14:05:15,8.84,--,35,30940,卖盘
554,14:05:09,8.84,--,92,81328,买盘
555,14:05:05,8.84,0.01,5,4420,买盘
556,14:05:00,8.83,-0.01,30,26490,卖盘
557,14:04:54,8.84,0.01,233,205972,卖盘
558,14:04:45,8.83,--,73,64459,买盘
559,14:04:39,8.83,-0.01,501,442383,卖盘
560,14:04:30,8.84,--,1,884,买盘
561,14:04:24,8.84,0.01,2,1768,买盘
562,14:04:20,8.83,--,5,4415,卖盘
563,14:04:15,8.83,--,13,11479,卖盘
564,14:04:09,8.83,0.01,115,101545,买盘
565,14:04:05,8.82,-0.01,109,96138,卖盘
566,14:03:59,8.83,0.01,10,8830,买盘
567,14:03:54,8.82,--,39,34398,卖盘
568,14:03:45,8.82,--,1,882,卖盘
569,14:03:39,8.82,-0.01,61,53802,卖盘
570,14:03:29,8.83,0.01,23,20309,买盘
571,14:03:24,8.82,-0.01,121,106722,卖盘
572,14:03:20,8.83,--,101,89183,买盘
573,14:03:14,8.83,--,39,34437,卖盘
574,14:03:09,8.83,0.03,57,50331,卖盘
575,14:02:59,8.8,--,0,0,卖盘
576,14:02:54,8.8,-0.03,1051,924880,卖盘
577,14:02:49,8.83,-0.01,77,67991,卖盘
578,14:02:44,8.84,--,32,28288,买盘
579,14:02:34,8.84,0.01,51,45084,买盘
580,14:02:29,8.83,-0.01,15,13245,卖盘
581,14:02:24,8.84,--,7,6188,买盘
582,14:02:14,8.84,0.01,10,8840,买盘
583,14:02:09,8.83,-0.02,1,883,卖盘
584,14:01:59,8.85,--,0,0,买盘
585,14:01:54,8.85,--,12,10620,买盘
586,14:01:49,8.85,0.02,10,8850,买盘
587,14:01:44,8.83,--,47,41501,卖盘
588,14:01:39,8.83,0.01,20,17660,卖盘
589,14:01:29,8.82,-0.01,37,32634,卖盘
590,14:01:24,8.83,--,160,141280,买盘
591,14:01:09,8.83,--,59,52097,买盘
592,14:00:59,8.83,0.02,105,92715,卖盘
593,14:00:49,8.81,-0.04,159,140079,卖盘
594,14:00:44,8.85,0.03,11,9735,买盘
595,14:00:38,8.82,--,0,0,卖盘
596,14:00:34,8.82,-0.03,180,158760,卖盘
597,14:00:29,8.85,--,0,0,买盘
598,14:00:24,8.85,0.02,781,691185,买盘
599,14:00:18,8.83,--,114,100662,卖盘
600,14:00:08,8.83,--,31,27373,卖盘
601,14:00:03,8.83,--,18,15894,卖盘
602,13:59:53,8.83,0.01,21,18543,卖盘
603,13:59:48,8.82,--,0,0,卖盘
604,13:59:44,8.82,-0.01,214,188748,卖盘
605,13:59:38,8.83,--,3,2649,买盘
606,13:59:33,8.83,0.01,4,3532,买盘
607,13:59:29,8.82,-0.01,200,176400,卖盘
608,13:59:23,8.83,0.01,232,204856,买盘
609,13:59:18,8.82,--,15,13230,卖盘
610,13:59:14,8.82,--,100,88200,卖盘
611,13:59:08,8.82,-0.01,2,1764,卖盘
612,13:58:48,8.83,--,1,883,买盘
613,13:58:38,8.83,--,11,9713,卖盘
614,13:58:23,8.83,-0.01,280,247240,卖盘
615,13:58:08,8.84,--,5,4420,买盘
616,13:58:03,8.84,--,31,27404,卖盘
617,13:57:59,8.84,-0.01,25,22100,卖盘
618,13:57:48,8.85,0.01,62,54870,买盘
619,13:57:44,8.84,--,22,19448,卖盘
620,13:57:38,8.84,-0.01,56,49504,卖盘
621,13:57:33,8.85,0.01,53,46905,买盘
622,13:57:29,8.84,--,10,8840,卖盘
623,13:57:23,8.84,--,10,8840,卖盘
624,13:57:14,8.84,--,18,15912,卖盘
625,13:57:08,8.84,--,5,4420,卖盘
626,13:57:03,8.84,-0.01,150,132600,卖盘
627,13:56:38,8.85,--,121,107810,卖盘
628,13:56:33,8.85,--,3,2655,卖盘
629,13:56:28,8.85,--,33,29205,卖盘
630,13:56:18,8.85,--,81,71685,卖盘
631,13:56:08,8.85,-0.01,101,89385,卖盘
632,13:56:03,8.86,0.01,10,8860,买盘
633,13:55:58,8.85,-0.01,200,177000,卖盘
634,13:55:53,8.86,0.01,5,4430,买盘
635,13:55:48,8.85,-0.01,61,53985,卖盘
636,13:55:33,8.86,0.01,58,51388,卖盘
637,13:55:23,8.85,-0.01,250,221250,卖盘
638,13:55:18,8.86,--,107,94802,卖盘
639,13:55:13,8.86,--,6,5316,卖盘
640,13:55:08,8.86,0.01,283,250897,买盘
641,13:55:03,8.85,-0.01,20,17700,卖盘
642,13:54:58,8.86,--,1,886,买盘
643,13:54:53,8.86,--,1,886,买盘
644,13:54:48,8.86,--,18,15947,买盘
645,13:54:33,8.86,--,74,66290,卖盘
646,13:54:23,8.86,--,150,132900,卖盘
647,13:54:13,8.86,--,50,44300,卖盘
648,13:54:08,8.86,--,65,57589,卖盘
649,13:54:02,8.86,--,38,33668,卖盘
650,13:53:58,8.86,--,152,134672,卖盘
651,13:53:53,8.86,-0.01,119,105434,卖盘
652,13:53:38,8.87,--,10,8870,买盘
653,13:53:32,8.87,--,5,4435,买盘
654,13:53:17,8.87,0.01,112,99343,买盘
655,13:53:12,8.86,--,12,10632,卖盘
656,13:53:08,8.86,--,1,886,卖盘
657,13:53:02,8.86,0.01,19,16993,买盘
658,13:52:47,8.85,--,17,15045,卖盘
659,13:52:42,8.85,--,395,349575,卖盘
660,13:52:38,8.85,--,1,885,卖盘
661,13:52:32,8.85,--,32,28320,买盘
662,13:52:27,8.85,--,6,5310,买盘
663,13:52:23,8.85,0.01,6,5310,买盘
664,13:52:17,8.84,--,2,1768,买盘
665,13:52:12,8.84,0.01,11,9724,中性盘
666,13:52:08,8.83,-0.01,182,160706,卖盘
667,13:52:02,8.84,-0.01,10,8840,卖盘
668,13:51:57,8.85,0.01,50,44250,买盘
669,13:51:47,8.84,--,16,14144,卖盘
670,13:51:42,8.84,--,2,1768,卖盘
671,13:51:38,8.84,--,32,28288,买盘
672,13:51:32,8.84,0.01,6,5304,买盘
673,13:51:27,8.83,--,62,54746,卖盘
674,13:51:12,8.83,-0.01,1,883,卖盘
675,13:51:08,8.84,0.01,50,44200,买盘
676,13:51:02,8.83,--,126,111258,卖盘
677,13:50:53,8.83,--,63,55629,买盘
678,13:50:47,8.83,--,85,75055,买盘
679,13:50:42,8.83,--,104,91832,买盘
680,13:50:37,8.83,0.01,6,5298,买盘
681,13:50:32,8.82,--,10,8820,卖盘
682,13:50:27,8.82,--,4,3528,卖盘
683,13:50:17,8.82,--,7,6174,卖盘
684,13:50:12,8.82,--,132,116424,卖盘
685,13:50:07,8.82,-0.01,41,36162,卖盘
686,13:50:02,8.83,--,5,4415,买盘
687,13:49:57,8.83,--,2,1766,买盘
688,13:49:47,8.83,0.01,35,30905,买盘
689,13:49:42,8.82,-0.02,7,6174,卖盘
690,13:49:32,8.84,0.01,5,4420,买盘
691,13:49:27,8.83,--,0,0,中性盘
692,13:49:12,8.83,--,3,2649,卖盘
693,13:49:02,8.83,--,0,0,中性盘
694,13:48:57,8.83,--,50,44150,卖盘
695,13:48:47,8.83,--,47,41501,买盘
696,13:48:42,8.83,--,1,883,买盘
697,13:48:37,8.83,-0.01,36,31788,卖盘
698,13:48:32,8.84,--,8,7072,买盘
699,13:48:22,8.84,0.01,10,8840,买盘
700,13:48:12,8.83,--,2,1766,卖盘
701,13:47:57,8.83,--,5,4415,卖盘
702,13:47:41,8.83,--,1,883,卖盘
703,13:47:32,8.83,0.01,18,15894,买盘
704,13:47:27,8.82,-0.01,7,6174,卖盘
705,13:47:17,8.83,--,2,1766,买盘
706,13:47:11,8.83,--,12,10596,买盘
707,13:47:06,8.83,--,17,15011,买盘
708,13:47:01,8.83,0.01,103,90949,买盘
709,13:46:52,8.82,0.01,17,14994,买盘
710,13:46:41,8.81,--,1,881,卖盘
711,13:46:11,8.81,-0.02,68,59908,卖盘
712,13:46:06,8.83,0.02,1,883,买盘
713,13:46:01,8.81,--,20,17620,卖盘
714,13:45:51,8.81,--,151,133031,买盘
715,13:45:46,8.81,0.01,28,24668,买盘
716,13:45:41,8.8,-0.01,573,504240,卖盘
717,13:45:36,8.81,0.01,18,15858,买盘
718,13:45:26,8.8,-0.01,122,107360,卖盘
719,13:45:16,8.81,--,4,3524,买盘
720,13:45:11,8.81,--,102,89862,买盘
721,13:45:06,8.81,--,20,17620,买盘
722,13:44:56,8.81,-0.01,131,115411,卖盘
723,13:44:51,8.82,-0.02,208,183456,卖盘
724,13:44:46,8.84,--,5,4420,买盘
725,13:44:41,8.84,--,0,0,买盘
726,13:44:36,8.84,--,6,5304,买盘
727,13:44:31,8.84,0.01,400,353600,买盘
728,13:44:26,8.83,-0.01,11,9713,卖盘
729,13:44:21,8.84,--,16,14144,买盘
730,13:44:16,8.84,--,20,17680,买盘
731,13:44:11,8.84,--,4,3536,买盘
732,13:44:06,8.84,--,22,19448,买盘
733,13:44:01,8.84,-0.01,20,17680,卖盘
734,13:43:56,8.85,--,20,17700,买盘
735,13:43:51,8.85,-0.01,17,15045,卖盘
736,13:43:41,8.86,0.02,16,14176,买盘
737,13:43:31,8.84,-0.01,30,26520,卖盘
738,13:43:26,8.85,0.01,2,1770,买盘
739,13:43:21,8.84,--,93,82212,卖盘
740,13:43:11,8.84,--,1,884,卖盘
741,13:43:06,8.84,--,85,75140,买盘
742,13:43:01,8.84,--,15,13260,买盘
743,13:42:56,8.84,--,38,33592,买盘
744,13:42:51,8.84,--,101,89284,买盘
745,13:42:46,8.84,--,410,362440,买盘
746,13:42:41,8.84,0.01,305,269620,买盘
747,13:42:31,8.83,-0.01,50,44150,卖盘
748,13:42:26,8.84,-0.02,40,35360,买盘
749,13:42:06,8.86,0.02,21,18606,买盘
750,13:42:01,8.84,-0.01,98,86632,卖盘
751,13:41:41,8.85,-0.01,1,885,卖盘
752,13:41:36,8.86,0.01,1,886,买盘
753,13:41:31,8.85,-0.01,1,885,卖盘
754,13:41:26,8.86,--,30,26580,买盘
755,13:41:21,8.86,--,32,28352,买盘
756,13:41:11,8.86,--,7,6202,买盘
757,13:41:01,8.86,0.02,100,88600,买盘
758,13:40:56,8.84,--,7,6188,买盘
759,13:40:51,8.84,-0.01,3,2652,卖盘
760,13:40:46,8.85,--,10,8850,卖盘
761,13:40:41,8.85,--,25,22125,买盘
762,13:40:26,8.85,--,19,16815,卖盘
763,13:40:11,8.85,-0.01,1,885,卖盘
764,13:40:06,8.86,--,20,17720,买盘
765,13:40:01,8.86,0.01,12,10632,买盘
766,13:39:50,8.85,--,25,22850,卖盘
767,13:39:41,8.85,--,1,885,卖盘
768,13:39:35,8.85,--,10,8850,卖盘
769,13:39:31,8.85,-0.01,14,12549,卖盘
770,13:39:20,8.86,0.01,22,19492,买盘
771,13:39:11,8.85,-0.01,1,885,卖盘
772,13:39:05,8.86,--,70,62019,买盘
773,13:39:00,8.86,--,3,3384,卖盘
774,13:38:55,8.86,--,5,4430,卖盘
775,13:38:50,8.86,-0.01,15,13449,卖盘
776,13:38:45,8.87,0.01,25,22174,买盘
777,13:38:40,8.86,-0.01,2,1772,卖盘
778,13:38:35,8.87,--,2,1773,买盘
779,13:38:30,8.87,--,211,187156,买盘
780,13:38:15,8.87,--,237,210218,卖盘
781,13:38:10,8.87,-0.01,1,886,卖盘
782,13:38:05,8.88,0.01,17,15096,买盘
783,13:38:00,8.87,--,50,44349,卖盘
784,13:37:55,8.87,--,5,4435,卖盘
785,13:37:45,8.87,-0.01,140,124179,卖盘
786,13:37:40,8.88,--,141,125208,买盘
787,13:37:30,8.88,0.01,46,40848,买盘
788,13:37:15,8.87,0.01,28,24835,买盘
789,13:37:10,8.86,-0.01,1,886,卖盘
790,13:37:05,8.87,0.01,30,26609,买盘
791,13:37:00,8.86,--,144,127583,卖盘
792,13:36:50,8.86,--,48,42528,卖盘
793,13:36:45,8.86,0.01,20,17720,买盘
794,13:36:40,8.85,--,2,1770,卖盘
795,13:36:35,8.85,-0.01,7,6195,卖盘
796,13:36:30,8.86,0.01,10,8860,买盘
797,13:36:25,8.85,0.01,527,466395,买盘
798,13:36:20,8.84,--,39,34476,卖盘
799,13:36:15,8.84,-0.01,127,112268,中性盘
800,13:36:10,8.85,0.01,39,34515,买盘
801,13:36:05,8.84,--,47,41548,买盘
802,13:36:00,8.84,0.01,23,20332,买盘
803,13:35:55,8.83,--,0,0,卖盘
804,13:35:50,8.83,-0.01,285,251655,卖盘
805,13:35:45,8.84,0.01,85,75140,买盘
806,13:35:40,8.83,--,1,883,卖盘
807,13:35:30,8.83,--,51,45033,买盘
808,13:35:25,8.83,--,40,35320,买盘
809,13:35:20,8.83,--,46,40618,卖盘
810,13:35:15,8.83,0.01,28,24724,买盘
811,13:35:10,8.82,-0.01,1,882,卖盘
812,13:35:05,8.83,0.01,9,7947,买盘
813,13:35:00,8.82,-0.01,8,7056,卖盘
814,13:34:50,8.83,0.02,15,13245,买盘
815,13:34:45,8.81,-0.02,67,59027,卖盘
816,13:34:40,8.83,0.01,25,22075,买盘
817,13:34:35,8.82,--,0,0,中性盘
818,13:34:30,8.82,0.01,115,101430,买盘
819,13:34:25,8.81,--,25,22025,卖盘
820,13:34:20,8.81,--,79,69599,买盘
821,13:34:15,8.81,0.01,83,73123,买盘
822,13:34:10,8.8,-0.01,69,60720,卖盘
823,13:34:05,8.81,--,212,186772,买盘
824,13:34:00,8.81,--,50,44050,买盘
825,13:33:55,8.81,0.01,17,14977,买盘
826,13:33:50,8.8,-0.01,275,242000,卖盘
827,13:33:45,8.81,--,29,25549,买盘
828,13:33:40,8.81,--,121,106601,买盘
829,13:33:35,8.81,--,108,95148,买盘
830,13:33:29,8.81,--,120,105720,买盘
831,13:33:25,8.81,--,4,3524,买盘
832,13:33:20,8.81,-0.01,932,821092,卖盘
833,13:33:14,8.82,0.01,10,8820,买盘
834,13:33:10,8.81,-0.01,1,881,卖盘
835,13:33:05,8.82,--,22,19404,买盘
836,13:32:55,8.82,--,25,22050,买盘
837,13:32:50,8.82,--,11,9702,买盘
838,13:32:44,8.82,--,8,7056,买盘
839,13:32:40,8.82,-0.01,93,82026,卖盘
840,13:32:35,8.83,--,2,1766,买盘
841,13:32:29,8.83,--,27,23841,买盘
842,13:32:25,8.83,0.01,5,4415,买盘
843,13:32:20,8.82,--,27,23814,卖盘
844,13:32:14,8.82,--,15,13230,卖盘
845,13:32:09,8.82,--,5,4410,卖盘
846,13:31:54,8.82,--,144,127008,买盘
847,13:31:44,8.82,0.01,40,35280,买盘
848,13:31:39,8.81,-0.01,57,50217,卖盘
849,13:31:29,8.82,--,18,15876,买盘
850,13:31:19,8.82,0.01,5,4410,买盘
851,13:31:14,8.81,--,137,120697,卖盘
852,13:31:09,8.81,--,2,1762,卖盘
853,13:31:04,8.81,--,4,3524,卖盘
854,13:30:59,8.81,--,1,881,卖盘
855,13:30:54,8.81,0.01,38,33478,买盘
856,13:30:49,8.8,-0.01,262,230560,卖盘
857,13:30:44,8.81,--,13,11453,买盘
858,13:30:39,8.81,--,36,31716,买盘
859,13:30:29,8.81,--,159,140079,卖盘
860,13:30:14,8.81,--,1,881,卖盘
861,13:30:09,8.81,--,1,881,卖盘
862,13:30:04,8.81,--,5,4405,卖盘
863,13:29:59,8.81,--,114,100434,卖盘
864,13:29:54,8.81,--,10,8810,卖盘
865,13:29:49,8.81,0.01,19,16739,买盘
866,13:29:44,8.8,-0.01,320,282216,卖盘
867,13:29:39,8.81,--,71,62551,买盘
868,13:29:34,8.81,0.01,5,4405,买盘
869,13:29:29,8.8,--,10,8800,卖盘
870,13:29:14,8.8,-0.01,41,36080,卖盘
871,13:29:09,8.81,--,38,33478,买盘
872,13:29:04,8.81,--,20,17620,买盘
873,13:28:54,8.81,-0.02,1813,1597517,卖盘
874,13:28:49,8.83,--,25,22075,卖盘
875,13:28:44,8.83,--,10,8830,卖盘
876,13:28:39,8.83,0.01,23,20309,买盘
877,13:28:34,8.82,--,103,90846,卖盘
878,13:28:29,8.82,--,269,237258,卖盘
879,13:28:24,8.82,--,1,882,卖盘
880,13:28:14,8.82,--,8,7056,卖盘
881,13:28:09,8.82,--,8,7056,卖盘
882,13:28:04,8.82,0.01,30,26460,买盘
883,13:27:59,8.81,-0.01,2,1762,卖盘
884,13:27:54,8.82,--,10,8820,买盘
885,13:27:49,8.82,-0.01,10,8820,买盘
886,13:27:34,8.83,0.01,51,45033,买盘
887,13:27:24,8.82,0.01,42,37044,买盘
888,13:27:19,8.81,-0.01,50,44050,卖盘
889,13:27:09,8.82,--,46,40572,卖盘
890,13:26:59,8.82,--,40,35280,卖盘
891,13:26:44,8.82,--,95,83790,卖盘
892,13:26:39,8.82,--,21,18522,卖盘
893,13:26:29,8.82,-0.01,26,22932,卖盘
894,13:26:14,8.83,0.01,109,96247,买盘
895,13:26:09,8.82,--,1,882,卖盘
896,13:25:59,8.82,-0.01,30,26460,卖盘
897,13:25:49,8.83,0.01,5,4415,买盘
898,13:25:38,8.82,--,21,18522,卖盘
899,13:25:29,8.82,--,1,882,卖盘
900,13:25:23,8.82,--,20,17640,卖盘
901,13:25:08,8.82,-0.01,50,44100,卖盘
902,13:24:53,8.83,--,39,34437,卖盘
903,13:24:49,8.83,--,1,883,卖盘
904,13:24:38,8.83,-0.01,107,94481,卖盘
905,13:24:34,8.84,--,1,884,买盘
906,13:24:08,8.84,--,48,42432,卖盘
907,13:23:59,8.84,--,10,8840,卖盘
908,13:23:53,8.84,--,2,1768,卖盘
909,13:23:43,8.84,--,6,5304,卖盘
910,13:23:33,8.84,--,16,14144,卖盘
911,13:23:18,8.84,--,55,48620,买盘
912,13:22:58,8.84,0.01,44,38896,买盘
913,13:22:53,8.83,-0.01,13,11479,卖盘
914,13:22:43,8.84,--,2,1768,买盘
915,13:22:38,8.84,--,15,13260,买盘
916,13:22:33,8.84,--,53,46852,卖盘
917,13:22:18,8.84,-0.01,10,8840,卖盘
918,13:21:58,8.85,0.01,10,8850,买盘
919,13:21:43,8.84,--,283,250172,卖盘
920,13:21:38,8.84,--,7,6188,卖盘
921,13:21:33,8.84,--,10,8840,卖盘
922,13:21:08,8.84,-0.01,1,884,卖盘
923,13:21:03,8.85,0.01,1,885,中性盘
924,13:20:58,8.84,-0.01,35,30940,卖盘
925,13:20:53,8.85,--,7,6195,卖盘
926,13:20:43,8.85,--,6,5310,卖盘
927,13:20:38,8.85,--,93,82305,卖盘
928,13:20:33,8.85,0.01,101,89385,买盘
929,13:20:28,8.84,--,9,7956,卖盘
930,13:20:23,8.84,-0.02,32,28288,卖盘
931,13:20:18,8.86,0.02,15,13290,买盘
932,13:20:03,8.84,-0.02,40,35360,卖盘
933,13:19:48,8.86,--,134,118723,卖盘
934,13:19:38,8.86,-0.01,56,49616,卖盘
935,13:19:18,8.87,-0.01,11,9757,卖盘
936,13:19:02,8.88,--,128,113664,卖盘
937,13:18:58,8.88,--,290,257520,卖盘
938,13:18:53,8.88,--,288,255744,卖盘
939,13:18:47,8.88,--,609,540792,卖盘
940,13:18:38,8.88,-0.01,136,120768,卖盘
941,13:18:32,8.89,0.01,71,63119,买盘
942,13:18:28,8.88,--,75,66600,卖盘
943,13:18:17,8.88,--,20,17760,卖盘
944,13:18:13,8.88,--,12,10656,卖盘
945,13:18:08,8.88,--,38,33744,卖盘
946,13:18:02,8.88,-0.01,670,594960,卖盘
947,13:17:58,8.89,--,148,131572,买盘
948,13:17:53,8.89,0.01,270,240030,买盘
949,13:17:47,8.88,--,7,6216,卖盘
950,13:17:43,8.88,--,94,83472,卖盘
951,13:17:38,8.88,--,51,45288,卖盘
952,13:17:32,8.88,--,34,30192,卖盘
953,13:17:28,8.88,--,60,53280,卖盘
954,13:17:23,8.88,--,110,97680,卖盘
955,13:17:17,8.88,--,200,177600,卖盘
956,13:17:08,8.88,-0.01,25,22200,卖盘
957,13:17:02,8.89,0.01,63,56007,买盘
958,13:16:58,8.88,--,15,13320,卖盘
959,13:16:53,8.88,--,90,79920,卖盘
960,13:16:47,8.88,--,663,588744,卖盘
961,13:16:43,8.88,--,3,2664,卖盘
962,13:16:38,8.88,--,25,22200,卖盘
963,13:16:32,8.88,--,250,222000,卖盘
964,13:16:28,8.88,--,173,153624,卖盘
965,13:16:17,8.88,-0.01,17,15096,卖盘
966,13:16:13,8.89,--,13,11557,买盘
967,13:16:02,8.89,--,98,88002,卖盘
968,13:15:57,8.89,--,22,19558,卖盘
969,13:15:47,8.89,--,10,8890,卖盘
970,13:15:42,8.89,--,179,159139,买盘
971,13:15:38,8.89,--,6,5334,买盘
972,13:15:32,8.89,--,10,8890,买盘
973,13:15:27,8.89,-0.01,198,176902,卖盘
974,13:15:17,8.9,0.01,52,46280,买盘
975,13:15:12,8.89,-0.01,2,1778,卖盘
976,13:15:07,8.9,0.01,5,4450,买盘
977,13:15:02,8.89,--,45,40005,卖盘
978,13:14:52,8.89,-0.01,29,25781,卖盘
979,13:14:42,8.9,--,24,21360,买盘
980,13:14:37,8.9,--,80,71200,买盘
981,13:14:32,8.9,0.01,34,30260,买盘
982,13:14:17,8.89,0.01,228,202700,买盘
983,13:14:12,8.88,--,77,68376,卖盘
984,13:14:02,8.88,--,38,33744,卖盘
985,13:13:42,8.88,--,13,11544,卖盘
986,13:13:32,8.88,--,89,79032,买盘
987,13:13:27,8.88,0.01,13,11544,买盘
988,13:13:17,8.87,-0.01,56,49671,卖盘
989,13:13:12,8.88,-0.01,101,89688,卖盘
990,13:13:02,8.89,0.01,413,367157,买盘
991,13:12:57,8.88,0.01,52,46176,买盘
992,13:12:47,8.87,-0.01,20,17740,卖盘
993,13:12:42,8.88,--,45,39960,买盘
994,13:12:32,8.88,-0.01,120,107439,卖盘
995,13:12:27,8.89,0.01,90,80010,买盘
996,13:12:22,8.88,-0.01,10,8880,卖盘
997,13:12:12,8.89,--,16,14224,买盘
998,13:12:02,8.89,--,14,12446,买盘
999,13:11:56,8.89,--,24,21336,卖盘
1000,13:11:52,8.89,-0.01,10,8890,卖盘
1001,13:11:47,8.9,0.01,500,445000,买盘
1002,13:11:41,8.89,-0.01,103,91567,卖盘
1003,13:11:37,8.9,0.01,18,16020,买盘
1004,13:11:32,8.89,--,56,49784,卖盘
1005,13:11:17,8.89,--,20,17780,卖盘
1006,13:11:11,8.89,--,436,387604,买盘
1007,13:11:07,8.89,0.01,2,1778,买盘
1008,13:11:02,8.88,--,24,21312,卖盘
1009,13:10:56,8.88,--,7,6216,卖盘
1010,13:10:47,8.88,--,56,49736,买盘
1011,13:10:37,8.88,0.01,9,7992,买盘
1012,13:10:31,8.87,--,68,60315,卖盘
1013,13:10:26,8.87,-0.01,7,6208,卖盘
1014,13:10:17,8.88,--,11,9768,买盘
1015,13:10:11,8.88,0.01,20,17760,买盘
1016,13:10:07,8.87,-0.01,10,8870,卖盘
1017,13:09:56,8.88,--,8,7104,买盘
1018,13:09:52,8.88,--,40,35520,买盘
1019,13:09:46,8.88,--,4,3552,买盘
1020,13:09:41,8.88,--,29,26631,卖盘
1021,13:09:37,8.88,-0.01,9,7992,卖盘
1022,13:09:32,8.89,0.01,59,52451,买盘
1023,13:09:22,8.88,-0.01,341,302808,卖盘
1024,13:09:16,8.89,--,66,58674,买盘
1025,13:09:11,8.89,0.01,8,7112,买盘
1026,13:09:07,8.88,--,15,13320,卖盘
1027,13:08:56,8.88,-0.01,20,17760,卖盘
1028,13:08:51,8.89,--,6,5334,买盘
1029,13:08:37,8.89,--,11,9779,买盘
1030,13:08:31,8.89,--,40,35560,买盘
1031,13:08:06,8.89,0.01,81,72009,买盘
1032,13:07:51,8.88,--,13,11544,卖盘
1033,13:07:41,8.88,--,27,23976,卖盘
1034,13:07:36,8.88,--,5,4440,卖盘
1035,13:07:31,8.88,-0.01,159,141192,卖盘
1036,13:07:26,8.89,0.01,47,41783,买盘
1037,13:07:21,8.88,-0.01,33,29304,卖盘
1038,13:07:16,8.89,0.01,15,13335,买盘
1039,13:07:11,8.88,--,5,4440,卖盘
1040,13:07:06,8.88,--,10,8880,卖盘
1041,13:06:56,8.88,--,67,59496,卖盘
1042,13:06:51,8.88,0.02,53,47072,买盘
1043,13:06:46,8.86,--,25,22150,卖盘
1044,13:06:41,8.86,--,12,10632,卖盘
1045,13:06:36,8.86,-0.01,15,13290,卖盘
1046,13:06:31,8.87,0.01,64,56767,买盘
1047,13:06:21,8.86,--,80,70880,卖盘
1048,13:06:16,8.86,--,22,19492,买盘
1049,13:06:06,8.86,-0.01,2,1772,卖盘
1050,13:06:01,8.87,--,0,0,买盘
1051,13:05:56,8.87,--,41,36367,买盘
1052,13:05:41,8.87,0.01,13,11530,买盘
1053,13:05:36,8.86,-0.01,826,731836,卖盘
1054,13:05:31,8.87,0.01,41,36367,买盘
1055,13:05:26,8.86,-0.01,7,6202,卖盘
1056,13:05:16,8.87,--,7,6208,买盘
1057,13:05:11,8.87,0.01,159,141033,买盘
1058,13:05:06,8.86,--,537,475781,卖盘
1059,13:04:36,8.86,--,16,14176,卖盘
1060,13:04:26,8.86,0.01,422,373892,买盘
1061,13:04:11,8.85,--,9,7965,卖盘
1062,13:04:05,8.85,-0.01,17,15045,卖盘
1063,13:04:01,8.86,0.01,15,13290,买盘
1064,13:03:50,8.85,-0.01,10,8850,卖盘
1065,13:03:41,8.86,0.01,8,7088,买盘
1066,13:03:20,8.85,0.01,15,13275,中性盘
1067,13:03:16,8.84,-0.02,7,6188,卖盘
1068,13:03:05,8.86,0.03,30,26580,买盘
1069,13:02:55,8.83,-0.01,50,44150,卖盘
1070,13:02:50,8.84,-0.02,5,4420,卖盘
1071,13:02:46,8.86,0.02,20,17720,买盘
1072,13:02:35,8.84,--,49,43316,买盘
1073,13:02:31,8.84,--,9,7956,买盘
1074,13:02:05,8.84,--,1,884,买盘
1075,13:02:00,8.84,--,19,16796,买盘
1076,13:01:50,8.84,-0.04,40,35360,卖盘
1077,13:01:45,8.88,--,0,0,买盘
1078,13:01:40,8.88,--,0,0,买盘
1079,13:01:30,8.88,--,12,10656,买盘
1080,13:00:55,8.88,0.04,280,248640,买盘
1081,13:00:45,8.84,--,41,36244,买盘
1082,13:00:40,8.84,-0.02,1606,1420269,卖盘
1083,13:00:35,8.86,-0.02,16,14176,买盘
1084,13:00:30,8.88,--,1,888,买盘
1085,13:00:20,8.88,0.02,302,268176,买盘
1086,13:00:10,8.86,0.01,5,4430,买盘
1087,13:00:05,8.85,-0.02,711,629527,卖盘
1088,11:30:00,8.87,--,0,0,买盘
1089,11:29:59,8.87,--,18,15965,买盘
1090,11:29:57,8.87,--,0,0,买盘
1091,11:29:51,8.87,0.02,1,886,买盘
1092,11:29:46,8.85,-0.02,179,158857,卖盘
1093,11:29:41,8.87,0.01,3,2660,买盘
1094,11:29:31,8.86,-0.01,30,26580,卖盘
1095,11:29:26,8.87,0.02,106,94021,买盘
1096,11:29:20,8.85,--,3,2655,买盘
1097,11:29:16,8.85,--,4,3540,买盘
1098,11:29:11,8.85,-0.01,275,243994,卖盘
1099,11:28:56,8.86,0.01,24,21264,买盘
1100,11:28:51,8.85,--,19,16815,买盘
1101,11:28:46,8.85,--,39,34515,买盘
1102,11:28:41,8.85,--,44,38940,买盘
1103,11:28:36,8.85,--,170,151184,买盘
1104,11:28:31,8.85,--,4,3540,买盘
1105,11:28:26,8.85,-0.01,73,64605,卖盘
1106,11:28:20,8.86,--,21,18606,买盘
1107,11:28:11,8.86,0.01,12,10632,买盘
1108,11:28:06,8.85,-0.01,47,41595,卖盘
1109,11:28:01,8.86,--,22,19492,买盘
1110,11:27:56,8.86,--,172,152835,买盘
1111,11:27:51,8.86,0.01,63,55818,买盘
1112,11:27:41,8.85,--,18,15930,卖盘
1113,11:27:36,8.85,--,33,29205,买盘
1114,11:27:31,8.85,0.01,15,13275,卖盘
1115,11:27:26,8.84,--,0,0,卖盘
1116,11:27:20,8.84,-0.02,216,191660,卖盘
1117,11:27:16,8.86,0.01,193,170998,买盘
1118,11:27:11,8.85,--,40,35400,买盘
1119,11:27:06,8.85,0.01,3,2655,买盘
1120,11:27:01,8.84,-0.01,50,44200,卖盘
1121,11:26:56,8.85,0.01,3,2655,买盘
1122,11:26:51,8.84,--,43,38012,买盘
1123,11:26:46,8.84,--,2,1768,买盘
1124,11:26:41,8.84,--,163,144834,买盘
1125,11:26:35,8.84,--,1,884,买盘
1126,11:26:31,8.84,--,6,5304,买盘
1127,11:26:26,8.84,--,3,2652,买盘
1128,11:26:20,8.84,--,6,5304,买盘
1129,11:26:11,8.84,--,164,144976,买盘
1130,11:26:06,8.84,0.01,3,2652,买盘
1131,11:26:01,8.83,-0.01,162,143619,卖盘
1132,11:25:56,8.84,--,6,5304,买盘
1133,11:25:50,8.84,0.01,47,41618,买盘
1134,11:25:46,8.83,--,15,13245,买盘
1135,11:25:36,8.83,0.01,103,90949,买盘
1136,11:25:31,8.82,-0.01,37,32634,卖盘
1137,11:25:26,8.83,0.01,3,2649,买盘
1138,11:25:20,8.82,--,294,259925,买盘
1139,11:25:16,8.82,--,47,41454,买盘
1140,11:25:11,8.82,--,35,30870,买盘
1141,11:25:06,8.82,--,39,34398,买盘
1142,11:25:01,8.82,--,5,4410,买盘
1143,11:24:56,8.82,--,50,44100,买盘
1144,11:24:50,8.82,0.02,3,2646,买盘
1145,11:24:46,8.8,--,222,195852,卖盘
1146,11:24:41,8.8,-0.02,4,3520,卖盘
1147,11:24:31,8.82,0.02,3,2646,买盘
1148,11:24:21,8.8,--,243,214640,买盘
1149,11:24:11,8.8,--,71,62480,买盘
1150,11:24:05,8.8,--,255,225236,买盘
1151,11:24:01,8.8,--,13,11440,买盘
1152,11:23:55,8.8,--,74,65120,买盘
1153,11:23:50,8.8,--,54,47520,买盘
1154,11:23:46,8.8,--,44,38720,买盘
1155,11:23:40,8.8,-0.02,221,194559,卖盘
1156,11:23:35,8.82,--,3,2646,买盘
1157,11:23:29,8.82,0.02,21,18522,买盘
1158,11:23:26,8.8,-0.02,159,140034,卖盘
1159,11:23:21,8.82,0.01,3,2646,买盘
1160,11:23:15,8.81,--,105,92505,卖盘
1161,11:23:10,8.81,-0.01,7,6167,卖盘
1162,11:23:00,8.82,0.01,24,21168,买盘
1163,11:22:55,8.81,-0.01,2,1762,卖盘
1164,11:22:50,8.82,0.01,161,142231,买盘
1165,11:22:36,8.81,-0.01,100,88100,买盘
1166,11:22:25,8.82,--,0,0,买盘
1167,11:22:20,8.82,--,5,4410,买盘
1168,11:22:15,8.82,--,168,148317,买盘
1169,11:22:10,8.82,--,1,882,买盘
1170,11:22:05,8.82,--,5,4410,买盘
1171,11:21:50,8.82,--,3,2646,买盘
1172,11:21:40,8.82,--,3,2646,买盘
1173,11:21:35,8.82,-0.01,144,127008,卖盘
1174,11:21:29,8.83,--,8,7064,买盘
1175,11:21:20,8.83,-0.01,171,151805,卖盘
1176,11:21:15,8.84,0.01,3,2652,买盘
1177,11:21:05,8.83,-0.01,14,12362,卖盘
1178,11:21:00,8.84,0.01,76,67184,买盘
1179,11:20:55,8.83,0.02,245,216405,买盘
1180,11:20:50,8.81,-0.02,57,50217,卖盘
1181,11:20:45,8.83,0.01,6,5298,买盘
1182,11:20:35,8.82,--,20,17640,买盘
1183,11:20:30,8.82,-0.01,13,11466,买盘
1184,11:20:25,8.83,--,12,10596,卖盘
1185,11:20:20,8.83,--,227,200476,买盘
1186,11:20:05,8.83,--,6,5298,买盘
1187,11:19:59,8.83,--,3,2649,买盘
1188,11:19:55,8.83,0.03,3,2649,买盘
1189,11:19:50,8.8,-0.04,2,1760,卖盘
1190,11:19:45,8.84,0.03,502,443768,买盘
1191,11:19:40,8.81,-0.02,121,106918,卖盘
1192,11:19:34,8.83,--,12,10596,卖盘
1193,11:19:29,8.83,--,58,51214,卖盘
1194,11:19:25,8.83,-0.01,53,46799,卖盘
1195,11:19:15,8.84,--,36,31824,买盘
1196,11:19:05,8.84,0.01,3,2652,买盘
1197,11:19:00,8.83,-0.01,160,141544,卖盘
1198,11:18:49,8.84,--,3,2652,买盘
1199,11:18:40,8.84,0.01,3,2652,买盘
1200,11:18:35,8.83,--,153,135099,卖盘
1201,11:18:29,8.83,0.02,42,37086,买盘
1202,11:18:20,8.81,--,159,140545,卖盘
1203,11:18:14,8.81,-0.02,1,881,卖盘
1204,11:18:10,8.83,--,3,2649,买盘
1205,11:18:05,8.83,0.02,3,2649,买盘
1206,11:17:44,8.81,--,158,139656,卖盘
1207,11:17:34,8.81,--,0,0,卖盘
1208,11:17:25,8.81,--,0,0,卖盘
1209,11:17:19,8.81,-0.01,17,14977,卖盘
1210,11:17:14,8.82,-0.02,1,882,卖盘
1211,11:17:10,8.84,0.03,22,19448,买盘
1212,11:17:04,8.81,-0.03,241,212576,卖盘
1213,11:16:55,8.84,--,0,0,买盘
1214,11:16:38,8.84,--,3,2652,买盘
1215,11:16:34,8.84,0.04,19,16796,卖盘
1216,11:16:29,8.8,-0.04,158,139409,卖盘
1217,11:16:23,8.84,-0.01,10,8840,中性盘
1218,11:16:19,8.85,0.01,506,447810,买盘
1219,11:16:14,8.84,0.01,5,4420,买盘
1220,11:16:08,8.83,-0.01,15,13245,卖盘
1221,11:16:04,8.84,--,4,3536,买盘
1222,11:15:53,8.84,--,28,24752,买盘
1223,11:15:49,8.84,--,174,154266,买盘
1224,11:15:44,8.84,--,2,1768,买盘
1225,11:15:38,8.84,0.01,2,1768,买盘
1226,11:15:34,8.83,--,1,883,卖盘
1227,11:15:29,8.83,--,312,275496,买盘
1228,11:15:19,8.83,0.03,92,81236,买盘
1229,11:15:14,8.8,--,160,141231,卖盘
1230,11:15:08,8.8,--,0,0,卖盘
1231,11:14:59,8.8,-0.05,4,3520,卖盘
1232,11:14:53,8.85,0.01,523,462855,买盘
1233,11:14:49,8.84,-0.01,15,13260,中性盘
1234,11:14:44,8.85,--,376,332760,买盘
1235,11:14:38,8.85,0.01,3,2655,买盘
1236,11:14:33,8.84,-0.01,162,143579,卖盘
1237,11:14:23,8.85,--,2,1770,买盘
1238,11:14:14,8.85,--,59,52215,买盘
1239,11:14:08,8.85,0.01,7,6195,买盘
1240,11:13:59,8.84,-0.01,20,17680,买盘
1241,11:13:53,8.85,0.01,17,15045,买盘
1242,11:13:49,8.84,-0.01,1,884,买盘
1243,11:13:44,8.85,0.01,122,107970,买盘
1244,11:13:38,8.84,-0.01,6,5304,卖盘
1245,11:13:29,8.85,0.01,23,20355,买盘
1246,11:13:23,8.84,-0.01,23,20332,卖盘
1247,11:13:04,8.85,0.01,3,2655,买盘
1248,11:12:53,8.84,-0.01,20,17680,卖盘
1249,11:12:48,8.85,--,27,23895,买盘
1250,11:12:43,8.85,0.01,6,5310,买盘
1251,11:12:38,8.84,-0.01,236,208624,卖盘
1252,11:12:34,8.85,0.01,50,44250,买盘
1253,11:12:28,8.84,--,20,17680,卖盘
1254,11:12:23,8.84,-0.01,7,6188,卖盘
1255,11:12:08,8.85,--,2,1770,买盘
1256,11:11:58,8.85,--,29,25665,买盘
1257,11:11:53,8.85,--,397,351345,卖盘
1258,11:11:43,8.85,0.01,79,69915,买盘
1259,11:11:38,8.84,--,12,10608,卖盘
1260,11:11:33,8.84,-0.01,10,8840,卖盘
1261,11:11:28,8.85,0.01,3,2655,买盘
1262,11:11:23,8.84,--,21,18564,卖盘
1263,11:11:19,8.84,-0.01,12,10608,卖盘
1264,11:11:13,8.85,--,5,4425,买盘
1265,11:11:08,8.85,--,27,23895,买盘
1266,11:10:58,8.85,--,78,69030,买盘
1267,11:10:53,8.85,0.01,103,91155,买盘
1268,11:10:49,8.84,--,65,57460,买盘
1269,11:10:43,8.84,--,8,7072,买盘
1270,11:10:38,8.84,--,28,24752,买盘
1271,11:10:33,8.84,0.01,3,2652,买盘
1272,11:10:23,8.83,--,10,8830,卖盘
1273,11:10:13,8.83,--,41,36203,卖盘
1274,11:10:04,8.83,0.01,115,101545,买盘
1275,11:09:58,8.82,-0.01,3,2646,卖盘
1276,11:09:53,8.83,--,2,1766,买盘
1277,11:09:47,8.83,--,11,9713,买盘
1278,11:09:43,8.83,0.01,3,2649,买盘
1279,11:09:38,8.82,-0.01,2,1764,卖盘
1280,11:09:33,8.83,0.01,4,3532,买盘
1281,11:09:28,8.82,-0.01,9,7938,卖盘
1282,11:09:23,8.83,0.01,3,2649,买盘
1283,11:09:13,8.82,-0.01,32,28224,卖盘
1284,11:09:08,8.83,0.01,3,2649,买盘
1285,11:08:58,8.82,--,2,1764,卖盘
1286,11:08:53,8.82,--,12,10584,买盘
1287,11:08:47,8.82,--,3,2646,买盘
1288,11:08:43,8.82,-0.01,33,29106,中性盘
1289,11:08:38,8.83,--,36,31788,买盘
1290,11:08:32,8.83,0.01,3,2649,买盘
1291,11:08:28,8.82,0.01,10,8820,卖盘
1292,11:08:23,8.81,-0.02,200,176200,卖盘
1293,11:08:13,8.83,0.02,956,844148,买盘
1294,11:08:02,8.81,-0.01,53,46693,卖盘
1295,11:07:58,8.82,--,2,1764,买盘
1296,11:07:47,8.82,--,26,22932,买盘
1297,11:07:43,8.82,0.01,21,18522,买盘
1298,11:07:38,8.81,-0.01,7,6167,卖盘
1299,11:07:32,8.82,--,3,2646,买盘
1300,11:07:28,8.82,--,1,882,买盘
1301,11:07:23,8.82,--,40,35280,买盘
1302,11:07:17,8.82,0.01,5,4410,买盘
1303,11:07:13,8.81,-0.01,18,15858,卖盘
1304,11:07:08,8.82,--,24,21168,买盘
1305,11:06:58,8.82,0.01,10,8820,买盘
1306,11:06:53,8.81,-0.01,63,55503,卖盘
1307,11:06:43,8.82,0.01,19,16758,买盘
1308,11:06:37,8.81,-0.01,5,4405,卖盘
1309,11:06:28,8.82,0.01,171,151245,买盘
1310,11:06:23,8.81,0.01,802,706562,买盘
1311,11:06:17,8.8,--,296,260937,卖盘
1312,11:06:13,8.8,-0.01,16,14080,卖盘
1313,11:06:07,8.81,--,3,2643,买盘
1314,11:05:58,8.81,--,13,11453,买盘
1315,11:05:52,8.81,--,100,88100,买盘
1316,11:05:47,8.81,--,50,44050,买盘
1317,11:05:43,8.81,--,23,20263,买盘
1318,11:05:32,8.81,0.01,3,2643,买盘
1319,11:05:27,8.8,-0.01,2,1760,卖盘
1320,11:05:22,8.81,--,22,19382,买盘
1321,11:05:17,8.81,--,117,103077,买盘
1322,11:05:13,8.81,0.01,29,25549,买盘
1323,11:05:02,8.8,-0.02,7,6160,卖盘
1324,11:04:58,8.82,0.02,7,6174,买盘
1325,11:04:47,8.8,-0.02,153,134640,卖盘
1326,11:04:43,8.82,--,5,4410,买盘
1327,11:04:37,8.82,0.02,533,470106,买盘
1328,11:04:32,8.8,-0.01,58,51040,卖盘
1329,11:04:28,8.81,0.01,50,44050,买盘
1330,11:04:22,8.8,0.02,169,149142,买盘
1331,11:04:17,8.78,--,113,99214,买盘
1332,11:04:13,8.78,-0.02,253,222590,卖盘
1333,11:04:07,8.8,--,23,20240,买盘
1334,11:04:02,8.8,--,21,18480,买盘
1335,11:03:58,8.8,--,4,3520,买盘
1336,11:03:52,8.8,0.01,13,11440,买盘
1337,11:03:47,8.79,-0.01,23,20216,卖盘
1338,11:03:37,8.8,0.01,13,11440,卖盘
1339,11:03:32,8.79,-0.01,50,43949,卖盘
1340,11:03:27,8.8,--,1,880,卖盘
1341,11:03:22,8.8,--,16,14080,买盘
1342,11:03:17,8.8,0.01,76,66880,买盘
1343,11:03:12,8.79,-0.02,26,22853,卖盘
1344,11:03:07,8.81,0.01,36,31716,买盘
1345,11:03:02,8.8,--,26,22880,买盘
1346,11:02:57,8.8,--,103,91062,买盘
1347,11:02:52,8.8,--,37,32560,买盘
1348,11:02:47,8.8,--,24,21120,买盘
1349,11:02:41,8.8,-0.01,63,55440,卖盘
1350,11:02:37,8.81,--,16,14096,买盘
1351,11:02:32,8.81,0.01,22,19382,买盘
1352,11:02:22,8.8,--,634,557920,卖盘
1353,11:02:17,8.8,--,71,62480,买盘
1354,11:02:11,8.8,--,11,9680,买盘
1355,11:02:07,8.8,0.01,8,7040,买盘
1356,11:01:52,8.79,-0.01,181,159098,卖盘
1357,11:01:47,8.8,-0.01,6,5280,卖盘
1358,11:01:41,8.81,0.01,3,2643,买盘
1359,11:01:37,8.8,--,35,30800,卖盘
1360,11:01:32,8.8,--,102,89760,买盘
1361,11:01:26,8.8,--,69,60720,买盘
1362,11:01:22,8.8,--,3,2640,买盘
1363,11:01:17,8.8,-0.01,518,455840,卖盘
1364,11:01:11,8.81,0.01,54,47574,买盘
1365,11:01:02,8.8,0.01,17,14960,中性盘
1366,11:00:56,8.79,-0.01,203,178436,卖盘
1367,11:00:52,8.8,0.01,113,99440,买盘
1368,11:00:47,8.79,-0.02,70,61529,卖盘
1369,11:00:41,8.81,0.01,112,98672,买盘
1370,11:00:37,8.8,-0.02,117,102960,卖盘
1371,11:00:32,8.82,--,59,52038,买盘
1372,11:00:26,8.82,0.02,50,44100,买盘
1373,11:00:22,8.8,-0.02,9,7920,卖盘
1374,11:00:17,8.82,-0.01,48,42336,卖盘
1375,11:00:11,8.83,0.01,470,415010,买盘
1376,11:00:07,8.82,--,44,38808,卖盘
1377,11:00:02,8.82,-0.01,87,76734,卖盘
1378,10:59:56,8.83,--,13,11479,买盘
1379,10:59:51,8.83,0.01,60,52980,买盘
1380,10:59:47,8.82,--,9,7938,卖盘
1381,10:59:41,8.82,-0.01,127,112014,卖盘
1382,10:59:36,8.83,0.01,50,44150,买盘
1383,10:59:32,8.82,--,5,4410,卖盘
1384,10:59:26,8.82,-0.01,7,6174,卖盘
1385,10:59:17,8.83,0.02,67,59161,买盘
1386,10:59:11,8.81,-0.01,230,202630,卖盘
1387,10:59:07,8.82,--,55,48510,买盘
1388,10:59:02,8.82,--,6,5292,买盘
1389,10:58:56,8.82,--,1,882,买盘
1390,10:58:52,8.82,--,90,79380,买盘
1391,10:58:46,8.82,--,4,3528,买盘
1392,10:58:41,8.82,--,14,12348,买盘
1393,10:58:37,8.82,--,50,44100,买盘
1394,10:58:31,8.82,0.01,3,2646,买盘
1395,10:58:26,8.81,-0.01,17,14977,卖盘
1396,10:58:22,8.82,0.01,60,52920,买盘
1397,10:58:16,8.81,-0.01,3,2643,卖盘
1398,10:58:11,8.82,--,121,106722,卖盘
1399,10:58:06,8.82,--,2,1764,卖盘
1400,10:58:01,8.82,--,91,80262,买盘
1401,10:57:56,8.82,--,117,103194,买盘
1402,10:57:51,8.82,0.01,50,44100,买盘
1403,10:57:46,8.81,-0.01,4,3524,卖盘
1404,10:57:41,8.82,--,21,18522,买盘
1405,10:57:36,8.82,0.01,53,46746,买盘
1406,10:57:31,8.81,-0.01,34,29954,卖盘
1407,10:57:26,8.82,--,55,48510,买盘
1408,10:57:21,8.82,0.01,53,46746,买盘
1409,10:57:16,8.81,-0.01,20,17620,卖盘
1410,10:57:11,8.82,--,10,8820,买盘
1411,10:57:07,8.82,0.01,33,29106,买盘
1412,10:57:01,8.81,-0.01,5,4405,卖盘
1413,10:56:56,8.82,0.02,261,230202,买盘
1414,10:56:51,8.8,--,125,110000,卖盘
1415,10:56:46,8.8,--,187,164560,卖盘
1416,10:56:41,8.8,--,6,5280,卖盘
1417,10:56:31,8.8,--,44,38720,买盘
1418,10:56:26,8.8,0.01,33,29040,买盘
1419,10:56:16,8.79,--,134,117785,买盘
1420,10:56:11,8.79,--,283,248756,买盘
1421,10:56:01,8.79,--,69,60650,买盘
1422,10:55:56,8.79,--,35,30764,买盘
1423,10:55:50,8.79,0.01,75,65925,买盘
1424,10:55:46,8.78,-0.01,218,191404,卖盘
1425,10:55:41,8.79,-0.01,141,123938,卖盘
1426,10:55:35,8.8,0.01,2,1760,买盘
1427,10:55:31,8.79,-0.01,156,137124,卖盘
1428,10:55:26,8.8,0.01,5,4400,买盘
1429,10:55:20,8.79,-0.01,83,72957,卖盘
1430,10:55:16,8.8,-0.01,126,110880,卖盘
1431,10:55:11,8.81,0.01,2,1762,买盘
1432,10:55:05,8.8,--,17,14960,买盘
1433,10:55:01,8.8,--,155,136400,卖盘
1434,10:54:56,8.8,--,8,7040,卖盘
1435,10:54:50,8.8,--,135,118800,卖盘
1436,10:54:46,8.8,--,162,142560,卖盘
1437,10:54:41,8.8,--,18,15840,卖盘
1438,10:54:35,8.8,-0.01,104,91520,卖盘
1439,10:54:26,8.81,--,13,11453,买盘
1440,10:54:20,8.81,-0.01,103,90743,卖盘
1441,10:54:11,8.82,0.01,16,14112,买盘
1442,10:54:05,8.81,-0.01,77,67837,卖盘
1443,10:54:01,8.82,0.01,2,1764,买盘
1444,10:53:56,8.81,--,22,19382,卖盘
1445,10:53:50,8.81,-0.01,240,211440,卖盘
1446,10:53:46,8.82,0.01,50,44100,买盘
1447,10:53:41,8.81,--,36,31716,卖盘
1448,10:53:35,8.81,--,113,99553,卖盘
1449,10:53:31,8.81,--,85,74885,买盘
1450,10:53:26,8.81,--,230,202630,买盘
1451,10:53:20,8.81,--,1,881,买盘
1452,10:53:16,8.81,--,88,77528,卖盘
1453,10:53:11,8.81,-0.01,86,75766,卖盘
1454,10:53:05,8.82,--,12,10584,买盘
1455,10:53:01,8.82,0.01,60,52920,买盘
1456,10:52:56,8.81,-0.01,13,11453,卖盘
1457,10:52:50,8.82,--,52,45864,买盘
1458,10:52:46,8.82,--,78,68796,买盘
1459,10:52:41,8.82,--,1,882,买盘
1460,10:52:35,8.82,-0.01,3,2646,买盘
1461,10:52:31,8.83,0.02,50,44150,买盘
1462,10:52:26,8.81,-0.01,197,173557,卖盘
1463,10:52:20,8.82,--,26,22932,卖盘
1464,10:52:15,8.82,-0.01,73,64386,卖盘
1465,10:52:11,8.83,--,13,11479,买盘
1466,10:52:05,8.83,--,229,202207,买盘
1467,10:52:00,8.83,--,57,50331,买盘
1468,10:51:56,8.83,0.01,33,29139,买盘
1469,10:51:50,8.82,-0.01,27,23814,卖盘
1470,10:51:45,8.83,0.01,50,44150,买盘
1471,10:51:40,8.82,-0.01,28,24696,卖盘
1472,10:51:35,8.83,--,3,2649,买盘
1473,10:51:31,8.83,--,51,45033,买盘
1474,10:51:25,8.83,0.01,46,40618,买盘
1475,10:51:20,8.82,-0.01,26,22932,卖盘
1476,10:51:16,8.83,--,57,50331,买盘
1477,10:51:10,8.83,--,5,4415,买盘
1478,10:51:05,8.83,--,3,2649,买盘
1479,10:51:01,8.83,0.01,50,44150,买盘
1480,10:50:55,8.82,-0.02,10,8820,卖盘
1481,10:50:45,8.84,--,3,2652,买盘
1482,10:50:40,8.84,--,50,44200,买盘
1483,10:50:30,8.84,--,2,1768,买盘
1484,10:50:25,8.84,0.02,145,128180,买盘
1485,10:50:20,8.82,-0.02,15,13230,卖盘
1486,10:50:15,8.84,--,3,2652,买盘
1487,10:50:10,8.84,0.01,150,132600,买盘
1488,10:50:05,8.83,--,4,3532,买盘
1489,10:50:00,8.83,-0.02,34,30022,卖盘
1490,10:49:55,8.85,0.02,55,48675,买盘
1491,10:49:50,8.83,-0.02,8,7064,卖盘
1492,10:49:44,8.85,--,3,2655,买盘
1493,10:49:40,8.85,--,94,83190,卖盘
1494,10:49:25,8.85,--,23,20355,买盘
1495,10:49:20,8.85,0.03,4,3540,买盘
1496,10:49:14,8.82,-0.03,4,3528,卖盘
1497,10:49:10,8.85,-0.01,73,64605,买盘
1498,10:49:05,8.86,0.01,510,451860,买盘
1499,10:48:55,8.85,--,84,74340,卖盘
1500,10:48:50,8.85,--,21,18585,卖盘
1501,10:48:44,8.85,--,5,4425,卖盘
1502,10:48:40,8.85,--,84,74340,买盘
1503,10:48:35,8.85,0.02,5,4425,买盘
1504,10:48:25,8.83,-0.02,23,20309,卖盘
1505,10:48:20,8.85,0.03,593,524805,买盘
1506,10:48:10,8.82,--,20,17640,卖盘
1507,10:48:05,8.82,--,8,7056,卖盘
1508,10:47:59,8.82,0.01,20,17640,买盘
1509,10:47:55,8.81,-0.01,342,301302,卖盘
1510,10:47:50,8.82,0.01,8,7056,买盘
1511,10:47:44,8.81,-0.01,16,14096,卖盘
1512,10:47:40,8.82,--,44,38808,买盘
1513,10:47:35,8.82,0.01,3,2646,买盘
1514,10:47:29,8.81,--,45,39645,买盘
1515,10:47:25,8.81,--,60,52860,买盘
1516,10:47:20,8.81,--,3,2643,买盘
1517,10:47:14,8.81,--,12,10572,买盘
1518,10:47:10,8.81,--,50,44050,买盘
1519,10:47:05,8.81,--,175,154175,卖盘
1520,10:46:59,8.81,--,12,10572,卖盘
1521,10:46:55,8.81,-0.02,503,443143,卖盘
1522,10:46:50,8.83,0.01,133,117439,买盘
1523,10:46:44,8.82,--,8,7056,买盘
1524,10:46:40,8.82,--,50,44100,买盘
1525,10:46:35,8.82,--,100,88200,买盘
1526,10:46:29,8.82,0.01,43,37926,买盘
1527,10:46:25,8.81,--,10,8810,卖盘
1528,10:46:20,8.81,--,3,2643,卖盘
1529,10:46:14,8.81,--,120,105720,买盘
1530,10:46:10,8.81,--,74,65194,买盘
1531,10:46:05,8.81,--,33,29073,卖盘
1532,10:45:59,8.81,--,27,23787,卖盘
1533,10:45:55,8.81,0.01,24,21144,买盘
1534,10:45:50,8.8,-0.01,62,54560,卖盘
1535,10:45:44,8.81,0.01,5,4405,买盘
1536,10:45:40,8.8,-0.01,67,58960,卖盘
1537,10:45:35,8.81,0.01,4,3524,买盘
1538,10:45:29,8.8,--,5,4400,卖盘
1539,10:45:25,8.8,-0.01,62,54560,卖盘
1540,10:45:20,8.81,0.01,54,48410,买盘
1541,10:45:14,8.8,0.01,44,38720,买盘
1542,10:45:10,8.79,--,57,50102,卖盘
1543,10:45:05,8.79,--,27,23732,卖盘
1544,10:44:59,8.79,--,58,50981,卖盘
1545,10:44:55,8.79,--,76,66804,卖盘
1546,10:44:50,8.79,0.01,112,98447,买盘
1547,10:44:44,8.78,-0.01,70,61459,卖盘
1548,10:44:40,8.79,--,11,9668,买盘
1549,10:44:34,8.79,0.01,209,183710,买盘
1550,10:44:29,8.78,-0.01,149,130821,卖盘
1551,10:44:24,8.79,--,120,105479,买盘
1552,10:44:20,8.79,-0.01,231,203048,中性盘
1553,10:44:14,8.8,0.01,397,349360,买盘
1554,10:44:09,8.79,0.01,2,1757,买盘
1555,10:44:05,8.78,-0.01,134,117651,卖盘
1556,10:43:59,8.79,-0.01,37,32522,卖盘
1557,10:43:54,8.8,0.01,3,2640,买盘
1558,10:43:49,8.79,-0.01,241,211838,卖盘
1559,10:43:44,8.8,--,90,79244,卖盘
1560,10:43:39,8.8,--,325,286000,卖盘
1561,10:43:34,8.8,--,718,631840,卖盘
1562,10:43:29,8.8,--,472,415360,卖盘
1563,10:43:24,8.8,-0.01,37,32560,卖盘
1564,10:43:19,8.81,--,711,627227,买盘
1565,10:43:14,8.81,0.01,17,14977,买盘
1566,10:43:09,8.8,--,12,10560,卖盘
1567,10:43:04,8.8,-0.01,161,141680,卖盘
1568,10:42:59,8.81,--,441,388521,买盘
1569,10:42:53,8.81,--,2,1762,买盘
1570,10:42:49,8.81,--,334,294254,卖盘
1571,10:42:38,8.81,-0.01,12,10572,卖盘
1572,10:42:34,8.82,0.01,57,50274,买盘
1573,10:42:29,8.81,-0.01,10,8810,卖盘
1574,10:42:19,8.82,0.01,80,70560,买盘
1575,10:42:14,8.81,-0.01,38,33478,卖盘
1576,10:42:08,8.82,--,3,2646,买盘
1577,10:42:04,8.82,0.01,60,52920,买盘
1578,10:41:59,8.81,-0.01,5,4405,卖盘
1579,10:41:53,8.82,--,13,11466,买盘
1580,10:41:49,8.82,0.01,87,76734,买盘
1581,10:41:44,8.81,-0.01,138,121578,卖盘
1582,10:41:38,8.82,--,37,32634,买盘
1583,10:41:34,8.82,0.01,53,46746,买盘
1584,10:41:29,8.81,--,22,19382,卖盘
1585,10:41:23,8.81,-0.01,157,138317,卖盘
1586,10:41:19,8.82,0.01,100,88200,买盘
1587,10:41:14,8.81,-0.01,6,5286,卖盘
1588,10:41:08,8.82,--,5,4410,买盘
1589,10:41:04,8.82,--,53,46746,买盘
1590,10:40:59,8.82,0.01,27,23814,买盘
1591,10:40:53,8.81,-0.01,20,17620,卖盘
1592,10:40:49,8.82,--,156,137592,买盘
1593,10:40:44,8.82,--,52,45864,买盘
1594,10:40:38,8.82,--,68,59976,买盘
1595,10:40:34,8.82,0.01,50,44100,买盘
1596,10:40:29,8.81,-0.01,12,10572,卖盘
1597,10:40:23,8.82,--,9,7938,买盘
1598,10:40:19,8.82,--,50,44100,买盘
1599,10:40:14,8.82,--,28,24696,买盘
1600,10:40:08,8.82,-0.01,213,187866,卖盘
1601,10:40:04,8.83,--,50,44150,买盘
1602,10:39:53,8.83,--,14,12362,买盘
1603,10:39:49,8.83,--,578,510374,买盘
1604,10:39:44,8.83,--,7,6181,买盘
1605,10:39:38,8.83,-0.01,182,160706,卖盘
1606,10:39:34,8.84,--,10,8840,买盘
1607,10:39:29,8.84,--,5,4420,买盘
1608,10:39:23,8.84,--,3,2652,买盘
1609,10:39:19,8.84,-0.01,62,54808,卖盘
1610,10:39:14,8.85,--,14,12390,买盘
1611,10:39:08,8.85,0.01,254,224790,买盘
1612,10:39:04,8.84,-0.01,91,80444,卖盘
1613,10:38:59,8.85,--,16,14160,买盘
1614,10:38:49,8.85,--,50,44250,买盘
1615,10:38:43,8.85,--,26,23010,买盘
1616,10:38:38,8.85,--,7,6195,买盘
1617,10:38:29,8.85,--,105,92925,买盘
1618,10:38:23,8.85,--,10,8850,买盘
1619,10:38:14,8.85,--,65,57525,买盘
1620,10:38:08,8.85,--,24,21240,买盘
1621,10:37:58,8.85,--,70,61950,买盘
1622,10:37:53,8.85,--,41,36285,买盘
1623,10:37:44,8.85,--,64,56640,买盘
1624,10:37:38,8.85,-0.01,4,3540,买盘
1625,10:37:29,8.86,--,94,83284,买盘
1626,10:37:18,8.86,--,15,13290,买盘
1627,10:37:14,8.86,0.01,63,55818,买盘
1628,10:37:08,8.85,-0.01,3,2655,买盘
1629,10:37:03,8.86,--,20,17720,买盘
1630,10:36:58,8.86,0.01,181,160366,买盘
1631,10:36:53,8.85,--,158,139830,卖盘
1632,10:36:48,8.85,-0.01,197,174345,卖盘
1633,10:36:43,8.86,--,67,59361,买盘
1634,10:36:38,8.86,--,2,1772,买盘
1635,10:36:33,8.86,0.01,3,2658,买盘
1636,10:36:28,8.85,-0.01,60,53100,卖盘
1637,10:36:23,8.86,0.01,2,1772,买盘
1638,10:36:13,8.85,--,37,32745,卖盘
1639,10:36:08,8.85,--,140,123900,买盘
1640,10:36:02,8.85,--,30,26550,买盘
1641,10:35:58,8.85,0.01,73,64605,买盘
1642,10:35:53,8.84,-0.01,60,53040,卖盘
1643,10:35:47,8.85,0.01,30,26550,买盘
1644,10:35:43,8.84,--,57,50388,卖盘
1645,10:35:38,8.84,--,164,144976,卖盘
1646,10:35:32,8.84,-0.01,3,2652,卖盘
1647,10:35:28,8.85,--,80,70800,买盘
1648,10:35:23,8.85,--,31,27435,卖盘
1649,10:35:17,8.85,--,11,9735,卖盘
1650,10:35:13,8.85,0.01,46,40710,买盘
1651,10:35:08,8.84,--,7,6188,卖盘
1652,10:35:02,8.84,--,34,30056,卖盘
1653,10:34:58,8.84,-0.01,56,49504,卖盘
1654,10:34:53,8.85,0.01,122,107970,买盘
1655,10:34:47,8.84,-0.01,33,29172,卖盘
1656,10:34:43,8.85,--,143,126555,卖盘
1657,10:34:37,8.85,--,42,37170,买盘
1658,10:34:32,8.85,--,18,15930,买盘
1659,10:34:28,8.85,--,193,170805,买盘
1660,10:34:22,8.85,0.01,84,74340,买盘
1661,10:34:17,8.84,-0.01,209,184756,卖盘
1662,10:34:13,8.85,0.01,3,2655,买盘
1663,10:34:07,8.84,--,38,33592,卖盘
1664,10:34:02,8.84,--,46,40664,买盘
1665,10:33:58,8.84,0.01,10,8840,买盘
1666,10:33:52,8.83,-0.01,4,3532,卖盘
1667,10:33:47,8.84,0.01,3,2652,买盘
1668,10:33:43,8.83,--,20,17660,买盘
1669,10:33:37,8.83,0.01,44,38852,买盘
1670,10:33:32,8.82,-0.01,25,22050,卖盘
1671,10:33:28,8.83,--,1,883,买盘
1672,10:33:22,8.83,-0.01,92,81236,卖盘
1673,10:33:17,8.84,--,47,41548,买盘
1674,10:33:13,8.84,--,66,58344,买盘
1675,10:33:07,8.84,--,65,57460,买盘
1676,10:33:02,8.84,-0.01,9,7956,买盘
1677,10:32:58,8.85,--,13,11505,买盘
1678,10:32:52,8.85,0.01,772,683220,买盘
1679,10:32:47,8.84,--,5,4420,卖盘
1680,10:32:37,8.84,0.01,42,37967,买盘
1681,10:32:32,8.83,--,16,14128,卖盘
1682,10:32:28,8.83,--,5,4415,卖盘
1683,10:32:22,8.83,0.02,181,159823,买盘
1684,10:32:17,8.81,-0.02,25,22025,卖盘
1685,10:32:07,8.83,0.01,83,73289,买盘
1686,10:32:02,8.82,0.01,30,26460,买盘
1687,10:31:58,8.81,--,11,9691,买盘
1688,10:31:52,8.81,--,136,119816,买盘
1689,10:31:47,8.81,-0.02,408,359448,卖盘
1690,10:31:43,8.83,--,3,2649,卖盘
1691,10:31:37,8.83,-0.01,24,21192,卖盘
1692,10:31:32,8.84,--,33,29172,买盘
1693,10:31:28,8.84,0.01,100,88400,买盘
1694,10:31:22,8.83,0.01,72,63576,买盘
1695,10:31:17,8.82,-0.02,300,264600,卖盘
1696,10:31:13,8.84,--,16,14144,买盘
1697,10:31:07,8.84,0.01,185,163540,买盘
1698,10:31:02,8.83,--,26,22958,卖盘
1699,10:30:58,8.83,--,107,94481,卖盘
1700,10:30:47,8.83,0.01,436,384988,买盘
1701,10:30:43,8.82,-0.01,40,35280,卖盘
1702,10:30:37,8.83,0.01,757,668431,买盘
1703,10:30:32,8.82,-0.01,223,196686,卖盘
1704,10:30:27,8.83,0.01,110,97130,买盘
1705,10:30:22,8.82,0.01,44,38808,买盘
1706,10:30:17,8.81,-0.01,50,44050,卖盘
1707,10:30:13,8.82,--,17,14994,买盘
1708,10:30:07,8.82,--,571,503622,买盘
1709,10:30:02,8.82,0.01,47,41454,买盘
1710,10:29:57,8.81,-0.01,10,8810,卖盘
1711,10:29:52,8.82,--,56,49392,买盘
1712,10:29:47,8.82,--,253,223146,卖盘
1713,10:29:37,8.82,--,57,50274,卖盘
1714,10:29:32,8.82,0.01,3,2646,卖盘
1715,10:29:26,8.81,-0.01,560,493360,卖盘
1716,10:29:22,8.82,-0.01,88,77616,卖盘
1717,10:29:17,8.83,0.01,297,262251,买盘
1718,10:29:11,8.82,--,12,10584,卖盘
1719,10:29:07,8.82,--,160,141120,卖盘
1720,10:28:56,8.82,--,508,448056,卖盘
1721,10:28:52,8.82,--,35,30870,买盘
1722,10:28:47,8.82,--,26,22932,买盘
1723,10:28:41,8.82,--,22,19404,买盘
1724,10:28:37,8.82,--,165,145530,买盘
1725,10:28:32,8.82,--,262,231084,卖盘
1726,10:28:26,8.82,--,56,49392,卖盘
1727,10:28:22,8.82,--,12,10584,买盘
1728,10:28:16,8.82,--,27,23814,卖盘
1729,10:28:11,8.82,--,13,11466,卖盘
1730,10:28:07,8.82,--,81,71442,买盘
1731,10:28:02,8.82,0.01,14,12348,买盘
1732,10:27:56,8.81,-0.01,316,278396,卖盘
1733,10:27:52,8.82,0.02,316,278712,买盘
1734,10:27:47,8.8,-0.01,197,173360,卖盘
1735,10:27:41,8.81,0.01,130,114530,买盘
1736,10:27:37,8.8,--,457,402160,卖盘
1737,10:27:31,8.8,--,893,785840,卖盘
1738,10:27:26,8.8,-0.01,48,42240,卖盘
1739,10:27:22,8.81,--,117,103077,买盘
1740,10:27:16,8.81,--,372,327732,买盘
1741,10:27:11,8.81,--,285,251085,买盘
1742,10:27:07,8.81,-0.01,245,215845,卖盘
1743,10:27:01,8.82,--,554,488628,买盘
1744,10:26:56,8.82,0.01,119,104958,中性盘
1745,10:26:52,8.81,-0.02,1,881,卖盘
1746,10:26:46,8.83,0.01,610,538630,买盘
1747,10:26:41,8.82,-0.01,63,55566,卖盘
1748,10:26:37,8.83,--,15,13245,买盘
1749,10:26:31,8.83,--,280,247240,买盘
1750,10:26:26,8.83,0.01,28,24724,买盘
1751,10:26:22,8.82,-0.01,311,274302,卖盘
1752,10:26:16,8.83,-0.01,87,76821,卖盘
1753,10:26:11,8.84,--,51,45084,买盘
1754,10:26:07,8.84,0.01,91,80444,买盘
1755,10:26:01,8.83,--,2525,2229575,卖盘
1756,10:25:56,8.83,-0.01,213,188079,卖盘
1757,10:25:46,8.84,--,105,92820,卖盘
1758,10:25:41,8.84,--,211,186524,卖盘
1759,10:25:37,8.84,0.01,236,208624,买盘
1760,10:25:31,8.83,--,58,51214,卖盘
1761,10:25:26,8.83,--,49,43267,卖盘
1762,10:25:22,8.83,-0.01,40,35320,卖盘
1763,10:25:16,8.84,0.01,81,71604,买盘
1764,10:25:11,8.83,-0.01,823,726709,卖盘
1765,10:25:07,8.84,--,200,176800,买盘
1766,10:25:01,8.84,--,123,108732,买盘
1767,10:24:56,8.84,-0.02,82,72488,卖盘
1768,10:24:52,8.86,0.02,501,444763,买盘
1769,10:24:46,8.84,-0.02,624,551616,卖盘
1770,10:24:41,8.86,0.01,246,217956,买盘
1771,10:24:37,8.85,--,56,49568,卖盘
1772,10:24:31,8.85,--,55,48675,卖盘
1773,10:24:16,8.85,-0.01,229,202665,卖盘
1774,10:24:11,8.86,-0.01,52,46949,卖盘
1775,10:24:06,8.87,0.01,73,64750,买盘
1776,10:24:01,8.86,-0.01,91,80626,卖盘
1777,10:23:56,8.87,--,23,20401,买盘
1778,10:23:46,8.87,0.01,74,65638,买盘
1779,10:23:41,8.86,-0.01,11,9746,卖盘
1780,10:23:36,8.87,0.01,1,886,买盘
1781,10:23:31,8.86,0.01,747,661842,买盘
1782,10:23:26,8.85,-0.01,10,8850,卖盘
1783,10:23:16,8.86,--,117,103662,买盘
1784,10:23:11,8.86,-0.01,3,2658,卖盘
1785,10:23:01,8.87,--,168,149016,买盘
1786,10:22:56,8.87,--,39,34593,买盘
1787,10:22:51,8.87,--,27,23948,买盘
1788,10:22:46,8.87,--,139,123292,卖盘
1789,10:22:41,8.87,--,15,13304,卖盘
1790,10:22:36,8.87,-0.01,27,23948,卖盘
1791,10:22:31,8.88,--,54,47952,买盘
1792,10:22:16,8.88,0.01,53,47064,买盘
1793,10:22:11,8.87,--,36,31931,卖盘
1794,10:22:01,8.87,-0.01,146,129501,卖盘
1795,10:21:56,8.88,--,51,45288,卖盘
1796,10:21:51,8.88,--,5,4440,卖盘
1797,10:21:46,8.88,--,369,327672,买盘
1798,10:21:41,8.88,--,10,8880,买盘
1799,10:21:35,8.88,--,17,15096,买盘
1800,10:21:31,8.88,--,182,161616,卖盘
1801,10:21:26,8.88,--,18,15984,卖盘
1802,10:21:20,8.88,--,272,241536,买盘
1803,10:21:16,8.88,--,6,5328,买盘
1804,10:21:11,8.88,0.01,60,53280,买盘
1805,10:21:05,8.87,-0.01,7,6208,卖盘
1806,10:21:01,8.88,--,30,26640,买盘
1807,10:20:56,8.88,0.01,162,143856,买盘
1808,10:20:46,8.87,-0.01,3,2660,卖盘
1809,10:20:41,8.88,--,60,53280,买盘
1810,10:20:35,8.88,0.01,91,80808,买盘
1811,10:20:31,8.87,--,10,8870,卖盘
1812,10:20:25,8.87,--,10,8870,卖盘
1813,10:20:20,8.87,0.01,394,349477,买盘
1814,10:20:10,8.86,--,61,54046,卖盘
1815,10:20:05,8.86,-0.01,24,21264,卖盘
1816,10:19:55,8.87,0.01,60,53219,买盘
1817,10:19:50,8.86,--,30,26580,卖盘
1818,10:19:40,8.86,--,61,54046,买盘
1819,10:19:35,8.86,--,276,244535,卖盘
1820,10:19:30,8.86,--,21,18606,买盘
1821,10:19:25,8.86,--,131,116065,买盘
1822,10:19:20,8.86,--,107,94802,买盘
1823,10:19:15,8.86,--,8,7088,买盘
1824,10:19:10,8.86,--,13,11518,卖盘
1825,10:19:05,8.86,--,17,15061,卖盘
1826,10:19:00,8.86,0.01,220,194920,买盘
1827,10:18:55,8.85,-0.01,139,123015,卖盘
1828,10:18:50,8.86,--,16,14176,买盘
1829,10:18:45,8.86,--,151,133786,买盘
1830,10:18:40,8.86,0.01,87,77082,买盘
1831,10:18:35,8.85,--,179,158415,卖盘
1832,10:18:30,8.85,-0.01,20,17700,卖盘
1833,10:18:25,8.86,--,259,229473,买盘
1834,10:18:20,8.86,0.01,6,5316,买盘
1835,10:18:10,8.85,-0.01,104,92040,卖盘
1836,10:18:05,8.86,--,25,22150,买盘
1837,10:18:00,8.86,0.01,136,120495,买盘
1838,10:17:55,8.85,--,59,52215,卖盘
1839,10:17:50,8.85,--,113,100005,卖盘
1840,10:17:45,8.85,-0.01,34,30090,卖盘
1841,10:17:40,8.86,--,75,66450,买盘
1842,10:17:35,8.86,0.02,282,249851,买盘
1843,10:17:30,8.84,-0.01,105,92820,卖盘
1844,10:17:25,8.85,0.01,468,414180,买盘
1845,10:17:20,8.84,--,52,45968,卖盘
1846,10:17:10,8.84,-0.01,381,336804,卖盘
1847,10:17:05,8.85,--,42,37170,买盘
1848,10:17:00,8.85,--,399,353115,卖盘
1849,10:16:55,8.85,--,560,495600,卖盘
1850,10:16:40,8.85,-0.01,123,108855,卖盘
1851,10:16:35,8.86,0.01,307,272002,买盘
1852,10:16:30,8.85,-0.01,28,24780,卖盘
1853,10:16:25,8.86,0.01,68,60247,买盘
1854,10:16:15,8.85,-0.01,146,129210,卖盘
1855,10:16:10,8.86,--,11,9746,卖盘
1856,10:16:05,8.86,0.01,28,24808,中性盘
1857,10:16:00,8.85,-0.01,214,189390,卖盘
1858,10:15:55,8.86,--,117,103662,买盘
1859,10:15:50,8.86,0.01,55,48730,买盘
1860,10:15:45,8.85,-0.01,219,193815,卖盘
1861,10:15:40,8.86,-0.02,963,853218,卖盘
1862,10:15:35,8.88,0.01,33,29304,买盘
1863,10:15:25,8.87,-0.01,80,70960,卖盘
1864,10:15:20,8.88,--,36,31968,买盘
1865,10:15:15,8.88,--,6,5328,买盘
1866,10:15:10,8.88,--,28,24864,买盘
1867,10:15:05,8.88,--,99,87912,买盘
1868,10:15:00,8.88,--,4,3552,买盘
1869,10:14:55,8.88,--,131,116328,买盘
1870,10:14:50,8.88,--,50,44400,买盘
1871,10:14:45,8.88,--,0,0,买盘
1872,10:14:40,8.88,0.01,205,182040,买盘
1873,10:14:35,8.87,--,78,69186,买盘
1874,10:14:25,8.87,--,38,33706,买盘
1875,10:14:20,8.87,--,203,180060,买盘
1876,10:14:10,8.87,--,116,102891,买盘
1877,10:14:05,8.87,--,149,132163,买盘
1878,10:13:55,8.87,--,115,102004,买盘
1879,10:13:50,8.87,-0.01,64,56767,中性盘
1880,10:13:45,8.88,0.01,52,46176,买盘
1881,10:13:40,8.87,-0.01,57,50558,卖盘
1882,10:13:35,8.88,0.01,87,77256,买盘
1883,10:13:30,8.87,--,22,19514,卖盘
1884,10:13:25,8.87,-0.01,147,130388,卖盘
1885,10:13:20,8.88,--,157,139416,买盘
1886,10:13:15,8.88,--,6,5328,买盘
1887,10:13:10,8.88,0.01,13,11544,买盘
1888,10:13:04,8.87,-0.01,115,102004,卖盘
1889,10:12:55,8.88,--,5,4440,买盘
1890,10:12:49,8.88,--,102,90576,买盘
1891,10:12:44,8.88,--,94,83472,买盘
1892,10:12:40,8.88,-0.01,4,3552,卖盘
1893,10:12:34,8.89,--,96,85344,买盘
1894,10:12:25,8.89,--,34,30226,买盘
1895,10:12:19,8.89,--,166,147574,买盘
1896,10:12:14,8.89,--,29,25781,买盘
1897,10:12:09,8.89,--,17,15113,买盘
1898,10:12:04,8.89,0.01,2,1778,买盘
1899,10:11:59,8.88,--,93,82584,卖盘
1900,10:11:54,8.88,--,2,1776,卖盘
1901,10:11:49,8.88,--,10,8880,买盘
1902,10:11:44,8.88,--,42,37296,买盘
1903,10:11:39,8.88,--,30,26640,买盘
1904,10:11:34,8.88,--,64,56832,买盘
1905,10:11:29,8.88,-0.01,102,90576,卖盘
1906,10:11:24,8.89,--,24,21336,买盘
1907,10:11:19,8.89,--,4,3556,买盘
1908,10:11:14,8.89,0.01,36,32004,买盘
1909,10:11:09,8.88,--,16,14208,卖盘
1910,10:11:04,8.88,--,62,55056,卖盘
1911,10:10:59,8.88,0.01,42,37296,买盘
1912,10:10:54,8.87,-0.02,23,20401,卖盘
1913,10:10:49,8.89,0.01,150,133350,买盘
1914,10:10:44,8.88,0.01,32,28416,买盘
1915,10:10:39,8.87,--,10,8870,卖盘
1916,10:10:34,8.87,-0.01,92,81604,卖盘
1917,10:10:29,8.88,--,18,15984,卖盘
1918,10:10:24,8.88,--,20,17760,卖盘
1919,10:10:19,8.88,0.01,117,103896,中性盘
1920,10:10:14,8.87,-0.01,402,356573,卖盘
1921,10:10:09,8.88,--,17,15096,买盘
1922,10:10:04,8.88,-0.01,10,8880,中性盘
1923,10:09:59,8.89,0.01,259,230251,买盘
1924,10:09:54,8.88,--,25,22200,卖盘
1925,10:09:49,8.88,0.02,24,21312,买盘
1926,10:09:44,8.86,-0.02,118,104548,卖盘
1927,10:09:39,8.88,0.01,22,19536,买盘
1928,10:09:34,8.87,0.01,1,886,买盘
1929,10:09:29,8.86,--,179,158594,买盘
1930,10:09:24,8.86,--,78,69108,买盘
1931,10:09:19,8.86,--,430,380980,买盘
1932,10:09:14,8.86,-0.01,233,206438,卖盘
1933,10:09:09,8.87,--,1,886,卖盘
1934,10:09:04,8.87,0.01,121,107326,买盘
1935,10:08:59,8.86,--,14,12404,卖盘
1936,10:08:54,8.86,--,109,96574,卖盘
1937,10:08:49,8.86,--,377,334022,买盘
1938,10:08:44,8.86,0.01,40,35440,买盘
1939,10:08:39,8.85,-0.01,124,109740,卖盘
1940,10:08:34,8.86,0.01,162,143532,买盘
1941,10:08:29,8.85,--,60,53100,买盘
1942,10:08:24,8.85,--,48,42480,卖盘
1943,10:08:19,8.85,-0.01,46,40710,中性盘
1944,10:08:14,8.86,--,172,152392,买盘
1945,10:08:09,8.86,0.02,12,10632,买盘
1946,10:08:04,8.84,-0.02,483,426972,卖盘
1947,10:07:59,8.86,--,273,241877,卖盘
1948,10:07:54,8.86,0.01,43,38098,买盘
1949,10:07:49,8.85,-0.02,385,340725,卖盘
1950,10:07:44,8.87,0.01,25,22174,买盘
1951,10:07:39,8.86,-0.01,12,10632,卖盘
1952,10:07:34,8.87,0.01,186,164982,中性盘
1953,10:07:29,8.86,-0.01,46,40756,卖盘
1954,10:07:24,8.87,--,31,27496,买盘
1955,10:07:19,8.87,0.01,41,36367,买盘
1956,10:07:14,8.86,-0.01,10,8860,卖盘
1957,10:07:04,8.87,-0.01,629,557923,卖盘
1958,10:06:59,8.88,--,201,178488,买盘
1959,10:06:54,8.88,--,95,84360,买盘
1960,10:06:49,8.88,--,149,132312,卖盘
1961,10:06:44,8.88,--,50,44400,卖盘
1962,10:06:39,8.88,--,111,98568,卖盘
1963,10:06:34,8.88,-0.01,119,105672,卖盘
1964,10:06:29,8.89,--,114,101346,买盘
1965,10:06:24,8.89,-0.01,284,253071,卖盘
1966,10:06:19,8.9,--,173,153970,买盘
1967,10:06:13,8.9,-0.01,142,126718,卖盘
1968,10:06:09,8.91,-0.01,219,195129,卖盘
1969,10:06:04,8.92,0.02,508,453136,买盘
1970,10:05:58,8.9,-0.01,144,128160,卖盘
1971,10:05:54,8.91,--,90,80190,卖盘
1972,10:05:49,8.91,0.01,105,93555,买盘
1973,10:05:43,8.9,-0.01,56,49840,卖盘
1974,10:05:38,8.91,--,71,63261,买盘
1975,10:05:34,8.91,0.01,111,98901,买盘
1976,10:05:28,8.9,-0.01,30,26700,卖盘
1977,10:05:23,8.91,0.01,14,12474,中性盘
1978,10:05:19,8.9,-0.02,705,627450,卖盘
1979,10:05:13,8.92,0.01,14,12488,买盘
1980,10:05:08,8.91,--,21,18711,卖盘
1981,10:05:03,8.91,-0.01,219,195129,卖盘
1982,10:04:58,8.92,--,245,218540,买盘
1983,10:04:53,8.92,--,23,20516,买盘
1984,10:04:43,8.92,--,19,16948,买盘
1985,10:04:38,8.92,--,61,54412,买盘
1986,10:04:33,8.92,--,52,46384,买盘
1987,10:04:28,8.92,--,18,16056,买盘
1988,10:04:23,8.92,0.01,32,28544,买盘
1989,10:04:18,8.91,-0.01,27,24057,卖盘
1990,10:04:13,8.92,-0.01,95,84740,卖盘
1991,10:04:08,8.93,0.01,100,89300,买盘
1992,10:04:03,8.92,-0.01,56,49952,卖盘
1993,10:03:58,8.93,0.01,82,73226,买盘
1994,10:03:53,8.92,--,86,77381,卖盘
1995,10:03:43,8.92,--,169,150971,买盘
1996,10:03:38,8.92,0.01,15,13380,买盘
1997,10:03:28,8.91,--,3,2673,卖盘
1998,10:03:23,8.91,0.01,80,71832,买盘
1999,10:03:18,8.9,--,88,78320,卖盘
2000,10:03:13,8.9,--,27,24030,卖盘
2001,10:03:08,8.9,--,55,48950,卖盘
2002,10:03:03,8.9,--,26,23140,卖盘
2003,10:02:58,8.9,--,35,31150,买盘
2004,10:02:53,8.9,0.01,38,33820,卖盘
2005,10:02:48,8.89,-0.01,58,51562,卖盘
2006,10:02:43,8.9,--,186,165540,买盘
2007,10:02:38,8.9,0.01,56,49840,买盘
2008,10:02:33,8.89,--,23,20447,卖盘
2009,10:02:28,8.89,--,57,50673,卖盘
2010,10:02:23,8.89,--,74,65786,卖盘
2011,10:02:13,8.89,--,347,308776,买盘
2012,10:02:08,8.89,0.01,155,137795,买盘
2013,10:02:03,8.88,-0.01,45,39960,卖盘
2014,10:01:58,8.89,0.01,34,30226,买盘
2015,10:01:53,8.88,-0.01,54,48546,卖盘
2016,10:01:48,8.89,--,106,94234,卖盘
2017,10:01:43,8.89,--,28,24892,卖盘
2018,10:01:38,8.89,--,425,378118,买盘
2019,10:01:33,8.89,--,39,34671,买盘
2020,10:01:28,8.89,--,363,322707,买盘
2021,10:01:23,8.89,0.01,30,26670,买盘
2022,10:01:18,8.88,-0.01,25,22200,卖盘
2023,10:01:13,8.89,0.01,108,96012,买盘
2024,10:01:08,8.88,--,79,70152,卖盘
2025,10:01:03,8.88,-0.01,5,4440,卖盘
2026,10:00:58,8.89,--,18,16002,买盘
2027,10:00:53,8.89,-0.01,622,553553,卖盘
2028,10:00:48,8.9,0.01,30,26700,买盘
2029,10:00:43,8.89,-0.01,207,184023,卖盘
2030,10:00:38,8.9,--,660,587400,买盘
2031,10:00:33,8.9,--,40,35600,买盘
2032,10:00:28,8.9,-0.01,181,161428,卖盘
2033,10:00:23,8.91,0.01,10,8910,买盘
2034,10:00:18,8.9,--,7,6230,卖盘
2035,10:00:13,8.9,-0.01,170,151851,卖盘
2036,10:00:08,8.91,0.01,371,330561,买盘
2037,10:00:03,8.9,-0.01,304,270560,中性盘
2038,09:59:58,8.91,--,5,4455,买盘
2039,09:59:52,8.91,--,82,73062,买盘
2040,09:59:48,8.91,--,792,705672,卖盘
2041,09:59:43,8.91,--,58,51678,卖盘
2042,09:59:37,8.91,-0.01,514,457974,卖盘
2043,09:59:33,8.92,0.01,337,300604,买盘
2044,09:59:28,8.91,--,9,8019,卖盘
2045,09:59:22,8.91,--,218,194238,卖盘
2046,09:59:18,8.91,--,59,52569,卖盘
2047,09:59:13,8.91,-0.01,98,87318,卖盘
2048,09:59:07,8.92,0.01,347,309524,买盘
2049,09:59:02,8.91,--,89,79299,卖盘
2050,09:58:58,8.91,-0.01,10,8910,卖盘
2051,09:58:52,8.92,--,66,58872,买盘
2052,09:58:48,8.92,--,606,541221,卖盘
2053,09:58:43,8.92,-0.01,14,12488,卖盘
2054,09:58:37,8.93,0.01,63,56259,买盘
2055,09:58:32,8.92,-0.01,744,663648,卖盘
2056,09:58:28,8.93,0.01,458,408994,买盘
2057,09:58:22,8.92,-0.01,37,33004,卖盘
2058,09:58:17,8.93,-0.01,157,140201,买盘
2059,09:58:13,8.94,0.01,430,384420,买盘
2060,09:58:07,8.93,-0.01,32,28576,买盘
2061,09:58:02,8.94,0.01,504,450799,买盘
2062,09:57:57,8.93,--,58,51794,卖盘
2063,09:57:52,8.93,-0.01,137,122341,卖盘
2064,09:57:47,8.94,--,328,293232,买盘
2065,09:57:42,8.94,0.01,85,75990,买盘
2066,09:57:37,8.93,--,47,41971,卖盘
2067,09:57:32,8.93,--,28,25004,卖盘
2068,09:57:22,8.93,--,276,247137,买盘
2069,09:57:17,8.93,--,80,71663,卖盘
2070,09:57:12,8.93,--,326,291118,卖盘
2071,09:57:07,8.93,--,94,83942,卖盘
2072,09:57:02,8.93,--,77,68761,卖盘
2073,09:56:57,8.93,--,187,166991,卖盘
2074,09:56:52,8.93,-0.01,120,107160,卖盘
2075,09:56:47,8.94,-0.01,39,34866,卖盘
2076,09:56:42,8.95,0.01,15,13424,买盘
2077,09:56:37,8.94,-0.01,141,126054,卖盘
2078,09:56:32,8.95,-0.01,77,68915,卖盘
2079,09:56:27,8.96,0.01,140,125440,买盘
2080,09:56:22,8.95,--,206,184817,卖盘
2081,09:56:17,8.95,-0.01,523,468084,卖盘
2082,09:56:12,8.96,0.01,399,357952,买盘
2083,09:56:07,8.95,-0.01,516,461819,卖盘
2084,09:56:02,8.96,--,536,480256,买盘
2085,09:55:57,8.96,--,204,182784,买盘
2086,09:55:52,8.96,--,116,103936,买盘
2087,09:55:47,8.96,-0.01,517,463895,卖盘
2088,09:55:42,8.97,0.01,358,321359,买盘
2089,09:55:37,8.96,--,116,103936,卖盘
2090,09:55:32,8.96,0.01,184,164864,买盘
2091,09:55:27,8.95,-0.03,54,48329,卖盘
2092,09:55:22,8.98,0.02,427,383446,买盘
2093,09:55:17,8.96,0.01,190,170240,买盘
2094,09:55:12,8.95,--,29,25954,卖盘
2095,09:55:07,8.95,--,2054,1838329,买盘
2096,09:55:02,8.95,0.01,14,12529,买盘
2097,09:54:52,8.94,--,540,483430,买盘
2098,09:54:47,8.94,--,91,81354,买盘
2099,09:54:42,8.94,0.01,424,379056,买盘
2100,09:54:37,8.93,0.01,142,126806,中性盘
2101,09:54:32,8.92,--,545,486140,卖盘
2102,09:54:27,8.92,--,35,31220,卖盘
2103,09:54:22,8.92,0.01,428,381999,买盘
2104,09:54:17,8.91,-0.01,298,265518,卖盘
2105,09:54:12,8.92,0.01,131,116852,买盘
2106,09:54:07,8.91,--,129,114939,卖盘
2107,09:54:02,8.91,--,81,72171,卖盘
2108,09:53:57,8.91,--,58,51972,买盘
2109,09:53:52,8.91,--,148,131868,买盘
2110,09:53:47,8.91,-0.01,1064,948620,卖盘
2111,09:53:42,8.92,0.01,146,130232,买盘
2112,09:53:37,8.91,--,24,21384,卖盘
2113,09:53:32,8.91,--,32,28512,卖盘
2114,09:53:27,8.91,--,35,31479,买盘
2115,09:53:22,8.91,0.01,351,312741,买盘
2116,09:53:17,8.9,--,104,92560,卖盘
2117,09:53:12,8.9,-0.01,53,47170,卖盘
2118,09:53:07,8.91,0.01,50,44550,买盘
2119,09:53:01,8.9,-0.01,202,179780,卖盘
2120,09:52:57,8.91,0.01,155,138105,买盘
2121,09:52:52,8.9,-0.01,19,16910,卖盘
2122,09:52:46,8.91,--,166,147906,买盘
2123,09:52:42,8.91,0.01,329,293139,买盘
2124,09:52:37,8.9,--,70,62300,卖盘
2125,09:52:31,8.9,--,46,40940,卖盘
2126,09:52:27,8.9,0.01,13,11570,买盘
2127,09:52:22,8.89,-0.02,10,8890,卖盘
2128,09:52:16,8.91,0.02,222,197802,买盘
2129,09:52:12,8.89,-0.01,184,163576,卖盘
2130,09:52:07,8.9,--,12,10680,买盘
2131,09:52:01,8.9,0.01,146,129940,买盘
2132,09:51:57,8.89,-0.01,121,107569,卖盘
2133,09:51:52,8.9,--,43,38270,买盘
2134,09:51:46,8.9,0.01,43,38270,买盘
2135,09:51:42,8.89,--,36,32004,卖盘
2136,09:51:37,8.89,-0.01,70,62230,卖盘
2137,09:51:31,8.9,--,52,46280,卖盘
2138,09:51:27,8.9,0.01,289,257210,买盘
2139,09:51:22,8.89,-0.02,1,889,中性盘
2140,09:51:16,8.91,0.01,764,681606,买盘
2141,09:51:11,8.9,--,29,25810,卖盘
2142,09:51:07,8.9,--,28,24920,卖盘
2143,09:51:01,8.9,-0.01,86,76540,卖盘
2144,09:50:56,8.91,0.02,318,283346,买盘
2145,09:50:51,8.89,-0.01,163,144907,卖盘
2146,09:50:46,8.9,--,248,221601,卖盘
2147,09:50:41,8.9,0.01,17,15138,买盘
2148,09:50:37,8.89,-0.01,39,34671,卖盘
2149,09:50:31,8.9,--,291,258990,买盘
2150,09:50:26,8.9,--,11,9790,买盘
2151,09:50:22,8.9,--,315,280350,卖盘
2152,09:50:16,8.9,--,117,104130,卖盘
2153,09:50:11,8.9,--,156,138840,卖盘
2154,09:50:06,8.9,0.01,50,44500,中性盘
2155,09:50:01,8.89,-0.01,201,178689,卖盘
2156,09:49:56,8.9,--,823,732470,买盘
2157,09:49:51,8.9,--,36,32040,买盘
2158,09:49:46,8.9,--,94,83660,买盘
2159,09:49:41,8.9,--,65,57850,买盘
2160,09:49:36,8.9,-0.02,244,217160,卖盘
2161,09:49:31,8.92,0.01,252,224784,买盘
2162,09:49:26,8.91,--,198,176418,买盘
2163,09:49:21,8.91,--,274,244134,买盘
2164,09:49:16,8.91,-0.01,1104,984465,卖盘
2165,09:49:11,8.92,0.01,758,676136,卖盘
2166,09:49:06,8.91,-0.01,100,89100,卖盘
2167,09:49:01,8.92,0.01,435,388020,买盘
2168,09:48:56,8.91,--,319,284229,卖盘
2169,09:48:51,8.91,--,149,132759,卖盘
2170,09:48:46,8.91,--,69,61568,买盘
2171,09:48:41,8.91,--,282,251262,买盘
2172,09:48:36,8.91,--,8,7128,买盘
2173,09:48:31,8.91,--,130,115830,买盘
2174,09:48:26,8.91,0.03,509,453519,买盘
2175,09:48:21,8.88,-0.02,110,97680,卖盘
2176,09:48:16,8.9,0.02,335,298150,买盘
2177,09:48:11,8.88,--,612,543456,买盘
2178,09:48:06,8.88,0.01,21,18648,买盘
2179,09:48:01,8.87,0.01,183,162321,买盘
2180,09:47:56,8.86,--,101,89486,卖盘
2181,09:47:51,8.86,--,475,420850,买盘
2182,09:47:46,8.86,--,93,82398,买盘
2183,09:47:41,8.86,0.01,79,69994,买盘
2184,09:47:36,8.85,0.01,158,139830,买盘
2185,09:47:31,8.84,--,186,164424,卖盘
2186,09:47:26,8.84,--,229,202436,买盘
2187,09:47:21,8.84,0.01,111,98124,买盘
2188,09:47:16,8.83,--,63,55629,卖盘
2189,09:47:11,8.83,-0.01,252,222516,卖盘
2190,09:47:06,8.84,--,3,2652,买盘
2191,09:47:01,8.84,-0.01,145,128180,卖盘
2192,09:46:56,8.85,0.01,268,237180,买盘
2193,09:46:51,8.84,-0.01,1097,969748,卖盘
2194,09:46:46,8.85,--,50,44250,买盘
2195,09:46:41,8.85,--,180,159300,买盘
2196,09:46:36,8.85,-0.01,541,478785,卖盘
2197,09:46:31,8.86,--,29,25694,买盘
2198,09:46:25,8.86,-0.01,988,875368,卖盘
2199,09:46:21,8.87,-0.01,690,612030,卖盘
2200,09:46:16,8.88,0.01,47,41736,买盘
2201,09:46:10,8.87,-0.01,335,297145,卖盘
2202,09:46:06,8.88,--,70,62160,买盘
2203,09:46:01,8.88,--,29,25752,买盘
2204,09:45:55,8.88,--,128,114258,卖盘
2205,09:45:51,8.88,-0.02,77,68376,卖盘
2206,09:45:45,8.9,--,10,8900,买盘
2207,09:45:40,8.9,--,1947,1732830,卖盘
2208,09:45:36,8.9,-0.01,276,245640,卖盘
2209,09:45:31,8.91,0.01,14,12474,买盘
2210,09:45:25,8.9,-0.02,224,199360,卖盘
2211,09:45:21,8.92,0.01,378,337176,买盘
2212,09:45:16,8.91,--,282,251262,卖盘
2213,09:45:10,8.91,--,758,675378,卖盘
2214,09:45:06,8.91,-0.01,298,265518,卖盘
2215,09:45:00,8.92,--,489,436188,卖盘
2216,09:44:55,8.92,--,546,487032,卖盘
2217,09:44:51,8.92,--,68,60656,卖盘
2218,09:44:45,8.92,-0.01,92,82064,卖盘
2219,09:44:40,8.93,0.01,241,215213,买盘
2220,09:44:36,8.92,-0.01,160,142720,卖盘
2221,09:44:30,8.93,--,220,196460,卖盘
2222,09:44:25,8.93,-0.01,592,528656,卖盘
2223,09:44:21,8.94,--,233,208302,买盘
2224,09:44:15,8.94,0.01,15,13410,买盘
2225,09:44:10,8.93,--,215,191995,卖盘
2226,09:44:05,8.93,0.01,376,335768,买盘
2227,09:44:00,8.92,-0.01,50,44600,卖盘
2228,09:43:55,8.93,--,177,158061,买盘
2229,09:43:50,8.93,-0.01,796,710828,中性盘
2230,09:43:45,8.94,0.01,311,278034,买盘
2231,09:43:40,8.93,--,193,172349,卖盘
2232,09:43:35,8.93,--,273,243789,卖盘
2233,09:43:30,8.93,--,360,321480,卖盘
2234,09:43:25,8.93,0.01,85,75905,中性盘
2235,09:43:20,8.92,-0.01,377,336284,卖盘
2236,09:43:15,8.93,--,69,61617,买盘
2237,09:43:10,8.93,0.01,102,91086,买盘
2238,09:43:05,8.92,0.01,337,300604,买盘
2239,09:43:00,8.91,--,201,179091,卖盘
2240,09:42:55,8.91,--,337,300267,买盘
2241,09:42:50,8.91,--,266,237006,买盘
2242,09:42:45,8.91,--,798,711018,买盘
2243,09:42:40,8.91,--,530,472230,买盘
2244,09:42:35,8.91,0.01,212,189186,买盘
2245,09:42:30,8.9,--,63,56070,买盘
2246,09:42:25,8.9,--,989,880361,卖盘
2247,09:42:20,8.9,--,400,356000,卖盘
2248,09:42:15,8.9,--,54,48060,卖盘
2249,09:42:10,8.9,0.02,894,796398,买盘
2250,09:42:05,8.88,--,507,450216,卖盘
2251,09:42:00,8.88,-0.02,50,44400,卖盘
2252,09:41:55,8.9,--,469,417410,买盘
2253,09:41:50,8.9,0.02,252,225072,买盘
2254,09:41:45,8.88,-0.01,1810,1607280,卖盘
2255,09:41:40,8.89,--,308,273812,卖盘
2256,09:41:35,8.89,-0.01,409,363601,卖盘
2257,09:41:30,8.9,--,168,149520,买盘
2258,09:41:25,8.9,0.01,385,342650,买盘
2259,09:41:20,8.89,-0.01,404,359156,卖盘
2260,09:41:15,8.9,--,22,19580,买盘
2261,09:41:10,8.9,--,369,328410,买盘
2262,09:41:05,8.9,--,1099,978261,卖盘
2263,09:41:00,8.9,-0.01,119,105910,卖盘
2264,09:40:55,8.91,--,310,276210,买盘
2265,09:40:50,8.91,-0.01,561,499851,卖盘
2266,09:40:45,8.92,--,644,575188,买盘
2267,09:40:39,8.92,--,24,21408,买盘
2268,09:40:34,8.92,--,217,193564,卖盘
2269,09:40:30,8.92,-0.01,436,388912,卖盘
2270,09:40:24,8.93,--,200,178600,买盘
2271,09:40:19,8.93,--,450,401850,买盘
2272,09:40:15,8.93,-0.02,698,624055,卖盘
2273,09:40:09,8.95,--,247,221064,买盘
2274,09:40:04,8.95,--,516,461819,买盘
2275,09:40:00,8.95,-0.01,2189,1959154,卖盘
2276,09:39:54,8.96,--,408,365568,买盘
2277,09:39:49,8.96,--,368,329728,买盘
2278,09:39:45,8.96,-0.01,371,332416,卖盘
2279,09:39:39,8.97,0.01,46,41262,买盘
2280,09:39:34,8.96,--,943,844928,卖盘
2281,09:39:30,8.96,-0.01,439,393344,卖盘
2282,09:39:24,8.97,0.01,754,676338,买盘
2283,09:39:19,8.96,0.01,246,220416,卖盘
2284,09:39:15,8.95,--,643,575637,卖盘
2285,09:39:09,8.95,-0.01,372,332940,卖盘
2286,09:39:04,8.96,--,261,233856,买盘
2287,09:38:59,8.96,0.01,189,169344,买盘
2288,09:38:54,8.95,--,332,297140,买盘
2289,09:38:49,8.95,--,621,555795,卖盘
2290,09:38:45,8.95,0.01,621,555795,买盘
2291,09:38:39,8.94,-0.01,288,257472,卖盘
2292,09:38:34,8.95,-0.01,333,298035,卖盘
2293,09:38:30,8.96,--,726,650496,买盘
2294,09:38:24,8.96,0.02,320,286720,买盘
2295,09:38:19,8.94,-0.02,796,711624,卖盘
2296,09:38:15,8.96,0.01,415,371840,买盘
2297,09:38:09,8.95,--,243,217484,卖盘
2298,09:38:04,8.95,--,880,787599,买盘
2299,09:37:59,8.95,--,556,497619,买盘
2300,09:37:54,8.95,0.01,90,80550,买盘
2301,09:37:49,8.94,-0.02,98,87612,卖盘
2302,09:37:45,8.96,0.02,342,306432,买盘
2303,09:37:39,8.94,-0.02,151,134994,卖盘
2304,09:37:34,8.96,0.01,656,587776,买盘
2305,09:37:30,8.95,--,452,405282,卖盘
2306,09:37:24,8.95,-0.01,286,255969,卖盘
2307,09:37:19,8.96,--,1162,1041304,买盘
2308,09:37:14,8.96,--,1122,1005312,买盘
2309,09:37:09,8.96,--,200,179200,卖盘
2310,09:37:04,8.96,--,385,344960,卖盘
2311,09:36:59,8.96,-0.01,158,141568,卖盘
2312,09:36:54,8.97,--,9,8073,买盘
2313,09:36:49,8.97,-0.02,506,453882,卖盘
2314,09:36:44,8.99,-0.01,824,740776,卖盘
2315,09:36:39,9.0,0.01,599,539100,买盘
2316,09:36:34,8.99,-0.01,181,162719,卖盘
2317,09:36:29,9.0,-0.02,1577,1419336,卖盘
2318,09:36:24,9.02,0.01,392,353584,中性盘
2319,09:36:19,9.01,-0.02,1236,1113636,买盘
2320,09:36:14,9.03,--,1928,1740983,买盘
2321,09:36:09,9.03,-0.01,949,856946,卖盘
2322,09:36:04,9.04,-0.01,859,776535,卖盘
2323,09:35:59,9.05,--,528,477840,卖盘
2324,09:35:54,9.05,0.01,315,285075,买盘
2325,09:35:49,9.04,-0.02,1813,1638951,卖盘
2326,09:35:44,9.06,0.03,2300,2083800,买盘
2327,09:35:39,9.03,--,297,268191,卖盘
2328,09:35:34,9.03,0.01,875,790125,中性盘
2329,09:35:29,9.02,--,1480,1335825,卖盘
2330,09:35:24,9.02,0.02,441,397782,买盘
2331,09:35:19,9.0,0.02,665,598950,买盘
2332,09:35:14,8.98,-0.02,1476,1325448,卖盘
2333,09:35:09,9.0,0.02,1837,1653300,买盘
2334,09:35:04,8.98,--,2805,2518890,买盘
2335,09:34:59,8.98,0.03,508,456184,买盘
2336,09:34:54,8.95,-0.02,445,398274,卖盘
2337,09:34:49,8.97,0.03,1499,1344603,买盘
2338,09:34:44,8.94,0.02,708,632952,卖盘
2339,09:34:39,8.92,--,350,312200,卖盘
2340,09:34:34,8.92,--,277,247084,卖盘
2341,09:34:29,8.92,0.02,390,347880,买盘
2342,09:34:24,8.9,--,666,592740,卖盘
2343,09:34:18,8.9,--,799,711599,买盘
2344,09:34:14,8.9,0.02,324,288360,买盘
2345,09:34:09,8.88,0.03,1717,1525441,买盘
2346,09:34:03,8.85,--,226,200010,卖盘
2347,09:33:58,8.85,--,1445,1278825,买盘
2348,09:33:54,8.85,0.01,422,374231,买盘
2349,09:33:48,8.84,--,500,442000,买盘
2350,09:33:43,8.84,0.01,528,466752,买盘
2351,09:33:39,8.83,-0.01,345,304635,中性盘
2352,09:33:33,8.84,0.01,1247,1102348,买盘
2353,09:33:28,8.83,--,762,672846,买盘
2354,09:33:24,8.83,--,470,415010,卖盘
2355,09:33:18,8.83,--,290,256070,卖盘
2356,09:33:13,8.83,--,503,444149,买盘
2357,09:33:09,8.83,0.01,471,415893,中性盘
2358,09:33:03,8.82,-0.02,243,214890,卖盘
2359,09:32:58,8.84,--,716,632944,买盘
2360,09:32:54,8.84,0.02,2576,2277546,买盘
2361,09:32:48,8.82,--,207,182574,卖盘
2362,09:32:43,8.82,--,651,574702,卖盘
2363,09:32:39,8.82,-0.01,287,253134,中性盘
2364,09:32:33,8.83,-0.01,50,44150,中性盘
2365,09:32:28,8.84,--,750,663362,卖盘
2366,09:32:24,8.84,--,431,381004,买盘
2367,09:32:18,8.84,0.03,110,97240,买盘
2368,09:32:13,8.81,--,422,371782,卖盘
2369,09:32:09,8.81,--,551,485431,卖盘
2370,09:32:03,8.81,-0.03,109,96029,卖盘
2371,09:31:58,8.84,0.04,1039,918476,买盘
2372,09:31:53,8.8,0.01,783,689612,买盘
2373,09:31:48,8.79,--,228,200411,买盘
2374,09:31:43,8.79,-0.01,291,256096,卖盘
2375,09:31:38,8.8,0.02,604,532092,买盘
2376,09:31:33,8.78,-0.02,18,15803,卖盘
2377,09:31:28,8.8,0.05,2707,2382160,买盘
2378,09:31:23,8.75,-0.02,991,867125,卖盘
2379,09:31:18,8.77,-0.03,218,191186,卖盘
2380,09:31:13,8.8,--,2008,1767040,卖盘
2381,09:31:08,8.8,-0.01,439,386320,卖盘
2382,09:31:03,8.81,--,385,339185,卖盘
2383,09:30:58,8.81,0.01,818,720658,中性盘
2384,09:30:53,8.8,--,496,436480,卖盘
2385,09:30:48,8.8,--,158,139040,卖盘
2386,09:30:43,8.8,0.04,2141,1884361,买盘
2387,09:30:38,8.76,0.01,742,649992,中性盘
2388,09:30:33,8.75,--,294,257250,卖盘
2389,09:30:28,8.75,--,534,467250,买盘
2390,09:30:23,8.75,-0.02,627,548625,中性盘
2391,09:30:18,8.77,0.02,607,532339,买盘
2392,09:30:13,8.75,--,279,244125,买盘
2393,09:30:08,8.75,0.01,2352,2058840,买盘
2394,09:30:03,8.74,0.05,1221,1067154,买盘
2395,09:28:54,8.69,--,0,0,卖盘
2396,09:25:05,8.69,8.69,2034,1767546,买盘
