,time,price,change,volume,amount,type
0,15:00:00,10.11,--,0,0,买盘
1,15:00:00,10.11,--,0,0,买盘
2,14:59:58,10.11,0.01,1,1011,买盘
3,14:59:52,10.1,-0.01,3,3030,卖盘
4,14:59:48,10.11,0.01,35,35385,买盘
5,14:59:43,10.1,-0.01,21,21210,卖盘
6,14:59:33,10.11,--,47,47517,买盘
7,14:59:28,10.11,--,120,121320,卖盘
8,14:59:22,10.11,--,9,9099,卖盘
9,14:59:18,10.11,0.01,24,24415,买盘
10,14:59:13,10.1,-0.01,75,75750,卖盘
11,14:59:07,10.11,--,1,1011,买盘
12,14:59:03,10.11,0.01,42,42462,买盘
13,14:58:58,10.1,--,22,22220,卖盘
14,14:58:52,10.1,--,172,173720,买盘
15,14:58:48,10.1,--,21,21210,买盘
16,14:58:43,10.1,0.01,120,121200,买盘
17,14:58:37,10.09,-0.01,4,4036,卖盘
18,14:58:33,10.1,--,100,101000,买盘
19,14:58:28,10.1,--,123,124230,买盘
20,14:58:22,10.1,-0.01,459,463590,卖盘
21,14:58:18,10.11,0.01,78,78858,买盘
22,14:58:13,10.1,-0.01,79,79790,卖盘
23,14:58:07,10.11,0.01,24,24264,买盘
24,14:58:03,10.1,-0.01,65,65650,卖盘
25,14:57:58,10.11,--,11,11121,买盘
26,14:57:48,10.11,--,7,7077,买盘
27,14:57:42,10.11,--,98,99078,买盘
28,14:57:37,10.11,--,13,13143,买盘
29,14:57:32,10.11,-0.01,306,310225,卖盘
30,14:57:28,10.12,0.01,45,45540,买盘
31,14:57:22,10.11,-0.01,22,22242,卖盘
32,14:57:18,10.12,--,148,149776,买盘
33,14:57:12,10.12,0.01,6,6071,买盘
34,14:57:02,10.11,-0.01,5,5055,卖盘
35,14:56:57,10.12,--,2,2023,买盘
36,14:56:52,10.12,0.01,50,50599,买盘
37,14:56:47,10.11,--,15,15165,卖盘
38,14:56:42,10.11,-0.01,26,26286,卖盘
39,14:56:37,10.12,0.01,3,3035,买盘
40,14:56:32,10.11,--,108,109339,卖盘
41,14:56:27,10.11,-0.01,10,10110,卖盘
42,14:56:22,10.12,--,8,8095,买盘
43,14:56:02,10.12,0.01,10,10120,买盘
44,14:55:52,10.11,--,18,18198,买盘
45,14:55:46,10.11,-0.01,287,290157,卖盘
46,14:55:42,10.12,--,188,190255,买盘
47,14:55:37,10.12,--,5,5060,买盘
48,14:55:27,10.12,--,4,4047,买盘
49,14:55:22,10.12,--,5,5060,买盘
50,14:55:16,10.12,-0.01,93,94976,卖盘
51,14:55:12,10.13,0.01,15,15195,买盘
52,14:55:07,10.12,-0.01,21,21252,卖盘
53,14:55:01,10.13,0.01,1,1013,买盘
54,14:54:57,10.12,-0.01,11,11132,卖盘
55,14:54:52,10.13,--,77,78001,买盘
56,14:54:42,10.13,--,34,34442,买盘
57,14:54:37,10.13,0.01,43,43559,买盘
58,14:54:31,10.12,--,22,22264,卖盘
59,14:54:27,10.12,--,3,3035,卖盘
60,14:54:22,10.12,--,72,72864,卖盘
61,14:54:12,10.12,-0.01,7,7083,卖盘
62,14:54:07,10.13,0.01,1,1013,买盘
63,14:53:57,10.12,--,194,196327,卖盘
64,14:53:46,10.12,--,5,5060,卖盘
65,14:53:42,10.12,--,60,60719,卖盘
66,14:53:37,10.12,--,56,56671,卖盘
67,14:53:27,10.12,-0.01,58,58695,卖盘
68,14:53:22,10.13,0.01,88,89144,买盘
69,14:53:12,10.12,--,25,25299,卖盘
70,14:53:07,10.12,-0.01,10,10120,卖盘
71,14:52:57,10.13,0.01,16,16208,买盘
72,14:52:42,10.12,--,13,13155,卖盘
73,14:52:37,10.12,--,152,153824,卖盘
74,14:52:27,10.12,--,1,1011,卖盘
75,14:52:16,10.12,-0.01,4,4047,卖盘
76,14:52:12,10.13,--,6,6078,买盘
77,14:51:57,10.13,0.01,57,57741,买盘
78,14:51:52,10.12,--,53,53787,卖盘
79,14:51:46,10.12,-0.01,39,39468,卖盘
80,14:51:42,10.13,--,9,9117,买盘
81,14:51:37,10.13,--,23,23299,买盘
82,14:51:31,10.13,--,10,10130,买盘
83,14:51:16,10.13,--,7,7091,买盘
84,14:51:07,10.13,--,4,4052,卖盘
85,14:51:01,10.13,--,30,30390,卖盘
86,14:50:56,10.13,--,20,20260,卖盘
87,14:50:52,10.13,-0.01,18,18234,卖盘
88,14:50:46,10.14,0.01,8,8112,买盘
89,14:50:41,10.13,-0.01,33,33429,卖盘
90,14:50:37,10.14,0.01,3,3042,买盘
91,14:50:31,10.13,--,5,5065,卖盘
92,14:50:26,10.13,--,36,36468,卖盘
93,14:50:21,10.13,--,5,5065,卖盘
94,14:50:11,10.13,--,10,10130,卖盘
95,14:50:06,10.13,--,30,30390,卖盘
96,14:49:56,10.13,--,257,260341,买盘
97,14:49:51,10.13,0.01,14,14182,买盘
98,14:49:46,10.12,--,1,1011,卖盘
99,14:49:41,10.12,--,48,48575,买盘
100,14:49:36,10.12,--,30,30359,买盘
101,14:49:31,10.12,--,15,15179,买盘
102,14:49:26,10.12,0.01,74,74888,买盘
103,14:49:21,10.11,--,160,161760,卖盘
104,14:49:10,10.11,-0.01,25,25275,卖盘
105,14:49:06,10.12,0.01,26,26311,买盘
106,14:49:01,10.11,--,10,10110,卖盘
107,14:48:55,10.11,--,3,3033,卖盘
108,14:48:51,10.11,--,20,20220,卖盘
109,14:48:36,10.11,-0.01,16,16176,卖盘
110,14:48:31,10.12,0.01,5,5060,买盘
111,14:48:25,10.11,-0.01,10,10110,卖盘
112,14:48:01,10.12,--,12,12143,买盘
113,14:47:55,10.12,--,10,10120,买盘
114,14:47:51,10.12,-0.01,3,3035,卖盘
115,14:47:46,10.13,--,84,85092,买盘
116,14:47:40,10.13,--,0,0,买盘
117,14:47:36,10.13,0.01,113,114469,买盘
118,14:47:30,10.12,--,128,129535,卖盘
119,14:47:25,10.12,--,70,70840,卖盘
120,14:47:21,10.12,--,2,2023,卖盘
121,14:47:10,10.12,--,5,5060,卖盘
122,14:47:06,10.12,-0.01,50,50599,卖盘
123,14:47:01,10.13,--,22,22286,买盘
124,14:46:55,10.13,--,20,20260,买盘
125,14:46:51,10.13,--,2,2026,买盘
126,14:46:45,10.13,--,40,40520,卖盘
127,14:46:31,10.13,--,11,11143,卖盘
128,14:46:25,10.13,--,100,101300,卖盘
129,14:46:21,10.13,-0.01,6,6078,卖盘
130,14:46:16,10.14,0.01,10,10140,买盘
131,14:46:10,10.13,--,3,3039,卖盘
132,14:46:06,10.13,--,5,5065,卖盘
133,14:46:01,10.13,-0.01,5,5065,卖盘
134,14:45:51,10.14,0.01,1,1014,买盘
135,14:45:46,10.13,-0.01,8,8104,卖盘
136,14:45:40,10.14,--,46,46644,卖盘
137,14:45:36,10.14,--,14,14196,卖盘
138,14:45:31,10.14,-0.01,100,101400,卖盘
139,14:45:15,10.15,--,8,8120,买盘
140,14:45:06,10.15,--,5,5075,买盘
141,14:44:55,10.15,--,6,6090,买盘
142,14:44:51,10.15,--,25,25375,买盘
143,14:44:36,10.15,0.01,5,5075,买盘
144,14:44:30,10.14,--,4,4056,卖盘
145,14:44:16,10.14,--,53,53742,卖盘
146,14:44:05,10.14,--,5,5070,卖盘
147,14:44:01,10.14,-0.01,89,90246,卖盘
148,14:43:55,10.15,--,20,20300,买盘
149,14:43:50,10.15,--,22,22330,买盘
150,14:43:46,10.15,--,3,3045,买盘
151,14:43:30,10.15,0.01,103,104545,买盘
152,14:43:25,10.14,-0.01,10,10140,卖盘
153,14:43:20,10.15,0.01,10,10150,买盘
154,14:43:15,10.14,-0.01,14,14196,卖盘
155,14:43:10,10.15,--,34,34510,卖盘
156,14:43:05,10.15,--,6,6090,卖盘
157,14:43:00,10.15,--,9,9135,卖盘
158,14:42:50,10.15,-0.01,30,30450,卖盘
159,14:42:45,10.16,--,21,21336,买盘
160,14:42:35,10.16,--,4,4064,买盘
161,14:42:20,10.16,--,3,3048,卖盘
162,14:42:09,10.16,0.01,3,3048,卖盘
163,14:42:04,10.15,--,0,0,卖盘
164,14:42:00,10.15,-0.01,20,20300,卖盘
165,14:41:49,10.16,--,2,2032,卖盘
166,14:41:45,10.16,-0.01,10,10160,卖盘
167,14:41:30,10.17,--,5,5085,卖盘
168,14:41:24,10.17,--,18,18306,卖盘
169,14:41:15,10.17,--,27,27459,买盘
170,14:41:09,10.17,-0.01,5,5085,买盘
171,14:40:54,10.18,0.01,35,35630,买盘
172,14:40:44,10.17,--,56,56952,卖盘
173,14:40:39,10.17,-0.01,9,9153,卖盘
174,14:40:34,10.18,0.01,6,6108,买盘
175,14:40:24,10.17,--,7,7119,卖盘
176,14:40:15,10.17,-0.01,36,36612,卖盘
177,14:40:09,10.18,0.01,5,5090,买盘
178,14:39:54,10.17,--,10,10170,卖盘
179,14:39:44,10.17,0.01,20,20340,买盘
180,14:39:39,10.16,-0.03,20,20320,卖盘
181,14:39:34,10.19,--,0,0,买盘
182,14:39:30,10.19,0.02,269,274111,买盘
183,14:39:19,10.17,0.01,5,5085,买盘
184,14:39:09,10.16,-0.01,20,20320,卖盘
185,14:39:04,10.17,--,10,10170,买盘
186,14:38:59,10.17,--,3,3051,买盘
187,14:38:54,10.17,0.01,3,3051,买盘
188,14:38:44,10.16,-0.01,6,6096,卖盘
189,14:38:39,10.17,--,2,2034,买盘
190,14:38:14,10.17,--,37,37629,买盘
191,14:37:59,10.17,-0.02,503,511551,卖盘
192,14:37:54,10.19,0.01,545,555355,买盘
193,14:37:45,10.18,-0.01,28,28504,卖盘
194,14:37:39,10.19,-0.01,18,18342,卖盘
195,14:37:29,10.2,--,40,40800,买盘
196,14:37:24,10.2,--,40,40800,买盘
197,14:37:09,10.2,--,40,40800,买盘
198,14:37:04,10.2,--,10,10200,买盘
199,14:36:59,10.2,--,44,44880,买盘
200,14:36:54,10.2,0.02,12,12240,买盘
201,14:36:49,10.18,-0.02,5,5090,卖盘
202,14:36:44,10.2,-0.02,33,33660,买盘
203,14:36:39,10.22,0.02,1330,1359260,买盘
204,14:36:34,10.2,--,0,0,卖盘
205,14:36:29,10.2,0.03,774,789480,买盘
206,14:36:24,10.17,-0.03,16,16272,卖盘
207,14:36:19,10.2,0.02,1009,1029179,买盘
208,14:36:09,10.18,--,1,1018,买盘
209,14:35:59,10.18,0.01,39,39702,买盘
210,14:35:54,10.17,--,98,99666,卖盘
211,14:35:49,10.17,-0.01,10,10170,卖盘
212,14:35:44,10.18,--,273,277914,买盘
213,14:35:39,10.18,--,4,4072,买盘
214,14:35:29,10.18,--,58,59044,买盘
215,14:35:24,10.18,-0.01,6,6108,买盘
216,14:35:14,10.19,0.01,383,390277,买盘
217,14:35:03,10.18,0.03,1,1018,买盘
218,14:34:54,10.15,--,14,14210,卖盘
219,14:34:48,10.15,-0.03,23,23345,卖盘
220,14:34:44,10.18,--,5,5090,卖盘
221,14:34:39,10.18,0.03,507,516950,买盘
222,14:34:28,10.15,--,366,371490,卖盘
223,14:34:24,10.15,-0.01,6,6090,卖盘
224,14:34:18,10.16,0.01,46,46736,买盘
225,14:34:03,10.15,0.02,398,404548,买盘
226,14:33:54,10.13,-0.01,1,1013,卖盘
227,14:33:43,10.14,0.01,2,2028,买盘
228,14:33:38,10.13,--,0,0,卖盘
229,14:33:13,10.13,--,11,11143,卖盘
230,14:33:03,10.13,-0.02,3,3039,卖盘
231,14:32:53,10.15,--,0,0,买盘
232,14:32:43,10.15,0.02,600,609000,买盘
233,14:32:28,10.13,--,21,21779,卖盘
234,14:32:23,10.13,--,110,111430,卖盘
235,14:32:03,10.13,--,51,52169,卖盘
236,14:31:58,10.13,--,2,2026,卖盘
237,14:31:53,10.13,0.01,315,319095,买盘
238,14:31:48,10.12,--,2,2023,卖盘
239,14:31:33,10.12,--,1,1011,卖盘
240,14:31:28,10.12,--,20,20240,卖盘
241,14:31:18,10.12,--,17,17204,卖盘
242,14:31:08,10.12,-0.01,30,30359,卖盘
243,14:30:53,10.13,--,0,0,中性盘
244,14:30:48,10.13,--,26,26338,卖盘
245,14:30:43,10.13,-0.01,10,10130,卖盘
246,14:30:38,10.14,--,10,10140,买盘
247,14:30:33,10.14,0.01,6,6084,买盘
248,14:30:13,10.13,-0.02,4,4052,卖盘
249,14:30:08,10.15,--,18,19213,卖盘
250,14:30:03,10.15,0.03,502,509601,买盘
251,14:29:58,10.12,-0.01,3,3035,卖盘
252,14:29:53,10.13,--,63,63819,买盘
253,14:29:48,10.13,0.01,1,1013,买盘
254,14:29:43,10.12,-0.01,6,6071,卖盘
255,14:29:33,10.13,-0.01,112,113456,卖盘
256,14:29:28,10.14,--,29,29406,买盘
257,14:29:03,10.14,--,3,3042,买盘
258,14:28:53,10.14,--,0,0,中性盘
259,14:28:48,10.14,--,3,3042,买盘
260,14:28:43,10.14,--,9,9126,卖盘
261,14:28:38,10.14,--,12,12168,卖盘
262,14:28:33,10.14,--,15,15210,卖盘
263,14:28:23,10.14,0.01,75,76050,买盘
264,14:28:18,10.13,-0.01,9,9117,卖盘
265,14:28:08,10.14,0.01,1,1014,买盘
266,14:27:58,10.13,--,3,3039,卖盘
267,14:27:53,10.13,0.01,375,379875,买盘
268,14:27:48,10.12,--,30,30359,卖盘
269,14:27:42,10.12,--,19,19228,卖盘
270,14:27:33,10.12,--,52,52623,买盘
271,14:27:27,10.12,-0.01,112,113343,买盘
272,14:27:18,10.13,0.01,119,120547,买盘
273,14:27:12,10.12,-0.01,3,3035,买盘
274,14:27:03,10.13,0.02,14,14182,买盘
275,14:26:57,10.11,-0.01,1,1011,卖盘
276,14:26:53,10.12,--,0,0,买盘
277,14:26:48,10.12,--,3,3035,买盘
278,14:26:42,10.12,--,8,8095,买盘
279,14:26:37,10.12,0.02,26,26311,买盘
280,14:26:33,10.1,-0.03,11,11110,卖盘
281,14:26:27,10.13,0.01,49,49637,买盘
282,14:26:18,10.12,--,21,21252,卖盘
283,14:26:12,10.12,0.01,194,196327,买盘
284,14:26:03,10.11,--,29,29319,卖盘
285,14:25:57,10.11,--,15,15165,卖盘
286,14:25:42,10.11,-0.01,20,20220,卖盘
287,14:25:37,10.12,--,166,167992,卖盘
288,14:25:32,10.12,--,12,12143,卖盘
289,14:25:27,10.12,--,30,30359,卖盘
290,14:25:22,10.12,0.01,97,98163,买盘
291,14:25:17,10.11,--,5,5055,卖盘
292,14:25:02,10.11,--,10,10110,卖盘
293,14:24:57,10.11,-0.01,29,29319,卖盘
294,14:24:47,10.12,0.01,5,5060,买盘
295,14:24:42,10.11,-0.01,13,13143,卖盘
296,14:24:22,10.12,--,24,24287,买盘
297,14:24:17,10.12,--,99,100187,卖盘
298,14:24:12,10.12,-0.02,3,3035,卖盘
299,14:24:07,10.14,0.02,15,15210,买盘
300,14:24:02,10.12,-0.02,4,4047,卖盘
301,14:23:47,10.14,--,293,297102,卖盘
302,14:23:42,10.14,-0.01,1,1014,卖盘
303,14:23:32,10.15,--,5,5075,买盘
304,14:23:07,10.15,--,160,163343,卖盘
305,14:23:02,10.15,--,4,4060,卖盘
306,14:22:57,10.15,--,76,77140,卖盘
307,14:22:52,10.15,--,8,8120,卖盘
308,14:22:47,10.15,--,59,59956,买盘
309,14:22:42,10.15,0.01,269,273035,买盘
310,14:22:17,10.14,--,3,3042,买盘
311,14:21:57,10.14,0.01,10,10140,买盘
312,14:21:42,10.13,-0.01,5,5065,卖盘
313,14:21:37,10.14,--,24,24336,买盘
314,14:21:32,10.14,0.01,16,16224,买盘
315,14:21:17,10.13,-0.01,6,6078,卖盘
316,14:21:02,10.14,0.01,10,10140,买盘
317,14:20:57,10.13,-0.02,10,10130,卖盘
318,14:20:51,10.15,--,2,2030,买盘
319,14:20:42,10.15,--,8,8120,买盘
320,14:20:36,10.15,--,138,140070,买盘
321,14:20:17,10.15,0.02,13,13195,买盘
322,14:20:12,10.13,--,0,0,卖盘
323,14:20:06,10.13,-0.01,30,30390,卖盘
324,14:19:51,10.14,0.01,10,10140,买盘
325,14:19:21,10.13,--,0,0,卖盘
326,14:19:12,10.13,-0.02,6,6078,卖盘
327,14:19:06,10.15,--,13,14159,卖盘
328,14:19:02,10.15,-0.01,4,4060,卖盘
329,14:18:57,10.16,0.01,1,1016,买盘
330,14:18:42,10.15,--,116,117790,卖盘
331,14:18:36,10.15,0.02,269,273035,买盘
332,14:18:26,10.13,--,7,7091,买盘
333,14:18:21,10.13,--,1,1013,卖盘
334,14:18:16,10.13,-0.01,25,25325,卖盘
335,14:18:11,10.14,0.01,59,59826,买盘
336,14:18:01,10.13,--,10,10130,卖盘
337,14:17:56,10.13,--,5,5065,卖盘
338,14:17:51,10.13,--,67,67871,卖盘
339,14:17:46,10.13,--,3,3039,卖盘
340,14:17:36,10.13,--,6,6078,卖盘
341,14:17:31,10.13,-0.01,9,9117,卖盘
342,14:17:26,10.14,0.01,18,18252,买盘
343,14:17:21,10.13,--,2,2026,卖盘
344,14:17:16,10.13,--,5,5065,卖盘
345,14:17:11,10.13,--,2,2026,卖盘
346,14:17:06,10.13,0.02,351,355563,买盘
347,14:17:01,10.11,-0.01,13,13143,卖盘
348,14:16:46,10.12,--,20,20240,卖盘
349,14:16:41,10.12,0.01,30,30359,买盘
350,14:16:36,10.11,-0.01,30,30330,卖盘
351,14:16:31,10.12,--,0,0,中性盘
352,14:16:26,10.12,--,29,29347,买盘
353,14:16:21,10.12,-0.01,26,26311,卖盘
354,14:16:11,10.13,0.01,1,1013,买盘
355,14:16:06,10.12,-0.01,5,5060,卖盘
356,14:15:56,10.13,0.01,3,3039,买盘
357,14:15:51,10.12,--,0,0,卖盘
358,14:15:41,10.12,0.01,19,19228,买盘
359,14:15:36,10.11,-0.01,23,23253,卖盘
360,14:15:26,10.12,--,20,20240,买盘
361,14:15:21,10.12,--,16,16191,卖盘
362,14:15:11,10.12,0.01,4,4047,卖盘
363,14:15:06,10.11,--,0,0,卖盘
364,14:14:56,10.11,-0.04,71,71781,卖盘
365,14:14:51,10.15,--,183,185745,买盘
366,14:14:46,10.15,0.04,164,166460,买盘
367,14:14:41,10.11,-0.01,52,52572,卖盘
368,14:14:36,10.12,--,12,12143,买盘
369,14:14:21,10.12,--,30,30359,卖盘
370,14:14:00,10.12,--,0,0,卖盘
371,14:13:45,10.12,--,108,109295,卖盘
372,14:13:21,10.12,--,4,4047,卖盘
373,14:13:15,10.12,--,55,55659,卖盘
374,14:13:06,10.12,--,47,47563,卖盘
375,14:13:00,10.12,--,87,88044,卖盘
376,14:12:56,10.12,-0.03,136,137632,卖盘
377,14:12:51,10.15,0.02,5,5075,买盘
378,14:12:45,10.13,--,260,263380,卖盘
379,14:12:36,10.13,-0.02,402,407226,卖盘
380,14:12:26,10.15,--,1,1015,卖盘
381,14:12:20,10.15,--,16,16240,卖盘
382,14:12:11,10.15,--,2,2030,卖盘
383,14:12:06,10.15,0.02,185,187775,买盘
384,14:11:56,10.13,-0.02,8,8104,卖盘
385,14:11:45,10.15,--,4,4060,买盘
386,14:11:40,10.15,0.02,5,5075,买盘
387,14:11:25,10.13,--,10,10130,卖盘
388,14:11:15,10.13,--,6,6078,卖盘
389,14:11:06,10.13,--,4,4052,卖盘
390,14:11:00,10.13,--,6,6078,卖盘
391,14:10:50,10.13,-0.02,20,20260,卖盘
392,14:10:45,10.15,--,0,0,买盘
393,14:10:35,10.15,0.03,3,3045,买盘
394,14:10:30,10.12,-0.03,120,121439,卖盘
395,14:10:20,10.15,0.03,50,50750,买盘
396,14:10:15,10.12,--,0,0,中性盘
397,14:10:10,10.12,--,1,1011,买盘
398,14:10:00,10.12,-0.02,105,106259,卖盘
399,14:09:55,10.14,-0.01,42,42588,卖盘
400,14:09:50,10.15,--,38,38570,买盘
401,14:09:40,10.15,--,10,10150,买盘
402,14:09:35,10.15,--,10,10150,买盘
403,14:09:30,10.15,--,15,15225,卖盘
404,14:09:25,10.15,--,150,152250,卖盘
405,14:09:15,10.15,--,54,54810,卖盘
406,14:09:10,10.15,-0.01,13,13195,卖盘
407,14:09:05,10.16,0.01,5,5080,买盘
408,14:09:00,10.15,-0.01,5,5075,卖盘
409,14:08:50,10.16,-0.01,15,15240,卖盘
410,14:08:40,10.17,--,5,5085,买盘
411,14:08:35,10.17,0.01,10,10170,买盘
412,14:08:30,10.16,--,4,4064,卖盘
413,14:08:25,10.16,-0.02,150,152400,卖盘
414,14:08:20,10.18,--,10,10180,买盘
415,14:08:15,10.18,--,18,18324,买盘
416,14:08:00,10.18,--,32,32576,卖盘
417,14:07:55,10.18,--,5,5090,卖盘
418,14:07:50,10.18,--,33,33594,卖盘
419,14:07:45,10.18,--,21,21378,卖盘
420,14:07:39,10.18,--,157,159826,卖盘
421,14:07:35,10.18,-0.01,20,20360,卖盘
422,14:07:30,10.19,0.02,119,121261,买盘
423,14:07:24,10.17,-0.02,2,2034,卖盘
424,14:07:20,10.19,0.02,7,7133,买盘
425,14:07:15,10.17,-0.03,30,30510,卖盘
426,14:07:09,10.2,--,354,361080,买盘
427,14:07:05,10.2,0.03,299,304980,买盘
428,14:07:00,10.17,--,31,31527,买盘
429,14:06:54,10.17,-0.01,15,15255,买盘
430,14:06:50,10.18,--,0,0,买盘
431,14:06:45,10.18,0.03,46,46828,买盘
432,14:06:39,10.15,-0.02,150,152250,卖盘
433,14:06:35,10.17,-0.01,20,20340,卖盘
434,14:06:30,10.18,--,135,137430,卖盘
435,14:06:24,10.18,-0.02,157,159826,卖盘
436,14:06:15,10.2,--,7,7139,买盘
437,14:06:05,10.2,--,16,16513,卖盘
438,14:06:00,10.2,-0.01,70,72226,卖盘
439,14:05:54,10.21,0.01,63,64323,买盘
440,14:05:50,10.2,--,8,8159,卖盘
441,14:05:45,10.2,--,17,17340,卖盘
442,14:05:39,10.2,--,32,32639,卖盘
443,14:05:35,10.2,0.02,817,833340,买盘
444,14:05:30,10.18,-0.02,12,12226,卖盘
445,14:05:24,10.2,0.03,338,344760,买盘
446,14:05:09,10.17,--,11,11187,卖盘
447,14:05:00,10.17,0.01,30,30510,买盘
448,14:04:54,10.16,-0.01,61,61976,卖盘
449,14:04:45,10.17,--,1009,1026153,卖盘
450,14:04:39,10.17,0.02,20,20340,买盘
451,14:04:30,10.15,-0.03,10,10150,卖盘
452,14:04:24,10.18,0.03,503,512054,买盘
453,14:04:20,10.15,--,80,81200,卖盘
454,14:04:15,10.15,--,4,4060,卖盘
455,14:04:09,10.15,--,8,8120,卖盘
456,14:03:59,10.15,--,1,1015,卖盘
457,14:03:54,10.15,--,77,78155,买盘
458,14:03:49,10.15,0.01,44,44660,买盘
459,14:03:39,10.14,--,5,5070,卖盘
460,14:03:34,10.14,-0.01,5,5070,卖盘
461,14:03:19,10.15,-0.02,2,2030,卖盘
462,14:03:14,10.17,0.02,201,204417,买盘
463,14:03:09,10.15,-0.01,15,15225,卖盘
464,14:02:59,10.16,-0.01,1,1016,中性盘
465,14:02:54,10.17,--,8,8136,买盘
466,14:02:49,10.17,-0.01,50,50850,买盘
467,14:02:39,10.18,--,0,0,买盘
468,14:02:29,10.18,--,55,55990,买盘
469,14:02:24,10.18,--,5,5090,买盘
470,14:02:14,10.18,--,582,592476,买盘
471,14:02:09,10.18,0.03,419,426542,买盘
472,14:02:04,10.15,--,3,3045,买盘
473,14:01:54,10.15,--,50,50750,买盘
474,14:01:44,10.15,0.01,500,507500,买盘
475,14:01:38,10.14,0.04,350,354900,买盘
476,14:01:29,10.1,-0.02,102,103020,卖盘
477,14:01:23,10.12,0.01,196,198351,买盘
478,14:01:08,10.11,--,48,48528,买盘
479,14:00:53,10.11,0.01,35,35385,买盘
480,14:00:48,10.1,--,1,1010,卖盘
481,14:00:44,10.1,--,18,18180,卖盘
482,14:00:38,10.1,0.01,65,65650,买盘
483,14:00:18,10.09,--,5,5045,卖盘
484,14:00:03,10.09,-0.01,1,1009,卖盘
485,13:59:59,10.1,0.01,100,101000,买盘
486,13:59:53,10.09,-0.01,10,10090,卖盘
487,13:59:44,10.1,--,1,1010,买盘
488,13:59:33,10.1,--,1,1010,买盘
489,13:59:14,10.1,--,1,1010,买盘
490,13:58:53,10.1,--,60,60600,卖盘
491,13:58:48,10.1,--,1,1010,卖盘
492,13:58:44,10.1,--,2,2020,卖盘
493,13:58:38,10.1,--,207,209070,卖盘
494,13:58:29,10.1,-0.01,5,5050,卖盘
495,13:58:23,10.11,0.01,29,29319,买盘
496,13:58:18,10.1,-0.01,16,16160,卖盘
497,13:58:14,10.11,0.01,2,2022,买盘
498,13:58:08,10.1,--,10,10100,卖盘
499,13:58:03,10.1,--,8,8080,卖盘
500,13:57:48,10.1,--,60,60600,卖盘
501,13:57:38,10.1,--,14,14140,卖盘
502,13:57:28,10.1,--,30,30300,卖盘
503,13:57:18,10.1,-0.01,25,25250,卖盘
504,13:57:13,10.11,--,30,30330,买盘
505,13:57:08,10.11,0.01,27,27297,买盘
506,13:57:03,10.1,--,2,2020,卖盘
507,13:56:53,10.1,--,12,12120,卖盘
508,13:56:43,10.1,-0.01,26,26260,卖盘
509,13:56:33,10.11,0.01,4,4044,买盘
510,13:56:23,10.1,--,6,6060,卖盘
511,13:56:18,10.1,-0.01,12,12120,卖盘
512,13:56:13,10.11,--,10,10110,买盘
513,13:56:03,10.11,--,15,15165,买盘
514,13:55:58,10.11,--,67,67737,卖盘
515,13:55:53,10.11,--,6,6066,卖盘
516,13:55:48,10.11,--,92,93012,卖盘
517,13:55:38,10.11,-0.01,20,20220,卖盘
518,13:55:33,10.12,--,26,26311,买盘
519,13:55:28,10.12,--,3,3035,买盘
520,13:55:23,10.12,--,16,16191,买盘
521,13:55:18,10.12,0.01,45,45540,买盘
522,13:55:13,10.11,--,12,12132,卖盘
523,13:54:53,10.11,--,8,8088,卖盘
524,13:54:47,10.11,--,0,0,卖盘
525,13:54:38,10.11,-0.02,719,726909,卖盘
526,13:54:32,10.13,0.01,16,16208,买盘
527,13:54:17,10.12,--,3,3035,卖盘
528,13:54:12,10.12,--,10,10120,卖盘
529,13:54:08,10.12,--,206,208471,买盘
530,13:54:02,10.12,0.01,1,1011,买盘
531,13:53:57,10.11,--,130,131430,卖盘
532,13:53:53,10.11,-0.01,5,5055,卖盘
533,13:53:42,10.12,--,1,1011,买盘
534,13:53:27,10.12,0.01,7,7083,买盘
535,13:53:23,10.11,-0.01,1,1011,卖盘
536,13:53:17,10.12,--,0,0,买盘
537,13:53:08,10.12,0.01,360,364320,买盘
538,13:52:57,10.11,--,14,14154,买盘
539,13:52:53,10.11,--,10,10110,买盘
540,13:52:47,10.11,0.01,50,50550,买盘
541,13:52:38,10.1,--,27,27270,买盘
542,13:52:32,10.1,--,354,357540,买盘
543,13:52:23,10.1,--,8,8080,买盘
544,13:52:17,10.1,0.04,108,109312,买盘
545,13:52:12,10.06,-0.04,311,312866,卖盘
546,13:52:02,10.1,--,23,23230,买盘
547,13:51:57,10.1,--,3,3030,买盘
548,13:51:47,10.1,--,76,76760,买盘
549,13:51:42,10.1,--,5,5050,买盘
550,13:51:32,10.1,--,2,2020,买盘
551,13:51:27,10.1,--,5,5050,买盘
552,13:51:17,10.1,--,10,10100,卖盘
553,13:51:12,10.1,--,13,13130,买盘
554,13:51:02,10.1,--,13,13130,买盘
555,13:50:57,10.1,--,30,30300,买盘
556,13:50:52,10.1,--,65,65650,买盘
557,13:50:47,10.1,0.01,130,131300,买盘
558,13:50:42,10.09,-0.01,4,4036,买盘
559,13:50:37,10.1,--,0,0,买盘
560,13:50:27,10.1,--,125,126250,买盘
561,13:50:22,10.1,0.03,120,121200,买盘
562,13:50:17,10.07,--,3,3021,卖盘
563,13:50:02,10.07,-0.02,14,14098,卖盘
564,13:49:57,10.09,0.02,400,403600,买盘
565,13:49:42,10.07,--,462,465234,买盘
566,13:49:27,10.07,-0.01,38,38266,卖盘
567,13:49:12,10.08,--,10,10080,卖盘
568,13:49:02,10.08,--,33,33264,卖盘
569,13:48:52,10.08,--,3,3024,卖盘
570,13:48:47,10.08,--,15,15120,卖盘
571,13:48:42,10.08,--,27,27216,卖盘
572,13:48:37,10.08,--,1,1008,卖盘
573,13:48:26,10.08,--,10,10080,卖盘
574,13:48:22,10.08,-0.01,20,20160,卖盘
575,13:48:17,10.09,0.01,1,1009,买盘
576,13:48:11,10.08,--,10,10080,卖盘
577,13:47:51,10.08,-0.01,14,14112,卖盘
578,13:47:21,10.09,-0.01,1,1009,卖盘
579,13:47:17,10.1,--,0,0,买盘
580,13:47:11,10.1,0.02,350,353500,买盘
581,13:46:31,10.08,--,11,11088,卖盘
582,13:46:21,10.08,--,2,2016,卖盘
583,13:46:11,10.08,--,3,3024,卖盘
584,13:46:06,10.08,-0.01,21,21168,卖盘
585,13:45:56,10.09,--,10,10090,买盘
586,13:45:46,10.09,0.01,4,4036,买盘
587,13:45:36,10.08,--,3,3024,卖盘
588,13:45:21,10.08,--,0,0,卖盘
589,13:45:11,10.08,-0.02,3,3024,卖盘
590,13:45:06,10.1,0.03,350,353500,买盘
591,13:44:56,10.07,-0.01,4,4028,卖盘
592,13:44:51,10.08,--,49,49392,买盘
593,13:44:46,10.08,-0.01,3,3024,卖盘
594,13:44:36,10.09,--,20,20180,买盘
595,13:44:21,10.09,-0.01,95,95855,卖盘
596,13:44:06,10.1,-0.01,6,6060,卖盘
597,13:44:01,10.11,--,1,1011,卖盘
598,13:43:56,10.11,--,5,5055,买盘
599,13:43:51,10.11,0.01,164,165804,买盘
600,13:43:41,10.1,--,59,59590,卖盘
601,13:43:31,10.1,-0.01,18,18180,卖盘
602,13:43:26,10.11,-0.01,45,45495,卖盘
603,13:43:21,10.12,0.02,5,5060,买盘
604,13:43:16,10.1,--,0,0,卖盘
605,13:43:11,10.1,--,55,55550,卖盘
606,13:43:06,10.1,-0.01,200,202000,卖盘
607,13:43:01,10.11,0.01,136,137698,买盘
608,13:42:51,10.1,--,1,1010,卖盘
609,13:42:46,10.1,0.01,6,6060,卖盘
610,13:42:41,10.09,--,0,0,中性盘
611,13:42:36,10.09,-0.02,10,10090,买盘
612,13:42:31,10.11,--,0,0,买盘
613,13:42:26,10.11,0.02,300,303300,买盘
614,13:42:21,10.09,--,17,17153,买盘
615,13:42:11,10.09,--,106,106954,卖盘
616,13:42:06,10.09,--,6,6054,卖盘
617,13:42:01,10.09,--,15,15135,卖盘
618,13:41:56,10.09,--,10,10090,卖盘
619,13:41:51,10.09,--,21,21189,买盘
620,13:41:41,10.09,--,156,157404,买盘
621,13:41:36,10.09,--,0,0,买盘
622,13:41:21,10.09,0.03,8,8072,买盘
623,13:41:11,10.06,--,381,383286,买盘
624,13:41:05,10.06,--,209,210254,买盘
625,13:40:50,10.06,0.01,10,10060,买盘
626,13:40:41,10.05,-0.01,2,2010,卖盘
627,13:40:35,10.06,0.01,23,23138,买盘
628,13:40:31,10.05,-0.01,10,10050,卖盘
629,13:40:26,10.06,0.01,25,25150,买盘
630,13:40:00,10.05,--,0,0,卖盘
631,13:39:56,10.05,-0.02,371,372855,卖盘
632,13:39:45,10.07,--,7,7049,买盘
633,13:39:35,10.07,0.01,5,5035,买盘
634,13:39:05,10.06,-0.01,3,3018,卖盘
635,13:39:00,10.07,--,11,11077,买盘
636,13:38:50,10.07,--,1,1007,买盘
637,13:38:45,10.07,--,3,3021,买盘
638,13:38:40,10.07,-0.01,161,162127,卖盘
639,13:38:30,10.08,0.01,5,5040,买盘
640,13:38:20,10.07,0.01,4,4028,卖盘
641,13:38:05,10.06,-0.02,10,10060,卖盘
642,13:38:00,10.08,--,29,29232,卖盘
643,13:37:50,10.08,--,8,8064,卖盘
644,13:37:45,10.08,--,24,24192,买盘
645,13:37:30,10.08,-0.01,24,24192,买盘
646,13:37:25,10.09,--,0,0,买盘
647,13:37:20,10.09,--,14,14126,买盘
648,13:37:10,10.09,--,10,10090,买盘
649,13:37:05,10.09,--,0,0,买盘
650,13:36:55,10.09,-0.01,9,9081,卖盘
651,13:36:50,10.1,0.01,10,10100,买盘
652,13:36:45,10.09,-0.01,22,22198,卖盘
653,13:36:30,10.1,--,41,42218,卖盘
654,13:36:20,10.1,--,17,17170,卖盘
655,13:36:05,10.1,0.03,471,475912,买盘
656,13:36:00,10.07,--,5,5035,买盘
657,13:35:50,10.07,0.03,200,201400,买盘
658,13:35:45,10.04,-0.01,97,97387,卖盘
659,13:35:35,10.05,--,46,46230,买盘
660,13:35:25,10.05,--,0,0,买盘
661,13:35:20,10.05,0.02,13,13065,买盘
662,13:35:15,10.03,-0.01,35,35105,卖盘
663,13:35:10,10.04,--,160,160640,买盘
664,13:35:05,10.04,0.01,250,250999,买盘
665,13:35:00,10.03,--,6,6018,买盘
666,13:34:55,10.03,0.01,250,250749,买盘
667,13:34:50,10.02,0.01,3,3006,买盘
668,13:34:35,10.01,--,5,5005,卖盘
669,13:34:30,10.01,--,15,15015,买盘
670,13:34:25,10.01,--,10,10010,买盘
671,13:34:05,10.01,-0.01,54,54054,卖盘
672,13:33:59,10.02,0.01,100,100200,买盘
673,13:33:50,10.01,--,5,5005,卖盘
674,13:33:44,10.01,0.01,26,26026,买盘
675,13:33:29,10.0,--,10,10000,卖盘
676,13:33:25,10.0,-0.01,3,3000,卖盘
677,13:33:20,10.01,0.01,9,9009,买盘
678,13:33:14,10.0,-0.01,6,6000,卖盘
679,13:33:05,10.01,0.01,21,21021,买盘
680,13:32:54,10.0,-0.01,1,1000,卖盘
681,13:32:44,10.01,--,59,59059,卖盘
682,13:32:39,10.01,--,1,1001,卖盘
683,13:32:24,10.01,0.01,45,45045,买盘
684,13:32:19,10.0,0.01,22,22000,买盘
685,13:32:04,9.99,--,56,56213,买盘
686,13:31:49,9.99,--,20,19980,买盘
687,13:31:44,9.99,0.01,32,31968,买盘
688,13:31:29,9.98,-0.01,10,9980,卖盘
689,13:31:19,9.99,--,42,41958,买盘
690,13:31:14,9.99,0.01,40,39960,买盘
691,13:30:59,9.98,--,21,20958,卖盘
692,13:30:54,9.98,-0.01,205,204590,卖盘
693,13:30:44,9.99,--,27,26973,买盘
694,13:30:39,9.99,--,10,9990,买盘
695,13:30:29,9.99,-0.01,262,262467,卖盘
696,13:30:24,10.0,--,20,20000,卖盘
697,13:30:04,10.0,--,78,78270,买盘
698,13:29:54,10.0,0.01,1,1000,买盘
699,13:29:39,9.99,-0.01,14,13986,卖盘
700,13:29:14,10.0,--,21,21000,买盘
701,13:28:59,10.0,0.01,20,20000,买盘
702,13:28:49,9.99,--,1,999,卖盘
703,13:28:29,9.99,-0.01,16,15984,卖盘
704,13:28:24,10.0,--,1,1000,买盘
705,13:28:09,10.0,--,1,1000,买盘
706,13:27:59,10.0,-0.01,7,7730,卖盘
707,13:27:54,10.01,0.01,10,10010,买盘
708,13:27:44,10.0,--,260,260000,卖盘
709,13:27:19,10.0,--,3,3000,卖盘
710,13:27:14,10.0,-0.01,3,3000,卖盘
711,13:26:59,10.01,0.01,48,48048,买盘
712,13:26:38,10.0,--,7,7000,卖盘
713,13:26:24,10.0,-0.01,105,105000,卖盘
714,13:26:04,10.01,--,50,50050,卖盘
715,13:25:53,10.01,--,4,4004,卖盘
716,13:25:38,10.01,--,14,14014,卖盘
717,13:24:48,10.01,-0.01,2,2002,卖盘
718,13:24:33,10.02,--,1,1002,买盘
719,13:24:23,10.02,-0.02,10,10020,买盘
720,13:24:08,10.04,--,0,0,买盘
721,13:23:58,10.04,0.02,155,155620,买盘
722,13:23:28,10.02,--,1,1002,卖盘
723,13:23:23,10.02,--,9,9018,买盘
724,13:23:18,10.02,0.01,21,21042,买盘
725,13:22:53,10.01,-0.01,23,23023,卖盘
726,13:22:43,10.02,0.01,4,4008,买盘
727,13:22:33,10.01,-0.01,25,25025,卖盘
728,13:22:23,10.02,0.01,10,10020,买盘
729,13:22:03,10.01,--,2,2002,卖盘
730,13:21:58,10.01,--,35,35035,买盘
731,13:21:38,10.01,--,6,6006,买盘
732,13:21:23,10.01,0.01,5,5005,买盘
733,13:21:18,10.0,--,60,60000,卖盘
734,13:21:08,10.0,--,208,208000,卖盘
735,13:20:53,10.0,--,50,50000,卖盘
736,13:20:33,10.0,-0.01,2,2000,卖盘
737,13:20:18,10.01,--,100,100100,买盘
738,13:20:03,10.01,--,122,122122,卖盘
739,13:19:38,10.01,0.01,78,78078,买盘
740,13:19:32,10.0,-0.01,2,2000,卖盘
741,13:19:17,10.01,--,8,8008,买盘
742,13:18:47,10.01,--,5,5005,卖盘
743,13:18:23,10.01,--,57,57057,卖盘
744,13:18:17,10.01,--,4,4004,卖盘
745,13:17:43,10.01,-0.01,25,25025,卖盘
746,13:17:38,10.02,0.01,1,1002,买盘
747,13:17:32,10.01,-0.01,15,15015,卖盘
748,13:17:23,10.02,-0.01,4,4008,卖盘
749,13:17:17,10.03,--,120,120359,买盘
750,13:17:13,10.03,0.02,210,210630,买盘
751,13:17:02,10.01,--,2,2002,卖盘
752,13:16:43,10.01,--,2,2002,卖盘
753,13:16:37,10.01,-0.01,6,6006,卖盘
754,13:16:27,10.02,--,19,19038,买盘
755,13:16:17,10.02,--,21,21042,买盘
756,13:16:12,10.02,--,10,10020,买盘
757,13:15:47,10.02,--,27,27054,卖盘
758,13:15:32,10.02,--,3,3006,卖盘
759,13:15:02,10.02,0.01,20,20040,买盘
760,13:14:52,10.01,--,8,8008,卖盘
761,13:14:42,10.01,-0.01,4,4004,卖盘
762,13:14:37,10.02,--,1,1002,卖盘
763,13:14:32,10.02,0.01,4,4008,卖盘
764,13:14:17,10.01,--,0,0,卖盘
765,13:14:07,10.01,--,0,0,卖盘
766,13:14:02,10.01,-0.01,17,17017,卖盘
767,13:13:57,10.02,0.01,3,3006,买盘
768,13:13:47,10.01,-0.01,11,11011,卖盘
769,13:13:42,10.02,--,2,2004,卖盘
770,13:13:32,10.02,0.01,1,1002,中性盘
771,13:13:22,10.01,-0.03,19,19019,卖盘
772,13:13:17,10.04,0.03,186,186743,买盘
773,13:12:37,10.01,--,3,3003,卖盘
774,13:12:22,10.01,--,17,17017,卖盘
775,13:12:17,10.01,--,1,1001,卖盘
776,13:12:11,10.01,--,60,60060,卖盘
777,13:11:56,10.01,--,50,50050,卖盘
778,13:11:52,10.01,--,0,0,卖盘
779,13:11:41,10.01,--,45,45045,卖盘
780,13:11:37,10.01,--,10,10010,卖盘
781,13:11:32,10.01,--,9,9009,卖盘
782,13:11:11,10.01,-0.02,14,14014,卖盘
783,13:11:07,10.03,--,5,5015,买盘
784,13:11:02,10.03,--,4,4011,买盘
785,13:10:52,10.03,--,1,1002,买盘
786,13:10:31,10.03,0.02,30,30089,买盘
787,13:10:22,10.01,-0.02,7,7007,卖盘
788,13:10:11,10.03,0.02,11,11033,买盘
789,13:09:36,10.01,0.01,6,6006,买盘
790,13:09:31,10.0,--,0,0,卖盘
791,13:09:26,10.0,-0.01,44,44000,卖盘
792,13:09:21,10.01,--,1,1001,买盘
793,13:09:07,10.01,--,8,8008,买盘
794,13:08:56,10.01,--,10,10010,买盘
795,13:08:21,10.01,-0.02,1,1001,卖盘
796,13:08:11,10.03,--,60,60179,买盘
797,13:07:36,10.03,0.03,20,20060,买盘
798,13:07:21,10.0,--,0,0,卖盘
799,13:07:16,10.0,-0.02,2,2000,卖盘
800,13:07:11,10.02,0.02,19,19038,买盘
801,13:06:46,10.0,--,12,12000,卖盘
802,13:06:41,10.0,--,2,2000,卖盘
803,13:06:31,10.0,-0.01,0,270,卖盘
804,13:06:11,10.01,--,0,0,买盘
805,13:06:06,10.01,0.01,5,5005,买盘
806,13:05:05,10.0,--,10,10000,卖盘
807,13:04:56,10.0,-0.01,67,67000,卖盘
808,13:04:50,10.01,0.01,9,9009,买盘
809,13:04:46,10.0,--,10,10000,卖盘
810,13:04:41,10.0,--,1,1000,卖盘
811,13:04:26,10.0,--,2,2000,卖盘
812,13:04:20,10.0,-0.01,65,65000,卖盘
813,13:04:05,10.01,--,2,2002,买盘
814,13:03:55,10.01,0.01,1,1001,买盘
815,13:03:50,10.0,--,10,10000,卖盘
816,13:03:30,10.0,-0.01,2,2000,卖盘
817,13:03:16,10.01,--,10,10010,买盘
818,13:02:46,10.01,--,166,166166,卖盘
819,13:02:05,10.01,-0.02,20,20020,卖盘
820,13:01:25,10.03,--,13,13039,买盘
821,13:01:15,10.03,0.02,1,1002,买盘
822,13:01:05,10.01,-0.01,84,84084,卖盘
823,13:01:00,10.02,0.01,3,3006,买盘
824,13:00:50,10.01,--,1,1001,卖盘
825,13:00:35,10.01,-0.01,15,15015,卖盘
826,13:00:25,10.02,0.01,2,2004,买盘
827,13:00:10,10.01,--,2,2002,卖盘
828,13:00:05,10.01,--,230,230230,卖盘
829,11:30:00,10.01,--,0,0,卖盘
830,11:29:59,10.01,--,0,0,卖盘
831,11:29:56,10.01,--,6,6006,买盘
832,11:29:46,10.01,--,2,2002,买盘
833,11:29:36,10.01,0.01,1,1001,买盘
834,11:28:56,10.0,-0.01,6,6000,卖盘
835,11:28:51,10.01,--,58,58058,买盘
836,11:28:41,10.01,0.01,4,4004,买盘
837,11:28:36,10.0,-0.01,3,3000,卖盘
838,11:28:26,10.01,--,30,30030,卖盘
839,11:28:11,10.01,--,2,2002,卖盘
840,11:27:56,10.01,-0.01,5,5005,卖盘
841,11:27:50,10.02,0.01,1,1002,买盘
842,11:27:41,10.01,--,5,5005,卖盘
843,11:27:25,10.01,0.01,49,49049,买盘
844,11:27:20,10.0,-0.01,8,8000,卖盘
845,11:27:11,10.01,0.01,15,15015,买盘
846,11:27:01,10.0,--,9,9000,卖盘
847,11:26:51,10.0,-0.01,1,1000,卖盘
848,11:26:06,10.01,-0.01,2,2002,买盘
849,11:25:56,10.02,--,0,0,买盘
850,11:25:46,10.02,--,2,2004,买盘
851,11:25:41,10.02,--,200,200400,买盘
852,11:25:20,10.02,--,97,97194,卖盘
853,11:25:06,10.02,-0.01,5,5010,卖盘
854,11:25:01,10.03,--,10,10030,买盘
855,11:24:55,10.03,0.01,9,9027,买盘
856,11:24:50,10.02,--,13,13026,卖盘
857,11:24:41,10.02,0.04,85,85170,买盘
858,11:24:36,9.98,-0.02,7,6986,卖盘
859,11:24:21,10.0,0.02,1,1000,买盘
860,11:24:11,9.98,--,32,31936,卖盘
861,11:24:05,9.98,--,5,4990,卖盘
862,11:23:50,9.98,--,7,6986,买盘
863,11:23:40,9.98,--,5,4990,买盘
864,11:23:35,9.98,--,16,15968,买盘
865,11:23:29,9.98,--,10,9980,买盘
866,11:23:25,9.98,--,5,4990,买盘
867,11:23:20,9.98,--,11,10978,买盘
868,11:23:10,9.98,-0.02,66,65868,卖盘
869,11:22:50,10.0,0.02,1,1000,买盘
870,11:22:40,9.98,-0.02,25,24950,卖盘
871,11:22:29,10.0,0.02,1,1000,买盘
872,11:22:20,9.98,--,8,7984,卖盘
873,11:22:15,9.98,--,10,9980,卖盘
874,11:21:54,9.98,-0.02,10,9980,卖盘
875,11:21:45,10.0,--,6,6000,买盘
876,11:21:29,10.0,--,6,6000,卖盘
877,11:21:20,10.0,--,53,53000,卖盘
878,11:21:10,10.0,-0.01,9,9000,卖盘
879,11:21:04,10.01,0.01,23,23023,买盘
880,11:20:50,10.0,--,97,97000,卖盘
881,11:20:45,10.0,--,19,19000,卖盘
882,11:20:39,10.0,--,1,1000,卖盘
883,11:20:30,10.0,--,14,14000,卖盘
884,11:20:20,10.0,--,102,102000,买盘
885,11:20:05,10.0,--,4,4000,买盘
886,11:19:50,10.0,--,1,1000,买盘
887,11:19:40,10.0,--,21,21000,卖盘
888,11:19:34,10.0,-0.01,5,5000,卖盘
889,11:19:29,10.01,--,1,1001,买盘
890,11:18:35,10.01,--,4,4004,卖盘
891,11:18:25,10.01,--,4,4004,卖盘
892,11:18:20,10.01,--,10,10010,卖盘
893,11:18:04,10.01,0.01,20,20020,买盘
894,11:17:50,10.0,--,5,5000,卖盘
895,11:17:44,10.0,--,10,10000,卖盘
896,11:17:34,10.0,0.01,272,272000,买盘
897,11:17:25,9.99,-0.01,18,17982,买盘
898,11:17:04,10.0,0.01,151,151000,买盘
899,11:16:49,9.99,--,26,25974,卖盘
900,11:16:29,9.99,-0.01,9,8991,卖盘
901,11:16:19,10.0,--,1,1000,买盘
902,11:16:08,10.0,--,1,1000,卖盘
903,11:16:04,10.0,--,8,8000,卖盘
904,11:15:53,10.0,--,10,10000,卖盘
905,11:15:29,10.0,--,8,8000,卖盘
906,11:15:23,10.0,--,5,5000,买盘
907,11:15:04,10.0,--,0,0,中性盘
908,11:14:59,10.0,--,278,278000,买盘
909,11:14:53,10.0,--,2,2000,买盘
910,11:14:48,10.0,0.01,5,5000,买盘
911,11:14:44,9.99,-0.01,9,8991,卖盘
912,11:14:38,10.0,--,15,15000,买盘
913,11:14:33,10.0,--,3,3000,买盘
914,11:14:13,10.0,--,14,14000,买盘
915,11:13:53,10.0,--,10,10000,买盘
916,11:13:38,10.0,--,9,9000,卖盘
917,11:13:34,10.0,-0.01,10,10000,卖盘
918,11:13:29,10.01,0.01,20,20020,买盘
919,11:13:08,10.0,--,104,104000,卖盘
920,11:12:53,10.0,--,21,21000,卖盘
921,11:12:43,10.0,--,7,7000,卖盘
922,11:12:38,10.0,-0.01,4,4000,卖盘
923,11:12:34,10.01,--,1,1001,买盘
924,11:12:28,10.01,--,20,20020,买盘
925,11:12:23,10.01,--,5,5005,卖盘
926,11:12:18,10.01,--,1,1001,卖盘
927,11:12:13,10.01,-0.01,4,4004,买盘
928,11:11:58,10.02,--,0,0,买盘
929,11:11:53,10.02,--,32,32064,买盘
930,11:11:48,10.02,-0.01,34,34068,卖盘
931,11:11:43,10.03,--,42,42126,卖盘
932,11:11:38,10.03,0.01,25,25075,买盘
933,11:11:28,10.02,0.02,8,8016,买盘
934,11:11:23,10.0,-0.02,20,20000,卖盘
935,11:11:13,10.02,0.02,1,1002,买盘
936,11:10:58,10.0,--,35,35000,买盘
937,11:10:53,10.0,0.01,8,8000,买盘
938,11:10:38,9.99,--,3,2997,卖盘
939,11:10:33,9.99,--,19,18981,买盘
940,11:10:23,9.99,0.01,1,999,买盘
941,11:10:18,9.98,0.01,74,73852,买盘
942,11:10:13,9.97,-0.01,8,7976,中性盘
943,11:10:08,9.98,--,210,209580,买盘
944,11:10:02,9.98,0.02,71,70858,买盘
945,11:09:43,9.96,-0.01,9,8964,卖盘
946,11:09:17,9.97,-0.01,10,9970,卖盘
947,11:09:08,9.98,0.01,20,19960,买盘
948,11:08:53,9.97,0.01,4,3988,中性盘
949,11:08:47,9.96,-0.02,56,55776,卖盘
950,11:08:43,9.98,0.02,1,998,买盘
951,11:08:38,9.96,-0.02,25,24900,卖盘
952,11:08:32,9.98,--,220,219809,买盘
953,11:08:28,9.98,0.01,13,12974,买盘
954,11:08:23,9.97,0.01,39,38883,中性盘
955,11:08:17,9.96,-0.01,12,11952,卖盘
956,11:08:08,9.97,0.01,15,14955,中性盘
957,11:08:02,9.96,--,29,28884,卖盘
958,11:07:53,9.96,-0.02,8,7968,卖盘
959,11:07:47,9.98,0.01,3,2994,买盘
960,11:07:32,9.97,0.01,22,21934,买盘
961,11:07:28,9.96,--,5,4980,卖盘
962,11:07:17,9.96,--,10,9960,卖盘
963,11:07:13,9.96,--,9,8964,买盘
964,11:07:08,9.96,--,14,13944,买盘
965,11:07:02,9.96,--,64,63744,卖盘
966,11:06:52,9.96,--,10,9960,卖盘
967,11:06:47,9.96,--,20,19920,买盘
968,11:06:42,9.96,--,8,7968,买盘
969,11:06:37,9.96,--,46,45816,卖盘
970,11:06:32,9.96,--,10,9960,卖盘
971,11:06:22,9.96,-0.01,3,2988,卖盘
972,11:06:17,9.97,0.01,4,3988,买盘
973,11:06:12,9.96,--,14,13944,卖盘
974,11:06:07,9.96,--,18,17928,卖盘
975,11:05:43,9.96,-0.01,5,4980,卖盘
976,11:05:37,9.97,--,23,22931,买盘
977,11:05:32,9.97,--,0,0,买盘
978,11:05:27,9.97,0.02,11,10967,买盘
979,11:05:22,9.95,-0.02,8,7959,中性盘
980,11:05:17,9.97,0.01,438,436686,买盘
981,11:05:07,9.96,-0.01,22,21912,卖盘
982,11:05:02,9.97,0.01,55,54835,买盘
983,11:04:58,9.96,-0.01,7,6972,卖盘
984,11:04:52,9.97,0.01,1,997,买盘
985,11:04:47,9.96,--,3,2988,卖盘
986,11:04:43,9.96,--,6,5976,卖盘
987,11:04:37,9.96,--,2,1992,买盘
988,11:04:32,9.96,--,10,9960,买盘
989,11:04:28,9.96,--,5,4980,买盘
990,11:04:22,9.96,--,10,9960,买盘
991,11:04:17,9.96,0.01,21,20916,买盘
992,11:04:12,9.95,--,1,994,卖盘
993,11:04:07,9.95,--,11,10945,卖盘
994,11:04:02,9.95,0.01,162,161190,买盘
995,11:03:52,9.94,-0.01,107,107302,卖盘
996,11:03:47,9.95,0.01,84,83580,买盘
997,11:03:42,9.94,-0.01,24,23856,卖盘
998,11:03:37,9.95,--,80,79600,买盘
999,11:03:32,9.95,--,21,20895,买盘
1000,11:03:26,9.95,--,2,1989,买盘
1001,11:03:22,9.95,--,11,10945,买盘
1002,11:03:17,9.95,--,101,100495,买盘
1003,11:03:11,9.95,--,14,13929,买盘
1004,11:03:07,9.95,--,544,541280,卖盘
1005,11:03:02,9.95,-0.01,285,283575,卖盘
1006,11:02:56,9.96,-0.01,20,19920,卖盘
1007,11:02:52,9.97,0.01,69,68793,买盘
1008,11:02:47,9.96,--,85,84660,卖盘
1009,11:02:41,9.96,--,23,22908,卖盘
1010,11:02:37,9.96,--,69,68724,买盘
1011,11:02:32,9.96,--,1,996,买盘
1012,11:02:26,9.96,0.01,29,28884,买盘
1013,11:02:22,9.95,-0.01,46,45770,卖盘
1014,11:02:17,9.96,0.01,20,19920,买盘
1015,11:02:11,9.95,-0.01,305,303475,卖盘
1016,11:02:07,9.96,0.01,33,32868,买盘
1017,11:02:02,9.95,-0.01,57,56714,卖盘
1018,11:01:52,9.96,0.01,5,4980,买盘
1019,11:01:47,9.95,-0.01,59,58704,卖盘
1020,11:01:41,9.96,--,70,69720,卖盘
1021,11:01:37,9.96,--,5,4980,卖盘
1022,11:01:32,9.96,--,150,149400,买盘
1023,11:01:26,9.96,--,501,498996,卖盘
1024,11:01:17,9.96,--,32,31872,卖盘
1025,11:01:11,9.96,--,68,67728,卖盘
1026,11:01:07,9.96,-0.01,32,31872,卖盘
1027,11:01:02,9.97,0.01,34,33898,买盘
1028,11:00:56,9.96,--,9,8964,卖盘
1029,11:00:52,9.96,-0.02,21,20916,卖盘
1030,11:00:47,9.98,0.02,500,499000,买盘
1031,11:00:41,9.96,-0.01,517,514932,卖盘
1032,11:00:37,9.97,--,168,167496,卖盘
1033,11:00:32,9.97,--,615,613155,卖盘
1034,11:00:26,9.97,-0.01,42,41874,卖盘
1035,11:00:22,9.98,--,19,18962,买盘
1036,11:00:16,9.98,0.01,11,10978,买盘
1037,11:00:11,9.97,--,18,17946,卖盘
1038,11:00:07,9.97,-0.01,7,6979,卖盘
1039,11:00:02,9.98,--,6,5988,买盘
1040,10:59:56,9.98,0.01,9,8982,买盘
1041,10:59:51,9.97,-0.01,5,4985,卖盘
1042,10:59:46,9.98,--,8,7984,买盘
1043,10:59:41,9.98,--,10,9980,买盘
1044,10:59:36,9.98,--,4,3992,买盘
1045,10:59:31,9.98,0.01,43,42914,买盘
1046,10:59:26,9.97,--,48,47856,卖盘
1047,10:59:16,9.97,-0.01,109,108673,卖盘
1048,10:59:06,9.98,0.01,10,9980,买盘
1049,10:58:46,9.97,--,106,105682,买盘
1050,10:58:41,9.97,--,56,55832,买盘
1051,10:58:36,9.97,--,49,48853,买盘
1052,10:58:31,9.97,--,54,53838,买盘
1053,10:58:26,9.97,--,23,22931,买盘
1054,10:58:22,9.97,0.01,44,43868,买盘
1055,10:58:16,9.96,-0.01,99,98604,卖盘
1056,10:58:11,9.97,--,8,7976,买盘
1057,10:58:06,9.97,--,5,4985,买盘
1058,10:57:56,9.97,0.01,90,89730,买盘
1059,10:57:46,9.96,--,85,84660,卖盘
1060,10:57:41,9.96,--,260,258960,买盘
1061,10:57:36,9.96,--,25,24900,买盘
1062,10:57:31,9.96,--,249,248004,卖盘
1063,10:57:26,9.96,-0.01,4,3984,卖盘
1064,10:57:20,9.97,--,63,62811,买盘
1065,10:57:16,9.97,--,79,78763,买盘
1066,10:57:11,9.97,--,103,102691,买盘
1067,10:57:07,9.97,--,36,35892,买盘
1068,10:57:01,9.97,--,223,222331,买盘
1069,10:56:56,9.97,--,119,118643,卖盘
1070,10:56:50,9.97,--,0,0,卖盘
1071,10:56:41,9.97,-0.03,10,9970,卖盘
1072,10:56:35,10.0,0.03,56,56000,买盘
1073,10:56:31,9.97,--,52,51844,买盘
1074,10:56:26,9.97,--,32,31904,买盘
1075,10:56:20,9.97,--,54,53838,买盘
1076,10:56:16,9.97,--,55,54835,买盘
1077,10:56:11,9.97,--,42,41874,买盘
1078,10:56:05,9.97,--,12,11964,买盘
1079,10:56:01,9.97,--,273,272181,买盘
1080,10:55:56,9.97,-0.01,522,520434,卖盘
1081,10:55:46,9.98,--,118,117764,买盘
1082,10:55:41,9.98,--,262,261476,买盘
1083,10:55:35,9.98,0.01,174,173652,买盘
1084,10:55:31,9.97,--,77,76769,卖盘
1085,10:55:26,9.97,-0.01,101,100697,卖盘
1086,10:55:20,9.98,0.01,234,233532,买盘
1087,10:55:16,9.97,-0.01,35,34895,卖盘
1088,10:55:11,9.98,0.01,65,64870,买盘
1089,10:55:05,9.97,-0.01,282,281154,卖盘
1090,10:55:01,9.98,-0.02,8,7984,卖盘
1091,10:54:56,10.0,--,92,92000,买盘
1092,10:54:50,10.0,0.02,511,511000,买盘
1093,10:54:46,9.98,--,12,11976,卖盘
1094,10:54:41,9.98,-0.01,50,49900,卖盘
1095,10:54:35,9.99,0.02,303,302697,买盘
1096,10:54:31,9.97,-0.01,7,6979,卖盘
1097,10:54:26,9.98,--,42,41916,买盘
1098,10:54:20,9.98,--,54,53892,买盘
1099,10:54:11,9.98,--,55,54890,买盘
1100,10:54:05,9.98,--,40,39920,买盘
1101,10:54:01,9.98,--,33,32934,买盘
1102,10:53:56,9.98,0.01,3,2994,买盘
1103,10:53:50,9.97,-0.01,91,90727,卖盘
1104,10:53:46,9.98,--,4,3992,买盘
1105,10:53:41,9.98,-0.01,10,9980,卖盘
1106,10:53:35,9.99,0.01,120,119880,买盘
1107,10:53:31,9.98,--,3,2994,卖盘
1108,10:53:26,9.98,--,15,14970,卖盘
1109,10:53:20,9.98,-0.01,13,12974,卖盘
1110,10:53:16,9.99,0.01,8,7992,买盘
1111,10:53:11,9.98,-0.01,158,157684,卖盘
1112,10:53:05,9.99,--,10,9990,买盘
1113,10:53:01,9.99,--,105,104895,买盘
1114,10:52:56,9.99,-0.01,278,277722,卖盘
1115,10:52:50,10.0,0.01,30,30000,买盘
1116,10:52:40,9.99,-0.01,38,37962,卖盘
1117,10:52:35,10.0,0.01,13,13000,买盘
1118,10:52:30,9.99,--,10,9990,卖盘
1119,10:52:26,9.99,0.01,54,53946,买盘
1120,10:52:20,9.98,-0.01,285,284430,卖盘
1121,10:52:10,9.99,--,7,6993,买盘
1122,10:52:05,9.99,--,93,92907,卖盘
1123,10:51:55,9.99,--,59,58941,卖盘
1124,10:51:50,9.99,-0.01,10,9990,卖盘
1125,10:51:45,10.0,0.01,1,1000,买盘
1126,10:51:40,9.99,-0.01,20,19980,卖盘
1127,10:51:35,10.0,--,32,32000,买盘
1128,10:51:31,10.0,--,25,25000,买盘
1129,10:51:25,10.0,-0.04,2330,2330750,卖盘
1130,10:51:20,10.04,--,12,12047,卖盘
1131,10:51:05,10.04,0.01,52,52207,买盘
1132,10:50:55,10.03,--,21,21063,卖盘
1133,10:50:50,10.03,--,2,2005,卖盘
1134,10:50:25,10.03,-0.01,11,11033,卖盘
1135,10:50:14,10.04,--,14,14055,卖盘
1136,10:50:10,10.04,-0.01,8,8031,卖盘
1137,10:50:00,10.05,--,5,5025,买盘
1138,10:49:44,10.05,--,0,0,买盘
1139,10:49:40,10.05,0.01,310,311550,买盘
1140,10:49:29,10.04,--,1,1003,买盘
1141,10:49:25,10.04,-0.01,23,23091,卖盘
1142,10:49:10,10.05,--,592,594960,买盘
1143,10:48:55,10.05,--,9,9045,买盘
1144,10:48:44,10.05,0.01,121,121605,买盘
1145,10:48:40,10.04,-0.01,22,22087,卖盘
1146,10:48:29,10.05,0.01,2,2010,买盘
1147,10:48:20,10.04,--,4,4015,卖盘
1148,10:48:14,10.04,0.01,18,18072,买盘
1149,10:48:10,10.03,-0.01,21,21063,卖盘
1150,10:48:05,10.04,--,25,25099,买盘
1151,10:47:59,10.04,0.01,12,12047,买盘
1152,10:47:55,10.03,-0.01,24,24072,卖盘
1153,10:47:50,10.04,--,88,88351,买盘
1154,10:47:44,10.04,--,16,16063,买盘
1155,10:47:40,10.04,--,1,1003,买盘
1156,10:47:35,10.04,0.01,28,28111,买盘
1157,10:47:25,10.03,-0.01,17,17051,卖盘
1158,10:47:20,10.04,--,46,46183,买盘
1159,10:47:14,10.04,--,39,39156,买盘
1160,10:47:10,10.04,--,10,10040,买盘
1161,10:47:05,10.04,--,86,86343,买盘
1162,10:46:59,10.04,--,60,60239,买盘
1163,10:46:50,10.04,--,15,15059,买盘
1164,10:46:44,10.04,--,10,10040,买盘
1165,10:46:40,10.04,0.01,9,9036,买盘
1166,10:46:35,10.03,-0.01,56,56168,卖盘
1167,10:46:29,10.04,0.01,1,1003,买盘
1168,10:46:25,10.03,--,15,15044,卖盘
1169,10:46:20,10.03,--,15,15044,卖盘
1170,10:46:14,10.03,-0.01,5,5015,卖盘
1171,10:46:10,10.04,--,2,2007,买盘
1172,10:46:05,10.04,0.01,27,27107,买盘
1173,10:45:59,10.03,-0.01,34,34102,中性盘
1174,10:45:54,10.04,0.02,15,15059,买盘
1175,10:45:50,10.02,-0.02,2,2004,卖盘
1176,10:45:20,10.04,-0.01,15,15059,卖盘
1177,10:45:04,10.05,-0.03,5,5025,卖盘
1178,10:44:59,10.08,--,0,0,买盘
1179,10:44:50,10.08,0.04,20,20160,买盘
1180,10:44:44,10.04,0.04,10,10040,中性盘
1181,10:44:39,10.0,-0.05,1150,1150000,卖盘
1182,10:44:34,10.05,0.01,1,1005,买盘
1183,10:44:29,10.04,-0.04,9,9036,卖盘
1184,10:44:19,10.08,0.04,3,3024,买盘
1185,10:44:14,10.04,-0.01,50,50199,卖盘
1186,10:44:09,10.05,0.02,5,5025,卖盘
1187,10:44:04,10.03,--,0,0,卖盘
1188,10:43:59,10.03,-0.05,1,1002,卖盘
1189,10:43:49,10.08,--,44,44352,卖盘
1190,10:43:44,10.08,0.05,5,5040,中性盘
1191,10:43:39,10.03,--,15,15044,卖盘
1192,10:43:34,10.03,0.01,15,15044,卖盘
1193,10:43:29,10.02,--,18,18036,卖盘
1194,10:43:24,10.02,--,27,27054,卖盘
1195,10:43:19,10.02,0.01,24,24048,中性盘
1196,10:43:14,10.01,--,3,3003,卖盘
1197,10:43:08,10.01,-0.1,2006,2008006,卖盘
1198,10:43:04,10.11,--,8,8088,卖盘
1199,10:42:59,10.11,-0.01,31,31341,卖盘
1200,10:42:53,10.12,--,10,10120,买盘
1201,10:42:19,10.12,0.01,23,23276,买盘
1202,10:42:08,10.11,--,9,9099,卖盘
1203,10:41:59,10.11,0.01,6,6066,卖盘
1204,10:41:44,10.1,-0.02,10,10100,卖盘
1205,10:41:19,10.12,0.02,84,85008,买盘
1206,10:41:14,10.1,--,10,10100,买盘
1207,10:41:08,10.1,--,3,3030,买盘
1208,10:41:04,10.1,--,131,132310,卖盘
1209,10:40:59,10.1,-0.03,200,202000,卖盘
1210,10:40:53,10.13,0.03,27,27351,买盘
1211,10:40:44,10.1,-0.01,8,8080,卖盘
1212,10:40:38,10.11,-0.02,13,13143,卖盘
1213,10:40:34,10.13,0.02,3,3039,买盘
1214,10:40:29,10.11,--,2,2022,卖盘
1215,10:40:23,10.11,-0.02,8,8088,卖盘
1216,10:40:14,10.13,--,0,0,买盘
1217,10:39:59,10.13,0.03,1,1013,买盘
1218,10:39:53,10.1,-0.01,200,202000,卖盘
1219,10:39:49,10.11,-0.02,5,5055,卖盘
1220,10:39:38,10.13,0.03,483,489279,买盘
1221,10:39:34,10.1,--,9,9090,卖盘
1222,10:39:29,10.1,--,65,65650,卖盘
1223,10:39:23,10.1,--,50,50500,卖盘
1224,10:39:08,10.1,-0.01,5,5050,卖盘
1225,10:39:04,10.11,--,2,2022,买盘
1226,10:38:59,10.11,--,38,38418,买盘
1227,10:38:49,10.11,-0.01,179,180969,卖盘
1228,10:38:23,10.12,-0.01,11,11132,卖盘
1229,10:38:14,10.13,0.01,1,1013,买盘
1230,10:38:08,10.12,-0.01,8,8095,卖盘
1231,10:37:53,10.13,--,18,18234,卖盘
1232,10:37:38,10.13,--,1,1013,卖盘
1233,10:37:33,10.13,0.01,11,11143,买盘
1234,10:37:23,10.12,--,20,20240,卖盘
1235,10:37:18,10.12,--,10,10120,卖盘
1236,10:37:08,10.12,--,7,7083,卖盘
1237,10:37:03,10.12,-0.01,14,14167,卖盘
1238,10:36:58,10.13,--,53,53689,买盘
1239,10:36:43,10.13,--,55,55715,买盘
1240,10:36:38,10.13,0.01,1,1013,买盘
1241,10:36:28,10.12,--,6,6071,卖盘
1242,10:36:23,10.12,--,5,5060,卖盘
1243,10:35:43,10.12,-0.01,8,8095,卖盘
1244,10:35:38,10.13,--,9,9117,买盘
1245,10:35:07,10.13,-0.01,5,5065,卖盘
1246,10:35:02,10.14,0.02,2,2028,买盘
1247,10:34:58,10.12,--,0,0,卖盘
1248,10:34:52,10.12,-0.01,8,8095,卖盘
1249,10:34:37,10.13,--,10,10130,卖盘
1250,10:34:32,10.13,0.01,24,24312,买盘
1251,10:34:28,10.12,-0.01,10,10120,卖盘
1252,10:34:22,10.13,0.01,4,4052,买盘
1253,10:34:17,10.12,--,72,72864,卖盘
1254,10:34:13,10.12,0.01,11,11132,买盘
1255,10:34:07,10.11,-0.01,33,33363,卖盘
1256,10:34:02,10.12,0.01,2,2023,买盘
1257,10:33:47,10.11,-0.01,20,20220,卖盘
1258,10:33:37,10.12,--,6,6071,买盘
1259,10:33:28,10.12,0.01,1,1011,买盘
1260,10:33:22,10.11,--,32,32352,卖盘
1261,10:33:17,10.11,-0.01,10,10110,卖盘
1262,10:33:13,10.12,--,8,8095,买盘
1263,10:33:07,10.12,--,3,3035,买盘
1264,10:33:02,10.12,--,5,5060,买盘
1265,10:32:42,10.12,--,10,10120,买盘
1266,10:32:28,10.12,-0.01,32,32383,卖盘
1267,10:32:22,10.13,0.01,114,115482,买盘
1268,10:32:17,10.12,--,3,3035,卖盘
1269,10:32:13,10.12,-0.01,28,28335,卖盘
1270,10:32:02,10.13,0.01,11,11143,买盘
1271,10:31:47,10.12,--,6,6071,卖盘
1272,10:31:42,10.12,--,5,5060,卖盘
1273,10:31:37,10.12,-0.01,25,25299,卖盘
1274,10:31:32,10.13,--,3,3039,买盘
1275,10:31:22,10.13,--,1,1013,买盘
1276,10:31:07,10.13,--,15,15195,卖盘
1277,10:31:02,10.13,-0.01,8,8104,卖盘
1278,10:30:57,10.14,0.01,1,1014,买盘
1279,10:30:52,10.13,-0.01,28,28364,卖盘
1280,10:30:37,10.14,0.01,10,10140,买盘
1281,10:30:27,10.13,--,30,30390,卖盘
1282,10:30:22,10.13,--,20,20260,卖盘
1283,10:30:17,10.13,0.01,124,125612,买盘
1284,10:30:07,10.12,--,104,105247,买盘
1285,10:30:02,10.12,0.01,13,13155,买盘
1286,10:29:56,10.11,--,8,8088,卖盘
1287,10:29:52,10.11,--,10,10110,卖盘
1288,10:29:47,10.11,--,1,1011,卖盘
1289,10:29:37,10.11,--,77,78767,买盘
1290,10:29:32,10.11,--,10,10110,买盘
1291,10:29:17,10.11,0.01,2,2022,买盘
1292,10:29:01,10.1,-0.01,6,6060,卖盘
1293,10:28:52,10.11,0.01,2,2022,买盘
1294,10:28:46,10.1,--,3,3030,卖盘
1295,10:28:41,10.1,--,1,1010,卖盘
1296,10:28:37,10.1,-0.01,29,29290,卖盘
1297,10:28:31,10.11,0.01,1,1011,买盘
1298,10:28:16,10.1,-0.01,150,151500,卖盘
1299,10:28:11,10.11,--,25,25275,买盘
1300,10:27:56,10.11,0.01,23,23253,买盘
1301,10:27:46,10.1,--,8,8080,卖盘
1302,10:27:31,10.1,--,28,28280,卖盘
1303,10:27:26,10.1,--,50,50500,卖盘
1304,10:27:16,10.1,--,95,95950,卖盘
1305,10:27:11,10.1,-0.01,16,16160,卖盘
1306,10:27:07,10.11,0.01,10,10110,买盘
1307,10:26:56,10.1,--,18,18180,卖盘
1308,10:26:41,10.1,--,7,7070,卖盘
1309,10:26:31,10.1,--,40,40400,卖盘
1310,10:26:26,10.1,--,2,2020,卖盘
1311,10:26:16,10.1,--,100,101000,卖盘
1312,10:26:11,10.1,--,30,30300,卖盘
1313,10:26:06,10.1,-0.01,9,9090,卖盘
1314,10:25:56,10.11,0.01,1,1011,买盘
1315,10:25:41,10.1,-0.01,69,69690,卖盘
1316,10:25:31,10.11,0.01,20,20220,买盘
1317,10:25:26,10.1,--,9,9090,卖盘
1318,10:25:16,10.1,0.01,85,85850,买盘
1319,10:25:11,10.09,-0.01,13,13117,卖盘
1320,10:24:46,10.1,--,43,43430,卖盘
1321,10:24:41,10.1,--,70,70700,卖盘
1322,10:24:37,10.1,--,8,8080,卖盘
1323,10:24:31,10.1,--,32,32320,卖盘
1324,10:24:26,10.1,--,58,58580,卖盘
1325,10:24:21,10.1,--,2,2020,卖盘
1326,10:24:16,10.1,--,148,149480,卖盘
1327,10:24:11,10.1,--,24,24240,卖盘
1328,10:23:56,10.1,--,4,4040,卖盘
1329,10:23:51,10.1,-0.01,53,53530,卖盘
1330,10:23:46,10.11,--,13,13143,买盘
1331,10:23:41,10.11,--,33,33363,买盘
1332,10:23:36,10.11,--,3,3033,买盘
1333,10:23:21,10.11,--,28,28398,卖盘
1334,10:23:11,10.11,-0.01,8,8088,卖盘
1335,10:23:01,10.12,--,11,11132,买盘
1336,10:22:50,10.12,0.01,10,10120,买盘
1337,10:22:46,10.11,--,8,8088,卖盘
1338,10:22:26,10.11,--,2,2022,卖盘
1339,10:22:20,10.11,--,10,10110,卖盘
1340,10:22:05,10.11,--,8,8088,卖盘
1341,10:21:56,10.11,-0.01,9,9099,卖盘
1342,10:21:46,10.12,--,2,2023,卖盘
1343,10:21:41,10.12,0.01,1,1011,买盘
1344,10:21:15,10.11,-0.01,21,21231,卖盘
1345,10:21:10,10.12,--,2,2023,买盘
1346,10:21:05,10.12,0.01,1,1011,买盘
1347,10:20:50,10.11,--,37,37407,卖盘
1348,10:20:45,10.11,-0.02,8,8088,卖盘
1349,10:20:35,10.13,--,10,10130,买盘
1350,10:20:20,10.13,--,2,2026,买盘
1351,10:19:55,10.13,--,10,10130,买盘
1352,10:19:45,10.13,0.01,30,30390,买盘
1353,10:19:40,10.12,-0.01,40,40480,卖盘
1354,10:19:30,10.13,--,15,15195,卖盘
1355,10:19:25,10.13,--,53,53689,卖盘
1356,10:19:20,10.13,--,1,1013,卖盘
1357,10:19:15,10.13,--,45,45585,卖盘
1358,10:19:10,10.13,--,40,40520,买盘
1359,10:18:55,10.13,--,1,1013,买盘
1360,10:18:50,10.13,--,5,5065,买盘
1361,10:18:45,10.13,--,1,1013,买盘
1362,10:18:40,10.13,0.01,2,2026,买盘
1363,10:18:25,10.12,-0.01,5,5060,卖盘
1364,10:18:20,10.13,0.01,14,14182,买盘
1365,10:18:10,10.12,--,0,0,卖盘
1366,10:18:05,10.12,-0.01,11,11132,卖盘
1367,10:17:55,10.13,0.01,15,15195,买盘
1368,10:17:50,10.12,--,0,0,卖盘
1369,10:17:40,10.12,--,7,7083,卖盘
1370,10:17:35,10.12,--,43,43516,卖盘
1371,10:17:30,10.12,--,0,0,卖盘
1372,10:17:20,10.12,-0.01,17,17204,卖盘
1373,10:17:15,10.13,0.01,49,49637,买盘
1374,10:16:55,10.12,--,62,62743,卖盘
1375,10:16:50,10.12,--,20,20240,卖盘
1376,10:16:45,10.12,--,24,24287,卖盘
1377,10:16:40,10.12,--,9,9108,卖盘
1378,10:16:35,10.12,--,20,20240,卖盘
1379,10:16:20,10.12,0.02,117,119324,买盘
1380,10:16:05,10.1,-0.01,11,11110,卖盘
1381,10:15:55,10.11,--,3,3033,买盘
1382,10:15:50,10.11,0.01,20,20220,买盘
1383,10:15:45,10.1,-0.01,192,193920,卖盘
1384,10:15:40,10.11,--,46,46506,买盘
1385,10:15:35,10.11,--,126,127386,买盘
1386,10:15:30,10.11,-0.02,21,21321,卖盘
1387,10:15:25,10.13,0.02,7,7091,买盘
1388,10:15:20,10.11,--,37,37407,卖盘
1389,10:15:15,10.11,-0.02,9,9099,卖盘
1390,10:15:05,10.13,0.01,20,20260,买盘
1391,10:14:50,10.12,--,4,4047,卖盘
1392,10:14:45,10.12,--,5,5980,买盘
1393,10:14:40,10.12,--,7,7083,买盘
1394,10:14:35,10.12,--,2,2023,买盘
1395,10:14:19,10.12,--,11,11132,买盘
1396,10:14:15,10.12,--,0,0,买盘
1397,10:14:10,10.12,--,200,202399,买盘
1398,10:14:04,10.12,--,19,19228,买盘
1399,10:14:00,10.12,--,69,69919,卖盘
1400,10:13:55,10.12,--,10,10120,卖盘
1401,10:13:49,10.12,--,7,7083,卖盘
1402,10:13:34,10.12,--,115,116379,卖盘
1403,10:13:29,10.12,--,82,83176,卖盘
1404,10:13:19,10.12,--,43,43516,卖盘
1405,10:13:14,10.12,--,10,11101,卖盘
1406,10:13:09,10.12,--,9,9108,卖盘
1407,10:13:04,10.12,--,37,37444,卖盘
1408,10:12:59,10.12,0.03,118,120174,买盘
1409,10:12:34,10.09,--,0,0,卖盘
1410,10:12:29,10.09,-0.03,190,191710,卖盘
1411,10:12:19,10.12,0.02,29,29347,买盘
1412,10:12:14,10.1,--,47,47470,卖盘
1413,10:11:59,10.1,-0.02,59,59590,卖盘
1414,10:11:54,10.12,0.02,5,5060,买盘
1415,10:11:49,10.1,--,4,4040,卖盘
1416,10:11:44,10.1,--,30,30300,卖盘
1417,10:11:39,10.1,--,2,2020,卖盘
1418,10:11:34,10.1,--,10,10100,卖盘
1419,10:11:29,10.1,0.01,28,28280,买盘
1420,10:11:24,10.09,-0.01,151,152359,卖盘
1421,10:11:19,10.1,--,5,5050,买盘
1422,10:11:14,10.1,--,3,3030,买盘
1423,10:11:09,10.1,--,4,4040,买盘
1424,10:11:04,10.1,--,58,58580,买盘
1425,10:10:59,10.1,--,40,40400,买盘
1426,10:10:54,10.1,0.01,28,28280,买盘
1427,10:10:49,10.09,--,27,27243,卖盘
1428,10:10:44,10.09,-0.01,15,15135,卖盘
1429,10:10:34,10.1,0.01,20,20200,买盘
1430,10:10:24,10.09,--,5,5045,卖盘
1431,10:10:09,10.09,--,1,1009,卖盘
1432,10:10:04,10.09,--,12,12108,卖盘
1433,10:09:59,10.09,-0.01,21,21189,卖盘
1434,10:09:54,10.1,0.01,5,5050,买盘
1435,10:09:49,10.09,--,8,8072,卖盘
1436,10:09:39,10.09,-0.01,9,9081,卖盘
1437,10:09:34,10.1,--,61,61610,买盘
1438,10:09:29,10.1,0.01,12,12120,买盘
1439,10:09:24,10.09,--,66,66594,卖盘
1440,10:09:19,10.09,-0.01,13,13117,买盘
1441,10:09:14,10.1,0.01,146,147460,买盘
1442,10:09:09,10.09,0.01,52,52720,买盘
1443,10:08:59,10.08,-0.01,10,10080,卖盘
1444,10:08:54,10.09,0.01,10,10090,买盘
1445,10:08:49,10.08,--,33,33264,卖盘
1446,10:08:44,10.08,--,131,132048,卖盘
1447,10:08:29,10.08,-0.01,25,25200,卖盘
1448,10:08:24,10.09,0.01,5,5045,买盘
1449,10:08:19,10.08,-0.01,8,8064,卖盘
1450,10:08:14,10.09,--,35,36071,卖盘
1451,10:08:09,10.09,--,3,3027,卖盘
1452,10:08:04,10.09,--,43,43387,卖盘
1453,10:07:59,10.09,--,10,10090,卖盘
1454,10:07:54,10.09,--,23,23207,卖盘
1455,10:07:49,10.09,--,34,34306,卖盘
1456,10:07:39,10.09,--,50,50450,卖盘
1457,10:07:34,10.09,--,31,31279,卖盘
1458,10:07:24,10.09,-0.01,44,44396,卖盘
1459,10:07:14,10.1,--,94,94940,卖盘
1460,10:07:09,10.1,-0.01,104,105040,卖盘
1461,10:06:58,10.11,0.01,4,4044,买盘
1462,10:06:54,10.1,-0.01,37,37370,卖盘
1463,10:06:49,10.11,0.01,32,32352,买盘
1464,10:06:43,10.1,--,80,80800,卖盘
1465,10:06:28,10.1,--,8,8080,卖盘
1466,10:06:23,10.1,--,14,14140,卖盘
1467,10:06:19,10.1,-0.01,4,4040,卖盘
1468,10:06:13,10.11,0.01,1,1011,买盘
1469,10:06:08,10.1,--,53,53530,卖盘
1470,10:06:04,10.1,--,30,30300,卖盘
1471,10:05:58,10.1,0.01,11,11110,中性盘
1472,10:05:53,10.09,--,230,232070,卖盘
1473,10:05:43,10.09,--,6,6054,卖盘
1474,10:05:38,10.09,-0.02,635,640715,卖盘
1475,10:05:28,10.11,-0.01,49,49539,卖盘
1476,10:05:23,10.12,0.01,30,30359,买盘
1477,10:05:18,10.11,-0.01,153,154683,卖盘
1478,10:05:13,10.12,0.01,7,7083,买盘
1479,10:05:08,10.11,-0.01,10,10110,卖盘
1480,10:04:58,10.12,--,119,120427,买盘
1481,10:04:53,10.12,-0.01,102,103476,卖盘
1482,10:04:48,10.13,0.01,3,3039,买盘
1483,10:04:38,10.12,--,4,4047,卖盘
1484,10:04:28,10.12,--,35,35420,卖盘
1485,10:04:23,10.12,0.01,289,293227,买盘
1486,10:04:18,10.11,-0.01,62,62682,卖盘
1487,10:04:13,10.12,--,5,5060,买盘
1488,10:04:08,10.12,0.01,1,1011,买盘
1489,10:03:58,10.11,--,80,80880,卖盘
1490,10:03:53,10.11,--,127,128397,卖盘
1491,10:03:48,10.11,--,3,3033,卖盘
1492,10:03:43,10.11,--,4,4044,卖盘
1493,10:03:38,10.11,-0.01,40,40440,卖盘
1494,10:03:33,10.12,--,5,5060,买盘
1495,10:03:28,10.12,0.01,10,10120,买盘
1496,10:03:13,10.11,--,2,2022,卖盘
1497,10:03:08,10.11,--,8,8088,卖盘
1498,10:03:03,10.11,-0.01,5,5055,卖盘
1499,10:02:58,10.12,0.01,15,15179,买盘
1500,10:02:53,10.11,--,6,6066,卖盘
1501,10:02:48,10.11,--,50,50550,卖盘
1502,10:02:38,10.11,0.01,40,40440,买盘
1503,10:02:33,10.1,--,21,21210,卖盘
1504,10:02:28,10.1,-0.01,5,5050,卖盘
1505,10:02:23,10.11,--,27,27297,买盘
1506,10:02:13,10.11,0.01,122,123342,买盘
1507,10:02:08,10.1,--,114,115140,卖盘
1508,10:02:03,10.1,--,68,68680,卖盘
1509,10:01:58,10.1,--,50,50500,卖盘
1510,10:01:53,10.1,--,33,33330,卖盘
1511,10:01:48,10.1,--,8,8080,卖盘
1512,10:01:43,10.1,--,20,20200,卖盘
1513,10:01:38,10.1,-0.01,11,11110,卖盘
1514,10:01:28,10.11,0.01,57,57627,买盘
1515,10:01:23,10.1,-0.01,101,102262,卖盘
1516,10:01:13,10.11,--,298,301278,卖盘
1517,10:01:08,10.11,-0.01,59,59649,卖盘
1518,10:01:03,10.12,0.01,30,30359,买盘
1519,10:00:58,10.11,-0.01,15,15165,卖盘
1520,10:00:43,10.12,-0.01,160,162173,卖盘
1521,10:00:37,10.13,0.01,9,9117,买盘
1522,10:00:22,10.12,--,6,6071,卖盘
1523,10:00:18,10.12,-0.01,31,31371,卖盘
1524,10:00:13,10.13,--,35,35455,卖盘
1525,10:00:07,10.13,--,128,130423,卖盘
1526,09:59:58,10.13,--,8,8104,卖盘
1527,09:59:52,10.13,-0.01,11,11143,卖盘
1528,09:59:48,10.14,0.01,4,4056,买盘
1529,09:59:43,10.13,-0.01,2,2026,卖盘
1530,09:59:37,10.14,--,33,33462,卖盘
1531,09:59:32,10.14,--,33,33462,卖盘
1532,09:59:22,10.14,--,5,5070,卖盘
1533,09:59:17,10.14,--,14,14196,卖盘
1534,09:59:07,10.14,--,72,73008,卖盘
1535,09:59:02,10.14,--,9,9126,卖盘
1536,09:58:57,10.14,-0.01,21,21294,卖盘
1537,09:58:52,10.15,0.01,1,1015,买盘
1538,09:58:22,10.14,--,49,49686,买盘
1539,09:58:02,10.14,--,35,35490,买盘
1540,09:57:47,10.14,--,22,22308,卖盘
1541,09:57:42,10.14,--,31,31434,卖盘
1542,09:57:32,10.14,-0.01,8,8112,卖盘
1543,09:57:17,10.15,--,1,1015,买盘
1544,09:57:02,10.15,-0.01,91,92365,卖盘
1545,09:56:52,10.16,--,102,103632,买盘
1546,09:56:47,10.16,--,5,5080,买盘
1547,09:56:37,10.16,--,20,20320,卖盘
1548,09:56:32,10.16,--,20,20320,卖盘
1549,09:56:27,10.16,--,30,30480,卖盘
1550,09:56:17,10.16,--,7,7112,买盘
1551,09:56:12,10.16,--,5,5080,卖盘
1552,09:56:07,10.16,0.01,5,5080,中性盘
1553,09:56:02,10.15,-0.01,12,12180,卖盘
1554,09:55:57,10.16,0.01,5,5080,买盘
1555,09:55:52,10.15,--,6,6090,卖盘
1556,09:55:37,10.15,-0.01,52,52780,卖盘
1557,09:55:32,10.16,0.01,10,10160,买盘
1558,09:55:22,10.15,-0.01,1,1015,卖盘
1559,09:55:07,10.16,-0.01,38,38608,卖盘
1560,09:55:02,10.17,0.01,20,20340,买盘
1561,09:54:47,10.16,--,9,9144,卖盘
1562,09:54:42,10.16,--,6,6096,卖盘
1563,09:54:27,10.16,--,11,11176,卖盘
1564,09:54:22,10.16,--,31,31496,买盘
1565,09:54:17,10.16,0.01,53,53848,买盘
1566,09:54:07,10.15,-0.01,1,1015,卖盘
1567,09:54:02,10.16,--,2,2032,买盘
1568,09:53:57,10.16,--,3,3048,卖盘
1569,09:53:47,10.16,0.01,9,9144,卖盘
1570,09:53:42,10.15,-0.01,6,6090,卖盘
1571,09:53:27,10.16,-0.01,29,29464,卖盘
1572,09:53:22,10.17,0.02,120,122040,买盘
1573,09:53:16,10.15,-0.01,8,8120,卖盘
1574,09:53:07,10.16,0.01,102,103632,买盘
1575,09:52:57,10.15,--,0,0,卖盘
1576,09:52:31,10.15,--,12,12180,卖盘
1577,09:52:26,10.15,-0.01,3,3045,卖盘
1578,09:52:16,10.16,-0.01,21,21336,卖盘
1579,09:52:11,10.17,--,7,7119,买盘
1580,09:52:07,10.17,--,3,3051,买盘
1581,09:51:52,10.17,--,0,0,买盘
1582,09:51:46,10.17,0.01,20,20340,买盘
1583,09:51:37,10.16,--,3,3048,卖盘
1584,09:51:31,10.16,--,22,22352,卖盘
1585,09:51:26,10.16,0.01,20,20320,买盘
1586,09:51:16,10.15,--,12,12180,卖盘
1587,09:51:11,10.15,-0.01,18,18270,卖盘
1588,09:51:01,10.16,0.01,51,51816,买盘
1589,09:50:46,10.15,-0.01,11,11165,卖盘
1590,09:50:41,10.16,--,5,5080,买盘
1591,09:50:31,10.16,--,4,4064,买盘
1592,09:50:26,10.16,--,11,11176,买盘
1593,09:50:21,10.16,--,10,10160,买盘
1594,09:50:16,10.16,0.01,9,9144,买盘
1595,09:50:01,10.15,-0.01,8,8120,卖盘
1596,09:49:56,10.16,--,4,4064,卖盘
1597,09:49:51,10.16,--,2,2032,买盘
1598,09:49:46,10.16,--,4,4064,买盘
1599,09:49:36,10.16,--,1,1016,买盘
1600,09:49:31,10.16,--,22,22352,买盘
1601,09:49:26,10.16,0.01,15,15240,买盘
1602,09:49:21,10.15,--,0,0,卖盘
1603,09:49:16,10.15,-0.01,115,116725,卖盘
1604,09:49:06,10.16,--,10,10160,卖盘
1605,09:49:01,10.16,--,87,88392,买盘
1606,09:48:56,10.16,0.01,1,1016,买盘
1607,09:48:51,10.15,-0.01,19,19285,卖盘
1608,09:48:46,10.16,0.02,54,54864,买盘
1609,09:48:41,10.14,--,0,0,卖盘
1610,09:48:31,10.14,-0.01,31,31434,卖盘
1611,09:48:26,10.15,--,80,81200,买盘
1612,09:48:21,10.15,0.01,6,6090,买盘
1613,09:48:16,10.14,-0.01,10,10140,卖盘
1614,09:48:11,10.15,0.01,9,9135,买盘
1615,09:48:01,10.14,0.01,1,1014,卖盘
1616,09:47:56,10.13,--,10,10130,卖盘
1617,09:47:41,10.13,--,23,23299,买盘
1618,09:47:36,10.13,0.01,72,72936,买盘
1619,09:47:31,10.12,--,4,4047,卖盘
1620,09:47:21,10.12,--,67,67804,卖盘
1621,09:47:15,10.12,--,3,3035,买盘
1622,09:47:10,10.12,0.01,72,72864,买盘
1623,09:47:06,10.11,-0.01,6,6066,卖盘
1624,09:47:01,10.12,0.01,7,7083,买盘
1625,09:46:51,10.11,-0.01,13,13143,卖盘
1626,09:46:46,10.12,0.01,10,10120,买盘
1627,09:46:40,10.11,-0.01,4,4044,卖盘
1628,09:46:36,10.12,0.01,10,10120,买盘
1629,09:46:31,10.11,--,9,9099,买盘
1630,09:46:25,10.11,-0.02,93,94023,卖盘
1631,09:46:21,10.13,0.01,10,10130,买盘
1632,09:46:16,10.12,--,135,136620,卖盘
1633,09:46:10,10.12,--,25,25299,卖盘
1634,09:46:06,10.12,--,34,34408,卖盘
1635,09:46:00,10.12,-0.01,11,11132,卖盘
1636,09:45:55,10.13,--,63,63819,买盘
1637,09:45:40,10.13,--,10,10130,买盘
1638,09:45:36,10.13,--,10,10130,买盘
1639,09:45:30,10.13,--,15,15195,买盘
1640,09:45:20,10.13,-0.02,107,108391,卖盘
1641,09:45:16,10.15,--,62,62930,卖盘
1642,09:45:10,10.15,0.02,65,65975,买盘
1643,09:45:05,10.13,-0.02,9,9117,卖盘
1644,09:45:00,10.15,--,5,5075,买盘
1645,09:44:55,10.15,-0.02,36,36540,卖盘
1646,09:44:50,10.17,0.02,8,8136,买盘
1647,09:44:40,10.15,--,6,6090,卖盘
1648,09:44:35,10.15,--,30,30450,卖盘
1649,09:44:20,10.15,-0.02,70,71050,卖盘
1650,09:44:10,10.17,0.02,42,42714,买盘
1651,09:44:05,10.15,-0.02,13,13195,卖盘
1652,09:44:00,10.17,--,9,9153,卖盘
1653,09:43:55,10.17,0.02,73,74241,买盘
1654,09:43:50,10.15,--,0,0,卖盘
1655,09:43:40,10.15,-0.02,5,5075,卖盘
1656,09:43:35,10.17,0.02,7,7119,买盘
1657,09:43:30,10.15,-0.01,8,8120,卖盘
1658,09:43:25,10.16,0.01,5,5080,中性盘
1659,09:43:20,10.15,-0.01,32,32480,卖盘
1660,09:43:15,10.16,0.01,3,3048,买盘
1661,09:43:10,10.15,-0.01,13,13195,卖盘
1662,09:43:05,10.16,0.01,13,13208,买盘
1663,09:43:00,10.15,--,38,38570,卖盘
1664,09:42:55,10.15,--,1,1015,卖盘
1665,09:42:50,10.15,--,3,3045,卖盘
1666,09:42:45,10.15,--,109,110635,买盘
1667,09:42:40,10.15,--,32,32480,买盘
1668,09:42:30,10.15,--,400,406000,买盘
1669,09:42:25,10.15,0.02,10,10150,买盘
1670,09:42:20,10.13,-0.02,33,33429,卖盘
1671,09:42:15,10.15,-0.01,3,3045,买盘
1672,09:42:05,10.16,0.03,20,20320,中性盘
1673,09:42:00,10.13,-0.05,730,739490,卖盘
1674,09:41:55,10.18,--,54,54972,卖盘
1675,09:41:50,10.18,0.02,146,148628,买盘
1676,09:41:45,10.16,-0.02,8,8128,卖盘
1677,09:41:40,10.18,--,5,5090,买盘
1678,09:41:35,10.18,--,90,91620,卖盘
1679,09:41:20,10.18,--,5,5090,卖盘
1680,09:41:05,10.18,-0.01,285,290130,卖盘
1681,09:40:54,10.19,--,9,9171,卖盘
1682,09:40:49,10.19,--,44,44836,买盘
1683,09:40:45,10.19,--,21,21399,卖盘
1684,09:40:34,10.19,--,45,45855,卖盘
1685,09:40:30,10.19,--,18,18342,卖盘
1686,09:40:24,10.19,--,8,8152,买盘
1687,09:40:19,10.19,-0.01,172,175268,卖盘
1688,09:40:15,10.2,0.01,22,22440,买盘
1689,09:40:04,10.19,--,20,20380,卖盘
1690,09:40:00,10.19,--,37,37703,买盘
1691,09:39:54,10.19,--,0,0,中性盘
1692,09:39:49,10.19,0.01,6,6114,卖盘
1693,09:39:45,10.18,-0.01,58,59044,卖盘
1694,09:39:34,10.19,0.01,236,241299,买盘
1695,09:39:24,10.18,--,108,109944,买盘
1696,09:39:19,10.18,--,200,203600,买盘
1697,09:39:15,10.18,--,6,6108,买盘
1698,09:39:04,10.18,-0.01,117,119309,卖盘
1699,09:38:59,10.19,-0.01,8,8152,卖盘
1700,09:38:54,10.2,--,1,1019,买盘
1701,09:38:49,10.2,--,22,22440,买盘
1702,09:38:44,10.2,--,20,20400,卖盘
1703,09:38:39,10.2,--,67,68340,卖盘
1704,09:38:34,10.2,--,35,35700,卖盘
1705,09:38:29,10.2,--,54,55079,卖盘
1706,09:38:24,10.2,--,5,5100,卖盘
1707,09:38:19,10.2,--,8,8159,卖盘
1708,09:38:14,10.2,--,3,3060,卖盘
1709,09:38:09,10.2,--,194,197880,买盘
1710,09:38:04,10.2,0.01,16,16319,买盘
1711,09:37:59,10.19,-0.02,57,58083,卖盘
1712,09:37:54,10.21,--,103,105163,卖盘
1713,09:37:49,10.21,--,66,67386,卖盘
1714,09:37:44,10.21,--,55,56155,卖盘
1715,09:37:39,10.21,--,63,64323,卖盘
1716,09:37:34,10.21,--,42,42882,买盘
1717,09:37:29,10.21,0.01,17,17357,买盘
1718,09:37:19,10.2,-0.01,16,16319,卖盘
1719,09:37:14,10.21,-0.01,89,90869,中性盘
1720,09:37:09,10.22,0.01,32,32704,买盘
1721,09:37:04,10.21,--,2,2042,买盘
1722,09:36:59,10.21,-0.01,41,41861,卖盘
1723,09:36:49,10.22,--,54,55188,买盘
1724,09:36:44,10.22,-0.01,42,42924,卖盘
1725,09:36:39,10.23,--,134,137082,买盘
1726,09:36:29,10.23,-0.01,113,115599,中性盘
1727,09:36:24,10.24,--,65,66560,买盘
1728,09:36:19,10.24,--,11,11264,买盘
1729,09:36:14,10.24,--,18,18432,中性盘
1730,09:36:08,10.24,--,20,20480,卖盘
1731,09:36:04,10.24,0.04,176,180224,买盘
1732,09:35:59,10.2,0.01,17,17340,买盘
1733,09:35:54,10.19,-0.01,519,528861,卖盘
1734,09:35:49,10.2,0.01,6,6120,卖盘
1735,09:35:44,10.19,-0.01,65,66235,卖盘
1736,09:35:39,10.2,--,3,3060,卖盘
1737,09:35:33,10.2,0.01,18,18360,中性盘
1738,09:35:29,10.19,--,254,259070,卖盘
1739,09:35:24,10.19,--,30,30570,卖盘
1740,09:35:19,10.19,--,665,677635,卖盘
1741,09:35:13,10.19,--,10,10190,卖盘
1742,09:35:03,10.19,--,804,819276,卖盘
1743,09:34:59,10.19,0.04,682,695773,买盘
1744,09:34:43,10.15,--,60,60900,卖盘
1745,09:34:39,10.15,--,0,0,卖盘
1746,09:34:33,10.15,--,18,18270,买盘
1747,09:34:23,10.15,--,19,19285,买盘
1748,09:34:18,10.15,-0.03,23,23345,卖盘
1749,09:34:09,10.18,--,3,3054,买盘
1750,09:34:03,10.18,0.02,40,40720,买盘
1751,09:33:58,10.16,--,21,21336,卖盘
1752,09:33:54,10.16,0.02,20,20320,中性盘
1753,09:33:48,10.14,--,420,425880,卖盘
1754,09:33:43,10.14,-0.02,5,5070,卖盘
1755,09:33:38,10.16,0.02,36,36576,买盘
1756,09:33:33,10.14,--,0,0,卖盘
1757,09:33:28,10.14,-0.02,34,34476,卖盘
1758,09:33:24,10.16,--,0,0,买盘
1759,09:33:18,10.16,0.02,77,78232,买盘
1760,09:33:13,10.14,-0.01,2,2028,中性盘
1761,09:33:09,10.15,0.04,200,203000,买盘
1762,09:32:58,10.11,-0.04,8,8088,卖盘
1763,09:32:54,10.15,--,10,10150,买盘
1764,09:32:48,10.15,--,5,5075,买盘
1765,09:32:43,10.15,--,0,0,买盘
1766,09:32:38,10.15,--,0,0,买盘
1767,09:32:28,10.15,0.04,17,17255,买盘
1768,09:32:23,10.11,--,3,3033,卖盘
1769,09:32:18,10.11,0.01,26,26286,中性盘
1770,09:32:13,10.1,-0.05,8,8080,卖盘
1771,09:32:08,10.15,--,24,24360,买盘
1772,09:32:03,10.15,--,1,1015,买盘
1773,09:31:58,10.15,--,67,68005,卖盘
1774,09:31:53,10.15,--,221,224315,买盘
1775,09:31:48,10.15,--,30,30450,卖盘
1776,09:31:33,10.15,0.05,8,8120,卖盘
1777,09:31:28,10.1,--,0,0,卖盘
1778,09:31:23,10.1,-0.07,58,58580,卖盘
1779,09:31:13,10.17,0.07,8,8136,买盘
1780,09:31:08,10.1,-0.07,22,22220,卖盘
1781,09:31:03,10.17,--,2,2034,卖盘
1782,09:30:58,10.17,--,11,11187,卖盘
1783,09:30:53,10.17,-0.03,68,69156,中性盘
1784,09:30:48,10.2,--,0,0,买盘
1785,09:30:43,10.2,0.03,300,306000,买盘
1786,09:30:38,10.17,-0.03,2,2034,中性盘
1787,09:30:33,10.2,--,0,0,买盘
1788,09:30:28,10.2,0.1,200,204000,买盘
1789,09:30:18,10.1,-0.07,1,1010,卖盘
1790,09:30:08,10.17,0.08,671,682407,买盘
1791,09:30:02,10.09,--,10,10090,买盘
1792,09:28:54,10.09,--,0,0,买盘
1793,09:25:05,10.09,10.09,32,32288,买盘
