,time,price,change,volume,amount,type
0,15:00:00,20.85,--,0,0,买盘
1,15:00:00,20.85,--,3,6255,买盘
2,14:59:58,20.85,0.03,23,47955,买盘
3,14:59:48,20.82,-0.03,12,24984,卖盘
4,14:59:43,20.85,--,13,27105,买盘
5,14:59:37,20.85,--,0,0,买盘
6,14:59:33,20.85,--,34,70890,买盘
7,14:59:28,20.85,-0.01,9,18765,中性盘
8,14:59:22,20.86,0.01,147,306642,买盘
9,14:59:18,20.85,--,22,45870,卖盘
10,14:59:13,20.85,-0.01,10,20850,中性盘
11,14:59:07,20.86,0.01,10,20860,买盘
12,14:59:03,20.85,0.02,5,10425,买盘
13,14:58:58,20.83,--,61,127062,卖盘
14,14:58:52,20.83,-0.03,61,127062,卖盘
15,14:58:48,20.86,--,34,70924,卖盘
16,14:58:43,20.86,--,5,10430,卖盘
17,14:58:37,20.86,0.02,23,47978,买盘
18,14:58:28,20.84,-0.03,41,85444,卖盘
19,14:58:22,20.87,--,0,0,买盘
20,14:58:18,20.87,0.03,59,123133,买盘
21,14:58:13,20.84,-0.02,46,95864,卖盘
22,14:58:07,20.86,--,6,12516,卖盘
23,14:58:03,20.86,0.01,44,91784,买盘
24,14:57:58,20.85,-0.01,58,120930,卖盘
25,14:57:52,20.86,0.01,38,79268,买盘
26,14:57:48,20.85,--,24,50040,卖盘
27,14:57:42,20.85,--,8,16680,卖盘
28,14:57:37,20.85,0.01,16,33360,卖盘
29,14:57:33,20.84,--,49,102116,买盘
30,14:57:28,20.84,0.01,73,152132,中性盘
31,14:57:22,20.83,--,2,4166,卖盘
32,14:57:18,20.83,--,162,337446,卖盘
33,14:57:13,20.83,-0.01,37,77071,卖盘
34,14:57:07,20.84,--,1,2084,买盘
35,14:56:57,20.84,0.01,268,558512,买盘
36,14:56:52,20.83,--,1,2083,卖盘
37,14:56:47,20.83,--,13,27078,卖盘
38,14:56:42,20.83,-0.01,75,156225,卖盘
39,14:56:37,20.84,0.02,20,41680,买盘
40,14:56:32,20.82,-0.01,2,4164,卖盘
41,14:56:27,20.83,-0.01,26,54157,卖盘
42,14:56:22,20.84,0.02,23,47932,买盘
43,14:56:17,20.82,--,0,0,卖盘
44,14:56:12,20.82,-0.01,23,47886,卖盘
45,14:56:07,20.83,--,5,10415,卖盘
46,14:56:02,20.83,0.01,1,2083,买盘
47,14:55:57,20.82,--,7,14574,卖盘
48,14:55:52,20.82,--,28,58296,卖盘
49,14:55:46,20.82,--,20,41640,卖盘
50,14:55:37,20.82,0.01,29,60378,买盘
51,14:55:27,20.81,-0.01,57,118616,卖盘
52,14:55:22,20.82,0.01,17,35394,买盘
53,14:55:16,20.81,--,20,41620,卖盘
54,14:55:12,20.81,0.01,174,362094,买盘
55,14:55:07,20.8,-0.01,50,104000,卖盘
56,14:55:01,20.81,--,61,126940,买盘
57,14:54:57,20.81,--,11,22891,买盘
58,14:54:52,20.81,--,18,37458,买盘
59,14:54:46,20.81,--,20,41620,买盘
60,14:54:42,20.81,--,85,176885,买盘
61,14:54:37,20.81,--,10,20810,买盘
62,14:54:31,20.81,0.01,6,12486,买盘
63,14:54:27,20.8,--,16,33280,卖盘
64,14:54:22,20.8,--,20,41600,卖盘
65,14:54:12,20.8,0.01,58,120640,买盘
66,14:54:07,20.79,--,1,2079,卖盘
67,14:54:01,20.79,-0.01,4,8316,卖盘
68,14:53:57,20.8,0.01,114,237120,买盘
69,14:53:52,20.79,--,34,70686,卖盘
70,14:53:42,20.79,--,3,6237,卖盘
71,14:53:37,20.79,--,1,2079,卖盘
72,14:53:31,20.79,0.02,8,16632,买盘
73,14:53:27,20.77,-0.01,109,226393,卖盘
74,14:53:22,20.78,0.01,18,37404,买盘
75,14:53:16,20.77,-0.01,5,10385,卖盘
76,14:53:12,20.78,--,128,265984,买盘
77,14:53:07,20.78,0.01,32,66496,买盘
78,14:53:01,20.77,-0.01,1,2077,卖盘
79,14:52:57,20.78,0.01,7,14546,买盘
80,14:52:52,20.77,-0.01,28,58156,卖盘
81,14:52:42,20.78,-0.01,11,22858,卖盘
82,14:52:37,20.79,0.02,4,8316,买盘
83,14:52:31,20.77,--,100,207700,卖盘
84,14:52:27,20.77,-0.01,12,24924,卖盘
85,14:52:22,20.78,0.01,10,20780,买盘
86,14:52:16,20.77,0.01,1,2077,卖盘
87,14:52:12,20.76,0.01,6,12456,买盘
88,14:52:07,20.75,--,27,56025,买盘
89,14:51:57,20.75,0.05,3,6225,买盘
90,14:51:52,20.7,-0.05,6,12420,卖盘
91,14:51:42,20.75,--,122,253150,买盘
92,14:51:31,20.75,0.05,12,24900,买盘
93,14:51:27,20.7,--,2,4140,买盘
94,14:51:22,20.7,-0.05,165,341550,卖盘
95,14:51:16,20.75,--,1,2075,买盘
96,14:51:12,20.75,0.05,16,33200,买盘
97,14:51:07,20.7,-0.07,93,192510,卖盘
98,14:50:56,20.77,0.02,16,33232,买盘
99,14:50:52,20.75,--,3,6225,卖盘
100,14:50:41,20.75,--,86,178450,卖盘
101,14:50:37,20.75,-0.03,31,64325,卖盘
102,14:50:31,20.78,0.01,1,2078,买盘
103,14:50:26,20.77,-0.02,12,24924,卖盘
104,14:50:21,20.79,--,0,0,买盘
105,14:50:16,20.79,0.04,100,207900,买盘
106,14:50:11,20.75,-0.03,3,6225,卖盘
107,14:50:06,20.78,--,10,20780,买盘
108,14:49:56,20.78,--,5,10390,买盘
109,14:49:51,20.78,--,94,195332,卖盘
110,14:49:46,20.78,--,6,12468,卖盘
111,14:49:36,20.78,-0.01,38,78964,卖盘
112,14:49:31,20.79,0.01,9,18711,买盘
113,14:49:26,20.78,--,11,22858,卖盘
114,14:49:21,20.78,--,43,89354,卖盘
115,14:49:16,20.78,--,33,68574,卖盘
116,14:49:10,20.78,--,6,12468,卖盘
117,14:49:06,20.78,0.03,45,93510,买盘
118,14:49:01,20.75,--,6,12450,卖盘
119,14:48:55,20.75,--,10,20750,卖盘
120,14:48:51,20.75,--,10,20750,卖盘
121,14:48:46,20.75,--,28,59137,买盘
122,14:48:36,20.75,--,10,20750,买盘
123,14:48:31,20.75,--,21,43575,买盘
124,14:48:21,20.75,--,5,10375,买盘
125,14:48:16,20.75,--,21,44612,卖盘
126,14:48:10,20.75,--,0,0,卖盘
127,14:48:06,20.75,--,34,71587,卖盘
128,14:48:01,20.75,--,7,14525,卖盘
129,14:47:55,20.75,--,4,8300,卖盘
130,14:47:51,20.75,--,16,33200,卖盘
131,14:47:46,20.75,0.05,10,20750,买盘
132,14:47:36,20.7,--,4,8280,卖盘
133,14:47:30,20.7,--,10,20700,卖盘
134,14:47:25,20.7,0.04,48,99360,买盘
135,14:47:21,20.66,-0.03,29,59914,卖盘
136,14:47:16,20.69,--,29,60001,买盘
137,14:47:10,20.69,--,1,2069,买盘
138,14:47:01,20.69,0.02,29,60001,买盘
139,14:46:55,20.67,--,2,4134,卖盘
140,14:46:51,20.67,0.02,29,59943,中性盘
141,14:46:45,20.65,--,33,68145,卖盘
142,14:46:40,20.65,-0.01,21,43365,卖盘
143,14:46:36,20.66,--,13,26858,买盘
144,14:46:31,20.66,--,57,117762,买盘
145,14:46:25,20.66,--,5,10330,买盘
146,14:46:21,20.66,-0.01,73,150818,卖盘
147,14:46:16,20.67,--,52,107484,买盘
148,14:46:10,20.67,0.01,40,82680,买盘
149,14:46:06,20.66,--,15,30990,卖盘
150,14:46:01,20.66,--,7,14462,买盘
151,14:45:55,20.66,0.04,3,6198,买盘
152,14:45:51,20.62,-0.03,85,175270,卖盘
153,14:45:46,20.65,--,35,72275,卖盘
154,14:45:40,20.65,--,22,45430,中性盘
155,14:45:36,20.65,0.03,199,410955,中性盘
156,14:45:31,20.62,-0.04,102,210324,中性盘
157,14:45:25,20.66,--,24,49584,买盘
158,14:45:21,20.66,0.01,21,43386,买盘
159,14:45:15,20.65,-0.01,2,4130,中性盘
160,14:45:10,20.66,0.06,1,2066,买盘
161,14:45:06,20.6,-0.08,16,32960,卖盘
162,14:45:00,20.68,0.01,159,328812,买盘
163,14:44:55,20.67,0.01,6,12402,中性盘
164,14:44:51,20.66,-0.02,130,268580,卖盘
165,14:44:46,20.68,-0.01,293,605924,卖盘
166,14:44:40,20.69,-0.01,55,113795,卖盘
167,14:44:36,20.7,--,11,22770,买盘
168,14:44:30,20.7,0.01,55,113850,中性盘
169,14:44:25,20.69,-0.02,230,475870,卖盘
170,14:44:20,20.71,--,57,118047,买盘
171,14:44:16,20.71,--,226,468046,买盘
172,14:44:10,20.71,--,36,74556,买盘
173,14:44:05,20.71,--,198,412108,卖盘
174,14:44:01,20.71,-0.04,200,414200,卖盘
175,14:43:55,20.75,-0.01,30,62250,卖盘
176,14:43:46,20.76,-0.03,153,317628,卖盘
177,14:43:40,20.79,--,42,87318,卖盘
178,14:43:35,20.79,-0.01,10,20790,卖盘
179,14:43:30,20.8,-0.01,150,312000,卖盘
180,14:43:25,20.81,--,0,0,中性盘
181,14:43:20,20.81,-0.01,57,118616,卖盘
182,14:43:15,20.82,--,42,87444,卖盘
183,14:43:10,20.82,--,10,20820,卖盘
184,14:43:05,20.82,-0.01,2,4164,卖盘
185,14:43:00,20.83,-0.02,18,37494,中性盘
186,14:42:55,20.85,-0.02,2,4170,卖盘
187,14:42:50,20.87,--,5,10435,买盘
188,14:42:45,20.87,--,19,39653,卖盘
189,14:42:35,20.87,-0.01,2,4174,卖盘
190,14:42:15,20.88,--,111,231768,卖盘
191,14:42:10,20.88,--,8,16704,卖盘
192,14:42:05,20.88,--,7,14616,卖盘
193,14:41:49,20.88,--,0,0,卖盘
194,14:41:45,20.88,-0.03,11,22968,卖盘
195,14:41:35,20.91,--,2,4182,买盘
196,14:41:30,20.91,0.01,15,31365,买盘
197,14:41:24,20.9,--,70,146300,卖盘
198,14:41:19,20.9,-0.02,100,209000,卖盘
199,14:41:15,20.92,0.01,2,4184,买盘
200,14:41:09,20.91,0.01,8,16728,中性盘
201,14:41:04,20.9,--,13,27169,卖盘
202,14:41:00,20.9,--,58,121219,卖盘
203,14:40:54,20.9,--,1,2090,卖盘
204,14:40:44,20.9,--,2,4180,卖盘
205,14:40:39,20.9,--,17,35530,买盘
206,14:40:29,20.9,0.02,2,4180,买盘
207,14:40:19,20.88,--,5,10440,卖盘
208,14:40:09,20.88,--,13,27144,买盘
209,14:40:04,20.88,--,48,100224,买盘
210,14:39:59,20.88,0.01,29,60552,买盘
211,14:39:54,20.87,--,26,54262,卖盘
212,14:39:49,20.87,--,3,6261,卖盘
213,14:39:44,20.87,--,12,25044,卖盘
214,14:39:39,20.87,--,22,45914,买盘
215,14:39:30,20.87,--,38,79306,买盘
216,14:39:24,20.87,0.02,6,12522,买盘
217,14:39:19,20.85,--,15,31275,卖盘
218,14:39:14,20.85,--,31,64635,买盘
219,14:39:09,20.85,--,2,4170,卖盘
220,14:39:04,20.85,0.04,9,18765,买盘
221,14:38:54,20.81,-0.03,18,37458,卖盘
222,14:38:49,20.84,0.03,4,8336,中性盘
223,14:38:44,20.81,-0.04,73,151913,卖盘
224,14:38:34,20.85,--,25,52125,买盘
225,14:38:29,20.85,-0.02,20,41700,买盘
226,14:38:24,20.87,--,0,0,买盘
227,14:38:09,20.87,0.06,58,121046,买盘
228,14:37:45,20.81,--,0,0,卖盘
229,14:37:39,20.81,--,140,291340,卖盘
230,14:37:24,20.81,--,0,0,卖盘
231,14:37:19,20.81,-0.03,2,4162,卖盘
232,14:37:14,20.84,0.03,2,4168,买盘
233,14:37:09,20.81,--,1,2081,卖盘
234,14:37:04,20.81,--,40,83240,买盘
235,14:36:54,20.81,--,33,68673,买盘
236,14:36:44,20.81,--,1,2081,买盘
237,14:36:39,20.81,0.01,60,124859,买盘
238,14:36:34,20.8,-0.01,10,20800,卖盘
239,14:36:29,20.81,0.01,38,79078,买盘
240,14:36:24,20.8,--,15,31200,买盘
241,14:36:19,20.8,--,20,41600,买盘
242,14:36:14,20.8,--,16,33280,买盘
243,14:36:09,20.8,--,3,6240,买盘
244,14:35:54,20.8,0.03,49,101920,买盘
245,14:35:49,20.77,0.01,1,2077,卖盘
246,14:35:44,20.76,-0.01,24,49824,卖盘
247,14:35:39,20.77,0.01,1,2077,买盘
248,14:35:34,20.76,--,1,2076,卖盘
249,14:35:29,20.76,0.02,198,411048,买盘
250,14:35:24,20.74,-0.01,70,145200,卖盘
251,14:35:19,20.75,--,25,51875,买盘
252,14:35:14,20.75,--,11,22825,买盘
253,14:35:09,20.75,0.02,130,269750,买盘
254,14:35:04,20.73,--,118,244614,买盘
255,14:34:59,20.73,--,132,273636,卖盘
256,14:34:54,20.73,-0.02,33,68409,卖盘
257,14:34:48,20.75,0.02,805,1670375,买盘
258,14:34:44,20.73,--,9,18657,买盘
259,14:34:39,20.73,--,23,47679,买盘
260,14:34:33,20.73,--,1,2073,买盘
261,14:34:28,20.73,0.03,63,130599,买盘
262,14:34:24,20.7,--,20,41400,卖盘
263,14:34:18,20.7,-0.01,100,207000,卖盘
264,14:34:14,20.71,0.03,26,54840,买盘
265,14:34:09,20.68,-0.02,33,68244,卖盘
266,14:34:03,20.7,-0.05,56,116996,卖盘
267,14:33:59,20.75,0.03,38,78850,买盘
268,14:33:54,20.72,0.02,8,16576,卖盘
269,14:33:48,20.7,-0.04,95,196650,卖盘
270,14:33:43,20.74,0.02,100,208395,买盘
271,14:33:38,20.72,-0.01,24,49728,卖盘
272,14:33:33,20.73,-0.01,61,126453,卖盘
273,14:33:23,20.74,--,7,14517,买盘
274,14:33:18,20.74,--,7,14517,买盘
275,14:33:13,20.74,-0.02,465,964409,卖盘
276,14:33:08,20.76,-0.01,10,20760,卖盘
277,14:33:03,20.77,--,16,33232,买盘
278,14:32:53,20.77,0.01,29,60233,中性盘
279,14:32:48,20.76,-0.02,134,278184,卖盘
280,14:32:43,20.78,--,6,12468,买盘
281,14:32:38,20.78,-0.01,65,135070,卖盘
282,14:32:33,20.79,0.01,20,41580,买盘
283,14:32:28,20.78,-0.01,12,24936,卖盘
284,14:32:23,20.79,-0.01,28,58212,卖盘
285,14:32:18,20.8,0.01,7,14560,买盘
286,14:32:13,20.79,-0.01,6,12474,卖盘
287,14:32:08,20.8,--,1,2080,买盘
288,14:32:03,20.8,--,413,859040,卖盘
289,14:31:58,20.8,-0.01,389,809120,卖盘
290,14:31:53,20.81,--,5,10405,卖盘
291,14:31:48,20.81,-0.03,85,176885,卖盘
292,14:31:38,20.84,--,12,25008,买盘
293,14:31:33,20.84,--,25,52100,卖盘
294,14:31:28,20.84,--,50,104200,卖盘
295,14:31:23,20.84,-0.01,48,100032,卖盘
296,14:31:18,20.85,--,11,22935,买盘
297,14:31:13,20.85,-0.02,23,47955,卖盘
298,14:31:08,20.87,--,11,22957,买盘
299,14:31:03,20.87,-0.03,106,222307,卖盘
300,14:30:58,20.9,0.02,2,4180,买盘
301,14:30:48,20.88,--,7,14616,卖盘
302,14:30:43,20.88,-0.02,24,50112,卖盘
303,14:30:33,20.9,--,5,10450,买盘
304,14:30:28,20.9,--,6,12540,买盘
305,14:30:23,20.9,--,4,8360,买盘
306,14:30:18,20.9,0.02,2,4180,买盘
307,14:30:13,20.88,--,38,79344,卖盘
308,14:30:08,20.88,--,3,6264,卖盘
309,14:29:58,20.88,-0.04,46,96048,卖盘
310,14:29:53,20.92,0.04,5,10460,买盘
311,14:29:48,20.88,--,13,27144,卖盘
312,14:29:33,20.88,--,15,31320,卖盘
313,14:29:23,20.88,0.01,24,51114,买盘
314,14:29:13,20.87,0.02,5,10435,买盘
315,14:29:08,20.85,0.01,2,4170,中性盘
316,14:29:03,20.84,-0.01,100,208400,卖盘
317,14:28:53,20.85,-0.02,6,12510,卖盘
318,14:28:48,20.87,--,2,4174,买盘
319,14:28:43,20.87,0.03,1,2087,买盘
320,14:28:38,20.84,--,1,2084,卖盘
321,14:28:33,20.84,-0.01,8,16672,卖盘
322,14:28:28,20.85,--,5,10425,卖盘
323,14:28:23,20.85,--,9,18765,买盘
324,14:28:18,20.85,0.02,2,4170,买盘
325,14:28:08,20.83,--,54,112481,卖盘
326,14:28:03,20.83,--,16,33328,卖盘
327,14:27:58,20.83,-0.01,4,8332,卖盘
328,14:27:53,20.84,0.02,1,2084,买盘
329,14:27:48,20.82,--,40,83280,卖盘
330,14:27:27,20.82,-0.03,16,33312,卖盘
331,14:27:23,20.85,0.03,12,25020,买盘
332,14:27:18,20.82,-0.02,10,20820,中性盘
333,14:27:08,20.84,0.03,38,79192,买盘
334,14:27:03,20.81,-0.01,91,189371,卖盘
335,14:26:57,20.82,--,1,2082,卖盘
336,14:26:53,20.82,--,12,24984,买盘
337,14:26:48,20.82,0.01,21,43722,买盘
338,14:26:42,20.81,--,43,89483,卖盘
339,14:26:37,20.81,-0.04,34,70754,卖盘
340,14:26:33,20.85,0.01,20,41700,买盘
341,14:26:27,20.84,--,1,2084,买盘
342,14:26:23,20.84,-0.01,77,160468,卖盘
343,14:26:18,20.85,0.01,34,70890,买盘
344,14:26:08,20.84,0.02,65,135460,买盘
345,14:26:03,20.82,-0.02,6,12492,卖盘
346,14:25:57,20.84,--,3,6252,买盘
347,14:25:52,20.84,--,50,104200,买盘
348,14:25:47,20.84,0.02,3,6252,买盘
349,14:25:42,20.82,0.01,12,24984,卖盘
350,14:25:37,20.81,-0.03,9,18729,中性盘
351,14:25:32,20.84,--,64,133376,买盘
352,14:25:27,20.84,0.04,9,18756,买盘
353,14:25:22,20.8,--,3,6240,卖盘
354,14:25:17,20.8,--,275,572000,卖盘
355,14:25:12,20.8,0.01,4,8320,卖盘
356,14:25:07,20.79,--,2,4158,卖盘
357,14:25:02,20.79,--,141,293139,卖盘
358,14:24:57,20.79,--,164,340956,卖盘
359,14:24:52,20.79,-0.06,3,6237,卖盘
360,14:24:47,20.85,0.01,105,218925,买盘
361,14:24:42,20.84,0.06,31,64604,中性盘
362,14:24:37,20.78,-0.07,103,214034,卖盘
363,14:24:32,20.85,0.07,16,33360,中性盘
364,14:24:27,20.78,-0.09,1022,2123716,卖盘
365,14:24:22,20.87,0.02,1,2087,买盘
366,14:24:17,20.85,0.03,63,131355,买盘
367,14:24:12,20.82,-0.01,447,930654,卖盘
368,14:24:07,20.83,0.01,13,27078,卖盘
369,14:24:02,20.82,-0.01,280,582960,卖盘
370,14:23:57,20.83,0.01,64,133312,中性盘
371,14:23:52,20.82,-0.01,1,2082,卖盘
372,14:23:47,20.83,--,70,145810,买盘
373,14:23:42,20.83,--,471,981092,卖盘
374,14:23:37,20.83,-0.02,60,124979,卖盘
375,14:23:32,20.85,0.02,33,68805,买盘
376,14:23:27,20.83,-0.02,68,141644,卖盘
377,14:23:22,20.85,--,8,16680,卖盘
378,14:23:17,20.85,-0.03,155,323175,卖盘
379,14:23:12,20.88,--,33,68904,买盘
380,14:23:07,20.88,0.03,8,16704,买盘
381,14:23:02,20.85,-0.05,131,273135,卖盘
382,14:22:57,20.9,0.01,84,175601,买盘
383,14:22:52,20.89,--,10,22937,卖盘
384,14:22:47,20.89,-0.05,378,789642,卖盘
385,14:22:42,20.94,--,9,18846,买盘
386,14:22:37,20.94,0.03,11,23034,买盘
387,14:22:32,20.91,-0.03,595,1244145,卖盘
388,14:22:27,20.94,--,23,48162,卖盘
389,14:22:22,20.94,-0.01,200,418800,卖盘
390,14:22:17,20.95,--,25,52375,买盘
391,14:22:07,20.95,--,1,2095,买盘
392,14:22:02,20.95,-0.01,59,123605,卖盘
393,14:21:52,20.96,0.01,2,4192,买盘
394,14:21:47,20.95,-0.01,10,20950,卖盘
395,14:21:42,20.96,0.01,31,64976,买盘
396,14:21:37,20.95,-0.01,3,6285,卖盘
397,14:21:32,20.96,-0.02,55,115280,卖盘
398,14:21:21,20.98,0.03,1,2098,买盘
399,14:21:17,20.95,--,0,0,卖盘
400,14:21:12,20.95,-0.01,16,33520,卖盘
401,14:21:07,20.96,--,5,10480,卖盘
402,14:20:57,20.96,--,9,18864,买盘
403,14:20:47,20.96,--,3,6288,买盘
404,14:20:42,20.96,0.01,88,184448,买盘
405,14:20:36,20.95,-0.01,174,364530,卖盘
406,14:20:27,20.96,-0.02,11,23056,中性盘
407,14:20:21,20.98,0.03,18,37764,买盘
408,14:20:17,20.95,-0.03,44,92180,卖盘
409,14:20:12,20.98,--,17,35666,买盘
410,14:20:06,20.98,--,2,4196,买盘
411,14:20:02,20.98,--,19,39862,卖盘
412,14:19:47,20.98,0.05,26,54548,买盘
413,14:19:42,20.93,-0.02,45,94185,卖盘
414,14:19:36,20.95,--,1,2095,卖盘
415,14:19:32,20.95,--,134,280730,卖盘
416,14:19:27,20.95,0.04,23,48185,买盘
417,14:19:21,20.91,-0.04,278,581298,卖盘
418,14:19:17,20.95,0.01,100,209541,买盘
419,14:19:12,20.94,--,40,83760,卖盘
420,14:19:06,20.94,-0.01,4,8376,卖盘
421,14:19:02,20.95,0.01,25,52375,买盘
422,14:18:51,20.94,-0.01,3,6282,卖盘
423,14:18:47,20.95,0.02,2,4190,买盘
424,14:18:42,20.93,--,31,64883,卖盘
425,14:18:36,20.93,-0.01,14,29302,卖盘
426,14:18:32,20.94,--,3,6282,买盘
427,14:18:26,20.94,-0.01,31,64914,卖盘
428,14:18:21,20.95,--,22,46090,买盘
429,14:18:16,20.95,--,3,6285,买盘
430,14:18:06,20.95,-0.04,234,492283,卖盘
431,14:18:01,20.99,0.02,17,35683,买盘
432,14:17:56,20.97,--,20,41940,卖盘
433,14:17:51,20.97,-0.01,20,41940,卖盘
434,14:17:46,20.98,-0.01,1,2098,中性盘
435,14:17:41,20.99,0.02,48,100751,买盘
436,14:17:36,20.97,-0.02,28,58716,卖盘
437,14:17:31,20.99,0.02,5,10495,买盘
438,14:17:26,20.97,-0.01,52,109044,卖盘
439,14:17:21,20.98,-0.02,10,20980,卖盘
440,14:17:16,21.0,0.01,15,31500,买盘
441,14:17:06,20.99,-0.01,12,26279,卖盘
442,14:16:51,21.0,--,5,10500,买盘
443,14:16:46,21.0,0.01,2,4200,买盘
444,14:16:41,20.99,--,0,0,卖盘
445,14:16:36,20.99,-0.01,12,25187,卖盘
446,14:16:31,21.0,--,37,77700,卖盘
447,14:16:26,21.0,-0.02,58,121800,卖盘
448,14:16:11,21.02,0.02,20,42040,买盘
449,14:15:51,21.0,-0.02,15,31500,卖盘
450,14:15:46,21.02,0.02,12,25224,买盘
451,14:15:41,21.0,--,22,46200,卖盘
452,14:15:36,21.0,--,29,60900,卖盘
453,14:15:31,21.0,--,15,31500,卖盘
454,14:15:21,21.0,--,43,90300,卖盘
455,14:15:16,21.0,-0.01,18,37800,卖盘
456,14:15:11,21.01,0.01,19,39919,买盘
457,14:15:06,21.0,--,7,14700,卖盘
458,14:15:01,21.0,--,5,10500,卖盘
459,14:14:56,21.0,-0.01,30,63000,卖盘
460,14:14:51,21.01,-0.01,3,6303,买盘
461,14:14:41,21.02,0.02,4,8408,买盘
462,14:14:36,21.0,-0.02,54,113400,卖盘
463,14:14:31,21.02,0.01,4,8408,买盘
464,14:14:26,21.01,0.01,13,27313,中性盘
465,14:14:21,21.0,--,30,63000,卖盘
466,14:14:15,21.0,--,0,0,卖盘
467,14:14:06,21.0,-0.02,62,130200,卖盘
468,14:14:00,21.02,--,12,25224,买盘
469,14:13:51,21.02,0.01,2,4204,中性盘
470,14:13:41,21.01,-0.01,12,25212,卖盘
471,14:13:36,21.02,-0.03,22,46244,卖盘
472,14:13:30,21.05,0.03,3,6315,买盘
473,14:13:26,21.02,--,7,14714,买盘
474,14:13:21,21.02,-0.03,76,159752,卖盘
475,14:13:11,21.05,-0.03,12,25260,中性盘
476,14:13:06,21.08,--,2,4216,买盘
477,14:12:56,21.08,--,14,29511,卖盘
478,14:12:51,21.08,--,0,0,卖盘
479,14:12:41,21.08,-0.02,18,37944,卖盘
480,14:12:36,21.1,0.02,8,16880,中性盘
481,14:12:30,21.08,--,13,27403,买盘
482,14:12:26,21.08,-0.06,52,109615,买盘
483,14:12:20,21.14,--,0,0,买盘
484,14:12:11,21.14,--,0,0,买盘
485,14:12:06,21.14,0.14,2,4228,买盘
486,14:11:56,21.0,--,0,0,卖盘
487,14:11:51,21.0,--,58,121800,卖盘
488,14:11:45,21.0,--,271,570108,买盘
489,14:11:41,21.0,--,578,1213800,买盘
490,14:11:36,21.0,--,2172,4561200,买盘
491,14:11:30,21.0,--,10,21000,买盘
492,14:11:25,21.0,--,21,44100,买盘
493,14:11:21,21.0,--,79,165900,买盘
494,14:11:15,21.0,0.02,580,1218000,买盘
495,14:11:11,20.98,-0.02,631,1325096,卖盘
496,14:11:06,21.0,--,5,10500,买盘
497,14:11:00,21.0,0.01,22,46200,买盘
498,14:10:55,20.99,-0.01,275,577225,卖盘
499,14:10:51,21.0,--,24,50400,买盘
500,14:10:45,21.0,0.01,126,264600,买盘
501,14:10:40,20.99,--,7,14692,卖盘
502,14:10:35,20.99,-0.01,19,39881,卖盘
503,14:10:30,21.0,--,9,18900,买盘
504,14:10:20,21.0,--,72,151200,买盘
505,14:10:15,21.0,--,11,23100,买盘
506,14:10:10,21.0,--,105,220500,买盘
507,14:10:05,21.0,0.01,25,52500,买盘
508,14:10:00,20.99,--,8,16792,卖盘
509,14:09:55,20.99,-0.01,22,46178,卖盘
510,14:09:50,21.0,--,108,226800,买盘
511,14:09:45,21.0,--,500,1050000,买盘
512,14:09:35,21.0,--,4,8400,买盘
513,14:09:30,21.0,-0.16,701,1474032,卖盘
514,14:09:20,21.16,--,0,0,卖盘
515,14:09:15,21.16,-0.03,140,296240,卖盘
516,14:09:10,21.19,--,6,12714,卖盘
517,14:09:05,21.19,-0.01,1,2119,卖盘
518,14:08:55,21.2,0.01,5,10600,买盘
519,14:08:50,21.19,--,6,12714,卖盘
520,14:08:45,21.19,--,8,16952,卖盘
521,14:08:40,21.19,--,30,63570,卖盘
522,14:08:35,21.19,--,35,74165,卖盘
523,14:08:30,21.19,-0.02,2,4238,卖盘
524,14:08:15,21.21,--,0,0,中性盘
525,14:08:10,21.21,--,230,487830,卖盘
526,14:08:05,21.21,--,5,10605,卖盘
527,14:08:00,21.21,-0.01,2,4242,卖盘
528,14:07:50,21.22,-0.01,1,2122,中性盘
529,14:07:45,21.23,0.02,5,10615,中性盘
530,14:07:39,21.21,-0.02,64,135744,卖盘
531,14:07:35,21.23,-0.02,27,57321,卖盘
532,14:07:30,21.25,-0.01,107,227375,卖盘
533,14:07:20,21.26,--,10,21260,卖盘
534,14:07:15,21.26,-0.02,17,36142,卖盘
535,14:07:09,21.28,0.01,52,110656,买盘
536,14:07:05,21.27,0.01,40,85080,卖盘
537,14:07:00,21.26,--,2,4252,卖盘
538,14:06:50,21.26,-0.02,20,42520,卖盘
539,14:06:45,21.28,0.01,30,63840,卖盘
540,14:06:39,21.27,0.01,3,6381,买盘
541,14:06:35,21.26,-0.02,33,70158,卖盘
542,14:06:30,21.28,--,3,6384,卖盘
543,14:06:05,21.28,-0.02,4,8512,买盘
544,14:06:00,21.3,0.05,305,649650,买盘
545,14:05:54,21.25,-0.03,30,63750,卖盘
546,14:05:50,21.28,--,53,112784,买盘
547,14:05:45,21.28,0.03,21,44688,买盘
548,14:05:39,21.25,--,29,61625,卖盘
549,14:05:35,21.25,--,144,306000,卖盘
550,14:05:30,21.25,--,23,48875,卖盘
551,14:05:24,21.25,--,13,27625,卖盘
552,14:05:20,21.25,--,2,4250,卖盘
553,14:05:15,21.25,0.04,261,554625,买盘
554,14:05:05,21.21,0.01,20,42420,卖盘
555,14:05:00,21.2,--,0,0,卖盘
556,14:04:54,21.2,0.01,258,546960,买盘
557,14:04:50,21.19,0.05,36,76453,买盘
558,14:04:39,21.14,-0.01,1,2114,中性盘
559,14:04:35,21.15,0.02,54,114209,中性盘
560,14:04:30,21.13,--,1,2113,卖盘
561,14:04:24,21.13,--,0,0,卖盘
562,14:04:09,21.13,--,0,0,卖盘
563,14:04:04,21.13,0.01,6,12678,买盘
564,14:03:59,21.12,--,29,61248,卖盘
565,14:03:49,21.12,--,12,25344,卖盘
566,14:03:39,21.12,0.06,3,6336,卖盘
567,14:03:34,21.06,--,0,0,卖盘
568,14:03:29,21.06,-0.05,18,37908,卖盘
569,14:03:14,21.11,0.05,7,14777,卖盘
570,14:03:09,21.06,-0.03,3,6318,买盘
571,14:03:04,21.09,-0.03,16,33744,卖盘
572,14:02:59,21.12,-0.04,10,21120,买盘
573,14:02:54,21.16,--,0,0,买盘
574,14:02:49,21.16,--,0,0,买盘
575,14:02:44,21.16,0.15,20,42320,买盘
576,14:02:39,21.01,-0.1,99,209931,卖盘
577,14:02:34,21.11,--,0,0,卖盘
578,14:02:24,21.11,-0.05,253,534083,卖盘
579,14:02:14,21.16,0.04,13,27508,中性盘
580,14:02:09,21.12,--,31,65472,卖盘
581,14:02:04,21.12,-0.03,54,114048,卖盘
582,14:01:59,21.15,-0.04,6,12690,卖盘
583,14:01:54,21.19,0.04,10,21190,买盘
584,14:01:44,21.15,-0.01,11,23265,卖盘
585,14:01:38,21.16,0.01,6,12696,卖盘
586,14:01:29,21.15,--,0,0,卖盘
587,14:01:24,21.15,--,100,211500,卖盘
588,14:01:19,21.15,--,4,8460,卖盘
589,14:01:03,21.15,-0.03,143,302445,卖盘
590,14:00:59,21.18,0.03,26,55068,买盘
591,14:00:53,21.15,--,1,2115,卖盘
592,14:00:38,21.15,-0.03,156,330109,卖盘
593,14:00:33,21.18,--,0,0,中性盘
594,14:00:29,21.18,--,4,8472,卖盘
595,14:00:24,21.18,0.06,18,38124,买盘
596,14:00:03,21.12,0.01,6,12672,买盘
597,13:59:53,21.11,-0.01,2,4222,卖盘
598,13:59:48,21.12,--,1,2112,买盘
599,13:59:44,21.12,0.01,1,2112,买盘
600,13:59:38,21.11,--,100,211100,卖盘
601,13:59:33,21.11,--,20,42220,卖盘
602,13:59:29,21.11,--,41,86551,卖盘
603,13:59:23,21.11,--,3,6333,卖盘
604,13:59:08,21.11,0.05,94,198434,买盘
605,13:58:59,21.06,0.01,43,90558,买盘
606,13:58:53,21.05,0.01,3,6315,卖盘
607,13:58:44,21.04,--,1,2104,卖盘
608,13:58:38,21.04,0.01,45,94680,买盘
609,13:58:33,21.03,-0.01,20,42060,卖盘
610,13:58:29,21.04,--,0,0,买盘
611,13:58:23,21.04,0.02,8,16832,买盘
612,13:58:18,21.02,-0.02,24,50448,卖盘
613,13:58:14,21.04,0.01,15,31560,买盘
614,13:58:08,21.03,-0.01,9,18927,卖盘
615,13:57:58,21.04,0.01,13,27352,买盘
616,13:57:53,21.03,-0.01,6,12618,卖盘
617,13:57:44,21.04,0.01,5,10520,买盘
618,13:57:38,21.03,-0.01,29,60987,卖盘
619,13:57:33,21.04,0.01,5,10520,买盘
620,13:57:28,21.03,-0.03,106,222918,卖盘
621,13:57:23,21.06,-0.04,38,80028,卖盘
622,13:57:18,21.1,0.02,3,6330,买盘
623,13:57:03,21.08,0.01,14,29511,买盘
624,13:56:58,21.07,-0.03,15,31605,卖盘
625,13:56:53,21.1,--,25,52750,买盘
626,13:56:43,21.1,0.02,1,2110,买盘
627,13:56:38,21.08,-0.02,10,21080,卖盘
628,13:56:33,21.1,-0.02,31,65410,卖盘
629,13:56:28,21.12,0.01,5,10560,买盘
630,13:56:23,21.11,-0.01,15,31665,卖盘
631,13:56:13,21.12,--,17,35904,卖盘
632,13:56:08,21.12,-0.01,70,147840,卖盘
633,13:55:58,21.13,--,2,4226,卖盘
634,13:55:53,21.13,--,0,0,卖盘
635,13:55:48,21.13,-0.02,24,50712,卖盘
636,13:55:43,21.15,--,3,6345,卖盘
637,13:55:38,21.15,--,56,118439,卖盘
638,13:55:33,21.15,-0.01,1,2115,卖盘
639,13:55:23,21.16,--,3,6348,卖盘
640,13:55:13,21.16,0.01,3,6348,卖盘
641,13:55:03,21.15,-0.04,23,48645,卖盘
642,13:54:47,21.19,--,3,6357,买盘
643,13:54:38,21.19,0.03,40,84760,买盘
644,13:54:32,21.16,0.01,10,21160,卖盘
645,13:54:08,21.15,--,0,0,卖盘
646,13:54:02,21.15,--,0,0,卖盘
647,13:53:53,21.15,0.02,20,42300,卖盘
648,13:53:47,21.13,--,0,0,卖盘
649,13:53:38,21.13,0.01,2,4226,卖盘
650,13:53:27,21.12,--,0,0,卖盘
651,13:53:23,21.12,--,25,52800,卖盘
652,13:53:08,21.12,--,53,111936,卖盘
653,13:53:02,21.12,-0.01,65,137280,卖盘
654,13:52:53,21.13,0.01,2,4226,卖盘
655,13:52:47,21.12,--,11,23232,卖盘
656,13:52:38,21.12,-0.04,10,21120,卖盘
657,13:52:32,21.16,--,10,21160,买盘
658,13:52:23,21.16,--,35,74060,买盘
659,13:52:17,21.16,--,6,12696,买盘
660,13:52:12,21.16,--,17,35972,买盘
661,13:52:08,21.16,--,5,10580,买盘
662,13:52:02,21.16,--,5,10580,买盘
663,13:51:53,21.16,0.04,5,10580,买盘
664,13:51:47,21.12,--,4,8448,卖盘
665,13:51:38,21.12,0.02,17,35904,买盘
666,13:51:17,21.1,0.02,2,4220,卖盘
667,13:51:12,21.08,--,0,0,卖盘
668,13:51:07,21.08,-0.04,28,59023,卖盘
669,13:51:02,21.12,0.05,2,4224,买盘
670,13:50:53,21.07,--,0,0,卖盘
671,13:50:37,21.07,--,30,63210,买盘
672,13:50:32,21.07,0.01,7,14749,买盘
673,13:50:22,21.06,--,49,103194,买盘
674,13:50:17,21.06,0.01,100,210600,买盘
675,13:50:12,21.05,-0.01,1,2105,卖盘
676,13:50:07,21.06,--,24,50544,买盘
677,13:49:52,21.06,--,3,6318,买盘
678,13:49:47,21.06,0.01,1,2106,买盘
679,13:49:37,21.05,-0.01,7,14735,卖盘
680,13:49:32,21.06,--,9,18954,买盘
681,13:49:22,21.06,0.01,30,63179,买盘
682,13:49:17,21.05,--,8,16840,卖盘
683,13:49:07,21.05,--,5,10525,卖盘
684,13:48:52,21.05,--,1,2105,卖盘
685,13:48:37,21.05,--,8,16840,卖盘
686,13:48:32,21.05,-0.01,1,2105,卖盘
687,13:48:17,21.06,--,3,6318,买盘
688,13:48:07,21.06,--,6,12636,卖盘
689,13:48:02,21.06,-0.01,24,50544,卖盘
690,13:47:56,21.07,0.01,10,21070,买盘
691,13:47:41,21.06,--,3,6318,卖盘
692,13:47:37,21.06,-0.01,5,10530,卖盘
693,13:47:26,21.07,--,11,23177,买盘
694,13:47:17,21.07,-0.01,34,71638,卖盘
695,13:47:06,21.08,-0.02,1,2108,卖盘
696,13:46:56,21.1,-0.01,8,16880,卖盘
697,13:46:51,21.11,0.01,1,2111,买盘
698,13:46:46,21.1,--,1,2110,卖盘
699,13:46:36,21.1,-0.03,55,116050,卖盘
700,13:46:26,21.13,-0.02,11,23243,卖盘
701,13:46:16,21.15,--,19,40185,卖盘
702,13:46:01,21.15,--,2,4230,卖盘
703,13:45:41,21.15,--,17,35955,卖盘
704,13:45:36,21.15,-0.01,7,14804,卖盘
705,13:45:31,21.16,0.03,2,4232,中性盘
706,13:45:26,21.13,--,0,0,卖盘
707,13:45:16,21.13,-0.02,5,10565,卖盘
708,13:45:11,21.15,--,11,23265,卖盘
709,13:45:01,21.15,0.02,6,12690,买盘
710,13:44:56,21.13,--,1,2113,卖盘
711,13:44:41,21.13,--,2,4226,卖盘
712,13:44:26,21.13,-0.1,114,240882,卖盘
713,13:44:21,21.23,--,3,6369,卖盘
714,13:44:16,21.23,--,10,21230,卖盘
715,13:44:11,21.23,0.06,92,195316,买盘
716,13:44:06,21.17,--,20,42340,卖盘
717,13:44:01,21.17,--,1,2117,卖盘
718,13:43:51,21.17,--,2,4234,卖盘
719,13:43:46,21.17,-0.01,28,59276,卖盘
720,13:43:41,21.18,-0.04,22,46596,卖盘
721,13:43:31,21.22,0.02,21,44562,买盘
722,13:43:26,21.2,0.03,15,31800,买盘
723,13:43:21,21.17,--,0,0,卖盘
724,13:43:16,21.17,0.01,3,6351,卖盘
725,13:43:11,21.16,--,0,0,卖盘
726,13:43:06,21.16,--,1,2116,卖盘
727,13:42:56,21.16,--,1,2116,卖盘
728,13:42:46,21.16,--,3,6348,卖盘
729,13:42:41,21.16,--,2,4232,卖盘
730,13:42:36,21.16,--,1,2116,卖盘
731,13:42:26,21.16,-0.07,1,2116,卖盘
732,13:42:21,21.23,0.03,4,8492,买盘
733,13:42:16,21.2,--,5,10600,买盘
734,13:42:11,21.2,--,5,10600,买盘
735,13:42:06,21.2,--,9,19080,卖盘
736,13:42:01,21.2,--,2,4240,卖盘
737,13:41:51,21.2,-0.03,1,2120,卖盘
738,13:41:41,21.23,0.03,2,4246,买盘
739,13:41:31,21.2,--,1,2120,卖盘
740,13:41:21,21.2,0.08,3,6360,买盘
741,13:41:16,21.12,-0.03,8,16896,卖盘
742,13:41:06,21.15,--,1,2115,卖盘
743,13:41:01,21.15,0.03,3,6345,买盘
744,13:40:56,21.12,--,1,2112,卖盘
745,13:40:46,21.12,--,1,2112,卖盘
746,13:40:41,21.12,--,9,19008,卖盘
747,13:40:31,21.12,--,2,4224,卖盘
748,13:40:26,21.12,--,0,0,卖盘
749,13:40:20,21.12,--,1,2112,卖盘
750,13:40:11,21.12,-0.07,126,266112,卖盘
751,13:40:00,21.19,0.07,27,57213,买盘
752,13:39:56,21.12,0.01,6,12672,买盘
753,13:39:45,21.11,-0.08,27,56997,卖盘
754,13:39:40,21.19,0.07,4,8476,买盘
755,13:39:20,21.12,--,0,0,中性盘
756,13:39:15,21.12,--,10,21120,买盘
757,13:39:10,21.12,--,1,2112,买盘
758,13:39:05,21.12,-0.14,10,21120,买盘
759,13:38:50,21.26,0.15,19,40394,买盘
760,13:38:45,21.11,--,0,0,卖盘
761,13:38:40,21.11,-0.01,2,4222,卖盘
762,13:38:25,21.12,-0.08,16,33792,卖盘
763,13:38:20,21.2,-0.01,76,161120,卖盘
764,13:38:00,21.21,0.01,2,4242,买盘
765,13:37:50,21.2,0.09,11,23320,买盘
766,13:37:40,21.11,-0.1,2,4222,卖盘
767,13:37:35,21.21,--,0,0,买盘
768,13:37:25,21.21,--,0,0,买盘
769,13:37:00,21.21,--,0,0,买盘
770,13:36:50,21.21,0.13,10,21210,中性盘
771,13:36:40,21.08,--,4,8432,买盘
772,13:36:35,21.08,0.01,75,158100,买盘
773,13:36:30,21.07,-0.13,12,25284,卖盘
774,13:36:25,21.2,-0.06,37,78440,买盘
775,13:36:10,21.26,--,0,0,买盘
776,13:36:05,21.26,0.06,119,252994,买盘
777,13:36:00,21.2,--,245,519400,卖盘
778,13:35:55,21.2,-0.01,2,4240,卖盘
779,13:35:50,21.21,0.01,5,10605,买盘
780,13:35:45,21.2,--,6,12720,卖盘
781,13:35:40,21.2,--,7,14840,卖盘
782,13:35:35,21.2,0.14,68,144160,买盘
783,13:35:30,21.06,--,0,0,卖盘
784,13:35:25,21.06,-0.14,20,42120,卖盘
785,13:35:10,21.2,0.07,106,224720,买盘
786,13:34:55,21.13,0.03,79,166927,买盘
787,13:34:50,21.1,0.04,20,42200,买盘
788,13:34:40,21.06,0.04,2,4212,卖盘
789,13:34:25,21.02,--,0,0,卖盘
790,13:34:10,21.02,--,0,0,卖盘
791,13:33:59,21.02,--,0,0,卖盘
792,13:33:55,21.02,--,167,351034,卖盘
793,13:33:50,21.02,-0.05,5,10510,中性盘
794,13:33:40,21.07,--,14,29498,买盘
795,13:33:20,21.07,--,0,0,买盘
796,13:33:10,21.07,0.07,20,42140,买盘
797,13:32:55,21.0,--,1,2100,卖盘
798,13:32:50,21.0,--,0,0,卖盘
799,13:32:39,21.0,0.02,4,8400,中性盘
800,13:32:35,20.98,-0.02,40,83920,卖盘
801,13:32:25,21.0,0.01,43,91140,买盘
802,13:32:20,20.99,-0.01,9,18891,卖盘
803,13:32:14,21.0,--,25,52500,买盘
804,13:31:54,21.0,0.01,5,10500,买盘
805,13:31:49,20.99,-0.02,118,248941,卖盘
806,13:31:39,21.01,-0.07,2,4202,卖盘
807,13:31:34,21.08,0.05,62,130695,买盘
808,13:31:29,21.03,--,0,0,中性盘
809,13:31:24,21.03,0.01,12,25236,卖盘
810,13:31:19,21.02,--,0,0,卖盘
811,13:31:14,21.02,--,0,0,卖盘
812,13:30:59,21.02,--,5,10510,买盘
813,13:30:54,21.02,0.01,10,21020,买盘
814,13:30:49,21.01,--,8,16808,卖盘
815,13:30:39,21.01,-0.01,25,52525,卖盘
816,13:30:34,21.02,--,0,0,卖盘
817,13:30:29,21.02,--,0,0,卖盘
818,13:29:49,21.02,--,0,0,卖盘
819,13:29:44,21.02,0.01,1,2102,买盘
820,13:29:39,21.01,-0.01,2,4202,卖盘
821,13:29:34,21.02,--,14,29428,卖盘
822,13:29:29,21.02,--,1,2102,卖盘
823,13:29:24,21.02,--,10,21020,买盘
824,13:29:19,21.02,0.01,217,456134,买盘
825,13:28:59,21.01,--,3,6303,卖盘
826,13:28:54,21.01,--,3,6303,卖盘
827,13:28:49,21.01,--,1,2101,卖盘
828,13:28:44,21.01,-0.01,11,23111,卖盘
829,13:28:39,21.02,--,97,203894,买盘
830,13:28:34,21.02,--,3,6306,买盘
831,13:28:29,21.02,--,10,21020,买盘
832,13:28:24,21.02,--,4,8408,卖盘
833,13:28:14,21.02,--,3,6306,卖盘
834,13:28:09,21.02,--,20,42040,卖盘
835,13:28:04,21.02,-0.02,2,4204,卖盘
836,13:27:59,21.04,0.02,8,16832,买盘
837,13:27:49,21.02,--,8,16816,卖盘
838,13:27:44,21.02,--,7,14714,卖盘
839,13:27:39,21.02,--,9,18918,卖盘
840,13:27:29,21.02,--,4,8408,卖盘
841,13:27:24,21.02,-0.01,40,84080,卖盘
842,13:27:19,21.03,--,1,2103,卖盘
843,13:27:09,21.03,-0.01,5,10515,卖盘
844,13:26:54,21.04,--,19,40480,卖盘
845,13:26:49,21.04,--,100,210400,卖盘
846,13:26:44,21.04,--,2,4208,卖盘
847,13:26:38,21.04,-0.01,20,42080,卖盘
848,13:26:34,21.05,0.01,12,25260,买盘
849,13:26:29,21.04,--,15,31560,卖盘
850,13:26:19,21.04,-0.01,31,66823,卖盘
851,13:26:04,21.05,--,0,0,买盘
852,13:25:59,21.05,0.01,10,21050,买盘
853,13:25:49,21.04,-0.01,25,52600,卖盘
854,13:25:34,21.05,-0.06,176,370985,卖盘
855,13:25:29,21.11,--,14,29554,买盘
856,13:25:14,21.11,0.01,3,6333,买盘
857,13:25:08,21.1,--,15,31650,卖盘
858,13:24:59,21.1,--,1,2110,卖盘
859,13:24:44,21.1,--,23,48530,卖盘
860,13:24:29,21.1,-0.05,61,128710,卖盘
861,13:24:23,21.15,0.02,2,4230,买盘
862,13:24:18,21.13,-0.02,10,21130,卖盘
863,13:24:14,21.15,--,0,0,卖盘
864,13:24:08,21.15,--,24,50760,卖盘
865,13:23:43,21.15,--,6,12690,卖盘
866,13:23:38,21.15,--,2,4230,卖盘
867,13:23:23,21.15,--,1,2115,卖盘
868,13:23:18,21.15,0.02,6,12690,买盘
869,13:23:08,21.13,--,5,10565,卖盘
870,13:22:43,21.13,0.02,7,14791,买盘
871,13:22:38,21.11,--,28,59108,卖盘
872,13:22:23,21.11,--,1,2111,卖盘
873,13:21:58,21.11,-0.01,4,8444,卖盘
874,13:21:53,21.12,0.01,1,2112,买盘
875,13:21:38,21.11,--,27,56997,卖盘
876,13:21:23,21.11,--,4,8444,卖盘
877,13:21:18,21.11,--,38,80218,卖盘
878,13:21:08,21.11,--,2,4222,卖盘
879,13:20:53,21.11,0.01,4,8444,买盘
880,13:20:43,21.1,--,1,2110,卖盘
881,13:20:38,21.1,--,25,52750,卖盘
882,13:20:28,21.1,--,0,1603,买盘
883,13:20:18,21.1,0.01,3,6330,买盘
884,13:20:08,21.09,--,2,4218,卖盘
885,13:19:58,21.09,-0.01,10,21090,卖盘
886,13:19:43,21.1,--,0,506,卖盘
887,13:19:38,21.1,-0.02,19,40090,卖盘
888,13:19:23,21.12,--,8,16896,卖盘
889,13:19:08,21.12,-0.01,18,38016,卖盘
890,13:18:43,21.13,0.01,4,8452,买盘
891,13:18:38,21.12,-0.01,9,19008,中性盘
892,13:18:28,21.13,-0.02,35,73955,卖盘
893,13:18:13,21.15,0.05,1,2115,买盘
894,13:18:08,21.1,--,0,0,卖盘
895,13:17:58,21.1,-0.05,26,54860,卖盘
896,13:17:53,21.15,0.03,130,274950,买盘
897,13:17:43,21.12,-0.03,93,196416,卖盘
898,13:17:38,21.15,--,10,21150,卖盘
899,13:17:28,21.15,--,4,8460,卖盘
900,13:17:23,21.15,--,19,40185,买盘
901,13:17:17,21.15,--,2,4230,买盘
902,13:17:02,21.15,0.03,2,4230,买盘
903,13:16:37,21.12,-0.03,5,10560,卖盘
904,13:16:27,21.15,0.03,1,2115,买盘
905,13:16:23,21.12,-0.01,5,10560,卖盘
906,13:16:07,21.13,0.01,47,99311,中性盘
907,13:15:52,21.12,0.02,3,7941,买盘
908,13:15:47,21.1,--,1,2110,卖盘
909,13:15:37,21.1,-0.02,5,10550,卖盘
910,13:15:22,21.12,--,1,2618,卖盘
911,13:15:02,21.12,0.02,3,7941,买盘
912,13:14:52,21.1,-0.02,17,35870,卖盘
913,13:14:47,21.12,--,44,93434,卖盘
914,13:14:37,21.12,-0.05,18,38016,卖盘
915,13:14:22,21.17,--,10,21170,买盘
916,13:14:17,21.17,-0.02,3,6351,买盘
917,13:14:12,21.19,0.04,1,2119,买盘
918,13:14:07,21.15,-0.02,24,50760,卖盘
919,13:13:47,21.17,--,0,0,卖盘
920,13:13:37,21.17,--,5,10585,卖盘
921,13:13:32,21.17,--,2,4234,卖盘
922,13:13:27,21.17,0.02,5,10585,中性盘
923,13:13:17,21.15,-0.05,7,14804,卖盘
924,13:13:12,21.2,--,10,21200,买盘
925,13:13:07,21.2,0.04,11,23320,买盘
926,13:13:02,21.16,-0.04,11,23276,卖盘
927,13:12:57,21.2,--,15,31800,卖盘
928,13:12:42,21.2,--,4,8480,买盘
929,13:12:37,21.2,-0.04,31,65720,卖盘
930,13:12:32,21.24,--,0,0,买盘
931,13:12:26,21.24,0.04,1,2124,买盘
932,13:12:22,21.2,--,1,2120,卖盘
933,13:12:07,21.2,--,2,4240,卖盘
934,13:12:02,21.2,--,1,2120,卖盘
935,13:11:47,21.2,0.01,21,44520,买盘
936,13:11:41,21.19,--,0,0,买盘
937,13:11:37,21.19,-0.01,5,10595,卖盘
938,13:11:32,21.2,-0.04,29,61480,卖盘
939,13:11:26,21.24,--,2,4248,卖盘
940,13:11:22,21.24,0.04,3,6371,买盘
941,13:11:17,21.2,-0.06,6,12720,卖盘
942,13:10:47,21.26,0.06,5,10630,买盘
943,13:10:41,21.2,--,0,0,卖盘
944,13:10:37,21.2,--,2,4240,卖盘
945,13:10:31,21.2,--,16,33920,买盘
946,13:10:22,21.2,--,1,2120,买盘
947,13:10:11,21.2,--,10,21200,买盘
948,13:09:52,21.2,0.01,1,2120,买盘
949,13:09:46,21.19,--,2,4238,卖盘
950,13:09:37,21.19,--,15,31785,卖盘
951,13:09:31,21.19,0.04,128,271232,买盘
952,13:09:21,21.15,--,17,35955,卖盘
953,13:09:16,21.15,--,10,21150,买盘
954,13:08:56,21.15,-0.01,8,16920,买盘
955,13:08:51,21.16,0.04,9,19044,买盘
956,13:08:31,21.12,0.01,0,1605,卖盘
957,13:08:21,21.11,--,6,12666,卖盘
958,13:07:26,21.11,--,7,14777,卖盘
959,13:07:16,21.11,--,5,10555,卖盘
960,13:07:06,21.11,--,6,12666,卖盘
961,13:07:01,21.11,0.01,5,10555,中性盘
962,13:06:55,21.1,--,7,14770,卖盘
963,13:06:46,21.1,0.01,11,23210,卖盘
964,13:06:41,21.09,--,0,0,卖盘
965,13:06:36,21.09,--,6,12654,卖盘
966,13:06:26,21.09,--,7,14763,卖盘
967,13:06:16,21.09,--,6,12654,卖盘
968,13:06:11,21.09,-0.06,6,12654,卖盘
969,13:06:06,21.15,0.05,2,4230,买盘
970,13:06:00,21.1,--,0,0,买盘
971,13:05:56,21.1,--,6,12660,卖盘
972,13:05:51,21.1,--,6,12660,卖盘
973,13:05:46,21.1,--,1,2110,卖盘
974,13:05:41,21.1,--,7,14770,中性盘
975,13:05:36,21.1,--,8,16880,卖盘
976,13:05:31,21.1,-0.06,1,2110,卖盘
977,13:05:26,21.16,--,0,0,买盘
978,13:05:21,21.16,-0.01,8,17435,卖盘
979,13:05:16,21.17,0.01,45,95265,买盘
980,13:05:11,21.16,--,20,42320,卖盘
981,13:05:01,21.16,--,6,12696,卖盘
982,13:04:56,21.16,0.06,28,60856,买盘
983,13:04:41,21.1,--,6,12660,卖盘
984,13:04:26,21.1,--,1,2110,卖盘
985,13:04:16,21.1,0.01,4,8440,买盘
986,13:03:55,21.09,--,1,2109,卖盘
987,13:03:30,21.09,-0.01,5,10545,卖盘
988,13:03:25,21.1,0.01,1,2110,卖盘
989,13:03:01,21.09,--,0,0,卖盘
990,13:01:50,21.09,--,5,10545,卖盘
991,13:01:40,21.09,--,0,0,卖盘
992,13:01:30,21.09,--,1,2109,卖盘
993,13:01:25,21.09,--,1,2109,卖盘
994,13:01:20,21.09,--,0,0,卖盘
995,13:00:30,21.09,--,5,10545,卖盘
996,13:00:25,21.09,-0.09,7,14763,卖盘
997,13:00:05,21.18,-0.01,120,254160,中性盘
998,11:30:00,21.19,--,0,0,买盘
999,11:29:59,21.19,--,0,0,买盘
1000,11:29:59,21.19,0.1,100,211900,买盘
1001,11:29:57,21.09,-0.01,15,31635,卖盘
1002,11:29:51,21.1,0.01,17,35870,卖盘
1003,11:29:41,21.09,--,0,0,卖盘
1004,11:29:36,21.09,0.01,149,314241,卖盘
1005,11:29:31,21.08,--,0,0,卖盘
1006,11:29:26,21.08,--,2,4216,卖盘
1007,11:29:20,21.08,-0.02,15,31619,卖盘
1008,11:29:16,21.1,--,51,107610,买盘
1009,11:29:06,21.1,0.01,71,149810,买盘
1010,11:29:01,21.09,0.01,20,42180,买盘
1011,11:28:56,21.08,-0.01,27,56915,卖盘
1012,11:28:51,21.09,0.01,15,31635,买盘
1013,11:28:46,21.08,--,10,21080,卖盘
1014,11:28:30,21.08,--,111,233987,买盘
1015,11:28:26,21.08,0.02,56,118047,买盘
1016,11:28:16,21.06,--,1,2106,买盘
1017,11:28:11,21.06,--,1,2106,买盘
1018,11:28:06,21.06,--,1,2106,买盘
1019,11:28:01,21.06,--,4,8424,买盘
1020,11:27:56,21.06,-0.01,10,21060,买盘
1021,11:27:50,21.07,--,2,4214,卖盘
1022,11:27:41,21.07,0.03,8,16856,买盘
1023,11:27:35,21.04,-0.01,1,2104,卖盘
1024,11:27:20,21.05,--,1,2105,中性盘
1025,11:27:16,21.05,--,3,6315,买盘
1026,11:27:11,21.05,--,3,6315,买盘
1027,11:27:06,21.05,--,5,10525,卖盘
1028,11:27:01,21.05,-0.02,20,42100,卖盘
1029,11:26:56,21.07,0.02,14,29498,买盘
1030,11:26:46,21.05,--,6,12630,买盘
1031,11:26:41,21.05,0.02,3,6315,买盘
1032,11:26:26,21.03,--,10,21030,卖盘
1033,11:26:06,21.03,--,8,16824,卖盘
1034,11:25:50,21.03,--,0,0,卖盘
1035,11:25:41,21.03,-0.05,15,31545,卖盘
1036,11:25:30,21.08,--,0,0,买盘
1037,11:25:26,21.08,0.05,1,2108,买盘
1038,11:25:06,21.03,-0.06,24,50472,卖盘
1039,11:24:46,21.09,0.06,1,2109,买盘
1040,11:24:41,21.03,-0.01,15,31545,卖盘
1041,11:24:36,21.04,-0.02,90,189360,卖盘
1042,11:24:31,21.06,0.04,93,195858,买盘
1043,11:24:25,21.02,--,0,0,卖盘
1044,11:24:15,21.02,-0.03,16,33632,卖盘
1045,11:24:11,21.05,0.04,2,4210,买盘
1046,11:24:05,21.01,--,4,8404,卖盘
1047,11:23:55,21.01,--,1,2101,卖盘
1048,11:23:50,21.01,0.02,177,372717,买盘
1049,11:23:40,20.99,--,15,31484,卖盘
1050,11:23:35,20.99,-0.01,14,29385,中性盘
1051,11:23:29,21.0,0.01,95,199500,买盘
1052,11:23:25,20.99,--,1,2099,买盘
1053,11:23:20,20.99,--,0,0,买盘
1054,11:23:10,20.99,--,16,33625,买盘
1055,11:23:05,20.99,-0.01,15,31484,中性盘
1056,11:22:55,21.0,0.02,25,52500,买盘
1057,11:22:50,20.98,--,11,23078,买盘
1058,11:22:44,20.98,0.01,95,199310,买盘
1059,11:22:40,20.97,0.03,19,39843,买盘
1060,11:22:35,20.94,-0.01,10,20940,卖盘
1061,11:22:29,20.95,--,1,2095,卖盘
1062,11:22:20,20.95,-0.03,6,12570,中性盘
1063,11:22:15,20.98,--,20,41960,买盘
1064,11:22:05,20.98,0.04,4,8392,买盘
1065,11:22:00,20.94,-0.04,5,10470,卖盘
1066,11:21:50,20.98,--,5,10490,买盘
1067,11:21:45,20.98,0.05,3,6294,买盘
1068,11:21:40,20.93,-0.05,15,31395,卖盘
1069,11:21:35,20.98,0.05,16,33568,买盘
1070,11:21:29,20.93,-0.01,14,29302,卖盘
1071,11:21:25,20.94,0.01,1,2094,卖盘
1072,11:21:20,20.93,0.01,8,16744,中性盘
1073,11:21:15,20.92,-0.02,15,31380,中性盘
1074,11:21:10,20.94,0.03,4,8376,买盘
1075,11:21:04,20.91,-0.01,306,639846,卖盘
1076,11:21:00,20.92,-0.02,6,12552,卖盘
1077,11:20:55,20.94,--,0,0,买盘
1078,11:20:50,20.94,0.02,1,2094,中性盘
1079,11:20:45,20.92,-0.03,185,387020,卖盘
1080,11:20:39,20.95,-0.03,15,31425,卖盘
1081,11:20:35,20.98,-0.01,111,232878,卖盘
1082,11:20:30,20.99,--,2,4198,买盘
1083,11:20:24,20.99,-0.01,57,119642,卖盘
1084,11:20:20,21.0,--,7,14700,买盘
1085,11:20:14,21.0,--,6,12600,买盘
1086,11:20:10,21.0,--,1,2100,买盘
1087,11:20:05,21.0,-0.04,750,1576260,卖盘
1088,11:19:59,21.04,0.03,22,46288,买盘
1089,11:19:50,21.01,0.01,9,18909,卖盘
1090,11:19:45,21.0,--,0,0,卖盘
1091,11:19:40,21.0,-0.01,317,665700,卖盘
1092,11:19:25,21.01,--,3,6303,买盘
1093,11:19:19,21.01,-0.03,7,14707,卖盘
1094,11:19:14,21.04,0.03,16,33664,买盘
1095,11:19:05,21.01,0.01,15,31515,卖盘
1096,11:19:00,21.0,-0.04,119,249900,卖盘
1097,11:18:54,21.04,0.03,1,2104,中性盘
1098,11:18:44,21.01,--,5,10505,卖盘
1099,11:18:40,21.01,--,15,31515,卖盘
1100,11:18:35,21.01,-0.04,4,8404,卖盘
1101,11:18:29,21.05,0.04,20,42100,买盘
1102,11:18:20,21.01,--,10,21010,卖盘
1103,11:18:14,21.01,-0.04,1,2101,卖盘
1104,11:18:10,21.05,0.04,1,2105,买盘
1105,11:17:59,21.01,0.01,10,21010,卖盘
1106,11:17:50,21.0,--,0,0,卖盘
1107,11:17:44,21.0,--,0,0,卖盘
1108,11:17:39,21.0,-0.06,57,119700,卖盘
1109,11:17:34,21.06,0.06,36,75816,买盘
1110,11:17:29,21.0,-0.06,18,37800,卖盘
1111,11:17:25,21.06,0.06,1,2106,买盘
1112,11:17:19,21.0,--,0,0,卖盘
1113,11:17:14,21.0,--,92,193200,卖盘
1114,11:17:09,21.0,--,0,0,卖盘
1115,11:17:04,21.0,--,0,0,卖盘
1116,11:16:59,21.0,-0.06,4,8400,卖盘
1117,11:16:55,21.06,0.06,1,2106,买盘
1118,11:16:49,21.0,--,1,2100,卖盘
1119,11:16:44,21.0,--,2,4200,卖盘
1120,11:16:38,21.0,--,21,44100,卖盘
1121,11:16:29,21.0,--,13,27300,卖盘
1122,11:16:23,21.0,-0.11,1000,2100000,卖盘
1123,11:16:19,21.11,0.01,8,16888,买盘
1124,11:16:14,21.1,--,25,52750,卖盘
1125,11:16:08,21.1,0.03,1,2110,卖盘
1126,11:15:59,21.07,0.02,56,117992,买盘
1127,11:15:53,21.05,0.03,7,14735,买盘
1128,11:15:49,21.02,--,0,0,卖盘
1129,11:15:38,21.02,-0.03,15,31530,卖盘
1130,11:15:34,21.05,0.02,2,4210,买盘
1131,11:15:29,21.03,-0.01,3,6309,卖盘
1132,11:15:23,21.04,--,7,14728,卖盘
1133,11:15:08,21.04,--,5,10520,卖盘
1134,11:15:04,21.04,--,0,0,卖盘
1135,11:14:59,21.04,--,10,21040,卖盘
1136,11:14:44,21.04,--,0,0,卖盘
1137,11:14:38,21.04,-0.01,53,111512,卖盘
1138,11:14:33,21.05,-0.01,17,35785,卖盘
1139,11:14:28,21.06,0.01,8,16848,买盘
1140,11:14:23,21.05,--,15,31575,卖盘
1141,11:14:13,21.05,-0.01,4,8420,卖盘
1142,11:14:08,21.06,--,10,21060,买盘
1143,11:14:03,21.06,0.05,6,12636,买盘
1144,11:13:58,21.01,-0.05,600,1260600,卖盘
1145,11:13:53,21.06,0.01,10,21060,买盘
1146,11:13:49,21.05,-0.01,6,12630,卖盘
1147,11:13:43,21.06,-0.01,180,379080,卖盘
1148,11:13:38,21.07,-0.01,24,50568,卖盘
1149,11:13:29,21.08,--,0,0,中性盘
1150,11:13:23,21.08,--,1,2108,买盘
1151,11:13:18,21.08,0.01,1,2108,买盘
1152,11:13:08,21.07,-0.01,31,65317,卖盘
1153,11:12:48,21.08,0.01,2,4216,中性盘
1154,11:12:43,21.07,--,0,0,卖盘
1155,11:12:38,21.07,-0.01,36,75852,卖盘
1156,11:12:23,21.08,0.02,3,6323,卖盘
1157,11:12:13,21.06,--,0,0,卖盘
1158,11:11:58,21.06,-0.02,25,52650,卖盘
1159,11:11:53,21.08,0.02,2,4216,买盘
1160,11:11:43,21.06,--,0,0,卖盘
1161,11:11:38,21.06,-0.02,32,67392,卖盘
1162,11:11:28,21.08,--,3,6323,卖盘
1163,11:11:23,21.08,--,4,8432,卖盘
1164,11:11:19,21.08,--,13,27403,卖盘
1165,11:11:13,21.08,-0.02,11,23187,卖盘
1166,11:11:08,21.1,0.02,12,25320,买盘
1167,11:10:58,21.08,--,1,2108,买盘
1168,11:10:38,21.08,-0.02,36,75888,卖盘
1169,11:10:28,21.1,--,1,2110,卖盘
1170,11:10:23,21.1,--,0,0,中性盘
1171,11:10:18,21.1,--,5,10550,卖盘
1172,11:10:13,21.1,0.02,15,31650,买盘
1173,11:10:08,21.08,0.02,3,6323,卖盘
1174,11:09:58,21.06,--,0,0,卖盘
1175,11:09:43,21.06,--,10,21060,卖盘
1176,11:09:38,21.06,0.02,68,143208,买盘
1177,11:09:28,21.04,-0.01,19,39976,卖盘
1178,11:09:23,21.05,0.01,15,31575,买盘
1179,11:09:13,21.04,-0.01,9,18936,卖盘
1180,11:09:08,21.05,0.01,16,33680,买盘
1181,11:08:58,21.04,-0.01,5,10520,卖盘
1182,11:08:53,21.05,0.02,5,10525,买盘
1183,11:08:47,21.03,--,11,23133,卖盘
1184,11:08:43,21.03,--,0,0,卖盘
1185,11:08:38,21.03,-0.02,30,63090,卖盘
1186,11:08:32,21.05,--,5,10525,买盘
1187,11:08:28,21.05,0.02,4,8420,买盘
1188,11:08:17,21.03,-0.02,11,23133,卖盘
1189,11:08:13,21.05,--,0,0,买盘
1190,11:08:08,21.05,0.02,200,422894,买盘
1191,11:08:02,21.03,-0.01,5,10515,卖盘
1192,11:07:58,21.04,0.01,22,46288,买盘
1193,11:07:53,21.03,-0.01,27,56781,卖盘
1194,11:07:47,21.04,--,10,21040,买盘
1195,11:07:43,21.04,0.01,5,10520,中性盘
1196,11:07:38,21.03,-0.02,62,130386,卖盘
1197,11:07:32,21.05,--,16,33680,买盘
1198,11:07:23,21.05,--,6,12630,买盘
1199,11:07:13,21.05,--,3,6315,买盘
1200,11:07:08,21.05,--,7,14735,买盘
1201,11:06:58,21.05,--,0,0,买盘
1202,11:06:52,21.05,-0.01,51,107355,卖盘
1203,11:06:47,21.06,--,90,189540,买盘
1204,11:06:43,21.06,0.01,1,2106,买盘
1205,11:06:37,21.05,-0.01,25,52625,卖盘
1206,11:06:32,21.06,-0.04,29,61073,卖盘
1207,11:06:17,21.1,--,4,8440,买盘
1208,11:06:12,21.1,-0.02,1,2110,买盘
1209,11:06:02,21.12,-0.01,5,10560,买盘
1210,11:05:58,21.13,--,10,21130,卖盘
1211,11:05:52,21.13,0.08,15,31695,买盘
1212,11:05:47,21.05,-0.07,138,290490,卖盘
1213,11:05:37,21.12,--,42,88704,卖盘
1214,11:05:32,21.12,--,64,135168,卖盘
1215,11:05:27,21.12,--,3,6336,卖盘
1216,11:05:17,21.12,--,8,16896,卖盘
1217,11:05:07,21.12,--,10,21120,卖盘
1218,11:05:02,21.12,0.07,324,684288,买盘
1219,11:04:58,21.05,--,14,29470,买盘
1220,11:04:52,21.05,0.02,1,2105,卖盘
1221,11:04:47,21.03,-0.01,36,75708,卖盘
1222,11:04:43,21.04,--,7,14728,卖盘
1223,11:04:37,21.04,-0.01,26,54704,卖盘
1224,11:04:32,21.05,--,0,0,买盘
1225,11:04:22,21.05,0.03,2,4210,中性盘
1226,11:04:17,21.02,-0.03,73,153446,卖盘
1227,11:04:07,21.05,-0.01,4,8420,卖盘
1228,11:04:02,21.06,0.01,6,12636,中性盘
1229,11:03:57,21.05,--,4,8420,卖盘
1230,11:03:52,21.05,--,5,10525,卖盘
1231,11:03:47,21.05,--,8,16840,卖盘
1232,11:03:42,21.05,--,4,8420,卖盘
1233,11:03:37,21.05,--,19,39995,卖盘
1234,11:03:32,21.05,0.04,70,147350,买盘
1235,11:03:26,21.01,--,1158,2434008,卖盘
1236,11:03:22,21.01,-0.1,1704,3580104,卖盘
1237,11:03:17,21.11,0.07,6,12666,买盘
1238,11:03:11,21.04,--,4,8416,卖盘
1239,11:03:07,21.04,--,1,2104,卖盘
1240,11:03:02,21.04,-0.06,19,39976,卖盘
1241,11:02:52,21.1,--,4,8440,卖盘
1242,11:02:47,21.1,0.06,16,33760,买盘
1243,11:02:37,21.04,--,15,31560,卖盘
1244,11:02:32,21.04,--,8,16832,卖盘
1245,11:02:26,21.04,--,4,8416,卖盘
1246,11:02:22,21.04,--,1,2104,卖盘
1247,11:02:17,21.04,0.02,28,58912,买盘
1248,11:02:07,21.02,--,13,27326,卖盘
1249,11:02:02,21.02,-0.07,63,132426,卖盘
1250,11:01:56,21.09,0.04,189,398601,买盘
1251,11:01:52,21.05,-0.03,5,10525,买盘
1252,11:01:47,21.08,--,47,99075,卖盘
1253,11:01:41,21.08,-0.02,11,23187,卖盘
1254,11:01:37,21.1,0.06,192,405120,买盘
1255,11:01:32,21.04,-0.04,131,275624,卖盘
1256,11:01:26,21.08,0.01,96,202367,卖盘
1257,11:01:22,21.07,0.03,283,596281,买盘
1258,11:01:17,21.04,-0.02,237,498648,卖盘
1259,11:01:11,21.06,-0.01,64,134784,卖盘
1260,11:01:07,21.07,--,15,31605,卖盘
1261,11:01:02,21.07,-0.02,16,33712,卖盘
1262,11:00:56,21.09,-0.01,155,326895,卖盘
1263,11:00:52,21.1,-0.01,31,65410,卖盘
1264,11:00:47,21.11,0.01,39,82329,买盘
1265,11:00:41,21.1,--,5,10550,卖盘
1266,11:00:37,21.1,--,31,65410,卖盘
1267,11:00:32,21.1,-0.03,344,725840,卖盘
1268,11:00:26,21.13,0.01,16,33808,中性盘
1269,11:00:22,21.12,-0.03,8,16896,卖盘
1270,11:00:17,21.15,0.03,2,4230,买盘
1271,11:00:11,21.12,-0.03,510,1077120,卖盘
1272,11:00:07,21.15,--,10,21150,卖盘
1273,11:00:02,21.15,-0.01,7,14804,卖盘
1274,10:59:56,21.16,--,2,4232,买盘
1275,10:59:51,21.16,--,49,103684,卖盘
1276,10:59:46,21.16,-0.01,323,683468,卖盘
1277,10:59:41,21.17,-0.03,15,31755,卖盘
1278,10:59:36,21.2,--,0,0,买盘
1279,10:59:31,21.2,--,0,0,中性盘
1280,10:59:26,21.2,-0.01,5,10600,卖盘
1281,10:59:21,21.21,0.01,3,6363,卖盘
1282,10:59:16,21.2,--,4,8480,卖盘
1283,10:59:11,21.2,--,14,29680,卖盘
1284,10:59:01,21.2,-0.03,18,38160,卖盘
1285,10:58:46,21.23,0.03,2,4246,买盘
1286,10:58:41,21.2,--,41,86920,买盘
1287,10:58:36,21.2,--,4,8480,卖盘
1288,10:58:31,21.2,--,6,12720,卖盘
1289,10:58:26,21.2,--,0,0,卖盘
1290,10:58:16,21.2,--,10,21200,卖盘
1291,10:58:11,21.2,--,9,19080,卖盘
1292,10:58:01,21.2,--,17,36040,卖盘
1293,10:57:56,21.2,--,40,84800,卖盘
1294,10:57:51,21.2,-0.05,60,127200,卖盘
1295,10:57:46,21.25,0.05,2,4250,买盘
1296,10:57:41,21.2,--,26,55120,卖盘
1297,10:57:21,21.2,--,6,12720,卖盘
1298,10:57:16,21.2,--,16,33920,卖盘
1299,10:56:56,21.2,-0.05,2,4240,卖盘
1300,10:56:51,21.25,0.08,10,21250,买盘
1301,10:56:46,21.17,--,5,10585,卖盘
1302,10:56:41,21.17,0.01,16,33872,卖盘
1303,10:56:31,21.16,--,0,0,卖盘
1304,10:56:26,21.16,-0.09,13,27508,卖盘
1305,10:56:16,21.25,0.1,58,123250,买盘
1306,10:56:11,21.15,-0.01,19,40185,卖盘
1307,10:56:05,21.16,--,1,2116,卖盘
1308,10:55:56,21.16,0.01,9,19044,卖盘
1309,10:55:50,21.15,--,0,0,卖盘
1310,10:55:46,21.15,-0.08,460,972899,卖盘
1311,10:55:41,21.23,0.08,51,108273,买盘
1312,10:55:31,21.15,--,5,10575,卖盘
1313,10:55:26,21.15,--,11,23265,卖盘
1314,10:55:16,21.15,--,73,154395,卖盘
1315,10:55:11,21.15,--,53,112094,卖盘
1316,10:55:05,21.15,--,11,23265,卖盘
1317,10:55:01,21.15,--,161,340515,买盘
1318,10:54:56,21.15,0.03,28,59219,买盘
1319,10:54:50,21.12,-0.03,96,202752,卖盘
1320,10:54:41,21.15,0.03,33,69795,买盘
1321,10:54:35,21.12,-0.04,1,2112,中性盘
1322,10:54:31,21.16,0.05,20,42320,买盘
1323,10:54:26,21.11,-0.04,79,166769,卖盘
1324,10:54:16,21.15,--,146,308790,买盘
1325,10:54:11,21.15,-0.01,87,185950,卖盘
1326,10:54:05,21.16,--,1,2116,买盘
1327,10:54:01,21.16,0.01,20,42320,买盘
1328,10:53:56,21.15,-0.01,37,78255,卖盘
1329,10:53:50,21.16,-0.08,41,86756,卖盘
1330,10:53:46,21.24,0.08,5,10620,买盘
1331,10:53:41,21.16,--,15,31740,卖盘
1332,10:53:31,21.16,--,2,4232,卖盘
1333,10:53:20,21.16,--,70,148120,卖盘
1334,10:53:16,21.16,-0.04,39,82524,卖盘
1335,10:53:11,21.2,0.04,12,25440,中性盘
1336,10:53:01,21.16,-0.04,54,114264,卖盘
1337,10:52:56,21.2,--,15,31800,卖盘
1338,10:52:50,21.2,--,5,10600,卖盘
1339,10:52:45,21.2,--,0,0,卖盘
1340,10:52:41,21.2,--,31,65720,卖盘
1341,10:52:35,21.2,--,2,4240,卖盘
1342,10:52:30,21.2,0.01,51,108289,买盘
1343,10:52:20,21.19,-0.01,18,38142,卖盘
1344,10:52:15,21.2,-0.05,91,194870,卖盘
1345,10:52:11,21.25,0.03,201,427125,买盘
1346,10:52:05,21.22,0.02,52,111086,买盘
1347,10:52:00,21.2,-0.01,10,21200,卖盘
1348,10:51:55,21.21,0.01,19,40299,买盘
1349,10:51:50,21.2,--,10,21200,卖盘
1350,10:51:40,21.2,-0.01,15,31800,卖盘
1351,10:51:35,21.21,--,5,10605,卖盘
1352,10:51:31,21.21,--,1,2121,卖盘
1353,10:51:25,21.21,--,30,63630,卖盘
1354,10:51:10,21.21,--,1,2121,卖盘
1355,10:50:55,21.21,--,13,27573,卖盘
1356,10:50:45,21.21,--,6,12726,卖盘
1357,10:50:40,21.21,-0.01,25,53025,卖盘
1358,10:50:35,21.22,--,25,53050,买盘
1359,10:50:25,21.22,--,25,53050,买盘
1360,10:50:20,21.22,--,10,21220,买盘
1361,10:50:15,21.22,--,1,2122,买盘
1362,10:50:10,21.22,--,3,6366,买盘
1363,10:50:05,21.22,--,30,65039,卖盘
1364,10:49:55,21.22,--,2,4244,卖盘
1365,10:49:50,21.22,-0.03,116,246152,卖盘
1366,10:49:44,21.25,0.01,1,2125,买盘
1367,10:49:40,21.24,--,15,31859,卖盘
1368,10:49:35,21.24,--,5,10620,卖盘
1369,10:49:29,21.24,0.02,13,27611,买盘
1370,10:49:05,21.22,--,4,9230,买盘
1371,10:48:59,21.22,--,0,1379,卖盘
1372,10:48:50,21.22,--,0,742,卖盘
1373,10:48:40,21.22,-0.03,15,31830,卖盘
1374,10:48:25,21.25,--,26,55250,买盘
1375,10:48:20,21.25,--,3,6375,买盘
1376,10:48:14,21.25,0.03,18,38250,买盘
1377,10:48:10,21.22,0.01,8,16976,中性盘
1378,10:48:05,21.21,-0.04,6,12726,卖盘
1379,10:47:59,21.25,0.02,32,68000,买盘
1380,10:47:55,21.23,--,0,0,中性盘
1381,10:47:50,21.23,--,10,21230,卖盘
1382,10:47:40,21.23,-0.01,22,46706,卖盘
1383,10:47:35,21.24,0.01,1,2124,买盘
1384,10:47:29,21.23,--,9,19107,卖盘
1385,10:47:25,21.23,--,8,16984,卖盘
1386,10:47:20,21.23,0.01,19,40337,买盘
1387,10:47:10,21.22,-0.01,3,6366,中性盘
1388,10:47:05,21.23,--,211,447953,卖盘
1389,10:46:55,21.23,0.01,59,125257,中性盘
1390,10:46:44,21.22,-0.03,8,16976,卖盘
1391,10:46:40,21.25,0.03,16,34000,买盘
1392,10:46:35,21.22,-0.02,34,72148,卖盘
1393,10:46:29,21.24,-0.01,15,31859,卖盘
1394,10:46:25,21.25,-0.03,8,17000,卖盘
1395,10:46:20,21.28,0.03,1,2128,买盘
1396,10:46:14,21.25,--,9,19125,卖盘
1397,10:46:10,21.25,-0.02,3,6375,卖盘
1398,10:46:05,21.27,--,20,43922,卖盘
1399,10:45:54,21.27,--,13,27651,卖盘
1400,10:45:50,21.27,0.03,21,45411,买盘
1401,10:45:44,21.24,--,18,38232,卖盘
1402,10:45:40,21.24,0.02,43,91332,中性盘
1403,10:45:35,21.22,0.01,8,16976,卖盘
1404,10:45:29,21.21,--,5,10605,卖盘
1405,10:45:25,21.21,-0.01,8,16968,卖盘
1406,10:45:20,21.22,-0.03,2,4244,买盘
1407,10:45:14,21.25,0.04,8,17000,中性盘
1408,10:45:04,21.21,-0.01,74,156954,卖盘
1409,10:44:59,21.22,-0.03,8,16976,卖盘
1410,10:44:54,21.25,0.04,24,51000,买盘
1411,10:44:50,21.21,-0.01,808,1713768,卖盘
1412,10:44:44,21.22,0.01,4,8488,卖盘
1413,10:44:39,21.21,-0.01,15,31815,卖盘
1414,10:44:34,21.22,-0.03,24,50928,卖盘
1415,10:44:29,21.25,--,167,354875,卖盘
1416,10:44:24,21.25,--,0,0,卖盘
1417,10:44:19,21.25,-0.02,80,170000,卖盘
1418,10:44:14,21.27,0.01,4,8508,卖盘
1419,10:44:04,21.26,--,0,0,卖盘
1420,10:43:59,21.26,-0.04,33,70158,卖盘
1421,10:43:49,21.3,-0.03,70,149100,卖盘
1422,10:43:44,21.33,-0.02,107,228230,卖盘
1423,10:43:39,21.35,-0.05,15,32025,卖盘
1424,10:43:34,21.4,0.05,36,77040,买盘
1425,10:43:29,21.35,-0.01,25,53375,卖盘
1426,10:43:24,21.36,--,2,4272,卖盘
1427,10:43:19,21.36,-0.01,8,17088,卖盘
1428,10:43:14,21.37,0.01,2,4274,中性盘
1429,10:43:08,21.36,--,3,6408,卖盘
1430,10:42:59,21.36,-0.04,1,2136,卖盘
1431,10:42:49,21.4,0.04,2,4280,买盘
1432,10:42:38,21.36,-0.04,15,32040,卖盘
1433,10:42:23,21.4,--,10,21400,卖盘
1434,10:42:19,21.4,-0.01,10,21400,卖盘
1435,10:42:14,21.41,0.01,1,2141,买盘
1436,10:41:59,21.4,--,2,4280,卖盘
1437,10:41:49,21.4,0.05,33,70620,买盘
1438,10:41:38,21.35,-0.01,15,32025,卖盘
1439,10:41:34,21.36,--,3,6408,中性盘
1440,10:41:29,21.36,--,11,23496,卖盘
1441,10:41:23,21.36,--,0,0,卖盘
1442,10:41:14,21.36,-0.04,49,104664,卖盘
1443,10:41:04,21.4,--,14,29959,买盘
1444,10:40:59,21.4,0.01,3,6420,买盘
1445,10:40:53,21.39,--,0,0,中性盘
1446,10:40:49,21.39,0.04,5,10695,买盘
1447,10:40:44,21.35,--,18,38430,卖盘
1448,10:40:38,21.35,-0.03,15,32025,卖盘
1449,10:40:29,21.38,0.03,7,14966,买盘
1450,10:40:19,21.35,--,2,4270,卖盘
1451,10:40:14,21.35,--,47,100345,卖盘
1452,10:40:04,21.35,--,3,6405,买盘
1453,10:39:59,21.35,--,2,4270,买盘
1454,10:39:49,21.35,--,17,36295,买盘
1455,10:39:44,21.35,--,14,29890,卖盘
1456,10:39:38,21.35,-0.01,20,42700,卖盘
1457,10:39:29,21.36,-0.04,5,10680,卖盘
1458,10:39:19,21.4,--,0,0,买盘
1459,10:39:14,21.4,--,1,2140,买盘
1460,10:39:04,21.4,0.02,5,10700,中性盘
1461,10:38:59,21.38,--,2,4276,卖盘
1462,10:38:53,21.38,-0.04,2,4276,中性盘
1463,10:38:43,21.42,0.04,23,49266,买盘
1464,10:38:38,21.38,--,15,32070,卖盘
1465,10:38:23,21.38,0.02,12,25656,卖盘
1466,10:38:19,21.36,--,0,0,卖盘
1467,10:38:03,21.36,-0.04,7,14952,卖盘
1468,10:37:58,21.4,--,3,6420,卖盘
1469,10:37:53,21.4,0.05,10,21400,卖盘
1470,10:37:44,21.35,--,0,0,卖盘
1471,10:37:38,21.35,-0.08,20,42700,卖盘
1472,10:37:33,21.43,--,0,0,买盘
1473,10:37:23,21.43,-0.01,2,4286,买盘
1474,10:37:14,21.44,--,0,0,买盘
1475,10:37:08,21.44,--,4,8576,买盘
1476,10:37:03,21.44,--,0,0,买盘
1477,10:36:58,21.44,0.01,29,62690,中性盘
1478,10:36:53,21.43,--,12,25716,卖盘
1479,10:36:48,21.43,-0.01,60,128580,卖盘
1480,10:36:38,21.44,0.01,58,124352,买盘
1481,10:36:28,21.43,-0.01,41,87863,卖盘
1482,10:36:17,21.44,--,1,2144,买盘
1483,10:36:08,21.44,0.01,1,2144,买盘
1484,10:36:02,21.43,--,1,2143,卖盘
1485,10:35:58,21.43,0.08,129,278075,买盘
1486,10:35:43,21.35,0.02,88,187880,买盘
1487,10:35:38,21.33,--,15,31994,卖盘
1488,10:35:32,21.33,--,0,0,卖盘
1489,10:35:28,21.33,--,19,40527,卖盘
1490,10:35:22,21.33,--,22,46925,卖盘
1491,10:35:17,21.33,-0.05,9,19197,卖盘
1492,10:35:13,21.38,--,0,0,买盘
1493,10:35:07,21.38,--,1,2138,买盘
1494,10:34:58,21.38,0.05,1,2138,买盘
1495,10:34:52,21.33,0.02,13,27728,卖盘
1496,10:34:47,21.31,--,0,0,卖盘
1497,10:34:43,21.31,--,8,17048,卖盘
1498,10:34:37,21.31,-0.06,279,594549,卖盘
1499,10:34:32,21.37,0.06,12,25644,买盘
1500,10:34:28,21.31,--,2,4262,卖盘
1501,10:34:22,21.31,--,15,31964,卖盘
1502,10:34:17,21.31,--,5,10655,卖盘
1503,10:34:13,21.31,--,10,21310,卖盘
1504,10:34:07,21.31,--,15,31964,买盘
1505,10:34:02,21.31,--,3,6393,买盘
1506,10:33:58,21.31,0.01,25,53275,买盘
1507,10:33:52,21.3,--,18,38340,卖盘
1508,10:33:47,21.3,-0.01,4,8520,卖盘
1509,10:33:43,21.31,0.04,108,230148,买盘
1510,10:33:37,21.27,-0.04,15,31905,卖盘
1511,10:33:32,21.31,--,10,21310,买盘
1512,10:33:28,21.31,--,3,6393,买盘
1513,10:33:22,21.31,--,4,8524,买盘
1514,10:33:17,21.31,--,49,104419,买盘
1515,10:33:02,21.31,-0.06,33,70323,卖盘
1516,10:32:52,21.37,0.06,1,2137,买盘
1517,10:32:47,21.31,--,2,4262,卖盘
1518,10:32:42,21.31,0.04,43,91633,买盘
1519,10:32:37,21.27,-0.04,15,31905,卖盘
1520,10:32:28,21.31,-0.07,7,14917,卖盘
1521,10:32:13,21.38,--,0,0,买盘
1522,10:32:02,21.38,0.07,1,2138,买盘
1523,10:31:58,21.31,--,5,10655,卖盘
1524,10:31:52,21.31,--,5,10655,卖盘
1525,10:31:47,21.31,--,16,34096,买盘
1526,10:31:42,21.31,0.01,198,421938,买盘
1527,10:31:37,21.3,-0.01,20,42600,卖盘
1528,10:31:32,21.31,--,4,8524,买盘
1529,10:31:28,21.31,0.01,1,2131,中性盘
1530,10:31:13,21.3,-0.07,8,17040,卖盘
1531,10:31:07,21.37,0.07,10,21370,买盘
1532,10:30:57,21.3,--,8,17040,卖盘
1533,10:30:47,21.3,--,0,0,卖盘
1534,10:30:42,21.3,-0.01,30,63900,卖盘
1535,10:30:37,21.31,--,15,31964,卖盘
1536,10:30:32,21.31,0.01,8,17048,卖盘
1537,10:30:27,21.3,--,0,0,卖盘
1538,10:30:22,21.3,--,8,17040,卖盘
1539,10:30:12,21.3,-0.07,16,34080,卖盘
1540,10:30:07,21.37,0.07,210,448770,买盘
1541,10:30:02,21.3,0.04,28,59640,中性盘
1542,10:29:57,21.26,-0.1,10,21260,卖盘
1543,10:29:47,21.36,--,89,190104,卖盘
1544,10:29:41,21.36,--,48,102528,卖盘
1545,10:29:37,21.36,--,15,32040,卖盘
1546,10:29:32,21.36,0.01,8,17088,卖盘
1547,10:29:22,21.35,0.09,171,365085,买盘
1548,10:29:17,21.26,0.01,29,61654,卖盘
1549,10:29:01,21.25,-0.01,3,6375,卖盘
1550,10:28:56,21.26,--,13,27808,买盘
1551,10:28:41,21.26,--,26,57231,卖盘
1552,10:28:37,21.26,--,17,36142,卖盘
1553,10:28:31,21.26,0.01,9,19304,买盘
1554,10:28:16,21.25,--,0,0,中性盘
1555,10:27:56,21.25,0.02,5,10625,买盘
1556,10:27:51,21.23,--,11,23353,买盘
1557,10:27:46,21.23,--,7,14861,卖盘
1558,10:27:41,21.23,--,1,2123,卖盘
1559,10:27:36,21.23,--,23,48829,买盘
1560,10:27:22,21.23,--,2,4246,卖盘
1561,10:27:16,21.23,-0.03,6,12738,卖盘
1562,10:27:11,21.26,0.03,20,42520,买盘
1563,10:27:07,21.23,-0.02,156,331188,卖盘
1564,10:26:56,21.25,-0.02,334,711705,卖盘
1565,10:26:52,21.27,0.01,20,42540,买盘
1566,10:26:46,21.26,--,37,78662,卖盘
1567,10:26:37,21.26,--,15,31890,卖盘
1568,10:26:26,21.26,--,6,12756,卖盘
1569,10:26:22,21.26,--,24,51024,卖盘
1570,10:26:16,21.26,--,1,2126,卖盘
1571,10:26:01,21.26,0.01,22,46942,买盘
1572,10:25:56,21.25,--,100,212500,卖盘
1573,10:25:52,21.25,-0.01,1,2125,卖盘
1574,10:25:37,21.26,--,17,38097,卖盘
1575,10:25:31,21.26,--,1,2126,卖盘
1576,10:25:26,21.26,--,3,6378,卖盘
1577,10:25:22,21.26,-0.01,54,114974,卖盘
1578,10:25:16,21.27,--,1,2127,卖盘
1579,10:25:07,21.27,-0.03,16,34032,卖盘
1580,10:25:01,21.3,--,9,19170,买盘
1581,10:24:52,21.3,-0.01,95,202350,卖盘
1582,10:24:46,21.31,-0.02,2,4262,卖盘
1583,10:24:41,21.33,0.02,2,4266,买盘
1584,10:24:37,21.31,-0.02,20,42620,卖盘
1585,10:24:26,21.33,0.02,2,4266,卖盘
1586,10:24:21,21.31,--,0,0,卖盘
1587,10:24:16,21.31,-0.02,23,49013,卖盘
1588,10:24:06,21.33,--,3,6398,卖盘
1589,10:24:01,21.33,-0.01,104,221831,卖盘
1590,10:23:46,21.34,--,2,4268,卖盘
1591,10:23:36,21.34,--,15,32010,卖盘
1592,10:23:26,21.34,--,0,0,卖盘
1593,10:23:16,21.34,-0.05,10,21340,卖盘
1594,10:23:06,21.39,--,0,0,买盘
1595,10:23:01,21.39,0.05,8,17112,买盘
1596,10:22:46,21.34,--,3,6402,卖盘
1597,10:22:41,21.34,--,5,10670,卖盘
1598,10:22:36,21.34,0.01,15,32010,卖盘
1599,10:22:31,21.33,--,0,0,卖盘
1600,10:22:05,21.33,0.02,26,55457,中性盘
1601,10:21:50,21.31,--,8,17048,卖盘
1602,10:21:46,21.31,-0.01,73,155563,卖盘
1603,10:21:41,21.32,-0.07,23,49036,卖盘
1604,10:21:35,21.39,--,0,0,买盘
1605,10:21:25,21.39,-0.01,10,21390,买盘
1606,10:21:16,21.4,0.07,28,59919,买盘
1607,10:21:10,21.33,--,18,38394,卖盘
1608,10:21:05,21.33,--,9,19197,卖盘
1609,10:21:01,21.33,-0.07,6,12797,卖盘
1610,10:20:55,21.4,0.07,65,139100,买盘
1611,10:20:45,21.33,--,8,17064,卖盘
1612,10:20:40,21.33,--,15,31994,卖盘
1613,10:20:30,21.33,--,8,17064,卖盘
1614,10:20:25,21.33,0.09,12,25595,卖盘
1615,10:20:15,21.24,-0.09,3,6371,卖盘
1616,10:20:10,21.33,--,8,17064,卖盘
1617,10:20:05,21.33,--,10,21330,买盘
1618,10:19:50,21.33,--,2,4479,卖盘
1619,10:19:45,21.33,--,15,31994,卖盘
1620,10:19:40,21.33,--,15,31994,卖盘
1621,10:19:35,21.33,--,8,17064,卖盘
1622,10:19:30,21.33,--,0,0,卖盘
1623,10:19:25,21.33,--,16,34128,卖盘
1624,10:19:20,21.33,-0.01,7,14930,卖盘
1625,10:19:10,21.34,--,8,17072,卖盘
1626,10:19:05,21.34,--,3,6402,卖盘
1627,10:19:00,21.34,0.01,12,25608,买盘
1628,10:18:55,21.33,--,8,17064,卖盘
1629,10:18:45,21.33,0.1,334,714341,买盘
1630,10:18:40,21.23,-0.01,20,42460,卖盘
1631,10:18:35,21.24,-0.04,7,14867,卖盘
1632,10:18:30,21.28,-0.02,1,2128,中性盘
1633,10:18:25,21.3,0.04,54,115020,买盘
1634,10:18:15,21.26,-0.04,5,10630,卖盘
1635,10:18:10,21.3,0.07,47,100110,买盘
1636,10:18:00,21.23,--,0,0,卖盘
1637,10:17:55,21.23,--,11,23353,卖盘
1638,10:17:40,21.23,-0.03,34,72182,卖盘
1639,10:17:30,21.26,0.03,30,63780,买盘
1640,10:17:25,21.23,0.02,1,2123,中性盘
1641,10:17:20,21.21,-0.05,19,40299,卖盘
1642,10:17:15,21.26,--,0,0,卖盘
1643,10:17:10,21.26,--,4,8504,卖盘
1644,10:17:00,21.26,0.03,17,36142,买盘
1645,10:16:50,21.23,-0.02,58,123134,卖盘
1646,10:16:45,21.25,-0.01,1,2125,卖盘
1647,10:16:40,21.26,-0.04,35,74410,卖盘
1648,10:16:35,21.3,0.03,2,4260,买盘
1649,10:16:30,21.27,-0.03,1,2127,卖盘
1650,10:16:25,21.3,--,3,6390,买盘
1651,10:16:15,21.3,--,2,4260,买盘
1652,10:16:05,21.3,-0.02,11,23643,卖盘
1653,10:15:55,21.32,0.02,10,21320,买盘
1654,10:15:50,21.3,--,4,8520,卖盘
1655,10:15:45,21.3,-0.09,92,195960,卖盘
1656,10:15:40,21.39,0.01,35,74865,买盘
1657,10:15:30,21.38,--,2,4276,卖盘
1658,10:15:20,21.38,0.05,3,6414,买盘
1659,10:15:15,21.33,--,14,29861,卖盘
1660,10:15:10,21.33,--,0,0,卖盘
1661,10:14:40,21.33,-0.05,18,38394,卖盘
1662,10:14:35,21.38,--,1,2138,卖盘
1663,10:14:30,21.38,0.05,11,23518,买盘
1664,10:14:25,21.33,--,14,29861,卖盘
1665,10:14:15,21.33,--,2,4266,卖盘
1666,10:14:05,21.33,-0.05,1,2133,卖盘
1667,10:14:00,21.38,0.03,101,215938,买盘
1668,10:13:55,21.35,--,1,2135,卖盘
1669,10:13:49,21.35,--,4,8540,卖盘
1670,10:13:44,21.35,0.02,3,6405,买盘
1671,10:13:40,21.33,-0.05,15,31994,卖盘
1672,10:13:34,21.38,0.03,4,8552,买盘
1673,10:13:19,21.35,-0.03,116,247660,中性盘
1674,10:13:04,21.38,--,8,17104,卖盘
1675,10:12:55,21.38,--,6,12828,卖盘
1676,10:12:49,21.38,0.05,39,83382,买盘
1677,10:12:39,21.33,0.01,15,31994,卖盘
1678,10:12:29,21.32,--,0,0,卖盘
1679,10:12:24,21.32,-0.05,1,2132,卖盘
1680,10:12:14,21.37,0.05,2,4274,买盘
1681,10:12:09,21.32,0.02,5,10660,卖盘
1682,10:11:59,21.3,--,0,0,卖盘
1683,10:11:54,21.3,--,11,23430,卖盘
1684,10:11:39,21.3,--,18,38340,卖盘
1685,10:11:34,21.3,--,2,4260,卖盘
1686,10:11:29,21.3,-0.13,70,149100,卖盘
1687,10:11:24,21.43,0.03,80,171440,买盘
1688,10:11:19,21.4,-0.04,3,6420,中性盘
1689,10:11:04,21.44,--,0,0,买盘
1690,10:10:59,21.44,0.01,33,70752,买盘
1691,10:10:54,21.43,--,25,53575,卖盘
1692,10:10:44,21.43,0.12,67,145509,买盘
1693,10:10:39,21.31,-0.08,15,31964,卖盘
1694,10:10:34,21.39,-0.03,6,12834,中性盘
1695,10:10:14,21.42,0.12,5,10710,中性盘
1696,10:10:04,21.3,--,0,0,卖盘
1697,10:09:54,21.3,--,354,754020,卖盘
1698,10:09:49,21.3,--,40,85200,卖盘
1699,10:09:39,21.3,0.06,174,370620,买盘
1700,10:09:34,21.24,0.04,18,38232,买盘
1701,10:09:29,21.2,--,0,0,卖盘
1702,10:09:19,21.2,--,72,154187,买盘
1703,10:09:09,21.2,--,129,274052,卖盘
1704,10:09:04,21.2,--,0,0,卖盘
1705,10:08:59,21.2,0.05,159,338627,买盘
1706,10:08:54,21.15,0.01,40,84600,买盘
1707,10:08:49,21.14,-0.03,119,252136,卖盘
1708,10:08:39,21.17,-0.03,187,395879,卖盘
1709,10:08:34,21.2,--,40,84800,买盘
1710,10:08:29,21.2,--,30,63600,买盘
1711,10:08:24,21.2,-0.05,13,27560,卖盘
1712,10:08:09,21.25,-0.01,89,189125,卖盘
1713,10:08:04,21.26,--,217,461342,卖盘
1714,10:07:54,21.26,--,40,85040,卖盘
1715,10:07:49,21.26,-0.01,248,527248,卖盘
1716,10:07:39,21.27,0.01,21,44667,卖盘
1717,10:07:34,21.26,--,3,6378,卖盘
1718,10:07:24,21.26,--,28,59528,卖盘
1719,10:07:19,21.26,--,6,12756,卖盘
1720,10:07:09,21.26,-0.06,197,418822,卖盘
1721,10:07:04,21.32,--,0,0,中性盘
1722,10:06:58,21.32,-0.01,5,10660,卖盘
1723,10:06:54,21.33,0.01,9,19197,买盘
1724,10:06:43,21.32,-0.01,2,4264,卖盘
1725,10:06:39,21.33,--,75,159975,卖盘
1726,10:06:34,21.33,--,0,0,卖盘
1727,10:06:28,21.33,--,60,127979,卖盘
1728,10:06:23,21.33,--,122,260225,卖盘
1729,10:06:19,21.33,--,0,0,卖盘
1730,10:06:13,21.33,--,8,17064,卖盘
1731,10:06:08,21.33,--,244,520451,卖盘
1732,10:06:04,21.33,--,4,8532,卖盘
1733,10:05:58,21.33,--,14,29861,卖盘
1734,10:05:53,21.33,--,0,0,卖盘
1735,10:05:49,21.33,--,2,4266,卖盘
1736,10:05:43,21.33,--,0,0,卖盘
1737,10:05:38,21.33,--,17,36261,卖盘
1738,10:05:28,21.33,--,3,6398,卖盘
1739,10:05:23,21.33,--,21,44793,卖盘
1740,10:05:18,21.33,-0.03,73,155709,卖盘
1741,10:05:13,21.36,0.01,2,4272,买盘
1742,10:05:08,21.35,--,2,4270,买盘
1743,10:04:58,21.35,--,17,36295,卖盘
1744,10:04:53,21.35,-0.01,3,6405,卖盘
1745,10:04:43,21.36,--,3,6408,买盘
1746,10:04:38,21.36,-0.04,11,23496,卖盘
1747,10:04:33,21.4,--,8,17120,卖盘
1748,10:04:23,21.4,--,1,2140,卖盘
1749,10:04:03,21.4,--,0,0,中性盘
1750,10:03:53,21.4,--,0,0,中性盘
1751,10:03:48,21.4,--,3,6420,卖盘
1752,10:03:43,21.4,--,32,68480,卖盘
1753,10:03:38,21.4,--,65,139100,卖盘
1754,10:03:33,21.4,0.06,215,460099,买盘
1755,10:03:28,21.34,--,14,29876,卖盘
1756,10:03:18,21.34,0.01,18,38412,买盘
1757,10:03:13,21.33,--,22,46925,卖盘
1758,10:03:08,21.33,--,5,10665,卖盘
1759,10:03:03,21.33,--,4,8532,卖盘
1760,10:02:53,21.33,--,3,6398,卖盘
1761,10:02:48,21.33,--,4,8532,卖盘
1762,10:02:38,21.33,-0.02,55,117314,卖盘
1763,10:02:33,21.35,--,4,8540,买盘
1764,10:02:28,21.35,-0.02,9,19215,买盘
1765,10:02:18,21.37,0.02,65,138905,买盘
1766,10:02:13,21.35,-0.03,1,2135,卖盘
1767,10:02:03,21.38,--,9,19242,买盘
1768,10:01:58,21.38,--,0,0,买盘
1769,10:01:53,21.38,0.04,5,10690,买盘
1770,10:01:43,21.34,--,10,21340,卖盘
1771,10:01:38,21.34,--,15,32010,卖盘
1772,10:01:33,21.34,-0.05,10,21340,卖盘
1773,10:01:28,21.39,0.06,58,124062,买盘
1774,10:01:18,21.33,--,38,81054,卖盘
1775,10:01:13,21.33,-0.06,30,63989,卖盘
1776,10:01:03,21.39,--,16,34224,卖盘
1777,10:00:58,21.39,--,54,115506,卖盘
1778,10:00:53,21.39,--,87,186093,卖盘
1779,10:00:48,21.39,--,15,32085,卖盘
1780,10:00:43,21.39,--,4,8556,卖盘
1781,10:00:37,21.39,--,18,38502,卖盘
1782,10:00:33,21.39,--,8,17112,卖盘
1783,10:00:28,21.39,--,5,10695,卖盘
1784,10:00:22,21.39,--,63,134757,卖盘
1785,10:00:18,21.39,--,4,8556,卖盘
1786,10:00:13,21.39,0.01,2,4278,卖盘
1787,10:00:07,21.38,0.05,81,173178,买盘
1788,10:00:03,21.33,-0.02,31,66123,卖盘
1789,09:59:58,21.35,--,12,25620,卖盘
1790,09:59:52,21.35,--,2,4270,卖盘
1791,09:59:48,21.35,0.02,30,64050,买盘
1792,09:59:43,21.33,--,5,10665,卖盘
1793,09:59:37,21.33,-0.02,15,31994,卖盘
1794,09:59:28,21.35,0.02,20,42700,买盘
1795,09:59:17,21.33,--,2,4266,卖盘
1796,09:59:13,21.33,-0.01,78,166374,卖盘
1797,09:59:07,21.34,-0.01,62,132308,卖盘
1798,09:59:02,21.35,0.01,5,10675,买盘
1799,09:58:58,21.34,--,10,21340,卖盘
1800,09:58:52,21.34,--,22,46948,卖盘
1801,09:58:47,21.34,--,1,2134,卖盘
1802,09:58:43,21.34,0.01,8,17072,中性盘
1803,09:58:37,21.33,-0.01,89,189836,卖盘
1804,09:58:27,21.34,0.01,134,285956,买盘
1805,09:58:22,21.33,--,5,10665,卖盘
1806,09:58:17,21.33,--,24,51191,卖盘
1807,09:58:12,21.33,-0.01,59,125846,卖盘
1808,09:58:07,21.34,0.01,4,8536,买盘
1809,09:58:02,21.33,--,2,4266,卖盘
1810,09:57:57,21.33,--,311,663363,卖盘
1811,09:57:52,21.33,--,18,38394,卖盘
1812,09:57:42,21.33,--,4,8532,卖盘
1813,09:57:37,21.33,--,37,78921,卖盘
1814,09:57:32,21.33,-0.01,4,8532,卖盘
1815,09:57:27,21.34,0.01,4,8536,买盘
1816,09:57:22,21.33,-0.02,4,8532,卖盘
1817,09:57:12,21.35,--,0,0,买盘
1818,09:57:07,21.35,0.01,2,4270,买盘
1819,09:57:02,21.34,-0.01,2,4268,卖盘
1820,09:56:57,21.35,--,165,352275,买盘
1821,09:56:47,21.35,0.01,25,53375,买盘
1822,09:56:37,21.34,-0.01,28,59752,卖盘
1823,09:56:32,21.35,--,2,4270,买盘
1824,09:56:27,21.35,--,3,6405,买盘
1825,09:56:22,21.35,-0.02,32,68320,买盘
1826,09:56:17,21.37,--,96,205152,卖盘
1827,09:56:12,21.37,0.02,45,96165,买盘
1828,09:56:02,21.35,0.01,17,36295,买盘
1829,09:55:57,21.34,-0.01,92,196328,卖盘
1830,09:55:52,21.35,--,10,21350,买盘
1831,09:55:42,21.35,0.01,4,8540,买盘
1832,09:55:37,21.34,-0.04,82,174988,卖盘
1833,09:55:27,21.38,0.03,1,2138,买盘
1834,09:55:22,21.35,--,9,19215,卖盘
1835,09:55:12,21.35,0.01,5,10675,卖盘
1836,09:55:02,21.34,--,0,0,卖盘
1837,09:54:52,21.34,--,8,17072,卖盘
1838,09:54:47,21.34,--,24,51216,卖盘
1839,09:54:42,21.34,--,0,0,卖盘
1840,09:54:37,21.34,-0.04,18,38412,卖盘
1841,09:54:27,21.38,--,44,94072,中性盘
1842,09:54:22,21.38,-0.02,11,23518,卖盘
1843,09:54:12,21.4,-0.01,6,12840,卖盘
1844,09:54:07,21.41,-0.02,30,64230,卖盘
1845,09:54:02,21.43,--,27,57861,买盘
1846,09:53:57,21.43,--,12,25930,卖盘
1847,09:53:52,21.43,0.01,20,42860,卖盘
1848,09:53:47,21.42,0.08,52,113311,买盘
1849,09:53:37,21.34,-0.04,58,123772,卖盘
1850,09:53:27,21.38,--,30,64140,卖盘
1851,09:53:22,21.38,-0.02,22,47036,卖盘
1852,09:53:16,21.4,0.02,16,34240,买盘
1853,09:53:12,21.38,--,5,10690,卖盘
1854,09:53:01,21.38,-0.01,6,12828,卖盘
1855,09:52:57,21.39,-0.02,2,4278,中性盘
1856,09:52:52,21.41,--,31,66585,卖盘
1857,09:52:42,21.41,--,43,92063,卖盘
1858,09:52:37,21.41,--,194,415354,卖盘
1859,09:52:31,21.41,--,106,226946,卖盘
1860,09:52:27,21.41,0.09,580,1243706,买盘
1861,09:52:22,21.32,-0.06,6,12792,中性盘
1862,09:52:12,21.38,-0.03,2,4276,买盘
1863,09:52:07,21.41,0.01,48,102982,卖盘
1864,09:52:01,21.4,--,551,1181066,买盘
1865,09:51:52,21.4,0.14,16,34240,买盘
1866,09:51:46,21.26,-0.14,25,53150,卖盘
1867,09:51:41,21.4,--,2,4280,卖盘
1868,09:51:37,21.4,0.19,576,1232640,买盘
1869,09:51:31,21.21,-0.02,604,1281084,卖盘
1870,09:51:22,21.23,--,271,575333,买盘
1871,09:51:16,21.23,--,5,10615,买盘
1872,09:51:11,21.23,--,16,33968,买盘
1873,09:51:06,21.23,--,0,0,买盘
1874,09:51:01,21.23,0.03,6,12738,买盘
1875,09:50:56,21.2,--,9,19080,买盘
1876,09:50:51,21.2,-0.02,91,192920,卖盘
1877,09:50:36,21.22,0.02,19,40318,卖盘
1878,09:50:21,21.2,--,506,1072720,卖盘
1879,09:50:06,21.2,--,6,12720,卖盘
1880,09:50:01,21.2,--,383,811960,买盘
1881,09:49:56,21.2,0.02,100,212000,买盘
1882,09:49:51,21.18,-0.02,20,42360,卖盘
1883,09:49:46,21.2,0.05,100,212000,买盘
1884,09:49:41,21.15,--,0,0,卖盘
1885,09:49:36,21.15,-0.03,25,52875,卖盘
1886,09:49:31,21.18,0.03,10,22726,买盘
1887,09:49:26,21.15,0.03,20,42300,卖盘
1888,09:49:21,21.12,-0.06,7,14784,卖盘
1889,09:49:16,21.18,--,5,10590,买盘
1890,09:49:11,21.18,0.03,20,42360,买盘
1891,09:49:06,21.15,-0.03,81,171886,卖盘
1892,09:49:01,21.18,0.03,5,10590,买盘
1893,09:48:56,21.15,--,12,25380,卖盘
1894,09:48:51,21.15,--,30,64993,卖盘
1895,09:48:46,21.15,0.04,919,1943684,买盘
1896,09:48:41,21.11,--,3,6333,卖盘
1897,09:48:36,21.11,--,16,33776,卖盘
1898,09:48:31,21.11,-0.04,5,10555,卖盘
1899,09:48:26,21.15,--,20,42300,买盘
1900,09:48:16,21.15,--,71,150165,买盘
1901,09:48:06,21.15,--,147,310905,买盘
1902,09:48:01,21.15,--,23,48645,卖盘
1903,09:47:56,21.15,--,23,48645,卖盘
1904,09:47:51,21.15,--,11,23265,卖盘
1905,09:47:46,21.15,--,5,10575,卖盘
1906,09:47:36,21.15,0.02,20,42300,中性盘
1907,09:47:31,21.13,-0.05,48,101424,卖盘
1908,09:47:26,21.18,0.05,13,27534,买盘
1909,09:47:21,21.13,0.01,5,10565,中性盘
1910,09:47:15,21.12,--,21,44352,卖盘
1911,09:47:06,21.12,0.01,68,143616,卖盘
1912,09:47:01,21.11,-0.04,26,54886,卖盘
1913,09:46:55,21.15,0.03,20,42300,买盘
1914,09:46:51,21.12,--,17,35904,买盘
1915,09:46:46,21.12,0.01,1,2112,买盘
1916,09:46:40,21.11,-0.01,35,73885,卖盘
1917,09:46:36,21.12,-0.04,17,35904,卖盘
1918,09:46:31,21.16,0.04,1,2116,中性盘
1919,09:46:25,21.12,-0.03,143,302016,卖盘
1920,09:46:16,21.15,0.02,6,12690,中性盘
1921,09:46:10,21.13,-0.05,16,33808,卖盘
1922,09:46:06,21.18,0.02,42,88956,买盘
1923,09:46:01,21.16,--,26,55016,买盘
1924,09:45:51,21.16,--,5,10580,买盘
1925,09:45:45,21.16,-0.03,157,332212,卖盘
1926,09:45:40,21.19,--,2,4238,买盘
1927,09:45:36,21.19,--,2,4238,买盘
1928,09:45:30,21.19,--,5,10595,买盘
1929,09:45:25,21.19,-0.02,37,78403,卖盘
1930,09:45:21,21.21,--,7,14847,卖盘
1931,09:45:16,21.21,0.01,4,8484,中性盘
1932,09:45:10,21.2,--,3,6360,卖盘
1933,09:45:05,21.2,-0.01,54,114480,卖盘
1934,09:45:00,21.21,-0.05,145,307545,卖盘
1935,09:44:55,21.26,--,20,42520,买盘
1936,09:44:50,21.26,--,0,0,买盘
1937,09:44:45,21.26,-0.01,45,95670,中性盘
1938,09:44:40,21.27,0.03,87,185049,买盘
1939,09:44:35,21.24,0.02,2,4248,卖盘
1940,09:44:30,21.22,--,9,19098,买盘
1941,09:44:25,21.22,-0.02,20,42440,卖盘
1942,09:44:20,21.24,0.01,27,57347,买盘
1943,09:44:15,21.23,--,5,10615,卖盘
1944,09:44:10,21.23,-0.01,9,19107,卖盘
1945,09:44:05,21.24,--,31,65844,买盘
1946,09:44:00,21.24,0.02,1,2124,买盘
1947,09:43:55,21.22,--,6,12732,卖盘
1948,09:43:45,21.22,0.02,27,57294,买盘
1949,09:43:40,21.2,0.01,1,2120,卖盘
1950,09:43:35,21.19,-0.02,7,14833,卖盘
1951,09:43:30,21.21,--,3,6363,卖盘
1952,09:43:25,21.21,0.01,18,38178,买盘
1953,09:43:20,21.2,-0.01,21,44520,卖盘
1954,09:43:15,21.21,-0.01,30,63630,卖盘
1955,09:43:10,21.22,0.02,36,76392,买盘
1956,09:43:05,21.2,--,13,27560,卖盘
1957,09:43:00,21.2,-0.02,77,163240,卖盘
1958,09:42:55,21.22,0.01,10,21220,买盘
1959,09:42:50,21.21,0.01,17,36057,买盘
1960,09:42:45,21.2,-0.01,4,8480,卖盘
1961,09:42:40,21.21,0.02,119,252399,买盘
1962,09:42:35,21.19,0.01,2,4238,中性盘
1963,09:42:30,21.18,-0.03,37,78366,卖盘
1964,09:42:25,21.21,0.01,2,4242,买盘
1965,09:42:20,21.2,--,3,6360,卖盘
1966,09:42:15,21.2,-0.02,83,175960,卖盘
1967,09:42:10,21.22,0.12,28,59416,买盘
1968,09:42:05,21.1,-0.11,303,639330,卖盘
1969,09:42:00,21.21,0.01,51,108171,中性盘
1970,09:41:55,21.2,-0.02,43,91160,卖盘
1971,09:41:50,21.22,0.01,6,12732,中性盘
1972,09:41:45,21.21,-0.02,35,74235,卖盘
1973,09:41:40,21.23,-0.05,41,87043,卖盘
1974,09:41:35,21.28,0.04,225,478800,买盘
1975,09:41:30,21.24,-0.02,514,1091736,卖盘
1976,09:41:25,21.26,-0.02,12,25512,卖盘
1977,09:41:15,21.28,--,10,21280,买盘
1978,09:41:09,21.28,--,60,127680,买盘
1979,09:41:05,21.28,--,21,44688,买盘
1980,09:41:00,21.28,--,40,85120,买盘
1981,09:40:54,21.28,-0.04,370,787360,卖盘
1982,09:40:49,21.32,--,3,6396,买盘
1983,09:40:45,21.32,0.02,102,217464,买盘
1984,09:40:39,21.3,--,153,325890,卖盘
1985,09:40:34,21.3,--,3,6390,卖盘
1986,09:40:30,21.3,--,10,21300,卖盘
1987,09:40:24,21.3,--,66,140580,卖盘
1988,09:40:19,21.3,-0.02,9,19170,卖盘
1989,09:40:15,21.32,--,122,260104,买盘
1990,09:40:09,21.32,--,101,215332,卖盘
1991,09:40:04,21.32,--,29,61828,卖盘
1992,09:40:00,21.32,--,28,59696,卖盘
1993,09:39:54,21.32,--,54,115128,卖盘
1994,09:39:49,21.32,0.02,44,93808,买盘
1995,09:39:45,21.3,-0.02,28,59640,卖盘
1996,09:39:39,21.32,--,14,29848,买盘
1997,09:39:34,21.32,0.02,10,21320,买盘
1998,09:39:30,21.3,-0.02,164,349320,卖盘
1999,09:39:19,21.32,--,5,10660,买盘
2000,09:39:15,21.32,0.04,38,81016,买盘
2001,09:38:59,21.28,-0.01,159,338352,卖盘
2002,09:38:54,21.29,0.01,90,191610,卖盘
2003,09:38:49,21.28,-0.01,20,42560,卖盘
2004,09:38:45,21.29,--,64,136256,买盘
2005,09:38:39,21.29,-0.01,27,57483,中性盘
2006,09:38:34,21.3,0.01,33,70290,买盘
2007,09:38:29,21.29,-0.01,31,65999,卖盘
2008,09:38:24,21.3,0.01,7,14910,买盘
2009,09:38:14,21.29,-0.01,18,38322,卖盘
2010,09:38:09,21.3,--,64,136320,卖盘
2011,09:38:04,21.3,--,46,97980,卖盘
2012,09:37:59,21.3,0.01,3,6390,中性盘
2013,09:37:54,21.29,0.01,63,134127,卖盘
2014,09:37:49,21.28,--,9,19152,卖盘
2015,09:37:44,21.28,-0.02,60,127680,卖盘
2016,09:37:39,21.3,0.01,104,221520,买盘
2017,09:37:34,21.29,0.02,13,27677,中性盘
2018,09:37:24,21.27,--,19,40413,卖盘
2019,09:37:19,21.27,-0.02,55,116985,卖盘
2020,09:37:14,21.29,--,116,246964,卖盘
2021,09:37:09,21.29,-0.01,32,68128,卖盘
2022,09:37:04,21.3,--,18,38340,买盘
2023,09:36:59,21.3,-0.02,204,434520,卖盘
2024,09:36:54,21.32,--,54,115128,买盘
2025,09:36:49,21.32,--,216,460512,卖盘
2026,09:36:39,21.32,-0.06,200,426400,卖盘
2027,09:36:34,21.38,0.02,116,248008,买盘
2028,09:36:29,21.36,-0.02,10,21360,卖盘
2029,09:36:24,21.38,0.06,2,4276,买盘
2030,09:36:19,21.32,--,201,429598,买盘
2031,09:36:14,21.32,--,18,38376,买盘
2032,09:36:08,21.32,--,69,147108,买盘
2033,09:36:04,21.32,-0.06,327,698230,卖盘
2034,09:35:59,21.38,--,7,14966,卖盘
2035,09:35:49,21.38,0.03,68,145384,买盘
2036,09:35:44,21.35,--,16,34160,卖盘
2037,09:35:39,21.35,0.01,69,148382,买盘
2038,09:35:33,21.34,0.02,36,76824,中性盘
2039,09:35:29,21.32,--,10,21320,卖盘
2040,09:35:24,21.32,--,63,134316,买盘
2041,09:35:19,21.32,0.02,3,6396,买盘
2042,09:35:13,21.3,-0.01,13,27690,卖盘
2043,09:35:09,21.31,0.01,6,12786,中性盘
2044,09:35:04,21.3,-0.01,56,119280,卖盘
2045,09:34:59,21.31,--,16,34096,买盘
2046,09:34:54,21.31,-0.01,25,53275,卖盘
2047,09:34:48,21.32,--,51,108732,买盘
2048,09:34:43,21.32,--,11,23452,买盘
2049,09:34:39,21.32,-0.02,39,83148,卖盘
2050,09:34:33,21.34,0.01,16,34144,买盘
2051,09:34:28,21.33,-0.01,8,17064,卖盘
2052,09:34:23,21.34,--,3,6402,买盘
2053,09:34:18,21.34,-0.01,13,27742,卖盘
2054,09:34:13,21.35,--,68,145180,买盘
2055,09:34:09,21.35,-0.01,47,101412,卖盘
2056,09:34:03,21.36,0.01,112,240300,买盘
2057,09:33:58,21.35,-0.01,126,269010,卖盘
2058,09:33:54,21.36,0.01,13,27768,买盘
2059,09:33:48,21.35,-0.01,24,51240,卖盘
2060,09:33:38,21.36,-0.02,159,339624,卖盘
2061,09:33:33,21.38,--,14,29932,买盘
2062,09:33:28,21.38,0.02,43,91934,买盘
2063,09:33:24,21.36,-0.01,14,29904,卖盘
2064,09:33:18,21.37,0.02,17,36329,中性盘
2065,09:33:09,21.35,--,0,0,卖盘
2066,09:33:03,21.35,-0.04,23,49105,卖盘
2067,09:32:58,21.39,0.01,3,6417,买盘
2068,09:32:54,21.38,-0.02,52,111176,卖盘
2069,09:32:48,21.4,--,38,81320,买盘
2070,09:32:43,21.4,0.05,5,10700,买盘
2071,09:32:39,21.35,-0.05,55,117425,卖盘
2072,09:32:33,21.4,0.05,12,25680,卖盘
2073,09:32:28,21.35,-0.07,154,328790,卖盘
2074,09:32:23,21.42,--,1,2142,买盘
2075,09:32:18,21.42,0.02,66,141372,买盘
2076,09:32:13,21.4,--,17,36380,买盘
2077,09:32:08,21.4,-0.05,33,70620,卖盘
2078,09:32:03,21.45,0.05,9,19305,买盘
2079,09:31:58,21.4,--,0,0,卖盘
2080,09:31:53,21.4,--,11,23540,卖盘
2081,09:31:48,21.4,--,13,27819,中性盘
2082,09:31:43,21.4,-0.05,6,12840,中性盘
2083,09:31:38,21.45,0.05,22,47190,买盘
2084,09:31:33,21.4,--,1,2140,买盘
2085,09:31:28,21.4,-0.06,20,42800,卖盘
2086,09:31:23,21.46,0.06,9,19314,买盘
2087,09:31:18,21.4,--,33,70620,卖盘
2088,09:31:13,21.4,-0.05,33,70620,卖盘
2089,09:31:08,21.45,--,29,62205,卖盘
2090,09:31:03,21.45,--,76,163020,买盘
2091,09:30:58,21.45,--,4,8580,买盘
2092,09:30:53,21.45,--,6,12870,买盘
2093,09:30:48,21.45,0.01,24,51480,买盘
2094,09:30:43,21.44,-0.01,39,83616,卖盘
2095,09:30:33,21.45,-0.03,23,49335,卖盘
2096,09:30:28,21.48,0.03,9,19332,买盘
2097,09:30:23,21.45,--,4,8580,卖盘
2098,09:30:18,21.45,0.02,45,96525,卖盘
2099,09:30:13,21.43,--,5,10715,买盘
2100,09:30:08,21.43,-0.01,88,188584,卖盘
2101,09:30:02,21.44,--,219,469536,卖盘
2102,09:28:54,21.44,--,0,0,卖盘
2103,09:25:02,21.44,21.44,269,577829,买盘
