,time,price,change,volume,amount,type
0,15:00:00,3.06,--,0,0,买盘
1,15:00:00,3.06,--,30,9180,买盘
2,14:59:58,3.06,--,192,58752,买盘
3,14:59:52,3.06,--,1087,332622,买盘
4,14:59:48,3.06,--,17,5202,买盘
5,14:59:43,3.06,0.01,801,245106,买盘
6,14:59:37,3.05,-0.01,385,117425,卖盘
7,14:59:33,3.06,--,222,67932,买盘
8,14:59:22,3.06,--,526,160956,买盘
9,14:59:18,3.06,--,278,85068,买盘
10,14:59:13,3.06,--,201,61506,买盘
11,14:59:07,3.06,--,61,18666,买盘
12,14:59:03,3.06,--,134,41004,买盘
13,14:58:58,3.06,--,403,123318,买盘
14,14:58:52,3.06,--,13,3978,买盘
15,14:58:48,3.06,--,585,179010,买盘
16,14:58:43,3.06,0.01,31,9486,买盘
17,14:58:37,3.05,-0.01,20,6100,卖盘
18,14:58:33,3.06,--,46,14076,买盘
19,14:58:28,3.06,--,1021,312426,买盘
20,14:58:22,3.06,--,165,50490,买盘
21,14:58:18,3.06,--,208,63648,买盘
22,14:58:13,3.06,--,7,2142,买盘
23,14:58:03,3.06,0.01,1,306,买盘
24,14:57:58,3.05,-0.01,165,50325,卖盘
25,14:57:52,3.06,0.01,219,67014,买盘
26,14:57:48,3.05,-0.01,5698,1737890,卖盘
27,14:57:43,3.06,0.01,18,5508,买盘
28,14:57:33,3.05,-0.01,67,20435,卖盘
29,14:57:22,3.06,--,8,2448,买盘
30,14:57:18,3.06,--,38,11628,买盘
31,14:57:13,3.06,--,1,306,买盘
32,14:57:07,3.06,--,148,45288,买盘
33,14:57:03,3.06,0.01,48,14688,买盘
34,14:56:52,3.05,-0.01,133,40565,卖盘
35,14:56:48,3.06,--,113,34578,买盘
36,14:56:43,3.06,0.01,127,38862,买盘
37,14:56:33,3.05,-0.01,450,137250,卖盘
38,14:56:28,3.06,--,8015,2452590,买盘
39,14:56:22,3.06,--,28,8568,买盘
40,14:56:18,3.06,0.01,8,2448,买盘
41,14:56:12,3.05,-0.01,127,38735,卖盘
42,14:56:07,3.06,--,17,5202,买盘
43,14:56:02,3.06,--,262,80172,买盘
44,14:55:52,3.06,--,77,23562,买盘
45,14:55:47,3.06,--,92,28152,买盘
46,14:55:42,3.06,0.01,1,306,买盘
47,14:55:37,3.05,--,50,15250,卖盘
48,14:55:32,3.05,-0.01,252,76860,卖盘
49,14:55:22,3.06,0.01,9,2754,买盘
50,14:55:07,3.05,--,1537,468785,卖盘
51,14:55:01,3.05,-0.01,391,119255,卖盘
52,14:54:57,3.06,0.01,66,20196,买盘
53,14:54:52,3.05,-0.01,113,34465,卖盘
54,14:54:47,3.06,0.01,12,3672,买盘
55,14:54:42,3.05,--,15,4575,卖盘
56,14:54:37,3.05,--,248,75640,卖盘
57,14:54:31,3.05,--,297,90585,卖盘
58,14:54:27,3.05,-0.01,32,9760,卖盘
59,14:54:22,3.06,0.01,7,2142,买盘
60,14:54:16,3.05,--,72,21960,卖盘
61,14:54:07,3.05,-0.01,16,4880,卖盘
62,14:54:01,3.06,--,284,86904,买盘
63,14:53:57,3.06,--,1,306,买盘
64,14:53:52,3.06,--,2290,700981,买盘
65,14:53:46,3.06,--,251,76806,买盘
66,14:53:42,3.06,0.01,17,5202,买盘
67,14:53:37,3.05,--,14,4270,卖盘
68,14:53:31,3.05,-0.01,183,55815,卖盘
69,14:53:27,3.06,--,102,31212,买盘
70,14:53:22,3.06,0.01,7,2142,买盘
71,14:53:16,3.05,-0.01,145,44225,卖盘
72,14:53:12,3.06,--,25,7784,买盘
73,14:53:07,3.06,0.01,75,22950,买盘
74,14:53:01,3.05,--,199,60695,卖盘
75,14:52:57,3.05,-0.01,1,305,卖盘
76,14:52:52,3.06,0.01,9,2754,买盘
77,14:52:46,3.05,--,49,15198,卖盘
78,14:52:42,3.05,-0.01,1,305,卖盘
79,14:52:37,3.06,0.01,1,306,买盘
80,14:52:31,3.05,--,214,65269,卖盘
81,14:52:27,3.05,-0.01,882,269263,卖盘
82,14:52:22,3.06,0.01,7,2142,买盘
83,14:52:12,3.05,--,55,16775,卖盘
84,14:52:07,3.05,-0.01,2501,762805,卖盘
85,14:51:57,3.06,--,42,13105,买盘
86,14:51:52,3.06,--,25,7650,买盘
87,14:51:42,3.06,--,246,75276,买盘
88,14:51:37,3.06,0.01,117,35802,买盘
89,14:51:31,3.05,-0.01,183,55815,卖盘
90,14:51:27,3.06,0.01,100,30600,买盘
91,14:51:22,3.05,--,22,6710,卖盘
92,14:51:12,3.05,-0.01,95,29228,卖盘
93,14:51:07,3.06,0.01,135,41310,买盘
94,14:51:01,3.05,--,403,122915,卖盘
95,14:50:57,3.05,-0.01,54,16723,卖盘
96,14:50:52,3.06,--,8,2448,买盘
97,14:50:46,3.06,--,17,5202,买盘
98,14:50:42,3.06,--,10,3060,买盘
99,14:50:31,3.06,--,56,17136,买盘
100,14:50:27,3.06,--,100,30600,买盘
101,14:50:21,3.06,0.01,73,22338,买盘
102,14:50:16,3.05,--,23,7268,卖盘
103,14:50:11,3.05,--,1,305,卖盘
104,14:50:07,3.05,--,16,4880,卖盘
105,14:50:01,3.05,-0.01,370,112850,卖盘
106,14:49:56,3.06,--,41,12796,买盘
107,14:49:51,3.06,--,192,58752,买盘
108,14:49:46,3.06,0.01,14,4284,买盘
109,14:49:41,3.05,-0.01,208,63439,卖盘
110,14:49:36,3.06,0.01,3,918,买盘
111,14:49:31,3.05,-0.01,601,183305,卖盘
112,14:49:26,3.06,0.01,133,40951,买盘
113,14:49:21,3.05,-0.01,41,12505,卖盘
114,14:49:16,3.06,--,1,306,买盘
115,14:49:11,3.06,0.01,32,9792,买盘
116,14:49:06,3.05,--,44,13420,卖盘
117,14:49:01,3.05,-0.01,398,121390,卖盘
118,14:48:51,3.06,0.01,110,33660,买盘
119,14:48:46,3.05,--,1,305,卖盘
120,14:48:36,3.05,-0.01,7,2388,卖盘
121,14:48:31,3.06,0.01,119,36414,买盘
122,14:48:26,3.05,-0.01,17,5438,卖盘
123,14:48:21,3.06,0.01,7,2142,买盘
124,14:48:16,3.05,-0.01,47,14335,卖盘
125,14:48:11,3.06,0.01,4,1224,买盘
126,14:48:01,3.05,--,368,112240,卖盘
127,14:47:56,3.05,--,2855,870906,卖盘
128,14:47:51,3.05,--,312,95160,卖盘
129,14:47:40,3.05,--,178,54290,卖盘
130,14:47:31,3.05,--,4185,1276425,卖盘
131,14:47:25,3.05,--,1,305,卖盘
132,14:47:21,3.05,-0.01,1137,346785,卖盘
133,14:47:16,3.06,0.01,357,109242,买盘
134,14:47:10,3.05,-0.01,7,2388,卖盘
135,14:47:06,3.06,--,52,15912,买盘
136,14:47:01,3.06,--,186,56916,买盘
137,14:46:55,3.06,0.01,72,22285,买盘
138,14:46:51,3.05,--,61,18605,卖盘
139,14:46:45,3.05,-0.01,30,9150,卖盘
140,14:46:40,3.06,0.01,19,5814,买盘
141,14:46:36,3.05,--,183,55815,卖盘
142,14:46:31,3.05,-0.01,14,4270,卖盘
143,14:46:25,3.06,--,135,41310,买盘
144,14:46:21,3.06,0.01,5264,1610784,买盘
145,14:46:16,3.05,-0.01,22,6963,卖盘
146,14:46:10,3.06,0.01,440,134640,买盘
147,14:46:06,3.05,--,110,33550,卖盘
148,14:46:01,3.05,--,5380,1640900,卖盘
149,14:45:55,3.05,-0.01,16,4880,卖盘
150,14:45:51,3.06,--,118,36108,买盘
151,14:45:40,3.06,--,20,6120,买盘
152,14:45:36,3.06,0.01,353,108268,买盘
153,14:45:25,3.05,--,5,1525,卖盘
154,14:45:21,3.05,-0.01,23,7015,卖盘
155,14:45:15,3.06,--,41,12546,买盘
156,14:45:10,3.06,0.01,56,17389,买盘
157,14:45:06,3.05,-0.01,47,14335,卖盘
158,14:44:55,3.06,--,10053,3076218,买盘
159,14:44:51,3.06,--,64,19837,买盘
160,14:44:40,3.06,0.01,144,44064,买盘
161,14:44:36,3.05,-0.01,202,61610,卖盘
162,14:44:31,3.06,0.01,26,7956,买盘
163,14:44:25,3.05,--,3,915,卖盘
164,14:44:21,3.05,--,38,11843,卖盘
165,14:44:10,3.05,--,45,13725,卖盘
166,14:44:06,3.05,--,214,65269,卖盘
167,14:44:01,3.05,-0.01,367,111935,卖盘
168,14:43:51,3.06,0.01,63,19278,买盘
169,14:43:46,3.05,--,29,8845,卖盘
170,14:43:40,3.05,--,25,7878,卖盘
171,14:43:36,3.05,--,18,5490,卖盘
172,14:43:30,3.05,-0.01,5,1525,卖盘
173,14:43:25,3.06,0.01,30,9180,买盘
174,14:43:20,3.05,-0.01,34,10623,卖盘
175,14:43:15,3.06,0.01,17,5202,买盘
176,14:43:10,3.05,-0.01,31,9455,卖盘
177,14:43:06,3.06,0.01,746,228276,买盘
178,14:43:00,3.05,-0.01,184,56120,卖盘
179,14:42:55,3.06,--,14227,4353462,买盘
180,14:42:50,3.06,--,46,14076,买盘
181,14:42:40,3.06,--,2321,710479,买盘
182,14:42:35,3.06,--,298,91188,买盘
183,14:42:25,3.06,0.01,8,2701,买盘
184,14:42:20,3.05,-0.01,23,7015,卖盘
185,14:42:16,3.06,--,32,9792,买盘
186,14:42:10,3.06,0.01,1,306,买盘
187,14:42:05,3.05,-0.01,132,40260,卖盘
188,14:42:00,3.06,--,17,5202,买盘
189,14:41:55,3.06,0.01,57,17442,买盘
190,14:41:50,3.05,-0.01,40,12200,卖盘
191,14:41:40,3.06,0.01,292,89352,买盘
192,14:41:35,3.05,-0.01,204,62470,卖盘
193,14:41:30,3.06,0.01,17,5202,买盘
194,14:41:25,3.05,-0.01,1,305,卖盘
195,14:41:20,3.06,--,295,90523,买盘
196,14:41:15,3.06,0.01,1,306,买盘
197,14:41:10,3.05,-0.01,2,610,卖盘
198,14:41:05,3.06,0.01,357,109242,买盘
199,14:41:00,3.05,-0.01,218,66490,卖盘
200,14:40:55,3.06,0.01,38,11628,买盘
201,14:40:50,3.05,-0.01,53,16164,卖盘
202,14:40:45,3.06,--,56,17136,买盘
203,14:40:40,3.06,0.01,117,35802,买盘
204,14:40:35,3.05,-0.01,7,2388,卖盘
205,14:40:29,3.06,--,38,11628,买盘
206,14:40:24,3.06,0.01,17,5202,买盘
207,14:40:19,3.05,-0.01,21,6658,卖盘
208,14:40:09,3.06,--,15,4590,买盘
209,14:40:04,3.06,0.01,266,81396,买盘
210,14:39:59,3.05,--,3056,932080,卖盘
211,14:39:54,3.05,-0.01,7,2388,卖盘
212,14:39:49,3.06,--,57,17442,买盘
213,14:39:45,3.06,--,32,9792,买盘
214,14:39:39,3.06,--,1,306,买盘
215,14:39:34,3.06,--,15,4590,买盘
216,14:39:30,3.06,--,52,15912,买盘
217,14:39:25,3.06,0.01,278,85068,买盘
218,14:39:19,3.05,-0.01,32,9760,卖盘
219,14:39:14,3.06,0.01,30,9180,买盘
220,14:39:09,3.05,--,57,17385,卖盘
221,14:39:04,3.05,-0.01,192,58813,卖盘
222,14:38:59,3.06,--,297,90882,买盘
223,14:38:49,3.06,--,61,18666,买盘
224,14:38:44,3.06,--,625,191250,买盘
225,14:38:39,3.06,0.01,15,4590,买盘
226,14:38:34,3.05,-0.01,39,12148,卖盘
227,14:38:29,3.06,0.01,677,207162,买盘
228,14:38:19,3.05,-0.01,49,15198,卖盘
229,14:38:14,3.06,--,95,29070,买盘
230,14:38:04,3.06,0.01,200,61200,买盘
231,14:37:59,3.05,-0.01,187,57035,卖盘
232,14:37:54,3.06,0.01,110,33660,买盘
233,14:37:49,3.05,-0.01,48,14640,卖盘
234,14:37:45,3.06,--,37,11322,买盘
235,14:37:34,3.06,--,396,121426,买盘
236,14:37:29,3.06,--,34,10404,买盘
237,14:37:24,3.06,--,6,1836,买盘
238,14:37:19,3.06,--,26,7956,买盘
239,14:37:14,3.06,--,76,23256,买盘
240,14:37:09,3.06,0.01,40,12493,买盘
241,14:37:04,3.05,--,193,58865,卖盘
242,14:36:59,3.05,-0.01,217,66185,卖盘
243,14:36:54,3.06,--,65,19890,买盘
244,14:36:49,3.06,0.01,41,12546,买盘
245,14:36:44,3.05,-0.01,32,10013,卖盘
246,14:36:39,3.06,0.01,19,5814,买盘
247,14:36:34,3.05,--,253,77165,卖盘
248,14:36:29,3.05,-0.01,11,3355,卖盘
249,14:36:24,3.06,--,89,27234,买盘
250,14:36:19,3.06,--,114,34884,买盘
251,14:36:14,3.06,--,23,7291,买盘
252,14:36:09,3.06,0.01,26,7956,买盘
253,14:36:04,3.05,-0.01,252,76860,卖盘
254,14:35:59,3.06,--,255,78030,买盘
255,14:35:54,3.06,0.01,1,306,买盘
256,14:35:49,3.05,-0.01,32,10013,卖盘
257,14:35:44,3.06,--,20,6120,买盘
258,14:35:39,3.06,--,15,4590,买盘
259,14:35:34,3.06,--,276,84456,买盘
260,14:35:29,3.06,0.01,1200,367200,买盘
261,14:35:24,3.05,-0.01,32,9760,卖盘
262,14:35:19,3.06,0.01,53,16471,买盘
263,14:35:14,3.05,--,1,305,卖盘
264,14:35:09,3.05,-0.01,44,13420,卖盘
265,14:35:04,3.06,--,35,10710,买盘
266,14:34:59,3.06,0.01,201,61506,买盘
267,14:34:54,3.05,--,16,4880,卖盘
268,14:34:49,3.05,-0.01,27,8235,卖盘
269,14:34:44,3.06,--,39,12187,买盘
270,14:34:39,3.06,0.01,10,3060,买盘
271,14:34:34,3.05,-0.01,218,66490,卖盘
272,14:34:29,3.06,--,33,10098,买盘
273,14:34:24,3.06,0.01,89,27234,买盘
274,14:34:19,3.05,-0.01,223,68015,卖盘
275,14:34:14,3.06,--,100,30600,买盘
276,14:34:09,3.06,--,16,4896,买盘
277,14:34:03,3.06,0.01,90,27793,买盘
278,14:33:59,3.05,-0.01,15,4575,卖盘
279,14:33:54,3.06,0.01,38,11628,买盘
280,14:33:49,3.05,-0.01,66,20380,卖盘
281,14:33:44,3.06,--,214,65484,买盘
282,14:33:39,3.06,--,20,6120,买盘
283,14:33:33,3.06,--,1199,366894,买盘
284,14:33:29,3.06,0.01,1272,389232,买盘
285,14:33:24,3.05,--,41,12505,卖盘
286,14:33:14,3.05,--,49,15198,卖盘
287,14:33:09,3.05,-0.01,62,18910,卖盘
288,14:33:03,3.06,0.01,189,57834,买盘
289,14:32:59,3.05,-0.01,313,95465,卖盘
290,14:32:53,3.06,0.01,36,11016,买盘
291,14:32:48,3.05,-0.01,39,11895,卖盘
292,14:32:43,3.06,--,201,61506,买盘
293,14:32:38,3.06,--,37,11575,买盘
294,14:32:33,3.06,0.01,23,7038,买盘
295,14:32:28,3.05,-0.01,6,1830,卖盘
296,14:32:23,3.06,--,37,11322,买盘
297,14:32:18,3.06,--,39,12187,买盘
298,14:32:13,3.06,--,22,6732,买盘
299,14:32:08,3.06,--,4,1224,买盘
300,14:32:03,3.06,0.01,400,122400,买盘
301,14:31:58,3.05,-0.01,862,262910,卖盘
302,14:31:53,3.06,0.01,80,24480,买盘
303,14:31:48,3.05,-0.01,35,10675,卖盘
304,14:31:43,3.06,--,50,15300,买盘
305,14:31:38,3.06,--,134,41257,买盘
306,14:31:33,3.06,--,195,59670,买盘
307,14:31:28,3.06,0.01,15,4590,买盘
308,14:31:23,3.05,-0.01,17,5185,卖盘
309,14:31:18,3.06,--,45,14023,买盘
310,14:31:13,3.06,--,18,5508,买盘
311,14:31:08,3.06,0.01,49,14994,买盘
312,14:31:03,3.05,-0.01,304,92720,卖盘
313,14:30:58,3.06,--,77,23562,买盘
314,14:30:53,3.06,0.01,47,14382,买盘
315,14:30:48,3.05,--,25,7625,卖盘
316,14:30:43,3.05,-0.01,72,22213,卖盘
317,14:30:33,3.06,0.01,198,60588,买盘
318,14:30:28,3.05,--,14,4270,卖盘
319,14:30:23,3.05,-0.01,2908,887202,卖盘
320,14:30:13,3.06,0.01,36,11269,买盘
321,14:30:08,3.05,--,1,305,卖盘
322,14:30:03,3.05,--,187,57035,卖盘
323,14:29:58,3.05,-0.01,39,11895,卖盘
324,14:29:53,3.06,--,243,74608,买盘
325,14:29:48,3.06,--,17,5202,买盘
326,14:29:43,3.06,--,4,1224,买盘
327,14:29:38,3.06,--,125,38250,买盘
328,14:29:33,3.06,--,17,5202,买盘
329,14:29:28,3.06,0.01,19,5814,买盘
330,14:29:23,3.05,-0.01,70,21350,卖盘
331,14:29:18,3.06,0.01,50,15300,买盘
332,14:29:13,3.05,-0.01,3,915,卖盘
333,14:29:08,3.06,--,25,7903,买盘
334,14:29:03,3.06,--,16,4896,买盘
335,14:28:58,3.06,0.01,37,11322,买盘
336,14:28:53,3.05,-0.01,27,8235,卖盘
337,14:28:43,3.06,0.01,43,13158,买盘
338,14:28:38,3.05,-0.01,302,92363,卖盘
339,14:28:33,3.06,--,46,14076,买盘
340,14:28:28,3.06,--,300,91800,买盘
341,14:28:23,3.06,--,86,26316,买盘
342,14:28:18,3.06,0.01,50,15300,买盘
343,14:28:13,3.05,-0.01,37,11285,卖盘
344,14:28:08,3.06,0.01,40,12493,买盘
345,14:27:53,3.05,-0.01,60,18300,卖盘
346,14:27:48,3.06,--,197,60282,买盘
347,14:27:43,3.06,--,20,6120,买盘
348,14:27:38,3.06,--,505,154783,买盘
349,14:27:33,3.06,--,15,4590,买盘
350,14:27:28,3.06,--,359,109854,买盘
351,14:27:23,3.06,--,1834,561204,买盘
352,14:27:13,3.06,0.01,36,11016,买盘
353,14:27:08,3.05,--,140,42700,卖盘
354,14:27:03,3.05,-0.01,7,2388,卖盘
355,14:26:58,3.06,0.01,261,79866,买盘
356,14:26:53,3.05,-0.01,46,14030,卖盘
357,14:26:48,3.06,--,83,25398,买盘
358,14:26:42,3.06,--,5263,1610478,买盘
359,14:26:38,3.06,--,63,19531,买盘
360,14:26:33,3.06,--,1,306,买盘
361,14:26:27,3.06,--,19,5814,买盘
362,14:26:23,3.06,--,32,9792,买盘
363,14:26:18,3.06,--,36,11269,买盘
364,14:26:08,3.06,--,20,6120,买盘
365,14:26:03,3.06,--,34,10404,买盘
366,14:25:57,3.06,0.01,17,5202,买盘
367,14:25:53,3.05,--,79,24095,卖盘
368,14:25:48,3.05,-0.01,147,44835,卖盘
369,14:25:42,3.06,0.01,16,4896,买盘
370,14:25:38,3.05,--,24,7570,卖盘
371,14:25:33,3.05,-0.01,318,96990,卖盘
372,14:25:27,3.06,--,16,4896,买盘
373,14:25:23,3.06,0.01,47,14382,买盘
374,14:25:18,3.05,-0.01,9,2998,卖盘
375,14:25:12,3.06,--,40,12240,买盘
376,14:25:08,3.06,--,32,9792,买盘
377,14:25:02,3.06,0.01,279,85374,买盘
378,14:24:57,3.05,-0.01,90,27450,卖盘
379,14:24:53,3.06,0.01,63,19278,买盘
380,14:24:47,3.05,--,393,119865,卖盘
381,14:24:42,3.05,--,18,5490,卖盘
382,14:24:37,3.05,-0.01,21,6658,卖盘
383,14:24:32,3.06,0.01,2888,883991,买盘
384,14:24:22,3.05,-0.01,40,12200,卖盘
385,14:24:17,3.06,0.01,239,73134,买盘
386,14:24:07,3.05,-0.01,27,8488,卖盘
387,14:24:02,3.06,--,841,257346,买盘
388,14:23:57,3.06,--,34,10404,买盘
389,14:23:52,3.06,0.01,143,43758,买盘
390,14:23:47,3.05,-0.01,3,915,卖盘
391,14:23:42,3.06,--,3,918,买盘
392,14:23:37,3.06,0.01,34,10404,买盘
393,14:23:32,3.05,-0.01,26,8183,卖盘
394,14:23:27,3.06,--,17,5202,买盘
395,14:23:22,3.06,--,34,10404,买盘
396,14:23:17,3.06,--,166,50796,买盘
397,14:23:12,3.06,--,17,5202,买盘
398,14:23:07,3.06,--,67,20755,买盘
399,14:23:02,3.06,--,51,15606,买盘
400,14:22:57,3.06,--,17,5202,买盘
401,14:22:52,3.06,--,29,8874,买盘
402,14:22:47,3.06,0.01,33,10098,买盘
403,14:22:42,3.05,-0.01,50,15250,卖盘
404,14:22:37,3.06,--,35,10710,买盘
405,14:22:32,3.06,--,8,2701,买盘
406,14:22:27,3.06,--,32,9792,买盘
407,14:22:22,3.06,--,17,5202,买盘
408,14:22:17,3.06,0.01,32,9792,买盘
409,14:22:07,3.05,--,33,10065,卖盘
410,14:22:02,3.05,-0.01,27,8488,卖盘
411,14:21:57,3.06,--,17,5202,买盘
412,14:21:52,3.06,0.01,51,15606,买盘
413,14:21:47,3.05,-0.01,42,12810,卖盘
414,14:21:42,3.06,0.01,1,306,买盘
415,14:21:37,3.05,-0.01,7,2385,卖盘
416,14:21:32,3.06,--,314,96084,买盘
417,14:21:22,3.06,--,17,5202,买盘
418,14:21:17,3.06,0.01,112,34272,买盘
419,14:21:12,3.05,-0.01,6,1830,卖盘
420,14:21:07,3.06,--,23,7038,买盘
421,14:21:02,3.06,--,27,8515,买盘
422,14:20:57,3.06,--,16,4896,买盘
423,14:20:52,3.06,--,61,18666,买盘
424,14:20:47,3.06,--,1,306,买盘
425,14:20:37,3.06,--,87,26875,买盘
426,14:20:32,3.06,--,63,19278,买盘
427,14:20:22,3.06,--,49,14994,买盘
428,14:20:17,3.06,--,19,5814,买盘
429,14:20:12,3.06,--,18,5508,买盘
430,14:20:06,3.06,--,35,10963,买盘
431,14:20:02,3.06,0.01,44,13464,买盘
432,14:19:57,3.05,--,7,2135,卖盘
433,14:19:51,3.05,--,20,6100,卖盘
434,14:19:47,3.05,--,44,13420,卖盘
435,14:19:42,3.05,--,21,6405,卖盘
436,14:19:36,3.05,-0.01,7,2388,卖盘
437,14:19:32,3.06,--,17,5202,买盘
438,14:19:27,3.06,--,29,8874,买盘
439,14:19:21,3.06,--,27,8262,买盘
440,14:19:12,3.06,0.01,18,5508,买盘
441,14:19:06,3.05,-0.01,9,2745,卖盘
442,14:19:02,3.06,--,349,106794,买盘
443,14:18:57,3.06,0.01,3275,1002150,买盘
444,14:18:51,3.05,-0.01,25,7625,卖盘
445,14:18:47,3.06,0.01,18,5508,买盘
446,14:18:42,3.05,-0.01,3006,917095,卖盘
447,14:18:32,3.06,--,223,68238,买盘
448,14:18:27,3.06,--,228,69768,买盘
449,14:18:17,3.06,--,105,32130,买盘
450,14:18:12,3.06,--,20,6120,买盘
451,14:18:06,3.06,0.01,17,5202,买盘
452,14:18:02,3.05,--,35,10909,卖盘
453,14:17:57,3.05,--,106,32329,卖盘
454,14:17:47,3.05,-0.01,558,170190,卖盘
455,14:17:42,3.06,0.01,115,35190,买盘
456,14:17:36,3.05,--,7,2366,卖盘
457,14:17:26,3.05,-0.01,229,69845,卖盘
458,14:17:21,3.06,--,2,612,买盘
459,14:17:17,3.06,--,232,70992,买盘
460,14:17:11,3.06,0.01,2,612,买盘
461,14:17:06,3.05,-0.01,7,2369,卖盘
462,14:17:02,3.06,--,19,5814,买盘
463,14:16:56,3.06,0.01,30,9180,买盘
464,14:16:46,3.05,--,46,14030,卖盘
465,14:16:41,3.05,-0.01,206,62829,卖盘
466,14:16:36,3.06,--,17,5202,买盘
467,14:16:31,3.06,--,203,62350,买盘
468,14:16:26,3.06,--,243,74358,买盘
469,14:16:21,3.06,--,17,5202,买盘
470,14:16:16,3.06,--,196,59976,买盘
471,14:16:11,3.06,0.01,21,6426,买盘
472,14:16:06,3.05,--,32,9760,卖盘
473,14:16:01,3.05,-0.01,37,11519,卖盘
474,14:15:56,3.06,0.01,1008,308448,买盘
475,14:15:51,3.05,--,25,7625,卖盘
476,14:15:46,3.05,--,1800,549000,卖盘
477,14:15:41,3.05,-0.01,662,201910,卖盘
478,14:15:36,3.06,0.01,1,306,买盘
479,14:15:31,3.05,--,7,2366,卖盘
480,14:15:26,3.05,--,515,157075,卖盘
481,14:15:21,3.05,-0.01,15,4575,卖盘
482,14:15:11,3.06,--,18,5743,买盘
483,14:15:06,3.06,--,1,306,买盘
484,14:15:01,3.06,--,100,30600,买盘
485,14:14:56,3.06,0.01,850,260100,买盘
486,14:14:51,3.05,--,25,7625,卖盘
487,14:14:46,3.05,-0.01,889,271145,卖盘
488,14:14:41,3.06,0.01,60,18360,买盘
489,14:14:36,3.05,-0.01,7,2366,卖盘
490,14:14:26,3.06,0.01,270,82620,买盘
491,14:14:21,3.05,--,8,2440,卖盘
492,14:14:16,3.05,-0.01,4,1220,卖盘
493,14:14:11,3.06,0.01,350,107100,买盘
494,14:13:56,3.05,--,198,60390,卖盘
495,14:13:51,3.05,--,1,305,卖盘
496,14:13:46,3.05,-0.01,33,10065,卖盘
497,14:13:41,3.06,--,2399,734326,买盘
498,14:13:30,3.06,--,20,6120,买盘
499,14:13:26,3.06,--,221,67626,买盘
500,14:13:21,3.06,0.01,28,8568,买盘
501,14:13:15,3.05,-0.01,70,21350,卖盘
502,14:13:06,3.06,--,6,1836,买盘
503,14:13:00,3.06,0.01,51,15606,买盘
504,14:12:56,3.05,--,2,610,卖盘
505,14:12:51,3.05,--,40,12200,卖盘
506,14:12:45,3.05,-0.01,2798,853652,卖盘
507,14:12:41,3.06,0.01,2,612,买盘
508,14:12:36,3.05,--,34,10370,卖盘
509,14:12:20,3.05,-0.01,1,305,卖盘
510,14:12:15,3.06,0.01,1,306,买盘
511,14:12:11,3.05,--,7,2366,卖盘
512,14:11:56,3.05,--,96,29280,卖盘
513,14:11:51,3.05,--,30,9150,卖盘
514,14:11:45,3.05,-0.01,158,48190,卖盘
515,14:11:41,3.06,--,8,2448,买盘
516,14:11:36,3.06,0.01,100,30600,买盘
517,14:11:21,3.05,--,808,246440,卖盘
518,14:11:15,3.05,-0.01,8,2440,卖盘
519,14:11:11,3.06,--,34,10404,买盘
520,14:11:06,3.06,0.01,100,30600,买盘
521,14:11:00,3.05,--,223,68015,卖盘
522,14:10:56,3.05,-0.01,1241,378505,卖盘
523,14:10:51,3.06,--,2033,622098,买盘
524,14:10:45,3.06,--,160,48960,买盘
525,14:10:41,3.06,--,35,10710,买盘
526,14:10:36,3.06,--,1091,333846,买盘
527,14:10:30,3.06,--,254,77724,买盘
528,14:10:26,3.06,--,107,32742,买盘
529,14:10:21,3.06,--,42,12852,买盘
530,14:10:05,3.06,--,1545,472770,买盘
531,14:10:00,3.06,0.01,101,30906,买盘
532,14:09:55,3.05,--,777,236985,卖盘
533,14:09:50,3.05,-0.01,45,13725,卖盘
534,14:09:45,3.06,0.01,92,28152,买盘
535,14:09:41,3.05,-0.01,2324,708820,卖盘
536,14:09:35,3.06,--,338,103428,买盘
537,14:09:30,3.06,--,2,612,买盘
538,14:09:25,3.06,--,640,195840,买盘
539,14:09:20,3.06,--,3670,1123020,买盘
540,14:09:15,3.06,--,1064,325584,买盘
541,14:09:10,3.06,--,10166,3110796,买盘
542,14:09:05,3.06,--,155,47430,买盘
543,14:09:00,3.06,0.01,1,306,买盘
544,14:08:55,3.05,-0.01,571,174155,卖盘
545,14:08:50,3.06,--,10083,3085398,买盘
546,14:08:45,3.06,--,162,49572,买盘
547,14:08:40,3.06,0.01,119,36414,买盘
548,14:08:35,3.05,-0.01,10179,3104595,卖盘
549,14:08:25,3.06,--,79,24174,买盘
550,14:08:20,3.06,0.01,5,1530,买盘
551,14:08:15,3.05,-0.01,12,3660,卖盘
552,14:08:10,3.06,--,2,612,买盘
553,14:08:05,3.06,0.01,10510,3216060,买盘
554,14:08:00,3.05,-0.01,24,7320,卖盘
555,14:07:55,3.06,0.01,1004,307224,买盘
556,14:07:50,3.05,--,25,7625,卖盘
557,14:07:45,3.05,--,704,214720,卖盘
558,14:07:40,3.05,--,988,301340,卖盘
559,14:07:35,3.05,--,555,169275,卖盘
560,14:07:30,3.05,-0.01,210,64049,卖盘
561,14:07:25,3.06,0.01,501,153306,买盘
562,14:07:20,3.05,--,951,290055,卖盘
563,14:07:15,3.05,-0.01,1183,360815,卖盘
564,14:07:10,3.06,--,2759,844254,买盘
565,14:07:05,3.06,--,835,255510,买盘
566,14:07:00,3.06,0.01,3269,1000314,买盘
567,14:06:55,3.05,-0.01,7427,2265497,卖盘
568,14:06:50,3.06,--,330,100980,买盘
569,14:06:45,3.06,--,532,162792,买盘
570,14:06:40,3.06,0.01,10000,3060000,买盘
571,14:06:35,3.05,-0.01,791,241255,卖盘
572,14:06:30,3.06,--,171,52326,买盘
573,14:06:24,3.06,0.01,3500,1071000,买盘
574,14:06:20,3.05,-0.01,1386,422730,卖盘
575,14:06:15,3.06,--,2313,707778,买盘
576,14:06:09,3.06,--,97,29682,买盘
577,14:06:05,3.06,--,10591,3240846,买盘
578,14:06:00,3.06,--,230,70380,买盘
579,14:05:54,3.06,--,1157,354042,买盘
580,14:05:50,3.06,--,10049,3074994,买盘
581,14:05:45,3.06,--,581,177786,买盘
582,14:05:39,3.06,--,1,306,买盘
583,14:05:35,3.06,--,2936,898416,买盘
584,14:05:30,3.06,--,8,2448,买盘
585,14:05:20,3.06,--,79,24174,买盘
586,14:05:15,3.06,0.01,243,74358,买盘
587,14:05:09,3.05,-0.01,18,5490,卖盘
588,14:05:05,3.06,--,483,147798,买盘
589,14:05:00,3.06,0.01,623,190638,买盘
590,14:04:54,3.05,-0.01,406,123830,卖盘
591,14:04:50,3.06,--,3719,1138014,买盘
592,14:04:45,3.06,--,566,173196,买盘
593,14:04:39,3.06,--,31,9486,买盘
594,14:04:35,3.06,--,447,136782,买盘
595,14:04:30,3.06,--,4240,1297440,买盘
596,14:04:24,3.06,--,524,160344,买盘
597,14:04:20,3.06,--,25,7650,买盘
598,14:04:15,3.06,0.01,26,7956,买盘
599,14:04:09,3.05,--,10,3050,卖盘
600,14:04:05,3.05,--,139,42395,卖盘
601,14:04:00,3.05,-0.01,29,8845,卖盘
602,14:03:54,3.06,--,30,9180,买盘
603,14:03:50,3.06,--,53,16218,买盘
604,14:03:45,3.06,0.01,48,14688,买盘
605,14:03:35,3.05,--,259,78995,卖盘
606,14:03:29,3.05,-0.01,24,7320,卖盘
607,14:03:24,3.06,--,265,81090,买盘
608,14:03:20,3.06,0.01,164,50184,买盘
609,14:03:14,3.05,-0.01,33,10065,卖盘
610,14:03:09,3.06,0.01,88,26928,买盘
611,14:03:05,3.05,-0.01,63,19215,卖盘
612,14:02:59,3.06,0.01,288,88128,买盘
613,14:02:54,3.05,-0.01,11,3355,卖盘
614,14:02:49,3.06,0.01,121,37026,买盘
615,14:02:45,3.05,-0.01,166,50630,卖盘
616,14:02:39,3.06,0.01,76,23256,买盘
617,14:02:34,3.05,-0.01,66,20130,卖盘
618,14:02:29,3.06,--,539,164934,买盘
619,14:02:24,3.06,--,523,160038,买盘
620,14:02:19,3.06,--,60,18360,买盘
621,14:02:14,3.06,0.01,26,7956,买盘
622,14:02:04,3.05,-0.01,78,23790,卖盘
623,14:01:59,3.06,--,20,6120,买盘
624,14:01:54,3.06,--,1,306,买盘
625,14:01:49,3.06,--,89,27234,买盘
626,14:01:44,3.06,0.01,27,8262,买盘
627,14:01:39,3.05,-0.01,10,3050,卖盘
628,14:01:34,3.06,0.01,126,38556,买盘
629,14:01:29,3.05,-0.01,8,2440,卖盘
630,14:01:19,3.06,--,121,37026,买盘
631,14:01:14,3.06,0.01,272,83232,买盘
632,14:01:09,3.05,--,16,4880,卖盘
633,14:01:04,3.05,--,3051,930817,卖盘
634,14:00:59,3.05,--,282,86010,卖盘
635,14:00:54,3.05,-0.01,134,40870,卖盘
636,14:00:49,3.06,--,1974,604044,买盘
637,14:00:44,3.06,0.01,31,9486,买盘
638,14:00:39,3.05,-0.01,71,21655,卖盘
639,14:00:34,3.06,--,341,104346,买盘
640,14:00:29,3.06,0.01,287,87822,买盘
641,14:00:24,3.05,-0.01,6,1830,卖盘
642,14:00:18,3.06,--,110,33660,买盘
643,14:00:14,3.06,--,305,93330,买盘
644,14:00:03,3.06,0.01,64,19584,买盘
645,13:59:59,3.05,-0.01,9,2745,卖盘
646,13:59:53,3.06,0.01,50,15300,买盘
647,13:59:49,3.05,--,51,15555,卖盘
648,13:59:44,3.05,-0.01,31,9455,卖盘
649,13:59:38,3.06,0.01,3,918,买盘
650,13:59:33,3.05,--,41,12505,卖盘
651,13:59:29,3.05,-0.01,165,50325,卖盘
652,13:59:23,3.06,--,25,7650,买盘
653,13:59:18,3.06,--,1,306,买盘
654,13:59:14,3.06,0.01,112,34272,买盘
655,13:59:08,3.05,--,330,100863,卖盘
656,13:59:03,3.05,-0.01,36,10980,卖盘
657,13:58:59,3.06,0.01,8,2448,买盘
658,13:58:53,3.05,--,55,16775,卖盘
659,13:58:48,3.05,--,25,7625,卖盘
660,13:58:44,3.05,-0.01,62,18910,卖盘
661,13:58:33,3.06,--,26,7956,买盘
662,13:58:29,3.06,0.01,6,1836,买盘
663,13:58:23,3.05,--,36,10980,卖盘
664,13:58:18,3.05,-0.01,17,5185,卖盘
665,13:58:14,3.06,0.01,246,75276,买盘
666,13:58:08,3.05,--,5,1525,卖盘
667,13:58:03,3.05,-0.01,34,10370,卖盘
668,13:57:59,3.06,--,21,6426,买盘
669,13:57:53,3.06,0.01,40,12240,买盘
670,13:57:48,3.05,-0.01,25,7625,卖盘
671,13:57:44,3.06,--,185,56610,买盘
672,13:57:38,3.06,--,19,5814,买盘
673,13:57:29,3.06,--,36,11016,买盘
674,13:57:23,3.06,0.01,30,9180,买盘
675,13:57:18,3.05,--,6,1830,卖盘
676,13:57:14,3.05,--,88,26840,卖盘
677,13:57:08,3.05,-0.01,7,2135,卖盘
678,13:57:03,3.06,0.01,76,23256,买盘
679,13:56:58,3.05,--,63,19215,卖盘
680,13:56:53,3.05,--,835,254674,卖盘
681,13:56:48,3.05,-0.01,25,7625,卖盘
682,13:56:43,3.06,--,35,10710,买盘
683,13:56:38,3.06,0.01,4,1224,买盘
684,13:56:33,3.05,-0.01,1,305,卖盘
685,13:56:28,3.06,0.01,39,11934,买盘
686,13:56:23,3.05,-0.01,298,91167,卖盘
687,13:56:18,3.06,0.01,18,5508,买盘
688,13:56:13,3.05,--,135,41175,卖盘
689,13:56:08,3.05,-0.01,55,16775,卖盘
690,13:56:03,3.06,--,1,306,买盘
691,13:55:58,3.06,0.01,80,24480,买盘
692,13:55:53,3.05,--,28,8540,卖盘
693,13:55:48,3.05,-0.01,2038,621590,卖盘
694,13:55:43,3.06,0.01,25,7650,买盘
695,13:55:38,3.05,-0.01,45,13725,卖盘
696,13:55:28,3.06,0.01,35,10710,买盘
697,13:55:23,3.05,-0.01,71,21655,卖盘
698,13:55:18,3.06,0.01,160,48960,买盘
699,13:55:13,3.05,--,296,90280,卖盘
700,13:55:08,3.05,-0.01,2808,856705,卖盘
701,13:54:58,3.06,0.01,65,19890,买盘
702,13:54:53,3.05,--,254,77610,卖盘
703,13:54:48,3.05,--,25,7625,卖盘
704,13:54:43,3.05,--,55,16775,卖盘
705,13:54:38,3.05,-0.01,185,56425,卖盘
706,13:54:28,3.06,0.01,251,76806,买盘
707,13:54:23,3.05,-0.01,602,183649,卖盘
708,13:54:18,3.06,--,15,4590,买盘
709,13:54:13,3.06,0.01,43,13158,买盘
710,13:54:08,3.05,-0.01,39,11895,卖盘
711,13:54:03,3.06,--,1253,383418,买盘
712,13:53:58,3.06,0.01,5,1530,买盘
713,13:53:53,3.05,--,30,9150,卖盘
714,13:53:48,3.05,--,68,20740,卖盘
715,13:53:43,3.05,-0.01,294,89932,卖盘
716,13:53:28,3.06,0.01,174,53244,买盘
717,13:53:23,3.05,-0.01,70,21350,卖盘
718,13:53:12,3.06,0.01,26,7956,买盘
719,13:53:08,3.05,-0.01,40,12200,卖盘
720,13:52:58,3.06,--,29,8874,买盘
721,13:52:53,3.06,0.01,25,7650,买盘
722,13:52:47,3.05,-0.01,25,7625,卖盘
723,13:52:42,3.06,--,25,7650,买盘
724,13:52:32,3.06,--,24,7344,买盘
725,13:52:23,3.06,0.01,26,7956,买盘
726,13:52:17,3.05,-0.01,1,305,卖盘
727,13:52:12,3.06,--,41,12546,买盘
728,13:52:08,3.06,--,1,306,买盘
729,13:52:02,3.06,0.01,27,8262,买盘
730,13:51:53,3.05,--,26,7929,卖盘
731,13:51:47,3.05,-0.01,26,7929,卖盘
732,13:51:42,3.06,--,25,7650,买盘
733,13:51:32,3.06,0.01,25,7650,买盘
734,13:51:27,3.05,-0.01,9,2745,卖盘
735,13:51:23,3.06,--,25,7650,买盘
736,13:51:17,3.06,--,2,612,买盘
737,13:51:12,3.06,0.01,25,7650,买盘
738,13:51:08,3.05,-0.01,80,24400,卖盘
739,13:51:02,3.06,0.01,389,119034,买盘
740,13:50:57,3.05,-0.01,138,42090,卖盘
741,13:50:53,3.06,--,50,15300,买盘
742,13:50:47,3.06,--,1,306,买盘
743,13:50:42,3.06,--,30,9180,买盘
744,13:50:32,3.06,--,28,8568,买盘
745,13:50:22,3.06,--,29,8874,买盘
746,13:50:17,3.06,--,5,1530,买盘
747,13:50:12,3.06,0.01,25,7650,买盘
748,13:50:07,3.05,-0.01,46,14030,卖盘
749,13:50:02,3.06,--,43,13158,买盘
750,13:49:52,3.06,--,28,8568,买盘
751,13:49:47,3.06,--,28,8568,买盘
752,13:49:42,3.06,--,1,306,买盘
753,13:49:37,3.06,--,75,22950,买盘
754,13:49:32,3.06,--,27,8262,买盘
755,13:49:22,3.06,0.01,25,7650,买盘
756,13:49:17,3.05,--,2798,853652,卖盘
757,13:49:12,3.05,-0.01,98,30024,卖盘
758,13:49:07,3.06,--,2,612,买盘
759,13:49:02,3.06,--,27,8262,买盘
760,13:48:57,3.06,0.01,6,1836,买盘
761,13:48:52,3.05,-0.01,42,12810,卖盘
762,13:48:47,3.06,--,160,48960,买盘
763,13:48:37,3.06,--,31,9486,买盘
764,13:48:32,3.06,--,204,62424,买盘
765,13:48:22,3.06,--,33,10098,买盘
766,13:48:12,3.06,0.01,25,7650,买盘
767,13:48:07,3.05,-0.01,33,10065,卖盘
768,13:48:02,3.06,0.01,25,7650,买盘
769,13:47:57,3.05,--,8,2440,卖盘
770,13:47:52,3.05,--,116,35380,卖盘
771,13:47:47,3.05,-0.01,25,7625,卖盘
772,13:47:42,3.06,0.01,39,11934,买盘
773,13:47:37,3.05,--,1,305,卖盘
774,13:47:32,3.05,--,39,11895,卖盘
775,13:47:27,3.05,-0.01,17,5185,卖盘
776,13:47:22,3.06,--,28,8568,买盘
777,13:47:17,3.06,0.01,23,7038,买盘
778,13:47:11,3.05,-0.01,1,305,卖盘
779,13:47:07,3.06,--,90,27540,买盘
780,13:47:02,3.06,0.01,26,7956,买盘
781,13:46:52,3.05,-0.01,26,7929,卖盘
782,13:46:47,3.06,--,105,32130,买盘
783,13:46:37,3.06,0.01,880,269362,买盘
784,13:46:31,3.05,-0.01,28,8540,卖盘
785,13:46:26,3.06,--,75,22950,买盘
786,13:46:21,3.06,0.01,25,7650,买盘
787,13:46:11,3.05,--,63,19215,卖盘
788,13:46:06,3.05,--,66,20130,卖盘
789,13:46:01,3.05,--,40,12200,卖盘
790,13:45:56,3.05,-0.01,8,2440,卖盘
791,13:45:51,3.06,0.01,25,7650,买盘
792,13:45:46,3.05,-0.01,125,38125,卖盘
793,13:45:41,3.06,0.01,26,7956,买盘
794,13:45:31,3.05,--,93,28365,卖盘
795,13:45:26,3.05,--,18,5490,卖盘
796,13:45:21,3.05,--,39,11895,卖盘
797,13:45:16,3.05,-0.01,75,22936,卖盘
798,13:45:11,3.06,0.01,25,7650,买盘
799,13:45:06,3.05,-0.01,1,305,卖盘
800,13:45:01,3.06,0.01,28,8568,买盘
801,13:44:56,3.05,-0.01,186,56730,卖盘
802,13:44:51,3.06,0.01,94,28764,买盘
803,13:44:46,3.05,-0.01,448,136640,卖盘
804,13:44:41,3.06,0.01,26,7956,买盘
805,13:44:36,3.05,-0.01,252,76860,卖盘
806,13:44:31,3.06,--,79,24174,买盘
807,13:44:26,3.06,0.01,1,306,买盘
808,13:44:21,3.05,-0.01,33,10065,卖盘
809,13:44:16,3.06,--,1,306,买盘
810,13:44:11,3.06,0.01,25,7650,买盘
811,13:44:06,3.05,--,328,100040,卖盘
812,13:44:01,3.05,-0.01,44,13420,卖盘
813,13:43:51,3.06,0.01,35,10710,买盘
814,13:43:46,3.05,--,153,46665,卖盘
815,13:43:41,3.05,-0.01,29,8845,卖盘
816,13:43:31,3.06,0.01,25,7650,买盘
817,13:43:26,3.05,--,2798,853652,卖盘
818,13:43:21,3.05,--,279,85116,卖盘
819,13:43:16,3.05,-0.01,33,10065,卖盘
820,13:43:11,3.06,--,127,38862,买盘
821,13:43:06,3.06,--,14,4284,买盘
822,13:43:01,3.06,0.01,26,7956,买盘
823,13:42:51,3.05,--,2392,729560,卖盘
824,13:42:46,3.05,-0.01,1009,307745,卖盘
825,13:42:41,3.06,0.01,27,8262,买盘
826,13:42:31,3.05,-0.01,1672,510149,卖盘
827,13:42:21,3.06,0.01,26,7956,买盘
828,13:42:16,3.05,-0.01,40,12200,卖盘
829,13:42:11,3.06,0.01,96,29376,买盘
830,13:42:06,3.05,--,18,5490,卖盘
831,13:42:01,3.05,--,29,8845,卖盘
832,13:41:56,3.05,--,53,16164,卖盘
833,13:41:51,3.05,--,98,29890,卖盘
834,13:41:46,3.05,--,55,16775,卖盘
835,13:41:41,3.05,--,42,12810,卖盘
836,13:41:36,3.05,-0.01,12,3660,卖盘
837,13:41:31,3.06,0.01,32,9792,买盘
838,13:41:26,3.05,--,1,305,卖盘
839,13:41:21,3.05,--,45,13725,卖盘
840,13:41:16,3.05,--,15,4575,卖盘
841,13:41:11,3.05,-0.01,54,16470,卖盘
842,13:41:06,3.06,--,1,306,买盘
843,13:41:01,3.06,0.01,34,10404,买盘
844,13:40:56,3.05,-0.01,223,68015,卖盘
845,13:40:51,3.06,0.01,26,7956,买盘
846,13:40:46,3.05,-0.01,25,7625,卖盘
847,13:40:41,3.06,--,30,9180,买盘
848,13:40:31,3.06,--,132,40392,买盘
849,13:40:21,3.06,0.01,26,7956,买盘
850,13:40:16,3.05,--,21,6405,卖盘
851,13:40:11,3.05,-0.01,78,23790,卖盘
852,13:40:01,3.06,--,25,7650,买盘
853,13:39:56,3.06,--,2,612,买盘
854,13:39:51,3.06,--,1,306,买盘
855,13:39:46,3.06,0.01,74,22644,买盘
856,13:39:41,3.05,--,172,52460,卖盘
857,13:39:35,3.05,-0.01,1,305,卖盘
858,13:39:31,3.06,0.01,25,7650,买盘
859,13:39:26,3.05,-0.01,31,9455,卖盘
860,13:39:20,3.06,--,25,7650,买盘
861,13:39:16,3.06,0.01,13,3978,买盘
862,13:39:11,3.05,--,259,78995,卖盘
863,13:39:05,3.05,-0.01,252,77058,卖盘
864,13:39:00,3.06,--,28,8568,买盘
865,13:38:55,3.06,--,2,612,买盘
866,13:38:50,3.06,--,48,14688,买盘
867,13:38:41,3.06,--,26,7956,买盘
868,13:38:35,3.06,--,107,32742,买盘
869,13:38:30,3.06,--,26,7956,买盘
870,13:38:20,3.06,--,128,39168,买盘
871,13:38:10,3.06,--,29,8874,买盘
872,13:38:05,3.06,--,10,3060,买盘
873,13:38:00,3.06,0.01,25,7650,买盘
874,13:37:55,3.05,-0.01,21,6405,卖盘
875,13:37:50,3.06,--,52,15912,买盘
876,13:37:40,3.06,0.01,33,10098,买盘
877,13:37:35,3.05,-0.01,2815,858873,卖盘
878,13:37:30,3.06,--,25,7650,买盘
879,13:37:25,3.06,--,1,306,买盘
880,13:37:20,3.06,--,24,7344,买盘
881,13:37:10,3.06,--,25,7650,买盘
882,13:37:05,3.06,--,10,3060,买盘
883,13:37:00,3.06,0.01,25,7650,买盘
884,13:36:55,3.05,--,10,3050,卖盘
885,13:36:50,3.05,-0.01,671,204655,卖盘
886,13:36:45,3.06,0.01,9,2754,买盘
887,13:36:40,3.05,-0.01,226,68930,卖盘
888,13:36:35,3.06,--,41,12546,买盘
889,13:36:30,3.06,--,24,7344,买盘
890,13:36:20,3.06,--,28,8568,买盘
891,13:36:10,3.06,--,24,7344,买盘
892,13:36:05,3.06,--,64,19584,买盘
893,13:36:00,3.06,--,38,11628,买盘
894,13:35:50,3.06,--,54,16524,买盘
895,13:35:45,3.06,--,752,230112,买盘
896,13:35:40,3.06,--,25,7650,买盘
897,13:35:35,3.06,--,3,918,买盘
898,13:35:30,3.06,0.01,24,7344,买盘
899,13:35:25,3.05,-0.01,126,38430,卖盘
900,13:35:20,3.06,0.01,29,8874,买盘
901,13:35:15,3.05,-0.01,1,305,卖盘
902,13:35:10,3.06,--,24,7344,买盘
903,13:35:05,3.06,--,9,2754,买盘
904,13:35:00,3.06,--,27,8262,买盘
905,13:34:55,3.06,--,209,63954,买盘
906,13:34:50,3.06,--,50,15300,买盘
907,13:34:40,3.06,--,25,7650,买盘
908,13:34:35,3.06,--,231,70686,买盘
909,13:34:30,3.06,--,26,7956,买盘
910,13:34:20,3.06,--,29,8874,买盘
911,13:34:10,3.06,--,27,8262,买盘
912,13:34:00,3.06,--,25,7650,买盘
913,13:33:50,3.06,--,50,15300,买盘
914,13:33:45,3.06,0.01,7,2142,买盘
915,13:33:40,3.05,-0.01,148,45140,卖盘
916,13:33:30,3.06,--,27,8262,买盘
917,13:33:25,3.06,--,13,3978,买盘
918,13:33:20,3.06,0.01,26,7956,买盘
919,13:33:15,3.05,-0.01,32,9760,卖盘
920,13:33:10,3.06,0.01,25,7650,买盘
921,13:33:05,3.05,-0.01,112,34160,卖盘
922,13:33:00,3.06,0.01,27,8262,买盘
923,13:32:55,3.05,--,1,305,卖盘
924,13:32:50,3.05,-0.01,50,15250,卖盘
925,13:32:44,3.06,--,10,3060,买盘
926,13:32:40,3.06,--,27,8262,买盘
927,13:32:29,3.06,0.01,25,7650,买盘
928,13:32:20,3.05,-0.01,98,29890,卖盘
929,13:32:14,3.06,--,1,306,买盘
930,13:32:10,3.06,0.01,25,7650,买盘
931,13:32:05,3.05,--,50,15250,卖盘
932,13:31:59,3.05,-0.01,187,57035,卖盘
933,13:31:55,3.06,0.01,50,15300,买盘
934,13:31:50,3.05,-0.01,51,15555,卖盘
935,13:31:44,3.06,--,3011,921595,买盘
936,13:31:40,3.06,--,24,7344,买盘
937,13:31:29,3.06,--,26,7956,买盘
938,13:31:20,3.06,--,27,8262,买盘
939,13:31:14,3.06,--,2,612,买盘
940,13:31:09,3.06,0.01,27,8262,买盘
941,13:30:59,3.05,--,248,75640,卖盘
942,13:30:54,3.05,-0.01,1,305,卖盘
943,13:30:49,3.06,--,1650,504900,买盘
944,13:30:44,3.06,--,51,15606,买盘
945,13:30:39,3.06,--,26,7956,买盘
946,13:30:34,3.06,0.01,18,5508,买盘
947,13:30:29,3.05,--,34,10370,卖盘
948,13:30:19,3.05,-0.01,95,28975,卖盘
949,13:30:14,3.06,--,361,110466,买盘
950,13:30:09,3.06,0.01,26,7956,买盘
951,13:30:04,3.05,-0.01,131,39955,卖盘
952,13:29:59,3.06,--,134,41004,买盘
953,13:29:54,3.06,0.01,4,1224,买盘
954,13:29:49,3.05,--,50,15250,卖盘
955,13:29:44,3.05,--,101,30805,卖盘
956,13:29:39,3.05,--,207,63134,卖盘
957,13:29:29,3.05,--,136,41480,卖盘
958,13:29:19,3.05,-0.01,25,7625,卖盘
959,13:29:14,3.06,0.01,11,3366,买盘
960,13:29:09,3.05,--,27,8235,卖盘
961,13:28:59,3.05,--,29,8845,卖盘
962,13:28:54,3.05,--,201,61305,卖盘
963,13:28:49,3.05,--,53,16164,卖盘
964,13:28:44,3.05,--,1,305,卖盘
965,13:28:39,3.05,--,247,75335,卖盘
966,13:28:34,3.05,-0.01,1,305,卖盘
967,13:28:29,3.06,0.01,27,8262,买盘
968,13:28:19,3.05,--,127,38735,卖盘
969,13:28:14,3.05,-0.01,1,305,卖盘
970,13:28:09,3.06,--,34,10404,买盘
971,13:27:59,3.06,0.01,29,8874,买盘
972,13:27:54,3.05,--,9,2745,卖盘
973,13:27:49,3.05,-0.01,56,17080,卖盘
974,13:27:39,3.06,--,27,8262,买盘
975,13:27:34,3.06,0.01,178,54468,买盘
976,13:27:29,3.05,--,27,8235,卖盘
977,13:27:24,3.05,-0.01,1,305,卖盘
978,13:27:19,3.06,--,26,7956,买盘
979,13:27:09,3.06,0.01,26,7956,买盘
980,13:27:04,3.05,-0.01,3,915,卖盘
981,13:26:59,3.06,--,27,8262,买盘
982,13:26:49,3.06,0.01,50,15300,买盘
983,13:26:39,3.05,--,56,17080,卖盘
984,13:26:29,3.05,-0.01,26,7929,卖盘
985,13:26:19,3.06,0.01,71,21726,买盘
986,13:26:14,3.05,-0.01,1,305,卖盘
987,13:26:09,3.06,0.01,25,7650,买盘
988,13:26:04,3.05,--,44,13420,卖盘
989,13:25:59,3.05,--,316,96380,卖盘
990,13:25:54,3.05,--,195,59475,卖盘
991,13:25:49,3.05,--,2848,868902,卖盘
992,13:25:44,3.05,-0.01,135,41175,卖盘
993,13:25:39,3.06,0.01,25,7650,买盘
994,13:25:34,3.05,-0.01,186,56730,卖盘
995,13:25:29,3.06,0.01,30,9180,买盘
996,13:25:23,3.05,-0.01,10,3050,卖盘
997,13:25:19,3.06,0.01,285,87210,买盘
998,13:25:08,3.05,--,26,7929,卖盘
999,13:25:04,3.05,--,31,9455,卖盘
1000,13:24:59,3.05,--,49,14945,卖盘
1001,13:24:53,3.05,--,1,305,卖盘
1002,13:24:49,3.05,--,52,15859,卖盘
1003,13:24:44,3.05,-0.01,4,1220,卖盘
1004,13:24:38,3.06,0.01,24,7344,买盘
1005,13:24:34,3.05,-0.01,5,1525,卖盘
1006,13:24:29,3.06,--,67,20502,买盘
1007,13:24:23,3.06,--,3,918,买盘
1008,13:24:19,3.06,0.01,24,7344,买盘
1009,13:24:14,3.05,-0.01,10,3050,卖盘
1010,13:24:08,3.06,0.01,25,7650,买盘
1011,13:24:04,3.05,-0.01,25,7625,卖盘
1012,13:23:59,3.06,0.01,26,7956,买盘
1013,13:23:53,3.05,--,370,112850,卖盘
1014,13:23:49,3.05,-0.01,49,14945,卖盘
1015,13:23:38,3.06,--,136,41616,买盘
1016,13:23:29,3.06,0.01,25,7650,买盘
1017,13:23:23,3.05,-0.01,9,2745,卖盘
1018,13:23:18,3.06,0.01,25,7650,买盘
1019,13:23:08,3.05,-0.01,40,12200,卖盘
1020,13:22:58,3.06,--,375,114750,买盘
1021,13:22:53,3.06,0.01,55,16830,买盘
1022,13:22:48,3.05,--,50,15250,卖盘
1023,13:22:43,3.05,--,42,12810,卖盘
1024,13:22:38,3.05,-0.01,40,12200,卖盘
1025,13:22:28,3.06,--,26,7956,买盘
1026,13:22:23,3.06,--,151,46206,买盘
1027,13:22:18,3.06,0.01,24,7344,买盘
1028,13:22:08,3.05,--,359,109495,卖盘
1029,13:22:03,3.05,-0.01,42,12810,卖盘
1030,13:21:58,3.06,0.01,26,7956,买盘
1031,13:21:48,3.05,-0.01,49,14945,卖盘
1032,13:21:43,3.06,0.01,19,5814,买盘
1033,13:21:38,3.05,-0.01,59,17995,卖盘
1034,13:21:28,3.06,--,75,22950,买盘
1035,13:21:23,3.06,--,71,21726,买盘
1036,13:21:18,3.06,0.01,25,7650,买盘
1037,13:21:08,3.05,--,148,45140,卖盘
1038,13:20:58,3.05,--,248,75640,卖盘
1039,13:20:53,3.05,--,1,305,卖盘
1040,13:20:48,3.05,-0.01,50,15250,卖盘
1041,13:20:43,3.06,0.01,9,2754,买盘
1042,13:20:38,3.05,-0.01,40,12200,卖盘
1043,13:20:28,3.06,0.01,24,7344,买盘
1044,13:20:18,3.05,--,310,94550,卖盘
1045,13:20:08,3.05,-0.01,41,12505,卖盘
1046,13:20:03,3.06,0.01,1,306,买盘
1047,13:19:58,3.05,--,2822,860972,卖盘
1048,13:19:53,3.05,--,35,10675,卖盘
1049,13:19:48,3.05,--,250,76250,卖盘
1050,13:19:38,3.05,-0.01,241,73505,卖盘
1051,13:19:28,3.06,0.01,25,7650,买盘
1052,13:19:18,3.05,--,29,8845,卖盘
1053,13:19:08,3.05,-0.01,40,12200,卖盘
1054,13:18:58,3.06,0.01,42,12852,买盘
1055,13:18:53,3.05,--,101,30805,卖盘
1056,13:18:47,3.05,--,50,15250,卖盘
1057,13:18:43,3.05,--,11,3355,卖盘
1058,13:18:38,3.05,-0.01,39,11895,卖盘
1059,13:18:33,3.06,0.01,100,30600,买盘
1060,13:18:28,3.05,-0.01,83,25315,卖盘
1061,13:18:17,3.06,0.01,24,7344,买盘
1062,13:18:13,3.05,--,193,58865,卖盘
1063,13:18:08,3.05,-0.01,27,8235,卖盘
1064,13:17:58,3.06,0.01,26,7956,买盘
1065,13:17:53,3.05,--,20,6100,卖盘
1066,13:17:47,3.05,-0.01,50,15250,卖盘
1067,13:17:38,3.06,--,26,7956,买盘
1068,13:17:28,3.06,--,159,48654,买盘
1069,13:17:23,3.06,--,187,57222,买盘
1070,13:17:17,3.06,--,25,7650,买盘
1071,13:17:13,3.06,--,203,62118,买盘
1072,13:17:08,3.06,0.01,26,7956,买盘
1073,13:17:02,3.05,-0.01,101,30805,卖盘
1074,13:16:58,3.06,--,25,7650,买盘
1075,13:16:53,3.06,0.01,141,43146,买盘
1076,13:16:47,3.05,-0.01,211,64354,卖盘
1077,13:16:43,3.06,--,41,12546,买盘
1078,13:16:38,3.06,--,27,8262,买盘
1079,13:16:32,3.06,--,2,612,买盘
1080,13:16:28,3.06,--,25,7650,买盘
1081,13:16:17,3.06,0.01,925,283050,买盘
1082,13:16:13,3.05,-0.01,1000,305000,卖盘
1083,13:16:08,3.06,--,1184,362460,买盘
1084,13:16:02,3.06,--,1001,306306,买盘
1085,13:15:58,3.06,0.01,30,9180,买盘
1086,13:15:53,3.05,-0.01,1179,359595,卖盘
1087,13:15:47,3.06,0.01,1053,322218,买盘
1088,13:15:43,3.05,-0.01,1000,305000,卖盘
1089,13:15:38,3.06,--,24,7344,买盘
1090,13:15:27,3.06,--,26,7956,买盘
1091,13:15:17,3.06,--,26,7956,买盘
1092,13:15:08,3.06,0.01,24,7344,买盘
1093,13:15:02,3.05,-0.01,9,2745,卖盘
1094,13:14:57,3.06,0.01,27,8262,买盘
1095,13:14:52,3.05,--,300,91500,卖盘
1096,13:14:47,3.05,--,50,15250,卖盘
1097,13:14:42,3.05,--,193,58865,卖盘
1098,13:14:37,3.05,--,36,10980,卖盘
1099,13:14:32,3.05,-0.01,270,82350,卖盘
1100,13:14:27,3.06,--,26,7956,买盘
1101,13:14:22,3.06,0.01,785,240210,买盘
1102,13:14:17,3.05,--,26,7929,卖盘
1103,13:14:07,3.05,-0.01,2931,894217,卖盘
1104,13:14:02,3.06,--,1,306,买盘
1105,13:13:57,3.06,0.01,36,11016,买盘
1106,13:13:52,3.05,--,1,305,卖盘
1107,13:13:47,3.05,-0.01,150,45750,卖盘
1108,13:13:42,3.06,--,26,7956,买盘
1109,13:13:37,3.06,--,352,107712,买盘
1110,13:13:32,3.06,--,1,306,买盘
1111,13:13:27,3.06,--,26,7956,买盘
1112,13:13:17,3.06,--,2024,619344,买盘
1113,13:13:12,3.06,--,1000,306000,买盘
1114,13:13:07,3.06,--,24,7344,买盘
1115,13:13:02,3.06,--,2,612,买盘
1116,13:12:57,3.06,0.01,27,8262,买盘
1117,13:12:52,3.05,--,76,23180,卖盘
1118,13:12:47,3.05,-0.01,79,24095,卖盘
1119,13:12:37,3.06,0.01,25,7650,买盘
1120,13:12:32,3.05,-0.01,8,2440,卖盘
1121,13:12:27,3.06,--,26,7956,买盘
1122,13:12:22,3.06,--,1,306,买盘
1123,13:12:17,3.06,--,26,7956,买盘
1124,13:12:12,3.06,--,10,3060,买盘
1125,13:12:07,3.06,--,25,7650,买盘
1126,13:12:02,3.06,--,3,918,买盘
1127,13:11:57,3.06,0.01,35,10710,买盘
1128,13:11:52,3.05,--,3,915,卖盘
1129,13:11:47,3.05,-0.01,51,15555,卖盘
1130,13:11:37,3.06,--,165,50490,买盘
1131,13:11:32,3.06,0.01,1,306,买盘
1132,13:11:27,3.05,-0.01,230,70150,卖盘
1133,13:11:22,3.06,0.01,2,612,买盘
1134,13:11:17,3.05,-0.01,881,268705,卖盘
1135,13:11:11,3.06,--,1,306,买盘
1136,13:11:07,3.06,--,26,7956,买盘
1137,13:11:02,3.06,--,254,77724,买盘
1138,13:10:56,3.06,0.01,26,7956,买盘
1139,13:10:47,3.05,-0.01,50,15250,卖盘
1140,13:10:37,3.06,--,27,8262,买盘
1141,13:10:26,3.06,0.01,97,29682,买盘
1142,13:10:22,3.05,-0.01,10,3050,卖盘
1143,13:10:17,3.06,--,28,8568,买盘
1144,13:10:11,3.06,--,1,306,买盘
1145,13:10:07,3.06,0.01,38,11628,买盘
1146,13:10:02,3.05,-0.01,159,48495,卖盘
1147,13:09:56,3.06,--,25,7650,买盘
1148,13:09:52,3.06,0.01,1,306,买盘
1149,13:09:46,3.05,-0.01,90,27450,卖盘
1150,13:09:41,3.06,--,3,918,买盘
1151,13:09:37,3.06,--,34,10404,买盘
1152,13:09:32,3.06,--,301,92106,买盘
1153,13:09:26,3.06,--,102,31212,买盘
1154,13:09:16,3.06,--,27,8262,买盘
1155,13:09:11,3.06,--,1,306,买盘
1156,13:09:07,3.06,0.01,26,7956,买盘
1157,13:09:02,3.05,-0.01,157,47885,卖盘
1158,13:08:56,3.06,0.01,27,8262,买盘
1159,13:08:46,3.05,-0.01,56,17080,卖盘
1160,13:08:37,3.06,--,24,7344,买盘
1161,13:08:26,3.06,--,28,8568,买盘
1162,13:08:16,3.06,0.01,2822,863795,买盘
1163,13:08:11,3.05,-0.01,6,1830,卖盘
1164,13:08:06,3.06,--,27,8262,买盘
1165,13:08:01,3.06,--,1,306,买盘
1166,13:07:56,3.06,0.01,36,11016,买盘
1167,13:07:51,3.05,--,8,2440,卖盘
1168,13:07:46,3.05,-0.01,50,15250,卖盘
1169,13:07:41,3.06,--,10,3060,买盘
1170,13:07:36,3.06,--,25,7650,买盘
1171,13:07:31,3.06,--,1,306,买盘
1172,13:07:26,3.06,--,33,10098,买盘
1173,13:07:16,3.06,0.01,25,7650,买盘
1174,13:07:11,3.05,-0.01,5,1525,卖盘
1175,13:07:06,3.06,--,25,7650,买盘
1176,13:07:01,3.06,--,10,3060,买盘
1177,13:06:56,3.06,0.01,37,11322,买盘
1178,13:06:46,3.05,--,53,16164,卖盘
1179,13:06:41,3.05,-0.01,146,44530,卖盘
1180,13:06:36,3.06,0.01,225,68850,买盘
1181,13:06:31,3.05,-0.01,10,3050,卖盘
1182,13:06:26,3.06,--,166,50796,买盘
1183,13:06:21,3.06,--,500,153000,买盘
1184,13:06:16,3.06,--,38,11628,买盘
1185,13:06:06,3.06,--,25,7650,买盘
1186,13:05:56,3.06,0.01,32,9792,买盘
1187,13:05:51,3.05,--,22,6710,卖盘
1188,13:05:46,3.05,--,552,168360,卖盘
1189,13:05:41,3.05,-0.01,3,915,卖盘
1190,13:05:36,3.06,--,25,7650,买盘
1191,13:05:26,3.06,--,27,8262,买盘
1192,13:05:16,3.06,0.01,25,7650,买盘
1193,13:05:11,3.05,-0.01,6,1830,卖盘
1194,13:05:06,3.06,--,25,7650,买盘
1195,13:04:56,3.06,0.01,27,8262,买盘
1196,13:04:51,3.05,--,14,4270,卖盘
1197,13:04:46,3.05,--,52,15859,卖盘
1198,13:04:41,3.05,-0.01,10,3050,卖盘
1199,13:04:36,3.06,0.01,26,7956,买盘
1200,13:04:31,3.05,-0.01,50,15250,卖盘
1201,13:04:26,3.06,0.01,25,7650,买盘
1202,13:04:21,3.05,--,11,3355,卖盘
1203,13:04:16,3.05,--,27,8235,卖盘
1204,13:04:11,3.05,-0.01,500,152500,卖盘
1205,13:04:05,3.06,--,27,8262,买盘
1206,13:03:56,3.06,0.01,25,7650,买盘
1207,13:03:46,3.05,--,143,43615,卖盘
1208,13:03:41,3.05,-0.01,200,61000,卖盘
1209,13:03:35,3.06,--,348,106488,买盘
1210,13:03:26,3.06,0.01,26,7956,买盘
1211,13:03:20,3.05,-0.01,1,305,卖盘
1212,13:03:16,3.06,--,27,8262,买盘
1213,13:03:05,3.06,0.01,24,7344,买盘
1214,13:02:55,3.05,--,2,610,卖盘
1215,13:02:50,3.05,--,25,7625,卖盘
1216,13:02:25,3.05,--,2799,853960,卖盘
1217,13:02:10,3.05,-0.01,1,305,卖盘
1218,13:01:55,3.06,0.01,94,28764,买盘
1219,13:01:50,3.05,--,26,7929,卖盘
1220,13:01:30,3.05,--,271,82655,卖盘
1221,13:01:20,3.05,--,1,305,卖盘
1222,13:01:15,3.05,--,345,105225,卖盘
1223,13:01:05,3.05,--,1,305,卖盘
1224,13:00:55,3.05,--,356,108580,卖盘
1225,13:00:50,3.05,--,201,61305,卖盘
1226,13:00:25,3.05,-0.01,109,33245,卖盘
1227,13:00:10,3.06,0.01,1233,377298,买盘
1228,13:00:05,3.05,-0.01,9188,2802340,卖盘
1229,11:30:00,3.06,--,0,0,买盘
1230,11:29:59,3.06,--,10,3060,买盘
1231,11:29:57,3.06,--,11,3366,买盘
1232,11:29:51,3.06,0.01,50,15300,买盘
1233,11:29:46,3.05,--,25,7625,卖盘
1234,11:29:42,3.05,-0.01,799,243695,卖盘
1235,11:29:31,3.06,--,11,3366,买盘
1236,11:29:20,3.06,--,6,1836,买盘
1237,11:29:11,3.06,0.01,11,3366,买盘
1238,11:29:01,3.05,-0.01,1,305,卖盘
1239,11:28:56,3.06,0.01,9,2754,买盘
1240,11:28:51,3.05,--,11,3355,卖盘
1241,11:28:46,3.05,--,24,7320,卖盘
1242,11:28:41,3.05,-0.01,14,4270,卖盘
1243,11:28:36,3.06,0.01,300,91800,买盘
1244,11:28:31,3.05,-0.01,1,305,卖盘
1245,11:28:26,3.06,0.01,11,3366,买盘
1246,11:28:16,3.05,-0.01,20,6100,卖盘
1247,11:28:11,3.06,0.01,20,6120,买盘
1248,11:27:56,3.05,-0.01,1,305,卖盘
1249,11:27:51,3.06,0.01,50,15300,买盘
1250,11:27:46,3.05,-0.01,35,10675,卖盘
1251,11:27:41,3.06,--,15,4590,买盘
1252,11:27:36,3.06,--,100,30600,买盘
1253,11:27:26,3.06,--,10,3060,买盘
1254,11:27:16,3.06,0.01,110,33660,买盘
1255,11:27:11,3.05,-0.01,1,305,卖盘
1256,11:27:01,3.06,--,1002,306612,买盘
1257,11:26:56,3.06,0.01,13,3978,买盘
1258,11:26:51,3.05,--,2,610,卖盘
1259,11:26:46,3.05,-0.01,46,14030,卖盘
1260,11:26:41,3.06,0.01,22,6732,买盘
1261,11:26:31,3.05,-0.01,2822,860972,卖盘
1262,11:26:26,3.06,0.01,10,3060,买盘
1263,11:26:20,3.05,-0.01,5,1525,卖盘
1264,11:26:16,3.06,0.01,9,2754,买盘
1265,11:26:11,3.05,-0.01,4,1220,卖盘
1266,11:26:01,3.06,0.01,25,7650,买盘
1267,11:25:56,3.05,-0.01,30,9150,卖盘
1268,11:25:50,3.06,0.01,10,3060,买盘
1269,11:25:46,3.05,-0.01,108,32940,卖盘
1270,11:25:41,3.06,--,10,3060,买盘
1271,11:25:36,3.06,--,100,30600,买盘
1272,11:25:26,3.06,--,2,612,买盘
1273,11:25:20,3.06,--,1,306,买盘
1274,11:25:16,3.06,--,10,3060,买盘
1275,11:25:06,3.06,0.01,11,3366,买盘
1276,11:25:01,3.05,-0.01,10,3050,卖盘
1277,11:24:56,3.06,--,9,2754,买盘
1278,11:24:50,3.06,0.01,9,2754,买盘
1279,11:24:46,3.05,-0.01,25,7625,卖盘
1280,11:24:41,3.06,--,2,612,买盘
1281,11:24:36,3.06,--,11,3366,买盘
1282,11:24:31,3.06,--,14,4284,买盘
1283,11:24:26,3.06,--,21,6426,买盘
1284,11:24:21,3.06,0.01,10,3060,买盘
1285,11:24:11,3.05,--,166,50630,卖盘
1286,11:24:05,3.05,--,16,4880,卖盘
1287,11:24:01,3.05,--,40,12200,卖盘
1288,11:23:55,3.05,-0.01,2,610,卖盘
1289,11:23:50,3.06,0.01,9,2754,买盘
1290,11:23:46,3.05,-0.01,35,10675,卖盘
1291,11:23:40,3.06,--,47,14382,买盘
1292,11:23:35,3.06,--,100,30600,买盘
1293,11:23:30,3.06,--,10,3060,买盘
1294,11:23:16,3.06,0.01,12,3672,买盘
1295,11:23:10,3.05,-0.01,100,30500,卖盘
1296,11:23:05,3.06,0.01,9,2754,买盘
1297,11:23:00,3.05,--,89,27145,卖盘
1298,11:22:55,3.05,-0.01,1,305,卖盘
1299,11:22:50,3.06,--,261,79866,买盘
1300,11:22:36,3.06,--,12,3672,买盘
1301,11:22:25,3.06,--,10,3060,买盘
1302,11:22:15,3.06,--,1,306,买盘
1303,11:22:10,3.06,--,10,3060,买盘
1304,11:21:55,3.06,0.01,37,11322,买盘
1305,11:21:50,3.05,-0.01,33,10065,卖盘
1306,11:21:45,3.06,0.01,90,27540,买盘
1307,11:21:40,3.05,-0.01,100,30500,卖盘
1308,11:21:35,3.06,--,29,8874,买盘
1309,11:21:25,3.06,0.01,3091,945846,买盘
1310,11:21:20,3.05,--,1500,457500,卖盘
1311,11:21:10,3.05,--,811,247355,卖盘
1312,11:21:05,3.05,--,12,3660,卖盘
1313,11:21:00,3.05,--,1,305,卖盘
1314,11:20:55,3.05,--,222,67710,卖盘
1315,11:20:50,3.05,--,35,10675,卖盘
1316,11:20:45,3.05,--,191,58255,卖盘
1317,11:20:39,3.05,-0.01,2798,853679,卖盘
1318,11:20:35,3.06,0.01,12,3672,买盘
1319,11:20:30,3.05,-0.01,30,9150,卖盘
1320,11:20:25,3.06,0.01,10,3060,买盘
1321,11:20:20,3.05,-0.01,2,610,卖盘
1322,11:20:14,3.06,--,8,2448,买盘
1323,11:20:10,3.06,--,20,6120,买盘
1324,11:19:59,3.06,--,147,44982,买盘
1325,11:19:55,3.06,0.01,11,3366,买盘
1326,11:19:50,3.05,-0.01,26,7929,卖盘
1327,11:19:45,3.06,--,50,15300,买盘
1328,11:19:25,3.06,--,10,3060,买盘
1329,11:19:20,3.06,0.01,10,3060,买盘
1330,11:19:15,3.05,-0.01,50,15250,卖盘
1331,11:19:10,3.06,0.01,12,3672,买盘
1332,11:19:05,3.05,--,2,610,卖盘
1333,11:19:00,3.05,--,1,305,卖盘
1334,11:18:55,3.05,--,46,14030,卖盘
1335,11:18:49,3.05,-0.01,35,10675,卖盘
1336,11:18:45,3.06,--,9,2754,买盘
1337,11:18:35,3.06,--,20,6120,买盘
1338,11:18:25,3.06,0.01,10,3060,买盘
1339,11:18:20,3.05,--,19,5795,卖盘
1340,11:18:14,3.05,--,1014,309270,卖盘
1341,11:17:50,3.05,-0.01,25,7625,卖盘
1342,11:17:39,3.06,0.01,90,27540,买盘
1343,11:17:34,3.05,--,459,139995,卖盘
1344,11:17:20,3.05,-0.01,8963,2733715,卖盘
1345,11:17:04,3.06,0.01,9,2754,买盘
1346,11:16:55,3.05,--,321,97905,卖盘
1347,11:16:49,3.05,--,25,7625,卖盘
1348,11:16:39,3.05,-0.01,2,610,卖盘
1349,11:16:35,3.06,0.01,284,86904,买盘
1350,11:16:20,3.05,-0.01,12,3660,卖盘
1351,11:16:04,3.06,0.01,10,3060,买盘
1352,11:15:49,3.05,-0.01,103,31414,卖盘
1353,11:15:38,3.06,--,9,2754,买盘
1354,11:15:14,3.06,--,20,6120,买盘
1355,11:15:04,3.06,--,4,1224,买盘
1356,11:14:59,3.06,0.01,11,3366,买盘
1357,11:14:53,3.05,-0.01,3,915,卖盘
1358,11:14:49,3.06,--,35,10710,买盘
1359,11:14:38,3.06,0.01,9,2754,买盘
1360,11:14:34,3.05,-0.01,2,872,卖盘
1361,11:14:29,3.06,0.01,20,6120,买盘
1362,11:14:19,3.05,--,25,7625,卖盘
1363,11:14:14,3.05,-0.01,55,16775,卖盘
1364,11:14:08,3.06,--,9,2754,买盘
1365,11:14:03,3.06,--,17,5202,买盘
1366,11:13:59,3.06,--,29,8874,买盘
1367,11:13:53,3.06,0.01,9,2754,买盘
1368,11:13:49,3.05,-0.01,41,12505,卖盘
1369,11:13:44,3.06,0.01,109,33354,买盘
1370,11:13:34,3.05,-0.01,24,7320,卖盘
1371,11:13:29,3.06,0.01,18,5508,买盘
1372,11:13:23,3.05,-0.01,24,7320,卖盘
1373,11:13:19,3.06,0.01,83,25398,买盘
1374,11:13:14,3.05,--,15,4575,卖盘
1375,11:13:08,3.05,-0.01,15,4575,卖盘
1376,11:12:58,3.06,0.01,1194,365364,买盘
1377,11:12:53,3.05,--,928,283040,卖盘
1378,11:12:48,3.05,--,25,7625,卖盘
1379,11:12:43,3.05,-0.01,866,264130,卖盘
1380,11:12:38,3.06,0.01,11,3366,买盘
1381,11:12:34,3.05,--,3282,1001009,卖盘
1382,11:12:28,3.05,-0.01,22,6710,卖盘
1383,11:12:13,3.06,--,91,27846,买盘
1384,11:12:04,3.06,--,10,3060,买盘
1385,11:11:58,3.06,0.01,293,89658,买盘
1386,11:11:48,3.05,--,76,23180,卖盘
1387,11:11:38,3.05,--,1,305,卖盘
1388,11:11:33,3.05,-0.01,18,5490,卖盘
1389,11:11:28,3.06,--,22,6732,买盘
1390,11:11:19,3.06,--,1,306,买盘
1391,11:11:04,3.06,--,11,3366,买盘
1392,11:10:58,3.06,0.01,234,71604,买盘
1393,11:10:53,3.05,--,25,7625,卖盘
1394,11:10:49,3.05,-0.01,83,25315,卖盘
1395,11:10:43,3.06,--,10,3060,买盘
1396,11:10:28,3.06,--,62,18972,买盘
1397,11:10:19,3.06,--,100,30600,买盘
1398,11:10:13,3.06,0.01,28,8568,买盘
1399,11:10:08,3.05,--,55,16775,卖盘
1400,11:10:04,3.05,-0.01,1,305,卖盘
1401,11:09:58,3.06,0.01,19,5814,买盘
1402,11:09:49,3.05,-0.01,26,7929,卖盘
1403,11:09:43,3.06,0.01,10,3060,买盘
1404,11:09:38,3.05,-0.01,2,610,卖盘
1405,11:09:33,3.06,--,5,1530,买盘
1406,11:09:28,3.06,0.01,32,9792,买盘
1407,11:09:17,3.05,-0.01,1,305,卖盘
1408,11:09:08,3.06,--,11,3366,买盘
1409,11:09:02,3.06,--,3,918,买盘
1410,11:08:58,3.06,0.01,22,6732,买盘
1411,11:08:53,3.05,--,191,58255,卖盘
1412,11:08:48,3.05,-0.01,25,7625,卖盘
1413,11:08:43,3.06,0.01,9,2754,买盘
1414,11:08:38,3.05,--,189,57645,卖盘
1415,11:08:32,3.05,-0.01,30,9150,卖盘
1416,11:08:28,3.06,0.01,1625,497250,买盘
1417,11:08:23,3.05,-0.01,1,305,卖盘
1418,11:08:17,3.06,0.01,131,40086,买盘
1419,11:08:13,3.05,-0.01,1500,457500,卖盘
1420,11:08:02,3.06,--,9,2754,买盘
1421,11:07:58,3.06,0.01,138,42228,买盘
1422,11:07:53,3.05,--,1117,340685,卖盘
1423,11:07:47,3.05,--,35,10675,卖盘
1424,11:07:43,3.05,-0.01,1,305,卖盘
1425,11:07:38,3.06,--,10,3060,买盘
1426,11:07:32,3.06,0.01,25,7650,买盘
1427,11:07:28,3.05,-0.01,29,8845,卖盘
1428,11:07:23,3.06,--,10,3060,买盘
1429,11:07:17,3.06,0.01,21,6426,买盘
1430,11:07:08,3.05,-0.01,206,62829,卖盘
1431,11:07:02,3.06,--,9,2754,买盘
1432,11:06:58,3.06,0.01,10,3060,买盘
1433,11:06:53,3.05,-0.01,176,53680,卖盘
1434,11:06:47,3.06,0.01,9,2754,买盘
1435,11:06:38,3.05,--,20,6100,卖盘
1436,11:06:32,3.05,-0.01,60,18300,卖盘
1437,11:06:23,3.06,--,10,3060,买盘
1438,11:06:17,3.06,--,100,30600,买盘
1439,11:06:07,3.06,--,25,7650,买盘
1440,11:05:58,3.06,--,14,4284,买盘
1441,11:05:52,3.06,0.01,244,74664,买盘
1442,11:05:47,3.05,-0.01,25,7625,卖盘
1443,11:05:43,3.06,--,640,195840,买盘
1444,11:05:38,3.06,--,237,72522,买盘
1445,11:05:27,3.06,0.01,159,48654,买盘
1446,11:05:22,3.05,--,164,50020,卖盘
1447,11:05:17,3.05,--,576,175680,卖盘
1448,11:05:13,3.05,-0.01,3784,1154120,卖盘
1449,11:05:07,3.06,--,408,124848,买盘
1450,11:05:02,3.06,0.01,5,1530,买盘
1451,11:04:58,3.05,--,11,3355,卖盘
1452,11:04:52,3.05,--,258,78690,卖盘
1453,11:04:47,3.05,--,25,7625,卖盘
1454,11:04:43,3.05,--,429,130844,卖盘
1455,11:04:32,3.05,--,73,22265,卖盘
1456,11:04:28,3.05,--,193,58865,卖盘
1457,11:04:22,3.05,-0.01,20,6100,卖盘
1458,11:04:17,3.06,0.01,33,10098,买盘
1459,11:04:13,3.05,-0.01,21,6405,卖盘
1460,11:04:07,3.06,--,54,16524,买盘
1461,11:03:58,3.06,--,18,5508,买盘
1462,11:03:52,3.06,0.01,71,21726,买盘
1463,11:03:47,3.05,--,97,29585,卖盘
1464,11:03:42,3.05,-0.01,7,2135,卖盘
1465,11:03:27,3.06,--,11,3366,买盘
1466,11:03:17,3.06,--,9,2754,买盘
1467,11:03:12,3.06,--,83,25398,买盘
1468,11:03:07,3.06,0.01,1,306,买盘
1469,11:03:02,3.05,-0.01,500,152500,卖盘
1470,11:02:57,3.06,--,61,18666,买盘
1471,11:02:52,3.06,0.01,30,9180,买盘
1472,11:02:47,3.05,--,25,7625,卖盘
1473,11:02:42,3.05,--,1140,347700,卖盘
1474,11:02:37,3.05,--,2000,610000,卖盘
1475,11:02:27,3.05,-0.01,90,27450,卖盘
1476,11:02:22,3.06,0.01,9,2754,买盘
1477,11:02:11,3.05,-0.01,51,15555,卖盘
1478,11:02:07,3.06,0.01,9,2754,买盘
1479,11:02:02,3.05,--,63,19215,卖盘
1480,11:01:56,3.05,-0.01,105,32024,卖盘
1481,11:01:52,3.06,0.01,2116,647496,买盘
1482,11:01:47,3.05,-0.01,72,21960,卖盘
1483,11:01:37,3.06,--,24,7344,买盘
1484,11:01:32,3.06,0.01,21,6426,买盘
1485,11:01:26,3.05,--,53,16164,卖盘
1486,11:01:22,3.05,--,12,3660,卖盘
1487,11:01:17,3.05,-0.01,15,4575,卖盘
1488,11:01:11,3.06,--,1,306,买盘
1489,11:01:07,3.06,--,9,2754,买盘
1490,11:01:02,3.06,0.01,506,154836,买盘
1491,11:00:52,3.05,-0.01,175,53375,卖盘
1492,11:00:47,3.06,0.01,352,107712,买盘
1493,11:00:41,3.05,-0.01,286,87230,卖盘
1494,11:00:37,3.06,--,324,99144,买盘
1495,11:00:32,3.06,--,3,918,买盘
1496,11:00:26,3.06,0.01,17,5202,买盘
1497,11:00:22,3.05,--,456,139080,卖盘
1498,11:00:17,3.05,--,1996,608780,卖盘
1499,11:00:11,3.05,--,1339,408395,卖盘
1500,11:00:07,3.05,--,844,257419,卖盘
1501,11:00:02,3.05,-0.01,115,35075,卖盘
1502,10:59:56,3.06,--,82,25092,买盘
1503,10:59:52,3.06,0.01,27,8262,买盘
1504,10:59:47,3.05,-0.01,90,27450,卖盘
1505,10:59:41,3.06,--,50,15300,买盘
1506,10:59:36,3.06,0.01,1068,326808,买盘
1507,10:59:21,3.05,--,314,95770,卖盘
1508,10:59:17,3.05,--,109,33245,卖盘
1509,10:59:11,3.05,--,192,58560,卖盘
1510,10:59:07,3.05,-0.01,138,42090,卖盘
1511,10:58:56,3.06,0.01,84,25704,买盘
1512,10:58:52,3.05,--,21,6405,卖盘
1513,10:58:46,3.05,-0.01,25,7625,卖盘
1514,10:58:37,3.06,--,90,27540,买盘
1515,10:58:32,3.06,--,9,2754,买盘
1516,10:58:22,3.06,--,11,3366,买盘
1517,10:58:16,3.06,0.01,458,140148,买盘
1518,10:58:11,3.05,--,74,22570,卖盘
1519,10:58:06,3.05,--,29,8845,卖盘
1520,10:58:01,3.05,-0.01,147,44835,卖盘
1521,10:57:56,3.06,--,12,3672,买盘
1522,10:57:51,3.06,0.01,105,32130,买盘
1523,10:57:46,3.05,-0.01,74,22570,卖盘
1524,10:57:36,3.06,--,10,3060,买盘
1525,10:57:21,3.06,0.01,14,4284,买盘
1526,10:57:16,3.05,--,42,12810,卖盘
1527,10:57:11,3.05,-0.01,1,305,卖盘
1528,10:57:01,3.06,--,133,40698,买盘
1529,10:56:56,3.06,--,122,37332,买盘
1530,10:56:51,3.06,0.01,70,21420,买盘
1531,10:56:46,3.05,-0.01,95,28975,卖盘
1532,10:56:41,3.06,--,16,4896,买盘
1533,10:56:36,3.06,0.01,20,6120,买盘
1534,10:56:31,3.05,-0.01,194,59170,卖盘
1535,10:56:26,3.06,--,8,2448,买盘
1536,10:56:22,3.06,0.01,10,3060,买盘
1537,10:56:16,3.05,-0.01,2,610,卖盘
1538,10:56:11,3.06,0.01,134,41004,买盘
1539,10:55:56,3.05,--,12,3660,卖盘
1540,10:55:50,3.05,--,82,25010,卖盘
1541,10:55:46,3.05,-0.01,277,84485,卖盘
1542,10:55:41,3.06,0.01,10,3060,买盘
1543,10:55:35,3.05,--,20,6100,卖盘
1544,10:55:31,3.05,--,118,35990,卖盘
1545,10:55:26,3.05,-0.01,77,23485,卖盘
1546,10:55:16,3.06,0.01,31,9486,买盘
1547,10:55:11,3.05,-0.01,54,16470,卖盘
1548,10:55:01,3.06,0.01,37,11322,买盘
1549,10:54:56,3.05,--,3,915,卖盘
1550,10:54:50,3.05,--,146,44530,卖盘
1551,10:54:46,3.05,--,87,26535,卖盘
1552,10:54:41,3.05,-0.01,1,305,卖盘
1553,10:54:35,3.06,0.01,11,3366,买盘
1554,10:54:31,3.05,-0.01,61,18605,卖盘
1555,10:54:26,3.06,0.01,10,3060,买盘
1556,10:54:20,3.05,-0.01,4,1220,卖盘
1557,10:54:16,3.06,0.01,171,52326,买盘
1558,10:54:05,3.05,-0.01,32,9760,卖盘
1559,10:54:01,3.06,0.01,15,4590,买盘
1560,10:53:56,3.05,--,289,88145,卖盘
1561,10:53:50,3.05,--,143,43615,卖盘
1562,10:53:46,3.05,--,96,29280,卖盘
1563,10:53:41,3.05,--,110,33550,卖盘
1564,10:53:31,3.05,-0.01,477,145485,卖盘
1565,10:53:26,3.06,0.01,9,2754,买盘
1566,10:53:20,3.05,--,88,26840,卖盘
1567,10:53:16,3.05,--,13,3964,卖盘
1568,10:53:11,3.05,-0.01,215,65575,卖盘
1569,10:53:01,3.06,0.01,12,3672,买盘
1570,10:52:56,3.05,--,43,13115,卖盘
1571,10:52:50,3.05,-0.01,880,268400,卖盘
1572,10:52:46,3.06,--,10,3060,买盘
1573,10:52:41,3.06,0.01,1,306,买盘
1574,10:52:35,3.05,-0.01,100,30500,卖盘
1575,10:52:31,3.06,--,11,3366,买盘
1576,10:52:26,3.06,0.01,13,3978,买盘
1577,10:52:16,3.05,-0.01,216,65880,卖盘
1578,10:52:11,3.06,0.01,10,3060,买盘
1579,10:52:05,3.05,-0.01,124,37820,卖盘
1580,10:52:00,3.06,0.01,90,27540,买盘
1581,10:51:46,3.05,--,26,7929,卖盘
1582,10:51:41,3.05,--,15,4575,卖盘
1583,10:51:31,3.05,-0.01,87,26535,卖盘
1584,10:51:26,3.06,0.01,11,3366,买盘
1585,10:51:16,3.05,-0.01,1,305,卖盘
1586,10:51:10,3.06,--,10,3060,买盘
1587,10:51:05,3.06,0.01,9,2754,买盘
1588,10:51:01,3.05,--,1,305,卖盘
1589,10:50:55,3.05,--,437,133285,卖盘
1590,10:50:50,3.05,--,1,305,卖盘
1591,10:50:45,3.05,--,34,10370,卖盘
1592,10:50:40,3.05,-0.01,87,26535,卖盘
1593,10:50:35,3.06,0.01,10,3060,买盘
1594,10:50:30,3.05,--,301,91805,卖盘
1595,10:50:25,3.05,-0.01,234,71370,卖盘
1596,10:50:20,3.06,0.01,10,3060,买盘
1597,10:50:15,3.05,--,95,28975,卖盘
1598,10:50:10,3.05,-0.01,50,15250,卖盘
1599,10:50:00,3.06,0.01,11,3366,买盘
1600,10:49:55,3.05,--,4,1220,卖盘
1601,10:49:50,3.05,-0.01,26,7929,卖盘
1602,10:49:40,3.06,--,9,2754,买盘
1603,10:49:30,3.06,--,12,3672,买盘
1604,10:49:25,3.06,0.01,99,30294,买盘
1605,10:49:20,3.05,--,3,915,卖盘
1606,10:49:15,3.05,--,107,32634,卖盘
1607,10:49:10,3.05,-0.01,27,8235,卖盘
1608,10:49:05,3.06,--,1,306,买盘
1609,10:48:55,3.06,0.01,11,3366,买盘
1610,10:48:50,3.05,-0.01,35,10675,卖盘
1611,10:48:40,3.06,--,10,3060,买盘
1612,10:48:35,3.06,0.01,1017,311202,买盘
1613,10:48:25,3.05,--,50,15250,卖盘
1614,10:48:20,3.05,-0.01,191,58255,卖盘
1615,10:48:10,3.06,0.01,230,70380,买盘
1616,10:48:05,3.05,--,629,191845,卖盘
1617,10:47:55,3.05,--,173,52765,卖盘
1618,10:47:50,3.05,--,11,3355,卖盘
1619,10:47:40,3.05,-0.01,23,7015,卖盘
1620,10:47:29,3.06,--,10,3060,买盘
1621,10:47:25,3.06,0.01,2,612,买盘
1622,10:47:20,3.05,--,32,9760,卖盘
1623,10:47:10,3.05,--,24,7320,卖盘
1624,10:47:05,3.05,-0.01,90,27450,卖盘
1625,10:46:59,3.06,--,1,306,买盘
1626,10:46:55,3.06,0.01,12,3672,买盘
1627,10:46:50,3.05,-0.01,26,7929,卖盘
1628,10:46:44,3.06,0.01,10,3060,买盘
1629,10:46:40,3.05,-0.01,11,3355,卖盘
1630,10:46:35,3.06,--,12,3672,买盘
1631,10:46:29,3.06,0.01,11,3366,买盘
1632,10:46:25,3.05,--,1,305,卖盘
1633,10:46:20,3.05,--,3,915,卖盘
1634,10:46:14,3.05,-0.01,11,3355,卖盘
1635,10:46:10,3.06,--,11,3366,买盘
1636,10:46:05,3.06,0.01,40,12240,买盘
1637,10:45:59,3.05,-0.01,1,305,卖盘
1638,10:45:55,3.06,0.01,10,3060,买盘
1639,10:45:50,3.05,-0.01,88,26840,卖盘
1640,10:45:35,3.06,--,160,48960,买盘
1641,10:45:25,3.06,0.01,9,2754,买盘
1642,10:45:14,3.05,-0.01,4,1220,卖盘
1643,10:45:10,3.06,0.01,22,6732,买盘
1644,10:44:59,3.05,-0.01,110,33550,卖盘
1645,10:44:55,3.06,--,2,612,买盘
1646,10:44:50,3.06,0.01,34,10404,买盘
1647,10:44:40,3.05,-0.01,11,3355,卖盘
1648,10:44:35,3.06,--,11,3366,买盘
1649,10:44:29,3.06,--,10,3060,买盘
1650,10:44:20,3.06,0.01,13,3978,买盘
1651,10:44:09,3.05,--,2258,688690,卖盘
1652,10:44:05,3.05,-0.01,834,254369,卖盘
1653,10:43:59,3.06,0.01,30,9180,买盘
1654,10:43:54,3.05,--,1565,477325,卖盘
1655,10:43:49,3.05,--,26,7929,卖盘
1656,10:43:40,3.05,--,10,3050,卖盘
1657,10:43:34,3.05,--,432,131760,卖盘
1658,10:43:29,3.05,--,154,46970,卖盘
1659,10:43:24,3.05,--,447,136335,卖盘
1660,10:43:20,3.05,--,1970,600850,卖盘
1661,10:43:09,3.05,--,527,160735,卖盘
1662,10:43:04,3.05,--,184,56120,卖盘
1663,10:42:59,3.05,--,10,3050,卖盘
1664,10:42:54,3.05,--,108,32940,卖盘
1665,10:42:49,3.05,--,35,10675,卖盘
1666,10:42:44,3.05,-0.01,201,61305,卖盘
1667,10:42:34,3.06,--,12,3672,买盘
1668,10:42:29,3.06,--,10,3060,买盘
1669,10:42:19,3.06,--,1,306,买盘
1670,10:42:14,3.06,--,11,3366,买盘
1671,10:42:04,3.06,0.01,13,3978,买盘
1672,10:41:59,3.05,-0.01,2,610,卖盘
1673,10:41:53,3.06,--,79,24174,买盘
1674,10:41:49,3.06,--,32,9792,买盘
1675,10:41:44,3.06,--,10,3060,买盘
1676,10:41:34,3.06,0.01,10,3060,买盘
1677,10:41:23,3.05,--,1,305,卖盘
1678,10:41:19,3.05,-0.01,18,5490,卖盘
1679,10:41:14,3.06,--,11,3366,买盘
1680,10:41:04,3.06,--,1,306,买盘
1681,10:40:59,3.06,0.01,233,71298,买盘
1682,10:40:49,3.05,-0.01,45,13725,卖盘
1683,10:40:44,3.06,--,1,306,买盘
1684,10:40:38,3.06,--,182,55692,买盘
1685,10:40:29,3.06,--,428,130968,买盘
1686,10:40:14,3.06,--,30,9180,买盘
1687,10:40:04,3.06,--,12,3672,买盘
1688,10:39:53,3.06,--,100,30600,买盘
1689,10:39:49,3.06,--,45,13770,买盘
1690,10:39:44,3.06,0.01,57,17442,买盘
1691,10:39:38,3.05,-0.01,15,4575,卖盘
1692,10:39:34,3.06,--,872,266832,买盘
1693,10:39:29,3.06,--,11,3366,买盘
1694,10:39:23,3.06,--,331,101286,买盘
1695,10:39:19,3.06,0.01,10,3060,买盘
1696,10:39:14,3.05,--,207,63134,卖盘
1697,10:39:08,3.05,--,11,3355,卖盘
1698,10:38:59,3.05,--,17,5185,卖盘
1699,10:38:49,3.05,-0.01,65,19825,卖盘
1700,10:38:43,3.06,--,1,306,买盘
1701,10:38:38,3.06,--,11,3366,买盘
1702,10:38:29,3.06,--,1,306,买盘
1703,10:38:23,3.06,--,22,6732,买盘
1704,10:38:19,3.06,--,1,306,买盘
1705,10:38:14,3.06,--,12,3672,买盘
1706,10:38:08,3.06,--,2,612,买盘
1707,10:38:04,3.06,--,105,32130,买盘
1708,10:37:58,3.06,--,1,306,买盘
1709,10:37:53,3.06,--,11,3366,买盘
1710,10:37:49,3.06,--,26,7956,买盘
1711,10:37:44,3.06,--,100,30600,买盘
1712,10:37:38,3.06,--,11,3366,买盘
1713,10:37:29,3.06,--,26,7956,买盘
1714,10:37:19,3.06,0.01,12,3672,买盘
1715,10:37:14,3.05,--,12,3660,卖盘
1716,10:37:04,3.05,-0.01,2,610,卖盘
1717,10:36:58,3.06,--,78,23868,买盘
1718,10:36:48,3.06,0.01,257,78642,买盘
1719,10:36:43,3.05,-0.01,51,15555,卖盘
1720,10:36:38,3.06,0.01,2,612,买盘
1721,10:36:33,3.05,-0.01,129,39345,卖盘
1722,10:36:28,3.06,--,8,2448,买盘
1723,10:36:23,3.06,--,11,3366,买盘
1724,10:36:13,3.06,0.01,11,3366,买盘
1725,10:36:08,3.05,-0.01,3,915,卖盘
1726,10:36:03,3.06,0.01,10,3060,买盘
1727,10:35:48,3.05,-0.01,235,71675,卖盘
1728,10:35:38,3.06,--,11,3366,买盘
1729,10:35:32,3.06,0.01,11,3366,买盘
1730,10:35:23,3.05,-0.01,12,3660,卖盘
1731,10:35:13,3.06,--,5,1530,买盘
1732,10:35:08,3.06,0.01,9,2754,买盘
1733,10:34:53,3.05,--,42,12810,卖盘
1734,10:34:47,3.05,-0.01,33,10065,卖盘
1735,10:34:43,3.06,--,17,5202,买盘
1736,10:34:37,3.06,0.01,9,2754,买盘
1737,10:34:32,3.05,-0.01,50,15250,卖盘
1738,10:34:23,3.06,0.01,13,3978,买盘
1739,10:34:17,3.05,-0.01,2,610,卖盘
1740,10:34:13,3.06,--,9,2754,买盘
1741,10:34:02,3.06,--,10,3060,买盘
1742,10:33:58,3.06,0.01,838,256428,买盘
1743,10:33:52,3.05,--,297,90585,卖盘
1744,10:33:47,3.05,--,35,10675,卖盘
1745,10:33:43,3.05,-0.01,246,75030,卖盘
1746,10:33:37,3.06,0.01,12,3672,买盘
1747,10:33:28,3.05,--,41,12505,卖盘
1748,10:33:22,3.05,-0.01,111,33855,卖盘
1749,10:33:13,3.06,--,10,3060,买盘
1750,10:33:07,3.06,--,225,68850,买盘
1751,10:33:02,3.06,0.01,31,9486,买盘
1752,10:32:58,3.05,-0.01,57,17385,卖盘
1753,10:32:52,3.06,0.01,135,41310,买盘
1754,10:32:47,3.05,-0.01,4,1220,卖盘
1755,10:32:43,3.06,--,218,66708,买盘
1756,10:32:37,3.06,--,1,306,买盘
1757,10:32:32,3.06,0.01,11,3366,买盘
1758,10:32:28,3.05,-0.01,8,2440,卖盘
1759,10:32:22,3.06,--,19,5814,买盘
1760,10:32:07,3.06,0.01,10,3060,买盘
1761,10:32:02,3.05,-0.01,5,1525,卖盘
1762,10:31:58,3.06,0.01,12,3672,买盘
1763,10:31:52,3.05,--,36,10980,卖盘
1764,10:31:47,3.05,-0.01,125,38125,卖盘
1765,10:31:43,3.06,--,102,31212,买盘
1766,10:31:37,3.06,--,1,306,买盘
1767,10:31:28,3.06,--,1,306,买盘
1768,10:31:22,3.06,0.01,36,11016,买盘
1769,10:31:17,3.05,--,1,305,卖盘
1770,10:31:13,3.05,--,4,1220,卖盘
1771,10:31:07,3.05,--,1,305,卖盘
1772,10:30:58,3.05,-0.01,222,67710,卖盘
1773,10:30:52,3.06,0.01,101,30906,买盘
1774,10:30:47,3.05,-0.01,25,7625,卖盘
1775,10:30:32,3.06,--,4,1224,买盘
1776,10:30:27,3.06,0.01,1,306,买盘
1777,10:30:22,3.05,-0.01,2,610,卖盘
1778,10:30:17,3.06,0.01,5,1530,买盘
1779,10:30:13,3.05,-0.01,509,155245,卖盘
1780,10:30:07,3.06,0.01,1,306,买盘
1781,10:30:02,3.05,-0.01,1,305,卖盘
1782,10:29:57,3.06,0.01,198,60588,买盘
1783,10:29:52,3.05,--,25,7625,卖盘
1784,10:29:47,3.05,-0.01,10,3050,卖盘
1785,10:29:42,3.06,0.01,4,1224,买盘
1786,10:29:32,3.05,--,1,305,卖盘
1787,10:29:22,3.05,--,2,610,卖盘
1788,10:29:07,3.05,-0.01,21,6405,卖盘
1789,10:28:52,3.06,0.01,101,30906,买盘
1790,10:28:47,3.05,--,24,7320,卖盘
1791,10:28:32,3.05,--,1,305,卖盘
1792,10:28:26,3.05,-0.01,4,1220,卖盘
1793,10:28:17,3.06,--,20,6120,买盘
1794,10:28:11,3.06,--,1,306,买盘
1795,10:28:02,3.06,0.01,7,2142,买盘
1796,10:27:56,3.05,--,5,1525,卖盘
1797,10:27:47,3.05,--,26,7929,卖盘
1798,10:27:37,3.05,-0.01,5,1525,卖盘
1799,10:27:31,3.06,--,50,15300,买盘
1800,10:27:26,3.06,--,209,63954,买盘
1801,10:27:22,3.06,0.01,4,1224,买盘
1802,10:27:16,3.05,-0.01,10,3050,卖盘
1803,10:27:11,3.06,0.01,4,1224,买盘
1804,10:27:07,3.05,-0.01,12,3660,卖盘
1805,10:27:01,3.06,0.01,149,45594,买盘
1806,10:26:56,3.05,--,13,3964,卖盘
1807,10:26:52,3.05,-0.01,26,7929,卖盘
1808,10:26:46,3.06,0.01,14,4284,买盘
1809,10:26:41,3.05,--,100,30500,卖盘
1810,10:26:37,3.05,--,15,4575,卖盘
1811,10:26:31,3.05,-0.01,45,13725,卖盘
1812,10:26:22,3.06,--,3,918,买盘
1813,10:26:11,3.06,--,1,306,买盘
1814,10:26:07,3.06,0.01,14,4284,买盘
1815,10:26:01,3.05,--,4,1220,卖盘
1816,10:25:46,3.05,-0.01,25,7625,卖盘
1817,10:25:41,3.06,--,1,306,买盘
1818,10:25:22,3.06,--,1,306,买盘
1819,10:25:16,3.06,--,1,306,买盘
1820,10:25:11,3.06,--,10,3060,买盘
1821,10:24:56,3.06,0.01,1,306,买盘
1822,10:24:52,3.05,--,26,7929,卖盘
1823,10:24:46,3.05,--,127,38735,卖盘
1824,10:24:37,3.05,-0.01,1,305,卖盘
1825,10:24:26,3.06,0.01,1,306,买盘
1826,10:24:21,3.05,--,124,37820,卖盘
1827,10:24:16,3.05,--,1,305,卖盘
1828,10:24:01,3.05,--,194,59170,卖盘
1829,10:23:56,3.05,-0.01,193,58865,卖盘
1830,10:23:46,3.06,--,27,8262,买盘
1831,10:23:36,3.06,--,150,45900,买盘
1832,10:23:31,3.06,0.01,100,30600,买盘
1833,10:23:26,3.05,--,11,3355,卖盘
1834,10:23:16,3.05,-0.01,179,54595,卖盘
1835,10:23:11,3.06,--,1,306,买盘
1836,10:23:06,3.06,--,2,612,买盘
1837,10:23:01,3.06,0.01,2,612,买盘
1838,10:22:46,3.05,--,148,45140,卖盘
1839,10:22:36,3.05,--,4,1220,卖盘
1840,10:22:26,3.05,--,20,6100,卖盘
1841,10:22:16,3.05,-0.01,1,305,卖盘
1842,10:22:01,3.06,--,2,612,买盘
1843,10:21:56,3.06,0.01,100,30600,买盘
1844,10:21:51,3.05,--,1,305,卖盘
1845,10:21:46,3.05,--,28,8540,卖盘
1846,10:21:41,3.05,-0.01,14,4270,卖盘
1847,10:21:36,3.06,--,132,40392,买盘
1848,10:21:31,3.06,0.01,18,5508,买盘
1849,10:21:26,3.05,-0.01,125,38125,卖盘
1850,10:21:20,3.06,0.01,10,3060,买盘
1851,10:21:16,3.05,-0.01,1,305,卖盘
1852,10:21:11,3.06,--,10,3060,买盘
1853,10:21:05,3.06,0.01,102,31212,买盘
1854,10:20:56,3.05,-0.01,248,75640,卖盘
1855,10:20:50,3.06,--,1,306,买盘
1856,10:20:46,3.06,--,1,306,买盘
1857,10:20:41,3.06,0.01,1,306,买盘
1858,10:20:35,3.05,-0.01,124,37820,卖盘
1859,10:20:31,3.06,--,1,306,买盘
1860,10:20:15,3.06,0.01,1,306,买盘
1861,10:20:10,3.05,-0.01,1,305,卖盘
1862,10:20:05,3.06,--,1,306,买盘
1863,10:20:00,3.06,--,1,306,买盘
1864,10:19:55,3.06,--,40,12240,买盘
1865,10:19:50,3.06,0.01,9,2754,买盘
1866,10:19:45,3.05,-0.01,31,9455,卖盘
1867,10:19:40,3.06,--,1,306,买盘
1868,10:19:31,3.06,0.01,1,306,买盘
1869,10:19:25,3.05,-0.01,7,2135,卖盘
1870,10:19:20,3.06,--,1,306,买盘
1871,10:19:15,3.06,0.01,201,61506,买盘
1872,10:19:10,3.05,-0.01,280,85400,卖盘
1873,10:19:00,3.06,--,1785,546210,买盘
1874,10:18:55,3.06,0.01,58,17748,买盘
1875,10:18:50,3.05,-0.01,25,7625,卖盘
1876,10:18:45,3.06,--,11,3366,买盘
1877,10:18:40,3.06,0.01,1,306,买盘
1878,10:18:30,3.05,-0.01,2,610,卖盘
1879,10:18:25,3.06,--,1,306,买盘
1880,10:18:10,3.06,0.01,214,65484,买盘
1881,10:18:00,3.05,--,84,25620,卖盘
1882,10:17:55,3.05,--,1,305,卖盘
1883,10:17:50,3.05,-0.01,73,22265,卖盘
1884,10:17:40,3.06,0.01,2,612,买盘
1885,10:17:30,3.05,-0.01,5,1525,卖盘
1886,10:17:25,3.06,--,1,306,买盘
1887,10:17:20,3.06,--,9,2754,买盘
1888,10:17:15,3.06,--,33,10098,买盘
1889,10:17:10,3.06,0.01,12,3672,买盘
1890,10:17:05,3.05,--,10,3050,卖盘
1891,10:16:55,3.05,-0.01,4,1220,卖盘
1892,10:16:50,3.06,0.01,50,15300,买盘
1893,10:16:45,3.05,-0.01,25,7625,卖盘
1894,10:16:40,3.06,--,303,92718,买盘
1895,10:16:35,3.06,--,3,918,买盘
1896,10:16:30,3.06,--,11,3366,买盘
1897,10:16:25,3.06,--,58,17748,买盘
1898,10:16:05,3.06,--,15,4590,买盘
1899,10:16:00,3.06,0.01,10,3060,买盘
1900,10:15:55,3.05,--,3,915,卖盘
1901,10:15:50,3.05,--,25,7625,卖盘
1902,10:15:40,3.05,--,65,19825,卖盘
1903,10:15:30,3.05,-0.01,51,15555,卖盘
1904,10:15:25,3.06,--,400,122400,买盘
1905,10:15:20,3.06,--,39,11934,买盘
1906,10:15:05,3.06,0.01,16,4896,买盘
1907,10:15:00,3.05,--,2,610,卖盘
1908,10:14:50,3.05,--,209,63744,卖盘
1909,10:14:45,3.05,-0.01,24,7320,卖盘
1910,10:14:35,3.06,0.01,3,918,买盘
1911,10:14:25,3.05,--,48,14640,卖盘
1912,10:14:20,3.05,-0.01,784,239120,卖盘
1913,10:14:15,3.06,--,24,7344,买盘
1914,10:14:00,3.06,--,1,306,买盘
1915,10:13:55,3.06,0.01,209,63954,买盘
1916,10:13:50,3.05,-0.01,35,10675,卖盘
1917,10:13:45,3.06,--,34,10404,买盘
1918,10:13:40,3.06,--,1,306,买盘
1919,10:13:35,3.06,0.01,1,306,买盘
1920,10:13:20,3.05,-0.01,3,915,卖盘
1921,10:13:15,3.06,0.01,8,2448,买盘
1922,10:13:10,3.05,-0.01,77,23485,卖盘
1923,10:12:59,3.06,0.01,1,306,买盘
1924,10:12:49,3.05,--,255,77775,卖盘
1925,10:12:40,3.05,--,51,15555,卖盘
1926,10:12:34,3.05,--,11,3355,卖盘
1927,10:12:25,3.05,-0.01,1,305,卖盘
1928,10:12:19,3.06,--,4,1224,买盘
1929,10:12:14,3.06,--,101,30906,买盘
1930,10:12:10,3.06,--,3,918,买盘
1931,10:12:04,3.06,0.01,3,918,买盘
1932,10:11:59,3.05,--,3,915,卖盘
1933,10:11:55,3.05,--,1,305,卖盘
1934,10:11:49,3.05,--,35,10675,卖盘
1935,10:11:44,3.05,-0.01,1,305,卖盘
1936,10:11:39,3.06,--,787,240822,买盘
1937,10:11:34,3.06,0.01,11,3366,买盘
1938,10:11:24,3.05,-0.01,869,265045,卖盘
1939,10:11:19,3.06,0.01,21,6426,买盘
1940,10:11:14,3.05,-0.01,200,61000,卖盘
1941,10:11:04,3.06,0.01,30,9180,买盘
1942,10:10:54,3.05,--,224,68320,卖盘
1943,10:10:49,3.05,-0.01,58,17690,卖盘
1944,10:10:39,3.06,--,100,30600,买盘
1945,10:10:34,3.06,--,1,306,买盘
1946,10:10:29,3.06,--,1,306,买盘
1947,10:10:24,3.06,0.01,2,612,买盘
1948,10:10:14,3.05,-0.01,1,305,卖盘
1949,10:10:09,3.06,--,2,612,买盘
1950,10:10:04,3.06,--,217,66402,买盘
1951,10:09:54,3.06,0.01,616,188496,买盘
1952,10:09:49,3.05,--,225,68625,卖盘
1953,10:09:44,3.05,-0.01,1,305,卖盘
1954,10:09:39,3.06,0.01,4,1224,买盘
1955,10:09:34,3.05,--,4,1220,卖盘
1956,10:09:24,3.05,--,13,3964,卖盘
1957,10:09:19,3.05,-0.01,121,36905,卖盘
1958,10:09:14,3.06,--,208,63648,买盘
1959,10:09:09,3.06,--,217,66402,买盘
1960,10:09:04,3.06,--,209,63954,买盘
1961,10:08:54,3.06,0.01,896,274176,买盘
1962,10:08:49,3.05,-0.01,840,256199,卖盘
1963,10:08:39,3.06,--,100,30600,买盘
1964,10:08:24,3.06,0.01,68,20808,买盘
1965,10:08:19,3.05,--,106,32329,卖盘
1966,10:08:09,3.05,--,11,3355,卖盘
1967,10:08:04,3.05,-0.01,25,7625,卖盘
1968,10:07:59,3.06,0.01,286,87516,买盘
1969,10:07:54,3.05,--,1,305,卖盘
1970,10:07:49,3.05,--,35,10675,卖盘
1971,10:07:39,3.05,--,6,1830,卖盘
1972,10:07:34,3.05,--,99,30195,卖盘
1973,10:07:24,3.05,-0.01,8,2440,卖盘
1974,10:07:19,3.06,--,505,154530,买盘
1975,10:07:14,3.06,0.01,1,306,买盘
1976,10:07:09,3.05,--,126,38430,卖盘
1977,10:07:04,3.05,--,493,150365,卖盘
1978,10:06:54,3.05,--,211,64354,卖盘
1979,10:06:49,3.05,--,34,10370,卖盘
1980,10:06:44,3.05,--,284,86620,卖盘
1981,10:06:39,3.05,-0.01,25,7625,卖盘
1982,10:06:34,3.06,0.01,577,176562,买盘
1983,10:06:29,3.05,--,11,3355,卖盘
1984,10:06:24,3.05,--,201,61305,卖盘
1985,10:06:19,3.05,--,547,166835,卖盘
1986,10:06:13,3.05,-0.01,187,57035,卖盘
1987,10:06:04,3.06,--,24,7405,买盘
1988,10:05:58,3.06,0.01,1,306,买盘
1989,10:05:54,3.05,--,141,43005,卖盘
1990,10:05:49,3.05,--,27,8418,卖盘
1991,10:05:43,3.05,-0.01,6,1830,卖盘
1992,10:05:34,3.06,0.01,3,918,买盘
1993,10:05:19,3.05,--,10,3050,卖盘
1994,10:05:13,3.05,-0.01,26,7929,卖盘
1995,10:05:04,3.06,0.01,533,163098,买盘
1996,10:04:53,3.05,-0.01,20,6100,卖盘
1997,10:04:49,3.06,--,108,33048,买盘
1998,10:04:43,3.06,0.01,1,306,买盘
1999,10:04:38,3.05,--,1,305,卖盘
2000,10:04:33,3.05,--,1,305,卖盘
2001,10:04:28,3.05,--,105,32024,卖盘
2002,10:04:18,3.05,-0.01,28,8540,卖盘
2003,10:04:13,3.06,--,5,1530,买盘
2004,10:04:03,3.06,0.01,1,306,买盘
2005,10:03:53,3.05,--,8,2440,卖盘
2006,10:03:48,3.05,--,26,7929,卖盘
2007,10:03:43,3.05,--,1,305,卖盘
2008,10:03:33,3.05,-0.01,16,4880,卖盘
2009,10:03:23,3.06,0.01,1,306,买盘
2010,10:03:18,3.05,--,75,22875,卖盘
2011,10:03:13,3.05,--,53,16164,卖盘
2012,10:03:03,3.05,--,60,18300,卖盘
2013,10:02:58,3.05,--,1,305,卖盘
2014,10:02:53,3.05,--,10,3050,卖盘
2015,10:02:48,3.05,--,25,7625,卖盘
2016,10:02:43,3.05,-0.01,13,3964,卖盘
2017,10:02:28,3.06,0.01,18,5508,买盘
2018,10:02:23,3.05,-0.01,13,3964,卖盘
2019,10:02:13,3.06,0.01,2,612,买盘
2020,10:01:58,3.05,-0.01,1,305,卖盘
2021,10:01:53,3.06,0.01,2,612,买盘
2022,10:01:48,3.05,--,44,13420,卖盘
2023,10:01:43,3.05,--,102,31110,卖盘
2024,10:01:23,3.05,--,161,49105,卖盘
2025,10:01:18,3.05,--,605,184525,卖盘
2026,10:01:13,3.05,--,501,152805,卖盘
2027,10:01:03,3.05,--,191,58255,卖盘
2028,10:00:58,3.05,--,249,75945,卖盘
2029,10:00:53,3.05,--,73,22265,卖盘
2030,10:00:48,3.05,-0.01,34,10370,卖盘
2031,10:00:38,3.06,0.01,341,104346,买盘
2032,10:00:33,3.05,-0.01,1,305,卖盘
2033,10:00:28,3.06,0.01,430,131580,买盘
2034,10:00:23,3.05,--,201,61305,卖盘
2035,10:00:18,3.05,--,28,8540,卖盘
2036,10:00:08,3.05,-0.01,219,66795,卖盘
2037,10:00:03,3.06,--,24,7344,买盘
2038,09:59:58,3.06,0.01,154,47124,买盘
2039,09:59:48,3.05,-0.01,37,11285,卖盘
2040,09:59:43,3.06,--,20,6120,买盘
2041,09:59:38,3.06,0.01,21,6426,买盘
2042,09:59:28,3.05,--,1,305,卖盘
2043,09:59:22,3.05,--,130,39650,卖盘
2044,09:59:13,3.05,-0.01,2,610,卖盘
2045,09:59:07,3.06,--,30,9180,买盘
2046,09:58:58,3.06,0.01,15,4590,买盘
2047,09:58:52,3.05,--,1,305,卖盘
2048,09:58:48,3.05,-0.01,25,7625,卖盘
2049,09:58:43,3.06,--,526,160956,买盘
2050,09:58:37,3.06,0.01,654,200124,买盘
2051,09:58:13,3.05,-0.01,1,305,卖盘
2052,09:58:07,3.06,--,172,52632,买盘
2053,09:57:58,3.06,0.01,122,37332,买盘
2054,09:57:47,3.05,--,25,7625,卖盘
2055,09:57:42,3.05,--,1,305,卖盘
2056,09:57:22,3.05,-0.01,3,915,卖盘
2057,09:57:07,3.06,0.01,1,306,买盘
2058,09:56:57,3.05,--,100,30500,卖盘
2059,09:56:52,3.05,--,1,305,卖盘
2060,09:56:47,3.05,-0.01,42,12810,卖盘
2061,09:56:42,3.06,0.01,31,9486,买盘
2062,09:56:27,3.05,--,340,103700,卖盘
2063,09:56:22,3.05,--,77,23485,卖盘
2064,09:56:17,3.05,--,220,67100,卖盘
2065,09:56:12,3.05,--,1,305,卖盘
2066,09:55:57,3.05,--,1,305,卖盘
2067,09:55:52,3.05,--,7,2135,卖盘
2068,09:55:47,3.05,-0.01,25,7625,卖盘
2069,09:55:42,3.06,0.01,1,306,买盘
2070,09:55:37,3.05,--,1,305,卖盘
2071,09:55:32,3.05,--,130,39650,卖盘
2072,09:55:27,3.05,-0.01,6,1830,卖盘
2073,09:55:22,3.06,--,10,3060,买盘
2074,09:55:12,3.06,0.01,26,7956,买盘
2075,09:55:02,3.05,-0.01,7,2135,卖盘
2076,09:54:52,3.06,0.01,260,79560,买盘
2077,09:54:47,3.05,--,24,7320,卖盘
2078,09:54:42,3.05,-0.01,15,4575,卖盘
2079,09:54:37,3.06,--,15,4590,买盘
2080,09:54:27,3.06,0.01,6,1836,买盘
2081,09:54:12,3.05,--,675,205875,卖盘
2082,09:53:57,3.05,--,1871,570889,卖盘
2083,09:53:52,3.05,--,181,55205,卖盘
2084,09:53:47,3.05,--,49,14945,卖盘
2085,09:53:32,3.05,--,335,102175,卖盘
2086,09:53:27,3.05,--,2,610,卖盘
2087,09:53:22,3.05,--,1,305,卖盘
2088,09:53:17,3.05,--,23,7015,卖盘
2089,09:53:07,3.05,--,1,305,卖盘
2090,09:53:01,3.05,-0.01,9,2745,卖盘
2091,09:52:57,3.06,--,150,45900,买盘
2092,09:52:52,3.06,0.01,336,102816,买盘
2093,09:52:46,3.05,--,28,8540,卖盘
2094,09:52:42,3.05,-0.01,20,6100,卖盘
2095,09:52:37,3.06,--,114,34884,买盘
2096,09:52:31,3.06,--,95,29070,买盘
2097,09:52:07,3.06,0.01,3,918,买盘
2098,09:51:52,3.05,--,1,305,卖盘
2099,09:51:46,3.05,-0.01,28,8540,卖盘
2100,09:51:42,3.06,0.01,150,45900,买盘
2101,09:51:37,3.05,--,5,1525,卖盘
2102,09:51:31,3.05,--,1,305,卖盘
2103,09:51:22,3.05,--,66,20130,卖盘
2104,09:51:16,3.05,-0.01,49,14945,卖盘
2105,09:51:07,3.06,0.01,402,123012,买盘
2106,09:51:01,3.05,--,915,279075,卖盘
2107,09:50:56,3.05,--,364,111020,卖盘
2108,09:50:52,3.05,--,2,610,卖盘
2109,09:50:46,3.05,-0.01,26,7929,卖盘
2110,09:50:37,3.06,--,101,30906,买盘
2111,09:50:26,3.06,--,2,612,买盘
2112,09:50:22,3.06,0.01,2,612,买盘
2113,09:50:16,3.05,-0.01,2,610,卖盘
2114,09:50:11,3.06,0.01,13,3978,买盘
2115,09:50:06,3.05,-0.01,14,4270,卖盘
2116,09:49:56,3.06,0.01,1,306,买盘
2117,09:49:52,3.05,--,271,82655,卖盘
2118,09:49:46,3.05,--,94,28670,卖盘
2119,09:49:36,3.05,-0.01,104,31719,卖盘
2120,09:49:31,3.06,--,1,306,买盘
2121,09:49:21,3.06,--,263,80478,买盘
2122,09:49:16,3.06,--,60,18360,买盘
2123,09:49:06,3.06,--,305,93330,买盘
2124,09:49:01,3.06,--,66,20196,买盘
2125,09:48:56,3.06,--,29,8874,买盘
2126,09:48:51,3.06,0.01,51,15606,买盘
2127,09:48:46,3.05,-0.01,122,37210,卖盘
2128,09:48:41,3.06,--,1,306,买盘
2129,09:48:36,3.06,--,101,30906,买盘
2130,09:48:31,3.06,--,10,3060,买盘
2131,09:48:21,3.06,--,3,918,买盘
2132,09:48:16,3.06,0.01,100,30600,买盘
2133,09:48:06,3.05,-0.01,230,70150,卖盘
2134,09:48:01,3.06,0.01,276,84456,买盘
2135,09:47:51,3.05,--,64,19520,卖盘
2136,09:47:46,3.05,-0.01,95,28975,卖盘
2137,09:47:41,3.06,--,62,18972,买盘
2138,09:47:36,3.06,--,428,130968,买盘
2139,09:47:31,3.06,--,21,6426,买盘
2140,09:47:26,3.06,--,916,280296,买盘
2141,09:47:21,3.06,0.01,452,138312,买盘
2142,09:47:16,3.05,--,209,63744,卖盘
2143,09:47:11,3.05,-0.01,198,60390,卖盘
2144,09:47:06,3.06,0.01,408,124848,买盘
2145,09:47:01,3.05,--,500,152500,卖盘
2146,09:46:56,3.05,--,512,156160,卖盘
2147,09:46:51,3.05,--,197,60085,卖盘
2148,09:46:46,3.05,-0.01,26,7929,卖盘
2149,09:46:41,3.06,--,10,3060,买盘
2150,09:46:36,3.06,--,208,63648,买盘
2151,09:46:31,3.06,--,230,70380,买盘
2152,09:46:25,3.06,--,310,94860,买盘
2153,09:46:21,3.06,--,20,6120,买盘
2154,09:46:16,3.06,--,197,60282,买盘
2155,09:46:10,3.06,0.01,1,306,买盘
2156,09:46:06,3.05,-0.01,14,4270,卖盘
2157,09:46:01,3.06,--,1532,468792,买盘
2158,09:45:55,3.06,0.01,29,8874,买盘
2159,09:45:51,3.05,--,4355,1328275,卖盘
2160,09:45:45,3.05,--,38,11590,卖盘
2161,09:45:40,3.05,-0.01,34,10370,卖盘
2162,09:45:36,3.06,--,2,612,买盘
2163,09:45:31,3.06,--,238,72828,买盘
2164,09:45:25,3.06,--,163,49878,买盘
2165,09:45:16,3.06,0.01,1,306,买盘
2166,09:45:10,3.05,-0.01,1000,305000,卖盘
2167,09:45:01,3.06,--,1,306,买盘
2168,09:44:55,3.06,0.01,3,918,买盘
2169,09:44:51,3.05,--,2,610,卖盘
2170,09:44:45,3.05,--,26,7929,卖盘
2171,09:44:40,3.05,-0.01,26,7929,卖盘
2172,09:44:36,3.06,0.01,98,29988,买盘
2173,09:44:30,3.05,-0.01,1,305,卖盘
2174,09:44:25,3.06,--,208,63648,买盘
2175,09:44:21,3.06,--,80,24480,买盘
2176,09:44:15,3.06,0.01,1,306,买盘
2177,09:44:00,3.05,-0.01,5,1525,卖盘
2178,09:43:55,3.06,--,116,35496,买盘
2179,09:43:50,3.06,0.01,1,306,买盘
2180,09:43:45,3.05,--,25,7625,卖盘
2181,09:43:40,3.05,-0.01,16,4880,卖盘
2182,09:43:30,3.06,0.01,197,60282,买盘
2183,09:43:15,3.05,-0.01,9440,2879200,卖盘
2184,09:43:10,3.06,--,33,10098,买盘
2185,09:43:05,3.06,--,196,59976,买盘
2186,09:43:00,3.06,--,3,918,买盘
2187,09:42:55,3.06,--,6,1836,买盘
2188,09:42:50,3.06,0.01,306,93636,买盘
2189,09:42:45,3.05,--,45,13725,卖盘
2190,09:42:40,3.05,-0.01,9,2745,卖盘
2191,09:42:30,3.06,0.01,31,9486,买盘
2192,09:42:25,3.05,-0.01,992,302560,卖盘
2193,09:42:20,3.06,0.01,28,8568,买盘
2194,09:42:15,3.05,-0.01,6,1830,卖盘
2195,09:42:05,3.06,--,15,4590,买盘
2196,09:41:55,3.06,0.01,300,91800,买盘
2197,09:41:50,3.05,--,97,29585,卖盘
2198,09:41:45,3.05,-0.01,29,8845,卖盘
2199,09:41:40,3.06,0.01,6,1836,买盘
2200,09:41:30,3.05,-0.01,51,15555,卖盘
2201,09:41:25,3.06,--,201,61506,买盘
2202,09:41:20,3.06,--,209,63954,买盘
2203,09:41:15,3.06,--,208,63648,买盘
2204,09:41:10,3.06,0.01,8,2448,买盘
2205,09:41:00,3.05,--,19,5795,卖盘
2206,09:40:55,3.05,--,254,77470,卖盘
2207,09:40:50,3.05,--,107,32634,卖盘
2208,09:40:39,3.05,--,5,1525,卖盘
2209,09:40:35,3.05,-0.01,861,262605,卖盘
2210,09:40:24,3.06,0.01,135,41310,买盘
2211,09:40:19,3.05,-0.01,36,10980,卖盘
2212,09:40:15,3.06,0.01,1,306,买盘
2213,09:39:54,3.05,--,10,3050,卖盘
2214,09:39:49,3.05,--,79,24095,卖盘
2215,09:39:45,3.05,--,10,3050,卖盘
2216,09:39:39,3.05,--,278,84790,卖盘
2217,09:39:34,3.05,--,5,1525,卖盘
2218,09:39:24,3.05,--,12,3660,卖盘
2219,09:39:19,3.05,--,11819,3604795,卖盘
2220,09:39:15,3.05,--,10,3050,卖盘
2221,09:39:09,3.05,--,10,3050,卖盘
2222,09:39:04,3.05,--,11,3355,卖盘
2223,09:39:00,3.05,--,6,1830,卖盘
2224,09:38:54,3.05,--,10,3050,卖盘
2225,09:38:49,3.05,--,25,7625,卖盘
2226,09:38:45,3.05,--,4,1220,卖盘
2227,09:38:39,3.05,--,105,32024,卖盘
2228,09:38:34,3.05,-0.01,18,5490,卖盘
2229,09:38:30,3.06,0.01,1,306,买盘
2230,09:38:24,3.05,-0.01,64,19520,卖盘
2231,09:38:19,3.06,0.01,84,25704,买盘
2232,09:38:15,3.05,--,10,3050,卖盘
2233,09:38:09,3.05,--,50,15250,卖盘
2234,09:38:04,3.05,--,17,5185,卖盘
2235,09:37:59,3.05,--,155,47275,卖盘
2236,09:37:54,3.05,--,17,5185,卖盘
2237,09:37:49,3.05,-0.01,120,36600,卖盘
2238,09:37:45,3.06,0.01,24,7344,买盘
2239,09:37:39,3.05,--,178,54290,卖盘
2240,09:37:34,3.05,--,27,8235,卖盘
2241,09:37:30,3.05,-0.01,70,21350,卖盘
2242,09:37:09,3.06,0.01,12,3672,买盘
2243,09:37:04,3.05,--,1,305,卖盘
2244,09:36:54,3.05,--,17,5185,卖盘
2245,09:36:49,3.05,-0.01,25,7625,卖盘
2246,09:36:44,3.06,--,6,1836,买盘
2247,09:36:39,3.06,0.01,10,3060,买盘
2248,09:36:34,3.05,-0.01,1,305,卖盘
2249,09:36:29,3.06,--,50,15300,买盘
2250,09:36:24,3.06,0.01,93,28458,买盘
2251,09:36:19,3.05,-0.01,1,305,卖盘
2252,09:36:14,3.06,0.01,5,1530,买盘
2253,09:36:04,3.05,--,76,23180,卖盘
2254,09:35:54,3.05,--,338,103090,卖盘
2255,09:35:49,3.05,-0.01,26,7929,卖盘
2256,09:35:44,3.06,0.01,5,1530,买盘
2257,09:35:39,3.05,--,2,610,卖盘
2258,09:35:34,3.05,--,1,305,卖盘
2259,09:35:29,3.05,-0.01,17,5185,卖盘
2260,09:35:24,3.06,0.01,30,9180,买盘
2261,09:35:19,3.05,--,31,9455,卖盘
2262,09:35:14,3.05,--,129,39345,卖盘
2263,09:35:09,3.05,--,1,305,卖盘
2264,09:35:04,3.05,-0.01,7,2135,卖盘
2265,09:34:59,3.06,0.01,20,6120,买盘
2266,09:34:49,3.05,-0.01,26,7929,卖盘
2267,09:34:44,3.06,0.01,241,73746,买盘
2268,09:34:34,3.05,--,5,1525,卖盘
2269,09:34:24,3.05,-0.01,1,305,卖盘
2270,09:34:18,3.06,--,20,6120,买盘
2271,09:34:09,3.06,0.01,1,306,买盘
2272,09:34:04,3.05,--,386,117730,卖盘
2273,09:33:58,3.05,-0.01,137,41785,卖盘
2274,09:33:48,3.06,0.01,836,255816,买盘
2275,09:33:44,3.05,--,267,81435,卖盘
2276,09:33:39,3.05,--,1,305,卖盘
2277,09:33:33,3.05,--,268,81740,卖盘
2278,09:33:28,3.05,--,208,63439,卖盘
2279,09:33:13,3.05,--,198,60390,卖盘
2280,09:33:09,3.05,--,2200,671000,卖盘
2281,09:33:03,3.05,-0.01,198,60390,卖盘
2282,09:32:58,3.06,0.01,1,306,买盘
2283,09:32:48,3.05,--,227,69235,卖盘
2284,09:32:43,3.05,--,715,218075,卖盘
2285,09:32:39,3.05,-0.01,1,305,卖盘
2286,09:32:33,3.06,--,198,60588,买盘
2287,09:32:18,3.06,0.01,280,85680,买盘
2288,09:32:03,3.05,-0.01,9,2745,卖盘
2289,09:31:58,3.06,0.01,35,10710,买盘
2290,09:31:48,3.05,-0.01,34,10370,卖盘
2291,09:31:43,3.06,--,309,94554,买盘
2292,09:31:39,3.06,--,57,17442,买盘
2293,09:31:33,3.06,0.01,196,59976,买盘
2294,09:31:18,3.05,-0.01,176,53680,卖盘
2295,09:31:13,3.06,0.01,73,22338,买盘
2296,09:31:03,3.05,--,161,49105,卖盘
2297,09:30:58,3.05,--,515,157075,卖盘
2298,09:30:53,3.05,-0.01,1,305,卖盘
2299,09:30:48,3.06,--,3,918,买盘
2300,09:30:43,3.06,0.01,8,2448,买盘
2301,09:30:33,3.05,-0.01,72,21960,卖盘
2302,09:30:18,3.06,0.01,65,19890,买盘
2303,09:30:13,3.05,-0.01,1083,330315,卖盘
2304,09:30:08,3.06,0.01,146,44676,买盘
2305,09:30:03,3.05,-0.01,728,222040,卖盘
2306,09:28:54,3.06,--,0,0,买盘
2307,09:25:05,3.06,3.06,2705,827730,买盘
