,time,price,change,volume,amount,type
0,15:00:00,250.03,--,0,0,卖盘
1,15:00:00,250.03,-0.12,1,25003,中性盘
2,14:59:58,250.15,0.18,3,75045,买盘
3,14:59:52,249.97,-0.03,40,999880,卖盘
4,14:59:48,250.0,--,16,405000,卖盘
5,14:59:37,250.0,-0.15,10,250000,卖盘
6,14:59:33,250.15,0.15,27,695417,买盘
7,14:59:28,250.0,-0.12,1,25000,买盘
8,14:59:22,250.12,--,32,805386,卖盘
9,14:59:18,250.12,0.12,5,125060,买盘
10,14:59:13,250.0,--,5,145000,买盘
11,14:59:07,250.0,--,4,100000,买盘
12,14:59:03,250.0,--,23,575000,买盘
13,14:58:58,250.0,-0.18,28,705000,卖盘
14,14:58:52,250.18,0.08,3,75054,买盘
15,14:58:48,250.1,--,20,500200,卖盘
16,14:58:43,250.1,--,1,25010,卖盘
17,14:58:37,250.1,0.05,2,50020,中性盘
18,14:58:33,250.05,-0.07,10,250050,卖盘
19,14:58:28,250.12,--,2,50024,买盘
20,14:58:22,250.12,0.09,11,275132,买盘
21,14:58:18,250.03,--,0,0,卖盘
22,14:58:13,250.03,-0.07,1,37504,卖盘
23,14:58:07,250.1,0.06,11,275110,卖盘
24,14:58:03,250.04,--,7,175028,卖盘
25,14:57:52,250.04,--,8,207533,买盘
26,14:57:47,250.04,--,4,100016,买盘
27,14:57:42,250.04,0.04,9,225036,买盘
28,14:57:37,250.0,-0.04,25,625000,卖盘
29,14:57:32,250.04,-0.14,29,742618,卖盘
30,14:57:27,250.18,0.07,1,25018,买盘
31,14:57:22,250.11,-0.07,1,25011,卖盘
32,14:57:17,250.18,0.07,6,150108,卖盘
33,14:57:07,250.11,-0.07,16,402677,卖盘
34,14:57:02,250.18,-0.01,9,225162,中性盘
35,14:56:52,250.19,0.19,3,80060,买盘
36,14:56:47,250.0,-0.18,40,1000000,卖盘
37,14:56:42,250.18,0.14,3,75054,买盘
38,14:56:37,250.04,-0.14,2,50008,卖盘
39,14:56:32,250.18,0.06,48,1200864,买盘
40,14:56:27,250.12,-0.06,1,25012,中性盘
41,14:56:22,250.18,-0.01,4,100072,卖盘
42,14:56:12,250.19,0.1,3,75057,买盘
43,14:56:01,250.09,0.09,1,25009,中性盘
44,14:55:57,250.0,--,9,225000,中性盘
45,14:55:52,250.0,-0.08,2,50000,卖盘
46,14:55:46,250.08,0.08,3,75024,中性盘
47,14:55:42,250.0,-0.08,31,775000,卖盘
48,14:55:31,250.08,--,1,25008,卖盘
49,14:55:27,250.08,--,12,300096,卖盘
50,14:55:12,250.08,0.04,21,525168,买盘
51,14:55:07,250.04,0.03,3,75012,买盘
52,14:55:01,250.01,-0.05,1,25001,卖盘
53,14:54:57,250.06,--,3,75018,买盘
54,14:54:52,250.06,0.01,2,50012,买盘
55,14:54:46,250.05,0.05,2,50010,卖盘
56,14:54:42,250.0,-0.06,28,700000,卖盘
57,14:54:37,250.06,--,2,50012,卖盘
58,14:54:31,250.06,0.05,3,75018,中性盘
59,14:54:27,250.01,-0.04,7,175007,卖盘
60,14:54:22,250.05,-0.02,15,375075,卖盘
61,14:54:16,250.07,0.07,3,75021,买盘
62,14:54:12,250.0,--,22,550000,卖盘
63,14:54:01,250.0,--,3,75000,买盘
64,14:53:57,250.0,--,6,150000,卖盘
65,14:53:52,250.0,--,17,425000,卖盘
66,14:53:46,250.0,-0.17,3,75000,卖盘
67,14:53:42,250.17,-0.01,11,295200,卖盘
68,14:53:31,250.18,0.02,9,230165,买盘
69,14:53:27,250.16,0.02,4,100064,卖盘
70,14:53:16,250.14,0.09,6,150084,买盘
71,14:53:12,250.05,-0.07,18,450090,卖盘
72,14:53:06,250.12,-0.01,1,25012,买盘
73,14:53:01,250.13,0.13,1,25013,买盘
74,14:52:57,250.0,--,0,0,中性盘
75,14:52:46,250.0,-0.13,16,400000,卖盘
76,14:52:42,250.13,--,17,425221,买盘
77,14:52:31,250.13,0.13,2,50026,买盘
78,14:52:27,250.0,0.02,10,250000,卖盘
79,14:52:16,249.98,--,0,0,卖盘
80,14:52:12,249.98,-0.15,12,299976,卖盘
81,14:52:07,250.13,0.13,11,275143,买盘
82,14:52:01,250.0,--,12,300000,买盘
83,14:51:57,250.0,--,0,0,中性盘
84,14:51:46,250.0,--,10,250000,卖盘
85,14:51:41,250.0,--,6,150000,卖盘
86,14:51:31,250.0,--,10,250000,买盘
87,14:51:26,250.0,--,11,275000,中性盘
88,14:51:22,250.0,-0.04,10,250000,卖盘
89,14:51:16,250.04,-0.01,3,75012,卖盘
90,14:51:11,250.05,0.04,1,25005,买盘
91,14:51:07,250.01,-0.03,16,400016,卖盘
92,14:51:01,250.04,0.04,2,50008,中性盘
93,14:50:56,250.0,--,0,0,卖盘
94,14:50:52,250.0,-0.03,11,275000,卖盘
95,14:50:46,250.03,-0.03,13,325039,卖盘
96,14:50:41,250.06,0.01,2,50012,买盘
97,14:50:37,250.05,0.02,3,75015,买盘
98,14:50:31,250.03,-0.03,22,550066,卖盘
99,14:50:26,250.06,--,0,0,买盘
100,14:50:16,250.06,0.05,20,500120,买盘
101,14:50:11,250.01,--,20,500020,卖盘
102,14:50:06,250.01,-0.04,2,50002,卖盘
103,14:50:01,250.05,0.05,5,125025,买盘
104,14:49:56,250.0,-0.05,3,75000,卖盘
105,14:49:51,250.05,--,0,0,中性盘
106,14:49:46,250.05,0.05,13,325065,买盘
107,14:49:40,250.0,--,17,425000,卖盘
108,14:49:36,250.0,--,5,125000,卖盘
109,14:49:31,250.0,-0.01,5,125000,卖盘
110,14:49:25,250.01,0.01,1,25001,买盘
111,14:49:21,250.0,--,4,100000,买盘
112,14:49:16,250.0,--,1,25000,买盘
113,14:49:10,250.0,--,1,25000,买盘
114,14:49:06,250.0,-0.05,22,550000,卖盘
115,14:49:00,250.05,--,3,75015,卖盘
116,14:48:55,250.05,-0.01,2,50010,卖盘
117,14:48:51,250.06,--,1,25006,卖盘
118,14:48:46,250.06,-0.03,16,400096,卖盘
119,14:48:40,250.09,0.01,5,125045,买盘
120,14:48:35,250.08,-0.01,3,75024,卖盘
121,14:48:30,250.09,--,1,25009,卖盘
122,14:48:25,250.09,0.01,1,25009,买盘
123,14:48:20,250.08,0.08,2,50016,买盘
124,14:48:16,250.0,-0.03,5,125000,卖盘
125,14:48:10,250.03,-0.01,16,400048,卖盘
126,14:48:06,250.04,--,0,0,中性盘
127,14:48:01,250.04,0.04,1,25004,中性盘
128,14:47:55,250.0,-0.02,25,625000,卖盘
129,14:47:50,250.02,-0.05,10,250020,卖盘
130,14:47:40,250.07,--,6,150042,卖盘
131,14:47:36,250.07,-0.02,21,525147,卖盘
132,14:47:30,250.09,0.04,20,500180,买盘
133,14:47:25,250.05,-0.01,3,75015,卖盘
134,14:47:21,250.06,--,1,25006,中性盘
135,14:47:10,250.06,--,13,325078,卖盘
136,14:47:06,250.06,-0.04,5,125030,卖盘
137,14:47:01,250.1,0.06,1,25010,中性盘
138,14:46:51,250.04,-0.07,1,25004,卖盘
139,14:46:45,250.11,0.02,1,25011,买盘
140,14:46:40,250.09,0.09,4,100036,买盘
141,14:46:35,250.0,--,0,0,卖盘
142,14:46:31,250.0,-0.04,1,25000,卖盘
143,14:46:25,250.04,0.04,4,100016,买盘
144,14:46:21,250.0,-0.04,8,200000,卖盘
145,14:46:10,250.04,0.01,7,175028,买盘
146,14:46:06,250.03,0.04,10,250030,买盘
147,14:46:01,249.99,--,10,249990,卖盘
148,14:45:55,249.99,--,1,24999,卖盘
149,14:45:50,249.99,-0.01,1,24999,卖盘
150,14:45:46,250.0,--,2,50000,买盘
151,14:45:40,250.0,--,22,550000,卖盘
152,14:45:36,250.0,-0.01,20,500000,卖盘
153,14:45:31,250.01,--,1,25001,卖盘
154,14:45:25,250.01,-0.01,7,175007,卖盘
155,14:45:20,250.02,-0.01,2,50004,中性盘
156,14:45:15,250.03,0.02,5,125015,买盘
157,14:45:10,250.01,--,2,50002,卖盘
158,14:45:06,250.01,0.01,31,775031,买盘
159,14:45:00,250.0,-0.03,2,50000,卖盘
160,14:44:55,250.03,-0.25,28,700084,买盘
161,14:44:46,250.28,--,4,100112,卖盘
162,14:44:40,250.28,0.04,8,200224,买盘
163,14:44:36,250.24,--,0,0,中性盘
164,14:44:30,250.24,0.24,1,25024,买盘
165,14:44:25,250.0,--,2,50000,买盘
166,14:44:20,250.0,-0.29,8,200000,卖盘
167,14:44:10,250.29,--,6,150174,卖盘
168,14:44:05,250.29,-0.01,7,175203,中性盘
169,14:43:50,250.3,-0.05,2,50060,卖盘
170,14:43:46,250.35,--,1,25035,买盘
171,14:43:40,250.35,0.35,5,125175,买盘
172,14:43:35,250.0,--,0,0,中性盘
173,14:43:30,250.0,-0.3,23,575000,卖盘
174,14:43:25,250.3,--,11,275330,卖盘
175,14:43:20,250.3,--,3,75090,卖盘
176,14:43:15,250.3,0.08,32,800960,买盘
177,14:43:10,250.22,--,1,25022,卖盘
178,14:43:05,250.22,0.1,6,150132,中性盘
179,14:43:00,250.12,--,2,50024,卖盘
180,14:42:55,250.12,0.2,23,575276,买盘
181,14:42:50,249.92,-0.03,8,199936,卖盘
182,14:42:45,249.95,0.03,1,24995,买盘
183,14:42:40,249.92,--,1,24992,卖盘
184,14:42:35,249.92,0.01,13,337392,卖盘
185,14:42:30,249.91,-0.01,2,49982,卖盘
186,14:42:20,249.92,-0.02,4,99968,卖盘
187,14:42:14,249.94,0.02,10,249940,买盘
188,14:42:09,249.92,-0.02,1,24992,卖盘
189,14:42:04,249.94,-0.01,3,74982,买盘
190,14:41:59,249.95,0.01,3,74985,买盘
191,14:41:54,249.94,-0.06,1,24994,卖盘
192,14:41:49,250.0,--,8,200000,买盘
193,14:41:45,250.0,-0.01,2,50000,中性盘
194,14:41:40,250.01,--,0,0,买盘
195,14:41:34,250.01,0.02,7,175007,买盘
196,14:41:30,249.99,-0.01,1,24999,中性盘
197,14:41:24,250.0,--,7,175000,买盘
198,14:41:19,250.0,-0.01,3,75000,卖盘
199,14:41:14,250.01,0.11,1,25001,买盘
200,14:41:04,249.9,-0.11,3,74970,卖盘
201,14:40:59,250.01,0.02,15,375015,买盘
202,14:40:54,249.99,0.03,1,24999,买盘
203,14:40:49,249.96,--,0,0,中性盘
204,14:40:44,249.96,-0.04,8,199968,中性盘
205,14:40:39,250.0,0.17,1,25000,买盘
206,14:40:34,249.83,-0.17,5,124915,卖盘
207,14:40:29,250.0,0.01,1,25000,中性盘
208,14:40:24,249.99,0.11,1,24999,中性盘
209,14:40:19,249.88,-0.12,10,249880,卖盘
210,14:40:15,250.0,-0.01,12,300000,卖盘
211,14:40:09,250.01,--,13,325013,买盘
212,14:40:04,250.01,0.01,4,100004,买盘
213,14:39:59,250.0,-0.07,8,200000,卖盘
214,14:39:54,250.07,0.07,4,100028,买盘
215,14:39:49,250.0,-0.02,152,3800000,卖盘
216,14:39:44,250.02,-0.06,83,2075166,卖盘
217,14:39:34,250.08,-0.04,4,100032,卖盘
218,14:39:29,250.12,-0.15,4,100048,卖盘
219,14:39:24,250.27,0.12,12,300324,买盘
220,14:39:19,250.15,-0.01,5,125075,卖盘
221,14:39:14,250.16,-0.16,4,100064,卖盘
222,14:39:09,250.32,-0.08,1,25032,买盘
223,14:39:04,250.4,--,1,25040,买盘
224,14:38:59,250.4,-0.1,1,25040,卖盘
225,14:38:54,250.5,0.3,1,25050,买盘
226,14:38:49,250.2,-0.3,73,1826460,卖盘
227,14:38:44,250.5,--,2,50100,买盘
228,14:38:34,250.5,-0.05,37,926850,卖盘
229,14:38:29,250.55,0.01,1,25055,买盘
230,14:38:24,250.54,--,0,0,卖盘
231,14:38:19,250.54,--,6,150324,卖盘
232,14:38:14,250.54,--,0,0,卖盘
233,14:37:54,250.54,0.04,4,100216,买盘
234,14:37:49,250.5,-0.04,2,50100,卖盘
235,14:37:34,250.54,0.01,2,50108,买盘
236,14:37:24,250.53,--,0,0,中性盘
237,14:37:19,250.53,0.03,1,25053,买盘
238,14:37:14,250.5,--,2,50100,卖盘
239,14:37:09,250.5,-0.03,1,25050,卖盘
240,14:37:04,250.53,0.03,1,25053,买盘
241,14:36:54,250.5,--,5,125250,卖盘
242,14:36:49,250.5,0.17,3,75150,买盘
243,14:36:44,250.33,--,0,0,卖盘
244,14:36:34,250.33,--,1,25033,卖盘
245,14:36:29,250.33,-0.17,27,675891,卖盘
246,14:36:19,250.5,0.17,1,25050,买盘
247,14:36:14,250.33,0.03,8,200264,卖盘
248,14:36:09,250.3,-0.2,6,150180,卖盘
249,14:36:04,250.5,0.17,4,100200,买盘
250,14:35:59,250.33,-0.2,2,50066,卖盘
251,14:35:49,250.53,--,0,0,买盘
252,14:35:34,250.53,-0.01,6,150318,卖盘
253,14:35:29,250.54,--,2,50108,买盘
254,14:35:24,250.54,--,51,1277754,买盘
255,14:35:14,250.54,0.04,2,50108,卖盘
256,14:35:09,250.5,-0.02,2,50100,卖盘
257,14:34:59,250.52,-0.01,1,25052,买盘
258,14:34:54,250.53,--,0,0,买盘
259,14:34:48,250.53,0.03,1,25053,买盘
260,14:34:44,250.5,--,4,100200,卖盘
261,14:34:33,250.5,--,1,25050,卖盘
262,14:34:23,250.5,0.18,13,325650,买盘
263,14:34:18,250.32,--,1,25032,买盘
264,14:34:13,250.32,--,4,100128,买盘
265,14:34:03,250.32,--,2,50064,买盘
266,14:33:58,250.32,-0.07,7,175224,卖盘
267,14:33:53,250.39,--,1,25039,买盘
268,14:33:43,250.39,--,5,125195,买盘
269,14:33:38,250.39,0.1,1,25039,买盘
270,14:33:28,250.29,-0.1,1,25029,买盘
271,14:33:23,250.39,--,0,0,买盘
272,14:33:18,250.39,--,2,50078,买盘
273,14:33:13,250.39,0.09,38,951482,买盘
274,14:33:03,250.3,0.1,2,50060,卖盘
275,14:32:58,250.2,--,0,0,卖盘
276,14:32:53,250.2,-0.18,20,500400,卖盘
277,14:32:48,250.38,--,1,25038,买盘
278,14:32:38,250.38,--,0,0,买盘
279,14:32:33,250.38,0.08,1,25038,卖盘
280,14:32:28,250.3,--,1,25030,买盘
281,14:32:23,250.3,--,18,450540,卖盘
282,14:32:18,250.3,--,6,150180,买盘
283,14:32:13,250.3,--,0,0,中性盘
284,14:32:08,250.3,--,20,500600,卖盘
285,14:31:58,250.3,--,10,250300,中性盘
286,14:31:53,250.3,0.1,10,250300,卖盘
287,14:31:48,250.2,-0.1,21,525420,卖盘
288,14:31:43,250.3,-0.08,5,125150,卖盘
289,14:31:38,250.38,0.08,3,75114,买盘
290,14:31:33,250.3,--,4,100120,卖盘
291,14:31:28,250.3,-0.06,12,300360,卖盘
292,14:31:23,250.36,--,0,0,卖盘
293,14:31:12,250.36,-0.03,5,125180,卖盘
294,14:31:08,250.39,-0.14,1,25039,卖盘
295,14:30:57,250.53,0.03,3,75159,买盘
296,14:30:53,250.5,-0.03,4,100200,卖盘
297,14:30:43,250.53,--,3,75159,买盘
298,14:30:38,250.53,-0.15,2,50106,卖盘
299,14:30:23,250.68,--,0,0,中性盘
300,14:30:18,250.68,--,2,50136,买盘
301,14:30:13,250.68,--,13,325884,卖盘
302,14:30:08,250.68,--,1,25068,卖盘
303,14:30:03,250.68,0.14,14,350952,买盘
304,14:29:53,250.54,--,0,0,买盘
305,14:29:48,250.54,--,1,25054,买盘
306,14:29:43,250.54,0.24,1,25054,买盘
307,14:29:38,250.3,--,0,0,中性盘
308,14:29:23,250.3,0.01,1,25030,卖盘
309,14:29:13,250.29,--,2,50058,买盘
310,14:29:08,250.29,-0.23,3,75087,卖盘
311,14:28:58,250.52,-0.01,2,50104,买盘
312,14:28:53,250.53,--,0,0,中性盘
313,14:28:48,250.53,0.11,1,25053,买盘
314,14:28:43,250.42,--,5,125210,买盘
315,14:28:38,250.42,0.12,5,125210,买盘
316,14:28:28,250.3,-0.12,4,100120,卖盘
317,14:28:18,250.42,0.1,2,50084,买盘
318,14:28:08,250.32,--,53,1326696,卖盘
319,14:28:03,250.32,-0.1,1,25032,卖盘
320,14:27:57,250.42,-0.01,1,25042,买盘
321,14:27:53,250.43,0.13,1,25043,买盘
322,14:27:48,250.3,-0.13,20,500600,卖盘
323,14:27:42,250.43,--,1,25043,买盘
324,14:27:38,250.43,0.07,27,676161,买盘
325,14:27:33,250.36,-0.07,20,500720,卖盘
326,14:27:27,250.43,--,1,25043,买盘
327,14:27:23,250.43,--,12,300516,买盘
328,14:27:18,250.43,-0.11,5,125215,卖盘
329,14:27:12,250.54,--,0,0,买盘
330,14:27:08,250.54,0.09,3,75162,买盘
331,14:27:03,250.45,-0.02,8,200360,卖盘
332,14:26:48,250.47,-0.2,2,50094,卖盘
333,14:26:37,250.67,0.2,1,25067,买盘
334,14:26:32,250.47,0.01,1,25047,卖盘
335,14:26:22,250.46,--,0,0,卖盘
336,14:26:17,250.46,--,5,125230,卖盘
337,14:26:12,250.46,--,0,0,卖盘
338,14:26:02,250.46,-0.07,1,25046,卖盘
339,14:25:57,250.53,0.03,1,25053,买盘
340,14:25:52,250.5,-0.19,1,25050,中性盘
341,14:25:47,250.69,0.24,7,175483,买盘
342,14:25:42,250.45,--,0,0,卖盘
343,14:25:37,250.45,-0.09,5,125225,卖盘
344,14:25:32,250.54,-0.17,3,75162,卖盘
345,14:25:22,250.71,0.29,3,75213,买盘
346,14:25:12,250.42,--,0,0,卖盘
347,14:25:07,250.42,--,2,50084,卖盘
348,14:25:02,250.42,-0.08,5,125210,卖盘
349,14:24:52,250.5,--,2,50100,中性盘
350,14:24:47,250.5,--,0,0,买盘
351,14:24:37,250.5,0.09,1,25050,买盘
352,14:24:32,250.41,-0.09,1,25041,卖盘
353,14:24:17,250.5,-0.01,27,676350,卖盘
354,14:24:12,250.51,--,0,0,中性盘
355,14:24:07,250.51,0.02,13,326164,买盘
356,14:24:02,250.49,-0.23,5,125245,卖盘
357,14:23:57,250.72,0.22,5,125360,买盘
358,14:23:52,250.5,--,0,0,卖盘
359,14:23:47,250.5,--,100,2505000,卖盘
360,14:23:42,250.5,--,2,50100,卖盘
361,14:23:32,250.5,0.01,5,125250,买盘
362,14:23:27,250.49,-0.01,1,25049,买盘
363,14:23:22,250.5,--,0,0,买盘
364,14:23:17,250.5,-0.2,8,200400,卖盘
365,14:23:12,250.7,--,0,0,买盘
366,14:23:07,250.7,-0.06,1,25070,卖盘
367,14:23:02,250.76,0.06,4,100304,买盘
368,14:22:52,250.7,-0.03,7,175490,卖盘
369,14:22:47,250.73,0.02,2,50146,买盘
370,14:22:42,250.71,-0.01,7,175497,卖盘
371,14:22:37,250.72,0.02,5,125360,买盘
372,14:22:32,250.7,-0.02,3,75210,卖盘
373,14:22:27,250.72,0.02,3,75216,买盘
374,14:22:22,250.7,--,6,150420,买盘
375,14:22:17,250.7,0.11,7,175490,买盘
376,14:22:02,250.59,--,1,25059,卖盘
377,14:21:52,250.59,0.16,2,50118,买盘
378,14:21:47,250.43,-0.15,7,175301,卖盘
379,14:21:42,250.58,-0.01,1,25058,中性盘
380,14:21:36,250.59,0.02,1,25059,买盘
381,14:21:32,250.57,-0.02,2,50114,卖盘
382,14:21:27,250.59,--,0,0,买盘
383,14:21:17,250.59,0.01,6,150354,买盘
384,14:21:11,250.58,0.01,1,25058,买盘
385,14:21:02,250.57,--,2,50114,买盘
386,14:20:57,250.57,-0.01,2,50114,买盘
387,14:20:51,250.58,--,0,0,买盘
388,14:20:47,250.58,0.08,1,25058,买盘
389,14:20:42,250.5,--,5,125250,卖盘
390,14:20:36,250.5,-0.02,1,25050,卖盘
391,14:20:32,250.52,0.02,21,526092,买盘
392,14:20:27,250.5,--,0,0,卖盘
393,14:20:17,250.5,-0.02,5,125250,卖盘
394,14:20:12,250.52,--,1,25052,买盘
395,14:20:06,250.52,-0.06,1,25052,中性盘
396,14:20:02,250.58,0.06,4,100232,买盘
397,14:19:57,250.52,-0.01,10,250520,卖盘
398,14:19:47,250.53,--,0,0,中性盘
399,14:19:42,250.53,--,0,0,中性盘
400,14:19:32,250.53,-0.03,2,50106,中性盘
401,14:19:27,250.56,0.04,2,50112,买盘
402,14:19:21,250.52,--,1,25052,买盘
403,14:19:17,250.52,--,8,200416,买盘
404,14:19:06,250.52,--,6,150312,买盘
405,14:19:02,250.52,--,8,200416,买盘
406,14:18:57,250.52,-0.01,63,1578276,卖盘
407,14:18:51,250.53,0.01,2,50106,买盘
408,14:18:46,250.52,--,20,501040,卖盘
409,14:18:36,250.52,0.01,2,50104,买盘
410,14:18:26,250.51,-0.02,202,5060302,卖盘
411,14:18:21,250.53,--,0,0,买盘
412,14:18:16,250.53,0.02,1,25053,买盘
413,14:18:11,250.51,--,1,25051,买盘
414,14:18:06,250.51,--,0,0,买盘
415,14:18:01,250.51,0.01,14,350714,买盘
416,14:17:56,250.5,-0.07,26,651300,卖盘
417,14:17:51,250.57,0.06,8,200456,买盘
418,14:17:46,250.51,-0.04,35,876785,卖盘
419,14:17:41,250.55,-0.02,5,125275,卖盘
420,14:17:36,250.57,0.02,1,25057,中性盘
421,14:17:31,250.55,--,1,25055,买盘
422,14:17:26,250.55,--,5,125275,买盘
423,14:17:16,250.55,--,1,25055,买盘
424,14:17:11,250.55,--,1,25055,中性盘
425,14:17:06,250.55,-0.03,5,125275,卖盘
426,14:17:01,250.58,--,0,0,中性盘
427,14:16:56,250.58,--,5,125290,卖盘
428,14:16:46,250.58,-0.01,97,2430626,卖盘
429,14:16:41,250.59,-0.11,5,125295,卖盘
430,14:16:31,250.7,-0.02,7,175490,卖盘
431,14:16:26,250.72,-0.03,12,300864,卖盘
432,14:16:16,250.75,-0.05,7,175525,卖盘
433,14:16:11,250.8,--,3,75240,卖盘
434,14:16:06,250.8,-0.05,12,300960,卖盘
435,14:16:01,250.85,-0.14,54,1354590,卖盘
436,14:15:56,250.99,-0.01,16,401584,卖盘
437,14:15:51,251.0,-0.01,36,903600,卖盘
438,14:15:46,251.01,-0.03,11,276111,卖盘
439,14:15:41,251.04,-0.01,9,225936,卖盘
440,14:15:36,251.05,-0.05,4,100420,卖盘
441,14:15:31,251.1,0.05,2,50220,买盘
442,14:15:26,251.05,-0.25,16,401680,卖盘
443,14:15:21,251.3,--,0,0,买盘
444,14:15:16,251.3,-0.02,9,226170,卖盘
445,14:15:11,251.32,0.02,1,25132,中性盘
446,14:15:01,251.3,0.21,24,603120,买盘
447,14:14:56,251.09,-0.21,9,225981,卖盘
448,14:14:51,251.3,--,4,100520,买盘
449,14:14:41,251.3,-0.03,3,75390,卖盘
450,14:14:36,251.33,--,1,25133,买盘
451,14:14:30,251.33,--,0,0,中性盘
452,14:14:25,251.33,-0.05,1,25133,卖盘
453,14:14:11,251.38,--,0,0,买盘
454,14:13:56,251.38,-0.02,10,251380,卖盘
455,14:13:51,251.4,--,1,25140,买盘
456,14:13:41,251.4,-0.04,25,628500,卖盘
457,14:13:26,251.44,0.04,17,427448,买盘
458,14:13:21,251.4,--,1,25140,卖盘
459,14:13:15,251.4,--,1,25140,卖盘
460,14:13:06,251.4,-0.04,1,25140,卖盘
461,14:13:00,251.44,0.04,3,75432,中性盘
462,14:12:51,251.4,-0.05,1,25140,卖盘
463,14:12:45,251.45,--,1,25145,买盘
464,14:12:26,251.45,--,0,0,买盘
465,14:12:20,251.45,0.07,2,50290,卖盘
466,14:12:06,251.38,--,4,100552,卖盘
467,14:12:00,251.38,--,2,50276,卖盘
468,14:11:56,251.38,0.28,9,226242,买盘
469,14:11:51,251.1,-0.28,1,25110,中性盘
470,14:11:30,251.38,--,1,25138,买盘
471,14:11:25,251.38,--,0,0,中性盘
472,14:11:20,251.38,0.19,1,25138,卖盘
473,14:11:10,251.19,0.13,2,50238,买盘
474,14:11:05,251.06,--,0,0,中性盘
475,14:11:00,251.06,0.03,5,125530,中性盘
476,14:10:54,251.03,-0.01,9,225927,卖盘
477,14:10:50,251.04,-0.02,16,401664,卖盘
478,14:10:40,251.06,--,1,25106,卖盘
479,14:10:35,251.06,-0.01,8,200848,卖盘
480,14:10:25,251.07,--,0,0,中性盘
481,14:10:20,251.07,-0.03,1,25107,卖盘
482,14:10:05,251.1,--,0,0,中性盘
483,14:09:55,251.1,--,0,0,中性盘
484,14:09:50,251.1,-0.4,1,25110,卖盘
485,14:09:45,251.5,--,1,25150,买盘
486,14:09:40,251.5,--,1,25150,买盘
487,14:09:25,251.5,0.44,4,100600,中性盘
488,14:09:20,251.06,0.01,1,25106,卖盘
489,14:09:10,251.05,-0.49,1,25105,卖盘
490,14:09:05,251.54,0.44,1,25154,买盘
491,14:08:50,251.1,-0.46,1,25110,卖盘
492,14:08:25,251.56,--,3,75468,卖盘
493,14:08:20,251.56,0.52,9,226404,买盘
494,14:08:15,251.04,--,0,0,中性盘
495,14:08:09,251.04,--,0,0,中性盘
496,14:07:59,251.04,--,0,0,卖盘
497,14:07:54,251.04,--,0,0,卖盘
498,14:07:50,251.04,-0.07,2,50208,中性盘
499,14:07:45,251.11,-0.46,21,527331,中性盘
500,14:07:39,251.57,0.53,10,251570,买盘
501,14:07:35,251.04,--,5,125520,卖盘
502,14:07:30,251.04,--,2,50208,卖盘
503,14:07:24,251.04,-0.01,1,25104,卖盘
504,14:07:20,251.05,-0.11,12,301260,卖盘
505,14:07:14,251.16,-0.4,6,150696,卖盘
506,14:07:09,251.56,0.34,1,25156,买盘
507,14:06:59,251.22,-0.08,10,251220,卖盘
508,14:06:50,251.3,--,0,0,卖盘
509,14:06:39,251.3,--,0,0,卖盘
510,14:06:35,251.3,--,1,25130,卖盘
511,14:06:30,251.3,-0.02,9,226170,卖盘
512,14:06:24,251.32,-0.06,4,100528,卖盘
513,14:06:20,251.38,--,54,1357452,卖盘
514,14:06:15,251.38,-0.19,5,125690,卖盘
515,14:06:09,251.57,--,1,25157,买盘
516,14:06:05,251.57,0.02,4,100628,买盘
517,14:06:00,251.55,--,0,0,中性盘
518,14:05:54,251.55,-0.02,4,100620,卖盘
519,14:05:45,251.57,--,2,50314,卖盘
520,14:05:30,251.57,-0.03,5,125785,卖盘
521,14:05:15,251.6,--,3,75480,买盘
522,14:05:05,251.6,-0.03,3,75480,中性盘
523,14:05:00,251.63,--,2,50326,买盘
524,14:04:50,251.63,0.32,2,50326,买盘
525,14:04:45,251.31,--,0,0,卖盘
526,14:04:39,251.31,--,1,25131,卖盘
527,14:04:35,251.31,-0.04,12,301572,卖盘
528,14:04:30,251.35,0.04,2,50270,买盘
529,14:04:19,251.31,-0.04,1,25131,卖盘
530,14:04:15,251.35,-0.33,6,150810,卖盘
531,14:04:09,251.68,--,0,0,买盘
532,14:04:04,251.68,--,0,0,买盘
533,14:03:49,251.68,0.4,8,201344,买盘
534,14:03:44,251.28,--,0,0,卖盘
535,14:03:19,251.28,--,0,0,中性盘
536,14:03:09,251.28,-0.4,4,100512,卖盘
537,14:03:04,251.68,0.4,4,100672,买盘
538,14:02:59,251.28,--,0,0,卖盘
539,14:02:54,251.28,--,1,25128,卖盘
540,14:02:48,251.28,--,0,0,卖盘
541,14:02:44,251.28,--,0,0,中性盘
542,14:02:24,251.28,--,0,0,中性盘
543,14:02:19,251.28,-0.42,3,75384,卖盘
544,14:02:14,251.7,--,27,679590,卖盘
545,14:02:08,251.7,--,3,75510,卖盘
546,14:02:04,251.7,0.37,25,629250,买盘
547,14:01:59,251.33,-0.36,1,25133,中性盘
548,14:01:53,251.69,0.41,10,251690,买盘
549,14:01:49,251.28,0.09,4,100512,卖盘
550,14:01:29,251.19,-0.05,1,25119,中性盘
551,14:01:23,251.24,-0.06,107,2688268,卖盘
552,14:01:14,251.3,--,0,0,卖盘
553,14:00:59,251.3,0.02,4,100520,卖盘
554,14:00:53,251.28,-0.02,4,100512,中性盘
555,14:00:48,251.3,0.06,13,326690,买盘
556,14:00:33,251.24,--,0,0,卖盘
557,14:00:29,251.24,--,1,25124,卖盘
558,14:00:23,251.24,--,1,25124,卖盘
559,14:00:18,251.24,--,0,0,卖盘
560,14:00:14,251.24,0.02,13,326612,买盘
561,14:00:08,251.22,--,1,25122,卖盘
562,14:00:03,251.22,0.02,18,452196,买盘
563,13:59:53,251.2,0.05,3,75360,卖盘
564,13:59:44,251.15,--,0,0,卖盘
565,13:59:38,251.15,--,8,200920,买盘
566,13:59:33,251.15,--,4,100460,买盘
567,13:59:23,251.15,-0.03,9,226035,卖盘
568,13:59:18,251.18,-0.05,2,50236,买盘
569,13:59:08,251.23,--,0,0,买盘
570,13:59:03,251.23,0.08,1,25123,买盘
571,13:58:59,251.15,--,0,0,卖盘
572,13:58:53,251.15,--,0,0,卖盘
573,13:58:48,251.15,--,3,75345,买盘
574,13:58:29,251.15,--,2,50230,买盘
575,13:58:23,251.15,-0.05,6,150690,卖盘
576,13:58:13,251.2,--,0,0,中性盘
577,13:58:08,251.2,--,0,0,买盘
578,13:57:58,251.2,--,5,125600,卖盘
579,13:57:43,251.2,-0.06,1,25120,卖盘
580,13:57:38,251.26,0.06,1,25126,买盘
581,13:57:33,251.2,--,2,50240,卖盘
582,13:57:28,251.2,--,15,376800,卖盘
583,13:57:23,251.2,--,2,50240,卖盘
584,13:56:58,251.2,--,1,25120,卖盘
585,13:56:53,251.2,-0.07,7,175840,卖盘
586,13:56:48,251.27,0.07,1,25127,卖盘
587,13:56:38,251.2,--,0,0,卖盘
588,13:56:33,251.2,--,2,50240,卖盘
589,13:56:28,251.2,--,0,0,卖盘
590,13:56:23,251.2,--,24,602880,卖盘
591,13:56:08,251.2,-0.09,6,150720,卖盘
592,13:56:03,251.29,0.09,1,25129,买盘
593,13:55:38,251.2,0.14,3,75360,中性盘
594,13:55:28,251.06,0.03,1,25106,买盘
595,13:55:23,251.03,--,0,0,卖盘
596,13:55:17,251.03,--,1,25103,卖盘
597,13:55:13,251.03,--,1,25103,卖盘
598,13:54:58,251.03,-0.03,1,25103,卖盘
599,13:54:53,251.06,--,0,0,中性盘
600,13:54:47,251.06,--,0,0,中性盘
601,13:54:38,251.06,-0.11,4,100424,卖盘
602,13:54:32,251.17,-0.03,28,703276,卖盘
603,13:54:23,251.2,-0.08,16,401920,卖盘
604,13:54:08,251.28,0.07,4,100512,买盘
605,13:54:02,251.21,-0.08,11,276331,卖盘
606,13:53:53,251.29,--,0,0,买盘
607,13:53:42,251.29,0.05,22,552838,买盘
608,13:53:38,251.24,--,1,25124,中性盘
609,13:53:32,251.24,-0.04,3,75372,卖盘
610,13:53:23,251.28,-0.01,1,25128,卖盘
611,13:53:17,251.29,0.01,1,25129,买盘
612,13:53:07,251.28,--,3,75384,买盘
613,13:53:02,251.28,--,7,175896,买盘
614,13:52:53,251.28,--,40,1005120,买盘
615,13:52:47,251.28,--,1,25128,买盘
616,13:52:32,251.28,0.06,3,75384,买盘
617,13:52:27,251.22,0.02,1,25122,卖盘
618,13:52:23,251.2,--,2,50240,卖盘
619,13:51:57,251.2,--,1,25120,卖盘
620,13:51:53,251.2,0.23,6,157753,买盘
621,13:51:38,250.97,--,0,0,卖盘
622,13:51:32,250.97,-0.03,1,25097,卖盘
623,13:51:22,251.0,--,0,0,中性盘
624,13:51:17,251.0,0.01,2,50200,买盘
625,13:51:07,250.99,0.05,4,100396,买盘
626,13:51:02,250.94,0.04,4,100376,买盘
627,13:50:37,250.9,--,1,25090,买盘
628,13:50:27,250.9,0.05,1,25090,中性盘
629,13:50:17,250.85,--,0,0,卖盘
630,13:50:12,250.85,0.03,6,150510,买盘
631,13:50:07,250.82,-0.03,1,25082,卖盘
632,13:49:52,250.85,0.04,1,25085,买盘
633,13:49:47,250.81,--,2,50162,卖盘
634,13:49:37,250.81,--,0,0,卖盘
635,13:49:32,250.81,-0.09,7,175567,卖盘
636,13:49:22,250.9,0.04,2,50180,买盘
637,13:49:17,250.86,-0.04,4,100344,卖盘
638,13:48:57,250.9,0.03,1,25090,买盘
639,13:48:52,250.87,--,1,25087,买盘
640,13:48:47,250.87,-0.03,1,25087,买盘
641,13:48:37,250.9,--,0,0,买盘
642,13:48:32,250.9,0.04,4,100360,买盘
643,13:48:22,250.86,-0.02,2,50172,卖盘
644,13:48:17,250.88,-0.02,1,25088,卖盘
645,13:48:02,250.9,-0.05,2,50180,卖盘
646,13:47:46,250.95,--,0,0,卖盘
647,13:47:41,250.95,-0.09,6,150570,卖盘
648,13:47:31,251.04,--,0,0,中性盘
649,13:47:26,251.04,-0.03,1,25104,中性盘
650,13:47:11,251.07,0.07,2,50214,买盘
651,13:47:01,251.0,-0.19,7,175700,卖盘
652,13:46:41,251.19,--,0,0,买盘
653,13:46:26,251.19,-0.01,14,351666,卖盘
654,13:46:16,251.2,0.01,2,50240,买盘
655,13:46:06,251.19,-0.01,1,25119,卖盘
656,13:45:46,251.2,0.01,2,50240,买盘
657,13:45:41,251.19,--,3,75357,卖盘
658,13:45:36,251.19,--,1,25119,卖盘
659,13:45:31,251.19,--,8,200952,卖盘
660,13:45:06,251.19,--,1,25119,卖盘
661,13:45:01,251.19,0.19,6,150714,买盘
662,13:44:46,251.0,-0.02,6,150600,卖盘
663,13:44:41,251.02,-0.03,1,25102,卖盘
664,13:44:36,251.05,-0.13,2,50210,卖盘
665,13:44:31,251.18,--,0,0,买盘
666,13:44:26,251.18,--,0,0,中性盘
667,13:44:16,251.18,-0.02,1,25118,买盘
668,13:44:11,251.2,--,0,0,买盘
669,13:44:01,251.2,--,1,25120,买盘
670,13:43:56,251.2,--,11,276320,买盘
671,13:43:31,251.2,--,53,1331360,买盘
672,13:43:11,251.2,--,24,620966,卖盘
673,13:43:06,251.2,--,1,25120,卖盘
674,13:42:56,251.2,--,15,383833,卖盘
675,13:42:51,251.2,0.17,13,326560,买盘
676,13:42:46,251.03,-0.03,1,25103,中性盘
677,13:42:30,251.06,0.05,1,25106,买盘
678,13:42:26,251.01,-0.05,1,25101,卖盘
679,13:42:01,251.06,0.04,11,276166,买盘
680,13:41:51,251.02,-0.04,6,150612,卖盘
681,13:41:46,251.06,--,0,0,买盘
682,13:41:41,251.06,--,1,25106,买盘
683,13:41:36,251.06,--,0,0,买盘
684,13:41:31,251.06,--,3,75318,买盘
685,13:41:26,251.06,--,0,0,买盘
686,13:41:21,251.06,--,1,25106,买盘
687,13:41:16,251.06,0.07,11,276166,买盘
688,13:41:01,250.99,--,2,50198,卖盘
689,13:40:56,250.99,0.09,1,25099,卖盘
690,13:40:35,250.9,--,0,0,卖盘
691,13:40:20,250.9,--,0,0,卖盘
692,13:40:10,250.9,--,0,0,中性盘
693,13:39:30,250.9,-0.1,1,25090,中性盘
694,13:39:25,251.0,0.01,2,50200,买盘
695,13:39:20,250.99,0.1,1,25099,中性盘
696,13:39:10,250.89,-0.11,2,50178,卖盘
697,13:39:05,251.0,0.05,1,25100,买盘
698,13:39:00,250.95,-0.05,1,25095,中性盘
699,13:38:55,251.0,--,1,25100,买盘
700,13:38:50,251.0,--,0,0,买盘
701,13:38:40,251.0,-0.06,51,1298172,卖盘
702,13:38:25,251.06,0.06,10,251060,买盘
703,13:38:15,251.0,-0.06,6,150600,卖盘
704,13:37:55,251.06,--,11,276166,卖盘
705,13:37:50,251.06,--,1,25106,卖盘
706,13:37:45,251.06,-0.05,2,50212,卖盘
707,13:37:05,251.11,0.05,1,25111,买盘
708,13:36:50,251.06,--,9,225954,买盘
709,13:36:40,251.06,--,2,50212,买盘
710,13:36:35,251.06,--,0,0,买盘
711,13:36:20,251.06,0.06,5,125530,买盘
712,13:36:10,251.0,--,0,0,卖盘
713,13:36:05,251.0,0.12,18,458828,买盘
714,13:36:00,250.88,-0.12,1,25088,中性盘
715,13:35:55,251.0,--,0,0,买盘
716,13:35:50,251.0,0.05,1,25100,买盘
717,13:35:45,250.95,--,4,100380,买盘
718,13:35:40,250.95,--,0,0,买盘
719,13:35:30,250.95,--,0,0,买盘
720,13:35:25,250.95,--,0,0,买盘
721,13:35:20,250.95,--,1,25095,买盘
722,13:35:10,250.95,--,1,25095,买盘
723,13:35:05,250.95,--,0,0,买盘
724,13:34:55,250.95,0.19,3,75285,买盘
725,13:34:50,250.76,--,0,0,卖盘
726,13:34:40,250.76,-0.14,13,325988,卖盘
727,13:34:35,250.9,0.18,29,727610,买盘
728,13:34:20,250.72,--,0,0,卖盘
729,13:34:10,250.72,-0.04,5,125360,卖盘
730,13:33:59,250.76,--,7,175532,买盘
731,13:33:50,250.76,--,3,75228,买盘
732,13:33:35,250.76,--,1,25076,买盘
733,13:33:29,250.76,--,0,0,买盘
734,13:33:25,250.76,--,3,75228,买盘
735,13:33:20,250.76,--,0,0,买盘
736,13:33:14,250.76,--,1,25076,买盘
737,13:33:05,250.76,-0.01,16,401216,卖盘
738,13:32:59,250.77,-0.01,22,551694,卖盘
739,13:32:54,250.78,0.01,1,25078,买盘
740,13:32:49,250.77,--,0,0,卖盘
741,13:32:34,250.77,--,1,25077,买盘
742,13:32:29,250.77,-0.02,6,150462,卖盘
743,13:32:24,250.79,0.02,1,25079,买盘
744,13:32:19,250.77,--,1,25077,卖盘
745,13:32:09,250.77,--,2,50154,卖盘
746,13:31:49,250.77,--,0,0,卖盘
747,13:31:19,250.77,--,3,75231,买盘
748,13:31:04,250.77,0.01,1,25077,买盘
749,13:30:59,250.76,--,4,100304,卖盘
750,13:30:49,250.76,-0.01,1,25076,卖盘
751,13:30:34,250.77,0.01,7,175539,买盘
752,13:30:19,250.76,--,1,25076,卖盘
753,13:30:04,250.76,0.12,10,250760,买盘
754,13:29:34,250.64,0.06,3,75192,买盘
755,13:29:19,250.58,--,0,0,卖盘
756,13:29:14,250.58,--,0,0,卖盘
757,13:29:09,250.58,--,0,0,卖盘
758,13:29:04,250.58,-0.01,3,75174,卖盘
759,13:28:59,250.59,0.04,3,75177,中性盘
760,13:28:49,250.55,-0.01,4,100220,卖盘
761,13:28:34,250.56,--,1,25056,买盘
762,13:28:14,250.56,-0.04,1,25056,卖盘
763,13:28:09,250.6,--,1,25060,卖盘
764,13:28:04,250.6,0.03,2,50120,买盘
765,13:27:49,250.57,0.01,2,50114,卖盘
766,13:27:44,250.56,-0.02,2,50112,卖盘
767,13:27:29,250.58,0.02,3,75174,买盘
768,13:27:19,250.56,--,1,25056,卖盘
769,13:27:14,250.56,--,5,125280,卖盘
770,13:27:09,250.56,--,0,0,卖盘
771,13:27:04,250.56,-0.02,2,50112,卖盘
772,13:26:38,250.58,--,1,25058,买盘
773,13:26:34,250.58,--,0,0,中性盘
774,13:26:29,250.58,--,3,75174,卖盘
775,13:26:14,250.58,--,0,0,卖盘
776,13:26:04,250.58,-0.02,4,100232,卖盘
777,13:25:59,250.6,-0.01,2,50120,卖盘
778,13:25:53,250.61,--,4,100244,卖盘
779,13:25:49,250.61,-0.01,6,150366,卖盘
780,13:25:44,250.62,--,3,95235,卖盘
781,13:25:29,250.62,-0.04,1,25062,卖盘
782,13:25:23,250.66,--,5,125330,买盘
783,13:25:13,250.66,--,1,25066,买盘
784,13:24:53,250.66,--,1,25066,买盘
785,13:24:44,250.66,-0.11,1,25066,卖盘
786,13:24:37,250.77,--,1,25077,买盘
787,13:24:33,250.77,-0.05,3,75231,买盘
788,13:24:28,250.82,-0.06,4,100328,卖盘
789,13:23:58,250.88,--,2,50176,卖盘
790,13:23:53,250.88,0.04,5,125440,中性盘
791,13:23:43,250.84,-0.05,3,75252,卖盘
792,13:23:28,250.89,--,0,0,中性盘
793,13:23:23,250.89,--,2,50178,买盘
794,13:23:08,250.89,--,0,0,买盘
795,13:22:53,250.89,0.25,1,25089,买盘
796,13:22:28,250.64,--,0,0,中性盘
797,13:22:23,250.64,--,1,25064,买盘
798,13:22:18,250.64,--,0,0,中性盘
799,13:22:13,250.64,--,0,0,卖盘
800,13:21:53,250.64,0.02,1,25064,中性盘
801,13:21:43,250.62,--,0,0,中性盘
802,13:21:38,250.62,--,2,50124,卖盘
803,13:21:28,250.62,0.02,1,25062,卖盘
804,13:21:08,250.6,--,0,0,卖盘
805,13:20:58,250.6,-0.3,3,75180,卖盘
806,13:20:38,250.9,--,3,75270,卖盘
807,13:20:33,250.9,--,5,125450,买盘
808,13:20:28,250.9,0.24,2,50180,买盘
809,13:20:23,250.66,--,0,0,中性盘
810,13:19:43,250.66,0.06,1,25066,卖盘
811,13:19:38,250.6,--,2,50120,卖盘
812,13:19:28,250.6,--,0,0,卖盘
813,13:19:23,250.6,-0.08,2,50120,卖盘
814,13:18:47,250.68,--,4,100272,买盘
815,13:18:42,250.68,--,2,50136,买盘
816,13:18:38,250.68,--,2,50136,买盘
817,13:18:32,250.68,-0.22,18,451224,卖盘
818,13:18:07,250.9,--,0,0,卖盘
819,13:18:02,250.9,-0.03,10,250900,卖盘
820,13:17:52,250.93,--,6,150558,买盘
821,13:17:47,250.93,--,0,0,买盘
822,13:17:13,250.93,0.03,1,25093,买盘
823,13:17:02,250.9,--,1,25090,买盘
824,13:16:53,250.9,--,2,50180,买盘
825,13:16:42,250.9,0.05,1,25090,买盘
826,13:16:37,250.85,0.06,8,200680,买盘
827,13:16:32,250.79,0.04,1,25079,买盘
828,13:16:22,250.75,0.07,1,25075,买盘
829,13:16:07,250.68,--,0,0,卖盘
830,13:16:02,250.68,--,0,0,卖盘
831,13:15:52,250.68,0.03,2,50136,卖盘
832,13:15:46,250.65,--,0,0,卖盘
833,13:15:27,250.65,-0.15,1,25065,卖盘
834,13:15:22,250.8,--,0,0,买盘
835,13:15:07,250.8,0.03,7,175560,买盘
836,13:15:02,250.77,0.02,22,551694,买盘
837,13:14:57,250.75,--,0,0,买盘
838,13:14:52,250.75,--,0,0,买盘
839,13:14:37,250.75,0.18,4,100300,买盘
840,13:14:17,250.57,--,0,0,卖盘
841,13:14:12,250.57,-0.01,1,25057,卖盘
842,13:14:07,250.58,--,2,66654,买盘
843,13:14:02,250.58,--,0,0,买盘
844,13:13:52,250.58,--,0,0,买盘
845,13:13:47,250.58,--,0,0,买盘
846,13:13:42,250.58,0.03,4,100232,买盘
847,13:13:37,250.55,-0.03,1,25055,买盘
848,13:13:22,250.58,--,0,0,买盘
849,13:13:07,250.58,--,0,0,买盘
850,13:12:57,250.58,0.01,1,25058,买盘
851,13:12:52,250.57,-0.01,1,25057,卖盘
852,13:12:31,250.58,--,1,33577,卖盘
853,13:12:22,250.58,--,0,0,卖盘
854,13:12:17,250.58,-0.08,0,16538,卖盘
855,13:12:07,250.66,--,0,0,中性盘
856,13:11:56,250.66,-0.04,5,125330,卖盘
857,13:11:41,250.7,--,1,25070,卖盘
858,13:11:37,250.7,--,2,50140,卖盘
859,13:11:16,250.7,--,0,0,卖盘
860,13:11:01,250.7,-0.23,3,75210,卖盘
861,13:10:51,250.93,--,0,0,买盘
862,13:10:46,250.93,0.23,39,978627,买盘
863,13:10:36,250.7,--,1,25070,买盘
864,13:10:26,250.7,--,0,0,买盘
865,13:10:16,250.7,--,0,0,买盘
866,13:10:11,250.7,--,0,0,买盘
867,13:09:56,250.7,--,1,25070,买盘
868,13:09:51,250.7,0.2,1,25070,买盘
869,13:09:11,250.5,--,0,0,卖盘
870,13:08:46,250.5,--,3,77655,买盘
871,13:08:41,250.5,--,2,50100,买盘
872,13:08:31,250.5,--,44,1102200,买盘
873,13:08:26,250.5,0.04,27,676350,买盘
874,13:08:11,250.46,--,0,0,卖盘
875,13:08:01,250.46,-0.02,5,125230,卖盘
876,13:07:56,250.48,--,0,0,买盘
877,13:07:46,250.48,0.04,5,125240,买盘
878,13:07:36,250.44,0.07,2,50088,买盘
879,13:07:31,250.37,--,0,0,卖盘
880,13:07:21,250.37,--,0,0,卖盘
881,13:07:11,250.37,0.02,18,474451,买盘
882,13:06:55,250.35,0.04,1,25035,买盘
883,13:06:46,250.31,-0.04,1,25031,卖盘
884,13:06:41,250.35,0.03,2,50070,买盘
885,13:06:31,250.32,0.01,3,75096,买盘
886,13:06:26,250.31,-0.01,2,50062,卖盘
887,13:06:16,250.32,--,0,0,中性盘
888,13:06:11,250.32,--,1,25032,卖盘
889,13:06:06,250.32,--,2,50064,卖盘
890,13:05:55,250.32,--,12,300384,卖盘
891,13:05:51,250.32,--,3,75096,卖盘
892,13:05:36,250.32,--,1,25032,卖盘
893,13:05:31,250.32,-0.05,14,350448,卖盘
894,13:05:26,250.37,--,4,100148,买盘
895,13:05:16,250.37,0.06,1,25037,买盘
896,13:05:11,250.31,--,0,0,卖盘
897,13:05:01,250.31,-0.06,3,75093,卖盘
898,13:04:56,250.37,--,3,75111,买盘
899,13:04:50,250.37,--,1,25037,买盘
900,13:04:46,250.37,-0.03,65,1628656,卖盘
901,13:04:41,250.4,-0.04,7,175280,卖盘
902,13:04:35,250.44,0.03,2,50088,买盘
903,13:04:26,250.41,--,2,50082,卖盘
904,13:04:20,250.41,--,1,25041,卖盘
905,13:04:10,250.41,-0.04,2,50082,卖盘
906,13:04:05,250.45,-0.01,3,75135,卖盘
907,13:03:55,250.46,--,0,0,中性盘
908,13:03:50,250.46,0.01,2,50092,卖盘
909,13:03:34,250.45,-0.05,4,100180,卖盘
910,13:03:30,250.5,--,0,0,买盘
911,13:03:25,250.5,--,3,75150,买盘
912,13:03:10,250.5,--,1,25050,买盘
913,13:03:05,250.5,-0.2,21,526050,卖盘
914,13:02:50,250.7,-0.01,4,100280,卖盘
915,13:02:25,250.71,--,1,25071,买盘
916,13:02:20,250.71,--,2,67440,卖盘
917,13:02:15,250.71,--,1,25071,卖盘
918,13:01:55,250.71,-0.13,3,82985,卖盘
919,13:01:45,250.84,0.01,1,25084,买盘
920,13:01:40,250.83,--,0,0,买盘
921,13:01:35,250.83,--,1,25083,卖盘
922,13:01:19,250.83,--,2,50166,卖盘
923,13:01:15,250.83,--,6,150498,卖盘
924,13:00:55,250.83,-0.02,6,150498,卖盘
925,13:00:50,250.85,0.01,3,75255,买盘
926,13:00:34,250.84,0.01,1,25084,买盘
927,13:00:19,250.83,0.12,15,376245,买盘
928,13:00:09,250.71,--,0,0,卖盘
929,13:00:05,250.71,--,27,676917,买盘
930,11:30:00,250.71,--,0,0,买盘
931,11:29:59,250.71,--,0,0,买盘
932,11:29:56,250.71,-0.09,0,22313,卖盘
933,11:29:46,250.8,--,0,0,买盘
934,11:29:41,250.8,0.09,1,25080,买盘
935,11:29:36,250.71,-0.09,1,25071,卖盘
936,11:29:26,250.8,--,1,25080,买盘
937,11:29:00,250.8,--,3,75240,买盘
938,11:28:41,250.8,0.07,3,77998,买盘
939,11:28:35,250.73,--,0,0,中性盘
940,11:28:30,250.73,-0.1,8,200584,卖盘
941,11:28:25,250.83,--,2,50166,买盘
942,11:28:15,250.83,--,3,75249,买盘
943,11:27:56,250.83,-0.01,5,125415,卖盘
944,11:27:50,250.84,--,0,0,卖盘
945,11:27:45,250.84,--,0,0,中性盘
946,11:27:31,250.84,--,2,50168,买盘
947,11:27:16,250.84,0.01,2,50168,买盘
948,11:27:06,250.83,--,0,0,中性盘
949,11:26:56,250.83,0.1,1,25083,买盘
950,11:26:06,250.73,--,8,200584,买盘
951,11:25:56,250.73,--,1,25073,买盘
952,11:25:35,250.73,0.03,1,25073,买盘
953,11:25:10,250.7,0.1,14,351732,买盘
954,11:25:05,250.6,--,4,100240,买盘
955,11:25:00,250.6,0.02,6,150360,买盘
956,11:24:55,250.58,--,12,304204,卖盘
957,11:24:50,250.58,--,4,100232,卖盘
958,11:24:36,250.58,--,39,1000315,卖盘
959,11:24:30,250.58,0.08,55,1401744,买盘
960,11:24:20,250.5,-0.08,3,75150,卖盘
961,11:24:10,250.58,--,2,50116,买盘
962,11:24:05,250.58,--,0,0,买盘
963,11:23:40,250.58,0.08,1,25058,买盘
964,11:23:35,250.5,-0.08,1,25050,中性盘
965,11:23:25,250.58,--,1,25058,买盘
966,11:23:10,250.58,--,1,25058,买盘
967,11:22:54,250.58,--,3,75174,买盘
968,11:22:50,250.58,0.21,24,601392,买盘
969,11:22:39,250.37,--,0,0,卖盘
970,11:22:29,250.37,--,16,400592,卖盘
971,11:22:25,250.37,0.07,15,399340,买盘
972,11:22:20,250.3,--,1,25030,买盘
973,11:22:10,250.3,-0.06,3,75090,卖盘
974,11:22:05,250.36,-0.01,1,25036,卖盘
975,11:21:54,250.37,--,1,25037,买盘
976,11:21:50,250.37,--,3,75111,买盘
977,11:21:45,250.37,0.01,1,25037,买盘
978,11:21:40,250.36,-0.01,1,25036,卖盘
979,11:21:24,250.37,--,1,25037,买盘
980,11:21:20,250.37,--,2,50074,卖盘
981,11:21:15,250.37,-0.01,1,25037,卖盘
982,11:21:04,250.38,--,2,50076,买盘
983,11:20:55,250.38,-0.12,2,50076,卖盘
984,11:20:50,250.5,0.01,11,275550,买盘
985,11:20:45,250.49,-0.01,5,125245,卖盘
986,11:20:34,250.5,--,1,25050,买盘
987,11:20:30,250.5,--,1,25050,买盘
988,11:20:24,250.5,--,1,25050,买盘
989,11:20:20,250.5,--,1,25050,卖盘
990,11:20:14,250.5,--,4,100200,买盘
991,11:20:09,250.5,--,1,25050,买盘
992,11:20:05,250.5,-0.08,8,200400,卖盘
993,11:19:59,250.58,0.08,2,50116,买盘
994,11:19:50,250.5,--,0,0,卖盘
995,11:19:44,250.5,-0.08,14,350700,卖盘
996,11:19:34,250.58,0.07,1,25058,买盘
997,11:19:25,250.51,-0.07,6,150306,卖盘
998,11:19:19,250.58,0.07,4,100232,买盘
999,11:19:14,250.51,-0.04,2,50102,卖盘
1000,11:19:09,250.55,--,1,25055,卖盘
1001,11:19:05,250.55,0.04,1,25055,买盘
1002,11:18:54,250.51,-0.02,2,50102,卖盘
1003,11:18:49,250.53,-0.06,2,50106,卖盘
1004,11:18:44,250.59,0.04,2,50118,买盘
1005,11:18:40,250.55,--,0,22800,卖盘
1006,11:18:35,250.55,--,0,0,卖盘
1007,11:18:29,250.55,-0.04,3,75165,卖盘
1008,11:18:09,250.59,--,1,25059,卖盘
1009,11:18:04,250.59,--,2,50118,卖盘
1010,11:17:49,250.59,-0.01,30,753022,卖盘
1011,11:17:39,250.6,--,60,1527407,卖盘
1012,11:17:34,250.6,--,8,200480,卖盘
1013,11:17:29,250.6,-0.01,1,25060,卖盘
1014,11:17:14,250.61,-0.19,26,651586,卖盘
1015,11:16:53,250.8,--,0,0,买盘
1016,11:16:38,250.8,--,0,0,中性盘
1017,11:16:34,250.8,--,3,75240,中性盘
1018,11:16:29,250.8,-0.02,2,50160,卖盘
1019,11:16:23,250.82,0.02,1,25082,买盘
1020,11:16:14,250.8,--,1,25080,卖盘
1021,11:16:08,250.8,-0.03,1,25080,卖盘
1022,11:15:53,250.83,0.03,4,100332,买盘
1023,11:15:49,250.8,-0.03,2,50160,买盘
1024,11:15:38,250.83,--,0,0,买盘
1025,11:15:29,250.83,--,1,25083,买盘
1026,11:15:23,250.83,--,3,75249,买盘
1027,11:15:08,250.83,--,1,25083,买盘
1028,11:14:59,250.83,-0.01,3,75249,中性盘
1029,11:14:43,250.84,--,1,25084,买盘
1030,11:14:28,250.84,--,3,75252,买盘
1031,11:14:18,250.84,0.04,3,75252,买盘
1032,11:13:58,250.8,-0.04,1,25080,卖盘
1033,11:13:53,250.84,--,1,25084,买盘
1034,11:13:48,250.84,--,1,25084,买盘
1035,11:13:43,250.84,--,1,25084,卖盘
1036,11:13:38,250.84,-0.06,1,25084,卖盘
1037,11:13:14,250.9,0.06,1,25090,买盘
1038,11:13:03,250.84,--,15,376260,卖盘
1039,11:12:58,250.84,--,2,50168,卖盘
1040,11:12:48,250.84,0.04,43,1078612,买盘
1041,11:12:43,250.8,-0.1,2,50160,卖盘
1042,11:12:34,250.9,--,13,326170,卖盘
1043,11:12:28,250.9,-0.04,13,326170,买盘
1044,11:12:13,250.94,-0.06,16,401504,卖盘
1045,11:12:03,251.0,--,5,125500,买盘
1046,11:11:58,251.0,--,3,75300,买盘
1047,11:11:53,251.0,--,1,25100,买盘
1048,11:11:33,251.0,0.05,1,25100,买盘
1049,11:11:23,250.95,-0.05,1,25095,卖盘
1050,11:11:13,251.0,0.05,1,25100,买盘
1051,11:11:02,250.95,--,14,351330,卖盘
1052,11:10:58,250.95,0.03,2,50190,卖盘
1053,11:10:38,250.92,0.04,3,75276,卖盘
1054,11:10:32,250.88,--,0,0,中性盘
1055,11:10:28,250.88,-0.04,4,100352,中性盘
1056,11:10:23,250.92,0.02,14,351288,中性盘
1057,11:10:13,250.9,0.06,10,250900,买盘
1058,11:10:08,250.84,0.07,17,426428,买盘
1059,11:10:02,250.77,0.17,8,200616,买盘
1060,11:09:58,250.6,0.01,6,150360,卖盘
1061,11:09:53,250.59,-0.01,1,25059,卖盘
1062,11:09:43,250.6,--,2,50120,买盘
1063,11:09:38,250.6,--,4,100240,中性盘
1064,11:09:32,250.6,-0.16,1,25060,买盘
1065,11:09:28,250.76,0.17,1,25076,买盘
1066,11:09:23,250.59,-0.01,7,177668,卖盘
1067,11:09:13,250.6,0.01,5,125300,卖盘
1068,11:09:02,250.59,-0.01,1,25059,买盘
1069,11:08:58,250.6,--,2,50120,中性盘
1070,11:08:53,250.6,0.01,5,125300,买盘
1071,11:08:47,250.59,--,12,300708,卖盘
1072,11:08:38,250.59,0.02,3,75177,卖盘
1073,11:08:32,250.57,-0.01,2,50114,卖盘
1074,11:08:28,250.58,-0.01,41,1027378,卖盘
1075,11:08:23,250.59,--,11,275649,买盘
1076,11:08:17,250.59,--,9,225531,买盘
1077,11:08:13,250.59,-0.18,9,225531,卖盘
1078,11:08:08,250.77,0.18,1,25077,买盘
1079,11:08:02,250.59,--,0,0,中性盘
1080,11:07:58,250.59,0.01,6,150354,中性盘
1081,11:07:53,250.58,-0.02,10,250580,卖盘
1082,11:07:47,250.6,--,6,150360,卖盘
1083,11:07:42,250.6,0.01,1,25060,中性盘
1084,11:07:37,250.59,--,0,0,买盘
1085,11:07:32,250.59,--,1,25059,中性盘
1086,11:07:27,250.59,-0.03,1,25059,中性盘
1087,11:07:22,250.62,--,0,0,中性盘
1088,11:07:17,250.62,--,0,0,中性盘
1089,11:07:13,250.62,0.07,4,100248,中性盘
1090,11:07:07,250.55,-0.07,5,125275,卖盘
1091,11:07:02,250.62,--,4,100248,卖盘
1092,11:06:58,250.62,0.07,4,100248,中性盘
1093,11:06:52,250.55,-0.05,2,50110,卖盘
1094,11:06:42,250.6,--,1,25060,中性盘
1095,11:06:37,250.6,--,1,25060,中性盘
1096,11:06:32,250.6,--,0,0,买盘
1097,11:06:27,250.6,-0.08,15,375900,卖盘
1098,11:06:22,250.68,0.18,1,25068,买盘
1099,11:06:17,250.5,-0.08,14,350700,卖盘
1100,11:06:12,250.58,-0.26,14,350812,卖盘
1101,11:06:07,250.84,--,1,25084,买盘
1102,11:06:02,250.84,--,6,150504,卖盘
1103,11:05:58,250.84,-0.11,29,727436,卖盘
1104,11:05:52,250.95,-0.03,64,1606080,卖盘
1105,11:05:43,250.98,-0.02,15,376470,卖盘
1106,11:05:37,251.0,--,12,301200,卖盘
1107,11:05:32,251.0,--,4,100400,卖盘
1108,11:05:27,251.0,-0.01,29,727900,卖盘
1109,11:05:22,251.01,0.01,4,100404,买盘
1110,11:05:17,251.0,--,3,75300,卖盘
1111,11:05:13,251.0,-0.03,7,175700,卖盘
1112,11:05:07,251.03,--,1,25103,卖盘
1113,11:05:02,251.03,0.02,22,552266,买盘
1114,11:04:58,251.01,--,0,0,买盘
1115,11:04:52,251.01,--,26,652626,卖盘
1116,11:04:47,251.01,-0.01,28,702828,卖盘
1117,11:04:42,251.02,-0.04,24,602448,卖盘
1118,11:04:37,251.06,-0.01,3,75318,中性盘
1119,11:04:32,251.07,0.02,1,25107,买盘
1120,11:04:27,251.05,--,2,50210,买盘
1121,11:04:22,251.05,-0.02,65,1655674,卖盘
1122,11:04:17,251.07,0.02,7,175749,卖盘
1123,11:04:12,251.05,--,1,25105,卖盘
1124,11:04:07,251.05,--,1,25105,卖盘
1125,11:04:02,251.05,--,1,25105,卖盘
1126,11:03:56,251.05,--,1,25105,卖盘
1127,11:03:52,251.05,-0.07,0,1255,卖盘
1128,11:03:47,251.12,--,0,0,中性盘
1129,11:03:37,251.12,--,0,0,中性盘
1130,11:03:32,251.12,--,0,0,买盘
1131,11:03:26,251.12,--,1,25112,买盘
1132,11:03:22,251.12,--,27,678024,买盘
1133,11:03:17,251.12,-0.11,24,620768,卖盘
1134,11:03:11,251.23,0.08,3,75369,买盘
1135,11:03:07,251.15,0.12,59,1488817,买盘
1136,11:03:02,251.03,--,2,50206,买盘
1137,11:02:52,251.03,0.03,6,150618,中性盘
1138,11:02:47,251.0,-0.07,7,175700,卖盘
1139,11:02:26,251.07,-0.03,6,150642,卖盘
1140,11:02:22,251.1,-0.01,6,150660,中性盘
1141,11:02:17,251.11,0.01,8,200888,买盘
1142,11:02:11,251.1,--,1,25110,卖盘
1143,11:02:07,251.1,--,14,351540,卖盘
1144,11:02:02,251.1,--,11,276210,卖盘
1145,11:01:56,251.1,--,0,0,卖盘
1146,11:01:52,251.1,--,10,251100,卖盘
1147,11:01:47,251.1,-0.05,1,25110,卖盘
1148,11:01:41,251.15,--,0,0,买盘
1149,11:01:37,251.15,--,3,75345,买盘
1150,11:01:32,251.15,--,1,25115,买盘
1151,11:01:26,251.15,--,1,25115,买盘
1152,11:01:22,251.15,-0.08,12,301380,买盘
1153,11:01:17,251.23,0.05,4,100492,卖盘
1154,11:01:07,251.18,--,0,0,中性盘
1155,11:01:02,251.18,--,3,75354,卖盘
1156,11:00:51,251.18,--,0,0,卖盘
1157,11:00:47,251.18,0.08,3,75354,买盘
1158,11:00:36,251.1,-0.01,11,276210,卖盘
1159,11:00:32,251.11,0.01,4,100444,买盘
1160,11:00:26,251.1,-0.01,5,125550,卖盘
1161,11:00:22,251.11,0.01,2,50222,买盘
1162,11:00:16,251.1,-0.06,5,125550,卖盘
1163,11:00:11,251.16,0.05,6,150696,买盘
1164,11:00:07,251.11,-0.05,15,376665,卖盘
1165,11:00:01,251.16,0.01,3,75348,中性盘
1166,10:59:56,251.15,-0.06,3,75345,卖盘
1167,10:59:51,251.21,--,0,0,买盘
1168,10:59:46,251.21,--,1,25121,买盘
1169,10:59:36,251.21,--,9,226089,卖盘
1170,10:59:21,251.21,-0.23,5,125605,卖盘
1171,10:59:11,251.44,--,0,0,卖盘
1172,10:59:06,251.44,-0.06,5,125720,卖盘
1173,10:58:41,251.5,--,4,100600,卖盘
1174,10:58:36,251.5,-0.04,2,50300,卖盘
1175,10:58:31,251.54,--,1,25154,买盘
1176,10:58:26,251.54,-0.01,1,25154,买盘
1177,10:58:06,251.55,--,1,25155,买盘
1178,10:57:51,251.55,--,4,124517,卖盘
1179,10:57:46,251.55,--,2,51567,卖盘
1180,10:57:36,251.55,-0.09,1,25155,卖盘
1181,10:57:26,251.64,--,1,25164,买盘
1182,10:57:11,251.64,0.09,3,75492,中性盘
1183,10:57:01,251.55,-0.1,1,25155,卖盘
1184,10:56:56,251.65,0.01,1,25165,买盘
1185,10:56:46,251.64,0.04,2,50328,买盘
1186,10:56:41,251.6,--,5,125800,买盘
1187,10:56:35,251.6,0.1,25,629000,中性盘
1188,10:56:31,251.5,--,0,0,中性盘
1189,10:56:26,251.5,--,0,0,中性盘
1190,10:56:20,251.5,--,0,0,中性盘
1191,10:56:11,251.5,--,1,25150,买盘
1192,10:56:01,251.5,0.06,6,150900,买盘
1193,10:55:56,251.44,-0.05,1,25144,卖盘
1194,10:55:46,251.49,-0.01,1,25149,卖盘
1195,10:55:41,251.5,0.01,4,100600,买盘
1196,10:55:35,251.49,--,2,50298,买盘
1197,10:55:31,251.49,-0.02,12,301788,卖盘
1198,10:55:26,251.51,--,0,10814,买盘
1199,10:55:16,251.51,0.03,5,125755,买盘
1200,10:55:11,251.48,-0.02,27,678996,卖盘
1201,10:55:05,251.5,--,4,100600,买盘
1202,10:55:01,251.5,0.01,6,150900,买盘
1203,10:54:56,251.49,0.05,6,150894,买盘
1204,10:54:50,251.44,-0.01,1,25144,卖盘
1205,10:54:31,251.45,-0.05,11,276595,卖盘
1206,10:54:20,251.5,--,7,176050,买盘
1207,10:54:16,251.5,--,27,700930,卖盘
1208,10:54:10,251.5,-0.01,3,75450,卖盘
1209,10:54:01,251.51,0.01,3,75453,买盘
1210,10:53:56,251.5,--,8,201200,卖盘
1211,10:53:50,251.5,-0.01,3,75450,卖盘
1212,10:53:46,251.51,-0.02,8,201208,买盘
1213,10:53:41,251.53,-0.12,14,352142,卖盘
1214,10:53:35,251.65,--,0,0,中性盘
1215,10:53:30,251.65,-0.13,9,226485,卖盘
1216,10:53:26,251.78,0.28,7,176246,中性盘
1217,10:53:20,251.5,--,1,25150,卖盘
1218,10:53:15,251.5,--,3,75450,卖盘
1219,10:53:11,251.5,-0.18,5,125750,卖盘
1220,10:53:05,251.68,--,1,25168,买盘
1221,10:53:00,251.68,0.18,3,75504,买盘
1222,10:52:56,251.5,-0.36,2,50300,卖盘
1223,10:52:50,251.86,0.03,22,554092,买盘
1224,10:52:44,251.83,--,1,25183,买盘
1225,10:52:40,251.83,--,0,0,买盘
1226,10:52:30,251.83,-0.04,3,91414,卖盘
1227,10:52:25,251.87,0.04,1,25187,买盘
1228,10:52:15,251.83,0.3,5,135232,买盘
1229,10:52:00,251.53,-0.33,4,100612,卖盘
1230,10:51:50,251.86,0.33,5,125930,买盘
1231,10:51:45,251.53,-0.02,1,25153,卖盘
1232,10:51:40,251.55,--,0,0,中性盘
1233,10:51:35,251.55,0.03,1,25155,买盘
1234,10:51:30,251.52,-0.03,2,50304,卖盘
1235,10:51:15,251.55,0.03,7,176085,买盘
1236,10:50:55,251.52,-0.38,4,100608,卖盘
1237,10:50:45,251.9,0.35,7,176330,买盘
1238,10:50:40,251.55,0.02,1,25155,卖盘
1239,10:50:29,251.53,--,0,0,卖盘
1240,10:50:25,251.53,-0.37,1,25153,卖盘
1241,10:50:20,251.9,0.37,4,100760,买盘
1242,10:50:14,251.53,--,1,25153,卖盘
1243,10:50:10,251.53,--,2,50306,卖盘
1244,10:49:59,251.53,-0.42,10,251530,中性盘
1245,10:49:55,251.95,0.01,1,25195,卖盘
1246,10:49:50,251.94,0.02,6,151164,买盘
1247,10:49:25,251.92,--,3,75576,卖盘
1248,10:49:10,251.92,0.4,6,151152,买盘
1249,10:49:04,251.52,--,0,0,卖盘
1250,10:48:34,251.52,-0.41,1,25152,卖盘
1251,10:48:29,251.93,--,1,25193,卖盘
1252,10:48:25,251.93,0.42,4,100772,买盘
1253,10:48:20,251.51,--,0,0,卖盘
1254,10:48:14,251.51,--,0,0,卖盘
1255,10:48:05,251.51,-0.45,18,452718,卖盘
1256,10:47:59,251.96,--,0,0,买盘
1257,10:47:55,251.96,0.44,5,125980,买盘
1258,10:47:50,251.52,0.01,1,25152,中性盘
1259,10:47:40,251.51,--,0,0,卖盘
1260,10:47:35,251.51,--,0,0,卖盘
1261,10:47:29,251.51,-0.14,4,100604,卖盘
1262,10:47:25,251.65,--,1,25165,买盘
1263,10:47:14,251.65,0.15,9,226485,买盘
1264,10:46:40,251.5,--,0,0,卖盘
1265,10:46:34,251.5,--,80,2012251,卖盘
1266,10:46:29,251.5,-0.01,55,1403621,卖盘
1267,10:46:19,251.51,--,1,25151,买盘
1268,10:46:14,251.51,-0.14,1,25151,卖盘
1269,10:46:09,251.65,0.15,5,125825,买盘
1270,10:46:05,251.5,--,0,0,卖盘
1271,10:45:50,251.5,-0.14,10,251500,卖盘
1272,10:45:44,251.64,-0.01,1,25164,中性盘
1273,10:45:38,251.65,--,5,125825,买盘
1274,10:45:34,251.65,--,0,0,买盘
1275,10:45:20,251.65,--,1,25165,买盘
1276,10:45:14,251.65,0.15,5,125825,买盘
1277,10:45:09,251.5,-0.01,4,100600,卖盘
1278,10:44:44,251.51,--,0,0,中性盘
1279,10:44:39,251.51,-0.14,1,25151,买盘
1280,10:44:34,251.65,0.14,6,150990,买盘
1281,10:44:29,251.51,--,1,25151,买盘
1282,10:44:19,251.51,0.01,5,125755,买盘
1283,10:44:09,251.5,-0.01,13,326950,卖盘
1284,10:44:04,251.51,0.01,1,25151,买盘
1285,10:43:59,251.5,-0.15,5,125750,卖盘
1286,10:43:49,251.65,0.04,5,125825,买盘
1287,10:43:44,251.61,--,2,50322,卖盘
1288,10:43:34,251.61,0.1,6,150966,买盘
1289,10:43:29,251.51,--,9,226359,卖盘
1290,10:43:23,251.51,--,32,804832,卖盘
1291,10:43:19,251.51,-0.07,16,402416,卖盘
1292,10:43:14,251.58,-0.01,5,125790,卖盘
1293,10:43:08,251.59,-0.03,12,301908,卖盘
1294,10:43:04,251.62,-0.03,4,100648,卖盘
1295,10:42:58,251.65,--,4,100660,买盘
1296,10:42:53,251.65,--,1,25165,买盘
1297,10:42:34,251.65,--,6,150990,买盘
1298,10:42:28,251.65,0.04,1,25165,买盘
1299,10:42:23,251.61,--,0,0,卖盘
1300,10:42:14,251.61,-0.04,1,25161,卖盘
1301,10:42:04,251.65,0.04,7,176155,买盘
1302,10:41:49,251.61,-0.04,7,176127,卖盘
1303,10:41:44,251.65,--,1,25165,买盘
1304,10:41:34,251.65,0.04,5,125825,买盘
1305,10:41:28,251.61,--,1,25161,卖盘
1306,10:41:14,251.61,--,2,50322,卖盘
1307,10:41:08,251.61,-0.02,2,50322,卖盘
1308,10:41:04,251.63,-0.02,1,25163,卖盘
1309,10:40:58,251.65,--,7,176155,买盘
1310,10:40:53,251.65,-0.34,36,905940,卖盘
1311,10:40:44,251.99,0.33,1,25199,买盘
1312,10:40:38,251.66,-0.34,7,176162,卖盘
1313,10:40:28,252.0,0.01,9,226800,买盘
1314,10:40:13,251.99,0.19,28,705572,买盘
1315,10:40:04,251.8,--,6,151080,买盘
1316,10:39:58,251.8,--,6,151080,买盘
1317,10:39:53,251.8,--,0,0,买盘
1318,10:39:44,251.8,0.12,7,176260,买盘
1319,10:39:34,251.68,--,0,0,中性盘
1320,10:39:29,251.68,-0.02,2,50336,卖盘
1321,10:39:13,251.7,-0.04,2,50340,卖盘
1322,10:39:08,251.74,0.03,7,176218,买盘
1323,10:39:03,251.71,--,2,50342,买盘
1324,10:38:43,251.71,-0.08,3,75513,卖盘
1325,10:38:33,251.79,-0.01,8,201432,中性盘
1326,10:38:28,251.8,--,1,25180,买盘
1327,10:38:08,251.8,-0.2,4,100720,卖盘
1328,10:38:03,252.0,--,5,126000,买盘
1329,10:37:58,252.0,--,3,75600,买盘
1330,10:37:48,252.0,--,7,176400,买盘
1331,10:37:33,252.0,--,1,25200,买盘
1332,10:37:13,252.0,--,8,201600,买盘
1333,10:37:08,252.0,0.35,65,1638000,买盘
1334,10:37:02,251.65,--,0,0,卖盘
1335,10:36:58,251.65,--,0,0,卖盘
1336,10:36:43,251.65,--,0,0,卖盘
1337,10:36:38,251.65,-0.15,1,25165,卖盘
1338,10:36:23,251.8,0.15,6,151080,买盘
1339,10:35:58,251.65,--,1,25165,买盘
1340,10:35:52,251.65,-0.15,7,176155,卖盘
1341,10:35:22,251.8,-0.2,11,276980,卖盘
1342,10:34:57,252.0,--,1,25200,买盘
1343,10:34:47,252.0,--,0,0,中性盘
1344,10:34:43,252.0,--,10,252000,买盘
1345,10:34:22,252.0,--,0,0,买盘
1346,10:33:42,252.0,0.02,6,151200,买盘
1347,10:33:37,251.98,--,4,100792,买盘
1348,10:33:22,251.98,--,0,0,买盘
1349,10:33:17,251.98,--,3,75594,买盘
1350,10:33:07,251.98,0.42,6,151188,买盘
1351,10:33:02,251.56,--,0,0,卖盘
1352,10:32:58,251.56,--,0,0,中性盘
1353,10:32:52,251.56,--,0,0,中性盘
1354,10:32:42,251.56,-0.44,3,75468,卖盘
1355,10:32:37,252.0,--,5,126000,买盘
1356,10:32:32,252.0,--,0,0,买盘
1357,10:32:28,252.0,0.5,2,50400,买盘
1358,10:32:22,251.5,-0.5,2,58096,卖盘
1359,10:32:12,252.0,--,2,50400,卖盘
1360,10:32:07,252.0,0.01,2,50400,买盘
1361,10:32:02,251.99,0.49,1,25199,中性盘
1362,10:31:57,251.5,-0.5,36,905400,卖盘
1363,10:31:47,252.0,--,0,0,买盘
1364,10:31:37,252.0,0.01,10,252000,买盘
1365,10:31:22,251.99,--,0,0,买盘
1366,10:31:07,251.99,--,1,25199,买盘
1367,10:31:02,251.99,0.31,2,50398,买盘
1368,10:30:57,251.68,-0.02,3,75504,卖盘
1369,10:30:52,251.7,-0.29,1,25170,卖盘
1370,10:30:42,251.99,-0.01,9,226791,买盘
1371,10:30:37,252.0,--,0,0,买盘
1372,10:30:11,252.0,--,1,25200,卖盘
1373,10:29:52,252.0,--,7,176400,买盘
1374,10:29:47,252.0,-0.01,14,352800,卖盘
1375,10:29:41,252.01,0.01,4,100804,买盘
1376,10:29:32,252.0,--,4,100800,卖盘
1377,10:29:22,252.0,--,29,730800,买盘
1378,10:29:17,252.0,--,2,50400,买盘
1379,10:29:07,252.0,--,0,0,买盘
1380,10:28:56,252.0,--,1,25200,买盘
1381,10:28:46,252.0,0.34,3,75600,买盘
1382,10:28:37,251.66,--,0,0,卖盘
1383,10:28:22,251.66,-0.34,3,75498,卖盘
1384,10:28:11,252.0,0.49,1,25200,买盘
1385,10:28:01,251.51,--,0,0,卖盘
1386,10:27:51,251.51,--,0,0,卖盘
1387,10:27:46,251.51,--,0,0,卖盘
1388,10:27:41,251.51,-0.49,25,628775,卖盘
1389,10:27:36,252.0,--,0,0,中性盘
1390,10:27:31,252.0,--,2,50400,买盘
1391,10:27:22,252.0,--,0,0,买盘
1392,10:27:16,252.0,-0.2,9,226800,卖盘
1393,10:27:07,252.2,--,0,0,买盘
1394,10:27:01,252.2,--,4,100880,买盘
1395,10:26:56,252.2,0.06,21,529620,买盘
1396,10:26:52,252.14,0.14,255,6429570,买盘
1397,10:26:46,252.0,--,18,453600,卖盘
1398,10:26:41,252.0,--,8,201600,卖盘
1399,10:26:37,252.0,-0.01,1,25200,卖盘
1400,10:26:26,252.01,-0.08,1,25201,卖盘
1401,10:26:21,252.09,-0.01,1,25209,买盘
1402,10:26:16,252.1,--,0,0,买盘
1403,10:26:11,252.1,-0.08,7,176470,卖盘
1404,10:26:06,252.18,0.08,1,25218,买盘
1405,10:26:01,252.1,--,5,126050,卖盘
1406,10:25:51,252.1,0.09,6,151260,买盘
1407,10:25:46,252.01,-0.09,1,25201,卖盘
1408,10:25:41,252.1,0.1,4,100840,卖盘
1409,10:25:36,252.0,--,0,0,卖盘
1410,10:25:31,252.0,--,0,0,卖盘
1411,10:25:26,252.0,-0.18,2,50400,卖盘
1412,10:25:21,252.18,0.18,6,151308,买盘
1413,10:25:16,252.0,--,0,0,卖盘
1414,10:25:06,252.0,0.11,24,604800,买盘
1415,10:25:01,251.89,0.38,6,151134,买盘
1416,10:24:46,251.51,--,0,0,卖盘
1417,10:24:37,251.51,--,0,0,卖盘
1418,10:24:31,251.51,--,0,0,卖盘
1419,10:24:01,251.51,-0.01,2,50302,卖盘
1420,10:23:16,251.52,--,0,0,中性盘
1421,10:23:01,251.52,-0.18,20,503040,卖盘
1422,10:22:56,251.7,-0.2,42,1057140,卖盘
1423,10:22:50,251.9,--,1,25190,买盘
1424,10:22:46,251.9,--,1,25190,买盘
1425,10:22:16,251.9,--,3,75570,买盘
1426,10:22:11,251.9,-0.06,40,1007600,卖盘
1427,10:22:01,251.96,--,8,201568,买盘
1428,10:21:56,251.96,-0.04,2,50392,卖盘
1429,10:21:50,252.0,--,1,25200,卖盘
1430,10:21:40,252.0,--,0,0,中性盘
1431,10:21:30,252.0,--,6,151200,买盘
1432,10:21:20,252.0,-0.03,2,50400,买盘
1433,10:21:15,252.03,-0.17,4,100812,卖盘
1434,10:21:10,252.2,--,3,75660,买盘
1435,10:21:00,252.2,0.17,1,25220,买盘
1436,10:20:55,252.03,-0.17,5,126015,卖盘
1437,10:20:45,252.2,--,0,0,中性盘
1438,10:20:40,252.2,0.1,5,126100,买盘
1439,10:20:35,252.1,0.15,2,50420,买盘
1440,10:20:25,251.95,0.04,1,25195,卖盘
1441,10:20:10,251.91,-0.12,2,50382,卖盘
1442,10:20:05,252.03,--,2,50406,买盘
1443,10:19:55,252.03,-0.02,5,126015,买盘
1444,10:19:50,252.05,--,0,0,买盘
1445,10:19:45,252.05,--,0,0,买盘
1446,10:19:40,252.05,0.15,1,25205,买盘
1447,10:19:35,251.9,--,10,251900,卖盘
1448,10:19:30,251.9,--,0,0,卖盘
1449,10:19:20,251.9,-0.13,5,125950,卖盘
1450,10:19:15,252.03,0.13,43,1083729,买盘
1451,10:19:10,251.9,--,1,25190,买盘
1452,10:19:00,251.9,0.15,15,377850,买盘
1453,10:18:55,251.75,-0.15,2,50350,卖盘
1454,10:18:50,251.9,--,0,0,买盘
1455,10:18:40,251.9,--,0,0,买盘
1456,10:18:35,251.9,0.2,2,50380,买盘
1457,10:18:30,251.7,0.01,5,125850,卖盘
1458,10:18:25,251.69,--,0,0,中性盘
1459,10:18:20,251.69,-0.21,1,25169,中性盘
1460,10:18:15,251.9,--,3,75570,买盘
1461,10:18:10,251.9,-0.11,2,50380,卖盘
1462,10:18:05,252.01,--,1,25201,卖盘
1463,10:18:00,252.01,0.08,5,126005,买盘
1464,10:17:55,251.93,-0.02,7,176351,卖盘
1465,10:17:40,251.95,--,1,25195,买盘
1466,10:17:35,251.95,-0.01,1,25195,买盘
1467,10:17:10,251.96,--,0,0,买盘
1468,10:17:00,251.96,0.29,1,25196,买盘
1469,10:16:55,251.67,-0.17,1,25167,卖盘
1470,10:16:50,251.84,0.17,2,50368,中性盘
1471,10:16:45,251.67,-0.34,2,50334,卖盘
1472,10:16:25,252.01,0.01,12,302412,买盘
1473,10:16:20,252.0,0.1,60,1512000,买盘
1474,10:16:15,251.9,0.05,2,50380,买盘
1475,10:16:10,251.85,-0.1,18,453330,卖盘
1476,10:15:55,251.95,0.05,8,201560,买盘
1477,10:15:50,251.9,--,2,50380,卖盘
1478,10:15:35,251.9,--,4,100760,卖盘
1479,10:15:25,251.9,--,0,0,中性盘
1480,10:15:20,251.9,--,0,0,买盘
1481,10:15:10,251.9,0.05,17,428230,买盘
1482,10:15:05,251.85,0.05,94,2367390,买盘
1483,10:15:00,251.8,--,0,0,买盘
1484,10:14:50,251.8,0.13,15,377700,买盘
1485,10:14:45,251.67,0.15,46,1157682,买盘
1486,10:14:40,251.52,0.02,3,75456,买盘
1487,10:14:35,251.5,-0.02,20,503000,卖盘
1488,10:14:14,251.52,--,1,25152,买盘
1489,10:14:09,251.52,-0.09,9,226368,卖盘
1490,10:14:04,251.61,0.01,6,150966,买盘
1491,10:13:59,251.6,--,1,25160,卖盘
1492,10:13:55,251.6,--,1,25160,卖盘
1493,10:13:39,251.6,0.01,8,201280,买盘
1494,10:13:29,251.59,--,0,0,中性盘
1495,10:13:24,251.59,0.07,2,50318,买盘
1496,10:13:19,251.52,--,21,528192,买盘
1497,10:12:54,251.52,-0.05,9,247244,中性盘
1498,10:12:39,251.57,--,0,0,中性盘
1499,10:12:24,251.57,--,1,25157,卖盘
1500,10:12:19,251.57,0.01,1,25157,卖盘
1501,10:12:14,251.56,--,0,0,卖盘
1502,10:12:09,251.56,--,3,75468,卖盘
1503,10:11:54,251.56,0.05,2,50312,卖盘
1504,10:11:39,251.51,0.2,9,238431,买盘
1505,10:11:34,251.31,0.01,7,175917,买盘
1506,10:11:24,251.3,-0.01,2,63327,卖盘
1507,10:11:09,251.31,--,1,25131,卖盘
1508,10:10:54,251.31,--,3,87455,买盘
1509,10:10:34,251.31,--,2,50262,买盘
1510,10:10:24,251.31,--,4,113592,卖盘
1511,10:10:19,251.31,-0.36,1,25131,卖盘
1512,10:10:09,251.67,0.12,29,741923,买盘
1513,10:10:04,251.55,0.15,10,251550,买盘
1514,10:09:54,251.4,--,64,1608960,卖盘
1515,10:09:49,251.4,-0.1,10,251400,卖盘
1516,10:09:44,251.5,--,1,25150,买盘
1517,10:09:39,251.5,--,0,0,中性盘
1518,10:09:24,251.5,--,1,25150,卖盘
1519,10:09:14,251.5,-0.05,1,25150,卖盘
1520,10:09:04,251.55,-0.05,6,164010,卖盘
1521,10:08:44,251.6,0.05,5,125800,买盘
1522,10:08:39,251.55,--,2,50310,卖盘
1523,10:08:34,251.55,-0.05,2,50310,卖盘
1524,10:08:29,251.6,0.1,19,478040,买盘
1525,10:08:19,251.5,-0.09,10,251500,卖盘
1526,10:08:14,251.59,--,3,75477,卖盘
1527,10:08:09,251.59,--,7,176113,卖盘
1528,10:08:04,251.59,--,1,25159,卖盘
1529,10:07:59,251.59,--,7,176113,卖盘
1530,10:07:54,251.59,--,14,352226,卖盘
1531,10:07:49,251.59,0.09,21,528339,买盘
1532,10:07:44,251.5,--,1,25150,卖盘
1533,10:07:34,251.5,-0.02,2,50300,卖盘
1534,10:07:24,251.52,0.02,1,25152,卖盘
1535,10:07:19,251.5,--,1,25150,卖盘
1536,10:07:13,251.5,-0.02,7,176050,卖盘
1537,10:07:09,251.52,--,0,0,买盘
1538,10:07:04,251.52,--,9,226368,卖盘
1539,10:06:58,251.52,--,0,0,卖盘
1540,10:06:53,251.52,--,2,50304,卖盘
1541,10:06:43,251.52,-0.13,11,276672,卖盘
1542,10:06:34,251.65,--,0,0,买盘
1543,10:06:28,251.65,0.05,1,25165,买盘
1544,10:06:19,251.6,--,3,75480,卖盘
1545,10:06:08,251.6,0.08,3,75480,中性盘
1546,10:06:03,251.52,-0.13,2,50304,卖盘
1547,10:05:58,251.65,0.13,5,125825,买盘
1548,10:05:53,251.52,--,5,125760,卖盘
1549,10:05:38,251.52,-0.08,0,17103,卖盘
1550,10:05:33,251.6,--,3,75480,买盘
1551,10:05:28,251.6,0.08,2,50320,买盘
1552,10:05:08,251.52,--,6,150912,卖盘
1553,10:04:58,251.52,--,0,0,卖盘
1554,10:04:53,251.52,--,0,0,卖盘
1555,10:04:48,251.52,-0.13,11,276672,卖盘
1556,10:04:43,251.65,0.13,3,95627,买盘
1557,10:04:38,251.52,-0.02,11,276672,卖盘
1558,10:04:28,251.54,0.02,6,150924,买盘
1559,10:04:23,251.52,-0.02,1,25152,卖盘
1560,10:04:18,251.54,0.02,3,75462,买盘
1561,10:04:08,251.52,-0.03,11,276672,卖盘
1562,10:04:03,251.55,--,5,125775,买盘
1563,10:03:58,251.55,--,3,75465,买盘
1564,10:03:48,251.55,-0.03,1,25155,买盘
1565,10:03:43,251.58,-0.01,13,327054,卖盘
1566,10:03:33,251.59,-0.01,2,50318,卖盘
1567,10:03:13,251.6,-0.07,8,206312,卖盘
1568,10:03:03,251.67,--,0,0,买盘
1569,10:02:58,251.67,--,5,125835,买盘
1570,10:02:53,251.67,0.05,21,528507,买盘
1571,10:02:48,251.62,--,1,25162,卖盘
1572,10:02:38,251.62,-0.04,1,25162,卖盘
1573,10:02:33,251.66,0.06,1,25166,买盘
1574,10:02:22,251.6,--,1,25160,卖盘
1575,10:02:18,251.6,-0.06,2,50320,卖盘
1576,10:02:08,251.66,0.06,16,402656,买盘
1577,10:02:03,251.6,--,1,25160,卖盘
1578,10:01:48,251.6,-0.01,10,251600,卖盘
1579,10:01:43,251.61,--,0,0,卖盘
1580,10:01:38,251.61,-0.06,8,221416,卖盘
1581,10:01:23,251.67,-0.08,13,327171,卖盘
1582,10:01:18,251.75,--,1,25175,卖盘
1583,10:01:13,251.75,--,6,151050,卖盘
1584,10:01:07,251.75,0.05,6,151050,买盘
1585,10:00:58,251.7,0.03,3,75510,中性盘
1586,10:00:52,251.67,--,0,0,中性盘
1587,10:00:37,251.67,--,1,25167,卖盘
1588,10:00:33,251.67,0.05,7,176169,买盘
1589,10:00:28,251.62,--,44,1107128,卖盘
1590,10:00:22,251.62,-0.14,3,75486,卖盘
1591,10:00:13,251.76,0.14,9,226584,买盘
1592,10:00:07,251.62,-0.12,17,427754,卖盘
1593,10:00:02,251.74,0.12,16,402784,买盘
1594,09:59:58,251.62,--,8,201296,卖盘
1595,09:59:52,251.62,-0.12,5,125810,卖盘
1596,09:59:37,251.74,0.12,1,25174,买盘
1597,09:59:28,251.62,--,3,75486,卖盘
1598,09:59:22,251.62,--,2,50324,卖盘
1599,09:59:17,251.62,--,0,0,卖盘
1600,09:59:13,251.62,-0.14,6,150972,卖盘
1601,09:59:07,251.76,--,0,0,买盘
1602,09:58:57,251.76,0.14,7,176232,买盘
1603,09:58:52,251.62,-0.01,41,1031642,卖盘
1604,09:58:42,251.63,--,3,75489,卖盘
1605,09:58:37,251.63,-0.07,6,150978,卖盘
1606,09:58:32,251.7,0.07,3,75510,买盘
1607,09:58:27,251.63,-0.04,2,50326,卖盘
1608,09:58:07,251.67,0.03,1,25167,买盘
1609,09:58:02,251.64,-0.03,1,25164,买盘
1610,09:57:57,251.67,--,4,100668,卖盘
1611,09:57:47,251.67,--,4,100668,卖盘
1612,09:57:37,251.67,--,13,327171,买盘
1613,09:57:27,251.67,-0.03,1,25167,买盘
1614,09:57:12,251.7,--,6,151020,卖盘
1615,09:57:07,251.7,--,2,50340,买盘
1616,09:57:02,251.7,--,1,25170,买盘
1617,09:56:42,251.7,-0.1,3,75510,卖盘
1618,09:56:37,251.8,0.1,10,251800,买盘
1619,09:56:12,251.7,0.07,1,25170,卖盘
1620,09:55:57,251.63,--,0,0,卖盘
1621,09:55:52,251.63,--,4,100652,卖盘
1622,09:55:47,251.63,0.01,2,50326,买盘
1623,09:55:37,251.62,--,0,0,中性盘
1624,09:55:32,251.62,-0.01,2,50324,买盘
1625,09:55:27,251.63,-0.15,1,25163,卖盘
1626,09:55:22,251.78,--,0,0,中性盘
1627,09:55:17,251.78,-0.02,3,83087,卖盘
1628,09:55:12,251.8,0.02,7,176260,买盘
1629,09:55:07,251.78,0.08,28,722608,买盘
1630,09:55:02,251.7,--,4,100680,买盘
1631,09:54:52,251.7,--,2,50340,买盘
1632,09:54:47,251.7,--,0,0,买盘
1633,09:54:42,251.7,--,0,0,买盘
1634,09:54:37,251.7,--,1,25170,买盘
1635,09:54:32,251.7,--,16,402720,买盘
1636,09:54:27,251.7,--,0,0,中性盘
1637,09:54:22,251.7,--,1,25170,卖盘
1638,09:54:16,251.7,--,1,25170,卖盘
1639,09:54:07,251.7,0.1,1,25170,买盘
1640,09:54:01,251.6,--,10,251600,中性盘
1641,09:53:52,251.6,-0.16,2,50320,卖盘
1642,09:53:46,251.76,0.18,1,25176,买盘
1643,09:53:31,251.58,--,0,0,卖盘
1644,09:53:22,251.58,--,0,0,卖盘
1645,09:53:16,251.58,-0.18,1,25158,卖盘
1646,09:53:01,251.76,-0.01,1,25176,中性盘
1647,09:52:46,251.77,--,2,50354,买盘
1648,09:52:37,251.77,--,0,0,买盘
1649,09:52:31,251.77,--,0,0,买盘
1650,09:52:26,251.77,0.2,6,151062,买盘
1651,09:52:22,251.57,0.04,14,352198,买盘
1652,09:52:16,251.53,--,1,25153,卖盘
1653,09:52:11,251.53,0.01,1,25153,卖盘
1654,09:52:07,251.52,--,0,0,卖盘
1655,09:51:56,251.52,--,1,25152,卖盘
1656,09:51:46,251.52,--,12,301824,买盘
1657,09:51:41,251.52,--,2,50304,买盘
1658,09:51:36,251.52,--,3,75456,买盘
1659,09:51:21,251.52,-0.05,27,679104,卖盘
1660,09:51:06,251.57,--,2,50314,买盘
1661,09:51:01,251.57,0.04,5,125785,买盘
1662,09:50:56,251.53,-0.1,11,276683,卖盘
1663,09:50:46,251.63,--,0,0,卖盘
1664,09:50:31,251.63,0.08,4,100652,买盘
1665,09:50:06,251.55,0.04,19,477945,买盘
1666,09:50:01,251.51,--,0,0,卖盘
1667,09:49:56,251.51,-0.02,4,100604,卖盘
1668,09:49:51,251.53,--,4,100612,买盘
1669,09:49:46,251.53,--,1,25153,买盘
1670,09:49:26,251.53,--,3,75459,买盘
1671,09:49:21,251.53,--,0,0,买盘
1672,09:49:16,251.53,0.01,37,930661,买盘
1673,09:49:11,251.52,--,3,75456,买盘
1674,09:49:06,251.52,--,6,150912,买盘
1675,09:49:01,251.52,-0.03,9,226368,卖盘
1676,09:48:56,251.55,0.01,2,50310,买盘
1677,09:48:46,251.54,-0.16,8,201232,卖盘
1678,09:48:41,251.7,0.14,5,125850,买盘
1679,09:48:36,251.56,--,3,75468,卖盘
1680,09:48:31,251.56,-0.01,3,75468,卖盘
1681,09:48:26,251.57,0.01,8,201256,买盘
1682,09:48:21,251.56,--,7,176092,买盘
1683,09:48:11,251.56,-0.01,12,301872,卖盘
1684,09:48:06,251.57,0.01,1,25157,卖盘
1685,09:48:00,251.56,-0.02,4,100624,卖盘
1686,09:47:56,251.58,--,8,201264,买盘
1687,09:47:51,251.58,--,0,0,买盘
1688,09:47:45,251.58,0.02,1,25158,买盘
1689,09:47:40,251.56,-0.2,1,25156,卖盘
1690,09:47:30,251.76,0.06,6,151056,买盘
1691,09:47:25,251.7,0.12,3,94387,买盘
1692,09:47:15,251.58,-0.02,3,75474,卖盘
1693,09:47:10,251.6,0.02,0,6290,买盘
1694,09:47:06,251.58,-0.01,2,50316,卖盘
1695,09:47:01,251.59,0.01,2,50318,中性盘
1696,09:46:55,251.58,-0.02,3,75474,卖盘
1697,09:46:40,251.6,-0.1,3,94350,卖盘
1698,09:46:25,251.7,-0.07,10,251700,卖盘
1699,09:46:16,251.77,--,2,50354,卖盘
1700,09:46:10,251.77,--,8,201416,卖盘
1701,09:46:06,251.77,--,2,50354,卖盘
1702,09:46:00,251.77,-0.01,4,100708,买盘
1703,09:45:45,251.78,--,0,0,买盘
1704,09:45:40,251.78,-0.02,1,25178,中性盘
1705,09:45:36,251.8,--,5,125900,买盘
1706,09:45:30,251.8,--,14,352520,卖盘
1707,09:45:25,251.8,--,4,100720,卖盘
1708,09:45:15,251.8,--,1,25180,卖盘
1709,09:45:10,251.8,-0.05,11,276980,卖盘
1710,09:45:05,251.85,-0.04,2,50370,买盘
1711,09:44:55,251.89,0.01,7,176323,买盘
1712,09:44:45,251.88,-0.01,7,182613,买盘
1713,09:44:40,251.89,--,1,25189,买盘
1714,09:44:35,251.89,0.09,1,25189,买盘
1715,09:44:30,251.8,--,1,25180,卖盘
1716,09:44:25,251.8,--,1,25180,卖盘
1717,09:44:20,251.8,0.02,10,251800,买盘
1718,09:44:15,251.78,--,1,25178,卖盘
1719,09:43:55,251.78,--,2,50356,中性盘
1720,09:43:50,251.78,0.18,1,25178,买盘
1721,09:43:40,251.6,--,0,0,中性盘
1722,09:43:35,251.6,-0.2,1,25160,卖盘
1723,09:43:25,251.8,0.01,5,125900,买盘
1724,09:43:20,251.79,0.22,1,25179,买盘
1725,09:43:10,251.57,-0.23,5,125785,卖盘
1726,09:43:05,251.8,--,0,0,中性盘
1727,09:43:00,251.8,0.23,1,25180,买盘
1728,09:42:55,251.57,--,0,0,卖盘
1729,09:42:40,251.57,--,1,25157,卖盘
1730,09:42:35,251.57,0.01,1,25157,买盘
1731,09:42:30,251.56,-0.01,1,25156,卖盘
1732,09:42:25,251.57,--,2,50314,买盘
1733,09:42:20,251.57,--,11,276727,买盘
1734,09:42:10,251.57,-0.33,16,402512,卖盘
1735,09:42:05,251.9,0.11,8,201520,买盘
1736,09:41:55,251.79,-0.11,2,50358,买盘
1737,09:41:50,251.9,0.05,6,151140,买盘
1738,09:41:45,251.85,-0.05,4,111569,买盘
1739,09:41:39,251.9,0.1,58,1461020,买盘
1740,09:41:34,251.8,0.23,15,377700,买盘
1741,09:41:24,251.57,--,5,125785,中性盘
1742,09:41:19,251.57,--,1,25157,买盘
1743,09:41:15,251.57,--,3,75471,买盘
1744,09:41:09,251.57,-0.11,84,2113188,卖盘
1745,09:41:00,251.68,0.11,6,151008,买盘
1746,09:40:54,251.57,-0.01,4,100628,卖盘
1747,09:40:49,251.58,--,0,0,中性盘
1748,09:40:39,251.58,-0.02,4,100632,卖盘
1749,09:40:34,251.6,-0.28,1,25160,买盘
1750,09:40:30,251.88,--,1,25188,买盘
1751,09:40:24,251.88,0.02,11,277068,买盘
1752,09:40:19,251.86,--,1,25186,卖盘
1753,09:40:15,251.86,0.09,5,125930,卖盘
1754,09:40:09,251.77,0.07,43,1082611,买盘
1755,09:40:04,251.7,0.01,24,604080,买盘
1756,09:40:00,251.69,-0.01,1,25169,中性盘
1757,09:39:54,251.7,--,3,75510,卖盘
1758,09:39:49,251.7,--,5,125850,卖盘
1759,09:39:45,251.7,--,12,302040,卖盘
1760,09:39:39,251.7,--,9,226530,卖盘
1761,09:39:34,251.7,--,36,906120,买盘
1762,09:39:30,251.7,--,0,0,买盘
1763,09:39:19,251.7,0.15,2,50340,买盘
1764,09:39:09,251.55,-0.15,9,226395,中性盘
1765,09:39:04,251.7,-0.09,11,276870,买盘
1766,09:38:54,251.79,-0.05,3,75537,买盘
1767,09:38:49,251.84,0.12,4,100736,买盘
1768,09:38:39,251.72,--,25,629300,买盘
1769,09:38:34,251.72,0.02,1,25172,买盘
1770,09:38:29,251.7,-0.02,3,75510,卖盘
1771,09:38:24,251.72,0.12,40,1006880,买盘
1772,09:38:19,251.6,0.02,2,50320,卖盘
1773,09:38:14,251.58,0.02,5,125790,买盘
1774,09:38:09,251.56,-0.14,11,276716,卖盘
1775,09:38:04,251.7,--,3,75510,买盘
1776,09:37:59,251.7,-0.02,2,50340,买盘
1777,09:37:54,251.72,-0.08,2,50344,买盘
1778,09:37:44,251.8,-0.06,2,50360,买盘
1779,09:37:39,251.86,-0.02,1,25186,中性盘
1780,09:37:34,251.88,0.02,2,50376,买盘
1781,09:37:29,251.86,-0.04,1,25186,买盘
1782,09:37:24,251.9,--,0,0,买盘
1783,09:37:19,251.9,0.01,15,377850,买盘
1784,09:37:14,251.89,0.25,5,125945,买盘
1785,09:37:09,251.64,-0.26,1,25164,中性盘
1786,09:37:04,251.9,0.25,13,327470,买盘
1787,09:36:59,251.65,-0.25,5,125825,中性盘
1788,09:36:53,251.9,--,3,75570,买盘
1789,09:36:49,251.9,-0.06,18,468534,卖盘
1790,09:36:44,251.96,--,9,226764,买盘
1791,09:36:39,251.96,--,0,0,买盘
1792,09:36:34,251.96,0.06,7,176372,买盘
1793,09:36:29,251.9,--,2,50380,卖盘
1794,09:36:24,251.9,--,1,25190,卖盘
1795,09:36:19,251.9,0.64,26,665016,买盘
1796,09:36:14,251.26,0.01,6,150756,卖盘
1797,09:36:04,251.25,--,1,25125,卖盘
1798,09:35:53,251.25,-0.1,2,50250,卖盘
1799,09:35:49,251.35,0.1,4,100540,买盘
1800,09:35:44,251.25,0.14,7,175875,买盘
1801,09:35:33,251.11,-0.14,3,75333,卖盘
1802,09:35:29,251.25,--,0,0,买盘
1803,09:35:24,251.25,--,0,0,买盘
1804,09:35:18,251.25,0.09,17,427125,买盘
1805,09:35:13,251.16,-0.09,1,25116,卖盘
1806,09:35:08,251.25,0.09,2,50250,买盘
1807,09:35:03,251.16,--,19,477204,买盘
1808,09:34:54,251.16,--,0,0,买盘
1809,09:34:48,251.16,--,2,50232,买盘
1810,09:34:43,251.16,0.05,2,50232,买盘
1811,09:34:38,251.11,-0.14,1,25111,卖盘
1812,09:34:33,251.25,--,11,276375,买盘
1813,09:34:28,251.25,--,39,979875,买盘
1814,09:34:18,251.25,0.09,1,25125,买盘
1815,09:34:13,251.16,-0.09,2,50232,卖盘
1816,09:34:09,251.25,--,2,50250,买盘
1817,09:34:03,251.25,0.04,10,253260,买盘
1818,09:33:58,251.21,0.05,1,25121,卖盘
1819,09:33:54,251.16,--,0,0,卖盘
1820,09:33:48,251.16,--,10,251160,买盘
1821,09:33:43,251.16,--,1,25116,买盘
1822,09:33:38,251.16,0.06,5,125580,买盘
1823,09:33:33,251.1,-0.05,4,100440,卖盘
1824,09:33:28,251.15,--,3,75345,买盘
1825,09:33:18,251.15,-0.46,15,376725,卖盘
1826,09:33:13,251.61,0.45,51,1283211,买盘
1827,09:33:08,251.16,-0.09,1,25116,卖盘
1828,09:33:03,251.25,-0.15,1,25125,中性盘
1829,09:32:53,251.4,0.23,1,25140,买盘
1830,09:32:48,251.17,-0.21,3,75351,中性盘
1831,09:32:43,251.38,-0.02,4,100552,中性盘
1832,09:32:38,251.4,--,20,502800,买盘
1833,09:32:33,251.4,--,1,25140,买盘
1834,09:32:28,251.4,--,2,50280,买盘
1835,09:32:23,251.4,--,7,175980,卖盘
1836,09:32:18,251.4,-0.01,7,175980,卖盘
1837,09:32:13,251.41,--,1,25141,买盘
1838,09:32:08,251.41,--,1,25141,买盘
1839,09:32:03,251.41,--,10,274036,卖盘
1840,09:31:58,251.41,-0.19,1,27655,卖盘
1841,09:31:53,251.6,0.19,1,25160,买盘
1842,09:31:48,251.41,--,7,175987,买盘
1843,09:31:43,251.41,0.01,4,100564,买盘
1844,09:31:38,251.4,-0.01,15,377100,卖盘
1845,09:31:33,251.41,--,5,125705,买盘
1846,09:31:28,251.41,-0.19,4,100564,卖盘
1847,09:31:18,251.6,-0.4,2,50320,中性盘
1848,09:31:13,252.0,--,0,0,买盘
1849,09:31:08,252.0,0.02,1,25200,买盘
1850,09:31:03,251.98,--,1,25198,买盘
1851,09:30:58,251.98,0.58,1,25198,中性盘
1852,09:30:53,251.4,-0.6,5,125700,卖盘
1853,09:30:48,252.0,0.07,3,75600,买盘
1854,09:30:43,251.93,-0.31,34,856562,卖盘
1855,09:30:38,252.24,-0.16,1,25224,中性盘
1856,09:30:32,252.4,0.47,10,252400,买盘
1857,09:30:28,251.93,-0.18,6,151158,卖盘
1858,09:30:23,252.11,0.18,3,75633,买盘
1859,09:30:17,251.93,--,0,0,卖盘
1860,09:30:13,251.93,0.83,2,50386,买盘
1861,09:30:08,251.1,0.14,46,1157571,买盘
1862,09:30:02,250.96,-0.05,11,276056,卖盘
1863,09:28:54,251.01,--,0,0,卖盘
1864,09:25:05,251.01,251.01,32,803232,买盘
