,time,price,change,volume,amount,type
0,15:00:03,42.16,0.01,224,945437,买盘
1,14:57:00,42.15,--,0,0,买盘
2,14:56:54,42.15,0.02,66,278190,买盘
3,14:56:48,42.13,--,14,58982,卖盘
4,14:56:42,42.13,--,8,33704,卖盘
5,14:56:36,42.13,--,3,12639,卖盘
6,14:56:33,42.13,-0.01,5,21065,卖盘
7,14:56:30,42.14,0.01,16,67424,买盘
8,14:56:27,42.13,--,12,50556,卖盘
9,14:56:24,42.13,--,5,21065,卖盘
10,14:56:21,42.13,--,2,8426,卖盘
11,14:56:18,42.13,0.01,19,80047,买盘
12,14:56:15,42.12,--,10,42120,卖盘
13,14:56:12,42.12,--,28,117936,买盘
14,14:56:09,42.12,--,7,29484,买盘
15,14:56:06,42.12,0.01,43,181116,买盘
16,14:56:00,42.11,-0.01,26,109486,卖盘
17,14:55:57,42.12,0.01,11,46332,买盘
18,14:55:51,42.11,-0.01,2,8422,卖盘
19,14:55:48,42.12,-0.01,10,42120,卖盘
20,14:55:36,42.13,-0.01,3,12639,卖盘
21,14:55:33,42.14,0.01,1,4214,买盘
22,14:55:24,42.13,0.01,3,12639,买盘
23,14:55:18,42.12,--,3,12636,卖盘
24,14:55:09,42.12,0.01,2,8424,卖盘
25,14:55:06,42.11,--,12,50532,卖盘
26,14:55:00,42.11,--,2,8422,卖盘
27,14:54:57,42.11,-0.03,2,8422,卖盘
28,14:54:54,42.14,--,3,12642,买盘
29,14:54:51,42.14,0.03,38,160132,买盘
30,14:54:48,42.11,--,2,8422,卖盘
31,14:54:42,42.11,-0.03,12,50532,卖盘
32,14:54:36,42.14,0.03,7,29498,中性盘
33,14:54:33,42.11,-0.03,24,101064,卖盘
34,14:54:27,42.14,-0.01,8,33712,卖盘
35,14:54:24,42.15,0.04,1,4215,中性盘
36,14:54:18,42.11,-0.04,1,4211,卖盘
37,14:54:15,42.15,0.04,2,8430,买盘
38,14:54:12,42.11,-0.04,51,214761,卖盘
39,14:54:09,42.15,0.03,1,4215,买盘
40,14:54:00,42.12,0.01,2,8424,买盘
41,14:53:57,42.11,--,7,29477,卖盘
42,14:53:54,42.11,-0.01,2,8422,卖盘
43,14:53:51,42.12,-0.02,6,25272,买盘
44,14:53:42,42.14,0.03,2,8428,买盘
45,14:53:36,42.11,--,7,29477,卖盘
46,14:53:27,42.11,--,32,134752,卖盘
47,14:53:21,42.11,-0.01,2,8422,卖盘
48,14:53:18,42.12,-0.02,8,33696,卖盘
49,14:53:15,42.14,--,17,71638,买盘
50,14:53:12,42.14,--,10,42140,买盘
51,14:53:03,42.14,0.02,6,25284,买盘
52,14:52:57,42.12,-0.02,1,4212,卖盘
53,14:52:54,42.14,--,4,16856,买盘
54,14:52:51,42.14,0.02,1,4214,买盘
55,14:52:48,42.12,-0.02,4,16848,卖盘
56,14:52:45,42.14,--,2,8428,卖盘
57,14:52:33,42.14,-0.01,8,33712,卖盘
58,14:52:30,42.15,0.01,8,33720,买盘
59,14:52:24,42.14,--,3,12642,卖盘
60,14:52:21,42.14,-0.01,1,4214,卖盘
61,14:52:18,42.15,--,2,8430,买盘
62,14:52:12,42.15,--,11,46365,买盘
63,14:52:09,42.15,--,1,4215,买盘
64,14:52:06,42.15,-0.01,112,472080,卖盘
65,14:52:03,42.16,-0.02,1,4216,卖盘
66,14:52:00,42.18,0.02,6,25308,买盘
67,14:51:48,42.16,--,1,4216,卖盘
68,14:51:45,42.16,-0.02,5,21080,中性盘
69,14:51:39,42.18,0.02,10,42180,买盘
70,14:51:36,42.16,--,1,4216,买盘
71,14:51:33,42.16,--,9,37944,买盘
72,14:51:30,42.16,0.01,5,21080,买盘
73,14:51:27,42.15,--,6,25290,卖盘
74,14:51:21,42.15,0.05,7,29505,中性盘
75,14:51:15,42.1,--,30,126300,卖盘
76,14:51:09,42.1,--,61,256810,卖盘
77,14:51:03,42.1,-0.05,7,29470,中性盘
78,14:50:57,42.15,--,1,4215,买盘
79,14:50:54,42.15,0.07,2,8430,买盘
80,14:50:51,42.08,--,1,4208,卖盘
81,14:50:48,42.08,-0.07,7,29456,卖盘
82,14:50:45,42.15,--,4,16860,买盘
83,14:50:42,42.15,0.07,25,105375,买盘
84,14:50:39,42.08,-0.06,4,16832,卖盘
85,14:50:30,42.14,-0.01,4,16856,中性盘
86,14:50:27,42.15,0.08,4,16860,买盘
87,14:50:24,42.07,-0.08,7,29449,卖盘
88,14:50:21,42.15,0.08,2,8430,买盘
89,14:50:18,42.07,--,1,4207,卖盘
90,14:50:15,42.07,--,29,122003,卖盘
91,14:50:09,42.07,--,22,92554,卖盘
92,14:50:00,42.07,0.06,8,33656,中性盘
93,14:49:51,42.01,--,1,4201,卖盘
94,14:49:48,42.01,0.01,94,394894,卖盘
95,14:49:39,42.0,--,38,159600,卖盘
96,14:49:33,42.0,-0.01,32,134400,卖盘
97,14:49:30,42.01,--,43,180643,买盘
98,14:49:27,42.01,--,4,16804,买盘
99,14:49:21,42.01,--,2,8402,买盘
100,14:49:18,42.01,-0.06,11,46211,卖盘
101,14:49:15,42.07,--,15,63105,卖盘
102,14:49:12,42.07,--,1,4207,买盘
103,14:49:09,42.07,-0.07,4,16828,买盘
104,14:49:06,42.14,0.13,14,58996,买盘
105,14:49:03,42.01,-0.06,7,29407,卖盘
106,14:49:00,42.07,--,6,25242,买盘
107,14:48:57,42.07,-0.02,5,21035,卖盘
108,14:48:54,42.09,0.04,3,12627,买盘
109,14:48:51,42.05,-0.02,50,210250,卖盘
110,14:48:48,42.07,--,6,25242,卖盘
111,14:48:42,42.07,--,1,4207,买盘
112,14:48:39,42.07,--,1,4207,买盘
113,14:48:36,42.07,--,4,16828,买盘
114,14:48:33,42.07,--,5,21035,买盘
115,14:48:30,42.07,--,8,33656,买盘
116,14:48:27,42.07,--,22,92554,卖盘
117,14:48:18,42.07,-0.08,11,46277,卖盘
118,14:48:12,42.15,--,2,8430,买盘
119,14:48:09,42.15,--,4,16860,买盘
120,14:48:03,42.15,0.1,10,42150,买盘
121,14:47:54,42.05,--,2,8410,卖盘
122,14:47:51,42.05,0.05,1,4205,买盘
123,14:47:48,42.0,--,21,88200,卖盘
124,14:47:45,42.0,--,12,50400,卖盘
125,14:47:36,42.0,--,6,25200,卖盘
126,14:47:33,42.0,--,161,676200,买盘
127,14:47:30,42.0,--,5,21000,买盘
128,14:47:24,42.0,--,18,75600,买盘
129,14:47:21,42.0,0.05,2,8400,买盘
130,14:47:09,41.95,0.01,22,92290,买盘
131,14:47:03,41.94,--,1,4194,买盘
132,14:47:00,41.94,-0.01,6,25164,买盘
133,14:46:57,41.95,--,2,8390,买盘
134,14:46:54,41.95,--,32,134240,买盘
135,14:46:51,41.95,0.04,4,16780,买盘
136,14:46:45,41.91,-0.04,3,12572,卖盘
137,14:46:42,41.95,-0.05,4,16780,中性盘
138,14:46:36,42.0,0.12,730,3066000,买盘
139,14:46:33,41.88,-0.03,37,154956,卖盘
140,14:46:30,41.91,0.03,4,16764,买盘
141,14:46:27,41.88,--,17,71196,卖盘
142,14:46:21,41.88,--,1,4188,卖盘
143,14:46:18,41.88,--,3,12564,卖盘
144,14:46:15,41.88,--,5,20940,卖盘
145,14:46:12,41.88,0.07,60,252410,买盘
146,14:46:09,41.81,--,24,100344,买盘
147,14:46:06,41.81,0.01,6,25086,买盘
148,14:46:03,41.8,-0.08,19,79420,卖盘
149,14:46:00,41.88,0.06,56,234528,买盘
150,14:45:57,41.82,--,9,37638,买盘
151,14:45:54,41.82,--,4,16728,买盘
152,14:45:51,41.82,-0.03,3,12546,卖盘
153,14:45:48,41.85,-0.03,32,133920,卖盘
154,14:45:45,41.88,--,10,41880,买盘
155,14:45:42,41.88,--,13,54444,买盘
156,14:45:39,41.88,-0.03,65,272220,卖盘
157,14:45:36,41.91,0.02,12,50291,买盘
158,14:45:33,41.89,--,1,4189,买盘
159,14:45:30,41.89,-0.05,49,205261,卖盘
160,14:45:27,41.94,0.03,3,12582,买盘
161,14:45:24,41.91,-0.03,41,171831,卖盘
162,14:45:18,41.94,-0.04,4,16776,卖盘
163,14:45:12,41.98,-0.02,12,50417,卖盘
164,14:45:09,42.0,0.01,7,29400,买盘
165,14:45:06,41.99,0.01,3,12597,买盘
166,14:45:03,41.98,--,1,4198,卖盘
167,14:45:00,41.98,-0.02,15,67126,卖盘
168,14:44:57,42.0,--,7,29400,买盘
169,14:44:54,42.0,--,3,12600,买盘
170,14:44:48,42.0,-0.12,500,2100000,卖盘
171,14:44:45,42.12,0.02,7,29484,中性盘
172,14:44:42,42.1,--,106,446260,卖盘
173,14:44:39,42.1,-0.01,15,63150,卖盘
174,14:44:36,42.11,-0.03,32,134752,卖盘
175,14:44:33,42.14,0.03,76,320264,买盘
176,14:44:30,42.11,--,7,29477,卖盘
177,14:44:27,42.11,-0.03,5,21055,卖盘
178,14:44:24,42.14,0.04,1,4214,买盘
179,14:44:18,42.1,-0.04,3,12630,卖盘
180,14:44:15,42.14,-0.01,20,84280,卖盘
181,14:44:12,42.15,0.05,4,16860,买盘
182,14:44:09,42.1,-0.04,211,888310,卖盘
183,14:44:06,42.14,-0.01,5,21070,卖盘
184,14:44:00,42.15,--,10,42150,买盘
185,14:43:57,42.15,--,5,21075,买盘
186,14:43:54,42.15,-0.03,77,324555,卖盘
187,14:43:51,42.18,-0.01,1,4218,卖盘
188,14:43:48,42.19,-0.01,1,4219,卖盘
189,14:43:45,42.2,--,2,8440,买盘
190,14:43:36,42.2,--,2,8440,买盘
191,14:43:33,42.2,-0.01,38,160360,卖盘
192,14:43:27,42.21,-0.01,5,21105,买盘
193,14:43:24,42.22,0.01,1,4222,买盘
194,14:43:21,42.21,-0.01,1,4221,卖盘
195,14:43:18,42.22,--,1,4222,买盘
196,14:43:12,42.22,--,2,8444,买盘
197,14:43:06,42.22,--,68,287096,卖盘
198,14:43:00,42.22,--,1,4222,卖盘
199,14:42:57,42.22,--,20,84440,卖盘
200,14:42:54,42.22,--,1,4222,卖盘
201,14:42:51,42.22,-0.03,203,857066,卖盘
202,14:42:48,42.25,-0.05,5,21125,卖盘
203,14:42:39,42.3,--,2,8460,买盘
204,14:42:24,42.3,--,10,42300,买盘
205,14:42:21,42.3,0.05,2,8460,买盘
206,14:42:18,42.25,-0.05,14,59150,卖盘
207,14:42:03,42.3,0.02,4,16920,买盘
208,14:42:00,42.28,0.03,7,29596,中性盘
209,14:41:51,42.25,-0.05,1,4225,卖盘
210,14:41:48,42.3,0.05,2,8460,中性盘
211,14:41:42,42.25,-0.1,8,33800,卖盘
212,14:41:36,42.35,0.11,5,21175,买盘
213,14:41:21,42.24,-0.11,1,4224,卖盘
214,14:41:18,42.35,--,5,21175,买盘
215,14:41:12,42.35,--,2,8470,买盘
216,14:41:09,42.35,-0.03,1,4235,买盘
217,14:41:06,42.38,--,17,72046,卖盘
218,14:41:03,42.38,--,126,533988,买盘
219,14:40:57,42.38,--,7,29666,买盘
220,14:40:54,42.38,0.01,1,4238,买盘
221,14:40:48,42.37,-0.01,1,4237,中性盘
222,14:40:36,42.38,0.03,1,4238,买盘
223,14:40:24,42.35,--,4,16940,买盘
224,14:40:21,42.35,--,3,12705,买盘
225,14:40:18,42.35,--,1,4235,买盘
226,14:40:06,42.35,0.05,2,8470,买盘
227,14:39:51,42.3,-0.05,1,4230,卖盘
228,14:39:30,42.35,0.03,4,16940,买盘
229,14:39:21,42.32,0.02,1,4232,中性盘
230,14:39:09,42.3,--,1,4230,卖盘
231,14:39:06,42.3,--,1,4230,买盘
232,14:39:03,42.3,0.08,96,408195,买盘
233,14:39:00,42.22,--,1,4222,卖盘
234,14:38:54,42.22,0.01,1,5953,买盘
235,14:38:51,42.21,0.01,1,4221,中性盘
236,14:38:45,42.2,--,7,29540,卖盘
237,14:38:36,42.2,--,12,50640,买盘
238,14:38:33,42.2,--,5,21100,买盘
239,14:38:24,42.2,0.02,54,227880,买盘
240,14:38:18,42.18,--,8,33744,卖盘
241,14:38:06,42.18,--,6,25308,买盘
242,14:37:57,42.18,--,1,4218,买盘
243,14:37:51,42.18,-0.02,16,67488,卖盘
244,14:37:48,42.2,--,1,4220,买盘
245,14:37:45,42.2,--,9,37980,买盘
246,14:37:42,42.2,--,10,42200,买盘
247,14:37:39,42.2,--,3,12660,买盘
248,14:37:36,42.2,--,12,50640,卖盘
249,14:37:33,42.2,-0.01,5,21100,卖盘
250,14:37:27,42.21,0.01,3,12663,买盘
251,14:37:21,42.2,-0.01,1,4220,卖盘
252,14:37:15,42.21,--,5,21105,买盘
253,14:37:12,42.21,-0.01,2,8442,卖盘
254,14:37:03,42.22,--,4,16888,买盘
255,14:37:00,42.22,--,4,16888,买盘
256,14:36:57,42.22,0.01,41,173102,买盘
257,14:36:54,42.21,-0.01,11,46431,卖盘
258,14:36:51,42.22,--,7,29554,买盘
259,14:36:48,42.22,--,2,8444,买盘
260,14:36:45,42.22,0.01,7,29554,买盘
261,14:36:42,42.21,-0.01,4,16884,卖盘
262,14:36:36,42.22,-0.06,1,4222,卖盘
263,14:36:24,42.28,--,2,8456,买盘
264,14:36:21,42.28,--,4,16912,买盘
265,14:36:15,42.28,0.07,1,4228,买盘
266,14:36:12,42.21,--,8,33768,买盘
267,14:36:00,42.21,0.04,6,25326,卖盘
268,14:35:51,42.17,--,1,4217,卖盘
269,14:35:48,42.17,-0.11,8,33736,卖盘
270,14:35:45,42.28,--,1,4228,买盘
271,14:35:42,42.28,-0.01,1,4228,买盘
272,14:35:33,42.29,0.12,3,12687,买盘
273,14:35:30,42.17,-0.01,5,21085,卖盘
274,14:35:21,42.18,0.04,1,4218,中性盘
275,14:35:03,42.14,-0.02,1,4214,卖盘
276,14:35:00,42.16,--,21,92203,买盘
277,14:34:54,42.16,-0.02,31,131244,卖盘
278,14:34:51,42.18,0.02,7,29526,中性盘
279,14:34:42,42.16,-0.01,104,442131,卖盘
280,14:34:39,42.17,--,4,16868,中性盘
281,14:34:36,42.17,0.01,1,4217,买盘
282,14:34:33,42.16,--,4,16864,卖盘
283,14:34:30,42.16,--,9,37944,买盘
284,14:34:27,42.16,--,6,25295,买盘
285,14:34:24,42.16,--,5,21080,买盘
286,14:34:21,42.16,0.02,4,16864,买盘
287,14:34:15,42.14,-0.02,7,29498,卖盘
288,14:34:12,42.16,--,2,8432,买盘
289,14:34:09,42.16,0.03,1,4216,买盘
290,14:34:03,42.13,-0.03,22,92686,卖盘
291,14:34:00,42.16,--,2,8432,买盘
292,14:33:57,42.16,--,14,59023,买盘
293,14:33:54,42.16,0.01,3,12647,买盘
294,14:33:48,42.15,--,1,4215,卖盘
295,14:33:42,42.15,--,3,12645,卖盘
296,14:33:39,42.15,-0.01,8,33720,中性盘
297,14:33:33,42.16,0.01,10,42160,买盘
298,14:33:30,42.15,--,1,4215,买盘
299,14:33:27,42.15,-0.01,13,54795,卖盘
300,14:33:21,42.16,--,9,37944,买盘
301,14:33:15,42.16,-0.13,79,333064,卖盘
302,14:32:54,42.29,--,2,8458,卖盘
303,14:32:51,42.29,--,1,4229,卖盘
304,14:32:48,42.29,--,2,8458,卖盘
305,14:32:45,42.29,--,4,16916,卖盘
306,14:32:42,42.29,0.1,5,21145,买盘
307,14:32:39,42.19,--,8,33752,卖盘
308,14:32:36,42.19,-0.1,14,59066,卖盘
309,14:32:33,42.29,0.09,1,4229,买盘
310,14:32:30,42.2,-0.08,160,675200,卖盘
311,14:32:18,42.28,-0.01,3,12684,卖盘
312,14:32:09,42.29,-0.01,2,8458,卖盘
313,14:32:06,42.3,0.01,1,4230,买盘
314,14:32:03,42.29,0.01,8,33832,卖盘
315,14:31:57,42.28,-0.02,26,109928,卖盘
316,14:31:54,42.3,0.02,1,4230,买盘
317,14:31:48,42.28,--,2,8456,卖盘
318,14:31:39,42.28,-0.01,5,21140,卖盘
319,14:31:33,42.29,--,5,21145,买盘
320,14:31:27,42.29,-0.01,7,29603,中性盘
321,14:31:21,42.3,0.02,2,8460,买盘
322,14:31:18,42.28,-0.02,4,16912,卖盘
323,14:31:12,42.3,-0.05,46,196695,卖盘
324,14:31:09,42.35,--,2,8470,买盘
325,14:31:00,42.35,--,8,33880,卖盘
326,14:30:51,42.35,--,1,4235,卖盘
327,14:30:48,42.35,-0.03,1,4235,卖盘
328,14:30:42,42.38,0.03,5,21190,买盘
329,14:30:39,42.35,--,5,21175,卖盘
330,14:30:33,42.35,-0.03,9,38115,卖盘
331,14:30:27,42.38,--,18,76284,卖盘
332,14:30:21,42.38,-0.01,4,16952,卖盘
333,14:30:18,42.39,0.01,4,16956,中性盘
334,14:29:51,42.38,--,20,84760,卖盘
335,14:29:48,42.38,--,1,4238,卖盘
336,14:29:33,42.38,--,18,76284,买盘
337,14:29:24,42.38,0.05,1,4238,买盘
338,14:29:21,42.33,-0.05,1,4233,卖盘
339,14:29:18,42.38,0.05,5,21190,中性盘
340,14:29:12,42.33,-0.07,100,423300,卖盘
341,14:29:06,42.4,0.01,8,33920,买盘
342,14:28:54,42.39,0.01,2,8478,买盘
343,14:28:48,42.38,0.03,1,4238,中性盘
344,14:28:18,42.35,--,6,25410,卖盘
345,14:28:15,42.35,-0.03,6,25410,卖盘
346,14:28:12,42.38,--,10,42380,买盘
347,14:28:09,42.38,--,3,12714,买盘
348,14:28:03,42.38,--,3,12714,买盘
349,14:28:00,42.38,0.03,25,105950,买盘
350,14:27:51,42.35,-0.03,1,4235,卖盘
351,14:27:42,42.38,0.03,12,50856,买盘
352,14:27:36,42.35,--,2,8470,买盘
353,14:27:33,42.35,-0.03,11,46585,卖盘
354,14:27:24,42.38,0.03,5,21190,买盘
355,14:27:18,42.35,0.02,1,4235,中性盘
356,14:27:06,42.33,--,6,25398,卖盘
357,14:26:54,42.33,-0.05,84,355572,卖盘
358,14:26:48,42.38,-0.01,1,4238,卖盘
359,14:26:45,42.39,-0.01,3,12717,中性盘
360,14:26:42,42.4,0.02,2,8480,买盘
361,14:26:39,42.38,-0.07,18,76284,卖盘
362,14:26:36,42.45,0.05,5,21225,买盘
363,14:26:27,42.4,-0.05,11,46640,卖盘
364,14:26:24,42.45,0.05,22,93390,买盘
365,14:26:21,42.4,--,1,4240,卖盘
366,14:26:18,42.4,-0.05,6,25440,卖盘
367,14:26:15,42.45,0.03,1,4245,买盘
368,14:26:12,42.42,-0.03,3,12726,卖盘
369,14:26:06,42.45,0.03,1,4245,买盘
370,14:25:57,42.42,--,5,21210,卖盘
371,14:25:48,42.42,-0.12,1,4242,卖盘
372,14:25:39,42.54,0.04,11,46794,买盘
373,14:25:27,42.5,0.08,1,4250,中性盘
374,14:25:21,42.42,--,1,4242,卖盘
375,14:25:00,42.42,-0.12,1,4242,卖盘
376,14:24:57,42.54,--,1,4254,卖盘
377,14:24:48,42.54,0.14,2,8508,中性盘
378,14:24:24,42.4,-0.14,30,127200,卖盘
379,14:24:18,42.54,0.14,1,4254,中性盘
380,14:23:57,42.4,-0.19,34,144160,卖盘
381,14:23:54,42.59,0.19,1,4259,买盘
382,14:23:51,42.4,-0.19,1,4240,卖盘
383,14:23:45,42.59,0.11,6,25554,买盘
384,14:23:27,42.48,0.02,1,4248,卖盘
385,14:23:21,42.46,0.01,1,4246,卖盘
386,14:23:12,42.45,-0.15,4,16980,卖盘
387,14:23:09,42.6,0.17,15,63900,买盘
388,14:23:06,42.43,-0.02,50,212150,卖盘
389,14:22:54,42.45,-0.01,5,21225,卖盘
390,14:22:48,42.46,-0.16,1,4246,卖盘
391,14:22:33,42.62,--,1,4262,买盘
392,14:22:30,42.62,0.16,2,8524,买盘
393,14:22:24,42.46,--,4,16984,卖盘
394,14:22:21,42.46,-0.15,1,4246,中性盘
395,14:21:57,42.61,0.16,1,4261,买盘
396,14:21:54,42.45,--,31,131595,卖盘
397,14:21:51,42.45,--,5,21225,卖盘
398,14:21:48,42.45,-0.17,2,8490,卖盘
399,14:21:45,42.62,0.19,3,12786,买盘
400,14:21:42,42.43,--,33,140019,卖盘
401,14:21:24,42.43,-0.01,48,203664,卖盘
402,14:21:21,42.44,0.01,1,4244,中性盘
403,14:21:15,42.43,--,10,42430,买盘
404,14:20:54,42.43,0.03,9,38187,买盘
405,14:20:48,42.4,-0.03,1,4240,卖盘
406,14:20:45,42.43,--,1,4243,买盘
407,14:20:42,42.43,0.07,1,4243,买盘
408,14:20:33,42.36,-0.07,5,21180,卖盘
409,14:20:27,42.43,0.08,10,42430,买盘
410,14:20:21,42.35,0.01,9,38115,卖盘
411,14:20:03,42.34,--,1,4234,买盘
412,14:19:57,42.34,0.01,2,8468,买盘
413,14:19:54,42.33,--,4,16932,卖盘
414,14:19:51,42.33,--,12,50796,卖盘
415,14:19:48,42.33,--,121,512193,卖盘
416,14:19:42,42.33,--,1,4233,卖盘
417,14:19:39,42.33,--,1,4233,卖盘
418,14:19:27,42.33,0.02,86,366154,买盘
419,14:19:21,42.31,-0.01,7,29617,中性盘
420,14:19:03,42.32,0.02,151,639032,买盘
421,14:19:00,42.3,--,1,4230,卖盘
422,14:18:51,42.3,-0.03,37,156510,卖盘
423,14:18:45,42.33,0.03,169,717493,买盘
424,14:18:42,42.3,--,9,38070,买盘
425,14:18:39,42.3,--,1,4230,买盘
426,14:18:33,42.3,--,1,4230,买盘
427,14:18:30,42.3,-0.03,25,105750,卖盘
428,14:18:27,42.33,-0.07,113,478329,卖盘
429,14:18:21,42.4,0.07,93,394320,买盘
430,14:18:18,42.33,-0.07,1,4233,卖盘
431,14:18:12,42.4,--,1,4240,卖盘
432,14:17:48,42.4,-0.05,4,16960,卖盘
433,14:17:45,42.45,--,1,4245,买盘
434,14:17:36,42.45,--,1,4245,买盘
435,14:17:30,42.45,-0.04,72,305640,卖盘
436,14:17:18,42.49,-0.02,48,203952,卖盘
437,14:17:15,42.51,0.01,1,4251,买盘
438,14:17:12,42.5,-0.01,1,4250,卖盘
439,14:17:00,42.51,-0.01,18,76518,卖盘
440,14:16:57,42.52,--,4,17008,卖盘
441,14:16:48,42.52,-0.04,1,4252,卖盘
442,14:16:45,42.56,--,5,21280,卖盘
443,14:16:42,42.56,--,5,21280,卖盘
444,14:16:39,42.56,--,2,8512,卖盘
445,14:16:30,42.56,--,1,4256,买盘
446,14:16:18,42.56,--,1,4256,卖盘
447,14:16:12,42.56,-0.05,67,285152,卖盘
448,14:16:09,42.61,-0.05,20,85220,卖盘
449,14:16:06,42.66,0.05,10,42660,买盘
450,14:16:00,42.61,--,5,21305,卖盘
451,14:15:54,42.61,--,5,21305,卖盘
452,14:15:51,42.61,-0.01,11,46871,卖盘
453,14:15:48,42.62,0.01,63,268506,买盘
454,14:15:45,42.61,--,15,63915,卖盘
455,14:15:39,42.61,-0.05,10,42610,卖盘
456,14:15:36,42.66,0.04,2,8532,买盘
457,14:15:33,42.62,--,1,4262,中性盘
458,14:15:27,42.62,0.01,1,4262,买盘
459,14:15:21,42.61,-0.02,1,4261,卖盘
460,14:15:12,42.63,0.01,1,4263,中性盘
461,14:14:48,42.62,--,1,4262,卖盘
462,14:14:45,42.62,--,5,21310,卖盘
463,14:14:39,42.62,-0.09,15,63929,卖盘
464,14:14:36,42.71,0.01,1,4271,中性盘
465,14:14:24,42.7,--,2,8540,卖盘
466,14:14:18,42.7,--,1,4270,卖盘
467,14:14:15,42.7,--,5,21350,卖盘
468,14:14:12,42.7,0.06,10,42700,买盘
469,14:13:48,42.64,-0.02,1,4264,卖盘
470,14:13:45,42.66,--,2,8532,买盘
471,14:13:42,42.66,-0.02,7,29861,卖盘
472,14:13:39,42.68,0.02,1,4268,买盘
473,14:13:24,42.66,-0.02,1,4266,卖盘
474,14:13:21,42.68,0.02,2,8536,买盘
475,14:13:18,42.66,-0.19,1,4266,卖盘
476,14:13:00,42.85,0.05,10,42850,买盘
477,14:12:57,42.8,0.09,10,42800,买盘
478,14:12:54,42.71,--,1,4271,买盘
479,14:12:51,42.71,0.03,11,46981,买盘
480,14:12:48,42.68,--,1,4268,卖盘
481,14:12:45,42.68,--,6,25608,卖盘
482,14:12:42,42.68,--,5,21340,中性盘
483,14:12:33,42.68,0.02,1,4268,买盘
484,14:12:24,42.66,-0.03,9,38394,卖盘
485,14:12:18,42.69,--,2,8538,卖盘
486,14:12:15,42.69,--,5,21345,卖盘
487,14:11:54,42.69,0.03,4,17076,买盘
488,14:11:51,42.66,--,11,46925,卖盘
489,14:11:45,42.66,--,13,55457,卖盘
490,14:11:30,42.66,0.04,11,46925,买盘
491,14:11:24,42.62,--,1,4262,卖盘
492,14:11:18,42.62,-0.01,1,4262,卖盘
493,14:11:15,42.63,--,1,4263,卖盘
494,14:10:51,42.63,--,1,4263,卖盘
495,14:10:45,42.63,-0.03,2,8526,卖盘
496,14:10:39,42.66,0.03,2,8532,买盘
497,14:10:36,42.63,0.01,1,4263,卖盘
498,14:10:30,42.62,-0.04,4,17048,卖盘
499,14:10:27,42.66,--,1,4266,买盘
500,14:10:24,42.66,--,1,4266,卖盘
501,14:10:21,42.66,--,1,4266,卖盘
502,14:10:15,42.66,-0.04,3,12797,卖盘
503,14:10:12,42.7,--,1,4270,买盘
504,14:10:03,42.7,-0.03,2,8540,中性盘
505,14:09:54,42.73,--,3,12818,买盘
506,14:09:51,42.73,--,1,4273,卖盘
507,14:09:48,42.73,--,1,4273,卖盘
508,14:09:45,42.73,--,3,12818,卖盘
509,14:09:39,42.73,-0.01,1,4273,卖盘
510,14:09:24,42.74,0.01,1,4274,买盘
511,14:09:18,42.73,--,1,4273,卖盘
512,14:09:12,42.73,--,7,29910,卖盘
513,14:09:00,42.73,--,4,17092,卖盘
514,14:08:54,42.73,-0.01,48,205103,卖盘
515,14:08:48,42.74,--,1,4274,卖盘
516,14:08:42,42.74,-0.05,1,4274,卖盘
517,14:08:27,42.79,0.05,3,12837,买盘
518,14:08:21,42.74,-0.05,4,17096,卖盘
519,14:08:18,42.79,--,3,12837,买盘
520,14:08:15,42.79,-0.06,4,17116,中性盘
521,14:08:00,42.85,0.05,80,342800,买盘
522,14:07:54,42.8,--,5,21400,卖盘
523,14:07:48,42.8,--,5,21400,卖盘
524,14:07:45,42.8,--,2,8560,买盘
525,14:07:42,42.8,0.01,26,111279,中性盘
526,14:07:27,42.79,--,11,47069,卖盘
527,14:07:24,42.79,0.03,10,42790,买盘
528,14:07:21,42.76,-0.03,1,4276,卖盘
529,14:07:15,42.79,-0.03,1,4279,中性盘
530,14:07:12,42.82,0.03,5,21410,买盘
531,14:07:09,42.79,--,1,4279,卖盘
532,14:07:03,42.79,-0.03,8,34232,卖盘
533,14:07:00,42.82,0.06,1,4282,买盘
534,14:06:48,42.76,-0.04,1,4276,卖盘
535,14:06:45,42.8,0.06,10,42800,买盘
536,14:06:42,42.74,-0.05,3,12822,卖盘
537,14:06:39,42.79,0.05,16,68464,中性盘
538,14:06:30,42.74,0.01,6,25644,中性盘
539,14:06:24,42.73,--,1,4273,卖盘
540,14:06:21,42.73,0.11,1,4273,卖盘
541,14:06:12,42.62,-0.11,24,102288,卖盘
542,14:06:09,42.73,0.12,1,4273,买盘
543,14:05:48,42.61,-0.19,1,4261,卖盘
544,14:05:45,42.8,--,5,21400,买盘
545,14:05:42,42.8,0.19,5,21400,买盘
546,14:05:39,42.61,0.01,76,323836,卖盘
547,14:05:27,42.6,--,4,17040,卖盘
548,14:05:24,42.6,--,5,21300,卖盘
549,14:05:21,42.6,--,2,8520,卖盘
550,14:05:15,42.6,--,8,34080,卖盘
551,14:05:09,42.6,--,119,506940,卖盘
552,14:04:51,42.6,0.01,233,995519,买盘
553,14:04:48,42.59,-0.01,5,21295,卖盘
554,14:04:45,42.6,--,81,345060,买盘
555,14:04:39,42.6,--,15,63900,买盘
556,14:04:36,42.6,--,2,8520,买盘
557,14:04:30,42.6,--,9,38340,买盘
558,14:04:27,42.6,0.01,19,80940,买盘
559,14:04:21,42.59,-0.01,5,21295,卖盘
560,14:04:12,42.6,0.01,10,42600,买盘
561,14:04:06,42.59,--,1,4259,卖盘
562,14:04:03,42.59,--,3,12777,卖盘
563,14:04:00,42.59,--,3,12777,卖盘
564,14:03:57,42.59,-0.01,45,191655,卖盘
565,14:03:54,42.6,0.01,20,85200,买盘
566,14:03:48,42.59,-0.01,4,17036,卖盘
567,14:03:45,42.6,--,27,115020,买盘
568,14:03:33,42.6,--,2,8520,买盘
569,14:03:27,42.6,--,3,12780,买盘
570,14:03:21,42.6,--,16,68160,买盘
571,14:03:18,42.6,--,5,21300,买盘
572,14:03:15,42.6,--,10,42600,买盘
573,14:03:09,42.6,-0.01,42,178920,卖盘
574,14:03:03,42.61,0.01,1,4261,买盘
575,14:02:57,42.6,--,1,4260,卖盘
576,14:02:54,42.6,--,5,21300,卖盘
577,14:02:51,42.6,0.01,6,25560,买盘
578,14:02:48,42.59,0.07,1,4259,卖盘
579,14:02:42,42.52,-0.07,4,17008,卖盘
580,14:02:36,42.59,0.07,2,8518,买盘
581,14:02:24,42.52,--,5,21260,卖盘
582,14:02:18,42.52,-0.08,1,4252,卖盘
583,14:02:15,42.6,--,2,8520,买盘
584,14:02:09,42.6,0.09,1,4260,买盘
585,14:02:03,42.51,-0.09,10,42510,卖盘
586,14:01:57,42.6,0.09,5,21300,买盘
587,14:01:48,42.51,-0.01,1,4251,卖盘
588,14:01:42,42.52,-0.06,1,4252,卖盘
589,14:01:33,42.58,--,2,8516,买盘
590,14:01:27,42.58,0.08,6,25548,买盘
591,14:01:21,42.5,-0.08,1,4250,卖盘
592,14:01:18,42.58,--,5,21290,买盘
593,14:01:15,42.58,0.08,1,4258,买盘
594,14:01:09,42.5,--,7,29750,卖盘
595,14:01:03,42.5,--,2,8500,卖盘
596,14:00:48,42.5,--,1,4250,卖盘
597,14:00:42,42.5,0.01,12,51000,买盘
598,14:00:36,42.49,--,6,25494,买盘
599,14:00:33,42.49,-0.01,2,8498,卖盘
600,14:00:27,42.5,--,8,34000,买盘
601,14:00:21,42.5,0.01,2,8500,买盘
602,14:00:18,42.49,0.01,1,4249,中性盘
603,14:00:12,42.48,-0.02,2,8496,买盘
604,14:00:00,42.5,--,5,21250,卖盘
605,13:59:51,42.5,-0.08,1,4250,卖盘
606,13:59:36,42.58,0.08,3,12774,买盘
607,13:59:21,42.5,--,101,429250,卖盘
608,13:59:15,42.5,--,1,4250,卖盘
609,13:59:03,42.5,--,2,9265,卖盘
610,13:58:48,42.5,-0.08,1,4250,卖盘
611,13:58:42,42.58,-0.04,16,68128,卖盘
612,13:58:36,42.62,0.02,102,434724,买盘
613,13:58:21,42.6,-0.02,1,4260,卖盘
614,13:58:18,42.62,-0.08,5,21310,卖盘
615,13:58:03,42.7,0.02,1,4270,买盘
616,13:57:57,42.68,-0.02,3,12804,中性盘
617,13:57:51,42.7,0.02,2,8540,买盘
618,13:57:48,42.68,-0.02,1,4268,卖盘
619,13:57:30,42.7,-0.04,44,191381,卖盘
620,13:57:27,42.74,--,49,209426,卖盘
621,13:57:24,42.74,--,2,8548,卖盘
622,13:57:18,42.74,-0.01,6,25644,卖盘
623,13:57:03,42.75,-0.05,9,38475,卖盘
624,13:56:57,42.8,0.05,17,72760,买盘
625,13:56:51,42.75,--,53,226575,卖盘
626,13:56:48,42.75,--,3,12825,卖盘
627,13:56:45,42.75,-0.05,3,12825,卖盘
628,13:56:39,42.8,0.05,3,12840,买盘
629,13:56:27,42.75,0.01,35,149625,中性盘
630,13:56:24,42.74,--,5,21370,卖盘
631,13:56:18,42.74,--,2,8548,卖盘
632,13:56:12,42.74,--,10,42740,卖盘
633,13:56:09,42.74,--,8,34192,卖盘
634,13:56:06,42.74,--,1,4274,卖盘
635,13:55:57,42.74,--,4,17096,卖盘
636,13:55:48,42.74,-0.05,1,4274,卖盘
637,13:55:45,42.79,0.02,5,21395,卖盘
638,13:55:39,42.77,-0.03,20,85540,卖盘
639,13:55:36,42.8,0.06,20,85600,买盘
640,13:55:33,42.74,-0.05,1,4274,卖盘
641,13:55:27,42.79,0.05,1,4279,买盘
642,13:55:24,42.74,-0.03,7,29918,卖盘
643,13:55:21,42.77,--,1,4277,卖盘
644,13:55:18,42.77,-0.03,1,4277,卖盘
645,13:55:15,42.8,0.03,1,4280,买盘
646,13:55:12,42.77,-0.03,1,4277,卖盘
647,13:55:09,42.8,--,1,4280,买盘
648,13:55:03,42.8,--,5,21400,买盘
649,13:55:00,42.8,--,5,21400,卖盘
650,13:54:57,42.8,--,1,4280,卖盘
651,13:54:51,42.8,--,1,4280,卖盘
652,13:54:48,42.8,--,1,4280,卖盘
653,13:54:45,42.8,0.03,12,51360,买盘
654,13:54:39,42.77,--,1,4277,卖盘
655,13:54:33,42.77,-0.03,2,8554,卖盘
656,13:54:27,42.8,-0.02,21,89880,卖盘
657,13:54:24,42.82,0.02,1,4282,买盘
658,13:54:21,42.8,-0.02,4,17120,卖盘
659,13:54:18,42.82,--,2,8564,买盘
660,13:54:15,42.82,0.02,3,12846,卖盘
661,13:54:09,42.8,--,4,17120,卖盘
662,13:54:06,42.8,-0.04,3,12840,卖盘
663,13:54:03,42.84,-0.01,3,12852,卖盘
664,13:53:57,42.85,0.01,30,128550,买盘
665,13:53:54,42.84,0.02,2,8568,买盘
666,13:53:51,42.82,--,1,4282,卖盘
667,13:53:45,42.82,-0.02,1,4282,卖盘
668,13:53:39,42.84,0.02,5,21420,买盘
669,13:53:33,42.82,-0.02,3,12846,卖盘
670,13:53:30,42.84,--,5,21420,买盘
671,13:53:27,42.84,0.03,3,12852,买盘
672,13:53:21,42.81,-0.02,1,4281,卖盘
673,13:53:18,42.83,0.01,1,4283,中性盘
674,13:53:09,42.82,0.02,1,4282,买盘
675,13:52:54,42.8,0.06,93,398040,买盘
676,13:52:51,42.74,--,1,4274,卖盘
677,13:52:45,42.74,--,2,9317,买盘
678,13:52:42,42.74,--,2,8548,买盘
679,13:52:36,42.74,--,8,34192,买盘
680,13:52:33,42.74,-0.03,8,34192,卖盘
681,13:52:27,42.77,0.01,1,4277,买盘
682,13:52:21,42.76,--,1,4276,卖盘
683,13:52:12,42.76,-0.01,2,8552,中性盘
684,13:52:06,42.77,0.02,10,42770,买盘
685,13:51:54,42.75,--,20,85500,卖盘
686,13:51:51,42.75,--,3,12825,卖盘
687,13:51:48,42.75,0.05,13,55575,买盘
688,13:51:42,42.7,--,3,12810,卖盘
689,13:51:24,42.7,--,28,119560,卖盘
690,13:51:21,42.7,--,11,46970,卖盘
691,13:51:18,42.7,-0.05,71,303170,卖盘
692,13:51:12,42.75,0.05,3,12825,中性盘
693,13:51:00,42.7,-0.06,8,34160,卖盘
694,13:50:54,42.76,0.06,8,34208,买盘
695,13:50:48,42.7,--,1,4270,卖盘
696,13:50:45,42.7,0.08,1,4270,中性盘
697,13:50:21,42.62,-0.02,10,42620,卖盘
698,13:50:18,42.64,--,1,4264,卖盘
699,13:50:12,42.64,--,2,8528,卖盘
700,13:49:57,42.64,-0.12,12,51168,卖盘
701,13:49:54,42.76,--,4,17104,卖盘
702,13:49:48,42.76,--,1,4276,卖盘
703,13:49:42,42.76,0.11,6,25656,买盘
704,13:49:24,42.65,0.04,10,42650,买盘
705,13:49:21,42.61,-0.03,1,4261,卖盘
706,13:49:18,42.64,-0.01,2,8528,买盘
707,13:49:09,42.65,0.04,1,4265,买盘
708,13:49:06,42.61,0.16,2,8522,买盘
709,13:49:00,42.45,-0.15,5,21225,卖盘
710,13:48:54,42.6,--,1,4260,中性盘
711,13:48:48,42.6,--,2,8520,卖盘
712,13:48:30,42.6,--,0,2385,买盘
713,13:48:21,42.6,0.15,13,55380,买盘
714,13:48:18,42.45,--,1,4245,卖盘
715,13:48:15,42.45,0.05,3,12735,中性盘
716,13:47:51,42.4,--,1,4240,卖盘
717,13:47:48,42.4,--,1,4240,卖盘
718,13:47:45,42.4,0.01,74,313760,买盘
719,13:47:39,42.39,-0.01,3,12717,卖盘
720,13:47:33,42.4,--,5,21200,买盘
721,13:47:27,42.4,--,1,4240,买盘
722,13:47:24,42.4,--,1,4240,卖盘
723,13:47:18,42.4,0.01,1,4240,卖盘
724,13:46:57,42.39,--,10,42390,卖盘
725,13:46:48,42.39,0.04,26,110214,买盘
726,13:46:45,42.35,--,14,59290,卖盘
727,13:46:39,42.35,--,2,8470,中性盘
728,13:46:24,42.35,--,9,38115,买盘
729,13:46:21,42.35,0.02,1,4235,买盘
730,13:46:18,42.33,-0.02,1,4233,卖盘
731,13:46:09,42.35,-0.04,32,135520,卖盘
732,13:46:06,42.39,0.04,3,12717,买盘
733,13:46:00,42.35,-0.04,3,12705,卖盘
734,13:45:57,42.39,--,6,25434,买盘
735,13:45:51,42.39,0.04,4,16956,买盘
736,13:45:48,42.35,--,1,4235,卖盘
737,13:45:42,42.35,-0.04,2,8470,卖盘
738,13:45:36,42.39,--,2,8478,买盘
739,13:45:30,42.39,--,1,4239,买盘
740,13:45:27,42.39,--,22,93258,买盘
741,13:45:24,42.39,0.04,5,21195,买盘
742,13:45:21,42.35,-0.04,1,4235,卖盘
743,13:45:12,42.39,-0.1,37,156843,卖盘
744,13:45:00,42.49,--,4,16996,买盘
745,13:44:51,42.49,-0.03,10,42490,卖盘
746,13:44:48,42.52,0.13,1,4252,中性盘
747,13:44:18,42.39,-0.1,1,4239,卖盘
748,13:44:15,42.49,-0.11,3,12747,中性盘
749,13:44:00,42.6,--,5,21300,买盘
750,13:43:57,42.6,0.08,1,4260,买盘
751,13:43:48,42.52,-0.08,1,4252,卖盘
752,13:43:33,42.6,0.08,24,102240,买盘
753,13:43:27,42.52,0.08,8,34016,买盘
754,13:43:21,42.44,0.01,1,4244,卖盘
755,13:43:15,42.43,0.08,21,89103,买盘
756,13:43:09,42.35,-0.04,33,139755,卖盘
757,13:43:06,42.39,-0.01,3,12717,买盘
758,13:43:03,42.4,-0.12,56,237440,卖盘
759,13:42:51,42.52,0.1,11,46772,买盘
760,13:42:48,42.42,-0.1,1,4242,中性盘
761,13:42:36,42.52,0.11,5,21260,买盘
762,13:42:18,42.41,0.01,1,4241,中性盘
763,13:41:51,42.4,-0.13,1,4240,卖盘
764,13:41:45,42.53,0.03,22,93566,买盘
765,13:41:42,42.5,-0.03,45,191250,卖盘
766,13:41:39,42.53,--,2,8506,买盘
767,13:41:21,42.53,0.01,17,72301,买盘
768,13:41:18,42.52,--,1,4252,卖盘
769,13:41:15,42.52,-0.01,3,12756,卖盘
770,13:41:06,42.53,-0.04,9,38277,卖盘
771,13:40:51,42.57,--,2,8514,中性盘
772,13:40:48,42.57,-0.03,1,4257,中性盘
773,13:40:39,42.6,--,7,29820,买盘
774,13:40:21,42.6,--,5,21300,卖盘
775,13:40:18,42.6,0.06,3,12780,卖盘
776,13:40:03,42.54,-0.06,5,21270,卖盘
777,13:40:00,42.6,--,1,4260,买盘
778,13:39:51,42.6,--,2,8520,买盘
779,13:39:45,42.6,0.07,6,25560,中性盘
780,13:39:18,42.53,-0.07,1,4253,卖盘
781,13:39:12,42.6,--,1,4260,买盘
782,13:39:06,42.6,--,4,17040,买盘
783,13:39:03,42.6,--,6,25560,买盘
784,13:38:54,42.6,-0.05,5,21300,买盘
785,13:38:51,42.65,0.05,12,51180,买盘
786,13:38:48,42.6,--,1,4260,卖盘
787,13:38:45,42.6,-0.05,3,12780,卖盘
788,13:38:36,42.65,0.05,7,29855,买盘
789,13:38:33,42.6,--,13,55380,买盘
790,13:38:30,42.6,--,1,4260,中性盘
791,13:38:24,42.6,-0.05,5,21300,卖盘
792,13:38:21,42.65,0.05,1,4265,买盘
793,13:38:18,42.6,-0.05,1,4260,卖盘
794,13:38:09,42.65,-0.19,11,46915,卖盘
795,13:37:54,42.84,-0.01,14,59976,买盘
796,13:37:51,42.85,0.2,9,38565,买盘
797,13:37:48,42.65,0.15,1,4265,中性盘
798,13:37:39,42.5,-0.3,200,850000,卖盘
799,13:37:36,42.8,0.17,8,34240,买盘
800,13:37:27,42.63,0.03,1,7929,买盘
801,13:37:24,42.6,-0.03,1,4260,卖盘
802,13:37:21,42.63,0.13,1,4263,买盘
803,13:37:18,42.5,--,2,8500,中性盘
804,13:37:06,42.5,--,3,12750,买盘
805,13:37:00,42.5,0.03,30,127500,买盘
806,13:36:48,42.47,0.14,14,59458,买盘
807,13:36:33,42.33,0.09,3,12699,买盘
808,13:36:30,42.24,0.04,2,8448,买盘
809,13:36:21,42.2,0.01,30,130102,买盘
810,13:36:18,42.19,-0.01,16,67504,卖盘
811,13:36:15,42.2,--,22,92840,买盘
812,13:36:12,42.2,--,29,122380,买盘
813,13:36:09,42.2,--,5,21100,买盘
814,13:36:06,42.2,--,29,122380,买盘
815,13:36:03,42.2,--,28,118160,买盘
816,13:36:00,42.2,--,21,88620,买盘
817,13:35:57,42.2,--,18,75960,买盘
818,13:35:54,42.2,0.01,64,270080,买盘
819,13:35:51,42.19,-0.01,2,8438,卖盘
820,13:35:48,42.2,--,9,37980,买盘
821,13:35:45,42.2,--,31,130820,买盘
822,13:35:42,42.2,--,10,42200,买盘
823,13:35:39,42.2,--,9,37980,买盘
824,13:35:36,42.2,--,25,105500,买盘
825,13:35:33,42.2,--,68,286960,买盘
826,13:35:30,42.2,--,37,156140,买盘
827,13:35:27,42.2,--,30,126600,买盘
828,13:35:24,42.2,--,62,261640,买盘
829,13:35:21,42.2,0.01,26,109720,买盘
830,13:35:18,42.19,-0.01,3,12657,卖盘
831,13:35:12,42.2,--,42,177240,买盘
832,13:35:06,42.2,--,1,4220,买盘
833,13:35:03,42.2,--,1,4220,买盘
834,13:35:00,42.2,--,30,126600,买盘
835,13:34:54,42.2,0.01,4,16880,买盘
836,13:34:48,42.19,0.03,1,4219,中性盘
837,13:34:45,42.16,0.01,10,42160,中性盘
838,13:34:27,42.15,-0.01,14,59010,卖盘
839,13:34:24,42.16,--,1,4216,买盘
840,13:34:21,42.16,0.01,33,139128,买盘
841,13:34:18,42.15,0.01,11,46365,卖盘
842,13:34:12,42.14,-0.02,4,16856,卖盘
843,13:34:03,42.16,0.02,11,46375,买盘
844,13:34:00,42.14,-0.02,10,42140,卖盘
845,13:33:57,42.16,0.01,6,27952,买盘
846,13:33:51,42.15,0.02,3,12645,买盘
847,13:33:48,42.13,-0.02,2,8426,卖盘
848,13:33:39,42.15,-0.01,22,92730,卖盘
849,13:33:36,42.16,0.01,5,21080,买盘
850,13:33:33,42.15,--,1,4215,卖盘
851,13:33:30,42.15,-0.01,16,67440,卖盘
852,13:33:24,42.16,--,1,4216,买盘
853,13:33:21,42.16,--,7,29511,买盘
854,13:33:15,42.16,--,10,42160,买盘
855,13:33:12,42.16,--,6,25295,买盘
856,13:33:09,42.16,--,1,4216,买盘
857,13:33:06,42.16,-0.04,5,21080,卖盘
858,13:33:00,42.2,0.04,3,12660,买盘
859,13:32:51,42.16,--,3,12647,卖盘
860,13:32:48,42.16,0.01,2,8432,买盘
861,13:32:42,42.15,0.02,4,16860,卖盘
862,13:32:39,42.13,--,0,2106,买盘
863,13:32:36,42.13,-0.05,7,29491,买盘
864,13:32:21,42.18,0.07,11,46398,中性盘
865,13:32:18,42.11,--,2,8422,卖盘
866,13:32:15,42.11,-0.05,100,421100,卖盘
867,13:32:06,42.16,--,1,4216,买盘
868,13:32:03,42.16,0.05,4,16864,买盘
869,13:31:57,42.11,-0.04,60,252660,卖盘
870,13:31:48,42.15,-0.01,2,8430,卖盘
871,13:31:45,42.16,--,12,50591,买盘
872,13:31:39,42.16,-0.04,38,160208,卖盘
873,13:31:33,42.2,0.02,4,16880,买盘
874,13:31:30,42.18,--,4,16872,卖盘
875,13:31:27,42.18,-0.02,2,8436,卖盘
876,13:31:21,42.2,0.01,7,29540,买盘
877,13:31:18,42.19,-0.03,52,219388,卖盘
878,13:31:12,42.22,--,87,367314,买盘
879,13:31:09,42.22,0.01,164,692408,买盘
880,13:31:06,42.21,-0.01,8,33768,卖盘
881,13:31:00,42.22,--,10,42220,卖盘
882,13:30:48,42.22,-0.01,1,4222,卖盘
883,13:30:42,42.23,-0.01,1,4223,中性盘
884,13:30:39,42.24,0.01,1,4224,买盘
885,13:30:36,42.23,--,2,8446,买盘
886,13:30:30,42.23,--,8,33784,卖盘
887,13:30:21,42.23,-0.01,1,4223,卖盘
888,13:30:18,42.24,--,1,4224,买盘
889,13:30:12,42.24,--,10,42240,买盘
890,13:30:06,42.24,--,48,204864,卖盘
891,13:30:03,42.24,--,2,10560,卖盘
892,13:29:54,42.24,--,32,135168,卖盘
893,13:29:48,42.24,-0.01,3,12672,卖盘
894,13:29:27,42.25,0.01,14,59150,买盘
895,13:29:18,42.24,-0.05,92,388608,卖盘
896,13:29:09,42.29,--,5,21145,买盘
897,13:29:06,42.29,--,3,12687,卖盘
898,13:28:48,42.29,0.03,2,8458,中性盘
899,13:28:45,42.26,-0.03,12,50712,卖盘
900,13:28:33,42.29,-0.01,1,4229,卖盘
901,13:28:21,42.3,--,56,239925,卖盘
902,13:28:18,42.3,--,12,50760,卖盘
903,13:28:12,42.3,--,8,33840,卖盘
904,13:28:09,42.3,--,3,12690,卖盘
905,13:28:00,42.3,--,8,33840,卖盘
906,13:27:48,42.3,--,1,4230,卖盘
907,13:27:45,42.3,-0.01,50,211500,卖盘
908,13:27:39,42.31,-0.02,57,243832,卖盘
909,13:27:36,42.33,--,1,4233,卖盘
910,13:27:18,42.33,--,1,4233,卖盘
911,13:27:12,42.33,-0.05,7,29631,卖盘
912,13:27:06,42.38,0.06,2,8476,买盘
913,13:26:57,42.32,-0.05,28,119511,卖盘
914,13:26:51,42.37,0.05,2,8474,买盘
915,13:26:48,42.32,-0.01,1,4232,卖盘
916,13:26:45,42.33,--,3,12699,买盘
917,13:26:36,42.33,--,2,8466,买盘
918,13:26:33,42.33,--,4,16932,买盘
919,13:26:30,42.33,-0.03,39,168304,卖盘
920,13:26:18,42.36,-0.01,2,8472,卖盘
921,13:26:12,42.37,-0.03,2,8474,卖盘
922,13:26:06,42.4,-0.07,2,8480,卖盘
923,13:26:03,42.47,0.07,1,4247,买盘
924,13:26:00,42.4,--,2,8480,卖盘
925,13:25:57,42.4,--,4,16960,卖盘
926,13:25:51,42.4,--,1,4240,卖盘
927,13:25:45,42.4,--,8,33920,卖盘
928,13:25:33,42.4,--,2,8480,卖盘
929,13:25:30,42.4,0.03,6,25440,买盘
930,13:25:27,42.37,--,9,38133,买盘
931,13:25:24,42.37,--,8,33896,卖盘
932,13:25:18,42.37,--,1,4237,卖盘
933,13:25:00,42.37,0.02,9,38133,买盘
934,13:24:48,42.35,--,1,4235,卖盘
935,13:24:42,42.35,--,3,12705,卖盘
936,13:24:21,42.35,--,10,42350,卖盘
937,13:24:18,42.35,--,4,16940,卖盘
938,13:24:15,42.35,--,5,21175,卖盘
939,13:23:48,42.35,--,1,4235,卖盘
940,13:23:42,42.35,--,9,38115,卖盘
941,13:23:24,42.35,--,19,81481,卖盘
942,13:23:18,42.35,-0.02,4,16940,卖盘
943,13:23:09,42.37,0.02,1,4237,买盘
944,13:22:48,42.35,-0.02,1,4235,卖盘
945,13:22:45,42.37,0.02,3,12711,买盘
946,13:22:39,42.35,-0.02,50,211750,卖盘
947,13:22:36,42.37,--,2,8474,买盘
948,13:22:33,42.37,0.01,4,16948,买盘
949,13:22:18,42.36,-0.01,1,4236,卖盘
950,13:22:12,42.37,-0.03,8,33896,卖盘
951,13:21:54,42.4,--,1,4240,卖盘
952,13:21:48,42.4,-0.09,1,4240,卖盘
953,13:21:45,42.49,--,9,38241,卖盘
954,13:21:36,42.49,0.01,14,59486,买盘
955,13:21:27,42.48,--,1,4248,卖盘
956,13:21:24,42.48,--,1,4248,卖盘
957,13:21:18,42.48,--,1,4248,卖盘
958,13:21:06,42.48,--,1,4248,卖盘
959,13:21:03,42.48,-0.01,1,4248,卖盘
960,13:21:00,42.49,0.01,5,21245,买盘
961,13:20:48,42.48,-0.01,1,4248,卖盘
962,13:20:42,42.49,0.01,1,4249,买盘
963,13:20:36,42.48,0.12,1,4248,买盘
964,13:20:18,42.36,-0.13,1,4236,卖盘
965,13:20:09,42.49,--,2,8498,买盘
966,13:19:57,42.49,0.13,1,4249,买盘
967,13:19:48,42.36,--,1,4236,卖盘
968,13:19:45,42.36,-0.12,1,4236,卖盘
969,13:19:27,42.48,0.12,2,8496,买盘
970,13:19:18,42.36,0.01,1,4236,中性盘
971,13:18:48,42.35,--,1,4235,中性盘
972,13:18:24,42.35,-0.13,3,12705,卖盘
973,13:18:21,42.48,0.13,2,8496,买盘
974,13:18:18,42.35,-0.01,1,4235,卖盘
975,13:18:12,42.36,0.01,1,4236,卖盘
976,13:18:09,42.35,--,1,4235,卖盘
977,13:17:48,42.35,0.02,1,4235,中性盘
978,13:17:21,42.33,-0.03,2,8466,卖盘
979,13:17:18,42.36,-0.13,10,42360,卖盘
980,13:17:12,42.49,--,7,29743,买盘
981,13:16:54,42.49,0.13,1,4249,买盘
982,13:16:48,42.36,-0.13,1,4236,中性盘
983,13:16:36,42.49,0.18,3,12747,买盘
984,13:16:27,42.31,--,1,4231,卖盘
985,13:16:18,42.31,-0.09,3,12693,中性盘
986,13:15:48,42.4,0.1,1,4240,中性盘
987,13:15:30,42.3,-0.2,283,1197090,卖盘
988,13:15:27,42.5,--,2,8500,买盘
989,13:15:24,42.5,-0.01,30,129072,卖盘
990,13:15:18,42.51,-0.02,2,8502,卖盘
991,13:15:12,42.53,--,3,12759,买盘
992,13:14:51,42.53,--,1,4253,卖盘
993,13:14:48,42.53,0.02,3,12759,中性盘
994,13:14:33,42.51,--,5,23933,买盘
995,13:14:30,42.51,0.01,3,12753,买盘
996,13:14:18,42.5,--,55,233750,卖盘
997,13:14:09,42.5,0.09,26,110500,买盘
998,13:14:06,42.41,-0.09,3,12722,卖盘
999,13:14:00,42.5,0.1,9,38250,买盘
1000,13:13:48,42.4,--,1,4240,卖盘
1001,13:13:42,42.4,--,5,23659,卖盘
1002,13:13:21,42.4,--,1,4240,卖盘
1003,13:13:12,42.4,--,21,93068,买盘
1004,13:13:09,42.4,0.02,4,16960,买盘
1005,13:13:06,42.38,-0.02,1,4238,卖盘
1006,13:13:03,42.4,0.02,5,21200,买盘
1007,13:12:51,42.38,--,1,4238,卖盘
1008,13:12:48,42.38,-0.02,1,4238,卖盘
1009,13:12:45,42.4,0.02,6,25440,买盘
1010,13:12:42,42.38,0.01,23,101076,买盘
1011,13:12:39,42.37,-0.01,2,8474,卖盘
1012,13:12:30,42.38,--,2,8476,卖盘
1013,13:12:18,42.38,0.01,1,4238,中性盘
1014,13:12:12,42.37,-0.01,9,40251,卖盘
1015,13:12:09,42.38,0.01,5,21190,买盘
1016,13:12:00,42.37,-0.01,1,4237,卖盘
1017,13:11:57,42.38,--,2,8476,买盘
1018,13:11:51,42.38,0.01,14,59332,买盘
1019,13:11:48,42.37,-0.01,1,4237,卖盘
1020,13:11:45,42.38,0.03,1,4238,买盘
1021,13:11:42,42.35,-0.02,7,32821,卖盘
1022,13:11:36,42.37,0.02,4,16948,买盘
1023,13:11:33,42.35,--,11,46585,卖盘
1024,13:11:30,42.35,--,4,18591,买盘
1025,13:11:27,42.35,-0.03,5,23758,卖盘
1026,13:11:24,42.38,0.03,9,38142,买盘
1027,13:11:18,42.35,-0.03,1,4235,卖盘
1028,13:11:15,42.38,0.01,1,4238,买盘
1029,13:11:12,42.37,-0.01,2,11439,卖盘
1030,13:11:06,42.38,0.01,4,16952,买盘
1031,13:11:00,42.37,--,2,8474,卖盘
1032,13:10:48,42.37,-0.03,1,4237,卖盘
1033,13:10:45,42.4,0.05,10,42400,买盘
1034,13:10:42,42.35,-0.05,2,11815,卖盘
1035,13:10:39,42.4,--,2,8480,买盘
1036,13:10:33,42.4,0.02,1,4240,买盘
1037,13:10:27,42.38,-0.02,30,127140,卖盘
1038,13:10:24,42.4,--,1,4240,买盘
1039,13:10:21,42.4,0.02,10,42400,买盘
1040,13:10:18,42.38,0.03,1,4238,卖盘
1041,13:10:12,42.35,-0.03,14,63101,卖盘
1042,13:10:09,42.38,--,10,42380,买盘
1043,13:10:03,42.38,-0.02,2,8476,中性盘
1044,13:09:54,42.4,0.08,4,16960,买盘
1045,13:09:48,42.32,-0.03,1,4232,卖盘
1046,13:09:42,42.35,-0.05,10,42350,卖盘
1047,13:09:36,42.4,0.08,2,8480,买盘
1048,13:09:18,42.32,--,2,8464,卖盘
1049,13:09:12,42.32,0.01,16,68558,中性盘
1050,13:08:57,42.31,-0.01,15,67272,卖盘
1051,13:08:54,42.32,0.01,1,4232,买盘
1052,13:08:48,42.31,-0.01,2,8462,卖盘
1053,13:08:42,42.32,-0.08,12,54169,卖盘
1054,13:08:39,42.4,0.07,1,4240,买盘
1055,13:08:30,42.33,-0.07,1,4233,中性盘
1056,13:08:21,42.4,0.08,6,25440,买盘
1057,13:08:12,42.32,--,34,144734,卖盘
1058,13:08:06,42.32,-0.08,20,84640,卖盘
1059,13:07:57,42.4,0.09,1,4240,买盘
1060,13:07:48,42.31,--,1,4231,卖盘
1061,13:07:42,42.31,0.01,1,8038,中性盘
1062,13:07:18,42.3,-0.03,16,71021,卖盘
1063,13:07:15,42.33,-0.05,7,29631,卖盘
1064,13:07:12,42.38,--,48,203424,卖盘
1065,13:07:03,42.38,--,5,21190,买盘
1066,13:07:00,42.38,--,2,8476,买盘
1067,13:06:57,42.38,0.05,2,8476,买盘
1068,13:06:54,42.33,--,4,16932,卖盘
1069,13:06:48,42.33,--,1,4233,卖盘
1070,13:06:42,42.33,-0.06,4,19471,卖盘
1071,13:06:39,42.39,-0.01,3,12717,卖盘
1072,13:06:36,42.4,--,3,12720,买盘
1073,13:06:33,42.4,--,1,4240,买盘
1074,13:06:27,42.4,--,12,51092,卖盘
1075,13:06:24,42.4,--,105,449228,卖盘
1076,13:06:18,42.4,-0.01,1,4240,卖盘
1077,13:06:15,42.41,--,2,8482,卖盘
1078,13:06:12,42.41,--,21,89061,卖盘
1079,13:06:06,42.41,--,3,12722,卖盘
1080,13:06:03,42.41,-0.05,3,12722,卖盘
1081,13:05:51,42.46,--,1,5137,卖盘
1082,13:05:48,42.46,0.02,8,33968,中性盘
1083,13:05:45,42.44,--,2,8488,卖盘
1084,13:05:42,42.44,--,37,160805,卖盘
1085,13:05:39,42.44,--,2,8488,卖盘
1086,13:05:27,42.44,-0.01,3,12732,卖盘
1087,13:05:21,42.45,0.01,5,21225,买盘
1088,13:05:18,42.44,--,1,4244,卖盘
1089,13:05:12,42.44,-0.01,3,15278,卖盘
1090,13:05:09,42.45,0.01,4,16980,中性盘
1091,13:05:00,42.44,--,5,21220,卖盘
1092,13:04:48,42.44,-0.01,1,4244,卖盘
1093,13:04:42,42.45,-0.01,2,11461,卖盘
1094,13:04:39,42.46,-0.04,3,12738,卖盘
1095,13:04:33,42.5,--,9,38250,买盘
1096,13:04:30,42.5,--,1,4250,买盘
1097,13:04:21,42.5,0.05,10,42500,买盘
1098,13:04:18,42.45,-0.01,1,4245,卖盘
1099,13:04:12,42.46,--,7,30571,卖盘
1100,13:04:06,42.46,-0.04,2,8492,卖盘
1101,13:04:00,42.5,0.04,2,8500,买盘
1102,13:03:48,42.46,0.02,1,4246,中性盘
1103,13:03:42,42.44,--,2,11458,卖盘
1104,13:03:39,42.44,--,0,2546,买盘
1105,13:03:36,42.44,--,1,4244,买盘
1106,13:03:27,42.44,--,25,108646,卖盘
1107,13:03:18,42.44,-0.06,1,4244,卖盘
1108,13:03:12,42.5,--,105,447950,买盘
1109,13:03:06,42.5,0.04,10,42500,中性盘
1110,13:02:48,42.46,--,1,4246,卖盘
1111,13:02:42,42.46,-0.05,9,38214,卖盘
1112,13:02:30,42.51,0.04,2,8502,买盘
1113,13:02:18,42.47,-0.04,19,82816,卖盘
1114,13:02:12,42.51,--,115,490990,买盘
1115,13:02:09,42.51,--,1,4251,买盘
1116,13:02:06,42.51,--,10,42510,买盘
1117,13:01:51,42.51,0.01,3,12753,买盘
1118,13:01:48,42.5,-0.01,2,8542,卖盘
1119,13:01:42,42.51,-0.05,9,38641,卖盘
1120,13:01:36,42.56,0.05,2,8512,中性盘
1121,13:01:21,42.51,--,1,4251,卖盘
1122,13:01:18,42.51,-0.09,1,4251,卖盘
1123,13:01:12,42.6,-0.02,0,3834,卖盘
1124,13:01:09,42.62,--,2,8524,买盘
1125,13:01:00,42.62,--,1,4858,卖盘
1126,13:00:48,42.62,--,1,4262,卖盘
1127,13:00:42,42.62,--,19,82086,卖盘
1128,13:00:30,42.62,0.02,17,75011,买盘
1129,13:00:27,42.6,-0.02,13,55380,卖盘
1130,13:00:15,42.62,--,4,17048,买盘
1131,13:00:06,42.62,--,85,362270,买盘
1132,13:00:03,42.62,--,72,309421,卖盘
1133,13:00:00,42.62,--,0,0,卖盘
1134,11:30:00,42.62,--,0,0,卖盘
1135,11:29:54,42.62,-0.11,1,4262,卖盘
1136,11:29:45,42.73,0.11,1,4273,买盘
1137,11:29:42,42.62,-0.11,12,53701,卖盘
1138,11:29:39,42.73,0.13,5,21365,买盘
1139,11:29:24,42.6,-0.14,1,4260,卖盘
1140,11:29:15,42.74,0.12,2,8548,买盘
1141,11:29:12,42.62,-0.12,1,7671,中性盘
1142,11:29:00,42.74,0.25,1,4274,买盘
1143,11:28:54,42.49,--,1,4249,卖盘
1144,11:28:45,42.49,0.01,1,4249,卖盘
1145,11:28:42,42.48,-0.12,13,55223,卖盘
1146,11:28:36,42.6,0.13,1,4260,买盘
1147,11:28:24,42.47,--,1,4247,卖盘
1148,11:28:12,42.47,-0.12,2,8494,卖盘
1149,11:28:06,42.59,--,4,17036,买盘
1150,11:28:00,42.59,0.11,1,4259,买盘
1151,11:27:54,42.48,-0.11,1,4248,卖盘
1152,11:27:51,42.59,0.13,2,8518,买盘
1153,11:27:36,42.46,--,22,93412,卖盘
1154,11:27:33,42.46,--,8,33968,卖盘
1155,11:27:24,42.46,--,1,4246,卖盘
1156,11:27:21,42.46,--,2,8492,卖盘
1157,11:27:18,42.46,0.06,1,4246,买盘
1158,11:26:54,42.4,--,1,4240,卖盘
1159,11:26:51,42.4,--,1,4240,卖盘
1160,11:26:45,42.4,--,8,33920,买盘
1161,11:26:36,42.4,--,8,33920,买盘
1162,11:26:33,42.4,--,4,16960,买盘
1163,11:26:30,42.4,0.01,1,4240,买盘
1164,11:26:24,42.39,-0.01,1,4239,卖盘
1165,11:26:21,42.4,0.01,4,16960,买盘
1166,11:26:18,42.39,-0.01,1,4239,卖盘
1167,11:26:15,42.4,--,2,8480,买盘
1168,11:26:09,42.4,0.02,30,127200,中性盘
1169,11:25:54,42.38,--,1,4238,卖盘
1170,11:25:36,42.38,--,5,21190,买盘
1171,11:25:30,42.38,--,2,8476,买盘
1172,11:25:27,42.38,-0.02,2,8476,买盘
1173,11:25:24,42.4,--,5,21200,卖盘
1174,11:25:15,42.4,0.12,5,21200,买盘
1175,11:25:12,42.28,-0.1,180,761040,卖盘
1176,11:25:03,42.38,-0.02,1,4238,卖盘
1177,11:25:00,42.4,0.04,4,16960,买盘
1178,11:24:54,42.36,-0.02,1,4236,卖盘
1179,11:24:51,42.38,--,4,16952,买盘
1180,11:24:48,42.38,--,2,8476,买盘
1181,11:24:33,42.38,--,10,42380,买盘
1182,11:24:30,42.38,0.03,1,4238,买盘
1183,11:24:24,42.35,0.05,1,4235,中性盘
1184,11:24:15,42.3,--,16,67680,卖盘
1185,11:24:00,42.3,-0.08,4,16920,卖盘
1186,11:23:54,42.38,--,5,21190,买盘
1187,11:23:48,42.38,0.1,1,4238,买盘
1188,11:23:39,42.28,0.02,1,4228,中性盘
1189,11:23:33,42.26,-0.14,36,152136,卖盘
1190,11:23:27,42.4,0.06,2,8480,买盘
1191,11:23:24,42.34,0.03,11,46574,卖盘
1192,11:23:21,42.31,0.04,1,4231,买盘
1193,11:23:18,42.27,-0.01,8,33816,卖盘
1194,11:23:12,42.28,--,1,8244,买盘
1195,11:23:09,42.28,--,4,16912,买盘
1196,11:23:03,42.28,--,3,12684,买盘
1197,11:23:00,42.28,-0.03,7,29807,卖盘
1198,11:22:57,42.31,0.01,3,12693,买盘
1199,11:22:54,42.3,-0.01,3,12690,卖盘
1200,11:22:51,42.31,0.01,2,8462,中性盘
1201,11:22:33,42.3,--,2,8460,卖盘
1202,11:22:27,42.3,--,11,50548,买盘
1203,11:22:24,42.3,0.04,11,46530,买盘
1204,11:22:21,42.26,-0.04,8,33808,中性盘
1205,11:22:03,42.3,--,2,8460,买盘
1206,11:21:57,42.3,0.05,5,21150,买盘
1207,11:21:54,42.25,--,37,156325,买盘
1208,11:21:48,42.25,-0.05,21,88725,卖盘
1209,11:21:45,42.3,--,16,67680,买盘
1210,11:21:36,42.3,--,12,50760,买盘
1211,11:21:33,42.3,--,3,12690,买盘
1212,11:21:30,42.3,-0.14,34,145427,卖盘
1213,11:21:27,42.44,0.13,10,42440,买盘
1214,11:21:24,42.31,-0.01,1,4231,卖盘
1215,11:21:09,42.32,--,2,8464,卖盘
1216,11:20:54,42.32,0.01,4,16928,买盘
1217,11:20:51,42.31,-0.01,1,4231,卖盘
1218,11:20:45,42.32,0.01,1,4232,买盘
1219,11:20:42,42.31,--,2,8462,卖盘
1220,11:20:39,42.31,-0.01,65,275015,卖盘
1221,11:20:33,42.32,-0.13,1,4232,卖盘
1222,11:20:30,42.45,0.15,3,12735,买盘
1223,11:20:24,42.3,-0.07,20,84600,卖盘
1224,11:20:21,42.37,0.07,3,12711,买盘
1225,11:20:18,42.3,-0.02,23,97290,卖盘
1226,11:20:12,42.32,--,4,16928,卖盘
1227,11:20:09,42.32,-0.13,1,4232,中性盘
1228,11:19:57,42.45,0.15,1,4245,买盘
1229,11:19:54,42.3,-0.01,11,46530,卖盘
1230,11:19:48,42.31,--,34,146477,卖盘
1231,11:19:39,42.31,-0.09,3,12693,中性盘
1232,11:19:33,42.4,--,1,4240,买盘
1233,11:19:30,42.4,0.1,20,84800,买盘
1234,11:19:24,42.3,-0.07,2,8460,卖盘
1235,11:19:18,42.37,--,3,12711,买盘
1236,11:19:15,42.37,0.07,2,8474,买盘
1237,11:19:12,42.3,-0.07,74,313020,卖盘
1238,11:19:09,42.37,--,3,12711,买盘
1239,11:19:03,42.37,-0.03,9,38133,卖盘
1240,11:18:57,42.4,0.03,8,33920,买盘
1241,11:18:54,42.37,-0.02,1,4237,中性盘
1242,11:18:48,42.39,-0.01,2,8478,卖盘
1243,11:18:39,42.4,-0.01,15,63600,卖盘
1244,11:18:30,42.41,-0.01,1,4241,卖盘
1245,11:18:27,42.42,--,2,8484,买盘
1246,11:18:24,42.42,--,1,4242,中性盘
1247,11:18:18,42.42,--,7,29694,买盘
1248,11:18:12,42.42,0.01,2,8484,买盘
1249,11:18:03,42.41,-0.01,2,8482,卖盘
1250,11:17:54,42.42,-0.01,2,8484,卖盘
1251,11:17:48,42.43,--,3,12729,买盘
1252,11:17:45,42.43,--,3,12729,买盘
1253,11:17:27,42.43,--,3,12729,卖盘
1254,11:17:24,42.43,-0.07,5,21215,卖盘
1255,11:17:15,42.5,-0.09,4,17977,卖盘
1256,11:17:09,42.59,0.09,28,119252,买盘
1257,11:17:06,42.5,--,46,195500,卖盘
1258,11:16:54,42.5,--,8,34000,卖盘
1259,11:16:51,42.5,--,9,38250,卖盘
1260,11:16:24,42.5,-0.01,1,4250,卖盘
1261,11:16:18,42.51,--,36,153036,卖盘
1262,11:16:15,42.51,-0.08,21,89271,卖盘
1263,11:16:12,42.59,0.04,1,4259,买盘
1264,11:16:03,42.55,-0.03,1,4255,中性盘
1265,11:15:57,42.58,0.08,50,212900,买盘
1266,11:15:54,42.5,-0.08,5,21250,卖盘
1267,11:15:45,42.58,0.08,8,34064,买盘
1268,11:15:42,42.5,--,3,12750,卖盘
1269,11:15:36,42.5,-0.05,5,21250,卖盘
1270,11:15:30,42.55,0.05,1,4255,买盘
1271,11:15:27,42.5,--,3,12750,卖盘
1272,11:15:24,42.5,--,2,8500,卖盘
1273,11:15:21,42.5,--,2,8500,卖盘
1274,11:15:09,42.5,--,27,118022,买盘
1275,11:15:03,42.5,--,2,8500,买盘
1276,11:15:00,42.5,0.08,10,42500,买盘
1277,11:14:54,42.42,-0.08,3,12726,卖盘
1278,11:14:48,42.5,--,1,4250,买盘
1279,11:14:39,42.5,--,1,4250,买盘
1280,11:14:36,42.5,--,19,80750,买盘
1281,11:14:33,42.5,--,4,17977,卖盘
1282,11:14:24,42.5,-0.08,1,4250,卖盘
1283,11:14:18,42.58,0.03,1,4258,买盘
1284,11:14:09,42.55,0.05,1,4255,卖盘
1285,11:14:03,42.5,--,11,46750,卖盘
1286,11:14:00,42.5,--,3,16022,卖盘
1287,11:13:54,42.5,0.08,1,4250,卖盘
1288,11:13:51,42.42,-0.08,6,25452,卖盘
1289,11:13:45,42.5,--,5,21250,买盘
1290,11:13:39,42.5,--,9,38250,买盘
1291,11:13:36,42.5,--,3,12750,买盘
1292,11:13:33,42.5,--,12,51000,买盘
1293,11:13:27,42.5,--,2,8500,买盘
1294,11:13:24,42.5,-0.09,104,442000,卖盘
1295,11:13:18,42.59,--,2,8518,买盘
1296,11:13:09,42.59,-0.01,1,4259,中性盘
1297,11:13:00,42.6,0.05,2,8520,买盘
1298,11:12:57,42.55,0.02,1,4255,买盘
1299,11:12:54,42.53,-0.02,1,4253,卖盘
1300,11:12:51,42.55,-0.05,1,4255,卖盘
1301,11:12:48,42.6,0.07,100,426000,买盘
1302,11:12:39,42.53,-0.02,2,8506,中性盘
1303,11:12:24,42.55,0.04,12,51060,买盘
1304,11:12:21,42.51,-0.04,1,4251,卖盘
1305,11:12:15,42.55,--,10,42550,买盘
1306,11:12:06,42.55,0.04,14,59569,买盘
1307,11:12:03,42.51,-0.04,14,59514,卖盘
1308,11:12:00,42.55,--,3,12765,买盘
1309,11:11:57,42.55,0.05,7,29784,买盘
1310,11:11:54,42.5,-0.05,1,4250,卖盘
1311,11:11:51,42.55,--,2,8510,买盘
1312,11:11:48,42.55,--,2,8510,买盘
1313,11:11:42,42.55,--,11,46805,买盘
1314,11:11:39,42.55,-0.01,15,63824,买盘
1315,11:11:36,42.56,-0.01,2,8512,卖盘
1316,11:11:33,42.57,0.07,4,17028,买盘
1317,11:11:27,42.5,-0.04,153,650250,卖盘
1318,11:11:24,42.54,0.04,7,29778,买盘
1319,11:11:18,42.5,0.05,49,208250,买盘
1320,11:11:15,42.45,--,2,8490,卖盘
1321,11:11:06,42.45,0.04,10,42450,买盘
1322,11:10:57,42.41,0.01,10,42410,买盘
1323,11:10:54,42.4,-0.01,40,169600,卖盘
1324,11:10:51,42.41,--,30,127229,买盘
1325,11:10:48,42.41,--,2,8482,买盘
1326,11:10:45,42.41,--,3,12722,买盘
1327,11:10:42,42.41,--,10,42410,买盘
1328,11:10:39,42.41,--,6,25445,买盘
1329,11:10:36,42.41,--,12,50891,买盘
1330,11:10:27,42.41,0.01,11,46650,买盘
1331,11:10:24,42.4,--,13,55120,买盘
1332,11:10:21,42.4,--,1,4240,买盘
1333,11:10:18,42.4,0.01,4,16960,买盘
1334,11:10:15,42.39,-0.01,2,8478,卖盘
1335,11:10:12,42.4,--,3,12720,买盘
1336,11:10:09,42.4,0.01,5,21200,买盘
1337,11:10:06,42.39,--,34,146118,买盘
1338,11:10:03,42.39,--,100,423900,买盘
1339,11:10:00,42.39,0.06,4,16956,买盘
1340,11:09:54,42.33,-0.06,6,25398,中性盘
1341,11:09:51,42.39,0.04,57,241623,买盘
1342,11:09:48,42.35,0.04,8,33880,卖盘
1343,11:09:39,42.31,-0.04,9,38079,卖盘
1344,11:09:36,42.35,--,4,16940,买盘
1345,11:09:33,42.35,0.05,5,21175,买盘
1346,11:09:27,42.3,0.05,31,131130,买盘
1347,11:09:24,42.25,0.01,6,25350,中性盘
1348,11:09:09,42.24,-0.06,1,4224,中性盘
1349,11:09:06,42.3,0.06,74,313020,买盘
1350,11:09:03,42.24,0.02,1,4224,买盘
1351,11:09:00,42.22,--,21,88662,卖盘
1352,11:08:57,42.22,-0.02,2,8444,卖盘
1353,11:08:54,42.24,--,5,21120,买盘
1354,11:08:48,42.24,--,12,50688,买盘
1355,11:08:45,42.24,-0.06,19,80256,卖盘
1356,11:08:42,42.3,--,3,12690,买盘
1357,11:08:33,42.3,--,3,12690,买盘
1358,11:08:27,42.3,0.05,4,16920,买盘
1359,11:08:24,42.25,-0.05,2,8450,卖盘
1360,11:08:21,42.3,--,10,42300,买盘
1361,11:08:18,42.3,--,5,21150,买盘
1362,11:08:15,42.3,--,2,8460,买盘
1363,11:08:12,42.3,-0.05,34,143820,卖盘
1364,11:08:09,42.35,0.05,16,67760,买盘
1365,11:08:06,42.3,--,21,88830,卖盘
1366,11:08:00,42.3,--,29,122669,买盘
1367,11:07:57,42.3,0.01,30,126899,买盘
1368,11:07:54,42.29,-0.01,1,4229,卖盘
1369,11:07:51,42.3,-0.05,142,600660,卖盘
1370,11:07:48,42.35,-0.04,2,8470,中性盘
1371,11:07:45,42.39,0.04,1,4239,买盘
1372,11:07:42,42.35,--,3,12705,卖盘
1373,11:07:39,42.35,-0.04,6,25410,卖盘
1374,11:07:36,42.39,0.04,100,423900,买盘
1375,11:07:33,42.35,--,12,50820,卖盘
1376,11:07:30,42.35,--,6,25410,卖盘
1377,11:07:24,42.35,-0.03,3,12705,卖盘
1378,11:07:21,42.38,-0.01,1,4238,中性盘
1379,11:07:18,42.39,--,1,4239,买盘
1380,11:07:15,42.39,0.01,84,356076,买盘
1381,11:07:12,42.38,-0.01,41,173758,卖盘
1382,11:07:09,42.39,--,8,33912,买盘
1383,11:07:06,42.39,--,21,89019,买盘
1384,11:07:03,42.39,--,5,21195,买盘
1385,11:07:00,42.39,--,6,25434,买盘
1386,11:06:57,42.39,-0.01,40,172951,卖盘
1387,11:06:54,42.4,-0.01,2,8480,卖盘
1388,11:06:51,42.41,--,2,8482,买盘
1389,11:06:48,42.41,0.01,23,97542,买盘
1390,11:06:42,42.4,-0.01,3,12720,卖盘
1391,11:06:39,42.41,0.01,3,12722,买盘
1392,11:06:36,42.4,-0.01,20,84800,卖盘
1393,11:06:33,42.41,--,1,4241,买盘
1394,11:06:30,42.41,--,10,42410,买盘
1395,11:06:27,42.41,0.01,4,16964,买盘
1396,11:06:24,42.4,--,2,8480,卖盘
1397,11:06:21,42.4,--,21,91160,买盘
1398,11:06:18,42.4,--,17,72080,买盘
1399,11:06:15,42.4,--,12,50880,买盘
1400,11:06:12,42.4,--,7,29680,买盘
1401,11:06:09,42.4,-0.01,50,212000,卖盘
1402,11:06:06,42.41,-0.04,1,4241,中性盘
1403,11:06:03,42.45,0.05,1,4245,买盘
1404,11:06:00,42.4,-0.01,5,21200,卖盘
1405,11:05:54,42.41,0.01,2,8482,卖盘
1406,11:05:48,42.4,-0.05,6,25440,卖盘
1407,11:05:45,42.45,--,7,29715,买盘
1408,11:05:39,42.45,--,6,25470,买盘
1409,11:05:36,42.45,0.05,11,46695,买盘
1410,11:05:30,42.4,-0.05,12,50880,卖盘
1411,11:05:27,42.45,--,11,46695,买盘
1412,11:05:24,42.45,-0.01,7,29715,卖盘
1413,11:05:18,42.46,-0.03,4,16984,卖盘
1414,11:05:12,42.49,--,8,33992,买盘
1415,11:05:06,42.49,0.03,7,29743,买盘
1416,11:05:03,42.46,--,15,63690,买盘
1417,11:05:00,42.46,--,1,4246,买盘
1418,11:04:57,42.46,-0.03,27,114642,卖盘
1419,11:04:54,42.49,--,6,25494,买盘
1420,11:04:51,42.49,--,5,21245,买盘
1421,11:04:42,42.49,-0.01,27,115105,卖盘
1422,11:04:24,42.5,--,34,144500,卖盘
1423,11:04:21,42.5,--,0,3867,买盘
1424,11:04:18,42.5,--,5,21250,买盘
1425,11:04:15,42.5,--,10,42500,买盘
1426,11:04:12,42.5,--,98,416882,卖盘
1427,11:04:09,42.5,--,3,12750,卖盘
1428,11:04:06,42.5,-0.06,0,3867,卖盘
1429,11:04:03,42.56,0.06,1,4256,买盘
1430,11:04:00,42.5,-0.05,42,178500,卖盘
1431,11:03:57,42.55,--,5,21275,卖盘
1432,11:03:54,42.55,--,3,12765,卖盘
1433,11:03:51,42.55,--,2,8510,卖盘
1434,11:03:45,42.55,0.05,19,80845,买盘
1435,11:03:39,42.5,--,2,8500,卖盘
1436,11:03:33,42.5,--,2,8500,卖盘
1437,11:03:27,42.5,--,2,8500,卖盘
1438,11:03:24,42.5,--,12,51000,卖盘
1439,11:03:21,42.5,--,5,21250,买盘
1440,11:03:18,42.5,0.04,5,21250,买盘
1441,11:03:12,42.46,-0.04,40,169840,卖盘
1442,11:03:06,42.5,0.04,6,25500,买盘
1443,11:03:03,42.46,-0.04,15,63690,卖盘
1444,11:02:57,42.5,--,3,12750,买盘
1445,11:02:54,42.5,0.05,2,8500,买盘
1446,11:02:51,42.45,--,10,42450,卖盘
1447,11:02:48,42.45,--,4,16980,卖盘
1448,11:02:42,42.45,--,2,8490,卖盘
1449,11:02:36,42.45,--,37,157065,卖盘
1450,11:02:33,42.45,0.05,5,21225,中性盘
1451,11:02:30,42.4,--,26,110240,买盘
1452,11:02:27,42.4,0.01,19,80560,卖盘
1453,11:02:24,42.39,--,3,12717,卖盘
1454,11:02:21,42.39,-0.01,19,80541,卖盘
1455,11:02:18,42.4,--,2,8480,卖盘
1456,11:02:15,42.4,--,1,4240,卖盘
1457,11:02:09,42.4,0.01,52,220480,买盘
1458,11:02:06,42.39,-0.01,9,38151,卖盘
1459,11:02:03,42.4,--,2,8480,买盘
1460,11:02:00,42.4,--,7,29680,买盘
1461,11:01:57,42.4,--,2,8480,卖盘
1462,11:01:54,42.4,0.01,1,4240,卖盘
1463,11:01:51,42.39,--,10,42390,卖盘
1464,11:01:48,42.39,--,2,8478,卖盘
1465,11:01:45,42.39,--,1,4239,卖盘
1466,11:01:42,42.39,--,20,84780,卖盘
1467,11:01:39,42.39,-0.11,15,66552,卖盘
1468,11:01:36,42.5,0.11,10,42500,买盘
1469,11:01:33,42.39,-0.11,26,110214,卖盘
1470,11:01:27,42.5,0.05,19,80750,买盘
1471,11:01:24,42.45,--,2,8490,卖盘
1472,11:01:21,42.45,0.05,1,4245,卖盘
1473,11:01:18,42.4,-0.1,8,33920,卖盘
1474,11:01:09,42.5,-0.02,83,352750,卖盘
1475,11:01:06,42.52,--,5,21260,买盘
1476,11:01:00,42.52,--,73,310396,卖盘
1477,11:00:57,42.52,--,29,123308,卖盘
1478,11:00:54,42.52,-0.01,5,21260,卖盘
1479,11:00:51,42.53,-0.02,6,25518,买盘
1480,11:00:48,42.55,-0.01,3,12765,卖盘
1481,11:00:45,42.56,--,1,4256,买盘
1482,11:00:42,42.56,-0.01,6,25536,卖盘
1483,11:00:39,42.57,0.01,1,4257,买盘
1484,11:00:36,42.56,-0.02,3,12768,卖盘
1485,11:00:33,42.58,--,6,26527,卖盘
1486,11:00:30,42.58,--,4,17032,卖盘
1487,11:00:27,42.58,--,3,12774,卖盘
1488,11:00:24,42.58,-0.02,21,89418,卖盘
1489,11:00:21,42.6,0.02,5,21300,买盘
1490,11:00:18,42.58,--,2,8516,卖盘
1491,11:00:15,42.58,--,18,76644,卖盘
1492,11:00:12,42.58,-0.06,9,38322,卖盘
1493,11:00:09,42.64,--,1,4264,买盘
1494,11:00:06,42.64,-0.02,1,4264,中性盘
1495,11:00:03,42.66,-0.02,35,152594,中性盘
1496,11:00:00,42.68,0.03,11,46948,买盘
1497,10:59:57,42.65,--,1,4265,卖盘
1498,10:59:54,42.65,-0.01,8,34120,卖盘
1499,10:59:51,42.66,--,5,21330,买盘
1500,10:59:48,42.66,--,5,21330,卖盘
1501,10:59:45,42.66,-0.02,2,8532,卖盘
1502,10:59:36,42.68,--,2,8536,卖盘
1503,10:59:33,42.68,-0.02,3,12804,卖盘
1504,10:59:30,42.7,--,6,25620,买盘
1505,10:59:27,42.7,--,48,204960,卖盘
1506,10:59:24,42.7,-0.04,1,4270,卖盘
1507,10:59:21,42.74,0.04,10,42740,买盘
1508,10:59:18,42.7,-0.04,37,157990,卖盘
1509,10:59:12,42.74,--,15,64110,买盘
1510,10:59:09,42.74,-0.01,23,98302,卖盘
1511,10:59:06,42.75,--,7,29925,卖盘
1512,10:59:03,42.75,--,3,12825,卖盘
1513,10:59:00,42.75,-0.01,6,25650,卖盘
1514,10:58:57,42.76,0.01,20,85520,买盘
1515,10:58:54,42.75,-0.01,2,8550,卖盘
1516,10:58:51,42.76,-0.04,10,42760,卖盘
1517,10:58:48,42.8,0.03,1,4280,买盘
1518,10:58:45,42.77,--,1,4277,卖盘
1519,10:58:42,42.77,--,7,29939,卖盘
1520,10:58:39,42.77,-0.01,26,111202,卖盘
1521,10:58:24,42.78,--,1,4278,卖盘
1522,10:58:21,42.78,0.01,10,42780,买盘
1523,10:58:09,42.77,-0.03,3,12831,卖盘
1524,10:58:06,42.8,--,100,428000,买盘
1525,10:58:03,42.8,0.03,10,42800,买盘
1526,10:57:54,42.77,-0.03,1,4277,卖盘
1527,10:57:51,42.8,-0.08,92,393760,卖盘
1528,10:57:48,42.88,0.03,15,64320,买盘
1529,10:57:30,42.85,--,29,124265,买盘
1530,10:57:24,42.85,0.09,2,8570,买盘
1531,10:57:21,42.76,--,38,162488,卖盘
1532,10:57:15,42.76,-0.08,300,1282800,卖盘
1533,10:57:12,42.84,0.03,10,42840,买盘
1534,10:56:57,42.81,0.01,21,89901,买盘
1535,10:56:54,42.8,0.04,3,12840,买盘
1536,10:56:51,42.76,-0.04,24,102624,卖盘
1537,10:56:45,42.8,--,5,21400,买盘
1538,10:56:42,42.8,0.04,1,4280,买盘
1539,10:56:36,42.76,--,3,12828,卖盘
1540,10:56:24,42.76,0.02,1,4276,中性盘
1541,10:56:18,42.74,-0.02,10,42740,卖盘
1542,10:56:15,42.76,--,5,21380,买盘
1543,10:56:09,42.76,--,33,141108,买盘
1544,10:56:06,42.76,--,2,8552,买盘
1545,10:56:03,42.76,--,39,166764,买盘
1546,10:56:00,42.76,--,2,8552,买盘
1547,10:55:57,42.76,--,20,85520,买盘
1548,10:55:54,42.76,--,19,81244,买盘
1549,10:55:51,42.76,-0.04,22,94072,中性盘
1550,10:55:45,42.8,--,1,4280,买盘
1551,10:55:42,42.8,--,1,4280,买盘
1552,10:55:39,42.8,--,2,8560,买盘
1553,10:55:36,42.8,--,7,29959,买盘
1554,10:55:33,42.8,--,1,4280,买盘
1555,10:55:30,42.8,--,1,4280,买盘
1556,10:55:24,42.8,0.08,19,81320,买盘
1557,10:55:21,42.72,-0.01,6,25632,卖盘
1558,10:55:18,42.73,0.03,12,51275,中性盘
1559,10:55:15,42.7,-0.01,13,55510,卖盘
1560,10:55:12,42.71,--,18,76878,卖盘
1561,10:55:09,42.71,--,3,12813,卖盘
1562,10:55:06,42.71,0.01,5,21355,中性盘
1563,10:55:03,42.7,--,15,64050,卖盘
1564,10:54:57,42.7,-0.01,1,4270,卖盘
1565,10:54:54,42.71,-0.01,5,21355,买盘
1566,10:54:51,42.72,0.01,5,21360,卖盘
1567,10:54:48,42.71,0.01,2,8542,买盘
1568,10:54:45,42.7,-0.01,12,51240,卖盘
1569,10:54:42,42.71,0.01,17,72607,中性盘
1570,10:54:30,42.7,-0.11,11,46970,卖盘
1571,10:54:27,42.81,0.11,12,51372,买盘
1572,10:54:24,42.7,--,1,4270,卖盘
1573,10:54:21,42.7,-0.11,1,4270,卖盘
1574,10:54:12,42.81,--,6,25686,买盘
1575,10:54:09,42.81,0.11,11,47091,买盘
1576,10:54:06,42.7,-0.1,20,85400,卖盘
1577,10:53:54,42.8,-0.08,21,89880,卖盘
1578,10:53:45,42.88,0.03,5,21440,买盘
1579,10:53:42,42.85,-0.03,2,8570,卖盘
1580,10:53:39,42.88,--,1,4288,买盘
1581,10:53:36,42.88,0.03,2,8576,买盘
1582,10:53:33,42.85,-0.03,17,72845,卖盘
1583,10:53:30,42.88,--,1,4288,卖盘
1584,10:53:27,42.88,--,6,25728,卖盘
1585,10:53:24,42.88,-0.01,1,4288,卖盘
1586,10:53:18,42.89,-0.01,9,38601,卖盘
1587,10:53:15,42.9,--,2,8580,买盘
1588,10:53:09,42.9,-0.03,401,1720290,卖盘
1589,10:53:06,42.93,0.01,1,4293,卖盘
1590,10:53:03,42.92,-0.03,8,34336,卖盘
1591,10:53:00,42.95,0.03,3,12885,买盘
1592,10:52:54,42.92,-0.03,1,4292,卖盘
1593,10:52:45,42.95,0.03,8,34360,中性盘
1594,10:52:42,42.92,-0.03,7,30044,卖盘
1595,10:52:39,42.95,--,1,4295,卖盘
1596,10:52:33,42.95,-0.05,20,85900,卖盘
1597,10:52:30,43.0,--,25,108489,卖盘
1598,10:52:27,43.0,--,11,47300,卖盘
1599,10:52:24,43.0,--,7,30100,卖盘
1600,10:52:21,43.0,--,5,21500,卖盘
1601,10:52:18,43.0,--,38,163400,卖盘
1602,10:52:12,43.0,--,4,17200,卖盘
1603,10:52:06,43.0,--,1,4300,卖盘
1604,10:52:03,43.0,-0.05,5,21500,卖盘
1605,10:51:54,43.05,-0.05,1,4305,卖盘
1606,10:51:48,43.1,--,1,4310,买盘
1607,10:51:36,43.1,--,26,112060,卖盘
1608,10:51:30,43.1,-0.05,6,25860,卖盘
1609,10:51:24,43.15,0.05,5,21575,买盘
1610,10:51:18,43.1,--,1,4310,卖盘
1611,10:51:15,43.1,--,10,43100,卖盘
1612,10:51:03,43.1,--,8,34480,卖盘
1613,10:50:54,43.1,--,8,34480,卖盘
1614,10:50:51,43.1,0.1,40,172400,买盘
1615,10:50:48,43.0,-0.1,32,137600,卖盘
1616,10:50:33,43.1,0.09,3,12930,买盘
1617,10:50:27,43.01,--,2,8602,卖盘
1618,10:50:24,43.01,-0.06,7,30107,卖盘
1619,10:50:21,43.07,--,3,12921,卖盘
1620,10:50:12,43.07,0.01,1,4307,买盘
1621,10:49:54,43.06,0.01,1,4306,卖盘
1622,10:49:51,43.05,0.04,3,12915,中性盘
1623,10:49:45,43.01,-0.06,7,30107,卖盘
1624,10:49:42,43.07,--,5,21535,买盘
1625,10:49:39,43.07,0.06,1,4307,买盘
1626,10:49:36,43.01,-0.05,48,206448,卖盘
1627,10:49:33,43.06,--,28,120568,卖盘
1628,10:49:30,43.06,0.01,3,12918,买盘
1629,10:49:24,43.05,-0.01,1,4305,卖盘
1630,10:49:18,43.06,--,1,4306,买盘
1631,10:49:06,43.06,--,1,4306,买盘
1632,10:49:03,43.06,-0.04,10,43060,卖盘
1633,10:49:00,43.1,--,3,12930,买盘
1634,10:48:57,43.1,0.04,3,12930,买盘
1635,10:48:54,43.06,-0.04,12,51672,卖盘
1636,10:48:45,43.1,0.05,1,4310,买盘
1637,10:48:42,43.05,-0.05,1,4305,卖盘
1638,10:48:30,43.1,0.05,26,112060,买盘
1639,10:48:24,43.05,--,1,4305,卖盘
1640,10:48:15,43.05,--,12,51660,卖盘
1641,10:48:12,43.05,--,1,4305,卖盘
1642,10:47:57,43.05,0.04,408,1756440,买盘
1643,10:47:54,43.01,-0.04,1,4301,卖盘
1644,10:47:51,43.05,0.04,4,17220,买盘
1645,10:47:48,43.01,-0.04,9,38709,卖盘
1646,10:47:45,43.05,0.04,1,4305,买盘
1647,10:47:42,43.01,-0.04,80,344080,卖盘
1648,10:47:33,43.05,0.03,12,51660,买盘
1649,10:47:27,43.02,--,7,30114,卖盘
1650,10:47:24,43.02,--,56,240912,卖盘
1651,10:47:15,43.02,--,3,12906,卖盘
1652,10:47:03,43.02,-0.03,4,17208,卖盘
1653,10:47:00,43.05,--,51,219555,买盘
1654,10:46:57,43.05,0.04,14,60269,买盘
1655,10:46:54,43.01,-0.04,2,8602,卖盘
1656,10:46:51,43.05,0.04,5,21525,买盘
1657,10:46:48,43.01,-0.01,72,310403,卖盘
1658,10:46:42,43.02,--,52,223704,卖盘
1659,10:46:39,43.02,--,14,60228,卖盘
1660,10:46:33,43.02,--,5,21510,卖盘
1661,10:46:27,43.02,-0.03,1,4302,卖盘
1662,10:46:24,43.05,-0.02,1,4305,卖盘
1663,10:46:21,43.07,-0.01,3,12921,卖盘
1664,10:46:12,43.08,0.01,4,17232,中性盘
1665,10:46:09,43.07,-0.01,5,21535,卖盘
1666,10:46:00,43.08,--,32,137856,卖盘
1667,10:45:54,43.08,--,4,17232,卖盘
1668,10:45:51,43.08,--,4,17232,卖盘
1669,10:45:42,43.08,--,17,73236,买盘
1670,10:45:39,43.08,--,1,4308,买盘
1671,10:45:36,43.08,0.01,2,8616,买盘
1672,10:45:30,43.07,--,4,17228,卖盘
1673,10:45:24,43.07,--,1,4307,卖盘
1674,10:45:21,43.07,--,4,17228,卖盘
1675,10:45:15,43.07,--,17,73219,卖盘
1676,10:45:12,43.07,--,2,8614,买盘
1677,10:45:09,43.07,--,85,366095,卖盘
1678,10:45:00,43.07,-0.01,4,17228,卖盘
1679,10:44:57,43.08,0.01,8,34464,买盘
1680,10:44:54,43.07,--,1,4307,卖盘
1681,10:44:48,43.07,-0.01,25,107675,卖盘
1682,10:44:33,43.08,0.01,10,43080,中性盘
1683,10:44:24,43.07,--,45,193815,卖盘
1684,10:44:21,43.07,--,4,17228,卖盘
1685,10:44:09,43.07,-0.13,3,12921,卖盘
1686,10:44:06,43.2,0.13,2,8640,买盘
1687,10:44:00,43.07,-0.15,64,279222,卖盘
1688,10:43:57,43.22,0.01,2,8644,买盘
1689,10:43:54,43.21,--,1,4321,卖盘
1690,10:43:51,43.21,-0.02,104,452667,卖盘
1691,10:43:48,43.23,0.01,1,4323,买盘
1692,10:43:45,43.22,--,5,21610,卖盘
1693,10:43:39,43.22,-0.02,21,90762,卖盘
1694,10:43:36,43.24,0.01,5,21620,中性盘
1695,10:43:27,43.23,--,2,8646,卖盘
1696,10:43:24,43.23,-0.01,4,17292,卖盘
1697,10:43:21,43.24,--,3,12972,卖盘
1698,10:43:18,43.24,-0.05,2,8648,卖盘
1699,10:43:15,43.29,--,2,8658,卖盘
1700,10:43:12,43.29,--,1,4329,卖盘
1701,10:43:06,43.29,--,1,4329,买盘
1702,10:42:57,43.29,0.06,3,12987,买盘
1703,10:42:54,43.23,--,1,4323,卖盘
1704,10:42:45,43.23,--,1,4323,卖盘
1705,10:42:24,43.23,--,1,4323,卖盘
1706,10:42:15,43.23,-0.07,7,30260,卖盘
1707,10:42:09,43.3,0.08,1,4330,买盘
1708,10:42:00,43.22,0.01,18,77796,买盘
1709,10:41:57,43.21,--,1,4321,卖盘
1710,10:41:54,43.21,-0.01,1,4321,卖盘
1711,10:41:51,43.22,0.01,9,38898,买盘
1712,10:41:36,43.21,--,3,12963,卖盘
1713,10:41:24,43.21,-0.01,8,34568,卖盘
1714,10:41:21,43.22,0.01,3,12966,买盘
1715,10:41:18,43.21,-0.01,8,34568,卖盘
1716,10:41:12,43.22,--,1,4322,买盘
1717,10:41:09,43.22,0.01,6,25932,买盘
1718,10:40:54,43.21,--,1,4321,卖盘
1719,10:40:51,43.21,-0.01,1,4321,卖盘
1720,10:40:36,43.22,--,6,25932,卖盘
1721,10:40:27,43.22,--,1,4322,卖盘
1722,10:40:24,43.22,--,1,4322,卖盘
1723,10:40:18,43.22,--,4,17288,卖盘
1724,10:39:57,43.22,0.01,1,4322,买盘
1725,10:39:54,43.21,0.07,1,4321,卖盘
1726,10:39:42,43.14,0.03,15,66478,买盘
1727,10:39:39,43.11,0.01,1,4311,买盘
1728,10:39:36,43.1,-0.03,41,176710,卖盘
1729,10:39:33,43.13,-0.02,6,25878,卖盘
1730,10:39:27,43.15,0.01,3,12945,买盘
1731,10:39:24,43.14,-0.01,1,4314,卖盘
1732,10:39:21,43.15,--,1,4315,卖盘
1733,10:39:15,43.15,-0.06,1,4315,卖盘
1734,10:39:09,43.21,-0.01,11,47531,卖盘
1735,10:38:57,43.22,--,14,60508,卖盘
1736,10:38:54,43.22,-0.08,5,21610,卖盘
1737,10:38:45,43.3,--,61,264130,买盘
1738,10:38:42,43.3,-0.01,36,155880,卖盘
1739,10:38:30,43.31,-0.06,10,45388,卖盘
1740,10:38:27,43.37,0.06,2,8674,买盘
1741,10:38:24,43.31,--,1,4331,卖盘
1742,10:38:21,43.31,--,1,4331,卖盘
1743,10:38:15,43.31,-0.02,30,129930,卖盘
1744,10:37:54,43.33,--,1,4333,卖盘
1745,10:37:24,43.33,0.02,1,4333,中性盘
1746,10:37:18,43.31,--,1,4331,卖盘
1747,10:37:06,43.31,--,1,4331,卖盘
1748,10:37:03,43.31,--,1,4331,卖盘
1749,10:36:54,43.31,--,1,4331,卖盘
1750,10:36:45,43.31,-0.06,6,25986,卖盘
1751,10:36:39,43.37,-0.1,2,8674,中性盘
1752,10:36:36,43.47,0.1,11,47817,买盘
1753,10:36:30,43.37,-0.03,1,4337,卖盘
1754,10:36:24,43.4,-0.07,1,4340,卖盘
1755,10:36:21,43.47,--,10,43470,中性盘
1756,10:36:15,43.47,-0.03,1,4347,买盘
1757,10:36:09,43.5,--,25,108750,买盘
1758,10:36:06,43.5,--,6,26100,买盘
1759,10:36:00,43.5,--,1,4350,买盘
1760,10:35:57,43.5,--,53,230550,卖盘
1761,10:35:54,43.5,-0.03,1,4350,卖盘
1762,10:35:48,43.53,0.03,64,278592,买盘
1763,10:35:45,43.5,--,59,256650,买盘
1764,10:35:42,43.5,--,11,47850,买盘
1765,10:35:33,43.5,--,2,8700,买盘
1766,10:35:30,43.5,0.04,2,8700,买盘
1767,10:35:27,43.46,0.05,4,17384,中性盘
1768,10:35:24,43.41,-0.04,9,39069,卖盘
1769,10:35:15,43.45,0.01,14,60830,买盘
1770,10:35:12,43.44,0.03,1,4344,中性盘
1771,10:35:00,43.41,0.04,16,69456,买盘
1772,10:34:57,43.37,--,10,43370,卖盘
1773,10:34:54,43.37,--,1,4337,卖盘
1774,10:34:48,43.37,-0.01,11,47707,卖盘
1775,10:34:45,43.38,0.01,5,21690,买盘
1776,10:34:39,43.37,--,3,13011,卖盘
1777,10:34:36,43.37,--,5,21685,卖盘
1778,10:34:33,43.37,--,1,4337,卖盘
1779,10:34:30,43.37,-0.01,4,17348,卖盘
1780,10:34:27,43.38,--,23,99774,买盘
1781,10:34:24,43.38,0.01,2,8676,买盘
1782,10:34:18,43.37,-0.01,6,26022,卖盘
1783,10:34:15,43.38,--,3,13014,买盘
1784,10:34:12,43.38,0.01,4,17352,买盘
1785,10:34:09,43.37,--,3,13011,卖盘
1786,10:34:00,43.37,0.06,25,108425,买盘
1787,10:33:54,43.31,-0.04,10,43310,卖盘
1788,10:33:36,43.35,--,1,4335,卖盘
1789,10:33:30,43.35,0.03,5,23929,买盘
1790,10:33:24,43.32,-0.03,1,4332,中性盘
1791,10:33:06,43.35,--,1,4335,买盘
1792,10:33:00,43.35,0.02,10,43350,买盘
1793,10:32:54,43.33,-0.01,1,4333,卖盘
1794,10:32:45,43.34,--,25,108350,买盘
1795,10:32:39,43.34,0.04,12,52008,买盘
1796,10:32:33,43.3,-0.03,10,43300,卖盘
1797,10:32:30,43.33,--,9,38997,卖盘
1798,10:32:24,43.33,--,4,17332,买盘
1799,10:32:21,43.33,0.01,1,4333,买盘
1800,10:32:15,43.32,0.02,5,21660,买盘
1801,10:32:12,43.3,--,3,12990,卖盘
1802,10:31:54,43.3,--,1,4330,卖盘
1803,10:31:36,43.3,0.1,4,17320,买盘
1804,10:31:24,43.2,--,1,4320,卖盘
1805,10:31:12,43.2,--,6,25920,卖盘
1806,10:31:06,43.2,--,9,38880,卖盘
1807,10:30:54,43.2,-0.1,4,17280,卖盘
1808,10:30:45,43.3,0.1,1,4330,买盘
1809,10:30:39,43.2,0.06,4,17280,中性盘
1810,10:30:30,43.14,-0.16,4,17256,卖盘
1811,10:30:27,43.3,0.16,3,12990,买盘
1812,10:30:24,43.14,-0.16,4,17256,卖盘
1813,10:30:15,43.3,--,5,21650,卖盘
1814,10:30:12,43.3,--,2,8660,卖盘
1815,10:30:09,43.3,--,4,17320,卖盘
1816,10:30:03,43.3,0.17,1,4330,买盘
1817,10:30:00,43.13,-0.02,4,17252,卖盘
1818,10:29:54,43.15,0.02,14,60410,买盘
1819,10:29:48,43.13,--,1,4313,买盘
1820,10:29:45,43.13,-0.02,9,38817,卖盘
1821,10:29:39,43.15,0.02,4,17260,中性盘
1822,10:29:30,43.13,--,4,17252,卖盘
1823,10:29:24,43.13,--,1,4313,卖盘
1824,10:29:18,43.13,--,3,12939,买盘
1825,10:29:12,43.13,-0.19,1,4313,中性盘
1826,10:28:57,43.32,--,1,4332,卖盘
1827,10:28:54,43.32,0.25,6,25992,买盘
1828,10:28:39,43.07,-0.25,80,344560,卖盘
1829,10:28:33,43.32,0.2,1,4332,买盘
1830,10:28:24,43.12,--,1,4312,中性盘
1831,10:28:06,43.12,--,1,4312,买盘
1832,10:28:00,43.12,0.03,1,4312,买盘
1833,10:27:54,43.09,-0.03,1,4309,中性盘
1834,10:27:45,43.12,-0.22,3,12936,卖盘
1835,10:27:36,43.34,0.22,5,21670,买盘
1836,10:27:24,43.12,0.04,34,146608,买盘
1837,10:27:03,43.08,--,7,30586,买盘
1838,10:27:00,43.08,0.01,3,12924,买盘
1839,10:26:57,43.07,--,1,4307,卖盘
1840,10:26:54,43.07,-0.01,1,4307,卖盘
1841,10:26:45,43.08,-0.02,20,90037,卖盘
1842,10:26:36,43.1,-0.01,2,8620,卖盘
1843,10:26:33,43.11,0.01,2,8622,买盘
1844,10:26:30,43.1,-0.01,5,21550,卖盘
1845,10:26:24,43.11,0.01,2,8622,买盘
1846,10:26:21,43.1,0.03,0,431,买盘
1847,10:26:18,43.07,-0.03,1,4307,卖盘
1848,10:26:12,43.1,0.03,1,4310,买盘
1849,10:25:54,43.07,0.01,1,4307,中性盘
1850,10:25:45,43.06,--,12,51672,卖盘
1851,10:25:42,43.06,-0.01,11,47366,卖盘
1852,10:25:39,43.07,0.01,1,4307,买盘
1853,10:25:36,43.06,-0.02,81,348786,卖盘
1854,10:25:30,43.08,-0.02,2,8616,买盘
1855,10:25:27,43.1,0.03,50,215500,买盘
1856,10:25:24,43.07,--,1,4307,卖盘
1857,10:25:21,43.07,-0.03,36,155052,卖盘
1858,10:25:15,43.1,--,2,8620,买盘
1859,10:25:12,43.1,--,6,25860,买盘
1860,10:25:03,43.1,--,9,42669,卖盘
1861,10:25:00,43.1,--,34,146540,卖盘
1862,10:24:54,43.1,--,1,4310,卖盘
1863,10:24:51,43.1,-0.01,8,34480,卖盘
1864,10:24:45,43.11,--,1,4311,卖盘
1865,10:24:36,43.11,-0.01,5,21555,卖盘
1866,10:24:30,43.12,-0.03,49,211288,卖盘
1867,10:24:27,43.15,--,2,8630,卖盘
1868,10:24:24,43.15,--,1,4315,卖盘
1869,10:24:06,43.15,--,1,4315,卖盘
1870,10:23:57,43.15,-0.03,3,12945,卖盘
1871,10:23:54,43.18,0.03,1,4318,中性盘
1872,10:23:48,43.15,-0.13,63,271845,卖盘
1873,10:23:45,43.28,--,2,8656,卖盘
1874,10:23:24,43.28,0.01,1,4328,中性盘
1875,10:23:06,43.27,--,32,138464,买盘
1876,10:23:03,43.27,0.02,1,4327,买盘
1877,10:22:57,43.25,--,1,4325,卖盘
1878,10:22:54,43.25,--,1,4325,卖盘
1879,10:22:48,43.25,--,1,4325,卖盘
1880,10:22:45,43.25,0.07,6,25950,买盘
1881,10:22:30,43.18,0.01,1,4318,买盘
1882,10:22:24,43.17,-0.01,1,4317,卖盘
1883,10:22:18,43.18,-0.07,1,4318,卖盘
1884,10:22:09,43.25,0.08,2,8650,买盘
1885,10:21:54,43.17,-0.08,1,4317,卖盘
1886,10:21:51,43.25,0.11,6,25950,买盘
1887,10:21:48,43.14,-0.02,34,146676,卖盘
1888,10:21:42,43.16,-0.01,4,17264,卖盘
1889,10:21:33,43.17,-0.08,3,12951,卖盘
1890,10:21:27,43.25,0.09,2,8650,买盘
1891,10:21:24,43.16,--,2,8632,卖盘
1892,10:21:21,43.16,--,4,17264,卖盘
1893,10:21:12,43.16,0.01,4,17264,中性盘
1894,10:21:00,43.15,--,3,12945,卖盘
1895,10:20:57,43.15,--,1,4315,卖盘
1896,10:20:54,43.15,--,1,4315,卖盘
1897,10:20:51,43.15,--,4,17260,卖盘
1898,10:20:42,43.15,0.03,7,30205,买盘
1899,10:20:30,43.12,--,3,12936,卖盘
1900,10:20:27,43.12,--,1,4312,卖盘
1901,10:20:24,43.12,-0.01,10,43120,卖盘
1902,10:20:21,43.13,-0.02,4,17252,卖盘
1903,10:20:12,43.15,-0.05,3,12945,卖盘
1904,10:20:09,43.2,0.04,1,4320,买盘
1905,10:20:06,43.16,-0.04,4,17264,中性盘
1906,10:20:00,43.2,0.04,5,21600,买盘
1907,10:19:57,43.16,-0.04,3,12947,卖盘
1908,10:19:54,43.2,0.04,5,21600,买盘
1909,10:19:45,43.16,-0.04,4,17264,中性盘
1910,10:19:39,43.2,--,2,8640,中性盘
1911,10:19:33,43.2,--,9,38880,卖盘
1912,10:19:27,43.2,--,5,21600,卖盘
1913,10:19:24,43.2,-0.07,1,4320,中性盘
1914,10:19:15,43.27,--,7,30289,买盘
1915,10:19:12,43.27,--,3,12981,买盘
1916,10:19:09,43.27,--,11,47597,卖盘
1917,10:19:06,43.27,-0.08,4,17308,卖盘
1918,10:19:00,43.35,0.08,1,4335,买盘
1919,10:18:54,43.27,--,1,4327,卖盘
1920,10:18:51,43.27,-0.08,4,17308,卖盘
1921,10:18:42,43.35,0.05,9,39015,买盘
1922,10:18:39,43.3,--,1,4330,买盘
1923,10:18:33,43.3,-0.02,85,368050,卖盘
1924,10:18:27,43.32,--,1,4332,卖盘
1925,10:18:24,43.32,0.02,4,17328,买盘
1926,10:18:21,43.3,-0.02,2,8660,卖盘
1927,10:18:15,43.32,-0.03,2,8664,中性盘
1928,10:18:12,43.35,0.03,34,147390,买盘
1929,10:18:09,43.32,--,13,56316,卖盘
1930,10:18:06,43.32,--,7,30324,卖盘
1931,10:18:00,43.32,0.02,1,4332,中性盘
1932,10:17:51,43.3,-0.02,3,12990,卖盘
1933,10:17:45,43.32,0.02,1,4332,买盘
1934,10:17:42,43.3,-0.02,1,4330,卖盘
1935,10:17:36,43.32,--,4,17328,买盘
1936,10:17:33,43.32,-0.02,13,56316,卖盘
1937,10:17:27,43.34,0.02,4,17336,买盘
1938,10:17:18,43.32,--,2,8664,卖盘
1939,10:17:15,43.32,-0.02,2,8664,中性盘
1940,10:17:12,43.34,0.04,10,43340,买盘
1941,10:17:09,43.3,--,1,4330,卖盘
1942,10:17:00,43.3,--,1,4330,卖盘
1943,10:16:54,43.3,0.2,2,8660,买盘
1944,10:16:51,43.1,-0.01,62,267220,卖盘
1945,10:16:39,43.11,-0.19,2,8622,中性盘
1946,10:16:27,43.3,--,4,17320,卖盘
1947,10:16:24,43.3,0.22,2,8660,买盘
1948,10:16:15,43.08,0.02,9,39202,买盘
1949,10:16:12,43.06,-0.04,86,370316,卖盘
1950,10:16:09,43.1,--,10,43100,卖盘
1951,10:16:03,43.1,--,10,43100,卖盘
1952,10:15:54,43.1,--,5,21550,卖盘
1953,10:15:51,43.1,0.04,25,107750,买盘
1954,10:15:48,43.06,-0.04,88,378928,卖盘
1955,10:15:42,43.1,0.02,1,4310,买盘
1956,10:15:39,43.08,-0.02,1,4308,卖盘
1957,10:15:36,43.1,0.02,3,12930,买盘
1958,10:15:33,43.08,-0.02,50,215400,卖盘
1959,10:15:30,43.1,--,1,4310,买盘
1960,10:15:27,43.1,-0.02,40,172400,卖盘
1961,10:15:24,43.12,--,1,4312,买盘
1962,10:15:15,43.12,-0.06,35,150920,卖盘
1963,10:15:09,43.18,--,1,4318,买盘
1964,10:15:06,43.18,0.06,1,4318,买盘
1965,10:15:00,43.12,-0.06,6,25872,卖盘
1966,10:14:51,43.18,0.06,1,4318,买盘
1967,10:14:45,43.12,-0.06,2,8624,卖盘
1968,10:14:36,43.18,--,1,4318,卖盘
1969,10:14:33,43.18,--,1,4318,卖盘
1970,10:14:30,43.18,-0.02,3,12954,卖盘
1971,10:14:27,43.2,--,1,4320,买盘
1972,10:14:24,43.2,0.02,5,21600,买盘
1973,10:14:12,43.18,-0.02,9,38862,卖盘
1974,10:14:09,43.2,--,1,4320,买盘
1975,10:14:06,43.2,--,19,85968,卖盘
1976,10:14:00,43.2,--,4,17280,卖盘
1977,10:13:39,43.2,0.03,37,160272,买盘
1978,10:13:36,43.17,-0.01,1,8202,卖盘
1979,10:13:33,43.18,--,1,4318,买盘
1980,10:13:30,43.18,--,4,17272,卖盘
1981,10:13:27,43.18,--,1,4318,卖盘
1982,10:13:21,43.18,-0.02,3,12954,卖盘
1983,10:13:18,43.2,0.03,1,4320,买盘
1984,10:13:15,43.17,--,4,17268,卖盘
1985,10:13:09,43.17,-0.01,6,25902,卖盘
1986,10:13:06,43.18,0.01,1,4318,中性盘
1987,10:12:45,43.17,--,1,4748,卖盘
1988,10:12:36,43.17,--,1,4317,卖盘
1989,10:12:12,43.17,--,36,155412,买盘
1990,10:11:45,43.17,0.06,10,43170,买盘
1991,10:11:42,43.11,--,1,4311,卖盘
1992,10:11:39,43.11,-0.06,1,4311,卖盘
1993,10:11:30,43.17,--,14,60438,卖盘
1994,10:11:21,43.17,-0.07,38,164046,卖盘
1995,10:11:18,43.24,--,2,8648,卖盘
1996,10:11:15,43.24,--,1,4324,卖盘
1997,10:11:06,43.24,0.04,17,73508,买盘
1998,10:10:57,43.2,0.03,1,4320,买盘
1999,10:10:54,43.17,0.12,4,17268,中性盘
2000,10:10:45,43.05,-0.05,88,378840,卖盘
2001,10:10:33,43.1,0.03,59,256445,买盘
2002,10:10:30,43.07,-0.03,17,73219,卖盘
2003,10:10:27,43.1,--,3,12930,买盘
2004,10:10:24,43.1,--,12,51720,买盘
2005,10:10:21,43.1,--,1,4310,买盘
2006,10:10:18,43.1,0.03,3,12930,买盘
2007,10:10:09,43.07,--,3,12921,卖盘
2008,10:10:06,43.07,0.02,9,38763,买盘
2009,10:10:03,43.05,--,5,21525,买盘
2010,10:09:57,43.05,--,1,4305,买盘
2011,10:09:54,43.05,--,13,55964,买盘
2012,10:09:51,43.05,--,2,8610,买盘
2013,10:09:48,43.05,-0.01,1,4305,买盘
2014,10:09:45,43.06,0.01,1,4306,买盘
2015,10:09:42,43.05,-0.01,14,60269,卖盘
2016,10:09:39,43.06,--,1,4306,买盘
2017,10:09:36,43.06,--,11,47366,买盘
2018,10:09:33,43.06,--,12,51672,卖盘
2019,10:09:30,43.06,-0.01,4,17224,卖盘
2020,10:09:24,43.07,-0.03,1,4307,卖盘
2021,10:09:12,43.1,-0.1,111,480565,卖盘
2022,10:09:06,43.2,--,5,21600,卖盘
2023,10:09:03,43.2,--,9,38880,卖盘
2024,10:09:00,43.2,--,9,38880,卖盘
2025,10:08:54,43.2,--,6,25920,卖盘
2026,10:08:51,43.2,--,10,43200,卖盘
2027,10:08:48,43.2,--,1,4320,卖盘
2028,10:08:45,43.2,--,1,4320,卖盘
2029,10:08:36,43.2,-0.01,14,62640,卖盘
2030,10:08:33,43.21,--,3,12963,卖盘
2031,10:08:30,43.21,--,4,17284,卖盘
2032,10:08:18,43.21,-0.05,25,108025,卖盘
2033,10:08:15,43.26,--,4,17304,卖盘
2034,10:08:06,43.26,-0.03,5,21630,卖盘
2035,10:08:00,43.29,-0.01,2,8658,卖盘
2036,10:07:54,43.3,--,94,407236,卖盘
2037,10:07:51,43.3,--,30,129899,卖盘
2038,10:07:48,43.3,--,11,47630,卖盘
2039,10:07:45,43.3,--,15,64949,卖盘
2040,10:07:42,43.3,-0.01,4,17320,卖盘
2041,10:07:36,43.31,0.01,3,12993,买盘
2042,10:07:33,43.3,-0.01,13,56289,卖盘
2043,10:07:24,43.31,--,2,8662,卖盘
2044,10:07:21,43.31,--,7,34301,卖盘
2045,10:07:18,43.31,0.01,92,398452,买盘
2046,10:07:15,43.3,--,25,110415,卖盘
2047,10:07:12,43.3,--,5,21650,卖盘
2048,10:07:09,43.3,--,1,4330,卖盘
2049,10:07:06,43.3,--,10,43300,卖盘
2050,10:07:03,43.3,-0.01,11,47630,卖盘
2051,10:07:00,43.31,0.01,2,8662,买盘
2052,10:06:57,43.3,--,1,4330,卖盘
2053,10:06:48,43.3,-0.01,7,30309,卖盘
2054,10:06:36,43.31,-0.01,4,17324,卖盘
2055,10:06:30,43.32,0.02,1,4332,买盘
2056,10:06:27,43.3,-0.02,15,64949,卖盘
2057,10:06:24,43.32,0.02,28,123591,买盘
2058,10:06:21,43.3,-0.02,3,12990,卖盘
2059,10:06:18,43.32,--,3,12996,买盘
2060,10:06:15,43.32,0.02,6,25992,买盘
2061,10:06:09,43.3,-0.01,5,21650,卖盘
2062,10:06:06,43.31,-0.01,8,34648,卖盘
2063,10:06:03,43.32,0.01,38,164616,买盘
2064,10:06:00,43.31,-0.01,4,17324,卖盘
2065,10:05:57,43.32,-0.03,19,82308,卖盘
2066,10:05:54,43.35,--,3,13005,买盘
2067,10:05:51,43.35,0.03,12,52020,买盘
2068,10:05:45,43.32,-0.03,1,4332,卖盘
2069,10:05:42,43.35,--,2,8670,买盘
2070,10:05:39,43.35,--,43,186405,买盘
2071,10:05:33,43.35,--,1,4335,买盘
2072,10:05:30,43.35,--,5,21675,买盘
2073,10:05:27,43.35,--,2,8670,买盘
2074,10:05:21,43.35,0.02,2,8670,买盘
2075,10:05:18,43.33,0.01,1,4333,卖盘
2076,10:05:12,43.32,--,4,17328,卖盘
2077,10:05:06,43.32,--,1,4332,卖盘
2078,10:05:03,43.32,0.01,8,34656,买盘
2079,10:04:54,43.31,--,7,30317,卖盘
2080,10:04:51,43.31,-0.01,1,4331,卖盘
2081,10:04:42,43.32,0.02,5,21660,买盘
2082,10:04:39,43.3,--,6,25980,卖盘
2083,10:04:33,43.3,--,7,30309,卖盘
2084,10:04:21,43.3,--,18,77940,买盘
2085,10:04:18,43.3,--,11,47630,买盘
2086,10:04:09,43.3,--,10,43300,买盘
2087,10:03:57,43.3,--,55,238149,买盘
2088,10:03:54,43.3,--,4,17320,买盘
2089,10:03:51,43.3,0.04,1,4330,中性盘
2090,10:03:45,43.26,-0.04,100,432600,卖盘
2091,10:03:39,43.3,--,1,4330,卖盘
2092,10:03:36,43.3,0.03,35,151550,买盘
2093,10:03:33,43.27,0.01,3,12981,中性盘
2094,10:03:27,43.26,-0.04,26,112476,卖盘
2095,10:03:18,43.3,0.03,26,112579,买盘
2096,10:03:15,43.27,-0.03,22,95194,卖盘
2097,10:03:06,43.3,0.03,5,21650,中性盘
2098,10:03:03,43.27,-0.04,73,315871,卖盘
2099,10:03:00,43.31,--,1,4331,卖盘
2100,10:02:57,43.31,--,12,51972,卖盘
2101,10:02:51,43.31,-0.01,12,51972,卖盘
2102,10:02:45,43.32,-0.01,19,82308,卖盘
2103,10:02:33,43.33,--,18,77994,卖盘
2104,10:02:30,43.33,--,8,34664,卖盘
2105,10:02:15,43.33,-0.02,4,17332,卖盘
2106,10:02:12,43.35,--,11,47685,买盘
2107,10:02:09,43.35,0.01,2,8670,买盘
2108,10:02:06,43.34,--,8,34672,买盘
2109,10:01:48,43.34,-0.04,2,8668,卖盘
2110,10:01:33,43.38,0.04,1,4338,买盘
2111,10:01:30,43.34,-0.04,11,47674,卖盘
2112,10:01:24,43.38,--,11,47718,买盘
2113,10:01:21,43.38,0.02,1,4338,买盘
2114,10:01:15,43.36,-0.02,1,4336,中性盘
2115,10:01:06,43.38,--,4,17352,卖盘
2116,10:01:03,43.38,--,2,8676,卖盘
2117,10:00:51,43.38,0.05,2,8676,卖盘
2118,10:00:42,43.33,--,2,8666,买盘
2119,10:00:39,43.33,--,2,8666,买盘
2120,10:00:36,43.33,--,5,21665,买盘
2121,10:00:33,43.33,-0.1,14,60662,卖盘
2122,10:00:27,43.43,0.1,1,4343,买盘
2123,10:00:24,43.33,-0.06,8,34664,卖盘
2124,10:00:21,43.39,0.06,3,13017,买盘
2125,10:00:18,43.33,--,3,12999,卖盘
2126,10:00:09,43.33,-0.1,16,69328,卖盘
2127,10:00:03,43.43,--,4,17372,卖盘
2128,10:00:00,43.43,0.1,6,26058,买盘
2129,09:59:57,43.33,0.02,3,12999,中性盘
2130,09:59:39,43.31,-0.09,5,21655,卖盘
2131,09:59:36,43.4,0.09,2,8680,买盘
2132,09:59:33,43.31,0.03,5,21655,买盘
2133,09:59:30,43.28,-0.02,22,95216,卖盘
2134,09:59:18,43.3,--,1,4330,卖盘
2135,09:59:12,43.3,-0.14,37,160210,卖盘
2136,09:59:06,43.44,0.14,1,4344,买盘
2137,09:59:03,43.3,-0.15,6,25980,卖盘
2138,09:59:00,43.45,0.01,11,47795,买盘
2139,09:58:30,43.44,0.16,8,34752,买盘
2140,09:58:27,43.28,0.02,7,30296,中性盘
2141,09:58:15,43.26,--,10,43260,卖盘
2142,09:58:12,43.26,--,1,4326,卖盘
2143,09:58:06,43.26,--,5,21630,卖盘
2144,09:58:03,43.26,--,119,514794,买盘
2145,09:58:00,43.26,--,5,21630,买盘
2146,09:57:54,43.26,--,7,30282,买盘
2147,09:57:51,43.26,-0.02,22,95172,卖盘
2148,09:57:48,43.28,--,11,47608,中性盘
2149,09:57:39,43.28,-0.02,3,12984,中性盘
2150,09:57:33,43.3,0.04,2,8660,中性盘
2151,09:57:27,43.26,-0.04,18,77868,卖盘
2152,09:57:24,43.3,--,7,30309,卖盘
2153,09:57:21,43.3,-0.15,47,203510,卖盘
2154,09:57:15,43.45,--,7,30415,卖盘
2155,09:57:09,43.45,--,66,286770,卖盘
2156,09:57:06,43.45,0.04,2,8690,卖盘
2157,09:57:03,43.41,0.11,24,104183,买盘
2158,09:57:00,43.3,-0.06,10,43300,卖盘
2159,09:56:57,43.36,-0.05,26,112736,卖盘
2160,09:56:51,43.41,-0.01,1,4341,中性盘
2161,09:56:48,43.42,0.01,4,17368,中性盘
2162,09:56:42,43.41,--,10,43410,卖盘
2163,09:56:33,43.41,-0.07,62,269142,卖盘
2164,09:56:18,43.48,-0.02,7,30435,卖盘
2165,09:56:00,43.5,-0.02,52,226200,卖盘
2166,09:55:48,43.52,-0.05,16,69632,卖盘
2167,09:55:33,43.57,-0.01,1,4357,卖盘
2168,09:55:27,43.58,0.01,11,47938,买盘
2169,09:55:24,43.57,--,1,4357,卖盘
2170,09:55:21,43.57,--,4,17428,卖盘
2171,09:55:06,43.57,--,3,13071,卖盘
2172,09:54:57,43.57,-0.03,17,74069,卖盘
2173,09:54:54,43.6,0.02,1,4360,中性盘
2174,09:54:45,43.58,-0.02,5,21790,卖盘
2175,09:54:42,43.6,0.02,2,8720,买盘
2176,09:54:39,43.58,--,7,30506,卖盘
2177,09:54:36,43.58,0.01,1,4358,中性盘
2178,09:54:33,43.57,-0.01,4,17428,卖盘
2179,09:54:15,43.58,-0.02,1,4358,卖盘
2180,09:54:06,43.6,--,2,8720,买盘
2181,09:54:00,43.6,--,19,82840,卖盘
2182,09:53:57,43.6,--,5,21800,卖盘
2183,09:53:51,43.6,--,5,21800,卖盘
2184,09:53:39,43.6,-0.01,5,21800,卖盘
2185,09:53:30,43.61,--,3,13083,卖盘
2186,09:53:21,43.61,-0.04,15,65415,卖盘
2187,09:53:09,43.65,-0.06,4,17460,卖盘
2188,09:53:06,43.71,--,5,21855,买盘
2189,09:52:54,43.71,--,1,4371,买盘
2190,09:52:48,43.71,-0.03,1,4371,卖盘
2191,09:52:45,43.74,--,1,4374,买盘
2192,09:52:30,43.74,0.03,4,17496,买盘
2193,09:52:21,43.71,-0.03,1,4371,卖盘
2194,09:52:15,43.74,0.04,2,8748,买盘
2195,09:52:03,43.7,-0.03,2,8740,卖盘
2196,09:52:00,43.73,0.03,18,78714,买盘
2197,09:51:57,43.7,--,33,144210,卖盘
2198,09:51:54,43.7,--,3,13110,卖盘
2199,09:51:45,43.7,--,3,13110,卖盘
2200,09:51:42,43.7,--,14,61180,买盘
2201,09:51:36,43.7,0.01,23,100510,买盘
2202,09:51:33,43.69,-0.01,1,4369,卖盘
2203,09:51:24,43.7,0.01,1,4370,买盘
2204,09:51:15,43.69,-0.01,6,26214,卖盘
2205,09:51:12,43.7,0.01,2,8740,买盘
2206,09:51:06,43.69,0.08,7,30583,买盘
2207,09:50:51,43.61,-0.01,6,26166,卖盘
2208,09:50:39,43.62,0.02,2,8724,买盘
2209,09:50:30,43.6,--,2,8720,买盘
2210,09:50:27,43.6,0.03,2,8720,买盘
2211,09:50:24,43.57,--,3,13071,卖盘
2212,09:50:18,43.57,--,6,26142,卖盘
2213,09:50:06,43.57,--,5,21785,买盘
2214,09:50:00,43.57,0.06,4,17428,买盘
2215,09:49:51,43.51,-0.03,7,30457,卖盘
2216,09:49:42,43.54,--,1,4354,卖盘
2217,09:49:39,43.54,--,10,43540,买盘
2218,09:49:36,43.54,0.04,1,4354,买盘
2219,09:49:27,43.5,--,32,139200,卖盘
2220,09:49:24,43.5,0.05,46,200100,买盘
2221,09:49:09,43.45,0.04,10,43450,买盘
2222,09:49:03,43.41,-0.04,6,26045,卖盘
2223,09:49:00,43.45,--,5,21725,买盘
2224,09:48:57,43.45,0.04,13,56485,买盘
2225,09:48:51,43.41,-0.02,1,4341,卖盘
2226,09:48:48,43.43,-0.02,3,13029,卖盘
2227,09:48:45,43.45,--,5,21725,买盘
2228,09:48:42,43.45,-0.04,9,39105,卖盘
2229,09:48:39,43.49,--,1,4349,买盘
2230,09:48:27,43.49,0.08,15,65235,买盘
2231,09:48:24,43.41,--,9,39069,卖盘
2232,09:48:21,43.41,--,1,4341,卖盘
2233,09:48:15,43.41,0.01,71,308211,买盘
2234,09:48:06,43.4,0.05,10,43400,买盘
2235,09:48:00,43.35,--,23,103866,买盘
2236,09:47:57,43.35,--,3,13005,买盘
2237,09:47:54,43.35,--,11,47685,买盘
2238,09:47:51,43.35,--,1,4335,买盘
2239,09:47:48,43.35,--,11,47685,买盘
2240,09:47:45,43.35,-0.01,7,30345,买盘
2241,09:47:42,43.36,-0.09,13,56541,卖盘
2242,09:47:36,43.45,0.06,5,21725,买盘
2243,09:47:33,43.39,0.01,13,60572,买盘
2244,09:47:30,43.38,--,5,21690,买盘
2245,09:47:27,43.38,-0.02,11,47891,卖盘
2246,09:47:24,43.4,0.02,13,60586,买盘
2247,09:47:21,43.38,-0.02,1,4338,卖盘
2248,09:47:18,43.4,--,1,4340,买盘
2249,09:47:15,43.4,--,4,17360,买盘
2250,09:47:06,43.4,--,3,13020,买盘
2251,09:47:00,43.4,--,49,212660,卖盘
2252,09:46:57,43.4,-0.05,6,26040,卖盘
2253,09:46:54,43.45,0.05,1,4345,买盘
2254,09:46:51,43.4,--,5,21700,卖盘
2255,09:46:45,43.4,--,32,138880,卖盘
2256,09:46:39,43.4,--,1,4340,卖盘
2257,09:46:36,43.4,0.2,15,65100,买盘
2258,09:46:33,43.2,-0.18,50,216000,卖盘
2259,09:46:30,43.38,--,2,8676,卖盘
2260,09:46:27,43.38,-0.07,1,4338,卖盘
2261,09:46:24,43.45,0.07,21,91245,买盘
2262,09:46:21,43.38,-0.02,11,47718,中性盘
2263,09:46:15,43.4,--,24,104160,卖盘
2264,09:46:12,43.4,--,1,4340,卖盘
2265,09:46:03,43.4,--,1,4340,卖盘
2266,09:46:00,43.4,-0.05,25,108500,卖盘
2267,09:45:51,43.45,-0.05,5,21725,卖盘
2268,09:45:48,43.5,--,3,13050,买盘
2269,09:45:42,43.5,--,10,43500,买盘
2270,09:45:39,43.5,--,13,56550,卖盘
2271,09:45:36,43.5,--,24,104400,卖盘
2272,09:45:33,43.5,-0.02,14,60900,卖盘
2273,09:45:27,43.52,--,2,8704,买盘
2274,09:45:24,43.52,-0.02,54,235008,卖盘
2275,09:45:21,43.54,--,5,21770,卖盘
2276,09:45:18,43.54,--,6,26124,卖盘
2277,09:45:15,43.54,-0.01,12,52248,卖盘
2278,09:45:09,43.55,-0.04,1,4355,卖盘
2279,09:45:06,43.59,0.05,12,52308,买盘
2280,09:45:03,43.54,-0.03,112,487648,卖盘
2281,09:44:54,43.57,-0.03,1,4357,卖盘
2282,09:44:48,43.6,--,101,442452,卖盘
2283,09:44:42,43.6,-0.02,2,8720,卖盘
2284,09:44:36,43.62,0.02,3,13086,买盘
2285,09:44:27,43.6,--,2,8720,卖盘
2286,09:44:24,43.6,--,9,39240,卖盘
2287,09:44:21,43.6,-0.02,10,43600,卖盘
2288,09:44:15,43.62,--,6,26172,买盘
2289,09:44:12,43.62,0.02,2,8724,买盘
2290,09:44:09,43.6,-0.02,10,43600,卖盘
2291,09:44:03,43.62,--,5,21810,买盘
2292,09:43:54,43.62,--,2,8724,买盘
2293,09:43:51,43.62,--,15,65429,卖盘
2294,09:43:48,43.62,--,15,65429,卖盘
2295,09:43:42,43.62,--,17,74154,卖盘
2296,09:43:39,43.62,-0.04,2,8724,卖盘
2297,09:43:36,43.66,0.05,15,65489,买盘
2298,09:43:33,43.61,-0.01,1,4361,卖盘
2299,09:43:30,43.62,--,1,4362,买盘
2300,09:43:21,43.62,0.02,3,13086,中性盘
2301,09:43:15,43.6,--,2,8720,卖盘
2302,09:43:12,43.6,--,13,56680,卖盘
2303,09:43:06,43.6,--,4,17440,卖盘
2304,09:43:00,43.6,--,5,21800,卖盘
2305,09:42:54,43.6,-0.06,11,47960,卖盘
2306,09:42:48,43.66,0.06,1,4366,买盘
2307,09:42:45,43.6,--,35,152600,卖盘
2308,09:42:33,43.6,-0.08,75,329223,卖盘
2309,09:42:30,43.68,-0.06,1,4368,卖盘
2310,09:42:24,43.74,0.06,22,96228,买盘
2311,09:42:21,43.68,0.02,15,65520,买盘
2312,09:42:12,43.66,-0.02,3,13097,卖盘
2313,09:42:06,43.68,--,5,21840,买盘
2314,09:42:03,43.68,-0.12,1,4368,卖盘
2315,09:41:42,43.8,--,11,48180,买盘
2316,09:41:39,43.8,0.2,5,21900,买盘
2317,09:41:21,43.6,-0.15,45,196200,卖盘
2318,09:41:18,43.75,--,4,17500,买盘
2319,09:41:09,43.75,0.15,1,4375,卖盘
2320,09:40:57,43.6,-0.2,80,348800,卖盘
2321,09:40:39,43.8,0.09,27,118259,买盘
2322,09:40:33,43.71,-0.09,3,13113,卖盘
2323,09:40:27,43.8,0.09,7,30659,买盘
2324,09:40:15,43.71,--,14,61237,卖盘
2325,09:40:12,43.71,-0.16,1,4371,买盘
2326,09:40:09,43.87,--,1,4562,卖盘
2327,09:40:06,43.87,0.01,23,105112,买盘
2328,09:39:57,43.86,--,2,10965,卖盘
2329,09:39:54,43.86,--,10,43860,卖盘
2330,09:39:51,43.86,--,9,39474,卖盘
2331,09:39:48,43.86,--,2,8772,卖盘
2332,09:39:45,43.86,--,4,17544,卖盘
2333,09:39:39,43.86,0.15,30,133773,买盘
2334,09:39:33,43.71,--,9,39339,买盘
2335,09:39:27,43.71,-0.01,10,43710,卖盘
2336,09:39:24,43.72,-0.09,3,13116,中性盘
2337,09:39:09,43.81,-0.06,8,35048,买盘
2338,09:39:00,43.87,--,2,8774,卖盘
2339,09:38:54,43.87,-0.01,12,52644,买盘
2340,09:38:51,43.88,--,5,21940,买盘
2341,09:38:48,43.88,0.23,1,4388,买盘
2342,09:38:42,43.65,0.1,3,13095,中性盘
2343,09:38:39,43.55,-0.33,100,435500,卖盘
2344,09:38:36,43.88,--,12,52656,卖盘
2345,09:38:33,43.88,0.18,1,4388,卖盘
2346,09:38:27,43.7,--,4,17480,卖盘
2347,09:38:21,43.7,--,2,8740,卖盘
2348,09:38:18,43.7,-0.1,7,30590,买盘
2349,09:38:15,43.8,--,2,8760,卖盘
2350,09:38:12,43.8,0.23,51,223380,买盘
2351,09:38:09,43.57,--,12,52284,卖盘
2352,09:38:06,43.57,-0.01,65,283205,卖盘
2353,09:38:00,43.58,-0.03,4,17432,卖盘
2354,09:37:57,43.61,0.04,5,21805,中性盘
2355,09:37:51,43.57,-0.13,16,69712,卖盘
2356,09:37:48,43.7,0.16,2,8740,买盘
2357,09:37:42,43.54,--,12,52248,卖盘
2358,09:37:39,43.54,-0.16,6,26124,卖盘
2359,09:37:36,43.7,0.13,10,43700,买盘
2360,09:37:33,43.57,--,6,26142,买盘
2361,09:37:30,43.57,--,26,113282,卖盘
2362,09:37:27,43.57,-0.13,12,52284,卖盘
2363,09:37:24,43.7,0.13,5,21850,中性盘
2364,09:37:21,43.57,0.01,8,34856,卖盘
2365,09:37:18,43.56,--,1,4356,卖盘
2366,09:37:15,43.56,--,2,8712,卖盘
2367,09:37:12,43.56,0.02,3,13068,卖盘
2368,09:37:09,43.54,--,10,43540,卖盘
2369,09:37:06,43.54,-0.24,24,104496,卖盘
2370,09:37:03,43.78,-0.02,2,8756,卖盘
2371,09:36:57,43.8,--,1,4380,买盘
2372,09:36:54,43.8,--,3,13140,卖盘
2373,09:36:51,43.8,--,10,43800,卖盘
2374,09:36:42,43.8,-0.1,10,43800,卖盘
2375,09:36:39,43.9,--,1,4390,中性盘
2376,09:36:33,43.9,-0.02,21,94385,卖盘
2377,09:36:30,43.92,-0.02,3,13176,中性盘
2378,09:36:27,43.94,0.03,11,48334,买盘
2379,09:36:24,43.91,-0.02,10,43910,卖盘
2380,09:36:21,43.93,-0.02,12,52716,中性盘
2381,09:36:18,43.95,0.01,36,158220,买盘
2382,09:36:15,43.94,-0.01,3,15379,卖盘
2383,09:36:12,43.95,--,2,8790,买盘
2384,09:36:09,43.95,--,1,4395,买盘
2385,09:36:06,43.95,-0.04,13,57135,卖盘
2386,09:36:03,43.99,0.04,7,30793,买盘
2387,09:36:00,43.95,-0.04,27,118665,卖盘
2388,09:35:54,43.99,0.04,2,8798,买盘
2389,09:35:51,43.95,-0.01,17,74715,卖盘
2390,09:35:48,43.96,-0.01,16,70336,卖盘
2391,09:35:45,43.97,-0.03,29,127513,卖盘
2392,09:35:39,44.0,--,1,4400,买盘
2393,09:35:36,44.0,-0.05,64,281600,卖盘
2394,09:35:33,44.05,--,1,4405,买盘
2395,09:35:30,44.05,0.03,1,4405,买盘
2396,09:35:27,44.02,-0.03,18,79236,卖盘
2397,09:35:24,44.05,-0.03,11,48455,卖盘
2398,09:35:21,44.08,-0.01,1,4408,卖盘
2399,09:35:18,44.09,--,10,44090,买盘
2400,09:35:15,44.09,0.01,4,17636,买盘
2401,09:35:12,44.08,-0.01,6,26448,卖盘
2402,09:35:09,44.09,0.04,28,123452,买盘
2403,09:35:06,44.05,--,3,13215,卖盘
2404,09:35:00,44.05,0.04,3,13215,卖盘
2405,09:34:54,44.01,-0.08,2,8802,卖盘
2406,09:34:51,44.09,--,16,70544,买盘
2407,09:34:48,44.09,--,14,61726,买盘
2408,09:34:42,44.09,--,2,8818,买盘
2409,09:34:39,44.09,0.08,27,119043,买盘
2410,09:34:36,44.01,--,1,4401,买盘
2411,09:34:33,44.01,--,16,70416,卖盘
2412,09:34:27,44.01,--,15,66015,卖盘
2413,09:34:24,44.01,0.01,20,88020,卖盘
2414,09:34:18,44.0,-0.01,2,8800,卖盘
2415,09:34:15,44.01,0.01,9,39609,买盘
2416,09:34:12,44.0,--,1,4400,卖盘
2417,09:34:09,44.0,--,8,35200,卖盘
2418,09:34:03,44.0,0.02,11,48400,买盘
2419,09:33:54,43.98,-0.02,13,57173,卖盘
2420,09:33:51,44.0,0.02,10,44000,买盘
2421,09:33:45,43.98,--,7,30785,买盘
2422,09:33:42,43.98,--,4,17592,买盘
2423,09:33:39,43.98,--,4,17592,买盘
2424,09:33:36,43.98,--,37,162726,卖盘
2425,09:33:33,43.98,-0.03,20,87960,卖盘
2426,09:33:27,44.01,-0.01,5,22005,买盘
2427,09:33:18,44.02,-0.1,18,79236,卖盘
2428,09:33:15,44.12,0.11,7,30884,买盘
2429,09:33:12,44.01,--,4,17604,卖盘
2430,09:33:09,44.01,--,4,17604,卖盘
2431,09:33:06,44.01,--,3,13203,卖盘
2432,09:33:03,44.01,-0.13,2,8802,卖盘
2433,09:33:00,44.14,-0.01,11,48554,买盘
2434,09:32:57,44.15,0.2,6,26490,买盘
2435,09:32:54,43.95,-0.05,10,43950,卖盘
2436,09:32:51,44.0,-0.15,5,22000,卖盘
2437,09:32:45,44.15,0.14,3,13245,买盘
2438,09:32:42,44.01,0.06,9,39609,买盘
2439,09:32:39,43.95,-0.05,1,4395,买盘
2440,09:32:36,44.0,0.05,10,44000,买盘
2441,09:32:33,43.95,--,1,4395,卖盘
2442,09:32:30,43.95,-0.05,42,184590,卖盘
2443,09:32:27,44.0,0.05,1,4400,买盘
2444,09:32:24,43.95,--,23,101085,卖盘
2445,09:32:21,43.95,-0.05,39,171405,卖盘
2446,09:32:15,44.0,0.05,11,48400,买盘
2447,09:32:12,43.95,-0.25,4,17580,卖盘
2448,09:32:06,44.2,0.05,49,216580,买盘
2449,09:32:00,44.15,-0.05,8,35320,卖盘
2450,09:31:57,44.2,--,3,13260,买盘
2451,09:31:54,44.2,--,4,17680,买盘
2452,09:31:51,44.2,-0.09,18,79560,卖盘
2453,09:31:48,44.29,-0.01,14,62006,卖盘
2454,09:31:45,44.3,--,25,114028,卖盘
2455,09:31:42,44.3,--,27,120761,买盘
2456,09:31:39,44.3,-0.04,4,17720,买盘
2457,09:31:36,44.34,--,57,256019,买盘
2458,09:31:33,44.34,0.04,13,57642,买盘
2459,09:31:30,44.3,--,9,39870,卖盘
2460,09:31:27,44.3,-0.1,65,287950,卖盘
2461,09:31:24,44.4,--,6,26640,卖盘
2462,09:31:21,44.4,0.1,19,84360,中性盘
2463,09:31:18,44.3,-0.13,15,66450,卖盘
2464,09:31:15,44.43,0.01,32,142176,买盘
2465,09:31:12,44.42,--,16,71072,买盘
2466,09:31:09,44.42,--,3,13326,买盘
2467,09:31:06,44.42,--,7,31094,卖盘
2468,09:31:03,44.42,-0.02,11,48862,卖盘
2469,09:31:00,44.44,0.01,3,13332,买盘
2470,09:30:57,44.43,0.03,5,22215,买盘
2471,09:30:54,44.4,0.05,46,205394,买盘
2472,09:30:51,44.35,0.02,10,44350,买盘
2473,09:30:48,44.33,-0.08,10,44330,卖盘
2474,09:30:45,44.41,0.04,61,270901,买盘
2475,09:30:42,44.37,0.04,11,48807,中性盘
2476,09:30:33,44.33,--,82,363506,卖盘
2477,09:30:30,44.33,--,24,106392,买盘
2478,09:30:27,44.33,--,3,13299,买盘
2479,09:30:24,44.33,--,11,48763,买盘
2480,09:30:21,44.33,0.03,3,13299,中性盘
2481,09:30:15,44.3,-0.1,6,26580,卖盘
2482,09:30:12,44.4,0.09,10,44400,买盘
2483,09:30:09,44.31,-0.06,8,35448,卖盘
2484,09:30:06,44.37,0.08,2,8874,买盘
2485,09:30:03,44.29,0.09,122,544589,买盘
2486,09:30:00,44.2,--,0,0,卖盘
2487,09:25:03,44.2,44.2,253,1118436,买盘
