,time,price,change,volume,amount,type
0,15:00:03,2.74,--,1510,413740,买盘
1,14:57:00,2.74,--,0,0,买盘
2,14:56:57,2.74,--,30,8329,卖盘
3,14:56:51,2.74,--,360,98640,卖盘
4,14:56:48,2.74,--,154,42360,买盘
5,14:56:45,2.74,--,2,548,买盘
6,14:56:36,2.74,--,61,16823,卖盘
7,14:56:33,2.74,--,100,27400,卖盘
8,14:56:21,2.74,--,3,986,卖盘
9,14:56:12,2.74,--,90,24660,买盘
10,14:56:06,2.74,0.01,9,2466,买盘
11,14:56:00,2.73,--,169,46137,卖盘
12,14:55:54,2.73,--,26,7207,卖盘
13,14:55:48,2.73,-0.01,35,9609,卖盘
14,14:55:45,2.74,-0.01,17,4658,卖盘
15,14:55:42,2.75,0.01,1,275,买盘
16,14:55:39,2.74,0.01,53,14522,买盘
17,14:55:30,2.73,-0.01,12,3385,卖盘
18,14:55:27,2.74,-0.01,3,822,中性盘
19,14:55:18,2.75,--,2,550,买盘
20,14:55:15,2.75,0.01,346,95315,买盘
21,14:55:09,2.74,--,10,2740,卖盘
22,14:55:06,2.74,--,30,8384,卖盘
23,14:55:03,2.74,--,28,7672,卖盘
24,14:55:00,2.74,--,66,18303,买盘
25,14:54:57,2.74,--,23,6356,卖盘
26,14:54:54,2.74,--,63,17262,卖盘
27,14:54:51,2.74,--,43,11782,卖盘
28,14:54:48,2.74,--,13,3781,卖盘
29,14:54:45,2.74,--,5,1370,卖盘
30,14:54:42,2.74,--,275,75350,买盘
31,14:54:24,2.74,0.01,31,8494,买盘
32,14:54:18,2.73,--,38,10374,卖盘
33,14:54:12,2.73,-0.01,1,273,卖盘
34,14:54:09,2.74,--,29,7946,买盘
35,14:54:00,2.74,--,10,2740,买盘
36,14:53:54,2.74,0.01,10,2740,买盘
37,14:53:45,2.73,--,16,4368,卖盘
38,14:53:42,2.73,--,50,13650,卖盘
39,14:53:39,2.73,--,1,273,卖盘
40,14:53:33,2.73,--,629,171717,卖盘
41,14:53:24,2.73,--,50,13650,卖盘
42,14:53:15,2.73,-0.02,5,1365,卖盘
43,14:53:06,2.75,0.02,450,123750,买盘
44,14:53:03,2.73,-0.01,36,9828,卖盘
45,14:52:54,2.74,--,11,3014,买盘
46,14:52:48,2.74,--,25,6850,买盘
47,14:52:45,2.74,--,98,26852,买盘
48,14:52:42,2.74,0.01,2,548,买盘
49,14:52:39,2.73,-0.01,2,546,卖盘
50,14:52:27,2.74,--,23,6469,卖盘
51,14:52:18,2.74,--,30,8384,卖盘
52,14:52:15,2.74,--,14,4052,买盘
53,14:52:12,2.74,--,85,23347,卖盘
54,14:52:09,2.74,--,70,19180,卖盘
55,14:52:06,2.74,--,11,3014,卖盘
56,14:52:03,2.74,--,60,16440,卖盘
57,14:51:54,2.74,--,1916,524984,卖盘
58,14:51:51,2.74,--,32,8768,卖盘
59,14:51:48,2.74,--,10,2740,卖盘
60,14:51:45,2.74,--,7,1918,卖盘
61,14:51:39,2.74,-0.01,41,11288,卖盘
62,14:51:36,2.75,0.01,42,11550,买盘
63,14:51:33,2.74,-0.01,65,18029,卖盘
64,14:51:24,2.75,--,76,20900,买盘
65,14:51:21,2.75,--,80,22000,买盘
66,14:51:18,2.75,0.01,41,11330,买盘
67,14:51:12,2.74,-0.01,13,3562,卖盘
68,14:51:09,2.75,0.01,531,146025,买盘
69,14:51:03,2.74,--,404,110750,卖盘
70,14:50:57,2.74,--,1,493,卖盘
71,14:50:54,2.74,--,27,7398,卖盘
72,14:50:48,2.74,--,221,60554,卖盘
73,14:50:45,2.74,--,78,21481,卖盘
74,14:50:42,2.74,--,22,6028,卖盘
75,14:50:39,2.74,--,3,822,卖盘
76,14:50:30,2.74,--,3,822,卖盘
77,14:50:27,2.74,--,70,19180,卖盘
78,14:50:21,2.74,--,530,145220,卖盘
79,14:50:06,2.74,-0.01,270,73980,卖盘
80,14:50:03,2.75,--,87,23925,买盘
81,14:50:00,2.75,--,119,32725,买盘
82,14:49:51,2.75,0.01,206,56650,买盘
83,14:49:45,2.74,--,20,5644,卖盘
84,14:49:33,2.74,--,108,29592,卖盘
85,14:49:27,2.74,--,24,6576,卖盘
86,14:49:21,2.74,--,14,3836,卖盘
87,14:49:00,2.74,--,23,6411,卖盘
88,14:48:57,2.74,-0.01,40,10960,卖盘
89,14:48:51,2.75,0.01,47,12925,买盘
90,14:48:48,2.74,--,100,27400,卖盘
91,14:48:42,2.74,--,10,2740,卖盘
92,14:48:33,2.74,--,1,493,卖盘
93,14:48:30,2.74,--,10,2740,卖盘
94,14:48:09,2.74,--,710,194594,卖盘
95,14:48:06,2.74,-0.01,84,23016,卖盘
96,14:47:57,2.75,0.01,7,1925,买盘
97,14:47:54,2.74,--,4,1260,卖盘
98,14:47:51,2.74,--,79,21646,卖盘
99,14:47:48,2.74,--,200,54800,卖盘
100,14:47:39,2.74,-0.01,42,11562,卖盘
101,14:47:24,2.75,0.01,33,9075,买盘
102,14:47:15,2.74,--,20,5480,卖盘
103,14:47:00,2.74,-0.01,20,5480,卖盘
104,14:46:57,2.75,--,450,123750,买盘
105,14:46:45,2.75,0.01,4,1100,买盘
106,14:46:42,2.74,-0.01,192,52799,卖盘
107,14:46:39,2.75,--,10,2750,买盘
108,14:46:12,2.75,--,13,3575,买盘
109,14:46:09,2.75,--,3,825,买盘
110,14:46:06,2.75,--,42,11550,买盘
111,14:45:57,2.75,0.01,1,275,买盘
112,14:45:48,2.74,--,3,822,卖盘
113,14:45:42,2.74,--,10,2740,卖盘
114,14:45:36,2.74,-0.01,200,54800,卖盘
115,14:45:27,2.75,0.01,47,12925,买盘
116,14:45:15,2.74,--,150,41100,卖盘
117,14:45:00,2.74,--,3,986,卖盘
118,14:44:57,2.74,-0.01,5,1370,卖盘
119,14:44:48,2.75,0.01,2,550,买盘
120,14:44:45,2.74,--,18,4932,卖盘
121,14:44:42,2.74,--,27,7398,卖盘
122,14:44:21,2.74,--,3,876,卖盘
123,14:44:18,2.74,-0.01,67,18358,卖盘
124,14:44:03,2.75,0.01,20,5500,买盘
125,14:43:51,2.74,--,18,4932,卖盘
126,14:43:42,2.74,--,1,274,卖盘
127,14:43:36,2.74,--,29,7946,卖盘
128,14:43:33,2.74,--,27,7398,卖盘
129,14:43:27,2.74,-0.01,3,822,卖盘
130,14:43:21,2.75,0.01,109,29975,买盘
131,14:43:18,2.74,-0.01,275,75459,卖盘
132,14:43:15,2.75,0.01,180,49500,买盘
133,14:43:12,2.74,--,4,1096,卖盘
134,14:43:00,2.74,--,300,82200,卖盘
135,14:42:54,2.74,--,300,82200,卖盘
136,14:42:42,2.74,-0.01,1,274,卖盘
137,14:42:33,2.75,0.01,1,275,买盘
138,14:42:27,2.74,-0.01,100,27619,卖盘
139,14:42:09,2.75,--,4,1100,买盘
140,14:42:00,2.75,--,492,135300,买盘
141,14:41:57,2.75,0.01,40,11000,买盘
142,14:41:45,2.74,-0.01,18,4932,卖盘
143,14:41:39,2.75,--,5,1375,买盘
144,14:41:36,2.75,--,35,9625,买盘
145,14:41:33,2.75,--,25,6875,买盘
146,14:41:21,2.75,--,1929,530494,卖盘
147,14:41:18,2.75,--,12,3300,卖盘
148,14:41:15,2.75,-0.01,28,7700,卖盘
149,14:41:09,2.76,0.01,20,5520,买盘
150,14:41:06,2.75,--,23,6490,卖盘
151,14:41:00,2.75,--,10,2750,卖盘
152,14:40:54,2.75,--,73,20185,卖盘
153,14:40:27,2.75,--,10,2970,卖盘
154,14:40:21,2.75,--,10,2750,卖盘
155,14:40:18,2.75,-0.01,35,9625,卖盘
156,14:40:15,2.76,0.01,260,71760,买盘
157,14:40:12,2.75,-0.01,1,495,卖盘
158,14:40:06,2.76,0.01,450,124199,买盘
159,14:40:03,2.75,--,23,6325,卖盘
160,14:40:00,2.75,--,37,10183,卖盘
161,14:39:42,2.75,--,3,825,卖盘
162,14:39:36,2.75,-0.01,4,1320,卖盘
163,14:39:15,2.76,0.01,40,11040,买盘
164,14:39:06,2.75,-0.01,10,2750,卖盘
165,14:39:00,2.76,0.01,451,124475,买盘
166,14:38:30,2.75,-0.01,5,1375,卖盘
167,14:38:24,2.76,0.01,50,13799,买盘
168,14:38:15,2.75,-0.01,13,3712,卖盘
169,14:38:06,2.76,--,10,2760,买盘
170,14:37:51,2.76,0.01,5,1380,买盘
171,14:37:33,2.75,-0.01,30,8250,卖盘
172,14:37:03,2.76,--,126,34776,买盘
173,14:37:00,2.76,--,4,1104,买盘
174,14:36:54,2.76,--,1,276,买盘
175,14:36:48,2.76,0.01,460,126959,买盘
176,14:36:45,2.75,--,125,34375,卖盘
177,14:36:24,2.75,--,50,13750,卖盘
178,14:36:18,2.75,--,2,550,卖盘
179,14:36:15,2.75,--,19,5225,买盘
180,14:36:09,2.75,--,2,550,买盘
181,14:36:00,2.75,--,306,84150,买盘
182,14:35:51,2.75,--,16,4400,买盘
183,14:35:48,2.75,-0.01,17,4675,中性盘
184,14:35:36,2.76,0.02,450,124199,买盘
185,14:35:18,2.74,-0.01,6,1717,卖盘
186,14:35:12,2.75,--,1,275,买盘
187,14:35:09,2.75,--,100,27500,买盘
188,14:35:03,2.75,--,20,5500,买盘
189,14:34:54,2.75,0.01,6,1650,买盘
190,14:34:51,2.74,-0.01,5,1370,卖盘
191,14:34:45,2.75,--,103,28325,买盘
192,14:34:39,2.75,0.01,60,16500,买盘
193,14:34:36,2.74,-0.01,22,6028,卖盘
194,14:34:27,2.75,--,49,13475,买盘
195,14:34:18,2.75,--,70,19250,买盘
196,14:34:12,2.75,--,290,79750,买盘
197,14:34:06,2.75,--,10,2750,买盘
198,14:33:57,2.75,--,450,123750,买盘
199,14:33:51,2.75,--,7,1925,买盘
200,14:33:48,2.75,--,2,550,买盘
201,14:33:45,2.75,--,37,10175,买盘
202,14:33:39,2.75,0.01,100,27500,买盘
203,14:33:21,2.74,-0.01,28,7672,卖盘
204,14:33:18,2.75,--,40,11000,买盘
205,14:33:15,2.75,--,1000,275000,买盘
206,14:32:57,2.75,0.01,3,825,买盘
207,14:32:33,2.74,-0.01,101,27893,卖盘
208,14:32:21,2.75,0.01,4,1100,买盘
209,14:32:15,2.74,-0.01,55,15070,卖盘
210,14:32:09,2.75,0.01,3,825,买盘
211,14:32:03,2.74,-0.01,2,548,卖盘
212,14:31:57,2.75,--,40,11000,买盘
213,14:31:54,2.75,--,133,36575,买盘
214,14:31:45,2.75,--,40,11000,买盘
215,14:31:18,2.75,--,10,2750,买盘
216,14:31:06,2.75,--,49,13475,买盘
217,14:30:51,2.75,0.01,33,9075,买盘
218,14:30:42,2.74,--,75,20550,卖盘
219,14:30:27,2.74,--,38,10412,卖盘
220,14:30:24,2.74,--,100,27400,卖盘
221,14:30:12,2.74,--,108,29592,卖盘
222,14:29:51,2.74,--,71,19508,卖盘
223,14:29:48,2.74,--,74,20385,卖盘
224,14:29:45,2.74,--,248,67952,卖盘
225,14:29:36,2.74,--,46,12658,卖盘
226,14:29:33,2.74,-0.01,8,2192,卖盘
227,14:29:27,2.75,0.01,180,49500,买盘
228,14:29:12,2.74,--,25,6850,卖盘
229,14:28:51,2.74,-0.01,4,1096,卖盘
230,14:28:48,2.75,--,5,1375,买盘
231,14:28:45,2.75,--,120,33000,买盘
232,14:28:42,2.75,--,10,2750,买盘
233,14:28:27,2.75,0.01,33,9075,买盘
234,14:28:24,2.74,-0.01,11,3233,卖盘
235,14:28:21,2.75,--,19,5225,买盘
236,14:28:09,2.75,--,2,550,买盘
237,14:28:06,2.75,0.01,155,42625,买盘
238,14:28:03,2.74,-0.01,1,493,卖盘
239,14:27:36,2.75,--,8,2200,买盘
240,14:27:33,2.75,--,1,275,买盘
241,14:26:48,2.75,--,33,9075,买盘
242,14:26:45,2.75,0.01,51,14245,买盘
243,14:26:42,2.74,--,34,9316,卖盘
244,14:26:24,2.74,--,20,5480,卖盘
245,14:26:09,2.74,--,5,1370,卖盘
246,14:26:06,2.74,-0.01,20,5480,卖盘
247,14:26:03,2.75,0.01,20,5500,买盘
248,14:25:51,2.74,--,20,5480,卖盘
249,14:25:48,2.74,-0.01,200,54800,卖盘
250,14:25:45,2.75,0.01,33,9075,买盘
251,14:25:33,2.74,--,7,1972,卖盘
252,14:25:21,2.74,--,4,1096,卖盘
253,14:25:06,2.74,-0.01,10,2740,卖盘
254,14:24:48,2.75,0.01,100,27500,买盘
255,14:24:33,2.74,--,3,822,卖盘
256,14:24:21,2.74,--,18,4932,卖盘
257,14:24:12,2.74,--,5,1370,卖盘
258,14:24:03,2.74,-0.01,30,8220,卖盘
259,14:23:36,2.75,--,20,5500,买盘
260,14:23:24,2.75,--,200,55000,买盘
261,14:23:00,2.75,--,33,9075,买盘
262,14:22:33,2.75,0.01,7,1925,买盘
263,14:22:30,2.74,-0.01,26,7124,卖盘
264,14:22:21,2.75,0.01,50,13750,买盘
265,14:22:15,2.74,-0.01,51,14193,卖盘
266,14:22:03,2.75,--,97,26675,买盘
267,14:22:00,2.75,--,14,3850,买盘
268,14:21:57,2.75,--,60,16500,买盘
269,14:21:54,2.75,-0.01,195,53625,卖盘
270,14:21:51,2.76,0.01,28,7727,买盘
271,14:21:48,2.75,--,82,22550,卖盘
272,14:21:45,2.75,-0.01,18,4950,卖盘
273,14:21:39,2.76,0.01,120,33120,买盘
274,14:21:33,2.75,--,109,30140,卖盘
275,14:21:24,2.75,-0.01,121,33385,卖盘
276,14:21:15,2.76,0.01,92,25391,买盘
277,14:21:12,2.75,--,7,1925,卖盘
278,14:21:09,2.75,-0.01,32,9020,卖盘
279,14:21:00,2.76,--,42,11592,买盘
280,14:20:57,2.76,--,68,18768,买盘
281,14:20:54,2.76,0.01,4,1104,买盘
282,14:20:39,2.75,--,363,99880,买盘
283,14:20:36,2.75,--,43,11825,买盘
284,14:20:27,2.75,--,33,9075,买盘
285,14:20:24,2.75,0.01,822,226050,买盘
286,14:20:18,2.74,-0.01,52,14302,卖盘
287,14:20:12,2.75,0.01,42,11550,买盘
288,14:20:03,2.74,--,70,19180,卖盘
289,14:20:00,2.74,-0.01,2,548,卖盘
290,14:19:57,2.75,--,42,11550,买盘
291,14:19:54,2.75,--,421,115775,买盘
292,14:19:51,2.75,--,40,11000,买盘
293,14:19:48,2.75,0.01,80,22000,买盘
294,14:19:33,2.74,--,100,27400,卖盘
295,14:19:30,2.74,--,4,1096,卖盘
296,14:19:24,2.74,--,12,3288,卖盘
297,14:19:21,2.74,--,4,1096,卖盘
298,14:19:18,2.74,-0.01,10,2740,卖盘
299,14:19:00,2.75,0.01,42,11550,买盘
300,14:18:57,2.74,--,9,2575,卖盘
301,14:18:54,2.74,-0.01,10,2740,卖盘
302,14:18:48,2.75,--,1,275,买盘
303,14:18:42,2.75,--,42,11550,买盘
304,14:18:18,2.75,--,42,11550,买盘
305,14:18:03,2.75,--,3,825,买盘
306,14:17:54,2.75,--,3,825,买盘
307,14:17:42,2.75,--,13,3685,卖盘
308,14:17:30,2.75,-0.01,29,8140,中性盘
309,14:17:12,2.76,0.01,160,44160,买盘
310,14:17:03,2.75,--,37,10175,买盘
311,14:16:57,2.75,--,262,72160,卖盘
312,14:16:54,2.75,--,50,13750,卖盘
313,14:16:51,2.75,--,26,7150,卖盘
314,14:16:45,2.75,--,140,38500,卖盘
315,14:16:39,2.75,--,50,13750,卖盘
316,14:16:36,2.75,--,1433,394075,卖盘
317,14:16:24,2.75,--,50,13750,卖盘
318,14:16:18,2.75,-0.01,50,13750,卖盘
319,14:16:09,2.76,0.01,5,1380,买盘
320,14:16:03,2.75,-0.01,40,11000,卖盘
321,14:16:00,2.76,0.01,1,276,买盘
322,14:15:57,2.75,--,17,4675,卖盘
323,14:15:54,2.75,--,33,9075,卖盘
324,14:15:48,2.75,--,172,47300,卖盘
325,14:15:36,2.75,--,36,9900,卖盘
326,14:15:27,2.75,--,20,5500,卖盘
327,14:15:18,2.75,--,210,57750,卖盘
328,14:15:15,2.75,--,30,8250,卖盘
329,14:15:12,2.75,--,1,275,卖盘
330,14:15:03,2.75,--,360,99000,卖盘
331,14:14:57,2.75,-0.01,661,181775,卖盘
332,14:14:33,2.76,0.01,26,7175,买盘
333,14:14:18,2.75,--,3,825,卖盘
334,14:14:15,2.75,-0.01,62,17160,卖盘
335,14:14:03,2.76,--,21,5796,买盘
336,14:13:36,2.76,0.01,33,9108,买盘
337,14:13:33,2.75,-0.01,20,5500,卖盘
338,14:13:09,2.76,0.01,1,276,买盘
339,14:13:03,2.75,-0.01,6,1650,卖盘
340,14:13:00,2.76,--,3,827,买盘
341,14:12:48,2.76,0.01,40,11040,买盘
342,14:12:36,2.75,-0.01,120,33000,卖盘
343,14:12:24,2.76,--,63,17388,买盘
344,14:12:12,2.76,0.01,39,10764,买盘
345,14:11:51,2.75,-0.01,9,2475,卖盘
346,14:11:48,2.76,--,42,11592,买盘
347,14:11:42,2.76,0.01,23,6347,买盘
348,14:11:33,2.75,-0.01,43,11825,卖盘
349,14:11:27,2.76,--,40,11040,买盘
350,14:11:21,2.76,0.01,40,11040,买盘
351,14:11:18,2.75,--,10,2750,卖盘
352,14:11:15,2.75,--,16,4400,卖盘
353,14:11:09,2.75,-0.01,9,2475,卖盘
354,14:11:03,2.76,0.01,40,11040,买盘
355,14:10:51,2.75,--,2,550,卖盘
356,14:10:42,2.75,--,2,550,卖盘
357,14:10:36,2.75,-0.01,10,2750,卖盘
358,14:10:27,2.76,0.01,40,11040,买盘
359,14:10:18,2.75,--,20,5500,卖盘
360,14:09:57,2.75,--,14,3850,卖盘
361,14:09:51,2.75,--,51,14245,卖盘
362,14:09:15,2.75,--,43,11935,卖盘
363,14:09:06,2.75,-0.01,102,28050,卖盘
364,14:09:03,2.76,--,40,11040,买盘
365,14:09:00,2.76,--,80,22080,买盘
366,14:08:27,2.76,--,1,276,买盘
367,14:08:24,2.76,--,268,73968,买盘
368,14:08:15,2.76,0.01,4,1104,买盘
369,14:08:12,2.75,-0.01,3,825,卖盘
370,14:08:03,2.76,--,10,2760,买盘
371,14:07:45,2.76,--,4,1104,买盘
372,14:07:36,2.76,0.01,176,48575,买盘
373,14:07:33,2.75,--,45,12375,卖盘
374,14:07:30,2.75,-0.01,7,1925,卖盘
375,14:07:27,2.76,--,78,21528,买盘
376,14:07:18,2.76,--,1008,278257,卖盘
377,14:07:15,2.76,--,37,10432,卖盘
378,14:07:03,2.76,-0.01,53,14627,卖盘
379,14:06:54,2.77,--,30,8310,买盘
380,14:06:45,2.77,0.01,50,13850,买盘
381,14:06:42,2.76,--,100,27599,卖盘
382,14:06:39,2.76,-0.01,90,24839,卖盘
383,14:06:36,2.77,--,2,554,买盘
384,14:06:33,2.77,0.01,9,2493,买盘
385,14:06:18,2.76,-0.01,200,55199,卖盘
386,14:06:12,2.77,0.01,50,13850,买盘
387,14:06:09,2.76,--,82,22687,卖盘
388,14:06:03,2.76,--,36,9936,卖盘
389,14:06:00,2.76,--,32,8832,卖盘
390,14:05:57,2.76,-0.01,50,13799,卖盘
391,14:05:54,2.77,--,31,8587,买盘
392,14:05:48,2.77,--,11,3047,买盘
393,14:05:42,2.77,0.01,10,2770,买盘
394,14:05:36,2.76,-0.01,10,2760,卖盘
395,14:05:30,2.77,--,42,11634,买盘
396,14:05:21,2.77,--,102,28254,买盘
397,14:05:12,2.77,--,20,5540,买盘
398,14:05:09,2.77,0.01,65,18226,买盘
399,14:05:06,2.76,--,5,1380,卖盘
400,14:05:00,2.76,--,40,11040,卖盘
401,14:04:57,2.76,-0.01,15,4140,卖盘
402,14:04:54,2.77,0.01,51,14127,买盘
403,14:04:51,2.76,-0.01,117,32291,卖盘
404,14:04:48,2.77,--,33,9141,买盘
405,14:04:45,2.77,0.01,2,554,买盘
406,14:04:42,2.76,--,53,14683,卖盘
407,14:04:36,2.76,--,51,14075,卖盘
408,14:04:33,2.76,--,51,14075,卖盘
409,14:04:30,2.76,--,61,17001,卖盘
410,14:04:21,2.76,--,54,14903,卖盘
411,14:04:18,2.76,--,33,9218,卖盘
412,14:04:15,2.76,--,50,13799,卖盘
413,14:04:06,2.76,--,62,17338,买盘
414,14:04:03,2.76,--,53,14627,买盘
415,14:04:00,2.76,--,20,5520,买盘
416,14:03:57,2.76,--,389,107363,买盘
417,14:03:51,2.76,--,51,14075,买盘
418,14:03:48,2.76,--,55,15179,买盘
419,14:03:39,2.76,--,1100,303600,买盘
420,14:03:30,2.76,--,300,82800,买盘
421,14:03:21,2.76,--,2000,552000,买盘
422,14:03:18,2.76,--,49,13523,买盘
423,14:03:15,2.76,--,5,1380,买盘
424,14:03:09,2.76,--,254,70104,买盘
425,14:03:03,2.76,0.01,2587,714012,买盘
426,14:02:51,2.75,--,196,53900,卖盘
427,14:02:30,2.75,--,10,2750,卖盘
428,14:02:24,2.75,--,50,13750,卖盘
429,14:02:06,2.75,--,18,4950,卖盘
430,14:01:54,2.75,--,290,79750,卖盘
431,14:01:51,2.75,--,1,275,卖盘
432,14:01:48,2.75,-0.01,50,13750,卖盘
433,14:01:45,2.76,0.01,10,2760,买盘
434,14:01:42,2.75,--,400,110000,卖盘
435,14:01:39,2.75,-0.01,30,8250,卖盘
436,14:01:21,2.76,0.01,100,27599,买盘
437,14:01:18,2.75,-0.01,92,25300,卖盘
438,14:01:15,2.76,--,1,276,买盘
439,14:01:00,2.76,0.01,1,276,买盘
440,14:00:57,2.75,--,100,27500,卖盘
441,14:00:45,2.75,--,54,14850,卖盘
442,14:00:42,2.75,-0.01,85,23485,卖盘
443,14:00:39,2.76,--,80,22080,买盘
444,14:00:36,2.76,--,40,11040,买盘
445,14:00:33,2.76,0.01,40,11040,买盘
446,14:00:21,2.75,--,991,272635,买盘
447,14:00:18,2.75,0.01,355,97625,买盘
448,14:00:15,2.74,--,0,219,卖盘
449,14:00:00,2.74,-0.01,11,3014,卖盘
450,13:59:54,2.75,0.01,60,16500,买盘
451,13:59:48,2.74,-0.01,3,822,卖盘
452,13:59:27,2.75,0.01,5,1375,买盘
453,13:59:09,2.74,-0.01,4,1096,卖盘
454,13:58:18,2.75,--,10,2750,买盘
455,13:58:15,2.75,0.01,1005,276375,买盘
456,13:58:09,2.74,-0.01,3,822,卖盘
457,13:57:39,2.75,--,246,67677,卖盘
458,13:57:36,2.75,--,270,74250,卖盘
459,13:57:33,2.75,--,55,15125,卖盘
460,13:57:30,2.75,--,12,3300,卖盘
461,13:57:24,2.75,--,500,137500,卖盘
462,13:57:15,2.75,--,37,10175,卖盘
463,13:57:12,2.75,-0.01,300,82500,卖盘
464,13:57:09,2.76,0.01,1,276,买盘
465,13:56:57,2.75,-0.01,500,137500,卖盘
466,13:56:54,2.76,0.01,8,2208,买盘
467,13:56:51,2.75,--,10,2750,卖盘
468,13:56:45,2.75,--,8,2200,卖盘
469,13:56:42,2.75,--,18,4950,卖盘
470,13:56:36,2.75,--,163,44825,卖盘
471,13:56:21,2.75,-0.01,10,2750,卖盘
472,13:56:15,2.76,--,60,16560,买盘
473,13:56:12,2.76,0.01,1,276,买盘
474,13:56:06,2.75,-0.01,30,8250,卖盘
475,13:55:54,2.76,--,24,6623,买盘
476,13:55:30,2.76,--,28,7727,买盘
477,13:55:21,2.76,--,2,552,买盘
478,13:55:15,2.76,0.01,500,138000,买盘
479,13:55:09,2.75,--,41,11385,卖盘
480,13:55:06,2.75,-0.01,20,5500,卖盘
481,13:55:00,2.76,--,7,2152,买盘
482,13:54:51,2.76,--,7,1931,买盘
483,13:54:48,2.76,0.01,90,24839,买盘
484,13:54:45,2.75,-0.01,162,44550,卖盘
485,13:54:42,2.76,--,100,27599,买盘
486,13:54:36,2.76,--,2,552,买盘
487,13:54:21,2.76,--,23,6347,买盘
488,13:54:15,2.76,--,2,552,买盘
489,13:54:12,2.76,0.01,29,8003,买盘
490,13:54:09,2.75,-0.01,47,12925,卖盘
491,13:54:00,2.76,0.01,1,276,买盘
492,13:53:27,2.75,-0.01,4,1100,卖盘
493,13:53:09,2.76,0.01,40,11040,买盘
494,13:53:06,2.75,--,1858,511142,买盘
495,13:53:00,2.75,--,2001,550440,买盘
496,13:52:57,2.75,--,390,107250,买盘
497,13:52:45,2.75,--,100,27500,买盘
498,13:52:42,2.75,0.01,20,5500,买盘
499,13:52:36,2.74,-0.01,58,15892,卖盘
500,13:52:21,2.75,--,300,82500,买盘
501,13:52:18,2.75,0.01,10,2750,买盘
502,13:52:09,2.74,-0.01,21,5754,卖盘
503,13:51:57,2.75,--,1,275,买盘
504,13:51:33,2.75,--,32,8800,买盘
505,13:51:24,2.75,--,100,27500,买盘
506,13:50:30,2.75,--,6,1650,买盘
507,13:50:27,2.75,0.01,5,1375,买盘
508,13:50:21,2.74,-0.01,9,2630,卖盘
509,13:49:51,2.75,--,4,1100,买盘
510,13:49:24,2.75,0.01,4,1100,买盘
511,13:49:12,2.74,--,2,548,卖盘
512,13:49:00,2.74,--,150,41264,卖盘
513,13:48:27,2.74,-0.01,20,5480,卖盘
514,13:48:24,2.75,--,80,22000,买盘
515,13:48:21,2.75,0.01,80,22000,买盘
516,13:48:00,2.74,-0.01,309,84885,卖盘
517,13:47:57,2.75,--,50,13750,买盘
518,13:47:54,2.75,0.01,11,3025,买盘
519,13:47:48,2.74,-0.01,75,20659,卖盘
520,13:47:30,2.75,--,200,55000,买盘
521,13:47:27,2.75,0.01,7,2145,买盘
522,13:47:24,2.74,--,340,93324,卖盘
523,13:47:15,2.74,-0.01,44,12056,卖盘
524,13:47:09,2.75,--,12,3300,买盘
525,13:47:06,2.75,--,44,12100,买盘
526,13:47:03,2.75,--,82,22550,买盘
527,13:47:00,2.75,--,63,17325,买盘
528,13:46:57,2.75,--,40,11000,买盘
529,13:46:54,2.75,--,42,11550,买盘
530,13:46:48,2.75,--,142,39050,买盘
531,13:46:42,2.75,--,5,1375,买盘
532,13:46:24,2.75,0.01,193,53075,买盘
533,13:46:15,2.74,-0.01,200,54800,卖盘
534,13:45:48,2.75,0.01,123,33825,买盘
535,13:45:42,2.74,-0.01,10,2740,卖盘
536,13:45:33,2.75,--,16,4400,买盘
537,13:45:24,2.75,--,40,11000,买盘
538,13:44:09,2.75,0.01,10,2750,买盘
539,13:44:00,2.74,-0.01,60,16440,卖盘
540,13:43:48,2.75,--,32,8800,买盘
541,13:43:33,2.75,0.01,4,1100,买盘
542,13:43:27,2.74,-0.01,2,767,卖盘
543,13:43:21,2.75,--,11,3025,买盘
544,13:43:09,2.75,--,49,13475,买盘
545,13:42:39,2.75,--,322,88550,买盘
546,13:42:24,2.75,0.01,1,275,买盘
547,13:41:45,2.74,--,3018,827156,买盘
548,13:41:21,2.74,--,5,1370,买盘
549,13:41:18,2.74,--,1,274,买盘
550,13:41:09,2.74,--,40,10960,买盘
551,13:41:03,2.74,0.01,42,11508,买盘
552,13:41:00,2.73,-0.01,5,1365,卖盘
553,13:40:51,2.74,0.01,4,1096,买盘
554,13:40:45,2.73,-0.01,171,46683,卖盘
555,13:40:12,2.74,0.01,2,548,买盘
556,13:39:42,2.73,--,200,54600,卖盘
557,13:39:39,2.73,--,341,93093,卖盘
558,13:39:18,2.73,-0.01,100,27300,卖盘
559,13:39:15,2.74,--,3,822,买盘
560,13:39:12,2.74,0.01,4,1096,买盘
561,13:39:03,2.73,-0.01,12,3276,卖盘
562,13:38:57,2.74,--,1,274,买盘
563,13:38:51,2.74,--,1000,274000,买盘
564,13:38:45,2.74,--,115,31510,买盘
565,13:38:39,2.74,--,2,548,买盘
566,13:38:18,2.74,--,65,17810,买盘
567,13:37:57,2.74,--,5,1370,买盘
568,13:37:12,2.74,0.01,90,24660,买盘
569,13:37:09,2.73,--,63,17199,卖盘
570,13:36:42,2.73,--,132,36036,卖盘
571,13:36:36,2.73,-0.01,20,5514,卖盘
572,13:36:27,2.74,--,40,10960,买盘
573,13:36:18,2.74,0.01,20,5480,买盘
574,13:36:15,2.73,-0.01,30,8190,卖盘
575,13:36:12,2.74,0.01,42,11508,买盘
576,13:35:57,2.73,--,42,11646,买盘
577,13:35:54,2.73,--,4,1092,买盘
578,13:35:51,2.73,--,1563,426699,买盘
579,13:35:48,2.73,--,3,819,买盘
580,13:35:45,2.73,--,200,54600,买盘
581,13:35:42,2.73,--,93,25389,买盘
582,13:35:39,2.73,--,100,27300,买盘
583,13:35:36,2.73,--,100,27300,买盘
584,13:35:33,2.73,0.01,137,37401,买盘
585,13:35:30,2.72,-0.01,20,5548,卖盘
586,13:35:27,2.73,--,40,10920,买盘
587,13:35:24,2.73,--,7,1911,买盘
588,13:35:18,2.73,--,29,8026,买盘
589,13:35:15,2.73,--,30,8190,买盘
590,13:35:12,2.73,--,20,5460,买盘
591,13:35:09,2.73,--,125,34125,买盘
592,13:35:03,2.73,0.01,144,39312,买盘
593,13:34:57,2.72,--,180,48960,卖盘
594,13:34:54,2.72,-0.01,147,39984,卖盘
595,13:34:51,2.73,0.01,1000,273000,买盘
596,13:34:39,2.72,--,4,1088,卖盘
597,13:34:00,2.72,--,10,2720,卖盘
598,13:33:51,2.72,-0.01,13,3536,卖盘
599,13:33:24,2.73,0.01,1,273,买盘
600,13:33:18,2.72,--,7,1904,卖盘
601,13:32:57,2.72,--,1,489,卖盘
602,13:32:51,2.72,--,5,1468,卖盘
603,13:32:27,2.72,--,27,7344,卖盘
604,13:32:24,2.72,--,10,2720,卖盘
605,13:32:15,2.72,-0.01,100,27200,卖盘
606,13:32:12,2.73,0.01,700,191100,买盘
607,13:32:00,2.72,-0.01,6,1632,卖盘
608,13:31:39,2.73,0.01,2,546,买盘
609,13:31:36,2.72,--,12,3264,卖盘
610,13:31:33,2.72,--,500,136054,卖盘
611,13:31:21,2.72,--,11,2992,卖盘
612,13:31:15,2.72,--,50,13600,卖盘
613,13:31:06,2.72,--,216,58752,卖盘
614,13:30:54,2.72,--,1,272,卖盘
615,13:30:48,2.72,-0.01,41,11260,卖盘
616,13:30:45,2.73,--,3,819,买盘
617,13:30:42,2.73,0.01,37,10101,买盘
618,13:30:27,2.72,--,10,2720,卖盘
619,13:29:51,2.72,--,100,27200,卖盘
620,13:29:48,2.72,--,2,544,卖盘
621,13:29:45,2.72,--,101,27472,卖盘
622,13:29:30,2.72,--,400,108908,卖盘
623,13:29:27,2.72,--,6,1632,卖盘
624,13:29:24,2.72,--,147,39984,卖盘
625,13:29:12,2.72,--,37,10064,卖盘
626,13:29:03,2.72,--,10,2720,卖盘
627,13:28:57,2.72,--,2,544,卖盘
628,13:28:51,2.72,--,10,2720,卖盘
629,13:28:45,2.72,--,30,8160,卖盘
630,13:28:42,2.72,-0.01,9,2448,卖盘
631,13:27:57,2.73,0.01,3,819,买盘
632,13:27:45,2.72,-0.01,50,13600,卖盘
633,13:27:39,2.73,0.01,40,10920,买盘
634,13:27:27,2.72,--,10,2720,卖盘
635,13:27:24,2.72,-0.01,150,40800,卖盘
636,13:26:54,2.73,0.01,12,3276,买盘
637,13:26:48,2.72,--,30,8160,卖盘
638,13:26:33,2.72,-0.01,3,816,卖盘
639,13:26:27,2.73,0.01,12,3276,买盘
640,13:26:24,2.72,--,20,5440,卖盘
641,13:26:15,2.72,--,3,816,卖盘
642,13:26:09,2.72,-0.01,60,16320,卖盘
643,13:26:03,2.73,0.01,1,273,买盘
644,13:25:48,2.72,--,100,27200,卖盘
645,13:25:45,2.72,--,24,6528,卖盘
646,13:25:36,2.72,--,29,7888,卖盘
647,13:25:18,2.72,--,12,3427,卖盘
648,13:25:15,2.72,-0.01,9,2448,卖盘
649,13:25:06,2.73,0.01,2,546,买盘
650,13:24:57,2.72,-0.01,50,13600,卖盘
651,13:24:54,2.73,--,1,273,买盘
652,13:24:45,2.73,0.01,10,2730,买盘
653,13:24:27,2.72,-0.01,50,13600,卖盘
654,13:24:15,2.73,0.01,10,2730,买盘
655,13:24:09,2.72,--,10,2720,卖盘
656,13:24:03,2.72,-0.01,200,54400,卖盘
657,13:23:51,2.73,0.01,300,81900,买盘
658,13:23:45,2.72,--,18,4896,卖盘
659,13:23:36,2.72,--,9,2448,卖盘
660,13:23:33,2.72,--,8,2176,卖盘
661,13:23:27,2.72,-0.01,1,489,卖盘
662,13:23:15,2.73,--,14,3822,买盘
663,13:23:12,2.73,--,4,1092,买盘
664,13:23:00,2.73,0.01,32,8736,买盘
665,13:22:51,2.72,-0.01,40,11097,卖盘
666,13:22:48,2.73,0.01,1,273,买盘
667,13:22:45,2.72,--,18,4896,卖盘
668,13:22:36,2.72,--,50,13600,卖盘
669,13:22:12,2.72,--,12,3481,卖盘
670,13:22:00,2.72,-0.01,16,4352,卖盘
671,13:21:42,2.73,0.01,40,10920,买盘
672,13:21:36,2.72,--,20,5440,卖盘
673,13:21:27,2.72,--,2,544,卖盘
674,13:21:21,2.72,--,110,29920,卖盘
675,13:21:15,2.72,--,20,5440,卖盘
676,13:20:54,2.72,-0.01,140,38188,卖盘
677,13:20:51,2.73,0.01,2,546,买盘
678,13:20:42,2.72,-0.01,0,163,卖盘
679,13:20:39,2.73,--,10,2730,买盘
680,13:20:30,2.73,--,24,6552,买盘
681,13:20:24,2.73,--,9,2457,买盘
682,13:20:06,2.73,0.01,1,273,买盘
683,13:20:00,2.72,-0.01,140,38297,卖盘
684,13:19:30,2.73,0.01,100,27300,买盘
685,13:18:57,2.72,--,1,272,卖盘
686,13:18:45,2.72,--,1,272,卖盘
687,13:18:33,2.72,--,1,489,卖盘
688,13:18:27,2.72,-0.01,20,5440,卖盘
689,13:18:15,2.73,--,300,81900,买盘
690,13:18:12,2.73,0.01,44,12012,买盘
691,13:18:09,2.72,--,20,5440,卖盘
692,13:18:03,2.72,--,27,7344,卖盘
693,13:17:57,2.72,-0.01,138,37699,卖盘
694,13:17:48,2.73,0.01,20,5460,买盘
695,13:17:45,2.72,--,41,11152,卖盘
696,13:17:27,2.72,--,12,3264,卖盘
697,13:17:00,2.72,--,1,489,卖盘
698,13:16:42,2.72,-0.01,90,24480,卖盘
699,13:16:30,2.73,0.01,100,27300,买盘
700,13:16:24,2.72,-0.01,300,81600,卖盘
701,13:16:18,2.73,0.01,1,273,买盘
702,13:16:09,2.72,-0.01,64,17625,卖盘
703,13:16:00,2.73,--,9,2457,买盘
704,13:15:54,2.73,0.01,1,273,买盘
705,13:15:39,2.72,-0.01,300,81600,卖盘
706,13:15:36,2.73,0.01,2,546,买盘
707,13:15:30,2.72,--,5,1468,卖盘
708,13:15:24,2.72,--,18,4896,卖盘
709,13:15:15,2.72,--,15,4297,卖盘
710,13:15:06,2.72,--,1000,272000,卖盘
711,13:14:57,2.72,-0.01,0,163,卖盘
712,13:14:48,2.73,0.01,2,546,买盘
713,13:14:27,2.72,-0.01,12,3427,卖盘
714,13:14:00,2.73,--,1,273,买盘
715,13:13:57,2.73,0.01,3,819,买盘
716,13:13:48,2.72,--,62,16864,卖盘
717,13:13:06,2.72,--,9,2448,卖盘
718,13:12:57,2.72,--,5,1468,卖盘
719,13:12:45,2.72,-0.01,7,1904,卖盘
720,13:12:42,2.73,--,4,1092,买盘
721,13:12:36,2.73,0.01,2,546,买盘
722,13:12:27,2.72,--,60,16320,卖盘
723,13:12:21,2.72,-0.01,137,37264,卖盘
724,13:12:15,2.73,--,37,10101,买盘
725,13:12:00,2.73,0.01,4,1092,买盘
726,13:11:48,2.72,-0.01,633,172339,卖盘
727,13:11:21,2.73,--,6,1638,买盘
728,13:11:12,2.73,0.01,8,2184,买盘
729,13:10:57,2.72,-0.01,3,816,卖盘
730,13:09:42,2.73,0.01,4,1092,买盘
731,13:09:36,2.72,--,18,4896,卖盘
732,13:09:06,2.72,-0.01,1,489,卖盘
733,13:08:48,2.73,--,60,16380,买盘
734,13:08:12,2.73,0.01,2,546,买盘
735,13:07:57,2.72,-0.01,27,7344,卖盘
736,13:07:45,2.73,--,22,6006,买盘
737,13:07:33,2.73,0.01,73,20092,买盘
738,13:07:30,2.72,-0.01,14,3808,卖盘
739,13:07:21,2.73,0.01,45,12285,买盘
740,13:07:09,2.72,--,422,114784,卖盘
741,13:07:03,2.72,--,27,7344,卖盘
742,13:06:57,2.72,--,50,13600,卖盘
743,13:06:54,2.72,-0.01,51,13872,卖盘
744,13:06:51,2.73,0.01,3,819,买盘
745,13:06:15,2.72,--,5,1360,卖盘
746,13:06:06,2.72,--,900,244800,卖盘
747,13:05:27,2.72,--,3,816,卖盘
748,13:05:24,2.72,--,12,3427,卖盘
749,13:05:00,2.72,-0.01,16,4352,卖盘
750,13:04:57,2.73,--,2,546,买盘
751,13:04:45,2.73,0.01,200,54600,买盘
752,13:04:36,2.72,--,67,18224,卖盘
753,13:04:24,2.72,--,28,7833,卖盘
754,13:04:21,2.72,-0.01,142,38678,卖盘
755,13:04:15,2.73,0.01,2,546,买盘
756,13:04:09,2.72,-0.01,2,544,卖盘
757,13:04:06,2.73,--,10,2730,买盘
758,13:03:36,2.73,--,83,22659,买盘
759,13:03:27,2.73,--,2,546,买盘
760,13:03:15,2.73,--,21,5733,买盘
761,13:03:03,2.73,--,1,273,买盘
762,13:02:42,2.73,0.01,1,273,买盘
763,13:01:30,2.72,--,3,816,卖盘
764,13:01:27,2.72,-0.01,55,15177,卖盘
765,13:01:24,2.73,--,50,13650,买盘
766,13:01:18,2.73,--,22,6006,买盘
767,13:01:12,2.73,--,20,5460,买盘
768,13:01:00,2.73,--,2,546,买盘
769,13:00:45,2.73,--,5,1365,买盘
770,13:00:42,2.73,--,90,24570,买盘
771,13:00:12,2.73,--,30,8190,买盘
772,13:00:09,2.73,0.01,365,99645,买盘
773,13:00:06,2.72,-0.01,94,25731,卖盘
774,13:00:03,2.73,--,388,105978,买盘
775,13:00:00,2.73,--,0,0,买盘
776,11:30:00,2.73,0.01,2,546,买盘
777,11:29:18,2.72,--,20,5440,卖盘
778,11:29:15,2.72,--,44,11968,卖盘
779,11:29:12,2.72,--,5,1360,卖盘
780,11:28:39,2.72,-0.01,11,2992,卖盘
781,11:28:36,2.73,0.01,5,1365,买盘
782,11:28:33,2.72,--,201,54889,卖盘
783,11:27:57,2.72,-0.01,604,164288,卖盘
784,11:27:54,2.73,--,13,3712,买盘
785,11:27:00,2.73,--,19,5187,买盘
786,11:26:36,2.73,0.01,312,85176,买盘
787,11:26:30,2.72,-0.01,27,7344,卖盘
788,11:26:15,2.73,0.01,1,273,买盘
789,11:25:57,2.72,-0.01,200,54400,卖盘
790,11:25:54,2.73,0.01,18,4914,买盘
791,11:25:45,2.72,-0.01,10,2720,卖盘
792,11:25:21,2.73,--,145,39585,买盘
793,11:25:09,2.73,--,474,129402,买盘
794,11:25:06,2.73,--,31,8463,买盘
795,11:24:36,2.73,--,5,1365,买盘
796,11:24:33,2.73,0.01,10,2730,买盘
797,11:24:30,2.72,-0.01,10,2720,卖盘
798,11:24:18,2.73,0.01,3,819,买盘
799,11:24:09,2.72,--,9,2448,卖盘
800,11:23:54,2.72,-0.01,90,24480,卖盘
801,11:23:51,2.73,0.01,3,819,买盘
802,11:23:36,2.72,--,340,92480,卖盘
803,11:23:30,2.72,-0.01,0,108,卖盘
804,11:23:27,2.73,0.01,3,819,买盘
805,11:23:24,2.72,-0.01,5,1360,卖盘
806,11:23:12,2.73,--,41,11193,买盘
807,11:23:03,2.73,0.01,50,13650,买盘
808,11:22:57,2.72,--,4,1088,卖盘
809,11:22:54,2.72,--,1,435,卖盘
810,11:22:30,2.72,-0.01,36,9792,卖盘
811,11:22:21,2.73,--,5,1365,买盘
812,11:22:12,2.73,0.01,50,13650,买盘
813,11:22:06,2.72,-0.01,400,108800,卖盘
814,11:21:57,2.73,--,30,8190,买盘
815,11:21:54,2.73,0.01,16,4368,买盘
816,11:21:45,2.72,--,80,21760,卖盘
817,11:21:06,2.72,--,16,4406,卖盘
818,11:20:54,2.72,-0.01,169,45968,卖盘
819,11:20:45,2.73,0.01,10,2730,买盘
820,11:20:42,2.72,-0.01,4,1088,卖盘
821,11:20:21,2.73,0.01,20,5460,买盘
822,11:20:18,2.72,--,2,544,卖盘
823,11:20:12,2.72,-0.01,20,5440,卖盘
824,11:19:33,2.73,0.01,2,546,买盘
825,11:19:18,2.72,--,29,7888,卖盘
826,11:19:06,2.72,--,20,5440,卖盘
827,11:18:36,2.72,-0.01,17,4624,卖盘
828,11:18:27,2.73,--,1,273,买盘
829,11:18:21,2.73,--,55,15015,买盘
830,11:18:18,2.73,0.01,11,3003,买盘
831,11:18:15,2.72,--,2,544,卖盘
832,11:17:57,2.72,-0.01,2,544,卖盘
833,11:17:51,2.73,--,120,32760,买盘
834,11:17:48,2.73,0.01,5,1365,买盘
835,11:17:33,2.72,--,50,13600,卖盘
836,11:17:15,2.72,--,28,7616,卖盘
837,11:17:12,2.72,--,5,1468,卖盘
838,11:16:51,2.72,--,25,6854,卖盘
839,11:16:33,2.72,--,200,54400,卖盘
840,11:16:15,2.72,--,20,5440,卖盘
841,11:16:06,2.72,--,5,1360,卖盘
842,11:15:57,2.72,--,5,1360,卖盘
843,11:15:42,2.72,-0.01,49,13328,卖盘
844,11:15:27,2.73,--,1,273,买盘
845,11:15:21,2.73,--,1,273,买盘
846,11:15:06,2.73,0.01,30,8190,买盘
847,11:15:00,2.72,-0.01,5,1360,卖盘
848,11:14:57,2.73,--,1,273,买盘
849,11:14:54,2.73,0.01,13,3549,买盘
850,11:14:30,2.72,--,50,13600,卖盘
851,11:14:21,2.72,-0.01,12,3264,卖盘
852,11:13:30,2.73,0.01,50,13650,买盘
853,11:13:18,2.72,--,35,9520,卖盘
854,11:13:09,2.72,--,138,37536,卖盘
855,11:13:06,2.72,--,20,5440,卖盘
856,11:12:42,2.72,-0.01,18,4896,卖盘
857,11:12:36,2.73,0.01,50,13650,买盘
858,11:12:24,2.72,-0.01,239,65116,卖盘
859,11:12:06,2.73,--,120,32760,买盘
860,11:11:54,2.73,0.01,279,76167,买盘
861,11:11:27,2.72,--,46,12566,买盘
862,11:11:24,2.72,--,33,8976,买盘
863,11:11:21,2.72,--,17,4841,卖盘
864,11:11:15,2.72,--,2,598,买盘
865,11:11:12,2.72,--,138,37536,买盘
866,11:11:00,2.72,--,30,8160,买盘
867,11:10:51,2.72,--,26,7072,买盘
868,11:10:45,2.72,-0.01,323,88073,卖盘
869,11:10:42,2.73,0.01,1238,337974,买盘
870,11:10:27,2.72,-0.01,3,816,卖盘
871,11:10:21,2.73,0.01,2,546,买盘
872,11:10:09,2.72,--,0,163,卖盘
873,11:09:54,2.72,--,35,9683,买盘
874,11:09:51,2.72,0.01,16,4352,买盘
875,11:09:42,2.71,-0.01,3,813,卖盘
876,11:09:39,2.72,0.01,30,8160,买盘
877,11:09:27,2.71,-0.01,0,216,卖盘
878,11:09:18,2.72,--,1,272,买盘
879,11:09:09,2.72,--,5,1360,买盘
880,11:09:06,2.72,--,6,1632,买盘
881,11:08:57,2.72,-0.01,5,1414,卖盘
882,11:08:42,2.73,0.01,6,1638,买盘
883,11:08:33,2.72,--,39,10608,卖盘
884,11:08:27,2.72,--,13,3536,卖盘
885,11:08:18,2.72,--,52,14144,卖盘
886,11:08:15,2.72,--,92,25132,卖盘
887,11:08:12,2.72,--,30,8160,卖盘
888,11:08:09,2.72,-0.01,10,2720,卖盘
889,11:07:51,2.73,0.01,4,1092,买盘
890,11:07:45,2.72,--,3,816,卖盘
891,11:07:42,2.72,-0.01,26,7072,卖盘
892,11:07:36,2.73,0.01,134,36582,买盘
893,11:07:21,2.72,--,16,4352,卖盘
894,11:07:18,2.72,--,95,25948,买盘
895,11:07:15,2.72,--,26,7072,买盘
896,11:07:06,2.72,--,45,12403,卖盘
897,11:06:51,2.72,--,12,3372,卖盘
898,11:06:45,2.72,0.01,58,15776,买盘
899,11:06:30,2.71,-0.01,20,5420,卖盘
900,11:06:18,2.72,--,3,1033,卖盘
901,11:06:15,2.72,--,46,12566,买盘
902,11:06:09,2.72,--,7,2121,卖盘
903,11:06:06,2.72,0.01,12,3318,买盘
904,11:05:54,2.71,-0.01,27,7317,卖盘
905,11:05:51,2.72,--,1,272,买盘
906,11:05:48,2.72,--,2,544,买盘
907,11:05:42,2.72,--,5,1577,卖盘
908,11:05:39,2.72,--,100,27200,卖盘
909,11:05:33,2.72,-0.01,101,27472,卖盘
910,11:05:30,2.73,0.01,349,95495,买盘
911,11:05:24,2.72,-0.01,100,27200,卖盘
912,11:05:12,2.73,0.01,8,2184,买盘
913,11:04:57,2.72,--,74,20128,卖盘
914,11:04:48,2.72,0.01,206,56140,买盘
915,11:04:42,2.71,-0.01,5,1355,卖盘
916,11:04:36,2.72,--,320,87040,买盘
917,11:04:33,2.72,--,40,10880,买盘
918,11:04:24,2.72,--,1,272,买盘
919,11:04:21,2.72,0.01,30,8160,买盘
920,11:04:18,2.71,--,1,271,卖盘
921,11:04:12,2.71,-0.01,2023,548233,卖盘
922,11:04:09,2.72,--,2,544,买盘
923,11:04:00,2.72,0.01,50,13600,买盘
924,11:03:57,2.71,-0.01,7,1897,卖盘
925,11:03:51,2.72,--,1,272,买盘
926,11:03:42,2.72,0.01,40,10880,买盘
927,11:03:27,2.71,--,9,2601,卖盘
928,11:03:21,2.71,--,60,16260,卖盘
929,11:03:18,2.71,--,0,216,卖盘
930,11:03:15,2.71,-0.01,50,13550,卖盘
931,11:03:12,2.72,0.01,1,272,买盘
932,11:03:09,2.71,--,162,43902,卖盘
933,11:03:06,2.71,-0.01,29,7913,卖盘
934,11:02:54,2.72,--,40,10880,买盘
935,11:02:51,2.72,0.01,1,272,买盘
936,11:02:45,2.71,-0.01,160,43360,卖盘
937,11:02:33,2.72,0.01,3,816,买盘
938,11:02:24,2.71,-0.01,18,4878,卖盘
939,11:02:18,2.72,--,2,544,买盘
940,11:02:06,2.72,--,10,2720,买盘
941,11:01:54,2.72,--,10,2720,买盘
942,11:01:48,2.72,--,80,21760,卖盘
943,11:01:45,2.72,--,50,13600,卖盘
944,11:01:42,2.72,--,28,7616,卖盘
945,11:01:39,2.72,-0.01,7,1904,卖盘
946,11:01:33,2.73,0.01,117,31941,买盘
947,11:01:30,2.72,--,6,1740,卖盘
948,11:01:21,2.72,--,12,3264,卖盘
949,11:01:18,2.72,--,50,13600,卖盘
950,11:01:12,2.72,--,8,2176,卖盘
951,11:01:06,2.72,--,10,2720,卖盘
952,11:01:03,2.72,--,8,2176,卖盘
953,11:00:57,2.72,--,24,6636,卖盘
954,11:00:48,2.72,--,42,11424,卖盘
955,11:00:27,2.72,--,127,34761,卖盘
956,11:00:21,2.72,--,18,4896,卖盘
957,11:00:15,2.72,--,561,152592,卖盘
958,11:00:12,2.72,--,1,489,卖盘
959,11:00:09,2.72,--,88,23990,卖盘
960,11:00:00,2.72,-0.01,250,68000,卖盘
961,10:59:57,2.73,--,18,4914,买盘
962,10:59:51,2.73,0.01,15,4095,买盘
963,10:59:45,2.72,--,35,9520,卖盘
964,10:59:42,2.72,-0.01,33,8976,卖盘
965,10:59:39,2.73,0.01,3,819,买盘
966,10:59:36,2.72,--,173,47056,卖盘
967,10:59:33,2.72,--,1,272,卖盘
968,10:59:27,2.72,--,212,57664,卖盘
969,10:59:06,2.72,--,7,1904,卖盘
970,10:58:57,2.72,-0.01,108,29376,卖盘
971,10:58:54,2.73,0.01,2,546,买盘
972,10:58:51,2.72,-0.01,18,4896,卖盘
973,10:58:48,2.73,0.01,10,2730,买盘
974,10:58:36,2.72,-0.01,18,4896,卖盘
975,10:58:09,2.73,0.01,69,18837,买盘
976,10:58:00,2.72,--,18,4896,卖盘
977,10:57:51,2.72,-0.01,183,49939,卖盘
978,10:57:42,2.73,0.01,4,1092,买盘
979,10:57:36,2.72,--,174,47491,卖盘
980,10:57:27,2.72,--,30,8214,卖盘
981,10:57:24,2.72,--,64,17408,卖盘
982,10:57:21,2.72,--,0,217,卖盘
983,10:57:06,2.72,--,3,816,卖盘
984,10:56:54,2.72,--,2,707,卖盘
985,10:56:42,2.72,-0.01,10,2720,卖盘
986,10:56:33,2.73,0.01,40,10920,买盘
987,10:56:30,2.72,--,17,4624,卖盘
988,10:56:24,2.72,-0.01,49,13491,卖盘
989,10:56:15,2.73,--,40,10920,买盘
990,10:56:03,2.73,0.01,42,11466,买盘
991,10:56:00,2.72,--,305,82960,买盘
992,10:55:57,2.72,--,21,5712,买盘
993,10:55:48,2.72,--,97,26384,买盘
994,10:55:42,2.72,--,282,76704,买盘
995,10:55:36,2.72,--,54,14688,买盘
996,10:55:30,2.72,--,5,1360,买盘
997,10:55:27,2.72,--,160,43520,买盘
998,10:55:09,2.72,0.01,31,8432,买盘
999,10:55:06,2.71,--,46,12466,卖盘
1000,10:55:03,2.71,-0.01,10,2710,卖盘
1001,10:55:00,2.72,--,20,5440,买盘
1002,10:54:57,2.72,0.01,70,19040,买盘
1003,10:54:54,2.71,-0.01,30,8130,卖盘
1004,10:54:51,2.72,--,500,136000,买盘
1005,10:54:48,2.72,0.01,30,8160,买盘
1006,10:54:45,2.71,-0.01,10,2710,卖盘
1007,10:54:42,2.72,--,12,3264,买盘
1008,10:54:36,2.72,--,7,1904,买盘
1009,10:54:33,2.72,--,24,6528,买盘
1010,10:54:27,2.72,--,5,1360,买盘
1011,10:54:24,2.72,--,13,3536,买盘
1012,10:54:15,2.72,--,4,1088,买盘
1013,10:54:12,2.72,--,150,40908,卖盘
1014,10:54:09,2.72,--,1660,451520,卖盘
1015,10:54:03,2.72,--,17,4624,卖盘
1016,10:53:51,2.72,--,203,55216,卖盘
1017,10:53:45,2.72,-0.01,50,13600,卖盘
1018,10:53:42,2.73,--,12,3276,买盘
1019,10:53:33,2.73,0.01,2004,547092,买盘
1020,10:53:24,2.72,--,5,1360,卖盘
1021,10:53:18,2.72,--,102,27744,卖盘
1022,10:53:09,2.72,--,108,29376,卖盘
1023,10:53:06,2.72,-0.01,15,4080,卖盘
1024,10:52:57,2.73,0.01,11,3003,买盘
1025,10:52:48,2.72,-0.01,161,43792,卖盘
1026,10:52:45,2.73,--,1,273,买盘
1027,10:52:39,2.73,--,12,3276,买盘
1028,10:52:33,2.73,0.01,4,1092,买盘
1029,10:52:30,2.72,--,5,1360,卖盘
1030,10:52:21,2.72,-0.01,70,19040,卖盘
1031,10:52:18,2.73,0.01,20,5460,买盘
1032,10:52:12,2.72,-0.01,20,5440,卖盘
1033,10:51:54,2.73,--,30,8190,买盘
1034,10:51:51,2.73,--,5,1365,买盘
1035,10:51:39,2.73,--,12,3276,买盘
1036,10:51:33,2.73,0.01,24,6552,买盘
1037,10:51:30,2.72,--,370,100640,卖盘
1038,10:51:15,2.72,-0.01,36,9792,卖盘
1039,10:51:06,2.73,0.01,7,1911,买盘
1040,10:51:00,2.72,--,26,7072,卖盘
1041,10:50:39,2.72,-0.01,16,4406,卖盘
1042,10:50:36,2.73,--,21,5733,买盘
1043,10:50:33,2.73,0.01,7,1911,买盘
1044,10:50:15,2.72,-0.01,17,4624,卖盘
1045,10:50:12,2.73,0.01,1,273,买盘
1046,10:50:00,2.72,--,3,979,卖盘
1047,10:49:51,2.72,--,43,11750,卖盘
1048,10:49:48,2.72,-0.01,17,4624,卖盘
1049,10:49:36,2.73,--,4,1092,买盘
1050,10:49:33,2.73,--,358,97734,买盘
1051,10:49:30,2.73,0.01,4,1092,买盘
1052,10:49:24,2.72,-0.01,1,489,卖盘
1053,10:49:06,2.73,--,10,2730,买盘
1054,10:49:03,2.73,--,4,1092,买盘
1055,10:48:51,2.73,0.01,100,27300,买盘
1056,10:48:45,2.72,-0.01,429,116688,卖盘
1057,10:48:33,2.73,--,29,7917,买盘
1058,10:48:30,2.73,--,4,1092,买盘
1059,10:48:27,2.73,0.01,23,6279,买盘
1060,10:48:18,2.72,-0.01,2,544,卖盘
1061,10:48:09,2.73,-0.01,3,819,中性盘
1062,10:47:51,2.74,0.02,1,274,买盘
1063,10:47:48,2.72,-0.02,271,73712,卖盘
1064,10:47:45,2.74,--,40,10960,买盘
1065,10:47:42,2.74,--,148,40552,买盘
1066,10:47:39,2.74,--,40,10960,买盘
1067,10:47:30,2.74,--,12,3288,买盘
1068,10:47:27,2.74,0.01,4,1096,买盘
1069,10:47:21,2.73,--,100,27300,卖盘
1070,10:47:15,2.73,--,2,600,卖盘
1071,10:47:12,2.73,0.01,28,7807,买盘
1072,10:47:09,2.72,-0.01,38,10444,卖盘
1073,10:47:03,2.73,--,37,10264,卖盘
1074,10:46:54,2.73,--,14,3822,买盘
1075,10:46:45,2.73,0.01,8,2184,买盘
1076,10:46:42,2.72,-0.01,4,1088,卖盘
1077,10:46:30,2.73,--,16,4368,卖盘
1078,10:46:27,2.73,0.01,5,1365,中性盘
1079,10:46:15,2.72,-0.02,99,27145,卖盘
1080,10:46:12,2.74,0.01,41,11453,买盘
1081,10:46:06,2.73,--,42,11466,买盘
1082,10:46:03,2.73,-0.01,16,4586,中性盘
1083,10:45:57,2.74,0.01,40,10960,买盘
1084,10:45:54,2.73,0.01,74,20202,买盘
1085,10:45:51,2.72,--,20,5440,卖盘
1086,10:45:48,2.72,-0.01,34,9248,卖盘
1087,10:45:45,2.73,0.01,1,273,买盘
1088,10:45:42,2.72,-0.01,4,1088,卖盘
1089,10:45:39,2.73,--,2,546,买盘
1090,10:45:33,2.73,--,92,25116,买盘
1091,10:45:27,2.73,--,100,27300,买盘
1092,10:45:24,2.73,0.01,40,10920,买盘
1093,10:45:18,2.72,-0.01,163,44336,卖盘
1094,10:45:15,2.73,--,10,2730,买盘
1095,10:45:12,2.73,0.01,4,1092,买盘
1096,10:45:06,2.72,-0.01,22,5984,卖盘
1097,10:45:03,2.73,--,4,1092,买盘
1098,10:44:57,2.73,--,10,2730,买盘
1099,10:44:51,2.73,--,30,8190,买盘
1100,10:44:42,2.73,0.01,10,2730,买盘
1101,10:44:39,2.72,--,50,13600,卖盘
1102,10:44:36,2.72,--,2,544,卖盘
1103,10:44:27,2.72,--,84,23011,卖盘
1104,10:44:21,2.72,--,4,1088,卖盘
1105,10:44:18,2.72,--,37,10064,卖盘
1106,10:44:12,2.72,--,1,489,卖盘
1107,10:43:48,2.72,-0.01,27,7344,卖盘
1108,10:43:42,2.73,--,54,14742,买盘
1109,10:43:39,2.73,--,87,23751,买盘
1110,10:43:36,2.73,--,35,9555,买盘
1111,10:43:33,2.73,--,12,3276,买盘
1112,10:43:27,2.73,--,5,1365,买盘
1113,10:43:24,2.73,--,40,10920,买盘
1114,10:43:21,2.73,--,37,10264,卖盘
1115,10:43:12,2.73,0.01,202,55255,买盘
1116,10:43:06,2.72,-0.01,700,190400,卖盘
1117,10:43:03,2.73,0.01,789,215397,买盘
1118,10:43:00,2.72,-0.01,486,132192,卖盘
1119,10:42:57,2.73,0.01,492,134316,买盘
1120,10:42:54,2.72,-0.01,90,24480,卖盘
1121,10:42:51,2.73,--,5,1365,买盘
1122,10:42:48,2.73,0.01,338,92274,买盘
1123,10:42:45,2.72,--,1,489,卖盘
1124,10:42:39,2.72,-0.01,50,13600,卖盘
1125,10:42:33,2.73,--,232,63336,买盘
1126,10:42:21,2.73,--,20,5460,买盘
1127,10:42:18,2.73,0.01,1,273,买盘
1128,10:42:15,2.72,-0.01,7,1958,卖盘
1129,10:42:06,2.73,0.01,112,30794,买盘
1130,10:42:03,2.72,--,9,2448,卖盘
1131,10:41:54,2.72,-0.01,46,12512,卖盘
1132,10:41:51,2.73,0.01,20,5460,买盘
1133,10:41:45,2.72,-0.01,10,2720,卖盘
1134,10:41:42,2.73,--,26,7098,买盘
1135,10:41:33,2.73,0.01,18,4914,买盘
1136,10:41:30,2.72,-0.01,500,136000,卖盘
1137,10:41:27,2.73,--,34,9282,买盘
1138,10:41:24,2.73,0.01,5,1365,买盘
1139,10:41:21,2.72,--,9,2448,卖盘
1140,10:41:18,2.72,--,5,1468,卖盘
1141,10:41:15,2.72,-0.01,2,544,卖盘
1142,10:41:09,2.73,0.01,15,4095,买盘
1143,10:40:54,2.72,--,25,6800,卖盘
1144,10:40:51,2.72,-0.01,3,979,卖盘
1145,10:40:42,2.73,0.01,34,9282,买盘
1146,10:40:36,2.72,-0.01,16,4406,卖盘
1147,10:40:30,2.73,--,100,27300,买盘
1148,10:40:21,2.73,--,5,1365,买盘
1149,10:40:03,2.73,--,2,546,买盘
1150,10:40:00,2.73,--,10,2784,买盘
1151,10:39:54,2.73,--,6,1638,买盘
1152,10:39:48,2.73,--,50,13650,买盘
1153,10:39:42,2.73,--,2,546,买盘
1154,10:39:39,2.73,--,30,8190,买盘
1155,10:39:36,2.73,-0.01,2427,662789,卖盘
1156,10:39:30,2.74,0.01,10,2740,买盘
1157,10:39:15,2.73,--,20,5460,卖盘
1158,10:39:09,2.73,--,12,3276,卖盘
1159,10:38:57,2.73,--,802,219055,卖盘
1160,10:38:51,2.73,--,50,13650,卖盘
1161,10:38:48,2.73,-0.01,18,4914,卖盘
1162,10:38:39,2.74,0.01,10,2740,买盘
1163,10:38:36,2.73,-0.01,32,8736,卖盘
1164,10:38:12,2.74,--,4,1096,买盘
1165,10:38:03,2.74,0.01,73,20002,买盘
1166,10:37:42,2.73,-0.01,10,2730,卖盘
1167,10:37:36,2.74,--,200,54800,买盘
1168,10:37:30,2.74,--,18,4932,买盘
1169,10:37:12,2.74,--,25,6850,买盘
1170,10:37:00,2.74,0.01,5,1370,买盘
1171,10:36:57,2.73,--,7,1965,卖盘
1172,10:36:45,2.73,--,40,11029,卖盘
1173,10:36:42,2.73,-0.01,72,19656,卖盘
1174,10:36:39,2.74,--,3,822,买盘
1175,10:36:30,2.74,--,50,13700,买盘
1176,10:36:21,2.74,0.01,1,274,买盘
1177,10:36:18,2.73,-0.01,20,5460,卖盘
1178,10:36:15,2.74,0.01,6,1644,买盘
1179,10:36:12,2.73,-0.01,74,20202,卖盘
1180,10:36:06,2.74,--,30,8220,买盘
1181,10:35:48,2.74,--,1,274,买盘
1182,10:35:42,2.74,--,4,1096,买盘
1183,10:35:39,2.74,--,50,13700,买盘
1184,10:35:12,2.74,--,10,2740,买盘
1185,10:35:09,2.74,0.01,100,27400,买盘
1186,10:34:57,2.73,--,90,24570,卖盘
1187,10:34:54,2.73,-0.01,3,982,卖盘
1188,10:34:51,2.74,0.01,1,274,买盘
1189,10:34:27,2.73,-0.01,1,273,卖盘
1190,10:34:15,2.74,--,14,3836,买盘
1191,10:34:03,2.74,--,43,11782,买盘
1192,10:34:00,2.74,--,7,1918,买盘
1193,10:33:51,2.74,--,140,38360,买盘
1194,10:33:48,2.74,--,9,2466,买盘
1195,10:33:36,2.74,0.01,19,5206,买盘
1196,10:33:27,2.73,-0.01,9,2457,卖盘
1197,10:33:18,2.74,0.01,40,10960,买盘
1198,10:33:12,2.73,-0.01,44,12012,卖盘
1199,10:33:03,2.74,0.01,10,2740,买盘
1200,10:32:57,2.73,-0.01,131,35763,卖盘
1201,10:32:54,2.74,--,1,274,买盘
1202,10:32:51,2.74,0.01,41,11234,买盘
1203,10:32:45,2.73,-0.01,48,13267,卖盘
1204,10:32:33,2.74,0.01,3,822,买盘
1205,10:32:24,2.73,-0.01,13,3549,卖盘
1206,10:32:18,2.74,0.01,50,13700,买盘
1207,10:32:12,2.73,-0.01,23,6279,卖盘
1208,10:32:09,2.74,--,50,13700,买盘
1209,10:32:03,2.74,--,6,1644,买盘
1210,10:31:57,2.74,0.01,2,548,买盘
1211,10:31:54,2.73,--,41,11411,卖盘
1212,10:31:48,2.73,--,37,10319,卖盘
1213,10:31:45,2.73,--,60,16543,卖盘
1214,10:31:39,2.73,-0.01,386,105610,卖盘
1215,10:31:36,2.74,--,110,30140,买盘
1216,10:31:33,2.74,0.01,3,822,买盘
1217,10:31:30,2.73,--,261,71471,卖盘
1218,10:31:27,2.73,--,26,7098,卖盘
1219,10:31:24,2.73,--,143,39148,卖盘
1220,10:31:21,2.73,--,25,6825,卖盘
1221,10:31:18,2.73,--,120,32869,卖盘
1222,10:31:15,2.73,--,24,6715,卖盘
1223,10:31:12,2.73,--,409,111657,卖盘
1224,10:31:06,2.73,--,20,5460,卖盘
1225,10:31:03,2.73,-0.01,374,102102,卖盘
1226,10:30:54,2.74,0.01,390,106860,买盘
1227,10:30:45,2.73,--,500,136500,卖盘
1228,10:30:39,2.73,-0.01,82,22386,卖盘
1229,10:30:24,2.74,--,1,274,买盘
1230,10:30:21,2.74,0.01,14,3836,买盘
1231,10:30:18,2.73,--,1777,485230,卖盘
1232,10:30:06,2.73,--,5,1365,卖盘
1233,10:30:00,2.73,--,2,546,卖盘
1234,10:29:57,2.73,--,88,24024,卖盘
1235,10:29:39,2.73,--,1,273,卖盘
1236,10:29:33,2.73,--,510,139230,卖盘
1237,10:29:30,2.73,-0.01,4,1092,卖盘
1238,10:29:12,2.74,--,9,2466,买盘
1239,10:29:09,2.74,--,3,822,买盘
1240,10:28:57,2.74,0.01,35,9590,买盘
1241,10:28:54,2.73,-0.01,1,491,卖盘
1242,10:28:42,2.74,--,7,1918,买盘
1243,10:28:03,2.74,--,55,15070,买盘
1244,10:27:54,2.74,0.01,73,20002,买盘
1245,10:27:33,2.73,--,40,10920,卖盘
1246,10:27:30,2.73,--,1,273,卖盘
1247,10:27:24,2.73,--,150,40950,卖盘
1248,10:27:09,2.73,-0.01,50,13650,卖盘
1249,10:27:06,2.74,0.01,80,21920,买盘
1250,10:26:57,2.73,--,7,1965,卖盘
1251,10:26:45,2.73,--,59,16107,卖盘
1252,10:26:24,2.73,--,1,273,卖盘
1253,10:26:21,2.73,-0.01,56,15288,卖盘
1254,10:26:18,2.74,0.01,1,274,买盘
1255,10:26:12,2.73,--,7,2074,卖盘
1256,10:25:54,2.73,--,20,5460,卖盘
1257,10:25:45,2.73,--,50,13650,卖盘
1258,10:25:39,2.73,-0.01,3,1037,卖盘
1259,10:25:27,2.74,--,30,8220,买盘
1260,10:25:24,2.74,--,32,8768,买盘
1261,10:25:21,2.74,0.01,1001,274274,买盘
1262,10:25:18,2.73,-0.01,10,2730,卖盘
1263,10:25:15,2.74,--,100,27400,买盘
1264,10:25:12,2.74,0.01,46,12604,买盘
1265,10:25:06,2.73,-0.01,100,27300,卖盘
1266,10:24:57,2.74,--,10,2740,买盘
1267,10:24:51,2.74,--,10,2740,买盘
1268,10:24:48,2.74,--,184,50416,卖盘
1269,10:24:45,2.74,--,217,59677,卖盘
1270,10:24:27,2.74,--,2,548,卖盘
1271,10:24:24,2.74,-0.01,420,115080,卖盘
1272,10:24:12,2.75,--,5,1375,买盘
1273,10:24:06,2.75,0.01,10,2750,买盘
1274,10:24:03,2.74,-0.01,24,6576,卖盘
1275,10:24:00,2.75,--,20,5500,买盘
1276,10:23:36,2.75,0.01,33,9075,买盘
1277,10:23:27,2.74,-0.01,10,2740,卖盘
1278,10:23:18,2.75,0.01,1,275,买盘
1279,10:23:15,2.74,--,31,8494,卖盘
1280,10:23:12,2.74,--,1,493,卖盘
1281,10:23:09,2.74,--,9,2466,卖盘
1282,10:22:48,2.74,--,6,1644,卖盘
1283,10:22:39,2.74,--,39,10686,卖盘
1284,10:22:36,2.74,--,39,10686,卖盘
1285,10:22:33,2.74,-0.01,4,1096,卖盘
1286,10:22:18,2.75,0.01,1,275,买盘
1287,10:22:15,2.74,--,118,32496,卖盘
1288,10:22:12,2.74,-0.01,60,16440,卖盘
1289,10:22:06,2.75,0.01,24,6600,买盘
1290,10:21:57,2.74,-0.01,5,1479,卖盘
1291,10:21:51,2.75,--,82,22550,买盘
1292,10:21:48,2.75,0.01,19,5225,买盘
1293,10:21:39,2.74,-0.01,24,6576,卖盘
1294,10:21:36,2.75,0.01,5,1375,买盘
1295,10:21:33,2.74,--,10,2740,卖盘
1296,10:21:24,2.74,--,8,2411,卖盘
1297,10:21:21,2.74,--,2,548,卖盘
1298,10:21:18,2.74,-0.01,33,9042,卖盘
1299,10:21:06,2.75,0.01,1,275,买盘
1300,10:20:51,2.74,-0.01,1,274,卖盘
1301,10:20:45,2.75,--,67,18425,买盘
1302,10:20:42,2.75,0.01,10,2750,买盘
1303,10:20:27,2.74,-0.01,10,2740,卖盘
1304,10:20:21,2.75,--,1,275,买盘
1305,10:20:18,2.75,0.01,58,15950,买盘
1306,10:20:09,2.74,-0.01,18,4932,卖盘
1307,10:20:06,2.75,--,3,825,买盘
1308,10:19:54,2.75,--,82,22550,买盘
1309,10:19:42,2.75,0.01,50,13750,买盘
1310,10:19:39,2.74,--,18,4932,卖盘
1311,10:19:27,2.74,--,0,54,卖盘
1312,10:19:00,2.74,--,36,9864,卖盘
1313,10:18:54,2.74,--,6,1644,卖盘
1314,10:18:51,2.74,--,34,9425,卖盘
1315,10:18:33,2.74,--,559,153166,卖盘
1316,10:18:27,2.74,--,19,5425,卖盘
1317,10:18:24,2.74,--,10,2740,卖盘
1318,10:18:21,2.74,-0.01,10,2740,卖盘
1319,10:18:18,2.75,0.01,70,19250,买盘
1320,10:18:06,2.74,-0.01,70,19180,卖盘
1321,10:18:00,2.75,0.01,14,3850,买盘
1322,10:17:57,2.74,-0.01,9,2466,卖盘
1323,10:17:48,2.75,0.01,3,825,买盘
1324,10:17:39,2.74,-0.01,20,5480,卖盘
1325,10:17:27,2.75,0.01,2,550,买盘
1326,10:17:15,2.74,--,43,11782,卖盘
1327,10:16:54,2.74,--,36,9864,卖盘
1328,10:16:48,2.74,--,3,822,卖盘
1329,10:16:42,2.74,--,2,548,卖盘
1330,10:16:36,2.74,--,50,13700,卖盘
1331,10:16:27,2.74,--,20,5480,卖盘
1332,10:16:24,2.74,--,5,1479,卖盘
1333,10:15:57,2.74,--,20,5480,卖盘
1334,10:15:51,2.74,-0.01,791,216734,卖盘
1335,10:15:39,2.75,--,25,6875,买盘
1336,10:15:33,2.75,0.01,2,550,买盘
1337,10:15:30,2.74,--,23,6302,卖盘
1338,10:15:24,2.74,--,7,1918,卖盘
1339,10:15:21,2.74,--,30,8220,卖盘
1340,10:15:06,2.74,--,58,16111,买盘
1341,10:15:03,2.74,--,10,2740,买盘
1342,10:15:00,2.74,--,2,548,买盘
1343,10:14:57,2.74,0.01,20,5480,买盘
1344,10:14:51,2.73,-0.01,70,19110,卖盘
1345,10:14:48,2.74,--,41,11234,买盘
1346,10:14:33,2.74,-0.01,59,16166,卖盘
1347,10:14:21,2.75,--,537,147675,买盘
1348,10:14:06,2.75,0.01,41,11275,买盘
1349,10:13:54,2.74,-0.01,36,9864,卖盘
1350,10:13:51,2.75,0.02,18,4950,买盘
1351,10:13:42,2.73,-0.01,15,4258,卖盘
1352,10:13:39,2.74,--,64,17755,买盘
1353,10:13:33,2.74,0.01,30,8220,买盘
1354,10:13:27,2.73,-0.01,0,109,卖盘
1355,10:13:24,2.74,-0.01,45,12384,卖盘
1356,10:13:12,2.75,0.01,29,7975,买盘
1357,10:13:06,2.74,-0.01,37,10357,卖盘
1358,10:12:51,2.75,0.01,226,62150,买盘
1359,10:12:48,2.74,--,36,9864,卖盘
1360,10:12:45,2.74,--,180,49320,卖盘
1361,10:12:39,2.74,--,3,822,卖盘
1362,10:12:36,2.74,--,5,1370,卖盘
1363,10:12:33,2.74,--,36,9864,卖盘
1364,10:12:27,2.74,--,37,10138,卖盘
1365,10:12:24,2.74,--,2,548,卖盘
1366,10:12:18,2.74,--,9,2685,卖盘
1367,10:12:12,2.74,--,4,1096,卖盘
1368,10:12:00,2.74,--,2,548,卖盘
1369,10:11:57,2.74,--,4,1109,卖盘
1370,10:11:45,2.74,-0.01,40,10960,卖盘
1371,10:11:36,2.75,--,40,11000,买盘
1372,10:11:30,2.75,0.01,24,6600,买盘
1373,10:11:27,2.74,--,20,5480,卖盘
1374,10:11:24,2.74,-0.01,70,19180,卖盘
1375,10:11:03,2.75,0.01,14,3850,买盘
1376,10:10:54,2.74,0.01,23,6521,买盘
1377,10:10:48,2.73,-0.01,1794,489762,卖盘
1378,10:10:39,2.74,0.01,58,15892,买盘
1379,10:10:36,2.73,--,20,5460,卖盘
1380,10:10:27,2.73,--,446,121867,卖盘
1381,10:10:24,2.73,--,58,15834,卖盘
1382,10:10:18,2.73,-0.01,1,273,卖盘
1383,10:10:09,2.74,0.01,1,274,买盘
1384,10:10:06,2.73,-0.01,12,3276,卖盘
1385,10:10:03,2.74,--,4,1096,买盘
1386,10:09:57,2.74,--,21,5754,买盘
1387,10:09:54,2.74,0.01,14,3836,买盘
1388,10:09:51,2.73,-0.01,15,4095,卖盘
1389,10:09:48,2.74,0.01,125,34250,买盘
1390,10:09:45,2.73,-0.01,5,1365,卖盘
1391,10:09:42,2.74,0.01,3,822,买盘
1392,10:09:24,2.73,-0.01,96,26208,卖盘
1393,10:09:21,2.74,0.01,9,2466,买盘
1394,10:09:15,2.73,--,10,2730,卖盘
1395,10:09:09,2.73,--,45,12394,卖盘
1396,10:09:06,2.73,-0.01,10,2730,卖盘
1397,10:09:03,2.74,--,35,9590,买盘
1398,10:08:51,2.74,0.01,1,274,买盘
1399,10:08:48,2.73,--,10,2730,卖盘
1400,10:08:45,2.73,--,5,1365,卖盘
1401,10:08:42,2.73,--,9,2457,卖盘
1402,10:08:30,2.73,--,474,129402,卖盘
1403,10:08:27,2.73,--,220,60060,卖盘
1404,10:08:24,2.73,--,175,47775,卖盘
1405,10:08:06,2.73,-0.01,10,2730,卖盘
1406,10:08:03,2.74,0.01,2,548,买盘
1407,10:07:57,2.73,--,43,11739,卖盘
1408,10:07:51,2.73,--,21,5733,卖盘
1409,10:07:48,2.73,-0.01,21,5733,卖盘
1410,10:07:42,2.74,0.01,37,10247,买盘
1411,10:07:18,2.73,-0.01,10,2730,卖盘
1412,10:07:12,2.74,0.01,1,274,买盘
1413,10:07:09,2.73,-0.01,5,1365,卖盘
1414,10:07:06,2.74,0.01,1,274,买盘
1415,10:07:03,2.73,--,23,6442,卖盘
1416,10:06:57,2.73,--,10,2730,卖盘
1417,10:06:48,2.73,--,100,27300,卖盘
1418,10:06:45,2.73,--,74,20420,卖盘
1419,10:06:42,2.73,--,35,9555,卖盘
1420,10:06:27,2.73,-0.01,150,40950,卖盘
1421,10:06:24,2.74,0.01,1,274,买盘
1422,10:06:15,2.73,--,45,12285,卖盘
1423,10:06:12,2.73,-0.01,52,14196,卖盘
1424,10:06:00,2.74,0.01,10,2740,买盘
1425,10:05:57,2.73,-0.01,5,1365,卖盘
1426,10:05:45,2.74,--,4,1096,买盘
1427,10:05:42,2.74,0.01,13,3562,买盘
1428,10:05:36,2.73,-0.01,5,1474,卖盘
1429,10:05:33,2.74,--,41,11234,买盘
1430,10:05:30,2.74,0.01,60,16440,买盘
1431,10:05:24,2.73,-0.01,563,153699,卖盘
1432,10:05:15,2.74,--,21,5754,买盘
1433,10:05:09,2.74,--,1,274,买盘
1434,10:05:06,2.74,--,1181,323813,卖盘
1435,10:05:00,2.74,--,1,274,卖盘
1436,10:04:57,2.74,--,22,6028,卖盘
1437,10:04:51,2.74,--,9,2466,卖盘
1438,10:04:48,2.74,--,4,1096,卖盘
1439,10:04:45,2.74,--,131,35894,卖盘
1440,10:04:42,2.74,--,1,438,卖盘
1441,10:04:36,2.74,--,45,12330,卖盘
1442,10:04:30,2.74,--,94,25756,卖盘
1443,10:04:27,2.74,--,1,274,卖盘
1444,10:04:12,2.74,--,8,2192,卖盘
1445,10:04:06,2.74,--,40,10960,卖盘
1446,10:04:03,2.74,--,32,8768,卖盘
1447,10:03:57,2.74,--,51,13974,卖盘
1448,10:03:51,2.74,--,35,9590,卖盘
1449,10:03:39,2.74,--,396,108723,卖盘
1450,10:03:33,2.74,--,23,6521,卖盘
1451,10:03:30,2.74,--,176,48224,卖盘
1452,10:03:27,2.74,--,12,3288,卖盘
1453,10:03:21,2.74,--,3,822,卖盘
1454,10:03:15,2.74,--,5,1370,卖盘
1455,10:03:09,2.74,--,108,29592,卖盘
1456,10:03:06,2.74,--,3,822,卖盘
1457,10:03:03,2.74,0.01,26,7124,买盘
1458,10:03:00,2.73,-0.01,725,198034,卖盘
1459,10:02:57,2.74,--,1002,274548,卖盘
1460,10:02:54,2.74,--,18,4932,卖盘
1461,10:02:51,2.74,--,207,56816,买盘
1462,10:02:48,2.74,--,50,13700,买盘
1463,10:02:42,2.74,--,257,70418,买盘
1464,10:02:39,2.74,--,104,28506,卖盘
1465,10:02:36,2.74,--,12,3397,卖盘
1466,10:02:30,2.74,--,485,133043,买盘
1467,10:02:21,2.74,--,551,150974,买盘
1468,10:02:18,2.74,--,383,105062,卖盘
1469,10:02:12,2.74,--,5,1479,卖盘
1470,10:02:09,2.74,--,1088,298375,卖盘
1471,10:02:03,2.74,--,27,7398,卖盘
1472,10:01:57,2.74,--,137,37538,卖盘
1473,10:01:48,2.74,--,53,14522,卖盘
1474,10:01:39,2.74,--,16,4384,卖盘
1475,10:01:03,2.74,--,280,76720,卖盘
1476,10:00:57,2.74,--,50,13700,卖盘
1477,10:00:51,2.74,-0.01,184,50416,卖盘
1478,10:00:48,2.75,0.01,10,2750,买盘
1479,10:00:42,2.74,-0.01,1260,345240,卖盘
1480,10:00:33,2.75,--,1,275,买盘
1481,10:00:30,2.75,--,5,1375,买盘
1482,10:00:18,2.75,0.01,8,2200,买盘
1483,10:00:12,2.74,-0.01,58,15892,卖盘
1484,10:00:06,2.75,0.01,67,18425,买盘
1485,10:00:03,2.74,-0.01,68,18741,卖盘
1486,09:59:45,2.75,--,88,24200,买盘
1487,09:59:39,2.75,0.01,102,28050,买盘
1488,09:59:36,2.74,-0.01,50,13700,卖盘
1489,09:59:30,2.75,--,20,5500,买盘
1490,09:59:03,2.75,0.01,10,2750,买盘
1491,09:59:00,2.74,--,23,6521,卖盘
1492,09:58:54,2.74,-0.01,36,9864,卖盘
1493,09:58:51,2.75,0.01,19,5225,买盘
1494,09:58:48,2.74,-0.01,50,13700,卖盘
1495,09:58:42,2.75,0.01,44,12100,买盘
1496,09:58:39,2.74,--,18,4932,卖盘
1497,09:58:33,2.74,-0.01,6,1863,卖盘
1498,09:58:27,2.75,--,1,275,买盘
1499,09:58:12,2.75,--,1,275,买盘
1500,09:58:06,2.75,0.01,3,825,买盘
1501,09:58:03,2.74,--,57,15727,卖盘
1502,09:58:00,2.74,-0.01,10,2740,卖盘
1503,09:57:57,2.75,--,12,3300,买盘
1504,09:57:42,2.75,--,30,8250,买盘
1505,09:57:36,2.75,--,191,52745,卖盘
1506,09:57:33,2.75,--,2,550,卖盘
1507,09:57:30,2.75,-0.01,1,275,卖盘
1508,09:57:27,2.76,0.01,10,2760,买盘
1509,09:57:21,2.75,--,30,8250,卖盘
1510,09:57:15,2.75,-0.01,100,27500,卖盘
1511,09:56:57,2.76,0.01,7,1931,买盘
1512,09:56:54,2.75,--,50,13750,卖盘
1513,09:56:48,2.75,--,20,5500,卖盘
1514,09:56:42,2.75,-0.01,60,16500,卖盘
1515,09:56:36,2.76,0.01,103,28427,买盘
1516,09:56:30,2.75,--,5,1375,卖盘
1517,09:56:24,2.75,--,18,4950,卖盘
1518,09:56:21,2.75,-0.01,32,8800,卖盘
1519,09:56:09,2.76,0.01,2,552,买盘
1520,09:56:06,2.75,--,50,13750,卖盘
1521,09:55:54,2.75,-0.01,63,17380,卖盘
1522,09:55:48,2.76,0.01,5,1380,买盘
1523,09:55:42,2.75,-0.01,69,18975,卖盘
1524,09:55:24,2.76,0.01,34,9384,买盘
1525,09:55:18,2.75,--,182,50105,卖盘
1526,09:55:12,2.75,--,13,3575,卖盘
1527,09:55:00,2.75,-0.01,10,2750,卖盘
1528,09:54:57,2.76,0.01,4,1269,买盘
1529,09:54:48,2.75,--,1191,327525,卖盘
1530,09:54:39,2.75,--,17,4675,卖盘
1531,09:54:36,2.75,--,9,2695,卖盘
1532,09:54:30,2.75,--,1,275,卖盘
1533,09:54:24,2.75,--,0,220,卖盘
1534,09:54:21,2.75,-0.01,16,4400,卖盘
1535,09:54:18,2.76,--,8,2208,买盘
1536,09:54:12,2.76,--,1,276,买盘
1537,09:54:03,2.76,--,8,2208,买盘
1538,09:53:54,2.76,--,7,1931,买盘
1539,09:53:48,2.76,0.01,4,1104,买盘
1540,09:53:42,2.75,-0.01,40,11165,卖盘
1541,09:53:39,2.76,0.01,20,5520,买盘
1542,09:53:36,2.75,--,120,33000,卖盘
1543,09:53:30,2.75,-0.01,217,59675,卖盘
1544,09:53:21,2.76,--,2,552,买盘
1545,09:53:15,2.76,0.01,3,827,买盘
1546,09:53:06,2.75,-0.01,267,73535,卖盘
1547,09:53:00,2.76,0.01,2,552,买盘
1548,09:52:54,2.75,--,252,69300,卖盘
1549,09:52:51,2.75,--,369,101475,卖盘
1550,09:52:48,2.75,--,36,9900,卖盘
1551,09:52:45,2.75,-0.01,42,11550,卖盘
1552,09:52:42,2.76,0.01,59,16283,买盘
1553,09:52:21,2.75,-0.01,20,5500,卖盘
1554,09:52:12,2.76,--,19,5244,买盘
1555,09:52:03,2.76,0.01,10,2760,买盘
1556,09:52:00,2.75,--,72,19800,卖盘
1557,09:51:57,2.75,--,13,3575,卖盘
1558,09:51:48,2.75,--,6,1650,卖盘
1559,09:51:45,2.75,--,8,2255,卖盘
1560,09:51:39,2.75,--,17,4675,卖盘
1561,09:51:36,2.75,--,5,1375,卖盘
1562,09:51:30,2.75,--,14,4015,卖盘
1563,09:51:24,2.75,--,312,85800,卖盘
1564,09:51:21,2.75,--,24,6600,卖盘
1565,09:51:12,2.75,-0.01,3,825,卖盘
1566,09:51:09,2.76,0.01,1,276,买盘
1567,09:51:06,2.75,-0.01,115,31625,卖盘
1568,09:51:03,2.76,--,1,276,买盘
1569,09:50:57,2.76,--,12,3311,买盘
1570,09:50:42,2.76,--,394,108743,买盘
1571,09:50:39,2.76,0.01,90,24839,买盘
1572,09:50:36,2.75,--,554,152405,卖盘
1573,09:50:27,2.75,--,12,3300,卖盘
1574,09:50:24,2.75,-0.01,3,825,卖盘
1575,09:50:21,2.76,0.01,11,3035,买盘
1576,09:50:18,2.75,--,1,495,卖盘
1577,09:50:12,2.75,-0.01,16,4455,卖盘
1578,09:50:09,2.76,0.01,160,44160,买盘
1579,09:50:03,2.75,-0.01,67,18535,卖盘
1580,09:50:00,2.76,0.01,117,32291,买盘
1581,09:49:57,2.75,--,7,1980,卖盘
1582,09:49:54,2.75,--,24,6600,卖盘
1583,09:49:48,2.75,--,2,550,卖盘
1584,09:49:45,2.75,-0.01,80,22000,卖盘
1585,09:49:42,2.76,--,342,94391,买盘
1586,09:49:39,2.76,--,30,8280,买盘
1587,09:49:36,2.76,--,153,42228,买盘
1588,09:49:24,2.76,0.01,3,827,买盘
1589,09:49:21,2.75,-0.01,14,3960,卖盘
1590,09:49:18,2.76,--,5,1380,买盘
1591,09:49:12,2.76,--,42,11592,买盘
1592,09:49:09,2.76,--,4,1104,买盘
1593,09:49:06,2.76,0.01,155,42780,买盘
1594,09:49:03,2.75,--,15,4125,卖盘
1595,09:49:00,2.75,--,38,10450,卖盘
1596,09:48:48,2.75,--,69,18975,卖盘
1597,09:48:45,2.75,--,3,990,卖盘
1598,09:48:39,2.75,-0.01,11,3025,卖盘
1599,09:48:33,2.76,0.01,46,12695,买盘
1600,09:48:30,2.75,-0.01,50,13750,卖盘
1601,09:48:24,2.76,0.01,6,1655,买盘
1602,09:48:21,2.75,--,37,10175,卖盘
1603,09:48:18,2.75,--,14,3850,卖盘
1604,09:48:15,2.75,--,52,14300,卖盘
1605,09:48:12,2.75,--,10,2915,卖盘
1606,09:47:57,2.75,--,3,825,卖盘
1607,09:47:51,2.75,-0.01,100,27500,卖盘
1608,09:47:48,2.76,--,18,4968,买盘
1609,09:47:45,2.76,0.01,131,36156,买盘
1610,09:47:33,2.75,-0.01,90,24750,卖盘
1611,09:47:30,2.76,0.01,274,75624,买盘
1612,09:47:24,2.75,-0.01,56,15400,卖盘
1613,09:47:21,2.76,0.01,170,46920,买盘
1614,09:47:18,2.75,-0.01,56,15400,卖盘
1615,09:47:15,2.76,0.01,4,1104,买盘
1616,09:47:09,2.75,--,130,35750,卖盘
1617,09:47:06,2.75,--,80,22000,卖盘
1618,09:47:00,2.75,--,50,13750,卖盘
1619,09:46:57,2.75,--,18,4950,卖盘
1620,09:46:54,2.75,--,210,57750,卖盘
1621,09:46:51,2.75,--,50,13750,卖盘
1622,09:46:45,2.75,--,200,55000,卖盘
1623,09:46:39,2.75,--,71,19525,卖盘
1624,09:46:36,2.75,--,50,13750,卖盘
1625,09:46:33,2.75,--,11,3025,卖盘
1626,09:46:30,2.75,--,210,57750,卖盘
1627,09:46:27,2.75,--,50,13750,卖盘
1628,09:46:24,2.75,--,60,16500,卖盘
1629,09:46:18,2.75,--,290,79750,卖盘
1630,09:46:15,2.75,--,10,2750,卖盘
1631,09:46:12,2.75,--,1,495,卖盘
1632,09:46:09,2.75,--,187,51425,卖盘
1633,09:46:06,2.75,--,100,27500,卖盘
1634,09:46:00,2.75,--,345,94875,卖盘
1635,09:45:51,2.75,--,891,245025,卖盘
1636,09:45:42,2.75,-0.01,5,1375,卖盘
1637,09:45:39,2.76,0.01,5,1380,买盘
1638,09:45:21,2.75,-0.01,132,36300,卖盘
1639,09:45:15,2.76,0.01,13,3587,买盘
1640,09:45:12,2.75,-0.01,20,5500,卖盘
1641,09:45:06,2.76,--,11,3035,买盘
1642,09:45:03,2.76,--,3,827,买盘
1643,09:44:51,2.76,--,5,1380,买盘
1644,09:44:45,2.76,--,2,552,买盘
1645,09:44:42,2.76,0.01,33,9108,买盘
1646,09:44:39,2.75,--,52,14355,卖盘
1647,09:44:36,2.75,--,12,3465,卖盘
1648,09:44:33,2.75,--,81,22275,卖盘
1649,09:44:30,2.75,--,55,15125,卖盘
1650,09:44:27,2.75,--,6,1650,卖盘
1651,09:44:24,2.75,-0.01,18,4950,卖盘
1652,09:44:21,2.76,0.01,30,8280,买盘
1653,09:44:15,2.75,-0.01,200,55000,卖盘
1654,09:44:09,2.76,0.01,54,14903,买盘
1655,09:44:06,2.75,-0.01,2,550,卖盘
1656,09:43:48,2.76,--,5,1380,买盘
1657,09:43:45,2.76,--,31,8721,卖盘
1658,09:43:42,2.76,--,109,30194,卖盘
1659,09:43:39,2.76,-0.01,2,552,卖盘
1660,09:43:36,2.77,0.02,1,277,买盘
1661,09:43:33,2.75,-0.01,20,5500,卖盘
1662,09:43:30,2.76,--,80,22135,卖盘
1663,09:43:24,2.76,--,21,5796,卖盘
1664,09:43:21,2.76,--,11,3035,卖盘
1665,09:43:09,2.76,--,241,66681,买盘
1666,09:43:00,2.76,0.01,79,21804,买盘
1667,09:42:54,2.75,-0.01,8,2200,卖盘
1668,09:42:45,2.76,-0.01,50,13799,中性盘
1669,09:42:39,2.77,0.02,1655,458435,买盘
1670,09:42:36,2.75,-0.01,53,14575,卖盘
1671,09:42:33,2.76,--,18,5188,卖盘
1672,09:42:30,2.76,--,4,1104,卖盘
1673,09:42:27,2.76,--,2965,818395,买盘
1674,09:42:24,2.76,0.01,80,22080,买盘
1675,09:42:21,2.75,-0.01,138,38115,卖盘
1676,09:42:18,2.76,0.01,27,7451,买盘
1677,09:42:15,2.75,--,110,30250,卖盘
1678,09:42:06,2.75,--,2,550,卖盘
1679,09:42:00,2.75,--,25,6985,买盘
1680,09:41:54,2.75,--,550,151250,买盘
1681,09:41:51,2.75,--,194,53405,卖盘
1682,09:41:48,2.75,--,20,5500,卖盘
1683,09:41:42,2.75,-0.01,1,275,卖盘
1684,09:41:39,2.76,0.01,108,29807,买盘
1685,09:41:36,2.75,--,24,6600,卖盘
1686,09:41:30,2.75,-0.01,16,4400,卖盘
1687,09:41:27,2.76,--,341,94116,买盘
1688,09:41:24,2.76,0.01,41,11316,买盘
1689,09:41:12,2.75,--,33,9075,卖盘
1690,09:41:09,2.75,--,60,16500,卖盘
1691,09:41:06,2.75,--,1,275,卖盘
1692,09:41:03,2.75,--,2911,800525,卖盘
1693,09:41:00,2.75,-0.01,30,8250,卖盘
1694,09:40:54,2.76,0.01,2,552,买盘
1695,09:40:51,2.75,--,178,49115,卖盘
1696,09:40:39,2.75,--,8,2200,卖盘
1697,09:40:36,2.75,-0.01,188,51700,卖盘
1698,09:40:33,2.76,0.01,4,1104,买盘
1699,09:40:21,2.75,--,8,2420,卖盘
1700,09:40:18,2.75,--,6,1760,买盘
1701,09:40:12,2.75,--,218,60115,卖盘
1702,09:40:06,2.75,-0.01,27,7425,卖盘
1703,09:40:00,2.76,0.01,65,17940,买盘
1704,09:39:54,2.75,--,2,550,卖盘
1705,09:39:51,2.75,--,34,9350,卖盘
1706,09:39:48,2.75,--,59,16225,卖盘
1707,09:39:42,2.75,--,88,24200,卖盘
1708,09:39:39,2.75,-0.01,237,65175,卖盘
1709,09:39:36,2.76,0.01,5,1380,买盘
1710,09:39:21,2.75,--,187,51425,卖盘
1711,09:39:15,2.75,--,4,1100,卖盘
1712,09:39:09,2.75,-0.01,345,94875,卖盘
1713,09:39:03,2.76,0.01,20,5520,买盘
1714,09:39:00,2.75,--,883,242825,卖盘
1715,09:38:57,2.75,--,8,2200,卖盘
1716,09:38:54,2.75,--,80,22000,卖盘
1717,09:38:51,2.75,-0.01,4,1100,卖盘
1718,09:38:42,2.76,--,5,1380,买盘
1719,09:38:39,2.76,0.01,20,5520,买盘
1720,09:38:33,2.75,-0.01,20,5555,卖盘
1721,09:38:30,2.76,0.01,10,2760,买盘
1722,09:38:24,2.75,-0.01,2,550,卖盘
1723,09:38:18,2.76,--,19,5244,买盘
1724,09:38:09,2.76,--,13,3587,买盘
1725,09:38:06,2.76,0.01,2,552,买盘
1726,09:38:00,2.75,-0.01,5,1595,卖盘
1727,09:37:57,2.76,0.01,3,827,买盘
1728,09:37:54,2.75,--,10,2970,卖盘
1729,09:37:51,2.75,--,4,1100,卖盘
1730,09:37:48,2.75,-0.01,140,38500,卖盘
1731,09:37:42,2.76,0.01,60,16560,买盘
1732,09:37:39,2.75,--,1,275,卖盘
1733,09:37:21,2.75,-0.01,207,56925,卖盘
1734,09:37:18,2.76,0.01,176,48575,买盘
1735,09:37:15,2.75,-0.01,1,275,卖盘
1736,09:37:12,2.76,0.01,971,267996,买盘
1737,09:37:06,2.75,-0.01,32,8800,卖盘
1738,09:36:54,2.76,0.01,158,43608,买盘
1739,09:36:51,2.75,--,4,1100,卖盘
1740,09:36:48,2.75,-0.01,44,12100,卖盘
1741,09:36:39,2.76,0.01,30,8280,买盘
1742,09:36:24,2.75,--,1,495,卖盘
1743,09:36:21,2.75,--,30,8250,卖盘
1744,09:36:18,2.75,-0.01,1,275,卖盘
1745,09:36:09,2.76,--,10,2760,买盘
1746,09:36:06,2.76,--,10,2760,买盘
1747,09:36:03,2.76,--,61,16836,买盘
1748,09:36:00,2.76,0.01,1,276,买盘
1749,09:35:51,2.75,--,12,3300,卖盘
1750,09:35:48,2.75,-0.01,20,5500,卖盘
1751,09:35:42,2.76,--,11,3035,买盘
1752,09:35:36,2.76,--,1,276,买盘
1753,09:35:27,2.76,0.01,12,3311,买盘
1754,09:35:21,2.75,-0.01,5,1485,卖盘
1755,09:35:09,2.76,0.01,222,61271,买盘
1756,09:35:00,2.75,--,100,27500,卖盘
1757,09:34:57,2.75,--,12,3300,卖盘
1758,09:34:51,2.75,-0.01,4,1100,卖盘
1759,09:34:45,2.76,0.01,50,13799,买盘
1760,09:34:36,2.75,--,15,4125,卖盘
1761,09:34:27,2.75,-0.01,10,2970,卖盘
1762,09:34:21,2.76,0.01,6,1655,买盘
1763,09:34:00,2.75,--,17,4675,卖盘
1764,09:33:57,2.75,0.01,181,49940,买盘
1765,09:33:51,2.74,-0.01,4,1096,卖盘
1766,09:33:48,2.75,0.01,20,5500,买盘
1767,09:33:45,2.74,--,20,5480,卖盘
1768,09:33:42,2.74,-0.01,15,4110,卖盘
1769,09:33:36,2.75,0.01,76,20900,买盘
1770,09:33:33,2.74,-0.01,377,103298,卖盘
1771,09:33:30,2.75,0.01,2,550,买盘
1772,09:33:27,2.74,-0.01,17,4658,卖盘
1773,09:33:24,2.75,0.01,280,77000,买盘
1774,09:33:21,2.74,--,11,3014,卖盘
1775,09:33:12,2.74,-0.01,15,4110,卖盘
1776,09:33:09,2.75,0.01,10,2750,买盘
1777,09:33:06,2.74,--,5,1479,卖盘
1778,09:32:51,2.74,-0.01,317,86967,卖盘
1779,09:32:45,2.75,--,17,4675,买盘
1780,09:32:39,2.75,--,148,40865,卖盘
1781,09:32:33,2.75,--,30,8250,卖盘
1782,09:32:30,2.75,--,60,16500,卖盘
1783,09:32:27,2.75,--,250,68750,卖盘
1784,09:32:24,2.75,--,10,2750,卖盘
1785,09:32:21,2.75,--,100,27500,卖盘
1786,09:32:15,2.75,--,13,3575,卖盘
1787,09:32:12,2.75,--,11,3025,卖盘
1788,09:32:09,2.75,--,92,25300,卖盘
1789,09:32:06,2.75,--,12,3300,卖盘
1790,09:32:03,2.75,-0.01,5,1375,卖盘
1791,09:32:00,2.76,0.01,50,13799,买盘
1792,09:31:57,2.75,-0.01,176,48400,卖盘
1793,09:31:54,2.76,0.01,108,29807,买盘
1794,09:31:51,2.75,--,172,47300,卖盘
1795,09:31:48,2.75,-0.01,26,7205,卖盘
1796,09:31:36,2.76,0.01,100,27599,买盘
1797,09:31:33,2.75,--,219,60225,卖盘
1798,09:31:30,2.75,--,13,3575,卖盘
1799,09:31:24,2.75,--,10,2750,卖盘
1800,09:31:18,2.75,-0.01,86,23650,卖盘
1801,09:31:09,2.76,--,15,4140,买盘
1802,09:31:06,2.76,0.01,30,8280,买盘
1803,09:31:03,2.75,-0.01,100,27500,卖盘
1804,09:31:00,2.76,--,9,2484,买盘
1805,09:30:54,2.76,--,92,25391,买盘
1806,09:30:51,2.76,--,62,17112,买盘
1807,09:30:48,2.76,0.01,11,3035,买盘
1808,09:30:45,2.75,-0.01,30,8250,卖盘
1809,09:30:21,2.76,--,5,1380,买盘
1810,09:30:18,2.76,--,1,276,买盘
1811,09:30:15,2.76,--,288,79488,买盘
1812,09:30:09,2.76,--,78,21528,买盘
1813,09:30:06,2.76,--,258,71208,买盘
1814,09:30:03,2.76,--,1612,444967,买盘
1815,09:30:00,2.76,--,0,0,买盘
1816,09:25:03,2.76,2.76,358,98807,买盘
