,time,price,change,volume,amount,type
0,15:00:03,21.7,--,616,1336720,卖盘
1,14:57:00,21.7,-0.01,5,10850,卖盘
2,14:56:57,21.71,--,1,2171,买盘
3,14:56:54,21.71,--,13,28223,卖盘
4,14:56:51,21.71,0.01,26,56446,中性盘
5,14:56:45,21.7,-0.01,100,217000,卖盘
6,14:56:42,21.71,-0.01,102,221442,买盘
7,14:56:39,21.72,0.01,94,204168,买盘
8,14:56:36,21.71,0.01,26,56446,买盘
9,14:56:33,21.7,-0.01,14,30380,卖盘
10,14:56:30,21.71,--,18,39078,买盘
11,14:56:27,21.71,0.01,22,47762,买盘
12,14:56:24,21.7,-0.01,10,21700,卖盘
13,14:56:21,21.71,-0.01,15,32565,中性盘
14,14:56:18,21.72,--,12,26064,买盘
15,14:56:15,21.72,0.01,7,15204,买盘
16,14:56:12,21.71,--,10,21710,卖盘
17,14:56:09,21.71,--,10,21710,卖盘
18,14:56:06,21.71,--,37,80327,卖盘
19,14:56:03,21.71,--,5,10855,卖盘
20,14:56:00,21.71,0.01,19,41249,卖盘
21,14:55:54,21.7,-0.02,1,2170,卖盘
22,14:55:51,21.72,0.02,5,10860,买盘
23,14:55:48,21.7,--,13,28210,卖盘
24,14:55:45,21.7,--,34,73780,卖盘
25,14:55:42,21.7,--,79,171430,卖盘
26,14:55:39,21.7,--,54,117180,买盘
27,14:55:36,21.7,0.01,20,43400,买盘
28,14:55:27,21.69,--,17,36873,卖盘
29,14:55:24,21.69,--,5,10845,卖盘
30,14:55:21,21.69,--,52,112788,卖盘
31,14:55:18,21.69,-0.01,30,65070,卖盘
32,14:55:15,21.7,0.01,8,17360,买盘
33,14:55:06,21.69,--,11,23859,卖盘
34,14:54:57,21.69,-0.01,20,43380,卖盘
35,14:54:54,21.7,0.01,4,8680,买盘
36,14:54:51,21.69,--,11,23859,买盘
37,14:54:48,21.69,--,6,13014,卖盘
38,14:54:39,21.69,--,24,52056,买盘
39,14:54:36,21.69,-0.01,3,6507,卖盘
40,14:54:24,21.7,0.02,27,58590,买盘
41,14:54:21,21.68,-0.01,2,4336,卖盘
42,14:54:18,21.69,--,4,8676,买盘
43,14:54:12,21.69,0.01,2,4338,卖盘
44,14:54:09,21.68,--,1,2168,买盘
45,14:54:06,21.68,-0.01,9,19512,卖盘
46,14:54:03,21.69,--,19,41211,卖盘
47,14:54:00,21.69,0.01,27,58563,买盘
48,14:53:54,21.68,--,13,28184,卖盘
49,14:53:51,21.68,-0.01,25,54200,卖盘
50,14:53:48,21.69,--,10,21690,买盘
51,14:53:45,21.69,--,4,8676,买盘
52,14:53:42,21.69,--,29,62901,买盘
53,14:53:33,21.69,0.01,10,21690,买盘
54,14:53:27,21.68,--,22,47696,卖盘
55,14:53:24,21.68,--,4,8672,卖盘
56,14:53:21,21.68,--,22,47696,卖盘
57,14:53:18,21.68,--,84,182112,卖盘
58,14:53:06,21.68,--,26,56368,买盘
59,14:53:03,21.68,0.01,58,125744,买盘
60,14:53:00,21.67,-0.01,9,19503,卖盘
61,14:52:57,21.68,0.01,15,32520,买盘
62,14:52:54,21.67,--,5,10835,卖盘
63,14:52:51,21.67,--,3,6501,卖盘
64,14:52:45,21.67,--,1,2167,卖盘
65,14:52:42,21.67,0.01,4,8668,买盘
66,14:52:39,21.66,--,23,49818,卖盘
67,14:52:36,21.66,-0.01,50,108300,卖盘
68,14:52:30,21.67,--,13,28171,买盘
69,14:52:15,21.67,--,2,4334,卖盘
70,14:52:09,21.67,--,1,2167,买盘
71,14:52:06,21.67,--,22,47674,买盘
72,14:52:03,21.67,0.01,5,10835,买盘
73,14:52:00,21.66,--,10,21660,卖盘
74,14:51:57,21.66,-0.01,10,21660,卖盘
75,14:51:54,21.67,0.01,1,2167,买盘
76,14:51:51,21.66,--,9,19494,卖盘
77,14:51:48,21.66,-0.01,55,119130,卖盘
78,14:51:45,21.67,0.01,2,4334,中性盘
79,14:51:42,21.66,--,4,8664,卖盘
80,14:51:39,21.66,--,19,41154,卖盘
81,14:51:27,21.66,-0.01,25,54150,卖盘
82,14:51:24,21.67,-0.01,1,2167,中性盘
83,14:51:18,21.68,0.02,10,21680,买盘
84,14:51:15,21.66,--,4,8664,卖盘
85,14:51:09,21.66,-0.02,4,8664,卖盘
86,14:51:06,21.68,0.02,70,151760,买盘
87,14:51:03,21.66,--,1,2166,卖盘
88,14:51:00,21.66,-0.02,40,86640,卖盘
89,14:50:51,21.68,--,10,21680,买盘
90,14:50:48,21.68,0.02,5,10840,买盘
91,14:50:42,21.66,-0.02,49,106134,卖盘
92,14:50:39,21.68,--,3,6504,买盘
93,14:50:36,21.68,--,29,62872,卖盘
94,14:50:33,21.68,-0.01,21,45528,卖盘
95,14:50:27,21.69,0.01,5,10845,买盘
96,14:50:24,21.68,--,16,34688,卖盘
97,14:50:21,21.68,0.02,4,8672,中性盘
98,14:50:15,21.66,-0.03,30,64980,卖盘
99,14:50:12,21.69,0.01,12,26028,买盘
100,14:49:54,21.68,--,6,13008,买盘
101,14:49:51,21.68,0.03,1,2168,买盘
102,14:49:42,21.65,-0.03,20,43300,卖盘
103,14:49:39,21.68,0.03,9,19512,买盘
104,14:49:36,21.65,-0.01,5,10825,卖盘
105,14:49:33,21.66,--,2,4332,卖盘
106,14:49:30,21.66,0.01,2,4332,买盘
107,14:49:27,21.65,0.01,8,17320,卖盘
108,14:49:24,21.64,-0.01,92,199088,卖盘
109,14:49:21,21.65,--,13,28144,买盘
110,14:49:15,21.65,--,22,47630,买盘
111,14:49:09,21.65,--,61,132065,买盘
112,14:49:03,21.65,0.02,3,6495,中性盘
113,14:49:00,21.63,--,21,45423,卖盘
114,14:48:57,21.63,-0.02,19,41097,卖盘
115,14:48:54,21.65,--,6,12990,买盘
116,14:48:48,21.65,0.02,18,38970,买盘
117,14:48:45,21.63,-0.02,3,6489,卖盘
118,14:48:42,21.65,--,3,6495,买盘
119,14:48:39,21.65,0.02,6,12990,买盘
120,14:48:36,21.63,-0.02,1,3936,卖盘
121,14:48:30,21.65,--,6,12990,买盘
122,14:48:24,21.65,--,52,112579,卖盘
123,14:48:21,21.65,-0.01,3,6495,卖盘
124,14:48:15,21.66,-0.02,56,121296,卖盘
125,14:48:09,21.68,--,15,32520,卖盘
126,14:48:06,21.68,--,2,4336,卖盘
127,14:48:00,21.68,-0.02,1,2168,卖盘
128,14:47:48,21.7,--,170,368900,卖盘
129,14:47:42,21.7,-0.01,30,65100,卖盘
130,14:47:39,21.71,--,3,6513,卖盘
131,14:47:36,21.71,0.01,6,13026,中性盘
132,14:47:30,21.7,-0.01,50,108500,卖盘
133,14:47:24,21.71,-0.01,10,21710,卖盘
134,14:47:21,21.72,--,26,56472,买盘
135,14:47:18,21.72,--,16,34752,买盘
136,14:47:15,21.72,--,3,6516,买盘
137,14:47:12,21.72,--,1,2172,买盘
138,14:47:09,21.72,0.01,25,54300,买盘
139,14:47:03,21.71,-0.01,20,43420,卖盘
140,14:46:57,21.72,--,4,9904,卖盘
141,14:46:54,21.72,--,4,8688,卖盘
142,14:46:51,21.72,--,29,62988,卖盘
143,14:46:45,21.72,--,5,10860,卖盘
144,14:46:42,21.72,-0.01,29,63943,卖盘
145,14:46:39,21.73,0.01,9,19557,买盘
146,14:46:36,21.72,--,15,32580,卖盘
147,14:46:27,21.72,-0.01,58,125976,卖盘
148,14:46:21,21.73,--,3,6519,卖盘
149,14:46:18,21.73,-0.01,19,41287,卖盘
150,14:46:12,21.74,0.01,1,2174,买盘
151,14:46:09,21.73,-0.01,40,86920,卖盘
152,14:46:06,21.74,--,3,6521,卖盘
153,14:45:48,21.74,--,53,115221,卖盘
154,14:45:42,21.74,--,5,10870,卖盘
155,14:45:39,21.74,--,2,4348,卖盘
156,14:45:30,21.74,-0.01,4,8696,卖盘
157,14:45:24,21.75,--,78,169650,卖盘
158,14:45:21,21.75,--,11,23925,卖盘
159,14:45:12,21.75,--,2,4350,卖盘
160,14:45:06,21.75,0.01,43,93525,买盘
161,14:44:57,21.74,--,8,17392,卖盘
162,14:44:51,21.74,--,7,15217,卖盘
163,14:44:48,21.74,--,15,32609,卖盘
164,14:44:45,21.74,--,3,6521,卖盘
165,14:44:30,21.74,-0.03,23,50002,卖盘
166,14:44:24,21.77,--,25,54425,买盘
167,14:44:18,21.77,--,5,10885,买盘
168,14:44:06,21.77,0.03,6,13062,买盘
169,14:44:03,21.74,-0.03,300,652200,卖盘
170,14:44:00,21.77,0.01,14,30478,中性盘
171,14:43:57,21.76,-0.01,200,435200,卖盘
172,14:43:54,21.77,--,3,6531,卖盘
173,14:43:51,21.77,--,3,6531,卖盘
174,14:43:48,21.77,--,6,13062,卖盘
175,14:43:45,21.77,--,10,21770,卖盘
176,14:43:42,21.77,--,1,2177,卖盘
177,14:43:39,21.77,0.01,85,185045,买盘
178,14:43:36,21.76,-0.01,5,10880,卖盘
179,14:43:33,21.77,--,1,2177,买盘
180,14:43:24,21.77,--,27,58779,卖盘
181,14:43:18,21.77,-0.01,1,2177,卖盘
182,14:43:12,21.78,-0.01,1,2178,卖盘
183,14:43:06,21.79,0.01,5,10895,买盘
184,14:43:00,21.78,-0.01,3,6534,卖盘
185,14:42:57,21.79,--,44,95876,卖盘
186,14:42:54,21.79,-0.01,15,32685,卖盘
187,14:42:51,21.8,--,2,4360,卖盘
188,14:42:48,21.8,--,31,67580,买盘
189,14:42:42,21.8,--,15,32700,买盘
190,14:42:39,21.8,--,97,211460,买盘
191,14:42:36,21.8,0.01,52,113360,买盘
192,14:42:33,21.79,-0.01,4,8716,卖盘
193,14:42:24,21.8,--,19,41420,买盘
194,14:42:21,21.8,--,2,4360,买盘
195,14:42:15,21.8,--,25,54500,卖盘
196,14:42:12,21.8,--,5,10900,卖盘
197,14:42:09,21.8,--,108,235440,卖盘
198,14:42:00,21.8,--,1,2180,卖盘
199,14:41:39,21.8,-0.01,69,150420,卖盘
200,14:41:33,21.81,-0.01,23,50163,中性盘
201,14:41:12,21.82,0.01,25,54550,买盘
202,14:41:06,21.81,--,11,23991,卖盘
203,14:40:54,21.81,-0.01,12,26172,买盘
204,14:40:51,21.82,--,9,19638,卖盘
205,14:40:45,21.82,0.01,62,135284,买盘
206,14:40:39,21.81,--,7,15267,中性盘
207,14:40:33,21.81,--,20,43620,买盘
208,14:40:18,21.81,--,9,19629,买盘
209,14:40:12,21.81,--,42,91602,卖盘
210,14:40:00,21.81,-0.02,1,2181,卖盘
211,14:39:57,21.83,--,3,6548,买盘
212,14:39:51,21.83,0.02,10,21830,买盘
213,14:39:48,21.81,-0.02,1,2181,卖盘
214,14:39:45,21.83,--,5,10915,卖盘
215,14:39:42,21.83,--,5,10915,买盘
216,14:39:24,21.83,0.02,5,10915,中性盘
217,14:39:15,21.81,--,38,82878,卖盘
218,14:39:12,21.81,--,4,8724,卖盘
219,14:39:09,21.81,--,1,2181,卖盘
220,14:38:57,21.81,--,3,6543,卖盘
221,14:38:39,21.81,--,3,6543,卖盘
222,14:38:36,21.81,-0.03,17,37077,卖盘
223,14:38:30,21.84,0.03,10,21840,中性盘
224,14:38:09,21.81,-0.04,11,23991,卖盘
225,14:38:06,21.85,0.04,30,65550,买盘
226,14:37:45,21.81,-0.04,3,6543,卖盘
227,14:37:36,21.85,-0.01,2,4370,卖盘
228,14:37:33,21.86,0.01,9,19674,买盘
229,14:37:27,21.85,--,30,65550,卖盘
230,14:37:24,21.85,-0.01,3,6555,卖盘
231,14:37:12,21.86,0.01,30,65580,买盘
232,14:37:06,21.85,--,15,32775,买盘
233,14:37:03,21.85,0.05,2,4370,买盘
234,14:36:48,21.8,-0.05,2,4360,卖盘
235,14:36:39,21.85,-0.01,10,21850,买盘
236,14:36:36,21.86,0.07,9,19674,中性盘
237,14:36:21,21.79,-0.08,76,165604,卖盘
238,14:36:09,21.87,0.02,100,218700,买盘
239,14:36:06,21.85,-0.02,3,6555,中性盘
240,14:35:57,21.87,0.09,206,450522,买盘
241,14:35:54,21.78,-0.07,10,21780,卖盘
242,14:35:48,21.85,0.07,125,273125,买盘
243,14:35:45,21.78,--,1,2178,卖盘
244,14:35:42,21.78,--,3,6534,卖盘
245,14:35:39,21.78,0.02,2,4356,中性盘
246,14:35:33,21.76,--,24,52224,买盘
247,14:35:30,21.76,--,2,4352,买盘
248,14:35:27,21.76,--,24,52224,买盘
249,14:35:24,21.76,--,2,4352,买盘
250,14:35:21,21.76,-0.09,118,256768,卖盘
251,14:35:18,21.85,--,3,6555,买盘
252,14:35:15,21.85,0.09,155,338675,买盘
253,14:35:09,21.76,--,216,470016,卖盘
254,14:35:03,21.76,--,10,21760,卖盘
255,14:34:51,21.76,--,14,30464,卖盘
256,14:34:48,21.76,0.01,28,60928,买盘
257,14:34:42,21.75,--,8,17400,卖盘
258,14:34:39,21.75,-0.01,3,6525,卖盘
259,14:34:33,21.76,--,1,2176,买盘
260,14:34:27,21.76,--,1,2176,买盘
261,14:34:24,21.76,--,1,2176,买盘
262,14:34:18,21.76,0.03,1,2176,买盘
263,14:34:15,21.73,-0.03,132,286836,卖盘
264,14:34:09,21.76,--,6,13056,卖盘
265,14:34:06,21.76,--,8,17408,卖盘
266,14:33:57,21.76,0.02,97,211072,买盘
267,14:33:51,21.74,--,10,21740,卖盘
268,14:33:45,21.74,--,11,23914,卖盘
269,14:33:36,21.74,--,7,15217,卖盘
270,14:33:33,21.74,--,3,6521,买盘
271,14:33:27,21.74,-0.02,3,6521,中性盘
272,14:33:15,21.76,0.02,21,45696,买盘
273,14:33:09,21.74,-0.02,2,4348,卖盘
274,14:32:57,21.76,--,12,26112,买盘
275,14:32:45,21.76,--,1,2176,买盘
276,14:32:33,21.76,-0.01,3,6528,卖盘
277,14:32:30,21.77,0.01,13,28301,买盘
278,14:32:24,21.76,--,2,4352,买盘
279,14:32:15,21.76,--,1,2176,买盘
280,14:32:12,21.76,--,1,2176,卖盘
281,14:32:03,21.76,-0.01,5,10880,卖盘
282,14:31:54,21.77,--,2,4354,买盘
283,14:31:36,21.77,--,1,2177,买盘
284,14:31:33,21.77,--,9,19593,买盘
285,14:31:24,21.77,0.01,20,43540,买盘
286,14:31:18,21.76,--,5,10880,卖盘
287,14:31:15,21.76,-0.01,5,10880,卖盘
288,14:31:12,21.77,--,5,10885,买盘
289,14:31:09,21.77,--,2,4354,买盘
290,14:30:57,21.77,--,2,4354,买盘
291,14:30:45,21.77,0.01,10,21770,买盘
292,14:30:33,21.76,--,2,4352,卖盘
293,14:30:30,21.76,--,5,10880,买盘
294,14:30:24,21.76,0.02,40,87040,买盘
295,14:30:18,21.74,--,1,2174,卖盘
296,14:30:12,21.74,0.02,3,6521,买盘
297,14:30:03,21.72,-0.02,11,23892,卖盘
298,14:30:00,21.74,0.02,3,6521,买盘
299,14:29:57,21.72,-0.02,20,43440,卖盘
300,14:29:51,21.74,--,4,8696,买盘
301,14:29:42,21.74,--,5,10870,买盘
302,14:29:39,21.74,--,2,4348,买盘
303,14:29:30,21.74,0.01,2,4348,买盘
304,14:29:21,21.73,--,2,4346,卖盘
305,14:29:15,21.73,-0.01,5,10865,卖盘
306,14:29:03,21.74,--,1,2174,买盘
307,14:28:57,21.74,-0.01,66,143484,卖盘
308,14:28:54,21.75,0.01,10,21750,买盘
309,14:28:51,21.74,-0.01,1,2174,卖盘
310,14:28:48,21.75,0.01,1,2175,买盘
311,14:28:45,21.74,-0.01,5,10870,卖盘
312,14:28:39,21.75,-0.01,4,8700,卖盘
313,14:28:33,21.76,0.01,11,23936,中性盘
314,14:28:30,21.75,-0.02,9,19575,卖盘
315,14:28:27,21.77,--,2,4354,买盘
316,14:28:24,21.77,0.01,7,15239,买盘
317,14:28:21,21.76,--,8,17408,卖盘
318,14:28:15,21.76,-0.01,5,10880,卖盘
319,14:28:12,21.77,0.01,4,8708,买盘
320,14:28:03,21.76,0.01,10,21760,中性盘
321,14:27:57,21.75,-0.01,20,43500,卖盘
322,14:27:48,21.76,--,5,10880,卖盘
323,14:27:39,21.76,0.01,1,2176,中性盘
324,14:27:27,21.75,-0.02,2,4350,卖盘
325,14:27:24,21.77,--,45,97965,买盘
326,14:27:09,21.77,0.02,2,4354,买盘
327,14:27:03,21.75,--,54,117450,卖盘
328,14:27:00,21.75,-0.02,3,6525,卖盘
329,14:26:54,21.77,--,2,4354,买盘
330,14:26:48,21.77,--,201,437577,买盘
331,14:26:36,21.77,0.02,2,4354,买盘
332,14:26:33,21.75,-0.02,161,350175,卖盘
333,14:26:30,21.77,--,3,6531,买盘
334,14:26:27,21.77,--,5,10885,买盘
335,14:26:21,21.77,--,10,21770,买盘
336,14:26:18,21.77,0.01,2,4354,买盘
337,14:26:15,21.76,--,6,13056,卖盘
338,14:26:06,21.76,--,13,28288,卖盘
339,14:26:00,21.76,-0.01,25,54400,卖盘
340,14:25:51,21.77,0.01,6,13062,买盘
341,14:25:48,21.76,--,1,2176,买盘
342,14:25:42,21.76,--,10,21760,买盘
343,14:25:39,21.76,--,59,128384,卖盘
344,14:25:30,21.76,-0.01,2,4352,卖盘
345,14:25:21,21.77,-0.03,277,603246,卖盘
346,14:25:18,21.8,--,14,30520,卖盘
347,14:25:15,21.8,--,6,13080,卖盘
348,14:25:12,21.8,--,30,65400,卖盘
349,14:25:06,21.8,-0.01,5,10900,卖盘
350,14:25:00,21.81,0.01,6,13086,买盘
351,14:24:57,21.8,-0.01,4,8720,卖盘
352,14:24:54,21.81,0.01,8,17448,买盘
353,14:24:39,21.8,-0.01,7,15260,卖盘
354,14:24:33,21.81,--,3,6543,买盘
355,14:24:30,21.81,-0.02,6,13086,卖盘
356,14:24:21,21.83,-0.01,1,2183,中性盘
357,14:24:06,21.84,--,51,111384,买盘
358,14:23:54,21.84,-0.01,2,4368,中性盘
359,14:23:51,21.85,0.05,20,43700,买盘
360,14:23:42,21.8,--,1,2180,买盘
361,14:23:39,21.8,--,4,8720,买盘
362,14:23:36,21.8,-0.05,2,4360,卖盘
363,14:23:33,21.85,-0.01,6,13110,卖盘
364,14:23:30,21.86,0.06,13,28418,买盘
365,14:23:27,21.8,--,2,4360,卖盘
366,14:23:24,21.8,-0.08,1,2180,卖盘
367,14:23:06,21.88,0.03,50,109400,买盘
368,14:23:03,21.85,--,146,319010,卖盘
369,14:23:00,21.85,--,19,41515,买盘
370,14:22:57,21.85,--,2,4370,买盘
371,14:22:54,21.85,--,4,8740,买盘
372,14:22:51,21.85,-0.02,20,43700,买盘
373,14:22:48,21.87,0.01,44,98196,买盘
374,14:22:45,21.86,--,2,4590,卖盘
375,14:22:42,21.86,0.01,60,133127,买盘
376,14:22:30,21.85,0.05,4,8740,买盘
377,14:22:21,21.8,--,6,13080,卖盘
378,14:22:15,21.8,-0.05,11,23980,卖盘
379,14:22:12,21.85,0.05,33,72105,买盘
380,14:21:54,21.8,-0.05,9,19620,卖盘
381,14:21:51,21.85,0.05,13,28405,买盘
382,14:21:48,21.8,-0.05,2,4360,中性盘
383,14:21:39,21.85,0.04,210,458850,买盘
384,14:21:36,21.81,0.04,13,28353,买盘
385,14:21:24,21.77,-0.01,2,4354,卖盘
386,14:21:18,21.78,--,2,4356,买盘
387,14:21:12,21.78,0.01,2,4356,买盘
388,14:21:03,21.77,--,140,304780,买盘
389,14:21:00,21.77,--,20,43540,买盘
390,14:20:51,21.77,--,27,58779,买盘
391,14:20:45,21.77,--,4,8708,买盘
392,14:20:39,21.77,--,52,113204,买盘
393,14:20:36,21.77,--,12,26124,买盘
394,14:20:33,21.77,0.01,1,2177,买盘
395,14:20:30,21.76,--,3,6528,卖盘
396,14:20:27,21.76,-0.01,3,6528,卖盘
397,14:20:21,21.77,0.01,2,4354,买盘
398,14:20:18,21.76,--,1,2176,卖盘
399,14:20:06,21.76,-0.01,8,17408,卖盘
400,14:20:03,21.77,--,10,21770,买盘
401,14:20:00,21.77,0.01,1,2177,买盘
402,14:19:57,21.76,--,10,21760,卖盘
403,14:19:54,21.76,-0.01,14,30464,卖盘
404,14:19:48,21.77,--,35,76195,买盘
405,14:19:42,21.77,--,11,23947,买盘
406,14:19:39,21.77,-0.03,112,243824,卖盘
407,14:19:33,21.8,0.02,16,34880,买盘
408,14:19:21,21.78,--,7,15246,买盘
409,14:19:15,21.78,0.01,10,21780,买盘
410,14:19:12,21.77,-0.01,2,4354,卖盘
411,14:19:03,21.78,0.01,10,21780,买盘
412,14:19:00,21.77,-0.01,31,67487,卖盘
413,14:18:51,21.78,--,3,6534,买盘
414,14:18:48,21.78,--,10,21780,买盘
415,14:18:45,21.78,-0.01,11,23958,卖盘
416,14:18:42,21.79,--,5,10895,买盘
417,14:18:39,21.79,--,49,106771,买盘
418,14:18:33,21.79,0.01,22,47938,买盘
419,14:18:30,21.78,-0.01,30,65340,卖盘
420,14:18:27,21.79,--,24,52296,买盘
421,14:18:21,21.79,--,2,4358,买盘
422,14:18:18,21.79,--,30,65370,买盘
423,14:18:15,21.79,--,46,100234,卖盘
424,14:17:57,21.79,--,20,43580,买盘
425,14:17:54,21.79,0.01,6,13074,买盘
426,14:17:42,21.78,-0.01,15,32670,卖盘
427,14:17:27,21.79,--,8,17432,卖盘
428,14:17:18,21.79,--,4,8716,卖盘
429,14:17:15,21.79,--,7,15253,卖盘
430,14:17:06,21.79,-0.01,5,10895,卖盘
431,14:16:57,21.8,-0.01,1,2180,买盘
432,14:16:45,21.81,--,42,91602,卖盘
433,14:16:39,21.81,--,3,6543,卖盘
434,14:16:36,21.81,--,10,21810,卖盘
435,14:16:27,21.81,--,2,4362,卖盘
436,14:16:24,21.81,-0.01,11,23991,卖盘
437,14:16:18,21.82,--,1,2182,买盘
438,14:16:12,21.82,0.01,10,21820,买盘
439,14:16:03,21.81,0.01,10,21810,中性盘
440,14:15:57,21.8,--,89,194565,卖盘
441,14:15:51,21.8,-0.01,19,41420,卖盘
442,14:15:48,21.81,0.01,3,6543,买盘
443,14:15:45,21.8,--,5,10900,卖盘
444,14:15:39,21.8,--,10,21800,卖盘
445,14:15:36,21.8,--,5,10900,卖盘
446,14:15:33,21.8,--,37,80660,卖盘
447,14:15:30,21.8,0.02,5,10900,买盘
448,14:15:18,21.78,-0.02,7,15246,卖盘
449,14:15:12,21.8,0.02,8,17440,买盘
450,14:15:06,21.78,-0.02,6,13068,卖盘
451,14:15:00,21.8,0.03,22,47960,买盘
452,14:14:54,21.77,0.01,1,2177,中性盘
453,14:14:33,21.76,-0.04,8,17408,卖盘
454,14:14:27,21.8,--,5,10900,卖盘
455,14:14:21,21.8,--,4,8720,买盘
456,14:14:15,21.8,--,2,4360,买盘
457,14:14:06,21.8,0.05,1,2180,中性盘
458,14:13:57,21.75,-0.07,160,348000,卖盘
459,14:13:51,21.82,-0.02,2,4364,卖盘
460,14:13:42,21.84,--,1,2184,买盘
461,14:13:36,21.84,--,10,22058,卖盘
462,14:13:30,21.84,--,10,21840,卖盘
463,14:13:24,21.84,0.02,33,74037,买盘
464,14:13:12,21.82,--,5,10910,卖盘
465,14:13:09,21.82,-0.02,1,2182,卖盘
466,14:13:03,21.84,--,20,43680,买盘
467,14:12:57,21.84,-0.01,14,30794,卖盘
468,14:12:54,21.85,0.01,10,21850,买盘
469,14:12:48,21.84,-0.01,7,17253,卖盘
470,14:12:45,21.85,--,1,2185,买盘
471,14:12:42,21.85,-0.03,318,694830,卖盘
472,14:12:39,21.88,--,22,48136,卖盘
473,14:12:36,21.88,-0.01,1,2188,卖盘
474,14:12:30,21.89,--,1,2189,买盘
475,14:12:27,21.89,--,4,8756,买盘
476,14:12:24,21.89,--,5,10945,买盘
477,14:12:21,21.89,--,5,10945,买盘
478,14:12:18,21.89,-0.01,85,186065,卖盘
479,14:12:15,21.9,--,22,48180,买盘
480,14:12:12,21.9,0.01,8,17520,买盘
481,14:12:09,21.89,-0.01,10,21890,卖盘
482,14:12:06,21.9,0.01,20,43800,买盘
483,14:11:54,21.89,--,10,21890,卖盘
484,14:11:51,21.89,0.01,20,43780,买盘
485,14:11:42,21.88,--,65,142220,卖盘
486,14:11:39,21.88,--,11,24068,卖盘
487,14:11:36,21.88,-0.02,1,2188,卖盘
488,14:11:33,21.9,--,54,118259,买盘
489,14:11:30,21.9,0.02,1,2190,买盘
490,14:11:21,21.88,-0.02,10,21880,卖盘
491,14:11:18,21.9,0.02,135,295650,买盘
492,14:11:15,21.88,--,4,8752,买盘
493,14:11:09,21.88,0.01,1,2188,买盘
494,14:11:00,21.87,-0.01,5,10935,卖盘
495,14:10:57,21.88,0.01,1,2188,买盘
496,14:10:54,21.87,-0.01,10,21870,卖盘
497,14:10:51,21.88,-0.02,3,6564,卖盘
498,14:10:48,21.9,0.03,100,219000,买盘
499,14:10:42,21.87,-0.01,62,135594,卖盘
500,14:10:39,21.88,0.01,11,24068,买盘
501,14:10:36,21.87,--,6,13122,卖盘
502,14:10:33,21.87,--,2,4374,卖盘
503,14:10:30,21.87,--,1,2187,卖盘
504,14:10:27,21.87,--,25,54675,卖盘
505,14:10:21,21.87,-0.01,2,4374,卖盘
506,14:10:18,21.88,0.01,5,10940,买盘
507,14:10:09,21.87,--,10,21870,卖盘
508,14:10:06,21.87,0.01,22,48114,买盘
509,14:10:03,21.86,--,1,2186,卖盘
510,14:09:57,21.86,--,5,10930,卖盘
511,14:09:51,21.86,--,12,26232,卖盘
512,14:09:48,21.86,--,2,4372,卖盘
513,14:09:42,21.86,--,5,10930,卖盘
514,14:09:39,21.86,-0.01,20,43720,卖盘
515,14:09:36,21.87,0.01,48,104976,买盘
516,14:09:33,21.86,--,3,6558,卖盘
517,14:09:30,21.86,--,3,6558,卖盘
518,14:09:27,21.86,--,10,21860,卖盘
519,14:09:24,21.86,--,19,41534,买盘
520,14:09:21,21.86,--,7,15302,买盘
521,14:09:18,21.86,--,8,17488,买盘
522,14:09:15,21.86,--,3,6558,卖盘
523,14:09:12,21.86,--,15,32790,卖盘
524,14:09:03,21.86,--,22,48092,卖盘
525,14:09:00,21.86,-0.01,11,24046,卖盘
526,14:08:57,21.87,0.01,10,21870,买盘
527,14:08:54,21.86,-0.01,8,17488,卖盘
528,14:08:51,21.87,0.01,5,10935,买盘
529,14:08:48,21.86,-0.01,8,17488,卖盘
530,14:08:45,21.87,0.01,36,78732,买盘
531,14:08:42,21.86,-0.01,10,21860,卖盘
532,14:08:39,21.87,--,6,13122,买盘
533,14:08:36,21.87,0.01,20,43740,买盘
534,14:08:33,21.86,-0.01,14,30604,卖盘
535,14:08:30,21.87,0.01,4,8748,买盘
536,14:08:24,21.86,--,7,15302,卖盘
537,14:08:21,21.86,-0.01,5,10930,卖盘
538,14:08:15,21.87,0.01,16,34992,买盘
539,14:08:12,21.86,0.01,2,4372,买盘
540,14:08:09,21.85,--,5,10925,卖盘
541,14:07:57,21.85,-0.02,11,24035,卖盘
542,14:07:51,21.87,--,10,21870,买盘
543,14:07:48,21.87,--,3,6561,买盘
544,14:07:45,21.87,0.02,55,120285,买盘
545,14:07:36,21.85,--,2,4370,卖盘
546,14:07:30,21.85,-0.03,2,4370,卖盘
547,14:07:24,21.88,0.03,18,39384,买盘
548,14:07:21,21.85,-0.02,63,137655,卖盘
549,14:07:18,21.87,-0.01,3,6561,卖盘
550,14:07:12,21.88,--,11,24068,买盘
551,14:07:09,21.88,--,29,63452,卖盘
552,14:07:06,21.88,--,15,32820,卖盘
553,14:07:03,21.88,--,1,2188,卖盘
554,14:07:00,21.88,--,12,26256,卖盘
555,14:06:57,21.88,--,89,194732,卖盘
556,14:06:54,21.88,--,90,196920,买盘
557,14:06:48,21.88,0.03,88,192544,买盘
558,14:06:45,21.85,--,8,17480,卖盘
559,14:06:42,21.85,-0.03,35,76693,卖盘
560,14:06:39,21.88,0.01,62,137625,买盘
561,14:06:36,21.87,--,3,6561,卖盘
562,14:06:33,21.87,-0.01,125,273375,卖盘
563,14:06:30,21.88,--,12,26256,买盘
564,14:06:24,21.88,--,7,15316,买盘
565,14:06:21,21.88,--,1,2188,买盘
566,14:06:18,21.88,--,22,48354,卖盘
567,14:06:12,21.88,-0.02,50,109400,卖盘
568,14:06:09,21.9,0.02,65,142350,买盘
569,14:06:00,21.88,-0.02,120,262560,卖盘
570,14:05:57,21.9,0.02,50,109500,买盘
571,14:05:51,21.88,--,34,76361,买盘
572,14:05:48,21.88,-0.02,165,361238,卖盘
573,14:05:45,21.9,--,17,37230,买盘
574,14:05:42,21.9,--,2,4380,买盘
575,14:05:39,21.9,0.01,2,4380,买盘
576,14:05:36,21.89,-0.02,9,21671,卖盘
577,14:05:33,21.91,0.01,36,78876,买盘
578,14:05:30,21.9,--,1,2190,买盘
579,14:05:27,21.9,-0.01,5,12242,卖盘
580,14:05:24,21.91,--,1,2191,买盘
581,14:05:21,21.91,--,8,17528,买盘
582,14:05:18,21.91,--,37,81965,买盘
583,14:05:15,21.91,-0.02,306,670446,卖盘
584,14:05:12,21.93,-0.01,40,87720,中性盘
585,14:05:09,21.94,0.03,52,114088,买盘
586,14:05:03,21.91,-0.02,129,282639,卖盘
587,14:05:00,21.93,--,30,65790,买盘
588,14:04:57,21.93,0.01,24,52632,买盘
589,14:04:51,21.92,--,2,4384,卖盘
590,14:04:48,21.92,0.01,123,269616,买盘
591,14:04:45,21.91,--,21,46011,卖盘
592,14:04:42,21.91,--,16,35056,卖盘
593,14:04:39,21.91,--,21,46011,卖盘
594,14:04:36,21.91,--,102,223482,买盘
595,14:04:30,21.91,0.02,65,142415,买盘
596,14:04:27,21.89,-0.01,6,13134,卖盘
597,14:04:24,21.9,0.01,11,24090,买盘
598,14:04:21,21.89,-0.02,26,56914,卖盘
599,14:04:18,21.91,0.01,90,197190,买盘
600,14:04:15,21.9,0.01,3,6570,买盘
601,14:04:12,21.89,-0.01,12,26268,卖盘
602,14:04:09,21.9,--,27,59129,买盘
603,14:04:06,21.9,0.01,11,24090,买盘
604,14:04:00,21.89,-0.01,10,21890,中性盘
605,14:03:57,21.9,--,37,81030,买盘
606,14:03:54,21.9,0.01,228,499319,买盘
607,14:03:51,21.89,0.02,2,4378,买盘
608,14:03:48,21.87,--,15,32805,卖盘
609,14:03:45,21.87,-0.02,112,244944,卖盘
610,14:03:42,21.89,--,60,131340,卖盘
611,14:03:39,21.89,0.02,32,70048,买盘
612,14:03:33,21.87,-0.02,5,10935,卖盘
613,14:03:30,21.89,--,76,166364,买盘
614,14:03:27,21.89,--,14,30646,买盘
615,14:03:24,21.89,0.01,156,341484,买盘
616,14:03:21,21.88,--,39,85332,买盘
617,14:03:15,21.88,0.01,26,56888,买盘
618,14:03:12,21.87,0.01,29,63423,买盘
619,14:03:06,21.86,--,72,157392,卖盘
620,14:03:03,21.86,0.01,53,115858,买盘
621,14:03:00,21.85,0.01,23,50976,买盘
622,14:02:54,21.84,--,1,2184,卖盘
623,14:02:48,21.84,-0.01,204,445536,中性盘
624,14:02:45,21.85,0.01,70,152950,买盘
625,14:02:39,21.84,-0.01,21,45864,卖盘
626,14:02:36,21.85,0.01,3,6555,买盘
627,14:02:30,21.84,-0.01,50,109200,中性盘
628,14:02:27,21.85,0.01,70,152950,买盘
629,14:02:24,21.84,0.01,17,37128,买盘
630,14:02:18,21.83,0.03,20,43660,买盘
631,14:02:12,21.8,--,25,55219,买盘
632,14:02:09,21.8,--,326,710680,买盘
633,14:02:06,21.8,--,45,98100,买盘
634,14:02:03,21.8,0.01,31,67580,买盘
635,14:02:00,21.79,-0.01,3,6537,卖盘
636,14:01:57,21.8,--,7,15260,买盘
637,14:01:54,21.8,0.02,20,43600,买盘
638,14:01:45,21.78,-0.01,84,182952,卖盘
639,14:01:42,21.79,0.01,5,10895,买盘
640,14:01:39,21.78,0.01,17,37026,买盘
641,14:01:33,21.77,--,12,26124,卖盘
642,14:01:24,21.77,0.01,4,8708,买盘
643,14:01:15,21.76,-0.01,5,10880,卖盘
644,14:01:03,21.77,0.01,20,43540,买盘
645,14:01:00,21.76,--,6,13056,买盘
646,14:00:45,21.76,0.03,212,461312,买盘
647,14:00:42,21.73,--,4,8692,卖盘
648,14:00:39,21.73,--,8,17384,卖盘
649,14:00:36,21.73,--,23,49979,买盘
650,14:00:33,21.73,--,3,6519,买盘
651,14:00:15,21.73,0.01,10,21730,买盘
652,14:00:12,21.72,0.01,10,21720,中性盘
653,13:59:48,21.71,-0.02,20,43420,卖盘
654,13:59:30,21.73,0.01,7,15211,买盘
655,13:59:15,21.72,0.02,3,6972,买盘
656,13:59:12,21.7,--,3,6510,卖盘
657,13:58:57,21.7,--,10,21700,卖盘
658,13:58:54,21.7,--,6,13020,卖盘
659,13:58:51,21.7,--,10,21700,卖盘
660,13:58:39,21.7,0.02,63,136710,买盘
661,13:58:33,21.68,-0.02,5,10840,卖盘
662,13:58:21,21.7,0.02,3,6510,买盘
663,13:58:09,21.68,--,19,41192,卖盘
664,13:58:00,21.68,-0.02,10,21680,卖盘
665,13:57:57,21.7,0.02,1,2170,中性盘
666,13:57:48,21.68,--,5,10840,卖盘
667,13:57:45,21.68,-0.04,22,47696,卖盘
668,13:57:42,21.72,0.02,6,13032,买盘
669,13:57:39,21.7,0.02,5,10850,中性盘
670,13:57:30,21.68,-0.05,60,131792,卖盘
671,13:57:24,21.73,0.01,4,8692,买盘
672,13:57:18,21.72,--,3,6516,卖盘
673,13:57:06,21.72,-0.01,21,45612,中性盘
674,13:56:45,21.73,--,12,26076,买盘
675,13:56:21,21.73,-0.01,70,152110,卖盘
676,13:56:18,21.74,-0.02,2,4348,卖盘
677,13:56:09,21.76,--,1,2176,买盘
678,13:56:00,21.76,-0.01,32,70915,卖盘
679,13:55:54,21.77,--,10,21770,买盘
680,13:55:51,21.77,--,129,281290,卖盘
681,13:55:48,21.77,--,48,104496,卖盘
682,13:55:42,21.77,--,3,6531,卖盘
683,13:55:36,21.77,--,135,293895,卖盘
684,13:55:33,21.77,-0.01,52,113204,卖盘
685,13:55:24,21.78,-0.01,44,95832,卖盘
686,13:55:21,21.79,--,28,63169,买盘
687,13:55:18,21.79,--,1,2179,中性盘
688,13:55:15,21.79,--,3,6537,卖盘
689,13:55:12,21.79,-0.01,23,50117,卖盘
690,13:55:06,21.8,0.01,21,45780,买盘
691,13:55:03,21.79,--,5,10895,卖盘
692,13:55:00,21.79,0.01,30,65370,买盘
693,13:54:57,21.78,0.01,5,10890,买盘
694,13:54:54,21.77,-0.01,1,3918,卖盘
695,13:54:45,21.78,-0.02,10,21780,卖盘
696,13:54:42,21.8,0.02,20,43600,买盘
697,13:54:39,21.78,-0.01,22,47916,卖盘
698,13:54:36,21.79,--,6,13444,卖盘
699,13:54:33,21.79,--,140,305060,卖盘
700,13:54:27,21.79,--,5,10895,卖盘
701,13:54:15,21.79,--,18,39222,卖盘
702,13:54:12,21.79,--,12,26148,卖盘
703,13:54:03,21.79,0.03,192,420176,买盘
704,13:54:00,21.76,-0.01,3,6528,卖盘
705,13:53:54,21.77,0.01,15,32655,买盘
706,13:53:51,21.76,-0.01,1,3068,卖盘
707,13:53:48,21.77,0.01,5,10885,买盘
708,13:53:45,21.76,-0.01,1,2176,卖盘
709,13:53:42,21.77,0.02,10,21770,买盘
710,13:53:39,21.75,-0.02,20,43500,卖盘
711,13:53:36,21.77,0.02,159,346143,买盘
712,13:53:33,21.75,--,11,23925,卖盘
713,13:53:27,21.75,0.01,12,26796,买盘
714,13:53:24,21.74,--,12,26087,卖盘
715,13:53:21,21.74,-0.01,19,41306,卖盘
716,13:53:18,21.75,--,91,197925,买盘
717,13:53:15,21.75,--,18,39150,买盘
718,13:53:09,21.75,--,31,67425,买盘
719,13:53:06,21.75,-0.01,31,67425,卖盘
720,13:53:03,21.76,--,9,19584,买盘
721,13:52:57,21.76,--,16,34816,买盘
722,13:52:54,21.76,--,6,13056,买盘
723,13:52:51,21.76,0.01,25,54400,买盘
724,13:52:45,21.75,--,18,40955,买盘
725,13:52:42,21.75,--,10,21750,买盘
726,13:52:30,21.75,0.01,70,152250,买盘
727,13:52:24,21.74,0.01,84,182616,买盘
728,13:52:21,21.73,--,28,60844,买盘
729,13:52:18,21.73,--,10,21730,买盘
730,13:52:09,21.73,0.02,15,32595,买盘
731,13:51:57,21.71,0.01,28,60788,买盘
732,13:51:48,21.7,--,5,10850,卖盘
733,13:51:45,21.7,-0.01,19,41230,卖盘
734,13:51:42,21.71,0.01,1,2171,买盘
735,13:51:39,21.7,--,58,125860,卖盘
736,13:51:36,21.7,-0.01,3,6510,卖盘
737,13:51:33,21.71,--,18,39078,买盘
738,13:51:27,21.71,--,25,54275,买盘
739,13:51:21,21.71,0.01,12,26052,买盘
740,13:51:15,21.7,--,1,2170,卖盘
741,13:51:09,21.7,--,3,6510,卖盘
742,13:51:06,21.7,--,3,8115,买盘
743,13:51:00,21.7,--,17,36890,买盘
744,13:50:42,21.7,--,31,67270,买盘
745,13:50:39,21.7,--,11,23870,买盘
746,13:50:27,21.7,--,3,6510,买盘
747,13:50:18,21.7,0.02,10,21700,买盘
748,13:50:00,21.68,-0.01,9,19512,卖盘
749,13:49:54,21.69,--,1,2169,卖盘
750,13:49:51,21.69,0.01,6,13014,买盘
751,13:49:48,21.68,--,10,21680,卖盘
752,13:49:36,21.68,-0.01,2,4336,卖盘
753,13:49:27,21.69,--,7,15183,买盘
754,13:49:15,21.69,--,5,10845,买盘
755,13:49:06,21.69,--,1,2169,买盘
756,13:49:00,21.69,--,1,2169,买盘
757,13:48:57,21.69,--,4,8676,买盘
758,13:48:54,21.69,--,5,10845,买盘
759,13:48:51,21.69,0.01,2,4338,买盘
760,13:48:45,21.68,-0.01,1,2168,卖盘
761,13:48:39,21.69,--,1,2169,买盘
762,13:48:27,21.69,0.01,1,2169,买盘
763,13:48:21,21.68,--,2,4336,卖盘
764,13:48:12,21.68,-0.01,2,4336,卖盘
765,13:48:09,21.69,--,7,15183,买盘
766,13:48:06,21.69,0.02,10,21690,买盘
767,13:47:57,21.67,-0.02,8,17336,卖盘
768,13:47:36,21.69,0.02,5,10845,买盘
769,13:47:33,21.67,-0.03,24,52008,卖盘
770,13:47:00,21.7,0.01,5,10850,买盘
771,13:46:57,21.69,--,27,60037,卖盘
772,13:46:54,21.69,-0.01,10,21690,卖盘
773,13:46:42,21.7,--,1,2170,买盘
774,13:46:30,21.7,--,1,2170,买盘
775,13:46:21,21.7,--,2,5598,卖盘
776,13:46:18,21.7,--,20,43400,卖盘
777,13:46:12,21.7,--,5,10850,卖盘
778,13:46:09,21.7,--,2,4340,卖盘
779,13:46:03,21.7,--,10,21700,卖盘
780,13:46:00,21.7,--,2,4340,卖盘
781,13:45:54,21.7,--,95,206150,卖盘
782,13:45:36,21.7,--,15,32550,卖盘
783,13:45:33,21.7,--,10,21700,卖盘
784,13:45:24,21.7,-0.01,4,8680,卖盘
785,13:45:18,21.71,0.01,2,4363,买盘
786,13:45:15,21.7,--,20,43400,卖盘
787,13:45:00,21.7,--,10,21700,卖盘
788,13:44:51,21.7,--,1,2170,卖盘
789,13:44:48,21.7,--,5,10850,卖盘
790,13:44:45,21.7,--,5,10850,卖盘
791,13:44:33,21.7,--,50,108500,卖盘
792,13:44:30,21.7,-0.02,1,3059,卖盘
793,13:44:27,21.72,0.02,5,10860,买盘
794,13:44:18,21.7,--,10,21700,卖盘
795,13:44:12,21.7,0.01,32,69440,买盘
796,13:44:09,21.69,-0.01,20,43380,卖盘
797,13:44:06,21.7,0.01,5,10850,买盘
798,13:44:00,21.69,-0.01,1,2863,卖盘
799,13:43:54,21.7,--,22,47740,卖盘
800,13:43:51,21.7,--,6,13020,卖盘
801,13:43:42,21.7,-0.01,20,43400,卖盘
802,13:43:39,21.71,--,5,10855,买盘
803,13:43:30,21.71,0.01,13,28223,买盘
804,13:43:24,21.7,-0.01,25,54250,卖盘
805,13:43:21,21.71,--,40,86840,买盘
806,13:43:00,21.71,0.01,8,17368,买盘
807,13:42:57,21.7,--,7,15190,买盘
808,13:42:51,21.7,-0.01,8,17360,卖盘
809,13:42:48,21.71,0.02,3,6513,中性盘
810,13:42:39,21.69,-0.01,100,216900,卖盘
811,13:42:21,21.7,-0.01,5,10850,卖盘
812,13:42:15,21.71,0.01,3,6513,买盘
813,13:42:06,21.7,--,8,17360,买盘
814,13:42:03,21.7,--,7,15190,买盘
815,13:41:57,21.7,--,10,21700,买盘
816,13:41:48,21.7,0.01,3,6510,买盘
817,13:41:45,21.69,-0.01,3,6507,卖盘
818,13:41:39,21.7,--,9,19530,买盘
819,13:41:36,21.7,--,4,8680,买盘
820,13:41:27,21.7,--,11,23870,买盘
821,13:41:21,21.7,--,2,4340,买盘
822,13:41:15,21.7,--,8,17360,买盘
823,13:41:12,21.7,0.01,11,23870,买盘
824,13:41:06,21.69,--,8,17352,卖盘
825,13:40:57,21.69,-0.01,6,13014,卖盘
826,13:40:48,21.7,--,10,21700,买盘
827,13:40:18,21.7,--,2,4340,卖盘
828,13:40:15,21.7,0.04,8,17360,买盘
829,13:40:12,21.66,-0.03,11,23826,卖盘
830,13:40:09,21.69,0.01,5,10845,卖盘
831,13:39:51,21.68,--,2,4336,买盘
832,13:39:48,21.68,--,4,8672,卖盘
833,13:39:45,21.68,--,16,34688,卖盘
834,13:39:36,21.68,-0.01,10,21680,卖盘
835,13:39:30,21.69,--,4,8676,卖盘
836,13:39:27,21.69,-0.02,16,34704,卖盘
837,13:39:24,21.71,-0.01,168,364728,卖盘
838,13:39:21,21.72,-0.01,16,34752,卖盘
839,13:39:15,21.73,0.01,13,28249,买盘
840,13:39:12,21.72,-0.01,41,89052,卖盘
841,13:39:06,21.73,--,21,45633,买盘
842,13:38:57,21.73,-0.01,75,162975,卖盘
843,13:38:54,21.74,0.01,24,52175,买盘
844,13:38:48,21.73,--,20,43460,卖盘
845,13:38:45,21.73,-0.01,90,195570,卖盘
846,13:38:42,21.74,0.01,2,4348,买盘
847,13:38:39,21.73,--,23,49979,卖盘
848,13:38:36,21.73,-0.01,11,23903,卖盘
849,13:38:33,21.74,--,3,6521,买盘
850,13:38:30,21.74,0.01,2,4348,买盘
851,13:38:21,21.73,--,5,10865,卖盘
852,13:38:15,21.73,--,4,8692,买盘
853,13:38:03,21.73,0.01,2,4346,买盘
854,13:37:48,21.72,--,11,23892,买盘
855,13:37:42,21.72,0.01,9,19548,买盘
856,13:37:27,21.71,0.01,6,13026,买盘
857,13:37:12,21.7,--,6,13020,买盘
858,13:37:09,21.7,0.01,69,149730,买盘
859,13:37:06,21.69,-0.01,25,54225,卖盘
860,13:37:03,21.7,--,13,28210,买盘
861,13:37:00,21.7,--,5,10850,买盘
862,13:36:57,21.7,0.01,2,4340,买盘
863,13:36:54,21.69,-0.01,17,36873,卖盘
864,13:36:51,21.7,--,8,17360,买盘
865,13:36:48,21.7,0.01,15,32550,买盘
866,13:36:36,21.69,0.01,9,19521,买盘
867,13:36:33,21.68,-0.01,11,23848,卖盘
868,13:36:30,21.69,--,6,13014,买盘
869,13:36:24,21.69,0.01,34,73746,买盘
870,13:36:06,21.68,0.01,12,26016,买盘
871,13:36:03,21.67,--,2,4334,买盘
872,13:36:00,21.67,0.01,2,4334,买盘
873,13:35:57,21.66,--,11,23826,买盘
874,13:35:54,21.66,--,8,17328,买盘
875,13:35:48,21.66,0.01,4,8664,买盘
876,13:35:45,21.65,--,49,106085,卖盘
877,13:35:42,21.65,--,66,142890,买盘
878,13:35:36,21.65,0.01,2,4330,买盘
879,13:35:33,21.64,--,14,30296,卖盘
880,13:35:27,21.64,--,50,108200,卖盘
881,13:35:24,21.64,--,30,64920,买盘
882,13:35:21,21.64,--,45,97380,买盘
883,13:35:18,21.64,--,5,10820,买盘
884,13:35:15,21.64,--,20,43280,买盘
885,13:35:09,21.64,0.03,7,15148,买盘
886,13:35:06,21.61,-0.03,9,19449,卖盘
887,13:35:03,21.64,0.03,2,4328,买盘
888,13:35:00,21.61,-0.01,30,64830,卖盘
889,13:34:54,21.62,--,11,23782,买盘
890,13:34:45,21.62,0.02,10,21620,买盘
891,13:34:39,21.6,--,2,5508,买盘
892,13:34:36,21.6,--,1,2160,买盘
893,13:34:33,21.6,--,4,8640,买盘
894,13:34:30,21.6,0.03,10,21600,买盘
895,13:34:18,21.57,-0.03,1,2157,卖盘
896,13:34:15,21.6,0.03,90,194400,买盘
897,13:34:12,21.57,-0.03,2,4314,卖盘
898,13:34:09,21.6,0.04,5,10800,买盘
899,13:33:51,21.56,-0.04,26,56056,卖盘
900,13:33:45,21.6,0.04,40,86400,买盘
901,13:33:24,21.56,-0.04,50,107800,卖盘
902,13:33:21,21.6,--,2,4320,买盘
903,13:33:15,21.6,0.04,1,2160,买盘
904,13:33:09,21.56,--,6,12936,卖盘
905,13:33:03,21.56,-0.04,40,86240,卖盘
906,13:32:42,21.6,--,10,21600,买盘
907,13:32:24,21.6,0.01,14,30240,买盘
908,13:32:00,21.59,--,3,6477,买盘
909,13:31:15,21.59,0.03,10,21590,买盘
910,13:30:48,21.56,-0.04,1,2156,卖盘
911,13:30:42,21.6,0.04,1,2160,买盘
912,13:30:39,21.56,--,26,56056,卖盘
913,13:30:30,21.56,--,7,15092,卖盘
914,13:29:45,21.56,--,20,43120,卖盘
915,13:29:36,21.56,0.01,17,36652,买盘
916,13:29:27,21.55,--,10,21550,卖盘
917,13:29:21,21.55,-0.01,2,4310,卖盘
918,13:29:00,21.56,--,2,4312,买盘
919,13:28:54,21.56,--,3,6468,卖盘
920,13:28:27,21.56,--,5,10780,卖盘
921,13:28:18,21.56,0.02,2,4312,中性盘
922,13:27:54,21.54,-0.02,25,53850,卖盘
923,13:27:51,21.56,--,2,4312,卖盘
924,13:27:36,21.56,--,5,10780,卖盘
925,13:27:24,21.56,0.01,1,2156,卖盘
926,13:27:21,21.55,--,45,96975,买盘
927,13:27:15,21.55,-0.04,165,355575,卖盘
928,13:27:12,21.59,0.04,3,6477,买盘
929,13:27:03,21.55,-0.05,180,387900,卖盘
930,13:26:54,21.6,--,39,85212,卖盘
931,13:26:48,21.6,-0.01,2,4320,卖盘
932,13:26:45,21.61,0.01,23,49703,买盘
933,13:26:39,21.6,-0.01,32,69120,卖盘
934,13:26:27,21.61,0.01,1,2161,买盘
935,13:26:24,21.6,-0.01,10,21600,卖盘
936,13:26:06,21.61,--,5,10805,卖盘
937,13:25:54,21.61,--,14,30254,买盘
938,13:25:45,21.61,0.01,32,69152,买盘
939,13:25:42,21.6,--,18,38880,卖盘
940,13:25:39,21.6,-0.01,3,6480,卖盘
941,13:25:33,21.61,--,4,8644,买盘
942,13:25:21,21.61,--,8,17288,卖盘
943,13:25:03,21.61,--,8,17288,卖盘
944,13:24:51,21.61,--,11,23771,卖盘
945,13:24:48,21.61,--,3,6483,买盘
946,13:24:42,21.61,--,6,12966,买盘
947,13:24:33,21.61,--,1,2161,卖盘
948,13:24:21,21.61,0.01,6,12966,买盘
949,13:24:18,21.6,--,1,2160,卖盘
950,13:24:06,21.6,-0.01,1,2160,卖盘
951,13:24:03,21.61,0.01,8,17288,买盘
952,13:23:48,21.6,-0.01,10,21600,卖盘
953,13:23:36,21.61,--,60,129660,卖盘
954,13:23:30,21.61,-0.01,2,4322,卖盘
955,13:23:24,21.62,--,2,4324,买盘
956,13:23:09,21.62,--,1,2162,买盘
957,13:23:00,21.62,--,2,4324,卖盘
958,13:22:57,21.62,--,1,2162,卖盘
959,13:22:30,21.62,-0.01,2,4324,卖盘
960,13:22:18,21.63,--,2,4326,卖盘
961,13:22:09,21.63,--,1,2163,卖盘
962,13:22:06,21.63,--,6,12978,卖盘
963,13:22:03,21.63,--,8,17304,卖盘
964,13:21:54,21.63,--,7,15141,卖盘
965,13:21:06,21.63,--,3,6489,卖盘
966,13:20:54,21.63,0.02,3,6489,买盘
967,13:20:27,21.61,--,5,10805,卖盘
968,13:20:21,21.61,--,5,10805,卖盘
969,13:19:57,21.61,-0.03,1,2161,卖盘
970,13:19:51,21.64,0.01,1,2164,买盘
971,13:19:12,21.63,0.03,1,2163,买盘
972,13:19:00,21.6,-0.02,42,90720,卖盘
973,13:18:57,21.62,--,3,6486,卖盘
974,13:18:54,21.62,0.01,1,2162,中性盘
975,13:18:45,21.61,--,10,21610,卖盘
976,13:18:42,21.61,--,300,648300,卖盘
977,13:18:33,21.61,--,11,23771,卖盘
978,13:18:21,21.61,--,2,4322,卖盘
979,13:17:48,21.61,--,1,3327,卖盘
980,13:17:45,21.61,-0.01,1,2161,卖盘
981,13:17:27,21.62,0.01,2,4324,买盘
982,13:17:24,21.61,--,37,79978,卖盘
983,13:17:21,21.61,--,5,10805,卖盘
984,13:17:18,21.61,-0.01,11,23771,卖盘
985,13:17:15,21.62,--,3,6486,买盘
986,13:17:09,21.62,--,2,4324,买盘
987,13:17:06,21.62,--,2,4324,买盘
988,13:16:57,21.62,--,5,10810,卖盘
989,13:16:54,21.62,--,31,67022,卖盘
990,13:16:51,21.62,--,2,4324,卖盘
991,13:16:27,21.62,-0.02,2,4324,卖盘
992,13:16:24,21.64,--,1,2164,买盘
993,13:16:18,21.64,0.02,3,6492,买盘
994,13:16:09,21.62,-0.02,5,10810,卖盘
995,13:15:48,21.64,0.03,3,6492,买盘
996,13:15:24,21.61,-0.01,30,64830,卖盘
997,13:15:12,21.62,--,1,2162,卖盘
998,13:14:54,21.62,--,5,10810,卖盘
999,13:14:51,21.62,--,6,12972,买盘
1000,13:14:39,21.62,--,17,36754,买盘
1001,13:14:36,21.62,--,66,142692,卖盘
1002,13:14:06,21.62,--,2,4324,卖盘
1003,13:14:03,21.62,-0.03,1,2162,卖盘
1004,13:13:57,21.65,0.03,6,12990,买盘
1005,13:13:39,21.62,--,1,2162,卖盘
1006,13:13:36,21.62,-0.03,34,73508,卖盘
1007,13:13:24,21.65,--,3,6495,卖盘
1008,13:13:18,21.65,--,70,151550,卖盘
1009,13:13:15,21.65,-0.01,20,43300,卖盘
1010,13:13:12,21.66,0.01,1,2166,买盘
1011,13:13:09,21.65,-0.01,3,6495,卖盘
1012,13:13:00,21.66,--,1,2166,买盘
1013,13:12:57,21.66,--,2,4332,买盘
1014,13:12:54,21.66,0.01,2,4332,买盘
1015,13:12:48,21.65,-0.01,1,2165,卖盘
1016,13:12:39,21.66,--,3,6498,买盘
1017,13:12:36,21.66,--,1,2166,卖盘
1018,13:12:21,21.66,-0.02,1,2166,卖盘
1019,13:12:18,21.68,--,5,10840,买盘
1020,13:12:09,21.68,--,12,26016,买盘
1021,13:12:03,21.68,--,1,2168,买盘
1022,13:11:42,21.68,--,2,4336,买盘
1023,13:11:39,21.68,0.02,18,39024,买盘
1024,13:11:33,21.66,--,5,10830,买盘
1025,13:11:03,21.66,--,7,15162,买盘
1026,13:11:00,21.66,--,42,90972,买盘
1027,13:10:57,21.66,--,9,21638,卖盘
1028,13:10:54,21.66,--,1,2166,卖盘
1029,13:10:39,21.66,-0.02,48,103968,卖盘
1030,13:10:27,21.68,--,5,10840,买盘
1031,13:10:15,21.68,--,11,23848,买盘
1032,13:10:12,21.68,--,3,6504,买盘
1033,13:10:09,21.68,--,58,125744,卖盘
1034,13:10:06,21.68,--,5,10840,卖盘
1035,13:09:54,21.68,0.02,4,8672,买盘
1036,13:09:45,21.66,-0.02,48,103968,卖盘
1037,13:09:21,21.68,0.01,2,4336,买盘
1038,13:09:15,21.67,0.01,10,21670,买盘
1039,13:09:00,21.66,--,29,62835,买盘
1040,13:08:57,21.66,--,10,21660,买盘
1041,13:08:54,21.66,0.01,16,34656,买盘
1042,13:08:21,21.65,0.01,39,84435,买盘
1043,13:08:18,21.64,-0.01,2,4328,卖盘
1044,13:07:57,21.65,0.01,9,19485,买盘
1045,13:07:54,21.64,-0.01,3,6492,卖盘
1046,13:07:48,21.65,--,8,17320,买盘
1047,13:07:24,21.65,0.01,10,21650,买盘
1048,13:07:21,21.64,--,10,21640,卖盘
1049,13:07:06,21.64,0.01,5,10820,买盘
1050,13:07:00,21.63,--,37,80031,卖盘
1051,13:06:45,21.63,--,4,8652,买盘
1052,13:06:15,21.63,--,5,10815,买盘
1053,13:05:45,21.63,--,1,2163,买盘
1054,13:05:36,21.63,--,3,6489,买盘
1055,13:05:27,21.63,-0.01,10,21630,卖盘
1056,13:04:57,21.64,--,10,21640,买盘
1057,13:04:45,21.64,--,7,15148,卖盘
1058,13:04:24,21.64,-0.01,3,6492,中性盘
1059,13:03:45,21.65,0.02,3,6495,买盘
1060,13:03:30,21.63,--,5,10815,卖盘
1061,13:02:45,21.63,0.02,4,8652,买盘
1062,13:02:42,21.61,--,3,6483,卖盘
1063,13:02:39,21.61,-0.02,2,4322,卖盘
1064,13:02:12,21.63,--,4,8652,卖盘
1065,13:02:00,21.63,--,1,2163,卖盘
1066,13:01:51,21.63,0.02,1,2163,中性盘
1067,13:01:36,21.61,-0.02,10,21610,卖盘
1068,13:01:21,21.63,--,2,4326,卖盘
1069,13:01:18,21.63,0.02,1,2163,中性盘
1070,13:01:03,21.61,-0.04,26,56186,卖盘
1071,13:01:00,21.65,--,1,2165,买盘
1072,13:00:42,21.65,0.03,1,2165,买盘
1073,13:00:39,21.62,--,7,15134,卖盘
1074,13:00:30,21.62,-0.03,5,10810,卖盘
1075,13:00:27,21.65,0.03,4,8660,买盘
1076,13:00:09,21.62,0.01,13,28106,中性盘
1077,13:00:03,21.61,--,6,12966,卖盘
1078,13:00:00,21.61,--,2,4322,买盘
1079,11:30:00,21.61,--,0,0,买盘
1080,11:29:48,21.61,--,28,60508,卖盘
1081,11:29:18,21.61,--,3,6483,买盘
1082,11:29:12,21.61,0.01,1,2161,中性盘
1083,11:28:45,21.6,-0.01,2,4320,卖盘
1084,11:28:42,21.61,-0.04,2,4322,卖盘
1085,11:28:30,21.65,--,25,54125,卖盘
1086,11:28:15,21.65,0.04,11,23815,买盘
1087,11:27:42,21.61,-0.05,3,6483,卖盘
1088,11:27:36,21.66,--,5,10830,买盘
1089,11:27:27,21.66,--,31,69290,卖盘
1090,11:27:24,21.66,--,30,64980,卖盘
1091,11:27:21,21.66,--,6,12996,卖盘
1092,11:27:15,21.66,--,10,21660,卖盘
1093,11:27:09,21.66,--,2,4332,卖盘
1094,11:27:06,21.66,-0.01,0,21,卖盘
1095,11:26:54,21.67,0.01,2,4334,中性盘
1096,11:26:45,21.66,--,10,21660,卖盘
1097,11:26:30,21.66,--,3,6498,卖盘
1098,11:26:24,21.66,--,16,34656,卖盘
1099,11:26:06,21.66,--,46,99636,卖盘
1100,11:25:48,21.66,--,12,25992,买盘
1101,11:25:24,21.66,--,2,4332,买盘
1102,11:25:12,21.66,--,6,12996,卖盘
1103,11:25:09,21.66,-0.01,19,41154,卖盘
1104,11:25:06,21.67,0.01,12,26004,买盘
1105,11:25:03,21.66,--,3,6498,卖盘
1106,11:24:57,21.66,-0.01,19,41154,卖盘
1107,11:24:54,21.67,0.01,20,43340,买盘
1108,11:24:51,21.66,--,5,10830,卖盘
1109,11:24:42,21.66,--,2,4332,卖盘
1110,11:24:30,21.66,--,3,6498,卖盘
1111,11:24:27,21.66,0.01,28,60648,买盘
1112,11:24:21,21.65,--,15,32474,买盘
1113,11:24:15,21.65,0.07,7,15154,买盘
1114,11:23:36,21.58,0.01,1,2158,买盘
1115,11:23:33,21.57,-0.08,3,6471,卖盘
1116,11:23:27,21.65,-0.01,10,21650,卖盘
1117,11:23:06,21.66,0.01,2,4332,买盘
1118,11:22:57,21.65,--,1,2165,卖盘
1119,11:22:51,21.65,0.02,2,4330,买盘
1120,11:22:45,21.63,-0.02,10,21630,卖盘
1121,11:22:42,21.65,--,8,17320,卖盘
1122,11:22:27,21.65,0.01,8,17320,买盘
1123,11:22:24,21.64,0.01,10,21640,中性盘
1124,11:22:21,21.63,--,41,88683,卖盘
1125,11:22:12,21.63,--,13,28119,卖盘
1126,11:22:06,21.63,0.05,4,8652,买盘
1127,11:21:57,21.58,-0.05,1,2158,中性盘
1128,11:21:21,21.63,0.06,4,8652,买盘
1129,11:20:51,21.57,-0.01,6,12942,卖盘
1130,11:20:45,21.58,0.01,6,12947,买盘
1131,11:20:18,21.57,--,5,10785,卖盘
1132,11:20:09,21.57,0.02,4,8628,买盘
1133,11:19:54,21.55,-0.01,20,43100,卖盘
1134,11:19:45,21.56,--,5,10780,买盘
1135,11:19:33,21.56,--,9,19404,买盘
1136,11:19:30,21.56,--,23,49588,买盘
1137,11:19:27,21.56,--,42,90552,卖盘
1138,11:19:18,21.56,-0.01,4,8624,卖盘
1139,11:19:06,21.57,--,26,56082,卖盘
1140,11:18:57,21.57,-0.01,30,64710,卖盘
1141,11:18:39,21.58,-0.04,14,30211,卖盘
1142,11:18:33,21.62,0.04,1,2162,买盘
1143,11:18:30,21.58,-0.05,4,8632,卖盘
1144,11:18:24,21.63,0.01,50,108150,买盘
1145,11:17:39,21.62,0.01,47,101614,买盘
1146,11:17:36,21.61,0.01,2,4322,中性盘
1147,11:16:51,21.6,-0.01,7,15120,卖盘
1148,11:16:48,21.61,--,3,6483,卖盘
1149,11:16:42,21.61,--,5,10805,卖盘
1150,11:16:39,21.61,--,10,21610,卖盘
1151,11:16:36,21.61,--,31,66991,卖盘
1152,11:16:15,21.61,-0.02,2,4322,卖盘
1153,11:16:06,21.63,0.02,1,2163,买盘
1154,11:16:00,21.61,-0.02,2,4322,卖盘
1155,11:15:57,21.63,0.02,10,21630,买盘
1156,11:15:45,21.61,--,1,2161,卖盘
1157,11:15:42,21.61,--,3,6483,卖盘
1158,11:15:39,21.61,--,7,15127,买盘
1159,11:15:36,21.61,--,6,12966,卖盘
1160,11:15:27,21.61,--,7,15127,卖盘
1161,11:15:15,21.61,-0.02,5,10805,卖盘
1162,11:15:12,21.63,0.02,2,4326,买盘
1163,11:14:51,21.61,--,9,19449,买盘
1164,11:14:42,21.61,-0.02,6,12966,卖盘
1165,11:14:36,21.63,--,17,36771,买盘
1166,11:14:30,21.63,--,21,45423,买盘
1167,11:14:09,21.63,--,2,4326,买盘
1168,11:14:03,21.63,0.03,4,8652,买盘
1169,11:13:57,21.6,-0.03,2,4320,卖盘
1170,11:13:39,21.63,0.02,14,30282,买盘
1171,11:13:30,21.61,0.01,7,15127,买盘
1172,11:13:27,21.6,-0.07,30,64800,卖盘
1173,11:13:21,21.67,0.04,70,151690,买盘
1174,11:13:18,21.63,-0.04,2,4326,卖盘
1175,11:13:15,21.67,0.04,1,2167,买盘
1176,11:13:03,21.63,--,6,12978,买盘
1177,11:12:45,21.63,0.02,10,21630,买盘
1178,11:12:30,21.61,0.01,3,6483,买盘
1179,11:12:27,21.6,-0.01,3,6480,卖盘
1180,11:12:24,21.61,0.01,11,23771,买盘
1181,11:12:21,21.6,--,3,6480,卖盘
1182,11:12:15,21.6,--,5,10800,卖盘
1183,11:12:09,21.6,--,8,17280,买盘
1184,11:11:54,21.6,0.04,10,21600,买盘
1185,11:11:48,21.56,--,3,6468,买盘
1186,11:11:39,21.56,0.01,1,2156,买盘
1187,11:11:36,21.55,0.01,3,6465,买盘
1188,11:11:33,21.54,-0.01,31,66774,卖盘
1189,11:11:30,21.55,--,1,2155,买盘
1190,11:11:27,21.55,--,10,21550,买盘
1191,11:11:21,21.55,--,8,17240,买盘
1192,11:11:18,21.55,0.01,4,8620,买盘
1193,11:11:15,21.54,--,6,12924,卖盘
1194,11:11:12,21.54,-0.02,40,86160,卖盘
1195,11:11:09,21.56,--,4,8624,买盘
1196,11:11:06,21.56,--,20,43120,买盘
1197,11:11:00,21.56,--,15,32339,买盘
1198,11:10:57,21.56,--,33,71148,买盘
1199,11:10:51,21.56,--,1,2156,买盘
1200,11:10:45,21.56,--,5,10780,买盘
1201,11:10:39,21.56,--,5,10780,买盘
1202,11:10:36,21.56,--,10,21560,买盘
1203,11:10:21,21.56,0.03,15,32339,买盘
1204,11:10:18,21.53,-0.01,112,241136,卖盘
1205,11:10:12,21.54,--,5,10770,买盘
1206,11:10:09,21.54,-0.01,46,99084,卖盘
1207,11:10:06,21.55,--,2,4310,买盘
1208,11:10:03,21.55,0.01,10,21550,买盘
1209,11:09:51,21.54,--,40,86160,买盘
1210,11:09:48,21.54,--,3,6462,买盘
1211,11:09:15,21.54,0.02,1,2154,买盘
1212,11:09:03,21.52,--,10,21520,卖盘
1213,11:09:00,21.52,--,17,36584,买盘
1214,11:08:54,21.52,0.01,1,2152,买盘
1215,11:08:48,21.51,-0.01,6,12906,卖盘
1216,11:08:42,21.52,-0.01,80,172160,卖盘
1217,11:08:00,21.53,--,3,6459,卖盘
1218,11:07:54,21.53,--,2,4306,中性盘
1219,11:07:27,21.53,--,1,2153,买盘
1220,11:07:24,21.53,--,10,21530,买盘
1221,11:07:12,21.53,--,3,6459,买盘
1222,11:06:57,21.53,--,1,2153,买盘
1223,11:06:54,21.53,--,1,2153,买盘
1224,11:06:51,21.53,--,2,4306,买盘
1225,11:06:48,21.53,0.01,23,49519,买盘
1226,11:06:42,21.52,-0.01,9,20852,卖盘
1227,11:06:09,21.53,0.01,7,15071,中性盘
1228,11:06:06,21.52,-0.01,22,47344,卖盘
1229,11:05:57,21.53,--,4,8612,买盘
1230,11:05:51,21.53,--,1,2153,买盘
1231,11:05:48,21.53,0.01,1,2153,买盘
1232,11:05:45,21.52,0.01,23,50163,中性盘
1233,11:05:39,21.51,--,37,79587,卖盘
1234,11:05:36,21.51,-0.02,28,60228,卖盘
1235,11:05:27,21.53,0.01,13,27989,买盘
1236,11:05:21,21.52,0.01,2,4304,买盘
1237,11:05:18,21.51,--,10,21510,卖盘
1238,11:05:15,21.51,-0.01,6,12906,卖盘
1239,11:05:12,21.52,--,10,21520,买盘
1240,11:05:09,21.52,--,10,21520,中性盘
1241,11:05:03,21.52,--,1,2152,卖盘
1242,11:04:54,21.52,-0.02,8,17216,中性盘
1243,11:04:36,21.54,0.03,10,21540,买盘
1244,11:04:33,21.51,--,5,10755,卖盘
1245,11:04:12,21.51,0.01,286,616519,买盘
1246,11:04:06,21.5,--,11,23650,卖盘
1247,11:04:03,21.5,-0.01,38,81700,卖盘
1248,11:04:00,21.51,0.01,4,8604,买盘
1249,11:03:54,21.5,-0.01,16,34400,卖盘
1250,11:03:48,21.51,--,21,45171,买盘
1251,11:03:45,21.51,0.01,5,10755,买盘
1252,11:03:42,21.5,--,50,107500,卖盘
1253,11:03:39,21.5,-0.01,5,10750,卖盘
1254,11:03:33,21.51,--,85,182835,买盘
1255,11:03:30,21.51,--,20,43020,买盘
1256,11:03:27,21.51,-0.02,388,835405,卖盘
1257,11:03:21,21.53,--,5,10765,卖盘
1258,11:03:18,21.53,--,4,8612,卖盘
1259,11:03:15,21.53,--,22,47366,卖盘
1260,11:03:06,21.53,-0.01,14,30142,卖盘
1261,11:03:03,21.54,--,3,6462,买盘
1262,11:03:00,21.54,--,5,10770,买盘
1263,11:02:57,21.54,0.01,2,4308,买盘
1264,11:02:48,21.53,-0.01,5,10765,卖盘
1265,11:02:45,21.54,0.01,5,10770,买盘
1266,11:02:39,21.53,-0.01,10,21530,中性盘
1267,11:02:36,21.54,0.02,9,19386,买盘
1268,11:02:33,21.52,-0.02,15,32280,卖盘
1269,11:02:27,21.54,0.02,3,6462,买盘
1270,11:02:18,21.52,--,1,2152,卖盘
1271,11:02:09,21.52,--,23,49496,卖盘
1272,11:02:06,21.52,--,10,21520,卖盘
1273,11:01:57,21.52,--,4,8608,卖盘
1274,11:01:54,21.52,--,2,4304,卖盘
1275,11:01:45,21.52,--,1,2152,卖盘
1276,11:01:36,21.52,--,2,4304,卖盘
1277,11:01:30,21.52,--,13,27976,卖盘
1278,11:01:27,21.52,--,2,4304,卖盘
1279,11:01:18,21.52,--,37,79624,卖盘
1280,11:01:15,21.52,-0.01,24,51648,卖盘
1281,11:01:12,21.53,0.01,11,25017,买盘
1282,11:01:09,21.52,--,3,6456,卖盘
1283,11:01:06,21.52,--,1,2152,卖盘
1284,11:01:03,21.52,-0.01,19,40888,卖盘
1285,11:01:00,21.53,--,8,18042,卖盘
1286,11:00:57,21.53,--,6,14252,卖盘
1287,11:00:54,21.53,--,11,23683,买盘
1288,11:00:51,21.53,0.01,3,6459,中性盘
1289,11:00:48,21.52,-0.01,18,38736,卖盘
1290,11:00:39,21.53,-0.01,10,21530,卖盘
1291,11:00:36,21.54,--,5,10770,买盘
1292,11:00:33,21.54,-0.01,5,10770,卖盘
1293,11:00:24,21.55,0.02,3,6465,买盘
1294,11:00:21,21.53,--,7,15071,卖盘
1295,11:00:18,21.53,--,6,12918,卖盘
1296,11:00:15,21.53,-0.02,2,4306,卖盘
1297,11:00:12,21.55,0.02,10,21550,买盘
1298,11:00:06,21.53,--,4,8612,卖盘
1299,10:59:57,21.53,-0.01,25,53825,卖盘
1300,10:59:51,21.54,-0.01,99,213246,卖盘
1301,10:59:39,21.55,--,5,10775,买盘
1302,10:59:30,21.55,--,10,21550,买盘
1303,10:59:27,21.55,--,7,15085,卖盘
1304,10:59:24,21.55,-0.01,3,6465,卖盘
1305,10:59:21,21.56,--,68,146608,买盘
1306,10:59:15,21.56,--,5,10780,买盘
1307,10:59:03,21.56,--,3,6468,买盘
1308,10:59:00,21.56,--,18,38808,买盘
1309,10:58:57,21.56,--,50,107800,买盘
1310,10:58:54,21.56,--,1,2156,买盘
1311,10:58:42,21.56,0.01,3,6468,买盘
1312,10:58:39,21.55,-0.01,100,215500,卖盘
1313,10:58:27,21.56,--,42,90552,买盘
1314,10:58:21,21.56,0.01,6,12936,买盘
1315,10:58:15,21.55,--,3,6465,卖盘
1316,10:58:09,21.55,-0.01,33,71115,卖盘
1317,10:58:06,21.56,--,5,10780,买盘
1318,10:58:00,21.56,--,25,53900,买盘
1319,10:57:45,21.56,--,20,43120,买盘
1320,10:57:42,21.56,--,35,75460,卖盘
1321,10:57:36,21.56,--,5,10780,买盘
1322,10:57:33,21.56,0.01,4,8624,买盘
1323,10:57:21,21.55,-0.01,23,49565,卖盘
1324,10:57:18,21.56,--,10,21560,买盘
1325,10:57:12,21.56,0.01,1,2156,买盘
1326,10:57:06,21.55,--,38,81890,卖盘
1327,10:56:54,21.55,--,21,47194,买盘
1328,10:56:51,21.55,--,27,58185,买盘
1329,10:56:48,21.55,--,3,6465,买盘
1330,10:56:45,21.55,--,7,15085,买盘
1331,10:56:42,21.55,--,21,45255,买盘
1332,10:56:39,21.55,--,17,36635,买盘
1333,10:56:36,21.55,--,1,2155,买盘
1334,10:56:33,21.55,--,12,25860,买盘
1335,10:56:30,21.55,--,10,21550,买盘
1336,10:56:27,21.55,--,11,23705,买盘
1337,10:56:21,21.55,--,5,10775,买盘
1338,10:56:18,21.55,--,2,4310,买盘
1339,10:56:15,21.55,--,1,2155,买盘
1340,10:56:12,21.55,--,10,21550,买盘
1341,10:56:06,21.55,0.01,4,8620,买盘
1342,10:56:00,21.54,-0.01,14,30156,卖盘
1343,10:55:57,21.55,--,2,4310,买盘
1344,10:55:54,21.55,--,14,30170,买盘
1345,10:55:51,21.55,--,7,15085,买盘
1346,10:55:42,21.55,--,5,10775,买盘
1347,10:55:36,21.55,--,10,21550,买盘
1348,10:55:33,21.55,--,2,4310,买盘
1349,10:55:27,21.55,--,5,10775,买盘
1350,10:55:21,21.55,0.01,15,32325,买盘
1351,10:55:18,21.54,--,39,84006,卖盘
1352,10:55:12,21.54,--,3,6462,卖盘
1353,10:55:06,21.54,--,21,45234,卖盘
1354,10:54:51,21.54,--,3,6462,卖盘
1355,10:54:48,21.54,-0.01,6,12924,卖盘
1356,10:54:45,21.55,--,21,45255,买盘
1357,10:54:42,21.55,0.01,21,45255,买盘
1358,10:54:39,21.54,--,1,2154,卖盘
1359,10:54:36,21.54,-0.01,7,15078,卖盘
1360,10:54:27,21.55,--,61,131670,卖盘
1361,10:54:24,21.55,--,74,159470,卖盘
1362,10:54:21,21.55,-0.01,19,40945,卖盘
1363,10:54:18,21.56,0.01,5,12720,买盘
1364,10:54:15,21.55,-0.01,2,4310,卖盘
1365,10:54:09,21.56,0.01,10,21560,买盘
1366,10:53:57,21.55,--,3,6465,卖盘
1367,10:53:51,21.55,--,10,21550,卖盘
1368,10:53:48,21.55,--,4,8620,卖盘
1369,10:53:45,21.55,--,15,32325,卖盘
1370,10:53:42,21.55,--,4,8620,卖盘
1371,10:53:39,21.55,--,3,6465,卖盘
1372,10:53:36,21.55,--,1,2155,卖盘
1373,10:53:33,21.55,--,44,94820,卖盘
1374,10:53:24,21.55,--,8,17240,卖盘
1375,10:53:18,21.55,-0.01,4,8620,卖盘
1376,10:53:12,21.56,0.01,2,4312,中性盘
1377,10:52:54,21.55,-0.01,10,21550,卖盘
1378,10:52:45,21.56,0.01,20,43120,买盘
1379,10:52:42,21.55,--,8,17240,卖盘
1380,10:52:39,21.55,--,12,25860,卖盘
1381,10:52:30,21.55,--,36,77580,卖盘
1382,10:52:27,21.55,--,12,25860,卖盘
1383,10:52:24,21.55,-0.01,15,32325,卖盘
1384,10:52:18,21.56,--,2,4312,买盘
1385,10:52:12,21.56,--,41,88396,卖盘
1386,10:52:09,21.56,--,14,30184,卖盘
1387,10:52:03,21.56,-0.01,35,75460,卖盘
1388,10:51:57,21.57,0.01,37,79809,买盘
1389,10:51:54,21.56,-0.01,1,2156,卖盘
1390,10:51:39,21.57,--,5,10785,买盘
1391,10:51:33,21.57,--,1,2157,买盘
1392,10:51:27,21.57,--,8,17256,卖盘
1393,10:51:21,21.57,-0.01,5,10785,卖盘
1394,10:51:18,21.58,--,2,4316,买盘
1395,10:51:06,21.58,--,7,15105,买盘
1396,10:50:51,21.58,0.01,2,4316,买盘
1397,10:50:42,21.57,0.01,1,2157,买盘
1398,10:50:39,21.56,--,3,6468,卖盘
1399,10:50:33,21.56,--,62,133672,卖盘
1400,10:50:27,21.56,-0.02,3,6468,卖盘
1401,10:50:21,21.58,-0.02,219,472601,卖盘
1402,10:50:18,21.6,0.02,1,2160,买盘
1403,10:50:15,21.58,--,3,6473,卖盘
1404,10:49:48,21.58,-0.02,5,10790,卖盘
1405,10:49:24,21.6,0.04,1,2160,买盘
1406,10:49:12,21.56,-0.01,12,25872,卖盘
1407,10:49:03,21.57,-0.03,5,10785,卖盘
1408,10:49:00,21.6,0.03,3,6480,买盘
1409,10:48:57,21.57,-0.02,3,6471,卖盘
1410,10:48:54,21.59,-0.01,6,15091,卖盘
1411,10:48:51,21.6,--,14,30240,买盘
1412,10:48:48,21.6,--,30,64800,买盘
1413,10:48:45,21.6,0.01,1,2160,买盘
1414,10:48:39,21.59,-0.01,2,4318,卖盘
1415,10:48:33,21.6,--,2,4320,买盘
1416,10:48:30,21.6,0.01,2,4320,买盘
1417,10:48:21,21.59,--,5,10795,卖盘
1418,10:48:15,21.59,--,1,2180,买盘
1419,10:48:12,21.59,--,15,32385,买盘
1420,10:48:09,21.59,--,9,19431,买盘
1421,10:47:57,21.59,--,25,53975,买盘
1422,10:47:54,21.59,0.04,5,10795,买盘
1423,10:47:36,21.55,--,12,25860,卖盘
1424,10:47:27,21.55,--,6,12930,卖盘
1425,10:47:21,21.55,--,20,43100,卖盘
1426,10:47:09,21.55,--,8,17240,卖盘
1427,10:46:39,21.55,0.02,8,17240,卖盘
1428,10:46:36,21.53,--,21,45213,卖盘
1429,10:46:33,21.53,-0.06,10,21530,卖盘
1430,10:46:27,21.59,--,12,25908,买盘
1431,10:46:15,21.59,--,1,2159,买盘
1432,10:46:12,21.59,0.04,19,41021,买盘
1433,10:46:09,21.55,-0.04,2,4310,卖盘
1434,10:46:00,21.59,0.01,2,4318,买盘
1435,10:45:57,21.58,--,2,4316,买盘
1436,10:45:51,21.58,--,28,60423,卖盘
1437,10:45:42,21.58,--,4,8632,卖盘
1438,10:45:36,21.58,0.05,7,15105,买盘
1439,10:45:33,21.53,-0.05,300,645900,卖盘
1440,10:45:30,21.58,--,3,6473,买盘
1441,10:45:27,21.58,0.01,10,21580,买盘
1442,10:45:24,21.57,-0.01,2,4314,卖盘
1443,10:45:21,21.58,--,5,10790,买盘
1444,10:45:18,21.58,--,12,25895,买盘
1445,10:45:15,21.58,--,10,21580,买盘
1446,10:45:12,21.58,--,8,17264,卖盘
1447,10:45:09,21.58,--,14,30211,卖盘
1448,10:45:06,21.58,-0.01,7,15105,卖盘
1449,10:44:51,21.59,--,10,21590,买盘
1450,10:44:48,21.59,--,66,142494,买盘
1451,10:44:45,21.59,0.01,61,131699,买盘
1452,10:44:39,21.58,-0.01,3,6473,卖盘
1453,10:44:36,21.59,--,20,43180,买盘
1454,10:44:33,21.59,0.01,294,634746,买盘
1455,10:44:27,21.58,--,7,15105,卖盘
1456,10:44:24,21.58,--,100,215799,卖盘
1457,10:44:21,21.58,--,72,155376,卖盘
1458,10:44:18,21.58,--,3,6473,卖盘
1459,10:44:12,21.58,-0.01,3,6473,卖盘
1460,10:44:06,21.59,-0.01,136,295761,卖盘
1461,10:44:00,21.6,0.01,3,6480,中性盘
1462,10:43:54,21.59,-0.01,120,259080,卖盘
1463,10:43:48,21.6,-0.02,222,479520,卖盘
1464,10:43:39,21.62,-0.02,52,112424,卖盘
1465,10:43:36,21.64,--,20,43280,卖盘
1466,10:43:33,21.64,--,7,15148,卖盘
1467,10:43:27,21.64,--,143,309452,卖盘
1468,10:43:24,21.64,-0.01,58,125512,卖盘
1469,10:43:21,21.65,0.01,26,56289,买盘
1470,10:43:18,21.64,-0.01,36,77904,卖盘
1471,10:43:12,21.65,-0.01,85,184025,卖盘
1472,10:43:09,21.66,--,1,2166,卖盘
1473,10:43:06,21.66,-0.01,45,97470,卖盘
1474,10:43:03,21.67,--,4,8668,买盘
1475,10:42:57,21.67,-0.01,5,10835,中性盘
1476,10:42:33,21.68,0.02,31,67208,买盘
1477,10:41:57,21.66,-0.01,2,4332,卖盘
1478,10:41:54,21.67,--,1,2167,卖盘
1479,10:41:51,21.67,0.01,5,10835,中性盘
1480,10:41:45,21.66,--,3,6498,卖盘
1481,10:41:39,21.66,-0.01,5,10830,卖盘
1482,10:41:15,21.67,--,10,21670,买盘
1483,10:41:06,21.67,--,1,2167,买盘
1484,10:41:03,21.67,0.01,4,8668,卖盘
1485,10:40:54,21.66,-0.02,8,17328,卖盘
1486,10:40:51,21.68,0.01,10,21680,买盘
1487,10:40:45,21.67,--,5,10835,卖盘
1488,10:40:39,21.67,--,1,2167,卖盘
1489,10:40:36,21.67,0.01,104,225368,买盘
1490,10:40:21,21.66,--,3,6498,卖盘
1491,10:40:18,21.66,--,2,4332,卖盘
1492,10:40:15,21.66,-0.01,16,34656,卖盘
1493,10:40:09,21.67,0.01,5,10835,买盘
1494,10:40:00,21.66,--,6,12996,卖盘
1495,10:39:48,21.66,-0.01,5,10830,卖盘
1496,10:39:30,21.67,--,1,2167,买盘
1497,10:39:27,21.67,0.01,16,34672,买盘
1498,10:39:24,21.66,-0.01,24,51984,卖盘
1499,10:39:15,21.67,--,3,6501,卖盘
1500,10:39:12,21.67,--,6,13002,卖盘
1501,10:38:57,21.67,--,3,6501,卖盘
1502,10:38:54,21.67,--,10,21670,卖盘
1503,10:38:48,21.67,--,17,36839,卖盘
1504,10:38:21,21.67,--,13,28171,卖盘
1505,10:38:03,21.67,0.01,3,6501,买盘
1506,10:37:57,21.66,-0.01,5,10830,卖盘
1507,10:37:51,21.67,0.01,2,4334,中性盘
1508,10:37:42,21.66,--,10,21660,卖盘
1509,10:37:30,21.66,-0.01,3,6498,卖盘
1510,10:37:24,21.67,0.01,3,6501,买盘
1511,10:37:06,21.66,--,2,4332,卖盘
1512,10:36:48,21.66,--,48,103968,买盘
1513,10:36:39,21.66,--,12,25992,买盘
1514,10:36:36,21.66,0.01,1,2166,买盘
1515,10:36:30,21.65,-0.01,2,4330,卖盘
1516,10:36:27,21.66,--,24,51984,买盘
1517,10:36:24,21.66,--,9,19494,买盘
1518,10:36:21,21.66,--,25,54150,买盘
1519,10:36:18,21.66,--,39,85275,买盘
1520,10:36:09,21.66,0.01,1,2166,买盘
1521,10:36:06,21.65,--,2,4330,卖盘
1522,10:35:57,21.65,--,3,6495,卖盘
1523,10:35:51,21.65,--,2,4330,买盘
1524,10:35:45,21.65,--,41,88765,买盘
1525,10:35:39,21.65,--,19,41135,买盘
1526,10:35:36,21.65,0.01,5,10825,买盘
1527,10:35:33,21.64,-0.01,6,12984,卖盘
1528,10:35:30,21.65,0.01,14,30309,买盘
1529,10:35:27,21.64,--,33,71412,卖盘
1530,10:35:24,21.64,-0.01,18,38952,卖盘
1531,10:35:18,21.65,--,32,69280,买盘
1532,10:35:15,21.65,--,1,2165,买盘
1533,10:35:12,21.65,--,4,8660,买盘
1534,10:35:09,21.65,--,10,21650,买盘
1535,10:35:03,21.65,0.01,12,25980,买盘
1536,10:35:00,21.64,-0.01,3,6492,卖盘
1537,10:34:57,21.65,0.01,3,6495,买盘
1538,10:34:54,21.64,-0.01,38,82232,卖盘
1539,10:34:51,21.65,--,2,4330,买盘
1540,10:34:45,21.65,--,1,2165,买盘
1541,10:34:42,21.65,--,1,2165,买盘
1542,10:34:39,21.65,0.01,19,41135,买盘
1543,10:34:36,21.64,--,3,6492,卖盘
1544,10:34:33,21.64,--,26,56264,卖盘
1545,10:34:30,21.64,-0.01,3,6492,卖盘
1546,10:34:15,21.65,0.01,32,69280,买盘
1547,10:34:06,21.64,-0.01,6,12984,卖盘
1548,10:34:03,21.65,--,5,10825,买盘
1549,10:34:00,21.65,--,3,6495,买盘
1550,10:33:57,21.65,--,3,6495,买盘
1551,10:33:51,21.65,--,5,10825,买盘
1552,10:33:48,21.65,--,7,15154,买盘
1553,10:33:42,21.65,--,33,71445,买盘
1554,10:33:33,21.65,--,6,12990,买盘
1555,10:33:30,21.65,--,80,173200,买盘
1556,10:33:27,21.65,0.01,30,64949,买盘
1557,10:33:24,21.64,-0.01,3,6492,卖盘
1558,10:33:18,21.65,0.01,20,43300,买盘
1559,10:33:12,21.64,--,10,21640,买盘
1560,10:33:00,21.64,0.02,10,21640,中性盘
1561,10:32:57,21.62,-0.02,65,140530,卖盘
1562,10:32:54,21.64,0.01,3,6492,买盘
1563,10:32:24,21.63,0.01,3,6489,买盘
1564,10:32:18,21.62,0.01,46,99452,买盘
1565,10:32:12,21.61,-0.01,3,6483,卖盘
1566,10:32:06,21.62,--,1,2162,买盘
1567,10:31:51,21.62,--,3,6486,买盘
1568,10:31:36,21.62,0.01,1,2162,买盘
1569,10:31:33,21.61,-0.01,21,45381,卖盘
1570,10:31:21,21.62,--,1,2162,买盘
1571,10:31:15,21.62,--,5,10810,买盘
1572,10:31:06,21.62,0.01,10,21620,中性盘
1573,10:30:57,21.61,-0.01,3,6483,卖盘
1574,10:30:51,21.62,--,5,10810,卖盘
1575,10:30:45,21.62,-0.01,3,6486,卖盘
1576,10:30:33,21.63,0.01,10,21630,买盘
1577,10:30:30,21.62,--,5,10810,买盘
1578,10:30:27,21.62,--,5,10810,买盘
1579,10:30:24,21.62,--,1,2162,买盘
1580,10:30:21,21.62,-0.01,9,19458,卖盘
1581,10:30:12,21.63,0.02,9,19467,买盘
1582,10:30:03,21.61,-0.02,11,23771,卖盘
1583,10:29:57,21.63,--,4,8652,买盘
1584,10:29:51,21.63,--,3,6489,买盘
1585,10:29:42,21.63,--,9,19467,买盘
1586,10:29:36,21.63,--,1,2163,买盘
1587,10:29:33,21.63,0.02,3,6489,买盘
1588,10:29:30,21.61,-0.02,4,8644,卖盘
1589,10:29:24,21.63,0.02,8,17304,买盘
1590,10:29:21,21.61,--,1,2161,买盘
1591,10:29:18,21.61,--,31,66991,买盘
1592,10:29:15,21.61,--,18,38898,买盘
1593,10:29:12,21.61,--,7,15127,买盘
1594,10:29:09,21.61,0.01,9,19449,买盘
1595,10:29:03,21.6,--,16,34560,卖盘
1596,10:29:00,21.6,-0.01,10,21600,卖盘
1597,10:28:57,21.61,0.01,1,2161,买盘
1598,10:28:36,21.6,-0.01,1,2160,卖盘
1599,10:28:33,21.61,0.01,3,6483,买盘
1600,10:28:30,21.6,--,5,10800,买盘
1601,10:28:24,21.6,0.01,2,4320,中性盘
1602,10:28:21,21.59,--,3,6477,卖盘
1603,10:28:18,21.59,-0.01,30,64770,卖盘
1604,10:28:15,21.6,--,18,38901,买盘
1605,10:28:09,21.6,0.01,9,19440,买盘
1606,10:28:06,21.59,--,1,2159,卖盘
1607,10:27:57,21.59,--,33,71247,买盘
1608,10:27:54,21.59,--,13,28067,买盘
1609,10:27:51,21.59,-0.01,4,8636,中性盘
1610,10:27:45,21.6,--,210,453600,买盘
1611,10:27:39,21.6,0.01,5,10800,买盘
1612,10:27:36,21.59,--,10,21590,卖盘
1613,10:27:30,21.59,-0.01,20,43180,卖盘
1614,10:27:27,21.6,0.01,16,34560,买盘
1615,10:27:24,21.59,--,1,2159,卖盘
1616,10:27:12,21.59,-0.01,10,21590,卖盘
1617,10:27:06,21.6,--,9,19440,买盘
1618,10:27:00,21.6,--,4,8640,买盘
1619,10:26:57,21.6,--,32,69120,买盘
1620,10:26:54,21.6,0.02,6,12960,买盘
1621,10:26:51,21.58,-0.02,159,343122,卖盘
1622,10:26:45,21.6,--,34,73440,买盘
1623,10:26:36,21.6,--,7,15120,买盘
1624,10:26:24,21.6,--,21,47498,卖盘
1625,10:26:21,21.6,--,3,6480,卖盘
1626,10:26:18,21.6,-0.01,125,270000,卖盘
1627,10:26:15,21.61,--,10,21610,买盘
1628,10:26:12,21.61,0.01,2,4322,买盘
1629,10:26:09,21.6,--,83,179280,卖盘
1630,10:26:06,21.6,--,86,185760,卖盘
1631,10:26:03,21.6,-0.01,1,2160,卖盘
1632,10:26:00,21.61,--,64,138304,买盘
1633,10:25:57,21.61,0.01,105,226905,买盘
1634,10:25:51,21.6,--,25,54000,卖盘
1635,10:25:39,21.6,-0.01,12,25920,卖盘
1636,10:25:33,21.61,-0.01,1,2161,卖盘
1637,10:25:21,21.62,-0.01,2,4324,卖盘
1638,10:25:18,21.63,0.01,29,62727,买盘
1639,10:25:15,21.62,--,2,4324,卖盘
1640,10:25:12,21.62,--,9,19458,卖盘
1641,10:25:09,21.62,--,32,69184,卖盘
1642,10:25:06,21.62,-0.01,3,6486,买盘
1643,10:25:03,21.63,0.03,7,15141,买盘
1644,10:25:00,21.6,-0.02,110,237600,卖盘
1645,10:24:54,21.62,0.01,5,10810,卖盘
1646,10:24:51,21.61,--,10,21610,卖盘
1647,10:24:42,21.61,-0.02,7,15127,卖盘
1648,10:24:39,21.63,0.02,2,4326,买盘
1649,10:24:30,21.61,-0.01,40,86440,卖盘
1650,10:24:15,21.62,0.01,5,10810,卖盘
1651,10:24:12,21.61,--,3,6483,卖盘
1652,10:24:09,21.61,--,25,54025,卖盘
1653,10:24:06,21.61,-0.01,3,6483,卖盘
1654,10:23:57,21.62,--,5,10810,买盘
1655,10:23:54,21.62,-0.01,30,64860,卖盘
1656,10:23:48,21.63,--,10,21630,买盘
1657,10:23:45,21.63,--,45,97335,买盘
1658,10:23:33,21.63,--,2,4326,买盘
1659,10:23:30,21.63,-0.01,34,73542,卖盘
1660,10:23:24,21.64,--,1,2164,买盘
1661,10:23:21,21.64,--,2,4328,买盘
1662,10:23:18,21.64,-0.01,10,21640,中性盘
1663,10:22:54,21.65,-0.02,19,41135,卖盘
1664,10:22:48,21.67,-0.01,3,6501,中性盘
1665,10:22:30,21.68,0.02,10,21680,买盘
1666,10:22:27,21.66,-0.01,3,6498,卖盘
1667,10:22:21,21.67,--,12,26004,买盘
1668,10:22:18,21.67,0.01,7,15169,买盘
1669,10:22:15,21.66,--,1,2166,卖盘
1670,10:22:06,21.66,--,2,4332,卖盘
1671,10:22:00,21.66,--,17,36822,买盘
1672,10:21:57,21.66,0.03,1,2166,买盘
1673,10:21:54,21.63,--,5,10815,卖盘
1674,10:21:42,21.63,-0.04,2,4326,卖盘
1675,10:21:33,21.67,0.05,2,4334,中性盘
1676,10:21:24,21.62,--,3,6486,卖盘
1677,10:21:18,21.62,-0.01,9,19458,卖盘
1678,10:21:09,21.63,--,35,75705,卖盘
1679,10:20:51,21.63,-0.03,17,36771,卖盘
1680,10:20:42,21.66,0.03,1,2166,中性盘
1681,10:20:33,21.63,-0.05,38,82194,卖盘
1682,10:20:03,21.68,--,3,6504,卖盘
1683,10:19:57,21.68,--,3,6504,卖盘
1684,10:19:51,21.68,-0.01,5,10840,买盘
1685,10:19:45,21.69,--,10,21690,买盘
1686,10:19:42,21.69,0.01,27,58563,买盘
1687,10:19:39,21.68,--,20,43360,卖盘
1688,10:19:18,21.68,0.05,11,23848,买盘
1689,10:19:15,21.63,-0.05,21,45423,卖盘
1690,10:19:12,21.68,--,2,4336,买盘
1691,10:19:09,21.68,--,2,4336,买盘
1692,10:19:03,21.68,--,2,4336,买盘
1693,10:19:00,21.68,0.05,5,10840,买盘
1694,10:18:57,21.63,-0.05,10,21630,卖盘
1695,10:18:54,21.68,0.02,4,8672,买盘
1696,10:18:45,21.66,0.03,5,10830,买盘
1697,10:18:39,21.63,--,4,8652,卖盘
1698,10:18:36,21.63,--,50,108150,卖盘
1699,10:18:18,21.63,0.02,80,173040,中性盘
1700,10:18:03,21.61,--,8,17288,买盘
1701,10:18:00,21.61,--,5,10805,买盘
1702,10:17:57,21.61,-0.03,18,38898,卖盘
1703,10:17:51,21.64,0.03,12,25968,买盘
1704,10:17:42,21.61,0.01,2,4322,卖盘
1705,10:17:36,21.6,-0.04,18,38880,卖盘
1706,10:17:33,21.64,0.02,115,248860,买盘
1707,10:17:30,21.62,--,5,10810,买盘
1708,10:17:27,21.62,0.02,102,220524,买盘
1709,10:17:21,21.6,-0.02,227,490341,卖盘
1710,10:17:09,21.62,-0.02,15,32430,卖盘
1711,10:17:06,21.64,--,31,67084,买盘
1712,10:17:00,21.64,--,9,19476,买盘
1713,10:16:51,21.64,0.03,1,2164,买盘
1714,10:16:48,21.61,-0.03,374,808214,卖盘
1715,10:16:39,21.64,--,3,6492,卖盘
1716,10:16:33,21.64,--,8,17312,买盘
1717,10:16:30,21.64,0.01,30,64920,买盘
1718,10:16:24,21.63,-0.01,3,6489,卖盘
1719,10:16:18,21.64,-0.01,6,12984,卖盘
1720,10:16:12,21.65,0.01,100,216500,买盘
1721,10:16:09,21.64,-0.01,5,10820,卖盘
1722,10:16:03,21.65,--,13,28144,买盘
1723,10:15:57,21.65,-0.01,399,865978,卖盘
1724,10:15:45,21.66,-0.04,12,25992,卖盘
1725,10:15:39,21.7,--,2,4340,买盘
1726,10:15:30,21.7,0.04,1,2170,买盘
1727,10:15:24,21.66,--,3,6498,卖盘
1728,10:15:21,21.66,-0.02,92,199272,卖盘
1729,10:15:18,21.68,--,17,36856,卖盘
1730,10:14:45,21.68,-0.02,4,8672,卖盘
1731,10:14:36,21.7,--,9,19530,卖盘
1732,10:14:15,21.7,0.02,4,8680,买盘
1733,10:14:03,21.68,-0.02,3,6504,卖盘
1734,10:14:00,21.7,--,2,4340,卖盘
1735,10:13:57,21.7,--,1,2170,买盘
1736,10:13:30,21.7,0.02,36,78120,买盘
1737,10:13:21,21.68,0.02,2,4336,中性盘
1738,10:13:06,21.66,-0.02,21,45486,卖盘
1739,10:13:03,21.68,-0.02,30,65040,卖盘
1740,10:12:57,21.7,0.02,54,117180,买盘
1741,10:12:54,21.68,--,3,6504,卖盘
1742,10:12:48,21.68,--,23,49864,卖盘
1743,10:12:42,21.68,--,1,2168,卖盘
1744,10:12:36,21.68,--,20,43360,卖盘
1745,10:12:27,21.68,-0.02,25,54200,卖盘
1746,10:12:24,21.7,--,13,28210,卖盘
1747,10:12:15,21.7,--,22,47740,卖盘
1748,10:12:09,21.7,--,5,10850,买盘
1749,10:12:03,21.7,--,2,4340,买盘
1750,10:12:00,21.7,--,1,2170,买盘
1751,10:11:57,21.7,0.02,23,49910,买盘
1752,10:11:48,21.68,-0.02,3,6504,卖盘
1753,10:11:42,21.7,0.02,6,13020,买盘
1754,10:11:33,21.68,--,1,2168,卖盘
1755,10:11:30,21.68,--,10,21680,买盘
1756,10:11:24,21.68,--,3,6504,买盘
1757,10:11:15,21.68,0.02,25,54200,买盘
1758,10:11:09,21.66,0.01,1,2166,卖盘
1759,10:10:57,21.65,-0.01,20,43300,卖盘
1760,10:10:54,21.66,--,3,6498,买盘
1761,10:10:48,21.66,0.01,5,10830,买盘
1762,10:10:45,21.65,--,1,2165,卖盘
1763,10:10:39,21.65,0.02,0,21,买盘
1764,10:10:36,21.63,--,13,28119,卖盘
1765,10:10:30,21.63,-0.01,30,64890,卖盘
1766,10:10:27,21.64,--,11,23804,买盘
1767,10:10:24,21.64,0.01,3,6492,买盘
1768,10:10:18,21.63,--,8,17304,卖盘
1769,10:10:15,21.63,0.01,12,25956,买盘
1770,10:10:12,21.62,-0.01,3,6486,卖盘
1771,10:10:09,21.63,--,26,56238,买盘
1772,10:10:06,21.63,--,10,21630,买盘
1773,10:10:03,21.63,--,7,15141,买盘
1774,10:10:00,21.63,-0.04,177,382851,卖盘
1775,10:09:51,21.67,0.02,28,60676,买盘
1776,10:09:45,21.65,-0.02,5,10825,卖盘
1777,10:09:42,21.67,0.02,12,26004,买盘
1778,10:09:39,21.65,0.01,10,21650,买盘
1779,10:09:36,21.64,--,38,82232,卖盘
1780,10:09:33,21.64,-0.01,33,71412,卖盘
1781,10:09:30,21.65,0.01,5,10825,买盘
1782,10:09:27,21.64,--,3,6492,买盘
1783,10:09:24,21.64,0.01,232,502048,中性盘
1784,10:09:21,21.63,--,5,10815,卖盘
1785,10:09:18,21.63,--,27,58401,卖盘
1786,10:09:12,21.63,-0.01,20,43260,卖盘
1787,10:09:09,21.64,--,5,10820,买盘
1788,10:09:06,21.64,--,9,19476,卖盘
1789,10:09:03,21.64,--,2,4328,买盘
1790,10:09:00,21.64,--,10,21640,买盘
1791,10:08:54,21.64,--,35,75740,卖盘
1792,10:08:51,21.64,--,12,25968,卖盘
1793,10:08:39,21.64,0.01,1,2164,买盘
1794,10:08:36,21.63,-0.01,55,118965,卖盘
1795,10:08:30,21.64,--,6,12984,买盘
1796,10:08:27,21.64,-0.02,28,60592,卖盘
1797,10:08:18,21.66,-0.01,10,21660,中性盘
1798,10:08:12,21.67,0.02,23,49841,买盘
1799,10:08:09,21.65,-0.01,6,12990,卖盘
1800,10:08:06,21.66,--,20,43320,中性盘
1801,10:07:57,21.66,--,1,2166,买盘
1802,10:07:54,21.66,--,5,10830,中性盘
1803,10:07:51,21.66,-0.02,21,45486,卖盘
1804,10:07:45,21.68,--,6,13008,买盘
1805,10:07:42,21.68,0.02,15,32520,买盘
1806,10:07:39,21.66,--,11,23826,卖盘
1807,10:07:36,21.66,--,35,75810,卖盘
1808,10:07:33,21.66,0.03,10,21660,卖盘
1809,10:07:30,21.63,-0.03,120,259560,卖盘
1810,10:07:27,21.66,-0.02,16,34656,卖盘
1811,10:07:24,21.68,--,5,10840,买盘
1812,10:07:21,21.68,0.02,5,10840,买盘
1813,10:07:18,21.66,-0.02,10,21660,卖盘
1814,10:07:15,21.68,--,9,19512,买盘
1815,10:07:12,21.68,0.02,3,6504,买盘
1816,10:07:09,21.66,--,10,21660,卖盘
1817,10:07:06,21.66,--,1,2166,卖盘
1818,10:07:03,21.66,--,1,2166,卖盘
1819,10:07:00,21.66,--,3,6498,卖盘
1820,10:06:54,21.66,-0.02,20,43320,卖盘
1821,10:06:45,21.68,-0.02,14,30352,卖盘
1822,10:06:42,21.7,--,7,15190,买盘
1823,10:06:36,21.7,--,11,23870,买盘
1824,10:06:33,21.7,0.02,50,108500,买盘
1825,10:06:27,21.68,--,3,6504,卖盘
1826,10:06:24,21.68,-0.02,64,138752,卖盘
1827,10:06:21,21.7,0.01,46,99820,买盘
1828,10:06:18,21.69,--,55,119295,买盘
1829,10:06:15,21.69,-0.01,12,26028,卖盘
1830,10:06:12,21.7,0.01,5,10850,买盘
1831,10:06:09,21.69,-0.01,5,10845,卖盘
1832,10:06:06,21.7,--,14,30380,卖盘
1833,10:06:03,21.7,-0.01,91,197470,卖盘
1834,10:06:00,21.71,--,4,8684,卖盘
1835,10:05:57,21.71,0.01,10,21710,中性盘
1836,10:05:51,21.7,--,107,232190,卖盘
1837,10:05:45,21.7,-0.04,5,10850,卖盘
1838,10:05:42,21.74,0.04,1,2174,中性盘
1839,10:05:39,21.7,-0.03,107,232190,卖盘
1840,10:05:36,21.73,-0.04,66,143418,卖盘
1841,10:05:33,21.77,0.02,14,30478,买盘
1842,10:05:27,21.75,--,2,4350,卖盘
1843,10:05:21,21.75,--,1,2175,卖盘
1844,10:05:15,21.75,--,11,23925,买盘
1845,10:05:12,21.75,0.01,9,19575,买盘
1846,10:05:09,21.74,0.01,2,4348,中性盘
1847,10:04:57,21.73,-0.01,10,21730,卖盘
1848,10:04:51,21.74,--,8,17392,买盘
1849,10:04:39,21.74,--,5,10870,买盘
1850,10:04:36,21.74,-0.01,20,43480,卖盘
1851,10:04:33,21.75,--,2,4350,买盘
1852,10:04:30,21.75,--,1,2175,中性盘
1853,10:04:24,21.75,--,20,43500,卖盘
1854,10:04:18,21.75,--,5,10875,卖盘
1855,10:04:06,21.75,--,1,2175,卖盘
1856,10:04:03,21.75,--,1,2175,卖盘
1857,10:04:00,21.75,-0.02,75,163125,卖盘
1858,10:03:54,21.77,--,3,8207,卖盘
1859,10:03:48,21.77,--,18,39686,买盘
1860,10:03:45,21.77,--,85,185045,买盘
1861,10:03:42,21.77,--,25,54425,买盘
1862,10:03:30,21.77,0.01,7,15239,买盘
1863,10:03:27,21.76,--,3,6528,卖盘
1864,10:03:24,21.76,-0.01,34,73984,卖盘
1865,10:03:21,21.77,0.01,10,21770,买盘
1866,10:03:15,21.76,--,10,21760,卖盘
1867,10:03:03,21.76,-0.01,26,56576,卖盘
1868,10:02:54,21.77,0.01,2,4354,买盘
1869,10:02:51,21.76,--,9,19584,卖盘
1870,10:02:48,21.76,--,5,10880,卖盘
1871,10:02:45,21.76,--,2,4352,卖盘
1872,10:02:42,21.76,--,19,41344,卖盘
1873,10:02:39,21.76,--,5,10880,卖盘
1874,10:02:33,21.76,-0.01,3,6528,卖盘
1875,10:02:30,21.77,0.01,7,15239,买盘
1876,10:02:27,21.76,--,25,54400,卖盘
1877,10:02:21,21.76,--,5,10880,卖盘
1878,10:02:18,21.76,-0.01,3,6528,卖盘
1879,10:02:12,21.77,--,14,30478,买盘
1880,10:02:00,21.77,--,3,6531,卖盘
1881,10:01:57,21.77,--,1,2177,卖盘
1882,10:01:54,21.77,--,16,34832,卖盘
1883,10:01:51,21.77,--,113,246001,卖盘
1884,10:01:45,21.77,-0.01,13,28301,卖盘
1885,10:01:36,21.78,0.01,3,6534,中性盘
1886,10:01:30,21.77,-0.01,8,17416,卖盘
1887,10:01:27,21.78,--,11,23958,买盘
1888,10:01:24,21.78,--,25,54450,买盘
1889,10:01:21,21.78,--,99,215622,卖盘
1890,10:01:18,21.78,--,23,50094,卖盘
1891,10:01:15,21.78,--,29,63162,卖盘
1892,10:01:12,21.78,--,13,28314,卖盘
1893,10:01:09,21.78,-0.01,3,6534,卖盘
1894,10:01:06,21.79,0.01,10,21790,买盘
1895,10:01:03,21.78,-0.01,35,76230,卖盘
1896,10:00:54,21.79,--,10,21790,买盘
1897,10:00:51,21.79,--,3,8214,卖盘
1898,10:00:48,21.79,--,13,28828,买盘
1899,10:00:45,21.79,--,10,21790,买盘
1900,10:00:21,21.79,0.01,5,10895,买盘
1901,10:00:18,21.78,--,26,56628,卖盘
1902,10:00:15,21.78,--,1,2178,卖盘
1903,10:00:09,21.78,--,22,47916,卖盘
1904,10:00:06,21.78,--,1,2178,卖盘
1905,10:00:00,21.78,--,4,8712,卖盘
1906,09:59:57,21.78,--,30,65340,卖盘
1907,09:59:54,21.78,--,18,39204,卖盘
1908,09:59:30,21.78,--,8,17424,卖盘
1909,09:59:27,21.78,--,2,4356,卖盘
1910,09:59:15,21.78,-0.01,6,13068,卖盘
1911,09:59:12,21.79,--,7,15253,买盘
1912,09:59:06,21.79,--,6,14751,卖盘
1913,09:58:54,21.79,0.01,1,2680,买盘
1914,09:58:45,21.78,--,4,8712,卖盘
1915,09:58:39,21.78,-0.01,10,21780,卖盘
1916,09:58:36,21.79,--,18,39222,买盘
1917,09:58:33,21.79,--,2,4358,买盘
1918,09:58:21,21.79,--,24,53973,卖盘
1919,09:58:18,21.79,--,5,10895,卖盘
1920,09:58:15,21.79,-0.01,10,21790,卖盘
1921,09:58:09,21.8,0.01,10,21800,中性盘
1922,09:58:03,21.79,-0.01,116,252764,卖盘
1923,09:57:54,21.8,-0.01,3,6540,卖盘
1924,09:57:51,21.81,-0.01,20,43620,卖盘
1925,09:57:48,21.82,--,2,4364,买盘
1926,09:57:36,21.82,--,20,43640,卖盘
1927,09:57:27,21.82,--,16,34912,卖盘
1928,09:57:24,21.82,--,5,10910,卖盘
1929,09:57:18,21.82,-0.02,8,17456,卖盘
1930,09:57:06,21.84,0.02,2,4368,买盘
1931,09:57:03,21.82,--,35,76370,买盘
1932,09:57:00,21.82,--,5,10910,买盘
1933,09:56:57,21.82,--,21,45822,卖盘
1934,09:56:54,21.82,-0.02,6,13092,卖盘
1935,09:56:51,21.84,--,1,2184,买盘
1936,09:56:48,21.84,--,10,21840,买盘
1937,09:56:45,21.84,--,1,2184,买盘
1938,09:56:39,21.84,--,6,13104,买盘
1939,09:56:30,21.84,-0.01,77,168168,卖盘
1940,09:56:27,21.85,0.01,12,26220,买盘
1941,09:56:21,21.84,--,49,107016,卖盘
1942,09:56:18,21.84,-0.01,1,2184,卖盘
1943,09:56:15,21.85,--,10,21850,买盘
1944,09:56:09,21.85,--,2,4370,买盘
1945,09:56:03,21.85,--,1,2185,买盘
1946,09:56:00,21.85,0.01,10,21850,买盘
1947,09:55:57,21.84,-0.01,13,28392,卖盘
1948,09:55:51,21.85,-0.01,5,10925,卖盘
1949,09:55:48,21.86,0.01,2,4372,买盘
1950,09:55:39,21.85,--,33,72105,卖盘
1951,09:55:27,21.85,--,55,120175,买盘
1952,09:55:18,21.85,0.01,10,21850,买盘
1953,09:55:06,21.84,0.02,5,10920,买盘
1954,09:55:03,21.82,-0.02,5,10910,卖盘
1955,09:55:00,21.84,0.02,2,4368,买盘
1956,09:54:57,21.82,--,2,4364,卖盘
1957,09:54:45,21.82,0.02,17,37094,买盘
1958,09:54:39,21.8,--,3,6540,卖盘
1959,09:54:24,21.8,0.01,1,2180,买盘
1960,09:54:15,21.79,--,5,10895,卖盘
1961,09:54:12,21.79,--,8,17432,卖盘
1962,09:54:06,21.79,-0.01,2,4358,卖盘
1963,09:54:03,21.8,0.01,5,10900,买盘
1964,09:53:54,21.79,--,10,21790,卖盘
1965,09:53:48,21.79,--,14,30506,卖盘
1966,09:53:42,21.79,0.01,56,122525,买盘
1967,09:53:39,21.78,--,13,28314,卖盘
1968,09:53:36,21.78,-0.01,25,54450,卖盘
1969,09:53:33,21.79,--,10,21790,买盘
1970,09:53:30,21.79,--,24,52296,买盘
1971,09:53:27,21.79,--,21,45759,买盘
1972,09:53:24,21.79,--,29,63191,买盘
1973,09:53:21,21.79,--,16,34864,买盘
1974,09:53:18,21.79,0.01,10,21790,买盘
1975,09:53:15,21.78,-0.01,10,21780,卖盘
1976,09:53:09,21.79,0.01,32,69728,买盘
1977,09:53:06,21.78,-0.01,41,89298,卖盘
1978,09:53:03,21.79,--,17,37043,买盘
1979,09:53:00,21.79,--,17,37043,买盘
1980,09:52:57,21.79,--,9,19611,买盘
1981,09:52:54,21.79,0.01,20,43580,买盘
1982,09:52:51,21.78,-0.01,131,285318,卖盘
1983,09:52:42,21.79,--,50,108950,买盘
1984,09:52:39,21.79,--,6,13074,买盘
1985,09:52:36,21.79,--,40,87160,买盘
1986,09:52:33,21.79,--,20,43580,买盘
1987,09:52:30,21.79,--,35,76265,买盘
1988,09:52:24,21.79,0.01,26,56654,买盘
1989,09:52:21,21.78,-0.01,1,2178,卖盘
1990,09:52:15,21.79,--,50,108950,买盘
1991,09:52:12,21.79,--,49,106771,买盘
1992,09:52:09,21.79,0.01,7,15253,买盘
1993,09:52:06,21.78,-0.01,15,32670,卖盘
1994,09:52:03,21.79,--,102,222258,买盘
1995,09:52:00,21.79,--,35,76265,买盘
1996,09:51:57,21.79,--,14,30506,买盘
1997,09:51:54,21.79,0.01,3,6537,买盘
1998,09:51:51,21.78,-0.01,101,219978,卖盘
1999,09:51:48,21.79,--,16,34864,买盘
2000,09:51:45,21.79,--,10,21790,买盘
2001,09:51:42,21.79,--,9,19611,买盘
2002,09:51:39,21.79,--,9,19611,买盘
2003,09:51:36,21.79,--,19,41401,买盘
2004,09:51:24,21.79,--,2,4358,买盘
2005,09:51:18,21.79,--,5,10895,买盘
2006,09:51:15,21.79,0.01,8,17432,买盘
2007,09:51:12,21.78,-0.01,7,15246,卖盘
2008,09:51:09,21.79,--,19,41401,买盘
2009,09:51:06,21.79,--,18,39222,买盘
2010,09:51:03,21.79,--,1,2179,买盘
2011,09:51:00,21.79,--,4,8716,买盘
2012,09:50:57,21.79,0.01,4,8716,买盘
2013,09:50:54,21.78,-0.01,16,34848,卖盘
2014,09:50:51,21.79,--,8,17432,买盘
2015,09:50:48,21.79,--,16,34864,买盘
2016,09:50:45,21.79,--,33,71907,买盘
2017,09:50:33,21.79,--,18,39222,买盘
2018,09:50:30,21.79,--,6,13074,买盘
2019,09:50:27,21.79,--,9,19611,买盘
2020,09:50:21,21.79,--,9,19611,买盘
2021,09:50:18,21.79,--,5,10895,买盘
2022,09:50:15,21.79,0.01,100,217900,买盘
2023,09:50:12,21.78,-0.01,69,150282,卖盘
2024,09:50:06,21.79,--,20,43580,买盘
2025,09:50:03,21.79,--,40,87160,买盘
2026,09:50:00,21.79,0.01,10,21790,买盘
2027,09:49:57,21.78,--,5,10890,卖盘
2028,09:49:54,21.78,-0.01,22,47916,卖盘
2029,09:49:42,21.79,--,10,21790,买盘
2030,09:49:39,21.79,0.01,14,30506,买盘
2031,09:49:33,21.78,--,10,21780,卖盘
2032,09:49:27,21.78,-0.01,10,21780,卖盘
2033,09:49:21,21.79,--,1,2179,买盘
2034,09:49:18,21.79,--,7,15253,买盘
2035,09:49:15,21.79,0.02,29,63191,买盘
2036,09:49:12,21.77,--,3,6531,卖盘
2037,09:49:09,21.77,-0.01,32,69664,卖盘
2038,09:49:06,21.78,-0.01,46,100188,卖盘
2039,09:49:03,21.79,0.01,5,10895,买盘
2040,09:49:00,21.78,--,20,43560,买盘
2041,09:48:57,21.78,--,5,10890,买盘
2042,09:48:54,21.78,--,11,23958,买盘
2043,09:48:51,21.78,0.01,13,28314,买盘
2044,09:48:48,21.77,-0.01,4,8708,卖盘
2045,09:48:45,21.78,--,15,32670,买盘
2046,09:48:42,21.78,--,3,6534,买盘
2047,09:48:36,21.78,--,88,191664,买盘
2048,09:48:33,21.78,--,12,26136,买盘
2049,09:48:30,21.78,--,10,21780,买盘
2050,09:48:27,21.78,--,86,187308,买盘
2051,09:48:24,21.78,--,12,26136,卖盘
2052,09:48:21,21.78,-0.01,5,10890,卖盘
2053,09:48:15,21.79,0.01,22,47938,买盘
2054,09:48:12,21.78,--,18,39204,买盘
2055,09:48:09,21.78,-0.01,25,54450,卖盘
2056,09:48:06,21.79,0.01,35,76265,买盘
2057,09:48:03,21.78,-0.01,27,58806,卖盘
2058,09:48:00,21.79,0.01,6,13074,买盘
2059,09:47:57,21.78,--,2,4356,卖盘
2060,09:47:54,21.78,-0.01,20,43560,卖盘
2061,09:47:51,21.79,0.01,30,65370,买盘
2062,09:47:48,21.78,0.01,20,43560,买盘
2063,09:47:45,21.77,--,6,13062,卖盘
2064,09:47:42,21.77,0.01,3,6531,卖盘
2065,09:47:36,21.76,-0.01,63,137109,卖盘
2066,09:47:33,21.77,--,16,34832,买盘
2067,09:47:30,21.77,0.01,5,10885,买盘
2068,09:47:27,21.76,--,20,43520,卖盘
2069,09:47:24,21.76,--,5,10880,卖盘
2070,09:47:21,21.76,--,50,108800,买盘
2071,09:47:09,21.76,--,19,43498,卖盘
2072,09:47:06,21.76,-0.01,10,21760,卖盘
2073,09:47:03,21.77,0.01,3,6531,中性盘
2074,09:46:57,21.76,-0.03,23,50069,卖盘
2075,09:46:54,21.79,0.01,24,52296,买盘
2076,09:46:51,21.78,0.01,7,15246,买盘
2077,09:46:48,21.77,-0.03,3,6531,卖盘
2078,09:46:45,21.8,--,113,246340,买盘
2079,09:46:42,21.8,0.02,14,30520,买盘
2080,09:46:33,21.78,--,44,95832,卖盘
2081,09:46:30,21.78,--,20,43560,卖盘
2082,09:46:27,21.78,--,25,54450,卖盘
2083,09:46:24,21.78,-0.01,1,2178,卖盘
2084,09:46:18,21.79,0.01,1,2179,买盘
2085,09:46:15,21.78,--,31,67518,卖盘
2086,09:46:12,21.78,-0.01,36,78408,卖盘
2087,09:46:06,21.79,--,47,102413,卖盘
2088,09:46:03,21.79,--,31,67549,卖盘
2089,09:46:00,21.79,--,15,32685,卖盘
2090,09:45:54,21.79,-0.01,3,6537,卖盘
2091,09:45:51,21.8,0.01,3,6540,买盘
2092,09:45:48,21.79,-0.01,5,10895,卖盘
2093,09:45:45,21.8,0.01,4,8720,买盘
2094,09:45:42,21.79,--,44,95876,卖盘
2095,09:45:39,21.79,-0.03,30,65370,卖盘
2096,09:45:36,21.82,0.02,11,24002,买盘
2097,09:45:30,21.8,--,14,30520,卖盘
2098,09:45:27,21.8,--,35,76300,卖盘
2099,09:45:24,21.8,--,6,13080,卖盘
2100,09:45:21,21.8,--,27,58860,卖盘
2101,09:45:18,21.8,--,24,52320,卖盘
2102,09:45:15,21.8,--,2,4360,卖盘
2103,09:45:12,21.8,-0.01,50,109000,卖盘
2104,09:45:09,21.81,--,14,30534,卖盘
2105,09:45:06,21.81,-0.01,12,26172,卖盘
2106,09:45:03,21.82,--,84,183288,卖盘
2107,09:44:57,21.82,-0.02,107,233474,卖盘
2108,09:44:54,21.84,--,4,8736,卖盘
2109,09:44:51,21.84,--,4,8736,卖盘
2110,09:44:48,21.84,0.01,7,15288,卖盘
2111,09:44:42,21.83,-0.01,2,4366,卖盘
2112,09:44:39,21.84,0.01,5,10920,卖盘
2113,09:44:33,21.83,-0.01,5,10915,卖盘
2114,09:44:30,21.84,--,4,8736,卖盘
2115,09:44:27,21.84,0.01,17,37128,买盘
2116,09:44:24,21.83,-0.02,10,21830,卖盘
2117,09:44:21,21.85,--,5,10925,买盘
2118,09:44:18,21.85,0.01,9,19665,买盘
2119,09:44:15,21.84,--,2,4368,卖盘
2120,09:44:12,21.84,-0.01,12,26208,中性盘
2121,09:44:00,21.85,0.01,10,21850,买盘
2122,09:43:57,21.84,--,20,43680,买盘
2123,09:43:54,21.84,--,8,17472,卖盘
2124,09:43:51,21.84,0.01,12,26208,中性盘
2125,09:43:42,21.83,-0.01,110,240129,卖盘
2126,09:43:39,21.84,-0.01,5,10920,卖盘
2127,09:43:36,21.85,--,5,10925,买盘
2128,09:43:33,21.85,--,13,28405,买盘
2129,09:43:27,21.85,0.01,1,2185,买盘
2130,09:43:24,21.84,-0.01,2,4368,卖盘
2131,09:43:21,21.85,0.01,5,10925,买盘
2132,09:43:18,21.84,-0.01,3,6552,卖盘
2133,09:43:15,21.85,--,5,10925,卖盘
2134,09:43:12,21.85,--,2,4370,卖盘
2135,09:43:06,21.85,--,3,6555,买盘
2136,09:43:03,21.85,--,5,10925,买盘
2137,09:42:54,21.85,-0.01,7,15295,卖盘
2138,09:42:48,21.86,0.01,9,19674,买盘
2139,09:42:45,21.85,-0.01,19,41515,卖盘
2140,09:42:42,21.86,0.02,18,39348,买盘
2141,09:42:33,21.84,-0.02,6,13104,卖盘
2142,09:42:30,21.86,0.02,1,2186,买盘
2143,09:42:18,21.84,0.01,8,17472,中性盘
2144,09:42:15,21.83,-0.01,9,19647,卖盘
2145,09:42:12,21.84,0.01,220,480480,买盘
2146,09:42:09,21.83,--,11,24012,卖盘
2147,09:42:06,21.83,0.01,18,39294,卖盘
2148,09:42:03,21.82,--,5,10910,卖盘
2149,09:42:00,21.82,--,33,72006,卖盘
2150,09:41:57,21.82,-0.01,10,21820,卖盘
2151,09:41:54,21.83,0.01,27,58940,买盘
2152,09:41:51,21.82,--,26,56732,卖盘
2153,09:41:42,21.82,--,1,2182,卖盘
2154,09:41:39,21.82,-0.01,7,15274,卖盘
2155,09:41:36,21.83,0.01,1,2183,买盘
2156,09:41:33,21.82,-0.01,2,4364,卖盘
2157,09:41:30,21.83,--,10,21830,买盘
2158,09:41:24,21.83,--,18,39294,买盘
2159,09:41:21,21.83,--,12,26195,买盘
2160,09:41:15,21.83,--,32,69856,卖盘
2161,09:41:12,21.83,-0.01,3,6548,卖盘
2162,09:41:09,21.84,--,13,28392,买盘
2163,09:41:06,21.84,--,3,6552,买盘
2164,09:41:03,21.84,--,39,85176,买盘
2165,09:41:00,21.84,-0.01,67,146328,卖盘
2166,09:40:57,21.85,-0.02,89,194465,卖盘
2167,09:40:54,21.87,0.01,1,2187,买盘
2168,09:40:45,21.86,--,8,17488,卖盘
2169,09:40:39,21.86,-0.01,20,43720,卖盘
2170,09:40:30,21.87,0.01,10,21870,买盘
2171,09:40:27,21.86,-0.02,20,43720,卖盘
2172,09:40:24,21.88,0.02,8,17504,买盘
2173,09:40:18,21.86,-0.02,1,2186,卖盘
2174,09:40:15,21.88,0.02,1,2188,买盘
2175,09:40:00,21.86,--,5,10930,卖盘
2176,09:39:57,21.86,--,17,37162,买盘
2177,09:39:51,21.86,0.01,8,17488,买盘
2178,09:39:45,21.85,-0.01,27,58995,卖盘
2179,09:39:39,21.86,-0.02,1,2186,卖盘
2180,09:39:33,21.88,0.02,27,59076,买盘
2181,09:39:30,21.86,--,2,4372,买盘
2182,09:39:27,21.86,--,83,181438,卖盘
2183,09:39:24,21.86,--,46,100556,卖盘
2184,09:39:18,21.86,-0.01,2,4372,卖盘
2185,09:39:15,21.87,--,27,59049,买盘
2186,09:39:12,21.87,--,2,4374,买盘
2187,09:39:09,21.87,--,4,8748,买盘
2188,09:39:03,21.87,--,1,2187,买盘
2189,09:39:00,21.87,--,7,15309,买盘
2190,09:38:57,21.87,--,28,61236,买盘
2191,09:38:54,21.87,--,5,10935,中性盘
2192,09:38:45,21.87,0.01,1,2187,中性盘
2193,09:38:36,21.86,-0.01,3,6558,卖盘
2194,09:38:33,21.87,--,2,4374,卖盘
2195,09:38:30,21.87,--,6,13122,卖盘
2196,09:38:27,21.87,-0.01,7,15309,卖盘
2197,09:38:21,21.88,--,26,56888,买盘
2198,09:38:15,21.88,--,3,6564,买盘
2199,09:38:12,21.88,--,8,17504,卖盘
2200,09:38:06,21.88,-0.02,98,214424,卖盘
2201,09:38:03,21.9,--,2,4380,买盘
2202,09:38:00,21.9,-0.03,56,122639,卖盘
2203,09:37:54,21.93,0.01,10,21930,买盘
2204,09:37:48,21.92,--,8,17536,卖盘
2205,09:37:45,21.92,-0.01,87,190704,中性盘
2206,09:37:42,21.93,0.01,69,151317,买盘
2207,09:37:33,21.92,-0.02,41,89872,卖盘
2208,09:37:30,21.94,--,1,2194,买盘
2209,09:37:27,21.94,--,2,4388,买盘
2210,09:37:21,21.94,-0.01,18,41664,卖盘
2211,09:37:18,21.95,0.01,98,215110,买盘
2212,09:37:15,21.94,--,36,78984,卖盘
2213,09:37:12,21.94,0.03,111,243555,买盘
2214,09:37:09,21.91,-0.02,26,56966,卖盘
2215,09:37:06,21.93,--,2,4386,买盘
2216,09:37:03,21.93,-0.01,6,15329,卖盘
2217,09:36:57,21.94,--,21,46074,买盘
2218,09:36:54,21.94,--,3,6582,买盘
2219,09:36:51,21.94,-0.01,22,48268,卖盘
2220,09:36:48,21.95,0.01,5,10975,买盘
2221,09:36:45,21.94,--,2,4388,卖盘
2222,09:36:42,21.94,0.03,15,32931,买盘
2223,09:36:39,21.91,--,42,92022,卖盘
2224,09:36:36,21.91,-0.03,10,21910,卖盘
2225,09:36:21,21.94,0.06,28,61432,买盘
2226,09:36:18,21.88,-0.02,20,43760,卖盘
2227,09:36:15,21.9,0.02,8,17520,买盘
2228,09:36:12,21.88,-0.03,10,21880,卖盘
2229,09:36:09,21.91,0.03,14,30674,买盘
2230,09:36:06,21.88,-0.02,5,10940,卖盘
2231,09:36:03,21.9,--,10,21900,买盘
2232,09:36:00,21.9,0.03,8,17520,买盘
2233,09:35:57,21.87,--,11,24057,卖盘
2234,09:35:54,21.87,--,11,24057,卖盘
2235,09:35:51,21.87,-0.01,3,6561,卖盘
2236,09:35:48,21.88,0.01,1,2188,买盘
2237,09:35:45,21.87,--,2,4374,卖盘
2238,09:35:36,21.87,0.01,13,28431,买盘
2239,09:35:33,21.86,0.04,217,474362,买盘
2240,09:35:30,21.82,--,15,32730,卖盘
2241,09:35:27,21.82,-0.01,7,15274,卖盘
2242,09:35:24,21.83,--,8,17464,买盘
2243,09:35:18,21.83,0.01,1,2183,买盘
2244,09:35:15,21.82,-0.01,18,39276,卖盘
2245,09:35:09,21.83,0.01,2,4366,买盘
2246,09:35:06,21.82,--,182,397124,买盘
2247,09:35:03,21.82,--,4,8728,买盘
2248,09:34:57,21.82,0.01,9,19638,买盘
2249,09:34:54,21.81,-0.01,3,6543,卖盘
2250,09:34:51,21.82,--,11,24002,卖盘
2251,09:34:45,21.82,--,14,30548,卖盘
2252,09:34:42,21.82,0.01,13,28366,中性盘
2253,09:34:39,21.81,-0.01,59,130620,卖盘
2254,09:34:36,21.82,--,9,19638,买盘
2255,09:34:33,21.82,--,33,72006,买盘
2256,09:34:27,21.82,--,13,28366,买盘
2257,09:34:18,21.82,--,108,235656,买盘
2258,09:34:15,21.82,--,30,65460,买盘
2259,09:34:06,21.82,--,13,28366,买盘
2260,09:34:03,21.82,--,23,50186,卖盘
2261,09:34:00,21.82,--,7,15274,卖盘
2262,09:33:54,21.82,-0.01,11,24002,卖盘
2263,09:33:51,21.83,--,17,37111,买盘
2264,09:33:45,21.83,0.01,11,24012,买盘
2265,09:33:42,21.82,--,2,4364,卖盘
2266,09:33:39,21.82,--,1,2182,卖盘
2267,09:33:36,21.82,--,24,52368,卖盘
2268,09:33:30,21.82,-0.01,5,10910,中性盘
2269,09:33:27,21.83,0.02,11,24012,买盘
2270,09:33:24,21.81,-0.02,7,15267,卖盘
2271,09:33:18,21.83,--,35,76405,买盘
2272,09:33:15,21.83,0.01,10,21830,买盘
2273,09:33:12,21.82,0.01,3,6546,中性盘
2274,09:33:09,21.81,-0.02,11,23991,卖盘
2275,09:33:06,21.83,--,16,34928,买盘
2276,09:33:03,21.83,--,12,26195,买盘
2277,09:33:00,21.83,0.02,100,218299,卖盘
2278,09:32:54,21.81,-0.02,21,45801,卖盘
2279,09:32:51,21.83,--,28,61123,买盘
2280,09:32:48,21.83,0.02,23,50208,买盘
2281,09:32:45,21.81,0.01,78,170118,买盘
2282,09:32:42,21.8,-0.01,38,82840,卖盘
2283,09:32:33,21.81,--,16,34896,卖盘
2284,09:32:30,21.81,--,5,10905,卖盘
2285,09:32:27,21.81,-0.02,20,43620,卖盘
2286,09:32:24,21.83,--,3,6548,买盘
2287,09:32:21,21.83,0.01,10,21830,买盘
2288,09:32:18,21.82,0.01,1,2182,中性盘
2289,09:32:15,21.81,-0.03,9,19629,卖盘
2290,09:32:12,21.84,0.01,30,65520,买盘
2291,09:32:09,21.83,-0.02,4,8732,卖盘
2292,09:32:03,21.85,--,10,21850,买盘
2293,09:32:00,21.85,0.04,2,4370,买盘
2294,09:31:54,21.81,-0.04,24,52344,卖盘
2295,09:31:51,21.85,--,2,4370,卖盘
2296,09:31:45,21.85,0.04,13,28405,买盘
2297,09:31:42,21.81,--,5,10905,卖盘
2298,09:31:39,21.81,--,3,6543,卖盘
2299,09:31:36,21.81,0.01,1,2181,中性盘
2300,09:31:33,21.8,-0.01,15,32700,卖盘
2301,09:31:30,21.81,-0.05,1,2181,中性盘
2302,09:31:24,21.86,0.06,10,21860,买盘
2303,09:31:21,21.8,-0.05,7,15260,卖盘
2304,09:31:18,21.85,0.03,32,69920,买盘
2305,09:31:15,21.82,-0.03,2,4364,卖盘
2306,09:31:09,21.85,--,19,41515,卖盘
2307,09:31:06,21.85,--,21,45885,卖盘
2308,09:31:03,21.85,--,3,6555,卖盘
2309,09:31:00,21.85,0.05,68,148580,买盘
2310,09:30:57,21.8,0.01,24,52320,中性盘
2311,09:30:54,21.79,-0.01,50,108950,卖盘
2312,09:30:51,21.8,--,5,10900,卖盘
2313,09:30:48,21.8,--,1,2180,买盘
2314,09:30:45,21.8,0.01,5,10900,买盘
2315,09:30:39,21.79,--,1,2179,卖盘
2316,09:30:36,21.79,--,4,8716,买盘
2317,09:30:24,21.79,-0.06,100,217900,卖盘
2318,09:30:15,21.85,0.02,9,19665,买盘
2319,09:30:09,21.83,-0.02,11,24012,买盘
2320,09:30:06,21.85,--,254,554990,卖盘
2321,09:30:03,21.85,--,85,185725,买盘
2322,09:30:00,21.85,--,3,6555,买盘
2323,09:25:03,21.85,21.85,266,581210,买盘
