,time,price,change,volume,amount,type
0,15:00:03,14.54,0.01,1080,1570320,买盘
1,14:57:00,14.53,--,6,8718,卖盘
2,14:56:54,14.53,0.01,20,29060,买盘
3,14:56:48,14.52,-0.01,12,17424,卖盘
4,14:56:45,14.53,0.01,8,11624,买盘
5,14:56:42,14.52,--,10,14520,卖盘
6,14:56:30,14.52,--,11,15972,买盘
7,14:56:27,14.52,--,220,319440,买盘
8,14:56:24,14.52,--,2,2904,买盘
9,14:56:21,14.52,--,4,5808,买盘
10,14:56:12,14.52,0.01,7,10164,买盘
11,14:56:09,14.51,-0.01,5,7255,卖盘
12,14:56:00,14.52,0.01,14,20328,中性盘
13,14:55:48,14.51,-0.02,560,812560,卖盘
14,14:55:45,14.53,--,3,4359,买盘
15,14:55:42,14.53,--,9,13077,买盘
16,14:55:33,14.53,-0.01,27,39231,卖盘
17,14:55:27,14.54,--,9,13086,买盘
18,14:55:24,14.54,0.02,10,14540,买盘
19,14:55:15,14.52,-0.02,23,33396,卖盘
20,14:55:12,14.54,0.01,12,17448,买盘
21,14:55:09,14.53,0.01,20,29060,中性盘
22,14:55:03,14.52,-0.01,18,26136,卖盘
23,14:55:00,14.53,-0.01,106,154018,卖盘
24,14:54:57,14.54,--,24,34896,买盘
25,14:54:54,14.54,--,17,24718,买盘
26,14:54:51,14.54,0.01,12,17448,买盘
27,14:54:39,14.53,-0.01,3,4359,卖盘
28,14:54:36,14.54,--,19,27626,买盘
29,14:54:33,14.54,--,8,11632,买盘
30,14:54:24,14.54,0.01,5,7270,买盘
31,14:54:21,14.53,-0.01,6,8718,卖盘
32,14:54:18,14.54,-0.01,43,63554,卖盘
33,14:54:15,14.55,--,9,14244,买盘
34,14:54:12,14.55,0.01,253,368115,买盘
35,14:54:03,14.54,--,1,1454,卖盘
36,14:54:00,14.54,--,3,4362,卖盘
37,14:53:51,14.54,--,10,14540,卖盘
38,14:53:48,14.54,--,50,72700,卖盘
39,14:53:45,14.54,--,9,13086,卖盘
40,14:53:42,14.54,--,50,72700,卖盘
41,14:53:33,14.54,--,3,4362,卖盘
42,14:53:30,14.54,-0.01,35,50890,卖盘
43,14:53:27,14.55,0.01,3,4365,买盘
44,14:53:21,14.54,--,44,63975,卖盘
45,14:53:15,14.54,-0.01,8,11632,卖盘
46,14:53:06,14.55,0.01,4,6212,买盘
47,14:52:57,14.54,--,25,36350,卖盘
48,14:52:54,14.54,-0.01,16,23598,卖盘
49,14:52:51,14.55,0.01,19,27645,买盘
50,14:52:48,14.54,--,9,13086,卖盘
51,14:52:45,14.54,--,8,11632,卖盘
52,14:52:36,14.54,-0.01,38,55252,卖盘
53,14:52:33,14.55,0.03,8,11640,买盘
54,14:52:27,14.52,-0.02,207,300897,卖盘
55,14:52:15,14.54,0.02,2,2908,买盘
56,14:52:06,14.52,-0.03,3,4356,卖盘
57,14:52:00,14.55,0.02,29,42195,买盘
58,14:51:57,14.53,-0.02,2,3240,中性盘
59,14:51:48,14.55,--,57,83240,卖盘
60,14:51:42,14.55,-0.01,12,17460,卖盘
61,14:51:39,14.56,--,1,1456,买盘
62,14:51:24,14.56,--,17,25086,买盘
63,14:51:18,14.56,--,201,292656,买盘
64,14:51:09,14.56,0.01,324,471744,买盘
65,14:51:06,14.55,--,20,29100,卖盘
66,14:51:03,14.55,--,32,47374,买盘
67,14:50:54,14.55,--,167,243625,卖盘
68,14:50:48,14.55,0.05,468,681754,买盘
69,14:50:45,14.5,-0.01,9,13398,卖盘
70,14:50:42,14.51,--,7,10157,买盘
71,14:50:39,14.51,--,22,31922,买盘
72,14:50:36,14.51,--,363,526713,买盘
73,14:50:33,14.51,--,28,40628,买盘
74,14:50:30,14.51,-0.01,545,791128,卖盘
75,14:50:27,14.52,0.01,3,4356,买盘
76,14:50:24,14.51,-0.01,2,3235,卖盘
77,14:50:21,14.52,0.01,6,8712,买盘
78,14:50:18,14.51,--,120,174120,卖盘
79,14:49:54,14.51,-0.01,33,47883,卖盘
80,14:49:48,14.52,0.01,32,46464,买盘
81,14:49:45,14.51,--,1,1451,卖盘
82,14:49:39,14.51,-0.01,8,11608,卖盘
83,14:49:36,14.52,--,12,17757,买盘
84,14:49:33,14.52,0.01,13,18876,买盘
85,14:49:30,14.51,-0.01,16,23216,卖盘
86,14:49:27,14.52,0.01,5,7260,买盘
87,14:49:24,14.51,--,698,1012798,卖盘
88,14:49:18,14.51,-0.01,2,3235,卖盘
89,14:49:15,14.52,--,6,8712,买盘
90,14:49:12,14.52,--,15,21780,买盘
91,14:49:09,14.52,-0.01,89,130447,卖盘
92,14:49:03,14.53,0.01,71,103163,买盘
93,14:48:57,14.52,-0.01,100,145200,卖盘
94,14:48:54,14.53,--,4,6146,买盘
95,14:48:51,14.53,--,13,18889,买盘
96,14:48:48,14.53,0.01,23,33419,买盘
97,14:48:45,14.52,--,6,8712,卖盘
98,14:48:36,14.52,--,6,8712,卖盘
99,14:48:33,14.52,--,39,56628,卖盘
100,14:48:30,14.52,--,13,18876,卖盘
101,14:48:27,14.52,--,28,40656,卖盘
102,14:48:21,14.52,-0.01,18,26136,卖盘
103,14:48:12,14.53,--,61,88633,买盘
104,14:48:09,14.53,--,54,79333,卖盘
105,14:48:06,14.53,--,2,3254,卖盘
106,14:48:03,14.53,-0.01,11,15983,卖盘
107,14:47:57,14.54,0.01,7,10178,买盘
108,14:47:48,14.53,--,2,2906,卖盘
109,14:47:45,14.53,--,2,3240,卖盘
110,14:47:39,14.53,-0.01,3,4359,卖盘
111,14:47:36,14.54,--,62,90148,买盘
112,14:47:33,14.54,0.01,27,39258,买盘
113,14:47:24,14.53,--,2,3240,卖盘
114,14:47:18,14.53,-0.01,10,14530,卖盘
115,14:47:09,14.54,--,1,1454,买盘
116,14:46:57,14.54,--,2,2908,买盘
117,14:46:54,14.54,0.01,5,7270,买盘
118,14:46:48,14.53,-0.01,3,4693,卖盘
119,14:46:45,14.54,--,1,1454,买盘
120,14:46:42,14.54,--,2,2908,买盘
121,14:46:33,14.54,0.01,26,37804,买盘
122,14:46:24,14.53,--,19,28289,买盘
123,14:46:21,14.53,--,1,1453,买盘
124,14:46:18,14.53,0.01,41,59573,买盘
125,14:46:15,14.52,-0.01,3,4356,卖盘
126,14:46:12,14.53,0.01,3,4693,买盘
127,14:46:09,14.52,--,98,142296,卖盘
128,14:45:48,14.52,--,26,37752,卖盘
129,14:45:45,14.52,-0.01,14,20661,卖盘
130,14:45:36,14.53,0.01,1,1453,买盘
131,14:45:24,14.52,--,2,3252,卖盘
132,14:45:21,14.52,-0.01,17,24684,卖盘
133,14:45:12,14.53,--,1,1453,买盘
134,14:45:00,14.53,0.01,19,27607,买盘
135,14:44:51,14.52,-0.01,10,14520,卖盘
136,14:44:48,14.53,--,62,90086,买盘
137,14:44:45,14.53,--,4,6146,买盘
138,14:44:39,14.53,0.01,2,2906,买盘
139,14:44:30,14.52,-0.01,1,1452,卖盘
140,14:44:24,14.53,0.01,1,1453,买盘
141,14:44:21,14.52,-0.01,2,2904,中性盘
142,14:44:15,14.53,0.01,10,14530,买盘
143,14:44:12,14.52,--,30,43560,买盘
144,14:44:09,14.52,--,178,259109,卖盘
145,14:44:06,14.52,--,2,3237,卖盘
146,14:44:03,14.52,-0.01,10,14520,卖盘
147,14:44:00,14.53,0.01,1,1453,买盘
148,14:43:57,14.52,--,10,14520,卖盘
149,14:43:54,14.52,--,5,7260,卖盘
150,14:43:51,14.52,--,23,33396,卖盘
151,14:43:48,14.52,-0.02,39,56628,卖盘
152,14:43:39,14.54,0.02,10,14874,买盘
153,14:43:36,14.52,-0.01,24,34848,卖盘
154,14:43:33,14.53,--,62,90086,买盘
155,14:43:30,14.53,0.01,21,30513,买盘
156,14:43:24,14.52,--,33,47916,卖盘
157,14:43:18,14.52,--,82,119397,卖盘
158,14:43:15,14.52,--,7,10164,卖盘
159,14:43:12,14.52,--,6,8712,卖盘
160,14:43:03,14.52,--,23,33396,卖盘
161,14:42:57,14.52,-0.02,23,33396,卖盘
162,14:42:51,14.54,0.02,2,2908,买盘
163,14:42:48,14.52,--,1,1452,卖盘
164,14:42:45,14.52,-0.01,123,178596,卖盘
165,14:42:42,14.53,0.01,33,48297,买盘
166,14:42:39,14.52,--,53,76956,卖盘
167,14:42:30,14.52,-0.01,289,420978,卖盘
168,14:42:27,14.53,--,10,14530,买盘
169,14:42:24,14.53,--,10,14530,买盘
170,14:42:18,14.53,0.01,34,49402,买盘
171,14:42:15,14.52,-0.01,57,83097,卖盘
172,14:42:12,14.53,--,4,5812,买盘
173,14:42:06,14.53,-0.01,256,372069,卖盘
174,14:42:03,14.54,--,51,74154,买盘
175,14:42:00,14.54,0.01,2,2908,买盘
176,14:41:48,14.53,-0.01,9,13077,卖盘
177,14:41:42,14.54,0.01,1,1454,买盘
178,14:41:39,14.53,-0.02,2,3240,卖盘
179,14:41:36,14.55,0.01,12,17460,买盘
180,14:41:27,14.54,0.01,1,1454,买盘
181,14:41:21,14.53,-0.01,2,3240,卖盘
182,14:41:18,14.54,-0.01,1,1454,中性盘
183,14:41:15,14.55,0.01,20,29100,买盘
184,14:41:03,14.54,--,18,26172,买盘
185,14:41:00,14.54,--,15,21810,买盘
186,14:40:54,14.54,--,3,4362,买盘
187,14:40:51,14.54,--,8,11632,买盘
188,14:40:45,14.54,--,60,88359,卖盘
189,14:40:42,14.54,-0.01,23,33442,卖盘
190,14:40:39,14.55,--,20,29100,买盘
191,14:40:30,14.55,0.01,1,1455,买盘
192,14:40:21,14.54,--,3,4696,卖盘
193,14:40:15,14.54,-0.01,14,20356,卖盘
194,14:40:06,14.55,0.01,3,4365,买盘
195,14:39:57,14.54,--,10,14540,卖盘
196,14:39:54,14.54,0.01,2,2908,中性盘
197,14:39:51,14.53,-0.01,17,25049,卖盘
198,14:39:48,14.54,--,35,50890,买盘
199,14:39:45,14.54,0.01,1,1454,买盘
200,14:39:33,14.53,--,1,1787,买盘
201,14:39:30,14.53,--,6,8718,买盘
202,14:39:27,14.53,--,12,17436,买盘
203,14:39:24,14.53,--,5,7265,买盘
204,14:39:21,14.53,--,3,4693,买盘
205,14:39:18,14.53,--,1,1453,买盘
206,14:39:12,14.53,--,16,23248,买盘
207,14:39:09,14.53,0.01,8,11624,买盘
208,14:39:03,14.52,-0.01,3,4356,卖盘
209,14:39:00,14.53,--,3,4359,买盘
210,14:38:57,14.53,0.01,1,1453,买盘
211,14:38:48,14.52,-0.01,3,4356,卖盘
212,14:38:42,14.53,--,3,4693,买盘
213,14:38:39,14.53,0.02,3,4359,买盘
214,14:38:36,14.51,-0.02,140,203140,卖盘
215,14:38:33,14.53,-0.01,30,44708,卖盘
216,14:38:30,14.54,0.01,14,20690,买盘
217,14:38:24,14.53,0.01,3,4359,卖盘
218,14:38:21,14.52,-0.01,9,13401,卖盘
219,14:38:18,14.53,--,14,20342,买盘
220,14:38:09,14.53,--,69,100257,买盘
221,14:38:06,14.53,-0.01,50,72650,卖盘
222,14:38:00,14.54,0.01,1,1454,买盘
223,14:37:48,14.53,--,1,1453,卖盘
224,14:37:45,14.53,0.02,42,61026,中性盘
225,14:37:42,14.51,--,3,4353,卖盘
226,14:37:39,14.51,-0.03,1928,2797861,卖盘
227,14:37:36,14.54,0.01,10,14540,买盘
228,14:37:33,14.53,-0.01,25,36325,卖盘
229,14:37:30,14.54,--,3,4362,买盘
230,14:37:27,14.54,--,5,7270,买盘
231,14:37:24,14.54,0.01,1,1454,买盘
232,14:37:21,14.53,-0.01,2,3254,卖盘
233,14:37:12,14.54,--,20,29080,买盘
234,14:37:06,14.54,-0.01,39,57825,卖盘
235,14:37:00,14.55,--,1,1455,买盘
236,14:36:57,14.55,--,54,79690,卖盘
237,14:36:48,14.55,-0.02,4,5820,卖盘
238,14:36:45,14.57,0.02,3,4371,买盘
239,14:36:42,14.55,--,3,4365,卖盘
240,14:36:39,14.55,-0.02,2,3244,卖盘
241,14:36:36,14.57,--,1,1457,买盘
242,14:36:30,14.57,0.01,46,67022,买盘
243,14:36:24,14.56,-0.01,89,130370,卖盘
244,14:36:21,14.57,--,1,1457,买盘
245,14:36:15,14.57,--,9,13113,买盘
246,14:36:12,14.57,0.01,9,13113,买盘
247,14:36:09,14.56,-0.02,7,10526,卖盘
248,14:36:06,14.58,--,1,1458,买盘
249,14:35:48,14.58,0.02,2,2916,买盘
250,14:35:45,14.56,--,2,3246,卖盘
251,14:35:36,14.56,--,1,1456,卖盘
252,14:35:33,14.56,--,39,56784,买盘
253,14:35:30,14.56,--,1,1456,买盘
254,14:35:21,14.56,-0.02,1,1456,卖盘
255,14:35:15,14.58,--,10,14580,买盘
256,14:35:12,14.58,--,23,33534,买盘
257,14:35:06,14.58,0.01,69,100602,买盘
258,14:35:03,14.57,0.01,48,70271,买盘
259,14:35:00,14.56,0.01,26,37856,买盘
260,14:34:51,14.55,0.01,23,33465,买盘
261,14:34:48,14.54,--,3,4696,卖盘
262,14:34:45,14.54,-0.01,16,23264,卖盘
263,14:34:42,14.55,--,1,1455,买盘
264,14:34:39,14.55,--,1,1455,买盘
265,14:34:24,14.55,--,13,18915,买盘
266,14:34:21,14.55,--,46,66930,买盘
267,14:34:18,14.55,0.02,1,1455,买盘
268,14:34:15,14.53,-0.02,10,14530,卖盘
269,14:34:12,14.55,--,48,70189,买盘
270,14:34:06,14.55,--,23,33465,买盘
271,14:34:03,14.55,0.02,64,93120,买盘
272,14:34:00,14.53,--,12,17436,买盘
273,14:33:54,14.53,0.01,6,9052,买盘
274,14:33:51,14.52,-0.01,13,18876,卖盘
275,14:33:48,14.53,0.01,16,23248,买盘
276,14:33:45,14.52,-0.01,3,4356,卖盘
277,14:33:39,14.53,--,5,7265,买盘
278,14:33:30,14.53,0.01,1,1453,买盘
279,14:33:24,14.52,-0.01,23,33396,卖盘
280,14:33:21,14.53,--,7,10505,买盘
281,14:33:15,14.53,--,23,33419,买盘
282,14:33:12,14.53,--,180,261540,买盘
283,14:33:06,14.53,0.01,1,1453,买盘
284,14:33:03,14.52,--,7,10164,卖盘
285,14:32:54,14.52,--,13,18876,卖盘
286,14:32:51,14.52,--,2,3237,卖盘
287,14:32:48,14.52,-0.01,2,2904,卖盘
288,14:32:45,14.53,0.01,3,4359,买盘
289,14:32:42,14.52,-0.01,64,92928,卖盘
290,14:32:36,14.53,--,7,10171,买盘
291,14:32:21,14.53,--,1,1453,买盘
292,14:32:18,14.53,0.01,70,101710,买盘
293,14:32:15,14.52,--,8,11616,卖盘
294,14:32:12,14.52,-0.01,7,10497,卖盘
295,14:32:06,14.53,0.01,5,7265,买盘
296,14:32:03,14.52,--,20,29040,卖盘
297,14:32:00,14.52,-0.01,16,23232,卖盘
298,14:31:57,14.53,--,11,15983,买盘
299,14:31:54,14.53,--,111,162053,卖盘
300,14:31:48,14.53,-0.01,1,1453,卖盘
301,14:31:45,14.54,0.01,2,2908,买盘
302,14:31:42,14.53,-0.01,8,11972,卖盘
303,14:31:33,14.54,0.01,1,1454,买盘
304,14:31:30,14.53,-0.01,44,63932,卖盘
305,14:31:27,14.54,--,2,2908,买盘
306,14:31:12,14.54,0.01,1,1454,中性盘
307,14:31:03,14.53,0.01,2,3240,中性盘
308,14:31:00,14.52,-0.03,70,101640,卖盘
309,14:30:54,14.55,0.01,58,84390,买盘
310,14:30:48,14.54,0.01,7,10512,买盘
311,14:30:45,14.53,--,20,29060,卖盘
312,14:30:33,14.53,-0.02,6,8718,卖盘
313,14:30:30,14.55,-0.01,73,107175,卖盘
314,14:30:24,14.56,0.01,1,1456,买盘
315,14:30:21,14.55,--,20,29100,卖盘
316,14:30:15,14.55,-0.01,2,3244,卖盘
317,14:30:00,14.56,--,1,1456,买盘
318,14:29:54,14.56,0.01,1,1456,买盘
319,14:29:48,14.55,--,9,14477,卖盘
320,14:29:42,14.55,-0.01,2,3244,卖盘
321,14:29:36,14.56,--,1,1456,买盘
322,14:29:12,14.56,0.01,1,1456,买盘
323,14:29:09,14.55,-0.02,2,3259,卖盘
324,14:28:51,14.57,0.02,1,1457,买盘
325,14:28:48,14.55,-0.01,4,6154,卖盘
326,14:28:45,14.56,--,1,1456,卖盘
327,14:28:42,14.56,--,7,10192,卖盘
328,14:28:39,14.56,--,5,7280,卖盘
329,14:28:33,14.56,--,32,46926,买盘
330,14:28:27,14.56,--,36,53537,卖盘
331,14:28:18,14.56,--,21,30576,卖盘
332,14:28:15,14.56,--,4,5824,卖盘
333,14:28:12,14.56,0.01,2,3246,中性盘
334,14:28:09,14.55,--,10,14550,卖盘
335,14:28:06,14.55,--,5,7275,卖盘
336,14:28:03,14.55,-0.01,22,32010,卖盘
337,14:28:00,14.56,0.01,8,11648,买盘
338,14:27:51,14.55,--,10,14550,卖盘
339,14:27:48,14.55,-0.02,1,1455,卖盘
340,14:27:45,14.57,--,24,34968,买盘
341,14:27:39,14.57,--,3,4706,买盘
342,14:27:36,14.57,--,20,29140,买盘
343,14:27:30,14.57,0.02,26,37882,买盘
344,14:27:24,14.55,--,16,23280,买盘
345,14:27:21,14.55,--,4,5820,买盘
346,14:27:15,14.55,0.03,10,14550,中性盘
347,14:27:12,14.52,--,2,3237,卖盘
348,14:27:09,14.52,--,50,72600,卖盘
349,14:27:06,14.52,--,3,4356,卖盘
350,14:26:57,14.52,--,15,21780,卖盘
351,14:26:51,14.52,--,163,236908,买盘
352,14:26:48,14.52,--,14,20328,买盘
353,14:26:42,14.52,--,23,33396,买盘
354,14:26:39,14.52,--,23,33396,买盘
355,14:26:36,14.52,0.01,22,31944,买盘
356,14:26:33,14.51,-0.01,13,19196,卖盘
357,14:26:30,14.52,-0.03,1580,2294523,卖盘
358,14:26:18,14.55,-0.02,5,7275,卖盘
359,14:26:15,14.57,0.02,17,25176,买盘
360,14:26:09,14.55,--,1,1455,买盘
361,14:26:06,14.55,0.01,10,14550,买盘
362,14:26:03,14.54,--,2,3256,卖盘
363,14:26:00,14.54,--,4,5816,卖盘
364,14:25:54,14.54,--,10,14540,卖盘
365,14:25:48,14.54,--,13,18902,买盘
366,14:25:45,14.54,--,87,126497,买盘
367,14:25:42,14.54,--,8,12678,卖盘
368,14:25:39,14.54,--,2,3242,卖盘
369,14:25:36,14.54,--,93,135294,买盘
370,14:25:33,14.54,--,10,14540,买盘
371,14:25:30,14.54,--,13,18902,买盘
372,14:25:27,14.54,--,12,17448,买盘
373,14:25:24,14.54,--,10,14540,买盘
374,14:25:18,14.54,0.01,12,17448,买盘
375,14:25:15,14.53,--,14,20342,卖盘
376,14:25:12,14.53,-0.01,2,3240,卖盘
377,14:25:03,14.54,0.01,17,24718,买盘
378,14:25:00,14.53,-0.01,51,74103,卖盘
379,14:24:57,14.54,--,171,249142,卖盘
380,14:24:54,14.54,--,96,139584,卖盘
381,14:24:51,14.54,--,5,7270,卖盘
382,14:24:48,14.54,--,11,15993,卖盘
383,14:24:45,14.54,--,23,33442,卖盘
384,14:24:39,14.54,-0.01,23,33442,卖盘
385,14:24:36,14.55,0.01,15,21825,买盘
386,14:24:33,14.54,--,13,18902,卖盘
387,14:24:30,14.54,--,3,4696,卖盘
388,14:24:24,14.54,--,31,45074,卖盘
389,14:24:18,14.54,--,23,33442,卖盘
390,14:24:15,14.54,--,5,7270,卖盘
391,14:24:09,14.54,--,8,11632,卖盘
392,14:24:00,14.54,--,49,71624,卖盘
393,14:23:57,14.54,-0.01,120,174480,卖盘
394,14:23:51,14.55,--,100,145500,买盘
395,14:23:48,14.55,--,32,46560,买盘
396,14:23:42,14.55,0.01,1,1455,买盘
397,14:23:39,14.54,--,57,82878,卖盘
398,14:23:36,14.54,-0.01,2,3256,卖盘
399,14:23:33,14.55,--,10,14550,买盘
400,14:23:30,14.55,--,6,8730,买盘
401,14:23:27,14.55,--,47,68385,买盘
402,14:23:24,14.55,--,1,1455,买盘
403,14:23:21,14.55,--,25,36375,买盘
404,14:23:18,14.55,--,40,58200,买盘
405,14:23:15,14.55,-0.02,204,297009,卖盘
406,14:23:12,14.57,--,50,72850,买盘
407,14:23:03,14.57,0.02,12,17484,买盘
408,14:23:00,14.55,-0.02,2,3244,卖盘
409,14:22:57,14.57,0.02,1,1457,买盘
410,14:22:54,14.55,--,37,54766,买盘
411,14:22:51,14.55,--,35,50925,买盘
412,14:22:48,14.55,--,210,305550,买盘
413,14:22:45,14.55,--,5,7275,买盘
414,14:22:42,14.55,--,109,158595,买盘
415,14:22:39,14.55,0.01,225,327375,买盘
416,14:22:36,14.54,--,398,578692,卖盘
417,14:22:33,14.54,-0.01,30,43954,卖盘
418,14:22:30,14.55,--,276,401580,买盘
419,14:22:27,14.55,--,88,128040,买盘
420,14:22:24,14.55,0.01,14,20370,买盘
421,14:22:21,14.54,-0.01,49,71246,卖盘
422,14:22:18,14.55,--,522,759510,买盘
423,14:22:15,14.55,--,13,18915,买盘
424,14:22:12,14.55,--,10,14550,买盘
425,14:22:09,14.55,--,32,46560,买盘
426,14:22:06,14.55,--,9,13095,买盘
427,14:22:03,14.55,--,79,115279,买盘
428,14:21:57,14.55,--,100,145500,买盘
429,14:21:51,14.55,--,46,66930,买盘
430,14:21:48,14.55,--,4,5820,买盘
431,14:21:45,14.55,--,9,13095,买盘
432,14:21:39,14.55,--,204,296820,买盘
433,14:21:33,14.55,0.01,10,14550,买盘
434,14:21:30,14.54,-0.01,2,3242,卖盘
435,14:21:27,14.55,--,1,1455,买盘
436,14:21:24,14.55,--,15,21825,买盘
437,14:21:21,14.55,0.01,10,14550,买盘
438,14:21:18,14.54,-0.01,1,1454,卖盘
439,14:21:15,14.55,--,18,26190,买盘
440,14:21:12,14.55,--,20,29100,买盘
441,14:21:09,14.55,--,3,4365,买盘
442,14:21:06,14.55,0.01,57,82935,买盘
443,14:21:03,14.54,-0.01,15,22144,卖盘
444,14:21:00,14.55,--,55,80025,买盘
445,14:20:57,14.55,-0.02,293,426838,卖盘
446,14:20:54,14.57,0.01,1,1457,买盘
447,14:20:51,14.56,-0.01,10,14560,卖盘
448,14:20:48,14.57,0.01,123,179211,买盘
449,14:20:39,14.56,--,2,2912,卖盘
450,14:20:33,14.56,-0.01,2,3261,卖盘
451,14:20:27,14.57,0.01,24,34968,买盘
452,14:20:21,14.56,-0.01,10,14560,卖盘
453,14:20:18,14.57,--,50,72850,买盘
454,14:20:12,14.57,0.01,17,24769,中性盘
455,14:20:09,14.56,-0.02,325,473593,卖盘
456,14:20:03,14.58,0.02,1,1458,买盘
457,14:20:00,14.56,-0.01,2,3246,卖盘
458,14:19:57,14.57,-0.01,204,297228,卖盘
459,14:19:48,14.58,--,12,17496,买盘
460,14:19:42,14.58,--,5,7290,买盘
461,14:19:30,14.58,--,12,17831,买盘
462,14:19:24,14.58,--,113,164754,买盘
463,14:19:21,14.58,--,448,654525,卖盘
464,14:19:15,14.58,--,1,1458,卖盘
465,14:19:00,14.58,-0.01,1,1458,卖盘
466,14:18:51,14.59,0.01,15,21885,买盘
467,14:18:48,14.58,-0.01,1,1458,卖盘
468,14:18:45,14.59,-0.01,83,121097,卖盘
469,14:18:42,14.6,--,202,294920,买盘
470,14:18:36,14.6,--,15,21900,买盘
471,14:18:33,14.6,--,25,36500,买盘
472,14:18:30,14.6,--,2,2920,买盘
473,14:18:27,14.6,--,23,33580,买盘
474,14:18:24,14.6,--,12,17520,买盘
475,14:18:15,14.6,--,2,2920,买盘
476,14:18:12,14.6,-0.01,184,269778,卖盘
477,14:18:03,14.61,--,2,3243,卖盘
478,14:17:51,14.61,--,7,10227,卖盘
479,14:17:48,14.61,-0.01,12,17532,卖盘
480,14:17:39,14.62,--,5,8464,卖盘
481,14:17:30,14.62,--,2,3231,卖盘
482,14:17:27,14.62,-0.01,50,73100,卖盘
483,14:17:24,14.63,--,23,33649,买盘
484,14:17:21,14.63,0.01,3,4389,买盘
485,14:17:15,14.62,--,2,2924,卖盘
486,14:17:03,14.62,-0.01,189,276318,卖盘
487,14:16:48,14.63,--,1,1463,卖盘
488,14:16:45,14.63,-0.01,1,1463,卖盘
489,14:16:39,14.64,--,34,49776,买盘
490,14:16:33,14.64,--,25,36922,买盘
491,14:16:21,14.64,0.01,24,35136,买盘
492,14:16:18,14.63,--,3,4389,卖盘
493,14:16:09,14.63,-0.01,56,81928,卖盘
494,14:16:03,14.64,0.01,48,70579,买盘
495,14:16:00,14.63,--,2,2926,卖盘
496,14:15:57,14.63,--,5,7315,卖盘
497,14:15:48,14.63,-0.01,1,1463,卖盘
498,14:15:45,14.64,--,5,7320,买盘
499,14:15:39,14.64,0.01,15,21960,买盘
500,14:15:33,14.63,-0.01,3,4696,卖盘
501,14:15:27,14.64,--,101,149254,卖盘
502,14:15:15,14.64,--,18,26352,卖盘
503,14:15:12,14.64,--,14,20496,卖盘
504,14:15:09,14.64,--,1,1464,卖盘
505,14:15:06,14.64,--,2,3250,卖盘
506,14:15:03,14.64,0.01,1,2679,买盘
507,14:15:00,14.63,-0.01,4,7022,卖盘
508,14:14:51,14.64,0.01,2,2928,买盘
509,14:14:48,14.63,-0.01,1,1463,卖盘
510,14:14:42,14.64,--,68,99800,卖盘
511,14:14:33,14.64,-0.02,3,4699,卖盘
512,14:14:27,14.66,0.02,4,5864,买盘
513,14:14:18,14.64,-0.01,223,326472,卖盘
514,14:14:06,14.65,--,23,33695,卖盘
515,14:14:00,14.65,--,1,1465,卖盘
516,14:13:48,14.65,-0.01,2,2930,卖盘
517,14:13:36,14.66,0.01,14,20831,买盘
518,14:13:33,14.65,--,1,1758,卖盘
519,14:13:27,14.65,--,1,1465,卖盘
520,14:13:15,14.65,-0.01,23,33695,卖盘
521,14:12:57,14.66,0.01,15,21990,买盘
522,14:12:48,14.65,--,1,1465,卖盘
523,14:12:39,14.65,-0.01,5,7325,卖盘
524,14:12:30,14.66,0.01,12,17592,买盘
525,14:12:27,14.65,--,23,33695,卖盘
526,14:12:21,14.65,--,1,1465,卖盘
527,14:12:06,14.65,-0.01,6,9097,卖盘
528,14:12:00,14.66,0.01,23,33718,买盘
529,14:11:48,14.65,-0.01,1,1465,卖盘
530,14:11:30,14.66,0.02,51,74766,买盘
531,14:11:24,14.64,-0.02,15,21960,卖盘
532,14:11:15,14.66,--,18,26388,买盘
533,14:11:09,14.66,0.02,14,20524,中性盘
534,14:10:57,14.64,--,11,16104,卖盘
535,14:10:54,14.64,-0.03,31,45384,卖盘
536,14:10:51,14.67,0.01,48,70416,买盘
537,14:10:48,14.66,--,18,26388,卖盘
538,14:10:45,14.66,-0.01,31,45446,卖盘
539,14:10:42,14.67,--,5,7335,买盘
540,14:10:33,14.67,--,127,186309,买盘
541,14:10:30,14.67,0.01,23,33741,买盘
542,14:10:24,14.66,-0.01,43,63038,卖盘
543,14:10:18,14.67,--,1,1467,买盘
544,14:10:15,14.67,0.01,102,149634,买盘
545,14:10:09,14.66,--,1,1466,卖盘
546,14:09:57,14.66,--,30,43980,卖盘
547,14:09:48,14.66,--,2,2932,卖盘
548,14:09:24,14.66,--,48,70368,买盘
549,14:09:21,14.66,--,20,29320,买盘
550,14:09:12,14.66,0.01,14,20524,买盘
551,14:08:57,14.65,-0.01,6,8790,卖盘
552,14:08:54,14.66,0.01,51,74766,买盘
553,14:08:48,14.65,-0.01,1,1465,卖盘
554,14:08:36,14.66,--,3,4398,买盘
555,14:08:33,14.66,--,1,1466,卖盘
556,14:08:27,14.66,--,2,2932,卖盘
557,14:08:21,14.66,0.01,7,10262,中性盘
558,14:07:48,14.65,-0.02,43,62995,卖盘
559,14:07:42,14.67,--,18,26406,卖盘
560,14:07:36,14.67,0.01,5,7335,中性盘
561,14:07:27,14.66,-0.02,16,23456,中性盘
562,14:07:24,14.68,0.02,80,117440,买盘
563,14:07:21,14.66,--,10,14660,卖盘
564,14:07:18,14.66,-0.02,36,52776,卖盘
565,14:07:12,14.68,0.01,83,121844,买盘
566,14:07:09,14.67,0.01,1,1467,买盘
567,14:07:06,14.66,--,30,43980,卖盘
568,14:07:03,14.66,0.03,4,5864,买盘
569,14:06:57,14.63,-0.05,40,58520,卖盘
570,14:06:54,14.68,0.01,102,149736,买盘
571,14:06:51,14.67,--,5,7335,卖盘
572,14:06:48,14.67,0.01,51,74817,买盘
573,14:06:45,14.66,0.02,23,33718,卖盘
574,14:06:42,14.64,--,12,17568,买盘
575,14:06:39,14.64,-0.02,11,16104,卖盘
576,14:06:36,14.66,-0.02,5,7330,中性盘
577,14:06:33,14.68,0.06,81,118908,买盘
578,14:06:30,14.62,-0.01,19,27778,卖盘
579,14:06:27,14.63,-0.03,23,33649,卖盘
580,14:06:24,14.66,0.03,78,114348,中性盘
581,14:06:18,14.63,-0.01,115,168245,卖盘
582,14:06:15,14.64,-0.04,23,33672,卖盘
583,14:06:12,14.68,0.04,134,196712,买盘
584,14:06:09,14.64,-0.02,44,64416,卖盘
585,14:06:06,14.66,-0.01,46,67436,卖盘
586,14:06:03,14.67,0.01,84,123228,买盘
587,14:06:00,14.66,--,23,33718,卖盘
588,14:05:57,14.66,--,5,7330,卖盘
589,14:05:54,14.66,--,20,29320,卖盘
590,14:05:51,14.66,--,50,73300,卖盘
591,14:05:48,14.66,-0.01,1,1466,卖盘
592,14:05:45,14.67,--,39,57213,卖盘
593,14:05:42,14.67,--,9,13203,卖盘
594,14:05:36,14.67,-0.01,40,58680,卖盘
595,14:05:30,14.68,--,54,79272,买盘
596,14:05:21,14.68,--,2,2936,买盘
597,14:05:12,14.68,--,2,2936,买盘
598,14:05:06,14.68,--,10,14680,买盘
599,14:05:00,14.68,--,2,2936,买盘
600,14:04:57,14.68,0.02,61,89548,中性盘
601,14:04:51,14.66,--,36,52776,卖盘
602,14:04:48,14.66,--,14,20524,卖盘
603,14:04:45,14.66,-0.02,53,77698,卖盘
604,14:04:42,14.68,--,39,57252,买盘
605,14:04:36,14.68,-0.01,30,44040,中性盘
606,14:04:33,14.69,0.02,94,138086,买盘
607,14:04:30,14.67,--,38,55746,买盘
608,14:04:21,14.67,--,166,243522,买盘
609,14:04:18,14.67,0.05,23,33741,买盘
610,14:04:12,14.62,--,6,8772,卖盘
611,14:04:09,14.62,-0.01,13,19006,卖盘
612,14:04:06,14.63,-0.02,5,7315,买盘
613,14:04:03,14.65,-0.02,12,17580,卖盘
614,14:04:00,14.67,--,3,4401,买盘
615,14:03:54,14.67,-0.01,16,23472,卖盘
616,14:03:51,14.68,--,2,2936,买盘
617,14:03:48,14.68,0.01,2,2936,买盘
618,14:03:45,14.67,-0.01,15,22005,卖盘
619,14:03:42,14.68,--,5,7340,买盘
620,14:03:39,14.68,0.01,2,2936,买盘
621,14:03:36,14.67,-0.01,30,44010,卖盘
622,14:03:33,14.68,--,51,74868,买盘
623,14:03:30,14.68,0.01,2,2936,买盘
624,14:03:27,14.67,-0.01,23,33741,卖盘
625,14:03:21,14.68,0.01,3,4404,买盘
626,14:03:18,14.67,-0.02,23,33741,卖盘
627,14:03:15,14.69,0.02,12,17628,买盘
628,14:03:12,14.67,--,25,36675,卖盘
629,14:03:09,14.67,-0.02,70,102690,卖盘
630,14:03:00,14.69,0.01,60,88140,买盘
631,14:02:54,14.68,-0.01,10,14680,卖盘
632,14:02:51,14.69,0.01,102,149838,买盘
633,14:02:48,14.68,-0.01,2,2936,中性盘
634,14:02:39,14.69,0.01,30,44070,买盘
635,14:02:36,14.68,-0.01,95,139460,卖盘
636,14:02:30,14.69,0.01,3,4407,买盘
637,14:02:24,14.68,--,50,73400,卖盘
638,14:02:21,14.68,--,4,5872,卖盘
639,14:02:15,14.68,-0.01,12,17616,中性盘
640,14:02:12,14.69,--,312,458328,买盘
641,14:02:09,14.69,--,41,60229,买盘
642,14:02:03,14.69,--,5,7345,买盘
643,14:02:00,14.69,--,4,5876,买盘
644,14:01:57,14.69,--,78,114582,买盘
645,14:01:54,14.69,0.01,15,22035,买盘
646,14:01:51,14.68,-0.01,18,27598,卖盘
647,14:01:48,14.69,--,24,35256,买盘
648,14:01:39,14.69,0.01,105,154245,买盘
649,14:01:36,14.68,--,6,9101,买盘
650,14:01:33,14.68,-0.01,75,111274,卖盘
651,14:01:30,14.69,--,38,55822,买盘
652,14:01:27,14.69,--,38,55822,买盘
653,14:01:21,14.69,0.01,2,2938,买盘
654,14:01:18,14.68,-0.01,14,20552,卖盘
655,14:01:12,14.69,--,67,98423,买盘
656,14:01:06,14.69,0.01,96,141317,买盘
657,14:01:03,14.68,0.01,78,114504,买盘
658,14:01:00,14.67,0.02,2,2934,中性盘
659,14:00:57,14.65,-0.03,122,178730,卖盘
660,14:00:54,14.68,--,12,17616,买盘
661,14:00:51,14.68,--,4,5872,买盘
662,14:00:48,14.68,0.01,35,51380,买盘
663,14:00:45,14.67,-0.01,1,1467,卖盘
664,14:00:39,14.68,0.03,50,73400,买盘
665,14:00:36,14.65,-0.03,50,73250,卖盘
666,14:00:33,14.68,--,71,104228,买盘
667,14:00:30,14.68,0.01,103,151204,买盘
668,14:00:27,14.67,-0.01,124,181908,中性盘
669,14:00:24,14.68,0.01,96,140928,买盘
670,14:00:21,14.67,0.02,46,67482,买盘
671,14:00:18,14.65,-0.01,191,279815,卖盘
672,14:00:15,14.66,0.01,404,593554,买盘
673,14:00:12,14.65,0.01,161,235865,买盘
674,14:00:09,14.64,--,49,71736,买盘
675,14:00:06,14.64,--,23,33672,买盘
676,14:00:03,14.64,--,3,4392,买盘
677,14:00:00,14.64,0.01,2,2928,买盘
678,13:59:57,14.63,0.01,25,36575,买盘
679,13:59:54,14.62,-0.01,20,29240,卖盘
680,13:59:51,14.63,--,2,2926,买盘
681,13:59:48,14.63,--,2,2926,买盘
682,13:59:39,14.63,--,2,2926,买盘
683,13:59:30,14.63,0.03,2,2926,买盘
684,13:59:24,14.6,-0.02,5,7300,卖盘
685,13:59:21,14.62,0.02,26,38012,卖盘
686,13:59:09,14.6,-0.03,6,9738,卖盘
687,13:59:06,14.63,0.01,51,74613,买盘
688,13:59:00,14.62,--,2,2924,买盘
689,13:58:51,14.62,0.02,8,11696,买盘
690,13:58:48,14.6,--,2,2920,卖盘
691,13:58:42,14.6,-0.02,2,2920,卖盘
692,13:58:39,14.62,--,3,4386,买盘
693,13:58:33,14.62,0.01,2,2924,中性盘
694,13:58:21,14.61,-0.02,2,2922,中性盘
695,13:58:12,14.63,0.03,34,49742,买盘
696,13:58:09,14.6,-0.02,2,2920,中性盘
697,13:58:03,14.62,0.02,25,36550,买盘
698,13:58:00,14.6,--,5,7300,买盘
699,13:57:57,14.6,--,23,33580,买盘
700,13:57:51,14.6,0.01,2,2920,买盘
701,13:57:48,14.59,-0.03,1,1459,卖盘
702,13:57:45,14.62,0.02,23,33626,买盘
703,13:57:42,14.6,--,8,11680,买盘
704,13:57:39,14.6,--,14,20440,买盘
705,13:57:30,14.6,0.01,34,49640,买盘
706,13:57:27,14.59,--,17,24803,卖盘
707,13:57:24,14.59,-0.01,8,11672,卖盘
708,13:57:21,14.6,0.01,3,4380,买盘
709,13:57:18,14.59,--,3,4377,卖盘
710,13:57:15,14.59,--,14,20426,买盘
711,13:57:12,14.59,-0.01,24,35016,卖盘
712,13:57:09,14.6,0.01,4,5840,中性盘
713,13:57:06,14.59,-0.01,16,23344,卖盘
714,13:57:00,14.6,--,5,7300,卖盘
715,13:56:57,14.6,--,7,10220,买盘
716,13:56:51,14.6,--,5,7300,卖盘
717,13:56:48,14.6,--,13,18980,卖盘
718,13:56:39,14.6,0.01,29,42340,买盘
719,13:56:36,14.59,-0.01,46,67114,卖盘
720,13:56:30,14.6,0.01,4,5840,买盘
721,13:56:27,14.59,-0.01,23,33557,卖盘
722,13:56:21,14.6,0.02,18,26309,买盘
723,13:56:18,14.58,--,23,33534,卖盘
724,13:56:12,14.58,-0.02,12,17787,卖盘
725,13:56:09,14.6,--,4,5840,买盘
726,13:56:00,14.6,--,45,65700,买盘
727,13:55:57,14.6,0.01,1,1460,买盘
728,13:55:54,14.59,-0.01,42,61278,卖盘
729,13:55:51,14.6,0.01,27,39420,买盘
730,13:55:48,14.59,-0.01,4,5836,中性盘
731,13:55:39,14.6,0.02,2,2920,中性盘
732,13:55:30,14.58,-0.02,23,33534,卖盘
733,13:55:27,14.6,-0.02,2,2920,中性盘
734,13:55:24,14.62,0.02,49,71638,买盘
735,13:55:21,14.6,0.02,3,4380,买盘
736,13:55:15,14.58,--,30,43740,卖盘
737,13:55:12,14.58,-0.02,46,67068,卖盘
738,13:55:09,14.6,0.01,25,36500,买盘
739,13:55:06,14.59,--,25,36475,卖盘
740,13:55:03,14.59,-0.01,50,72950,卖盘
741,13:55:00,14.6,0.01,2,2920,买盘
742,13:54:57,14.59,--,1,1459,卖盘
743,13:54:54,14.59,--,50,73431,买盘
744,13:54:51,14.59,0.01,78,115027,买盘
745,13:54:48,14.58,-0.01,1,1458,卖盘
746,13:54:45,14.59,-0.01,34,49606,卖盘
747,13:54:42,14.6,--,24,35040,买盘
748,13:54:39,14.6,--,25,36500,买盘
749,13:54:36,14.6,0.01,24,35040,买盘
750,13:54:33,14.59,--,3,4377,卖盘
751,13:54:30,14.59,--,16,23344,卖盘
752,13:54:27,14.59,-0.01,32,46688,卖盘
753,13:54:24,14.6,-0.02,3,4380,卖盘
754,13:54:21,14.62,0.02,3,4386,买盘
755,13:54:18,14.6,-0.01,10,14600,卖盘
756,13:54:09,14.61,--,2,2922,买盘
757,13:54:00,14.61,-0.01,7,10227,中性盘
758,13:53:51,14.62,--,24,35088,买盘
759,13:53:48,14.62,0.03,33,49254,买盘
760,13:53:45,14.59,-0.01,43,62737,卖盘
761,13:53:42,14.6,--,11,16060,买盘
762,13:53:39,14.6,-0.04,35,51100,卖盘
763,13:53:27,14.64,0.05,94,137616,买盘
764,13:53:24,14.59,-0.01,23,33557,卖盘
765,13:53:21,14.6,-0.02,3,4380,卖盘
766,13:53:18,14.62,-0.01,1,1462,中性盘
767,13:53:09,14.63,0.03,13,19019,买盘
768,13:53:06,14.6,--,23,33580,卖盘
769,13:53:03,14.6,-0.03,12,17520,卖盘
770,13:53:00,14.63,0.01,2,2926,买盘
771,13:52:54,14.62,-0.01,1,1462,卖盘
772,13:52:48,14.63,--,6,8778,买盘
773,13:52:39,14.63,--,2,2926,买盘
774,13:52:36,14.63,0.01,4,5852,买盘
775,13:52:30,14.62,-0.02,7,10234,卖盘
776,13:52:21,14.64,--,12,17568,买盘
777,13:52:18,14.64,--,50,73200,买盘
778,13:52:12,14.64,--,1,1464,买盘
779,13:52:09,14.64,-0.01,27,39528,卖盘
780,13:52:03,14.65,--,2,2930,买盘
781,13:52:00,14.65,0.01,2,2930,买盘
782,13:51:54,14.64,-0.01,1,1464,中性盘
783,13:51:48,14.65,0.01,12,17580,买盘
784,13:51:39,14.64,--,4,5856,买盘
785,13:51:33,14.64,--,1,1464,买盘
786,13:51:30,14.64,--,3,4392,买盘
787,13:51:24,14.64,--,1,1464,买盘
788,13:51:21,14.64,--,1,1464,买盘
789,13:51:18,14.64,0.01,4,5856,买盘
790,13:51:15,14.63,-0.01,3,4389,中性盘
791,13:51:06,14.64,--,46,67344,买盘
792,13:51:03,14.64,--,23,33672,买盘
793,13:51:00,14.64,--,69,101425,买盘
794,13:50:57,14.64,0.01,34,49776,买盘
795,13:50:54,14.63,--,23,33649,买盘
796,13:50:51,14.63,0.06,69,100947,买盘
797,13:50:48,14.57,-0.01,51,74875,卖盘
798,13:50:45,14.58,--,176,256608,买盘
799,13:50:39,14.58,--,2,2916,买盘
800,13:50:36,14.58,--,4,5832,买盘
801,13:50:30,14.58,--,12,17496,买盘
802,13:50:18,14.58,--,3,4374,买盘
803,13:50:09,14.58,--,7,10206,买盘
804,13:50:00,14.58,--,2,2916,买盘
805,13:49:54,14.58,0.01,39,56862,买盘
806,13:49:48,14.57,-0.01,1,1457,卖盘
807,13:49:39,14.58,-0.03,152,222505,卖盘
808,13:49:30,14.61,0.03,2,2922,买盘
809,13:49:15,14.58,-0.03,6,8748,卖盘
810,13:49:12,14.61,0.03,4,5844,买盘
811,13:49:09,14.58,--,15,23211,卖盘
812,13:49:00,14.58,-0.01,24,34992,卖盘
813,13:48:54,14.59,-0.02,2,2918,卖盘
814,13:48:51,14.61,--,7,10227,买盘
815,13:48:48,14.61,0.01,3,4383,买盘
816,13:48:42,14.6,-0.01,1,1460,卖盘
817,13:48:39,14.61,--,9,13149,买盘
818,13:48:33,14.61,-0.01,16,23376,卖盘
819,13:48:30,14.62,0.01,3,4386,买盘
820,13:48:18,14.61,--,50,73050,卖盘
821,13:48:15,14.61,--,1,1461,卖盘
822,13:48:09,14.61,--,12,17532,买盘
823,13:48:00,14.61,0.03,7,10227,买盘
824,13:47:30,14.58,-0.01,24,34992,卖盘
825,13:47:27,14.59,--,8,11672,买盘
826,13:47:18,14.59,--,2,2918,买盘
827,13:47:12,14.59,-0.03,16,23344,卖盘
828,13:47:09,14.62,-0.02,3,4386,中性盘
829,13:46:57,14.64,--,46,67344,买盘
830,13:46:54,14.64,--,46,67344,买盘
831,13:46:51,14.64,0.01,140,204960,买盘
832,13:46:48,14.63,0.03,47,68761,买盘
833,13:46:45,14.6,0.02,89,129940,买盘
834,13:46:42,14.58,-0.01,1,1458,卖盘
835,13:46:39,14.59,0.01,2,2918,买盘
836,13:46:36,14.58,--,196,286832,卖盘
837,13:46:30,14.58,--,13,18954,卖盘
838,13:46:21,14.58,-0.01,11,16329,卖盘
839,13:46:18,14.59,0.02,67,98540,买盘
840,13:46:15,14.57,-0.01,383,558861,卖盘
841,13:46:09,14.58,0.01,8,11664,买盘
842,13:46:06,14.57,-0.01,45,65565,卖盘
843,13:46:03,14.58,--,50,72900,买盘
844,13:46:00,14.58,--,2,2916,买盘
845,13:45:48,14.58,--,3,4374,买盘
846,13:45:39,14.58,--,4,5832,买盘
847,13:45:36,14.58,--,8,12684,卖盘
848,13:45:33,14.58,--,5,7290,卖盘
849,13:45:30,14.58,--,3,4374,卖盘
850,13:45:21,14.58,-0.01,15,21870,卖盘
851,13:45:18,14.59,0.01,7,10213,买盘
852,13:45:15,14.58,-0.01,21,31055,卖盘
853,13:45:09,14.59,--,2,2918,买盘
854,13:45:06,14.59,--,6,8754,买盘
855,13:44:57,14.59,--,27,39393,买盘
856,13:44:48,14.59,0.02,3,4377,买盘
857,13:44:42,14.57,-0.01,81,118017,卖盘
858,13:44:39,14.58,0.01,50,73526,买盘
859,13:44:36,14.57,--,10,14570,卖盘
860,13:44:30,14.57,-0.01,24,34968,卖盘
861,13:44:27,14.58,0.01,50,72900,买盘
862,13:44:21,14.57,-0.01,21,30597,卖盘
863,13:44:18,14.58,--,2,2916,买盘
864,13:44:15,14.58,--,5,7290,买盘
865,13:44:09,14.58,0.02,25,36450,买盘
866,13:44:00,14.56,--,43,62608,卖盘
867,13:43:57,14.56,-0.02,2,2912,卖盘
868,13:43:48,14.58,0.02,10,14580,买盘
869,13:43:45,14.56,--,13,18928,卖盘
870,13:43:42,14.56,-0.02,25,36400,卖盘
871,13:43:39,14.58,--,2,2916,买盘
872,13:43:36,14.58,--,10,14580,买盘
873,13:43:33,14.58,--,122,177876,买盘
874,13:43:30,14.58,0.01,2,2916,买盘
875,13:43:18,14.57,-0.01,155,226111,卖盘
876,13:43:15,14.58,--,22,33111,买盘
877,13:43:12,14.58,--,2,2916,买盘
878,13:43:09,14.58,--,3,4374,买盘
879,13:43:06,14.58,--,29,42282,买盘
880,13:43:00,14.58,--,41,59778,买盘
881,13:42:57,14.58,--,7,10206,买盘
882,13:42:54,14.58,--,388,565704,买盘
883,13:42:48,14.58,0.01,3,4374,买盘
884,13:42:42,14.57,-0.01,1,1457,卖盘
885,13:42:39,14.58,0.01,10,14580,买盘
886,13:42:36,14.57,--,11,16027,卖盘
887,13:42:30,14.57,-0.01,28,40796,卖盘
888,13:42:24,14.58,-0.02,5,7290,卖盘
889,13:42:18,14.6,0.02,2,2920,买盘
890,13:42:12,14.58,--,8,11664,卖盘
891,13:42:09,14.58,--,3,4374,卖盘
892,13:42:06,14.58,--,24,34992,卖盘
893,13:42:03,14.58,--,1,1458,卖盘
894,13:42:00,14.58,-0.02,4,5832,卖盘
895,13:41:57,14.6,--,8,11680,买盘
896,13:41:48,14.6,--,4,5840,买盘
897,13:41:39,14.6,0.02,9,13140,买盘
898,13:41:36,14.58,--,10,14580,卖盘
899,13:41:33,14.58,-0.01,3,4374,卖盘
900,13:41:30,14.59,-0.01,2,2918,中性盘
901,13:41:21,14.6,0.02,49,71540,买盘
902,13:41:18,14.58,--,2,2916,买盘
903,13:41:15,14.58,--,16,23750,卖盘
904,13:41:06,14.58,-0.04,1,1458,卖盘
905,13:41:00,14.62,--,6,8772,买盘
906,13:40:57,14.62,0.01,13,19006,买盘
907,13:40:51,14.61,-0.01,1,1461,卖盘
908,13:40:48,14.62,--,4,5848,买盘
909,13:40:45,14.62,--,23,33626,买盘
910,13:40:42,14.62,--,4,5848,买盘
911,13:40:36,14.62,0.04,23,33626,买盘
912,13:40:30,14.58,-0.04,160,233280,卖盘
913,13:40:27,14.62,--,3,4386,买盘
914,13:40:24,14.62,--,69,100878,买盘
915,13:40:21,14.62,--,1,1462,买盘
916,13:40:18,14.62,--,2,2924,买盘
917,13:40:09,14.62,--,2,2924,买盘
918,13:39:48,14.62,0.01,3,4386,买盘
919,13:39:45,14.61,0.01,1,1461,卖盘
920,13:39:39,14.6,-0.02,2,2920,买盘
921,13:39:33,14.62,0.02,49,71638,买盘
922,13:39:27,14.6,0.02,2,2920,买盘
923,13:39:24,14.58,-0.02,47,69561,卖盘
924,13:39:18,14.6,--,2,2920,买盘
925,13:39:15,14.6,--,1,1460,买盘
926,13:39:09,14.6,0.02,4,5840,买盘
927,13:39:06,14.58,-0.02,7,10206,卖盘
928,13:39:03,14.6,0.02,3,4380,中性盘
929,13:38:48,14.58,-0.03,26,37908,卖盘
930,13:38:45,14.61,-0.01,6,8766,卖盘
931,13:38:42,14.62,--,8,11696,买盘
932,13:38:39,14.62,--,2,2924,买盘
933,13:38:27,14.62,--,2,2924,买盘
934,13:38:15,14.62,-0.01,5,7310,买盘
935,13:38:09,14.63,0.04,2,2926,买盘
936,13:38:06,14.59,-0.02,120,175080,卖盘
937,13:37:57,14.61,-0.02,25,36525,卖盘
938,13:37:48,14.63,--,3,4389,买盘
939,13:37:39,14.63,-0.01,4,5852,卖盘
940,13:37:36,14.64,0.01,10,14640,买盘
941,13:37:27,14.63,-0.01,47,68761,中性盘
942,13:37:21,14.64,0.01,70,102480,买盘
943,13:37:09,14.63,0.04,2,2926,买盘
944,13:37:06,14.59,-0.04,120,175080,卖盘
945,13:36:57,14.63,0.01,2,2926,买盘
946,13:36:51,14.62,-0.01,3,4386,卖盘
947,13:36:48,14.63,--,5,7315,买盘
948,13:36:39,14.63,--,2,2926,买盘
949,13:36:27,14.63,--,25,36575,买盘
950,13:36:18,14.63,--,3,4389,买盘
951,13:36:09,14.63,--,2,2926,买盘
952,13:36:06,14.63,--,3,4389,买盘
953,13:36:03,14.63,-0.01,4,5852,中性盘
954,13:35:57,14.64,--,2,2928,买盘
955,13:35:48,14.64,--,2,2928,买盘
956,13:35:42,14.64,0.02,1,1464,买盘
957,13:35:39,14.62,--,3,4386,买盘
958,13:35:33,14.62,0.01,50,73100,买盘
959,13:35:30,14.61,-0.01,2,2922,中性盘
960,13:35:27,14.62,--,2,2924,买盘
961,13:35:18,14.62,--,2,2924,买盘
962,13:35:15,14.62,--,5,7310,买盘
963,13:35:09,14.62,0.04,2,2924,买盘
964,13:35:06,14.58,-0.04,94,137052,卖盘
965,13:34:57,14.62,--,3,4386,买盘
966,13:34:54,14.62,0.04,1,1462,买盘
967,13:34:48,14.58,-0.04,24,34992,卖盘
968,13:34:45,14.62,0.01,46,67252,买盘
969,13:34:42,14.61,0.04,23,33603,买盘
970,13:34:39,14.57,-0.03,30,43710,卖盘
971,13:34:36,14.6,--,23,33580,买盘
972,13:34:30,14.6,0.02,228,332880,买盘
973,13:34:27,14.58,--,2,2916,买盘
974,13:34:24,14.58,--,33,48114,买盘
975,13:34:18,14.58,--,8,11664,买盘
976,13:34:12,14.58,--,1,1458,买盘
977,13:34:09,14.58,--,2,2916,买盘
978,13:34:00,14.58,--,23,33534,买盘
979,13:33:57,14.58,0.01,2,2916,买盘
980,13:33:51,14.57,--,1,1457,买盘
981,13:33:48,14.57,--,4,5828,买盘
982,13:33:42,14.57,--,10,14570,买盘
983,13:33:39,14.57,--,2,2914,买盘
984,13:33:33,14.57,--,6,8742,买盘
985,13:33:27,14.57,-0.01,2,2914,中性盘
986,13:33:18,14.58,--,2,2916,买盘
987,13:33:12,14.58,0.01,49,71442,买盘
988,13:33:09,14.57,0.01,3,4371,买盘
989,13:32:57,14.56,-0.01,2,2912,买盘
990,13:32:54,14.57,--,23,34093,卖盘
991,13:32:48,14.57,--,39,57697,买盘
992,13:32:42,14.57,--,5,7285,买盘
993,13:32:39,14.57,--,3,4371,买盘
994,13:32:30,14.57,-0.01,0,582,卖盘
995,13:32:27,14.58,0.01,2,2916,买盘
996,13:32:18,14.57,-0.01,1,2331,买盘
997,13:32:12,14.58,--,2,2916,买盘
998,13:32:06,14.58,0.02,27,39366,买盘
999,13:32:03,14.56,-0.01,10,14560,卖盘
1000,13:31:57,14.57,0.02,3,4371,买盘
1001,13:31:54,14.55,-0.01,1,1455,卖盘
1002,13:31:48,14.56,0.02,3,4368,买盘
1003,13:31:45,14.54,-0.03,2,2908,卖盘
1004,13:31:36,14.57,--,104,151528,买盘
1005,13:31:27,14.57,--,2,2914,买盘
1006,13:31:24,14.57,-0.01,20,29140,卖盘
1007,13:31:21,14.58,--,4,5832,买盘
1008,13:31:18,14.58,--,3,4374,买盘
1009,13:31:15,14.58,--,9,13122,买盘
1010,13:31:12,14.58,-0.01,51,74358,卖盘
1011,13:31:06,14.59,0.01,2,2918,买盘
1012,13:31:00,14.58,-0.02,11,16038,卖盘
1013,13:30:57,14.6,0.01,2,2920,买盘
1014,13:30:48,14.59,--,3,4377,买盘
1015,13:30:39,14.59,--,3,4377,买盘
1016,13:30:36,14.59,--,3,4377,买盘
1017,13:30:27,14.59,--,12,17508,买盘
1018,13:30:24,14.59,0.01,9,13131,买盘
1019,13:30:21,14.58,-0.01,1,1458,卖盘
1020,13:30:18,14.59,--,2,2918,买盘
1021,13:30:03,14.59,0.01,5,7295,买盘
1022,13:29:57,14.58,--,3,4374,买盘
1023,13:29:54,14.58,--,1,1458,卖盘
1024,13:29:48,14.58,0.02,1,1458,中性盘
1025,13:29:45,14.56,-0.02,20,29120,卖盘
1026,13:29:39,14.58,-0.05,2,2916,中性盘
1027,13:29:18,14.63,0.13,3,4389,买盘
1028,13:29:12,14.5,-0.07,1500,2175000,卖盘
1029,13:29:06,14.57,-0.02,10,14570,卖盘
1030,13:28:48,14.59,-0.06,2,2918,中性盘
1031,13:28:36,14.65,0.1,206,301790,买盘
1032,13:28:30,14.55,-0.07,1700,2473500,卖盘
1033,13:28:27,14.62,--,2,2924,买盘
1034,13:28:18,14.62,-0.02,2,2924,中性盘
1035,13:28:06,14.64,0.02,1002,1466928,买盘
1036,13:27:57,14.62,--,9,13158,卖盘
1037,13:27:48,14.62,--,3,4386,卖盘
1038,13:27:39,14.62,-0.02,3,4386,卖盘
1039,13:27:27,14.64,--,3,4392,买盘
1040,13:27:18,14.64,--,2,2928,买盘
1041,13:27:06,14.64,--,2,2928,买盘
1042,13:26:57,14.64,0.02,2,2928,买盘
1043,13:26:48,14.62,0.02,1,1462,中性盘
1044,13:26:42,14.6,--,24,35040,卖盘
1045,13:26:39,14.6,-0.01,1,1460,卖盘
1046,13:26:36,14.61,0.01,4,5844,买盘
1047,13:26:33,14.6,-0.01,1,1460,卖盘
1048,13:26:27,14.61,0.01,2,2922,买盘
1049,13:26:24,14.6,-0.01,1,1460,卖盘
1050,13:26:18,14.61,--,2,2922,买盘
1051,13:26:06,14.61,--,2,2922,买盘
1052,13:25:57,14.61,0.01,3,4383,买盘
1053,13:25:54,14.6,--,163,237980,卖盘
1054,13:25:51,14.6,--,1,1460,卖盘
1055,13:25:48,14.6,-0.01,130,189800,卖盘
1056,13:25:42,14.61,--,5,7305,卖盘
1057,13:25:39,14.61,-0.02,5,7305,卖盘
1058,13:25:36,14.63,0.02,24,35112,中性盘
1059,13:25:30,14.61,-0.02,46,67206,卖盘
1060,13:25:24,14.63,--,23,33649,卖盘
1061,13:25:21,14.63,-0.01,37,54131,卖盘
1062,13:25:18,14.64,0.03,2,2928,买盘
1063,13:25:12,14.61,-0.03,8,11688,卖盘
1064,13:25:06,14.64,--,2,2928,买盘
1065,13:25:00,14.64,0.03,4,5856,买盘
1066,13:24:48,14.61,--,4,5844,卖盘
1067,13:24:45,14.61,--,8,11688,卖盘
1068,13:24:42,14.61,-0.03,10,14610,卖盘
1069,13:24:36,14.64,--,2,2928,买盘
1070,13:24:18,14.64,-0.01,50,73200,卖盘
1071,13:24:06,14.65,--,3,4395,买盘
1072,13:23:57,14.65,--,22,32230,买盘
1073,13:23:54,14.65,0.01,1,1465,买盘
1074,13:23:48,14.64,-0.01,3,4392,中性盘
1075,13:23:42,14.65,0.01,57,83505,买盘
1076,13:23:36,14.64,--,2,2928,买盘
1077,13:23:27,14.64,--,3,4392,买盘
1078,13:23:15,14.64,--,2,2928,买盘
1079,13:23:06,14.64,--,2,2928,买盘
1080,13:22:57,14.64,0.01,2,2928,买盘
1081,13:22:48,14.63,-0.01,1,1463,卖盘
1082,13:22:45,14.64,0.01,2,2928,买盘
1083,13:22:42,14.63,-0.01,10,14630,卖盘
1084,13:22:36,14.64,0.03,3,4392,买盘
1085,13:22:18,14.61,--,5,7305,卖盘
1086,13:22:15,14.61,--,138,201618,买盘
1087,13:22:06,14.61,0.01,2,2922,买盘
1088,13:22:00,14.6,-0.01,2,2920,卖盘
1089,13:21:57,14.61,0.01,3,4383,买盘
1090,13:21:54,14.6,--,108,158191,卖盘
1091,13:21:51,14.6,-0.01,4,5840,卖盘
1092,13:21:36,14.61,--,29,42427,买盘
1093,13:21:27,14.61,0.01,2,2922,买盘
1094,13:21:21,14.6,-0.01,13,18980,卖盘
1095,13:21:18,14.61,--,47,68696,买盘
1096,13:21:15,14.61,--,23,33603,买盘
1097,13:21:06,14.61,0.01,2,2922,买盘
1098,13:20:57,14.6,--,14,20440,卖盘
1099,13:20:48,14.6,-0.01,1,1460,卖盘
1100,13:20:45,14.61,0.01,12,17532,买盘
1101,13:20:39,14.6,-0.01,7,10220,卖盘
1102,13:20:36,14.61,--,3,4383,买盘
1103,13:20:33,14.61,--,20,29220,买盘
1104,13:20:27,14.61,0.01,2,2922,买盘
1105,13:20:21,14.6,-0.01,3,4964,卖盘
1106,13:20:18,14.61,--,2,2922,买盘
1107,13:20:12,14.61,0.01,10,14610,买盘
1108,13:20:09,14.6,-0.01,23,33580,卖盘
1109,13:20:06,14.61,--,2,2922,买盘
1110,13:20:03,14.61,--,10,14610,买盘
1111,13:19:57,14.61,--,3,4383,买盘
1112,13:19:48,14.61,-0.02,57,83277,卖盘
1113,13:19:45,14.63,--,2,2926,买盘
1114,13:19:36,14.63,0.02,2,2926,买盘
1115,13:19:30,14.61,--,23,33603,卖盘
1116,13:19:27,14.61,-0.02,12,17532,卖盘
1117,13:19:15,14.63,--,2,2926,买盘
1118,13:19:06,14.63,--,3,4389,买盘
1119,13:19:00,14.63,--,1,1463,买盘
1120,13:18:57,14.63,0.01,2,2926,买盘
1121,13:18:48,14.62,-0.01,1,1462,卖盘
1122,13:18:45,14.63,--,2,2926,买盘
1123,13:18:42,14.63,-0.01,70,102410,卖盘
1124,13:18:36,14.64,--,2,2928,买盘
1125,13:18:27,14.64,--,3,4392,买盘
1126,13:18:15,14.64,--,3,4392,买盘
1127,13:18:06,14.64,--,2,2928,买盘
1128,13:17:57,14.64,0.02,2,2928,买盘
1129,13:17:48,14.62,-0.02,2,2924,卖盘
1130,13:17:45,14.64,-0.01,2,2928,中性盘
1131,13:17:36,14.65,--,26,38090,买盘
1132,13:17:30,14.65,0.01,13,19045,买盘
1133,13:17:27,14.64,0.04,1,1464,中性盘
1134,13:17:12,14.6,--,250,365000,卖盘
1135,13:17:09,14.6,--,23,33580,卖盘
1136,13:16:48,14.6,-0.06,120,175200,卖盘
1137,13:16:36,14.66,0.01,121,177386,买盘
1138,13:16:27,14.65,0.03,52,76678,买盘
1139,13:16:15,14.62,--,2,2924,买盘
1140,13:16:06,14.62,-0.02,31,45322,卖盘
1141,13:15:57,14.64,0.02,2,2928,买盘
1142,13:15:48,14.62,-0.02,1,1462,卖盘
1143,13:15:45,14.64,--,2,2928,买盘
1144,13:15:36,14.64,0.02,2,2928,买盘
1145,13:15:33,14.62,-0.02,1,1462,卖盘
1146,13:15:27,14.64,0.02,3,4392,买盘
1147,13:15:15,14.62,-0.02,25,36550,卖盘
1148,13:15:06,14.64,0.02,2,2928,买盘
1149,13:14:57,14.62,-0.02,10,14620,卖盘
1150,13:14:48,14.64,--,2,2928,买盘
1151,13:14:45,14.64,--,2,2928,买盘
1152,13:14:36,14.64,--,2,2928,买盘
1153,13:14:27,14.64,--,2,2928,买盘
1154,13:14:24,14.64,--,1,1464,买盘
1155,13:14:21,14.64,--,2,2928,买盘
1156,13:14:15,14.64,--,3,4392,买盘
1157,13:14:12,14.64,-0.01,20,29280,卖盘
1158,13:14:06,14.65,--,2,2930,买盘
1159,13:13:57,14.65,0.01,2,2930,买盘
1160,13:13:54,14.64,--,10,14640,卖盘
1161,13:13:48,14.64,-0.01,2,2928,卖盘
1162,13:13:45,14.65,--,23,33695,买盘
1163,13:13:39,14.65,--,14,20510,买盘
1164,13:13:36,14.65,--,2,2930,买盘
1165,13:13:24,14.65,--,2,2930,买盘
1166,13:13:15,14.65,0.01,2,2930,买盘
1167,13:13:12,14.64,-0.01,1,1464,卖盘
1168,13:13:06,14.65,--,2,2930,买盘
1169,13:12:57,14.65,0.01,3,4395,买盘
1170,13:12:48,14.64,-0.01,1,1464,卖盘
1171,13:12:45,14.65,0.01,2,2930,买盘
1172,13:12:42,14.64,0.01,14,20496,买盘
1173,13:12:39,14.63,-0.01,6,8778,卖盘
1174,13:12:36,14.64,--,2,2928,买盘
1175,13:12:27,14.64,--,3,4392,买盘
1176,13:12:15,14.64,0.02,2,2928,买盘
1177,13:12:12,14.62,--,17,24854,买盘
1178,13:12:09,14.62,-0.02,6,8772,卖盘
1179,13:12:06,14.64,--,2,2928,买盘
1180,13:11:54,14.64,0.01,2,2928,买盘
1181,13:11:48,14.63,-0.01,1,1463,卖盘
1182,13:11:45,14.64,--,3,4392,买盘
1183,13:11:36,14.64,0.03,2,2928,买盘
1184,13:11:21,14.61,-0.03,20,29220,卖盘
1185,13:11:15,14.64,0.01,48,70272,买盘
1186,13:11:09,14.63,0.02,3,4389,中性盘
1187,13:11:03,14.61,--,23,33603,卖盘
1188,13:11:00,14.61,-0.03,11,16071,卖盘
1189,13:10:54,14.64,-0.01,2,2928,买盘
1190,13:10:51,14.65,0.04,2,2930,买盘
1191,13:10:48,14.61,-0.03,25,36525,卖盘
1192,13:10:45,14.64,-0.01,2,2928,中性盘
1193,13:10:36,14.65,--,2,2930,买盘
1194,13:10:24,14.65,0.02,3,4395,买盘
1195,13:10:18,14.63,-0.02,50,73150,卖盘
1196,13:10:15,14.65,--,2,2930,买盘
1197,13:10:06,14.65,--,2,2930,买盘
1198,13:09:54,14.65,0.02,2,2930,买盘
1199,13:09:48,14.63,-0.02,1,1463,卖盘
1200,13:09:45,14.65,--,3,4395,买盘
1201,13:09:36,14.65,--,2,2930,买盘
1202,13:09:24,14.65,0.02,2,2930,买盘
1203,13:09:21,14.63,-0.02,1,1463,卖盘
1204,13:09:15,14.65,--,2,2930,买盘
1205,13:09:03,14.65,0.02,51,74715,买盘
1206,13:08:54,14.63,0.02,2,2926,买盘
1207,13:08:48,14.61,-0.02,1,1461,卖盘
1208,13:08:45,14.63,--,2,2926,买盘
1209,13:08:42,14.63,--,23,33649,买盘
1210,13:08:36,14.63,--,2,2926,买盘
1211,13:08:24,14.63,--,3,4389,买盘
1212,13:08:15,14.63,--,32,46816,买盘
1213,13:08:06,14.63,--,2,2926,买盘
1214,13:07:54,14.63,0.02,2,2926,买盘
1215,13:07:48,14.61,-0.02,1,1461,卖盘
1216,13:07:45,14.63,0.02,3,4389,买盘
1217,13:07:42,14.61,--,27,39447,卖盘
1218,13:07:36,14.61,-0.02,8,11688,卖盘
1219,13:07:24,14.63,--,2,2926,买盘
1220,13:07:18,14.63,--,1,1463,买盘
1221,13:07:15,14.63,--,2,2926,买盘
1222,13:07:06,14.63,--,3,4389,买盘
1223,13:06:57,14.63,0.02,2,2926,买盘
1224,13:06:48,14.61,-0.02,2,2922,卖盘
1225,13:06:45,14.63,--,4,5852,买盘
1226,13:06:36,14.63,--,2,2926,买盘
1227,13:06:24,14.63,--,3,4389,买盘
1228,13:06:15,14.63,--,2,2926,买盘
1229,13:06:00,14.63,0.02,59,86317,买盘
1230,13:05:57,14.61,--,3,4383,买盘
1231,13:05:54,14.61,0.01,30,43830,买盘
1232,13:05:48,14.6,-0.01,1,1460,卖盘
1233,13:05:45,14.61,--,2,2922,买盘
1234,13:05:42,14.61,--,12,17532,买盘
1235,13:05:39,14.61,--,2,2922,买盘
1236,13:05:36,14.61,--,2,2922,买盘
1237,13:05:33,14.61,--,10,14610,买盘
1238,13:05:30,14.61,--,11,16071,买盘
1239,13:05:24,14.61,--,8,11688,买盘
1240,13:05:15,14.61,--,3,4383,买盘
1241,13:05:06,14.61,--,2,2922,买盘
1242,13:04:57,14.61,--,9,13149,买盘
1243,13:04:54,14.61,-0.01,358,523490,卖盘
1244,13:04:48,14.62,-0.01,36,52632,卖盘
1245,13:04:45,14.63,--,12,17556,买盘
1246,13:04:36,14.63,--,8,11704,买盘
1247,13:04:24,14.63,0.01,2,2926,买盘
1248,13:04:18,14.62,-0.01,5,7310,卖盘
1249,13:04:15,14.63,--,2,2926,买盘
1250,13:04:06,14.63,--,2,2926,买盘
1251,13:03:54,14.63,0.01,3,4389,买盘
1252,13:03:48,14.62,-0.01,1,1462,卖盘
1253,13:03:45,14.63,--,2,2926,买盘
1254,13:03:36,14.63,--,2,2926,买盘
1255,13:03:24,14.63,--,2,2926,买盘
1256,13:03:15,14.63,0.01,3,4389,买盘
1257,13:03:09,14.62,-0.01,200,292400,卖盘
1258,13:03:06,14.63,0.01,3,4389,买盘
1259,13:02:48,14.62,-0.01,2,2924,卖盘
1260,13:02:45,14.63,0.01,34,49742,买盘
1261,13:01:48,14.62,-0.01,1,1462,卖盘
1262,13:01:45,14.63,--,13,19311,卖盘
1263,13:01:06,14.63,--,7,10241,卖盘
1264,13:00:57,14.63,--,14,20482,卖盘
1265,13:00:51,14.63,--,5,7315,卖盘
1266,13:00:42,14.63,-0.01,23,33649,卖盘
1267,13:00:39,14.64,--,23,33672,卖盘
1268,13:00:36,14.64,--,18,27523,买盘
1269,13:00:33,14.64,--,4,6148,卖盘
1270,13:00:27,14.64,-0.01,23,33672,卖盘
1271,13:00:09,14.65,0.01,6,8790,买盘
1272,13:00:06,14.64,--,19,28987,卖盘
1273,13:00:03,14.64,-0.01,29,42456,卖盘
1274,13:00:00,14.65,--,0,0,中性盘
1275,11:30:00,14.65,--,0,0,中性盘
1276,11:29:48,14.65,-0.02,1,1465,卖盘
1277,11:29:42,14.67,--,6,8802,卖盘
1278,11:29:33,14.67,--,10,14670,卖盘
1279,11:29:24,14.67,-0.01,23,33741,卖盘
1280,11:29:09,14.68,0.01,2,2936,买盘
1281,11:28:51,14.67,--,1,1467,卖盘
1282,11:28:48,14.67,--,2,2934,卖盘
1283,11:28:42,14.67,-0.01,23,33741,买盘
1284,11:28:18,14.68,--,57,83676,买盘
1285,11:28:15,14.68,0.01,52,76336,买盘
1286,11:28:12,14.67,--,200,293400,买盘
1287,11:28:00,14.67,--,4,5868,买盘
1288,11:27:54,14.67,0.01,100,146700,买盘
1289,11:27:48,14.66,--,1,1466,卖盘
1290,11:27:33,14.66,-0.01,10,14660,卖盘
1291,11:27:30,14.67,--,4,5868,买盘
1292,11:27:00,14.67,0.01,21,30807,买盘
1293,11:26:48,14.66,-0.01,1,1466,中性盘
1294,11:26:30,14.67,0.01,28,41076,买盘
1295,11:26:24,14.66,0.01,14,21843,买盘
1296,11:26:21,14.65,-0.01,5,7325,卖盘
1297,11:26:15,14.66,0.01,50,73300,买盘
1298,11:26:06,14.65,--,5,7325,卖盘
1299,11:26:03,14.65,-0.01,1,1465,卖盘
1300,11:26:00,14.66,0.02,4,5864,买盘
1301,11:25:57,14.64,--,67,98088,卖盘
1302,11:25:48,14.64,-0.02,2,2928,卖盘
1303,11:25:33,14.66,--,11,16126,买盘
1304,11:25:30,14.66,0.02,4,5864,买盘
1305,11:25:09,14.64,-0.02,38,55632,卖盘
1306,11:25:00,14.66,--,4,5864,买盘
1307,11:24:54,14.66,0.02,7,10262,买盘
1308,11:24:48,14.64,--,1,1464,卖盘
1309,11:24:45,14.64,--,32,46848,卖盘
1310,11:24:30,14.64,-0.02,27,39528,卖盘
1311,11:24:00,14.66,0.02,4,5864,买盘
1312,11:23:51,14.64,--,9,13176,卖盘
1313,11:23:48,14.64,--,21,30744,卖盘
1314,11:23:45,14.64,-0.02,63,92232,卖盘
1315,11:23:42,14.66,0.02,14,20524,买盘
1316,11:23:36,14.64,-0.02,3,4392,卖盘
1317,11:23:30,14.66,--,4,5864,买盘
1318,11:23:00,14.66,0.03,4,5864,买盘
1319,11:22:57,14.63,-0.03,4,5852,卖盘
1320,11:22:51,14.66,--,23,33718,买盘
1321,11:22:48,14.66,--,24,35184,买盘
1322,11:22:45,14.66,0.02,23,33718,买盘
1323,11:22:36,14.64,-0.02,46,67344,买盘
1324,11:22:33,14.66,0.03,23,33718,买盘
1325,11:22:30,14.63,-0.02,167,244321,卖盘
1326,11:22:27,14.65,0.01,230,336950,买盘
1327,11:22:24,14.64,0.01,69,101016,买盘
1328,11:22:21,14.63,0.01,1,1463,中性盘
1329,11:22:00,14.62,-0.01,27,39474,卖盘
1330,11:21:48,14.63,0.01,2,2926,中性盘
1331,11:21:33,14.62,-0.02,0,877,卖盘
1332,11:21:30,14.64,0.02,4,5856,买盘
1333,11:21:24,14.62,--,2,2924,卖盘
1334,11:21:18,14.62,-0.02,23,33626,卖盘
1335,11:21:06,14.64,--,19,27816,买盘
1336,11:21:00,14.64,--,27,39528,买盘
1337,11:20:57,14.64,0.01,112,163968,买盘
1338,11:20:51,14.63,--,23,33649,卖盘
1339,11:20:48,14.63,0.02,47,69053,买盘
1340,11:20:45,14.61,-0.02,24,35064,卖盘
1341,11:20:39,14.63,0.01,100,146300,买盘
1342,11:20:33,14.62,-0.01,23,33626,卖盘
1343,11:20:30,14.63,0.01,4,5852,买盘
1344,11:20:27,14.62,--,67,98962,买盘
1345,11:20:00,14.62,--,4,5848,买盘
1346,11:19:48,14.62,--,6,8772,买盘
1347,11:19:42,14.62,--,69,101331,卖盘
1348,11:19:24,14.62,-0.01,50,73100,卖盘
1349,11:19:12,14.63,0.01,2,2926,买盘
1350,11:19:00,14.62,--,10,14620,卖盘
1351,11:18:57,14.62,--,140,204680,卖盘
1352,11:18:54,14.62,--,40,58480,卖盘
1353,11:18:48,14.62,--,1,1462,卖盘
1354,11:18:45,14.62,--,10,14620,卖盘
1355,11:18:24,14.62,-0.01,0,1008,卖盘
1356,11:18:21,14.63,0.01,20,29260,买盘
1357,11:18:15,14.62,-0.01,48,70176,卖盘
1358,11:17:54,14.63,0.01,1,1463,买盘
1359,11:17:45,14.62,-0.01,12,17544,卖盘
1360,11:17:42,14.63,--,47,69931,卖盘
1361,11:17:39,14.63,--,1,1755,卖盘
1362,11:17:36,14.63,-0.01,1,1463,中性盘
1363,11:17:30,14.64,0.02,7,10248,买盘
1364,11:17:24,14.62,--,5,7310,卖盘
1365,11:17:06,14.62,-0.01,23,33626,卖盘
1366,11:17:00,14.63,--,68,99484,卖盘
1367,11:16:51,14.63,--,1,1463,卖盘
1368,11:16:48,14.63,--,44,64372,卖盘
1369,11:16:42,14.63,--,23,33649,卖盘
1370,11:16:39,14.63,--,23,33649,卖盘
1371,11:15:57,14.63,--,1,1463,卖盘
1372,11:15:54,14.63,-0.01,1,1463,卖盘
1373,11:15:51,14.64,0.01,19,27816,买盘
1374,11:15:45,14.63,-0.01,1,1463,卖盘
1375,11:15:33,14.64,0.01,50,73200,买盘
1376,11:15:18,14.63,-0.01,5,7315,卖盘
1377,11:15:15,14.64,--,1,1464,买盘
1378,11:15:00,14.64,--,88,128832,买盘
1379,11:14:51,14.64,0.01,15,21960,买盘
1380,11:14:45,14.63,-0.01,1,1463,中性盘
1381,11:14:12,14.64,--,39,57096,买盘
1382,11:14:00,14.64,0.03,51,74664,买盘
1383,11:13:57,14.61,-0.02,4,5844,卖盘
1384,11:13:54,14.63,0.02,8,11704,买盘
1385,11:13:51,14.61,-0.01,2,2922,卖盘
1386,11:13:45,14.62,0.01,2,2924,中性盘
1387,11:13:24,14.61,--,4,5844,买盘
1388,11:13:18,14.61,--,1,1461,买盘
1389,11:13:12,14.61,0.01,5,7305,买盘
1390,11:13:09,14.6,--,5,7300,卖盘
1391,11:13:00,14.6,--,72,105120,卖盘
1392,11:12:54,14.6,0.01,904,1319840,买盘
1393,11:12:51,14.59,--,24,35016,卖盘
1394,11:12:48,14.59,-0.01,24,35016,中性盘
1395,11:12:45,14.6,0.02,100,146000,买盘
1396,11:12:39,14.58,-0.01,124,180792,卖盘
1397,11:12:33,14.59,-0.01,182,265538,卖盘
1398,11:12:15,14.6,--,6,8760,买盘
1399,11:12:03,14.6,--,12,17520,买盘
1400,11:12:00,14.6,0.01,10,14600,买盘
1401,11:11:57,14.59,-0.01,8,11672,卖盘
1402,11:11:51,14.6,0.01,9,13140,买盘
1403,11:11:45,14.59,-0.01,1,1459,卖盘
1404,11:11:27,14.6,0.01,31,45260,买盘
1405,11:11:18,14.59,--,19,27721,卖盘
1406,11:10:57,14.59,--,31,45229,卖盘
1407,11:10:51,14.59,--,25,36475,卖盘
1408,11:10:48,14.59,-0.01,1,1459,卖盘
1409,11:10:42,14.6,--,33,48180,买盘
1410,11:10:15,14.6,0.01,1,1460,买盘
1411,11:10:12,14.59,-0.01,1,1459,中性盘
1412,11:10:03,14.6,--,2,2920,买盘
1413,11:09:48,14.6,0.02,51,74460,买盘
1414,11:09:45,14.58,-0.02,1,1458,卖盘
1415,11:09:36,14.6,--,5,7300,买盘
1416,11:09:33,14.6,0.01,7,10220,买盘
1417,11:09:15,14.59,--,15,21885,卖盘
1418,11:09:06,14.59,-0.01,10,14590,卖盘
1419,11:09:03,14.6,--,3,4380,买盘
1420,11:08:54,14.6,0.01,10,14600,买盘
1421,11:08:51,14.59,--,11,16049,卖盘
1422,11:08:48,14.59,--,1,1459,卖盘
1423,11:08:39,14.59,-0.01,80,116720,卖盘
1424,11:08:24,14.6,0.01,16,23360,买盘
1425,11:08:15,14.59,-0.01,7,10213,卖盘
1426,11:08:06,14.6,0.01,3,4380,买盘
1427,11:08:00,14.59,--,30,43770,卖盘
1428,11:07:57,14.59,--,10,14590,卖盘
1429,11:07:54,14.59,-0.01,19,27721,卖盘
1430,11:07:51,14.6,0.01,10,14600,买盘
1431,11:07:48,14.59,-0.01,1,1459,卖盘
1432,11:07:36,14.6,0.01,1,1460,买盘
1433,11:07:30,14.59,-0.01,50,72950,卖盘
1434,11:07:27,14.6,0.01,3,4380,买盘
1435,11:07:24,14.59,-0.01,78,114385,卖盘
1436,11:07:12,14.6,0.01,2,2920,买盘
1437,11:06:51,14.59,-0.01,37,53983,卖盘
1438,11:06:42,14.6,0.01,9,13140,买盘
1439,11:06:33,14.59,-0.01,10,14590,卖盘
1440,11:06:21,14.6,0.01,23,33580,买盘
1441,11:06:18,14.59,--,1,1459,卖盘
1442,11:06:12,14.59,-0.01,6,8754,卖盘
1443,11:06:06,14.6,0.01,5,7300,买盘
1444,11:06:03,14.59,-0.01,28,40852,卖盘
1445,11:05:54,14.6,0.01,19,27740,买盘
1446,11:05:51,14.59,--,5,7295,卖盘
1447,11:05:48,14.59,--,1,1459,卖盘
1448,11:05:42,14.59,-0.01,9,13131,卖盘
1449,11:05:39,14.6,--,5,7300,买盘
1450,11:05:27,14.6,--,129,188340,买盘
1451,11:05:18,14.6,0.01,20,29200,买盘
1452,11:05:15,14.59,-0.01,163,237817,卖盘
1453,11:05:12,14.6,--,2,2920,卖盘
1454,11:05:09,14.6,--,29,43508,买盘
1455,11:05:06,14.6,--,10,14600,买盘
1456,11:05:00,14.6,-0.01,444,648240,卖盘
1457,11:04:54,14.61,0.01,20,29220,买盘
1458,11:04:48,14.6,--,1,1460,卖盘
1459,11:04:45,14.6,-0.01,1,1460,卖盘
1460,11:04:42,14.61,--,92,134412,买盘
1461,11:04:39,14.61,--,10,14610,买盘
1462,11:04:33,14.61,0.01,12,17532,买盘
1463,11:04:30,14.6,--,26,37960,卖盘
1464,11:04:27,14.6,--,11,16060,卖盘
1465,11:04:18,14.6,-0.01,57,83220,卖盘
1466,11:04:06,14.61,-0.01,325,474825,卖盘
1467,11:03:51,14.62,-0.01,30,43860,卖盘
1468,11:03:48,14.63,0.01,4,5852,买盘
1469,11:03:45,14.62,-0.02,17,24854,卖盘
1470,11:03:33,14.64,0.01,23,33672,买盘
1471,11:03:27,14.63,--,17,24871,买盘
1472,11:03:24,14.63,0.02,28,40964,买盘
1473,11:03:15,14.61,--,44,64284,卖盘
1474,11:03:09,14.61,--,15,21915,卖盘
1475,11:02:54,14.61,--,45,65745,卖盘
1476,11:02:48,14.61,-0.02,2,2922,卖盘
1477,11:02:45,14.63,0.02,23,33649,买盘
1478,11:02:24,14.61,-0.01,24,35064,卖盘
1479,11:02:21,14.62,0.01,5,7310,买盘
1480,11:02:03,14.61,--,73,106653,卖盘
1481,11:02:00,14.61,-0.01,12,17532,卖盘
1482,11:01:54,14.62,0.01,23,33626,买盘
1483,11:01:51,14.61,--,15,21915,卖盘
1484,11:01:48,14.61,--,1,1461,卖盘
1485,11:01:39,14.61,--,129,188469,卖盘
1486,11:01:36,14.61,-0.01,28,40908,卖盘
1487,11:01:33,14.62,--,13,19006,卖盘
1488,11:01:30,14.62,--,30,43860,中性盘
1489,11:01:06,14.62,0.01,9,13158,买盘
1490,11:01:00,14.61,--,4,5844,卖盘
1491,11:00:57,14.61,--,12,17532,卖盘
1492,11:00:51,14.61,--,15,21915,卖盘
1493,11:00:48,14.61,--,4,5844,卖盘
1494,11:00:45,14.61,-0.01,47,68667,卖盘
1495,11:00:42,14.62,--,7,10234,卖盘
1496,11:00:39,14.62,--,8,11696,卖盘
1497,11:00:36,14.62,0.01,75,109650,买盘
1498,11:00:33,14.61,--,10,14610,卖盘
1499,11:00:24,14.61,-0.01,37,54057,卖盘
1500,11:00:21,14.62,-0.01,6,8772,卖盘
1501,11:00:18,14.63,0.01,38,55594,买盘
1502,11:00:15,14.62,--,157,229534,卖盘
1503,11:00:12,14.62,--,63,92106,卖盘
1504,11:00:09,14.62,--,42,61404,卖盘
1505,11:00:06,14.62,--,44,64328,卖盘
1506,11:00:03,14.62,-0.01,33,48246,卖盘
1507,10:59:54,14.63,0.01,2,2926,买盘
1508,10:59:48,14.62,-0.01,1,1462,卖盘
1509,10:59:36,14.63,-0.01,47,70180,卖盘
1510,10:59:33,14.64,0.01,49,71736,买盘
1511,10:59:21,14.63,--,3,4389,卖盘
1512,10:59:15,14.63,--,7,10241,卖盘
1513,10:59:09,14.63,--,51,74613,卖盘
1514,10:59:06,14.63,--,2,2926,卖盘
1515,10:59:03,14.63,--,2,2926,卖盘
1516,10:58:51,14.63,--,0,1053,卖盘
1517,10:58:48,14.63,-0.01,2,2926,卖盘
1518,10:58:39,14.64,0.01,8,11712,买盘
1519,10:58:36,14.63,-0.01,15,21945,卖盘
1520,10:58:33,14.64,-0.01,51,74795,卖盘
1521,10:58:21,14.65,-0.01,15,22854,卖盘
1522,10:58:12,14.66,--,13,19058,买盘
1523,10:58:09,14.66,--,52,76818,买盘
1524,10:58:06,14.66,0.01,8,11728,买盘
1525,10:58:03,14.65,--,24,35160,卖盘
1526,10:58:00,14.65,0.01,41,60065,买盘
1527,10:57:48,14.64,--,1,1464,卖盘
1528,10:57:30,14.64,--,8,11712,卖盘
1529,10:57:24,14.64,-0.01,1,1464,卖盘
1530,10:57:21,14.65,--,1,1465,买盘
1531,10:57:15,14.65,0.01,4,5860,买盘
1532,10:57:09,14.64,--,44,65748,卖盘
1533,10:56:57,14.64,--,19,27816,卖盘
1534,10:56:48,14.64,-0.01,20,29280,卖盘
1535,10:56:36,14.65,0.01,75,109875,买盘
1536,10:56:24,14.64,-0.01,10,14640,卖盘
1537,10:56:12,14.65,--,2,2930,买盘
1538,10:56:09,14.65,--,18,26370,买盘
1539,10:56:00,14.65,--,23,33695,买盘
1540,10:55:57,14.65,0.01,1,1465,买盘
1541,10:55:51,14.64,--,43,62952,卖盘
1542,10:55:48,14.64,--,2,2928,卖盘
1543,10:55:12,14.64,0.01,15,21960,买盘
1544,10:55:06,14.63,--,30,43890,卖盘
1545,10:55:03,14.63,-0.02,11,16093,卖盘
1546,10:55:00,14.65,--,23,33695,买盘
1547,10:54:54,14.65,--,23,33695,买盘
1548,10:54:51,14.65,--,23,33695,买盘
1549,10:54:48,14.65,0.02,24,35160,买盘
1550,10:54:45,14.63,-0.02,1030,1506890,卖盘
1551,10:54:42,14.65,0.02,23,33695,买盘
1552,10:54:36,14.63,-0.03,16,23408,卖盘
1553,10:54:18,14.66,0.03,23,33718,买盘
1554,10:54:12,14.63,--,44,64372,卖盘
1555,10:54:03,14.63,--,4,5852,卖盘
1556,10:54:00,14.63,-0.03,78,114114,卖盘
1557,10:53:57,14.66,0.02,42,61572,买盘
1558,10:53:54,14.64,--,50,73200,卖盘
1559,10:53:48,14.64,-0.01,27,39528,卖盘
1560,10:53:42,14.65,0.01,10,14650,买盘
1561,10:53:33,14.64,--,11,16104,卖盘
1562,10:53:27,14.64,--,33,48312,卖盘
1563,10:53:18,14.64,--,3,4392,卖盘
1564,10:53:15,14.64,--,5,7320,卖盘
1565,10:53:12,14.64,--,5,7320,卖盘
1566,10:53:09,14.64,--,4,5856,卖盘
1567,10:53:06,14.64,--,6,8784,卖盘
1568,10:52:54,14.64,--,42,61488,卖盘
1569,10:52:48,14.64,--,1,1464,卖盘
1570,10:52:42,14.64,--,1,1464,卖盘
1571,10:52:36,14.64,--,19,27816,卖盘
1572,10:52:21,14.64,0.01,197,288408,买盘
1573,10:52:15,14.63,--,10,14630,卖盘
1574,10:52:09,14.63,--,23,33649,卖盘
1575,10:51:54,14.63,--,17,24871,卖盘
1576,10:51:51,14.63,--,22,32186,卖盘
1577,10:51:48,14.63,-0.01,2,2926,卖盘
1578,10:51:33,14.64,0.01,15,21960,买盘
1579,10:51:27,14.63,-0.01,4,5852,卖盘
1580,10:51:21,14.64,--,1,1464,买盘
1581,10:51:15,14.64,--,200,292800,买盘
1582,10:51:12,14.64,--,20,29280,买盘
1583,10:51:06,14.64,0.01,50,73200,买盘
1584,10:50:54,14.63,--,17,24871,卖盘
1585,10:50:48,14.63,-0.01,1,1463,卖盘
1586,10:50:45,14.64,0.01,20,29280,买盘
1587,10:50:39,14.63,-0.01,19,27797,卖盘
1588,10:50:36,14.64,--,55,80520,买盘
1589,10:50:24,14.64,0.01,30,43920,买盘
1590,10:50:15,14.63,--,54,79002,卖盘
1591,10:50:09,14.63,--,8,11704,卖盘
1592,10:50:06,14.63,-0.01,15,21945,卖盘
1593,10:50:03,14.64,0.01,50,73200,买盘
1594,10:49:51,14.63,-0.01,1,1463,卖盘
1595,10:49:42,14.64,-0.01,89,130296,卖盘
1596,10:49:36,14.65,0.02,1,1465,买盘
1597,10:49:15,14.63,-0.01,30,43890,卖盘
1598,10:49:12,14.64,0.01,10,14640,买盘
1599,10:49:06,14.63,--,30,43890,卖盘
1600,10:48:54,14.63,--,2,2926,卖盘
1601,10:48:48,14.63,--,24,35112,卖盘
1602,10:48:42,14.63,-0.01,1,1463,卖盘
1603,10:48:30,14.64,--,3,4392,买盘
1604,10:48:27,14.64,--,9,13176,卖盘
1605,10:48:09,14.64,0.01,2,2928,中性盘
1606,10:47:51,14.63,-0.01,285,416955,卖盘
1607,10:47:48,14.64,-0.01,14,20496,卖盘
1608,10:47:36,14.65,--,10,14650,买盘
1609,10:47:30,14.65,--,3,4395,买盘
1610,10:47:06,14.65,--,23,33695,买盘
1611,10:46:57,14.65,0.01,23,33695,买盘
1612,10:46:48,14.64,-0.01,1,1464,卖盘
1613,10:46:18,14.65,-0.02,35,51275,中性盘
1614,10:46:12,14.67,0.03,23,33741,买盘
1615,10:46:09,14.64,-0.01,10,14640,卖盘
1616,10:46:00,14.65,--,4,5860,卖盘
1617,10:45:54,14.65,0.01,1,1465,中性盘
1618,10:45:48,14.64,--,1,1464,卖盘
1619,10:45:42,14.64,--,65,95160,卖盘
1620,10:45:36,14.64,-0.02,100,146400,卖盘
1621,10:45:33,14.66,0.01,15,21990,买盘
1622,10:45:24,14.65,0.01,6,8790,卖盘
1623,10:45:06,14.64,-0.04,5,7320,卖盘
1624,10:44:54,14.68,0.04,23,33764,买盘
1625,10:44:48,14.64,--,18,26352,卖盘
1626,10:44:45,14.64,0.01,2,2928,买盘
1627,10:44:42,14.63,-0.01,510,746130,卖盘
1628,10:44:36,14.64,--,52,76128,买盘
1629,10:44:33,14.64,--,10,14640,买盘
1630,10:44:30,14.64,0.01,310,454293,买盘
1631,10:44:18,14.63,--,60,87780,卖盘
1632,10:44:15,14.63,--,16,23408,卖盘
1633,10:44:12,14.63,--,1,1463,卖盘
1634,10:44:09,14.63,--,28,40964,卖盘
1635,10:44:06,14.63,--,7,10241,卖盘
1636,10:44:00,14.63,-0.01,23,33649,卖盘
1637,10:43:54,14.64,-0.01,2,2928,卖盘
1638,10:43:51,14.65,--,28,41020,卖盘
1639,10:43:48,14.65,--,2,2930,卖盘
1640,10:43:42,14.65,-0.01,28,41020,卖盘
1641,10:43:39,14.66,--,174,255084,卖盘
1642,10:43:36,14.66,--,46,67436,卖盘
1643,10:43:33,14.66,--,55,80630,卖盘
1644,10:43:30,14.66,--,25,36650,卖盘
1645,10:43:24,14.66,--,17,24922,卖盘
1646,10:43:21,14.66,-0.01,130,190580,卖盘
1647,10:43:18,14.67,--,68,99756,卖盘
1648,10:43:15,14.67,--,76,111492,卖盘
1649,10:43:12,14.67,--,29,42543,卖盘
1650,10:43:09,14.67,--,40,58680,卖盘
1651,10:43:06,14.67,--,29,42543,卖盘
1652,10:43:03,14.67,--,6,8802,卖盘
1653,10:42:57,14.67,--,110,161370,卖盘
1654,10:42:48,14.67,--,1,1467,卖盘
1655,10:42:39,14.67,--,100,146700,卖盘
1656,10:42:27,14.67,-0.01,500,733500,卖盘
1657,10:42:21,14.68,--,10,14680,买盘
1658,10:42:12,14.68,0.01,3,4404,买盘
1659,10:42:06,14.67,-0.01,10,14670,卖盘
1660,10:42:00,14.68,--,2,2936,买盘
1661,10:41:57,14.68,-0.01,1094,1605992,卖盘
1662,10:41:51,14.69,--,230,337870,卖盘
1663,10:41:48,14.69,--,1,1469,卖盘
1664,10:41:36,14.69,-0.01,5,7345,卖盘
1665,10:41:33,14.7,0.01,3,4410,买盘
1666,10:41:30,14.69,-0.01,14,20566,卖盘
1667,10:41:27,14.7,0.01,271,398370,买盘
1668,10:40:57,14.69,-0.01,11,16159,卖盘
1669,10:40:54,14.7,--,1,1470,买盘
1670,10:40:48,14.7,0.01,14,20580,买盘
1671,10:40:45,14.69,-0.01,10,14690,卖盘
1672,10:40:39,14.7,0.01,1,1470,买盘
1673,10:40:30,14.69,-0.01,3,4407,卖盘
1674,10:40:24,14.7,--,20,29400,买盘
1675,10:40:15,14.7,--,20,29400,买盘
1676,10:40:12,14.7,0.01,20,29400,买盘
1677,10:40:06,14.69,-0.01,7,10283,卖盘
1678,10:40:03,14.7,--,7,10290,买盘
1679,10:39:57,14.7,--,15,22050,卖盘
1680,10:39:51,14.7,--,142,208740,卖盘
1681,10:39:48,14.7,--,6,8820,卖盘
1682,10:39:45,14.7,--,1,1470,卖盘
1683,10:39:42,14.7,--,9,13230,卖盘
1684,10:39:33,14.7,--,318,467460,买盘
1685,10:39:27,14.7,0.01,10,14700,买盘
1686,10:39:24,14.69,--,4,5876,卖盘
1687,10:39:18,14.69,-0.01,73,107237,卖盘
1688,10:39:15,14.7,--,22,32340,买盘
1689,10:39:12,14.7,--,2,2940,买盘
1690,10:39:09,14.7,--,14,20580,买盘
1691,10:39:00,14.7,--,310,455700,买盘
1692,10:38:54,14.7,0.01,50,73500,买盘
1693,10:38:48,14.69,--,1,1469,卖盘
1694,10:38:45,14.69,-0.01,50,73450,卖盘
1695,10:38:42,14.7,--,59,86730,买盘
1696,10:38:33,14.7,--,5,7350,买盘
1697,10:38:24,14.7,--,3,4410,买盘
1698,10:38:15,14.7,--,3,4410,买盘
1699,10:38:09,14.7,--,13,19110,买盘
1700,10:38:00,14.7,0.01,91,133770,买盘
1701,10:37:57,14.69,--,8,11752,买盘
1702,10:37:51,14.69,0.01,100,146900,买盘
1703,10:37:48,14.68,-0.01,11,16148,卖盘
1704,10:37:39,14.69,--,30,44070,买盘
1705,10:37:27,14.69,--,1,1469,买盘
1706,10:37:21,14.69,--,9,13221,买盘
1707,10:37:18,14.69,0.01,28,41132,买盘
1708,10:37:15,14.68,-0.01,30,44040,卖盘
1709,10:37:12,14.69,--,10,14690,买盘
1710,10:37:06,14.69,--,13,19097,买盘
1711,10:37:03,14.69,0.01,8,11752,买盘
1712,10:36:48,14.68,-0.01,2,2936,卖盘
1713,10:36:45,14.69,0.01,11,16159,买盘
1714,10:36:33,14.68,--,10,14680,卖盘
1715,10:36:27,14.68,0.01,143,209924,买盘
1716,10:36:24,14.67,--,3,4401,卖盘
1717,10:36:21,14.67,-0.01,23,33741,卖盘
1718,10:36:15,14.68,0.01,52,76336,买盘
1719,10:36:12,14.67,--,7,10269,买盘
1720,10:36:09,14.67,0.01,590,865530,买盘
1721,10:36:00,14.66,-0.01,10,14660,卖盘
1722,10:35:51,14.67,0.01,27,39609,买盘
1723,10:35:48,14.66,--,1,1466,卖盘
1724,10:35:45,14.66,-0.01,1,1466,卖盘
1725,10:35:42,14.67,0.01,35,51345,买盘
1726,10:35:33,14.66,--,3,4398,卖盘
1727,10:35:27,14.66,--,23,33718,卖盘
1728,10:35:24,14.66,--,9,13194,卖盘
1729,10:35:15,14.66,--,5,7330,卖盘
1730,10:35:12,14.66,--,2,2932,卖盘
1731,10:35:00,14.66,0.01,56,82096,买盘
1732,10:34:48,14.65,--,1,1465,卖盘
1733,10:34:45,14.65,-0.01,3,4395,卖盘
1734,10:34:42,14.66,0.01,1,1466,买盘
1735,10:34:36,14.65,-0.01,29,42485,卖盘
1736,10:34:30,14.66,--,34,49844,买盘
1737,10:34:27,14.66,0.01,49,71834,买盘
1738,10:34:24,14.65,-0.01,79,115735,卖盘
1739,10:34:21,14.66,0.01,20,29495,买盘
1740,10:34:15,14.65,-0.01,23,33695,卖盘
1741,10:34:03,14.66,0.01,5,7330,买盘
1742,10:33:48,14.65,-0.01,1,1465,卖盘
1743,10:33:45,14.66,0.01,27,39582,中性盘
1744,10:33:12,14.65,-0.02,5,7325,卖盘
1745,10:33:06,14.67,0.02,43,63081,买盘
1746,10:33:00,14.65,-0.01,2,2930,卖盘
1747,10:32:57,14.66,--,10,14660,买盘
1748,10:32:51,14.66,0.01,6,8796,买盘
1749,10:32:48,14.65,-0.01,2,2930,卖盘
1750,10:32:45,14.66,--,9,13194,买盘
1751,10:32:42,14.66,--,23,33718,买盘
1752,10:32:39,14.66,--,46,67436,买盘
1753,10:32:30,14.66,0.01,23,33718,买盘
1754,10:32:24,14.65,0.01,46,67390,买盘
1755,10:32:15,14.64,-0.01,10,14640,卖盘
1756,10:32:09,14.65,0.01,12,17580,买盘
1757,10:31:48,14.64,-0.01,1,1464,卖盘
1758,10:31:33,14.65,0.01,5,7325,买盘
1759,10:31:27,14.64,--,28,40992,卖盘
1760,10:31:15,14.64,--,15,21960,卖盘
1761,10:30:54,14.64,--,11,16104,卖盘
1762,10:30:48,14.64,-0.01,7,10248,卖盘
1763,10:30:30,14.65,0.01,129,188985,买盘
1764,10:30:21,14.64,--,2,2928,卖盘
1765,10:30:06,14.64,--,36,52704,卖盘
1766,10:30:03,14.64,0.01,53,77592,买盘
1767,10:29:48,14.63,--,2,2926,卖盘
1768,10:29:39,14.63,--,3,4389,卖盘
1769,10:29:21,14.63,--,12,17556,卖盘
1770,10:29:15,14.63,--,8,11704,卖盘
1771,10:28:51,14.63,--,10,14630,卖盘
1772,10:28:48,14.63,--,1,1463,卖盘
1773,10:28:42,14.63,--,5,7315,卖盘
1774,10:28:39,14.63,--,40,58520,卖盘
1775,10:28:24,14.63,--,5,7315,卖盘
1776,10:28:06,14.63,--,10,14630,卖盘
1777,10:28:00,14.63,--,1,1463,卖盘
1778,10:27:57,14.63,--,1,1463,卖盘
1779,10:27:48,14.63,-0.01,1,1463,卖盘
1780,10:27:42,14.64,--,80,117120,买盘
1781,10:27:36,14.64,--,23,33672,买盘
1782,10:27:30,14.64,--,23,33672,买盘
1783,10:27:24,14.64,0.02,23,33672,买盘
1784,10:27:21,14.62,-0.01,140,204680,卖盘
1785,10:27:18,14.63,--,3,4389,买盘
1786,10:27:09,14.63,--,46,67298,买盘
1787,10:27:00,14.63,--,23,33649,买盘
1788,10:26:48,14.63,--,63,92169,卖盘
1789,10:26:45,14.63,--,52,76076,卖盘
1790,10:26:42,14.63,--,53,77539,卖盘
1791,10:26:33,14.63,--,2,2926,卖盘
1792,10:26:27,14.63,--,41,59983,买盘
1793,10:26:21,14.63,--,3,4389,卖盘
1794,10:26:03,14.63,0.01,46,67298,中性盘
1795,10:25:48,14.62,-0.02,2,2924,卖盘
1796,10:25:45,14.64,0.01,61,89304,买盘
1797,10:25:39,14.63,0.01,2,2926,买盘
1798,10:25:33,14.62,-0.01,108,157896,卖盘
1799,10:25:30,14.63,0.01,40,58520,买盘
1800,10:25:21,14.62,--,63,92106,卖盘
1801,10:25:03,14.62,--,23,33626,卖盘
1802,10:25:00,14.62,--,25,36550,卖盘
1803,10:24:57,14.62,--,23,33626,卖盘
1804,10:24:48,14.62,--,1,1462,卖盘
1805,10:24:45,14.62,-0.01,23,33626,卖盘
1806,10:24:42,14.63,--,48,70224,卖盘
1807,10:24:39,14.63,--,37,54131,卖盘
1808,10:24:36,14.63,--,10,14630,卖盘
1809,10:24:30,14.63,--,14,20482,卖盘
1810,10:24:24,14.63,--,19,27797,卖盘
1811,10:24:21,14.63,--,37,54131,卖盘
1812,10:24:18,14.63,--,79,115577,卖盘
1813,10:24:03,14.63,-0.01,23,33649,卖盘
1814,10:24:00,14.64,--,46,67344,卖盘
1815,10:23:54,14.64,--,1,1464,卖盘
1816,10:23:48,14.64,--,1,1464,卖盘
1817,10:23:45,14.64,--,25,36600,卖盘
1818,10:23:39,14.64,-0.01,23,33672,卖盘
1819,10:23:27,14.65,--,10,14650,买盘
1820,10:23:15,14.65,--,19,27835,卖盘
1821,10:23:00,14.65,0.01,154,225610,买盘
1822,10:22:45,14.64,--,1,1464,卖盘
1823,10:22:36,14.64,--,4,5856,卖盘
1824,10:22:27,14.64,--,60,87840,卖盘
1825,10:22:21,14.64,--,80,117120,卖盘
1826,10:22:15,14.64,--,27,39528,卖盘
1827,10:21:57,14.64,--,109,160454,买盘
1828,10:21:48,14.64,--,115,168360,买盘
1829,10:21:21,14.64,0.01,5,7320,买盘
1830,10:21:18,14.63,--,1,1463,卖盘
1831,10:21:12,14.63,--,35,51205,卖盘
1832,10:21:09,14.63,--,23,33649,卖盘
1833,10:20:57,14.63,--,11,16093,卖盘
1834,10:20:51,14.63,-0.01,1,1463,卖盘
1835,10:20:42,14.64,-0.01,63,92232,卖盘
1836,10:20:39,14.65,0.01,9,13185,买盘
1837,10:20:27,14.64,--,5,7320,卖盘
1838,10:20:12,14.64,--,11,16104,卖盘
1839,10:20:09,14.64,-0.01,17,24888,卖盘
1840,10:20:06,14.65,0.01,42,61530,买盘
1841,10:19:57,14.64,--,10,14640,卖盘
1842,10:19:45,14.64,-0.01,1,1464,卖盘
1843,10:19:33,14.65,--,5,7325,买盘
1844,10:19:06,14.65,--,9,13185,买盘
1845,10:18:54,14.65,--,23,33695,买盘
1846,10:18:51,14.65,0.01,23,33695,买盘
1847,10:18:48,14.64,-0.02,1,1464,卖盘
1848,10:18:30,14.66,--,2,2932,买盘
1849,10:18:00,14.66,--,46,67436,买盘
1850,10:17:57,14.66,--,23,33718,买盘
1851,10:17:51,14.66,0.01,46,67436,买盘
1852,10:17:48,14.65,--,48,70320,买盘
1853,10:17:33,14.65,0.01,46,67390,买盘
1854,10:17:24,14.64,0.02,20,29280,中性盘
1855,10:16:51,14.62,-0.02,103,150586,卖盘
1856,10:16:45,14.64,--,1,1464,卖盘
1857,10:16:42,14.64,0.01,2,2928,买盘
1858,10:16:30,14.63,--,5,7315,卖盘
1859,10:16:24,14.63,--,1,1463,卖盘
1860,10:16:18,14.63,--,2,2926,卖盘
1861,10:16:15,14.63,--,74,109681,买盘
1862,10:16:12,14.63,--,63,92169,买盘
1863,10:16:09,14.63,--,20,29260,买盘
1864,10:16:06,14.63,--,6,8778,买盘
1865,10:16:03,14.63,--,20,29260,买盘
1866,10:15:57,14.63,--,83,121472,卖盘
1867,10:15:54,14.63,--,23,33649,卖盘
1868,10:15:48,14.63,--,104,152152,卖盘
1869,10:15:42,14.63,-0.01,132,193116,卖盘
1870,10:15:39,14.64,--,73,106872,卖盘
1871,10:15:36,14.64,--,23,33672,卖盘
1872,10:15:33,14.64,--,23,33672,卖盘
1873,10:15:30,14.64,--,12,17568,卖盘
1874,10:15:24,14.64,--,31,45384,卖盘
1875,10:15:15,14.64,-0.01,20,29865,卖盘
1876,10:15:12,14.65,--,5,7325,买盘
1877,10:15:03,14.65,0.01,9,13185,买盘
1878,10:14:54,14.64,-0.01,23,33672,卖盘
1879,10:14:48,14.65,--,2,2930,卖盘
1880,10:14:45,14.65,0.01,6,8790,买盘
1881,10:14:42,14.64,-0.01,1,1464,卖盘
1882,10:14:39,14.65,0.01,22,32230,买盘
1883,10:14:27,14.64,--,10,14640,卖盘
1884,10:14:12,14.64,--,4,5856,卖盘
1885,10:14:09,14.64,--,7,10248,卖盘
1886,10:14:03,14.64,--,2,2928,卖盘
1887,10:13:51,14.64,--,6,8784,卖盘
1888,10:13:48,14.64,-0.02,1,1464,卖盘
1889,10:13:45,14.66,0.02,1,1466,买盘
1890,10:13:42,14.64,-0.02,3,4392,卖盘
1891,10:13:39,14.66,--,39,57174,买盘
1892,10:13:24,14.66,--,10,14660,买盘
1893,10:13:03,14.66,0.01,51,74766,买盘
1894,10:12:57,14.65,0.02,10,14650,买盘
1895,10:12:45,14.63,-0.03,1,1463,卖盘
1896,10:12:33,14.66,0.03,30,43980,买盘
1897,10:12:30,14.63,-0.01,2,2926,卖盘
1898,10:12:24,14.64,0.01,6,8784,中性盘
1899,10:11:45,14.63,-0.03,1,1463,卖盘
1900,10:11:42,14.66,0.03,28,41048,买盘
1901,10:11:39,14.63,--,2,2926,卖盘
1902,10:11:30,14.63,-0.04,100,146300,卖盘
1903,10:11:27,14.67,--,5,7335,买盘
1904,10:11:24,14.67,--,124,181908,买盘
1905,10:11:09,14.67,--,1,1467,买盘
1906,10:11:06,14.67,0.01,10,14670,买盘
1907,10:11:00,14.66,-0.01,10,14660,卖盘
1908,10:10:57,14.67,--,88,129096,买盘
1909,10:10:51,14.67,--,16,23472,买盘
1910,10:10:48,14.67,0.01,10,14670,买盘
1911,10:10:45,14.66,-0.01,20,29320,卖盘
1912,10:10:39,14.67,0.01,1,2009,买盘
1913,10:10:30,14.66,--,100,146600,卖盘
1914,10:10:24,14.66,0.01,49,71834,买盘
1915,10:10:21,14.65,-0.01,6,8790,卖盘
1916,10:10:12,14.66,0.01,20,29320,买盘
1917,10:09:57,14.65,-0.01,5,7325,卖盘
1918,10:09:51,14.66,0.01,11,16126,买盘
1919,10:09:48,14.65,--,3,4395,卖盘
1920,10:09:45,14.65,-0.01,1,1465,卖盘
1921,10:09:42,14.66,--,20,29320,买盘
1922,10:09:21,14.66,0.01,24,35184,买盘
1923,10:09:15,14.65,-0.01,1,1465,卖盘
1924,10:09:12,14.66,0.01,20,29320,买盘
1925,10:09:03,14.65,--,6,8790,卖盘
1926,10:08:57,14.65,0.02,10,14650,中性盘
1927,10:08:54,14.63,-0.02,20,29260,卖盘
1928,10:08:51,14.65,--,1,1465,卖盘
1929,10:08:45,14.65,-0.01,1,1465,中性盘
1930,10:08:39,14.66,--,20,29320,买盘
1931,10:08:36,14.66,0.01,46,67436,买盘
1932,10:08:33,14.65,-0.01,23,33695,买盘
1933,10:08:30,14.66,--,23,33718,买盘
1934,10:08:27,14.66,--,46,67436,买盘
1935,10:08:24,14.66,0.01,90,131940,买盘
1936,10:08:21,14.65,--,39,57428,买盘
1937,10:08:18,14.65,0.02,23,33695,买盘
1938,10:08:12,14.63,--,1,1463,买盘
1939,10:08:09,14.63,-0.02,87,127281,卖盘
1940,10:07:57,14.65,--,32,48052,卖盘
1941,10:07:54,14.65,0.01,13,19338,买盘
1942,10:07:51,14.64,--,4,5856,卖盘
1943,10:07:45,14.64,-0.02,1,1464,卖盘
1944,10:07:39,14.66,0.01,66,96756,买盘
1945,10:07:33,14.65,0.01,23,33695,买盘
1946,10:07:24,14.64,--,1,1464,卖盘
1947,10:07:18,14.64,--,5,7320,卖盘
1948,10:07:09,14.64,-0.01,42,61488,卖盘
1949,10:07:06,14.65,0.01,20,29300,买盘
1950,10:06:45,14.64,0.01,2,2928,中性盘
1951,10:06:36,14.63,-0.01,21,30723,卖盘
1952,10:06:18,14.64,0.01,2,2928,中性盘
1953,10:06:12,14.63,--,5,7315,卖盘
1954,10:06:06,14.63,-0.03,33,48279,卖盘
1955,10:06:03,14.66,0.03,20,29320,买盘
1956,10:05:57,14.63,--,24,35112,卖盘
1957,10:05:45,14.63,--,24,35112,卖盘
1958,10:05:39,14.63,-0.03,1,1463,卖盘
1959,10:05:33,14.66,0.03,20,29320,买盘
1960,10:05:27,14.63,--,1,1463,卖盘
1961,10:05:24,14.63,--,23,33649,卖盘
1962,10:05:15,14.63,-0.03,105,153615,卖盘
1963,10:05:00,14.66,0.02,20,29320,买盘
1964,10:04:45,14.64,--,7,10248,卖盘
1965,10:04:39,14.64,-0.02,3,4392,卖盘
1966,10:04:30,14.66,0.02,20,29320,买盘
1967,10:04:21,14.64,-0.02,1,1464,卖盘
1968,10:04:09,14.66,--,10,14660,买盘
1969,10:03:57,14.66,0.01,20,29320,买盘
1970,10:03:48,14.65,0.02,16,23440,买盘
1971,10:03:45,14.63,-0.03,1,1463,卖盘
1972,10:03:30,14.66,--,9,13194,卖盘
1973,10:03:27,14.66,--,25,36650,卖盘
1974,10:03:24,14.66,0.01,12,17592,买盘
1975,10:03:18,14.65,--,1,1465,卖盘
1976,10:03:15,14.65,--,17,24905,买盘
1977,10:03:12,14.65,-0.02,13,19045,中性盘
1978,10:02:57,14.67,0.04,20,29340,买盘
1979,10:02:51,14.63,--,2,2926,卖盘
1980,10:02:45,14.63,-0.04,6,8778,卖盘
1981,10:02:39,14.67,0.02,25,36675,买盘
1982,10:02:36,14.65,--,14,20510,买盘
1983,10:02:33,14.65,-0.02,23,33695,中性盘
1984,10:02:27,14.67,--,53,77751,买盘
1985,10:02:24,14.67,0.02,20,29340,买盘
1986,10:02:21,14.65,--,23,33695,买盘
1987,10:02:15,14.65,0.02,23,33695,买盘
1988,10:02:03,14.63,-0.02,1,1463,卖盘
1989,10:01:54,14.65,0.03,20,29300,买盘
1990,10:01:45,14.62,-0.03,4,5848,卖盘
1991,10:01:30,14.65,-0.02,10,14650,买盘
1992,10:01:27,14.67,0.02,20,29340,买盘
1993,10:01:21,14.65,0.02,1,1465,买盘
1994,10:01:15,14.63,0.01,5,7315,中性盘
1995,10:00:54,14.62,-0.05,50,73100,卖盘
1996,10:00:51,14.67,0.01,20,29340,买盘
1997,10:00:48,14.66,0.04,17,24922,买盘
1998,10:00:45,14.62,--,1,1462,中性盘
1999,10:00:24,14.62,-0.06,738,1079964,卖盘
2000,10:00:18,14.68,-0.01,20,29360,买盘
2001,10:00:12,14.69,0.03,58,85202,买盘
2002,10:00:09,14.66,-0.02,25,36650,卖盘
2003,10:00:06,14.68,0.01,24,35232,买盘
2004,10:00:03,14.67,-0.01,6,8802,中性盘
2005,09:59:51,14.68,--,9,13212,买盘
2006,09:59:48,14.68,0.02,20,29360,买盘
2007,09:59:45,14.66,--,2,2932,卖盘
2008,09:59:39,14.66,--,17,24922,卖盘
2009,09:59:18,14.66,-0.02,35,51310,卖盘
2010,09:59:15,14.68,--,50,73400,买盘
2011,09:59:06,14.68,0.02,10,14680,买盘
2012,09:58:45,14.66,-0.02,21,30786,卖盘
2013,09:58:42,14.68,--,63,92484,卖盘
2014,09:58:39,14.68,--,10,14680,卖盘
2015,09:58:24,14.68,--,1,1468,中性盘
2016,09:58:15,14.68,0.01,20,29360,买盘
2017,09:58:00,14.67,--,12,17604,卖盘
2018,09:57:45,14.67,-0.02,1,1467,卖盘
2019,09:57:42,14.69,0.03,20,29380,买盘
2020,09:57:39,14.66,-0.02,1,1466,中性盘
2021,09:57:21,14.68,-0.01,9,13212,卖盘
2022,09:57:15,14.69,--,1,1469,买盘
2023,09:57:12,14.69,--,20,29380,买盘
2024,09:57:06,14.69,0.01,4,5876,买盘
2025,09:57:03,14.68,--,8,11744,卖盘
2026,09:57:00,14.68,0.01,6,8808,卖盘
2027,09:56:48,14.67,0.03,34,49878,买盘
2028,09:56:45,14.64,-0.01,103,150792,卖盘
2029,09:56:42,14.65,-0.04,5,7325,卖盘
2030,09:56:39,14.69,0.04,20,29380,买盘
2031,09:56:33,14.65,--,1,1465,卖盘
2032,09:56:27,14.65,--,61,89365,卖盘
2033,09:56:18,14.65,-0.02,5,7325,卖盘
2034,09:56:09,14.67,0.02,20,29340,买盘
2035,09:56:06,14.65,--,23,33695,卖盘
2036,09:55:51,14.65,-0.01,10,14650,卖盘
2037,09:55:45,14.66,0.01,5,7330,中性盘
2038,09:55:39,14.65,-0.01,30,43950,卖盘
2039,09:55:33,14.66,0.01,38,55708,买盘
2040,09:55:30,14.65,--,23,33695,卖盘
2041,09:55:27,14.65,--,23,33695,卖盘
2042,09:55:21,14.65,--,23,33695,卖盘
2043,09:55:18,14.65,-0.01,26,38090,卖盘
2044,09:55:15,14.66,--,2,2932,买盘
2045,09:55:12,14.66,--,20,29320,买盘
2046,09:55:06,14.66,-0.01,20,29320,买盘
2047,09:54:54,14.67,0.02,6,8802,中性盘
2048,09:54:45,14.65,-0.04,9,13185,卖盘
2049,09:54:42,14.69,--,1,1469,买盘
2050,09:54:36,14.69,0.03,20,29380,买盘
2051,09:54:30,14.66,--,24,35184,卖盘
2052,09:54:24,14.66,-0.01,123,180318,卖盘
2053,09:54:18,14.67,-0.02,1,1467,中性盘
2054,09:54:15,14.69,0.02,35,51415,买盘
2055,09:54:09,14.67,-0.03,7,10269,卖盘
2056,09:54:06,14.7,0.01,20,29400,买盘
2057,09:54:03,14.69,--,24,35256,卖盘
2058,09:54:00,14.69,0.01,6,8814,买盘
2059,09:53:57,14.68,-0.01,446,654728,卖盘
2060,09:53:48,14.69,--,1,1469,卖盘
2061,09:53:45,14.69,-0.01,1,1469,中性盘
2062,09:53:42,14.7,0.01,13,19110,买盘
2063,09:53:39,14.69,--,27,39663,卖盘
2064,09:53:33,14.69,--,22,32318,卖盘
2065,09:53:27,14.69,--,3,4407,卖盘
2066,09:53:18,14.69,--,2,2938,卖盘
2067,09:53:15,14.69,0.01,24,35256,卖盘
2068,09:53:12,14.68,--,9,13212,卖盘
2069,09:53:09,14.68,-0.01,78,114504,卖盘
2070,09:53:03,14.69,--,25,36725,买盘
2071,09:52:54,14.69,--,134,196846,卖盘
2072,09:52:51,14.69,--,100,146900,卖盘
2073,09:52:45,14.69,-0.01,2,2938,卖盘
2074,09:52:42,14.7,--,3,4410,买盘
2075,09:52:39,14.7,--,9,13230,买盘
2076,09:52:36,14.7,0.01,54,79380,买盘
2077,09:52:33,14.69,-0.01,22,32318,卖盘
2078,09:52:30,14.7,--,36,52920,买盘
2079,09:52:27,14.7,--,35,51450,买盘
2080,09:52:15,14.7,--,43,63210,买盘
2081,09:52:12,14.7,--,98,144060,买盘
2082,09:52:09,14.7,--,10,14700,买盘
2083,09:52:00,14.7,0.01,20,29400,买盘
2084,09:51:57,14.69,--,10,14690,卖盘
2085,09:51:54,14.69,--,11,16159,卖盘
2086,09:51:51,14.69,--,14,20566,买盘
2087,09:51:48,14.69,0.01,45,66105,买盘
2088,09:51:45,14.68,-0.02,2,2936,卖盘
2089,09:51:42,14.7,0.01,104,152880,买盘
2090,09:51:30,14.69,0.01,20,29380,买盘
2091,09:51:27,14.68,-0.01,4,5872,卖盘
2092,09:51:24,14.69,-0.01,5,7345,买盘
2093,09:51:18,14.7,0.02,50,73500,买盘
2094,09:51:09,14.68,-0.02,82,120376,卖盘
2095,09:50:57,14.7,0.02,20,29400,买盘
2096,09:50:54,14.68,-0.01,11,16148,卖盘
2097,09:50:51,14.69,0.01,70,102830,买盘
2098,09:50:45,14.68,-0.01,11,16148,卖盘
2099,09:50:39,14.69,--,3,4407,买盘
2100,09:50:36,14.69,0.01,217,318773,买盘
2101,09:50:33,14.68,--,7,10276,买盘
2102,09:50:27,14.68,-0.01,72,105696,卖盘
2103,09:50:24,14.69,0.01,6,8814,买盘
2104,09:50:21,14.68,--,10,14680,卖盘
2105,09:50:15,14.68,-0.01,4,5872,卖盘
2106,09:50:09,14.69,0.01,1,1469,买盘
2107,09:50:00,14.68,--,10,14680,卖盘
2108,09:49:57,14.68,--,21,30828,买盘
2109,09:49:54,14.68,0.01,20,29360,买盘
2110,09:49:48,14.67,--,1,1467,卖盘
2111,09:49:45,14.67,--,17,24939,买盘
2112,09:49:42,14.67,--,10,14670,买盘
2113,09:49:39,14.67,--,90,132030,买盘
2114,09:49:36,14.67,--,23,33741,买盘
2115,09:49:33,14.67,--,20,29340,买盘
2116,09:49:27,14.67,--,10,14670,买盘
2117,09:49:24,14.67,0.01,20,29340,买盘
2118,09:49:15,14.66,--,14,20524,卖盘
2119,09:49:12,14.66,--,158,231628,买盘
2120,09:49:03,14.66,--,12,17592,买盘
2121,09:49:00,14.66,--,27,39582,买盘
2122,09:48:57,14.66,0.01,18,26388,买盘
2123,09:48:54,14.65,-0.01,8,11720,卖盘
2124,09:48:51,14.66,0.01,54,79164,买盘
2125,09:48:45,14.65,-0.01,1,1465,卖盘
2126,09:48:42,14.66,0.01,50,73300,买盘
2127,09:48:24,14.65,-0.01,1,1465,卖盘
2128,09:48:21,14.66,0.01,20,29320,买盘
2129,09:48:06,14.65,-0.01,29,42485,卖盘
2130,09:48:00,14.66,--,23,33718,买盘
2131,09:47:57,14.66,--,28,41048,买盘
2132,09:47:51,14.66,0.01,23,33718,买盘
2133,09:47:48,14.65,0.01,20,29300,中性盘
2134,09:47:45,14.64,-0.02,12,17568,卖盘
2135,09:47:39,14.66,--,18,26388,买盘
2136,09:47:36,14.66,0.01,383,561478,买盘
2137,09:47:27,14.65,-0.01,170,250500,卖盘
2138,09:47:21,14.66,--,20,29320,买盘
2139,09:47:18,14.66,--,48,70368,买盘
2140,09:47:15,14.66,--,30,43980,买盘
2141,09:47:00,14.66,0.01,27,39582,买盘
2142,09:46:57,14.65,--,15,21975,卖盘
2143,09:46:54,14.65,-0.01,43,62995,卖盘
2144,09:46:48,14.66,0.01,20,29320,买盘
2145,09:46:45,14.65,--,1,1465,卖盘
2146,09:46:42,14.65,-0.01,30,43950,卖盘
2147,09:46:39,14.66,0.01,9,13194,买盘
2148,09:46:33,14.65,-0.01,2,2930,卖盘
2149,09:46:30,14.66,0.01,45,65970,买盘
2150,09:46:27,14.65,-0.01,3,4395,卖盘
2151,09:46:24,14.66,0.01,55,80630,买盘
2152,09:46:21,14.65,-0.01,200,293000,卖盘
2153,09:46:18,14.66,--,20,29320,买盘
2154,09:46:12,14.66,--,1,1466,买盘
2155,09:46:03,14.66,--,4,5864,买盘
2156,09:46:00,14.66,--,2,2932,买盘
2157,09:45:57,14.66,0.01,20,29320,买盘
2158,09:45:45,14.65,--,21,30765,卖盘
2159,09:45:39,14.65,--,5,7325,卖盘
2160,09:45:33,14.65,--,50,73250,卖盘
2161,09:45:27,14.65,-0.01,50,73250,卖盘
2162,09:45:24,14.66,0.01,2,2932,买盘
2163,09:45:15,14.65,--,158,231470,卖盘
2164,09:45:09,14.65,--,37,54205,卖盘
2165,09:45:00,14.65,--,1,1465,卖盘
2166,09:44:57,14.65,--,1,1465,卖盘
2167,09:44:51,14.65,--,23,33695,卖盘
2168,09:44:45,14.65,0.01,351,514683,买盘
2169,09:44:42,14.64,0.01,20,29280,中性盘
2170,09:44:30,14.63,-0.01,91,133133,卖盘
2171,09:44:21,14.64,--,30,43920,卖盘
2172,09:44:18,14.64,--,1,1464,卖盘
2173,09:44:12,14.64,--,27,39528,卖盘
2174,09:44:09,14.64,-0.01,16,23424,卖盘
2175,09:44:03,14.65,0.01,663,971295,买盘
2176,09:44:00,14.64,-0.01,2,2928,中性盘
2177,09:43:48,14.65,0.02,1,1465,买盘
2178,09:43:45,14.63,-0.02,1,1463,卖盘
2179,09:43:42,14.65,-0.01,189,277881,卖盘
2180,09:43:39,14.66,0.01,35,51310,买盘
2181,09:43:30,14.65,-0.01,15,21975,卖盘
2182,09:43:27,14.66,0.01,24,35184,买盘
2183,09:43:24,14.65,-0.01,4,5860,卖盘
2184,09:43:21,14.66,0.01,25,36650,买盘
2185,09:43:15,14.65,-0.01,53,77645,卖盘
2186,09:43:09,14.66,--,20,29320,买盘
2187,09:43:06,14.66,0.01,45,65970,买盘
2188,09:43:03,14.65,-0.01,70,102550,卖盘
2189,09:42:57,14.66,0.01,14,20524,买盘
2190,09:42:54,14.65,--,300,439500,卖盘
2191,09:42:48,14.65,--,32,46880,卖盘
2192,09:42:45,14.65,--,1,1465,卖盘
2193,09:42:39,14.65,--,38,55670,卖盘
2194,09:42:18,14.65,--,4,6592,卖盘
2195,09:42:15,14.65,--,637,933205,卖盘
2196,09:42:09,14.65,--,50,73250,卖盘
2197,09:42:06,14.65,--,39,57135,卖盘
2198,09:42:03,14.65,--,0,732,卖盘
2199,09:42:00,14.65,--,10,14650,卖盘
2200,09:41:51,14.65,--,2,2930,卖盘
2201,09:41:48,14.65,0.02,513,752013,买盘
2202,09:41:45,14.63,--,59,86317,卖盘
2203,09:41:42,14.63,--,4,5852,卖盘
2204,09:41:39,14.63,-0.01,2,2926,卖盘
2205,09:41:36,14.64,-0.01,20,29280,中性盘
2206,09:41:12,14.65,-0.01,149,218285,卖盘
2207,09:41:06,14.66,0.01,20,29320,买盘
2208,09:41:00,14.65,--,409,599185,卖盘
2209,09:40:57,14.65,--,12,17580,卖盘
2210,09:40:51,14.65,--,28,41020,卖盘
2211,09:40:45,14.65,--,3,4395,卖盘
2212,09:40:39,14.65,-0.01,3,4395,卖盘
2213,09:40:33,14.66,0.01,21,30786,买盘
2214,09:40:27,14.65,--,1,1465,卖盘
2215,09:40:24,14.65,0.01,224,328160,买盘
2216,09:40:21,14.64,--,26,38064,卖盘
2217,09:40:18,14.64,--,7,10248,卖盘
2218,09:40:15,14.64,--,51,74664,卖盘
2219,09:40:12,14.64,-0.01,8,11712,卖盘
2220,09:40:09,14.65,--,12,17580,买盘
2221,09:40:06,14.65,--,35,51275,买盘
2222,09:40:03,14.65,-0.01,286,418990,卖盘
2223,09:39:57,14.66,0.01,6,8796,买盘
2224,09:39:54,14.65,-0.01,15,21975,卖盘
2225,09:39:48,14.66,0.01,5,7330,买盘
2226,09:39:45,14.65,--,501,733965,卖盘
2227,09:39:42,14.65,--,15,21975,卖盘
2228,09:39:36,14.65,--,25,36625,卖盘
2229,09:39:33,14.65,--,10,14650,卖盘
2230,09:39:30,14.65,--,35,51275,卖盘
2231,09:39:27,14.65,--,20,29300,卖盘
2232,09:39:21,14.65,--,38,55670,卖盘
2233,09:39:18,14.65,--,124,181660,卖盘
2234,09:39:12,14.65,--,7,10255,卖盘
2235,09:39:06,14.65,-0.01,40,58600,卖盘
2236,09:38:57,14.66,0.01,250,366500,买盘
2237,09:38:51,14.65,--,30,43950,卖盘
2238,09:38:48,14.65,--,24,35160,卖盘
2239,09:38:45,14.65,--,1,1465,卖盘
2240,09:38:39,14.65,-0.01,13,19045,卖盘
2241,09:38:33,14.66,0.01,30,43980,买盘
2242,09:38:27,14.65,-0.01,5,7325,卖盘
2243,09:38:21,14.66,--,25,36650,买盘
2244,09:38:15,14.66,0.01,10,14660,买盘
2245,09:38:06,14.65,-0.01,15,21975,卖盘
2246,09:38:03,14.66,--,10,14660,买盘
2247,09:37:57,14.66,--,5,7330,买盘
2248,09:37:51,14.66,0.01,5,7330,买盘
2249,09:37:45,14.65,-0.01,3,4395,卖盘
2250,09:37:42,14.66,-0.01,23,33718,卖盘
2251,09:37:36,14.67,0.01,5,7335,买盘
2252,09:37:33,14.66,0.01,2,2932,中性盘
2253,09:37:30,14.65,-0.02,123,180195,卖盘
2254,09:37:27,14.67,0.01,24,35208,买盘
2255,09:37:24,14.66,--,24,35184,卖盘
2256,09:37:21,14.66,--,51,74766,卖盘
2257,09:37:18,14.66,--,50,73300,卖盘
2258,09:37:12,14.66,-0.01,3,4398,卖盘
2259,09:37:03,14.67,--,28,41076,买盘
2260,09:36:57,14.67,--,1,1467,买盘
2261,09:36:51,14.67,--,30,44010,买盘
2262,09:36:48,14.67,--,35,52078,卖盘
2263,09:36:45,14.67,--,2,2934,卖盘
2264,09:36:42,14.67,-0.01,20,29340,卖盘
2265,09:36:39,14.68,-0.01,53,77804,中性盘
2266,09:36:30,14.69,0.01,75,110175,买盘
2267,09:36:18,14.68,-0.01,66,97768,卖盘
2268,09:36:15,14.69,0.01,5,7345,买盘
2269,09:36:12,14.68,--,24,35232,卖盘
2270,09:35:57,14.68,--,14,21139,买盘
2271,09:35:54,14.68,--,13,19084,买盘
2272,09:35:48,14.68,0.01,20,29360,买盘
2273,09:35:45,14.67,-0.01,1,1467,卖盘
2274,09:35:42,14.68,--,25,36700,买盘
2275,09:35:24,14.68,--,7,10276,卖盘
2276,09:35:21,14.68,--,4,5872,卖盘
2277,09:35:12,14.68,-0.01,10,14680,卖盘
2278,09:35:03,14.69,--,27,39663,买盘
2279,09:35:00,14.69,--,10,14690,买盘
2280,09:34:57,14.69,--,25,36725,买盘
2281,09:34:54,14.69,--,39,57291,买盘
2282,09:34:51,14.69,0.01,30,44070,买盘
2283,09:34:45,14.68,-0.01,1,1468,卖盘
2284,09:34:39,14.69,-0.01,60,88140,卖盘
2285,09:34:36,14.7,--,100,147000,买盘
2286,09:34:30,14.7,--,3,4410,买盘
2287,09:34:27,14.7,0.01,20,29400,买盘
2288,09:34:21,14.69,0.01,50,73450,中性盘
2289,09:34:15,14.68,--,50,73400,卖盘
2290,09:34:12,14.68,0.01,3,4404,中性盘
2291,09:34:06,14.67,-0.01,20,29340,卖盘
2292,09:34:03,14.68,--,1,2202,买盘
2293,09:34:00,14.68,--,87,127716,买盘
2294,09:33:57,14.68,--,4,5872,买盘
2295,09:33:51,14.68,--,99,145332,买盘
2296,09:33:48,14.68,0.01,25,36700,买盘
2297,09:33:45,14.67,-0.03,19,27873,卖盘
2298,09:33:42,14.7,0.02,14,20580,买盘
2299,09:33:39,14.68,-0.02,35,51380,卖盘
2300,09:33:33,14.7,--,48,70560,买盘
2301,09:33:30,14.7,--,96,141120,买盘
2302,09:33:27,14.7,0.02,23,33810,买盘
2303,09:33:21,14.68,-0.01,57,83676,卖盘
2304,09:33:18,14.69,--,25,36725,买盘
2305,09:33:15,14.69,--,69,101361,买盘
2306,09:33:12,14.69,--,23,33787,买盘
2307,09:33:03,14.69,0.03,46,67574,买盘
2308,09:32:51,14.66,--,20,29320,卖盘
2309,09:32:48,14.66,--,3,4398,卖盘
2310,09:32:45,14.66,--,45,65970,卖盘
2311,09:32:30,14.66,--,12,17592,买盘
2312,09:32:15,14.66,--,39,57174,买盘
2313,09:32:03,14.66,0.01,25,36650,买盘
2314,09:31:54,14.65,--,105,153825,卖盘
2315,09:31:48,14.65,0.02,18,26370,买盘
2316,09:31:45,14.63,--,21,30723,买盘
2317,09:31:30,14.63,--,22,32186,卖盘
2318,09:31:21,14.63,--,10,14630,卖盘
2319,09:31:18,14.63,--,23,33649,卖盘
2320,09:31:15,14.63,--,30,43890,卖盘
2321,09:31:09,14.63,-0.02,15,21945,卖盘
2322,09:31:06,14.65,0.02,16,23440,买盘
2323,09:31:03,14.63,-0.02,23,33649,卖盘
2324,09:30:57,14.65,0.01,24,35160,买盘
2325,09:30:54,14.64,-0.01,28,40992,卖盘
2326,09:30:51,14.65,--,20,29300,买盘
2327,09:30:45,14.65,0.01,86,125990,买盘
2328,09:30:39,14.64,-0.01,23,33672,卖盘
2329,09:30:30,14.65,--,50,73250,中性盘
2330,09:30:24,14.65,-0.01,60,87900,卖盘
2331,09:30:18,14.66,--,26,38116,买盘
2332,09:30:09,14.66,--,81,118746,买盘
2333,09:30:06,14.66,--,187,274142,买盘
2334,09:30:03,14.66,-0.01,112,164192,卖盘
2335,09:30:00,14.67,--,0,0,买盘
2336,09:25:03,14.67,14.67,32,46944,买盘
