,time,price,change,volume,amount,type
0,15:00:03,29.35,-0.06,4468,13113580,卖盘
1,14:57:00,29.41,0.01,1,2941,买盘
2,14:56:57,29.4,-0.01,20,58800,卖盘
3,14:56:54,29.41,--,16,47056,买盘
4,14:56:51,29.41,--,20,58820,卖盘
5,14:56:48,29.41,0.01,59,173519,买盘
6,14:56:45,29.4,-0.01,122,358680,卖盘
7,14:56:42,29.41,-0.01,21,61761,卖盘
8,14:56:39,29.42,0.01,6,17652,买盘
9,14:56:36,29.41,--,39,115551,买盘
10,14:56:33,29.41,--,36,105876,买盘
11,14:56:30,29.41,0.01,185,544085,买盘
12,14:56:27,29.4,-0.01,53,155820,卖盘
13,14:56:24,29.41,0.01,15,44115,买盘
14,14:56:21,29.4,--,25,73500,卖盘
15,14:56:18,29.4,-0.01,26,76440,卖盘
16,14:56:15,29.41,0.01,46,135286,买盘
17,14:56:12,29.4,--,3,8820,卖盘
18,14:56:09,29.4,-0.01,172,505680,卖盘
19,14:56:06,29.41,0.01,60,176460,买盘
20,14:56:03,29.4,--,165,485100,卖盘
21,14:56:00,29.4,--,17,49980,卖盘
22,14:55:57,29.4,--,9,26460,卖盘
23,14:55:54,29.4,--,34,99960,买盘
24,14:55:51,29.4,--,15,44100,买盘
25,14:55:48,29.4,--,7,20580,买盘
26,14:55:45,29.4,-0.01,55,161700,卖盘
27,14:55:42,29.41,--,126,370566,买盘
28,14:55:39,29.41,--,53,155873,买盘
29,14:55:36,29.41,0.01,29,85289,买盘
30,14:55:33,29.4,-0.01,13,38220,卖盘
31,14:55:27,29.41,0.01,31,91171,买盘
32,14:55:24,29.4,--,388,1140720,卖盘
33,14:55:21,29.4,-0.01,71,208740,卖盘
34,14:55:18,29.41,--,240,705840,买盘
35,14:55:15,29.41,--,13,38233,买盘
36,14:55:12,29.41,--,19,55879,买盘
37,14:55:09,29.41,--,46,135286,卖盘
38,14:55:06,29.41,-0.01,73,214693,卖盘
39,14:55:03,29.42,--,3,8826,买盘
40,14:55:00,29.42,--,15,44130,买盘
41,14:54:57,29.42,--,89,261838,买盘
42,14:54:54,29.42,--,42,123564,买盘
43,14:54:51,29.42,--,9,26478,买盘
44,14:54:48,29.42,--,13,38246,买盘
45,14:54:45,29.42,--,61,179462,买盘
46,14:54:42,29.42,--,5,14710,买盘
47,14:54:39,29.42,--,53,155926,买盘
48,14:54:36,29.42,--,209,614878,买盘
49,14:54:33,29.42,--,46,135332,买盘
50,14:54:30,29.42,--,11,32362,买盘
51,14:54:27,29.42,--,41,120622,买盘
52,14:54:24,29.42,0.01,16,47072,买盘
53,14:54:21,29.41,--,37,108817,卖盘
54,14:54:15,29.41,-0.01,10,29410,卖盘
55,14:54:12,29.42,0.02,15,44130,买盘
56,14:54:09,29.4,-0.01,4,11760,卖盘
57,14:54:06,29.41,--,2,5882,买盘
58,14:54:03,29.41,--,52,152932,买盘
59,14:54:00,29.41,--,18,52938,买盘
60,14:53:57,29.41,--,36,105876,买盘
61,14:53:54,29.41,0.01,99,291159,买盘
62,14:53:51,29.4,-0.01,6,17640,卖盘
63,14:53:48,29.41,0.01,3,8823,买盘
64,14:53:45,29.4,--,27,79380,卖盘
65,14:53:42,29.4,--,27,79380,买盘
66,14:53:39,29.4,--,2,5880,买盘
67,14:53:36,29.4,0.01,5,14700,买盘
68,14:53:33,29.39,-0.02,52,152828,卖盘
69,14:53:30,29.41,0.01,16,47056,买盘
70,14:53:27,29.4,--,5,14700,买盘
71,14:53:24,29.4,-0.01,1,2940,卖盘
72,14:53:21,29.41,--,22,64702,买盘
73,14:53:18,29.41,0.02,6,17646,买盘
74,14:53:15,29.39,-0.01,18,52902,卖盘
75,14:53:12,29.4,0.01,20,58800,卖盘
76,14:53:06,29.39,-0.01,16,47024,卖盘
77,14:53:03,29.4,0.01,29,85260,买盘
78,14:53:00,29.39,--,25,73475,买盘
79,14:52:57,29.39,--,1,2939,买盘
80,14:52:54,29.39,0.01,4,11756,中性盘
81,14:52:51,29.38,--,29,85202,卖盘
82,14:52:45,29.38,--,501,1471938,买盘
83,14:52:42,29.38,--,48,141024,买盘
84,14:52:39,29.38,0.01,55,161590,买盘
85,14:52:36,29.37,-0.01,50,146850,卖盘
86,14:52:33,29.38,--,116,340808,买盘
87,14:52:30,29.38,--,42,123396,买盘
88,14:52:27,29.38,--,42,123396,买盘
89,14:52:24,29.38,--,18,52884,买盘
90,14:52:21,29.38,0.01,78,229164,买盘
91,14:52:18,29.37,-0.01,18,52866,卖盘
92,14:52:12,29.38,0.01,102,301027,买盘
93,14:52:09,29.37,--,26,76362,卖盘
94,14:52:06,29.37,--,38,111606,卖盘
95,14:52:03,29.37,--,60,176220,卖盘
96,14:52:00,29.37,--,20,58740,卖盘
97,14:51:57,29.37,-0.01,21,61677,卖盘
98,14:51:54,29.38,0.01,54,158652,买盘
99,14:51:51,29.37,--,36,105732,卖盘
100,14:51:48,29.37,0.01,7,20559,卖盘
101,14:51:45,29.36,-0.02,92,270112,卖盘
102,14:51:42,29.38,--,19,55822,买盘
103,14:51:39,29.38,0.01,3,8814,买盘
104,14:51:36,29.37,0.01,25,73425,中性盘
105,14:51:33,29.36,-0.01,158,464622,卖盘
106,14:51:30,29.37,--,32,93984,买盘
107,14:51:27,29.37,--,4,11748,买盘
108,14:51:24,29.37,--,86,252582,买盘
109,14:51:21,29.37,--,119,349503,买盘
110,14:51:18,29.37,--,52,152724,买盘
111,14:51:15,29.37,--,41,120417,买盘
112,14:51:12,29.37,-0.01,148,436878,卖盘
113,14:51:09,29.38,--,31,91078,买盘
114,14:51:03,29.38,--,92,270296,买盘
115,14:51:00,29.38,-0.01,315,925470,卖盘
116,14:50:57,29.39,0.01,51,149889,买盘
117,14:50:54,29.38,-0.01,15,44070,卖盘
118,14:50:51,29.39,--,67,196913,买盘
119,14:50:48,29.39,--,13,38207,买盘
120,14:50:45,29.39,--,18,52902,买盘
121,14:50:42,29.39,--,14,41146,买盘
122,14:50:39,29.39,--,7,20573,买盘
123,14:50:36,29.39,--,315,925785,买盘
124,14:50:33,29.39,-0.01,71,208669,卖盘
125,14:50:30,29.4,--,6,17640,买盘
126,14:50:27,29.4,--,43,126420,买盘
127,14:50:24,29.4,0.01,15,44100,买盘
128,14:50:21,29.39,-0.01,62,182218,中性盘
129,14:50:18,29.4,--,30,88200,买盘
130,14:50:15,29.4,--,860,2528400,买盘
131,14:50:12,29.4,0.01,34,99960,买盘
132,14:50:09,29.39,-0.01,33,96987,卖盘
133,14:50:06,29.4,--,5,14700,买盘
134,14:50:03,29.4,0.01,10,29400,买盘
135,14:50:00,29.39,-0.01,16,47024,卖盘
136,14:49:57,29.4,--,2,5880,买盘
137,14:49:54,29.4,0.01,14,41160,买盘
138,14:49:51,29.39,-0.01,14,41146,卖盘
139,14:49:48,29.4,0.01,7,20580,买盘
140,14:49:42,29.39,-0.02,62,182218,卖盘
141,14:49:39,29.41,0.01,50,147050,买盘
142,14:49:36,29.4,-0.01,6,17640,卖盘
143,14:49:33,29.41,--,4,11764,买盘
144,14:49:30,29.41,--,43,126463,买盘
145,14:49:27,29.41,--,55,161755,买盘
146,14:49:24,29.41,0.01,4,11764,买盘
147,14:49:21,29.4,-0.01,22,64680,卖盘
148,14:49:18,29.41,--,23,67643,买盘
149,14:49:12,29.41,--,4,11764,买盘
150,14:49:09,29.41,0.01,72,211752,买盘
151,14:49:06,29.4,--,22,64680,买盘
152,14:49:03,29.4,--,117,343980,卖盘
153,14:49:00,29.4,--,2,5880,卖盘
154,14:48:57,29.4,-0.01,82,241080,卖盘
155,14:48:54,29.41,0.01,12,35292,买盘
156,14:48:51,29.4,-0.01,15,44100,卖盘
157,14:48:48,29.41,0.01,1,2941,买盘
158,14:48:45,29.4,-0.01,19,55860,卖盘
159,14:48:42,29.41,--,36,105876,买盘
160,14:48:39,29.41,--,12,35292,买盘
161,14:48:36,29.41,-0.01,5,14705,卖盘
162,14:48:33,29.42,0.01,13,38246,买盘
163,14:48:30,29.41,0.01,48,141168,卖盘
164,14:48:27,29.4,-0.02,110,323400,卖盘
165,14:48:24,29.42,0.01,403,1185626,买盘
166,14:48:21,29.41,-0.01,43,126463,卖盘
167,14:48:18,29.42,--,35,102970,买盘
168,14:48:15,29.42,--,9,26478,买盘
169,14:48:12,29.42,--,17,50014,买盘
170,14:48:09,29.42,--,1,2942,买盘
171,14:48:06,29.42,0.01,5,14710,买盘
172,14:48:03,29.41,-0.01,64,188224,卖盘
173,14:48:00,29.42,--,4,11768,卖盘
174,14:47:57,29.42,--,1,2942,卖盘
175,14:47:54,29.42,0.01,79,232418,买盘
176,14:47:51,29.41,0.01,15,44115,中性盘
177,14:47:48,29.4,-0.01,41,120540,卖盘
178,14:47:45,29.41,-0.01,5,14705,卖盘
179,14:47:42,29.42,--,7,20594,买盘
180,14:47:39,29.42,0.01,317,932614,买盘
181,14:47:36,29.41,-0.01,36,105876,卖盘
182,14:47:33,29.42,0.01,10,29420,买盘
183,14:47:30,29.41,--,30,88230,卖盘
184,14:47:27,29.41,--,5,14705,卖盘
185,14:47:24,29.41,-0.01,26,76466,卖盘
186,14:47:21,29.42,0.01,1,2942,卖盘
187,14:47:18,29.41,-0.02,37,108817,卖盘
188,14:47:15,29.43,--,4,11772,买盘
189,14:47:12,29.43,-0.01,15,44145,中性盘
190,14:47:09,29.44,0.03,14,41216,买盘
191,14:47:06,29.41,-0.02,70,205870,卖盘
192,14:47:03,29.43,0.02,122,359046,买盘
193,14:46:57,29.41,-0.01,8,23528,卖盘
194,14:46:54,29.42,--,34,100028,买盘
195,14:46:45,29.42,--,3,8826,买盘
196,14:46:42,29.42,--,332,977803,买盘
197,14:46:39,29.42,--,14,41188,买盘
198,14:46:33,29.42,-0.01,20,58840,卖盘
199,14:46:30,29.43,--,42,123606,买盘
200,14:46:27,29.43,0.01,8,23544,买盘
201,14:46:24,29.42,-0.01,8,23536,卖盘
202,14:46:21,29.43,--,7,20601,买盘
203,14:46:15,29.43,--,15,44145,买盘
204,14:46:12,29.43,--,19,55917,买盘
205,14:46:09,29.43,0.02,18,52974,中性盘
206,14:46:03,29.41,-0.02,64,188224,卖盘
207,14:46:00,29.43,--,2,5886,卖盘
208,14:45:57,29.43,0.02,1,2943,中性盘
209,14:45:54,29.41,-0.03,34,99994,卖盘
210,14:45:51,29.44,0.03,38,111872,买盘
211,14:45:48,29.41,-0.02,30,88230,卖盘
212,14:45:45,29.43,0.02,15,44145,买盘
213,14:45:42,29.41,--,36,105876,卖盘
214,14:45:39,29.41,-0.01,20,58820,卖盘
215,14:45:36,29.42,-0.01,12,35304,卖盘
216,14:45:33,29.43,0.01,4,11772,买盘
217,14:45:30,29.42,-0.01,2,5884,卖盘
218,14:45:27,29.43,--,316,932224,买盘
219,14:45:24,29.43,0.01,46,135996,买盘
220,14:45:21,29.42,--,3,8826,买盘
221,14:45:18,29.42,--,27,79434,买盘
222,14:45:15,29.42,--,43,126506,买盘
223,14:45:12,29.42,--,25,73550,买盘
224,14:45:09,29.42,--,26,76492,买盘
225,14:45:06,29.42,0.01,25,73550,买盘
226,14:45:03,29.41,-0.01,11,32351,卖盘
227,14:45:00,29.42,--,23,67666,买盘
228,14:44:57,29.42,--,34,100028,买盘
229,14:44:54,29.42,--,19,55898,买盘
230,14:44:51,29.42,-0.01,17,50014,买盘
231,14:44:48,29.43,0.02,3,8829,买盘
232,14:44:45,29.41,-0.02,34,99994,卖盘
233,14:44:42,29.43,--,45,132435,买盘
234,14:44:39,29.43,--,1,2943,买盘
235,14:44:36,29.43,--,3,8829,买盘
236,14:44:33,29.43,--,7,20601,买盘
237,14:44:27,29.43,--,9,26487,买盘
238,14:44:24,29.43,-0.01,13,38259,卖盘
239,14:44:18,29.44,--,2,5888,买盘
240,14:44:15,29.44,--,1,2944,买盘
241,14:44:12,29.44,--,27,79488,买盘
242,14:44:09,29.44,--,10,29440,买盘
243,14:44:06,29.44,-0.01,31,91264,卖盘
244,14:44:03,29.45,--,14,41230,买盘
245,14:44:00,29.45,0.01,5,14725,买盘
246,14:43:57,29.44,-0.01,15,44160,买盘
247,14:43:54,29.45,0.01,4,11780,买盘
248,14:43:51,29.44,--,36,105984,卖盘
249,14:43:48,29.44,--,5,14720,卖盘
250,14:43:45,29.44,--,35,103040,买盘
251,14:43:42,29.44,0.03,33,99801,买盘
252,14:43:39,29.41,-0.03,6,17646,卖盘
253,14:43:36,29.44,--,27,81313,买盘
254,14:43:33,29.44,-0.01,34,100096,买盘
255,14:43:30,29.45,0.03,21,61845,买盘
256,14:43:27,29.42,-0.03,35,102970,卖盘
257,14:43:24,29.45,--,79,232655,买盘
258,14:43:21,29.45,--,8,23560,买盘
259,14:43:15,29.45,--,10,29450,买盘
260,14:43:12,29.45,--,8,23560,买盘
261,14:43:09,29.45,-0.01,73,214985,卖盘
262,14:43:06,29.46,--,24,70704,买盘
263,14:43:03,29.46,--,5,14730,买盘
264,14:43:00,29.46,--,4,11784,买盘
265,14:42:57,29.46,--,12,35352,买盘
266,14:42:54,29.46,--,5,14730,买盘
267,14:42:51,29.46,0.01,11,32406,卖盘
268,14:42:48,29.45,-0.02,3,8835,卖盘
269,14:42:45,29.47,--,63,185661,买盘
270,14:42:42,29.47,--,6,17682,买盘
271,14:42:39,29.47,--,1,2947,买盘
272,14:42:36,29.47,--,3,8841,买盘
273,14:42:33,29.47,0.01,40,117880,买盘
274,14:42:30,29.46,0.01,5,14730,买盘
275,14:42:27,29.45,-0.01,4,11780,卖盘
276,14:42:24,29.46,--,8,23568,买盘
277,14:42:21,29.46,--,2,5892,买盘
278,14:42:18,29.46,--,9,26514,买盘
279,14:42:15,29.46,-0.02,102,300492,卖盘
280,14:42:12,29.48,0.01,9,26532,买盘
281,14:42:09,29.47,-0.03,7,20629,卖盘
282,14:42:06,29.5,0.01,94,277300,买盘
283,14:42:03,29.49,--,7,20643,买盘
284,14:41:54,29.49,-0.01,8,23592,卖盘
285,14:41:51,29.5,0.01,13,38350,买盘
286,14:41:45,29.49,-0.01,12,35388,卖盘
287,14:41:42,29.5,--,6,17700,买盘
288,14:41:39,29.5,--,30,88500,买盘
289,14:41:33,29.5,--,8,23600,买盘
290,14:41:27,29.5,--,18,53100,买盘
291,14:41:21,29.5,--,40,118000,卖盘
292,14:41:18,29.5,--,43,126850,卖盘
293,14:41:12,29.5,-0.01,10,29500,卖盘
294,14:41:09,29.51,0.01,18,53118,买盘
295,14:41:06,29.5,--,51,150450,买盘
296,14:41:03,29.5,--,14,41300,卖盘
297,14:41:00,29.5,-0.01,17,50150,卖盘
298,14:40:57,29.51,0.01,25,73775,买盘
299,14:40:54,29.5,0.01,69,203550,买盘
300,14:40:51,29.49,-0.01,64,188736,卖盘
301,14:40:45,29.5,-0.01,59,174050,卖盘
302,14:40:42,29.51,0.01,33,97383,买盘
303,14:40:39,29.5,-0.01,79,233050,卖盘
304,14:40:36,29.51,0.01,654,1929954,买盘
305,14:40:33,29.5,-0.01,30,88500,卖盘
306,14:40:30,29.51,--,9,26559,买盘
307,14:40:27,29.51,--,24,70824,买盘
308,14:40:24,29.51,--,1,2951,买盘
309,14:40:21,29.51,--,17,50167,卖盘
310,14:40:18,29.51,--,2,5902,卖盘
311,14:40:15,29.51,-0.01,11,32461,卖盘
312,14:40:12,29.52,0.01,9,26568,买盘
313,14:40:06,29.51,--,11,32461,卖盘
314,14:40:03,29.51,-0.01,3,8853,卖盘
315,14:40:00,29.52,0.01,9,26568,中性盘
316,14:39:57,29.51,-0.01,36,106236,卖盘
317,14:39:51,29.52,0.01,55,162360,买盘
318,14:39:42,29.51,-0.01,12,35412,卖盘
319,14:39:39,29.52,0.01,50,147600,买盘
320,14:39:36,29.51,-0.01,6,17706,卖盘
321,14:39:33,29.52,0.01,4,11808,买盘
322,14:39:30,29.51,-0.02,10,29510,中性盘
323,14:39:27,29.53,0.02,142,419326,买盘
324,14:39:24,29.51,-0.02,10,29510,卖盘
325,14:39:18,29.53,0.02,10,29530,买盘
326,14:39:15,29.51,--,32,94432,卖盘
327,14:39:12,29.51,--,8,23608,卖盘
328,14:39:09,29.51,-0.02,1,2951,卖盘
329,14:39:06,29.53,0.01,50,147650,买盘
330,14:39:03,29.52,--,22,64944,卖盘
331,14:39:00,29.52,--,53,156456,卖盘
332,14:38:57,29.52,--,5,14760,卖盘
333,14:38:54,29.52,0.01,48,141696,买盘
334,14:38:51,29.51,0.01,5,14755,买盘
335,14:38:48,29.5,--,9,26550,卖盘
336,14:38:42,29.5,--,11,32450,卖盘
337,14:38:39,29.5,--,9,26550,卖盘
338,14:38:36,29.5,--,9,26550,卖盘
339,14:38:33,29.5,0.01,154,454300,买盘
340,14:38:30,29.49,0.01,10,29490,买盘
341,14:38:27,29.48,0.02,79,232892,买盘
342,14:38:24,29.46,-0.02,7,20622,卖盘
343,14:38:18,29.48,--,9,26532,买盘
344,14:38:15,29.48,0.02,7,20636,买盘
345,14:38:12,29.46,-0.01,10,29460,卖盘
346,14:38:06,29.47,--,16,47152,买盘
347,14:38:03,29.47,0.01,3,8841,买盘
348,14:38:00,29.46,--,50,147300,卖盘
349,14:37:57,29.46,--,5,14730,卖盘
350,14:37:54,29.46,-0.01,4,11784,卖盘
351,14:37:51,29.47,0.01,40,120709,买盘
352,14:37:48,29.46,--,54,159084,买盘
353,14:37:45,29.46,--,5,14730,买盘
354,14:37:42,29.46,0.01,13,38298,买盘
355,14:37:39,29.45,-0.01,9,26505,卖盘
356,14:37:36,29.46,--,21,61866,买盘
357,14:37:33,29.46,--,20,58920,买盘
358,14:37:30,29.46,--,1,2946,买盘
359,14:37:24,29.46,-0.02,463,1365294,卖盘
360,14:37:21,29.48,0.01,15,44220,买盘
361,14:37:12,29.47,--,19,55993,卖盘
362,14:37:09,29.47,--,13,38311,卖盘
363,14:37:06,29.47,--,4,11788,买盘
364,14:37:03,29.47,0.01,83,244601,买盘
365,14:37:00,29.46,-0.01,2,5892,卖盘
366,14:36:57,29.47,0.01,8,23576,买盘
367,14:36:48,29.46,--,1,2946,卖盘
368,14:36:45,29.46,0.01,213,629147,买盘
369,14:36:42,29.45,--,7,20615,卖盘
370,14:36:39,29.45,--,81,238545,卖盘
371,14:36:33,29.45,--,46,135470,卖盘
372,14:36:30,29.45,--,20,58900,卖盘
373,14:36:27,29.45,--,74,217930,买盘
374,14:36:24,29.45,0.01,4,11780,买盘
375,14:36:21,29.44,-0.01,14,41216,卖盘
376,14:36:15,29.45,--,10,29450,买盘
377,14:36:12,29.45,--,4,11780,买盘
378,14:36:09,29.45,0.01,47,139651,买盘
379,14:36:06,29.44,--,3,8832,买盘
380,14:36:03,29.44,--,13,38272,买盘
381,14:36:00,29.44,0.01,5,14720,买盘
382,14:35:57,29.43,-0.01,529,1556847,卖盘
383,14:35:54,29.44,--,24,70656,买盘
384,14:35:51,29.44,--,8,23552,买盘
385,14:35:48,29.44,--,134,394496,买盘
386,14:35:45,29.44,0.01,9,26496,买盘
387,14:35:42,29.43,--,4,11772,卖盘
388,14:35:39,29.43,--,95,279614,买盘
389,14:35:36,29.43,--,17,50031,买盘
390,14:35:33,29.43,--,11,32373,买盘
391,14:35:30,29.43,--,9,26487,买盘
392,14:35:27,29.43,--,7,20601,买盘
393,14:35:24,29.43,0.01,20,58860,买盘
394,14:35:21,29.42,-0.01,15,44130,卖盘
395,14:35:18,29.43,0.01,6,17658,买盘
396,14:35:15,29.42,--,1,2942,买盘
397,14:35:12,29.42,0.02,8,23536,中性盘
398,14:35:09,29.4,-0.03,11,32340,卖盘
399,14:35:06,29.43,0.01,38,111834,买盘
400,14:35:03,29.42,0.02,70,205940,买盘
401,14:35:00,29.4,--,7,20580,买盘
402,14:34:57,29.4,--,8,23520,买盘
403,14:34:54,29.4,--,5,14700,买盘
404,14:34:51,29.4,-0.01,205,602700,卖盘
405,14:34:48,29.41,0.01,18,52938,中性盘
406,14:34:39,29.4,-0.01,14,41160,卖盘
407,14:34:36,29.41,--,5,14705,买盘
408,14:34:33,29.41,0.01,11,32351,买盘
409,14:34:30,29.4,0.01,135,396900,买盘
410,14:34:27,29.39,--,5,14695,卖盘
411,14:34:24,29.39,-0.01,10,29390,卖盘
412,14:34:21,29.4,0.01,10,29400,买盘
413,14:34:18,29.39,-0.01,45,132255,卖盘
414,14:34:15,29.4,--,9,26460,买盘
415,14:34:12,29.4,--,11,32340,买盘
416,14:34:09,29.4,--,40,117600,买盘
417,14:34:03,29.4,--,72,211680,买盘
418,14:34:00,29.4,-0.03,511,1502340,卖盘
419,14:33:57,29.43,--,15,44145,买盘
420,14:33:54,29.43,--,4,11772,买盘
421,14:33:51,29.43,--,24,70632,买盘
422,14:33:48,29.43,0.01,37,108891,买盘
423,14:33:45,29.42,0.01,14,41188,买盘
424,14:33:39,29.41,-0.01,10,29410,卖盘
425,14:33:36,29.42,0.02,1,2942,买盘
426,14:33:27,29.4,-0.03,12,35280,卖盘
427,14:33:18,29.43,0.04,28,82404,买盘
428,14:33:15,29.39,--,15,44085,卖盘
429,14:33:12,29.39,--,34,101395,卖盘
430,14:33:09,29.39,-0.01,9,26451,卖盘
431,14:33:06,29.4,0.01,6,17640,买盘
432,14:33:03,29.39,--,31,93019,卖盘
433,14:33:00,29.39,0.01,40,117560,中性盘
434,14:32:57,29.38,-0.01,442,1298596,卖盘
435,14:32:54,29.39,0.01,72,211608,买盘
436,14:32:51,29.38,-0.01,31,91078,卖盘
437,14:32:48,29.39,--,23,67597,卖盘
438,14:32:45,29.39,-0.01,16,47024,中性盘
439,14:32:42,29.4,--,266,782040,买盘
440,14:32:39,29.4,--,1,2940,买盘
441,14:32:36,29.4,0.01,20,58800,买盘
442,14:32:33,29.39,0.01,38,113445,买盘
443,14:32:30,29.38,--,2,7345,卖盘
444,14:32:27,29.38,--,57,167466,买盘
445,14:32:24,29.38,--,18,52884,买盘
446,14:32:21,29.38,-0.01,172,505336,卖盘
447,14:32:18,29.39,--,10,29390,买盘
448,14:32:15,29.39,--,12,35268,买盘
449,14:32:12,29.39,--,5,14695,买盘
450,14:32:09,29.39,-0.01,106,311563,卖盘
451,14:32:06,29.4,--,6,17640,买盘
452,14:32:03,29.4,--,17,49980,买盘
453,14:32:00,29.4,--,11,32340,买盘
454,14:31:57,29.4,--,310,912870,卖盘
455,14:31:54,29.4,-0.02,9,26460,卖盘
456,14:31:51,29.42,--,4,11768,买盘
457,14:31:48,29.42,--,700,2059400,买盘
458,14:31:45,29.42,-0.01,55,161810,卖盘
459,14:31:42,29.43,--,26,76518,买盘
460,14:31:39,29.43,--,3,8829,买盘
461,14:31:36,29.43,--,2,5886,买盘
462,14:31:33,29.43,--,17,50031,买盘
463,14:31:30,29.43,-0.01,157,462051,卖盘
464,14:31:27,29.44,--,18,52992,买盘
465,14:31:24,29.44,--,4,11776,买盘
466,14:31:21,29.44,--,40,117760,买盘
467,14:31:18,29.44,--,12,35328,买盘
468,14:31:15,29.44,-0.01,91,269611,卖盘
469,14:31:12,29.45,--,16,47120,买盘
470,14:31:09,29.45,0.01,13,38285,买盘
471,14:31:06,29.44,-0.01,4,11776,卖盘
472,14:31:03,29.45,--,109,321005,买盘
473,14:30:57,29.45,--,8,23560,买盘
474,14:30:54,29.45,--,7,20615,买盘
475,14:30:51,29.45,0.01,24,70680,买盘
476,14:30:48,29.44,-0.01,50,147200,卖盘
477,14:30:45,29.45,--,16,47120,买盘
478,14:30:42,29.45,--,4,11780,买盘
479,14:30:39,29.45,--,37,108965,买盘
480,14:30:36,29.45,0.01,6,17670,买盘
481,14:30:33,29.44,-0.01,16,48340,卖盘
482,14:30:30,29.45,--,2,5890,买盘
483,14:30:27,29.45,--,9,26505,买盘
484,14:30:24,29.45,--,4,11780,买盘
485,14:30:21,29.45,--,13,38285,买盘
486,14:30:18,29.45,--,9,26505,买盘
487,14:30:15,29.45,-0.01,34,100130,卖盘
488,14:30:12,29.46,--,4,11784,买盘
489,14:30:09,29.46,0.01,55,162030,买盘
490,14:30:06,29.45,--,1,2945,卖盘
491,14:30:03,29.45,--,106,312170,买盘
492,14:30:00,29.45,-0.01,88,259160,卖盘
493,14:29:57,29.46,0.01,12,35352,买盘
494,14:29:54,29.45,-0.01,92,270940,卖盘
495,14:29:51,29.46,0.01,6,17676,买盘
496,14:29:48,29.45,0.01,10,29450,卖盘
497,14:29:42,29.44,--,64,188416,卖盘
498,14:29:39,29.44,-0.01,12,35328,卖盘
499,14:29:36,29.45,0.01,6,17670,买盘
500,14:29:33,29.44,-0.01,37,108928,卖盘
501,14:29:27,29.45,--,6,17670,买盘
502,14:29:24,29.45,0.01,4,11780,买盘
503,14:29:21,29.44,--,4,11776,卖盘
504,14:29:15,29.44,--,3,8832,买盘
505,14:29:12,29.44,0.01,26,76544,买盘
506,14:29:09,29.43,--,1,2943,卖盘
507,14:29:06,29.43,-0.01,31,91233,卖盘
508,14:29:03,29.44,--,7,20608,买盘
509,14:29:00,29.44,--,9,26496,买盘
510,14:28:57,29.44,--,234,688896,买盘
511,14:28:54,29.44,--,7,20608,买盘
512,14:28:48,29.44,--,7,20608,买盘
513,14:28:45,29.44,--,19,55936,买盘
514,14:28:39,29.44,--,9,26496,买盘
515,14:28:36,29.44,--,10,29440,买盘
516,14:28:33,29.44,--,4,11776,买盘
517,14:28:30,29.44,0.02,17,50048,买盘
518,14:28:27,29.42,--,11,32362,买盘
519,14:28:24,29.42,-0.01,84,247128,卖盘
520,14:28:21,29.43,-0.01,152,447336,卖盘
521,14:28:18,29.44,--,12,35328,买盘
522,14:28:15,29.44,-0.01,1,2944,中性盘
523,14:28:12,29.45,--,5,14725,买盘
524,14:28:09,29.45,--,6,17670,买盘
525,14:28:06,29.45,--,3,8835,买盘
526,14:28:03,29.45,--,6,17670,买盘
527,14:28:00,29.45,-0.01,11,32395,中性盘
528,14:27:54,29.46,--,21,61866,买盘
529,14:27:51,29.46,0.01,11,32406,买盘
530,14:27:48,29.45,-0.01,15,44175,卖盘
531,14:27:42,29.46,--,7,20622,买盘
532,14:27:36,29.46,--,8,23568,卖盘
533,14:27:33,29.46,--,52,153192,卖盘
534,14:27:30,29.46,-0.01,20,58920,卖盘
535,14:27:27,29.47,--,19,55993,买盘
536,14:27:21,29.47,0.01,27,79569,买盘
537,14:27:18,29.46,--,15,44190,卖盘
538,14:27:12,29.46,0.05,10,29460,买盘
539,14:27:09,29.41,0.01,27,79407,买盘
540,14:27:06,29.4,-0.01,143,420420,卖盘
541,14:27:00,29.41,--,2,7352,卖盘
542,14:26:57,29.41,--,4,11764,卖盘
543,14:26:54,29.41,--,119,349979,买盘
544,14:26:51,29.41,--,5,14705,买盘
545,14:26:48,29.41,--,10,29410,买盘
546,14:26:45,29.41,--,3,8823,买盘
547,14:26:42,29.41,0.01,11,32351,买盘
548,14:26:39,29.4,--,26,76440,买盘
549,14:26:36,29.4,--,4,11760,买盘
550,14:26:33,29.4,-0.01,537,1578780,卖盘
551,14:26:24,29.41,--,7,20587,卖盘
552,14:26:21,29.41,-0.02,79,232339,卖盘
553,14:26:15,29.43,-0.04,10,29430,中性盘
554,14:26:12,29.47,0.04,4,11788,买盘
555,14:26:09,29.43,--,4,11772,买盘
556,14:26:03,29.43,-0.05,5,14715,卖盘
557,14:26:00,29.48,--,9,26532,买盘
558,14:25:57,29.48,-0.01,333,981684,买盘
559,14:25:54,29.49,-0.01,4,11796,中性盘
560,14:25:51,29.5,0.07,1,2950,买盘
561,14:25:48,29.43,-0.05,567,1668681,卖盘
562,14:25:45,29.48,-0.02,10,29480,卖盘
563,14:25:42,29.5,0.01,75,221250,买盘
564,14:25:36,29.49,-0.01,51,150399,卖盘
565,14:25:33,29.5,0.01,91,268450,买盘
566,14:25:30,29.49,-0.02,27,79623,卖盘
567,14:25:27,29.51,0.01,5,14755,买盘
568,14:25:24,29.5,--,100,295000,卖盘
569,14:25:21,29.5,--,10,29500,中性盘
570,14:25:15,29.5,--,53,156350,买盘
571,14:25:12,29.5,--,61,179950,买盘
572,14:25:09,29.5,--,3,8850,买盘
573,14:25:03,29.5,--,39,115050,买盘
574,14:25:00,29.5,-0.01,271,800954,卖盘
575,14:24:57,29.51,-0.01,60,177060,卖盘
576,14:24:54,29.52,0.01,13,38376,买盘
577,14:24:48,29.51,-0.01,6,17706,卖盘
578,14:24:45,29.52,-0.01,24,70848,卖盘
579,14:24:42,29.53,0.01,88,259864,买盘
580,14:24:39,29.52,--,38,112176,卖盘
581,14:24:36,29.52,-0.01,12,35424,卖盘
582,14:24:33,29.53,0.01,41,121073,买盘
583,14:24:27,29.52,-0.01,9,26568,中性盘
584,14:24:24,29.53,0.02,7,20671,买盘
585,14:24:18,29.51,-0.02,24,70824,卖盘
586,14:24:15,29.53,--,1,2953,买盘
587,14:24:12,29.53,--,26,76778,买盘
588,14:24:09,29.53,0.02,14,41342,买盘
589,14:24:06,29.51,-0.01,14,41314,卖盘
590,14:24:03,29.52,--,39,116574,买盘
591,14:24:00,29.52,-0.01,20,59040,卖盘
592,14:23:57,29.53,0.01,22,64966,中性盘
593,14:23:54,29.52,-0.02,20,59040,卖盘
594,14:23:51,29.54,0.02,1,2954,买盘
595,14:23:48,29.52,-0.01,136,401472,卖盘
596,14:23:45,29.53,0.01,153,451809,买盘
597,14:23:42,29.52,0.01,4,11808,买盘
598,14:23:39,29.51,-0.01,3,8853,卖盘
599,14:23:36,29.52,--,12,35424,买盘
600,14:23:33,29.52,0.01,28,82656,买盘
601,14:23:30,29.51,-0.01,56,165256,卖盘
602,14:23:27,29.52,--,29,85608,买盘
603,14:23:24,29.52,--,25,73800,卖盘
604,14:23:18,29.52,--,9,26568,卖盘
605,14:23:15,29.52,--,52,153504,买盘
606,14:23:12,29.52,0.01,29,85608,买盘
607,14:23:06,29.51,--,2,5902,卖盘
608,14:23:03,29.51,-0.01,34,100334,卖盘
609,14:23:00,29.52,0.01,20,59040,买盘
610,14:22:57,29.51,-0.01,4,11804,卖盘
611,14:22:54,29.52,--,7,20664,中性盘
612,14:22:51,29.52,-0.01,4,11808,卖盘
613,14:22:42,29.53,--,6,17718,买盘
614,14:22:39,29.53,0.02,4,11812,买盘
615,14:22:36,29.51,-0.02,20,59020,卖盘
616,14:22:33,29.53,0.02,14,41342,买盘
617,14:22:27,29.51,-0.02,4,11804,卖盘
618,14:22:24,29.53,--,20,59060,买盘
619,14:22:21,29.53,-0.01,4,11812,中性盘
620,14:22:15,29.54,--,43,127022,买盘
621,14:22:12,29.54,0.03,4,11816,买盘
622,14:22:09,29.51,-0.03,11,32461,卖盘
623,14:22:06,29.54,--,6,17724,买盘
624,14:22:03,29.54,--,22,64988,买盘
625,14:22:00,29.54,--,26,76804,买盘
626,14:21:57,29.54,-0.01,6,17724,卖盘
627,14:21:54,29.55,0.01,21,62055,买盘
628,14:21:51,29.54,--,33,97482,卖盘
629,14:21:45,29.54,-0.01,3,8862,卖盘
630,14:21:42,29.55,--,4,11820,买盘
631,14:21:39,29.55,0.01,17,50235,买盘
632,14:21:36,29.54,--,10,29540,卖盘
633,14:21:33,29.54,-0.01,14,41356,卖盘
634,14:21:30,29.55,--,1,2955,买盘
635,14:21:27,29.55,--,8,23640,买盘
636,14:21:24,29.55,--,4,11820,买盘
637,14:21:21,29.55,0.01,1203,3554865,买盘
638,14:21:18,29.54,-0.01,17,50218,卖盘
639,14:21:15,29.55,0.01,95,280725,买盘
640,14:21:12,29.54,--,34,100436,卖盘
641,14:21:06,29.54,--,396,1169784,卖盘
642,14:21:03,29.54,--,14,41356,卖盘
643,14:20:57,29.54,-0.01,20,59080,卖盘
644,14:20:54,29.55,--,4,11820,买盘
645,14:20:51,29.55,--,5,14775,买盘
646,14:20:48,29.55,--,33,97515,买盘
647,14:20:45,29.55,0.01,9,26595,买盘
648,14:20:42,29.54,--,15,44310,买盘
649,14:20:39,29.54,--,9,26586,买盘
650,14:20:36,29.54,0.01,100,295400,买盘
651,14:20:33,29.53,-0.01,14,41342,卖盘
652,14:20:30,29.54,0.01,60,177240,买盘
653,14:20:27,29.53,-0.01,4,11812,卖盘
654,14:20:24,29.54,--,5,14770,买盘
655,14:20:21,29.54,--,33,97482,买盘
656,14:20:18,29.54,0.01,23,67942,买盘
657,14:20:15,29.53,--,9,26577,卖盘
658,14:20:06,29.53,0.02,17,50201,买盘
659,14:20:03,29.51,--,14,41314,卖盘
660,14:20:00,29.51,--,2,5902,卖盘
661,14:19:57,29.51,-0.01,88,259688,卖盘
662,14:19:54,29.52,0.01,55,162360,卖盘
663,14:19:48,29.51,-0.01,55,162305,卖盘
664,14:19:42,29.52,--,87,256824,买盘
665,14:19:39,29.52,0.01,21,61992,买盘
666,14:19:33,29.51,--,13,38363,卖盘
667,14:19:30,29.51,--,20,59020,卖盘
668,14:19:27,29.51,-0.01,96,283296,卖盘
669,14:19:24,29.52,--,14,41328,买盘
670,14:19:18,29.52,--,12,35424,买盘
671,14:19:12,29.52,-0.01,7,20664,中性盘
672,14:19:06,29.53,-0.01,8,23624,买盘
673,14:19:03,29.54,0.02,4,11816,买盘
674,14:19:00,29.52,0.02,26,76752,中性盘
675,14:18:57,29.5,-0.04,4,11800,卖盘
676,14:18:54,29.54,0.05,16,47264,买盘
677,14:18:51,29.49,-0.01,21,61929,卖盘
678,14:18:45,29.5,-0.03,98,289100,卖盘
679,14:18:42,29.53,--,102,301206,卖盘
680,14:18:39,29.53,--,209,617177,卖盘
681,14:18:36,29.53,--,33,97449,卖盘
682,14:18:33,29.53,--,50,147650,卖盘
683,14:18:30,29.53,--,5,14765,卖盘
684,14:18:27,29.53,--,23,67919,卖盘
685,14:18:24,29.53,0.02,55,162415,买盘
686,14:18:21,29.51,0.01,31,91481,买盘
687,14:18:18,29.5,--,100,295000,卖盘
688,14:18:15,29.5,-0.03,7,20650,卖盘
689,14:18:12,29.53,0.03,4,11812,买盘
690,14:18:06,29.5,-0.03,18,53100,中性盘
691,14:18:03,29.53,0.03,35,103355,买盘
692,14:18:00,29.5,0.01,11,32450,买盘
693,14:17:57,29.49,-0.01,9,26541,卖盘
694,14:17:54,29.5,0.01,38,112100,买盘
695,14:17:51,29.49,-0.01,6,17694,卖盘
696,14:17:48,29.5,--,46,135700,买盘
697,14:17:45,29.5,-0.04,186,548700,卖盘
698,14:17:42,29.54,0.02,8,23632,买盘
699,14:17:39,29.52,-0.01,8,23616,买盘
700,14:17:36,29.53,0.03,30,88590,买盘
701,14:17:33,29.5,-0.02,1987,5861650,卖盘
702,14:17:30,29.52,--,3,8856,卖盘
703,14:17:27,29.52,-0.01,29,85608,卖盘
704,14:17:24,29.53,--,4,11812,买盘
705,14:17:21,29.53,--,3,8859,买盘
706,14:17:18,29.53,--,9,26577,买盘
707,14:17:15,29.53,0.02,56,165368,买盘
708,14:17:12,29.51,-0.01,29,85579,卖盘
709,14:17:09,29.52,--,3,8856,买盘
710,14:17:06,29.52,--,32,94464,卖盘
711,14:17:03,29.52,--,13,38376,卖盘
712,14:16:57,29.52,--,24,70848,卖盘
713,14:16:54,29.52,-0.01,7,20664,卖盘
714,14:16:51,29.53,--,5,14765,卖盘
715,14:16:48,29.53,-0.01,1,2953,中性盘
716,14:16:45,29.54,0.01,12,35448,买盘
717,14:16:42,29.53,--,20,59060,买盘
718,14:16:33,29.53,0.03,7,20671,中性盘
719,14:16:24,29.5,-0.04,185,545750,卖盘
720,14:16:21,29.54,--,5,14770,买盘
721,14:16:18,29.54,0.01,5,14770,买盘
722,14:16:15,29.53,-0.01,17,50201,卖盘
723,14:16:12,29.54,--,4,11816,买盘
724,14:16:09,29.54,--,3,8862,买盘
725,14:16:06,29.54,-0.01,19,56126,卖盘
726,14:16:03,29.55,--,50,147750,买盘
727,14:16:00,29.55,--,13,38415,买盘
728,14:15:57,29.55,-0.01,3,8865,中性盘
729,14:15:54,29.56,0.01,6,17736,买盘
730,14:15:51,29.55,-0.01,13,38415,卖盘
731,14:15:45,29.56,-0.01,160,472960,卖盘
732,14:15:42,29.57,--,8,23656,买盘
733,14:15:39,29.57,0.01,37,109409,买盘
734,14:15:36,29.56,-0.01,4,11824,卖盘
735,14:15:33,29.57,--,47,138979,买盘
736,14:15:27,29.57,--,40,118280,买盘
737,14:15:24,29.57,-0.01,29,85753,中性盘
738,14:15:21,29.58,0.01,212,627096,买盘
739,14:15:18,29.57,-0.01,17,50269,卖盘
740,14:15:15,29.58,--,11,32537,买盘
741,14:15:12,29.58,-0.01,7,20706,中性盘
742,14:15:09,29.59,0.01,39,115401,买盘
743,14:15:06,29.58,0.01,4,11832,卖盘
744,14:15:03,29.57,-0.02,9,26613,卖盘
745,14:15:00,29.59,0.01,13,38467,买盘
746,14:14:57,29.58,-0.01,1,2958,中性盘
747,14:14:54,29.59,--,6,17754,买盘
748,14:14:51,29.59,--,75,221925,买盘
749,14:14:48,29.59,--,5,14795,卖盘
750,14:14:45,29.59,-0.01,3,8877,卖盘
751,14:14:42,29.6,--,66,195360,买盘
752,14:14:36,29.6,--,3,8880,买盘
753,14:14:33,29.6,0.03,41,121360,买盘
754,14:14:27,29.57,-0.01,5,14785,卖盘
755,14:14:24,29.58,--,7,20706,买盘
756,14:14:21,29.58,--,41,121278,买盘
757,14:14:15,29.58,--,10,29580,买盘
758,14:14:12,29.58,-0.02,42,124236,卖盘
759,14:14:09,29.6,--,65,192400,买盘
760,14:14:03,29.6,-0.01,90,266400,卖盘
761,14:14:00,29.61,0.01,3,8883,买盘
762,14:13:57,29.6,--,4,11840,卖盘
763,14:13:54,29.6,0.01,6,17760,中性盘
764,14:13:51,29.59,-0.04,10,29590,卖盘
765,14:13:48,29.63,0.03,159,471117,买盘
766,14:13:42,29.6,0.01,4,11840,买盘
767,14:13:39,29.59,-0.03,4,11836,卖盘
768,14:13:36,29.62,0.01,27,79974,买盘
769,14:13:33,29.61,0.01,89,263529,买盘
770,14:13:30,29.6,--,10,29600,买盘
771,14:13:27,29.6,--,14,41440,买盘
772,14:13:24,29.6,0.01,10,29600,买盘
773,14:13:21,29.59,-0.01,81,240182,卖盘
774,14:13:18,29.6,--,59,174640,卖盘
775,14:13:15,29.6,--,11,32560,卖盘
776,14:13:12,29.6,-0.01,71,212113,卖盘
777,14:13:09,29.61,0.01,141,418004,买盘
778,14:13:06,29.6,--,46,138616,卖盘
779,14:13:03,29.6,--,36,106560,卖盘
780,14:13:00,29.6,--,2,5920,卖盘
781,14:12:57,29.6,-0.01,15,44400,卖盘
782,14:12:54,29.61,0.01,4,11844,买盘
783,14:12:51,29.6,--,30,88800,卖盘
784,14:12:48,29.6,0.04,126,373463,买盘
785,14:12:45,29.56,-0.03,67,198052,卖盘
786,14:12:42,29.59,--,4,11836,买盘
787,14:12:39,29.59,0.01,14,41426,中性盘
788,14:12:36,29.58,-0.01,60,177480,卖盘
789,14:12:33,29.59,-0.01,96,284064,卖盘
790,14:12:30,29.6,--,104,307840,买盘
791,14:12:27,29.6,--,68,201280,买盘
792,14:12:24,29.6,0.01,55,162800,买盘
793,14:12:21,29.59,--,9,26631,卖盘
794,14:12:18,29.59,-0.01,101,298859,卖盘
795,14:12:15,29.6,--,3,8880,买盘
796,14:12:12,29.6,--,54,159840,买盘
797,14:12:06,29.6,--,42,124320,买盘
798,14:12:03,29.6,0.01,12,35520,买盘
799,14:12:00,29.59,-0.01,18,53262,卖盘
800,14:11:57,29.6,0.01,16,47360,买盘
801,14:11:54,29.59,-0.01,12,35508,卖盘
802,14:11:51,29.6,--,5,14800,买盘
803,14:11:48,29.6,--,5,14800,买盘
804,14:11:45,29.6,--,22,65120,买盘
805,14:11:42,29.6,--,5,14800,买盘
806,14:11:39,29.6,--,3,8880,买盘
807,14:11:33,29.6,--,32,94720,卖盘
808,14:11:30,29.6,--,25,74000,买盘
809,14:11:27,29.6,--,43,127280,买盘
810,14:11:24,29.6,0.01,37,109520,买盘
811,14:11:21,29.59,--,5,14795,卖盘
812,14:11:18,29.59,-0.01,8,23672,卖盘
813,14:11:15,29.6,0.01,9,26640,买盘
814,14:11:12,29.59,-0.01,22,65098,卖盘
815,14:11:09,29.6,--,20,59200,买盘
816,14:11:06,29.6,--,2,5920,中性盘
817,14:11:03,29.6,0.01,7,20720,买盘
818,14:11:00,29.59,-0.01,25,73975,卖盘
819,14:10:57,29.6,--,28,82880,买盘
820,14:10:54,29.6,0.01,136,402560,卖盘
821,14:10:51,29.59,-0.02,27,79893,卖盘
822,14:10:48,29.61,0.01,5,14805,买盘
823,14:10:45,29.6,-0.01,39,115440,卖盘
824,14:10:42,29.61,0.01,66,195426,买盘
825,14:10:39,29.6,0.01,6,17760,买盘
826,14:10:36,29.59,-0.02,2,5918,卖盘
827,14:10:33,29.61,0.01,31,91791,买盘
828,14:10:30,29.6,--,20,59200,中性盘
829,14:10:27,29.6,--,19,56240,买盘
830,14:10:24,29.6,--,4,11840,买盘
831,14:10:18,29.6,--,1,2960,中性盘
832,14:10:12,29.6,--,4,11840,买盘
833,14:10:09,29.6,0.01,44,130240,买盘
834,14:10:06,29.59,--,3,8877,卖盘
835,14:10:03,29.59,--,101,298859,卖盘
836,14:10:00,29.59,0.01,11,32549,中性盘
837,14:09:57,29.58,-0.01,23,68034,卖盘
838,14:09:54,29.59,0.01,4,11836,买盘
839,14:09:51,29.58,--,6,17748,卖盘
840,14:09:48,29.58,--,6,17748,卖盘
841,14:09:45,29.58,--,39,115362,卖盘
842,14:09:42,29.58,0.01,110,325380,买盘
843,14:09:39,29.57,--,3,8871,卖盘
844,14:09:36,29.57,-0.01,52,153764,卖盘
845,14:09:33,29.58,0.01,18,53244,买盘
846,14:09:30,29.57,-0.01,4,11828,卖盘
847,14:09:27,29.58,-0.02,10,29580,买盘
848,14:09:24,29.6,--,4,11840,买盘
849,14:09:21,29.6,--,5,14800,买盘
850,14:09:18,29.6,0.02,41,121360,买盘
851,14:09:15,29.58,-0.02,5,14790,卖盘
852,14:09:12,29.6,--,4,11840,买盘
853,14:09:06,29.6,--,13,38480,买盘
854,14:09:03,29.6,--,16,47360,买盘
855,14:09:00,29.6,0.02,42,124320,买盘
856,14:08:57,29.58,-0.02,10,29580,卖盘
857,14:08:54,29.6,--,22,65120,卖盘
858,14:08:51,29.6,0.02,18,53280,买盘
859,14:08:45,29.58,-0.02,78,230724,卖盘
860,14:08:42,29.6,0.02,10,29600,买盘
861,14:08:39,29.58,-0.02,144,425952,卖盘
862,14:08:36,29.6,-0.01,32,94720,卖盘
863,14:08:33,29.61,0.01,5,14805,买盘
864,14:08:30,29.6,--,11,32560,卖盘
865,14:08:27,29.6,-0.01,5,14800,卖盘
866,14:08:24,29.61,0.03,4,11844,买盘
867,14:08:21,29.58,-0.02,31,91698,卖盘
868,14:08:18,29.6,--,3,8880,买盘
869,14:08:15,29.6,0.01,10,29600,买盘
870,14:08:12,29.59,--,4,11836,买盘
871,14:08:06,29.59,--,3,8877,买盘
872,14:08:03,29.59,-0.01,56,165704,卖盘
873,14:08:00,29.6,0.01,23,68080,买盘
874,14:07:57,29.59,-0.02,3,8877,卖盘
875,14:07:54,29.61,0.01,46,136206,买盘
876,14:07:51,29.6,--,10,29600,买盘
877,14:07:48,29.6,--,3,8880,买盘
878,14:07:45,29.6,-0.01,10,32382,卖盘
879,14:07:42,29.61,--,7,20727,买盘
880,14:07:39,29.61,0.01,38,112518,卖盘
881,14:07:33,29.6,--,369,1093720,卖盘
882,14:07:30,29.6,-0.01,8,23680,卖盘
883,14:07:27,29.61,--,8,23688,买盘
884,14:07:24,29.61,--,15,44415,买盘
885,14:07:21,29.61,0.01,4,11844,中性盘
886,14:07:18,29.6,-0.02,27,79920,卖盘
887,14:07:12,29.62,0.01,6,17772,买盘
888,14:07:09,29.61,--,9,26649,卖盘
889,14:07:03,29.61,--,31,91791,买盘
890,14:07:00,29.61,0.01,1,2961,中性盘
891,14:06:57,29.6,-0.02,542,1604320,卖盘
892,14:06:54,29.62,--,27,79974,买盘
893,14:06:51,29.62,--,6,17772,买盘
894,14:06:45,29.62,--,35,103670,买盘
895,14:06:42,29.62,-0.01,80,236960,卖盘
896,14:06:39,29.63,0.01,4,11852,买盘
897,14:06:36,29.62,-0.01,3,8886,卖盘
898,14:06:33,29.63,0.02,74,219262,买盘
899,14:06:30,29.61,-0.01,14,41454,卖盘
900,14:06:27,29.62,-0.01,1,2962,中性盘
901,14:06:24,29.63,0.02,4,11852,买盘
902,14:06:21,29.61,-0.02,18,53298,卖盘
903,14:06:18,29.63,0.02,5,14815,买盘
904,14:06:15,29.61,-0.02,24,71064,卖盘
905,14:06:12,29.63,0.02,18,53334,买盘
906,14:06:09,29.61,-0.02,21,62181,卖盘
907,14:06:03,29.63,--,53,157039,卖盘
908,14:06:00,29.63,0.03,10,29630,卖盘
909,14:05:57,29.6,-0.03,17,50320,卖盘
910,14:05:54,29.63,0.03,16,47408,买盘
911,14:05:51,29.6,-0.03,6,17760,卖盘
912,14:05:45,29.63,--,2,5926,买盘
913,14:05:42,29.63,0.03,10,29630,买盘
914,14:05:39,29.6,-0.03,10,29600,卖盘
915,14:05:33,29.63,0.03,8,23704,买盘
916,14:05:30,29.6,-0.01,9,28297,买盘
917,14:05:27,29.61,0.01,4,11844,买盘
918,14:05:24,29.6,0.01,9,26640,买盘
919,14:05:21,29.59,-0.01,3,8877,买盘
920,14:05:18,29.6,--,15,44400,买盘
921,14:05:15,29.6,0.01,11,32560,买盘
922,14:05:12,29.59,-0.01,24,71016,卖盘
923,14:05:09,29.6,--,11,32560,买盘
924,14:05:06,29.6,--,24,71040,买盘
925,14:05:03,29.6,-0.04,296,876160,卖盘
926,14:05:00,29.64,--,33,97812,卖盘
927,14:04:57,29.64,--,28,82992,卖盘
928,14:04:54,29.64,0.01,94,278616,买盘
929,14:04:51,29.63,--,3,8889,卖盘
930,14:04:48,29.63,-0.01,49,145187,卖盘
931,14:04:45,29.64,-0.01,37,109668,卖盘
932,14:04:42,29.65,--,2,5930,买盘
933,14:04:33,29.65,0.01,23,68195,买盘
934,14:04:30,29.64,0.01,3,8892,中性盘
935,14:04:27,29.63,-0.02,36,106668,卖盘
936,14:04:24,29.65,0.03,9,26685,买盘
937,14:04:21,29.62,-0.01,400,1184800,卖盘
938,14:04:18,29.63,--,5,14815,买盘
939,14:04:15,29.63,--,13,38519,买盘
940,14:04:12,29.63,0.01,14,41482,买盘
941,14:04:09,29.62,--,47,139214,卖盘
942,14:04:06,29.62,--,3,8886,卖盘
943,14:04:03,29.62,-0.01,5,14810,中性盘
944,14:04:00,29.63,0.01,23,68149,买盘
945,14:03:57,29.62,-0.01,11,32582,卖盘
946,14:03:54,29.63,0.01,67,198521,买盘
947,14:03:51,29.62,--,2,5924,卖盘
948,14:03:45,29.62,--,4,11848,卖盘
949,14:03:42,29.62,0.02,20,59240,买盘
950,14:03:39,29.6,-0.01,47,140422,卖盘
951,14:03:36,29.61,-0.01,38,114176,中性盘
952,14:03:33,29.62,0.02,46,136252,买盘
953,14:03:30,29.6,--,3,8880,卖盘
954,14:03:27,29.6,-0.02,44,130240,卖盘
955,14:03:21,29.62,0.01,29,85898,买盘
956,14:03:18,29.61,-0.01,5,14805,中性盘
957,14:03:12,29.62,0.04,22,65164,买盘
958,14:03:06,29.58,-0.01,5,14790,卖盘
959,14:03:03,29.59,-0.01,85,252816,卖盘
960,14:03:00,29.6,0.02,134,398297,买盘
961,14:02:57,29.58,-0.02,10,29580,卖盘
962,14:02:51,29.6,0.01,106,313760,买盘
963,14:02:48,29.59,--,2,5918,买盘
964,14:02:45,29.59,-0.01,40,118360,卖盘
965,14:02:42,29.6,0.01,40,118400,买盘
966,14:02:39,29.59,-0.01,3,8877,卖盘
967,14:02:36,29.6,--,4,11840,买盘
968,14:02:33,29.6,0.02,228,674880,买盘
969,14:02:30,29.58,-0.01,2,5916,卖盘
970,14:02:27,29.59,0.01,59,174581,买盘
971,14:02:21,29.58,-0.01,5,14790,卖盘
972,14:02:18,29.59,--,29,85811,买盘
973,14:02:15,29.59,--,45,133155,买盘
974,14:02:12,29.59,0.01,11,32549,买盘
975,14:02:09,29.58,0.02,732,2165256,买盘
976,14:02:06,29.56,--,1,2956,买盘
977,14:02:03,29.56,--,34,100504,买盘
978,14:02:00,29.56,0.01,17,50252,买盘
979,14:01:57,29.55,--,9,26595,卖盘
980,14:01:54,29.55,-0.01,3,8865,卖盘
981,14:01:48,29.56,0.02,526,1554856,买盘
982,14:01:45,29.54,--,7,20678,买盘
983,14:01:42,29.54,--,4,11816,买盘
984,14:01:39,29.54,0.01,3,8862,买盘
985,14:01:36,29.53,-0.01,5,14765,卖盘
986,14:01:33,29.54,0.01,18,53172,买盘
987,14:01:30,29.53,--,8,25897,买盘
988,14:01:27,29.53,--,103,304159,买盘
989,14:01:24,29.53,--,55,162415,买盘
990,14:01:21,29.53,--,4,11812,买盘
991,14:01:18,29.53,--,2,5906,买盘
992,14:01:15,29.53,--,1113,3286689,买盘
993,14:01:12,29.53,--,4,11812,买盘
994,14:01:09,29.53,0.01,7,20671,买盘
995,14:01:06,29.52,-0.01,48,141696,卖盘
996,14:01:03,29.53,--,34,100402,买盘
997,14:01:00,29.53,0.03,18,53154,买盘
998,14:00:57,29.5,-0.01,10,29500,卖盘
999,14:00:54,29.51,-0.02,7,20657,中性盘
1000,14:00:51,29.53,0.03,16,47248,买盘
1001,14:00:48,29.5,-0.02,389,1148228,卖盘
1002,14:00:45,29.52,--,200,590400,买盘
1003,14:00:42,29.52,0.01,4,11808,买盘
1004,14:00:39,29.51,--,5,14755,卖盘
1005,14:00:33,29.51,0.01,97,288519,买盘
1006,14:00:30,29.5,0.01,24,70800,买盘
1007,14:00:27,29.49,--,12,35388,卖盘
1008,14:00:24,29.49,-0.01,8,23592,卖盘
1009,14:00:21,29.5,--,144,425478,卖盘
1010,14:00:18,29.5,-0.01,1,2950,卖盘
1011,14:00:15,29.51,0.01,36,106236,买盘
1012,14:00:12,29.5,--,1,2950,卖盘
1013,14:00:09,29.5,--,2,5900,卖盘
1014,14:00:03,29.5,--,189,559821,买盘
1015,14:00:00,29.5,0.01,9,26550,买盘
1016,13:59:57,29.49,0.01,14,41286,买盘
1017,13:59:54,29.48,-0.02,44,129712,卖盘
1018,13:59:51,29.5,0.01,355,1047250,买盘
1019,13:59:48,29.49,--,4,11796,买盘
1020,13:59:45,29.49,--,3,8847,买盘
1021,13:59:42,29.49,-0.01,10,29490,卖盘
1022,13:59:39,29.5,0.02,3,8850,买盘
1023,13:59:36,29.48,-0.02,68,200464,卖盘
1024,13:59:33,29.5,--,45,132750,买盘
1025,13:59:27,29.5,--,15,44250,买盘
1026,13:59:24,29.5,0.01,4,11800,买盘
1027,13:59:21,29.49,--,2,5898,卖盘
1028,13:59:18,29.49,-0.01,4,11796,卖盘
1029,13:59:12,29.5,--,4,11800,买盘
1030,13:59:09,29.5,--,20,59000,买盘
1031,13:59:03,29.5,0.01,57,168150,买盘
1032,13:59:00,29.49,--,1,2949,买盘
1033,13:58:57,29.49,-0.01,5,14745,卖盘
1034,13:58:54,29.5,--,73,215350,买盘
1035,13:58:51,29.5,--,3,8850,买盘
1036,13:58:48,29.5,0.01,5,14750,买盘
1037,13:58:45,29.49,--,11,32439,买盘
1038,13:58:42,29.49,--,13,38337,卖盘
1039,13:58:39,29.49,-0.01,1,2949,卖盘
1040,13:58:36,29.5,--,11,32450,买盘
1041,13:58:33,29.5,0.01,36,106200,买盘
1042,13:58:30,29.49,0.01,20,58980,买盘
1043,13:58:27,29.48,-0.01,5,14740,卖盘
1044,13:58:24,29.49,0.01,4,11796,买盘
1045,13:58:21,29.48,-0.01,2,5896,卖盘
1046,13:58:18,29.49,--,4,11796,买盘
1047,13:58:15,29.49,--,5,14745,买盘
1048,13:58:12,29.49,--,4,11796,买盘
1049,13:58:06,29.49,--,7,20643,卖盘
1050,13:58:03,29.49,--,38,112062,买盘
1051,13:58:00,29.49,--,41,120909,卖盘
1052,13:57:57,29.49,-0.01,15,44235,卖盘
1053,13:57:54,29.5,0.01,8,23600,买盘
1054,13:57:51,29.49,--,4,11796,卖盘
1055,13:57:48,29.49,--,19,56031,卖盘
1056,13:57:45,29.49,-0.01,2,5898,卖盘
1057,13:57:42,29.5,--,7,20650,买盘
1058,13:57:36,29.5,--,5,14750,买盘
1059,13:57:33,29.5,--,13,38350,买盘
1060,13:57:30,29.5,--,41,120950,买盘
1061,13:57:27,29.5,0.01,15,44250,买盘
1062,13:57:24,29.49,--,28,82572,卖盘
1063,13:57:21,29.49,-0.01,10,29490,卖盘
1064,13:57:18,29.5,0.01,11,32450,买盘
1065,13:57:15,29.49,-0.01,31,91419,卖盘
1066,13:57:12,29.5,--,5,14750,买盘
1067,13:57:06,29.5,--,2,5900,买盘
1068,13:57:03,29.5,--,4,11800,买盘
1069,13:57:00,29.5,--,32,94400,买盘
1070,13:56:57,29.5,--,64,188800,买盘
1071,13:56:54,29.5,0.01,24,70800,买盘
1072,13:56:48,29.49,-0.01,18,53082,卖盘
1073,13:56:45,29.5,--,13,38350,买盘
1074,13:56:42,29.5,0.01,10,29500,买盘
1075,13:56:39,29.49,--,4,11796,卖盘
1076,13:56:36,29.49,-0.01,24,70776,卖盘
1077,13:56:33,29.5,0.01,14,41300,买盘
1078,13:56:30,29.49,0.01,3,8847,买盘
1079,13:56:27,29.48,-0.01,47,138556,卖盘
1080,13:56:24,29.49,--,23,67827,卖盘
1081,13:56:21,29.49,--,10,29490,卖盘
1082,13:56:15,29.49,--,1,2949,买盘
1083,13:56:12,29.49,-0.01,12,35388,中性盘
1084,13:56:06,29.5,0.01,70,206500,买盘
1085,13:56:03,29.49,0.01,15,44235,买盘
1086,13:56:00,29.48,--,18,53064,卖盘
1087,13:55:57,29.48,-0.01,18,53064,卖盘
1088,13:55:54,29.49,0.01,9,26541,中性盘
1089,13:55:51,29.48,--,2,5896,卖盘
1090,13:55:48,29.48,-0.01,29,85492,卖盘
1091,13:55:45,29.49,-0.01,4,11796,卖盘
1092,13:55:42,29.5,--,6,17700,买盘
1093,13:55:39,29.5,0.01,1,2950,买盘
1094,13:55:36,29.49,-0.01,1,2949,中性盘
1095,13:55:33,29.5,0.02,47,138650,买盘
1096,13:55:30,29.48,-0.02,4,11792,卖盘
1097,13:55:27,29.5,--,22,64900,买盘
1098,13:55:24,29.5,0.03,4,11800,买盘
1099,13:55:21,29.47,-0.02,307,904729,卖盘
1100,13:55:18,29.49,0.01,11,32439,中性盘
1101,13:55:15,29.48,-0.01,22,64856,卖盘
1102,13:55:12,29.49,0.01,21,61929,中性盘
1103,13:55:03,29.48,--,27,79596,卖盘
1104,13:55:00,29.48,-0.01,1,2948,卖盘
1105,13:54:57,29.49,0.02,3,8847,买盘
1106,13:54:54,29.47,-0.02,46,135562,卖盘
1107,13:54:51,29.49,--,6,17694,买盘
1108,13:54:48,29.49,0.02,39,115011,买盘
1109,13:54:45,29.47,-0.01,6,17682,卖盘
1110,13:54:42,29.48,0.01,4,11792,买盘
1111,13:54:39,29.47,--,5,14735,卖盘
1112,13:54:36,29.47,--,1,2947,卖盘
1113,13:54:33,29.47,-0.01,66,194502,卖盘
1114,13:54:27,29.48,-0.01,4,11792,卖盘
1115,13:54:24,29.49,--,17,50133,买盘
1116,13:54:21,29.49,--,74,218226,卖盘
1117,13:54:18,29.49,--,11,32439,卖盘
1118,13:54:12,29.49,-0.01,20,58980,卖盘
1119,13:54:09,29.5,--,3,8850,买盘
1120,13:54:06,29.5,--,35,103250,买盘
1121,13:54:03,29.5,--,4,11800,买盘
1122,13:54:00,29.5,--,17,50150,买盘
1123,13:53:57,29.5,0.01,3,8850,买盘
1124,13:53:54,29.49,--,5,14745,卖盘
1125,13:53:51,29.49,-0.01,4,11796,卖盘
1126,13:53:48,29.5,--,27,79650,买盘
1127,13:53:45,29.5,--,89,262550,买盘
1128,13:53:42,29.5,--,4,11800,买盘
1129,13:53:39,29.5,-0.01,90,265500,卖盘
1130,13:53:36,29.51,--,37,109187,买盘
1131,13:53:33,29.51,--,32,94432,买盘
1132,13:53:30,29.51,0.01,51,150501,买盘
1133,13:53:27,29.5,--,32,94400,卖盘
1134,13:53:24,29.5,-0.01,23,67850,卖盘
1135,13:53:21,29.51,--,58,171158,买盘
1136,13:53:18,29.51,--,5,14755,买盘
1137,13:53:15,29.51,--,10,29510,买盘
1138,13:53:12,29.51,--,26,76726,买盘
1139,13:53:09,29.51,--,6,17706,买盘
1140,13:53:06,29.51,--,1,2951,买盘
1141,13:53:03,29.51,0.01,51,150501,中性盘
1142,13:53:00,29.5,-0.01,611,1802450,卖盘
1143,13:52:54,29.51,-0.02,9,26559,卖盘
1144,13:52:51,29.53,0.02,680,2008040,买盘
1145,13:52:48,29.51,-0.01,15,44265,卖盘
1146,13:52:45,29.52,--,34,100368,买盘
1147,13:52:42,29.52,0.02,9,26568,买盘
1148,13:52:39,29.5,--,127,374650,卖盘
1149,13:52:36,29.5,--,12,35400,卖盘
1150,13:52:33,29.5,-0.01,20,59000,卖盘
1151,13:52:30,29.51,0.01,82,241982,买盘
1152,13:52:24,29.5,--,9,26550,卖盘
1153,13:52:21,29.5,--,48,141600,卖盘
1154,13:52:18,29.5,0.01,482,1421900,买盘
1155,13:52:15,29.49,-0.01,46,135654,卖盘
1156,13:52:12,29.5,0.02,501,1477950,买盘
1157,13:52:06,29.48,--,28,82544,卖盘
1158,13:52:00,29.48,-0.01,2,5896,卖盘
1159,13:51:57,29.49,0.01,12,35388,买盘
1160,13:51:54,29.48,--,112,330176,买盘
1161,13:51:51,29.48,--,57,168036,买盘
1162,13:51:48,29.48,0.01,10,29480,买盘
1163,13:51:45,29.47,-0.01,16,47152,卖盘
1164,13:51:42,29.48,0.01,200,589600,买盘
1165,13:51:39,29.47,--,20,58940,买盘
1166,13:51:36,29.47,--,2,5894,买盘
1167,13:51:33,29.47,0.02,210,618870,买盘
1168,13:51:30,29.45,--,150,441750,卖盘
1169,13:51:24,29.45,0.01,574,1690430,买盘
1170,13:51:21,29.44,--,3,8832,卖盘
1171,13:51:18,29.44,0.01,468,1377792,买盘
1172,13:51:15,29.43,--,4,11772,卖盘
1173,13:51:12,29.43,--,12,35316,卖盘
1174,13:51:09,29.43,0.01,242,712206,买盘
1175,13:51:06,29.42,--,3,8826,卖盘
1176,13:51:03,29.42,--,29,85318,卖盘
1177,13:51:00,29.42,0.02,235,691370,买盘
1178,13:50:57,29.4,-0.01,228,670320,卖盘
1179,13:50:54,29.41,0.01,13,38233,买盘
1180,13:50:51,29.4,--,2,5880,卖盘
1181,13:50:48,29.4,0.01,150,443910,买盘
1182,13:50:45,29.39,--,3,8817,卖盘
1183,13:50:42,29.39,-0.01,197,578983,卖盘
1184,13:50:39,29.4,0.01,284,834960,买盘
1185,13:50:36,29.39,--,18,52902,买盘
1186,13:50:33,29.39,--,8,23512,买盘
1187,13:50:30,29.39,0.01,42,123438,买盘
1188,13:50:27,29.38,-0.01,82,240916,卖盘
1189,13:50:24,29.39,0.01,16,47024,买盘
1190,13:50:18,29.38,--,168,493584,买盘
1191,13:50:15,29.38,--,10,29380,买盘
1192,13:50:12,29.38,0.02,164,481832,买盘
1193,13:50:06,29.36,--,33,96888,卖盘
1194,13:50:03,29.36,--,73,214328,买盘
1195,13:50:00,29.36,--,24,70464,买盘
1196,13:49:57,29.36,--,240,704640,买盘
1197,13:49:54,29.36,--,155,455080,买盘
1198,13:49:51,29.36,0.01,3,8808,买盘
1199,13:49:48,29.35,-0.01,19,55765,卖盘
1200,13:49:45,29.36,0.01,17,49912,买盘
1201,13:49:42,29.35,--,25,73375,买盘
1202,13:49:39,29.35,--,60,176100,买盘
1203,13:49:36,29.35,--,13,38155,买盘
1204,13:49:33,29.35,--,12,35220,买盘
1205,13:49:30,29.35,--,51,149685,买盘
1206,13:49:27,29.35,-0.08,218,639830,卖盘
1207,13:49:24,29.43,0.1,15,44145,买盘
1208,13:49:21,29.33,-0.09,10,29330,卖盘
1209,13:49:18,29.42,-0.01,3,8826,卖盘
1210,13:49:15,29.43,0.03,16,47088,买盘
1211,13:49:12,29.4,-0.03,7,20580,卖盘
1212,13:49:09,29.43,0.1,18,52974,买盘
1213,13:49:06,29.33,-0.11,1668,4892244,卖盘
1214,13:49:03,29.44,--,27,79488,买盘
1215,13:48:54,29.44,--,36,105984,买盘
1216,13:48:51,29.44,--,14,41216,买盘
1217,13:48:48,29.44,--,7,20608,买盘
1218,13:48:45,29.44,--,7,20608,买盘
1219,13:48:42,29.44,--,5,14720,买盘
1220,13:48:39,29.44,-0.06,912,2684928,卖盘
1221,13:48:33,29.5,0.05,14,41300,买盘
1222,13:48:30,29.45,-0.05,7,20615,卖盘
1223,13:48:27,29.5,--,7,20650,买盘
1224,13:48:24,29.5,0.01,5,14750,买盘
1225,13:48:21,29.49,-0.01,8,23592,卖盘
1226,13:48:18,29.5,--,3,8850,买盘
1227,13:48:12,29.5,--,4,11800,买盘
1228,13:48:09,29.5,0.07,5,14750,买盘
1229,13:48:06,29.43,-0.12,1115,3281445,卖盘
1230,13:48:03,29.55,0.06,1,2955,中性盘
1231,13:48:00,29.49,-0.05,518,1527582,卖盘
1232,13:47:54,29.54,--,11,32494,卖盘
1233,13:47:51,29.54,-0.01,41,121114,卖盘
1234,13:47:45,29.55,--,50,147750,买盘
1235,13:47:42,29.55,0.03,13,38415,买盘
1236,13:47:33,29.52,-0.03,44,129888,卖盘
1237,13:47:30,29.55,--,3,8865,买盘
1238,13:47:24,29.55,0.03,16,47280,买盘
1239,13:47:21,29.52,-0.03,2,5904,卖盘
1240,13:47:18,29.55,--,3,8865,买盘
1241,13:47:12,29.55,0.01,6,17730,买盘
1242,13:47:06,29.54,-0.01,3,8862,卖盘
1243,13:47:03,29.55,--,54,159570,买盘
1244,13:46:54,29.55,0.05,5,14775,买盘
1245,13:46:51,29.5,--,10,29500,卖盘
1246,13:46:48,29.5,--,100,295000,买盘
1247,13:46:45,29.5,--,7,20650,买盘
1248,13:46:42,29.5,--,7,20650,买盘
1249,13:46:36,29.5,--,6,17700,买盘
1250,13:46:33,29.5,--,4,11800,买盘
1251,13:46:30,29.5,--,3,8850,买盘
1252,13:46:27,29.5,-0.01,114,336300,卖盘
1253,13:46:24,29.51,-0.01,469,1384019,卖盘
1254,13:46:21,29.52,-0.03,9,26568,卖盘
1255,13:46:18,29.55,--,60,177300,买盘
1256,13:46:15,29.55,--,2,5910,买盘
1257,13:46:12,29.55,--,6,17730,买盘
1258,13:46:09,29.55,--,5,14775,买盘
1259,13:46:06,29.55,--,20,59100,买盘
1260,13:46:03,29.55,--,5,14775,买盘
1261,13:46:00,29.55,--,5,14775,买盘
1262,13:45:51,29.55,0.04,22,65010,买盘
1263,13:45:48,29.51,0.01,16,47216,买盘
1264,13:45:45,29.5,--,291,858450,买盘
1265,13:45:42,29.5,--,4,11800,买盘
1266,13:45:39,29.5,--,50,147500,买盘
1267,13:45:36,29.5,--,7,20650,买盘
1268,13:45:33,29.5,--,12,35400,买盘
1269,13:45:30,29.5,--,40,118000,买盘
1270,13:45:24,29.5,0.01,13,38350,买盘
1271,13:45:21,29.49,--,17,50133,卖盘
1272,13:45:18,29.49,-0.01,34,100266,卖盘
1273,13:45:15,29.5,--,2,5900,买盘
1274,13:45:12,29.5,--,4,11800,买盘
1275,13:45:09,29.5,--,3,8850,买盘
1276,13:45:06,29.5,0.01,104,306800,买盘
1277,13:45:03,29.49,--,10,29490,卖盘
1278,13:45:00,29.49,-0.01,19,56031,卖盘
1279,13:44:57,29.5,--,3,8850,买盘
1280,13:44:54,29.5,0.01,26,76700,买盘
1281,13:44:51,29.49,-0.01,12,35388,卖盘
1282,13:44:48,29.5,--,9,26550,买盘
1283,13:44:45,29.5,0.01,8,23600,买盘
1284,13:44:42,29.49,-0.01,116,342084,卖盘
1285,13:44:39,29.5,--,24,70800,买盘
1286,13:44:36,29.5,--,67,197650,买盘
1287,13:44:33,29.5,--,95,280250,买盘
1288,13:44:30,29.5,--,67,197650,买盘
1289,13:44:27,29.5,--,13,38350,买盘
1290,13:44:24,29.5,--,21,61950,买盘
1291,13:44:21,29.5,--,16,47200,买盘
1292,13:44:18,29.5,--,39,115050,卖盘
1293,13:44:15,29.5,-0.05,465,1371750,卖盘
1294,13:44:12,29.55,--,4,11820,买盘
1295,13:44:09,29.55,0.04,4,11820,买盘
1296,13:44:03,29.51,--,38,112138,卖盘
1297,13:43:57,29.51,-0.04,30,88530,卖盘
1298,13:43:54,29.55,0.02,21,62055,买盘
1299,13:43:51,29.53,0.01,17,50201,买盘
1300,13:43:48,29.52,-0.03,279,823608,卖盘
1301,13:43:45,29.55,--,13,38415,买盘
1302,13:43:42,29.55,0.02,5,14775,买盘
1303,13:43:36,29.53,-0.02,14,41342,卖盘
1304,13:43:33,29.55,--,4,11820,买盘
1305,13:43:27,29.55,--,30,88650,买盘
1306,13:43:24,29.55,--,7,20685,买盘
1307,13:43:21,29.55,--,1,2955,买盘
1308,13:43:18,29.55,-0.03,261,771255,卖盘
1309,13:43:15,29.58,0.01,2,5916,卖盘
1310,13:43:12,29.57,--,3,8871,卖盘
1311,13:43:06,29.57,-0.03,6,17742,卖盘
1312,13:42:57,29.6,0.04,19,56240,买盘
1313,13:42:51,29.56,-0.04,11,32516,卖盘
1314,13:42:48,29.6,0.03,200,592000,买盘
1315,13:42:42,29.57,0.01,11,32527,买盘
1316,13:42:39,29.56,-0.01,4,11824,卖盘
1317,13:42:36,29.57,--,41,121237,买盘
1318,13:42:33,29.57,--,23,68011,买盘
1319,13:42:24,29.57,--,32,94624,买盘
1320,13:42:21,29.57,0.01,7,20699,买盘
1321,13:42:18,29.56,-0.01,4,11824,卖盘
1322,13:42:12,29.57,0.01,7,20699,买盘
1323,13:42:09,29.56,-0.01,2,5912,卖盘
1324,13:42:03,29.57,-0.03,187,554260,卖盘
1325,13:42:00,29.6,0.01,12,35520,买盘
1326,13:41:54,29.59,--,6,17754,卖盘
1327,13:41:51,29.59,-0.01,9,26631,卖盘
1328,13:41:48,29.6,0.01,3,8880,买盘
1329,13:41:42,29.59,-0.01,17,50303,卖盘
1330,13:41:36,29.6,0.01,43,127280,买盘
1331,13:41:33,29.59,--,54,159786,卖盘
1332,13:41:30,29.59,-0.01,9,26631,卖盘
1333,13:41:24,29.6,0.01,8,23680,买盘
1334,13:41:15,29.59,-0.03,2,5918,卖盘
1335,13:41:03,29.62,0.05,4,11848,买盘
1336,13:40:57,29.57,-0.03,13,40096,卖盘
1337,13:40:54,29.6,0.01,5,16102,卖盘
1338,13:40:51,29.59,--,1,4616,买盘
1339,13:40:48,29.59,0.02,22,65098,买盘
1340,13:40:42,29.57,--,4,11828,买盘
1341,13:40:39,29.57,-0.03,217,642970,卖盘
1342,13:40:36,29.6,--,227,673577,买盘
1343,13:40:24,29.6,0.02,4,11840,买盘
1344,13:40:21,29.58,--,3,8874,卖盘
1345,13:40:18,29.58,-0.01,46,136068,中性盘
1346,13:40:12,29.59,--,5,14795,买盘
1347,13:40:03,29.59,0.02,4,11836,买盘
1348,13:40:00,29.57,-0.02,1,2957,中性盘
1349,13:39:54,29.59,0.02,4,11836,买盘
1350,13:39:51,29.57,--,6,17742,买盘
1351,13:39:48,29.57,0.01,90,266130,买盘
1352,13:39:45,29.56,-0.01,3,8868,卖盘
1353,13:39:42,29.57,--,6,17742,买盘
1354,13:39:39,29.57,--,23,68011,买盘
1355,13:39:36,29.57,-0.03,117,347624,卖盘
1356,13:39:33,29.6,0.01,4,11840,买盘
1357,13:39:30,29.59,-0.01,18,53262,卖盘
1358,13:39:27,29.6,--,3,8880,买盘
1359,13:39:24,29.6,--,4,11840,买盘
1360,13:39:21,29.6,--,3,8880,买盘
1361,13:39:15,29.6,-0.03,99,295644,卖盘
1362,13:39:12,29.63,0.03,4,11852,买盘
1363,13:39:09,29.6,--,3,8880,卖盘
1364,13:39:06,29.6,-0.03,6,17760,卖盘
1365,13:39:03,29.63,--,8,23704,买盘
1366,13:38:57,29.63,0.03,40,118520,买盘
1367,13:38:54,29.6,-0.03,5,14800,卖盘
1368,13:38:51,29.63,--,3,8889,买盘
1369,13:38:48,29.63,-0.01,1,2963,中性盘
1370,13:38:42,29.64,0.01,64,189696,买盘
1371,13:38:36,29.63,--,75,222580,卖盘
1372,13:38:33,29.63,--,5,14815,卖盘
1373,13:38:30,29.63,0.02,1,2963,卖盘
1374,13:38:27,29.61,--,35,103635,买盘
1375,13:38:24,29.61,0.02,4,11844,买盘
1376,13:38:18,29.59,--,9,27932,卖盘
1377,13:38:15,29.59,-0.01,3,8877,卖盘
1378,13:38:12,29.6,--,8,23680,买盘
1379,13:38:09,29.6,--,3,8880,买盘
1380,13:38:06,29.6,--,3,8880,买盘
1381,13:38:03,29.6,0.03,5,14800,买盘
1382,13:38:00,29.57,-0.02,232,686024,卖盘
1383,13:37:57,29.59,-0.01,19,56221,卖盘
1384,13:37:54,29.6,--,7,20720,买盘
1385,13:37:42,29.6,0.01,42,124320,买盘
1386,13:37:39,29.59,--,148,437932,卖盘
1387,13:37:36,29.59,--,1,2959,卖盘
1388,13:37:33,29.59,-0.01,97,287023,卖盘
1389,13:37:30,29.6,--,3,8880,买盘
1390,13:37:24,29.6,--,29,85840,买盘
1391,13:37:21,29.6,-0.05,221,656172,卖盘
1392,13:37:18,29.65,--,359,1065383,买盘
1393,13:37:12,29.65,0.01,6,17790,买盘
1394,13:37:06,29.64,--,6,17784,买盘
1395,13:37:03,29.64,--,4,11856,买盘
1396,13:36:54,29.64,0.04,7,20748,中性盘
1397,13:36:48,29.6,-0.05,11,32560,卖盘
1398,13:36:42,29.65,--,8,23720,买盘
1399,13:36:36,29.65,-0.02,172,511996,卖盘
1400,13:36:33,29.67,0.01,19,56373,买盘
1401,13:36:30,29.66,0.01,3,8898,买盘
1402,13:36:27,29.65,-0.01,1,2965,卖盘
1403,13:36:24,29.66,--,4,11864,买盘
1404,13:36:21,29.66,0.01,45,133470,买盘
1405,13:36:18,29.65,--,40,118600,卖盘
1406,13:36:15,29.65,-0.01,7,20755,卖盘
1407,13:36:12,29.66,0.01,4,11864,买盘
1408,13:36:06,29.65,0.05,78,232218,买盘
1409,13:36:03,29.6,-0.04,229,678757,卖盘
1410,13:36:00,29.64,-0.01,7,20748,卖盘
1411,13:35:57,29.65,--,27,80055,买盘
1412,13:35:54,29.65,0.01,4,11860,买盘
1413,13:35:48,29.64,-0.01,10,29640,卖盘
1414,13:35:45,29.65,--,55,163075,买盘
1415,13:35:42,29.65,0.01,19,56335,买盘
1416,13:35:39,29.64,--,143,424089,卖盘
1417,13:35:33,29.64,--,17,50388,卖盘
1418,13:35:24,29.64,-0.01,21,62244,卖盘
1419,13:35:21,29.65,0.01,10,29650,买盘
1420,13:35:18,29.64,0.04,7,20748,中性盘
1421,13:35:12,29.6,-0.04,205,608605,卖盘
1422,13:35:06,29.64,0.02,4,11856,中性盘
1423,13:35:03,29.62,-0.02,54,159948,卖盘
1424,13:34:57,29.64,0.01,38,112632,买盘
1425,13:34:54,29.63,0.01,11,32593,买盘
1426,13:34:48,29.62,--,10,29620,卖盘
1427,13:34:42,29.62,0.02,38,112556,买盘
1428,13:34:36,29.6,0.01,94,278240,买盘
1429,13:34:33,29.59,0.01,4,11836,买盘
1430,13:34:30,29.58,--,159,471771,买盘
1431,13:34:27,29.58,--,22,65075,买盘
1432,13:34:24,29.58,0.01,5,14790,买盘
1433,13:34:18,29.57,0.01,9,26613,卖盘
1434,13:34:12,29.56,--,78,230568,卖盘
1435,13:34:09,29.56,--,3,8868,卖盘
1436,13:34:06,29.56,--,4,11824,卖盘
1437,13:34:03,29.56,--,6,17736,卖盘
1438,13:34:00,29.56,0.05,300,889312,买盘
1439,13:33:54,29.51,--,16,47216,卖盘
1440,13:33:48,29.51,-0.02,215,636353,卖盘
1441,13:33:45,29.53,--,18,53154,买盘
1442,13:33:42,29.53,0.01,4,11812,买盘
1443,13:33:36,29.52,-0.01,6,17712,卖盘
1444,13:33:33,29.53,0.01,8,23624,买盘
1445,13:33:30,29.52,--,52,153504,买盘
1446,13:33:24,29.52,-0.01,15,44280,中性盘
1447,13:33:18,29.53,0.01,257,758921,买盘
1448,13:33:15,29.52,--,11,32472,卖盘
1449,13:33:12,29.52,--,6,17712,卖盘
1450,13:33:09,29.52,-0.01,11,32472,卖盘
1451,13:33:06,29.53,--,61,180133,买盘
1452,13:33:03,29.53,--,8,23624,买盘
1453,13:33:00,29.53,0.02,78,230334,买盘
1454,13:32:57,29.51,-0.02,3,8853,卖盘
1455,13:32:54,29.53,0.02,14,41342,买盘
1456,13:32:51,29.51,-0.01,2,5902,中性盘
1457,13:32:48,29.52,0.01,3,8856,买盘
1458,13:32:45,29.51,--,11,32461,买盘
1459,13:32:42,29.51,--,19,56069,买盘
1460,13:32:36,29.51,-0.01,15,44265,卖盘
1461,13:32:33,29.52,0.01,4,11808,买盘
1462,13:32:30,29.51,-0.01,6,17706,卖盘
1463,13:32:27,29.52,--,19,56088,买盘
1464,13:32:24,29.52,-0.01,11,32472,卖盘
1465,13:32:18,29.53,--,1,2953,买盘
1466,13:32:12,29.53,-0.05,142,420625,卖盘
1467,13:32:03,29.58,--,4,11832,买盘
1468,13:32:00,29.58,--,4,11832,买盘
1469,13:31:54,29.58,0.05,5,14790,买盘
1470,13:31:51,29.53,-0.05,341,1007268,卖盘
1471,13:31:48,29.58,0.01,3,8874,买盘
1472,13:31:45,29.57,--,9,26613,卖盘
1473,13:31:42,29.57,-0.01,38,115204,卖盘
1474,13:31:36,29.58,0.01,6,17748,买盘
1475,13:31:33,29.57,-0.01,56,165592,卖盘
1476,13:31:27,29.58,0.01,37,109446,买盘
1477,13:31:24,29.57,--,5,14785,卖盘
1478,13:31:21,29.57,--,63,186291,买盘
1479,13:31:15,29.57,--,3,8871,买盘
1480,13:31:12,29.57,0.02,9,26613,买盘
1481,13:31:09,29.55,-0.02,5,14775,卖盘
1482,13:31:06,29.57,--,38,112366,卖盘
1483,13:31:03,29.57,--,74,218818,卖盘
1484,13:31:00,29.57,--,163,481991,卖盘
1485,13:30:57,29.57,--,11,32527,卖盘
1486,13:30:54,29.57,-0.01,7,20699,卖盘
1487,13:30:51,29.58,0.01,3,8874,买盘
1488,13:30:48,29.57,-0.01,10,29570,卖盘
1489,13:30:42,29.58,--,5,14790,买盘
1490,13:30:39,29.58,0.01,6,17748,买盘
1491,13:30:36,29.57,-0.01,14,41398,卖盘
1492,13:30:33,29.58,--,4,11832,买盘
1493,13:30:30,29.58,0.02,15,44370,买盘
1494,13:30:24,29.56,--,7,20692,卖盘
1495,13:30:21,29.56,--,12,35472,卖盘
1496,13:30:18,29.56,--,1,2956,卖盘
1497,13:30:15,29.56,-0.01,10,31038,卖盘
1498,13:30:12,29.57,0.01,4,11828,买盘
1499,13:30:09,29.56,--,48,141888,中性盘
1500,13:30:06,29.56,-0.01,3,8868,卖盘
1501,13:30:03,29.57,0.02,4,11828,买盘
1502,13:30:00,29.55,--,10,29550,卖盘
1503,13:29:57,29.55,--,1,2955,卖盘
1504,13:29:54,29.55,-0.01,7,20685,卖盘
1505,13:29:51,29.56,0.01,3,8868,买盘
1506,13:29:48,29.55,--,6,17730,卖盘
1507,13:29:45,29.55,--,46,135930,卖盘
1508,13:29:42,29.55,--,11,32505,卖盘
1509,13:29:39,29.55,--,8,23640,卖盘
1510,13:29:36,29.55,--,22,65010,卖盘
1511,13:29:33,29.55,--,6,17730,卖盘
1512,13:29:30,29.55,-0.01,1,2955,卖盘
1513,13:29:27,29.56,-0.01,3,8868,买盘
1514,13:29:24,29.57,0.02,6,17742,买盘
1515,13:29:21,29.55,--,1,2955,卖盘
1516,13:29:18,29.55,--,5,14775,卖盘
1517,13:29:15,29.55,-0.01,6,17730,中性盘
1518,13:29:06,29.56,-0.01,3,8868,中性盘
1519,13:29:03,29.57,--,4,11828,买盘
1520,13:29:00,29.57,0.03,31,91667,买盘
1521,13:28:57,29.54,-0.02,2,5908,卖盘
1522,13:28:54,29.56,0.03,7,20692,买盘
1523,13:28:48,29.53,-0.01,9,26577,卖盘
1524,13:28:45,29.54,0.01,5,14770,中性盘
1525,13:28:39,29.53,-0.04,2,5906,卖盘
1526,13:28:33,29.57,0.02,5,14785,买盘
1527,13:28:30,29.55,0.03,3,8865,买盘
1528,13:28:21,29.52,-0.03,9,26568,卖盘
1529,13:28:18,29.55,0.03,2,5910,买盘
1530,13:28:15,29.52,0.02,9,26568,中性盘
1531,13:28:09,29.5,-0.02,77,227150,卖盘
1532,13:28:06,29.52,0.02,3,8856,买盘
1533,13:28:03,29.5,--,24,70800,卖盘
1534,13:28:00,29.5,-0.03,31,91450,卖盘
1535,13:27:54,29.53,0.03,7,20671,买盘
1536,13:27:45,29.5,-0.05,397,1171150,卖盘
1537,13:27:42,29.55,0.02,7,20685,买盘
1538,13:27:39,29.53,-0.04,3,8859,卖盘
1539,13:27:33,29.57,0.01,5,14785,买盘
1540,13:27:30,29.56,0.02,17,51730,买盘
1541,13:27:24,29.54,--,11,32494,卖盘
1542,13:27:21,29.54,-0.02,21,62034,卖盘
1543,13:27:18,29.56,-0.02,3,8868,中性盘
1544,13:27:12,29.58,0.04,5,14790,买盘
1545,13:27:09,29.54,-0.03,68,200872,卖盘
1546,13:27:06,29.57,-0.01,3,8871,中性盘
1547,13:27:03,29.58,0.03,12,35496,买盘
1548,13:27:00,29.55,-0.01,11,32505,卖盘
1549,13:26:57,29.56,--,15,44340,卖盘
1550,13:26:54,29.56,-0.02,72,212832,卖盘
1551,13:26:45,29.58,--,4,11832,买盘
1552,13:26:42,29.58,--,16,48836,卖盘
1553,13:26:39,29.58,--,111,328338,卖盘
1554,13:26:36,29.58,--,3,8874,卖盘
1555,13:26:33,29.58,--,177,523565,卖盘
1556,13:26:24,29.58,-0.01,14,41412,卖盘
1557,13:26:21,29.59,--,4,11836,卖盘
1558,13:26:18,29.59,--,27,79893,卖盘
1559,13:26:15,29.59,-0.01,58,171622,卖盘
1560,13:26:12,29.6,0.01,4,11840,买盘
1561,13:26:09,29.59,--,9,26631,卖盘
1562,13:26:06,29.59,-0.01,5,14795,卖盘
1563,13:26:03,29.6,--,10,29600,买盘
1564,13:25:57,29.6,--,31,91760,买盘
1565,13:25:54,29.6,-0.01,6,17760,卖盘
1566,13:25:51,29.61,0.03,30,88830,卖盘
1567,13:25:48,29.58,--,3,10915,卖盘
1568,13:25:45,29.58,-0.03,43,127193,卖盘
1569,13:25:42,29.61,0.03,15,46783,买盘
1570,13:25:39,29.58,--,59,174522,卖盘
1571,13:25:36,29.58,-0.02,3,8874,卖盘
1572,13:25:33,29.6,--,7,20720,买盘
1573,13:25:27,29.6,--,14,43512,卖盘
1574,13:25:24,29.6,--,8,24568,卖盘
1575,13:25:21,29.6,0.02,7,20720,中性盘
1576,13:25:12,29.58,-0.03,17,50286,卖盘
1577,13:25:09,29.61,0.03,5,14805,中性盘
1578,13:25:06,29.58,-0.03,40,118320,卖盘
1579,13:25:03,29.61,--,4,11844,买盘
1580,13:24:57,29.61,--,3,8883,买盘
1581,13:24:54,29.61,0.06,4,11844,买盘
1582,13:24:42,29.55,--,44,130020,卖盘
1583,13:24:36,29.55,--,6,17730,买盘
1584,13:24:33,29.55,--,15,45802,买盘
1585,13:24:30,29.55,0.01,2,5910,买盘
1586,13:24:27,29.54,-0.01,15,44310,卖盘
1587,13:24:24,29.55,--,4,11820,买盘
1588,13:24:21,29.55,0.01,33,97515,买盘
1589,13:24:15,29.54,--,10,29540,卖盘
1590,13:24:12,29.54,--,28,82712,卖盘
1591,13:24:06,29.54,-0.01,3,8862,卖盘
1592,13:24:03,29.55,--,61,180255,买盘
1593,13:24:00,29.55,0.01,22,65010,买盘
1594,13:23:57,29.54,-0.01,2,5908,卖盘
1595,13:23:54,29.55,--,4,11820,买盘
1596,13:23:51,29.55,0.01,10,29550,买盘
1597,13:23:48,29.54,--,10,29540,卖盘
1598,13:23:45,29.54,-0.01,5,14770,卖盘
1599,13:23:42,29.55,--,24,70920,买盘
1600,13:23:39,29.55,--,2,5910,买盘
1601,13:23:36,29.55,--,37,109335,买盘
1602,13:23:33,29.55,--,149,440295,买盘
1603,13:23:27,29.55,--,8,23640,买盘
1604,13:23:24,29.55,0.01,10,29550,买盘
1605,13:23:18,29.54,-0.01,15,44310,卖盘
1606,13:23:12,29.55,--,35,103425,买盘
1607,13:23:09,29.55,0.01,31,91605,买盘
1608,13:23:06,29.54,-0.01,3,8862,卖盘
1609,13:23:03,29.55,--,4,11820,买盘
1610,13:23:00,29.55,--,28,82740,买盘
1611,13:22:57,29.55,--,3,8865,买盘
1612,13:22:54,29.55,--,4,11820,买盘
1613,13:22:51,29.55,0.02,34,100470,买盘
1614,13:22:48,29.53,-0.02,5,14765,卖盘
1615,13:22:42,29.55,--,14,41370,买盘
1616,13:22:36,29.55,--,28,82740,买盘
1617,13:22:33,29.55,--,4,11820,买盘
1618,13:22:27,29.55,--,7,20685,买盘
1619,13:22:21,29.55,0.05,14,41370,买盘
1620,13:22:18,29.5,-0.05,6,17700,卖盘
1621,13:22:12,29.55,0.05,69,203895,买盘
1622,13:22:09,29.5,0.01,51,150450,买盘
1623,13:22:06,29.49,-0.01,3,8847,卖盘
1624,13:22:03,29.5,--,37,109150,买盘
1625,13:22:00,29.5,--,113,333350,买盘
1626,13:21:57,29.5,--,1,2950,买盘
1627,13:21:54,29.5,--,4,11800,买盘
1628,13:21:51,29.5,--,13,38350,买盘
1629,13:21:48,29.5,-0.05,810,2389500,卖盘
1630,13:21:42,29.55,--,24,70920,买盘
1631,13:21:39,29.55,--,4,11820,买盘
1632,13:21:36,29.55,--,6,17730,买盘
1633,13:21:33,29.55,--,4,11820,买盘
1634,13:21:27,29.55,-0.07,975,2881125,卖盘
1635,13:21:24,29.62,--,4,11848,买盘
1636,13:21:21,29.62,--,22,65164,买盘
1637,13:21:18,29.62,-0.01,1,2962,卖盘
1638,13:21:15,29.63,-0.01,3,8889,中性盘
1639,13:21:12,29.64,--,11,32604,买盘
1640,13:21:09,29.64,0.02,36,106704,买盘
1641,13:21:06,29.62,-0.02,2,5924,中性盘
1642,13:21:03,29.64,0.03,28,82992,买盘
1643,13:21:00,29.61,-0.03,11,32571,卖盘
1644,13:20:54,29.64,--,4,11856,买盘
1645,13:20:51,29.64,--,3,8892,买盘
1646,13:20:45,29.64,-0.01,8,23712,买盘
1647,13:20:42,29.65,--,11,32615,买盘
1648,13:20:39,29.65,0.01,16,47440,买盘
1649,13:20:36,29.64,--,68,201552,买盘
1650,13:20:33,29.64,-0.01,35,103740,卖盘
1651,13:20:27,29.65,--,22,65230,买盘
1652,13:20:24,29.65,--,4,11860,买盘
1653,13:20:21,29.65,--,3,8895,买盘
1654,13:20:15,29.65,--,3,8895,买盘
1655,13:20:12,29.65,--,17,50405,买盘
1656,13:20:09,29.65,--,96,284640,卖盘
1657,13:20:06,29.65,--,32,94880,卖盘
1658,13:20:03,29.65,--,10,29650,卖盘
1659,13:20:00,29.65,--,4,11860,卖盘
1660,13:19:57,29.65,--,35,103775,卖盘
1661,13:19:54,29.65,-0.01,9,26685,卖盘
1662,13:19:51,29.66,--,4,11864,买盘
1663,13:19:48,29.66,--,5,14830,买盘
1664,13:19:42,29.66,--,4,11864,买盘
1665,13:19:39,29.66,--,53,157198,卖盘
1666,13:19:36,29.66,--,20,59320,卖盘
1667,13:19:33,29.66,--,18,53388,卖盘
1668,13:19:30,29.66,-0.01,36,106776,卖盘
1669,13:19:27,29.67,0.01,42,124614,买盘
1670,13:19:24,29.66,--,7,20762,卖盘
1671,13:19:21,29.66,-0.01,1,2966,卖盘
1672,13:19:18,29.67,0.01,5,14835,买盘
1673,13:19:15,29.66,-0.01,1,2966,卖盘
1674,13:19:12,29.67,-0.01,4,11868,中性盘
1675,13:19:06,29.68,0.02,17,50456,买盘
1676,13:19:03,29.66,-0.02,6,17796,卖盘
1677,13:18:57,29.68,0.02,29,86072,买盘
1678,13:18:54,29.66,-0.02,14,41524,卖盘
1679,13:18:48,29.68,--,10,29680,买盘
1680,13:18:45,29.68,--,1,2968,买盘
1681,13:18:42,29.68,--,13,38584,买盘
1682,13:18:39,29.68,--,33,97944,买盘
1683,13:18:36,29.68,--,42,124656,卖盘
1684,13:18:33,29.68,--,11,32648,卖盘
1685,13:18:30,29.68,--,10,29680,卖盘
1686,13:18:27,29.68,-0.01,5,14840,买盘
1687,13:18:24,29.69,0.01,8,23752,买盘
1688,13:18:21,29.68,-0.01,120,356160,卖盘
1689,13:18:15,29.69,0.01,37,109853,买盘
1690,13:18:12,29.68,--,1,2968,卖盘
1691,13:18:09,29.68,--,54,160272,买盘
1692,13:18:06,29.68,--,24,71232,买盘
1693,13:18:03,29.68,--,130,385840,买盘
1694,13:18:00,29.68,--,312,926016,买盘
1695,13:17:54,29.68,0.01,11,32648,买盘
1696,13:17:51,29.67,--,10,29670,卖盘
1697,13:17:45,29.67,--,23,68241,卖盘
1698,13:17:42,29.67,--,29,86043,卖盘
1699,13:17:39,29.67,--,50,148350,卖盘
1700,13:17:33,29.67,--,66,195822,买盘
1701,13:17:30,29.67,--,3,8901,买盘
1702,13:17:27,29.67,0.01,46,136482,买盘
1703,13:17:24,29.66,--,6,17796,卖盘
1704,13:17:21,29.66,-0.01,6,17796,卖盘
1705,13:17:18,29.67,--,15,44505,买盘
1706,13:17:15,29.67,0.01,34,100878,买盘
1707,13:17:12,29.66,--,32,94912,卖盘
1708,13:17:09,29.66,-0.01,19,56354,卖盘
1709,13:17:06,29.67,--,8,23736,买盘
1710,13:17:03,29.67,0.01,14,41538,买盘
1711,13:17:00,29.66,--,5,14830,卖盘
1712,13:16:57,29.66,--,6,17796,卖盘
1713,13:16:54,29.66,-0.01,23,68218,卖盘
1714,13:16:48,29.67,0.01,20,59340,买盘
1715,13:16:45,29.66,--,7,20762,卖盘
1716,13:16:42,29.66,--,16,47456,卖盘
1717,13:16:39,29.66,--,35,103810,卖盘
1718,13:16:36,29.66,-0.01,8,23728,卖盘
1719,13:16:33,29.67,0.02,16,47472,买盘
1720,13:16:30,29.65,--,4,11860,卖盘
1721,13:16:24,29.65,-0.01,22,65230,卖盘
1722,13:16:21,29.66,--,32,94912,买盘
1723,13:16:18,29.66,0.01,1,2966,买盘
1724,13:16:15,29.65,-0.01,3,8895,卖盘
1725,13:16:12,29.66,0.01,38,112708,买盘
1726,13:16:09,29.65,-0.01,12,35580,卖盘
1727,13:16:06,29.66,0.01,10,29660,买盘
1728,13:16:03,29.65,-0.01,36,106740,卖盘
1729,13:15:54,29.66,0.01,4,11864,买盘
1730,13:15:48,29.65,--,2,5930,卖盘
1731,13:15:45,29.65,--,2,5930,卖盘
1732,13:15:42,29.65,--,2,5930,卖盘
1733,13:15:39,29.65,--,38,112670,卖盘
1734,13:15:33,29.65,0.01,8,23720,买盘
1735,13:15:27,29.64,-0.01,45,133380,卖盘
1736,13:15:24,29.65,0.01,5,14825,买盘
1737,13:15:21,29.64,--,29,85956,卖盘
1738,13:15:18,29.64,--,1,2964,卖盘
1739,13:15:15,29.64,0.01,8,23712,中性盘
1740,13:15:12,29.63,-0.01,40,118520,卖盘
1741,13:15:09,29.64,--,46,136344,买盘
1742,13:15:03,29.64,--,18,53352,买盘
1743,13:15:00,29.64,--,7,20748,买盘
1744,13:14:57,29.64,--,9,26676,买盘
1745,13:14:54,29.64,0.01,7,20748,买盘
1746,13:14:51,29.63,-0.01,3,8889,卖盘
1747,13:14:48,29.64,0.01,2,5928,买盘
1748,13:14:45,29.63,--,2,5926,卖盘
1749,13:14:42,29.63,--,14,41482,卖盘
1750,13:14:39,29.63,--,10,29630,卖盘
1751,13:14:36,29.63,--,42,124446,买盘
1752,13:14:33,29.63,0.01,5,14815,买盘
1753,13:14:30,29.62,-0.01,109,322858,卖盘
1754,13:14:24,29.63,--,96,284448,买盘
1755,13:14:21,29.63,--,126,373338,买盘
1756,13:14:18,29.63,0.01,3,8889,买盘
1757,13:14:15,29.62,-0.01,19,56278,卖盘
1758,13:14:12,29.63,0.01,38,112594,买盘
1759,13:14:09,29.62,--,10,29620,卖盘
1760,13:14:06,29.62,--,5,14810,卖盘
1761,13:14:03,29.62,-0.01,10,29620,卖盘
1762,13:14:00,29.63,0.01,33,97779,买盘
1763,13:13:57,29.62,-0.01,10,29620,卖盘
1764,13:13:54,29.63,--,4,11852,买盘
1765,13:13:48,29.63,0.01,6,17778,买盘
1766,13:13:42,29.62,-0.01,6,17772,卖盘
1767,13:13:39,29.63,--,22,65186,买盘
1768,13:13:36,29.63,--,1,2963,买盘
1769,13:13:33,29.63,--,4,11852,买盘
1770,13:13:27,29.63,--,9,26667,买盘
1771,13:13:24,29.63,0.01,36,106668,买盘
1772,13:13:18,29.62,-0.01,9,26658,卖盘
1773,13:13:12,29.63,--,4,11852,买盘
1774,13:13:09,29.63,0.01,45,133335,买盘
1775,13:13:06,29.62,--,28,82936,买盘
1776,13:13:03,29.62,--,5,14810,买盘
1777,13:13:00,29.62,0.01,4,11848,买盘
1778,13:12:54,29.61,--,8,23688,卖盘
1779,13:12:51,29.61,-0.01,213,630693,卖盘
1780,13:12:48,29.62,0.01,26,77012,买盘
1781,13:12:45,29.61,-0.01,3,8883,卖盘
1782,13:12:42,29.62,0.01,4,11848,买盘
1783,13:12:39,29.61,--,11,32571,卖盘
1784,13:12:36,29.61,-0.01,208,617546,卖盘
1785,13:12:33,29.62,--,152,450224,买盘
1786,13:12:27,29.62,--,46,136252,买盘
1787,13:12:24,29.62,0.01,8,23696,买盘
1788,13:12:21,29.61,--,37,109557,卖盘
1789,13:12:15,29.61,-0.02,62,183582,卖盘
1790,13:12:12,29.63,0.01,5,14815,买盘
1791,13:12:09,29.62,0.01,27,79974,买盘
1792,13:12:06,29.61,-0.02,1,2961,卖盘
1793,13:12:03,29.63,0.01,37,109631,买盘
1794,13:11:57,29.62,0.01,14,41468,买盘
1795,13:11:54,29.61,-0.01,5,14805,卖盘
1796,13:11:51,29.62,0.01,3,8886,买盘
1797,13:11:48,29.61,-0.02,5,14805,卖盘
1798,13:11:42,29.63,0.01,5,14815,买盘
1799,13:11:39,29.62,--,6,17772,卖盘
1800,13:11:36,29.62,-0.01,4,11848,卖盘
1801,13:11:33,29.63,-0.01,190,562970,卖盘
1802,13:11:30,29.64,--,13,38532,买盘
1803,13:11:27,29.64,0.01,5,14820,买盘
1804,13:11:24,29.63,--,7,20741,中性盘
1805,13:11:21,29.63,--,27,80001,卖盘
1806,13:11:15,29.63,-0.01,4,11852,卖盘
1807,13:11:12,29.64,0.01,4,11856,买盘
1808,13:11:09,29.63,--,7,20741,卖盘
1809,13:11:06,29.63,--,34,100742,买盘
1810,13:11:03,29.63,0.02,27,80001,买盘
1811,13:11:00,29.61,-0.02,3,8883,卖盘
1812,13:10:57,29.63,0.03,21,62223,买盘
1813,13:10:54,29.6,--,12,35520,卖盘
1814,13:10:51,29.6,-0.03,14,41440,卖盘
1815,13:10:45,29.63,0.02,36,106668,买盘
1816,13:10:42,29.61,--,25,74025,买盘
1817,13:10:39,29.61,0.01,7,20756,买盘
1818,13:10:36,29.6,--,9,26640,卖盘
1819,13:10:33,29.6,--,7,20720,卖盘
1820,13:10:30,29.6,--,18,53280,卖盘
1821,13:10:27,29.6,--,59,174640,买盘
1822,13:10:24,29.6,--,20,59200,买盘
1823,13:10:18,29.6,--,12,35520,买盘
1824,13:10:15,29.6,--,3,8880,买盘
1825,13:10:12,29.6,--,6,17760,买盘
1826,13:10:09,29.6,0.01,40,118400,买盘
1827,13:10:06,29.59,-0.01,19,56221,卖盘
1828,13:10:03,29.6,0.01,10,29600,买盘
1829,13:10:00,29.59,--,12,35508,卖盘
1830,13:09:57,29.59,-0.01,2,5918,卖盘
1831,13:09:54,29.6,0.01,31,91760,买盘
1832,13:09:45,29.59,--,11,32549,卖盘
1833,13:09:42,29.59,--,38,112442,卖盘
1834,13:09:36,29.59,-0.01,9,26631,卖盘
1835,13:09:33,29.6,--,4,11840,买盘
1836,13:09:30,29.6,0.01,171,506160,买盘
1837,13:09:27,29.59,0.01,5,14795,买盘
1838,13:09:24,29.58,--,10,29580,卖盘
1839,13:09:21,29.58,-0.01,10,29580,卖盘
1840,13:09:15,29.59,0.01,100,295900,买盘
1841,13:09:12,29.58,--,15,44370,卖盘
1842,13:09:06,29.58,-0.01,46,136068,卖盘
1843,13:09:03,29.59,0.01,51,150909,买盘
1844,13:08:54,29.58,--,7,20706,买盘
1845,13:08:51,29.58,--,80,236640,买盘
1846,13:08:42,29.58,0.02,7,20706,买盘
1847,13:08:39,29.56,-0.01,218,644408,卖盘
1848,13:08:36,29.57,-0.01,10,29570,卖盘
1849,13:08:33,29.58,0.01,69,204102,买盘
1850,13:08:30,29.57,0.01,19,56183,买盘
1851,13:08:27,29.56,-0.01,2,5912,卖盘
1852,13:08:24,29.57,--,4,11828,买盘
1853,13:08:21,29.57,--,3,8871,买盘
1854,13:08:18,29.57,--,3,8871,买盘
1855,13:08:15,29.57,0.01,1,2957,买盘
1856,13:08:12,29.56,--,7,20692,卖盘
1857,13:08:06,29.56,-0.02,13,38428,卖盘
1858,13:08:03,29.58,0.02,36,106488,买盘
1859,13:08:00,29.56,0.01,8,23648,买盘
1860,13:07:54,29.55,--,5,14775,卖盘
1861,13:07:51,29.55,--,3,8865,卖盘
1862,13:07:48,29.55,--,51,150705,买盘
1863,13:07:42,29.55,0.02,16,47280,买盘
1864,13:07:39,29.53,--,17,50201,卖盘
1865,13:07:36,29.53,-0.02,9,26577,卖盘
1866,13:07:33,29.55,0.02,5,14775,买盘
1867,13:07:27,29.53,-0.02,8,23624,卖盘
1868,13:07:24,29.55,0.02,4,11820,买盘
1869,13:07:21,29.53,--,29,85843,买盘
1870,13:07:12,29.53,--,4,11812,买盘
1871,13:07:09,29.53,0.01,3,8859,买盘
1872,13:07:06,29.52,0.01,113,333576,买盘
1873,13:07:03,29.51,-0.01,8,23608,卖盘
1874,13:06:57,29.52,-0.01,3,8856,买盘
1875,13:06:54,29.53,--,4,11812,买盘
1876,13:06:51,29.53,0.02,32,94496,买盘
1877,13:06:45,29.51,-0.02,9,26559,卖盘
1878,13:06:42,29.53,0.02,4,11812,买盘
1879,13:06:36,29.51,-0.02,32,94432,卖盘
1880,13:06:33,29.53,0.02,7,20671,买盘
1881,13:06:30,29.51,--,1,2951,卖盘
1882,13:06:27,29.51,-0.02,4,11804,卖盘
1883,13:06:24,29.53,0.02,4,11812,买盘
1884,13:06:21,29.51,-0.02,4,11804,卖盘
1885,13:06:12,29.53,--,4,11812,买盘
1886,13:06:09,29.53,0.02,3,8859,买盘
1887,13:06:06,29.51,-0.02,10,29510,卖盘
1888,13:06:03,29.53,0.02,11,32483,买盘
1889,13:06:00,29.51,-0.01,3,8853,卖盘
1890,13:05:57,29.52,--,1,2952,卖盘
1891,13:05:54,29.52,0.01,4,11808,中性盘
1892,13:05:48,29.51,0.01,3,8853,卖盘
1893,13:05:45,29.5,-0.03,10,29500,卖盘
1894,13:05:42,29.53,--,3,8859,买盘
1895,13:05:39,29.53,0.02,32,94496,买盘
1896,13:05:36,29.51,-0.01,3,8853,买盘
1897,13:05:33,29.52,0.02,94,277488,买盘
1898,13:05:30,29.5,-0.01,5,14750,卖盘
1899,13:05:27,29.51,--,2,5902,买盘
1900,13:05:24,29.51,0.01,4,11804,买盘
1901,13:05:21,29.5,-0.01,6,17700,卖盘
1902,13:05:18,29.51,--,5,14755,买盘
1903,13:05:15,29.51,-0.02,258,761358,卖盘
1904,13:05:12,29.53,--,4,11812,买盘
1905,13:05:09,29.53,0.02,9,26577,买盘
1906,13:05:03,29.51,-0.01,23,67873,卖盘
1907,13:04:54,29.52,0.01,18,53136,中性盘
1908,13:04:42,29.51,--,10,29510,卖盘
1909,13:04:33,29.51,--,43,126893,买盘
1910,13:04:24,29.51,0.01,7,20657,买盘
1911,13:04:21,29.5,--,26,76700,卖盘
1912,13:04:15,29.5,-0.03,15,44250,卖盘
1913,13:04:12,29.53,--,21,62013,买盘
1914,13:04:09,29.53,0.03,9,26577,买盘
1915,13:04:03,29.5,-0.03,13,38350,卖盘
1916,13:04:00,29.53,0.03,3,8859,买盘
1917,13:03:57,29.5,-0.03,1,2950,卖盘
1918,13:03:54,29.53,--,6,17718,买盘
1919,13:03:51,29.53,-0.01,4,11812,卖盘
1920,13:03:48,29.54,--,80,236320,买盘
1921,13:03:42,29.54,0.01,26,76804,买盘
1922,13:03:36,29.53,--,1,5846,买盘
1923,13:03:33,29.53,0.03,7,20671,买盘
1924,13:03:30,29.5,--,14,41300,买盘
1925,13:03:27,29.5,--,32,94400,买盘
1926,13:03:24,29.5,0.01,7,20650,买盘
1927,13:03:21,29.49,--,9,26541,卖盘
1928,13:03:18,29.49,-0.01,3,8847,卖盘
1929,13:03:12,29.5,--,7,20650,买盘
1930,13:03:03,29.5,0.01,7,20650,买盘
1931,13:03:00,29.49,--,6,17694,卖盘
1932,13:02:57,29.49,-0.01,2,5898,卖盘
1933,13:02:54,29.5,--,4,11800,买盘
1934,13:02:48,29.5,--,3,8850,买盘
1935,13:02:42,29.5,--,4,11800,买盘
1936,13:02:39,29.5,-0.03,87,256709,卖盘
1937,13:02:36,29.53,0.03,3,8859,买盘
1938,13:02:33,29.5,--,32,95550,卖盘
1939,13:02:30,29.5,--,7,20650,卖盘
1940,13:02:27,29.5,-0.03,5,14750,卖盘
1941,13:02:24,29.53,0.03,10,29530,买盘
1942,13:02:18,29.5,--,5,14750,卖盘
1943,13:02:15,29.5,-0.03,120,354000,卖盘
1944,13:02:12,29.53,--,19,56107,买盘
1945,13:02:03,29.53,0.02,13,40131,买盘
1946,13:02:00,29.51,--,3,8853,买盘
1947,13:01:57,29.51,--,1,2951,买盘
1948,13:01:54,29.51,--,4,11804,买盘
1949,13:01:48,29.51,-0.02,35,103285,卖盘
1950,13:01:42,29.53,-0.01,4,11812,中性盘
1951,13:01:36,29.54,--,3,8862,买盘
1952,13:01:33,29.54,0.01,4,11816,买盘
1953,13:01:30,29.53,--,3,8859,买盘
1954,13:01:24,29.53,-0.01,13,38389,中性盘
1955,13:01:21,29.54,0.05,32,94528,买盘
1956,13:01:15,29.49,-0.04,1,2949,卖盘
1957,13:01:12,29.53,0.04,35,103355,中性盘
1958,13:01:06,29.49,-0.05,6,17694,卖盘
1959,13:01:03,29.54,0.06,10,29540,买盘
1960,13:01:00,29.48,-0.01,46,135608,卖盘
1961,13:00:57,29.49,-0.05,12,35388,卖盘
1962,13:00:54,29.54,0.04,4,11816,买盘
1963,13:00:51,29.5,--,11,32450,卖盘
1964,13:00:45,29.5,-0.04,2,5900,卖盘
1965,13:00:42,29.54,--,5,14770,买盘
1966,13:00:39,29.54,0.03,5,14770,买盘
1967,13:00:36,29.51,-0.03,12,35412,卖盘
1968,13:00:33,29.54,0.03,4,11816,中性盘
1969,13:00:30,29.51,-0.04,30,88530,中性盘
1970,13:00:27,29.55,0.04,3,8865,买盘
1971,13:00:24,29.51,--,4,11804,买盘
1972,13:00:21,29.51,--,1,2951,买盘
1973,13:00:18,29.51,--,13,38363,买盘
1974,13:00:15,29.51,--,3,8853,卖盘
1975,13:00:12,29.51,--,20,59020,卖盘
1976,13:00:09,29.51,-0.04,12,35412,卖盘
1977,13:00:06,29.55,0.05,56,165480,买盘
1978,13:00:03,29.5,-0.01,372,1097400,卖盘
1979,13:00:00,29.51,-0.01,10,29510,卖盘
1980,11:30:00,29.52,0.01,4,11808,买盘
1981,11:29:51,29.51,--,22,64922,买盘
1982,11:29:48,29.51,0.01,1,2951,买盘
1983,11:29:45,29.5,--,26,76700,卖盘
1984,11:29:42,29.5,-0.01,3,8850,卖盘
1985,11:29:39,29.51,--,7,20657,买盘
1986,11:29:33,29.51,--,12,35412,买盘
1987,11:29:30,29.51,--,4,11804,买盘
1988,11:29:27,29.51,--,4,11804,买盘
1989,11:29:21,29.51,-0.02,87,256737,卖盘
1990,11:29:15,29.53,--,3,8859,买盘
1991,11:29:12,29.53,--,3,8859,买盘
1992,11:29:09,29.53,--,6,17718,买盘
1993,11:29:03,29.53,0.02,82,242146,买盘
1994,11:29:00,29.51,-0.02,55,162305,卖盘
1995,11:28:57,29.53,--,11,32483,买盘
1996,11:28:51,29.53,--,7,20671,买盘
1997,11:28:39,29.53,--,7,20671,买盘
1998,11:28:36,29.53,--,4,11812,买盘
1999,11:28:30,29.53,--,14,41342,买盘
2000,11:28:27,29.53,--,51,150603,买盘
2001,11:28:21,29.53,--,4,11812,买盘
2002,11:28:18,29.53,-0.01,91,268723,卖盘
2003,11:28:15,29.54,-0.01,1,2954,中性盘
2004,11:28:09,29.55,--,5,14775,买盘
2005,11:28:06,29.55,0.01,35,103425,买盘
2006,11:28:03,29.54,--,9,26586,买盘
2007,11:28:00,29.54,--,4,11816,买盘
2008,11:27:57,29.54,--,7,20678,卖盘
2009,11:27:54,29.54,-0.01,9,26586,卖盘
2010,11:27:51,29.55,--,9,26595,买盘
2011,11:27:48,29.55,0.01,1,2955,买盘
2012,11:27:45,29.54,--,25,73850,卖盘
2013,11:27:42,29.54,-0.01,11,32494,卖盘
2014,11:27:39,29.55,--,4,11820,买盘
2015,11:27:36,29.55,0.01,34,100470,买盘
2016,11:27:33,29.54,--,13,38402,中性盘
2017,11:27:30,29.54,--,66,194964,卖盘
2018,11:27:27,29.54,-0.01,2,5908,卖盘
2019,11:27:24,29.55,0.01,1,2955,买盘
2020,11:27:21,29.54,--,7,20678,卖盘
2021,11:27:18,29.54,--,4,11816,卖盘
2022,11:27:12,29.54,-0.01,103,304262,卖盘
2023,11:27:09,29.55,--,4,11820,买盘
2024,11:27:06,29.55,0.01,32,94560,买盘
2025,11:27:03,29.54,--,58,171332,卖盘
2026,11:27:00,29.54,--,12,35448,卖盘
2027,11:26:57,29.54,0.02,19,56126,买盘
2028,11:26:54,29.52,-0.01,5,14760,卖盘
2029,11:26:51,29.53,--,4,11812,买盘
2030,11:26:48,29.53,--,6,17718,买盘
2031,11:26:45,29.53,--,5,14765,卖盘
2032,11:26:42,29.53,-0.04,36,106308,卖盘
2033,11:26:39,29.57,0.04,5,14785,买盘
2034,11:26:36,29.53,--,86,253958,卖盘
2035,11:26:33,29.53,--,62,183086,卖盘
2036,11:26:30,29.53,--,17,50201,卖盘
2037,11:26:27,29.53,-0.01,6,17718,卖盘
2038,11:26:21,29.54,0.01,17,50218,买盘
2039,11:26:18,29.53,-0.01,47,138791,卖盘
2040,11:26:12,29.54,--,73,215642,买盘
2041,11:26:09,29.54,--,6,17724,买盘
2042,11:26:06,29.54,0.01,41,121114,买盘
2043,11:26:03,29.53,-0.01,15,44295,卖盘
2044,11:26:00,29.54,--,13,38402,买盘
2045,11:25:57,29.54,--,1,2954,买盘
2046,11:25:54,29.54,-0.04,3,8862,买盘
2047,11:25:51,29.58,--,17,53036,卖盘
2048,11:25:48,29.58,0.05,80,236847,买盘
2049,11:25:45,29.53,--,10,29530,卖盘
2050,11:25:42,29.53,--,1,2953,卖盘
2051,11:25:36,29.53,--,36,106308,卖盘
2052,11:25:33,29.53,--,132,389796,卖盘
2053,11:25:30,29.53,--,10,29530,卖盘
2054,11:25:24,29.53,0.03,112,330736,买盘
2055,11:25:21,29.5,--,19,56050,买盘
2056,11:25:18,29.5,0.01,14,41300,买盘
2057,11:25:15,29.49,-0.01,316,931884,卖盘
2058,11:25:09,29.5,-0.01,39,115050,卖盘
2059,11:25:06,29.51,0.01,35,103285,买盘
2060,11:25:03,29.5,--,80,236000,卖盘
2061,11:25:00,29.5,--,16,47200,卖盘
2062,11:24:57,29.5,-0.01,31,91450,卖盘
2063,11:24:54,29.51,--,4,11804,买盘
2064,11:24:51,29.51,--,23,67873,买盘
2065,11:24:48,29.51,--,1,2951,买盘
2066,11:24:45,29.51,0.01,2,5902,买盘
2067,11:24:42,29.5,-0.01,23,67850,卖盘
2068,11:24:39,29.51,--,10,29510,买盘
2069,11:24:36,29.51,--,37,109187,买盘
2070,11:24:33,29.51,0.01,48,141648,买盘
2071,11:24:30,29.5,--,49,144550,卖盘
2072,11:24:27,29.5,--,2,5900,卖盘
2073,11:24:24,29.5,-0.01,3,8850,卖盘
2074,11:24:21,29.51,--,4,11804,买盘
2075,11:24:18,29.51,0.01,3,8853,中性盘
2076,11:24:12,29.5,-0.03,10,29500,卖盘
2077,11:24:09,29.53,--,5,14765,买盘
2078,11:24:06,29.53,0.01,35,103355,买盘
2079,11:24:00,29.52,0.01,54,159408,买盘
2080,11:23:54,29.51,--,4,11804,买盘
2081,11:23:51,29.51,--,4,11804,买盘
2082,11:23:48,29.51,-0.02,173,510523,卖盘
2083,11:23:42,29.53,--,4,11812,买盘
2084,11:23:39,29.53,--,36,106308,买盘
2085,11:23:36,29.53,0.01,33,97449,买盘
2086,11:23:33,29.52,--,52,153504,买盘
2087,11:23:30,29.52,--,8,23616,买盘
2088,11:23:27,29.52,-0.01,200,590400,卖盘
2089,11:23:24,29.53,--,18,53154,买盘
2090,11:23:21,29.53,--,54,159462,卖盘
2091,11:23:18,29.53,--,13,38389,卖盘
2092,11:23:15,29.53,--,3,8859,卖盘
2093,11:23:12,29.53,-0.02,3,8859,卖盘
2094,11:23:09,29.55,--,5,14775,买盘
2095,11:23:06,29.55,--,35,103425,买盘
2096,11:23:03,29.55,--,96,283680,买盘
2097,11:23:00,29.55,0.04,13,38415,买盘
2098,11:22:57,29.51,-0.04,20,59020,卖盘
2099,11:22:54,29.55,--,180,531900,买盘
2100,11:22:51,29.55,0.04,1,2955,买盘
2101,11:22:48,29.51,0.02,36,106236,中性盘
2102,11:22:39,29.49,--,5,14745,卖盘
2103,11:22:36,29.49,--,33,97317,卖盘
2104,11:22:30,29.49,--,313,923037,卖盘
2105,11:22:27,29.49,--,44,129756,卖盘
2106,11:22:21,29.49,-0.01,24,70776,卖盘
2107,11:22:18,29.5,--,3,8850,买盘
2108,11:22:12,29.5,--,4,11800,买盘
2109,11:22:09,29.5,0.01,104,306800,买盘
2110,11:22:06,29.49,--,53,156297,卖盘
2111,11:22:03,29.49,--,3,8847,卖盘
2112,11:22:00,29.49,--,14,41286,卖盘
2113,11:21:57,29.49,-0.01,51,150399,卖盘
2114,11:21:54,29.5,0.01,20,59000,买盘
2115,11:21:51,29.49,-0.01,7,20643,卖盘
2116,11:21:48,29.5,0.01,1,2950,买盘
2117,11:21:45,29.49,-0.01,5,14745,卖盘
2118,11:21:42,29.5,--,3,8850,买盘
2119,11:21:39,29.5,--,4,11800,买盘
2120,11:21:36,29.5,0.01,36,106200,买盘
2121,11:21:33,29.49,-0.01,17,50133,卖盘
2122,11:21:30,29.5,--,8,23600,买盘
2123,11:21:27,29.5,--,1,2950,买盘
2124,11:21:24,29.5,0.02,66,194700,买盘
2125,11:21:21,29.48,-0.02,256,754688,卖盘
2126,11:21:18,29.5,--,3,8850,买盘
2127,11:21:12,29.5,--,60,177000,买盘
2128,11:21:09,29.5,-0.02,64,188800,卖盘
2129,11:21:06,29.52,0.02,11,32472,买盘
2130,11:21:03,29.5,--,128,377600,买盘
2131,11:21:00,29.5,0.01,5,14750,买盘
2132,11:20:57,29.49,-0.01,11,32439,卖盘
2133,11:20:54,29.5,--,3,8850,买盘
2134,11:20:51,29.5,-0.01,25,73750,卖盘
2135,11:20:48,29.51,0.01,76,224276,买盘
2136,11:20:45,29.5,-0.01,1,2950,卖盘
2137,11:20:42,29.51,--,3,8853,买盘
2138,11:20:39,29.51,--,113,333463,买盘
2139,11:20:36,29.51,--,32,94432,买盘
2140,11:20:33,29.51,--,5,14755,买盘
2141,11:20:30,29.51,-0.02,50,147550,卖盘
2142,11:20:27,29.53,0.03,1,2953,买盘
2143,11:20:21,29.5,--,4,11800,买盘
2144,11:20:18,29.5,-0.01,110,324500,卖盘
2145,11:20:15,29.51,0.01,131,386581,买盘
2146,11:20:12,29.5,-0.03,241,710950,卖盘
2147,11:20:09,29.53,0.03,4,11812,买盘
2148,11:20:06,29.5,-0.01,34,100300,卖盘
2149,11:20:00,29.51,-0.02,5,14755,中性盘
2150,11:19:54,29.53,0.03,3,8859,买盘
2151,11:19:51,29.5,--,8,23600,买盘
2152,11:19:45,29.5,--,3,8850,买盘
2153,11:19:42,29.5,--,5,14750,买盘
2154,11:19:39,29.5,--,10,29500,买盘
2155,11:19:36,29.5,-0.03,340,1003000,卖盘
2156,11:19:30,29.53,--,13,38389,买盘
2157,11:19:27,29.53,--,1,2953,买盘
2158,11:19:21,29.53,--,5,14765,买盘
2159,11:19:18,29.53,-0.02,4,11812,卖盘
2160,11:19:09,29.55,--,4,11820,买盘
2161,11:19:06,29.55,0.02,34,100470,买盘
2162,11:19:03,29.53,0.03,43,126979,买盘
2163,11:19:00,29.5,--,4,11800,买盘
2164,11:18:57,29.5,--,144,424800,买盘
2165,11:18:54,29.5,--,3,8850,买盘
2166,11:18:51,29.5,-0.04,72,212400,卖盘
2167,11:18:39,29.54,--,4,11816,买盘
2168,11:18:36,29.54,0.04,33,97482,买盘
2169,11:18:33,29.5,-0.03,120,354000,卖盘
2170,11:18:30,29.53,0.03,7,20671,买盘
2171,11:18:27,29.5,-0.03,2,5900,卖盘
2172,11:18:21,29.53,--,4,11812,买盘
2173,11:18:18,29.53,0.03,3,8859,买盘
2174,11:18:15,29.5,--,4,11800,卖盘
2175,11:18:12,29.5,-0.05,10,29500,卖盘
2176,11:18:09,29.55,--,7,20685,买盘
2177,11:18:06,29.55,0.02,33,97515,买盘
2178,11:18:03,29.53,--,2,5906,买盘
2179,11:18:00,29.53,--,4,11812,买盘
2180,11:17:54,29.53,--,6,17718,买盘
2181,11:17:51,29.53,--,4,11812,买盘
2182,11:17:48,29.53,--,2,5906,卖盘
2183,11:17:42,29.53,0.03,2,5906,卖盘
2184,11:17:39,29.5,-0.05,1,2950,卖盘
2185,11:17:36,29.55,0.05,32,94560,买盘
2186,11:17:30,29.5,0.01,9,26550,买盘
2187,11:17:27,29.49,--,5,14745,卖盘
2188,11:17:21,29.49,-0.01,35,103215,卖盘
2189,11:17:18,29.5,--,26,76700,买盘
2190,11:17:15,29.5,0.01,7,20650,中性盘
2191,11:17:09,29.49,-0.01,59,176202,卖盘
2192,11:17:06,29.5,0.01,35,103250,买盘
2193,11:17:00,29.49,-0.01,20,58980,卖盘
2194,11:16:54,29.5,--,70,206500,买盘
2195,11:16:51,29.5,0.01,9,26550,买盘
2196,11:16:48,29.49,--,17,50133,卖盘
2197,11:16:45,29.49,-0.01,119,350931,卖盘
2198,11:16:42,29.5,--,5,14750,买盘
2199,11:16:39,29.5,--,4,11800,买盘
2200,11:16:36,29.5,0.01,32,94400,买盘
2201,11:16:33,29.49,-0.01,3,8847,卖盘
2202,11:16:30,29.5,0.01,16,47200,买盘
2203,11:16:27,29.49,0.01,16,47184,中性盘
2204,11:16:24,29.48,-0.01,550,1621400,卖盘
2205,11:16:21,29.49,-0.01,5,14745,卖盘
2206,11:16:18,29.5,--,175,516250,买盘
2207,11:16:12,29.5,--,4,11800,买盘
2208,11:16:09,29.5,--,4,11800,买盘
2209,11:16:06,29.5,--,37,109150,买盘
2210,11:16:03,29.5,--,1,2950,买盘
2211,11:16:00,29.5,0.01,10,29500,买盘
2212,11:15:57,29.49,-0.01,4,11796,卖盘
2213,11:15:54,29.5,--,5,14750,买盘
2214,11:15:51,29.5,--,20,59000,买盘
2215,11:15:42,29.5,--,13,38350,买盘
2216,11:15:39,29.5,--,4,11800,买盘
2217,11:15:36,29.5,--,42,123900,买盘
2218,11:15:33,29.5,--,5,14750,买盘
2219,11:15:30,29.5,0.01,10,29500,买盘
2220,11:15:27,29.49,-0.01,13,38337,卖盘
2221,11:15:24,29.5,--,47,138650,买盘
2222,11:15:21,29.5,--,8,23600,买盘
2223,11:15:18,29.5,--,4,11800,买盘
2224,11:15:15,29.5,--,2,5900,买盘
2225,11:15:12,29.5,--,16,47200,买盘
2226,11:15:09,29.5,--,57,168150,买盘
2227,11:15:06,29.5,--,37,109150,买盘
2228,11:15:03,29.5,--,53,156350,买盘
2229,11:15:00,29.5,0.01,4,11800,买盘
2230,11:14:57,29.49,-0.01,18,53082,卖盘
2231,11:14:54,29.5,0.01,13,38350,买盘
2232,11:14:51,29.49,--,83,244767,卖盘
2233,11:14:48,29.49,--,11,32439,卖盘
2234,11:14:45,29.49,--,13,38337,卖盘
2235,11:14:42,29.49,-0.01,2,5898,卖盘
2236,11:14:36,29.5,--,35,103250,买盘
2237,11:14:33,29.5,0.01,9,26550,买盘
2238,11:14:30,29.49,0.01,6,17694,买盘
2239,11:14:27,29.48,--,1,2948,卖盘
2240,11:14:24,29.48,-0.02,1,2948,卖盘
2241,11:14:21,29.5,--,7,20650,买盘
2242,11:14:18,29.5,0.01,222,654900,买盘
2243,11:14:12,29.49,-0.01,4,11796,中性盘
2244,11:14:09,29.5,--,8,23600,买盘
2245,11:14:06,29.5,--,34,100300,买盘
2246,11:14:03,29.5,0.01,51,150450,买盘
2247,11:14:00,29.49,-0.01,38,112062,卖盘
2248,11:13:57,29.5,--,5,14750,买盘
2249,11:13:54,29.5,--,1,2950,买盘
2250,11:13:51,29.5,--,4,11800,买盘
2251,11:13:45,29.5,-0.04,230,678500,卖盘
2252,11:13:39,29.54,-0.01,6,17724,卖盘
2253,11:13:36,29.55,0.01,32,94560,买盘
2254,11:13:33,29.54,--,7,20678,买盘
2255,11:13:30,29.54,0.01,4,11816,买盘
2256,11:13:27,29.53,--,3,8859,买盘
2257,11:13:21,29.53,0.03,8,23624,中性盘
2258,11:13:18,29.5,-0.05,3,8850,卖盘
2259,11:13:12,29.55,--,1,2955,买盘
2260,11:13:09,29.55,--,6,17730,买盘
2261,11:13:06,29.55,0.01,708,2094888,买盘
2262,11:13:03,29.54,-0.01,15,44310,卖盘
2263,11:13:00,29.55,0.01,7,20891,买盘
2264,11:12:57,29.54,--,8,26379,卖盘
2265,11:12:51,29.54,0.03,338,998658,买盘
2266,11:12:48,29.51,-0.02,672,1983072,卖盘
2267,11:12:45,29.53,-0.01,10,29530,卖盘
2268,11:12:42,29.54,--,7,20678,买盘
2269,11:12:39,29.54,--,22,64988,买盘
2270,11:12:36,29.54,--,232,685328,买盘
2271,11:12:33,29.54,-0.05,91,269375,卖盘
2272,11:12:30,29.59,--,5,14795,买盘
2273,11:12:27,29.59,0.05,53,156827,买盘
2274,11:12:24,29.54,-0.05,82,242228,卖盘
2275,11:12:21,29.59,0.01,62,183458,买盘
2276,11:12:18,29.58,--,1,2958,卖盘
2277,11:12:12,29.58,--,32,94656,卖盘
2278,11:12:09,29.58,-0.03,5,14790,卖盘
2279,11:12:06,29.61,0.05,32,94752,买盘
2280,11:12:00,29.56,-0.04,200,591200,卖盘
2281,11:11:57,29.6,0.03,206,609760,买盘
2282,11:11:51,29.57,0.01,2,5914,买盘
2283,11:11:45,29.56,-0.02,1,2956,卖盘
2284,11:11:36,29.58,0.04,33,97614,买盘
2285,11:11:30,29.54,-0.03,87,256998,卖盘
2286,11:11:27,29.57,0.02,14,41398,买盘
2287,11:11:21,29.55,--,102,301410,卖盘
2288,11:11:18,29.55,0.01,5,14775,买盘
2289,11:11:15,29.54,--,15,44310,卖盘
2290,11:11:12,29.54,--,1,2954,卖盘
2291,11:11:09,29.54,0.04,375,1110142,买盘
2292,11:11:06,29.5,-0.03,362,1067900,卖盘
2293,11:11:03,29.53,--,10,29530,买盘
2294,11:11:00,29.53,0.01,7,20671,买盘
2295,11:10:57,29.52,-0.01,28,82656,买盘
2296,11:10:51,29.53,--,4,11812,买盘
2297,11:10:45,29.53,--,147,434091,买盘
2298,11:10:39,29.53,--,4,11812,买盘
2299,11:10:36,29.53,0.01,41,121073,买盘
2300,11:10:30,29.52,--,4,11808,买盘
2301,11:10:27,29.52,--,31,91512,买盘
2302,11:10:24,29.52,--,5,14760,买盘
2303,11:10:21,29.52,0.03,5,14760,买盘
2304,11:10:18,29.49,-0.01,4,11796,卖盘
2305,11:10:09,29.5,-0.02,7,20650,中性盘
2306,11:10:06,29.52,0.02,32,94464,买盘
2307,11:10:03,29.5,--,130,383500,买盘
2308,11:10:00,29.5,--,7,20650,买盘
2309,11:09:57,29.5,--,9,26550,买盘
2310,11:09:51,29.5,--,4,11800,买盘
2311,11:09:45,29.5,-0.04,99,292610,卖盘
2312,11:09:42,29.54,--,9,26586,买盘
2313,11:09:39,29.54,0.04,4,11816,买盘
2314,11:09:36,29.5,--,64,188800,卖盘
2315,11:09:33,29.5,-0.03,8,23600,卖盘
2316,11:09:30,29.53,--,4,11812,买盘
2317,11:09:27,29.53,0.03,33,97449,中性盘
2318,11:09:24,29.5,-0.04,8,23600,卖盘
2319,11:09:21,29.54,0.04,6,17724,买盘
2320,11:09:15,29.5,--,100,295000,卖盘
2321,11:09:12,29.5,--,2,5900,卖盘
2322,11:09:09,29.5,0.01,386,1141089,买盘
2323,11:09:06,29.49,--,32,94368,买盘
2324,11:09:03,29.49,--,128,377472,卖盘
2325,11:09:00,29.49,--,25,73725,买盘
2326,11:08:57,29.49,--,105,309645,卖盘
2327,11:08:54,29.49,--,13,38337,卖盘
2328,11:08:51,29.49,-0.01,6,17694,卖盘
2329,11:08:45,29.5,--,3,8850,买盘
2330,11:08:42,29.5,--,12,35400,买盘
2331,11:08:39,29.5,--,59,174050,买盘
2332,11:08:36,29.5,--,37,109150,买盘
2333,11:08:33,29.5,--,97,286150,买盘
2334,11:08:30,29.5,--,9,26550,买盘
2335,11:08:27,29.5,0.01,12,35400,买盘
2336,11:08:24,29.49,-0.01,14,41286,卖盘
2337,11:08:21,29.5,0.01,7,20650,买盘
2338,11:08:18,29.49,--,9,26541,卖盘
2339,11:08:15,29.49,--,7,20643,卖盘
2340,11:08:12,29.49,-0.01,17,50133,卖盘
2341,11:08:09,29.5,--,7,20650,买盘
2342,11:08:06,29.5,0.01,53,156350,买盘
2343,11:08:03,29.49,-0.01,6,17694,卖盘
2344,11:08:00,29.5,--,11,32450,买盘
2345,11:07:57,29.5,0.01,7,20650,买盘
2346,11:07:54,29.49,-0.01,53,156297,卖盘
2347,11:07:51,29.5,0.01,13,38350,买盘
2348,11:07:48,29.49,--,9,26541,买盘
2349,11:07:45,29.49,--,9,26541,买盘
2350,11:07:39,29.49,-0.01,4,11796,中性盘
2351,11:07:36,29.5,0.01,54,159300,买盘
2352,11:07:33,29.49,--,3,8847,买盘
2353,11:07:30,29.49,0.02,4,11796,买盘
2354,11:07:24,29.47,-0.02,10,29470,卖盘
2355,11:07:21,29.49,--,7,20643,买盘
2356,11:07:18,29.49,--,8,23592,买盘
2357,11:07:15,29.49,0.02,24,70776,买盘
2358,11:07:12,29.47,-0.02,9,26523,卖盘
2359,11:07:09,29.49,--,8,23592,买盘
2360,11:07:06,29.49,0.02,32,94368,买盘
2361,11:07:03,29.47,-0.02,11,32417,卖盘
2362,11:07:00,29.49,--,4,11796,买盘
2363,11:06:57,29.49,0.03,3,8847,买盘
2364,11:06:54,29.46,--,15,44190,卖盘
2365,11:06:51,29.46,--,7,20622,卖盘
2366,11:06:48,29.46,-0.04,12,35352,卖盘
2367,11:06:45,29.5,--,3,8850,买盘
2368,11:06:42,29.5,--,1,2950,买盘
2369,11:06:39,29.5,--,4,11800,买盘
2370,11:06:36,29.5,-0.04,237,700212,卖盘
2371,11:06:33,29.54,0.04,3,8862,买盘
2372,11:06:30,29.5,0.01,103,305738,买盘
2373,11:06:24,29.49,-0.01,54,161428,卖盘
2374,11:06:21,29.5,--,11,32450,买盘
2375,11:06:15,29.5,--,151,445450,买盘
2376,11:06:12,29.5,-0.07,279,824879,卖盘
2377,11:06:09,29.57,--,3,8871,买盘
2378,11:06:06,29.57,0.02,33,97581,买盘
2379,11:06:03,29.55,--,48,142962,买盘
2380,11:06:00,29.55,--,4,11820,买盘
2381,11:05:57,29.55,0.01,6,17730,买盘
2382,11:05:54,29.54,-0.01,46,135884,卖盘
2383,11:05:51,29.55,--,16,47280,买盘
2384,11:05:39,29.55,0.01,79,233445,买盘
2385,11:05:36,29.54,-0.01,41,121114,卖盘
2386,11:05:33,29.55,0.02,34,100470,买盘
2387,11:05:30,29.53,--,16,47248,卖盘
2388,11:05:27,29.53,--,247,729391,卖盘
2389,11:05:24,29.53,-0.01,41,121073,卖盘
2390,11:05:21,29.54,0.01,8,23632,买盘
2391,11:05:18,29.53,--,15,44295,卖盘
2392,11:05:15,29.53,--,2,5906,卖盘
2393,11:05:12,29.53,-0.01,2,5906,卖盘
2394,11:05:09,29.54,--,41,121114,买盘
2395,11:05:06,29.54,0.01,37,109298,买盘
2396,11:05:03,29.53,--,3,8859,卖盘
2397,11:05:00,29.53,-0.01,20,59060,卖盘
2398,11:04:57,29.54,0.01,7,20678,买盘
2399,11:04:54,29.53,--,19,56107,卖盘
2400,11:04:51,29.53,--,21,62013,卖盘
2401,11:04:48,29.53,-0.01,19,56107,卖盘
2402,11:04:45,29.54,0.01,81,239274,买盘
2403,11:04:42,29.53,-0.01,2,5906,卖盘
2404,11:04:39,29.54,0.01,25,73850,买盘
2405,11:04:36,29.53,--,52,153556,卖盘
2406,11:04:33,29.53,--,12,35436,卖盘
2407,11:04:30,29.53,--,12,35436,卖盘
2408,11:04:27,29.53,--,7,20671,卖盘
2409,11:04:24,29.53,--,8,23624,卖盘
2410,11:04:21,29.53,--,5,14765,卖盘
2411,11:04:18,29.53,--,6,17718,卖盘
2412,11:04:15,29.53,--,2,5906,卖盘
2413,11:04:12,29.53,-0.01,5,14765,卖盘
2414,11:04:09,29.54,--,6,17724,买盘
2415,11:04:06,29.54,-0.01,43,127022,卖盘
2416,11:04:03,29.55,0.02,41,121155,买盘
2417,11:04:00,29.53,-0.02,4,11812,中性盘
2418,11:03:57,29.55,0.03,59,174345,买盘
2419,11:03:54,29.52,--,43,126936,卖盘
2420,11:03:51,29.52,-0.01,14,41328,卖盘
2421,11:03:48,29.53,--,3,8859,买盘
2422,11:03:45,29.53,0.01,3,8859,买盘
2423,11:03:42,29.52,-0.01,1,2952,卖盘
2424,11:03:39,29.53,--,9,26577,买盘
2425,11:03:36,29.53,0.02,40,118120,买盘
2426,11:03:33,29.51,-0.02,10,29510,卖盘
2427,11:03:30,29.53,0.02,5,14765,买盘
2428,11:03:27,29.51,--,5,14755,卖盘
2429,11:03:24,29.51,--,17,50167,卖盘
2430,11:03:21,29.51,--,15,44265,卖盘
2431,11:03:15,29.51,0.01,63,185913,买盘
2432,11:03:12,29.5,-0.03,93,274350,卖盘
2433,11:03:09,29.53,--,5,14765,买盘
2434,11:03:06,29.53,0.02,43,126979,买盘
2435,11:03:03,29.51,-0.01,24,70824,中性盘
2436,11:03:00,29.52,0.02,24,70848,买盘
2437,11:02:57,29.5,--,6,17700,卖盘
2438,11:02:54,29.5,--,25,73750,卖盘
2439,11:02:51,29.5,--,20,59000,卖盘
2440,11:02:45,29.5,--,5,14750,卖盘
2441,11:02:42,29.5,-0.03,2,5900,卖盘
2442,11:02:39,29.53,--,26,76778,买盘
2443,11:02:36,29.53,0.03,32,94496,买盘
2444,11:02:33,29.5,--,12,35400,卖盘
2445,11:02:30,29.5,--,4,11800,卖盘
2446,11:02:27,29.5,--,6,17700,卖盘
2447,11:02:24,29.5,--,4,11800,卖盘
2448,11:02:21,29.5,--,10,29500,卖盘
2449,11:02:18,29.5,0.01,37,109150,买盘
2450,11:02:15,29.49,--,30,88470,卖盘
2451,11:02:12,29.49,--,20,59746,买盘
2452,11:02:09,29.49,0.03,54,159246,买盘
2453,11:02:03,29.46,-0.03,3,8838,卖盘
2454,11:02:00,29.49,--,16,47184,买盘
2455,11:01:57,29.49,0.03,5,14745,买盘
2456,11:01:54,29.46,--,11,32406,卖盘
2457,11:01:51,29.46,--,38,111948,卖盘
2458,11:01:48,29.46,-0.03,2,5892,中性盘
2459,11:01:45,29.49,0.07,23,67827,买盘
2460,11:01:42,29.42,-0.07,30,88260,卖盘
2461,11:01:39,29.49,--,5,14745,买盘
2462,11:01:36,29.49,0.06,39,115011,买盘
2463,11:01:33,29.43,--,50,147150,卖盘
2464,11:01:30,29.43,-0.06,154,453222,卖盘
2465,11:01:27,29.49,0.06,26,76674,买盘
2466,11:01:24,29.43,-0.02,11,32373,卖盘
2467,11:01:21,29.45,--,18,55189,卖盘
2468,11:01:18,29.45,-0.04,5,14725,卖盘
2469,11:01:12,29.49,--,8,23592,买盘
2470,11:01:09,29.49,0.03,68,200532,买盘
2471,11:01:06,29.46,-0.04,170,500820,卖盘
2472,11:01:03,29.5,0.01,2,5900,买盘
2473,11:01:00,29.49,-0.01,18,53082,卖盘
2474,11:00:57,29.5,0.01,67,197650,买盘
2475,11:00:54,29.49,--,7,20643,卖盘
2476,11:00:51,29.49,--,24,70776,卖盘
2477,11:00:48,29.49,-0.01,33,97317,卖盘
2478,11:00:45,29.5,0.04,5,14750,买盘
2479,11:00:42,29.46,-0.04,37,109002,卖盘
2480,11:00:39,29.5,--,9,26550,买盘
2481,11:00:36,29.5,0.04,37,109150,买盘
2482,11:00:33,29.46,--,25,73650,卖盘
2483,11:00:30,29.46,-0.04,5,14730,卖盘
2484,11:00:24,29.5,-0.04,49,144550,卖盘
2485,11:00:21,29.54,0.03,60,177240,买盘
2486,11:00:18,29.51,--,16,47216,卖盘
2487,11:00:15,29.51,--,19,56069,卖盘
2488,11:00:12,29.51,0.01,127,374777,买盘
2489,11:00:09,29.5,-0.01,71,209450,卖盘
2490,11:00:06,29.51,--,65,191815,卖盘
2491,11:00:03,29.51,-0.04,40,118040,卖盘
2492,11:00:00,29.55,0.05,4,11820,买盘
2493,10:59:54,29.5,--,11,32450,卖盘
2494,10:59:51,29.5,-0.04,22,64900,卖盘
2495,10:59:48,29.54,0.02,12,35448,买盘
2496,10:59:45,29.52,0.02,1,2952,买盘
2497,10:59:42,29.5,-0.04,1,2950,卖盘
2498,10:59:39,29.54,--,4,11816,买盘
2499,10:59:36,29.54,0.02,76,224504,买盘
2500,10:59:33,29.52,0.03,13,38376,买盘
2501,10:59:30,29.49,--,99,291951,卖盘
2502,10:59:27,29.49,--,2,5898,卖盘
2503,10:59:24,29.49,--,4,11796,卖盘
2504,10:59:21,29.49,0.02,15,44235,中性盘
2505,10:59:18,29.47,-0.05,2,5894,卖盘
2506,10:59:15,29.52,0.05,7,20664,买盘
2507,10:59:12,29.47,--,14,41258,卖盘
2508,10:59:09,29.47,-0.04,39,114933,卖盘
2509,10:59:06,29.51,0.04,27,80444,买盘
2510,10:59:03,29.47,-0.02,155,456785,中性盘
2511,10:59:00,29.49,0.02,8,23592,买盘
2512,10:58:57,29.47,0.01,1,2947,买盘
2513,10:58:54,29.46,--,2,5892,卖盘
2514,10:58:51,29.46,--,14,41244,卖盘
2515,10:58:48,29.46,--,7,20622,卖盘
2516,10:58:42,29.46,-0.02,20,58920,卖盘
2517,10:58:39,29.48,-0.01,4,11792,中性盘
2518,10:58:36,29.49,0.01,44,129756,买盘
2519,10:58:30,29.48,0.03,4,11792,买盘
2520,10:58:27,29.45,-0.03,8,23560,卖盘
2521,10:58:24,29.48,0.03,3,8844,买盘
2522,10:58:21,29.45,-0.04,6,17670,卖盘
2523,10:58:18,29.49,--,1,2949,买盘
2524,10:58:12,29.49,-0.01,3,8847,中性盘
2525,10:58:09,29.5,--,19,56050,买盘
2526,10:58:06,29.5,--,68,200600,买盘
2527,10:58:03,29.5,--,42,123900,买盘
2528,10:58:00,29.5,--,4,11800,买盘
2529,10:57:57,29.5,0.01,233,687350,买盘
2530,10:57:51,29.49,0.03,15,44235,买盘
2531,10:57:45,29.46,-0.03,4,11784,卖盘
2532,10:57:42,29.49,0.03,1,2949,买盘
2533,10:57:36,29.46,-0.02,41,120786,卖盘
2534,10:57:33,29.48,0.02,6,17688,买盘
2535,10:57:30,29.46,-0.02,15,44190,卖盘
2536,10:57:24,29.48,--,1,2948,买盘
2537,10:57:21,29.48,0.07,34,100232,买盘
2538,10:57:18,29.41,-0.01,4,11764,卖盘
2539,10:57:12,29.42,--,34,100028,买盘
2540,10:57:09,29.42,0.01,10,29420,买盘
2541,10:57:06,29.41,-0.02,48,142138,卖盘
2542,10:57:03,29.43,-0.07,5,14715,中性盘
2543,10:57:00,29.5,--,8,23600,买盘
2544,10:56:57,29.5,0.05,58,171100,买盘
2545,10:56:51,29.45,-0.01,6,17670,买盘
2546,10:56:48,29.46,-0.03,39,114894,卖盘
2547,10:56:45,29.49,--,12,35388,卖盘
2548,10:56:42,29.49,--,35,103215,卖盘
2549,10:56:39,29.49,--,91,268359,买盘
2550,10:56:36,29.49,0.04,35,103215,买盘
2551,10:56:33,29.45,-0.02,4,11780,卖盘
2552,10:56:30,29.47,0.01,18,53046,买盘
2553,10:56:27,29.46,--,1,2946,买盘
2554,10:56:24,29.46,-0.01,122,359412,中性盘
2555,10:56:21,29.47,--,17,50099,买盘
2556,10:56:18,29.47,--,3,8841,买盘
2557,10:56:12,29.47,0.02,154,453838,买盘
2558,10:56:09,29.45,-0.05,431,1269295,卖盘
2559,10:56:06,29.5,--,37,109150,买盘
2560,10:56:03,29.5,--,55,162250,买盘
2561,10:56:00,29.5,0.03,16,47200,买盘
2562,10:55:57,29.47,-0.01,85,250495,卖盘
2563,10:55:51,29.48,0.03,6,17688,买盘
2564,10:55:48,29.45,-0.03,6,17670,卖盘
2565,10:55:42,29.48,0.03,9,26532,买盘
2566,10:55:39,29.45,-0.03,126,371070,卖盘
2567,10:55:36,29.48,0.03,32,94336,中性盘
2568,10:55:33,29.45,--,15,44175,卖盘
2569,10:55:30,29.45,--,2,5890,卖盘
2570,10:55:27,29.45,--,5,14725,卖盘
2571,10:55:24,29.45,--,355,1045475,卖盘
2572,10:55:21,29.45,--,44,129580,卖盘
2573,10:55:18,29.45,0.08,360,1060200,买盘
2574,10:55:15,29.37,-0.01,21,61677,卖盘
2575,10:55:12,29.38,-0.06,100,293800,卖盘
2576,10:55:09,29.44,--,8,23552,卖盘
2577,10:55:06,29.44,0.06,34,100096,买盘
2578,10:55:03,29.38,--,26,76388,卖盘
2579,10:55:00,29.38,--,50,149015,买盘
2580,10:54:57,29.38,--,6,17628,买盘
2581,10:54:54,29.38,--,21,61698,买盘
2582,10:54:51,29.38,--,57,167466,卖盘
2583,10:54:48,29.38,--,11,32318,卖盘
2584,10:54:45,29.38,-0.06,2,5876,卖盘
2585,10:54:42,29.44,0.07,3,8832,买盘
2586,10:54:39,29.37,--,26,76362,卖盘
2587,10:54:36,29.37,-0.03,51,149787,卖盘
2588,10:54:33,29.4,0.02,14,41160,买盘
2589,10:54:30,29.38,0.01,4,11752,买盘
2590,10:54:24,29.37,-0.01,2,5874,卖盘
2591,10:54:21,29.38,0.01,16,47008,中性盘
2592,10:54:18,29.37,0.01,10,29370,中性盘
2593,10:54:15,29.36,--,10,29360,卖盘
2594,10:54:12,29.36,-0.01,144,423312,卖盘
2595,10:54:09,29.37,--,61,179157,买盘
2596,10:54:06,29.37,--,57,167409,买盘
2597,10:54:03,29.37,--,7,20559,买盘
2598,10:54:00,29.37,--,50,146850,买盘
2599,10:53:57,29.37,--,20,58740,中性盘
2600,10:53:54,29.37,--,14,41118,买盘
2601,10:53:51,29.37,--,14,41118,买盘
2602,10:53:48,29.37,--,9,26433,买盘
2603,10:53:42,29.37,-0.01,7,20559,卖盘
2604,10:53:39,29.38,-0.01,5,14690,中性盘
2605,10:53:36,29.39,--,249,731811,买盘
2606,10:53:33,29.39,-0.01,44,130138,卖盘
2607,10:53:30,29.4,--,14,41160,卖盘
2608,10:53:27,29.4,0.02,24,72676,买盘
2609,10:53:24,29.38,-0.02,193,567034,卖盘
2610,10:53:21,29.4,0.01,83,244020,买盘
2611,10:53:18,29.39,-0.01,58,170462,卖盘
2612,10:53:15,29.4,--,7,20580,买盘
2613,10:53:12,29.4,--,3,8820,买盘
2614,10:53:09,29.4,0.01,6,17640,买盘
2615,10:53:06,29.39,-0.02,294,864888,卖盘
2616,10:53:03,29.41,-0.01,2,5882,卖盘
2617,10:53:00,29.42,--,115,338330,买盘
2618,10:52:57,29.42,0.01,60,176520,买盘
2619,10:52:54,29.41,-0.01,5,14705,卖盘
2620,10:52:51,29.42,--,12,35304,买盘
2621,10:52:48,29.42,--,6,17652,买盘
2622,10:52:45,29.42,--,3,8826,买盘
2623,10:52:42,29.42,-0.02,10,29420,卖盘
2624,10:52:39,29.44,--,4,11776,买盘
2625,10:52:36,29.44,--,42,123648,买盘
2626,10:52:33,29.44,--,54,158976,买盘
2627,10:52:30,29.44,0.02,5,14720,买盘
2628,10:52:27,29.42,-0.02,4,11768,卖盘
2629,10:52:24,29.44,--,25,73600,买盘
2630,10:52:21,29.44,0.03,42,123648,买盘
2631,10:52:18,29.41,-0.03,34,99994,卖盘
2632,10:52:15,29.44,-0.02,20,58880,卖盘
2633,10:52:12,29.46,0.01,28,82488,买盘
2634,10:52:09,29.45,-0.01,4,11780,中性盘
2635,10:52:06,29.46,0.02,33,97218,买盘
2636,10:52:03,29.44,0.03,5,14720,中性盘
2637,10:51:57,29.41,-0.04,158,464678,卖盘
2638,10:51:54,29.45,--,2,5890,卖盘
2639,10:51:51,29.45,0.04,367,1082935,买盘
2640,10:51:48,29.41,--,53,155873,卖盘
2641,10:51:45,29.41,0.01,3,8823,卖盘
2642,10:51:42,29.4,--,10,29400,卖盘
2643,10:51:39,29.4,-0.05,164,482160,卖盘
2644,10:51:36,29.45,0.04,48,141360,买盘
2645,10:51:33,29.41,--,5,14705,买盘
2646,10:51:30,29.41,--,8,23528,买盘
2647,10:51:27,29.41,-0.03,29,85289,卖盘
2648,10:51:24,29.44,--,4,11776,买盘
2649,10:51:21,29.44,--,4,11776,买盘
2650,10:51:18,29.44,0.03,11,32384,买盘
2651,10:51:15,29.41,-0.03,20,58820,卖盘
2652,10:51:12,29.44,--,44,129536,买盘
2653,10:51:09,29.44,--,6,17664,买盘
2654,10:51:06,29.44,--,35,103040,买盘
2655,10:51:03,29.44,--,14,41216,买盘
2656,10:51:00,29.44,0.03,18,52992,买盘
2657,10:50:57,29.41,--,111,326451,卖盘
2658,10:50:54,29.41,-0.04,4,11764,卖盘
2659,10:50:51,29.45,0.01,37,108965,买盘
2660,10:50:48,29.44,-0.01,106,312064,中性盘
2661,10:50:45,29.45,0.01,526,1549070,买盘
2662,10:50:42,29.44,--,21,61824,卖盘
2663,10:50:39,29.44,0.04,106,312064,买盘
2664,10:50:36,29.4,--,255,749700,卖盘
2665,10:50:33,29.4,-0.01,367,1078980,卖盘
2666,10:50:30,29.41,0.01,16,47056,买盘
2667,10:50:27,29.4,--,97,285180,卖盘
2668,10:50:24,29.4,-0.01,22,64680,卖盘
2669,10:50:21,29.41,-0.01,88,258808,买盘
2670,10:50:18,29.42,--,81,238302,买盘
2671,10:50:15,29.42,--,21,61782,买盘
2672,10:50:12,29.42,--,81,238302,买盘
2673,10:50:09,29.42,--,37,108854,买盘
2674,10:50:06,29.42,0.01,59,173578,买盘
2675,10:50:03,29.41,-0.04,555,1633078,卖盘
2676,10:50:00,29.45,0.03,44,131700,买盘
2677,10:49:57,29.42,0.01,8,23536,买盘
2678,10:49:54,29.41,--,20,58820,卖盘
2679,10:49:51,29.41,--,31,91171,卖盘
2680,10:49:48,29.41,-0.01,31,91171,卖盘
2681,10:49:45,29.42,--,52,152984,买盘
2682,10:49:42,29.42,--,15,44130,买盘
2683,10:49:39,29.42,--,44,129448,买盘
2684,10:49:36,29.42,--,42,123564,买盘
2685,10:49:33,29.42,--,18,52956,买盘
2686,10:49:30,29.42,--,11,32362,买盘
2687,10:49:27,29.42,-0.04,1046,3078155,卖盘
2688,10:49:24,29.46,-0.01,49,144354,卖盘
2689,10:49:21,29.47,--,4,11788,买盘
2690,10:49:18,29.47,0.01,37,109039,买盘
2691,10:49:15,29.46,--,8,23568,卖盘
2692,10:49:12,29.46,-0.01,25,73650,卖盘
2693,10:49:09,29.47,--,9,26523,买盘
2694,10:49:06,29.47,--,32,94304,买盘
2695,10:49:03,29.47,--,30,88410,买盘
2696,10:49:00,29.47,0.02,29,87967,买盘
2697,10:48:57,29.45,-0.01,57,167865,卖盘
2698,10:48:54,29.46,--,22,64812,买盘
2699,10:48:51,29.46,--,5,14730,买盘
2700,10:48:48,29.46,--,8,23568,买盘
2701,10:48:45,29.46,--,4,11784,买盘
2702,10:48:42,29.46,--,91,269500,卖盘
2703,10:48:39,29.46,-0.01,13,38298,卖盘
2704,10:48:36,29.47,--,41,120827,买盘
2705,10:48:30,29.47,--,9,26523,买盘
2706,10:48:27,29.47,-0.03,205,604135,卖盘
2707,10:48:24,29.5,--,3,8850,买盘
2708,10:48:21,29.5,--,6,17700,买盘
2709,10:48:18,29.5,--,3,8850,买盘
2710,10:48:15,29.5,--,33,97350,买盘
2711,10:48:12,29.5,--,4,11800,买盘
2712,10:48:09,29.5,--,22,64900,买盘
2713,10:48:06,29.5,--,42,123900,买盘
2714,10:48:00,29.5,--,8,23600,买盘
2715,10:47:57,29.5,-0.04,358,1056100,卖盘
2716,10:47:54,29.54,--,2,5908,买盘
2717,10:47:51,29.54,0.04,9,26586,买盘
2718,10:47:48,29.5,-0.04,8,23600,卖盘
2719,10:47:45,29.54,0.03,2,5908,买盘
2720,10:47:42,29.51,-0.03,1,2951,卖盘
2721,10:47:39,29.54,--,7,20678,买盘
2722,10:47:36,29.54,--,44,129976,买盘
2723,10:47:33,29.54,--,3,8862,买盘
2724,10:47:30,29.54,0.04,3,8862,买盘
2725,10:47:27,29.5,--,2,5900,卖盘
2726,10:47:21,29.5,--,1,2950,买盘
2727,10:47:18,29.5,0.02,9,26550,中性盘
2728,10:47:15,29.48,-0.05,3,8844,卖盘
2729,10:47:09,29.53,0.02,117,345501,买盘
2730,10:47:06,29.51,0.01,57,168207,买盘
2731,10:47:03,29.5,0.03,142,420434,买盘
2732,10:47:00,29.47,--,9,26523,买盘
2733,10:46:57,29.47,--,4,11788,买盘
2734,10:46:54,29.47,--,66,194502,买盘
2735,10:46:51,29.47,--,6,17682,买盘
2736,10:46:48,29.47,-0.03,40,119294,卖盘
2737,10:46:45,29.5,--,5,14750,卖盘
2738,10:46:42,29.5,0.03,1488,4391134,买盘
2739,10:46:39,29.47,--,12,35364,买盘
2740,10:46:36,29.47,0.02,66,194502,买盘
2741,10:46:33,29.45,-0.02,12,35340,卖盘
2742,10:46:30,29.47,--,7,20629,买盘
2743,10:46:24,29.47,0.02,26,76622,买盘
2744,10:46:21,29.45,--,7,20615,买盘
2745,10:46:18,29.45,-0.02,11,32395,中性盘
2746,10:46:15,29.47,--,107,315329,买盘
2747,10:46:12,29.47,--,3,8841,买盘
2748,10:46:09,29.47,--,84,247548,买盘
2749,10:46:06,29.47,0.02,64,188608,买盘
2750,10:46:00,29.45,-0.01,24,70680,卖盘
2751,10:45:54,29.46,-0.01,4,11784,卖盘
2752,10:45:51,29.47,0.02,6,17682,买盘
2753,10:45:45,29.45,--,71,209095,卖盘
2754,10:45:42,29.45,-0.03,24,70680,卖盘
2755,10:45:39,29.48,0.02,152,450660,买盘
2756,10:45:36,29.46,--,42,123732,买盘
2757,10:45:30,29.46,-0.02,85,250410,卖盘
2758,10:45:27,29.48,0.01,10,29480,买盘
2759,10:45:24,29.47,-0.01,8,23576,中性盘
2760,10:45:21,29.48,--,54,159192,买盘
2761,10:45:18,29.48,--,53,156244,买盘
2762,10:45:15,29.48,--,8,23584,买盘
2763,10:45:12,29.48,--,4,11792,买盘
2764,10:45:09,29.48,-0.02,127,374396,卖盘
2765,10:45:06,29.5,0.01,33,97350,买盘
2766,10:45:03,29.49,--,16,47184,买盘
2767,10:45:00,29.49,--,7,20643,买盘
2768,10:44:57,29.49,--,11,32439,买盘
2769,10:44:51,29.49,-0.01,33,97317,卖盘
2770,10:44:48,29.5,0.01,3,8850,买盘
2771,10:44:45,29.49,-0.01,26,76674,卖盘
2772,10:44:42,29.5,--,33,97350,买盘
2773,10:44:39,29.5,--,46,135700,买盘
2774,10:44:36,29.5,--,162,477900,买盘
2775,10:44:33,29.5,--,4,11800,买盘
2776,10:44:30,29.5,0.01,4,11800,买盘
2777,10:44:27,29.49,-0.01,45,132705,卖盘
2778,10:44:24,29.5,--,25,73750,买盘
2779,10:44:21,29.5,0.01,7,20650,买盘
2780,10:44:18,29.49,-0.01,12,35388,卖盘
2781,10:44:15,29.5,--,3,8850,买盘
2782,10:44:12,29.5,--,6,17700,买盘
2783,10:44:09,29.5,0.01,4,11800,买盘
2784,10:44:06,29.49,-0.01,69,203481,卖盘
2785,10:44:03,29.5,-0.03,265,781750,卖盘
2786,10:44:00,29.53,0.02,9,26577,中性盘
2787,10:43:54,29.51,-0.03,63,185913,卖盘
2788,10:43:51,29.54,0.01,4,11816,买盘
2789,10:43:48,29.53,0.02,3,8859,中性盘
2790,10:43:45,29.51,-0.02,13,38363,卖盘
2791,10:43:42,29.53,-0.01,5,14765,卖盘
2792,10:43:39,29.54,-0.01,6,17724,中性盘
2793,10:43:36,29.55,--,44,130020,买盘
2794,10:43:30,29.55,-0.05,108,321474,卖盘
2795,10:43:27,29.6,0.03,58,171680,买盘
2796,10:43:24,29.57,-0.02,75,221775,卖盘
2797,10:43:21,29.59,0.02,33,97647,买盘
2798,10:43:18,29.57,--,22,65054,卖盘
2799,10:43:15,29.57,--,27,79839,卖盘
2800,10:43:12,29.57,--,6,17742,卖盘
2801,10:43:09,29.57,-0.03,11,32527,卖盘
2802,10:43:06,29.6,0.03,50,148000,买盘
2803,10:43:03,29.57,--,26,76882,卖盘
2804,10:42:54,29.57,--,12,35484,卖盘
2805,10:42:51,29.57,--,92,272044,卖盘
2806,10:42:48,29.57,0.07,2066,6109782,买盘
2807,10:42:45,29.5,-0.03,9,26550,卖盘
