,time,price,change,volume,amount,type
0,15:00:03,10.3,-0.01,2394,2465820,卖盘
1,14:57:00,10.31,--,52,53612,买盘
2,14:56:57,10.31,--,10,10310,买盘
3,14:56:54,10.31,0.01,270,278370,买盘
4,14:56:51,10.3,--,40,41200,卖盘
5,14:56:48,10.3,--,10,10300,卖盘
6,14:56:39,10.3,0.01,613,631390,买盘
7,14:56:33,10.29,-0.01,339,349654,卖盘
8,14:56:30,10.3,0.01,58,59740,买盘
9,14:56:24,10.29,-0.01,50,51449,卖盘
10,14:56:18,10.3,--,30,30900,买盘
11,14:56:12,10.3,--,64,65920,买盘
12,14:56:06,10.3,0.01,24,24720,买盘
13,14:56:03,10.29,-0.01,66,67914,卖盘
14,14:56:00,10.3,0.01,40,41200,买盘
15,14:55:39,10.29,--,8,8376,卖盘
16,14:55:33,10.29,-0.01,57,58652,卖盘
17,14:55:27,10.3,--,16,16480,买盘
18,14:55:24,10.3,--,68,70040,买盘
19,14:55:21,10.3,0.01,11,11330,买盘
20,14:55:18,10.29,-0.01,11,11318,卖盘
21,14:55:15,10.3,--,12,12360,买盘
22,14:55:12,10.3,--,43,44290,买盘
23,14:55:09,10.3,--,25,25750,买盘
24,14:55:06,10.3,--,100,103000,买盘
25,14:55:03,10.3,0.01,11,11330,买盘
26,14:54:51,10.29,-0.01,90,93227,卖盘
27,14:54:48,10.3,--,30,30900,买盘
28,14:54:45,10.3,--,29,29870,买盘
29,14:54:42,10.3,--,5,5150,买盘
30,14:54:39,10.3,0.01,31,31930,买盘
31,14:54:33,10.29,--,64,65856,卖盘
32,14:54:27,10.29,-0.01,10,10290,卖盘
33,14:54:21,10.3,--,124,127720,买盘
34,14:54:18,10.3,--,13,13390,买盘
35,14:54:15,10.3,--,1,1030,买盘
36,14:54:12,10.3,--,10,10300,买盘
37,14:54:03,10.3,--,20,20600,买盘
38,14:54:00,10.3,0.01,6,6180,买盘
39,14:53:57,10.29,-0.01,21,21609,卖盘
40,14:53:54,10.3,--,120,123600,买盘
41,14:53:48,10.3,0.01,1347,1387410,买盘
42,14:53:45,10.29,-0.01,13,13376,卖盘
43,14:53:42,10.3,--,62,63860,买盘
44,14:53:36,10.3,0.01,4,4120,买盘
45,14:53:33,10.29,-0.01,6,6173,卖盘
46,14:53:30,10.3,--,431,443930,买盘
47,14:53:24,10.3,--,1,1030,买盘
48,14:53:21,10.3,0.01,4,4120,买盘
49,14:53:15,10.29,-0.01,2,2726,卖盘
50,14:53:06,10.3,--,139,143170,买盘
51,14:53:03,10.3,0.01,1,1030,买盘
52,14:52:57,10.29,-0.01,52,53507,卖盘
53,14:52:51,10.3,0.01,24,24720,买盘
54,14:52:45,10.29,--,20,20580,卖盘
55,14:52:39,10.29,-0.01,33,34101,卖盘
56,14:52:36,10.3,--,10,10300,买盘
57,14:52:33,10.3,--,170,175100,买盘
58,14:52:30,10.3,--,1,1030,买盘
59,14:52:27,10.3,0.01,9,9270,买盘
60,14:52:24,10.29,--,10,10290,卖盘
61,14:52:12,10.29,--,23,23666,卖盘
62,14:52:09,10.29,--,1,1173,卖盘
63,14:52:03,10.29,-0.01,35,36015,卖盘
64,14:52:00,10.3,--,4,4120,买盘
65,14:51:54,10.3,--,22,22660,买盘
66,14:51:51,10.3,--,8,9125,卖盘
67,14:51:48,10.3,0.01,15,15594,卖盘
68,14:51:45,10.29,-0.01,52,53507,卖盘
69,14:51:42,10.3,--,12,12360,卖盘
70,14:51:39,10.3,--,60,61800,买盘
71,14:51:36,10.3,--,19,19570,买盘
72,14:51:33,10.3,0.01,4,4120,中性盘
73,14:51:30,10.29,-0.01,25,25724,卖盘
74,14:51:27,10.3,--,2,2060,买盘
75,14:51:24,10.3,--,5,5294,买盘
76,14:51:21,10.3,-0.01,5,5150,中性盘
77,14:51:15,10.31,0.01,464,478384,买盘
78,14:51:09,10.3,--,178,183340,买盘
79,14:51:06,10.3,--,4,4120,买盘
80,14:50:54,10.3,--,5,5150,买盘
81,14:50:42,10.3,0.01,11,11330,买盘
82,14:50:39,10.29,-0.01,56,57768,卖盘
83,14:50:36,10.3,--,5,5150,买盘
84,14:50:33,10.3,0.01,27,27810,买盘
85,14:50:27,10.29,-0.01,61,62768,卖盘
86,14:50:24,10.3,--,166,170980,买盘
87,14:50:21,10.3,0.01,4,4120,买盘
88,14:50:15,10.29,-0.01,8,8232,卖盘
89,14:50:12,10.3,0.01,10,10300,买盘
90,14:50:09,10.29,-0.01,1,1173,卖盘
91,14:50:03,10.3,--,1,1030,买盘
92,14:49:51,10.3,--,62,63860,买盘
93,14:49:48,10.3,--,66,67980,买盘
94,14:49:45,10.3,0.01,5,5150,买盘
95,14:49:39,10.29,-0.01,1,1173,卖盘
96,14:49:36,10.3,--,82,84460,买盘
97,14:49:18,10.3,0.01,9,9270,买盘
98,14:49:15,10.29,--,7,7202,卖盘
99,14:49:12,10.29,-0.01,1,1173,卖盘
100,14:49:09,10.3,0.01,6,6180,买盘
101,14:49:06,10.29,--,16,16464,卖盘
102,14:49:00,10.29,-0.01,26,26753,卖盘
103,14:48:57,10.3,0.01,64,65920,买盘
104,14:48:54,10.29,--,20,20580,卖盘
105,14:48:51,10.29,--,455,468194,卖盘
106,14:48:48,10.29,--,3,3086,卖盘
107,14:48:45,10.29,--,7,7202,卖盘
108,14:48:42,10.29,--,2,2058,卖盘
109,14:48:39,10.29,--,17,17493,卖盘
110,14:48:36,10.29,--,151,155523,卖盘
111,14:48:33,10.29,--,17,17493,卖盘
112,14:48:30,10.29,-0.01,100,102899,卖盘
113,14:48:24,10.3,--,12,12360,买盘
114,14:48:21,10.3,--,3,3090,买盘
115,14:48:15,10.3,0.01,5,5150,买盘
116,14:48:09,10.29,--,21,21753,卖盘
117,14:48:03,10.29,-0.01,1,1029,卖盘
118,14:48:00,10.3,--,70,72100,买盘
119,14:47:57,10.3,--,8,8240,买盘
120,14:47:54,10.3,--,11,11330,卖盘
121,14:47:48,10.3,--,26,26780,卖盘
122,14:47:45,10.3,-0.01,7,7210,卖盘
123,14:47:42,10.31,0.02,3,3093,买盘
124,14:47:39,10.29,-0.01,28,29254,卖盘
125,14:47:36,10.3,-0.01,1,1174,卖盘
126,14:47:33,10.31,0.01,3,3093,买盘
127,14:47:30,10.3,--,108,111240,买盘
128,14:47:27,10.3,0.01,5,5150,卖盘
129,14:47:24,10.29,-0.01,51,52478,卖盘
130,14:47:21,10.3,--,16,16480,买盘
131,14:47:18,10.3,--,1,1030,卖盘
132,14:47:15,10.3,0.01,13,13534,买盘
133,14:47:12,10.29,-0.01,2,2058,卖盘
134,14:47:09,10.3,--,7,7210,卖盘
135,14:47:06,10.3,0.01,13,13390,买盘
136,14:47:03,10.29,-0.01,22,22637,卖盘
137,14:47:00,10.3,--,12,12360,卖盘
138,14:46:57,10.3,--,148,152584,买盘
139,14:46:54,10.3,0.01,370,381100,买盘
140,14:46:48,10.29,-0.01,623,641067,卖盘
141,14:46:45,10.3,0.01,3,3090,买盘
142,14:46:42,10.29,-0.01,1,1029,卖盘
143,14:46:39,10.3,--,1,1030,买盘
144,14:46:30,10.3,0.01,10,10300,买盘
145,14:46:27,10.29,-0.01,85,87465,卖盘
146,14:46:24,10.3,--,100,103000,买盘
147,14:46:21,10.3,0.01,4,4120,买盘
148,14:46:12,10.29,--,64,65856,卖盘
149,14:46:09,10.29,--,1,1173,卖盘
150,14:46:06,10.29,-0.01,71,73059,卖盘
151,14:45:57,10.3,0.01,3,3090,买盘
152,14:45:54,10.29,--,11,11318,卖盘
153,14:45:48,10.29,-0.01,5,5289,卖盘
154,14:45:45,10.3,--,4,4120,买盘
155,14:45:39,10.3,0.01,11,11330,买盘
156,14:45:36,10.29,-0.01,5,5145,卖盘
157,14:45:33,10.3,--,3,3090,买盘
158,14:45:30,10.3,0.01,14,14420,买盘
159,14:45:24,10.29,-0.01,43,44246,卖盘
160,14:45:21,10.3,--,1999,2059876,卖盘
161,14:45:15,10.3,--,32,32960,卖盘
162,14:45:12,10.3,-0.01,75,77394,卖盘
163,14:45:09,10.31,0.01,17,17527,买盘
164,14:45:06,10.3,--,57,58710,卖盘
165,14:45:00,10.3,-0.01,22,22660,卖盘
166,14:44:57,10.31,0.01,30,30930,买盘
167,14:44:54,10.3,-0.01,1,1174,卖盘
168,14:44:51,10.31,0.01,21,21651,买盘
169,14:44:48,10.3,--,4,4120,卖盘
170,14:44:45,10.3,--,5,5150,卖盘
171,14:44:36,10.3,--,61,62830,卖盘
172,14:44:33,10.3,-0.01,7,7210,卖盘
173,14:44:27,10.31,0.01,14,14434,买盘
174,14:44:24,10.3,--,1,1030,卖盘
175,14:44:21,10.3,--,15,15450,卖盘
176,14:44:12,10.3,--,30,30900,卖盘
177,14:44:06,10.3,-0.01,1,1174,卖盘
178,14:44:00,10.31,--,9,9279,买盘
179,14:43:57,10.31,0.01,3,3093,买盘
180,14:43:54,10.3,--,4,4120,卖盘
181,14:43:48,10.3,-0.01,5,5283,卖盘
182,14:43:45,10.31,0.01,31,31961,中性盘
183,14:43:39,10.3,-0.01,19,19570,卖盘
184,14:43:36,10.31,-0.01,6,6186,卖盘
185,14:43:33,10.32,0.01,5,5160,买盘
186,14:43:30,10.31,--,70,72170,卖盘
187,14:43:21,10.31,--,8,8248,卖盘
188,14:43:18,10.31,-0.01,64,65984,中性盘
189,14:43:15,10.32,--,6,6336,买盘
190,14:43:03,10.32,0.02,714,736848,买盘
191,14:43:00,10.3,-0.01,30,30900,卖盘
192,14:42:57,10.31,-0.01,2433,2508423,卖盘
193,14:42:54,10.32,0.01,3,3096,买盘
194,14:42:51,10.31,-0.01,200,206200,卖盘
195,14:42:48,10.32,0.01,229,236472,买盘
196,14:42:45,10.31,-0.01,200,206200,卖盘
197,14:42:42,10.32,0.01,103,106296,买盘
198,14:42:39,10.31,--,3,3093,卖盘
199,14:42:33,10.31,-0.01,125,128875,卖盘
200,14:42:30,10.32,0.01,3,3096,买盘
201,14:42:18,10.31,--,10,10310,卖盘
202,14:42:09,10.31,-0.01,51,52725,卖盘
203,14:42:06,10.32,0.01,3,3096,买盘
204,14:42:03,10.31,--,5,5155,卖盘
205,14:42:00,10.31,--,141,145371,卖盘
206,14:41:54,10.31,--,300,309300,卖盘
207,14:41:48,10.31,--,4,4124,卖盘
208,14:41:45,10.31,-0.01,15,15465,卖盘
209,14:41:42,10.32,0.01,53,54696,买盘
210,14:41:36,10.31,-0.01,101,104275,卖盘
211,14:41:33,10.32,0.01,18,18576,买盘
212,14:41:27,10.31,--,371,383253,卖盘
213,14:41:24,10.31,--,11,11341,卖盘
214,14:41:18,10.31,--,53,54643,卖盘
215,14:41:09,10.31,--,1,1175,卖盘
216,14:41:06,10.31,--,107,110317,卖盘
217,14:41:03,10.31,--,20,20620,卖盘
218,14:40:54,10.31,--,4,4268,卖盘
219,14:40:51,10.31,--,116,119596,卖盘
220,14:40:48,10.31,0.01,537,553647,买盘
221,14:40:45,10.3,-0.01,1,1030,卖盘
222,14:40:42,10.31,--,273,281463,买盘
223,14:40:30,10.31,--,3,3093,买盘
224,14:40:21,10.31,0.01,5,5155,买盘
225,14:40:18,10.3,-0.01,1,1174,卖盘
226,14:40:15,10.31,--,40,41240,卖盘
227,14:40:09,10.31,-0.01,60,61860,卖盘
228,14:40:06,10.32,0.01,139,143448,买盘
229,14:40:03,10.31,--,48,49488,卖盘
230,14:39:57,10.31,0.01,50,51550,中性盘
231,14:39:54,10.3,-0.01,146,150380,卖盘
232,14:39:51,10.31,0.01,1159,1195640,买盘
233,14:39:48,10.3,-0.01,4,4264,卖盘
234,14:39:42,10.31,--,3,3093,买盘
235,14:39:39,10.31,--,100,103100,买盘
236,14:39:36,10.31,--,72,74232,买盘
237,14:39:33,10.31,--,15,15465,买盘
238,14:39:30,10.31,0.01,35,36085,买盘
239,14:39:18,10.3,--,35,36050,卖盘
240,14:39:15,10.3,-0.01,130,133900,卖盘
241,14:39:12,10.31,0.01,10,10454,买盘
242,14:39:03,10.3,-0.01,21,21630,卖盘
243,14:39:00,10.31,0.01,139,143309,买盘
244,14:38:57,10.3,-0.01,10,10300,卖盘
245,14:38:54,10.31,--,3,3093,买盘
246,14:38:48,10.31,--,8,8248,买盘
247,14:38:45,10.31,--,16,16640,买盘
248,14:38:33,10.31,--,5,5155,买盘
249,14:38:30,10.31,0.01,105,108255,买盘
250,14:38:27,10.3,-0.01,30,30900,卖盘
251,14:38:15,10.31,--,2,2206,买盘
252,14:38:09,10.31,--,6,6186,买盘
253,14:38:06,10.31,--,103,106193,买盘
254,14:37:57,10.31,0.01,18,18558,买盘
255,14:37:48,10.3,-0.01,9,9414,卖盘
256,14:37:42,10.31,0.01,7,7217,买盘
257,14:37:36,10.3,--,50,51500,卖盘
258,14:37:30,10.3,--,10,10300,卖盘
259,14:37:27,10.3,--,10,10300,卖盘
260,14:37:24,10.3,--,18,18540,卖盘
261,14:37:21,10.3,--,107,110354,买盘
262,14:37:18,10.3,--,21,21630,买盘
263,14:37:12,10.3,--,3,3090,买盘
264,14:37:09,10.3,--,13,13390,卖盘
265,14:37:03,10.3,--,49,50470,买盘
266,14:37:00,10.3,--,20,20600,买盘
267,14:36:54,10.3,--,3,3090,买盘
268,14:36:51,10.3,--,2,2060,卖盘
269,14:36:48,10.3,--,263,270890,买盘
270,14:36:45,10.3,--,12,12360,买盘
271,14:36:42,10.3,--,483,498087,卖盘
272,14:36:36,10.3,--,82,84604,卖盘
273,14:36:30,10.3,-0.01,108,111240,卖盘
274,14:36:27,10.31,0.01,3,3093,买盘
275,14:36:18,10.3,--,1,1174,卖盘
276,14:36:09,10.3,--,5,5150,卖盘
277,14:36:06,10.3,--,343,353290,卖盘
278,14:35:57,10.3,-0.01,60,61800,卖盘
279,14:35:51,10.31,0.01,20,20620,买盘
280,14:35:48,10.3,-0.01,3,3090,卖盘
281,14:35:42,10.31,--,10,10310,买盘
282,14:35:39,10.31,--,4,4268,买盘
283,14:35:33,10.31,--,139,143309,买盘
284,14:35:27,10.31,0.01,10,10310,买盘
285,14:35:21,10.3,--,23,23690,卖盘
286,14:35:18,10.3,--,124,127720,买盘
287,14:35:15,10.3,0.01,30,30900,买盘
288,14:35:12,10.29,-0.01,113,116421,卖盘
289,14:35:06,10.3,--,10,10300,买盘
290,14:35:03,10.3,--,92,94760,卖盘
291,14:34:54,10.3,--,11,11330,卖盘
292,14:34:48,10.3,-0.01,12,12360,卖盘
293,14:34:45,10.31,0.02,11,11485,买盘
294,14:34:42,10.29,-0.01,117,120392,卖盘
295,14:34:39,10.3,--,51,52530,卖盘
296,14:34:36,10.3,--,16,16480,卖盘
297,14:34:30,10.3,0.01,3,3708,中性盘
298,14:34:15,10.29,--,1,1029,卖盘
299,14:34:12,10.29,-0.02,101,104073,卖盘
300,14:34:06,10.31,--,3,3093,买盘
301,14:34:00,10.31,0.01,148,152588,买盘
302,14:33:57,10.3,--,13,13441,卖盘
303,14:33:54,10.3,--,66,67980,卖盘
304,14:33:48,10.3,--,4,4120,卖盘
305,14:33:45,10.3,-0.01,1,1174,卖盘
306,14:33:39,10.31,0.01,3,3093,买盘
307,14:33:30,10.3,--,80,82400,卖盘
308,14:33:21,10.3,--,29,29870,卖盘
309,14:33:15,10.3,--,16,16480,卖盘
310,14:33:09,10.3,--,1,1174,卖盘
311,14:33:00,10.3,-0.01,131,134930,卖盘
312,14:32:57,10.31,--,74,76294,买盘
313,14:32:51,10.31,0.01,17,17527,买盘
314,14:32:48,10.3,--,4,4120,卖盘
315,14:32:39,10.3,-0.01,1,1174,卖盘
316,14:32:27,10.31,--,3,3093,买盘
317,14:32:24,10.31,--,9,9279,买盘
318,14:32:21,10.31,0.01,6,6186,买盘
319,14:32:12,10.3,--,9,9270,卖盘
320,14:32:09,10.3,-0.01,1,1174,卖盘
321,14:32:06,10.31,0.01,3,3093,买盘
322,14:31:57,10.3,--,63,64890,卖盘
323,14:31:51,10.3,--,1,1174,卖盘
324,14:31:48,10.3,--,62,63860,卖盘
325,14:31:45,10.3,-0.01,13,13390,卖盘
326,14:31:39,10.31,--,63,64953,买盘
327,14:31:27,10.31,0.01,23,23713,买盘
328,14:31:24,10.3,--,24,24720,卖盘
329,14:31:21,10.3,-0.01,4,4120,卖盘
330,14:31:15,10.31,--,3,3093,买盘
331,14:31:12,10.31,0.01,10,10310,买盘
332,14:31:09,10.3,--,1,1174,卖盘
333,14:31:06,10.3,--,69,71070,卖盘
334,14:31:03,10.3,--,414,426420,卖盘
335,14:30:57,10.3,--,80,82400,卖盘
336,14:30:54,10.3,-0.01,25,25750,卖盘
337,14:30:51,10.31,0.01,21,21651,买盘
338,14:30:48,10.3,--,4,4120,卖盘
339,14:30:39,10.3,-0.01,190,195844,卖盘
340,14:30:36,10.31,0.01,52,53612,买盘
341,14:30:33,10.3,-0.01,70,72100,卖盘
342,14:30:27,10.31,0.01,123,126813,买盘
343,14:30:06,10.3,-0.01,7,7354,卖盘
344,14:30:03,10.31,0.01,3,3093,买盘
345,14:29:54,10.3,-0.01,64,66538,卖盘
346,14:29:51,10.31,0.01,27,27837,买盘
347,14:29:48,10.3,-0.01,304,313120,卖盘
348,14:29:45,10.31,--,10,10310,买盘
349,14:29:42,10.31,--,4,4124,买盘
350,14:29:39,10.31,0.01,3,3093,买盘
351,14:29:36,10.3,-0.01,1,1174,卖盘
352,14:29:18,10.31,--,4,4124,买盘
353,14:29:15,10.31,0.01,3,3093,买盘
354,14:29:12,10.3,-0.01,1,1174,卖盘
355,14:28:54,10.31,--,4,4124,买盘
356,14:28:51,10.31,0.01,3,3093,买盘
357,14:28:48,10.3,--,3,3090,卖盘
358,14:28:45,10.3,--,10,10300,卖盘
359,14:28:33,10.3,-0.01,24,24864,卖盘
360,14:28:30,10.31,--,29,29899,买盘
361,14:28:27,10.31,0.01,70,72170,买盘
362,14:28:15,10.3,-0.01,1,1174,卖盘
363,14:28:03,10.31,0.01,3,3093,买盘
364,14:27:51,10.3,--,1,1030,卖盘
365,14:27:48,10.3,--,69,71070,卖盘
366,14:27:45,10.3,-0.01,1,1174,卖盘
367,14:27:39,10.31,--,7,7217,买盘
368,14:27:33,10.31,--,70,72170,买盘
369,14:27:27,10.31,0.01,45,46395,买盘
370,14:27:24,10.3,-0.01,145,149350,卖盘
371,14:27:18,10.31,--,45,46395,买盘
372,14:27:15,10.31,0.01,53,54643,买盘
373,14:27:12,10.3,--,9,9270,卖盘
374,14:27:06,10.3,--,15,15450,卖盘
375,14:27:03,10.3,0.01,29,30415,买盘
376,14:27:00,10.29,-0.01,1,1173,卖盘
377,14:26:57,10.3,--,49,50470,买盘
378,14:26:51,10.3,0.01,31,31930,买盘
379,14:26:48,10.29,-0.01,4,4116,卖盘
380,14:26:45,10.3,0.01,18,18540,买盘
381,14:26:39,10.29,-0.01,1,1173,卖盘
382,14:26:33,10.3,--,2,2060,买盘
383,14:26:27,10.3,--,3,3090,买盘
384,14:26:24,10.3,--,33,34474,卖盘
385,14:26:21,10.3,-0.01,9,9270,卖盘
386,14:26:18,10.31,0.01,1,1031,买盘
387,14:26:15,10.3,--,21,21774,卖盘
388,14:26:12,10.3,--,10,10300,卖盘
389,14:26:09,10.3,--,138,142140,卖盘
390,14:26:06,10.3,-0.01,27,27810,卖盘
391,14:26:03,10.31,0.01,9,9279,买盘
392,14:26:00,10.3,--,10,10300,卖盘
393,14:25:57,10.3,--,5,5150,卖盘
394,14:25:54,10.3,--,1024,1054720,卖盘
395,14:25:51,10.3,--,5,5150,卖盘
396,14:25:48,10.3,--,27,28798,卖盘
397,14:25:45,10.3,--,23,23690,卖盘
398,14:25:42,10.3,-0.01,75,77394,卖盘
399,14:25:39,10.31,0.01,8,8248,买盘
400,14:25:36,10.3,--,372,383366,卖盘
401,14:25:33,10.3,--,5,5150,卖盘
402,14:25:30,10.3,--,5,5150,卖盘
403,14:25:27,10.3,--,205,211150,卖盘
404,14:25:24,10.3,-0.01,5,5150,卖盘
405,14:25:21,10.31,0.01,5,5155,买盘
406,14:25:18,10.3,-0.01,1006,1036180,卖盘
407,14:25:15,10.31,0.01,3,3093,买盘
408,14:25:03,10.3,--,1,1174,卖盘
409,14:25:00,10.3,--,803,827944,卖盘
410,14:24:51,10.3,--,11,11330,卖盘
411,14:24:48,10.3,-0.01,6,6180,卖盘
412,14:24:45,10.31,--,13,13403,买盘
413,14:24:39,10.31,0.01,3,3093,买盘
414,14:24:36,10.3,-0.01,1,1174,卖盘
415,14:24:33,10.31,--,3,3093,买盘
416,14:24:30,10.31,0.01,150,154650,买盘
417,14:24:27,10.3,--,1,1030,卖盘
418,14:24:24,10.3,-0.01,1,1030,卖盘
419,14:24:18,10.31,--,3,3093,买盘
420,14:24:15,10.31,--,49,50519,买盘
421,14:24:12,10.31,0.01,32,32992,买盘
422,14:24:06,10.3,-0.01,1,1174,卖盘
423,14:24:03,10.31,0.01,49,50519,买盘
424,14:24:00,10.3,-0.01,75,77250,卖盘
425,14:23:51,10.31,0.01,8,8248,买盘
426,14:23:48,10.3,-0.01,4,4120,卖盘
427,14:23:42,10.31,--,10,10310,买盘
428,14:23:36,10.31,0.01,15,15465,买盘
429,14:23:33,10.3,--,14,14976,卖盘
430,14:23:30,10.3,--,1,1030,卖盘
431,14:23:27,10.3,-0.01,28,28840,卖盘
432,14:23:24,10.31,--,1,1031,买盘
433,14:23:12,10.31,0.01,3,3093,买盘
434,14:23:00,10.3,-0.01,19,19714,卖盘
435,14:22:51,10.31,0.01,10,10310,买盘
436,14:22:48,10.3,-0.01,7,7210,卖盘
437,14:22:45,10.31,--,10,10310,买盘
438,14:22:39,10.31,0.01,14,14434,买盘
439,14:22:36,10.3,-0.01,1,1174,卖盘
440,14:22:21,10.31,--,4,4124,买盘
441,14:22:15,10.31,0.01,37,38147,买盘
442,14:22:12,10.3,-0.01,4,4120,卖盘
443,14:22:06,10.31,0.01,10,10310,买盘
444,14:22:03,10.3,--,10,10300,卖盘
445,14:22:00,10.3,-0.01,25,25894,卖盘
446,14:21:57,10.31,0.01,5,5155,买盘
447,14:21:51,10.3,--,483,497490,卖盘
448,14:21:48,10.3,--,63,64890,卖盘
449,14:21:45,10.3,-0.01,54,55620,卖盘
450,14:21:36,10.31,0.01,3,3093,买盘
451,14:21:33,10.3,--,14,14564,卖盘
452,14:21:30,10.3,--,35,36050,卖盘
453,14:21:21,10.3,--,14,14420,卖盘
454,14:21:12,10.3,-0.01,16,16480,卖盘
455,14:21:09,10.31,--,40,41240,买盘
456,14:21:06,10.31,--,35,36085,买盘
457,14:21:03,10.31,0.01,19,19589,买盘
458,14:21:00,10.3,-0.01,1,1174,卖盘
459,14:20:57,10.31,0.01,12,12372,买盘
460,14:20:54,10.3,--,13,13390,卖盘
461,14:20:48,10.3,-0.01,7,7210,卖盘
462,14:20:45,10.31,0.01,20,20620,买盘
463,14:20:42,10.3,-0.01,17,17510,卖盘
464,14:20:36,10.31,--,17,17527,买盘
465,14:20:33,10.31,0.01,4,4124,买盘
466,14:20:30,10.3,--,15,15594,卖盘
467,14:20:27,10.3,-0.01,72,74572,卖盘
468,14:20:24,10.31,0.01,4,4124,买盘
469,14:20:21,10.3,-0.01,13,13390,卖盘
470,14:20:09,10.31,--,1,1031,买盘
471,14:20:03,10.31,0.01,1,1031,买盘
472,14:20:00,10.3,-0.01,1,1174,卖盘
473,14:19:51,10.31,0.01,200,206200,买盘
474,14:19:48,10.3,--,4,4120,卖盘
475,14:19:45,10.3,--,41,42230,卖盘
476,14:19:36,10.3,--,1,1174,卖盘
477,14:19:33,10.3,-0.01,203,209090,卖盘
478,14:19:30,10.31,--,13,13403,买盘
479,14:19:21,10.31,0.01,68,70108,买盘
480,14:19:18,10.3,-0.01,10,10300,卖盘
481,14:19:15,10.31,--,10,10310,买盘
482,14:19:12,10.31,0.01,3,3093,买盘
483,14:19:09,10.3,--,4,4120,卖盘
484,14:19:00,10.3,--,1,1030,卖盘
485,14:18:51,10.3,--,14,14420,卖盘
486,14:18:48,10.3,-0.01,4,4120,卖盘
487,14:18:42,10.31,--,18,18558,买盘
488,14:18:36,10.31,0.01,49,50519,买盘
489,14:18:33,10.3,--,15,15450,卖盘
490,14:18:30,10.3,-0.01,1,1030,卖盘
491,14:18:27,10.31,--,49,50519,买盘
492,14:18:24,10.31,0.01,1,1031,买盘
493,14:18:21,10.3,--,14,14420,卖盘
494,14:18:15,10.3,-0.01,200,206000,卖盘
495,14:18:12,10.31,0.01,18,18558,买盘
496,14:18:06,10.3,--,50,51500,卖盘
497,14:18:03,10.3,--,14,14533,卖盘
498,14:18:00,10.3,--,5,5150,卖盘
499,14:17:54,10.3,--,14,14420,卖盘
500,14:17:51,10.3,--,223,229690,卖盘
501,14:17:48,10.3,--,10,10506,卖盘
502,14:17:42,10.3,--,23,23690,卖盘
503,14:17:39,10.3,--,20,20600,卖盘
504,14:17:36,10.3,--,50,51500,卖盘
505,14:17:33,10.3,--,3,3213,卖盘
506,14:17:30,10.3,-0.01,14,14420,卖盘
507,14:17:24,10.31,0.01,45,46395,买盘
508,14:17:21,10.3,-0.01,14,14420,卖盘
509,14:17:15,10.31,--,3,3093,买盘
510,14:17:12,10.31,0.01,45,46395,买盘
511,14:17:06,10.3,-0.01,1,1143,卖盘
512,14:17:00,10.31,0.01,20,20620,买盘
513,14:16:51,10.3,--,2,2060,卖盘
514,14:16:48,10.3,-0.01,4,4120,卖盘
515,14:16:36,10.31,--,10,10423,买盘
516,14:16:30,10.31,--,46,47426,买盘
517,14:16:21,10.31,--,48,49488,买盘
518,14:16:18,10.31,--,57,58767,买盘
519,14:16:09,10.31,--,4,4124,买盘
520,14:16:06,10.31,--,4,4124,买盘
521,14:16:00,10.31,--,291,300763,卖盘
522,14:15:57,10.31,--,277,286453,卖盘
523,14:15:54,10.31,--,10,10310,卖盘
524,14:15:51,10.31,--,115,118565,卖盘
525,14:15:48,10.31,--,62,63922,卖盘
526,14:15:42,10.31,--,137,141247,卖盘
527,14:15:39,10.31,--,315,324765,卖盘
528,14:15:33,10.31,--,1,1144,卖盘
529,14:15:30,10.31,--,17,17527,卖盘
530,14:15:21,10.31,--,301,310331,卖盘
531,14:15:18,10.31,--,105,108255,卖盘
532,14:15:15,10.31,--,100,103100,卖盘
533,14:15:12,10.31,--,13,13403,卖盘
534,14:15:09,10.31,--,10,10310,卖盘
535,14:15:06,10.31,--,20,20620,卖盘
536,14:15:03,10.31,--,1,1154,卖盘
537,14:15:00,10.31,--,214,220634,卖盘
538,14:14:54,10.31,-0.01,33,34023,卖盘
539,14:14:51,10.32,0.01,21,21672,买盘
540,14:14:48,10.31,--,248,255688,卖盘
541,14:14:42,10.31,--,152,156712,卖盘
542,14:14:30,10.31,--,35,36198,卖盘
543,14:14:21,10.31,--,1,1031,卖盘
544,14:14:18,10.31,--,43,44333,卖盘
545,14:14:06,10.31,-0.01,18,18558,卖盘
546,14:13:57,10.32,--,5,5160,买盘
547,14:13:51,10.32,0.01,46,47472,买盘
548,14:13:48,10.31,--,4,4124,卖盘
549,14:13:39,10.31,--,50,51550,卖盘
550,14:13:36,10.31,-0.01,1,1144,卖盘
551,14:13:33,10.32,--,18,18576,买盘
552,14:13:30,10.32,0.01,41,42312,买盘
553,14:13:21,10.31,-0.01,2,2062,卖盘
554,14:13:03,10.32,0.01,5,5160,买盘
555,14:12:57,10.31,--,10,10310,卖盘
556,14:12:51,10.31,--,1,1031,卖盘
557,14:12:48,10.31,--,18,18558,卖盘
558,14:12:45,10.31,--,3,3093,卖盘
559,14:12:39,10.31,-0.01,13,13403,卖盘
560,14:12:36,10.32,--,55,56760,买盘
561,14:12:33,10.32,0.01,35,36120,买盘
562,14:12:27,10.31,--,14,14434,卖盘
563,14:12:21,10.31,--,1,1031,卖盘
564,14:12:18,10.31,--,13,13403,卖盘
565,14:12:09,10.31,-0.01,28,28868,卖盘
566,14:12:06,10.32,0.01,52,53777,买盘
567,14:12:00,10.31,--,15,15465,卖盘
568,14:11:51,10.31,--,1,1031,卖盘
569,14:11:48,10.31,-0.01,18,18558,卖盘
570,14:11:42,10.32,0.01,5,5160,买盘
571,14:11:39,10.31,--,15,15465,卖盘
572,14:11:30,10.31,--,14,14434,卖盘
573,14:11:21,10.31,--,1,1031,卖盘
574,14:11:18,10.31,-0.01,13,13403,卖盘
575,14:11:12,10.32,--,37,38184,买盘
576,14:11:09,10.32,--,4,4128,买盘
577,14:11:03,10.32,0.01,10,10320,买盘
578,14:10:57,10.31,--,33,34023,卖盘
579,14:10:54,10.31,--,108,111348,卖盘
580,14:10:51,10.31,-0.01,103,106193,卖盘
581,14:10:48,10.32,0.01,67,69144,买盘
582,14:10:45,10.31,-0.01,102,105162,卖盘
583,14:10:39,10.32,--,13,13416,买盘
584,14:10:36,10.32,0.01,60,61920,买盘
585,14:10:33,10.31,-0.01,103,106193,卖盘
586,14:10:30,10.32,--,7,7224,买盘
587,14:10:24,10.32,--,3,3096,买盘
588,14:10:21,10.32,0.01,6,6192,买盘
589,14:10:12,10.31,-0.01,3,3093,卖盘
590,14:10:06,10.32,0.01,102,105264,买盘
591,14:09:57,10.31,-0.01,22,22682,卖盘
592,14:09:54,10.32,--,444,458208,卖盘
593,14:09:51,10.32,--,31,31992,卖盘
594,14:09:48,10.32,--,542,559344,买盘
595,14:09:45,10.32,0.01,6,6192,买盘
596,14:09:42,10.31,-0.01,1,1031,卖盘
597,14:09:36,10.32,0.01,259,267288,买盘
598,14:09:27,10.31,--,13,13403,卖盘
599,14:09:24,10.31,--,5,5155,卖盘
600,14:09:21,10.31,--,2,2062,卖盘
601,14:09:18,10.31,-0.01,514,529934,卖盘
602,14:09:15,10.32,--,1,1032,买盘
603,14:09:09,10.32,0.01,3,3096,买盘
604,14:09:06,10.31,-0.01,63,64953,卖盘
605,14:09:03,10.32,0.01,14,14448,买盘
606,14:09:00,10.31,--,13,13403,卖盘
607,14:08:57,10.31,-0.01,14,14434,卖盘
608,14:08:54,10.32,0.01,12,12384,中性盘
609,14:08:48,10.31,-0.01,17,17527,卖盘
610,14:08:45,10.32,0.01,20,20640,中性盘
611,14:08:42,10.31,-0.01,8,8248,卖盘
612,14:08:39,10.32,--,5,5160,卖盘
613,14:08:36,10.32,--,63,65645,买盘
614,14:08:33,10.32,--,115,118680,买盘
615,14:08:30,10.32,--,198,204738,卖盘
616,14:08:27,10.32,-0.01,118,121776,卖盘
617,14:08:24,10.33,--,10,10330,买盘
618,14:08:21,10.33,0.01,10,10330,买盘
619,14:08:18,10.32,--,26,26832,卖盘
620,14:08:15,10.32,-0.01,100,103200,卖盘
621,14:08:12,10.33,--,22,22726,买盘
622,14:08:06,10.33,0.01,303,312999,买盘
623,14:08:03,10.32,-0.01,7,7224,卖盘
624,14:08:00,10.33,0.01,27,27891,买盘
625,14:07:57,10.32,--,645,665640,卖盘
626,14:07:48,10.32,-0.01,203,209496,卖盘
627,14:07:45,10.33,--,1,1033,买盘
628,14:07:42,10.33,--,151,155983,买盘
629,14:07:36,10.33,0.01,8,8264,买盘
630,14:07:27,10.32,--,29,29928,卖盘
631,14:07:24,10.32,-0.01,216,222912,卖盘
632,14:07:21,10.33,0.01,6,6198,买盘
633,14:07:18,10.32,-0.01,103,106296,卖盘
634,14:07:15,10.33,--,10,10330,买盘
635,14:07:12,10.33,--,10,10330,买盘
636,14:07:03,10.33,0.01,29,29957,买盘
637,14:06:57,10.32,-0.01,135,139320,卖盘
638,14:06:54,10.33,--,1,1033,买盘
639,14:06:51,10.33,--,156,161148,买盘
640,14:06:48,10.33,--,15,15505,买盘
641,14:06:45,10.33,0.01,50,51650,买盘
642,14:06:42,10.32,-0.01,30,30960,卖盘
643,14:06:39,10.33,--,23,23759,买盘
644,14:06:30,10.33,--,50,51650,买盘
645,14:06:27,10.33,--,15,15495,买盘
646,14:06:24,10.33,--,49,50617,买盘
647,14:06:21,10.33,--,3,3099,买盘
648,14:06:15,10.33,--,21,21693,买盘
649,14:06:12,10.33,0.01,49,50617,买盘
650,14:06:09,10.32,-0.01,57,58824,卖盘
651,14:06:06,10.33,--,205,211765,买盘
652,14:05:57,10.33,0.01,25,25825,买盘
653,14:05:54,10.32,--,4,4747,卖盘
654,14:05:51,10.32,--,19,19608,卖盘
655,14:05:48,10.32,-0.01,4,4128,卖盘
656,14:05:45,10.33,--,7,7231,买盘
657,14:05:42,10.33,--,22,22726,买盘
658,14:05:39,10.33,--,40,41320,买盘
659,14:05:36,10.33,--,561,579513,买盘
660,14:05:33,10.33,0.01,45,46485,买盘
661,14:05:30,10.32,--,23,23736,卖盘
662,14:05:24,10.32,--,10,10320,卖盘
663,14:05:21,10.32,--,38,39216,卖盘
664,14:05:15,10.32,-0.01,100,103200,卖盘
665,14:05:03,10.33,--,51,52683,买盘
666,14:04:57,10.33,0.01,40,41320,买盘
667,14:04:54,10.32,-0.01,10,10320,卖盘
668,14:04:51,10.33,0.01,54,55782,买盘
669,14:04:48,10.32,-0.01,25,25800,卖盘
670,14:04:45,10.33,0.01,67,69211,买盘
671,14:04:42,10.32,0.01,40,41280,买盘
672,14:04:39,10.31,--,29,29899,卖盘
673,14:04:36,10.31,-0.01,19,19589,卖盘
674,14:04:33,10.32,--,257,265224,买盘
675,14:04:30,10.32,--,7,7224,买盘
676,14:04:27,10.32,--,17,17544,买盘
677,14:04:24,10.32,0.01,26,26832,买盘
678,14:04:21,10.31,-0.01,6,6186,卖盘
679,14:04:18,10.32,0.01,147,151704,买盘
680,14:04:15,10.31,--,14,14434,卖盘
681,14:04:12,10.31,-0.01,22,22682,卖盘
682,14:04:06,10.32,--,19,19608,买盘
683,14:04:00,10.32,0.01,20,20640,买盘
684,14:03:54,10.31,-0.01,6,6186,卖盘
685,14:03:48,10.32,0.01,23,23736,买盘
686,14:03:45,10.31,-0.01,7,7217,卖盘
687,14:03:42,10.32,--,48,49536,买盘
688,14:03:39,10.32,0.01,50,51600,买盘
689,14:03:30,10.31,-0.01,30,30930,卖盘
690,14:03:27,10.32,--,10,10320,买盘
691,14:03:24,10.32,0.01,10,10320,买盘
692,14:03:21,10.31,-0.01,9,9279,卖盘
693,14:03:15,10.32,--,75,77400,买盘
694,14:03:12,10.32,--,30,30960,买盘
695,14:03:09,10.32,--,760,784320,买盘
696,14:03:06,10.32,0.01,11,11352,买盘
697,14:03:03,10.31,-0.01,7,7217,卖盘
698,14:03:00,10.32,--,77,79464,买盘
699,14:02:57,10.32,--,100,103200,买盘
700,14:02:54,10.32,--,74,76368,买盘
701,14:02:51,10.32,0.01,10,10320,买盘
702,14:02:48,10.31,--,4,4124,卖盘
703,14:02:45,10.31,-0.01,18,18558,卖盘
704,14:02:42,10.32,--,35,36120,买盘
705,14:02:39,10.32,0.01,2,2064,买盘
706,14:02:33,10.31,--,21,21651,卖盘
707,14:02:30,10.31,-0.01,5,5155,卖盘
708,14:02:27,10.32,--,25,25800,买盘
709,14:02:21,10.32,0.01,205,211560,买盘
710,14:02:18,10.31,-0.01,10,10310,卖盘
711,14:02:15,10.32,0.01,10,10320,买盘
712,14:02:12,10.31,--,110,113410,卖盘
713,14:02:09,10.31,-0.01,15,15465,卖盘
714,14:02:03,10.32,--,200,206400,买盘
715,14:02:00,10.32,0.01,17,17544,买盘
716,14:01:57,10.31,-0.01,8,8248,卖盘
717,14:01:54,10.32,0.01,1,1032,买盘
718,14:01:51,10.31,--,107,110317,卖盘
719,14:01:48,10.31,-0.01,4,4124,卖盘
720,14:01:45,10.32,0.01,49,50568,买盘
721,14:01:42,10.31,-0.01,4,4124,卖盘
722,14:01:36,10.32,--,5,5160,买盘
723,14:01:33,10.32,--,3,3096,买盘
724,14:01:27,10.32,0.01,15,15480,买盘
725,14:01:15,10.31,-0.01,15,15465,卖盘
726,14:01:12,10.32,0.01,10,10320,买盘
727,14:01:09,10.31,-0.01,20,20620,卖盘
728,14:01:06,10.32,0.01,11,11352,买盘
729,14:01:00,10.31,--,33,34023,卖盘
730,14:00:57,10.31,--,6,6186,卖盘
731,14:00:51,10.31,--,48,49488,卖盘
732,14:00:48,10.31,--,23,23713,卖盘
733,14:00:45,10.31,0.01,650,671057,买盘
734,14:00:42,10.3,--,25,25750,卖盘
735,14:00:39,10.3,-0.01,1365,1405950,卖盘
736,14:00:36,10.31,--,342,352602,买盘
737,14:00:33,10.31,--,7,7217,买盘
738,14:00:30,10.31,--,254,261874,买盘
739,14:00:27,10.31,0.01,29,29899,买盘
740,14:00:21,10.3,-0.01,103,106090,卖盘
741,14:00:15,10.31,0.01,1001,1032031,买盘
742,14:00:06,10.3,--,5,5150,卖盘
743,14:00:03,10.3,--,13,13390,卖盘
744,14:00:00,10.3,--,73,75190,卖盘
745,13:59:54,10.3,--,60,61800,卖盘
746,13:59:51,10.3,--,3,3090,卖盘
747,13:59:48,10.3,--,4,4120,卖盘
748,13:59:45,10.3,-0.01,34,35020,卖盘
749,13:59:36,10.31,0.01,2,2062,买盘
750,13:59:33,10.3,--,1,1060,卖盘
751,13:59:21,10.3,--,8,8240,卖盘
752,13:59:15,10.3,--,7,7210,卖盘
753,13:59:12,10.3,-0.01,17,17510,卖盘
754,13:59:09,10.31,0.01,12,12372,买盘
755,13:59:06,10.3,-0.01,20,20600,卖盘
756,13:59:03,10.31,0.01,1,1031,买盘
757,13:58:54,10.3,-0.01,3,3090,卖盘
758,13:58:51,10.31,0.01,27,27837,买盘
759,13:58:48,10.3,--,4,4120,卖盘
760,13:58:45,10.3,--,10,10300,卖盘
761,13:58:33,10.3,--,6,6180,卖盘
762,13:58:30,10.3,--,3,3090,卖盘
763,13:58:24,10.3,--,3,3090,卖盘
764,13:58:21,10.3,--,16,16480,卖盘
765,13:58:18,10.3,--,37,38110,卖盘
766,13:58:15,10.3,--,230,236900,卖盘
767,13:58:12,10.3,--,509,524270,卖盘
768,13:58:09,10.3,-0.01,1,1030,卖盘
769,13:58:03,10.31,0.01,5,5155,买盘
770,13:57:57,10.3,--,7,7210,卖盘
771,13:57:54,10.3,--,1,1030,卖盘
772,13:57:51,10.3,--,100,103000,卖盘
773,13:57:48,10.3,-0.01,18,18540,卖盘
774,13:57:42,10.31,0.01,196,202076,买盘
775,13:57:39,10.3,--,3,3090,卖盘
776,13:57:36,10.3,--,1,1030,卖盘
777,13:57:33,10.3,--,5,5150,卖盘
778,13:57:30,10.3,--,2,2060,卖盘
779,13:57:27,10.3,-0.01,21,21630,卖盘
780,13:57:24,10.31,--,20,20620,买盘
781,13:57:21,10.31,0.01,24,24744,买盘
782,13:57:12,10.3,-0.01,12,12360,卖盘
783,13:57:06,10.31,0.01,20,20620,买盘
784,13:57:00,10.3,--,4,4120,卖盘
785,13:56:57,10.3,--,1,1030,卖盘
786,13:56:54,10.3,--,2,2060,卖盘
787,13:56:48,10.3,-0.01,24,24720,卖盘
788,13:56:42,10.31,0.01,21,21651,买盘
789,13:56:36,10.3,-0.01,20,20600,卖盘
790,13:56:33,10.31,0.01,5,5155,买盘
791,13:56:30,10.3,-0.01,1,1030,卖盘
792,13:56:24,10.31,0.01,15,15465,买盘
793,13:56:18,10.3,--,2,2060,卖盘
794,13:56:15,10.3,-0.01,5,5150,卖盘
795,13:56:12,10.31,--,34,35054,买盘
796,13:56:09,10.31,0.01,59,60829,买盘
797,13:56:06,10.3,--,40,41200,卖盘
798,13:56:00,10.3,-0.01,127,130810,卖盘
799,13:55:57,10.31,--,51,52581,买盘
800,13:55:48,10.31,--,9,9279,买盘
801,13:55:39,10.31,--,59,60829,买盘
802,13:55:36,10.31,0.01,24,24744,买盘
803,13:55:30,10.3,-0.01,19,19570,卖盘
804,13:55:27,10.31,--,155,159805,买盘
805,13:55:24,10.31,--,55,56705,买盘
806,13:55:21,10.31,0.01,3,3093,买盘
807,13:55:18,10.3,--,24,24720,卖盘
808,13:55:15,10.3,-0.01,68,70040,卖盘
809,13:55:12,10.31,--,66,68046,买盘
810,13:55:06,10.31,--,10,10310,买盘
811,13:55:00,10.31,--,70,72170,卖盘
812,13:54:57,10.31,--,361,372191,买盘
813,13:54:51,10.31,0.01,21,21651,买盘
814,13:54:48,10.3,--,4,4120,卖盘
815,13:54:45,10.3,-0.01,60,61800,卖盘
816,13:54:42,10.31,--,30,30930,买盘
817,13:54:39,10.31,--,26,26806,买盘
818,13:54:36,10.31,0.01,48,49488,买盘
819,13:54:33,10.3,-0.01,43,44290,卖盘
820,13:54:30,10.31,0.01,426,439206,买盘
821,13:54:27,10.3,-0.01,24,24720,卖盘
822,13:54:24,10.31,0.01,330,340230,买盘
823,13:54:18,10.3,-0.01,57,58710,卖盘
824,13:54:15,10.31,--,20,20620,买盘
825,13:54:09,10.31,--,11,11341,买盘
826,13:54:06,10.31,--,117,120627,买盘
827,13:54:03,10.31,--,84,86604,买盘
828,13:53:57,10.31,0.01,5,5155,买盘
829,13:53:48,10.3,--,4,4120,卖盘
830,13:53:45,10.3,--,7,7210,卖盘
831,13:53:42,10.3,--,409,421270,卖盘
832,13:53:39,10.3,0.01,79,81473,买盘
833,13:53:36,10.29,-0.01,35,36015,卖盘
834,13:53:33,10.3,0.01,2509,2584270,买盘
835,13:53:30,10.29,-0.01,10,10290,卖盘
836,13:53:24,10.3,0.01,2,2060,买盘
837,13:53:21,10.29,--,7,7202,卖盘
838,13:53:18,10.29,--,80,82320,卖盘
839,13:53:12,10.29,--,22,22637,卖盘
840,13:53:09,10.29,--,1571,1617227,买盘
841,13:53:06,10.29,--,928,954911,买盘
842,13:53:03,10.29,--,30,30869,买盘
843,13:53:00,10.29,--,5,5145,买盘
844,13:52:57,10.29,--,110,113189,买盘
845,13:52:54,10.29,--,124,127595,买盘
846,13:52:51,10.29,--,848,872591,买盘
847,13:52:48,10.29,0.01,46,47333,买盘
848,13:52:36,10.28,-0.01,59,60651,卖盘
849,13:52:33,10.29,--,32,32928,买盘
850,13:52:30,10.29,--,4,4116,买盘
851,13:52:24,10.29,--,196,201683,买盘
852,13:52:21,10.29,--,20,20580,买盘
853,13:52:18,10.29,--,11,11318,买盘
854,13:52:09,10.29,--,5,5145,买盘
855,13:52:06,10.29,--,2,2058,买盘
856,13:52:03,10.29,--,24,24695,买盘
857,13:51:57,10.29,--,161,165669,买盘
858,13:51:54,10.29,0.01,10,10290,买盘
859,13:51:51,10.28,--,4,4112,卖盘
860,13:51:48,10.28,-0.01,4,4112,卖盘
861,13:51:39,10.29,--,8,8232,买盘
862,13:51:33,10.29,0.01,9,9261,买盘
863,13:51:30,10.28,--,392,402976,卖盘
864,13:51:15,10.28,--,328,337184,卖盘
865,13:51:09,10.28,--,5,5140,卖盘
866,13:50:57,10.28,--,54,55512,卖盘
867,13:50:48,10.28,-0.01,4,4112,卖盘
868,13:50:30,10.29,0.01,3,3086,买盘
869,13:50:27,10.28,-0.01,2,2056,卖盘
870,13:50:24,10.29,0.01,33,33957,买盘
871,13:49:57,10.28,-0.01,11,11308,卖盘
872,13:49:54,10.29,0.01,10,10290,买盘
873,13:49:48,10.28,--,3,3084,卖盘
874,13:49:45,10.28,--,50,51400,卖盘
875,13:49:21,10.28,-0.01,100,102800,卖盘
876,13:49:15,10.29,--,1,1029,买盘
877,13:49:09,10.29,0.01,10,10290,买盘
878,13:48:57,10.28,--,14,14392,卖盘
879,13:48:48,10.28,--,4,4112,卖盘
880,13:48:39,10.28,--,2,2056,卖盘
881,13:48:21,10.28,--,100,102800,卖盘
882,13:48:18,10.28,-0.01,1,1028,卖盘
883,13:48:15,10.29,0.01,18,18522,买盘
884,13:48:12,10.28,--,26,26728,卖盘
885,13:48:09,10.28,--,1,1028,卖盘
886,13:48:00,10.28,--,1,1028,卖盘
887,13:47:57,10.28,0.01,20,20560,中性盘
888,13:47:54,10.27,-0.01,10,10270,卖盘
889,13:47:51,10.28,--,1,1028,卖盘
890,13:47:48,10.28,0.01,19,19532,中性盘
891,13:47:21,10.27,--,4,4108,卖盘
892,13:47:18,10.27,-0.01,12,12324,卖盘
893,13:47:15,10.28,--,8,8224,卖盘
894,13:47:12,10.28,0.01,17,17476,中性盘
895,13:46:57,10.27,-0.01,22,22594,卖盘
896,13:46:54,10.28,--,48,49344,卖盘
897,13:46:51,10.28,-0.01,1,1028,卖盘
898,13:46:48,10.29,--,5,5145,买盘
899,13:46:45,10.29,0.02,1,1029,买盘
900,13:46:42,10.27,--,32,32864,卖盘
901,13:46:36,10.27,-0.01,257,264308,卖盘
902,13:46:33,10.28,0.01,804,826676,买盘
903,13:46:24,10.27,-0.01,100,102700,卖盘
904,13:46:21,10.28,--,23,23644,买盘
905,13:46:18,10.28,--,56,58431,卖盘
906,13:46:15,10.28,--,5,5140,卖盘
907,13:46:12,10.28,--,105,107940,卖盘
908,13:46:09,10.28,--,46,47288,卖盘
909,13:46:03,10.28,--,100,102800,卖盘
910,13:45:54,10.28,-0.01,217,223076,卖盘
911,13:45:51,10.29,0.01,169,173901,买盘
912,13:45:48,10.28,--,4,4112,卖盘
913,13:45:45,10.28,--,1050,1079400,卖盘
914,13:45:42,10.28,--,180,185040,卖盘
915,13:45:24,10.28,--,100,102800,卖盘
916,13:45:21,10.28,--,20,20560,卖盘
917,13:45:18,10.28,--,1,1028,卖盘
918,13:44:57,10.28,--,62,63735,卖盘
919,13:44:54,10.28,--,35,35980,卖盘
920,13:44:51,10.28,-0.01,1,1028,卖盘
921,13:44:48,10.29,0.01,120,123479,买盘
922,13:44:42,10.28,--,39,40092,卖盘
923,13:44:36,10.28,--,28,28784,卖盘
924,13:44:30,10.28,-0.01,57,58595,卖盘
925,13:44:27,10.29,0.01,25,25724,买盘
926,13:44:24,10.28,--,28,28784,卖盘
927,13:44:21,10.28,--,0,699,卖盘
928,13:44:18,10.28,-0.01,1,1028,卖盘
929,13:44:12,10.29,--,3,3086,买盘
930,13:44:06,10.29,--,15,15434,买盘
931,13:44:03,10.29,0.01,118,121421,买盘
932,13:43:48,10.28,-0.01,102,104856,卖盘
933,13:43:45,10.29,--,10,10290,买盘
934,13:43:39,10.29,--,2,2058,买盘
935,13:43:36,10.29,--,10,10290,买盘
936,13:43:30,10.29,--,4,4116,买盘
937,13:43:24,10.29,0.01,4,4116,买盘
938,13:43:18,10.28,-0.01,1,1028,卖盘
939,13:43:12,10.29,0.01,10,10290,买盘
940,13:42:51,10.28,--,1,1028,卖盘
941,13:42:48,10.28,-0.01,31,31867,卖盘
942,13:42:45,10.29,0.01,30,30869,买盘
943,13:42:42,10.28,--,7,7196,卖盘
944,13:42:33,10.28,--,7,7196,卖盘
945,13:42:30,10.28,0.01,531,546875,买盘
946,13:42:27,10.27,-0.01,80,82160,卖盘
947,13:42:24,10.28,--,58,59623,买盘
948,13:42:21,10.28,--,11,11308,买盘
949,13:42:18,10.28,--,42,43176,买盘
950,13:42:15,10.28,--,20,20560,买盘
951,13:42:12,10.28,--,51,52428,买盘
952,13:42:06,10.28,--,50,51400,买盘
953,13:42:03,10.28,--,19,19532,买盘
954,13:42:00,10.28,--,24,24672,买盘
955,13:41:57,10.28,--,500,513999,买盘
956,13:41:54,10.28,0.01,3,3084,买盘
957,13:41:51,10.27,--,10,10270,卖盘
958,13:41:48,10.27,-0.01,4,4108,卖盘
959,13:41:42,10.28,0.01,500,513999,买盘
960,13:41:36,10.27,--,333,341991,卖盘
961,13:41:33,10.27,-0.01,5,5135,卖盘
962,13:41:30,10.28,--,383,394258,卖盘
963,13:41:27,10.28,--,16,16448,卖盘
964,13:41:24,10.28,--,20,20560,卖盘
965,13:41:21,10.28,--,1,1028,卖盘
966,13:41:12,10.28,--,178,182984,卖盘
967,13:41:06,10.28,--,34,34952,卖盘
968,13:41:03,10.28,--,5,5140,卖盘
969,13:40:57,10.28,--,33,33924,卖盘
970,13:40:54,10.28,--,22,22616,卖盘
971,13:40:48,10.28,--,12,12336,卖盘
972,13:40:45,10.28,--,13,13857,买盘
973,13:40:39,10.28,--,14,14392,买盘
974,13:40:27,10.28,--,501,515027,买盘
975,13:40:24,10.28,--,40,41120,买盘
976,13:40:21,10.28,0.01,500,513999,买盘
977,13:40:18,10.27,-0.01,151,155077,卖盘
978,13:40:15,10.28,0.01,9,9252,买盘
979,13:40:09,10.27,-0.01,10,10270,卖盘
980,13:39:57,10.28,0.01,51,52428,买盘
981,13:39:54,10.27,--,120,123240,卖盘
982,13:39:48,10.27,-0.01,23,23621,卖盘
983,13:39:39,10.28,--,10,10280,买盘
984,13:39:33,10.28,0.01,355,364940,买盘
985,13:39:21,10.27,-0.01,11,11297,卖盘
986,13:39:12,10.28,0.01,87,89436,买盘
987,13:39:09,10.27,-0.01,601,617227,卖盘
988,13:39:06,10.28,--,41,42148,买盘
989,13:39:03,10.28,--,133,136724,买盘
990,13:39:00,10.28,0.01,9,9252,买盘
991,13:38:57,10.27,-0.01,40,41080,卖盘
992,13:38:54,10.28,0.01,14,14392,买盘
993,13:38:51,10.27,-0.01,2,2054,卖盘
994,13:38:48,10.28,--,54,55512,买盘
995,13:38:45,10.28,--,50,51400,买盘
996,13:38:42,10.28,--,20,20560,买盘
997,13:38:39,10.28,0.01,45,46260,买盘
998,13:38:36,10.27,-0.01,2,2054,卖盘
999,13:38:30,10.28,--,48,49344,买盘
1000,13:38:24,10.28,--,5,5140,买盘
1001,13:38:12,10.28,--,50,51400,买盘
1002,13:38:09,10.28,0.01,20,20560,买盘
1003,13:38:06,10.27,-0.01,2,2054,卖盘
1004,13:38:03,10.28,--,500,513999,买盘
1005,13:38:00,10.28,--,8,8224,买盘
1006,13:37:57,10.28,--,14,14392,买盘
1007,13:37:54,10.28,--,100,102800,买盘
1008,13:37:51,10.28,--,10,10280,买盘
1009,13:37:48,10.28,--,80,82240,买盘
1010,13:37:45,10.28,--,21,21588,买盘
1011,13:37:42,10.28,--,922,948350,卖盘
1012,13:37:30,10.28,--,7,7196,卖盘
1013,13:37:27,10.28,--,47,48809,买盘
1014,13:37:24,10.28,--,110,113080,买盘
1015,13:37:18,10.28,--,200,205600,买盘
1016,13:37:15,10.28,--,72,74016,买盘
1017,13:37:12,10.28,--,310,318680,买盘
1018,13:37:09,10.28,--,15,15419,买盘
1019,13:37:06,10.28,--,10,10280,买盘
1020,13:37:03,10.28,--,34,34952,买盘
1021,13:37:00,10.28,--,5,5140,买盘
1022,13:36:57,10.28,--,51,52428,买盘
1023,13:36:54,10.28,--,84,86352,买盘
1024,13:36:51,10.28,--,17,17476,买盘
1025,13:36:48,10.28,--,219,225132,买盘
1026,13:36:45,10.28,--,1250,1285000,买盘
1027,13:36:42,10.28,--,134,137752,买盘
1028,13:36:39,10.28,--,866,890248,买盘
1029,13:36:36,10.28,--,850,873800,买盘
1030,13:36:27,10.28,--,49,50372,买盘
1031,13:36:24,10.28,--,11,11308,买盘
1032,13:36:21,10.28,--,100,102800,买盘
1033,13:36:18,10.28,--,5,5140,买盘
1034,13:36:15,10.28,0.01,193,198404,买盘
1035,13:36:12,10.27,-0.01,1,1027,卖盘
1036,13:36:06,10.28,--,26,26728,买盘
1037,13:35:54,10.28,0.01,200,205600,买盘
1038,13:35:51,10.27,--,90,92430,卖盘
1039,13:35:48,10.27,-0.01,214,219778,卖盘
1040,13:35:45,10.28,0.01,50,51400,买盘
1041,13:35:42,10.27,-0.01,3,3081,卖盘
1042,13:35:36,10.28,0.01,2,2056,买盘
1043,13:35:27,10.27,-0.01,34,34918,卖盘
1044,13:35:24,10.28,0.01,20,20560,买盘
1045,13:35:12,10.27,--,1,1027,卖盘
1046,13:35:00,10.27,--,7,7189,卖盘
1047,13:34:57,10.27,--,1602,1646209,买盘
1048,13:34:54,10.27,--,2,2054,买盘
1049,13:34:51,10.27,0.01,399,409773,买盘
1050,13:34:48,10.26,-0.01,230,235980,卖盘
1051,13:34:45,10.27,--,3,3081,买盘
1052,13:34:42,10.27,0.01,8,8216,买盘
1053,13:34:36,10.26,--,200,205200,卖盘
1054,13:34:33,10.26,-0.01,22,22572,卖盘
1055,13:34:30,10.27,--,23,23621,买盘
1056,13:34:27,10.27,0.01,401,411827,买盘
1057,13:34:21,10.26,-0.01,83,86142,卖盘
1058,13:34:18,10.27,--,8,8216,买盘
1059,13:34:15,10.27,0.01,380,390260,买盘
1060,13:34:09,10.26,--,20,20520,卖盘
1061,13:34:06,10.26,--,105,107730,卖盘
1062,13:34:00,10.26,--,15,15390,卖盘
1063,13:33:48,10.26,-0.01,4,4104,卖盘
1064,13:33:45,10.27,--,480,492960,买盘
1065,13:33:39,10.27,--,50,51350,买盘
1066,13:33:36,10.27,0.01,15,15405,买盘
1067,13:33:24,10.26,--,35,35910,卖盘
1068,13:33:21,10.26,-0.01,40,41040,卖盘
1069,13:33:18,10.27,--,79,81133,买盘
1070,13:33:09,10.27,0.01,12,12324,买盘
1071,13:33:06,10.26,-0.01,13,13338,卖盘
1072,13:33:03,10.27,--,38,39026,买盘
1073,13:32:54,10.27,--,10,10270,买盘
1074,13:32:51,10.27,0.01,5,5135,买盘
1075,13:32:48,10.26,-0.01,4,4104,卖盘
1076,13:32:45,10.27,--,10,10270,买盘
1077,13:32:36,10.27,--,100,102700,买盘
1078,13:32:33,10.27,--,4,4108,买盘
1079,13:32:21,10.27,0.01,100,102700,买盘
1080,13:32:12,10.26,-0.01,2,2052,卖盘
1081,13:32:00,10.27,--,8,8216,买盘
1082,13:31:57,10.27,--,151,155077,买盘
1083,13:31:54,10.27,--,100,102700,买盘
1084,13:31:51,10.27,0.01,52,53404,买盘
1085,13:31:48,10.26,--,3,3078,卖盘
1086,13:31:45,10.26,--,91,93366,卖盘
1087,13:31:39,10.26,-0.01,5,5130,卖盘
1088,13:31:33,10.27,--,40,41080,买盘
1089,13:31:15,10.27,0.01,80,82160,买盘
1090,13:31:12,10.26,-0.01,100,102600,卖盘
1091,13:31:03,10.27,--,3,3081,买盘
1092,13:31:00,10.27,0.01,46,47242,买盘
1093,13:30:51,10.26,--,7,7182,卖盘
1094,13:30:48,10.26,--,4,4104,卖盘
1095,13:30:45,10.26,-0.01,8,8208,卖盘
1096,13:30:33,10.27,0.01,29,29783,买盘
1097,13:30:30,10.26,--,4,4104,卖盘
1098,13:30:27,10.26,--,26,26676,卖盘
1099,13:30:18,10.26,--,10,10260,卖盘
1100,13:30:09,10.26,--,20,20745,卖盘
1101,13:29:48,10.26,-0.01,17,17442,卖盘
1102,13:29:45,10.27,--,20,20540,买盘
1103,13:29:39,10.27,--,25,25675,买盘
1104,13:29:36,10.27,--,5,5135,买盘
1105,13:29:27,10.27,--,100,102700,买盘
1106,13:29:18,10.27,0.01,10,10270,买盘
1107,13:29:15,10.26,-0.01,220,225720,卖盘
1108,13:29:06,10.27,--,6,6162,买盘
1109,13:28:51,10.27,0.01,30,30810,买盘
1110,13:28:48,10.26,-0.01,3,3078,卖盘
1111,13:28:39,10.27,0.01,2,2054,买盘
1112,13:28:30,10.26,-0.01,15,15390,卖盘
1113,13:28:12,10.27,0.01,10,10270,买盘
1114,13:28:09,10.26,-0.01,1,1026,卖盘
1115,13:28:00,10.27,--,31,31837,买盘
1116,13:27:51,10.27,0.01,10,10270,买盘
1117,13:27:48,10.26,-0.01,4,4104,卖盘
1118,13:27:45,10.27,0.01,4,4108,买盘
1119,13:27:21,10.26,--,24,24624,卖盘
1120,13:27:09,10.26,--,1,1026,卖盘
1121,13:27:00,10.26,--,1,1026,卖盘
1122,13:26:51,10.26,--,10,10260,卖盘
1123,13:26:48,10.26,-0.01,4,4104,卖盘
1124,13:26:42,10.27,0.01,5,5135,买盘
1125,13:26:39,10.26,--,8,8208,卖盘
1126,13:26:27,10.26,-0.01,10,10260,卖盘
1127,13:26:24,10.27,--,10,10270,买盘
1128,13:26:21,10.27,--,51,52377,买盘
1129,13:26:18,10.27,--,51,52377,买盘
1130,13:26:15,10.27,--,10,10270,买盘
1131,13:26:12,10.27,0.01,105,107835,买盘
1132,13:26:03,10.26,-0.01,79,81054,卖盘
1133,13:26:00,10.27,--,9,9243,买盘
1134,13:25:57,10.27,0.01,1000,1027000,买盘
1135,13:25:54,10.26,--,10,10260,卖盘
1136,13:25:51,10.26,--,64,65664,卖盘
1137,13:25:48,10.26,--,40,41040,卖盘
1138,13:25:39,10.26,--,236,242136,卖盘
1139,13:25:36,10.26,-0.01,62,63612,卖盘
1140,13:25:30,10.27,--,102,104754,买盘
1141,13:25:27,10.27,0.01,160,164320,买盘
1142,13:25:24,10.26,-0.01,56,57456,卖盘
1143,13:25:21,10.27,0.01,30,30810,买盘
1144,13:25:18,10.26,-0.01,42,43092,卖盘
1145,13:25:15,10.27,--,10,10270,买盘
1146,13:25:12,10.27,--,10,10270,买盘
1147,13:25:09,10.27,--,38,39026,买盘
1148,13:25:06,10.27,--,2,2054,买盘
1149,13:25:03,10.27,--,1,1027,买盘
1150,13:24:51,10.27,--,131,134537,买盘
1151,13:24:48,10.27,--,402,412854,买盘
1152,13:24:45,10.27,--,12,12324,买盘
1153,13:24:39,10.27,0.01,1000,1027000,买盘
1154,13:24:33,10.26,--,6,6156,卖盘
1155,13:24:27,10.26,-0.01,15,15390,卖盘
1156,13:24:21,10.27,0.01,778,799006,买盘
1157,13:24:09,10.26,-0.01,30,30780,卖盘
1158,13:23:51,10.27,0.01,100,102700,买盘
1159,13:23:48,10.26,-0.01,104,106704,卖盘
1160,13:23:45,10.27,0.01,12,12324,买盘
1161,13:23:39,10.26,-0.01,15,15390,卖盘
1162,13:23:36,10.27,--,1,1027,买盘
1163,13:23:33,10.27,--,10,10270,买盘
1164,13:23:27,10.27,--,50,51350,买盘
1165,13:23:12,10.27,0.01,5,5135,买盘
1166,13:23:09,10.26,-0.01,4,4104,卖盘
1167,13:23:06,10.27,--,10,10270,买盘
1168,13:23:00,10.27,0.01,3,3081,买盘
1169,13:22:48,10.26,-0.01,4,4104,卖盘
1170,13:22:45,10.27,0.01,23,23621,买盘
1171,13:22:39,10.26,--,4,4104,卖盘
1172,13:22:36,10.26,-0.01,1,1026,卖盘
1173,13:22:21,10.27,--,200,205400,买盘
1174,13:22:12,10.27,0.01,10,10270,买盘
1175,13:22:09,10.26,--,4,4104,卖盘
1176,13:22:06,10.26,-0.01,10,10260,卖盘
1177,13:22:03,10.27,--,1,1027,买盘
1178,13:21:57,10.27,0.01,2,2054,买盘
1179,13:21:54,10.26,--,16,16416,卖盘
1180,13:21:48,10.26,-0.01,38,38988,卖盘
1181,13:21:45,10.27,--,18,18486,买盘
1182,13:21:39,10.27,--,5,5135,买盘
1183,13:21:36,10.27,--,17,17459,买盘
1184,13:21:30,10.27,--,2,2054,买盘
1185,13:21:27,10.27,--,10,10270,买盘
1186,13:21:15,10.27,--,48,49296,卖盘
1187,13:21:12,10.27,--,57,58539,买盘
1188,13:21:09,10.27,0.01,17,17459,买盘
1189,13:21:06,10.26,-0.01,17,17442,卖盘
1190,13:21:03,10.27,--,354,363558,卖盘
1191,13:21:00,10.27,--,45,46215,卖盘
1192,13:20:48,10.27,--,4,4108,卖盘
1193,13:20:45,10.27,--,1,1027,卖盘
1194,13:20:39,10.27,-0.01,4,4108,卖盘
1195,13:20:24,10.28,0.01,1,1028,买盘
1196,13:20:15,10.27,0.01,13,13351,卖盘
1197,13:20:09,10.26,-0.01,248,254448,卖盘
1198,13:19:48,10.27,--,4,4108,卖盘
1199,13:19:39,10.27,--,4,4108,卖盘
1200,13:19:36,10.27,--,44,45547,买盘
1201,13:19:21,10.27,--,48,49296,买盘
1202,13:19:12,10.27,0.01,4,4108,买盘
1203,13:19:06,10.26,-0.01,14,14364,卖盘
1204,13:19:03,10.27,--,31,31837,买盘
1205,13:19:00,10.27,--,435,447412,卖盘
1206,13:18:57,10.27,--,6,6162,卖盘
1207,13:18:51,10.27,--,50,51350,卖盘
1208,13:18:48,10.27,--,4,4108,卖盘
1209,13:18:36,10.27,--,4,4108,卖盘
1210,13:18:30,10.27,--,3000,3081000,卖盘
1211,13:18:24,10.27,--,18,18486,卖盘
1212,13:18:15,10.27,-0.01,64,65728,卖盘
1213,13:18:09,10.28,--,65,66820,买盘
1214,13:18:00,10.28,--,1,1028,买盘
1215,13:17:54,10.28,0.01,19,19532,买盘
1216,13:17:48,10.27,-0.01,6,6162,卖盘
1217,13:17:30,10.28,0.01,6,6168,买盘
1218,13:17:21,10.27,-0.01,62,63674,卖盘
1219,13:17:09,10.28,0.01,20,20560,买盘
1220,13:17:03,10.27,--,24,24648,卖盘
1221,13:16:54,10.27,-0.01,30,30810,卖盘
1222,13:16:51,10.28,0.01,20,20560,买盘
1223,13:16:48,10.27,-0.01,4,4108,卖盘
1224,13:16:45,10.28,--,134,137752,买盘
1225,13:16:36,10.28,--,11,11308,买盘
1226,13:16:27,10.28,--,1,1028,买盘
1227,13:16:21,10.28,--,9,9252,买盘
1228,13:16:15,10.28,--,279,287079,卖盘
1229,13:16:12,10.28,-0.01,27,27756,卖盘
1230,13:16:06,10.29,--,1344,1382976,买盘
1231,13:16:00,10.29,0.01,16,16464,买盘
1232,13:15:51,10.28,--,2,2056,卖盘
1233,13:15:48,10.28,-0.01,4,4112,卖盘
1234,13:15:39,10.29,--,1,1029,买盘
1235,13:15:33,10.29,--,2,2058,买盘
1236,13:15:21,10.29,0.01,153,157437,买盘
1237,13:15:12,10.28,-0.01,30,30839,卖盘
1238,13:15:06,10.29,0.01,2,2058,买盘
1239,13:14:57,10.28,--,19,19532,卖盘
1240,13:14:51,10.28,--,9,9252,卖盘
1241,13:14:45,10.28,--,5,5140,卖盘
1242,13:14:42,10.28,--,64,65792,卖盘
1243,13:14:39,10.28,--,40,41120,卖盘
1244,13:14:30,10.28,-0.01,76,78128,卖盘
1245,13:14:21,10.29,0.01,50,51449,买盘
1246,13:14:03,10.28,--,258,265224,卖盘
1247,13:13:51,10.28,--,10,10280,卖盘
1248,13:13:48,10.28,-0.01,3,3084,卖盘
1249,13:13:45,10.29,--,3,3086,买盘
1250,13:13:39,10.29,0.01,38,39102,买盘
1251,13:13:36,10.28,-0.01,32,32896,卖盘
1252,13:13:24,10.29,0.01,6,6173,买盘
1253,13:13:21,10.28,-0.01,5,5140,卖盘
1254,13:13:03,10.29,--,22,22637,买盘
1255,13:13:00,10.29,--,5,5145,买盘
1256,13:12:54,10.29,--,1,1029,买盘
1257,13:12:48,10.29,--,9,9261,买盘
1258,13:12:36,10.29,--,140,144060,买盘
1259,13:12:21,10.29,--,1,1029,买盘
1260,13:12:09,10.29,--,20,20580,买盘
1261,13:11:57,10.29,0.01,19,19551,买盘
1262,13:11:48,10.28,--,27,27756,卖盘
1263,13:11:45,10.28,--,2,2056,卖盘
1264,13:11:39,10.28,--,4,4112,卖盘
1265,13:11:36,10.28,--,270,277560,卖盘
1266,13:11:33,10.28,--,70,71960,卖盘
1267,13:11:27,10.28,--,40,41120,卖盘
1268,13:11:21,10.28,--,12,12336,卖盘
1269,13:10:57,10.28,--,34,34952,卖盘
1270,13:10:51,10.28,--,125,129260,买盘
1271,13:10:48,10.28,--,223,229244,买盘
1272,13:10:45,10.28,--,97,99716,买盘
1273,13:10:42,10.28,--,135,138780,买盘
1274,13:10:39,10.28,--,474,487271,买盘
1275,13:10:36,10.28,--,12,12336,买盘
1276,13:10:33,10.28,--,1,1028,买盘
1277,13:10:27,10.28,--,350,359800,买盘
1278,13:10:18,10.28,--,50,51400,买盘
1279,13:10:15,10.28,--,400,411200,买盘
1280,13:10:03,10.28,--,6,6168,买盘
1281,13:09:54,10.28,--,4,4112,买盘
1282,13:09:51,10.28,--,55,56540,买盘
1283,13:09:48,10.28,--,14,14392,买盘
1284,13:09:36,10.28,--,39,40092,买盘
1285,13:09:30,10.28,--,203,208684,买盘
1286,13:09:27,10.28,--,51,52428,买盘
1287,13:09:06,10.28,--,20,20560,买盘
1288,13:08:51,10.28,--,200,205600,买盘
1289,13:08:48,10.28,--,606,622968,买盘
1290,13:08:33,10.28,--,10,10280,买盘
1291,13:08:24,10.28,0.01,300,308400,买盘
1292,13:08:15,10.27,-0.01,10,10270,卖盘
1293,13:08:12,10.28,--,2,2056,买盘
1294,13:08:00,10.28,--,1,1028,买盘
1295,13:07:57,10.28,--,31,31867,买盘
1296,13:07:51,10.28,0.01,6,6168,买盘
1297,13:07:48,10.27,-0.01,4,4108,卖盘
1298,13:07:30,10.28,--,35,35980,买盘
1299,13:07:27,10.28,0.01,70,71960,买盘
1300,13:07:15,10.27,-0.01,1975,2028325,卖盘
1301,13:07:09,10.28,0.01,2,2056,买盘
1302,13:07:06,10.27,--,19,19513,卖盘
1303,13:06:57,10.27,--,14,14378,卖盘
1304,13:06:48,10.27,-0.01,3,3081,卖盘
1305,13:06:42,10.28,--,100,102800,买盘
1306,13:06:30,10.28,--,300,308400,买盘
1307,13:06:27,10.28,--,200,205600,买盘
1308,13:06:12,10.28,--,100,102800,买盘
1309,13:06:03,10.28,0.01,10,10280,买盘
1310,13:05:57,10.27,--,5,5135,卖盘
1311,13:05:48,10.27,-0.01,4,4108,卖盘
1312,13:05:45,10.28,0.01,1,1028,买盘
1313,13:05:33,10.27,--,5,5135,卖盘
1314,13:05:24,10.27,-0.01,312,320424,卖盘
1315,13:05:12,10.28,--,221,227188,买盘
1316,13:05:00,10.28,--,12,12336,买盘
1317,13:04:57,10.28,--,5,5140,买盘
1318,13:04:54,10.28,0.01,10,10280,买盘
1319,13:04:48,10.27,-0.01,4,4108,卖盘
1320,13:04:39,10.28,--,85,87380,买盘
1321,13:04:30,10.28,--,10,10280,买盘
1322,13:04:27,10.28,--,10,10280,买盘
1323,13:04:18,10.28,0.01,10,10280,买盘
1324,13:04:15,10.27,-0.01,3,3081,卖盘
1325,13:04:12,10.28,--,1,1028,买盘
1326,13:03:57,10.28,--,10,10280,买盘
1327,13:03:51,10.28,0.01,40,41120,买盘
1328,13:03:48,10.27,-0.01,3,3081,卖盘
1329,13:03:45,10.28,--,1,1028,买盘
1330,13:03:30,10.28,--,12,12336,买盘
1331,13:03:27,10.28,--,10,10280,买盘
1332,13:03:21,10.28,--,12,12603,卖盘
1333,13:03:15,10.28,--,2,2816,买盘
1334,13:02:51,10.28,--,17,17743,卖盘
1335,13:02:48,10.28,--,4,4112,卖盘
1336,13:02:45,10.28,--,28,29544,买盘
1337,13:02:30,10.28,--,200,205600,买盘
1338,13:02:21,10.28,--,1,1028,买盘
1339,13:02:18,10.28,--,10,10280,买盘
1340,13:02:15,10.28,0.01,10,10280,买盘
1341,13:02:00,10.27,--,21,21567,卖盘
1342,13:01:48,10.27,-0.01,4,4108,卖盘
1343,13:01:39,10.28,--,785,807247,卖盘
1344,13:01:18,10.28,--,5,5140,卖盘
1345,13:01:15,10.28,--,794,816468,卖盘
1346,13:01:12,10.28,--,14,14392,卖盘
1347,13:01:06,10.28,--,19,19532,卖盘
1348,13:01:03,10.28,--,28,28784,卖盘
1349,13:00:57,10.28,--,38,39064,卖盘
1350,13:00:51,10.28,--,14,14392,卖盘
1351,13:00:48,10.28,-0.01,27,27756,卖盘
1352,13:00:45,10.29,--,9,9261,买盘
1353,13:00:33,10.29,--,20,20580,买盘
1354,13:00:21,10.29,--,14,14405,买盘
1355,13:00:15,10.29,--,10,10290,买盘
1356,13:00:12,10.29,--,3,3086,买盘
1357,13:00:09,10.29,--,1550,1594949,买盘
1358,13:00:06,10.29,--,391,402338,买盘
1359,13:00:03,10.29,--,288,297164,买盘
1360,13:00:00,10.29,--,0,0,买盘
1361,11:30:00,10.29,--,2,2058,买盘
1362,11:29:57,10.29,0.01,3,3086,买盘
1363,11:29:51,10.28,-0.01,100,102800,卖盘
1364,11:29:48,10.29,--,8,8232,买盘
1365,11:29:27,10.29,--,40,41160,买盘
1366,11:29:21,10.29,--,2,2058,买盘
1367,11:29:12,10.29,0.01,2,2058,买盘
1368,11:29:03,10.28,--,659,678192,买盘
1369,11:29:00,10.28,--,2,2056,买盘
1370,11:28:51,10.28,--,3,3084,买盘
1371,11:28:48,10.28,--,14,14392,买盘
1372,11:28:45,10.28,0.01,200,205600,买盘
1373,11:28:42,10.27,-0.01,500,513500,卖盘
1374,11:28:36,10.28,--,251,258027,买盘
1375,11:28:33,10.28,--,12,12336,买盘
1376,11:28:24,10.28,--,31,31867,买盘
1377,11:28:21,10.28,--,2,2056,买盘
1378,11:28:18,10.28,--,3,3084,买盘
1379,11:28:15,10.28,-0.01,588,604751,卖盘
1380,11:28:03,10.29,0.01,32,32928,买盘
1381,11:27:48,10.28,-0.01,4,4112,卖盘
1382,11:27:45,10.29,--,13,13376,买盘
1383,11:27:39,10.29,--,3,3086,买盘
1384,11:27:21,10.29,--,52,53507,买盘
1385,11:27:12,10.29,--,2,2058,买盘
1386,11:27:03,10.29,--,2,2058,买盘
1387,11:27:00,10.29,0.01,30,30869,买盘
1388,11:26:57,10.28,-0.01,80,82240,卖盘
1389,11:26:48,10.29,0.01,5,5145,买盘
1390,11:26:36,10.28,--,222,228956,买盘
1391,11:26:27,10.28,--,50,51400,买盘
1392,11:26:24,10.28,--,5,5140,买盘
1393,11:26:21,10.28,--,16,16448,买盘
1394,11:26:15,10.28,--,4,4112,买盘
1395,11:26:12,10.28,--,10,10280,买盘
1396,11:26:06,10.28,--,12,12336,买盘
1397,11:26:03,10.28,--,115,118219,买盘
1398,11:25:57,10.28,--,2,2056,买盘
1399,11:25:51,10.28,0.01,3,3084,买盘
1400,11:25:48,10.27,-0.01,4,4108,卖盘
1401,11:25:45,10.28,--,1,1028,买盘
1402,11:25:42,10.28,-0.01,695,714747,卖盘
1403,11:25:39,10.29,--,1,1029,买盘
1404,11:25:30,10.29,--,222,228437,买盘
1405,11:25:27,10.29,0.01,2,2058,买盘
1406,11:25:21,10.28,-0.01,5,5140,卖盘
1407,11:25:09,10.29,--,45,46304,买盘
1408,11:25:00,10.29,--,3,3086,买盘
1409,11:24:51,10.29,--,10,10290,买盘
1410,11:24:48,10.29,0.01,96,98783,买盘
1411,11:24:39,10.28,-0.01,12,12336,卖盘
1412,11:24:36,10.29,0.01,2,2058,买盘
1413,11:24:27,10.28,-0.01,60,61679,卖盘
1414,11:24:24,10.29,0.01,3,3086,买盘
1415,11:24:21,10.28,--,3,3084,卖盘
1416,11:24:18,10.28,-0.01,13,13364,卖盘
1417,11:24:06,10.29,0.01,2,2058,买盘
1418,11:23:54,10.28,--,50,52140,买盘
1419,11:23:51,10.28,0.01,2,2056,买盘
1420,11:23:48,10.27,-0.01,4,4108,卖盘
1421,11:23:45,10.28,--,10,10280,买盘
1422,11:23:42,10.28,--,13,13364,买盘
1423,11:23:39,10.28,--,47,48316,买盘
1424,11:23:30,10.28,--,2,2056,买盘
1425,11:23:27,10.28,0.01,226,232328,买盘
1426,11:23:24,10.27,-0.01,3,3081,卖盘
1427,11:23:21,10.28,--,10,10280,买盘
1428,11:23:18,10.28,--,2,2056,买盘
1429,11:23:15,10.28,--,100,102800,买盘
1430,11:23:09,10.28,--,2,2056,买盘
1431,11:23:03,10.28,--,38,39064,买盘
1432,11:23:00,10.28,--,7,7196,买盘
1433,11:22:57,10.28,--,21,21588,买盘
1434,11:22:54,10.28,0.01,3,3084,买盘
1435,11:22:48,10.27,-0.01,3,3081,卖盘
1436,11:22:42,10.28,--,2,2056,买盘
1437,11:22:36,10.28,--,603,619884,买盘
1438,11:22:27,10.28,--,78,80184,买盘
1439,11:22:21,10.28,--,32,32896,买盘
1440,11:22:15,10.28,--,5,5140,买盘
1441,11:22:09,10.28,--,3,3084,买盘
1442,11:21:57,10.28,--,3,3084,买盘
1443,11:21:54,10.28,--,1,1028,买盘
1444,11:21:51,10.28,--,138,141864,买盘
1445,11:21:48,10.28,--,6,6168,买盘
1446,11:21:36,10.28,0.01,2,2056,买盘
1447,11:21:24,10.27,-0.01,7,7189,卖盘
1448,11:21:18,10.28,--,3,3084,买盘
1449,11:21:12,10.28,--,121,124387,买盘
1450,11:21:09,10.28,--,99,102059,卖盘
1451,11:20:57,10.28,0.01,189,195032,买盘
1452,11:20:48,10.27,-0.01,14,14378,卖盘
1453,11:20:45,10.28,--,66,67848,买盘
1454,11:20:42,10.28,--,2,2056,买盘
1455,11:20:36,10.28,--,6,6168,买盘
1456,11:20:33,10.28,--,13,13364,买盘
1457,11:20:30,10.28,--,8,8224,买盘
1458,11:20:27,10.28,--,2,2056,买盘
1459,11:20:18,10.28,--,2,2056,买盘
1460,11:20:09,10.28,--,2,2056,买盘
1461,11:20:03,10.28,--,2,2056,买盘
1462,11:20:00,10.28,--,18,18504,买盘
1463,11:19:57,10.28,0.01,1,1028,买盘
1464,11:19:54,10.27,-0.01,10,10270,卖盘
1465,11:19:51,10.28,0.01,2,2056,买盘
1466,11:19:48,10.27,--,3,3081,卖盘
1467,11:19:45,10.27,-0.01,134,137618,卖盘
1468,11:19:39,10.28,0.01,4,4112,买盘
1469,11:19:33,10.27,--,400,410800,卖盘
1470,11:19:24,10.27,-0.01,35,35945,卖盘
1471,11:19:21,10.28,--,3,3084,买盘
1472,11:19:18,10.28,--,2,2056,买盘
1473,11:19:09,10.28,--,10,10280,买盘
1474,11:19:03,10.28,--,11,11308,买盘
1475,11:19:00,10.28,--,9,9252,买盘
1476,11:18:57,10.28,--,231,237755,卖盘
1477,11:18:54,10.28,--,25,26440,买盘
1478,11:18:48,10.28,--,7,7196,买盘
1479,11:18:45,10.28,--,104,106912,买盘
1480,11:18:42,10.28,--,61,62707,买盘
1481,11:18:33,10.28,--,2,2056,买盘
1482,11:18:30,10.28,--,2,2056,买盘
1483,11:18:15,10.28,--,2,2056,买盘
1484,11:18:06,10.28,--,300,308400,买盘
1485,11:18:00,10.28,--,9,9252,买盘
1486,11:17:54,10.28,0.01,127,130555,买盘
1487,11:17:48,10.27,-0.01,4,4108,卖盘
1488,11:17:39,10.28,0.01,26,26728,买盘
1489,11:17:36,10.27,-0.01,64,65728,卖盘
1490,11:17:30,10.28,--,20,20560,买盘
1491,11:17:24,10.28,--,22,22616,买盘
1492,11:17:15,10.28,--,3,3084,买盘
1493,11:17:03,10.28,--,148,152144,买盘
1494,11:17:00,10.28,0.01,4,4112,买盘
1495,11:16:54,10.27,-0.01,64,65728,卖盘
1496,11:16:48,10.28,--,7,7196,买盘
1497,11:16:45,10.28,--,150,154200,买盘
1498,11:16:42,10.28,0.01,6,6168,买盘
1499,11:16:33,10.27,-0.01,2,2054,卖盘
1500,11:16:30,10.28,--,75,77100,买盘
1501,11:16:27,10.28,--,4,4112,买盘
1502,11:16:18,10.28,--,20,20560,买盘
1503,11:16:12,10.28,--,48,49344,买盘
1504,11:16:09,10.28,--,2,2056,买盘
1505,11:16:03,10.28,--,10,10280,买盘
1506,11:16:00,10.28,--,2,2056,买盘
1507,11:15:57,10.28,0.01,2,2056,买盘
1508,11:15:54,10.27,--,54,55458,卖盘
1509,11:15:48,10.27,-0.01,19,19513,卖盘
1510,11:15:45,10.28,--,34,34952,买盘
1511,11:15:42,10.28,0.01,57,58595,买盘
1512,11:15:39,10.27,-0.01,43,44161,卖盘
1513,11:15:33,10.28,--,10,10280,买盘
1514,11:15:30,10.28,--,2,2056,买盘
1515,11:15:27,10.28,--,30,30839,买盘
1516,11:15:24,10.28,0.01,23,23644,买盘
1517,11:15:18,10.27,--,12,12324,卖盘
1518,11:15:15,10.27,-0.01,1,1027,卖盘
1519,11:15:09,10.28,--,17,17476,买盘
1520,11:15:06,10.28,--,18,18504,买盘
1521,11:15:03,10.28,--,100,102800,买盘
1522,11:14:57,10.28,--,3,3084,买盘
1523,11:14:51,10.28,0.01,6,6168,买盘
1524,11:14:48,10.27,--,241,247507,卖盘
1525,11:14:45,10.27,-0.01,6,6162,卖盘
1526,11:14:42,10.28,--,1,1028,买盘
1527,11:14:33,10.28,0.01,2,2056,买盘
1528,11:14:24,10.27,--,15,15405,卖盘
1529,11:14:21,10.27,--,1164,1195787,买盘
1530,11:14:18,10.27,0.01,336,345072,买盘
1531,11:14:15,10.26,-0.01,15,15390,卖盘
1532,11:14:12,10.27,--,2,2054,买盘
1533,11:14:06,10.27,0.01,105,107835,买盘
1534,11:14:03,10.26,-0.01,50,51300,卖盘
1535,11:14:00,10.27,--,5,5135,买盘
1536,11:13:57,10.27,--,195,200265,买盘
1537,11:13:54,10.27,--,3,3081,买盘
1538,11:13:51,10.27,0.01,34,34918,买盘
1539,11:13:48,10.26,--,64,65664,卖盘
1540,11:13:45,10.26,-0.01,365,374490,卖盘
1541,11:13:42,10.27,--,80,82160,买盘
1542,11:13:39,10.27,--,100,102700,买盘
1543,11:13:36,10.27,--,40,41080,买盘
1544,11:13:24,10.27,--,2,2054,买盘
1545,11:13:21,10.27,--,7,7189,买盘
1546,11:13:15,10.27,--,14,14378,买盘
1547,11:13:12,10.27,--,97,99619,买盘
1548,11:13:09,10.27,--,103,105781,买盘
1549,11:13:06,10.27,--,5,5135,买盘
1550,11:13:00,10.27,-0.01,14,14573,卖盘
1551,11:12:54,10.28,--,656,674368,买盘
1552,11:12:51,10.28,--,87,89436,买盘
1553,11:12:48,10.28,--,2,2056,买盘
1554,11:12:45,10.28,0.01,14,14392,买盘
1555,11:12:42,10.27,--,13,13351,卖盘
1556,11:12:39,10.27,--,64,65728,卖盘
1557,11:12:36,10.27,-0.01,20,20540,卖盘
1558,11:12:33,10.28,--,496,509887,买盘
1559,11:12:30,10.28,0.01,30,30839,买盘
1560,11:12:24,10.27,--,31,31837,卖盘
1561,11:12:21,10.27,-0.01,124,127348,卖盘
1562,11:12:18,10.28,--,10,10280,买盘
1563,11:12:12,10.28,0.01,10,10280,买盘
1564,11:12:09,10.27,--,430,441610,卖盘
1565,11:12:06,10.27,-0.01,1,1027,卖盘
1566,11:12:00,10.28,--,5,5140,买盘
1567,11:11:57,10.28,0.01,5,5140,买盘
1568,11:11:54,10.27,-0.01,69,70863,卖盘
1569,11:11:51,10.28,--,10,10280,买盘
1570,11:11:48,10.28,0.01,20,20560,买盘
1571,11:11:45,10.27,-0.01,14,14378,卖盘
1572,11:11:39,10.28,--,31,31867,买盘
1573,11:11:36,10.28,--,5,5140,买盘
1574,11:11:27,10.28,--,21,21588,买盘
1575,11:11:24,10.28,--,12,12336,买盘
1576,11:11:21,10.28,--,10,10280,买盘
1577,11:11:18,10.28,-0.01,632,649747,卖盘
1578,11:11:15,10.29,--,10,10290,买盘
1579,11:11:06,10.29,--,2,2058,买盘
1580,11:11:03,10.29,--,19,19551,买盘
1581,11:11:00,10.29,0.01,5,5145,买盘
1582,11:10:57,10.28,--,45,46260,卖盘
1583,11:10:51,10.28,--,4,4112,卖盘
1584,11:10:48,10.28,-0.01,331,340268,卖盘
1585,11:10:45,10.29,0.01,53,54536,买盘
1586,11:10:33,10.28,-0.01,1,1028,卖盘
1587,11:10:24,10.29,0.01,52,53507,买盘
1588,11:10:12,10.28,--,10,10280,卖盘
1589,11:10:06,10.28,--,20,20560,卖盘
1590,11:10:00,10.28,--,1,1028,卖盘
1591,11:09:57,10.28,0.01,428,440960,买盘
1592,11:09:51,10.27,--,46,47242,卖盘
1593,11:09:48,10.27,-0.01,4,4108,卖盘
1594,11:09:45,10.28,0.01,8,8224,买盘
1595,11:09:39,10.27,-0.01,320,328640,卖盘
1596,11:09:33,10.28,--,50,51400,买盘
1597,11:09:30,10.28,--,23,23644,买盘
1598,11:09:21,10.28,--,88,90515,卖盘
1599,11:09:12,10.28,--,15,15419,卖盘
1600,11:09:09,10.28,--,1002,1030055,卖盘
1601,11:09:06,10.28,-0.01,345,354660,卖盘
1602,11:09:03,10.29,0.01,8,8232,买盘
1603,11:08:51,10.28,--,64,65792,卖盘
1604,11:08:48,10.28,-0.01,3,3084,卖盘
1605,11:08:45,10.29,0.01,2,2058,买盘
1606,11:08:42,10.28,-0.01,19,19532,卖盘
1607,11:08:39,10.29,--,2,2058,买盘
1608,11:08:36,10.29,--,2,2058,买盘
1609,11:08:33,10.29,--,20,20580,买盘
1610,11:08:24,10.29,--,3,3086,买盘
1611,11:08:18,10.29,0.01,2,2058,买盘
1612,11:08:15,10.28,--,19,19532,卖盘
1613,11:08:12,10.28,-0.01,100,102800,卖盘
1614,11:08:09,10.29,0.01,2,2058,买盘
1615,11:08:00,10.28,-0.01,19,19532,卖盘
1616,11:07:57,10.29,--,8,8232,买盘
1617,11:07:54,10.29,0.01,69,71001,买盘
1618,11:07:48,10.28,-0.01,4,4112,卖盘
1619,11:07:36,10.29,--,10,10290,买盘
1620,11:07:24,10.29,--,202,207857,买盘
1621,11:07:21,10.29,0.01,2,2058,买盘
1622,11:07:18,10.28,-0.01,300,308400,卖盘
1623,11:07:15,10.29,--,45,46304,买盘
1624,11:07:09,10.29,--,10,10290,买盘
1625,11:07:06,10.29,--,12,12347,买盘
1626,11:06:57,10.29,0.01,2,2058,买盘
1627,11:06:51,10.28,-0.01,4,4112,卖盘
1628,11:06:45,10.29,0.01,2,2058,买盘
1629,11:06:42,10.28,--,30,30839,卖盘
1630,11:06:39,10.28,--,1,1028,卖盘
1631,11:06:36,10.28,--,2,2056,卖盘
1632,11:06:33,10.28,--,112,116112,买盘
1633,11:06:30,10.28,--,20,20560,买盘
1634,11:06:24,10.28,--,25,25700,买盘
1635,11:06:21,10.28,--,52,53456,买盘
1636,11:06:15,10.28,0.01,1,1028,买盘
1637,11:06:09,10.27,--,61,62647,卖盘
1638,11:06:06,10.27,-0.01,16,16432,卖盘
1639,11:06:03,10.28,--,30,30839,买盘
1640,11:06:00,10.28,--,117,120275,买盘
1641,11:05:57,10.28,--,2,2056,买盘
1642,11:05:51,10.28,--,4,4112,买盘
1643,11:05:48,10.28,--,24,24672,买盘
1644,11:05:42,10.28,--,16,16448,买盘
1645,11:05:39,10.28,0.01,28,28784,买盘
1646,11:05:36,10.27,-0.01,20,20540,卖盘
1647,11:05:33,10.28,--,1,1028,买盘
1648,11:05:30,10.28,--,70,71960,买盘
1649,11:05:27,10.28,--,73,75044,买盘
1650,11:05:21,10.28,--,2,2056,买盘
1651,11:05:15,10.28,--,161,165508,买盘
1652,11:05:12,10.28,--,129,132612,买盘
1653,11:05:09,10.28,--,125,128499,买盘
1654,11:05:06,10.28,--,7,7196,买盘
1655,11:05:03,10.28,0.01,72,74016,买盘
1656,11:05:00,10.27,--,43,44161,卖盘
1657,11:04:57,10.27,-0.01,110,112970,卖盘
1658,11:04:51,10.28,--,22,22616,买盘
1659,11:04:48,10.28,0.01,5,5140,买盘
1660,11:04:45,10.27,-0.01,53,54431,卖盘
1661,11:04:42,10.28,--,123,126443,买盘
1662,11:04:39,10.28,--,3,3084,买盘
1663,11:04:30,10.28,0.01,15,15419,买盘
1664,11:04:27,10.27,--,166,170482,卖盘
1665,11:04:24,10.27,--,8,8216,卖盘
1666,11:04:18,10.27,-0.01,11,11297,卖盘
1667,11:04:12,10.28,--,2,2056,买盘
1668,11:04:09,10.28,--,55,56540,买盘
1669,11:03:57,10.28,--,3,3084,买盘
1670,11:03:51,10.28,--,2,2056,买盘
1671,11:03:48,10.28,0.01,132,135696,买盘
1672,11:03:45,10.27,--,28,28756,卖盘
1673,11:03:42,10.27,--,50,51350,卖盘
1674,11:03:39,10.27,--,20,20540,卖盘
1675,11:03:36,10.27,-0.01,100,102700,卖盘
1676,11:03:30,10.28,0.01,4,4112,买盘
1677,11:03:27,10.27,--,189,194934,买盘
1678,11:03:24,10.27,--,285,292890,卖盘
1679,11:03:18,10.27,--,303,311181,卖盘
1680,11:03:15,10.27,--,8,8216,卖盘
1681,11:03:12,10.27,--,61,63478,买盘
1682,11:03:09,10.27,--,2,2054,买盘
1683,11:03:06,10.27,--,60,61620,买盘
1684,11:03:00,10.27,0.01,1,1027,买盘
1685,11:02:57,10.26,-0.01,164,168264,卖盘
1686,11:02:54,10.27,0.01,42,43134,买盘
1687,11:02:51,10.26,--,43,44118,卖盘
1688,11:02:48,10.26,--,4,4104,卖盘
1689,11:02:45,10.26,--,33,33858,卖盘
1690,11:02:42,10.26,-0.01,12,12312,卖盘
1691,11:02:39,10.27,0.01,35,35945,买盘
1692,11:02:36,10.26,-0.01,40,41040,卖盘
1693,11:02:33,10.27,--,20,20540,买盘
1694,11:02:30,10.27,--,20,20540,买盘
1695,11:02:27,10.27,0.01,3,3081,买盘
1696,11:02:21,10.26,-0.01,20,20520,卖盘
1697,11:02:15,10.27,--,161,165347,买盘
1698,11:02:06,10.27,--,8,8216,买盘
1699,11:02:03,10.27,0.01,113,116051,买盘
1700,11:02:00,10.26,-0.01,212,217512,卖盘
1701,11:01:51,10.27,0.01,202,207454,买盘
1702,11:01:48,10.26,-0.01,27,27702,卖盘
1703,11:01:45,10.27,0.02,2,2054,买盘
1704,11:01:42,10.25,-0.01,211,216275,卖盘
1705,11:01:39,10.26,--,400,410400,卖盘
1706,11:01:36,10.26,--,338,346788,卖盘
1707,11:01:33,10.26,--,6,6156,卖盘
1708,11:01:30,10.26,-0.01,401,411426,卖盘
1709,11:01:27,10.27,0.01,48,49296,买盘
1710,11:01:24,10.26,--,6,6156,卖盘
1711,11:01:21,10.26,-0.01,1545,1585170,卖盘
1712,11:01:18,10.27,--,15,15405,买盘
1713,11:01:15,10.27,-0.01,10,10270,中性盘
1714,11:01:06,10.28,0.01,255,262139,买盘
1715,11:01:03,10.27,--,267,274209,卖盘
1716,11:01:00,10.27,--,13,13351,卖盘
1717,11:00:57,10.27,-0.01,512,525824,卖盘
1718,11:00:54,10.28,--,18,18504,买盘
1719,11:00:51,10.28,0.01,246,252887,买盘
1720,11:00:48,10.27,--,545,559715,卖盘
1721,11:00:42,10.27,--,800,821600,卖盘
1722,11:00:39,10.27,--,64,65728,卖盘
1723,11:00:36,10.27,--,48,49296,卖盘
1724,11:00:33,10.27,--,430,441610,买盘
1725,11:00:30,10.27,--,325,333775,买盘
1726,11:00:27,10.27,0.01,12,12324,买盘
1727,11:00:24,10.26,-0.01,1015,1041390,卖盘
1728,11:00:21,10.27,--,120,123240,买盘
1729,11:00:18,10.27,0.01,120,123240,买盘
1730,11:00:15,10.26,--,128,131328,卖盘
1731,11:00:12,10.26,--,61,62586,卖盘
1732,11:00:09,10.26,--,54,55404,卖盘
1733,11:00:06,10.26,--,74,75924,卖盘
1734,11:00:03,10.26,--,781,801306,卖盘
1735,10:59:57,10.26,-0.01,25,25650,卖盘
1736,10:59:54,10.27,0.01,73,74971,买盘
1737,10:59:48,10.26,-0.01,54,55404,卖盘
1738,10:59:45,10.27,--,10,10270,买盘
1739,10:59:42,10.27,--,207,212589,买盘
1740,10:59:39,10.27,0.01,94,96538,买盘
1741,10:59:36,10.26,-0.01,129,132354,卖盘
1742,10:59:33,10.27,--,32,32864,买盘
1743,10:59:30,10.27,--,2,2054,买盘
1744,10:59:27,10.27,-0.01,33,33891,卖盘
1745,10:59:24,10.28,0.01,2,2056,买盘
1746,10:59:21,10.27,--,41,42107,卖盘
1747,10:59:18,10.27,--,7,7189,卖盘
1748,10:59:15,10.27,-0.01,19,19513,卖盘
1749,10:59:09,10.28,0.01,97,99716,买盘
1750,10:59:06,10.27,0.01,6,6162,卖盘
1751,10:59:03,10.26,-0.01,41,42066,卖盘
1752,10:59:00,10.27,--,80,82160,买盘
1753,10:58:57,10.27,--,135,138645,卖盘
1754,10:58:54,10.27,--,1,1027,卖盘
1755,10:58:48,10.27,--,4,4108,卖盘
1756,10:58:45,10.27,-0.01,158,162266,卖盘
1757,10:58:42,10.28,0.01,135,138780,买盘
1758,10:58:39,10.27,--,177,181779,卖盘
1759,10:58:36,10.27,-0.01,51,52377,卖盘
1760,10:58:33,10.28,--,585,601380,买盘
1761,10:58:27,10.28,0.01,2,2056,买盘
1762,10:58:21,10.27,--,333,341991,卖盘
1763,10:58:18,10.27,-0.01,300,308100,卖盘
1764,10:58:15,10.28,0.01,2,2056,买盘
1765,10:58:12,10.27,-0.01,20,20540,卖盘
1766,10:58:06,10.28,--,2,2056,买盘
1767,10:57:57,10.28,--,4,4112,买盘
1768,10:57:54,10.28,--,13,13364,买盘
1769,10:57:48,10.28,-0.01,287,295848,卖盘
1770,10:57:45,10.29,0.01,2,2058,买盘
1771,10:57:42,10.28,--,299,307587,卖盘
1772,10:57:39,10.28,-0.01,43,44204,卖盘
1773,10:57:36,10.29,--,2,2058,买盘
1774,10:57:27,10.29,0.01,22,22637,买盘
1775,10:57:21,10.28,--,100,102800,卖盘
1776,10:57:15,10.28,-0.01,28,28784,卖盘
1777,10:57:06,10.29,--,3,3086,买盘
1778,10:57:00,10.29,--,1,1029,买盘
1779,10:56:57,10.29,--,8,8232,买盘
1780,10:56:51,10.29,0.01,17,17493,买盘
1781,10:56:48,10.28,-0.01,4,4112,卖盘
1782,10:56:45,10.29,--,2,2058,买盘
1783,10:56:36,10.29,0.01,5,5145,买盘
1784,10:56:30,10.28,--,200,205600,卖盘
1785,10:56:27,10.28,-0.01,77,79156,卖盘
1786,10:56:24,10.29,0.01,50,51449,买盘
1787,10:56:21,10.28,-0.01,20,20560,卖盘
1788,10:56:18,10.29,--,2,2058,买盘
1789,10:56:12,10.29,0.01,52,53507,买盘
1790,10:56:00,10.28,-0.01,50,51400,卖盘
1791,10:55:54,10.29,0.01,23,23666,买盘
1792,10:55:48,10.28,-0.01,4,4112,卖盘
1793,10:55:42,10.29,0.01,408,419831,买盘
1794,10:55:36,10.28,--,27,27756,卖盘
1795,10:55:33,10.28,-0.01,1,1028,卖盘
1796,10:55:30,10.29,--,2,2058,买盘
1797,10:55:27,10.29,--,12,12347,买盘
1798,10:55:18,10.29,--,7,7202,买盘
1799,10:55:12,10.29,0.01,2,2058,买盘
1800,10:54:57,10.28,--,391,401948,买盘
1801,10:54:54,10.28,0.01,4,4112,买盘
1802,10:54:51,10.27,-0.01,21,21567,卖盘
1803,10:54:48,10.28,--,27,27756,买盘
1804,10:54:42,10.28,--,121,124387,买盘
1805,10:54:36,10.28,--,2,2056,买盘
1806,10:54:33,10.28,--,2,2056,买盘
1807,10:54:24,10.28,0.01,2,2056,买盘
1808,10:54:21,10.27,-0.01,34,34918,买盘
1809,10:54:12,10.28,0.02,3,3084,买盘
1810,10:54:09,10.26,-0.02,40,41040,卖盘
1811,10:54:00,10.28,0.02,25,25700,买盘
1812,10:53:57,10.26,--,9,9234,卖盘
1813,10:53:48,10.26,0.02,16,16416,中性盘
1814,10:53:39,10.24,-0.04,24,24576,卖盘
1815,10:53:36,10.28,0.04,1,1028,中性盘
1816,10:53:33,10.24,-0.01,114,116736,卖盘
1817,10:53:30,10.25,--,936,960343,买盘
1818,10:53:24,10.25,--,72,73800,买盘
1819,10:53:18,10.25,-0.04,19137,19616019,卖盘
1820,10:53:12,10.29,--,628,646212,卖盘
1821,10:53:06,10.29,-0.01,31,31898,卖盘
1822,10:52:57,10.3,0.01,2,2060,买盘
1823,10:52:54,10.29,--,25,25724,卖盘
1824,10:52:48,10.29,-0.01,124,127595,卖盘
1825,10:52:45,10.3,--,4,4120,买盘
1826,10:52:42,10.3,--,10,10300,买盘
1827,10:52:33,10.3,--,3,3090,买盘
1828,10:52:24,10.3,0.01,7,7210,买盘
1829,10:52:21,10.29,-0.01,100,102899,卖盘
1830,10:52:18,10.3,0.01,2,2060,买盘
1831,10:52:15,10.29,-0.01,124,127595,卖盘
1832,10:52:09,10.3,--,21,21630,买盘
1833,10:52:03,10.3,--,24,24720,买盘
1834,10:52:00,10.3,0.01,11,11330,买盘
1835,10:51:54,10.29,-0.01,10,10290,卖盘
1836,10:51:51,10.3,0.01,210,216300,买盘
1837,10:51:48,10.29,--,105,108044,卖盘
1838,10:51:39,10.29,-0.01,59,60710,卖盘
1839,10:51:36,10.3,0.01,13,13390,买盘
1840,10:51:30,10.29,-0.01,16,16464,卖盘
1841,10:51:27,10.3,--,2,2060,买盘
1842,10:51:24,10.3,--,2,2060,买盘
1843,10:51:21,10.3,--,22,22660,买盘
1844,10:51:18,10.3,--,6,6180,买盘
1845,10:51:15,10.3,--,3,3090,买盘
1846,10:51:12,10.3,--,12,12360,买盘
1847,10:51:06,10.3,--,12,12360,买盘
1848,10:51:00,10.3,0.01,8,8240,买盘
1849,10:50:57,10.29,--,48,49391,卖盘
1850,10:50:54,10.29,-0.01,22,22637,卖盘
1851,10:50:48,10.3,0.01,5,5150,买盘
1852,10:50:45,10.29,-0.01,26,26753,卖盘
1853,10:50:39,10.3,--,25,25750,买盘
1854,10:50:33,10.3,--,46,47380,买盘
1855,10:50:30,10.3,--,1,1030,买盘
1856,10:50:27,10.3,--,10,10300,买盘
1857,10:50:24,10.3,--,10,10300,买盘
1858,10:50:15,10.3,--,40,41200,买盘
1859,10:50:09,10.3,--,179,184370,买盘
1860,10:49:57,10.3,0.01,2,2060,买盘
1861,10:49:51,10.29,-0.01,4,4116,卖盘
1862,10:49:48,10.3,--,10,10300,买盘
1863,10:49:42,10.3,--,67,69010,买盘
1864,10:49:39,10.3,--,2,2060,买盘
1865,10:49:36,10.3,--,2,2060,买盘
1866,10:49:33,10.3,0.01,10,10300,买盘
1867,10:49:30,10.29,-0.01,3,3086,卖盘
1868,10:49:27,10.3,0.01,18,18540,买盘
1869,10:49:12,10.29,--,35,36015,卖盘
1870,10:48:51,10.29,--,5,5577,买盘
1871,10:48:48,10.29,--,2,2058,买盘
1872,10:48:45,10.29,--,3059,3147710,买盘
1873,10:48:42,10.29,--,55,56594,买盘
1874,10:48:39,10.29,--,20,20580,买盘
1875,10:48:36,10.29,0.01,110,113189,买盘
1876,10:48:33,10.28,-0.01,27,27756,卖盘
1877,10:48:27,10.29,--,470,483629,买盘
1878,10:48:21,10.29,0.01,8,8232,买盘
1879,10:48:18,10.28,-0.01,64,65792,卖盘
1880,10:48:15,10.29,--,25,25724,买盘
1881,10:48:09,10.29,--,28,28811,买盘
1882,10:48:03,10.29,0.01,20,20580,买盘
1883,10:48:00,10.28,-0.01,122,125415,卖盘
1884,10:47:54,10.29,0.01,400,411599,买盘
1885,10:47:51,10.28,-0.01,209,214852,卖盘
1886,10:47:48,10.29,--,85,87465,买盘
1887,10:47:45,10.29,--,1199,1234162,卖盘
1888,10:47:42,10.29,-0.01,3,3714,卖盘
1889,10:47:36,10.3,0.01,2,2060,买盘
1890,10:47:33,10.29,--,487,501133,买盘
1891,10:47:30,10.29,--,26,26753,买盘
1892,10:47:27,10.29,--,118,121421,买盘
1893,10:47:24,10.29,--,85,87465,买盘
1894,10:47:21,10.29,--,210,216089,买盘
1895,10:47:18,10.29,--,100,102899,买盘
1896,10:47:15,10.29,--,90,92609,买盘
1897,10:47:12,10.29,--,28,28811,买盘
1898,10:47:03,10.29,--,496,510383,买盘
1899,10:47:00,10.29,--,12,12347,买盘
1900,10:46:57,10.29,--,40,41160,买盘
1901,10:46:48,10.29,--,21,21609,买盘
1902,10:46:42,10.29,-0.02,2317,2385211,卖盘
1903,10:46:39,10.31,0.01,2,2062,买盘
1904,10:46:36,10.3,--,25,25750,买盘
1905,10:46:33,10.3,--,1,1030,买盘
1906,10:46:30,10.3,-0.01,53,54590,卖盘
1907,10:46:27,10.31,0.01,2,2062,买盘
1908,10:46:18,10.3,-0.01,31,31930,卖盘
1909,10:46:15,10.31,--,20,20620,买盘
1910,10:46:09,10.31,--,1,1031,买盘
1911,10:46:03,10.31,0.02,2,2062,买盘
1912,10:46:00,10.29,-0.02,234,240785,卖盘
1913,10:45:57,10.31,0.02,2,2062,买盘
1914,10:45:51,10.29,-0.02,1018,1047521,卖盘
1915,10:45:48,10.31,--,5,5155,买盘
1916,10:45:45,10.31,0.01,4,4124,买盘
1917,10:45:42,10.3,-0.01,14,14420,卖盘
1918,10:45:39,10.31,--,4,4124,买盘
1919,10:45:33,10.31,--,33,34023,买盘
1920,10:45:24,10.31,0.02,2,2062,买盘
1921,10:45:21,10.29,--,82,84388,卖盘
1922,10:45:18,10.29,--,13,13376,卖盘
1923,10:45:15,10.29,-0.01,61,62768,卖盘
1924,10:45:12,10.3,--,67,70029,卖盘
1925,10:45:09,10.3,--,10,10300,卖盘
1926,10:45:03,10.3,-0.01,73,75190,卖盘
1927,10:45:00,10.31,0.01,3,3093,买盘
1928,10:44:51,10.3,-0.01,370,381100,卖盘
1929,10:44:48,10.31,--,6,6186,买盘
1930,10:44:45,10.31,--,2,2062,买盘
1931,10:44:39,10.31,0.01,3,3093,买盘
1932,10:44:36,10.3,-0.01,22,22660,卖盘
1933,10:44:27,10.31,--,2,2062,买盘
1934,10:44:24,10.31,0.01,100,103100,买盘
1935,10:44:18,10.3,-0.01,49,50470,卖盘
1936,10:44:15,10.31,0.01,3,3093,买盘
1937,10:44:12,10.3,--,64,65920,卖盘
1938,10:44:06,10.3,--,21,21630,卖盘
1939,10:44:00,10.3,-0.01,555,571650,卖盘
1940,10:43:54,10.31,0.01,223,229913,买盘
1941,10:43:48,10.3,-0.01,3,3090,卖盘
1942,10:43:39,10.31,--,3,3093,买盘
1943,10:43:30,10.31,0.01,17,17527,买盘
1944,10:43:27,10.3,--,8,8240,卖盘
1945,10:43:24,10.3,--,39,40170,卖盘
1946,10:43:21,10.3,-0.01,113,116390,卖盘
1947,10:43:18,10.31,0.01,72,74232,买盘
1948,10:43:15,10.3,--,19,19570,卖盘
1949,10:43:12,10.3,--,34,35020,卖盘
1950,10:43:09,10.3,--,27,27810,卖盘
1951,10:43:06,10.3,--,36,37080,卖盘
1952,10:43:03,10.3,-0.01,30,30900,卖盘
1953,10:43:00,10.31,--,2,2062,买盘
1954,10:42:51,10.31,--,4,4124,买盘
1955,10:42:48,10.31,--,16,16496,买盘
1956,10:42:42,10.31,--,30,30930,买盘
1957,10:42:39,10.31,--,34,35054,卖盘
1958,10:42:36,10.31,-0.01,5,5155,卖盘
1959,10:42:33,10.32,0.01,3,3096,买盘
1960,10:42:30,10.31,--,74,76294,买盘
1961,10:42:24,10.31,--,53,54643,买盘
1962,10:42:18,10.31,--,20,20620,买盘
1963,10:42:15,10.31,--,10,10310,买盘
1964,10:42:12,10.31,0.01,2,2062,买盘
1965,10:42:09,10.3,-0.01,36,37080,卖盘
1966,10:42:06,10.31,--,510,525810,买盘
1967,10:42:03,10.31,0.01,102,105162,买盘
1968,10:42:00,10.3,-0.01,500,515000,卖盘
1969,10:41:54,10.31,0.01,16,16496,买盘
1970,10:41:51,10.3,--,11,11330,卖盘
1971,10:41:48,10.3,-0.01,4,4120,卖盘
1972,10:41:42,10.31,--,3,3093,买盘
1973,10:41:39,10.31,--,8,8248,买盘
1974,10:41:36,10.31,--,774,797994,买盘
1975,10:41:27,10.31,--,2,2062,买盘
1976,10:41:24,10.31,-0.01,32,32992,卖盘
1977,10:41:21,10.32,--,1,1032,买盘
1978,10:41:15,10.32,--,2,2064,买盘
1979,10:41:06,10.32,0.01,3,3096,买盘
1980,10:40:57,10.31,-0.01,33,34023,卖盘
1981,10:40:54,10.32,--,2,2064,买盘
1982,10:40:48,10.32,0.01,5,5160,买盘
1983,10:40:45,10.31,-0.01,19,19589,卖盘
1984,10:40:42,10.32,--,50,51600,买盘
1985,10:40:36,10.32,--,2,2064,买盘
1986,10:40:24,10.32,0.02,3,3096,买盘
1987,10:40:18,10.3,-0.02,1,1030,卖盘
1988,10:40:12,10.32,--,2,2064,买盘
1989,10:40:09,10.32,--,50,51600,买盘
1990,10:40:00,10.32,--,2,2064,买盘
1991,10:39:54,10.32,0.02,162,167194,买盘
1992,10:39:51,10.3,0.01,128,131840,买盘
1993,10:39:48,10.29,-0.01,4,4116,卖盘
1994,10:39:45,10.3,--,138,142140,买盘
1995,10:39:39,10.3,--,8,8240,买盘
1996,10:39:36,10.3,--,12,12360,买盘
1997,10:39:33,10.3,--,2,2060,买盘
1998,10:39:30,10.3,--,7,7210,买盘
1999,10:39:27,10.3,-0.02,9549,9836489,卖盘
2000,10:39:24,10.32,--,21,21672,卖盘
2001,10:39:21,10.32,-0.01,30,30960,卖盘
2002,10:39:18,10.33,0.01,2,2066,买盘
2003,10:39:09,10.32,-0.01,103,106296,卖盘
2004,10:39:06,10.33,--,20,20660,买盘
2005,10:38:54,10.33,0.01,29,29957,买盘
2006,10:38:48,10.32,-0.01,4,4128,卖盘
2007,10:38:45,10.33,--,2,2066,买盘
2008,10:38:36,10.33,0.01,18,18594,买盘
2009,10:38:24,10.32,--,15,15480,卖盘
2010,10:38:21,10.32,--,12,12384,卖盘
2011,10:38:15,10.32,--,16,16512,卖盘
2012,10:38:12,10.32,-0.01,33,34056,卖盘
2013,10:38:03,10.33,0.01,5,5165,买盘
2014,10:38:00,10.32,-0.01,10,10320,卖盘
2015,10:37:51,10.33,0.01,2,2066,买盘
2016,10:37:48,10.32,-0.01,4,4128,卖盘
2017,10:37:42,10.33,--,11,11363,买盘
2018,10:37:39,10.33,--,8,8264,买盘
2019,10:37:24,10.33,--,13,13429,买盘
2020,10:37:18,10.33,--,21,21693,买盘
2021,10:37:09,10.33,--,3,3099,买盘
2022,10:37:03,10.33,--,1,1033,买盘
2023,10:36:57,10.33,0.01,2,2066,买盘
2024,10:36:48,10.32,-0.01,3,3096,卖盘
2025,10:36:45,10.33,--,83,85739,买盘
2026,10:36:33,10.33,0.01,2,2066,买盘
2027,10:36:27,10.32,-0.01,30,30960,卖盘
2028,10:36:21,10.33,0.01,12,12396,买盘
2029,10:36:15,10.32,-0.01,5,5160,卖盘
2030,10:36:12,10.33,--,29,29957,买盘
2031,10:36:03,10.33,--,30,30990,买盘
2032,10:35:57,10.33,--,59,60947,买盘
2033,10:35:48,10.33,--,6,6198,买盘
2034,10:35:39,10.33,--,20,20660,买盘
2035,10:35:36,10.33,--,3,3099,买盘
2036,10:35:27,10.33,--,2,2066,买盘
2037,10:35:15,10.33,0.01,2,2066,买盘
2038,10:35:12,10.32,--,10,10320,卖盘
2039,10:35:09,10.32,-0.01,201,207432,卖盘
2040,10:35:06,10.33,--,2,2066,买盘
2041,10:34:54,10.33,0.01,2,2066,买盘
2042,10:34:51,10.32,--,1000,1032000,卖盘
2043,10:34:48,10.32,-0.01,5,5160,卖盘
2044,10:34:42,10.33,0.01,3,3099,买盘
2045,10:34:33,10.32,-0.01,72,74304,卖盘
2046,10:34:30,10.33,--,2,2066,买盘
2047,10:34:21,10.33,0.01,5,5165,买盘
2048,10:34:18,10.32,--,17,17544,卖盘
2049,10:34:15,10.32,-0.01,10,10320,卖盘
2050,10:34:09,10.33,--,2,2066,买盘
2051,10:33:57,10.33,0.01,3,3099,买盘
2052,10:33:51,10.32,--,46,47472,卖盘
2053,10:33:48,10.32,-0.01,3,3096,卖盘
2054,10:33:45,10.33,0.01,2,2066,买盘
2055,10:33:42,10.32,-0.01,13,13416,卖盘
2056,10:33:39,10.33,--,20,20660,买盘
2057,10:33:36,10.33,0.01,2,2066,买盘
2058,10:33:30,10.32,--,19,19608,卖盘
2059,10:33:27,10.32,-0.01,25,25800,卖盘
2060,10:33:21,10.33,0.01,24,24792,买盘
2061,10:33:15,10.32,--,30,30960,卖盘
2062,10:33:12,10.32,--,40,41899,卖盘
2063,10:33:09,10.32,-0.01,16,16512,卖盘
2064,10:33:06,10.33,--,12,12396,买盘
2065,10:33:03,10.33,0.01,2,2066,买盘
2066,10:33:00,10.32,--,17,17544,卖盘
2067,10:32:57,10.32,-0.01,106,109392,卖盘
2068,10:32:51,10.33,--,19,19627,买盘
2069,10:32:48,10.33,--,29,29957,买盘
2070,10:32:42,10.33,0.01,68,70244,买盘
2071,10:32:39,10.32,--,8,8256,卖盘
2072,10:32:33,10.32,--,24,24768,卖盘
2073,10:32:30,10.32,-0.01,16,16512,卖盘
2074,10:32:27,10.33,0.01,102,105366,买盘
2075,10:32:24,10.32,0.01,129,133128,买盘
2076,10:32:21,10.31,-0.01,18,18558,卖盘
2077,10:32:18,10.32,--,2,2064,买盘
2078,10:32:15,10.32,--,23,23736,买盘
2079,10:32:12,10.32,--,21,21672,买盘
2080,10:32:09,10.32,--,20,20640,买盘
2081,10:32:03,10.32,--,200,206400,买盘
2082,10:32:00,10.32,--,19,19608,买盘
2083,10:31:57,10.32,0.01,72,74304,买盘
2084,10:31:51,10.31,-0.01,17,17527,卖盘
2085,10:31:48,10.32,--,204,210528,买盘
2086,10:31:45,10.32,--,3,3096,买盘
2087,10:31:42,10.32,--,5,5160,买盘
2088,10:31:39,10.32,--,15,15480,买盘
2089,10:31:30,10.32,0.01,10,10320,买盘
2090,10:31:27,10.31,--,76,78356,卖盘
2091,10:31:24,10.31,-0.01,250,257750,卖盘
2092,10:31:12,10.32,--,50,51600,买盘
2093,10:31:09,10.32,--,10,10320,买盘
2094,10:31:03,10.32,--,96,99072,买盘
2095,10:31:00,10.32,0.01,18,18576,买盘
2096,10:30:57,10.31,--,33,34023,卖盘
2097,10:30:51,10.31,--,91,93821,卖盘
2098,10:30:48,10.31,-0.01,4,4124,卖盘
2099,10:30:27,10.32,0.01,10,10320,买盘
2100,10:30:24,10.31,--,54,55674,卖盘
2101,10:30:21,10.31,--,26,26806,卖盘
2102,10:30:12,10.31,--,43,44333,卖盘
2103,10:30:09,10.31,--,28,28868,卖盘
2104,10:30:00,10.31,--,17,17527,卖盘
2105,10:29:57,10.31,--,2,2062,卖盘
2106,10:29:54,10.31,--,53,54643,卖盘
2107,10:29:51,10.31,--,16,16496,卖盘
2108,10:29:48,10.31,--,23,23713,卖盘
2109,10:29:45,10.31,--,2,2062,卖盘
2110,10:29:39,10.31,--,18,18558,卖盘
2111,10:29:30,10.31,--,31,31961,卖盘
2112,10:29:24,10.31,-0.01,54,55674,卖盘
2113,10:29:21,10.32,0.01,5,5160,买盘
2114,10:29:18,10.31,-0.01,17,17527,卖盘
2115,10:29:15,10.32,--,10,10320,买盘
2116,10:29:12,10.32,0.01,13,13416,买盘
2117,10:29:09,10.31,-0.01,17,17527,卖盘
2118,10:29:06,10.32,0.01,2,2064,买盘
2119,10:29:00,10.31,--,16,16496,卖盘
2120,10:28:57,10.31,--,1,1031,卖盘
2121,10:28:54,10.31,--,58,59798,卖盘
2122,10:28:48,10.31,--,22,22682,卖盘
2123,10:28:45,10.31,-0.01,5,5155,卖盘
2124,10:28:36,10.32,0.01,6,6192,买盘
2125,10:28:33,10.31,-0.01,5,5155,卖盘
2126,10:28:27,10.32,0.01,4,4128,买盘
2127,10:28:24,10.31,--,83,85573,卖盘
2128,10:28:18,10.31,-0.01,12,12372,卖盘
2129,10:28:03,10.32,--,6,6192,买盘
2130,10:28:00,10.32,0.01,11,11352,买盘
2131,10:27:57,10.31,-0.01,4,4124,卖盘
2132,10:27:54,10.32,0.01,56,57792,买盘
2133,10:27:48,10.31,-0.01,4,4124,卖盘
2134,10:27:45,10.32,0.01,211,217752,买盘
2135,10:27:39,10.31,-0.01,6,6186,卖盘
2136,10:27:27,10.32,0.01,62,63984,买盘
2137,10:27:24,10.31,--,54,55674,卖盘
2138,10:27:18,10.31,--,16,16496,卖盘
2139,10:27:12,10.31,-0.01,45,46395,卖盘
2140,10:27:09,10.32,0.01,22,22704,买盘
2141,10:27:00,10.31,--,17,17527,卖盘
2142,10:26:54,10.31,--,53,54643,卖盘
2143,10:26:51,10.31,--,40,41240,卖盘
2144,10:26:48,10.31,--,21,21651,卖盘
2145,10:26:39,10.31,--,1,1031,卖盘
2146,10:26:36,10.31,-0.01,17,17527,卖盘
2147,10:26:33,10.32,0.01,100,103200,买盘
2148,10:26:27,10.31,--,16,16496,卖盘
2149,10:26:24,10.31,--,54,55674,卖盘
2150,10:26:18,10.31,--,17,17527,卖盘
2151,10:26:15,10.31,-0.01,10,10310,卖盘
2152,10:26:12,10.32,0.01,4,4128,买盘
2153,10:26:09,10.31,-0.01,17,17527,卖盘
2154,10:26:03,10.32,0.01,45,46440,买盘
2155,10:25:57,10.31,--,17,17527,卖盘
2156,10:25:54,10.31,-0.01,54,55674,卖盘
2157,10:25:51,10.32,0.01,25,25800,买盘
2158,10:25:48,10.31,--,20,20620,卖盘
2159,10:25:45,10.31,--,3,3093,卖盘
2160,10:25:33,10.31,--,19,19589,卖盘
2161,10:25:24,10.31,-0.01,56,57736,卖盘
2162,10:25:21,10.32,--,1,1032,买盘
2163,10:25:03,10.32,--,191,197112,卖盘
2164,10:24:54,10.32,--,54,55728,卖盘
2165,10:24:48,10.32,--,4,4128,卖盘
2166,10:24:42,10.32,--,14,14448,卖盘
2167,10:24:36,10.32,0.01,27,27864,买盘
2168,10:24:30,10.31,--,2,2062,卖盘
2169,10:24:24,10.31,--,54,55674,卖盘
2170,10:24:18,10.31,-0.01,29,29899,卖盘
2171,10:24:15,10.32,0.01,20,20640,买盘
2172,10:24:12,10.31,--,25,25775,卖盘
2173,10:24:09,10.31,-0.01,17,17527,卖盘
2174,10:24:03,10.32,0.01,12,12384,买盘
2175,10:24:00,10.31,--,13,13403,卖盘
2176,10:23:57,10.31,-0.01,87,89697,卖盘
2177,10:23:54,10.32,--,117,120744,卖盘
2178,10:23:48,10.32,-0.01,21,21672,卖盘
2179,10:23:45,10.33,0.01,20,20660,买盘
2180,10:23:36,10.32,--,34,35088,卖盘
2181,10:23:27,10.32,--,19,19608,卖盘
2182,10:23:24,10.32,--,54,55728,卖盘
2183,10:23:18,10.32,-0.01,17,17544,卖盘
2184,10:23:15,10.33,0.01,7,7231,买盘
2185,10:23:09,10.32,--,18,18576,卖盘
2186,10:23:06,10.32,--,14,14448,卖盘
2187,10:22:57,10.32,--,17,17544,卖盘
2188,10:22:54,10.32,-0.01,59,60888,卖盘
2189,10:22:51,10.33,--,10,10330,买盘
2190,10:22:48,10.33,0.01,22,22726,买盘
2191,10:22:45,10.32,--,16,16512,卖盘
2192,10:22:39,10.32,-0.01,38,39216,卖盘
2193,10:22:36,10.33,0.01,20,20660,买盘
2194,10:22:30,10.32,-0.01,10,10320,卖盘
2195,10:22:27,10.33,0.01,611,631163,买盘
2196,10:22:24,10.32,-0.01,73,75336,卖盘
2197,10:22:12,10.33,0.01,43,44419,买盘
2198,10:22:09,10.32,-0.01,43,44376,卖盘
2199,10:22:06,10.33,--,13,13429,买盘
2200,10:22:03,10.33,0.01,6,6198,买盘
2201,10:21:54,10.32,-0.01,104,107328,卖盘
2202,10:21:48,10.33,--,14,14462,买盘
2203,10:21:45,10.33,0.01,24,24792,买盘
2204,10:21:33,10.32,--,34,35088,卖盘
2205,10:21:24,10.32,--,54,55728,卖盘
2206,10:21:21,10.32,--,14,14448,卖盘
2207,10:21:15,10.32,--,37,38184,卖盘
2208,10:21:12,10.32,--,5,5160,卖盘
2209,10:21:06,10.32,--,32,33024,买盘
2210,10:21:00,10.32,0.01,40,41280,买盘
2211,10:20:54,10.31,-0.01,87,89697,卖盘
2212,10:20:51,10.32,--,13,13416,卖盘
2213,10:20:45,10.32,-0.01,22,22704,卖盘
2214,10:20:39,10.33,0.01,12,12396,买盘
2215,10:20:36,10.32,--,17,17544,卖盘
2216,10:20:33,10.32,--,13,13416,卖盘
2217,10:20:27,10.32,0.01,16,16512,买盘
2218,10:20:24,10.31,-0.01,68,70427,卖盘
2219,10:20:18,10.32,0.01,16,16615,买盘
2220,10:20:15,10.31,-0.01,20,20620,卖盘
2221,10:20:06,10.32,--,32,33024,买盘
2222,10:20:00,10.32,0.01,10,10320,买盘
2223,10:19:54,10.31,-0.01,103,106193,卖盘
2224,10:19:48,10.32,--,64,66048,买盘
2225,10:19:45,10.32,--,385,398248,卖盘
2226,10:19:36,10.32,--,12,12384,卖盘
2227,10:19:33,10.32,--,80,82560,卖盘
2228,10:19:30,10.32,-0.01,6,6192,卖盘
2229,10:19:27,10.33,0.01,1,1033,买盘
2230,10:19:24,10.32,--,65,67080,卖盘
2231,10:19:21,10.32,--,25,25800,卖盘
2232,10:19:15,10.32,-0.01,611,630552,卖盘
2233,10:19:06,10.33,0.01,49,50617,买盘
2234,10:19:03,10.32,--,20,20640,卖盘
2235,10:19:00,10.32,--,545,562440,卖盘
2236,10:18:54,10.32,--,56,57792,卖盘
2237,10:18:48,10.32,--,3,3096,卖盘
2238,10:18:45,10.32,-0.01,3,3096,卖盘
2239,10:18:36,10.33,0.01,3,3099,买盘
2240,10:18:30,10.32,--,5,5160,卖盘
2241,10:18:24,10.32,--,62,63984,卖盘
2242,10:18:21,10.32,--,160,165120,卖盘
2243,10:18:15,10.32,-0.01,3,3096,卖盘
2244,10:18:09,10.33,0.01,69,71277,买盘
2245,10:17:54,10.32,--,54,55728,卖盘
2246,10:17:48,10.32,-0.01,113,116616,卖盘
2247,10:17:42,10.33,0.01,30,30990,买盘
2248,10:17:36,10.32,--,3,3096,卖盘
2249,10:17:33,10.32,--,12,12384,卖盘
2250,10:17:30,10.32,--,7,7224,卖盘
2251,10:17:24,10.32,-0.01,53,54696,卖盘
2252,10:17:18,10.33,0.01,9,9297,买盘
2253,10:17:15,10.32,-0.01,5,5160,卖盘
2254,10:17:12,10.33,0.01,15,15495,买盘
2255,10:17:06,10.32,--,15,15480,卖盘
2256,10:16:57,10.32,-0.01,10,10320,卖盘
2257,10:16:54,10.33,0.01,61,63013,买盘
2258,10:16:51,10.32,-0.01,8,8256,卖盘
2259,10:16:48,10.33,0.01,28,28924,买盘
2260,10:16:45,10.32,--,5,5160,卖盘
2261,10:16:39,10.32,--,14,14448,卖盘
2262,10:16:36,10.32,--,4,4128,卖盘
2263,10:16:24,10.32,--,54,55728,卖盘
2264,10:16:06,10.32,-0.01,202,208464,卖盘
2265,10:15:54,10.33,0.01,55,56815,买盘
2266,10:15:48,10.32,--,3,3096,卖盘
2267,10:15:39,10.32,-0.01,35,36120,卖盘
2268,10:15:33,10.33,0.01,4,4132,买盘
2269,10:15:30,10.32,--,10,10320,卖盘
2270,10:15:27,10.32,-0.01,1,1032,卖盘
2271,10:15:24,10.33,0.01,72,74376,买盘
2272,10:15:03,10.32,-0.01,13,13416,卖盘
2273,10:15:00,10.33,--,10,10330,买盘
2274,10:14:57,10.33,0.01,44,45452,买盘
2275,10:14:54,10.32,--,54,55728,卖盘
2276,10:14:51,10.32,-0.01,12,12384,卖盘
2277,10:14:48,10.33,--,53,54749,买盘
2278,10:14:45,10.33,--,30,30990,买盘
2279,10:14:27,10.33,0.01,10,10330,买盘
2280,10:14:24,10.32,-0.01,73,75336,卖盘
2281,10:14:15,10.33,--,20,20660,买盘
2282,10:14:00,10.33,--,8,8264,买盘
2283,10:13:54,10.33,0.01,113,116729,买盘
2284,10:13:51,10.32,--,2,2064,卖盘
2285,10:13:48,10.32,-0.01,22,22704,卖盘
2286,10:13:45,10.33,--,55,56815,买盘
2287,10:13:42,10.33,0.01,9,9297,买盘
2288,10:13:39,10.32,-0.01,5,5160,卖盘
2289,10:13:36,10.33,0.01,1,1033,买盘
2290,10:13:27,10.32,--,10,10320,卖盘
2291,10:13:24,10.32,-0.01,54,55728,卖盘
2292,10:13:21,10.33,--,3,3099,买盘
2293,10:13:18,10.33,--,19,19627,买盘
2294,10:13:15,10.33,--,50,51650,买盘
2295,10:13:12,10.33,--,47,48551,买盘
2296,10:13:09,10.33,--,3,3099,买盘
2297,10:13:00,10.33,0.01,5,5165,买盘
2298,10:12:57,10.32,-0.01,10,10320,卖盘
2299,10:12:54,10.33,0.01,58,59914,买盘
2300,10:12:48,10.32,--,12,12384,卖盘
2301,10:12:45,10.32,-0.01,4,4128,卖盘
2302,10:12:42,10.33,0.01,29,29957,买盘
2303,10:12:27,10.32,--,129,133128,卖盘
2304,10:12:24,10.32,-0.01,54,55728,卖盘
2305,10:12:21,10.33,--,1,1033,买盘
2306,10:12:18,10.33,--,25,25825,买盘
2307,10:12:12,10.33,--,34,35122,买盘
2308,10:12:09,10.33,--,20,20660,买盘
2309,10:12:06,10.33,--,21,21693,买盘
2310,10:12:03,10.33,--,5,5165,买盘
2311,10:12:00,10.33,0.01,3,3099,买盘
2312,10:11:54,10.32,-0.01,54,55728,卖盘
2313,10:11:48,10.33,--,13,13429,买盘
2314,10:11:45,10.33,--,21,21693,买盘
2315,10:11:39,10.33,0.01,37,38221,买盘
2316,10:11:36,10.32,-0.01,12,12384,卖盘
2317,10:11:27,10.33,0.01,30,30990,买盘
2318,10:11:24,10.32,--,53,54696,卖盘
2319,10:11:21,10.32,--,11,11352,卖盘
2320,10:11:15,10.32,-0.01,30,30960,卖盘
2321,10:11:12,10.33,0.01,9,9297,买盘
2322,10:10:57,10.32,--,53,54696,卖盘
2323,10:10:54,10.32,--,54,55728,卖盘
2324,10:10:45,10.32,--,4,4128,卖盘
2325,10:10:30,10.32,--,111,114552,卖盘
2326,10:10:24,10.32,-0.01,54,55728,卖盘
2327,10:10:21,10.33,--,11,11363,买盘
2328,10:10:12,10.33,--,139,143587,买盘
2329,10:10:09,10.33,--,50,51650,买盘
2330,10:10:06,10.33,--,20,20660,买盘
2331,10:10:03,10.33,--,57,58881,买盘
2332,10:10:00,10.33,0.01,9,9297,买盘
2333,10:09:54,10.32,--,53,54696,卖盘
2334,10:09:48,10.32,--,4,4128,卖盘
2335,10:09:42,10.32,-0.01,52,53664,卖盘
2336,10:09:39,10.33,--,2,2066,买盘
2337,10:09:36,10.33,--,5,5165,买盘
2338,10:09:27,10.33,0.01,90,92970,买盘
2339,10:09:24,10.32,-0.01,54,55728,卖盘
2340,10:09:18,10.33,--,97,100201,买盘
2341,10:09:15,10.33,0.01,49,50617,买盘
2342,10:09:12,10.32,--,1,1032,卖盘
2343,10:09:09,10.32,-0.01,99,102168,卖盘
2344,10:09:06,10.33,--,5,5165,买盘
2345,10:09:03,10.33,0.01,49,50617,买盘
2346,10:08:57,10.32,--,1,1032,卖盘
2347,10:08:54,10.32,-0.01,54,55728,卖盘
2348,10:08:51,10.33,0.01,49,50617,买盘
2349,10:08:45,10.32,-0.01,4,4128,卖盘
2350,10:08:42,10.33,0.01,45,46485,买盘
2351,10:08:36,10.32,--,16,16512,卖盘
2352,10:08:24,10.32,--,54,55728,卖盘
2353,10:08:21,10.32,-0.02,12,12384,卖盘
2354,10:08:00,10.34,0.02,10,10340,买盘
2355,10:07:57,10.32,--,8,8256,卖盘
2356,10:07:54,10.32,-0.01,54,55728,卖盘
2357,10:07:51,10.33,--,3,3099,卖盘
2358,10:07:48,10.33,--,24,24792,卖盘
2359,10:07:42,10.33,--,12,12396,卖盘
2360,10:07:30,10.33,--,21,21693,卖盘
2361,10:07:27,10.33,--,3,3099,卖盘
2362,10:07:24,10.33,--,54,55782,卖盘
2363,10:07:21,10.33,--,1,1033,卖盘
2364,10:07:18,10.33,--,100,103300,卖盘
2365,10:07:09,10.33,--,517,534061,卖盘
2366,10:07:06,10.33,--,200,206600,卖盘
2367,10:06:54,10.33,--,53,54749,卖盘
2368,10:06:51,10.33,--,1,1033,卖盘
2369,10:06:48,10.33,--,93,96069,卖盘
2370,10:06:42,10.33,-0.01,14,14462,卖盘
2371,10:06:39,10.34,0.01,1,1034,买盘
2372,10:06:36,10.33,--,15,15495,卖盘
2373,10:06:30,10.33,--,2,2066,卖盘
2374,10:06:24,10.33,--,54,55782,卖盘
2375,10:06:21,10.33,--,65,67145,卖盘
2376,10:06:18,10.33,--,155,160115,卖盘
2377,10:06:09,10.33,--,25,25825,卖盘
2378,10:05:57,10.33,--,10,10330,卖盘
2379,10:05:54,10.33,--,54,55782,卖盘
2380,10:05:51,10.33,--,14,14462,卖盘
2381,10:05:48,10.33,-0.01,6,6198,卖盘
2382,10:05:39,10.34,--,4,4136,买盘
2383,10:05:30,10.34,0.01,26,26884,买盘
2384,10:05:24,10.33,--,53,54749,卖盘
2385,10:05:21,10.33,--,33,34089,卖盘
2386,10:05:15,10.33,--,99,102267,卖盘
2387,10:05:09,10.33,-0.01,15,15495,卖盘
2388,10:05:06,10.34,0.01,30,31020,买盘
2389,10:04:54,10.33,--,64,66112,卖盘
2390,10:04:51,10.33,--,10,10330,卖盘
2391,10:04:48,10.33,--,11,11363,卖盘
2392,10:04:45,10.33,--,5,5165,卖盘
2393,10:04:30,10.33,--,1,1033,卖盘
2394,10:04:24,10.33,-0.01,54,55782,卖盘
2395,10:04:18,10.34,0.01,5,5170,买盘
2396,10:04:15,10.33,--,1,1033,卖盘
2397,10:04:12,10.33,-0.01,10,10330,卖盘
2398,10:04:09,10.34,--,217,224378,买盘
2399,10:04:00,10.34,0.01,3,3102,买盘
2400,10:03:54,10.33,--,53,54749,卖盘
2401,10:03:45,10.33,--,17,17561,卖盘
2402,10:03:42,10.33,--,35,36155,卖盘
2403,10:03:33,10.33,--,1,1033,卖盘
2404,10:03:24,10.33,--,64,66112,卖盘
2405,10:03:18,10.33,-0.01,2,2066,卖盘
2406,10:03:15,10.34,0.01,27,27918,买盘
2407,10:03:03,10.33,-0.01,12,12396,卖盘
2408,10:03:00,10.34,0.01,18,18612,买盘
2409,10:02:54,10.33,--,54,55782,卖盘
2410,10:02:45,10.33,--,4,4132,卖盘
2411,10:02:42,10.33,-0.01,1,1033,卖盘
2412,10:02:33,10.34,--,10,10340,买盘
2413,10:02:27,10.34,--,957,989538,卖盘
2414,10:02:24,10.34,--,53,54802,卖盘
2415,10:02:15,10.34,--,27,27918,卖盘
2416,10:02:12,10.34,--,112,115808,卖盘
2417,10:01:57,10.34,--,10,10340,卖盘
2418,10:01:54,10.34,--,54,55836,卖盘
2419,10:01:45,10.34,--,3,3102,卖盘
2420,10:01:42,10.34,--,1,1034,卖盘
2421,10:01:36,10.34,--,18,18612,卖盘
2422,10:01:33,10.34,--,118,122012,卖盘
2423,10:01:24,10.34,--,54,55836,卖盘
2424,10:01:09,10.34,-0.01,2,2068,卖盘
2425,10:01:06,10.35,0.01,27,27945,买盘
2426,10:01:03,10.34,--,64,66176,卖盘
2427,10:01:00,10.34,--,30,31020,卖盘
2428,10:00:57,10.34,--,43,44462,卖盘
2429,10:00:54,10.34,--,53,54802,卖盘
2430,10:00:48,10.34,--,98,101332,卖盘
2431,10:00:45,10.34,--,14,14476,卖盘
2432,10:00:36,10.34,--,1,1034,卖盘
2433,10:00:24,10.34,--,54,55836,卖盘
2434,10:00:18,10.34,--,6,6204,卖盘
2435,10:00:09,10.34,--,6,6204,卖盘
2436,10:00:06,10.34,--,13,13442,卖盘
2437,10:00:03,10.34,--,12,12408,卖盘
2438,10:00:00,10.34,0.01,569,588346,卖盘
2439,09:59:54,10.33,-0.01,54,55782,卖盘
2440,09:59:51,10.34,0.01,6,6431,买盘
2441,09:59:45,10.33,-0.01,67,69211,卖盘
2442,09:59:36,10.34,--,42,43428,买盘
2443,09:59:24,10.34,0.01,243,251262,买盘
2444,09:59:18,10.33,-0.01,29,29957,卖盘
2445,09:59:00,10.34,0.01,200,206800,买盘
2446,09:58:54,10.33,-0.01,154,159082,卖盘
2447,09:58:51,10.34,0.01,1,1034,买盘
2448,09:58:45,10.33,-0.01,16,16528,卖盘
2449,09:58:42,10.34,--,15,15510,买盘
2450,09:58:39,10.34,--,610,631753,卖盘
2451,09:58:33,10.34,-0.01,15,15510,卖盘
2452,09:58:27,10.35,0.01,30,31050,买盘
2453,09:58:24,10.34,-0.01,54,55836,卖盘
2454,09:58:18,10.35,0.01,23,23805,买盘
2455,09:58:03,10.34,--,17,17578,卖盘
2456,09:57:57,10.34,--,273,282282,卖盘
2457,09:57:54,10.34,--,53,54802,卖盘
2458,09:57:51,10.34,--,1,1034,卖盘
2459,09:57:45,10.34,-0.01,17,17578,卖盘
2460,09:57:39,10.35,--,1,1035,买盘
2461,09:57:36,10.35,0.01,12,12420,买盘
2462,09:57:24,10.34,--,54,55836,卖盘
2463,09:57:15,10.34,--,61,63074,卖盘
2464,09:57:12,10.34,-0.01,2,2068,卖盘
2465,09:57:09,10.35,0.01,108,111780,买盘
2466,09:57:03,10.34,--,50,51700,卖盘
2467,09:56:54,10.34,-0.01,54,55836,卖盘
2468,09:56:51,10.35,0.01,1,1035,买盘
2469,09:56:45,10.34,--,4,4136,卖盘
2470,09:56:39,10.34,--,2,2068,卖盘
2471,09:56:33,10.34,--,11,11374,卖盘
2472,09:56:24,10.34,--,53,54802,卖盘
2473,09:56:21,10.34,--,12,12408,卖盘
2474,09:55:54,10.34,-0.01,66,68244,卖盘
2475,09:55:51,10.35,--,10,10350,买盘
2476,09:55:48,10.35,0.01,3,3105,买盘
2477,09:55:45,10.34,-0.01,18,18612,卖盘
2478,09:55:39,10.35,--,10,10350,买盘
2479,09:55:30,10.35,0.01,10,10350,买盘
2480,09:55:24,10.34,-0.01,54,55836,卖盘
2481,09:55:09,10.35,--,103,106605,买盘
2482,09:55:00,10.35,0.01,3,3105,买盘
2483,09:54:54,10.34,-0.01,53,54802,卖盘
2484,09:54:48,10.35,0.01,10,10350,买盘
2485,09:54:45,10.34,--,29,29986,卖盘
2486,09:54:42,10.34,--,13,13442,卖盘
2487,09:54:36,10.34,-0.01,4,4136,卖盘
2488,09:54:33,10.35,0.01,20,20700,买盘
2489,09:54:30,10.34,-0.01,12,12408,卖盘
2490,09:54:27,10.35,0.01,20,20700,买盘
2491,09:54:24,10.34,-0.01,54,55836,卖盘
2492,09:54:18,10.35,0.01,1,1035,买盘
2493,09:54:12,10.34,--,21,21714,卖盘
2494,09:54:06,10.34,--,34,35156,卖盘
2495,09:54:03,10.34,--,10,10340,卖盘
2496,09:53:57,10.34,--,95,98250,卖盘
2497,09:53:54,10.34,--,54,55836,卖盘
2498,09:53:45,10.34,--,9,9306,卖盘
2499,09:53:42,10.34,--,2,2068,卖盘
2500,09:53:39,10.34,--,12,12408,卖盘
2501,09:53:33,10.34,--,12,12408,卖盘
2502,09:53:30,10.34,0.01,1,1034,卖盘
2503,09:53:24,10.33,-0.02,53,54749,卖盘
2504,09:53:03,10.35,0.01,10,10350,买盘
2505,09:52:54,10.34,-0.01,54,55836,卖盘
2506,09:52:48,10.35,0.01,5,5175,买盘
2507,09:52:45,10.34,-0.01,6,6204,卖盘
2508,09:52:30,10.35,0.01,3,3105,买盘
2509,09:52:27,10.34,0.01,2,2068,卖盘
2510,09:52:24,10.33,-0.01,54,55782,卖盘
2511,09:52:21,10.34,--,12,12408,卖盘
2512,09:52:15,10.34,-0.01,21,21714,卖盘
2513,09:52:06,10.35,0.01,7,7245,买盘
2514,09:52:03,10.34,--,8,8272,卖盘
2515,09:51:57,10.34,--,56,57904,卖盘
2516,09:51:54,10.34,--,53,54802,卖盘
2517,09:51:45,10.34,--,14,14476,卖盘
2518,09:51:39,10.34,-0.01,12,12408,卖盘
2519,09:51:36,10.35,0.01,1,1035,买盘
2520,09:51:30,10.34,--,26,26884,卖盘
2521,09:51:24,10.34,-0.01,64,66176,卖盘
2522,09:51:21,10.35,0.01,50,51750,买盘
2523,09:51:09,10.34,-0.01,56,57904,卖盘
2524,09:51:06,10.35,0.01,14,14490,买盘
2525,09:51:03,10.34,--,50,51700,卖盘
2526,09:50:57,10.34,--,137,141658,卖盘
2527,09:50:54,10.34,--,137,141658,卖盘
2528,09:50:45,10.34,--,6,6204,卖盘
2529,09:50:27,10.34,0.01,2,2068,中性盘
2530,09:50:24,10.33,-0.01,53,54749,卖盘
2531,09:50:21,10.34,--,12,12408,卖盘
2532,09:50:18,10.34,--,1,1034,卖盘
2533,09:50:15,10.34,--,13,13442,卖盘
2534,09:50:00,10.34,-0.01,10,10340,卖盘
2535,09:49:57,10.35,0.02,13,13455,买盘
2536,09:49:54,10.33,-0.02,66,68178,卖盘
2537,09:49:51,10.35,0.01,15,15525,买盘
2538,09:49:45,10.34,--,39,40326,卖盘
2539,09:49:39,10.34,-0.01,24,24816,卖盘
2540,09:49:36,10.35,0.02,22,22770,买盘
2541,09:49:24,10.33,-0.01,54,55782,卖盘
2542,09:49:18,10.34,0.01,28,28952,买盘
2543,09:49:15,10.33,-0.01,20,20660,卖盘
2544,09:49:12,10.34,0.01,37,38258,买盘
2545,09:49:09,10.33,--,160,165280,卖盘
2546,09:49:06,10.33,-0.01,100,103300,卖盘
2547,09:49:03,10.34,--,42,43428,买盘
2548,09:49:00,10.34,0.01,42,43428,买盘
2549,09:48:54,10.33,--,82,84706,卖盘
2550,09:48:51,10.33,-0.01,2,2066,卖盘
2551,09:48:48,10.34,0.01,2,2068,买盘
2552,09:48:45,10.33,-0.01,31,32023,卖盘
2553,09:48:39,10.34,--,80,82720,买盘
2554,09:48:36,10.34,0.01,5,5170,买盘
2555,09:48:27,10.33,--,9,9297,卖盘
2556,09:48:24,10.33,-0.01,54,55782,卖盘
2557,09:48:15,10.34,0.01,509,526306,买盘
2558,09:48:12,10.33,-0.01,16,16528,卖盘
2559,09:48:06,10.34,0.01,54,55836,买盘
2560,09:48:00,10.33,--,1074,1109442,卖盘
2561,09:47:54,10.33,--,58,59914,卖盘
2562,09:47:45,10.33,-0.01,4,4132,卖盘
2563,09:47:39,10.34,--,30,31020,买盘
2564,09:47:36,10.34,-0.01,164,169576,卖盘
2565,09:47:33,10.35,0.01,52,53820,买盘
2566,09:47:24,10.34,--,53,54802,卖盘
2567,09:47:21,10.34,-0.01,28,28952,卖盘
2568,09:47:18,10.35,--,23,23805,买盘
2569,09:47:15,10.35,--,42,43470,买盘
2570,09:47:12,10.35,0.01,94,97290,买盘
2571,09:47:09,10.34,-0.01,16,16544,卖盘
2572,09:46:57,10.35,--,12,12420,买盘
2573,09:46:54,10.35,0.01,57,58995,买盘
2574,09:46:51,10.34,--,28,28952,卖盘
2575,09:46:48,10.34,--,91,94094,买盘
2576,09:46:45,10.34,0.01,37,38258,中性盘
2577,09:46:39,10.33,-0.02,1,1033,卖盘
2578,09:46:36,10.35,0.02,49,50715,买盘
2579,09:46:33,10.33,--,14,14462,卖盘
2580,09:46:24,10.33,-0.02,54,55782,卖盘
2581,09:46:21,10.35,--,49,50715,买盘
2582,09:46:15,10.35,--,45,46575,买盘
2583,09:46:09,10.35,--,28,28980,买盘
2584,09:46:00,10.35,0.01,197,203895,买盘
2585,09:45:54,10.34,-0.01,109,112706,卖盘
2586,09:45:51,10.35,--,262,271170,买盘
2587,09:45:48,10.35,0.01,46,47610,买盘
2588,09:45:45,10.34,--,72,74448,卖盘
2589,09:45:36,10.34,-0.01,8,8272,卖盘
2590,09:45:33,10.35,0.01,15,15525,买盘
2591,09:45:30,10.34,-0.01,85,87890,卖盘
2592,09:45:27,10.35,0.01,45,46575,买盘
2593,09:45:24,10.34,--,54,55836,卖盘
2594,09:45:21,10.34,--,68,70312,卖盘
2595,09:45:18,10.34,-0.01,71,73424,卖盘
2596,09:45:15,10.35,--,29,30015,买盘
2597,09:45:12,10.35,0.01,3,3105,买盘
2598,09:45:06,10.34,--,19,19646,卖盘
2599,09:45:03,10.34,--,6,6204,卖盘
2600,09:45:00,10.34,0.01,68,70312,买盘
2601,09:44:54,10.33,--,54,55782,卖盘
2602,09:44:48,10.33,-0.01,8,8264,卖盘
2603,09:44:36,10.34,--,40,41360,买盘
2604,09:44:27,10.34,0.01,133,137522,买盘
2605,09:44:24,10.33,-0.01,53,54749,卖盘
2606,09:44:21,10.34,0.01,24,24816,买盘
2607,09:44:18,10.33,-0.01,62,64046,卖盘
2608,09:44:12,10.34,--,1,1034,买盘
2609,09:44:03,10.34,0.01,4,4136,买盘
2610,09:44:00,10.33,--,152,157016,卖盘
2611,09:43:57,10.33,--,58,59914,卖盘
2612,09:43:54,10.33,--,74,76442,卖盘
2613,09:43:48,10.33,--,50,51650,卖盘
2614,09:43:45,10.33,-0.01,9,9297,卖盘
2615,09:43:42,10.34,0.01,4,4136,买盘
2616,09:43:39,10.33,-0.01,10,10330,卖盘
2617,09:43:36,10.34,--,35,36190,卖盘
2618,09:43:33,10.34,0.01,10,10340,中性盘
2619,09:43:27,10.33,--,1,1033,卖盘
2620,09:43:24,10.33,-0.01,139,144186,卖盘
2621,09:43:12,10.34,0.01,80,82720,买盘
2622,09:43:03,10.33,-0.01,153,158049,卖盘
2623,09:43:00,10.34,--,5,5170,买盘
2624,09:42:57,10.34,0.01,2,2068,买盘
2625,09:42:54,10.33,-0.01,58,59914,卖盘
2626,09:42:51,10.34,0.01,80,82720,买盘
2627,09:42:45,10.33,--,54,55782,卖盘
2628,09:42:36,10.33,-0.01,234,241722,卖盘
2629,09:42:33,10.34,--,327,338118,买盘
2630,09:42:30,10.34,0.01,113,116842,买盘
2631,09:42:24,10.33,--,54,55782,卖盘
2632,09:42:21,10.33,-0.01,45,46485,卖盘
2633,09:42:15,10.34,0.01,1,1034,买盘
2634,09:42:12,10.33,-0.01,615,635295,卖盘
2635,09:42:09,10.34,--,60,62040,买盘
2636,09:42:00,10.34,0.01,2,2068,买盘
2637,09:41:57,10.33,--,15,15495,卖盘
2638,09:41:54,10.33,--,359,370847,卖盘
2639,09:41:48,10.33,--,1505,1554665,卖盘
2640,09:41:45,10.33,--,4,4132,卖盘
2641,09:41:39,10.33,-0.01,10,10330,卖盘
2642,09:41:36,10.34,--,20,20680,买盘
2643,09:41:33,10.34,0.01,20,20680,买盘
2644,09:41:30,10.33,--,32,33056,卖盘
2645,09:41:24,10.33,-0.01,76,78508,卖盘
2646,09:41:21,10.34,0.01,49,50666,买盘
2647,09:41:18,10.33,-0.01,30,30990,卖盘
2648,09:41:15,10.34,--,98,101332,买盘
2649,09:41:12,10.34,--,264,272976,买盘
2650,09:41:09,10.34,--,6,6204,买盘
2651,09:41:03,10.34,0.01,18,18612,买盘
2652,09:40:54,10.33,--,111,114663,卖盘
2653,09:40:51,10.33,-0.01,10,10330,卖盘
2654,09:40:48,10.34,0.01,3,3102,买盘
2655,09:40:45,10.33,-0.01,4,4132,卖盘
2656,09:40:42,10.34,--,67,69278,买盘
2657,09:40:39,10.34,--,6,6204,买盘
2658,09:40:33,10.34,--,22,22748,买盘
2659,09:40:30,10.34,0.01,1001,1035034,买盘
2660,09:40:27,10.33,--,439,453487,卖盘
2661,09:40:24,10.33,--,64,66112,卖盘
2662,09:40:21,10.33,--,2,2066,卖盘
2663,09:40:18,10.33,-0.01,37,38221,卖盘
2664,09:40:09,10.34,0.01,55,56870,买盘
2665,09:40:06,10.33,--,101,104333,卖盘
2666,09:40:03,10.33,-0.01,19,19627,卖盘
2667,09:39:57,10.34,0.01,50,51700,买盘
2668,09:39:54,10.33,--,56,57848,卖盘
2669,09:39:51,10.33,--,234,241722,卖盘
2670,09:39:45,10.33,-0.01,3,3099,卖盘
2671,09:39:39,10.34,-0.01,38,39292,卖盘
2672,09:39:36,10.35,0.01,70,72450,买盘
2673,09:39:33,10.34,--,100,103400,卖盘
2674,09:39:30,10.34,--,131,135454,卖盘
2675,09:39:24,10.34,--,104,107536,卖盘
2676,09:39:15,10.34,--,321,331914,卖盘
2677,09:39:03,10.34,-0.01,1243,1285262,卖盘
2678,09:38:57,10.35,0.01,10,10350,买盘
2679,09:38:54,10.34,--,74,76516,卖盘
2680,09:38:51,10.34,--,10,10340,卖盘
2681,09:38:45,10.34,-0.01,4,4136,卖盘
2682,09:38:42,10.35,0.01,10,10350,买盘
2683,09:38:27,10.34,--,5,5170,卖盘
2684,09:38:24,10.34,-0.01,53,54802,卖盘
2685,09:38:18,10.35,--,20,20700,买盘
2686,09:38:15,10.35,--,1,1035,买盘
2687,09:38:12,10.35,--,8,8280,买盘
2688,09:38:06,10.35,--,3,3105,买盘
2689,09:38:03,10.35,--,1,1035,买盘
2690,09:37:57,10.35,--,10,10350,买盘
2691,09:37:54,10.35,--,93,96255,买盘
2692,09:37:48,10.35,0.01,19,19665,买盘
2693,09:37:45,10.34,-0.01,9,9306,卖盘
2694,09:37:39,10.35,0.01,31,32085,买盘
2695,09:37:36,10.34,--,145,149930,卖盘
2696,09:37:33,10.34,-0.01,6,6204,卖盘
2697,09:37:27,10.35,0.01,78,80730,买盘
2698,09:37:24,10.34,-0.01,74,76516,卖盘
2699,09:37:15,10.35,--,10,10350,买盘
2700,09:37:12,10.35,--,9,9315,买盘
2701,09:37:06,10.35,--,184,190440,买盘
2702,09:37:03,10.35,--,903,934605,卖盘
2703,09:37:00,10.35,--,4,4140,卖盘
2704,09:36:54,10.35,--,53,54855,卖盘
2705,09:36:45,10.35,0.01,302,312570,买盘
2706,09:36:42,10.34,--,1,1034,卖盘
2707,09:36:39,10.34,-0.01,10,10340,卖盘
2708,09:36:36,10.35,--,342,353970,买盘
2709,09:36:33,10.35,--,85,87975,买盘
2710,09:36:30,10.35,--,12,12420,买盘
2711,09:36:27,10.35,0.01,22,22770,买盘
2712,09:36:24,10.34,-0.01,54,55836,卖盘
2713,09:36:21,10.35,--,100,103500,买盘
2714,09:36:18,10.35,--,162,167670,买盘
2715,09:36:15,10.35,--,12,12420,买盘
2716,09:36:12,10.35,0.01,20,20700,买盘
2717,09:36:03,10.34,--,50,51700,卖盘
2718,09:36:00,10.34,--,2,2068,卖盘
2719,09:35:54,10.34,-0.01,150,155100,卖盘
2720,09:35:51,10.35,0.01,18,18630,买盘
2721,09:35:45,10.34,--,31,32054,卖盘
2722,09:35:42,10.34,--,59,61006,卖盘
2723,09:35:39,10.34,--,20,20680,卖盘
2724,09:35:30,10.34,--,15,15510,卖盘
2725,09:35:27,10.34,-0.01,29,29986,卖盘
2726,09:35:24,10.35,0.01,85,87975,买盘
2727,09:35:21,10.34,--,9,9306,卖盘
2728,09:35:18,10.34,--,39,40326,卖盘
2729,09:35:06,10.34,--,5,5170,卖盘
2730,09:35:03,10.34,0.01,94,97196,买盘
2731,09:35:00,10.33,--,98,101234,卖盘
2732,09:34:57,10.33,--,16,16528,卖盘
2733,09:34:54,10.33,-0.01,54,55782,卖盘
2734,09:34:51,10.34,-0.01,2,2068,卖盘
2735,09:34:48,10.35,0.02,23,24115,买盘
2736,09:34:45,10.33,-0.01,61,63013,卖盘
2737,09:34:42,10.34,--,69,71346,买盘
2738,09:34:39,10.34,--,41,42394,卖盘
2739,09:34:36,10.34,--,9,9306,卖盘
2740,09:34:33,10.34,--,2,2068,卖盘
2741,09:34:27,10.34,--,35,36190,卖盘
2742,09:34:24,10.34,--,64,66176,卖盘
2743,09:34:15,10.34,--,1,1034,卖盘
2744,09:34:12,10.34,-0.01,64,66176,卖盘
2745,09:34:09,10.35,0.01,2,2070,买盘
2746,09:34:06,10.34,--,42,43428,卖盘
2747,09:34:03,10.34,--,100,103400,卖盘
2748,09:34:00,10.34,-0.01,92,95128,卖盘
2749,09:33:57,10.35,--,167,172845,买盘
2750,09:33:54,10.35,0.01,73,75555,买盘
2751,09:33:51,10.34,-0.01,280,289520,卖盘
2752,09:33:48,10.35,0.01,24,24840,买盘
2753,09:33:45,10.34,-0.01,8,8272,卖盘
2754,09:33:42,10.35,--,58,60030,买盘
2755,09:33:39,10.35,0.01,20,20700,买盘
2756,09:33:36,10.34,-0.01,134,138556,卖盘
2757,09:33:33,10.35,0.01,50,51750,买盘
2758,09:33:30,10.34,--,29,29986,卖盘
2759,09:33:24,10.34,-0.01,58,59972,卖盘
2760,09:33:21,10.35,0.01,6,6210,买盘
2761,09:33:18,10.34,--,53,54802,卖盘
2762,09:33:15,10.34,--,100,103400,卖盘
2763,09:33:12,10.34,-0.02,25,25850,卖盘
2764,09:33:09,10.36,0.02,45,46620,买盘
2765,09:33:03,10.34,--,171,176814,卖盘
2766,09:33:00,10.34,--,347,358798,卖盘
2767,09:32:54,10.34,-0.02,65,67210,卖盘
2768,09:32:51,10.36,0.02,20,20720,买盘
2769,09:32:48,10.34,--,2,2068,卖盘
2770,09:32:45,10.34,--,4,4136,卖盘
2771,09:32:42,10.34,--,5,5170,卖盘
2772,09:32:36,10.34,-0.02,33,34122,卖盘
2773,09:32:33,10.36,0.02,45,46620,买盘
2774,09:32:27,10.34,0.01,28,28952,卖盘
2775,09:32:24,10.33,--,53,54749,卖盘
2776,09:32:21,10.33,-0.03,76,78508,卖盘
2777,09:32:18,10.36,0.03,100,103600,买盘
2778,09:32:15,10.33,0.01,48,49584,中性盘
2779,09:32:12,10.32,-0.01,488,503616,卖盘
2780,09:32:09,10.33,-0.01,10,10330,卖盘
2781,09:32:06,10.34,0.01,913,944042,买盘
2782,09:32:03,10.33,--,56,57848,卖盘
2783,09:32:00,10.33,--,24,24792,卖盘
2784,09:31:57,10.33,--,133,137389,卖盘
2785,09:31:54,10.33,--,54,55782,卖盘
2786,09:31:48,10.33,--,10,10330,卖盘
2787,09:31:45,10.33,--,19,19627,卖盘
2788,09:31:39,10.33,--,117,120861,卖盘
2789,09:31:36,10.33,-0.01,135,139455,卖盘
2790,09:31:33,10.34,--,216,223344,卖盘
2791,09:31:30,10.34,--,74,76516,卖盘
2792,09:31:27,10.34,--,206,213004,卖盘
2793,09:31:24,10.34,0.01,62,64108,卖盘
2794,09:31:21,10.33,-0.02,86,88838,卖盘
2795,09:31:18,10.35,--,9,9315,卖盘
2796,09:31:15,10.35,--,68,70380,卖盘
2797,09:31:12,10.35,0.01,109,112815,买盘
2798,09:31:09,10.34,--,83,85822,卖盘
2799,09:31:06,10.34,-0.01,54,55836,卖盘
2800,09:31:03,10.35,0.02,50,51750,买盘
2801,09:31:00,10.33,-0.02,48,49584,卖盘
2802,09:30:57,10.35,0.01,80,82800,买盘
2803,09:30:54,10.34,-0.01,86,88924,卖盘
2804,09:30:51,10.35,0.01,33,34155,买盘
2805,09:30:45,10.34,-0.01,29,29986,卖盘
2806,09:30:42,10.35,0.01,37,38295,买盘
2807,09:30:36,10.34,--,1,1034,卖盘
2808,09:30:30,10.34,--,7,7238,卖盘
2809,09:30:27,10.34,-0.02,12,12408,卖盘
2810,09:30:24,10.36,0.02,1,1036,买盘
2811,09:30:15,10.34,--,54,55836,卖盘
2812,09:30:12,10.34,-0.02,289,298826,卖盘
2813,09:30:06,10.36,0.01,984,1019424,买盘
2814,09:30:03,10.35,-0.01,1179,1220389,卖盘
2815,09:30:00,10.36,--,0,0,卖盘
2816,09:25:03,10.36,10.36,1705,1767291,买盘
