,time,price,change,volume,amount,type
0,15:00:00,17.46,--,0,0,中性盘
1,15:00:00,17.46,-0.01,0,0,中性盘
2,15:00:00,17.47,0.02,5,8735,买盘
3,14:59:58,17.45,-0.01,11,19195,卖盘
4,14:59:53,17.46,0.01,29,50634,中性盘
5,14:59:43,17.45,--,37,64565,买盘
6,14:59:38,17.45,-0.02,20,34900,买盘
7,14:59:28,17.47,--,0,0,买盘
8,14:59:23,17.47,0.01,389,679583,买盘
9,14:59:18,17.46,0.01,12,20952,买盘
10,14:59:13,17.45,0.01,5,8725,卖盘
11,14:59:08,17.44,-0.01,22,38368,卖盘
12,14:58:58,17.45,0.01,20,34900,买盘
13,14:58:53,17.44,-0.01,73,127312,卖盘
14,14:58:48,17.45,--,4,6980,买盘
15,14:58:43,17.45,--,2,3490,买盘
16,14:58:38,17.45,0.01,5,8725,买盘
17,14:58:28,17.44,--,86,149984,卖盘
18,14:58:23,17.44,--,16,27904,卖盘
19,14:58:13,17.44,--,50,87200,卖盘
20,14:58:08,17.44,0.01,131,228464,买盘
21,14:58:03,17.43,-0.01,4,6972,卖盘
22,14:57:58,17.44,0.01,106,184864,买盘
23,14:57:53,17.43,-0.01,49,85407,卖盘
24,14:57:43,17.44,--,25,43600,买盘
25,14:57:38,17.44,0.01,8,13952,中性盘
26,14:57:33,17.43,-0.01,118,205674,卖盘
27,14:57:28,17.44,--,4,6976,买盘
28,14:57:23,17.44,0.01,15,26160,买盘
29,14:57:13,17.43,--,322,561246,卖盘
30,14:57:08,17.43,-0.01,276,481068,卖盘
31,14:57:03,17.44,0.01,105,183120,买盘
32,14:56:58,17.43,-0.01,24,41832,卖盘
33,14:56:53,17.44,--,222,388702,买盘
34,14:56:48,17.44,--,15,26160,买盘
35,14:56:43,17.44,--,66,115104,买盘
36,14:56:38,17.44,--,555,968373,买盘
37,14:56:33,17.44,0.01,12,20928,买盘
38,14:56:28,17.43,-0.01,75,130725,卖盘
39,14:56:23,17.44,--,98,170912,买盘
40,14:56:18,17.44,--,16,27904,买盘
41,14:56:13,17.44,--,206,359264,买盘
42,14:56:08,17.44,--,40,69760,买盘
43,14:56:03,17.44,0.01,1,1744,买盘
44,14:55:58,17.43,0.01,301,524643,买盘
45,14:55:52,17.42,--,64,112341,卖盘
46,14:55:48,17.42,--,61,106262,卖盘
47,14:55:43,17.42,--,150,261300,买盘
48,14:55:38,17.42,--,34,59228,买盘
49,14:55:28,17.42,--,11,19162,买盘
50,14:55:23,17.42,--,161,280462,买盘
51,14:55:12,17.42,--,209,364078,买盘
52,14:55:07,17.42,--,217,378014,买盘
53,14:55:02,17.42,--,1,1742,买盘
54,14:54:57,17.42,-0.01,364,634088,卖盘
55,14:54:52,17.43,--,2,3486,买盘
56,14:54:47,17.43,--,6,10458,买盘
57,14:54:42,17.43,--,1,1743,卖盘
58,14:54:37,17.43,-0.01,5,8715,卖盘
59,14:54:32,17.44,-0.01,192,334848,卖盘
60,14:54:27,17.45,--,15,26175,买盘
61,14:54:22,17.45,0.01,12,20940,买盘
62,14:54:17,17.44,-0.01,4,6976,卖盘
63,14:54:12,17.45,--,48,83760,买盘
64,14:54:07,17.45,0.01,44,76780,买盘
65,14:54:02,17.44,--,64,111616,卖盘
66,14:53:52,17.44,-0.01,5,8720,卖盘
67,14:53:47,17.45,0.01,88,153560,买盘
68,14:53:37,17.44,-0.01,20,34880,卖盘
69,14:53:32,17.45,--,77,134365,买盘
70,14:53:27,17.45,--,11,19195,买盘
71,14:53:22,17.45,--,43,75035,买盘
72,14:53:17,17.45,0.01,45,78525,买盘
73,14:53:12,17.44,-0.01,22,38368,卖盘
74,14:53:07,17.45,0.01,5,8725,买盘
75,14:53:02,17.44,-0.01,181,315664,卖盘
76,14:52:57,17.45,--,277,484534,卖盘
77,14:52:52,17.45,--,357,623540,卖盘
78,14:52:42,17.45,--,15,26175,买盘
79,14:52:37,17.45,--,35,61075,买盘
80,14:52:32,17.45,0.01,5,8725,买盘
81,14:52:22,17.44,-0.01,45,78480,中性盘
82,14:52:17,17.45,0.03,152,265240,买盘
83,14:52:12,17.42,--,4,6968,卖盘
84,14:52:07,17.42,0.01,45,79957,卖盘
85,14:52:02,17.41,-0.01,273,475293,卖盘
86,14:51:52,17.42,-0.06,49,85358,卖盘
87,14:51:47,17.48,0.02,23,40204,买盘
88,14:51:42,17.46,--,9,15714,卖盘
89,14:51:37,17.46,0.02,151,263646,买盘
90,14:51:32,17.44,-0.01,15,26160,卖盘
91,14:51:27,17.45,--,0,0,买盘
92,14:51:22,17.45,--,93,162721,卖盘
93,14:51:17,17.45,0.07,18,32718,买盘
94,14:51:12,17.38,-0.03,181,314578,卖盘
95,14:51:07,17.41,0.01,124,215884,中性盘
96,14:51:02,17.4,-0.03,316,549840,卖盘
97,14:50:57,17.43,--,0,0,卖盘
98,14:50:52,17.43,-0.01,33,57519,卖盘
99,14:50:47,17.44,-0.04,29,50576,卖盘
100,14:50:42,17.48,0.01,11,19228,卖盘
101,14:50:37,17.47,0.02,220,384340,买盘
102,14:50:32,17.45,-0.02,234,408330,卖盘
103,14:50:22,17.47,--,70,122289,卖盘
104,14:50:17,17.47,-0.01,200,349400,卖盘
105,14:50:12,17.48,--,55,96367,卖盘
106,14:50:07,17.48,-0.01,179,312892,卖盘
107,14:50:02,17.49,--,276,482723,卖盘
108,14:49:52,17.49,-0.02,5,8745,卖盘
109,14:49:47,17.51,0.01,2,3502,买盘
110,14:49:42,17.5,--,10,17500,买盘
111,14:49:36,17.5,--,601,1051750,卖盘
112,14:49:31,17.5,--,7,12250,卖盘
113,14:49:27,17.5,-0.01,1,1750,卖盘
114,14:49:22,17.51,--,5,8755,买盘
115,14:49:16,17.51,0.02,10,17510,买盘
116,14:49:11,17.49,0.01,3,5246,中性盘
117,14:49:07,17.48,-0.05,20,34960,卖盘
118,14:49:01,17.53,0.03,425,745025,买盘
119,14:48:51,17.5,--,543,950250,卖盘
120,14:48:46,17.5,--,15,26250,卖盘
121,14:48:37,17.5,-0.01,21,36750,中性盘
122,14:48:31,17.51,0.02,157,274907,买盘
123,14:48:26,17.49,--,4,6995,卖盘
124,14:48:21,17.49,--,4,6995,卖盘
125,14:48:11,17.49,--,10,17490,卖盘
126,14:48:06,17.49,--,1026,1794473,买盘
127,14:48:01,17.49,0.01,421,736328,买盘
128,14:47:56,17.48,--,19,33212,卖盘
129,14:47:51,17.48,-0.01,21,36708,卖盘
130,14:47:46,17.49,0.01,6,10493,买盘
131,14:47:41,17.48,-0.01,6,10488,卖盘
132,14:47:31,17.49,0.01,177,309573,买盘
133,14:47:25,17.48,-0.01,10,17480,卖盘
134,14:47:21,17.49,--,32,55967,买盘
135,14:47:16,17.49,--,16,27983,买盘
136,14:47:11,17.49,--,24,41975,买盘
137,14:47:06,17.49,--,3,5246,买盘
138,14:47:01,17.49,-0.01,537,939212,卖盘
139,14:46:56,17.5,--,515,901250,买盘
140,14:46:51,17.5,0.01,2,3500,买盘
141,14:46:46,17.49,--,1,1748,卖盘
142,14:46:41,17.49,--,339,592911,买盘
143,14:46:36,17.49,--,171,299079,买盘
144,14:46:31,17.49,--,33,57716,买盘
145,14:46:26,17.49,--,41,71709,买盘
146,14:46:16,17.49,--,5,8745,买盘
147,14:46:11,17.49,--,40,69960,买盘
148,14:46:06,17.49,-0.01,9,15740,中性盘
149,14:46:01,17.5,0.01,1164,2037000,买盘
150,14:45:56,17.49,--,108,188891,卖盘
151,14:45:51,17.49,-0.01,8,13991,卖盘
152,14:45:46,17.5,--,8,14000,买盘
153,14:45:41,17.5,--,131,229250,买盘
154,14:45:31,17.5,0.01,972,1701000,买盘
155,14:45:25,17.49,-0.01,64,111935,卖盘
156,14:45:21,17.5,--,1,1750,买盘
157,14:45:16,17.5,--,24,42000,买盘
158,14:45:11,17.5,-0.01,1445,2528750,卖盘
159,14:45:01,17.51,--,278,486778,买盘
160,14:44:56,17.51,--,482,844157,卖盘
161,14:44:51,17.51,-0.01,2,3502,卖盘
162,14:44:41,17.52,0.01,133,233016,买盘
163,14:44:35,17.51,--,4,7004,卖盘
164,14:44:30,17.51,-0.01,35,61285,卖盘
165,14:44:25,17.52,0.01,43,75336,买盘
166,14:44:21,17.51,--,6,12081,卖盘
167,14:44:11,17.51,-0.01,266,465766,卖盘
168,14:44:00,17.52,0.01,266,466032,买盘
169,14:43:56,17.51,--,5,8755,卖盘
170,14:43:51,17.51,-0.01,4,7004,卖盘
171,14:43:46,17.52,--,2,3504,买盘
172,14:43:41,17.52,--,340,595680,买盘
173,14:43:36,17.52,-0.01,36,64333,卖盘
174,14:43:31,17.53,0.01,2,3506,买盘
175,14:43:26,17.52,-0.02,211,369672,卖盘
176,14:43:21,17.54,--,0,0,买盘
177,14:43:16,17.54,0.02,126,221004,买盘
178,14:43:11,17.52,-0.01,24,42048,卖盘
179,14:43:06,17.53,--,6,10518,卖盘
180,14:43:01,17.53,-0.01,351,615303,卖盘
181,14:42:56,17.54,0.01,896,1571584,买盘
182,14:42:40,17.53,-0.01,63,110439,卖盘
183,14:42:30,17.54,--,8,14032,卖盘
184,14:42:25,17.54,--,5,8770,卖盘
185,14:42:20,17.54,--,40,70160,卖盘
186,14:42:10,17.54,--,83,146143,卖盘
187,14:42:05,17.54,--,3,5262,卖盘
188,14:42:00,17.54,--,264,463056,卖盘
189,14:41:55,17.54,--,58,101732,卖盘
190,14:41:50,17.54,--,17,29818,卖盘
191,14:41:45,17.54,--,18,32308,卖盘
192,14:41:40,17.54,-0.01,5,8770,卖盘
193,14:41:30,17.55,0.01,1,1755,买盘
194,14:41:25,17.54,-0.01,19,33326,卖盘
195,14:41:20,17.55,-0.01,12,21060,卖盘
196,14:41:15,17.56,0.01,27,47412,买盘
197,14:41:10,17.55,--,139,243945,卖盘
198,14:41:05,17.55,--,53,93015,买盘
199,14:41:00,17.55,-0.01,261,458055,买盘
200,14:40:55,17.56,0.01,3015,5295481,买盘
201,14:40:50,17.55,--,7,12285,卖盘
202,14:40:45,17.55,--,151,265005,卖盘
203,14:40:40,17.55,--,35,61425,卖盘
204,14:40:35,17.55,-0.01,15,26325,卖盘
205,14:40:30,17.56,0.01,5,8780,买盘
206,14:40:25,17.55,-0.01,20,35100,卖盘
207,14:40:20,17.56,0.01,129,226523,买盘
208,14:40:15,17.55,--,61,107055,卖盘
209,14:40:10,17.55,-0.01,20,35100,卖盘
210,14:40:05,17.56,0.01,1,1755,买盘
211,14:40:00,17.55,-0.01,260,456300,卖盘
212,14:39:55,17.56,--,476,836628,卖盘
213,14:39:50,17.56,--,129,226523,卖盘
214,14:39:45,17.56,--,2,3511,卖盘
215,14:39:40,17.56,--,20,35120,卖盘
216,14:39:35,17.56,--,43,75508,卖盘
217,14:39:30,17.56,--,17,29851,卖盘
218,14:39:25,17.56,--,2091,3672779,买盘
219,14:39:19,17.56,--,509,893803,买盘
220,14:39:15,17.56,0.01,1,1755,买盘
221,14:39:10,17.55,--,53,93015,卖盘
222,14:39:05,17.55,-0.01,281,493874,卖盘
223,14:39:00,17.56,0.01,1,1755,买盘
224,14:38:55,17.55,-0.01,19,33345,卖盘
225,14:38:50,17.56,0.01,13,22828,买盘
226,14:38:45,17.55,-0.01,51,89505,卖盘
227,14:38:40,17.56,0.01,316,554896,买盘
228,14:38:35,17.55,-0.01,43,75465,卖盘
229,14:38:30,17.56,0.01,24,42144,买盘
230,14:38:25,17.55,--,8,14040,卖盘
231,14:38:19,17.55,--,8,14040,卖盘
232,14:38:15,17.55,-0.01,113,198315,卖盘
233,14:38:10,17.56,--,185,324860,买盘
234,14:38:05,17.56,0.01,478,839367,买盘
235,14:38:00,17.55,-0.01,12,21060,卖盘
236,14:37:55,17.56,--,43,75508,买盘
237,14:37:49,17.56,--,40,70240,买盘
238,14:37:45,17.56,--,123,217024,卖盘
239,14:37:40,17.56,--,122,214231,卖盘
240,14:37:34,17.56,--,28,49168,卖盘
241,14:37:30,17.56,--,21,36876,卖盘
242,14:37:25,17.56,--,57,100091,卖盘
243,14:37:20,17.56,-0.01,32,56191,卖盘
244,14:37:15,17.57,0.01,7,12299,买盘
245,14:37:09,17.56,--,28,49168,卖盘
246,14:37:04,17.56,-0.01,5,8780,卖盘
247,14:37:00,17.57,--,2,3514,买盘
248,14:36:55,17.57,0.01,31,54467,买盘
249,14:36:50,17.56,-0.01,64,112383,卖盘
250,14:36:44,17.57,--,25,43925,买盘
251,14:36:39,17.57,--,19,33383,卖盘
252,14:36:34,17.57,-0.01,39,68523,卖盘
253,14:36:30,17.58,0.01,155,272490,买盘
254,14:36:25,17.57,--,16,28112,卖盘
255,14:36:19,17.57,-0.01,136,238952,卖盘
256,14:36:15,17.58,0.01,156,274248,买盘
257,14:36:09,17.57,--,54,94878,卖盘
258,14:36:04,17.57,--,43,75551,卖盘
259,14:35:59,17.57,-0.01,12,21084,卖盘
260,14:35:54,17.58,0.01,52,91415,买盘
261,14:35:49,17.57,--,8,14056,卖盘
262,14:35:44,17.57,-0.01,100,175700,卖盘
263,14:35:34,17.58,0.01,530,931739,买盘
264,14:35:29,17.57,--,1179,2071503,买盘
265,14:35:24,17.57,0.01,70,122990,买盘
266,14:35:19,17.56,--,7,12292,卖盘
267,14:35:14,17.56,--,2,3511,卖盘
268,14:35:09,17.56,0.01,1771,3109893,买盘
269,14:35:04,17.55,--,229,401895,卖盘
270,14:34:58,17.55,--,41,71955,卖盘
271,14:34:54,17.55,-0.01,47,82485,卖盘
272,14:34:49,17.56,0.01,18,31607,买盘
273,14:34:44,17.55,--,12,21060,卖盘
274,14:34:39,17.55,--,11,19305,卖盘
275,14:34:34,17.55,--,89,156195,卖盘
276,14:34:24,17.55,-0.01,46,80730,卖盘
277,14:34:19,17.56,0.01,105,184380,买盘
278,14:34:14,17.55,-0.01,1,1755,卖盘
279,14:34:09,17.56,0.01,37,64971,买盘
280,14:34:04,17.55,--,49,85995,卖盘
281,14:33:58,17.55,--,10,17550,卖盘
282,14:33:54,17.55,--,63,110565,卖盘
283,14:33:49,17.55,--,12,21060,卖盘
284,14:33:44,17.55,-0.01,32,56160,卖盘
285,14:33:34,17.56,0.01,69,121163,买盘
286,14:33:28,17.55,--,2,3510,卖盘
287,14:33:24,17.55,-0.01,126,222358,卖盘
288,14:33:19,17.56,--,28,49168,买盘
289,14:33:13,17.56,0.01,66,115895,买盘
290,14:33:09,17.55,--,91,159705,卖盘
291,14:33:04,17.55,--,31,54405,卖盘
292,14:32:58,17.55,-0.01,81,142155,卖盘
293,14:32:54,17.56,--,238,417927,买盘
294,14:32:49,17.56,0.01,102,179112,买盘
295,14:32:44,17.55,-0.01,109,191295,卖盘
296,14:32:39,17.56,--,10,17560,买盘
297,14:32:34,17.56,0.01,421,739276,买盘
298,14:32:28,17.55,--,21,36855,卖盘
299,14:32:24,17.55,--,1391,2442328,买盘
300,14:32:19,17.55,0.01,2,3510,买盘
301,14:32:14,17.54,0.01,1257,2204778,买盘
302,14:32:09,17.53,--,30,52590,卖盘
303,14:32:04,17.53,-0.01,35,61355,卖盘
304,14:31:58,17.54,0.02,496,870773,买盘
305,14:31:54,17.52,--,20,35040,卖盘
306,14:31:49,17.52,--,18,31536,卖盘
307,14:31:39,17.52,-0.01,5,8760,卖盘
308,14:31:34,17.53,--,116,203348,买盘
309,14:31:28,17.53,--,53,92909,买盘
310,14:31:24,17.53,--,48,84144,买盘
311,14:31:19,17.53,0.01,8,14024,买盘
312,14:31:13,17.52,-0.01,6,10512,卖盘
313,14:31:09,17.53,0.01,27,47331,买盘
314,14:31:04,17.52,--,71,124392,卖盘
315,14:30:58,17.52,-0.01,51,89352,卖盘
316,14:30:54,17.53,--,78,136734,买盘
317,14:30:49,17.53,0.01,41,71873,买盘
318,14:30:44,17.52,-0.01,41,71832,卖盘
319,14:30:39,17.53,0.01,77,134981,买盘
320,14:30:34,17.52,--,29,50808,卖盘
321,14:30:28,17.52,0.01,573,1004053,买盘
322,14:30:24,17.51,-0.01,31,54281,买盘
323,14:30:19,17.52,--,124,217248,买盘
324,14:30:13,17.52,0.02,98,171696,买盘
325,14:30:09,17.5,-0.01,60,105000,卖盘
326,14:30:03,17.51,--,19,33269,卖盘
327,14:29:58,17.51,--,62,108562,卖盘
328,14:29:54,17.51,--,6,10506,卖盘
329,14:29:49,17.51,0.01,170,298230,买盘
330,14:29:43,17.5,--,49,85750,买盘
331,14:29:38,17.5,--,34,59500,买盘
332,14:29:33,17.5,--,1088,1904000,买盘
333,14:29:28,17.5,--,203,355250,买盘
334,14:29:23,17.5,-0.01,3692,6461227,卖盘
335,14:29:18,17.51,--,44,78584,卖盘
336,14:29:13,17.51,--,116,203326,买盘
337,14:29:07,17.51,0.01,84,147084,买盘
338,14:29:03,17.5,-0.01,12,21000,卖盘
339,14:28:58,17.51,0.01,257,450007,买盘
340,14:28:52,17.5,--,5,8750,卖盘
341,14:28:48,17.5,--,58,101500,卖盘
342,14:28:43,17.5,--,13,22750,卖盘
343,14:28:37,17.5,--,6,10500,卖盘
344,14:28:33,17.5,0.02,144,253522,买盘
345,14:28:18,17.48,--,11,19228,卖盘
346,14:28:13,17.48,--,7,12236,卖盘
347,14:28:07,17.48,-0.01,30,52440,卖盘
348,14:28:03,17.49,0.01,4,6995,卖盘
349,14:27:58,17.48,-0.01,41,71668,卖盘
350,14:27:52,17.49,0.01,8,13991,中性盘
351,14:27:48,17.48,-0.02,43,75164,卖盘
352,14:27:43,17.5,0.02,38,66500,买盘
353,14:27:33,17.48,--,36,62928,卖盘
354,14:27:28,17.48,--,5,8740,卖盘
355,14:27:18,17.48,--,12,20976,卖盘
356,14:27:13,17.48,--,5,8740,卖盘
357,14:27:07,17.48,--,20,34960,卖盘
358,14:27:03,17.48,-0.01,17,29716,卖盘
359,14:26:57,17.49,--,1,1748,买盘
360,14:26:52,17.49,--,9,15740,卖盘
361,14:26:48,17.49,0.01,758,1325741,中性盘
362,14:26:43,17.48,--,9,15732,卖盘
363,14:26:37,17.48,--,0,0,卖盘
364,14:26:33,17.48,--,331,578588,卖盘
365,14:26:27,17.48,--,59,103132,卖盘
366,14:26:18,17.48,--,18,31464,卖盘
367,14:26:13,17.48,--,1,1748,卖盘
368,14:26:07,17.48,--,28,48944,卖盘
369,14:26:03,17.48,-0.01,81,141588,卖盘
370,14:25:58,17.49,0.01,37,64712,买盘
371,14:25:52,17.48,--,6,10488,卖盘
372,14:25:48,17.48,--,124,216752,卖盘
373,14:25:43,17.48,--,2,3496,卖盘
374,14:25:37,17.48,--,15,26220,卖盘
375,14:25:33,17.48,--,2,3496,卖盘
376,14:25:28,17.48,--,6,10488,卖盘
377,14:25:22,17.48,-0.01,5,8740,卖盘
378,14:25:18,17.49,0.01,3,5246,买盘
379,14:25:13,17.48,--,6,10488,卖盘
380,14:25:07,17.48,-0.01,152,265696,卖盘
381,14:25:03,17.49,0.01,8,13991,买盘
382,14:24:57,17.48,--,4,6992,卖盘
383,14:24:52,17.48,-0.02,15,26220,卖盘
384,14:24:48,17.5,0.01,7,12250,买盘
385,14:24:43,17.49,--,12,20987,卖盘
386,14:24:37,17.49,-0.01,15,26234,卖盘
387,14:24:28,17.5,0.01,22,38500,买盘
388,14:24:22,17.49,--,12,20987,卖盘
389,14:24:18,17.49,0.01,26,45473,买盘
390,14:24:12,17.48,--,4,6992,卖盘
391,14:24:07,17.48,-0.01,29,50692,卖盘
392,14:24:03,17.49,0.01,3,5246,买盘
393,14:23:57,17.48,-0.01,9,15732,卖盘
394,14:23:52,17.49,0.01,2,3497,买盘
395,14:23:43,17.48,--,17,29716,卖盘
396,14:23:37,17.48,-0.01,8,13984,卖盘
397,14:23:32,17.49,-0.01,1,1748,卖盘
398,14:23:27,17.5,0.01,1,1750,买盘
399,14:23:22,17.49,0.01,5,8745,卖盘
400,14:23:12,17.48,--,0,0,卖盘
401,14:23:07,17.48,-0.02,24,41952,卖盘
402,14:23:03,17.5,--,0,0,买盘
403,14:22:58,17.5,0.01,2,3500,买盘
404,14:22:47,17.49,0.01,1,1748,买盘
405,14:22:37,17.48,-0.01,16,27968,卖盘
406,14:22:33,17.49,0.01,2,3497,中性盘
407,14:22:27,17.48,-0.02,28,48944,卖盘
408,14:22:22,17.5,0.01,53,92750,买盘
409,14:22:17,17.49,0.01,22,38478,买盘
410,14:22:12,17.48,--,76,132848,卖盘
411,14:22:07,17.48,-0.01,102,178296,卖盘
412,14:22:01,17.49,0.01,3,5246,买盘
413,14:21:52,17.48,-0.01,3,5244,卖盘
414,14:21:36,17.49,0.01,7,12242,卖盘
415,14:21:31,17.48,--,0,0,卖盘
416,14:21:27,17.48,-0.02,181,316388,卖盘
417,14:21:21,17.5,--,120,210000,买盘
418,14:21:16,17.5,0.01,1,1750,买盘
419,14:21:12,17.49,--,54,94445,卖盘
420,14:21:06,17.49,-0.01,24,41975,卖盘
421,14:20:57,17.5,0.01,9,15750,买盘
422,14:20:46,17.49,-0.01,1,1748,卖盘
423,14:20:42,17.5,0.01,90,157500,买盘
424,14:20:36,17.49,-0.01,5,8745,卖盘
425,14:20:31,17.5,--,1,1750,买盘
426,14:20:27,17.5,--,15,26250,买盘
427,14:20:16,17.5,--,7,12250,买盘
428,14:20:12,17.5,0.01,7,12250,买盘
429,14:20:06,17.49,-0.01,66,115433,卖盘
430,14:20:01,17.5,--,34,59500,买盘
431,14:19:57,17.5,--,4,7000,买盘
432,14:19:46,17.5,--,1,1750,买盘
433,14:19:42,17.5,0.01,10,17500,买盘
434,14:19:36,17.49,-0.01,4,6995,卖盘
435,14:19:27,17.5,0.01,5,8750,买盘
436,14:19:06,17.49,-0.01,24,41975,卖盘
437,14:18:57,17.5,--,15,26250,买盘
438,14:18:51,17.5,--,1,1750,买盘
439,14:18:36,17.5,-0.01,5,8750,中性盘
440,14:18:27,17.51,0.01,30,52530,买盘
441,14:18:21,17.5,--,11,19250,买盘
442,14:18:12,17.5,0.01,31,54250,中性盘
443,14:18:06,17.49,-0.01,939,1642310,卖盘
444,14:18:01,17.5,--,3,5250,买盘
445,14:17:57,17.5,--,47,82250,买盘
446,14:17:51,17.5,0.01,20,35000,买盘
447,14:17:46,17.49,--,1,1748,卖盘
448,14:17:36,17.49,-0.01,4,6995,卖盘
449,14:17:31,17.5,0.01,14,24500,买盘
450,14:17:27,17.49,-0.01,6,10493,卖盘
451,14:17:21,17.5,0.01,19,33250,买盘
452,14:17:16,17.49,--,36,62963,卖盘
453,14:17:06,17.49,--,26,45473,卖盘
454,14:17:01,17.49,-0.01,13,22736,卖盘
455,14:16:51,17.5,0.01,2,3500,买盘
456,14:16:41,17.49,--,13,22736,卖盘
457,14:16:36,17.49,-0.01,4,6995,卖盘
458,14:16:31,17.5,--,48,84000,买盘
459,14:16:26,17.5,0.01,1,1750,买盘
460,14:16:21,17.49,-0.01,1,1748,卖盘
461,14:16:16,17.5,0.01,9,15750,买盘
462,14:16:06,17.49,-0.01,34,59465,卖盘
463,14:16:01,17.5,--,7,12250,买盘
464,14:15:36,17.5,-0.01,4,7000,卖盘
465,14:15:31,17.51,0.01,10,17510,买盘
466,14:15:21,17.5,--,1,1750,买盘
467,14:15:16,17.5,0.01,7,12250,买盘
468,14:15:06,17.49,-0.02,26,45473,卖盘
469,14:15:01,17.51,0.01,4,7004,买盘
470,14:14:46,17.5,--,10,17500,卖盘
471,14:14:36,17.5,--,19,33250,卖盘
472,14:14:31,17.5,--,4,7000,卖盘
473,14:14:26,17.5,--,2,3500,卖盘
474,14:14:21,17.5,--,33,57750,卖盘
475,14:14:15,17.5,--,60,105000,卖盘
476,14:14:10,17.5,0.02,809,1417272,买盘
477,14:14:06,17.48,-0.01,26,45448,卖盘
478,14:13:51,17.49,--,982,1717517,买盘
479,14:13:45,17.49,-0.01,428,749551,卖盘
480,14:13:40,17.5,--,27,47250,买盘
481,14:13:36,17.5,--,80,140000,买盘
482,14:13:30,17.5,0.01,64,112000,买盘
483,14:13:25,17.49,--,9,15740,卖盘
484,14:13:21,17.49,--,542,947957,卖盘
485,14:13:15,17.49,--,74,129425,卖盘
486,14:13:06,17.49,--,75,131175,卖盘
487,14:13:00,17.49,--,97,169652,卖盘
488,14:12:55,17.49,--,825,1442924,卖盘
489,14:12:51,17.49,-0.01,13,22736,卖盘
490,14:12:45,17.5,0.01,47,82250,买盘
491,14:12:40,17.49,--,30,52469,卖盘
492,14:12:36,17.49,-0.01,95,166154,卖盘
493,14:12:30,17.5,0.01,61,106750,买盘
494,14:12:25,17.49,--,196,342803,卖盘
495,14:12:21,17.49,--,54,94445,卖盘
496,14:12:15,17.49,--,8,13991,卖盘
497,14:12:06,17.49,--,104,181895,卖盘
498,14:12:00,17.49,--,75,131175,卖盘
499,14:11:55,17.49,-0.01,2,3497,卖盘
500,14:11:51,17.5,0.01,2,3500,买盘
501,14:11:45,17.49,--,199,348050,卖盘
502,14:11:36,17.49,-0.01,7,12242,卖盘
503,14:11:30,17.5,--,6,11270,买盘
504,14:11:21,17.5,0.01,33,57750,买盘
505,14:11:15,17.49,--,40,69960,卖盘
506,14:11:10,17.49,--,9,15740,卖盘
507,14:11:06,17.49,--,81,141669,卖盘
508,14:11:00,17.49,-0.01,56,97943,卖盘
509,14:10:51,17.5,0.01,2,3500,买盘
510,14:10:45,17.49,--,60,104939,卖盘
511,14:10:36,17.49,-0.01,685,1198065,卖盘
512,14:10:30,17.5,--,18,31500,卖盘
513,14:10:25,17.5,--,57,99750,卖盘
514,14:10:21,17.5,--,191,334250,卖盘
515,14:10:15,17.5,--,37,64750,卖盘
516,14:10:06,17.5,--,28,49000,卖盘
517,14:10:00,17.5,-0.01,329,575750,卖盘
518,14:09:55,17.51,0.01,255,446505,买盘
519,14:09:51,17.5,-0.01,34,59500,卖盘
520,14:09:45,17.51,--,529,926279,买盘
521,14:09:40,17.51,--,13,22763,买盘
522,14:09:36,17.51,0.01,85,148835,买盘
523,14:09:30,17.5,--,11,19250,卖盘
524,14:09:21,17.5,-0.01,122,213500,卖盘
525,14:09:15,17.51,0.01,183,320433,买盘
526,14:09:05,17.5,-0.01,26,45500,卖盘
527,14:09:00,17.51,-0.01,114,200139,卖盘
528,14:08:50,17.52,0.01,42,73741,买盘
529,14:08:45,17.51,--,15,26265,卖盘
530,14:08:40,17.51,--,103,180353,卖盘
531,14:08:35,17.51,-0.01,4,7004,卖盘
532,14:08:30,17.52,--,16,28032,买盘
533,14:08:25,17.52,0.01,1,1752,买盘
534,14:08:15,17.51,--,22,38522,卖盘
535,14:08:10,17.51,--,20,35020,卖盘
536,14:08:05,17.51,-0.01,4,7004,卖盘
537,14:08:00,17.52,0.01,33,58464,买盘
538,14:07:55,17.51,--,7,12257,卖盘
539,14:07:50,17.51,--,5,8755,卖盘
540,14:07:35,17.51,-0.01,4,7004,卖盘
541,14:07:30,17.52,0.01,71,124392,买盘
542,14:07:25,17.51,-0.01,1073,1879943,卖盘
543,14:07:20,17.52,--,35,61320,卖盘
544,14:07:15,17.52,--,734,1286598,买盘
545,14:07:09,17.52,0.01,26,45552,买盘
546,14:07:05,17.51,--,6,10506,卖盘
547,14:07:00,17.51,--,147,257554,卖盘
548,14:06:54,17.51,-0.01,17,29767,卖盘
549,14:06:49,17.52,0.01,2,3504,买盘
550,14:06:45,17.51,--,60,105060,卖盘
551,14:06:34,17.51,--,166,290666,卖盘
552,14:06:30,17.51,--,40,70197,卖盘
553,14:06:24,17.51,-0.01,52,91052,卖盘
554,14:06:19,17.52,0.01,2,3504,买盘
555,14:06:15,17.51,-0.01,33,57783,卖盘
556,14:06:09,17.52,0.01,30,52560,买盘
557,14:06:04,17.51,--,7,12257,卖盘
558,14:06:00,17.51,--,33,57940,卖盘
559,14:05:54,17.51,-0.01,4,7004,卖盘
560,14:05:49,17.52,--,13,22776,买盘
561,14:05:45,17.52,0.01,16,28032,买盘
562,14:05:34,17.51,-0.01,16,28016,卖盘
563,14:05:30,17.52,0.01,72,126301,买盘
564,14:05:24,17.51,--,10,17510,卖盘
565,14:05:19,17.51,--,32,56032,卖盘
566,14:05:09,17.51,--,60,105060,卖盘
567,14:05:04,17.51,--,10,17510,卖盘
568,14:05:00,17.51,--,56,98598,卖盘
569,14:04:54,17.51,-0.01,1,1751,卖盘
570,14:04:49,17.52,0.01,102,178704,买盘
571,14:04:45,17.51,-0.01,7,12257,卖盘
572,14:04:39,17.52,--,129,227181,卖盘
573,14:04:34,17.52,-0.01,6,10512,卖盘
574,14:04:30,17.53,0.01,33,58006,买盘
575,14:04:24,17.52,--,16,28032,卖盘
576,14:04:15,17.52,--,31,54312,卖盘
577,14:04:09,17.52,--,22,38544,卖盘
578,14:04:04,17.52,-0.01,4,7008,卖盘
579,14:04:00,17.53,0.01,34,59759,买盘
580,14:03:45,17.52,--,18,31851,买盘
581,14:03:39,17.52,--,13,22776,买盘
582,14:03:34,17.52,--,5,8760,买盘
583,14:03:30,17.52,--,366,642826,卖盘
584,14:03:24,17.52,--,8,14016,卖盘
585,14:03:15,17.52,--,20,35040,卖盘
586,14:03:09,17.52,--,20,35040,卖盘
587,14:03:04,17.52,-0.01,5,8760,卖盘
588,14:02:59,17.53,0.01,58,101831,买盘
589,14:02:54,17.52,-0.01,20,35040,买盘
590,14:02:49,17.53,--,0,0,买盘
591,14:02:44,17.53,0.01,52,91156,买盘
592,14:02:39,17.52,0.01,5,8760,买盘
593,14:02:34,17.51,--,12,21012,卖盘
594,14:02:29,17.51,-0.01,531,929938,卖盘
595,14:02:24,17.52,0.01,23,40296,买盘
596,14:02:19,17.51,--,13,22763,卖盘
597,14:02:14,17.51,--,10,17510,卖盘
598,14:02:09,17.51,--,49,85799,卖盘
599,14:02:04,17.51,-0.01,8,14008,卖盘
600,14:01:59,17.52,0.01,32,56221,买盘
601,14:01:54,17.51,-0.01,51,89301,卖盘
602,14:01:49,17.52,--,2,3504,买盘
603,14:01:44,17.52,--,6,10512,卖盘
604,14:01:34,17.52,0.01,10,17520,买盘
605,14:01:29,17.51,--,29,50936,卖盘
606,14:01:24,17.51,-0.02,29,50779,卖盘
607,14:01:19,17.53,0.02,65,113945,买盘
608,14:01:09,17.51,--,20,35020,卖盘
609,14:01:04,17.51,-0.01,7,12257,卖盘
610,14:00:59,17.52,--,110,192877,买盘
611,14:00:54,17.52,--,8,14016,买盘
612,14:00:49,17.52,--,115,201480,买盘
613,14:00:39,17.52,0.01,18,31536,买盘
614,14:00:33,17.51,--,61,106811,卖盘
615,14:00:29,17.51,-0.01,39,68446,卖盘
616,14:00:24,17.52,0.01,16,28189,买盘
617,14:00:18,17.51,--,12,21012,买盘
618,14:00:14,17.51,--,4,7004,买盘
619,14:00:09,17.51,0.01,35,61285,买盘
620,14:00:03,17.5,-0.01,4,7000,卖盘
621,13:59:59,17.51,0.01,31,54438,买盘
622,13:59:54,17.5,-0.01,3,5250,卖盘
623,13:59:48,17.51,--,1,1751,买盘
624,13:59:39,17.51,--,24,42024,买盘
625,13:59:33,17.51,-0.01,41,73384,卖盘
626,13:59:29,17.52,0.01,33,57973,买盘
627,13:59:24,17.51,--,51,89301,卖盘
628,13:59:18,17.51,--,22,38522,卖盘
629,13:59:09,17.51,--,21,36771,卖盘
630,13:59:03,17.51,--,46,80546,买盘
631,13:58:58,17.51,--,33,57940,买盘
632,13:58:48,17.51,--,10,17510,买盘
633,13:58:43,17.51,--,95,166345,买盘
634,13:58:38,17.51,--,23,40273,卖盘
635,13:58:33,17.51,0.01,43,75293,买盘
636,13:58:28,17.5,-0.01,539,943407,卖盘
637,13:58:23,17.51,--,300,525300,买盘
638,13:58:18,17.51,--,12,21012,买盘
639,13:58:08,17.51,0.01,30,52530,买盘
640,13:58:03,17.5,--,7,12250,卖盘
641,13:57:58,17.5,-0.01,30,52657,卖盘
642,13:57:48,17.51,0.01,17,29767,买盘
643,13:57:38,17.5,--,75,131250,卖盘
644,13:57:33,17.5,--,6,10500,卖盘
645,13:57:28,17.5,--,59,103565,卖盘
646,13:57:18,17.5,-0.01,27,47250,卖盘
647,13:57:13,17.51,0.01,5,8755,买盘
648,13:57:08,17.5,--,31,54250,卖盘
649,13:57:03,17.5,--,12,21000,卖盘
650,13:56:58,17.5,-0.01,58,101815,卖盘
651,13:56:53,17.51,--,1,1751,买盘
652,13:56:48,17.51,--,102,178602,买盘
653,13:56:33,17.51,--,27,47277,买盘
654,13:56:28,17.51,--,33,57940,买盘
655,13:56:18,17.51,0.01,2,3502,买盘
656,13:56:13,17.5,--,40,70000,卖盘
657,13:56:08,17.5,--,57,99750,卖盘
658,13:56:03,17.5,--,29,50750,卖盘
659,13:55:58,17.5,-0.01,14,24500,卖盘
660,13:55:53,17.51,0.01,45,78795,买盘
661,13:55:48,17.5,-0.01,21,36750,卖盘
662,13:55:38,17.51,0.01,19,33269,买盘
663,13:55:33,17.5,--,7,12250,卖盘
664,13:55:28,17.5,--,150,262500,卖盘
665,13:55:23,17.5,--,0,0,卖盘
666,13:55:18,17.5,-0.02,16,28000,卖盘
667,13:55:08,17.52,0.02,26,45552,买盘
668,13:55:03,17.5,--,5,8750,卖盘
669,13:54:58,17.5,-0.02,574,1004657,卖盘
670,13:54:53,17.52,0.02,1733,3036478,买盘
671,13:54:48,17.5,-0.02,132,231000,卖盘
672,13:54:43,17.52,0.02,3,5256,买盘
673,13:54:38,17.5,-0.01,691,1210650,卖盘
674,13:54:33,17.51,--,103,180353,卖盘
675,13:54:28,17.51,--,29,50936,卖盘
676,13:54:23,17.51,--,45,80125,卖盘
677,13:54:18,17.51,--,135,236385,卖盘
678,13:54:13,17.51,--,4,7004,卖盘
679,13:54:08,17.51,--,175,306425,卖盘
680,13:54:03,17.51,--,29,50779,卖盘
681,13:53:58,17.51,--,149,262579,卖盘
682,13:53:53,17.51,--,31,54281,卖盘
683,13:53:48,17.51,--,10,17510,卖盘
684,13:53:33,17.51,--,16,28016,卖盘
685,13:53:28,17.51,--,87,152494,卖盘
686,13:53:18,17.51,--,74,129574,卖盘
687,13:53:12,17.51,--,113,197863,卖盘
688,13:53:08,17.51,--,30,52530,卖盘
689,13:53:03,17.51,--,320,560320,卖盘
690,13:52:57,17.51,--,439,768846,卖盘
691,13:52:48,17.51,--,12,21012,卖盘
692,13:52:38,17.51,--,35,61285,卖盘
693,13:52:33,17.51,--,7,12257,卖盘
694,13:52:27,17.51,--,35,61442,卖盘
695,13:52:23,17.51,--,20,35020,卖盘
696,13:52:18,17.51,--,50,88355,卖盘
697,13:52:12,17.51,--,3,5253,卖盘
698,13:52:08,17.51,--,20,35020,卖盘
699,13:52:03,17.51,-0.01,12,21012,卖盘
700,13:51:57,17.52,--,15,26280,买盘
701,13:51:48,17.52,0.01,21,36792,买盘
702,13:51:42,17.51,--,112,197407,卖盘
703,13:51:33,17.51,--,8,14008,卖盘
704,13:51:27,17.51,-0.01,50,87550,卖盘
705,13:51:18,17.52,0.01,7,12264,买盘
706,13:51:12,17.51,--,419,733669,卖盘
707,13:51:07,17.51,--,20,35020,卖盘
708,13:51:03,17.51,--,8,14008,卖盘
709,13:50:52,17.51,-0.01,49,85799,卖盘
710,13:50:48,17.52,0.01,7,12929,买盘
711,13:50:42,17.51,--,130,227630,卖盘
712,13:50:32,17.51,--,69,120819,卖盘
713,13:50:27,17.51,-0.01,91,159341,卖盘
714,13:50:22,17.52,0.01,21,36792,买盘
715,13:50:17,17.51,--,90,157590,卖盘
716,13:50:12,17.51,-0.01,86,150586,卖盘
717,13:50:07,17.52,0.01,720,1261440,买盘
718,13:50:02,17.51,--,7,12257,卖盘
719,13:49:57,17.51,--,66,115566,卖盘
720,13:49:52,17.51,--,26,45526,卖盘
721,13:49:47,17.51,--,106,185606,卖盘
722,13:49:42,17.51,--,25,43775,卖盘
723,13:49:37,17.51,--,5,8755,卖盘
724,13:49:32,17.51,--,10,17510,卖盘
725,13:49:27,17.51,--,4,7004,卖盘
726,13:49:17,17.51,--,88,154718,卖盘
727,13:49:12,17.51,--,76,133076,卖盘
728,13:49:07,17.51,-0.01,200,350200,卖盘
729,13:49:02,17.52,--,50,87600,卖盘
730,13:48:57,17.52,--,291,509832,卖盘
731,13:48:52,17.52,--,3,5256,卖盘
732,13:48:47,17.52,--,38,66576,卖盘
733,13:48:42,17.52,--,119,209959,卖盘
734,13:48:37,17.52,--,29,52034,卖盘
735,13:48:32,17.52,--,13,22776,卖盘
736,13:48:27,17.52,--,129,226008,卖盘
737,13:48:22,17.52,--,26,45552,卖盘
738,13:48:17,17.52,--,41,71832,卖盘
739,13:48:12,17.52,--,14,24528,卖盘
740,13:48:07,17.52,--,122,214970,卖盘
741,13:48:02,17.52,--,7,12264,卖盘
742,13:47:57,17.52,-0.01,58,101616,卖盘
743,13:47:47,17.53,0.01,5,8765,买盘
744,13:47:37,17.52,-0.01,24,43274,卖盘
745,13:47:32,17.53,--,99,173547,买盘
746,13:47:27,17.53,0.01,102,178806,买盘
747,13:47:22,17.52,--,9,15768,卖盘
748,13:47:17,17.52,--,112,196224,卖盘
749,13:47:12,17.52,--,31,54312,卖盘
750,13:47:07,17.52,--,249,437474,卖盘
751,13:47:02,17.52,-0.01,14,24528,卖盘
752,13:46:57,17.53,--,25,43825,买盘
753,13:46:52,17.53,--,52,91156,买盘
754,13:46:47,17.53,0.01,13,22789,买盘
755,13:46:42,17.52,--,28,49056,卖盘
756,13:46:37,17.52,--,22,39770,卖盘
757,13:46:32,17.52,--,11,19850,卖盘
758,13:46:27,17.52,--,12,21024,卖盘
759,13:46:21,17.52,-0.01,12,21024,卖盘
760,13:46:17,17.53,--,35,61355,买盘
761,13:46:12,17.53,0.01,75,132842,买盘
762,13:46:06,17.52,-0.01,64,113354,卖盘
763,13:45:57,17.53,0.01,112,196336,买盘
764,13:45:51,17.52,-0.01,64,112128,卖盘
765,13:45:42,17.53,0.01,52,91156,买盘
766,13:45:36,17.52,-0.01,118,206946,卖盘
767,13:45:32,17.53,--,12,21036,买盘
768,13:45:27,17.53,--,7,12271,买盘
769,13:45:21,17.53,0.01,8,14024,买盘
770,13:45:17,17.52,--,9,15768,卖盘
771,13:45:06,17.52,--,78,137882,卖盘
772,13:45:02,17.52,--,4,7008,卖盘
773,13:44:57,17.52,--,29,50808,卖盘
774,13:44:51,17.52,0.01,113,198676,买盘
775,13:44:42,17.51,--,12,21012,卖盘
776,13:44:36,17.51,-0.01,29,52004,卖盘
777,13:44:32,17.52,0.01,31,54312,买盘
778,13:44:27,17.51,-0.01,3,5253,卖盘
779,13:44:21,17.52,--,2,3504,买盘
780,13:44:12,17.52,0.01,46,80592,买盘
781,13:44:06,17.51,--,51,90526,卖盘
782,13:44:01,17.51,--,2,3502,卖盘
783,13:43:57,17.51,-0.01,15,26265,卖盘
784,13:43:51,17.52,0.01,7,12264,买盘
785,13:43:47,17.51,--,42,73542,卖盘
786,13:43:42,17.51,--,13,22763,卖盘
787,13:43:36,17.51,--,379,664854,卖盘
788,13:43:27,17.51,--,61,108036,卖盘
789,13:43:21,17.51,-0.01,3,5253,卖盘
790,13:43:16,17.52,0.01,1,1752,买盘
791,13:43:12,17.51,--,16,28016,卖盘
792,13:43:06,17.51,--,57,101032,卖盘
793,13:42:51,17.51,--,12,21012,卖盘
794,13:42:42,17.51,--,43,75293,卖盘
795,13:42:36,17.51,--,53,94028,卖盘
796,13:42:26,17.51,--,95,167220,卖盘
797,13:42:21,17.51,--,13,22763,卖盘
798,13:42:11,17.51,--,37,64787,卖盘
799,13:42:06,17.51,-0.01,37,65312,卖盘
800,13:42:01,17.52,-0.01,2,3504,卖盘
801,13:41:56,17.53,0.01,3,5259,买盘
802,13:41:51,17.52,--,3,5256,卖盘
803,13:41:41,17.52,--,19,34514,买盘
804,13:41:36,17.52,--,96,168192,卖盘
805,13:41:31,17.52,-0.01,55,96360,卖盘
806,13:41:26,17.53,0.01,52,91156,买盘
807,13:41:21,17.52,--,511,895272,卖盘
808,13:41:16,17.52,--,200,350400,卖盘
809,13:41:11,17.52,--,44,77088,卖盘
810,13:41:06,17.52,--,49,87074,卖盘
811,13:40:56,17.52,--,66,115632,卖盘
812,13:40:51,17.52,--,20,35040,卖盘
813,13:40:46,17.52,--,5,8760,卖盘
814,13:40:41,17.52,--,81,143383,卖盘
815,13:40:36,17.52,--,80,141386,卖盘
816,13:40:31,17.52,--,1,1752,卖盘
817,13:40:26,17.52,--,222,388944,卖盘
818,13:40:21,17.52,--,623,1092827,买盘
819,13:40:16,17.52,--,70,122640,买盘
820,13:40:11,17.52,--,169,296508,卖盘
821,13:40:06,17.52,--,72,127370,卖盘
822,13:40:01,17.52,-0.01,48,84096,卖盘
823,13:39:56,17.53,--,365,639845,买盘
824,13:39:51,17.53,0.01,1,1753,买盘
825,13:39:46,17.52,--,103,181086,卖盘
826,13:39:41,17.52,--,17,29784,卖盘
827,13:39:36,17.52,-0.01,36,64298,卖盘
828,13:39:26,17.53,--,734,1288174,卖盘
829,13:39:21,17.53,--,189,331317,卖盘
830,13:39:16,17.53,--,1,1753,卖盘
831,13:39:06,17.53,-0.01,51,90630,卖盘
832,13:38:56,17.54,0.01,5,8770,买盘
833,13:38:45,17.53,--,6,10518,卖盘
834,13:38:41,17.53,-0.01,1,1753,卖盘
835,13:38:36,17.54,--,52,91208,买盘
836,13:38:21,17.54,--,27,47358,卖盘
837,13:38:15,17.54,--,5,8770,卖盘
838,13:38:11,17.54,--,59,103486,卖盘
839,13:38:06,17.54,--,54,94716,卖盘
840,13:38:00,17.54,-0.01,33,57882,卖盘
841,13:37:56,17.55,0.01,4,7020,买盘
842,13:37:51,17.54,--,2,3508,卖盘
843,13:37:45,17.54,--,255,447270,卖盘
844,13:37:41,17.54,0.01,62,108748,买盘
845,13:37:36,17.53,-0.02,14,24542,卖盘
846,13:37:30,17.55,0.01,150,263250,买盘
847,13:37:26,17.54,--,10,17540,买盘
848,13:37:21,17.54,-0.01,234,410436,卖盘
849,13:37:15,17.55,--,2,3510,卖盘
850,13:37:11,17.55,--,16,28080,卖盘
851,13:37:06,17.55,--,37,64935,卖盘
852,13:37:00,17.55,-0.02,166,291330,卖盘
853,13:36:56,17.57,0.01,34,59738,买盘
854,13:36:51,17.56,-0.01,1,1755,卖盘
855,13:36:45,17.57,0.02,43,75551,买盘
856,13:36:41,17.55,--,155,272025,卖盘
857,13:36:36,17.55,-0.01,126,221130,卖盘
858,13:36:30,17.56,--,347,610315,买盘
859,13:36:26,17.56,0.01,2,3511,买盘
860,13:36:21,17.55,--,22,38610,卖盘
861,13:36:15,17.55,--,27,47385,卖盘
862,13:36:11,17.55,--,35,61425,卖盘
863,13:36:06,17.55,--,67,117585,卖盘
864,13:36:00,17.55,--,12,21060,卖盘
865,13:35:56,17.55,--,703,1234835,买盘
866,13:35:50,17.55,--,1006,1765530,买盘
867,13:35:45,17.55,--,2,3510,买盘
868,13:35:40,17.55,0.01,42,73710,买盘
869,13:35:36,17.54,--,14,24556,卖盘
870,13:35:30,17.54,--,80,140320,卖盘
871,13:35:25,17.54,--,12,21048,卖盘
872,13:35:21,17.54,0.01,526,922604,买盘
873,13:35:15,17.53,--,1699,2978347,卖盘
874,13:35:10,17.53,-0.01,5,8765,卖盘
875,13:35:05,17.54,0.01,38,66652,买盘
876,13:35:00,17.53,--,28,49084,卖盘
877,13:34:50,17.53,-0.01,59,103427,卖盘
878,13:34:45,17.54,0.01,23,40342,买盘
879,13:34:40,17.53,--,24,42072,卖盘
880,13:34:35,17.53,--,36,63108,卖盘
881,13:34:30,17.53,-0.01,216,379068,卖盘
882,13:34:20,17.54,--,53,92962,买盘
883,13:34:15,17.54,--,1,1754,买盘
884,13:34:05,17.54,0.01,84,147336,买盘
885,13:34:00,17.53,-0.01,31,54343,卖盘
886,13:33:50,17.54,0.01,9,15786,买盘
887,13:33:45,17.53,--,147,259373,卖盘
888,13:33:40,17.53,--,52,91156,卖盘
889,13:33:35,17.53,--,453,794109,卖盘
890,13:33:30,17.53,-0.01,60,105180,卖盘
891,13:33:25,17.54,--,34,59636,买盘
892,13:33:15,17.54,0.01,14,24556,买盘
893,13:33:10,17.53,--,669,1172757,卖盘
894,13:33:05,17.53,--,52,91156,卖盘
895,13:33:00,17.53,--,379,664387,卖盘
896,13:32:55,17.53,--,49,85897,卖盘
897,13:32:50,17.53,0.01,1593,2792984,买盘
898,13:32:45,17.52,-0.01,43,75336,中性盘
899,13:32:40,17.53,0.02,1380,2419140,买盘
900,13:32:35,17.51,-0.01,626,1096126,卖盘
901,13:32:29,17.52,0.01,38,66576,买盘
902,13:32:24,17.51,-0.01,29,50779,卖盘
903,13:32:20,17.52,0.01,57,99864,买盘
904,13:32:15,17.51,-0.01,43,75293,卖盘
905,13:32:09,17.52,0.01,26,45552,买盘
906,13:32:05,17.51,--,69,121274,卖盘
907,13:31:59,17.51,--,9,15759,卖盘
908,13:31:54,17.51,--,698,1223686,买盘
909,13:31:50,17.51,--,28,49028,买盘
910,13:31:45,17.51,0.01,47,82472,买盘
911,13:31:39,17.5,--,12,21000,卖盘
912,13:31:34,17.5,--,93,163205,卖盘
913,13:31:29,17.5,--,15,26250,卖盘
914,13:31:20,17.5,-0.01,83,145250,卖盘
915,13:31:15,17.51,0.02,170,297670,买盘
916,13:31:09,17.49,-0.01,51,89653,卖盘
917,13:31:05,17.5,--,37,64750,买盘
918,13:31:00,17.5,--,32,56000,买盘
919,13:30:54,17.5,--,22,38500,买盘
920,13:30:50,17.5,--,4,7000,买盘
921,13:30:44,17.5,--,192,336000,买盘
922,13:30:39,17.5,0.01,360,630455,买盘
923,13:30:35,17.49,-0.01,66,115433,卖盘
924,13:30:29,17.5,0.01,210,367500,买盘
925,13:30:24,17.49,--,97,169652,买盘
926,13:30:20,17.49,0.01,4,6995,买盘
927,13:30:14,17.48,--,136,237902,卖盘
928,13:30:09,17.48,--,87,152984,卖盘
929,13:30:05,17.48,-0.01,206,360088,卖盘
930,13:30:00,17.49,0.01,4,6995,买盘
931,13:29:50,17.48,--,104,181792,卖盘
932,13:29:44,17.48,--,388,678224,卖盘
933,13:29:39,17.48,0.01,432,755905,买盘
934,13:29:35,17.47,-0.01,22,38434,卖盘
935,13:29:29,17.48,--,7,12236,买盘
936,13:29:24,17.48,--,15,26220,买盘
937,13:29:14,17.48,-0.01,137,240909,卖盘
938,13:29:09,17.49,0.01,115,201589,买盘
939,13:29:04,17.48,-0.01,4,6992,卖盘
940,13:28:59,17.49,0.01,24,41975,买盘
941,13:28:54,17.48,-0.01,101,176548,卖盘
942,13:28:44,17.49,0.01,74,131035,买盘
943,13:28:35,17.48,-0.01,4,6992,卖盘
944,13:28:29,17.49,-0.01,5,8745,卖盘
945,13:28:24,17.5,--,42,73500,买盘
946,13:28:19,17.5,--,30,53672,卖盘
947,13:28:14,17.5,--,86,150500,卖盘
948,13:28:09,17.5,-0.01,229,401205,卖盘
949,13:28:04,17.51,0.01,15,26265,买盘
950,13:27:59,17.5,--,925,1618750,卖盘
951,13:27:54,17.5,--,137,240240,卖盘
952,13:27:49,17.5,-0.01,216,378000,卖盘
953,13:27:44,17.51,0.01,1008,1765008,买盘
954,13:27:39,17.5,--,207,362705,卖盘
955,13:27:34,17.5,--,140,245000,卖盘
956,13:27:29,17.5,-0.01,1078,1886500,卖盘
957,13:27:24,17.51,--,4,7004,买盘
958,13:27:19,17.51,--,27,47277,买盘
959,13:27:14,17.51,--,13,22763,买盘
960,13:27:09,17.51,-0.01,291,510836,卖盘
961,13:27:04,17.52,--,8,14016,卖盘
962,13:26:59,17.52,--,141,247032,卖盘
963,13:26:54,17.52,--,141,247487,买盘
964,13:26:49,17.52,0.01,33,57816,买盘
965,13:26:44,17.51,-0.01,39,68289,中性盘
966,13:26:39,17.52,0.01,150,262800,买盘
967,13:26:34,17.51,-0.01,7,12257,卖盘
968,13:26:29,17.52,0.01,64,112128,买盘
969,13:26:24,17.51,--,35,61285,买盘
970,13:26:19,17.51,--,141,246891,买盘
971,13:26:14,17.51,--,443,775693,买盘
972,13:26:09,17.51,0.01,70,123025,买盘
973,13:26:04,17.5,--,1313,2298222,买盘
974,13:25:59,17.5,--,441,771750,买盘
975,13:25:54,17.5,0.01,595,1041250,买盘
976,13:25:49,17.49,--,1436,2512071,买盘
977,13:25:44,17.49,0.02,1021,1785728,买盘
978,13:25:38,17.47,--,40,70334,卖盘
979,13:25:34,17.47,--,66,115301,卖盘
980,13:25:29,17.47,0.01,3279,5728413,买盘
981,13:25:23,17.46,0.01,22,38412,买盘
982,13:25:14,17.45,--,30,52350,卖盘
983,13:25:08,17.45,--,59,103408,卖盘
984,13:25:03,17.45,--,53,93270,卖盘
985,13:24:59,17.45,--,283,494777,买盘
986,13:24:48,17.45,--,13,22685,买盘
987,13:24:44,17.45,--,14,24430,买盘
988,13:24:38,17.45,0.01,75,130875,买盘
989,13:24:33,17.44,0.01,16,27904,中性盘
990,13:24:29,17.43,-0.02,115,200445,卖盘
991,13:24:23,17.45,0.02,2255,3934975,买盘
992,13:24:18,17.43,-0.01,20,34860,卖盘
993,13:24:14,17.44,0.01,123,215820,买盘
994,13:24:08,17.43,--,562,980036,卖盘
995,13:24:03,17.43,--,24,41832,卖盘
996,13:23:59,17.43,--,10,17430,卖盘
997,13:23:53,17.43,-0.01,61,106323,卖盘
998,13:23:48,17.44,0.01,25,44367,买盘
999,13:23:43,17.43,0.02,302,526386,买盘
1000,13:23:38,17.41,--,3,5223,卖盘
1001,13:23:33,17.41,-0.01,6,10446,卖盘
1002,13:23:29,17.42,0.01,7,12194,买盘
1003,13:23:18,17.41,--,23,40513,卖盘
1004,13:23:14,17.41,--,1101,1916841,卖盘
1005,13:23:08,17.41,--,24,41784,卖盘
1006,13:23:03,17.41,-0.01,34,59194,卖盘
1007,13:22:58,17.42,0.01,20,34840,买盘
1008,13:22:48,17.41,-0.01,38,66628,卖盘
1009,13:22:38,17.42,0.01,7,12194,买盘
1010,13:22:33,17.41,-0.02,415,723994,卖盘
1011,13:22:28,17.43,0.01,74,128982,买盘
1012,13:22:18,17.42,-0.01,118,206026,卖盘
1013,13:22:08,17.43,0.01,109,189987,买盘
1014,13:22:03,17.42,--,61,106331,卖盘
1015,13:21:58,17.42,-0.01,3,5226,卖盘
1016,13:21:53,17.43,--,40,69720,买盘
1017,13:21:48,17.43,0.01,69,120737,买盘
1018,13:21:43,17.42,-0.01,1,1742,卖盘
1019,13:21:38,17.43,0.01,101,176043,买盘
1020,13:21:33,17.42,--,34,59228,卖盘
1021,13:21:28,17.42,--,115,200330,卖盘
1022,13:21:23,17.42,-0.01,72,125424,卖盘
1023,13:21:18,17.43,--,25,44045,买盘
1024,13:21:13,17.43,0.01,118,205952,买盘
1025,13:21:08,17.42,--,76,132392,卖盘
1026,13:21:03,17.42,0.01,587,1022797,买盘
1027,13:20:58,17.41,-0.01,1,1741,卖盘
1028,13:20:53,17.42,0.01,207,360594,买盘
1029,13:20:48,17.41,--,191,333001,卖盘
1030,13:20:43,17.41,--,3,5223,卖盘
1031,13:20:38,17.41,--,96,167136,卖盘
1032,13:20:33,17.41,--,608,1058528,卖盘
1033,13:20:28,17.41,--,20,34820,卖盘
1034,13:20:23,17.41,0.01,1289,2245071,买盘
1035,13:20:18,17.4,0.01,63,110089,买盘
1036,13:20:13,17.39,--,53,92167,卖盘
1037,13:20:08,17.39,--,39,67821,卖盘
1038,13:20:03,17.39,-0.01,321,558219,卖盘
1039,13:19:48,17.4,0.01,51,89209,买盘
1040,13:19:43,17.39,--,2,3478,卖盘
1041,13:19:38,17.39,--,53,92167,卖盘
1042,13:19:33,17.39,-0.01,11,19129,卖盘
1043,13:19:18,17.4,--,25,43969,买盘
1044,13:19:08,17.4,0.01,25,43500,买盘
1045,13:19:03,17.39,-0.01,84,146893,卖盘
1046,13:18:58,17.4,--,36,62639,卖盘
1047,13:18:53,17.4,--,177,307980,卖盘
1048,13:18:48,17.4,--,23,40489,卖盘
1049,13:18:43,17.4,--,206,358439,卖盘
1050,13:18:38,17.4,--,123,214019,卖盘
1051,13:18:32,17.4,--,71,123539,卖盘
1052,13:18:27,17.4,--,141,245339,卖盘
1053,13:18:23,17.4,-0.01,40,69600,卖盘
1054,13:18:17,17.41,0.01,100,174570,买盘
1055,13:18:12,17.4,--,108,188267,卖盘
1056,13:18:08,17.4,--,102,177480,卖盘
1057,13:18:02,17.4,--,196,341040,卖盘
1058,13:17:57,17.4,--,60,104469,卖盘
1059,13:17:53,17.4,-0.01,4,6959,卖盘
1060,13:17:47,17.41,0.01,25,43995,买盘
1061,13:17:38,17.4,--,1,1739,卖盘
1062,13:17:32,17.4,--,57,99179,卖盘
1063,13:17:23,17.4,-0.01,33,57419,卖盘
1064,13:17:17,17.41,0.01,28,49218,买盘
1065,13:17:12,17.4,--,1,1739,卖盘
1066,13:17:07,17.4,--,132,230880,卖盘
1067,13:17:02,17.4,--,86,149640,卖盘
1068,13:16:57,17.4,--,101,175740,卖盘
1069,13:16:53,17.4,--,214,372359,卖盘
1070,13:16:47,17.4,--,121,211009,卖盘
1071,13:16:32,17.4,--,7,12179,卖盘
1072,13:16:23,17.4,-0.01,12,20880,卖盘
1073,13:16:17,17.41,0.01,100,174570,买盘
1074,13:16:08,17.4,--,30,52199,卖盘
1075,13:16:02,17.4,--,64,111359,卖盘
1076,13:15:57,17.4,-0.01,53,92794,卖盘
1077,13:15:53,17.41,0.01,35,60935,买盘
1078,13:15:47,17.4,--,44,77029,卖盘
1079,13:15:42,17.4,-0.01,17,29579,卖盘
1080,13:15:37,17.41,0.01,81,141021,买盘
1081,13:15:32,17.4,-0.02,6,10440,卖盘
1082,13:15:27,17.42,0.01,111,194860,买盘
1083,13:15:22,17.41,--,179,313153,卖盘
1084,13:15:17,17.41,--,181,315591,卖盘
1085,13:15:12,17.41,--,76,132316,卖盘
1086,13:15:07,17.41,--,20,34820,卖盘
1087,13:15:02,17.41,-0.01,27,47007,卖盘
1088,13:14:57,17.42,--,57,99294,买盘
1089,13:14:47,17.42,0.01,11,19162,买盘
1090,13:14:42,17.41,-0.01,10,17410,卖盘
1091,13:14:37,17.42,0.01,56,97552,买盘
1092,13:14:32,17.41,--,62,107942,卖盘
1093,13:14:27,17.41,--,2,3482,卖盘
1094,13:14:22,17.41,--,10,17410,卖盘
1095,13:14:17,17.41,-0.01,3,5223,卖盘
1096,13:14:12,17.42,--,200,348400,买盘
1097,13:14:07,17.42,0.02,25,43550,买盘
1098,13:14:02,17.4,-0.01,25,43500,卖盘
1099,13:13:57,17.41,-0.01,5,8705,中性盘
1100,13:13:52,17.42,--,120,209040,买盘
1101,13:13:47,17.42,0.01,35,60970,买盘
1102,13:13:42,17.41,0.01,3,5223,买盘
1103,13:13:32,17.4,--,61,106139,卖盘
1104,13:13:27,17.4,-0.01,48,84494,卖盘
1105,13:13:22,17.41,--,606,1055046,买盘
1106,13:13:17,17.41,0.02,1167,2033174,买盘
1107,13:13:12,17.39,--,6,10434,卖盘
1108,13:13:07,17.39,--,21,36519,卖盘
1109,13:13:02,17.39,0.01,1549,2693711,买盘
1110,13:12:57,17.38,--,89,155898,卖盘
1111,13:12:52,17.38,--,15,26070,卖盘
1112,13:12:47,17.38,--,6,10428,卖盘
1113,13:12:42,17.38,--,23,39974,卖盘
1114,13:12:37,17.38,--,52,90376,卖盘
1115,13:12:32,17.38,--,70,121660,卖盘
1116,13:12:27,17.38,0.01,1157,2012534,买盘
1117,13:12:22,17.37,--,129,224941,卖盘
1118,13:12:17,17.37,--,52,90324,卖盘
1119,13:12:12,17.37,-0.01,205,356953,卖盘
1120,13:12:07,17.38,0.01,55,95590,买盘
1121,13:12:02,17.37,-0.01,28,48636,卖盘
1122,13:11:57,17.38,--,417,724746,买盘
1123,13:11:52,17.38,--,101,175538,买盘
1124,13:11:46,17.38,--,38,66044,买盘
1125,13:11:41,17.38,--,110,191180,买盘
1126,13:11:37,17.38,0.01,34,59092,买盘
1127,13:11:32,17.37,--,14,24318,卖盘
1128,13:11:26,17.37,0.01,1368,2376216,买盘
1129,13:11:17,17.36,--,2,3472,买盘
1130,13:11:11,17.36,0.01,80,138880,买盘
1131,13:11:06,17.35,--,20,34700,卖盘
1132,13:11:02,17.35,0.01,1194,2073203,买盘
1133,13:10:56,17.34,-0.01,3,5202,卖盘
1134,13:10:51,17.35,--,110,190850,买盘
1135,13:10:41,17.35,0.01,354,614190,买盘
1136,13:10:32,17.34,--,81,141737,卖盘
1137,13:10:21,17.34,--,860,1492592,买盘
1138,13:10:16,17.34,0.01,2,3468,买盘
1139,13:10:11,17.33,--,54,93581,卖盘
1140,13:10:06,17.33,--,20,34660,卖盘
1141,13:10:02,17.33,--,6,10397,卖盘
1142,13:09:56,17.33,--,20,34660,卖盘
1143,13:09:47,17.33,--,15,25994,卖盘
1144,13:09:41,17.33,--,11,19062,卖盘
1145,13:09:36,17.33,0.01,1078,1868173,买盘
1146,13:09:32,17.32,-0.01,6,10392,卖盘
1147,13:09:21,17.33,--,20,34660,买盘
1148,13:09:16,17.33,0.01,2,3465,买盘
1149,13:09:06,17.32,--,116,201708,卖盘
1150,13:09:01,17.32,-0.01,38,65816,卖盘
1151,13:08:46,17.33,--,2,3465,买盘
1152,13:08:36,17.33,0.01,301,521632,买盘
1153,13:08:31,17.32,-0.01,23,39836,卖盘
1154,13:08:26,17.33,--,114,198393,买盘
1155,13:08:21,17.33,--,100,173299,买盘
1156,13:08:16,17.33,--,14,24261,买盘
1157,13:08:06,17.33,0.01,23,39858,买盘
1158,13:08:01,17.32,--,7,12124,卖盘
1159,13:07:56,17.32,-0.01,35,60620,卖盘
1160,13:07:46,17.33,0.01,2,3465,买盘
1161,13:07:36,17.32,-0.01,15,25980,卖盘
1162,13:07:31,17.33,0.01,2,3465,买盘
1163,13:07:26,17.32,--,143,247676,卖盘
1164,13:07:21,17.32,--,50,86600,卖盘
1165,13:07:16,17.32,--,2,3464,卖盘
1166,13:07:11,17.32,--,509,881588,卖盘
1167,13:07:06,17.32,--,831,1440383,买盘
1168,13:07:01,17.32,--,4,6928,买盘
1169,13:06:51,17.32,--,3,5196,买盘
1170,13:06:46,17.32,0.01,9,15588,买盘
1171,13:06:36,17.31,0.01,7,12117,卖盘
1172,13:06:26,17.3,--,0,0,卖盘
1173,13:06:21,17.3,--,106,185092,卖盘
1174,13:06:11,17.3,--,0,0,卖盘
1175,13:06:06,17.3,--,24,41520,卖盘
1176,13:05:56,17.3,-0.01,50,86500,卖盘
1177,13:05:51,17.31,0.01,1,1730,买盘
1178,13:05:41,17.3,--,5,8650,卖盘
1179,13:05:36,17.3,-0.01,6,10380,卖盘
1180,13:05:31,17.31,0.01,5,8655,买盘
1181,13:05:26,17.3,-0.01,14,24220,卖盘
1182,13:05:21,17.31,0.01,2,3461,中性盘
1183,13:05:06,17.3,-0.02,24,41520,卖盘
1184,13:05:01,17.32,0.02,2,3464,买盘
1185,13:04:51,17.3,--,0,0,卖盘
1186,13:04:35,17.3,--,6,10380,卖盘
1187,13:04:26,17.3,-0.02,12,20760,卖盘
1188,13:04:20,17.32,0.02,17,29444,买盘
1189,13:04:10,17.3,--,0,0,卖盘
1190,13:04:05,17.3,--,24,41520,卖盘
1191,13:04:00,17.3,-0.02,44,77192,卖盘
1192,13:03:55,17.32,--,1,1732,买盘
1193,13:03:50,17.32,0.02,13,22516,买盘
1194,13:03:35,17.3,-0.02,4,6920,卖盘
1195,13:03:30,17.32,0.01,1,1732,买盘
1196,13:03:25,17.31,0.01,1,1730,卖盘
1197,13:03:20,17.3,--,109,189573,卖盘
1198,13:03:05,17.3,--,24,41520,卖盘
1199,13:02:55,17.3,--,3,5190,卖盘
1200,13:02:50,17.3,--,0,0,卖盘
1201,13:02:35,17.3,--,5,8650,卖盘
1202,13:02:30,17.3,--,6,10380,卖盘
1203,13:02:25,17.3,--,1,1730,卖盘
1204,13:02:20,17.3,-0.02,5,8650,卖盘
1205,13:02:10,17.32,0.02,5,8660,买盘
1206,13:02:05,17.3,-0.02,58,100340,卖盘
1207,13:02:00,17.32,--,4,6928,买盘
1208,13:01:50,17.32,--,5,8660,买盘
1209,13:01:40,17.32,0.02,21,36372,买盘
1210,13:01:35,17.3,-0.02,5,8650,卖盘
1211,13:01:30,17.32,--,2,3464,买盘
1212,13:01:20,17.32,0.01,2,3464,买盘
1213,13:01:15,17.31,--,13,22606,卖盘
1214,13:01:05,17.31,-0.01,33,57122,卖盘
1215,13:01:00,17.32,0.01,3,5196,买盘
1216,13:00:55,17.31,-0.01,8,13847,卖盘
1217,13:00:50,17.32,--,5,8660,买盘
1218,13:00:35,17.32,0.01,8,13856,买盘
1219,13:00:15,17.31,--,45,79522,卖盘
1220,13:00:05,17.31,0.01,388,672078,买盘
1221,11:30:00,17.3,--,0,0,卖盘
1222,11:30:00,17.3,--,0,0,卖盘
1223,11:29:59,17.3,-0.01,5,8650,卖盘
1224,11:29:51,17.31,--,0,0,买盘
1225,11:29:35,17.31,-0.01,56,96936,卖盘
1226,11:29:30,17.32,--,41,71012,买盘
1227,11:29:24,17.32,--,9,15588,买盘
1228,11:29:20,17.32,0.01,101,174932,买盘
1229,11:29:15,17.31,-0.01,40,69240,中性盘
1230,11:29:09,17.32,--,70,121240,买盘
1231,11:29:05,17.32,--,146,252872,买盘
1232,11:29:00,17.32,0.02,100,173200,买盘
1233,11:28:54,17.3,--,0,0,中性盘
1234,11:28:50,17.3,--,2,3460,买盘
1235,11:28:45,17.3,-0.02,18,31140,卖盘
1236,11:28:39,17.32,--,38,65816,买盘
1237,11:28:30,17.32,0.01,12,20784,买盘
1238,11:28:15,17.31,--,0,0,中性盘
1239,11:28:09,17.31,-0.01,60,103859,卖盘
1240,11:28:05,17.32,0.02,70,121240,买盘
1241,11:28:00,17.3,--,4,6920,卖盘
1242,11:27:54,17.3,--,7,12110,卖盘
1243,11:27:50,17.3,-0.01,8,13840,中性盘
1244,11:27:45,17.31,0.02,288,498527,买盘
1245,11:27:39,17.29,--,0,0,卖盘
1246,11:27:35,17.29,-0.02,95,164600,卖盘
1247,11:27:30,17.31,0.02,6,10386,买盘
1248,11:27:15,17.29,--,0,0,卖盘
1249,11:27:09,17.29,-0.01,20,34580,卖盘
1250,11:27:00,17.3,--,54,93420,买盘
1251,11:26:50,17.3,--,1,1730,买盘
1252,11:26:45,17.3,-0.01,9,15570,卖盘
1253,11:26:30,17.31,--,7,12117,买盘
1254,11:26:24,17.31,0.02,8,13847,买盘
1255,11:26:15,17.29,--,0,0,卖盘
1256,11:26:09,17.29,-0.02,20,34580,卖盘
1257,11:26:05,17.31,--,0,0,买盘
1258,11:26:00,17.31,0.01,6,10386,买盘
1259,11:25:54,17.3,--,4,6920,买盘
1260,11:25:50,17.3,0.01,2,3460,买盘
1261,11:25:39,17.29,-0.01,26,44954,卖盘
1262,11:25:35,17.3,0.01,2,3460,买盘
1263,11:25:30,17.29,-0.01,10,17290,卖盘
1264,11:25:20,17.3,0.01,2,3460,买盘
1265,11:25:09,17.29,-0.01,20,34580,卖盘
1266,11:25:05,17.3,0.01,3,5190,买盘
1267,11:25:00,17.29,-0.01,4,6916,卖盘
1268,11:24:50,17.3,--,2,3460,买盘
1269,11:24:39,17.3,0.01,14,24220,卖盘
1270,11:24:35,17.29,--,0,0,卖盘
1271,11:24:30,17.29,-0.01,60,104881,卖盘
1272,11:24:24,17.3,-0.01,2,3460,卖盘
1273,11:24:15,17.31,--,2,3461,买盘
1274,11:24:09,17.31,0.02,55,95205,买盘
1275,11:24:05,17.29,-0.02,151,262012,卖盘
1276,11:24:00,17.31,--,203,351393,买盘
1277,11:23:54,17.31,0.01,45,77895,买盘
1278,11:23:44,17.3,--,4,6920,买盘
1279,11:23:39,17.3,--,24,41520,买盘
1280,11:23:29,17.3,0.01,458,793741,买盘
1281,11:23:18,17.29,--,62,107198,买盘
1282,11:23:14,17.29,--,74,127946,买盘
1283,11:23:09,17.29,--,580,1002820,买盘
1284,11:23:03,17.29,--,23,39767,买盘
1285,11:22:59,17.29,--,1425,2463825,买盘
1286,11:22:54,17.29,--,213,368277,买盘
1287,11:22:48,17.29,--,35,60515,买盘
1288,11:22:44,17.29,--,168,290472,买盘
1289,11:22:39,17.29,--,158,273182,买盘
1290,11:22:33,17.29,0.01,3,5187,买盘
1291,11:22:29,17.28,-0.01,4,6912,卖盘
1292,11:22:18,17.29,0.01,3,5187,买盘
1293,11:22:09,17.28,-0.01,20,34560,卖盘
1294,11:22:03,17.29,0.01,4,6916,买盘
1295,11:21:59,17.28,--,4,6912,卖盘
1296,11:21:54,17.28,-0.01,20,34560,卖盘
1297,11:21:48,17.29,--,2,3458,买盘
1298,11:21:33,17.29,0.01,4,6916,买盘
1299,11:21:29,17.28,-0.01,4,6912,卖盘
1300,11:21:18,17.29,0.01,62,107405,买盘
1301,11:21:14,17.28,-0.01,1,1728,卖盘
1302,11:21:09,17.29,--,40,69160,买盘
1303,11:21:03,17.29,-0.01,905,1565073,卖盘
1304,11:20:59,17.3,--,4,6920,卖盘
1305,11:20:54,17.3,--,100,173138,买盘
1306,11:20:48,17.3,--,8,13840,买盘
1307,11:20:44,17.3,--,8,13840,买盘
1308,11:20:39,17.3,0.01,10,17300,买盘
1309,11:20:33,17.29,--,2043,3532347,卖盘
1310,11:20:29,17.29,-0.01,14,24206,卖盘
1311,11:20:24,17.3,--,36,62280,买盘
1312,11:20:18,17.3,--,32,55360,买盘
1313,11:20:14,17.3,0.01,5,8650,中性盘
1314,11:20:09,17.29,-0.02,20,34580,卖盘
1315,11:20:03,17.31,0.02,12,20772,买盘
1316,11:19:59,17.29,-0.02,4,6916,卖盘
1317,11:19:54,17.31,0.01,10,17310,买盘
1318,11:19:48,17.3,--,16,27680,买盘
1319,11:19:44,17.3,--,14,24220,卖盘
1320,11:19:39,17.3,-0.01,30,51900,卖盘
1321,11:19:29,17.31,--,8,13847,买盘
1322,11:19:24,17.31,0.01,10,17310,买盘
1323,11:19:09,17.3,--,20,34600,卖盘
1324,11:19:03,17.3,0.01,4,6920,买盘
1325,11:18:59,17.29,--,4,6916,卖盘
1326,11:18:54,17.29,-0.01,42,74277,卖盘
1327,11:18:48,17.3,--,27,46710,买盘
1328,11:18:33,17.3,0.01,2,3460,买盘
1329,11:18:29,17.29,-0.01,4,6916,卖盘
1330,11:18:24,17.3,0.01,10,17300,买盘
1331,11:18:18,17.29,--,150,259350,卖盘
1332,11:18:09,17.29,-0.01,20,34580,卖盘
1333,11:18:03,17.3,0.01,13,22490,买盘
1334,11:17:59,17.29,--,72,125681,卖盘
1335,11:17:53,17.29,-0.01,109,188875,卖盘
1336,11:17:48,17.3,0.01,2,3460,买盘
1337,11:17:38,17.29,-0.01,6,10374,卖盘
1338,11:17:33,17.3,0.01,49,84770,买盘
1339,11:17:29,17.29,--,4,6916,卖盘
1340,11:17:23,17.29,-0.01,137,236873,卖盘
1341,11:17:18,17.3,--,107,185110,买盘
1342,11:17:08,17.3,0.01,21,36330,买盘
1343,11:17:03,17.29,--,6,10374,卖盘
1344,11:16:59,17.29,-0.01,4,6916,卖盘
1345,11:16:53,17.3,--,1,1730,买盘
1346,11:16:48,17.3,0.01,2,3460,买盘
1347,11:16:43,17.29,-0.01,61,105469,卖盘
1348,11:16:38,17.3,--,158,273340,买盘
1349,11:16:33,17.3,0.01,57,98610,买盘
1350,11:16:27,17.29,-0.01,5,8645,卖盘
1351,11:16:23,17.3,--,1,1730,买盘
1352,11:16:18,17.3,0.01,4,6920,买盘
1353,11:16:09,17.29,--,20,34580,卖盘
1354,11:16:03,17.29,--,20,34580,卖盘
1355,11:15:57,17.29,-0.01,5,8645,卖盘
1356,11:15:53,17.3,--,3,5190,买盘
1357,11:15:48,17.3,0.01,2,3460,买盘
1358,11:15:42,17.29,-0.01,55,96045,卖盘
1359,11:15:33,17.3,0.01,9,15570,买盘
1360,11:15:27,17.29,-0.01,6,10374,卖盘
1361,11:15:18,17.3,--,1,1730,买盘
1362,11:15:08,17.3,--,71,122830,买盘
1363,11:15:03,17.3,-0.01,1,1730,中性盘
1364,11:14:57,17.31,0.02,6,10386,买盘
1365,11:14:42,17.29,--,0,0,卖盘
1366,11:14:38,17.29,-0.01,98,170565,卖盘
1367,11:14:27,17.3,--,4,6920,卖盘
1368,11:14:23,17.3,--,3,5190,买盘
1369,11:14:18,17.3,0.01,9,15570,卖盘
1370,11:14:08,17.29,-0.02,20,34580,卖盘
1371,11:14:03,17.31,0.02,832,1440192,买盘
1372,11:13:57,17.29,-0.01,6,10374,卖盘
1373,11:13:48,17.3,--,107,185110,买盘
1374,11:13:42,17.3,--,10,17300,买盘
1375,11:13:33,17.3,0.01,2,3460,买盘
1376,11:13:27,17.29,-0.01,29,50141,卖盘
1377,11:13:18,17.3,-0.01,2,3460,中性盘
1378,11:13:12,17.31,0.02,24,41544,买盘
1379,11:13:08,17.29,-0.02,20,34580,卖盘
1380,11:13:03,17.31,0.02,190,328890,买盘
1381,11:12:57,17.29,-0.01,916,1583764,卖盘
1382,11:12:48,17.3,--,5,9169,买盘
1383,11:12:33,17.3,0.01,70,121100,买盘
1384,11:12:27,17.29,-0.01,1302,2252489,卖盘
1385,11:12:18,17.3,0.01,2,3460,买盘
1386,11:12:12,17.29,-0.01,5,8645,卖盘
1387,11:12:08,17.3,--,21,36330,买盘
1388,11:12:03,17.3,--,124,215263,买盘
1389,11:11:57,17.3,--,5,8650,买盘
1390,11:11:53,17.3,--,1031,1783630,买盘
1391,11:11:48,17.3,--,2,3460,买盘
1392,11:11:42,17.3,--,106,183380,买盘
1393,11:11:33,17.3,0.01,2,3460,买盘
1394,11:11:27,17.29,-0.01,4,6916,卖盘
1395,11:11:18,17.3,0.01,3,5190,买盘
1396,11:11:07,17.29,-0.01,20,34580,卖盘
1397,11:11:03,17.3,0.01,1003,1735190,买盘
1398,11:10:57,17.29,-0.01,1004,1735916,卖盘
1399,11:10:48,17.3,--,2,3460,买盘
1400,11:10:42,17.3,0.01,3,5190,买盘
1401,11:10:38,17.29,-0.01,15,25935,卖盘
1402,11:10:32,17.3,0.01,2,3460,买盘
1403,11:10:27,17.29,-0.01,4,6916,卖盘
1404,11:10:23,17.3,--,10,17300,买盘
1405,11:10:17,17.3,0.01,2,3460,买盘
1406,11:10:08,17.29,-0.01,20,34580,卖盘
1407,11:10:02,17.3,0.01,7,12110,买盘
1408,11:09:57,17.29,-0.01,4,6916,卖盘
1409,11:09:47,17.3,--,2,3460,买盘
1410,11:09:42,17.3,--,639,1106715,卖盘
1411,11:09:32,17.3,--,1,1730,卖盘
1412,11:09:27,17.3,--,24,41520,卖盘
1413,11:09:17,17.3,--,828,1432924,买盘
1414,11:09:12,17.3,--,181,314375,卖盘
1415,11:09:06,17.3,-0.01,20,34600,卖盘
1416,11:08:57,17.31,0.01,6,10386,买盘
1417,11:08:47,17.3,--,799,1382754,买盘
1418,11:08:32,17.3,0.01,4,6920,买盘
1419,11:08:27,17.29,-0.01,223,386811,卖盘
1420,11:08:21,17.3,--,92,159471,卖盘
1421,11:08:17,17.3,--,1007,1742110,卖盘
1422,11:08:06,17.3,-0.01,22,38060,卖盘
1423,11:08:02,17.31,0.01,2,3461,买盘
1424,11:07:57,17.3,-0.01,15,25950,卖盘
1425,11:07:51,17.31,--,4,6923,买盘
1426,11:07:47,17.31,0.01,4,6923,买盘
1427,11:07:42,17.3,-0.01,50,86500,卖盘
1428,11:07:32,17.31,0.01,1002,1734461,买盘
1429,11:07:27,17.3,-0.01,9,15570,卖盘
1430,11:07:17,17.31,--,2,3461,买盘
1431,11:07:12,17.31,0.01,10,17310,买盘
1432,11:07:06,17.3,-0.01,21,36330,卖盘
1433,11:07:02,17.31,0.01,3,5193,买盘
1434,11:06:56,17.3,-0.01,1004,1736920,卖盘
1435,11:06:47,17.31,0.01,3,5193,买盘
1436,11:06:42,17.3,--,1072,1854560,卖盘
1437,11:06:36,17.3,--,57,100218,卖盘
1438,11:06:27,17.3,-0.01,9,15570,卖盘
1439,11:06:21,17.31,0.01,4,6923,买盘
1440,11:06:06,17.3,-0.01,22,38060,卖盘
1441,11:06:02,17.31,0.01,16,27695,买盘
1442,11:05:57,17.3,-0.01,54,93420,卖盘
1443,11:05:51,17.31,--,99,171836,买盘
1444,11:05:47,17.31,--,10,17310,买盘
1445,11:05:42,17.31,0.01,158,273498,买盘
1446,11:05:36,17.3,--,4,6920,卖盘
1447,11:05:32,17.3,--,2,3460,卖盘
1448,11:05:27,17.3,-0.01,10,17300,卖盘
1449,11:05:21,17.31,0.01,2,3461,买盘
1450,11:05:17,17.3,-0.01,9,15570,卖盘
1451,11:05:06,17.31,--,276,477755,买盘
1452,11:05:02,17.31,0.01,9,15578,买盘
1453,11:04:57,17.3,-0.01,35,60550,卖盘
1454,11:04:51,17.31,-0.02,159,276821,卖盘
1455,11:04:36,17.33,--,34,58921,买盘
1456,11:04:27,17.33,0.02,9,15596,买盘
1457,11:04:21,17.31,-0.01,5,8655,卖盘
1458,11:04:17,17.32,0.01,1,1732,买盘
1459,11:04:06,17.31,-0.01,20,34620,卖盘
1460,11:03:57,17.32,-0.02,2,3464,中性盘
1461,11:03:47,17.34,0.03,20,34680,买盘
1462,11:03:42,17.31,-0.03,160,276960,卖盘
1463,11:03:36,17.34,--,72,124986,买盘
1464,11:03:32,17.34,0.01,4,6936,买盘
1465,11:03:27,17.33,--,5,8665,卖盘
1466,11:03:21,17.33,--,1,1732,卖盘
1467,11:03:06,17.33,-0.01,50,86649,卖盘
1468,11:02:56,17.34,0.01,11,19074,买盘
1469,11:02:51,17.33,0.01,19,32927,买盘
1470,11:02:41,17.32,--,0,0,卖盘
1471,11:02:36,17.32,-0.02,102,176871,卖盘
1472,11:02:26,17.34,0.02,8,13872,买盘
1473,11:02:21,17.32,-0.02,4,6928,卖盘
1474,11:02:15,17.34,0.02,20,34680,买盘
1475,11:02:06,17.32,-0.02,24,41568,买盘
1476,11:01:56,17.34,--,3,5202,买盘
1477,11:01:51,17.34,0.01,153,265302,买盘
1478,11:01:41,17.33,0.01,4,6931,买盘
1479,11:01:36,17.32,--,3,5196,买盘
1480,11:01:26,17.32,-0.01,2,3464,中性盘
1481,11:01:21,17.33,--,174,301541,买盘
1482,11:01:15,17.33,0.01,677,1173241,买盘
1483,11:01:11,17.32,--,25,43300,买盘
1484,11:01:06,17.32,0.02,199,345811,买盘
1485,11:01:00,17.3,--,2,3460,卖盘
1486,11:00:56,17.3,-0.01,7,12110,卖盘
1487,11:00:51,17.31,0.01,2,3461,买盘
1488,11:00:41,17.3,-0.01,70,121515,卖盘
1489,11:00:36,17.31,0.01,2,3461,买盘
1490,11:00:26,17.3,-0.01,27,46710,卖盘
1491,11:00:21,17.31,--,3,5193,买盘
1492,11:00:15,17.31,0.01,14,24234,买盘
1493,11:00:06,17.3,-0.02,48,83628,卖盘
1494,11:00:00,17.32,0.01,1,1732,买盘
1495,10:59:56,17.31,-0.01,64,110783,卖盘
1496,10:59:51,17.32,0.01,15,25980,中性盘
1497,10:59:45,17.31,-0.02,102,177704,卖盘
1498,10:59:30,17.33,0.02,4,6931,买盘
1499,10:59:26,17.31,-0.01,6,10386,卖盘
1500,10:59:06,17.32,-0.01,20,34640,卖盘
1501,10:59:00,17.33,--,5,8665,买盘
1502,10:58:56,17.33,0.02,112,194095,买盘
1503,10:58:51,17.31,-0.02,20,34620,卖盘
1504,10:58:45,17.33,--,10,17330,买盘
1505,10:58:41,17.33,--,17,29460,买盘
1506,10:58:36,17.33,--,6,10397,买盘
1507,10:58:30,17.33,--,7,12130,买盘
1508,10:58:15,17.33,-0.01,4,6931,买盘
1509,10:58:11,17.34,0.01,14,24276,买盘
1510,10:58:06,17.33,-0.01,298,516433,卖盘
1511,10:58:00,17.34,--,6,10404,买盘
1512,10:57:51,17.34,--,0,0,买盘
1513,10:57:45,17.34,0.01,6,10404,买盘
1514,10:57:41,17.33,--,6,11108,卖盘
1515,10:57:30,17.33,-0.01,15,25994,卖盘
1516,10:57:20,17.34,0.01,31,53754,买盘
1517,10:57:15,17.33,-0.01,51,89405,买盘
1518,10:57:11,17.34,0.01,35,60690,买盘
1519,10:57:05,17.33,--,87,150770,买盘
1520,10:57:00,17.33,--,42,72786,买盘
1521,10:56:56,17.33,--,34,58921,卖盘
1522,10:56:50,17.33,0.02,10,17330,卖盘
1523,10:56:45,17.31,--,68,119231,买盘
1524,10:56:41,17.31,-0.02,37,65310,卖盘
1525,10:56:35,17.33,--,57,99248,买盘
1526,10:56:30,17.33,0.01,28,48523,买盘
1527,10:56:26,17.32,--,3,5196,卖盘
1528,10:56:20,17.32,0.02,169,293677,买盘
1529,10:56:15,17.3,--,17,29410,卖盘
1530,10:56:05,17.3,--,22,38060,卖盘
1531,10:56:00,17.3,-0.01,18,31140,卖盘
1532,10:55:50,17.31,0.01,53,91743,买盘
1533,10:55:45,17.3,-0.01,1,1730,卖盘
1534,10:55:35,17.31,-0.01,105,182707,卖盘
1535,10:55:30,17.32,0.01,9,15588,买盘
1536,10:55:20,17.31,--,15,25964,卖盘
1537,10:55:05,17.31,-0.01,27,46737,卖盘
1538,10:55:00,17.32,--,18,31176,买盘
1539,10:54:45,17.32,--,1,1732,买盘
1540,10:54:30,17.32,--,9,15588,买盘
1541,10:54:24,17.32,0.01,5,8660,买盘
1542,10:54:15,17.31,--,2,3461,卖盘
1543,10:54:05,17.31,-0.01,71,123697,卖盘
1544,10:54:00,17.32,--,7,12124,买盘
1545,10:53:39,17.32,--,123,214317,买盘
1546,10:53:35,17.32,--,14,24248,卖盘
1547,10:53:29,17.32,-0.01,109,190052,卖盘
1548,10:53:24,17.33,--,219,379994,买盘
1549,10:53:14,17.33,--,1,1732,买盘
1550,10:53:09,17.33,0.02,21,36393,买盘
1551,10:53:05,17.31,-0.02,20,34620,卖盘
1552,10:52:59,17.33,--,9,15596,买盘
1553,10:52:54,17.33,--,35,60654,买盘
1554,10:52:50,17.33,0.01,176,305007,买盘
1555,10:52:44,17.32,-0.01,2,3464,卖盘
1556,10:52:35,17.33,0.01,7,12130,买盘
1557,10:52:29,17.32,--,14,24248,卖盘
1558,10:52:24,17.32,--,20,34640,卖盘
1559,10:52:20,17.32,-0.01,9,15588,卖盘
1560,10:52:14,17.33,--,79,136907,买盘
1561,10:52:05,17.33,0.01,40,69320,买盘
1562,10:51:59,17.32,-0.01,57,98724,卖盘
1563,10:51:54,17.33,--,1,1732,买盘
1564,10:51:44,17.33,--,10,17330,买盘
1565,10:51:35,17.33,--,9,16862,卖盘
1566,10:51:29,17.33,-0.01,78,135641,卖盘
1567,10:51:24,17.34,0.01,23,39882,买盘
1568,10:51:14,17.33,0.01,10,17330,买盘
1569,10:51:04,17.32,-0.02,20,34640,卖盘
1570,10:50:59,17.34,0.02,364,631176,买盘
1571,10:50:54,17.32,-0.01,1,1732,卖盘
1572,10:50:50,17.33,-0.01,178,310085,卖盘
1573,10:50:44,17.34,0.01,667,1156578,买盘
1574,10:50:39,17.33,--,7,12130,买盘
1575,10:50:35,17.33,--,353,611748,买盘
1576,10:50:29,17.33,0.01,134,232221,买盘
1577,10:50:24,17.32,-0.01,112,193984,卖盘
1578,10:50:20,17.33,0.01,28,48523,买盘
1579,10:50:14,17.32,--,10,17320,卖盘
1580,10:50:09,17.32,0.02,904,1566282,买盘
1581,10:49:59,17.3,--,914,1581220,买盘
1582,10:49:54,17.3,--,50,86500,买盘
1583,10:49:50,17.3,--,107,185110,买盘
1584,10:49:39,17.3,--,36,62280,买盘
1585,10:49:35,17.3,0.01,3,5190,买盘
1586,10:49:29,17.29,-0.01,4,6916,卖盘
1587,10:49:24,17.3,--,63,108990,买盘
1588,10:49:18,17.3,0.01,86,148780,买盘
1589,10:49:09,17.29,-0.01,20,34580,卖盘
1590,10:49:03,17.3,--,5,8650,买盘
1591,10:48:59,17.3,--,6,10380,买盘
1592,10:48:54,17.3,--,1,1730,买盘
1593,10:48:48,17.3,--,3,5190,买盘
1594,10:48:44,17.3,0.01,10,17300,买盘
1595,10:48:29,17.29,-0.01,4,6916,卖盘
1596,10:48:18,17.3,--,2,3460,买盘
1597,10:48:14,17.3,0.01,399,691757,买盘
1598,10:48:09,17.29,-0.01,20,34580,卖盘
1599,10:48:03,17.3,0.01,3,5190,买盘
1600,10:47:59,17.29,--,4,6916,卖盘
1601,10:47:54,17.29,-0.01,1,1729,卖盘
1602,10:47:48,17.3,0.01,2,3460,买盘
1603,10:47:44,17.29,-0.01,6,10374,卖盘
1604,10:47:33,17.3,0.01,2,3460,买盘
1605,10:47:29,17.29,--,4,6916,卖盘
1606,10:47:24,17.29,--,5,8645,卖盘
1607,10:47:18,17.29,--,55,95095,卖盘
1608,10:47:14,17.29,--,143,247834,卖盘
1609,10:47:09,17.29,-0.01,20,34580,卖盘
1610,10:47:03,17.3,--,3,5190,买盘
1611,10:46:59,17.3,0.01,11,19030,买盘
1612,10:46:54,17.29,-0.01,1,1729,卖盘
1613,10:46:48,17.3,0.01,2,3460,买盘
1614,10:46:39,17.29,-0.01,2,3458,卖盘
1615,10:46:33,17.3,0.01,2,3460,买盘
1616,10:46:29,17.29,-0.01,5,8645,卖盘
1617,10:46:23,17.3,--,158,273340,买盘
1618,10:46:18,17.3,0.01,2,3460,买盘
1619,10:46:14,17.29,--,7,12103,卖盘
1620,10:46:08,17.29,-0.01,22,38038,卖盘
1621,10:46:03,17.3,0.01,2,3460,买盘
1622,10:45:59,17.29,-0.01,4,6916,卖盘
1623,10:45:48,17.3,--,2,3460,买盘
1624,10:45:44,17.3,0.01,158,273340,买盘
1625,10:45:38,17.29,-0.01,39,67431,卖盘
1626,10:45:33,17.3,0.01,3,5190,买盘
1627,10:45:29,17.29,-0.01,7,12103,卖盘
1628,10:45:18,17.3,0.01,2,3460,买盘
1629,10:45:14,17.29,--,51,89389,卖盘
1630,10:45:08,17.29,-0.01,24,41496,卖盘
1631,10:45:03,17.3,0.01,22,38060,买盘
1632,10:44:59,17.29,--,4,6916,卖盘
1633,10:44:48,17.29,-0.01,54,93366,卖盘
1634,10:44:44,17.3,0.01,50,86500,买盘
1635,10:44:33,17.29,--,5,8645,卖盘
1636,10:44:29,17.29,-0.01,5,8645,卖盘
1637,10:44:23,17.3,--,1,1730,买盘
1638,10:44:18,17.3,0.01,4,6920,买盘
1639,10:44:08,17.29,-0.01,120,208344,卖盘
1640,10:44:03,17.3,0.01,9,15570,买盘
1641,10:43:59,17.29,--,4,6916,卖盘
1642,10:43:53,17.29,--,121,209209,卖盘
1643,10:43:48,17.29,-0.01,4,6916,卖盘
1644,10:43:44,17.3,0.01,231,399630,买盘
1645,10:43:38,17.29,-0.01,2,3458,卖盘
1646,10:43:33,17.3,--,4,6920,买盘
1647,10:43:29,17.3,0.01,388,671240,买盘
1648,10:43:23,17.29,-0.01,21,36309,卖盘
1649,10:43:18,17.3,0.01,160,276800,买盘
1650,10:43:13,17.29,--,3,5187,卖盘
1651,10:43:08,17.29,-0.01,20,34580,卖盘
1652,10:43:03,17.3,--,14,24220,买盘
1653,10:42:59,17.3,0.01,42,72660,买盘
1654,10:42:48,17.29,-0.01,3,5187,卖盘
1655,10:42:33,17.3,0.01,7,12110,买盘
1656,10:42:23,17.29,-0.01,48,84271,卖盘
1657,10:42:18,17.3,--,3,5190,买盘
1658,10:42:13,17.3,0.01,1,1730,买盘
1659,10:42:08,17.29,-0.01,95,164255,卖盘
1660,10:42:03,17.3,0.01,6,10380,买盘
1661,10:41:53,17.29,--,53,91637,卖盘
1662,10:41:48,17.29,--,247,427858,买盘
1663,10:41:38,17.29,--,7,12103,买盘
1664,10:41:33,17.29,--,72,124488,卖盘
1665,10:41:27,17.29,--,4,6916,卖盘
1666,10:41:18,17.29,-0.01,4,6916,卖盘
1667,10:41:12,17.3,0.01,1,1730,买盘
1668,10:41:08,17.29,--,20,34580,卖盘
1669,10:41:03,17.29,0.01,14,24206,卖盘
1670,10:40:48,17.28,--,0,0,卖盘
1671,10:40:38,17.28,--,10,17280,卖盘
1672,10:40:33,17.28,--,138,238464,卖盘
1673,10:40:27,17.28,--,54,93312,卖盘
1674,10:40:23,17.28,-0.01,35,60480,卖盘
1675,10:40:18,17.29,0.01,101,174629,买盘
1676,10:40:12,17.28,--,0,0,卖盘
1677,10:40:08,17.28,-0.02,95,164160,卖盘
1678,10:40:03,17.3,0.01,24,41710,买盘
1679,10:39:48,17.29,-0.01,63,108927,卖盘
1680,10:39:42,17.3,0.01,5,8650,买盘
1681,10:39:38,17.29,--,100,172900,卖盘
1682,10:39:32,17.29,--,80,140031,卖盘
1683,10:39:27,17.29,--,54,93366,卖盘
1684,10:39:23,17.29,--,164,283556,卖盘
1685,10:39:08,17.29,--,20,34580,卖盘
1686,10:39:02,17.29,-0.01,7,12103,卖盘
1687,10:38:57,17.3,--,1,1730,买盘
1688,10:38:53,17.3,0.01,9,15570,买盘
1689,10:38:42,17.29,-0.01,366,632814,卖盘
1690,10:38:38,17.3,--,30,51900,买盘
1691,10:38:32,17.3,--,1069,1849370,卖盘
1692,10:38:27,17.3,--,5,8650,卖盘
1693,10:38:23,17.3,--,5,8650,卖盘
1694,10:38:12,17.3,0.01,21,36330,买盘
1695,10:38:08,17.29,-0.02,20,34580,卖盘
1696,10:38:02,17.31,0.01,8,13847,买盘
1697,10:37:53,17.3,--,20,34600,卖盘
1698,10:37:38,17.3,--,153,264690,买盘
1699,10:37:32,17.3,0.01,12,20760,买盘
1700,10:37:23,17.29,--,1,2334,卖盘
1701,10:37:08,17.29,-0.01,20,34580,卖盘
1702,10:37:02,17.3,0.01,8,13840,买盘
1703,10:36:57,17.29,--,5,8645,卖盘
1704,10:36:47,17.29,--,21,36309,卖盘
1705,10:36:42,17.29,--,42,72618,卖盘
1706,10:36:32,17.29,--,65,113439,卖盘
1707,10:36:27,17.29,--,0,0,卖盘
1708,10:36:23,17.29,-0.01,510,881790,卖盘
1709,10:36:12,17.3,--,22,38060,卖盘
1710,10:36:07,17.3,--,28,50118,买盘
1711,10:36:02,17.3,--,7,12110,买盘
1712,10:35:47,17.3,--,44,76120,买盘
1713,10:35:32,17.3,--,97,168830,买盘
1714,10:35:17,17.3,--,2,3460,买盘
1715,10:35:12,17.3,0.01,17,29410,买盘
1716,10:35:07,17.29,-0.01,20,34580,卖盘
1717,10:35:02,17.3,--,9,15570,买盘
1718,10:34:47,17.3,0.01,2,3460,买盘
1719,10:34:37,17.29,-0.01,40,69160,卖盘
1720,10:34:32,17.3,0.01,12,20760,买盘
1721,10:34:17,17.29,--,4,6916,卖盘
1722,10:34:07,17.29,--,76,131404,卖盘
1723,10:34:02,17.29,--,17,29393,卖盘
1724,10:33:47,17.29,--,6,10374,卖盘
1725,10:33:36,17.29,-0.01,31,53599,卖盘
1726,10:33:32,17.3,0.01,6,10380,买盘
1727,10:33:27,17.29,-0.01,1,1729,卖盘
1728,10:33:17,17.3,0.01,61,105633,买盘
1729,10:33:12,17.29,--,0,0,卖盘
1730,10:33:06,17.29,--,20,34580,卖盘
1731,10:33:02,17.29,-0.01,44,76076,卖盘
1732,10:32:57,17.3,--,9,15570,卖盘
1733,10:32:51,17.3,--,1,1730,卖盘
1734,10:32:47,17.3,--,5,8650,卖盘
1735,10:32:36,17.3,-0.01,3,5190,卖盘
1736,10:32:32,17.31,0.01,6,10386,买盘
1737,10:32:17,17.3,-0.01,30,51900,卖盘
1738,10:32:12,17.31,--,0,0,买盘
1739,10:32:06,17.31,0.02,44,76164,买盘
1740,10:32:01,17.29,-0.02,146,252676,卖盘
1741,10:31:56,17.31,0.01,5,8655,买盘
1742,10:31:46,17.3,-0.01,4,6920,卖盘
1743,10:31:31,17.31,0.02,61,105590,买盘
1744,10:31:26,17.29,-0.01,2,3458,卖盘
1745,10:31:21,17.3,--,3,5190,买盘
1746,10:31:17,17.3,--,2,3460,买盘
1747,10:31:11,17.3,--,4,7681,卖盘
1748,10:31:06,17.3,--,20,34600,卖盘
1749,10:31:01,17.3,--,65,112450,卖盘
1750,10:30:46,17.3,--,55,95150,卖盘
1751,10:30:41,17.3,-0.01,165,285450,卖盘
1752,10:30:36,17.31,--,3,5193,买盘
1753,10:30:31,17.31,0.01,26,45006,买盘
1754,10:30:26,17.3,--,12,20760,卖盘
1755,10:30:21,17.3,-0.01,64,110720,卖盘
1756,10:30:16,17.31,0.01,55,95205,买盘
1757,10:30:06,17.3,--,20,34600,卖盘
1758,10:30:01,17.3,--,72,125528,卖盘
1759,10:29:56,17.3,--,8,13840,卖盘
1760,10:29:51,17.3,--,121,209330,卖盘
1761,10:29:46,17.3,-0.01,6,10380,卖盘
1762,10:29:36,17.31,0.01,10,17310,买盘
1763,10:29:31,17.3,-0.01,21,36330,卖盘
1764,10:29:26,17.31,0.01,39,67509,买盘
1765,10:29:16,17.3,--,102,177567,卖盘
1766,10:29:11,17.3,--,1,1730,卖盘
1767,10:29:06,17.3,-0.01,20,34600,卖盘
1768,10:29:01,17.31,--,110,190410,买盘
1769,10:28:56,17.31,0.01,1,1730,买盘
1770,10:28:51,17.3,--,1,1730,卖盘
1771,10:28:41,17.3,-0.01,1,1730,卖盘
1772,10:28:36,17.31,--,1,1730,买盘
1773,10:28:31,17.31,--,4,6923,买盘
1774,10:28:26,17.31,--,38,65778,买盘
1775,10:28:16,17.31,0.01,20,34620,买盘
1776,10:28:06,17.3,-0.01,21,36330,卖盘
1777,10:28:01,17.31,0.01,48,83088,买盘
1778,10:27:56,17.3,-0.01,159,275070,卖盘
1779,10:27:51,17.31,0.01,50,86550,买盘
1780,10:27:41,17.3,-0.01,36,62280,中性盘
1781,10:27:36,17.31,0.01,37,64046,买盘
1782,10:27:31,17.3,0.01,5,8650,买盘
1783,10:27:26,17.29,-0.01,20,34580,卖盘
1784,10:27:21,17.3,--,52,89960,买盘
1785,10:27:16,17.3,0.01,247,427310,买盘
1786,10:27:06,17.29,--,431,746132,买盘
1787,10:27:01,17.29,0.01,4,6916,买盘
1788,10:26:56,17.28,--,57,99429,卖盘
1789,10:26:41,17.28,--,11,19008,卖盘
1790,10:26:36,17.28,-0.01,10,17280,卖盘
1791,10:26:31,17.29,--,5,8645,买盘
1792,10:26:26,17.29,0.01,40,69160,买盘
1793,10:26:06,17.28,--,33,57024,卖盘
1794,10:26:00,17.28,-0.01,152,263796,卖盘
1795,10:25:56,17.29,--,353,610337,买盘
1796,10:25:50,17.29,--,2,3458,买盘
1797,10:25:45,17.29,0.01,2,3458,买盘
1798,10:25:41,17.28,-0.01,215,371520,卖盘
1799,10:25:35,17.29,0.01,9,15561,买盘
1800,10:25:26,17.28,-0.01,8,13824,卖盘
1801,10:25:20,17.29,--,2,3458,买盘
1802,10:25:11,17.29,0.01,5,8645,买盘
1803,10:25:05,17.28,--,34,58752,卖盘
1804,10:25:00,17.28,--,1,1728,卖盘
1805,10:24:55,17.28,-0.01,129,222912,卖盘
1806,10:24:50,17.29,0.01,12,20748,买盘
1807,10:24:40,17.28,--,33,57024,卖盘
1808,10:24:35,17.28,--,36,62208,卖盘
1809,10:24:30,17.28,--,48,83548,卖盘
1810,10:24:25,17.28,--,11,19008,卖盘
1811,10:24:20,17.28,--,15,25920,卖盘
1812,10:24:10,17.28,--,11,19008,卖盘
1813,10:24:05,17.28,-0.01,28,48384,卖盘
1814,10:23:55,17.29,--,158,273182,买盘
1815,10:23:50,17.29,0.01,4,6916,买盘
1816,10:23:45,17.28,-0.01,12,20736,卖盘
1817,10:23:35,17.29,0.01,2,3458,买盘
1818,10:23:30,17.28,-0.01,5,8640,卖盘
1819,10:23:25,17.29,--,38,65702,买盘
1820,10:23:20,17.29,0.01,12,20748,买盘
1821,10:23:15,17.28,--,5,8640,卖盘
1822,10:23:05,17.28,--,28,48384,卖盘
1823,10:23:00,17.28,-0.01,103,179452,卖盘
1824,10:22:50,17.29,0.01,2,3458,买盘
1825,10:22:45,17.28,-0.01,11,19008,卖盘
1826,10:22:35,17.29,0.01,25,43225,买盘
1827,10:22:30,17.28,-0.01,10,17280,卖盘
1828,10:22:25,17.29,--,7,12103,买盘
1829,10:22:20,17.29,0.01,25,43225,买盘
1830,10:22:10,17.28,--,45,77760,卖盘
1831,10:22:05,17.28,--,22,38016,卖盘
1832,10:21:55,17.28,--,10,17280,卖盘
1833,10:21:50,17.28,--,170,293760,卖盘
1834,10:21:45,17.28,--,10,17280,卖盘
1835,10:21:40,17.28,--,21,36288,卖盘
1836,10:21:35,17.28,--,5,8640,卖盘
1837,10:21:30,17.28,--,10,17280,卖盘
1838,10:21:25,17.28,-0.01,5,8640,卖盘
1839,10:21:20,17.29,--,2,3458,买盘
1840,10:21:10,17.29,0.01,1,1729,买盘
1841,10:21:05,17.28,--,22,38016,卖盘
1842,10:20:50,17.28,--,23,39882,卖盘
1843,10:20:45,17.28,-0.01,3,5184,卖盘
1844,10:20:35,17.29,0.01,2,3458,买盘
1845,10:20:30,17.28,-0.01,44,76032,卖盘
1846,10:20:25,17.29,0.01,18,31122,买盘
1847,10:20:20,17.28,-0.01,6,10368,卖盘
1848,10:20:10,17.29,--,44,76076,买盘
1849,10:20:05,17.29,0.01,74,127946,买盘
1850,10:20:00,17.28,--,43,74304,卖盘
1851,10:19:55,17.28,-0.01,123,212544,卖盘
1852,10:19:50,17.29,0.01,2,3458,买盘
1853,10:19:45,17.28,-0.01,103,177984,卖盘
1854,10:19:40,17.29,0.01,8,13832,买盘
1855,10:19:35,17.28,--,157,271296,卖盘
1856,10:19:30,17.28,--,40,69120,卖盘
1857,10:19:25,17.28,-0.01,115,198720,卖盘
1858,10:19:20,17.29,0.01,136,235144,买盘
1859,10:19:15,17.28,-0.01,245,423360,卖盘
1860,10:19:10,17.29,--,4,6916,买盘
1861,10:19:05,17.29,--,337,583779,卖盘
1862,10:19:00,17.29,-0.01,721,1246920,卖盘
1863,10:18:50,17.3,--,6,10380,卖盘
1864,10:18:45,17.3,--,9,15570,买盘
1865,10:18:39,17.3,0.01,2,3460,买盘
1866,10:18:35,17.29,--,51,88179,卖盘
1867,10:18:29,17.29,-0.02,1415,2446535,卖盘
1868,10:18:24,17.31,0.01,96,166176,买盘
1869,10:18:20,17.3,--,143,247390,卖盘
1870,10:18:14,17.3,-0.01,3,5190,卖盘
1871,10:18:09,17.31,--,2,3461,买盘
1872,10:18:05,17.31,0.01,67,115976,买盘
1873,10:17:54,17.3,--,30,51900,卖盘
1874,10:17:50,17.3,-0.01,49,84770,卖盘
1875,10:17:44,17.31,--,5,8655,买盘
1876,10:17:34,17.31,-0.01,63,109052,中性盘
1877,10:17:29,17.32,0.01,205,355060,买盘
1878,10:17:24,17.31,--,4,6923,卖盘
1879,10:17:19,17.31,--,444,768875,买盘
1880,10:17:14,17.31,-0.01,210,364929,卖盘
1881,10:17:04,17.32,0.01,42,72744,买盘
1882,10:16:59,17.31,--,156,270347,买盘
1883,10:16:54,17.31,--,15,25964,买盘
1884,10:16:49,17.31,--,62,107321,买盘
1885,10:16:44,17.31,--,8,13847,买盘
1886,10:16:34,17.31,0.01,271,469100,买盘
1887,10:16:29,17.3,-0.01,10,17300,卖盘
1888,10:16:19,17.31,0.01,3,5193,买盘
1889,10:16:14,17.3,--,90,155700,卖盘
1890,10:16:04,17.3,--,32,55360,卖盘
1891,10:15:59,17.3,-0.01,10,17300,卖盘
1892,10:15:49,17.31,0.01,2,3461,买盘
1893,10:15:44,17.3,--,51,88230,卖盘
1894,10:15:39,17.3,-0.01,10,17300,卖盘
1895,10:15:34,17.31,0.01,2,3461,买盘
1896,10:15:29,17.3,--,5,8650,卖盘
1897,10:15:24,17.3,-0.01,10,17300,卖盘
1898,10:15:19,17.31,0.01,34,58853,买盘
1899,10:15:04,17.3,-0.01,822,1422060,卖盘
1900,10:14:59,17.31,--,62,107321,买盘
1901,10:14:44,17.31,--,14,24234,买盘
1902,10:14:34,17.31,0.01,19,32889,买盘
1903,10:14:29,17.3,--,30,51900,卖盘
1904,10:14:19,17.3,--,100,173000,卖盘
1905,10:14:09,17.3,--,7,12110,卖盘
1906,10:14:04,17.3,-0.01,20,34600,卖盘
1907,10:13:59,17.31,--,38,65778,买盘
1908,10:13:54,17.31,0.01,3,5193,买盘
1909,10:13:49,17.3,--,140,242200,卖盘
1910,10:13:44,17.3,--,10,17300,卖盘
1911,10:13:39,17.3,--,26,44980,卖盘
1912,10:13:34,17.3,-0.01,5,8650,卖盘
1913,10:13:29,17.31,0.01,7,12117,买盘
1914,10:13:19,17.3,--,1,1730,卖盘
1915,10:13:14,17.3,--,10,17300,卖盘
1916,10:13:04,17.3,--,27,46710,卖盘
1917,10:12:59,17.3,--,102,176460,卖盘
1918,10:12:54,17.3,--,486,840780,卖盘
1919,10:12:49,17.3,-0.01,314,543220,卖盘
1920,10:12:44,17.31,--,66,114245,买盘
1921,10:12:34,17.31,--,2,3461,买盘
1922,10:12:24,17.31,--,56,96936,买盘
1923,10:12:19,17.31,-0.01,412,713172,卖盘
1924,10:12:14,17.32,0.01,188,325616,买盘
1925,10:12:09,17.31,--,67,115976,买盘
1926,10:12:04,17.31,0.01,3,5193,买盘
1927,10:11:59,17.3,-0.01,1,1730,卖盘
1928,10:11:54,17.31,--,26,45006,卖盘
1929,10:11:44,17.31,-0.01,10,17310,卖盘
1930,10:11:38,17.32,0.01,163,282316,买盘
1931,10:11:34,17.31,-0.01,10,17310,卖盘
1932,10:11:29,17.32,0.01,60,103920,买盘
1933,10:11:23,17.31,--,6,10386,卖盘
1934,10:11:14,17.31,--,20,34620,卖盘
1935,10:11:08,17.31,0.01,32,55391,买盘
1936,10:11:04,17.3,--,2,3460,卖盘
1937,10:10:59,17.3,-0.01,103,179228,卖盘
1938,10:10:53,17.31,0.01,33,57122,买盘
1939,10:10:44,17.3,-0.02,30,51900,卖盘
1940,10:10:38,17.32,0.01,85,148726,买盘
1941,10:10:29,17.31,--,48,83088,卖盘
1942,10:10:23,17.31,--,36,62541,卖盘
1943,10:10:18,17.31,0.01,101,174831,中性盘
1944,10:10:14,17.3,--,309,534570,卖盘
1945,10:10:08,17.3,--,74,128020,卖盘
1946,10:09:59,17.3,--,159,275070,卖盘
1947,10:09:53,17.3,--,1248,2159507,卖盘
1948,10:09:48,17.3,--,247,427310,卖盘
1949,10:09:43,17.3,-0.01,54,93420,卖盘
1950,10:09:38,17.31,0.01,64,110783,买盘
1951,10:09:33,17.3,-0.01,12,20760,卖盘
1952,10:09:28,17.31,-0.01,152,263112,卖盘
1953,10:09:23,17.32,0.01,19,32908,买盘
1954,10:09:13,17.31,-0.01,300,519299,卖盘
1955,10:09:08,17.32,--,59,102188,买盘
1956,10:08:58,17.32,--,53,91796,买盘
1957,10:08:53,17.32,--,446,772472,卖盘
1958,10:08:43,17.32,--,7,12124,卖盘
1959,10:08:38,17.32,-0.01,106,183592,卖盘
1960,10:08:33,17.33,--,20,34660,买盘
1961,10:08:28,17.33,0.01,28,48523,买盘
1962,10:08:23,17.32,--,237,410484,买盘
1963,10:08:18,17.32,--,2,3464,买盘
1964,10:08:13,17.32,0.01,1,1732,买盘
1965,10:08:08,17.31,--,30,51929,卖盘
1966,10:08:03,17.31,--,1,1730,卖盘
1967,10:07:58,17.31,--,10,17310,卖盘
1968,10:07:53,17.31,0.01,556,962435,买盘
1969,10:07:48,17.3,-0.01,138,238740,卖盘
1970,10:07:43,17.31,--,35,60584,买盘
1971,10:07:38,17.31,--,70,121169,买盘
1972,10:07:33,17.31,--,3,5193,买盘
1973,10:07:28,17.31,0.01,87,150597,买盘
1974,10:07:23,17.3,-0.01,470,813100,卖盘
1975,10:07:18,17.31,0.01,2,3461,买盘
1976,10:07:13,17.3,0.01,1388,2402935,买盘
1977,10:07:08,17.29,--,424,733096,卖盘
1978,10:07:03,17.29,--,36,62244,卖盘
1979,10:06:58,17.29,0.01,1244,2150876,买盘
1980,10:06:53,17.28,--,12,20736,卖盘
1981,10:06:48,17.28,--,6,10368,卖盘
1982,10:06:43,17.28,--,5,8640,卖盘
1983,10:06:38,17.28,--,32,55296,卖盘
1984,10:06:33,17.28,-0.01,68,117504,卖盘
1985,10:06:28,17.29,0.01,2,3458,买盘
1986,10:06:23,17.28,--,5,8640,卖盘
1987,10:06:18,17.28,-0.01,1,1728,中性盘
1988,10:06:13,17.29,0.02,551,952851,买盘
1989,10:06:08,17.27,-0.01,20,34540,卖盘
1990,10:06:03,17.28,0.01,3,5184,买盘
1991,10:05:58,17.27,-0.02,9,15543,卖盘
1992,10:05:53,17.29,0.02,4,6916,买盘
1993,10:05:48,17.27,-0.01,205,354035,卖盘
1994,10:05:33,17.28,0.01,2,3456,买盘
1995,10:05:28,17.27,-0.01,34,60013,卖盘
1996,10:05:22,17.28,--,59,101952,卖盘
1997,10:05:18,17.28,--,54,93312,卖盘
1998,10:05:13,17.28,0.01,66,114480,买盘
1999,10:05:07,17.27,-0.01,20,34540,卖盘
2000,10:05:02,17.28,--,5,8640,买盘
2001,10:04:58,17.28,--,22,38016,买盘
2002,10:04:52,17.28,-0.01,84,146448,卖盘
2003,10:04:47,17.29,0.01,15,25935,买盘
2004,10:04:43,17.28,-0.01,27,47088,卖盘
2005,10:04:37,17.29,--,4,6916,买盘
2006,10:04:32,17.29,0.01,4,6916,买盘
2007,10:04:28,17.28,-0.01,16,27648,卖盘
2008,10:04:22,17.29,--,80,138320,买盘
2009,10:04:17,17.29,--,82,141778,买盘
2010,10:04:13,17.29,0.01,1,1729,买盘
2011,10:04:07,17.28,-0.01,21,36288,卖盘
2012,10:04:02,17.29,0.01,441,762489,买盘
2013,10:03:52,17.28,--,27,46673,买盘
2014,10:03:47,17.28,0.01,67,115776,买盘
2015,10:03:43,17.27,-0.01,53,91531,卖盘
2016,10:03:37,17.28,--,63,108864,买盘
2017,10:03:32,17.28,0.01,37,63936,买盘
2018,10:03:22,17.27,--,6,10362,卖盘
2019,10:03:17,17.27,--,262,452474,卖盘
2020,10:03:07,17.27,-0.01,20,34540,卖盘
2021,10:03:02,17.28,0.01,347,599616,买盘
2022,10:02:57,17.27,--,20,34540,卖盘
2023,10:02:52,17.27,-0.01,20,34540,卖盘
2024,10:02:47,17.28,--,12,20736,买盘
2025,10:02:37,17.28,--,9,15552,买盘
2026,10:02:32,17.28,--,53,91584,买盘
2027,10:02:27,17.28,--,10,17280,买盘
2028,10:02:22,17.28,--,32,55296,买盘
2029,10:02:17,17.28,0.01,7,12096,买盘
2030,10:02:12,17.27,--,8,13816,卖盘
2031,10:02:07,17.27,-0.01,20,34540,卖盘
2032,10:02:02,17.28,--,10,17280,买盘
2033,10:01:52,17.28,--,301,521838,卖盘
2034,10:01:47,17.28,--,14,24192,卖盘
2035,10:01:42,17.28,--,164,283392,卖盘
2036,10:01:37,17.28,-0.01,215,371520,卖盘
2037,10:01:32,17.29,--,13,22477,买盘
2038,10:01:27,17.29,--,43,74347,买盘
2039,10:01:22,17.29,0.01,80,138320,买盘
2040,10:01:17,17.28,-0.01,25,43200,卖盘
2041,10:01:07,17.29,--,55,95095,买盘
2042,10:01:02,17.29,--,12,20748,买盘
2043,10:00:52,17.29,--,5,8645,买盘
2044,10:00:47,17.29,--,9,15561,卖盘
2045,10:00:42,17.29,-0.01,81,140049,卖盘
2046,10:00:37,17.3,0.01,31,53630,买盘
2047,10:00:32,17.29,--,19,32851,卖盘
2048,10:00:22,17.29,-0.01,38,65702,卖盘
2049,10:00:17,17.3,0.01,22,38060,买盘
2050,10:00:12,17.29,--,262,452998,卖盘
2051,10:00:07,17.29,-0.01,41,72410,卖盘
2052,10:00:02,17.3,--,596,1031080,卖盘
2053,09:59:57,17.3,--,28,48440,卖盘
2054,09:59:52,17.3,--,318,550140,卖盘
2055,09:59:47,17.3,--,70,121100,卖盘
2056,09:59:42,17.3,-0.01,7,12110,卖盘
2057,09:59:37,17.31,--,9,15578,买盘
2058,09:59:32,17.31,--,28,48468,买盘
2059,09:59:27,17.31,--,13,22503,买盘
2060,09:59:22,17.31,--,35,60584,买盘
2061,09:59:16,17.31,--,15,25964,买盘
2062,09:59:12,17.31,--,383,662973,卖盘
2063,09:59:07,17.31,--,97,167907,卖盘
2064,09:59:01,17.31,--,171,296001,卖盘
2065,09:58:57,17.31,--,1,1730,卖盘
2066,09:58:52,17.31,--,38,65778,买盘
2067,09:58:46,17.31,--,245,424094,买盘
2068,09:58:37,17.31,--,27,46737,买盘
2069,09:58:31,17.31,0.01,142,245801,买盘
2070,09:58:27,17.3,-0.02,22,38267,卖盘
2071,09:58:22,17.32,0.01,119,206108,买盘
2072,09:58:16,17.31,0.01,116,200795,买盘
2073,09:58:12,17.3,-0.01,50,86500,卖盘
2074,09:58:07,17.31,--,102,176562,买盘
2075,09:58:01,17.31,0.01,65,112514,买盘
2076,09:57:57,17.3,-0.01,28,48440,卖盘
2077,09:57:52,17.31,0.01,53,91743,买盘
2078,09:57:46,17.3,-0.01,41,70930,中性盘
2079,09:57:42,17.31,--,615,1064565,买盘
2080,09:57:37,17.31,--,5,8655,买盘
2081,09:57:31,17.31,--,211,365241,买盘
2082,09:57:26,17.31,--,52,90012,买盘
2083,09:57:22,17.31,0.01,100,173100,买盘
2084,09:57:16,17.3,-0.01,11,19030,卖盘
2085,09:57:11,17.31,0.03,118,204257,买盘
2086,09:57:07,17.28,-0.01,30,51840,卖盘
2087,09:57:01,17.29,--,534,923286,卖盘
2088,09:56:56,17.29,--,60,103740,卖盘
2089,09:56:52,17.29,-0.01,50,86467,卖盘
2090,09:56:46,17.3,0.02,610,1055300,买盘
2091,09:56:41,17.28,-0.02,48,82944,卖盘
2092,09:56:37,17.3,0.01,187,323510,买盘
2093,09:56:31,17.29,0.01,76,131404,买盘
2094,09:56:26,17.28,0.01,58,100224,买盘
2095,09:56:22,17.27,--,43,74261,卖盘
2096,09:56:16,17.27,-0.01,993,1714911,卖盘
2097,09:56:11,17.28,0.01,525,907200,买盘
2098,09:56:07,17.27,-0.01,103,177881,卖盘
2099,09:56:01,17.28,--,36,62208,卖盘
2100,09:55:56,17.28,-0.01,160,276480,卖盘
2101,09:55:46,17.29,-0.01,233,402857,卖盘
2102,09:55:41,17.3,--,646,1119292,卖盘
2103,09:55:36,17.3,--,96,166080,卖盘
2104,09:55:31,17.3,--,437,756010,卖盘
2105,09:55:26,17.3,-0.01,220,380600,卖盘
2106,09:55:21,17.31,-0.01,200,346200,卖盘
2107,09:55:16,17.32,-0.01,512,886784,卖盘
2108,09:55:11,17.33,--,217,376060,卖盘
2109,09:55:06,17.33,--,98,169833,卖盘
2110,09:55:01,17.33,--,133,230488,买盘
2111,09:54:56,17.33,--,157,272081,买盘
2112,09:54:51,17.33,--,19,32927,买盘
2113,09:54:46,17.33,--,429,743456,买盘
2114,09:54:41,17.33,-0.01,684,1185371,卖盘
2115,09:54:36,17.34,--,139,241026,卖盘
2116,09:54:31,17.34,0.01,379,657186,买盘
2117,09:54:26,17.33,--,276,478307,卖盘
2118,09:54:21,17.33,--,12,20795,卖盘
2119,09:54:16,17.33,0.02,205,355264,买盘
2120,09:54:11,17.31,-0.01,40,69240,卖盘
2121,09:54:06,17.32,-0.01,196,339472,卖盘
2122,09:54:01,17.33,0.01,169,292877,买盘
2123,09:53:56,17.32,--,87,150684,买盘
2124,09:53:51,17.32,--,132,228624,买盘
2125,09:53:46,17.32,-0.01,1539,2665548,卖盘
2126,09:53:41,17.33,--,361,625612,卖盘
2127,09:53:36,17.33,0.01,202,350065,买盘
2128,09:53:31,17.32,-0.01,637,1103284,卖盘
2129,09:53:26,17.33,0.01,114,197561,买盘
2130,09:53:21,17.32,--,74,128168,卖盘
2131,09:53:16,17.32,-0.01,92,159344,中性盘
2132,09:53:10,17.33,0.02,136,235687,中性盘
2133,09:53:06,17.31,-0.03,40,69240,卖盘
2134,09:53:01,17.34,0.03,849,1472166,买盘
2135,09:52:55,17.31,0.01,62,107321,中性盘
2136,09:52:51,17.3,-0.01,251,434247,卖盘
2137,09:52:46,17.31,0.01,312,540072,买盘
2138,09:52:40,17.3,--,76,131480,卖盘
2139,09:52:36,17.3,-0.01,142,245660,卖盘
2140,09:52:31,17.31,0.02,278,481217,买盘
2141,09:52:25,17.29,--,6,10374,买盘
2142,09:52:21,17.29,--,0,0,买盘
2143,09:52:16,17.29,-0.01,491,848939,卖盘
2144,09:52:10,17.3,0.01,346,598580,买盘
2145,09:52:06,17.29,-0.01,44,76076,中性盘
2146,09:52:01,17.3,0.01,344,595120,买盘
2147,09:51:55,17.29,-0.01,47,81263,卖盘
2148,09:51:51,17.3,0.03,269,465370,买盘
2149,09:51:46,17.27,--,769,1328063,卖盘
2150,09:51:40,17.27,--,327,564729,卖盘
2151,09:51:31,17.27,0.01,167,288409,买盘
2152,09:51:25,17.26,0.01,521,899246,买盘
2153,09:51:20,17.25,0.03,3333,5750770,买盘
2154,09:51:16,17.22,--,343,590646,卖盘
2155,09:51:10,17.22,--,234,402948,卖盘
2156,09:51:05,17.22,-0.01,50,86100,卖盘
2157,09:51:01,17.23,0.01,14,24122,买盘
2158,09:50:55,17.22,--,36,61991,卖盘
2159,09:50:45,17.22,--,33,56825,卖盘
2160,09:50:40,17.22,--,80,137760,卖盘
2161,09:50:35,17.22,-0.01,9,15497,卖盘
2162,09:50:31,17.23,--,70,120610,买盘
2163,09:50:25,17.23,0.01,66,113718,买盘
2164,09:50:20,17.22,-0.01,10,17220,卖盘
2165,09:50:16,17.23,0.01,55,94765,买盘
2166,09:50:10,17.22,--,8,13776,卖盘
2167,09:50:05,17.22,-0.01,90,154980,卖盘
2168,09:50:00,17.23,--,3,5169,买盘
2169,09:49:55,17.23,--,355,611665,买盘
2170,09:49:50,17.23,0.01,6,10338,买盘
2171,09:49:45,17.22,--,10,17220,卖盘
2172,09:49:40,17.22,-0.01,190,327180,卖盘
2173,09:49:35,17.23,--,16,27568,买盘
2174,09:49:30,17.23,0.01,12,20676,买盘
2175,09:49:25,17.22,-0.01,18,30995,卖盘
2176,09:49:20,17.23,0.01,155,267065,买盘
2177,09:49:15,17.22,--,30,51660,卖盘
2178,09:49:10,17.22,--,30,51660,卖盘
2179,09:49:05,17.22,-0.01,28,48216,卖盘
2180,09:49:00,17.23,0.01,13,22399,买盘
2181,09:48:55,17.22,--,88,151536,卖盘
2182,09:48:50,17.22,--,52,89544,卖盘
2183,09:48:45,17.22,--,11,18942,卖盘
2184,09:48:40,17.22,-0.01,80,137760,卖盘
2185,09:48:35,17.23,0.01,236,406628,买盘
2186,09:48:30,17.22,--,11,18942,卖盘
2187,09:48:25,17.22,-0.01,62,106764,卖盘
2188,09:48:20,17.23,--,47,80981,买盘
2189,09:48:15,17.23,0.01,241,415243,买盘
2190,09:48:10,17.22,--,288,495935,卖盘
2191,09:48:05,17.22,-0.01,60,103320,卖盘
2192,09:48:00,17.23,--,27,46521,买盘
2193,09:47:55,17.23,--,16,27568,买盘
2194,09:47:50,17.23,--,20,34460,买盘
2195,09:47:40,17.23,--,99,170577,买盘
2196,09:47:35,17.23,--,168,289464,卖盘
2197,09:47:30,17.23,--,146,251558,卖盘
2198,09:47:25,17.23,--,190,327370,卖盘
2199,09:47:20,17.23,-0.01,38,65474,卖盘
2200,09:47:15,17.24,0.01,40,68960,买盘
2201,09:47:10,17.23,--,496,854608,卖盘
2202,09:47:05,17.23,--,556,957988,买盘
2203,09:47:00,17.23,-0.01,45,77535,买盘
2204,09:46:55,17.24,0.01,737,1270588,买盘
2205,09:46:50,17.23,-0.01,6,10338,卖盘
2206,09:46:45,17.24,0.01,284,489615,买盘
2207,09:46:40,17.23,--,21,36183,卖盘
2208,09:46:35,17.23,-0.01,105,180915,卖盘
2209,09:46:30,17.24,--,22,37928,买盘
2210,09:46:25,17.24,--,183,315492,买盘
2211,09:46:20,17.24,--,623,1074052,卖盘
2212,09:46:15,17.24,--,40,68960,卖盘
2213,09:46:10,17.24,-0.01,526,906823,卖盘
2214,09:46:05,17.25,--,103,177675,买盘
2215,09:46:00,17.25,--,18,31050,买盘
2216,09:45:54,17.25,--,134,231150,买盘
2217,09:45:49,17.25,0.01,41,70725,买盘
2218,09:45:40,17.24,--,210,362039,买盘
2219,09:45:34,17.24,-0.01,41,70684,中性盘
2220,09:45:30,17.25,0.02,2,3450,买盘
2221,09:45:25,17.23,0.02,96,165408,买盘
2222,09:45:19,17.21,0.01,56,96376,卖盘
2223,09:45:15,17.2,--,19,32680,卖盘
2224,09:45:10,17.2,0.01,282,485040,买盘
2225,09:45:04,17.19,--,236,405684,买盘
2226,09:45:00,17.19,--,102,175338,买盘
2227,09:44:55,17.19,0.02,153,263007,卖盘
2228,09:44:49,17.17,-0.01,1053,1808001,卖盘
2229,09:44:44,17.18,--,162,278316,卖盘
2230,09:44:40,17.18,0.01,567,974106,买盘
2231,09:44:34,17.17,--,223,382891,卖盘
2232,09:44:30,17.17,--,161,276437,卖盘
2233,09:44:25,17.17,0.01,209,359969,买盘
2234,09:44:19,17.16,-0.01,57,97812,卖盘
2235,09:44:15,17.17,0.01,10,17170,买盘
2236,09:44:10,17.16,--,82,140712,买盘
2237,09:44:04,17.16,--,25,42900,买盘
2238,09:43:59,17.16,--,4,6864,买盘
2239,09:43:55,17.16,0.01,41,70356,买盘
2240,09:43:49,17.15,--,9,15434,买盘
2241,09:43:44,17.15,--,20,34300,买盘
2242,09:43:40,17.15,--,27,46304,买盘
2243,09:43:34,17.15,--,30,51449,买盘
2244,09:43:29,17.15,--,1,1714,买盘
2245,09:43:24,17.15,--,6,10290,买盘
2246,09:43:19,17.15,-0.01,38,65169,卖盘
2247,09:43:14,17.16,--,55,94380,买盘
2248,09:43:09,17.16,0.01,134,229944,买盘
2249,09:43:04,17.15,--,20,34300,卖盘
2250,09:42:59,17.15,--,79,135742,卖盘
2251,09:42:54,17.15,0.01,62,107187,买盘
2252,09:42:49,17.14,0.01,46,78844,买盘
2253,09:42:39,17.13,--,5,8565,卖盘
2254,09:42:34,17.13,-0.01,43,73659,卖盘
2255,09:42:29,17.14,0.01,2,3428,买盘
2256,09:42:19,17.13,--,14,23982,卖盘
2257,09:42:14,17.13,0.01,8,13704,卖盘
2258,09:42:09,17.12,--,3,5136,卖盘
2259,09:42:04,17.12,-0.02,123,210576,卖盘
2260,09:41:59,17.14,--,49,83986,买盘
2261,09:41:49,17.14,0.02,45,77130,买盘
2262,09:41:44,17.12,-0.01,119,203728,卖盘
2263,09:41:39,17.13,0.01,22,37686,买盘
2264,09:41:34,17.12,--,13,22256,卖盘
2265,09:41:29,17.12,--,350,599200,卖盘
2266,09:41:19,17.12,--,14,23968,卖盘
2267,09:41:14,17.12,--,173,296176,卖盘
2268,09:41:04,17.12,-0.01,523,895376,卖盘
2269,09:40:59,17.13,--,85,145605,买盘
2270,09:40:49,17.13,0.01,4,6852,买盘
2271,09:40:34,17.12,-0.01,76,130112,卖盘
2272,09:40:29,17.13,--,5,8565,买盘
2273,09:40:14,17.13,0.01,20,34260,买盘
2274,09:40:04,17.12,-0.01,50,85600,卖盘
2275,09:39:59,17.13,-0.01,282,483066,卖盘
2276,09:39:54,17.14,-0.01,10,17140,买盘
2277,09:39:49,17.15,0.01,118,203227,买盘
2278,09:39:44,17.14,-0.01,141,242531,卖盘
2279,09:39:33,17.15,--,13,22294,买盘
2280,09:39:29,17.15,0.02,60,102899,买盘
2281,09:39:24,17.13,--,5,8565,卖盘
2282,09:39:18,17.13,--,2,3426,卖盘
2283,09:39:09,17.13,--,30,51390,卖盘
2284,09:39:03,17.13,0.01,162,277506,买盘
2285,09:38:58,17.12,--,39,66768,卖盘
2286,09:38:48,17.12,-0.01,10,17120,卖盘
2287,09:38:43,17.13,0.02,66,113058,买盘
2288,09:38:39,17.11,-0.02,84,143724,卖盘
2289,09:38:33,17.13,0.02,20,34260,买盘
2290,09:38:28,17.11,-0.03,9,15399,卖盘
2291,09:38:18,17.14,0.01,7,11998,买盘
2292,09:38:13,17.13,0.03,8,13704,买盘
2293,09:38:09,17.1,--,0,0,卖盘
2294,09:38:03,17.1,-0.03,80,137655,卖盘
2295,09:37:58,17.13,--,14,23982,买盘
2296,09:37:54,17.13,--,1,1713,买盘
2297,09:37:48,17.13,0.03,35,59955,买盘
2298,09:37:43,17.1,-0.02,86,147060,卖盘
2299,09:37:39,17.12,-0.01,1,1712,卖盘
2300,09:37:33,17.13,--,25,42825,卖盘
2301,09:37:28,17.13,0.03,47,80511,买盘
2302,09:37:23,17.1,--,5,8550,卖盘
2303,09:37:18,17.1,--,44,75240,卖盘
2304,09:37:13,17.1,--,51,87210,卖盘
2305,09:37:08,17.1,--,85,145418,卖盘
2306,09:37:03,17.1,0.03,116,199129,卖盘
2307,09:36:58,17.07,-0.03,112,191184,卖盘
2308,09:36:53,17.1,--,66,112860,卖盘
2309,09:36:48,17.1,--,39,66690,买盘
2310,09:36:43,17.1,0.01,82,140220,买盘
2311,09:36:38,17.09,0.02,124,211916,买盘
2312,09:36:33,17.07,-0.02,201,343107,卖盘
2313,09:36:28,17.09,--,121,206789,买盘
2314,09:36:23,17.09,-0.04,53,90577,卖盘
2315,09:36:18,17.13,0.06,96,164448,买盘
2316,09:36:13,17.07,-0.02,52,88764,卖盘
2317,09:36:08,17.09,-0.01,3,5127,中性盘
2318,09:36:03,17.1,0.01,75,128250,买盘
2319,09:35:58,17.09,0.03,37,63233,中性盘
2320,09:35:53,17.06,-0.08,50,85300,卖盘
2321,09:35:48,17.14,0.04,95,162830,买盘
2322,09:35:43,17.1,0.04,11,18810,买盘
2323,09:35:38,17.06,--,169,288314,买盘
2324,09:35:33,17.06,--,30,51179,买盘
2325,09:35:28,17.06,-0.04,1002,1709411,卖盘
2326,09:35:23,17.1,0.01,2,3420,买盘
2327,09:35:18,17.09,-0.01,100,170900,卖盘
2328,09:35:08,17.1,-0.04,22,37620,中性盘
2329,09:35:03,17.14,--,22,37708,买盘
2330,09:34:58,17.14,0.04,68,116552,买盘
2331,09:34:53,17.1,--,166,283860,卖盘
2332,09:34:43,17.1,-0.04,1,1710,卖盘
2333,09:34:38,17.14,--,17,29138,买盘
2334,09:34:28,17.14,0.04,45,77130,买盘
2335,09:34:23,17.1,--,0,0,卖盘
2336,09:34:18,17.1,-0.05,41,70110,卖盘
2337,09:34:13,17.15,0.01,76,130339,买盘
2338,09:34:08,17.14,0.06,73,125122,买盘
2339,09:34:03,17.08,-0.06,20,34160,卖盘
2340,09:33:58,17.14,0.04,88,150832,买盘
2341,09:33:53,17.1,0.02,42,71820,买盘
2342,09:33:48,17.08,--,0,0,卖盘
2343,09:33:43,17.08,-0.02,5,8540,中性盘
2344,09:33:38,17.1,0.04,67,114570,中性盘
2345,09:33:33,17.06,--,10,17060,卖盘
2346,09:33:28,17.06,0.01,1013,1728177,卖盘
2347,09:33:23,17.05,-0.01,8,13640,卖盘
2348,09:33:18,17.06,--,151,257605,中性盘
2349,09:33:13,17.06,-0.02,282,481091,卖盘
2350,09:33:08,17.08,--,34,58071,卖盘
2351,09:33:03,17.08,-0.01,42,71736,卖盘
2352,09:32:58,17.09,-0.01,106,181154,中性盘
2353,09:32:53,17.1,--,34,58140,买盘
2354,09:32:48,17.1,0.01,20,34200,买盘
2355,09:32:43,17.09,-0.05,26,44434,卖盘
2356,09:32:38,17.14,-0.03,93,159402,中性盘
2357,09:32:33,17.17,0.01,6,10302,买盘
2358,09:32:28,17.16,0.02,4,6864,买盘
2359,09:32:22,17.14,-0.01,43,73702,卖盘
2360,09:32:18,17.15,--,28,48019,卖盘
2361,09:32:12,17.15,-0.02,222,380729,卖盘
2362,09:32:07,17.17,-0.01,49,84133,中性盘
2363,09:32:03,17.18,0.02,178,305804,买盘
2364,09:31:57,17.16,0.02,211,362076,买盘
2365,09:31:52,17.14,0.02,183,313662,买盘
2366,09:31:48,17.12,--,48,82176,买盘
2367,09:31:42,17.12,--,40,68480,买盘
2368,09:31:37,17.12,0.06,83,142096,买盘
2369,09:31:33,17.06,-0.06,142,242251,卖盘
2370,09:31:27,17.12,0.04,41,70192,买盘
2371,09:31:22,17.08,-0.02,10,17080,卖盘
2372,09:31:17,17.1,0.02,73,124830,买盘
2373,09:31:12,17.08,0.03,88,150303,买盘
2374,09:31:07,17.05,-0.03,90,153450,卖盘
2375,09:30:57,17.08,--,36,61487,买盘
2376,09:30:52,17.08,-0.01,43,73443,卖盘
2377,09:30:47,17.09,0.01,6,10254,买盘
2378,09:30:42,17.08,--,8,13663,买盘
2379,09:30:37,17.08,--,17,29035,买盘
2380,09:30:32,17.08,0.04,4,6831,买盘
2381,09:30:27,17.04,0.01,36,61344,卖盘
2382,09:30:22,17.03,-0.05,20,34060,卖盘
2383,09:30:12,17.08,--,10,17080,买盘
2384,09:30:07,17.08,0.06,344,587551,中性盘
2385,09:30:02,17.02,--,0,0,卖盘
2386,09:28:55,17.02,--,0,0,卖盘
2387,09:25:05,17.02,17.02,474,806748,买盘
