,time,price,change,volume,amount,type
0,15:00:00,10.02,--,0,0,卖盘
1,15:00:00,10.02,-0.01,0,0,卖盘
2,15:00:00,10.03,0.01,1,1002,买盘
3,14:59:53,10.02,0.01,220,221161,买盘
4,14:59:47,10.01,-0.01,28,28028,卖盘
5,14:59:43,10.02,0.01,8,8016,买盘
6,14:59:38,10.01,-0.01,16,16016,卖盘
7,14:59:33,10.02,--,100,100200,买盘
8,14:59:28,10.02,--,172,172344,买盘
9,14:59:18,10.02,--,116,116232,买盘
10,14:59:08,10.02,--,84,84168,买盘
11,14:59:03,10.02,--,19,19038,买盘
12,14:58:53,10.02,--,20,20040,买盘
13,14:58:47,10.02,--,139,139939,买盘
14,14:58:43,10.02,--,40,40080,买盘
15,14:58:38,10.02,0.01,240,240480,买盘
16,14:58:33,10.01,-0.01,50,50050,卖盘
17,14:58:27,10.02,--,8,8016,买盘
18,14:58:23,10.02,--,3,3006,买盘
19,14:58:18,10.02,--,3,3006,买盘
20,14:58:13,10.02,--,10,10020,买盘
21,14:58:03,10.02,--,32,32064,买盘
22,14:57:58,10.02,--,12,12024,买盘
23,14:57:53,10.02,0.01,30,30060,买盘
24,14:57:48,10.01,-0.01,480,480480,卖盘
25,14:57:43,10.02,--,100,100200,买盘
26,14:57:38,10.02,--,50,50100,买盘
27,14:57:23,10.02,--,2,2004,买盘
28,14:57:08,10.02,--,130,130260,买盘
29,14:56:57,10.02,--,115,115230,买盘
30,14:56:53,10.02,--,60,60120,买盘
31,14:56:48,10.02,0.01,21,21042,买盘
32,14:56:43,10.01,--,147,147697,卖盘
33,14:56:32,10.01,-0.01,13,13013,卖盘
34,14:56:28,10.02,--,34,34068,买盘
35,14:56:22,10.02,--,12,12024,买盘
36,14:56:13,10.02,0.01,165,165330,买盘
37,14:56:02,10.01,--,8,8008,卖盘
38,14:55:57,10.01,-0.01,48,48048,卖盘
39,14:55:47,10.02,--,1,1002,买盘
40,14:55:42,10.02,--,55,55110,买盘
41,14:55:37,10.02,--,50,50100,买盘
42,14:55:32,10.02,--,17,17034,买盘
43,14:55:27,10.02,--,131,131262,买盘
44,14:55:17,10.02,0.01,11,11022,买盘
45,14:55:12,10.01,--,25,25025,卖盘
46,14:55:07,10.01,-0.01,2,2002,卖盘
47,14:55:02,10.02,0.01,100,100200,买盘
48,14:54:57,10.01,-0.01,1,1001,卖盘
49,14:54:52,10.02,0.01,85,85170,买盘
50,14:54:32,10.01,-0.01,3,3003,卖盘
51,14:54:27,10.02,--,69,69138,买盘
52,14:54:22,10.02,--,20,20040,买盘
53,14:54:17,10.02,--,27,27054,买盘
54,14:54:12,10.02,--,69,69138,买盘
55,14:54:07,10.02,--,8,8016,买盘
56,14:54:02,10.02,0.01,36,36072,买盘
57,14:53:47,10.01,-0.01,24,24024,卖盘
58,14:53:42,10.02,0.01,50,50100,买盘
59,14:53:37,10.01,-0.01,104,104294,卖盘
60,14:53:32,10.02,0.01,124,124248,买盘
61,14:53:17,10.01,-0.01,30,30030,卖盘
62,14:53:12,10.02,0.01,20,20040,买盘
63,14:53:01,10.01,-0.01,39,39039,卖盘
64,14:52:57,10.02,--,100,100200,买盘
65,14:52:51,10.02,0.01,6,6012,买盘
66,14:52:47,10.01,-0.01,1407,1408687,卖盘
67,14:52:41,10.02,--,39,39078,卖盘
68,14:52:27,10.02,-0.01,86,86743,卖盘
69,14:52:17,10.03,0.01,10,10030,买盘
70,14:52:11,10.02,--,75,75150,卖盘
71,14:52:07,10.02,-0.01,61,61172,卖盘
72,14:52:02,10.03,0.01,17,17051,买盘
73,14:51:52,10.02,--,53,53106,卖盘
74,14:51:47,10.02,--,32,32064,卖盘
75,14:51:42,10.02,--,162,162424,卖盘
76,14:51:37,10.02,-0.01,134,134268,卖盘
77,14:51:32,10.03,0.01,1,1002,买盘
78,14:51:27,10.02,-0.01,5,5010,卖盘
79,14:51:17,10.03,0.01,40,40120,买盘
80,14:51:12,10.02,--,238,238476,卖盘
81,14:51:07,10.02,-0.01,6,6012,卖盘
82,14:51:02,10.03,0.01,66,66198,买盘
83,14:50:47,10.02,--,26,26052,卖盘
84,14:50:41,10.02,--,107,107214,卖盘
85,14:50:37,10.02,-0.01,173,173346,卖盘
86,14:50:32,10.03,0.01,112,112336,买盘
87,14:50:22,10.02,--,11,11022,卖盘
88,14:50:16,10.02,-0.01,9,9018,卖盘
89,14:50:12,10.03,0.01,82,82246,买盘
90,14:50:06,10.02,--,155,155310,买盘
91,14:50:02,10.02,0.01,4,4008,买盘
92,14:49:52,10.01,--,10,10010,卖盘
93,14:49:46,10.01,-0.01,165,165165,卖盘
94,14:49:41,10.02,0.01,154,154308,买盘
95,14:49:36,10.01,-0.01,1462,1464432,卖盘
96,14:49:31,10.02,0.01,1,1002,买盘
97,14:49:21,10.01,--,9,9009,卖盘
98,14:49:11,10.01,--,10,10010,卖盘
99,14:49:06,10.01,-0.01,116,116116,卖盘
100,14:48:56,10.02,--,50,50100,买盘
101,14:48:51,10.02,--,11,11022,买盘
102,14:48:46,10.02,--,20,20040,买盘
103,14:48:41,10.02,0.01,100,100200,买盘
104,14:48:36,10.01,--,211,211211,卖盘
105,14:48:21,10.01,--,9,9009,卖盘
106,14:48:06,10.01,-0.01,309,309829,卖盘
107,14:48:01,10.02,-0.01,21,21042,卖盘
108,14:47:56,10.03,--,20,20060,买盘
109,14:47:51,10.03,0.02,11,11033,买盘
110,14:47:36,10.01,-0.02,216,216216,卖盘
111,14:47:31,10.03,--,1,1002,买盘
112,14:47:25,10.03,0.01,2,2005,买盘
113,14:47:21,10.02,--,26,26052,卖盘
114,14:47:16,10.02,--,7,7014,卖盘
115,14:47:06,10.02,--,93,93186,卖盘
116,14:46:51,10.02,0.01,9,9018,卖盘
117,14:46:40,10.01,--,0,0,卖盘
118,14:46:35,10.01,-0.01,257,257257,卖盘
119,14:46:31,10.02,--,174,174348,买盘
120,14:46:21,10.02,0.01,14,14859,买盘
121,14:46:16,10.01,--,12,12012,卖盘
122,14:46:11,10.01,-0.01,10,10010,卖盘
123,14:46:06,10.02,--,93,93186,买盘
124,14:45:56,10.02,0.01,28,28056,卖盘
125,14:45:51,10.01,-0.02,9,9009,卖盘
126,14:45:41,10.03,0.02,61,61182,买盘
127,14:45:35,10.01,-0.02,135,135135,卖盘
128,14:45:31,10.03,--,7,7021,买盘
129,14:45:25,10.03,0.01,1,1002,买盘
130,14:45:21,10.02,-0.01,67,67134,卖盘
131,14:45:11,10.03,0.01,60,60179,买盘
132,14:45:05,10.02,-0.01,14,14028,卖盘
133,14:45:00,10.03,--,2,2005,买盘
134,14:44:50,10.03,--,37,37111,买盘
135,14:44:40,10.03,0.02,9,9027,买盘
136,14:44:35,10.01,--,134,134134,卖盘
137,14:44:30,10.01,--,70,70740,买盘
138,14:44:25,10.01,0.01,8,8008,买盘
139,14:44:20,10.0,--,242,242000,卖盘
140,14:44:15,10.0,-0.01,82,82580,卖盘
141,14:44:11,10.01,--,245,245245,买盘
142,14:44:06,10.01,--,38,38038,买盘
143,14:44:00,10.01,0.01,8,8008,买盘
144,14:43:56,10.0,-0.01,28,28000,卖盘
145,14:43:50,10.01,0.01,37,37037,买盘
146,14:43:46,10.0,-0.01,193,193150,卖盘
147,14:43:41,10.01,0.01,245,245245,买盘
148,14:43:35,10.0,-0.02,4285,4285330,卖盘
149,14:43:30,10.02,-0.01,92,92324,卖盘
150,14:43:26,10.03,--,15,15044,买盘
151,14:43:21,10.03,0.01,70,71082,买盘
152,14:43:15,10.02,--,8,8016,卖盘
153,14:43:10,10.02,-0.01,158,158346,卖盘
154,14:43:00,10.03,--,13,13039,卖盘
155,14:42:50,10.03,0.01,26,26078,买盘
156,14:42:45,10.02,--,0,0,卖盘
157,14:42:35,10.02,-0.01,134,134268,卖盘
158,14:42:19,10.03,--,68,68204,卖盘
159,14:42:15,10.03,-0.01,41,41644,卖盘
160,14:42:10,10.04,0.01,12,12047,买盘
161,14:41:55,10.03,-0.01,10,10030,卖盘
162,14:41:50,10.04,0.01,37,37148,买盘
163,14:41:45,10.03,--,50,50350,卖盘
164,14:41:40,10.03,--,2,2005,卖盘
165,14:41:34,10.03,-0.01,135,135405,卖盘
166,14:41:25,10.04,--,1,1003,卖盘
167,14:41:19,10.04,0.01,36,36144,买盘
168,14:41:15,10.03,--,0,0,卖盘
169,14:41:10,10.03,--,11,11033,卖盘
170,14:41:05,10.03,-0.01,31,31092,卖盘
171,14:41:00,10.04,--,17,17750,卖盘
172,14:40:50,10.04,-0.01,20,20080,中性盘
173,14:40:45,10.05,0.02,87,87435,买盘
174,14:40:35,10.03,-0.02,134,134402,卖盘
175,14:40:30,10.05,0.01,4,4020,买盘
176,14:40:25,10.04,-0.01,8,8031,卖盘
177,14:40:19,10.05,0.01,103,103515,买盘
178,14:40:09,10.04,-0.01,10,10040,卖盘
179,14:39:50,10.05,0.02,72,72360,买盘
180,14:39:35,10.03,-0.02,135,135405,卖盘
181,14:39:19,10.05,0.01,37,37185,买盘
182,14:39:15,10.04,--,23,23091,卖盘
183,14:39:10,10.04,--,10,10040,卖盘
184,14:39:05,10.04,--,62,62247,卖盘
185,14:39:00,10.04,--,99,99395,买盘
186,14:38:50,10.04,--,38,38152,买盘
187,14:38:45,10.04,-0.01,1,1003,卖盘
188,14:38:40,10.05,0.02,65,65325,买盘
189,14:38:35,10.03,-0.01,196,196588,卖盘
190,14:38:29,10.04,0.01,3,3011,买盘
191,14:38:24,10.03,-0.01,79,79237,卖盘
192,14:38:19,10.04,--,37,37148,买盘
193,14:38:09,10.04,--,12,12047,买盘
194,14:38:05,10.04,--,116,116463,买盘
195,14:37:49,10.04,--,38,38152,买盘
196,14:37:44,10.04,0.01,75,75300,买盘
197,14:37:34,10.03,--,235,235704,卖盘
198,14:37:19,10.03,--,125,125374,卖盘
199,14:37:15,10.03,--,9,9027,卖盘
200,14:37:09,10.03,-0.01,10,10030,卖盘
201,14:36:50,10.04,0.01,15,15059,买盘
202,14:36:44,10.03,0.01,1419,1424239,买盘
203,14:36:38,10.02,-0.01,5,5010,卖盘
204,14:36:33,10.03,0.01,890,892670,买盘
205,14:36:28,10.02,-0.01,38,38076,卖盘
206,14:36:24,10.03,--,5,5015,买盘
207,14:36:19,10.03,0.01,36,36108,买盘
208,14:36:09,10.02,--,38,38076,卖盘
209,14:36:04,10.02,-0.01,22,22044,卖盘
210,14:35:54,10.03,--,2,2005,买盘
211,14:35:49,10.03,--,40,40120,买盘
212,14:35:44,10.03,--,27,27081,买盘
213,14:35:33,10.03,--,50,50150,买盘
214,14:35:28,10.03,--,495,496484,买盘
215,14:35:18,10.03,--,37,37111,买盘
216,14:35:13,10.03,0.01,50,50150,买盘
217,14:35:09,10.02,-0.01,10,10020,卖盘
218,14:34:48,10.03,0.01,28,28084,买盘
219,14:34:44,10.02,-0.01,9,9018,卖盘
220,14:34:34,10.03,0.01,20,20060,买盘
221,14:34:28,10.02,-0.01,7,7014,卖盘
222,14:34:19,10.03,0.01,27,27081,买盘
223,14:34:14,10.02,--,10,10020,卖盘
224,14:34:08,10.02,-0.01,14,14028,卖盘
225,14:33:53,10.03,--,19,19057,买盘
226,14:33:49,10.03,0.01,37,37111,买盘
227,14:33:44,10.02,-0.01,216,216432,卖盘
228,14:33:39,10.03,--,30,30089,买盘
229,14:33:24,10.03,--,2,2005,买盘
230,14:33:18,10.03,0.01,37,37111,买盘
231,14:33:13,10.02,--,30,30310,卖盘
232,14:33:09,10.02,-0.01,411,411822,卖盘
233,14:33:03,10.03,--,148,148444,买盘
234,14:32:58,10.03,-0.01,1574,1578742,卖盘
235,14:32:48,10.04,--,47,47187,买盘
236,14:32:24,10.04,--,50,50199,买盘
237,14:32:18,10.04,0.01,44,44175,买盘
238,14:32:14,10.03,--,1,1002,卖盘
239,14:32:09,10.03,--,10,10030,卖盘
240,14:32:04,10.03,-0.01,0,240,卖盘
241,14:31:48,10.04,0.01,29,29115,买盘
242,14:31:44,10.03,--,9,9027,卖盘
243,14:31:39,10.03,-0.01,1,1002,卖盘
244,14:31:28,10.04,--,40,40160,买盘
245,14:31:23,10.04,--,36,36144,买盘
246,14:31:19,10.04,0.01,27,27107,买盘
247,14:31:13,10.03,--,21,21063,卖盘
248,14:31:08,10.03,-0.01,13,13039,卖盘
249,14:31:04,10.04,--,45,45179,买盘
250,14:30:58,10.04,--,75,75300,买盘
251,14:30:53,10.04,--,40,40160,买盘
252,14:30:48,10.04,0.01,148,148592,买盘
253,14:30:43,10.03,-0.01,48,48886,卖盘
254,14:30:38,10.04,0.01,98,98391,买盘
255,14:30:33,10.03,-0.01,1,1002,卖盘
256,14:30:28,10.04,--,0,0,买盘
257,14:30:23,10.04,0.02,76,76304,买盘
258,14:30:18,10.02,-0.01,10,10020,卖盘
259,14:30:13,10.03,0.01,188,188564,买盘
260,14:30:08,10.02,0.01,35,35070,买盘
261,14:30:03,10.01,0.01,329,329919,买盘
262,14:29:57,10.0,-0.01,1241,1241000,卖盘
263,14:29:52,10.01,--,213,213213,买盘
264,14:29:48,10.01,--,1676,1678166,买盘
265,14:29:43,10.01,--,70,70070,买盘
266,14:29:37,10.01,0.01,107,107107,买盘
267,14:29:32,10.0,-0.01,757,757000,卖盘
268,14:29:28,10.01,--,63,63063,买盘
269,14:29:22,10.01,--,506,506506,买盘
270,14:29:18,10.01,--,39,39039,买盘
271,14:29:07,10.01,0.01,43,43043,买盘
272,14:28:52,10.0,-0.01,1,1000,卖盘
273,14:28:48,10.01,0.01,38,38038,买盘
274,14:28:42,10.0,-0.01,12,12000,卖盘
275,14:28:37,10.01,0.01,2,2002,买盘
276,14:28:27,10.0,--,181,181000,卖盘
277,14:28:22,10.0,-0.01,1,1000,卖盘
278,14:28:18,10.01,0.01,105,105105,买盘
279,14:28:07,10.0,-0.01,25,25000,卖盘
280,14:28:03,10.01,--,1,1001,买盘
281,14:27:57,10.01,--,19,19019,买盘
282,14:27:52,10.01,--,37,37037,买盘
283,14:27:48,10.01,0.01,39,39039,买盘
284,14:27:37,10.0,--,166,166000,卖盘
285,14:27:33,10.0,--,13,13000,卖盘
286,14:27:22,10.0,-0.01,200,200100,卖盘
287,14:27:18,10.01,0.01,241,241241,买盘
288,14:27:12,10.0,--,1,1000,卖盘
289,14:27:07,10.0,--,12,12000,卖盘
290,14:27:02,10.0,-0.01,174,174000,卖盘
291,14:26:57,10.01,0.01,39,39039,买盘
292,14:26:52,10.0,-0.01,50,50000,卖盘
293,14:26:48,10.01,0.01,58,58058,买盘
294,14:26:37,10.0,-0.01,21,21000,卖盘
295,14:26:33,10.01,--,27,27027,买盘
296,14:26:27,10.01,--,51,51051,买盘
297,14:26:22,10.01,--,185,185185,买盘
298,14:26:17,10.01,0.01,100,100100,买盘
299,14:26:07,10.0,-0.01,307,307000,卖盘
300,14:26:03,10.01,0.01,38,38038,买盘
301,14:25:57,10.0,-0.01,1,1000,卖盘
302,14:25:52,10.01,--,31,31031,买盘
303,14:25:48,10.01,--,38,38038,买盘
304,14:25:42,10.01,--,238,238238,卖盘
305,14:25:37,10.01,--,1,1001,卖盘
306,14:25:32,10.01,--,153,153153,卖盘
307,14:25:22,10.01,-0.01,1,1001,卖盘
308,14:25:18,10.02,0.01,36,36072,买盘
309,14:25:12,10.01,--,1,1001,卖盘
310,14:25:07,10.01,--,55,55055,卖盘
311,14:25:02,10.01,--,0,0,卖盘
312,14:24:52,10.01,--,47,47047,卖盘
313,14:24:47,10.01,-0.01,10,10010,卖盘
314,14:24:37,10.02,--,2,2004,卖盘
315,14:24:18,10.02,0.01,35,35070,买盘
316,14:24:07,10.01,-0.01,12,12012,卖盘
317,14:24:02,10.02,--,20,20040,买盘
318,14:23:52,10.02,--,33,33066,买盘
319,14:23:48,10.02,0.01,39,39078,买盘
320,14:23:31,10.01,--,1,1001,卖盘
321,14:23:22,10.01,-0.01,1,1001,卖盘
322,14:23:17,10.02,0.01,36,36072,买盘
323,14:23:07,10.01,--,10,10010,卖盘
324,14:22:52,10.01,-0.01,1,1001,卖盘
325,14:22:47,10.02,0.01,39,39078,买盘
326,14:22:42,10.01,-0.01,1,1001,卖盘
327,14:22:37,10.02,0.01,9,9018,买盘
328,14:22:31,10.01,--,2,2002,卖盘
329,14:22:26,10.01,-0.01,1,1001,卖盘
330,14:22:16,10.02,--,3038,3044076,卖盘
331,14:22:12,10.02,-0.01,16,16032,卖盘
332,14:22:01,10.03,--,6,6018,卖盘
333,14:21:57,10.03,-0.01,7,7021,卖盘
334,14:21:46,10.04,--,37,37148,买盘
335,14:21:41,10.04,0.01,7,7027,买盘
336,14:21:26,10.03,-0.01,74,74222,卖盘
337,14:21:16,10.04,0.01,57,57227,买盘
338,14:21:06,10.03,--,10,10030,卖盘
339,14:21:01,10.03,-0.01,1,1002,卖盘
340,14:20:56,10.04,--,0,0,买盘
341,14:20:46,10.04,--,37,37148,买盘
342,14:20:16,10.04,0.01,37,37148,买盘
343,14:20:12,10.03,-0.01,10,10030,卖盘
344,14:20:01,10.04,--,15,15059,买盘
345,14:19:46,10.04,--,37,37148,买盘
346,14:19:31,10.04,--,29,29115,买盘
347,14:19:16,10.04,0.01,37,37148,买盘
348,14:19:06,10.03,--,11,11033,卖盘
349,14:19:01,10.03,-0.01,21,21063,卖盘
350,14:18:57,10.04,--,1,1003,买盘
351,14:18:46,10.04,--,37,37148,买盘
352,14:18:31,10.04,--,20,20080,买盘
353,14:18:26,10.04,--,34,34136,买盘
354,14:18:16,10.04,0.01,37,37148,买盘
355,14:18:06,10.03,-0.01,10,10030,卖盘
356,14:18:01,10.04,--,468,469871,买盘
357,14:17:56,10.04,0.02,19,19076,买盘
358,14:17:46,10.02,--,9,9018,卖盘
359,14:17:16,10.02,--,50,50100,买盘
360,14:17:11,10.02,0.01,30,30060,买盘
361,14:17:06,10.01,-0.01,10,10010,卖盘
362,14:17:01,10.02,0.01,8,8016,中性盘
363,14:16:56,10.01,-0.02,3000,3003000,卖盘
364,14:16:51,10.03,-0.01,1,1002,卖盘
365,14:16:46,10.04,0.01,37,37148,买盘
366,14:16:16,10.03,0.01,11,11033,买盘
367,14:16:06,10.02,-0.01,62,62124,卖盘
368,14:15:56,10.03,--,10,10030,买盘
369,14:15:51,10.03,--,90,90270,买盘
370,14:15:46,10.03,--,28,28084,买盘
371,14:15:41,10.03,--,36,36108,买盘
372,14:15:31,10.03,--,52,52156,买盘
373,14:15:16,10.03,0.01,47,47141,买盘
374,14:15:06,10.02,-0.01,10,10020,卖盘
375,14:14:50,10.03,--,28,28084,买盘
376,14:14:40,10.03,--,20,20060,买盘
377,14:14:35,10.03,--,23,23069,买盘
378,14:14:30,10.03,0.02,204,204612,买盘
379,14:14:20,10.01,--,0,0,卖盘
380,14:14:15,10.01,-0.02,137,137137,卖盘
381,14:14:10,10.03,0.01,468,469403,买盘
382,14:14:05,10.02,0.01,10,10020,卖盘
383,14:14:00,10.01,--,0,0,卖盘
384,14:13:55,10.01,-0.02,99,99099,卖盘
385,14:13:50,10.03,0.01,537,538611,买盘
386,14:13:45,10.02,--,108,108216,买盘
387,14:13:40,10.02,--,60,60120,买盘
388,14:13:35,10.02,--,529,530058,买盘
389,14:13:30,10.02,--,50,50100,买盘
390,14:13:20,10.02,0.01,37,37074,买盘
391,14:13:06,10.01,-0.01,42,42042,卖盘
392,14:12:51,10.02,--,39,39078,买盘
393,14:12:35,10.02,--,32,32064,买盘
394,14:12:30,10.02,-0.01,870,872471,卖盘
395,14:12:25,10.03,--,1,1002,买盘
396,14:12:21,10.03,0.01,37,37111,买盘
397,14:12:10,10.02,--,50,50100,卖盘
398,14:12:06,10.02,--,10,10020,卖盘
399,14:12:00,10.02,-0.01,50,50100,卖盘
400,14:11:50,10.03,0.01,39,39117,买盘
401,14:11:45,10.02,--,25,25050,卖盘
402,14:11:36,10.02,--,30,30060,卖盘
403,14:11:25,10.02,--,4,4008,卖盘
404,14:11:21,10.02,--,76,76152,卖盘
405,14:11:10,10.02,--,55,55110,卖盘
406,14:11:06,10.02,-0.01,10,10020,卖盘
407,14:10:50,10.03,0.01,39,39117,买盘
408,14:10:45,10.02,-0.01,79,79158,卖盘
409,14:10:30,10.03,--,35,35105,卖盘
410,14:10:25,10.03,--,26,26078,卖盘
411,14:10:20,10.03,0.01,77,77231,中性盘
412,14:10:10,10.02,--,2829,2834928,卖盘
413,14:10:05,10.02,-0.01,11,11022,卖盘
414,14:09:55,10.03,--,5,5015,买盘
415,14:09:50,10.03,0.01,68,68204,买盘
416,14:09:35,10.02,-0.01,21,21042,卖盘
417,14:09:25,10.03,--,1,1002,买盘
418,14:09:20,10.03,0.01,136,136408,买盘
419,14:09:15,10.02,-0.01,87,87174,卖盘
420,14:09:10,10.03,--,40,40120,卖盘
421,14:09:05,10.03,--,10,10030,卖盘
422,14:09:00,10.03,--,76,76228,卖盘
423,14:08:55,10.03,--,731,733193,买盘
424,14:08:50,10.03,--,38,38114,买盘
425,14:08:35,10.03,-0.01,9,9027,买盘
426,14:08:25,10.04,--,0,0,买盘
427,14:08:20,10.04,0.01,87,87849,买盘
428,14:08:09,10.03,--,331,331993,卖盘
429,14:08:05,10.03,-0.01,10,10030,卖盘
430,14:08:00,10.04,--,12,12047,买盘
431,14:07:50,10.04,--,38,38152,买盘
432,14:07:45,10.04,--,136,136784,卖盘
433,14:07:39,10.04,--,50,50199,卖盘
434,14:07:34,10.04,--,19,19076,卖盘
435,14:07:30,10.04,--,200,200799,卖盘
436,14:07:24,10.04,-0.01,4,4015,卖盘
437,14:07:19,10.05,0.01,38,38190,买盘
438,14:07:15,10.04,--,300,301200,卖盘
439,14:07:04,10.04,--,30,30119,卖盘
440,14:06:59,10.04,-0.01,73,73292,卖盘
441,14:06:49,10.05,0.01,38,38190,买盘
442,14:06:34,10.04,-0.01,20,20080,卖盘
443,14:06:19,10.05,0.01,38,38190,买盘
444,14:06:14,10.04,--,2,2007,卖盘
445,14:06:04,10.04,--,28,28111,卖盘
446,14:05:59,10.04,-0.01,1,1003,卖盘
447,14:05:49,10.05,0.01,38,38190,买盘
448,14:05:45,10.04,--,15,15059,卖盘
449,14:05:29,10.04,-0.01,13,13051,卖盘
450,14:05:19,10.05,--,89,89585,卖盘
451,14:05:14,10.05,--,15,15939,买盘
452,14:05:09,10.05,--,32,32300,卖盘
453,14:05:04,10.05,--,90,91314,卖盘
454,14:04:59,10.05,-0.01,50,50250,卖盘
455,14:04:49,10.06,0.01,38,38228,买盘
456,14:04:34,10.05,--,1,1005,卖盘
457,14:04:29,10.05,-0.01,41,41205,卖盘
458,14:04:19,10.06,0.01,59,59354,买盘
459,14:04:04,10.05,--,10,10050,卖盘
460,14:03:59,10.05,-0.01,1,1005,卖盘
461,14:03:49,10.06,0.01,38,38228,买盘
462,14:03:39,10.05,--,5,5025,卖盘
463,14:03:34,10.05,0.01,3,3015,卖盘
464,14:03:19,10.04,-0.01,51,51203,卖盘
465,14:03:15,10.05,--,71,71355,买盘
466,14:03:09,10.05,--,47,47235,卖盘
467,14:03:04,10.05,--,81,81405,卖盘
468,14:02:49,10.05,--,88,88440,卖盘
469,14:02:39,10.05,-0.01,50,50250,卖盘
470,14:02:34,10.06,--,30,30180,买盘
471,14:02:19,10.06,--,43,43258,买盘
472,14:02:09,10.06,0.01,77,77462,买盘
473,14:02:04,10.05,--,11,11055,卖盘
474,14:01:59,10.05,-0.01,10,10050,卖盘
475,14:01:49,10.06,0.01,58,58348,买盘
476,14:01:34,10.05,0.01,5,5025,卖盘
477,14:01:28,10.04,-0.01,511,513244,卖盘
478,14:01:23,10.05,--,61,61305,买盘
479,14:01:17,10.05,0.01,458,460290,买盘
480,14:01:09,10.04,-0.01,40,40160,卖盘
481,14:00:59,10.05,--,76,76380,买盘
482,14:00:54,10.05,--,3,3015,买盘
483,14:00:48,10.05,--,238,239190,买盘
484,14:00:39,10.05,--,5,5025,买盘
485,14:00:28,10.05,--,23,23115,买盘
486,14:00:18,10.05,0.01,38,38190,买盘
487,14:00:09,10.04,--,10,10040,卖盘
488,13:59:53,10.04,-0.01,1,1003,卖盘
489,13:59:48,10.05,0.01,28,28140,买盘
490,13:59:43,10.04,-0.01,30,30119,卖盘
491,13:59:38,10.05,--,20,20100,买盘
492,13:59:33,10.05,--,20,20100,买盘
493,13:59:18,10.05,0.01,38,38190,买盘
494,13:59:08,10.04,-0.01,11,11043,卖盘
495,13:58:48,10.05,0.01,38,38190,买盘
496,13:58:38,10.04,-0.01,52,52770,卖盘
497,13:58:18,10.05,0.01,38,38190,买盘
498,13:58:08,10.04,-0.01,10,10040,卖盘
499,13:57:47,10.05,--,38,38190,买盘
500,13:57:18,10.05,0.01,58,58290,买盘
501,13:57:13,10.04,--,68,68272,卖盘
502,13:57:08,10.04,--,470,471879,买盘
503,13:56:58,10.04,--,40,40160,买盘
504,13:56:48,10.04,--,35,35140,卖盘
505,13:56:43,10.04,--,10,10040,卖盘
506,13:56:33,10.04,0.01,10,10040,卖盘
507,13:56:18,10.03,-0.02,11,11033,卖盘
508,13:56:13,10.05,0.01,18,18090,买盘
509,13:56:08,10.04,--,43,43171,买盘
510,13:55:58,10.04,--,45,45179,卖盘
511,13:55:47,10.04,--,34,34136,买盘
512,13:55:23,10.04,0.01,37,37148,买盘
513,13:55:18,10.03,-0.01,11,11033,卖盘
514,13:55:13,10.04,0.01,10,10040,买盘
515,13:55:08,10.03,--,10,10030,卖盘
516,13:54:57,10.03,--,18,18054,卖盘
517,13:54:48,10.03,--,38,38114,卖盘
518,13:54:17,10.03,--,11,11033,卖盘
519,13:54:13,10.03,--,2,2005,卖盘
520,13:54:08,10.03,--,11,11033,卖盘
521,13:54:02,10.03,--,59,59307,卖盘
522,13:53:57,10.03,--,0,0,卖盘
523,13:53:48,10.03,-0.01,2010,2016029,卖盘
524,13:53:33,10.04,--,16,16063,卖盘
525,13:53:27,10.04,--,0,200,卖盘
526,13:53:18,10.04,--,11,11043,卖盘
527,13:53:08,10.04,--,26,26103,卖盘
528,13:52:47,10.04,--,10,10040,卖盘
529,13:52:42,10.04,--,5,5020,卖盘
530,13:52:23,10.04,-0.01,10,10040,卖盘
531,13:52:18,10.05,0.01,32,32160,买盘
532,13:52:07,10.04,--,10,10040,卖盘
533,13:51:52,10.04,0.01,32,32127,中性盘
534,13:51:48,10.03,-0.01,127,127380,卖盘
535,13:51:37,10.04,--,10,10040,买盘
536,13:51:32,10.04,--,506,508023,买盘
537,13:51:27,10.04,--,39,39156,买盘
538,13:51:17,10.04,--,61,61243,买盘
539,13:51:12,10.04,0.01,1,1003,买盘
540,13:51:07,10.03,-0.01,11,11033,卖盘
541,13:50:52,10.04,0.01,10,10040,买盘
542,13:50:47,10.03,--,10,10030,卖盘
543,13:50:37,10.03,--,11,11033,卖盘
544,13:50:32,10.03,--,41,41123,卖盘
545,13:50:17,10.03,--,11,11033,卖盘
546,13:50:07,10.03,--,53,53159,卖盘
547,13:49:47,10.03,--,10,10030,卖盘
548,13:49:42,10.03,--,19,19057,卖盘
549,13:49:37,10.03,-0.01,21,21063,卖盘
550,13:49:32,10.04,0.01,20,20080,买盘
551,13:49:27,10.03,--,1,1002,卖盘
552,13:49:22,10.03,--,1,1002,卖盘
553,13:49:17,10.03,--,37,37281,卖盘
554,13:49:07,10.03,--,13,13039,卖盘
555,13:49:02,10.03,-0.01,15,15044,卖盘
556,13:48:47,10.04,0.01,104,104415,买盘
557,13:48:37,10.03,-0.02,3019,3028889,卖盘
558,13:48:32,10.05,0.01,34,34170,买盘
559,13:48:22,10.04,--,1,1003,卖盘
560,13:48:17,10.04,-0.01,24,24095,卖盘
561,13:48:12,10.05,--,296,297480,卖盘
562,13:48:07,10.05,-0.01,27,27135,卖盘
563,13:48:02,10.06,-0.01,54,54324,买盘
564,13:47:57,10.07,--,0,0,买盘
565,13:47:52,10.07,0.02,200,201400,买盘
566,13:47:47,10.05,--,10,10050,卖盘
567,13:47:37,10.05,--,18,18090,卖盘
568,13:47:22,10.05,--,237,238185,卖盘
569,13:47:17,10.05,-0.01,195,195975,卖盘
570,13:47:06,10.06,--,10,10060,卖盘
571,13:46:51,10.06,0.01,74,74444,买盘
572,13:46:47,10.05,--,50,50250,卖盘
573,13:46:41,10.05,-0.01,157,157785,卖盘
574,13:46:35,10.06,--,43,43258,买盘
575,13:46:32,10.06,0.01,20,20120,买盘
576,13:46:21,10.05,--,27,27135,卖盘
577,13:46:17,10.05,-0.01,12,12060,卖盘
578,13:46:12,10.06,0.01,423,425538,买盘
579,13:46:06,10.05,-0.01,10,10050,卖盘
580,13:46:02,10.06,0.01,62,62372,买盘
581,13:45:47,10.05,--,10,10050,卖盘
582,13:45:41,10.05,-0.01,20,20100,卖盘
583,13:45:31,10.06,0.01,1,1006,买盘
584,13:45:21,10.05,--,16,16080,卖盘
585,13:45:16,10.05,--,92,92460,卖盘
586,13:45:06,10.05,--,11,11055,卖盘
587,13:44:57,10.05,-0.01,59,59295,卖盘
588,13:44:27,10.06,--,1560,1569360,买盘
589,13:44:12,10.06,0.01,38,38228,买盘
590,13:44:05,10.05,-0.01,10,10050,卖盘
591,13:44:01,10.06,--,50,50300,买盘
592,13:43:56,10.06,--,33,33198,买盘
593,13:43:46,10.06,0.01,49,49294,买盘
594,13:43:41,10.05,-0.01,4,4020,卖盘
595,13:43:36,10.06,--,5,5030,买盘
596,13:43:16,10.06,0.01,20,20120,买盘
597,13:43:06,10.05,-0.01,11,11055,卖盘
598,13:42:51,10.06,0.01,49,49294,买盘
599,13:42:41,10.05,--,50,50250,卖盘
600,13:42:16,10.05,--,2,2010,卖盘
601,13:42:05,10.05,--,10,10050,卖盘
602,13:41:46,10.05,--,12,12060,卖盘
603,13:41:26,10.05,--,88,88440,买盘
604,13:41:21,10.05,--,62,62310,卖盘
605,13:41:16,10.05,--,10,10050,卖盘
606,13:41:11,10.05,--,32,32160,卖盘
607,13:41:06,10.05,0.01,10,10050,卖盘
608,13:41:01,10.04,-0.01,47,47388,卖盘
609,13:40:51,10.05,--,44,44220,买盘
610,13:40:41,10.05,--,1462,1470114,卖盘
611,13:40:31,10.05,--,44,44220,卖盘
612,13:40:21,10.05,--,37,37185,卖盘
613,13:40:16,10.05,-0.01,16,16080,卖盘
614,13:40:11,10.06,--,445,447670,卖盘
615,13:40:06,10.06,--,11,11066,卖盘
616,13:40:01,10.06,-0.01,1036,1042216,卖盘
617,13:39:56,10.07,0.01,11,11077,买盘
618,13:39:51,10.06,--,28,28168,卖盘
619,13:39:46,10.06,-0.01,32,32192,卖盘
620,13:39:41,10.07,-0.01,101,102371,卖盘
621,13:39:35,10.08,0.01,103,103824,买盘
622,13:39:30,10.07,--,6,6042,卖盘
623,13:39:26,10.07,--,155,156085,卖盘
624,13:39:20,10.07,--,23,23161,卖盘
625,13:39:15,10.07,--,746,751564,买盘
626,13:39:10,10.07,0.01,15,15105,买盘
627,13:39:06,10.06,--,30,30180,卖盘
628,13:39:00,10.06,--,82,82492,卖盘
629,13:38:56,10.06,-0.01,3,3018,卖盘
630,13:38:50,10.07,0.01,251,252757,买盘
631,13:38:45,10.06,--,10,10060,卖盘
632,13:38:41,10.06,--,7,7042,卖盘
633,13:38:35,10.06,--,39,39234,卖盘
634,13:38:30,10.06,--,20,20120,卖盘
635,13:38:26,10.06,-0.01,23,23138,卖盘
636,13:38:20,10.07,0.01,74,74518,买盘
637,13:38:15,10.06,--,11,11066,卖盘
638,13:38:10,10.06,--,79,79474,卖盘
639,13:38:05,10.06,--,10,10060,卖盘
640,13:38:00,10.06,--,34,34204,卖盘
641,13:37:56,10.06,--,152,152912,卖盘
642,13:37:50,10.06,--,9,9054,卖盘
643,13:37:45,10.06,-0.01,28,28168,卖盘
644,13:37:41,10.07,0.01,33,33231,买盘
645,13:37:30,10.06,--,27,27162,卖盘
646,13:37:25,10.06,--,11,11066,卖盘
647,13:37:20,10.06,--,103,103618,卖盘
648,13:37:11,10.06,--,52,52312,卖盘
649,13:37:06,10.06,0.01,459,461955,买盘
650,13:36:45,10.05,-0.01,203,204015,卖盘
651,13:36:40,10.06,0.01,23,23138,买盘
652,13:36:35,10.05,-0.01,20,20100,卖盘
653,13:36:30,10.06,--,45,45270,买盘
654,13:36:25,10.06,--,52,52312,买盘
655,13:36:21,10.06,--,13,13078,买盘
656,13:36:15,10.06,0.01,10,10060,买盘
657,13:36:10,10.05,--,11,11055,卖盘
658,13:36:06,10.05,--,10,10050,卖盘
659,13:36:00,10.05,--,39,39195,卖盘
660,13:35:50,10.05,--,20,20100,卖盘
661,13:35:40,10.05,--,0,0,中性盘
662,13:35:35,10.05,-0.01,76,76380,卖盘
663,13:35:25,10.06,0.01,228,229368,买盘
664,13:35:15,10.05,--,3,3015,卖盘
665,13:35:05,10.05,--,10,10050,卖盘
666,13:34:55,10.05,--,4,4020,卖盘
667,13:34:45,10.05,--,48,48240,卖盘
668,13:34:40,10.05,-0.01,1,1005,卖盘
669,13:34:35,10.06,0.01,116,116696,买盘
670,13:34:30,10.05,--,5,5025,买盘
671,13:34:25,10.05,0.01,227,228135,买盘
672,13:34:15,10.04,-0.01,69,69276,卖盘
673,13:34:09,10.05,0.01,81,81405,买盘
674,13:34:05,10.04,-0.01,24,24095,卖盘
675,13:34:00,10.05,--,49,49245,买盘
676,13:33:55,10.05,-0.01,150,151353,卖盘
677,13:33:50,10.06,--,21,21126,买盘
678,13:33:40,10.06,--,10,10060,买盘
679,13:33:35,10.06,--,85,85510,买盘
680,13:33:19,10.06,0.01,3,3018,买盘
681,13:33:14,10.05,--,30,30150,卖盘
682,13:33:05,10.05,-0.01,10,10050,卖盘
683,13:32:50,10.06,--,72,72432,买盘
684,13:32:20,10.06,--,12,12072,买盘
685,13:32:14,10.06,0.01,1,1006,买盘
686,13:32:09,10.05,--,50,50250,卖盘
687,13:32:04,10.05,-0.01,60,60300,卖盘
688,13:31:59,10.06,--,68,68408,买盘
689,13:31:49,10.06,0.01,28,28168,买盘
690,13:31:44,10.05,--,100,100500,卖盘
691,13:31:29,10.05,--,803,807417,买盘
692,13:31:20,10.05,--,130,130650,买盘
693,13:31:14,10.05,0.01,50,50250,买盘
694,13:31:04,10.04,--,11,11043,卖盘
695,13:30:44,10.04,--,73,73844,买盘
696,13:30:34,10.04,-0.01,126,126955,卖盘
697,13:30:29,10.05,0.01,19,19095,买盘
698,13:30:14,10.04,--,50,50199,卖盘
699,13:30:09,10.04,--,20,20632,卖盘
700,13:30:04,10.04,--,11,11043,卖盘
701,13:30:00,10.04,-0.01,40,40160,卖盘
702,13:29:54,10.05,0.01,55,55275,买盘
703,13:29:44,10.04,--,36,36144,卖盘
704,13:29:34,10.04,--,20,20080,卖盘
705,13:29:04,10.04,--,72,72288,卖盘
706,13:28:58,10.04,--,10,10040,卖盘
707,13:28:39,10.04,--,10,10040,卖盘
708,13:28:34,10.04,-0.01,20,20080,卖盘
709,13:28:14,10.05,0.01,15,15075,买盘
710,13:28:04,10.04,-0.01,116,116463,卖盘
711,13:27:58,10.05,--,86,86430,买盘
712,13:27:49,10.05,--,47,47235,买盘
713,13:27:29,10.05,0.01,241,242205,买盘
714,13:27:24,10.04,-0.01,143,143572,卖盘
715,13:27:13,10.05,0.01,550,552750,买盘
716,13:27:09,10.04,--,10,10040,卖盘
717,13:27:04,10.04,--,20,20080,卖盘
718,13:26:59,10.04,-0.01,10,10040,卖盘
719,13:26:54,10.05,0.01,76,76380,买盘
720,13:26:49,10.04,--,2,2007,卖盘
721,13:26:44,10.04,--,64,64255,卖盘
722,13:26:34,10.04,-0.01,70,70280,卖盘
723,13:26:28,10.05,0.01,205,206025,买盘
724,13:26:23,10.04,--,3,3011,卖盘
725,13:26:19,10.04,0.01,366,367463,买盘
726,13:26:13,10.03,--,20,20060,卖盘
727,13:26:08,10.03,-0.01,11,11033,卖盘
728,13:26:02,10.04,0.01,5,5020,买盘
729,13:25:43,10.03,--,7,7021,卖盘
730,13:25:38,10.03,--,1,1002,卖盘
731,13:25:33,10.03,--,21,21063,卖盘
732,13:25:28,10.03,--,3,3009,卖盘
733,13:25:23,10.03,-0.01,3,3009,卖盘
734,13:25:18,10.04,0.01,13,13051,买盘
735,13:25:08,10.03,--,10,10030,卖盘
736,13:24:58,10.03,-0.01,7,7021,卖盘
737,13:24:48,10.04,0.01,20,20080,买盘
738,13:24:17,10.03,--,5,5015,卖盘
739,13:24:08,10.03,--,10,10030,卖盘
740,13:23:58,10.03,--,4,4011,卖盘
741,13:23:53,10.03,--,2,2005,卖盘
742,13:23:47,10.03,-0.01,12,12036,卖盘
743,13:23:43,10.04,--,20,20080,卖盘
744,13:23:38,10.04,--,40,40160,卖盘
745,13:23:33,10.04,--,9,9036,卖盘
746,13:23:28,10.04,--,47,47187,卖盘
747,13:23:23,10.04,--,37,37148,卖盘
748,13:23:17,10.04,--,4,4015,卖盘
749,13:23:13,10.04,--,46,46183,卖盘
750,13:23:08,10.04,--,11,11043,卖盘
751,13:23:03,10.04,-0.01,17,17068,卖盘
752,13:22:53,10.05,0.01,54,54270,买盘
753,13:22:38,10.04,0.01,58,58242,买盘
754,13:22:33,10.03,-0.01,2,2005,卖盘
755,13:22:23,10.04,0.01,5,5020,买盘
756,13:22:18,10.03,--,3,3009,卖盘
757,13:22:08,10.03,--,10,10030,卖盘
758,13:21:58,10.03,-0.01,66,66198,卖盘
759,13:21:43,10.04,--,338,339352,买盘
760,13:21:08,10.04,--,88,88351,买盘
761,13:21:03,10.04,0.01,58,58231,买盘
762,13:20:58,10.03,--,1,1002,卖盘
763,13:20:43,10.03,-0.01,8,8023,卖盘
764,13:20:23,10.04,0.01,240,240959,买盘
765,13:20:13,10.03,--,31,31092,卖盘
766,13:20:08,10.03,-0.01,11,11193,卖盘
767,13:20:03,10.04,0.01,18,18072,买盘
768,13:19:58,10.03,--,10,10030,买盘
769,13:19:53,10.03,-0.01,20,20060,买盘
770,13:19:33,10.04,0.01,18,18072,买盘
771,13:19:13,10.03,0.01,19,19057,中性盘
772,13:19:07,10.02,--,10,10020,卖盘
773,13:18:52,10.02,-0.02,12,12024,卖盘
774,13:18:47,10.04,--,12,12047,买盘
775,13:18:32,10.04,--,70,70280,买盘
776,13:18:17,10.04,0.02,32,32127,买盘
777,13:18:08,10.02,--,10,10020,卖盘
778,13:17:52,10.02,-0.02,10,10020,卖盘
779,13:17:07,10.04,--,33,33132,买盘
780,13:16:32,10.04,0.03,1,1003,买盘
781,13:16:27,10.01,--,0,0,卖盘
782,13:16:17,10.01,-0.01,36,36036,卖盘
783,13:16:07,10.02,-0.02,10,10020,卖盘
784,13:15:52,10.04,0.03,19,19076,买盘
785,13:15:47,10.01,-0.02,80,80080,卖盘
786,13:15:37,10.03,-0.01,10,10030,卖盘
787,13:15:27,10.04,0.01,1,1003,买盘
788,13:15:17,10.03,-0.01,55,55165,中性盘
789,13:15:07,10.04,--,39,39156,买盘
790,13:14:57,10.04,0.03,8,8031,买盘
791,13:14:42,10.01,--,12,12012,卖盘
792,13:14:37,10.01,--,33,33033,卖盘
793,13:14:32,10.01,-0.03,2,2002,卖盘
794,13:14:27,10.04,--,13,13051,买盘
795,13:14:22,10.04,--,0,0,买盘
796,13:14:07,10.04,0.01,155,155620,买盘
797,13:14:02,10.03,--,8,8023,买盘
798,13:13:57,10.03,0.01,36,36108,买盘
799,13:13:11,10.02,--,0,0,卖盘
800,13:13:07,10.02,0.01,10,10020,卖盘
801,13:12:52,10.01,--,0,0,卖盘
802,13:12:31,10.01,--,19,19019,卖盘
803,13:12:07,10.01,-0.03,11,11011,卖盘
804,13:12:01,10.04,0.03,20,20080,买盘
805,13:11:06,10.01,--,10,10010,卖盘
806,13:11:01,10.01,-0.03,3,3003,卖盘
807,13:10:56,10.04,--,28,28111,买盘
808,13:10:51,10.04,--,28,28111,买盘
809,13:10:41,10.04,0.01,28,28111,买盘
810,13:10:31,10.03,0.02,60,60179,买盘
811,13:10:11,10.01,-0.02,28,28028,卖盘
812,13:10:06,10.03,0.02,30,30089,买盘
813,13:10:02,10.01,--,199,199199,卖盘
814,13:09:41,10.01,--,208,208208,买盘
815,13:09:31,10.01,--,9,9009,买盘
816,13:09:16,10.01,--,279,279279,卖盘
817,13:09:06,10.01,--,11,11011,卖盘
818,13:08:05,10.01,-0.01,10,10010,卖盘
819,13:07:56,10.02,--,3,3006,买盘
820,13:07:46,10.02,--,0,991,卖盘
821,13:07:41,10.02,--,2,2014,卖盘
822,13:07:31,10.02,--,15,15030,卖盘
823,13:07:11,10.02,--,5,5010,卖盘
824,13:07:06,10.02,-0.01,10,10020,卖盘
825,13:06:41,10.03,0.01,1,1002,买盘
826,13:06:06,10.02,--,11,11022,卖盘
827,13:06:01,10.02,--,7,7014,买盘
828,13:05:56,10.02,--,0,0,中性盘
829,13:05:46,10.02,--,0,0,买盘
830,13:05:31,10.02,0.01,4,4008,买盘
831,13:05:26,10.01,-0.01,803,803803,卖盘
832,13:05:11,10.02,--,10,10020,卖盘
833,13:05:05,10.02,--,2,2004,卖盘
834,13:04:55,10.02,--,6,6012,卖盘
835,13:04:40,10.02,--,2,2004,卖盘
836,13:04:25,10.02,--,6,6012,卖盘
837,13:04:15,10.02,--,4,4008,卖盘
838,13:04:05,10.02,--,13,13026,卖盘
839,13:03:55,10.02,--,6,6012,卖盘
840,13:03:50,10.02,--,3,3006,卖盘
841,13:03:40,10.02,0.01,12,12024,买盘
842,13:03:30,10.01,--,16,16016,卖盘
843,13:03:25,10.01,-0.01,7,7007,卖盘
844,13:03:19,10.02,--,67,67134,卖盘
845,13:03:15,10.02,--,2,2004,卖盘
846,13:03:10,10.02,--,71,71142,卖盘
847,13:03:05,10.02,--,10,10020,卖盘
848,13:03:00,10.02,--,1,1002,卖盘
849,13:02:55,10.02,-0.02,10,10020,卖盘
850,13:02:50,10.04,0.02,5,5020,买盘
851,13:02:40,10.02,--,49,49098,卖盘
852,13:02:35,10.02,--,8,8016,卖盘
853,13:02:25,10.02,-0.02,152,152304,卖盘
854,13:02:19,10.04,0.02,24,24095,买盘
855,13:02:05,10.02,--,25,25050,卖盘
856,13:01:55,10.02,--,6,6012,卖盘
857,13:01:35,10.02,--,2,2004,卖盘
858,13:01:25,10.02,--,6,6012,卖盘
859,13:01:20,10.02,--,3,3006,卖盘
860,13:01:05,10.02,--,11,11022,卖盘
861,13:00:59,10.02,--,0,0,卖盘
862,13:00:45,10.02,-0.02,7,7014,卖盘
863,13:00:34,10.04,0.02,21,21084,买盘
864,13:00:15,10.02,-0.02,88,88176,卖盘
865,13:00:05,10.04,0.01,262,263048,买盘
866,11:30:00,10.03,--,0,0,卖盘
867,11:30:00,10.03,--,0,0,卖盘
868,11:29:54,10.03,0.01,1,1002,卖盘
869,11:29:45,10.02,--,0,0,卖盘
870,11:29:39,10.02,-0.02,17,17034,卖盘
871,11:29:35,10.04,-0.01,3,3011,卖盘
872,11:29:30,10.05,--,74,74370,买盘
873,11:29:20,10.05,0.01,65,65325,买盘
874,11:29:15,10.04,--,15,15059,卖盘
875,11:29:09,10.04,--,74,74296,买盘
876,11:29:05,10.04,--,53,53211,买盘
877,11:29:00,10.04,0.02,211,211843,买盘
878,11:28:54,10.02,-0.01,13,13026,中性盘
879,11:28:39,10.03,0.02,30,30089,买盘
880,11:28:24,10.01,--,8,8008,卖盘
881,11:28:20,10.01,--,0,0,卖盘
882,11:28:14,10.01,-0.01,55,55055,卖盘
883,11:28:09,10.02,--,6,6012,卖盘
884,11:28:05,10.02,-0.01,115,115230,卖盘
885,11:27:59,10.03,--,23,23069,买盘
886,11:27:50,10.03,--,18,18054,买盘
887,11:27:14,10.03,0.02,5,5015,买盘
888,11:27:04,10.01,--,10,10010,卖盘
889,11:26:39,10.01,-0.02,86,86086,卖盘
890,11:26:30,10.03,--,262,262786,买盘
891,11:26:19,10.03,0.01,10,10030,买盘
892,11:26:09,10.02,--,17,17034,卖盘
893,11:26:04,10.02,-0.01,16,16032,卖盘
894,11:26:00,10.03,--,1,1002,买盘
895,11:25:54,10.03,0.02,3,3009,买盘
896,11:25:49,10.01,-0.02,24,24024,卖盘
897,11:25:39,10.03,0.02,28,28084,买盘
898,11:25:30,10.01,--,43,43043,卖盘
899,11:25:18,10.01,-0.02,6,6006,卖盘
900,11:25:09,10.03,0.01,8,8023,买盘
901,11:25:04,10.02,--,11,11022,卖盘
902,11:25:00,10.02,-0.01,9,9018,卖盘
903,11:24:54,10.03,0.02,6,6018,买盘
904,11:24:49,10.01,-0.03,80,80080,卖盘
905,11:24:39,10.04,0.01,182,182727,买盘
906,11:24:34,10.03,--,83,83249,卖盘
907,11:24:29,10.03,--,88,88264,卖盘
908,11:24:24,10.03,--,256,256767,卖盘
909,11:24:18,10.03,-0.01,8,8023,卖盘
910,11:24:15,10.04,--,49,49195,买盘
911,11:24:09,10.04,0.01,18,18072,买盘
912,11:24:03,10.03,-0.01,102,102306,卖盘
913,11:23:59,10.04,--,70,70280,买盘
914,11:23:54,10.04,0.01,40,40160,买盘
915,11:23:48,10.03,--,0,0,中性盘
916,11:23:44,10.03,--,0,0,买盘
917,11:23:39,10.03,--,42,42126,买盘
918,11:23:33,10.03,0.02,13,13039,买盘
919,11:23:29,10.01,0.01,10,10010,卖盘
920,11:23:18,10.0,-0.03,50,50000,卖盘
921,11:23:14,10.03,--,6,6018,买盘
922,11:23:09,10.03,0.03,182,182546,买盘
923,11:23:03,10.0,--,59,59000,卖盘
924,11:22:59,10.0,-0.02,535,535000,卖盘
925,11:22:54,10.02,--,150,150300,买盘
926,11:22:48,10.02,--,59,59118,买盘
927,11:22:44,10.02,0.01,6,6012,买盘
928,11:22:39,10.01,0.01,6,6006,买盘
929,11:22:29,10.0,-0.01,10,10000,卖盘
930,11:22:18,10.01,--,30,30030,卖盘
931,11:22:14,10.01,--,3,3003,卖盘
932,11:22:03,10.01,--,11,11011,卖盘
933,11:21:43,10.01,0.01,1,1001,中性盘
934,11:21:33,10.0,--,6,6000,卖盘
935,11:21:29,10.0,-0.01,1,1000,卖盘
936,11:21:23,10.01,0.01,13,13013,买盘
937,11:21:18,10.0,--,6,6000,卖盘
938,11:21:09,10.0,--,10,10000,卖盘
939,11:21:03,10.0,-0.01,10,10000,卖盘
940,11:20:53,10.01,0.01,1,1001,买盘
941,11:20:44,10.0,--,7,7000,卖盘
942,11:20:33,10.0,--,20,20000,卖盘
943,11:20:18,10.0,--,4,4000,卖盘
944,11:20:03,10.0,--,11,11000,卖盘
945,11:19:43,10.0,--,2,2000,卖盘
946,11:19:28,10.0,--,54,54000,卖盘
947,11:19:23,10.0,--,3,3000,卖盘
948,11:19:18,10.0,--,194,194000,卖盘
949,11:19:14,10.0,--,87,87000,卖盘
950,11:19:08,10.0,--,17,17000,卖盘
951,11:19:03,10.0,-0.01,38,38000,卖盘
952,11:18:58,10.01,0.01,50,50050,买盘
953,11:18:27,10.0,--,4,4000,卖盘
954,11:18:18,10.0,--,9,9000,卖盘
955,11:18:14,10.0,--,6,6000,卖盘
956,11:18:08,10.0,--,2,2000,卖盘
957,11:18:03,10.0,--,22,22000,卖盘
958,11:17:58,10.0,-0.01,17,17000,卖盘
959,11:17:53,10.01,--,54,54054,买盘
960,11:17:48,10.01,--,50,50050,买盘
961,11:17:33,10.01,0.02,1,1001,买盘
962,11:17:12,9.99,--,4,3996,卖盘
963,11:17:03,9.99,--,11,10989,卖盘
964,11:16:53,9.99,-0.02,6,5994,卖盘
965,11:16:42,10.01,0.02,45,45045,买盘
966,11:16:38,9.99,-0.01,11,10989,卖盘
967,11:16:33,10.0,--,28,28000,卖盘
968,11:16:27,10.0,-0.01,34,34000,卖盘
969,11:16:18,10.01,0.01,20,20020,买盘
970,11:16:12,10.0,--,9,9000,卖盘
971,11:16:03,10.0,--,27,27000,卖盘
972,11:15:53,10.0,--,7,7000,卖盘
973,11:15:42,10.0,--,20,20000,卖盘
974,11:15:27,10.0,-0.01,24,24000,卖盘
975,11:15:12,10.01,0.01,96,96096,买盘
976,11:15:03,10.0,-0.01,10,10000,卖盘
977,11:14:27,10.01,--,0,0,买盘
978,11:14:12,10.01,0.02,15,15015,买盘
979,11:14:08,9.99,--,13,12987,卖盘
980,11:14:03,9.99,--,28,27972,卖盘
981,11:13:57,9.99,-0.01,7,6993,卖盘
982,11:13:53,10.0,0.01,92,92000,买盘
983,11:13:48,9.99,--,28,27972,卖盘
984,11:13:38,9.99,--,35,34965,卖盘
985,11:13:32,9.99,-0.01,5,4995,卖盘
986,11:13:27,10.0,0.01,50,50000,买盘
987,11:13:23,9.99,-0.01,44,43956,卖盘
988,11:13:12,10.0,0.01,106,106000,买盘
989,11:13:08,9.99,-0.03,184,183816,卖盘
990,11:12:57,10.02,0.02,468,468936,买盘
991,11:12:47,10.0,--,3,3000,卖盘
992,11:12:42,10.0,0.01,2,2000,卖盘
993,11:12:38,9.99,--,1,999,卖盘
994,11:12:32,9.99,--,7,6993,卖盘
995,11:12:27,9.99,--,11,10989,卖盘
996,11:12:22,9.99,-0.01,32,31968,卖盘
997,11:12:17,10.0,0.01,65,65000,买盘
998,11:12:12,9.99,-0.01,102,101898,卖盘
999,11:12:06,10.0,--,95,95000,买盘
1000,11:12:02,10.0,0.01,305,305000,买盘
1001,11:11:57,9.99,-0.01,25,24975,卖盘
1002,11:11:47,10.0,--,76,76000,卖盘
1003,11:11:27,10.0,--,1,1000,卖盘
1004,11:11:23,10.0,--,1,1000,卖盘
1005,11:11:17,10.0,--,3,3000,卖盘
1006,11:11:12,10.0,--,5,5000,卖盘
1007,11:11:07,10.0,--,11,11000,卖盘
1008,11:10:57,10.0,-0.01,7,7000,卖盘
1009,11:10:47,10.01,--,20,20020,买盘
1010,11:10:21,10.01,0.01,1,1001,买盘
1011,11:10:17,10.0,-0.01,36,36000,卖盘
1012,11:10:06,10.01,--,139,139139,买盘
1013,11:09:51,10.01,0.01,100,100100,买盘
1014,11:09:47,10.0,-0.01,2,2000,卖盘
1015,11:09:36,10.01,--,14,14014,卖盘
1016,11:09:21,10.01,--,22,22022,卖盘
1017,11:09:12,10.01,--,6,6006,卖盘
1018,11:09:06,10.01,--,10,10010,卖盘
1019,11:09:02,10.01,--,20,20020,卖盘
1020,11:08:51,10.01,0.01,44,44044,买盘
1021,11:08:42,10.0,--,59,59000,卖盘
1022,11:08:36,10.0,--,1,1000,卖盘
1023,11:08:27,10.0,0.01,2,2000,中性盘
1024,11:08:21,9.99,--,2,1998,卖盘
1025,11:08:17,9.99,--,7,6993,卖盘
1026,11:08:12,9.99,--,9,8991,卖盘
1027,11:08:06,9.99,--,21,20979,卖盘
1028,11:07:56,9.99,-0.02,7,6993,卖盘
1029,11:07:51,10.01,--,1,1001,买盘
1030,11:07:47,10.01,--,31,31031,买盘
1031,11:07:36,10.01,0.02,33,33033,买盘
1032,11:07:32,9.99,--,1,999,卖盘
1033,11:07:21,9.99,-0.01,19,18981,卖盘
1034,11:07:17,10.0,--,3,3560,买盘
1035,11:07:12,10.0,--,60,60440,卖盘
1036,11:07:06,10.0,--,10,10000,卖盘
1037,11:07:02,10.0,--,37,37000,卖盘
1038,11:06:51,10.0,--,116,116000,卖盘
1039,11:06:46,10.0,-0.01,22,22000,卖盘
1040,11:06:42,10.01,--,71,71071,买盘
1041,11:06:36,10.01,--,501,501501,卖盘
1042,11:06:32,10.01,-0.01,30,30030,卖盘
1043,11:06:11,10.02,0.01,1,1002,买盘
1044,11:06:06,10.01,--,11,11011,卖盘
1045,11:06:01,10.01,-0.01,10,10010,卖盘
1046,11:05:56,10.02,0.02,3,3006,买盘
1047,11:05:51,10.0,--,30,30000,卖盘
1048,11:05:47,10.0,-0.02,226,226000,卖盘
1049,11:05:36,10.02,0.02,63,63126,买盘
1050,11:05:26,10.0,--,33,33000,卖盘
1051,11:05:21,10.0,-0.02,18,18000,卖盘
1052,11:05:17,10.02,--,116,116232,买盘
1053,11:05:11,10.02,--,96,96192,买盘
1054,11:05:06,10.02,--,58,58116,买盘
1055,11:04:51,10.02,0.02,18,18036,买盘
1056,11:04:47,10.0,--,3,3000,卖盘
1057,11:04:36,10.0,-0.02,11,11000,卖盘
1058,11:04:31,10.02,0.02,2,2004,买盘
1059,11:04:21,10.0,--,6,6000,卖盘
1060,11:04:15,10.0,--,3,3000,卖盘
1061,11:04:11,10.0,-0.02,20,20000,卖盘
1062,11:04:06,10.02,0.01,31,31062,买盘
1063,11:04:01,10.01,--,100,100100,卖盘
1064,11:03:36,10.01,-0.01,19,19019,卖盘
1065,11:03:26,10.02,0.01,300,300600,买盘
1066,11:03:21,10.01,--,20,20020,卖盘
1067,11:03:15,10.01,--,3,3003,卖盘
1068,11:03:11,10.01,--,59,59059,卖盘
1069,11:03:06,10.01,--,11,11011,卖盘
1070,11:02:26,10.01,-0.01,7,7007,卖盘
1071,11:02:15,10.02,0.01,25,25050,买盘
1072,11:02:06,10.01,--,10,10010,卖盘
1073,11:01:45,10.01,-0.01,15,15015,卖盘
1074,11:01:36,10.02,0.01,45,45090,买盘
1075,11:01:15,10.01,--,3,3003,卖盘
1076,11:01:05,10.01,-0.01,15,15015,卖盘
1077,11:00:56,10.02,0.01,16,16032,卖盘
1078,11:00:35,10.01,--,0,0,卖盘
1079,11:00:30,10.01,--,8,8008,卖盘
1080,11:00:20,10.01,-0.02,34,34034,卖盘
1081,11:00:15,10.03,--,22,22066,买盘
1082,11:00:11,10.03,0.01,107,107321,买盘
1083,11:00:05,10.02,-0.01,3,3006,卖盘
1084,11:00:00,10.03,0.01,24,24072,买盘
1085,10:59:56,10.02,0.01,10,10020,买盘
1086,10:59:50,10.01,--,15,15015,卖盘
1087,10:59:45,10.01,--,0,0,卖盘
1088,10:59:40,10.01,--,103,103103,卖盘
1089,10:59:35,10.01,--,13,13013,卖盘
1090,10:59:30,10.01,--,216,216216,卖盘
1091,10:59:25,10.01,-0.01,11,11011,卖盘
1092,10:59:20,10.02,0.01,10,10020,买盘
1093,10:59:15,10.01,--,7,7007,卖盘
1094,10:59:11,10.01,-0.01,39,39039,卖盘
1095,10:59:05,10.02,0.01,23,23046,买盘
1096,10:59:00,10.01,-0.02,9,9009,卖盘
1097,10:58:55,10.03,0.01,13,13039,买盘
1098,10:58:50,10.02,0.01,15,15030,买盘
1099,10:58:45,10.01,-0.01,78,78078,卖盘
1100,10:58:40,10.02,--,13,13026,买盘
1101,10:58:35,10.02,--,206,206412,卖盘
1102,10:58:30,10.02,--,4,4008,卖盘
1103,10:58:25,10.02,0.01,15,15030,买盘
1104,10:58:20,10.01,--,8,8008,卖盘
1105,10:58:10,10.01,--,28,28028,卖盘
1106,10:58:05,10.01,-0.01,10,10010,卖盘
1107,10:58:00,10.02,-0.01,100,100200,买盘
1108,10:57:40,10.03,0.01,30,30089,买盘
1109,10:57:25,10.02,--,96,96192,买盘
1110,10:57:20,10.02,--,76,76152,买盘
1111,10:57:15,10.02,--,102,102204,买盘
1112,10:57:11,10.02,0.01,18,18036,买盘
1113,10:57:05,10.01,--,79,79079,卖盘
1114,10:57:00,10.01,-0.01,2,2562,卖盘
1115,10:56:54,10.02,--,88,88176,买盘
1116,10:56:45,10.02,--,15,15030,买盘
1117,10:56:35,10.02,--,18,18036,买盘
1118,10:56:30,10.02,0.01,41,41082,买盘
1119,10:56:24,10.01,-0.01,103,103103,卖盘
1120,10:56:20,10.02,0.01,69,69138,买盘
1121,10:56:15,10.01,--,152,152152,卖盘
1122,10:56:09,10.01,--,10,10010,卖盘
1123,10:56:05,10.01,--,10,10010,卖盘
1124,10:56:00,10.01,-0.01,36,36036,卖盘
1125,10:55:45,10.02,0.02,1289,1291578,买盘
1126,10:55:35,10.0,--,10,10000,买盘
1127,10:55:09,10.0,0.02,398,398000,买盘
1128,10:55:04,9.98,--,11,10978,卖盘
1129,10:54:54,9.98,--,0,0,卖盘
1130,10:54:50,9.98,-0.02,446,445108,卖盘
1131,10:54:45,10.0,--,0,0,买盘
1132,10:54:24,10.0,0.02,1,1000,买盘
1133,10:54:05,9.98,-0.02,346,345308,卖盘
1134,10:53:39,10.0,0.01,399,399000,买盘
1135,10:53:35,9.99,0.01,4,3996,中性盘
1136,10:53:29,9.98,--,36,35928,卖盘
1137,10:53:20,9.98,-0.01,132,131736,卖盘
1138,10:53:09,9.99,--,20,19980,卖盘
1139,10:53:05,9.99,--,102,101898,买盘
1140,10:52:54,9.99,--,71,70929,买盘
1141,10:52:50,9.99,--,68,67932,买盘
1142,10:52:44,9.99,--,5,4995,买盘
1143,10:52:35,9.99,--,40,39960,买盘
1144,10:52:09,9.99,0.01,10,9990,买盘
1145,10:52:04,9.98,-0.01,11,10978,卖盘
1146,10:51:54,9.99,--,60,59940,买盘
1147,10:51:20,9.99,0.01,2,1998,买盘
1148,10:51:04,9.98,-0.01,10,9980,卖盘
1149,10:50:59,9.99,0.01,1,999,买盘
1150,10:50:49,9.98,--,0,0,中性盘
1151,10:50:44,9.98,--,20,19960,买盘
1152,10:50:39,9.98,--,40,39920,买盘
1153,10:50:29,9.98,--,64,63872,买盘
1154,10:50:19,9.98,0.01,13,12974,买盘
1155,10:50:09,9.97,-0.01,255,254235,卖盘
1156,10:50:03,9.98,--,34,33932,买盘
1157,10:49:59,9.98,--,487,486026,买盘
1158,10:49:48,9.98,0.01,40,39920,买盘
1159,10:49:29,9.97,--,199,198403,卖盘
1160,10:49:18,9.97,--,600,598200,卖盘
1161,10:49:03,9.97,--,11,10967,卖盘
1162,10:48:29,9.97,--,6,5982,卖盘
1163,10:48:24,9.97,--,1,997,卖盘
1164,10:48:09,9.97,--,8,7976,卖盘
1165,10:48:03,9.97,-0.01,15,14955,卖盘
1166,10:47:54,9.98,--,34,33932,卖盘
1167,10:47:39,9.98,0.01,6,5988,中性盘
1168,10:47:33,9.97,-0.01,25,24925,卖盘
1169,10:47:29,9.98,--,27,26946,买盘
1170,10:47:18,9.98,0.01,21,20958,买盘
1171,10:47:14,9.97,--,6,5982,卖盘
1172,10:47:03,9.97,--,10,9970,卖盘
1173,10:46:58,9.97,--,10,9970,卖盘
1174,10:46:38,9.97,--,1,997,卖盘
1175,10:46:28,9.97,-0.01,4,3988,卖盘
1176,10:46:23,9.98,0.02,45,44910,买盘
1177,10:46:14,9.96,--,12,11952,卖盘
1178,10:46:03,9.96,--,16,15936,卖盘
1179,10:45:58,9.96,-0.01,53,52788,卖盘
1180,10:45:53,9.97,--,30,29910,卖盘
1181,10:45:48,9.97,-0.01,189,188433,卖盘
1182,10:45:43,9.98,0.01,90,89820,买盘
1183,10:45:23,9.97,--,65,64805,卖盘
1184,10:45:13,9.97,--,215,214355,卖盘
1185,10:45:03,9.97,--,58,57826,卖盘
1186,10:44:59,9.97,--,12,11964,卖盘
1187,10:44:53,9.97,--,3,2991,卖盘
1188,10:44:48,9.97,--,3,2991,卖盘
1189,10:44:44,9.97,--,10,9970,卖盘
1190,10:44:38,9.97,--,28,27916,卖盘
1191,10:44:29,9.97,--,83,82751,卖盘
1192,10:44:18,9.97,--,32,31904,卖盘
1193,10:44:13,9.97,--,4,3988,卖盘
1194,10:44:08,9.97,--,100,99700,卖盘
1195,10:44:03,9.97,--,10,9970,卖盘
1196,10:43:58,9.97,--,3,2991,卖盘
1197,10:43:53,9.97,-0.01,3,2991,卖盘
1198,10:43:48,9.98,--,12,11976,买盘
1199,10:43:43,9.98,0.01,10,9980,买盘
1200,10:43:38,9.97,--,211,210367,卖盘
1201,10:43:33,9.97,--,1,997,卖盘
1202,10:43:28,9.97,--,633,631101,卖盘
1203,10:43:23,9.97,-0.01,15,14955,卖盘
1204,10:43:13,9.98,0.01,48,47904,买盘
1205,10:43:03,9.97,--,21,20937,卖盘
1206,10:42:53,9.97,--,28,27916,卖盘
1207,10:42:43,9.97,--,10,9970,卖盘
1208,10:42:33,9.97,--,0,0,卖盘
1209,10:42:28,9.97,-0.01,63,62811,卖盘
1210,10:42:18,9.98,--,103,102794,卖盘
1211,10:42:08,9.98,--,34,33932,卖盘
1212,10:42:03,9.98,--,10,9980,卖盘
1213,10:41:57,9.98,0.01,100,99800,卖盘
1214,10:41:33,9.97,--,0,0,卖盘
1215,10:41:23,9.97,--,13,12961,卖盘
1216,10:41:18,9.97,--,0,0,卖盘
1217,10:41:12,9.97,--,54,53838,卖盘
1218,10:41:03,9.97,--,59,58823,卖盘
1219,10:40:57,9.97,-0.01,2,1994,卖盘
1220,10:40:52,9.98,0.01,2,1996,买盘
1221,10:40:48,9.97,--,48,47856,卖盘
1222,10:40:42,9.97,--,3,2991,卖盘
1223,10:40:37,9.97,--,148,147556,卖盘
1224,10:40:33,9.97,-0.01,58,57826,卖盘
1225,10:40:27,9.98,--,187,187065,卖盘
1226,10:40:22,9.98,--,118,117764,卖盘
1227,10:40:17,9.98,--,12,11976,卖盘
1228,10:40:07,9.98,--,47,46906,卖盘
1229,10:39:57,9.98,--,39,38922,卖盘
1230,10:39:47,9.98,--,4,3992,卖盘
1231,10:39:42,9.98,--,31,30938,卖盘
1232,10:39:37,9.98,--,24,23952,卖盘
1233,10:39:27,9.98,--,208,207584,卖盘
1234,10:39:22,9.98,--,3,2994,卖盘
1235,10:39:17,9.98,--,544,542912,卖盘
1236,10:39:08,9.98,--,10,9980,卖盘
1237,10:39:02,9.98,--,5,4990,卖盘
1238,10:38:52,9.98,-0.01,26,25948,卖盘
1239,10:38:47,9.99,--,13,12987,买盘
1240,10:38:37,9.99,--,82,81918,买盘
1241,10:38:32,9.99,0.01,10,9990,买盘
1242,10:38:17,9.98,-0.01,21,20958,卖盘
1243,10:38:07,9.99,0.01,66,65934,买盘
1244,10:37:57,9.98,-0.01,25,25009,卖盘
1245,10:37:52,9.99,0.01,50,49950,买盘
1246,10:37:47,9.98,--,33,32934,卖盘
1247,10:37:37,9.98,-0.01,70,69860,卖盘
1248,10:37:32,9.99,--,8,7992,买盘
1249,10:37:27,9.99,0.01,103,102897,买盘
1250,10:37:22,9.98,--,113,112774,卖盘
1251,10:37:07,9.98,--,17,17165,卖盘
1252,10:36:32,9.98,--,61,60878,卖盘
1253,10:36:22,9.98,--,184,183632,卖盘
1254,10:36:17,9.98,--,3,2994,卖盘
1255,10:36:07,9.98,--,44,43912,卖盘
1256,10:35:57,9.98,-0.01,101,100798,卖盘
1257,10:35:47,9.99,0.01,3,2997,买盘
1258,10:35:32,9.98,--,40,39920,卖盘
1259,10:35:22,9.98,--,124,124680,卖盘
1260,10:35:07,9.98,--,11,10978,卖盘
1261,10:34:57,9.98,--,1,998,卖盘
1262,10:34:47,9.98,--,5,4990,卖盘
1263,10:34:42,9.98,--,35,34930,卖盘
1264,10:34:27,9.98,-0.01,111,111117,卖盘
1265,10:34:21,9.99,0.01,17,16983,买盘
1266,10:34:17,9.98,--,10,9980,卖盘
1267,10:34:06,9.98,--,29,28942,卖盘
1268,10:33:47,9.98,-0.01,44,43912,卖盘
1269,10:33:36,9.99,0.01,134,133866,买盘
1270,10:33:27,9.98,--,4,3992,卖盘
1271,10:33:16,9.98,-0.01,16,15968,卖盘
1272,10:33:11,9.99,0.01,1,999,买盘
1273,10:33:06,9.98,--,28,27944,卖盘
1274,10:33:01,9.98,-0.01,60,59880,卖盘
1275,10:32:51,9.99,--,20,19980,买盘
1276,10:32:36,9.99,--,374,373626,卖盘
1277,10:32:21,9.99,--,198,197802,卖盘
1278,10:32:11,9.99,--,42,41958,卖盘
1279,10:32:06,9.99,--,11,10989,卖盘
1280,10:32:01,9.99,-0.01,19,18981,卖盘
1281,10:31:51,10.0,0.01,200,200000,买盘
1282,10:31:31,9.99,--,63,62937,卖盘
1283,10:31:26,9.99,--,182,181818,卖盘
1284,10:31:21,9.99,--,60,59940,卖盘
1285,10:31:16,9.99,--,219,218781,卖盘
1286,10:31:06,9.99,--,15,14985,卖盘
1287,10:31:01,9.99,--,14,13986,卖盘
1288,10:30:51,9.99,--,2,1998,卖盘
1289,10:30:46,9.99,--,30,29970,卖盘
1290,10:30:41,9.99,-0.01,17,16983,卖盘
1291,10:30:36,10.0,0.01,45,45000,买盘
1292,10:30:31,9.99,-0.01,108,107892,卖盘
1293,10:30:26,10.0,0.01,3,3000,买盘
1294,10:30:21,9.99,--,32,31968,卖盘
1295,10:30:16,9.99,-0.01,329,328671,卖盘
1296,10:30:11,10.0,--,18,18000,买盘
1297,10:30:06,10.0,--,11,11000,买盘
1298,10:30:01,10.0,0.01,50,50000,买盘
1299,10:29:46,9.99,-0.01,3,2997,卖盘
1300,10:29:36,10.0,0.01,8,8000,买盘
1301,10:29:16,9.99,--,3,2997,卖盘
1302,10:29:06,9.99,--,11,10989,卖盘
1303,10:29:01,9.99,--,17,16983,卖盘
1304,10:28:51,9.99,-0.01,80,79920,卖盘
1305,10:28:41,10.0,--,108,108000,买盘
1306,10:28:36,10.0,--,22,22000,买盘
1307,10:28:31,10.0,--,19,19000,买盘
1308,10:28:21,10.0,0.01,10,10000,买盘
1309,10:28:16,9.99,-0.01,3,2997,卖盘
1310,10:28:11,10.0,0.01,21,21000,买盘
1311,10:28:06,9.99,--,13,12987,卖盘
1312,10:28:01,9.99,-0.01,60,59940,卖盘
1313,10:27:55,10.0,0.01,47,47000,买盘
1314,10:27:41,9.99,--,234,233766,买盘
1315,10:27:36,9.99,--,86,85914,买盘
1316,10:27:31,9.99,--,210,209790,买盘
1317,10:27:26,9.99,--,10,10969,买盘
1318,10:27:21,9.99,--,68,67932,买盘
1319,10:27:15,9.99,0.01,127,126873,买盘
1320,10:27:06,9.98,--,34,33981,卖盘
1321,10:27:00,9.98,-0.01,2,1996,卖盘
1322,10:26:51,9.99,0.01,72,71928,买盘
1323,10:26:45,9.98,--,23,22954,卖盘
1324,10:26:36,9.98,-0.01,30,29940,卖盘
1325,10:26:26,9.99,--,91,90909,买盘
1326,10:26:20,9.99,0.01,10,9990,买盘
1327,10:26:05,9.98,--,10,9980,卖盘
1328,10:26:00,9.98,--,22,21956,卖盘
1329,10:25:55,9.98,-0.01,80,79840,卖盘
1330,10:25:40,9.99,--,86,85914,买盘
1331,10:25:35,9.99,--,28,27972,买盘
1332,10:25:30,9.99,--,50,49950,买盘
1333,10:25:20,9.99,0.01,70,69930,买盘
1334,10:25:15,9.98,-0.01,1,998,卖盘
1335,10:25:10,9.99,0.01,97,96903,买盘
1336,10:25:05,9.98,-0.01,10,9980,卖盘
1337,10:25:00,9.99,0.01,300,299700,买盘
1338,10:24:45,9.98,--,60,59880,卖盘
1339,10:24:35,9.98,--,254,253492,买盘
1340,10:24:20,9.98,0.01,30,29940,买盘
1341,10:24:15,9.97,--,293,292121,卖盘
1342,10:24:05,9.97,-0.01,11,10967,卖盘
1343,10:23:55,9.98,0.01,46,45908,买盘
1344,10:23:45,9.97,-0.01,16,15952,卖盘
1345,10:23:35,9.98,--,71,70858,买盘
1346,10:23:30,9.98,--,52,51896,买盘
1347,10:23:25,9.98,--,282,281436,卖盘
1348,10:23:15,9.98,--,4,3992,卖盘
1349,10:23:05,9.98,--,10,9980,卖盘
1350,10:22:50,9.98,--,3,2994,卖盘
1351,10:22:40,9.98,--,15,14970,卖盘
1352,10:22:30,9.98,0.01,51,50898,买盘
1353,10:22:25,9.97,-0.01,7,6979,卖盘
1354,10:22:15,9.98,--,141,140718,买盘
1355,10:22:10,9.98,0.01,20,19960,买盘
1356,10:22:05,9.97,-0.01,10,9970,卖盘
1357,10:22:00,9.98,--,35,34930,买盘
1358,10:21:54,9.98,--,50,49900,买盘
1359,10:21:50,9.98,--,45,44910,买盘
1360,10:21:40,9.98,0.01,2,1996,买盘
1361,10:21:25,9.97,--,1,997,卖盘
1362,10:21:20,9.97,--,1,997,卖盘
1363,10:21:15,9.97,--,4,3988,卖盘
1364,10:21:10,9.97,--,7,6979,卖盘
1365,10:21:04,9.97,--,11,10967,卖盘
1366,10:21:00,9.97,-0.01,2,1994,卖盘
1367,10:20:54,9.98,0.01,24,24910,买盘
1368,10:20:45,9.97,-0.01,1,997,卖盘
1369,10:20:39,9.98,0.01,25,24950,买盘
1370,10:20:34,9.97,--,1,997,卖盘
1371,10:20:30,9.97,-0.01,49,48853,卖盘
1372,10:20:25,9.98,0.01,16,15968,买盘
1373,10:20:20,9.97,--,46,45862,卖盘
1374,10:20:15,9.97,-0.02,54,53838,卖盘
1375,10:20:10,9.99,0.02,72,71928,买盘
1376,10:20:04,9.97,--,193,192421,卖盘
1377,10:20:00,9.97,-0.01,118,117646,卖盘
1378,10:19:55,9.98,0.01,50,49900,中性盘
1379,10:19:49,9.97,-0.02,14,13958,卖盘
1380,10:19:45,9.99,0.02,103,102897,买盘
1381,10:19:39,9.97,-0.01,62,61814,卖盘
1382,10:19:34,9.98,0.01,90,89820,中性盘
1383,10:19:29,9.97,--,27,26919,卖盘
1384,10:19:24,9.97,-0.01,206,205382,卖盘
1385,10:19:19,9.98,0.01,54,53892,买盘
1386,10:19:09,9.97,-0.01,24,23928,卖盘
1387,10:19:04,9.98,0.01,54,53892,买盘
1388,10:18:59,9.97,--,39,38883,卖盘
1389,10:18:49,9.97,-0.01,123,122631,卖盘
1390,10:18:44,9.98,--,22,21956,买盘
1391,10:18:39,9.98,0.01,100,99800,买盘
1392,10:18:35,9.97,-0.01,66,65802,卖盘
1393,10:18:24,9.98,-0.01,19,18962,买盘
1394,10:18:19,9.99,0.02,9,8991,买盘
1395,10:18:14,9.97,--,0,0,卖盘
1396,10:18:04,9.97,-0.01,13,12961,卖盘
1397,10:17:54,9.98,--,31,30938,卖盘
1398,10:17:49,9.98,-0.01,62,61876,卖盘
1399,10:17:39,9.99,--,10,9990,买盘
1400,10:17:34,9.99,--,67,66933,买盘
1401,10:17:19,9.99,--,291,290709,买盘
1402,10:17:09,9.99,0.02,1,999,买盘
1403,10:17:04,9.97,--,11,10967,卖盘
1404,10:16:59,9.97,--,2,1994,卖盘
1405,10:16:54,9.97,--,0,0,卖盘
1406,10:16:49,9.97,-0.02,10,9970,卖盘
1407,10:16:39,9.99,0.01,24,23976,买盘
1408,10:16:34,9.98,--,12,11976,买盘
1409,10:16:24,9.98,--,15,14970,买盘
1410,10:16:19,9.98,0.01,14,13972,买盘
1411,10:16:14,9.97,--,65,64805,卖盘
1412,10:16:04,9.97,-0.01,125,124625,卖盘
1413,10:15:54,9.98,--,62,61876,卖盘
1414,10:15:49,9.98,--,62,61876,卖盘
1415,10:15:29,9.98,--,62,61876,卖盘
1416,10:15:24,9.98,0.01,66,66496,买盘
1417,10:15:19,9.97,--,5,4985,卖盘
1418,10:15:04,9.97,--,109,108673,卖盘
1419,10:14:59,9.97,-0.01,4,3988,卖盘
1420,10:14:54,9.98,0.01,300,299400,买盘
1421,10:14:49,9.97,--,14,13958,卖盘
1422,10:14:39,9.97,--,12,11964,卖盘
1423,10:14:29,9.97,--,11,10967,卖盘
1424,10:14:24,9.97,--,1,997,卖盘
1425,10:14:19,9.97,--,35,34895,卖盘
1426,10:14:13,9.97,--,2,1994,卖盘
1427,10:14:09,9.97,--,17,16949,卖盘
1428,10:14:04,9.97,--,25,24925,卖盘
1429,10:13:59,9.97,--,50,49850,卖盘
1430,10:13:54,9.97,--,3,2991,卖盘
1431,10:13:44,9.97,--,36,35892,卖盘
1432,10:13:39,9.97,--,10,9970,卖盘
1433,10:13:34,9.97,--,108,107676,卖盘
1434,10:13:24,9.97,--,27,26919,卖盘
1435,10:13:19,9.97,--,74,73778,卖盘
1436,10:13:14,9.97,-0.01,33,32901,卖盘
1437,10:13:09,9.98,0.01,54,53892,买盘
1438,10:13:04,9.97,--,104,103688,卖盘
1439,10:12:58,9.97,--,14,13958,卖盘
1440,10:12:54,9.97,--,23,22931,卖盘
1441,10:12:48,9.97,--,65,64805,卖盘
1442,10:12:43,9.97,-0.01,73,72781,卖盘
1443,10:12:38,9.98,--,5,4990,买盘
1444,10:12:34,9.98,0.01,27,26946,买盘
1445,10:12:23,9.97,--,2,1994,卖盘
1446,10:12:13,9.97,--,10,9970,卖盘
1447,10:12:04,9.97,--,10,9970,卖盘
1448,10:11:58,9.97,-0.01,48,47856,卖盘
1449,10:11:48,9.98,--,124,124121,卖盘
1450,10:11:43,9.98,--,7,6986,卖盘
1451,10:11:33,9.98,--,7,6986,卖盘
1452,10:11:28,9.98,--,26,26576,买盘
1453,10:11:23,9.98,0.01,20,19960,买盘
1454,10:11:18,9.97,--,46,45862,卖盘
1455,10:11:08,9.97,--,112,111664,卖盘
1456,10:11:03,9.97,--,38,37886,卖盘
1457,10:10:58,9.97,--,58,57826,卖盘
1458,10:10:53,9.97,-0.01,82,81754,卖盘
1459,10:10:43,9.98,0.01,34,33932,买盘
1460,10:10:33,9.97,--,68,67796,卖盘
1461,10:10:28,9.97,--,18,17946,卖盘
1462,10:10:23,9.97,-0.01,35,34895,卖盘
1463,10:10:13,9.98,--,223,222554,卖盘
1464,10:10:08,9.98,--,22,21956,卖盘
1465,10:10:03,9.98,--,435,434130,卖盘
1466,10:09:58,9.98,--,67,66866,卖盘
1467,10:09:53,9.98,--,18,17964,卖盘
1468,10:09:43,9.98,-0.01,56,55888,卖盘
1469,10:09:38,9.99,--,18,17982,买盘
1470,10:09:33,9.99,--,141,140859,卖盘
1471,10:09:18,9.99,--,69,68931,卖盘
1472,10:09:13,9.99,--,14,13986,卖盘
1473,10:09:08,9.99,--,11,10989,卖盘
1474,10:09:03,9.99,--,110,109890,卖盘
1475,10:08:48,9.99,--,371,371208,买盘
1476,10:08:33,9.99,0.01,25,24975,买盘
1477,10:08:28,9.98,--,21,20958,卖盘
1478,10:08:18,9.98,-0.01,30,29940,卖盘
1479,10:08:13,9.99,0.01,20,19980,买盘
1480,10:08:03,9.98,-0.01,20,19960,卖盘
1481,10:07:58,9.99,--,400,399600,买盘
1482,10:07:48,9.99,--,160,159840,买盘
1483,10:07:43,9.99,--,65,64935,买盘
1484,10:07:38,9.99,0.01,2,1998,买盘
1485,10:07:28,9.98,--,100,99800,卖盘
1486,10:07:13,9.98,0.01,23,22954,买盘
1487,10:07:03,9.97,-0.01,25,24925,卖盘
1488,10:06:58,9.98,--,8,7984,卖盘
1489,10:06:33,9.98,--,4,3992,买盘
1490,10:06:28,9.98,-0.01,6,5988,卖盘
1491,10:06:18,9.99,--,20,19980,买盘
1492,10:06:13,9.99,0.02,160,159840,买盘
1493,10:06:03,9.97,-0.01,110,109670,卖盘
1494,10:05:48,9.98,--,20,19960,买盘
1495,10:05:37,9.98,--,96,95827,卖盘
1496,10:05:32,9.98,-0.01,11,10978,卖盘
1497,10:05:28,9.99,0.01,8,7992,买盘
1498,10:05:22,9.98,--,49,48902,卖盘
1499,10:05:13,9.98,--,14,13972,卖盘
1500,10:05:07,9.98,--,10,9980,卖盘
1501,10:04:58,9.98,--,1,998,卖盘
1502,10:04:52,9.98,0.01,203,203572,买盘
1503,10:04:47,9.97,--,10,9970,卖盘
1504,10:04:43,9.97,-0.01,9,9810,卖盘
1505,10:04:37,9.98,--,20,19960,买盘
1506,10:04:32,9.98,--,200,199600,买盘
1507,10:04:27,9.98,0.01,45,44910,买盘
1508,10:04:17,9.97,--,3,2991,卖盘
1509,10:04:07,9.97,--,15,14955,卖盘
1510,10:04:02,9.97,-0.01,3,2991,卖盘
1511,10:03:57,9.98,0.01,10,9980,买盘
1512,10:03:52,9.97,0.01,69,68793,卖盘
1513,10:03:37,9.96,--,119,118524,卖盘
1514,10:03:27,9.96,--,184,183264,卖盘
1515,10:03:22,9.96,--,27,26892,卖盘
1516,10:03:17,9.96,--,111,110556,卖盘
1517,10:03:12,9.96,--,190,189240,卖盘
1518,10:03:07,9.96,--,334,332664,卖盘
1519,10:03:02,9.96,--,3,2988,卖盘
1520,10:02:52,9.96,--,10,9960,卖盘
1521,10:02:42,9.96,--,7,6972,卖盘
1522,10:02:37,9.96,--,46,45816,买盘
1523,10:02:32,9.96,--,16,15936,买盘
1524,10:02:22,9.96,0.01,32,31872,买盘
1525,10:02:17,9.95,-0.01,40,39800,卖盘
1526,10:02:12,9.96,0.01,75,74700,买盘
1527,10:02:07,9.95,-0.01,161,160195,卖盘
1528,10:01:57,9.96,0.01,255,253980,买盘
1529,10:01:52,9.95,--,30,29849,卖盘
1530,10:01:42,9.95,-0.01,67,66665,卖盘
1531,10:01:37,9.96,--,39,38844,买盘
1532,10:01:32,9.96,--,24,23904,买盘
1533,10:01:27,9.96,--,51,50796,买盘
1534,10:01:22,9.96,--,28,27888,买盘
1535,10:01:07,9.96,0.01,23,22908,买盘
1536,10:01:02,9.95,--,21,20895,卖盘
1537,10:00:52,9.95,--,63,62684,卖盘
1538,10:00:47,9.95,--,4,3979,卖盘
1539,10:00:36,9.95,0.01,43,42785,卖盘
1540,10:00:27,9.94,--,8,7952,卖盘
1541,10:00:21,9.94,--,138,137172,卖盘
1542,10:00:16,9.94,--,77,76538,卖盘
1543,10:00:12,9.94,-0.01,233,231602,卖盘
1544,10:00:07,9.95,--,217,215914,买盘
1545,10:00:01,9.95,0.01,40,39800,买盘
1546,09:59:57,9.94,--,60,59640,卖盘
1547,09:59:46,9.94,0.01,43,42742,卖盘
1548,09:59:42,9.93,--,0,0,卖盘
1549,09:59:37,9.93,-0.02,98,97314,卖盘
1550,09:59:27,9.95,--,103,102484,买盘
1551,09:59:22,9.95,0.01,337,335315,买盘
1552,09:59:11,9.94,0.01,57,57632,买盘
1553,09:59:07,9.93,-0.02,987,980110,卖盘
1554,09:59:01,9.95,0.01,63,62684,买盘
1555,09:58:52,9.94,-0.01,8,7952,卖盘
1556,09:58:46,9.95,--,116,115419,买盘
1557,09:58:41,9.95,0.01,10,9950,买盘
1558,09:58:36,9.94,--,17,16898,卖盘
1559,09:58:31,9.94,--,54,53676,卖盘
1560,09:58:26,9.94,--,2,1988,卖盘
1561,09:58:22,9.94,--,4,3976,卖盘
1562,09:58:16,9.94,--,166,165004,卖盘
1563,09:58:11,9.94,-0.01,28,27832,卖盘
1564,09:58:06,9.95,0.01,73,72635,买盘
1565,09:58:01,9.94,--,57,56658,卖盘
1566,09:57:51,9.94,--,26,25844,卖盘
1567,09:57:41,9.94,-0.01,53,52682,卖盘
1568,09:57:36,9.95,0.01,31,30844,买盘
1569,09:57:31,9.94,-0.01,57,56658,卖盘
1570,09:57:21,9.95,0.01,151,150245,买盘
1571,09:57:16,9.94,--,49,48706,卖盘
1572,09:57:11,9.94,--,30,29820,卖盘
1573,09:57:06,9.94,-0.01,177,175938,卖盘
1574,09:57:01,9.95,--,157,156215,卖盘
1575,09:56:56,9.95,--,200,199000,卖盘
1576,09:56:51,9.95,--,140,139300,卖盘
1577,09:56:46,9.95,--,435,432824,卖盘
1578,09:56:41,9.95,--,18,17910,卖盘
1579,09:56:36,9.95,--,330,329325,卖盘
1580,09:56:31,9.95,-0.01,568,565160,卖盘
1581,09:56:26,9.96,0.01,30,29880,买盘
1582,09:56:21,9.95,--,98,97510,卖盘
1583,09:56:16,9.95,-0.01,199,198005,卖盘
1584,09:56:11,9.96,0.01,22,21912,买盘
1585,09:56:06,9.95,--,187,186065,卖盘
1586,09:56:01,9.95,-0.01,413,411004,卖盘
1587,09:55:56,9.96,--,10,9960,卖盘
1588,09:55:51,9.96,-0.01,35,34860,卖盘
1589,09:55:46,9.97,0.01,508,506476,买盘
1590,09:55:41,9.96,-0.01,5,4980,卖盘
1591,09:55:36,9.97,0.01,2,1994,买盘
1592,09:55:30,9.96,--,94,93624,卖盘
1593,09:55:26,9.96,--,164,163344,卖盘
1594,09:55:21,9.96,--,468,466128,卖盘
1595,09:55:11,9.96,-0.01,40,39840,卖盘
1596,09:55:06,9.97,--,34,33898,买盘
1597,09:55:01,9.97,--,299,298103,卖盘
1598,09:54:51,9.97,--,161,160517,卖盘
1599,09:54:45,9.97,--,39,38883,卖盘
1600,09:54:36,9.97,-0.01,57,56829,卖盘
1601,09:54:30,9.98,0.01,6,5988,买盘
1602,09:54:15,9.97,-0.01,37,36889,卖盘
1603,09:54:11,9.98,0.01,63,62874,买盘
1604,09:54:06,9.97,--,60,59820,卖盘
1605,09:54:00,9.97,-0.01,10,9970,卖盘
1606,09:53:55,9.98,--,30,29940,买盘
1607,09:53:51,9.98,0.01,50,49900,买盘
1608,09:53:40,9.97,--,80,79760,卖盘
1609,09:53:31,9.97,--,38,37886,买盘
1610,09:53:16,9.97,--,23,22931,买盘
1611,09:53:06,9.97,0.01,31,30907,买盘
1612,09:53:01,9.96,-0.01,142,141432,卖盘
1613,09:52:51,9.97,-0.01,321,320037,卖盘
1614,09:52:46,9.98,0.01,40,39920,买盘
1615,09:52:36,9.97,--,31,30907,卖盘
1616,09:52:31,9.97,-0.01,5,4985,卖盘
1617,09:52:25,9.98,0.01,50,49900,买盘
1618,09:52:05,9.97,-0.01,192,191424,卖盘
1619,09:51:55,9.98,0.01,53,52894,买盘
1620,09:51:50,9.97,--,2,1994,卖盘
1621,09:51:46,9.97,-0.01,72,71784,卖盘
1622,09:51:40,9.98,--,2,1996,买盘
1623,09:51:35,9.98,0.01,20,19960,买盘
1624,09:51:30,9.97,--,80,79760,卖盘
1625,09:51:15,9.97,--,20,19940,买盘
1626,09:51:10,9.97,0.01,12,11964,中性盘
1627,09:51:05,9.96,-0.02,10,9960,卖盘
1628,09:51:00,9.98,0.01,178,177644,买盘
1629,09:50:55,9.97,0.01,13,12961,买盘
1630,09:50:50,9.96,-0.01,10,9960,卖盘
1631,09:50:40,9.97,-0.01,70,69790,买盘
1632,09:50:30,9.98,0.01,90,89820,买盘
1633,09:50:25,9.97,--,492,491451,买盘
1634,09:50:10,9.97,--,310,309139,卖盘
1635,09:50:05,9.97,-0.01,11,10967,卖盘
1636,09:50:00,9.98,--,50,49900,买盘
1637,09:49:50,9.98,0.01,2,1996,买盘
1638,09:49:45,9.97,-0.01,20,19940,卖盘
1639,09:49:40,9.98,0.01,65,64870,买盘
1640,09:49:30,9.97,--,34,33898,卖盘
1641,09:49:25,9.97,-0.01,20,19940,卖盘
1642,09:49:20,9.98,0.01,1,998,买盘
1643,09:49:15,9.97,-0.01,230,230237,卖盘
1644,09:49:10,9.98,0.01,177,176646,买盘
1645,09:49:05,9.97,-0.01,10,9970,卖盘
1646,09:48:55,9.98,--,6,5988,买盘
1647,09:48:50,9.98,--,13,12974,买盘
1648,09:48:45,9.98,0.01,77,76846,买盘
1649,09:48:40,9.97,--,66,65802,卖盘
1650,09:48:25,9.97,-0.01,117,116649,卖盘
1651,09:48:15,9.98,--,85,84830,卖盘
1652,09:48:05,9.98,--,95,94810,卖盘
1653,09:48:00,9.98,--,80,79840,卖盘
1654,09:47:55,9.98,--,112,111776,卖盘
1655,09:47:50,9.98,-0.01,128,127744,卖盘
1656,09:47:45,9.99,--,70,69930,买盘
1657,09:47:40,9.99,-0.01,249,248751,卖盘
1658,09:47:35,10.0,0.01,20,20000,买盘
1659,09:47:30,9.99,--,203,202797,买盘
1660,09:47:25,9.99,--,107,106893,买盘
1661,09:47:20,9.99,--,9,8991,买盘
1662,09:47:09,9.99,--,35,34965,买盘
1663,09:47:04,9.99,0.01,176,175824,买盘
1664,09:47:00,9.98,0.01,170,169660,买盘
1665,09:46:55,9.97,--,17,16949,买盘
1666,09:46:49,9.97,--,295,294115,卖盘
1667,09:46:45,9.97,-0.01,156,155532,卖盘
1668,09:46:40,9.98,--,27,26946,买盘
1669,09:46:34,9.98,--,16,15968,买盘
1670,09:46:30,9.98,--,34,33932,买盘
1671,09:46:15,9.98,--,11,10978,买盘
1672,09:46:10,9.98,0.01,19,18962,买盘
1673,09:46:04,9.97,-0.01,105,104685,卖盘
1674,09:46:00,9.98,0.01,64,63872,买盘
1675,09:45:54,9.97,--,146,145562,买盘
1676,09:45:49,9.97,--,81,80757,买盘
1677,09:45:45,9.97,--,73,72781,买盘
1678,09:45:40,9.97,0.01,72,71784,买盘
1679,09:45:34,9.96,-0.01,31,30876,卖盘
1680,09:45:29,9.97,0.01,81,80757,买盘
1681,09:45:24,9.96,--,1,996,卖盘
1682,09:45:19,9.96,--,30,29880,卖盘
1683,09:45:14,9.96,--,5,4980,卖盘
1684,09:45:04,9.96,-0.01,25,24900,卖盘
1685,09:44:59,9.97,--,28,27916,买盘
1686,09:44:49,9.97,--,45,44865,买盘
1687,09:44:44,9.97,--,20,19940,买盘
1688,09:44:39,9.97,--,29,28913,买盘
1689,09:44:34,9.97,--,14,13958,买盘
1690,09:44:24,9.97,--,30,29910,买盘
1691,09:44:19,9.97,--,26,25922,买盘
1692,09:44:14,9.97,--,60,59820,买盘
1693,09:44:09,9.97,0.01,73,72781,买盘
1694,09:44:04,9.96,--,38,37848,卖盘
1695,09:43:49,9.96,--,11,10956,卖盘
1696,09:43:44,9.96,--,6,5976,卖盘
1697,09:43:39,9.96,--,32,31872,买盘
1698,09:43:34,9.96,--,340,338640,买盘
1699,09:43:29,9.96,--,41,40836,买盘
1700,09:43:24,9.96,--,4,3984,买盘
1701,09:43:19,9.96,--,14,13944,买盘
1702,09:43:14,9.96,--,65,64740,买盘
1703,09:43:09,9.96,0.01,26,25896,买盘
1704,09:43:04,9.95,-0.01,10,9950,卖盘
1705,09:42:54,9.96,0.01,140,139440,买盘
1706,09:42:49,9.95,--,23,22885,卖盘
1707,09:42:44,9.95,--,20,19900,卖盘
1708,09:42:34,9.95,--,3,2985,卖盘
1709,09:42:24,9.95,-0.01,28,27859,卖盘
1710,09:42:19,9.96,0.01,13,12948,买盘
1711,09:42:14,9.95,--,50,49750,卖盘
1712,09:42:09,9.95,-0.01,20,19900,卖盘
1713,09:42:04,9.96,--,160,159360,买盘
1714,09:41:49,9.96,--,78,77688,买盘
1715,09:41:43,9.96,0.01,10,9960,买盘
1716,09:41:39,9.95,-0.01,215,213924,卖盘
1717,09:41:34,9.96,--,12,11952,买盘
1718,09:41:29,9.96,--,5,4980,买盘
1719,09:41:24,9.96,--,20,19920,买盘
1720,09:41:19,9.96,--,42,41832,买盘
1721,09:41:14,9.96,--,73,72708,买盘
1722,09:41:09,9.96,--,240,239040,卖盘
1723,09:41:03,9.96,-0.01,86,85656,卖盘
1724,09:40:54,9.97,0.01,10,9970,买盘
1725,09:40:48,9.96,--,70,69720,卖盘
1726,09:40:44,9.96,-0.01,118,117528,卖盘
1727,09:40:39,9.97,0.01,5,4985,买盘
1728,09:40:33,9.96,--,5,4980,卖盘
1729,09:40:29,9.96,-0.01,15,14940,卖盘
1730,09:40:24,9.97,--,20,19940,买盘
1731,09:40:13,9.97,-0.01,16,15952,卖盘
1732,09:40:09,9.98,--,20,19960,买盘
1733,09:40:03,9.98,--,136,135728,买盘
1734,09:39:54,9.98,--,10,9980,买盘
1735,09:39:48,9.98,0.01,68,67864,买盘
1736,09:39:39,9.97,--,15,14955,卖盘
1737,09:39:33,9.97,-0.01,2,1994,卖盘
1738,09:39:24,9.98,0.01,10,9980,买盘
1739,09:39:13,9.97,--,10,9970,卖盘
1740,09:39:03,9.97,--,698,695906,买盘
1741,09:38:54,9.97,0.01,1000,997000,买盘
1742,09:38:48,9.96,--,6,5976,卖盘
1743,09:38:43,9.96,--,18,17928,卖盘
1744,09:38:38,9.96,--,185,184260,买盘
1745,09:38:33,9.96,--,2,1992,买盘
1746,09:38:23,9.96,--,115,114540,买盘
1747,09:38:18,9.96,0.01,36,35856,买盘
1748,09:38:13,9.95,--,248,246759,卖盘
1749,09:38:08,9.95,--,221,219894,买盘
1750,09:38:03,9.95,--,20,19900,买盘
1751,09:37:58,9.95,-0.01,235,233824,卖盘
1752,09:37:48,9.96,--,26,25896,买盘
1753,09:37:43,9.96,0.01,60,59760,买盘
1754,09:37:33,9.95,--,0,0,中性盘
1755,09:37:28,9.95,0.02,269,267655,买盘
1756,09:37:23,9.93,-0.02,53,52629,卖盘
1757,09:37:18,9.95,-0.01,12,11940,中性盘
1758,09:37:13,9.96,0.01,210,209160,买盘
1759,09:37:08,9.95,--,133,132335,买盘
1760,09:37:03,9.95,--,129,128354,卖盘
1761,09:36:58,9.95,--,522,519389,卖盘
1762,09:36:53,9.95,-0.01,1,994,卖盘
1763,09:36:48,9.96,--,173,172308,买盘
1764,09:36:43,9.96,--,82,81672,中性盘
1765,09:36:38,9.96,-0.01,97,97408,卖盘
1766,09:36:33,9.97,--,399,398002,买盘
1767,09:36:28,9.97,0.01,90,89730,买盘
1768,09:36:23,9.96,-0.01,10,9960,卖盘
1769,09:36:18,9.97,--,731,728807,买盘
1770,09:36:13,9.97,0.02,86,85742,买盘
1771,09:36:08,9.95,--,216,214919,卖盘
1772,09:36:03,9.95,-0.01,489,486554,卖盘
1773,09:35:58,9.96,-0.02,82,81672,卖盘
1774,09:35:53,9.98,0.01,18,17964,买盘
1775,09:35:48,9.97,--,90,89730,卖盘
1776,09:35:43,9.97,--,67,66799,买盘
1777,09:35:33,9.97,-0.01,6,5982,中性盘
1778,09:35:28,9.98,0.01,102,101796,买盘
1779,09:35:18,9.97,--,3,2991,卖盘
1780,09:35:13,9.97,--,10,9970,卖盘
1781,09:35:08,9.97,-0.01,52,51844,卖盘
1782,09:35:03,9.98,--,513,511974,卖盘
1783,09:34:53,9.98,--,100,99800,卖盘
1784,09:34:48,9.98,--,159,158682,卖盘
1785,09:34:43,9.98,-0.01,212,211576,卖盘
1786,09:34:38,9.99,-0.01,2,1998,卖盘
1787,09:34:33,10.0,--,18,18000,买盘
1788,09:34:28,10.0,--,18,18320,卖盘
1789,09:34:23,10.0,--,45,45000,卖盘
1790,09:34:18,10.0,--,6,6000,卖盘
1791,09:34:13,10.0,--,156,156680,买盘
1792,09:34:03,10.0,--,39,39000,买盘
1793,09:33:58,10.0,--,60,60000,买盘
1794,09:33:52,10.0,0.01,1,1000,买盘
1795,09:33:48,9.99,-0.01,173,172827,卖盘
1796,09:33:42,10.0,-0.01,15,15000,买盘
1797,09:33:33,10.01,0.02,23,23023,买盘
1798,09:33:27,9.99,-0.01,468,467532,卖盘
1799,09:33:22,10.0,-0.01,35,35000,中性盘
1800,09:33:18,10.01,0.01,133,133133,买盘
1801,09:33:12,10.0,--,120,120000,买盘
1802,09:33:07,10.0,--,80,80000,卖盘
1803,09:33:03,10.0,--,34,34000,卖盘
1804,09:32:57,10.0,--,5,5000,卖盘
1805,09:32:52,10.0,--,37,37000,卖盘
1806,09:32:48,10.0,--,0,0,卖盘
1807,09:32:42,10.0,--,50,50000,买盘
1808,09:32:37,10.0,--,200,200000,买盘
1809,09:32:33,10.0,--,10,10000,买盘
1810,09:32:27,10.0,-0.02,18,18000,卖盘
1811,09:32:22,10.02,-0.01,61,61122,中性盘
1812,09:32:12,10.03,0.02,78,78234,买盘
1813,09:32:07,10.01,-0.02,53,53053,卖盘
1814,09:32:02,10.03,--,64,64191,买盘
1815,09:31:57,10.03,0.02,670,672010,买盘
1816,09:31:52,10.01,--,120,120120,买盘
1817,09:31:47,10.01,--,18,18018,买盘
1818,09:31:42,10.01,--,146,146146,买盘
1819,09:31:37,10.01,0.02,50,50050,买盘
1820,09:31:32,9.99,--,77,76923,卖盘
1821,09:31:27,9.99,--,86,85914,卖盘
1822,09:31:22,9.99,--,28,27972,卖盘
1823,09:31:17,9.99,--,60,59940,买盘
1824,09:31:07,9.99,--,939,938061,买盘
1825,09:31:02,9.99,--,5,4995,买盘
1826,09:30:57,9.99,--,112,111888,卖盘
1827,09:30:52,9.99,--,59,58941,卖盘
1828,09:30:47,9.99,-0.01,62,61938,卖盘
1829,09:30:42,10.0,--,94,94000,买盘
1830,09:30:32,10.0,--,31,31000,卖盘
1831,09:30:27,10.0,--,10,10000,卖盘
1832,09:30:22,10.0,--,31,31000,卖盘
1833,09:30:17,10.0,-0.01,92,92000,卖盘
1834,09:30:07,10.01,-0.01,1388,1389388,卖盘
1835,09:28:55,10.02,--,0,0,买盘
1836,09:25:09,10.02,10.02,186,186372,买盘
