,time,price,change,volume,amount,type
0,15:00:00,5.25,--,0,0,卖盘
1,15:00:00,5.25,--,0,0,卖盘
2,14:59:58,5.25,-0.01,10,5250,卖盘
3,14:59:53,5.26,0.01,465,244590,买盘
4,14:59:38,5.25,--,124,65100,卖盘
5,14:59:33,5.25,--,16,8400,卖盘
6,14:59:28,5.25,--,5,2625,卖盘
7,14:59:18,5.25,-0.01,568,298200,卖盘
8,14:59:13,5.26,0.01,1,526,买盘
9,14:59:08,5.25,--,52,27300,卖盘
10,14:58:58,5.25,--,10,5250,卖盘
11,14:58:53,5.25,--,76,39900,卖盘
12,14:58:48,5.25,--,253,132872,卖盘
13,14:58:33,5.25,--,10,5250,卖盘
14,14:58:28,5.25,0.01,489,256872,买盘
15,14:58:23,5.24,-0.01,143,74932,卖盘
16,14:58:18,5.25,--,129,67725,买盘
17,14:58:08,5.25,--,69,36225,买盘
18,14:58:03,5.25,--,755,396375,买盘
19,14:57:58,5.25,--,40,21000,买盘
20,14:57:53,5.25,--,51,26775,买盘
21,14:57:48,5.25,--,146,76650,买盘
22,14:57:43,5.25,0.01,150,78750,买盘
23,14:57:38,5.24,-0.01,25,13100,卖盘
24,14:57:28,5.25,--,7,3675,买盘
25,14:57:23,5.25,--,21,11025,买盘
26,14:57:18,5.25,0.01,547,287175,买盘
27,14:57:13,5.24,--,79,41600,卖盘
28,14:57:08,5.24,--,131,68644,卖盘
29,14:57:03,5.24,-0.01,673,352652,卖盘
30,14:56:58,5.25,--,10,5250,买盘
31,14:56:53,5.25,--,44,23478,卖盘
32,14:56:48,5.25,--,19,9975,卖盘
33,14:56:43,5.25,-0.01,395,207574,卖盘
34,14:56:38,5.26,0.01,161,84686,买盘
35,14:56:33,5.25,--,3,1575,卖盘
36,14:56:23,5.25,--,303,159547,买盘
37,14:56:18,5.25,0.01,273,143325,买盘
38,14:56:08,5.24,--,103,53972,卖盘
39,14:56:03,5.24,--,167,87508,卖盘
40,14:55:52,5.24,--,684,358416,卖盘
41,14:55:48,5.24,--,38,19912,卖盘
42,14:55:43,5.24,-0.01,5,2620,卖盘
43,14:55:38,5.25,0.01,501,263025,买盘
44,14:55:32,5.24,--,252,132048,卖盘
45,14:55:07,5.24,-0.01,176,92224,卖盘
46,14:55:02,5.25,0.01,7,3675,买盘
47,14:54:57,5.24,-0.01,146,76504,卖盘
48,14:54:52,5.25,0.01,12,6300,买盘
49,14:54:42,5.24,-0.01,246,128904,卖盘
50,14:54:37,5.25,0.01,42,22050,买盘
51,14:54:22,5.24,-0.01,150,78600,卖盘
52,14:54:17,5.25,--,9,4725,买盘
53,14:54:07,5.25,--,57,29925,买盘
54,14:54:02,5.25,--,517,271477,卖盘
55,14:53:57,5.25,--,350,183750,卖盘
56,14:53:52,5.25,--,115,60375,卖盘
57,14:53:47,5.25,--,55,28875,卖盘
58,14:53:42,5.25,--,1,525,卖盘
59,14:53:37,5.25,--,492,258772,卖盘
60,14:53:32,5.25,0.01,243,127575,买盘
61,14:53:27,5.24,-0.01,122,63928,卖盘
62,14:53:22,5.25,--,10,5250,买盘
63,14:53:17,5.25,--,78,40950,买盘
64,14:53:12,5.25,0.01,50,26250,买盘
65,14:53:07,5.24,--,10,5240,卖盘
66,14:53:02,5.24,-0.01,163,85412,卖盘
67,14:52:57,5.25,0.01,1,525,买盘
68,14:52:52,5.24,-0.01,184,96416,卖盘
69,14:52:47,5.25,--,20,10500,买盘
70,14:52:42,5.25,--,202,106370,卖盘
71,14:52:37,5.25,--,10,5250,卖盘
72,14:52:32,5.25,--,60,31500,卖盘
73,14:52:27,5.25,--,12,6300,卖盘
74,14:52:22,5.25,--,526,276381,卖盘
75,14:52:17,5.25,-0.01,30,15750,卖盘
76,14:52:07,5.26,0.01,595,313185,买盘
77,14:52:02,5.25,-0.01,127,66675,卖盘
78,14:51:52,5.26,0.01,156,82056,买盘
79,14:51:42,5.25,--,855,448875,卖盘
80,14:51:37,5.25,--,749,393508,卖盘
81,14:51:32,5.25,--,119,62475,卖盘
82,14:51:27,5.25,-0.01,277,145425,卖盘
83,14:51:22,5.26,0.01,135,71010,买盘
84,14:51:17,5.25,-0.01,11,5775,卖盘
85,14:51:12,5.26,0.01,399,209874,买盘
86,14:51:07,5.25,--,12,6300,卖盘
87,14:51:02,5.25,--,158,82950,卖盘
88,14:50:57,5.25,--,271,142275,卖盘
89,14:50:52,5.25,-0.01,10,5250,卖盘
90,14:50:47,5.26,0.01,24,12624,买盘
91,14:50:42,5.25,--,595,312375,卖盘
92,14:50:37,5.25,--,691,362775,卖盘
93,14:50:27,5.25,-0.01,140,73500,卖盘
94,14:50:17,5.26,--,651,342757,卖盘
95,14:50:12,5.26,0.01,1976,1039570,买盘
96,14:50:07,5.25,--,100,52500,卖盘
97,14:50:02,5.25,-0.01,147,77175,卖盘
98,14:49:57,5.26,0.01,135,71010,买盘
99,14:49:42,5.25,0.01,1046,549150,买盘
100,14:49:36,5.24,-0.02,2792,1463338,卖盘
101,14:49:31,5.26,0.01,353,185678,买盘
102,14:49:27,5.25,--,307,161175,卖盘
103,14:49:16,5.25,--,202,106050,卖盘
104,14:49:11,5.25,-0.01,255,133875,卖盘
105,14:49:01,5.26,0.01,358,188308,买盘
106,14:48:57,5.25,--,294,154350,卖盘
107,14:48:46,5.25,-0.01,50,26250,卖盘
108,14:48:41,5.26,0.01,20,10520,买盘
109,14:48:37,5.25,--,1212,636300,卖盘
110,14:48:31,5.25,-0.01,13,6825,卖盘
111,14:48:26,5.26,0.01,135,71010,买盘
112,14:48:21,5.25,--,40,21000,卖盘
113,14:48:16,5.25,--,512,268800,卖盘
114,14:48:11,5.25,-0.01,282,148050,卖盘
115,14:48:06,5.26,0.01,552,290352,买盘
116,14:48:01,5.25,-0.01,171,90100,卖盘
117,14:47:56,5.26,--,136,71536,买盘
118,14:47:46,5.26,0.01,8,4208,买盘
119,14:47:41,5.25,--,133,69825,卖盘
120,14:47:36,5.25,--,972,510300,卖盘
121,14:47:31,5.25,--,1000,525000,卖盘
122,14:47:25,5.25,-0.01,255,133875,卖盘
123,14:47:21,5.26,0.01,11,5786,买盘
124,14:47:16,5.25,--,134,70350,卖盘
125,14:47:11,5.25,-0.01,151,79275,卖盘
126,14:47:01,5.26,0.01,590,310340,买盘
127,14:46:56,5.25,--,196,102900,卖盘
128,14:46:41,5.25,--,126,66150,卖盘
129,14:46:36,5.25,--,1164,611598,卖盘
130,14:46:26,5.25,--,349,183225,卖盘
131,14:46:16,5.25,--,11,5775,卖盘
132,14:46:11,5.25,-0.01,57,29925,卖盘
133,14:46:01,5.26,--,791,416313,买盘
134,14:45:56,5.26,0.01,137,72062,买盘
135,14:45:51,5.25,--,1,525,卖盘
136,14:45:41,5.25,--,519,272475,卖盘
137,14:45:36,5.25,-0.01,593,311325,卖盘
138,14:45:31,5.26,--,14,7364,买盘
139,14:45:25,5.26,0.01,136,71536,买盘
140,14:45:16,5.25,-0.01,231,121275,卖盘
141,14:45:11,5.26,0.01,318,167268,买盘
142,14:45:01,5.25,-0.01,10,5250,卖盘
143,14:44:56,5.26,0.01,275,144650,买盘
144,14:44:51,5.25,-0.01,226,118650,卖盘
145,14:44:41,5.26,0.01,304,159904,买盘
146,14:44:35,5.25,--,765,401625,卖盘
147,14:44:25,5.25,--,255,133875,卖盘
148,14:44:21,5.25,--,11,5775,卖盘
149,14:44:16,5.25,-0.01,344,180894,卖盘
150,14:44:11,5.26,0.01,352,185152,买盘
151,14:44:00,5.25,--,100,52500,卖盘
152,14:43:56,5.25,--,272,142800,卖盘
153,14:43:51,5.25,-0.01,331,173937,卖盘
154,14:43:46,5.26,0.01,281,147806,买盘
155,14:43:41,5.25,--,522,274050,卖盘
156,14:43:36,5.25,-0.01,591,310275,卖盘
157,14:43:31,5.26,--,176,92933,买盘
158,14:43:26,5.26,0.01,149,78374,买盘
159,14:43:21,5.25,--,1616,848400,卖盘
160,14:43:11,5.25,--,402,211265,卖盘
161,14:43:06,5.25,--,11,5775,卖盘
162,14:43:01,5.25,--,107,56175,卖盘
163,14:42:56,5.25,--,554,291044,卖盘
164,14:42:40,5.25,--,84,44100,卖盘
165,14:42:35,5.25,-0.01,592,310800,卖盘
166,14:42:30,5.26,--,57,29982,买盘
167,14:42:25,5.26,0.01,135,71010,买盘
168,14:42:20,5.25,-0.01,13,6825,卖盘
169,14:42:15,5.26,0.01,75,39450,买盘
170,14:42:10,5.25,-0.01,46,24150,卖盘
171,14:42:00,5.26,--,33,17358,卖盘
172,14:41:55,5.26,--,136,71536,卖盘
173,14:41:40,5.26,0.01,319,167794,买盘
174,14:41:35,5.25,-0.01,642,337050,卖盘
175,14:41:25,5.26,-0.01,136,71536,买盘
176,14:41:20,5.27,0.01,3337,1758598,买盘
177,14:41:10,5.26,0.01,69,36294,买盘
178,14:41:05,5.25,-0.02,67,35175,卖盘
179,14:40:55,5.27,--,135,71145,买盘
180,14:40:50,5.27,0.02,394,207637,买盘
181,14:40:45,5.25,--,1,525,卖盘
182,14:40:40,5.25,--,0,0,卖盘
183,14:40:35,5.25,--,741,389025,卖盘
184,14:40:25,5.25,-0.01,180,94500,卖盘
185,14:40:20,5.26,0.01,292,153592,买盘
186,14:40:15,5.25,--,200,105000,卖盘
187,14:40:10,5.25,-0.01,45,23625,卖盘
188,14:40:05,5.26,--,3,1578,买盘
189,14:40:00,5.26,--,60,31560,买盘
190,14:39:55,5.26,0.01,146,76796,中性盘
191,14:39:50,5.25,-0.02,1,525,卖盘
192,14:39:45,5.27,0.02,339,178653,买盘
193,14:39:40,5.25,--,0,0,卖盘
194,14:39:35,5.25,-0.01,591,310275,卖盘
195,14:39:30,5.26,-0.01,250,131500,卖盘
196,14:39:25,5.27,0.01,140,73780,买盘
197,14:39:15,5.26,--,200,105200,卖盘
198,14:39:10,5.26,--,106,55756,卖盘
199,14:39:05,5.26,-0.01,276,145176,卖盘
200,14:38:55,5.27,0.01,265,139655,买盘
201,14:38:50,5.26,--,108,56808,卖盘
202,14:38:40,5.26,--,535,281410,卖盘
203,14:38:35,5.26,--,1275,670650,卖盘
204,14:38:25,5.26,--,160,84160,卖盘
205,14:38:19,5.26,-0.01,281,147806,卖盘
206,14:38:10,5.27,0.01,330,173910,买盘
207,14:38:05,5.26,0.01,1769,930494,买盘
208,14:37:55,5.25,--,310,162750,卖盘
209,14:37:49,5.25,-0.01,511,268275,卖盘
210,14:37:44,5.26,0.01,271,142546,买盘
211,14:37:34,5.25,--,851,446775,卖盘
212,14:37:30,5.25,--,8,4200,卖盘
213,14:37:25,5.25,--,122,64050,卖盘
214,14:37:09,5.25,--,56,29400,卖盘
215,14:37:04,5.25,-0.01,311,163275,卖盘
216,14:37:00,5.26,0.01,50,26300,买盘
217,14:36:55,5.25,--,195,102375,卖盘
218,14:36:50,5.25,-0.01,181,95025,卖盘
219,14:36:44,5.26,--,52,27352,买盘
220,14:36:39,5.26,-0.01,6,3156,中性盘
221,14:36:34,5.27,0.01,202,106469,买盘
222,14:36:15,5.26,--,172,90472,卖盘
223,14:36:09,5.26,-0.01,148,77848,卖盘
224,14:36:04,5.27,0.01,124,65347,买盘
225,14:35:59,5.26,0.01,1037,545972,买盘
226,14:35:54,5.25,-0.01,11,5775,卖盘
227,14:35:49,5.26,0.01,1,526,买盘
228,14:35:44,5.25,-0.01,137,71925,卖盘
229,14:35:39,5.26,--,18,9468,买盘
230,14:35:34,5.26,0.01,353,185678,买盘
231,14:35:14,5.25,--,99,51975,卖盘
232,14:35:09,5.25,-0.01,107,56175,卖盘
233,14:35:04,5.26,0.01,160,84160,买盘
234,14:34:58,5.25,-0.01,239,125475,卖盘
235,14:34:44,5.26,--,3518,1850468,买盘
236,14:34:34,5.26,0.01,223,117298,买盘
237,14:34:28,5.25,-0.01,255,133875,卖盘
238,14:34:24,5.26,0.01,1389,730614,买盘
239,14:34:19,5.25,--,100,52500,卖盘
240,14:34:14,5.25,--,22,11550,卖盘
241,14:34:09,5.25,-0.01,45,23625,卖盘
242,14:34:04,5.26,--,343,180418,买盘
243,14:33:58,5.26,--,17,8942,买盘
244,14:33:54,5.26,0.01,81,42606,买盘
245,14:33:49,5.25,--,105,55125,卖盘
246,14:33:44,5.25,-0.01,166,87150,卖盘
247,14:33:34,5.26,0.01,204,107304,买盘
248,14:33:28,5.25,--,239,125475,卖盘
249,14:33:13,5.25,--,0,194,卖盘
250,14:33:09,5.25,--,97,50925,卖盘
251,14:33:04,5.25,--,437,229425,卖盘
252,14:32:58,5.25,--,50,26250,卖盘
253,14:32:44,5.25,-0.01,179,93975,卖盘
254,14:32:39,5.26,--,11,5786,买盘
255,14:32:34,5.26,0.01,125,65750,买盘
256,14:32:28,5.25,--,120,63000,卖盘
257,14:32:24,5.25,--,3,1575,卖盘
258,14:32:14,5.25,--,164,86100,卖盘
259,14:32:09,5.25,--,46,24150,卖盘
260,14:32:04,5.25,-0.01,361,189525,卖盘
261,14:31:58,5.26,0.01,1401,736926,买盘
262,14:31:54,5.25,--,86,45150,卖盘
263,14:31:49,5.25,-0.01,107,56175,卖盘
264,14:31:44,5.26,0.01,171,89946,买盘
265,14:31:39,5.25,-0.01,3,1575,卖盘
266,14:31:34,5.26,--,144,75744,买盘
267,14:31:28,5.26,--,252,132552,买盘
268,14:31:24,5.26,--,176,92576,买盘
269,14:31:19,5.26,--,260,136760,买盘
270,14:31:13,5.26,0.01,310,163060,买盘
271,14:31:09,5.25,--,45,23625,卖盘
272,14:31:04,5.25,-0.01,327,171675,卖盘
273,14:30:58,5.26,0.01,100,52600,买盘
274,14:30:54,5.25,-0.01,787,413175,卖盘
275,14:30:49,5.26,0.01,82,43132,买盘
276,14:30:44,5.25,--,472,248319,卖盘
277,14:30:38,5.25,-0.01,2,1050,卖盘
278,14:30:34,5.26,0.01,195,102570,买盘
279,14:30:28,5.25,-0.01,305,160125,卖盘
280,14:30:24,5.26,0.01,1,526,买盘
281,14:30:19,5.25,--,102,53550,卖盘
282,14:30:13,5.25,--,87,45675,卖盘
283,14:30:08,5.25,--,46,24150,卖盘
284,14:30:03,5.25,--,127,66675,卖盘
285,14:29:58,5.25,--,157,82425,卖盘
286,14:29:54,5.25,-0.01,10,5250,卖盘
287,14:29:49,5.26,0.01,955,502330,买盘
288,14:29:43,5.25,-0.01,81,42897,卖盘
289,14:29:38,5.26,--,127,66802,买盘
290,14:29:33,5.26,--,390,205140,买盘
291,14:29:28,5.26,0.01,427,224602,买盘
292,14:29:23,5.25,0.01,128,67200,买盘
293,14:29:13,5.24,--,8,4192,卖盘
294,14:29:07,5.24,-0.01,281,147244,卖盘
295,14:29:03,5.25,--,81,42525,买盘
296,14:28:58,5.25,0.01,2,1050,买盘
297,14:28:52,5.24,--,3,1572,卖盘
298,14:28:43,5.24,-0.01,22,11528,卖盘
299,14:28:37,5.25,0.01,445,233625,买盘
300,14:28:33,5.24,-0.01,14,7336,卖盘
301,14:28:22,5.25,0.01,33,17325,买盘
302,14:28:18,5.24,--,117,61308,卖盘
303,14:28:13,5.24,--,30,15720,卖盘
304,14:28:07,5.24,-0.01,194,101656,卖盘
305,14:27:58,5.25,0.01,96,50400,买盘
306,14:27:52,5.24,--,481,252044,卖盘
307,14:27:48,5.24,-0.01,3,1572,卖盘
308,14:27:43,5.25,0.01,50,26250,买盘
309,14:27:37,5.24,-0.01,125,65500,卖盘
310,14:27:33,5.25,0.01,8,4200,买盘
311,14:27:22,5.24,--,14,7383,卖盘
312,14:27:13,5.24,-0.01,487,255188,卖盘
313,14:27:07,5.25,--,335,175875,卖盘
314,14:27:03,5.25,--,3,1575,卖盘
315,14:26:57,5.25,--,14,7350,卖盘
316,14:26:52,5.25,--,133,69825,卖盘
317,14:26:43,5.25,--,3,1575,卖盘
318,14:26:37,5.25,--,133,69825,卖盘
319,14:26:27,5.25,--,3,1575,卖盘
320,14:26:22,5.25,-0.01,495,259875,卖盘
321,14:26:18,5.26,0.01,80,42080,买盘
322,14:26:13,5.25,--,78,40950,卖盘
323,14:26:07,5.25,-0.01,417,218925,卖盘
324,14:26:03,5.26,0.01,90,47340,买盘
325,14:25:58,5.25,-0.01,68,35700,卖盘
326,14:25:52,5.26,0.01,84,44184,买盘
327,14:25:48,5.25,--,15,7875,卖盘
328,14:25:43,5.25,--,415,217875,卖盘
329,14:25:37,5.25,--,187,98175,卖盘
330,14:25:28,5.25,--,10,5250,卖盘
331,14:25:22,5.25,--,8,4200,卖盘
332,14:25:18,5.25,--,542,284550,卖盘
333,14:25:13,5.25,--,14,7350,卖盘
334,14:25:07,5.25,--,313,164325,卖盘
335,14:25:03,5.25,--,48,25200,卖盘
336,14:24:57,5.25,--,88,46200,卖盘
337,14:24:52,5.25,--,3,1575,卖盘
338,14:24:48,5.25,--,481,252525,卖盘
339,14:24:43,5.25,--,90,47250,卖盘
340,14:24:37,5.25,-0.01,189,99225,卖盘
341,14:24:28,5.26,0.01,3,1578,买盘
342,14:24:18,5.25,--,3,1575,卖盘
343,14:24:07,5.25,-0.01,194,101850,卖盘
344,14:24:03,5.26,0.01,3,1578,买盘
345,14:23:57,5.25,-0.01,213,111825,卖盘
346,14:23:52,5.26,0.01,2,1052,买盘
347,14:23:43,5.25,--,6,3150,卖盘
348,14:23:37,5.25,--,605,317625,卖盘
349,14:23:32,5.25,-0.01,79,41475,卖盘
350,14:23:22,5.26,0.01,15,7890,买盘
351,14:23:17,5.25,--,9,4725,卖盘
352,14:23:07,5.25,--,189,99225,卖盘
353,14:22:58,5.25,--,10,5250,卖盘
354,14:22:52,5.25,-0.01,24,12600,卖盘
355,14:22:37,5.26,0.01,124,65224,买盘
356,14:22:22,5.25,--,97,50925,卖盘
357,14:22:12,5.25,--,107,56175,卖盘
358,14:22:07,5.25,--,282,148050,卖盘
359,14:22:01,5.25,--,115,60375,卖盘
360,14:21:52,5.25,--,129,67725,卖盘
361,14:21:42,5.25,-0.01,1,525,卖盘
362,14:21:36,5.26,0.01,123,64698,买盘
363,14:21:27,5.25,--,222,116550,卖盘
364,14:21:21,5.25,-0.01,12,6300,卖盘
365,14:21:16,5.26,0.01,2,1052,买盘
366,14:21:06,5.25,--,170,89250,卖盘
367,14:20:57,5.25,--,89,46725,卖盘
368,14:20:46,5.25,-0.01,10,5250,卖盘
369,14:20:36,5.26,--,123,64698,买盘
370,14:20:21,5.26,0.01,12,6312,买盘
371,14:20:16,5.25,--,115,60375,卖盘
372,14:20:12,5.25,--,89,46725,卖盘
373,14:20:06,5.25,-0.01,174,91350,卖盘
374,14:20:01,5.26,0.01,8,4208,买盘
375,14:19:36,5.25,-0.01,134,70350,卖盘
376,14:19:31,5.26,0.01,2,1052,买盘
377,14:19:27,5.25,--,11,5775,卖盘
378,14:19:16,5.25,--,3,1575,卖盘
379,14:19:06,5.25,--,656,344400,卖盘
380,14:19:01,5.25,-0.01,46,24150,卖盘
381,14:18:46,5.26,0.02,60,31560,买盘
382,14:18:36,5.24,-0.01,124,64976,卖盘
383,14:18:31,5.25,0.01,14,7350,中性盘
384,14:18:27,5.24,--,118,61832,卖盘
385,14:18:21,5.24,--,0,0,卖盘
386,14:18:16,5.24,--,130,68120,卖盘
387,14:18:06,5.24,--,169,88556,卖盘
388,14:18:01,5.24,-0.01,664,347936,卖盘
389,14:17:57,5.25,--,124,65100,买盘
390,14:17:51,5.25,0.01,60,31500,买盘
391,14:17:46,5.24,-0.01,516,270384,卖盘
392,14:17:42,5.25,0.01,2,1050,卖盘
393,14:17:36,5.24,-0.01,274,143576,卖盘
394,14:17:31,5.25,0.01,1,525,卖盘
395,14:17:27,5.24,--,0,0,卖盘
396,14:17:21,5.24,-0.02,11,5764,卖盘
397,14:17:16,5.26,0.02,2454,1290804,买盘
398,14:17:06,5.24,--,169,88556,卖盘
399,14:17:01,5.24,--,130,68120,卖盘
400,14:16:51,5.24,-0.02,133,69692,卖盘
401,14:16:36,5.26,0.01,124,65224,买盘
402,14:16:31,5.25,0.01,55,28875,中性盘
403,14:16:16,5.24,--,52,27248,卖盘
404,14:16:11,5.24,--,0,0,卖盘
405,14:16:06,5.24,-0.01,184,96416,卖盘
406,14:16:01,5.25,--,4,2100,卖盘
407,14:15:56,5.25,-0.01,3,1575,卖盘
408,14:15:51,5.26,0.01,613,322438,买盘
409,14:15:46,5.25,--,2,1050,卖盘
410,14:15:41,5.25,--,15,7875,买盘
411,14:15:36,5.25,--,211,110775,卖盘
412,14:15:31,5.25,--,59,30975,卖盘
413,14:15:21,5.25,--,10,5250,卖盘
414,14:15:16,5.25,0.01,7,3675,卖盘
415,14:15:11,5.24,--,0,0,卖盘
416,14:15:06,5.24,--,169,88556,卖盘
417,14:15:01,5.24,-0.01,164,85936,卖盘
418,14:14:56,5.25,--,214,112350,卖盘
419,14:14:51,5.25,--,30,15750,卖盘
420,14:14:46,5.25,--,25,13125,买盘
421,14:14:40,5.25,--,88,46200,买盘
422,14:14:36,5.25,--,314,164850,买盘
423,14:14:31,5.25,--,193,101325,买盘
424,14:14:21,5.25,0.01,23,12075,买盘
425,14:14:06,5.24,-0.01,173,90652,卖盘
426,14:14:00,5.25,--,49,25725,买盘
427,14:13:51,5.25,-0.01,88,46200,卖盘
428,14:13:45,5.26,0.01,389,204614,买盘
429,14:13:36,5.25,0.01,179,93975,卖盘
430,14:13:30,5.24,-0.01,102,53448,卖盘
431,14:13:25,5.25,0.01,64,33600,卖盘
432,14:13:15,5.24,-0.01,115,60260,卖盘
433,14:13:10,5.25,0.01,803,421606,买盘
434,14:13:06,5.24,-0.01,315,165060,卖盘
435,14:12:45,5.25,--,247,129675,买盘
436,14:12:36,5.25,0.01,123,64575,买盘
437,14:12:30,5.24,--,20,10480,卖盘
438,14:12:25,5.24,--,107,56068,卖盘
439,14:12:15,5.24,--,14,7336,卖盘
440,14:12:10,5.24,-0.01,153,80172,卖盘
441,14:12:06,5.25,0.01,124,65100,买盘
442,14:12:00,5.24,--,107,56068,卖盘
443,14:11:55,5.24,--,100,52400,卖盘
444,14:11:51,5.24,--,123,64452,卖盘
445,14:11:40,5.24,--,30,15720,卖盘
446,14:11:36,5.24,-0.01,133,69692,卖盘
447,14:11:30,5.25,0.01,1038,544950,买盘
448,14:11:21,5.24,--,65,34060,卖盘
449,14:11:10,5.24,-0.01,111,58164,卖盘
450,14:11:06,5.25,0.01,123,64575,买盘
451,14:11:00,5.24,--,40,20960,卖盘
452,14:10:40,5.24,-0.01,35,18340,卖盘
453,14:10:36,5.25,--,124,65100,买盘
454,14:10:30,5.25,0.01,30,15750,买盘
455,14:10:25,5.24,--,704,368896,卖盘
456,14:10:21,5.24,--,31,16244,卖盘
457,14:10:15,5.24,-0.01,116,60784,卖盘
458,14:10:10,5.25,--,63,33075,买盘
459,14:10:06,5.25,0.01,123,64575,买盘
460,14:10:00,5.24,-0.01,32,16768,卖盘
461,14:09:55,5.25,--,203,106575,买盘
462,14:09:50,5.25,--,22,11550,买盘
463,14:09:45,5.25,--,290,152250,买盘
464,14:09:40,5.25,--,55,28875,买盘
465,14:09:35,5.25,--,124,65100,买盘
466,14:09:25,5.25,0.01,25,13125,买盘
467,14:09:10,5.24,-0.01,46,24104,卖盘
468,14:09:05,5.25,0.01,123,64575,买盘
469,14:09:00,5.24,-0.01,10,5240,卖盘
470,14:08:45,5.25,0.01,162,85050,买盘
471,14:08:35,5.24,--,134,70216,卖盘
472,14:08:25,5.24,--,616,322784,卖盘
473,14:08:20,5.24,--,11,5764,卖盘
474,14:08:15,5.24,--,5,2620,卖盘
475,14:08:10,5.24,--,46,24104,卖盘
476,14:08:05,5.24,-0.01,379,198596,卖盘
477,14:08:00,5.25,0.01,96,50893,买盘
478,14:07:40,5.24,-0.02,12,6288,卖盘
479,14:07:35,5.26,0.02,123,64698,买盘
480,14:07:25,5.24,-0.01,598,313818,卖盘
481,14:07:20,5.25,--,5,2625,买盘
482,14:07:15,5.25,0.01,9,4725,买盘
483,14:07:09,5.24,--,45,23580,卖盘
484,14:07:05,5.24,--,134,70216,卖盘
485,14:06:54,5.24,-0.01,238,124712,卖盘
486,14:06:45,5.25,-0.01,124,65100,卖盘
487,14:06:34,5.26,0.01,123,64698,买盘
488,14:06:30,5.25,--,61,32492,卖盘
489,14:06:24,5.25,--,39,20475,卖盘
490,14:06:19,5.25,--,200,105000,卖盘
491,14:06:09,5.25,-0.01,51,26775,卖盘
492,14:06:04,5.26,0.01,124,65224,买盘
493,14:06:00,5.25,--,56,29867,卖盘
494,14:05:49,5.25,--,22,11550,卖盘
495,14:05:45,5.25,--,10,5250,卖盘
496,14:05:39,5.25,-0.01,92,48300,卖盘
497,14:05:34,5.26,0.01,185,97310,买盘
498,14:05:24,5.25,--,56,29867,卖盘
499,14:05:19,5.25,-0.01,700,367500,卖盘
500,14:05:09,5.26,0.01,57,29982,买盘
501,14:05:04,5.25,--,241,126525,卖盘
502,14:05:00,5.25,--,56,29867,卖盘
503,14:04:49,5.25,--,4,2100,卖盘
504,14:04:45,5.25,-0.01,6,3318,卖盘
505,14:04:39,5.26,--,52,27352,买盘
506,14:04:34,5.26,0.01,123,64698,买盘
507,14:04:30,5.25,--,68,36167,卖盘
508,14:04:15,5.25,--,10,5250,卖盘
509,14:04:09,5.25,-0.01,45,23625,卖盘
510,14:04:04,5.26,0.01,123,64698,买盘
511,14:04:00,5.25,--,67,35642,卖盘
512,14:03:49,5.25,--,10,5250,卖盘
513,14:03:39,5.25,-0.01,2115,1110375,卖盘
514,14:03:34,5.26,0.01,529,278254,买盘
515,14:03:30,5.25,--,60,31967,卖盘
516,14:03:24,5.25,--,89,46725,卖盘
517,14:03:09,5.25,-0.01,56,29400,卖盘
518,14:03:04,5.26,0.01,123,64698,买盘
519,14:02:59,5.25,-0.01,56,29867,卖盘
520,14:02:44,5.26,--,10,5260,买盘
521,14:02:39,5.26,--,811,426586,买盘
522,14:02:34,5.26,0.01,124,65224,买盘
523,14:02:29,5.25,-0.01,67,35642,卖盘
524,14:02:24,5.26,0.01,1,526,买盘
525,14:02:19,5.25,--,12,6300,卖盘
526,14:02:14,5.25,-0.01,2,1050,卖盘
527,14:02:09,5.26,0.01,136,71536,买盘
528,14:02:04,5.25,--,248,130200,卖盘
529,14:01:59,5.25,-0.01,56,29867,卖盘
530,14:01:49,5.26,--,100,52600,买盘
531,14:01:39,5.26,--,1,526,买盘
532,14:01:34,5.26,0.01,144,75744,买盘
533,14:01:29,5.25,--,56,29867,卖盘
534,14:01:19,5.25,--,5,2625,卖盘
535,14:01:09,5.25,-0.01,56,29400,卖盘
536,14:01:04,5.26,0.01,123,64698,买盘
537,14:00:59,5.25,--,56,29867,卖盘
538,14:00:49,5.25,--,84,44100,卖盘
539,14:00:33,5.25,--,173,90825,卖盘
540,14:00:29,5.25,--,67,35642,卖盘
541,14:00:18,5.25,--,115,60375,卖盘
542,14:00:14,5.25,-0.01,14,7350,卖盘
543,14:00:09,5.26,0.01,149,78374,买盘
544,14:00:03,5.25,--,125,65625,卖盘
545,13:59:59,5.25,-0.01,56,29867,卖盘
546,13:59:48,5.26,--,10,5260,买盘
547,13:59:33,5.26,0.01,123,64698,买盘
548,13:59:29,5.25,--,56,29867,卖盘
549,13:59:18,5.25,--,101,53025,卖盘
550,13:59:09,5.25,-0.01,46,24150,卖盘
551,13:59:03,5.26,0.01,130,68380,买盘
552,13:58:54,5.25,--,76,40367,卖盘
553,13:58:38,5.25,-0.01,50,26250,卖盘
554,13:58:33,5.26,--,138,72588,买盘
555,13:58:28,5.26,0.01,2057,1082450,买盘
556,13:58:23,5.25,--,129,67725,卖盘
557,13:58:08,5.25,-0.01,45,23625,卖盘
558,13:58:03,5.26,0.01,129,67854,买盘
559,13:57:58,5.25,--,69,36692,卖盘
560,13:57:43,5.25,--,20,10500,卖盘
561,13:57:38,5.25,-0.01,10,5250,卖盘
562,13:57:33,5.26,0.01,123,64698,买盘
563,13:57:28,5.25,--,56,29867,卖盘
564,13:57:08,5.25,--,46,24150,卖盘
565,13:57:03,5.25,--,238,124950,卖盘
566,13:56:58,5.25,-0.01,56,29867,卖盘
567,13:56:48,5.26,--,86,45236,买盘
568,13:56:43,5.26,--,120,63120,买盘
569,13:56:33,5.26,0.01,124,65224,买盘
570,13:56:28,5.25,-0.01,156,82367,卖盘
571,13:56:18,5.26,--,1,526,买盘
572,13:56:13,5.26,0.01,174,91524,买盘
573,13:56:08,5.25,-0.01,46,24150,卖盘
574,13:56:03,5.26,0.01,123,64698,买盘
575,13:55:58,5.25,--,838,440417,卖盘
576,13:55:43,5.25,-0.01,8,4200,卖盘
577,13:55:33,5.26,0.01,124,65224,买盘
578,13:55:28,5.25,-0.01,56,29867,卖盘
579,13:55:23,5.26,0.01,11,5786,买盘
580,13:55:08,5.25,-0.01,45,23625,卖盘
581,13:55:03,5.26,0.01,123,64698,买盘
582,13:54:58,5.25,-0.01,56,29867,卖盘
583,13:54:53,5.26,0.01,232,122032,买盘
584,13:54:48,5.25,--,124,65100,卖盘
585,13:54:43,5.25,--,127,66675,卖盘
586,13:54:38,5.25,-0.01,107,56175,卖盘
587,13:54:33,5.26,0.01,124,65224,买盘
588,13:54:28,5.25,-0.01,56,29867,卖盘
589,13:54:18,5.26,0.01,80,42080,买盘
590,13:54:13,5.25,-0.01,28,14700,卖盘
591,13:54:08,5.26,--,47,24722,买盘
592,13:54:03,5.26,0.01,159,83634,买盘
593,13:53:58,5.25,--,56,29867,卖盘
594,13:53:53,5.25,-0.01,401,210525,卖盘
595,13:53:33,5.26,0.01,124,65224,买盘
596,13:53:28,5.25,--,166,87617,卖盘
597,13:53:23,5.25,--,9,4725,卖盘
598,13:53:18,5.25,--,20,10500,卖盘
599,13:53:12,5.25,--,368,193200,卖盘
600,13:53:08,5.25,--,46,24150,卖盘
601,13:53:03,5.25,--,220,115500,卖盘
602,13:52:57,5.25,--,65,34592,卖盘
603,13:52:38,5.25,-0.01,1,525,卖盘
604,13:52:33,5.26,0.01,143,75218,买盘
605,13:52:27,5.25,--,258,135917,卖盘
606,13:52:18,5.25,--,18,9450,卖盘
607,13:52:08,5.25,-0.01,45,23625,卖盘
608,13:52:03,5.26,0.01,124,65224,买盘
609,13:51:53,5.25,--,10,5250,卖盘
610,13:51:42,5.25,-0.01,401,210525,卖盘
611,13:51:38,5.26,--,311,163586,买盘
612,13:51:33,5.26,--,124,65224,买盘
613,13:51:27,5.26,0.01,16,8416,买盘
614,13:51:07,5.25,-0.01,46,24150,卖盘
615,13:51:03,5.26,0.01,224,117824,买盘
616,13:50:57,5.25,--,10,5250,卖盘
617,13:50:52,5.25,-0.01,1,525,卖盘
618,13:50:37,5.26,0.01,123,64698,买盘
619,13:50:27,5.25,--,30,15750,卖盘
620,13:50:22,5.25,--,452,237300,卖盘
621,13:50:12,5.25,--,400,210000,卖盘
622,13:50:07,5.25,--,277,145425,卖盘
623,13:50:02,5.25,-0.01,250,131250,卖盘
624,13:49:57,5.26,0.01,183,96258,买盘
625,13:49:42,5.25,-0.01,222,116550,卖盘
626,13:49:37,5.26,0.01,141,74166,买盘
627,13:49:22,5.25,-0.01,690,362250,卖盘
628,13:49:12,5.26,0.01,117,61542,买盘
629,13:49:07,5.25,-0.01,680,357000,卖盘
630,13:48:57,5.26,--,6,3156,买盘
631,13:48:52,5.26,0.01,382,200932,买盘
632,13:48:37,5.25,-0.01,168,88410,卖盘
633,13:48:32,5.26,0.01,110,57860,买盘
634,13:48:27,5.25,--,363,190575,卖盘
635,13:48:12,5.25,--,9,4725,卖盘
636,13:48:07,5.25,--,224,117799,卖盘
637,13:47:57,5.25,-0.01,124,65100,卖盘
638,13:47:42,5.26,0.01,923,485498,买盘
639,13:47:37,5.25,--,618,324649,卖盘
640,13:47:32,5.25,--,41,21525,卖盘
641,13:47:22,5.25,--,144,75600,卖盘
642,13:47:17,5.25,--,130,68250,卖盘
643,13:47:07,5.25,-0.01,213,112024,卖盘
644,13:46:57,5.26,--,17,8942,买盘
645,13:46:52,5.26,0.01,187,98362,买盘
646,13:46:42,5.25,--,26,13650,卖盘
647,13:46:37,5.25,-0.01,168,88399,卖盘
648,13:46:21,5.26,0.01,68,35768,买盘
649,13:46:17,5.25,-0.01,20,10500,卖盘
650,13:46:12,5.26,0.01,597,314022,买盘
651,13:46:06,5.25,-0.01,272,142999,卖盘
652,13:46:02,5.26,--,30,15780,买盘
653,13:45:51,5.26,0.01,336,176736,买盘
654,13:45:36,5.25,--,167,87874,卖盘
655,13:45:27,5.25,-0.01,661,347025,卖盘
656,13:45:17,5.26,--,14,7364,买盘
657,13:45:12,5.26,0.01,14,7364,买盘
658,13:45:06,5.25,-0.01,214,112549,卖盘
659,13:44:51,5.26,0.01,80,42080,买盘
660,13:44:36,5.25,-0.01,167,87874,卖盘
661,13:44:12,5.26,0.01,22,11572,买盘
662,13:44:06,5.25,-0.01,229,120424,卖盘
663,13:44:01,5.26,0.01,35,18410,买盘
664,13:43:51,5.25,-0.01,40,21000,卖盘
665,13:43:47,5.26,0.01,110,57860,买盘
666,13:43:42,5.25,--,10,5250,卖盘
667,13:43:36,5.25,-0.01,167,87874,卖盘
668,13:43:27,5.26,--,10,5260,买盘
669,13:43:21,5.26,0.01,188,98888,买盘
670,13:43:16,5.25,--,370,194250,卖盘
671,13:43:06,5.25,-0.01,233,122524,卖盘
672,13:42:51,5.26,--,1,526,买盘
673,13:42:46,5.26,--,328,172528,买盘
674,13:42:42,5.26,--,50,26300,买盘
675,13:42:36,5.26,--,176,92775,买盘
676,13:42:26,5.26,--,21,11046,买盘
677,13:42:21,5.26,0.01,10,5260,买盘
678,13:42:16,5.25,--,27,14175,卖盘
679,13:42:06,5.25,-0.01,213,112024,卖盘
680,13:42:01,5.26,0.01,1,526,买盘
681,13:41:46,5.25,--,10,5250,卖盘
682,13:41:36,5.25,-0.01,168,88399,卖盘
683,13:41:21,5.26,0.01,3,1578,买盘
684,13:41:16,5.25,-0.01,50,26250,卖盘
685,13:41:06,5.26,--,272,143271,买盘
686,13:41:01,5.26,0.01,43,22618,买盘
687,13:40:51,5.25,-0.01,119,62475,卖盘
688,13:40:46,5.26,--,1829,962380,卖盘
689,13:40:41,5.26,--,100,52600,卖盘
690,13:40:36,5.26,--,258,135907,卖盘
691,13:40:21,5.26,0.01,41,21566,买盘
692,13:40:16,5.25,-0.02,332,174300,卖盘
693,13:40:06,5.27,0.02,886,467122,买盘
694,13:40:01,5.25,--,328,172200,卖盘
695,13:39:56,5.25,--,361,189525,卖盘
696,13:39:36,5.25,-0.01,176,92599,卖盘
697,13:39:31,5.26,--,80,42080,买盘
698,13:39:26,5.26,0.01,6,3156,买盘
699,13:39:16,5.25,--,115,60375,卖盘
700,13:39:06,5.25,-0.01,169,88725,卖盘
701,13:39:01,5.26,--,87,45762,卖盘
702,13:38:56,5.26,--,4,2104,买盘
703,13:38:51,5.26,0.01,16,8416,买盘
704,13:38:45,5.25,-0.02,91,47775,卖盘
705,13:38:41,5.27,0.01,1051,553877,买盘
706,13:38:36,5.26,--,131,68906,买盘
707,13:38:15,5.26,0.01,20,10520,买盘
708,13:38:11,5.25,--,144,75600,卖盘
709,13:38:06,5.25,--,170,89250,卖盘
710,13:38:00,5.25,-0.01,178,93450,卖盘
711,13:37:51,5.26,--,210,110460,卖盘
712,13:37:45,5.26,-0.01,124,65224,卖盘
713,13:37:36,5.27,0.01,157,82739,买盘
714,13:37:30,5.26,0.01,187,98362,卖盘
715,13:37:21,5.25,-0.01,245,128625,卖盘
716,13:37:15,5.26,--,1,526,卖盘
717,13:37:11,5.26,-0.01,18,9468,卖盘
718,13:37:06,5.27,0.01,547,288269,买盘
719,13:36:45,5.26,--,1,578,卖盘
720,13:36:41,5.26,--,141,74281,买盘
721,13:36:36,5.26,--,223,117298,买盘
722,13:36:30,5.26,--,293,154118,买盘
723,13:36:26,5.26,0.01,1,526,买盘
724,13:36:21,5.25,-0.01,24,12600,卖盘
725,13:36:15,5.26,--,323,169898,买盘
726,13:36:11,5.26,--,1,526,买盘
727,13:36:06,5.26,0.01,448,235648,买盘
728,13:36:00,5.25,-0.01,66,34650,卖盘
729,13:35:56,5.26,0.01,202,106252,买盘
730,13:35:50,5.25,-0.01,447,234675,卖盘
731,13:35:45,5.26,--,176,92576,买盘
732,13:35:36,5.26,--,128,67328,买盘
733,13:35:30,5.26,0.01,64,33664,买盘
734,13:35:21,5.25,-0.01,22,11550,卖盘
735,13:35:15,5.26,0.01,193,101518,买盘
736,13:35:10,5.25,--,1,525,卖盘
737,13:35:05,5.25,-0.01,1241,651525,卖盘
738,13:35:00,5.26,--,27,14202,买盘
739,13:34:45,5.26,0.01,217,114142,买盘
740,13:34:35,5.25,-0.01,191,100275,卖盘
741,13:34:30,5.26,0.01,5,2630,买盘
742,13:34:25,5.25,-0.01,389,204225,卖盘
743,13:34:15,5.26,--,2,1052,买盘
744,13:34:10,5.26,--,46,24196,买盘
745,13:34:05,5.26,--,123,64698,买盘
746,13:34:00,5.26,--,8,4208,买盘
747,13:33:55,5.26,--,598,314548,买盘
748,13:33:35,5.26,--,124,65224,买盘
749,13:33:25,5.26,0.01,30,15780,买盘
750,13:33:20,5.25,--,201,105525,卖盘
751,13:33:15,5.25,--,5,2625,卖盘
752,13:33:10,5.25,-0.01,46,24150,卖盘
753,13:33:05,5.26,--,123,64698,买盘
754,13:32:55,5.26,--,100,52600,买盘
755,13:32:50,5.26,--,20,10520,买盘
756,13:32:45,5.26,--,88,46288,买盘
757,13:32:40,5.26,--,52,27352,买盘
758,13:32:35,5.26,0.01,125,65750,买盘
759,13:32:29,5.25,--,27,14175,卖盘
760,13:32:24,5.25,-0.01,200,105000,卖盘
761,13:32:20,5.26,0.01,54,28404,买盘
762,13:32:15,5.25,-0.01,36,18900,卖盘
763,13:32:09,5.26,--,363,191022,买盘
764,13:32:05,5.26,--,123,64698,买盘
765,13:31:59,5.26,--,80,42080,买盘
766,13:31:54,5.26,0.01,500,263000,买盘
767,13:31:50,5.25,-0.01,270,141750,卖盘
768,13:31:45,5.26,0.01,163,85738,买盘
769,13:31:39,5.25,-0.01,64,33684,卖盘
770,13:31:34,5.26,0.01,123,64698,买盘
771,13:31:20,5.25,--,160,84000,卖盘
772,13:31:09,5.25,-0.01,104,54684,卖盘
773,13:31:05,5.26,0.01,124,65224,买盘
774,13:30:54,5.25,--,359,188475,卖盘
775,13:30:44,5.25,--,14,7350,卖盘
776,13:30:39,5.25,-0.01,59,31059,卖盘
777,13:30:35,5.26,0.01,123,64698,买盘
778,13:30:14,5.25,--,8,4200,卖盘
779,13:30:09,5.25,--,340,178584,卖盘
780,13:30:05,5.25,--,337,176925,卖盘
781,13:30:00,5.25,--,37,19425,卖盘
782,13:29:44,5.25,--,361,189525,卖盘
783,13:29:39,5.25,-0.01,59,31059,卖盘
784,13:29:35,5.26,0.01,123,64698,买盘
785,13:29:19,5.25,--,50,26250,卖盘
786,13:29:14,5.25,--,200,105000,卖盘
787,13:29:09,5.25,-0.01,105,55209,卖盘
788,13:29:04,5.26,0.01,134,70484,买盘
789,13:28:54,5.25,-0.01,456,239400,卖盘
790,13:28:44,5.26,--,1,526,买盘
791,13:28:39,5.26,--,251,132110,买盘
792,13:28:35,5.26,0.01,123,64698,买盘
793,13:28:09,5.25,-0.01,116,60984,买盘
794,13:28:04,5.26,0.02,123,64698,买盘
795,13:27:54,5.24,--,100,52400,卖盘
796,13:27:49,5.24,-0.02,35,18340,卖盘
797,13:27:44,5.26,0.01,18,9468,买盘
798,13:27:39,5.25,--,159,83559,卖盘
799,13:27:34,5.25,--,131,68775,卖盘
800,13:27:29,5.25,-0.01,43,22575,卖盘
801,13:27:24,5.26,0.01,2152,1132167,买盘
802,13:27:19,5.25,--,50,26250,买盘
803,13:27:14,5.25,0.01,9,4725,买盘
804,13:27:09,5.24,-0.02,3206,1680337,卖盘
805,13:27:04,5.26,--,123,64698,买盘
806,13:26:54,5.26,--,37,19462,买盘
807,13:26:49,5.26,0.01,7,3682,买盘
808,13:26:39,5.25,-0.01,59,31059,卖盘
809,13:26:34,5.26,0.01,160,84160,买盘
810,13:26:19,5.25,--,40,21000,卖盘
811,13:26:09,5.25,-0.01,105,55209,卖盘
812,13:26:04,5.26,0.01,123,64698,买盘
813,13:25:54,5.25,--,192,100800,卖盘
814,13:25:38,5.25,-0.01,109,57309,卖盘
815,13:25:34,5.26,0.01,268,140968,买盘
816,13:25:18,5.25,-0.01,30,15750,卖盘
817,13:25:08,5.26,--,132,69516,买盘
818,13:25:03,5.26,--,133,69958,买盘
819,13:24:53,5.26,0.01,334,175684,买盘
820,13:24:38,5.25,-0.01,50,26250,卖盘
821,13:24:33,5.26,0.01,124,65224,买盘
822,13:24:23,5.25,--,304,159600,卖盘
823,13:24:18,5.25,-0.01,83,43575,卖盘
824,13:24:14,5.26,--,1,526,买盘
825,13:24:08,5.26,--,93,49186,买盘
826,13:24:03,5.26,--,123,64698,买盘
827,13:23:59,5.26,0.01,2,1052,买盘
828,13:23:53,5.25,--,90,47250,卖盘
829,13:23:48,5.25,-0.01,124,65399,卖盘
830,13:23:43,5.26,--,248,130448,买盘
831,13:23:33,5.26,0.01,123,64698,买盘
832,13:23:18,5.25,--,71,37542,卖盘
833,13:23:08,5.25,-0.01,215,112875,卖盘
834,13:23:03,5.26,0.01,124,65224,买盘
835,13:22:48,5.25,-0.01,124,65367,卖盘
836,13:22:38,5.26,0.01,194,102044,买盘
837,13:22:33,5.25,-0.01,214,112350,卖盘
838,13:22:28,5.26,0.01,5,2630,买盘
839,13:22:23,5.25,--,48,25200,卖盘
840,13:22:18,5.25,--,45,23892,卖盘
841,13:22:08,5.25,-0.01,45,23625,卖盘
842,13:22:03,5.26,0.01,144,75744,买盘
843,13:21:58,5.25,0.01,43,22575,买盘
844,13:21:48,5.24,-0.01,136,71531,卖盘
845,13:21:43,5.25,--,124,65100,买盘
846,13:21:38,5.25,--,324,170100,买盘
847,13:21:33,5.25,0.01,193,101325,买盘
848,13:21:23,5.24,--,138,72312,卖盘
849,13:21:18,5.24,--,50,26467,卖盘
850,13:21:08,5.24,-0.01,46,24104,卖盘
851,13:21:03,5.25,--,124,65100,买盘
852,13:20:53,5.25,0.01,29,15225,买盘
853,13:20:48,5.24,-0.01,45,23847,卖盘
854,13:20:38,5.25,--,6,3150,买盘
855,13:20:33,5.25,--,123,64575,买盘
856,13:20:18,5.25,0.01,293,154092,买盘
857,13:20:08,5.24,-0.01,107,56068,卖盘
858,13:20:03,5.25,0.01,123,64575,买盘
859,13:19:48,5.24,-0.01,45,23847,卖盘
860,13:19:33,5.25,--,124,65100,买盘
861,13:19:23,5.25,0.01,20,10500,买盘
862,13:19:18,5.24,-0.01,47,24895,卖盘
863,13:19:13,5.25,0.01,202,106050,买盘
864,13:19:08,5.24,-0.01,45,23580,卖盘
865,13:19:03,5.25,0.01,133,69825,买盘
866,13:18:48,5.24,-0.02,83,43759,卖盘
867,13:18:38,5.26,0.01,313,164638,买盘
868,13:18:32,5.25,--,124,65100,买盘
869,13:18:23,5.25,0.01,2,1050,买盘
870,13:18:17,5.24,--,45,23847,卖盘
871,13:18:08,5.24,-0.01,46,24104,卖盘
872,13:18:02,5.25,--,135,70875,买盘
873,13:17:57,5.25,0.01,1,525,买盘
874,13:17:53,5.24,--,19,9956,卖盘
875,13:17:47,5.24,-0.01,45,23847,卖盘
876,13:17:32,5.25,--,174,91350,买盘
877,13:17:27,5.25,0.01,2,1050,买盘
878,13:17:17,5.24,--,50,26467,卖盘
879,13:17:12,5.24,--,5,2620,卖盘
880,13:17:07,5.24,-0.01,46,24104,卖盘
881,13:17:02,5.25,--,123,64575,买盘
882,13:16:57,5.25,--,5,2625,买盘
883,13:16:47,5.25,--,118,62217,买盘
884,13:16:32,5.25,--,123,64575,买盘
885,13:16:27,5.25,-0.01,9,5239,卖盘
886,13:16:23,5.26,0.01,142,74692,买盘
887,13:16:17,5.25,--,45,23903,买盘
888,13:16:12,5.25,0.01,507,266175,买盘
889,13:16:08,5.24,-0.01,45,23580,卖盘
890,13:16:02,5.25,--,272,142800,买盘
891,13:15:47,5.25,-0.01,481,252782,卖盘
892,13:15:32,5.26,0.01,493,259318,买盘
893,13:15:27,5.25,--,103,54075,卖盘
894,13:15:17,5.25,--,516,271167,卖盘
895,13:15:12,5.25,--,274,143850,卖盘
896,13:15:07,5.25,-0.01,46,24150,卖盘
897,13:15:02,5.26,0.01,154,81004,买盘
898,13:14:47,5.25,-0.01,56,29400,卖盘
899,13:14:37,5.26,--,124,65224,买盘
900,13:14:32,5.26,--,264,138864,买盘
901,13:14:17,5.26,--,510,268260,买盘
902,13:14:07,5.26,--,61,32086,买盘
903,13:14:02,5.26,--,124,65224,买盘
904,13:13:47,5.26,0.01,2,1052,买盘
905,13:13:42,5.25,-0.01,18,9450,卖盘
906,13:13:32,5.26,0.01,314,165164,买盘
907,13:13:27,5.25,--,291,152790,卖盘
908,13:13:07,5.25,-0.01,45,23625,卖盘
909,13:13:02,5.26,0.01,143,75218,买盘
910,13:12:57,5.25,--,50,26250,卖盘
911,13:12:52,5.25,--,200,105000,卖盘
912,13:12:47,5.25,-0.01,109,57225,卖盘
913,13:12:42,5.26,0.01,250,131500,买盘
914,13:12:37,5.25,--,9,4725,卖盘
915,13:12:32,5.25,--,599,314475,卖盘
916,13:12:27,5.25,-0.01,325,170625,卖盘
917,13:12:22,5.26,--,1,526,买盘
918,13:12:17,5.26,0.01,1141,600166,买盘
919,13:12:12,5.25,--,300,157500,卖盘
920,13:12:07,5.25,-0.01,169,88725,卖盘
921,13:11:52,5.26,--,500,263000,买盘
922,13:11:41,5.26,--,3,1578,买盘
923,13:11:37,5.26,0.01,124,65224,买盘
924,13:11:11,5.25,--,380,199500,卖盘
925,13:11:06,5.25,--,222,116550,卖盘
926,13:10:56,5.25,-0.01,5,2625,卖盘
927,13:10:51,5.26,--,262,137812,买盘
928,13:10:41,5.26,0.01,291,153066,买盘
929,13:10:36,5.25,--,125,65625,卖盘
930,13:10:26,5.25,--,46,24150,卖盘
931,13:10:11,5.25,--,126,66150,卖盘
932,13:10:06,5.25,--,168,88200,卖盘
933,13:10:02,5.25,-0.01,30,15750,卖盘
934,13:09:56,5.26,0.01,345,181470,买盘
935,13:09:36,5.25,--,181,95025,卖盘
936,13:09:26,5.25,-0.01,20,10500,卖盘
937,13:09:21,5.26,--,48,25248,买盘
938,13:09:16,5.26,0.01,60,31560,买盘
939,13:09:06,5.25,-0.01,180,94500,卖盘
940,13:08:36,5.26,--,123,64698,买盘
941,13:08:31,5.26,--,30,15780,买盘
942,13:08:26,5.26,--,30,15780,买盘
943,13:08:11,5.26,--,36,18936,买盘
944,13:08:06,5.26,--,1170,615420,买盘
945,13:07:56,5.26,0.01,12,6312,买盘
946,13:07:41,5.25,--,20,10500,卖盘
947,13:07:36,5.25,-0.01,153,80325,卖盘
948,13:07:26,5.26,--,202,106252,买盘
949,13:07:21,5.26,0.01,70,36820,买盘
950,13:07:06,5.25,-0.01,169,88725,卖盘
951,13:07:01,5.26,--,4,2104,买盘
952,13:06:51,5.26,--,8,4208,买盘
953,13:06:46,5.26,--,2,1052,买盘
954,13:06:41,5.26,0.01,1,526,买盘
955,13:06:36,5.25,-0.01,489,256725,卖盘
956,13:06:26,5.26,0.01,313,164638,买盘
957,13:06:21,5.25,--,3,1575,卖盘
958,13:06:06,5.25,--,175,91875,卖盘
959,13:05:56,5.25,-0.01,1,525,卖盘
960,13:05:41,5.26,0.01,40,21040,买盘
961,13:05:36,5.25,-0.01,302,158550,卖盘
962,13:05:26,5.26,0.01,5,2630,买盘
963,13:05:21,5.25,--,10,5250,卖盘
964,13:05:06,5.25,--,337,176925,卖盘
965,13:04:56,5.25,--,478,250950,卖盘
966,13:04:51,5.25,-0.01,200,105000,卖盘
967,13:04:46,5.26,--,50,26300,买盘
968,13:04:35,5.26,--,124,65224,买盘
969,13:04:26,5.26,--,2,1052,买盘
970,13:04:20,5.26,0.01,8,4208,买盘
971,13:04:15,5.25,--,178,93450,卖盘
972,13:04:05,5.25,-0.01,173,90825,卖盘
973,13:04:00,5.26,--,48,25248,买盘
974,13:03:50,5.26,--,5,2630,买盘
975,13:03:35,5.26,0.01,158,83108,买盘
976,13:03:30,5.25,--,526,276150,卖盘
977,13:03:10,5.25,--,8,4200,卖盘
978,13:03:05,5.25,--,223,117075,卖盘
979,13:03:00,5.25,-0.01,178,93450,卖盘
980,13:02:45,5.26,--,4,2104,买盘
981,13:02:35,5.26,0.01,126,66276,买盘
982,13:02:30,5.25,--,110,57750,卖盘
983,13:02:05,5.25,-0.01,303,159075,卖盘
984,13:01:55,5.26,--,38,19988,买盘
985,13:01:45,5.26,--,7,3682,买盘
986,13:01:35,5.26,--,323,169898,买盘
987,13:01:25,5.26,--,27,14202,买盘
988,13:01:15,5.26,0.01,147,77322,买盘
989,13:01:05,5.25,-0.01,169,88725,卖盘
990,13:00:50,5.26,--,2,1052,买盘
991,13:00:35,5.26,0.01,279,146754,买盘
992,13:00:05,5.25,--,2459,1290975,买盘
993,11:30:00,5.25,--,0,0,买盘
994,11:29:59,5.25,--,173,90825,买盘
995,11:29:54,5.25,--,370,194250,买盘
996,11:29:51,5.25,0.01,63,33075,买盘
997,11:29:45,5.24,-0.01,253,132572,卖盘
998,11:29:35,5.25,--,212,111300,买盘
999,11:29:30,5.25,--,303,159075,买盘
1000,11:29:24,5.25,0.01,34,17850,买盘
1001,11:29:20,5.24,-0.01,28,14672,卖盘
1002,11:29:15,5.25,--,42,22050,买盘
1003,11:29:09,5.25,--,376,197400,买盘
1004,11:29:05,5.25,--,134,70350,买盘
1005,11:29:00,5.25,0.01,338,177450,买盘
1006,11:28:50,5.24,-0.01,28,14672,卖盘
1007,11:28:30,5.25,--,123,64575,买盘
1008,11:28:24,5.25,0.01,53,27825,买盘
1009,11:28:20,5.24,-0.01,27,14148,卖盘
1010,11:28:09,5.25,--,216,113400,买盘
1011,11:28:05,5.25,0.01,189,99225,买盘
1012,11:28:00,5.24,--,134,70216,卖盘
1013,11:27:50,5.24,-0.01,31,16244,卖盘
1014,11:27:45,5.25,--,80,42000,买盘
1015,11:27:30,5.25,0.01,123,64575,买盘
1016,11:27:24,5.24,--,254,133096,卖盘
1017,11:27:20,5.24,-0.01,28,14672,卖盘
1018,11:27:15,5.25,--,127,66675,买盘
1019,11:27:09,5.25,0.01,391,205275,买盘
1020,11:27:05,5.24,-0.01,46,24104,卖盘
1021,11:27:00,5.25,0.01,124,65100,买盘
1022,11:26:50,5.24,-0.01,28,14672,卖盘
1023,11:26:30,5.25,--,123,64575,买盘
1024,11:26:24,5.25,0.01,1,525,买盘
1025,11:26:20,5.24,-0.01,28,14672,卖盘
1026,11:26:15,5.25,0.01,7,3675,买盘
1027,11:26:05,5.24,-0.01,46,24104,卖盘
1028,11:26:00,5.25,0.01,124,65100,买盘
1029,11:25:54,5.24,--,5,2620,卖盘
1030,11:25:50,5.24,--,38,19912,卖盘
1031,11:25:39,5.24,-0.01,58,30392,卖盘
1032,11:25:30,5.25,0.01,123,64575,买盘
1033,11:25:20,5.24,-0.01,28,14672,卖盘
1034,11:25:15,5.25,--,100,52500,买盘
1035,11:25:09,5.25,0.01,1,525,买盘
1036,11:25:05,5.24,-0.01,45,23580,卖盘
1037,11:25:00,5.25,0.01,148,77700,买盘
1038,11:24:50,5.24,-0.01,28,14672,卖盘
1039,11:24:39,5.25,--,177,92925,买盘
1040,11:24:30,5.25,0.01,124,65100,买盘
1041,11:24:20,5.24,-0.01,28,14672,卖盘
1042,11:24:09,5.25,0.01,80,42000,买盘
1043,11:24:05,5.24,-0.01,223,116852,卖盘
1044,11:23:59,5.25,--,203,106575,买盘
1045,11:23:54,5.25,0.01,80,42000,买盘
1046,11:23:50,5.24,-0.01,28,14672,卖盘
1047,11:23:39,5.25,--,335,175875,买盘
1048,11:23:33,5.25,--,54,28350,买盘
1049,11:23:29,5.25,0.01,124,65100,买盘
1050,11:23:18,5.24,-0.01,135,70740,卖盘
1051,11:23:14,5.25,--,27,14175,买盘
1052,11:23:09,5.25,0.01,204,107100,买盘
1053,11:23:03,5.24,-0.01,297,155628,中性盘
1054,11:22:59,5.25,--,338,177450,买盘
1055,11:22:54,5.25,--,199,104475,买盘
1056,11:22:48,5.25,0.01,109,57225,买盘
1057,11:22:44,5.24,0.01,27,14148,买盘
1058,11:22:39,5.23,-0.01,271,141733,卖盘
1059,11:22:33,5.24,--,20,10480,买盘
1060,11:22:29,5.24,--,124,64976,买盘
1061,11:22:24,5.24,0.01,73,38252,买盘
1062,11:22:18,5.23,--,28,14644,卖盘
1063,11:22:03,5.23,-0.01,45,23535,卖盘
1064,11:21:59,5.24,0.01,123,64452,买盘
1065,11:21:54,5.23,--,25,13075,卖盘
1066,11:21:48,5.23,-0.01,28,14644,卖盘
1067,11:21:29,5.24,--,123,64452,买盘
1068,11:21:24,5.24,0.01,212,111088,买盘
1069,11:21:18,5.23,--,27,14121,卖盘
1070,11:21:14,5.23,--,0,0,卖盘
1071,11:21:03,5.23,-0.02,46,24058,卖盘
1072,11:20:59,5.25,--,124,65100,买盘
1073,11:20:54,5.25,0.02,350,183750,买盘
1074,11:20:48,5.23,-0.02,28,14644,卖盘
1075,11:20:44,5.25,--,1,525,买盘
1076,11:20:29,5.25,0.02,123,64575,买盘
1077,11:20:24,5.23,-0.01,40,20920,卖盘
1078,11:20:18,5.24,--,28,14672,卖盘
1079,11:20:09,5.24,--,96,50304,中性盘
1080,11:20:03,5.24,--,317,166108,买盘
1081,11:19:59,5.24,0.01,124,64976,买盘
1082,11:19:54,5.23,--,50,26150,卖盘
1083,11:19:48,5.23,-0.01,94,49162,卖盘
1084,11:19:29,5.24,0.01,123,64452,买盘
1085,11:19:18,5.23,--,28,14644,卖盘
1086,11:19:14,5.23,--,100,52300,卖盘
1087,11:19:09,5.23,-0.01,45,23535,卖盘
1088,11:19:03,5.24,--,124,64976,买盘
1089,11:18:59,5.24,--,124,64976,买盘
1090,11:18:54,5.24,0.01,173,90652,买盘
1091,11:18:48,5.23,-0.01,48,25104,卖盘
1092,11:18:29,5.24,0.01,123,64452,买盘
1093,11:18:18,5.23,--,41,21443,卖盘
1094,11:18:09,5.23,-0.01,46,24058,卖盘
1095,11:17:59,5.24,0.01,158,82792,买盘
1096,11:17:48,5.23,-0.02,28,14644,卖盘
1097,11:17:44,5.25,0.01,339,177975,买盘
1098,11:17:33,5.24,-0.01,4,2096,中性盘
1099,11:17:29,5.25,0.01,142,74550,买盘
1100,11:17:18,5.24,--,48,25152,卖盘
1101,11:17:14,5.24,--,100,52400,卖盘
1102,11:17:08,5.24,-0.01,119,62356,中性盘
1103,11:16:59,5.25,0.01,123,64575,买盘
1104,11:16:53,5.24,0.01,28,14672,买盘
1105,11:16:48,5.23,--,28,14644,卖盘
1106,11:16:43,5.23,--,271,141733,卖盘
1107,11:16:33,5.23,-0.02,124,64852,卖盘
1108,11:16:27,5.25,0.02,124,65100,买盘
1109,11:16:18,5.23,--,28,14644,卖盘
1110,11:16:09,5.23,-0.02,45,23535,卖盘
1111,11:16:03,5.25,--,5,2625,买盘
1112,11:15:57,5.25,0.02,124,65100,买盘
1113,11:15:53,5.23,-0.01,361,188803,卖盘
1114,11:15:48,5.24,--,128,67072,卖盘
1115,11:15:38,5.24,-0.01,2,1048,卖盘
1116,11:15:27,5.25,0.01,297,155925,买盘
1117,11:15:18,5.24,--,109,57116,卖盘
1118,11:15:12,5.24,--,2,1048,卖盘
1119,11:15:08,5.24,-0.01,46,24104,卖盘
1120,11:15:03,5.25,0.01,345,181125,买盘
1121,11:14:57,5.24,--,229,119996,卖盘
1122,11:14:48,5.24,--,28,14672,卖盘
1123,11:14:38,5.24,--,30,15720,卖盘
1124,11:14:27,5.24,--,173,90652,卖盘
1125,11:14:18,5.24,--,77,40348,卖盘
1126,11:14:12,5.24,--,10,5240,卖盘
1127,11:14:03,5.24,-0.01,46,24104,卖盘
1128,11:13:57,5.25,0.01,124,65100,买盘
1129,11:13:53,5.24,--,5,2620,卖盘
1130,11:13:48,5.24,--,354,185496,卖盘
1131,11:13:38,5.24,-0.01,2400,1257600,卖盘
1132,11:13:27,5.25,--,166,87150,买盘
1133,11:13:12,5.25,0.01,59,30975,买盘
1134,11:13:08,5.24,-0.01,566,296584,卖盘
1135,11:12:57,5.25,--,124,65100,买盘
1136,11:12:33,5.25,--,11,5775,买盘
1137,11:12:27,5.25,0.01,361,189525,买盘
1138,11:12:23,5.24,--,50,26200,卖盘
1139,11:12:08,5.24,--,46,24104,卖盘
1140,11:12:03,5.24,-0.01,120,62880,卖盘
1141,11:11:57,5.25,--,124,65100,买盘
1142,11:11:48,5.25,0.01,324,170100,买盘
1143,11:11:42,5.24,--,7,3668,卖盘
1144,11:11:27,5.24,-0.01,173,90652,卖盘
1145,11:11:18,5.25,0.01,50,26250,买盘
1146,11:11:12,5.24,--,8,4192,卖盘
1147,11:11:03,5.24,-0.01,237,124188,卖盘
1148,11:10:57,5.25,0.01,123,64575,买盘
1149,11:10:42,5.24,--,46,24104,卖盘
1150,11:10:38,5.24,-0.01,36,19021,卖盘
1151,11:10:27,5.25,0.01,376,197400,买盘
1152,11:10:12,5.24,--,8,4192,卖盘
1153,11:10:08,5.24,-0.01,81,42444,卖盘
1154,11:09:57,5.25,0.01,123,64575,买盘
1155,11:09:42,5.24,-0.01,68,35632,卖盘
1156,11:09:36,5.25,0.01,179,93975,买盘
1157,11:09:32,5.24,-0.01,270,141480,卖盘
1158,11:09:27,5.25,--,127,66675,买盘
1159,11:09:21,5.25,--,3,1575,买盘
1160,11:09:12,5.25,0.01,419,219975,买盘
1161,11:09:06,5.24,-0.01,152,79648,卖盘
1162,11:09:02,5.25,--,69,36225,买盘
1163,11:08:57,5.25,0.01,123,64575,买盘
1164,11:08:42,5.24,--,176,92224,卖盘
1165,11:08:36,5.24,-0.01,60,31440,卖盘
1166,11:08:32,5.25,--,10,5250,买盘
1167,11:08:27,5.25,--,163,85575,买盘
1168,11:08:17,5.25,--,4,2100,买盘
1169,11:08:12,5.25,0.01,18,9450,买盘
1170,11:08:06,5.24,-0.01,82,42968,卖盘
1171,11:07:57,5.25,--,123,64575,买盘
1172,11:07:51,5.25,--,1,525,买盘
1173,11:07:47,5.25,--,1,525,买盘
1174,11:07:42,5.25,0.01,1,525,买盘
1175,11:07:36,5.24,-0.01,36,18864,卖盘
1176,11:07:27,5.25,0.01,125,65625,买盘
1177,11:07:21,5.24,--,50,26200,卖盘
1178,11:07:12,5.24,--,189,99036,卖盘
1179,11:07:06,5.24,-0.01,81,42444,卖盘
1180,11:06:56,5.25,--,166,87150,买盘
1181,11:06:51,5.25,--,257,134925,买盘
1182,11:06:47,5.25,0.01,1,525,买盘
1183,11:06:42,5.24,-0.01,30,15720,卖盘
1184,11:06:36,5.25,--,636,333900,买盘
1185,11:06:27,5.25,0.01,123,64575,买盘
1186,11:06:12,5.24,--,30,15720,卖盘
1187,11:06:06,5.24,-0.01,82,42968,卖盘
1188,11:06:02,5.25,--,139,72975,买盘
1189,11:05:57,5.25,--,124,65100,买盘
1190,11:05:47,5.25,0.01,307,161175,买盘
1191,11:05:42,5.24,-0.01,271,142004,卖盘
1192,11:05:36,5.25,--,79,41475,买盘
1193,11:05:27,5.25,--,123,64575,买盘
1194,11:05:21,5.25,--,941,494025,买盘
1195,11:05:06,5.25,--,327,171675,买盘
1196,11:04:57,5.25,--,134,70350,买盘
1197,11:04:51,5.25,--,80,42000,买盘
1198,11:04:42,5.25,0.01,85,44625,买盘
1199,11:04:36,5.24,--,36,18864,卖盘
1200,11:04:32,5.24,-0.01,10,5240,卖盘
1201,11:04:27,5.25,0.01,123,64575,买盘
1202,11:04:21,5.24,--,2510,1315240,卖盘
1203,11:04:06,5.24,-0.01,81,42444,卖盘
1204,11:03:57,5.25,0.01,123,64575,买盘
1205,11:03:51,5.24,-0.01,61,31964,卖盘
1206,11:03:47,5.25,0.01,164,86100,买盘
1207,11:03:42,5.24,--,4,2096,卖盘
1208,11:03:36,5.24,--,56,29344,卖盘
1209,11:03:32,5.24,--,10,5240,卖盘
1210,11:03:27,5.24,--,146,76504,卖盘
1211,11:03:21,5.24,--,4,2096,卖盘
1212,11:03:12,5.24,-0.01,169,88556,卖盘
1213,11:03:06,5.25,0.01,431,226275,买盘
1214,11:03:00,5.24,--,124,64976,卖盘
1215,11:02:36,5.24,--,40,20960,卖盘
1216,11:02:30,5.24,--,425,222700,卖盘
1217,11:02:26,5.24,--,220,115280,卖盘
1218,11:02:21,5.24,--,26,13624,卖盘
1219,11:02:15,5.24,--,336,176064,买盘
1220,11:02:11,5.24,0.01,160,83840,买盘
1221,11:02:06,5.23,-0.01,82,42886,卖盘
1222,11:02:00,5.24,--,133,69692,买盘
1223,11:01:51,5.24,0.01,180,94320,买盘
1224,11:01:45,5.23,-0.01,10,5230,卖盘
1225,11:01:41,5.24,0.01,206,107944,买盘
1226,11:01:36,5.23,-0.01,347,181481,卖盘
1227,11:01:30,5.24,--,147,77028,买盘
1228,11:01:26,5.24,--,20,10480,买盘
1229,11:01:21,5.24,--,30,15720,买盘
1230,11:01:15,5.24,--,30,15720,买盘
1231,11:01:06,5.24,--,547,286628,买盘
1232,11:01:00,5.24,--,149,78076,买盘
1233,11:00:56,5.24,0.01,28,14672,买盘
1234,11:00:51,5.23,-0.01,545,285035,卖盘
1235,11:00:36,5.24,0.01,377,197548,买盘
1236,11:00:30,5.23,-0.01,463,242149,卖盘
1237,11:00:26,5.24,--,10,5240,买盘
1238,11:00:21,5.24,--,205,107420,买盘
1239,11:00:11,5.24,0.01,12,6288,买盘
1240,11:00:06,5.23,--,125,65375,卖盘
1241,11:00:00,5.23,-0.01,338,176774,卖盘
1242,10:59:51,5.24,--,226,118424,买盘
1243,10:59:45,5.24,0.01,9,4716,买盘
1244,10:59:35,5.23,-0.01,85,44455,卖盘
1245,10:59:30,5.24,0.01,432,226368,买盘
1246,10:59:21,5.23,-0.01,75,39225,卖盘
1247,10:59:15,5.24,0.01,19,9956,买盘
1248,10:59:06,5.23,-0.01,128,66944,卖盘
1249,10:59:00,5.24,--,251,131524,买盘
1250,10:58:56,5.24,--,547,286628,买盘
1251,10:58:45,5.24,0.01,30,15720,买盘
1252,10:58:41,5.23,-0.01,220,115060,卖盘
1253,10:58:36,5.24,0.01,124,64976,买盘
1254,10:58:30,5.23,--,489,255747,卖盘
1255,10:58:26,5.23,-0.01,80,41840,卖盘
1256,10:58:20,5.24,--,3,1572,买盘
1257,10:58:06,5.24,--,224,117376,买盘
1258,10:58:00,5.24,0.01,124,64976,买盘
1259,10:57:35,5.23,-0.01,182,95186,卖盘
1260,10:57:30,5.24,--,223,116852,买盘
1261,10:57:15,5.24,0.01,344,180256,买盘
1262,10:57:11,5.23,--,300,156900,卖盘
1263,10:57:05,5.23,-0.01,189,98847,卖盘
1264,10:57:00,5.24,0.01,147,77028,买盘
1265,10:56:50,5.23,-0.01,20,10460,卖盘
1266,10:56:45,5.24,0.01,154,80696,买盘
1267,10:56:35,5.23,-0.01,85,44455,卖盘
1268,10:56:30,5.24,0.01,431,225844,买盘
1269,10:56:26,5.23,-0.01,90,47070,卖盘
1270,10:56:20,5.24,0.01,53,27772,买盘
1271,10:56:05,5.23,-0.01,131,68513,卖盘
1272,10:56:00,5.24,0.01,123,64452,买盘
1273,10:55:39,5.23,--,83,43409,卖盘
1274,10:55:30,5.23,--,344,179912,卖盘
1275,10:55:24,5.23,-0.01,836,437228,卖盘
1276,10:55:20,5.24,--,35,18340,买盘
1277,10:55:09,5.24,--,128,67072,买盘
1278,10:55:00,5.24,0.01,123,64452,买盘
1279,10:54:54,5.23,--,174,91002,卖盘
1280,10:54:45,5.23,-0.01,14,7322,卖盘
1281,10:54:39,5.24,0.01,217,113708,买盘
1282,10:54:35,5.23,-0.01,10,5230,卖盘
1283,10:54:30,5.24,--,313,164012,买盘
1284,10:54:24,5.24,0.01,25,13100,买盘
1285,10:54:09,5.23,-0.01,128,66944,卖盘
1286,10:54:00,5.24,0.01,170,89080,买盘
1287,10:53:54,5.23,--,1,523,卖盘
1288,10:53:45,5.23,-0.01,220,115060,卖盘
1289,10:53:39,5.24,--,405,212220,买盘
1290,10:53:29,5.24,0.01,124,64976,买盘
1291,10:53:20,5.23,--,2,1046,卖盘
1292,10:53:09,5.23,-0.01,128,66944,卖盘
1293,10:53:05,5.24,0.01,3,1572,买盘
1294,10:52:59,5.23,--,208,108784,卖盘
1295,10:52:50,5.23,--,271,141733,卖盘
1296,10:52:39,5.23,-0.01,84,43932,卖盘
1297,10:52:29,5.24,--,123,64452,买盘
1298,10:52:24,5.24,0.01,10,5240,买盘
1299,10:52:20,5.23,--,50,26150,卖盘
1300,10:52:14,5.23,--,350,183050,卖盘
1301,10:52:09,5.23,-0.01,127,66421,卖盘
1302,10:51:59,5.24,0.01,134,70216,买盘
1303,10:51:54,5.23,-0.01,13,6799,卖盘
1304,10:51:44,5.24,--,153,80172,买盘
1305,10:51:39,5.24,--,491,257284,买盘
1306,10:51:35,5.24,--,1,524,买盘
1307,10:51:29,5.24,0.01,123,64452,买盘
1308,10:51:09,5.23,-0.01,128,66944,卖盘
1309,10:50:59,5.24,0.01,533,279292,买盘
1310,10:50:50,5.23,--,361,188803,卖盘
1311,10:50:44,5.23,--,2,1046,卖盘
1312,10:50:39,5.23,--,83,43409,卖盘
1313,10:50:35,5.23,--,50,26150,卖盘
1314,10:50:29,5.23,-0.01,626,327398,卖盘
1315,10:50:24,5.24,0.01,335,175540,买盘
1316,10:50:20,5.23,--,52,27196,卖盘
1317,10:50:14,5.23,--,35,18305,卖盘
1318,10:50:09,5.23,-0.01,128,66944,卖盘
1319,10:49:59,5.24,--,151,79124,买盘
1320,10:49:44,5.24,0.01,19,9956,买盘
1321,10:49:39,5.23,-0.01,339,177297,卖盘
1322,10:49:29,5.24,0.01,123,64452,买盘
1323,10:49:24,5.23,--,300,156900,卖盘
1324,10:49:14,5.23,--,50,26150,卖盘
1325,10:49:09,5.23,-0.01,129,67467,卖盘
1326,10:48:59,5.24,--,123,64452,买盘
1327,10:48:48,5.24,0.01,16,8384,买盘
1328,10:48:44,5.23,-0.01,222,116158,卖盘
1329,10:48:39,5.24,--,232,121568,买盘
1330,10:48:29,5.24,0.01,277,145148,买盘
1331,10:48:24,5.23,--,10,5230,卖盘
1332,10:48:14,5.23,--,16,8368,卖盘
1333,10:48:09,5.23,-0.01,610,319030,卖盘
1334,10:47:59,5.24,--,123,64452,买盘
1335,10:47:54,5.24,--,623,326452,买盘
1336,10:47:48,5.24,--,30,15720,买盘
1337,10:47:39,5.24,--,96,50304,买盘
1338,10:47:29,5.24,0.01,124,64976,买盘
1339,10:47:18,5.23,--,100,52300,卖盘
1340,10:47:09,5.23,-0.01,628,328444,卖盘
1341,10:47:03,5.24,--,47,24628,买盘
1342,10:46:59,5.24,0.01,343,179732,买盘
1343,10:46:39,5.23,-0.01,82,42886,卖盘
1344,10:46:29,5.24,0.01,124,64976,买盘
1345,10:46:23,5.23,-0.01,271,141733,卖盘
1346,10:46:14,5.24,0.01,4,2096,买盘
1347,10:46:08,5.23,-0.01,127,66421,卖盘
1348,10:45:59,5.24,0.01,123,64452,买盘
1349,10:45:48,5.23,--,581,303863,卖盘
1350,10:45:38,5.23,-0.01,1584,828432,卖盘
1351,10:45:33,5.24,--,2,1048,买盘
1352,10:45:29,5.24,--,173,90652,买盘
1353,10:45:18,5.24,--,252,132048,买盘
1354,10:45:14,5.24,0.01,157,82268,买盘
1355,10:45:08,5.23,--,130,67990,卖盘
1356,10:45:03,5.23,-0.01,16,8368,卖盘
1357,10:44:59,5.24,0.01,124,64976,买盘
1358,10:44:53,5.23,-0.01,16,8368,卖盘
1359,10:44:48,5.24,0.01,355,186020,买盘
1360,10:44:44,5.23,-0.01,45,23535,卖盘
1361,10:44:38,5.24,--,177,92748,买盘
1362,10:44:33,5.24,--,189,99036,买盘
1363,10:44:29,5.24,0.01,123,64452,买盘
1364,10:44:23,5.23,--,20,10460,卖盘
1365,10:44:14,5.23,--,500,261500,卖盘
1366,10:44:08,5.23,--,128,66944,卖盘
1367,10:44:03,5.23,-0.01,8,4184,卖盘
1368,10:43:59,5.24,0.01,124,64976,买盘
1369,10:43:53,5.23,--,50,26150,卖盘
1370,10:43:48,5.23,--,500,261500,卖盘
1371,10:43:38,5.23,-0.01,415,217045,卖盘
1372,10:43:29,5.24,0.01,123,64452,买盘
1373,10:43:23,5.23,--,100,52300,卖盘
1374,10:43:18,5.23,--,35,18305,卖盘
1375,10:43:13,5.23,--,352,184096,卖盘
1376,10:43:08,5.23,--,127,66421,卖盘
1377,10:43:03,5.23,-0.01,80,41840,卖盘
1378,10:42:59,5.24,0.01,344,180256,买盘
1379,10:42:53,5.23,--,190,99370,卖盘
1380,10:42:48,5.23,--,53,27719,卖盘
1381,10:42:38,5.23,-0.01,82,42886,卖盘
1382,10:42:28,5.24,--,123,64452,买盘
1383,10:42:23,5.24,--,100,52400,买盘
1384,10:42:18,5.24,0.01,172,90128,买盘
1385,10:42:08,5.23,--,246,128658,卖盘
1386,10:42:03,5.23,-0.01,10,5230,卖盘
1387,10:41:58,5.24,0.01,123,64452,买盘
1388,10:41:48,5.23,--,47,24581,卖盘
1389,10:41:38,5.23,--,82,42886,卖盘
1390,10:41:33,5.23,-0.01,395,206585,卖盘
1391,10:41:27,5.24,0.01,124,64976,买盘
1392,10:41:18,5.23,--,10,5230,卖盘
1393,10:41:08,5.23,--,158,82634,卖盘
1394,10:41:03,5.23,-0.01,221,115583,卖盘
1395,10:40:57,5.24,0.01,124,64976,买盘
1396,10:40:53,5.23,-0.01,50,26150,卖盘
1397,10:40:38,5.24,0.01,214,112136,买盘
1398,10:40:33,5.23,-0.01,247,129181,卖盘
1399,10:40:27,5.24,0.01,248,129952,买盘
1400,10:40:23,5.23,--,332,173636,卖盘
1401,10:40:18,5.23,--,124,64852,卖盘
1402,10:40:12,5.23,--,109,57007,卖盘
1403,10:40:08,5.23,-0.01,127,66421,卖盘
1404,10:39:57,5.24,0.01,183,95892,买盘
1405,10:39:48,5.23,--,65,33995,卖盘
1406,10:39:42,5.23,--,80,41840,卖盘
1407,10:39:38,5.23,--,85,44455,卖盘
1408,10:39:32,5.23,-0.01,291,152193,卖盘
1409,10:39:27,5.24,0.01,248,129952,买盘
1410,10:39:17,5.23,--,320,167360,卖盘
1411,10:39:08,5.23,-0.01,128,66944,卖盘
1412,10:38:57,5.24,0.01,123,64452,买盘
1413,10:38:42,5.23,--,381,199263,卖盘
1414,10:38:38,5.23,-0.01,82,42886,卖盘
1415,10:38:27,5.24,0.01,123,64452,买盘
1416,10:38:23,5.23,-0.01,10,5230,卖盘
1417,10:38:17,5.24,0.01,356,186544,买盘
1418,10:38:12,5.23,--,2,1046,卖盘
1419,10:38:08,5.23,-0.01,128,66944,卖盘
1420,10:37:57,5.24,0.01,144,75456,买盘
1421,10:37:53,5.23,--,20,10460,卖盘
1422,10:37:38,5.23,--,82,42886,卖盘
1423,10:37:32,5.23,-0.01,220,115060,卖盘
1424,10:37:27,5.24,0.01,123,64452,买盘
1425,10:37:17,5.23,--,10,5230,卖盘
1426,10:37:08,5.23,-0.01,127,66421,卖盘
1427,10:37:02,5.24,--,1,524,买盘
1428,10:36:57,5.24,0.01,175,91700,买盘
1429,10:36:47,5.23,--,9,4801,卖盘
1430,10:36:38,5.23,-0.01,82,42886,卖盘
1431,10:36:27,5.24,0.01,123,64452,买盘
1432,10:36:07,5.23,-0.01,283,148009,卖盘
1433,10:35:57,5.24,0.01,143,74932,买盘
1434,10:35:52,5.23,--,221,115583,卖盘
1435,10:35:42,5.23,--,377,197171,卖盘
1436,10:35:37,5.23,--,183,95709,卖盘
1437,10:35:32,5.23,-0.01,28,14644,卖盘
1438,10:35:27,5.24,--,123,64452,买盘
1439,10:35:22,5.24,0.01,252,132048,买盘
1440,10:35:17,5.23,--,539,282184,卖盘
1441,10:35:12,5.23,--,12,6276,卖盘
1442,10:35:07,5.23,-0.01,129,67467,卖盘
1443,10:34:57,5.24,0.01,123,64452,买盘
1444,10:34:37,5.23,-0.01,83,43409,卖盘
1445,10:34:32,5.24,--,77,40348,买盘
1446,10:34:27,5.24,0.01,325,170305,买盘
1447,10:34:22,5.23,-0.01,16,8368,卖盘
1448,10:34:12,5.24,0.01,11,5764,买盘
1449,10:34:07,5.23,-0.01,361,188803,卖盘
1450,10:34:02,5.24,0.01,223,116852,买盘
1451,10:33:57,5.23,-0.01,134,70082,卖盘
1452,10:33:51,5.24,--,20,10480,买盘
1453,10:33:47,5.24,--,117,61308,买盘
1454,10:33:42,5.24,0.01,25,13100,买盘
1455,10:33:36,5.23,-0.01,82,42886,卖盘
1456,10:33:27,5.24,0.01,363,190212,买盘
1457,10:33:17,5.23,-0.01,109,57007,卖盘
1458,10:33:12,5.24,0.01,110,57640,买盘
1459,10:33:06,5.23,--,252,131796,卖盘
1460,10:33:02,5.23,-0.01,528,276144,卖盘
1461,10:32:57,5.24,0.01,148,77552,买盘
1462,10:32:51,5.23,-0.01,74,38702,卖盘
1463,10:32:41,5.24,0.01,339,177636,买盘
1464,10:32:36,5.23,--,82,42886,卖盘
1465,10:32:32,5.23,-0.01,157,82111,卖盘
1466,10:32:26,5.24,--,124,64976,买盘
1467,10:32:21,5.24,0.01,60,31440,买盘
1468,10:32:12,5.23,--,220,115060,卖盘
1469,10:32:06,5.23,-0.01,262,137026,卖盘
1470,10:31:56,5.24,--,148,77552,买盘
1471,10:31:46,5.24,0.01,5,2620,买盘
1472,10:31:36,5.23,-0.01,82,42886,卖盘
1473,10:31:31,5.24,0.01,197,103228,买盘
1474,10:31:26,5.23,--,43,22489,卖盘
1475,10:31:21,5.23,--,222,116106,卖盘
1476,10:31:16,5.23,--,10,5230,卖盘
1477,10:31:11,5.23,--,28,14644,卖盘
1478,10:31:06,5.23,-0.01,127,66421,卖盘
1479,10:31:01,5.24,--,2,1048,买盘
1480,10:30:56,5.24,0.01,163,85412,买盘
1481,10:30:46,5.23,--,134,70082,卖盘
1482,10:30:36,5.23,-0.01,1877,981671,卖盘
1483,10:30:21,5.24,--,376,197024,买盘
1484,10:30:16,5.24,--,202,105848,买盘
1485,10:30:11,5.24,0.01,18,9432,买盘
1486,10:30:06,5.23,-0.01,530,277190,卖盘
1487,10:29:41,5.24,0.01,10,5240,买盘
1488,10:29:36,5.23,--,124,64852,卖盘
1489,10:29:31,5.23,-0.01,180,94140,卖盘
1490,10:29:26,5.24,0.01,330,172920,买盘
1491,10:29:21,5.23,--,154,80542,卖盘
1492,10:29:16,5.23,--,10,5230,卖盘
1493,10:29:06,5.23,-0.01,128,66944,卖盘
1494,10:29:01,5.24,0.01,1,524,买盘
1495,10:28:56,5.23,-0.01,147,76881,卖盘
1496,10:28:51,5.24,0.01,41,21484,买盘
1497,10:28:46,5.23,--,3,1569,卖盘
1498,10:28:41,5.23,--,1502,785546,卖盘
1499,10:28:36,5.23,-0.01,302,157946,卖盘
1500,10:28:21,5.24,--,71,37204,买盘
1501,10:28:16,5.24,0.01,4,2096,买盘
1502,10:28:11,5.23,--,17,8891,卖盘
1503,10:28:06,5.23,--,127,66421,卖盘
1504,10:27:56,5.23,--,423,221229,卖盘
1505,10:27:51,5.23,-0.01,10,5230,卖盘
1506,10:27:41,5.24,0.01,183,95892,买盘
1507,10:27:36,5.23,-0.01,396,207108,卖盘
1508,10:27:31,5.24,0.01,1,524,买盘
1509,10:27:26,5.23,--,29,15292,卖盘
1510,10:27:21,5.23,--,240,125561,买盘
1511,10:27:16,5.23,--,566,296018,买盘
1512,10:27:11,5.23,--,130,67990,买盘
1513,10:27:06,5.23,--,228,119594,买盘
1514,10:26:56,5.23,-0.01,1748,914685,卖盘
1515,10:26:51,5.24,--,3,1572,买盘
1516,10:26:46,5.24,0.01,694,363656,买盘
1517,10:26:41,5.23,--,63,32949,卖盘
1518,10:26:36,5.23,--,95,49685,卖盘
1519,10:26:30,5.23,-0.01,8,4184,卖盘
1520,10:26:26,5.24,0.01,80,41920,买盘
1521,10:26:21,5.23,--,43,22489,卖盘
1522,10:26:11,5.23,--,29,15167,卖盘
1523,10:26:06,5.23,--,453,236960,买盘
1524,10:26:00,5.23,0.01,44,23012,买盘
1525,10:25:56,5.22,-0.01,357,186834,卖盘
1526,10:25:45,5.23,--,86,44978,卖盘
1527,10:25:41,5.23,--,427,223362,卖盘
1528,10:25:35,5.23,--,113,59099,卖盘
1529,10:25:30,5.23,--,92,48116,买盘
1530,10:25:26,5.23,--,456,238488,买盘
1531,10:25:20,5.23,--,360,188280,买盘
1532,10:25:15,5.23,--,388,202924,买盘
1533,10:25:11,5.23,--,50,26150,买盘
1534,10:25:05,5.23,--,167,87341,买盘
1535,10:25:00,5.23,--,20,10460,买盘
1536,10:24:50,5.23,0.01,5,2615,买盘
1537,10:24:45,5.22,--,68,35496,卖盘
1538,10:24:40,5.22,-0.01,2,1044,卖盘
1539,10:24:35,5.23,--,84,43932,买盘
1540,10:24:30,5.23,--,5,2615,买盘
1541,10:24:20,5.23,--,259,135457,买盘
1542,10:24:15,5.23,0.01,151,78973,买盘
1543,10:24:05,5.22,--,128,66816,卖盘
1544,10:24:00,5.22,--,73,38106,卖盘
1545,10:23:55,5.22,-0.01,301,157122,卖盘
1546,10:23:50,5.23,0.01,323,168929,买盘
1547,10:23:45,5.22,--,38,19836,卖盘
1548,10:23:35,5.22,-0.01,82,42804,卖盘
1549,10:23:30,5.23,0.01,40,20920,买盘
1550,10:23:25,5.22,-0.01,339,176958,卖盘
1551,10:23:20,5.23,0.01,2,1046,买盘
1552,10:23:15,5.22,--,5,2610,卖盘
1553,10:23:05,5.22,--,129,67338,卖盘
1554,10:22:55,5.22,--,284,148248,卖盘
1555,10:22:50,5.22,-0.01,10,5585,卖盘
1556,10:22:45,5.23,0.01,22,11506,买盘
1557,10:22:35,5.22,-0.01,82,42804,卖盘
1558,10:22:30,5.23,--,36,18828,买盘
1559,10:22:25,5.23,--,114,59622,买盘
1560,10:22:20,5.23,--,12,6276,买盘
1561,10:22:15,5.23,0.01,15,7845,买盘
1562,10:22:10,5.22,--,50,26100,卖盘
1563,10:22:05,5.22,-0.01,133,69426,卖盘
1564,10:22:00,5.23,--,12,6276,买盘
1565,10:21:55,5.23,0.01,338,176774,买盘
1566,10:21:50,5.22,-0.01,271,141462,卖盘
1567,10:21:45,5.23,--,7,3661,买盘
1568,10:21:40,5.23,--,16,8368,买盘
1569,10:21:35,5.23,--,561,293403,买盘
1570,10:21:30,5.23,0.01,10,5230,买盘
1571,10:21:25,5.22,-0.01,16,8352,卖盘
1572,10:21:20,5.23,--,10,5230,买盘
1573,10:21:15,5.23,0.01,50,26150,买盘
1574,10:21:05,5.22,--,178,92916,卖盘
1575,10:21:00,5.22,-0.01,291,151902,卖盘
1576,10:20:55,5.23,0.01,22,11506,买盘
1577,10:20:50,5.22,-0.01,59,30803,卖盘
1578,10:20:45,5.23,0.01,5,2615,买盘
1579,10:20:40,5.22,-0.01,200,104400,卖盘
1580,10:20:35,5.23,--,109,57007,买盘
1581,10:20:30,5.23,--,141,73743,买盘
1582,10:20:25,5.23,--,30,15690,买盘
1583,10:20:20,5.23,0.01,317,165791,买盘
1584,10:20:15,5.22,-0.01,20,10440,卖盘
1585,10:20:10,5.23,--,219,114537,买盘
1586,10:20:05,5.23,--,584,305432,买盘
1587,10:20:00,5.23,0.01,230,120290,买盘
1588,10:19:55,5.22,-0.01,280,146160,卖盘
1589,10:19:50,5.23,--,389,203447,买盘
1590,10:19:45,5.23,--,134,70082,买盘
1591,10:19:40,5.23,--,36,18828,买盘
1592,10:19:35,5.23,--,1082,566367,卖盘
1593,10:19:30,5.23,--,98,51254,卖盘
1594,10:19:25,5.23,--,300,156900,卖盘
1595,10:19:20,5.23,--,262,137026,卖盘
1596,10:19:15,5.23,--,79,41317,卖盘
1597,10:19:10,5.23,--,565,295495,卖盘
1598,10:19:05,5.23,--,1420,743015,卖盘
1599,10:19:00,5.23,-0.01,1162,608081,卖盘
1600,10:18:54,5.24,0.01,10,5240,买盘
1601,10:18:50,5.23,--,98,51254,卖盘
1602,10:18:45,5.23,--,115,60145,卖盘
1603,10:18:39,5.23,--,124,64852,卖盘
1604,10:18:35,5.23,-0.01,82,42886,卖盘
1605,10:18:29,5.24,0.01,58,30392,买盘
1606,10:18:24,5.23,--,110,57530,卖盘
1607,10:18:20,5.23,--,11,5753,卖盘
1608,10:18:14,5.23,--,116,60668,卖盘
1609,10:18:09,5.23,--,389,203447,卖盘
1610,10:18:05,5.23,--,166,86818,卖盘
1611,10:17:59,5.23,--,2,1046,卖盘
1612,10:17:50,5.23,--,194,101932,卖盘
1613,10:17:44,5.23,--,20,10460,卖盘
1614,10:17:34,5.23,-0.01,82,42886,卖盘
1615,10:17:29,5.24,0.01,138,72312,买盘
1616,10:17:19,5.23,--,133,69559,卖盘
1617,10:17:14,5.23,-0.01,82,42886,卖盘
1618,10:17:09,5.24,0.01,10,5240,买盘
1619,10:17:04,5.23,--,128,66944,卖盘
1620,10:16:59,5.23,--,244,127612,卖盘
1621,10:16:49,5.23,--,50,26150,卖盘
1622,10:16:39,5.23,-0.01,82,42886,卖盘
1623,10:16:34,5.24,0.01,1,524,买盘
1624,10:16:29,5.23,--,10,5230,卖盘
1625,10:16:19,5.23,--,339,177297,卖盘
1626,10:16:14,5.23,--,130,67990,卖盘
1627,10:16:09,5.23,-0.01,127,66421,卖盘
1628,10:16:04,5.24,0.01,5,2620,买盘
1629,10:15:59,5.23,--,179,93617,卖盘
1630,10:15:54,5.23,--,179,93617,卖盘
1631,10:15:44,5.23,--,183,95709,卖盘
1632,10:15:39,5.23,--,83,43409,卖盘
1633,10:15:29,5.23,--,199,104077,卖盘
1634,10:15:24,5.23,--,20,10460,卖盘
1635,10:15:19,5.23,-0.01,49,25627,卖盘
1636,10:15:14,5.24,--,2,1048,买盘
1637,10:15:09,5.24,0.01,780,408720,买盘
1638,10:15:04,5.23,--,33,17259,卖盘
1639,10:14:59,5.23,--,1101,575823,卖盘
1640,10:14:49,5.23,--,53,27719,卖盘
1641,10:14:44,5.23,--,85,44507,卖盘
1642,10:14:39,5.23,--,437,228551,卖盘
1643,10:14:29,5.23,--,20,10460,卖盘
1644,10:14:19,5.23,--,20,10460,卖盘
1645,10:14:14,5.23,--,7,3661,卖盘
1646,10:14:09,5.23,--,185,96755,卖盘
1647,10:14:04,5.23,--,41,21443,卖盘
1648,10:13:59,5.23,--,262,137026,卖盘
1649,10:13:54,5.23,--,9,4707,卖盘
1650,10:13:44,5.23,--,1,523,卖盘
1651,10:13:39,5.23,--,132,69036,卖盘
1652,10:13:34,5.23,--,86,44978,卖盘
1653,10:13:29,5.23,--,182,95186,卖盘
1654,10:13:24,5.23,-0.01,200,104600,卖盘
1655,10:13:19,5.24,0.01,100,52400,买盘
1656,10:13:09,5.23,--,360,188280,卖盘
1657,10:13:04,5.23,--,180,94140,卖盘
1658,10:12:59,5.23,0.01,352,184472,买盘
1659,10:12:54,5.22,-0.01,731,381728,卖盘
1660,10:12:49,5.23,--,500,261500,卖盘
1661,10:12:44,5.23,--,180,94140,卖盘
1662,10:12:39,5.23,--,308,161084,卖盘
1663,10:12:29,5.23,--,100,52300,卖盘
1664,10:12:19,5.23,-0.01,1012,529631,卖盘
1665,10:12:14,5.24,--,13,6812,买盘
1666,10:12:09,5.24,0.01,122,63928,买盘
1667,10:12:04,5.23,--,311,162653,卖盘
1668,10:11:59,5.23,--,100,52300,卖盘
1669,10:11:49,5.23,--,52,27196,卖盘
1670,10:11:38,5.23,--,54,28242,卖盘
1671,10:11:34,5.23,--,30,15690,卖盘
1672,10:11:29,5.23,-0.01,67,35041,卖盘
1673,10:11:14,5.24,--,2,1048,买盘
1674,10:11:08,5.24,--,93,48732,买盘
1675,10:11:04,5.24,0.01,19,9956,买盘
1676,10:10:59,5.23,--,160,83680,卖盘
1677,10:10:53,5.23,--,160,83680,卖盘
1678,10:10:44,5.23,--,20,10460,卖盘
1679,10:10:38,5.23,--,217,113491,卖盘
1680,10:10:29,5.23,--,10,5230,卖盘
1681,10:10:23,5.23,--,160,83680,卖盘
1682,10:10:18,5.23,--,41,21463,买盘
1683,10:10:14,5.23,--,148,77906,卖盘
1684,10:10:08,5.23,--,401,209723,卖盘
1685,10:10:03,5.23,--,37,19351,卖盘
1686,10:09:59,5.23,--,80,41840,卖盘
1687,10:09:53,5.23,--,1694,885972,卖盘
1688,10:09:48,5.23,--,488,255224,卖盘
1689,10:09:43,5.23,--,124,64852,卖盘
1690,10:09:38,5.23,--,330,172590,卖盘
1691,10:09:33,5.23,--,93,48639,卖盘
1692,10:09:28,5.23,--,215,112445,卖盘
1693,10:09:18,5.23,--,538,281384,买盘
1694,10:09:13,5.23,--,5,2615,买盘
1695,10:09:08,5.23,--,128,66944,买盘
1696,10:09:03,5.23,--,90,47070,买盘
1697,10:08:58,5.23,--,21,10983,买盘
1698,10:08:53,5.23,--,2411,1260953,卖盘
1699,10:08:48,5.23,--,127,66421,卖盘
1700,10:08:38,5.23,--,648,338904,卖盘
1701,10:08:23,5.23,--,258,134934,卖盘
1702,10:08:18,5.23,--,280,146440,卖盘
1703,10:08:13,5.23,--,758,396434,卖盘
1704,10:08:08,5.23,--,314,164222,卖盘
1705,10:08:03,5.23,--,20,10460,卖盘
1706,10:07:58,5.23,--,15,7845,买盘
1707,10:07:53,5.23,--,697,364531,卖盘
1708,10:07:48,5.23,-0.01,257,134411,卖盘
1709,10:07:43,5.24,--,12,6288,买盘
1710,10:07:38,5.24,0.01,116,60784,买盘
1711,10:07:33,5.23,--,79,41683,卖盘
1712,10:07:28,5.23,--,187,97801,卖盘
1713,10:07:23,5.23,--,415,217045,卖盘
1714,10:07:18,5.23,--,797,416987,卖盘
1715,10:07:08,5.23,--,97,50731,买盘
1716,10:07:03,5.23,--,47,24581,卖盘
1717,10:06:58,5.23,--,114,59622,卖盘
1718,10:06:53,5.23,-0.01,180,94140,卖盘
1719,10:06:48,5.24,--,0,0,买盘
1720,10:06:43,5.24,0.01,79,41396,买盘
1721,10:06:38,5.23,--,228,119244,卖盘
1722,10:06:33,5.23,--,179,93617,买盘
1723,10:06:28,5.23,--,98,51254,买盘
1724,10:06:23,5.23,-0.01,217,113491,卖盘
1725,10:06:18,5.24,0.01,846,443304,买盘
1726,10:06:13,5.23,--,20,10460,中性盘
1727,10:06:08,5.23,--,254,132842,卖盘
1728,10:06:03,5.23,--,149,77927,卖盘
1729,10:05:58,5.23,--,91,47593,买盘
1730,10:05:53,5.23,0.01,12,6276,买盘
1731,10:05:48,5.22,-0.01,208,108576,卖盘
1732,10:05:43,5.23,--,118,61714,买盘
1733,10:05:38,5.23,0.01,142,74266,中性盘
1734,10:05:33,5.22,-0.01,273,142506,卖盘
1735,10:05:28,5.23,0.01,241,126199,买盘
1736,10:05:22,5.22,-0.01,182,95004,卖盘
1737,10:05:18,5.23,0.01,304,158992,买盘
1738,10:05:13,5.22,-0.01,31,16182,卖盘
1739,10:05:07,5.23,--,172,89956,买盘
1740,10:05:02,5.23,--,74,38702,买盘
1741,10:04:58,5.23,--,45,23535,买盘
1742,10:04:52,5.23,--,232,121336,买盘
1743,10:04:47,5.23,--,22,11506,买盘
1744,10:04:43,5.23,--,85,44470,买盘
1745,10:04:37,5.23,--,243,127089,买盘
1746,10:04:32,5.23,--,123,64329,买盘
1747,10:04:28,5.23,--,29,15167,买盘
1748,10:04:22,5.23,--,134,70082,买盘
1749,10:04:17,5.23,--,173,90479,买盘
1750,10:04:13,5.23,--,20,10460,买盘
1751,10:04:07,5.23,--,101,52823,买盘
1752,10:04:02,5.23,--,113,59360,卖盘
1753,10:03:58,5.23,--,49,25888,卖盘
1754,10:03:52,5.23,--,34,17782,买盘
1755,10:03:47,5.23,--,405,211815,买盘
1756,10:03:42,5.23,0.01,59,30857,买盘
1757,10:03:37,5.22,-0.01,126,65772,卖盘
1758,10:03:32,5.23,--,67,35041,买盘
1759,10:03:22,5.23,--,243,127089,买盘
1760,10:03:17,5.23,--,80,41840,买盘
1761,10:03:07,5.23,--,223,116629,买盘
1762,10:03:02,5.23,0.01,124,64852,买盘
1763,10:02:57,5.22,-0.01,74,38628,卖盘
1764,10:02:52,5.23,--,80,41840,买盘
1765,10:02:47,5.23,--,26,13598,买盘
1766,10:02:42,5.23,0.01,50,26150,买盘
1767,10:02:37,5.22,-0.01,104,54288,卖盘
1768,10:02:32,5.23,--,119,62237,买盘
1769,10:02:27,5.23,--,88,46024,买盘
1770,10:02:22,5.23,--,247,129181,买盘
1771,10:02:17,5.23,--,134,70082,买盘
1772,10:02:07,5.23,--,131,68513,买盘
1773,10:02:02,5.23,--,1195,624985,买盘
1774,10:01:57,5.23,0.01,10,5230,买盘
1775,10:01:52,5.22,--,221,115362,卖盘
1776,10:01:47,5.22,-0.01,75,39150,卖盘
1777,10:01:42,5.23,0.01,241,126043,买盘
1778,10:01:37,5.22,-0.01,47,24534,卖盘
1779,10:01:32,5.23,0.01,15,7845,买盘
1780,10:01:27,5.22,-0.01,52,27144,卖盘
1781,10:01:22,5.23,--,11,5753,买盘
1782,10:01:17,5.23,0.01,94,49162,买盘
1783,10:01:12,5.22,-0.01,105,54810,卖盘
1784,10:01:07,5.23,--,221,115583,买盘
1785,10:01:02,5.23,--,698,365054,买盘
1786,10:00:57,5.23,--,350,183050,买盘
1787,10:00:52,5.23,0.01,20,10460,买盘
1788,10:00:47,5.22,-0.01,330,172260,卖盘
1789,10:00:42,5.23,--,525,274575,买盘
1790,10:00:32,5.23,0.01,58,30334,买盘
1791,10:00:27,5.22,-0.01,44,22968,卖盘
1792,10:00:22,5.23,0.01,17,8891,买盘
1793,10:00:17,5.22,-0.01,104,54288,卖盘
1794,10:00:12,5.23,--,617,322691,买盘
1795,10:00:07,5.23,0.01,1200,627600,买盘
1796,10:00:02,5.22,-0.01,374,195228,卖盘
1797,09:59:57,5.23,0.01,305,159515,买盘
1798,09:59:52,5.22,-0.01,501,261522,卖盘
1799,09:59:47,5.23,--,8,4184,买盘
1800,09:59:42,5.23,0.01,242,126566,买盘
1801,09:59:37,5.22,-0.01,275,143550,卖盘
1802,09:59:32,5.23,--,30,15690,买盘
1803,09:59:27,5.23,--,25,13075,买盘
1804,09:59:22,5.23,--,180,94140,买盘
1805,09:59:16,5.23,--,30,15690,买盘
1806,09:59:12,5.23,--,20,10460,买盘
1807,09:59:07,5.23,--,76,39748,买盘
1808,09:59:01,5.23,--,5,2615,买盘
1809,09:58:52,5.23,0.01,10,5230,买盘
1810,09:58:46,5.22,-0.01,415,216630,卖盘
1811,09:58:42,5.23,--,2000,1046000,买盘
1812,09:58:37,5.23,--,31,16213,买盘
1813,09:58:31,5.23,--,689,360347,买盘
1814,09:58:27,5.23,0.01,85,44455,买盘
1815,09:58:22,5.22,-0.01,108,56376,卖盘
1816,09:58:16,5.23,0.01,200,104600,买盘
1817,09:58:12,5.22,--,14,7308,卖盘
1818,09:58:07,5.22,-0.01,154,80388,卖盘
1819,09:58:01,5.23,0.01,56,29288,买盘
1820,09:57:57,5.22,-0.01,2050,1070100,卖盘
1821,09:57:52,5.23,--,1,523,买盘
1822,09:57:42,5.23,0.01,86,44978,买盘
1823,09:57:37,5.22,-0.01,2,1044,卖盘
1824,09:57:31,5.23,--,22,11506,买盘
1825,09:57:26,5.23,0.01,27,14121,买盘
1826,09:57:22,5.22,-0.01,20,10440,卖盘
1827,09:57:16,5.23,--,71,37133,买盘
1828,09:57:11,5.23,0.01,6,3138,买盘
1829,09:57:07,5.22,-0.01,182,95004,卖盘
1830,09:57:01,5.23,--,40,20920,买盘
1831,09:56:56,5.23,0.01,175,91525,买盘
1832,09:56:52,5.22,-0.01,140,73080,卖盘
1833,09:56:46,5.23,--,278,145394,买盘
1834,09:56:41,5.23,0.01,255,133365,买盘
1835,09:56:37,5.22,-0.01,23,12006,卖盘
1836,09:56:31,5.23,--,401,209723,买盘
1837,09:56:26,5.23,--,128,66944,买盘
1838,09:56:22,5.23,0.01,12,6276,买盘
1839,09:56:16,5.22,-0.01,79,41238,卖盘
1840,09:56:11,5.23,--,58,30334,买盘
1841,09:56:07,5.23,-0.01,1841,963261,卖盘
1842,09:56:01,5.24,0.01,491,257284,买盘
1843,09:55:46,5.23,--,2014,1053322,卖盘
1844,09:55:41,5.23,-0.01,233,121859,卖盘
1845,09:55:36,5.24,0.01,2,1048,买盘
1846,09:55:31,5.23,--,90,47070,卖盘
1847,09:55:26,5.23,--,269,140687,卖盘
1848,09:55:21,5.23,-0.01,180,94140,卖盘
1849,09:55:16,5.24,0.01,1256,658144,买盘
1850,09:55:11,5.23,--,1073,561179,卖盘
1851,09:55:06,5.23,--,212,110876,卖盘
1852,09:55:01,5.23,--,304,158992,卖盘
1853,09:54:56,5.23,--,101,52823,卖盘
1854,09:54:46,5.23,--,13,6799,卖盘
1855,09:54:41,5.23,--,16,8368,卖盘
1856,09:54:36,5.23,--,52,27196,卖盘
1857,09:54:31,5.23,-0.01,33,17259,卖盘
1858,09:54:26,5.24,0.01,5,2620,买盘
1859,09:54:06,5.23,--,143,74789,卖盘
1860,09:54:01,5.23,--,192,100416,卖盘
1861,09:53:56,5.23,-0.01,501,262023,卖盘
1862,09:53:31,5.24,0.01,1,524,买盘
1863,09:53:21,5.23,-0.01,60,31380,卖盘
1864,09:53:16,5.24,--,99,51876,买盘
1865,09:53:10,5.24,--,70,36680,买盘
1866,09:53:06,5.24,--,111,58164,买盘
1867,09:53:01,5.24,0.01,66,34584,买盘
1868,09:52:51,5.23,--,140,73220,卖盘
1869,09:52:46,5.23,--,20,10460,卖盘
1870,09:52:40,5.23,-0.01,15,7845,卖盘
1871,09:52:36,5.24,0.01,43,22532,买盘
1872,09:52:31,5.23,--,23,12029,卖盘
1873,09:52:25,5.23,-0.01,151,78973,卖盘
1874,09:52:21,5.24,0.01,65,34191,买盘
1875,09:52:16,5.23,--,361,188803,卖盘
1876,09:52:10,5.23,--,56,29549,卖盘
1877,09:52:06,5.23,-0.01,45,23535,卖盘
1878,09:52:01,5.24,--,27,14148,买盘
1879,09:51:55,5.24,--,4,2096,买盘
1880,09:51:51,5.24,0.01,20,10480,买盘
1881,09:51:46,5.23,-0.01,8,4184,卖盘
1882,09:51:40,5.24,0.01,25,13100,买盘
1883,09:51:35,5.23,-0.01,10,5230,卖盘
1884,09:51:25,5.24,0.01,21,11004,买盘
1885,09:51:20,5.23,-0.01,100,52300,卖盘
1886,09:51:10,5.24,0.01,9,4716,买盘
1887,09:51:05,5.23,--,124,64852,卖盘
1888,09:51:01,5.23,-0.01,100,52300,卖盘
1889,09:50:55,5.24,--,20,10480,买盘
1890,09:50:50,5.24,--,120,62880,买盘
1891,09:50:40,5.24,--,50,26200,买盘
1892,09:50:35,5.24,0.01,266,139384,买盘
1893,09:50:30,5.23,--,780,407940,卖盘
1894,09:50:25,5.23,--,143,74789,卖盘
1895,09:50:20,5.23,-0.01,69,36087,卖盘
1896,09:50:16,5.24,--,31,16244,买盘
1897,09:50:10,5.24,--,30,15720,买盘
1898,09:50:05,5.24,--,129,67596,买盘
1899,09:50:00,5.24,0.01,15,7860,买盘
1900,09:49:55,5.23,--,24,12552,卖盘
1901,09:49:50,5.23,-0.01,4,2092,卖盘
1902,09:49:45,5.24,0.01,20,10480,买盘
1903,09:49:35,5.23,-0.01,199,104077,卖盘
1904,09:49:30,5.24,0.01,50,26200,买盘
1905,09:49:25,5.23,--,44,23012,卖盘
1906,09:49:20,5.23,-0.01,92,48116,卖盘
1907,09:49:15,5.24,--,282,147768,买盘
1908,09:49:10,5.24,--,5,2620,买盘
1909,09:49:05,5.24,0.01,61,31964,买盘
1910,09:49:00,5.23,--,110,57530,卖盘
1911,09:48:55,5.23,--,172,89956,卖盘
1912,09:48:50,5.23,-0.01,71,37133,卖盘
1913,09:48:45,5.24,0.01,60,31440,买盘
1914,09:48:40,5.23,-0.01,1,523,卖盘
1915,09:48:35,5.24,0.01,54,28296,买盘
1916,09:48:25,5.23,--,50,26150,卖盘
1917,09:48:20,5.23,-0.01,171,89433,卖盘
1918,09:48:10,5.24,--,127,66548,买盘
1919,09:48:05,5.24,0.01,304,159296,买盘
1920,09:48:00,5.23,--,125,65375,卖盘
1921,09:47:55,5.23,--,27,14121,卖盘
1922,09:47:45,5.23,--,10,5230,卖盘
1923,09:47:40,5.23,-0.01,13,6799,卖盘
1924,09:47:35,5.24,0.01,35,18340,买盘
1925,09:47:30,5.23,--,312,163176,卖盘
1926,09:47:25,5.23,-0.01,910,475930,卖盘
1927,09:47:15,5.24,0.01,4,2096,买盘
1928,09:47:10,5.23,--,1436,751028,卖盘
1929,09:47:05,5.23,--,693,362439,卖盘
1930,09:47:00,5.23,-0.01,127,66421,卖盘
1931,09:46:55,5.24,--,75,39300,买盘
1932,09:46:50,5.24,--,203,106372,买盘
1933,09:46:45,5.24,--,9,4716,买盘
1934,09:46:40,5.24,0.01,1,524,买盘
1935,09:46:35,5.23,--,203,106169,卖盘
1936,09:46:30,5.23,--,97,50731,卖盘
1937,09:46:20,5.23,--,114,59622,卖盘
1938,09:46:15,5.23,--,112,58576,卖盘
1939,09:46:05,5.23,--,45,23535,卖盘
1940,09:45:54,5.23,-0.01,39,20397,卖盘
1941,09:45:49,5.24,0.01,110,57640,买盘
1942,09:45:40,5.23,--,88,46024,卖盘
1943,09:45:34,5.23,--,99,51777,卖盘
1944,09:45:30,5.23,--,23,12029,卖盘
1945,09:45:19,5.23,--,299,156377,卖盘
1946,09:45:15,5.23,-0.01,191,99893,卖盘
1947,09:45:10,5.24,--,39,20567,买盘
1948,09:45:04,5.24,--,3217,1685708,买盘
1949,09:45:00,5.24,0.01,125,65500,买盘
1950,09:44:55,5.23,--,10,5230,卖盘
1951,09:44:49,5.23,--,361,188803,卖盘
1952,09:44:40,5.23,--,208,108784,卖盘
1953,09:44:34,5.23,-0.01,10,5230,卖盘
1954,09:44:30,5.24,0.01,95,49780,买盘
1955,09:44:19,5.23,--,660,345180,卖盘
1956,09:44:15,5.23,-0.01,235,122905,卖盘
1957,09:44:10,5.24,0.01,83,43492,买盘
1958,09:44:04,5.23,--,76,39748,卖盘
1959,09:43:59,5.23,--,293,153239,卖盘
1960,09:43:55,5.23,--,22,11506,卖盘
1961,09:43:49,5.23,--,29,15167,卖盘
1962,09:43:44,5.23,-0.01,361,188803,卖盘
1963,09:43:40,5.24,--,2,1048,买盘
1964,09:43:34,5.24,--,321,168204,买盘
1965,09:43:29,5.24,0.01,161,84364,买盘
1966,09:43:24,5.23,--,120,62760,卖盘
1967,09:43:19,5.23,-0.01,207,108261,卖盘
1968,09:43:14,5.24,0.01,95,49780,买盘
1969,09:43:09,5.23,--,135,70605,卖盘
1970,09:43:04,5.23,--,65,33995,卖盘
1971,09:42:59,5.23,--,941,492143,卖盘
1972,09:42:49,5.23,--,122,63806,卖盘
1973,09:42:39,5.23,--,39,20397,卖盘
1974,09:42:34,5.23,--,52,27196,卖盘
1975,09:42:19,5.23,-0.01,100,52300,卖盘
1976,09:42:14,5.24,0.01,114,59736,买盘
1977,09:42:09,5.23,--,29,15167,卖盘
1978,09:42:04,5.23,--,378,197694,卖盘
1979,09:41:59,5.23,-0.01,110,57530,卖盘
1980,09:41:49,5.24,--,167,87508,买盘
1981,09:41:44,5.24,0.01,142,74408,买盘
1982,09:41:39,5.23,--,10,5230,卖盘
1983,09:41:34,5.23,--,614,321122,卖盘
1984,09:41:29,5.23,--,168,87864,卖盘
1985,09:41:24,5.23,--,120,62760,卖盘
1986,09:41:19,5.23,--,22,11506,卖盘
1987,09:41:14,5.23,--,228,119244,卖盘
1988,09:41:09,5.23,--,60,31380,卖盘
1989,09:41:04,5.23,-0.01,128,66944,卖盘
1990,09:40:59,5.24,--,230,120624,买盘
1991,09:40:54,5.24,--,1,524,买盘
1992,09:40:49,5.24,--,336,176064,买盘
1993,09:40:44,5.24,--,9,4716,买盘
1994,09:40:39,5.24,--,10,5240,买盘
1995,09:40:34,5.24,0.01,70,36680,买盘
1996,09:40:29,5.23,--,10,5230,卖盘
1997,09:40:24,5.23,-0.01,12,6276,卖盘
1998,09:40:19,5.24,0.01,254,133096,买盘
1999,09:40:14,5.23,--,75,39225,卖盘
2000,09:40:09,5.23,--,20,10460,卖盘
2001,09:40:04,5.23,--,329,172067,卖盘
2002,09:39:54,5.23,-0.01,324,169452,卖盘
2003,09:39:49,5.24,0.01,581,304444,买盘
2004,09:39:44,5.23,-0.01,438,229074,卖盘
2005,09:39:39,5.24,--,191,100084,买盘
2006,09:39:33,5.24,--,50,26200,买盘
2007,09:39:29,5.24,--,129,67596,买盘
2008,09:39:24,5.24,0.01,89,46636,买盘
2009,09:39:18,5.23,--,198,103554,卖盘
2010,09:39:14,5.23,-0.01,50,26150,卖盘
2011,09:39:09,5.24,0.01,85,44540,买盘
2012,09:39:03,5.23,--,187,97801,卖盘
2013,09:38:58,5.23,-0.01,5,2615,卖盘
2014,09:38:54,5.24,0.01,104,54496,买盘
2015,09:38:48,5.23,-0.01,188,98324,卖盘
2016,09:38:43,5.24,--,14,7336,买盘
2017,09:38:39,5.24,0.01,51,26724,买盘
2018,09:38:33,5.23,--,338,176774,卖盘
2019,09:38:28,5.23,--,557,291311,卖盘
2020,09:38:18,5.23,--,127,66421,卖盘
2021,09:38:13,5.23,--,30,15690,卖盘
2022,09:38:09,5.23,--,120,62760,卖盘
2023,09:38:03,5.23,--,130,67990,卖盘
2024,09:37:58,5.23,--,11,5753,卖盘
2025,09:37:54,5.23,--,251,131273,卖盘
2026,09:37:48,5.23,--,107,55961,卖盘
2027,09:37:43,5.23,--,284,148532,卖盘
2028,09:37:39,5.23,-0.01,48,25104,卖盘
2029,09:37:33,5.24,--,201,105324,买盘
2030,09:37:28,5.24,0.01,242,126808,买盘
2031,09:37:23,5.23,--,129,67467,卖盘
2032,09:37:18,5.23,--,70,36610,卖盘
2033,09:37:13,5.23,--,378,197694,买盘
2034,09:37:08,5.23,--,688,359824,买盘
2035,09:36:58,5.23,--,1322,691406,卖盘
2036,09:36:53,5.23,--,121,63283,卖盘
2037,09:36:48,5.23,--,62,32426,卖盘
2038,09:36:43,5.23,-0.01,268,140164,卖盘
2039,09:36:38,5.24,0.01,1543,808532,买盘
2040,09:36:33,5.23,--,182,95186,卖盘
2041,09:36:28,5.23,--,2124,1110852,买盘
2042,09:36:23,5.23,--,169,88387,买盘
2043,09:36:18,5.23,0.01,89,46547,买盘
2044,09:36:13,5.22,-0.01,512,267264,卖盘
2045,09:36:08,5.23,0.01,474,247902,买盘
2046,09:36:03,5.22,-0.01,508,265176,卖盘
2047,09:35:58,5.23,0.01,1660,868180,买盘
2048,09:35:53,5.22,-0.01,563,293886,卖盘
2049,09:35:48,5.23,--,171,89433,买盘
2050,09:35:43,5.23,--,99,51777,买盘
2051,09:35:38,5.23,0.01,214,111922,买盘
2052,09:35:33,5.22,-0.01,77,40194,卖盘
2053,09:35:28,5.23,--,167,87341,买盘
2054,09:35:23,5.23,--,124,64852,买盘
2055,09:35:18,5.23,-0.01,20,10460,买盘
2056,09:35:13,5.24,--,0,0,买盘
2057,09:35:08,5.24,0.02,395,206980,买盘
2058,09:35:03,5.22,-0.01,401,209322,卖盘
2059,09:34:58,5.23,--,2631,1376013,卖盘
2060,09:34:53,5.23,--,1043,545489,卖盘
2061,09:34:43,5.23,--,826,431998,卖盘
2062,09:34:38,5.23,-0.01,427,223321,卖盘
2063,09:34:33,5.24,--,1121,587707,买盘
2064,09:34:28,5.24,0.01,90,47160,买盘
2065,09:34:23,5.23,--,103,53869,卖盘
2066,09:34:18,5.23,--,1304,681992,卖盘
2067,09:34:13,5.23,-0.01,73,38179,卖盘
2068,09:34:08,5.24,0.01,627,328548,买盘
2069,09:34:03,5.23,--,30,15690,卖盘
2070,09:33:58,5.23,-0.01,232,121336,卖盘
2071,09:33:53,5.24,--,372,194928,买盘
2072,09:33:48,5.24,--,426,223224,买盘
2073,09:33:43,5.24,--,202,105848,买盘
2074,09:33:38,5.24,0.01,12,6288,买盘
2075,09:33:33,5.23,-0.01,20,10460,卖盘
2076,09:33:28,5.24,--,118,61832,买盘
2077,09:33:23,5.24,--,10,5240,买盘
2078,09:33:18,5.24,0.01,339,177636,买盘
2079,09:33:13,5.23,-0.01,3199,1673511,卖盘
2080,09:33:08,5.24,--,1133,593692,买盘
2081,09:33:03,5.24,--,195,102180,买盘
2082,09:32:58,5.24,-0.01,841,440684,卖盘
2083,09:32:53,5.25,0.01,251,131775,买盘
2084,09:32:48,5.24,--,10,5240,卖盘
2085,09:32:43,5.24,--,170,89080,卖盘
2086,09:32:38,5.24,-0.01,679,355796,卖盘
2087,09:32:28,5.25,0.01,628,329700,买盘
2088,09:32:22,5.24,0.01,658,344792,买盘
2089,09:32:18,5.23,-0.01,297,155331,卖盘
2090,09:32:12,5.24,--,54,28296,买盘
2091,09:32:07,5.24,-0.01,190,99560,中性盘
2092,09:32:03,5.25,0.01,1458,765450,买盘
2093,09:31:57,5.24,-0.01,288,150912,卖盘
2094,09:31:52,5.25,--,692,363300,买盘
2095,09:31:48,5.25,0.01,795,417375,买盘
2096,09:31:42,5.24,-0.01,270,141480,卖盘
2097,09:31:37,5.25,0.01,310,162750,买盘
2098,09:31:33,5.24,-0.01,4243,2223332,卖盘
2099,09:31:27,5.25,0.01,183,96075,买盘
2100,09:31:22,5.24,--,263,137812,卖盘
2101,09:31:17,5.24,--,256,134144,卖盘
2102,09:31:12,5.24,-0.01,119,62356,卖盘
2103,09:31:07,5.25,0.01,117,61425,买盘
2104,09:31:02,5.24,-0.01,114,59736,卖盘
2105,09:30:57,5.25,0.01,36,18900,买盘
2106,09:30:52,5.24,-0.01,616,322784,卖盘
2107,09:30:47,5.25,0.01,145,76125,买盘
2108,09:30:42,5.24,-0.01,15,7860,卖盘
2109,09:30:37,5.25,0.01,142,74550,买盘
2110,09:30:32,5.24,-0.01,477,249948,卖盘
2111,09:30:22,5.25,--,150,78750,买盘
2112,09:30:12,5.25,--,15,7875,买盘
2113,09:30:07,5.25,--,5588,2933700,卖盘
2114,09:30:02,5.25,--,202,106050,卖盘
2115,09:28:46,5.25,--,0,0,卖盘
2116,09:25:09,5.25,5.25,1783,936075,买盘
