,time,price,change,volume,amount,type
0,15:00:00,8.82,--,0,0,买盘
1,15:00:00,8.82,--,0,0,买盘
2,14:59:58,8.82,--,66,58212,买盘
3,14:59:48,8.82,--,42,37044,卖盘
4,14:59:43,8.82,--,0,0,卖盘
5,14:59:33,8.82,-0.02,5,4410,卖盘
6,14:59:28,8.84,0.02,100,88400,买盘
7,14:59:18,8.82,--,13,11466,买盘
8,14:59:13,8.82,0.01,100,88200,买盘
9,14:59:03,8.81,0.01,65,57265,买盘
10,14:58:47,8.8,-0.01,31,27280,卖盘
11,14:58:33,8.81,--,13,11453,买盘
12,14:58:28,8.81,0.01,100,88100,买盘
13,14:58:18,8.8,--,67,58960,买盘
14,14:58:13,8.8,--,40,35200,买盘
15,14:58:08,8.8,--,2,1760,买盘
16,14:57:58,8.8,0.01,100,88000,买盘
17,14:57:48,8.79,-0.01,35,30764,卖盘
18,14:57:43,8.8,--,70,61600,买盘
19,14:57:38,8.8,--,85,74800,卖盘
20,14:57:33,8.8,-0.01,50,44000,卖盘
21,14:57:23,8.81,--,167,147127,买盘
22,14:57:17,8.81,--,3,2643,买盘
23,14:57:13,8.81,0.01,13,11453,买盘
24,14:57:03,8.8,--,43,37840,卖盘
25,14:56:22,8.8,--,17,14960,买盘
26,14:56:17,8.8,--,22,19360,买盘
27,14:56:13,8.8,--,292,256960,卖盘
28,14:56:07,8.8,--,15,13200,卖盘
29,14:56:02,8.8,--,6,5280,卖盘
30,14:55:52,8.8,--,18,15840,卖盘
31,14:55:47,8.8,-0.01,8,7040,卖盘
32,14:55:42,8.81,0.01,50,44050,买盘
33,14:55:37,8.8,--,24,21120,卖盘
34,14:55:27,8.8,--,42,36960,卖盘
35,14:55:17,8.8,--,43,37840,卖盘
36,14:55:07,8.8,-0.01,20,17600,卖盘
37,14:55:02,8.81,--,4,3524,买盘
38,14:54:57,8.81,0.01,37,32597,买盘
39,14:54:52,8.8,-0.01,10,8800,卖盘
40,14:54:42,8.81,0.01,75,66075,买盘
41,14:54:37,8.8,-0.01,41,36080,卖盘
42,14:54:32,8.81,0.01,90,79290,买盘
43,14:54:27,8.8,--,4,3520,卖盘
44,14:54:22,8.8,-0.01,13,11440,卖盘
45,14:54:17,8.81,0.01,14,12334,买盘
46,14:54:12,8.8,--,235,206800,卖盘
47,14:54:02,8.8,--,71,62480,卖盘
48,14:53:57,8.8,--,10,8800,卖盘
49,14:53:32,8.8,--,2,1760,卖盘
50,14:53:07,8.8,--,108,95040,卖盘
51,14:52:57,8.8,--,8,7040,卖盘
52,14:52:27,8.8,0.01,94,82720,中性盘
53,14:52:22,8.79,-0.02,90,79109,卖盘
54,14:52:17,8.81,--,3,2643,买盘
55,14:52:11,8.81,--,106,93386,买盘
56,14:52:02,8.81,0.01,24,21144,买盘
57,14:51:42,8.8,--,28,24640,买盘
58,14:51:37,8.8,--,17,14960,买盘
59,14:51:27,8.8,--,5,4400,买盘
60,14:51:22,8.8,--,2,1760,买盘
61,14:51:12,8.8,--,21,18480,买盘
62,14:51:07,8.8,-0.01,1538,1353440,卖盘
63,14:51:02,8.81,--,11,9691,买盘
64,14:50:56,8.81,--,33,29073,买盘
65,14:50:51,8.81,--,114,100434,买盘
66,14:50:47,8.81,0.01,12,10572,买盘
67,14:50:41,8.8,--,73,64240,卖盘
68,14:50:37,8.8,-0.01,20,17600,卖盘
69,14:50:27,8.81,--,2,1762,买盘
70,14:50:12,8.81,--,5,4405,买盘
71,14:50:06,8.81,--,10,8810,买盘
72,14:49:56,8.81,0.01,4,3524,买盘
73,14:49:46,8.8,-0.01,8,7040,卖盘
74,14:49:41,8.81,0.01,1,881,买盘
75,14:49:36,8.8,--,40,35200,卖盘
76,14:49:26,8.8,--,100,88000,卖盘
77,14:49:16,8.8,0.01,6,5280,卖盘
78,14:49:06,8.79,-0.02,1,878,卖盘
79,14:49:01,8.81,0.02,15,13215,买盘
80,14:48:56,8.79,--,3,2636,卖盘
81,14:48:51,8.79,--,0,0,卖盘
82,14:48:46,8.79,--,12,10547,卖盘
83,14:48:36,8.79,-0.01,62,54497,卖盘
84,14:48:31,8.8,--,0,0,中性盘
85,14:48:21,8.8,0.01,10,8800,中性盘
86,14:48:11,8.79,-0.01,148,130091,卖盘
87,14:48:06,8.8,-0.01,73,64240,卖盘
88,14:48:01,8.81,--,392,345352,买盘
89,14:47:56,8.81,0.01,20,17620,买盘
90,14:47:46,8.8,-0.01,40,35200,卖盘
91,14:47:36,8.81,--,38,33478,买盘
92,14:47:21,8.81,--,30,26430,买盘
93,14:47:16,8.81,0.01,21,18501,买盘
94,14:47:06,8.8,0.01,34,29920,卖盘
95,14:46:51,8.79,-0.01,160,140640,卖盘
96,14:46:46,8.8,-0.01,10,8800,卖盘
97,14:46:41,8.81,0.01,394,347114,买盘
98,14:46:36,8.8,0.01,21,18480,卖盘
99,14:46:11,8.79,--,0,0,卖盘
100,14:46:06,8.79,-0.01,82,72078,卖盘
101,14:46:01,8.8,--,10,8800,卖盘
102,14:45:51,8.8,--,41,36080,买盘
103,14:45:46,8.8,--,81,71280,买盘
104,14:45:41,8.8,-0.01,3,2640,卖盘
105,14:45:36,8.81,0.01,87,76647,买盘
106,14:45:31,8.8,0.01,1,880,买盘
107,14:45:25,8.79,--,0,0,卖盘
108,14:45:05,8.79,--,41,36039,卖盘
109,14:44:45,8.79,-0.01,213,187226,卖盘
110,14:44:35,8.8,--,248,218240,卖盘
111,14:44:30,8.8,--,4,3520,卖盘
112,14:43:50,8.8,--,42,36960,买盘
113,14:43:46,8.8,0.01,164,144320,买盘
114,14:43:41,8.79,-0.01,134,117785,卖盘
115,14:43:35,8.8,--,34,29920,买盘
116,14:43:30,8.8,--,72,63360,买盘
117,14:43:21,8.8,--,2,1760,卖盘
118,14:43:15,8.8,--,10,8800,卖盘
119,14:42:55,8.8,0.01,28,24640,卖盘
120,14:42:45,8.79,--,31,27248,卖盘
121,14:42:35,8.79,-0.02,1,878,卖盘
122,14:42:24,8.81,0.02,90,79290,买盘
123,14:42:19,8.79,-0.01,41,36039,卖盘
124,14:42:15,8.8,--,78,68640,卖盘
125,14:42:10,8.8,--,22,19360,卖盘
126,14:42:05,8.8,--,20,17600,卖盘
127,14:42:00,8.8,--,10,8800,卖盘
128,14:41:55,8.8,--,81,71280,卖盘
129,14:41:50,8.8,--,57,50160,卖盘
130,14:41:45,8.8,--,81,71280,卖盘
131,14:41:05,8.8,-0.01,2,1760,卖盘
132,14:41:00,8.81,--,267,235227,卖盘
133,14:40:35,8.81,-0.01,6,5286,卖盘
134,14:40:30,8.82,--,10,8820,买盘
135,14:40:25,8.82,--,2,1764,买盘
136,14:40:15,8.82,0.01,20,17640,买盘
137,14:40:05,8.81,-0.01,13,11453,卖盘
138,14:40:00,8.82,--,5,4410,买盘
139,14:39:54,8.82,--,45,39690,买盘
140,14:39:50,8.82,0.01,15,13230,买盘
141,14:39:45,8.81,--,0,0,卖盘
142,14:39:40,8.81,--,6,5286,卖盘
143,14:39:35,8.81,--,2,1762,卖盘
144,14:39:15,8.81,--,10,8810,卖盘
145,14:38:50,8.81,--,194,170914,买盘
146,14:38:45,8.81,--,600,528600,买盘
147,14:38:40,8.81,0.01,601,529481,买盘
148,14:38:35,8.8,-0.01,5,4400,卖盘
149,14:38:29,8.81,--,10,8810,买盘
150,14:38:15,8.81,0.01,2,1762,买盘
151,14:37:59,8.8,-0.01,10,8800,卖盘
152,14:37:44,8.81,--,160,140960,买盘
153,14:37:39,8.81,0.01,100,88100,买盘
154,14:37:29,8.8,--,14,12320,中性盘
155,14:37:24,8.8,--,10,8800,卖盘
156,14:37:19,8.8,--,83,73040,卖盘
157,14:37:00,8.8,-0.01,184,161920,卖盘
158,14:36:54,8.81,0.01,6,5286,买盘
159,14:36:44,8.8,-0.01,10,8800,卖盘
160,14:36:33,8.81,0.01,74,65194,买盘
161,14:36:28,8.8,-0.01,5,4400,卖盘
162,14:35:58,8.81,--,10,8810,买盘
163,14:35:54,8.81,--,19,16739,买盘
164,14:35:44,8.81,0.01,4,3524,买盘
165,14:35:39,8.8,-0.01,20,17600,卖盘
166,14:35:28,8.81,--,5,4405,买盘
167,14:35:24,8.81,-0.02,490,431690,卖盘
168,14:35:04,8.83,--,40,35320,买盘
169,14:34:54,8.83,--,2,1766,买盘
170,14:34:49,8.83,--,5,4415,买盘
171,14:34:39,8.83,--,37,32671,买盘
172,14:34:34,8.83,--,20,17660,买盘
173,14:34:19,8.83,0.01,40,35320,买盘
174,14:33:54,8.82,--,183,161406,买盘
175,14:33:49,8.82,--,1,882,买盘
176,14:33:39,8.82,--,45,39690,买盘
177,14:33:34,8.82,--,121,106722,买盘
178,14:33:28,8.82,--,5,4410,买盘
179,14:33:24,8.82,--,51,44982,卖盘
180,14:33:18,8.82,--,18,15876,卖盘
181,14:33:04,8.82,--,131,115542,买盘
182,14:32:58,8.82,--,53,46746,买盘
183,14:32:54,8.82,--,39,34398,买盘
184,14:32:48,8.82,--,133,117306,买盘
185,14:32:44,8.82,--,25,22050,买盘
186,14:32:39,8.82,--,50,44100,买盘
187,14:32:28,8.82,--,85,74970,买盘
188,14:32:24,8.82,--,20,17640,买盘
189,14:32:18,8.82,-0.01,36,31752,卖盘
190,14:32:14,8.83,--,25,22075,买盘
191,14:32:09,8.83,0.01,80,70640,买盘
192,14:31:54,8.82,-0.01,149,131418,卖盘
193,14:31:49,8.83,--,80,70640,买盘
194,14:31:39,8.83,--,9,7947,买盘
195,14:31:28,8.83,0.01,2,1766,买盘
196,14:31:23,8.82,--,41,36162,卖盘
197,14:31:08,8.82,0.02,362,319284,买盘
198,14:31:04,8.8,-0.01,751,660880,卖盘
199,14:30:53,8.81,--,1886,1661566,买盘
200,14:30:43,8.81,--,12,10572,买盘
201,14:30:33,8.81,--,12,10572,买盘
202,14:30:28,8.81,--,76,66956,买盘
203,14:29:57,8.81,--,32,28192,买盘
204,14:29:28,8.81,--,0,0,买盘
205,14:29:18,8.81,0.02,3,2643,买盘
206,14:29:03,8.79,0.01,5,4395,卖盘
207,14:28:52,8.78,--,0,0,卖盘
208,14:28:42,8.78,0.02,8,7023,卖盘
209,14:28:37,8.76,--,0,0,卖盘
210,14:28:33,8.76,-0.02,315,275940,卖盘
211,14:28:27,8.78,--,0,0,卖盘
212,14:28:22,8.78,-0.02,572,502215,卖盘
213,14:28:12,8.8,0.01,1665,1465200,买盘
214,14:27:57,8.79,--,26,22853,卖盘
215,14:27:52,8.79,--,15,13184,卖盘
216,14:27:43,8.79,--,16,14063,卖盘
217,14:27:33,8.79,--,40,35160,卖盘
218,14:27:18,8.79,--,6,5273,卖盘
219,14:26:48,8.79,-0.01,277,243482,卖盘
220,14:26:42,8.8,--,266,234080,卖盘
221,14:26:07,8.8,-0.01,50,44000,卖盘
222,14:25:48,8.81,--,10,8810,卖盘
223,14:25:32,8.81,0.01,20,17620,买盘
224,14:25:18,8.8,--,6,5280,卖盘
225,14:25:03,8.8,--,0,0,卖盘
226,14:24:57,8.8,-0.01,71,62480,卖盘
227,14:24:52,8.81,--,35,30835,卖盘
228,14:24:47,8.81,--,6,5286,卖盘
229,14:24:37,8.81,--,6,5286,卖盘
230,14:24:27,8.81,0.01,43,37883,买盘
231,14:24:18,8.8,-0.01,79,69520,卖盘
232,14:24:12,8.81,0.01,45,39645,买盘
233,14:23:52,8.8,-0.01,6,5280,卖盘
234,14:23:31,8.81,-0.01,227,199987,卖盘
235,14:23:22,8.82,--,5,4410,买盘
236,14:22:57,8.82,--,1,882,买盘
237,14:22:52,8.82,--,12,10584,买盘
238,14:22:31,8.82,--,4,3528,买盘
239,14:22:12,8.82,-0.01,55,48510,卖盘
240,14:22:06,8.83,--,11,9713,买盘
241,14:21:51,8.83,0.01,5,4415,买盘
242,14:21:27,8.82,--,1,882,卖盘
243,14:20:46,8.82,--,1,882,卖盘
244,14:20:42,8.82,--,1,882,卖盘
245,14:20:36,8.82,--,19,16758,卖盘
246,14:20:27,8.82,--,1,882,卖盘
247,14:20:21,8.82,--,50,44100,卖盘
248,14:19:46,8.82,-0.02,1,882,卖盘
249,14:19:42,8.84,0.02,1,884,买盘
250,14:19:21,8.82,-0.02,25,22050,卖盘
251,14:19:12,8.84,0.02,125,110500,买盘
252,14:19:01,8.82,--,6,5292,卖盘
253,14:18:51,8.82,0.01,18,15876,卖盘
254,14:18:36,8.81,--,0,0,卖盘
255,14:18:21,8.81,-0.01,86,75766,卖盘
256,14:18:16,8.82,-0.01,6,5292,卖盘
257,14:18:11,8.83,--,77,67991,卖盘
258,14:18:01,8.83,0.01,173,152759,买盘
259,14:17:56,8.82,--,30,26460,卖盘
260,14:17:51,8.82,--,15,13230,卖盘
261,14:17:27,8.82,--,6,5292,卖盘
262,14:17:01,8.82,--,32,28224,买盘
263,14:16:36,8.82,--,1,882,买盘
264,14:15:56,8.82,0.02,1,882,买盘
265,14:15:36,8.8,--,0,0,卖盘
266,14:15:16,8.8,--,1,880,卖盘
267,14:15:10,8.8,-0.02,17,14960,卖盘
268,14:15:06,8.82,0.02,20,17640,买盘
269,14:14:55,8.8,--,11,9680,卖盘
270,14:14:45,8.8,--,3,2640,卖盘
271,14:14:35,8.8,0.01,20,17600,卖盘
272,14:14:30,8.79,--,0,0,卖盘
273,14:14:25,8.79,-0.01,84,73836,卖盘
274,14:14:15,8.8,--,80,70400,卖盘
275,14:14:05,8.8,-0.02,103,90640,卖盘
276,14:14:00,8.82,0.02,1,882,买盘
277,14:13:55,8.8,--,0,0,卖盘
278,14:13:45,8.8,-0.02,101,88880,卖盘
279,14:13:30,8.82,--,8,7056,买盘
280,14:13:15,8.82,--,7,6174,买盘
281,14:12:51,8.82,0.01,4,3528,买盘
282,14:12:45,8.81,--,10,8810,卖盘
283,14:12:06,8.81,0.01,18,15858,买盘
284,14:12:00,8.8,-0.01,2,1760,卖盘
285,14:11:45,8.81,--,1,881,买盘
286,14:11:15,8.81,0.01,1,881,卖盘
287,14:11:06,8.8,--,0,0,卖盘
288,14:10:45,8.8,--,21,18480,买盘
289,14:10:30,8.8,--,5,4400,买盘
290,14:10:15,8.8,0.02,10,8800,买盘
291,14:10:05,8.78,-0.01,19,16682,卖盘
292,14:10:00,8.79,0.01,25,21974,卖盘
293,14:09:50,8.78,--,0,0,卖盘
294,14:09:45,8.78,-0.02,163,143114,卖盘
295,14:09:40,8.8,0.01,10,8800,买盘
296,14:09:35,8.79,-0.01,100,87899,卖盘
297,14:09:25,8.8,--,22,19360,买盘
298,14:09:20,8.8,0.01,19,16720,买盘
299,14:09:15,8.79,-0.01,54,47465,卖盘
300,14:09:05,8.8,0.01,10,8800,买盘
301,14:08:55,8.79,-0.01,11,9668,卖盘
302,14:08:45,8.8,--,39,34320,买盘
303,14:08:40,8.8,0.01,10,8800,买盘
304,14:08:35,8.79,-0.01,8,7031,卖盘
305,14:08:30,8.8,--,34,29920,买盘
306,14:08:25,8.8,0.01,8,7040,买盘
307,14:08:20,8.79,--,71,62408,卖盘
308,14:08:15,8.79,--,50,43949,卖盘
309,14:08:09,8.79,--,10,8790,卖盘
310,14:08:05,8.79,-0.01,20,17580,卖盘
311,14:08:00,8.8,0.01,52,45760,买盘
312,14:07:54,8.79,--,65,57134,卖盘
313,14:07:45,8.79,-0.01,36,31643,卖盘
314,14:07:39,8.8,--,20,17600,买盘
315,14:07:34,8.8,--,136,119680,买盘
316,14:07:30,8.8,--,20,17600,买盘
317,14:07:24,8.8,--,1,880,买盘
318,14:07:15,8.8,--,5,4400,买盘
319,14:06:54,8.8,--,25,22000,买盘
320,14:06:39,8.8,-0.02,1293,1137840,卖盘
321,14:06:14,8.82,--,8,7056,卖盘
322,14:04:59,8.82,-0.01,305,269010,卖盘
323,14:04:54,8.83,--,59,52097,卖盘
324,14:04:44,8.83,--,60,52980,卖盘
325,14:04:34,8.83,--,50,44150,卖盘
326,14:03:29,8.83,-0.01,5,4415,卖盘
327,14:02:34,8.84,--,9,7956,买盘
328,14:02:04,8.84,--,20,17680,买盘
329,14:01:59,8.84,-0.01,3,2652,买盘
330,14:01:44,8.85,--,0,0,买盘
331,14:01:24,8.85,--,0,0,买盘
332,14:01:09,8.85,0.02,32,28320,买盘
333,14:00:59,8.83,--,11,9713,买盘
334,14:00:54,8.83,-0.01,37,32671,卖盘
335,14:00:48,8.84,--,4,3536,买盘
336,14:00:44,8.84,0.01,2,1768,买盘
337,14:00:24,8.83,-0.01,1,883,卖盘
338,14:00:09,8.84,0.01,6,5304,买盘
339,14:00:03,8.83,-0.01,6,5298,卖盘
340,13:59:54,8.84,0.02,2,1768,买盘
341,13:59:33,8.82,--,0,0,卖盘
342,13:59:13,8.82,--,1,882,卖盘
343,13:59:03,8.82,--,7,6174,卖盘
344,13:58:53,8.82,-0.03,23,20286,卖盘
345,13:58:48,8.85,0.03,36,31860,买盘
346,13:58:38,8.82,--,31,27342,卖盘
347,13:58:33,8.82,--,157,138474,卖盘
348,13:58:23,8.82,--,15,13230,买盘
349,13:58:08,8.82,--,96,84672,卖盘
350,13:58:03,8.82,--,30,26460,卖盘
351,13:57:53,8.82,--,22,19404,卖盘
352,13:57:23,8.82,--,17,14994,卖盘
353,13:57:08,8.82,0.01,80,70560,买盘
354,13:57:03,8.81,-0.01,269,236989,卖盘
355,13:56:58,8.82,--,5,4410,买盘
356,13:56:53,8.82,-0.01,367,323694,卖盘
357,13:56:43,8.83,-0.02,5,4415,中性盘
358,13:56:23,8.85,0.03,5,4425,买盘
359,13:56:18,8.82,-0.03,80,70560,卖盘
360,13:56:13,8.85,--,0,0,买盘
361,13:55:53,8.85,0.03,55,48675,买盘
362,13:55:18,8.82,--,2,1764,卖盘
363,13:55:03,8.82,--,1,882,卖盘
364,13:54:18,8.82,-0.03,1,882,卖盘
365,13:54:13,8.85,-0.01,9,7965,中性盘
366,13:53:57,8.86,0.05,12,10632,买盘
367,13:53:33,8.81,--,33,29073,卖盘
368,13:53:27,8.81,-0.01,218,192058,卖盘
369,13:53:18,8.82,--,119,104958,买盘
370,13:53:12,8.82,--,40,35280,买盘
371,13:53:08,8.82,--,43,37926,买盘
372,13:53:02,8.82,0.02,14,12348,买盘
373,13:52:27,8.8,-0.01,137,120560,卖盘
374,13:52:23,8.81,--,10,8810,买盘
375,13:52:18,8.81,--,287,252847,买盘
376,13:52:12,8.81,--,13,11453,买盘
377,13:52:07,8.81,--,288,253728,卖盘
378,13:51:57,8.81,-0.01,568,500408,卖盘
379,13:51:48,8.82,-0.04,1316,1160712,卖盘
380,13:51:41,8.86,0.01,10,8860,买盘
381,13:51:37,8.85,--,5,4425,卖盘
382,13:51:07,8.85,--,3,2655,卖盘
383,13:50:57,8.85,0.01,5,4425,卖盘
384,13:50:47,8.84,-0.01,194,171496,卖盘
385,13:50:37,8.85,--,12,10620,卖盘
386,13:50:32,8.85,--,1,885,卖盘
387,13:50:17,8.85,--,9,7965,卖盘
388,13:49:47,8.85,--,20,17700,卖盘
389,13:48:32,8.85,--,3,2655,卖盘
390,13:48:27,8.85,--,1,885,卖盘
391,13:48:02,8.85,--,37,32745,卖盘
392,13:47:52,8.85,--,35,30975,卖盘
393,13:47:47,8.85,--,21,18585,卖盘
394,13:47:42,8.85,-0.01,8,7080,卖盘
395,13:47:27,8.86,--,100,88600,买盘
396,13:46:41,8.86,0.01,30,26580,买盘
397,13:45:32,8.85,--,4,3540,卖盘
398,13:45:16,8.85,--,264,233640,卖盘
399,13:45:11,8.85,-0.01,73,64605,卖盘
400,13:45:06,8.86,--,200,177200,买盘
401,13:44:12,8.86,0.01,45,39870,买盘
402,13:44:01,8.85,0.01,9,7965,卖盘
403,13:43:16,8.84,--,0,0,卖盘
404,13:43:11,8.84,-0.01,25,22100,卖盘
405,13:43:06,8.85,-0.01,14,12390,卖盘
406,13:42:46,8.86,0.01,38,33668,买盘
407,13:42:41,8.85,-0.01,2,1770,卖盘
408,13:42:31,8.86,--,200,177200,买盘
409,13:42:26,8.86,--,0,0,买盘
410,13:42:05,8.86,--,250,221500,买盘
411,13:41:56,8.86,--,208,184288,卖盘
412,13:41:26,8.86,--,28,24808,卖盘
413,13:41:16,8.86,-0.01,4,3544,卖盘
414,13:40:26,8.87,0.01,20,17740,买盘
415,13:39:15,8.86,--,27,23922,卖盘
416,13:38:45,8.86,--,1,886,卖盘
417,13:38:35,8.86,--,5,4430,卖盘
418,13:37:45,8.86,--,21,18606,卖盘
419,13:37:25,8.86,--,3,2658,卖盘
420,13:37:15,8.86,--,102,90372,买盘
421,13:37:00,8.86,--,239,211754,买盘
422,13:36:56,8.86,--,32,28352,买盘
423,13:36:50,8.86,--,100,88600,买盘
424,13:36:45,8.86,--,1,886,买盘
425,13:36:41,8.86,--,30,26580,买盘
426,13:36:35,8.86,--,10,8860,买盘
427,13:36:30,8.86,--,30,26580,买盘
428,13:36:15,8.86,--,5,4430,买盘
429,13:36:10,8.86,--,14,12404,买盘
430,13:36:00,8.86,--,5,4430,买盘
431,13:35:50,8.86,0.01,71,62905,买盘
432,13:35:45,8.85,-0.01,3,2655,卖盘
433,13:35:35,8.86,--,80,70880,买盘
434,13:35:30,8.86,0.01,10,8860,买盘
435,13:35:10,8.85,-0.01,9,7965,卖盘
436,13:35:05,8.86,0.02,55,48730,买盘
437,13:34:55,8.84,-0.01,138,121992,卖盘
438,13:34:50,8.85,-0.01,139,123015,卖盘
439,13:34:45,8.86,0.01,228,202008,买盘
440,13:34:40,8.85,--,16,14160,卖盘
441,13:34:35,8.85,-0.01,1,885,卖盘
442,13:34:30,8.86,--,120,106320,买盘
443,13:34:09,8.86,--,5,4430,买盘
444,13:33:55,8.86,0.01,8,7088,买盘
445,13:33:45,8.85,-0.01,20,17700,卖盘
446,13:33:40,8.86,--,37,32782,买盘
447,13:33:30,8.86,--,1,886,买盘
448,13:33:14,8.86,0.01,12,10632,买盘
449,13:33:09,8.85,-0.01,2,1770,卖盘
450,13:32:54,8.86,-0.01,27,23922,卖盘
451,13:32:44,8.87,--,10,8870,买盘
452,13:32:29,8.87,0.01,5,4435,买盘
453,13:31:54,8.86,-0.01,2,1772,卖盘
454,13:31:39,8.87,--,10,8870,买盘
455,13:31:09,8.87,0.01,10,8870,买盘
456,13:30:29,8.86,0.01,1,886,卖盘
457,13:30:04,8.85,0.02,2,1770,中性盘
458,13:30:00,8.83,-0.03,318,280794,卖盘
459,13:29:54,8.86,--,469,415534,买盘
460,13:29:39,8.86,--,3,2658,买盘
461,13:29:29,8.86,--,10,8860,买盘
462,13:29:09,8.86,--,20,17720,买盘
463,13:28:29,8.86,--,10,8860,买盘
464,13:28:09,8.86,0.01,6,5316,买盘
465,13:27:09,8.85,-0.01,10,8850,卖盘
466,13:24:53,8.86,0.01,25,22150,买盘
467,13:23:53,8.85,--,5,4425,卖盘
468,13:23:47,8.85,--,22,19470,卖盘
469,13:23:43,8.85,--,1,885,卖盘
470,13:23:23,8.85,-0.01,1,885,卖盘
471,13:22:53,8.86,0.01,2,1772,买盘
472,13:22:38,8.85,--,8,7080,卖盘
473,13:21:38,8.85,--,2,1770,卖盘
474,13:21:28,8.85,0.02,91,80535,买盘
475,13:21:03,8.83,-0.01,1,883,卖盘
476,13:20:53,8.84,--,5,4420,买盘
477,13:20:38,8.84,--,16,14144,卖盘
478,13:20:32,8.84,-0.01,3,2652,卖盘
479,13:20:13,8.85,--,18,15930,卖盘
480,13:19:58,8.85,-0.01,2,1770,卖盘
481,13:19:48,8.86,--,0,0,买盘
482,13:19:17,8.86,--,0,0,买盘
483,13:18:17,8.86,--,0,0,买盘
484,13:18:01,8.86,--,0,0,买盘
485,13:17:42,8.86,0.02,10,8860,买盘
486,13:17:17,8.84,0.01,12,10608,买盘
487,13:16:57,8.83,--,3,2649,卖盘
488,13:16:32,8.83,--,95,83885,卖盘
489,13:16:27,8.83,-0.01,113,99779,卖盘
490,13:16:17,8.84,--,308,272272,卖盘
491,13:15:12,8.84,-0.01,2,1768,卖盘
492,13:14:32,8.85,--,1,885,买盘
493,13:14:27,8.85,--,13,11505,卖盘
494,13:14:22,8.85,--,10,8850,卖盘
495,13:14:17,8.85,--,26,23010,卖盘
496,13:14:07,8.85,--,9,7965,卖盘
497,13:12:27,8.85,-0.01,10,8850,卖盘
498,13:12:11,8.86,-0.01,1,886,卖盘
499,13:11:41,8.87,--,0,0,买盘
500,13:11:11,8.87,--,3,2660,卖盘
501,13:11:06,8.87,--,0,0,中性盘
502,13:10:46,8.87,--,100,88699,买盘
503,13:10:41,8.87,--,5,4435,买盘
504,13:10:36,8.87,--,10,8870,买盘
505,13:10:21,8.87,--,5,4435,买盘
506,13:10:06,8.87,--,0,0,买盘
507,13:09:56,8.87,0.02,20,17740,买盘
508,13:09:31,8.85,--,127,112395,买盘
509,13:09:20,8.85,--,261,230985,买盘
510,13:09:01,8.85,--,7,6195,买盘
511,13:08:31,8.85,--,10,8850,买盘
512,13:08:26,8.85,--,11,9735,买盘
513,13:08:01,8.85,--,20,17700,买盘
514,13:07:36,8.85,0.01,1,885,买盘
515,13:07:20,8.84,-0.01,7,6188,卖盘
516,13:07:01,8.85,--,5,4425,买盘
517,13:06:41,8.85,0.01,5,4425,买盘
518,13:06:36,8.84,-0.01,92,81328,卖盘
519,13:06:26,8.85,--,65,57525,卖盘
520,13:06:20,8.85,--,0,0,卖盘
521,13:06:01,8.85,0.01,2,1770,卖盘
522,13:05:56,8.84,--,0,0,卖盘
523,13:05:46,8.84,--,0,0,卖盘
524,13:05:31,8.84,0.01,4,3536,卖盘
525,13:05:11,8.83,--,0,0,卖盘
526,13:05:05,8.83,-0.01,48,42384,卖盘
527,13:04:55,8.84,0.01,20,17680,买盘
528,13:04:30,8.83,-0.01,139,122737,卖盘
529,13:04:20,8.84,-0.01,205,181220,卖盘
530,13:04:05,8.85,--,2,1770,卖盘
531,13:04:00,8.85,--,2,1770,卖盘
532,13:03:30,8.85,--,5,4425,卖盘
533,13:03:05,8.85,-0.03,93,82305,卖盘
534,13:02:55,8.88,--,33,29304,卖盘
535,13:02:45,8.88,-0.01,30,26640,卖盘
536,13:02:35,8.89,0.01,76,67564,买盘
537,13:02:30,8.88,--,2,1776,卖盘
538,13:02:19,8.88,0.02,100,88800,买盘
539,13:01:59,8.86,0.01,2,1772,卖盘
540,13:01:50,8.85,--,0,0,卖盘
541,13:01:45,8.85,--,0,0,卖盘
542,13:01:40,8.85,-0.02,100,88500,卖盘
543,13:01:30,8.87,0.01,2,1773,卖盘
544,13:01:20,8.86,--,0,0,卖盘
545,13:01:10,8.86,--,0,0,卖盘
546,13:00:59,8.86,--,0,0,卖盘
547,13:00:50,8.86,-0.02,137,121381,卖盘
548,13:00:45,8.88,--,134,118992,卖盘
549,13:00:05,8.88,--,264,234432,买盘
550,11:30:00,8.88,--,0,0,买盘
551,11:30:00,8.88,--,0,0,买盘
552,11:29:54,8.88,0.01,12,10656,买盘
553,11:29:49,8.87,--,3,2660,卖盘
554,11:29:45,8.87,--,134,118857,买盘
555,11:29:15,8.87,0.01,5,4435,买盘
556,11:28:44,8.86,--,10,8860,买盘
557,11:28:30,8.86,--,27,23922,买盘
558,11:28:24,8.86,0.01,10,8860,买盘
559,11:27:45,8.85,--,3,2655,卖盘
560,11:26:44,8.85,0.02,4,3540,买盘
561,11:25:30,8.83,-0.01,131,115673,卖盘
562,11:25:18,8.84,--,151,133484,买盘
563,11:25:09,8.84,--,14,12376,买盘
564,11:25:05,8.84,--,3,2652,买盘
565,11:25:00,8.84,0.01,12,10608,买盘
566,11:24:44,8.83,--,166,146578,买盘
567,11:24:29,8.83,--,133,117439,买盘
568,11:24:24,8.83,-0.01,45,39735,中性盘
569,11:24:18,8.84,0.02,5,4420,买盘
570,11:24:15,8.82,-0.02,197,173754,卖盘
571,11:24:09,8.84,-0.01,105,92820,卖盘
572,11:23:44,8.85,0.03,50,44250,买盘
573,11:22:39,8.82,--,4,4330,买盘
574,11:22:33,8.82,--,176,155311,卖盘
575,11:22:24,8.82,--,11,9702,卖盘
576,11:22:18,8.82,--,0,0,卖盘
577,11:22:09,8.82,--,21,18522,卖盘
578,11:22:03,8.82,-0.01,3,2646,卖盘
579,11:21:54,8.83,--,5,4415,买盘
580,11:21:44,8.83,--,184,162992,卖盘
581,11:21:33,8.83,-0.01,5,4415,卖盘
582,11:21:29,8.84,--,0,0,买盘
583,11:20:53,8.84,--,115,101660,卖盘
584,11:20:44,8.84,-0.01,4,3536,卖盘
585,11:19:08,8.85,--,10,8850,买盘
586,11:18:48,8.85,--,5,4425,买盘
587,11:17:59,8.85,--,65,57525,卖盘
588,11:14:53,8.85,0.01,7,6195,买盘
589,11:14:38,8.84,-0.01,32,28288,卖盘
590,11:14:23,8.85,0.01,3,2655,卖盘
591,11:14:12,8.84,--,0,0,卖盘
592,11:14:08,8.84,--,2,1768,卖盘
593,11:13:53,8.84,--,0,0,卖盘
594,11:13:32,8.84,--,0,0,卖盘
595,11:13:23,8.84,--,20,17680,卖盘
596,11:12:53,8.84,--,0,0,卖盘
597,11:12:47,8.84,--,10,8840,卖盘
598,11:12:42,8.84,--,11,9724,买盘
599,11:12:32,8.84,--,30,26520,买盘
600,11:12:18,8.84,0.01,34,30056,买盘
601,11:11:38,8.83,-0.01,7,6181,卖盘
602,11:11:23,8.84,-0.01,185,163540,卖盘
603,11:11:17,8.85,-0.01,80,70800,卖盘
604,11:11:07,8.86,--,4,3544,卖盘
605,11:11:02,8.86,--,30,26580,卖盘
606,11:10:37,8.86,0.01,4,3544,卖盘
607,11:10:12,8.85,--,4,3540,卖盘
608,11:10:06,8.85,-0.01,20,17700,卖盘
609,11:10:02,8.86,--,20,17720,卖盘
610,11:09:42,8.86,--,5,4430,卖盘
611,11:09:12,8.86,--,5,4430,卖盘
612,11:08:32,8.86,--,20,17720,卖盘
613,11:08:27,8.86,--,25,22150,买盘
614,11:08:02,8.86,-0.02,287,254281,卖盘
615,11:07:56,8.88,--,6,5328,买盘
616,11:07:47,8.88,--,10,8880,买盘
617,11:07:12,8.88,--,19,16872,卖盘
618,11:07:06,8.88,--,10,8880,卖盘
619,11:06:42,8.88,--,36,31968,买盘
620,11:06:32,8.88,--,5,4440,买盘
621,11:06:21,8.88,--,64,56832,卖盘
622,11:06:17,8.88,--,5,4440,卖盘
623,11:05:12,8.88,--,19,16872,买盘
624,11:04:47,8.88,--,1,888,买盘
625,11:04:36,8.88,--,70,62160,买盘
626,11:04:31,8.88,0.01,2,1776,买盘
627,11:04:21,8.87,--,3,2660,卖盘
628,11:03:00,8.87,-0.01,10,8870,卖盘
629,11:02:56,8.88,--,20,17760,买盘
630,11:02:36,8.88,--,3,2664,买盘
631,11:02:26,8.88,--,90,79920,买盘
632,11:02:15,8.88,-0.01,86,76368,卖盘
633,11:02:00,8.89,--,4,3556,买盘
634,11:01:51,8.89,--,24,21336,买盘
635,11:01:30,8.89,--,15,13335,买盘
636,11:01:26,8.89,--,36,32004,卖盘
637,11:00:50,8.89,--,75,66675,买盘
638,11:00:41,8.89,--,20,17780,买盘
639,11:00:30,8.89,0.01,12,10668,买盘
640,11:00:26,8.88,--,3,2664,卖盘
641,11:00:15,8.88,-0.01,14,12432,卖盘
642,10:59:51,8.89,--,15,13335,卖盘
643,10:59:35,8.89,--,3,2667,卖盘
644,10:59:26,8.89,-0.01,34,30226,卖盘
645,10:59:15,8.9,0.01,30,26700,买盘
646,10:58:56,8.89,0.01,179,159131,买盘
647,10:58:50,8.88,--,23,20424,卖盘
648,10:58:30,8.88,--,18,15984,买盘
649,10:58:10,8.88,0.01,13,11544,卖盘
650,10:57:25,8.87,--,0,0,卖盘
651,10:57:15,8.87,-0.02,59,52332,卖盘
652,10:57:00,8.89,0.02,20,17780,买盘
653,10:56:50,8.87,-0.01,20,17740,卖盘
654,10:56:35,8.88,--,0,0,中性盘
655,10:56:30,8.88,0.01,75,66600,买盘
656,10:56:20,8.87,-0.01,35,31044,卖盘
657,10:56:05,8.88,--,30,26640,买盘
658,10:55:30,8.88,0.01,5,4440,买盘
659,10:55:24,8.87,-0.01,3,2660,卖盘
660,10:55:05,8.88,0.01,100,88800,买盘
661,10:55:00,8.87,-0.01,5,4435,卖盘
662,10:54:50,8.88,0.01,7,6216,买盘
663,10:54:35,8.87,-0.01,1,886,卖盘
664,10:53:59,8.88,--,13,11544,买盘
665,10:53:50,8.88,--,107,95016,买盘
666,10:53:35,8.88,--,3,2664,买盘
667,10:53:29,8.88,--,50,44400,买盘
668,10:53:20,8.88,--,0,0,买盘
669,10:53:14,8.88,--,6,5328,卖盘
670,10:53:09,8.88,--,1,888,卖盘
671,10:52:59,8.88,--,3,2664,卖盘
672,10:52:54,8.88,--,10,8880,卖盘
673,10:52:50,8.88,0.02,108,95904,买盘
674,10:52:09,8.86,--,3,2658,卖盘
675,10:51:44,8.86,0.01,5,4430,买盘
676,10:51:34,8.85,0.01,13,11505,卖盘
677,10:51:29,8.84,--,0,0,卖盘
678,10:50:29,8.84,--,1,884,卖盘
679,10:50:09,8.84,--,3,2652,卖盘
680,10:50:03,8.84,--,19,16796,买盘
681,10:49:59,8.84,0.01,46,40664,买盘
682,10:49:54,8.83,-0.01,13,11479,卖盘
683,10:49:39,8.84,-0.01,48,42432,卖盘
684,10:48:39,8.85,--,3,2655,卖盘
685,10:48:14,8.85,--,1,885,卖盘
686,10:47:59,8.85,--,3,2655,卖盘
687,10:47:24,8.85,--,20,17700,卖盘
688,10:47:18,8.85,--,3,2655,卖盘
689,10:47:14,8.85,--,30,26550,买盘
690,10:46:53,8.85,0.02,10,8850,买盘
691,10:46:23,8.83,--,0,0,卖盘
692,10:46:08,8.83,--,112,99258,买盘
693,10:46:03,8.83,--,20,17660,买盘
694,10:45:58,8.83,--,117,103311,买盘
695,10:45:53,8.83,--,29,25607,买盘
696,10:45:48,8.83,--,19,16777,买盘
697,10:45:43,8.83,-0.03,302,267186,卖盘
698,10:45:33,8.86,0.01,3,2658,买盘
699,10:45:08,8.85,--,1,885,卖盘
700,10:44:59,8.85,--,16,14160,卖盘
701,10:44:29,8.85,--,83,73455,卖盘
702,10:44:18,8.85,--,36,31860,卖盘
703,10:44:03,8.85,--,1,885,卖盘
704,10:43:38,8.85,--,9,7965,卖盘
705,10:42:58,8.85,--,3,2655,卖盘
706,10:42:28,8.85,--,75,66463,卖盘
707,10:42:18,8.85,-0.01,40,35400,卖盘
708,10:41:53,8.86,--,107,94802,卖盘
709,10:41:27,8.86,--,2,1772,卖盘
710,10:41:18,8.86,-0.01,3,2658,卖盘
711,10:41:08,8.87,--,8,7095,卖盘
712,10:41:03,8.87,--,2,1773,买盘
713,10:40:52,8.87,-0.01,68,60315,卖盘
714,10:40:48,8.88,0.01,5,4440,买盘
715,10:40:22,8.87,--,59,52332,买盘
716,10:39:47,8.87,--,5,4435,卖盘
717,10:39:37,8.87,-0.01,22,19514,卖盘
718,10:39:12,8.88,0.01,10,8880,买盘
719,10:39:08,8.87,-0.01,46,40802,卖盘
720,10:38:52,8.88,0.01,5,4440,买盘
721,10:38:47,8.87,--,0,0,中性盘
722,10:38:07,8.87,--,0,0,中性盘
723,10:38:02,8.87,0.01,20,17740,买盘
724,10:37:47,8.86,-0.01,3,2658,卖盘
725,10:37:17,8.87,0.01,1,886,卖盘
726,10:36:37,8.86,--,0,0,中性盘
727,10:36:32,8.86,-0.01,100,88600,卖盘
728,10:36:17,8.87,--,2,1773,卖盘
729,10:36:12,8.87,--,5,4435,卖盘
730,10:35:52,8.87,--,3,2660,卖盘
731,10:35:47,8.87,--,50,44349,卖盘
732,10:34:32,8.87,-0.02,100,88699,卖盘
733,10:34:27,8.89,--,0,0,买盘
734,10:34:17,8.89,0.02,50,44450,买盘
735,10:34:12,8.87,--,3,2660,卖盘
736,10:34:02,8.87,-0.01,1,886,卖盘
737,10:33:42,8.88,--,0,0,中性盘
738,10:33:16,8.88,--,50,44400,买盘
739,10:33:11,8.88,--,5,4440,买盘
740,10:33:01,8.88,0.01,2,1776,买盘
741,10:32:56,8.87,-0.01,6,5321,卖盘
742,10:32:41,8.88,--,3,2664,卖盘
743,10:32:26,8.88,--,1,888,买盘
744,10:32:21,8.88,0.01,2,1776,买盘
745,10:32:11,8.87,-0.01,3,2660,卖盘
746,10:32:01,8.88,--,20,17760,买盘
747,10:31:56,8.88,0.01,20,17760,买盘
748,10:31:41,8.87,--,0,0,买盘
749,10:31:36,8.87,-0.01,27,23948,卖盘
750,10:31:21,8.88,-0.01,7,6216,卖盘
751,10:31:11,8.89,0.01,36,32004,买盘
752,10:31:01,8.88,--,5,4440,卖盘
753,10:30:46,8.88,-0.01,5,4440,卖盘
754,10:30:31,8.89,0.01,10,8890,买盘
755,10:30:26,8.88,--,3,2664,卖盘
756,10:30:21,8.88,--,53,47064,卖盘
757,10:30:06,8.88,--,60,53280,卖盘
758,10:29:56,8.88,--,25,22200,卖盘
759,10:29:51,8.88,-0.01,1,888,卖盘
760,10:29:21,8.89,0.01,5,4445,买盘
761,10:28:51,8.88,0.01,99,87912,买盘
762,10:28:41,8.87,--,10,8870,卖盘
763,10:28:26,8.87,--,3,2660,卖盘
764,10:28:16,8.87,--,14,12417,买盘
765,10:28:11,8.87,--,14,12417,买盘
766,10:28:06,8.87,0.01,3,2660,买盘
767,10:27:55,8.86,-0.01,3,2658,卖盘
768,10:27:46,8.87,0.01,61,54106,买盘
769,10:27:31,8.86,-0.01,15,13290,卖盘
770,10:27:26,8.87,0.01,80,70960,买盘
771,10:27:00,8.86,0.01,105,93473,买盘
772,10:26:45,8.85,-0.01,16,14160,卖盘
773,10:26:41,8.86,0.01,1,886,买盘
774,10:26:30,8.85,-0.01,10,8850,卖盘
775,10:26:26,8.86,--,24,21264,买盘
776,10:26:11,8.86,--,8,7088,买盘
777,10:26:05,8.86,-0.01,73,64677,卖盘
778,10:25:45,8.87,0.01,2,1773,买盘
779,10:25:35,8.86,-0.01,3,2658,卖盘
780,10:25:30,8.87,--,45,39915,买盘
781,10:25:15,8.87,0.01,10,8870,买盘
782,10:24:55,8.86,--,7,6202,卖盘
783,10:24:50,8.86,0.01,17,15061,买盘
784,10:24:45,8.85,--,27,23895,卖盘
785,10:24:40,8.85,--,7,6195,卖盘
786,10:24:35,8.85,-0.01,7,6195,卖盘
787,10:24:10,8.86,0.01,2,1772,买盘
788,10:23:35,8.85,--,6,5310,买盘
789,10:23:30,8.85,--,10,8850,买盘
790,10:23:20,8.85,0.01,1,885,买盘
791,10:23:10,8.84,-0.01,3,2652,卖盘
792,10:22:55,8.85,--,7,6195,买盘
793,10:22:50,8.85,--,3,2655,买盘
794,10:22:15,8.85,--,0,0,中性盘
795,10:22:10,8.85,--,0,0,买盘
796,10:22:05,8.85,0.01,11,9735,买盘
797,10:21:35,8.84,-0.01,4,3536,卖盘
798,10:21:20,8.85,--,0,796,卖盘
799,10:21:00,8.85,-0.01,3,2655,卖盘
800,10:20:40,8.86,0.01,7,6202,买盘
801,10:20:20,8.85,-0.01,8,7080,卖盘
802,10:20:10,8.86,0.01,7,6202,买盘
803,10:20:04,8.85,-0.01,18,15930,卖盘
804,10:20:00,8.86,0.01,69,61656,买盘
805,10:19:55,8.85,-0.01,8,7080,卖盘
806,10:19:50,8.86,0.01,1,886,买盘
807,10:19:45,8.85,--,14,12390,卖盘
808,10:19:39,8.85,--,40,35417,卖盘
809,10:19:34,8.85,--,40,35400,卖盘
810,10:19:20,8.85,--,42,37364,卖盘
811,10:19:14,8.85,--,7,6195,卖盘
812,10:19:05,8.85,-0.01,4,3778,卖盘
813,10:18:49,8.86,--,6,5316,买盘
814,10:18:44,8.86,0.01,1,886,买盘
815,10:18:35,8.85,-0.01,5,4425,卖盘
816,10:18:14,8.86,0.01,15,13290,买盘
817,10:18:09,8.85,--,5,4425,卖盘
818,10:17:49,8.85,-0.01,4,3540,卖盘
819,10:17:34,8.86,--,8,7088,买盘
820,10:17:19,8.86,--,11,9746,卖盘
821,10:17:14,8.86,-0.01,29,25694,卖盘
822,10:17:09,8.87,0.01,2,1773,买盘
823,10:17:04,8.86,-0.01,25,22150,卖盘
824,10:16:49,8.87,0.01,60,53219,买盘
825,10:16:44,8.86,-0.01,30,26580,卖盘
826,10:16:34,8.87,0.01,2,1773,买盘
827,10:16:19,8.86,--,4,3544,卖盘
828,10:16:14,8.86,-0.01,8,7088,卖盘
829,10:16:09,8.87,0.01,8,7095,买盘
830,10:15:54,8.86,-0.01,10,8860,卖盘
831,10:15:49,8.87,--,5,4435,买盘
832,10:15:44,8.87,--,20,17740,买盘
833,10:15:14,8.87,0.01,2,1773,买盘
834,10:14:44,8.86,--,6,5316,卖盘
835,10:13:54,8.86,--,3,2658,卖盘
836,10:13:34,8.86,--,3,2658,买盘
837,10:13:19,8.86,0.01,1,886,买盘
838,10:13:09,8.85,-0.01,6,5310,卖盘
839,10:12:58,8.86,0.01,2,1772,买盘
840,10:12:23,8.85,-0.01,11,9735,卖盘
841,10:12:19,8.86,--,30,26580,卖盘
842,10:12:14,8.86,--,17,15061,卖盘
843,10:12:08,8.86,--,11,9746,卖盘
844,10:12:04,8.86,--,1,886,卖盘
845,10:11:58,8.86,--,3,2658,买盘
846,10:11:43,8.86,--,2,1772,买盘
847,10:11:38,8.86,-0.01,5,4430,卖盘
848,10:11:33,8.87,0.01,20,17740,买盘
849,10:11:28,8.86,--,0,0,中性盘
850,10:11:13,8.86,-0.02,30,26580,卖盘
851,10:10:58,8.88,--,0,0,买盘
852,10:10:53,8.88,0.02,50,44400,买盘
853,10:10:48,8.86,--,50,44300,卖盘
854,10:10:23,8.86,--,150,132900,买盘
855,10:10:13,8.86,0.01,10,8860,买盘
856,10:10:08,8.85,--,10,8850,卖盘
857,10:09:43,8.85,-0.01,3,2655,卖盘
858,10:09:38,8.86,--,10,8860,买盘
859,10:09:33,8.86,0.02,3,2658,买盘
860,10:09:28,8.84,--,1,884,卖盘
861,10:08:53,8.84,--,10,8840,卖盘
862,10:08:38,8.84,--,10,8840,卖盘
863,10:08:33,8.84,0.01,5,4420,卖盘
864,10:08:18,8.83,--,0,0,卖盘
865,10:08:03,8.83,-0.01,35,31178,卖盘
866,10:07:53,8.84,0.01,5,4420,买盘
867,10:07:48,8.83,-0.01,11,9713,卖盘
868,10:07:28,8.84,--,12,10608,买盘
869,10:07:22,8.84,--,47,42157,卖盘
870,10:07:18,8.84,--,20,17680,卖盘
871,10:07:07,8.84,--,1,884,卖盘
872,10:06:37,8.84,-0.02,25,22100,卖盘
873,10:06:33,8.86,--,1,886,买盘
874,10:06:07,8.86,-0.01,20,17720,买盘
875,10:06:03,8.87,--,27,23948,卖盘
876,10:05:48,8.87,0.03,87,77169,买盘
877,10:05:38,8.84,-0.01,8,7072,卖盘
878,10:05:22,8.85,-0.01,95,84075,卖盘
879,10:05:02,8.86,0.01,10,8860,买盘
880,10:04:58,8.85,--,2,1770,买盘
881,10:04:52,8.85,--,2,1770,买盘
882,10:04:47,8.85,--,6,5310,卖盘
883,10:04:37,8.85,--,18,15930,卖盘
884,10:04:22,8.85,--,176,155760,买盘
885,10:04:07,8.85,0.01,20,17700,买盘
886,10:03:52,8.84,--,4,3810,买盘
887,10:03:37,8.84,--,8,7072,买盘
888,10:03:27,8.84,0.01,11,9724,买盘
889,10:03:07,8.83,--,4,3532,买盘
890,10:03:02,8.83,--,11,9713,买盘
891,10:02:47,8.83,--,25,22075,卖盘
892,10:02:22,8.83,-0.01,1,883,卖盘
893,10:02:17,8.84,0.01,12,10608,买盘
894,10:02:12,8.83,--,4,3532,买盘
895,10:02:07,8.83,--,1,883,卖盘
896,10:01:57,8.83,--,5,4415,买盘
897,10:01:17,8.83,--,10,8830,买盘
898,10:01:07,8.83,0.01,20,17660,买盘
899,10:00:57,8.82,--,6,5292,卖盘
900,10:00:52,8.82,-0.02,1,882,卖盘
901,10:00:31,8.84,0.02,3,2652,买盘
902,10:00:12,8.82,-0.01,31,27342,卖盘
903,10:00:07,8.83,0.01,15,13245,买盘
904,09:59:46,8.82,--,50,44902,买盘
905,09:59:42,8.82,0.01,50,44100,买盘
906,09:59:07,8.81,--,4,3524,买盘
907,09:59:01,8.81,--,26,22906,买盘
908,09:58:52,8.81,--,60,52860,卖盘
909,09:58:31,8.81,0.01,40,35240,买盘
910,09:58:26,8.8,--,114,100320,卖盘
911,09:58:16,8.8,--,0,0,卖盘
912,09:58:11,8.8,--,14,12320,卖盘
913,09:57:56,8.8,--,0,0,卖盘
914,09:57:41,8.8,-0.02,400,352000,卖盘
915,09:57:36,8.82,0.01,1,882,买盘
916,09:57:31,8.81,-0.01,20,17620,卖盘
917,09:57:26,8.82,0.01,235,207270,买盘
918,09:57:21,8.81,-0.01,6,5286,卖盘
919,09:57:01,8.82,--,203,179125,卖盘
920,09:56:56,8.82,--,16,14112,卖盘
921,09:56:51,8.82,-0.01,14,12348,卖盘
922,09:56:41,8.83,--,10,8830,买盘
923,09:56:36,8.83,--,46,40618,卖盘
924,09:56:01,8.83,--,18,15894,卖盘
925,09:55:56,8.83,--,53,46799,卖盘
926,09:55:51,8.83,--,36,31788,卖盘
927,09:55:41,8.83,-0.01,43,37969,卖盘
928,09:55:36,8.84,-0.01,103,91052,卖盘
929,09:55:26,8.85,0.01,1,885,买盘
930,09:55:11,8.84,-0.01,6,5304,卖盘
931,09:55:06,8.85,--,50,44250,买盘
932,09:54:51,8.85,--,11,9735,买盘
933,09:54:15,8.85,--,1,885,买盘
934,09:54:11,8.85,--,10,8850,买盘
935,09:54:06,8.85,--,2,1770,买盘
936,09:54:00,8.85,0.01,40,35400,买盘
937,09:53:51,8.84,-0.01,100,88400,卖盘
938,09:53:36,8.85,-0.01,16,14160,卖盘
939,09:53:31,8.86,--,0,0,买盘
940,09:53:21,8.86,0.01,27,23922,买盘
941,09:53:10,8.85,-0.01,10,8850,卖盘
942,09:53:06,8.86,0.01,19,16834,买盘
943,09:52:40,8.85,0.01,2,1770,买盘
944,09:52:36,8.84,-0.01,30,26520,卖盘
945,09:52:16,8.85,0.01,14,12390,卖盘
946,09:52:01,8.84,--,224,198016,卖盘
947,09:51:50,8.84,-0.01,100,88400,卖盘
948,09:51:46,8.85,--,1,885,买盘
949,09:51:35,8.85,0.01,50,44250,买盘
950,09:51:25,8.84,--,57,50388,卖盘
951,09:50:50,8.84,-0.01,15,13260,卖盘
952,09:50:25,8.85,--,5,4425,买盘
953,09:50:20,8.85,0.01,2,1770,买盘
954,09:50:15,8.84,-0.01,5,4420,卖盘
955,09:50:10,8.85,0.01,39,34515,买盘
956,09:50:05,8.84,--,0,0,卖盘
957,09:49:35,8.84,-0.02,5,4420,卖盘
958,09:49:30,8.86,--,0,0,买盘
959,09:49:25,8.86,0.03,100,88600,买盘
960,09:49:20,8.83,-0.01,19,16777,卖盘
961,09:49:10,8.84,--,7,6188,买盘
962,09:49:05,8.84,--,5,4420,买盘
963,09:48:45,8.84,--,5,4420,卖盘
964,09:48:35,8.84,-0.01,50,44200,卖盘
965,09:48:30,8.85,--,0,0,中性盘
966,09:48:25,8.85,-0.01,15,13275,卖盘
967,09:48:20,8.86,--,5,4430,买盘
968,09:47:55,8.86,--,1,886,买盘
969,09:47:45,8.86,--,33,29237,卖盘
970,09:47:40,8.86,--,100,88600,卖盘
971,09:47:35,8.86,--,65,57589,卖盘
972,09:47:30,8.86,--,15,13290,卖盘
973,09:47:15,8.86,0.01,68,60522,买盘
974,09:47:10,8.85,--,2,2380,卖盘
975,09:47:04,8.85,-0.01,150,133024,卖盘
976,09:47:00,8.86,--,20,17720,买盘
977,09:46:49,8.86,--,40,35440,买盘
978,09:46:45,8.86,-0.01,41,36326,卖盘
979,09:46:40,8.87,0.01,10,8870,买盘
980,09:46:34,8.86,--,35,31009,卖盘
981,09:46:19,8.86,--,10,8860,卖盘
982,09:46:15,8.86,--,5,4430,买盘
983,09:46:10,8.86,0.01,5,4430,买盘
984,09:45:34,8.85,0.02,282,249570,买盘
985,09:45:24,8.83,--,1,883,买盘
986,09:45:19,8.83,--,35,30905,买盘
987,09:45:14,8.83,--,26,22958,买盘
988,09:45:09,8.83,--,10,8830,买盘
989,09:45:04,8.83,--,15,13245,买盘
990,09:44:59,8.83,0.01,20,17660,买盘
991,09:44:49,8.82,-0.01,30,26460,卖盘
992,09:44:44,8.83,--,63,55629,买盘
993,09:44:34,8.83,--,37,32671,买盘
994,09:44:29,8.83,0.01,13,11479,买盘
995,09:44:19,8.82,-0.01,18,15876,卖盘
996,09:44:14,8.83,0.01,45,39735,买盘
997,09:43:59,8.82,0.01,15,14032,买盘
998,09:43:54,8.81,--,30,26430,卖盘
999,09:43:49,8.81,-0.01,61,53741,卖盘
1000,09:43:44,8.82,--,20,17640,买盘
1001,09:43:39,8.82,0.01,699,616518,买盘
1002,09:43:34,8.81,--,9,7929,买盘
1003,09:43:29,8.81,--,40,35680,卖盘
1004,09:43:19,8.81,--,0,440,买盘
1005,09:43:14,8.81,--,19,16739,买盘
1006,09:43:09,8.81,--,32,28192,买盘
1007,09:43:04,8.81,--,12,10572,买盘
1008,09:42:59,8.81,--,16,14096,卖盘
1009,09:42:49,8.81,--,6,5286,买盘
1010,09:42:44,8.81,--,14,12334,卖盘
1011,09:42:29,8.81,-0.01,10,8810,卖盘
1012,09:42:24,8.82,0.01,70,61740,买盘
1013,09:42:19,8.81,--,1,881,卖盘
1014,09:42:09,8.81,--,9,7929,买盘
1015,09:41:59,8.81,-0.01,13,11453,买盘
1016,09:41:54,8.82,0.01,19,16758,买盘
1017,09:41:44,8.81,0.01,19,16739,买盘
1018,09:41:39,8.8,--,20,17600,卖盘
1019,09:41:29,8.8,-0.01,54,47520,卖盘
1020,09:41:19,8.81,--,0,0,买盘
1021,09:41:14,8.81,0.01,100,88100,买盘
1022,09:41:09,8.8,--,11,9680,买盘
1023,09:40:59,8.8,-0.01,100,88000,卖盘
1024,09:40:54,8.81,--,5,4405,买盘
1025,09:40:48,8.81,--,69,60789,买盘
1026,09:40:39,8.81,--,76,66956,卖盘
1027,09:40:33,8.81,-0.01,3,2643,卖盘
1028,09:40:29,8.82,--,28,24696,买盘
1029,09:40:24,8.82,--,0,0,买盘
1030,09:40:18,8.82,0.02,31,27342,买盘
1031,09:40:13,8.8,-0.02,62,54560,卖盘
1032,09:40:09,8.82,0.01,2,1764,买盘
1033,09:39:58,8.81,--,178,156818,买盘
1034,09:39:54,8.81,0.01,15,13215,买盘
1035,09:39:48,8.8,--,323,284240,卖盘
1036,09:39:43,8.8,--,0,0,卖盘
1037,09:39:39,8.8,-0.01,164,144320,卖盘
1038,09:39:33,8.81,0.01,16,14096,买盘
1039,09:39:28,8.8,--,53,46640,卖盘
1040,09:39:24,8.8,-0.01,9,7920,卖盘
1041,09:39:13,8.81,--,3,2643,买盘
1042,09:39:09,8.81,--,42,37002,买盘
1043,09:39:03,8.81,--,2,1762,买盘
1044,09:38:58,8.81,--,22,19382,买盘
1045,09:38:54,8.81,--,1,881,买盘
1046,09:38:48,8.81,0.01,16,14096,买盘
1047,09:38:38,8.8,-0.01,19,16720,卖盘
1048,09:38:28,8.81,0.01,42,37002,买盘
1049,09:38:23,8.8,-0.01,113,99440,卖盘
1050,09:38:13,8.81,--,8,7048,买盘
1051,09:38:08,8.81,--,125,110125,卖盘
1052,09:37:58,8.81,--,4,3524,卖盘
1053,09:37:48,8.81,0.01,133,117173,买盘
1054,09:37:43,8.8,-0.01,47,41360,卖盘
1055,09:37:38,8.81,0.01,19,16739,买盘
1056,09:37:33,8.8,-0.01,14,12320,卖盘
1057,09:37:23,8.81,0.01,25,22025,买盘
1058,09:37:18,8.8,-0.01,27,23760,卖盘
1059,09:37:13,8.81,0.01,57,50217,买盘
1060,09:37:08,8.8,--,61,53680,卖盘
1061,09:37:03,8.8,-0.01,101,88880,卖盘
1062,09:36:43,8.81,--,4,3524,买盘
1063,09:36:38,8.81,-0.01,92,81052,卖盘
1064,09:36:28,8.82,--,20,17640,买盘
1065,09:36:23,8.82,0.01,84,74088,买盘
1066,09:36:13,8.81,-0.01,91,80171,卖盘
1067,09:36:03,8.82,--,65,57330,卖盘
1068,09:35:58,8.82,--,35,30870,买盘
1069,09:35:53,8.82,--,9,7938,卖盘
1070,09:35:48,8.82,--,21,18522,买盘
1071,09:35:38,8.82,--,23,20286,卖盘
1072,09:35:33,8.82,--,45,39690,卖盘
1073,09:35:28,8.82,-0.01,4,3528,卖盘
1074,09:35:18,8.83,0.01,1,883,买盘
1075,09:35:13,8.82,--,219,193158,卖盘
1076,09:35:08,8.82,--,10,8820,卖盘
1077,09:34:58,8.82,--,14,12348,卖盘
1078,09:34:48,8.82,--,6,5292,卖盘
1079,09:34:43,8.82,-0.02,30,26460,卖盘
1080,09:34:33,8.84,--,1,884,卖盘
1081,09:34:28,8.84,--,10,8840,卖盘
1082,09:34:23,8.84,0.01,9,7956,买盘
1083,09:34:18,8.83,0.01,1,883,中性盘
1084,09:34:08,8.82,-0.01,50,44100,卖盘
1085,09:33:58,8.83,--,201,177483,卖盘
1086,09:33:52,8.83,--,34,30022,卖盘
1087,09:33:37,8.83,-0.02,11,9713,卖盘
1088,09:33:33,8.85,--,4,3540,买盘
1089,09:33:22,8.85,-0.01,11,9735,卖盘
1090,09:33:18,8.86,0.03,2,1772,买盘
1091,09:33:07,8.83,--,0,0,卖盘
1092,09:33:03,8.83,-0.03,268,236644,卖盘
1093,09:32:52,8.86,--,52,46072,买盘
1094,09:32:48,8.86,0.01,38,33668,买盘
1095,09:32:42,8.85,--,10,8850,卖盘
1096,09:32:37,8.85,--,5,4425,卖盘
1097,09:32:33,8.85,--,16,14160,买盘
1098,09:32:22,8.85,0.01,10,8850,买盘
1099,09:32:07,8.84,0.01,139,122876,买盘
1100,09:31:52,8.83,--,10,8830,卖盘
1101,09:31:47,8.83,0.01,4,3532,买盘
1102,09:31:42,8.82,--,7,6174,卖盘
1103,09:31:37,8.82,--,5,4410,卖盘
1104,09:31:32,8.82,-0.01,72,63504,卖盘
1105,09:31:27,8.83,0.01,1,883,买盘
1106,09:31:12,8.82,--,22,19404,买盘
1107,09:31:07,8.82,0.01,20,17640,买盘
1108,09:30:57,8.81,-0.01,70,61670,卖盘
1109,09:30:47,8.82,-0.02,194,171108,卖盘
1110,09:30:32,8.84,-0.01,11,9724,卖盘
1111,09:30:22,8.85,-0.01,20,17700,卖盘
1112,09:30:17,8.86,--,6,5316,买盘
1113,09:30:07,8.86,--,162,143532,卖盘
1114,09:30:02,8.86,-0.04,16,14176,卖盘
1115,09:28:46,8.9,--,0,0,买盘
1116,09:25:01,8.9,8.9,163,145070,买盘
