,time,price,change,volume,amount,type
0,15:00:00,9.86,--,0,0,卖盘
1,15:00:00,9.86,-0.01,0,0,卖盘
2,14:59:58,9.87,--,5,4935,卖盘
3,14:59:48,9.87,0.01,721,711696,买盘
4,14:59:43,9.86,0.01,10,9860,买盘
5,14:59:38,9.85,-0.01,90,88650,卖盘
6,14:59:33,9.86,--,24,23664,买盘
7,14:59:28,9.86,0.01,55,54230,买盘
8,14:59:23,9.85,-0.01,9,8865,卖盘
9,14:59:18,9.86,--,100,98600,买盘
10,14:59:13,9.86,--,60,59160,买盘
11,14:59:08,9.86,0.01,15,14790,买盘
12,14:59:03,9.85,-0.01,86,84710,卖盘
13,14:58:58,9.86,--,33,32537,买盘
14,14:58:48,9.86,0.01,106,104870,买盘
15,14:58:43,9.85,-0.01,11,10835,卖盘
16,14:58:38,9.86,--,5,4930,买盘
17,14:58:33,9.86,--,23,22678,买盘
18,14:58:28,9.86,--,10,9860,买盘
19,14:58:18,9.86,-0.01,88,87684,卖盘
20,14:58:13,9.87,0.01,50,49349,买盘
21,14:58:08,9.86,0.01,1,1055,买盘
22,14:58:03,9.85,-0.01,659,649115,卖盘
23,14:57:58,9.86,--,4,3944,买盘
24,14:57:53,9.86,--,10,9860,买盘
25,14:57:48,9.86,-0.01,104,103460,卖盘
26,14:57:43,9.87,0.01,100,98699,买盘
27,14:57:38,9.86,-0.01,10,9860,卖盘
28,14:57:33,9.87,--,10,9870,买盘
29,14:57:28,9.87,0.01,13,12830,买盘
30,14:57:13,9.86,--,171,168606,买盘
31,14:57:08,9.86,-0.01,1451,1430686,卖盘
32,14:57:03,9.87,0.01,30,29609,买盘
33,14:56:58,9.86,--,10,9860,卖盘
34,14:56:43,9.86,0.01,840,828240,买盘
35,14:56:38,9.85,--,5,4925,卖盘
36,14:56:33,9.85,--,44,43340,卖盘
37,14:56:28,9.85,--,63,62055,卖盘
38,14:56:23,9.85,0.01,10,9918,买盘
39,14:56:18,9.84,-0.01,118,116112,卖盘
40,14:56:03,9.85,--,21,20685,买盘
41,14:55:58,9.85,--,24,23640,买盘
42,14:55:48,9.85,--,37,36445,买盘
43,14:55:43,9.85,-0.01,40,39400,卖盘
44,14:55:38,9.86,0.01,117,115362,买盘
45,14:55:28,9.85,--,23,22655,卖盘
46,14:55:17,9.85,--,61,60085,卖盘
47,14:55:13,9.85,--,51,50235,卖盘
48,14:55:07,9.85,--,203,199955,卖盘
49,14:55:02,9.85,--,15,14775,卖盘
50,14:54:52,9.85,--,31,30535,卖盘
51,14:54:37,9.85,--,100,98500,卖盘
52,14:54:32,9.85,-0.01,95,93575,卖盘
53,14:54:27,9.86,--,2,1972,买盘
54,14:54:12,9.86,0.01,8,7888,买盘
55,14:54:07,9.85,--,21,20685,卖盘
56,14:54:02,9.85,--,4,3940,卖盘
57,14:53:57,9.85,--,36,35460,买盘
58,14:53:52,9.85,--,76,74860,买盘
59,14:53:42,9.85,-0.01,4,3940,卖盘
60,14:53:37,9.86,0.01,34,33524,买盘
61,14:53:32,9.85,--,5,4925,买盘
62,14:53:27,9.85,-0.01,102,100470,中性盘
63,14:53:17,9.86,--,10,9860,买盘
64,14:53:12,9.86,--,10,9860,买盘
65,14:53:07,9.86,0.01,10,9860,买盘
66,14:52:57,9.85,-0.01,41,40385,卖盘
67,14:52:52,9.86,--,0,0,买盘
68,14:52:42,9.86,0.02,10,9860,买盘
69,14:52:37,9.84,-0.01,247,243048,卖盘
70,14:52:32,9.85,--,10,9850,卖盘
71,14:52:27,9.85,--,127,125301,卖盘
72,14:52:22,9.85,0.01,74,73668,买盘
73,14:52:17,9.84,--,50,49200,卖盘
74,14:52:07,9.84,-0.01,16,16442,卖盘
75,14:52:02,9.85,0.01,182,179270,买盘
76,14:51:57,9.84,--,2,1968,卖盘
77,14:51:52,9.84,--,1,984,卖盘
78,14:51:42,9.84,--,3,3138,卖盘
79,14:51:37,9.84,--,99,97416,卖盘
80,14:51:32,9.84,--,10,9840,卖盘
81,14:51:17,9.84,-0.01,10,9840,卖盘
82,14:51:12,9.85,--,15,14981,卖盘
83,14:51:07,9.85,--,4,4718,买盘
84,14:50:52,9.85,--,62,61276,卖盘
85,14:50:47,9.85,--,197,194045,卖盘
86,14:50:42,9.85,-0.01,38,37430,卖盘
87,14:50:37,9.86,0.01,33,32537,买盘
88,14:50:32,9.85,--,9,8865,卖盘
89,14:50:27,9.85,--,19,18715,卖盘
90,14:50:22,9.85,--,20,19700,卖盘
91,14:50:17,9.85,--,151,148735,卖盘
92,14:50:07,9.85,--,35,34475,卖盘
93,14:49:52,9.85,--,44,43340,卖盘
94,14:49:47,9.85,-0.01,59,58115,卖盘
95,14:49:36,9.86,0.01,40,39440,买盘
96,14:49:22,9.85,-0.01,10,9850,卖盘
97,14:49:17,9.86,0.01,33,32537,买盘
98,14:49:07,9.85,-0.01,1,985,卖盘
99,14:48:57,9.86,0.01,1,986,买盘
100,14:48:51,9.85,--,118,117008,买盘
101,14:48:47,9.85,--,18,17730,买盘
102,14:48:42,9.85,0.01,37,36445,买盘
103,14:48:37,9.84,--,530,521520,卖盘
104,14:48:31,9.84,-0.01,15,14760,卖盘
105,14:48:26,9.85,0.01,1,985,买盘
106,14:48:21,9.84,--,10,9840,卖盘
107,14:48:11,9.84,-0.01,5,4920,卖盘
108,14:48:06,9.85,0.01,8,7978,买盘
109,14:48:01,9.84,-0.01,10,9840,卖盘
110,14:47:51,9.85,--,2,1970,买盘
111,14:47:36,9.85,--,37,36445,买盘
112,14:47:31,9.85,--,11,10835,买盘
113,14:47:25,9.85,--,10,9850,买盘
114,14:47:21,9.85,--,2,1970,买盘
115,14:47:16,9.85,--,65,64025,买盘
116,14:47:11,9.85,--,10,9850,买盘
117,14:47:01,9.85,--,10,9850,买盘
118,14:46:51,9.85,0.01,10,9850,买盘
119,14:46:36,9.84,--,30,29520,卖盘
120,14:46:31,9.84,--,31,30504,卖盘
121,14:46:01,9.84,--,3,2952,卖盘
122,14:45:51,9.84,--,120,118640,买盘
123,14:45:46,9.84,--,182,179215,卖盘
124,14:45:36,9.84,--,31,30504,卖盘
125,14:45:31,9.84,--,67,66784,买盘
126,14:45:26,9.84,0.01,304,299136,买盘
127,14:45:21,9.83,--,384,377472,卖盘
128,14:45:16,9.83,--,15,14745,卖盘
129,14:45:06,9.83,--,21,20643,卖盘
130,14:45:01,9.83,--,44,43252,卖盘
131,14:44:56,9.83,--,1,983,卖盘
132,14:44:51,9.83,--,38,37354,卖盘
133,14:44:46,9.83,--,35,34405,卖盘
134,14:44:36,9.83,-0.01,70,68810,卖盘
135,14:44:21,9.84,--,21,20664,买盘
136,14:44:16,9.84,--,11,10991,买盘
137,14:44:06,9.84,0.01,20,19680,买盘
138,14:43:51,9.83,--,30,29490,卖盘
139,14:43:46,9.83,-0.01,17,17310,卖盘
140,14:43:41,9.84,--,263,258919,卖盘
141,14:43:36,9.84,--,276,271584,卖盘
142,14:43:31,9.84,-0.01,91,90508,卖盘
143,14:43:26,9.85,0.01,10,9850,买盘
144,14:43:21,9.84,-0.01,3,2952,卖盘
145,14:43:11,9.85,--,22,22320,买盘
146,14:43:01,9.85,0.01,63,62281,买盘
147,14:42:56,9.84,--,12,11808,卖盘
148,14:42:51,9.84,0.01,378,371952,买盘
149,14:42:45,9.83,--,322,316526,卖盘
150,14:42:35,9.83,-0.01,30,29490,卖盘
151,14:42:30,9.84,--,3,2952,买盘
152,14:42:26,9.84,0.01,5,4920,买盘
153,14:42:21,9.83,-0.01,9,8847,卖盘
154,14:42:15,9.84,0.01,23,22632,买盘
155,14:42:11,9.83,-0.01,47,46201,卖盘
156,14:42:00,9.84,--,10,9840,买盘
157,14:41:55,9.84,--,1,984,买盘
158,14:41:50,9.84,0.01,50,49200,买盘
159,14:41:45,9.83,-0.01,200,196600,卖盘
160,14:41:40,9.84,--,34,33456,买盘
161,14:41:30,9.84,--,6,5904,卖盘
162,14:41:25,9.84,--,9,8856,卖盘
163,14:41:15,9.84,--,9,8856,卖盘
164,14:41:10,9.84,--,50,49200,卖盘
165,14:41:00,9.84,--,14,13776,卖盘
166,14:40:40,9.84,-0.01,31,30504,卖盘
167,14:40:30,9.85,0.01,16,15760,买盘
168,14:40:25,9.84,-0.01,70,68880,卖盘
169,14:40:15,9.85,--,1,985,买盘
170,14:40:10,9.85,--,2,1970,买盘
171,14:40:05,9.85,--,3,2955,买盘
172,14:40:00,9.85,--,11,10835,买盘
173,14:39:45,9.85,0.01,19,18715,买盘
174,14:39:40,9.84,-0.01,30,29520,卖盘
175,14:39:30,9.85,0.01,3,2955,买盘
176,14:39:25,9.84,--,31,30504,卖盘
177,14:39:00,9.84,0.01,23,22632,买盘
178,14:38:50,9.83,-0.01,10,9830,卖盘
179,14:38:45,9.84,--,10,9840,买盘
180,14:38:40,9.84,--,32,31488,买盘
181,14:38:30,9.84,-0.01,87,85608,卖盘
182,14:38:10,9.85,--,3,2955,买盘
183,14:38:00,9.85,-0.01,55,54381,卖盘
184,14:37:55,9.86,--,1,986,买盘
185,14:37:45,9.86,-0.01,718,707948,卖盘
186,14:37:40,9.87,--,60,59219,买盘
187,14:37:34,9.87,0.01,20,19740,买盘
188,14:37:30,9.86,--,100,98600,卖盘
189,14:37:25,9.86,-0.01,200,197200,卖盘
190,14:37:20,9.87,0.01,5,4935,买盘
191,14:37:15,9.86,--,10,9860,卖盘
192,14:37:00,9.86,--,15,14790,卖盘
193,14:36:55,9.86,-0.01,17,16762,卖盘
194,14:36:50,9.87,--,17,16779,买盘
195,14:36:44,9.87,0.01,40,39480,买盘
196,14:36:30,9.86,--,2,1972,卖盘
197,14:36:25,9.86,--,170,167620,卖盘
198,14:36:19,9.86,--,20,19720,卖盘
199,14:36:15,9.86,--,72,70992,买盘
200,14:36:00,9.86,--,4,3944,买盘
201,14:35:44,9.86,--,22,21692,卖盘
202,14:35:29,9.86,-0.01,153,150858,卖盘
203,14:35:19,9.87,--,94,92777,买盘
204,14:35:04,9.87,--,5,4935,买盘
205,14:34:44,9.87,--,22,21714,买盘
206,14:34:39,9.87,--,52,51323,买盘
207,14:34:34,9.87,--,60,59219,买盘
208,14:34:24,9.87,-0.01,243,239840,买盘
209,14:34:19,9.88,0.02,200,197600,买盘
210,14:34:14,9.86,-0.01,2,1972,卖盘
211,14:33:49,9.87,--,51,50336,买盘
212,14:33:39,9.87,--,2,1973,买盘
213,14:33:34,9.87,0.01,78,76986,买盘
214,14:33:28,9.86,-0.01,166,163676,卖盘
215,14:33:24,9.87,--,357,352359,买盘
216,14:33:19,9.87,--,34,33558,买盘
217,14:33:09,9.87,0.01,10,9870,买盘
218,14:32:49,9.86,--,31,30566,卖盘
219,14:32:44,9.86,0.01,156,153816,买盘
220,14:32:39,9.85,--,10,9850,卖盘
221,14:32:19,9.85,--,20,19700,卖盘
222,14:32:14,9.85,--,68,67758,买盘
223,14:32:04,9.85,--,24,23640,买盘
224,14:31:58,9.85,--,11,10835,买盘
225,14:31:49,9.85,0.01,218,214730,买盘
226,14:31:44,9.84,--,5,4920,买盘
227,14:31:39,9.84,-0.01,87,85814,卖盘
228,14:31:24,9.85,0.01,194,191090,买盘
229,14:31:19,9.84,--,99,98193,买盘
230,14:31:09,9.84,0.01,30,29520,买盘
231,14:31:04,9.83,0.01,53,52099,卖盘
232,14:30:58,9.82,--,0,0,卖盘
233,14:30:54,9.82,-0.01,42,41244,卖盘
234,14:30:49,9.83,0.01,132,129756,买盘
235,14:30:44,9.82,-0.01,55,54010,卖盘
236,14:30:39,9.83,--,53,52099,买盘
237,14:30:34,9.83,--,16,15728,买盘
238,14:30:24,9.83,-0.01,49,48167,卖盘
239,14:30:19,9.84,--,59,58056,买盘
240,14:30:13,9.84,--,64,62976,买盘
241,14:30:09,9.84,--,3,2952,买盘
242,14:30:03,9.84,--,133,130872,买盘
243,14:29:54,9.84,--,10,9840,买盘
244,14:29:49,9.84,0.02,44,43296,买盘
245,14:29:43,9.82,-0.02,8,7856,卖盘
246,14:29:38,9.84,0.01,137,134808,买盘
247,14:29:34,9.83,--,6,5898,买盘
248,14:29:28,9.83,0.02,38,37354,买盘
249,14:29:24,9.81,-0.01,97,95157,卖盘
250,14:29:18,9.82,0.01,3,2946,买盘
251,14:29:13,9.81,-0.01,150,147150,卖盘
252,14:29:08,9.82,0.01,50,49100,买盘
253,14:28:53,9.81,--,2,2207,卖盘
254,14:28:37,9.81,--,27,26967,卖盘
255,14:28:28,9.81,-0.01,20,19620,卖盘
256,14:28:22,9.82,0.01,5,4910,买盘
257,14:28:18,9.81,--,1,981,卖盘
258,14:28:13,9.81,-0.01,154,151074,卖盘
259,14:27:58,9.82,0.01,24,23715,买盘
260,14:27:52,9.81,-0.01,1,1854,卖盘
261,14:27:43,9.82,0.01,300,294600,买盘
262,14:27:33,9.81,-0.01,3,2943,卖盘
263,14:27:28,9.82,0.01,10,9820,买盘
264,14:27:18,9.81,-0.01,58,57496,卖盘
265,14:27:13,9.82,--,12,12363,卖盘
266,14:27:03,9.82,--,123,120786,卖盘
267,14:26:58,9.82,--,27,26514,卖盘
268,14:26:52,9.82,--,0,294,卖盘
269,14:26:48,9.82,-0.01,55,54010,卖盘
270,14:26:43,9.83,0.01,17,16711,买盘
271,14:26:33,9.82,--,1007,988874,卖盘
272,14:26:28,9.82,-0.01,22,21604,卖盘
273,14:26:22,9.83,0.01,1,983,买盘
274,14:26:18,9.82,--,1,982,卖盘
275,14:26:13,9.82,--,6,6589,卖盘
276,14:26:07,9.82,--,20,19640,卖盘
277,14:25:58,9.82,--,103,101146,卖盘
278,14:25:37,9.82,--,1,982,卖盘
279,14:25:33,9.82,--,132,129624,卖盘
280,14:25:28,9.82,--,91,89362,卖盘
281,14:25:07,9.82,--,4,3928,卖盘
282,14:24:57,9.82,-0.01,12,11784,卖盘
283,14:24:52,9.83,0.01,21,20643,买盘
284,14:24:37,9.82,--,10,9820,卖盘
285,14:24:33,9.82,-0.01,22,21604,卖盘
286,14:24:28,9.83,--,2,1966,买盘
287,14:24:22,9.83,0.01,2,1966,买盘
288,14:24:07,9.82,-0.01,10,9820,卖盘
289,14:23:48,9.83,0.01,77,75691,买盘
290,14:23:43,9.82,-0.01,22,21604,卖盘
291,14:23:37,9.83,0.01,1,983,买盘
292,14:23:12,9.82,--,350,344475,买盘
293,14:23:03,9.82,--,21,20622,买盘
294,14:22:52,9.82,--,23,22586,买盘
295,14:22:42,9.82,--,7,6874,买盘
296,14:22:33,9.82,-0.01,421,413628,卖盘
297,14:22:22,9.83,--,4,3932,卖盘
298,14:22:12,9.83,--,23,22609,卖盘
299,14:22:02,9.83,--,30,29490,卖盘
300,14:21:47,9.83,--,5,4915,卖盘
301,14:21:42,9.83,--,14,13762,买盘
302,14:21:27,9.83,--,27,26541,买盘
303,14:21:22,9.83,--,4,3932,买盘
304,14:21:06,9.83,0.01,10,9830,买盘
305,14:21:01,9.82,-0.01,4,3928,卖盘
306,14:20:57,9.83,--,10,9830,买盘
307,14:20:36,9.83,0.01,5,4915,买盘
308,14:20:31,9.82,--,2,1964,卖盘
309,14:20:12,9.82,-0.01,10,9820,卖盘
310,14:20:06,9.83,--,8,7864,买盘
311,14:20:01,9.83,--,2,1966,买盘
312,14:19:57,9.83,--,6,5898,买盘
313,14:19:46,9.83,--,20,19660,买盘
314,14:19:27,9.83,0.01,44,43252,卖盘
315,14:19:21,9.82,-0.02,23,22586,卖盘
316,14:19:12,9.84,0.01,104,102336,买盘
317,14:19:06,9.83,--,33,33215,买盘
318,14:18:51,9.83,0.01,2,1966,买盘
319,14:18:31,9.82,-0.01,13,12766,卖盘
320,14:18:21,9.83,--,100,98300,买盘
321,14:18:16,9.83,0.01,90,88470,买盘
322,14:18:12,9.82,--,24,23568,卖盘
323,14:18:01,9.82,-0.01,18,17676,卖盘
324,14:17:57,9.83,0.01,14,13762,买盘
325,14:17:42,9.82,-0.01,24,23568,卖盘
326,14:17:36,9.83,0.01,1,983,买盘
327,14:17:21,9.82,-0.01,48,47136,卖盘
328,14:17:12,9.83,0.01,3,2949,买盘
329,14:16:56,9.82,-0.01,6,5892,卖盘
330,14:16:36,9.83,0.01,25,24575,买盘
331,14:16:16,9.82,--,2,1964,卖盘
332,14:16:11,9.82,--,10,9820,卖盘
333,14:16:06,9.82,--,24,23568,卖盘
334,14:15:41,9.82,-0.01,2,1964,卖盘
335,14:15:21,9.83,0.02,3,2949,买盘
336,14:15:11,9.81,-0.01,33,32373,卖盘
337,14:14:56,9.82,--,2,1964,卖盘
338,14:14:51,9.82,--,6,5892,卖盘
339,14:14:41,9.82,--,45,44700,买盘
340,14:14:36,9.82,--,7,6874,买盘
341,14:14:26,9.82,0.01,70,68740,买盘
342,14:14:11,9.81,--,2,1962,卖盘
343,14:14:06,9.81,-0.01,1,981,卖盘
344,14:14:01,9.82,0.01,50,49100,买盘
345,14:13:51,9.81,--,10,9810,卖盘
346,14:13:45,9.81,--,75,73575,卖盘
347,14:13:40,9.81,--,3,2943,买盘
348,14:13:36,9.81,--,10,9810,买盘
349,14:13:30,9.81,--,26,25506,买盘
350,14:13:25,9.81,0.01,9,8829,买盘
351,14:13:15,9.8,-0.01,10,9800,卖盘
352,14:13:06,9.81,--,16,15696,买盘
353,14:12:55,9.81,--,10,9810,买盘
354,14:12:36,9.81,--,19,18639,买盘
355,14:12:30,9.81,--,90,88290,卖盘
356,14:12:15,9.81,-0.01,11,10791,卖盘
357,14:12:10,9.82,0.01,20,19640,买盘
358,14:12:06,9.81,--,100,98100,卖盘
359,14:11:55,9.81,-0.01,20,19620,卖盘
360,14:11:45,9.82,0.01,1,982,买盘
361,14:11:36,9.81,--,6,5886,卖盘
362,14:11:30,9.81,--,70,68670,卖盘
363,14:11:21,9.81,-0.01,40,39240,卖盘
364,14:11:06,9.82,--,20,19640,买盘
365,14:11:00,9.82,--,10,9820,买盘
366,14:10:45,9.82,--,2,1964,买盘
367,14:10:40,9.82,--,11,10802,买盘
368,14:10:30,9.82,--,94,92779,卖盘
369,14:10:15,9.82,--,108,106566,买盘
370,14:10:00,9.82,0.01,13,12766,买盘
371,14:09:55,9.81,-0.01,5,4905,卖盘
372,14:09:51,9.82,--,20,19640,买盘
373,14:09:36,9.82,0.01,19,18658,买盘
374,14:09:25,9.81,--,2,1962,卖盘
375,14:09:21,9.81,--,20,19620,卖盘
376,14:09:15,9.81,--,60,58860,卖盘
377,14:09:10,9.81,--,5,4905,卖盘
378,14:09:00,9.81,--,5,4905,卖盘
379,14:08:50,9.81,--,195,191295,卖盘
380,14:08:30,9.81,--,6,5886,卖盘
381,14:08:25,9.81,--,183,179523,买盘
382,14:08:20,9.81,--,289,283509,卖盘
383,14:08:15,9.81,--,10,9810,卖盘
384,14:07:45,9.81,-0.01,6,5886,卖盘
385,14:07:40,9.82,--,9,9309,卖盘
386,14:07:30,9.82,--,41,40772,买盘
387,14:07:20,9.82,--,30,29460,买盘
388,14:07:15,9.82,--,171,167922,卖盘
389,14:06:55,9.82,-0.01,6,5892,卖盘
390,14:06:45,9.83,--,206,202498,卖盘
391,14:06:39,9.83,--,10,9830,卖盘
392,14:06:35,9.83,-0.01,39,38337,卖盘
393,14:06:20,9.84,--,12,11808,卖盘
394,14:06:15,9.84,--,42,41328,卖盘
395,14:06:09,9.84,--,3,2952,卖盘
396,14:05:45,9.84,0.01,47,46248,买盘
397,14:05:39,9.83,-0.01,1,983,卖盘
398,14:05:04,9.84,--,5,4920,买盘
399,14:04:54,9.84,-0.01,218,214512,卖盘
400,14:04:49,9.85,--,70,68950,买盘
401,14:04:39,9.85,--,2,1970,买盘
402,14:04:30,9.85,0.01,2,1970,买盘
403,14:04:24,9.84,--,1,984,卖盘
404,14:04:19,9.84,-0.01,2,1968,卖盘
405,14:03:45,9.85,0.01,100,98500,买盘
406,14:03:39,9.84,-0.01,6,5904,卖盘
407,14:03:30,9.85,0.01,2,1970,买盘
408,14:03:09,9.84,--,5,4920,卖盘
409,14:02:54,9.84,--,9,8856,卖盘
410,14:02:14,9.84,--,2,1968,卖盘
411,14:01:39,9.84,-0.01,46,45264,卖盘
412,14:01:29,9.85,0.01,44,43340,买盘
413,14:01:24,9.84,--,1,984,卖盘
414,14:01:19,9.84,--,66,64944,卖盘
415,14:01:09,9.84,--,5,4920,卖盘
416,14:00:44,9.84,--,5,4920,卖盘
417,14:00:19,9.84,--,2,1968,卖盘
418,14:00:14,9.84,--,6,5904,卖盘
419,13:59:54,9.84,-0.01,31,30504,卖盘
420,13:59:44,9.85,--,2,1970,买盘
421,13:59:39,9.85,--,2,1970,买盘
422,13:59:33,9.85,--,96,94560,买盘
423,13:59:29,9.85,--,24,23640,买盘
424,13:59:24,9.85,--,5,4925,买盘
425,13:59:14,9.85,0.01,44,43340,买盘
426,13:59:09,9.84,-0.01,30,29520,卖盘
427,13:58:54,9.85,0.01,64,63040,买盘
428,13:58:48,9.84,--,6,5904,卖盘
429,13:58:44,9.84,-0.01,2,1968,卖盘
430,13:58:33,9.85,0.01,116,114260,买盘
431,13:58:24,9.84,-0.01,2,1968,卖盘
432,13:58:08,9.85,--,10,9850,买盘
433,13:58:03,9.85,--,1,985,买盘
434,13:57:28,9.85,0.01,2,1970,买盘
435,13:57:18,9.84,--,2,1968,卖盘
436,13:57:03,9.84,0.01,50,49200,买盘
437,13:56:53,9.83,-0.01,42,41286,卖盘
438,13:56:38,9.84,0.01,50,49200,买盘
439,13:56:18,9.83,-0.01,2,1966,卖盘
440,13:56:13,9.84,--,4,3936,买盘
441,13:56:08,9.84,0.01,6,5904,买盘
442,13:55:58,9.83,-0.01,10,9830,卖盘
443,13:55:53,9.84,--,40,39360,买盘
444,13:55:28,9.84,0.01,20,19680,买盘
445,13:55:23,9.83,-0.01,1,983,卖盘
446,13:55:13,9.84,--,10,9840,买盘
447,13:55:03,9.84,0.01,32,31488,买盘
448,13:54:53,9.83,--,6,5898,卖盘
449,13:54:43,9.83,--,7,6881,卖盘
450,13:54:18,9.83,0.01,4,3932,卖盘
451,13:54:08,9.82,--,0,0,卖盘
452,13:53:58,9.82,-0.01,19,18658,卖盘
453,13:53:38,9.83,--,20,19660,卖盘
454,13:53:28,9.83,--,20,19660,卖盘
455,13:53:23,9.83,--,59,57997,买盘
456,13:53:18,9.83,0.01,2,1966,买盘
457,13:53:12,9.82,-0.01,22,21604,卖盘
458,13:53:03,9.83,--,2,1966,买盘
459,13:52:53,9.83,--,32,31456,卖盘
460,13:52:23,9.83,--,26,25558,买盘
461,13:52:18,9.83,--,30,29490,买盘
462,13:52:12,9.83,--,66,64878,卖盘
463,13:51:48,9.83,--,15,14745,卖盘
464,13:51:33,9.83,--,19,18677,卖盘
465,13:51:27,9.83,--,2,1966,卖盘
466,13:51:08,9.83,--,1,983,卖盘
467,13:51:03,9.83,--,5,4915,卖盘
468,13:50:48,9.83,--,60,58980,卖盘
469,13:50:18,9.83,--,13,12779,卖盘
470,13:50:12,9.83,--,6,5898,卖盘
471,13:50:03,9.83,--,34,33422,卖盘
472,13:49:57,9.83,--,17,16711,卖盘
473,13:49:47,9.83,--,15,14745,卖盘
474,13:49:42,9.83,-0.01,75,73725,卖盘
475,13:49:32,9.84,--,24,23616,卖盘
476,13:49:17,9.84,-0.01,120,118080,卖盘
477,13:49:12,9.85,0.01,6,5910,买盘
478,13:49:02,9.84,-0.01,3,2952,卖盘
479,13:48:52,9.85,--,133,131005,卖盘
480,13:48:47,9.85,--,1,985,卖盘
481,13:48:42,9.85,-0.01,107,105395,卖盘
482,13:48:37,9.86,0.01,6,5916,买盘
483,13:48:32,9.85,--,50,49250,卖盘
484,13:48:27,9.85,-0.01,218,214730,卖盘
485,13:48:17,9.86,0.01,27,26622,买盘
486,13:48:02,9.85,--,1,985,卖盘
487,13:47:52,9.85,--,10,9850,卖盘
488,13:47:42,9.85,--,17,16745,卖盘
489,13:47:37,9.85,--,0,0,卖盘
490,13:47:32,9.85,-0.01,210,206850,卖盘
491,13:47:27,9.86,--,106,104516,卖盘
492,13:47:17,9.86,--,1,986,卖盘
493,13:46:47,9.86,--,57,56202,卖盘
494,13:46:22,9.86,--,34,33524,买盘
495,13:46:12,9.86,--,20,19720,卖盘
496,13:45:52,9.86,--,0,0,中性盘
497,13:45:42,9.86,--,22,21692,卖盘
498,13:45:36,9.86,--,35,34510,买盘
499,13:45:06,9.86,--,10,9860,买盘
500,13:44:42,9.86,--,25,24650,买盘
501,13:44:32,9.86,--,4,3944,买盘
502,13:44:27,9.86,--,9,8874,卖盘
503,13:44:17,9.86,--,4,3944,卖盘
504,13:44:06,9.86,--,47,46342,买盘
505,13:44:02,9.86,0.01,115,113390,买盘
506,13:43:57,9.85,--,5,4925,卖盘
507,13:43:42,9.85,-0.01,12,11820,卖盘
508,13:43:36,9.86,0.01,10,9860,买盘
509,13:43:27,9.85,--,1,985,卖盘
510,13:43:16,9.85,-0.01,17,16745,卖盘
511,13:43:12,9.86,--,21,20706,买盘
512,13:42:42,9.86,0.01,1,986,买盘
513,13:42:31,9.85,--,11,10835,卖盘
514,13:42:26,9.85,--,10,9850,卖盘
515,13:42:21,9.85,--,2,1970,卖盘
516,13:42:11,9.85,--,50,49250,卖盘
517,13:42:06,9.85,-0.01,4,3940,卖盘
518,13:41:56,9.86,0.01,5,4930,买盘
519,13:41:41,9.85,--,10,9850,卖盘
520,13:41:31,9.85,--,30,29550,卖盘
521,13:41:21,9.85,--,4,3940,卖盘
522,13:41:16,9.85,--,10,9850,卖盘
523,13:41:01,9.85,-0.01,7,6895,卖盘
524,13:40:56,9.86,--,47,46342,卖盘
525,13:40:51,9.86,--,6,5916,卖盘
526,13:40:36,9.86,-0.01,2,1972,买盘
527,13:40:11,9.87,--,6,5921,买盘
528,13:39:41,9.87,0.02,201,198386,买盘
529,13:39:36,9.85,-0.01,20,19700,卖盘
530,13:39:26,9.86,0.01,13,12818,买盘
531,13:39:21,9.85,--,3,2955,卖盘
532,13:39:11,9.85,-0.02,6,5910,卖盘
533,13:39:06,9.87,0.01,221,218126,买盘
534,13:38:56,9.86,-0.01,55,54230,卖盘
535,13:38:46,9.87,-0.01,171,168777,卖盘
536,13:38:36,9.88,0.01,10,9880,买盘
537,13:38:31,9.87,-0.01,55,54284,卖盘
538,13:38:21,9.88,0.01,7,6916,买盘
539,13:38:11,9.87,-0.01,50,49349,卖盘
540,13:38:06,9.88,0.01,11,10868,买盘
541,13:37:51,9.87,--,10,9870,卖盘
542,13:37:41,9.87,0.01,116,114491,买盘
543,13:37:36,9.86,0.01,20,19720,买盘
544,13:37:26,9.85,-0.01,11,10835,卖盘
545,13:37:21,9.86,-0.01,149,146914,卖盘
546,13:37:11,9.87,--,2,1973,买盘
547,13:37:06,9.87,--,21,20727,买盘
548,13:36:51,9.87,-0.01,10,9870,买盘
549,13:36:45,9.88,--,0,0,买盘
550,13:36:36,9.88,0.02,10,9880,买盘
551,13:36:30,9.86,-0.02,15,14790,卖盘
552,13:36:21,9.88,--,163,161044,卖盘
553,13:36:15,9.88,--,50,49400,卖盘
554,13:36:11,9.88,--,35,34580,卖盘
555,13:36:06,9.88,--,53,52364,卖盘
556,13:36:00,9.88,--,121,119548,卖盘
557,13:35:56,9.88,--,105,103740,卖盘
558,13:35:50,9.88,--,115,113620,卖盘
559,13:35:41,9.88,--,5,4940,卖盘
560,13:35:36,9.88,-0.01,220,217360,卖盘
561,13:35:30,9.89,0.01,20,19780,买盘
562,13:35:26,9.88,--,21,20748,卖盘
563,13:35:21,9.88,-0.01,30,29640,卖盘
564,13:35:15,9.89,0.01,29,28681,买盘
565,13:35:10,9.88,-0.01,12,11856,卖盘
566,13:35:05,9.89,--,206,203734,买盘
567,13:35:00,9.89,--,100,98900,买盘
568,13:34:55,9.89,0.01,50,49450,买盘
569,13:34:50,9.88,--,28,27664,卖盘
570,13:34:30,9.88,-0.01,27,26676,卖盘
571,13:34:20,9.89,--,62,61318,买盘
572,13:34:15,9.89,--,125,123625,买盘
573,13:34:10,9.89,--,27,26703,买盘
574,13:34:05,9.89,--,207,204723,买盘
575,13:34:00,9.89,--,223,220547,买盘
576,13:33:50,9.89,--,60,59340,买盘
577,13:33:45,9.89,--,21,20769,买盘
578,13:33:35,9.89,0.01,589,582521,买盘
579,13:33:30,9.88,0.01,18,17784,买盘
580,13:33:15,9.87,--,229,226022,卖盘
581,13:33:10,9.87,--,1,986,卖盘
582,13:33:00,9.87,0.02,8,7895,买盘
583,13:32:40,9.85,--,10,9850,卖盘
584,13:32:35,9.85,--,8,7880,买盘
585,13:32:30,9.85,-0.04,5,4925,买盘
586,13:32:25,9.89,--,0,0,买盘
587,13:32:20,9.89,0.04,1194,1180866,买盘
588,13:32:15,9.85,--,10,9850,买盘
589,13:32:05,9.85,-0.01,100,98500,中性盘
590,13:31:59,9.86,0.02,6,5916,买盘
591,13:31:55,9.84,-0.01,9,8856,卖盘
592,13:31:45,9.85,--,203,199955,买盘
593,13:31:39,9.85,--,6,5910,买盘
594,13:31:30,9.85,0.01,10,9850,买盘
595,13:30:44,9.84,--,3,2952,卖盘
596,13:30:24,9.84,--,6,5904,卖盘
597,13:30:14,9.84,--,34,33456,买盘
598,13:30:05,9.84,--,16,15744,卖盘
599,13:30:00,9.84,0.01,16,15744,买盘
600,13:29:39,9.83,--,50,49150,卖盘
601,13:29:35,9.83,-0.01,30,29490,卖盘
602,13:29:29,9.84,--,40,39360,买盘
603,13:29:24,9.84,--,52,51168,买盘
604,13:29:14,9.84,--,4,3936,买盘
605,13:29:09,9.84,0.01,133,130872,买盘
606,13:28:59,9.83,-0.01,40,39320,卖盘
607,13:28:54,9.84,0.01,5,4920,买盘
608,13:28:35,9.83,-0.01,5,4915,卖盘
609,13:28:24,9.84,0.01,4,3936,买盘
610,13:28:19,9.83,0.01,35,34405,买盘
611,13:28:14,9.82,--,19,18658,买盘
612,13:28:09,9.82,--,5,4910,买盘
613,13:27:54,9.82,--,96,94272,卖盘
614,13:26:59,9.82,-0.01,21,20622,卖盘
615,13:26:54,9.83,0.01,10,9830,买盘
616,13:26:24,9.82,-0.01,1,982,卖盘
617,13:26:14,9.83,--,55,54065,买盘
618,13:26:04,9.83,--,6,5898,买盘
619,13:25:59,9.83,--,10,9830,买盘
620,13:25:54,9.83,0.01,4,3932,买盘
621,13:25:49,9.82,-0.01,1,982,卖盘
622,13:25:23,9.83,0.01,29,28507,买盘
623,13:25:19,9.82,--,1,982,卖盘
624,13:24:53,9.82,-0.01,44,43208,卖盘
625,13:24:38,9.83,--,22,21626,卖盘
626,13:24:18,9.83,0.01,3,2949,买盘
627,13:24:14,9.82,-0.01,2,1964,卖盘
628,13:23:53,9.83,0.01,100,98300,买盘
629,13:23:48,9.82,--,4,3928,卖盘
630,13:23:33,9.82,--,2,1964,卖盘
631,13:23:08,9.82,-0.01,4,3928,卖盘
632,13:23:03,9.83,--,15,14745,买盘
633,13:22:53,9.83,--,100,98300,买盘
634,13:22:43,9.83,-0.01,22,21626,卖盘
635,13:22:38,9.84,0.01,7,6888,买盘
636,13:22:13,9.83,--,14,13762,卖盘
637,13:22:03,9.83,--,50,49150,卖盘
638,13:21:48,9.83,--,30,29490,卖盘
639,13:21:38,9.83,--,50,49150,卖盘
640,13:21:28,9.83,--,5,4915,卖盘
641,13:20:53,9.83,--,30,29490,卖盘
642,13:20:38,9.83,--,18,17694,卖盘
643,13:20:23,9.83,0.01,107,105181,买盘
644,13:20:18,9.82,--,7,6874,卖盘
645,13:20:13,9.82,--,39,39014,买盘
646,13:20:03,9.82,--,25,24550,买盘
647,13:19:48,9.82,--,15,14730,买盘
648,13:19:33,9.82,0.01,24,23568,买盘
649,13:19:28,9.81,-0.01,54,52974,卖盘
650,13:19:03,9.82,--,30,29460,买盘
651,13:18:38,9.82,0.01,2,1964,买盘
652,13:18:28,9.81,-0.01,50,49050,卖盘
653,13:18:13,9.82,--,47,46154,买盘
654,13:17:47,9.82,--,20,19905,卖盘
655,13:17:43,9.82,--,2,1964,卖盘
656,13:17:27,9.82,--,15,14730,卖盘
657,13:17:23,9.82,--,10,9820,卖盘
658,13:17:17,9.82,--,5,4910,卖盘
659,13:17:12,9.82,-0.01,60,58920,卖盘
660,13:16:47,9.83,0.01,9,8847,买盘
661,13:16:27,9.82,-0.01,50,49100,卖盘
662,13:16:23,9.83,--,4,3932,买盘
663,13:16:17,9.83,--,5,4915,买盘
664,13:15:57,9.83,--,82,80606,卖盘
665,13:15:42,9.83,-0.01,18,17694,卖盘
666,13:15:17,9.84,--,15,14760,买盘
667,13:15:12,9.84,--,5,4920,卖盘
668,13:15:07,9.84,--,39,38376,卖盘
669,13:14:57,9.84,0.01,156,153504,买盘
670,13:14:42,9.83,--,10,9830,卖盘
671,13:14:27,9.83,--,20,19660,卖盘
672,13:14:07,9.83,--,2,1966,卖盘
673,13:14:02,9.83,--,37,36371,买盘
674,13:13:57,9.83,--,50,49150,买盘
675,13:13:37,9.83,--,5,4915,买盘
676,13:13:27,9.83,0.01,6,5898,买盘
677,13:13:12,9.82,--,10,9820,卖盘
678,13:12:57,9.82,-0.01,2,1964,卖盘
679,13:12:47,9.83,--,136,133688,买盘
680,13:12:27,9.83,--,140,137620,卖盘
681,13:12:17,9.83,--,20,19660,卖盘
682,13:12:12,9.83,0.01,1,983,买盘
683,13:12:02,9.82,-0.01,30,29460,卖盘
684,13:11:27,9.83,--,20,19660,买盘
685,13:11:22,9.83,--,29,28507,买盘
686,13:11:06,9.83,--,25,24575,买盘
687,13:10:26,9.83,0.01,131,128773,买盘
688,13:10:02,9.82,--,3,3662,买盘
689,13:09:51,9.82,--,45,44455,卖盘
690,13:09:41,9.82,--,19,19374,买盘
691,13:09:32,9.82,--,5,4910,买盘
692,13:09:26,9.82,--,25,24815,卖盘
693,13:09:16,9.82,--,3,3662,买盘
694,13:09:06,9.82,-0.01,6,6157,卖盘
695,13:08:56,9.83,0.01,20,19660,买盘
696,13:08:41,9.82,-0.01,119,116858,卖盘
697,13:08:21,9.83,--,1,983,买盘
698,13:07:36,9.83,0.01,12,11796,买盘
699,13:07:16,9.82,--,2,1964,卖盘
700,13:07:06,9.82,-0.01,152,149264,卖盘
701,13:06:41,9.83,--,1,983,买盘
702,13:06:36,9.83,0.01,15,14745,买盘
703,13:06:06,9.82,--,10,9820,卖盘
704,13:06:01,9.82,--,12,11784,卖盘
705,13:05:56,9.82,--,7,6874,卖盘
706,13:05:36,9.82,--,28,27496,卖盘
707,13:05:31,9.82,-0.01,12,11784,卖盘
708,13:05:16,9.83,--,6,5898,买盘
709,13:05:06,9.83,--,10,9830,买盘
710,13:04:56,9.83,--,11,10813,买盘
711,13:04:51,9.83,--,15,14745,卖盘
712,13:04:46,9.83,--,6,5898,卖盘
713,13:04:41,9.83,-0.01,103,101249,卖盘
714,13:04:35,9.84,0.01,25,24600,买盘
715,13:04:31,9.83,--,4,3932,卖盘
716,13:04:21,9.83,-0.01,8,7864,卖盘
717,13:04:01,9.84,--,28,27552,买盘
718,13:03:50,9.84,0.01,20,19680,买盘
719,13:03:45,9.83,--,10,9830,卖盘
720,13:03:35,9.83,-0.01,192,188736,卖盘
721,13:03:25,9.84,0.01,8,7872,买盘
722,13:03:20,9.83,--,5,4915,卖盘
723,13:03:10,9.83,--,11,10813,卖盘
724,13:03:05,9.83,--,25,24575,卖盘
725,13:03:00,9.83,--,19,18677,卖盘
726,13:02:50,9.83,-0.01,8,7864,卖盘
727,13:02:45,9.84,0.01,42,41328,买盘
728,13:02:35,9.83,--,20,19660,卖盘
729,13:02:30,9.83,-0.01,13,12779,卖盘
730,13:02:25,9.84,0.01,40,39360,买盘
731,13:02:20,9.83,--,30,29490,卖盘
732,13:02:15,9.83,--,45,44235,卖盘
733,13:02:05,9.83,--,3,2949,卖盘
734,13:02:00,9.83,--,3,2949,卖盘
735,13:01:50,9.83,-0.01,30,29490,卖盘
736,13:01:40,9.84,0.01,18,17712,买盘
737,13:01:35,9.83,--,3,2949,卖盘
738,13:01:20,9.83,--,100,98300,卖盘
739,13:01:00,9.83,--,1,983,卖盘
740,13:00:50,9.83,--,7,6881,卖盘
741,13:00:45,9.83,-0.01,30,29490,卖盘
742,13:00:35,9.84,--,5,4920,买盘
743,13:00:05,9.84,0.01,136,133824,买盘
744,11:30:00,9.83,--,0,0,买盘
745,11:30:00,9.83,--,0,0,买盘
746,11:29:56,9.83,-0.01,40,39320,卖盘
747,11:29:51,9.84,--,61,60024,买盘
748,11:29:45,9.84,0.01,50,49200,买盘
749,11:29:36,9.83,-0.01,100,98300,卖盘
750,11:29:30,9.84,0.01,147,144648,买盘
751,11:29:21,9.83,0.01,96,94368,买盘
752,11:29:15,9.82,-0.01,14,13748,卖盘
753,11:29:09,9.83,--,34,33422,买盘
754,11:29:06,9.83,--,24,23592,买盘
755,11:29:00,9.83,--,7,6881,买盘
756,11:28:51,9.83,0.01,6,5898,买盘
757,11:28:45,9.82,--,20,19640,卖盘
758,11:28:39,9.82,-0.01,3,2946,卖盘
759,11:28:35,9.83,0.01,99,98034,买盘
760,11:28:30,9.82,--,24,23568,买盘
761,11:28:24,9.82,--,3,2946,买盘
762,11:28:20,9.82,--,7,6874,买盘
763,11:28:15,9.82,-0.01,124,121768,卖盘
764,11:28:05,9.83,0.01,8,7864,买盘
765,11:28:00,9.82,--,109,107038,买盘
766,11:27:54,9.82,--,16,15712,买盘
767,11:27:50,9.82,--,13,12766,买盘
768,11:27:45,9.82,0.01,223,218986,买盘
769,11:27:39,9.81,-0.01,70,68670,卖盘
770,11:27:35,9.82,--,30,29460,买盘
771,11:27:30,9.82,0.01,20,19640,买盘
772,11:27:24,9.81,-0.01,12,11772,卖盘
773,11:27:20,9.82,--,18,17676,买盘
774,11:27:09,9.82,--,4,3928,买盘
775,11:27:00,9.82,--,26,25532,买盘
776,11:26:54,9.82,--,4,3928,买盘
777,11:26:35,9.82,--,1,982,买盘
778,11:26:30,9.82,--,15,14730,买盘
779,11:26:20,9.82,--,4,3928,买盘
780,11:26:15,9.82,0.01,9,8838,买盘
781,11:26:05,9.81,-0.01,10,9810,卖盘
782,11:25:50,9.82,0.01,32,31424,买盘
783,11:25:35,9.81,-0.01,7,6867,卖盘
784,11:25:30,9.82,0.01,20,19640,买盘
785,11:25:24,9.81,--,100,98100,卖盘
786,11:25:20,9.81,--,30,29430,卖盘
787,11:25:00,9.81,0.01,25,24525,买盘
788,11:24:54,9.8,-0.01,30,29400,卖盘
789,11:24:50,9.81,0.01,5,4905,买盘
790,11:24:39,9.8,-0.01,9,8820,卖盘
791,11:24:15,9.81,--,18,17658,买盘
792,11:24:09,9.81,0.01,4,3924,买盘
793,11:24:05,9.8,--,8,7840,买盘
794,11:24:00,9.8,--,27,26460,买盘
795,11:23:54,9.8,--,4,3920,买盘
796,11:23:50,9.8,--,12,11760,买盘
797,11:23:45,9.8,--,12,11760,买盘
798,11:23:35,9.8,--,3,2940,买盘
799,11:23:19,9.8,--,3,2940,买盘
800,11:23:14,9.8,--,8,7840,买盘
801,11:23:09,9.8,0.01,21,20580,买盘
802,11:23:03,9.79,--,27,26432,买盘
803,11:22:59,9.79,--,21,20559,买盘
804,11:22:54,9.79,--,100,97899,买盘
805,11:22:48,9.79,--,2,1957,买盘
806,11:22:44,9.79,0.01,2,1957,买盘
807,11:22:39,9.78,-0.01,13,12714,卖盘
808,11:22:14,9.79,--,0,0,买盘
809,11:22:09,9.79,--,10,9790,买盘
810,11:21:59,9.79,0.02,5,4895,买盘
811,11:21:48,9.77,--,200,195400,卖盘
812,11:21:03,9.77,-0.02,30,29310,卖盘
813,11:20:54,9.79,0.01,91,89088,买盘
814,11:20:39,9.78,--,369,360882,卖盘
815,11:20:14,9.78,-0.01,60,58679,卖盘
816,11:20:03,9.79,--,5,4895,买盘
817,11:19:59,9.79,0.01,1,978,买盘
818,11:19:54,9.78,-0.01,133,130073,卖盘
819,11:19:24,9.79,0.01,10,9790,买盘
820,11:19:14,9.78,-0.01,11,10758,卖盘
821,11:19:09,9.79,--,7,6852,买盘
822,11:18:59,9.79,--,4,3915,买盘
823,11:18:44,9.79,0.01,10,9790,买盘
824,11:18:39,9.78,-0.01,68,66504,卖盘
825,11:18:29,9.79,-0.01,60,58739,卖盘
826,11:18:24,9.8,0.01,25,24500,买盘
827,11:18:14,9.79,--,190,186009,卖盘
828,11:18:09,9.79,--,93,91046,卖盘
829,11:17:59,9.79,-0.01,10,9790,卖盘
830,11:17:48,9.8,0.01,5,4900,买盘
831,11:16:43,9.79,-0.01,3,2936,卖盘
832,11:16:23,9.8,--,4,3920,买盘
833,11:16:13,9.8,--,5,4900,买盘
834,11:15:48,9.8,--,4,3920,买盘
835,11:15:42,9.8,--,63,61740,卖盘
836,11:15:33,9.8,-0.01,58,56840,卖盘
837,11:15:27,9.81,--,6,5886,买盘
838,11:15:18,9.81,--,5,4905,买盘
839,11:14:57,9.81,--,3,2943,买盘
840,11:14:38,9.81,--,1,981,买盘
841,11:14:33,9.81,--,7,6867,买盘
842,11:14:18,9.81,--,5,4905,买盘
843,11:13:23,9.81,--,4,3924,买盘
844,11:13:12,9.81,0.01,10,9810,买盘
845,11:13:08,9.8,-0.01,10,9800,卖盘
846,11:12:48,9.81,--,5,4905,买盘
847,11:12:33,9.81,0.01,4,3924,买盘
848,11:12:23,9.8,--,30,29400,卖盘
849,11:12:08,9.8,--,58,56840,卖盘
850,11:12:03,9.8,-0.01,10,9800,卖盘
851,11:11:38,9.81,--,5,4905,买盘
852,11:11:33,9.81,--,2,1962,买盘
853,11:10:53,9.81,--,100,98100,买盘
854,11:10:42,9.81,0.01,8,7848,买盘
855,11:10:32,9.8,--,100,98000,卖盘
856,11:10:12,9.8,--,4,3920,卖盘
857,11:10:08,9.8,--,100,98000,卖盘
858,11:10:02,9.8,-0.01,2,1960,卖盘
859,11:09:53,9.81,0.01,5,4905,买盘
860,11:09:42,9.8,--,4,3920,卖盘
861,11:09:22,9.8,-0.01,20,19600,卖盘
862,11:09:17,9.81,--,55,53955,买盘
863,11:08:51,9.81,--,8,7848,买盘
864,11:08:47,9.81,0.01,4,3924,买盘
865,11:08:42,9.8,-0.01,60,58800,卖盘
866,11:08:21,9.81,0.01,5,4905,买盘
867,11:08:17,9.8,-0.01,100,98000,卖盘
868,11:08:12,9.81,--,150,147150,买盘
869,11:08:06,9.81,--,5,4905,买盘
870,11:08:02,9.81,0.01,5,4905,买盘
871,11:07:57,9.8,-0.01,10,9800,卖盘
872,11:07:47,9.81,--,2,1962,买盘
873,11:07:42,9.81,--,6,5886,买盘
874,11:07:27,9.81,--,4,3924,买盘
875,11:07:17,9.81,--,6,5886,买盘
876,11:07:02,9.81,--,2,1962,买盘
877,11:06:51,9.81,--,13,12753,买盘
878,11:06:47,9.81,--,6,5886,买盘
879,11:06:36,9.81,-0.01,17,16677,卖盘
880,11:06:27,9.82,--,10,9820,买盘
881,11:06:17,9.82,0.01,34,33388,买盘
882,11:06:06,9.81,--,15,14715,卖盘
883,11:05:51,9.81,--,4,3924,卖盘
884,11:05:42,9.81,-0.01,7,6867,卖盘
885,11:05:36,9.82,0.01,5,4910,买盘
886,11:05:32,9.81,--,17,16677,卖盘
887,11:05:27,9.81,--,27,26487,买盘
888,11:04:57,9.81,--,17,16677,买盘
889,11:04:47,9.81,--,4,3924,买盘
890,11:04:32,9.81,0.01,1,981,买盘
891,11:04:27,9.8,-0.01,14,13720,卖盘
892,11:04:12,9.81,--,96,94176,卖盘
893,11:04:02,9.81,-0.01,8,7848,卖盘
894,11:03:51,9.82,--,10,9820,买盘
895,11:03:47,9.82,0.01,34,33388,买盘
896,11:03:42,9.81,-0.01,10,9810,卖盘
897,11:03:32,9.82,0.01,15,14730,买盘
898,11:03:27,9.81,-0.01,4,3924,卖盘
899,11:03:16,9.82,0.01,2,1964,买盘
900,11:03:06,9.81,--,40,39240,卖盘
901,11:02:56,9.81,--,3,2943,买盘
902,11:02:46,9.81,--,8,7848,卖盘
903,11:02:36,9.81,--,9,8829,卖盘
904,11:02:21,9.81,--,110,107910,卖盘
905,11:02:15,9.81,-0.01,80,78480,卖盘
906,11:02:11,9.82,0.01,6,5892,买盘
907,11:02:00,9.81,-0.01,50,49050,卖盘
908,11:01:51,9.82,--,20,19640,卖盘
909,11:01:41,9.82,0.01,36,35352,买盘
910,11:01:36,9.81,-0.01,7,6867,卖盘
911,11:01:26,9.82,--,100,98200,卖盘
912,11:00:56,9.82,-0.01,4,3928,卖盘
913,11:00:45,9.83,--,4,3932,买盘
914,11:00:41,9.83,0.01,2,1966,买盘
915,11:00:36,9.82,-0.01,2,1964,卖盘
916,11:00:30,9.83,--,100,98300,买盘
917,11:00:21,9.83,0.01,5,4915,买盘
918,11:00:15,9.82,0.01,18,17676,买盘
919,11:00:11,9.81,--,10,9810,卖盘
920,11:00:06,9.81,-0.02,2,1962,卖盘
921,10:59:56,9.83,0.01,4,3932,买盘
922,10:59:45,9.82,--,10,9820,卖盘
923,10:59:35,9.82,-0.01,10,9820,卖盘
924,10:59:30,9.83,--,20,19660,买盘
925,10:59:11,9.83,--,10,9830,买盘
926,10:59:00,9.83,--,1,983,买盘
927,10:58:56,9.83,--,11,10813,买盘
928,10:58:51,9.83,--,4,3932,买盘
929,10:58:41,9.83,--,1,983,买盘
930,10:58:36,9.83,--,27,26541,买盘
931,10:58:30,9.83,--,6,5898,买盘
932,10:58:20,9.83,--,31,30473,买盘
933,10:58:11,9.83,--,1,983,买盘
934,10:58:06,9.83,--,4,3932,买盘
935,10:57:56,9.83,--,20,19660,买盘
936,10:57:51,9.83,--,10,9830,买盘
937,10:57:45,9.83,--,70,68810,买盘
938,10:57:41,9.83,0.01,3,2949,买盘
939,10:57:35,9.82,--,10,9820,卖盘
940,10:57:30,9.82,-0.01,52,51064,卖盘
941,10:57:26,9.83,0.01,10,9830,买盘
942,10:57:20,9.82,-0.01,20,19640,卖盘
943,10:57:15,9.83,--,0,0,买盘
944,10:57:11,9.83,0.01,112,110096,买盘
945,10:57:05,9.82,0.01,2,1964,买盘
946,10:57:00,9.81,0.01,98,96138,买盘
947,10:56:50,9.8,-0.01,10,9800,卖盘
948,10:56:45,9.81,--,0,0,买盘
949,10:56:41,9.81,--,13,12753,买盘
950,10:56:35,9.81,--,0,0,买盘
951,10:56:26,9.81,--,4,3924,买盘
952,10:56:20,9.81,0.01,167,163827,买盘
953,10:56:15,9.8,--,23,22540,买盘
954,10:56:05,9.8,--,53,51940,买盘
955,10:55:55,9.8,--,61,59780,买盘
956,10:55:41,9.8,0.01,111,108780,买盘
957,10:55:35,9.79,--,5,4895,卖盘
958,10:55:09,9.79,--,10,9790,卖盘
959,10:54:45,9.79,-0.01,20,19580,卖盘
960,10:54:39,9.8,--,5,4900,买盘
961,10:54:09,9.8,--,1,980,买盘
962,10:54:00,9.8,--,139,136220,买盘
963,10:53:54,9.8,--,5,4900,买盘
964,10:53:45,9.8,0.02,5,4900,买盘
965,10:53:05,9.78,--,0,0,卖盘
966,10:53:00,9.78,-0.02,4,3911,卖盘
967,10:52:54,9.8,0.02,113,110740,买盘
968,10:52:50,9.78,-0.02,17,16626,卖盘
969,10:52:44,9.8,--,1,980,买盘
970,10:52:35,9.8,--,10,9800,买盘
971,10:52:29,9.8,0.01,5,4900,买盘
972,10:52:20,9.79,-0.01,26,25453,卖盘
973,10:52:09,9.8,0.01,1,980,买盘
974,10:51:44,9.79,--,22,21537,买盘
975,10:51:35,9.79,--,5,4895,卖盘
976,10:51:29,9.79,--,16,15663,卖盘
977,10:51:20,9.79,-0.01,3,2936,买盘
978,10:50:50,9.8,--,0,0,买盘
979,10:50:44,9.8,0.01,5,4900,买盘
980,10:50:39,9.79,-0.01,10,9790,卖盘
981,10:50:35,9.8,0.01,15,14700,买盘
982,10:50:29,9.79,--,34,33286,卖盘
983,10:50:24,9.79,-0.01,1,978,卖盘
984,10:50:20,9.8,0.01,5,4900,买盘
985,10:50:14,9.79,-0.01,10,9790,卖盘
986,10:50:09,9.8,--,4,3920,买盘
987,10:49:59,9.8,--,116,113680,买盘
988,10:49:50,9.8,0.01,16,15680,买盘
989,10:49:44,9.79,--,50,48949,卖盘
990,10:49:35,9.79,--,52,50907,买盘
991,10:49:29,9.79,--,104,101815,买盘
992,10:49:19,9.79,0.01,3,2936,买盘
993,10:49:14,9.78,--,10,9780,买盘
994,10:48:59,9.78,--,54,52812,买盘
995,10:48:49,9.78,0.01,3,2934,买盘
996,10:48:44,9.77,-0.01,58,56666,卖盘
997,10:48:39,9.78,--,3,2934,买盘
998,10:48:33,9.78,--,10,9780,买盘
999,10:48:29,9.78,-0.01,20,19560,中性盘
1000,10:48:09,9.79,0.02,5,4895,买盘
1001,10:47:59,9.77,-0.01,12,11724,卖盘
1002,10:47:44,9.78,--,10,9780,买盘
1003,10:47:24,9.78,0.01,10,9780,买盘
1004,10:47:14,9.77,-0.01,10,9770,卖盘
1005,10:47:09,9.78,0.01,4,3911,买盘
1006,10:46:59,9.77,--,13,12701,买盘
1007,10:46:39,9.77,--,3,2931,买盘
1008,10:46:33,9.77,0.01,11,10747,买盘
1009,10:46:23,9.76,-0.01,7,6832,卖盘
1010,10:46:18,9.77,--,1,977,买盘
1011,10:46:14,9.77,0.01,31,30287,买盘
1012,10:45:44,9.76,-0.01,3,2928,卖盘
1013,10:45:38,9.77,--,20,19540,买盘
1014,10:45:29,9.77,0.01,5,4885,买盘
1015,10:45:23,9.76,-0.01,3,2928,卖盘
1016,10:44:44,9.77,-0.01,352,343904,卖盘
1017,10:44:38,9.78,0.01,13,12714,买盘
1018,10:44:33,9.77,--,6,5862,卖盘
1019,10:44:29,9.77,--,2,1954,卖盘
1020,10:44:23,9.77,0.01,5,4885,卖盘
1021,10:44:14,9.76,-0.01,1088,1061888,卖盘
1022,10:44:08,9.77,--,134,130918,买盘
1023,10:43:59,9.77,--,1,977,买盘
1024,10:43:48,9.77,--,20,19540,卖盘
1025,10:43:38,9.77,0.01,14,13678,卖盘
1026,10:43:33,9.76,--,0,0,卖盘
1027,10:43:29,9.76,--,0,0,卖盘
1028,10:43:23,9.76,-0.01,9,8784,卖盘
1029,10:43:18,9.77,0.01,10,9770,买盘
1030,10:43:14,9.76,-0.01,3,2928,卖盘
1031,10:43:03,9.77,--,5,4885,买盘
1032,10:42:59,9.77,--,434,424018,卖盘
1033,10:42:53,9.77,-0.01,45,43965,卖盘
1034,10:42:48,9.78,--,4,3911,买盘
1035,10:42:38,9.78,--,13,12714,买盘
1036,10:42:23,9.78,--,28,27912,卖盘
1037,10:42:18,9.78,--,82,80196,卖盘
1038,10:42:03,9.78,--,9,9251,买盘
1039,10:41:53,9.78,--,4,3911,买盘
1040,10:41:48,9.78,--,43,42582,卖盘
1041,10:41:33,9.78,--,62,60635,卖盘
1042,10:41:28,9.78,--,20,19560,卖盘
1043,10:41:23,9.78,--,92,89976,卖盘
1044,10:41:18,9.78,-0.01,367,359375,卖盘
1045,10:41:13,9.79,--,30,29369,买盘
1046,10:41:08,9.79,0.01,5,4895,买盘
1047,10:41:03,9.78,--,3,2934,卖盘
1048,10:40:58,9.78,-0.01,120,117359,卖盘
1049,10:40:38,9.79,0.01,2,1957,买盘
1050,10:40:33,9.78,--,18,17604,卖盘
1051,10:40:23,9.78,-0.01,4,3911,卖盘
1052,10:40:12,9.79,--,4,3915,买盘
1053,10:40:08,9.79,0.01,35,34265,买盘
1054,10:40:03,9.78,-0.01,1,977,卖盘
1055,10:39:48,9.79,0.01,13,12726,买盘
1056,10:39:42,9.78,-0.01,4,3911,卖盘
1057,10:39:38,9.79,--,363,355376,卖盘
1058,10:39:33,9.79,--,9,8811,卖盘
1059,10:39:27,9.79,-0.01,9,8811,卖盘
1060,10:39:23,9.8,0.01,18,17640,买盘
1061,10:39:18,9.79,--,14,13705,卖盘
1062,10:39:08,9.79,--,12,11747,中性盘
1063,10:39:02,9.79,--,13,12726,卖盘
1064,10:38:53,9.79,--,5,4895,卖盘
1065,10:38:42,9.79,-0.01,50,48949,卖盘
1066,10:38:38,9.8,--,5,4900,买盘
1067,10:38:27,9.8,0.01,4,3920,买盘
1068,10:38:23,9.79,--,1,978,卖盘
1069,10:38:17,9.79,--,9,8811,卖盘
1070,10:38:02,9.79,--,6,5873,卖盘
1071,10:37:57,9.79,--,3,2936,中性盘
1072,10:37:53,9.79,--,52,50907,买盘
1073,10:37:38,9.79,0.01,12,11747,买盘
1074,10:37:32,9.78,-0.01,10,9780,卖盘
1075,10:37:08,9.79,0.01,53,51886,买盘
1076,10:37:02,9.78,-0.01,46,44988,卖盘
1077,10:36:42,9.79,--,3,2936,买盘
1078,10:36:38,9.79,0.01,59,57760,买盘
1079,10:36:32,9.78,-0.01,100,97800,卖盘
1080,10:36:23,9.79,--,10,9790,买盘
1081,10:36:12,9.79,0.01,6,5873,买盘
1082,10:36:02,9.78,--,11,10758,卖盘
1083,10:35:57,9.78,-0.01,20,19560,卖盘
1084,10:35:52,9.79,--,5,4895,买盘
1085,10:35:47,9.79,--,10,9790,买盘
1086,10:35:42,9.79,--,100,97899,买盘
1087,10:35:22,9.79,0.01,23,22516,买盘
1088,10:35:02,9.78,--,1,977,卖盘
1089,10:34:57,9.78,-0.01,5,4890,卖盘
1090,10:34:42,9.79,--,4,3915,买盘
1091,10:34:32,9.79,--,23,22516,买盘
1092,10:34:27,9.79,--,10,9790,买盘
1093,10:34:22,9.79,--,28,27411,买盘
1094,10:34:17,9.79,0.01,10,9790,买盘
1095,10:34:12,9.78,-0.02,84,82152,卖盘
1096,10:34:07,9.8,0.01,10,9800,买盘
1097,10:34:02,9.79,-0.01,1,978,卖盘
1098,10:33:57,9.8,--,9,8820,买盘
1099,10:33:47,9.8,--,20,19600,买盘
1100,10:33:22,9.8,0.01,18,17640,买盘
1101,10:33:17,9.79,--,13,12726,卖盘
1102,10:33:12,9.79,--,18,17622,卖盘
1103,10:33:06,9.79,--,32,31327,卖盘
1104,10:33:02,9.79,--,4,3915,卖盘
1105,10:32:57,9.79,-0.01,31,30348,卖盘
1106,10:32:42,9.8,0.01,5,4900,买盘
1107,10:32:36,9.79,-0.01,10,9790,卖盘
1108,10:32:32,9.8,0.01,31,30380,买盘
1109,10:32:27,9.79,-0.01,13,12726,卖盘
1110,10:32:17,9.8,0.01,4,3920,买盘
1111,10:32:12,9.79,--,5,4895,买盘
1112,10:32:06,9.79,--,10,9790,买盘
1113,10:32:01,9.79,--,20,19580,买盘
1114,10:31:56,9.79,--,7,6852,买盘
1115,10:31:46,9.79,--,6,5873,卖盘
1116,10:31:41,9.79,-0.01,10,9790,卖盘
1117,10:31:31,9.8,--,3,2940,买盘
1118,10:31:26,9.8,0.01,4,3920,买盘
1119,10:31:17,9.79,--,34,33286,卖盘
1120,10:31:11,9.79,-0.01,17,16643,卖盘
1121,10:31:06,9.8,0.01,5,4900,买盘
1122,10:31:01,9.79,--,2,1957,卖盘
1123,10:30:56,9.79,--,35,34265,卖盘
1124,10:30:51,9.79,--,2,1957,卖盘
1125,10:30:46,9.79,--,2,1957,中性盘
1126,10:30:41,9.79,--,3,2936,卖盘
1127,10:30:36,9.79,-0.01,10,9790,卖盘
1128,10:30:31,9.8,0.01,7,6860,买盘
1129,10:30:26,9.79,-0.01,17,16643,卖盘
1130,10:30:16,9.8,0.01,8,7840,买盘
1131,10:30:06,9.79,-0.01,10,9790,卖盘
1132,10:29:56,9.8,-0.01,56,54880,卖盘
1133,10:29:46,9.81,--,4,3924,买盘
1134,10:29:41,9.81,--,54,52974,买盘
1135,10:29:36,9.81,--,0,0,买盘
1136,10:29:31,9.81,0.01,40,39240,买盘
1137,10:29:16,9.8,-0.01,15,14700,卖盘
1138,10:29:11,9.81,--,30,29430,买盘
1139,10:29:06,9.81,--,0,0,买盘
1140,10:29:01,9.81,0.01,253,248193,买盘
1141,10:28:56,9.8,-0.01,6,5880,中性盘
1142,10:28:51,9.81,--,20,19620,买盘
1143,10:28:46,9.81,0.01,258,253098,买盘
1144,10:28:31,9.8,-0.01,35,34300,卖盘
1145,10:28:26,9.81,0.01,14,13734,买盘
1146,10:28:21,9.8,-0.01,35,34300,卖盘
1147,10:28:16,9.81,0.01,4,3924,买盘
1148,10:28:11,9.8,0.01,179,175420,买盘
1149,10:28:06,9.79,--,10,9790,卖盘
1150,10:27:56,9.79,--,3,2936,卖盘
1151,10:27:51,9.79,0.01,274,268647,买盘
1152,10:27:46,9.78,--,13,12714,买盘
1153,10:27:41,9.78,0.01,20,19560,买盘
1154,10:27:36,9.77,--,50,48850,卖盘
1155,10:27:21,9.77,--,432,422064,买盘
1156,10:27:16,9.77,--,30,29310,买盘
1157,10:27:11,9.77,0.01,204,199308,买盘
1158,10:27:06,9.76,-0.01,204,199104,卖盘
1159,10:27:01,9.77,--,2,1954,买盘
1160,10:26:51,9.77,--,50,48850,买盘
1161,10:26:46,9.77,--,30,29310,买盘
1162,10:26:41,9.77,--,13,12701,买盘
1163,10:26:36,9.77,--,18,17586,买盘
1164,10:26:31,9.77,--,4,3908,买盘
1165,10:26:26,9.77,--,74,72298,买盘
1166,10:26:21,9.77,--,83,81091,买盘
1167,10:26:11,9.77,--,200,195400,买盘
1168,10:26:06,9.77,--,4,3908,买盘
1169,10:26:01,9.77,0.01,33,32241,买盘
1170,10:25:45,9.76,-0.01,33,32208,卖盘
1171,10:25:41,9.77,--,15,14655,买盘
1172,10:25:36,9.77,--,5,4885,买盘
1173,10:25:30,9.77,0.01,12,11724,买盘
1174,10:25:26,9.76,-0.01,93,90768,卖盘
1175,10:25:11,9.77,--,9,8793,买盘
1176,10:25:06,9.77,--,3,2931,买盘
1177,10:24:56,9.77,--,168,164136,买盘
1178,10:24:50,9.77,0.01,10,9770,买盘
1179,10:24:30,9.76,-0.01,1,976,卖盘
1180,10:24:25,9.77,0.01,14,13678,买盘
1181,10:24:10,9.76,--,83,81008,卖盘
1182,10:23:55,9.76,--,3,2928,卖盘
1183,10:23:50,9.76,--,11,10736,卖盘
1184,10:23:40,9.76,--,32,31856,买盘
1185,10:23:35,9.76,--,20,19520,买盘
1186,10:23:25,9.76,--,34,33184,买盘
1187,10:23:20,9.76,--,2,1952,买盘
1188,10:23:15,9.76,--,5,4880,买盘
1189,10:23:05,9.76,--,5,4880,买盘
1190,10:23:00,9.76,0.01,20,19520,买盘
1191,10:22:55,9.75,-0.01,13,12675,卖盘
1192,10:22:50,9.76,--,15,14640,买盘
1193,10:22:35,9.76,--,2,1952,买盘
1194,10:22:20,9.76,--,10,9760,买盘
1195,10:22:10,9.76,--,90,87840,买盘
1196,10:22:05,9.76,--,53,52079,卖盘
1197,10:22:00,9.76,--,1,976,卖盘
1198,10:21:55,9.76,--,35,34160,卖盘
1199,10:21:50,9.76,--,164,160688,买盘
1200,10:21:40,9.76,0.01,89,86864,买盘
1201,10:21:35,9.75,-0.01,47,45825,卖盘
1202,10:21:25,9.76,--,3,2928,买盘
1203,10:21:05,9.76,--,159,155184,买盘
1204,10:21:00,9.76,0.01,86,83936,买盘
1205,10:20:55,9.75,-0.01,17,16575,卖盘
1206,10:20:50,9.76,--,8,7808,买盘
1207,10:20:45,9.76,--,20,19520,买盘
1208,10:20:40,9.76,-0.01,779,760304,卖盘
1209,10:20:35,9.77,--,7,6839,买盘
1210,10:20:25,9.77,--,50,48850,买盘
1211,10:20:20,9.77,--,73,71321,卖盘
1212,10:20:15,9.77,-0.01,2,1954,卖盘
1213,10:20:05,9.78,0.01,12,11736,买盘
1214,10:20:00,9.77,--,4,3908,卖盘
1215,10:19:55,9.77,-0.01,5,4885,卖盘
1216,10:19:50,9.78,0.01,18,17604,买盘
1217,10:19:45,9.77,--,149,145573,卖盘
1218,10:19:40,9.77,-0.01,59,57643,卖盘
1219,10:19:35,9.78,--,6,5868,买盘
1220,10:19:25,9.78,--,6,5868,买盘
1221,10:19:20,9.78,--,5,4890,买盘
1222,10:19:15,9.78,0.01,134,131051,买盘
1223,10:19:10,9.77,--,15,14655,卖盘
1224,10:19:05,9.77,--,50,48850,卖盘
1225,10:18:45,9.77,--,100,97700,卖盘
1226,10:18:30,9.77,0.01,206,201262,买盘
1227,10:18:20,9.76,--,22,21472,卖盘
1228,10:18:09,9.76,-0.01,1,976,卖盘
1229,10:18:05,9.77,--,15,14655,买盘
1230,10:17:59,9.77,0.01,153,149481,买盘
1231,10:17:54,9.76,-0.01,20,19520,卖盘
1232,10:17:44,9.77,--,100,97700,买盘
1233,10:17:34,9.77,--,20,19540,买盘
1234,10:17:29,9.77,--,45,43965,买盘
1235,10:17:24,9.77,0.01,20,19540,买盘
1236,10:17:14,9.76,-0.01,26,25376,卖盘
1237,10:17:09,9.77,--,10,9770,买盘
1238,10:17:05,9.77,--,22,21494,买盘
1239,10:16:59,9.77,--,1,977,买盘
1240,10:16:49,9.77,--,10,9770,买盘
1241,10:16:34,9.77,--,63,61551,买盘
1242,10:16:29,9.77,--,203,198331,买盘
1243,10:16:19,9.77,--,6,5862,买盘
1244,10:16:14,9.77,--,27,26379,买盘
1245,10:16:04,9.77,--,18,17586,买盘
1246,10:15:59,9.77,--,10,9770,买盘
1247,10:15:49,9.77,--,163,159251,买盘
1248,10:15:44,9.77,--,4,3908,买盘
1249,10:15:34,9.77,0.01,13,12701,买盘
1250,10:15:29,9.76,--,10,9760,卖盘
1251,10:15:19,9.76,--,81,79056,卖盘
1252,10:15:14,9.76,--,12,11712,卖盘
1253,10:15:04,9.76,-0.01,45,43920,卖盘
1254,10:14:54,9.77,--,9,8793,买盘
1255,10:14:49,9.77,0.01,65,63505,买盘
1256,10:14:44,9.76,-0.01,20,19520,卖盘
1257,10:14:29,9.77,--,48,46896,买盘
1258,10:14:19,9.77,--,1,977,买盘
1259,10:13:54,9.77,--,46,44942,买盘
1260,10:13:49,9.77,--,10,9770,买盘
1261,10:13:44,9.77,0.01,10,9770,买盘
1262,10:13:39,9.76,-0.01,14,13664,卖盘
1263,10:13:34,9.77,--,43,42011,买盘
1264,10:13:29,9.77,0.01,25,24425,买盘
1265,10:13:19,9.76,-0.02,38,37088,卖盘
1266,10:13:09,9.78,0.01,34,33252,买盘
1267,10:12:59,9.77,--,10,9770,买盘
1268,10:12:49,9.77,--,30,29310,买盘
1269,10:12:39,9.77,--,18,17586,买盘
1270,10:12:29,9.77,--,3,2931,买盘
1271,10:12:24,9.77,--,14,13678,买盘
1272,10:12:14,9.77,0.01,4,3908,买盘
1273,10:12:09,9.76,-0.01,2,1952,卖盘
1274,10:12:04,9.77,--,3,2931,买盘
1275,10:11:59,9.77,--,1,977,买盘
1276,10:11:54,9.77,--,155,151435,卖盘
1277,10:11:49,9.77,--,86,84022,卖盘
1278,10:11:39,9.77,--,10,9770,卖盘
1279,10:11:29,9.77,-0.01,13,12701,卖盘
1280,10:11:24,9.78,0.01,4,3911,买盘
1281,10:11:19,9.77,--,10,9770,卖盘
1282,10:11:14,9.77,-0.01,77,75229,卖盘
1283,10:11:08,9.78,0.01,20,19560,买盘
1284,10:10:38,9.77,-0.01,68,66436,卖盘
1285,10:10:29,9.78,--,219,214182,卖盘
1286,10:10:23,9.78,--,25,24450,卖盘
1287,10:10:18,9.78,--,9,8802,买盘
1288,10:10:14,9.78,--,13,12714,卖盘
1289,10:10:08,9.78,--,0,0,中性盘
1290,10:10:03,9.78,--,8,7823,买盘
1291,10:09:59,9.78,--,57,55745,卖盘
1292,10:09:53,9.78,-0.01,7,6846,卖盘
1293,10:09:48,9.79,--,0,0,买盘
1294,10:09:43,9.79,0.01,94,92025,买盘
1295,10:09:38,9.78,-0.01,142,138876,卖盘
1296,10:09:29,9.79,--,12,11747,买盘
1297,10:09:23,9.79,--,10,9790,买盘
1298,10:09:13,9.79,--,0,0,买盘
1299,10:09:03,9.79,--,18,18199,买盘
1300,10:08:58,9.79,--,201,197180,买盘
1301,10:08:53,9.79,--,13,12726,买盘
1302,10:08:43,9.79,--,18,17622,买盘
1303,10:08:33,9.79,--,1,978,买盘
1304,10:08:23,9.79,0.01,101,98878,买盘
1305,10:08:18,9.78,-0.01,3,2934,卖盘
1306,10:08:13,9.79,0.01,27,26432,买盘
1307,10:08:08,9.78,-0.01,18,17604,卖盘
1308,10:08:03,9.79,0.02,52,50907,买盘
1309,10:07:53,9.77,-0.02,6,5862,卖盘
1310,10:07:48,9.79,0.02,45,44054,买盘
1311,10:07:43,9.77,--,10,9770,卖盘
1312,10:07:38,9.77,--,140,136780,卖盘
1313,10:07:28,9.77,-0.01,9,8793,卖盘
1314,10:07:23,9.78,0.01,167,163326,买盘
1315,10:07:18,9.77,-0.01,16,15632,卖盘
1316,10:07:13,9.78,--,3,2934,买盘
1317,10:07:03,9.78,0.01,180,176040,买盘
1318,10:06:53,9.77,--,106,103562,买盘
1319,10:06:48,9.77,--,4,3908,买盘
1320,10:06:43,9.77,--,5,4885,买盘
1321,10:06:38,9.77,--,130,127010,买盘
1322,10:06:28,9.77,0.01,6,5862,买盘
1323,10:06:23,9.76,-0.01,10,9760,卖盘
1324,10:06:18,9.77,0.01,35,34195,买盘
1325,10:06:13,9.76,--,19,18544,买盘
1326,10:06:08,9.76,0.01,5,4880,买盘
1327,10:06:03,9.75,-0.01,183,178425,卖盘
1328,10:05:53,9.76,0.01,26,25376,买盘
1329,10:05:48,9.75,-0.01,176,171600,卖盘
1330,10:05:38,9.76,--,4,3904,买盘
1331,10:05:33,9.76,--,1,976,买盘
1332,10:05:28,9.76,--,4,3904,买盘
1333,10:05:22,9.76,-0.01,34,33184,卖盘
1334,10:05:18,9.77,--,3,2931,买盘
1335,10:05:03,9.77,-0.01,12,11724,买盘
1336,10:04:52,9.78,--,0,0,买盘
1337,10:04:48,9.78,--,4,3911,买盘
1338,10:04:43,9.78,0.01,20,19560,买盘
1339,10:04:37,9.77,--,33,32241,卖盘
1340,10:04:32,9.77,--,1,977,买盘
1341,10:04:22,9.77,-0.01,113,110401,卖盘
1342,10:04:17,9.78,--,22,21516,买盘
1343,10:04:13,9.78,--,13,12714,买盘
1344,10:04:07,9.78,--,2,1955,买盘
1345,10:04:02,9.78,--,4,3911,买盘
1346,10:03:52,9.78,--,5,4890,买盘
1347,10:03:43,9.78,--,1,977,买盘
1348,10:03:32,9.78,--,4,3911,买盘
1349,10:03:22,9.78,--,100,97800,买盘
1350,10:03:07,9.78,0.03,25,24450,买盘
1351,10:03:02,9.75,-0.01,4,3900,卖盘
1352,10:02:57,9.76,0.01,6,5856,买盘
1353,10:02:42,9.75,--,10,9750,卖盘
1354,10:02:37,9.75,--,27,26325,买盘
1355,10:02:32,9.75,--,18,17550,买盘
1356,10:02:22,9.75,-0.04,130,126750,卖盘
1357,10:02:17,9.79,--,0,0,买盘
1358,10:02:07,9.79,0.05,585,572715,买盘
1359,10:02:02,9.74,-0.01,59,57466,卖盘
1360,10:01:57,9.75,--,10,9750,卖盘
1361,10:01:52,9.75,0.01,263,256503,买盘
1362,10:01:47,9.74,-0.01,81,78894,卖盘
1363,10:01:37,9.75,0.01,111,108225,买盘
1364,10:01:22,9.74,--,48,46752,卖盘
1365,10:01:17,9.74,-0.01,137,133438,卖盘
1366,10:01:12,9.75,--,15,14625,买盘
1367,10:01:07,9.75,0.01,10,9750,买盘
1368,10:01:02,9.74,-0.01,208,202592,卖盘
1369,10:00:57,9.75,--,100,97500,买盘
1370,10:00:52,9.75,0.01,6,5850,买盘
1371,10:00:47,9.74,-0.01,76,74024,卖盘
1372,10:00:42,9.75,--,15,14625,买盘
1373,10:00:32,9.75,--,14,13650,买盘
1374,10:00:27,9.75,0.01,20,19500,买盘
1375,10:00:22,9.74,--,51,49674,卖盘
1376,10:00:17,9.74,-0.01,16,15584,卖盘
1377,10:00:12,9.75,0.01,19,18525,买盘
1378,10:00:07,9.74,--,161,156814,卖盘
1379,10:00:02,9.74,-0.01,2,1948,卖盘
1380,09:59:57,9.75,0.01,18,17550,买盘
1381,09:59:42,9.74,--,93,90582,买盘
1382,09:59:37,9.74,--,4,3896,买盘
1383,09:59:32,9.74,0.01,5,4870,买盘
1384,09:59:27,9.73,-0.01,49,47677,卖盘
1385,09:59:16,9.74,--,71,69154,买盘
1386,09:59:12,9.74,--,139,135386,买盘
1387,09:59:07,9.74,0.01,150,146100,买盘
1388,09:59:01,9.73,-0.01,130,126490,卖盘
1389,09:58:57,9.74,--,51,49674,买盘
1390,09:58:52,9.74,0.01,294,286356,买盘
1391,09:58:46,9.73,--,29,28217,卖盘
1392,09:58:42,9.73,--,221,215033,卖盘
1393,09:58:37,9.73,--,10,9730,卖盘
1394,09:58:31,9.73,--,159,154707,卖盘
1395,09:58:27,9.73,-0.01,40,38920,卖盘
1396,09:58:16,9.74,--,10,9740,买盘
1397,09:58:12,9.74,--,539,524986,买盘
1398,09:58:07,9.74,--,4,3896,买盘
1399,09:58:01,9.74,--,64,62336,买盘
1400,09:57:57,9.74,--,801,781070,卖盘
1401,09:57:46,9.74,--,181,176294,卖盘
1402,09:57:42,9.74,--,10,9740,卖盘
1403,09:57:37,9.74,--,5,4870,卖盘
1404,09:57:31,9.74,--,369,359406,卖盘
1405,09:57:26,9.74,-0.01,247,240578,卖盘
1406,09:57:22,9.75,0.01,11,10725,买盘
1407,09:57:16,9.74,--,28,27272,卖盘
1408,09:57:11,9.74,-0.01,20,19480,卖盘
1409,09:57:07,9.75,0.01,1,975,买盘
1410,09:57:01,9.74,-0.01,107,104218,卖盘
1411,09:56:56,9.75,--,7,6825,买盘
1412,09:56:52,9.75,--,200,195000,买盘
1413,09:56:46,9.75,--,332,323700,卖盘
1414,09:56:41,9.75,--,2,1950,卖盘
1415,09:56:26,9.75,-0.01,74,72150,卖盘
1416,09:56:07,9.76,--,30,29280,买盘
1417,09:56:01,9.76,--,135,131760,卖盘
1418,09:55:56,9.76,-0.01,268,261568,卖盘
1419,09:55:51,9.77,0.01,18,17586,买盘
1420,09:55:46,9.76,--,15,14640,卖盘
1421,09:55:41,9.76,-0.01,40,39040,卖盘
1422,09:55:36,9.77,--,27,26379,买盘
1423,09:55:31,9.77,0.01,5,4885,卖盘
1424,09:55:26,9.76,-0.01,30,29280,卖盘
1425,09:55:16,9.77,0.01,50,48850,中性盘
1426,09:55:11,9.76,-0.01,332,324032,卖盘
1427,09:55:06,9.77,0.01,26,25402,买盘
1428,09:55:01,9.76,-0.01,23,22448,卖盘
1429,09:54:56,9.77,0.01,10,9770,买盘
1430,09:54:46,9.76,--,77,75152,买盘
1431,09:54:41,9.76,--,105,102480,买盘
1432,09:54:31,9.76,--,207,202032,买盘
1433,09:54:26,9.76,--,19,18544,买盘
1434,09:54:21,9.76,--,5,4880,买盘
1435,09:54:11,9.76,-0.01,54,52704,卖盘
1436,09:54:06,9.77,0.02,24,23448,买盘
1437,09:53:56,9.75,--,0,0,卖盘
1438,09:53:51,9.75,-0.01,52,50700,卖盘
1439,09:53:46,9.76,-0.01,1,976,买盘
1440,09:53:41,9.77,--,0,0,买盘
1441,09:53:36,9.77,0.01,178,173906,买盘
1442,09:53:31,9.76,0.01,3,2928,买盘
1443,09:53:21,9.75,--,0,0,卖盘
1444,09:53:16,9.75,--,100,97500,卖盘
1445,09:53:11,9.75,--,0,0,卖盘
1446,09:53:06,9.75,--,49,47775,卖盘
1447,09:53:01,9.75,--,56,54600,卖盘
1448,09:52:55,9.75,-0.01,314,306150,卖盘
1449,09:52:51,9.76,0.02,10,9760,买盘
1450,09:52:31,9.74,-0.01,131,127594,卖盘
1451,09:52:25,9.75,0.01,471,459790,买盘
1452,09:52:21,9.74,--,62,60388,卖盘
1453,09:52:16,9.74,-0.01,1,974,卖盘
1454,09:52:10,9.75,0.01,77,75075,买盘
1455,09:52:06,9.74,--,83,80842,卖盘
1456,09:51:55,9.74,--,20,19480,卖盘
1457,09:51:40,9.74,--,6,5844,卖盘
1458,09:51:36,9.74,--,20,19480,卖盘
1459,09:51:25,9.74,-0.01,14,13636,卖盘
1460,09:51:21,9.75,--,44,42900,买盘
1461,09:51:16,9.75,--,100,97500,买盘
1462,09:51:10,9.75,--,46,44850,买盘
1463,09:50:50,9.75,--,30,29250,买盘
1464,09:50:40,9.75,--,10,9750,买盘
1465,09:50:35,9.75,0.01,3,2925,买盘
1466,09:50:25,9.74,--,10,9740,卖盘
1467,09:50:20,9.74,-0.01,1,974,卖盘
1468,09:50:16,9.75,--,1,975,买盘
1469,09:50:10,9.75,0.01,5,4875,买盘
1470,09:50:05,9.74,-0.01,183,178242,卖盘
1471,09:50:00,9.75,--,24,23400,卖盘
1472,09:49:55,9.75,--,77,75075,卖盘
1473,09:49:50,9.75,--,29,28275,卖盘
1474,09:49:45,9.75,-0.01,1,975,卖盘
1475,09:49:40,9.76,--,53,51728,买盘
1476,09:49:35,9.76,--,1,976,买盘
1477,09:49:25,9.76,-0.01,67,65392,卖盘
1478,09:49:20,9.77,0.01,4,3908,买盘
1479,09:49:10,9.76,--,48,46848,卖盘
1480,09:49:00,9.76,--,20,19520,卖盘
1481,09:48:55,9.76,--,143,139568,卖盘
1482,09:48:50,9.76,-0.01,1,976,卖盘
1483,09:48:40,9.77,0.02,6,5862,买盘
1484,09:48:35,9.75,-0.02,171,166725,卖盘
1485,09:48:25,9.77,--,30,29310,买盘
1486,09:48:20,9.77,--,0,0,买盘
1487,09:48:15,9.77,0.01,20,19540,买盘
1488,09:48:10,9.76,-0.01,425,414800,卖盘
1489,09:48:05,9.77,0.01,43,42011,买盘
1490,09:48:00,9.76,-0.01,12,11712,卖盘
1491,09:47:55,9.77,--,10,9770,买盘
1492,09:47:50,9.77,0.01,2,1954,买盘
1493,09:47:40,9.76,--,74,72224,卖盘
1494,09:47:35,9.76,--,36,35136,卖盘
1495,09:47:30,9.76,--,6,5856,卖盘
1496,09:47:20,9.76,--,1,976,买盘
1497,09:47:15,9.76,0.01,15,14640,买盘
1498,09:47:10,9.75,-0.01,40,39000,卖盘
1499,09:47:05,9.76,--,36,35136,卖盘
1500,09:46:55,9.76,--,4,3904,卖盘
1501,09:46:50,9.76,--,11,10736,买盘
1502,09:46:45,9.76,--,13,12688,买盘
1503,09:46:35,9.76,--,70,68320,买盘
1504,09:46:30,9.76,--,256,249856,买盘
1505,09:46:25,9.76,0.01,3,2928,买盘
1506,09:46:15,9.75,--,44,43387,买盘
1507,09:46:10,9.75,--,22,21450,买盘
1508,09:46:05,9.75,0.01,81,78975,买盘
1509,09:46:00,9.74,-0.01,11,10714,卖盘
1510,09:45:54,9.75,0.01,6,5850,买盘
1511,09:45:49,9.74,--,97,94478,买盘
1512,09:45:45,9.74,--,110,107140,买盘
1513,09:45:40,9.74,--,168,163632,买盘
1514,09:45:34,9.74,--,155,150970,买盘
1515,09:45:30,9.74,--,24,23376,买盘
1516,09:45:25,9.74,-0.01,165,160710,卖盘
1517,09:45:19,9.75,--,97,94575,买盘
1518,09:45:15,9.75,0.01,82,79950,买盘
1519,09:45:10,9.74,-0.01,6,5844,卖盘
1520,09:45:04,9.75,0.01,13,12675,买盘
1521,09:45:00,9.74,-0.01,1,974,中性盘
1522,09:44:55,9.75,0.01,303,295425,买盘
1523,09:44:49,9.74,--,13,12662,买盘
1524,09:44:45,9.74,--,43,41882,买盘
1525,09:44:40,9.74,0.01,29,28246,买盘
1526,09:44:34,9.73,-0.01,24,23352,卖盘
1527,09:44:30,9.74,-0.01,497,484078,卖盘
1528,09:44:25,9.75,--,27,26325,买盘
1529,09:44:19,9.75,0.01,59,57525,买盘
1530,09:44:15,9.74,-0.01,205,199670,卖盘
1531,09:44:10,9.75,--,5,4875,买盘
1532,09:44:04,9.75,-0.01,79,77512,卖盘
1533,09:43:59,9.76,--,135,131760,买盘
1534,09:43:55,9.76,0.01,24,23424,买盘
1535,09:43:49,9.75,-0.01,7,6825,卖盘
1536,09:43:44,9.76,--,3,2928,买盘
1537,09:43:40,9.76,0.01,12,11712,买盘
1538,09:43:34,9.75,-0.01,50,48750,卖盘
1539,09:43:29,9.76,--,58,56608,买盘
1540,09:43:24,9.76,--,10,9760,买盘
1541,09:43:19,9.76,--,2,1952,买盘
1542,09:43:14,9.76,--,13,12688,买盘
1543,09:43:10,9.76,0.01,100,97600,买盘
1544,09:43:04,9.75,--,43,41925,卖盘
1545,09:42:59,9.75,--,25,24375,卖盘
1546,09:42:54,9.75,--,12,11700,卖盘
1547,09:42:49,9.75,-0.01,1,975,卖盘
1548,09:42:44,9.76,0.01,25,24400,买盘
1549,09:42:39,9.75,--,39,38025,卖盘
1550,09:42:34,9.75,-0.01,55,53625,卖盘
1551,09:42:29,9.76,--,12,11712,买盘
1552,09:42:24,9.76,0.01,15,14640,买盘
1553,09:42:19,9.75,-0.01,20,19500,卖盘
1554,09:42:14,9.76,0.01,27,26352,买盘
1555,09:42:09,9.75,-0.01,100,97500,卖盘
1556,09:42:04,9.76,0.01,21,20496,买盘
1557,09:41:59,9.75,--,11,10725,卖盘
1558,09:41:49,9.75,-0.01,23,22425,卖盘
1559,09:41:44,9.76,0.01,19,18544,买盘
1560,09:41:39,9.75,--,52,51187,买盘
1561,09:41:29,9.75,--,105,102375,买盘
1562,09:41:24,9.75,--,7,6825,买盘
1563,09:41:19,9.75,--,321,313462,卖盘
1564,09:41:14,9.75,--,112,109200,卖盘
1565,09:41:09,9.75,-0.01,243,236925,卖盘
1566,09:41:04,9.76,0.01,129,125904,买盘
1567,09:40:59,9.75,-0.01,478,466050,卖盘
1568,09:40:54,9.76,--,20,19520,买盘
1569,09:40:49,9.76,--,16,15616,买盘
1570,09:40:44,9.76,--,40,39040,买盘
1571,09:40:39,9.76,--,83,81008,买盘
1572,09:40:34,9.76,--,149,145424,买盘
1573,09:40:29,9.76,--,21,20496,买盘
1574,09:40:24,9.76,0.01,48,46848,买盘
1575,09:40:19,9.75,--,409,398775,卖盘
1576,09:40:14,9.75,-0.01,5,4875,卖盘
1577,09:40:09,9.76,0.01,591,577304,买盘
1578,09:40:04,9.75,--,70,68250,买盘
1579,09:39:59,9.75,--,387,377325,买盘
1580,09:39:54,9.75,--,20,19500,买盘
1581,09:39:49,9.75,--,6,5850,买盘
1582,09:39:44,9.75,--,26,25350,买盘
1583,09:39:39,9.75,--,123,119925,买盘
1584,09:39:33,9.75,0.01,9,8775,买盘
1585,09:39:29,9.74,-0.01,43,41882,卖盘
1586,09:39:24,9.75,0.01,8,7800,买盘
1587,09:39:09,9.74,--,256,249344,买盘
1588,09:39:03,9.74,--,36,35064,买盘
1589,09:38:58,9.74,0.01,3,2922,买盘
1590,09:38:54,9.73,--,128,124544,买盘
1591,09:38:48,9.73,--,26,25298,买盘
1592,09:38:43,9.73,--,43,41839,买盘
1593,09:38:39,9.73,-0.01,180,175140,卖盘
1594,09:38:33,9.74,0.02,52,50648,买盘
1595,09:38:28,9.72,-0.02,552,536544,卖盘
1596,09:38:24,9.74,--,179,174346,买盘
1597,09:38:18,9.74,--,60,58440,买盘
1598,09:38:13,9.74,0.01,350,340900,买盘
1599,09:38:09,9.73,-0.01,23,22379,卖盘
1600,09:38:03,9.74,--,101,98374,买盘
1601,09:37:58,9.74,0.01,15,14610,买盘
1602,09:37:54,9.73,--,14,13622,卖盘
1603,09:37:48,9.73,-0.01,12,11676,卖盘
1604,09:37:43,9.74,0.01,30,29220,买盘
1605,09:37:39,9.73,--,162,157626,买盘
1606,09:37:33,9.73,--,108,105084,买盘
1607,09:37:28,9.73,0.01,68,66164,买盘
1608,09:37:23,9.72,--,960,933120,买盘
1609,09:37:13,9.72,0.01,207,201204,买盘
1610,09:37:08,9.71,-0.01,49,47579,卖盘
1611,09:37:03,9.72,--,32,31104,买盘
1612,09:36:58,9.72,-0.01,43,41796,中性盘
1613,09:36:53,9.73,--,1531,1489663,买盘
1614,09:36:48,9.73,--,31,30163,买盘
1615,09:36:43,9.73,-0.01,58,56434,卖盘
1616,09:36:38,9.74,--,129,125646,买盘
1617,09:36:33,9.74,--,8,7792,买盘
1618,09:36:28,9.74,--,84,81816,买盘
1619,09:36:23,9.74,0.02,459,447066,买盘
1620,09:36:18,9.72,--,225,218700,卖盘
1621,09:36:13,9.72,-0.02,439,426708,卖盘
1622,09:36:08,9.74,0.01,49,47726,买盘
1623,09:36:03,9.73,-0.01,252,245196,卖盘
1624,09:35:58,9.74,--,79,76946,买盘
1625,09:35:53,9.74,--,187,182138,买盘
1626,09:35:48,9.74,-0.01,25,24350,卖盘
1627,09:35:43,9.75,--,79,77025,买盘
1628,09:35:38,9.75,--,43,41925,买盘
1629,09:35:33,9.75,-0.01,34,33637,卖盘
1630,09:35:28,9.76,--,50,48800,买盘
1631,09:35:23,9.76,--,459,447984,卖盘
1632,09:35:18,9.76,-0.01,59,57584,卖盘
1633,09:35:13,9.77,--,39,38103,买盘
1634,09:35:08,9.77,0.01,154,150946,买盘
1635,09:35:03,9.76,-0.01,65,63440,卖盘
1636,09:34:58,9.77,0.01,52,50804,买盘
1637,09:34:53,9.76,-0.02,145,141520,卖盘
1638,09:34:48,9.78,--,25,24450,买盘
1639,09:34:38,9.78,--,150,146700,买盘
1640,09:34:33,9.78,--,210,205380,卖盘
1641,09:34:28,9.78,-0.01,229,223961,卖盘
1642,09:34:23,9.79,--,28,27411,买盘
1643,09:34:18,9.79,--,22,21537,买盘
1644,09:34:13,9.79,-0.02,186,182093,卖盘
1645,09:34:08,9.81,0.01,192,188352,买盘
1646,09:34:03,9.8,-0.02,334,327320,卖盘
1647,09:33:58,9.82,0.02,50,49100,买盘
1648,09:33:53,9.8,-0.02,900,882254,卖盘
1649,09:33:48,9.82,--,119,117329,卖盘
1650,09:33:43,9.82,-0.01,60,58920,卖盘
1651,09:33:38,9.83,0.01,126,123858,买盘
1652,09:33:33,9.82,--,228,223896,卖盘
1653,09:33:23,9.82,-0.01,73,71686,卖盘
1654,09:33:18,9.83,--,330,324390,卖盘
1655,09:33:08,9.83,--,5,4915,卖盘
1656,09:33:03,9.83,-0.01,1,983,卖盘
1657,09:32:58,9.84,0.01,48,47232,买盘
1658,09:32:53,9.83,0.01,106,104198,买盘
1659,09:32:48,9.82,-0.01,34,33643,卖盘
1660,09:32:38,9.83,--,12,11796,买盘
1661,09:32:33,9.83,-0.01,310,304730,卖盘
1662,09:32:28,9.84,0.01,278,273552,买盘
1663,09:32:22,9.83,--,67,65861,卖盘
1664,09:32:18,9.83,-0.01,4,3932,卖盘
1665,09:32:12,9.84,0.01,5,4920,买盘
1666,09:32:07,9.83,0.01,257,252631,买盘
1667,09:32:03,9.82,-0.01,265,260230,卖盘
1668,09:31:57,9.83,--,7,6881,买盘
1669,09:31:52,9.83,--,195,191685,买盘
1670,09:31:48,9.83,0.01,75,73725,买盘
1671,09:31:42,9.82,--,92,90344,卖盘
1672,09:31:37,9.82,--,61,59902,卖盘
1673,09:31:33,9.82,--,42,41244,买盘
1674,09:31:27,9.82,0.01,10,9820,买盘
1675,09:31:22,9.81,-0.01,51,50031,卖盘
1676,09:31:18,9.82,--,10,9820,买盘
1677,09:31:12,9.82,-0.01,877,861214,卖盘
1678,09:31:07,9.83,--,67,65861,卖盘
1679,09:31:02,9.83,--,96,94368,卖盘
1680,09:30:57,9.83,--,256,251648,买盘
1681,09:30:52,9.83,0.01,49,48167,买盘
1682,09:30:47,9.82,-0.02,296,290672,卖盘
1683,09:30:37,9.84,0.01,36,35424,买盘
1684,09:30:32,9.83,-0.01,259,254597,卖盘
1685,09:30:27,9.84,--,34,33456,卖盘
1686,09:30:22,9.84,0.01,160,157440,买盘
1687,09:30:07,9.83,0.01,1425,1400775,中性盘
1688,09:30:02,9.82,-0.03,49,48118,卖盘
1689,09:28:46,9.85,--,0,0,买盘
1690,09:25:09,9.85,9.85,618,608730,买盘
