,time,price,change,volume,amount,type
0,15:00:00,4.43,--,0,0,买盘
1,15:00:00,4.43,--,0,0,买盘
2,15:00:00,4.43,0.01,2,886,买盘
3,14:59:58,4.42,-0.01,100,44200,卖盘
4,14:59:53,4.43,--,30,13290,买盘
5,14:59:48,4.43,--,10,4430,买盘
6,14:59:43,4.43,--,70,31009,买盘
7,14:59:38,4.43,0.01,30,13290,买盘
8,14:59:28,4.42,--,2,972,卖盘
9,14:59:23,4.42,--,31,13702,卖盘
10,14:59:18,4.42,-0.01,12,5304,卖盘
11,14:59:13,4.43,0.01,78,34554,买盘
12,14:59:03,4.42,-0.01,35,15470,卖盘
13,14:58:58,4.43,0.02,80,35440,买盘
14,14:58:53,4.41,-0.02,52,22932,卖盘
15,14:58:48,4.43,--,0,0,买盘
16,14:58:43,4.43,0.01,347,154159,买盘
17,14:58:38,4.42,--,89,39338,卖盘
18,14:58:33,4.42,--,12,5304,卖盘
19,14:58:28,4.42,--,79,34918,卖盘
20,14:58:23,4.42,-0.01,50,22100,卖盘
21,14:58:18,4.43,0.01,10,4430,买盘
22,14:58:08,4.42,--,119,52598,卖盘
23,14:57:58,4.42,--,208,91940,买盘
24,14:57:48,4.42,0.01,352,155584,买盘
25,14:57:43,4.41,-0.01,12,5292,卖盘
26,14:57:38,4.42,--,24,10608,买盘
27,14:57:33,4.42,--,500,221000,买盘
28,14:57:23,4.42,0.01,17,7514,买盘
29,14:57:18,4.41,--,12,5292,卖盘
30,14:57:13,4.41,-0.01,66,29106,卖盘
31,14:57:08,4.42,0.01,1,442,买盘
32,14:56:58,4.41,--,100,44100,卖盘
33,14:56:53,4.41,-0.01,34,14994,卖盘
34,14:56:48,4.42,0.01,23,10166,买盘
35,14:56:33,4.41,--,147,64827,卖盘
36,14:56:28,4.41,-0.01,311,137151,卖盘
37,14:56:23,4.42,--,230,101660,买盘
38,14:56:13,4.42,0.01,70,30940,买盘
39,14:56:08,4.41,-0.01,22,9702,卖盘
40,14:56:03,4.42,--,1,442,买盘
41,14:55:58,4.42,0.01,2,884,买盘
42,14:55:53,4.41,--,17,7497,卖盘
43,14:55:48,4.41,-0.01,25,11025,卖盘
44,14:55:43,4.42,--,25,11050,买盘
45,14:55:38,4.42,--,9,3978,买盘
46,14:55:28,4.42,--,100,44200,买盘
47,14:55:23,4.42,0.01,112,49504,买盘
48,14:55:13,4.41,--,4,1764,卖盘
49,14:55:08,4.41,--,12,5292,卖盘
50,14:54:58,4.41,-0.01,13,5733,卖盘
51,14:54:42,4.42,0.01,1,442,买盘
52,14:54:37,4.41,--,124,54684,卖盘
53,14:54:33,4.41,--,12,5292,卖盘
54,14:54:22,4.41,--,37,16317,卖盘
55,14:54:13,4.41,--,36,15876,卖盘
56,14:54:07,4.41,--,12,5292,卖盘
57,14:53:58,4.41,--,208,91728,卖盘
58,14:53:52,4.41,--,1,441,卖盘
59,14:53:42,4.41,--,25,11025,卖盘
60,14:53:37,4.41,--,110,48510,卖盘
61,14:53:32,4.41,--,5,2205,卖盘
62,14:53:22,4.41,--,21,9261,卖盘
63,14:53:17,4.41,--,12,5292,卖盘
64,14:53:12,4.41,--,226,99970,买盘
65,14:53:02,4.41,--,127,56143,卖盘
66,14:52:52,4.41,--,14,6174,卖盘
67,14:52:32,4.41,0.01,141,62485,买盘
68,14:52:22,4.4,--,657,289080,卖盘
69,14:52:17,4.4,-0.01,12,5280,卖盘
70,14:52:12,4.41,0.01,40,17640,买盘
71,14:52:07,4.4,--,78,34364,卖盘
72,14:51:57,4.4,--,19,8360,卖盘
73,14:51:47,4.4,--,12,5280,卖盘
74,14:51:32,4.4,-0.01,64,28160,卖盘
75,14:51:22,4.41,--,19,8379,买盘
76,14:51:07,4.41,--,50,22050,买盘
77,14:51:02,4.41,--,260,114796,卖盘
78,14:50:57,4.41,--,27,11907,卖盘
79,14:50:52,4.41,--,71,31311,卖盘
80,14:50:47,4.41,--,12,5292,卖盘
81,14:50:32,4.41,-0.01,62,27342,卖盘
82,14:50:22,4.42,--,30,13260,买盘
83,14:50:12,4.42,0.01,5,2210,买盘
84,14:50:07,4.41,-0.01,25,11025,卖盘
85,14:50:02,4.42,--,1,442,买盘
86,14:49:57,4.42,0.01,2,884,买盘
87,14:49:52,4.41,-0.01,33,14553,卖盘
88,14:49:47,4.42,0.01,15,6630,买盘
89,14:49:42,4.41,--,12,5292,卖盘
90,14:49:31,4.41,--,51,22491,卖盘
91,14:49:22,4.41,--,87,38367,卖盘
92,14:49:17,4.41,--,12,5292,卖盘
93,14:49:12,4.41,-0.01,114,50274,卖盘
94,14:49:07,4.42,--,273,120666,买盘
95,14:49:02,4.42,0.01,2,884,买盘
96,14:48:57,4.41,--,182,80262,卖盘
97,14:48:51,4.41,--,1,441,卖盘
98,14:48:37,4.41,--,12,5292,卖盘
99,14:48:31,4.41,-0.01,63,27783,卖盘
100,14:48:21,4.42,0.01,15,6630,买盘
101,14:48:12,4.41,--,10,4410,卖盘
102,14:48:06,4.41,-0.01,12,5292,卖盘
103,14:48:01,4.42,0.01,11,4862,买盘
104,14:47:51,4.41,--,113,49833,卖盘
105,14:47:46,4.41,-0.01,12,5292,卖盘
106,14:47:41,4.42,0.01,1,442,买盘
107,14:47:36,4.41,--,230,101430,卖盘
108,14:47:31,4.41,--,55,24255,卖盘
109,14:47:27,4.41,--,1,441,卖盘
110,14:47:21,4.41,--,12,5292,卖盘
111,14:47:11,4.41,--,12,5292,卖盘
112,14:47:01,4.41,--,3,1323,卖盘
113,14:46:56,4.41,--,12,5292,卖盘
114,14:46:46,4.41,--,20,8820,卖盘
115,14:46:31,4.41,--,74,32634,卖盘
116,14:46:21,4.41,-0.01,42,18522,卖盘
117,14:46:16,4.42,--,2,884,买盘
118,14:46:11,4.42,0.01,214,94588,买盘
119,14:46:06,4.41,--,287,126567,卖盘
120,14:46:01,4.41,--,45,20039,卖盘
121,14:45:46,4.41,--,1,441,卖盘
122,14:45:31,4.41,--,50,22050,卖盘
123,14:45:06,4.41,--,11,4851,卖盘
124,14:45:01,4.41,--,50,22050,卖盘
125,14:44:56,4.41,--,25,11025,卖盘
126,14:44:51,4.41,--,12,5292,卖盘
127,14:44:41,4.41,--,212,93492,卖盘
128,14:44:31,4.41,--,64,28224,卖盘
129,14:44:25,4.41,--,12,5292,卖盘
130,14:44:16,4.41,--,12,5292,卖盘
131,14:44:06,4.41,--,39,17199,卖盘
132,14:44:01,4.41,--,13,5733,卖盘
133,14:43:51,4.41,--,12,5292,卖盘
134,14:43:41,4.41,--,25,11025,卖盘
135,14:43:36,4.41,--,50,22050,卖盘
136,14:43:31,4.41,--,2,882,卖盘
137,14:43:26,4.41,--,12,5292,卖盘
138,14:43:16,4.41,0.01,79,34949,买盘
139,14:43:01,4.4,-0.01,12,5280,卖盘
140,14:42:56,4.41,--,11,5181,卖盘
141,14:42:51,4.41,--,13,5733,卖盘
142,14:42:46,4.41,--,202,89082,卖盘
143,14:42:35,4.41,--,12,5292,卖盘
144,14:42:31,4.41,-0.01,62,27342,卖盘
145,14:42:26,4.42,0.01,131,57902,买盘
146,14:42:15,4.41,0.01,205,90515,买盘
147,14:42:11,4.4,--,79,34870,卖盘
148,14:41:55,4.4,-0.01,195,86130,卖盘
149,14:41:45,4.41,--,25,11025,卖盘
150,14:41:40,4.41,--,1,441,卖盘
151,14:41:30,4.41,--,62,27342,卖盘
152,14:41:25,4.41,-0.01,202,89231,卖盘
153,14:41:21,4.42,0.01,13,5746,买盘
154,14:41:15,4.41,--,505,223088,卖盘
155,14:41:10,4.41,--,12,5292,卖盘
156,14:41:00,4.41,--,13,5733,卖盘
157,14:40:55,4.41,-0.01,12,5292,卖盘
158,14:40:45,4.42,0.01,32,14144,买盘
159,14:40:35,4.41,--,13,5733,卖盘
160,14:40:30,4.41,--,73,32193,卖盘
161,14:40:20,4.41,--,12,5292,卖盘
162,14:40:15,4.41,--,25,11025,卖盘
163,14:40:10,4.41,--,25,11025,卖盘
164,14:39:55,4.41,--,12,5292,卖盘
165,14:39:45,4.41,--,13,5733,卖盘
166,14:39:40,4.41,-0.01,14,6174,卖盘
167,14:39:35,4.42,0.01,5,2210,买盘
168,14:39:30,4.41,--,63,27783,卖盘
169,14:39:25,4.41,-0.01,12,5292,卖盘
170,14:39:19,4.42,0.01,30,13260,买盘
171,14:39:15,4.41,--,14,6174,卖盘
172,14:39:05,4.41,-0.01,12,5292,卖盘
173,14:39:00,4.42,0.01,15,6630,买盘
174,14:38:55,4.41,-0.01,12,5292,卖盘
175,14:38:45,4.42,0.01,2,884,买盘
176,14:38:40,4.41,--,28,12348,卖盘
177,14:38:35,4.41,-0.01,50,22050,卖盘
178,14:38:25,4.42,--,38,16796,买盘
179,14:38:20,4.42,0.01,19,8398,买盘
180,14:38:10,4.41,-0.01,13,5733,卖盘
181,14:38:05,4.42,--,20,8840,买盘
182,14:38:00,4.42,--,175,77350,卖盘
183,14:37:55,4.42,--,23,10166,卖盘
184,14:37:50,4.42,--,112,49504,卖盘
185,14:37:34,4.42,--,62,27404,卖盘
186,14:37:30,4.42,--,13,5746,卖盘
187,14:37:25,4.42,--,12,5304,卖盘
188,14:37:10,4.42,--,12,5304,卖盘
189,14:37:04,4.42,--,16,7072,卖盘
190,14:37:00,4.42,-0.01,12,5304,卖盘
191,14:36:50,4.43,0.01,40,17720,买盘
192,14:36:40,4.42,--,12,5304,卖盘
193,14:36:34,4.42,--,91,40222,卖盘
194,14:36:25,4.42,-0.01,10,4420,卖盘
195,14:36:19,4.43,0.01,26,11518,买盘
196,14:36:10,4.42,--,12,5304,卖盘
197,14:36:05,4.42,--,20,8840,卖盘
198,14:35:54,4.42,-0.01,334,147628,卖盘
199,14:35:50,4.43,0.01,1,443,买盘
200,14:35:39,4.42,--,15,6630,卖盘
201,14:35:34,4.42,--,13,5746,卖盘
202,14:35:29,4.42,--,12,5304,卖盘
203,14:35:19,4.42,--,12,5304,卖盘
204,14:35:10,4.42,--,13,5746,卖盘
205,14:35:04,4.42,--,12,5304,卖盘
206,14:34:54,4.42,--,12,5304,卖盘
207,14:34:44,4.42,--,13,5746,卖盘
208,14:34:39,4.42,--,12,5304,卖盘
209,14:34:29,4.42,--,12,5304,卖盘
210,14:34:25,4.42,--,100,44200,卖盘
211,14:34:19,4.42,-0.01,54,23868,卖盘
212,14:34:09,4.43,0.01,6,2658,买盘
213,14:34:04,4.42,-0.01,12,5304,卖盘
214,14:33:58,4.43,0.01,2,886,买盘
215,14:33:54,4.42,--,13,5746,卖盘
216,14:33:49,4.42,--,12,5304,卖盘
217,14:33:39,4.42,--,12,5304,卖盘
218,14:33:34,4.42,--,13,5746,卖盘
219,14:33:24,4.42,-0.01,12,5304,卖盘
220,14:33:19,4.43,0.01,3,1329,买盘
221,14:33:13,4.42,--,12,5304,卖盘
222,14:33:09,4.42,--,13,5746,卖盘
223,14:33:04,4.42,-0.01,25,11050,卖盘
224,14:32:58,4.43,0.01,19,8417,买盘
225,14:32:49,4.42,--,167,73814,卖盘
226,14:32:44,4.42,-0.01,13,5746,卖盘
227,14:32:39,4.43,0.01,13,5759,买盘
228,14:32:24,4.42,--,12,5304,卖盘
229,14:32:19,4.42,--,63,27846,卖盘
230,14:32:14,4.42,--,12,5304,卖盘
231,14:32:04,4.42,--,12,5304,卖盘
232,14:31:54,4.42,--,33,14586,卖盘
233,14:31:49,4.42,-0.01,12,5304,卖盘
234,14:31:39,4.43,--,36,15947,买盘
235,14:31:34,4.43,--,0,0,买盘
236,14:31:28,4.43,0.01,985,436355,买盘
237,14:31:24,4.42,--,173,76466,卖盘
238,14:31:13,4.42,--,15,6630,卖盘
239,14:31:09,4.42,-0.01,18,7956,卖盘
240,14:31:04,4.43,0.01,31,13733,买盘
241,14:30:58,4.42,--,27,11934,卖盘
242,14:30:54,4.42,--,2,884,卖盘
243,14:30:49,4.42,-0.01,20,8840,中性盘
244,14:30:44,4.43,0.02,37,16391,买盘
245,14:30:39,4.41,--,12,5292,卖盘
246,14:30:34,4.41,-0.01,52,22932,卖盘
247,14:30:28,4.42,-0.01,10,4420,买盘
248,14:30:19,4.43,0.01,848,375664,买盘
249,14:30:13,4.42,--,16,7072,买盘
250,14:30:04,4.42,0.01,5,2210,买盘
251,14:29:58,4.41,--,6,2646,卖盘
252,14:29:54,4.41,--,0,39,卖盘
253,14:29:49,4.41,-0.01,78,34398,卖盘
254,14:29:43,4.42,--,37,16354,买盘
255,14:29:39,4.42,--,2,884,买盘
256,14:29:34,4.42,--,212,93704,买盘
257,14:29:28,4.42,0.01,4,1768,买盘
258,14:29:24,4.41,--,185,81585,卖盘
259,14:29:08,4.41,--,2,882,卖盘
260,14:28:58,4.41,-0.01,3,1323,卖盘
261,14:28:43,4.42,0.01,2,884,买盘
262,14:28:38,4.41,--,10,4410,卖盘
263,14:28:33,4.41,--,0,180,卖盘
264,14:28:18,4.41,--,7,3087,卖盘
265,14:28:13,4.41,-0.01,25,11025,卖盘
266,14:28:03,4.42,0.01,4,1768,买盘
267,14:27:58,4.41,--,6,2646,卖盘
268,14:27:33,4.41,--,8,3528,卖盘
269,14:27:28,4.41,--,6,2646,卖盘
270,14:27:13,4.41,--,44,19404,卖盘
271,14:26:58,4.41,--,21,9261,卖盘
272,14:26:33,4.41,--,22,9971,卖盘
273,14:26:18,4.41,--,35,15435,卖盘
274,14:26:13,4.41,--,11,4851,卖盘
275,14:26:03,4.41,--,100,44100,卖盘
276,14:25:48,4.41,--,47,20727,卖盘
277,14:25:18,4.41,0.01,64,28634,买盘
278,14:25:13,4.4,--,1,440,卖盘
279,14:25:07,4.4,-0.01,32,14080,卖盘
280,14:24:58,4.41,--,58,25578,买盘
281,14:24:52,4.41,--,0,30,卖盘
282,14:24:48,4.41,--,100,44100,卖盘
283,14:24:28,4.41,-0.01,102,44982,卖盘
284,14:24:07,4.42,0.01,9,3978,买盘
285,14:24:03,4.41,-0.01,35,15435,卖盘
286,14:23:43,4.42,--,413,182546,买盘
287,14:23:22,4.42,--,10,4420,买盘
288,14:22:58,4.42,--,19,8398,卖盘
289,14:22:42,4.42,--,43,19006,卖盘
290,14:22:22,4.42,--,43,19006,买盘
291,14:22:02,4.42,--,244,107848,买盘
292,14:21:47,4.42,--,183,80886,买盘
293,14:21:37,4.42,0.01,8,3536,买盘
294,14:21:12,4.41,-0.01,120,52920,卖盘
295,14:21:07,4.42,0.01,8,3536,买盘
296,14:20:36,4.41,--,46,20286,卖盘
297,14:20:31,4.41,-0.01,2,882,卖盘
298,14:19:36,4.42,--,7,3094,买盘
299,14:19:12,4.42,--,9,3978,买盘
300,14:19:01,4.42,--,5,2210,买盘
301,14:18:21,4.42,--,50,22100,买盘
302,14:18:06,4.42,--,10,4420,买盘
303,14:18:01,4.42,--,182,80444,买盘
304,14:17:57,4.42,--,7,3094,买盘
305,14:17:51,4.42,0.01,15,6630,买盘
306,14:17:21,4.41,--,8,3938,买盘
307,14:17:16,4.41,--,1,441,买盘
308,14:17:06,4.41,--,100,44100,买盘
309,14:16:57,4.41,0.01,2,882,买盘
310,14:16:51,4.4,-0.01,365,160600,卖盘
311,14:16:36,4.41,--,9,3969,买盘
312,14:16:11,4.41,--,1,441,买盘
313,14:16:06,4.41,-0.01,678,299028,卖盘
314,14:15:51,4.42,0.01,406,179452,买盘
315,14:15:36,4.41,--,115,51125,买盘
316,14:15:31,4.41,--,30,13230,买盘
317,14:15:26,4.41,--,50,22050,买盘
318,14:15:21,4.41,--,375,165375,买盘
319,14:15:16,4.41,--,10,4410,买盘
320,14:15:06,4.41,0.01,8,3528,买盘
321,14:14:46,4.4,--,65,28600,卖盘
322,14:14:26,4.4,-0.01,7,3080,卖盘
323,14:14:11,4.41,0.01,182,80262,买盘
324,14:14:06,4.4,-0.01,130,57200,卖盘
325,14:14:01,4.41,0.01,20,8820,买盘
326,14:13:51,4.4,-0.01,206,90640,卖盘
327,14:13:46,4.41,--,16,7056,买盘
328,14:13:36,4.41,--,11,4851,买盘
329,14:13:31,4.41,0.01,16,7056,买盘
330,14:13:15,4.4,--,131,57640,卖盘
331,14:12:40,4.4,--,10,4400,卖盘
332,14:12:36,4.4,--,76,33440,卖盘
333,14:12:15,4.4,-0.01,18,7920,卖盘
334,14:12:06,4.41,0.01,8,3528,买盘
335,14:11:51,4.4,--,2,880,卖盘
336,14:11:30,4.4,-0.01,22,9680,卖盘
337,14:11:15,4.41,0.01,458,201978,买盘
338,14:11:00,4.4,--,10,4400,卖盘
339,14:10:45,4.4,-0.01,12,5280,卖盘
340,14:10:36,4.41,0.01,7,3087,买盘
341,14:10:25,4.4,--,36,15840,卖盘
342,14:10:15,4.4,--,14,6160,卖盘
343,14:10:06,4.4,--,35,15400,卖盘
344,14:09:51,4.4,--,60,26400,卖盘
345,14:09:36,4.4,--,21,9240,卖盘
346,14:09:21,4.4,-0.01,10,4400,卖盘
347,14:09:15,4.41,0.01,101,44541,买盘
348,14:09:10,4.4,-0.01,55,24200,卖盘
349,14:09:06,4.41,--,8,3528,买盘
350,14:09:00,4.41,0.01,7,3087,买盘
351,14:08:45,4.4,--,1,440,卖盘
352,14:08:36,4.4,--,43,18920,卖盘
353,14:08:20,4.4,-0.01,5,2200,卖盘
354,14:08:15,4.41,0.01,4,1764,买盘
355,14:08:10,4.4,-0.01,5,2200,卖盘
356,14:07:35,4.41,0.01,7,3087,买盘
357,14:07:30,4.4,--,50,22000,卖盘
358,14:07:15,4.4,--,75,33000,卖盘
359,14:07:10,4.4,--,34,14960,卖盘
360,14:06:45,4.4,--,9,3960,卖盘
361,14:06:40,4.4,--,10,4400,卖盘
362,14:06:35,4.4,-0.01,50,22000,卖盘
363,14:06:15,4.41,--,2,882,买盘
364,14:06:09,4.41,--,2,1230,卖盘
365,14:06:05,4.41,--,5,2297,买盘
366,14:06:00,4.41,0.01,93,41013,买盘
367,14:05:45,4.4,-0.01,18,7920,卖盘
368,14:05:39,4.41,0.01,30,13230,买盘
369,14:05:30,4.4,-0.01,10,4400,卖盘
370,14:05:15,4.41,--,171,75759,卖盘
371,14:05:09,4.41,--,10,4410,卖盘
372,14:05:04,4.41,--,49,21701,卖盘
373,14:05:00,4.41,--,5,2205,卖盘
374,14:04:49,4.41,-0.01,110,48510,卖盘
375,14:04:39,4.42,0.01,7,3094,买盘
376,14:04:30,4.41,-0.01,45,19845,卖盘
377,14:04:15,4.42,0.01,4,1768,买盘
378,14:03:54,4.41,--,2,882,卖盘
379,14:03:30,4.41,-0.01,133,58653,卖盘
380,14:03:04,4.42,--,8,3536,买盘
381,14:03:00,4.42,0.01,11,4862,买盘
382,14:02:54,4.41,--,200,88200,卖盘
383,14:02:19,4.41,-0.01,10,4410,卖盘
384,14:02:14,4.42,--,6,2652,买盘
385,14:01:49,4.42,--,33,14586,买盘
386,14:01:39,4.42,--,7,3094,买盘
387,14:01:34,4.42,--,1,442,买盘
388,14:01:14,4.42,--,12,5304,买盘
389,14:00:14,4.42,--,6,2652,买盘
390,14:00:09,4.42,--,8,3536,买盘
391,14:00:03,4.42,--,7,3094,买盘
392,13:59:59,4.42,--,138,60996,买盘
393,13:59:54,4.42,--,2,884,买盘
394,13:58:54,4.42,--,30,13260,买盘
395,13:58:33,4.42,0.01,15,6630,买盘
396,13:58:24,4.41,-0.01,8,3528,卖盘
397,13:57:43,4.42,--,1,442,买盘
398,13:57:38,4.42,0.01,6,2652,买盘
399,13:57:24,4.41,--,51,22491,买盘
400,13:57:18,4.41,0.01,114,50274,买盘
401,13:57:09,4.4,-0.01,5,2200,卖盘
402,13:57:03,4.41,0.01,8,3528,买盘
403,13:56:53,4.4,-0.01,36,15840,卖盘
404,13:56:48,4.41,--,118,52038,买盘
405,13:56:38,4.41,0.01,13,5733,买盘
406,13:56:23,4.4,-0.01,107,47080,卖盘
407,13:56:13,4.41,--,10,4410,买盘
408,13:56:08,4.41,--,25,11025,买盘
409,13:55:53,4.41,--,307,135387,买盘
410,13:55:38,4.41,0.01,7,3087,买盘
411,13:55:23,4.4,--,20,8800,卖盘
412,13:55:18,4.4,--,228,100320,买盘
413,13:54:53,4.4,0.01,1,440,买盘
414,13:54:18,4.39,-0.01,113,49607,卖盘
415,13:54:13,4.4,--,3,1320,买盘
416,13:54:08,4.4,--,8,3520,买盘
417,13:53:53,4.4,0.01,11,4840,买盘
418,13:53:48,4.39,--,9,3950,卖盘
419,13:53:43,4.39,-0.01,9,3950,卖盘
420,13:53:38,4.4,-0.01,1416,623040,卖盘
421,13:53:03,4.41,--,52,22932,卖盘
422,13:52:38,4.41,0.01,153,67473,买盘
423,13:52:33,4.4,-0.01,50,22000,卖盘
424,13:52:18,4.41,--,68,29988,买盘
425,13:51:42,4.41,--,10,4410,买盘
426,13:51:27,4.41,--,10,4410,买盘
427,13:51:08,4.41,0.01,8,3528,买盘
428,13:50:57,4.4,--,1,440,卖盘
429,13:50:33,4.4,-0.01,150,66000,卖盘
430,13:50:27,4.41,--,1,441,买盘
431,13:50:18,4.41,--,8,3528,买盘
432,13:49:37,4.41,--,7,3087,买盘
433,13:49:33,4.41,0.01,150,66150,买盘
434,13:49:12,4.4,--,23,10120,卖盘
435,13:48:57,4.4,-0.01,49,21560,卖盘
436,13:48:42,4.41,--,107,47187,卖盘
437,13:48:37,4.41,-0.01,5,2205,卖盘
438,13:48:17,4.42,--,6,2652,买盘
439,13:48:07,4.42,0.01,8,3536,买盘
440,13:47:37,4.41,-0.01,7,3087,卖盘
441,13:47:02,4.42,0.01,35,15470,买盘
442,13:46:47,4.41,-0.01,150,66150,卖盘
443,13:46:32,4.42,--,7,3094,买盘
444,13:46:17,4.42,0.01,4,1768,买盘
445,13:46:02,4.41,--,32,14112,卖盘
446,13:45:47,4.41,-0.01,32,14112,卖盘
447,13:45:27,4.42,--,10,4420,买盘
448,13:45:06,4.42,0.01,8,3536,买盘
449,13:44:42,4.41,-0.01,100,44100,卖盘
450,13:44:32,4.42,--,1,442,买盘
451,13:44:17,4.42,--,18,7956,买盘
452,13:44:12,4.42,0.01,3,1326,买盘
453,13:43:47,4.41,--,15,6615,卖盘
454,13:43:36,4.41,--,40,17640,卖盘
455,13:43:27,4.41,--,141,62181,买盘
456,13:43:21,4.41,--,64,28224,买盘
457,13:42:47,4.41,--,7,3087,买盘
458,13:42:36,4.41,--,33,14553,买盘
459,13:42:16,4.41,--,8,3528,买盘
460,13:42:06,4.41,--,8,3528,买盘
461,13:41:51,4.41,0.01,42,18522,买盘
462,13:41:26,4.4,-0.01,25,11000,卖盘
463,13:41:12,4.41,0.01,5,2205,买盘
464,13:41:06,4.4,--,52,22880,卖盘
465,13:40:56,4.4,-0.01,48,21120,卖盘
466,13:40:51,4.41,0.01,1,441,买盘
467,13:40:41,4.4,-0.01,2,880,卖盘
468,13:40:36,4.41,0.01,7,3087,买盘
469,13:40:26,4.4,-0.01,5,2200,卖盘
470,13:40:21,4.41,--,12,5292,买盘
471,13:40:11,4.41,--,1,441,买盘
472,13:39:56,4.41,--,7,3087,卖盘
473,13:39:51,4.41,--,300,132300,卖盘
474,13:39:36,4.41,--,1,441,卖盘
475,13:39:21,4.41,-0.01,20,8820,卖盘
476,13:39:06,4.42,--,8,3536,买盘
477,13:38:15,4.42,--,4,1768,买盘
478,13:38:06,4.42,--,39,17238,买盘
479,13:37:41,4.42,--,5,2210,买盘
480,13:37:36,4.42,--,7,3094,买盘
481,13:37:00,4.42,--,3,1326,买盘
482,13:36:26,4.42,0.01,192,84864,买盘
483,13:36:21,4.41,-0.01,33,14553,卖盘
484,13:36:06,4.42,--,270,119340,卖盘
485,13:36:00,4.42,--,23,10166,卖盘
486,13:35:45,4.42,--,20,8840,卖盘
487,13:35:30,4.42,-0.01,47,20774,卖盘
488,13:35:06,4.43,--,1,443,买盘
489,13:35:00,4.43,--,10,4430,买盘
490,13:34:36,4.43,--,7,3101,买盘
491,13:34:25,4.43,--,8,3544,买盘
492,13:34:20,4.43,--,20,8860,买盘
493,13:34:10,4.43,--,9,3986,买盘
494,13:34:05,4.43,--,11,4873,买盘
495,13:33:51,4.43,--,57,25251,买盘
496,13:33:25,4.43,--,1,443,买盘
497,13:33:15,4.43,--,100,44300,买盘
498,13:33:05,4.43,--,8,3544,买盘
499,13:32:55,4.43,--,40,17720,买盘
500,13:32:20,4.43,--,4,1772,买盘
501,13:32:15,4.43,--,5,2215,买盘
502,13:32:00,4.43,--,25,11075,买盘
503,13:31:35,4.43,0.01,7,3101,买盘
504,13:31:20,4.42,-0.01,200,88400,卖盘
505,13:31:09,4.43,0.01,10,4430,买盘
506,13:31:00,4.42,--,2,884,卖盘
507,13:30:44,4.42,--,1,442,卖盘
508,13:30:39,4.42,--,446,197132,买盘
509,13:30:05,4.42,0.01,8,3536,买盘
510,13:30:00,4.41,-0.01,10,4410,卖盘
511,13:29:50,4.42,0.01,2,884,买盘
512,13:29:35,4.41,--,18,7938,卖盘
513,13:29:24,4.41,--,1,441,卖盘
514,13:28:54,4.41,--,17,7497,卖盘
515,13:28:44,4.41,-0.01,53,23716,卖盘
516,13:28:39,4.42,0.01,7,3094,买盘
517,13:28:24,4.41,--,10,4410,卖盘
518,13:28:19,4.41,-0.01,57,25137,卖盘
519,13:28:09,4.42,0.01,20,8840,买盘
520,13:27:49,4.41,--,1,441,卖盘
521,13:27:44,4.41,0.01,219,96579,买盘
522,13:27:19,4.4,-0.01,6,2640,卖盘
523,13:27:09,4.41,0.01,38,16758,买盘
524,13:26:49,4.4,-0.01,1,440,卖盘
525,13:26:34,4.41,0.01,44,19404,买盘
526,13:26:19,4.4,-0.01,1,440,卖盘
527,13:26:14,4.41,0.01,47,20727,买盘
528,13:25:59,4.4,--,50,22000,卖盘
529,13:25:49,4.4,-0.01,1,440,卖盘
530,13:25:39,4.41,0.01,7,3087,买盘
531,13:25:19,4.4,--,1,440,卖盘
532,13:24:53,4.4,--,20,8800,卖盘
533,13:24:38,4.4,--,6,2640,卖盘
534,13:24:33,4.4,--,80,35200,卖盘
535,13:23:59,4.4,--,142,62480,买盘
536,13:23:38,4.4,--,30,13200,买盘
537,13:23:14,4.4,--,5,2200,买盘
538,13:23:03,4.4,--,10,4400,买盘
539,13:22:38,4.4,--,7,3080,买盘
540,13:22:28,4.4,--,68,29920,买盘
541,13:22:23,4.4,--,3,1320,买盘
542,13:21:23,4.4,0.01,10,4400,买盘
543,13:21:18,4.39,-0.01,5,2195,卖盘
544,13:21:13,4.4,--,2,880,买盘
545,13:21:08,4.4,0.01,8,3520,买盘
546,13:20:48,4.39,--,1,438,卖盘
547,13:20:13,4.39,--,30,13169,卖盘
548,13:19:43,4.39,--,4,1755,卖盘
549,13:19:38,4.39,-0.01,100,43900,卖盘
550,13:19:33,4.4,--,7,3080,买盘
551,13:18:38,4.4,--,43,18920,买盘
552,13:18:33,4.4,--,16,7040,买盘
553,13:18:08,4.4,--,8,3520,买盘
554,13:18:03,4.4,--,53,23320,卖盘
555,13:17:48,4.4,--,201,88440,卖盘
556,13:17:33,4.4,--,1,440,卖盘
557,13:17:17,4.4,--,3,1320,卖盘
558,13:17:08,4.4,--,162,71280,卖盘
559,13:16:42,4.4,--,100,44000,卖盘
560,13:16:38,4.4,-0.01,8,3520,卖盘
561,13:16:17,4.41,--,200,88200,买盘
562,13:15:07,4.41,0.01,17,7497,买盘
563,13:14:37,4.4,--,100,44000,卖盘
564,13:14:07,4.4,-0.01,1,440,卖盘
565,13:13:47,4.41,--,2,882,买盘
566,13:13:37,4.41,0.01,7,3087,买盘
567,13:13:02,4.4,-0.01,16,7040,卖盘
568,13:12:42,4.41,0.01,18,7938,买盘
569,13:12:27,4.4,-0.01,10,4400,卖盘
570,13:12:17,4.41,--,5,2205,买盘
571,13:12:07,4.41,--,7,3087,买盘
572,13:11:57,4.41,--,12,5292,买盘
573,13:11:02,4.41,--,3,1323,买盘
574,13:10:42,4.41,--,4,1764,买盘
575,13:10:36,4.41,--,7,3087,买盘
576,13:09:16,4.41,--,2,882,买盘
577,13:09:11,4.41,--,1,441,买盘
578,13:09:06,4.41,--,7,3087,买盘
579,13:08:51,4.41,--,30,13230,买盘
580,13:08:41,4.41,--,1,441,买盘
581,13:07:47,4.41,--,22,9702,买盘
582,13:07:36,4.41,0.01,7,3087,买盘
583,13:07:31,4.4,-0.01,7,3080,卖盘
584,13:07:16,4.41,0.01,1,441,买盘
585,13:07:01,4.4,--,1,440,卖盘
586,13:06:46,4.4,--,3,1320,卖盘
587,13:06:41,4.4,-0.01,2,880,卖盘
588,13:06:36,4.41,--,16,7056,买盘
589,13:06:16,4.41,--,10,4410,买盘
590,13:06:06,4.41,--,7,3087,买盘
591,13:05:56,4.41,--,0,0,中性盘
592,13:05:36,4.41,--,0,0,卖盘
593,13:05:26,4.41,--,30,13230,卖盘
594,13:05:11,4.41,--,31,13671,买盘
595,13:04:36,4.41,--,7,3087,买盘
596,13:03:56,4.41,--,3,1323,卖盘
597,13:03:06,4.41,-0.01,4,1764,买盘
598,13:01:55,4.42,--,0,0,买盘
599,13:01:35,4.42,--,13,5746,买盘
600,13:01:20,4.42,--,0,0,买盘
601,13:01:00,4.42,--,0,0,买盘
602,13:00:50,4.42,0.01,348,153816,买盘
603,13:00:40,4.41,--,200,88200,买盘
604,13:00:05,4.41,--,693,305613,买盘
605,11:30:00,4.41,--,0,0,买盘
606,11:30:00,4.41,--,0,0,买盘
607,11:29:56,4.41,0.01,50,22050,买盘
608,11:29:45,4.4,-0.01,15,6600,卖盘
609,11:29:41,4.41,--,5,2205,买盘
610,11:29:36,4.41,--,100,44100,买盘
611,11:29:30,4.41,--,62,27342,买盘
612,11:29:21,4.41,--,5,2205,买盘
613,11:29:15,4.41,--,32,14112,买盘
614,11:29:10,4.41,--,14,6174,买盘
615,11:29:06,4.41,--,18,7938,买盘
616,11:29:00,4.41,0.01,147,64827,买盘
617,11:28:56,4.4,--,23,10120,买盘
618,11:28:45,4.4,--,20,8800,买盘
619,11:28:36,4.4,--,7,3080,买盘
620,11:28:24,4.4,--,50,22000,买盘
621,11:28:05,4.4,--,87,38280,卖盘
622,11:27:50,4.4,--,284,124960,买盘
623,11:27:45,4.4,--,43,18920,买盘
624,11:27:15,4.4,--,50,22000,买盘
625,11:27:05,4.4,0.01,7,3080,买盘
626,11:26:54,4.39,-0.01,9,3950,卖盘
627,11:26:50,4.4,--,2,880,买盘
628,11:25:50,4.4,--,40,17600,买盘
629,11:25:35,4.4,--,7,3080,买盘
630,11:25:09,4.4,--,82,36080,买盘
631,11:25:00,4.4,--,10,4400,买盘
632,11:24:35,4.4,--,30,13200,买盘
633,11:24:30,4.4,--,8,3520,买盘
634,11:24:09,4.4,--,7,3080,买盘
635,11:24:05,4.4,0.01,109,47960,买盘
636,11:24:00,4.39,-0.01,15,6584,卖盘
637,11:23:54,4.4,--,7,3080,买盘
638,11:23:45,4.4,0.01,3,1320,买盘
639,11:23:35,4.39,--,2,877,买盘
640,11:23:20,4.39,--,4,1755,买盘
641,11:23:14,4.39,-0.01,10,4390,卖盘
642,11:23:09,4.4,--,7,3080,买盘
643,11:23:00,4.4,0.01,201,88440,买盘
644,11:22:54,4.39,--,8,3511,买盘
645,11:22:49,4.39,--,4,1755,买盘
646,11:22:44,4.39,--,6,2634,买盘
647,11:22:34,4.39,--,7,3073,买盘
648,11:22:29,4.39,--,10,4390,买盘
649,11:21:44,4.39,--,10,4390,买盘
650,11:21:39,4.39,--,10,4390,买盘
651,11:21:29,4.39,--,22,9658,买盘
652,11:21:03,4.39,0.01,10,4390,买盘
653,11:20:54,4.38,-0.01,24,10512,卖盘
654,11:19:33,4.39,0.01,67,29412,买盘
655,11:19:09,4.38,--,41,17958,卖盘
656,11:18:44,4.38,--,10,4380,卖盘
657,11:18:24,4.38,--,69,30222,卖盘
658,11:18:14,4.38,--,8,3504,卖盘
659,11:18:03,4.38,-0.01,74,32412,卖盘
660,11:17:44,4.39,0.01,1,438,买盘
661,11:17:33,4.38,-0.01,60,26280,卖盘
662,11:17:29,4.39,--,5,2195,买盘
663,11:17:24,4.39,0.01,10,4390,买盘
664,11:17:18,4.38,--,70,30660,卖盘
665,11:17:09,4.38,-0.01,50,21900,卖盘
666,11:17:03,4.39,0.01,10,4390,买盘
667,11:16:54,4.38,-0.01,9,3942,卖盘
668,11:16:38,4.39,--,2,877,买盘
669,11:16:33,4.39,--,7,3073,买盘
670,11:15:09,4.39,-0.01,5,2195,卖盘
671,11:15:03,4.4,--,7,3080,买盘
672,11:14:53,4.4,0.02,10,4400,买盘
673,11:14:42,4.38,--,0,0,卖盘
674,11:14:18,4.38,-0.01,17,7446,卖盘
675,11:14:12,4.39,--,29,12730,买盘
676,11:14:03,4.39,--,15,6584,买盘
677,11:13:53,4.39,--,10,4390,买盘
678,11:13:38,4.39,-0.01,10,4390,卖盘
679,11:13:33,4.4,--,7,3080,买盘
680,11:13:12,4.4,--,14,6160,买盘
681,11:13:03,4.4,--,0,0,买盘
682,11:12:53,4.4,0.01,184,80960,买盘
683,11:12:33,4.39,-0.01,200,87800,卖盘
684,11:12:03,4.4,0.01,7,3080,买盘
685,11:11:42,4.39,--,100,43900,卖盘
686,11:11:27,4.39,--,20,8780,卖盘
687,11:11:23,4.39,-0.01,2,877,卖盘
688,11:11:12,4.4,--,1,440,买盘
689,11:11:03,4.4,--,13,5720,买盘
690,11:10:33,4.4,--,10,4400,买盘
691,11:10:08,4.4,--,6,2640,买盘
692,11:10:03,4.4,--,2,880,买盘
693,11:09:07,4.4,--,7,3080,买盘
694,11:08:32,4.4,--,3,1320,买盘
695,11:08:02,4.4,--,55,24200,买盘
696,11:07:36,4.4,0.01,7,3080,买盘
697,11:07:32,4.39,-0.01,238,104481,卖盘
698,11:06:47,4.4,--,3,1320,买盘
699,11:06:02,4.4,--,7,3080,买盘
700,11:05:27,4.4,--,20,8800,买盘
701,11:04:51,4.4,--,7,3080,买盘
702,11:04:36,4.4,--,10,4400,买盘
703,11:04:32,4.4,--,57,25080,买盘
704,11:04:21,4.4,--,105,46200,卖盘
705,11:03:57,4.4,-0.01,65,28600,卖盘
706,11:03:42,4.41,0.01,5,2205,买盘
707,11:03:17,4.4,-0.01,95,41800,卖盘
708,11:03:06,4.41,0.01,7,3087,买盘
709,11:03:01,4.4,--,150,66000,卖盘
710,11:02:51,4.4,--,80,35200,卖盘
711,11:02:36,4.4,--,21,9240,卖盘
712,11:02:32,4.4,--,31,13640,卖盘
713,11:02:21,4.4,--,1,440,卖盘
714,11:02:06,4.4,--,2,880,卖盘
715,11:01:47,4.4,-0.01,44,19360,卖盘
716,11:01:36,4.41,--,7,3087,买盘
717,11:01:21,4.41,0.01,1,441,买盘
718,11:01:16,4.4,--,158,69520,卖盘
719,11:01:11,4.4,-0.01,30,13200,卖盘
720,11:00:51,4.41,0.01,1,441,买盘
721,11:00:41,4.4,-0.01,53,23320,卖盘
722,11:00:26,4.41,--,25,11025,买盘
723,11:00:06,4.41,--,7,3087,买盘
724,10:59:36,4.41,0.01,11,4851,买盘
725,10:59:26,4.4,-0.01,50,22000,卖盘
726,10:59:21,4.41,--,135,59535,买盘
727,10:59:06,4.41,--,130,57330,买盘
728,10:58:56,4.41,0.01,32,14112,买盘
729,10:58:51,4.4,--,201,88440,卖盘
730,10:58:45,4.4,-0.01,25,11000,卖盘
731,10:58:41,4.41,--,2,882,买盘
732,10:58:36,4.41,--,7,3087,买盘
733,10:58:20,4.41,--,10,4410,买盘
734,10:58:11,4.41,--,53,23373,买盘
735,10:57:41,4.41,--,50,22050,买盘
736,10:57:11,4.41,--,7,3087,买盘
737,10:57:05,4.41,0.01,104,45864,买盘
738,10:56:56,4.4,--,236,103840,买盘
739,10:56:45,4.4,--,5,2200,买盘
740,10:56:21,4.4,--,54,23760,买盘
741,10:56:15,4.4,--,150,66000,买盘
742,10:55:45,4.4,--,10,4400,买盘
743,10:55:35,4.4,--,7,3080,买盘
744,10:55:15,4.4,--,15,6600,买盘
745,10:54:35,4.4,--,7,3080,买盘
746,10:54:20,4.4,--,7,3080,买盘
747,10:54:05,4.4,--,27,11880,买盘
748,10:54:00,4.4,--,4,1760,买盘
749,10:53:35,4.4,--,6,2640,买盘
750,10:53:24,4.4,--,2,880,买盘
751,10:52:44,4.4,--,11,4840,买盘
752,10:52:35,4.4,--,69,30360,买盘
753,10:52:30,4.4,--,30,13200,买盘
754,10:52:05,4.4,0.01,3,1320,买盘
755,10:51:54,4.39,-0.01,29,12730,卖盘
756,10:51:50,4.4,--,1,440,买盘
757,10:51:44,4.4,--,4,1760,买盘
758,10:51:29,4.4,--,22,9680,买盘
759,10:51:20,4.4,--,12,5280,买盘
760,10:51:05,4.4,--,13,5720,买盘
761,10:50:59,4.4,--,48,21120,买盘
762,10:50:35,4.4,--,12,5280,买盘
763,10:50:29,4.4,--,25,11000,买盘
764,10:50:20,4.4,0.01,5,2200,买盘
765,10:50:14,4.39,-0.01,78,34242,卖盘
766,10:50:05,4.4,--,202,88880,买盘
767,10:49:59,4.4,--,2,880,买盘
768,10:49:54,4.4,--,182,80080,买盘
769,10:49:44,4.4,--,200,88000,买盘
770,10:49:35,4.4,--,7,3080,买盘
771,10:49:24,4.4,--,0,0,买盘
772,10:49:09,4.4,--,1,440,买盘
773,10:49:04,4.4,0.02,100,44000,买盘
774,10:48:54,4.38,--,169,74022,卖盘
775,10:48:29,4.38,--,20,8760,卖盘
776,10:48:20,4.38,-0.02,3,1314,卖盘
777,10:48:04,4.4,0.02,7,3080,买盘
778,10:47:09,4.38,-0.01,5,2190,卖盘
779,10:47:03,4.39,--,36,15803,买盘
780,10:46:54,4.39,--,72,31607,买盘
781,10:46:48,4.39,--,96,42144,买盘
782,10:46:39,4.39,--,8,3511,买盘
783,10:46:14,4.39,--,1,438,买盘
784,10:45:59,4.39,--,1,438,买盘
785,10:45:14,4.39,--,30,13169,买盘
786,10:45:03,4.39,--,7,3073,买盘
787,10:44:59,4.39,--,20,8780,买盘
788,10:44:54,4.39,--,5,2195,买盘
789,10:44:14,4.39,0.01,10,4390,买盘
790,10:43:48,4.38,--,1,438,卖盘
791,10:43:38,4.38,-0.01,145,63510,卖盘
792,10:43:33,4.39,--,7,3073,买盘
793,10:42:38,4.39,--,34,14925,买盘
794,10:42:13,4.39,--,10,4561,卖盘
795,10:41:58,4.39,--,0,267,买盘
796,10:41:53,4.39,--,23,10097,买盘
797,10:41:03,4.39,--,3,1317,买盘
798,10:40:58,4.39,--,12,5268,买盘
799,10:40:38,4.39,-0.01,112,49168,卖盘
800,10:40:33,4.4,0.01,16,7040,买盘
801,10:40:28,4.39,--,10,4390,卖盘
802,10:40:23,4.39,--,37,16242,卖盘
803,10:40:08,4.39,-0.01,80,35120,卖盘
804,10:39:57,4.4,--,5,2200,买盘
805,10:39:53,4.4,0.01,10,4400,买盘
806,10:39:43,4.39,-0.01,7,3073,卖盘
807,10:39:33,4.4,-0.01,289,127160,卖盘
808,10:39:18,4.41,--,39,17199,买盘
809,10:39:08,4.41,--,7,3087,买盘
810,10:38:57,4.41,--,3,1323,买盘
811,10:38:42,4.41,--,21,9261,买盘
812,10:38:38,4.41,0.01,206,90846,买盘
813,10:38:33,4.4,-0.01,100,44000,卖盘
814,10:38:23,4.41,--,13,5733,买盘
815,10:38:17,4.41,--,1,441,买盘
816,10:37:53,4.41,0.01,2,882,买盘
817,10:37:47,4.4,-0.01,100,44000,卖盘
818,10:37:38,4.41,0.01,7,3087,买盘
819,10:37:32,4.4,--,1,440,卖盘
820,10:37:27,4.4,--,40,17600,卖盘
821,10:37:23,4.4,--,12,5280,卖盘
822,10:37:17,4.4,--,10,4400,卖盘
823,10:37:08,4.4,-0.01,300,132000,卖盘
824,10:37:02,4.41,--,23,10143,买盘
825,10:36:53,4.41,0.01,37,16317,买盘
826,10:36:47,4.4,--,56,24640,卖盘
827,10:36:42,4.4,--,10,4400,卖盘
828,10:36:38,4.4,--,44,19360,卖盘
829,10:36:17,4.4,--,121,53240,买盘
830,10:36:12,4.4,--,100,44000,买盘
831,10:36:08,4.4,--,7,3080,买盘
832,10:36:02,4.4,--,100,44000,买盘
833,10:35:52,4.4,--,100,44000,买盘
834,10:35:47,4.4,--,100,44000,买盘
835,10:35:42,4.4,--,0,0,买盘
836,10:35:38,4.4,--,11,4840,买盘
837,10:35:32,4.4,--,100,44000,买盘
838,10:35:22,4.4,--,144,63360,买盘
839,10:35:17,4.4,--,100,44000,买盘
840,10:35:12,4.4,--,18,7920,买盘
841,10:35:07,4.4,--,9,3960,买盘
842,10:35:02,4.4,--,106,46640,买盘
843,10:34:57,4.4,--,30,13200,买盘
844,10:34:52,4.4,--,100,44000,买盘
845,10:34:47,4.4,--,122,53680,买盘
846,10:34:42,4.4,--,0,0,买盘
847,10:34:37,4.4,--,313,137720,买盘
848,10:34:32,4.4,0.01,100,44000,买盘
849,10:34:22,4.39,--,65,28534,买盘
850,10:34:17,4.39,--,100,43900,买盘
851,10:34:07,4.39,--,220,96580,买盘
852,10:34:02,4.39,--,100,43900,买盘
853,10:33:57,4.39,--,101,44339,买盘
854,10:33:47,4.39,--,100,43900,买盘
855,10:33:32,4.39,--,100,43900,买盘
856,10:33:27,4.39,0.01,100,43900,买盘
857,10:33:17,4.38,-0.01,10,4380,卖盘
858,10:33:07,4.39,0.01,7,3073,买盘
859,10:33:02,4.38,--,7,3066,卖盘
860,10:32:47,4.38,--,1,438,卖盘
861,10:32:21,4.38,--,598,261924,买盘
862,10:31:56,4.38,--,3,1314,买盘
863,10:31:32,4.38,--,7,3066,买盘
864,10:31:17,4.38,--,1,438,买盘
865,10:30:57,4.38,--,10,4380,买盘
866,10:30:47,4.38,--,13,5694,买盘
867,10:30:31,4.38,--,11,4818,买盘
868,10:30:16,4.38,--,60,26280,买盘
869,10:30:11,4.38,--,176,77088,买盘
870,10:30:06,4.38,--,7,3066,买盘
871,10:30:01,4.38,--,19,8322,买盘
872,10:29:56,4.38,--,10,4380,买盘
873,10:29:51,4.38,--,14,6132,买盘
874,10:28:56,4.38,--,76,33288,买盘
875,10:28:41,4.38,--,50,21900,买盘
876,10:28:31,4.38,--,9,3942,买盘
877,10:28:06,4.38,--,29,12702,买盘
878,10:28:01,4.38,--,10,4380,买盘
879,10:27:56,4.38,--,30,13140,买盘
880,10:27:46,4.38,--,10,4380,买盘
881,10:27:36,4.38,--,20,8760,买盘
882,10:27:31,4.38,--,9,3942,买盘
883,10:27:16,4.38,--,119,52122,买盘
884,10:27:06,4.38,--,27,11826,买盘
885,10:27:01,4.38,0.01,66,28908,买盘
886,10:26:56,4.37,-0.01,68,29716,卖盘
887,10:26:46,4.38,0.01,202,88476,买盘
888,10:26:31,4.37,-0.01,18,7866,卖盘
889,10:26:26,4.38,0.01,7,3066,买盘
890,10:25:46,4.37,-0.01,2,874,卖盘
891,10:25:36,4.38,0.01,7,3066,买盘
892,10:25:16,4.37,--,7,3059,卖盘
893,10:25:11,4.37,0.01,2,874,买盘
894,10:25:01,4.36,-0.01,25,10900,卖盘
895,10:24:50,4.37,--,3,1311,卖盘
896,10:24:45,4.37,--,25,10925,卖盘
897,10:24:35,4.37,0.01,13,5681,买盘
898,10:24:30,4.36,--,25,10900,卖盘
899,10:24:15,4.36,-0.01,25,10900,卖盘
900,10:24:05,4.37,0.01,32,13984,买盘
901,10:23:56,4.36,--,1,436,卖盘
902,10:23:45,4.36,--,35,15260,卖盘
903,10:23:30,4.36,--,25,10900,卖盘
904,10:23:20,4.36,--,0,0,卖盘
905,10:23:15,4.36,--,25,10900,卖盘
906,10:23:00,4.36,-0.02,25,10900,卖盘
907,10:22:55,4.38,0.01,20,8760,买盘
908,10:22:50,4.37,--,38,16606,卖盘
909,10:22:45,4.37,-0.01,25,10925,卖盘
910,10:22:35,4.38,0.01,7,3066,买盘
911,10:22:30,4.37,--,25,10925,卖盘
912,10:22:15,4.37,0.01,25,10925,卖盘
913,10:22:05,4.36,--,0,0,卖盘
914,10:22:00,4.36,-0.01,25,10900,卖盘
915,10:21:45,4.37,-0.01,25,10925,卖盘
916,10:21:35,4.38,0.01,1,438,买盘
917,10:21:30,4.37,-0.01,25,10925,卖盘
918,10:21:20,4.38,0.01,1,438,买盘
919,10:21:15,4.37,--,25,10925,卖盘
920,10:21:10,4.37,-0.01,10,4370,卖盘
921,10:21:05,4.38,0.01,7,3066,买盘
922,10:21:00,4.37,--,25,10925,卖盘
923,10:20:45,4.37,--,25,10925,卖盘
924,10:20:30,4.37,--,25,10925,卖盘
925,10:20:15,4.37,--,40,17480,卖盘
926,10:20:05,4.37,--,7,3059,卖盘
927,10:20:00,4.37,--,32,13984,卖盘
928,10:19:55,4.37,--,7,3059,卖盘
929,10:19:45,4.37,--,26,11362,卖盘
930,10:19:35,4.37,--,0,0,卖盘
931,10:19:30,4.37,-0.02,25,10925,卖盘
932,10:19:25,4.39,--,58,25461,买盘
933,10:19:15,4.39,0.02,325,142675,买盘
934,10:19:05,4.37,--,1,437,卖盘
935,10:19:00,4.37,--,25,10925,卖盘
936,10:18:55,4.37,0.01,157,68609,买盘
937,10:18:45,4.36,--,125,54500,卖盘
938,10:18:35,4.36,--,1,436,卖盘
939,10:18:30,4.36,-0.01,25,10900,卖盘
940,10:18:25,4.37,--,36,15732,卖盘
941,10:18:15,4.37,--,25,10925,卖盘
942,10:18:10,4.37,-0.01,8,3496,卖盘
943,10:18:05,4.38,0.01,7,3066,买盘
944,10:17:59,4.37,-0.01,25,10925,卖盘
945,10:17:55,4.38,0.01,3,1314,买盘
946,10:17:50,4.37,--,1,437,卖盘
947,10:17:45,4.37,--,25,10925,卖盘
948,10:17:29,4.37,--,25,10925,卖盘
949,10:17:20,4.37,--,0,0,卖盘
950,10:17:14,4.37,--,25,10925,卖盘
951,10:16:59,4.37,--,25,10925,卖盘
952,10:16:44,4.37,-0.02,25,10925,卖盘
953,10:16:35,4.39,0.02,7,3073,买盘
954,10:16:29,4.37,--,25,10925,卖盘
955,10:16:14,4.37,--,25,10925,卖盘
956,10:15:59,4.37,0.01,25,10925,卖盘
957,10:15:50,4.36,--,0,0,卖盘
958,10:15:44,4.36,--,25,10900,卖盘
959,10:15:34,4.36,--,5,2180,卖盘
960,10:15:29,4.36,--,25,10900,卖盘
961,10:15:19,4.36,--,0,0,卖盘
962,10:15:14,4.36,-0.02,171,74556,卖盘
963,10:15:04,4.38,0.02,7,3066,买盘
964,10:14:59,4.36,-0.01,26,11336,卖盘
965,10:14:49,4.37,--,1,437,卖盘
966,10:14:44,4.37,--,212,92644,买盘
967,10:14:34,4.37,0.01,14,6118,买盘
968,10:14:29,4.36,-0.01,25,10900,卖盘
969,10:14:19,4.37,0.01,2,874,买盘
970,10:14:14,4.36,-0.01,25,10900,卖盘
971,10:14:09,4.37,0.01,1,437,买盘
972,10:13:59,4.36,-0.01,162,70632,卖盘
973,10:13:54,4.37,--,3,1311,卖盘
974,10:13:44,4.37,-0.01,25,10925,卖盘
975,10:13:34,4.38,0.01,7,3066,买盘
976,10:13:29,4.37,--,25,10925,卖盘
977,10:13:19,4.37,--,20,8740,卖盘
978,10:13:14,4.37,--,25,10925,卖盘
979,10:12:59,4.37,-0.01,25,10925,卖盘
980,10:12:49,4.38,0.01,42,18396,买盘
981,10:12:34,4.37,--,2,874,卖盘
982,10:12:29,4.37,--,108,47196,卖盘
983,10:12:14,4.37,-0.01,25,10925,卖盘
984,10:12:04,4.38,0.01,8,3504,买盘
985,10:11:59,4.37,-0.01,25,10925,卖盘
986,10:11:49,4.38,0.01,10,4380,买盘
987,10:11:44,4.37,-0.01,25,10925,卖盘
988,10:11:29,4.38,0.01,29,12702,买盘
989,10:11:24,4.37,--,60,26220,卖盘
990,10:11:14,4.37,--,25,10925,卖盘
991,10:11:04,4.37,--,2,874,卖盘
992,10:10:59,4.37,-0.01,25,10925,卖盘
993,10:10:53,4.38,0.01,3,1314,买盘
994,10:10:44,4.37,-0.01,355,155135,卖盘
995,10:10:38,4.38,0.01,7,3066,买盘
996,10:10:34,4.37,--,50,21850,卖盘
997,10:10:29,4.37,--,32,13984,卖盘
998,10:10:14,4.37,--,25,10925,卖盘
999,10:10:08,4.37,--,1,437,卖盘
1000,10:10:04,4.37,--,15,6555,卖盘
1001,10:09:59,4.37,--,33,14421,卖盘
1002,10:09:53,4.37,--,7,3059,卖盘
1003,10:09:44,4.37,--,25,10925,卖盘
1004,10:09:29,4.37,--,32,13984,卖盘
1005,10:09:13,4.37,-0.01,25,10925,卖盘
1006,10:09:08,4.38,--,7,3066,买盘
1007,10:08:59,4.38,--,27,11826,买盘
1008,10:08:53,4.38,--,9,3942,买盘
1009,10:08:43,4.38,0.01,35,15330,买盘
1010,10:08:28,4.37,--,35,15295,卖盘
1011,10:08:23,4.37,--,1,437,卖盘
1012,10:08:13,4.37,-0.01,25,10925,卖盘
1013,10:08:08,4.38,0.01,1,438,买盘
1014,10:07:58,4.37,-0.01,25,10925,卖盘
1015,10:07:53,4.38,0.01,18,7884,买盘
1016,10:07:48,4.37,--,15,6555,买盘
1017,10:07:43,4.37,-0.01,20,8740,卖盘
1018,10:07:38,4.38,--,212,92856,卖盘
1019,10:07:28,4.38,--,75,32850,卖盘
1020,10:07:23,4.38,--,17,7446,卖盘
1021,10:07:18,4.38,-0.01,20,8760,卖盘
1022,10:07:13,4.39,0.01,54,23706,买盘
1023,10:06:58,4.38,--,25,10950,卖盘
1024,10:06:43,4.38,0.02,726,317988,买盘
1025,10:06:28,4.36,--,25,10900,卖盘
1026,10:06:23,4.36,-0.02,102,44472,卖盘
1027,10:06:18,4.38,0.02,15,6570,买盘
1028,10:06:13,4.36,-0.02,25,10900,卖盘
1029,10:06:08,4.38,--,33,14454,买盘
1030,10:06:03,4.38,0.02,3,1314,买盘
1031,10:05:58,4.36,-0.03,25,10900,卖盘
1032,10:05:53,4.39,--,0,0,买盘
1033,10:05:43,4.39,0.01,606,266034,买盘
1034,10:05:38,4.38,--,2,876,买盘
1035,10:05:28,4.38,--,75,32850,买盘
1036,10:05:22,4.38,--,22,9636,卖盘
1037,10:05:18,4.38,--,6,2628,卖盘
1038,10:05:13,4.38,--,47,20586,买盘
1039,10:05:08,4.38,0.03,28,12264,买盘
1040,10:04:58,4.35,--,25,10875,卖盘
1041,10:04:48,4.35,--,0,0,卖盘
1042,10:04:43,4.35,-0.04,25,10875,卖盘
1043,10:04:37,4.39,0.04,7,3073,买盘
1044,10:04:33,4.35,--,0,0,卖盘
1045,10:04:13,4.35,-0.04,26,11309,卖盘
1046,10:04:07,4.39,0.04,795,349005,买盘
1047,10:03:58,4.35,--,25,10875,卖盘
1048,10:03:43,4.35,--,25,10875,卖盘
1049,10:03:37,4.35,--,3,1305,卖盘
1050,10:03:32,4.35,--,90,39150,买盘
1051,10:03:22,4.35,--,65,28274,买盘
1052,10:03:17,4.35,--,134,58289,买盘
1053,10:03:07,4.35,0.01,137,59594,买盘
1054,10:03:03,4.34,--,25,10850,卖盘
1055,10:02:47,4.34,--,25,10850,卖盘
1056,10:02:32,4.34,--,25,10850,卖盘
1057,10:02:28,4.34,-0.01,20,8680,卖盘
1058,10:02:22,4.35,--,30,13049,买盘
1059,10:02:17,4.35,0.01,30,13049,买盘
1060,10:02:02,4.34,-0.01,25,10850,卖盘
1061,10:01:52,4.35,--,80,34800,买盘
1062,10:01:47,4.35,--,50,21750,买盘
1063,10:01:37,4.35,--,7,3044,买盘
1064,10:01:32,4.35,--,10,4350,买盘
1065,10:01:27,4.35,--,111,48284,买盘
1066,10:01:22,4.35,-0.01,555,241424,卖盘
1067,10:01:17,4.36,-0.01,32,13952,卖盘
1068,10:01:12,4.37,--,0,0,买盘
1069,10:01:07,4.37,0.02,2,874,买盘
1070,10:01:02,4.35,--,25,10875,卖盘
1071,10:00:52,4.35,--,8,3479,卖盘
1072,10:00:47,4.35,--,170,73950,卖盘
1073,10:00:32,4.35,--,26,11309,卖盘
1074,10:00:27,4.35,--,9,3914,卖盘
1075,10:00:22,4.35,--,71,30884,卖盘
1076,10:00:17,4.35,--,25,10875,卖盘
1077,10:00:07,4.35,0.01,278,120929,买盘
1078,10:00:02,4.34,-0.01,25,10850,卖盘
1079,09:59:57,4.35,0.01,30,13049,买盘
1080,09:59:52,4.34,--,74,32116,卖盘
1081,09:59:47,4.34,--,25,10850,卖盘
1082,09:59:32,4.34,-0.01,25,10850,卖盘
1083,09:59:17,4.35,-0.01,224,97439,卖盘
1084,09:59:07,4.36,0.01,123,53628,买盘
1085,09:59:02,4.35,--,25,10875,卖盘
1086,09:58:52,4.35,--,339,147465,卖盘
1087,09:58:47,4.35,--,25,10875,卖盘
1088,09:58:42,4.35,--,11,4785,卖盘
1089,09:58:37,4.35,--,100,43500,卖盘
1090,09:58:32,4.35,--,30,13049,卖盘
1091,09:58:27,4.35,-0.01,7,3044,卖盘
1092,09:58:22,4.36,0.01,7,3052,买盘
1093,09:58:16,4.35,--,58,25229,卖盘
1094,09:58:12,4.35,-0.01,11,4785,卖盘
1095,09:58:07,4.36,0.01,5,2180,买盘
1096,09:58:01,4.35,--,35,15224,卖盘
1097,09:57:52,4.35,--,128,55679,卖盘
1098,09:57:46,4.35,-0.01,25,10875,卖盘
1099,09:57:37,4.36,0.01,6,2616,买盘
1100,09:57:31,4.35,-0.01,25,10875,卖盘
1101,09:57:27,4.36,0.01,20,8720,买盘
1102,09:57:16,4.35,-0.01,100,43500,卖盘
1103,09:57:01,4.36,0.01,45,19620,卖盘
1104,09:56:56,4.35,--,88,38280,卖盘
1105,09:56:52,4.35,--,838,364529,卖盘
1106,09:56:46,4.35,--,25,10875,卖盘
1107,09:56:16,4.35,-0.01,2,869,卖盘
1108,09:56:11,4.36,-0.01,517,225412,卖盘
1109,09:56:01,4.37,--,36,15732,买盘
1110,09:55:51,4.37,0.01,100,43700,买盘
1111,09:55:41,4.36,-0.01,1,436,卖盘
1112,09:55:36,4.37,--,13,5681,买盘
1113,09:55:31,4.37,--,31,13547,买盘
1114,09:55:26,4.37,--,32,13984,买盘
1115,09:55:21,4.37,--,146,63802,卖盘
1116,09:55:16,4.37,-0.01,25,10925,卖盘
1117,09:55:11,4.38,--,27,11826,卖盘
1118,09:55:01,4.38,--,25,10950,卖盘
1119,09:54:56,4.38,--,10,4380,卖盘
1120,09:54:46,4.38,--,66,28908,卖盘
1121,09:54:36,4.38,--,30,13140,卖盘
1122,09:54:31,4.38,-0.01,37,16206,卖盘
1123,09:54:26,4.39,0.01,14,6146,买盘
1124,09:54:16,4.38,--,26,11388,卖盘
1125,09:54:06,4.38,--,1,438,卖盘
1126,09:54:01,4.38,-0.01,25,10950,卖盘
1127,09:53:56,4.39,--,8,3511,买盘
1128,09:53:51,4.39,0.01,10,4390,买盘
1129,09:53:46,4.38,-0.01,25,10950,卖盘
1130,09:53:41,4.39,--,1,438,买盘
1131,09:53:31,4.39,--,56,24584,买盘
1132,09:53:26,4.39,--,37,16242,买盘
1133,09:53:16,4.39,--,644,282716,买盘
1134,09:53:11,4.39,--,2,877,买盘
1135,09:53:06,4.39,--,1,438,买盘
1136,09:53:01,4.39,--,35,15364,买盘
1137,09:52:46,4.39,0.01,43,18877,买盘
1138,09:52:41,4.38,-0.01,20,8760,卖盘
1139,09:52:31,4.39,0.01,35,15364,买盘
1140,09:52:26,4.38,--,173,75774,买盘
1141,09:52:21,4.38,--,42,18396,买盘
1142,09:52:16,4.38,-0.01,102,44676,买盘
1143,09:52:11,4.39,--,4,1755,买盘
1144,09:52:06,4.39,0.02,13,5707,买盘
1145,09:52:01,4.37,-0.02,446,194902,卖盘
1146,09:51:55,4.39,--,1,438,买盘
1147,09:51:46,4.39,--,45,19755,买盘
1148,09:51:40,4.39,--,2,877,买盘
1149,09:51:36,4.39,0.01,120,52679,买盘
1150,09:51:31,4.38,-0.01,270,118260,卖盘
1151,09:51:26,4.39,--,301,132139,买盘
1152,09:51:21,4.39,0.01,31,13608,买盘
1153,09:51:16,4.38,--,184,80592,卖盘
1154,09:51:10,4.38,--,33,14454,卖盘
1155,09:51:06,4.38,-0.01,2,876,卖盘
1156,09:51:01,4.39,0.01,60,26339,买盘
1157,09:50:50,4.38,0.01,16,7008,买盘
1158,09:50:46,4.37,--,25,10925,卖盘
1159,09:50:40,4.37,--,60,26220,卖盘
1160,09:50:31,4.37,-0.01,25,10925,卖盘
1161,09:50:25,4.38,--,8,3504,买盘
1162,09:50:21,4.38,0.01,10,4380,买盘
1163,09:50:16,4.37,-0.01,26,11362,卖盘
1164,09:50:10,4.38,--,12,5256,买盘
1165,09:50:05,4.38,--,1,438,买盘
1166,09:50:01,4.38,--,44,19272,买盘
1167,09:49:55,4.38,--,52,22776,买盘
1168,09:49:50,4.38,0.01,7,3066,买盘
1169,09:49:46,4.37,-0.02,58,25346,卖盘
1170,09:49:40,4.39,0.01,12,5268,买盘
1171,09:49:35,4.38,0.01,21,9198,买盘
1172,09:49:31,4.37,-0.01,25,10925,卖盘
1173,09:49:25,4.38,--,9,3942,买盘
1174,09:49:20,4.38,--,5,2190,买盘
1175,09:49:15,4.38,--,32,14016,买盘
1176,09:49:10,4.38,--,194,84972,买盘
1177,09:49:00,4.38,-0.01,118,51684,卖盘
1178,09:48:55,4.39,--,80,35120,买盘
1179,09:48:50,4.39,0.01,7,3073,买盘
1180,09:48:45,4.38,--,25,10950,卖盘
1181,09:48:40,4.38,-0.01,30,13140,卖盘
1182,09:48:35,4.39,0.02,115,50484,买盘
1183,09:48:30,4.37,-0.01,25,10925,卖盘
1184,09:48:25,4.38,--,3,1314,买盘
1185,09:48:20,4.38,--,14,6132,买盘
1186,09:48:15,4.38,-0.01,118,51684,卖盘
1187,09:48:00,4.39,0.01,76,33364,买盘
1188,09:47:55,4.38,--,758,332004,买盘
1189,09:47:50,4.38,0.01,30,13140,买盘
1190,09:47:45,4.37,-0.01,25,10925,卖盘
1191,09:47:35,4.38,0.01,2,876,买盘
1192,09:47:30,4.37,--,25,10925,卖盘
1193,09:47:25,4.37,--,300,131100,卖盘
1194,09:47:20,4.37,--,146,63802,卖盘
1195,09:47:15,4.37,--,25,10925,卖盘
1196,09:47:10,4.37,--,54,23598,卖盘
1197,09:47:00,4.37,--,25,10925,卖盘
1198,09:46:45,4.37,-0.01,25,10925,卖盘
1199,09:46:35,4.38,0.01,121,52998,买盘
1200,09:46:30,4.37,-0.01,25,10925,卖盘
1201,09:46:20,4.38,0.01,226,98988,买盘
1202,09:46:15,4.37,-0.01,25,10925,卖盘
1203,09:46:10,4.38,--,1,438,买盘
1204,09:46:05,4.38,--,10,4380,买盘
1205,09:46:00,4.38,--,65,28470,买盘
1206,09:45:55,4.38,--,1,438,买盘
1207,09:45:50,4.38,0.01,12,5256,买盘
1208,09:45:45,4.37,--,25,10925,卖盘
1209,09:45:40,4.37,-0.01,241,105317,卖盘
1210,09:45:35,4.38,--,32,14016,买盘
1211,09:45:30,4.38,--,29,12702,买盘
1212,09:45:25,4.38,--,5,2190,买盘
1213,09:45:20,4.38,--,63,27594,买盘
1214,09:45:15,4.38,0.01,35,15330,买盘
1215,09:45:10,4.37,-0.01,2,874,卖盘
1216,09:45:05,4.38,0.01,10,4380,买盘
1217,09:45:00,4.37,--,25,10925,卖盘
1218,09:44:55,4.37,--,100,43700,卖盘
1219,09:44:45,4.37,--,25,10925,卖盘
1220,09:44:40,4.37,-0.01,13,5681,卖盘
1221,09:44:34,4.38,0.01,29,12702,买盘
1222,09:44:30,4.37,-0.01,35,15295,卖盘
1223,09:44:19,4.38,0.01,212,92856,买盘
1224,09:44:15,4.37,--,25,10925,卖盘
1225,09:44:10,4.37,-0.01,78,34086,卖盘
1226,09:44:04,4.38,0.01,8,3504,买盘
1227,09:44:00,4.37,-0.01,25,10925,卖盘
1228,09:43:55,4.38,--,59,25842,买盘
1229,09:43:45,4.38,--,198,86724,卖盘
1230,09:43:40,4.38,--,159,69642,买盘
1231,09:43:34,4.38,--,4,1752,买盘
1232,09:43:29,4.38,--,33,14454,买盘
1233,09:43:24,4.38,--,13,5694,买盘
1234,09:43:19,4.38,--,110,48180,买盘
1235,09:43:14,4.38,--,47,20586,买盘
1236,09:43:10,4.38,--,14,6132,买盘
1237,09:43:04,4.38,--,76,33288,买盘
1238,09:42:54,4.38,-0.01,13,5694,买盘
1239,09:42:49,4.39,--,0,0,买盘
1240,09:42:44,4.39,0.01,8,3511,买盘
1241,09:42:39,4.38,--,1,438,买盘
1242,09:42:34,4.38,--,16,7008,卖盘
1243,09:42:29,4.38,-0.01,10,4380,卖盘
1244,09:42:24,4.39,0.01,20,8780,买盘
1245,09:42:09,4.38,--,18,7884,卖盘
1246,09:42:04,4.38,--,988,432744,买盘
1247,09:41:54,4.38,0.02,35,15330,买盘
1248,09:41:49,4.36,-0.01,50,21800,卖盘
1249,09:41:44,4.37,--,986,430882,买盘
1250,09:41:39,4.37,0.01,103,45011,买盘
1251,09:41:34,4.36,--,4,1744,卖盘
1252,09:41:24,4.36,--,61,26596,卖盘
1253,09:41:14,4.36,--,34,14824,卖盘
1254,09:41:09,4.36,0.01,6,2616,买盘
1255,09:41:04,4.35,--,17,7394,卖盘
1256,09:40:49,4.35,-0.01,6,2610,卖盘
1257,09:40:44,4.36,--,6,2616,卖盘
1258,09:40:34,4.36,--,53,23108,卖盘
1259,09:40:29,4.36,--,30,13080,卖盘
1260,09:40:24,4.36,--,3,1308,卖盘
1261,09:40:19,4.36,-0.01,94,40984,卖盘
1262,09:40:14,4.37,--,2,874,买盘
1263,09:39:59,4.37,-0.01,64,27968,卖盘
1264,09:39:44,4.38,0.01,11,4818,买盘
1265,09:39:39,4.37,-0.01,1,437,卖盘
1266,09:39:34,4.38,--,9,3942,买盘
1267,09:39:29,4.38,--,71,31098,买盘
1268,09:39:19,4.38,--,314,137532,买盘
1269,09:39:14,4.38,-0.01,15,6570,卖盘
1270,09:39:09,4.39,--,139,61020,买盘
1271,09:39:04,4.39,--,7,3073,买盘
1272,09:38:59,4.39,0.01,147,64532,买盘
1273,09:38:49,4.38,-0.01,201,88038,卖盘
1274,09:38:44,4.39,--,16,7023,卖盘
1275,09:38:39,4.39,0.01,120,52679,买盘
1276,09:38:34,4.38,-0.01,52,22776,卖盘
1277,09:38:29,4.39,0.01,41,17999,买盘
1278,09:38:24,4.38,--,279,122202,卖盘
1279,09:38:19,4.38,0.01,118,51684,中性盘
1280,09:38:14,4.37,--,324,141588,卖盘
1281,09:38:09,4.37,0.02,80,34960,卖盘
1282,09:38:03,4.35,-0.01,293,127454,卖盘
1283,09:37:59,4.36,--,56,24416,中性盘
1284,09:37:54,4.36,0.01,65,28340,买盘
1285,09:37:48,4.35,--,10,4350,卖盘
1286,09:37:43,4.35,0.02,109,47414,买盘
1287,09:37:33,4.33,--,232,100456,卖盘
1288,09:37:28,4.33,-0.01,6,2598,卖盘
1289,09:37:23,4.34,--,49,21266,买盘
1290,09:37:18,4.34,0.01,10,4340,买盘
1291,09:37:13,4.33,-0.01,22,9526,卖盘
1292,09:37:08,4.34,0.01,4,1736,买盘
1293,09:37:03,4.33,--,8,3464,卖盘
1294,09:36:58,4.33,--,78,33774,买盘
1295,09:36:53,4.33,0.01,56,24248,买盘
1296,09:36:48,4.32,-0.01,42,18144,卖盘
1297,09:36:43,4.33,0.01,47,20351,买盘
1298,09:36:38,4.32,-0.01,263,113616,卖盘
1299,09:36:33,4.33,0.01,21,9093,买盘
1300,09:36:28,4.32,--,15,6480,卖盘
1301,09:36:23,4.32,-0.01,18,7776,卖盘
1302,09:36:18,4.33,--,206,89198,买盘
1303,09:36:13,4.33,--,15,6495,卖盘
1304,09:36:08,4.33,--,16,6928,卖盘
1305,09:36:03,4.33,--,22,9526,卖盘
1306,09:35:58,4.33,--,103,44599,卖盘
1307,09:35:53,4.33,-0.01,11,4763,卖盘
1308,09:35:48,4.34,0.01,89,38626,买盘
1309,09:35:38,4.33,-0.01,100,43300,卖盘
1310,09:35:28,4.34,-0.01,1,434,卖盘
1311,09:35:13,4.35,0.02,43,18705,买盘
1312,09:35:08,4.33,--,0,0,卖盘
1313,09:35:03,4.33,-0.03,351,151983,卖盘
1314,09:34:58,4.36,0.01,70,30520,买盘
1315,09:34:48,4.35,-0.01,10,4350,卖盘
1316,09:34:38,4.36,-0.01,7,3052,卖盘
1317,09:34:33,4.37,--,34,14858,买盘
1318,09:34:28,4.37,--,37,16169,买盘
1319,09:34:23,4.37,--,37,16169,买盘
1320,09:34:18,4.37,0.01,388,169556,买盘
1321,09:34:13,4.36,--,5,2180,卖盘
1322,09:34:08,4.36,0.03,13,5668,买盘
1323,09:33:58,4.33,--,0,0,卖盘
1324,09:33:53,4.33,--,233,100889,卖盘
1325,09:33:48,4.33,--,1,433,卖盘
1326,09:33:43,4.33,-0.04,273,118209,中性盘
1327,09:33:38,4.37,--,0,0,中性盘
1328,09:33:28,4.37,0.01,407,177859,买盘
1329,09:33:23,4.36,0.01,504,219744,买盘
1330,09:33:13,4.35,0.01,869,378206,买盘
1331,09:33:08,4.34,--,32,13888,卖盘
1332,09:33:03,4.34,-0.01,30,13020,卖盘
1333,09:32:58,4.35,0.01,118,51329,买盘
1334,09:32:53,4.34,-0.01,140,60760,卖盘
1335,09:32:48,4.35,0.01,11,4785,买盘
1336,09:32:43,4.34,--,36,15624,买盘
1337,09:32:38,4.34,-0.01,17,7378,买盘
1338,09:32:33,4.35,0.03,358,155730,买盘
1339,09:32:28,4.32,-0.03,2,864,卖盘
1340,09:32:23,4.35,0.01,7,3044,买盘
1341,09:32:13,4.34,--,104,45136,买盘
1342,09:32:03,4.34,--,14,6076,买盘
1343,09:31:58,4.34,--,203,88102,买盘
1344,09:31:53,4.34,0.01,32,13888,买盘
1345,09:31:48,4.33,0.03,20,8660,买盘
1346,09:31:43,4.3,-0.04,34,14620,卖盘
1347,09:31:38,4.34,0.01,161,69887,买盘
1348,09:31:33,4.33,--,2,866,买盘
1349,09:31:28,4.33,0.02,7,3031,买盘
1350,09:31:22,4.31,--,0,0,卖盘
1351,09:31:13,4.31,-0.02,355,153423,卖盘
1352,09:31:03,4.33,0.01,57,24681,买盘
1353,09:30:57,4.32,--,17,7344,买盘
1354,09:30:52,4.32,--,196,84672,卖盘
1355,09:30:47,4.32,--,6,2592,卖盘
1356,09:30:42,4.32,--,4,1728,卖盘
1357,09:30:37,4.32,--,10,4320,卖盘
1358,09:30:32,4.32,--,20,8640,卖盘
1359,09:30:27,4.32,--,0,0,卖盘
1360,09:30:07,4.32,0.01,576,248832,买盘
1361,09:30:02,4.31,-0.01,53,22842,卖盘
1362,09:28:55,4.32,--,0,0,买盘
1363,09:25:05,4.32,4.32,382,165024,买盘
