,time,price,change,volume,amount,type
0,15:00:00,3.55,--,0,0,卖盘
1,15:00:00,3.55,--,0,0,卖盘
2,14:59:58,3.55,--,67,23785,卖盘
3,14:59:53,3.55,--,66,23430,卖盘
4,14:59:47,3.55,--,150,53250,卖盘
5,14:59:42,3.55,--,2233,792715,买盘
6,14:59:38,3.55,--,156,55380,买盘
7,14:59:32,3.55,--,230,81650,买盘
8,14:59:28,3.55,--,1,355,买盘
9,14:59:23,3.55,--,179,63545,买盘
10,14:59:17,3.55,0.01,622,220810,买盘
11,14:59:12,3.54,--,15,5310,卖盘
12,14:59:08,3.54,--,15,5310,卖盘
13,14:58:57,3.54,--,33,11682,卖盘
14,14:58:53,3.54,--,500,177000,卖盘
15,14:58:47,3.54,--,333,118083,卖盘
16,14:58:42,3.54,--,2,708,卖盘
17,14:58:38,3.54,--,15,5310,卖盘
18,14:58:32,3.54,--,429,151866,卖盘
19,14:58:23,3.54,-0.01,1,354,卖盘
20,14:58:13,3.55,0.01,8,2840,买盘
21,14:58:02,3.54,--,106,37524,卖盘
22,14:57:58,3.54,--,12,4248,卖盘
23,14:57:53,3.54,--,1,354,卖盘
24,14:57:42,3.54,-0.01,2,708,卖盘
25,14:57:38,3.55,--,50,17750,买盘
26,14:57:23,3.55,0.01,19,6745,买盘
27,14:57:17,3.54,--,8,2832,卖盘
28,14:57:12,3.54,-0.01,12,4248,卖盘
29,14:57:08,3.55,--,200,71000,买盘
30,14:57:02,3.55,--,382,135610,买盘
31,14:56:57,3.55,--,16,5680,买盘
32,14:56:53,3.55,0.01,240,85200,买盘
33,14:56:47,3.54,--,16,5664,卖盘
34,14:56:42,3.54,-0.01,312,110706,卖盘
35,14:56:32,3.55,0.01,592,210500,买盘
36,14:56:28,3.54,-0.01,80,28320,卖盘
37,14:56:22,3.55,--,29,10295,买盘
38,14:56:17,3.55,0.01,37,13135,买盘
39,14:56:12,3.54,-0.01,17,6018,卖盘
40,14:56:06,3.55,--,7,2485,买盘
41,14:56:02,3.55,--,29,10295,买盘
42,14:55:52,3.55,--,64,22720,买盘
43,14:55:47,3.55,0.01,15,5325,买盘
44,14:55:41,3.54,-0.01,378,133812,卖盘
45,14:55:37,3.55,0.01,100,35500,买盘
46,14:55:32,3.54,-0.01,15,5310,卖盘
47,14:55:27,3.55,0.01,517,183545,买盘
48,14:55:22,3.54,--,50,17700,卖盘
49,14:55:12,3.54,-0.01,231,81774,卖盘
50,14:55:07,3.55,--,13,4615,买盘
51,14:54:56,3.55,0.01,413,146615,买盘
52,14:54:47,3.54,--,36,12744,卖盘
53,14:54:41,3.54,-0.01,37,13098,卖盘
54,14:54:32,3.55,0.01,10,3550,买盘
55,14:54:26,3.54,-0.01,544,192675,卖盘
56,14:54:17,3.55,--,15,5325,卖盘
57,14:54:11,3.55,-0.01,252,89460,卖盘
58,14:54:06,3.56,0.01,25,8900,买盘
59,14:54:02,3.55,--,5,1775,卖盘
60,14:53:57,3.55,--,185,65675,卖盘
61,14:53:52,3.55,--,169,59995,卖盘
62,14:53:42,3.55,--,27,9585,卖盘
63,14:53:32,3.55,--,13,4615,买盘
64,14:53:27,3.55,--,564,200425,买盘
65,14:53:17,3.55,0.01,16,5680,买盘
66,14:53:11,3.54,--,68,24072,卖盘
67,14:53:06,3.54,--,15,5310,卖盘
68,14:53:01,3.54,-0.01,308,109032,卖盘
69,14:52:56,3.55,--,44,15620,买盘
70,14:52:51,3.55,--,18,6390,买盘
71,14:52:47,3.55,0.01,100,35500,买盘
72,14:52:41,3.54,-0.01,21,7434,卖盘
73,14:52:36,3.55,--,7,2485,买盘
74,14:52:32,3.55,0.01,45,15975,买盘
75,14:52:26,3.54,--,447,158588,卖盘
76,14:52:21,3.54,--,527,186802,卖盘
77,14:52:11,3.54,--,270,95580,卖盘
78,14:52:07,3.54,--,180,63808,卖盘
79,14:52:02,3.54,--,77,27258,卖盘
80,14:51:51,3.54,-0.01,100,35400,卖盘
81,14:51:47,3.55,0.01,16,5680,买盘
82,14:51:41,3.54,-0.01,481,170429,卖盘
83,14:51:37,3.55,--,430,152650,买盘
84,14:51:32,3.55,--,229,81295,卖盘
85,14:51:27,3.55,0.01,60,21300,买盘
86,14:51:21,3.54,--,0,0,卖盘
87,14:51:17,3.54,--,827,292910,卖盘
88,14:51:11,3.54,--,292,103368,卖盘
89,14:51:06,3.54,-0.01,65,23010,卖盘
90,14:51:02,3.55,--,109,38695,卖盘
91,14:50:51,3.55,0.01,25,8875,卖盘
92,14:50:47,3.54,-0.01,80,28320,卖盘
93,14:50:41,3.55,0.01,264,93720,买盘
94,14:50:36,3.54,--,419,148326,卖盘
95,14:50:16,3.54,--,501,177499,卖盘
96,14:50:10,3.54,-0.01,243,86022,卖盘
97,14:50:06,3.55,--,56,19880,卖盘
98,14:50:01,3.55,--,45,15975,卖盘
99,14:49:56,3.55,--,1,355,卖盘
100,14:49:51,3.55,--,64,22720,卖盘
101,14:49:44,3.55,0.01,45,15975,买盘
102,14:49:41,3.54,-0.01,12,4248,卖盘
103,14:49:36,3.55,--,4140,1470044,买盘
104,14:49:26,3.55,--,23,8165,买盘
105,14:49:21,3.55,0.01,639,227068,买盘
106,14:49:11,3.54,-0.02,206,72924,卖盘
107,14:49:06,3.56,0.01,240,85440,买盘
108,14:48:56,3.55,--,26,9230,卖盘
109,14:48:51,3.55,--,1787,634385,卖盘
110,14:48:46,3.55,--,3,1065,卖盘
111,14:48:41,3.55,0.01,2,710,中性盘
112,14:48:36,3.54,--,642,227268,卖盘
113,14:48:25,3.54,--,165,58583,卖盘
114,14:48:21,3.54,-0.01,210,74410,卖盘
115,14:48:15,3.55,--,293,104015,卖盘
116,14:48:11,3.55,--,48,17040,中性盘
117,14:48:06,3.55,--,329,117114,卖盘
118,14:48:00,3.55,--,110,39085,买盘
119,14:47:56,3.55,--,20,7100,买盘
120,14:47:51,3.55,--,18,6390,买盘
121,14:47:45,3.55,--,235,83744,卖盘
122,14:47:41,3.55,--,35,12460,买盘
123,14:47:35,3.55,--,440,156200,买盘
124,14:47:30,3.55,--,246,87330,买盘
125,14:47:25,3.55,--,59,20945,买盘
126,14:47:21,3.55,0.01,307,109045,买盘
127,14:47:15,3.54,-0.01,360,127440,卖盘
128,14:47:10,3.55,--,2,710,卖盘
129,14:47:05,3.55,--,267,94785,卖盘
130,14:46:59,3.55,--,10,3550,卖盘
131,14:46:56,3.55,--,253,89815,买盘
132,14:46:51,3.55,0.01,84,29820,买盘
133,14:46:40,3.54,--,6,2124,卖盘
134,14:46:35,3.54,--,1196,423561,卖盘
135,14:46:31,3.54,-0.01,10,3540,卖盘
136,14:46:26,3.55,0.01,175,62125,买盘
137,14:46:20,3.54,-0.01,15,5310,卖盘
138,14:46:15,3.55,0.01,1483,526624,买盘
139,14:46:10,3.54,-0.01,33,11682,卖盘
140,14:46:05,3.55,0.01,384,136320,买盘
141,14:45:55,3.54,-0.01,141,49914,卖盘
142,14:45:50,3.55,0.01,24,8520,买盘
143,14:45:41,3.54,--,1236,437544,卖盘
144,14:45:34,3.54,-0.01,450,159300,卖盘
145,14:45:31,3.55,0.01,10,3550,买盘
146,14:45:25,3.54,--,0,0,卖盘
147,14:45:20,3.54,-0.01,66,23413,卖盘
148,14:45:15,3.55,--,68,24140,卖盘
149,14:45:11,3.55,--,597,212148,卖盘
150,14:45:05,3.55,--,100,35500,卖盘
151,14:44:45,3.55,--,1384,491462,买盘
152,14:44:40,3.55,--,458,162590,买盘
153,14:44:35,3.55,--,531,188505,买盘
154,14:44:20,3.55,0.01,10,3550,买盘
155,14:44:15,3.54,-0.01,300,106270,卖盘
156,14:44:11,3.55,--,714,253643,买盘
157,14:44:05,3.55,-0.01,1767,627498,卖盘
158,14:43:56,3.56,0.01,78,27768,买盘
159,14:43:50,3.55,--,38,13490,卖盘
160,14:43:45,3.55,--,241,85796,卖盘
161,14:43:41,3.55,--,437,155135,卖盘
162,14:43:35,3.55,--,401,142355,卖盘
163,14:43:25,3.55,-0.01,258,91728,卖盘
164,14:43:20,3.56,--,109,38804,买盘
165,14:43:14,3.56,0.01,216,76896,买盘
166,14:43:09,3.55,--,714,253551,卖盘
167,14:43:05,3.55,--,31,11005,卖盘
168,14:43:00,3.55,--,341,121058,卖盘
169,14:42:54,3.55,--,89,31595,卖盘
170,14:42:50,3.55,--,35,12425,卖盘
171,14:42:35,3.55,--,537,190635,卖盘
172,14:42:28,3.55,-0.01,30,10650,卖盘
173,14:42:19,3.56,0.01,20,7120,买盘
174,14:42:09,3.55,--,689,244630,卖盘
175,14:42:04,3.55,-0.01,200,71000,卖盘
176,14:41:55,3.56,--,31,11036,买盘
177,14:41:50,3.56,0.01,167,59452,买盘
178,14:41:45,3.55,--,23,8165,卖盘
179,14:41:40,3.55,--,3,1065,卖盘
180,14:41:34,3.55,-0.01,400,142000,卖盘
181,14:41:29,3.56,--,3,1068,买盘
182,14:41:23,3.56,0.01,3238,1152728,买盘
183,14:41:15,3.55,-0.01,26,9230,卖盘
184,14:41:05,3.56,--,662,235963,买盘
185,14:40:59,3.56,--,94,33464,买盘
186,14:40:50,3.56,0.01,195,69420,买盘
187,14:40:35,3.55,--,400,142000,卖盘
188,14:40:24,3.55,--,23,8165,卖盘
189,14:40:19,3.55,--,216,76680,卖盘
190,14:40:05,3.55,--,624,221551,卖盘
191,14:39:54,3.55,-0.01,261,92655,卖盘
192,14:39:43,3.56,0.01,280,99680,买盘
193,14:39:35,3.55,--,10400,3692000,卖盘
194,14:39:09,3.55,-0.01,31,11005,卖盘
195,14:39:05,3.56,--,503,179310,买盘
196,14:38:59,3.56,0.01,46,16376,买盘
197,14:38:50,3.55,-0.01,3,1065,卖盘
198,14:38:44,3.56,0.01,835,297260,买盘
199,14:38:35,3.55,--,610,216550,卖盘
200,14:38:29,3.55,-0.01,219,77745,卖盘
201,14:38:19,3.56,--,105,37380,买盘
202,14:38:13,3.56,0.01,182,64792,买盘
203,14:38:04,3.55,-0.01,443,157435,卖盘
204,14:37:53,3.56,--,14,4984,买盘
205,14:37:49,3.56,--,40,14240,买盘
206,14:37:44,3.56,0.01,183,65148,买盘
207,14:37:34,3.55,-0.01,400,142000,卖盘
208,14:37:28,3.56,--,3512,1250385,卖盘
209,14:37:19,3.56,--,122,43432,卖盘
210,14:37:13,3.56,--,5,1780,卖盘
211,14:37:08,3.56,--,195,69420,卖盘
212,14:37:04,3.56,--,108,38448,卖盘
213,14:36:59,3.56,--,104,37137,卖盘
214,14:36:53,3.56,--,220,78320,卖盘
215,14:36:50,3.56,--,172,61232,卖盘
216,14:36:44,3.56,--,177,63012,卖盘
217,14:36:28,3.56,--,10,3560,卖盘
218,14:36:24,3.56,--,263,93628,卖盘
219,14:36:19,3.56,--,980,349008,卖盘
220,14:36:13,3.56,-0.01,10,3560,卖盘
221,14:36:09,3.57,0.01,207,73899,买盘
222,14:36:02,3.56,--,2,712,卖盘
223,14:35:58,3.56,--,185,65860,卖盘
224,14:35:53,3.56,--,95,33820,卖盘
225,14:35:48,3.56,-0.01,40,14240,卖盘
226,14:35:43,3.57,0.01,401,143157,买盘
227,14:35:33,3.56,--,1,356,卖盘
228,14:35:24,3.56,--,6,2136,卖盘
229,14:35:13,3.56,--,10103,3596707,买盘
230,14:35:08,3.56,0.01,122,43432,买盘
231,14:34:58,3.55,-0.01,1,355,卖盘
232,14:34:53,3.56,--,3297,1173732,买盘
233,14:34:47,3.56,--,3,1068,买盘
234,14:34:38,3.56,--,7,2492,买盘
235,14:34:24,3.56,0.01,579,206124,买盘
236,14:34:14,3.55,-0.01,473,168248,卖盘
237,14:34:07,3.56,--,59,21004,买盘
238,14:33:58,3.56,0.01,55,19580,买盘
239,14:33:52,3.55,-0.01,7,2485,卖盘
240,14:33:43,3.56,--,50,17800,买盘
241,14:33:38,3.56,0.01,55,19580,买盘
242,14:33:28,3.55,--,1,355,卖盘
243,14:33:22,3.55,-0.01,10,3550,卖盘
244,14:33:13,3.56,0.01,5583,1987726,买盘
245,14:33:07,3.55,--,119,42245,卖盘
246,14:33:03,3.55,--,3,1065,卖盘
247,14:32:38,3.55,-0.01,2,710,卖盘
248,14:32:33,3.56,--,4,1424,买盘
249,14:32:28,3.56,0.01,3,1068,买盘
250,14:32:22,3.55,--,1,355,卖盘
251,14:32:14,3.55,--,2,710,卖盘
252,14:32:07,3.55,--,497,176541,卖盘
253,14:32:03,3.55,--,0,24,卖盘
254,14:31:58,3.55,--,1,355,卖盘
255,14:31:54,3.55,--,61,21655,卖盘
256,14:31:47,3.55,--,2,710,卖盘
257,14:31:39,3.55,--,1,355,卖盘
258,14:31:28,3.55,-0.01,22,7810,卖盘
259,14:31:23,3.56,0.01,138,49128,买盘
260,14:31:13,3.55,0.01,1,355,卖盘
261,14:31:08,3.54,-0.01,463,164135,卖盘
262,14:31:02,3.55,--,693,246015,买盘
263,14:30:58,3.55,--,986,350030,买盘
264,14:30:52,3.55,--,2065,733075,买盘
265,14:30:48,3.55,--,181,64255,买盘
266,14:30:43,3.55,0.01,1723,611835,买盘
267,14:30:37,3.54,-0.01,88,31152,卖盘
268,14:30:33,3.55,0.01,8459,3002945,买盘
269,14:30:28,3.54,-0.01,195,69030,卖盘
270,14:30:23,3.55,0.01,66,23430,买盘
271,14:30:18,3.54,--,1,354,卖盘
272,14:30:13,3.54,-0.01,94,33276,卖盘
273,14:30:08,3.55,0.01,111,39405,买盘
274,14:30:03,3.54,--,136,48151,卖盘
275,14:29:57,3.54,-0.01,1,354,卖盘
276,14:29:52,3.55,--,467,165785,买盘
277,14:29:47,3.55,--,221,78785,买盘
278,14:29:42,3.55,--,54,19170,买盘
279,14:29:37,3.55,--,555,197025,买盘
280,14:29:32,3.55,--,665,236075,买盘
281,14:29:28,3.55,0.01,190,67450,买盘
282,14:29:22,3.54,--,117,41418,卖盘
283,14:29:17,3.54,--,1,354,卖盘
284,14:29:07,3.54,--,258,91332,卖盘
285,14:29:01,3.54,--,2,708,卖盘
286,14:28:52,3.54,--,1,354,卖盘
287,14:28:48,3.54,--,5,1770,卖盘
288,14:28:42,3.54,-0.01,416,147264,卖盘
289,14:28:32,3.55,0.01,22,7810,买盘
290,14:28:27,3.54,-0.01,5,1770,卖盘
291,14:28:22,3.55,0.01,72,25560,买盘
292,14:28:17,3.54,--,3,1062,卖盘
293,14:28:11,3.54,--,54,19116,卖盘
294,14:28:07,3.54,--,40,14160,卖盘
295,14:28:03,3.54,-0.01,10,3540,卖盘
296,14:27:55,3.55,0.01,72,25560,买盘
297,14:27:52,3.54,--,40,14160,卖盘
298,14:27:46,3.54,--,646,228684,卖盘
299,14:27:37,3.54,--,11,3894,卖盘
300,14:27:32,3.54,--,23,8142,卖盘
301,14:27:22,3.54,--,2,969,卖盘
302,14:27:18,3.54,--,12,4248,卖盘
303,14:27:10,3.54,--,1,354,卖盘
304,14:27:07,3.54,--,654,231516,卖盘
305,14:27:01,3.54,--,2,708,卖盘
306,14:26:52,3.54,--,1,354,卖盘
307,14:26:42,3.54,--,16,5664,卖盘
308,14:26:37,3.54,--,2,708,卖盘
309,14:26:32,3.54,--,2,708,卖盘
310,14:26:16,3.54,--,645,228330,卖盘
311,14:26:07,3.54,-0.01,55,19470,卖盘
312,14:26:02,3.55,0.01,124,44020,买盘
313,14:25:55,3.54,-0.01,1,354,卖盘
314,14:25:52,3.55,0.01,104,36920,买盘
315,14:25:47,3.54,--,2,708,卖盘
316,14:25:37,3.54,--,5,1770,卖盘
317,14:25:22,3.54,--,623,220542,卖盘
318,14:25:12,3.54,--,1,354,卖盘
319,14:25:07,3.54,--,68,24072,卖盘
320,14:25:02,3.54,--,4,1416,卖盘
321,14:24:55,3.54,--,22,7788,卖盘
322,14:24:52,3.54,-0.01,2,708,卖盘
323,14:24:42,3.55,0.01,5,1775,买盘
324,14:24:37,3.54,--,2,708,卖盘
325,14:24:32,3.54,-0.01,10,3540,卖盘
326,14:24:26,3.55,0.01,4,1420,买盘
327,14:24:22,3.54,-0.01,621,219834,卖盘
328,14:24:17,3.55,0.01,65,23075,买盘
329,14:24:07,3.54,--,53,18762,卖盘
330,14:23:52,3.54,-0.01,3,1062,卖盘
331,14:23:48,3.55,0.01,11,3905,买盘
332,14:23:37,3.54,--,3,1062,卖盘
333,14:23:31,3.54,-0.01,623,220542,卖盘
334,14:23:26,3.55,0.01,28,9940,买盘
335,14:23:22,3.54,--,167,59118,卖盘
336,14:23:17,3.54,--,9,3186,卖盘
337,14:23:07,3.54,-0.01,31,10974,卖盘
338,14:22:57,3.55,0.01,25,8875,买盘
339,14:22:47,3.54,--,50,17700,卖盘
340,14:22:31,3.54,-0.01,5,1770,卖盘
341,14:22:26,3.55,0.01,117,41535,买盘
342,14:22:16,3.54,--,89,31506,卖盘
343,14:22:12,3.54,--,21,7434,卖盘
344,14:22:05,3.54,--,120,42480,卖盘
345,14:22:01,3.54,--,9,3186,卖盘
346,14:21:55,3.54,-0.01,166,58764,卖盘
347,14:21:50,3.55,--,2,710,买盘
348,14:21:31,3.55,0.01,20,7100,买盘
349,14:21:26,3.54,--,268,94872,卖盘
350,14:21:16,3.54,--,70,24780,卖盘
351,14:21:05,3.54,-0.01,30,10620,卖盘
352,14:21:01,3.55,--,50,17750,买盘
353,14:20:56,3.55,0.01,214,75970,买盘
354,14:20:12,3.54,--,21,7434,卖盘
355,14:20:05,3.54,-0.01,33,11682,卖盘
356,14:20:01,3.55,0.01,3,1065,买盘
357,14:19:56,3.54,--,163,57702,卖盘
358,14:19:51,3.54,-0.01,114,40356,卖盘
359,14:19:31,3.55,0.01,13,4615,买盘
360,14:19:04,3.54,-0.01,660,233640,卖盘
361,14:19:01,3.55,--,43,15265,买盘
362,14:18:46,3.55,0.01,17,6035,买盘
363,14:18:35,3.54,-0.01,163,57702,卖盘
364,14:18:25,3.55,0.01,29,10295,买盘
365,14:18:19,3.54,--,2783,985182,卖盘
366,14:18:16,3.54,--,23,8142,卖盘
367,14:18:05,3.54,-0.01,37,13098,卖盘
368,14:18:01,3.55,--,58,20590,买盘
369,14:17:55,3.55,0.01,54,19170,买盘
370,14:17:41,3.54,-0.01,669,236826,卖盘
371,14:17:25,3.55,--,698,247790,买盘
372,14:17:16,3.55,0.01,2410,855550,买盘
373,14:17:11,3.54,--,14,4956,卖盘
374,14:17:05,3.54,--,231,81774,卖盘
375,14:17:01,3.54,-0.01,39,13806,卖盘
376,14:16:56,3.55,0.01,10,3550,买盘
377,14:16:40,3.54,--,163,57702,卖盘
378,14:16:35,3.54,--,5,1770,卖盘
379,14:16:21,3.54,--,63,22302,卖盘
380,14:16:11,3.54,--,10,3540,卖盘
381,14:16:06,3.54,--,180,63720,卖盘
382,14:15:41,3.54,-0.01,63,22302,卖盘
383,14:15:34,3.55,0.01,10,3550,买盘
384,14:15:10,3.54,--,163,57702,卖盘
385,14:15:05,3.54,-0.01,38,13452,卖盘
386,14:14:44,3.55,--,1,355,买盘
387,14:14:40,3.55,--,123,43665,买盘
388,14:14:35,3.55,--,78,27690,买盘
389,14:14:29,3.55,--,575,204125,买盘
390,14:14:20,3.55,0.01,25,8875,买盘
391,14:14:10,3.54,--,21,7434,卖盘
392,14:14:05,3.54,--,39,13806,卖盘
393,14:13:55,3.54,--,63,22302,卖盘
394,14:13:50,3.54,-0.01,173,61242,卖盘
395,14:13:45,3.55,0.01,136,48280,买盘
396,14:13:40,3.54,-0.01,184,65136,卖盘
397,14:13:35,3.55,--,41,14555,买盘
398,14:13:29,3.55,0.01,154,54670,买盘
399,14:13:25,3.54,--,63,22302,卖盘
400,14:13:15,3.54,--,163,57702,卖盘
401,14:13:06,3.54,--,35,12390,卖盘
402,14:12:55,3.54,--,80,28320,卖盘
403,14:12:50,3.54,--,5,1770,卖盘
404,14:12:25,3.54,--,89,31506,卖盘
405,14:12:20,3.54,--,521,184434,卖盘
406,14:12:10,3.54,--,435,153990,卖盘
407,14:12:05,3.54,--,120,42480,卖盘
408,14:11:40,3.54,-0.01,10,3540,卖盘
409,14:11:35,3.55,--,2489,883595,买盘
410,14:11:30,3.55,0.01,82,29110,买盘
411,14:11:25,3.54,--,288,101952,卖盘
412,14:11:20,3.54,--,19,6726,卖盘
413,14:11:10,3.54,--,63,22302,卖盘
414,14:11:06,3.54,--,37,13098,卖盘
415,14:10:50,3.54,--,25,8850,卖盘
416,14:10:44,3.54,-0.01,230,81420,卖盘
417,14:10:40,3.55,0.01,82,29110,买盘
418,14:10:35,3.54,--,10,3540,卖盘
419,14:10:25,3.54,--,82,29028,卖盘
420,14:10:20,3.54,-0.01,277,98058,卖盘
421,14:10:13,3.55,0.01,74,26270,买盘
422,14:10:10,3.54,--,12,4248,卖盘
423,14:10:04,3.54,-0.01,219,77526,卖盘
424,14:09:59,3.55,--,21,7455,买盘
425,14:09:55,3.55,--,21,7455,买盘
426,14:09:50,3.55,--,103,36565,买盘
427,14:09:45,3.55,0.01,21,7455,买盘
428,14:09:40,3.54,--,311,110094,卖盘
429,14:09:34,3.54,-0.01,45,15930,卖盘
430,14:09:20,3.55,--,20,7100,买盘
431,14:09:10,3.55,0.01,86,30530,买盘
432,14:09:04,3.54,--,31,10974,卖盘
433,14:08:49,3.54,-0.01,213,75402,卖盘
434,14:08:44,3.55,--,21,7455,买盘
435,14:08:40,3.55,--,50,17750,买盘
436,14:08:14,3.55,0.01,108,38340,买盘
437,14:08:08,3.54,--,4,1416,卖盘
438,14:08:04,3.54,--,52,18408,卖盘
439,14:07:59,3.54,--,34,12223,卖盘
440,14:07:50,3.54,-0.01,5,1770,卖盘
441,14:07:44,3.55,0.01,140,49700,买盘
442,14:07:29,3.54,-0.01,224,79384,卖盘
443,14:07:24,3.55,0.01,215,76325,买盘
444,14:07:19,3.54,-0.01,129,45666,卖盘
445,14:07:08,3.55,0.01,2,710,买盘
446,14:07:04,3.54,--,31,10974,卖盘
447,14:06:59,3.54,--,34,12124,卖盘
448,14:06:53,3.54,--,163,57702,卖盘
449,14:06:49,3.54,-0.01,86,30444,卖盘
450,14:06:34,3.55,0.01,198,70290,买盘
451,14:06:29,3.54,-0.01,34,12124,卖盘
452,14:06:24,3.55,0.01,8,2840,买盘
453,14:06:19,3.54,-0.01,27,9558,卖盘
454,14:06:14,3.55,0.01,1,355,买盘
455,14:06:08,3.54,--,16,5664,卖盘
456,14:06:04,3.54,--,97,34338,卖盘
457,14:05:59,3.54,--,34,12124,卖盘
458,14:05:49,3.54,-0.01,38,13452,卖盘
459,14:05:34,3.55,0.01,95,33725,买盘
460,14:05:29,3.54,--,75,26638,卖盘
461,14:05:23,3.54,--,22,7788,卖盘
462,14:05:14,3.54,--,263,93102,卖盘
463,14:05:04,3.54,-0.01,31,10974,卖盘
464,14:04:59,3.55,--,46,16418,买盘
465,14:04:44,3.55,--,25,8875,买盘
466,14:04:38,3.55,0.01,103,36565,买盘
467,14:04:29,3.54,--,34,12124,卖盘
468,14:04:23,3.54,--,5,1770,卖盘
469,14:04:14,3.54,--,16,5664,卖盘
470,14:04:08,3.54,--,23,8142,卖盘
471,14:04:04,3.54,--,30,10620,卖盘
472,14:03:59,3.54,-0.01,34,12124,卖盘
473,14:03:43,3.55,--,106,37630,买盘
474,14:03:34,3.55,--,184,65320,买盘
475,14:03:28,3.55,--,352,125048,买盘
476,14:03:13,3.55,0.01,2,710,买盘
477,14:03:04,3.54,--,32,11328,卖盘
478,14:02:59,3.54,-0.01,34,12124,卖盘
479,14:02:49,3.55,0.01,96,34080,买盘
480,14:02:44,3.54,-0.01,720,254880,卖盘
481,14:02:34,3.55,0.01,120,42600,买盘
482,14:02:28,3.54,--,34,12124,卖盘
483,14:02:19,3.54,--,14,4956,卖盘
484,14:02:13,3.54,--,16,5664,卖盘
485,14:02:04,3.54,--,31,10974,卖盘
486,14:01:58,3.54,-0.01,34,12124,卖盘
487,14:01:53,3.55,--,96,34080,买盘
488,14:01:49,3.55,0.01,2,710,买盘
489,14:01:43,3.54,--,410,145140,卖盘
490,14:01:34,3.54,-0.01,937,331698,卖盘
491,14:01:28,3.55,--,44,15708,买盘
492,14:01:23,3.55,--,50,17750,买盘
493,14:01:08,3.55,0.01,134,47570,买盘
494,14:00:58,3.54,--,163,57790,卖盘
495,14:00:53,3.54,-0.01,5,1770,卖盘
496,14:00:46,3.55,0.01,19,6745,买盘
497,14:00:38,3.54,--,62,21948,卖盘
498,14:00:28,3.54,-0.01,34,12124,卖盘
499,14:00:16,3.55,0.01,20,7100,买盘
500,14:00:14,3.54,--,18,6372,卖盘
501,14:00:09,3.54,--,41,14514,卖盘
502,13:59:58,3.54,-0.01,197,69826,卖盘
503,13:59:52,3.55,0.01,26,9230,买盘
504,13:59:43,3.54,--,28,9912,卖盘
505,13:59:32,3.54,--,5,1770,卖盘
506,13:59:28,3.54,-0.01,34,12124,卖盘
507,13:59:16,3.55,0.01,1,355,买盘
508,13:59:13,3.54,-0.01,43,15222,卖盘
509,13:59:07,3.55,0.01,32,11360,买盘
510,13:58:58,3.54,--,34,12124,卖盘
511,13:58:28,3.54,--,38,13540,卖盘
512,13:58:23,3.54,--,163,57702,卖盘
513,13:58:17,3.54,--,20,7080,卖盘
514,13:58:07,3.54,--,31,10974,卖盘
515,13:57:58,3.54,-0.01,34,12124,卖盘
516,13:57:52,3.55,0.01,15,5325,买盘
517,13:57:47,3.54,--,10,3540,卖盘
518,13:57:43,3.54,--,178,63012,卖盘
519,13:57:28,3.54,--,34,12124,卖盘
520,13:57:08,3.54,--,31,10974,卖盘
521,13:56:58,3.54,-0.01,34,12124,卖盘
522,13:56:47,3.55,0.01,164,58220,买盘
523,13:56:43,3.54,--,40,14160,卖盘
524,13:56:38,3.54,--,60,21240,卖盘
525,13:56:28,3.54,-0.01,64,22744,卖盘
526,13:56:23,3.55,0.01,20,7100,买盘
527,13:56:17,3.54,-0.01,101,35754,卖盘
528,13:56:13,3.55,0.01,54,19170,买盘
529,13:56:08,3.54,-0.01,106,37524,卖盘
530,13:56:02,3.55,0.01,681,241755,买盘
531,13:55:58,3.54,-0.01,118,41860,卖盘
532,13:55:53,3.55,--,1,355,买盘
533,13:55:32,3.55,0.01,70,24850,买盘
534,13:55:28,3.54,--,34,12124,卖盘
535,13:55:17,3.54,--,2,708,卖盘
536,13:55:13,3.54,--,163,57702,卖盘
537,13:55:07,3.54,--,31,10974,卖盘
538,13:54:57,3.54,--,34,12124,卖盘
539,13:54:52,3.54,-0.01,89,31506,卖盘
540,13:54:47,3.55,0.01,191,67805,买盘
541,13:54:43,3.54,--,89,31506,卖盘
542,13:54:32,3.54,--,2,708,卖盘
543,13:54:28,3.54,--,34,12124,卖盘
544,13:54:22,3.54,--,100,35400,卖盘
545,13:54:07,3.54,--,59,20886,卖盘
546,13:53:55,3.54,--,34,12124,卖盘
547,13:53:52,3.54,--,50,17700,卖盘
548,13:53:41,3.54,--,518,183372,卖盘
549,13:53:32,3.54,--,46,16284,卖盘
550,13:53:26,3.54,-0.01,34,12124,卖盘
551,13:53:23,3.55,--,11,3905,买盘
552,13:53:07,3.55,0.01,61,21655,买盘
553,13:53:02,3.54,--,521,184434,卖盘
554,13:52:56,3.54,--,35,12478,卖盘
555,13:52:52,3.54,-0.01,16,5664,卖盘
556,13:52:47,3.55,0.01,1,355,买盘
557,13:52:37,3.54,--,150,53100,卖盘
558,13:52:26,3.54,-0.01,34,12124,卖盘
559,13:52:18,3.55,0.01,29,10295,买盘
560,13:52:07,3.54,--,331,117174,卖盘
561,13:52:02,3.54,-0.01,47,16638,卖盘
562,13:51:47,3.55,--,15,5325,买盘
563,13:51:37,3.55,0.01,10,3550,买盘
564,13:51:32,3.54,--,10,3540,卖盘
565,13:51:22,3.54,--,518,183372,卖盘
566,13:51:17,3.54,--,5,1770,卖盘
567,13:51:07,3.54,--,31,10974,卖盘
568,13:50:56,3.54,--,7,2478,卖盘
569,13:50:52,3.54,-0.01,40,14160,卖盘
570,13:50:47,3.55,0.01,1,355,买盘
571,13:50:41,3.54,--,60,21240,卖盘
572,13:50:37,3.54,--,3,1062,卖盘
573,13:50:32,3.54,--,20,7080,卖盘
574,13:50:26,3.54,--,10,3540,卖盘
575,13:50:22,3.54,--,341,120714,卖盘
576,13:50:17,3.54,--,306,108324,卖盘
577,13:50:10,3.54,--,115,40710,卖盘
578,13:50:07,3.54,--,506,179124,卖盘
579,13:49:47,3.54,-0.01,112,39648,卖盘
580,13:49:32,3.55,--,262,93010,买盘
581,13:49:26,3.55,0.01,629,223295,买盘
582,13:49:22,3.54,--,15,5310,卖盘
583,13:49:17,3.54,--,109,38586,卖盘
584,13:49:07,3.54,--,120,42480,卖盘
585,13:49:02,3.54,-0.01,145,51330,卖盘
586,13:48:56,3.55,--,35,12425,买盘
587,13:48:52,3.55,--,1,355,买盘
588,13:48:46,3.55,0.01,105,37275,买盘
589,13:48:41,3.54,-0.01,321,113634,卖盘
590,13:48:37,3.55,0.01,192,68479,买盘
591,13:48:32,3.54,-0.01,187,66198,卖盘
592,13:48:22,3.55,--,77,27335,买盘
593,13:48:17,3.55,0.01,32,11360,买盘
594,13:48:11,3.54,--,26,9204,卖盘
595,13:48:07,3.54,--,101,36008,卖盘
596,13:48:02,3.54,-0.01,86,30444,卖盘
597,13:47:46,3.55,0.01,61,21655,买盘
598,13:47:41,3.54,--,524,185496,卖盘
599,13:47:37,3.54,--,80,28574,卖盘
600,13:47:32,3.54,-0.01,48,16992,卖盘
601,13:47:22,3.55,0.01,34,12070,买盘
602,13:47:17,3.54,--,299,105846,卖盘
603,13:47:04,3.54,--,57,20432,卖盘
604,13:47:01,3.54,-0.01,36,12744,卖盘
605,13:46:57,3.55,0.01,49,17395,买盘
606,13:46:50,3.54,-0.01,26,9204,卖盘
607,13:46:46,3.55,0.01,10,3550,买盘
608,13:46:41,3.54,-0.01,113,40256,卖盘
609,13:46:31,3.55,--,283,100465,买盘
610,13:46:16,3.55,0.01,674,239270,买盘
611,13:46:11,3.54,--,4,1416,卖盘
612,13:46:04,3.54,--,57,20432,卖盘
613,13:46:01,3.54,-0.01,34,12036,卖盘
614,13:45:51,3.55,--,46,16330,买盘
615,13:45:46,3.55,--,2163,767865,买盘
616,13:45:40,3.55,0.01,16,5680,买盘
617,13:45:35,3.54,--,26,9458,卖盘
618,13:45:31,3.54,--,59,20886,卖盘
619,13:45:16,3.54,-0.01,475,168150,卖盘
620,13:45:11,3.55,0.01,82,29110,买盘
621,13:45:04,3.54,-0.01,58,20786,卖盘
622,13:44:46,3.55,0.01,64,22720,买盘
623,13:44:35,3.54,-0.01,26,9458,卖盘
624,13:44:26,3.55,--,5,1775,买盘
625,13:44:16,3.55,0.01,56,19880,买盘
626,13:44:10,3.54,--,30,10620,卖盘
627,13:44:05,3.54,--,97,34592,卖盘
628,13:43:56,3.54,-0.01,1,354,卖盘
629,13:43:50,3.55,--,64,22720,买盘
630,13:43:40,3.55,0.01,9,3195,买盘
631,13:43:35,3.54,-0.01,27,9812,卖盘
632,13:43:26,3.55,--,1,355,买盘
633,13:43:20,3.55,--,57,20235,买盘
634,13:43:16,3.55,0.01,478,169690,买盘
635,13:43:11,3.54,--,26,9458,卖盘
636,13:43:04,3.54,-0.01,31,10974,卖盘
637,13:43:01,3.55,--,69,24495,买盘
638,13:42:41,3.55,--,41,14810,买盘
639,13:42:31,3.55,--,6,2130,买盘
640,13:42:26,3.55,--,57,20235,买盘
641,13:42:19,3.55,--,100,35500,买盘
642,13:42:16,3.55,0.01,73,25915,买盘
643,13:42:11,3.54,--,56,20078,卖盘
644,13:42:05,3.54,--,31,10974,卖盘
645,13:41:40,3.54,-0.01,26,9458,卖盘
646,13:41:36,3.55,0.01,57,20235,买盘
647,13:41:30,3.54,-0.01,220,77880,卖盘
648,13:41:25,3.55,--,5,1775,买盘
649,13:41:16,3.55,0.01,73,25915,买盘
650,13:41:11,3.54,--,68,24326,卖盘
651,13:41:04,3.54,--,194,68676,卖盘
652,13:41:01,3.54,--,109,38586,卖盘
653,13:40:50,3.54,-0.01,159,56286,卖盘
654,13:40:41,3.55,0.01,21,7455,买盘
655,13:40:35,3.54,-0.01,83,29636,卖盘
656,13:40:31,3.55,0.01,66,23430,买盘
657,13:40:19,3.54,--,7,2478,卖盘
658,13:40:16,3.54,--,488,172752,卖盘
659,13:40:11,3.54,--,300,106200,卖盘
660,13:40:04,3.54,--,56,20078,卖盘
661,13:39:55,3.54,-0.01,288,101952,卖盘
662,13:39:50,3.55,--,52,18460,买盘
663,13:39:46,3.55,0.01,20,7100,买盘
664,13:39:35,3.54,-0.01,108,38486,卖盘
665,13:39:29,3.55,--,113,40115,买盘
666,13:39:25,3.55,0.01,179,63545,买盘
667,13:39:20,3.54,--,37,13098,卖盘
668,13:39:15,3.54,-0.01,637,225498,卖盘
669,13:39:10,3.55,0.01,226,80485,买盘
670,13:39:05,3.54,-0.01,31,10974,卖盘
671,13:38:59,3.55,--,68,24140,买盘
672,13:38:55,3.55,0.01,40,14200,买盘
673,13:38:50,3.54,-0.01,153,54162,卖盘
674,13:38:44,3.55,--,1020,362100,买盘
675,13:38:41,3.55,--,215,76325,买盘
676,13:38:34,3.55,--,600,213000,买盘
677,13:38:29,3.55,--,20,7100,买盘
678,13:38:25,3.55,--,98,34790,买盘
679,13:38:20,3.55,--,225,79875,买盘
680,13:38:14,3.55,--,100,35500,买盘
681,13:38:10,3.55,0.01,284,100820,买盘
682,13:38:05,3.54,--,139,49206,卖盘
683,13:37:59,3.54,-0.01,157,55578,卖盘
684,13:37:55,3.55,--,361,128155,买盘
685,13:37:50,3.55,--,409,145195,买盘
686,13:37:44,3.55,--,272,96560,买盘
687,13:37:40,3.55,--,893,317015,买盘
688,13:37:35,3.55,--,150,53250,买盘
689,13:37:25,3.55,0.01,5971,2119705,买盘
690,13:37:20,3.54,-0.01,900,318600,卖盘
691,13:37:14,3.55,--,65,23075,买盘
692,13:37:10,3.55,0.01,78,27690,买盘
693,13:37:05,3.54,-0.01,130,46020,卖盘
694,13:36:59,3.55,--,434,154070,买盘
695,13:36:55,3.55,--,20,7100,买盘
696,13:36:50,3.55,--,152,53960,买盘
697,13:36:44,3.55,--,10,3550,买盘
698,13:36:40,3.55,--,130,46150,买盘
699,13:36:35,3.55,--,472,167560,买盘
700,13:36:29,3.55,--,43,15265,买盘
701,13:36:25,3.55,--,5,1775,买盘
702,13:36:20,3.55,--,534,189570,买盘
703,13:36:14,3.55,--,203,72065,买盘
704,13:36:10,3.55,0.01,779,276545,买盘
705,13:36:04,3.54,-0.01,351,124254,卖盘
706,13:35:50,3.55,--,2123,753665,买盘
707,13:35:44,3.55,0.01,45,15975,买盘
708,13:35:40,3.54,-0.01,326,115404,卖盘
709,13:35:35,3.55,--,83,29465,买盘
710,13:35:29,3.55,--,100,35500,买盘
711,13:35:25,3.55,--,51,18105,买盘
712,13:35:20,3.55,--,19,6745,买盘
713,13:35:14,3.55,--,61,21655,买盘
714,13:35:10,3.55,0.01,1220,433100,买盘
715,13:35:04,3.54,-0.01,306,108324,卖盘
716,13:34:59,3.55,--,3,1065,买盘
717,13:34:55,3.55,0.01,1,355,买盘
718,13:34:40,3.54,-0.01,110,38940,卖盘
719,13:34:34,3.55,--,1,355,买盘
720,13:34:29,3.55,0.01,52,18460,买盘
721,13:34:25,3.54,-0.01,93,32922,卖盘
722,13:34:20,3.55,--,106,37630,买盘
723,13:34:13,3.55,--,52,18460,买盘
724,13:34:09,3.55,0.01,3095,1098725,买盘
725,13:34:04,3.54,--,140,49560,卖盘
726,13:33:59,3.54,-0.01,122,43188,卖盘
727,13:33:55,3.55,0.01,218,77390,买盘
728,13:33:50,3.54,--,30,10620,卖盘
729,13:33:44,3.54,-0.01,314,111156,卖盘
730,13:33:40,3.55,--,332,117860,买盘
731,13:33:29,3.55,--,15,5325,买盘
732,13:33:25,3.55,--,41,14555,买盘
733,13:33:19,3.55,0.01,251,89105,买盘
734,13:33:14,3.54,-0.01,261,92394,卖盘
735,13:33:08,3.55,0.01,239,84845,买盘
736,13:33:04,3.54,-0.01,103,36462,卖盘
737,13:32:58,3.55,--,20,7100,买盘
738,13:32:53,3.55,0.01,10,3550,买盘
739,13:32:50,3.54,--,84,29736,卖盘
740,13:32:44,3.54,--,1,354,卖盘
741,13:32:38,3.54,-0.01,105,37170,卖盘
742,13:32:19,3.55,0.01,107,37985,买盘
743,13:32:14,3.54,-0.01,1138,402852,卖盘
744,13:32:08,3.55,0.01,111,39625,买盘
745,13:32:04,3.54,-0.01,84,29736,卖盘
746,13:31:53,3.55,0.01,153,54315,买盘
747,13:31:49,3.54,-0.01,302,106908,卖盘
748,13:31:44,3.55,0.01,11,3905,买盘
749,13:31:34,3.54,-0.01,35,12609,卖盘
750,13:31:19,3.55,--,58,20590,买盘
751,13:31:14,3.55,0.01,76,26980,买盘
752,13:31:08,3.54,--,35,12609,卖盘
753,13:31:04,3.54,--,31,10974,卖盘
754,13:30:48,3.54,-0.01,20,7080,卖盘
755,13:30:44,3.55,0.01,100,35500,买盘
756,13:30:38,3.54,-0.01,35,12609,卖盘
757,13:30:34,3.55,--,62,22010,买盘
758,13:30:22,3.55,--,15,5325,买盘
759,13:30:14,3.55,0.01,76,26980,买盘
760,13:30:08,3.54,--,260,92040,卖盘
761,13:30:04,3.54,--,66,23583,卖盘
762,13:29:44,3.54,--,292,103368,卖盘
763,13:29:34,3.54,-0.01,688,243771,卖盘
764,13:29:14,3.55,0.01,77,27335,买盘
765,13:29:04,3.54,--,66,23583,卖盘
766,13:28:58,3.54,--,200,70800,卖盘
767,13:28:38,3.54,--,80,28320,卖盘
768,13:28:34,3.54,--,126,44823,卖盘
769,13:28:19,3.54,-0.01,21,7434,卖盘
770,13:28:14,3.55,--,77,27335,买盘
771,13:28:08,3.55,0.01,8,2840,买盘
772,13:28:04,3.54,--,96,34203,卖盘
773,13:27:58,3.54,--,5,1770,卖盘
774,13:27:49,3.54,--,65,23010,卖盘
775,13:27:44,3.54,-0.01,2,708,卖盘
776,13:27:37,3.55,0.01,93,33235,买盘
777,13:27:34,3.54,--,100,35400,卖盘
778,13:27:29,3.54,-0.01,22,7788,卖盘
779,13:27:23,3.55,--,11,3905,买盘
780,13:27:19,3.55,0.01,15,5325,买盘
781,13:27:07,3.54,--,378,133812,卖盘
782,13:27:04,3.54,-0.01,35,12609,卖盘
783,13:26:58,3.55,0.01,20,7100,买盘
784,13:26:43,3.54,--,183,64782,卖盘
785,13:26:34,3.54,-0.01,168,59691,卖盘
786,13:26:28,3.55,0.01,10,3550,买盘
787,13:26:08,3.54,-0.01,179,63585,卖盘
788,13:25:53,3.55,--,15,5325,买盘
789,13:25:47,3.55,0.01,61,21655,买盘
790,13:25:38,3.54,--,56,20043,卖盘
791,13:25:32,3.54,--,139,49206,卖盘
792,13:25:21,3.54,--,760,269040,卖盘
793,13:25:13,3.54,-0.01,10,3540,卖盘
794,13:25:07,3.55,--,68,24360,买盘
795,13:24:46,3.55,0.01,61,21655,买盘
796,13:24:38,3.54,--,100,35400,卖盘
797,13:24:32,3.54,--,2573,910842,卖盘
798,13:24:23,3.54,--,101,35754,卖盘
799,13:24:16,3.54,-0.01,73,25842,卖盘
800,13:24:13,3.55,--,1,355,买盘
801,13:24:08,3.55,--,59,21087,买盘
802,13:23:53,3.55,0.01,60,21300,买盘
803,13:23:47,3.54,--,27,9745,卖盘
804,13:23:37,3.54,--,172,60888,卖盘
805,13:23:31,3.54,--,178,63012,卖盘
806,13:23:16,3.54,--,27,9699,卖盘
807,13:23:13,3.54,--,87,30798,卖盘
808,13:23:08,3.54,--,132,46728,卖盘
809,13:23:02,3.54,-0.01,5,1770,卖盘
810,13:22:58,3.55,0.01,69,24495,买盘
811,13:22:46,3.54,--,32,11469,卖盘
812,13:22:43,3.54,--,102,36108,卖盘
813,13:22:37,3.54,--,59,20886,卖盘
814,13:22:28,3.54,--,67,23718,卖盘
815,13:22:17,3.54,--,49,17487,卖盘
816,13:22:07,3.54,--,33,11682,卖盘
817,13:21:58,3.54,--,35,12390,卖盘
818,13:21:46,3.54,--,27,9699,卖盘
819,13:21:43,3.54,--,20,7080,卖盘
820,13:21:28,3.54,--,13,4602,卖盘
821,13:21:16,3.54,--,27,9699,卖盘
822,13:21:07,3.54,-0.01,31,10974,卖盘
823,13:20:47,3.55,--,47,16827,买盘
824,13:20:43,3.55,0.01,9,3195,买盘
825,13:20:32,3.54,--,41,14514,卖盘
826,13:20:28,3.54,--,200,70800,卖盘
827,13:20:22,3.54,--,154,54516,卖盘
828,13:20:17,3.54,--,27,9699,卖盘
829,13:20:13,3.54,-0.01,9,3186,卖盘
830,13:20:08,3.55,0.01,55,19525,买盘
831,13:19:47,3.54,--,27,9699,卖盘
832,13:19:37,3.54,--,4,1416,卖盘
833,13:19:28,3.54,--,100,35400,卖盘
834,13:19:16,3.54,--,27,9699,卖盘
835,13:19:07,3.54,-0.01,65,23151,卖盘
836,13:19:02,3.55,0.01,54,19170,买盘
837,13:18:52,3.54,-0.01,840,297360,卖盘
838,13:18:46,3.55,0.01,37,13277,买盘
839,13:18:22,3.54,--,17,6018,卖盘
840,13:18:16,3.54,--,27,9699,卖盘
841,13:18:10,3.54,-0.01,5,1770,卖盘
842,13:18:07,3.55,--,36,12780,买盘
843,13:18:01,3.55,0.01,24,8520,买盘
844,13:17:52,3.54,--,43,15222,卖盘
845,13:17:46,3.54,--,37,13239,卖盘
846,13:17:37,3.54,--,273,96642,卖盘
847,13:17:22,3.54,--,61,21594,卖盘
848,13:17:16,3.54,--,27,9699,卖盘
849,13:17:07,3.54,--,355,125670,卖盘
850,13:16:46,3.54,--,27,9699,卖盘
851,13:16:31,3.54,-0.01,316,111864,卖盘
852,13:16:16,3.55,0.01,29,10437,买盘
853,13:16:07,3.54,-0.01,231,81774,卖盘
854,13:15:55,3.55,0.01,24,8520,买盘
855,13:15:46,3.54,--,315,111651,卖盘
856,13:15:37,3.54,-0.01,380,134520,卖盘
857,13:15:31,3.55,--,2,710,买盘
858,13:15:22,3.55,0.01,300,106500,买盘
859,13:15:16,3.54,-0.01,55,19611,卖盘
860,13:15:07,3.55,0.01,116,41180,买盘
861,13:15:02,3.54,--,30,10620,卖盘
862,13:14:52,3.54,-0.01,186,65844,卖盘
863,13:14:40,3.55,--,31,11005,买盘
864,13:14:37,3.55,0.01,86,30530,买盘
865,13:14:30,3.54,-0.01,56,19824,卖盘
866,13:14:17,3.55,--,1,355,买盘
867,13:14:07,3.55,0.01,49,17395,买盘
868,13:13:31,3.54,--,20,7080,卖盘
869,13:13:26,3.54,--,54,19406,卖盘
870,13:13:22,3.54,--,10,3540,卖盘
871,13:13:07,3.54,--,31,10974,卖盘
872,13:12:52,3.54,--,20,7080,卖盘
873,13:12:47,3.54,--,31,10974,卖盘
874,13:12:31,3.54,-0.01,403,142662,卖盘
875,13:12:22,3.55,--,2,710,买盘
876,13:12:16,3.55,0.01,6,2130,买盘
877,13:12:10,3.54,--,66,23364,卖盘
878,13:12:07,3.54,--,378,133812,卖盘
879,13:12:01,3.54,--,30,10620,卖盘
880,13:11:55,3.54,--,26,9204,卖盘
881,13:11:40,3.54,--,109,38586,卖盘
882,13:11:09,3.54,--,20,7080,卖盘
883,13:11:03,3.54,--,31,10974,卖盘
884,13:11:01,3.54,-0.01,1,354,卖盘
885,13:10:55,3.55,--,586,208030,买盘
886,13:10:50,3.55,--,86,30530,买盘
887,13:10:41,3.55,--,86,30530,买盘
888,13:10:31,3.55,0.01,70,24850,买盘
889,13:10:11,3.54,--,86,30444,卖盘
890,13:10:05,3.54,--,31,10974,卖盘
891,13:10:02,3.54,-0.01,134,47436,卖盘
892,13:09:40,3.55,--,1,355,买盘
893,13:09:31,3.55,--,1,355,买盘
894,13:09:25,3.55,0.01,1,355,买盘
895,13:09:16,3.54,--,22,7788,卖盘
896,13:09:05,3.54,-0.01,31,10974,卖盘
897,13:09:01,3.55,0.01,15,5325,买盘
898,13:08:31,3.54,-0.01,70,24780,卖盘
899,13:08:10,3.55,--,20,7100,买盘
900,13:08:05,3.55,0.01,54,19170,买盘
901,13:07:11,3.54,--,21,7434,卖盘
902,13:07:04,3.54,-0.01,30,10620,卖盘
903,13:06:49,3.55,--,2,710,买盘
904,13:06:46,3.55,0.01,1,355,买盘
905,13:06:34,3.54,-0.01,288,101952,卖盘
906,13:06:25,3.55,--,66,23430,买盘
907,13:06:11,3.55,0.01,11,3905,买盘
908,13:06:04,3.54,--,85,30090,卖盘
909,13:05:50,3.54,-0.01,232,82128,卖盘
910,13:05:46,3.55,--,10,3550,买盘
911,13:05:35,3.55,0.01,57,20235,买盘
912,13:05:26,3.54,-0.01,36,12744,卖盘
913,13:05:16,3.55,0.01,1,355,买盘
914,13:05:10,3.54,--,18,6372,卖盘
915,13:05:04,3.54,--,86,30444,卖盘
916,13:04:55,3.54,-0.01,250,88500,卖盘
917,13:04:50,3.55,--,60,21300,买盘
918,13:04:40,3.55,--,20,7100,买盘
919,13:04:18,3.55,0.01,1706,605630,买盘
920,13:04:10,3.54,--,230,81420,卖盘
921,13:04:04,3.54,-0.01,31,10974,卖盘
922,13:03:34,3.55,0.01,7,2485,买盘
923,13:03:28,3.54,--,230,81420,卖盘
924,13:03:04,3.54,--,59,20886,卖盘
925,13:02:49,3.54,--,230,81420,卖盘
926,13:02:40,3.54,--,200,70800,卖盘
927,13:02:34,3.54,-0.01,15,5310,卖盘
928,13:02:19,3.55,0.01,17,6035,买盘
929,13:02:05,3.54,-0.01,71,25134,卖盘
930,13:01:58,3.55,--,60,21300,买盘
931,13:01:55,3.55,--,22,7810,买盘
932,13:01:28,3.55,--,10,3550,买盘
933,13:01:19,3.55,0.01,200,71000,买盘
934,13:01:04,3.54,--,31,10974,卖盘
935,13:00:55,3.54,--,5,1770,卖盘
936,13:00:29,3.54,-0.01,632,223728,卖盘
937,13:00:10,3.55,--,10,3550,买盘
938,13:00:04,3.55,--,1561,554194,买盘
939,11:30:00,3.55,--,0,0,买盘
940,11:30:00,3.55,--,0,0,买盘
941,11:29:48,3.55,--,10,3550,买盘
942,11:29:45,3.55,--,1415,502325,买盘
943,11:29:39,3.55,--,100,35500,买盘
944,11:29:35,3.55,--,24,8520,买盘
945,11:29:30,3.55,0.01,1933,686215,买盘
946,11:29:24,3.54,--,50,17700,卖盘
947,11:29:15,3.54,--,25,8850,卖盘
948,11:29:09,3.54,--,164,58056,卖盘
949,11:29:05,3.54,-0.01,120,42480,卖盘
950,11:28:59,3.55,--,145,51475,买盘
951,11:28:54,3.55,--,35,12425,买盘
952,11:28:35,3.55,--,1448,514040,买盘
953,11:28:24,3.55,--,839,297845,买盘
954,11:28:13,3.55,0.01,50,17750,买盘
955,11:28:05,3.54,-0.01,154,54516,卖盘
956,11:27:59,3.55,--,78,27690,买盘
957,11:27:50,3.55,--,69,24495,买盘
958,11:27:29,3.55,0.01,5,1775,买盘
959,11:27:24,3.54,--,330,116820,卖盘
960,11:27:09,3.54,--,31,10974,卖盘
961,11:26:54,3.54,--,20,7080,卖盘
962,11:26:43,3.54,-0.01,40,14160,卖盘
963,11:26:39,3.55,0.01,365,129575,买盘
964,11:26:03,3.54,--,31,10974,卖盘
965,11:25:54,3.54,--,1,354,卖盘
966,11:25:49,3.54,--,20,7080,卖盘
967,11:25:39,3.54,--,37,13098,卖盘
968,11:25:18,3.54,--,3,1062,卖盘
969,11:25:04,3.54,--,31,10974,卖盘
970,11:24:48,3.54,--,82,29028,卖盘
971,11:24:43,3.54,0.01,12,4248,买盘
972,11:24:39,3.53,-0.01,7369,2601352,卖盘
973,11:24:32,3.54,--,623,220542,买盘
974,11:24:29,3.54,--,516,182664,卖盘
975,11:24:24,3.54,--,5,1770,卖盘
976,11:24:09,3.54,0.01,534,189036,买盘
977,11:24:03,3.53,-0.01,298,105194,卖盘
978,11:23:59,3.54,0.01,74,26196,买盘
979,11:23:54,3.53,-0.01,603,212859,卖盘
980,11:23:48,3.54,--,38,13452,买盘
981,11:23:39,3.54,--,398,140892,买盘
982,11:23:33,3.54,-0.01,1478,523212,卖盘
983,11:23:24,3.55,--,20,7100,买盘
984,11:23:17,3.55,--,87,30885,买盘
985,11:23:14,3.55,--,18,6390,买盘
986,11:23:09,3.55,0.01,79,28045,买盘
987,11:23:03,3.54,--,49,17346,卖盘
988,11:22:59,3.54,--,696,246486,买盘
989,11:22:54,3.54,--,149,52746,买盘
990,11:22:48,3.54,--,169,59826,买盘
991,11:22:43,3.54,--,315,111510,买盘
992,11:22:39,3.54,--,1528,540912,买盘
993,11:22:18,3.54,0.01,1,354,买盘
994,11:22:03,3.53,-0.01,31,10943,卖盘
995,11:21:58,3.54,0.01,1,354,买盘
996,11:21:48,3.53,--,6,2118,卖盘
997,11:21:18,3.53,--,8,2824,卖盘
998,11:21:12,3.53,--,65,22945,卖盘
999,11:21:03,3.53,-0.01,31,10943,卖盘
1000,11:20:57,3.54,--,10,3540,买盘
1001,11:20:47,3.54,--,3,1062,买盘
1002,11:20:12,3.54,--,3114,1102607,卖盘
1003,11:20:03,3.54,--,53,18762,卖盘
1004,11:19:57,3.54,-0.01,190,67260,卖盘
1005,11:19:28,3.55,0.01,372,132060,买盘
1006,11:19:03,3.54,--,124,43896,卖盘
1007,11:18:57,3.54,-0.01,13,4602,卖盘
1008,11:18:48,3.55,0.01,20,7100,买盘
1009,11:18:33,3.54,--,1000,354000,卖盘
1010,11:18:27,3.54,--,15,5310,卖盘
1011,11:18:08,3.54,--,110,38940,卖盘
1012,11:18:03,3.54,--,31,10974,卖盘
1013,11:17:57,3.54,--,30,10620,卖盘
1014,11:17:48,3.54,-0.01,320,113280,卖盘
1015,11:17:42,3.55,0.01,1,355,买盘
1016,11:17:38,3.54,--,1,354,卖盘
1017,11:17:27,3.54,--,5,1770,卖盘
1018,11:17:12,3.54,--,5,1770,卖盘
1019,11:17:03,3.54,-0.01,31,10974,卖盘
1020,11:16:42,3.55,--,28,9940,买盘
1021,11:16:33,3.55,0.01,101,35855,买盘
1022,11:16:17,3.54,-0.01,1,354,卖盘
1023,11:16:07,3.55,0.01,88,31240,买盘
1024,11:16:03,3.54,-0.01,77,27258,卖盘
1025,11:15:57,3.55,0.01,1,355,买盘
1026,11:15:53,3.54,--,288,101952,卖盘
1027,11:15:48,3.54,-0.01,300,106200,卖盘
1028,11:15:33,3.55,0.01,8,2840,买盘
1029,11:15:27,3.54,-0.01,10,3540,卖盘
1030,11:15:12,3.55,0.01,13,4615,买盘
1031,11:15:03,3.54,--,31,10974,卖盘
1032,11:14:36,3.54,-0.01,5,1770,卖盘
1033,11:14:27,3.55,--,1,355,买盘
1034,11:14:17,3.55,0.01,4,1420,买盘
1035,11:14:06,3.54,--,31,10974,卖盘
1036,11:13:57,3.54,-0.01,100,35400,卖盘
1037,11:13:47,3.55,--,15,5325,买盘
1038,11:13:42,3.55,--,15,5325,买盘
1039,11:13:12,3.55,0.01,36,12780,买盘
1040,11:13:06,3.54,-0.01,31,10974,卖盘
1041,11:12:52,3.55,--,10,3550,买盘
1042,11:12:38,3.55,0.01,372,132060,买盘
1043,11:12:27,3.54,--,144,50976,卖盘
1044,11:12:05,3.54,-0.01,31,10974,卖盘
1045,11:12:02,3.55,0.01,1,355,买盘
1046,11:11:51,3.54,--,5,1770,卖盘
1047,11:11:42,3.54,-0.01,1001,354354,卖盘
1048,11:11:32,3.55,0.01,50,17750,买盘
1049,11:11:27,3.54,--,66,23364,卖盘
1050,11:11:12,3.54,--,26,9204,卖盘
1051,11:11:06,3.54,--,31,10974,卖盘
1052,11:10:57,3.54,--,10,3540,卖盘
1053,11:10:50,3.54,-0.01,45,15930,卖盘
1054,11:10:47,3.55,0.01,1,355,买盘
1055,11:10:35,3.54,--,53,18868,卖盘
1056,11:10:27,3.54,-0.01,734,259836,卖盘
1057,11:10:17,3.55,0.01,512,181760,买盘
1058,11:10:06,3.54,--,84,29736,卖盘
1059,11:09:57,3.54,--,17,6018,卖盘
1060,11:09:51,3.54,-0.01,2,708,卖盘
1061,11:09:42,3.55,0.01,22,7810,买盘
1062,11:09:36,3.54,-0.01,54,19116,卖盘
1063,11:09:32,3.55,0.01,100,35500,买盘
1064,11:09:27,3.54,--,50,17700,卖盘
1065,11:09:17,3.54,--,100,35400,卖盘
1066,11:09:12,3.54,--,10,3540,卖盘
1067,11:09:06,3.54,--,84,29736,卖盘
1068,11:08:42,3.54,-0.01,170,60180,卖盘
1069,11:08:36,3.55,0.01,54,19170,买盘
1070,11:08:12,3.54,--,199,70446,卖盘
1071,11:08:06,3.54,-0.01,84,29736,卖盘
1072,11:07:50,3.55,--,1,355,买盘
1073,11:07:40,3.55,0.01,16,5680,买盘
1074,11:07:36,3.54,--,263,93102,卖盘
1075,11:07:32,3.54,-0.01,214,75756,卖盘
1076,11:07:21,3.55,0.01,10,3550,买盘
1077,11:07:15,3.54,-0.01,169,59826,卖盘
1078,11:07:11,3.55,0.01,3,1065,买盘
1079,11:07:06,3.54,--,131,46374,卖盘
1080,11:06:51,3.54,-0.01,95,33630,卖盘
1081,11:06:45,3.55,--,2,710,买盘
1082,11:06:39,3.55,0.01,30,10650,买盘
1083,11:06:36,3.54,--,101,35754,卖盘
1084,11:06:30,3.54,--,396,140184,卖盘
1085,11:06:26,3.54,--,315,111510,卖盘
1086,11:06:21,3.54,--,7,2478,卖盘
1087,11:06:17,3.54,--,37,13098,卖盘
1088,11:06:06,3.54,-0.01,132,46728,卖盘
1089,11:06:01,3.55,0.01,577,204835,买盘
1090,11:05:45,3.54,-0.01,7,2478,卖盘
1091,11:05:36,3.55,--,81,28755,买盘
1092,11:05:21,3.55,0.01,372,132060,买盘
1093,11:05:16,3.54,--,45,15930,卖盘
1094,11:05:10,3.54,--,50,17700,卖盘
1095,11:05:06,3.54,--,123,43542,卖盘
1096,11:05:01,3.54,-0.01,105,37170,卖盘
1097,11:04:51,3.55,--,54,19170,买盘
1098,11:04:41,3.55,0.01,15,5325,买盘
1099,11:04:36,3.54,-0.01,53,18762,卖盘
1100,11:04:21,3.55,--,5,1775,买盘
1101,11:04:15,3.55,0.01,8,2840,买盘
1102,11:04:11,3.54,--,282,99828,卖盘
1103,11:04:06,3.54,--,171,60534,卖盘
1104,11:04:01,3.54,--,15,5310,卖盘
1105,11:03:40,3.54,--,30,10620,卖盘
1106,11:03:36,3.54,-0.01,53,18762,卖盘
1107,11:03:30,3.55,--,23,8165,买盘
1108,11:03:26,3.55,--,267,94785,买盘
1109,11:03:21,3.55,0.01,10,3550,买盘
1110,11:03:15,3.54,--,599,212046,卖盘
1111,11:03:11,3.54,--,169,59826,卖盘
1112,11:03:05,3.54,-0.01,85,30090,卖盘
1113,11:02:59,3.55,0.01,3,1065,买盘
1114,11:02:51,3.54,--,10,3540,卖盘
1115,11:02:36,3.54,--,53,18762,卖盘
1116,11:02:21,3.54,--,332,117528,卖盘
1117,11:02:06,3.54,--,84,29736,卖盘
1118,11:02:00,3.54,-0.01,2,708,卖盘
1119,11:01:56,3.55,--,5,1775,买盘
1120,11:01:45,3.55,0.01,10,3550,买盘
1121,11:01:36,3.54,-0.01,81,28674,卖盘
1122,11:01:30,3.55,0.01,15,5325,买盘
1123,11:01:21,3.54,-0.01,5,1770,卖盘
1124,11:01:15,3.55,--,698,247790,买盘
1125,11:01:10,3.55,0.01,33,11715,买盘
1126,11:01:04,3.54,--,341,120714,卖盘
1127,11:00:56,3.54,--,2,708,卖盘
1128,11:00:35,3.54,--,53,18762,卖盘
1129,11:00:26,3.54,--,654,231516,卖盘
1130,11:00:20,3.54,-0.01,3,1062,卖盘
1131,11:00:10,3.55,0.01,246,87330,买盘
1132,11:00:03,3.54,-0.01,85,30090,卖盘
1133,10:59:59,3.55,0.01,142,50410,买盘
1134,10:59:55,3.54,-0.01,73,25842,卖盘
1135,10:59:39,3.55,0.01,71,25205,买盘
1136,10:59:35,3.54,-0.01,121,42834,卖盘
1137,10:59:20,3.55,0.01,37,13135,买盘
1138,10:59:10,3.54,--,100,35400,卖盘
1139,10:59:04,3.54,-0.01,152,53808,卖盘
1140,10:59:00,3.55,--,18,6390,买盘
1141,10:58:54,3.55,0.01,18,6390,买盘
1142,10:58:45,3.54,--,210,74690,买盘
1143,10:58:39,3.54,0.01,546,193284,买盘
1144,10:58:35,3.53,-0.01,121,42713,卖盘
1145,10:58:30,3.54,--,604,213816,买盘
1146,10:58:24,3.54,--,420,148680,买盘
1147,10:58:20,3.54,--,1,354,买盘
1148,10:58:15,3.54,--,210,74340,买盘
1149,10:58:09,3.54,0.01,583,206382,买盘
1150,10:58:05,3.53,-0.01,99,34947,卖盘
1151,10:58:00,3.54,--,8215,2908110,买盘
1152,10:57:54,3.54,--,250,88500,买盘
1153,10:57:50,3.54,0.01,4,1416,买盘
1154,10:57:45,3.53,-0.01,5,1765,卖盘
1155,10:57:39,3.54,0.01,4,1416,买盘
1156,10:57:35,3.53,-0.01,391,138023,卖盘
1157,10:57:30,3.54,--,948,335592,买盘
1158,10:57:24,3.54,--,372,131688,买盘
1159,10:57:20,3.54,--,50,17700,买盘
1160,10:57:15,3.54,--,60,21240,买盘
1161,10:57:09,3.54,0.01,54,19116,买盘
1162,10:57:04,3.53,-0.01,189,66717,卖盘
1163,10:57:00,3.54,0.01,14,4956,买盘
1164,10:56:54,3.53,-0.01,282,99546,卖盘
1165,10:56:45,3.54,--,36,12744,买盘
1166,10:56:39,3.54,0.01,10,3540,买盘
1167,10:56:35,3.53,-0.01,121,42713,卖盘
1168,10:56:19,3.54,0.01,36,12744,买盘
1169,10:56:05,3.53,-0.01,151,53303,卖盘
1170,10:56:00,3.54,--,200,70800,买盘
1171,10:55:45,3.54,--,552,195408,买盘
1172,10:55:39,3.54,0.01,261,92394,买盘
1173,10:55:35,3.53,--,171,60363,卖盘
1174,10:55:24,3.53,-0.01,1,353,卖盘
1175,10:55:20,3.54,0.01,20,7080,买盘
1176,10:55:15,3.53,--,292,103076,卖盘
1177,10:55:09,3.53,--,135,47655,卖盘
1178,10:55:04,3.53,--,152,53656,卖盘
1179,10:54:54,3.53,--,169,59657,卖盘
1180,10:54:50,3.53,--,10,3530,卖盘
1181,10:54:39,3.53,--,529,186737,卖盘
1182,10:54:34,3.53,--,124,43772,卖盘
1183,10:54:30,3.53,--,1,353,卖盘
1184,10:54:12,3.53,--,20,7060,卖盘
1185,10:54:09,3.53,--,1,353,卖盘
1186,10:54:05,3.53,-0.01,153,54009,卖盘
1187,10:53:54,3.54,--,77,27258,买盘
1188,10:53:49,3.54,0.01,285,100890,买盘
1189,10:53:35,3.53,-0.01,131,46419,卖盘
1190,10:53:29,3.54,--,6,2124,买盘
1191,10:53:09,3.54,0.01,945,334530,买盘
1192,10:53:05,3.53,--,152,53656,卖盘
1193,10:52:59,3.53,-0.01,52,18356,卖盘
1194,10:52:50,3.54,0.01,28,9912,买盘
1195,10:52:44,3.53,-0.01,45,15885,卖盘
1196,10:52:38,3.54,0.01,210,74340,买盘
1197,10:52:35,3.53,-0.01,121,42713,卖盘
1198,10:52:20,3.54,0.01,15,5310,买盘
1199,10:52:04,3.53,--,641,226273,卖盘
1200,10:51:54,3.53,--,30,10590,卖盘
1201,10:51:48,3.53,--,332,117196,卖盘
1202,10:51:33,3.53,-0.01,121,42713,卖盘
1203,10:51:09,3.54,0.01,5,1770,买盘
1204,10:51:03,3.53,--,152,53656,卖盘
1205,10:50:54,3.53,--,5,1765,卖盘
1206,10:50:49,3.53,--,288,101664,卖盘
1207,10:50:44,3.53,--,13,4589,卖盘
1208,10:50:33,3.53,-0.01,122,43066,卖盘
1209,10:50:28,3.54,--,217,76818,买盘
1210,10:50:24,3.54,--,408,144432,买盘
1211,10:50:18,3.54,0.01,5,1770,买盘
1212,10:50:03,3.53,-0.01,434,153202,卖盘
1213,10:49:59,3.54,--,77,27258,买盘
1214,10:49:39,3.54,0.01,1,354,买盘
1215,10:49:33,3.53,-0.01,453,159909,卖盘
1216,10:49:14,3.54,0.01,20,7080,买盘
1217,10:49:03,3.53,--,217,76601,卖盘
1218,10:48:58,3.53,-0.01,50,17650,卖盘
1219,10:48:48,3.54,0.01,10,3540,买盘
1220,10:48:44,3.53,-0.01,302,106606,卖盘
1221,10:48:39,3.54,0.01,9,3186,买盘
1222,10:48:33,3.53,-0.01,121,42713,卖盘
1223,10:48:24,3.54,0.01,49,17346,买盘
1224,10:48:09,3.53,-0.01,392,138376,卖盘
1225,10:48:03,3.54,0.01,152,53808,买盘
1226,10:47:54,3.53,-0.01,332,117196,卖盘
1227,10:47:44,3.54,--,1,354,买盘
1228,10:47:33,3.54,0.01,143,50622,买盘
1229,10:47:03,3.53,--,434,153202,卖盘
1230,10:46:57,3.53,-0.01,11,3883,卖盘
1231,10:46:48,3.54,0.01,10,3540,买盘
1232,10:46:33,3.53,--,121,42713,卖盘
1233,10:46:27,3.53,-0.01,1,353,卖盘
1234,10:46:23,3.54,--,28,9912,买盘
1235,10:46:18,3.54,--,1,354,买盘
1236,10:46:14,3.54,0.01,50,17700,买盘
1237,10:46:03,3.53,-0.01,152,53656,卖盘
1238,10:45:57,3.54,--,25,8850,买盘
1239,10:45:48,3.54,--,232,82128,买盘
1240,10:45:37,3.54,0.01,2,708,买盘
1241,10:45:33,3.53,-0.01,121,42713,卖盘
1242,10:45:18,3.54,0.01,372,131688,买盘
1243,10:45:13,3.53,--,544,192032,卖盘
1244,10:45:03,3.53,-0.01,152,53656,卖盘
1245,10:44:58,3.54,0.01,1,354,买盘
1246,10:44:52,3.53,--,15,5295,卖盘
1247,10:44:43,3.53,--,30,10590,卖盘
1248,10:44:33,3.53,--,122,43066,卖盘
1249,10:44:29,3.53,--,169,59657,卖盘
1250,10:44:13,3.53,--,82,28946,卖盘
1251,10:44:03,3.53,--,152,53656,卖盘
1252,10:43:53,3.53,-0.01,10000,3530000,卖盘
1253,10:43:48,3.54,0.01,36,12744,买盘
1254,10:43:42,3.53,--,10,3530,卖盘
1255,10:43:33,3.53,-0.01,3256,1149368,卖盘
1256,10:43:27,3.54,--,20,7080,买盘
1257,10:43:22,3.54,--,100,35400,买盘
1258,10:43:13,3.54,0.01,28,9912,买盘
1259,10:43:03,3.53,--,152,53656,卖盘
1260,10:42:57,3.53,-0.01,336,118608,卖盘
1261,10:42:52,3.54,--,15,5310,买盘
1262,10:42:48,3.54,--,23,8142,买盘
1263,10:42:42,3.54,0.01,50,17700,买盘
1264,10:42:33,3.53,-0.01,121,42713,卖盘
1265,10:42:28,3.54,--,2,708,买盘
1266,10:42:18,3.54,--,204,72216,买盘
1267,10:42:12,3.54,0.01,20,7080,买盘
1268,10:42:07,3.53,--,89,31417,卖盘
1269,10:42:03,3.53,--,192,67776,卖盘
1270,10:41:48,3.53,-0.01,111,39183,卖盘
1271,10:41:42,3.54,0.01,94,33276,买盘
1272,10:41:33,3.53,-0.01,122,43066,卖盘
1273,10:41:23,3.54,0.01,7,2478,买盘
1274,10:41:12,3.53,--,347,122491,卖盘
1275,10:41:03,3.53,--,156,55068,卖盘
1276,10:40:57,3.53,-0.01,4,1412,卖盘
1277,10:40:42,3.54,--,1,354,买盘
1278,10:40:37,3.54,0.01,15,5310,买盘
1279,10:40:33,3.53,--,429,151437,卖盘
1280,10:40:27,3.53,-0.01,608,214624,卖盘
1281,10:40:21,3.54,0.01,426,150804,买盘
1282,10:40:16,3.53,--,96,33888,卖盘
1283,10:40:12,3.53,--,98,34594,卖盘
1284,10:40:07,3.53,-0.01,152,53656,卖盘
1285,10:39:57,3.54,--,74,26196,买盘
1286,10:39:52,3.54,0.01,129,45666,买盘
1287,10:39:47,3.53,--,5,1765,卖盘
1288,10:39:42,3.53,--,128,45184,卖盘
1289,10:39:37,3.53,-0.01,158,55774,卖盘
1290,10:39:27,3.54,0.01,97,34338,买盘
1291,10:39:22,3.53,-0.01,40,14120,卖盘
1292,10:39:17,3.54,0.01,3162,1119348,买盘
1293,10:39:12,3.53,-0.01,282,99546,卖盘
1294,10:39:07,3.54,--,418,147972,买盘
1295,10:38:57,3.54,--,19,6726,买盘
1296,10:38:52,3.54,--,849,300546,买盘
1297,10:38:42,3.54,0.01,129,45666,买盘
1298,10:38:37,3.53,-0.01,129,45537,卖盘
1299,10:38:27,3.54,--,1,354,买盘
1300,10:38:22,3.54,--,19,6726,买盘
1301,10:38:16,3.54,--,10,3540,买盘
1302,10:38:12,3.54,0.01,140,49560,买盘
1303,10:38:07,3.53,-0.01,183,64599,卖盘
1304,10:38:02,3.54,--,18,6372,买盘
1305,10:37:57,3.54,0.01,278,98412,买盘
1306,10:37:52,3.53,--,99,34947,卖盘
1307,10:37:42,3.53,--,535,188855,卖盘
1308,10:37:37,3.53,-0.01,2432,858496,卖盘
1309,10:37:22,3.54,0.01,1657,586578,买盘
1310,10:37:06,3.53,-0.01,152,53656,卖盘
1311,10:36:57,3.54,--,50,17700,买盘
1312,10:36:36,3.54,--,157,55578,买盘
1313,10:36:32,3.54,--,30,10620,买盘
1314,10:36:27,3.54,--,26,9204,买盘
1315,10:36:21,3.54,--,106,37524,卖盘
1316,10:36:12,3.54,--,79,27966,卖盘
1317,10:36:06,3.54,--,152,53808,卖盘
1318,10:35:57,3.54,--,151,53454,卖盘
1319,10:35:42,3.54,--,282,99828,卖盘
1320,10:35:35,3.54,--,2121,750834,卖盘
1321,10:35:31,3.54,--,3117,1103418,卖盘
1322,10:35:06,3.54,--,153,54162,卖盘
1323,10:34:36,3.54,-0.01,121,42834,卖盘
1324,10:34:20,3.55,--,1,355,买盘
1325,10:34:12,3.55,0.01,120,42600,买盘
1326,10:34:06,3.54,-0.01,490,173460,卖盘
1327,10:34:02,3.55,0.01,6,2130,买盘
1328,10:33:56,3.54,--,110,38940,卖盘
1329,10:33:51,3.54,--,200,70800,卖盘
1330,10:33:35,3.54,-0.01,121,42834,卖盘
1331,10:33:32,3.55,0.01,10,3550,买盘
1332,10:33:10,3.54,--,86,30444,卖盘
1333,10:33:06,3.54,--,378,133812,卖盘
1334,10:33:01,3.54,--,24,8496,卖盘
1335,10:32:51,3.54,--,3,1062,卖盘
1336,10:32:46,3.54,--,6,2124,卖盘
1337,10:32:40,3.54,-0.01,72,25488,卖盘
1338,10:32:36,3.55,0.01,399,141645,买盘
1339,10:32:31,3.54,-0.01,122,43188,卖盘
1340,10:32:21,3.55,0.01,403,143065,买盘
1341,10:32:15,3.54,--,282,99828,卖盘
1342,10:32:10,3.54,--,32,11328,卖盘
1343,10:32:06,3.54,--,154,54516,卖盘
1344,10:32:01,3.54,-0.01,56,19824,卖盘
1345,10:31:56,3.55,0.01,30,10650,买盘
1346,10:31:36,3.54,-0.01,121,42834,卖盘
1347,10:31:30,3.55,0.01,68,24140,买盘
1348,10:31:21,3.54,--,172,60888,卖盘
1349,10:31:06,3.54,--,151,53454,卖盘
1350,10:31:01,3.54,-0.01,505,178770,卖盘
1351,10:30:55,3.55,--,20,7100,买盘
1352,10:30:51,3.55,--,2,710,买盘
1353,10:30:46,3.55,--,1120,397600,买盘
1354,10:30:36,3.55,0.01,149,52895,买盘
1355,10:30:31,3.54,-0.01,492,174168,卖盘
1356,10:30:21,3.55,--,1086,385530,买盘
1357,10:30:06,3.55,0.01,435,154425,买盘
1358,10:30:01,3.54,--,36,12744,卖盘
1359,10:29:36,3.54,-0.01,128,45312,卖盘
1360,10:29:31,3.55,0.01,20,7100,买盘
1361,10:29:21,3.54,--,20,7080,卖盘
1362,10:29:06,3.54,-0.01,181,64074,卖盘
1363,10:29:00,3.55,0.01,125,44375,买盘
1364,10:28:55,3.54,--,285,100890,卖盘
1365,10:28:51,3.54,-0.01,461,163194,卖盘
1366,10:28:41,3.55,0.01,17,6035,买盘
1367,10:28:36,3.54,--,706,249924,卖盘
1368,10:28:30,3.54,--,3,1062,卖盘
1369,10:28:15,3.54,--,165,58410,买盘
1370,10:28:10,3.54,0.01,2402,850308,买盘
1371,10:28:06,3.53,-0.01,206,72718,卖盘
1372,10:28:00,3.54,--,1195,423030,买盘
1373,10:27:55,3.54,--,872,308688,买盘
1374,10:27:51,3.54,--,1010,357540,买盘
1375,10:27:45,3.54,--,1932,683928,买盘
1376,10:27:36,3.54,--,682,241428,买盘
1377,10:27:30,3.54,--,45,15930,买盘
1378,10:27:21,3.54,--,942,333468,买盘
1379,10:27:15,3.54,--,403,142662,买盘
1380,10:27:09,3.54,--,372,131688,买盘
1381,10:27:06,3.54,0.01,383,135582,买盘
1382,10:26:55,3.53,-0.01,40,14120,卖盘
1383,10:26:51,3.54,--,334,118236,买盘
1384,10:26:45,3.54,0.01,230,81420,买盘
1385,10:26:36,3.53,-0.01,341,120373,卖盘
1386,10:26:30,3.54,0.01,54,19116,买盘
1387,10:26:25,3.53,-0.01,10,3530,卖盘
1388,10:26:19,3.54,--,263,93102,买盘
1389,10:26:15,3.54,0.01,10,3540,买盘
1390,10:26:04,3.53,-0.01,152,53656,卖盘
1391,10:26:00,3.54,0.01,232,82128,买盘
1392,10:25:45,3.53,-0.01,100,35300,卖盘
1393,10:25:40,3.54,0.01,313,110802,买盘
1394,10:25:33,3.53,--,122,43066,卖盘
1395,10:25:30,3.53,--,40,14120,卖盘
1396,10:25:25,3.53,-0.01,353,124609,卖盘
1397,10:25:10,3.54,0.01,104,36816,买盘
1398,10:25:04,3.53,-0.01,152,53656,卖盘
1399,10:24:49,3.54,--,21,7434,买盘
1400,10:24:45,3.54,0.01,50,17700,买盘
1401,10:24:40,3.53,--,53,18709,卖盘
1402,10:24:34,3.53,-0.01,76,26828,卖盘
1403,10:24:30,3.54,--,1,354,买盘
1404,10:24:25,3.54,--,177,62658,买盘
1405,10:24:20,3.54,0.01,38,13452,买盘
1406,10:24:10,3.53,--,146,51538,卖盘
1407,10:24:04,3.53,--,153,54009,卖盘
1408,10:23:55,3.53,--,74,26122,卖盘
1409,10:23:45,3.53,-0.01,67,23651,卖盘
1410,10:23:40,3.54,0.01,42,14868,买盘
1411,10:23:34,3.53,-0.01,121,42713,卖盘
1412,10:23:15,3.54,0.01,28,9912,买盘
1413,10:23:10,3.53,--,87,30711,卖盘
1414,10:23:04,3.53,--,451,159203,卖盘
1415,10:22:55,3.53,--,14,4942,卖盘
1416,10:22:49,3.53,--,444,156732,卖盘
1417,10:22:34,3.53,-0.01,122,43066,卖盘
1418,10:22:25,3.54,--,300,106200,买盘
1419,10:22:19,3.54,--,992,351168,买盘
1420,10:22:15,3.54,--,204,72216,买盘
1421,10:22:10,3.54,0.01,11,3894,买盘
1422,10:22:04,3.53,--,152,53656,卖盘
1423,10:22:00,3.53,--,20,7060,卖盘
1424,10:21:54,3.53,-0.01,100,35300,卖盘
1425,10:21:49,3.54,0.01,28,9912,买盘
1426,10:21:45,3.53,--,100,35300,卖盘
1427,10:21:34,3.53,-0.01,121,42713,卖盘
1428,10:21:24,3.54,0.01,20,7080,买盘
1429,10:21:19,3.53,-0.01,442,156026,卖盘
1430,10:21:15,3.54,--,15,5310,买盘
1431,10:21:09,3.54,0.01,50,17700,买盘
1432,10:21:03,3.53,--,152,53656,卖盘
1433,10:20:54,3.53,--,136,48099,卖盘
1434,10:20:39,3.53,--,403,142259,卖盘
1435,10:20:34,3.53,--,133,46949,卖盘
1436,10:20:30,3.53,--,105,37065,卖盘
1437,10:20:24,3.53,--,27,9531,卖盘
1438,10:20:15,3.53,-0.01,118,41654,卖盘
1439,10:20:09,3.54,0.01,76,26904,买盘
1440,10:20:04,3.53,--,704,248512,卖盘
1441,10:20:00,3.53,--,527,186031,卖盘
1442,10:19:54,3.53,--,54,19062,卖盘
1443,10:19:49,3.53,--,6,2118,卖盘
1444,10:19:45,3.53,--,104,36712,卖盘
1445,10:19:34,3.53,-0.01,311,109783,卖盘
1446,10:19:28,3.54,0.01,2054,727116,买盘
1447,10:19:24,3.53,--,352,124256,卖盘
1448,10:19:09,3.53,--,1413,498796,卖盘
1449,10:19:04,3.53,--,1010,356537,卖盘
1450,10:18:54,3.53,-0.01,21,7413,卖盘
1451,10:18:49,3.54,--,33,11682,买盘
1452,10:18:43,3.54,0.01,249,88146,买盘
1453,10:18:38,3.53,--,31,10943,卖盘
1454,10:18:34,3.53,-0.01,169,59657,卖盘
1455,10:18:23,3.54,--,135,47790,买盘
1456,10:18:18,3.54,--,50,17700,买盘
1457,10:18:08,3.54,0.01,20,7080,买盘
1458,10:18:04,3.53,--,153,54009,卖盘
1459,10:17:59,3.53,-0.01,437,154261,卖盘
1460,10:17:54,3.54,0.01,523,185142,买盘
1461,10:17:49,3.53,--,126,44478,卖盘
1462,10:17:34,3.53,--,121,42713,卖盘
1463,10:17:28,3.53,-0.01,17,6001,卖盘
1464,10:17:24,3.54,--,373,132042,买盘
1465,10:17:19,3.54,--,137,48498,买盘
1466,10:17:13,3.54,--,92,32568,买盘
1467,10:17:09,3.54,0.01,134,47436,买盘
1468,10:17:03,3.53,-0.01,99,34947,卖盘
1469,10:16:54,3.54,0.01,754,266916,买盘
1470,10:16:39,3.53,--,43,15179,卖盘
1471,10:16:33,3.53,--,124,43772,卖盘
1472,10:16:24,3.53,-0.01,438,154614,卖盘
1473,10:16:14,3.54,--,202,71508,买盘
1474,10:16:09,3.54,0.01,63,22302,买盘
1475,10:16:04,3.53,-0.01,251,88603,卖盘
1476,10:15:58,3.54,--,239,84606,买盘
1477,10:15:53,3.54,--,159,56286,买盘
1478,10:15:49,3.54,0.01,176,62304,买盘
1479,10:15:39,3.53,--,9,3177,卖盘
1480,10:15:33,3.53,--,321,113313,卖盘
1481,10:15:27,3.53,--,126,44478,卖盘
1482,10:15:04,3.53,--,227,80131,卖盘
1483,10:14:58,3.53,-0.01,117,41301,卖盘
1484,10:14:49,3.54,--,67,23718,买盘
1485,10:14:39,3.54,0.01,1,354,买盘
1486,10:14:33,3.53,-0.01,121,42713,卖盘
1487,10:14:28,3.54,--,19,6726,买盘
1488,10:14:24,3.54,0.01,10,3540,买盘
1489,10:14:18,3.53,--,1,353,卖盘
1490,10:14:12,3.53,--,6,2118,卖盘
1491,10:14:09,3.53,--,53,18709,卖盘
1492,10:14:03,3.53,--,99,34947,卖盘
1493,10:13:54,3.53,--,22,7766,卖盘
1494,10:13:48,3.53,--,339,119667,卖盘
1495,10:13:39,3.53,--,117,41301,卖盘
1496,10:13:33,3.53,--,252,88956,卖盘
1497,10:13:18,3.53,--,231,81543,卖盘
1498,10:13:13,3.53,--,1,353,卖盘
1499,10:13:04,3.53,-0.01,364,128492,卖盘
1500,10:12:58,3.54,0.01,5,1770,买盘
1501,10:12:54,3.53,--,673,237569,卖盘
1502,10:12:48,3.53,--,527,186031,卖盘
1503,10:12:34,3.53,-0.01,68,24004,卖盘
1504,10:12:27,3.54,--,240,84960,买盘
1505,10:12:18,3.54,0.01,1549,548353,买盘
1506,10:12:03,3.53,-0.01,100,35300,卖盘
1507,10:11:57,3.54,0.01,29,10266,买盘
1508,10:11:53,3.53,-0.01,10,3530,卖盘
1509,10:11:43,3.54,0.01,8,2832,买盘
1510,10:11:33,3.53,-0.01,68,24004,卖盘
1511,10:11:27,3.54,--,26,9204,买盘
1512,10:11:23,3.54,--,1,354,买盘
1513,10:11:13,3.54,--,6,2124,买盘
1514,10:11:07,3.54,0.01,3,1062,买盘
1515,10:11:03,3.53,--,278,98134,卖盘
1516,10:10:51,3.53,-0.01,167,58951,卖盘
1517,10:10:43,3.54,0.01,522,184788,买盘
1518,10:10:33,3.53,--,232,81896,卖盘
1519,10:10:28,3.53,--,318,112254,卖盘
1520,10:10:13,3.53,--,189,66717,卖盘
1521,10:10:07,3.53,--,370,130610,卖盘
1522,10:10:02,3.53,--,119,42007,卖盘
1523,10:09:58,3.53,--,1408,497034,卖盘
1524,10:09:52,3.53,--,117,41301,卖盘
1525,10:09:48,3.53,-0.01,500,176500,卖盘
1526,10:09:43,3.54,--,96,33984,买盘
1527,10:09:37,3.54,0.01,10,3540,买盘
1528,10:09:33,3.53,--,1661,586333,卖盘
1529,10:09:28,3.53,-0.01,253,89309,卖盘
1530,10:09:22,3.54,--,3,1062,买盘
1531,10:09:18,3.54,--,35,12390,买盘
1532,10:09:13,3.54,0.01,500,177000,买盘
1533,10:09:03,3.53,-0.01,159,56127,卖盘
1534,10:08:58,3.54,0.01,130,46020,买盘
1535,10:08:51,3.53,--,1254,442672,卖盘
1536,10:08:48,3.53,--,392,138376,卖盘
1537,10:08:43,3.53,-0.01,347,122491,卖盘
1538,10:08:37,3.54,0.01,230,81420,买盘
1539,10:08:33,3.53,-0.01,68,24004,卖盘
1540,10:08:28,3.54,0.01,4422,1565388,买盘
1541,10:08:21,3.53,--,69,24357,卖盘
1542,10:08:18,3.53,--,273,96369,卖盘
1543,10:08:13,3.53,--,30,10590,卖盘
1544,10:08:03,3.53,--,119,42007,卖盘
1545,10:07:58,3.53,--,315,111195,卖盘
1546,10:07:52,3.53,--,1,353,卖盘
1547,10:07:48,3.53,-0.01,253,89309,卖盘
1548,10:07:43,3.54,0.01,99,35046,买盘
1549,10:07:37,3.53,--,30,10590,卖盘
1550,10:07:33,3.53,-0.01,68,24004,卖盘
1551,10:07:21,3.54,--,403,142662,买盘
1552,10:07:18,3.54,--,200,70800,买盘
1553,10:07:07,3.54,0.01,72,25488,买盘
1554,10:07:03,3.53,--,99,34947,卖盘
1555,10:06:48,3.53,-0.01,14,4942,卖盘
1556,10:06:36,3.54,0.01,1,354,买盘
1557,10:06:33,3.53,--,68,24004,卖盘
1558,10:06:12,3.53,--,9,3177,卖盘
1559,10:06:03,3.53,--,101,35653,卖盘
1560,10:05:57,3.53,--,873,308169,卖盘
1561,10:05:48,3.53,-0.01,329,116137,卖盘
1562,10:05:42,3.54,0.01,15,5310,买盘
1563,10:05:37,3.53,--,68,24004,卖盘
1564,10:05:30,3.53,--,13,4589,卖盘
1565,10:05:27,3.53,--,179,63187,卖盘
1566,10:05:22,3.53,--,31,10943,卖盘
1567,10:05:16,3.53,--,64,22592,卖盘
1568,10:05:11,3.53,--,34,12002,卖盘
1569,10:05:06,3.53,--,99,34947,卖盘
1570,10:04:58,3.53,--,12,4236,卖盘
1571,10:04:42,3.53,--,78,27883,卖盘
1572,10:04:37,3.53,-0.01,68,24004,卖盘
1573,10:04:27,3.54,0.01,1000,354000,买盘
1574,10:04:22,3.53,-0.01,100,35300,卖盘
1575,10:04:12,3.54,0.01,12,4248,买盘
1576,10:04:07,3.53,--,133,46949,卖盘
1577,10:03:57,3.53,-0.01,463,163439,卖盘
1578,10:03:52,3.54,--,6,2124,买盘
1579,10:03:46,3.54,--,10,3540,买盘
1580,10:03:42,3.54,0.01,148,52392,买盘
1581,10:03:37,3.53,--,101,35653,卖盘
1582,10:03:27,3.53,--,40,14120,卖盘
1583,10:03:12,3.53,--,50,17650,卖盘
1584,10:03:07,3.53,--,237,83661,卖盘
1585,10:02:57,3.53,-0.01,659,232627,卖盘
1586,10:02:52,3.54,0.01,176,62304,买盘
1587,10:02:46,3.53,-0.01,98,34594,卖盘
1588,10:02:36,3.54,0.01,113,40002,买盘
1589,10:02:31,3.53,--,35,12355,卖盘
1590,10:02:27,3.53,--,33,11649,卖盘
1591,10:02:22,3.53,--,21,7413,卖盘
1592,10:02:12,3.53,--,670,236510,卖盘
1593,10:02:07,3.53,--,99,34947,卖盘
1594,10:02:01,3.53,--,235,82955,卖盘
1595,10:01:45,3.53,--,2,706,卖盘
1596,10:01:42,3.53,--,300,105900,卖盘
1597,10:01:37,3.53,--,85,30005,卖盘
1598,10:01:27,3.53,--,810,285930,卖盘
1599,10:01:21,3.53,--,28,9884,卖盘
1600,10:01:12,3.53,--,3094,1092182,卖盘
1601,10:01:06,3.53,--,7099,2505947,卖盘
1602,10:00:57,3.53,-0.01,100,35300,卖盘
1603,10:00:42,3.54,0.01,494,174876,买盘
1604,10:00:36,3.53,--,60,21180,卖盘
1605,10:00:31,3.53,--,99,34947,卖盘
1606,10:00:27,3.53,--,74,26122,卖盘
1607,10:00:21,3.53,-0.01,40,14120,卖盘
1608,10:00:12,3.54,--,130,46020,买盘
1609,10:00:07,3.54,0.01,409,144786,买盘
1610,10:00:01,3.53,--,141,49773,卖盘
1611,09:59:57,3.53,-0.01,106,37418,卖盘
1612,09:59:51,3.54,--,19,6726,买盘
1613,09:59:46,3.54,0.01,3,1062,买盘
1614,09:59:37,3.53,--,25,8825,卖盘
1615,09:59:31,3.53,-0.01,6,2118,卖盘
1616,09:59:27,3.54,0.01,15,5310,买盘
1617,09:59:21,3.53,--,16,5648,卖盘
1618,09:59:10,3.53,-0.01,10,3530,卖盘
1619,09:59:05,3.54,0.01,609,215586,买盘
1620,09:59:01,3.53,-0.01,400,141200,卖盘
1621,09:58:54,3.54,0.01,53,18762,买盘
1622,09:58:51,3.53,--,10,3530,卖盘
1623,09:58:40,3.53,--,10,3530,卖盘
1624,09:58:36,3.53,--,112,39536,卖盘
1625,09:58:31,3.53,--,142,50126,卖盘
1626,09:58:25,3.53,--,10,3530,卖盘
1627,09:58:21,3.53,--,102,36006,卖盘
1628,09:58:16,3.53,--,112,39536,卖盘
1629,09:58:09,3.53,--,62,21886,卖盘
1630,09:58:06,3.53,-0.01,230,81190,卖盘
1631,09:57:50,3.54,0.01,5,1770,买盘
1632,09:57:46,3.53,-0.01,54,19062,卖盘
1633,09:57:40,3.54,--,11,3894,买盘
1634,09:57:36,3.54,0.01,1650,584100,买盘
1635,09:57:31,3.53,--,3597,1269741,卖盘
1636,09:57:25,3.53,--,34,12002,卖盘
1637,09:57:16,3.53,-0.01,9,3177,卖盘
1638,09:57:09,3.54,--,119,42126,买盘
1639,09:57:04,3.54,0.01,461,163194,买盘
1640,09:56:55,3.53,-0.01,50,17650,卖盘
1641,09:56:51,3.54,0.01,241,85314,买盘
1642,09:56:45,3.53,--,45,15885,卖盘
1643,09:56:36,3.53,--,198,69894,卖盘
1644,09:56:31,3.53,-0.01,362,127786,卖盘
1645,09:56:25,3.54,0.01,15,5310,买盘
1646,09:56:21,3.53,--,878,309934,卖盘
1647,09:56:16,3.53,--,169,59657,卖盘
1648,09:56:10,3.53,--,103,36359,卖盘
1649,09:56:06,3.53,--,1639,578577,卖盘
1650,09:56:01,3.53,-0.01,115,40595,卖盘
1651,09:55:51,3.54,0.01,778,275412,买盘
1652,09:55:46,3.53,--,987,348411,卖盘
1653,09:55:40,3.53,--,20,7060,卖盘
1654,09:55:35,3.53,--,616,217448,卖盘
1655,09:55:30,3.53,--,58,20474,卖盘
1656,09:55:25,3.53,-0.01,135,47655,卖盘
1657,09:55:21,3.54,0.01,339,120006,买盘
1658,09:55:16,3.53,--,505,178265,卖盘
1659,09:55:10,3.53,-0.01,160,56480,卖盘
1660,09:55:06,3.54,--,47,16638,买盘
1661,09:55:00,3.54,--,28,9912,买盘
1662,09:54:51,3.54,0.01,12,4248,买盘
1663,09:54:45,3.53,-0.01,20,7060,卖盘
1664,09:54:40,3.54,0.01,5,1770,买盘
1665,09:54:36,3.53,-0.01,289,102017,卖盘
1666,09:54:30,3.54,--,40,14160,买盘
1667,09:54:25,3.54,0.01,27,9558,买盘
1668,09:54:15,3.53,-0.01,30,10590,卖盘
1669,09:54:09,3.54,0.01,400,141600,买盘
1670,09:54:06,3.53,-0.01,32,11296,卖盘
1671,09:54:00,3.54,--,42,14868,买盘
1672,09:53:55,3.54,--,30,10620,买盘
1673,09:53:36,3.54,0.01,1,354,买盘
1674,09:53:30,3.53,-0.01,31,10943,卖盘
1675,09:53:15,3.54,--,299,105846,买盘
1676,09:53:10,3.54,--,50,17700,买盘
1677,09:53:06,3.54,0.01,131,46374,买盘
1678,09:53:01,3.53,--,500,176500,卖盘
1679,09:52:51,3.53,--,145,51185,卖盘
1680,09:52:46,3.53,--,12,4236,卖盘
1681,09:52:39,3.53,--,5,1765,卖盘
1682,09:52:36,3.53,-0.01,322,113666,卖盘
1683,09:52:31,3.54,0.01,1037,367098,买盘
1684,09:52:19,3.53,-0.01,38,13414,卖盘
1685,09:52:15,3.54,--,123,43542,买盘
1686,09:52:09,3.54,0.01,39,13806,买盘
1687,09:52:04,3.53,-0.01,41,14473,卖盘
1688,09:52:00,3.54,--,730,258420,买盘
1689,09:51:54,3.54,0.01,397,140538,买盘
1690,09:51:49,3.53,-0.01,148,52244,卖盘
1691,09:51:45,3.54,--,1112,393648,买盘
1692,09:51:39,3.54,--,100,35400,买盘
1693,09:51:30,3.54,--,280,99120,买盘
1694,09:51:24,3.54,0.01,1461,517194,买盘
1695,09:51:18,3.53,--,69,24357,卖盘
1696,09:51:15,3.53,--,2851,1006403,卖盘
1697,09:51:09,3.53,--,1,353,卖盘
1698,09:51:04,3.53,-0.01,41,14473,卖盘
1699,09:50:59,3.54,--,109,38586,买盘
1700,09:50:54,3.54,0.01,51,18054,买盘
1701,09:50:49,3.53,-0.01,1,353,卖盘
1702,09:50:40,3.54,--,97,34338,买盘
1703,09:50:30,3.54,--,93,32922,买盘
1704,09:50:25,3.54,--,679,240366,买盘
1705,09:50:14,3.54,--,1091,386214,买盘
1706,09:50:09,3.54,0.01,36,12744,买盘
1707,09:50:04,3.53,--,30,10590,卖盘
1708,09:50:00,3.53,-0.01,60,21180,卖盘
1709,09:49:44,3.54,0.01,2,708,买盘
1710,09:49:40,3.53,-0.01,1,353,卖盘
1711,09:49:25,3.54,0.01,4,1416,买盘
1712,09:49:15,3.53,--,163,57539,卖盘
1713,09:49:04,3.53,-0.01,31,10943,卖盘
1714,09:49:00,3.54,--,200,70800,买盘
1715,09:48:49,3.54,--,1,354,买盘
1716,09:48:45,3.54,--,248,87792,买盘
1717,09:48:40,3.54,0.01,42,14868,买盘
1718,09:48:34,3.53,--,148,52244,卖盘
1719,09:48:30,3.53,--,4,1412,卖盘
1720,09:48:03,3.53,-0.01,31,10943,卖盘
1721,09:47:59,3.54,0.01,185,65490,买盘
1722,09:47:55,3.53,-0.01,85,30005,卖盘
1723,09:47:45,3.54,--,157,55578,买盘
1724,09:47:39,3.54,--,100,35400,买盘
1725,09:47:30,3.54,0.01,3,1062,买盘
1726,09:47:25,3.53,-0.01,29,10237,卖盘
1727,09:47:15,3.54,0.01,111,39294,买盘
1728,09:47:09,3.53,--,36,12708,卖盘
1729,09:47:04,3.53,--,201,70953,卖盘
1730,09:47:00,3.53,-0.01,111,39183,卖盘
1731,09:46:55,3.54,0.01,3,1062,买盘
1732,09:46:48,3.53,--,7,2471,卖盘
1733,09:46:45,3.53,-0.01,296,104488,卖盘
1734,09:46:40,3.54,0.01,52,18408,买盘
1735,09:46:33,3.53,--,74,26122,卖盘
1736,09:46:30,3.53,-0.01,42,14826,卖盘
1737,09:46:15,3.54,0.01,14,4956,买盘
1738,09:46:10,3.53,--,2,706,卖盘
1739,09:46:03,3.53,--,35,12355,卖盘
1740,09:46:00,3.53,--,78,27534,卖盘
1741,09:45:54,3.53,--,7,2471,卖盘
1742,09:45:48,3.53,--,60,21180,卖盘
1743,09:45:39,3.53,--,3,1059,卖盘
1744,09:45:33,3.53,-0.01,100,35300,卖盘
1745,09:45:27,3.54,0.01,10,3540,买盘
1746,09:45:24,3.53,--,20,7060,卖盘
1747,09:45:19,3.53,-0.01,200,70600,卖盘
1748,09:45:13,3.54,--,7,2478,买盘
1749,09:45:09,3.54,0.01,60,21240,买盘
1750,09:45:04,3.53,--,191,67423,卖盘
1751,09:44:54,3.53,--,40,14120,卖盘
1752,09:44:49,3.53,--,100,35300,卖盘
1753,09:44:39,3.53,--,4,1412,卖盘
1754,09:44:33,3.53,--,170,60010,卖盘
1755,09:44:23,3.53,--,105,37065,卖盘
1756,09:44:18,3.53,--,140,49420,卖盘
1757,09:44:09,3.53,--,174,61422,卖盘
1758,09:44:04,3.53,--,33,11649,卖盘
1759,09:43:54,3.53,--,6,2118,卖盘
1760,09:43:49,3.53,--,90,31770,卖盘
1761,09:43:39,3.53,-0.01,1015,358295,卖盘
1762,09:43:34,3.54,0.01,57,20178,买盘
1763,09:43:27,3.53,--,10,3530,卖盘
1764,09:43:24,3.53,--,210,74130,卖盘
1765,09:43:19,3.53,--,2991,1055823,卖盘
1766,09:43:13,3.53,--,100,35300,卖盘
1767,09:43:04,3.53,-0.01,31,10943,卖盘
1768,09:42:57,3.54,0.01,16,5664,买盘
1769,09:42:54,3.53,--,30,10590,卖盘
1770,09:42:49,3.53,--,107,37771,卖盘
1771,09:42:39,3.53,--,155,54715,卖盘
1772,09:42:34,3.53,--,507,178971,卖盘
1773,09:42:19,3.53,--,30,10590,卖盘
1774,09:42:13,3.53,--,40,14120,卖盘
1775,09:42:08,3.53,--,94,33182,卖盘
1776,09:42:04,3.53,--,571,201563,卖盘
1777,09:41:58,3.53,--,279,98487,卖盘
1778,09:41:54,3.53,-0.01,10,3530,卖盘
1779,09:41:48,3.54,0.01,211,74694,买盘
1780,09:41:39,3.53,--,283,100216,卖盘
1781,09:41:34,3.53,--,3,1059,卖盘
1782,09:41:28,3.53,--,130,45890,卖盘
1783,09:41:23,3.53,-0.01,235,82955,卖盘
1784,09:41:19,3.54,0.01,15,5310,买盘
1785,09:41:12,3.53,--,976,344528,卖盘
1786,09:41:09,3.53,--,7,2471,卖盘
1787,09:41:03,3.53,--,51,18003,卖盘
1788,09:40:57,3.53,--,55,19415,卖盘
1789,09:40:54,3.53,-0.01,21,7413,卖盘
1790,09:40:48,3.54,0.01,1,354,买盘
1791,09:40:39,3.53,--,124,43772,卖盘
1792,09:40:33,3.53,--,89,31417,卖盘
1793,09:40:28,3.53,--,53,18709,卖盘
1794,09:40:24,3.53,--,153,54009,卖盘
1795,09:40:09,3.53,--,10,3530,卖盘
1796,09:40:03,3.53,--,112,39536,卖盘
1797,09:39:58,3.53,--,4,1412,卖盘
1798,09:39:54,3.53,--,600,211800,卖盘
1799,09:39:48,3.53,--,204,72012,卖盘
1800,09:39:42,3.53,-0.01,22,7766,卖盘
1801,09:39:39,3.54,0.01,72,25488,买盘
1802,09:39:33,3.53,--,129,45537,卖盘
1803,09:39:24,3.53,--,332,117196,卖盘
1804,09:39:18,3.53,--,992,350176,买盘
1805,09:39:13,3.53,--,65,22945,卖盘
1806,09:39:09,3.53,0.01,859,303227,买盘
1807,09:39:03,3.52,-0.01,1436,505472,卖盘
1808,09:38:58,3.53,--,71,25063,卖盘
1809,09:38:53,3.53,--,263,92839,买盘
1810,09:38:48,3.53,--,1933,682349,卖盘
1811,09:38:43,3.53,-0.01,25,8825,卖盘
1812,09:38:36,3.54,0.01,2862,1013148,买盘
1813,09:38:33,3.53,--,535,188855,卖盘
1814,09:38:28,3.53,-0.01,20,7060,卖盘
1815,09:38:22,3.54,0.01,52,18408,买盘
1816,09:38:18,3.53,--,297,104841,卖盘
1817,09:38:13,3.53,--,135,47655,卖盘
1818,09:38:03,3.53,--,169,59657,卖盘
1819,09:37:58,3.53,--,64,22592,卖盘
1820,09:37:48,3.53,--,841,296873,卖盘
1821,09:37:43,3.53,--,748,264044,卖盘
1822,09:37:36,3.53,--,22,7766,卖盘
1823,09:37:33,3.53,--,164,57892,卖盘
1824,09:37:28,3.53,--,70,24710,卖盘
1825,09:37:22,3.53,--,34,12002,卖盘
1826,09:37:18,3.53,-0.01,2939,1037467,卖盘
1827,09:37:07,3.54,0.01,163,57702,买盘
1828,09:37:03,3.53,0.01,5362,1892786,买盘
1829,09:36:58,3.52,-0.01,122,42944,卖盘
1830,09:36:52,3.53,--,30,10590,买盘
1831,09:36:48,3.53,--,440,155320,买盘
1832,09:36:42,3.53,--,340,120020,买盘
1833,09:36:36,3.53,--,114,40242,买盘
1834,09:36:33,3.53,--,170,60010,买盘
1835,09:36:28,3.53,--,145,51185,买盘
1836,09:36:22,3.53,-0.01,14045,4957885,卖盘
1837,09:36:18,3.54,0.01,492,174168,买盘
1838,09:36:13,3.53,-0.01,196,69188,卖盘
1839,09:36:07,3.54,0.01,182,64428,买盘
1840,09:36:03,3.53,--,101,35653,卖盘
1841,09:35:58,3.53,-0.01,445,157085,卖盘
1842,09:35:52,3.54,--,208,73632,买盘
1843,09:35:48,3.54,0.01,278,98412,买盘
1844,09:35:43,3.53,-0.01,30,10590,卖盘
1845,09:35:37,3.54,0.01,27,9558,买盘
1846,09:35:33,3.53,--,101,35653,卖盘
1847,09:35:22,3.53,--,245,86485,卖盘
1848,09:35:18,3.53,--,142,50126,卖盘
1849,09:35:12,3.53,--,1070,377710,卖盘
1850,09:35:07,3.53,-0.01,50,17650,卖盘
1851,09:35:03,3.54,0.01,614,217356,买盘
1852,09:34:58,3.53,-0.01,91,32123,卖盘
1853,09:34:52,3.54,0.01,1,354,买盘
1854,09:34:48,3.53,--,289,102017,卖盘
1855,09:34:43,3.53,--,361,127433,卖盘
1856,09:34:37,3.53,--,100,35300,卖盘
1857,09:34:33,3.53,--,94,33182,卖盘
1858,09:34:28,3.53,--,91,32123,卖盘
1859,09:34:22,3.53,--,108,38124,卖盘
1860,09:34:18,3.53,-0.01,29,10237,卖盘
1861,09:34:13,3.54,--,30,10620,买盘
1862,09:34:07,3.54,--,28,9912,买盘
1863,09:34:03,3.54,--,142,50268,买盘
1864,09:33:58,3.54,--,10,3540,买盘
1865,09:33:52,3.54,0.01,30,10620,买盘
1866,09:33:47,3.53,-0.01,1781,628975,卖盘
1867,09:33:37,3.54,--,10,3540,卖盘
1868,09:33:33,3.54,-0.01,107,37948,卖盘
1869,09:33:27,3.55,0.01,11,3905,买盘
1870,09:33:22,3.54,-0.01,534,189036,卖盘
1871,09:33:18,3.55,0.01,464,164720,买盘
1872,09:33:12,3.54,--,123,43542,卖盘
1873,09:33:06,3.54,--,20,7080,卖盘
1874,09:33:03,3.54,--,807,285678,卖盘
1875,09:32:57,3.54,--,839,297006,卖盘
1876,09:32:51,3.54,--,156,55224,卖盘
1877,09:32:48,3.54,-0.01,131,46374,卖盘
1878,09:32:42,3.55,0.01,574,203770,买盘
1879,09:32:36,3.54,--,606,214524,卖盘
1880,09:32:32,3.54,--,22,7788,卖盘
1881,09:32:27,3.54,--,2,708,卖盘
1882,09:32:21,3.54,--,493,174522,卖盘
1883,09:32:16,3.54,-0.01,402,142308,卖盘
1884,09:32:12,3.55,0.01,166,58930,买盘
1885,09:32:06,3.54,-0.01,177,62658,卖盘
1886,09:32:01,3.55,0.01,295,104725,买盘
1887,09:31:57,3.54,--,442,156468,卖盘
1888,09:31:52,3.54,-0.01,2728,965712,卖盘
1889,09:31:46,3.55,0.01,318,112890,买盘
1890,09:31:42,3.54,-0.01,223,78942,卖盘
1891,09:31:37,3.55,0.01,3917,1390535,买盘
1892,09:31:30,3.54,--,157,55578,卖盘
1893,09:31:27,3.54,--,574,203196,卖盘
1894,09:31:22,3.54,--,216,76464,卖盘
1895,09:31:16,3.54,--,2090,739860,卖盘
1896,09:31:12,3.54,--,77,27258,卖盘
1897,09:31:06,3.54,--,2832,1002528,卖盘
1898,09:31:00,3.54,--,20,7080,卖盘
1899,09:30:57,3.54,--,658,232932,卖盘
1900,09:30:52,3.54,--,5,1770,卖盘
1901,09:30:42,3.54,--,2008,710832,卖盘
1902,09:30:36,3.54,--,224,79296,卖盘
1903,09:30:30,3.54,--,83,29382,卖盘
1904,09:30:22,3.54,--,93,32922,卖盘
1905,09:30:12,3.54,--,100,35400,卖盘
1906,09:30:06,3.54,-0.01,5231,1851774,卖盘
1907,09:28:55,3.55,--,0,0,卖盘
1908,09:25:03,3.55,3.55,7733,2745215,买盘
