,time,price,change,volume,amount,type
0,15:00:00,8.55,--,0,0,卖盘
1,15:00:00,8.55,--,131,112005,卖盘
2,14:59:58,8.55,--,42,35910,卖盘
3,14:59:53,8.55,--,39,33345,卖盘
4,14:59:48,8.55,--,8,6840,卖盘
5,14:59:43,8.55,--,36,30780,卖盘
6,14:59:38,8.55,--,338,288990,买盘
7,14:59:33,8.55,0.01,87,74385,买盘
8,14:59:28,8.54,--,233,198981,卖盘
9,14:59:23,8.54,-0.01,114,97355,卖盘
10,14:59:18,8.55,0.01,19,16245,买盘
11,14:59:13,8.54,--,78,66612,卖盘
12,14:59:08,8.54,-0.01,41,35014,卖盘
13,14:59:03,8.55,0.02,154,131670,买盘
14,14:58:58,8.53,-0.01,310,264430,卖盘
15,14:58:53,8.54,--,77,65758,买盘
16,14:58:48,8.54,--,4,3415,买盘
17,14:58:43,8.54,-0.01,404,345015,卖盘
18,14:58:38,8.55,--,401,342855,买盘
19,14:58:33,8.55,--,2,1710,买盘
20,14:58:28,8.55,0.01,22,18810,买盘
21,14:58:23,8.54,--,176,150303,卖盘
22,14:58:18,8.54,-0.01,420,358679,卖盘
23,14:58:13,8.55,--,211,180405,买盘
24,14:58:08,8.55,--,43,36765,买盘
25,14:58:03,8.55,--,32,27360,买盘
26,14:57:58,8.55,--,348,297540,卖盘
27,14:57:53,8.55,-0.01,69,58995,卖盘
28,14:57:48,8.56,0.01,48,41088,买盘
29,14:57:43,8.55,-0.01,27,23085,卖盘
30,14:57:38,8.56,--,22,18832,买盘
31,14:57:33,8.56,0.01,110,94160,买盘
32,14:57:28,8.55,-0.01,325,277875,卖盘
33,14:57:23,8.56,0.01,41,35096,买盘
34,14:57:18,8.55,--,114,97470,卖盘
35,14:57:13,8.55,--,191,163305,买盘
36,14:57:08,8.55,--,87,74385,卖盘
37,14:57:03,8.55,--,37,31635,买盘
38,14:56:58,8.55,--,356,304380,买盘
39,14:56:53,8.55,--,5,4275,买盘
40,14:56:43,8.55,--,35,29925,买盘
41,14:56:38,8.55,-0.01,162,138510,卖盘
42,14:56:33,8.56,0.01,6,5136,买盘
43,14:56:28,8.55,--,143,122265,卖盘
44,14:56:23,8.55,-0.01,25,21375,卖盘
45,14:56:18,8.56,--,14,11984,买盘
46,14:56:13,8.56,0.02,104,89024,买盘
47,14:56:08,8.54,-0.01,130,111019,卖盘
48,14:56:03,8.55,-0.01,5,4275,卖盘
49,14:55:58,8.56,--,0,0,买盘
50,14:55:53,8.56,0.02,130,111280,买盘
51,14:55:48,8.54,--,26,22203,买盘
52,14:55:43,8.54,--,49,41845,买盘
53,14:55:38,8.54,-0.02,150,128936,卖盘
54,14:55:32,8.56,0.01,100,85617,买盘
55,14:55:28,8.55,0.01,39,33345,卖盘
56,14:55:23,8.54,-0.02,500,426999,卖盘
57,14:55:17,8.56,0.01,658,563248,买盘
58,14:55:13,8.55,0.01,62,53010,买盘
59,14:55:02,8.54,-0.01,311,265594,卖盘
60,14:54:52,8.55,0.01,276,235980,卖盘
61,14:54:47,8.54,-0.01,215,183609,卖盘
62,14:54:37,8.55,--,67,57285,买盘
63,14:54:32,8.55,0.01,39,33345,买盘
64,14:54:27,8.54,--,12,10247,卖盘
65,14:54:22,8.54,0.01,104,88815,买盘
66,14:54:17,8.53,--,170,145010,卖盘
67,14:54:12,8.53,0.01,52,44483,买盘
68,14:54:07,8.52,-0.01,26,22152,卖盘
69,14:54:02,8.53,0.01,32,27295,买盘
70,14:53:57,8.52,--,1,852,卖盘
71,14:53:52,8.52,--,17,14484,卖盘
72,14:53:47,8.52,-0.01,59,50268,买盘
73,14:53:42,8.53,--,0,0,买盘
74,14:53:37,8.53,0.02,822,701166,买盘
75,14:53:32,8.51,-0.01,138,117438,卖盘
76,14:53:22,8.52,--,16,14356,卖盘
77,14:53:17,8.52,--,151,128652,卖盘
78,14:53:12,8.52,--,10,8520,卖盘
79,14:53:07,8.52,--,128,109183,买盘
80,14:52:57,8.52,--,10,8520,买盘
81,14:52:52,8.52,--,162,138748,卖盘
82,14:52:47,8.52,--,115,97980,卖盘
83,14:52:42,8.52,-0.01,1,852,卖盘
84,14:52:37,8.53,--,54,46062,买盘
85,14:52:32,8.53,0.01,57,48620,买盘
86,14:52:27,8.52,-0.01,32,27264,卖盘
87,14:52:22,8.53,--,13,11089,买盘
88,14:52:17,8.53,--,11,9383,买盘
89,14:52:12,8.53,--,284,242251,买盘
90,14:52:07,8.53,--,156,133068,卖盘
91,14:51:57,8.53,--,20,17060,卖盘
92,14:51:52,8.53,--,38,32413,买盘
93,14:51:47,8.53,--,56,47768,买盘
94,14:51:42,8.53,--,87,74211,买盘
95,14:51:37,8.53,0.01,44,37532,买盘
96,14:51:32,8.52,-0.01,277,236004,卖盘
97,14:51:22,8.53,0.01,44,37532,买盘
98,14:51:17,8.52,-0.01,16,13632,卖盘
99,14:51:12,8.53,-0.01,3,2559,买盘
100,14:51:07,8.54,--,171,146033,卖盘
101,14:51:02,8.54,0.01,143,122121,买盘
102,14:50:57,8.53,-0.01,49,41797,卖盘
103,14:50:52,8.54,0.02,175,149449,买盘
104,14:50:47,8.52,--,0,0,卖盘
105,14:50:42,8.52,-0.02,98,83496,卖盘
106,14:50:37,8.54,--,36,30743,卖盘
107,14:50:32,8.54,--,244,208384,买盘
108,14:50:22,8.54,-0.02,209,179331,卖盘
109,14:50:17,8.56,0.02,22,18840,买盘
110,14:50:12,8.54,-0.02,91,77713,卖盘
111,14:50:07,8.56,0.02,132,112992,买盘
112,14:50:02,8.54,-0.02,12,10247,中性盘
113,14:49:47,8.56,--,32,27392,买盘
114,14:49:42,8.56,--,10,8560,买盘
115,14:49:36,8.56,--,206,176336,买盘
116,14:49:31,8.56,--,28,23968,买盘
117,14:49:27,8.56,--,0,0,买盘
118,14:49:22,8.56,0.01,305,261080,买盘
119,14:49:16,8.55,0.03,74,63270,买盘
120,14:49:11,8.52,-0.03,330,281160,卖盘
121,14:49:07,8.55,0.01,48,41040,买盘
122,14:49:02,8.54,0.01,12,10247,买盘
123,14:48:57,8.53,-0.01,138,117713,卖盘
124,14:48:51,8.54,--,15,12809,买盘
125,14:48:46,8.54,-0.01,170,145180,卖盘
126,14:48:37,8.55,0.01,231,197505,买盘
127,14:48:31,8.54,--,35,29889,买盘
128,14:48:26,8.54,--,31,26473,买盘
129,14:48:21,8.54,0.01,21,17934,中性盘
130,14:48:16,8.53,--,221,188513,卖盘
131,14:48:11,8.53,--,4,3411,卖盘
132,14:48:06,8.53,--,132,112595,卖盘
133,14:48:01,8.53,--,81,69093,买盘
134,14:47:56,8.53,--,30,25589,买盘
135,14:47:51,8.53,0.01,28,23884,买盘
136,14:47:46,8.52,-0.01,188,160176,卖盘
137,14:47:41,8.53,--,157,133921,买盘
138,14:47:36,8.53,--,40,34120,买盘
139,14:47:31,8.53,0.01,80,68240,买盘
140,14:47:25,8.52,-0.01,100,85200,卖盘
141,14:47:21,8.53,0.01,106,90418,买盘
142,14:47:16,8.52,--,5,4260,卖盘
143,14:47:11,8.52,--,38,32376,卖盘
144,14:47:06,8.52,--,32,27264,卖盘
145,14:46:46,8.52,--,151,128652,卖盘
146,14:46:41,8.52,--,63,53795,买盘
147,14:46:36,8.52,--,46,39192,买盘
148,14:46:31,8.52,--,22,18744,买盘
149,14:46:26,8.52,--,23,19596,买盘
150,14:46:16,8.52,--,193,164436,卖盘
151,14:46:11,8.52,-0.01,2,1704,卖盘
152,14:46:06,8.53,0.01,142,121125,买盘
153,14:45:56,8.52,--,68,57936,买盘
154,14:45:51,8.52,0.01,88,74976,买盘
155,14:45:41,8.51,--,28,23828,卖盘
156,14:45:36,8.51,-0.01,32,27232,卖盘
157,14:45:31,8.52,--,5,4260,买盘
158,14:45:25,8.52,0.01,22,18744,买盘
159,14:45:21,8.51,--,2,1702,卖盘
160,14:45:11,8.51,-0.01,2,1702,卖盘
161,14:45:06,8.52,--,38,32376,买盘
162,14:45:01,8.52,0.01,45,38340,买盘
163,14:44:56,8.51,--,35,29785,卖盘
164,14:44:46,8.51,-0.01,10,8510,卖盘
165,14:44:41,8.52,0.01,49,41748,买盘
166,14:44:36,8.51,--,32,27232,卖盘
167,14:44:30,8.51,--,11,9361,卖盘
168,14:44:25,8.51,--,77,65527,卖盘
169,14:44:21,8.51,--,1,851,卖盘
170,14:44:16,8.51,--,5,4255,卖盘
171,14:44:11,8.51,--,51,43401,卖盘
172,14:44:06,8.51,--,32,27232,卖盘
173,14:44:00,8.51,0.01,153,130203,中性盘
174,14:43:56,8.5,--,0,0,卖盘
175,14:43:51,8.5,-0.01,81,68850,卖盘
176,14:43:46,8.51,--,231,196581,卖盘
177,14:43:41,8.51,--,23,19573,卖盘
178,14:43:36,8.51,-0.01,32,27232,卖盘
179,14:43:31,8.52,0.01,7,5964,买盘
180,14:43:26,8.51,-0.01,12,10212,卖盘
181,14:43:21,8.52,--,27,23004,买盘
182,14:43:11,8.52,--,274,233448,卖盘
183,14:43:06,8.52,-0.01,32,27264,卖盘
184,14:43:01,8.53,--,7,5971,买盘
185,14:42:56,8.53,--,146,124537,买盘
186,14:42:51,8.53,--,28,23884,买盘
187,14:42:45,8.53,--,20,17060,买盘
188,14:42:40,8.53,--,10,8530,买盘
189,14:42:35,8.53,--,46,39238,买盘
190,14:42:30,8.53,-0.02,218,185954,卖盘
191,14:42:20,8.55,0.01,5,4275,卖盘
192,14:42:15,8.54,-0.01,50,42699,卖盘
193,14:42:10,8.55,0.01,30,25650,买盘
194,14:42:05,8.54,-0.01,32,27327,卖盘
195,14:41:55,8.55,0.01,5,4275,中性盘
196,14:41:50,8.54,-0.02,85,72590,卖盘
197,14:41:45,8.56,0.02,6,5136,买盘
198,14:41:35,8.54,0.01,67,57217,中性盘
199,14:41:30,8.53,--,17,14500,卖盘
200,14:41:25,8.53,--,18,15353,买盘
201,14:41:20,8.53,--,20,17060,买盘
202,14:41:15,8.53,--,1,852,买盘
203,14:41:10,8.53,0.02,10,8530,买盘
204,14:41:05,8.51,-0.06,124,105524,卖盘
205,14:40:55,8.57,--,97,83866,卖盘
206,14:40:50,8.57,--,151,129407,卖盘
207,14:40:40,8.57,0.04,1751,1500726,买盘
208,14:40:35,8.53,0.02,57,48620,买盘
209,14:40:30,8.51,-0.01,5,4255,卖盘
210,14:40:25,8.52,--,47,40044,卖盘
211,14:40:15,8.52,-0.01,50,42600,卖盘
212,14:40:10,8.53,0.01,1,852,买盘
213,14:40:05,8.52,--,448,381696,卖盘
214,14:39:55,8.52,-0.01,84,71568,卖盘
215,14:39:45,8.53,-0.01,26,22178,卖盘
216,14:39:40,8.54,0.02,214,182755,买盘
217,14:39:35,8.52,-0.02,169,143988,卖盘
218,14:39:25,8.54,0.01,11,9393,买盘
219,14:39:19,8.53,-0.01,105,89565,买盘
220,14:39:15,8.54,--,0,0,买盘
221,14:39:10,8.54,0.01,32,27327,买盘
222,14:39:05,8.53,--,73,62268,卖盘
223,14:38:50,8.53,--,10,8530,卖盘
224,14:38:45,8.53,--,33,28148,买盘
225,14:38:40,8.53,0.01,66,56297,买盘
226,14:38:35,8.52,--,37,31524,卖盘
227,14:38:25,8.52,--,19,16188,卖盘
228,14:38:19,8.52,--,511,435372,卖盘
229,14:38:10,8.52,--,20,17040,卖盘
230,14:38:05,8.52,--,44,37488,买盘
231,14:37:55,8.52,-0.01,108,92016,买盘
232,14:37:50,8.53,0.02,200,170600,买盘
233,14:37:45,8.51,-0.01,7,5957,卖盘
234,14:37:40,8.52,--,12,10224,卖盘
235,14:37:34,8.52,0.01,105,89460,买盘
236,14:37:30,8.51,--,5,4255,卖盘
237,14:37:25,8.51,--,95,80845,买盘
238,14:37:20,8.51,--,5,4255,卖盘
239,14:37:09,8.51,--,41,34891,卖盘
240,14:37:04,8.51,-0.01,178,151478,卖盘
241,14:36:55,8.52,--,60,51120,卖盘
242,14:36:50,8.52,--,0,0,卖盘
243,14:36:39,8.52,--,29,24708,卖盘
244,14:36:34,8.52,--,186,158472,买盘
245,14:36:25,8.52,-0.02,110,93720,卖盘
246,14:36:19,8.54,0.03,90,76859,买盘
247,14:36:15,8.51,-0.01,31,26381,卖盘
248,14:36:09,8.52,-0.02,33,28116,卖盘
249,14:36:05,8.54,0.02,232,198127,买盘
250,14:35:54,8.52,0.01,2,1704,买盘
251,14:35:49,8.51,-0.01,50,42550,卖盘
252,14:35:34,8.52,0.02,40,34080,买盘
253,14:35:29,8.5,0.01,237,202257,买盘
254,14:35:24,8.49,-0.04,43,36507,卖盘
255,14:35:19,8.53,0.04,81,69093,买盘
256,14:35:04,8.49,--,53,44997,卖盘
257,14:34:58,8.49,-0.01,348,295452,卖盘
258,14:34:54,8.5,--,3,2550,买盘
259,14:34:49,8.5,--,90,76500,买盘
260,14:34:44,8.5,--,413,351050,买盘
261,14:34:39,8.5,--,3,2550,买盘
262,14:34:34,8.5,-0.01,511,434350,卖盘
263,14:34:28,8.51,--,3,2553,买盘
264,14:34:24,8.51,0.01,3,2553,买盘
265,14:34:19,8.5,-0.01,83,70550,卖盘
266,14:34:14,8.51,--,18,15318,买盘
267,14:34:09,8.51,--,693,589743,卖盘
268,14:34:04,8.51,-0.01,52,44252,卖盘
269,14:33:58,8.52,--,12,10224,买盘
270,14:33:54,8.52,-0.01,12,10224,卖盘
271,14:33:49,8.53,--,46,39238,买盘
272,14:33:44,8.53,--,187,159519,卖盘
273,14:33:39,8.53,--,4,3411,卖盘
274,14:33:34,8.53,--,32,27295,卖盘
275,14:33:28,8.53,--,124,106616,买盘
276,14:33:24,8.53,--,4,3411,买盘
277,14:33:19,8.53,--,12,10236,买盘
278,14:33:13,8.53,--,295,251634,买盘
279,14:33:04,8.53,-0.02,645,550185,卖盘
280,14:32:58,8.55,--,51,43605,买盘
281,14:32:54,8.55,--,45,38475,买盘
282,14:32:49,8.55,--,1,855,买盘
283,14:32:44,8.55,--,335,286425,买盘
284,14:32:39,8.55,0.01,50,42750,买盘
285,14:32:34,8.54,-0.01,61,52093,卖盘
286,14:32:28,8.55,0.02,1321,1129455,买盘
287,14:32:19,8.53,--,517,441000,卖盘
288,14:32:14,8.53,--,59,50326,买盘
289,14:32:09,8.53,-0.01,40,34120,买盘
290,14:32:04,8.54,0.01,433,369781,买盘
291,14:31:58,8.53,0.01,81,69093,买盘
292,14:31:54,8.52,--,5,4260,卖盘
293,14:31:49,8.52,0.01,11,9372,买盘
294,14:31:34,8.51,--,123,104673,买盘
295,14:31:28,8.51,--,225,191475,买盘
296,14:31:24,8.51,--,120,102120,买盘
297,14:31:19,8.51,--,50,42550,买盘
298,14:31:13,8.51,-0.01,558,474858,卖盘
299,14:31:09,8.52,--,143,121836,买盘
300,14:31:04,8.52,0.01,577,491604,买盘
301,14:30:58,8.51,--,16,13616,买盘
302,14:30:54,8.51,--,31,26381,买盘
303,14:30:49,8.51,--,80,68080,买盘
304,14:30:44,8.51,--,33,28083,买盘
305,14:30:39,8.51,0.02,40,34040,买盘
306,14:30:34,8.49,-0.02,224,190176,卖盘
307,14:30:28,8.51,--,20,17020,买盘
308,14:30:24,8.51,0.01,512,435712,买盘
309,14:30:19,8.5,--,26,22100,买盘
310,14:30:13,8.5,0.01,237,201450,买盘
311,14:30:03,8.49,0.01,32,27168,卖盘
312,14:29:58,8.48,-0.01,147,124656,卖盘
313,14:29:54,8.49,0.01,30,25470,买盘
314,14:29:49,8.48,-0.01,23,19504,中性盘
315,14:29:43,8.49,--,44,37356,买盘
316,14:29:38,8.49,-0.01,13,11037,中性盘
317,14:29:33,8.5,0.02,52,44200,买盘
318,14:29:18,8.48,-0.02,9,7632,买盘
319,14:29:13,8.5,--,0,0,买盘
320,14:29:03,8.5,0.03,586,498100,买盘
321,14:28:49,8.47,--,61,51667,卖盘
322,14:28:43,8.47,-0.01,5,4235,卖盘
323,14:28:37,8.48,0.02,4,3392,买盘
324,14:28:33,8.46,-0.01,36,30456,卖盘
325,14:28:28,8.47,--,7,5929,买盘
326,14:28:22,8.47,-0.01,198,167706,卖盘
327,14:28:18,8.48,0.02,5,4240,买盘
328,14:28:07,8.46,-0.01,32,27072,卖盘
329,14:27:58,8.47,0.01,30,25410,中性盘
330,14:27:37,8.46,--,32,27072,卖盘
331,14:27:28,8.46,--,0,0,卖盘
332,14:27:18,8.46,-0.03,1,846,卖盘
333,14:27:13,8.49,0.03,20,16980,买盘
334,14:27:07,8.46,--,40,33840,卖盘
335,14:26:57,8.46,--,0,0,卖盘
336,14:26:52,8.46,--,192,162432,卖盘
337,14:26:37,8.46,-0.03,32,27072,卖盘
338,14:26:22,8.49,0.03,40,33960,买盘
339,14:26:07,8.46,--,33,27918,卖盘
340,14:26:03,8.46,--,0,0,卖盘
341,14:25:58,8.46,-0.02,13,10998,卖盘
342,14:25:52,8.48,--,26,22048,买盘
343,14:25:48,8.48,0.02,5,4240,买盘
344,14:25:43,8.46,--,7,5922,卖盘
345,14:25:37,8.46,-0.02,32,27072,卖盘
346,14:25:33,8.48,0.01,30,25440,买盘
347,14:25:28,8.47,-0.01,16,13552,卖盘
348,14:25:22,8.48,--,11,9328,买盘
349,14:25:18,8.48,--,1,848,买盘
350,14:25:13,8.48,0.01,46,39008,买盘
351,14:25:07,8.47,-0.01,185,156695,卖盘
352,14:25:03,8.48,--,5,4240,买盘
353,14:24:57,8.48,-0.01,16,13568,买盘
354,14:24:52,8.49,--,0,0,买盘
355,14:24:48,8.49,0.02,12,10188,买盘
356,14:24:43,8.47,--,0,0,卖盘
357,14:24:37,8.47,-0.02,32,27104,卖盘
358,14:24:28,8.49,--,86,73014,买盘
359,14:24:22,8.49,0.01,4,3396,买盘
360,14:24:18,8.48,--,8,6784,卖盘
361,14:24:12,8.48,--,10,8480,卖盘
362,14:24:07,8.48,--,33,27984,卖盘
363,14:23:57,8.48,-0.01,20,16960,卖盘
364,14:23:52,8.49,--,23,19527,中性盘
365,14:23:48,8.49,0.01,2,1698,买盘
366,14:23:37,8.48,-0.02,32,27136,卖盘
367,14:23:32,8.5,--,1,850,买盘
368,14:23:27,8.5,--,147,124950,卖盘
369,14:23:22,8.5,-0.01,36,30600,卖盘
370,14:23:12,8.51,--,54,45954,买盘
371,14:23:07,8.51,-0.01,1107,942074,卖盘
372,14:22:58,8.52,-0.01,96,81792,卖盘
373,14:22:52,8.53,--,3,2559,买盘
374,14:22:42,8.53,0.01,5,4265,买盘
375,14:22:37,8.52,-0.01,56,47712,卖盘
376,14:22:33,8.53,--,14,11942,卖盘
377,14:22:27,8.53,0.01,127,108330,买盘
378,14:22:22,8.52,--,88,74976,卖盘
379,14:22:17,8.52,--,60,51120,卖盘
380,14:22:12,8.52,-0.01,25,21300,卖盘
381,14:22:07,8.53,0.01,39,33267,买盘
382,14:22:02,8.52,--,10,8520,卖盘
383,14:21:52,8.52,0.01,182,155064,买盘
384,14:21:37,8.51,0.01,272,232305,买盘
385,14:21:31,8.5,-0.01,38,32300,卖盘
386,14:21:27,8.51,0.01,465,395715,买盘
387,14:21:16,8.5,-0.01,5,4250,卖盘
388,14:21:06,8.51,0.01,519,441669,买盘
389,14:21:01,8.5,-0.01,132,112200,卖盘
390,14:20:57,8.51,--,0,0,买盘
391,14:20:46,8.51,0.01,590,502090,买盘
392,14:20:42,8.5,0.01,50,42500,买盘
393,14:20:36,8.49,--,217,184233,买盘
394,14:20:31,8.49,--,123,104427,买盘
395,14:20:21,8.49,--,1,849,买盘
396,14:20:16,8.49,--,20,16980,买盘
397,14:20:12,8.49,0.01,45,38205,买盘
398,14:20:06,8.48,-0.01,32,27136,卖盘
399,14:19:51,8.49,--,74,62826,买盘
400,14:19:46,8.49,0.02,2,1698,买盘
401,14:19:36,8.47,-0.02,31,26257,卖盘
402,14:19:31,8.49,0.02,10,8490,买盘
403,14:19:16,8.47,--,47,39809,买盘
404,14:19:12,8.47,--,20,16940,买盘
405,14:19:06,8.47,--,65,55055,卖盘
406,14:19:01,8.47,--,0,0,卖盘
407,14:18:36,8.47,--,32,27104,卖盘
408,14:18:06,8.47,-0.02,32,27104,卖盘
409,14:17:46,8.49,--,24,20376,买盘
410,14:17:36,8.49,--,51,43299,卖盘
411,14:17:31,8.49,--,104,88296,卖盘
412,14:17:21,8.49,--,99,84051,卖盘
413,14:17:06,8.49,-0.01,32,27168,卖盘
414,14:17:01,8.5,--,5,4250,买盘
415,14:16:51,8.5,0.01,12,10200,中性盘
416,14:16:46,8.49,-0.01,21,17829,卖盘
417,14:16:41,8.5,0.01,15,12750,买盘
418,14:16:36,8.49,-0.02,33,28017,卖盘
419,14:16:31,8.51,0.02,210,178710,买盘
420,14:16:26,8.49,-0.01,20,16980,卖盘
421,14:16:21,8.5,--,642,545700,卖盘
422,14:16:16,8.5,--,38,32300,卖盘
423,14:16:11,8.5,--,20,17000,卖盘
424,14:16:06,8.5,--,157,133450,买盘
425,14:16:01,8.5,--,195,165750,买盘
426,14:15:56,8.5,--,4,3400,买盘
427,14:15:46,8.5,--,10,8500,买盘
428,14:15:41,8.5,--,106,90100,买盘
429,14:15:36,8.5,--,78,66300,买盘
430,14:15:31,8.5,0.01,18,15300,买盘
431,14:15:26,8.49,-0.01,32,27168,卖盘
432,14:15:16,8.5,0.01,27,22950,买盘
433,14:15:11,8.49,0.01,117,99333,买盘
434,14:15:06,8.48,0.02,43,36464,买盘
435,14:15:01,8.46,--,5,4230,卖盘
436,14:14:51,8.46,--,25,21150,卖盘
437,14:14:46,8.46,0.01,54,45937,买盘
438,14:14:41,8.45,-0.01,9,7604,卖盘
439,14:14:36,8.46,--,62,52452,买盘
440,14:14:31,8.46,--,3,2538,买盘
441,14:14:21,8.46,--,20,16920,买盘
442,14:14:15,8.46,0.02,57,48222,买盘
443,14:14:11,8.44,0.02,4,3376,买盘
444,14:14:06,8.42,-0.01,32,26944,卖盘
445,14:14:00,8.43,0.01,28,23604,卖盘
446,14:13:55,8.42,--,232,195344,卖盘
447,14:13:51,8.42,-0.02,50,42100,卖盘
448,14:13:45,8.44,0.02,43,36292,买盘
449,14:13:40,8.42,-0.01,9,7578,卖盘
450,14:13:36,8.43,0.01,142,119706,买盘
451,14:13:30,8.42,-0.01,71,59782,卖盘
452,14:13:15,8.43,--,55,46365,买盘
453,14:13:06,8.43,--,35,29505,买盘
454,14:12:55,8.43,--,47,39621,卖盘
455,14:12:51,8.43,--,5,4215,卖盘
456,14:12:45,8.43,0.01,2,1686,买盘
457,14:12:36,8.42,-0.02,31,26102,卖盘
458,14:12:25,8.44,0.02,20,16880,买盘
459,14:12:21,8.42,-0.02,859,723471,卖盘
460,14:12:15,8.44,0.01,23,19412,买盘
461,14:12:06,8.43,-0.01,32,26976,卖盘
462,14:12:00,8.44,-0.01,76,64143,卖盘
463,14:11:55,8.45,--,136,114919,买盘
464,14:11:45,8.45,0.01,79,66755,买盘
465,14:11:36,8.44,-0.01,32,27008,卖盘
466,14:11:30,8.45,--,10,8450,买盘
467,14:11:25,8.45,0.01,18,15209,买盘
468,14:11:21,8.44,--,10,8440,卖盘
469,14:11:10,8.44,-0.01,8,6752,买盘
470,14:11:06,8.45,0.01,73,61684,买盘
471,14:11:00,8.44,--,10,8440,买盘
472,14:10:55,8.44,--,24,20256,买盘
473,14:10:45,8.44,0.01,165,139682,买盘
474,14:10:40,8.43,--,5,4215,买盘
475,14:10:36,8.43,--,71,59853,买盘
476,14:10:30,8.43,--,112,94416,买盘
477,14:10:25,8.43,--,3,2529,买盘
478,14:10:15,8.43,--,55,46365,买盘
479,14:10:10,8.43,--,484,408012,买盘
480,14:10:06,8.43,--,38,32034,买盘
481,14:10:00,8.43,0.01,7,5901,买盘
482,14:09:55,8.42,-0.01,126,106092,卖盘
483,14:09:51,8.43,0.01,5,4215,买盘
484,14:09:45,8.42,-0.01,63,53046,卖盘
485,14:09:40,8.43,--,50,42150,买盘
486,14:09:36,8.43,0.01,56,47208,买盘
487,14:09:30,8.42,-0.01,160,134720,卖盘
488,14:09:25,8.43,0.01,14,11802,买盘
489,14:09:21,8.42,--,6,5052,买盘
490,14:09:15,8.42,--,177,149034,卖盘
491,14:09:10,8.42,--,18,15156,卖盘
492,14:09:06,8.42,--,100,84200,买盘
493,14:09:00,8.42,0.01,115,96830,买盘
494,14:08:55,8.41,-0.01,239,200999,卖盘
495,14:08:45,8.42,--,103,86726,卖盘
496,14:08:40,8.42,--,117,98514,买盘
497,14:08:35,8.42,--,33,27786,买盘
498,14:08:30,8.42,0.01,121,101882,买盘
499,14:08:25,8.41,-0.01,87,73167,卖盘
500,14:08:20,8.42,--,30,25260,买盘
501,14:08:10,8.42,--,101,85042,卖盘
502,14:08:05,8.42,--,174,146508,卖盘
503,14:08:00,8.42,-0.01,115,96830,卖盘
504,14:07:55,8.43,0.01,225,189675,买盘
505,14:07:50,8.42,-0.01,234,197028,卖盘
506,14:07:45,8.43,--,14,11802,买盘
507,14:07:40,8.43,--,15,12645,买盘
508,14:07:35,8.43,--,45,37935,买盘
509,14:07:30,8.43,-0.01,121,102003,卖盘
510,14:07:25,8.44,-0.02,26,21944,卖盘
511,14:07:20,8.46,0.02,20,16920,买盘
512,14:07:15,8.44,-0.01,20,16880,卖盘
513,14:07:10,8.45,--,7,5914,卖盘
514,14:07:05,8.45,-0.01,68,57459,卖盘
515,14:07:00,8.46,-0.01,10,8460,中性盘
516,14:06:55,8.47,0.02,20,16940,买盘
517,14:06:50,8.45,-0.01,479,404754,卖盘
518,14:06:45,8.46,--,22,18612,卖盘
519,14:06:39,8.46,-0.02,473,400581,卖盘
520,14:06:35,8.48,-0.01,32,27136,卖盘
521,14:06:20,8.49,--,55,46695,卖盘
522,14:06:15,8.49,--,10,8490,卖盘
523,14:06:09,8.49,--,50,42450,卖盘
524,14:06:04,8.49,--,32,27168,卖盘
525,14:05:54,8.49,-0.01,2,1698,卖盘
526,14:05:49,8.5,0.01,30,25500,买盘
527,14:05:34,8.49,-0.01,37,31413,卖盘
528,14:05:19,8.5,0.01,23,19550,买盘
529,14:05:09,8.49,0.02,14,11886,买盘
530,14:05:04,8.47,-0.01,36,30492,卖盘
531,14:05:00,8.48,0.01,32,27136,买盘
532,14:04:45,8.47,-0.01,47,39809,卖盘
533,14:04:39,8.48,0.01,13,11024,买盘
534,14:04:34,8.47,-0.01,33,27951,卖盘
535,14:04:30,8.48,--,10,8480,买盘
536,14:04:19,8.48,-0.01,50,42400,中性盘
537,14:04:09,8.49,0.02,30,25470,买盘
538,14:04:04,8.47,--,32,27104,卖盘
539,14:04:00,8.47,-0.02,382,323554,卖盘
540,14:03:49,8.49,-0.01,5,4245,卖盘
541,14:03:39,8.5,0.01,1,850,买盘
542,14:03:34,8.49,--,32,27168,卖盘
543,14:03:24,8.49,--,86,73014,卖盘
544,14:03:09,8.49,--,20,16980,卖盘
545,14:03:04,8.49,--,35,29715,卖盘
546,14:02:54,8.49,-0.01,10,8490,卖盘
547,14:02:49,8.5,0.01,5,4250,买盘
548,14:02:44,8.49,--,55,46695,卖盘
549,14:02:34,8.49,-0.01,31,26319,卖盘
550,14:02:29,8.5,--,33,28050,买盘
551,14:02:24,8.5,--,2,1700,买盘
552,14:02:19,8.5,--,62,52700,卖盘
553,14:02:09,8.5,--,50,42500,卖盘
554,14:02:04,8.5,--,42,35700,卖盘
555,14:01:49,8.5,-0.01,10,8500,卖盘
556,14:01:39,8.51,--,58,49358,买盘
557,14:01:34,8.51,--,33,28083,买盘
558,14:01:24,8.51,--,10,8510,买盘
559,14:01:09,8.51,--,1065,906332,卖盘
560,14:01:04,8.51,--,55,46805,卖盘
561,14:00:59,8.51,--,258,220391,买盘
562,14:00:54,8.51,--,19,16169,买盘
563,14:00:49,8.51,--,20,17020,买盘
564,14:00:39,8.51,0.01,6,5106,买盘
565,14:00:33,8.5,--,41,34850,卖盘
566,14:00:24,8.5,--,17,14450,卖盘
567,14:00:18,8.5,-0.01,79,67150,卖盘
568,14:00:14,8.51,--,20,17020,买盘
569,14:00:03,8.51,0.01,46,39146,买盘
570,13:59:54,8.5,--,10,8500,卖盘
571,13:59:33,8.5,-0.01,35,29750,卖盘
572,13:59:29,8.51,0.01,74,62974,买盘
573,13:59:18,8.5,-0.01,11,9350,卖盘
574,13:59:13,8.51,--,400,340400,买盘
575,13:59:09,8.51,0.01,20,17020,买盘
576,13:59:03,8.5,-0.01,35,29750,卖盘
577,13:58:58,8.51,--,10,8510,买盘
578,13:58:38,8.51,0.01,31,26381,买盘
579,13:58:33,8.5,-0.01,32,27200,卖盘
580,13:58:28,8.51,--,100,85100,买盘
581,13:58:18,8.51,--,147,125097,买盘
582,13:58:13,8.51,0.01,289,245939,买盘
583,13:58:03,8.5,-0.01,113,96050,卖盘
584,13:57:58,8.51,--,48,40848,买盘
585,13:57:48,8.51,--,3,2553,买盘
586,13:57:43,8.51,--,226,192343,卖盘
587,13:57:38,8.51,--,10,8510,卖盘
588,13:57:33,8.51,--,32,27232,卖盘
589,13:57:28,8.51,0.01,912,776945,买盘
590,13:57:18,8.5,-0.01,5,4250,卖盘
591,13:57:13,8.51,0.01,15,12765,买盘
592,13:57:03,8.5,-0.01,32,27200,卖盘
593,13:56:58,8.51,0.01,5,4255,买盘
594,13:56:53,8.5,--,6,5100,卖盘
595,13:56:48,8.5,--,4,3400,卖盘
596,13:56:43,8.5,--,98,84014,买盘
597,13:56:38,8.5,0.01,2,1700,买盘
598,13:56:33,8.49,-0.01,116,98484,卖盘
599,13:56:28,8.5,--,1,850,买盘
600,13:56:23,8.5,--,5,4250,买盘
601,13:56:18,8.5,--,2,1700,买盘
602,13:56:13,8.5,--,66,56100,买盘
603,13:56:08,8.5,--,44,37400,买盘
604,13:56:03,8.5,--,64,54400,买盘
605,13:55:58,8.5,--,15,12750,买盘
606,13:55:53,8.5,-0.01,124,105536,卖盘
607,13:55:48,8.51,--,28,23828,买盘
608,13:55:38,8.51,--,5,4255,买盘
609,13:55:33,8.51,0.01,90,76590,买盘
610,13:55:28,8.5,--,13,11050,卖盘
611,13:55:23,8.5,-0.01,20,17000,卖盘
612,13:55:18,8.51,0.01,127,108077,买盘
613,13:55:13,8.5,-0.01,48,40800,卖盘
614,13:55:08,8.51,0.01,20,17020,买盘
615,13:55:03,8.5,--,68,57800,卖盘
616,13:54:58,8.5,-0.01,202,171700,卖盘
617,13:54:48,8.51,--,12,10212,买盘
618,13:54:43,8.51,--,184,156601,卖盘
619,13:54:38,8.51,--,0,0,卖盘
620,13:54:33,8.51,-0.01,132,112332,卖盘
621,13:54:28,8.52,0.01,3,2556,买盘
622,13:54:23,8.51,--,3,2553,卖盘
623,13:54:03,8.51,-0.01,54,45954,卖盘
624,13:53:48,8.52,--,20,17040,卖盘
625,13:53:33,8.52,--,40,34080,卖盘
626,13:53:28,8.52,-0.02,14,11928,卖盘
627,13:53:18,8.54,0.01,3,2561,买盘
628,13:53:12,8.53,-0.01,305,260164,中性盘
629,13:53:08,8.54,0.02,20,17080,买盘
630,13:53:03,8.52,-0.02,32,27264,卖盘
631,13:52:57,8.54,--,1,853,买盘
632,13:52:53,8.54,--,3,2561,买盘
633,13:52:42,8.54,--,70,59779,买盘
634,13:52:38,8.54,0.01,46,39283,买盘
635,13:52:33,8.53,-0.01,20,17060,卖盘
636,13:52:27,8.54,0.01,7,5977,买盘
637,13:52:12,8.53,0.01,121,103212,买盘
638,13:52:08,8.52,--,32,27264,卖盘
639,13:51:53,8.52,--,32,27264,买盘
640,13:51:48,8.52,-0.01,82,69864,卖盘
641,13:51:42,8.53,0.01,17,14500,买盘
642,13:51:38,8.52,--,32,27264,卖盘
643,13:51:27,8.52,--,5,4260,卖盘
644,13:51:22,8.52,0.01,138,117576,买盘
645,13:51:18,8.51,-0.01,65,55315,卖盘
646,13:51:12,8.52,0.01,2,1704,买盘
647,13:51:08,8.51,-0.01,32,27232,卖盘
648,13:50:52,8.52,-0.01,46,39192,卖盘
649,13:50:42,8.53,0.01,18,15353,买盘
650,13:50:37,8.52,-0.01,43,36636,卖盘
651,13:50:32,8.53,0.01,1,852,买盘
652,13:50:07,8.52,-0.01,32,27264,卖盘
653,13:49:57,8.53,0.02,6,5118,买盘
654,13:49:52,8.51,-0.01,387,329337,卖盘
655,13:49:47,8.52,--,13,11076,买盘
656,13:49:42,8.52,--,38,32376,买盘
657,13:49:37,8.52,-0.01,60,51120,卖盘
658,13:49:32,8.53,-0.01,10,8530,买盘
659,13:49:27,8.54,0.01,27,23057,买盘
660,13:49:22,8.53,--,7,5971,卖盘
661,13:49:17,8.53,-0.01,5,4265,卖盘
662,13:49:12,8.54,0.01,50,42699,买盘
663,13:49:07,8.53,-0.01,33,28148,卖盘
664,13:48:52,8.54,--,62,53545,卖盘
665,13:48:47,8.54,--,10,8540,卖盘
666,13:48:42,8.54,-0.01,20,17080,卖盘
667,13:48:37,8.55,--,269,230661,卖盘
668,13:48:32,8.55,-0.01,3,2565,卖盘
669,13:48:27,8.56,--,81,69336,买盘
670,13:48:12,8.56,0.01,122,104432,买盘
671,13:48:07,8.55,--,32,27360,卖盘
672,13:48:02,8.55,--,10,8550,卖盘
673,13:47:57,8.55,-0.02,24,20913,卖盘
674,13:47:52,8.57,0.02,57,48849,买盘
675,13:47:42,8.55,--,0,0,卖盘
676,13:47:37,8.55,-0.03,114,98290,卖盘
677,13:47:32,8.58,--,241,206778,买盘
678,13:47:22,8.58,0.01,100,85800,买盘
679,13:47:17,8.57,--,26,23096,卖盘
680,13:47:12,8.57,--,159,136288,卖盘
681,13:47:07,8.57,0.01,386,330819,买盘
682,13:47:02,8.56,--,24,20544,买盘
683,13:46:57,8.56,0.01,109,93500,买盘
684,13:46:52,8.55,-0.01,130,111757,卖盘
685,13:46:42,8.56,--,72,61632,买盘
686,13:46:37,8.56,-0.01,36,30816,中性盘
687,13:46:32,8.57,--,110,94655,买盘
688,13:46:27,8.57,0.01,30,25710,买盘
689,13:46:21,8.56,-0.01,6,5906,卖盘
690,13:46:17,8.57,--,12,10284,买盘
691,13:46:12,8.57,--,35,30363,买盘
692,13:46:06,8.57,0.01,148,126836,买盘
693,13:46:02,8.56,--,44,38306,卖盘
694,13:45:51,8.56,--,44,38066,卖盘
695,13:45:47,8.56,--,5,4280,卖盘
696,13:45:36,8.56,-0.02,49,41944,卖盘
697,13:45:32,8.58,0.03,35,30030,买盘
698,13:45:21,8.55,--,172,147402,卖盘
699,13:45:17,8.55,--,10,8550,卖盘
700,13:45:12,8.55,-0.02,256,218939,卖盘
701,13:45:06,8.57,0.02,172,147404,买盘
702,13:45:02,8.55,--,219,187792,卖盘
703,13:44:51,8.55,--,2,1710,卖盘
704,13:44:47,8.55,--,259,221975,买盘
705,13:44:42,8.55,--,50,42750,买盘
706,13:44:36,8.55,--,172,147102,买盘
707,13:44:32,8.55,0.01,30,25650,买盘
708,13:44:21,8.54,--,41,35295,卖盘
709,13:44:12,8.54,-0.01,20,17080,卖盘
710,13:44:06,8.55,0.01,182,155610,买盘
711,13:44:02,8.54,--,47,40180,卖盘
712,13:43:51,8.54,0.01,140,119559,买盘
713,13:43:47,8.53,-0.01,6,5783,卖盘
714,13:43:36,8.54,0.01,197,168963,买盘
715,13:43:21,8.53,--,17,14944,卖盘
716,13:43:16,8.53,0.01,0,673,买盘
717,13:43:12,8.52,--,0,0,卖盘
718,13:43:06,8.52,-0.02,32,27264,卖盘
719,13:43:01,8.54,0.02,58,49566,买盘
720,13:42:46,8.52,-0.01,92,78511,卖盘
721,13:42:42,8.53,--,10,9212,买盘
722,13:42:36,8.53,--,94,80182,卖盘
723,13:42:31,8.53,--,21,17913,买盘
724,13:42:26,8.53,0.01,8,6823,买盘
725,13:42:21,8.52,-0.01,58,49518,卖盘
726,13:42:16,8.53,0.01,3,2559,中性盘
727,13:42:11,8.52,-0.01,83,71389,卖盘
728,13:42:06,8.53,--,62,53636,买盘
729,13:42:01,8.53,--,91,78040,卖盘
730,13:41:51,8.53,0.01,43,37114,买盘
731,13:41:46,8.52,--,132,112941,卖盘
732,13:41:36,8.52,0.01,92,78895,买盘
733,13:41:31,8.51,-0.01,8,6808,卖盘
734,13:41:26,8.52,0.01,6,5112,买盘
735,13:41:21,8.51,--,21,18253,卖盘
736,13:41:16,8.51,--,4,3404,卖盘
737,13:41:11,8.51,-0.01,62,53085,卖盘
738,13:41:06,8.52,0.01,46,39192,买盘
739,13:41:01,8.51,--,97,83287,卖盘
740,13:40:46,8.51,-0.01,197,167902,卖盘
741,13:40:41,8.52,-0.01,12,10224,买盘
742,13:40:36,8.53,-0.01,80,68615,卖盘
743,13:40:31,8.54,0.02,103,88235,买盘
744,13:40:26,8.52,-0.01,110,93924,卖盘
745,13:40:21,8.53,--,1,852,买盘
746,13:40:11,8.53,--,10,8530,卖盘
747,13:40:06,8.53,--,67,57150,卖盘
748,13:39:56,8.53,-0.01,2,2115,卖盘
749,13:39:51,8.54,--,5,4270,卖盘
750,13:39:46,8.54,--,78,67056,卖盘
751,13:39:36,8.54,-0.01,74,63195,卖盘
752,13:39:31,8.55,0.01,131,112005,买盘
753,13:39:26,8.54,0.01,51,43553,买盘
754,13:39:21,8.53,--,28,23884,卖盘
755,13:39:16,8.53,--,6,5118,卖盘
756,13:39:11,8.53,0.01,5,4964,卖盘
757,13:39:06,8.52,-0.01,32,27264,卖盘
758,13:39:01,8.53,-0.01,36,31543,卖盘
759,13:38:51,8.54,0.01,36,31580,买盘
760,13:38:41,8.53,0.01,99,84847,买盘
761,13:38:36,8.52,--,32,27264,卖盘
762,13:38:31,8.52,--,3,3203,卖盘
763,13:38:21,8.52,--,36,31149,买盘
764,13:38:15,8.52,0.01,13,11076,买盘
765,13:38:11,8.51,--,0,0,卖盘
766,13:38:06,8.51,-0.01,32,27232,卖盘
767,13:38:00,8.52,0.01,22,18795,卖盘
768,13:37:56,8.51,--,0,0,卖盘
769,13:37:51,8.51,--,47,40779,卖盘
770,13:37:45,8.51,--,23,20253,卖盘
771,13:37:36,8.51,-0.04,37,31487,卖盘
772,13:37:30,8.55,--,48,41390,卖盘
773,13:37:26,8.55,--,110,94050,卖盘
774,13:37:21,8.55,--,63,54301,卖盘
775,13:37:15,8.55,--,5,4275,卖盘
776,13:37:11,8.55,0.03,14,11970,买盘
777,13:37:06,8.52,-0.01,36,30672,卖盘
778,13:37:00,8.53,-0.02,43,37071,卖盘
779,13:36:56,8.55,--,28,24273,买盘
780,13:36:45,8.55,--,39,33917,卖盘
781,13:36:41,8.55,--,89,76095,买盘
782,13:36:36,8.55,--,36,30780,买盘
783,13:36:30,8.55,--,154,132148,买盘
784,13:36:15,8.55,-0.01,148,127386,卖盘
785,13:36:11,8.56,--,130,111280,买盘
786,13:36:06,8.56,--,115,98731,买盘
787,13:36:00,8.56,--,54,46224,买盘
788,13:35:56,8.56,--,52,44597,卖盘
789,13:35:45,8.56,-0.01,28,24507,卖盘
790,13:35:41,8.57,--,39,33423,买盘
791,13:35:36,8.57,--,107,91699,买盘
792,13:35:30,8.57,-0.01,17,14569,卖盘
793,13:35:26,8.58,--,153,132123,买盘
794,13:35:15,8.58,0.02,7,6006,买盘
795,13:35:10,8.56,-0.01,110,94160,卖盘
796,13:35:05,8.57,-0.01,90,77369,买盘
797,13:35:00,8.58,--,79,67782,买盘
798,13:34:55,8.58,--,86,73788,买盘
799,13:34:50,8.58,0.01,199,170922,买盘
800,13:34:45,8.57,--,298,256063,卖盘
801,13:34:40,8.57,0.02,173,148492,买盘
802,13:34:35,8.55,--,132,112860,卖盘
803,13:34:30,8.55,--,12,10815,卖盘
804,13:34:25,8.55,--,86,73530,买盘
805,13:34:15,8.55,0.01,782,669071,买盘
806,13:34:10,8.54,--,31,26473,买盘
807,13:34:05,8.54,0.01,86,73443,买盘
808,13:34:00,8.53,--,92,79141,卖盘
809,13:33:55,8.53,0.01,257,219255,买盘
810,13:33:50,8.52,--,5,4260,卖盘
811,13:33:45,8.52,0.01,359,306575,买盘
812,13:33:40,8.51,--,44,37750,卖盘
813,13:33:35,8.51,-0.01,68,57868,卖盘
814,13:33:30,8.52,--,49,41892,买盘
815,13:33:20,8.52,--,15,12780,买盘
816,13:33:15,8.52,0.01,110,93771,买盘
817,13:33:10,8.51,0.01,7,5957,买盘
818,13:33:05,8.5,--,32,27200,卖盘
819,13:33:00,8.5,--,37,31645,卖盘
820,13:32:55,8.5,--,19,16617,卖盘
821,13:32:45,8.5,0.01,8,6800,卖盘
822,13:32:40,8.49,--,0,0,卖盘
823,13:32:35,8.49,-0.01,31,26319,卖盘
824,13:32:30,8.5,--,0,110,卖盘
825,13:32:24,8.5,--,21,18555,卖盘
826,13:32:15,8.5,-0.01,7,6528,卖盘
827,13:32:09,8.51,--,5,4255,买盘
828,13:32:05,8.51,--,48,40848,买盘
829,13:31:59,8.51,--,63,54140,卖盘
830,13:31:54,8.51,0.01,31,26704,卖盘
831,13:31:50,8.5,--,76,64889,卖盘
832,13:31:45,8.5,-0.01,102,86878,卖盘
833,13:31:39,8.51,--,167,142117,买盘
834,13:31:34,8.51,0.01,51,43401,中性盘
835,13:31:29,8.5,-0.01,104,88910,卖盘
836,13:31:24,8.51,0.01,95,80845,买盘
837,13:31:20,8.5,--,126,107295,卖盘
838,13:31:05,8.5,--,43,36550,卖盘
839,13:31:00,8.5,--,0,663,买盘
840,13:30:50,8.5,0.01,10,8500,买盘
841,13:30:39,8.49,--,0,0,卖盘
842,13:30:35,8.49,-0.01,39,33111,卖盘
843,13:30:29,8.5,--,5,4879,卖盘
844,13:30:14,8.5,0.02,3,2669,卖盘
845,13:30:05,8.48,-0.02,35,29985,卖盘
846,13:30:00,8.5,--,3,2550,买盘
847,13:29:54,8.5,--,0,0,买盘
848,13:29:50,8.5,--,15,12750,买盘
849,13:29:39,8.5,0.02,2,1700,买盘
850,13:29:35,8.48,-0.02,32,27136,卖盘
851,13:29:24,8.5,--,12,10497,卖盘
852,13:29:20,8.5,--,36,30600,卖盘
853,13:29:14,8.5,0.01,13,11730,卖盘
854,13:29:09,8.49,-0.01,99,84051,卖盘
855,13:29:05,8.5,--,77,66172,卖盘
856,13:28:54,8.5,--,88,74800,买盘
857,13:28:49,8.5,0.02,15,12750,买盘
858,13:28:44,8.48,--,24,20352,卖盘
859,13:28:35,8.48,--,32,27136,卖盘
860,13:28:29,8.48,0.01,10,8480,卖盘
861,13:28:24,8.47,-0.01,70,59290,卖盘
862,13:28:04,8.48,-0.02,32,27136,卖盘
863,13:27:54,8.5,--,5,4250,买盘
864,13:27:49,8.5,--,1,850,买盘
865,13:27:44,8.5,0.02,6,5100,买盘
866,13:27:34,8.48,-0.02,32,27136,卖盘
867,13:27:29,8.5,--,0,0,买盘
868,13:27:24,8.5,--,200,170000,买盘
869,13:27:14,8.5,--,0,0,买盘
870,13:27:09,8.5,0.01,100,85000,买盘
871,13:27:04,8.49,-0.01,32,27168,卖盘
872,13:26:49,8.5,--,8,6800,买盘
873,13:26:39,8.5,--,302,256700,买盘
874,13:26:34,8.5,--,139,118150,买盘
875,13:26:24,8.5,0.01,3,2550,买盘
876,13:26:09,8.49,--,1,849,卖盘
877,13:26:04,8.49,--,31,26319,卖盘
878,13:25:49,8.49,0.01,4,3396,卖盘
879,13:25:38,8.48,--,0,0,卖盘
880,13:25:34,8.48,-0.02,36,30528,卖盘
881,13:25:23,8.5,0.01,30,25500,买盘
882,13:25:18,8.49,-0.01,4,3396,卖盘
883,13:25:14,8.5,--,0,0,买盘
884,13:25:03,8.5,--,45,38250,买盘
885,13:24:44,8.5,--,161,136850,买盘
886,13:24:38,8.5,0.01,3,2550,买盘
887,13:24:33,8.49,--,33,28017,卖盘
888,13:24:23,8.49,--,5,4245,卖盘
889,13:24:14,8.49,-0.01,24,20376,卖盘
890,13:24:08,8.5,0.01,5,4250,买盘
891,13:24:03,8.49,--,32,27168,卖盘
892,13:23:59,8.49,--,5,4245,买盘
893,13:23:53,8.49,-0.01,16,13584,卖盘
894,13:23:48,8.5,--,10,8500,买盘
895,13:23:43,8.5,0.02,7,5950,买盘
896,13:23:33,8.48,-0.01,37,31376,卖盘
897,13:23:29,8.49,--,64,54336,买盘
898,13:23:23,8.49,--,19,16131,买盘
899,13:23:14,8.49,0.01,10,8490,买盘
900,13:23:03,8.48,-0.01,50,42400,卖盘
901,13:22:58,8.49,--,1,849,卖盘
902,13:22:43,8.49,--,8,6792,卖盘
903,13:22:33,8.49,--,31,26319,卖盘
904,13:22:28,8.49,0.01,10,8490,买盘
905,13:22:18,8.48,--,6,5088,卖盘
906,13:22:08,8.48,0.01,68,58088,买盘
907,13:22:03,8.47,-0.01,32,27104,卖盘
908,13:21:48,8.48,0.02,6,5088,买盘
909,13:21:38,8.46,--,0,0,卖盘
910,13:21:33,8.46,-0.01,63,53298,卖盘
911,13:21:23,8.47,--,20,16940,卖盘
912,13:21:18,8.47,--,1,847,卖盘
913,13:21:08,8.47,-0.01,16,13552,卖盘
914,13:21:03,8.48,0.01,45,38160,买盘
915,13:20:58,8.47,--,15,12705,买盘
916,13:20:53,8.47,--,3,2541,买盘
917,13:20:38,8.47,0.01,5,4235,买盘
918,13:20:33,8.46,-0.01,41,34686,卖盘
919,13:20:28,8.47,--,18,15246,卖盘
920,13:20:23,8.47,-0.01,15,12705,卖盘
921,13:20:18,8.48,0.01,30,25440,买盘
922,13:20:03,8.47,0.01,62,52514,卖盘
923,13:19:53,8.46,-0.02,82,69372,卖盘
924,13:19:48,8.48,0.02,5,4240,买盘
925,13:19:43,8.46,--,21,17766,卖盘
926,13:19:33,8.46,--,55,46530,卖盘
927,13:19:28,8.46,-0.01,4,3384,卖盘
928,13:19:13,8.47,--,20,16940,买盘
929,13:19:03,8.47,--,132,111804,买盘
930,13:18:58,8.47,--,2,1694,买盘
931,13:18:53,8.47,--,6,5082,买盘
932,13:18:48,8.47,--,96,81312,买盘
933,13:18:33,8.47,0.01,150,127050,买盘
934,13:18:28,8.46,--,10,8460,卖盘
935,13:18:12,8.46,-0.01,40,33840,卖盘
936,13:18:03,8.47,--,43,36421,买盘
937,13:17:57,8.47,--,1,847,买盘
938,13:17:53,8.47,-0.01,90,76230,卖盘
939,13:17:38,8.48,0.01,45,38160,买盘
940,13:17:32,8.47,-0.01,3,2541,卖盘
941,13:17:12,8.48,--,41,35251,卖盘
942,13:17:07,8.48,--,171,145008,卖盘
943,13:17:02,8.48,--,8,6784,卖盘
944,13:16:53,8.48,--,141,119568,卖盘
945,13:16:42,8.48,--,77,65296,卖盘
946,13:16:38,8.48,--,34,28832,卖盘
947,13:16:27,8.48,-0.01,20,16960,卖盘
948,13:16:12,8.49,0.01,2,1698,中性盘
949,13:16:08,8.48,--,31,26288,卖盘
950,13:16:02,8.48,--,0,0,卖盘
951,13:15:57,8.48,-0.01,50,42400,卖盘
952,13:15:53,8.49,--,77,65738,买盘
953,13:15:42,8.49,--,23,20010,卖盘
954,13:15:37,8.49,-0.01,55,46695,卖盘
955,13:15:27,8.5,0.01,62,52700,买盘
956,13:15:12,8.49,-0.01,4,3396,卖盘
957,13:15:07,8.5,--,42,35700,买盘
958,13:14:57,8.5,-0.01,1,850,卖盘
959,13:14:47,8.51,0.02,4,3404,买盘
960,13:14:42,8.49,--,0,0,卖盘
961,13:14:37,8.49,-0.02,32,27168,卖盘
962,13:14:27,8.51,--,8,6808,卖盘
963,13:14:22,8.51,--,6,5106,卖盘
964,13:14:17,8.51,--,5,4255,卖盘
965,13:14:12,8.51,0.01,56,48021,买盘
966,13:14:07,8.5,--,51,43834,卖盘
967,13:13:57,8.5,--,40,34000,卖盘
968,13:13:52,8.5,--,2,1700,卖盘
969,13:13:42,8.5,-0.01,10,8500,卖盘
970,13:13:37,8.51,-0.01,108,91908,卖盘
971,13:13:17,8.52,--,4,3408,买盘
972,13:13:12,8.52,0.01,6,5112,买盘
973,13:13:07,8.51,--,32,27232,卖盘
974,13:12:57,8.51,-0.01,5,4255,卖盘
975,13:12:42,8.52,--,0,0,买盘
976,13:12:37,8.52,0.01,55,46860,买盘
977,13:12:27,8.51,0.01,2,1702,中性盘
978,13:12:22,8.5,-0.01,4,3400,卖盘
979,13:12:17,8.51,--,108,91908,卖盘
980,13:12:12,8.51,-0.01,20,17020,卖盘
981,13:12:07,8.52,0.01,35,29820,买盘
982,13:12:02,8.51,-0.01,10,8510,卖盘
983,13:11:57,8.52,--,8,6816,买盘
984,13:11:52,8.52,--,16,13632,卖盘
985,13:11:41,8.52,--,10,8520,卖盘
986,13:11:37,8.52,0.01,98,83496,买盘
987,13:11:32,8.51,--,26,22491,卖盘
988,13:11:26,8.51,-0.01,14,11914,卖盘
989,13:11:21,8.52,0.01,35,29820,买盘
990,13:11:11,8.51,--,10,8510,卖盘
991,13:11:06,8.51,--,45,38295,卖盘
992,13:11:02,8.51,--,4,3404,卖盘
993,13:10:56,8.51,--,29,24679,卖盘
994,13:10:46,8.51,--,10,8510,卖盘
995,13:10:36,8.51,0.01,74,62974,买盘
996,13:10:32,8.5,--,10,8500,买盘
997,13:10:26,8.5,--,7,5950,卖盘
998,13:10:16,8.5,0.01,5,4250,买盘
999,13:10:06,8.49,--,45,38205,卖盘
1000,13:10:02,8.49,0.01,2,1698,卖盘
1001,13:09:51,8.48,--,0,0,卖盘
1002,13:09:36,8.48,--,36,30528,卖盘
1003,13:09:32,8.48,-0.03,152,128896,卖盘
1004,13:09:21,8.51,--,2,1702,买盘
1005,13:09:16,8.51,--,10,8510,买盘
1006,13:09:06,8.51,0.04,44,37444,买盘
1007,13:08:46,8.47,--,0,0,卖盘
1008,13:08:36,8.47,-0.01,139,117733,卖盘
1009,13:08:31,8.48,-0.01,231,195888,卖盘
1010,13:08:26,8.49,--,0,0,卖盘
1011,13:08:21,8.49,--,4,3396,卖盘
1012,13:08:16,8.49,-0.02,20,16980,卖盘
1013,13:08:06,8.51,--,53,45103,买盘
1014,13:07:51,8.51,0.01,5,4255,买盘
1015,13:07:46,8.5,0.02,22,18700,卖盘
1016,13:07:36,8.48,-0.02,32,27136,卖盘
1017,13:07:06,8.5,0.01,69,58650,买盘
1018,13:07:01,8.49,-0.01,4,3396,卖盘
1019,13:06:51,8.5,0.01,21,17850,买盘
1020,13:06:41,8.49,--,15,12735,卖盘
1021,13:06:36,8.49,--,69,58581,卖盘
1022,13:06:31,8.49,--,4,3396,卖盘
1023,13:06:21,8.49,--,8,6792,卖盘
1024,13:06:16,8.49,--,80,67920,买盘
1025,13:06:11,8.49,0.01,50,42450,买盘
1026,13:06:06,8.48,--,135,114480,卖盘
1027,13:05:51,8.48,--,93,78864,买盘
1028,13:05:46,8.48,--,33,27984,买盘
1029,13:05:36,8.48,0.01,73,61904,买盘
1030,13:05:31,8.47,--,10,8470,卖盘
1031,13:05:21,8.47,--,20,16940,卖盘
1032,13:05:16,8.47,0.01,68,57596,买盘
1033,13:05:06,8.46,-0.02,32,27072,卖盘
1034,13:05:01,8.48,0.02,69,58512,买盘
1035,13:04:41,8.46,--,0,0,卖盘
1036,13:04:35,8.46,-0.01,36,30456,卖盘
1037,13:04:31,8.47,-0.01,50,42350,卖盘
1038,13:04:21,8.48,0.01,10,8480,买盘
1039,13:04:15,8.47,--,2,1694,卖盘
1040,13:04:05,8.47,-0.01,133,112651,卖盘
1041,13:04:01,8.48,0.01,3,2544,买盘
1042,13:03:41,8.47,--,16,13552,卖盘
1043,13:03:35,8.47,-0.01,32,27104,卖盘
1044,13:03:30,8.48,0.01,1,848,买盘
1045,13:03:25,8.47,--,1,847,卖盘
1046,13:03:15,8.47,0.01,17,14399,买盘
1047,13:03:05,8.46,-0.01,32,27072,卖盘
1048,13:03:00,8.47,-0.01,95,80465,卖盘
1049,13:02:55,8.48,--,10,8480,买盘
1050,13:02:40,8.48,--,321,272208,卖盘
1051,13:02:35,8.48,-0.01,31,26288,卖盘
1052,13:02:20,8.49,-0.01,21,17829,卖盘
1053,13:02:10,8.5,--,6,5100,买盘
1054,13:02:05,8.5,-0.01,93,79050,卖盘
1055,13:01:55,8.51,-0.02,106,90206,卖盘
1056,13:01:50,8.53,--,0,0,买盘
1057,13:01:45,8.53,0.02,40,34120,买盘
1058,13:01:40,8.51,--,44,37444,卖盘
1059,13:01:35,8.51,-0.01,32,27232,卖盘
1060,13:01:30,8.52,-0.01,170,144840,卖盘
1061,13:01:20,8.53,--,2,1705,买盘
1062,13:01:15,8.53,0.01,55,46915,买盘
1063,13:01:10,8.52,--,20,17040,卖盘
1064,13:01:05,8.52,-0.01,32,27264,卖盘
1065,13:01:00,8.53,--,2,1705,买盘
1066,13:00:50,8.53,--,6,5118,买盘
1067,13:00:45,8.53,0.01,19,16206,买盘
1068,13:00:35,8.52,--,32,27264,卖盘
1069,13:00:25,8.52,-0.01,2,1704,卖盘
1070,13:00:10,8.53,--,97,82741,买盘
1071,13:00:05,8.53,0.02,317,270401,买盘
1072,13:00:00,8.51,-0.01,4,3404,卖盘
1073,11:30:00,8.52,--,0,0,买盘
1074,11:30:00,8.52,--,0,0,买盘
1075,11:29:59,8.52,0.01,2,1704,买盘
1076,11:29:55,8.51,-0.01,5,4255,卖盘
1077,11:29:51,8.52,--,5,4260,买盘
1078,11:29:45,8.52,0.01,24,20448,买盘
1079,11:29:39,8.51,--,0,0,卖盘
1080,11:29:35,8.51,--,74,62974,卖盘
1081,11:29:30,8.51,-0.01,10,8510,卖盘
1082,11:29:24,8.52,-0.01,10,8520,中性盘
1083,11:29:20,8.53,0.01,20,17060,买盘
1084,11:29:09,8.52,--,27,23004,买盘
1085,11:29:05,8.52,--,40,34080,买盘
1086,11:29:00,8.52,--,50,42600,买盘
1087,11:28:54,8.52,--,8,6816,买盘
1088,11:28:50,8.52,0.01,18,15336,买盘
1089,11:28:45,8.51,--,44,37444,买盘
1090,11:28:39,8.51,0.01,3,2553,买盘
1091,11:28:35,8.5,--,32,27200,卖盘
1092,11:28:30,8.5,--,110,93500,卖盘
1093,11:28:24,8.5,--,56,47600,买盘
1094,11:28:20,8.5,--,12,10200,买盘
1095,11:28:15,8.5,--,104,88400,买盘
1096,11:28:09,8.5,0.01,5,4250,买盘
1097,11:28:05,8.49,--,32,27168,卖盘
1098,11:28:00,8.49,-0.01,96,81504,卖盘
1099,11:27:54,8.5,0.01,21,17850,买盘
1100,11:27:50,8.49,--,16,13584,买盘
1101,11:27:45,8.49,--,57,48393,买盘
1102,11:27:39,8.49,--,20,16980,卖盘
1103,11:27:35,8.49,--,32,27168,卖盘
1104,11:27:24,8.49,--,148,125652,买盘
1105,11:27:09,8.49,--,0,0,买盘
1106,11:27:05,8.49,0.03,59,50091,买盘
1107,11:27:00,8.46,--,4,3384,卖盘
1108,11:26:54,8.46,-0.03,6,5076,卖盘
1109,11:26:50,8.49,--,30,25470,买盘
1110,11:26:35,8.49,--,34,28866,买盘
1111,11:26:24,8.49,0.04,3,2547,买盘
1112,11:26:15,8.45,--,10,8450,卖盘
1113,11:26:09,8.45,-0.01,580,490099,卖盘
1114,11:26:05,8.46,-0.03,32,27072,卖盘
1115,11:26:00,8.49,--,50,42450,买盘
1116,11:25:54,8.49,0.04,10,8490,买盘
1117,11:25:45,8.45,--,21,17745,卖盘
1118,11:25:35,8.45,-0.03,134,113229,卖盘
1119,11:25:30,8.48,--,42,35616,卖盘
1120,11:25:24,8.48,-0.01,49,41552,卖盘
1121,11:25:15,8.49,0.01,2,1698,买盘
1122,11:25:05,8.48,-0.01,32,27136,卖盘
1123,11:25:00,8.49,--,2,1698,买盘
1124,11:24:54,8.49,0.01,10,8490,买盘
1125,11:24:50,8.48,-0.01,70,59360,卖盘
1126,11:24:39,8.49,0.01,30,25470,买盘
1127,11:24:35,8.48,--,32,27136,卖盘
1128,11:24:30,8.48,--,9,7632,卖盘
1129,11:24:24,8.48,--,42,35616,买盘
1130,11:24:15,8.48,--,10,8480,买盘
1131,11:24:09,8.48,--,144,122112,买盘
1132,11:24:05,8.48,--,45,38160,买盘
1133,11:24:00,8.48,--,19,16112,买盘
1134,11:23:54,8.48,--,15,12720,买盘
1135,11:23:50,8.48,--,11,9328,买盘
1136,11:23:45,8.48,--,0,0,买盘
1137,11:23:39,8.48,0.03,21,17808,买盘
1138,11:23:34,8.45,--,32,27039,卖盘
1139,11:23:30,8.45,0.01,88,74360,买盘
1140,11:23:24,8.44,-0.01,34,28696,卖盘
1141,11:23:18,8.45,--,208,175759,买盘
1142,11:23:14,8.45,--,15,12674,买盘
1143,11:23:09,8.45,--,128,108159,买盘
1144,11:23:03,8.45,--,45,38025,买盘
1145,11:22:59,8.45,--,24,20280,买盘
1146,11:22:54,8.45,0.01,16,13519,买盘
1147,11:22:48,8.44,-0.01,2,1688,卖盘
1148,11:22:39,8.45,0.01,55,46474,买盘
1149,11:22:33,8.44,-0.01,40,33760,卖盘
1150,11:22:18,8.45,--,25,21125,买盘
1151,11:22:14,8.45,--,63,53234,买盘
1152,11:22:09,8.45,0.01,13,10984,买盘
1153,11:22:03,8.44,--,32,27008,卖盘
1154,11:21:54,8.44,--,1,844,卖盘
1155,11:21:48,8.44,--,0,0,中性盘
1156,11:21:44,8.44,--,5,4220,卖盘
1157,11:21:39,8.44,0.01,5,4220,买盘
1158,11:21:33,8.43,--,43,36249,卖盘
1159,11:21:24,8.43,--,0,0,卖盘
1160,11:21:14,8.43,--,10,8430,卖盘
1161,11:21:09,8.43,--,14,11802,卖盘
1162,11:21:03,8.43,0.01,197,166071,买盘
1163,11:20:59,8.42,-0.01,49,41258,卖盘
1164,11:20:54,8.43,0.01,80,67440,买盘
1165,11:20:33,8.42,-0.01,33,27786,卖盘
1166,11:20:29,8.43,0.01,12,10116,买盘
1167,11:20:24,8.42,--,56,47152,卖盘
1168,11:20:18,8.42,-0.03,10,8420,卖盘
1169,11:20:14,8.45,0.02,250,211249,买盘
1170,11:20:09,8.43,0.01,47,39621,买盘
1171,11:20:03,8.42,-0.01,31,26102,卖盘
1172,11:19:54,8.43,--,231,194733,卖盘
1173,11:19:48,8.43,--,60,50580,卖盘
1174,11:19:33,8.43,-0.01,32,26976,卖盘
1175,11:19:24,8.44,--,20,16880,买盘
1176,11:19:09,8.44,0.01,5,4220,买盘
1177,11:19:03,8.43,-0.01,32,26976,卖盘
1178,11:18:59,8.44,--,2,1688,买盘
1179,11:18:54,8.44,-0.01,235,198340,卖盘
1180,11:18:44,8.45,--,74,62529,卖盘
1181,11:18:33,8.45,-0.01,33,27884,卖盘
1182,11:18:24,8.46,--,1,846,买盘
1183,11:18:18,8.46,--,20,16920,买盘
1184,11:18:09,8.46,--,447,378162,卖盘
1185,11:18:03,8.46,-0.02,32,27072,卖盘
1186,11:17:48,8.48,0.02,3,2544,买盘
1187,11:17:38,8.46,--,10,8460,卖盘
1188,11:17:33,8.46,--,52,43992,卖盘
1189,11:17:18,8.46,--,1,846,卖盘
1190,11:17:03,8.46,--,33,27918,卖盘
1191,11:16:53,8.46,-0.01,1,846,卖盘
1192,11:16:48,8.47,0.02,20,16940,买盘
1193,11:16:38,8.45,--,0,0,卖盘
1194,11:16:33,8.45,-0.02,31,26194,卖盘
1195,11:16:23,8.47,--,6,5082,买盘
1196,11:16:18,8.47,-0.01,29,24563,卖盘
1197,11:16:12,8.48,-0.01,78,66144,卖盘
1198,11:16:09,8.49,0.01,37,31413,买盘
1199,11:16:03,8.48,0.03,90,76320,买盘
1200,11:15:53,8.45,--,17,14364,卖盘
1201,11:15:48,8.45,--,99,83655,卖盘
1202,11:15:33,8.45,--,35,29574,卖盘
1203,11:15:12,8.45,--,20,16900,卖盘
1204,11:15:03,8.45,--,32,27039,卖盘
1205,11:14:38,8.45,-0.02,381,321945,卖盘
1206,11:14:33,8.47,--,50,42350,买盘
1207,11:14:27,8.47,--,2,1694,买盘
1208,11:14:18,8.47,0.01,30,25410,买盘
1209,11:14:12,8.46,--,5,4230,卖盘
1210,11:14:03,8.46,--,32,27072,卖盘
1211,11:13:53,8.46,--,0,0,卖盘
1212,11:13:48,8.46,-0.02,18,15228,卖盘
1213,11:13:42,8.48,--,0,0,中性盘
1214,11:13:38,8.48,0.02,2,1696,买盘
1215,11:13:33,8.46,-0.01,33,27918,卖盘
1216,11:13:12,8.47,0.01,2,1694,中性盘
1217,11:13:03,8.46,-0.03,34,28764,卖盘
1218,11:12:53,8.49,--,0,0,买盘
1219,11:12:42,8.49,0.03,1,849,买盘
1220,11:12:33,8.46,--,37,31302,卖盘
1221,11:12:18,8.46,-0.02,21,17766,卖盘
1222,11:12:03,8.48,--,32,27136,卖盘
1223,11:11:57,8.48,--,15,12720,卖盘
1224,11:11:53,8.48,--,4,3392,卖盘
1225,11:11:42,8.48,--,3,2544,卖盘
1226,11:11:33,8.48,0.01,42,35616,卖盘
1227,11:11:27,8.47,--,7,5929,买盘
1228,11:11:18,8.47,--,1,847,卖盘
1229,11:11:08,8.47,--,1,847,买盘
1230,11:11:03,8.47,--,71,60137,卖盘
1231,11:10:48,8.47,-0.01,2,1694,卖盘
1232,11:10:42,8.48,0.01,5,4240,中性盘
1233,11:10:32,8.47,-0.01,261,221067,卖盘
1234,11:10:27,8.48,--,3,2544,卖盘
1235,11:10:17,8.48,--,1,848,卖盘
1236,11:10:12,8.48,--,6,5088,卖盘
1237,11:10:08,8.48,--,14,11872,卖盘
1238,11:10:02,8.48,--,31,26288,卖盘
1239,11:09:32,8.48,--,32,27136,卖盘
1240,11:09:27,8.48,-0.02,30,25440,卖盘
1241,11:09:17,8.5,0.02,127,107950,买盘
1242,11:09:12,8.48,--,100,84800,卖盘
1243,11:09:02,8.48,-0.03,86,72928,卖盘
1244,11:08:47,8.51,0.04,11,9361,买盘
1245,11:08:42,8.47,--,0,0,卖盘
1246,11:08:36,8.47,--,0,0,卖盘
1247,11:08:32,8.47,-0.04,38,32186,卖盘
1248,11:08:17,8.51,0.03,10,8510,买盘
1249,11:08:12,8.48,--,96,81408,卖盘
1250,11:08:06,8.48,--,10,8480,卖盘
1251,11:08:02,8.48,-0.02,105,89040,卖盘
1252,11:07:47,8.5,--,161,136850,买盘
1253,11:07:42,8.5,-0.01,204,173400,卖盘
1254,11:07:36,8.51,--,32,27232,卖盘
1255,11:07:32,8.51,--,253,215303,卖盘
1256,11:07:27,8.51,0.01,106,90206,买盘
1257,11:07:06,8.5,-0.01,32,27200,卖盘
1258,11:07:02,8.51,--,5,4255,买盘
1259,11:06:36,8.51,--,41,34891,买盘
1260,11:06:32,8.51,--,1,851,卖盘
1261,11:06:17,8.51,0.01,13,11063,买盘
1262,11:06:12,8.5,--,91,77350,卖盘
1263,11:06:06,8.5,-0.01,32,27200,卖盘
1264,11:06:02,8.51,0.01,5,4255,买盘
1265,11:05:57,8.5,--,21,17850,卖盘
1266,11:05:51,8.5,--,4,3400,卖盘
1267,11:05:47,8.5,--,33,28092,买盘
1268,11:05:42,8.5,0.02,11,9350,买盘
1269,11:05:36,8.48,0.01,42,35616,卖盘
1270,11:05:21,8.47,-0.03,50,42350,卖盘
1271,11:05:17,8.5,0.02,176,149600,买盘
1272,11:05:06,8.48,0.01,47,39856,买盘
1273,11:04:57,8.47,--,100,84700,卖盘
1274,11:04:42,8.47,0.01,5,4235,卖盘
1275,11:04:36,8.46,--,95,80370,卖盘
1276,11:04:32,8.46,--,63,53298,卖盘
1277,11:04:27,8.46,--,10,8460,买盘
1278,11:04:21,8.46,--,5,4230,买盘
1279,11:04:12,8.46,--,113,95598,买盘
1280,11:04:06,8.46,--,47,39762,买盘
1281,11:03:57,8.46,--,30,25380,买盘
1282,11:03:51,8.46,-0.02,248,209808,卖盘
1283,11:03:47,8.48,--,10,8480,卖盘
1284,11:03:42,8.48,--,20,16960,卖盘
1285,11:03:36,8.48,-0.02,32,27136,卖盘
1286,11:03:27,8.5,0.02,8,6800,买盘
1287,11:03:21,8.48,--,91,77168,卖盘
1288,11:03:16,8.48,--,0,0,卖盘
1289,11:03:06,8.48,-0.01,32,27136,卖盘
1290,11:02:56,8.49,-0.01,3,2547,卖盘
1291,11:02:51,8.5,--,50,42500,买盘
1292,11:02:42,8.5,-0.02,191,163157,卖盘
1293,11:02:36,8.52,0.01,87,74124,买盘
1294,11:02:26,8.51,-0.01,51,43401,卖盘
1295,11:02:21,8.52,0.01,10,8520,买盘
1296,11:02:11,8.51,--,26,22126,卖盘
1297,11:02:06,8.51,--,52,44252,卖盘
1298,11:02:00,8.51,--,116,98716,卖盘
1299,11:01:56,8.51,--,6,5106,卖盘
1300,11:01:51,8.51,-0.01,130,110630,卖盘
1301,11:01:41,8.52,--,28,23856,买盘
1302,11:01:36,8.52,--,52,44304,买盘
1303,11:01:26,8.52,--,19,16188,买盘
1304,11:01:21,8.52,--,55,47073,买盘
1305,11:01:11,8.52,0.01,30,25560,买盘
1306,11:01:06,8.51,-0.01,54,45954,卖盘
1307,11:01:00,8.52,--,30,25560,买盘
1308,11:00:56,8.52,--,10,8520,买盘
1309,11:00:51,8.52,--,43,36636,卖盘
1310,11:00:45,8.52,--,5,4260,卖盘
1311,11:00:41,8.52,-0.01,15,12780,卖盘
1312,11:00:36,8.53,0.01,42,35826,买盘
1313,11:00:30,8.52,-0.02,30,25560,卖盘
1314,11:00:26,8.54,0.02,207,176777,买盘
1315,11:00:21,8.52,-0.01,65,55380,卖盘
1316,11:00:11,8.53,--,7,5971,卖盘
1317,11:00:06,8.53,-0.01,71,60562,卖盘
1318,11:00:00,8.54,--,19,16225,买盘
1319,10:59:56,8.54,--,14,11955,买盘
1320,10:59:51,8.54,-0.01,124,105895,卖盘
1321,10:59:45,8.55,--,82,70110,买盘
1322,10:59:41,8.55,--,0,0,中性盘
1323,10:59:35,8.55,--,114,97470,卖盘
1324,10:59:26,8.55,--,152,129960,买盘
1325,10:59:21,8.55,--,17,14535,买盘
1326,10:59:11,8.55,0.01,10,8550,买盘
1327,10:59:06,8.54,--,72,61487,卖盘
1328,10:59:00,8.54,0.01,125,106749,买盘
1329,10:58:56,8.53,-0.01,5,4265,卖盘
1330,10:58:51,8.54,0.01,130,111019,买盘
1331,10:58:45,8.53,--,210,179130,卖盘
1332,10:58:36,8.53,--,32,27295,卖盘
1333,10:58:30,8.53,--,5,4265,卖盘
1334,10:58:26,8.53,--,361,307933,买盘
1335,10:58:20,8.53,0.01,25,21325,买盘
1336,10:58:15,8.52,--,60,51120,卖盘
1337,10:58:11,8.52,--,102,86904,买盘
1338,10:58:06,8.52,0.02,184,156768,买盘
1339,10:58:00,8.5,--,0,0,卖盘
1340,10:57:56,8.5,-0.01,68,57800,卖盘
1341,10:57:51,8.51,0.01,80,68080,买盘
1342,10:57:45,8.5,--,9,7650,卖盘
1343,10:57:41,8.5,0.01,840,714680,买盘
1344,10:57:35,8.49,-0.01,186,157914,中性盘
1345,10:57:30,8.5,--,468,397800,买盘
1346,10:57:26,8.5,--,155,131750,买盘
1347,10:57:20,8.5,--,10,8500,买盘
1348,10:57:15,8.5,0.01,29,24650,买盘
1349,10:57:05,8.49,--,32,27168,卖盘
1350,10:57:00,8.49,--,320,271680,买盘
1351,10:56:56,8.49,--,0,0,买盘
1352,10:56:50,8.49,--,2,1698,买盘
1353,10:56:45,8.49,0.01,25,21225,买盘
1354,10:56:41,8.48,--,20,16960,买盘
1355,10:56:35,8.48,-0.01,38,32224,卖盘
1356,10:56:30,8.49,--,20,16980,买盘
1357,10:56:26,8.49,--,10,8490,买盘
1358,10:56:20,8.49,0.01,30,25470,买盘
1359,10:56:09,8.48,0.01,2,1696,买盘
1360,10:56:05,8.47,-0.01,33,27951,卖盘
1361,10:56:00,8.48,--,8,6784,卖盘
1362,10:55:54,8.48,0.01,7,5936,买盘
1363,10:55:45,8.47,--,5,4235,卖盘
1364,10:55:35,8.47,-0.01,54,45738,卖盘
1365,10:55:30,8.48,--,53,44944,买盘
1366,10:55:15,8.48,0.01,106,89888,买盘
1367,10:55:05,8.47,0.01,42,35574,卖盘
1368,10:55:00,8.46,--,0,0,卖盘
1369,10:54:50,8.46,--,4,3384,卖盘
1370,10:54:35,8.46,-0.01,32,27072,卖盘
1371,10:54:30,8.47,-0.01,87,73689,卖盘
1372,10:54:24,8.48,--,8,6784,买盘
1373,10:54:15,8.48,--,37,31376,买盘
1374,10:54:09,8.48,--,32,27136,卖盘
1375,10:54:05,8.48,--,32,27136,卖盘
1376,10:54:00,8.48,--,5,4240,卖盘
1377,10:53:54,8.48,-0.01,50,42400,卖盘
1378,10:53:50,8.49,--,31,26319,买盘
1379,10:53:39,8.49,0.01,25,21225,买盘
1380,10:53:35,8.48,-0.01,32,27136,卖盘
1381,10:53:30,8.49,--,9,7641,买盘
1382,10:53:24,8.49,--,51,43299,买盘
1383,10:53:05,8.49,--,36,30564,卖盘
1384,10:53:00,8.49,--,5,4245,卖盘
1385,10:52:50,8.49,--,2,1698,卖盘
1386,10:52:44,8.49,--,32,27168,买盘
1387,10:52:39,8.49,0.01,49,41601,买盘
1388,10:52:35,8.48,--,32,27136,卖盘
1389,10:52:29,8.48,-0.01,13,11024,卖盘
1390,10:52:24,8.49,--,10,8490,买盘
1391,10:52:14,8.49,--,81,68769,买盘
1392,10:52:09,8.49,0.01,34,28866,买盘
1393,10:52:05,8.48,--,32,27136,卖盘
1394,10:51:59,8.48,--,58,49184,卖盘
1395,10:51:54,8.48,-0.01,5,4240,卖盘
1396,10:51:44,8.49,0.01,159,134991,买盘
1397,10:51:39,8.48,--,23,19504,卖盘
1398,10:51:35,8.48,--,32,27136,卖盘
1399,10:51:29,8.48,0.01,81,68688,买盘
1400,10:51:24,8.47,--,24,20328,卖盘
1401,10:51:09,8.47,0.01,17,14399,买盘
1402,10:51:05,8.46,-0.01,32,27072,卖盘
1403,10:50:59,8.47,--,54,45738,买盘
1404,10:50:54,8.47,--,21,17787,买盘
1405,10:50:50,8.47,--,5,4235,买盘
1406,10:50:35,8.47,--,37,31339,买盘
1407,10:50:29,8.47,--,2,1694,买盘
1408,10:50:20,8.47,0.01,4,3388,买盘
1409,10:50:14,8.46,-0.01,351,296946,卖盘
1410,10:50:09,8.47,--,6,5082,买盘
1411,10:50:04,8.47,--,143,121121,买盘
1412,10:49:59,8.47,--,12,10164,买盘
1413,10:49:54,8.47,0.01,16,13552,买盘
1414,10:49:44,8.46,-0.01,5,4230,卖盘
1415,10:49:39,8.47,0.01,23,19481,买盘
1416,10:49:35,8.46,--,32,27072,卖盘
1417,10:49:24,8.46,--,15,12690,买盘
1418,10:49:09,8.46,0.01,8,6768,买盘
1419,10:49:03,8.45,--,32,27039,卖盘
1420,10:48:54,8.45,--,5,4225,卖盘
1421,10:48:44,8.45,--,0,0,卖盘
1422,10:48:39,8.45,--,10,8450,卖盘
1423,10:48:33,8.45,-0.02,32,27039,卖盘
1424,10:48:29,8.47,0.02,24,20328,买盘
1425,10:48:24,8.45,--,5,4225,卖盘
1426,10:48:18,8.45,-0.02,5,4225,卖盘
1427,10:48:14,8.47,0.02,3,2541,中性盘
1428,10:48:03,8.45,-0.02,32,27039,卖盘
1429,10:47:54,8.47,--,5,4235,卖盘
1430,10:47:48,8.47,0.01,39,33033,买盘
1431,10:47:44,8.46,--,25,21150,中性盘
1432,10:47:39,8.46,--,4,3384,卖盘
1433,10:47:33,8.46,--,33,27918,卖盘
1434,10:47:03,8.46,-0.02,52,43992,卖盘
1435,10:46:54,8.48,0.01,2,1696,买盘
1436,10:46:48,8.47,-0.01,12,10164,卖盘
1437,10:46:44,8.48,--,0,0,买盘
1438,10:46:39,8.48,0.01,7,5936,买盘
1439,10:46:33,8.47,-0.01,33,27951,卖盘
1440,10:46:29,8.48,0.02,1,848,买盘
1441,10:46:18,8.46,--,0,0,卖盘
1442,10:46:08,8.46,--,0,0,卖盘
1443,10:46:03,8.46,-0.02,104,87984,卖盘
1444,10:45:59,8.48,-0.01,13,11024,卖盘
1445,10:45:53,8.49,0.01,144,122256,买盘
1446,10:45:48,8.48,--,3,2544,卖盘
1447,10:45:38,8.48,--,21,17808,卖盘
1448,10:45:33,8.48,-0.01,73,61904,卖盘
1449,10:45:29,8.49,0.01,2,1698,买盘
1450,10:45:23,8.48,--,17,14416,卖盘
1451,10:45:18,8.48,--,88,74624,卖盘
1452,10:45:14,8.48,--,39,33072,卖盘
1453,10:45:08,8.48,--,35,29680,卖盘
1454,10:45:03,8.48,--,32,27136,卖盘
1455,10:44:53,8.48,--,391,331593,买盘
1456,10:44:48,8.48,0.01,50,42400,买盘
1457,10:44:44,8.47,--,2,1694,卖盘
1458,10:44:38,8.47,0.02,40,33880,中性盘
1459,10:44:33,8.45,--,56,47319,卖盘
1460,10:44:29,8.45,-0.03,205,173224,卖盘
1461,10:44:23,8.48,0.01,46,39008,买盘
1462,10:44:18,8.47,-0.01,2,1694,买盘
1463,10:44:14,8.48,--,0,0,买盘
1464,10:44:08,8.48,0.06,20,16960,买盘
1465,10:44:03,8.42,--,32,26944,卖盘
1466,10:43:59,8.42,-0.07,10,8420,卖盘
1467,10:43:48,8.49,--,8,6792,买盘
1468,10:43:38,8.49,0.09,4,3396,买盘
1469,10:43:33,8.4,-0.1,299,251160,卖盘
1470,10:43:23,8.5,0.1,2048,1740800,买盘
1471,10:43:08,8.4,--,172,144900,卖盘
1472,10:43:03,8.4,--,54,45360,卖盘
1473,10:42:53,8.4,--,28,23520,卖盘
1474,10:42:48,8.4,0.02,1377,1157125,买盘
1475,10:42:38,8.38,--,5,4190,卖盘
1476,10:42:33,8.38,-0.01,36,30168,卖盘
1477,10:42:18,8.39,--,5,4195,买盘
1478,10:42:08,8.39,--,2,1678,卖盘
1479,10:42:03,8.39,-0.01,32,26848,卖盘
1480,10:41:53,8.4,0.01,65,54600,买盘
1481,10:41:48,8.39,0.01,45,37755,买盘
1482,10:41:43,8.38,-0.01,200,167600,卖盘
1483,10:41:38,8.39,0.01,10,8390,卖盘
1484,10:41:33,8.38,-0.01,64,53632,卖盘
1485,10:41:28,8.39,-0.01,3,2517,卖盘
1486,10:41:23,8.4,0.01,7,5880,买盘
1487,10:41:18,8.39,-0.01,29,24331,卖盘
1488,10:41:13,8.4,--,41,34440,买盘
1489,10:41:03,8.4,--,41,34440,买盘
1490,10:40:58,8.4,-0.01,373,313714,卖盘
1491,10:40:53,8.41,--,21,17661,卖盘
1492,10:40:48,8.41,-0.01,25,21025,卖盘
1493,10:40:38,8.42,--,45,37890,买盘
1494,10:40:33,8.42,0.01,142,119564,买盘
1495,10:40:27,8.41,-0.01,31,26071,卖盘
1496,10:40:23,8.42,--,0,0,中性盘
1497,10:40:18,8.42,--,14,11788,买盘
1498,10:40:08,8.42,0.01,1,842,买盘
1499,10:40:03,8.41,-0.01,31,26071,卖盘
1500,10:39:57,8.42,-0.01,35,29470,卖盘
1501,10:39:48,8.43,0.01,296,249528,买盘
1502,10:39:42,8.42,-0.01,351,295542,卖盘
1503,10:39:38,8.43,0.01,5,4215,买盘
1504,10:39:33,8.42,-0.01,195,164190,卖盘
1505,10:39:27,8.43,--,24,20232,买盘
1506,10:39:18,8.43,0.01,11,9273,卖盘
1507,10:39:02,8.42,-0.01,118,99356,卖盘
1508,10:38:57,8.43,--,15,12645,买盘
1509,10:38:47,8.43,0.01,7,5901,卖盘
1510,10:38:42,8.42,--,0,0,卖盘
1511,10:38:38,8.42,--,0,0,卖盘
1512,10:38:32,8.42,--,32,26944,卖盘
1513,10:38:27,8.42,-0.02,19,15998,卖盘
1514,10:38:17,8.44,0.03,325,274300,买盘
1515,10:38:02,8.41,--,37,31562,卖盘
1516,10:37:57,8.41,--,14,11774,卖盘
1517,10:37:53,8.41,-0.02,55,46255,卖盘
1518,10:37:47,8.43,0.03,11,9273,买盘
1519,10:37:38,8.4,--,0,0,卖盘
1520,10:37:32,8.4,--,102,85680,卖盘
1521,10:37:27,8.4,0.01,109,92122,买盘
1522,10:37:23,8.39,-0.01,142,119138,卖盘
1523,10:37:17,8.4,--,24,20160,买盘
1524,10:37:12,8.4,0.01,349,293160,买盘
1525,10:37:08,8.39,--,5,4195,卖盘
1526,10:37:02,8.39,--,324,271836,卖盘
1527,10:36:47,8.39,0.01,267,224013,买盘
1528,10:36:42,8.38,-0.01,48,40224,卖盘
1529,10:36:38,8.39,0.01,7,5873,买盘
1530,10:36:32,8.38,-0.01,162,135756,卖盘
1531,10:36:27,8.39,--,242,203038,卖盘
1532,10:36:17,8.39,-0.01,112,93968,卖盘
1533,10:36:12,8.4,0.01,5,4200,买盘
1534,10:36:07,8.39,--,5,4195,卖盘
1535,10:36:02,8.39,--,51,42789,卖盘
1536,10:35:57,8.39,-0.01,82,68798,卖盘
1537,10:35:47,8.4,-0.02,459,385837,卖盘
1538,10:35:42,8.42,0.02,10,8420,卖盘
1539,10:35:32,8.4,-0.03,56,47040,卖盘
1540,10:35:27,8.43,0.01,23,19389,买盘
1541,10:35:22,8.42,--,5,4210,买盘
1542,10:35:17,8.42,0.02,15,12630,中性盘
1543,10:35:12,8.4,-0.02,2601,2184840,卖盘
1544,10:35:02,8.42,-0.01,35,29470,卖盘
1545,10:34:52,8.43,--,46,38778,买盘
1546,10:34:47,8.43,0.01,5,4215,买盘
1547,10:34:42,8.42,--,56,47152,卖盘
1548,10:34:32,8.42,-0.01,361,303962,卖盘
1549,10:34:27,8.43,0.01,2,1686,买盘
1550,10:34:07,8.42,--,16,13472,卖盘
1551,10:34:02,8.42,--,32,26944,卖盘
1552,10:33:57,8.42,--,10,8420,卖盘
1553,10:33:52,8.42,-0.01,18,15156,卖盘
1554,10:33:47,8.43,0.01,5,4215,买盘
1555,10:33:42,8.42,-0.01,87,73254,卖盘
1556,10:33:37,8.43,--,69,58167,买盘
1557,10:33:27,8.43,--,29,24447,买盘
1558,10:33:17,8.43,--,28,23604,买盘
1559,10:33:06,8.43,-0.02,258,217890,卖盘
1560,10:33:02,8.45,--,50,42250,买盘
1561,10:32:57,8.45,--,21,17745,买盘
1562,10:32:51,8.45,--,40,33800,买盘
1563,10:32:47,8.45,--,2,1689,买盘
1564,10:32:42,8.45,--,123,103934,卖盘
1565,10:32:36,8.45,--,32,27039,卖盘
1566,10:32:26,8.45,--,11,9295,卖盘
1567,10:32:21,8.45,--,41,34645,买盘
1568,10:32:12,8.45,0.01,3,2535,买盘
1569,10:32:06,8.44,--,74,62455,卖盘
1570,10:31:46,8.44,-0.01,7,5908,卖盘
1571,10:31:41,8.45,0.01,10,8450,卖盘
1572,10:31:36,8.44,--,52,43888,卖盘
1573,10:31:31,8.44,-0.02,52,43888,卖盘
1574,10:31:21,8.46,--,18,15228,买盘
1575,10:31:06,8.46,--,42,35532,买盘
1576,10:30:56,8.46,--,56,47376,买盘
1577,10:30:51,8.46,0.01,26,21996,买盘
1578,10:30:41,8.45,--,21,17745,卖盘
1579,10:30:36,8.45,--,67,56614,卖盘
1580,10:30:31,8.45,--,39,33402,卖盘
1581,10:30:26,8.45,--,10,8450,卖盘
1582,10:30:16,8.45,-0.01,13,10984,卖盘
1583,10:30:11,8.46,--,6,5076,买盘
1584,10:30:06,8.46,-0.01,39,32994,卖盘
1585,10:30:01,8.47,0.01,46,38962,买盘
1586,10:29:56,8.46,0.01,10,8460,买盘
1587,10:29:51,8.45,-0.01,31,26194,卖盘
1588,10:29:36,8.46,--,59,49914,买盘
1589,10:29:31,8.46,-0.01,35,29610,卖盘
1590,10:29:26,8.47,--,2,1694,买盘
1591,10:29:21,8.47,--,45,38115,买盘
1592,10:29:16,8.47,0.01,22,18634,买盘
1593,10:29:11,8.46,-0.02,199,168354,卖盘
1594,10:29:06,8.48,0.01,72,61056,买盘
1595,10:29:01,8.47,--,6,5082,买盘
1596,10:28:56,8.47,--,47,39809,卖盘
1597,10:28:51,8.47,--,6,5082,买盘
1598,10:28:41,8.47,--,41,34727,卖盘
1599,10:28:36,8.47,--,34,28798,卖盘
1600,10:28:26,8.47,--,28,23716,卖盘
1601,10:28:16,8.47,-0.01,10,8470,卖盘
1602,10:28:11,8.48,0.01,20,16960,买盘
1603,10:28:06,8.47,--,191,161777,买盘
1604,10:27:56,8.47,--,42,35574,买盘
1605,10:27:51,8.47,--,0,0,买盘
1606,10:27:46,8.47,0.02,200,169400,买盘
1607,10:27:41,8.45,--,24,20280,卖盘
1608,10:27:36,8.45,--,77,65064,买盘
1609,10:27:31,8.45,--,17,14364,买盘
1610,10:27:26,8.45,0.01,37,31264,买盘
1611,10:27:21,8.44,-0.01,206,173864,卖盘
1612,10:27:16,8.45,--,33,27884,买盘
1613,10:27:11,8.45,0.01,26,21969,买盘
1614,10:27:06,8.44,--,41,34604,卖盘
1615,10:27:01,8.44,-0.01,13,10972,卖盘
1616,10:26:56,8.45,0.01,4,3379,买盘
1617,10:26:51,8.44,--,3,2532,买盘
1618,10:26:46,8.44,--,14,11816,卖盘
1619,10:26:41,8.44,0.01,2,1688,卖盘
1620,10:26:36,8.43,-0.01,58,48894,卖盘
1621,10:26:31,8.44,--,146,123224,买盘
1622,10:26:26,8.44,--,56,47264,卖盘
1623,10:26:11,8.44,--,3,2532,卖盘
1624,10:26:06,8.44,-0.01,32,27008,卖盘
1625,10:26:01,8.45,0.01,2,1689,买盘
1626,10:25:56,8.44,0.01,19,16035,买盘
1627,10:25:50,8.43,0.01,19,16017,卖盘
1628,10:25:45,8.42,--,0,0,卖盘
1629,10:25:36,8.42,-0.02,32,26944,卖盘
1630,10:25:30,8.44,0.02,15,12660,买盘
1631,10:25:20,8.42,--,0,0,卖盘
1632,10:25:15,8.42,-0.01,20,16840,卖盘
1633,10:25:11,8.43,0.01,23,19389,买盘
1634,10:25:06,8.42,--,70,58940,买盘
1635,10:25:00,8.42,0.01,22,18524,卖盘
1636,10:24:50,8.41,--,0,0,卖盘
1637,10:24:45,8.41,-0.02,103,86623,卖盘
1638,10:24:40,8.43,0.01,31,26133,买盘
1639,10:24:35,8.42,-0.01,37,31154,卖盘
1640,10:24:25,8.43,--,1,843,买盘
1641,10:24:20,8.43,-0.01,95,80085,卖盘
1642,10:24:15,8.44,0.01,38,32071,买盘
1643,10:24:05,8.43,-0.01,32,26976,卖盘
1644,10:24:00,8.44,--,15,12660,买盘
1645,10:23:50,8.44,0.01,5,4220,买盘
1646,10:23:35,8.43,--,32,26976,卖盘
1647,10:23:25,8.43,-0.01,19,16017,卖盘
1648,10:23:20,8.44,--,10,8440,买盘
1649,10:23:15,8.44,0.01,20,16880,买盘
1650,10:23:05,8.43,-0.01,67,56481,卖盘
1651,10:23:00,8.44,--,0,0,买盘
1652,10:22:55,8.44,0.01,7,5908,买盘
1653,10:22:50,8.43,--,21,17703,卖盘
1654,10:22:35,8.43,--,32,26976,卖盘
1655,10:22:05,8.43,--,66,55638,买盘
1656,10:22:00,8.43,-0.01,191,161013,卖盘
1657,10:21:55,8.44,--,6,5064,买盘
1658,10:21:50,8.44,--,5,4220,买盘
1659,10:21:45,8.44,0.01,5,4220,买盘
1660,10:21:35,8.43,-0.01,33,27819,卖盘
1661,10:21:30,8.44,0.01,8,6752,买盘
1662,10:21:25,8.43,--,11,9273,卖盘
1663,10:21:05,8.43,--,74,62382,买盘
1664,10:21:00,8.43,--,60,50580,卖盘
1665,10:20:35,8.43,-0.01,32,26976,卖盘
1666,10:20:30,8.44,--,20,16880,卖盘
1667,10:20:25,8.44,--,3,2532,卖盘
1668,10:20:20,8.44,--,1,844,卖盘
1669,10:20:15,8.44,--,505,426220,卖盘
1670,10:20:05,8.44,-0.01,42,35448,卖盘
1671,10:20:00,8.45,0.01,20,16900,买盘
1672,10:19:55,8.44,--,19,16035,卖盘
1673,10:19:50,8.44,--,42,35448,卖盘
1674,10:19:45,8.44,--,46,38824,卖盘
1675,10:19:40,8.44,--,108,91152,卖盘
1676,10:19:35,8.44,-0.01,38,32071,卖盘
1677,10:19:30,8.45,0.01,130,109849,买盘
1678,10:19:25,8.44,--,20,16880,卖盘
1679,10:19:15,8.44,-0.01,20,16880,卖盘
1680,10:19:10,8.45,--,15,12674,买盘
1681,10:19:05,8.45,--,37,31264,买盘
1682,10:19:00,8.45,0.01,121,102244,买盘
1683,10:18:55,8.44,--,100,84400,卖盘
1684,10:18:50,8.44,-0.01,2,1688,卖盘
1685,10:18:45,8.45,--,1,844,买盘
1686,10:18:40,8.45,0.01,36,30419,买盘
1687,10:18:35,8.44,-0.01,82,69208,卖盘
1688,10:18:30,8.45,--,139,117454,卖盘
1689,10:18:24,8.45,-0.01,23,19435,卖盘
1690,10:18:20,8.46,--,13,10998,买盘
1691,10:18:09,8.46,--,32,27072,买盘
1692,10:18:05,8.46,--,41,34686,买盘
1693,10:17:50,8.46,--,5,4230,买盘
1694,10:17:44,8.46,--,62,52452,买盘
1695,10:17:39,8.46,--,24,20304,卖盘
1696,10:17:34,8.46,-0.01,37,31302,卖盘
1697,10:17:29,8.47,--,20,16940,买盘
1698,10:17:24,8.47,--,22,18634,买盘
1699,10:17:20,8.47,0.01,146,123662,买盘
1700,10:17:14,8.46,--,9,7614,卖盘
1701,10:17:09,8.46,--,22,18612,卖盘
1702,10:17:04,8.46,-0.01,32,27072,卖盘
1703,10:16:54,8.47,--,6,5082,买盘
1704,10:16:44,8.47,-0.01,174,147378,卖盘
1705,10:16:39,8.48,0.01,8,6784,买盘
1706,10:16:34,8.47,--,32,27104,卖盘
1707,10:16:29,8.47,--,9,7623,买盘
1708,10:16:14,8.47,-0.01,35,29645,卖盘
1709,10:16:09,8.48,0.01,93,78864,买盘
1710,10:16:04,8.47,--,137,116039,中性盘
1711,10:15:59,8.47,--,21,17787,卖盘
1712,10:15:54,8.47,--,5,4235,卖盘
1713,10:15:49,8.47,0.01,48,40656,买盘
1714,10:15:39,8.46,0.01,16,13536,买盘
1715,10:15:34,8.45,-0.01,32,27039,卖盘
1716,10:15:29,8.46,--,0,0,买盘
1717,10:15:24,8.46,0.02,23,19458,买盘
1718,10:15:14,8.44,--,246,207624,买盘
1719,10:15:09,8.44,--,146,123224,买盘
1720,10:15:04,8.44,--,101,85244,买盘
1721,10:14:59,8.44,--,22,18568,买盘
1722,10:14:54,8.44,--,10,8440,买盘
1723,10:14:49,8.44,0.01,70,59080,买盘
1724,10:14:44,8.43,--,1,843,卖盘
1725,10:14:39,8.43,0.01,343,289149,买盘
1726,10:14:34,8.42,-0.01,32,26944,卖盘
1727,10:14:29,8.43,--,5,4215,买盘
1728,10:14:24,8.43,--,9,7587,中性盘
1729,10:14:14,8.43,--,87,73341,卖盘
1730,10:14:09,8.43,--,5,4215,卖盘
1731,10:14:04,8.43,--,32,26976,卖盘
1732,10:13:59,8.43,-0.01,70,59010,卖盘
1733,10:13:54,8.44,--,24,20256,买盘
1734,10:13:49,8.44,--,47,39668,买盘
1735,10:13:39,8.44,0.01,11,9284,买盘
1736,10:13:34,8.43,-0.01,51,42993,卖盘
1737,10:13:24,8.44,--,30,25320,买盘
1738,10:13:19,8.44,--,8,6752,卖盘
1739,10:13:14,8.44,0.01,5,4220,卖盘
1740,10:13:04,8.43,-0.01,50,42150,卖盘
1741,10:12:59,8.44,-0.01,62,52328,卖盘
1742,10:12:54,8.45,0.01,35,29574,买盘
1743,10:12:49,8.44,--,4,3376,卖盘
1744,10:12:34,8.44,--,78,65832,买盘
1745,10:12:24,8.44,0.01,11,9284,买盘
1746,10:12:19,8.43,-0.02,12,10116,卖盘
1747,10:12:14,8.45,--,20,16900,买盘
1748,10:12:09,8.45,0.01,102,86190,买盘
1749,10:12:04,8.44,-0.01,372,313968,卖盘
1750,10:11:59,8.45,0.01,10,8450,买盘
1751,10:11:54,8.44,-0.01,29,24476,卖盘
1752,10:11:49,8.45,0.01,97,81965,买盘
1753,10:11:44,8.44,--,6,5064,卖盘
1754,10:11:34,8.44,--,38,32071,卖盘
1755,10:11:29,8.44,0.01,58,48952,买盘
1756,10:11:19,8.43,--,28,23604,买盘
1757,10:11:14,8.43,-0.02,14,11802,卖盘
1758,10:11:08,8.45,0.01,39,32955,买盘
1759,10:11:04,8.44,--,108,91152,买盘
1760,10:10:59,8.44,--,23,19412,买盘
1761,10:10:53,8.44,--,10,8440,买盘
1762,10:10:48,8.44,0.01,2,1688,买盘
1763,10:10:44,8.43,-0.01,6,5058,卖盘
1764,10:10:38,8.44,--,10,8440,买盘
1765,10:10:33,8.44,0.01,37,31227,买盘
1766,10:10:29,8.43,--,9,7587,卖盘
1767,10:10:23,8.43,-0.02,40,33720,卖盘
1768,10:10:18,8.45,--,6,5070,买盘
1769,10:10:14,8.45,--,20,16900,卖盘
1770,10:10:08,8.45,-0.01,15,12674,卖盘
1771,10:10:03,8.46,--,54,45684,买盘
1772,10:09:59,8.46,-0.03,154,130284,卖盘
1773,10:09:53,8.49,0.01,60,50940,买盘
1774,10:09:48,8.48,-0.01,83,70384,卖盘
1775,10:09:43,8.49,0.01,27,22923,买盘
1776,10:09:38,8.48,--,126,106848,卖盘
1777,10:09:33,8.48,--,35,29680,卖盘
1778,10:09:28,8.48,-0.01,62,52576,卖盘
1779,10:09:23,8.49,--,58,49242,买盘
1780,10:09:13,8.49,--,2,1698,买盘
1781,10:09:08,8.49,--,2,1698,买盘
1782,10:09:03,8.49,--,76,64524,卖盘
1783,10:08:58,8.49,--,9,7641,卖盘
1784,10:08:53,8.49,--,80,67920,买盘
1785,10:08:48,8.49,--,104,88296,卖盘
1786,10:08:43,8.49,--,5,4245,卖盘
1787,10:08:38,8.49,--,11,9339,卖盘
1788,10:08:33,8.49,--,52,44148,卖盘
1789,10:08:28,8.49,--,12,10188,卖盘
1790,10:08:23,8.49,--,202,171498,买盘
1791,10:08:18,8.49,--,10,8490,买盘
1792,10:08:13,8.49,--,32,27168,买盘
1793,10:08:08,8.49,-0.01,29,24621,买盘
1794,10:08:03,8.5,--,70,59500,买盘
1795,10:07:53,8.5,0.01,44,38165,买盘
1796,10:07:48,8.49,-0.01,59,50091,卖盘
1797,10:07:43,8.5,--,53,45050,买盘
1798,10:07:38,8.5,0.02,17,14535,买盘
1799,10:07:33,8.48,-0.02,34,28832,卖盘
1800,10:07:23,8.5,--,19,16150,买盘
1801,10:07:18,8.5,0.02,328,278800,买盘
1802,10:07:08,8.48,0.02,27,22896,中性盘
1803,10:07:03,8.46,-0.02,107,90522,卖盘
1804,10:06:53,8.48,--,21,17808,买盘
1805,10:06:38,8.48,0.02,9,7632,中性盘
1806,10:06:33,8.46,-0.03,123,104058,卖盘
1807,10:06:28,8.49,0.01,10,8490,买盘
1808,10:06:23,8.48,0.01,169,143312,买盘
1809,10:06:18,8.47,--,40,33880,卖盘
1810,10:06:13,8.47,--,20,16940,卖盘
1811,10:06:03,8.47,--,38,32186,卖盘
1812,10:05:58,8.47,0.01,99,83853,买盘
1813,10:05:53,8.46,--,2,1692,卖盘
1814,10:05:48,8.46,-0.01,1,846,卖盘
1815,10:05:43,8.47,0.01,432,365904,买盘
1816,10:05:38,8.46,--,20,16920,卖盘
1817,10:05:33,8.46,-0.01,49,41454,卖盘
1818,10:05:28,8.47,--,14,11858,买盘
1819,10:05:22,8.47,-0.01,191,161777,卖盘
1820,10:05:18,8.48,--,4,3392,卖盘
1821,10:05:13,8.48,-0.01,43,36464,卖盘
1822,10:05:07,8.49,0.01,15,12735,买盘
1823,10:05:02,8.48,-0.02,143,121264,卖盘
1824,10:04:58,8.5,-0.01,186,158100,卖盘
1825,10:04:48,8.51,--,108,91908,买盘
1826,10:04:43,8.51,--,82,69782,买盘
1827,10:04:37,8.51,0.03,34,28934,买盘
1828,10:04:32,8.48,-0.03,119,100912,卖盘
1829,10:04:28,8.51,-0.01,107,91057,中性盘
1830,10:04:17,8.52,--,15,12780,卖盘
1831,10:04:13,8.52,--,10,8520,卖盘
1832,10:04:07,8.52,0.04,82,69864,买盘
1833,10:04:02,8.48,-0.02,54,45792,卖盘
1834,10:03:58,8.5,0.01,547,464950,买盘
1835,10:03:52,8.49,--,195,165555,买盘
1836,10:03:47,8.49,--,186,157914,买盘
1837,10:03:43,8.49,--,0,0,买盘
1838,10:03:37,8.49,0.01,283,240267,买盘
1839,10:03:32,8.48,0.01,51,43248,买盘
1840,10:03:28,8.47,--,14,11858,买盘
1841,10:03:22,8.47,0.01,30,25410,买盘
1842,10:03:17,8.46,0.01,82,69372,买盘
1843,10:03:13,8.45,-0.02,3,2535,卖盘
1844,10:03:07,8.47,0.02,14,11858,买盘
1845,10:03:02,8.45,--,177,149565,买盘
1846,10:02:57,8.45,0.01,147,124214,买盘
1847,10:02:47,8.44,--,57,48108,买盘
1848,10:02:42,8.44,--,174,146856,买盘
1849,10:02:37,8.44,0.01,45,37980,买盘
1850,10:02:32,8.43,--,41,34563,卖盘
1851,10:02:27,8.43,--,35,29505,卖盘
1852,10:02:17,8.43,--,198,166914,买盘
1853,10:02:12,8.43,--,10,8430,买盘
1854,10:02:02,8.43,0.01,100,84300,买盘
1855,10:01:57,8.42,-0.01,275,231550,卖盘
1856,10:01:52,8.43,0.01,17,14331,买盘
1857,10:01:47,8.42,-0.02,6,5052,卖盘
1858,10:01:42,8.44,--,9,7596,买盘
1859,10:01:37,8.44,--,2,1688,买盘
1860,10:01:32,8.44,--,393,331692,卖盘
1861,10:01:27,8.44,-0.01,72,60768,卖盘
1862,10:01:22,8.45,--,10,8450,买盘
1863,10:01:17,8.45,--,100,84500,买盘
1864,10:01:12,8.45,--,134,113229,卖盘
1865,10:01:07,8.45,--,24,20280,卖盘
1866,10:01:02,8.45,--,44,37180,卖盘
1867,10:00:57,8.45,--,93,78585,买盘
1868,10:00:52,8.45,0.01,10,8450,买盘
1869,10:00:47,8.44,--,21,17724,卖盘
1870,10:00:42,8.44,--,28,23632,买盘
1871,10:00:37,8.44,--,128,108032,卖盘
1872,10:00:32,8.44,--,32,27008,卖盘
1873,10:00:27,8.44,0.02,52,43888,买盘
1874,10:00:22,8.42,-0.02,29,24418,卖盘
1875,10:00:17,8.44,--,1,844,买盘
1876,10:00:12,8.44,0.02,108,91152,买盘
1877,10:00:07,8.42,--,49,41258,卖盘
1878,10:00:02,8.42,0.01,80,67360,买盘
1879,09:59:57,8.41,--,99,83259,卖盘
1880,09:59:52,8.41,--,37,31680,卖盘
1881,09:59:47,8.41,0.02,46,38686,买盘
1882,09:59:42,8.39,--,368,308752,买盘
1883,09:59:37,8.39,0.02,31,26009,买盘
1884,09:59:32,8.37,-0.02,32,26783,卖盘
1885,09:59:27,8.39,0.03,61,51179,买盘
1886,09:59:22,8.36,-0.03,21,17556,卖盘
1887,09:59:16,8.39,0.03,51,42789,买盘
1888,09:59:12,8.36,-0.02,19,15883,卖盘
1889,09:59:07,8.38,0.02,54,45252,买盘
1890,09:59:01,8.36,0.01,28,23408,中性盘
1891,09:58:57,8.35,-0.03,191,159485,卖盘
1892,09:58:52,8.38,0.03,31,25978,买盘
1893,09:58:42,8.35,--,10,8350,卖盘
1894,09:58:37,8.35,--,45,37575,卖盘
1895,09:58:31,8.35,--,17,14195,买盘
1896,09:58:27,8.35,0.01,66,55110,买盘
1897,09:58:22,8.34,-0.01,155,129270,卖盘
1898,09:58:16,8.35,0.02,5,4175,买盘
1899,09:58:12,8.33,--,133,110789,卖盘
1900,09:58:07,8.33,--,370,308210,卖盘
1901,09:58:01,8.33,-0.02,174,144942,卖盘
1902,09:57:57,8.35,0.02,100,83500,买盘
1903,09:57:52,8.33,--,72,59976,买盘
1904,09:57:46,8.33,--,10,8330,买盘
1905,09:57:42,8.33,-0.02,219,182427,卖盘
1906,09:57:37,8.35,0.03,65,54275,中性盘
1907,09:57:31,8.32,-0.03,258,214656,卖盘
1908,09:57:22,8.35,--,28,23380,卖盘
1909,09:57:16,8.35,-0.01,50,41750,卖盘
1910,09:57:11,8.36,0.01,12,10032,买盘
1911,09:57:07,8.35,-0.02,78,65130,卖盘
1912,09:57:01,8.37,0.01,41,34317,买盘
1913,09:56:56,8.36,--,71,59355,卖盘
1914,09:56:52,8.36,--,21,17556,卖盘
1915,09:56:46,8.36,-0.02,23,19228,卖盘
1916,09:56:37,8.38,0.01,124,103912,买盘
1917,09:56:31,8.37,--,20,16740,卖盘
1918,09:56:26,8.37,-0.01,17,14228,卖盘
1919,09:56:22,8.38,-0.02,39,32682,买盘
1920,09:56:16,8.4,--,335,281677,卖盘
1921,09:56:11,8.4,0.02,1311,1101240,买盘
1922,09:56:07,8.38,-0.01,280,234640,卖盘
1923,09:56:01,8.39,-0.01,114,95646,卖盘
1924,09:55:56,8.4,-0.01,82,68880,卖盘
1925,09:55:51,8.41,--,414,348174,买盘
1926,09:55:46,8.41,--,44,37004,买盘
1927,09:55:41,8.41,--,16,13456,买盘
1928,09:55:36,8.41,--,113,95033,买盘
1929,09:55:31,8.41,--,6,5046,卖盘
1930,09:55:26,8.41,0.01,24,20184,买盘
1931,09:55:21,8.4,--,98,82320,买盘
1932,09:55:16,8.4,--,23,19320,卖盘
1933,09:55:11,8.4,0.02,57,47880,买盘
1934,09:55:06,8.38,-0.02,32,26816,卖盘
1935,09:55:01,8.4,--,16,13440,买盘
1936,09:54:56,8.4,0.02,78,65520,中性盘
1937,09:54:51,8.38,-0.02,94,78772,卖盘
1938,09:54:46,8.4,--,12,10080,买盘
1939,09:54:36,8.4,--,35,29400,买盘
1940,09:54:31,8.4,0.02,37,31080,买盘
1941,09:54:26,8.38,-0.02,103,86314,卖盘
1942,09:54:21,8.4,0.02,1600,1344000,买盘
1943,09:54:11,8.38,--,10,8380,卖盘
1944,09:54:06,8.38,0.01,698,585485,买盘
1945,09:54:01,8.37,-0.01,6,5021,卖盘
1946,09:53:56,8.38,0.02,48,40224,买盘
1947,09:53:51,8.36,-0.01,81,67716,卖盘
1948,09:53:46,8.37,--,8,6695,买盘
1949,09:53:41,8.37,-0.01,57,48127,卖盘
1950,09:53:36,8.38,0.01,57,47766,买盘
1951,09:53:31,8.37,-0.01,10,8370,卖盘
1952,09:53:26,8.38,0.01,35,29330,买盘
1953,09:53:21,8.37,--,21,17995,卖盘
1954,09:53:16,8.37,--,5,4185,卖盘
1955,09:53:10,8.37,--,383,320570,买盘
1956,09:53:06,8.37,--,47,39338,买盘
1957,09:53:01,8.37,--,20,16740,买盘
1958,09:52:51,8.37,--,10,8370,买盘
1959,09:52:46,8.37,--,37,30968,买盘
1960,09:52:40,8.37,0.01,3,2510,买盘
1961,09:52:36,8.36,-0.02,90,75240,卖盘
1962,09:52:31,8.38,0.01,72,60336,买盘
1963,09:52:21,8.37,0.01,98,82025,卖盘
1964,09:52:16,8.36,--,0,0,卖盘
1965,09:52:10,8.36,-0.01,13,10868,卖盘
1966,09:52:06,8.37,0.01,170,142290,买盘
1967,09:52:01,8.36,--,2,1672,卖盘
1968,09:51:55,8.36,--,100,83600,卖盘
1969,09:51:51,8.36,-0.01,111,92796,卖盘
1970,09:51:46,8.37,0.01,31,25946,买盘
1971,09:51:40,8.36,-0.01,24,20064,卖盘
1972,09:51:35,8.37,0.01,242,202553,买盘
1973,09:51:31,8.36,0.01,2,1672,中性盘
1974,09:51:25,8.35,-0.01,23,19205,卖盘
1975,09:51:20,8.36,0.01,27,22572,中性盘
1976,09:51:16,8.35,-0.01,42,35070,卖盘
1977,09:51:10,8.36,--,14,11704,买盘
1978,09:51:06,8.36,--,55,45980,买盘
1979,09:51:01,8.36,0.01,30,25080,买盘
1980,09:50:55,8.35,--,36,30060,卖盘
1981,09:50:50,8.35,-0.01,162,135270,卖盘
1982,09:50:45,8.36,0.01,37,30931,买盘
1983,09:50:35,8.35,--,69,57615,卖盘
1984,09:50:31,8.35,0.02,23,19205,买盘
1985,09:50:25,8.33,-0.02,40,33320,卖盘
1986,09:50:20,8.35,--,53,44255,买盘
1987,09:50:16,8.35,0.02,60,50100,买盘
1988,09:50:05,8.33,-0.02,81,67473,卖盘
1989,09:50:00,8.35,--,5,4175,卖盘
1990,09:49:55,8.35,--,13,10855,卖盘
1991,09:49:50,8.35,--,34,28390,卖盘
1992,09:49:45,8.35,0.02,414,345690,买盘
1993,09:49:40,8.33,--,22,18326,卖盘
1994,09:49:35,8.33,--,67,55811,卖盘
1995,09:49:30,8.33,--,5,4165,卖盘
1996,09:49:25,8.33,--,1,833,卖盘
1997,09:49:20,8.33,0.01,171,142443,买盘
1998,09:49:15,8.32,--,38,31616,卖盘
1999,09:49:05,8.32,--,37,30784,卖盘
2000,09:49:00,8.32,--,78,64896,卖盘
2001,09:48:55,8.32,--,44,36608,卖盘
2002,09:48:50,8.32,--,156,129792,卖盘
2003,09:48:45,8.32,-0.01,50,41600,卖盘
2004,09:48:35,8.33,-0.01,83,69139,卖盘
2005,09:48:30,8.34,--,30,25020,买盘
2006,09:48:20,8.34,-0.01,53,44202,卖盘
2007,09:48:10,8.35,-0.01,407,339845,卖盘
2008,09:48:05,8.36,0.01,156,130415,买盘
2009,09:48:00,8.35,--,63,52605,卖盘
2010,09:47:55,8.35,-0.01,48,40080,卖盘
2011,09:47:50,8.36,--,10,8360,买盘
2012,09:47:45,8.36,0.01,148,123727,买盘
2013,09:47:40,8.35,-0.01,10,8350,卖盘
2014,09:47:35,8.36,--,135,112859,买盘
2015,09:47:30,8.36,--,43,35948,买盘
2016,09:47:25,8.36,--,4,3344,买盘
2017,09:47:20,8.36,-0.02,83,69388,卖盘
2018,09:47:15,8.38,0.02,77,64526,买盘
2019,09:47:05,8.36,--,53,44308,卖盘
2020,09:47:00,8.36,-0.01,63,52668,卖盘
2021,09:46:50,8.37,-0.01,121,101276,买盘
2022,09:46:45,8.38,0.01,29,24302,买盘
2023,09:46:40,8.37,-0.01,10,8370,中性盘
2024,09:46:35,8.38,0.01,112,93856,中性盘
2025,09:46:30,8.37,-0.02,160,133920,卖盘
2026,09:46:25,8.39,0.02,368,308752,买盘
2027,09:46:20,8.37,--,84,70308,卖盘
2028,09:46:15,8.37,--,186,155682,买盘
2029,09:46:10,8.37,0.01,9,7532,买盘
2030,09:46:05,8.36,--,44,36784,卖盘
2031,09:46:00,8.36,--,44,36784,卖盘
2032,09:45:54,8.36,--,39,32603,买盘
2033,09:45:49,8.36,0.01,2,1672,买盘
2034,09:45:45,8.35,--,14,11690,卖盘
2035,09:45:40,8.35,0.01,112,93520,买盘
2036,09:45:34,8.34,--,133,110922,卖盘
2037,09:45:30,8.34,--,0,0,卖盘
2038,09:45:25,8.34,-0.01,39,32526,卖盘
2039,09:45:19,8.35,0.01,42,35070,买盘
2040,09:45:15,8.34,-0.01,119,99246,卖盘
2041,09:45:10,8.35,0.01,82,68470,买盘
2042,09:45:04,8.34,-0.01,32,26688,卖盘
2043,09:45:00,8.35,0.01,46,38410,买盘
2044,09:44:55,8.34,--,75,62550,买盘
2045,09:44:49,8.34,0.01,17,14178,买盘
2046,09:44:45,8.33,-0.01,118,98294,卖盘
2047,09:44:40,8.34,--,30,25020,买盘
2048,09:44:34,8.34,--,59,49206,买盘
2049,09:44:30,8.34,0.02,101,84234,买盘
2050,09:44:25,8.32,--,0,0,卖盘
2051,09:44:19,8.32,-0.02,2,1664,卖盘
2052,09:44:15,8.34,0.01,427,356118,买盘
2053,09:44:10,8.33,0.01,61,50813,买盘
2054,09:44:04,8.32,--,132,109824,卖盘
2055,09:43:55,8.32,--,47,39104,买盘
2056,09:43:49,8.32,0.01,392,326144,买盘
2057,09:43:44,8.31,--,232,192792,买盘
2058,09:43:40,8.31,0.01,29,24099,买盘
2059,09:43:34,8.3,-0.01,217,180110,卖盘
2060,09:43:29,8.31,0.01,63,52353,买盘
2061,09:43:24,8.3,--,26,21580,卖盘
2062,09:43:19,8.3,--,68,56440,卖盘
2063,09:43:14,8.3,--,45,37350,卖盘
2064,09:43:10,8.3,0.02,984,816720,买盘
2065,09:43:04,8.28,-0.01,169,139932,卖盘
2066,09:42:59,8.29,0.01,42,34818,卖盘
2067,09:42:54,8.28,-0.02,172,142416,卖盘
2068,09:42:49,8.3,0.01,113,93790,买盘
2069,09:42:44,8.29,0.01,188,155851,买盘
2070,09:42:39,8.28,--,135,111779,卖盘
2071,09:42:34,8.28,--,267,221489,卖盘
2072,09:42:29,8.28,0.01,528,437183,买盘
2073,09:42:24,8.27,-0.01,94,77738,卖盘
2074,09:42:19,8.28,--,96,79488,买盘
2075,09:42:14,8.28,--,78,64583,买盘
2076,09:42:09,8.28,--,13,10764,买盘
2077,09:42:04,8.28,--,37,30635,卖盘
2078,09:41:59,8.28,--,194,160632,卖盘
2079,09:41:54,8.28,--,53,43884,卖盘
2080,09:41:49,8.28,--,235,194579,卖盘
2081,09:41:44,8.28,--,12,9936,卖盘
2082,09:41:39,8.28,-0.01,170,140760,卖盘
2083,09:41:34,8.29,--,106,87873,买盘
2084,09:41:29,8.29,-0.01,97,80412,卖盘
2085,09:41:24,8.3,--,96,79680,买盘
2086,09:41:19,8.3,--,252,209160,卖盘
2087,09:41:14,8.3,-0.02,172,142760,卖盘
2088,09:41:09,8.32,0.01,355,295360,买盘
2089,09:41:04,8.31,-0.01,107,88917,卖盘
2090,09:40:59,8.32,0.01,24,19968,买盘
2091,09:40:54,8.31,--,2,2077,买盘
2092,09:40:49,8.31,--,37,30747,买盘
2093,09:40:44,8.31,--,38,31578,买盘
2094,09:40:39,8.31,0.01,221,183651,买盘
2095,09:40:34,8.3,-0.01,242,200860,卖盘
2096,09:40:29,8.31,0.01,48,39888,买盘
2097,09:40:24,8.3,--,44,36520,卖盘
2098,09:40:19,8.3,--,181,150230,卖盘
2099,09:40:14,8.3,--,37,30710,卖盘
2100,09:40:09,8.3,0.02,227,188410,买盘
2101,09:40:04,8.28,-0.01,76,62927,卖盘
2102,09:39:59,8.29,-0.01,73,60516,卖盘
2103,09:39:54,8.3,0.02,259,214970,买盘
2104,09:39:49,8.28,-0.01,143,118403,卖盘
2105,09:39:44,8.29,-0.01,32,26527,卖盘
2106,09:39:39,8.3,0.01,1050,871500,买盘
2107,09:39:33,8.29,--,70,58029,买盘
2108,09:39:29,8.29,--,90,74609,买盘
2109,09:39:24,8.29,--,22,18237,买盘
2110,09:39:18,8.29,--,22,18237,卖盘
2111,09:39:14,8.29,--,16,13263,卖盘
2112,09:39:09,8.29,--,86,71293,买盘
2113,09:39:03,8.29,--,111,92018,买盘
2114,09:38:58,8.29,0.01,4,3315,买盘
2115,09:38:54,8.28,-0.03,41,33948,卖盘
2116,09:38:48,8.31,0.03,68,56508,买盘
2117,09:38:43,8.28,-0.02,672,556416,中性盘
2118,09:38:39,8.3,0.01,711,590130,买盘
2119,09:38:33,8.29,0.01,102,84557,买盘
2120,09:38:28,8.28,-0.01,104,86112,中性盘
2121,09:38:24,8.29,--,48,39791,买盘
2122,09:38:18,8.29,-0.01,267,221342,卖盘
2123,09:38:13,8.3,0.01,133,110390,买盘
2124,09:38:09,8.29,--,130,107769,买盘
2125,09:38:03,8.29,-0.01,175,145074,卖盘
2126,09:37:58,8.3,0.01,30,24900,买盘
2127,09:37:54,8.29,--,16,13263,卖盘
2128,09:37:48,8.29,0.02,215,178234,买盘
2129,09:37:43,8.27,-0.02,148,122396,卖盘
2130,09:37:39,8.29,0.02,409,339060,买盘
2131,09:37:33,8.27,--,214,176978,卖盘
2132,09:37:28,8.27,--,3,2481,卖盘
2133,09:37:23,8.27,--,378,312606,买盘
2134,09:37:18,8.27,0.01,65,53755,买盘
2135,09:37:13,8.26,--,101,83426,买盘
2136,09:37:08,8.26,--,151,124726,买盘
2137,09:37:03,8.26,0.01,522,431172,买盘
2138,09:36:58,8.25,-0.01,42,34650,卖盘
2139,09:36:53,8.26,0.01,97,80122,买盘
2140,09:36:48,8.25,--,340,280500,买盘
2141,09:36:43,8.25,-0.01,166,136950,卖盘
2142,09:36:38,8.26,0.01,314,259364,买盘
2143,09:36:33,8.25,-0.01,313,258225,卖盘
2144,09:36:28,8.26,--,579,478254,卖盘
2145,09:36:23,8.26,0.03,127,104902,卖盘
2146,09:36:18,8.23,-0.03,573,471579,卖盘
2147,09:36:13,8.26,0.02,281,232106,买盘
2148,09:36:08,8.24,-0.01,143,117832,卖盘
2149,09:36:03,8.25,0.01,512,422400,买盘
2150,09:35:58,8.24,0.01,238,196112,买盘
2151,09:35:53,8.23,-0.01,1047,861681,卖盘
2152,09:35:48,8.24,0.01,275,226600,买盘
2153,09:35:43,8.23,-0.01,234,192582,卖盘
2154,09:35:38,8.24,0.05,301,248024,买盘
2155,09:35:33,8.19,-0.04,309,253070,卖盘
2156,09:35:28,8.23,-0.02,47,38681,卖盘
2157,09:35:23,8.25,0.05,295,243375,买盘
2158,09:35:18,8.2,-0.06,419,343579,卖盘
2159,09:35:13,8.26,--,48,39648,卖盘
2160,09:35:08,8.26,0.05,263,217238,中性盘
2161,09:35:03,8.21,-0.06,814,668294,卖盘
2162,09:34:58,8.27,-0.01,38,31426,中性盘
2163,09:34:53,8.28,--,100,82800,买盘
2164,09:34:48,8.28,-0.01,102,84456,卖盘
2165,09:34:43,8.29,-0.01,26,21553,中性盘
2166,09:34:38,8.3,--,124,102920,买盘
2167,09:34:33,8.3,--,1901,1577830,卖盘
2168,09:34:28,8.3,-0.01,342,283860,卖盘
2169,09:34:23,8.31,0.01,39,32409,买盘
2170,09:34:18,8.3,-0.01,42,34860,卖盘
2171,09:34:13,8.31,-0.01,163,135453,卖盘
2172,09:34:08,8.32,0.01,107,89024,中性盘
2173,09:34:03,8.31,-0.03,56,46536,卖盘
2174,09:33:58,8.34,--,7,5838,买盘
2175,09:33:53,8.34,-0.01,348,290232,卖盘
2176,09:33:48,8.35,-0.01,79,65965,中性盘
2177,09:33:43,8.36,--,52,43472,买盘
2178,09:33:38,8.36,0.02,41,34276,买盘
2179,09:33:33,8.34,-0.05,602,502068,卖盘
2180,09:33:28,8.39,--,1,839,买盘
2181,09:33:23,8.39,--,280,234920,买盘
2182,09:33:18,8.39,0.02,377,316303,中性盘
2183,09:33:13,8.37,-0.03,149,124712,卖盘
2184,09:33:08,8.4,0.01,244,204960,买盘
2185,09:33:03,8.39,-0.01,110,92290,中性盘
2186,09:32:58,8.4,0.01,220,184800,买盘
2187,09:32:53,8.39,--,349,292811,买盘
2188,09:32:48,8.39,-0.01,441,369999,中性盘
2189,09:32:38,8.4,0.04,1483,1245720,买盘
2190,09:32:33,8.36,--,649,542564,买盘
2191,09:32:28,8.36,-0.01,817,683012,卖盘
2192,09:32:22,8.37,--,95,79514,买盘
2193,09:32:18,8.37,0.01,51,42686,买盘
2194,09:32:12,8.36,--,169,141284,买盘
2195,09:32:07,8.36,0.01,107,89452,买盘
2196,09:32:03,8.35,0.03,449,374915,买盘
2197,09:31:57,8.32,0.02,639,531648,中性盘
2198,09:31:52,8.3,-0.03,709,588470,卖盘
2199,09:31:48,8.33,0.03,171,142443,买盘
2200,09:31:42,8.3,--,366,303780,买盘
2201,09:31:37,8.3,--,247,205010,买盘
2202,09:31:33,8.3,-0.01,920,763600,卖盘
2203,09:31:27,8.31,-0.04,222,184482,卖盘
2204,09:31:22,8.35,0.02,151,126085,买盘
2205,09:31:18,8.33,-0.01,172,143276,卖盘
2206,09:31:12,8.34,-0.02,108,90072,卖盘
2207,09:31:07,8.36,-0.02,59,49324,中性盘
2208,09:31:02,8.38,--,665,557270,买盘
2209,09:30:57,8.38,-0.02,537,450006,卖盘
2210,09:30:52,8.4,0.01,130,109200,买盘
2211,09:30:47,8.39,-0.01,121,101519,卖盘
2212,09:30:42,8.4,--,394,330960,买盘
2213,09:30:37,8.4,-0.02,65,55020,卖盘
2214,09:30:32,8.42,0.02,36,30312,买盘
2215,09:30:27,8.4,--,19,16380,卖盘
2216,09:30:22,8.4,-0.02,11,9240,中性盘
2217,09:30:17,8.42,0.02,28,23576,买盘
2218,09:30:12,8.4,--,157,131880,买盘
2219,09:30:07,8.4,-0.08,756,635040,卖盘
2220,09:30:02,8.48,-0.02,501,424848,卖盘
2221,09:28:46,8.5,--,0,0,买盘
2222,09:25:05,8.5,8.5,574,487900,买盘
