,time,price,change,volume,amount,type
0,15:00:00,21.09,--,0,0,中性盘
1,15:00:00,21.09,0.01,0,0,中性盘
2,15:00:00,21.08,-0.02,20,42160,买盘
3,14:59:58,21.1,0.01,148,312280,买盘
4,14:59:53,21.09,-0.01,171,360639,卖盘
5,14:59:48,21.1,0.02,30,63300,买盘
6,14:59:43,21.08,-0.01,58,122263,卖盘
7,14:59:38,21.09,0.01,113,238317,买盘
8,14:59:33,21.08,-0.01,26,54807,卖盘
9,14:59:28,21.09,-0.01,560,1181040,中性盘
10,14:59:23,21.1,--,481,1014910,买盘
11,14:59:18,21.1,--,92,194120,买盘
12,14:59:13,21.1,0.03,193,407230,买盘
13,14:59:08,21.07,--,100,210700,卖盘
14,14:59:03,21.07,0.02,12,25284,中性盘
15,14:58:58,21.05,-0.01,29,61045,卖盘
16,14:58:53,21.06,0.05,32,67392,买盘
17,14:58:48,21.01,--,140,294140,卖盘
18,14:58:43,21.01,0.01,30,63030,买盘
19,14:58:38,21.0,-0.01,101,212100,卖盘
20,14:58:33,21.01,0.01,19,39919,买盘
21,14:58:28,21.0,--,94,197400,卖盘
22,14:58:23,21.0,0.05,131,275100,买盘
23,14:58:18,20.95,--,2,4190,卖盘
24,14:58:13,20.95,0.02,245,513275,中性盘
25,14:58:08,20.93,--,118,246974,买盘
26,14:58:03,20.93,0.01,26,54459,买盘
27,14:57:58,20.92,--,16,33472,买盘
28,14:57:53,20.92,0.02,285,596220,买盘
29,14:57:48,20.9,--,122,254979,买盘
30,14:57:43,20.9,--,161,336490,买盘
31,14:57:38,20.9,--,841,1757689,买盘
32,14:57:33,20.9,--,43,89870,买盘
33,14:57:28,20.9,0.01,138,288420,买盘
34,14:57:23,20.89,-0.01,161,336329,卖盘
35,14:57:18,20.9,--,500,1044999,买盘
36,14:57:08,20.9,0.02,423,885407,买盘
37,14:57:03,20.88,--,48,100224,卖盘
38,14:56:58,20.88,--,17,35496,卖盘
39,14:56:53,20.88,--,184,384192,买盘
40,14:56:43,20.88,0.04,114,240099,买盘
41,14:56:38,20.84,-0.02,69,143796,卖盘
42,14:56:22,20.86,0.01,86,179396,买盘
43,14:56:18,20.85,-0.01,12,25020,买盘
44,14:56:13,20.86,--,0,0,买盘
45,14:56:08,20.86,0.01,46,95956,买盘
46,14:56:03,20.85,0.02,6,12510,买盘
47,14:55:58,20.83,-0.01,94,195801,卖盘
48,14:55:52,20.84,0.01,48,100032,中性盘
49,14:55:43,20.83,-0.01,69,145476,卖盘
50,14:55:37,20.84,0.01,35,72940,买盘
51,14:55:32,20.83,--,16,33328,买盘
52,14:55:27,20.83,0.01,20,41660,卖盘
53,14:55:22,20.82,-0.02,39,81531,卖盘
54,14:55:17,20.84,0.01,6,14254,买盘
55,14:55:12,20.83,--,4,8665,卖盘
56,14:55:07,20.83,-0.01,180,376689,卖盘
57,14:55:02,20.84,0.01,11,22924,买盘
58,14:54:57,20.83,-0.01,6,12497,卖盘
59,14:54:52,20.84,0.01,25,52100,买盘
60,14:54:47,20.83,--,14,29161,卖盘
61,14:54:42,20.83,-0.01,4,8332,卖盘
62,14:54:37,20.84,0.02,25,52100,买盘
63,14:54:32,20.82,-0.01,25,52050,卖盘
64,14:54:27,20.83,-0.03,21,43743,卖盘
65,14:54:22,20.86,0.02,81,168966,买盘
66,14:54:17,20.84,0.01,99,206316,买盘
67,14:54:12,20.83,--,13,27078,买盘
68,14:54:07,20.83,--,158,329114,卖盘
69,14:54:02,20.83,-0.01,56,116647,卖盘
70,14:53:57,20.84,-0.02,28,58352,中性盘
71,14:53:52,20.86,0.03,314,655004,买盘
72,14:53:47,20.83,-0.01,80,166640,卖盘
73,14:53:42,20.84,--,1,2084,买盘
74,14:53:37,20.84,--,6,12504,买盘
75,14:53:32,20.84,0.01,10,20840,买盘
76,14:53:27,20.83,0.01,76,158308,买盘
77,14:53:22,20.82,--,0,0,卖盘
78,14:53:12,20.82,0.01,15,31230,卖盘
79,14:53:07,20.81,-0.04,20,41620,卖盘
80,14:52:57,20.85,0.04,37,77145,买盘
81,14:52:52,20.81,-0.04,1,2081,中性盘
82,14:52:42,20.85,--,20,41700,卖盘
83,14:52:37,20.85,0.07,131,273135,买盘
84,14:52:32,20.78,--,4,8312,卖盘
85,14:52:27,20.78,-0.08,300,623400,卖盘
86,14:52:22,20.86,0.03,136,283696,买盘
87,14:52:17,20.83,-0.02,25,52074,卖盘
88,14:52:07,20.85,--,36,75060,买盘
89,14:52:02,20.85,0.02,9,18765,买盘
90,14:51:52,20.83,-0.02,36,74988,卖盘
91,14:51:47,20.85,0.02,10,20850,买盘
92,14:51:37,20.83,-0.02,543,1131069,卖盘
93,14:51:27,20.85,--,4,8340,卖盘
94,14:51:22,20.85,--,2,4170,卖盘
95,14:51:17,20.85,0.01,47,97995,中性盘
96,14:51:12,20.84,-0.02,1,2084,中性盘
97,14:51:07,20.86,0.03,48,100128,买盘
98,14:51:02,20.83,--,2,4166,卖盘
99,14:50:57,20.83,-0.03,2,4166,卖盘
100,14:50:52,20.86,--,26,54236,买盘
101,14:50:47,20.86,--,724,1510264,买盘
102,14:50:37,20.86,-0.01,7,14602,卖盘
103,14:50:32,20.87,0.01,15,31305,买盘
104,14:50:27,20.86,-0.01,10,20860,买盘
105,14:50:22,20.87,--,2,4174,卖盘
106,14:50:17,20.87,0.01,89,185743,买盘
107,14:50:12,20.86,-0.02,55,114730,卖盘
108,14:50:07,20.88,0.01,21,43848,买盘
109,14:50:02,20.87,-0.01,6,12522,买盘
110,14:49:57,20.88,--,0,0,买盘
111,14:49:52,20.88,--,60,125280,买盘
112,14:49:46,20.88,0.03,20,41760,买盘
113,14:49:42,20.85,-0.01,10,20850,卖盘
114,14:49:36,20.86,--,96,200256,卖盘
115,14:49:31,20.86,-0.02,2,4172,卖盘
116,14:49:27,20.88,--,11,22968,买盘
117,14:49:21,20.88,--,56,116928,买盘
118,14:49:16,20.88,--,35,73080,买盘
119,14:49:11,20.88,-0.01,11,22968,买盘
120,14:49:06,20.89,0.01,5,10445,买盘
121,14:49:01,20.88,--,0,0,买盘
122,14:48:56,20.88,0.03,10,20880,买盘
123,14:48:51,20.85,-0.04,22,45870,卖盘
124,14:48:46,20.89,0.02,8,16712,买盘
125,14:48:36,20.87,-0.01,15,31305,中性盘
126,14:48:31,20.88,0.05,15,31320,买盘
127,14:48:26,20.83,-0.05,10,20830,买盘
128,14:48:21,20.88,--,0,0,买盘
129,14:48:16,20.88,0.07,206,430128,买盘
130,14:48:11,20.81,--,18,37458,卖盘
131,14:48:06,20.81,--,1,2081,买盘
132,14:48:01,20.81,--,1,2081,买盘
133,14:47:56,20.81,--,9,18729,卖盘
134,14:47:51,20.81,-0.04,12,24972,中性盘
135,14:47:46,20.85,0.03,116,241860,买盘
136,14:47:41,20.82,-0.03,1,2082,买盘
137,14:47:36,20.85,0.06,100,208500,买盘
138,14:47:31,20.79,-0.03,7,14553,卖盘
139,14:47:25,20.82,--,127,264414,买盘
140,14:47:16,20.82,--,3,6246,买盘
141,14:47:11,20.82,--,0,0,买盘
142,14:47:06,20.82,--,15,31230,买盘
143,14:47:01,20.82,0.01,12,24984,买盘
144,14:46:56,20.81,--,1,2081,卖盘
145,14:46:51,20.81,0.01,22,45782,买盘
146,14:46:46,20.8,--,5,10400,买盘
147,14:46:41,20.8,--,1,2080,买盘
148,14:46:36,20.8,--,161,334880,卖盘
149,14:46:31,20.8,-0.01,75,156000,卖盘
150,14:46:26,20.81,0.01,19,39539,买盘
151,14:46:21,20.8,--,16,33280,卖盘
152,14:46:06,20.8,0.01,182,378560,买盘
153,14:46:01,20.79,0.04,118,245322,买盘
154,14:45:51,20.75,--,5,10375,买盘
155,14:45:46,20.75,0.03,3,6225,买盘
156,14:45:41,20.72,-0.03,7,14504,卖盘
157,14:45:36,20.75,0.03,40,83000,买盘
158,14:45:25,20.72,--,118,244496,卖盘
159,14:45:21,20.72,--,0,0,卖盘
160,14:45:16,20.72,-0.01,126,261072,卖盘
161,14:45:11,20.73,--,11,22803,卖盘
162,14:45:06,20.73,0.01,2,4146,买盘
163,14:44:55,20.72,-0.03,98,203056,卖盘
164,14:44:46,20.75,0.02,3,6225,买盘
165,14:44:41,20.73,-0.02,58,120234,卖盘
166,14:44:30,20.75,--,45,93375,卖盘
167,14:44:25,20.75,-0.03,59,122425,卖盘
168,14:44:16,20.78,--,9,18702,卖盘
169,14:44:11,20.78,--,183,380274,卖盘
170,14:44:00,20.78,--,2,4156,卖盘
171,14:43:56,20.78,--,67,139226,卖盘
172,14:43:51,20.78,--,12,24936,卖盘
173,14:43:46,20.78,--,131,272218,卖盘
174,14:43:41,20.78,-0.01,43,89354,卖盘
175,14:43:26,20.79,--,98,203742,卖盘
176,14:43:15,20.79,--,64,133056,卖盘
177,14:43:10,20.79,--,7,14553,卖盘
178,14:43:01,20.79,-0.01,129,268191,卖盘
179,14:42:55,20.8,0.01,19,39520,买盘
180,14:42:51,20.79,-0.01,10,20790,卖盘
181,14:42:45,20.8,0.01,39,81120,买盘
182,14:42:40,20.79,--,21,43659,卖盘
183,14:42:35,20.79,--,8,16632,卖盘
184,14:42:30,20.79,--,8,16632,卖盘
185,14:42:25,20.79,--,61,126819,卖盘
186,14:42:10,20.79,-0.01,24,49896,卖盘
187,14:42:00,20.8,--,77,160160,卖盘
188,14:41:55,20.8,-0.03,12,24960,卖盘
189,14:41:45,20.83,0.02,42,88631,买盘
190,14:41:40,20.81,--,2,4162,卖盘
191,14:41:34,20.81,-0.02,20,41620,卖盘
192,14:41:25,20.83,-0.01,79,164557,卖盘
193,14:41:15,20.84,0.01,18,37512,买盘
194,14:41:05,20.83,--,10,20830,卖盘
195,14:41:00,20.83,--,4,8332,卖盘
196,14:40:55,20.83,--,0,0,卖盘
197,14:40:50,20.83,-0.02,5,10415,卖盘
198,14:40:45,20.85,0.02,47,97995,买盘
199,14:40:40,20.83,--,18,38431,买盘
200,14:40:35,20.83,0.02,10,20830,买盘
201,14:40:30,20.81,-0.04,2,4162,卖盘
202,14:40:25,20.85,--,0,0,买盘
203,14:40:15,20.85,0.03,10,20850,买盘
204,14:40:10,20.82,-0.01,3,6246,卖盘
205,14:40:00,20.83,0.03,49,102066,买盘
206,14:39:55,20.8,-0.02,49,101920,卖盘
207,14:39:50,20.82,--,0,0,买盘
208,14:39:45,20.82,0.01,9,18738,买盘
209,14:39:40,20.81,--,10,20810,买盘
210,14:39:25,20.81,--,10,20810,买盘
211,14:39:10,20.81,--,12,24972,卖盘
212,14:39:00,20.81,--,0,0,中性盘
213,14:38:55,20.81,-0.01,5,10405,中性盘
214,14:38:50,20.82,0.01,38,79116,买盘
215,14:38:45,20.81,--,2,4162,卖盘
216,14:38:40,20.81,-0.01,2,4162,卖盘
217,14:38:35,20.82,--,10,20820,买盘
218,14:38:30,20.82,--,5,10410,卖盘
219,14:38:25,20.82,--,5,10410,卖盘
220,14:38:19,20.82,--,17,35394,卖盘
221,14:38:15,20.82,-0.01,12,24984,卖盘
222,14:38:10,20.83,0.01,11,22912,买盘
223,14:38:05,20.82,--,21,43722,卖盘
224,14:37:59,20.82,--,25,52050,卖盘
225,14:37:55,20.82,0.02,2,4164,买盘
226,14:37:49,20.8,-0.02,33,68640,卖盘
227,14:37:44,20.82,--,15,31230,买盘
228,14:37:39,20.82,0.02,10,20820,买盘
229,14:37:30,20.8,--,10,20800,卖盘
230,14:37:09,20.8,--,0,0,卖盘
231,14:37:04,20.8,-0.02,10,20800,卖盘
232,14:36:54,20.82,0.02,34,70788,买盘
233,14:36:50,20.8,-0.02,11,22880,卖盘
234,14:36:39,20.82,0.02,66,137412,买盘
235,14:36:34,20.8,--,22,45760,卖盘
236,14:36:19,20.8,--,22,45760,买盘
237,14:36:14,20.8,--,2,4160,买盘
238,14:36:09,20.8,0.02,3,6240,中性盘
239,14:36:04,20.78,-0.02,298,619244,卖盘
240,14:35:59,20.8,--,3,6240,卖盘
241,14:35:54,20.8,--,51,106080,卖盘
242,14:35:49,20.8,-0.02,8,16640,卖盘
243,14:35:39,20.82,--,3,6246,买盘
244,14:35:34,20.82,--,21,43722,卖盘
245,14:35:24,20.82,--,13,27066,卖盘
246,14:35:19,20.82,-0.01,171,356022,卖盘
247,14:35:14,20.83,--,6,12497,买盘
248,14:35:04,20.83,-0.02,29,60406,卖盘
249,14:34:58,20.85,--,38,79230,买盘
250,14:34:54,20.85,--,10,20850,买盘
251,14:34:44,20.85,--,1,2085,买盘
252,14:34:39,20.85,0.02,51,106335,买盘
253,14:34:28,20.83,-0.02,3,6248,卖盘
254,14:34:24,20.85,--,16,33360,买盘
255,14:34:09,20.85,-0.01,30,62550,买盘
256,14:34:04,20.86,0.01,109,227374,卖盘
257,14:33:58,20.85,0.04,19,39615,买盘
258,14:33:54,20.81,-0.04,4,8324,卖盘
259,14:33:44,20.85,0.03,2,4170,买盘
260,14:33:39,20.82,-0.04,519,1080558,卖盘
261,14:33:34,20.86,--,0,0,买盘
262,14:33:24,20.86,--,4,8344,买盘
263,14:33:13,20.86,-0.03,113,237115,卖盘
264,14:33:09,20.89,0.01,152,318217,买盘
265,14:33:04,20.88,0.02,42,87696,买盘
266,14:32:58,20.86,-0.01,44,91784,卖盘
267,14:32:54,20.87,0.04,31,64697,买盘
268,14:32:44,20.83,--,0,0,卖盘
269,14:32:39,20.83,-0.03,189,393686,卖盘
270,14:32:34,20.86,--,0,0,买盘
271,14:32:28,20.86,0.03,153,319158,买盘
272,14:32:24,20.83,--,5,10415,买盘
273,14:32:14,20.83,--,3,6248,买盘
274,14:32:09,20.83,--,3,6248,买盘
275,14:32:04,20.83,--,71,147893,买盘
276,14:31:54,20.83,--,14,29161,买盘
277,14:31:49,20.83,--,48,99983,买盘
278,14:31:44,20.83,--,8,16664,买盘
279,14:31:39,20.83,--,11,22912,买盘
280,14:31:34,20.83,--,0,0,买盘
281,14:31:28,20.83,0.03,130,270790,买盘
282,14:31:24,20.8,--,5,10400,卖盘
283,14:31:19,20.8,0.01,214,445120,买盘
284,14:31:09,20.79,0.01,34,70686,买盘
285,14:30:58,20.78,--,8,16624,买盘
286,14:30:49,20.78,--,0,0,买盘
287,14:30:44,20.78,0.03,41,85198,买盘
288,14:30:38,20.75,-0.03,33,68475,卖盘
289,14:30:34,20.78,--,10,20780,买盘
290,14:30:28,20.78,0.03,68,141304,买盘
291,14:30:19,20.75,--,25,51875,买盘
292,14:30:13,20.75,--,3,6225,买盘
293,14:30:08,20.75,0.02,38,78850,买盘
294,14:30:03,20.73,--,0,0,卖盘
295,14:29:58,20.73,-0.01,3,6219,卖盘
296,14:29:53,20.74,--,4,8296,买盘
297,14:29:48,20.74,-0.01,13,26961,卖盘
298,14:29:43,20.75,0.01,39,80925,买盘
299,14:29:33,20.74,0.01,13,26961,买盘
300,14:29:18,20.73,-0.02,5,10365,卖盘
301,14:29:13,20.75,0.01,37,76775,买盘
302,14:29:07,20.74,--,6,12443,卖盘
303,14:29:03,20.74,--,11,22814,卖盘
304,14:28:58,20.74,-0.01,94,194955,卖盘
305,14:28:33,20.75,0.01,99,205425,买盘
306,14:28:28,20.74,-0.01,3,6221,卖盘
307,14:28:13,20.75,0.02,39,80925,买盘
308,14:28:07,20.73,-0.01,5,10365,卖盘
309,14:28:03,20.74,--,3,6221,卖盘
310,14:27:58,20.74,-0.01,2,4148,卖盘
311,14:27:43,20.75,0.02,2,4150,中性盘
312,14:27:37,20.73,0.01,3,6219,卖盘
313,14:27:33,20.72,--,3,6216,卖盘
314,14:27:18,20.72,-0.03,123,254856,卖盘
315,14:27:13,20.75,--,54,112050,卖盘
316,14:27:03,20.75,-0.01,1,2075,卖盘
317,14:26:43,20.76,--,10,20760,买盘
318,14:26:37,20.76,--,0,0,买盘
319,14:26:27,20.76,--,27,56052,卖盘
320,14:26:18,20.76,0.04,11,22836,买盘
321,14:26:07,20.72,-0.01,53,109816,卖盘
322,14:26:03,20.73,--,1,2073,卖盘
323,14:25:57,20.73,--,2,4146,卖盘
324,14:25:48,20.73,--,3,6219,卖盘
325,14:25:43,20.73,-0.03,10,20730,卖盘
326,14:25:37,20.76,0.02,1,2076,买盘
327,14:25:28,20.74,--,5,10370,卖盘
328,14:25:18,20.74,0.01,29,60145,买盘
329,14:24:48,20.73,--,0,0,卖盘
330,14:24:43,20.73,-0.02,19,39387,卖盘
331,14:24:37,20.75,--,146,302950,买盘
332,14:24:28,20.75,-0.02,206,427450,卖盘
333,14:24:12,20.77,-0.01,10,20770,中性盘
334,14:24:07,20.78,0.02,16,33248,买盘
335,14:24:02,20.76,--,0,0,中性盘
336,14:23:57,20.76,0.01,32,66432,买盘
337,14:23:52,20.75,--,64,132800,买盘
338,14:23:48,20.75,0.02,8,16600,买盘
339,14:23:42,20.73,-0.02,16,33168,卖盘
340,14:23:37,20.75,0.02,35,72625,买盘
341,14:23:32,20.73,0.01,53,109869,中性盘
342,14:23:22,20.72,0.01,9,18648,买盘
343,14:23:17,20.71,--,14,28994,卖盘
344,14:23:12,20.71,--,66,136686,买盘
345,14:23:02,20.71,--,0,0,买盘
346,14:22:42,20.71,--,55,113905,卖盘
347,14:22:37,20.71,--,5,10355,卖盘
348,14:22:32,20.71,--,10,20710,买盘
349,14:22:22,20.71,--,0,0,买盘
350,14:22:01,20.71,0.05,200,414200,买盘
351,14:21:57,20.66,0.03,36,74376,买盘
352,14:21:51,20.63,--,90,185670,卖盘
353,14:21:42,20.63,-0.06,5,10315,卖盘
354,14:21:31,20.69,--,3,6207,卖盘
355,14:21:27,20.69,--,34,70346,买盘
356,14:21:06,20.69,0.06,1,2069,买盘
357,14:21:01,20.63,-0.07,1,2063,卖盘
358,14:20:36,20.7,--,23,47610,卖盘
359,14:20:31,20.7,--,4,8280,卖盘
360,14:20:27,20.7,-0.01,11,22770,买盘
361,14:20:16,20.71,--,0,0,买盘
362,14:20:01,20.71,--,0,0,买盘
363,14:19:57,20.71,0.09,31,64201,买盘
364,14:19:36,20.62,-0.09,3,6186,卖盘
365,14:19:27,20.71,--,38,78698,买盘
366,14:19:21,20.71,--,1,2071,买盘
367,14:19:12,20.71,-0.01,1,2071,买盘
368,14:19:01,20.72,--,0,0,买盘
369,14:18:57,20.72,-0.01,3,6216,卖盘
370,14:18:51,20.73,0.01,7,14511,买盘
371,14:18:46,20.72,--,0,0,卖盘
372,14:18:42,20.72,-0.01,17,35224,卖盘
373,14:18:36,20.73,0.01,30,62190,买盘
374,14:18:27,20.72,--,9,18648,买盘
375,14:18:16,20.72,--,1,2072,买盘
376,14:18:06,20.72,--,3,6216,买盘
377,14:18:01,20.72,0.01,1,2072,买盘
378,14:17:46,20.71,--,1,2071,卖盘
379,14:17:42,20.71,--,20,41420,卖盘
380,14:17:31,20.71,0.01,22,45562,买盘
381,14:17:21,20.7,-0.01,12,24840,卖盘
382,14:17:11,20.71,--,38,78698,买盘
383,14:17:06,20.71,0.01,9,18639,买盘
384,14:17:01,20.7,--,3,6210,买盘
385,14:16:56,20.7,0.01,28,57960,买盘
386,14:16:41,20.69,--,13,26897,卖盘
387,14:16:36,20.69,--,12,24828,买盘
388,14:16:26,20.69,--,1,2069,买盘
389,14:16:11,20.69,--,30,62070,卖盘
390,14:15:56,20.69,-0.01,2,4138,卖盘
391,14:15:41,20.7,0.01,1,2070,买盘
392,14:15:36,20.69,0.09,23,47587,买盘
393,14:15:31,20.6,-0.02,27,55620,卖盘
394,14:15:21,20.62,--,0,0,卖盘
395,14:15:06,20.62,--,1,2062,卖盘
396,14:15:01,20.62,-0.03,5,10310,卖盘
397,14:14:51,20.65,0.05,2,4130,卖盘
398,14:14:45,20.6,-0.05,27,55620,卖盘
399,14:14:36,20.65,--,31,64014,买盘
400,14:14:30,20.65,--,1,2065,买盘
401,14:14:10,20.65,--,4,8260,买盘
402,14:13:51,20.65,--,2,4130,买盘
403,14:13:45,20.65,0.03,101,208565,买盘
404,14:13:40,20.62,-0.03,3,6186,中性盘
405,14:13:36,20.65,0.03,30,61949,买盘
406,14:13:15,20.62,0.02,2,4124,买盘
407,14:13:10,20.6,-0.01,10,20600,卖盘
408,14:13:06,20.61,0.01,20,43177,中性盘
409,14:13:00,20.6,--,80,164800,卖盘
410,14:12:51,20.6,-0.02,10,20600,卖盘
411,14:12:45,20.62,0.02,30,61860,买盘
412,14:12:36,20.6,--,11,22660,卖盘
413,14:12:30,20.6,--,0,0,卖盘
414,14:12:25,20.6,--,107,220420,卖盘
415,14:12:21,20.6,--,69,142140,卖盘
416,14:12:15,20.6,--,35,72100,卖盘
417,14:12:06,20.6,--,1,2060,卖盘
418,14:11:45,20.6,--,43,88580,卖盘
419,14:11:40,20.6,-0.01,50,103000,卖盘
420,14:11:30,20.61,0.01,2,4122,买盘
421,14:11:21,20.6,--,3,6180,卖盘
422,14:11:15,20.6,--,18,37080,卖盘
423,14:11:06,20.6,--,1,2060,卖盘
424,14:11:00,20.6,--,50,103000,卖盘
425,14:10:55,20.6,--,4,8240,卖盘
426,14:10:51,20.6,-0.01,80,164800,卖盘
427,14:10:45,20.61,0.01,39,80379,买盘
428,14:10:40,20.6,-0.01,8,16480,卖盘
429,14:10:30,20.61,--,2,4122,买盘
430,14:10:25,20.61,0.01,4,8244,买盘
431,14:10:15,20.6,-0.04,42,86520,卖盘
432,14:10:10,20.64,--,0,0,中性盘
433,14:10:05,20.64,0.02,4,8256,买盘
434,14:09:50,20.62,--,37,76294,卖盘
435,14:09:45,20.62,--,1,2062,买盘
436,14:09:25,20.62,--,0,0,中性盘
437,14:09:20,20.62,--,26,53612,卖盘
438,14:09:00,20.62,--,10,20620,卖盘
439,14:08:50,20.62,0.02,76,156712,买盘
440,14:08:45,20.6,--,0,0,卖盘
441,14:08:40,20.6,--,51,105060,卖盘
442,14:08:30,20.6,--,108,222480,卖盘
443,14:08:25,20.6,--,0,0,卖盘
444,14:08:20,20.6,--,96,197760,卖盘
445,14:08:15,20.6,--,1,2060,卖盘
446,14:08:10,20.6,--,100,206000,卖盘
447,14:08:05,20.6,--,5,10300,卖盘
448,14:08:00,20.6,-0.02,189,389340,卖盘
449,14:07:55,20.62,-0.03,7,14434,卖盘
450,14:07:50,20.65,0.03,38,78470,买盘
451,14:07:45,20.62,-0.02,3,6186,卖盘
452,14:07:35,20.64,-0.01,5,10320,卖盘
453,14:07:30,20.65,-0.01,55,113574,卖盘
454,14:07:24,20.66,--,1,2066,卖盘
455,14:07:20,20.66,-0.02,30,61980,卖盘
456,14:07:00,20.68,-0.03,190,392920,卖盘
457,14:06:54,20.71,0.01,1184,2452064,买盘
458,14:06:45,20.7,--,8,16560,卖盘
459,14:06:39,20.7,-0.01,71,146970,卖盘
460,14:06:34,20.71,-0.04,99,206416,卖盘
461,14:06:24,20.75,--,10,20750,卖盘
462,14:06:15,20.75,--,24,49800,卖盘
463,14:06:09,20.75,--,1,2075,卖盘
464,14:05:54,20.75,0.03,5,10375,买盘
465,14:05:49,20.72,-0.04,3,6216,卖盘
466,14:05:45,20.76,0.04,24,49824,买盘
467,14:05:39,20.72,--,3,6216,卖盘
468,14:05:34,20.72,-0.03,2,4144,卖盘
469,14:05:30,20.75,--,48,99600,买盘
470,14:05:19,20.75,--,3,6225,买盘
471,14:05:15,20.75,--,7,14525,买盘
472,14:05:04,20.75,--,6,12450,卖盘
473,14:04:54,20.75,0.03,33,68475,买盘
474,14:04:45,20.72,--,2,4144,卖盘
475,14:04:39,20.72,--,11,22792,卖盘
476,14:04:30,20.72,--,0,0,卖盘
477,14:04:15,20.72,--,2,4144,卖盘
478,14:04:09,20.72,--,0,0,卖盘
479,14:04:00,20.72,-0.05,72,149184,卖盘
480,14:03:54,20.77,0.01,3,6231,卖盘
481,14:03:49,20.76,--,2,4152,买盘
482,14:03:45,20.76,--,0,0,中性盘
483,14:03:39,20.76,--,39,80964,卖盘
484,14:03:30,20.76,0.01,1,2076,买盘
485,14:03:24,20.75,--,0,0,卖盘
486,14:03:09,20.75,0.03,12,24900,买盘
487,14:02:59,20.72,0.01,67,139507,买盘
488,14:02:54,20.71,-0.01,30,62130,卖盘
489,14:02:49,20.72,0.01,1,2072,买盘
490,14:02:34,20.71,0.01,154,318934,买盘
491,14:02:29,20.7,--,109,225630,卖盘
492,14:02:09,20.7,--,11,22770,卖盘
493,14:02:04,20.7,--,13,26910,卖盘
494,14:01:54,20.7,--,11,22770,买盘
495,14:01:24,20.7,--,4,8280,卖盘
496,14:01:14,20.7,--,6,12420,卖盘
497,14:01:03,20.7,0.05,27,55890,买盘
498,14:00:39,20.65,-0.05,20,41300,卖盘
499,14:00:18,20.7,--,0,0,买盘
500,14:00:14,20.7,--,0,0,买盘
501,14:00:09,20.7,0.06,38,78660,买盘
502,14:00:03,20.64,-0.06,74,152736,卖盘
503,13:59:58,20.7,--,0,0,买盘
504,13:59:48,20.7,-0.01,1,2070,买盘
505,13:59:28,20.71,--,0,0,买盘
506,13:59:23,20.71,0.01,71,147041,买盘
507,13:59:09,20.7,0.05,11,22770,买盘
508,13:58:48,20.65,--,2,4130,卖盘
509,13:58:43,20.65,-0.06,24,49560,卖盘
510,13:58:38,20.71,0.01,1,2071,买盘
511,13:58:33,20.7,--,0,0,买盘
512,13:58:23,20.7,--,11,22770,卖盘
513,13:58:18,20.7,--,1,2070,卖盘
514,13:58:13,20.7,--,3,6210,卖盘
515,13:58:08,20.7,0.05,23,47610,买盘
516,13:58:03,20.65,-0.05,15,30974,卖盘
517,13:57:58,20.7,--,0,0,买盘
518,13:57:48,20.7,0.02,1,2070,买盘
519,13:57:18,20.68,0.05,30,62040,卖盘
520,13:57:13,20.63,--,0,0,卖盘
521,13:57:03,20.63,--,1,2063,卖盘
522,13:56:58,20.63,-0.05,2,4126,卖盘
523,13:56:48,20.68,0.05,4,8272,买盘
524,13:56:38,20.63,-0.05,8,16504,卖盘
525,13:56:28,20.68,0.05,5,10340,买盘
526,13:56:18,20.63,-0.05,10,20630,卖盘
527,13:56:13,20.68,0.06,38,78584,买盘
528,13:56:08,20.62,-0.01,12,24744,卖盘
529,13:56:03,20.63,-0.09,5,10315,卖盘
530,13:55:53,20.72,0.04,1361,2819992,买盘
531,13:55:48,20.68,0.06,2,4136,买盘
532,13:55:38,20.62,-0.02,16,32992,卖盘
533,13:55:33,20.64,0.01,1,2064,卖盘
534,13:55:23,20.63,--,6,12378,买盘
535,13:55:18,20.63,--,38,78394,买盘
536,13:55:13,20.63,--,14,28882,卖盘
537,13:55:08,20.63,--,1,2063,卖盘
538,13:55:03,20.63,-0.05,315,649845,卖盘
539,13:54:58,20.68,0.04,30,62040,买盘
540,13:54:43,20.64,-0.01,33,68710,卖盘
541,13:54:38,20.65,--,13,26844,卖盘
542,13:54:33,20.65,--,20,41300,卖盘
543,13:54:28,20.65,0.01,29,61351,买盘
544,13:54:23,20.64,-0.01,5,10320,卖盘
545,13:54:18,20.65,--,38,78470,买盘
546,13:53:53,20.65,--,32,66678,卖盘
547,13:53:48,20.65,--,3,6195,卖盘
548,13:53:42,20.65,--,2,4130,卖盘
549,13:53:23,20.65,--,10,20650,卖盘
550,13:53:18,20.65,--,11,24181,买盘
551,13:53:12,20.65,--,2,4130,买盘
552,13:52:53,20.65,--,4,8858,卖盘
553,13:52:48,20.65,--,10,20650,卖盘
554,13:52:42,20.65,-0.07,6,12390,卖盘
555,13:52:23,20.72,--,48,99456,买盘
556,13:52:18,20.72,--,15,31080,卖盘
557,13:52:12,20.72,--,2,4144,卖盘
558,13:52:03,20.72,--,39,80808,卖盘
559,13:51:57,20.72,0.07,4,8288,买盘
560,13:51:53,20.65,-0.05,1,2065,卖盘
561,13:51:48,20.7,0.05,79,164999,买盘
562,13:51:42,20.65,--,4,8260,卖盘
563,13:51:33,20.65,-0.06,10,20650,卖盘
564,13:51:27,20.71,-0.02,40,83440,卖盘
565,13:51:22,20.73,0.02,7,15982,买盘
566,13:51:17,20.71,-0.01,2,4142,买盘
567,13:51:03,20.72,--,0,0,买盘
568,13:50:57,20.72,--,17,35824,卖盘
569,13:50:52,20.72,--,1,2072,卖盘
570,13:50:48,20.72,--,3,6216,卖盘
571,13:50:42,20.72,--,2,4144,卖盘
572,13:50:37,20.72,0.01,66,138223,买盘
573,13:50:32,20.71,--,0,0,买盘
574,13:50:27,20.71,--,53,109763,卖盘
575,13:50:12,20.71,--,5,10355,卖盘
576,13:50:07,20.71,0.04,9,18639,买盘
577,13:50:02,20.67,--,0,0,中性盘
578,13:49:57,20.67,--,0,0,卖盘
579,13:49:47,20.67,--,0,0,卖盘
580,13:49:42,20.67,--,33,68211,卖盘
581,13:49:27,20.67,0.04,4,8268,中性盘
582,13:49:22,20.63,--,101,208363,卖盘
583,13:49:17,20.63,--,3,6189,卖盘
584,13:49:12,20.63,--,2,4126,卖盘
585,13:49:02,20.63,--,60,123780,卖盘
586,13:48:57,20.63,--,10,20630,卖盘
587,13:48:52,20.63,--,13,26819,卖盘
588,13:48:42,20.63,0.02,57,117591,买盘
589,13:48:37,20.61,-0.02,10,20610,卖盘
590,13:48:32,20.63,--,0,0,买盘
591,13:48:27,20.63,--,1,2063,买盘
592,13:48:17,20.63,--,0,0,买盘
593,13:48:02,20.63,-0.03,69,142347,卖盘
594,13:47:57,20.66,0.03,115,237590,买盘
595,13:47:47,20.63,--,37,76331,卖盘
596,13:47:42,20.63,--,2,4126,卖盘
597,13:47:37,20.63,--,1,2063,卖盘
598,13:47:17,20.63,--,18,37134,卖盘
599,13:47:12,20.63,0.02,13,26819,卖盘
600,13:47:02,20.61,--,0,0,卖盘
601,13:46:57,20.61,--,20,41220,卖盘
602,13:46:52,20.61,-0.01,2,4122,卖盘
603,13:46:47,20.62,--,0,0,中性盘
604,13:46:32,20.62,--,5,10310,卖盘
605,13:46:27,20.62,-0.01,2,4124,卖盘
606,13:46:12,20.63,--,19,39197,卖盘
607,13:46:06,20.63,--,127,262001,卖盘
608,13:46:02,20.63,--,0,0,卖盘
609,13:45:47,20.63,--,62,127906,买盘
610,13:45:42,20.63,--,1,2063,买盘
611,13:45:36,20.63,--,16,33008,买盘
612,13:45:32,20.63,--,3,6189,买盘
613,13:45:27,20.63,--,0,0,买盘
614,13:45:17,20.63,--,1,2063,买盘
615,13:45:02,20.63,0.01,2,4126,买盘
616,13:44:47,20.62,-0.01,5,10310,卖盘
617,13:44:42,20.63,0.02,2,4126,卖盘
618,13:44:17,20.61,--,0,0,卖盘
619,13:43:47,20.61,--,0,0,卖盘
620,13:43:32,20.61,--,10,20610,买盘
621,13:43:21,20.61,0.01,10,20610,买盘
622,13:43:06,20.6,-0.01,18,37080,卖盘
623,13:42:57,20.61,0.01,7,14427,买盘
624,13:42:51,20.6,--,1,2060,卖盘
625,13:42:46,20.6,--,1,2060,卖盘
626,13:42:42,20.6,-0.01,3,6180,卖盘
627,13:42:31,20.61,-0.01,11,22671,卖盘
628,13:42:26,20.62,--,0,0,卖盘
629,13:42:21,20.62,--,9,18558,卖盘
630,13:42:16,20.62,-0.01,1,2062,卖盘
631,13:42:11,20.63,--,0,0,中性盘
632,13:42:06,20.63,-0.02,13,26819,卖盘
633,13:42:01,20.65,-0.01,32,66080,卖盘
634,13:41:36,20.66,-0.01,28,57848,卖盘
635,13:41:21,20.67,--,0,0,中性盘
636,13:41:11,20.67,--,5,10335,卖盘
637,13:41:01,20.67,-0.01,49,101283,卖盘
638,13:40:46,20.68,0.01,5,10340,买盘
639,13:40:41,20.67,--,6,12402,卖盘
640,13:40:36,20.67,--,2,4134,卖盘
641,13:40:26,20.67,-0.01,3,6201,卖盘
642,13:40:21,20.68,--,10,20680,买盘
643,13:39:56,20.68,--,29,59972,卖盘
644,13:39:51,20.68,-0.02,23,47564,卖盘
645,13:39:26,20.7,--,4,8280,卖盘
646,13:39:21,20.7,--,8,16560,卖盘
647,13:39:11,20.7,-0.02,2,4140,卖盘
648,13:39:06,20.72,--,2,4144,卖盘
649,13:38:56,20.72,--,2,4144,卖盘
650,13:38:45,20.72,--,8,16576,卖盘
651,13:38:41,20.72,-0.01,13,26936,卖盘
652,13:38:36,20.73,--,7,14511,卖盘
653,13:38:21,20.73,-0.01,2,4146,卖盘
654,13:38:15,20.74,--,6,12443,买盘
655,13:38:11,20.74,0.01,8,16592,买盘
656,13:38:06,20.73,--,6,12438,卖盘
657,13:38:00,20.73,-0.03,7,14511,卖盘
658,13:37:56,20.76,0.03,2,4152,买盘
659,13:37:36,20.73,-0.03,43,89139,卖盘
660,13:37:21,20.76,--,6,12456,卖盘
661,13:37:15,20.76,-0.02,15,31140,卖盘
662,13:37:11,20.78,0.02,11,22858,买盘
663,13:37:00,20.76,-0.01,3,6228,卖盘
664,13:36:56,20.77,0.01,18,37386,买盘
665,13:36:51,20.76,-0.01,45,93420,卖盘
666,13:36:36,20.77,0.01,2,4154,买盘
667,13:36:30,20.76,-0.01,28,58128,卖盘
668,13:36:26,20.77,0.01,3,6231,买盘
669,13:36:10,20.76,--,11,22836,买盘
670,13:36:06,20.76,--,0,0,买盘
671,13:35:35,20.76,-0.01,2,4152,卖盘
672,13:35:30,20.77,--,15,31155,买盘
673,13:35:21,20.77,--,0,0,买盘
674,13:35:15,20.77,--,5,10385,买盘
675,13:35:05,20.77,-0.01,17,35309,买盘
676,13:35:00,20.78,--,0,0,买盘
677,13:34:55,20.78,0.05,4,8312,买盘
678,13:34:50,20.73,-0.05,5,10365,卖盘
679,13:34:45,20.78,-0.02,2,4156,买盘
680,13:34:40,20.8,--,0,0,买盘
681,13:34:30,20.8,--,0,0,买盘
682,13:34:20,20.8,0.02,100,208000,买盘
683,13:34:05,20.78,--,9,18702,买盘
684,13:34:00,20.78,--,0,0,买盘
685,13:33:55,20.78,0.06,250,519500,买盘
686,13:33:50,20.72,--,11,22792,买盘
687,13:33:45,20.72,--,1,2072,买盘
688,13:33:35,20.72,--,5,10360,买盘
689,13:33:30,20.72,--,0,0,买盘
690,13:32:59,20.72,-0.06,11,22792,卖盘
691,13:32:45,20.78,--,2,4156,买盘
692,13:32:35,20.78,0.08,6,12468,买盘
693,13:32:20,20.7,--,10,20700,卖盘
694,13:32:15,20.7,-0.08,3,6210,卖盘
695,13:32:09,20.78,0.06,10,20780,买盘
696,13:32:05,20.72,0.02,15,31080,买盘
697,13:31:49,20.7,--,5,10350,卖盘
698,13:31:34,20.7,--,0,0,卖盘
699,13:31:20,20.7,--,18,37260,卖盘
700,13:31:14,20.7,--,32,66240,买盘
701,13:31:04,20.7,0.03,88,182160,买盘
702,13:31:00,20.67,-0.02,13,26871,卖盘
703,13:30:50,20.69,--,0,0,买盘
704,13:30:44,20.69,-0.01,2,4138,卖盘
705,13:30:34,20.7,--,100,207000,买盘
706,13:30:29,20.7,--,10,20700,买盘
707,13:30:09,20.7,--,30,62100,买盘
708,13:30:04,20.7,-0.06,1275,2639250,卖盘
709,13:29:54,20.76,--,0,0,卖盘
710,13:29:44,20.76,--,23,47748,买盘
711,13:29:39,20.76,0.01,10,20760,买盘
712,13:29:35,20.75,-0.01,14,29050,卖盘
713,13:29:29,20.76,--,0,0,买盘
714,13:29:24,20.76,0.01,101,209676,买盘
715,13:29:14,20.75,--,1,2075,买盘
716,13:29:09,20.75,--,0,0,中性盘
717,13:29:04,20.75,-0.01,9,18675,卖盘
718,13:28:59,20.76,--,9,18684,买盘
719,13:28:54,20.76,--,39,80964,买盘
720,13:28:44,20.76,--,1,2076,买盘
721,13:28:34,20.76,--,128,265728,卖盘
722,13:28:29,20.76,--,123,255348,卖盘
723,13:28:19,20.76,0.01,88,182688,买盘
724,13:28:14,20.75,-0.01,18,37350,卖盘
725,13:28:09,20.76,0.01,6,12456,买盘
726,13:27:59,20.75,--,404,838300,卖盘
727,13:27:44,20.75,0.05,46,95450,买盘
728,13:27:39,20.7,--,5,10350,卖盘
729,13:27:29,20.7,--,11,22770,卖盘
730,13:27:24,20.7,--,1,2070,卖盘
731,13:27:04,20.7,0.02,148,306360,买盘
732,13:26:44,20.68,--,16,33088,卖盘
733,13:26:23,20.68,-0.01,3,6204,卖盘
734,13:26:03,20.69,0.01,10,20690,买盘
735,13:25:53,20.68,--,15,31020,卖盘
736,13:25:23,20.68,--,2,4136,卖盘
737,13:24:59,20.68,--,13,26884,卖盘
738,13:24:48,20.68,--,14,28952,买盘
739,13:24:44,20.68,0.03,30,62040,买盘
740,13:24:18,20.65,-0.02,3,6195,卖盘
741,13:24:14,20.67,0.02,28,57876,买盘
742,13:24:08,20.65,--,1,2065,卖盘
743,13:23:48,20.65,0.04,1,2065,中性盘
744,13:23:43,20.61,--,0,0,卖盘
745,13:23:28,20.61,--,13,26793,卖盘
746,13:23:18,20.61,--,44,90684,买盘
747,13:23:13,20.61,--,10,20610,买盘
748,13:22:58,20.61,--,0,0,中性盘
749,13:22:43,20.61,0.01,5,10305,卖盘
750,13:22:33,20.6,--,0,0,卖盘
751,13:22:18,20.6,--,1,2060,卖盘
752,13:22:13,20.6,--,22,45320,卖盘
753,13:22:03,20.6,--,0,0,卖盘
754,13:21:58,20.6,-0.08,10,20600,卖盘
755,13:21:28,20.68,0.08,1,2068,买盘
756,13:21:23,20.6,--,1,2060,卖盘
757,13:21:13,20.6,-0.08,23,47380,卖盘
758,13:20:53,20.68,--,10,20680,买盘
759,13:20:48,20.68,0.08,1,2068,买盘
760,13:20:43,20.6,--,8,16480,卖盘
761,13:20:23,20.6,--,1,2060,卖盘
762,13:20:08,20.6,--,7,14420,卖盘
763,13:20:03,20.6,-0.09,5,10300,卖盘
764,13:19:58,20.69,0.09,8,16552,买盘
765,13:19:53,20.6,--,0,0,卖盘
766,13:19:48,20.6,0.04,5,10300,卖盘
767,13:19:43,20.56,--,0,0,卖盘
768,13:19:23,20.56,0.01,4,8224,卖盘
769,13:19:17,20.55,--,0,0,卖盘
770,13:19:13,20.55,--,5,10275,卖盘
771,13:19:08,20.55,-0.15,1,2055,卖盘
772,13:19:03,20.7,--,0,0,中性盘
773,13:18:58,20.7,--,0,0,中性盘
774,13:18:53,20.7,--,0,0,中性盘
775,13:18:47,20.7,--,0,0,买盘
776,13:18:42,20.7,--,0,0,买盘
777,13:18:38,20.7,0.15,68,140760,买盘
778,13:18:32,20.55,--,24,49320,买盘
779,13:18:17,20.55,--,30,61650,卖盘
780,13:18:12,20.55,--,0,0,卖盘
781,13:18:08,20.55,-0.05,42,86310,卖盘
782,13:18:02,20.6,--,10,20600,卖盘
783,13:17:53,20.6,--,0,0,卖盘
784,13:17:47,20.6,-0.03,40,82400,卖盘
785,13:17:42,20.63,--,5,10315,卖盘
786,13:17:23,20.63,-0.02,1,2063,卖盘
787,13:17:12,20.65,-0.05,5,10325,卖盘
788,13:17:07,20.7,--,16,33120,卖盘
789,13:17:02,20.7,--,31,64170,卖盘
790,13:16:53,20.7,--,6,12420,卖盘
791,13:16:47,20.7,--,5,10350,卖盘
792,13:16:42,20.7,0.05,50,103500,买盘
793,13:16:38,20.65,--,24,49560,卖盘
794,13:16:32,20.65,-0.02,1,2065,卖盘
795,13:16:27,20.67,0.02,20,41340,买盘
796,13:16:22,20.65,--,25,51625,卖盘
797,13:16:17,20.65,-0.01,5,10325,卖盘
798,13:16:07,20.66,--,36,74376,卖盘
799,13:16:02,20.66,--,13,26858,卖盘
800,13:15:57,20.66,--,11,22726,卖盘
801,13:15:52,20.66,--,2,4132,卖盘
802,13:15:47,20.66,--,4,8264,卖盘
803,13:15:37,20.66,--,60,123960,卖盘
804,13:15:32,20.66,--,11,22726,卖盘
805,13:15:22,20.66,--,11,22726,卖盘
806,13:15:07,20.66,--,10,20660,卖盘
807,13:14:37,20.66,-0.04,1,2066,卖盘
808,13:14:27,20.7,0.04,1,2070,买盘
809,13:14:22,20.66,--,7,14462,卖盘
810,13:14:07,20.66,-0.01,100,206600,卖盘
811,13:14:02,20.67,--,0,0,卖盘
812,13:13:37,20.67,-0.04,2,4134,卖盘
813,13:13:07,20.71,--,13,26923,卖盘
814,13:13:02,20.71,--,12,24852,卖盘
815,13:12:37,20.71,--,1,2071,卖盘
816,13:12:32,20.71,--,40,82840,卖盘
817,13:12:27,20.71,--,22,45562,卖盘
818,13:12:02,20.71,-0.03,7,14497,卖盘
819,13:11:56,20.74,0.03,5,10370,买盘
820,13:11:46,20.71,-0.03,3,6213,卖盘
821,13:11:32,20.74,0.03,1,2074,买盘
822,13:11:26,20.71,-0.03,1,2071,卖盘
823,13:11:02,20.74,--,22,45628,卖盘
824,13:10:56,20.74,--,0,0,卖盘
825,13:10:51,20.74,--,1,2074,卖盘
826,13:10:46,20.74,0.01,2,4148,卖盘
827,13:10:41,20.73,--,1,2073,买盘
828,13:10:36,20.73,--,1,2073,卖盘
829,13:10:32,20.73,--,5,10365,卖盘
830,13:10:26,20.73,--,4,8292,卖盘
831,13:10:11,20.73,--,11,22803,卖盘
832,13:10:02,20.73,--,4,8292,卖盘
833,13:09:41,20.73,-0.02,122,252906,卖盘
834,13:09:26,20.75,--,6,12450,买盘
835,13:09:01,20.75,0.02,1,2075,买盘
836,13:08:46,20.73,--,0,0,卖盘
837,13:08:26,20.73,-0.03,4,8292,卖盘
838,13:08:06,20.76,0.05,1,2076,买盘
839,13:08:01,20.71,--,0,0,卖盘
840,13:07:56,20.71,-0.05,3,6213,卖盘
841,13:07:46,20.76,0.05,50,103800,买盘
842,13:07:41,20.71,--,0,0,卖盘
843,13:07:31,20.71,--,11,22781,卖盘
844,13:07:26,20.71,--,0,0,卖盘
845,13:07:21,20.71,--,12,24852,卖盘
846,13:07:16,20.71,--,50,103550,卖盘
847,13:07:11,20.71,-0.01,10,20710,卖盘
848,13:06:21,20.72,-0.03,6,12432,卖盘
849,13:06:11,20.75,-0.01,10,20750,买盘
850,13:05:51,20.76,--,0,0,买盘
851,13:05:41,20.76,0.05,1,2076,买盘
852,13:05:26,20.71,0.01,16,33136,买盘
853,13:04:56,20.7,0.05,17,35190,买盘
854,13:04:41,20.65,0.02,5,10325,买盘
855,13:04:26,20.63,-0.02,10,20630,卖盘
856,13:04:20,20.65,0.02,19,39235,买盘
857,13:04:10,20.63,--,5,10315,买盘
858,13:04:05,20.63,-0.13,35,72205,卖盘
859,13:03:55,20.76,--,0,0,中性盘
860,13:03:50,20.76,--,0,0,买盘
861,13:03:45,20.76,0.11,17,35292,买盘
862,13:03:35,20.65,--,0,0,中性盘
863,13:03:25,20.65,-0.13,54,111509,卖盘
864,13:03:15,20.78,--,2,4156,买盘
865,13:03:10,20.78,--,11,22858,卖盘
866,13:03:05,20.78,--,3,6234,卖盘
867,13:03:00,20.78,-0.02,46,95588,卖盘
868,13:02:55,20.8,0.02,53,110240,买盘
869,13:02:50,20.78,0.01,3,6234,卖盘
870,13:02:40,20.77,0.13,4,8308,买盘
871,13:02:35,20.64,-0.09,2,4128,卖盘
872,13:02:25,20.73,-0.04,1,2073,卖盘
873,13:01:55,20.77,--,8,16616,卖盘
874,13:01:40,20.77,-0.03,2,4154,卖盘
875,13:01:35,20.8,--,5,10400,买盘
876,13:01:25,20.8,--,0,603,卖盘
877,13:01:20,20.8,-0.07,39,81120,卖盘
878,13:01:10,20.87,--,0,0,买盘
879,13:01:05,20.87,0.02,113,235831,买盘
880,13:01:00,20.85,--,104,216840,卖盘
881,13:00:55,20.85,--,40,83400,卖盘
882,13:00:50,20.85,--,102,212670,卖盘
883,13:00:45,20.85,-0.01,22,45870,卖盘
884,13:00:40,20.86,-0.01,10,20860,买盘
885,13:00:35,20.87,--,0,0,买盘
886,13:00:20,20.87,--,5,10435,买盘
887,13:00:05,20.87,0.05,810,1690470,买盘
888,11:30:00,20.82,--,0,0,卖盘
889,11:30:00,20.82,0.01,26,54132,买盘
890,11:29:50,20.81,0.02,120,251197,买盘
891,11:29:45,20.79,--,6,12474,买盘
892,11:29:35,20.79,--,8,16632,买盘
893,11:29:20,20.79,--,0,0,买盘
894,11:29:15,20.79,--,6,12474,买盘
895,11:29:09,20.79,0.01,34,70686,买盘
896,11:29:05,20.78,--,7,14546,买盘
897,11:29:00,20.78,0.05,10,20780,买盘
898,11:28:54,20.73,-0.05,5,10365,卖盘
899,11:28:50,20.78,0.01,6,12468,买盘
900,11:28:35,20.77,0.04,22,45694,买盘
901,11:28:30,20.73,--,8,16584,卖盘
902,11:28:24,20.73,--,0,0,卖盘
903,11:28:05,20.73,-0.04,319,661287,卖盘
904,11:28:00,20.77,0.03,26,54002,买盘
905,11:27:50,20.74,-0.03,36,74664,卖盘
906,11:27:45,20.77,--,19,39463,买盘
907,11:27:35,20.77,0.02,29,60233,买盘
908,11:27:24,20.75,-0.04,3,6225,卖盘
909,11:27:20,20.79,--,0,0,买盘
910,11:27:09,20.79,0.01,197,409563,买盘
911,11:26:54,20.78,--,30,62340,买盘
912,11:26:30,20.78,--,57,118446,卖盘
913,11:26:24,20.78,-0.01,14,29092,卖盘
914,11:26:20,20.79,--,4,8316,买盘
915,11:26:15,20.79,0.02,249,517671,买盘
916,11:26:09,20.77,-0.02,2,4154,卖盘
917,11:26:00,20.79,--,204,424116,卖盘
918,11:25:50,20.79,-0.01,1,2079,卖盘
919,11:25:45,20.8,0.01,47,97760,买盘
920,11:25:35,20.79,--,5,10395,卖盘
921,11:25:30,20.79,0.06,374,777546,买盘
922,11:25:24,20.73,--,0,0,卖盘
923,11:25:20,20.73,--,0,0,卖盘
924,11:25:15,20.73,--,7,14511,卖盘
925,11:25:09,20.73,0.07,160,331680,买盘
926,11:25:05,20.66,-0.07,35,72310,卖盘
927,11:24:54,20.73,0.08,277,574221,买盘
928,11:24:39,20.65,--,0,0,卖盘
929,11:24:24,20.65,-0.05,3,6195,卖盘
930,11:24:15,20.7,0.05,2,4140,买盘
931,11:24:09,20.65,-0.05,47,97055,卖盘
932,11:24:05,20.7,--,4,8280,买盘
933,11:23:59,20.7,0.02,8,16560,买盘
934,11:23:54,20.68,--,33,68244,买盘
935,11:23:50,20.68,0.03,2,4136,买盘
936,11:23:44,20.65,0.01,46,94990,买盘
937,11:23:39,20.64,--,0,0,中性盘
938,11:23:33,20.64,--,10,20640,卖盘
939,11:23:18,20.64,-0.01,17,35088,卖盘
940,11:23:14,20.65,0.01,2,4130,买盘
941,11:23:09,20.64,--,66,136224,买盘
942,11:22:59,20.64,0.02,132,272448,买盘
943,11:22:54,20.62,0.07,86,177332,买盘
944,11:22:48,20.55,--,6,12330,卖盘
945,11:22:44,20.55,-0.01,10,20550,卖盘
946,11:22:39,20.56,--,0,0,中性盘
947,11:22:24,20.56,--,0,0,卖盘
948,11:22:14,20.56,-0.03,33,67848,卖盘
949,11:22:09,20.59,0.04,11,22649,买盘
950,11:22:03,20.55,0.02,20,41100,买盘
951,11:21:59,20.53,--,0,0,卖盘
952,11:21:54,20.53,-0.02,43,88279,卖盘
953,11:21:44,20.55,--,0,0,卖盘
954,11:21:29,20.55,-0.04,75,154125,卖盘
955,11:21:24,20.59,0.04,30,61770,买盘
956,11:21:14,20.55,-0.04,2,4110,卖盘
957,11:20:59,20.59,0.03,2,4118,买盘
958,11:20:48,20.56,--,1,2056,卖盘
959,11:20:44,20.56,-0.01,13,26728,卖盘
960,11:20:39,20.57,-0.03,1,2057,卖盘
961,11:20:24,20.6,0.03,43,88580,买盘
962,11:20:18,20.57,0.02,2,4114,卖盘
963,11:20:14,20.55,--,0,0,卖盘
964,11:20:09,20.55,--,7,14385,卖盘
965,11:19:58,20.55,--,0,0,卖盘
966,11:19:44,20.55,-0.05,25,51375,卖盘
967,11:19:33,20.6,--,30,61800,买盘
968,11:19:24,20.6,0.05,1,2060,中性盘
969,11:19:14,20.55,-0.09,3,6165,卖盘
970,11:19:09,20.64,--,0,0,买盘
971,11:19:03,20.64,--,0,0,买盘
972,11:18:59,20.64,--,0,0,买盘
973,11:18:48,20.64,--,0,0,买盘
974,11:18:44,20.64,0.09,30,61920,买盘
975,11:18:39,20.55,--,77,158235,卖盘
976,11:18:33,20.55,--,1,2055,卖盘
977,11:18:08,20.55,-0.09,6,12330,卖盘
978,11:17:48,20.64,--,0,0,买盘
979,11:17:38,20.64,--,6,12384,卖盘
980,11:17:33,20.64,0.05,24,49536,买盘
981,11:17:29,20.59,0.04,10,20590,买盘
982,11:17:08,20.55,-0.04,5,10275,卖盘
983,11:17:03,20.59,--,18,37062,卖盘
984,11:16:57,20.59,-0.04,24,49416,卖盘
985,11:16:53,20.63,--,0,0,买盘
986,11:16:48,20.63,0.08,30,61890,买盘
987,11:16:43,20.55,--,32,65760,卖盘
988,11:16:38,20.55,--,1,2055,卖盘
989,11:16:23,20.55,--,20,41100,卖盘
990,11:16:18,20.55,--,24,49320,卖盘
991,11:16:08,20.55,--,0,0,卖盘
992,11:16:03,20.55,--,12,24660,卖盘
993,11:15:53,20.55,-0.05,85,174675,卖盘
994,11:15:48,20.6,0.04,29,59740,买盘
995,11:15:42,20.56,-0.04,32,65792,卖盘
996,11:15:38,20.6,--,65,133900,卖盘
997,11:15:23,20.6,--,121,249260,卖盘
998,11:15:12,20.6,0.03,14,28840,买盘
999,11:15:08,20.57,--,5,10285,卖盘
1000,11:15:03,20.57,0.01,33,67881,卖盘
1001,11:14:57,20.56,-0.01,1,2056,卖盘
1002,11:14:53,20.57,0.01,1,2057,买盘
1003,11:14:33,20.56,--,1,2056,卖盘
1004,11:14:08,20.56,-0.08,4,8224,卖盘
1005,11:14:03,20.64,0.08,27,55728,买盘
1006,11:13:53,20.56,-0.03,45,92520,卖盘
1007,11:13:48,20.59,--,5,10295,买盘
1008,11:13:38,20.59,-0.01,1,2059,买盘
1009,11:13:33,20.6,--,0,0,买盘
1010,11:13:23,20.6,--,17,35020,买盘
1011,11:13:08,20.6,--,31,63860,买盘
1012,11:13:03,20.6,--,27,55620,卖盘
1013,11:12:48,20.6,--,0,0,卖盘
1014,11:12:33,20.6,-0.05,3,6180,卖盘
1015,11:12:18,20.65,0.05,23,47495,卖盘
1016,11:12:08,20.6,--,7,14420,买盘
1017,11:12:03,20.6,--,8,16480,卖盘
1018,11:11:53,20.6,-0.1,22,45320,卖盘
1019,11:11:33,20.7,-0.01,11,22770,买盘
1020,11:11:27,20.71,--,0,0,买盘
1021,11:11:23,20.71,0.01,10,20710,买盘
1022,11:11:18,20.7,0.12,31,64170,买盘
1023,11:11:12,20.58,--,0,0,中性盘
1024,11:11:07,20.58,-0.13,2,4116,卖盘
1025,11:11:03,20.71,--,0,0,买盘
1026,11:10:57,20.71,--,0,0,买盘
1027,11:10:53,20.71,--,0,0,买盘
1028,11:10:48,20.71,--,0,0,买盘
1029,11:10:42,20.71,0.01,20,41420,买盘
1030,11:10:32,20.7,0.14,41,84870,买盘
1031,11:10:27,20.56,-0.04,125,256999,卖盘
1032,11:10:22,20.6,-0.08,150,309000,卖盘
1033,11:10:17,20.68,0.08,50,103400,买盘
1034,11:10:07,20.6,-0.08,33,67980,卖盘
1035,11:10:02,20.68,--,0,0,买盘
1036,11:09:57,20.68,0.07,3,6204,买盘
1037,11:09:52,20.61,--,10,20610,买盘
1038,11:09:47,20.61,-0.07,16,32976,卖盘
1039,11:09:42,20.68,-0.02,23,47564,买盘
1040,11:09:36,20.7,--,0,0,买盘
1041,11:09:27,20.7,0.04,28,57960,买盘
1042,11:09:21,20.66,-0.07,5,10330,卖盘
1043,11:09:17,20.73,--,0,0,买盘
1044,11:09:12,20.73,0.03,10,20730,买盘
1045,11:09:06,20.7,-0.04,4,8280,卖盘
1046,11:09:02,20.74,0.04,2,4148,卖盘
1047,11:08:57,20.7,--,0,0,卖盘
1048,11:08:51,20.7,-0.06,1,2070,卖盘
1049,11:08:47,20.76,0.02,16,33216,买盘
1050,11:08:42,20.74,0.09,10,20740,中性盘
1051,11:08:36,20.65,-0.1,45,92925,卖盘
1052,11:08:32,20.75,--,37,76775,买盘
1053,11:08:27,20.75,0.1,24,49800,买盘
1054,11:08:12,20.65,-0.07,109,225084,卖盘
1055,11:08:06,20.72,0.04,32,66304,买盘
1056,11:08:02,20.68,-0.02,13,26884,卖盘
1057,11:07:57,20.7,--,29,60030,买盘
1058,11:07:36,20.7,--,0,0,买盘
1059,11:07:32,20.7,0.04,29,60030,买盘
1060,11:07:27,20.66,-0.04,10,20660,卖盘
1061,11:07:21,20.7,0.04,10,20700,买盘
1062,11:07:12,20.66,--,9,18594,卖盘
1063,11:07:02,20.66,--,31,64046,卖盘
1064,11:06:51,20.66,-0.09,5,10330,卖盘
1065,11:06:47,20.75,--,0,0,买盘
1066,11:06:42,20.75,0.09,42,87150,买盘
1067,11:06:36,20.66,--,0,0,卖盘
1068,11:06:32,20.66,--,6,12396,卖盘
1069,11:06:21,20.66,0.04,13,26858,卖盘
1070,11:06:17,20.62,0.02,206,424772,买盘
1071,11:06:12,20.6,-0.01,10,20600,卖盘
1072,11:06:06,20.61,-0.01,5,10305,中性盘
1073,11:06:02,20.62,--,30,61860,买盘
1074,11:05:47,20.62,-0.13,564,1162968,卖盘
1075,11:05:42,20.75,0.09,27,56025,买盘
1076,11:05:36,20.66,-0.04,5,10330,卖盘
1077,11:05:32,20.7,-0.05,2,4140,买盘
1078,11:05:06,20.75,--,0,0,中性盘
1079,11:05:02,20.75,--,15,31125,卖盘
1080,11:04:57,20.75,0.05,16,33200,买盘
1081,11:04:47,20.7,--,15,31050,卖盘
1082,11:04:27,20.7,--,5,10350,卖盘
1083,11:04:21,20.7,-0.01,46,95220,卖盘
1084,11:04:02,20.71,-0.05,1,2071,卖盘
1085,11:03:57,20.76,0.05,29,60204,买盘
1086,11:03:47,20.71,0.01,5,10355,卖盘
1087,11:03:26,20.7,--,0,0,卖盘
1088,11:03:12,20.7,--,23,47610,卖盘
1089,11:02:56,20.7,--,4,8280,卖盘
1090,11:02:51,20.7,--,0,0,卖盘
1091,11:02:41,20.7,--,0,0,卖盘
1092,11:02:36,20.7,-0.01,100,207000,卖盘
1093,11:02:26,20.71,--,1,2071,卖盘
1094,11:02:21,20.71,-0.05,42,86982,卖盘
1095,11:02:06,20.76,--,45,93420,买盘
1096,11:02:00,20.76,--,0,0,买盘
1097,11:01:56,20.76,-0.06,10,20760,中性盘
1098,11:01:51,20.82,-0.01,4,8328,卖盘
1099,11:01:45,20.83,--,10,20830,买盘
1100,11:01:36,20.83,-0.02,93,193718,卖盘
1101,11:01:26,20.85,0.02,5,10425,买盘
1102,11:01:21,20.83,--,59,122896,买盘
1103,11:01:11,20.83,--,44,91651,买盘
1104,11:01:06,20.83,--,1,2083,买盘
1105,11:01:00,20.83,--,187,389520,买盘
1106,11:00:56,20.83,0.01,6,12497,买盘
1107,11:00:51,20.82,--,18,37476,卖盘
1108,11:00:41,20.82,--,22,45804,卖盘
1109,11:00:36,20.82,0.02,98,204036,买盘
1110,11:00:21,20.8,0.09,601,1251036,买盘
1111,11:00:11,20.71,0.01,812,1681652,买盘
1112,11:00:05,20.7,-0.01,1,2070,卖盘
1113,11:00:00,20.71,--,10,20710,买盘
1114,10:59:56,20.71,--,6,12426,买盘
1115,10:59:51,20.71,-0.07,9,18639,卖盘
1116,10:59:45,20.78,--,0,0,买盘
1117,10:59:35,20.78,--,21,43638,买盘
1118,10:59:30,20.78,--,37,76886,买盘
1119,10:59:26,20.78,--,0,0,买盘
1120,10:59:21,20.78,0.03,31,64418,买盘
1121,10:59:15,20.75,--,12,24900,卖盘
1122,10:59:11,20.75,-0.03,24,49800,卖盘
1123,10:59:05,20.78,0.01,3,6234,买盘
1124,10:58:56,20.77,--,24,49848,卖盘
1125,10:58:45,20.77,-0.01,2,4154,卖盘
1126,10:58:41,20.78,0.02,29,60262,买盘
1127,10:58:36,20.76,0.01,10,20760,买盘
1128,10:58:30,20.75,0.05,20,41500,买盘
1129,10:58:26,20.7,--,0,0,中性盘
1130,10:58:20,20.7,-0.05,10,20700,卖盘
1131,10:58:11,20.75,0.05,1,2075,买盘
1132,10:57:56,20.7,-0.05,7,14490,卖盘
1133,10:57:51,20.75,0.04,30,62250,买盘
1134,10:57:45,20.71,--,3,6213,买盘
1135,10:57:41,20.71,--,85,176035,卖盘
1136,10:57:35,20.71,--,5,10355,卖盘
1137,10:57:30,20.71,-0.04,9,18639,卖盘
1138,10:57:26,20.75,--,1,2075,买盘
1139,10:57:20,20.75,0.04,15,31125,买盘
1140,10:57:15,20.71,-0.04,14,28994,卖盘
1141,10:57:11,20.75,-0.03,68,141100,买盘
1142,10:57:05,20.78,--,13,27014,买盘
1143,10:57:00,20.78,0.03,302,627556,买盘
1144,10:56:56,20.75,-0.03,22,45650,卖盘
1145,10:56:50,20.78,-0.01,78,162084,买盘
1146,10:56:45,20.79,--,11,22869,买盘
1147,10:56:40,20.79,--,7,14553,买盘
1148,10:56:35,20.79,--,11,22869,买盘
1149,10:56:30,20.79,0.04,2,4158,买盘
1150,10:56:25,20.75,-0.04,10,20750,卖盘
1151,10:56:20,20.79,-0.01,2,4158,中性盘
1152,10:56:15,20.8,0.02,16,33280,买盘
1153,10:56:09,20.78,-0.03,1,2078,卖盘
1154,10:56:05,20.81,0.02,34,70754,买盘
1155,10:56:00,20.79,-0.03,5,10395,卖盘
1156,10:55:54,20.82,--,4,8328,买盘
1157,10:55:45,20.82,--,2,4164,买盘
1158,10:55:39,20.82,--,9,18738,买盘
1159,10:55:35,20.82,-0.01,20,41640,买盘
1160,10:55:24,20.83,--,0,0,买盘
1161,10:55:20,20.83,--,41,85403,买盘
1162,10:55:15,20.83,0.01,28,58323,买盘
1163,10:55:09,20.82,0.03,176,366432,买盘
1164,10:55:05,20.79,--,25,51975,买盘
1165,10:55:00,20.79,-0.03,834,1733886,卖盘
1166,10:54:54,20.82,0.03,34,70788,买盘
1167,10:54:50,20.79,-0.01,92,191268,卖盘
1168,10:54:45,20.8,-0.03,63,131040,卖盘
1169,10:54:39,20.83,--,12,24995,买盘
1170,10:54:35,20.83,0.03,61,127062,买盘
1171,10:54:30,20.8,0.01,37,76960,买盘
1172,10:54:24,20.79,-0.04,66,137214,卖盘
1173,10:54:20,20.83,--,49,102066,卖盘
1174,10:54:15,20.83,-0.01,60,124979,卖盘
1175,10:54:09,20.84,--,11,22924,买盘
1176,10:54:05,20.84,--,14,29176,买盘
1177,10:53:59,20.84,0.02,26,54184,买盘
1178,10:53:54,20.82,0.03,20,41640,买盘
1179,10:53:50,20.79,-0.02,26,54054,卖盘
1180,10:53:45,20.81,-0.01,42,87402,卖盘
1181,10:53:39,20.82,0.01,14,29148,买盘
1182,10:53:35,20.81,0.01,22,45782,买盘
1183,10:53:29,20.8,--,55,114400,买盘
1184,10:53:24,20.8,--,31,64480,买盘
1185,10:53:20,20.8,--,37,76960,买盘
1186,10:53:14,20.8,--,22,45760,买盘
1187,10:53:09,20.8,0.01,25,52000,买盘
1188,10:53:05,20.79,0.03,6,12474,买盘
1189,10:52:59,20.76,-0.03,11,22836,卖盘
1190,10:52:54,20.79,0.06,19,39501,买盘
1191,10:52:50,20.73,0.08,3,6219,卖盘
1192,10:52:44,20.65,-0.06,30,61949,卖盘
1193,10:52:39,20.71,--,21,43491,买盘
1194,10:52:35,20.71,--,51,105621,买盘
1195,10:52:29,20.71,-0.02,68,140828,卖盘
1196,10:52:24,20.73,--,5,10365,买盘
1197,10:52:20,20.73,-0.06,15,31095,卖盘
1198,10:52:14,20.79,0.04,27,56133,买盘
1199,10:52:05,20.75,-0.04,44,91300,卖盘
1200,10:51:59,20.79,0.03,48,99792,买盘
1201,10:51:50,20.76,-0.02,46,95496,卖盘
1202,10:51:44,20.78,0.02,50,103900,买盘
1203,10:51:39,20.76,-0.02,19,39444,卖盘
1204,10:51:35,20.78,--,22,45716,买盘
1205,10:51:29,20.78,-0.01,64,132992,中性盘
1206,10:51:24,20.79,--,0,0,买盘
1207,10:51:20,20.79,0.03,33,68607,买盘
1208,10:51:14,20.76,-0.04,20,41520,买盘
1209,10:51:09,20.8,--,0,0,买盘
1210,10:51:04,20.8,0.05,72,149760,买盘
1211,10:50:59,20.75,-0.05,15,31125,卖盘
1212,10:50:54,20.8,--,9,18720,买盘
1213,10:50:50,20.8,0.05,44,91520,买盘
1214,10:50:44,20.75,--,12,24900,买盘
1215,10:50:35,20.75,--,40,83000,买盘
1216,10:50:29,20.75,0.02,43,89225,买盘
1217,10:50:20,20.73,-0.02,74,153402,卖盘
1218,10:50:14,20.75,--,11,22825,买盘
1219,10:50:04,20.75,0.08,28,58100,买盘
1220,10:49:59,20.67,-0.05,52,107484,卖盘
1221,10:49:54,20.72,0.02,48,99456,买盘
1222,10:49:49,20.7,--,8,16560,买盘
1223,10:49:44,20.7,--,32,66240,买盘
1224,10:49:39,20.7,--,10,20700,买盘
1225,10:49:34,20.7,--,25,51750,买盘
1226,10:49:29,20.7,--,0,0,买盘
1227,10:49:24,20.7,0.02,23,47610,买盘
1228,10:49:18,20.68,--,0,0,买盘
1229,10:49:14,20.68,0.01,13,26884,买盘
1230,10:49:09,20.67,0.01,45,93015,买盘
1231,10:48:59,20.66,0.02,19,39254,买盘
1232,10:48:54,20.64,--,5,10320,卖盘
1233,10:48:44,20.64,0.04,25,51600,买盘
1234,10:48:39,20.6,--,24,49440,买盘
1235,10:48:29,20.6,0.04,6,12360,买盘
1236,10:48:14,20.56,--,28,57568,卖盘
1237,10:48:03,20.56,-0.04,5,10280,卖盘
1238,10:47:54,20.6,--,1,2060,买盘
1239,10:47:39,20.6,-0.04,5,10300,买盘
1240,10:47:29,20.64,-0.01,18,37152,卖盘
1241,10:47:24,20.65,0.01,29,59884,买盘
1242,10:47:18,20.64,0.09,2,4128,中性盘
1243,10:47:14,20.55,-0.1,10,20550,卖盘
1244,10:47:03,20.65,--,0,0,买盘
1245,10:46:59,20.65,0.01,30,61949,买盘
1246,10:46:53,20.64,--,0,0,买盘
1247,10:46:44,20.64,--,0,0,买盘
1248,10:46:38,20.64,0.11,32,66048,买盘
1249,10:46:33,20.53,--,1,2053,卖盘
1250,10:46:29,20.53,-0.09,11,22583,买盘
1251,10:46:08,20.62,--,14,28868,卖盘
1252,10:46:03,20.62,--,1,2062,卖盘
1253,10:45:53,20.62,--,19,39178,卖盘
1254,10:45:44,20.62,--,9,18558,卖盘
1255,10:45:38,20.62,0.12,2,4124,买盘
1256,10:45:33,20.5,-0.12,26,53300,卖盘
1257,10:45:29,20.62,0.12,27,55674,买盘
1258,10:45:18,20.5,--,10,20500,卖盘
1259,10:45:14,20.5,-0.08,20,41000,卖盘
1260,10:45:08,20.58,0.08,5,10290,买盘
1261,10:44:59,20.5,-0.06,13,26650,卖盘
1262,10:44:53,20.56,--,10,20560,卖盘
1263,10:44:48,20.56,--,8,16448,卖盘
1264,10:44:44,20.56,--,1,2056,卖盘
1265,10:44:38,20.56,0.09,36,74016,买盘
1266,10:44:29,20.47,--,0,0,卖盘
1267,10:44:23,20.47,-0.03,300,614100,卖盘
1268,10:44:08,20.5,--,10,20500,卖盘
1269,10:44:03,20.5,--,87,178350,卖盘
1270,10:43:53,20.5,0.05,14,28700,买盘
1271,10:43:48,20.45,--,0,0,卖盘
1272,10:43:44,20.45,-0.05,118,241310,卖盘
1273,10:43:38,20.5,--,6,12300,买盘
1274,10:43:33,20.5,0.04,2,4100,买盘
1275,10:43:23,20.46,-0.04,35,71610,卖盘
1276,10:43:13,20.5,--,0,0,买盘
1277,10:43:08,20.5,0.06,4,8200,买盘
1278,10:43:03,20.44,-0.06,1,2044,卖盘
1279,10:42:58,20.5,0.06,18,36900,买盘
1280,10:42:53,20.44,-0.06,30,61320,卖盘
1281,10:42:48,20.5,--,0,0,买盘
1282,10:42:43,20.5,0.09,20,41000,买盘
1283,10:42:28,20.41,-0.09,130,265330,卖盘
1284,10:42:23,20.5,--,0,0,卖盘
1285,10:42:18,20.5,-0.02,20,41000,卖盘
1286,10:42:13,20.52,0.03,3,6156,买盘
1287,10:42:08,20.49,-0.01,40,81960,卖盘
1288,10:42:03,20.5,-0.05,2,4100,卖盘
1289,10:41:58,20.55,0.05,41,84255,买盘
1290,10:41:53,20.5,--,20,41000,卖盘
1291,10:41:43,20.5,--,2,4100,卖盘
1292,10:41:38,20.5,--,59,120950,卖盘
1293,10:41:33,20.5,-0.05,110,225500,卖盘
1294,10:41:23,20.55,0.05,10,20550,买盘
1295,10:41:18,20.5,-0.02,100,205000,卖盘
1296,10:41:12,20.52,-0.02,10,20520,卖盘
1297,10:41:08,20.54,-0.02,28,57512,中性盘
1298,10:41:03,20.56,--,21,43176,买盘
1299,10:40:57,20.56,0.01,93,191208,买盘
1300,10:40:48,20.55,-0.01,140,287700,卖盘
1301,10:40:42,20.56,--,10,20560,卖盘
1302,10:40:38,20.56,--,10,20560,卖盘
1303,10:40:33,20.56,--,1,2056,卖盘
1304,10:40:23,20.56,-0.03,10,20560,卖盘
1305,10:40:17,20.59,0.04,53,109127,买盘
1306,10:40:07,20.55,--,0,0,卖盘
1307,10:39:57,20.55,-0.05,152,312360,卖盘
1308,10:39:53,20.6,--,77,158620,卖盘
1309,10:39:47,20.6,--,21,43260,卖盘
1310,10:39:42,20.6,--,12,24720,卖盘
1311,10:39:38,20.6,--,2,4120,卖盘
1312,10:39:32,20.6,-0.03,30,61800,卖盘
1313,10:39:27,20.63,--,0,0,买盘
1314,10:39:22,20.63,-0.01,104,214552,中性盘
1315,10:39:17,20.64,0.01,30,61920,买盘
1316,10:39:08,20.63,-0.01,3,6189,卖盘
1317,10:39:02,20.64,-0.01,13,26832,买盘
1318,10:38:53,20.65,--,0,0,买盘
1319,10:38:47,20.65,0.03,30,61949,买盘
1320,10:38:42,20.62,--,5,10310,卖盘
1321,10:38:37,20.62,-0.03,3,6186,卖盘
1322,10:38:23,20.65,0.03,29,59884,买盘
1323,10:38:17,20.62,0.02,21,43302,买盘
1324,10:38:12,20.6,-0.02,1,2060,卖盘
1325,10:38:07,20.62,--,30,61860,买盘
1326,10:38:02,20.62,0.05,13,26806,买盘
1327,10:37:57,20.57,-0.04,1,2057,卖盘
1328,10:37:53,20.61,-0.01,27,55647,卖盘
1329,10:37:47,20.62,--,33,68046,买盘
1330,10:37:42,20.62,--,18,37116,买盘
1331,10:37:38,20.62,-0.05,13,26806,卖盘
1332,10:37:17,20.67,--,0,0,买盘
1333,10:37:12,20.67,--,0,0,买盘
1334,10:37:08,20.67,0.06,18,37206,买盘
1335,10:36:57,20.61,-0.07,27,55647,卖盘
1336,10:36:52,20.68,--,0,0,买盘
1337,10:36:47,20.68,0.01,43,88924,买盘
1338,10:36:42,20.67,--,0,0,买盘
1339,10:36:38,20.67,0.07,195,403065,买盘
1340,10:36:32,20.6,--,2,4120,卖盘
1341,10:36:27,20.6,-0.01,300,618000,卖盘
1342,10:36:22,20.61,--,3,6183,卖盘
1343,10:36:17,20.61,-0.05,1,2061,卖盘
1344,10:36:12,20.66,0.01,10,20660,买盘
1345,10:36:07,20.65,0.05,6,12390,买盘
1346,10:35:57,20.6,-0.01,35,72100,卖盘
1347,10:35:52,20.61,-0.06,3,6183,卖盘
1348,10:35:47,20.67,--,2,4134,买盘
1349,10:35:37,20.67,0.07,46,95082,买盘
1350,10:35:32,20.6,-0.08,70,144200,卖盘
1351,10:35:22,20.68,--,0,0,买盘
1352,10:35:17,20.68,--,75,155100,买盘
1353,10:35:07,20.68,0.08,5,10340,买盘
1354,10:35:02,20.6,-0.07,2,4120,卖盘
1355,10:34:52,20.67,--,1,2067,卖盘
1356,10:34:42,20.67,--,4,8268,卖盘
1357,10:34:37,20.67,0.07,32,66144,买盘
1358,10:34:32,20.6,--,2,4120,卖盘
1359,10:34:27,20.6,--,38,78280,买盘
1360,10:34:22,20.6,0.07,3,6180,买盘
1361,10:34:02,20.53,--,0,0,卖盘
1362,10:33:57,20.53,-0.15,35,71855,卖盘
1363,10:33:51,20.68,--,27,55836,买盘
1364,10:33:47,20.68,--,1,2068,买盘
1365,10:33:42,20.68,--,5,10340,买盘
1366,10:33:27,20.68,0.08,254,525272,买盘
1367,10:33:21,20.6,-0.03,478,984680,卖盘
1368,10:33:17,20.63,-0.04,3,6189,卖盘
1369,10:33:12,20.67,0.07,29,59943,买盘
1370,10:33:06,20.6,-0.08,50,103000,卖盘
1371,10:33:02,20.68,--,55,113740,买盘
1372,10:32:57,20.68,-0.02,43,88924,卖盘
1373,10:32:51,20.7,--,15,31050,买盘
1374,10:32:47,20.7,-0.05,10,20700,中性盘
1375,10:32:41,20.75,--,59,122425,买盘
1376,10:32:36,20.75,-0.02,33,68475,买盘
1377,10:32:31,20.77,--,624,1296048,买盘
1378,10:32:26,20.77,-0.01,32,66464,中性盘
1379,10:32:21,20.78,--,7,14546,买盘
1380,10:32:17,20.78,-0.01,77,160006,买盘
1381,10:32:11,20.79,--,35,72765,买盘
1382,10:32:06,20.79,--,20,41580,买盘
1383,10:32:01,20.79,0.04,52,108108,买盘
1384,10:31:56,20.75,-0.04,14,29050,卖盘
1385,10:31:51,20.79,0.22,26,54054,买盘
1386,10:31:46,20.57,-0.13,16,32912,买盘
1387,10:31:41,20.7,-0.12,36,74520,卖盘
1388,10:31:36,20.82,--,0,0,买盘
1389,10:31:31,20.82,0.22,877,1825914,买盘
1390,10:31:26,20.6,-0.09,32,65920,卖盘
1391,10:31:21,20.69,-0.07,362,748978,卖盘
1392,10:31:16,20.76,--,120,249120,买盘
1393,10:31:11,20.76,-0.01,44,91344,卖盘
1394,10:31:06,20.77,--,6,12462,卖盘
1395,10:31:01,20.77,0.01,128,265856,买盘
1396,10:30:56,20.76,--,89,184764,买盘
1397,10:30:51,20.76,0.06,1,2076,买盘
1398,10:30:46,20.7,--,0,0,卖盘
1399,10:30:41,20.7,--,44,91080,卖盘
1400,10:30:31,20.7,0.04,605,1252350,买盘
1401,10:30:26,20.66,0.01,24,49584,中性盘
1402,10:30:21,20.65,-0.02,33,68145,卖盘
1403,10:30:16,20.67,0.03,668,1380756,买盘
1404,10:30:11,20.64,0.01,147,303408,买盘
1405,10:30:01,20.63,0.01,41,84583,买盘
1406,10:29:56,20.62,--,31,63922,买盘
1407,10:29:46,20.62,0.02,251,517562,买盘
1408,10:29:41,20.6,0.04,425,875500,买盘
1409,10:29:36,20.56,-0.04,49,100744,卖盘
1410,10:29:31,20.6,--,22,45320,买盘
1411,10:29:26,20.6,--,132,271920,买盘
1412,10:29:21,20.6,0.01,300,618000,买盘
1413,10:29:16,20.59,--,47,96773,买盘
1414,10:29:11,20.59,-0.01,40,82360,买盘
1415,10:29:06,20.6,--,0,0,买盘
1416,10:29:01,20.6,--,193,397580,买盘
1417,10:28:56,20.6,0.01,32,65920,买盘
1418,10:28:46,20.59,-0.01,53,109127,卖盘
1419,10:28:41,20.6,-0.04,51,105060,卖盘
1420,10:28:36,20.64,--,5,10320,买盘
1421,10:28:31,20.64,--,86,177504,买盘
1422,10:28:26,20.64,0.04,46,94944,买盘
1423,10:28:21,20.6,--,465,957900,买盘
1424,10:28:16,20.6,--,32,65920,买盘
1425,10:28:11,20.6,0.01,30,61800,买盘
1426,10:28:06,20.59,-0.06,3,6177,中性盘
1427,10:28:01,20.65,0.03,86,177590,买盘
1428,10:27:56,20.62,0.02,457,942334,买盘
1429,10:27:46,20.6,-0.05,89,183340,卖盘
1430,10:27:41,20.65,0.01,2,4130,买盘
1431,10:27:36,20.64,-0.01,2,4128,卖盘
1432,10:27:31,20.65,0.06,230,474949,买盘
1433,10:27:26,20.59,--,61,125599,买盘
1434,10:27:21,20.59,--,120,247080,买盘
1435,10:27:16,20.59,-0.02,209,430331,卖盘
1436,10:27:11,20.61,0.05,111,228771,买盘
1437,10:27:06,20.56,-0.03,50,102800,卖盘
1438,10:27:01,20.59,--,18,37062,中性盘
1439,10:26:56,20.59,0.03,12,24708,买盘
1440,10:26:46,20.56,--,2,4112,卖盘
1441,10:26:41,20.56,0.01,343,705208,买盘
1442,10:26:36,20.55,-0.01,34,69870,卖盘
1443,10:26:30,20.56,0.01,34,69904,买盘
1444,10:26:26,20.55,--,213,437715,买盘
1445,10:26:20,20.55,--,0,0,买盘
1446,10:26:15,20.55,0.05,50,102750,买盘
1447,10:26:11,20.5,-0.04,2,4100,卖盘
1448,10:26:05,20.54,--,0,0,买盘
1449,10:26:00,20.54,--,1,2054,买盘
1450,10:25:56,20.54,0.05,314,644956,买盘
1451,10:25:50,20.49,--,5,10245,买盘
1452,10:25:30,20.49,--,41,84009,买盘
1453,10:25:26,20.49,-0.01,209,428240,卖盘
1454,10:25:20,20.5,--,3,6150,卖盘
1455,10:25:15,20.5,0.01,1,2050,中性盘
1456,10:25:10,20.49,-0.01,22,45078,卖盘
1457,10:25:05,20.5,0.01,161,330050,买盘
1458,10:24:55,20.49,-0.01,161,329889,卖盘
1459,10:24:50,20.5,0.04,237,485850,买盘
1460,10:24:40,20.46,0.02,21,42966,买盘
1461,10:24:35,20.44,0.01,14,28616,买盘
1462,10:24:30,20.43,-0.01,101,206343,卖盘
1463,10:24:25,20.44,-0.05,10,20440,卖盘
1464,10:24:20,20.49,0.03,9,18441,买盘
1465,10:24:05,20.46,0.03,50,102300,买盘
1466,10:24:00,20.43,-0.07,1,2043,卖盘
1467,10:23:55,20.5,0.02,87,178350,买盘
1468,10:23:50,20.48,--,7,14336,买盘
1469,10:23:45,20.48,-0.02,1,2048,买盘
1470,10:23:35,20.5,--,0,0,买盘
1471,10:23:30,20.5,--,0,0,买盘
1472,10:23:25,20.5,0.09,310,635500,买盘
1473,10:23:20,20.41,-0.07,48,97968,卖盘
1474,10:23:10,20.48,--,17,34816,买盘
1475,10:23:05,20.48,--,0,0,买盘
1476,10:23:00,20.48,--,5,10240,买盘
1477,10:22:55,20.48,0.08,41,83968,买盘
1478,10:22:50,20.4,-0.06,6,12240,卖盘
1479,10:22:40,20.46,0.06,79,161634,买盘
1480,10:22:35,20.4,--,10,20400,买盘
1481,10:22:25,20.4,--,1,2039,买盘
1482,10:22:20,20.4,-0.05,8,16319,卖盘
1483,10:22:15,20.45,0.02,16,32720,买盘
1484,10:22:05,20.43,--,27,55161,买盘
1485,10:21:55,20.43,--,0,0,买盘
1486,10:21:50,20.43,--,17,34731,买盘
1487,10:21:45,20.43,-0.02,1,2043,买盘
1488,10:21:40,20.45,0.02,10,20450,买盘
1489,10:21:35,20.43,-0.04,2,4086,卖盘
1490,10:21:30,20.47,--,14,28658,买盘
1491,10:21:20,20.47,0.06,24,49128,买盘
1492,10:21:10,20.41,0.08,278,567398,买盘
1493,10:21:05,20.33,--,77,156541,买盘
1494,10:20:50,20.33,-0.05,12,24395,买盘
1495,10:20:45,20.38,--,0,0,买盘
1496,10:20:40,20.38,0.07,18,36684,买盘
1497,10:20:35,20.31,--,0,0,卖盘
1498,10:20:30,20.31,-0.02,25,51181,卖盘
1499,10:20:25,20.33,-0.03,6,12197,卖盘
1500,10:20:20,20.36,0.06,32,65152,买盘
1501,10:20:15,20.3,--,0,0,卖盘
1502,10:20:10,20.3,-0.03,90,182700,卖盘
1503,10:19:55,20.33,-0.01,10,20330,中性盘
1504,10:19:50,20.34,0.01,111,225774,买盘
1505,10:19:45,20.33,-0.01,6,12197,卖盘
1506,10:19:35,20.34,-0.04,12,24408,卖盘
1507,10:19:25,20.38,-0.02,16,32608,卖盘
1508,10:19:20,20.4,--,37,75480,买盘
1509,10:19:14,20.4,--,16,32639,买盘
1510,10:19:10,20.4,-0.01,418,854351,卖盘
1511,10:19:05,20.41,--,91,185731,卖盘
1512,10:18:54,20.41,--,0,0,卖盘
1513,10:18:50,20.41,--,0,0,卖盘
1514,10:18:39,20.41,-0.08,82,167362,卖盘
1515,10:18:35,20.49,--,20,40980,买盘
1516,10:18:29,20.49,0.07,27,55322,买盘
1517,10:18:20,20.42,-0.08,77,157234,卖盘
1518,10:18:14,20.5,--,94,192700,卖盘
1519,10:18:09,20.5,--,106,217300,买盘
1520,10:18:05,20.5,--,0,0,买盘
1521,10:17:59,20.5,--,3,6150,买盘
1522,10:17:54,20.5,--,15,30750,买盘
1523,10:17:50,20.5,--,11,22550,买盘
1524,10:17:34,20.5,0.09,29,59450,买盘
1525,10:17:29,20.41,--,148,302068,买盘
1526,10:17:19,20.41,--,21,42861,买盘
1527,10:17:14,20.41,--,209,426569,买盘
1528,10:17:09,20.41,--,1,2041,买盘
1529,10:17:04,20.41,-0.11,458,934778,卖盘
1530,10:16:59,20.52,0.02,1,2052,买盘
1531,10:16:49,20.5,-0.05,42,86100,卖盘
1532,10:16:44,20.55,0.05,82,168510,买盘
1533,10:16:34,20.5,--,12,24600,卖盘
1534,10:16:29,20.5,--,50,102500,买盘
1535,10:16:24,20.5,0.03,42,86100,买盘
1536,10:16:19,20.47,-0.02,3,6141,中性盘
1537,10:16:14,20.49,0.08,39,79911,买盘
1538,10:16:09,20.41,-0.08,10,20410,卖盘
1539,10:16:04,20.49,--,0,0,买盘
1540,10:15:54,20.49,--,2,4098,卖盘
1541,10:15:49,20.49,--,50,102449,卖盘
1542,10:15:44,20.49,0.04,1,2049,中性盘
1543,10:15:39,20.45,0.04,10,20450,买盘
1544,10:15:34,20.41,--,3,6123,买盘
1545,10:15:29,20.41,-0.04,97,197977,卖盘
1546,10:15:24,20.45,0.04,30,61350,买盘
1547,10:15:14,20.41,--,20,40820,卖盘
1548,10:15:04,20.41,-0.03,32,65312,卖盘
1549,10:14:59,20.44,0.03,32,65408,买盘
1550,10:14:49,20.41,0.01,3,6123,买盘
1551,10:14:29,20.4,0.05,1,2448,买盘
1552,10:14:14,20.35,0.02,1,2035,中性盘
1553,10:14:09,20.33,--,0,0,中性盘
1554,10:14:04,20.33,-0.07,6,12197,中性盘
1555,10:13:59,20.4,0.08,27,55079,买盘
1556,10:13:54,20.32,-0.03,1,2032,卖盘
1557,10:13:49,20.35,0.01,33,67155,买盘
1558,10:13:44,20.34,--,0,0,买盘
1559,10:13:29,20.34,--,7,14238,买盘
1560,10:13:19,20.34,-0.02,2,5695,卖盘
1561,10:13:14,20.36,--,0,0,中性盘
1562,10:13:04,20.36,0.01,70,142520,买盘
1563,10:12:59,20.35,--,48,97680,卖盘
1564,10:12:49,20.35,--,0,0,卖盘
1565,10:12:34,20.35,-0.01,18,36630,卖盘
1566,10:12:29,20.36,0.01,17,34612,买盘
1567,10:12:19,20.35,-0.01,4,8140,卖盘
1568,10:12:08,20.36,--,28,57008,买盘
1569,10:12:04,20.36,0.01,52,105872,买盘
1570,10:11:59,20.35,-0.04,19,38665,卖盘
1571,10:11:53,20.39,0.03,5,10195,买盘
1572,10:11:49,20.36,-0.05,1,2036,卖盘
1573,10:11:44,20.41,--,4,8164,买盘
1574,10:11:19,20.41,--,6,12246,买盘
1575,10:11:14,20.41,0.05,362,738842,买盘
1576,10:11:08,20.36,--,5,10180,买盘
1577,10:11:03,20.36,--,228,464208,买盘
1578,10:10:53,20.36,0.01,43,87548,卖盘
1579,10:10:48,20.35,-0.05,55,111925,卖盘
1580,10:10:44,20.4,--,1,2039,中性盘
1581,10:10:38,20.4,--,4,8159,买盘
1582,10:10:33,20.4,--,1,2039,买盘
1583,10:10:28,20.4,-0.04,5,10200,中性盘
1584,10:10:23,20.44,--,20,40880,买盘
1585,10:10:18,20.44,0.01,29,59276,买盘
1586,10:10:13,20.43,0.08,2,4086,买盘
1587,10:10:08,20.35,-0.09,1,2035,卖盘
1588,10:09:58,20.44,0.09,1,2044,买盘
1589,10:09:53,20.35,--,15,30525,买盘
1590,10:09:48,20.35,--,31,63085,买盘
1591,10:09:43,20.35,--,13,26455,买盘
1592,10:09:38,20.35,--,38,77330,买盘
1593,10:09:33,20.35,-0.05,103,209605,卖盘
1594,10:09:28,20.4,--,4,8159,买盘
1595,10:09:23,20.4,-0.13,88,179520,卖盘
1596,10:09:13,20.53,0.03,31,63643,买盘
1597,10:09:08,20.5,0.07,186,381300,买盘
1598,10:09:03,20.43,--,5,10215,买盘
1599,10:08:58,20.43,--,5,10215,买盘
1600,10:08:53,20.43,0.03,15,30645,买盘
1601,10:08:48,20.4,--,0,0,卖盘
1602,10:08:43,20.4,--,12,24480,卖盘
1603,10:08:33,20.4,0.03,87,177480,买盘
1604,10:08:28,20.37,0.02,37,75369,买盘
1605,10:08:23,20.35,--,10,20350,卖盘
1606,10:08:18,20.35,0.01,52,106227,买盘
1607,10:08:13,20.34,-0.01,37,75258,卖盘
1608,10:08:08,20.35,0.01,45,91575,买盘
1609,10:08:03,20.34,-0.01,14,28476,卖盘
1610,10:07:58,20.35,--,4,8140,买盘
1611,10:07:53,20.35,0.05,2,4070,买盘
1612,10:07:48,20.3,--,0,0,卖盘
1613,10:07:43,20.3,0.04,4,8120,卖盘
1614,10:07:38,20.26,--,35,70910,卖盘
1615,10:07:33,20.26,--,5,10130,卖盘
1616,10:07:28,20.26,-0.04,30,60780,卖盘
1617,10:07:23,20.3,--,46,93380,买盘
1618,10:07:18,20.3,0.03,1,2030,买盘
1619,10:07:13,20.27,0.01,2,4054,卖盘
1620,10:07:08,20.26,-0.01,8,16208,卖盘
1621,10:07:03,20.27,0.01,35,70945,卖盘
1622,10:06:58,20.26,--,2,4052,卖盘
1623,10:06:48,20.26,--,9,18234,买盘
1624,10:06:43,20.26,--,33,66858,买盘
1625,10:06:38,20.26,0.01,8,16208,买盘
1626,10:06:28,20.25,-0.01,16,32400,卖盘
1627,10:06:23,20.26,--,11,22286,买盘
1628,10:06:18,20.26,--,12,24312,买盘
1629,10:06:13,20.26,-0.04,27,54702,卖盘
1630,10:06:08,20.3,--,2,4060,买盘
1631,10:06:03,20.3,--,13,26390,买盘
1632,10:05:58,20.3,--,6,12180,买盘
1633,10:05:53,20.3,--,34,69020,买盘
1634,10:05:48,20.3,-0.04,51,105154,卖盘
1635,10:05:43,20.34,-0.03,42,85428,卖盘
1636,10:05:28,20.37,0.03,100,203700,买盘
1637,10:05:22,20.34,--,12,24408,卖盘
1638,10:05:17,20.34,-0.02,5,10170,卖盘
1639,10:05:13,20.36,--,2,4479,买盘
1640,10:05:07,20.36,0.02,11,22396,买盘
1641,10:04:58,20.34,--,10,20340,卖盘
1642,10:04:52,20.34,0.04,39,79326,卖盘
1643,10:04:43,20.3,-0.04,101,205030,卖盘
1644,10:04:28,20.34,0.02,5,10170,买盘
1645,10:04:22,20.32,-0.01,1,2032,卖盘
1646,10:04:17,20.33,-0.02,10,20330,卖盘
1647,10:04:12,20.35,0.03,39,79365,买盘
1648,10:03:58,20.32,--,54,109728,卖盘
1649,10:03:52,20.32,-0.01,29,58928,中性盘
1650,10:03:47,20.33,0.03,7,14230,买盘
1651,10:03:32,20.3,--,0,0,卖盘
1652,10:03:22,20.3,-0.02,8,16240,买盘
1653,10:03:17,20.32,-0.03,6,12192,卖盘
1654,10:03:12,20.35,0.03,435,885225,买盘
1655,10:03:07,20.32,--,31,62992,买盘
1656,10:03:02,20.32,--,10,20320,买盘
1657,10:02:57,20.32,0.02,21,42672,买盘
1658,10:02:52,20.3,-0.02,11,22330,卖盘
1659,10:02:47,20.32,--,21,42672,卖盘
1660,10:02:42,20.32,-0.01,1,2032,卖盘
1661,10:02:32,20.33,0.02,96,195167,买盘
1662,10:02:27,20.31,--,0,0,卖盘
1663,10:02:22,20.31,-0.03,101,205131,卖盘
1664,10:02:17,20.34,--,25,50850,买盘
1665,10:02:07,20.34,--,5,10170,买盘
1666,10:02:02,20.34,-0.01,11,22374,买盘
1667,10:01:52,20.35,0.05,9,18315,买盘
1668,10:01:47,20.3,-0.05,10,20300,卖盘
1669,10:01:42,20.35,--,12,24420,买盘
1670,10:01:37,20.35,--,90,183150,买盘
1671,10:01:32,20.35,--,228,463980,卖盘
1672,10:01:27,20.35,--,10,20350,卖盘
1673,10:01:22,20.35,--,13,26455,卖盘
1674,10:01:17,20.35,--,4,8140,卖盘
1675,10:01:12,20.35,0.05,17,34595,买盘
1676,10:01:07,20.3,0.05,118,239540,买盘
1677,10:01:02,20.25,-0.02,46,93150,卖盘
1678,10:00:52,20.27,0.01,1,2027,买盘
1679,10:00:47,20.26,--,1,2026,卖盘
1680,10:00:37,20.26,0.01,7,14182,买盘
1681,10:00:32,20.25,--,20,40500,卖盘
1682,10:00:22,20.25,0.05,471,953775,买盘
1683,10:00:17,20.2,0.04,209,422180,买盘
1684,10:00:07,20.16,--,1,2016,卖盘
1685,10:00:01,20.16,0.02,366,737856,买盘
1686,09:59:57,20.14,--,10,20140,卖盘
1687,09:59:52,20.14,0.02,11,22154,买盘
1688,09:59:46,20.12,0.01,16,32192,买盘
1689,09:59:37,20.11,0.01,1,2011,中性盘
1690,09:59:31,20.1,0.06,35,70350,买盘
1691,09:59:22,20.04,0.02,29,58116,买盘
1692,09:59:16,20.02,--,10,20020,卖盘
1693,09:59:12,20.02,--,21,42042,卖盘
1694,09:59:07,20.02,-0.01,294,588588,卖盘
1695,09:59:01,20.03,0.01,419,839257,买盘
1696,09:58:56,20.02,-0.01,2,4004,卖盘
1697,09:58:52,20.03,--,514,1029542,买盘
1698,09:58:46,20.03,--,16,32048,卖盘
1699,09:58:37,20.03,--,1,2003,卖盘
1700,09:58:31,20.03,0.01,1,2003,卖盘
1701,09:58:26,20.02,--,0,0,卖盘
1702,09:58:22,20.02,--,74,148148,卖盘
1703,09:58:16,20.02,--,35,70070,卖盘
1704,09:58:11,20.02,--,137,274274,买盘
1705,09:58:07,20.02,0.02,31,62062,买盘
1706,09:58:01,20.0,--,84,168000,卖盘
1707,09:57:56,20.0,0.02,119,238000,买盘
1708,09:57:52,19.98,-0.01,10,19980,卖盘
1709,09:57:46,19.99,-0.01,10,19990,卖盘
1710,09:57:36,20.0,-0.03,193,386000,卖盘
1711,09:57:26,20.03,0.01,6,12018,买盘
1712,09:57:21,20.02,--,50,100100,卖盘
1713,09:57:16,20.02,--,97,194194,卖盘
1714,09:57:11,20.02,--,10,20020,卖盘
1715,09:57:06,20.02,--,71,142142,卖盘
1716,09:57:01,20.02,0.02,60,120120,买盘
1717,09:56:56,20.0,-0.02,50,100000,卖盘
1718,09:56:51,20.02,--,58,116116,买盘
1719,09:56:46,20.02,0.01,73,146146,买盘
1720,09:56:41,20.01,0.01,1,2001,卖盘
1721,09:56:37,20.0,-0.02,28,56000,卖盘
1722,09:56:31,20.02,0.02,133,266266,买盘
1723,09:56:26,20.0,-0.02,130,260000,卖盘
1724,09:56:16,20.02,0.02,17,34034,中性盘
1725,09:56:11,20.0,-0.04,80,160000,卖盘
1726,09:56:06,20.04,-0.01,511,1024044,卖盘
1727,09:56:01,20.05,-0.03,184,368920,卖盘
1728,09:55:56,20.08,--,5,10040,买盘
1729,09:55:46,20.08,--,45,90359,卖盘
1730,09:55:41,20.08,-0.01,29,58231,卖盘
1731,09:55:31,20.09,--,29,58261,买盘
1732,09:55:26,20.09,-0.03,111,222999,卖盘
1733,09:55:21,20.12,0.02,11,22132,买盘
1734,09:55:16,20.1,0.02,2,4020,卖盘
1735,09:55:11,20.08,-0.04,2,4015,中性盘
1736,09:55:06,20.12,0.05,16,32192,买盘
1737,09:55:01,20.07,-0.08,24,48168,卖盘
1738,09:54:56,20.15,--,0,0,买盘
1739,09:54:46,20.15,0.06,100,201500,买盘
1740,09:54:41,20.09,--,22,44198,卖盘
1741,09:54:36,20.09,-0.03,3,6027,卖盘
1742,09:54:26,20.12,0.05,25,50300,中性盘
1743,09:54:21,20.07,-0.08,50,100350,卖盘
1744,09:54:16,20.15,-0.01,9,18135,买盘
1745,09:54:11,20.16,--,0,0,买盘
1746,09:54:01,20.16,--,0,0,买盘
1747,09:53:56,20.16,0.09,29,58464,买盘
1748,09:53:46,20.07,-0.06,1,2007,中性盘
1749,09:53:41,20.13,--,2,4026,卖盘
1750,09:53:36,20.13,--,0,0,卖盘
1751,09:53:31,20.13,0.03,8,16104,买盘
1752,09:53:25,20.1,--,69,138690,买盘
1753,09:53:21,20.1,--,63,126630,卖盘
1754,09:53:16,20.1,--,8,16080,卖盘
1755,09:53:10,20.1,--,3,6030,卖盘
1756,09:53:01,20.1,--,6,12060,卖盘
1757,09:52:55,20.1,--,465,934650,买盘
1758,09:52:51,20.1,--,1,2010,买盘
1759,09:52:46,20.1,--,8,16080,买盘
1760,09:52:40,20.1,--,59,118590,卖盘
1761,09:52:36,20.1,0.03,2,4020,卖盘
1762,09:52:31,20.07,-0.03,50,100350,卖盘
1763,09:52:25,20.1,--,19,38190,买盘
1764,09:52:21,20.1,--,53,106530,买盘
1765,09:52:16,20.1,--,10,20100,买盘
1766,09:52:10,20.1,--,4,8040,买盘
1767,09:52:05,20.1,-0.08,285,572850,卖盘
1768,09:52:01,20.18,--,27,54486,卖盘
1769,09:51:55,20.18,0.08,30,60540,买盘
1770,09:51:51,20.1,--,0,0,卖盘
1771,09:51:46,20.1,--,23,46230,卖盘
1772,09:51:40,20.1,0.05,3,6030,卖盘
1773,09:51:31,20.05,-0.02,125,250625,卖盘
1774,09:51:25,20.07,0.02,3,6021,卖盘
1775,09:51:20,20.05,0.01,54,108270,买盘
1776,09:51:16,20.04,0.04,2,4008,买盘
1777,09:51:10,20.0,--,0,0,卖盘
1778,09:51:05,20.0,0.02,6,12000,买盘
1779,09:51:01,19.98,--,11,23656,买盘
1780,09:50:55,19.98,0.03,8,15984,买盘
1781,09:50:45,19.95,-0.1,126,252207,卖盘
1782,09:50:40,20.05,0.1,52,104260,买盘
1783,09:50:35,19.95,0.01,9,17955,买盘
1784,09:50:30,19.94,--,53,105682,卖盘
1785,09:50:25,19.94,--,0,0,卖盘
1786,09:50:20,19.94,0.02,17,33898,买盘
1787,09:50:15,19.92,-0.02,4,7968,卖盘
1788,09:50:10,19.94,--,13,25922,买盘
1789,09:50:05,19.94,0.04,100,199400,买盘
1790,09:50:00,19.9,-0.03,510,1014899,卖盘
1791,09:49:55,19.93,--,14,27902,卖盘
1792,09:49:50,19.93,-0.02,27,53811,卖盘
1793,09:49:45,19.95,-0.05,77,153615,卖盘
1794,09:49:40,20.0,--,0,0,中性盘
1795,09:49:35,20.0,--,10,20000,买盘
1796,09:49:30,20.0,--,34,68000,买盘
1797,09:49:25,20.0,-0.04,459,918000,卖盘
1798,09:49:20,20.04,--,65,130260,卖盘
1799,09:49:15,20.04,0.01,9,18036,买盘
1800,09:49:10,20.03,-0.01,570,1141710,卖盘
1801,09:49:05,20.04,-0.01,11,22044,卖盘
1802,09:49:00,20.05,0.01,88,176440,买盘
1803,09:48:55,20.04,-0.09,260,521040,卖盘
1804,09:48:50,20.13,0.03,43,86881,买盘
1805,09:48:45,20.1,0.01,42,86108,买盘
1806,09:48:40,20.09,-0.01,47,94423,卖盘
1807,09:48:35,20.1,-0.01,36,72360,卖盘
1808,09:48:30,20.11,-0.01,7,14077,卖盘
1809,09:48:25,20.12,-0.06,1,2012,卖盘
1810,09:48:20,20.18,0.07,22,44396,买盘
1811,09:48:10,20.11,-0.02,15,30165,卖盘
1812,09:48:05,20.13,-0.05,5,10065,卖盘
1813,09:48:00,20.18,0.03,41,82738,买盘
1814,09:47:55,20.15,--,1,2014,买盘
1815,09:47:50,20.15,-0.03,35,70525,卖盘
1816,09:47:45,20.18,--,6,12108,卖盘
1817,09:47:40,20.18,--,1,2018,卖盘
1818,09:47:35,20.18,--,4,8072,卖盘
1819,09:47:30,20.18,-0.02,2,4036,卖盘
1820,09:47:25,20.2,--,4,8080,买盘
1821,09:47:20,20.2,--,50,101000,买盘
1822,09:47:15,20.2,-0.04,177,357540,卖盘
1823,09:47:10,20.24,0.01,8,16191,中性盘
1824,09:47:05,20.23,-0.02,54,109242,卖盘
1825,09:47:00,20.25,--,24,48600,买盘
1826,09:46:55,20.25,-0.01,21,42525,中性盘
1827,09:46:50,20.26,--,116,235016,买盘
1828,09:46:40,20.26,-0.01,47,95222,卖盘
1829,09:46:35,20.27,0.02,39,79053,买盘
1830,09:46:30,20.25,-0.02,7,14175,卖盘
1831,09:46:25,20.27,--,17,34459,买盘
1832,09:46:19,20.27,--,28,56756,买盘
1833,09:46:15,20.27,-0.01,15,30405,卖盘
1834,09:46:10,20.28,--,12,24336,买盘
1835,09:46:04,20.28,-0.01,38,77064,卖盘
1836,09:46:00,20.29,--,16,32464,买盘
1837,09:45:54,20.29,--,37,75073,买盘
1838,09:45:49,20.29,0.01,8,16232,买盘
1839,09:45:45,20.28,--,3,6084,卖盘
1840,09:45:40,20.28,--,4,8112,卖盘
1841,09:45:34,20.28,0.01,17,34476,买盘
1842,09:45:30,20.27,0.04,7,14189,买盘
1843,09:45:25,20.23,-0.04,239,483497,卖盘
1844,09:45:19,20.27,--,2,4054,卖盘
1845,09:45:15,20.27,--,41,83107,卖盘
1846,09:45:10,20.27,0.02,35,70945,买盘
1847,09:45:04,20.25,0.02,21,42525,买盘
1848,09:45:00,20.23,--,5,10115,卖盘
1849,09:44:55,20.23,--,10,20230,卖盘
1850,09:44:49,20.23,0.07,245,495635,买盘
1851,09:44:44,20.16,-0.02,9,18144,卖盘
1852,09:44:40,20.18,0.03,1,2018,买盘
1853,09:44:34,20.15,--,103,207544,卖盘
1854,09:44:29,20.15,--,5,10075,卖盘
1855,09:44:25,20.15,-0.01,368,741520,卖盘
1856,09:44:14,20.16,--,8,16128,买盘
1857,09:44:10,20.16,0.06,12,24192,买盘
1858,09:44:04,20.1,-0.05,21,42210,卖盘
1859,09:43:59,20.15,--,1,2014,买盘
1860,09:43:55,20.15,-0.01,13,26194,卖盘
1861,09:43:49,20.16,0.06,4,8064,买盘
1862,09:43:44,20.1,--,10,20100,卖盘
1863,09:43:34,20.1,-0.07,15,30150,中性盘
1864,09:43:29,20.17,0.02,80,161360,买盘
1865,09:43:24,20.15,--,260,523899,买盘
1866,09:43:19,20.15,--,84,169260,卖盘
1867,09:43:14,20.15,-0.02,3,6045,卖盘
1868,09:43:09,20.17,--,29,58493,买盘
1869,09:43:04,20.17,--,57,114969,卖盘
1870,09:42:54,20.17,-0.01,1,2017,卖盘
1871,09:42:49,20.18,--,14,28252,买盘
1872,09:42:44,20.18,--,3,6054,买盘
1873,09:42:39,20.18,0.03,15,30270,买盘
1874,09:42:34,20.15,-0.02,43,86645,卖盘
1875,09:42:29,20.17,--,5,10085,卖盘
1876,09:42:24,20.17,0.02,79,159343,买盘
1877,09:42:19,20.15,-0.02,105,211574,卖盘
1878,09:42:14,20.17,--,10,20170,买盘
1879,09:42:09,20.17,0.02,16,32272,买盘
1880,09:42:04,20.15,--,90,181350,卖盘
1881,09:41:59,20.15,--,3,6045,卖盘
1882,09:41:54,20.15,0.05,230,463449,买盘
1883,09:41:49,20.1,--,12,24120,买盘
1884,09:41:44,20.1,-0.01,86,172860,卖盘
1885,09:41:39,20.11,--,12,24132,卖盘
1886,09:41:34,20.11,0.01,53,106583,买盘
1887,09:41:29,20.1,--,79,158790,卖盘
1888,09:41:24,20.1,0.01,25,50250,买盘
1889,09:41:19,20.09,0.03,13,26117,买盘
1890,09:41:14,20.06,0.03,22,44132,买盘
1891,09:41:09,20.03,--,10,20030,卖盘
1892,09:41:04,20.03,0.03,108,216324,买盘
1893,09:40:59,20.0,--,126,252000,卖盘
1894,09:40:54,20.0,0.09,129,258000,买盘
1895,09:40:49,19.91,-0.01,860,1713474,卖盘
1896,09:40:44,19.92,-0.02,18,35856,中性盘
1897,09:40:39,19.94,0.04,62,123628,买盘
1898,09:40:34,19.9,-0.04,97,193030,卖盘
1899,09:40:29,19.94,--,11,21934,买盘
1900,09:40:24,19.94,-0.02,8,15952,卖盘
1901,09:40:19,19.96,--,63,125748,卖盘
1902,09:40:14,19.96,-0.02,132,263472,卖盘
1903,09:40:09,19.98,-0.03,41,81918,卖盘
1904,09:40:03,20.01,-0.02,20,40020,中性盘
1905,09:39:59,20.03,0.03,502,1005506,买盘
1906,09:39:54,20.0,-0.01,74,148780,卖盘
1907,09:39:48,20.01,-0.03,115,230115,卖盘
1908,09:39:43,20.04,0.01,210,420840,买盘
1909,09:39:39,20.03,0.03,73,146219,卖盘
1910,09:39:33,20.0,-0.01,77,155000,卖盘
1911,09:39:28,20.01,-0.06,106,213106,卖盘
1912,09:39:24,20.07,0.03,1,2007,买盘
1913,09:39:18,20.04,--,149,299598,买盘
1914,09:39:13,20.04,--,97,194388,买盘
1915,09:39:09,20.04,--,7,14028,买盘
1916,09:39:03,20.04,-0.01,67,135270,卖盘
1917,09:38:58,20.05,--,492,986460,买盘
1918,09:38:54,20.05,0.01,148,296740,买盘
1919,09:38:48,20.04,-0.01,111,222444,卖盘
1920,09:38:43,20.05,--,214,429070,买盘
1921,09:38:39,20.05,--,42,84210,卖盘
1922,09:38:33,20.05,-0.04,68,136340,卖盘
1923,09:38:28,20.09,--,7,14063,买盘
1924,09:38:23,20.09,-0.01,31,62279,卖盘
1925,09:38:13,20.1,--,50,100500,买盘
1926,09:38:08,20.1,-0.09,54,108540,卖盘
1927,09:38:03,20.19,0.09,121,244299,买盘
1928,09:37:58,20.1,-0.1,185,371850,卖盘
1929,09:37:53,20.2,0.01,81,163620,买盘
1930,09:37:48,20.19,--,143,288717,卖盘
1931,09:37:43,20.19,--,43,86817,卖盘
1932,09:37:38,20.19,--,8,16152,卖盘
1933,09:37:33,20.19,--,90,181710,卖盘
1934,09:37:28,20.19,--,5,10095,买盘
1935,09:37:23,20.19,--,5,10095,买盘
1936,09:37:18,20.19,0.15,14,28266,买盘
1937,09:37:13,20.04,-0.06,111,223446,卖盘
1938,09:37:08,20.1,0.08,2,4020,买盘
1939,09:37:03,20.02,0.01,44,88088,买盘
1940,09:36:58,20.01,0.01,122,244122,买盘
1941,09:36:53,20.0,-0.01,9,18000,卖盘
1942,09:36:48,20.01,0.06,325,650545,买盘
1943,09:36:43,19.95,0.05,42,83790,中性盘
1944,09:36:38,19.9,--,71,141290,卖盘
1945,09:36:33,19.9,--,187,372130,卖盘
1946,09:36:28,19.9,--,271,539290,卖盘
1947,09:36:23,19.9,--,30,59699,卖盘
1948,09:36:18,19.9,--,275,547250,买盘
1949,09:36:13,19.9,0.04,171,340290,买盘
1950,09:36:08,19.86,-0.04,295,585870,卖盘
1951,09:36:03,19.9,--,399,794010,卖盘
1952,09:35:58,19.9,0.01,104,206959,卖盘
1953,09:35:53,19.89,-0.01,189,375921,卖盘
1954,09:35:48,19.9,0.04,124,246759,买盘
1955,09:35:43,19.86,-0.02,133,264138,卖盘
1956,09:35:38,19.88,-0.01,41,81508,卖盘
1957,09:35:33,19.89,--,155,308295,卖盘
1958,09:35:28,19.89,--,47,93483,卖盘
1959,09:35:23,19.89,--,48,95472,卖盘
1960,09:35:18,19.89,-0.1,14,27846,卖盘
1961,09:35:13,19.99,0.09,271,541729,买盘
1962,09:35:08,19.9,-0.08,616,1227611,卖盘
1963,09:35:03,19.98,-0.02,162,323676,卖盘
1964,09:34:58,20.0,-0.01,343,686000,卖盘
1965,09:34:53,20.01,0.01,42,84042,买盘
1966,09:34:48,20.0,-0.04,446,892840,卖盘
1967,09:34:43,20.04,0.01,124,248496,买盘
1968,09:34:38,20.03,0.02,45,90135,卖盘
1969,09:34:33,20.01,-0.02,408,816408,卖盘
1970,09:34:28,20.03,-0.02,70,140310,卖盘
1971,09:34:23,20.05,-0.05,111,222555,卖盘
1972,09:34:18,20.1,-0.1,54,108540,卖盘
1973,09:34:13,20.2,--,46,92920,买盘
1974,09:34:08,20.2,-0.01,301,608020,中性盘
1975,09:34:03,20.21,--,230,464830,卖盘
1976,09:33:58,20.21,-0.05,252,509292,卖盘
1977,09:33:53,20.26,--,36,72936,买盘
1978,09:33:48,20.26,--,5,10130,买盘
1979,09:33:43,20.26,--,21,42546,买盘
1980,09:33:38,20.26,--,114,230964,卖盘
1981,09:33:33,20.26,-0.03,27,54702,卖盘
1982,09:33:28,20.29,--,49,99421,买盘
1983,09:33:23,20.29,0.03,41,83189,买盘
1984,09:33:18,20.26,0.16,11,22286,买盘
1985,09:33:13,20.1,-0.11,72,144720,卖盘
1986,09:33:07,20.21,--,64,129344,卖盘
1987,09:32:57,20.21,--,120,242520,买盘
1988,09:32:52,20.21,--,42,84882,买盘
1989,09:32:48,20.21,0.11,10,20210,买盘
1990,09:32:37,20.1,--,94,190226,买盘
1991,09:32:33,20.1,0.04,90,180900,买盘
1992,09:32:27,20.06,0.04,115,230689,买盘
1993,09:32:22,20.02,--,372,744744,卖盘
1994,09:32:18,20.02,--,95,190190,卖盘
1995,09:32:12,20.02,0.01,335,670670,中性盘
1996,09:32:07,20.01,-0.04,243,486243,卖盘
1997,09:32:02,20.05,0.04,167,334835,买盘
1998,09:31:57,20.01,-0.04,288,576288,卖盘
1999,09:31:52,20.05,--,152,304760,买盘
2000,09:31:48,20.05,0.02,45,90225,买盘
2001,09:31:42,20.03,-0.07,684,1370773,卖盘
2002,09:31:37,20.1,--,25,50250,买盘
2003,09:31:32,20.1,--,11,22110,买盘
2004,09:31:27,20.1,-0.02,101,203010,卖盘
2005,09:31:22,20.12,0.02,32,64384,买盘
2006,09:31:17,20.1,--,23,46230,卖盘
2007,09:31:12,20.1,-0.09,122,245220,卖盘
2008,09:31:07,20.19,0.07,615,1241685,买盘
2009,09:30:57,20.12,-0.08,80,160960,卖盘
2010,09:30:52,20.2,--,0,0,买盘
2011,09:30:42,20.2,-0.05,20,40400,卖盘
2012,09:30:37,20.25,0.05,83,168075,买盘
2013,09:30:32,20.2,--,12,24240,卖盘
2014,09:30:27,20.2,--,54,109080,卖盘
2015,09:30:22,20.2,--,60,121200,卖盘
2016,09:30:12,20.2,0.15,4,8080,买盘
2017,09:30:07,20.05,-0.15,2085,4181708,卖盘
2018,09:30:02,20.2,0.1,67,135340,买盘
2019,09:28:55,20.1,--,0,0,买盘
2020,09:25:05,20.1,20.1,681,1368810,买盘
