,time,price,change,volume,amount,type
0,15:00:00,30.43,-0.03,0,0,卖盘
1,15:00:00,30.46,--,15,45690,买盘
2,14:59:58,30.46,0.03,102,310692,中性盘
3,14:59:53,30.43,-0.04,23,69989,卖盘
4,14:59:48,30.47,--,5,15235,卖盘
5,14:59:43,30.47,0.01,87,265089,买盘
6,14:59:38,30.46,0.03,93,283278,买盘
7,14:59:33,30.43,--,32,97376,卖盘
8,14:59:28,30.43,0.03,50,152150,中性盘
9,14:59:23,30.4,-0.02,62,188480,卖盘
10,14:59:18,30.42,0.01,13,39546,买盘
11,14:59:13,30.41,--,12,36492,卖盘
12,14:59:08,30.41,0.03,43,130763,卖盘
13,14:59:03,30.38,--,0,0,卖盘
14,14:58:58,30.38,-0.01,29,88102,卖盘
15,14:58:53,30.39,0.01,36,109404,买盘
16,14:58:48,30.38,0.01,19,59028,卖盘
17,14:58:43,30.37,-0.01,379,1151023,卖盘
18,14:58:38,30.38,0.01,34,103292,买盘
19,14:58:33,30.37,0.01,18,54666,卖盘
20,14:58:28,30.36,--,13,39468,卖盘
21,14:58:23,30.36,--,40,121440,卖盘
22,14:58:18,30.36,0.02,111,336996,买盘
23,14:58:13,30.34,-0.01,152,461168,卖盘
24,14:58:08,30.35,0.01,17,51595,买盘
25,14:58:03,30.34,--,24,72816,买盘
26,14:57:58,30.34,0.01,55,166870,买盘
27,14:57:53,30.33,-0.01,18,56110,卖盘
28,14:57:48,30.34,--,11,33374,买盘
29,14:57:43,30.34,0.02,384,1165056,买盘
30,14:57:38,30.32,-0.01,437,1324984,卖盘
31,14:57:33,30.33,0.01,16,48528,买盘
32,14:57:28,30.32,-0.01,12,36384,卖盘
33,14:57:23,30.33,--,6,18198,买盘
34,14:57:18,30.33,0.01,9,27297,买盘
35,14:57:13,30.32,0.03,40,123311,卖盘
36,14:57:08,30.29,-0.03,41,124189,卖盘
37,14:57:03,30.32,--,10,30350,卖盘
38,14:56:58,30.32,0.04,8,24256,买盘
39,14:56:53,30.28,--,1,3028,卖盘
40,14:56:48,30.28,--,334,1011352,卖盘
41,14:56:43,30.28,0.02,100,302800,买盘
42,14:56:38,30.26,0.01,3,9078,卖盘
43,14:56:33,30.25,-0.02,59,179987,卖盘
44,14:56:28,30.27,0.01,7,21189,买盘
45,14:56:23,30.26,--,19,57494,卖盘
46,14:56:18,30.26,--,5,15130,卖盘
47,14:56:13,30.26,--,74,223924,卖盘
48,14:56:08,30.26,--,101,307139,买盘
49,14:56:03,30.26,0.01,41,124066,买盘
50,14:55:58,30.25,-0.01,33,99825,卖盘
51,14:55:52,30.26,0.01,16,48416,买盘
52,14:55:48,30.25,-0.01,2,6050,卖盘
53,14:55:43,30.26,--,31,93806,买盘
54,14:55:38,30.26,0.01,9,27234,买盘
55,14:55:32,30.25,--,7,21175,买盘
56,14:55:28,30.25,--,12,36300,买盘
57,14:55:23,30.25,0.01,8,24200,卖盘
58,14:55:17,30.24,-0.02,37,111888,卖盘
59,14:55:07,30.26,0.03,78,236028,买盘
60,14:55:02,30.23,-0.01,33,99759,卖盘
61,14:54:57,30.24,-0.01,16,48384,中性盘
62,14:54:52,30.25,--,61,184525,买盘
63,14:54:47,30.25,0.01,5,15125,买盘
64,14:54:37,30.24,--,96,290304,卖盘
65,14:54:32,30.24,-0.01,14,42336,卖盘
66,14:54:27,30.25,--,1,3025,卖盘
67,14:54:22,30.25,0.01,23,69575,买盘
68,14:54:17,30.24,--,106,320544,卖盘
69,14:54:12,30.24,--,118,356832,卖盘
70,14:54:07,30.24,--,15,45360,卖盘
71,14:54:02,30.24,--,58,175392,买盘
72,14:53:57,30.24,--,2,6048,买盘
73,14:53:52,30.24,0.01,22,66528,买盘
74,14:53:47,30.23,-0.01,39,117897,卖盘
75,14:53:37,30.24,-0.01,49,148176,买盘
76,14:53:32,30.25,--,10,30250,买盘
77,14:53:27,30.25,--,26,78650,买盘
78,14:53:22,30.25,0.01,19,57475,买盘
79,14:53:17,30.24,-0.01,72,217728,卖盘
80,14:53:12,30.25,0.01,11,33275,买盘
81,14:53:07,30.24,-0.01,3,9072,卖盘
82,14:53:02,30.25,-0.02,7,21175,卖盘
83,14:52:57,30.27,--,20,60540,买盘
84,14:52:52,30.27,0.02,20,60540,买盘
85,14:52:47,30.25,-0.02,5,15125,卖盘
86,14:52:37,30.27,-0.01,125,381371,卖盘
87,14:52:32,30.28,0.01,22,66616,买盘
88,14:52:27,30.27,--,20,60540,卖盘
89,14:52:22,30.27,-0.01,15,47796,卖盘
90,14:52:17,30.28,--,20,60560,买盘
91,14:52:12,30.28,0.01,1,3028,买盘
92,14:52:07,30.27,-0.03,54,166242,卖盘
93,14:52:02,30.3,0.02,51,154530,买盘
94,14:51:57,30.28,--,130,394548,买盘
95,14:51:47,30.28,--,62,188553,卖盘
96,14:51:37,30.28,--,26,80938,卖盘
97,14:51:32,30.28,-0.02,68,205904,卖盘
98,14:51:22,30.3,--,21,63630,买盘
99,14:51:12,30.3,--,106,321180,卖盘
100,14:51:07,30.3,-0.04,32,96960,卖盘
101,14:51:02,30.34,0.03,212,643208,买盘
102,14:50:52,30.31,-0.01,38,115178,买盘
103,14:50:47,30.32,0.02,1,3032,买盘
104,14:50:37,30.3,-0.03,57,172710,卖盘
105,14:50:32,30.33,0.02,7,21231,买盘
106,14:50:27,30.31,--,1,3031,卖盘
107,14:50:22,30.31,0.01,35,106085,买盘
108,14:50:12,30.3,--,21,63630,买盘
109,14:50:07,30.3,--,167,506010,买盘
110,14:50:02,30.3,0.01,8,24240,买盘
111,14:49:52,30.29,--,1,3029,卖盘
112,14:49:47,30.29,0.01,3,9087,买盘
113,14:49:36,30.28,-0.01,23,69644,卖盘
114,14:49:31,30.29,--,20,60580,买盘
115,14:49:22,30.29,--,8,24232,买盘
116,14:49:16,30.29,--,0,0,买盘
117,14:49:11,30.29,--,0,0,买盘
118,14:49:07,30.29,--,3,9087,买盘
119,14:49:01,30.29,0.02,2,6058,买盘
120,14:48:51,30.27,-0.02,5,15135,中性盘
121,14:48:46,30.29,0.02,23,69667,买盘
122,14:48:41,30.27,0.04,4,12108,买盘
123,14:48:37,30.23,--,7,21161,卖盘
124,14:48:31,30.23,-0.04,1,3023,卖盘
125,14:48:26,30.27,0.05,5,15135,买盘
126,14:48:11,30.22,0.05,1,3022,卖盘
127,14:48:06,30.17,-0.05,11,34333,卖盘
128,14:48:01,30.22,0.05,5,15110,买盘
129,14:47:56,30.17,--,20,60340,卖盘
130,14:47:41,30.17,-0.05,7,21119,卖盘
131,14:47:36,30.22,0.02,5,15110,买盘
132,14:47:31,30.2,0.03,1,3020,中性盘
133,14:47:25,30.17,-0.03,134,404278,卖盘
134,14:47:16,30.2,0.02,22,68916,买盘
135,14:47:11,30.18,-0.02,21,63378,卖盘
136,14:47:06,30.2,--,100,302000,买盘
137,14:47:01,30.2,--,36,108720,买盘
138,14:46:46,30.2,--,1,3020,买盘
139,14:46:41,30.2,--,20,60400,买盘
140,14:46:36,30.2,--,30,90600,买盘
141,14:46:31,30.2,-0.02,192,580383,卖盘
142,14:46:16,30.22,0.01,53,160166,卖盘
143,14:46:11,30.21,--,0,0,卖盘
144,14:46:06,30.21,--,32,96672,卖盘
145,14:46:01,30.21,-0.01,28,84588,卖盘
146,14:45:56,30.22,0.01,8,24176,买盘
147,14:45:51,30.21,0.01,6,18126,买盘
148,14:45:46,30.2,-0.02,1,3020,卖盘
149,14:45:41,30.22,0.02,21,63462,买盘
150,14:45:31,30.2,-0.01,30,90600,卖盘
151,14:45:25,30.21,--,30,93107,买盘
152,14:45:16,30.21,0.01,19,57399,买盘
153,14:45:11,30.2,--,10,30200,卖盘
154,14:45:01,30.2,0.01,33,99660,买盘
155,14:44:56,30.19,0.02,4,12076,买盘
156,14:44:51,30.17,--,0,0,卖盘
157,14:44:46,30.17,-0.03,3,9051,卖盘
158,14:44:41,30.2,0.03,10,30200,买盘
159,14:44:30,30.17,-0.01,11,33187,卖盘
160,14:44:25,30.18,-0.02,48,144864,卖盘
161,14:44:21,30.2,0.02,6,18120,买盘
162,14:44:16,30.18,--,26,80490,卖盘
163,14:44:11,30.18,-0.02,23,69414,卖盘
164,14:44:00,30.2,-0.01,3,9060,卖盘
165,14:43:56,30.21,--,3,9063,买盘
166,14:43:46,30.21,--,26,80388,买盘
167,14:43:41,30.21,0.01,40,120840,买盘
168,14:43:36,30.2,-0.02,100,302000,卖盘
169,14:43:31,30.22,0.01,20,61951,买盘
170,14:43:26,30.21,--,16,48336,卖盘
171,14:43:21,30.21,--,7,21147,卖盘
172,14:43:16,30.21,-0.01,4,14772,卖盘
173,14:43:11,30.22,--,14,42308,卖盘
174,14:43:01,30.22,-0.01,2,6044,卖盘
175,14:42:56,30.23,-0.01,28,84644,卖盘
176,14:42:45,30.24,-0.01,200,604800,卖盘
177,14:42:40,30.25,--,61,184525,卖盘
178,14:42:30,30.25,--,6,18150,卖盘
179,14:42:25,30.25,-0.03,65,196625,卖盘
180,14:42:20,30.28,--,3,9084,卖盘
181,14:42:15,30.28,-0.02,14,42392,卖盘
182,14:42:05,30.3,--,5,15150,买盘
183,14:42:00,30.3,-0.01,112,339360,卖盘
184,14:41:55,30.31,0.01,31,93961,中性盘
185,14:41:50,30.3,-0.01,92,278760,卖盘
186,14:41:40,30.31,--,15,45465,买盘
187,14:41:35,30.31,-0.03,26,78806,卖盘
188,14:41:30,30.34,0.02,88,266992,买盘
189,14:41:25,30.32,-0.02,5,15160,卖盘
190,14:41:20,30.34,0.01,41,124394,买盘
191,14:41:15,30.33,--,0,0,中性盘
192,14:41:10,30.33,-0.02,73,221409,卖盘
193,14:41:05,30.35,0.01,10,30350,买盘
194,14:41:00,30.34,-0.02,30,91020,卖盘
195,14:40:55,30.36,-0.02,32,97152,卖盘
196,14:40:50,30.38,--,34,103292,买盘
197,14:40:45,30.38,0.02,2,6076,买盘
198,14:40:40,30.36,-0.02,31,94116,卖盘
199,14:40:35,30.38,0.03,6,18228,买盘
200,14:40:30,30.35,-0.03,50,151750,卖盘
201,14:40:25,30.38,0.03,8,24304,买盘
202,14:40:20,30.35,--,38,115330,卖盘
203,14:40:15,30.35,--,2,6070,卖盘
204,14:40:10,30.35,--,34,103190,卖盘
205,14:40:05,30.35,0.01,295,895325,买盘
206,14:40:00,30.34,--,4,12136,卖盘
207,14:39:55,30.34,--,19,57646,卖盘
208,14:39:50,30.34,0.01,63,191142,买盘
209,14:39:45,30.33,--,1,3033,卖盘
210,14:39:40,30.33,-0.01,38,115254,卖盘
211,14:39:35,30.34,0.02,276,837384,买盘
212,14:39:25,30.32,0.01,10,30320,买盘
213,14:39:19,30.31,0.01,8,24248,买盘
214,14:39:15,30.3,--,201,609030,卖盘
215,14:39:10,30.3,--,42,127260,买盘
216,14:39:05,30.3,0.01,1,3030,买盘
217,14:39:00,30.29,--,53,161173,买盘
218,14:38:55,30.29,0.04,151,457379,买盘
219,14:38:50,30.25,-0.02,8,24200,卖盘
220,14:38:45,30.27,--,0,0,买盘
221,14:38:40,30.27,0.02,12,36324,买盘
222,14:38:35,30.25,0.01,39,117975,卖盘
223,14:38:25,30.24,--,0,0,卖盘
224,14:38:19,30.24,--,16,48384,卖盘
225,14:38:10,30.24,--,27,81648,买盘
226,14:37:55,30.24,--,20,60480,买盘
227,14:37:44,30.24,-0.01,20,60480,买盘
228,14:37:40,30.25,--,115,347875,卖盘
229,14:37:34,30.25,-0.01,202,611050,卖盘
230,14:37:30,30.26,0.01,2,6052,买盘
231,14:37:25,30.25,-0.01,9,27225,卖盘
232,14:37:20,30.26,0.02,20,60520,买盘
233,14:37:15,30.24,-0.01,25,75600,卖盘
234,14:37:09,30.25,0.01,35,105875,买盘
235,14:37:04,30.24,-0.01,5,15120,中性盘
236,14:37:00,30.25,0.02,40,121000,买盘
237,14:36:50,30.23,--,0,0,卖盘
238,14:36:34,30.23,--,3,9069,买盘
239,14:36:25,30.23,0.02,7,21161,买盘
240,14:36:19,30.21,--,2,6042,卖盘
241,14:36:15,30.21,--,17,51357,卖盘
242,14:36:09,30.21,--,45,138210,买盘
243,14:35:59,30.21,--,11,33231,买盘
244,14:35:54,30.21,--,61,184281,卖盘
245,14:35:49,30.21,--,0,0,卖盘
246,14:35:44,30.21,-0.04,1,3021,卖盘
247,14:35:39,30.25,0.04,50,151250,买盘
248,14:35:34,30.21,-0.06,55,166155,卖盘
249,14:35:28,30.27,0.01,58,175566,买盘
250,14:35:19,30.26,--,4,12104,买盘
251,14:35:09,30.26,--,5,15130,买盘
252,14:35:04,30.26,-0.01,2,7504,卖盘
253,14:34:49,30.27,-0.02,5,15135,卖盘
254,14:34:44,30.29,--,6,18174,买盘
255,14:34:34,30.29,--,9,27261,买盘
256,14:34:28,30.29,--,33,101017,卖盘
257,14:34:24,30.29,--,11,33319,卖盘
258,14:34:19,30.29,--,7,21203,卖盘
259,14:34:14,30.29,-0.01,10,30290,卖盘
260,14:34:09,30.3,0.01,112,339360,买盘
261,14:34:04,30.29,-0.01,4,12116,卖盘
262,14:33:58,30.3,--,33,99990,卖盘
263,14:33:54,30.3,0.01,4,12120,中性盘
264,14:33:49,30.29,-0.01,22,66638,卖盘
265,14:33:44,30.3,0.01,7,23179,买盘
266,14:33:39,30.29,--,6,18174,卖盘
267,14:33:34,30.29,-0.01,53,160537,卖盘
268,14:33:28,30.3,--,64,193920,买盘
269,14:33:24,30.3,0.01,11,33330,买盘
270,14:33:19,30.29,-0.05,52,158568,卖盘
271,14:33:13,30.34,--,7,23210,买盘
272,14:33:09,30.34,0.04,9,27306,买盘
273,14:33:04,30.3,-0.04,1,3030,卖盘
274,14:32:58,30.34,--,0,0,买盘
275,14:32:54,30.34,0.06,47,142598,买盘
276,14:32:49,30.28,0.01,11,33308,买盘
277,14:32:44,30.27,-0.01,98,296646,卖盘
278,14:32:39,30.28,--,13,39364,卖盘
279,14:32:28,30.28,0.01,56,169568,买盘
280,14:32:24,30.27,0.01,7,21189,买盘
281,14:32:14,30.26,0.04,51,155899,买盘
282,14:32:09,30.22,0.01,22,66484,买盘
283,14:32:04,30.21,0.01,18,54378,买盘
284,14:31:58,30.2,--,18,54360,卖盘
285,14:31:54,30.2,--,47,141940,买盘
286,14:31:49,30.2,0.05,56,169120,买盘
287,14:31:44,30.15,-0.03,14,42210,卖盘
288,14:31:39,30.18,0.03,22,66396,买盘
289,14:31:28,30.15,0.01,7,21105,买盘
290,14:31:24,30.14,0.01,1,3014,买盘
291,14:31:19,30.13,0.01,1,3013,卖盘
292,14:31:13,30.12,--,7,21084,买盘
293,14:31:09,30.12,--,2,6024,买盘
294,14:31:04,30.12,0.04,13,39156,买盘
295,14:30:58,30.08,-0.02,5,15040,卖盘
296,14:30:49,30.1,--,11,33110,买盘
297,14:30:44,30.1,0.02,2,6020,买盘
298,14:30:34,30.08,--,55,165440,买盘
299,14:30:28,30.08,0.03,56,168448,买盘
300,14:30:19,30.05,-0.03,9,27045,卖盘
301,14:30:13,30.08,0.03,2,6016,买盘
302,14:30:08,30.05,--,14,42070,买盘
303,14:30:03,30.05,--,24,72120,买盘
304,14:29:58,30.05,-0.05,92,276460,卖盘
305,14:29:54,30.1,0.01,5,15050,买盘
306,14:29:49,30.09,0.01,7,21063,买盘
307,14:29:43,30.08,0.03,21,63168,买盘
308,14:29:38,30.05,--,73,219365,买盘
309,14:29:33,30.05,--,1,3005,买盘
310,14:29:28,30.05,-0.01,28,84140,卖盘
311,14:29:23,30.06,--,22,66132,买盘
312,14:29:18,30.06,--,7,21042,买盘
313,14:29:03,30.06,0.01,4,12024,买盘
314,14:28:58,30.05,--,12,36060,卖盘
315,14:28:43,30.05,-0.01,4,12020,卖盘
316,14:28:37,30.06,0.01,9,27054,买盘
317,14:28:28,30.05,-0.01,12,36060,买盘
318,14:28:22,30.06,--,0,0,买盘
319,14:28:13,30.06,0.01,61,183366,买盘
320,14:28:07,30.05,-0.01,25,75125,卖盘
321,14:27:58,30.06,0.01,1,3006,买盘
322,14:27:52,30.05,-0.01,17,51085,卖盘
323,14:27:43,30.06,0.01,10,30060,买盘
324,14:27:37,30.05,-0.01,2,6010,卖盘
325,14:27:33,30.06,--,2,6012,买盘
326,14:27:28,30.06,--,24,72144,买盘
327,14:27:13,30.06,--,12,36072,卖盘
328,14:27:07,30.06,--,6,18036,卖盘
329,14:27:03,30.06,0.01,1,3006,卖盘
330,14:26:52,30.05,--,0,0,卖盘
331,14:26:37,30.05,--,0,0,卖盘
332,14:26:33,30.05,--,11,33055,卖盘
333,14:26:27,30.05,-0.03,4,12020,卖盘
334,14:26:22,30.08,--,3,10467,卖盘
335,14:26:18,30.08,-0.02,1,3008,卖盘
336,14:26:13,30.1,0.02,14,42140,买盘
337,14:26:07,30.08,--,10,30080,卖盘
338,14:26:03,30.08,--,1,3008,卖盘
339,14:25:43,30.08,-0.02,19,57152,卖盘
340,14:25:37,30.1,--,5,15050,买盘
341,14:25:22,30.1,-0.02,91,273910,卖盘
342,14:25:13,30.12,--,85,256020,买盘
343,14:25:03,30.12,-0.01,2,6024,买盘
344,14:24:57,30.13,--,0,0,买盘
345,14:24:52,30.13,0.05,20,60260,买盘
346,14:24:37,30.08,-0.04,10,30080,卖盘
347,14:24:28,30.12,0.01,28,85902,买盘
348,14:24:18,30.11,--,43,129473,买盘
349,14:24:07,30.11,--,10,30110,买盘
350,14:23:57,30.11,--,0,0,买盘
351,14:23:52,30.11,--,1,3011,买盘
352,14:23:48,30.11,--,3,9033,买盘
353,14:23:43,30.11,--,4,13489,卖盘
354,14:23:37,30.11,--,5,15055,卖盘
355,14:23:27,30.11,--,9,27099,卖盘
356,14:23:22,30.11,-0.01,3,9033,卖盘
357,14:23:17,30.12,--,9,27108,买盘
358,14:23:07,30.12,0.01,3,9036,买盘
359,14:23:03,30.11,--,6,18066,卖盘
360,14:22:58,30.11,--,1,3011,卖盘
361,14:22:52,30.11,-0.01,12,36132,卖盘
362,14:22:47,30.12,0.01,21,63252,买盘
363,14:22:42,30.11,--,20,60220,卖盘
364,14:22:33,30.11,-0.01,1,3011,卖盘
365,14:22:27,30.12,--,3,9036,买盘
366,14:22:22,30.12,--,55,165660,卖盘
367,14:22:17,30.12,--,5,15060,卖盘
368,14:22:12,30.12,--,50,150600,卖盘
369,14:22:07,30.12,--,11,33132,卖盘
370,14:22:01,30.12,--,1,3012,卖盘
371,14:21:57,30.12,-0.01,27,81324,卖盘
372,14:21:52,30.13,-0.03,96,289248,卖盘
373,14:21:46,30.16,--,0,0,买盘
374,14:21:42,30.16,--,0,0,买盘
375,14:21:31,30.16,--,7,21112,卖盘
376,14:21:27,30.16,-0.01,12,36192,卖盘
377,14:21:12,30.17,--,5,15085,买盘
378,14:21:06,30.17,-0.01,2,6034,卖盘
379,14:21:01,30.18,--,12,36216,买盘
380,14:20:51,30.18,--,18,54324,卖盘
381,14:20:46,30.18,--,6,18108,卖盘
382,14:20:42,30.18,--,1,3018,卖盘
383,14:20:36,30.18,-0.01,2,6036,卖盘
384,14:20:31,30.19,--,3,9057,买盘
385,14:20:21,30.19,-0.01,32,96608,卖盘
386,14:20:16,30.2,0.01,10,30200,买盘
387,14:20:06,30.19,-0.01,1,3019,卖盘
388,14:20:01,30.2,0.01,83,250660,买盘
389,14:19:57,30.19,0.01,14,42266,买盘
390,14:19:51,30.18,--,0,0,买盘
391,14:19:46,30.18,--,4,12072,买盘
392,14:19:42,30.18,-0.02,1,3018,买盘
393,14:19:36,30.2,0.01,5,15100,买盘
394,14:19:31,30.19,-0.01,2,6038,买盘
395,14:19:27,30.2,--,58,175160,买盘
396,14:19:21,30.2,--,52,157040,买盘
397,14:19:16,30.2,--,0,0,买盘
398,14:19:12,30.2,0.04,26,78520,买盘
399,14:19:01,30.16,--,0,0,卖盘
400,14:18:51,30.16,-0.04,26,78416,卖盘
401,14:18:46,30.2,--,0,0,买盘
402,14:18:42,30.2,--,0,0,买盘
403,14:18:36,30.2,0.04,150,453000,买盘
404,14:18:21,30.16,-0.03,7,21112,卖盘
405,14:18:16,30.19,0.01,1,3019,买盘
406,14:18:06,30.18,--,3,9054,卖盘
407,14:18:01,30.18,0.03,2,6036,买盘
408,14:17:57,30.15,--,9,27135,卖盘
409,14:17:51,30.15,-0.03,3,9045,卖盘
410,14:17:46,30.18,0.03,3,9054,买盘
411,14:17:36,30.15,0.02,20,60300,买盘
412,14:17:21,30.13,--,4,12052,卖盘
413,14:17:16,30.13,--,5,15065,买盘
414,14:17:11,30.13,0.01,5,15065,买盘
415,14:17:01,30.12,-0.01,2,6024,卖盘
416,14:16:56,30.13,--,0,0,买盘
417,14:16:51,30.13,0.02,20,60260,买盘
418,14:16:31,30.11,--,22,66242,卖盘
419,14:16:26,30.11,--,5,15055,卖盘
420,14:16:21,30.11,--,5,15055,卖盘
421,14:15:51,30.11,0.11,35,106950,买盘
422,14:15:46,30.0,--,3,9000,买盘
423,14:15:41,30.0,--,6,18000,买盘
424,14:15:36,30.0,--,5,15000,买盘
425,14:15:31,30.0,--,5,15000,买盘
426,14:15:21,30.0,--,5,15000,买盘
427,14:15:16,30.0,--,11,33000,买盘
428,14:15:11,30.0,-0.1,478,1434000,卖盘
429,14:15:06,30.1,--,33,99330,卖盘
430,14:15:01,30.1,0.03,164,493640,买盘
431,14:14:46,30.07,-0.01,7,21049,卖盘
432,14:14:40,30.08,--,0,0,买盘
433,14:14:36,30.08,0.03,25,75200,买盘
434,14:14:31,30.05,-0.01,5,15025,卖盘
435,14:14:25,30.06,0.01,3,9018,买盘
436,14:14:10,30.05,0.02,11,33055,买盘
437,14:14:06,30.03,--,5,15015,卖盘
438,14:14:00,30.03,0.02,9,28558,买盘
439,14:13:55,30.01,-0.02,4,12004,卖盘
440,14:13:51,30.03,--,1,3003,买盘
441,14:13:45,30.03,0.02,16,48048,买盘
442,14:13:40,30.01,-0.02,4,12004,卖盘
443,14:13:30,30.03,0.02,11,33033,买盘
444,14:13:25,30.01,-0.02,5,15005,卖盘
445,14:13:21,30.03,--,1,3003,买盘
446,14:13:15,30.03,0.02,3,9009,买盘
447,14:13:06,30.01,-0.02,5,15005,卖盘
448,14:13:00,30.03,--,29,88558,卖盘
449,14:12:55,30.03,--,2,6006,卖盘
450,14:12:51,30.03,--,10,30030,卖盘
451,14:12:45,30.03,--,5,15015,卖盘
452,14:12:40,30.03,--,0,0,卖盘
453,14:12:36,30.03,--,11,33033,卖盘
454,14:12:30,30.03,--,6,18018,卖盘
455,14:12:25,30.03,0.01,29,88618,中性盘
456,14:12:21,30.02,-0.05,99,297198,卖盘
457,14:11:40,30.07,--,0,0,买盘
458,14:11:36,30.07,0.01,11,33077,买盘
459,14:11:25,30.06,--,10,30060,卖盘
460,14:11:21,30.06,--,9,27054,买盘
461,14:11:15,30.06,0.05,1,3006,买盘
462,14:11:10,30.01,--,5,15005,卖盘
463,14:10:55,30.01,--,0,0,卖盘
464,14:10:40,30.01,--,3,9003,卖盘
465,14:10:30,30.01,--,0,0,卖盘
466,14:10:15,30.01,-0.04,11,33011,卖盘
467,14:10:10,30.05,--,1,3005,卖盘
468,14:10:06,30.05,0.04,38,114190,买盘
469,14:10:00,30.01,-0.03,24,72024,卖盘
470,14:09:40,30.04,--,0,0,买盘
471,14:09:35,30.04,0.04,10,30040,买盘
472,14:09:30,30.0,-0.01,10,30000,卖盘
473,14:09:20,30.01,0.01,2,6002,买盘
474,14:09:15,30.0,--,0,0,卖盘
475,14:09:00,30.0,--,10,30000,卖盘
476,14:08:55,30.0,-0.01,30,90000,卖盘
477,14:08:50,30.01,--,90,270090,卖盘
478,14:08:45,30.01,--,11,33011,卖盘
479,14:08:40,30.01,0.01,30,90030,买盘
480,14:08:30,30.0,--,93,279000,卖盘
481,14:08:25,30.0,--,1,3000,卖盘
482,14:08:20,30.0,0.05,73,219000,买盘
483,14:08:15,29.95,-0.01,32,96888,卖盘
484,14:07:55,29.96,0.01,21,62916,买盘
485,14:07:50,29.95,--,2,5990,卖盘
486,14:07:45,29.95,--,0,0,卖盘
487,14:07:40,29.95,--,24,71880,卖盘
488,14:07:35,29.95,-0.01,112,335440,卖盘
489,14:07:30,29.96,-0.04,5,14980,卖盘
490,14:07:25,30.0,--,30,90000,买盘
491,14:07:15,30.0,--,27,82950,卖盘
492,14:07:09,30.0,--,120,360000,卖盘
493,14:07:05,30.0,--,136,408000,卖盘
494,14:07:00,30.0,-0.01,136,408000,卖盘
495,14:06:54,30.01,0.01,14,42014,买盘
496,14:06:49,30.0,--,82,246000,卖盘
497,14:06:45,30.0,--,50,150000,卖盘
498,14:06:39,30.0,--,49,147000,卖盘
499,14:06:34,30.0,-0.01,17,51000,卖盘
500,14:06:09,30.01,--,2,6002,买盘
501,14:06:04,30.01,0.01,15,45015,买盘
502,14:05:54,30.0,-0.01,55,165000,卖盘
503,14:05:49,30.01,0.01,11,33011,买盘
504,14:05:39,30.0,--,0,0,卖盘
505,14:05:34,30.0,-0.01,53,159000,卖盘
506,14:05:24,30.01,--,10,30010,卖盘
507,14:05:15,30.01,--,0,0,卖盘
508,14:05:04,30.01,--,10,30010,卖盘
509,14:04:54,30.01,--,1,3001,卖盘
510,14:04:49,30.01,--,3,10053,卖盘
511,14:04:45,30.01,--,12,36012,卖盘
512,14:04:34,30.01,--,0,0,卖盘
513,14:04:24,30.01,--,15,45015,卖盘
514,14:04:19,30.01,--,10,30010,卖盘
515,14:04:00,30.01,--,9,27009,卖盘
516,14:03:45,30.01,-0.09,1,3001,卖盘
517,14:03:39,30.1,--,0,0,买盘
518,14:03:34,30.1,0.09,2,6020,买盘
519,14:03:30,30.01,-0.09,5,15005,中性盘
520,14:03:15,30.1,0.1,30,90300,买盘
521,14:03:09,30.0,-0.08,42,126000,卖盘
522,14:03:04,30.08,-0.02,1,3008,卖盘
523,14:02:49,30.1,--,29,87320,卖盘
524,14:02:34,30.1,--,9,27090,卖盘
525,14:02:29,30.1,--,2,6020,卖盘
526,14:02:24,30.1,--,8,24080,卖盘
527,14:02:14,30.1,--,5,15050,卖盘
528,14:02:09,30.1,-0.01,10,30100,卖盘
529,14:02:04,30.11,--,10,30110,卖盘
530,14:01:54,30.11,-0.01,3,9033,卖盘
531,14:01:49,30.12,--,11,33132,买盘
532,14:01:39,30.12,--,1,3012,买盘
533,14:01:34,30.12,--,3,9036,买盘
534,14:01:29,30.12,--,10,30120,卖盘
535,14:01:24,30.12,--,6,18072,卖盘
536,14:01:09,30.12,--,4,12048,卖盘
537,14:00:54,30.12,0.02,5,15060,买盘
538,14:00:44,30.1,-0.02,6,18060,卖盘
539,14:00:33,30.12,0.02,7,21084,买盘
540,14:00:18,30.1,--,0,0,卖盘
541,14:00:03,30.1,--,1,3010,卖盘
542,13:59:54,30.1,--,8,27059,买盘
543,13:59:48,30.1,--,3,9030,买盘
544,13:59:44,30.1,0.02,10,30100,买盘
545,13:59:39,30.08,--,0,0,卖盘
546,13:59:29,30.08,-0.02,3,9024,卖盘
547,13:59:24,30.1,--,24,72270,卖盘
548,13:59:18,30.1,--,5,15050,卖盘
549,13:58:58,30.1,--,2,6020,卖盘
550,13:58:48,30.1,--,1,3010,卖盘
551,13:58:43,30.1,-0.04,5,15050,卖盘
552,13:58:33,30.14,0.04,4,12056,买盘
553,13:58:28,30.1,-0.04,3,9030,卖盘
554,13:58:08,30.14,--,4,12056,买盘
555,13:58:03,30.14,0.04,14,42196,买盘
556,13:57:48,30.1,0.04,71,216689,买盘
557,13:57:43,30.06,-0.03,6,18036,卖盘
558,13:57:38,30.09,0.03,7,21063,买盘
559,13:57:33,30.06,0.01,2,6012,卖盘
560,13:57:28,30.05,0.02,13,39065,买盘
561,13:57:13,30.03,--,50,150150,买盘
562,13:57:08,30.03,0.01,1,3003,买盘
563,13:56:53,30.02,0.02,17,51034,买盘
564,13:56:48,30.0,--,2,6000,卖盘
565,13:56:38,30.0,--,10,30000,卖盘
566,13:56:33,30.0,0.08,33,99000,买盘
567,13:56:28,29.92,0.01,3,8976,买盘
568,13:56:13,29.91,--,41,122631,买盘
569,13:56:08,29.91,--,7,20937,买盘
570,13:56:03,29.91,0.01,25,74775,买盘
571,13:55:58,29.9,-0.01,3,8970,卖盘
572,13:55:53,29.91,--,10,29910,买盘
573,13:55:48,29.91,--,5,14955,买盘
574,13:55:43,29.91,-0.01,9,26919,卖盘
575,13:55:33,29.92,0.02,3,8976,卖盘
576,13:55:28,29.9,-0.01,200,598000,卖盘
577,13:55:23,29.91,-0.01,20,59820,卖盘
578,13:55:18,29.92,--,0,0,卖盘
579,13:55:13,29.92,-0.07,53,158576,卖盘
580,13:55:08,29.99,--,0,0,买盘
581,13:55:03,29.99,0.05,3,8997,买盘
582,13:54:58,29.94,--,0,0,卖盘
583,13:54:48,29.94,-0.01,99,296406,卖盘
584,13:54:43,29.95,--,50,149750,卖盘
585,13:54:38,29.95,--,0,0,卖盘
586,13:54:33,29.95,-0.01,46,137770,卖盘
587,13:54:28,29.96,--,22,65912,卖盘
588,13:54:23,29.96,--,0,0,卖盘
589,13:54:18,29.96,-0.03,34,101864,卖盘
590,13:54:13,29.99,--,3,8997,卖盘
591,13:54:08,29.99,-0.04,4,11996,卖盘
592,13:54:03,30.03,--,1,3033,卖盘
593,13:53:58,30.03,0.04,20,63032,买盘
594,13:53:43,29.99,--,24,71976,卖盘
595,13:53:38,29.99,--,5,14995,卖盘
596,13:53:18,29.99,--,26,77974,买盘
597,13:53:12,29.99,-0.01,2,5998,买盘
598,13:53:08,30.0,--,0,0,买盘
599,13:52:57,30.0,-0.03,2,6000,买盘
600,13:52:48,30.03,0.07,2,6006,买盘
601,13:52:42,29.96,-0.04,197,590212,卖盘
602,13:52:38,30.0,--,1,3000,卖盘
603,13:52:33,30.0,-0.03,10,30000,卖盘
604,13:52:27,30.03,--,0,0,买盘
605,13:52:23,30.03,0.06,3,9009,买盘
606,13:52:12,29.97,-0.06,2,5994,中性盘
607,13:52:08,30.03,--,47,141171,卖盘
608,13:52:03,30.03,0.07,16,51020,买盘
609,13:51:57,29.96,0.01,5,14980,卖盘
610,13:51:38,29.95,-0.01,18,53910,卖盘
611,13:51:33,29.96,0.01,5,14980,买盘
612,13:51:27,29.95,--,5,14975,卖盘
613,13:51:12,29.95,--,1,2995,买盘
614,13:51:03,29.95,--,5,14975,买盘
615,13:50:57,29.95,--,10,29950,卖盘
616,13:50:52,29.95,-0.01,3,8985,中性盘
617,13:50:48,29.96,0.05,1,2996,买盘
618,13:50:42,29.91,-0.04,200,598200,卖盘
619,13:50:32,29.95,-0.01,3,8985,卖盘
620,13:50:27,29.96,-0.03,17,50932,卖盘
621,13:50:22,29.99,0.02,39,116961,买盘
622,13:50:17,29.97,--,7,20979,卖盘
623,13:50:12,29.97,0.01,27,80919,卖盘
624,13:50:07,29.96,0.01,19,56924,中性盘
625,13:50:02,29.95,--,0,0,卖盘
626,13:49:57,29.95,-0.01,144,431280,卖盘
627,13:49:52,29.96,--,5,14980,卖盘
628,13:49:47,29.96,--,2,5992,卖盘
629,13:49:37,29.96,-0.03,74,221704,卖盘
630,13:49:32,29.99,-0.01,4,11996,卖盘
631,13:49:27,30.0,--,2,6000,买盘
632,13:49:22,30.0,--,4,12000,买盘
633,13:49:12,30.0,-0.01,686,2058030,卖盘
634,13:49:07,30.01,--,1,3001,卖盘
635,13:49:02,30.01,--,3,9003,卖盘
636,13:48:57,30.01,0.01,31,93031,中性盘
637,13:48:52,30.0,-0.05,15,45000,卖盘
638,13:48:47,30.05,0.05,12,36060,买盘
639,13:48:42,30.0,--,30,90000,卖盘
640,13:48:32,30.0,--,23,69000,卖盘
641,13:48:27,30.0,-0.05,103,309000,卖盘
642,13:48:22,30.05,0.05,46,138230,买盘
643,13:48:17,30.0,--,0,0,卖盘
644,13:48:12,30.0,-0.03,201,603000,卖盘
645,13:48:07,30.03,-0.02,4,12012,卖盘
646,13:48:02,30.05,--,4,12020,买盘
647,13:47:57,30.05,--,4,12020,卖盘
648,13:47:52,30.05,-0.01,7,21035,卖盘
649,13:47:47,30.06,0.01,3,9018,卖盘
650,13:47:42,30.05,--,2,6010,卖盘
651,13:47:37,30.05,--,13,39065,卖盘
652,13:47:32,30.05,--,1,3005,卖盘
653,13:47:27,30.05,-0.01,11,33055,卖盘
654,13:47:17,30.06,--,19,57114,卖盘
655,13:47:12,30.06,--,5,15030,卖盘
656,13:47:07,30.06,-0.04,6,18036,卖盘
657,13:46:57,30.1,-0.01,1,3010,买盘
658,13:46:52,30.11,-0.01,5,15055,卖盘
659,13:46:47,30.12,--,3,9036,卖盘
660,13:46:37,30.12,0.01,2,6024,买盘
661,13:46:32,30.11,-0.01,15,45165,卖盘
662,13:46:02,30.12,--,3,9036,卖盘
663,13:45:57,30.12,--,8,24096,卖盘
664,13:45:51,30.12,--,10,30120,卖盘
665,13:45:42,30.12,--,1,3012,卖盘
666,13:45:36,30.12,-0.01,13,39156,卖盘
667,13:45:32,30.13,0.02,6,18078,买盘
668,13:45:27,30.11,--,0,0,卖盘
669,13:45:02,30.11,--,6,18066,卖盘
670,13:44:51,30.11,0.02,16,48176,卖盘
671,13:44:47,30.09,--,12,36108,买盘
672,13:44:36,30.09,-0.01,1,3009,买盘
673,13:44:32,30.1,0.01,2,6020,卖盘
674,13:44:27,30.09,--,12,36108,卖盘
675,13:44:17,30.09,-0.04,5,15045,卖盘
676,13:44:01,30.13,0.04,2,6026,买盘
677,13:43:51,30.09,0.01,4,12036,买盘
678,13:43:36,30.08,0.03,44,132352,买盘
679,13:43:32,30.05,--,0,0,买盘
680,13:43:27,30.05,0.03,5,15025,买盘
681,13:43:21,30.02,-0.02,17,51034,卖盘
682,13:43:16,30.04,--,2,6008,买盘
683,13:43:06,30.04,-0.01,6,18024,卖盘
684,13:42:57,30.05,--,22,66110,卖盘
685,13:42:51,30.05,-0.02,10,30050,卖盘
686,13:42:46,30.07,-0.02,20,60140,买盘
687,13:42:36,30.09,--,0,0,买盘
688,13:42:21,30.09,--,0,0,买盘
689,13:42:11,30.09,--,13,39117,买盘
690,13:42:06,30.09,--,0,0,买盘
691,13:42:01,30.09,-0.01,39,117351,卖盘
692,13:41:51,30.1,0.01,2,6020,买盘
693,13:41:46,30.09,--,0,0,卖盘
694,13:41:41,30.09,0.05,9,27081,买盘
695,13:41:31,30.04,-0.05,1,3004,卖盘
696,13:41:16,30.09,-0.05,11,33099,卖盘
697,13:41:11,30.14,-0.01,1,3014,卖盘
698,13:41:01,30.15,0.01,7,21105,买盘
699,13:40:56,30.14,--,12,36168,卖盘
700,13:40:51,30.14,-0.02,5,15070,卖盘
701,13:40:46,30.16,0.02,3,9048,买盘
702,13:40:41,30.14,-0.01,15,45210,卖盘
703,13:40:36,30.15,-0.02,1,3015,中性盘
704,13:40:16,30.17,0.04,5,15085,买盘
705,13:40:06,30.13,--,59,177767,卖盘
706,13:39:51,30.13,--,5,15065,卖盘
707,13:39:46,30.13,--,5,15065,卖盘
708,13:39:36,30.13,--,0,0,卖盘
709,13:39:21,30.13,--,10,30130,卖盘
710,13:39:16,30.13,0.02,17,51221,买盘
711,13:39:11,30.11,--,0,0,卖盘
712,13:39:06,30.11,--,5,15055,卖盘
713,13:39:00,30.11,0.01,49,147539,买盘
714,13:38:56,30.1,--,1,3010,卖盘
715,13:38:51,30.1,-0.01,11,33110,卖盘
716,13:38:41,30.11,--,6,18066,卖盘
717,13:38:26,30.11,0.01,6,18066,买盘
718,13:38:11,30.1,--,5,15050,卖盘
719,13:38:06,30.1,--,1,3010,卖盘
720,13:38:00,30.1,-0.03,8,24080,卖盘
721,13:37:56,30.13,0.03,2,6026,买盘
722,13:37:51,30.1,-0.08,50,150500,卖盘
723,13:37:45,30.18,0.04,10,30180,买盘
724,13:37:41,30.14,--,41,123574,买盘
725,13:37:30,30.14,-0.04,3,9042,卖盘
726,13:37:11,30.18,-0.02,16,48288,卖盘
727,13:37:06,30.2,-0.01,38,114760,卖盘
728,13:37:00,30.21,0.01,16,48336,买盘
729,13:36:56,30.2,--,103,311060,卖盘
730,13:36:51,30.2,--,1,3020,卖盘
731,13:36:45,30.2,-0.01,5,15100,卖盘
732,13:36:41,30.21,-0.01,186,561906,卖盘
733,13:36:36,30.22,0.01,1,3022,买盘
734,13:36:30,30.21,--,1,3021,买盘
735,13:36:26,30.21,0.01,3,9063,买盘
736,13:36:21,30.2,--,8,24160,卖盘
737,13:36:15,30.2,-0.01,10,30200,卖盘
738,13:36:11,30.21,0.01,84,253764,买盘
739,13:36:06,30.2,--,5,15100,卖盘
740,13:36:00,30.2,--,1,3020,卖盘
741,13:35:56,30.2,-0.01,5,15100,卖盘
742,13:35:50,30.21,0.01,2,6042,买盘
743,13:35:45,30.2,-0.01,12,36240,卖盘
744,13:35:40,30.21,0.01,7,21147,中性盘
745,13:35:30,30.2,-0.01,14,42280,卖盘
746,13:35:25,30.21,0.01,2,6042,买盘
747,13:35:21,30.2,-0.01,2,6040,卖盘
748,13:35:15,30.21,0.01,10,30210,买盘
749,13:34:55,30.2,0.02,85,256700,买盘
750,13:34:50,30.18,-0.02,10,30180,卖盘
751,13:34:40,30.2,0.02,23,69460,买盘
752,13:34:35,30.18,0.03,5,15090,买盘
753,13:34:15,30.15,0.05,19,57285,买盘
754,13:34:10,30.1,--,4,12040,卖盘
755,13:34:00,30.1,0.01,15,45150,买盘
756,13:33:55,30.09,-0.01,2,6018,卖盘
757,13:33:50,30.1,--,4,12040,买盘
758,13:33:45,30.1,0.01,7,21070,买盘
759,13:33:40,30.09,0.01,4,12036,买盘
760,13:33:30,30.08,0.03,29,87232,买盘
761,13:33:25,30.05,-0.03,4,12020,卖盘
762,13:33:15,30.08,0.05,3,9024,买盘
763,13:33:05,30.03,-0.02,2,6006,卖盘
764,13:33:00,30.05,0.03,5,15025,买盘
765,13:32:45,30.02,--,0,0,卖盘
766,13:32:40,30.02,0.01,2,6004,买盘
767,13:32:20,30.01,0.01,1,3001,卖盘
768,13:32:09,30.0,--,0,0,卖盘
769,13:32:05,30.0,0.01,54,164970,买盘
770,13:31:59,29.99,-0.01,72,215928,卖盘
771,13:31:54,30.0,0.01,104,312000,买盘
772,13:31:50,29.99,--,1,2999,卖盘
773,13:31:39,29.99,--,32,95968,卖盘
774,13:31:34,29.99,--,20,59980,卖盘
775,13:31:24,29.99,-0.01,1,2999,买盘
776,13:31:20,30.0,--,0,0,买盘
777,13:31:15,30.0,0.01,90,270000,买盘
778,13:31:09,29.99,-0.01,90,269910,卖盘
779,13:31:00,30.0,0.01,6,18000,买盘
780,13:30:50,29.99,--,5,14995,卖盘
781,13:30:35,29.99,--,11,32989,买盘
782,13:30:24,29.99,0.03,4,11996,买盘
783,13:30:20,29.96,-0.03,48,143808,卖盘
784,13:30:14,29.99,0.01,3,8997,买盘
785,13:30:05,29.98,0.02,1,2998,中性盘
786,13:29:54,29.96,--,12,35952,卖盘
787,13:29:50,29.96,--,0,0,卖盘
788,13:29:29,29.96,-0.04,2,5992,卖盘
789,13:29:24,30.0,0.04,20,60000,买盘
790,13:29:09,29.96,-0.04,5,14980,卖盘
791,13:29:04,30.0,0.04,15,45000,买盘
792,13:28:54,29.96,--,0,0,中性盘
793,13:28:49,29.96,--,13,38948,卖盘
794,13:28:44,29.96,--,2,5992,卖盘
795,13:28:39,29.96,--,8,23968,卖盘
796,13:28:35,29.96,--,1,2996,卖盘
797,13:28:29,29.96,--,30,89880,卖盘
798,13:28:24,29.96,--,10,29960,卖盘
799,13:28:14,29.96,--,4,11984,卖盘
800,13:28:04,29.96,--,135,404460,买盘
801,13:27:54,29.96,-0.04,7,20972,卖盘
802,13:27:44,30.0,0.04,8,24000,买盘
803,13:27:39,29.96,0.01,2,5992,卖盘
804,13:27:29,29.95,--,0,0,卖盘
805,13:27:04,29.95,--,1,2995,卖盘
806,13:26:59,29.95,--,27,80865,买盘
807,13:26:54,29.95,--,55,164725,买盘
808,13:26:39,29.95,--,1,2995,买盘
809,13:26:34,29.95,--,60,179700,买盘
810,13:26:29,29.95,--,1,2995,买盘
811,13:26:24,29.95,0.01,5,14975,买盘
812,13:26:19,29.94,-0.01,2,5988,卖盘
813,13:26:14,29.95,--,2,5990,买盘
814,13:26:09,29.95,0.01,1,2995,买盘
815,13:26:04,29.94,-0.01,6,17964,买盘
816,13:25:44,29.95,--,13,38935,买盘
817,13:25:38,29.95,-0.04,197,590015,卖盘
818,13:25:29,29.99,0.01,52,155948,买盘
819,13:25:14,29.98,--,3,8994,卖盘
820,13:25:03,29.98,--,7,20986,卖盘
821,13:24:59,29.98,--,1,2998,卖盘
822,13:24:53,29.98,-0.02,24,71952,卖盘
823,13:24:48,30.0,0.02,2,6000,买盘
824,13:24:44,29.98,-0.01,3,8994,卖盘
825,13:24:33,29.99,0.01,1,2999,买盘
826,13:24:23,29.98,-0.02,5,14990,卖盘
827,13:24:18,30.0,0.01,3,9000,买盘
828,13:24:14,29.99,-0.01,3,8997,卖盘
829,13:24:03,30.0,--,2,6000,买盘
830,13:23:59,30.0,-0.01,128,384030,卖盘
831,13:23:48,30.01,--,0,0,卖盘
832,13:23:38,30.01,--,5,15005,卖盘
833,13:23:29,30.01,-0.04,89,267089,卖盘
834,13:23:14,30.05,--,0,0,买盘
835,13:23:08,30.05,0.03,4,12020,买盘
836,13:23:03,30.02,-0.03,20,60040,卖盘
837,13:22:58,30.05,0.01,9,27045,买盘
838,13:22:48,30.04,0.02,16,48064,买盘
839,13:22:33,30.02,-0.02,20,60040,卖盘
840,13:22:28,30.04,0.01,2,6008,买盘
841,13:22:23,30.03,--,2,6006,卖盘
842,13:22:03,30.03,0.02,25,75075,买盘
843,13:21:58,30.01,-0.03,2,6002,卖盘
844,13:21:53,30.04,--,0,0,买盘
845,13:21:33,30.04,--,0,0,买盘
846,13:21:23,30.04,0.04,31,93124,买盘
847,13:21:18,30.0,-0.04,2,6000,卖盘
848,13:21:08,30.04,0.04,1,3004,买盘
849,13:21:03,30.0,-0.04,5,15000,卖盘
850,13:20:58,30.04,0.04,5,15020,买盘
851,13:20:48,30.0,--,1,3000,卖盘
852,13:20:33,30.0,--,15,47970,买盘
853,13:20:28,30.0,--,11,33000,买盘
854,13:20:18,30.0,--,1,3030,卖盘
855,13:20:13,30.0,--,7,21000,卖盘
856,13:20:03,30.0,0.01,69,209970,买盘
857,13:19:58,29.99,--,12,35988,买盘
858,13:19:48,29.99,0.01,38,113962,买盘
859,13:19:43,29.98,0.03,33,98934,买盘
860,13:19:33,29.95,--,0,0,卖盘
861,13:19:18,29.95,--,1,2995,卖盘
862,13:19:13,29.95,--,7,20965,卖盘
863,13:19:08,29.95,0.02,2,5990,买盘
864,13:18:58,29.93,-0.05,1,2993,卖盘
865,13:18:53,29.98,0.03,10,29980,买盘
866,13:18:43,29.95,--,44,131780,卖盘
867,13:18:27,29.95,--,12,35940,买盘
868,13:18:12,29.95,--,1,2995,买盘
869,13:18:08,29.95,-0.03,15,44925,卖盘
870,13:17:57,29.98,0.03,4,11992,买盘
871,13:17:42,29.95,--,5,14975,卖盘
872,13:17:32,29.95,--,5,14975,卖盘
873,13:17:23,29.95,--,4,11980,卖盘
874,13:17:07,29.95,-0.04,3,8985,卖盘
875,13:17:02,29.99,0.01,4,11996,买盘
876,13:16:57,29.98,--,0,0,中性盘
877,13:16:53,29.98,--,0,0,中性盘
878,13:16:47,29.98,0.04,1001,3000998,买盘
879,13:16:42,29.94,--,10,29940,卖盘
880,13:16:27,29.94,0.01,13,38922,中性盘
881,13:16:17,29.93,--,1,2993,卖盘
882,13:16:08,29.93,-0.01,11,32923,卖盘
883,13:16:02,29.94,-0.04,1,2994,买盘
884,13:15:57,29.98,0.04,13,38974,买盘
885,13:15:53,29.94,--,34,101796,卖盘
886,13:15:47,29.94,-0.05,29,86826,卖盘
887,13:15:42,29.99,0.06,54,161946,买盘
888,13:15:37,29.93,--,0,0,卖盘
889,13:15:27,29.93,-0.05,12,35916,卖盘
890,13:15:12,29.98,--,5,14990,中性盘
891,13:15:07,29.98,-0.01,14,41972,卖盘
892,13:14:57,29.99,-0.01,1,2999,卖盘
893,13:14:37,30.0,--,39,117000,卖盘
894,13:14:27,30.0,--,2,6000,卖盘
895,13:14:17,30.0,--,9,27000,卖盘
896,13:14:12,30.0,--,45,135000,卖盘
897,13:14:07,30.0,-0.05,2,6000,卖盘
898,13:13:52,30.05,0.05,1,3005,买盘
899,13:13:42,30.0,-0.04,500,1500000,卖盘
900,13:13:22,30.04,-0.01,2,6008,卖盘
901,13:13:17,30.05,--,5,15025,买盘
902,13:12:52,30.05,0.01,1,3005,买盘
903,13:12:42,30.04,--,20,60080,卖盘
904,13:12:32,30.04,-0.01,1,3004,卖盘
905,13:12:27,30.05,--,5,15025,买盘
906,13:12:22,30.05,0.01,5,15025,买盘
907,13:12:12,30.04,-0.01,11,33044,卖盘
908,13:12:02,30.05,--,5,15025,买盘
909,13:11:52,30.05,0.01,15,45075,买盘
910,13:11:46,30.04,-0.01,5,15020,卖盘
911,13:11:37,30.05,--,124,372620,买盘
912,13:11:32,30.05,--,5,15025,买盘
913,13:11:26,30.05,--,9,27045,买盘
914,13:11:17,30.05,--,0,0,买盘
915,13:11:02,30.05,0.01,15,45075,买盘
916,13:10:46,30.04,--,1,3004,卖盘
917,13:10:32,30.04,--,4,12016,卖盘
918,13:10:26,30.04,0.01,11,33044,买盘
919,13:10:21,30.03,--,4,12012,卖盘
920,13:10:16,30.03,-0.01,20,60060,卖盘
921,13:10:11,30.04,--,3,9012,卖盘
922,13:10:06,30.04,--,96,288384,买盘
923,13:10:02,30.04,0.01,3,9012,买盘
924,13:09:56,30.03,0.01,1,3003,卖盘
925,13:09:51,30.02,--,0,0,卖盘
926,13:09:41,30.02,-0.02,19,57038,卖盘
927,13:09:36,30.04,0.02,2,6008,买盘
928,13:09:32,30.02,-0.01,5,15010,卖盘
929,13:09:16,30.03,--,8,24024,买盘
930,13:09:11,30.03,0.01,4,12012,买盘
931,13:09:06,30.02,--,11,33022,买盘
932,13:09:01,30.02,--,9,27018,买盘
933,13:08:56,30.02,--,4,12008,买盘
934,13:08:51,30.02,0.01,7,21014,买盘
935,13:08:46,30.01,--,0,0,卖盘
936,13:08:36,30.01,-0.02,11,33011,卖盘
937,13:08:31,30.03,0.02,8,24024,买盘
938,13:08:26,30.01,--,1,3001,卖盘
939,13:08:21,30.01,--,5,15005,卖盘
940,13:08:01,30.01,-0.02,14,42014,卖盘
941,13:07:56,30.03,--,4,12012,买盘
942,13:07:36,30.03,-0.01,15,45045,卖盘
943,13:07:16,30.04,0.01,1,3004,买盘
944,13:07:11,30.03,-0.01,5,15015,卖盘
945,13:07:01,30.04,--,4,12016,卖盘
946,13:06:56,30.04,--,1,3004,卖盘
947,13:06:51,30.04,-0.01,4,12016,卖盘
948,13:06:46,30.05,--,10,30050,买盘
949,13:06:41,30.05,0.01,3,9015,买盘
950,13:06:36,30.04,-0.01,10,30040,卖盘
951,13:06:31,30.05,--,12,36060,买盘
952,13:06:26,30.05,--,55,165275,卖盘
953,13:06:06,30.05,0.01,7,21035,买盘
954,13:06:01,30.04,-0.01,18,54072,卖盘
955,13:05:56,30.05,--,10,30050,买盘
956,13:05:46,30.05,--,17,51085,卖盘
957,13:05:41,30.05,-0.01,11,33055,卖盘
958,13:05:31,30.06,--,5,15030,买盘
959,13:05:11,30.06,--,11,33066,卖盘
960,13:05:06,30.06,--,12,36072,卖盘
961,13:05:01,30.06,--,6,18036,卖盘
962,13:04:56,30.06,--,0,0,卖盘
963,13:04:51,30.06,-0.02,34,102204,卖盘
964,13:04:46,30.08,0.02,1,3008,买盘
965,13:04:35,30.06,-0.04,7,21042,卖盘
966,13:04:31,30.1,--,1,3010,买盘
967,13:04:26,30.1,--,1,3010,买盘
968,13:04:00,30.1,--,2,6020,买盘
969,13:03:55,30.1,-0.04,125,376250,卖盘
970,13:03:45,30.14,-0.01,17,51238,卖盘
971,13:03:40,30.15,-0.01,5,15075,买盘
972,13:03:25,30.16,--,9,28259,卖盘
973,13:03:20,30.16,-0.01,13,39208,卖盘
974,13:03:10,30.17,-0.01,5,15085,卖盘
975,13:03:00,30.18,-0.06,300,905430,卖盘
976,13:02:55,30.24,-0.02,17,51408,卖盘
977,13:02:50,30.26,0.01,31,93806,买盘
978,13:02:45,30.25,--,4,12100,卖盘
979,13:02:35,30.25,--,18,54450,卖盘
980,13:02:30,30.25,-0.01,16,48400,卖盘
981,13:02:25,30.26,-0.01,1,3026,卖盘
982,13:02:15,30.27,0.01,3,9081,买盘
983,13:02:10,30.26,-0.02,10,30260,卖盘
984,13:02:05,30.28,--,22,66616,买盘
985,13:02:00,30.28,0.02,12,36336,买盘
986,13:01:55,30.26,-0.01,1,3026,卖盘
987,13:01:50,30.27,--,1,3027,卖盘
988,13:01:45,30.27,0.01,1,3027,买盘
989,13:01:40,30.26,0.01,35,105910,买盘
990,13:01:35,30.25,0.01,8,24200,买盘
991,13:01:30,30.24,-0.01,65,196560,卖盘
992,13:01:25,30.25,0.01,7,21175,买盘
993,13:01:20,30.24,-0.01,2,6048,卖盘
994,13:01:15,30.25,--,3,9075,买盘
995,13:01:10,30.25,--,6,18150,买盘
996,13:01:05,30.25,--,0,0,买盘
997,13:01:00,30.25,--,10,30250,卖盘
998,13:00:55,30.25,--,0,0,卖盘
999,13:00:50,30.25,--,3,9075,买盘
1000,13:00:40,30.25,--,290,877250,买盘
1001,13:00:35,30.25,--,1,3025,买盘
1002,13:00:25,30.25,--,5,15125,卖盘
1003,13:00:15,30.25,--,3,9075,卖盘
1004,13:00:10,30.25,--,7,21175,卖盘
1005,13:00:05,30.25,-0.03,83,254069,中性盘
1006,13:00:00,30.28,0.07,65,196820,买盘
1007,11:30:00,30.21,--,0,0,卖盘
1008,11:30:00,30.21,--,0,0,卖盘
1009,11:29:59,30.21,-0.02,1,3021,卖盘
1010,11:29:54,30.23,0.02,2,6046,买盘
1011,11:29:51,30.21,--,5,15105,卖盘
1012,11:29:45,30.21,0.01,3,9063,买盘
1013,11:29:39,30.2,-0.01,1,3020,买盘
1014,11:29:35,30.21,--,1,3021,买盘
1015,11:29:30,30.21,0.01,3,9063,买盘
1016,11:29:24,30.2,--,1,3020,买盘
1017,11:29:20,30.2,--,2,6040,买盘
1018,11:29:15,30.2,0.01,19,57380,买盘
1019,11:29:09,30.19,--,3,9057,买盘
1020,11:29:05,30.19,--,2,6038,买盘
1021,11:29:00,30.19,0.02,3,9057,买盘
1022,11:28:54,30.17,--,2,6034,卖盘
1023,11:28:50,30.17,0.01,7,21119,买盘
1024,11:28:39,30.16,0.01,58,176828,买盘
1025,11:28:35,30.15,--,7,21105,买盘
1026,11:28:30,30.15,--,0,0,买盘
1027,11:28:24,30.15,--,0,0,买盘
1028,11:28:15,30.15,0.01,5,15075,买盘
1029,11:28:05,30.14,0.03,2,6028,买盘
1030,11:28:00,30.11,--,128,385408,买盘
1031,11:27:54,30.11,--,1,3011,买盘
1032,11:27:50,30.11,--,30,90330,买盘
1033,11:27:45,30.11,--,68,204748,买盘
1034,11:27:39,30.11,--,2,6022,买盘
1035,11:27:35,30.11,0.01,9,27099,买盘
1036,11:27:24,30.1,0.01,58,174580,买盘
1037,11:27:20,30.09,-0.01,3,9027,卖盘
1038,11:27:15,30.1,0.01,12,36120,买盘
1039,11:27:09,30.09,--,20,60180,买盘
1040,11:27:00,30.09,--,13,39117,买盘
1041,11:26:54,30.09,0.03,19,57171,买盘
1042,11:26:45,30.06,-0.03,21,63126,卖盘
1043,11:26:35,30.09,0.03,6,18054,买盘
1044,11:26:24,30.06,0.01,11,33066,买盘
1045,11:26:20,30.05,-0.01,12,36060,卖盘
1046,11:26:15,30.06,--,0,0,卖盘
1047,11:26:09,30.06,-0.01,10,30060,卖盘
1048,11:26:00,30.07,0.01,4,12028,买盘
1049,11:25:50,30.06,0.01,5,15030,买盘
1050,11:25:45,30.05,--,12,36060,卖盘
1051,11:25:39,30.05,--,7,21035,卖盘
1052,11:25:35,30.05,--,1,3005,买盘
1053,11:25:30,30.05,--,5,15025,买盘
1054,11:25:24,30.05,0.01,1,3005,买盘
1055,11:25:15,30.04,--,15,45060,卖盘
1056,11:25:09,30.04,--,46,138184,买盘
1057,11:25:05,30.04,0.01,1,3004,买盘
1058,11:24:54,30.03,--,12,36036,买盘
1059,11:24:45,30.03,0.02,3,9009,买盘
1060,11:24:39,30.01,-0.01,11,33011,卖盘
1061,11:24:35,30.02,--,2,6004,买盘
1062,11:24:30,30.02,--,13,39026,买盘
1063,11:24:24,30.02,--,1,3002,买盘
1064,11:24:20,30.02,--,2,6004,买盘
1065,11:24:15,30.02,--,24,72048,买盘
1066,11:24:09,30.02,--,6,18012,买盘
1067,11:24:05,30.02,0.01,12,36024,买盘
1068,11:23:59,30.01,-0.01,4,12004,卖盘
1069,11:23:54,30.02,0.01,1,3002,买盘
1070,11:23:50,30.01,--,9,27009,卖盘
1071,11:23:39,30.01,--,17,51017,买盘
1072,11:23:33,30.01,--,1,3001,买盘
1073,11:23:29,30.01,0.01,1,3001,买盘
1074,11:23:24,30.0,-0.01,3,9000,卖盘
1075,11:23:18,30.01,0.01,6,18006,买盘
1076,11:23:14,30.0,--,8,24000,买盘
1077,11:23:09,30.0,--,1,3000,买盘
1078,11:22:59,30.0,-0.01,29,87000,卖盘
1079,11:22:54,30.01,0.01,63,189063,买盘
1080,11:22:48,30.0,-0.01,1,3000,卖盘
1081,11:22:39,30.01,0.01,2,6002,买盘
1082,11:22:33,30.0,-0.01,10,30000,卖盘
1083,11:22:14,30.01,0.01,1,3001,买盘
1084,11:22:09,30.0,-0.02,40,120000,卖盘
1085,11:22:03,30.02,0.01,10,30020,买盘
1086,11:21:48,30.01,--,9,27009,卖盘
1087,11:21:44,30.01,0.01,3,9003,买盘
1088,11:21:39,30.0,--,5,15000,卖盘
1089,11:21:33,30.0,--,1,3000,卖盘
1090,11:21:18,30.0,--,10,30000,卖盘
1091,11:21:09,30.0,--,15,45000,卖盘
1092,11:21:03,30.0,--,0,0,卖盘
1093,11:20:54,30.0,--,21,63000,卖盘
1094,11:20:48,30.0,--,1,3000,卖盘
1095,11:20:39,30.0,--,5,15000,卖盘
1096,11:20:33,30.0,--,1,3000,卖盘
1097,11:20:29,30.0,-0.02,91,273000,卖盘
1098,11:20:18,30.02,0.02,6,18012,买盘
1099,11:20:03,30.0,-0.02,2,6000,卖盘
1100,11:19:54,30.02,--,7,21014,买盘
1101,11:19:39,30.02,--,4,12008,卖盘
1102,11:19:33,30.02,0.02,3,9006,买盘
1103,11:19:29,30.0,-0.01,5,15000,卖盘
1104,11:19:18,30.01,--,4,12004,买盘
1105,11:18:59,30.01,--,11,33011,卖盘
1106,11:18:54,30.01,--,4,12004,卖盘
1107,11:18:48,30.01,-0.02,3,9003,卖盘
1108,11:18:33,30.03,0.02,4,12012,买盘
1109,11:18:29,30.01,--,0,0,卖盘
1110,11:18:18,30.01,0.01,2,6002,卖盘
1111,11:18:14,30.0,--,0,0,卖盘
1112,11:18:09,30.0,-0.03,17,51000,卖盘
1113,11:18:03,30.03,0.03,11,33033,中性盘
1114,11:17:59,30.0,--,9,27000,卖盘
1115,11:17:53,30.0,--,19,57000,卖盘
1116,11:17:48,30.0,--,0,0,卖盘
1117,11:17:44,30.0,--,6,18000,卖盘
1118,11:17:38,30.0,--,2,6000,卖盘
1119,11:17:33,30.0,--,7,21000,卖盘
1120,11:17:29,30.0,-0.01,4,12000,卖盘
1121,11:17:23,30.01,-0.01,2,6002,中性盘
1122,11:17:08,30.02,0.02,1,3002,买盘
1123,11:17:03,30.0,-0.02,20,60000,卖盘
1124,11:16:59,30.02,--,6,18012,卖盘
1125,11:16:53,30.02,-0.02,1,3002,卖盘
1126,11:16:48,30.04,--,115,345460,买盘
1127,11:16:33,30.04,--,2,6008,买盘
1128,11:16:23,30.04,-0.04,144,432576,卖盘
1129,11:16:18,30.08,0.03,19,57152,买盘
1130,11:16:12,30.05,-0.02,3,9015,卖盘
1131,11:16:09,30.07,--,5,15035,卖盘
1132,11:16:03,30.07,--,7,21049,卖盘
1133,11:15:57,30.07,-0.01,5,15035,卖盘
1134,11:15:53,30.08,0.04,12,36096,买盘
1135,11:15:38,30.04,--,26,78104,买盘
1136,11:15:33,30.04,--,27,81108,卖盘
1137,11:15:18,30.04,0.02,3,9012,买盘
1138,11:15:12,30.02,-0.02,5,15010,卖盘
1139,11:15:03,30.04,0.02,15,45060,买盘
1140,11:14:48,30.02,--,4,12008,卖盘
1141,11:14:42,30.02,0.02,15,45030,买盘
1142,11:14:38,30.0,--,25,75000,卖盘
1143,11:14:33,30.0,-0.02,3,9000,卖盘
1144,11:14:27,30.02,--,53,159106,买盘
1145,11:14:18,30.02,0.02,14,42028,买盘
1146,11:13:57,30.0,--,0,0,中性盘
1147,11:13:53,30.0,--,1,3000,买盘
1148,11:13:48,30.0,--,7,21000,买盘
1149,11:13:42,30.0,--,7,21000,买盘
1150,11:13:33,30.0,0.01,8,24000,买盘
1151,11:13:27,29.99,0.01,2,5998,买盘
1152,11:13:18,29.98,--,20,59960,卖盘
1153,11:13:12,29.98,0.03,57,170886,买盘
1154,11:12:48,29.95,--,1,2995,卖盘
1155,11:12:42,29.95,--,2,5990,卖盘
1156,11:12:38,29.95,0.01,2,5990,买盘
1157,11:12:18,29.94,-0.01,24,71856,卖盘
1158,11:12:08,29.95,0.01,40,119800,买盘
1159,11:12:03,29.94,--,5,14970,卖盘
1160,11:11:53,29.94,-0.01,4,11976,卖盘
1161,11:11:42,29.95,0.01,6,17970,买盘
1162,11:11:27,29.94,-0.01,15,44910,卖盘
1163,11:11:23,29.95,0.01,5,14975,买盘
1164,11:11:18,29.94,-0.01,10,29940,卖盘
1165,11:11:03,29.95,0.04,10,29950,买盘
1166,11:10:57,29.91,--,0,0,卖盘
1167,11:10:48,29.91,--,37,110667,卖盘
1168,11:10:42,29.91,-0.02,4,11964,卖盘
1169,11:10:38,29.93,0.02,16,47888,买盘
1170,11:10:32,29.91,--,0,0,卖盘
1171,11:10:27,29.91,-0.01,30,89730,卖盘
1172,11:10:12,29.92,0.01,16,47872,买盘
1173,11:10:08,29.91,--,1,2991,卖盘
1174,11:10:02,29.91,--,2,5982,卖盘
1175,11:09:53,29.91,--,50,149550,卖盘
1176,11:09:47,29.91,0.01,1,2991,卖盘
1177,11:09:42,29.9,-0.01,1,2990,卖盘
1178,11:09:32,29.91,0.01,7,22312,买盘
1179,11:09:27,29.9,-0.01,2,5980,卖盘
1180,11:09:17,29.91,-0.01,6,19561,卖盘
1181,11:09:12,29.92,0.01,1,2992,中性盘
1182,11:09:06,29.91,-0.01,52,155532,卖盘
1183,11:08:57,29.92,0.01,2,5984,卖盘
1184,11:08:42,29.91,--,0,0,卖盘
1185,11:08:27,29.91,--,18,53838,卖盘
1186,11:08:21,29.91,--,11,32901,卖盘
1187,11:08:12,29.91,--,1,2991,卖盘
1188,11:08:06,29.91,--,19,58204,卖盘
1189,11:07:57,29.91,--,5,14955,卖盘
1190,11:07:51,29.91,--,3,8973,卖盘
1191,11:07:47,29.91,0.01,11,32901,买盘
1192,11:07:32,29.9,-0.01,8,23920,卖盘
1193,11:07:27,29.91,--,34,101694,买盘
1194,11:07:21,29.91,--,10,29910,买盘
1195,11:07:12,29.91,--,2,5982,买盘
1196,11:07:06,29.91,--,12,35892,卖盘
1197,11:06:56,29.91,--,2,5982,卖盘
1198,11:06:51,29.91,--,3,8973,卖盘
1199,11:06:47,29.91,--,39,116649,卖盘
1200,11:06:42,29.91,0.01,4,11964,卖盘
1201,11:06:32,29.9,--,0,0,卖盘
1202,11:06:17,29.9,--,48,143520,买盘
1203,11:06:12,29.9,-0.02,138,412620,卖盘
1204,11:06:06,29.92,0.01,20,59840,买盘
1205,11:06:02,29.91,-0.01,5,14955,卖盘
1206,11:05:57,29.92,0.01,1,2992,买盘
1207,11:05:51,29.91,-0.01,1,2991,卖盘
1208,11:05:47,29.92,--,8,23936,买盘
1209,11:05:36,29.92,--,24,73423,卖盘
1210,11:05:27,29.92,-0.01,6,17952,卖盘
1211,11:05:17,29.93,--,7,20951,买盘
1212,11:04:51,29.93,--,1,2993,买盘
1213,11:04:47,29.93,--,1,2993,买盘
1214,11:04:42,29.93,--,2,5986,买盘
1215,11:04:36,29.93,--,12,35916,卖盘
1216,11:04:21,29.93,-0.02,10,29930,卖盘
1217,11:04:12,29.95,0.03,1,2995,买盘
1218,11:03:57,29.92,--,4,11968,卖盘
1219,11:03:51,29.92,--,2,5984,卖盘
1220,11:03:47,29.92,-0.03,1,2992,卖盘
1221,11:03:36,29.95,0.03,2,5990,买盘
1222,11:03:27,29.92,--,9,29261,卖盘
1223,11:03:21,29.92,--,3,8976,卖盘
1224,11:03:16,29.92,--,0,0,卖盘
1225,11:02:56,29.92,--,0,0,卖盘
1226,11:02:51,29.92,0.01,2,8018,买盘
1227,11:02:36,29.91,--,3,8973,卖盘
1228,11:02:26,29.91,--,2,5982,买盘
1229,11:02:11,29.91,-0.01,8,23928,卖盘
1230,11:02:06,29.92,--,4,11968,买盘
1231,11:01:51,29.92,0.01,32,95744,买盘
1232,11:01:45,29.91,0.01,8,23928,中性盘
1233,11:01:41,29.9,-0.02,30,89700,卖盘
1234,11:01:36,29.92,--,13,38896,买盘
1235,11:01:30,29.92,--,1,2992,买盘
1236,11:01:26,29.92,--,2,5984,买盘
1237,11:01:21,29.92,-0.02,28,83776,卖盘
1238,11:01:15,29.94,0.02,9,26946,买盘
1239,11:01:06,29.92,-0.02,11,32912,卖盘
1240,11:00:56,29.94,--,5,14970,买盘
1241,11:00:51,29.94,0.02,18,53892,买盘
1242,11:00:45,29.92,--,0,0,卖盘
1243,11:00:41,29.92,-0.02,2,5984,卖盘
1244,11:00:30,29.94,--,10,29940,买盘
1245,11:00:21,29.94,--,4,11976,买盘
1246,11:00:15,29.94,--,17,50898,卖盘
1247,11:00:06,29.94,-0.02,6,17964,卖盘
1248,11:00:00,29.96,-0.01,3,8988,买盘
1249,10:59:56,29.97,--,9,29220,卖盘
1250,10:59:35,29.97,--,37,111638,买盘
1251,10:59:30,29.97,0.03,5,14985,买盘
1252,10:59:26,29.94,-0.03,2,5988,卖盘
1253,10:59:21,29.97,--,1,2997,买盘
1254,10:59:00,29.97,--,30,89910,卖盘
1255,10:58:56,29.97,--,8,23976,卖盘
1256,10:58:45,29.97,0.02,41,122877,买盘
1257,10:58:41,29.95,-0.02,1,2995,卖盘
1258,10:58:36,29.97,0.03,18,53946,买盘
1259,10:58:30,29.94,--,36,107784,卖盘
1260,10:58:20,29.94,--,0,0,卖盘
1261,10:58:06,29.94,-0.03,50,149700,卖盘
1262,10:58:00,29.97,0.02,1,2997,买盘
1263,10:57:56,29.95,-0.02,9,26955,卖盘
1264,10:57:45,29.97,-0.01,73,218781,卖盘
1265,10:57:41,29.98,0.01,28,83944,买盘
1266,10:57:35,29.97,--,55,164835,卖盘
1267,10:57:30,29.97,-0.01,7,20979,卖盘
1268,10:57:20,29.98,0.02,6,17988,买盘
1269,10:57:15,29.96,-0.01,35,104860,卖盘
1270,10:57:11,29.97,--,87,260739,买盘
1271,10:57:00,29.97,-0.01,1,2997,中性盘
1272,10:56:50,29.98,0.02,37,110926,买盘
1273,10:56:45,29.96,-0.01,5,14980,卖盘
1274,10:56:41,29.97,0.01,5,14985,买盘
1275,10:56:35,29.96,--,2,5992,买盘
1276,10:56:30,29.96,--,20,59920,买盘
1277,10:56:20,29.96,--,48,143808,买盘
1278,10:56:09,29.96,--,22,65912,卖盘
1279,10:56:05,29.96,--,15,44940,卖盘
1280,10:56:00,29.96,0.01,18,53928,买盘
1281,10:55:54,29.95,--,16,47920,卖盘
1282,10:55:50,29.95,-0.01,20,59900,卖盘
1283,10:55:45,29.96,--,50,149800,买盘
1284,10:55:35,29.96,0.01,1,2996,买盘
1285,10:55:30,29.95,-0.01,27,80865,卖盘
1286,10:55:24,29.96,0.01,20,59920,买盘
1287,10:55:20,29.95,--,1,2995,卖盘
1288,10:55:15,29.95,0.03,16,47920,买盘
1289,10:55:09,29.92,-0.03,4,11968,卖盘
1290,10:54:54,29.95,--,50,149750,买盘
1291,10:54:39,29.95,0.03,14,41930,买盘
1292,10:54:30,29.92,0.02,2,5984,买盘
1293,10:54:24,29.9,0.02,1,2990,卖盘
1294,10:54:15,29.88,--,0,0,卖盘
1295,10:54:09,29.88,-0.07,2,5976,卖盘
1296,10:54:05,29.95,0.08,30,89850,买盘
1297,10:53:54,29.87,--,2,5974,卖盘
1298,10:53:50,29.87,-0.06,130,388310,卖盘
1299,10:53:45,29.93,0.06,5,14965,买盘
1300,10:53:35,29.87,-0.07,38,113506,卖盘
1301,10:53:29,29.94,0.03,3,8982,买盘
1302,10:53:14,29.91,--,4,11964,中性盘
1303,10:53:09,29.91,0.04,7,20937,买盘
1304,10:53:05,29.87,-0.04,1,2987,卖盘
1305,10:52:59,29.91,--,5,14955,买盘
1306,10:52:54,29.91,0.05,4,11964,买盘
1307,10:52:50,29.86,--,2,5972,卖盘
1308,10:52:35,29.86,-0.04,56,167216,卖盘
1309,10:52:29,29.9,0.04,83,248170,买盘
1310,10:52:20,29.86,--,15,44790,卖盘
1311,10:52:14,29.86,-0.04,2,5972,卖盘
1312,10:52:09,29.9,0.04,2,5980,买盘
1313,10:51:59,29.86,0.01,11,32846,买盘
1314,10:51:54,29.85,-0.01,29,86565,卖盘
1315,10:51:39,29.86,0.01,51,152286,买盘
1316,10:51:29,29.85,-0.05,30,89550,卖盘
1317,10:51:24,29.9,0.04,60,179400,买盘
1318,10:51:14,29.86,--,14,41804,买盘
1319,10:51:09,29.86,--,3,8958,买盘
1320,10:50:59,29.86,--,82,244852,卖盘
1321,10:50:50,29.86,--,35,104510,中性盘
1322,10:50:39,29.86,--,11,32846,买盘
1323,10:50:35,29.86,-0.02,4,11944,买盘
1324,10:50:29,29.88,-0.02,20,59760,卖盘
1325,10:50:24,29.9,0.01,3,8970,买盘
1326,10:50:14,29.89,0.04,19,56791,买盘
1327,10:50:09,29.85,-0.03,30,89550,卖盘
1328,10:50:04,29.88,--,7,20916,卖盘
1329,10:49:59,29.88,--,61,182268,买盘
1330,10:49:54,29.88,0.01,10,29880,买盘
1331,10:49:44,29.87,--,1,2987,卖盘
1332,10:49:39,29.87,--,13,38831,卖盘
1333,10:49:35,29.87,-0.01,7,20909,卖盘
1334,10:49:29,29.88,--,41,122508,买盘
1335,10:49:24,29.88,--,14,41832,买盘
1336,10:49:09,29.88,-0.02,224,669312,卖盘
1337,10:49:03,29.9,--,8,23920,买盘
1338,10:48:54,29.9,--,37,110630,买盘
1339,10:48:48,29.9,--,2,5980,买盘
1340,10:48:44,29.9,-0.01,43,128570,卖盘
1341,10:48:39,29.91,--,7,20937,卖盘
1342,10:48:29,29.91,-0.02,58,173478,卖盘
1343,10:48:14,29.93,0.02,47,140671,买盘
1344,10:48:09,29.91,0.01,5,14955,买盘
1345,10:48:03,29.9,-0.01,6,17940,卖盘
1346,10:47:54,29.91,0.01,10,29910,买盘
1347,10:47:48,29.9,--,60,179400,卖盘
1348,10:47:33,29.9,--,0,0,卖盘
1349,10:47:29,29.9,-0.03,96,287040,卖盘
1350,10:47:18,29.93,0.02,1,2993,买盘
1351,10:47:14,29.91,--,0,0,中性盘
1352,10:47:09,29.91,-0.02,5,14955,卖盘
1353,10:46:54,29.93,0.01,19,56867,买盘
1354,10:46:48,29.92,--,84,251328,卖盘
1355,10:46:39,29.92,--,0,0,卖盘
1356,10:46:33,29.92,--,0,0,卖盘
1357,10:46:18,29.92,--,10,29920,卖盘
1358,10:46:03,29.92,--,6,17952,卖盘
1359,10:45:48,29.92,--,4,11968,卖盘
1360,10:45:38,29.92,--,3,8976,卖盘
1361,10:45:23,29.92,0.02,18,53856,买盘
1362,10:45:18,29.9,--,6,17940,卖盘
1363,10:45:14,29.9,--,22,65780,卖盘
1364,10:45:03,29.9,-0.02,2,5980,卖盘
1365,10:44:53,29.92,--,8,23936,卖盘
1366,10:44:48,29.92,--,98,293216,卖盘
1367,10:44:38,29.92,--,12,35904,卖盘
1368,10:44:33,29.92,-0.03,2,5984,卖盘
1369,10:44:23,29.95,0.03,10,29950,买盘
1370,10:44:18,29.92,-0.03,17,50864,卖盘
1371,10:44:14,29.95,--,0,0,买盘
1372,10:44:08,29.95,0.03,7,20965,买盘
1373,10:44:03,29.92,-0.03,26,77792,中性盘
1374,10:43:38,29.95,--,35,105573,卖盘
1375,10:43:33,29.95,--,16,47920,卖盘
1376,10:43:29,29.95,--,10,29950,卖盘
1377,10:43:23,29.95,--,26,77870,卖盘
1378,10:43:18,29.95,--,7,20965,卖盘
1379,10:43:08,29.95,--,38,113810,卖盘
1380,10:43:03,29.95,--,37,110815,卖盘
1381,10:42:59,29.95,--,2,5990,卖盘
1382,10:42:53,29.95,--,10,29950,卖盘
1383,10:42:48,29.95,--,131,394591,卖盘
1384,10:42:43,29.95,--,20,59900,卖盘
1385,10:42:38,29.95,--,1,2995,卖盘
1386,10:42:33,29.95,--,6,17970,卖盘
1387,10:42:28,29.95,--,50,149750,卖盘
1388,10:42:23,29.95,--,18,53910,卖盘
1389,10:42:18,29.95,--,116,347420,卖盘
1390,10:42:08,29.95,--,41,122795,卖盘
1391,10:42:03,29.95,--,45,134775,卖盘
1392,10:41:53,29.95,-0.01,99,296505,卖盘
1393,10:41:48,29.96,--,7,20972,卖盘
1394,10:41:43,29.96,0.01,8,23968,买盘
1395,10:41:38,29.95,-0.02,21,62895,卖盘
1396,10:41:33,29.97,--,4,11988,买盘
1397,10:41:27,29.97,-0.01,10,29970,卖盘
1398,10:41:23,29.98,--,1,2998,买盘
1399,10:41:18,29.98,-0.02,140,421968,卖盘
1400,10:41:12,30.0,--,10,30000,卖盘
1401,10:41:08,30.0,--,12,36000,卖盘
1402,10:40:57,30.0,--,25,75000,卖盘
1403,10:40:48,30.0,-0.01,11,33000,卖盘
1404,10:40:42,30.01,0.01,7,21007,买盘
1405,10:40:38,30.0,--,5,15000,卖盘
1406,10:40:33,30.0,--,6,18000,卖盘
1407,10:40:27,30.0,0.02,226,678750,买盘
1408,10:40:23,29.98,-0.02,2,5996,卖盘
1409,10:40:18,30.0,0.02,18,54000,买盘
1410,10:40:12,29.98,-0.02,32,95936,卖盘
1411,10:40:03,30.0,--,6,18000,买盘
1412,10:39:57,30.0,--,176,530250,卖盘
1413,10:39:53,30.0,-0.01,100,300000,卖盘
1414,10:39:48,30.01,--,10,30010,卖盘
1415,10:39:42,30.01,0.01,1,3001,中性盘
1416,10:39:38,30.0,-0.01,359,1077750,卖盘
1417,10:39:23,30.01,--,0,0,卖盘
1418,10:39:17,30.01,-0.02,131,393131,卖盘
1419,10:39:02,30.03,0.02,2,6006,买盘
1420,10:38:47,30.01,--,8,24008,卖盘
1421,10:38:42,30.01,--,11,33011,卖盘
1422,10:38:38,30.01,-0.02,8,24008,卖盘
1423,10:38:32,30.03,0.02,51,153153,买盘
1424,10:38:23,30.01,--,2,6002,卖盘
1425,10:38:17,30.01,-0.01,6,18006,卖盘
1426,10:38:12,30.02,--,10,30020,卖盘
1427,10:38:02,30.02,-0.01,30,90060,卖盘
1428,10:37:57,30.03,0.01,5,15015,买盘
1429,10:37:53,30.02,-0.01,2,6004,卖盘
1430,10:37:47,30.03,0.01,22,66066,买盘
1431,10:37:38,30.02,--,10,30020,卖盘
1432,10:37:32,30.02,--,19,57038,卖盘
1433,10:37:23,30.02,--,5,15010,卖盘
1434,10:37:02,30.02,--,16,48032,卖盘
1435,10:36:57,30.02,--,63,189126,卖盘
1436,10:36:47,30.02,--,48,144096,卖盘
1437,10:36:42,30.02,--,15,45030,卖盘
1438,10:36:32,30.02,--,6,18012,卖盘
1439,10:36:27,30.02,--,10,30020,卖盘
1440,10:36:23,30.02,-0.01,1,3002,卖盘
1441,10:36:17,30.03,0.01,1,3003,买盘
1442,10:36:12,30.02,--,6,18012,卖盘
1443,10:36:07,30.02,--,47,141094,卖盘
1444,10:36:02,30.02,-0.01,8,24016,卖盘
1445,10:35:57,30.03,--,19,57057,买盘
1446,10:35:52,30.03,0.01,2,6006,买盘
1447,10:35:47,30.02,-0.02,597,1792194,卖盘
1448,10:35:42,30.04,0.01,22,66088,买盘
1449,10:35:37,30.03,-0.01,2,6006,卖盘
1450,10:35:32,30.04,--,9,27036,买盘
1451,10:35:27,30.04,--,10,30040,买盘
1452,10:35:17,30.04,0.01,1,3004,买盘
1453,10:35:12,30.03,--,3,9009,卖盘
1454,10:35:07,30.03,--,3,9009,卖盘
1455,10:35:02,30.03,--,8,24024,卖盘
1456,10:34:57,30.03,-0.01,4,12012,卖盘
1457,10:34:47,30.04,--,17,51068,买盘
1458,10:34:42,30.04,--,4,12016,买盘
1459,10:34:32,30.04,0.01,1,3004,买盘
1460,10:34:27,30.03,--,4,12012,卖盘
1461,10:34:22,30.03,--,14,42042,卖盘
1462,10:34:17,30.03,0.01,111,333333,买盘
1463,10:34:12,30.02,--,18,54036,卖盘
1464,10:34:07,30.02,--,39,117078,卖盘
1465,10:34:02,30.02,--,1,3002,卖盘
1466,10:33:57,30.02,-0.01,3,9006,卖盘
1467,10:33:51,30.03,0.01,53,159159,买盘
1468,10:33:47,30.02,-0.01,5,15010,卖盘
1469,10:33:42,30.03,-0.01,209,627627,卖盘
1470,10:33:36,30.04,--,1,3004,卖盘
1471,10:33:32,30.04,--,6,18024,卖盘
1472,10:33:27,30.04,--,1,3004,卖盘
1473,10:33:21,30.04,--,8,24032,卖盘
1474,10:33:17,30.04,--,38,114152,卖盘
1475,10:33:12,30.04,--,15,45060,卖盘
1476,10:33:06,30.04,-0.04,8,24032,卖盘
1477,10:33:02,30.08,0.03,2,6016,买盘
1478,10:32:57,30.05,0.01,5,15025,中性盘
1479,10:32:51,30.04,--,36,108144,卖盘
1480,10:32:41,30.04,--,10,30040,卖盘
1481,10:32:36,30.04,-0.06,20,60080,卖盘
1482,10:32:26,30.1,0.02,9,27090,买盘
1483,10:32:21,30.08,-0.03,3,9024,卖盘
1484,10:32:17,30.11,0.01,7,21077,买盘
1485,10:32:11,30.1,--,122,367220,卖盘
1486,10:32:06,30.1,--,40,120400,卖盘
1487,10:32:01,30.1,--,20,60200,卖盘
1488,10:31:56,30.1,--,6,18060,卖盘
1489,10:31:51,30.1,--,23,69230,卖盘
1490,10:31:46,30.1,0.02,3,9030,卖盘
1491,10:31:41,30.08,-0.02,8,24064,卖盘
1492,10:31:36,30.1,--,14,42140,卖盘
1493,10:31:31,30.1,--,64,192640,买盘
1494,10:31:26,30.1,--,1,3010,买盘
1495,10:31:21,30.1,--,4,12040,买盘
1496,10:31:16,30.1,-0.02,26,78260,卖盘
1497,10:31:11,30.12,--,1,3012,卖盘
1498,10:31:06,30.12,-0.04,127,382524,卖盘
1499,10:31:01,30.16,0.06,9,27144,买盘
1500,10:30:56,30.1,--,13,39130,卖盘
1501,10:30:51,30.1,--,13,39130,卖盘
1502,10:30:46,30.1,--,8,24080,卖盘
1503,10:30:41,30.1,0.12,331,996310,买盘
1504,10:30:36,29.98,-0.01,31,92938,卖盘
1505,10:30:31,29.99,--,2,5998,中性盘
1506,10:30:26,29.99,--,17,50983,买盘
1507,10:30:21,29.99,0.01,19,56981,买盘
1508,10:30:16,29.98,-0.01,4,11992,卖盘
1509,10:30:11,29.99,--,5,14995,买盘
1510,10:30:06,29.99,--,0,0,买盘
1511,10:29:56,29.99,0.03,46,137954,买盘
1512,10:29:51,29.96,--,18,53928,买盘
1513,10:29:41,29.96,0.01,3,8988,买盘
1514,10:29:36,29.95,-0.01,40,119800,卖盘
1515,10:29:26,29.96,0.01,6,17976,买盘
1516,10:29:21,29.95,--,13,38935,卖盘
1517,10:29:16,29.95,--,2,5990,买盘
1518,10:29:06,29.95,0.05,30,89850,买盘
1519,10:28:56,29.9,-0.05,7,20930,卖盘
1520,10:28:51,29.95,0.01,10,29950,买盘
1521,10:28:46,29.94,0.04,10,29940,买盘
1522,10:28:41,29.9,-0.04,5,14950,中性盘
1523,10:28:36,29.94,0.04,5,14970,买盘
1524,10:28:31,29.9,--,1,2990,中性盘
1525,10:28:26,29.9,--,17,50830,卖盘
1526,10:28:21,29.9,--,10,29900,中性盘
1527,10:28:16,29.9,0.01,4,11960,卖盘
1528,10:28:11,29.89,-0.01,20,59780,卖盘
1529,10:28:06,29.9,0.01,32,95680,买盘
1530,10:28:01,29.89,-0.01,3,8967,卖盘
1531,10:27:56,29.9,--,0,0,买盘
1532,10:27:51,29.9,--,18,53820,买盘
1533,10:27:46,29.9,0.01,4,11960,买盘
1534,10:27:41,29.89,-0.01,10,29890,卖盘
1535,10:27:36,29.9,--,73,218270,买盘
1536,10:27:31,29.9,--,6,17940,买盘
1537,10:27:26,29.9,--,29,86710,买盘
1538,10:27:21,29.9,--,202,603980,卖盘
1539,10:27:16,29.9,-0.01,18,53820,卖盘
1540,10:27:11,29.91,--,6,17946,卖盘
1541,10:27:06,29.91,0.01,10,29910,买盘
1542,10:27:01,29.9,--,5,14950,卖盘
1543,10:26:56,29.9,--,41,122590,卖盘
1544,10:26:51,29.9,--,303,905970,买盘
1545,10:26:46,29.9,0.07,24,71760,买盘
1546,10:26:41,29.83,-0.07,31,92473,卖盘
1547,10:26:36,29.9,0.06,14,41860,买盘
1548,10:26:30,29.84,-0.05,89,265576,卖盘
1549,10:26:26,29.89,-0.01,15,44835,中性盘
1550,10:26:21,29.9,--,12,35880,买盘
1551,10:26:15,29.9,--,10,29900,买盘
1552,10:26:06,29.9,--,24,71760,买盘
1553,10:26:00,29.9,0.01,51,152490,买盘
1554,10:25:56,29.89,0.04,16,47824,买盘
1555,10:25:50,29.85,--,0,0,中性盘
1556,10:25:45,29.85,0.02,3,8955,买盘
1557,10:25:41,29.83,0.01,2,5966,买盘
1558,10:25:35,29.82,--,4,11928,卖盘
1559,10:25:30,29.82,--,2,5964,卖盘
1560,10:25:26,29.82,--,4,11928,卖盘
1561,10:25:20,29.82,0.01,195,581937,买盘
1562,10:25:11,29.81,--,4,11924,卖盘
1563,10:25:05,29.81,--,54,160974,卖盘
1564,10:25:00,29.81,--,4,11924,卖盘
1565,10:24:55,29.81,--,21,62601,买盘
1566,10:24:50,29.81,0.01,20,59620,买盘
1567,10:24:45,29.8,0.01,10,29800,买盘
1568,10:24:35,29.79,--,8,23832,卖盘
1569,10:24:30,29.79,0.1,32,95328,买盘
1570,10:24:25,29.69,-0.06,1,2969,卖盘
1571,10:24:20,29.75,-0.05,2,5950,买盘
1572,10:24:15,29.8,--,0,0,买盘
1573,10:24:05,29.8,--,10,29800,买盘
1574,10:24:00,29.8,--,0,0,买盘
1575,10:23:55,29.8,0.11,15,44700,买盘
1576,10:23:50,29.69,0.07,4,11876,中性盘
1577,10:23:45,29.62,-0.02,134,396908,卖盘
1578,10:23:40,29.64,--,0,0,卖盘
1579,10:23:35,29.64,--,8,23712,卖盘
1580,10:23:30,29.64,0.04,13,38532,买盘
1581,10:23:25,29.6,--,114,337440,卖盘
1582,10:23:20,29.6,--,41,121360,卖盘
1583,10:23:15,29.6,0.04,501,1482960,买盘
1584,10:23:10,29.56,--,62,183272,卖盘
1585,10:23:05,29.56,-0.04,315,931140,卖盘
1586,10:23:00,29.6,--,23,68080,买盘
1587,10:22:50,29.6,-0.08,22,65120,买盘
1588,10:22:45,29.68,0.18,134,397712,卖盘
1589,10:22:40,29.5,--,0,0,卖盘
1590,10:22:35,29.5,--,0,0,卖盘
1591,10:22:30,29.5,-0.31,1288,3801871,卖盘
1592,10:22:25,29.81,0.11,5,14905,买盘
1593,10:22:20,29.7,--,0,0,买盘
1594,10:22:15,29.7,-0.12,251,746153,卖盘
1595,10:22:10,29.82,0.01,5,14910,买盘
1596,10:22:05,29.81,-0.01,120,357720,卖盘
1597,10:22:00,29.82,-0.02,22,68138,卖盘
1598,10:21:50,29.84,--,4,11936,买盘
1599,10:21:45,29.84,-0.01,1,2984,买盘
1600,10:21:40,29.85,-0.01,3,8955,卖盘
1601,10:21:35,29.86,0.04,10,29860,买盘
1602,10:21:30,29.82,-0.03,9,27732,卖盘
1603,10:21:20,29.85,--,41,122385,买盘
1604,10:21:15,29.85,0.03,37,111101,买盘
1605,10:21:05,29.82,--,6,17892,卖盘
1606,10:21:00,29.82,--,15,46817,卖盘
1607,10:20:50,29.82,--,24,71568,卖盘
1608,10:20:45,29.82,0.01,18,56449,卖盘
1609,10:20:40,29.81,--,0,0,卖盘
1610,10:20:35,29.81,--,51,152031,卖盘
1611,10:20:30,29.81,--,19,56937,卖盘
1612,10:20:20,29.81,--,9,26829,卖盘
1613,10:20:15,29.81,0.01,46,139123,买盘
1614,10:20:05,29.8,-0.02,40,120183,卖盘
1615,10:20:00,29.82,-0.03,8,23856,中性盘
1616,10:19:55,29.85,0.04,21,62685,买盘
1617,10:19:50,29.81,-0.01,61,181841,卖盘
1618,10:19:45,29.82,--,1,4979,买盘
1619,10:19:40,29.82,-0.03,16,48696,卖盘
1620,10:19:35,29.85,--,78,232830,买盘
1621,10:19:30,29.85,--,55,164175,买盘
1622,10:19:25,29.85,--,36,107460,买盘
1623,10:19:20,29.85,--,3,8955,买盘
1624,10:19:15,29.85,-0.06,422,1260177,卖盘
1625,10:19:10,29.91,0.02,45,137077,中性盘
1626,10:19:05,29.89,--,0,0,卖盘
1627,10:19:00,29.89,0.01,110,328790,卖盘
1628,10:18:54,29.88,0.01,103,307764,中性盘
1629,10:18:50,29.87,-0.02,54,161298,卖盘
1630,10:18:45,29.89,0.02,109,325801,买盘
1631,10:18:39,29.87,0.01,241,719867,买盘
1632,10:18:35,29.86,0.01,2,5972,中性盘
1633,10:18:24,29.85,-0.03,405,1208925,卖盘
1634,10:18:20,29.88,--,15,44820,买盘
1635,10:18:14,29.88,0.03,11,32868,买盘
1636,10:18:09,29.85,--,0,0,卖盘
1637,10:18:05,29.85,-0.03,5,14925,卖盘
1638,10:17:59,29.88,0.03,36,107568,买盘
1639,10:17:54,29.85,--,35,104475,买盘
1640,10:17:44,29.85,0.01,12,35820,买盘
1641,10:17:39,29.84,0.03,2,5968,卖盘
1642,10:17:34,29.81,--,4,13921,买盘
1643,10:17:29,29.81,-0.04,76,227539,卖盘
1644,10:17:24,29.85,--,2,5970,买盘
1645,10:17:19,29.85,0.01,11,32835,买盘
1646,10:17:14,29.84,-0.01,44,131296,卖盘
1647,10:17:09,29.85,-0.02,157,468645,卖盘
1648,10:17:04,29.87,0.02,2,5974,买盘
1649,10:16:59,29.85,--,8,23880,卖盘
1650,10:16:54,29.85,-0.02,12,35820,卖盘
1651,10:16:49,29.87,--,2,5974,买盘
1652,10:16:44,29.87,--,3,8961,买盘
1653,10:16:29,29.87,-0.01,12,35844,卖盘
1654,10:16:24,29.88,--,4,11952,买盘
1655,10:16:14,29.88,-0.02,190,567720,卖盘
1656,10:16:09,29.9,--,93,278070,买盘
1657,10:16:04,29.9,--,5,14950,买盘
1658,10:15:59,29.9,--,43,128570,买盘
1659,10:15:54,29.9,--,14,41860,买盘
1660,10:15:44,29.9,--,1,2990,买盘
1661,10:15:39,29.9,--,4,11960,买盘
1662,10:15:34,29.9,--,20,59800,买盘
1663,10:15:29,29.9,--,40,119600,卖盘
1664,10:15:24,29.9,--,6,17940,买盘
1665,10:15:19,29.9,--,9,26910,买盘
1666,10:15:09,29.9,0.02,20,59800,买盘
1667,10:15:04,29.88,--,2,5976,买盘
1668,10:14:59,29.88,0.03,20,59760,买盘
1669,10:14:54,29.85,0.01,26,77610,卖盘
1670,10:14:49,29.84,--,0,0,卖盘
1671,10:14:44,29.84,--,5,14920,卖盘
1672,10:14:39,29.84,0.04,142,425727,买盘
1673,10:14:29,29.8,0.15,5,14900,中性盘
1674,10:14:24,29.65,-0.13,659,1955032,卖盘
1675,10:14:19,29.78,--,79,235262,卖盘
1676,10:14:14,29.78,0.01,34,101252,买盘
1677,10:14:09,29.77,--,42,125034,买盘
1678,10:14:04,29.77,0.02,4,11908,买盘
1679,10:13:59,29.75,-0.02,6,17850,卖盘
1680,10:13:54,29.77,--,10,29770,买盘
1681,10:13:49,29.77,-0.01,105,312585,卖盘
1682,10:13:39,29.78,--,25,74450,买盘
1683,10:13:24,29.78,-0.02,1,2978,卖盘
1684,10:13:19,29.8,--,4,11920,买盘
1685,10:13:14,29.8,--,12,35760,买盘
1686,10:13:09,29.8,--,26,77480,卖盘
1687,10:13:04,29.8,-0.01,2,5960,卖盘
1688,10:12:59,29.81,--,6,17886,买盘
1689,10:12:54,29.81,--,2,5962,买盘
1690,10:12:49,29.81,-0.03,11,32791,卖盘
1691,10:12:39,29.84,--,10,29840,买盘
1692,10:12:34,29.84,-0.02,79,236720,卖盘
1693,10:12:29,29.86,--,4,11944,卖盘
1694,10:12:19,29.86,-0.02,10,29860,卖盘
1695,10:12:09,29.88,0.02,17,50796,买盘
1696,10:12:04,29.86,--,0,0,卖盘
1697,10:11:59,29.86,-0.02,10,29860,卖盘
1698,10:11:54,29.88,--,29,86652,卖盘
1699,10:11:49,29.88,0.02,79,236052,买盘
1700,10:11:44,29.86,--,9,26874,卖盘
1701,10:11:38,29.86,--,27,80622,卖盘
1702,10:11:34,29.86,--,20,59720,卖盘
1703,10:11:29,29.86,-0.02,22,65692,卖盘
1704,10:11:23,29.88,0.02,11,32868,买盘
1705,10:11:19,29.86,-0.03,27,80622,卖盘
1706,10:11:08,29.89,-0.01,2,5978,卖盘
1707,10:11:04,29.9,-0.03,403,1204970,卖盘
1708,10:10:59,29.93,-0.02,85,254405,卖盘
1709,10:10:53,29.95,0.01,13,38935,买盘
1710,10:10:48,29.94,--,1,2994,卖盘
1711,10:10:44,29.94,-0.01,2,5988,卖盘
1712,10:10:38,29.95,0.01,55,164725,买盘
1713,10:10:33,29.94,-0.01,83,248502,卖盘
1714,10:10:29,29.95,--,22,65890,卖盘
1715,10:10:23,29.95,--,53,158735,买盘
1716,10:10:18,29.95,--,3,8985,买盘
1717,10:10:14,29.95,-0.01,61,182695,卖盘
1718,10:10:08,29.96,--,35,104860,买盘
1719,10:10:03,29.96,0.01,3,8988,买盘
1720,10:09:59,29.95,--,6,17970,卖盘
1721,10:09:53,29.95,--,5,14975,卖盘
1722,10:09:48,29.95,--,19,56905,卖盘
1723,10:09:38,29.95,-0.02,69,206655,卖盘
1724,10:09:33,29.97,--,73,218781,买盘
1725,10:09:28,29.97,--,3,8991,买盘
1726,10:09:23,29.97,-0.01,65,194805,卖盘
1727,10:09:18,29.98,--,34,101932,买盘
1728,10:09:13,29.98,--,27,80946,买盘
1729,10:09:08,29.98,0.02,27,80946,买盘
1730,10:09:03,29.96,-0.02,35,104860,卖盘
1731,10:08:58,29.98,--,50,149900,买盘
1732,10:08:53,29.98,--,10,29980,买盘
1733,10:08:48,29.98,-0.02,21,62958,买盘
1734,10:08:43,30.0,--,0,0,买盘
1735,10:08:38,30.0,0.05,11,33000,买盘
1736,10:08:33,29.95,-0.05,57,170715,卖盘
1737,10:08:28,30.0,0.04,58,174000,买盘
1738,10:08:23,29.96,-0.04,23,68908,卖盘
1739,10:08:18,30.0,--,4,12000,买盘
1740,10:08:13,30.0,0.05,263,789000,买盘
1741,10:08:08,29.95,-0.04,92,275540,卖盘
1742,10:08:03,29.99,0.03,4,11996,卖盘
1743,10:07:58,29.96,--,0,0,卖盘
1744,10:07:53,29.96,-0.02,191,572236,卖盘
1745,10:07:48,29.98,-0.01,33,98934,中性盘
1746,10:07:43,29.99,0.03,10,29990,买盘
1747,10:07:38,29.96,0.03,13,38948,中性盘
1748,10:07:33,29.93,-0.03,3,8979,卖盘
1749,10:07:28,29.96,--,139,416444,买盘
1750,10:07:23,29.96,--,56,167776,买盘
1751,10:07:18,29.96,--,0,0,买盘
1752,10:07:13,29.96,--,2,5992,买盘
1753,10:07:08,29.96,--,25,74900,买盘
1754,10:07:03,29.96,-0.01,142,425432,卖盘
1755,10:06:58,29.97,0.01,15,44955,买盘
1756,10:06:48,29.96,--,26,77896,卖盘
1757,10:06:38,29.96,0.02,101,302596,买盘
1758,10:06:33,29.94,--,57,170658,卖盘
1759,10:06:28,29.94,-0.02,10,29940,卖盘
1760,10:06:23,29.96,0.02,14,41944,买盘
1761,10:06:18,29.94,--,23,68862,卖盘
1762,10:06:13,29.94,0.01,2,5988,买盘
1763,10:06:08,29.93,--,2,5986,卖盘
1764,10:05:58,29.93,0.01,48,143664,买盘
1765,10:05:48,29.92,-0.01,24,71808,中性盘
1766,10:05:43,29.93,0.01,46,137678,买盘
1767,10:05:33,29.92,0.01,2,5984,买盘
1768,10:05:28,29.91,--,1,2991,卖盘
1769,10:05:18,29.91,--,11,32901,卖盘
1770,10:05:13,29.91,0.01,284,849444,中性盘
1771,10:05:07,29.9,-0.01,182,544180,卖盘
1772,10:05:02,29.91,--,7,20937,买盘
1773,10:04:47,29.91,0.05,11,32901,买盘
1774,10:04:43,29.86,-0.05,78,232908,卖盘
1775,10:04:37,29.91,--,42,125622,卖盘
1776,10:04:32,29.91,-0.01,48,143568,卖盘
1777,10:04:28,29.92,0.01,10,29920,卖盘
1778,10:04:22,29.91,--,0,0,卖盘
1779,10:04:17,29.91,-0.01,9,26919,卖盘
1780,10:04:13,29.92,0.01,32,95744,买盘
1781,10:04:02,29.91,--,10,29910,卖盘
1782,10:03:58,29.91,0.04,224,671987,买盘
1783,10:03:52,29.87,--,54,161298,卖盘
1784,10:03:47,29.87,-0.03,98,292726,中性盘
1785,10:03:42,29.9,--,0,0,买盘
1786,10:03:32,29.9,--,43,128570,买盘
1787,10:03:28,29.9,--,42,126686,卖盘
1788,10:03:17,29.9,--,14,41860,卖盘
1789,10:03:13,29.9,--,19,56810,卖盘
1790,10:03:07,29.9,-0.01,4,13843,卖盘
1791,10:03:02,29.91,-0.01,22,65802,卖盘
1792,10:02:57,29.92,--,13,38896,买盘
1793,10:02:52,29.92,--,21,62832,买盘
1794,10:02:47,29.92,--,70,209440,卖盘
1795,10:02:42,29.92,--,24,71808,卖盘
1796,10:02:32,29.92,0.02,111,332112,买盘
1797,10:02:27,29.9,-0.02,21,62790,卖盘
1798,10:02:22,29.92,0.02,18,53856,买盘
1799,10:02:17,29.9,--,15,44850,买盘
1800,10:02:12,29.9,--,7,20930,买盘
1801,10:02:07,29.9,0.04,5,14950,买盘
1802,10:02:02,29.86,--,20,59720,卖盘
1803,10:01:57,29.86,0.08,53,158258,买盘
1804,10:01:52,29.78,0.01,10,29780,买盘
1805,10:01:47,29.77,--,22,65494,买盘
1806,10:01:42,29.77,0.04,42,125034,买盘
1807,10:01:37,29.73,-0.02,100,297300,卖盘
1808,10:01:32,29.75,0.01,7,20825,买盘
1809,10:01:27,29.74,0.01,11,32714,买盘
1810,10:01:17,29.73,0.02,16,47568,买盘
1811,10:01:12,29.71,0.01,17,50507,中性盘
1812,10:01:07,29.7,--,7,20790,卖盘
1813,10:01:02,29.7,0.01,15,44550,买盘
1814,10:00:47,29.69,0.01,10,29690,买盘
1815,10:00:42,29.68,0.01,3,8904,买盘
1816,10:00:37,29.67,--,7,21599,买盘
1817,10:00:32,29.67,0.02,19,56373,买盘
1818,10:00:27,29.65,-0.01,74,219410,卖盘
1819,10:00:22,29.66,0.01,3,8898,中性盘
1820,10:00:17,29.65,--,14,41510,卖盘
1821,10:00:12,29.65,0.04,109,324667,买盘
1822,10:00:07,29.61,-0.02,206,609966,卖盘
1823,10:00:02,29.63,0.01,32,94816,买盘
1824,09:59:57,29.62,0.01,15,44430,买盘
1825,09:59:52,29.61,--,54,159894,买盘
1826,09:59:47,29.61,--,56,165816,买盘
1827,09:59:42,29.61,-0.02,261,772821,卖盘
1828,09:59:37,29.63,--,17,50371,买盘
1829,09:59:32,29.63,--,72,213336,买盘
1830,09:59:27,29.63,0.02,265,785195,买盘
1831,09:59:22,29.61,-0.02,18,53298,卖盘
1832,09:59:16,29.63,0.01,19,56297,买盘
1833,09:59:12,29.62,0.01,17,50354,买盘
1834,09:59:07,29.61,0.01,69,207121,买盘
1835,09:59:01,29.6,0.03,18,53428,卖盘
1836,09:58:57,29.57,--,70,209799,卖盘
1837,09:58:52,29.57,--,87,257259,买盘
1838,09:58:46,29.57,-0.02,23,68011,卖盘
1839,09:58:42,29.59,-0.01,49,144991,中性盘
1840,09:58:37,29.6,--,238,704480,买盘
1841,09:58:31,29.6,0.02,15,44400,买盘
1842,09:58:27,29.58,-0.02,37,109446,卖盘
1843,09:58:22,29.6,0.01,45,133200,买盘
1844,09:58:16,29.59,-0.01,63,186564,卖盘
1845,09:58:12,29.6,--,26,78440,卖盘
1846,09:58:07,29.6,--,147,435120,卖盘
1847,09:58:01,29.6,0.03,151,448292,买盘
1848,09:57:57,29.57,-0.02,109,322313,卖盘
1849,09:57:52,29.59,-0.01,1,2959,卖盘
1850,09:57:46,29.6,--,118,349280,买盘
1851,09:57:42,29.6,-0.01,354,1047840,卖盘
1852,09:57:37,29.61,-0.01,74,219114,卖盘
1853,09:57:31,29.62,-0.01,178,527236,卖盘
1854,09:57:26,29.63,0.01,89,263707,买盘
1855,09:57:22,29.62,--,12,35544,卖盘
1856,09:57:16,29.62,-0.01,107,316934,卖盘
1857,09:57:11,29.63,-0.02,50,148150,卖盘
1858,09:57:07,29.65,-0.01,110,326150,卖盘
1859,09:57:01,29.66,--,15,44490,卖盘
1860,09:56:56,29.66,-0.01,48,142368,卖盘
1861,09:56:52,29.67,--,92,275100,卖盘
1862,09:56:46,29.67,-0.01,149,442913,卖盘
1863,09:56:41,29.68,--,21,62328,卖盘
1864,09:56:37,29.68,-0.02,18,53424,卖盘
1865,09:56:26,29.7,-0.02,518,1538460,卖盘
1866,09:56:22,29.72,0.01,28,83216,买盘
1867,09:56:16,29.71,-0.01,43,129387,卖盘
1868,09:56:11,29.72,-0.01,248,737056,卖盘
1869,09:56:07,29.73,-0.02,44,130812,卖盘
1870,09:56:01,29.75,0.01,132,392700,买盘
1871,09:55:56,29.74,--,33,98142,卖盘
1872,09:55:51,29.74,--,48,142752,卖盘
1873,09:55:46,29.74,-0.01,1,2974,卖盘
1874,09:55:41,29.75,--,1,2975,买盘
1875,09:55:36,29.75,0.01,10,29750,买盘
1876,09:55:31,29.74,-0.01,57,169518,卖盘
1877,09:55:26,29.75,0.01,86,257188,买盘
1878,09:55:21,29.74,--,17,50558,买盘
1879,09:55:16,29.74,--,15,44610,买盘
1880,09:55:11,29.74,--,14,41636,买盘
1881,09:55:06,29.74,-0.02,382,1136068,卖盘
1882,09:54:56,29.76,--,7,20832,卖盘
1883,09:54:51,29.76,0.01,57,169632,买盘
1884,09:54:46,29.75,-0.01,15,44625,卖盘
1885,09:54:41,29.76,--,5,14880,买盘
1886,09:54:36,29.76,--,15,44640,买盘
1887,09:54:31,29.76,0.01,1,2976,买盘
1888,09:54:26,29.75,-0.01,28,83300,卖盘
1889,09:54:21,29.76,0.01,31,92256,中性盘
1890,09:54:16,29.75,-0.01,32,95200,卖盘
1891,09:54:11,29.76,--,172,511872,卖盘
1892,09:54:01,29.76,-0.03,18,53568,卖盘
1893,09:53:56,29.79,0.03,13,38727,买盘
1894,09:53:51,29.76,0.01,10,29760,卖盘
1895,09:53:46,29.75,-0.01,10,29750,卖盘
1896,09:53:41,29.76,0.01,8,23808,买盘
1897,09:53:36,29.75,-0.01,6,17850,卖盘
1898,09:53:31,29.76,0.01,5,14880,买盘
1899,09:53:26,29.75,-0.04,1,2975,卖盘
1900,09:53:21,29.79,--,17,50643,买盘
1901,09:53:16,29.79,--,5,14895,买盘
1902,09:53:10,29.79,--,12,35748,买盘
1903,09:53:06,29.79,-0.01,241,719577,卖盘
1904,09:53:01,29.8,0.01,28,84781,买盘
1905,09:52:51,29.79,--,31,92349,买盘
1906,09:52:46,29.79,0.01,35,104265,买盘
1907,09:52:36,29.78,--,122,363316,卖盘
1908,09:52:31,29.78,-0.01,4,11912,卖盘
1909,09:52:25,29.79,0.01,5,14895,买盘
1910,09:52:21,29.78,--,7,20846,卖盘
1911,09:52:16,29.78,0.03,129,384162,中性盘
1912,09:52:10,29.75,-0.02,70,208250,卖盘
1913,09:52:06,29.77,-0.02,27,80379,卖盘
1914,09:52:01,29.79,0.01,107,318753,买盘
1915,09:51:51,29.78,-0.01,64,190592,卖盘
1916,09:51:40,29.79,0.01,2,5958,买盘
1917,09:51:35,29.78,--,26,77428,卖盘
1918,09:51:31,29.78,--,17,50626,卖盘
1919,09:51:25,29.78,--,33,98274,卖盘
1920,09:51:20,29.78,-0.01,30,89340,卖盘
1921,09:51:16,29.79,--,27,80433,买盘
1922,09:51:10,29.79,--,6,17874,买盘
1923,09:51:05,29.79,0.01,35,104265,买盘
1924,09:51:01,29.78,-0.01,152,452656,卖盘
1925,09:50:55,29.79,--,0,0,买盘
1926,09:50:50,29.79,0.01,13,38727,买盘
1927,09:50:45,29.78,-0.02,6,17868,中性盘
1928,09:50:35,29.8,0.01,20,59600,买盘
1929,09:50:30,29.79,0.01,6,17874,中性盘
1930,09:50:25,29.78,-0.02,6,17868,卖盘
1931,09:50:20,29.8,0.09,42,125160,买盘
1932,09:50:16,29.71,-0.09,569,1690499,卖盘
1933,09:50:10,29.8,0.04,241,718180,买盘
1934,09:50:05,29.76,-0.02,24,71424,卖盘
1935,09:50:00,29.78,0.03,20,59560,买盘
1936,09:49:55,29.75,--,82,243950,卖盘
1937,09:49:50,29.75,--,18,53550,卖盘
1938,09:49:45,29.75,0.01,14,41650,中性盘
1939,09:49:40,29.74,-0.01,14,41636,卖盘
1940,09:49:35,29.75,0.01,39,116025,买盘
1941,09:49:30,29.74,--,27,80298,买盘
1942,09:49:25,29.74,0.02,14,41636,买盘
1943,09:49:20,29.72,-0.02,46,136712,卖盘
1944,09:49:15,29.74,--,51,151674,买盘
1945,09:49:10,29.74,0.01,3,8922,买盘
1946,09:49:05,29.73,-0.02,211,627303,卖盘
1947,09:49:00,29.75,--,98,291550,买盘
1948,09:48:55,29.75,--,12,35700,买盘
1949,09:48:50,29.75,--,55,163625,卖盘
1950,09:48:45,29.75,-0.02,3,8925,卖盘
1951,09:48:40,29.77,0.02,1,2977,买盘
1952,09:48:35,29.75,--,77,229075,卖盘
1953,09:48:30,29.75,-0.03,39,116025,卖盘
1954,09:48:25,29.78,0.03,3,8934,买盘
1955,09:48:20,29.75,-0.03,39,116025,中性盘
1956,09:48:15,29.78,0.03,22,65516,买盘
1957,09:48:10,29.75,-0.03,259,770525,卖盘
1958,09:48:05,29.78,--,109,324602,卖盘
1959,09:48:00,29.78,--,25,74450,卖盘
1960,09:47:50,29.78,--,65,193570,卖盘
1961,09:47:45,29.78,-0.02,15,44670,卖盘
1962,09:47:40,29.8,0.02,3,8940,中性盘
1963,09:47:35,29.78,-0.02,38,113164,卖盘
1964,09:47:30,29.8,0.03,7,20860,中性盘
1965,09:47:25,29.77,-0.07,11,32747,卖盘
1966,09:47:20,29.84,0.08,59,176056,买盘
1967,09:47:15,29.76,-0.08,24,71424,卖盘
1968,09:47:10,29.84,0.07,33,98472,买盘
1969,09:47:05,29.77,-0.07,117,348309,卖盘
1970,09:47:00,29.84,-0.04,49,146216,卖盘
1971,09:46:55,29.88,0.02,20,59760,买盘
1972,09:46:50,29.86,-0.02,40,119440,卖盘
1973,09:46:45,29.88,0.02,2,5976,中性盘
1974,09:46:40,29.86,-0.04,86,256796,卖盘
1975,09:46:35,29.9,-0.01,16,47840,卖盘
1976,09:46:30,29.91,--,105,314055,卖盘
1977,09:46:25,29.91,-0.05,11,32901,卖盘
1978,09:46:20,29.96,--,0,0,买盘
1979,09:46:15,29.96,--,36,107856,买盘
1980,09:46:10,29.96,--,19,56924,卖盘
1981,09:46:05,29.96,--,8,23968,卖盘
1982,09:46:00,29.96,-0.01,13,38948,卖盘
1983,09:45:54,29.97,--,115,344655,买盘
1984,09:45:49,29.97,-0.03,15,44955,中性盘
1985,09:45:45,30.0,--,25,75000,买盘
1986,09:45:40,30.0,--,115,345000,买盘
1987,09:45:34,30.0,-0.02,132,396000,卖盘
1988,09:45:30,30.02,0.02,3,9006,卖盘
1989,09:45:25,30.0,--,59,177000,买盘
1990,09:45:19,30.0,--,1,3000,买盘
1991,09:45:15,30.0,0.04,81,243000,买盘
1992,09:45:10,29.96,-0.04,25,74900,卖盘
1993,09:45:04,30.0,--,0,0,买盘
1994,09:45:00,30.0,0.06,36,108000,买盘
1995,09:44:55,29.94,0.04,238,712572,中性盘
1996,09:44:49,29.9,--,16,47840,卖盘
1997,09:44:44,29.9,--,47,140530,卖盘
1998,09:44:40,29.9,-0.06,12,35880,卖盘
1999,09:44:34,29.96,0.06,2,5992,买盘
2000,09:44:30,29.9,0.05,146,436540,买盘
2001,09:44:25,29.85,0.02,24,71640,中性盘
2002,09:44:19,29.83,-0.05,172,513075,卖盘
2003,09:44:15,29.88,0.03,16,47808,中性盘
2004,09:44:10,29.85,--,30,89550,卖盘
2005,09:44:04,29.85,0.05,82,244770,买盘
2006,09:43:59,29.8,--,26,77480,买盘
2007,09:43:55,29.8,-0.05,116,345680,卖盘
2008,09:43:49,29.85,--,6,17910,买盘
2009,09:43:44,29.85,--,45,134325,买盘
2010,09:43:40,29.85,--,16,47760,卖盘
2011,09:43:34,29.85,-0.03,108,322380,卖盘
2012,09:43:29,29.88,-0.02,6,17928,中性盘
2013,09:43:24,29.9,0.05,13,38870,买盘
2014,09:43:19,29.85,0.04,18,53730,卖盘
2015,09:43:14,29.81,0.04,49,146069,卖盘
2016,09:43:04,29.77,--,0,0,卖盘
2017,09:42:59,29.77,-0.08,7,20839,卖盘
2018,09:42:54,29.85,0.11,70,208950,买盘
2019,09:42:49,29.74,--,15,44610,卖盘
2020,09:42:44,29.74,-0.01,200,594800,中性盘
2021,09:42:39,29.75,--,67,199325,买盘
2022,09:42:34,29.75,--,5,14875,买盘
2023,09:42:29,29.75,0.02,83,246925,买盘
2024,09:42:24,29.73,0.01,54,160542,中性盘
2025,09:42:19,29.72,-0.01,1,2972,卖盘
2026,09:42:14,29.73,--,13,38649,卖盘
2027,09:42:09,29.73,0.01,229,680817,买盘
2028,09:42:04,29.72,0.01,8,23776,买盘
2029,09:41:59,29.71,--,65,193115,买盘
2030,09:41:54,29.71,0.01,135,401976,买盘
2031,09:41:49,29.7,--,82,243540,卖盘
2032,09:41:44,29.7,0.07,235,697950,买盘
2033,09:41:39,29.63,-0.04,127,376301,卖盘
2034,09:41:29,29.67,--,30,89010,买盘
2035,09:41:24,29.67,-0.03,43,127581,卖盘
2036,09:41:19,29.7,-0.03,35,103950,卖盘
2037,09:41:14,29.73,-0.01,35,104055,卖盘
2038,09:41:09,29.74,0.01,37,110038,买盘
2039,09:41:04,29.73,-0.02,14,41622,卖盘
2040,09:40:59,29.75,--,101,300475,买盘
2041,09:40:54,29.75,-0.02,55,163625,卖盘
2042,09:40:49,29.77,--,13,38701,买盘
2043,09:40:44,29.77,--,33,98241,买盘
2044,09:40:39,29.77,--,34,101218,买盘
2045,09:40:29,29.77,-0.03,193,574561,卖盘
2046,09:40:24,29.8,0.01,72,214560,买盘
2047,09:40:19,29.79,-0.01,13,38727,卖盘
2048,09:40:14,29.8,-0.05,107,318860,卖盘
2049,09:40:09,29.85,0.04,63,188055,买盘
2050,09:40:04,29.81,-0.04,11,32791,卖盘
2051,09:39:59,29.85,-0.01,33,98505,卖盘
2052,09:39:54,29.86,-0.01,127,379222,中性盘
2053,09:39:49,29.87,-0.02,11,32857,卖盘
2054,09:39:44,29.89,0.02,29,86681,买盘
2055,09:39:39,29.87,-0.03,49,146363,卖盘
2056,09:39:33,29.9,-0.01,44,131560,卖盘
2057,09:39:29,29.91,0.01,110,329010,买盘
2058,09:39:24,29.9,--,36,107640,卖盘
2059,09:39:18,29.9,--,32,95680,卖盘
2060,09:39:14,29.9,--,142,424580,买盘
2061,09:39:09,29.9,--,71,212290,买盘
2062,09:39:03,29.9,--,153,457470,买盘
2063,09:38:58,29.9,--,95,284050,买盘
2064,09:38:54,29.9,--,123,367770,卖盘
2065,09:38:48,29.9,--,7,20930,卖盘
2066,09:38:43,29.9,--,159,475410,卖盘
2067,09:38:39,29.9,0.01,643,1922570,买盘
2068,09:38:33,29.89,0.02,60,179340,买盘
2069,09:38:28,29.87,0.02,9,26883,中性盘
2070,09:38:24,29.85,--,511,1525335,卖盘
2071,09:38:18,29.85,0.05,94,280590,买盘
2072,09:38:13,29.8,--,51,151980,买盘
2073,09:38:09,29.8,0.01,23,68540,买盘
2074,09:38:03,29.79,0.04,110,327690,买盘
2075,09:37:58,29.75,-0.02,36,107100,中性盘
2076,09:37:54,29.77,0.01,21,62517,买盘
2077,09:37:48,29.76,0.03,92,273792,买盘
2078,09:37:43,29.73,0.03,574,1706502,买盘
2079,09:37:39,29.7,-0.02,49,145530,卖盘
2080,09:37:33,29.72,0.12,103,306116,买盘
2081,09:37:28,29.6,--,83,245680,卖盘
2082,09:37:23,29.6,--,74,219336,卖盘
2083,09:37:18,29.6,0.03,109,325304,买盘
2084,09:37:13,29.57,0.01,91,269382,中性盘
2085,09:37:08,29.56,-0.04,93,277568,卖盘
2086,09:37:03,29.6,0.02,146,432456,买盘
2087,09:36:58,29.58,-0.01,117,348748,卖盘
2088,09:36:53,29.59,-0.01,517,1529803,卖盘
2089,09:36:48,29.6,0.02,127,376216,买盘
2090,09:36:43,29.58,-0.01,37,109446,卖盘
2091,09:36:38,29.59,-0.18,219,648021,卖盘
2092,09:36:33,29.77,0.04,75,223275,买盘
2093,09:36:28,29.73,0.14,31,92163,买盘
2094,09:36:23,29.59,-0.21,1440,4260960,卖盘
2095,09:36:18,29.8,-0.05,382,1138360,卖盘
2096,09:36:13,29.85,0.05,32,95520,买盘
2097,09:36:08,29.8,-0.05,580,1728400,卖盘
2098,09:36:03,29.85,-0.02,124,370140,卖盘
2099,09:35:58,29.87,-0.03,30,89610,卖盘
2100,09:35:53,29.9,--,75,224250,卖盘
2101,09:35:48,29.9,-0.1,213,636870,卖盘
2102,09:35:43,30.0,0.02,84,252000,买盘
2103,09:35:38,29.98,-0.05,610,1831478,卖盘
2104,09:35:33,30.03,-0.02,140,420420,卖盘
2105,09:35:28,30.05,--,6,18030,卖盘
2106,09:35:23,30.05,-0.04,109,327545,卖盘
2107,09:35:18,30.09,-0.01,306,920754,中性盘
2108,09:35:13,30.1,-0.04,29,87290,卖盘
2109,09:35:08,30.14,-0.02,52,156728,卖盘
2110,09:35:03,30.16,-0.03,89,268424,卖盘
2111,09:34:58,30.19,--,9,27171,卖盘
2112,09:34:53,30.19,-0.01,239,721541,卖盘
2113,09:34:48,30.2,--,76,229520,卖盘
2114,09:34:43,30.2,-0.09,239,721780,卖盘
2115,09:34:38,30.29,--,47,142363,买盘
2116,09:34:33,30.29,-0.01,129,390741,中性盘
2117,09:34:28,30.3,0.01,46,139380,中性盘
2118,09:34:23,30.29,-0.04,36,109044,卖盘
2119,09:34:18,30.33,0.04,151,457983,买盘
2120,09:34:13,30.29,-0.04,5,15145,买盘
2121,09:34:08,30.33,0.03,163,494379,买盘
2122,09:34:03,30.3,--,60,181800,卖盘
2123,09:33:58,30.3,0.08,156,472680,买盘
2124,09:33:53,30.22,-0.04,23,69506,卖盘
2125,09:33:48,30.26,0.06,87,263262,买盘
2126,09:33:43,30.2,-0.01,38,114760,卖盘
2127,09:33:38,30.21,0.02,8,24168,中性盘
2128,09:33:33,30.19,-0.01,345,1041555,卖盘
2129,09:33:28,30.2,0.1,99,298980,买盘
2130,09:33:23,30.1,-0.06,26,78260,卖盘
2131,09:33:18,30.16,0.02,276,832416,中性盘
2132,09:33:13,30.14,-0.05,27,81378,卖盘
2133,09:33:08,30.19,0.03,94,283786,买盘
2134,09:33:03,30.16,0.04,56,168896,买盘
2135,09:32:58,30.12,--,0,0,中性盘
2136,09:32:53,30.12,--,8,24096,卖盘
2137,09:32:48,30.12,0.07,205,617460,中性盘
2138,09:32:43,30.05,0.01,73,219365,卖盘
2139,09:32:38,30.04,-0.01,429,1288716,卖盘
2140,09:32:33,30.05,-0.05,36,108180,卖盘
2141,09:32:28,30.1,-0.09,49,147490,卖盘
2142,09:32:22,30.19,0.15,228,688332,买盘
2143,09:32:18,30.04,-0.1,5,15020,中性盘
2144,09:32:12,30.14,--,23,69322,买盘
2145,09:32:07,30.14,0.1,40,120560,买盘
2146,09:32:03,30.04,--,105,315420,买盘
2147,09:31:57,30.04,--,124,372496,买盘
2148,09:31:52,30.04,--,13,39052,买盘
2149,09:31:48,30.04,0.02,282,847128,买盘
2150,09:31:42,30.02,--,401,1203802,卖盘
2151,09:31:37,30.02,0.01,71,213142,买盘
2152,09:31:33,30.01,-0.01,401,1203401,卖盘
2153,09:31:27,30.02,-0.02,29,87058,卖盘
2154,09:31:22,30.04,0.03,389,1168856,买盘
2155,09:31:17,30.01,-0.01,42,128742,卖盘
2156,09:31:12,30.02,--,105,315510,买盘
2157,09:31:07,30.02,--,261,786223,卖盘
2158,09:31:02,30.02,--,285,855870,卖盘
2159,09:30:57,30.02,-0.02,26,78052,卖盘
2160,09:30:52,30.04,-0.06,139,417556,卖盘
2161,09:30:47,30.1,0.05,125,376250,买盘
2162,09:30:42,30.05,--,136,408680,买盘
2163,09:30:37,30.05,0.03,330,991650,买盘
2164,09:30:32,30.02,-0.02,29,87058,中性盘
2165,09:30:27,30.04,-0.01,138,414552,卖盘
2166,09:30:22,30.05,--,20,60100,卖盘
2167,09:30:17,30.05,-0.06,51,153255,卖盘
2168,09:30:12,30.11,0.11,39,117429,买盘
2169,09:30:07,30.0,--,871,2613000,卖盘
2170,09:30:02,30.0,-0.14,661,1983000,卖盘
2171,09:28:46,30.14,--,0,0,买盘
2172,09:25:05,30.14,30.14,1177,3547478,买盘
