,time,price,change,volume,amount,type
0,15:00:00,255.96,--,0,0,买盘
1,15:00:00,255.96,0.02,0,0,买盘
2,14:59:58,255.94,--,2,51188,买盘
3,14:59:48,255.94,--,29,742226,买盘
4,14:59:43,255.94,-0.01,32,819008,卖盘
5,14:59:38,255.95,-0.02,9,230355,卖盘
6,14:59:33,255.97,0.03,11,281567,买盘
7,14:59:28,255.94,--,1,25594,卖盘
8,14:59:23,255.94,-0.06,6,153564,卖盘
9,14:59:18,256.0,0.02,50,1280000,买盘
10,14:59:13,255.98,0.08,23,588754,买盘
11,14:59:08,255.9,-0.06,9,230310,卖盘
12,14:59:03,255.96,0.01,2,51192,买盘
13,14:58:58,255.95,--,4,102380,买盘
14,14:58:53,255.95,--,4,102380,买盘
15,14:58:47,255.95,0.05,5,127975,买盘
16,14:58:43,255.9,0.1,3,76770,卖盘
17,14:58:38,255.8,--,0,0,卖盘
18,14:58:33,255.8,--,16,409280,卖盘
19,14:58:28,255.8,0.08,8,204640,买盘
20,14:58:23,255.72,-0.08,1,25572,买盘
21,14:58:18,255.8,0.01,1,25580,买盘
22,14:58:08,255.79,0.1,2,51158,买盘
23,14:57:58,255.69,--,0,0,卖盘
24,14:57:48,255.69,--,0,0,卖盘
25,14:57:43,255.69,--,1,25569,卖盘
26,14:57:38,255.69,0.01,1,25569,买盘
27,14:57:33,255.68,0.03,1,25568,卖盘
28,14:57:28,255.65,0.06,2,51130,买盘
29,14:57:17,255.59,--,0,0,卖盘
30,14:57:13,255.59,--,5,127795,卖盘
31,14:57:08,255.59,-0.01,3,76677,卖盘
32,14:57:03,255.6,--,0,0,卖盘
33,14:56:58,255.6,0.09,5,127800,买盘
34,14:56:53,255.51,-0.09,5,133120,卖盘
35,14:56:48,255.6,--,18,460080,买盘
36,14:56:37,255.6,0.04,27,690120,买盘
37,14:56:32,255.56,--,0,0,中性盘
38,14:56:28,255.56,0.05,4,102224,买盘
39,14:56:22,255.51,0.01,4,102204,中性盘
40,14:56:07,255.5,--,5,127750,买盘
41,14:56:02,255.5,0.02,25,638750,买盘
42,14:55:52,255.48,--,1,25548,卖盘
43,14:55:47,255.48,0.02,13,332124,买盘
44,14:55:42,255.46,--,4,102184,中性盘
45,14:55:37,255.46,0.01,10,255460,买盘
46,14:55:32,255.45,--,0,0,中性盘
47,14:55:27,255.45,0.1,16,408720,买盘
48,14:55:22,255.35,--,6,153210,卖盘
49,14:55:12,255.35,--,3,76605,卖盘
50,14:55:07,255.35,0.06,27,689445,买盘
51,14:55:02,255.29,0.03,1,25529,中性盘
52,14:54:57,255.26,-0.04,3,82959,卖盘
53,14:54:52,255.3,--,0,0,买盘
54,14:54:42,255.3,--,1,48507,卖盘
55,14:54:37,255.3,--,5,127650,卖盘
56,14:54:32,255.3,0.05,9,232323,买盘
57,14:54:27,255.25,--,2,52071,卖盘
58,14:54:22,255.25,--,2,51050,卖盘
59,14:54:12,255.25,--,1,36245,卖盘
60,14:54:07,255.25,--,4,102100,卖盘
61,14:54:02,255.25,-0.04,6,153150,卖盘
62,14:53:57,255.29,0.09,1,25529,买盘
63,14:53:52,255.2,--,0,0,卖盘
64,14:53:47,255.2,--,4,102080,卖盘
65,14:53:42,255.2,--,4,102080,卖盘
66,14:53:32,255.2,--,3,76560,卖盘
67,14:53:22,255.2,-0.02,8,204160,卖盘
68,14:53:17,255.22,-0.03,1,25522,中性盘
69,14:53:12,255.25,0.14,5,127625,买盘
70,14:53:07,255.11,-0.09,2,51022,卖盘
71,14:53:01,255.2,--,5,127600,买盘
72,14:52:57,255.2,0.11,5,127600,买盘
73,14:52:52,255.09,-0.01,3,76527,中性盘
74,14:52:47,255.1,-0.1,1,25510,卖盘
75,14:52:41,255.2,--,4,102080,买盘
76,14:52:37,255.2,--,2,51040,买盘
77,14:52:27,255.2,--,10,280209,卖盘
78,14:52:22,255.2,-0.02,1,25520,卖盘
79,14:52:17,255.22,0.02,3,76566,买盘
80,14:52:11,255.2,0.1,14,357790,买盘
81,14:52:07,255.1,-0.05,11,280610,卖盘
82,14:51:56,255.15,0.01,14,357210,卖盘
83,14:51:52,255.14,0.13,22,561308,买盘
84,14:51:42,255.01,--,1,25501,买盘
85,14:51:37,255.01,-0.14,15,382515,买盘
86,14:51:32,255.15,--,0,0,买盘
87,14:51:27,255.15,0.02,28,714420,买盘
88,14:51:22,255.13,0.02,2,51026,买盘
89,14:51:12,255.11,--,13,331643,买盘
90,14:51:07,255.11,0.11,1,25511,买盘
91,14:51:02,255.0,-0.13,3,76500,卖盘
92,14:50:56,255.13,0.03,3,76539,买盘
93,14:50:52,255.1,0.1,4,102040,买盘
94,14:50:41,255.0,--,12,306000,卖盘
95,14:50:37,255.0,-0.11,13,331500,卖盘
96,14:50:27,255.11,0.11,4,102044,买盘
97,14:50:16,255.0,--,0,0,卖盘
98,14:50:12,255.0,-0.09,101,2575500,卖盘
99,14:50:06,255.09,--,5,127545,买盘
100,14:49:56,255.09,--,0,0,买盘
101,14:49:52,255.09,0.07,13,331617,买盘
102,14:49:46,255.02,0.02,3,76506,买盘
103,14:49:41,255.0,--,0,0,卖盘
104,14:49:36,255.0,-0.01,13,331500,卖盘
105,14:49:31,255.01,-0.02,12,306012,卖盘
106,14:49:26,255.03,-0.02,1,25503,中性盘
107,14:49:21,255.05,-0.06,6,153030,中性盘
108,14:49:16,255.11,0.09,1,25511,买盘
109,14:49:11,255.02,-0.03,3,76506,卖盘
110,14:49:06,255.05,0.03,9,229545,买盘
111,14:48:56,255.02,--,0,0,卖盘
112,14:48:51,255.02,-0.08,2,51004,卖盘
113,14:48:46,255.1,0.1,4,102040,买盘
114,14:48:41,255.0,-0.1,12,306000,卖盘
115,14:48:36,255.1,--,4,102040,卖盘
116,14:48:31,255.1,-0.01,1,25510,卖盘
117,14:48:26,255.11,--,3,76533,买盘
118,14:48:21,255.11,0.01,3,76533,买盘
119,14:48:16,255.1,-0.02,6,153060,卖盘
120,14:48:11,255.12,--,0,0,买盘
121,14:48:06,255.12,0.02,5,127560,中性盘
122,14:48:01,255.1,-0.07,30,765300,卖盘
123,14:47:56,255.17,--,0,0,买盘
124,14:47:51,255.17,0.07,1,25517,中性盘
125,14:47:46,255.1,-0.18,3,76530,卖盘
126,14:47:41,255.28,--,1,25528,买盘
127,14:47:36,255.28,0.18,14,357392,买盘
128,14:47:31,255.1,--,2,51020,卖盘
129,14:47:25,255.1,0.07,13,331630,买盘
130,14:47:21,255.03,-0.26,2,51006,卖盘
131,14:47:16,255.29,--,0,0,买盘
132,14:47:10,255.29,0.01,1,25529,中性盘
133,14:47:06,255.28,--,17,433976,卖盘
134,14:47:01,255.28,-0.03,15,382920,卖盘
135,14:46:56,255.31,--,0,0,买盘
136,14:46:51,255.31,0.03,5,127655,买盘
137,14:46:41,255.28,--,1,25528,卖盘
138,14:46:36,255.28,0.27,17,441634,买盘
139,14:46:31,255.01,-0.29,4,102004,卖盘
140,14:46:26,255.3,--,0,0,中性盘
141,14:46:16,255.3,0.3,6,153180,买盘
142,14:46:11,255.0,0.01,1,25500,卖盘
143,14:46:06,254.99,0.01,7,178493,中性盘
144,14:46:01,254.98,--,4,101992,卖盘
145,14:45:51,254.98,0.13,26,662948,买盘
146,14:45:46,254.85,0.31,2,50970,买盘
147,14:45:41,254.54,-0.06,13,330902,卖盘
148,14:45:36,254.6,-0.3,5,127300,卖盘
149,14:45:31,254.9,-0.07,1,25490,买盘
150,14:45:21,254.97,--,1,25497,买盘
151,14:45:15,254.97,--,0,0,买盘
152,14:45:05,254.97,0.16,32,841146,买盘
153,14:45:00,254.81,-0.16,4,101924,卖盘
154,14:44:50,254.97,0.17,1,25497,买盘
155,14:44:45,254.8,--,0,0,卖盘
156,14:44:40,254.8,-0.07,5,127400,卖盘
157,14:44:35,254.87,-0.05,7,178409,卖盘
158,14:44:30,254.92,--,9,229428,买盘
159,14:44:25,254.92,0.02,6,152952,买盘
160,14:44:20,254.9,0.08,6,152940,买盘
161,14:44:15,254.82,-0.08,9,229338,卖盘
162,14:44:06,254.9,-0.02,1,25490,中性盘
163,14:44:00,254.92,-0.05,26,662792,卖盘
164,14:43:56,254.97,--,2,50994,买盘
165,14:43:50,254.97,0.01,7,178479,买盘
166,14:43:46,254.96,-0.01,1,25496,中性盘
167,14:43:41,254.97,--,7,198621,卖盘
168,14:43:35,254.97,-0.03,13,331461,卖盘
169,14:43:30,255.0,-0.07,7,183855,卖盘
170,14:43:26,255.07,0.07,2,51014,买盘
171,14:43:15,255.0,--,1,25500,卖盘
172,14:43:10,255.0,0.01,8,204000,买盘
173,14:43:00,254.99,0.01,9,242240,中性盘
174,14:42:55,254.98,--,8,203984,卖盘
175,14:42:50,254.98,-0.02,17,433466,中性盘
176,14:42:45,255.0,0.02,8,204000,买盘
177,14:42:40,254.98,--,21,535458,买盘
178,14:42:35,254.98,0.01,2,50996,买盘
179,14:42:30,254.97,--,7,178479,卖盘
180,14:42:25,254.97,-0.01,1,25497,卖盘
181,14:42:19,254.98,--,0,0,卖盘
182,14:42:15,254.98,0.01,2,50996,卖盘
183,14:42:10,254.97,-0.02,1,25497,卖盘
184,14:42:05,254.99,--,0,0,中性盘
185,14:42:00,254.99,-0.01,11,280489,卖盘
186,14:41:55,255.0,--,3,76500,买盘
187,14:41:50,255.0,--,2,51000,买盘
188,14:41:45,255.0,--,7,178500,买盘
189,14:41:40,255.0,-0.01,47,1198500,卖盘
190,14:41:34,255.01,--,0,0,卖盘
191,14:41:30,255.01,-0.02,5,127505,卖盘
192,14:41:25,255.03,-0.14,2,51006,中性盘
193,14:41:19,255.17,0.16,1,25517,中性盘
194,14:41:15,255.01,--,0,0,卖盘
195,14:41:10,255.01,-0.35,5,127505,卖盘
196,14:41:05,255.36,0.26,1,25536,买盘
197,14:41:00,255.1,-0.37,1,25510,中性盘
198,14:40:55,255.47,0.46,1,25547,买盘
199,14:40:50,255.01,--,0,0,中性盘
200,14:40:45,255.01,0.01,3,76503,中性盘
201,14:40:40,255.0,-0.01,23,586500,卖盘
202,14:40:35,255.01,--,2,51002,买盘
203,14:40:30,255.01,0.01,3,76503,卖盘
204,14:40:25,255.0,--,2,51000,卖盘
205,14:40:15,255.0,-0.2,4,102000,卖盘
206,14:40:10,255.2,0.2,1,25520,买盘
207,14:40:00,255.0,-0.02,13,331500,卖盘
208,14:39:54,255.02,-0.01,12,306024,买盘
209,14:39:50,255.03,--,0,0,买盘
210,14:39:45,255.03,0.02,2,51006,买盘
211,14:39:40,255.01,-0.19,14,357014,卖盘
212,14:39:30,255.2,0.18,1,25520,买盘
213,14:39:25,255.02,--,0,0,卖盘
214,14:39:15,255.02,--,3,76506,卖盘
215,14:39:10,255.02,--,0,0,卖盘
216,14:39:05,255.02,--,0,0,卖盘
217,14:39:00,255.02,-0.49,2,51004,卖盘
218,14:38:54,255.51,--,0,0,买盘
219,14:38:45,255.51,--,2,51102,买盘
220,14:38:40,255.51,--,18,459918,买盘
221,14:38:29,255.51,0.03,8,204408,买盘
222,14:38:24,255.48,--,0,0,中性盘
223,14:38:19,255.48,--,1,25548,买盘
224,14:38:15,255.48,0.5,8,204384,买盘
225,14:38:10,254.98,-0.53,1,25498,中性盘
226,14:38:05,255.51,0.53,1,25551,买盘
227,14:37:59,254.98,--,1,25498,中性盘
228,14:37:54,254.98,--,15,382470,买盘
229,14:37:49,254.98,-0.08,1,25498,买盘
230,14:37:44,255.06,--,0,0,买盘
231,14:37:39,255.06,-0.45,10,255060,卖盘
232,14:37:34,255.51,0.01,1,25551,买盘
233,14:37:30,255.5,-0.05,1,25550,卖盘
234,14:37:24,255.55,--,7,178885,买盘
235,14:37:19,255.55,-0.01,4,102220,卖盘
236,14:37:15,255.56,-0.05,13,332228,卖盘
237,14:37:09,255.61,0.04,6,153366,买盘
238,14:37:00,255.57,0.01,3,76671,卖盘
239,14:36:54,255.56,-0.01,8,204448,卖盘
240,14:36:50,255.57,--,0,0,中性盘
241,14:36:44,255.57,--,1,25557,买盘
242,14:36:39,255.57,-0.11,2,51114,卖盘
243,14:36:34,255.68,-0.02,1,25568,卖盘
244,14:36:28,255.7,--,5,127850,买盘
245,14:36:24,255.7,0.01,7,178990,买盘
246,14:36:19,255.69,-0.01,4,102276,卖盘
247,14:36:09,255.7,--,3,76710,买盘
248,14:36:04,255.7,-0.13,12,306840,卖盘
249,14:35:54,255.83,0.11,43,1100069,买盘
250,14:35:44,255.72,--,1,25572,买盘
251,14:35:39,255.72,0.02,3,76716,买盘
252,14:35:34,255.7,--,1,25570,卖盘
253,14:35:28,255.7,--,2,51140,卖盘
254,14:35:24,255.7,-0.07,4,102280,卖盘
255,14:35:13,255.77,--,1,25577,买盘
256,14:35:09,255.77,-0.06,2,51154,中性盘
257,14:35:04,255.83,--,11,281413,买盘
258,14:34:54,255.83,0.14,3,76749,买盘
259,14:34:49,255.69,-0.15,33,843777,卖盘
260,14:34:44,255.84,-0.04,11,281424,卖盘
261,14:34:39,255.88,--,74,1893512,买盘
262,14:34:34,255.88,--,6,153528,买盘
263,14:34:24,255.88,--,1,25588,买盘
264,14:34:19,255.88,-0.07,3,76764,买盘
265,14:34:14,255.95,0.11,25,639875,买盘
266,14:34:08,255.84,-0.04,1,25584,买盘
267,14:34:04,255.88,-0.06,71,1816748,卖盘
268,14:33:54,255.94,--,2,51188,买盘
269,14:33:49,255.94,0.05,11,281534,买盘
270,14:33:39,255.89,0.01,3,76767,买盘
271,14:33:34,255.88,0.04,8,204704,买盘
272,14:33:24,255.84,0.01,1,25584,买盘
273,14:33:13,255.83,--,5,127915,买盘
274,14:33:09,255.83,0.14,3,76749,买盘
275,14:33:04,255.69,--,1,25569,卖盘
276,14:32:58,255.69,0.01,3,76707,中性盘
277,14:32:54,255.68,--,7,178976,买盘
278,14:32:48,255.68,--,1,25568,买盘
279,14:32:39,255.68,0.12,5,127840,买盘
280,14:32:33,255.56,0.01,1,25556,中性盘
281,14:32:24,255.55,--,8,205462,买盘
282,14:32:19,255.55,--,3,76665,买盘
283,14:32:09,255.55,--,1,25555,买盘
284,14:32:04,255.55,--,2,51110,买盘
285,14:31:58,255.55,0.01,5,127775,买盘
286,14:31:54,255.54,--,3,76662,中性盘
287,14:31:49,255.54,0.01,5,127770,买盘
288,14:31:39,255.53,0.03,4,102212,买盘
289,14:31:34,255.5,--,3,76650,买盘
290,14:31:28,255.5,--,1,25550,买盘
291,14:31:23,255.5,0.31,6,153300,买盘
292,14:31:19,255.19,-0.12,11,280709,卖盘
293,14:31:04,255.31,0.12,4,102124,买盘
294,14:30:58,255.19,--,5,127595,买盘
295,14:30:53,255.19,--,10,255190,买盘
296,14:30:48,255.19,--,8,204152,买盘
297,14:30:43,255.19,--,17,433823,买盘
298,14:30:38,255.19,--,4,102076,买盘
299,14:30:33,255.19,--,4,102076,买盘
300,14:30:23,255.19,-0.19,12,306228,卖盘
301,14:30:18,255.38,0.18,19,485222,买盘
302,14:30:08,255.2,--,7,178640,买盘
303,14:30:03,255.2,-0.2,13,331760,卖盘
304,14:29:57,255.4,0.07,3,76620,买盘
305,14:29:52,255.33,--,0,0,中性盘
306,14:29:48,255.33,--,32,817056,买盘
307,14:29:43,255.33,0.04,57,1455381,买盘
308,14:29:37,255.29,0.09,3,76587,买盘
309,14:29:33,255.2,0.01,64,1633280,买盘
310,14:29:28,255.19,--,11,280709,买盘
311,14:29:22,255.19,0.02,10,255190,买盘
312,14:29:18,255.17,0.01,4,102068,买盘
313,14:29:12,255.16,--,1,25516,卖盘
314,14:29:07,255.16,0.04,26,663416,买盘
315,14:29:03,255.12,--,3,76536,买盘
316,14:28:57,255.12,-0.04,11,280632,卖盘
317,14:28:48,255.16,0.04,11,280676,买盘
318,14:28:42,255.12,0.05,2,51024,卖盘
319,14:28:27,255.07,--,23,589211,卖盘
320,14:28:22,255.07,--,2,51014,卖盘
321,14:28:18,255.07,-0.05,1,25507,卖盘
322,14:28:12,255.12,0.02,1,25512,买盘
323,14:28:07,255.1,0.03,6,153060,卖盘
324,14:28:03,255.07,-0.03,30,765210,卖盘
325,14:27:57,255.1,0.03,7,178570,买盘
326,14:27:52,255.07,--,1,25507,卖盘
327,14:27:43,255.07,0.06,4,102028,买盘
328,14:27:37,255.01,-0.05,27,688527,卖盘
329,14:27:28,255.06,--,3,76518,买盘
330,14:27:18,255.06,0.05,1,25506,买盘
331,14:27:13,255.01,-0.05,2,51002,卖盘
332,14:27:03,255.06,0.05,1,25506,买盘
333,14:26:57,255.01,--,0,0,中性盘
334,14:26:48,255.01,0.01,1,25501,买盘
335,14:26:43,255.0,--,3,76500,卖盘
336,14:26:37,255.0,0.01,6,153000,买盘
337,14:26:33,254.99,0.01,3,76497,卖盘
338,14:26:22,254.98,--,0,0,卖盘
339,14:26:17,254.98,0.16,9,229482,买盘
340,14:26:13,254.82,-0.16,9,229338,卖盘
341,14:26:07,254.98,0.15,1,25498,买盘
342,14:26:03,254.83,-0.15,1,25483,卖盘
343,14:25:57,254.98,--,0,0,买盘
344,14:25:52,254.98,--,1,25498,买盘
345,14:25:42,254.98,--,0,0,买盘
346,14:25:37,254.98,0.19,1,25498,买盘
347,14:25:32,254.79,--,2,50958,卖盘
348,14:25:28,254.79,-0.19,2,50958,中性盘
349,14:25:13,254.98,--,1,25498,中性盘
350,14:25:07,254.98,0.19,2,50996,买盘
351,14:25:03,254.79,-0.11,12,305748,卖盘
352,14:24:57,254.9,0.1,1,25490,买盘
353,14:24:52,254.8,--,0,0,中性盘
354,14:24:47,254.8,-0.1,2,50960,卖盘
355,14:24:42,254.9,0.13,1,25490,买盘
356,14:24:33,254.77,-0.02,12,305724,卖盘
357,14:24:27,254.79,--,2,50958,买盘
358,14:24:12,254.79,0.02,1,25479,买盘
359,14:24:02,254.77,-0.02,3,76431,卖盘
360,14:23:48,254.79,-0.01,1,25479,买盘
361,14:23:37,254.8,0.01,19,484120,买盘
362,14:23:31,254.79,--,2,50958,卖盘
363,14:23:27,254.79,-0.01,4,101916,卖盘
364,14:23:22,254.8,--,7,178360,买盘
365,14:23:17,254.8,--,25,637000,买盘
366,14:23:12,254.8,--,19,484120,买盘
367,14:23:07,254.8,--,4,101920,买盘
368,14:23:02,254.8,--,17,433160,买盘
369,14:22:47,254.8,--,1,25480,买盘
370,14:22:42,254.8,-0.01,7,178360,卖盘
371,14:22:37,254.81,-0.1,5,127405,卖盘
372,14:22:31,254.91,-0.04,12,305892,卖盘
373,14:22:27,254.95,-0.05,25,637375,卖盘
374,14:22:21,255.0,-0.07,8,226950,卖盘
375,14:22:12,255.07,0.05,16,408112,买盘
376,14:22:06,255.02,--,5,127510,卖盘
377,14:22:01,255.02,--,0,0,卖盘
378,14:21:57,255.02,-0.05,9,229518,卖盘
379,14:21:51,255.07,-0.08,1,25507,买盘
380,14:21:42,255.15,0.13,1,25515,买盘
381,14:21:36,255.02,0.01,1,25502,卖盘
382,14:21:31,255.01,--,0,0,中性盘
383,14:21:27,255.01,--,12,306012,卖盘
384,14:21:16,255.01,--,1,25501,卖盘
385,14:21:11,255.01,0.01,7,178507,卖盘
386,14:21:01,255.0,--,0,0,卖盘
387,14:20:57,255.0,-0.11,2,51000,卖盘
388,14:20:46,255.11,--,0,0,买盘
389,14:20:42,255.11,-0.08,7,178577,卖盘
390,14:20:36,255.19,--,0,0,买盘
391,14:20:31,255.19,--,1,25519,买盘
392,14:20:27,255.19,--,1,25519,买盘
393,14:20:16,255.19,0.07,1,25519,买盘
394,14:20:12,255.12,-0.08,1,25512,卖盘
395,14:20:06,255.2,--,8,204160,买盘
396,14:20:01,255.2,--,2,51040,买盘
397,14:19:56,255.2,0.01,4,102080,买盘
398,14:19:51,255.19,--,0,0,中性盘
399,14:19:46,255.19,0.19,2,51038,买盘
400,14:19:42,255.0,-0.11,5,127500,卖盘
401,14:19:36,255.11,-0.09,3,76533,卖盘
402,14:19:31,255.2,--,0,0,买盘
403,14:19:27,255.2,--,6,153120,买盘
404,14:19:21,255.2,--,1,25520,买盘
405,14:19:16,255.2,-0.04,12,306240,卖盘
406,14:19:12,255.24,0.01,5,127620,买盘
407,14:19:06,255.23,0.03,1,25523,买盘
408,14:19:01,255.2,--,0,0,卖盘
409,14:18:57,255.2,0.2,2,51040,买盘
410,14:18:51,255.0,-0.15,21,535500,卖盘
411,14:18:46,255.15,0.15,5,127575,买盘
412,14:18:42,255.0,-0.15,3,76500,卖盘
413,14:18:36,255.15,0.15,1,25515,买盘
414,14:18:26,255.0,--,23,589050,买盘
415,14:18:21,255.0,0.01,5,127500,买盘
416,14:18:11,254.99,--,1,25499,卖盘
417,14:18:06,254.99,0.04,106,2706208,买盘
418,14:17:56,254.95,0.04,6,152970,买盘
419,14:17:51,254.91,-0.04,7,178437,卖盘
420,14:17:46,254.95,0.03,3,76485,买盘
421,14:17:42,254.92,0.02,7,178444,买盘
422,14:17:36,254.9,0.08,15,382350,买盘
423,14:17:21,254.82,0.01,41,1044762,买盘
424,14:17:11,254.81,-0.01,1,25481,中性盘
425,14:17:06,254.82,0.02,39,993798,买盘
426,14:17:01,254.8,--,23,586040,买盘
427,14:16:56,254.8,--,28,713440,买盘
428,14:16:51,254.8,--,0,0,买盘
429,14:16:46,254.8,--,1,25480,买盘
430,14:16:41,254.8,0.57,1,25480,买盘
431,14:16:36,254.23,-0.59,1,25423,卖盘
432,14:16:31,254.82,0.02,1,25482,买盘
433,14:16:26,254.8,--,2,50960,中性盘
434,14:16:16,254.8,-0.02,1,25480,买盘
435,14:16:11,254.82,--,0,0,买盘
436,14:16:06,254.82,0.02,10,254820,买盘
437,14:16:01,254.8,-0.03,1,25480,买盘
438,14:15:56,254.83,--,0,0,买盘
439,14:15:51,254.83,-0.02,2,50966,买盘
440,14:15:41,254.85,--,0,0,买盘
441,14:15:36,254.85,0.72,1,25485,中性盘
442,14:15:31,254.13,-0.02,1,25413,卖盘
443,14:15:25,254.15,--,0,0,中性盘
444,14:15:21,254.15,-0.75,3,76245,卖盘
445,14:15:16,254.9,0.84,2,50980,中性盘
446,14:15:10,254.06,--,4,101624,买盘
447,14:15:06,254.06,-0.89,26,660556,卖盘
448,14:15:00,254.95,--,0,0,买盘
449,14:14:55,254.95,-0.04,1,25495,中性盘
450,14:14:51,254.99,--,1,25499,买盘
451,14:14:45,254.99,--,0,0,买盘
452,14:14:36,254.99,-0.01,2,50998,买盘
453,14:14:30,255.0,--,0,0,买盘
454,14:14:25,255.0,--,1,25500,买盘
455,14:14:15,255.0,--,10,255000,买盘
456,14:14:10,255.0,0.05,55,1402500,买盘
457,14:14:05,254.95,-0.02,15,382425,卖盘
458,14:14:00,254.97,-0.01,47,1198359,卖盘
459,14:13:55,254.98,--,17,433466,卖盘
460,14:13:50,254.98,0.03,17,433466,买盘
461,14:13:45,254.95,0.05,15,382425,卖盘
462,14:13:40,254.9,0.24,37,943130,买盘
463,14:13:36,254.66,0.8,48,1229243,买盘
464,14:13:30,253.86,--,105,2665530,买盘
465,14:13:25,253.86,0.04,3,76158,买盘
466,14:13:21,253.82,-0.04,5,126910,卖盘
467,14:13:15,253.86,--,4,101544,买盘
468,14:13:10,253.86,--,1,25386,买盘
469,14:13:06,253.86,--,2,50772,中性盘
470,14:13:00,253.86,--,12,304632,卖盘
471,14:12:55,253.86,--,0,0,卖盘
472,14:12:51,253.86,--,9,228474,买盘
473,14:12:45,253.86,--,1,25386,买盘
474,14:12:36,253.86,-0.04,5,126930,买盘
475,14:12:30,253.9,-0.12,39,990210,卖盘
476,14:12:25,254.02,-0.67,3,76206,卖盘
477,14:12:15,254.69,-0.06,1,25469,中性盘
478,14:12:10,254.75,0.75,1,25475,买盘
479,14:12:06,254.0,-0.73,3,76200,卖盘
480,14:12:00,254.73,-0.02,21,534933,买盘
481,14:11:50,254.75,-0.04,2,50950,中性盘
482,14:11:45,254.79,0.04,5,127395,买盘
483,14:11:40,254.75,-0.04,1,25475,买盘
484,14:11:36,254.79,--,9,229311,买盘
485,14:11:30,254.79,--,17,433143,买盘
486,14:11:25,254.79,--,0,0,买盘
487,14:11:21,254.79,0.75,2,50958,买盘
488,14:11:15,254.04,0.01,3,76212,卖盘
489,14:11:10,254.03,--,0,0,卖盘
490,14:11:06,254.03,-0.93,2,50806,中性盘
491,14:11:00,254.96,-0.01,33,841368,中性盘
492,14:10:55,254.97,--,0,0,买盘
493,14:10:51,254.97,1.06,4,101988,中性盘
494,14:10:45,253.91,0.01,3,76173,卖盘
495,14:10:40,253.9,--,0,10156,买盘
496,14:10:35,253.9,--,13,330070,买盘
497,14:10:30,253.9,-0.89,20,523034,卖盘
498,14:10:25,254.79,--,0,0,卖盘
499,14:10:20,254.79,-0.16,10,254790,卖盘
500,14:10:15,254.95,--,12,316138,买盘
501,14:10:10,254.95,--,2,50990,买盘
502,14:10:05,254.95,--,4,101980,买盘
503,14:10:00,254.95,-0.32,19,499702,卖盘
504,14:09:55,255.27,1.49,2,51054,中性盘
505,14:09:50,253.78,0.01,10,263931,买盘
506,14:09:45,253.77,-1.7,27,685179,卖盘
507,14:09:40,255.47,0.52,12,306564,买盘
508,14:09:35,254.95,0.95,15,382425,买盘
509,14:09:30,254.0,0.4,8,203200,买盘
510,14:09:25,253.6,-0.17,3,76080,卖盘
511,14:09:20,253.77,--,1,25377,买盘
512,14:09:15,253.77,--,1,25377,买盘
513,14:09:05,253.77,--,4,101508,买盘
514,14:09:00,253.77,-0.23,114,2892978,卖盘
515,14:08:55,254.0,--,0,0,卖盘
516,14:08:50,254.0,-0.01,13,330200,卖盘
517,14:08:45,254.01,--,3,76203,买盘
518,14:08:40,254.01,--,2,50802,买盘
519,14:08:35,254.01,--,6,152406,买盘
520,14:08:30,254.01,-0.39,18,457218,卖盘
521,14:08:25,254.4,--,2,50880,买盘
522,14:08:20,254.4,0.24,11,279840,买盘
523,14:08:15,254.16,-0.24,2,50832,中性盘
524,14:08:05,254.4,--,1,25440,买盘
525,14:08:00,254.4,-0.28,7,178080,卖盘
526,14:07:54,254.68,0.23,8,203744,买盘
527,14:07:50,254.45,--,50,1272250,买盘
528,14:07:45,254.45,--,3,76335,买盘
529,14:07:39,254.45,--,1,47073,买盘
530,14:07:34,254.45,--,6,152670,买盘
531,14:07:30,254.45,-0.05,63,1623391,卖盘
532,14:07:24,254.5,-0.13,16,407200,卖盘
533,14:07:19,254.63,0.13,10,254630,买盘
534,14:07:15,254.5,-0.13,15,381750,卖盘
535,14:07:09,254.63,--,8,203704,买盘
536,14:07:04,254.63,--,5,127315,买盘
537,14:06:59,254.63,-0.18,54,1375002,卖盘
538,14:06:54,254.81,0.01,1,25481,买盘
539,14:06:45,254.8,-0.01,1,25480,卖盘
540,14:06:39,254.81,--,10,254810,买盘
541,14:06:34,254.81,-0.09,43,1119889,卖盘
542,14:06:30,254.9,-0.4,1,26764,卖盘
543,14:06:14,255.3,--,1,25530,买盘
544,14:05:59,255.3,0.3,2,51060,买盘
545,14:05:54,255.0,-0.35,9,243525,卖盘
546,14:05:45,255.35,0.35,6,153210,买盘
547,14:05:39,255.0,--,2,51000,卖盘
548,14:05:29,255.0,--,4,103275,卖盘
549,14:05:19,255.0,-0.35,3,76500,卖盘
550,14:05:14,255.35,0.35,2,51070,买盘
551,14:05:09,255.0,--,10,255000,卖盘
552,14:05:04,255.0,-0.35,2,51000,卖盘
553,14:05:00,255.35,--,4,103416,买盘
554,14:04:54,255.35,--,1,25535,买盘
555,14:04:49,255.35,--,1,25535,买盘
556,14:04:45,255.35,--,2,51070,买盘
557,14:04:39,255.35,-0.15,1,44941,卖盘
558,14:04:34,255.5,0.01,8,204400,买盘
559,14:04:30,255.49,0.14,5,129022,买盘
560,14:04:24,255.35,--,3,76605,卖盘
561,14:04:15,255.35,-0.14,2,51070,卖盘
562,14:04:09,255.49,0.07,1,25549,中性盘
563,14:04:04,255.42,-0.08,1,25542,卖盘
564,14:04:00,255.5,--,3,77927,买盘
565,14:03:54,255.5,--,1,25550,买盘
566,14:03:39,255.5,--,2,51100,买盘
567,14:03:29,255.5,--,2,52377,买盘
568,14:03:24,255.5,--,1,25550,买盘
569,14:03:09,255.5,--,1,25550,买盘
570,14:03:04,255.5,0.15,1,25550,买盘
571,14:02:59,255.35,-0.13,2,56687,卖盘
572,14:02:49,255.48,0.13,5,127740,买盘
573,14:02:44,255.35,--,3,76605,卖盘
574,14:02:39,255.35,-0.15,5,127675,卖盘
575,14:02:34,255.5,--,2,51100,买盘
576,14:02:29,255.5,0.02,5,129027,买盘
577,14:02:24,255.48,--,5,127740,买盘
578,14:02:14,255.48,-0.02,4,102192,买盘
579,14:02:09,255.5,--,0,0,买盘
580,14:01:59,255.5,0.15,4,103477,买盘
581,14:01:54,255.35,--,2,70731,买盘
582,14:01:49,255.35,--,0,0,买盘
583,14:01:44,255.35,0.03,2,51070,买盘
584,14:01:39,255.32,-0.03,1,25532,中性盘
585,14:01:34,255.35,0.06,2,51070,买盘
586,14:01:29,255.29,0.04,0,1276,卖盘
587,14:01:24,255.25,--,0,0,卖盘
588,14:01:18,255.25,-0.08,2,51050,中性盘
589,14:01:03,255.33,-0.02,1,25533,中性盘
590,14:00:59,255.35,0.02,2,52346,买盘
591,14:00:54,255.33,--,1,25533,卖盘
592,14:00:48,255.33,--,3,76599,买盘
593,14:00:39,255.33,0.33,1,25533,买盘
594,14:00:33,255.0,--,1,25500,卖盘
595,14:00:29,255.0,-0.33,0,1275,卖盘
596,14:00:24,255.33,0.33,1,25533,买盘
597,14:00:14,255.0,--,3,82875,买盘
598,14:00:09,255.0,--,6,153000,买盘
599,14:00:03,255.0,-0.29,20,529125,卖盘
600,13:59:58,255.29,0.29,2,52334,买盘
601,13:59:54,255.0,--,2,51000,卖盘
602,13:59:43,255.0,-0.26,0,3825,卖盘
603,13:59:39,255.26,0.26,2,51052,买盘
604,13:59:28,255.0,-0.26,0,1275,卖盘
605,13:59:23,255.26,0.42,6,153156,买盘
606,13:59:18,254.84,--,0,0,卖盘
607,13:59:13,254.84,0.24,1,28032,买盘
608,13:59:08,254.6,-0.01,122,3106120,卖盘
609,13:59:03,254.61,--,13,330993,买盘
610,13:58:58,254.61,--,3,77656,买盘
611,13:58:53,254.61,0.01,6,152766,买盘
612,13:58:48,254.6,-0.01,1,25460,卖盘
613,13:58:43,254.61,0.01,1,25461,买盘
614,13:58:38,254.6,--,9,233213,买盘
615,13:58:33,254.6,0.1,1,25460,买盘
616,13:58:28,254.5,--,2,55990,买盘
617,13:58:23,254.5,--,1,25450,买盘
618,13:58:18,254.5,0.06,6,152700,买盘
619,13:58:13,254.44,-0.06,1,25444,卖盘
620,13:58:08,254.5,--,8,203600,买盘
621,13:58:03,254.5,0.06,3,76350,买盘
622,13:57:58,254.44,-0.06,0,1272,卖盘
623,13:57:48,254.5,0.06,1,25450,买盘
624,13:57:38,254.44,-0.06,2,50888,卖盘
625,13:57:33,254.5,--,1,25450,买盘
626,13:57:28,254.5,--,1,26722,买盘
627,13:57:18,254.5,--,2,50900,买盘
628,13:57:08,254.5,--,5,127250,买盘
629,13:57:03,254.5,-0.01,29,759682,卖盘
630,13:56:58,254.51,-0.04,1,27996,卖盘
631,13:56:53,254.55,-0.05,1,25455,买盘
632,13:56:48,254.6,0.1,5,127300,买盘
633,13:56:43,254.5,-0.1,26,661700,卖盘
634,13:56:38,254.6,0.1,5,127300,中性盘
635,13:56:33,254.5,-0.08,5,127250,卖盘
636,13:56:28,254.58,0.08,0,1272,卖盘
637,13:56:23,254.5,-0.08,3,76350,卖盘
638,13:56:18,254.58,0.08,3,76374,买盘
639,13:56:13,254.5,0.02,7,178150,买盘
640,13:56:08,254.48,-0.02,4,101792,卖盘
641,13:56:03,254.5,0.06,4,101800,买盘
642,13:55:58,254.44,-0.06,2,52160,卖盘
643,13:55:53,254.5,--,5,127250,买盘
644,13:55:43,254.5,-0.08,10,254500,卖盘
645,13:55:33,254.58,0.08,2,50916,中性盘
646,13:55:28,254.5,-0.11,3,76350,卖盘
647,13:55:23,254.61,-0.01,19,505400,卖盘
648,13:55:18,254.62,--,0,0,中性盘
649,13:55:13,254.62,0.01,2,50924,买盘
650,13:55:08,254.61,-0.03,4,101844,卖盘
651,13:55:03,254.64,0.02,1,25464,买盘
652,13:54:58,254.62,--,0,1273,卖盘
653,13:54:53,254.62,-0.01,3,76386,卖盘
654,13:54:48,254.63,-0.22,5,127315,卖盘
655,13:54:43,254.85,-0.08,1,48421,卖盘
656,13:54:33,254.93,--,9,253655,卖盘
657,13:54:28,254.93,-0.01,0,1274,卖盘
658,13:54:18,254.94,0.01,1,25494,买盘
659,13:54:13,254.93,-0.01,1,25493,卖盘
660,13:54:08,254.94,--,0,0,中性盘
661,13:54:03,254.94,0.09,1,25494,买盘
662,13:53:57,254.85,-0.08,0,1274,卖盘
663,13:53:48,254.93,0.08,1,25493,买盘
664,13:53:42,254.85,-0.1,2,50970,卖盘
665,13:53:38,254.95,0.1,1,25495,买盘
666,13:53:33,254.85,--,0,0,卖盘
667,13:53:27,254.85,-0.09,4,103214,卖盘
668,13:53:23,254.94,0.04,1,25494,买盘
669,13:53:18,254.9,0.04,3,76470,买盘
670,13:53:12,254.86,0.01,1,25486,买盘
671,13:53:08,254.85,0.24,1,25485,买盘
672,13:52:57,254.61,--,1,26734,卖盘
673,13:52:53,254.61,-0.29,1,25461,卖盘
674,13:52:42,254.9,0.28,1,25490,买盘
675,13:52:38,254.62,0.01,11,280082,中性盘
676,13:52:33,254.61,--,3,76383,卖盘
677,13:52:27,254.61,--,1,26734,卖盘
678,13:52:12,254.61,-0.06,2,50922,卖盘
679,13:52:07,254.67,-0.28,1,25467,卖盘
680,13:52:03,254.95,-0.04,72,1835640,卖盘
681,13:51:57,254.99,0.01,3,76497,买盘
682,13:51:48,254.98,-0.01,3,76494,卖盘
683,13:51:41,254.99,0.01,6,152994,买盘
684,13:51:37,254.98,--,1,25498,卖盘
685,13:51:33,254.98,--,2,50996,卖盘
686,13:51:27,254.98,-0.02,1,25498,卖盘
687,13:51:17,255.0,--,1,25500,买盘
688,13:51:02,255.0,--,25,637500,买盘
689,13:50:57,255.0,-0.02,14,357000,卖盘
690,13:50:47,255.02,0.02,3,76506,中性盘
691,13:50:37,255.0,-0.25,103,2626500,卖盘
692,13:50:32,255.25,0.23,5,127625,买盘
693,13:50:27,255.02,-0.23,2,51004,卖盘
694,13:50:22,255.25,-0.02,21,557466,卖盘
695,13:50:17,255.27,-0.01,6,157246,卖盘
696,13:50:12,255.28,--,0,0,中性盘
697,13:50:07,255.28,-0.02,2,51056,卖盘
698,13:50:02,255.3,--,0,0,买盘
699,13:49:52,255.3,--,1,25530,买盘
700,13:49:47,255.3,-0.04,25,659695,卖盘
701,13:49:42,255.34,-0.01,15,383010,卖盘
702,13:49:37,255.35,--,1,25535,买盘
703,13:49:32,255.35,-0.01,17,439968,卖盘
704,13:49:27,255.36,--,0,0,卖盘
705,13:49:22,255.36,--,1,25536,卖盘
706,13:49:17,255.36,-0.1,3,76608,卖盘
707,13:49:12,255.46,0.1,16,408736,买盘
708,13:49:07,255.36,-0.01,3,76608,卖盘
709,13:49:02,255.37,--,1,25537,卖盘
710,13:48:57,255.37,--,2,51074,卖盘
711,13:48:52,255.37,--,1,25537,卖盘
712,13:48:47,255.37,-0.09,2,51074,卖盘
713,13:48:42,255.46,0.09,2,51092,买盘
714,13:48:37,255.37,-0.09,0,2298,卖盘
715,13:48:32,255.46,0.09,5,127730,中性盘
716,13:48:27,255.37,-0.12,4,102148,卖盘
717,13:48:12,255.49,0.02,1,25549,买盘
718,13:48:07,255.47,--,0,1021,卖盘
719,13:48:02,255.47,--,0,0,中性盘
720,13:47:57,255.47,0.01,5,127735,中性盘
721,13:47:52,255.46,-0.01,1,25546,卖盘
722,13:47:47,255.47,0.01,0,1021,买盘
723,13:47:37,255.46,-0.06,3,76638,卖盘
724,13:47:32,255.52,0.05,1,25552,买盘
725,13:47:27,255.47,-0.05,0,24525,卖盘
726,13:47:22,255.52,--,2,51104,买盘
727,13:47:17,255.52,0.02,3,101185,买盘
728,13:47:11,255.5,--,1,25550,卖盘
729,13:47:06,255.5,0.03,0,2044,买盘
730,13:47:01,255.47,--,1,25547,买盘
731,13:46:51,255.47,--,1,25547,买盘
732,13:46:47,255.47,--,1,50072,卖盘
733,13:46:36,255.47,-0.05,1,26568,卖盘
734,13:46:27,255.52,--,2,51104,买盘
735,13:46:21,255.52,0.05,1,25552,买盘
736,13:46:17,255.47,0.01,1,25547,中性盘
737,13:46:12,255.46,-0.06,1,25546,卖盘
738,13:46:06,255.52,0.02,4,103230,买盘
739,13:45:51,255.5,0.04,1,25550,买盘
740,13:45:42,255.46,0.06,9,231957,买盘
741,13:45:36,255.4,-0.04,3,76620,卖盘
742,13:45:27,255.44,0.04,1,25544,买盘
743,13:45:21,255.4,--,0,0,卖盘
744,13:45:16,255.4,-0.04,20,510800,卖盘
745,13:45:12,255.44,--,7,180851,买盘
746,13:45:06,255.44,-0.09,18,483292,卖盘
747,13:45:02,255.53,0.01,6,153318,买盘
748,13:44:57,255.52,0.03,1,25552,买盘
749,13:44:51,255.49,-0.05,2,74603,卖盘
750,13:44:47,255.54,--,0,0,买盘
751,13:44:42,255.54,0.05,1,25554,买盘
752,13:44:36,255.49,--,0,1021,卖盘
753,13:44:32,255.49,--,1,25549,卖盘
754,13:44:27,255.49,0.02,4,103217,买盘
755,13:44:16,255.47,0.01,1,25547,买盘
756,13:44:06,255.46,-0.01,3,77659,卖盘
757,13:44:01,255.47,0.01,1,25547,买盘
758,13:43:56,255.46,-0.01,4,102184,卖盘
759,13:43:51,255.47,--,1,26568,买盘
760,13:43:46,255.47,0.01,1,25547,买盘
761,13:43:41,255.46,-0.01,1,25546,卖盘
762,13:43:36,255.47,-0.01,4,126713,卖盘
763,13:43:26,255.48,--,0,0,中性盘
764,13:43:21,255.48,0.01,2,51096,中性盘
765,13:43:06,255.47,-0.04,1,26568,卖盘
766,13:43:01,255.51,0.01,3,76653,买盘
767,13:42:56,255.5,--,3,76650,买盘
768,13:42:51,255.5,--,1,25550,买盘
769,13:42:46,255.5,--,0,0,买盘
770,13:42:41,255.5,--,0,24528,卖盘
771,13:42:36,255.5,-0.02,2,52122,卖盘
772,13:42:26,255.52,-0.02,2,75633,卖盘
773,13:42:21,255.54,--,1,25554,买盘
774,13:42:16,255.54,0.02,2,51108,买盘
775,13:42:11,255.52,-0.02,2,51104,卖盘
776,13:42:05,255.54,-0.01,0,1022,卖盘
777,13:41:56,255.55,--,2,51110,买盘
778,13:41:51,255.55,--,5,127775,买盘
779,13:41:46,255.55,--,5,127775,买盘
780,13:41:41,255.55,--,1,25555,买盘
781,13:41:36,255.55,--,3,79220,卖盘
782,13:41:26,255.55,-0.03,1,47532,卖盘
783,13:41:11,255.58,0.03,1,25558,买盘
784,13:41:06,255.55,-0.03,0,1022,卖盘
785,13:40:56,255.58,--,1,25558,买盘
786,13:40:51,255.58,--,0,3578,卖盘
787,13:40:46,255.58,--,2,56227,卖盘
788,13:40:36,255.58,0.03,4,119100,买盘
789,13:40:31,255.55,-0.03,2,51110,卖盘
790,13:40:26,255.58,--,5,127790,买盘
791,13:40:21,255.58,-0.2,2,60828,卖盘
792,13:40:16,255.78,0.18,5,127890,买盘
793,13:40:06,255.6,-0.18,2,52142,卖盘
794,13:40:01,255.78,--,0,0,买盘
795,13:39:51,255.78,0.2,1,25578,买盘
796,13:39:36,255.58,-0.2,3,77696,卖盘
797,13:39:30,255.78,0.2,1,25578,买盘
798,13:39:26,255.58,-0.01,3,76674,卖盘
799,13:39:20,255.59,0.03,3,90478,买盘
800,13:39:15,255.56,--,0,24533,卖盘
801,13:39:11,255.56,--,1,25556,卖盘
802,13:39:06,255.56,--,3,77690,中性盘
803,13:39:00,255.56,-0.25,1,25556,卖盘
804,13:38:56,255.81,--,5,127905,买盘
805,13:38:50,255.81,-0.01,7,179067,中性盘
806,13:38:45,255.82,--,0,0,买盘
807,13:38:41,255.82,0.26,6,153492,买盘
808,13:38:36,255.56,-0.27,1,25556,卖盘
809,13:38:26,255.83,--,6,153498,买盘
810,13:38:21,255.83,--,0,0,买盘
811,13:38:15,255.83,--,5,127915,买盘
812,13:38:10,255.83,--,4,102332,买盘
813,13:38:06,255.83,0.36,5,127915,买盘
814,13:38:00,255.47,-0.36,4,102188,卖盘
815,13:37:50,255.83,0.31,1,25583,买盘
816,13:37:45,255.52,-0.27,4,102208,卖盘
817,13:37:41,255.79,--,0,0,中性盘
818,13:37:36,255.79,-0.05,1,25579,卖盘
819,13:37:30,255.84,0.01,1,25584,买盘
820,13:37:25,255.83,0.04,0,8442,卖盘
821,13:37:15,255.79,-0.04,4,102316,卖盘
822,13:37:11,255.83,--,0,0,买盘
823,13:37:06,255.83,-0.01,1,48863,中性盘
824,13:37:00,255.84,0.05,3,76752,买盘
825,13:36:51,255.79,-0.05,1,25579,卖盘
826,13:36:45,255.84,-0.01,1,25584,中性盘
827,13:36:35,255.85,0.06,2,51170,买盘
828,13:36:21,255.79,--,0,2302,买盘
829,13:36:06,255.79,0.29,7,179053,买盘
830,13:35:55,255.5,-0.28,3,76650,卖盘
831,13:35:50,255.78,--,3,76734,买盘
832,13:35:35,255.78,--,4,102312,买盘
833,13:35:30,255.78,-0.01,4,125587,卖盘
834,13:35:25,255.79,0.01,1,25579,卖盘
835,13:35:20,255.78,-0.01,2,51156,卖盘
836,13:35:15,255.79,--,1,25579,买盘
837,13:35:10,255.79,-0.06,1,25579,中性盘
838,13:35:05,255.85,0.07,8,204680,买盘
839,13:35:00,255.78,--,1,27880,买盘
840,13:34:55,255.78,--,1,25578,买盘
841,13:34:50,255.78,--,6,153468,买盘
842,13:34:45,255.78,--,0,0,买盘
843,13:34:40,255.78,0.35,1,25578,买盘
844,13:34:35,255.43,-0.35,1,25543,卖盘
845,13:34:30,255.78,0.35,2,51156,买盘
846,13:34:25,255.43,-0.36,5,127715,卖盘
847,13:34:20,255.79,--,0,0,买盘
848,13:34:15,255.79,--,10,255790,买盘
849,13:34:05,255.79,--,1,25579,买盘
850,13:34:00,255.79,-0.01,1,25579,买盘
851,13:33:55,255.8,--,0,0,买盘
852,13:33:45,255.8,0.37,1,25580,买盘
853,13:33:40,255.43,-0.37,4,102172,卖盘
854,13:33:30,255.8,--,1,25580,买盘
855,13:33:20,255.8,--,3,76740,买盘
856,13:33:15,255.8,--,2,51160,买盘
857,13:33:05,255.8,--,0,0,中性盘
858,13:32:59,255.8,-0.06,3,76740,中性盘
859,13:32:54,255.86,0.36,5,127930,买盘
860,13:32:50,255.5,-0.1,2,74350,卖盘
861,13:32:44,255.6,-0.26,7,178920,卖盘
862,13:32:39,255.86,0.01,5,127930,买盘
863,13:32:35,255.85,0.05,2,51170,中性盘
864,13:32:29,255.8,-0.05,11,283682,卖盘
865,13:32:20,255.85,0.25,2,51170,买盘
866,13:32:14,255.6,-0.2,1,25560,卖盘
867,13:32:09,255.8,0.2,1,25580,买盘
868,13:32:05,255.6,--,0,0,卖盘
869,13:31:59,255.6,-0.2,3,76680,卖盘
870,13:31:54,255.8,--,0,0,中性盘
871,13:31:49,255.8,0.39,6,153480,买盘
872,13:31:44,255.41,-0.38,6,153246,卖盘
873,13:31:39,255.79,0.39,1,26857,买盘
874,13:31:34,255.4,--,0,0,卖盘
875,13:31:24,255.4,--,2,51080,卖盘
876,13:31:20,255.4,-0.47,3,76620,卖盘
877,13:31:14,255.87,--,0,0,中性盘
878,13:31:09,255.87,0.47,2,52453,买盘
879,13:30:59,255.4,--,2,52357,买盘
880,13:30:54,255.4,0.02,2,51080,买盘
881,13:30:44,255.38,-0.02,1,25538,中性盘
882,13:30:39,255.4,0.04,8,209428,买盘
883,13:30:29,255.36,--,1,25536,买盘
884,13:30:24,255.36,--,8,204288,买盘
885,13:30:14,255.36,--,1,25536,买盘
886,13:30:09,255.36,--,2,51072,买盘
887,13:30:04,255.36,-0.04,9,251529,卖盘
888,13:30:00,255.4,-0.1,1,25540,中性盘
889,13:29:54,255.5,0.13,4,102200,买盘
890,13:29:50,255.37,-0.1,1,25537,卖盘
891,13:29:44,255.47,0.1,5,127735,买盘
892,13:29:39,255.37,-0.1,0,1276,卖盘
893,13:29:34,255.47,--,2,51094,买盘
894,13:29:29,255.47,--,1,25547,买盘
895,13:29:19,255.47,0.11,1,25547,买盘
896,13:29:09,255.36,-0.11,2,52348,卖盘
897,13:29:04,255.47,0.11,1,25547,买盘
898,13:28:54,255.36,-0.06,4,102144,卖盘
899,13:28:49,255.42,0.06,1,25542,买盘
900,13:28:44,255.36,-0.1,2,51072,卖盘
901,13:28:39,255.46,--,6,154553,买盘
902,13:28:34,255.46,0.1,1,25546,买盘
903,13:28:29,255.36,-0.1,3,76608,卖盘
904,13:28:24,255.46,--,6,171158,卖盘
905,13:28:14,255.46,-0.01,2,56201,卖盘
906,13:28:09,255.47,0.01,1,26824,买盘
907,13:28:04,255.46,0.1,2,52369,买盘
908,13:27:58,255.36,--,5,127680,买盘
909,13:27:54,255.36,--,1,49795,卖盘
910,13:27:44,255.36,-0.1,1,25536,卖盘
911,13:27:39,255.46,--,1,26823,买盘
912,13:27:34,255.46,0.11,1,25546,买盘
913,13:27:29,255.35,-0.01,5,127675,卖盘
914,13:27:24,255.36,--,6,153216,卖盘
915,13:27:19,255.36,--,0,0,卖盘
916,13:27:14,255.36,-0.11,4,102144,卖盘
917,13:27:09,255.47,--,4,103465,买盘
918,13:27:04,255.47,0.11,1,25547,买盘
919,13:26:59,255.36,-0.11,2,51072,卖盘
920,13:26:54,255.47,0.11,6,153282,买盘
921,13:26:49,255.36,-0.11,5,127680,卖盘
922,13:26:44,255.47,0.11,1,25547,买盘
923,13:26:38,255.36,-0.11,0,1276,卖盘
924,13:26:34,255.47,0.02,2,75108,买盘
925,13:26:19,255.45,-0.01,1,25545,买盘
926,13:26:14,255.46,-0.01,2,75360,卖盘
927,13:26:08,255.47,0.04,1,28101,买盘
928,13:26:02,255.43,-0.02,7,203066,卖盘
929,13:25:59,255.45,--,0,0,卖盘
930,13:25:53,255.45,-0.03,2,51090,卖盘
931,13:25:48,255.48,0.03,5,127740,买盘
932,13:25:44,255.45,--,1,25545,卖盘
933,13:25:38,255.45,--,0,1277,卖盘
934,13:25:33,255.45,--,4,102180,买盘
935,13:25:18,255.45,-0.03,3,76635,买盘
936,13:25:08,255.48,0.03,4,103469,买盘
937,13:25:03,255.45,0.09,1,25545,买盘
938,13:24:59,255.36,--,1,25536,卖盘
939,13:24:48,255.36,--,2,51072,买盘
940,13:24:38,255.36,--,1,25536,买盘
941,13:24:33,255.36,0.01,3,76608,买盘
942,13:24:23,255.35,-0.01,4,103672,卖盘
943,13:24:18,255.36,-0.05,20,511741,卖盘
944,13:24:14,255.41,--,1,50060,买盘
945,13:24:08,255.41,0.05,1,25541,中性盘
946,13:24:03,255.36,-0.12,25,649891,卖盘
947,13:23:53,255.48,0.03,1,25548,买盘
948,13:23:47,255.45,0.09,1,31931,中性盘
949,13:23:43,255.36,--,1,27834,卖盘
950,13:23:38,255.36,-0.09,4,104952,卖盘
951,13:23:33,255.45,--,0,0,中性盘
952,13:23:28,255.45,--,1,25545,买盘
953,13:23:23,255.45,--,0,0,中性盘
954,13:23:17,255.45,-0.05,0,1021,卖盘
955,13:23:13,255.5,0.05,2,51100,买盘
956,13:23:08,255.45,--,4,102180,买盘
957,13:23:03,255.45,0.09,4,102180,买盘
958,13:22:48,255.36,-0.09,2,52093,卖盘
959,13:22:43,255.45,0.11,2,51090,买盘
960,13:22:33,255.34,-0.11,2,51068,卖盘
961,13:22:28,255.45,0.11,1,25545,买盘
962,13:22:18,255.34,--,4,103157,买盘
963,13:22:03,255.34,--,1,25534,买盘
964,13:21:48,255.34,0.01,3,77623,买盘
965,13:21:43,255.33,-0.01,1,25533,卖盘
966,13:21:38,255.34,-0.11,4,102136,卖盘
967,13:21:33,255.45,0.12,6,153270,买盘
968,13:21:23,255.33,--,2,51066,卖盘
969,13:21:18,255.33,-0.12,0,1021,卖盘
970,13:21:08,255.45,-0.02,2,51090,买盘
971,13:20:58,255.47,--,0,0,买盘
972,13:20:53,255.47,0.14,2,51094,买盘
973,13:20:48,255.33,-0.14,0,1021,卖盘
974,13:20:38,255.47,0.14,1,25547,买盘
975,13:20:32,255.33,-0.14,2,51066,卖盘
976,13:20:28,255.47,--,0,0,买盘
977,13:20:23,255.47,0.15,2,56203,买盘
978,13:20:17,255.32,--,1,26553,卖盘
979,13:20:13,255.32,--,7,178724,卖盘
980,13:20:08,255.32,0.02,8,205277,买盘
981,13:20:03,255.3,-0.02,5,127650,卖盘
982,13:19:58,255.32,0.01,1,25532,买盘
983,13:19:53,255.31,-0.01,3,101102,卖盘
984,13:19:48,255.32,-0.07,4,103149,卖盘
985,13:19:43,255.39,0.08,1,25539,中性盘
986,13:19:37,255.31,--,0,0,卖盘
987,13:19:33,255.31,-0.17,2,51062,卖盘
988,13:19:28,255.48,0.18,1,25548,买盘
989,13:19:17,255.3,0.03,1,26551,卖盘
990,13:19:02,255.27,-0.21,3,76581,卖盘
991,13:18:57,255.48,--,0,0,买盘
992,13:18:52,255.48,--,0,0,买盘
993,13:18:47,255.48,-0.03,28,715344,卖盘
994,13:18:42,255.51,--,0,0,买盘
995,13:18:32,255.51,--,1,25551,买盘
996,13:18:27,255.51,0.02,2,51102,中性盘
997,13:18:22,255.49,--,0,0,卖盘
998,13:18:17,255.49,--,3,77668,卖盘
999,13:18:12,255.49,-0.03,6,153294,卖盘
1000,13:18:02,255.52,0.02,7,202371,买盘
1001,13:17:57,255.5,-0.03,4,102200,卖盘
1002,13:17:52,255.53,0.02,1,25553,买盘
1003,13:17:47,255.51,-0.02,6,153306,卖盘
1004,13:17:42,255.53,-0.03,3,76659,卖盘
1005,13:17:38,255.56,0.03,1,25556,买盘
1006,13:17:32,255.53,--,10,255530,卖盘
1007,13:17:27,255.53,-0.06,3,76659,卖盘
1008,13:17:23,255.59,0.06,1,25559,买盘
1009,13:17:17,255.53,-0.05,0,1022,卖盘
1010,13:17:12,255.58,0.05,1,25558,买盘
1011,13:17:07,255.53,-0.06,3,76659,卖盘
1012,13:17:02,255.59,--,0,0,买盘
1013,13:16:57,255.59,--,0,0,买盘
1014,13:16:53,255.59,--,0,0,买盘
1015,13:16:47,255.59,0.06,2,52140,买盘
1016,13:16:41,255.53,0.03,25,638825,买盘
1017,13:16:38,255.5,--,3,76650,卖盘
1018,13:16:32,255.5,-0.03,50,1277500,卖盘
1019,13:16:27,255.53,-0.06,4,102212,卖盘
1020,13:16:22,255.59,0.06,17,434503,买盘
1021,13:16:17,255.53,--,0,0,卖盘
1022,13:16:12,255.53,-0.02,7,178871,卖盘
1023,13:16:02,255.55,-0.02,8,204440,卖盘
1024,13:15:57,255.57,0.01,4,102228,买盘
1025,13:15:47,255.56,--,3,77690,卖盘
1026,13:15:42,255.56,-0.01,1,25556,卖盘
1027,13:15:32,255.57,--,3,88682,卖盘
1028,13:15:27,255.57,-0.12,1,25557,卖盘
1029,13:15:22,255.69,0.12,7,178983,买盘
1030,13:15:17,255.57,-0.02,11,281127,卖盘
1031,13:15:12,255.59,-0.01,10,255590,卖盘
1032,13:15:07,255.6,-0.09,2,51120,卖盘
1033,13:15:02,255.69,-0.31,20,530556,卖盘
1034,13:14:57,256.0,0.1,35,896000,买盘
1035,13:14:52,255.9,--,2,51180,中性盘
1036,13:14:47,255.9,--,4,102360,卖盘
1037,13:14:42,255.9,0.01,3,80096,中性盘
1038,13:14:37,255.89,--,4,109009,卖盘
1039,13:14:32,255.89,--,3,79325,卖盘
1040,13:14:27,255.89,-0.08,1,38639,卖盘
1041,13:14:22,255.97,0.08,1,25597,买盘
1042,13:14:17,255.89,-0.08,1,25589,卖盘
1043,13:14:07,255.97,-0.01,1,25597,中性盘
1044,13:13:52,255.98,0.09,1,25598,买盘
1045,13:13:42,255.89,--,2,51178,卖盘
1046,13:13:37,255.89,--,0,0,卖盘
1047,13:13:32,255.89,-0.01,4,102356,卖盘
1048,13:13:27,255.9,-0.09,2,53483,卖盘
1049,13:13:22,255.99,--,0,0,买盘
1050,13:13:17,255.99,--,0,0,买盘
1051,13:13:11,255.99,0.1,2,51198,买盘
1052,13:13:07,255.89,-0.1,1,25589,卖盘
1053,13:12:57,255.99,0.09,1,25599,买盘
1054,13:12:42,255.9,0.01,1,25590,买盘
1055,13:12:37,255.89,--,1,25589,卖盘
1056,13:12:31,255.89,-0.1,2,51178,卖盘
1057,13:12:27,255.99,--,1,25599,买盘
1058,13:12:22,255.99,--,1,25599,买盘
1059,13:12:16,255.99,--,1,25599,买盘
1060,13:12:02,255.99,--,1,25599,买盘
1061,13:11:56,255.99,-0.26,1,25599,卖盘
1062,13:11:51,256.25,--,4,102500,中性盘
1063,13:11:46,256.25,0.25,4,102500,买盘
1064,13:11:36,256.0,--,0,0,卖盘
1065,13:11:31,256.0,--,5,128000,买盘
1066,13:11:26,256.0,--,5,128000,买盘
1067,13:11:21,256.0,--,0,0,买盘
1068,13:11:16,256.0,0.11,6,153600,买盘
1069,13:11:06,255.89,--,0,0,中性盘
1070,13:11:01,255.89,-0.1,1,25589,买盘
1071,13:10:51,255.99,0.1,7,179193,买盘
1072,13:10:41,255.89,0.04,3,76767,买盘
1073,13:10:36,255.85,--,3,76755,买盘
1074,13:10:21,255.85,0.16,3,76755,买盘
1075,13:10:11,255.69,-0.16,3,76707,卖盘
1076,13:10:06,255.85,--,1,25585,买盘
1077,13:09:56,255.85,-0.05,1,25585,买盘
1078,13:09:51,255.9,--,2,51180,买盘
1079,13:09:41,255.9,0.21,1,25590,买盘
1080,13:09:36,255.69,--,1,25569,卖盘
1081,13:09:26,255.69,0.11,0,4091,买盘
1082,13:09:11,255.58,--,4,102232,卖盘
1083,13:09:01,255.58,-0.1,2,51116,卖盘
1084,13:08:56,255.68,-0.01,1,25568,买盘
1085,13:08:51,255.69,--,0,0,买盘
1086,13:08:41,255.69,--,1,25569,买盘
1087,13:08:36,255.69,--,2,51138,买盘
1088,13:08:26,255.69,0.11,1,25569,买盘
1089,13:08:21,255.58,--,2,51116,卖盘
1090,13:08:16,255.58,--,3,76674,卖盘
1091,13:08:11,255.58,-0.02,17,448031,卖盘
1092,13:08:06,255.6,--,1,25560,卖盘
1093,13:08:01,255.6,-0.07,2,51120,卖盘
1094,13:07:56,255.67,0.08,1,25567,买盘
1095,13:07:50,255.59,-0.08,1,25559,卖盘
1096,13:07:46,255.67,--,1,25567,买盘
1097,13:07:36,255.67,0.07,1,25567,买盘
1098,13:07:31,255.6,--,1,25560,卖盘
1099,13:07:26,255.6,--,8,204480,卖盘
1100,13:07:21,255.6,--,3,76680,卖盘
1101,13:07:11,255.6,-0.07,3,76680,卖盘
1102,13:07:06,255.67,0.07,1,25567,中性盘
1103,13:06:56,255.6,-0.08,1,25560,卖盘
1104,13:06:51,255.68,--,1,25568,买盘
1105,13:06:36,255.68,0.08,2,51136,买盘
1106,13:06:26,255.6,-0.08,1,25560,卖盘
1107,13:06:20,255.68,0.08,2,51136,买盘
1108,13:06:11,255.6,--,2,51120,卖盘
1109,13:06:01,255.6,-0.08,1,25560,卖盘
1110,13:05:56,255.68,0.07,1,25568,买盘
1111,13:05:51,255.61,-0.01,1,25561,卖盘
1112,13:05:46,255.62,-0.06,6,153372,卖盘
1113,13:05:41,255.68,--,1,25568,买盘
1114,13:05:31,255.68,0.07,1,25568,买盘
1115,13:05:26,255.61,--,1,25561,卖盘
1116,13:05:20,255.61,-0.07,4,102244,卖盘
1117,13:05:16,255.68,0.07,1,25568,买盘
1118,13:05:05,255.61,-0.07,3,76683,卖盘
1119,13:05:01,255.68,0.04,10,255680,买盘
1120,13:04:50,255.64,-0.01,1,25564,卖盘
1121,13:04:45,255.65,0.01,1,25565,买盘
1122,13:04:35,255.64,-0.05,4,102256,卖盘
1123,13:04:30,255.69,0.01,2,51138,买盘
1124,13:04:25,255.68,--,5,127840,卖盘
1125,13:04:20,255.68,-0.19,15,383520,卖盘
1126,13:04:15,255.87,0.15,1,25587,买盘
1127,13:04:05,255.72,-0.15,17,434724,中性盘
1128,13:04:00,255.87,--,1,25587,买盘
1129,13:03:50,255.87,0.16,1,25587,买盘
1130,13:03:45,255.71,--,0,0,中性盘
1131,13:03:40,255.71,0.03,1,25571,卖盘
1132,13:03:35,255.68,-0.19,5,127840,卖盘
1133,13:03:30,255.87,--,0,0,买盘
1134,13:03:20,255.87,--,1,25587,买盘
1135,13:03:05,255.87,0.22,2,51174,买盘
1136,13:03:00,255.65,-0.02,1,25565,卖盘
1137,13:02:50,255.67,-0.2,4,102268,卖盘
1138,13:02:35,255.87,0.16,2,51174,买盘
1139,13:02:30,255.71,0.07,3,76713,买盘
1140,13:02:25,255.64,-0.04,1,25564,卖盘
1141,13:02:20,255.68,--,0,0,中性盘
1142,13:02:15,255.68,--,1,25568,卖盘
1143,13:02:10,255.68,--,2,51136,买盘
1144,13:02:05,255.68,0.07,2,51136,买盘
1145,13:01:59,255.61,-0.07,3,76683,卖盘
1146,13:01:55,255.68,--,1,25568,卖盘
1147,13:01:50,255.68,0.07,2,51136,买盘
1148,13:01:45,255.61,-0.03,4,102244,卖盘
1149,13:01:40,255.64,-0.36,1,25564,卖盘
1150,13:01:35,256.0,--,0,0,买盘
1151,13:01:25,256.0,--,0,0,买盘
1152,13:01:20,256.0,--,0,0,买盘
1153,13:01:15,256.0,0.4,6,153600,买盘
1154,13:01:05,255.6,--,0,0,卖盘
1155,13:00:55,255.6,--,0,0,卖盘
1156,13:00:40,255.6,--,5,127800,买盘
1157,13:00:34,255.6,-0.4,1,25560,买盘
1158,13:00:30,256.0,0.4,5,128000,买盘
1159,13:00:25,255.6,--,1,25560,卖盘
1160,13:00:20,255.6,-0.08,10,255600,卖盘
1161,13:00:15,255.68,-0.32,2,51136,买盘
1162,13:00:10,256.0,--,0,0,买盘
1163,13:00:05,256.0,0.37,97,2483200,中性盘
1164,11:30:00,255.63,--,0,0,中性盘
1165,11:30:00,255.63,--,0,0,中性盘
1166,11:29:54,255.63,0.03,1,25563,买盘
1167,11:29:49,255.6,--,0,0,卖盘
1168,11:29:45,255.6,-0.43,2,51120,卖盘
1169,11:29:39,256.03,-0.23,2,51205,卖盘
1170,11:29:35,256.26,--,3,76878,买盘
1171,11:29:30,256.26,0.26,3,76878,买盘
1172,11:29:24,256.0,0.03,1,25600,买盘
1173,11:29:15,255.97,-0.15,3,76791,卖盘
1174,11:29:09,256.12,0.12,3,76836,买盘
1175,11:29:05,256.0,--,8,204800,买盘
1176,11:29:00,256.0,-0.12,59,1510400,卖盘
1177,11:28:45,256.12,--,1,25612,买盘
1178,11:28:35,256.12,-0.15,11,281732,卖盘
1179,11:28:30,256.27,0.01,1,25627,买盘
1180,11:28:20,256.26,--,0,0,中性盘
1181,11:28:15,256.26,-0.01,29,743154,买盘
1182,11:28:05,256.27,0.01,8,205016,买盘
1183,11:28:00,256.26,--,2,51252,买盘
1184,11:27:54,256.26,--,2,51252,买盘
1185,11:27:45,256.26,--,7,179382,买盘
1186,11:27:39,256.26,0.03,2,51252,买盘
1187,11:27:34,256.23,--,0,0,中性盘
1188,11:27:30,256.23,-0.03,2,51246,中性盘
1189,11:27:24,256.26,0.16,8,205008,买盘
1190,11:27:20,256.1,-0.13,1,25610,卖盘
1191,11:27:15,256.23,--,2,51246,卖盘
1192,11:27:09,256.23,-0.02,1,25623,卖盘
1193,11:27:04,256.25,--,2,51250,买盘
1194,11:27:00,256.25,0.02,2,51250,买盘
1195,11:26:54,256.23,-0.01,1,25623,卖盘
1196,11:26:50,256.24,0.27,1,25624,买盘
1197,11:26:34,255.97,-0.21,1,25597,卖盘
1198,11:26:19,256.18,0.21,2,51236,中性盘
1199,11:26:14,255.97,--,1,25597,卖盘
1200,11:26:09,255.97,--,1,25597,卖盘
1201,11:26:04,255.97,--,2,51194,卖盘
1202,11:26:00,255.97,--,0,0,中性盘
1203,11:25:50,255.97,--,6,153582,买盘
1204,11:25:44,255.97,0.31,11,281567,买盘
1205,11:25:35,255.66,-0.31,2,51132,中性盘
1206,11:25:24,255.97,--,0,0,买盘
1207,11:25:19,255.97,--,1,25597,买盘
1208,11:25:15,255.97,0.37,1,25597,买盘
1209,11:25:09,255.6,-0.37,5,127800,卖盘
1210,11:25:05,255.97,-0.26,13,332761,卖盘
1211,11:24:54,256.23,--,1,25623,买盘
1212,11:24:44,256.23,-0.03,3,76869,卖盘
1213,11:24:39,256.26,0.01,5,128130,买盘
1214,11:24:34,256.25,0.01,3,76875,买盘
1215,11:24:29,256.24,--,6,153744,卖盘
1216,11:24:24,256.24,--,5,128120,买盘
1217,11:24:15,256.24,--,1,25624,买盘
1218,11:24:09,256.24,0.02,4,102496,买盘
1219,11:24:03,256.22,--,1,25622,买盘
1220,11:23:59,256.22,--,3,76866,买盘
1221,11:23:54,256.22,0.01,4,102488,买盘
1222,11:23:44,256.21,0.01,1,25620,买盘
1223,11:23:39,256.2,-0.01,2,51240,卖盘
1224,11:23:29,256.21,0.01,6,153726,买盘
1225,11:23:24,256.2,-0.01,1,25620,卖盘
1226,11:23:18,256.21,--,7,179347,买盘
1227,11:23:14,256.21,0.01,10,258772,买盘
1228,11:23:09,256.2,-0.01,1,25620,卖盘
1229,11:22:59,256.21,0.03,18,461177,买盘
1230,11:22:54,256.18,0.18,6,153708,中性盘
1231,11:22:48,256.0,-0.19,3,76800,卖盘
1232,11:22:44,256.19,0.19,3,76857,买盘
1233,11:22:39,256.0,-0.19,1,25600,卖盘
1234,11:22:33,256.19,0.19,1,25619,买盘
1235,11:22:24,256.0,--,1,25600,卖盘
1236,11:22:18,256.0,0.2,45,1152000,买盘
1237,11:22:14,255.8,-0.2,1,25580,中性盘
1238,11:22:03,256.0,--,1,25600,买盘
1239,11:21:59,256.0,0.41,1,25600,买盘
1240,11:21:54,255.59,-0.41,1,25559,卖盘
1241,11:21:48,256.0,--,9,230400,买盘
1242,11:21:39,256.0,--,11,281600,卖盘
1243,11:21:29,256.0,-0.03,1,25600,卖盘
1244,11:21:24,256.03,--,1,25602,买盘
1245,11:21:09,256.03,--,2,51205,卖盘
1246,11:20:59,256.03,-0.16,2,51205,卖盘
1247,11:20:54,256.19,0.01,1,25619,买盘
1248,11:20:38,256.18,-0.02,1,25618,买盘
1249,11:20:33,256.2,--,0,0,买盘
1250,11:20:29,256.2,--,0,0,买盘
1251,11:20:24,256.2,0.18,5,128100,买盘
1252,11:20:18,256.02,-0.18,1,25602,卖盘
1253,11:20:09,256.2,--,2,51240,买盘
1254,11:19:54,256.2,--,6,153720,买盘
1255,11:19:43,256.2,0.2,2,51240,买盘
1256,11:19:39,256.0,-0.2,5,128000,卖盘
1257,11:19:28,256.2,--,5,128100,卖盘
1258,11:19:14,256.2,--,2,51240,卖盘
1259,11:19:03,256.2,--,0,0,中性盘
1260,11:18:58,256.2,0.2,4,102480,买盘
1261,11:18:48,256.0,-0.2,1,25600,卖盘
1262,11:18:43,256.2,0.2,1,25620,买盘
1263,11:18:33,256.0,-0.2,19,486400,卖盘
1264,11:18:28,256.2,0.2,1,25620,买盘
1265,11:18:23,256.0,--,0,0,卖盘
1266,11:18:18,256.0,-0.21,1,25600,卖盘
1267,11:18:14,256.21,0.21,2,51241,买盘
1268,11:18:03,256.0,-0.2,20,512000,卖盘
1269,11:17:59,256.2,0.2,1,25620,买盘
1270,11:17:53,256.0,-0.21,1,25600,卖盘
1271,11:17:48,256.21,0.21,1,25620,买盘
1272,11:17:42,256.0,-0.21,5,128000,卖盘
1273,11:17:38,256.21,--,0,0,中性盘
1274,11:17:33,256.21,0.21,1,25620,买盘
1275,11:17:28,256.0,--,2,51200,卖盘
1276,11:17:23,256.0,-0.22,3,76800,卖盘
1277,11:17:18,256.22,0.22,1,25622,买盘
1278,11:17:08,256.0,-0.2,3,76800,卖盘
1279,11:17:03,256.2,--,2,51240,中性盘
1280,11:16:53,256.2,0.2,6,153720,买盘
1281,11:16:38,256.0,--,1,25600,买盘
1282,11:16:33,256.0,0.44,7,179200,中性盘
1283,11:16:27,255.56,-0.63,1,25556,卖盘
1284,11:16:23,256.19,0.19,1,25619,中性盘
1285,11:16:08,256.0,-0.27,2,51200,中性盘
1286,11:16:03,256.27,--,0,0,买盘
1287,11:15:57,256.27,--,5,128134,买盘
1288,11:15:53,256.27,--,1,25627,买盘
1289,11:15:48,256.27,-0.01,10,256269,卖盘
1290,11:15:42,256.28,--,1,25627,中性盘
1291,11:15:38,256.28,--,1,25627,中性盘
1292,11:15:33,256.28,--,4,102511,卖盘
1293,11:15:27,256.28,-0.01,1,25627,卖盘
1294,11:15:23,256.29,--,1,25629,买盘
1295,11:15:08,256.29,0.01,1,25629,买盘
1296,11:14:57,256.28,-0.01,2,51255,买盘
1297,11:14:47,256.29,--,0,0,买盘
1298,11:14:42,256.29,0.01,6,153774,买盘
1299,11:14:38,256.28,-0.01,4,102511,卖盘
1300,11:14:27,256.29,0.01,1,25629,买盘
1301,11:14:23,256.28,--,0,0,中性盘
1302,11:14:17,256.28,0.02,1,25627,买盘
1303,11:14:08,256.26,--,1,25626,卖盘
1304,11:14:03,256.26,0.02,19,486894,买盘
1305,11:13:53,256.24,--,1,25624,卖盘
1306,11:13:48,256.24,0.24,2,51248,买盘
1307,11:13:38,256.0,-0.24,6,153600,卖盘
1308,11:13:32,256.24,0.13,3,76872,买盘
1309,11:13:18,256.11,0.1,5,128055,买盘
1310,11:13:12,256.01,0.01,3,76803,卖盘
1311,11:13:08,256.0,--,10,256000,卖盘
1312,11:13:03,256.0,--,1,25600,卖盘
1313,11:12:57,256.0,--,2,51200,卖盘
1314,11:12:53,256.0,0.1,18,460800,买盘
1315,11:12:47,255.9,0.38,1,25590,买盘
1316,11:12:38,255.52,-0.38,2,51104,卖盘
1317,11:12:32,255.9,0.39,1,25590,买盘
1318,11:12:18,255.51,--,2,51102,买盘
1319,11:12:08,255.51,--,2,51102,买盘
1320,11:12:02,255.51,--,1,25551,买盘
1321,11:11:51,255.51,--,1,25551,买盘
1322,11:11:38,255.51,--,1,25551,买盘
1323,11:11:32,255.51,--,3,76653,卖盘
1324,11:11:27,255.51,--,2,51102,买盘
1325,11:11:23,255.51,--,1,25551,买盘
1326,11:11:17,255.51,-0.09,7,178857,卖盘
1327,11:11:07,255.6,--,1,25560,买盘
1328,11:10:53,255.6,--,3,76680,买盘
1329,11:10:37,255.6,--,2,51120,买盘
1330,11:10:32,255.6,--,0,0,买盘
1331,11:10:27,255.6,0.1,2,51120,买盘
1332,11:10:21,255.5,-0.1,1,25550,卖盘
1333,11:10:12,255.6,0.1,10,255600,买盘
1334,11:10:06,255.5,-0.01,13,332150,卖盘
1335,11:10:02,255.51,-0.09,13,332163,卖盘
1336,11:09:57,255.6,-0.04,1,25560,买盘
1337,11:09:51,255.64,-0.36,12,306768,卖盘
1338,11:09:47,256.0,--,0,0,买盘
1339,11:09:42,256.0,--,4,102400,买盘
1340,11:09:32,256.0,--,1,25600,买盘
1341,11:09:27,256.0,-0.12,9,230400,卖盘
1342,11:09:17,256.12,0.12,2,51224,买盘
1343,11:09:12,256.0,--,3,76800,卖盘
1344,11:09:06,256.0,--,1,25600,卖盘
1345,11:09:02,256.0,-0.13,2,51200,卖盘
1346,11:08:57,256.13,0.13,6,153678,买盘
1347,11:08:51,256.0,-0.14,1,25600,卖盘
1348,11:08:47,256.14,0.46,1,25614,买盘
1349,11:08:42,255.68,--,0,0,卖盘
1350,11:08:32,255.68,-0.38,7,178976,卖盘
1351,11:08:27,256.06,-0.13,3,76818,卖盘
1352,11:08:21,256.19,--,0,0,买盘
1353,11:08:17,256.19,0.13,1,25619,买盘
1354,11:08:12,256.06,--,1,25606,卖盘
1355,11:08:06,256.06,-0.04,1,25606,卖盘
1356,11:08:02,256.1,-0.1,1,25610,中性盘
1357,11:07:57,256.2,0.1,1,25620,买盘
1358,11:07:51,256.1,--,3,76830,卖盘
1359,11:07:47,256.1,-0.1,14,358540,卖盘
1360,11:07:41,256.2,-0.02,1,25620,买盘
1361,11:07:36,256.22,--,1,25622,买盘
1362,11:07:32,256.22,--,3,76866,买盘
1363,11:07:21,256.22,0.12,1,25622,买盘
1364,11:07:17,256.1,-0.13,5,128050,卖盘
1365,11:07:06,256.23,-0.01,1,25623,买盘
1366,11:06:56,256.24,--,0,0,买盘
1367,11:06:51,256.24,0.14,1,25624,买盘
1368,11:06:46,256.1,-0.14,1,25610,卖盘
1369,11:06:42,256.24,--,3,76872,买盘
1370,11:06:36,256.24,--,1,25624,买盘
1371,11:06:32,256.24,--,1,25624,买盘
1372,11:06:27,256.24,0.01,1,25624,买盘
1373,11:06:21,256.23,-0.01,8,204984,买盘
1374,11:06:17,256.24,--,0,0,买盘
1375,11:06:12,256.24,0.14,1,25624,买盘
1376,11:06:02,256.1,-0.15,2,51220,卖盘
1377,11:05:57,256.25,0.15,1,25625,买盘
1378,11:05:47,256.1,0.1,1,25610,中性盘
1379,11:05:42,256.0,-0.25,2,51200,卖盘
1380,11:05:32,256.25,--,0,0,买盘
1381,11:05:27,256.25,0.15,1,25625,买盘
1382,11:05:17,256.1,--,3,76830,买盘
1383,11:05:12,256.1,--,1,25610,买盘
1384,11:05:06,256.1,0.1,1,25610,买盘
1385,11:05:02,256.0,--,0,0,中性盘
1386,11:04:56,256.0,-0.1,6,153600,卖盘
1387,11:04:51,256.1,0.1,2,51220,买盘
1388,11:04:47,256.0,-0.03,9,230400,中性盘
1389,11:04:41,256.03,--,0,0,中性盘
1390,11:04:31,256.03,0.03,1,25602,买盘
1391,11:04:26,256.0,--,0,0,中性盘
1392,11:04:21,256.0,--,5,128000,买盘
1393,11:04:16,256.0,--,1,25600,买盘
1394,11:04:01,256.0,-0.09,10,256000,卖盘
1395,11:03:57,256.09,--,1,25608,卖盘
1396,11:03:51,256.09,-0.01,2,51217,卖盘
1397,11:03:46,256.1,0.01,2,51220,买盘
1398,11:03:41,256.09,--,2,51217,卖盘
1399,11:03:36,256.09,0.03,1,25608,中性盘
1400,11:03:26,256.06,-0.04,5,128030,卖盘
1401,11:03:21,256.1,-0.02,1,25610,买盘
1402,11:03:11,256.12,0.02,3,76836,买盘
1403,11:03:06,256.1,0.01,1,25610,中性盘
1404,11:02:56,256.09,-0.03,1,25608,卖盘
1405,11:02:51,256.12,--,2,51224,买盘
1406,11:02:41,256.12,-0.17,1,25612,卖盘
1407,11:02:36,256.29,0.08,1,25629,中性盘
1408,11:02:21,256.21,--,2,51241,卖盘
1409,11:02:15,256.21,--,0,0,中性盘
1410,11:02:11,256.21,--,2,51241,卖盘
1411,11:01:56,256.21,-0.03,2,51241,卖盘
1412,11:01:51,256.24,0.03,2,51248,中性盘
1413,11:01:41,256.21,-0.01,7,179347,卖盘
1414,11:01:36,256.22,--,5,128110,买盘
1415,11:01:26,256.22,--,1,25622,中性盘
1416,11:01:21,256.22,-0.13,7,179354,卖盘
1417,11:01:11,256.35,0.13,3,76905,买盘
1418,11:01:05,256.22,-0.13,1,25622,卖盘
1419,11:00:56,256.35,0.13,1,25635,买盘
1420,11:00:50,256.22,0.15,2,51244,买盘
1421,11:00:41,256.07,-0.29,1,25607,中性盘
1422,11:00:36,256.36,0.27,3,76908,买盘
1423,11:00:30,256.09,-0.13,1,25608,卖盘
1424,11:00:26,256.22,-0.15,1,25622,买盘
1425,11:00:21,256.37,--,0,0,买盘
1426,11:00:15,256.37,0.15,1,25637,买盘
1427,11:00:11,256.22,-0.16,1,25622,卖盘
1428,11:00:00,256.38,-0.02,1,25638,买盘
1429,10:59:56,256.4,--,8,205119,买盘
1430,10:59:51,256.4,-0.01,1,25639,中性盘
1431,10:59:45,256.41,-0.02,2,51282,买盘
1432,10:59:41,256.43,0.02,21,538503,买盘
1433,10:59:35,256.41,-0.02,3,76923,卖盘
1434,10:59:30,256.43,-0.03,2,51286,买盘
1435,10:59:26,256.46,-0.03,11,282106,卖盘
1436,10:59:21,256.49,0.03,2,51298,买盘
1437,10:59:15,256.46,--,0,0,卖盘
1438,10:59:11,256.46,--,1,25645,卖盘
1439,10:59:00,256.46,--,3,76938,买盘
1440,10:58:56,256.46,0.03,50,1282300,买盘
1441,10:58:50,256.43,0.03,3,76929,买盘
1442,10:58:40,256.4,0.01,6,153840,买盘
1443,10:58:35,256.39,--,5,128195,买盘
1444,10:58:30,256.39,0.01,9,230751,买盘
1445,10:58:25,256.38,-0.02,1,25638,卖盘
1446,10:58:20,256.4,0.03,4,102559,买盘
1447,10:58:15,256.37,--,0,0,卖盘
1448,10:58:10,256.37,--,3,76911,卖盘
1449,10:58:05,256.37,--,9,230733,卖盘
1450,10:58:00,256.37,-0.01,1,25637,卖盘
1451,10:57:50,256.38,0.01,2,51276,买盘
1452,10:57:45,256.37,--,0,0,中性盘
1453,10:57:35,256.37,0.01,1,25637,买盘
1454,10:57:25,256.36,-0.01,4,102544,中性盘
1455,10:57:20,256.37,0.02,6,153822,买盘
1456,10:57:15,256.35,0.01,1,25635,卖盘
1457,10:57:11,256.34,-0.01,3,76901,买盘
1458,10:57:05,256.35,0.05,3,76905,买盘
1459,10:57:00,256.3,--,0,0,中性盘
1460,10:56:54,256.3,--,1,25630,买盘
1461,10:56:50,256.3,--,0,0,中性盘
1462,10:56:45,256.3,--,5,128150,买盘
1463,10:56:39,256.3,--,0,0,买盘
1464,10:56:30,256.3,--,2,51260,买盘
1465,10:56:20,256.3,0.02,1,25630,买盘
1466,10:56:15,256.28,-0.02,1,25627,中性盘
1467,10:56:09,256.3,--,1,25630,买盘
1468,10:56:00,256.3,0.02,2,51260,买盘
1469,10:55:54,256.28,--,0,0,中性盘
1470,10:55:45,256.28,0.28,1,25627,买盘
1471,10:55:39,256.0,--,3,76800,卖盘
1472,10:55:35,256.0,--,2,51200,买盘
1473,10:55:30,256.0,0.32,1,25600,买盘
1474,10:55:20,255.68,--,0,0,中性盘
1475,10:55:15,255.68,--,3,76704,买盘
1476,10:55:09,255.68,--,1,25568,卖盘
1477,10:55:05,255.68,-0.32,23,588064,卖盘
1478,10:55:00,256.0,0.26,2,51200,买盘
1479,10:54:50,255.74,-0.24,3,76722,卖盘
1480,10:54:35,255.98,-0.02,1,25598,买盘
1481,10:54:24,256.0,--,0,0,买盘
1482,10:54:20,256.0,--,4,102400,买盘
1483,10:54:09,256.0,--,4,102400,买盘
1484,10:54:05,256.0,--,1,25600,买盘
1485,10:53:59,256.0,--,1,25600,买盘
1486,10:53:54,256.0,--,10,256000,买盘
1487,10:53:50,256.0,--,1,25600,买盘
1488,10:53:44,256.0,-0.3,85,2176000,卖盘
1489,10:53:39,256.3,-0.02,2,51260,卖盘
1490,10:53:35,256.32,--,1,25632,买盘
1491,10:53:29,256.32,-0.08,1,25632,卖盘
1492,10:53:20,256.4,-0.11,4,102559,卖盘
1493,10:53:14,256.51,--,1,25651,买盘
1494,10:53:09,256.51,0.05,3,76953,买盘
1495,10:53:05,256.46,-0.05,1,25645,买盘
1496,10:52:59,256.51,-0.02,7,179557,卖盘
1497,10:52:54,256.53,0.02,2,51305,中性盘
1498,10:52:50,256.51,0.01,5,128255,中性盘
1499,10:52:44,256.5,-0.06,4,102600,卖盘
1500,10:52:39,256.56,0.07,2,51312,买盘
1501,10:52:35,256.49,-0.07,5,128245,卖盘
1502,10:52:29,256.56,0.07,5,128280,买盘
1503,10:52:24,256.49,-0.01,3,76947,卖盘
1504,10:52:20,256.5,--,3,76950,买盘
1505,10:52:14,256.5,0.01,2,51300,买盘
1506,10:52:09,256.49,0.16,1,25649,买盘
1507,10:52:04,256.33,--,0,0,卖盘
1508,10:51:59,256.33,-0.17,5,128164,卖盘
1509,10:51:54,256.5,0.18,7,179550,买盘
1510,10:51:49,256.32,--,5,128160,卖盘
1511,10:51:44,256.32,0.02,27,692064,买盘
1512,10:51:34,256.3,--,2,51260,卖盘
1513,10:51:29,256.3,0.12,2,51260,买盘
1514,10:51:24,256.18,0.18,2,51236,买盘
1515,10:51:09,256.0,--,0,0,卖盘
1516,10:51:04,256.0,--,34,870400,买盘
1517,10:50:59,256.0,--,85,2176000,买盘
1518,10:50:54,256.0,--,2,51200,买盘
1519,10:50:49,256.0,--,22,563200,买盘
1520,10:50:44,256.0,0.01,20,512000,买盘
1521,10:50:34,255.99,0.05,51,1305549,买盘
1522,10:50:29,255.94,--,5,127970,买盘
1523,10:50:24,255.94,--,0,0,买盘
1524,10:50:19,255.94,0.16,6,153564,买盘
1525,10:50:14,255.78,0.11,4,102312,买盘
1526,10:50:09,255.67,--,0,0,卖盘
1527,10:50:03,255.67,0.07,12,306804,买盘
1528,10:49:59,255.6,0.02,23,587880,买盘
1529,10:49:54,255.58,0.05,3,76674,买盘
1530,10:49:48,255.53,0.03,1,25553,买盘
1531,10:49:44,255.5,0.02,54,1379700,买盘
1532,10:49:39,255.48,0.03,4,102192,买盘
1533,10:49:33,255.45,0.15,1,25545,买盘
1534,10:49:29,255.3,--,0,0,卖盘
1535,10:49:24,255.3,-0.13,10,255300,卖盘
1536,10:49:18,255.43,0.13,2,51086,买盘
1537,10:49:03,255.3,--,0,3318,买盘
1538,10:48:59,255.3,--,26,663780,买盘
1539,10:48:54,255.3,0.1,6,153180,买盘
1540,10:48:44,255.2,0.01,47,1203012,买盘
1541,10:48:39,255.19,0.01,1,25519,买盘
1542,10:48:33,255.18,--,0,0,中性盘
1543,10:48:24,255.18,--,1,25518,买盘
1544,10:48:18,255.18,0.03,3,76554,买盘
1545,10:48:14,255.15,-0.02,12,306180,卖盘
1546,10:48:09,255.17,--,2,51034,卖盘
1547,10:47:59,255.17,--,0,0,中性盘
1548,10:47:54,255.17,--,1,25517,买盘
1549,10:47:48,255.17,--,0,0,买盘
1550,10:47:39,255.17,--,5,127585,买盘
1551,10:47:33,255.17,--,0,0,中性盘
1552,10:47:29,255.17,0.02,1,25517,买盘
1553,10:47:14,255.15,0.03,1,25515,买盘
1554,10:47:08,255.12,--,0,0,卖盘
1555,10:46:59,255.12,--,1,25512,卖盘
1556,10:46:53,255.12,-0.01,6,153072,卖盘
1557,10:46:44,255.13,0.01,1,25513,买盘
1558,10:46:38,255.12,--,1,25512,卖盘
1559,10:46:33,255.12,--,1,25512,卖盘
1560,10:46:28,255.12,--,9,229608,买盘
1561,10:46:23,255.12,--,25,637800,买盘
1562,10:46:14,255.12,--,1,25512,买盘
1563,10:46:08,255.12,--,20,510240,买盘
1564,10:45:58,255.12,--,32,816384,买盘
1565,10:45:53,255.12,--,0,0,中性盘
1566,10:45:48,255.12,--,0,0,中性盘
1567,10:45:43,255.12,--,1,25512,买盘
1568,10:45:33,255.12,-0.01,18,459216,买盘
1569,10:45:29,255.13,--,0,0,买盘
1570,10:45:18,255.13,--,1,25513,买盘
1571,10:45:03,255.13,0.12,1,25513,中性盘
1572,10:44:59,255.01,-0.12,3,76503,卖盘
1573,10:44:53,255.13,0.1,1,25513,买盘
1574,10:44:48,255.03,0.02,1,25503,买盘
1575,10:44:38,255.01,-0.02,2,51002,卖盘
1576,10:44:29,255.03,--,0,0,中性盘
1577,10:44:23,255.03,0.03,1,25503,买盘
1578,10:44:13,255.0,--,11,303450,卖盘
1579,10:44:08,255.0,--,5,127500,卖盘
1580,10:44:03,255.0,--,0,0,卖盘
1581,10:43:58,255.0,--,4,102000,卖盘
1582,10:43:53,255.0,--,2,51000,卖盘
1583,10:43:48,255.0,-0.02,1,25500,卖盘
1584,10:43:38,255.02,0.02,7,178514,买盘
1585,10:43:28,255.0,-0.14,23,586500,卖盘
1586,10:43:23,255.14,0.14,1,25514,买盘
1587,10:43:13,255.0,-0.14,27,688500,卖盘
1588,10:43:08,255.14,0.12,2,51028,买盘
1589,10:42:58,255.02,-0.12,10,255020,卖盘
1590,10:42:53,255.14,-0.01,1,25514,买盘
1591,10:42:43,255.15,0.13,1,25515,买盘
1592,10:42:38,255.02,-0.01,36,918072,卖盘
1593,10:42:33,255.03,-0.12,6,153018,卖盘
1594,10:42:28,255.15,--,1,25515,买盘
1595,10:42:18,255.15,--,0,0,买盘
1596,10:42:12,255.15,0.13,1,25515,买盘
1597,10:42:08,255.02,-0.14,3,76506,卖盘
1598,10:42:03,255.16,--,0,0,中性盘
1599,10:41:57,255.16,0.14,3,76548,买盘
1600,10:41:53,255.02,--,0,0,卖盘
1601,10:41:48,255.02,--,3,76761,卖盘
1602,10:41:42,255.02,-0.15,3,89257,卖盘
1603,10:41:33,255.17,0.14,2,51034,买盘
1604,10:41:27,255.03,-0.14,2,51006,卖盘
1605,10:41:23,255.17,--,19,484823,买盘
1606,10:41:18,255.17,0.07,42,1077327,买盘
1607,10:41:12,255.1,--,8,204080,买盘
1608,10:41:08,255.1,--,4,102040,买盘
1609,10:41:03,255.1,--,31,810707,卖盘
1610,10:40:57,255.1,-0.03,3,76530,卖盘
1611,10:40:52,255.13,-0.02,7,178591,卖盘
1612,10:40:48,255.15,--,1,25515,买盘
1613,10:40:42,255.15,--,0,0,买盘
1614,10:40:33,255.15,--,7,178605,买盘
1615,10:40:27,255.15,0.05,5,127575,买盘
1616,10:40:22,255.1,-0.04,21,541322,卖盘
1617,10:40:17,255.14,0.01,25,637850,买盘
1618,10:40:12,255.13,0.03,3,76539,中性盘
1619,10:40:07,255.1,--,23,586730,卖盘
1620,10:40:02,255.1,--,12,306120,卖盘
1621,10:39:57,255.1,-0.05,1,25510,卖盘
1622,10:39:52,255.15,0.12,1,25515,买盘
1623,10:39:47,255.03,--,3,76509,卖盘
1624,10:39:42,255.03,-0.12,3,76509,卖盘
1625,10:39:38,255.15,0.12,18,459270,买盘
1626,10:39:32,255.03,0.01,1,25503,卖盘
1627,10:39:27,255.02,-0.08,3,76506,卖盘
1628,10:39:22,255.1,-0.03,20,510200,卖盘
1629,10:39:08,255.13,--,0,0,中性盘
1630,10:39:02,255.13,-0.04,2,51026,卖盘
1631,10:38:52,255.17,--,1,25517,买盘
1632,10:38:42,255.17,--,0,0,买盘
1633,10:38:37,255.17,--,1,25517,买盘
1634,10:38:32,255.17,0.07,16,408272,买盘
1635,10:38:27,255.1,--,3,76530,买盘
1636,10:38:23,255.1,--,25,638260,买盘
1637,10:38:12,255.1,--,1,25510,买盘
1638,10:38:02,255.1,0.1,10,255610,买盘
1639,10:37:57,255.0,--,1,25500,买盘
1640,10:37:52,255.0,--,3,76500,买盘
1641,10:37:47,255.0,0.04,8,204000,买盘
1642,10:37:42,254.96,-0.04,29,741933,卖盘
1643,10:37:37,255.0,--,0,0,买盘
1644,10:37:32,255.0,0.02,22,561000,买盘
1645,10:37:27,254.98,-0.02,9,229482,卖盘
1646,10:37:22,255.0,-0.17,2,51000,卖盘
1647,10:37:17,255.17,--,0,0,买盘
1648,10:37:12,255.17,-0.01,1,25517,买盘
1649,10:37:07,255.18,0.18,3,76554,买盘
1650,10:37:02,255.0,-0.17,19,509490,卖盘
1651,10:36:57,255.17,0.17,4,102068,买盘
1652,10:36:42,255.0,--,0,510,买盘
1653,10:36:37,255.0,--,16,408000,买盘
1654,10:36:32,255.0,--,2,51000,买盘
1655,10:36:27,255.0,--,32,816000,卖盘
1656,10:36:22,255.0,-0.1,21,535500,卖盘
1657,10:36:17,255.1,--,1,25510,买盘
1658,10:36:12,255.1,--,0,0,买盘
1659,10:36:02,255.1,--,1,25510,买盘
1660,10:35:57,255.1,--,1,25510,买盘
1661,10:35:52,255.1,--,1,25510,卖盘
1662,10:35:47,255.1,--,4,102040,买盘
1663,10:35:42,255.1,--,0,0,买盘
1664,10:35:32,255.1,--,28,715300,买盘
1665,10:35:27,255.1,0.1,15,403823,买盘
1666,10:35:22,255.0,0.08,1,25500,买盘
1667,10:35:17,254.92,--,0,0,卖盘
1668,10:35:12,254.92,--,0,0,中性盘
1669,10:35:07,254.92,0.01,2,50984,买盘
1670,10:35:02,254.91,--,1,25491,买盘
1671,10:34:57,254.91,--,3,76473,买盘
1672,10:34:52,254.91,--,1,25491,买盘
1673,10:34:42,254.91,0.21,2,50982,买盘
1674,10:34:36,254.7,--,1,26234,买盘
1675,10:34:32,254.7,-0.2,21,534870,卖盘
1676,10:34:27,254.9,--,2,50980,卖盘
1677,10:34:17,254.9,--,1,25490,卖盘
1678,10:34:12,254.9,--,0,0,中性盘
1679,10:34:06,254.9,--,3,76470,买盘
1680,10:33:57,254.9,--,3,76470,买盘
1681,10:33:51,254.9,--,7,178430,买盘
1682,10:33:47,254.9,--,11,280390,买盘
1683,10:33:42,254.9,--,2,50980,买盘
1684,10:33:32,254.9,--,6,158038,卖盘
1685,10:33:27,254.9,-0.2,1,25490,卖盘
1686,10:33:21,255.1,0.1,2,51020,买盘
1687,10:33:16,255.0,0.1,53,1355070,买盘
1688,10:33:11,254.9,--,34,866660,买盘
1689,10:33:06,254.9,--,13,331370,卖盘
1690,10:33:01,254.9,-0.09,3,76470,卖盘
1691,10:32:56,254.99,--,11,280489,买盘
1692,10:32:46,254.99,--,5,127495,买盘
1693,10:32:41,254.99,--,2,50998,买盘
1694,10:32:36,254.99,-0.01,3,76497,卖盘
1695,10:32:31,255.0,--,1,25500,买盘
1696,10:32:26,255.0,--,2,51000,买盘
1697,10:32:21,255.0,--,2,51000,买盘
1698,10:32:16,255.0,--,25,637500,买盘
1699,10:32:11,255.0,--,58,1479000,买盘
1700,10:32:06,255.0,--,20,510000,买盘
1701,10:32:01,255.0,0.01,5,127500,买盘
1702,10:31:56,254.99,--,2,50998,卖盘
1703,10:31:51,254.99,-0.01,1,25499,卖盘
1704,10:31:46,255.0,--,1,25500,买盘
1705,10:31:41,255.0,--,3,76500,买盘
1706,10:31:36,255.0,--,26,664530,买盘
1707,10:31:31,255.0,0.01,23,586500,买盘
1708,10:31:21,254.99,-0.01,2,50998,卖盘
1709,10:31:16,255.0,0.12,11,280500,买盘
1710,10:31:11,254.88,--,0,0,中性盘
1711,10:31:01,254.88,0.09,1,25488,买盘
1712,10:30:56,254.79,--,0,0,中性盘
1713,10:30:51,254.79,-0.2,1,25479,中性盘
1714,10:30:46,254.99,0.2,15,382485,买盘
1715,10:30:41,254.79,-0.21,21,535059,卖盘
1716,10:30:36,255.0,--,0,0,买盘
1717,10:30:31,255.0,0.21,10,255000,买盘
1718,10:30:26,254.79,--,2,50958,卖盘
1719,10:30:21,254.79,--,3,76437,卖盘
1720,10:30:16,254.79,0.18,19,484101,买盘
1721,10:30:11,254.61,-0.18,2,50922,中性盘
1722,10:30:06,254.79,0.22,1,25479,买盘
1723,10:30:01,254.57,-0.22,14,356398,中性盘
1724,10:29:56,254.79,-0.1,43,1095597,卖盘
1725,10:29:46,254.89,--,9,229401,买盘
1726,10:29:41,254.89,--,35,892115,卖盘
1727,10:29:31,254.89,-0.11,1,25489,卖盘
1728,10:29:26,255.0,--,3,76500,买盘
1729,10:29:21,255.0,--,11,280500,买盘
1730,10:29:16,255.0,--,6,153000,买盘
1731,10:29:11,255.0,-0.1,58,1503990,卖盘
1732,10:29:01,255.1,--,1,25510,买盘
1733,10:28:56,255.1,-0.02,2,51020,买盘
1734,10:28:51,255.12,0.09,10,255120,卖盘
1735,10:28:46,255.03,--,0,0,卖盘
1736,10:28:41,255.03,-0.1,28,714594,卖盘
1737,10:28:36,255.13,0.01,3,76539,买盘
1738,10:28:31,255.12,--,0,0,中性盘
1739,10:28:26,255.12,--,1,25512,买盘
1740,10:28:21,255.12,0.11,3,76536,卖盘
1741,10:28:11,255.01,-0.09,6,153006,卖盘
1742,10:28:01,255.1,--,1,25510,买盘
1743,10:27:56,255.1,--,26,663260,买盘
1744,10:27:46,255.1,0.1,1,25510,中性盘
1745,10:27:41,255.0,-0.12,32,816000,卖盘
1746,10:27:36,255.12,0.01,1,25512,买盘
1747,10:27:31,255.11,--,4,102044,卖盘
1748,10:27:26,255.11,--,1,25511,卖盘
1749,10:27:21,255.11,0.01,5,127555,卖盘
1750,10:27:15,255.1,-0.02,2,51020,卖盘
1751,10:27:11,255.12,0.02,2,51024,买盘
1752,10:27:06,255.1,--,0,510,买盘
1753,10:26:56,255.1,--,10,255100,买盘
1754,10:26:51,255.1,--,6,153060,买盘
1755,10:26:45,255.1,-0.03,9,229590,卖盘
1756,10:26:41,255.13,--,6,153078,买盘
1757,10:26:36,255.13,--,1,25513,买盘
1758,10:26:30,255.13,--,2,51026,买盘
1759,10:26:26,255.13,--,2,51026,买盘
1760,10:26:20,255.13,0.03,1,25513,买盘
1761,10:26:11,255.1,-0.03,7,178570,卖盘
1762,10:26:05,255.13,--,0,0,买盘
1763,10:25:55,255.13,0.04,26,663338,买盘
1764,10:25:50,255.09,0.06,3,76527,买盘
1765,10:25:45,255.03,0.03,2,51006,卖盘
1766,10:25:40,255.0,-0.1,2,51000,卖盘
1767,10:25:35,255.1,0.1,2,51020,买盘
1768,10:25:25,255.0,-0.09,7,178500,卖盘
1769,10:25:20,255.09,0.09,1,25509,中性盘
1770,10:25:10,255.0,0.18,4,102000,卖盘
1771,10:25:05,254.82,-0.19,23,586086,卖盘
1772,10:25:00,255.01,-0.09,6,153006,中性盘
1773,10:24:55,255.1,0.1,35,892850,买盘
1774,10:24:50,255.0,0.01,5,127500,买盘
1775,10:24:45,254.99,--,1,25499,买盘
1776,10:24:40,254.99,-0.01,1,25499,买盘
1777,10:24:30,255.0,--,0,0,买盘
1778,10:24:25,255.0,--,1,25500,买盘
1779,10:24:20,255.0,0.18,11,280500,买盘
1780,10:24:15,254.82,-0.18,1,25482,卖盘
1781,10:24:10,255.0,--,21,535500,买盘
1782,10:24:05,255.0,--,1,25500,买盘
1783,10:23:55,255.0,-0.01,20,510000,卖盘
1784,10:23:50,255.01,--,0,0,卖盘
1785,10:23:45,255.01,-0.09,1,25501,卖盘
1786,10:23:40,255.1,--,3,76530,买盘
1787,10:23:30,255.1,--,2,51020,买盘
1788,10:23:25,255.1,--,0,0,买盘
1789,10:23:20,255.1,--,11,280610,卖盘
1790,10:23:15,255.1,-0.03,2,51020,卖盘
1791,10:23:10,255.13,0.01,14,357182,买盘
1792,10:23:05,255.12,0.01,2,51024,中性盘
1793,10:23:00,255.11,--,9,229599,中性盘
1794,10:22:55,255.11,-0.02,1,25511,买盘
1795,10:22:50,255.13,--,0,0,买盘
1796,10:22:45,255.13,--,3,76539,买盘
1797,10:22:40,255.13,--,10,255130,买盘
1798,10:22:35,255.13,--,5,127565,买盘
1799,10:22:30,255.13,-0.07,23,586799,卖盘
1800,10:22:25,255.2,0.03,5,127600,买盘
1801,10:22:15,255.17,0.17,2,51034,买盘
1802,10:22:10,255.0,--,0,0,卖盘
1803,10:22:05,255.0,0.2,3,76500,卖盘
1804,10:22:00,254.8,--,10,254800,买盘
1805,10:21:55,254.8,-0.33,21,535080,卖盘
1806,10:21:50,255.13,--,0,0,中性盘
1807,10:21:45,255.13,0.05,1,25513,买盘
1808,10:21:35,255.08,--,2,51016,卖盘
1809,10:21:30,255.08,-0.05,3,76524,卖盘
1810,10:21:20,255.13,0.05,1,25513,买盘
1811,10:21:15,255.08,0.28,1,25508,买盘
1812,10:21:10,254.8,-0.28,2,50960,卖盘
1813,10:21:05,255.08,0.26,1,25508,买盘
1814,10:21:00,254.82,0.03,1,25482,中性盘
1815,10:20:54,254.79,-0.21,0,18344,卖盘
1816,10:20:49,255.0,0.18,1,25500,中性盘
1817,10:20:45,254.82,0.02,7,178374,中性盘
1818,10:20:40,254.8,--,1,25480,中性盘
1819,10:20:35,254.8,-0.02,1,25480,买盘
1820,10:20:30,254.82,-0.18,3,76446,卖盘
1821,10:20:25,255.0,0.21,2,51000,买盘
1822,10:20:20,254.79,--,3,76437,卖盘
1823,10:20:15,254.79,--,14,356706,买盘
1824,10:20:10,254.79,--,7,178353,卖盘
1825,10:20:04,254.79,--,8,203832,卖盘
1826,10:20:00,254.79,--,2,50958,卖盘
1827,10:19:55,254.79,--,2,50958,卖盘
1828,10:19:50,254.79,--,5,127395,卖盘
1829,10:19:45,254.79,--,7,178353,买盘
1830,10:19:39,254.79,0.01,1,25479,买盘
1831,10:19:35,254.78,-0.41,3,76434,卖盘
1832,10:19:29,255.19,--,21,535899,买盘
1833,10:19:24,255.19,0.4,11,280709,买盘
1834,10:19:20,254.79,-0.11,3,76437,中性盘
1835,10:19:14,254.9,-0.3,26,662740,卖盘
1836,10:19:05,255.2,-0.1,0,20160,卖盘
1837,10:18:59,255.3,-0.14,20,510855,卖盘
1838,10:18:54,255.44,0.04,2,51088,中性盘
1839,10:18:50,255.4,--,20,510800,卖盘
1840,10:18:44,255.4,0.03,1,25540,买盘
1841,10:18:39,255.37,-0.02,1,25537,卖盘
1842,10:18:35,255.39,--,1,25539,中性盘
1843,10:18:29,255.39,0.01,24,612936,中性盘
1844,10:18:24,255.38,0.01,76,1940888,中性盘
1845,10:18:19,255.37,--,13,331981,买盘
1846,10:18:14,255.37,--,10,255370,买盘
1847,10:18:09,255.37,--,2,51074,买盘
1848,10:18:04,255.37,--,16,408592,买盘
1849,10:17:59,255.37,--,3,76611,卖盘
1850,10:17:49,255.37,--,6,153222,卖盘
1851,10:17:44,255.37,-0.01,9,255114,中性盘
1852,10:17:39,255.38,--,2,51076,买盘
1853,10:17:34,255.38,0.02,2,51076,买盘
1854,10:17:29,255.36,--,1,25536,卖盘
1855,10:17:24,255.36,--,9,229824,买盘
1856,10:17:19,255.36,0.06,10,255360,买盘
1857,10:17:14,255.3,--,5,127650,卖盘
1858,10:17:09,255.3,--,16,408480,卖盘
1859,10:17:04,255.3,--,7,178710,卖盘
1860,10:16:59,255.3,0.01,16,408480,买盘
1861,10:16:54,255.29,0.06,4,102116,卖盘
1862,10:16:49,255.23,-0.06,18,477535,卖盘
1863,10:16:44,255.29,0.01,10,268054,买盘
1864,10:16:39,255.28,-0.01,2,51056,中性盘
1865,10:16:34,255.29,0.06,7,178703,买盘
1866,10:16:29,255.23,-0.06,5,127615,卖盘
1867,10:16:24,255.29,--,16,408464,买盘
1868,10:16:19,255.29,0.06,7,178703,买盘
1869,10:16:14,255.23,-0.05,19,484937,卖盘
1870,10:16:09,255.28,-0.02,1,25528,卖盘
1871,10:16:04,255.3,0.07,45,1148850,买盘
1872,10:15:59,255.23,0.03,8,204439,中性盘
1873,10:15:54,255.2,--,0,0,卖盘
1874,10:15:49,255.2,--,10,255200,卖盘
1875,10:15:44,255.2,0.2,4,102080,买盘
1876,10:15:39,255.0,0.05,76,1938000,买盘
1877,10:15:34,254.95,--,4,101980,买盘
1878,10:15:29,254.95,0.17,6,152970,买盘
1879,10:15:24,254.78,0.11,8,203824,买盘
1880,10:15:19,254.67,--,0,0,卖盘
1881,10:15:09,254.67,0.12,3,76401,卖盘
1882,10:15:04,254.55,--,0,0,卖盘
1883,10:14:59,254.55,--,3,89092,卖盘
1884,10:14:54,254.55,0.03,1,25455,卖盘
1885,10:14:49,254.52,--,0,0,卖盘
1886,10:14:44,254.52,0.01,2,50904,买盘
1887,10:14:39,254.51,0.01,1,25451,中性盘
1888,10:14:29,254.5,--,3,76350,买盘
1889,10:14:24,254.5,0.09,2,50900,买盘
1890,10:14:14,254.41,0.01,1,25441,买盘
1891,10:14:09,254.4,0.19,3,76320,买盘
1892,10:13:59,254.21,0.12,49,1245629,买盘
1893,10:13:54,254.09,--,3,76227,买盘
1894,10:13:44,254.09,0.03,5,127045,买盘
1895,10:13:39,254.06,--,2,50812,买盘
1896,10:13:29,254.06,0.06,2,50812,买盘
1897,10:13:24,254.0,--,12,304800,买盘
1898,10:13:19,254.0,0.55,1,25400,买盘
1899,10:13:14,253.45,-0.07,10,253450,卖盘
1900,10:13:09,253.52,0.03,95,2409454,买盘
1901,10:13:04,253.49,--,1,25349,买盘
1902,10:12:59,253.49,-0.03,14,354886,卖盘
1903,10:12:54,253.52,0.01,19,481688,买盘
1904,10:12:48,253.51,--,7,177457,买盘
1905,10:12:43,253.51,0.01,8,202808,买盘
1906,10:12:39,253.5,-0.01,6,152100,卖盘
1907,10:12:34,253.51,--,2,50702,买盘
1908,10:12:28,253.51,0.01,1,25351,买盘
1909,10:12:23,253.5,-0.01,10,253500,卖盘
1910,10:12:19,253.51,-0.01,4,101404,卖盘
1911,10:12:14,253.52,--,3,76056,买盘
1912,10:12:08,253.52,0.01,17,430984,买盘
1913,10:12:04,253.51,-0.01,4,111797,卖盘
1914,10:11:58,253.52,--,9,228168,买盘
1915,10:11:53,253.52,0.02,8,202816,买盘
1916,10:11:48,253.5,--,27,684450,卖盘
1917,10:11:43,253.5,-0.02,5,126750,卖盘
1918,10:11:38,253.52,--,9,228168,买盘
1919,10:11:28,253.52,--,5,130309,买盘
1920,10:11:23,253.52,-0.48,26,661687,卖盘
1921,10:11:18,254.0,0.48,13,330200,买盘
1922,10:11:14,253.52,-0.27,69,1772104,卖盘
1923,10:11:08,253.79,0.01,2,50758,买盘
1924,10:11:03,253.78,0.28,1,25378,买盘
1925,10:10:59,253.5,0.06,45,1162551,买盘
1926,10:10:53,253.44,-0.01,2,50688,买盘
1927,10:10:48,253.45,--,0,0,买盘
1928,10:10:43,253.45,--,8,202760,买盘
1929,10:10:38,253.45,0.01,25,638947,买盘
1930,10:10:28,253.44,-0.01,4,101376,卖盘
1931,10:10:23,253.45,--,2,50690,买盘
1932,10:10:18,253.45,--,1,25345,买盘
1933,10:10:13,253.45,--,2,50690,买盘
1934,10:10:08,253.45,-0.06,21,532245,卖盘
1935,10:10:03,253.51,0.01,8,202808,买盘
1936,10:09:58,253.5,0.06,50,1285498,买盘
1937,10:09:53,253.44,-0.01,13,329472,卖盘
1938,10:09:48,253.45,-0.05,6,165249,卖盘
1939,10:09:43,253.5,0.05,5,138918,买盘
1940,10:09:38,253.45,-0.04,10,253450,卖盘
1941,10:09:33,253.49,-0.01,20,513570,卖盘
1942,10:09:28,253.5,--,45,1159255,卖盘
1943,10:09:23,253.5,--,0,0,卖盘
1944,10:09:13,253.5,0.01,30,760753,买盘
1945,10:09:08,253.49,0.04,12,306469,买盘
1946,10:09:03,253.45,--,52,1317940,买盘
1947,10:08:58,253.45,--,38,963110,买盘
1948,10:08:53,253.45,-0.05,7,177415,卖盘
1949,10:08:48,253.5,--,5,126750,买盘
1950,10:08:38,253.5,-0.18,6,152100,中性盘
1951,10:08:33,253.68,--,1,25368,买盘
1952,10:08:28,253.68,--,2,50736,买盘
1953,10:08:23,253.68,--,9,228312,买盘
1954,10:08:18,253.68,-0.11,23,583464,卖盘
1955,10:08:08,253.79,--,3,76137,买盘
1956,10:08:03,253.79,0.09,30,761370,买盘
1957,10:07:48,253.7,0.02,29,735730,买盘
1958,10:07:38,253.68,0.36,33,846783,买盘
1959,10:07:28,253.32,--,6,151992,卖盘
1960,10:07:22,253.32,0.01,7,198096,买盘
1961,10:07:18,253.31,--,51,1305559,买盘
1962,10:07:07,253.31,-0.01,9,227979,买盘
1963,10:07:03,253.32,--,0,0,买盘
1964,10:06:58,253.32,0.01,10,253320,买盘
1965,10:06:52,253.31,-0.01,2,50662,中性盘
1966,10:06:48,253.32,0.28,27,683964,买盘
1967,10:06:37,253.04,0.01,25,632600,中性盘
1968,10:06:33,253.03,-0.29,4,101212,卖盘
1969,10:06:28,253.32,--,26,658632,买盘
1970,10:06:22,253.32,--,5,126660,买盘
1971,10:06:18,253.32,--,49,1241268,买盘
1972,10:06:13,253.32,-0.04,17,435203,卖盘
1973,10:06:08,253.36,--,3,96783,买盘
1974,10:06:03,253.36,--,70,1773520,买盘
1975,10:05:58,253.36,0.01,1,25336,买盘
1976,10:05:52,253.35,-0.01,5,126675,卖盘
1977,10:05:48,253.36,-0.08,6,152016,买盘
1978,10:05:43,253.44,--,2,53222,卖盘
1979,10:05:38,253.44,--,1,25344,卖盘
1980,10:05:32,253.44,--,6,174873,买盘
1981,10:05:28,253.44,0.07,6,152064,买盘
1982,10:05:22,253.37,-0.07,5,126685,中性盘
1983,10:05:17,253.44,--,28,709632,买盘
1984,10:05:13,253.44,--,3,76032,买盘
1985,10:05:07,253.44,--,8,202752,买盘
1986,10:05:02,253.44,-0.04,19,481536,卖盘
1987,10:04:52,253.48,--,0,0,买盘
1988,10:04:47,253.48,0.04,7,177436,买盘
1989,10:04:43,253.44,-0.04,0,16220,卖盘
1990,10:04:37,253.48,--,48,1216704,买盘
1991,10:04:32,253.48,--,1,25348,买盘
1992,10:04:27,253.48,-0.02,5,126740,买盘
1993,10:04:22,253.5,--,1,25350,买盘
1994,10:04:17,253.5,--,2,50700,买盘
1995,10:04:12,253.5,0.02,29,735150,买盘
1996,10:04:07,253.48,-0.02,7,177436,卖盘
1997,10:04:02,253.5,--,1,25350,买盘
1998,10:03:52,253.5,--,6,152100,买盘
1999,10:03:47,253.5,-0.17,13,329550,卖盘
2000,10:03:37,253.67,0.15,11,279037,买盘
2001,10:03:32,253.52,0.02,46,1166192,买盘
2002,10:03:22,253.5,--,2,50700,买盘
2003,10:03:17,253.5,0.2,3,76050,中性盘
2004,10:03:12,253.3,--,0,0,卖盘
2005,10:03:07,253.3,-0.18,62,1575526,卖盘
2006,10:03:02,253.48,--,3,76044,买盘
2007,10:02:52,253.48,0.18,1,25348,买盘
2008,10:02:47,253.3,--,0,0,卖盘
2009,10:02:42,253.3,0.18,137,3489460,买盘
2010,10:02:37,253.12,--,2,50624,买盘
2011,10:02:32,253.12,--,9,227808,卖盘
2012,10:02:27,253.12,-0.18,4,101248,卖盘
2013,10:02:22,253.3,0.02,1,25330,买盘
2014,10:02:17,253.28,--,1,25328,买盘
2015,10:02:12,253.28,0.16,1,25328,买盘
2016,10:02:07,253.12,-0.08,1,25312,卖盘
2017,10:02:02,253.2,0.2,3,75960,买盘
2018,10:01:57,253.0,-0.11,31,807576,卖盘
2019,10:01:52,253.11,0.01,8,202488,中性盘
2020,10:01:42,253.1,--,1,40749,买盘
2021,10:01:37,253.1,--,0,0,买盘
2022,10:01:32,253.1,--,1,25310,买盘
2023,10:01:27,253.1,0.1,2,50620,买盘
2024,10:01:22,253.0,--,0,0,中性盘
2025,10:01:17,253.0,--,5,127259,卖盘
2026,10:01:12,253.0,--,19,483736,买盘
2027,10:01:07,253.0,--,1,25300,买盘
2028,10:01:02,253.0,--,3,75900,买盘
2029,10:00:57,253.0,0.02,1,25300,买盘
2030,10:00:47,252.98,-0.01,1,25298,卖盘
2031,10:00:42,252.99,0.01,11,278289,中性盘
2032,10:00:37,252.98,--,4,107263,卖盘
2033,10:00:31,252.98,--,6,176580,买盘
2034,10:00:27,252.98,--,3,75894,买盘
2035,10:00:16,252.98,--,2,50596,买盘
2036,10:00:12,252.98,0.03,11,278783,买盘
2037,10:00:07,252.95,0.01,3,75885,中性盘
2038,10:00:01,252.94,-0.02,27,690779,卖盘
2039,09:59:57,252.96,0.01,11,278256,中性盘
2040,09:59:52,252.95,--,1,25295,卖盘
2041,09:59:46,252.95,0.01,7,179594,买盘
2042,09:59:42,252.94,--,7,177058,买盘
2043,09:59:37,252.94,0.01,7,177058,买盘
2044,09:59:31,252.93,--,9,234971,买盘
2045,09:59:27,252.93,--,7,177051,买盘
2046,09:59:22,252.93,0.1,4,101172,买盘
2047,09:59:16,252.83,-0.1,62,1567546,卖盘
2048,09:59:11,252.93,-0.01,1,25293,卖盘
2049,09:59:01,252.94,0.02,3,75882,买盘
2050,09:58:56,252.92,-0.02,2,50584,卖盘
2051,09:58:46,252.94,0.02,3,75882,中性盘
2052,09:58:41,252.92,-0.03,15,384691,卖盘
2053,09:58:36,252.95,-0.14,1,25295,中性盘
2054,09:58:31,253.09,0.16,4,101236,买盘
2055,09:58:26,252.93,0.01,31,784083,买盘
2056,09:58:22,252.92,--,1,25292,买盘
2057,09:58:16,252.92,--,4,101168,买盘
2058,09:58:11,252.92,-0.08,16,404672,卖盘
2059,09:58:06,253.0,0.08,2,59708,买盘
2060,09:58:01,252.92,-0.06,7,177044,卖盘
2061,09:57:56,252.98,-0.02,1,25298,卖盘
2062,09:57:51,253.0,-0.1,1,25300,买盘
2063,09:57:46,253.1,0.1,30,759300,买盘
2064,09:57:41,253.0,0.08,1,25300,买盘
2065,09:57:36,252.92,-0.14,71,1805848,卖盘
2066,09:57:31,253.06,--,11,278366,卖盘
2067,09:57:26,253.06,0.14,22,571915,买盘
2068,09:57:21,252.92,--,0,0,中性盘
2069,09:57:16,252.92,-0.27,4,101168,中性盘
2070,09:57:11,253.19,0.27,8,202552,买盘
2071,09:57:06,252.92,--,17,429964,买盘
2072,09:57:01,252.92,-0.13,129,3270761,卖盘
2073,09:56:56,253.05,--,10,253050,卖盘
2074,09:56:51,253.05,--,1,25305,卖盘
2075,09:56:46,253.05,-0.01,0,12652,卖盘
2076,09:56:41,253.06,0.01,1,25306,中性盘
2077,09:56:36,253.05,-0.02,13,328965,卖盘
2078,09:56:31,253.07,-0.13,5,126535,中性盘
2079,09:56:26,253.2,0.15,1,37980,买盘
2080,09:56:21,253.05,0.04,10,253050,卖盘
2081,09:56:16,253.01,--,8,220371,买盘
2082,09:56:11,253.01,--,4,101204,买盘
2083,09:56:06,253.01,0.01,32,809632,卖盘
2084,09:56:01,253.0,-0.3,25,632500,卖盘
2085,09:55:56,253.3,0.25,94,2381020,买盘
2086,09:55:51,253.05,-0.01,45,1138725,卖盘
2087,09:55:46,253.06,0.01,151,3821206,买盘
2088,09:55:41,253.05,0.03,234,5921623,买盘
2089,09:55:36,253.02,--,37,936174,买盘
2090,09:55:31,253.02,0.01,1,25302,买盘
2091,09:55:26,253.01,-0.04,6,151806,卖盘
2092,09:55:21,253.05,-0.25,15,379575,卖盘
2093,09:55:16,253.3,-0.14,2,50660,买盘
2094,09:55:11,253.44,0.43,25,633600,买盘
2095,09:55:06,253.01,-0.43,24,607224,卖盘
2096,09:55:01,253.44,--,79,2002429,买盘
2097,09:54:56,253.44,-0.01,4,101376,买盘
2098,09:54:51,253.45,-0.03,1,25345,买盘
2099,09:54:41,253.48,--,0,0,买盘
2100,09:54:36,253.48,-0.02,2,50696,卖盘
2101,09:54:26,253.5,--,4,101400,买盘
2102,09:54:21,253.5,-0.1,11,278850,卖盘
2103,09:54:15,253.6,0.01,10,253600,卖盘
2104,09:54:11,253.59,0.01,1,25359,卖盘
2105,09:54:06,253.58,0.08,3,76074,卖盘
2106,09:54:00,253.5,--,4,101400,买盘
2107,09:53:55,253.5,-0.1,6,152100,买盘
2108,09:53:51,253.6,-0.05,2,50720,中性盘
2109,09:53:40,253.65,--,0,0,买盘
2110,09:53:36,253.65,-0.03,1,25365,中性盘
2111,09:53:31,253.68,-0.01,1,31710,中性盘
2112,09:53:21,253.69,0.37,58,1471655,中性盘
2113,09:53:10,253.32,-0.43,2,50664,卖盘
2114,09:53:06,253.75,-0.05,1,25375,中性盘
2115,09:53:01,253.8,--,1,25380,买盘
2116,09:52:55,253.8,0.6,1,25380,买盘
2117,09:52:51,253.2,0.08,1,25320,卖盘
2118,09:52:46,253.12,--,1,25312,买盘
2119,09:52:40,253.12,0.02,1,25312,买盘
2120,09:52:36,253.1,--,5,126550,买盘
2121,09:52:31,253.1,--,0,0,买盘
2122,09:52:25,253.1,0.09,2,50620,买盘
2123,09:52:21,253.01,-0.09,3,100950,卖盘
2124,09:52:16,253.1,-0.01,4,101240,卖盘
2125,09:52:10,253.11,0.08,8,202488,卖盘
2126,09:52:05,253.03,--,4,101212,卖盘
2127,09:51:55,253.03,0.02,3,75909,卖盘
2128,09:51:50,253.01,--,4,101204,卖盘
2129,09:51:46,253.01,-0.09,1,25301,卖盘
2130,09:51:40,253.1,0.11,2,50620,买盘
2131,09:51:35,252.99,--,6,175828,买盘
2132,09:51:30,252.99,-0.01,15,380749,卖盘
2133,09:51:25,253.0,-0.3,10,253000,卖盘
2134,09:51:20,253.3,0.3,14,354620,买盘
2135,09:51:15,253.0,--,6,151800,买盘
2136,09:51:10,253.0,-0.9,132,3339853,卖盘
2137,09:51:05,253.9,0.05,11,279290,买盘
2138,09:51:00,253.85,0.04,7,177695,买盘
2139,09:50:55,253.81,-0.01,2,50762,卖盘
2140,09:50:50,253.82,-0.07,15,380730,中性盘
2141,09:50:45,253.89,0.08,2,50778,买盘
2142,09:50:40,253.81,--,0,0,卖盘
2143,09:50:35,253.81,0.01,5,126905,买盘
2144,09:50:30,253.8,--,0,0,买盘
2145,09:50:25,253.8,--,3,76140,买盘
2146,09:50:20,253.8,0.01,8,203040,买盘
2147,09:50:15,253.79,-0.01,1,25379,买盘
2148,09:50:10,253.8,0.69,2,50760,买盘
2149,09:50:05,253.11,-0.69,14,354354,中性盘
2150,09:50:00,253.8,--,0,0,买盘
2151,09:49:55,253.8,-0.08,1,25380,买盘
2152,09:49:50,253.88,0.08,1,25388,买盘
2153,09:49:45,253.8,--,121,3096106,卖盘
2154,09:49:40,253.8,0.01,2,50760,买盘
2155,09:49:35,253.79,0.1,5,126895,中性盘
2156,09:49:30,253.69,-0.01,95,2410055,卖盘
2157,09:49:25,253.7,-0.07,7,177590,中性盘
2158,09:49:20,253.77,0.07,2,50754,买盘
2159,09:49:15,253.7,0.01,1,25370,买盘
2160,09:49:10,253.69,-0.01,1,25369,卖盘
2161,09:49:05,253.7,0.63,1,25370,买盘
2162,09:49:00,253.07,--,1,25307,卖盘
2163,09:48:55,253.07,-0.21,9,227763,卖盘
2164,09:48:50,253.28,--,2,50656,买盘
2165,09:48:45,253.28,--,0,0,买盘
2166,09:48:35,253.28,0.15,4,101312,买盘
2167,09:48:30,253.13,0.14,9,227817,买盘
2168,09:48:25,252.99,--,0,0,卖盘
2169,09:48:20,252.99,0.04,6,175828,买盘
2170,09:48:15,252.95,-0.04,3,77149,卖盘
2171,09:48:10,252.99,--,0,0,中性盘
2172,09:48:05,252.99,0.03,1,25299,买盘
2173,09:48:00,252.96,-0.03,2,50592,中性盘
2174,09:47:55,252.99,0.04,2,50598,买盘
2175,09:47:50,252.95,-0.05,5,150505,卖盘
2176,09:47:45,253.0,--,9,227700,买盘
2177,09:47:40,253.0,--,4,101200,买盘
2178,09:47:35,253.0,--,26,657800,买盘
2179,09:47:30,253.0,-0.2,44,1113200,卖盘
2180,09:47:25,253.2,0.01,2,50640,卖盘
2181,09:47:20,253.19,-0.61,2,50638,卖盘
2182,09:47:15,253.8,0.6,1,25380,买盘
2183,09:47:10,253.2,0.2,6,151920,中性盘
2184,09:47:04,253.0,-0.8,89,2251700,卖盘
2185,09:47:00,253.8,0.64,1,25380,买盘
2186,09:46:49,253.16,-0.64,1,25316,卖盘
2187,09:46:45,253.8,0.67,1,25380,买盘
2188,09:46:40,253.13,-0.67,5,150612,卖盘
2189,09:46:34,253.8,-0.11,27,686529,卖盘
2190,09:46:30,253.91,0.07,16,430377,买盘
2191,09:46:25,253.84,0.04,4,101536,买盘
2192,09:46:19,253.8,--,2,50760,买盘
2193,09:46:15,253.8,-0.04,3,76140,中性盘
2194,09:46:10,253.84,--,0,0,买盘
2195,09:46:04,253.84,0.02,10,253840,买盘
2196,09:46:00,253.82,-0.01,3,76146,买盘
2197,09:45:54,253.83,--,0,0,买盘
2198,09:45:49,253.83,0.83,73,1852959,买盘
2199,09:45:45,253.0,-1,178,4503653,卖盘
2200,09:45:40,254.0,0.1,4,101600,买盘
2201,09:45:34,253.9,-0.08,27,685530,卖盘
2202,09:45:29,253.98,--,6,152388,买盘
2203,09:45:24,253.98,0.14,4,101592,买盘
2204,09:45:19,253.84,--,5,126920,卖盘
2205,09:45:14,253.84,--,1,25384,中性盘
2206,09:45:09,253.84,0.16,2,50768,买盘
2207,09:45:04,253.68,--,1,25368,中性盘
2208,09:44:59,253.68,0.17,1,25368,买盘
2209,09:44:54,253.51,--,0,0,卖盘
2210,09:44:49,253.51,-0.09,26,684223,中性盘
2211,09:44:44,253.6,0.6,21,532560,买盘
2212,09:44:40,253.0,--,1,25300,买盘
2213,09:44:34,253.0,--,13,328900,买盘
2214,09:44:29,253.0,--,39,986700,卖盘
2215,09:44:19,253.0,0.01,25,632753,买盘
2216,09:44:14,252.99,0.16,9,227691,买盘
2217,09:44:09,252.83,-0.16,3,75849,中性盘
2218,09:44:04,252.99,--,2,50598,买盘
2219,09:43:59,252.99,0.18,7,177093,买盘
2220,09:43:54,252.81,--,0,0,卖盘
2221,09:43:49,252.81,0.02,5,126405,买盘
2222,09:43:44,252.79,--,7,176953,买盘
2223,09:43:34,252.79,--,8,202232,买盘
2224,09:43:29,252.79,--,0,0,买盘
2225,09:43:24,252.79,0.09,1,25279,买盘
2226,09:43:19,252.7,0.03,6,151620,中性盘
2227,09:43:14,252.67,--,3,75801,卖盘
2228,09:43:04,252.67,0.07,9,227403,买盘
2229,09:42:59,252.6,-0.07,1,25260,卖盘
2230,09:42:54,252.67,0.07,1,25267,买盘
2231,09:42:49,252.6,--,45,1136700,买盘
2232,09:42:44,252.6,--,2,50520,买盘
2233,09:42:39,252.6,-0.07,42,1060920,卖盘
2234,09:42:34,252.67,--,16,404272,卖盘
2235,09:42:29,252.67,--,2,50534,卖盘
2236,09:42:24,252.67,--,5,126335,买盘
2237,09:42:19,252.67,0.06,1,25267,买盘
2238,09:42:14,252.61,-0.06,10,252610,中性盘
2239,09:42:09,252.67,-0.03,2,50534,卖盘
2240,09:41:59,252.7,-0.08,3,75810,中性盘
2241,09:41:54,252.78,-0.01,32,808896,买盘
2242,09:41:49,252.79,-0.02,5,126395,卖盘
2243,09:41:44,252.81,0.01,9,227529,买盘
2244,09:41:39,252.8,-0.01,38,960640,卖盘
2245,09:41:34,252.81,0.01,7,176967,买盘
2246,09:41:29,252.8,-0.18,18,455040,卖盘
2247,09:41:24,252.98,--,3,75894,买盘
2248,09:41:19,252.98,0.17,4,101192,买盘
2249,09:41:14,252.81,-0.19,3,75843,卖盘
2250,09:41:09,253.0,0.01,9,227700,买盘
2251,09:41:04,252.99,--,4,101196,买盘
2252,09:40:59,252.99,--,3,75897,买盘
2253,09:40:54,252.99,-0.01,10,252990,卖盘
2254,09:40:48,253.0,--,7,177100,买盘
2255,09:40:44,253.0,0.01,16,404800,买盘
2256,09:40:39,252.99,--,7,177093,买盘
2257,09:40:33,252.99,--,4,101196,买盘
2258,09:40:29,252.99,-0.01,7,177093,中性盘
2259,09:40:24,253.0,0.01,4,101200,买盘
2260,09:40:18,252.99,-0.01,3,75897,中性盘
2261,09:40:13,253.0,--,18,455400,买盘
2262,09:40:09,253.0,0.25,20,506000,买盘
2263,09:40:03,252.75,-0.72,23,581325,卖盘
2264,09:39:58,253.47,0.72,6,152082,买盘
2265,09:39:54,252.75,-0.46,43,1107045,卖盘
2266,09:39:43,253.21,0.42,21,545667,买盘
2267,09:39:39,252.79,0.01,4,101116,买盘
2268,09:39:33,252.78,0.23,10,252780,买盘
2269,09:39:28,252.55,-0.24,2,50510,中性盘
2270,09:39:18,252.79,0.29,3,75837,买盘
2271,09:39:13,252.5,--,4,101000,买盘
2272,09:39:09,252.5,--,21,530250,买盘
2273,09:39:03,252.5,0.3,7,176750,买盘
2274,09:38:58,252.2,-0.29,54,1386847,卖盘
2275,09:38:54,252.49,0.24,64,1615936,买盘
2276,09:38:48,252.25,--,0,0,卖盘
2277,09:38:43,252.25,0.05,31,781975,买盘
2278,09:38:38,252.2,-0.02,10,254469,卖盘
2279,09:38:33,252.22,-0.02,9,226998,卖盘
2280,09:38:28,252.24,0.13,15,378360,买盘
2281,09:38:23,252.11,--,27,680697,卖盘
2282,09:38:18,252.11,--,0,0,卖盘
2283,09:38:13,252.11,-0.13,31,781541,卖盘
2284,09:38:08,252.24,0.19,12,302688,买盘
2285,09:38:03,252.05,--,7,176435,买盘
2286,09:37:58,252.05,-0.06,53,1335865,卖盘
2287,09:37:53,252.11,-0.08,10,252110,买盘
2288,09:37:48,252.19,-0.06,4,100876,中性盘
2289,09:37:43,252.25,0.05,39,983775,买盘
2290,09:37:38,252.2,0.1,5,126100,买盘
2291,09:37:33,252.1,-0.15,9,226890,卖盘
2292,09:37:28,252.25,0.06,93,2345925,买盘
2293,09:37:23,252.19,0.07,48,1217573,买盘
2294,09:37:18,252.12,0.01,11,277332,中性盘
2295,09:37:13,252.11,-0.01,109,2747999,卖盘
2296,09:37:08,252.12,-0.08,42,1058904,卖盘
2297,09:36:58,252.2,0.01,28,711204,买盘
2298,09:36:53,252.19,0.08,8,201752,买盘
2299,09:36:48,252.11,-0.09,60,1512660,卖盘
2300,09:36:43,252.2,-0.1,55,1387100,卖盘
2301,09:36:38,252.3,0.1,14,353220,买盘
2302,09:36:33,252.2,-0.05,12,302640,中性盘
2303,09:36:28,252.25,0.06,40,1019594,买盘
2304,09:36:23,252.19,0.01,24,605256,中性盘
2305,09:36:18,252.18,--,17,428706,卖盘
2306,09:36:13,252.18,-0.04,36,907848,卖盘
2307,09:36:08,252.22,-0.18,53,1336766,卖盘
2308,09:36:03,252.4,0.05,8,201920,中性盘
2309,09:35:58,252.35,--,12,302820,中性盘
2310,09:35:53,252.35,-0.18,14,353290,卖盘
2311,09:35:48,252.53,--,7,176771,买盘
2312,09:35:43,252.53,-0.37,6,151518,卖盘
2313,09:35:38,252.9,-0.2,35,903611,卖盘
2314,09:35:33,253.1,0.1,4,101240,买盘
2315,09:35:28,253.0,-0.2,25,639331,卖盘
2316,09:35:23,253.2,--,17,430440,买盘
2317,09:35:18,253.2,-0.09,26,658320,卖盘
2318,09:35:13,253.29,-0.01,2,50658,卖盘
2319,09:35:08,253.3,-0.18,10,253300,卖盘
2320,09:35:03,253.48,0.18,3,76044,中性盘
2321,09:34:58,253.3,-0.2,48,1215840,卖盘
2322,09:34:53,253.5,-0.38,18,456300,卖盘
2323,09:34:48,253.88,0.2,35,888580,买盘
2324,09:34:43,253.68,-0.04,4,101472,卖盘
2325,09:34:38,253.72,--,2,50744,买盘
2326,09:34:33,253.72,-0.17,12,304464,卖盘
2327,09:34:28,253.89,--,18,457002,卖盘
2328,09:34:23,253.89,-0.11,14,355446,卖盘
2329,09:34:18,254.0,--,9,228600,买盘
2330,09:34:13,254.0,-0.04,129,3290062,卖盘
2331,09:34:08,254.04,-0.03,32,822327,卖盘
2332,09:34:03,254.07,0.01,10,256610,买盘
2333,09:33:58,254.06,0.01,3,76218,卖盘
2334,09:33:53,254.05,--,77,1956185,买盘
2335,09:33:48,254.05,--,34,863770,卖盘
2336,09:33:42,254.05,-0.01,20,508100,卖盘
2337,09:33:37,254.06,--,13,330278,买盘
2338,09:33:33,254.06,-0.04,25,651155,卖盘
2339,09:33:22,254.1,--,16,406560,买盘
2340,09:33:18,254.1,0.02,13,330330,买盘
2341,09:33:12,254.08,-0.02,8,203264,中性盘
2342,09:33:07,254.1,0.01,15,381150,买盘
2343,09:33:03,254.09,-0.09,31,787679,卖盘
2344,09:32:57,254.18,0.02,5,127090,买盘
2345,09:32:52,254.16,--,10,254160,卖盘
2346,09:32:48,254.16,-0.02,20,508320,卖盘
2347,09:32:42,254.18,-0.02,5,127090,卖盘
2348,09:32:37,254.2,-0.11,5,127100,卖盘
2349,09:32:33,254.31,0.19,11,279741,中性盘
2350,09:32:27,254.12,-0.03,10,254120,卖盘
2351,09:32:22,254.15,-0.34,7,177905,卖盘
2352,09:32:17,254.49,0.22,12,305388,中性盘
2353,09:32:12,254.27,-0.04,3,76281,中性盘
2354,09:32:07,254.31,0.04,2,50862,买盘
2355,09:32:02,254.27,-0.72,54,1373058,卖盘
2356,09:31:57,254.99,--,55,1402445,买盘
2357,09:31:52,254.99,0.01,26,672408,买盘
2358,09:31:47,254.98,0.58,18,458964,买盘
2359,09:31:42,254.4,-0.59,3,76320,卖盘
2360,09:31:37,254.99,0.58,16,407984,买盘
2361,09:31:32,254.41,-0.59,1,25441,买盘
2362,09:31:27,255.0,0.6,5,127500,买盘
2363,09:31:22,254.4,-0.59,16,407040,卖盘
2364,09:31:17,254.99,0.59,10,254990,买盘
2365,09:31:07,254.4,--,36,915840,卖盘
2366,09:31:02,254.4,-0.6,4,101760,卖盘
2367,09:30:57,255.0,-0.21,3,76500,买盘
2368,09:30:52,255.21,0.11,4,102084,买盘
2369,09:30:47,255.1,-0.11,7,178570,卖盘
2370,09:30:37,255.21,-0.59,24,612504,卖盘
2371,09:30:32,255.8,0.6,2,51160,买盘
2372,09:30:27,255.2,--,0,0,卖盘
2373,09:30:22,255.2,-0.69,1,25520,卖盘
2374,09:30:17,255.89,1.83,2,51178,中性盘
2375,09:30:12,254.06,-1.84,12,304872,卖盘
2376,09:30:07,255.9,1.88,147,3761730,买盘
2377,09:30:02,254.02,--,28,711256,卖盘
2378,09:28:46,254.02,--,0,0,卖盘
2379,09:25:01,254.02,254.02,153,3887014,买盘
