,time,price,change,volume,amount,type
0,15:00:03,14.75,-0.01,1945,2868875,买盘
1,14:57:00,14.76,0.01,40,59040,买盘
2,14:56:57,14.75,--,503,741925,卖盘
3,14:56:54,14.75,--,42,61950,卖盘
4,14:56:51,14.75,--,788,1162300,买盘
5,14:56:45,14.75,0.01,222,327450,买盘
6,14:56:42,14.74,--,66,97284,卖盘
7,14:56:39,14.74,-0.01,342,504108,卖盘
8,14:56:36,14.75,--,3,4425,买盘
9,14:56:33,14.75,0.01,31,45725,买盘
10,14:56:30,14.74,-0.01,25,36850,卖盘
11,14:56:27,14.75,0.01,50,73750,买盘
12,14:56:24,14.74,--,118,173932,卖盘
13,14:56:21,14.74,-0.01,11,16214,卖盘
14,14:56:18,14.75,--,31,45725,卖盘
15,14:56:15,14.75,-0.01,11,16225,中性盘
16,14:56:06,14.76,0.01,30,44280,买盘
17,14:56:03,14.75,--,40,59000,买盘
18,14:56:00,14.75,--,30,44250,买盘
19,14:55:57,14.75,--,99,146025,买盘
20,14:55:54,14.75,--,5,7375,买盘
21,14:55:51,14.75,--,213,314175,卖盘
22,14:55:45,14.75,-0.01,64,94400,卖盘
23,14:55:42,14.76,--,1,1476,买盘
24,14:55:39,14.76,--,4,5904,买盘
25,14:55:33,14.76,--,4,5904,买盘
26,14:55:30,14.76,--,12,17712,买盘
27,14:55:27,14.76,--,1,1476,买盘
28,14:55:24,14.76,--,28,41328,买盘
29,14:55:21,14.76,--,25,37844,卖盘
30,14:55:15,14.76,-0.01,58,85608,卖盘
31,14:55:12,14.77,--,28,41356,买盘
32,14:55:09,14.77,0.01,3,4431,买盘
33,14:55:06,14.76,0.01,6,9387,买盘
34,14:55:00,14.75,-0.01,46,67850,中性盘
35,14:54:51,14.76,0.01,62,91512,买盘
36,14:54:48,14.75,-0.01,8,11800,卖盘
37,14:54:45,14.76,0.01,500,738929,买盘
38,14:54:42,14.75,-0.01,10,14750,卖盘
39,14:54:39,14.76,--,29,42804,买盘
40,14:54:36,14.76,0.01,502,740952,买盘
41,14:54:33,14.75,--,2,2950,卖盘
42,14:54:30,14.75,--,37,55120,卖盘
43,14:54:27,14.75,--,35,51625,卖盘
44,14:54:24,14.75,--,20,29500,卖盘
45,14:54:15,14.75,--,4,5900,卖盘
46,14:54:12,14.75,--,27,39825,卖盘
47,14:54:09,14.75,--,9,13275,卖盘
48,14:54:06,14.75,--,92,135700,卖盘
49,14:54:03,14.75,--,11,16225,卖盘
50,14:54:00,14.75,--,85,125375,卖盘
51,14:53:48,14.75,--,535,789125,卖盘
52,14:53:45,14.75,--,7,10325,卖盘
53,14:53:42,14.75,-0.01,10,14750,卖盘
54,14:53:39,14.76,0.01,5,7380,买盘
55,14:53:36,14.75,-0.01,35,51625,卖盘
56,14:53:33,14.76,0.01,1,1476,买盘
57,14:53:30,14.75,--,88,129800,卖盘
58,14:53:27,14.75,--,3,4425,买盘
59,14:53:24,14.75,0.01,2,2950,中性盘
60,14:53:21,14.74,-0.01,35,51590,卖盘
61,14:53:18,14.75,--,94,138650,买盘
62,14:53:15,14.75,--,7,10325,买盘
63,14:53:12,14.75,--,38,56050,买盘
64,14:53:09,14.75,--,6,8850,买盘
65,14:53:06,14.75,--,10,14750,买盘
66,14:53:03,14.75,--,38,56050,买盘
67,14:53:00,14.75,0.01,7,10325,买盘
68,14:52:57,14.74,-0.03,454,669196,卖盘
69,14:52:54,14.77,0.01,73,107821,买盘
70,14:52:51,14.76,--,2,2952,买盘
71,14:52:48,14.76,--,59,87084,买盘
72,14:52:45,14.76,--,1,1476,买盘
73,14:52:42,14.76,0.01,7,10332,买盘
74,14:52:39,14.75,-0.01,67,98825,卖盘
75,14:52:36,14.76,-0.01,85,125460,买盘
76,14:52:33,14.77,0.01,2,2954,买盘
77,14:52:30,14.76,--,76,113105,卖盘
78,14:52:24,14.76,--,7,10332,卖盘
79,14:52:21,14.76,--,165,243540,卖盘
80,14:52:18,14.76,--,41,60516,卖盘
81,14:52:15,14.76,-0.01,4,5904,卖盘
82,14:52:12,14.77,--,18,26586,买盘
83,14:52:09,14.77,0.01,26,38402,买盘
84,14:52:06,14.76,--,2,2952,卖盘
85,14:52:03,14.76,-0.01,26,39778,卖盘
86,14:52:00,14.77,0.01,20,29540,买盘
87,14:51:57,14.76,-0.01,254,374904,卖盘
88,14:51:51,14.77,--,73,107821,卖盘
89,14:51:48,14.77,--,323,477071,卖盘
90,14:51:45,14.77,--,100,147700,卖盘
91,14:51:42,14.77,-0.01,56,82712,卖盘
92,14:51:39,14.78,0.01,31,45818,买盘
93,14:51:33,14.77,0.01,8,11816,买盘
94,14:51:30,14.76,-0.01,104,153504,卖盘
95,14:51:27,14.77,--,159,234843,买盘
96,14:51:24,14.77,0.01,104,153608,买盘
97,14:51:21,14.76,-0.01,20,29520,卖盘
98,14:51:15,14.77,--,55,81235,买盘
99,14:51:09,14.77,0.01,46,67942,买盘
100,14:51:06,14.76,-0.01,5,7380,卖盘
101,14:51:00,14.77,--,30,44310,买盘
102,14:50:57,14.77,--,10,14770,买盘
103,14:50:54,14.77,--,72,106344,卖盘
104,14:50:51,14.77,-0.01,209,308693,卖盘
105,14:50:48,14.78,-0.01,3,4434,买盘
106,14:50:45,14.79,--,109,161211,买盘
107,14:50:39,14.79,--,6,8874,买盘
108,14:50:36,14.79,0.02,58,85782,买盘
109,14:50:33,14.77,--,38,56126,卖盘
110,14:50:30,14.77,--,63,93051,卖盘
111,14:50:24,14.77,--,311,459347,卖盘
112,14:50:21,14.77,--,9,13293,卖盘
113,14:50:18,14.77,--,114,168378,卖盘
114,14:50:15,14.77,--,75,110775,卖盘
115,14:50:12,14.77,-0.01,5,7385,卖盘
116,14:50:09,14.78,0.01,72,106416,买盘
117,14:50:06,14.77,--,5,7385,卖盘
118,14:50:03,14.77,--,38,56126,买盘
119,14:50:00,14.77,0.01,231,341807,买盘
120,14:49:54,14.76,--,40,59040,卖盘
121,14:49:45,14.76,-0.01,32,47232,卖盘
122,14:49:42,14.77,--,43,63511,买盘
123,14:49:39,14.77,0.01,56,82712,买盘
124,14:49:36,14.76,--,10,14760,卖盘
125,14:49:33,14.76,-0.01,188,277930,卖盘
126,14:49:30,14.77,-0.01,105,155675,卖盘
127,14:49:27,14.78,0.01,18,26604,买盘
128,14:49:24,14.77,--,10,14770,卖盘
129,14:49:21,14.77,--,141,208257,卖盘
130,14:49:18,14.77,-0.01,80,118160,卖盘
131,14:49:15,14.78,0.01,2,2956,买盘
132,14:49:12,14.77,-0.01,16,23632,卖盘
133,14:49:09,14.78,0.01,27,39906,买盘
134,14:49:06,14.77,--,39,58784,卖盘
135,14:49:03,14.77,-0.01,171,253453,卖盘
136,14:48:57,14.78,-0.01,1,1478,卖盘
137,14:48:51,14.79,0.01,2,2958,买盘
138,14:48:48,14.78,--,35,51730,卖盘
139,14:48:45,14.78,-0.01,27,39906,卖盘
140,14:48:42,14.79,--,72,106488,卖盘
141,14:48:39,14.79,--,9,13311,卖盘
142,14:48:36,14.79,--,120,177480,卖盘
143,14:48:33,14.79,--,60,88740,卖盘
144,14:48:30,14.79,--,79,116841,卖盘
145,14:48:27,14.79,-0.01,109,161211,卖盘
146,14:48:21,14.8,--,38,56240,买盘
147,14:48:18,14.8,-0.01,91,135538,卖盘
148,14:48:12,14.81,--,8,11848,买盘
149,14:48:09,14.81,0.01,21,31101,买盘
150,14:48:06,14.8,--,7,10360,卖盘
151,14:48:03,14.8,--,79,116920,卖盘
152,14:48:00,14.8,-0.01,263,389565,卖盘
153,14:47:57,14.81,--,5,7405,买盘
154,14:47:51,14.81,--,2,2962,买盘
155,14:47:48,14.81,--,165,244365,买盘
156,14:47:42,14.81,-0.02,8,13032,卖盘
157,14:47:39,14.83,0.01,5,7415,买盘
158,14:47:36,14.82,--,38,56316,买盘
159,14:47:33,14.82,0.01,33,48906,买盘
160,14:47:30,14.81,-0.01,74,109594,卖盘
161,14:47:24,14.82,--,30,44460,买盘
162,14:47:21,14.82,0.01,5,7410,买盘
163,14:47:18,14.81,-0.01,10,14810,卖盘
164,14:47:15,14.82,0.01,69,102554,买盘
165,14:47:12,14.81,-0.01,24,36728,卖盘
166,14:47:09,14.82,0.01,16,23712,买盘
167,14:47:06,14.81,-0.01,16,23696,卖盘
168,14:47:03,14.82,0.01,30,44460,买盘
169,14:47:00,14.81,-0.01,40,59240,卖盘
170,14:46:57,14.82,--,19,28158,买盘
171,14:46:54,14.82,--,30,44460,买盘
172,14:46:48,14.82,--,105,155610,买盘
173,14:46:39,14.82,--,16,23712,买盘
174,14:46:36,14.82,0.01,30,44460,买盘
175,14:46:30,14.81,--,49,72569,卖盘
176,14:46:27,14.81,--,25,37025,卖盘
177,14:46:24,14.81,--,3,4443,卖盘
178,14:46:21,14.81,--,77,114333,买盘
179,14:46:15,14.81,--,20,29620,买盘
180,14:46:12,14.81,--,55,81455,买盘
181,14:46:09,14.81,--,15,22215,买盘
182,14:46:06,14.81,--,68,100708,买盘
183,14:46:03,14.81,--,84,124404,买盘
184,14:46:00,14.81,0.01,50,74050,买盘
185,14:45:54,14.8,-0.01,16,23976,中性盘
186,14:45:51,14.81,0.01,142,210894,买盘
187,14:45:48,14.8,--,56,82880,买盘
188,14:45:42,14.8,--,21,31080,买盘
189,14:45:39,14.8,0.01,29,42920,买盘
190,14:45:36,14.79,--,32,47328,卖盘
191,14:45:33,14.79,-0.01,43,63596,卖盘
192,14:45:30,14.8,0.01,149,220520,买盘
193,14:45:27,14.79,0.01,174,257345,买盘
194,14:45:24,14.78,--,16,23648,卖盘
195,14:45:21,14.78,-0.01,4,5912,卖盘
196,14:45:18,14.79,0.01,29,42891,买盘
197,14:45:15,14.78,-0.01,2,2956,卖盘
198,14:45:09,14.79,0.01,28,41412,买盘
199,14:45:06,14.78,--,4,5912,卖盘
200,14:45:03,14.78,-0.01,52,76856,卖盘
201,14:45:00,14.79,0.01,20,29580,买盘
202,14:44:54,14.78,--,20,29560,卖盘
203,14:44:51,14.78,--,2,2956,卖盘
204,14:44:48,14.78,--,103,152234,卖盘
205,14:44:45,14.78,--,2,2956,卖盘
206,14:44:42,14.78,-0.01,65,96070,卖盘
207,14:44:39,14.79,0.01,28,41412,买盘
208,14:44:36,14.78,--,11,16258,卖盘
209,14:44:30,14.78,--,59,87202,卖盘
210,14:44:27,14.78,--,20,29560,卖盘
211,14:44:21,14.78,--,17,25126,卖盘
212,14:44:15,14.78,-0.01,18,26604,卖盘
213,14:44:12,14.79,--,56,82824,买盘
214,14:44:09,14.79,0.01,29,42891,买盘
215,14:44:06,14.78,--,3,4434,卖盘
216,14:44:00,14.78,-0.01,75,110850,卖盘
217,14:43:57,14.79,-0.01,6,8874,中性盘
218,14:43:51,14.8,0.02,26,38480,买盘
219,14:43:48,14.78,-0.01,117,172926,卖盘
220,14:43:42,14.79,-0.01,7,10353,卖盘
221,14:43:39,14.8,--,37,54760,买盘
222,14:43:36,14.8,--,22,32560,买盘
223,14:43:33,14.8,0.01,20,29600,买盘
224,14:43:30,14.79,-0.01,49,72471,卖盘
225,14:43:24,14.8,--,3,4440,买盘
226,14:43:21,14.8,--,40,59200,卖盘
227,14:43:18,14.8,--,43,63640,卖盘
228,14:43:15,14.8,--,46,68080,卖盘
229,14:43:12,14.8,-0.01,48,71040,卖盘
230,14:43:09,14.81,0.01,11,16291,买盘
231,14:43:06,14.8,--,4,5920,卖盘
232,14:43:00,14.8,-0.01,1,1480,卖盘
233,14:42:57,14.81,0.01,9,13329,买盘
234,14:42:54,14.8,0.02,46,68080,卖盘
235,14:42:51,14.78,--,11,16258,卖盘
236,14:42:48,14.78,-0.02,102,150756,卖盘
237,14:42:45,14.8,-0.01,70,103600,卖盘
238,14:42:39,14.81,--,35,51835,买盘
239,14:42:33,14.81,--,23,34063,买盘
240,14:42:30,14.81,--,68,101892,卖盘
241,14:42:27,14.81,--,105,155505,卖盘
242,14:42:24,14.81,--,30,44430,卖盘
243,14:42:21,14.81,--,36,53316,卖盘
244,14:42:15,14.81,--,41,60721,卖盘
245,14:42:12,14.81,--,7,10367,卖盘
246,14:42:09,14.81,-0.01,40,60617,卖盘
247,14:42:06,14.82,0.01,16,23712,买盘
248,14:41:57,14.81,-0.01,8,11848,卖盘
249,14:41:54,14.82,0.01,10,14820,中性盘
250,14:41:48,14.81,-0.01,200,296200,卖盘
251,14:41:45,14.82,--,100,148200,卖盘
252,14:41:42,14.82,-0.02,6,8892,卖盘
253,14:41:39,14.84,0.02,10,14840,买盘
254,14:41:36,14.82,--,35,51870,卖盘
255,14:41:33,14.82,--,13,19266,卖盘
256,14:41:30,14.82,--,72,106704,卖盘
257,14:41:21,14.82,--,34,50788,卖盘
258,14:41:15,14.82,-0.02,23,34086,卖盘
259,14:41:09,14.84,0.02,30,44520,买盘
260,14:41:06,14.82,-0.01,39,57798,卖盘
261,14:41:03,14.83,-0.01,1,1483,卖盘
262,14:40:54,14.84,0.01,8,11872,买盘
263,14:40:51,14.83,--,100,148300,卖盘
264,14:40:48,14.83,--,20,29660,卖盘
265,14:40:45,14.83,-0.01,46,68218,卖盘
266,14:40:39,14.84,0.01,52,77168,中性盘
267,14:40:36,14.83,--,27,40041,卖盘
268,14:40:30,14.83,--,49,72667,卖盘
269,14:40:27,14.83,-0.04,23,34109,卖盘
270,14:40:24,14.87,0.03,2,2974,买盘
271,14:40:21,14.84,--,67,99428,卖盘
272,14:40:18,14.84,--,4,5936,卖盘
273,14:40:12,14.84,-0.03,37,54908,卖盘
274,14:40:09,14.87,-0.01,88,130856,买盘
275,14:40:06,14.88,0.05,6,8928,买盘
276,14:40:03,14.83,-0.04,431,639173,卖盘
277,14:39:57,14.87,--,6,8922,卖盘
278,14:39:54,14.87,-0.01,4,5948,卖盘
279,14:39:45,14.88,--,22,32736,买盘
280,14:39:39,14.88,0.01,16,23808,买盘
281,14:39:33,14.87,-0.01,5,7435,卖盘
282,14:39:30,14.88,--,57,84816,卖盘
283,14:39:24,14.88,--,2,2976,卖盘
284,14:39:18,14.88,0.01,20,29760,买盘
285,14:39:15,14.87,-0.01,1,1487,中性盘
286,14:39:09,14.88,--,8,11904,卖盘
287,14:39:06,14.88,-0.01,26,38688,卖盘
288,14:39:03,14.89,0.03,64,95296,买盘
289,14:39:00,14.86,--,36,53496,卖盘
290,14:38:57,14.86,--,86,127796,卖盘
291,14:38:54,14.86,--,21,31206,卖盘
292,14:38:42,14.86,0.03,1,1486,中性盘
293,14:38:39,14.83,-0.05,318,471594,卖盘
294,14:38:36,14.88,--,10,14880,买盘
295,14:38:33,14.88,--,46,68448,买盘
296,14:38:30,14.88,--,52,77376,买盘
297,14:38:27,14.88,-0.01,1,1488,买盘
298,14:38:24,14.89,0.03,2,2978,买盘
299,14:38:21,14.86,-0.03,113,167918,卖盘
300,14:38:15,14.89,--,1,1489,买盘
301,14:38:12,14.89,0.05,49,72961,买盘
302,14:38:06,14.84,-0.05,94,139496,卖盘
303,14:37:57,14.89,0.03,153,227817,买盘
304,14:37:54,14.86,0.02,70,104020,买盘
305,14:37:51,14.84,-0.06,223,330932,卖盘
306,14:37:48,14.9,0.03,504,750960,买盘
307,14:37:45,14.87,--,5,7435,卖盘
308,14:37:42,14.87,0.03,60,89220,买盘
309,14:37:39,14.84,-0.01,1525,2263100,卖盘
310,14:37:36,14.85,-0.01,76,112860,卖盘
311,14:37:33,14.86,0.01,22,32692,买盘
312,14:37:30,14.85,-0.01,80,118800,卖盘
313,14:37:27,14.86,-0.03,4,5944,买盘
314,14:37:24,14.89,0.04,12,17868,买盘
315,14:37:21,14.85,-0.02,5,7425,卖盘
316,14:37:18,14.87,0.02,14,20818,卖盘
317,14:37:15,14.85,-0.04,40,59400,卖盘
318,14:37:09,14.89,0.04,32,47648,买盘
319,14:37:06,14.85,-0.04,4,5940,中性盘
320,14:37:00,14.89,-0.01,105,156345,中性盘
321,14:36:54,14.9,0.05,226,336740,买盘
322,14:36:51,14.85,0.02,47,69795,中性盘
323,14:36:45,14.83,--,137,203171,卖盘
324,14:36:42,14.83,--,23,34109,卖盘
325,14:36:39,14.83,-0.07,562,833446,卖盘
326,14:36:36,14.9,--,31,46190,买盘
327,14:36:33,14.9,--,9,13410,买盘
328,14:36:30,14.9,0.01,300,447000,买盘
329,14:36:24,14.89,-0.01,23,34247,卖盘
330,14:36:21,14.9,0.01,57,84930,买盘
331,14:36:18,14.89,--,42,62538,卖盘
332,14:36:15,14.89,-0.01,1,1489,卖盘
333,14:36:12,14.9,0.01,76,113240,买盘
334,14:36:06,14.89,--,4,5956,卖盘
335,14:36:03,14.89,--,22,32758,卖盘
336,14:36:00,14.89,--,6,8934,卖盘
337,14:35:57,14.89,--,7,10423,卖盘
338,14:35:54,14.89,--,21,31269,买盘
339,14:35:51,14.89,--,131,195059,买盘
340,14:35:48,14.89,--,6,8934,买盘
341,14:35:42,14.89,--,10,14890,买盘
342,14:35:39,14.89,--,29,43181,买盘
343,14:35:36,14.89,--,20,29780,买盘
344,14:35:33,14.89,0.01,56,83384,买盘
345,14:35:30,14.88,-0.01,1,1488,卖盘
346,14:35:27,14.89,0.01,4,5956,中性盘
347,14:35:24,14.88,-0.02,53,78864,卖盘
348,14:35:09,14.9,0.02,1999,2978510,买盘
349,14:35:06,14.88,--,12,17856,卖盘
350,14:35:03,14.88,--,36,53568,卖盘
351,14:35:00,14.88,-0.01,201,299088,卖盘
352,14:34:57,14.89,0.01,67,99763,买盘
353,14:34:54,14.88,--,5,7440,卖盘
354,14:34:51,14.88,--,52,77376,卖盘
355,14:34:45,14.88,--,3,4464,卖盘
356,14:34:42,14.88,-0.01,100,148800,卖盘
357,14:34:39,14.89,0.01,18,26802,买盘
358,14:34:36,14.88,-0.01,6,8928,卖盘
359,14:34:33,14.89,0.01,6,8934,买盘
360,14:34:30,14.88,--,9,13392,卖盘
361,14:34:27,14.88,-0.01,57,84816,卖盘
362,14:34:24,14.89,0.01,31,46159,买盘
363,14:34:18,14.88,--,94,139872,卖盘
364,14:34:15,14.88,--,15,22320,卖盘
365,14:34:12,14.88,--,16,23808,卖盘
366,14:34:09,14.88,--,6,8928,卖盘
367,14:34:06,14.88,-0.01,9,13392,卖盘
368,14:34:03,14.89,0.01,25,37225,买盘
369,14:34:00,14.88,--,127,188976,卖盘
370,14:33:57,14.88,--,43,63984,卖盘
371,14:33:54,14.88,-0.01,5,7440,卖盘
372,14:33:51,14.89,0.01,18,26802,买盘
373,14:33:48,14.88,--,23,34224,卖盘
374,14:33:45,14.88,--,3,4464,卖盘
375,14:33:39,14.88,-0.01,70,104160,卖盘
376,14:33:36,14.89,--,1,1489,买盘
377,14:33:33,14.89,--,24,35736,买盘
378,14:33:30,14.89,0.01,146,217394,买盘
379,14:33:27,14.88,-0.01,12,17856,卖盘
380,14:33:24,14.89,0.01,73,108697,买盘
381,14:33:21,14.88,--,2,2976,卖盘
382,14:33:18,14.88,-0.01,2,2976,卖盘
383,14:33:15,14.89,0.01,132,196548,买盘
384,14:33:12,14.88,-0.01,5,7440,卖盘
385,14:33:09,14.89,--,65,96785,买盘
386,14:33:06,14.89,0.01,9,13401,买盘
387,14:33:03,14.88,--,40,59520,卖盘
388,14:33:00,14.88,--,313,465744,卖盘
389,14:32:57,14.88,--,25,37200,卖盘
390,14:32:51,14.88,--,715,1063920,卖盘
391,14:32:48,14.88,--,6,8928,卖盘
392,14:32:45,14.88,-0.01,52,77376,卖盘
393,14:32:42,14.89,0.01,43,64027,买盘
394,14:32:39,14.88,-0.01,3,4464,卖盘
395,14:32:36,14.89,--,122,181658,买盘
396,14:32:33,14.89,0.01,15,22335,买盘
397,14:32:30,14.88,-0.01,28,41664,卖盘
398,14:32:27,14.89,0.01,118,175702,买盘
399,14:32:21,14.88,--,205,305040,卖盘
400,14:32:18,14.88,-0.01,11,16368,卖盘
401,14:32:12,14.89,0.01,129,192081,买盘
402,14:32:09,14.88,-0.01,11,16368,卖盘
403,14:32:06,14.89,0.01,280,416920,买盘
404,14:32:03,14.88,--,252,376330,买盘
405,14:32:00,14.88,--,87,129589,卖盘
406,14:31:57,14.88,-0.01,23,34224,卖盘
407,14:31:54,14.89,0.01,137,203993,买盘
408,14:31:51,14.88,--,3,5654,卖盘
409,14:31:48,14.88,--,25,37200,卖盘
410,14:31:45,14.88,--,34,50592,卖盘
411,14:31:42,14.88,--,20,29760,卖盘
412,14:31:39,14.88,--,404,601315,买盘
413,14:31:33,14.88,--,30,44640,买盘
414,14:31:30,14.88,--,23,34224,买盘
415,14:31:27,14.88,--,21,31248,买盘
416,14:31:24,14.88,--,133,197904,买盘
417,14:31:21,14.88,--,4,5952,买盘
418,14:31:15,14.88,--,16,23808,买盘
419,14:31:12,14.88,0.01,5,7440,买盘
420,14:31:09,14.87,-0.01,12,17844,卖盘
421,14:31:06,14.88,0.01,72,107136,买盘
422,14:31:03,14.87,-0.01,17,25279,卖盘
423,14:31:00,14.88,--,188,279744,买盘
424,14:30:54,14.88,--,3,4464,买盘
425,14:30:51,14.88,0.01,57,84816,买盘
426,14:30:48,14.87,-0.01,37,55019,卖盘
427,14:30:45,14.88,--,15,22320,买盘
428,14:30:42,14.88,--,63,93744,买盘
429,14:30:36,14.88,--,124,184512,买盘
430,14:30:33,14.88,0.01,105,156240,买盘
431,14:30:30,14.87,-0.01,81,120447,卖盘
432,14:30:27,14.88,--,86,127968,买盘
433,14:30:21,14.88,--,5,7440,买盘
434,14:30:18,14.88,--,49,72912,买盘
435,14:30:15,14.88,--,128,190464,买盘
436,14:30:12,14.88,--,41,61008,买盘
437,14:30:09,14.88,0.01,30,44640,买盘
438,14:30:06,14.87,--,27,40149,卖盘
439,14:30:03,14.87,-0.01,76,113012,中性盘
440,14:30:00,14.88,--,23,34224,买盘
441,14:29:57,14.88,--,40,59520,买盘
442,14:29:54,14.88,0.01,183,272304,买盘
443,14:29:51,14.87,--,37,55019,买盘
444,14:29:48,14.87,0.02,233,346471,买盘
445,14:29:45,14.85,--,38,56430,卖盘
446,14:29:42,14.85,-0.02,31,46035,卖盘
447,14:29:39,14.87,0.02,207,307809,买盘
448,14:29:36,14.85,-0.02,39,57915,卖盘
449,14:29:33,14.87,--,53,78811,买盘
450,14:29:30,14.87,0.01,330,490710,买盘
451,14:29:27,14.86,--,60,89160,买盘
452,14:29:24,14.86,--,59,87674,买盘
453,14:29:21,14.86,0.02,186,276990,买盘
454,14:29:18,14.84,--,48,71232,买盘
455,14:29:15,14.84,0.02,5,7420,买盘
456,14:29:12,14.82,-0.02,3,4446,卖盘
457,14:29:06,14.84,0.02,8,11872,买盘
458,14:29:03,14.82,-0.03,1,1482,卖盘
459,14:29:00,14.85,--,5,7425,买盘
460,14:28:51,14.85,0.03,15,22275,买盘
461,14:28:48,14.82,--,1,1482,卖盘
462,14:28:45,14.82,-0.03,9,13338,卖盘
463,14:28:42,14.85,0.01,39,57915,买盘
464,14:28:39,14.84,--,1,1484,买盘
465,14:28:36,14.84,--,6,8904,买盘
466,14:28:30,14.84,0.01,35,51940,买盘
467,14:28:27,14.83,0.01,86,127538,买盘
468,14:28:24,14.82,-0.01,15,22230,卖盘
469,14:28:21,14.83,--,3,4449,买盘
470,14:28:18,14.83,0.01,8,11864,买盘
471,14:28:15,14.82,-0.01,51,75582,卖盘
472,14:28:12,14.83,0.01,23,34109,买盘
473,14:28:09,14.82,--,18,26676,卖盘
474,14:28:06,14.82,-0.01,4,5928,卖盘
475,14:28:03,14.83,0.01,57,84531,买盘
476,14:28:00,14.82,-0.01,16,23712,卖盘
477,14:27:57,14.83,0.01,2,2966,买盘
478,14:27:54,14.82,-0.01,136,201552,卖盘
479,14:27:48,14.83,0.01,18,26694,买盘
480,14:27:45,14.82,-0.01,1,1482,卖盘
481,14:27:39,14.83,0.01,32,47456,买盘
482,14:27:36,14.82,--,1,1482,卖盘
483,14:27:33,14.82,-0.01,10,14820,卖盘
484,14:27:30,14.83,0.01,31,45973,买盘
485,14:27:27,14.82,-0.01,7,10374,卖盘
486,14:27:24,14.83,0.01,1,1483,买盘
487,14:27:21,14.82,-0.01,60,88920,卖盘
488,14:27:15,14.83,0.01,43,63769,买盘
489,14:27:12,14.82,-0.01,1,1482,卖盘
490,14:27:06,14.83,--,7,10381,买盘
491,14:27:03,14.83,0.01,11,16313,买盘
492,14:27:00,14.82,-0.01,60,88920,卖盘
493,14:26:57,14.83,--,5,7415,买盘
494,14:26:51,14.83,--,7,10381,买盘
495,14:26:45,14.83,--,30,44490,买盘
496,14:26:42,14.83,--,3,4449,买盘
497,14:26:36,14.83,--,6,8898,买盘
498,14:26:33,14.83,0.01,5,7415,买盘
499,14:26:30,14.82,-0.01,3,4446,卖盘
500,14:26:27,14.83,--,11,16313,买盘
501,14:26:24,14.83,0.01,10,14830,买盘
502,14:26:18,14.82,-0.01,1,1482,卖盘
503,14:26:15,14.83,--,5,7415,买盘
504,14:26:09,14.83,--,74,109742,卖盘
505,14:26:06,14.83,--,152,225416,卖盘
506,14:26:03,14.83,--,10,14830,卖盘
507,14:26:00,14.83,--,9,13347,卖盘
508,14:25:54,14.83,--,80,118640,买盘
509,14:25:48,14.83,--,16,23728,卖盘
510,14:25:45,14.83,0.01,1,1483,卖盘
511,14:25:33,14.82,-0.01,24,35568,卖盘
512,14:25:27,14.83,-0.02,4,5932,卖盘
513,14:25:24,14.85,--,32,47520,卖盘
514,14:25:18,14.85,--,37,54945,卖盘
515,14:25:12,14.85,0.02,132,196020,买盘
516,14:25:06,14.83,--,125,185375,卖盘
517,14:25:03,14.83,--,97,143851,卖盘
518,14:25:00,14.83,-0.01,1,1483,卖盘
519,14:24:57,14.84,-0.01,3,4452,中性盘
520,14:24:54,14.85,0.02,54,80190,买盘
521,14:24:51,14.83,--,9,13347,卖盘
522,14:24:48,14.83,--,11,16313,卖盘
523,14:24:45,14.83,--,10,14830,卖盘
524,14:24:30,14.83,--,8,11864,卖盘
525,14:24:27,14.83,-0.01,1,1483,卖盘
526,14:24:24,14.84,--,1500,2226000,卖盘
527,14:24:18,14.84,-0.01,1,1484,中性盘
528,14:24:12,14.85,0.02,5,7425,买盘
529,14:24:06,14.83,-0.02,5,7415,卖盘
530,14:24:03,14.85,0.02,5,7425,买盘
531,14:24:00,14.83,-0.03,22,32626,卖盘
532,14:23:51,14.86,-0.01,2,2972,买盘
533,14:23:45,14.87,0.04,20,29740,买盘
534,14:23:42,14.83,-0.03,2006,2974898,卖盘
535,14:23:39,14.86,--,2,2972,卖盘
536,14:23:36,14.86,-0.01,3,4458,卖盘
537,14:23:33,14.87,0.02,9,13383,买盘
538,14:23:30,14.85,-0.02,2,2970,卖盘
539,14:23:27,14.87,0.04,167,248596,买盘
540,14:23:21,14.83,-0.01,54,80082,中性盘
541,14:23:18,14.84,--,428,636368,卖盘
542,14:23:12,14.84,-0.03,2,3264,卖盘
543,14:23:06,14.87,--,16,23792,买盘
544,14:23:03,14.87,0.02,159,236433,买盘
545,14:23:00,14.85,0.01,1,1485,买盘
546,14:22:57,14.84,-0.01,5,7420,卖盘
547,14:22:54,14.85,--,492,730620,卖盘
548,14:22:51,14.85,-0.02,20,29700,卖盘
549,14:22:48,14.87,--,12,17844,买盘
550,14:22:39,14.87,0.02,10,14870,买盘
551,14:22:36,14.85,--,28,41580,卖盘
552,14:22:33,14.85,--,3,4455,买盘
553,14:22:30,14.85,0.01,1,1485,买盘
554,14:22:27,14.84,-0.03,12,17808,卖盘
555,14:22:24,14.87,0.03,16,23792,买盘
556,14:22:18,14.84,-0.03,2,2968,卖盘
557,14:22:15,14.87,0.02,36,53532,买盘
558,14:22:12,14.85,-0.02,3,4455,买盘
559,14:22:09,14.87,0.03,15,22305,买盘
560,14:22:06,14.84,-0.02,35,51940,卖盘
561,14:22:03,14.86,0.01,5,7430,买盘
562,14:22:00,14.85,--,79,117315,卖盘
563,14:21:54,14.85,-0.02,48,71280,卖盘
564,14:21:51,14.87,0.02,62,92194,买盘
565,14:21:48,14.85,--,25,37125,卖盘
566,14:21:45,14.85,--,26,38610,卖盘
567,14:21:42,14.85,0.01,46,68310,中性盘
568,14:21:39,14.84,--,26,38584,卖盘
569,14:21:36,14.84,-0.01,58,86072,卖盘
570,14:21:33,14.85,--,6,8910,买盘
571,14:21:30,14.85,-0.02,4,6831,卖盘
572,14:21:27,14.87,--,88,130856,买盘
573,14:21:24,14.87,--,5,7435,买盘
574,14:21:21,14.87,--,20,29740,买盘
575,14:21:18,14.87,0.02,1,1487,买盘
576,14:21:15,14.85,-0.03,25,37125,卖盘
577,14:21:12,14.88,0.03,36,53568,买盘
578,14:21:06,14.85,--,3,4455,卖盘
579,14:21:03,14.85,--,120,178200,卖盘
580,14:20:57,14.85,-0.02,313,464805,卖盘
581,14:20:54,14.87,0.01,11,16357,买盘
582,14:20:51,14.86,-0.01,1,2080,卖盘
583,14:20:48,14.87,--,21,31227,买盘
584,14:20:39,14.87,--,10,14870,买盘
585,14:20:36,14.87,--,52,77324,买盘
586,14:20:33,14.87,--,20,29740,买盘
587,14:20:30,14.87,--,14,20818,买盘
588,14:20:27,14.87,--,1,1487,买盘
589,14:20:24,14.87,0.01,19,28253,买盘
590,14:20:21,14.86,-0.01,1,1486,卖盘
591,14:20:15,14.87,0.01,91,135317,买盘
592,14:20:09,14.86,0.01,30,44580,买盘
593,14:20:06,14.85,-0.03,4,5940,卖盘
594,14:20:03,14.88,0.02,292,434496,买盘
595,14:20:00,14.86,-0.01,368,547576,卖盘
596,14:19:57,14.87,--,211,314054,买盘
597,14:19:54,14.87,--,200,297400,买盘
598,14:19:51,14.87,0.01,9,13843,买盘
599,14:19:42,14.86,-0.01,10,14860,卖盘
600,14:19:39,14.87,--,245,364315,买盘
601,14:19:33,14.87,--,5,7435,买盘
602,14:19:30,14.87,0.01,12,17844,买盘
603,14:19:27,14.86,-0.01,12,17832,中性盘
604,14:19:21,14.87,--,77,114499,买盘
605,14:19:18,14.87,0.01,55,81785,买盘
606,14:19:15,14.86,0.01,8,11888,买盘
607,14:19:12,14.85,--,4,5940,卖盘
608,14:19:06,14.85,--,13,19305,卖盘
609,14:19:03,14.85,-0.02,7,10395,卖盘
610,14:19:00,14.87,--,20,29740,买盘
611,14:18:54,14.87,0.02,999,1485513,买盘
612,14:18:48,14.85,--,2,2970,卖盘
613,14:18:42,14.85,-0.01,5,7425,卖盘
614,14:18:36,14.86,0.01,30,44580,买盘
615,14:18:33,14.85,--,8,11880,卖盘
616,14:18:30,14.85,-0.01,2,2970,卖盘
617,14:18:27,14.86,--,63,93618,买盘
618,14:18:24,14.86,--,10,14860,买盘
619,14:18:21,14.86,--,22,32692,买盘
620,14:18:18,14.86,--,21,31206,买盘
621,14:18:15,14.86,--,5,7430,买盘
622,14:18:12,14.86,--,110,163460,买盘
623,14:18:09,14.86,0.01,33,49038,买盘
624,14:18:06,14.85,-0.02,101,149985,卖盘
625,14:18:03,14.87,0.02,297,441639,买盘
626,14:18:00,14.85,-0.01,42,62370,卖盘
627,14:17:57,14.86,--,8,11888,买盘
628,14:17:54,14.86,0.01,8,11888,买盘
629,14:17:51,14.85,--,27,40095,卖盘
630,14:17:48,14.85,--,38,56430,卖盘
631,14:17:42,14.85,-0.01,54,80190,卖盘
632,14:17:39,14.86,0.01,14,20804,买盘
633,14:17:36,14.85,-0.01,79,117315,卖盘
634,14:17:33,14.86,0.01,48,71328,买盘
635,14:17:24,14.85,-0.01,27,40095,卖盘
636,14:17:21,14.86,0.01,2,2972,买盘
637,14:17:18,14.85,-0.01,21,31185,卖盘
638,14:17:15,14.86,--,36,53496,买盘
639,14:17:09,14.86,0.01,48,71328,买盘
640,14:17:06,14.85,--,63,93555,卖盘
641,14:17:03,14.85,-0.01,55,81675,卖盘
642,14:17:00,14.86,--,42,62412,买盘
643,14:16:57,14.86,--,29,43094,买盘
644,14:16:51,14.86,0.01,85,126310,买盘
645,14:16:48,14.85,-0.01,5,7425,卖盘
646,14:16:42,14.86,--,1,1486,买盘
647,14:16:39,14.86,--,120,178320,买盘
648,14:16:36,14.86,--,70,104020,买盘
649,14:16:33,14.86,--,5,7430,买盘
650,14:16:27,14.86,0.01,21,31206,买盘
651,14:16:24,14.85,--,21,31185,卖盘
652,14:16:21,14.85,-0.01,7,10395,卖盘
653,14:16:18,14.86,0.01,19,28234,买盘
654,14:16:09,14.85,--,55,81675,卖盘
655,14:16:06,14.85,-0.01,4,5940,卖盘
656,14:16:03,14.86,--,6,8916,买盘
657,14:16:00,14.86,--,18,26748,买盘
658,14:15:57,14.86,0.01,3,4458,买盘
659,14:15:54,14.85,-0.01,1,1485,卖盘
660,14:15:51,14.86,--,78,115908,买盘
661,14:15:48,14.86,0.01,24,35664,买盘
662,14:15:45,14.85,-0.01,7,10395,卖盘
663,14:15:42,14.86,--,206,306116,买盘
664,14:15:39,14.86,0.01,605,899030,买盘
665,14:15:36,14.85,-0.01,100,148500,卖盘
666,14:15:33,14.86,--,5,7430,买盘
667,14:15:30,14.86,--,1,1486,买盘
668,14:15:24,14.86,0.01,24,35664,买盘
669,14:15:21,14.85,--,187,278586,买盘
670,14:15:18,14.85,--,1,1485,买盘
671,14:15:12,14.85,--,5,7425,买盘
672,14:15:09,14.85,0.01,506,751410,买盘
673,14:15:06,14.84,-0.01,4,5936,卖盘
674,14:15:03,14.85,--,11,16335,买盘
675,14:14:57,14.85,0.01,24,35640,买盘
676,14:14:54,14.84,--,40,59360,卖盘
677,14:14:51,14.84,-0.01,200,296800,卖盘
678,14:14:48,14.85,--,78,115830,买盘
679,14:14:45,14.85,0.01,5,7425,买盘
680,14:14:42,14.84,--,111,164724,卖盘
681,14:14:39,14.84,-0.01,3,5283,卖盘
682,14:14:33,14.85,0.01,29,43065,买盘
683,14:14:30,14.84,--,3,4452,卖盘
684,14:14:27,14.84,--,4,5936,卖盘
685,14:14:24,14.84,--,367,545251,买盘
686,14:14:21,14.84,0.01,77,114268,买盘
687,14:14:15,14.83,0.02,40,59320,买盘
688,14:14:12,14.81,-0.02,50,74050,卖盘
689,14:14:09,14.83,--,182,269906,买盘
690,14:14:06,14.83,--,32,47456,买盘
691,14:14:03,14.83,--,23,34109,买盘
692,14:14:00,14.83,--,52,77116,买盘
693,14:13:54,14.83,-0.01,26,38558,买盘
694,14:13:51,14.84,0.03,266,394744,买盘
695,14:13:48,14.81,-0.02,29,42949,卖盘
696,14:13:45,14.83,--,12,17796,买盘
697,14:13:42,14.83,--,27,40041,买盘
698,14:13:39,14.83,0.02,138,204654,买盘
699,14:13:36,14.81,--,176,260656,买盘
700,14:13:33,14.81,--,104,154024,买盘
701,14:13:30,14.81,--,115,170315,买盘
702,14:13:27,14.81,0.02,27,39987,买盘
703,14:13:12,14.79,0.01,23,34017,中性盘
704,14:13:06,14.78,-0.03,247,365066,卖盘
705,14:13:03,14.81,-0.02,161,238737,卖盘
706,14:13:00,14.83,--,5,7415,卖盘
707,14:12:57,14.83,-0.01,29,43007,卖盘
708,14:12:54,14.84,0.01,1060,1573040,买盘
709,14:12:51,14.83,--,80,118640,卖盘
710,14:12:45,14.83,--,26,38854,卖盘
711,14:12:42,14.83,--,2,2966,卖盘
712,14:12:39,14.83,--,4,5932,卖盘
713,14:12:36,14.83,--,10,14830,卖盘
714,14:12:33,14.83,--,129,191307,卖盘
715,14:12:30,14.83,--,2,2966,卖盘
716,14:12:27,14.83,0.02,353,523499,买盘
717,14:12:24,14.81,--,8,11848,卖盘
718,14:12:21,14.81,--,20,29620,卖盘
719,14:12:18,14.81,--,2,2962,卖盘
720,14:12:12,14.81,--,20,29620,卖盘
721,14:12:09,14.81,--,252,373212,卖盘
722,14:12:06,14.81,-0.01,14,20734,卖盘
723,14:12:03,14.82,0.01,39,57798,买盘
724,14:12:00,14.81,-0.01,9,13329,卖盘
725,14:11:54,14.82,0.01,20,29640,买盘
726,14:11:51,14.81,--,210,311010,卖盘
727,14:11:45,14.81,--,5,7405,卖盘
728,14:11:42,14.81,-0.01,2,2962,卖盘
729,14:11:39,14.82,--,5,7410,买盘
730,14:11:33,14.82,--,5,7410,买盘
731,14:11:27,14.82,0.01,38,56316,买盘
732,14:11:24,14.81,--,12,17772,卖盘
733,14:11:21,14.81,--,26,38506,卖盘
734,14:11:18,14.81,--,78,115518,卖盘
735,14:11:15,14.81,--,2,2962,卖盘
736,14:11:09,14.81,--,80,118480,卖盘
737,14:11:06,14.81,--,4,5924,卖盘
738,14:11:03,14.81,--,27,39987,卖盘
739,14:11:00,14.81,--,28,41468,卖盘
740,14:10:51,14.81,-0.01,30,44430,卖盘
741,14:10:48,14.82,--,30,44460,买盘
742,14:10:45,14.82,0.01,20,29640,买盘
743,14:10:42,14.81,--,10,14810,卖盘
744,14:10:36,14.81,-0.01,1,1481,卖盘
745,14:10:33,14.82,0.01,5,7410,买盘
746,14:10:30,14.81,--,4,5924,卖盘
747,14:10:27,14.81,--,6,8886,卖盘
748,14:10:24,14.81,--,10,14810,卖盘
749,14:10:21,14.81,--,62,91822,卖盘
750,14:10:18,14.81,--,261,387429,买盘
751,14:10:12,14.81,0.01,2,2962,买盘
752,14:10:09,14.8,--,10,14800,卖盘
753,14:10:06,14.8,--,4,5920,卖盘
754,14:10:03,14.8,--,13,20246,买盘
755,14:10:00,14.8,--,26,38953,卖盘
756,14:09:57,14.8,--,2,2960,卖盘
757,14:09:54,14.8,--,36,53280,卖盘
758,14:09:48,14.8,-0.01,83,122840,卖盘
759,14:09:45,14.81,--,3,4443,卖盘
760,14:09:39,14.81,0.01,2,2962,卖盘
761,14:09:33,14.8,--,33,48840,卖盘
762,14:09:30,14.8,--,22,32560,卖盘
763,14:09:21,14.8,-0.02,159,235320,卖盘
764,14:09:18,14.82,-0.01,38,56316,卖盘
765,14:09:15,14.83,--,33,48939,买盘
766,14:09:09,14.83,0.01,6,8898,买盘
767,14:09:06,14.82,-0.01,4,5928,卖盘
768,14:09:03,14.83,0.02,2,2966,买盘
769,14:09:00,14.81,-0.03,22,32582,卖盘
770,14:08:57,14.84,--,45,67343,卖盘
771,14:08:51,14.84,--,32,47488,卖盘
772,14:08:48,14.84,--,12,17808,卖盘
773,14:08:42,14.84,0.01,13,19292,卖盘
774,14:08:39,14.83,0.01,171,254512,买盘
775,14:08:36,14.82,-0.03,173,256949,卖盘
776,14:08:33,14.85,0.01,9,13365,买盘
777,14:08:30,14.84,--,46,68264,卖盘
778,14:08:27,14.84,0.02,871,1292564,买盘
779,14:08:24,14.82,-0.01,18,26676,卖盘
780,14:08:21,14.83,0.01,20,29660,买盘
781,14:08:18,14.82,-0.01,15,22230,卖盘
782,14:08:15,14.83,--,7,10381,买盘
783,14:08:12,14.83,--,99,146817,卖盘
784,14:08:09,14.83,--,11,16313,卖盘
785,14:08:06,14.83,-0.01,23,34109,卖盘
786,14:08:03,14.84,0.01,25,37100,买盘
787,14:08:00,14.83,--,140,207620,卖盘
788,14:07:57,14.83,--,52,77116,卖盘
789,14:07:54,14.83,--,271,401893,卖盘
790,14:07:51,14.83,--,1,1483,卖盘
791,14:07:45,14.83,--,32,47456,卖盘
792,14:07:42,14.83,--,45,66735,卖盘
793,14:07:39,14.83,--,50,74150,卖盘
794,14:07:36,14.83,-0.01,80,118640,卖盘
795,14:07:33,14.84,--,39,57876,买盘
796,14:07:27,14.84,0.01,30,44520,买盘
797,14:07:24,14.83,--,42,62286,卖盘
798,14:07:21,14.83,-0.01,30,44490,卖盘
799,14:07:18,14.84,0.01,6,8904,买盘
800,14:07:15,14.83,--,2,2966,卖盘
801,14:07:12,14.83,-0.01,11,16313,卖盘
802,14:07:09,14.84,0.01,23,34132,买盘
803,14:07:06,14.83,--,39,57837,卖盘
804,14:07:03,14.83,--,9,13347,卖盘
805,14:07:00,14.83,--,40,59320,卖盘
806,14:06:57,14.83,--,1,1483,卖盘
807,14:06:54,14.83,--,2,2966,卖盘
808,14:06:51,14.83,-0.01,2,2966,卖盘
809,14:06:48,14.84,--,41,60844,买盘
810,14:06:42,14.84,0.01,123,182532,买盘
811,14:06:36,14.83,--,6,8898,卖盘
812,14:06:33,14.83,--,27,40041,卖盘
813,14:06:30,14.83,--,2,2966,卖盘
814,14:06:27,14.83,--,2,2966,卖盘
815,14:06:24,14.83,--,125,185375,卖盘
816,14:06:18,14.83,--,35,51905,卖盘
817,14:06:15,14.83,--,21,31143,卖盘
818,14:06:12,14.83,0.01,25,37075,买盘
819,14:06:09,14.82,--,5,7410,卖盘
820,14:06:06,14.82,-0.01,35,51870,卖盘
821,14:06:03,14.83,--,5,7415,买盘
822,14:06:00,14.83,0.01,20,29660,中性盘
823,14:05:57,14.82,-0.02,25,37050,卖盘
824,14:05:54,14.84,0.01,220,326480,中性盘
825,14:05:48,14.83,-0.01,87,129021,卖盘
826,14:05:45,14.84,--,10,14840,卖盘
827,14:05:42,14.84,--,50,74200,卖盘
828,14:05:39,14.84,-0.01,23,34132,卖盘
829,14:05:36,14.85,-0.01,347,516483,卖盘
830,14:05:33,14.86,0.01,26,38636,买盘
831,14:05:30,14.85,--,6,8910,卖盘
832,14:05:24,14.85,--,30,44550,卖盘
833,14:05:21,14.85,--,3,4455,卖盘
834,14:05:12,14.85,--,31,46035,卖盘
835,14:05:09,14.85,--,1,1485,卖盘
836,14:05:06,14.85,--,562,834867,买盘
837,14:05:03,14.85,0.01,13,19305,买盘
838,14:05:00,14.84,--,33,49892,卖盘
839,14:04:57,14.84,--,25,37100,卖盘
840,14:04:54,14.84,--,22,32648,卖盘
841,14:04:51,14.84,--,40,59360,卖盘
842,14:04:48,14.84,-0.01,26,38584,中性盘
843,14:04:36,14.85,--,819,1216215,买盘
844,14:04:33,14.85,0.01,9,13365,买盘
845,14:04:18,14.84,--,6,8904,卖盘
846,14:04:12,14.84,--,23,34132,卖盘
847,14:04:06,14.84,-0.01,27,40068,卖盘
848,14:04:03,14.85,0.01,322,478170,买盘
849,14:04:00,14.84,0.01,20,29680,中性盘
850,14:03:54,14.83,-0.02,40,59320,卖盘
851,14:03:36,14.85,0.01,142,210870,买盘
852,14:03:33,14.84,0.01,136,201824,买盘
853,14:03:30,14.83,--,19,28177,卖盘
854,14:03:24,14.83,-0.01,25,37075,卖盘
855,14:03:18,14.84,--,3,4452,买盘
856,14:03:12,14.84,0.01,10,14840,买盘
857,14:03:06,14.83,-0.02,3,4449,卖盘
858,14:03:03,14.85,0.02,251,372735,买盘
859,14:02:57,14.83,--,10,14830,卖盘
860,14:02:45,14.83,-0.02,5,7415,中性盘
861,14:02:36,14.85,--,121,179685,买盘
862,14:02:33,14.85,0.03,132,196020,买盘
863,14:02:30,14.82,--,3,4446,卖盘
864,14:02:27,14.82,-0.03,31,45942,卖盘
865,14:02:24,14.85,--,20,29700,买盘
866,14:02:18,14.85,0.03,232,344520,买盘
867,14:02:12,14.82,--,5,7410,卖盘
868,14:02:09,14.82,--,4,5928,卖盘
869,14:02:06,14.82,-0.02,4,5928,卖盘
870,14:02:03,14.84,0.02,252,373968,买盘
871,14:02:00,14.82,--,7,10374,卖盘
872,14:01:57,14.82,-0.01,2,2964,卖盘
873,14:01:54,14.83,0.01,6,8898,买盘
874,14:01:48,14.82,0.01,11,16302,卖盘
875,14:01:45,14.81,--,1,1481,卖盘
876,14:01:42,14.81,-0.01,50,74050,卖盘
877,14:01:39,14.82,0.01,1,1482,中性盘
878,14:01:36,14.81,-0.01,145,214745,卖盘
879,14:01:33,14.82,--,130,192660,买盘
880,14:01:30,14.82,0.01,50,74100,买盘
881,14:01:27,14.81,--,28,41468,卖盘
882,14:01:18,14.81,-0.01,36,53316,卖盘
883,14:01:15,14.82,0.01,24,35568,买盘
884,14:01:09,14.81,-0.02,11,16291,卖盘
885,14:01:06,14.83,-0.02,18,26694,卖盘
886,14:01:03,14.85,0.02,248,368280,买盘
887,14:00:57,14.83,0.01,8,11864,买盘
888,14:00:54,14.82,--,30,44460,卖盘
889,14:00:51,14.82,-0.01,2,2964,卖盘
890,14:00:48,14.83,--,1,1483,中性盘
891,14:00:39,14.83,--,16,23728,卖盘
892,14:00:36,14.83,-0.01,126,186858,卖盘
893,14:00:33,14.84,0.01,133,197372,买盘
894,14:00:30,14.83,--,4,5932,卖盘
895,14:00:27,14.83,0.01,35,51905,买盘
896,14:00:24,14.82,-0.01,3,4446,卖盘
897,14:00:18,14.83,--,72,106776,卖盘
898,14:00:15,14.83,--,4,5932,卖盘
899,14:00:12,14.83,--,51,75633,卖盘
900,14:00:06,14.83,-0.01,264,391512,卖盘
901,14:00:03,14.84,0.01,180,267120,买盘
902,13:59:57,14.83,--,100,148300,卖盘
903,13:59:54,14.83,-0.01,16,23728,卖盘
904,13:59:51,14.84,0.01,16,23744,买盘
905,13:59:45,14.83,-0.01,5,7415,卖盘
906,13:59:39,14.84,--,10,14840,买盘
907,13:59:36,14.84,0.01,121,179564,买盘
908,13:59:33,14.83,--,155,229865,卖盘
909,13:59:30,14.83,--,10,14830,卖盘
910,13:59:24,14.83,--,2,2966,卖盘
911,13:59:18,14.83,--,5,7415,卖盘
912,13:59:15,14.83,--,22,32626,买盘
913,13:59:12,14.83,--,1,1483,买盘
914,13:59:09,14.83,--,23,34109,卖盘
915,13:59:06,14.83,-0.01,7,10381,卖盘
916,13:59:03,14.84,--,253,375452,买盘
917,13:58:54,14.84,0.01,172,255248,买盘
918,13:58:51,14.83,--,32,47456,卖盘
919,13:58:48,14.83,--,100,148300,卖盘
920,13:58:45,14.83,--,32,47456,卖盘
921,13:58:36,14.83,-0.01,58,86014,卖盘
922,13:58:33,14.84,0.01,251,372484,买盘
923,13:58:24,14.83,-0.01,2,2966,卖盘
924,13:58:21,14.84,0.01,20,29680,买盘
925,13:58:18,14.83,--,5,7415,卖盘
926,13:58:12,14.83,--,11,16313,买盘
927,13:58:09,14.83,--,9,13347,卖盘
928,13:58:06,14.83,-0.01,14,20762,卖盘
929,13:58:03,14.84,0.01,251,372484,买盘
930,13:58:00,14.83,--,50,74150,卖盘
931,13:57:57,14.83,--,15,22245,卖盘
932,13:57:54,14.83,-0.01,5,7415,卖盘
933,13:57:39,14.84,0.01,35,51940,买盘
934,13:57:36,14.83,-0.01,125,185375,卖盘
935,13:57:33,14.84,0.01,160,237440,买盘
936,13:57:27,14.83,--,2,2966,卖盘
937,13:57:21,14.83,-0.01,8,11864,卖盘
938,13:57:15,14.84,0.01,21,31164,买盘
939,13:57:09,14.83,--,1,1483,卖盘
940,13:57:06,14.83,-0.01,4,5932,卖盘
941,13:57:03,14.84,0.01,246,365064,买盘
942,13:57:00,14.83,0.01,3,4449,买盘
943,13:56:57,14.82,--,2,2964,卖盘
944,13:56:51,14.82,--,17,25194,卖盘
945,13:56:42,14.82,--,50,74100,卖盘
946,13:56:36,14.82,-0.03,16,23712,中性盘
947,13:56:33,14.85,0.01,302,448470,买盘
948,13:56:30,14.84,0.02,47,69748,买盘
949,13:56:27,14.82,-0.02,2,2964,卖盘
950,13:56:21,14.84,--,46,68264,买盘
951,13:56:15,14.84,--,103,152852,买盘
952,13:56:12,14.84,--,40,59360,买盘
953,13:56:06,14.84,--,27,40068,买盘
954,13:56:03,14.84,0.02,298,442232,买盘
955,13:56:00,14.82,--,7,10374,买盘
956,13:55:57,14.82,--,23,34086,买盘
957,13:55:54,14.82,0.01,23,34086,买盘
958,13:55:48,14.81,-0.01,2,2962,卖盘
959,13:55:45,14.82,-0.01,32,47424,买盘
960,13:55:33,14.83,0.02,251,372233,买盘
961,13:55:30,14.81,--,7,10367,卖盘
962,13:55:24,14.81,-0.01,12,17772,卖盘
963,13:55:21,14.82,0.01,20,29640,买盘
964,13:55:15,14.81,-0.01,2,2962,卖盘
965,13:55:06,14.82,-0.01,46,68172,卖盘
966,13:55:03,14.83,0.01,247,366301,买盘
967,13:55:00,14.82,--,111,164502,买盘
968,13:54:51,14.82,--,40,59280,买盘
969,13:54:48,14.82,--,3,4446,买盘
970,13:54:45,14.82,--,30,44460,买盘
971,13:54:39,14.82,-0.01,2,2964,卖盘
972,13:54:33,14.83,0.02,250,370750,买盘
973,13:54:27,14.81,0.01,17,25177,中性盘
974,13:54:18,14.8,--,8,11840,卖盘
975,13:54:12,14.8,-0.03,50,74000,卖盘
976,13:54:09,14.83,0.02,32,47456,买盘
977,13:54:06,14.81,-0.02,3,4443,卖盘
978,13:54:03,14.83,0.03,256,379648,买盘
979,13:53:54,14.8,--,16,23680,卖盘
980,13:53:48,14.8,--,8,11840,卖盘
981,13:53:42,14.8,-0.04,21,31080,卖盘
982,13:53:33,14.84,0.04,251,372484,买盘
983,13:53:27,14.8,-0.01,143,211640,卖盘
984,13:53:21,14.81,0.01,31,45911,买盘
985,13:53:15,14.8,--,50,74000,卖盘
986,13:53:12,14.8,-0.01,20,29600,卖盘
987,13:53:09,14.81,-0.02,34,50354,卖盘
988,13:53:06,14.83,--,4,5932,卖盘
989,13:53:03,14.83,0.03,228,338124,买盘
990,13:53:00,14.8,--,50,74000,卖盘
991,13:52:51,14.8,--,19,29126,卖盘
992,13:52:42,14.8,-0.01,378,559440,卖盘
993,13:52:39,14.81,-0.03,21,31101,卖盘
994,13:52:33,14.84,0.04,246,365064,买盘
995,13:52:27,14.8,-0.02,16,23680,卖盘
996,13:52:18,14.82,--,9,13338,买盘
997,13:52:15,14.82,--,242,358644,卖盘
998,13:52:12,14.82,--,35,51870,卖盘
999,13:52:06,14.82,-0.02,4,5928,卖盘
1000,13:52:03,14.84,0.02,255,378420,买盘
1001,13:52:00,14.82,--,10,14820,卖盘
1002,13:51:54,14.82,--,10,14820,卖盘
1003,13:51:51,14.82,-0.01,11,16302,卖盘
1004,13:51:48,14.83,--,4,5932,买盘
1005,13:51:45,14.83,--,20,29660,买盘
1006,13:51:42,14.83,0.01,2,2966,买盘
1007,13:51:39,14.82,-0.01,32,47424,卖盘
1008,13:51:36,14.83,0.01,48,71184,买盘
1009,13:51:33,14.82,0.02,100,148200,买盘
1010,13:51:30,14.8,-0.01,32,47360,中性盘
1011,13:51:27,14.81,0.01,24,35544,买盘
1012,13:51:24,14.8,--,37,54760,买盘
1013,13:51:21,14.8,--,1,1480,买盘
1014,13:51:18,14.8,--,32,47360,买盘
1015,13:51:15,14.8,0.01,2,2960,买盘
1016,13:51:09,14.79,-0.01,10,14790,卖盘
1017,13:51:06,14.8,-0.03,15,22200,中性盘
1018,13:51:03,14.83,0.03,261,387063,买盘
1019,13:50:57,14.8,0.01,63,93240,卖盘
1020,13:50:51,14.79,-0.01,100,147900,卖盘
1021,13:50:48,14.8,--,40,59200,卖盘
1022,13:50:45,14.8,--,10,14800,卖盘
1023,13:50:42,14.8,-0.02,93,138824,卖盘
1024,13:50:39,14.82,-0.01,42,62244,卖盘
1025,13:50:36,14.83,0.01,20,29660,买盘
1026,13:50:33,14.82,0.03,169,250458,买盘
1027,13:50:27,14.79,--,5,7395,卖盘
1028,13:50:21,14.79,--,1,1479,卖盘
1029,13:50:18,14.79,--,5,7395,卖盘
1030,13:50:15,14.79,--,20,29580,卖盘
1031,13:50:12,14.79,--,2,2958,卖盘
1032,13:50:06,14.79,-0.03,3,4437,卖盘
1033,13:50:03,14.82,0.03,255,377910,买盘
1034,13:50:00,14.79,-0.01,18,26622,卖盘
1035,13:49:54,14.8,--,10,14800,买盘
1036,13:49:51,14.8,-0.01,384,568320,卖盘
1037,13:49:39,14.81,--,12,17772,卖盘
1038,13:49:36,14.81,-0.01,30,44430,卖盘
1039,13:49:33,14.82,0.01,5,7410,买盘
1040,13:49:27,14.81,-0.02,6,8886,卖盘
1041,13:49:24,14.83,0.01,22,32626,买盘
1042,13:49:21,14.82,-0.01,2,2964,买盘
1043,13:49:18,14.83,0.02,162,240246,买盘
1044,13:49:15,14.81,--,5,7405,卖盘
1045,13:49:12,14.81,--,1,1481,卖盘
1046,13:49:06,14.81,-0.02,7,10367,卖盘
1047,13:49:03,14.83,0.01,119,176477,买盘
1048,13:49:00,14.82,--,14,20748,卖盘
1049,13:48:57,14.82,--,8,11856,卖盘
1050,13:48:54,14.82,-0.01,22,32604,卖盘
1051,13:48:42,14.83,-0.01,78,115674,卖盘
1052,13:48:36,14.84,0.01,63,93492,买盘
1053,13:48:33,14.83,--,77,114191,卖盘
1054,13:48:27,14.83,--,41,60803,卖盘
1055,13:48:24,14.83,--,30,44490,卖盘
1056,13:48:21,14.83,-0.02,41,60803,卖盘
1057,13:48:18,14.85,--,126,187110,买盘
1058,13:48:15,14.85,--,20,29700,买盘
1059,13:48:12,14.85,0.02,4,5940,买盘
1060,13:48:09,14.83,-0.02,131,194539,卖盘
1061,13:48:06,14.85,--,129,191565,卖盘
1062,13:48:03,14.85,--,128,190080,卖盘
1063,13:48:00,14.85,--,40,59400,卖盘
1064,13:47:57,14.85,--,21,31185,卖盘
1065,13:47:51,14.85,--,10,14850,卖盘
1066,13:47:48,14.85,--,15,23492,卖盘
1067,13:47:45,14.85,--,10,14850,卖盘
1068,13:47:42,14.85,--,2,2970,卖盘
1069,13:47:39,14.85,--,14,20790,卖盘
1070,13:47:36,14.85,-0.01,2,2970,卖盘
1071,13:47:33,14.86,0.01,16,23776,中性盘
1072,13:47:24,14.85,-0.02,10,14850,卖盘
1073,13:47:18,14.87,0.02,183,272121,买盘
1074,13:47:15,14.85,-0.02,9,13365,卖盘
1075,13:47:06,14.87,0.01,29,43123,买盘
1076,13:47:03,14.86,0.01,7,10402,买盘
1077,13:47:00,14.85,--,12,17820,卖盘
1078,13:46:57,14.85,0.01,12,17820,买盘
1079,13:46:54,14.84,-0.03,28,41552,卖盘
1080,13:46:51,14.87,0.04,15,22305,买盘
1081,13:46:48,14.83,--,5,7415,卖盘
1082,13:46:45,14.83,-0.01,4,5932,卖盘
1083,13:46:39,14.84,--,10,14840,卖盘
1084,13:46:36,14.84,--,23,34132,卖盘
1085,13:46:33,14.84,-0.03,48,71232,卖盘
1086,13:46:27,14.87,--,240,356880,买盘
1087,13:46:18,14.87,0.02,126,187362,买盘
1088,13:46:15,14.85,--,2,2970,卖盘
1089,13:46:09,14.85,--,2,2970,卖盘
1090,13:46:06,14.85,-0.01,4,5940,卖盘
1091,13:46:03,14.86,--,5,7430,买盘
1092,13:45:57,14.86,--,1,1486,买盘
1093,13:45:54,14.86,--,7,10402,买盘
1094,13:45:51,14.86,-0.01,20,29720,买盘
1095,13:45:48,14.87,--,69,103495,卖盘
1096,13:45:45,14.87,--,12,17844,卖盘
1097,13:45:42,14.87,-0.01,106,157622,卖盘
1098,13:45:33,14.88,0.01,11,16368,买盘
1099,13:45:27,14.87,--,44,66022,买盘
1100,13:45:24,14.87,--,45,67807,卖盘
1101,13:45:21,14.87,-0.01,10,14870,卖盘
1102,13:45:18,14.88,0.01,125,186000,买盘
1103,13:45:12,14.87,--,22,32714,卖盘
1104,13:45:09,14.87,0.02,29,43717,买盘
1105,13:45:06,14.85,-0.02,3,4455,卖盘
1106,13:45:03,14.87,0.01,5,7435,买盘
1107,13:45:00,14.86,-0.01,2,2972,卖盘
1108,13:44:57,14.87,--,6,8922,买盘
1109,13:44:51,14.87,0.01,10,14870,买盘
1110,13:44:48,14.86,-0.01,8,12185,卖盘
1111,13:44:45,14.87,--,34,50558,卖盘
1112,13:44:42,14.87,0.01,59,88922,买盘
1113,13:44:39,14.86,--,92,136712,卖盘
1114,13:44:36,14.86,--,4,5944,卖盘
1115,13:44:33,14.86,--,74,109964,卖盘
1116,13:44:30,14.86,--,24,35664,卖盘
1117,13:44:27,14.86,--,71,105506,买盘
1118,13:44:24,14.86,--,7,10402,买盘
1119,13:44:21,14.86,-0.01,26,38636,卖盘
1120,13:44:18,14.87,0.01,215,319705,买盘
1121,13:44:09,14.86,--,3,4458,卖盘
1122,13:44:06,14.86,--,29,43094,卖盘
1123,13:44:03,14.86,--,9,13374,卖盘
1124,13:44:00,14.86,-0.01,2,2972,卖盘
1125,13:43:51,14.87,0.01,67,99629,买盘
1126,13:43:48,14.86,--,72,106992,卖盘
1127,13:43:45,14.86,-0.01,102,151572,卖盘
1128,13:43:42,14.87,0.01,200,297400,买盘
1129,13:43:39,14.86,-0.01,12,17832,卖盘
1130,13:43:33,14.87,0.01,5,7435,买盘
1131,13:43:30,14.86,--,39,57954,卖盘
1132,13:43:27,14.86,--,43,63898,买盘
1133,13:43:24,14.86,--,7,10402,卖盘
1134,13:43:21,14.86,-0.01,1,1486,卖盘
1135,13:43:18,14.87,0.01,126,187362,买盘
1136,13:43:15,14.86,--,13,19318,买盘
1137,13:43:12,14.86,0.01,12,17832,买盘
1138,13:43:06,14.85,-0.01,14,20790,卖盘
1139,13:43:03,14.86,0.01,5,7430,买盘
1140,13:43:00,14.85,-0.01,11,16335,卖盘
1141,13:42:57,14.86,0.01,5,7430,买盘
1142,13:42:54,14.85,-0.01,9,13365,卖盘
1143,13:42:51,14.86,0.01,3,4458,买盘
1144,13:42:48,14.85,--,10,14850,卖盘
1145,13:42:45,14.85,--,15,22275,卖盘
1146,13:42:42,14.85,-0.02,2,2970,卖盘
1147,13:42:39,14.87,0.02,7,10409,买盘
1148,13:42:36,14.85,--,4,5940,卖盘
1149,13:42:33,14.85,--,25,37125,卖盘
1150,13:42:30,14.85,--,8,11880,卖盘
1151,13:42:24,14.85,-0.02,4,5940,卖盘
1152,13:42:21,14.87,--,21,31227,买盘
1153,13:42:18,14.87,0.03,126,187362,买盘
1154,13:42:12,14.84,--,153,227052,卖盘
1155,13:42:06,14.84,-0.01,14,20776,卖盘
1156,13:42:03,14.85,-0.01,6,8910,中性盘
1157,13:41:57,14.86,--,5,7430,买盘
1158,13:41:54,14.86,0.01,68,101048,买盘
1159,13:41:51,14.85,-0.01,67,99495,卖盘
1160,13:41:48,14.86,--,5,7430,卖盘
1161,13:41:45,14.86,-0.01,2,2972,卖盘
1162,13:41:42,14.87,0.01,6,8922,买盘
1163,13:41:39,14.86,--,2,2972,卖盘
1164,13:41:36,14.86,0.01,10,14860,中性盘
1165,13:41:33,14.85,-0.01,12,17820,卖盘
1166,13:41:30,14.86,0.01,7,10402,买盘
1167,13:41:27,14.85,--,5,7425,卖盘
1168,13:41:24,14.85,--,1,1485,卖盘
1169,13:41:21,14.85,--,5,7425,卖盘
1170,13:41:18,14.85,-0.01,226,335610,卖盘
1171,13:41:15,14.86,0.01,6,8916,买盘
1172,13:41:12,14.85,--,10,14850,卖盘
1173,13:41:09,14.85,--,24,35640,卖盘
1174,13:41:06,14.85,--,45,66825,卖盘
1175,13:41:03,14.85,--,48,71280,卖盘
1176,13:41:00,14.85,--,27,40095,买盘
1177,13:40:57,14.85,--,63,93555,卖盘
1178,13:40:54,14.85,--,5,7425,卖盘
1179,13:40:48,14.85,--,10,14850,卖盘
1180,13:40:45,14.85,--,2,2970,卖盘
1181,13:40:42,14.85,--,65,96525,卖盘
1182,13:40:39,14.85,--,2,2970,卖盘
1183,13:40:36,14.85,--,50,74250,卖盘
1184,13:40:33,14.85,--,55,81675,卖盘
1185,13:40:30,14.85,0.01,2,2970,中性盘
1186,13:40:27,14.84,-0.01,410,609671,卖盘
1187,13:40:24,14.85,--,30,44550,卖盘
1188,13:40:21,14.85,-0.01,30,44550,中性盘
1189,13:40:18,14.86,0.02,126,187236,买盘
1190,13:40:15,14.84,--,10,14840,卖盘
1191,13:40:12,14.84,-0.01,7,10388,卖盘
1192,13:40:06,14.85,--,25,37125,卖盘
1193,13:40:03,14.85,0.01,53,78705,买盘
1194,13:40:00,14.84,--,120,178080,卖盘
1195,13:39:57,14.84,-0.01,20,29680,卖盘
1196,13:39:54,14.85,--,120,178200,买盘
1197,13:39:51,14.85,0.01,20,29700,买盘
1198,13:39:48,14.84,--,143,212212,卖盘
1199,13:39:45,14.84,--,20,29680,卖盘
1200,13:39:42,14.84,--,2,2968,卖盘
1201,13:39:39,14.84,-0.01,80,118720,卖盘
1202,13:39:33,14.85,0.01,5,7425,买盘
1203,13:39:24,14.84,--,1,1484,卖盘
1204,13:39:21,14.84,-0.01,10,14840,卖盘
1205,13:39:18,14.85,0.01,127,188595,买盘
1206,13:39:12,14.84,--,12,17808,卖盘
1207,13:39:06,14.84,-0.01,9,13356,卖盘
1208,13:39:03,14.85,0.01,18,26730,买盘
1209,13:38:54,14.84,-0.01,2,2968,卖盘
1210,13:38:48,14.85,-0.01,12,17820,卖盘
1211,13:38:45,14.86,--,20,29720,买盘
1212,13:38:42,14.86,0.01,64,95104,买盘
1213,13:38:39,14.85,--,55,81675,卖盘
1214,13:38:36,14.85,--,20,29700,卖盘
1215,13:38:33,14.85,--,23,34155,卖盘
1216,13:38:30,14.85,-0.01,50,74250,卖盘
1217,13:38:18,14.86,--,344,511184,卖盘
1218,13:38:15,14.86,--,50,74300,卖盘
1219,13:38:12,14.86,--,23,34178,卖盘
1220,13:38:09,14.86,--,14,20804,卖盘
1221,13:38:06,14.86,-0.01,112,166432,卖盘
1222,13:38:03,14.87,0.01,7,10409,买盘
1223,13:37:57,14.86,--,20,29720,卖盘
1224,13:37:48,14.86,-0.01,20,29720,卖盘
1225,13:37:45,14.87,0.01,8,11896,买盘
1226,13:37:36,14.86,-0.01,22,32692,卖盘
1227,13:37:33,14.87,--,21,31227,卖盘
1228,13:37:30,14.87,--,8,11896,卖盘
1229,13:37:27,14.87,--,20,29740,卖盘
1230,13:37:24,14.87,-0.01,13,19331,卖盘
1231,13:37:18,14.88,0.01,127,188976,买盘
1232,13:37:15,14.87,--,23,34201,卖盘
1233,13:37:12,14.87,--,22,32714,卖盘
1234,13:37:09,14.87,--,13,19331,卖盘
1235,13:37:06,14.87,--,23,34201,卖盘
1236,13:37:03,14.87,--,45,66915,卖盘
1237,13:37:00,14.87,--,41,60967,卖盘
1238,13:36:57,14.87,-0.01,46,68402,卖盘
1239,13:36:48,14.88,0.01,366,544608,买盘
1240,13:36:45,14.87,-0.01,14,20818,卖盘
1241,13:36:42,14.88,0.01,23,34224,买盘
1242,13:36:39,14.87,--,14,20818,卖盘
1243,13:36:36,14.87,-0.01,3,4461,卖盘
1244,13:36:33,14.88,--,23,34224,买盘
1245,13:36:30,14.88,0.01,2,2976,买盘
1246,13:36:27,14.87,-0.01,38,56506,卖盘
1247,13:36:24,14.88,0.01,20,29760,买盘
1248,13:36:21,14.87,--,30,44610,卖盘
1249,13:36:18,14.87,--,166,246842,卖盘
1250,13:36:15,14.87,-0.01,9,13383,卖盘
1251,13:36:06,14.88,--,5,7440,买盘
1252,13:36:03,14.88,0.01,18,26784,买盘
1253,13:36:00,14.87,-0.01,2,2974,卖盘
1254,13:35:54,14.88,--,17,25296,买盘
1255,13:35:48,14.88,--,19,28272,买盘
1256,13:35:45,14.88,--,63,93744,卖盘
1257,13:35:42,14.88,--,20,29760,卖盘
1258,13:35:36,14.88,-0.01,106,157728,卖盘
1259,13:35:33,14.89,0.01,6,8934,买盘
1260,13:35:30,14.88,--,10,14880,卖盘
1261,13:35:27,14.88,--,139,206832,卖盘
1262,13:35:24,14.88,-0.01,10,14880,卖盘
1263,13:35:21,14.89,--,18,26802,买盘
1264,13:35:18,14.89,--,130,193570,买盘
1265,13:35:15,14.89,0.01,55,81895,买盘
1266,13:35:12,14.88,--,19,28272,卖盘
1267,13:35:09,14.88,--,6,8928,卖盘
1268,13:35:06,14.88,-0.01,6,8928,卖盘
1269,13:35:03,14.89,0.01,35,52115,买盘
1270,13:34:57,14.88,--,1,1488,卖盘
1271,13:34:54,14.88,-0.01,23,34224,卖盘
1272,13:34:51,14.89,0.01,9,13401,买盘
1273,13:34:48,14.88,--,25,37200,卖盘
1274,13:34:45,14.88,--,44,65472,卖盘
1275,13:34:42,14.88,--,29,43152,卖盘
1276,13:34:39,14.88,-0.01,26,38688,卖盘
1277,13:34:33,14.89,0.01,15,22335,买盘
1278,13:34:30,14.88,--,26,38688,卖盘
1279,13:34:27,14.88,--,5,7440,卖盘
1280,13:34:24,14.88,--,2,2976,卖盘
1281,13:34:18,14.88,--,191,284208,卖盘
1282,13:34:12,14.88,--,1,1488,卖盘
1283,13:34:09,14.88,-0.01,251,373488,卖盘
1284,13:34:06,14.89,0.01,24,35736,买盘
1285,13:34:03,14.88,-0.01,10,14880,买盘
1286,13:34:00,14.89,0.01,102,151878,买盘
1287,13:33:57,14.88,-0.01,68,101184,卖盘
1288,13:33:54,14.89,0.02,78,116142,买盘
1289,13:33:51,14.87,-0.01,10,14870,卖盘
1290,13:33:48,14.88,0.01,18,26784,买盘
1291,13:33:45,14.87,--,26,38662,卖盘
1292,13:33:36,14.87,-0.01,3,4461,卖盘
1293,13:33:33,14.88,0.01,32,47616,买盘
1294,13:33:30,14.87,-0.01,4,5948,卖盘
1295,13:33:27,14.88,-0.01,5,7440,中性盘
1296,13:33:24,14.89,--,20,29780,买盘
1297,13:33:18,14.89,0.03,126,187614,买盘
1298,13:33:12,14.86,-0.02,1021,1517206,卖盘
1299,13:33:09,14.88,0.02,22,32736,买盘
1300,13:33:06,14.86,-0.02,28,41608,卖盘
1301,13:33:00,14.88,0.02,10,14880,买盘
1302,13:32:57,14.86,--,116,172376,卖盘
1303,13:32:51,14.86,-0.01,193,286798,卖盘
1304,13:32:48,14.87,--,253,376211,买盘
1305,13:32:45,14.87,0.01,11,16357,中性盘
1306,13:32:42,14.86,-0.01,59,87674,卖盘
1307,13:32:39,14.87,--,23,34201,卖盘
1308,13:32:36,14.87,--,10,14870,卖盘
1309,13:32:33,14.87,--,70,104090,卖盘
1310,13:32:30,14.87,-0.01,11,16357,卖盘
1311,13:32:27,14.88,0.02,40,59520,买盘
1312,13:32:24,14.86,-0.02,3,4458,卖盘
1313,13:32:21,14.88,0.02,1699,2528112,买盘
1314,13:32:18,14.86,-0.01,42,62412,卖盘
1315,13:32:15,14.87,--,13,19331,买盘
1316,13:32:09,14.87,0.01,600,892200,买盘
1317,13:32:06,14.86,--,15,22290,卖盘
1318,13:32:03,14.86,--,51,75786,卖盘
1319,13:32:00,14.86,--,296,439856,买盘
1320,13:31:54,14.86,0.01,311,462146,买盘
1321,13:31:51,14.85,--,363,540153,买盘
1322,13:31:48,14.85,--,1053,1563705,买盘
1323,13:31:45,14.85,0.01,21,31185,买盘
1324,13:31:42,14.84,-0.01,10,14840,卖盘
1325,13:31:39,14.85,--,470,697950,买盘
1326,13:31:36,14.85,--,17,25245,买盘
1327,13:31:33,14.85,--,6,8910,买盘
1328,13:31:30,14.85,0.01,58,86130,买盘
1329,13:31:27,14.84,-0.01,3,4452,卖盘
1330,13:31:24,14.85,0.01,6,8910,买盘
1331,13:31:21,14.84,--,191,283444,卖盘
1332,13:31:15,14.84,--,6,8904,卖盘
1333,13:31:12,14.84,--,10,14840,卖盘
1334,13:31:09,14.84,0.01,751,1114484,买盘
1335,13:31:06,14.83,-0.01,4,5932,卖盘
1336,13:31:03,14.84,0.01,5,7420,买盘
1337,13:30:57,14.83,--,105,155715,买盘
1338,13:30:54,14.83,0.01,130,192790,买盘
1339,13:30:48,14.82,-0.01,19,28158,卖盘
1340,13:30:45,14.83,--,20,29660,买盘
1341,13:30:39,14.83,--,200,296600,买盘
1342,13:30:33,14.83,--,5,7415,买盘
1343,13:30:30,14.83,0.01,20,29660,买盘
1344,13:30:27,14.82,--,45,66690,卖盘
1345,13:30:18,14.82,--,10,14820,卖盘
1346,13:30:15,14.82,--,10,14820,卖盘
1347,13:30:12,14.82,--,16,23712,卖盘
1348,13:30:09,14.82,0.02,43,64644,买盘
1349,13:30:06,14.8,--,4,5920,卖盘
1350,13:30:03,14.8,-0.01,55,81400,卖盘
1351,13:30:00,14.81,--,7,10367,卖盘
1352,13:29:57,14.81,-0.01,1,1481,中性盘
1353,13:29:51,14.82,0.01,70,103740,买盘
1354,13:29:45,14.81,-0.01,2,2962,卖盘
1355,13:29:42,14.82,0.02,240,355680,买盘
1356,13:29:39,14.8,--,1,1480,卖盘
1357,13:29:36,14.8,-0.01,2,2960,卖盘
1358,13:29:33,14.81,0.01,5,7405,买盘
1359,13:29:30,14.8,-0.01,3,4440,卖盘
1360,13:29:21,14.81,-0.01,23,34063,买盘
1361,13:29:15,14.82,--,9,13338,买盘
1362,13:29:12,14.82,0.01,14,20748,买盘
1363,13:29:06,14.81,-0.01,6,8886,中性盘
1364,13:28:57,14.82,0.01,253,374946,买盘
1365,13:28:54,14.81,--,1,1481,买盘
1366,13:28:51,14.81,--,10,14810,卖盘
1367,13:28:48,14.81,0.01,3,4443,卖盘
1368,13:28:45,14.8,--,4,5920,卖盘
1369,13:28:33,14.8,-0.01,114,169312,卖盘
1370,13:28:27,14.81,--,28,41468,买盘
1371,13:28:06,14.81,--,48,71088,买盘
1372,13:28:03,14.81,0.01,5,7405,买盘
1373,13:28:00,14.8,--,2,2960,卖盘
1374,13:27:57,14.8,-0.01,1,1480,卖盘
1375,13:27:48,14.81,--,10,14810,买盘
1376,13:27:42,14.81,0.01,16,23696,买盘
1377,13:27:36,14.8,-0.01,2,2960,卖盘
1378,13:27:33,14.81,0.01,6,8886,买盘
1379,13:27:27,14.8,--,81,119880,卖盘
1380,13:27:24,14.8,-0.01,4,5920,卖盘
1381,13:27:21,14.81,0.01,128,189568,买盘
1382,13:27:12,14.8,--,2,2960,卖盘
1383,13:27:06,14.8,-0.01,3,4440,卖盘
1384,13:27:03,14.81,0.01,7,10367,买盘
1385,13:26:57,14.8,-0.01,10,14800,卖盘
1386,13:26:54,14.81,0.01,24,35544,买盘
1387,13:26:51,14.8,--,2,2960,卖盘
1388,13:26:45,14.8,--,70,103600,卖盘
1389,13:26:42,14.8,--,2,2960,卖盘
1390,13:26:39,14.8,--,16,23680,卖盘
1391,13:26:33,14.8,--,52,76960,卖盘
1392,13:26:30,14.8,--,18,26640,卖盘
1393,13:26:27,14.8,--,2,2960,卖盘
1394,13:26:24,14.8,--,23,34040,卖盘
1395,13:26:18,14.8,--,8,11840,卖盘
1396,13:26:15,14.8,-0.01,35,51800,卖盘
1397,13:26:12,14.81,0.01,5,7405,买盘
1398,13:26:09,14.8,--,30,45036,卖盘
1399,13:26:06,14.8,-0.01,4,5920,卖盘
1400,13:26:03,14.81,0.01,5,7405,买盘
1401,13:26:00,14.8,--,14,20720,卖盘
1402,13:25:57,14.8,--,2,2960,卖盘
1403,13:25:51,14.8,--,29,42920,卖盘
1404,13:25:48,14.8,--,8,11840,卖盘
1405,13:25:45,14.8,0.01,123,182040,买盘
1406,13:25:42,14.79,--,19,28101,卖盘
1407,13:25:39,14.79,--,77,113883,卖盘
1408,13:25:33,14.79,--,17,25143,卖盘
1409,13:25:30,14.79,--,13,19227,卖盘
1410,13:25:21,14.79,--,175,258824,卖盘
1411,13:25:18,14.79,-0.01,200,295800,卖盘
1412,13:25:15,14.8,0.01,120,177600,买盘
1413,13:25:06,14.79,-0.01,15,22185,卖盘
1414,13:25:03,14.8,0.01,6,8880,买盘
1415,13:25:00,14.79,-0.01,12,17748,卖盘
1416,13:24:54,14.8,--,1,1480,买盘
1417,13:24:51,14.8,--,34,50320,买盘
1418,13:24:48,14.8,0.01,1,1480,买盘
1419,13:24:45,14.79,-0.01,2,2958,卖盘
1420,13:24:39,14.8,--,2,2960,买盘
1421,13:24:36,14.8,--,20,29600,买盘
1422,13:24:33,14.8,-0.01,5,7400,中性盘
1423,13:24:24,14.81,0.01,52,77012,买盘
1424,13:24:21,14.8,0.01,1,1480,买盘
1425,13:24:18,14.79,-0.01,2,2958,卖盘
1426,13:24:15,14.8,--,30,44962,卖盘
1427,13:24:09,14.8,--,15,22200,卖盘
1428,13:24:06,14.8,-0.01,5,7400,卖盘
1429,13:24:03,14.81,0.01,8,11848,买盘
1430,13:24:00,14.8,--,200,296000,卖盘
1431,13:23:57,14.8,--,2,2960,卖盘
1432,13:23:48,14.8,-0.02,315,466200,卖盘
1433,13:23:36,14.82,0.01,7,10374,买盘
1434,13:23:33,14.81,0.01,5,7405,中性盘
1435,13:23:30,14.8,--,2,2960,卖盘
1436,13:23:27,14.8,-0.02,8,11840,卖盘
1437,13:23:24,14.82,0.02,20,29640,买盘
1438,13:23:15,14.8,-0.02,21,31080,卖盘
1439,13:23:06,14.82,0.01,14,20748,买盘
1440,13:23:03,14.81,0.01,5,7405,买盘
1441,13:23:00,14.8,-0.01,20,29600,卖盘
1442,13:22:57,14.81,--,2,2962,买盘
1443,13:22:54,14.81,-0.01,11,16291,中性盘
1444,13:22:48,14.82,0.01,237,351234,买盘
1445,13:22:36,14.81,-0.01,4,5924,卖盘
1446,13:22:33,14.82,0.01,6,8892,买盘
1447,13:22:27,14.81,-0.01,5,7405,卖盘
1448,13:22:21,14.82,--,150,222300,买盘
1449,13:22:09,14.82,0.02,20,29640,买盘
1450,13:22:06,14.8,-0.01,3,4440,卖盘
1451,13:22:03,14.81,0.01,5,7405,中性盘
1452,13:21:57,14.8,--,4,6837,买盘
1453,13:21:48,14.8,-0.01,35,52362,卖盘
1454,13:21:42,14.81,0.01,2,2962,中性盘
1455,13:21:39,14.8,-0.02,30,44400,卖盘
1456,13:21:36,14.82,0.02,4,5928,买盘
1457,13:21:24,14.8,--,20,29600,卖盘
1458,13:21:18,14.8,--,197,291560,卖盘
1459,13:21:15,14.8,0.02,9,14237,买盘
1460,13:21:09,14.78,-0.02,24,35472,卖盘
1461,13:21:06,14.8,--,206,304880,买盘
1462,13:21:03,14.8,0.02,5,7400,买盘
1463,13:21:00,14.78,--,91,134498,卖盘
1464,13:20:57,14.78,--,2,2956,卖盘
1465,13:20:54,14.78,-0.01,246,363588,卖盘
1466,13:20:51,14.79,--,12,17748,卖盘
1467,13:20:48,14.79,--,187,276573,买盘
1468,13:20:39,14.79,--,10,14790,买盘
1469,13:20:33,14.79,0.01,6,8874,买盘
1470,13:20:30,14.78,--,28,41384,卖盘
1471,13:20:27,14.78,--,43,63554,买盘
1472,13:20:24,14.78,0.01,22,32516,买盘
1473,13:20:18,14.77,--,10,14770,卖盘
1474,13:20:15,14.77,--,1,1477,卖盘
1475,13:20:12,14.77,--,2,2954,卖盘
1476,13:20:06,14.77,-0.01,6,8862,卖盘
1477,13:20:03,14.78,0.01,5,7390,买盘
1478,13:19:57,14.77,--,10,14770,卖盘
1479,13:19:54,14.77,-0.01,1,1477,卖盘
1480,13:19:51,14.78,0.01,22,32516,买盘
1481,13:19:45,14.77,-0.01,60,88620,卖盘
1482,13:19:42,14.78,--,5,7390,买盘
1483,13:19:39,14.78,--,3,4434,买盘
1484,13:19:33,14.78,--,15,22170,买盘
1485,13:19:27,14.78,--,40,59120,买盘
1486,13:19:24,14.78,0.01,60,88680,买盘
1487,13:19:21,14.77,--,22,32494,卖盘
1488,13:19:18,14.77,--,3,4431,卖盘
1489,13:19:09,14.77,--,20,29540,卖盘
1490,13:19:06,14.77,-0.01,4,5908,卖盘
1491,13:19:03,14.78,--,9,13302,买盘
1492,13:19:00,14.78,0.01,5,7390,买盘
1493,13:18:48,14.77,-0.01,2,2954,卖盘
1494,13:18:45,14.78,0.01,1,1478,买盘
1495,13:18:42,14.77,-0.01,43,63511,卖盘
1496,13:18:39,14.78,--,20,29560,买盘
1497,13:18:33,14.78,--,23,33994,买盘
1498,13:18:21,14.78,-0.01,54,79812,卖盘
1499,13:18:15,14.79,0.01,5,7395,买盘
1500,13:18:06,14.78,--,135,199530,卖盘
1501,13:18:03,14.78,--,16,23648,卖盘
1502,13:18:00,14.78,--,5,7390,卖盘
1503,13:17:57,14.78,--,283,418274,卖盘
1504,13:17:51,14.78,--,5,7390,卖盘
1505,13:17:45,14.78,--,2,2956,卖盘
1506,13:17:42,14.78,--,39,57642,卖盘
1507,13:17:36,14.78,-0.01,35,51730,卖盘
1508,13:17:33,14.79,--,31,45849,买盘
1509,13:17:30,14.79,0.01,25,36975,买盘
1510,13:17:12,14.78,--,62,91636,卖盘
1511,13:17:06,14.78,-0.01,4,5912,卖盘
1512,13:17:03,14.79,--,134,198186,卖盘
1513,13:16:57,14.79,--,5,7395,卖盘
1514,13:16:51,14.79,--,1,1479,卖盘
1515,13:16:42,14.79,--,21,31059,卖盘
1516,13:16:36,14.79,-0.01,21,31059,卖盘
1517,13:16:33,14.8,0.01,44,65120,买盘
1518,13:16:30,14.79,--,10,14790,卖盘
1519,13:16:27,14.79,-0.01,53,78387,卖盘
1520,13:16:15,14.8,0.01,20,29600,买盘
1521,13:16:12,14.79,--,49,72471,卖盘
1522,13:16:09,14.79,--,36,53244,卖盘
1523,13:16:06,14.79,-0.01,10,14790,卖盘
1524,13:16:03,14.8,0.01,28,41440,买盘
1525,13:15:57,14.79,--,46,68034,卖盘
1526,13:15:54,14.79,--,12,17748,卖盘
1527,13:15:45,14.79,--,25,36975,卖盘
1528,13:15:39,14.79,-0.01,44,65342,卖盘
1529,13:15:36,14.8,0.01,9,14533,买盘
1530,13:15:33,14.79,-0.01,27,39933,卖盘
1531,13:15:27,14.8,--,2,3226,卖盘
1532,13:15:21,14.8,-0.01,44,65120,卖盘
1533,13:15:18,14.81,0.01,126,186606,卖盘
1534,13:15:15,14.8,--,14,20720,卖盘
1535,13:15:12,14.8,--,41,60680,卖盘
1536,13:15:09,14.8,--,2,2960,卖盘
1537,13:15:06,14.8,--,64,94720,卖盘
1538,13:15:03,14.8,--,37,54760,卖盘
1539,13:15:00,14.8,-0.01,6,8880,卖盘
1540,13:14:57,14.81,--,17,25177,买盘
1541,13:14:54,14.81,0.01,16,23696,买盘
1542,13:14:51,14.8,-0.01,50,74000,卖盘
1543,13:14:48,14.81,0.01,26,38506,买盘
1544,13:14:42,14.8,--,45,66600,卖盘
1545,13:14:39,14.8,--,24,35520,卖盘
1546,13:14:36,14.8,--,106,156880,卖盘
1547,13:14:33,14.8,--,6,8880,卖盘
1548,13:14:30,14.8,--,15,22200,卖盘
1549,13:14:27,14.8,-0.01,4,5920,卖盘
1550,13:14:24,14.81,0.01,26,38506,买盘
1551,13:14:21,14.8,-0.01,43,63640,卖盘
1552,13:14:18,14.81,0.01,1,1481,中性盘
1553,13:14:09,14.8,-0.01,50,74000,卖盘
1554,13:14:06,14.81,-0.01,13,19253,卖盘
1555,13:14:03,14.82,0.01,5,7410,中性盘
1556,13:14:00,14.81,--,50,74050,卖盘
1557,13:13:57,14.81,--,12,17772,卖盘
1558,13:13:54,14.81,0.01,33,48873,中性盘
1559,13:13:42,14.8,--,10,14800,卖盘
1560,13:13:39,14.8,-0.03,10,14800,卖盘
1561,13:13:36,14.83,-0.01,24,35592,中性盘
1562,13:13:30,14.84,0.04,2,2968,买盘
1563,13:13:27,14.8,--,40,59200,卖盘
1564,13:13:09,14.8,-0.04,25,37000,卖盘
1565,13:13:06,14.84,0.04,15,22260,中性盘
1566,13:13:03,14.8,-0.04,1505,2227400,卖盘
1567,13:13:00,14.84,-0.01,33,48972,卖盘
1568,13:12:57,14.85,--,8,11880,买盘
1569,13:12:51,14.85,--,14,20790,买盘
1570,13:12:45,14.85,--,31,46035,买盘
1571,13:12:42,14.85,0.01,10,14850,买盘
1572,13:12:36,14.84,-0.01,43,63812,卖盘
1573,13:12:33,14.85,--,5,7425,买盘
1574,13:12:30,14.85,0.01,170,252450,买盘
1575,13:12:24,14.84,--,5,7420,卖盘
1576,13:12:21,14.84,-0.01,6,8904,卖盘
1577,13:12:18,14.85,0.01,7,10395,中性盘
1578,13:12:15,14.84,-0.01,50,74200,卖盘
1579,13:12:12,14.85,0.01,190,282150,买盘
1580,13:12:09,14.84,--,2,2968,卖盘
1581,13:12:06,14.84,--,4,5936,卖盘
1582,13:12:03,14.84,--,10,14840,卖盘
1583,13:12:00,14.84,--,5,7420,卖盘
1584,13:11:57,14.84,--,236,350224,卖盘
1585,13:11:54,14.84,--,44,65296,买盘
1586,13:11:51,14.84,--,40,59360,买盘
1587,13:11:42,14.84,--,50,74200,买盘
1588,13:11:39,14.84,-0.02,125,185500,卖盘
1589,13:11:36,14.86,0.02,35,52010,买盘
1590,13:11:33,14.84,--,430,638120,卖盘
1591,13:11:30,14.84,--,71,105364,卖盘
1592,13:11:27,14.84,--,8,11872,卖盘
1593,13:11:24,14.84,--,80,118720,卖盘
1594,13:11:21,14.84,-0.02,1,1484,卖盘
1595,13:11:15,14.86,0.01,504,748944,买盘
1596,13:11:12,14.85,0.02,500,742500,买盘
1597,13:11:09,14.83,--,205,304015,卖盘
1598,13:11:06,14.83,-0.01,54,80082,卖盘
1599,13:11:03,14.84,--,507,753530,卖盘
1600,13:11:00,14.84,--,5,7420,卖盘
1601,13:10:57,14.84,0.01,112,166549,买盘
1602,13:10:48,14.83,--,40,59320,卖盘
1603,13:10:45,14.83,0.01,26,38558,买盘
1604,13:10:42,14.82,--,52,77064,卖盘
1605,13:10:36,14.82,-0.01,62,91884,卖盘
1606,13:10:33,14.83,0.01,5,7415,买盘
1607,13:10:30,14.82,-0.01,76,112632,卖盘
1608,13:10:27,14.83,0.01,191,283253,买盘
1609,13:10:24,14.82,--,12,17784,卖盘
1610,13:10:21,14.82,0.01,92,136344,买盘
1611,13:10:18,14.81,--,69,102189,卖盘
1612,13:10:15,14.81,--,14,21622,卖盘
1613,13:10:09,14.81,--,90,133290,卖盘
1614,13:10:06,14.81,--,4,5924,卖盘
1615,13:10:03,14.81,0.01,7,10367,卖盘
1616,13:09:54,14.8,--,1,1480,卖盘
1617,13:09:51,14.8,-0.02,5,7400,卖盘
1618,13:09:48,14.82,0.02,237,351234,买盘
1619,13:09:45,14.8,--,5,7400,卖盘
1620,13:09:42,14.8,--,158,234165,买盘
1621,13:09:33,14.8,--,35,51800,买盘
1622,13:09:30,14.8,--,5,7400,买盘
1623,13:09:21,14.8,--,15,22200,买盘
1624,13:09:15,14.8,--,30,44400,买盘
1625,13:09:09,14.8,0.01,20,29600,买盘
1626,13:09:06,14.79,-0.01,3,4437,卖盘
1627,13:09:03,14.8,--,5,7400,买盘
1628,13:09:00,14.8,--,10,14800,买盘
1629,13:08:57,14.8,0.01,9,13320,买盘
1630,13:08:54,14.79,--,3,4437,卖盘
1631,13:08:51,14.79,--,11,16268,卖盘
1632,13:08:42,14.79,-0.01,11,16268,卖盘
1633,13:08:36,14.8,--,4,5920,买盘
1634,13:08:33,14.8,0.01,5,7400,买盘
1635,13:08:30,14.79,-0.01,2,2958,卖盘
1636,13:08:24,14.8,--,10,14800,买盘
1637,13:08:21,14.8,--,77,115114,卖盘
1638,13:08:18,14.8,--,10,14800,卖盘
1639,13:08:15,14.8,--,100,148000,卖盘
1640,13:08:12,14.8,-0.01,4,6837,卖盘
1641,13:08:09,14.81,0.01,25,37025,买盘
1642,13:08:06,14.8,-0.01,4,5920,卖盘
1643,13:08:03,14.81,--,18,26658,买盘
1644,13:08:00,14.81,0.01,21,31101,买盘
1645,13:07:57,14.8,--,14,20720,卖盘
1646,13:07:48,14.8,--,2,3848,买盘
1647,13:07:42,14.8,--,197,292152,卖盘
1648,13:07:36,14.8,--,12,17760,卖盘
1649,13:07:33,14.8,--,17,26048,卖盘
1650,13:07:30,14.8,--,343,507640,买盘
1651,13:07:21,14.8,0.01,50,74000,买盘
1652,13:07:15,14.79,--,1,1479,卖盘
1653,13:07:06,14.79,-0.01,6,8874,卖盘
1654,13:07:03,14.8,0.01,10,14800,买盘
1655,13:07:00,14.79,--,30,44370,卖盘
1656,13:06:54,14.79,--,30,44370,买盘
1657,13:06:51,14.79,0.01,20,29580,买盘
1658,13:06:42,14.78,-0.02,4,5912,卖盘
1659,13:06:33,14.8,0.01,102,150960,买盘
1660,13:06:30,14.79,--,2,2958,买盘
1661,13:06:24,14.79,0.01,62,91698,买盘
1662,13:06:21,14.78,-0.01,196,289688,卖盘
1663,13:06:15,14.79,-0.01,2,2958,中性盘
1664,13:06:06,14.8,0.02,5,7400,买盘
1665,13:06:03,14.78,-0.02,5,7390,中性盘
1666,13:05:51,14.8,0.03,500,740000,买盘
1667,13:05:48,14.77,-0.03,4,5908,卖盘
1668,13:05:39,14.8,0.03,20,29600,买盘
1669,13:05:33,14.77,-0.03,4,6646,中性盘
1670,13:05:21,14.8,--,28,41440,买盘
1671,13:05:15,14.8,--,2,2960,买盘
1672,13:05:12,14.8,--,9,13320,卖盘
1673,13:05:09,14.8,--,510,754800,卖盘
1674,13:05:06,14.8,-0.01,4,5920,卖盘
1675,13:05:03,14.81,0.01,5,7405,买盘
1676,13:04:54,14.8,--,109,161320,卖盘
1677,13:04:51,14.8,--,5,7400,卖盘
1678,13:04:48,14.8,--,1,1480,卖盘
1679,13:04:45,14.8,--,5,7400,卖盘
1680,13:04:42,14.8,0.03,154,227920,买盘
1681,13:04:39,14.77,-0.03,8,11816,卖盘
1682,13:04:24,14.8,0.03,138,204240,买盘
1683,13:04:15,14.77,-0.03,10,14770,卖盘
1684,13:04:12,14.8,0.03,40,59200,买盘
1685,13:04:09,14.77,--,10,14770,卖盘
1686,13:04:06,14.77,--,5,7385,卖盘
1687,13:04:03,14.77,0.01,16,23632,中性盘
1688,13:03:45,14.76,--,4,5904,卖盘
1689,13:03:42,14.76,-0.04,1,1476,卖盘
1690,13:03:39,14.8,0.03,243,359640,买盘
1691,13:03:33,14.77,--,6,8862,买盘
1692,13:03:15,14.77,0.01,24,35448,买盘
1693,13:03:06,14.76,--,4,5904,卖盘
1694,13:03:03,14.76,--,35,51660,卖盘
1695,13:02:51,14.76,-0.01,22,32472,卖盘
1696,13:02:42,14.77,--,11,16247,买盘
1697,13:02:33,14.77,--,5,7385,买盘
1698,13:02:27,14.77,0.01,8,11816,买盘
1699,13:02:15,14.76,--,4,5904,卖盘
1700,13:02:06,14.76,-0.01,24,35424,卖盘
1701,13:02:03,14.77,0.01,5,7385,买盘
1702,13:01:57,14.76,-0.01,7,10332,卖盘
1703,13:01:51,14.77,--,7,10339,买盘
1704,13:01:33,14.77,0.01,6,8862,买盘
1705,13:01:27,14.76,-0.01,12,17712,卖盘
1706,13:01:24,14.77,0.01,30,44310,买盘
1707,13:01:21,14.76,--,23,33948,卖盘
1708,13:01:18,14.76,--,23,33948,卖盘
1709,13:01:15,14.76,--,27,39852,卖盘
1710,13:01:09,14.76,--,23,33948,卖盘
1711,13:01:06,14.76,--,10,14760,卖盘
1712,13:01:03,14.76,--,28,41328,卖盘
1713,13:01:00,14.76,--,1,1476,卖盘
1714,13:00:57,14.76,-0.04,25,36900,卖盘
1715,13:00:54,14.8,0.02,49,72520,买盘
1716,13:00:51,14.78,--,23,33994,卖盘
1717,13:00:48,14.78,--,23,33994,卖盘
1718,13:00:45,14.78,--,74,109372,卖盘
1719,13:00:42,14.78,--,23,33994,卖盘
1720,13:00:39,14.78,-0.01,69,101982,买盘
1721,13:00:33,14.79,-0.01,51,75429,中性盘
1722,13:00:27,14.8,--,7,10360,买盘
1723,13:00:24,14.8,--,11,16280,卖盘
1724,13:00:15,14.8,-0.02,36,53280,卖盘
1725,13:00:12,14.82,0.02,3,4446,中性盘
1726,13:00:06,14.8,-0.01,230,340400,卖盘
1727,13:00:03,14.81,--,286,423566,卖盘
1728,13:00:00,14.81,-0.01,3,4443,卖盘
1729,11:30:00,14.82,--,40,59280,买盘
1730,11:29:57,14.82,0.02,10,14820,买盘
1731,11:29:54,14.8,-0.01,24,35520,卖盘
1732,11:29:51,14.81,--,5,7405,卖盘
1733,11:29:48,14.81,--,3,4443,卖盘
1734,11:29:45,14.81,0.01,5,7405,中性盘
1735,11:29:39,14.8,-0.02,13,19240,卖盘
1736,11:29:33,14.82,--,12,17784,买盘
1737,11:29:27,14.82,--,16,23712,买盘
1738,11:29:24,14.82,0.02,241,357162,买盘
1739,11:29:21,14.8,--,8,12728,卖盘
1740,11:29:18,14.8,--,92,136752,买盘
1741,11:29:15,14.8,--,38,56240,买盘
1742,11:29:12,14.8,--,8,11840,买盘
1743,11:29:09,14.8,--,18,26640,买盘
1744,11:29:06,14.8,0.01,14,20720,买盘
1745,11:29:03,14.79,-0.01,513,758727,卖盘
1746,11:29:00,14.8,--,615,910200,买盘
1747,11:28:57,14.8,0.01,1,1480,买盘
1748,11:28:48,14.79,--,27,39933,卖盘
1749,11:28:42,14.79,--,69,102051,买盘
1750,11:28:33,14.79,--,5,7395,买盘
1751,11:28:30,14.79,--,2,2958,买盘
1752,11:28:27,14.79,--,8,11832,卖盘
1753,11:28:24,14.79,-0.01,6,8874,买盘
1754,11:28:18,14.8,0.01,7,10360,买盘
1755,11:28:15,14.79,--,564,834156,买盘
1756,11:28:12,14.79,--,1,1479,买盘
1757,11:28:09,14.79,--,7,10353,买盘
1758,11:28:06,14.79,0.01,11,16268,买盘
1759,11:28:03,14.78,--,17,25126,中性盘
1760,11:27:54,14.78,--,46,67988,买盘
1761,11:27:51,14.78,--,28,41384,买盘
1762,11:27:48,14.78,--,7,10346,买盘
1763,11:27:45,14.78,0.02,87,128586,买盘
1764,11:27:39,14.76,--,16,23616,卖盘
1765,11:27:36,14.76,--,1,1476,卖盘
1766,11:27:33,14.76,--,28,42508,买盘
1767,11:27:30,14.76,0.01,5,7380,买盘
1768,11:27:27,14.75,-0.02,89,131570,卖盘
1769,11:27:24,14.77,0.01,40,59080,买盘
1770,11:27:21,14.76,--,5,7380,卖盘
1771,11:27:18,14.76,--,10,14760,卖盘
1772,11:27:15,14.76,--,5,7380,卖盘
1773,11:27:12,14.76,--,7,10332,卖盘
1774,11:27:06,14.76,-0.01,4,5904,卖盘
1775,11:27:03,14.77,0.01,11,16247,买盘
1776,11:26:57,14.76,-0.01,1,2656,卖盘
1777,11:26:54,14.77,0.01,3,4431,买盘
1778,11:26:45,14.76,--,32,47232,卖盘
1779,11:26:42,14.76,-0.01,64,94464,卖盘
1780,11:26:36,14.77,--,20,29540,买盘
1781,11:26:33,14.77,0.01,5,7385,买盘
1782,11:26:30,14.76,-0.01,107,157932,卖盘
1783,11:26:24,14.77,0.01,20,29540,买盘
1784,11:26:21,14.76,-0.01,2,2952,卖盘
1785,11:26:09,14.77,0.01,3,4431,买盘
1786,11:26:06,14.76,-0.01,4,5904,卖盘
1787,11:26:03,14.77,0.01,8,11816,买盘
1788,11:26:00,14.76,--,2,2952,卖盘
1789,11:25:54,14.76,-0.01,4,5904,卖盘
1790,11:25:51,14.77,-0.01,2,2954,中性盘
1791,11:25:36,14.78,-0.01,1,1478,买盘
1792,11:25:33,14.79,0.01,25,36975,买盘
1793,11:25:27,14.78,--,503,743434,卖盘
1794,11:25:24,14.78,--,25,36950,卖盘
1795,11:25:21,14.78,--,20,29560,卖盘
1796,11:25:18,14.78,-0.01,80,118240,卖盘
1797,11:25:15,14.79,0.01,1,1479,买盘
1798,11:25:12,14.78,--,77,113806,卖盘
1799,11:25:09,14.78,--,20,29560,卖盘
1800,11:25:06,14.78,-0.01,3,4434,卖盘
1801,11:25:03,14.79,0.01,6,8874,买盘
1802,11:24:57,14.78,--,36,53208,卖盘
1803,11:24:54,14.78,-0.01,12,17736,卖盘
1804,11:24:51,14.79,0.01,15,22185,买盘
1805,11:24:45,14.78,-0.01,37,54686,卖盘
1806,11:24:39,14.79,--,10,14790,买盘
1807,11:24:33,14.79,--,240,355847,卖盘
1808,11:24:27,14.79,-0.01,122,181029,卖盘
1809,11:24:24,14.8,0.01,10,14800,买盘
1810,11:24:21,14.79,-0.01,1,1479,中性盘
1811,11:24:18,14.8,--,20,29600,买盘
1812,11:24:15,14.8,0.01,30,44400,买盘
1813,11:24:12,14.79,0.01,244,360876,买盘
1814,11:24:09,14.78,-0.01,12,17736,卖盘
1815,11:24:06,14.79,-0.01,6,8874,中性盘
1816,11:24:03,14.8,0.01,13,19240,买盘
1817,11:24:00,14.79,-0.01,9,13311,卖盘
1818,11:23:57,14.8,--,55,81400,买盘
1819,11:23:54,14.8,0.01,15,22200,买盘
1820,11:23:48,14.79,-0.01,237,350523,买盘
1821,11:23:45,14.8,0.03,100,148000,买盘
1822,11:23:42,14.77,-0.02,20,29540,卖盘
1823,11:23:39,14.79,-0.01,7,10353,中性盘
1824,11:23:33,14.8,0.02,526,778480,买盘
1825,11:23:30,14.78,-0.01,47,69466,中性盘
1826,11:23:24,14.79,0.01,12,17748,买盘
1827,11:23:21,14.78,-0.01,86,127108,卖盘
1828,11:23:18,14.79,--,2,2958,买盘
1829,11:23:15,14.79,--,37,54723,买盘
1830,11:23:12,14.79,--,25,36975,买盘
1831,11:23:09,14.79,0.01,47,69513,买盘
1832,11:23:06,14.78,0.01,93,137454,买盘
1833,11:23:03,14.77,-0.01,15,22155,卖盘
1834,11:23:00,14.78,--,52,76856,买盘
1835,11:22:57,14.78,0.02,280,413840,买盘
1836,11:22:54,14.76,--,151,222876,买盘
1837,11:22:51,14.76,--,86,126936,买盘
1838,11:22:48,14.76,--,13,19188,买盘
1839,11:22:45,14.76,0.01,19,28044,买盘
1840,11:22:42,14.75,--,9,13275,卖盘
1841,11:22:39,14.75,--,2,2950,卖盘
1842,11:22:36,14.75,-0.01,131,193225,卖盘
1843,11:22:33,14.76,0.01,5,7380,买盘
1844,11:22:30,14.75,--,25,36875,卖盘
1845,11:22:27,14.75,--,10,14750,卖盘
1846,11:22:24,14.75,-0.01,30,44250,卖盘
1847,11:22:21,14.76,0.02,1,1476,买盘
1848,11:22:15,14.74,-0.02,6,8844,卖盘
1849,11:22:12,14.76,0.01,4,5904,买盘
1850,11:22:06,14.75,-0.01,6,8850,卖盘
1851,11:22:03,14.76,0.01,5,7380,买盘
1852,11:21:57,14.75,0.01,104,153400,卖盘
1853,11:21:54,14.74,-0.01,13,19162,卖盘
1854,11:21:51,14.75,-0.01,26,38350,卖盘
1855,11:21:45,14.76,0.01,120,177120,买盘
1856,11:21:42,14.75,--,2,2950,买盘
1857,11:21:39,14.75,--,2,2950,买盘
1858,11:21:33,14.75,0.01,9,13275,买盘
1859,11:21:24,14.74,--,130,191620,卖盘
1860,11:21:12,14.74,--,24,35376,卖盘
1861,11:21:09,14.74,--,1,1474,卖盘
1862,11:21:06,14.74,--,30,44220,买盘
1863,11:21:03,14.74,--,11,16214,买盘
1864,11:20:54,14.74,--,82,120868,买盘
1865,11:20:51,14.74,0.01,42,61908,买盘
1866,11:20:48,14.73,-0.01,40,58920,卖盘
1867,11:20:45,14.74,--,21,30954,买盘
1868,11:20:39,14.74,--,20,29480,买盘
1869,11:20:33,14.74,0.01,6,8844,中性盘
1870,11:20:27,14.73,-0.01,560,824880,卖盘
1871,11:20:21,14.74,--,22,32428,卖盘
1872,11:20:18,14.74,0.01,97,143862,买盘
1873,11:20:15,14.73,--,1,1473,卖盘
1874,11:20:12,14.73,-0.01,15,22095,卖盘
1875,11:20:06,14.74,0.01,4,5896,卖盘
1876,11:20:03,14.73,-0.04,5,7365,卖盘
1877,11:19:57,14.77,0.05,79,116683,买盘
1878,11:19:54,14.72,--,1,1472,卖盘
1879,11:19:51,14.72,--,8,11776,卖盘
1880,11:19:45,14.72,0.01,75,110400,买盘
1881,11:19:42,14.71,-0.01,35,51485,卖盘
1882,11:19:39,14.72,--,123,181056,买盘
1883,11:19:36,14.72,--,73,107456,买盘
1884,11:19:33,14.72,--,5,7360,买盘
1885,11:19:30,14.72,0.01,20,29440,买盘
1886,11:19:27,14.71,-0.01,2,2942,卖盘
1887,11:19:21,14.72,-0.01,712,1048064,卖盘
1888,11:19:12,14.73,-0.02,11,16203,卖盘
1889,11:19:06,14.75,0.02,5,7375,中性盘
1890,11:19:00,14.73,-0.04,30,44190,卖盘
1891,11:18:54,14.77,0.03,239,353003,买盘
1892,11:18:48,14.74,--,1,1474,买盘
1893,11:18:45,14.74,0.01,1,1474,买盘
1894,11:18:42,14.73,--,20,29460,卖盘
1895,11:18:39,14.73,-0.02,13,19149,卖盘
1896,11:18:30,14.75,0.02,5,7375,买盘
1897,11:18:27,14.73,-0.02,2,2946,卖盘
1898,11:18:21,14.75,0.02,20,29500,买盘
1899,11:18:15,14.73,--,1,1473,卖盘
1900,11:18:09,14.73,-0.01,19,27987,卖盘
1901,11:18:06,14.74,0.01,4,5896,中性盘
1902,11:18:00,14.73,-0.02,8,11784,卖盘
1903,11:17:54,14.75,--,66,97350,买盘
1904,11:17:45,14.75,--,6,8850,买盘
1905,11:17:39,14.75,--,15,22715,卖盘
1906,11:17:36,14.75,-0.01,13,19175,卖盘
1907,11:17:33,14.76,0.01,54,79704,买盘
1908,11:17:30,14.75,--,10,14750,卖盘
1909,11:17:27,14.75,--,4,5900,卖盘
1910,11:17:24,14.75,--,19,28910,买盘
1911,11:17:09,14.75,0.02,20,29500,买盘
1912,11:17:06,14.73,-0.01,56,82488,卖盘
1913,11:17:03,14.74,0.01,5,7370,买盘
1914,11:16:57,14.73,0.01,246,362358,中性盘
1915,11:16:48,14.72,-0.03,150,220800,卖盘
1916,11:16:45,14.75,0.02,30,44250,买盘
1917,11:16:39,14.73,--,40,58920,卖盘
1918,11:16:36,14.73,--,2,2946,卖盘
1919,11:16:33,14.73,-0.01,10,14730,中性盘
1920,11:16:30,14.74,0.02,16,23584,买盘
1921,11:16:24,14.72,-0.03,24,35328,卖盘
1922,11:16:21,14.75,0.03,180,265500,买盘
1923,11:16:18,14.72,--,2,2944,卖盘
1924,11:16:06,14.72,-0.02,3,4416,卖盘
1925,11:16:03,14.74,--,74,109076,买盘
1926,11:16:00,14.74,-0.01,192,283008,卖盘
1927,11:15:57,14.75,-0.01,23,33925,卖盘
1928,11:15:54,14.76,0.01,27,39852,买盘
1929,11:15:51,14.75,-0.01,16,23600,卖盘
1930,11:15:48,14.76,0.01,5,7380,买盘
1931,11:15:45,14.75,-0.02,12,17700,卖盘
1932,11:15:30,14.77,0.03,118,174286,买盘
1933,11:15:27,14.74,-0.01,6,8844,卖盘
1934,11:15:24,14.75,--,15,22125,买盘
1935,11:15:21,14.75,--,27,39825,买盘
1936,11:15:15,14.75,0.01,152,224200,买盘
1937,11:15:09,14.74,--,29,42746,卖盘
1938,11:15:06,14.74,--,4,5896,卖盘
1939,11:15:03,14.74,--,20,30069,买盘
1940,11:15:00,14.74,0.02,88,129712,买盘
1941,11:14:57,14.72,-0.01,502,738944,卖盘
1942,11:14:54,14.73,--,1,1473,买盘
1943,11:14:48,14.73,0.01,3,4419,买盘
1944,11:14:45,14.72,-0.01,41,61529,卖盘
1945,11:14:39,14.73,-0.01,12,17970,卖盘
1946,11:14:33,14.74,0.01,107,157718,买盘
1947,11:14:30,14.73,--,2,2946,卖盘
1948,11:14:27,14.73,--,10,14730,卖盘
1949,11:14:12,14.73,-0.01,62,91326,卖盘
1950,11:14:09,14.74,0.01,161,237314,买盘
1951,11:14:06,14.73,-0.01,440,648120,卖盘
1952,11:14:03,14.74,--,29,42746,买盘
1953,11:13:57,14.74,--,5,7370,买盘
1954,11:13:54,14.74,--,57,84018,买盘
1955,11:13:51,14.74,-0.02,288,425691,卖盘
1956,11:13:48,14.76,--,1,1476,卖盘
1957,11:13:45,14.76,0.01,2,2952,中性盘
1958,11:13:39,14.75,-0.01,33,48675,卖盘
1959,11:13:36,14.76,-0.01,472,696672,卖盘
1960,11:13:33,14.77,--,27,39879,买盘
1961,11:13:30,14.77,0.01,42,62034,买盘
1962,11:13:27,14.76,0.01,52,76752,买盘
1963,11:13:24,14.75,--,20,29500,卖盘
1964,11:13:21,14.75,-0.01,2,2950,卖盘
1965,11:13:15,14.76,-0.01,128,188928,卖盘
1966,11:13:12,14.77,-0.01,5,7385,中性盘
1967,11:13:06,14.78,0.02,27,39906,买盘
1968,11:13:03,14.76,--,25,36900,卖盘
1969,11:13:00,14.76,-0.01,154,227304,卖盘
1970,11:12:57,14.77,--,35,51695,卖盘
1971,11:12:54,14.77,0.02,75,110775,买盘
1972,11:12:51,14.75,--,170,250750,卖盘
1973,11:12:45,14.75,0.01,105,154875,中性盘
1974,11:12:42,14.74,--,310,456940,卖盘
1975,11:12:39,14.74,--,199,293326,卖盘
1976,11:12:36,14.74,-0.01,78,115266,卖盘
1977,11:12:33,14.75,--,8,11800,买盘
1978,11:12:27,14.75,--,54,79650,买盘
1979,11:12:24,14.75,--,23,33925,买盘
1980,11:12:21,14.75,-0.01,972,1433700,卖盘
1981,11:12:12,14.76,--,5,7380,卖盘
1982,11:12:06,14.76,-0.03,5,7380,卖盘
1983,11:12:03,14.79,0.03,306,452574,买盘
1984,11:12:00,14.76,-0.03,1075,1586700,卖盘
1985,11:11:57,14.79,0.01,13,19227,买盘
1986,11:11:54,14.78,-0.01,10,14780,卖盘
1987,11:11:51,14.79,0.01,162,239598,买盘
1988,11:11:48,14.78,--,2,2956,卖盘
1989,11:11:45,14.78,-0.01,3,4434,卖盘
1990,11:11:42,14.79,0.01,104,153816,买盘
1991,11:11:39,14.78,-0.01,33,48774,卖盘
1992,11:11:36,14.79,--,242,357918,买盘
1993,11:11:33,14.79,0.01,1,1479,买盘
1994,11:11:30,14.78,--,23,33994,买盘
1995,11:11:21,14.78,--,7,10346,卖盘
1996,11:11:18,14.78,-0.01,184,271952,卖盘
1997,11:11:15,14.79,--,71,105009,卖盘
1998,11:11:12,14.79,--,10,14790,卖盘
1999,11:11:09,14.79,-0.01,32,47328,卖盘
2000,11:11:06,14.8,--,21,31080,买盘
2001,11:11:03,14.8,--,8,11840,买盘
2002,11:10:54,14.8,0.01,10,14800,买盘
2003,11:10:51,14.79,-0.01,709,1048611,卖盘
2004,11:10:48,14.8,--,32,47360,卖盘
2005,11:10:45,14.8,-0.01,22,32560,卖盘
2006,11:10:42,14.81,0.01,27,39987,买盘
2007,11:10:39,14.8,-0.01,80,118400,卖盘
2008,11:10:36,14.81,--,17,25177,买盘
2009,11:10:33,14.81,0.01,25,37025,买盘
2010,11:10:30,14.8,-0.02,463,685240,卖盘
2011,11:10:27,14.82,0.01,5,7410,中性盘
2012,11:10:15,14.81,-0.01,20,29620,卖盘
2013,11:10:12,14.82,--,1,1482,卖盘
2014,11:10:06,14.82,-0.01,19,28158,卖盘
2015,11:10:03,14.83,-0.01,211,312913,卖盘
2016,11:10:00,14.84,--,20,29680,买盘
2017,11:09:57,14.84,--,8,11872,卖盘
2018,11:09:54,14.84,-0.02,2,2968,卖盘
2019,11:09:45,14.86,0.01,230,342671,买盘
2020,11:09:42,14.85,--,55,81675,卖盘
2021,11:09:39,14.85,--,24,35640,卖盘
2022,11:09:36,14.85,--,61,90585,卖盘
2023,11:09:33,14.85,--,133,197505,卖盘
2024,11:09:30,14.85,--,12,17820,卖盘
2025,11:09:27,14.85,--,51,75735,卖盘
2026,11:09:24,14.85,-0.01,50,74250,卖盘
2027,11:09:21,14.86,0.01,316,469576,买盘
2028,11:09:18,14.85,--,52,77220,卖盘
2029,11:09:15,14.85,--,6,8910,卖盘
2030,11:09:12,14.85,--,50,74250,卖盘
2031,11:09:09,14.85,-0.02,25,37125,卖盘
2032,11:09:06,14.87,0.02,384,571008,买盘
2033,11:09:03,14.85,--,21,31185,卖盘
2034,11:09:00,14.85,-0.02,369,547965,卖盘
2035,11:08:57,14.87,0.01,236,350932,买盘
2036,11:08:54,14.86,-0.01,26,38636,卖盘
2037,11:08:51,14.87,-0.01,104,154648,卖盘
2038,11:08:48,14.88,0.01,33,49104,买盘
2039,11:08:45,14.87,-0.01,74,110038,卖盘
2040,11:08:42,14.88,0.01,34,50592,买盘
2041,11:08:39,14.87,--,41,60967,卖盘
2042,11:08:36,14.87,--,125,185875,卖盘
2043,11:08:33,14.87,0.01,531,789597,中性盘
2044,11:08:30,14.86,--,594,882684,卖盘
2045,11:08:27,14.86,--,10,14860,卖盘
2046,11:08:24,14.86,0.01,5,7430,卖盘
2047,11:08:21,14.85,--,5,7425,卖盘
2048,11:08:18,14.85,--,102,151470,卖盘
2049,11:08:15,14.85,-0.02,33,49599,买盘
2050,11:08:12,14.87,0.03,510,758370,买盘
2051,11:08:09,14.84,-0.01,22,32648,卖盘
2052,11:08:06,14.85,--,110,163350,买盘
2053,11:08:03,14.85,0.01,22,32670,买盘
2054,11:07:57,14.84,-0.01,180,267120,卖盘
2055,11:07:54,14.85,0.01,50,74250,买盘
2056,11:07:51,14.84,-0.01,162,240408,卖盘
2057,11:07:48,14.85,0.01,153,227205,买盘
2058,11:07:45,14.84,--,4,5936,卖盘
2059,11:07:42,14.84,-0.01,25,37100,卖盘
2060,11:07:39,14.85,0.02,36,53460,买盘
2061,11:07:36,14.83,0.01,55,81565,卖盘
2062,11:07:30,14.82,--,6,8892,卖盘
2063,11:07:27,14.82,--,13,19266,卖盘
2064,11:07:18,14.82,-0.02,133,197106,卖盘
2065,11:07:15,14.84,0.02,7,10388,买盘
2066,11:07:12,14.82,-0.03,142,210444,卖盘
2067,11:07:09,14.85,--,5,7425,卖盘
2068,11:07:06,14.85,--,23,34155,卖盘
2069,11:07:03,14.85,0.01,37,55242,买盘
2070,11:07:00,14.84,-0.02,44,66483,卖盘
2071,11:06:57,14.86,0.01,5,7430,买盘
2072,11:06:54,14.85,--,216,320760,卖盘
2073,11:06:51,14.85,-0.01,110,163350,卖盘
2074,11:06:45,14.86,--,214,318004,买盘
2075,11:06:39,14.86,0.01,143,212498,买盘
2076,11:06:36,14.85,--,31,46332,卖盘
2077,11:06:33,14.85,-0.01,75,111375,卖盘
2078,11:06:30,14.86,--,112,166432,卖盘
2079,11:06:27,14.86,0.01,168,249648,买盘
2080,11:06:24,14.85,--,21,31185,卖盘
2081,11:06:21,14.85,-0.02,119,176715,卖盘
2082,11:06:18,14.87,--,37,55019,买盘
2083,11:06:15,14.87,0.02,38,56506,买盘
2084,11:06:12,14.85,-0.01,299,444015,卖盘
2085,11:06:09,14.86,-0.02,6,8916,买盘
2086,11:06:06,14.88,--,230,342240,买盘
2087,11:06:03,14.88,0.01,185,275280,买盘
2088,11:06:00,14.87,-0.01,392,582904,卖盘
2089,11:05:57,14.88,0.01,225,334800,买盘
2090,11:05:54,14.87,--,10,14870,卖盘
2091,11:05:51,14.87,-0.01,5,7435,卖盘
2092,11:05:48,14.88,0.01,14,20832,买盘
2093,11:05:45,14.87,-0.02,253,376211,卖盘
2094,11:05:42,14.89,-0.01,36,53604,买盘
2095,11:05:39,14.9,0.02,2000,2980000,买盘
2096,11:05:36,14.88,0.01,16,23808,中性盘
2097,11:05:33,14.87,--,600,892200,卖盘
2098,11:05:30,14.87,-0.01,721,1072127,卖盘
2099,11:05:27,14.88,0.01,595,885360,买盘
2100,11:05:24,14.87,0.01,1413,2101131,买盘
2101,11:05:21,14.86,--,26,38636,卖盘
2102,11:05:18,14.86,-0.01,30,44580,中性盘
2103,11:05:15,14.87,0.02,657,976959,买盘
2104,11:05:12,14.85,--,20,29700,卖盘
2105,11:05:09,14.85,0.03,992,1474011,买盘
2106,11:05:06,14.82,0.01,29,42978,中性盘
2107,11:05:03,14.81,--,69,102189,卖盘
2108,11:05:00,14.81,-0.04,25,37025,卖盘
2109,11:04:57,14.85,0.04,2004,2975940,买盘
2110,11:04:54,14.81,--,5,7405,卖盘
2111,11:04:51,14.81,--,32,47392,卖盘
2112,11:04:48,14.81,0.01,171,253251,买盘
2113,11:04:45,14.8,--,15,22200,卖盘
2114,11:04:42,14.8,--,8,11840,卖盘
2115,11:04:39,14.8,0.01,15,22200,卖盘
2116,11:04:36,14.79,--,212,313548,卖盘
2117,11:04:33,14.79,--,11,16268,卖盘
2118,11:04:30,14.79,--,32,47328,卖盘
2119,11:04:27,14.79,--,12,17748,卖盘
2120,11:04:24,14.79,-0.01,12,17748,卖盘
2121,11:04:21,14.8,0.01,80,118400,买盘
2122,11:04:15,14.79,--,22,32537,卖盘
2123,11:04:09,14.79,-0.01,5,7395,卖盘
2124,11:04:06,14.8,--,180,266400,买盘
2125,11:04:03,14.8,0.01,34,50320,买盘
2126,11:04:00,14.79,--,25,36975,卖盘
2127,11:03:57,14.79,-0.01,34,50286,卖盘
2128,11:03:54,14.8,0.01,294,435120,买盘
2129,11:03:48,14.79,--,60,88740,买盘
2130,11:03:45,14.79,--,5,7395,卖盘
2131,11:03:42,14.79,-0.01,24,35496,卖盘
2132,11:03:39,14.8,0.01,141,208680,买盘
2133,11:03:36,14.79,-0.01,161,238119,卖盘
2134,11:03:33,14.8,0.01,42,62160,买盘
2135,11:03:24,14.79,--,14,20706,卖盘
2136,11:03:21,14.79,--,51,75429,买盘
2137,11:03:18,14.79,0.01,1,1479,买盘
2138,11:03:15,14.78,-0.02,20,29560,卖盘
2139,11:03:12,14.8,0.01,244,361120,买盘
2140,11:03:09,14.79,--,1,1479,卖盘
2141,11:03:06,14.79,-0.01,3,4437,卖盘
2142,11:03:03,14.8,0.01,51,75480,买盘
2143,11:03:00,14.79,--,21,31946,卖盘
2144,11:02:57,14.79,--,60,89331,买盘
2145,11:02:54,14.79,--,74,109446,买盘
2146,11:02:51,14.79,--,54,79866,买盘
2147,11:02:45,14.79,--,110,162690,买盘
2148,11:02:42,14.79,--,259,383948,卖盘
2149,11:02:39,14.79,--,24,35496,卖盘
2150,11:02:36,14.79,-0.01,53,78387,卖盘
2151,11:02:33,14.8,--,15,22200,买盘
2152,11:02:30,14.8,0.01,14,20720,买盘
2153,11:02:27,14.79,--,5,7395,卖盘
2154,11:02:24,14.79,-0.01,23,34017,卖盘
2155,11:02:21,14.8,--,132,195360,买盘
2156,11:02:18,14.8,--,34,50320,买盘
2157,11:02:15,14.8,0.01,8,11840,买盘
2158,11:02:12,14.79,--,15,23516,卖盘
2159,11:02:09,14.79,-0.01,4,5916,卖盘
2160,11:02:06,14.8,0.01,8,11840,买盘
2161,11:02:03,14.79,--,14,20853,卖盘
2162,11:02:00,14.79,-0.01,1,1479,卖盘
2163,11:01:57,14.8,0.01,15,22200,买盘
2164,11:01:54,14.79,--,8,11832,卖盘
2165,11:01:51,14.79,--,132,195228,卖盘
2166,11:01:48,14.79,--,10,14790,卖盘
2167,11:01:45,14.79,0.01,30,44961,卖盘
2168,11:01:42,14.78,-0.02,47,69466,卖盘
2169,11:01:39,14.8,0.02,11,16280,买盘
2170,11:01:36,14.78,-0.01,1,1478,卖盘
2171,11:01:33,14.79,-0.01,29,42891,卖盘
2172,11:01:30,14.8,--,361,535612,卖盘
2173,11:01:27,14.8,--,225,333000,卖盘
2174,11:01:24,14.8,--,141,208680,卖盘
2175,11:01:21,14.8,--,38,56240,卖盘
2176,11:01:18,14.8,--,27,39960,卖盘
2177,11:01:15,14.8,--,53,78440,卖盘
2178,11:01:12,14.8,--,114,168720,卖盘
2179,11:01:09,14.8,--,128,189440,卖盘
2180,11:01:06,14.8,--,127,187960,卖盘
2181,11:01:03,14.8,--,387,572760,卖盘
2182,11:01:00,14.8,--,183,270988,卖盘
2183,11:00:57,14.8,-0.01,16,23680,卖盘
2184,11:00:54,14.81,0.01,169,250289,买盘
2185,11:00:51,14.8,-0.01,15,22200,卖盘
2186,11:00:48,14.81,--,128,189568,买盘
2187,11:00:45,14.81,--,5,7405,买盘
2188,11:00:42,14.81,-0.01,267,395427,卖盘
2189,11:00:39,14.82,0.01,149,220818,买盘
2190,11:00:36,14.81,-0.01,40,59240,卖盘
2191,11:00:33,14.82,0.01,168,248976,买盘
2192,11:00:30,14.81,--,66,97746,买盘
2193,11:00:27,14.81,-0.02,10,14810,卖盘
2194,11:00:24,14.83,0.02,499,740017,买盘
2195,11:00:21,14.81,--,44,65164,卖盘
2196,11:00:18,14.81,-0.01,5,7405,卖盘
2197,11:00:15,14.82,--,11,16302,买盘
2198,11:00:12,14.82,-0.01,314,465348,买盘
2199,11:00:09,14.83,0.02,51,75633,买盘
2200,11:00:06,14.81,-0.02,182,269542,卖盘
2201,11:00:03,14.83,0.01,51,75633,买盘
2202,11:00:00,14.82,-0.01,49,72618,卖盘
2203,10:59:57,14.83,0.01,326,483458,买盘
2204,10:59:54,14.82,-0.01,80,118560,中性盘
2205,10:59:51,14.83,--,704,1044032,买盘
2206,10:59:48,14.83,0.01,61,90463,买盘
2207,10:59:45,14.82,--,169,250458,卖盘
2208,10:59:42,14.82,--,34,50388,卖盘
2209,10:59:39,14.82,--,38,56612,卖盘
2210,10:59:36,14.82,0.01,396,587168,买盘
2211,10:59:33,14.81,--,22,32582,买盘
2212,10:59:30,14.81,0.01,50,74050,买盘
2213,10:59:27,14.8,--,55,81400,卖盘
2214,10:59:24,14.8,0.01,343,509001,买盘
2215,10:59:21,14.79,-0.01,13,19227,中性盘
2216,10:59:18,14.8,0.01,70,103600,买盘
2217,10:59:15,14.79,-0.01,7,10353,中性盘
2218,10:59:12,14.8,0.04,2509,3713320,买盘
2219,10:59:09,14.76,--,5,7380,卖盘
2220,10:59:06,14.76,-0.02,17,25092,卖盘
2221,10:59:03,14.78,--,128,189184,买盘
2222,10:59:00,14.78,0.02,1010,1492780,买盘
2223,10:58:57,14.76,0.01,156,230256,买盘
2224,10:58:54,14.75,-0.02,7,10325,中性盘
2225,10:58:51,14.77,0.02,1123,1658671,买盘
2226,10:58:48,14.75,--,24,35400,卖盘
2227,10:58:45,14.75,--,22,32450,卖盘
2228,10:58:42,14.75,-0.01,105,154875,卖盘
2229,10:58:39,14.76,0.01,56,82656,买盘
2230,10:58:36,14.75,--,2,2950,卖盘
2231,10:58:33,14.75,--,21,30975,卖盘
2232,10:58:30,14.75,--,23,33925,卖盘
2233,10:58:27,14.75,--,3,4425,卖盘
2234,10:58:24,14.75,0.01,58,85550,买盘
2235,10:58:21,14.74,--,15,22110,卖盘
2236,10:58:18,14.74,--,52,76648,卖盘
2237,10:58:15,14.74,--,30,44220,卖盘
2238,10:58:12,14.74,--,4,5896,卖盘
2239,10:58:09,14.74,-0.01,254,374396,卖盘
2240,10:58:06,14.75,0.01,34,50150,买盘
2241,10:58:03,14.74,--,2,2948,卖盘
2242,10:58:00,14.74,0.01,104,153296,买盘
2243,10:57:57,14.73,0.02,385,567105,买盘
2244,10:57:54,14.71,-0.01,577,848767,卖盘
2245,10:57:51,14.72,--,6,8832,卖盘
2246,10:57:48,14.72,--,3,4416,卖盘
2247,10:57:45,14.72,-0.01,25,36800,卖盘
2248,10:57:39,14.73,--,351,517023,买盘
2249,10:57:36,14.73,--,5,7365,买盘
2250,10:57:33,14.73,--,102,150246,买盘
2251,10:57:30,14.73,-0.01,432,636336,卖盘
2252,10:57:27,14.74,--,14,20636,买盘
2253,10:57:24,14.74,0.01,3,4422,买盘
2254,10:57:21,14.73,-0.01,157,231261,卖盘
2255,10:57:18,14.74,-0.01,3,4422,中性盘
2256,10:57:12,14.75,-0.01,14,20650,中性盘
2257,10:57:09,14.76,0.04,609,898884,买盘
2258,10:57:06,14.72,-0.02,52,76544,卖盘
2259,10:57:03,14.74,-0.01,10,14740,中性盘
2260,10:57:00,14.75,--,96,141600,买盘
2261,10:56:57,14.75,--,41,60475,买盘
2262,10:56:54,14.75,--,57,84075,买盘
2263,10:56:51,14.75,0.01,167,246325,买盘
2264,10:56:48,14.74,-0.01,62,91388,卖盘
2265,10:56:45,14.75,--,100,147500,买盘
2266,10:56:42,14.75,0.01,148,218300,买盘
2267,10:56:39,14.74,-0.01,38,56012,卖盘
2268,10:56:36,14.75,0.01,7,10325,中性盘
2269,10:56:33,14.74,-0.01,73,107602,卖盘
2270,10:56:30,14.75,--,130,191794,买盘
2271,10:56:24,14.75,0.01,23,33925,买盘
2272,10:56:21,14.74,0.01,178,262372,买盘
2273,10:56:18,14.73,-0.02,51,75123,卖盘
2274,10:56:15,14.75,0.02,58,85550,买盘
2275,10:56:12,14.73,-0.02,84,123732,卖盘
2276,10:56:09,14.75,--,28,41300,买盘
2277,10:56:06,14.75,0.02,64,94400,买盘
2278,10:56:03,14.73,--,10,14730,卖盘
2279,10:56:00,14.73,-0.04,3,4419,中性盘
2280,10:55:57,14.77,0.04,503,743817,买盘
2281,10:55:54,14.73,-0.02,84,123732,卖盘
2282,10:55:51,14.75,--,28,41300,买盘
2283,10:55:48,14.75,--,40,59000,买盘
2284,10:55:42,14.75,--,283,418516,卖盘
2285,10:55:39,14.75,--,139,205025,卖盘
2286,10:55:36,14.75,--,161,237475,卖盘
2287,10:55:33,14.75,--,152,224200,卖盘
2288,10:55:30,14.75,-0.01,69,101775,卖盘
2289,10:55:27,14.76,0.01,10,14760,买盘
2290,10:55:24,14.75,0.04,365,538758,买盘
2291,10:55:21,14.71,-0.01,8,11768,买盘
2292,10:55:18,14.72,0.02,30,44160,买盘
2293,10:55:15,14.7,-0.02,15,22050,卖盘
2294,10:55:12,14.72,0.02,4,5888,买盘
2295,10:55:09,14.7,-0.04,32,47040,卖盘
2296,10:55:06,14.74,-0.01,34,50116,中性盘
2297,10:55:03,14.75,0.03,669,986775,买盘
2298,10:55:00,14.72,--,47,69184,买盘
2299,10:54:57,14.72,--,27,39744,买盘
2300,10:54:54,14.72,--,24,35328,卖盘
2301,10:54:51,14.72,-0.02,1038,1527936,卖盘
2302,10:54:48,14.74,--,85,125290,买盘
2303,10:54:45,14.74,--,6,8844,买盘
2304,10:54:42,14.74,0.01,61,89914,买盘
2305,10:54:39,14.73,--,26,38298,卖盘
2306,10:54:36,14.73,--,1,1473,卖盘
2307,10:54:33,14.73,-0.01,13,19149,卖盘
2308,10:54:30,14.74,0.04,274,403876,买盘
2309,10:54:24,14.7,--,28,41160,卖盘
2310,10:54:21,14.7,--,34,49980,卖盘
2311,10:54:18,14.7,--,10,14700,卖盘
2312,10:54:15,14.7,--,40,58800,卖盘
2313,10:54:12,14.7,0.02,128,188160,买盘
2314,10:54:09,14.68,0.01,2,2936,买盘
2315,10:54:06,14.67,-0.01,52,76284,卖盘
2316,10:54:03,14.68,-0.01,1208,1773344,中性盘
2317,10:53:57,14.69,0.03,14,20566,买盘
2318,10:53:54,14.66,--,36,52776,卖盘
2319,10:53:51,14.66,-0.03,20,29320,中性盘
2320,10:53:48,14.69,0.03,1000,1469000,买盘
2321,10:53:45,14.66,--,34,49844,买盘
2322,10:53:39,14.66,--,45,65970,买盘
2323,10:53:36,14.66,-0.01,105,154809,卖盘
2324,10:53:33,14.67,--,108,158436,买盘
2325,10:53:30,14.67,0.01,31,45477,买盘
2326,10:53:27,14.66,-0.01,85,124610,卖盘
2327,10:53:24,14.67,0.01,18,26406,买盘
2328,10:53:21,14.66,--,51,74766,卖盘
2329,10:53:18,14.66,--,88,129008,卖盘
2330,10:53:15,14.66,--,60,87960,卖盘
2331,10:53:12,14.66,--,91,133406,卖盘
2332,10:53:09,14.66,--,30,43980,卖盘
2333,10:53:06,14.66,--,5,7330,卖盘
2334,10:53:03,14.66,--,55,80630,卖盘
2335,10:53:00,14.66,0.06,870,1276006,买盘
2336,10:52:57,14.6,-0.01,152,221920,卖盘
2337,10:52:54,14.61,--,50,73050,卖盘
2338,10:52:48,14.61,-0.01,31,45291,卖盘
2339,10:52:45,14.62,--,33,48246,买盘
2340,10:52:42,14.62,--,10,14620,买盘
2341,10:52:39,14.62,0.01,6,8772,买盘
2342,10:52:33,14.61,--,20,29220,卖盘
2343,10:52:27,14.61,--,1,1461,卖盘
2344,10:52:24,14.61,--,4,5844,卖盘
2345,10:52:21,14.61,--,10,14610,卖盘
2346,10:52:18,14.61,-0.01,8,11688,卖盘
2347,10:52:15,14.62,0.01,30,43860,买盘
2348,10:52:12,14.61,0.01,47,68667,买盘
2349,10:52:06,14.6,--,104,151840,卖盘
2350,10:52:03,14.6,--,15,21900,卖盘
2351,10:52:00,14.6,--,58,84680,买盘
2352,10:51:57,14.6,--,119,173740,买盘
2353,10:51:54,14.6,--,10,14600,买盘
2354,10:51:51,14.6,--,20,29200,买盘
2355,10:51:48,14.6,0.01,105,153300,买盘
2356,10:51:42,14.59,-0.01,2,2918,卖盘
2357,10:51:39,14.6,--,16,23360,买盘
2358,10:51:36,14.6,--,54,78840,买盘
2359,10:51:33,14.6,--,74,108040,买盘
2360,10:51:30,14.6,--,28,40880,买盘
2361,10:51:15,14.6,0.01,50,73000,买盘
2362,10:51:12,14.59,--,105,153195,买盘
2363,10:51:06,14.59,--,64,93376,买盘
2364,10:51:03,14.59,0.01,28,40852,买盘
2365,10:50:57,14.58,--,1,1458,卖盘
2366,10:50:54,14.58,0.01,241,352048,买盘
2367,10:50:45,14.57,--,25,36425,买盘
2368,10:50:42,14.57,-0.01,10,14570,中性盘
2369,10:50:39,14.58,--,25,36450,买盘
2370,10:50:33,14.58,--,14,20412,买盘
2371,10:50:27,14.58,0.01,30,43740,买盘
2372,10:50:21,14.57,--,26,37882,买盘
2373,10:50:18,14.57,0.01,5,7285,买盘
2374,10:50:15,14.56,--,37,53872,买盘
2375,10:50:09,14.56,--,29,42224,买盘
2376,10:50:06,14.56,--,8,11648,买盘
2377,10:50:03,14.56,--,79,115024,买盘
2378,10:50:00,14.56,--,5,7280,买盘
2379,10:49:57,14.56,-0.02,289,420784,卖盘
2380,10:49:54,14.58,--,91,132678,买盘
2381,10:49:51,14.58,0.01,69,100602,买盘
2382,10:49:45,14.57,--,65,94705,买盘
2383,10:49:42,14.57,--,36,52452,买盘
2384,10:49:39,14.57,-0.01,44,64108,卖盘
2385,10:49:33,14.58,--,5,7290,买盘
2386,10:49:30,14.58,--,30,43740,买盘
2387,10:49:27,14.58,0.01,10,14580,买盘
2388,10:49:21,14.57,--,60,87420,卖盘
2389,10:49:18,14.57,-0.01,4,5828,卖盘
2390,10:49:15,14.58,--,23,33534,买盘
2391,10:49:12,14.58,0.01,8,11664,买盘
2392,10:49:09,14.57,--,3,4371,卖盘
2393,10:49:06,14.57,--,33,48081,卖盘
2394,10:49:03,14.57,--,21,30597,卖盘
2395,10:48:57,14.57,--,2,2914,卖盘
2396,10:48:54,14.57,--,10,14570,卖盘
2397,10:48:48,14.57,--,5,7285,卖盘
2398,10:48:45,14.57,--,26,37882,卖盘
2399,10:48:39,14.57,--,5,7285,卖盘
2400,10:48:36,14.57,--,96,139872,买盘
2401,10:48:33,14.57,--,6,8742,买盘
2402,10:48:30,14.57,0.01,4,5828,买盘
2403,10:48:27,14.56,--,21,30576,卖盘
2404,10:48:24,14.56,-0.01,6,8736,卖盘
2405,10:48:21,14.57,--,17,24769,买盘
2406,10:48:15,14.57,--,23,33511,买盘
2407,10:48:09,14.57,0.01,29,42253,买盘
2408,10:48:06,14.56,-0.01,54,78624,卖盘
2409,10:48:03,14.57,--,5,7285,买盘
2410,10:48:00,14.57,0.01,2,2914,买盘
2411,10:47:54,14.56,-0.01,11,16016,卖盘
2412,10:47:51,14.57,0.01,15,21855,买盘
2413,10:47:42,14.56,-0.01,35,50960,卖盘
2414,10:47:39,14.57,--,125,182125,买盘
2415,10:47:33,14.57,0.01,6,8742,买盘
2416,10:47:24,14.56,0.01,115,167440,中性盘
2417,10:47:09,14.55,-0.02,2,2910,卖盘
2418,10:47:06,14.57,0.02,200,291400,买盘
2419,10:47:03,14.55,-0.01,12,17721,卖盘
2420,10:47:00,14.56,--,22,32032,买盘
2421,10:46:57,14.56,--,102,148512,买盘
2422,10:46:48,14.56,--,5,7280,买盘
2423,10:46:45,14.56,--,1,1456,买盘
2424,10:46:39,14.56,0.01,4,5824,买盘
2425,10:46:36,14.55,-0.01,2,2910,卖盘
2426,10:46:33,14.56,--,174,253504,买盘
2427,10:46:30,14.56,0.01,14,20384,买盘
2428,10:46:24,14.55,--,31,45105,卖盘
2429,10:46:21,14.55,-0.01,5,7275,中性盘
2430,10:46:18,14.56,--,7,10192,买盘
2431,10:46:15,14.56,0.02,120,174720,买盘
2432,10:46:09,14.54,--,7,10178,卖盘
2433,10:46:06,14.54,-0.02,9,13086,卖盘
2434,10:46:03,14.56,0.01,16,23296,买盘
2435,10:46:00,14.55,-0.01,121,176055,中性盘
2436,10:45:48,14.56,0.01,242,352352,买盘
2437,10:45:45,14.55,--,13,18915,卖盘
2438,10:45:42,14.55,--,8,11640,卖盘
2439,10:45:39,14.55,0.01,88,128040,买盘
2440,10:45:36,14.54,-0.01,12,17448,卖盘
2441,10:45:33,14.55,--,5,7275,买盘
2442,10:45:24,14.55,0.02,151,219705,买盘
2443,10:45:21,14.53,--,10,14530,卖盘
2444,10:45:18,14.53,-0.02,14,20342,卖盘
2445,10:45:12,14.55,0.02,159,231345,买盘
2446,10:45:06,14.53,--,17,24701,卖盘
2447,10:45:03,14.53,-0.02,4,5812,中性盘
2448,10:44:57,14.55,0.04,77,112035,买盘
2449,10:44:48,14.51,-0.01,3,4353,卖盘
2450,10:44:42,14.52,--,9,13068,卖盘
2451,10:44:36,14.52,-0.02,6,8712,中性盘
2452,10:44:27,14.54,0.03,77,111958,买盘
2453,10:44:21,14.51,-0.03,2,2902,卖盘
2454,10:44:12,14.54,--,3,4362,买盘
2455,10:44:09,14.54,0.04,21,30534,买盘
2456,10:44:03,14.5,-0.06,79,114550,卖盘
2457,10:44:00,14.56,0.01,115,167440,买盘
2458,10:43:57,14.55,0.05,39,56745,买盘
2459,10:43:54,14.5,-0.04,134,194300,卖盘
2460,10:43:48,14.54,-0.01,58,84332,中性盘
2461,10:43:42,14.55,0.01,79,114945,买盘
2462,10:43:39,14.54,--,25,36350,卖盘
2463,10:43:33,14.54,--,27,39258,卖盘
2464,10:43:27,14.54,0.01,10,14540,买盘
2465,10:43:24,14.53,0.01,877,1274281,买盘
2466,10:43:15,14.52,0.01,5,7260,买盘
2467,10:43:12,14.51,--,31,44981,卖盘
2468,10:43:06,14.51,-0.04,4,5804,卖盘
2469,10:43:03,14.55,0.04,177,257535,买盘
2470,10:43:00,14.51,-0.03,73,105923,卖盘
2471,10:42:57,14.54,--,35,50919,卖盘
2472,10:42:51,14.54,--,23,33442,卖盘
2473,10:42:48,14.54,--,33,49406,买盘
2474,10:42:45,14.54,0.02,78,113412,买盘
2475,10:42:42,14.52,--,14,20328,卖盘
2476,10:42:39,14.52,--,34,49368,卖盘
2477,10:42:36,14.52,-0.01,30,43560,卖盘
2478,10:42:33,14.53,0.02,35,50855,买盘
2479,10:42:18,14.51,0.01,5,7255,卖盘
2480,10:42:15,14.5,-0.02,2,2900,卖盘
2481,10:42:09,14.52,0.02,2,2904,买盘
2482,10:42:06,14.5,-0.01,23,33350,卖盘
2483,10:42:03,14.51,--,4,5804,卖盘
2484,10:41:57,14.51,--,1,1451,卖盘
2485,10:41:51,14.51,-0.02,9,13059,卖盘
2486,10:41:48,14.53,0.01,5,7265,买盘
2487,10:41:42,14.52,0.02,5,7260,中性盘
2488,10:41:24,14.5,-0.02,445,645250,卖盘
2489,10:41:09,14.52,--,44,63888,卖盘
2490,10:41:06,14.52,--,5,7260,卖盘
2491,10:41:03,14.52,--,4,5808,卖盘
2492,10:41:00,14.52,--,45,65340,卖盘
2493,10:40:57,14.52,--,125,181500,买盘
2494,10:40:54,14.52,-0.01,6,8712,中性盘
2495,10:40:48,14.53,0.04,60,87180,买盘
2496,10:40:33,14.49,-0.04,500,724500,卖盘
2497,10:40:24,14.53,0.03,115,167095,买盘
2498,10:40:21,14.5,-0.02,390,565500,卖盘
2499,10:40:18,14.52,--,30,43560,卖盘
2500,10:40:12,14.52,--,7,10164,卖盘
2501,10:40:06,14.52,--,13,18876,卖盘
2502,10:40:03,14.52,-0.01,49,71148,卖盘
2503,10:40:00,14.53,--,10,14530,买盘
2504,10:39:51,14.53,0.01,73,106069,中性盘
2505,10:39:48,14.52,--,7,10164,卖盘
2506,10:39:42,14.52,0.01,23,33396,卖盘
2507,10:39:39,14.51,0.01,162,235062,买盘
2508,10:39:36,14.5,0.01,53,76850,中性盘
2509,10:39:33,14.49,-0.01,28,40572,卖盘
2510,10:39:30,14.5,--,33,47850,卖盘
2511,10:39:27,14.5,--,35,50750,卖盘
2512,10:39:24,14.5,-0.01,689,999050,卖盘
2513,10:39:21,14.51,0.01,1,1451,买盘
2514,10:39:18,14.5,-0.01,23,33350,卖盘
2515,10:39:15,14.51,--,163,236513,买盘
2516,10:39:12,14.51,--,12,17412,买盘
2517,10:39:09,14.51,--,78,113178,卖盘
2518,10:39:03,14.51,-0.04,178,258278,卖盘
2519,10:39:00,14.55,0.04,11,16005,买盘
2520,10:38:57,14.51,-0.04,3,4353,卖盘
2521,10:38:54,14.55,--,86,125130,卖盘
2522,10:38:48,14.55,--,97,141135,买盘
2523,10:38:39,14.55,--,22,32010,买盘
2524,10:38:36,14.55,--,8,11640,买盘
2525,10:38:33,14.55,-0.01,6,8730,中性盘
2526,10:38:30,14.56,0.01,21,30576,买盘
2527,10:38:27,14.55,-0.01,15,21825,中性盘
2528,10:38:21,14.56,0.01,336,489216,买盘
2529,10:38:18,14.55,-0.01,2,2910,中性盘
2530,10:38:12,14.56,0.02,23,33488,买盘
2531,10:38:03,14.54,--,4,5816,卖盘
2532,10:37:51,14.54,0.01,1129,1641566,买盘
2533,10:37:48,14.53,--,48,69744,买盘
2534,10:37:45,14.53,--,138,200514,买盘
2535,10:37:42,14.53,0.03,161,233933,买盘
2536,10:37:39,14.5,--,8,11600,卖盘
2537,10:37:36,14.5,--,5,7250,卖盘
2538,10:37:30,14.5,--,4,5800,卖盘
2539,10:37:24,14.5,-0.01,3,4350,卖盘
2540,10:37:21,14.51,0.01,10,14510,买盘
2541,10:37:18,14.5,-0.01,1,1450,卖盘
2542,10:37:06,14.51,0.01,2,2902,买盘
2543,10:37:03,14.5,--,4,5800,卖盘
2544,10:37:00,14.5,-0.01,27,39150,卖盘
2545,10:36:54,14.51,0.01,15,21765,买盘
2546,10:36:48,14.5,--,30,43500,卖盘
2547,10:36:45,14.5,--,153,221850,卖盘
2548,10:36:42,14.5,0.04,125,181351,买盘
2549,10:36:33,14.46,-0.01,14,20244,卖盘
2550,10:36:30,14.47,--,20,28940,买盘
2551,10:36:27,14.47,--,5,7235,买盘
2552,10:36:24,14.47,0.01,5,7235,买盘
2553,10:36:15,14.46,--,5,7230,卖盘
2554,10:36:09,14.46,--,5,7230,卖盘
2555,10:36:06,14.46,-0.01,4,5784,卖盘
2556,10:35:54,14.47,--,5,7235,买盘
2557,10:35:42,14.47,0.01,16,23152,买盘
2558,10:35:36,14.46,--,13,18798,卖盘
2559,10:35:03,14.46,--,3,4338,卖盘
2560,10:34:57,14.46,-0.01,2,2892,卖盘
2561,10:34:54,14.47,--,3,4341,买盘
2562,10:34:42,14.47,--,62,89714,卖盘
2563,10:34:27,14.47,--,2,2894,卖盘
2564,10:34:24,14.47,--,14,20431,买盘
2565,10:34:18,14.47,0.01,5,7235,买盘
2566,10:34:15,14.46,-0.01,7,10122,卖盘
2567,10:34:09,14.47,0.01,1,1447,买盘
2568,10:34:03,14.46,-0.01,7,10122,卖盘
2569,10:33:51,14.47,--,4,5788,买盘
2570,10:33:45,14.47,-0.02,9,13023,中性盘
2571,10:33:33,14.49,0.03,13,18837,买盘
2572,10:33:27,14.46,-0.03,2,2892,卖盘
2573,10:33:18,14.49,--,25,36225,中性盘
2574,10:33:03,14.49,0.03,21,30429,买盘
2575,10:32:57,14.46,--,7,10122,卖盘
2576,10:32:54,14.46,0.03,13,18798,买盘
2577,10:32:42,14.43,-0.01,12,17316,卖盘
2578,10:32:36,14.44,-0.01,46,66424,卖盘
2579,10:32:21,14.45,-0.05,12,17340,卖盘
2580,10:32:18,14.5,--,20,29000,买盘
2581,10:32:15,14.5,-0.02,24,35278,卖盘
2582,10:32:03,14.52,-0.01,4,5808,卖盘
2583,10:31:57,14.53,0.01,4,5812,买盘
2584,10:31:54,14.52,-0.01,604,877008,卖盘
2585,10:31:48,14.53,0.01,11,15983,买盘
2586,10:31:45,14.52,-0.01,7,10164,卖盘
2587,10:31:39,14.53,0.01,15,21795,买盘
2588,10:31:36,14.52,--,5,7260,卖盘
2589,10:31:27,14.52,-0.01,3,4356,卖盘
2590,10:31:24,14.53,0.01,10,14530,买盘
2591,10:31:12,14.52,-0.01,4,5808,卖盘
2592,10:31:09,14.53,0.01,1,1453,买盘
2593,10:31:06,14.52,0.02,58,84216,买盘
2594,10:31:03,14.5,--,1003,1454350,卖盘
2595,10:31:00,14.5,--,6,8700,卖盘
2596,10:30:54,14.5,-0.02,26,37700,卖盘
2597,10:30:51,14.52,-0.01,1,1452,中性盘
2598,10:30:45,14.53,0.01,1093,1589058,买盘
2599,10:30:42,14.52,--,2,2904,卖盘
2600,10:30:36,14.52,--,54,78408,卖盘
2601,10:30:33,14.52,--,2,2904,卖盘
2602,10:30:30,14.52,--,10,14520,卖盘
2603,10:30:27,14.52,-0.01,23,33396,卖盘
2604,10:30:24,14.53,0.01,30,43590,买盘
2605,10:30:12,14.52,-0.01,20,29040,卖盘
2606,10:30:09,14.53,0.01,73,106069,买盘
2607,10:30:06,14.52,--,2,2904,卖盘
2608,10:30:03,14.52,--,5,7260,卖盘
2609,10:29:57,14.52,-0.01,8,12777,卖盘
2610,10:29:54,14.53,--,154,223762,买盘
2611,10:29:51,14.53,--,10,14530,买盘
2612,10:29:48,14.53,0.01,5,7265,买盘
2613,10:29:45,14.52,-0.01,5,7260,卖盘
2614,10:29:39,14.53,--,17,24701,买盘
2615,10:29:36,14.53,--,53,77009,买盘
2616,10:29:33,14.53,--,7,10171,买盘
2617,10:29:30,14.53,0.01,10,14530,买盘
2618,10:29:27,14.52,--,10,14520,卖盘
2619,10:29:24,14.52,-0.01,54,78698,卖盘
2620,10:29:21,14.53,0.01,21,30513,买盘
2621,10:29:15,14.52,--,24,34848,卖盘
2622,10:29:12,14.52,-0.01,33,47916,中性盘
2623,10:29:06,14.53,0.03,13,18889,买盘
2624,10:29:03,14.5,--,4,5800,卖盘
2625,10:29:00,14.5,-0.02,578,838100,卖盘
2626,10:28:57,14.52,-0.01,4,5808,卖盘
2627,10:28:54,14.53,0.01,26,37778,买盘
2628,10:28:51,14.52,--,29,42108,卖盘
2629,10:28:48,14.52,--,32,46464,卖盘
2630,10:28:45,14.52,0.02,190,275880,买盘
2631,10:28:42,14.5,-0.02,23,33350,卖盘
2632,10:28:36,14.52,0.01,10,14520,买盘
2633,10:28:33,14.51,--,105,152398,卖盘
2634,10:28:30,14.51,--,13,18863,卖盘
2635,10:28:24,14.51,--,10,14510,卖盘
2636,10:28:21,14.51,--,36,52236,买盘
2637,10:28:18,14.51,--,38,55138,买盘
2638,10:28:15,14.51,--,21,30471,买盘
2639,10:28:12,14.51,--,90,130590,买盘
2640,10:28:09,14.51,--,1,1451,买盘
2641,10:28:06,14.51,0.01,25,36275,买盘
2642,10:28:03,14.5,-0.01,4,5800,卖盘
2643,10:28:00,14.51,0.01,6,8706,买盘
2644,10:27:57,14.5,--,31,44950,卖盘
2645,10:27:54,14.5,--,10,14500,卖盘
2646,10:27:51,14.5,0.02,128,185600,买盘
2647,10:27:42,14.48,-0.02,3,4344,卖盘
2648,10:27:36,14.5,0.02,18,26100,中性盘
2649,10:27:27,14.48,-0.01,504,729792,卖盘
2650,10:27:24,14.49,-0.02,1,1449,中性盘
2651,10:27:21,14.51,0.02,40,58040,买盘
2652,10:27:18,14.49,-0.02,70,101430,中性盘
2653,10:27:12,14.51,0.01,104,150904,买盘
2654,10:27:09,14.5,--,46,66700,买盘
2655,10:27:06,14.5,0.05,23,33350,买盘
2656,10:27:03,14.45,-0.04,4,5780,卖盘
2657,10:27:00,14.49,0.04,23,33327,买盘
2658,10:26:54,14.45,-0.05,23,33235,卖盘
2659,10:26:48,14.5,0.01,74,107300,买盘
2660,10:26:42,14.49,0.03,52,75348,买盘
2661,10:26:39,14.46,--,3,4338,买盘
2662,10:26:33,14.46,-0.03,13,18798,卖盘
2663,10:26:30,14.49,0.01,85,123165,买盘
2664,10:26:27,14.48,0.03,2,2896,买盘
2665,10:26:24,14.45,--,2,2890,卖盘
2666,10:26:21,14.45,-0.03,2,2890,卖盘
2667,10:26:18,14.48,-0.02,78,112944,卖盘
2668,10:26:09,14.5,--,23,33350,买盘
2669,10:26:06,14.5,0.02,23,33350,买盘
2670,10:26:03,14.48,-0.02,252,364896,卖盘
2671,10:26:00,14.5,--,138,200100,买盘
2672,10:25:57,14.5,0.01,223,323350,买盘
2673,10:25:54,14.49,0.01,46,66654,买盘
2674,10:25:42,14.48,--,20,28960,卖盘
2675,10:25:39,14.48,-0.01,31,44888,卖盘
2676,10:25:36,14.49,0.01,9,13041,买盘
2677,10:25:33,14.48,-0.01,20,28960,卖盘
2678,10:25:30,14.49,--,17,24633,买盘
2679,10:25:27,14.49,--,20,28980,买盘
2680,10:25:15,14.49,--,3,4347,买盘
2681,10:25:09,14.49,--,62,89838,卖盘
2682,10:25:03,14.49,-0.01,34,49266,卖盘
2683,10:24:54,14.5,0.01,3,4350,买盘
2684,10:24:51,14.49,--,20,28980,卖盘
2685,10:24:48,14.49,-0.01,118,170982,卖盘
2686,10:24:45,14.5,--,12,17400,卖盘
2687,10:24:42,14.5,--,20,29000,卖盘
2688,10:24:39,14.5,--,5,7250,卖盘
2689,10:24:33,14.5,0.01,20,29000,卖盘
2690,10:24:30,14.49,--,40,57960,卖盘
2691,10:24:24,14.49,--,359,520191,卖盘
2692,10:24:21,14.49,-0.01,2,2898,卖盘
2693,10:24:15,14.5,-0.01,1,1450,买盘
2694,10:24:12,14.51,0.02,11,15961,买盘
2695,10:24:03,14.49,-0.01,225,326025,卖盘
2696,10:24:00,14.5,-0.01,79,114550,卖盘
2697,10:23:57,14.51,0.01,48,69648,买盘
2698,10:23:54,14.5,--,31,44950,卖盘
2699,10:23:51,14.5,--,10,14500,卖盘
2700,10:23:48,14.5,--,18,26100,卖盘
2701,10:23:42,14.5,--,115,166750,卖盘
2702,10:23:39,14.5,--,2,2900,卖盘
2703,10:23:33,14.5,--,4,5800,卖盘
2704,10:23:30,14.5,--,41,59450,买盘
2705,10:23:27,14.5,0.01,20,29000,买盘
2706,10:23:24,14.49,-0.01,11,15939,卖盘
2707,10:23:18,14.5,--,8,11600,卖盘
2708,10:23:15,14.5,0.01,2,2900,买盘
2709,10:23:12,14.49,-0.01,12,17388,卖盘
2710,10:23:09,14.5,--,52,75400,买盘
2711,10:23:06,14.5,--,100,145000,买盘
2712,10:23:03,14.5,--,9,13050,买盘
2713,10:23:00,14.5,--,5,7250,买盘
2714,10:22:57,14.5,0.01,30,43500,买盘
2715,10:22:54,14.49,--,100,144900,卖盘
2716,10:22:48,14.49,--,8,11592,卖盘
2717,10:22:45,14.49,--,2,2898,卖盘
2718,10:22:42,14.49,--,101,146349,买盘
2719,10:22:39,14.49,--,12,17388,买盘
2720,10:22:36,14.49,-0.01,23,33327,中性盘
2721,10:22:33,14.5,0.01,46,66700,买盘
2722,10:22:30,14.49,--,30,43470,买盘
2723,10:22:27,14.49,--,36,52164,买盘
2724,10:22:24,14.49,--,47,68103,买盘
2725,10:22:18,14.49,0.01,20,28980,买盘
2726,10:22:15,14.48,-0.01,17,24616,卖盘
2727,10:22:12,14.49,0.02,200,289800,买盘
2728,10:22:09,14.47,--,26,37622,卖盘
2729,10:22:06,14.47,-0.01,13,18811,卖盘
2730,10:22:03,14.48,0.01,10,14480,中性盘
2731,10:22:00,14.47,0.01,6,9984,买盘
2732,10:21:57,14.46,-0.03,23,33402,卖盘
2733,10:21:54,14.49,0.03,216,312984,买盘
2734,10:21:48,14.46,-0.02,51,73746,卖盘
2735,10:21:45,14.48,0.01,57,82536,买盘
2736,10:21:42,14.47,0.01,443,642323,买盘
2737,10:21:39,14.46,-0.01,2,2892,中性盘
2738,10:21:33,14.47,0.01,22,31834,买盘
2739,10:21:30,14.46,0.03,100,144600,买盘
2740,10:21:24,14.43,0.01,37,53391,买盘
2741,10:21:21,14.42,-0.01,35,50470,卖盘
2742,10:21:15,14.43,--,18,25974,买盘
2743,10:21:12,14.43,--,37,53391,卖盘
2744,10:21:09,14.43,-0.03,50,72150,卖盘
2745,10:21:06,14.46,0.02,29,41934,买盘
2746,10:21:03,14.44,0.01,4,5776,中性盘
2747,10:21:00,14.43,-0.01,14,20202,卖盘
2748,10:20:54,14.44,-0.01,36,51984,卖盘
2749,10:20:51,14.45,0.01,3,4335,买盘
2750,10:20:45,14.44,--,16,23104,卖盘
2751,10:20:42,14.44,--,58,83752,卖盘
2752,10:20:39,14.44,-0.01,31,44764,卖盘
2753,10:20:33,14.45,0.01,2,2890,买盘
2754,10:20:30,14.44,-0.03,1,1444,卖盘
2755,10:20:24,14.47,0.03,106,153382,买盘
2756,10:20:21,14.44,--,2,2888,卖盘
2757,10:20:18,14.44,-0.02,48,69312,卖盘
2758,10:20:15,14.46,0.01,101,146046,买盘
2759,10:20:09,14.45,-0.01,140,203109,卖盘
2760,10:20:06,14.46,0.01,29,41934,买盘
2761,10:20:03,14.45,--,11,15895,卖盘
2762,10:20:00,14.45,--,86,124270,卖盘
2763,10:19:54,14.45,-0.01,88,127160,卖盘
2764,10:19:51,14.46,0.01,4,5784,买盘
2765,10:19:48,14.45,--,12,17340,卖盘
2766,10:19:45,14.45,--,38,54910,卖盘
2767,10:19:42,14.45,--,11,15895,卖盘
2768,10:19:39,14.45,--,33,47685,卖盘
2769,10:19:36,14.45,-0.02,46,66470,卖盘
2770,10:19:33,14.47,0.02,210,303870,买盘
2771,10:19:30,14.45,--,14,21386,卖盘
2772,10:19:27,14.45,--,10,14450,卖盘
2773,10:19:24,14.45,0.01,81,117969,中性盘
2774,10:19:21,14.44,-0.01,368,531392,卖盘
2775,10:19:18,14.45,--,1,1445,卖盘
2776,10:19:15,14.45,--,87,125715,卖盘
2777,10:19:12,14.45,--,10,14450,卖盘
2778,10:19:09,14.45,--,42,60690,买盘
2779,10:19:06,14.45,--,24,34680,卖盘
2780,10:19:03,14.45,--,202,291890,买盘
2781,10:18:57,14.45,0.01,112,161840,买盘
2782,10:18:54,14.44,--,31,44764,卖盘
2783,10:18:48,14.44,--,8,11552,卖盘
2784,10:18:45,14.44,--,2,2888,卖盘
2785,10:18:42,14.44,-0.02,25,36100,中性盘
2786,10:18:39,14.46,0.03,23,33258,买盘
2787,10:18:30,14.43,-0.03,2,2886,卖盘
2788,10:18:24,14.46,0.03,93,134478,买盘
2789,10:18:18,14.43,-0.01,12,17316,卖盘
2790,10:18:15,14.44,-0.02,217,313348,卖盘
2791,10:18:09,14.46,--,5,7230,买盘
2792,10:18:06,14.46,0.01,6,8676,买盘
2793,10:18:03,14.45,0.01,41,59245,买盘
2794,10:18:00,14.44,-0.01,2,2888,卖盘
2795,10:17:57,14.45,--,8,11560,买盘
