,time,price,change,volume,amount,type
0,15:00:03,6.37,--,523,333342,买盘
1,14:57:00,6.37,--,0,0,买盘
2,14:56:54,6.37,--,60,38220,买盘
3,14:56:51,6.37,-0.01,115,73700,卖盘
4,14:56:45,6.38,0.01,21,13398,买盘
5,14:56:36,6.37,--,30,19110,卖盘
6,14:56:30,6.37,0.01,103,65802,买盘
7,14:56:24,6.36,--,10,6550,卖盘
8,14:56:12,6.36,--,160,101950,买盘
9,14:56:09,6.36,0.01,38,24358,买盘
10,14:56:06,6.35,-0.01,20,12700,卖盘
11,14:56:03,6.36,--,20,12720,买盘
12,14:56:00,6.36,--,8,5088,买盘
13,14:55:57,6.36,--,200,127200,买盘
14,14:55:42,6.36,--,114,72949,卖盘
15,14:55:36,6.36,--,150,95400,卖盘
16,14:55:18,6.36,-0.01,4,2544,卖盘
17,14:55:06,6.37,0.01,18,11466,买盘
18,14:54:51,6.36,--,10,6550,卖盘
19,14:54:33,6.36,-0.01,20,12720,卖盘
20,14:54:30,6.37,--,59,37583,买盘
21,14:53:45,6.37,0.02,900,573300,买盘
22,14:53:42,6.35,--,3,1905,卖盘
23,14:53:36,6.35,--,3,1905,卖盘
24,14:53:27,6.35,--,57,36195,买盘
25,14:53:12,6.35,0.01,16,10160,买盘
26,14:53:06,6.34,-0.01,10,6530,卖盘
27,14:53:03,6.35,--,116,73660,买盘
28,14:53:00,6.35,0.01,10,6350,买盘
29,14:52:57,6.34,--,7,4438,卖盘
30,14:52:42,6.34,0.02,1,634,买盘
31,14:52:39,6.32,-0.02,16,10112,卖盘
32,14:52:09,6.34,0.02,50,31700,买盘
33,14:51:54,6.32,-0.03,10,6509,卖盘
34,14:51:09,6.35,0.03,12,7620,买盘
35,14:51:03,6.32,--,10,6509,卖盘
36,14:50:33,6.32,--,16,10112,卖盘
37,14:50:27,6.32,--,30,18960,卖盘
38,14:50:15,6.32,--,10,6509,卖盘
39,14:50:09,6.32,-0.03,20,12640,卖盘
40,14:49:45,6.35,0.03,63,40005,买盘
41,14:49:24,6.32,--,10,6509,卖盘
42,14:49:09,6.32,-0.02,2,1264,卖盘
43,14:49:03,6.34,--,1,634,卖盘
44,14:48:57,6.34,0.02,5,3170,买盘
45,14:48:42,6.32,--,0,189,卖盘
46,14:48:30,6.32,-0.01,1,632,卖盘
47,14:48:18,6.33,-0.01,10,6330,中性盘
48,14:47:39,6.34,0.03,17,10778,中性盘
49,14:46:57,6.31,-0.04,10,6499,卖盘
50,14:46:27,6.35,0.01,152,96520,买盘
51,14:46:15,6.34,0.01,150,95100,买盘
52,14:46:06,6.33,0.03,192,121536,买盘
53,14:45:06,6.3,--,100,63000,卖盘
54,14:44:57,6.3,--,110,69489,卖盘
55,14:44:39,6.3,-0.01,150,94500,卖盘
56,14:44:36,6.31,--,10,6310,卖盘
57,14:43:54,6.31,-0.02,10,6499,卖盘
58,14:43:21,6.33,--,5,3165,买盘
59,14:42:39,6.33,0.01,7,4684,卖盘
60,14:42:15,6.32,0.01,52,33243,买盘
61,14:42:12,6.31,--,21,13692,卖盘
62,14:42:00,6.31,-0.01,10,6499,卖盘
63,14:41:51,6.32,-0.01,2,1706,卖盘
64,14:41:39,6.33,--,9,5697,卖盘
65,14:41:36,6.33,0.01,11,6963,买盘
66,14:41:33,6.32,--,4,2528,卖盘
67,14:41:18,6.32,-0.02,10,6509,卖盘
68,14:41:03,6.34,0.02,2,1268,买盘
69,14:41:00,6.32,-0.02,3,1896,中性盘
70,14:40:51,6.34,--,7,4945,卖盘
71,14:40:03,6.34,--,10,6530,卖盘
72,14:39:57,6.34,-0.01,1,634,卖盘
73,14:39:30,6.35,--,40,25400,买盘
74,14:39:03,6.35,--,16,10160,买盘
75,14:38:54,6.35,0.01,32,20320,买盘
76,14:38:48,6.34,--,10,6530,卖盘
77,14:38:27,6.34,0.02,126,80264,买盘
78,14:38:00,6.32,-0.01,33,20856,卖盘
79,14:37:24,6.33,--,11,7216,卖盘
80,14:36:57,6.33,-0.01,10,6519,卖盘
81,14:36:42,6.34,0.01,16,10144,买盘
82,14:36:18,6.33,--,10,6330,卖盘
83,14:36:12,6.33,--,1,633,卖盘
84,14:35:33,6.33,--,45,28674,卖盘
85,14:35:03,6.33,-0.01,2,1266,中性盘
86,14:34:00,6.34,--,2,1268,买盘
87,14:33:33,6.34,0.02,6,3804,买盘
88,14:31:39,6.32,--,4,2528,卖盘
89,14:30:39,6.32,--,47,29704,买盘
90,14:30:27,6.32,--,56,35392,买盘
91,14:30:09,6.32,0.02,10,6320,买盘
92,14:29:51,6.3,--,61,38430,买盘
93,14:29:18,6.3,--,2,1260,买盘
94,14:28:57,6.3,0.01,2,1260,买盘
95,14:28:36,6.29,-0.01,30,18870,卖盘
96,14:28:27,6.3,--,33,20790,买盘
97,14:28:21,6.3,-0.01,2,1260,卖盘
98,14:28:18,6.31,-0.01,30,18930,中性盘
99,14:27:09,6.32,0.02,40,25280,买盘
100,14:27:03,6.3,--,67,42210,卖盘
101,14:26:57,6.3,-0.01,190,119700,卖盘
102,14:26:39,6.31,--,100,63099,卖盘
103,14:26:06,6.31,-0.01,20,12620,卖盘
104,14:26:03,6.32,0.01,80,50560,中性盘
105,14:24:51,6.31,-0.04,20,12620,卖盘
106,14:24:30,6.35,--,50,31750,买盘
107,14:24:18,6.35,0.01,20,12700,买盘
108,14:24:09,6.34,--,10,6340,卖盘
109,14:23:48,6.34,-0.01,86,54524,中性盘
110,14:22:54,6.35,0.05,5,3175,买盘
111,14:22:24,6.3,-0.05,8,5040,卖盘
112,14:22:00,6.35,--,62,39624,卖盘
113,14:21:57,6.35,--,213,135255,卖盘
114,14:21:54,6.35,--,46,29210,卖盘
115,14:21:33,6.35,--,100,63500,卖盘
116,14:21:30,6.35,--,1,635,卖盘
117,14:21:27,6.35,--,10,6540,卖盘
118,14:21:15,6.35,--,10,6350,卖盘
119,14:21:03,6.35,0.03,1006,639000,买盘
120,14:20:21,6.32,--,25,15800,卖盘
121,14:20:00,6.32,-0.01,17,10744,卖盘
122,14:19:48,6.33,0.01,236,149388,买盘
123,14:19:24,6.32,--,92,58144,买盘
124,14:19:18,6.32,0.01,18,11376,买盘
125,14:18:00,6.31,--,51,32180,卖盘
126,14:17:33,6.31,--,30,18930,卖盘
127,14:17:30,6.31,--,1,631,卖盘
128,14:17:00,6.31,--,16,10096,卖盘
129,14:16:57,6.31,--,16,10096,卖盘
130,14:16:42,6.31,0.02,60,37860,买盘
131,14:16:33,6.29,-0.01,8,5032,卖盘
132,14:16:24,6.3,--,1,630,买盘
133,14:16:18,6.3,--,16,10080,买盘
134,14:16:15,6.3,0.01,91,57330,买盘
135,14:14:36,6.29,--,18,11322,买盘
136,14:14:21,6.29,--,5,3145,买盘
137,14:14:15,6.29,--,18,11322,买盘
138,14:14:12,6.29,--,9,5661,卖盘
139,14:13:48,6.29,--,9,5661,买盘
140,14:13:45,6.29,0.03,1,629,买盘
141,14:13:18,6.26,-0.01,100,62600,卖盘
142,14:11:48,6.27,--,50,31349,卖盘
143,14:11:18,6.27,-0.02,16,10032,卖盘
144,14:11:15,6.29,0.02,10,6290,中性盘
145,14:11:09,6.27,-0.02,16,10032,卖盘
146,14:11:03,6.29,--,12,7548,卖盘
147,14:11:00,6.29,0.02,5,3145,买盘
148,14:10:51,6.27,-0.01,100,62699,卖盘
149,14:10:36,6.28,--,100,62800,卖盘
150,14:10:27,6.28,0.02,2,1256,中性盘
151,14:08:54,6.26,-0.04,30,18780,卖盘
152,14:08:39,6.3,0.04,1,630,买盘
153,14:08:30,6.26,--,18,11268,卖盘
154,14:08:27,6.26,-0.04,400,250400,卖盘
155,14:08:21,6.3,--,5,3150,买盘
156,14:08:00,6.3,--,3,2142,卖盘
157,14:07:45,6.3,--,8,5418,买盘
158,14:07:21,6.3,--,1,1071,卖盘
159,14:07:00,6.3,-0.03,10,6489,中性盘
160,14:06:33,6.33,0.03,58,36714,买盘
161,14:06:12,6.3,--,478,301140,卖盘
162,14:06:09,6.3,-0.03,91,57330,卖盘
163,14:06:06,6.33,0.03,12,7596,买盘
164,14:06:03,6.3,--,500,315000,卖盘
165,14:05:54,6.3,-0.03,10,6300,卖盘
166,14:05:48,6.33,0.03,42,26586,买盘
167,14:05:33,6.3,-0.02,100,63000,卖盘
168,14:05:24,6.32,-0.01,5,3160,卖盘
169,14:03:21,6.33,0.01,20,12660,买盘
170,14:03:09,6.32,-0.01,58,37161,卖盘
171,14:02:48,6.33,0.01,3,2278,买盘
172,14:02:33,6.32,0.01,26,16432,买盘
173,14:02:27,6.31,--,100,63099,卖盘
174,14:02:21,6.31,-0.01,22,13882,卖盘
175,13:59:15,6.32,--,2,1264,买盘
176,13:58:24,6.32,--,43,27176,买盘
177,13:58:12,6.32,--,18,11376,买盘
178,13:57:57,6.32,--,100,63200,买盘
179,13:57:24,6.32,--,10,6320,买盘
180,13:57:15,6.32,--,3,1896,买盘
181,13:56:42,6.32,--,2,1264,卖盘
182,13:56:30,6.32,0.01,18,11376,买盘
183,13:56:24,6.31,-0.01,1,631,卖盘
184,13:56:15,6.32,0.01,44,27808,买盘
185,13:56:03,6.31,--,99,62468,卖盘
186,13:54:39,6.31,-0.01,2,1262,卖盘
187,13:54:33,6.32,0.01,58,36656,买盘
188,13:54:24,6.31,--,30,18930,卖盘
189,13:54:12,6.31,--,10,6499,卖盘
190,13:52:15,6.31,--,20,12620,卖盘
191,13:51:21,6.31,-0.02,950,599450,卖盘
192,13:51:09,6.33,--,6,4051,卖盘
193,13:47:54,6.33,--,10,6519,卖盘
194,13:47:51,6.33,0.01,0,189,买盘
195,13:47:48,6.32,-0.01,90,56880,卖盘
196,13:47:45,6.33,0.01,187,118371,买盘
197,13:47:09,6.32,-0.01,10,6509,卖盘
198,13:46:42,6.33,--,83,52982,卖盘
199,13:46:30,6.33,-0.01,10,6519,卖盘
200,13:45:57,6.34,-0.01,33,21175,卖盘
201,13:45:30,6.35,--,5,3556,买盘
202,13:45:24,6.35,--,3,1905,买盘
203,13:44:51,6.35,--,1,1079,卖盘
204,13:44:18,6.35,--,10,6540,卖盘
205,13:43:30,6.35,--,100,63500,卖盘
206,13:42:48,6.35,0.01,4,2540,买盘
207,13:42:09,6.34,--,20,12680,卖盘
208,13:41:12,6.34,-0.01,10,6530,卖盘
209,13:41:09,6.35,--,16,10160,卖盘
210,13:40:48,6.35,-0.01,20,12700,卖盘
211,13:40:12,6.36,--,37,23977,卖盘
212,13:40:03,6.36,--,0,190,卖盘
213,13:39:48,6.36,--,10,6550,卖盘
214,13:39:24,6.36,-0.01,11,7186,卖盘
215,13:38:57,6.37,0.01,75,47775,买盘
216,13:38:24,6.36,-0.01,10,6550,卖盘
217,13:37:48,6.37,0.01,5,3185,买盘
218,13:37:45,6.36,-0.01,10,6550,卖盘
219,13:37:33,6.37,--,1,637,买盘
220,13:37:21,6.37,0.01,20,12740,买盘
221,13:37:09,6.36,--,10,6550,卖盘
222,13:36:42,6.36,--,20,12720,卖盘
223,13:36:09,6.36,-0.01,34,21624,卖盘
224,13:36:06,6.37,0.01,10,6370,买盘
225,13:36:03,6.36,-0.01,174,110664,卖盘
226,13:35:57,6.37,--,17,10829,买盘
227,13:35:51,6.37,0.01,20,12740,买盘
228,13:35:48,6.36,-0.01,10,6550,卖盘
229,13:35:36,6.37,--,1,637,买盘
230,13:35:27,6.37,0.01,100,63700,买盘
231,13:35:24,6.36,--,24,15264,卖盘
232,13:35:15,6.36,-0.01,5,3180,卖盘
233,13:35:00,6.37,0.01,30,19301,买盘
234,13:34:21,6.36,-0.01,15,9540,卖盘
235,13:34:12,6.37,0.01,18,11466,买盘
236,13:33:33,6.36,--,18,11448,卖盘
237,13:33:15,6.36,--,116,74348,买盘
238,13:33:06,6.36,--,18,11448,买盘
239,13:32:57,6.36,0.01,112,71232,买盘
240,13:32:33,6.35,-0.01,1,635,卖盘
241,13:32:27,6.36,0.01,36,22896,买盘
242,13:32:09,6.35,--,8,5080,卖盘
243,13:32:03,6.35,--,10,6350,卖盘
244,13:30:57,6.35,--,10,6540,卖盘
245,13:30:42,6.35,-0.01,14,8890,中性盘
246,13:29:45,6.36,0.02,20,12720,买盘
247,13:29:42,6.34,--,20,12680,卖盘
248,13:29:18,6.34,-0.02,7,4438,卖盘
249,13:29:15,6.36,0.02,28,17808,买盘
250,13:29:12,6.34,--,10,6530,卖盘
251,13:27:48,6.34,--,99,62766,卖盘
252,13:27:45,6.34,-0.02,8,5072,卖盘
253,13:27:42,6.36,0.02,100,63600,买盘
254,13:25:00,6.34,--,5,3170,卖盘
255,13:24:45,6.34,-0.01,10,6530,卖盘
256,13:24:33,6.35,--,5,3175,买盘
257,13:23:48,6.35,-0.01,25,15875,中性盘
258,13:21:48,6.36,--,2,1272,买盘
259,13:21:03,6.36,--,24,15264,买盘
260,13:21:00,6.36,--,18,11448,买盘
261,13:20:42,6.36,--,33,21051,卖盘
262,13:20:27,6.36,0.02,17,11384,买盘
263,13:19:54,6.34,--,2,1775,买盘
264,13:19:27,6.34,--,18,11412,买盘
265,13:19:18,6.34,--,92,58328,买盘
266,13:18:51,6.34,0.01,18,11412,买盘
267,13:18:42,6.33,--,56,35448,卖盘
268,13:18:21,6.33,-0.01,10,6330,中性盘
269,13:18:09,6.34,--,18,11412,买盘
270,13:17:45,6.34,0.02,18,11412,买盘
271,13:17:42,6.32,--,10,6509,卖盘
272,13:17:27,6.32,-0.02,10,6509,卖盘
273,13:17:21,6.34,0.01,20,12680,买盘
274,13:17:12,6.33,--,12,7596,买盘
275,13:17:03,6.33,--,4,2658,卖盘
276,13:16:57,6.33,--,10,6330,卖盘
277,13:16:33,6.33,--,69,43677,卖盘
278,13:16:30,6.33,-0.01,10,6519,卖盘
279,13:16:27,6.34,0.01,2,1268,买盘
280,13:16:09,6.33,--,20,12660,卖盘
281,13:16:06,6.33,--,10,6519,卖盘
282,13:15:51,6.33,--,10,6519,卖盘
283,13:15:18,6.33,--,1,633,卖盘
284,13:15:12,6.33,--,20,12660,卖盘
285,13:14:57,6.33,--,10,6330,卖盘
286,13:14:27,6.33,--,10,6519,卖盘
287,13:14:18,6.33,--,10,6519,卖盘
288,13:12:15,6.33,-0.01,10,6519,卖盘
289,13:12:09,6.34,-0.02,28,17752,卖盘
290,13:11:57,6.36,--,3,1971,卖盘
291,13:11:51,6.36,--,127,80772,卖盘
292,13:11:24,6.36,0.02,89,57176,买盘
293,13:11:15,6.34,-0.02,35,22190,卖盘
294,13:11:09,6.36,0.02,10,6360,买盘
295,13:10:39,6.34,--,30,19020,买盘
296,13:10:24,6.34,-0.02,70,44380,卖盘
297,13:08:45,6.36,--,18,11448,买盘
298,13:08:39,6.36,--,7,4706,卖盘
299,13:08:24,6.36,--,10,6360,卖盘
300,13:08:18,6.36,-0.02,7,4642,卖盘
301,13:08:06,6.38,--,18,11484,买盘
302,13:07:57,6.38,0.02,18,11484,买盘
303,13:07:21,6.36,--,134,85414,买盘
304,13:06:45,6.36,0.03,18,11448,买盘
305,13:06:33,6.33,-0.01,1,633,卖盘
306,13:05:45,6.34,--,18,11412,买盘
307,13:05:42,6.34,-0.02,11,6974,卖盘
308,13:05:30,6.36,0.01,18,11448,买盘
309,13:04:33,6.35,--,18,11430,买盘
310,13:04:27,6.35,--,18,11874,卖盘
311,13:03:57,6.35,--,10,6540,卖盘
312,13:03:42,6.35,-0.01,40,25400,卖盘
313,13:03:00,6.36,-0.02,3,1908,卖盘
314,13:02:51,6.38,--,590,376866,卖盘
315,13:02:45,6.38,--,150,95700,卖盘
316,13:02:39,6.38,--,31,19778,卖盘
317,13:02:30,6.38,-0.01,10,6380,卖盘
318,13:02:27,6.39,0.01,23,14697,买盘
319,13:02:21,6.38,--,7,4466,卖盘
320,13:02:18,6.38,-0.01,10,6571,卖盘
321,13:01:42,6.39,--,20,12780,买盘
322,13:01:27,6.39,--,33,21087,买盘
323,13:01:12,6.39,--,30,19170,买盘
324,13:01:00,6.39,--,19,12141,买盘
325,13:00:09,6.39,--,59,37701,买盘
326,13:00:06,6.39,0.01,90,57510,买盘
327,13:00:03,6.38,0.02,433,276254,买盘
328,13:00:00,6.36,--,0,0,买盘
329,11:30:00,6.36,--,0,0,买盘
330,11:29:33,6.36,--,18,11448,买盘
331,11:29:21,6.36,0.01,100,63600,买盘
332,11:29:15,6.35,--,63,40005,买盘
333,11:29:03,6.35,--,18,11430,买盘
334,11:28:57,6.35,--,18,11430,买盘
335,11:28:48,6.35,--,20,12700,买盘
336,11:28:21,6.35,--,2,1270,买盘
337,11:28:18,6.35,0.01,28,17970,买盘
338,11:28:12,6.34,-0.01,5,3170,卖盘
339,11:27:57,6.35,--,18,11430,买盘
340,11:27:09,6.35,--,58,36830,买盘
341,11:26:51,6.35,0.01,63,40005,买盘
342,11:26:30,6.34,--,58,37114,买盘
343,11:25:57,6.34,--,50,31700,买盘
344,11:25:54,6.34,0.01,90,57060,买盘
345,11:24:06,6.33,--,32,20256,买盘
346,11:23:24,6.33,0.01,18,11394,买盘
347,11:22:57,6.32,--,6,3792,卖盘
348,11:22:36,6.32,0.01,2,1264,中性盘
349,11:21:57,6.31,--,10,6310,卖盘
350,11:21:18,6.31,-0.03,10,6499,卖盘
351,11:20:54,6.34,0.02,9,5706,买盘
352,11:20:36,6.32,-0.01,9,5688,卖盘
353,11:19:45,6.33,--,9,5697,买盘
354,11:19:39,6.33,0.01,18,11394,买盘
355,11:19:24,6.32,--,54,34128,卖盘
356,11:19:18,6.32,-0.01,12,7584,卖盘
357,11:18:42,6.33,--,62,39246,卖盘
358,11:17:36,6.33,-0.01,10,6330,卖盘
359,11:17:06,6.34,--,35,22190,买盘
360,11:16:51,6.34,--,42,26919,卖盘
361,11:16:33,6.34,-0.01,12,7950,卖盘
362,11:15:03,6.35,--,1,635,买盘
363,11:15:00,6.35,--,25,15875,买盘
364,11:13:30,6.35,0.01,18,11430,买盘
365,11:13:21,6.34,-0.01,3,1902,卖盘
366,11:12:27,6.35,0.01,5,3175,买盘
367,11:12:12,6.34,-0.01,77,48818,卖盘
368,11:12:09,6.35,--,17,10795,买盘
369,11:11:54,6.35,0.02,1,635,买盘
370,11:11:33,6.33,-0.02,5,3165,卖盘
371,11:11:27,6.35,0.03,621,394335,买盘
372,11:09:30,6.32,--,10,6320,卖盘
373,11:08:51,6.32,-0.02,33,20856,卖盘
374,11:07:45,6.34,--,2,1268,卖盘
375,11:06:39,6.34,--,11,6974,卖盘
376,11:06:33,6.34,-0.01,1,634,卖盘
377,11:06:30,6.35,--,10,6350,买盘
378,11:06:24,6.35,--,3,1905,买盘
379,11:06:06,6.35,0.01,30,19050,买盘
380,11:04:54,6.34,--,8,5072,卖盘
381,11:04:21,6.34,--,10,6340,卖盘
382,11:03:54,6.34,--,10,6340,卖盘
383,11:03:33,6.34,-0.01,1,634,卖盘
384,11:03:15,6.35,0.01,1,635,买盘
385,11:03:03,6.34,--,9,5706,卖盘
386,11:02:45,6.34,-0.01,50,31700,卖盘
387,11:02:21,6.35,-0.01,0,177,卖盘
388,11:02:15,6.36,0.01,6,3816,买盘
389,11:01:51,6.35,--,40,25400,卖盘
390,11:01:39,6.35,--,20,12700,卖盘
391,11:01:09,6.35,-0.01,30,19050,卖盘
392,11:01:06,6.36,0.01,23,14628,买盘
393,11:00:33,6.35,--,36,22860,卖盘
394,11:00:18,6.35,--,10,6616,卖盘
395,10:59:51,6.35,-0.01,2,1270,卖盘
396,10:59:45,6.36,--,100,63600,买盘
397,10:59:36,6.36,--,30,19080,买盘
398,10:58:54,6.36,0.01,3,1908,买盘
399,10:58:33,6.35,-0.01,5,3175,卖盘
400,10:58:24,6.36,0.01,9,5724,买盘
401,10:57:42,6.35,--,1,635,卖盘
402,10:57:39,6.35,--,21,13525,买盘
403,10:57:27,6.35,0.01,33,20955,买盘
404,10:56:48,6.34,--,23,14582,卖盘
405,10:55:42,6.34,-0.01,8,5072,卖盘
406,10:55:00,6.35,0.01,8,5080,买盘
407,10:54:57,6.34,-0.01,30,19020,卖盘
408,10:54:51,6.35,0.01,130,82550,买盘
409,10:54:33,6.34,--,20,12680,卖盘
410,10:54:27,6.34,--,25,15850,卖盘
411,10:54:18,6.34,--,151,95734,买盘
412,10:54:03,6.34,--,5,3170,买盘
413,10:53:42,6.34,0.02,1,634,买盘
414,10:53:09,6.32,--,28,17696,买盘
415,10:52:03,6.32,-0.02,44,27808,卖盘
416,10:51:21,6.34,--,1,634,买盘
417,10:51:03,6.34,0.02,5,3170,买盘
418,10:50:06,6.32,-0.02,57,36024,卖盘
419,10:50:03,6.34,0.02,18,11412,买盘
420,10:49:57,6.32,--,11,6952,买盘
421,10:49:45,6.32,0.01,18,11376,买盘
422,10:49:42,6.31,0.01,4,2524,买盘
423,10:49:33,6.3,-0.01,2,1260,卖盘
424,10:49:15,6.31,0.01,5,3155,买盘
425,10:48:42,6.3,--,163,102690,买盘
426,10:48:24,6.3,--,18,11340,卖盘
427,10:47:45,6.3,--,9,5670,买盘
428,10:47:36,6.3,--,20,12600,买盘
429,10:47:27,6.3,--,21,13230,买盘
430,10:47:21,6.3,--,2,1260,买盘
431,10:47:15,6.3,--,9,5670,买盘
432,10:46:45,6.3,--,12,7560,买盘
433,10:46:36,6.3,--,5,3150,买盘
434,10:46:27,6.3,--,20,12600,卖盘
435,10:46:00,6.3,--,123,77830,买盘
436,10:45:42,6.3,--,79,50085,卖盘
437,10:44:57,6.3,--,5,3150,卖盘
438,10:44:48,6.3,-0.01,43,27090,卖盘
439,10:44:36,6.31,--,11,6941,卖盘
440,10:44:33,6.31,--,1,631,卖盘
441,10:44:30,6.31,--,125,78875,卖盘
442,10:44:21,6.31,--,6,3785,买盘
443,10:44:03,6.31,--,2,1262,卖盘
444,10:43:18,6.31,-0.01,20,12620,中性盘
445,10:41:18,6.32,--,67,42344,买盘
446,10:41:06,6.32,-0.02,1,632,中性盘
447,10:40:42,6.34,0.04,2,1268,买盘
448,10:40:36,6.3,-0.03,8,5040,卖盘
449,10:40:27,6.33,0.03,69,43866,买盘
450,10:40:18,6.3,-0.02,50,31500,卖盘
451,10:40:12,6.32,--,20,12640,卖盘
452,10:40:06,6.32,--,8,5056,卖盘
453,10:39:39,6.32,-0.01,10,6509,卖盘
454,10:38:33,6.33,-0.01,1,633,中性盘
455,10:38:24,6.34,0.01,99,62766,买盘
456,10:37:54,6.33,0.01,5,3165,买盘
457,10:37:36,6.32,--,30,18960,卖盘
458,10:37:06,6.32,0.02,11,7331,买盘
459,10:37:03,6.3,--,8,5040,卖盘
460,10:36:03,6.3,--,5,3150,卖盘
461,10:36:00,6.3,--,129,81270,卖盘
462,10:35:48,6.3,--,50,31500,卖盘
463,10:35:39,6.3,--,5,3150,卖盘
464,10:35:15,6.3,-0.01,10,6489,卖盘
465,10:34:45,6.31,--,22,13882,卖盘
466,10:34:42,6.31,--,74,46694,卖盘
467,10:34:39,6.31,-0.01,1,631,卖盘
468,10:34:06,6.32,--,38,24268,卖盘
469,10:33:12,6.32,--,10,6509,卖盘
470,10:32:42,6.32,-0.01,13,8216,卖盘
471,10:32:21,6.33,--,3,1899,买盘
472,10:32:12,6.33,--,17,10761,买盘
473,10:31:57,6.33,--,20,12849,买盘
474,10:31:42,6.33,--,271,171543,卖盘
475,10:30:45,6.33,-0.02,20,12660,卖盘
476,10:30:21,6.35,--,55,34925,买盘
477,10:29:36,6.35,--,20,12700,买盘
478,10:29:27,6.35,-0.01,144,91808,卖盘
479,10:29:21,6.36,0.01,27,17172,买盘
480,10:29:06,6.35,-0.01,60,38100,卖盘
481,10:28:54,6.36,--,2,1272,买盘
482,10:28:51,6.36,--,1,636,买盘
483,10:28:48,6.36,0.01,10,6360,买盘
484,10:28:45,6.35,-0.01,30,19050,卖盘
485,10:28:39,6.36,0.01,50,31800,买盘
486,10:28:09,6.35,0.01,65,41541,买盘
487,10:27:48,6.34,-0.01,7,4438,中性盘
488,10:27:27,6.35,0.01,18,11430,买盘
489,10:27:24,6.34,0.01,11,6974,买盘
490,10:27:03,6.33,--,9,5697,买盘
491,10:26:57,6.33,--,10,6330,买盘
492,10:26:54,6.33,0.01,18,11394,买盘
493,10:26:45,6.32,--,5,3160,卖盘
494,10:26:27,6.32,-0.01,1,632,卖盘
495,10:26:12,6.33,--,20,12660,买盘
496,10:25:54,6.33,--,17,10761,买盘
497,10:25:42,6.33,--,6,3798,买盘
498,10:25:36,6.33,0.01,128,81024,买盘
499,10:25:00,6.32,-0.01,60,37920,卖盘
500,10:24:42,6.33,--,3,1899,买盘
501,10:24:36,6.33,0.01,5,3165,买盘
502,10:24:18,6.32,-0.01,20,12640,卖盘
503,10:24:12,6.33,--,11,6963,买盘
504,10:24:06,6.33,--,9,5697,买盘
505,10:23:48,6.33,-0.02,35,22155,卖盘
506,10:23:12,6.35,--,1,635,买盘
507,10:22:57,6.35,0.02,10,6350,买盘
508,10:22:00,6.33,-0.01,18,11394,卖盘
509,10:21:57,6.34,--,3,1902,卖盘
510,10:21:48,6.34,--,4,2536,买盘
511,10:21:45,6.34,--,48,30432,卖盘
512,10:21:24,6.34,0.01,14,8876,买盘
513,10:21:06,6.33,--,4,2532,买盘
514,10:20:42,6.33,--,10,6330,买盘
515,10:20:36,6.33,0.02,4,2532,买盘
516,10:20:18,6.31,--,16,10096,卖盘
517,10:19:57,6.31,--,34,21454,卖盘
518,10:19:48,6.31,-0.03,96,60575,卖盘
519,10:19:45,6.34,0.03,2,1268,买盘
520,10:19:33,6.31,--,10,6499,卖盘
521,10:19:18,6.31,--,6,3785,卖盘
522,10:19:15,6.31,--,10,6499,卖盘
523,10:19:12,6.31,-0.03,4,2524,卖盘
524,10:19:03,6.34,--,11,7164,买盘
525,10:18:57,6.34,--,1,634,买盘
526,10:18:51,6.34,-0.01,2,1268,中性盘
527,10:18:36,6.35,--,2,1270,买盘
528,10:18:33,6.35,--,6,3810,买盘
529,10:18:18,6.35,--,47,29845,买盘
530,10:18:06,6.35,0.01,40,25400,买盘
531,10:18:03,6.34,0.03,15,9510,买盘
532,10:18:00,6.31,-0.04,10,6499,卖盘
533,10:17:42,6.35,--,4,2540,买盘
534,10:17:30,6.35,0.01,863,548005,买盘
535,10:17:06,6.34,0.01,58,36772,买盘
536,10:17:03,6.33,--,10,6330,买盘
537,10:16:45,6.33,--,16,10128,卖盘
538,10:16:42,6.33,-0.01,32,20256,卖盘
539,10:16:36,6.34,0.01,2,1268,买盘
540,10:16:27,6.33,--,20,12660,卖盘
541,10:16:24,6.33,-0.01,10,6330,卖盘
542,10:16:15,6.34,0.01,100,63400,买盘
543,10:15:54,6.33,--,47,29751,买盘
544,10:15:51,6.33,--,58,36714,买盘
545,10:15:33,6.33,0.03,45,28485,买盘
546,10:15:18,6.3,-0.03,20,12600,中性盘
547,10:14:51,6.33,0.04,55,34815,买盘
548,10:14:30,6.29,-0.04,13,8177,卖盘
549,10:14:27,6.33,--,6,3798,买盘
550,10:14:24,6.33,--,20,12660,买盘
551,10:13:54,6.33,0.03,64,40512,买盘
552,10:13:42,6.3,--,50,31500,卖盘
553,10:13:06,6.3,--,10,6489,卖盘
554,10:13:00,6.3,-0.02,20,12600,中性盘
555,10:12:54,6.32,0.03,10,6320,买盘
556,10:12:33,6.29,--,8,5245,买盘
557,10:12:06,6.29,0.01,20,12580,买盘
558,10:11:57,6.28,-0.01,55,34728,卖盘
559,10:11:51,6.29,--,27,16983,买盘
560,10:11:48,6.29,--,10,6290,买盘
561,10:11:36,6.29,--,5,3145,买盘
562,10:11:33,6.29,--,28,17612,买盘
563,10:11:18,6.29,-0.01,473,297932,卖盘
564,10:11:09,6.3,--,2,1260,卖盘
565,10:10:57,6.3,-0.02,81,51030,卖盘
566,10:10:45,6.32,--,11,6952,买盘
567,10:10:03,6.32,--,3,1896,卖盘
568,10:09:57,6.32,--,200,126400,卖盘
569,10:09:42,6.32,-0.02,1,632,卖盘
570,10:09:39,6.34,--,10,6340,买盘
571,10:09:33,6.34,--,30,19020,买盘
572,10:09:12,6.34,--,10,6340,买盘
573,10:09:06,6.34,--,68,43112,买盘
574,10:08:57,6.34,-0.01,5,3170,中性盘
575,10:08:33,6.35,--,34,21590,买盘
576,10:08:30,6.35,0.03,15,9525,买盘
577,10:08:27,6.32,-0.03,33,20856,卖盘
578,10:08:09,6.35,--,1,635,买盘
579,10:08:03,6.35,--,29,18415,买盘
580,10:07:57,6.35,--,50,31750,买盘
581,10:07:48,6.35,0.03,19,12065,买盘
582,10:07:42,6.32,-0.03,9,5688,卖盘
583,10:07:39,6.35,0.03,400,254000,买盘
584,10:07:30,6.32,--,5,3160,买盘
585,10:07:21,6.32,--,6,3792,买盘
586,10:07:12,6.32,--,16,10112,买盘
587,10:07:03,6.32,0.01,1,632,买盘
588,10:07:00,6.31,-0.01,100,63099,卖盘
589,10:06:57,6.32,--,10,6320,买盘
590,10:06:54,6.32,--,2,1264,买盘
591,10:06:27,6.32,--,7,4424,买盘
592,10:06:24,6.32,--,5,3160,买盘
593,10:06:21,6.32,--,8,5056,卖盘
594,10:06:09,6.32,--,12,7584,买盘
595,10:06:06,6.32,--,10,6320,买盘
596,10:05:48,6.32,--,5,3160,买盘
597,10:05:45,6.32,--,21,13272,买盘
598,10:05:39,6.32,0.01,20,12640,买盘
599,10:05:33,6.31,-0.01,44,27764,卖盘
600,10:05:18,6.32,--,50,31600,卖盘
601,10:05:15,6.32,--,40,25280,买盘
602,10:05:06,6.32,0.01,5,3160,买盘
603,10:05:03,6.31,--,172,108532,买盘
604,10:05:00,6.31,--,10,6310,买盘
605,10:04:51,6.31,0.02,4,2524,买盘
606,10:04:48,6.29,-0.01,77,48433,卖盘
607,10:04:42,6.3,0.01,4,2734,买盘
608,10:04:30,6.29,-0.01,29,18241,中性盘
609,10:04:09,6.3,0.02,752,473760,买盘
610,10:04:03,6.28,--,17,10676,卖盘
611,10:03:54,6.28,-0.01,1,628,卖盘
612,10:03:42,6.29,--,20,12580,买盘
613,10:03:33,6.29,--,15,9435,买盘
614,10:03:00,6.29,0.01,50,31450,买盘
615,10:02:51,6.28,-0.01,15,9420,卖盘
616,10:02:36,6.29,0.01,13,8177,买盘
617,10:02:27,6.28,--,1,628,卖盘
618,10:02:24,6.28,--,14,8792,卖盘
619,10:02:12,6.28,--,10,6280,买盘
620,10:02:03,6.28,0.01,5,3140,买盘
621,10:01:48,6.27,-0.01,20,12540,卖盘
622,10:01:36,6.28,0.01,10,6280,买盘
623,10:01:30,6.27,--,2,1254,卖盘
624,10:01:24,6.27,-0.01,4,2508,卖盘
625,10:01:06,6.28,-0.01,46,28888,卖盘
626,10:01:03,6.29,--,34,21386,买盘
627,10:00:39,6.29,0.01,9,5661,买盘
628,10:00:33,6.28,-0.01,32,20096,卖盘
629,10:00:30,6.29,0.01,3,1887,买盘
630,10:00:15,6.28,0.02,237,148836,买盘
631,09:59:42,6.26,--,300,187800,卖盘
632,09:59:30,6.26,-0.02,7,4382,卖盘
633,09:59:27,6.28,0.04,19,11932,买盘
634,09:59:03,6.24,--,16,10046,买盘
635,09:58:57,6.24,0.01,18,11294,卖盘
636,09:58:30,6.23,--,31,19873,买盘
637,09:58:27,6.23,-0.01,81,50525,卖盘
638,09:58:24,6.24,--,2,1248,买盘
639,09:58:21,6.24,--,5,3120,买盘
640,09:58:18,6.24,0.01,43,26832,买盘
641,09:58:15,6.23,-0.01,29,18627,卖盘
642,09:58:03,6.24,--,5,3120,买盘
643,09:58:00,6.24,0.01,127,79248,买盘
644,09:57:54,6.23,--,2,1246,买盘
645,09:57:51,6.23,-0.02,20,12460,中性盘
646,09:57:45,6.25,0.02,80,50000,买盘
647,09:57:42,6.23,-0.01,85,53017,卖盘
648,09:57:33,6.24,--,70,44241,买盘
649,09:57:27,6.24,--,34,21278,卖盘
650,09:57:24,6.24,--,66,41184,卖盘
651,09:57:21,6.24,--,12,7675,卖盘
652,09:57:18,6.24,-0.01,10,6240,卖盘
653,09:57:12,6.25,0.01,82,51250,买盘
654,09:57:09,6.24,--,9,5616,卖盘
655,09:57:06,6.24,--,20,12480,卖盘
656,09:57:03,6.24,--,10,6427,卖盘
657,09:56:54,6.24,-0.01,10,6427,卖盘
658,09:56:48,6.25,--,1,625,买盘
659,09:56:45,6.25,--,114,71687,卖盘
660,09:56:39,6.25,--,10,6437,卖盘
661,09:56:33,6.25,-0.01,88,55000,卖盘
662,09:56:27,6.26,-0.01,56,35056,卖盘
663,09:56:15,6.27,-0.01,17,10721,卖盘
664,09:56:09,6.28,--,47,30081,买盘
665,09:55:54,6.28,--,9,5652,买盘
666,09:55:51,6.28,--,1,628,买盘
667,09:55:48,6.28,-0.01,45,28322,卖盘
668,09:55:45,6.29,--,6,3962,买盘
669,09:55:42,6.29,0.01,23,14467,买盘
670,09:55:39,6.28,--,10,6468,卖盘
671,09:55:36,6.28,--,10,6280,卖盘
672,09:55:27,6.28,-0.01,10,6468,卖盘
673,09:55:18,6.29,-0.01,70,44470,卖盘
674,09:55:12,6.3,0.01,14,8820,买盘
675,09:55:09,6.29,--,20,12580,卖盘
676,09:54:54,6.29,--,30,18870,卖盘
677,09:54:48,6.29,--,13,8177,卖盘
678,09:54:45,6.29,-0.01,22,13838,卖盘
679,09:54:42,6.3,0.01,60,37800,买盘
680,09:54:36,6.29,--,12,7548,卖盘
681,09:54:27,6.29,-0.01,10,6478,卖盘
682,09:54:21,6.3,--,102,64260,卖盘
683,09:54:15,6.3,--,56,35280,卖盘
684,09:54:09,6.3,--,25,15750,卖盘
685,09:54:06,6.3,--,134,84420,卖盘
686,09:54:00,6.3,-0.01,17,10710,卖盘
687,09:53:54,6.31,--,4,2524,买盘
688,09:53:51,6.31,0.01,4,2524,买盘
689,09:53:48,6.3,--,150,94500,卖盘
690,09:53:39,6.3,--,20,12600,卖盘
691,09:53:36,6.3,--,3,1890,买盘
692,09:53:30,6.3,--,7,4410,卖盘
693,09:53:27,6.3,--,46,28980,买盘
694,09:53:15,6.3,0.01,7,4410,买盘
695,09:53:09,6.29,-0.01,15,9435,卖盘
696,09:53:06,6.3,--,39,24570,买盘
697,09:52:57,6.3,--,13,8190,买盘
698,09:52:42,6.3,--,4,2520,买盘
699,09:52:39,6.3,--,56,35280,买盘
700,09:52:36,6.3,0.01,3,1890,买盘
701,09:52:33,6.29,-0.01,34,21386,卖盘
702,09:52:30,6.3,--,10,6300,买盘
703,09:52:24,6.3,--,14,8820,买盘
704,09:52:21,6.3,-0.01,16,10080,卖盘
705,09:52:18,6.31,--,5,3155,买盘
706,09:52:15,6.31,0.01,16,10096,买盘
707,09:51:57,6.3,--,24,15120,买盘
708,09:51:54,6.3,0.02,76,47880,买盘
709,09:51:51,6.28,-0.03,10,6280,卖盘
710,09:51:48,6.31,-0.01,49,30918,中性盘
711,09:51:27,6.32,0.02,50,31600,买盘
712,09:51:21,6.3,--,150,94500,卖盘
713,09:51:18,6.3,--,29,18270,卖盘
714,09:51:09,6.3,0.01,191,120519,买盘
715,09:51:06,6.29,0.01,3,1887,买盘
716,09:50:57,6.28,--,5,3140,卖盘
717,09:50:30,6.28,--,16,10048,卖盘
718,09:50:18,6.28,-0.01,606,380568,卖盘
719,09:50:12,6.29,0.01,20,12580,买盘
720,09:50:06,6.28,--,15,9420,卖盘
721,09:50:00,6.28,0.01,185,116180,买盘
722,09:49:57,6.27,--,20,12540,卖盘
723,09:49:48,6.27,--,2,1254,卖盘
724,09:49:45,6.27,-0.01,5,3135,卖盘
725,09:49:21,6.28,0.03,160,100480,中性盘
726,09:48:21,6.25,-0.05,10,6437,卖盘
727,09:48:18,6.3,0.05,450,283500,买盘
728,09:48:15,6.25,-0.02,200,125000,卖盘
729,09:48:06,6.27,0.01,165,103455,买盘
730,09:48:00,6.26,--,29,18592,卖盘
731,09:47:54,6.26,--,20,12520,卖盘
732,09:47:51,6.26,-0.01,10,6447,卖盘
733,09:47:39,6.27,--,2,1254,买盘
734,09:47:36,6.27,--,1,627,买盘
735,09:47:33,6.27,-0.01,19,11913,卖盘
736,09:47:24,6.28,--,10,6280,买盘
737,09:47:18,6.28,--,30,18840,卖盘
738,09:47:15,6.28,--,9,5652,卖盘
739,09:47:12,6.28,--,20,12560,卖盘
740,09:47:09,6.28,--,73,45844,买盘
741,09:47:03,6.28,--,15,9420,买盘
742,09:47:00,6.28,-0.01,1,628,卖盘
743,09:46:54,6.29,--,10,6290,买盘
744,09:46:39,6.29,--,5,3145,买盘
745,09:46:27,6.29,--,2,1258,卖盘
746,09:46:21,6.29,--,32,20128,卖盘
747,09:46:18,6.29,--,21,13209,卖盘
748,09:46:12,6.29,0.02,37,23273,买盘
749,09:46:09,6.27,--,10,6270,买盘
750,09:46:06,6.27,-0.02,28,17556,卖盘
751,09:45:57,6.29,0.02,10,6290,买盘
752,09:45:45,6.27,-0.02,12,7523,卖盘
753,09:45:42,6.29,0.01,15,9435,买盘
754,09:45:33,6.28,--,1,628,买盘
755,09:45:30,6.28,--,119,74732,卖盘
756,09:45:27,6.28,-0.01,5,3140,卖盘
757,09:45:18,6.29,0.01,95,59755,买盘
758,09:45:12,6.28,--,66,41448,买盘
759,09:45:03,6.28,0.01,25,15700,买盘
760,09:44:57,6.27,--,20,12540,买盘
761,09:44:51,6.27,0.01,20,12540,买盘
762,09:44:48,6.26,--,5,3130,卖盘
763,09:44:45,6.26,0.01,83,51958,买盘
764,09:44:27,6.25,0.01,40,25000,买盘
765,09:44:21,6.24,--,37,23088,买盘
766,09:44:18,6.24,0.03,20,12480,买盘
767,09:44:15,6.21,-0.01,1,621,卖盘
768,09:43:57,6.22,--,50,31100,买盘
769,09:43:27,6.22,0.02,1,622,买盘
770,09:43:18,6.2,--,4,2480,卖盘
771,09:43:09,6.2,-0.01,33,20460,卖盘
772,09:43:06,6.21,0.01,88,54648,买盘
773,09:43:03,6.2,--,5,3100,卖盘
774,09:43:00,6.2,-0.01,5,3100,卖盘
775,09:42:42,6.21,--,152,94392,买盘
776,09:42:36,6.21,--,5,3105,买盘
777,09:42:33,6.21,--,8,4968,卖盘
778,09:42:21,6.21,--,7,4347,卖盘
779,09:42:15,6.21,0.01,157,97497,买盘
780,09:42:12,6.2,--,300,186000,卖盘
781,09:42:00,6.2,-0.01,1,620,卖盘
782,09:41:54,6.21,--,61,37881,卖盘
783,09:41:45,6.21,--,23,14283,卖盘
784,09:41:36,6.21,0.01,180,111966,买盘
785,09:41:33,6.2,--,127,78746,买盘
786,09:41:12,6.2,--,10,6200,买盘
787,09:41:06,6.2,--,0,613,卖盘
788,09:41:00,6.2,--,10,6200,卖盘
789,09:40:57,6.2,--,3,1860,卖盘
790,09:40:54,6.2,--,10,6200,卖盘
791,09:40:51,6.2,--,40,24800,卖盘
792,09:40:45,6.2,--,50,31000,卖盘
793,09:40:33,6.2,--,50,31000,卖盘
794,09:40:21,6.2,0.03,290,179986,买盘
795,09:40:15,6.17,0.01,10,6170,买盘
796,09:40:09,6.16,-0.01,50,30800,卖盘
797,09:40:00,6.17,--,4,2468,买盘
798,09:39:57,6.17,--,2,1665,卖盘
799,09:39:54,6.17,--,17,10674,买盘
800,09:39:51,6.17,-0.01,1,617,买盘
801,09:39:48,6.18,0.02,20,12360,买盘
802,09:39:45,6.16,-0.01,20,12320,卖盘
803,09:39:42,6.17,--,16,9872,卖盘
804,09:39:39,6.17,--,50,30850,卖盘
805,09:39:30,6.17,-0.01,1,617,卖盘
806,09:39:27,6.18,--,10,6180,买盘
807,09:39:21,6.18,-0.02,19,11742,卖盘
808,09:39:09,6.2,--,16,9920,买盘
809,09:39:03,6.2,--,20,12400,买盘
810,09:39:00,6.2,--,25,15500,买盘
811,09:38:54,6.2,--,3,1860,买盘
812,09:38:48,6.2,-0.01,10,6200,买盘
813,09:38:45,6.21,0.01,120,74520,买盘
814,09:38:33,6.2,--,10,6200,卖盘
815,09:38:30,6.2,--,30,18600,买盘
816,09:38:12,6.2,-0.01,40,24800,买盘
817,09:38:09,6.21,0.01,52,32292,买盘
818,09:38:06,6.2,--,80,49600,卖盘
819,09:38:00,6.2,--,100,62000,卖盘
820,09:37:51,6.2,--,17,10540,卖盘
821,09:37:45,6.2,0.01,22,13640,卖盘
822,09:37:42,6.19,--,7,4333,买盘
823,09:37:33,6.19,-0.01,1,619,买盘
824,09:37:27,6.2,--,2,1240,卖盘
825,09:37:21,6.2,0.05,250,155000,买盘
826,09:37:15,6.15,--,9,5971,买盘
827,09:37:09,6.15,--,40,24778,卖盘
828,09:37:06,6.15,--,68,41820,卖盘
829,09:37:00,6.15,--,1,615,卖盘
830,09:36:57,6.15,0.01,100,61936,买盘
831,09:36:51,6.14,--,1,614,买盘
832,09:36:48,6.14,0.01,8,4912,中性盘
833,09:36:45,6.13,-0.02,100,61300,卖盘
834,09:36:42,6.15,--,3,1845,买盘
835,09:36:36,6.15,--,49,30135,买盘
836,09:36:33,6.15,0.02,32,19680,买盘
837,09:36:27,6.13,-0.02,25,15325,卖盘
838,09:36:21,6.15,-0.08,284,174838,卖盘
839,09:36:18,6.23,0.07,157,97997,买盘
840,09:36:15,6.16,-0.02,45,27720,中性盘
841,09:36:06,6.18,--,5,3090,卖盘
842,09:35:57,6.18,-0.02,5,3090,中性盘
843,09:35:54,6.2,0.05,5,3100,买盘
844,09:35:51,6.15,-0.03,569,349935,卖盘
845,09:35:48,6.18,--,40,24720,买盘
846,09:35:42,6.18,--,52,32136,买盘
847,09:35:36,6.18,--,310,191580,买盘
848,09:35:33,6.18,-0.02,60,37080,卖盘
849,09:35:24,6.2,-0.01,1,620,卖盘
850,09:35:21,6.21,--,82,50922,买盘
851,09:35:18,6.21,--,17,10991,卖盘
852,09:35:15,6.21,--,36,22356,卖盘
853,09:35:09,6.21,--,56,34776,卖盘
854,09:34:57,6.21,0.04,155,96441,买盘
855,09:34:54,6.17,-0.03,12,7404,卖盘
856,09:34:51,6.2,0.02,157,97594,买盘
857,09:34:45,6.18,--,17,10870,卖盘
858,09:34:42,6.18,--,15,9270,卖盘
859,09:34:36,6.18,--,13,8034,卖盘
860,09:34:30,6.18,-0.02,15,9270,卖盘
861,09:34:18,6.2,0.02,133,82460,买盘
862,09:34:15,6.18,--,24,14832,卖盘
863,09:34:12,6.18,0.03,51,31771,买盘
864,09:34:09,6.15,-0.01,311,191265,卖盘
865,09:34:06,6.16,-0.02,5,3080,卖盘
866,09:34:03,6.18,--,64,39552,买盘
867,09:34:00,6.18,--,57,35590,卖盘
868,09:33:54,6.18,--,5,3090,卖盘
869,09:33:51,6.18,--,40,24905,卖盘
870,09:33:48,6.18,0.02,19,11809,买盘
871,09:33:45,6.16,-0.01,28,17248,卖盘
872,09:33:36,6.17,-0.01,16,10421,卖盘
873,09:33:33,6.18,--,5,3090,买盘
874,09:33:27,6.18,0.01,31,19158,买盘
875,09:33:21,6.17,--,23,14376,卖盘
876,09:33:18,6.17,--,153,94900,卖盘
877,09:33:15,6.17,--,27,16659,卖盘
878,09:33:12,6.17,--,21,12957,卖盘
879,09:32:57,6.17,0.02,20,12340,买盘
880,09:32:54,6.15,--,10,6150,卖盘
881,09:32:36,6.15,--,19,11685,卖盘
882,09:32:30,6.15,0.01,48,29520,买盘
883,09:32:27,6.14,--,199,122186,卖盘
884,09:32:24,6.14,--,74,45436,卖盘
885,09:32:15,6.14,-0.01,17,10438,中性盘
886,09:32:09,6.15,0.01,10,6150,买盘
887,09:32:00,6.14,-0.01,12,7368,中性盘
888,09:31:54,6.15,--,9,5535,买盘
889,09:31:45,6.15,0.01,10,6150,买盘
890,09:31:36,6.14,-0.01,39,23946,卖盘
891,09:31:27,6.15,0.01,1,615,中性盘
892,09:31:21,6.14,-0.01,41,25174,卖盘
893,09:31:18,6.15,-0.03,22,13530,卖盘
894,09:31:15,6.18,0.03,20,12360,买盘
895,09:31:06,6.15,--,2,1230,卖盘
896,09:31:03,6.15,-0.03,19,11685,卖盘
897,09:30:51,6.18,-0.02,144,88992,中性盘
898,09:30:18,6.2,--,50,31000,买盘
899,09:30:12,6.2,--,32,19840,买盘
900,09:30:09,6.2,0.04,46,28520,买盘
901,09:30:06,6.16,-0.05,94,57904,卖盘
902,09:30:03,6.21,--,228,141588,卖盘
903,09:30:00,6.21,--,0,0,卖盘
904,09:25:03,6.21,6.21,215,133515,买盘
