,time,price,change,volume,amount,type
0,15:00:03,15.3,0.01,1178,1802340,买盘
1,14:57:00,15.29,--,12,18348,买盘
2,14:56:57,15.29,0.01,15,22935,买盘
3,14:56:54,15.28,--,5,7640,卖盘
4,14:56:51,15.28,-0.01,18,27504,卖盘
5,14:56:48,15.29,--,140,214060,买盘
6,14:56:45,15.29,--,110,168190,买盘
7,14:56:42,15.29,0.01,20,30580,买盘
8,14:56:39,15.28,-0.01,57,87096,卖盘
9,14:56:36,15.29,--,121,185009,买盘
10,14:56:33,15.29,--,12,18348,买盘
11,14:56:27,15.29,--,23,35167,买盘
12,14:56:24,15.29,--,417,638357,卖盘
13,14:56:21,15.29,-0.01,64,97856,卖盘
14,14:56:18,15.3,0.01,65,99450,买盘
15,14:56:15,15.29,--,6,9174,卖盘
16,14:56:12,15.29,--,14,21406,卖盘
17,14:56:09,15.29,--,44,67276,卖盘
18,14:56:06,15.29,--,18,27522,卖盘
19,14:56:03,15.29,--,163,249991,买盘
20,14:56:00,15.29,--,3,4587,买盘
21,14:55:57,15.29,--,10,15290,买盘
22,14:55:54,15.29,--,191,292039,买盘
23,14:55:51,15.29,0.01,4,6116,买盘
24,14:55:48,15.28,--,38,58064,卖盘
25,14:55:45,15.28,-0.01,4,6112,卖盘
26,14:55:42,15.29,--,12,18348,买盘
27,14:55:39,15.29,--,36,55044,买盘
28,14:55:36,15.29,--,16,24464,买盘
29,14:55:33,15.29,0.01,48,73392,买盘
30,14:55:27,15.28,-0.01,1,1528,卖盘
31,14:55:24,15.29,0.01,114,174306,买盘
32,14:55:21,15.28,-0.01,22,33616,卖盘
33,14:55:18,15.29,0.01,13,19877,买盘
34,14:55:15,15.28,--,67,102376,卖盘
35,14:55:12,15.28,--,23,35144,卖盘
36,14:55:09,15.28,-0.01,1,1528,卖盘
37,14:55:06,15.29,--,18,27522,买盘
38,14:55:03,15.29,--,27,41283,买盘
39,14:55:00,15.29,0.01,10,15290,买盘
40,14:54:57,15.28,--,19,29032,卖盘
41,14:54:54,15.28,-0.01,1,1528,卖盘
42,14:54:51,15.29,0.01,21,32109,买盘
43,14:54:48,15.28,-0.01,10,15280,卖盘
44,14:54:45,15.29,0.01,21,32109,买盘
45,14:54:42,15.28,-0.01,5,7640,卖盘
46,14:54:39,15.29,--,32,48928,买盘
47,14:54:36,15.29,--,2,3058,买盘
48,14:54:33,15.29,0.01,28,42812,买盘
49,14:54:30,15.28,-0.01,38,58064,卖盘
50,14:54:27,15.29,0.01,11,16819,买盘
51,14:54:24,15.28,-0.01,31,47368,卖盘
52,14:54:18,15.29,0.01,102,155958,买盘
53,14:54:12,15.28,--,14,21392,卖盘
54,14:54:09,15.28,--,212,323936,卖盘
55,14:54:06,15.28,--,36,55008,卖盘
56,14:54:03,15.28,0.01,222,339216,买盘
57,14:54:00,15.27,0.01,3,4581,买盘
58,14:53:57,15.26,-0.01,18,27468,卖盘
59,14:53:54,15.27,--,1,1527,买盘
60,14:53:51,15.27,--,30,45810,买盘
61,14:53:48,15.27,--,5,7635,买盘
62,14:53:45,15.27,--,1,1527,买盘
63,14:53:39,15.27,-0.02,60,91620,卖盘
64,14:53:36,15.29,0.02,13,19877,买盘
65,14:53:30,15.27,--,50,76350,卖盘
66,14:53:27,15.27,-0.01,1,1527,卖盘
67,14:53:24,15.28,0.01,26,39728,中性盘
68,14:53:18,15.27,-0.01,47,71769,卖盘
69,14:53:15,15.28,--,8,12224,买盘
70,14:53:09,15.28,-0.01,48,73344,卖盘
71,14:53:06,15.29,0.01,5,7645,买盘
72,14:53:03,15.28,--,1,1528,卖盘
73,14:53:00,15.28,--,4,6112,卖盘
74,14:52:57,15.28,0.01,8,12224,买盘
75,14:52:54,15.27,-0.01,5,7635,卖盘
76,14:52:51,15.28,-0.01,2,3056,中性盘
77,14:52:48,15.29,0.01,31,47399,买盘
78,14:52:45,15.28,0.01,4,6112,买盘
79,14:52:39,15.27,-0.01,2,3054,卖盘
80,14:52:36,15.28,-0.01,15,22920,中性盘
81,14:52:27,15.29,0.01,31,47399,买盘
82,14:52:21,15.28,-0.01,15,24218,卖盘
83,14:52:15,15.29,--,47,71863,买盘
84,14:52:06,15.29,0.01,3,4587,买盘
85,14:52:03,15.28,-0.01,35,53709,卖盘
86,14:52:00,15.29,--,26,39754,卖盘
87,14:51:57,15.29,--,5,7645,卖盘
88,14:51:54,15.29,--,10,15290,卖盘
89,14:51:51,15.29,--,57,87153,买盘
90,14:51:48,15.29,--,10,15290,买盘
91,14:51:42,15.29,--,5,7645,卖盘
92,14:51:36,15.29,0.04,15,22935,买盘
93,14:51:33,15.25,--,49,74725,卖盘
94,14:51:30,15.25,-0.03,304,463600,卖盘
95,14:51:27,15.28,-0.02,61,93208,中性盘
96,14:51:18,15.3,0.02,57,87210,买盘
97,14:51:12,15.28,--,5,7640,买盘
98,14:51:09,15.28,--,21,32088,买盘
99,14:51:06,15.28,--,42,64176,卖盘
100,14:51:00,15.28,-0.02,107,163496,卖盘
101,14:50:54,15.3,0.01,6,9180,买盘
102,14:50:51,15.29,--,3,4587,卖盘
103,14:50:48,15.29,-0.01,2,3058,卖盘
104,14:50:45,15.3,0.01,36,55080,买盘
105,14:50:42,15.29,--,37,56573,买盘
106,14:50:39,15.29,0.01,1,1529,中性盘
107,14:50:33,15.28,-0.02,61,93208,卖盘
108,14:50:30,15.3,--,97,148410,买盘
109,14:50:27,15.3,--,2,3060,买盘
110,14:50:24,15.3,--,38,58140,买盘
111,14:50:21,15.3,--,23,35190,买盘
112,14:50:15,15.3,--,5,7650,买盘
113,14:50:12,15.3,--,69,105570,买盘
114,14:50:09,15.3,--,25,38250,买盘
115,14:50:03,15.3,0.01,285,436050,买盘
116,14:50:00,15.29,--,30,45870,卖盘
117,14:49:57,15.29,-0.01,26,39754,卖盘
118,14:49:51,15.3,--,20,30600,买盘
119,14:49:48,15.3,0.01,446,682380,买盘
120,14:49:45,15.29,--,1,1529,卖盘
121,14:49:42,15.29,--,1,1529,卖盘
122,14:49:39,15.29,-0.01,6,9174,卖盘
123,14:49:36,15.3,0.01,30,45900,买盘
124,14:49:33,15.29,--,39,59631,卖盘
125,14:49:30,15.29,--,8,12232,卖盘
126,14:49:24,15.29,--,10,15290,卖盘
127,14:49:21,15.29,-0.01,3,4587,卖盘
128,14:49:18,15.3,0.01,98,149940,买盘
129,14:49:15,15.29,--,3,4587,卖盘
130,14:49:09,15.29,--,28,42812,卖盘
131,14:49:06,15.29,--,3,4587,卖盘
132,14:48:57,15.29,-0.01,33,50457,卖盘
133,14:48:51,15.3,0.01,6,9180,买盘
134,14:48:48,15.29,--,37,56573,卖盘
135,14:48:45,15.29,--,5,7645,卖盘
136,14:48:33,15.29,--,64,97856,卖盘
137,14:48:30,15.29,-0.01,1,1529,卖盘
138,14:48:27,15.3,0.01,2,3060,买盘
139,14:48:15,15.29,--,33,50457,买盘
140,14:48:12,15.29,--,20,30580,买盘
141,14:48:09,15.29,0.01,86,131494,买盘
142,14:48:06,15.28,-0.01,29,44312,卖盘
143,14:47:57,15.29,--,6,9174,买盘
144,14:47:54,15.29,0.01,8,12232,买盘
145,14:47:51,15.28,--,11,16808,卖盘
146,14:47:45,15.28,--,10,15280,卖盘
147,14:47:42,15.28,--,24,36672,卖盘
148,14:47:39,15.28,--,1,1528,卖盘
149,14:47:36,15.28,-0.01,59,90152,卖盘
150,14:47:33,15.29,--,45,68805,买盘
151,14:47:30,15.29,--,30,45870,买盘
152,14:47:27,15.29,--,2,3058,买盘
153,14:47:24,15.29,0.01,15,22935,买盘
154,14:47:21,15.28,--,40,61120,卖盘
155,14:47:12,15.28,-0.01,11,16808,卖盘
156,14:47:06,15.29,--,15,22935,买盘
157,14:47:00,15.29,0.01,16,24464,买盘
158,14:46:57,15.28,--,1,1528,卖盘
159,14:46:54,15.28,-0.01,25,38200,卖盘
160,14:46:42,15.29,--,48,73392,卖盘
161,14:46:36,15.29,-0.01,10,15290,卖盘
162,14:46:33,15.3,0.01,154,235620,买盘
163,14:46:30,15.29,-0.01,16,24464,买盘
164,14:46:24,15.3,--,87,133110,买盘
165,14:46:21,15.3,0.01,63,96390,买盘
166,14:46:18,15.29,-0.01,39,59631,中性盘
167,14:46:09,15.3,0.01,62,94860,买盘
168,14:46:06,15.29,--,10,15290,买盘
169,14:46:03,15.29,0.01,79,120791,买盘
170,14:46:00,15.28,-0.01,50,76400,卖盘
171,14:45:54,15.29,0.01,18,27522,买盘
172,14:45:48,15.28,-0.01,30,45840,卖盘
173,14:45:45,15.29,0.01,8,12232,买盘
174,14:45:39,15.28,--,24,36672,卖盘
175,14:45:36,15.28,--,7,11887,买盘
176,14:45:33,15.28,--,82,125632,卖盘
177,14:45:30,15.28,-0.01,74,113072,卖盘
178,14:45:24,15.29,0.01,20,30580,买盘
179,14:45:21,15.28,-0.01,11,16808,卖盘
180,14:45:15,15.29,--,10,15290,买盘
181,14:45:12,15.29,--,6,9174,买盘
182,14:45:09,15.29,--,1,1529,买盘
183,14:45:06,15.29,--,15,22935,买盘
184,14:44:57,15.29,0.01,68,103972,买盘
185,14:44:48,15.28,--,27,41256,卖盘
186,14:44:42,15.28,--,51,77928,卖盘
187,14:44:39,15.28,--,15,22920,卖盘
188,14:44:36,15.28,--,6,9168,卖盘
189,14:44:33,15.28,--,44,67232,卖盘
190,14:44:30,15.28,--,1,1528,卖盘
191,14:44:21,15.28,--,9,13752,卖盘
192,14:44:18,15.28,--,7,10696,卖盘
193,14:44:12,15.28,-0.01,66,100848,卖盘
194,14:44:06,15.29,--,10,15290,买盘
195,14:43:51,15.29,--,40,61160,买盘
196,14:43:48,15.29,--,10,15290,买盘
197,14:43:45,15.29,0.01,4,6116,买盘
198,14:43:42,15.28,--,88,135655,卖盘
199,14:43:39,15.28,-0.01,36,55008,卖盘
200,14:43:33,15.29,-0.01,39,59631,卖盘
201,14:43:24,15.3,0.01,3,4590,买盘
202,14:43:18,15.29,-0.01,1,1529,卖盘
203,14:43:15,15.3,--,71,108951,卖盘
204,14:43:12,15.3,--,22,33660,卖盘
205,14:43:09,15.3,--,48,73440,卖盘
206,14:43:06,15.3,--,50,76500,卖盘
207,14:43:03,15.3,--,20,30600,卖盘
208,14:43:00,15.3,--,80,122400,卖盘
209,14:42:57,15.3,--,12,18360,卖盘
210,14:42:54,15.3,--,5,7650,卖盘
211,14:42:51,15.3,-0.01,18,27540,卖盘
212,14:42:48,15.31,0.01,147,225057,买盘
213,14:42:39,15.3,--,23,35190,卖盘
214,14:42:36,15.3,--,50,77708,卖盘
215,14:42:33,15.3,--,139,212670,卖盘
216,14:42:30,15.3,--,10,15300,卖盘
217,14:42:21,15.3,-0.01,42,64260,卖盘
218,14:42:18,15.31,0.01,60,91860,买盘
219,14:42:15,15.3,--,42,64260,卖盘
220,14:41:57,15.3,--,6,9180,卖盘
221,14:41:54,15.3,--,9,13770,卖盘
222,14:41:51,15.3,-0.01,428,654840,卖盘
223,14:41:48,15.31,--,70,107170,买盘
224,14:41:45,15.31,0.01,23,35213,买盘
225,14:41:39,15.3,--,2,3060,卖盘
226,14:41:36,15.3,--,21,32130,卖盘
227,14:41:33,15.3,-0.01,40,61200,卖盘
228,14:41:30,15.31,-0.01,62,94922,卖盘
229,14:41:21,15.32,0.01,14,21448,买盘
230,14:41:18,15.31,--,32,48992,卖盘
231,14:41:15,15.31,--,20,30620,卖盘
232,14:41:12,15.31,--,3,4593,卖盘
233,14:41:09,15.31,--,2,3062,卖盘
234,14:41:06,15.31,--,22,33682,卖盘
235,14:41:03,15.31,--,22,33682,卖盘
236,14:40:57,15.31,--,3,4593,买盘
237,14:40:54,15.31,--,3,4593,卖盘
238,14:40:51,15.31,--,8,12248,卖盘
239,14:40:48,15.31,0.01,31,47461,买盘
240,14:40:45,15.3,--,51,78030,卖盘
241,14:40:39,15.3,--,59,90270,卖盘
242,14:40:36,15.3,--,22,33660,卖盘
243,14:40:33,15.3,--,39,59670,卖盘
244,14:40:27,15.3,-0.01,533,815490,卖盘
245,14:40:24,15.31,--,31,47461,卖盘
246,14:40:21,15.31,--,109,166879,卖盘
247,14:40:15,15.31,--,1,1531,卖盘
248,14:40:09,15.31,--,20,30620,卖盘
249,14:40:03,15.31,--,2,3062,卖盘
250,14:39:54,15.31,-0.01,50,76550,卖盘
251,14:39:51,15.32,--,50,76600,买盘
252,14:39:45,15.32,--,31,47492,买盘
253,14:39:42,15.32,--,81,124092,卖盘
254,14:39:36,15.32,--,2,3064,卖盘
255,14:39:33,15.32,-0.01,39,59748,卖盘
256,14:39:30,15.33,0.01,21,32193,买盘
257,14:39:18,15.32,0.01,26,39832,买盘
258,14:39:15,15.31,--,1,1531,卖盘
259,14:39:12,15.31,-0.01,1,1531,卖盘
260,14:39:09,15.32,--,2,3064,买盘
261,14:39:06,15.32,0.01,100,153200,买盘
262,14:39:03,15.31,--,69,105639,卖盘
263,14:39:00,15.31,-0.01,77,117887,卖盘
264,14:38:57,15.32,--,10,15320,中性盘
265,14:38:51,15.32,--,34,52088,买盘
266,14:38:48,15.32,0.01,6,9192,买盘
267,14:38:45,15.31,--,125,191375,卖盘
268,14:38:33,15.31,-0.01,102,156162,卖盘
269,14:38:21,15.32,0.01,64,98048,买盘
270,14:38:15,15.31,--,2,3062,卖盘
271,14:38:12,15.31,--,16,24496,卖盘
272,14:38:09,15.31,--,51,78081,卖盘
273,14:38:06,15.31,--,5,7655,卖盘
274,14:38:03,15.31,--,5,7655,卖盘
275,14:38:00,15.31,--,40,61240,卖盘
276,14:37:51,15.31,--,10,15310,卖盘
277,14:37:48,15.31,--,33,50523,卖盘
278,14:37:39,15.31,--,1,1531,卖盘
279,14:37:33,15.31,-0.01,39,59709,卖盘
280,14:37:27,15.32,-0.01,7,10724,卖盘
281,14:37:15,15.33,--,28,42924,买盘
282,14:37:09,15.33,--,54,82782,卖盘
283,14:37:00,15.33,-0.01,42,64386,卖盘
284,14:36:57,15.34,0.01,10,15340,买盘
285,14:36:54,15.33,--,161,246813,卖盘
286,14:36:51,15.33,--,2,3066,卖盘
287,14:36:48,15.33,--,67,102711,卖盘
288,14:36:45,15.33,--,6,9198,卖盘
289,14:36:42,15.33,-0.01,31,47523,卖盘
290,14:36:33,15.34,0.01,50,76700,买盘
291,14:36:30,15.33,-0.01,3,4599,卖盘
292,14:36:27,15.34,-0.01,8,12609,卖盘
293,14:36:24,15.35,0.01,25,38375,买盘
294,14:36:21,15.34,--,20,30680,卖盘
295,14:36:18,15.34,--,38,58292,卖盘
296,14:36:15,15.34,--,3,4602,卖盘
297,14:36:12,15.34,--,21,32214,卖盘
298,14:36:09,15.34,--,55,84370,卖盘
299,14:36:06,15.34,--,39,59826,卖盘
300,14:36:03,15.34,--,1,1534,卖盘
301,14:36:00,15.34,--,14,21476,卖盘
302,14:35:57,15.34,--,236,363220,买盘
303,14:35:54,15.34,0.01,7,10738,买盘
304,14:35:48,15.33,-0.01,2,3066,卖盘
305,14:35:45,15.34,-0.01,20,31017,卖盘
306,14:35:42,15.35,0.01,28,42980,买盘
307,14:35:36,15.34,-0.01,5,7670,卖盘
308,14:35:33,15.35,0.01,7,10745,买盘
309,14:35:30,15.34,-0.01,6,9204,卖盘
310,14:35:27,15.35,--,9,13815,买盘
311,14:35:24,15.35,0.01,6,9210,买盘
312,14:35:18,15.34,-0.01,167,257374,卖盘
313,14:35:15,15.35,--,8,12280,买盘
314,14:35:12,15.35,--,30,46050,买盘
315,14:35:09,15.35,--,69,105915,买盘
316,14:35:06,15.35,--,11,16885,买盘
317,14:35:03,15.35,--,83,127405,买盘
318,14:35:00,15.35,--,12,18420,买盘
319,14:34:54,15.35,0.01,7,10745,买盘
320,14:34:51,15.34,-0.01,7,10738,卖盘
321,14:34:48,15.35,0.01,46,70610,买盘
322,14:34:45,15.34,-0.01,11,16874,卖盘
323,14:34:42,15.35,0.01,61,93635,买盘
324,14:34:39,15.34,-0.01,52,79768,卖盘
325,14:34:36,15.35,0.01,13,19955,买盘
326,14:34:30,15.34,--,7,10738,卖盘
327,14:34:27,15.34,-0.01,13,19942,卖盘
328,14:34:24,15.35,--,57,87495,买盘
329,14:34:21,15.35,0.01,21,32235,买盘
330,14:34:18,15.34,--,62,95108,卖盘
331,14:34:15,15.34,--,13,19942,卖盘
332,14:34:12,15.34,--,6,9204,卖盘
333,14:34:06,15.34,--,16,24544,卖盘
334,14:33:57,15.34,--,19,29146,卖盘
335,14:33:54,15.34,0.01,88,134992,买盘
336,14:33:51,15.33,--,1,1533,卖盘
337,14:33:48,15.33,-0.01,96,147168,卖盘
338,14:33:45,15.34,0.01,4,6136,买盘
339,14:33:42,15.33,--,11,16863,卖盘
340,14:33:39,15.33,--,22,33726,卖盘
341,14:33:36,15.33,-0.01,5,7665,卖盘
342,14:33:27,15.34,-0.01,46,70564,卖盘
343,14:33:21,15.35,--,26,39910,买盘
344,14:33:15,15.35,0.02,37,56795,卖盘
345,14:33:12,15.33,-0.02,282,432643,卖盘
346,14:33:09,15.35,--,102,156570,买盘
347,14:33:06,15.35,--,27,41445,买盘
348,14:33:00,15.35,--,81,124335,买盘
349,14:32:57,15.35,--,36,55260,买盘
350,14:32:54,15.35,0.01,80,122800,买盘
351,14:32:51,15.34,--,201,308334,卖盘
352,14:32:48,15.34,--,100,153400,卖盘
353,14:32:45,15.34,-0.01,582,892788,卖盘
354,14:32:39,15.35,--,5,7675,买盘
355,14:32:36,15.35,0.01,65,99775,买盘
356,14:32:30,15.34,--,42,64811,卖盘
357,14:32:27,15.34,--,21,32214,卖盘
358,14:32:24,15.34,--,16,24544,卖盘
359,14:32:21,15.34,-0.01,74,113516,中性盘
360,14:32:18,15.35,0.02,197,302395,买盘
361,14:32:15,15.33,-0.01,3,4599,卖盘
362,14:32:12,15.34,--,98,150332,买盘
363,14:32:09,15.34,0.01,21,32214,买盘
364,14:32:03,15.33,-0.01,20,30660,卖盘
365,14:31:57,15.34,0.01,132,202488,买盘
366,14:31:51,15.33,--,1,1533,卖盘
367,14:31:45,15.33,--,3,5411,买盘
368,14:31:42,15.33,0.02,105,160965,买盘
369,14:31:39,15.31,--,200,306200,卖盘
370,14:31:30,15.31,-0.02,7,10717,卖盘
371,14:31:27,15.33,0.01,377,577941,买盘
372,14:31:24,15.32,--,8,12256,买盘
373,14:31:21,15.32,0.01,6,9192,买盘
374,14:31:18,15.31,0.01,64,97984,买盘
375,14:31:15,15.3,-0.01,21,32130,卖盘
376,14:31:12,15.31,0.01,66,101046,买盘
377,14:31:06,15.3,--,446,683573,买盘
378,14:31:00,15.3,--,20,30600,买盘
379,14:30:57,15.3,0.01,9,13770,买盘
380,14:30:48,15.29,0.01,16,24464,买盘
381,14:30:45,15.28,-0.01,41,62648,卖盘
382,14:30:42,15.29,--,10,15290,买盘
383,14:30:36,15.29,0.01,5,7645,买盘
384,14:30:33,15.28,--,13,19864,买盘
385,14:30:27,15.28,-0.02,17,25976,中性盘
386,14:30:18,15.3,0.03,65,99495,买盘
387,14:30:15,15.27,-0.02,110,167970,卖盘
388,14:30:12,15.29,-0.01,118,180422,中性盘
389,14:30:09,15.3,--,237,362610,买盘
390,14:30:06,15.3,0.02,21,32130,买盘
391,14:30:00,15.28,-0.02,30,45840,中性盘
392,14:29:57,15.3,0.01,521,797130,买盘
393,14:29:54,15.29,0.02,26,39754,买盘
394,14:29:51,15.27,-0.01,144,219888,卖盘
395,14:29:48,15.28,0.02,40,61120,买盘
396,14:29:45,15.26,-0.01,33,50358,卖盘
397,14:29:42,15.27,-0.01,80,122160,卖盘
398,14:29:39,15.28,0.01,195,297960,买盘
399,14:29:36,15.27,--,30,45810,买盘
400,14:29:33,15.27,0.01,47,71769,买盘
401,14:29:30,15.26,--,62,94612,卖盘
402,14:29:27,15.26,--,95,144970,买盘
403,14:29:24,15.26,--,103,157178,买盘
404,14:29:21,15.26,--,139,212114,买盘
405,14:29:18,15.26,0.01,52,79352,买盘
406,14:29:15,15.25,--,22,33550,卖盘
407,14:29:03,15.25,--,38,57950,卖盘
408,14:28:57,15.25,-0.01,10,15250,卖盘
409,14:28:51,15.26,0.01,6,9156,买盘
410,14:28:48,15.25,--,2,3050,卖盘
411,14:28:39,15.25,--,1,1525,卖盘
412,14:28:30,15.25,-0.01,5,7625,卖盘
413,14:28:27,15.26,--,17,25942,买盘
414,14:28:24,15.26,0.01,1,1526,买盘
415,14:28:21,15.25,--,10,15250,卖盘
416,14:28:18,15.25,--,63,96075,卖盘
417,14:28:12,15.25,--,2,3050,卖盘
418,14:28:09,15.25,--,5,7625,卖盘
419,14:28:00,15.25,--,6,9150,卖盘
420,14:27:57,15.25,0.01,62,94550,买盘
421,14:27:51,15.24,--,10,15240,卖盘
422,14:27:36,15.24,--,1,1524,卖盘
423,14:27:24,15.24,-0.02,44,67056,卖盘
424,14:27:21,15.26,0.02,2,3052,买盘
425,14:27:15,15.24,-0.01,30,45720,卖盘
426,14:27:03,15.25,--,5,7625,中性盘
427,14:26:57,15.25,--,37,56425,买盘
428,14:26:54,15.25,--,72,110028,买盘
429,14:26:51,15.25,--,9,13725,买盘
430,14:26:45,15.25,0.01,3,4575,买盘
431,14:26:39,15.24,--,20,30480,卖盘
432,14:26:33,15.24,--,1,1524,卖盘
433,14:26:30,15.24,-0.01,2,3048,卖盘
434,14:26:27,15.25,0.01,18,27450,买盘
435,14:26:18,15.24,--,29,44196,买盘
436,14:26:09,15.24,0.01,21,32004,买盘
437,14:26:06,15.23,--,1,1523,卖盘
438,14:26:03,15.23,--,5,7615,卖盘
439,14:25:48,15.23,0.01,2,3046,中性盘
440,14:25:33,15.22,--,21,31962,卖盘
441,14:25:30,15.22,-0.01,16,24352,卖盘
442,14:25:15,15.23,0.01,6,9138,买盘
443,14:25:12,15.22,--,12,18264,卖盘
444,14:25:06,15.22,--,48,73056,卖盘
445,14:25:03,15.22,--,34,51748,卖盘
446,14:24:51,15.22,--,11,16742,卖盘
447,14:24:45,15.22,-0.01,70,106540,卖盘
448,14:24:36,15.23,--,12,18276,买盘
449,14:24:24,15.23,-0.02,411,627247,卖盘
450,14:24:12,15.25,0.01,33,50325,买盘
451,14:23:57,15.24,-0.01,8,12192,卖盘
452,14:23:51,15.25,--,13,19825,卖盘
453,14:23:42,15.25,--,1,1525,卖盘
454,14:23:36,15.25,--,6,9150,买盘
455,14:23:33,15.25,0.01,7,10675,买盘
456,14:23:27,15.24,--,9,13716,卖盘
457,14:23:24,15.24,-0.01,1,1524,卖盘
458,14:23:09,15.25,--,3,4575,买盘
459,14:23:06,15.25,0.01,3,4575,中性盘
460,14:23:00,15.24,--,58,88392,卖盘
461,14:22:54,15.24,--,1,1524,卖盘
462,14:22:48,15.24,--,74,113004,买盘
463,14:22:42,15.24,--,36,56159,卖盘
464,14:22:36,15.24,-0.01,100,152400,卖盘
465,14:22:21,15.25,--,28,43843,卖盘
466,14:22:18,15.25,--,1,1525,卖盘
467,14:22:15,15.25,--,34,51850,卖盘
468,14:22:09,15.25,-0.01,97,147925,卖盘
469,14:22:06,15.26,0.01,6,9156,买盘
470,14:22:00,15.25,-0.01,63,96075,卖盘
471,14:21:57,15.26,--,4,6104,买盘
472,14:21:54,15.26,--,25,38150,卖盘
473,14:21:51,15.26,--,21,32046,卖盘
474,14:21:48,15.26,--,21,32046,卖盘
475,14:21:45,15.26,-0.01,34,51884,卖盘
476,14:21:42,15.27,0.01,44,67188,买盘
477,14:21:39,15.26,--,21,32046,卖盘
478,14:21:36,15.26,-0.02,21,32046,卖盘
479,14:21:33,15.28,--,1,1528,买盘
480,14:21:30,15.28,--,129,197112,卖盘
481,14:21:27,15.28,--,35,53480,卖盘
482,14:21:24,15.28,--,150,229200,卖盘
483,14:21:18,15.28,--,15,22920,卖盘
484,14:21:15,15.28,--,26,39728,卖盘
485,14:21:12,15.28,--,24,36672,卖盘
486,14:21:09,15.28,--,21,32088,卖盘
487,14:21:03,15.28,-0.01,21,32088,卖盘
488,14:20:57,15.29,0.01,2,3058,买盘
489,14:20:42,15.28,--,31,47368,卖盘
490,14:20:36,15.28,-0.01,4,6112,卖盘
491,14:20:33,15.29,0.01,10,15290,买盘
492,14:20:21,15.28,0.02,72,110016,买盘
493,14:20:12,15.26,-0.01,9,13734,卖盘
494,14:19:45,15.27,--,5,7635,买盘
495,14:19:42,15.27,-0.01,89,135903,卖盘
496,14:19:30,15.28,--,8,12224,买盘
497,14:19:27,15.28,-0.01,8,12224,中性盘
498,14:19:21,15.29,0.02,71,108559,买盘
499,14:19:18,15.27,--,43,65661,卖盘
500,14:19:15,15.27,-0.01,1,1527,中性盘
501,14:19:09,15.28,0.01,160,244480,买盘
502,14:19:06,15.27,--,30,45810,卖盘
503,14:19:03,15.27,--,2,3054,卖盘
504,14:18:54,15.27,--,4,6108,卖盘
505,14:18:51,15.27,0.01,1,1527,中性盘
506,14:18:36,15.26,-0.01,3,4578,卖盘
507,14:18:33,15.27,0.01,11,16797,买盘
508,14:18:30,15.26,0.01,52,79352,买盘
509,14:18:27,15.25,-0.01,2,3050,卖盘
510,14:18:24,15.26,-0.01,49,74774,卖盘
511,14:18:21,15.27,0.01,10,15270,买盘
512,14:18:18,15.26,--,160,244160,卖盘
513,14:18:06,15.26,-0.01,72,109872,中性盘
514,14:18:00,15.27,0.01,124,189348,买盘
515,14:17:57,15.26,--,27,41202,卖盘
516,14:17:48,15.26,-0.01,20,30520,中性盘
517,14:17:36,15.27,0.01,71,108417,买盘
518,14:17:18,15.26,0.01,9,13734,买盘
519,14:17:15,15.25,-0.01,18,27450,卖盘
520,14:17:09,15.26,0.01,10,15260,买盘
521,14:17:03,15.25,--,16,24400,卖盘
522,14:17:00,15.25,--,100,152500,卖盘
523,14:16:51,15.25,--,10,15250,卖盘
524,14:16:48,15.25,-0.01,15,22875,卖盘
525,14:16:45,15.26,0.01,1,1526,买盘
526,14:16:42,15.25,--,5,8006,卖盘
527,14:16:39,15.25,-0.01,10,15250,卖盘
528,14:16:30,15.26,--,14,21364,买盘
529,14:16:27,15.26,--,26,39676,买盘
530,14:16:24,15.26,-0.01,148,225848,卖盘
531,14:16:09,15.27,--,10,15270,买盘
532,14:16:06,15.27,--,5,7635,买盘
533,14:16:00,15.27,-0.01,7,10689,中性盘
534,14:15:54,15.28,0.02,10,15280,买盘
535,14:15:42,15.26,-0.02,28,43872,卖盘
536,14:15:36,15.28,0.02,100,152800,买盘
537,14:15:33,15.26,--,33,50358,卖盘
538,14:15:27,15.26,-0.01,65,99190,卖盘
539,14:15:24,15.27,--,10,15270,买盘
540,14:15:21,15.27,0.01,1,1527,买盘
541,14:15:18,15.26,--,55,83930,卖盘
542,14:15:06,15.26,--,30,45780,卖盘
543,14:15:00,15.26,0.01,17,26323,买盘
544,14:14:57,15.25,-0.01,1,1525,中性盘
545,14:14:51,15.26,0.02,72,109872,买盘
546,14:14:39,15.24,--,75,114300,卖盘
547,14:14:36,15.24,--,42,64236,买盘
548,14:14:33,15.24,0.01,8,12192,买盘
549,14:14:30,15.23,-0.01,25,38075,卖盘
550,14:14:27,15.24,--,50,76200,买盘
551,14:14:21,15.24,0.01,71,108204,买盘
552,14:14:18,15.23,--,8,12184,卖盘
553,14:14:12,15.23,-0.01,23,35029,中性盘
554,14:14:06,15.24,--,21,32004,买盘
555,14:14:03,15.24,--,21,32004,买盘
556,14:14:00,15.24,0.02,29,44196,买盘
557,14:13:57,15.22,-0.01,283,430726,卖盘
558,14:13:54,15.23,--,26,39598,买盘
559,14:13:51,15.23,--,76,115748,买盘
560,14:13:48,15.23,0.01,15,22845,买盘
561,14:13:45,15.22,-0.01,4,6088,卖盘
562,14:13:42,15.23,--,477,726471,买盘
563,14:13:39,15.23,--,63,95949,买盘
564,14:13:36,15.23,0.01,117,178191,买盘
565,14:13:33,15.22,0.01,107,162854,买盘
566,14:13:30,15.21,-0.01,160,243360,卖盘
567,14:13:27,15.22,0.01,21,31962,买盘
568,14:13:21,15.21,--,11,16731,卖盘
569,14:13:18,15.21,--,13,19773,买盘
570,14:13:15,15.21,--,8,12168,买盘
571,14:13:12,15.21,--,30,45630,买盘
572,14:13:09,15.21,-0.01,385,585585,卖盘
573,14:13:00,15.22,0.01,31,47182,买盘
574,14:12:57,15.21,--,6,9126,卖盘
575,14:12:54,15.21,--,69,104949,卖盘
576,14:12:51,15.21,-0.01,1,1521,卖盘
577,14:12:48,15.22,--,56,85232,买盘
578,14:12:45,15.22,--,16,24352,买盘
579,14:12:39,15.22,--,5,7610,买盘
580,14:12:36,15.22,0.01,38,57836,买盘
581,14:12:33,15.21,--,12,18252,卖盘
582,14:12:30,15.21,-0.01,10,15210,卖盘
583,14:12:24,15.22,0.01,39,59358,买盘
584,14:12:21,15.21,--,105,159705,卖盘
585,14:12:18,15.21,-0.01,125,190125,卖盘
586,14:12:15,15.22,0.01,10,15220,买盘
587,14:12:12,15.21,--,21,31941,卖盘
588,14:12:09,15.21,--,30,45630,卖盘
589,14:12:06,15.21,--,3,4563,卖盘
590,14:12:03,15.21,--,38,57798,卖盘
591,14:12:00,15.21,--,5,7605,卖盘
592,14:11:57,15.21,--,40,60840,卖盘
593,14:11:54,15.21,--,6,9126,卖盘
594,14:11:51,15.21,--,12,18252,卖盘
595,14:11:48,15.21,--,1,1521,卖盘
596,14:11:45,15.21,-0.01,1,1521,卖盘
597,14:11:42,15.22,0.01,25,38050,买盘
598,14:11:36,15.21,-0.01,177,269217,卖盘
599,14:11:33,15.22,--,9,13698,买盘
600,14:11:30,15.22,--,7,10654,买盘
601,14:11:27,15.22,0.01,2,3044,买盘
602,14:11:24,15.21,-0.01,193,293553,卖盘
603,14:11:21,15.22,-0.01,24,36528,卖盘
604,14:11:18,15.23,--,5,7615,买盘
605,14:11:12,15.23,--,54,82242,买盘
606,14:11:06,15.23,--,20,30460,买盘
607,14:10:57,15.23,-0.01,265,403595,卖盘
608,14:10:48,15.24,--,15,22860,买盘
609,14:10:45,15.24,0.01,20,30480,买盘
610,14:10:42,15.23,--,2,3046,卖盘
611,14:10:39,15.23,-0.01,17,25891,卖盘
612,14:10:36,15.24,--,2,3048,买盘
613,14:10:33,15.24,--,133,203987,卖盘
614,14:10:30,15.24,--,99,151104,卖盘
615,14:10:27,15.24,--,19,28956,卖盘
616,14:10:24,15.24,--,51,77724,卖盘
617,14:10:21,15.24,--,120,184175,买盘
618,14:10:18,15.24,--,75,114300,买盘
619,14:10:15,15.24,--,32,48768,买盘
620,14:10:09,15.24,--,5,7620,买盘
621,14:10:06,15.24,--,10,15240,买盘
622,14:09:54,15.24,--,52,79248,买盘
623,14:09:48,15.24,--,95,144780,买盘
624,14:09:45,15.24,0.01,10,15240,买盘
625,14:09:42,15.23,--,28,42644,卖盘
626,14:09:39,15.23,--,6,9138,卖盘
627,14:09:36,15.23,-0.02,33,50259,卖盘
628,14:09:33,15.25,0.01,31,47275,买盘
629,14:09:30,15.24,--,6,9144,买盘
630,14:09:27,15.24,--,1,1524,买盘
631,14:09:24,15.24,0.01,12,18288,买盘
632,14:09:21,15.23,-0.02,259,394457,卖盘
633,14:09:18,15.25,--,27,41175,买盘
634,14:09:15,15.25,0.01,34,51850,买盘
635,14:09:12,15.24,-0.01,56,85572,卖盘
636,14:09:09,15.25,0.01,1,1525,买盘
637,14:09:00,15.24,-0.01,41,62484,卖盘
638,14:08:51,15.25,--,137,208925,卖盘
639,14:08:45,15.25,--,30,45750,卖盘
640,14:08:39,15.25,-0.01,14,22493,卖盘
641,14:08:36,15.26,--,51,78207,买盘
642,14:08:33,15.26,--,1,1526,买盘
643,14:08:30,15.26,-0.01,74,112924,卖盘
644,14:08:27,15.27,0.01,3,4581,买盘
645,14:08:24,15.26,--,11,16786,卖盘
646,14:08:21,15.26,-0.02,109,166334,卖盘
647,14:08:18,15.28,0.02,221,337688,买盘
648,14:08:15,15.26,--,1,1526,卖盘
649,14:08:12,15.26,--,15,22890,卖盘
650,14:08:09,15.26,-0.01,5,7630,卖盘
651,14:08:06,15.27,--,5,7635,买盘
652,14:07:54,15.27,--,47,71769,卖盘
653,14:07:48,15.27,--,11,16797,卖盘
654,14:07:42,15.27,--,44,67188,卖盘
655,14:07:39,15.27,--,30,45810,卖盘
656,14:07:36,15.27,--,1,1527,卖盘
657,14:07:33,15.27,--,1,1527,卖盘
658,14:07:27,15.27,--,10,15270,卖盘
659,14:07:24,15.27,--,5,7635,卖盘
660,14:07:21,15.27,--,22,33594,卖盘
661,14:07:18,15.27,--,16,24432,卖盘
662,14:07:15,15.27,--,5,7635,卖盘
663,14:07:06,15.27,--,64,97728,卖盘
664,14:07:03,15.27,--,68,103836,卖盘
665,14:07:00,15.27,--,46,70242,卖盘
666,14:06:42,15.27,-0.01,26,39702,卖盘
667,14:06:39,15.28,--,13,19864,买盘
668,14:06:30,15.28,0.01,62,94736,买盘
669,14:06:27,15.27,-0.01,92,140484,卖盘
670,14:06:24,15.28,--,10,15280,买盘
671,14:06:18,15.28,0.01,86,131408,买盘
672,14:06:15,15.27,--,52,79404,卖盘
673,14:06:12,15.27,--,3,4581,卖盘
674,14:06:09,15.27,-0.01,1,1527,卖盘
675,14:06:03,15.28,--,51,77928,买盘
676,14:06:00,15.28,0.01,10,15280,中性盘
677,14:05:57,15.27,-0.01,21,32067,卖盘
678,14:05:54,15.28,-0.01,2,3056,买盘
679,14:05:51,15.29,0.01,23,35167,买盘
680,14:05:48,15.28,-0.01,27,41256,卖盘
681,14:05:45,15.29,0.01,10,15290,买盘
682,14:05:42,15.28,--,54,82512,卖盘
683,14:05:39,15.28,-0.01,22,33616,卖盘
684,14:05:33,15.29,--,12,18348,买盘
685,14:05:30,15.29,--,57,87153,卖盘
686,14:05:27,15.29,-0.01,1,1529,卖盘
687,14:05:15,15.3,--,7,10710,卖盘
688,14:05:03,15.3,--,20,30600,卖盘
689,14:04:57,15.3,--,64,97920,卖盘
690,14:04:54,15.3,--,1,1530,卖盘
691,14:04:51,15.3,--,92,140760,卖盘
692,14:04:48,15.3,--,48,73440,卖盘
693,14:04:45,15.3,0.02,183,279990,买盘
694,14:04:39,15.28,-0.01,22,33616,卖盘
695,14:04:36,15.29,--,7,10703,卖盘
696,14:04:33,15.29,--,101,154429,卖盘
697,14:04:30,15.29,--,3,4587,卖盘
698,14:04:24,15.29,-0.01,31,47399,卖盘
699,14:04:21,15.3,0.01,6,9180,买盘
700,14:04:12,15.29,--,21,32109,卖盘
701,14:04:06,15.29,--,21,32109,卖盘
702,14:04:03,15.29,-0.01,42,64218,卖盘
703,14:04:00,15.3,--,1,1530,买盘
704,14:03:54,15.3,--,89,136170,卖盘
705,14:03:45,15.3,-0.01,174,266220,卖盘
706,14:03:39,15.31,0.01,4,6124,买盘
707,14:03:24,15.3,--,3,4590,卖盘
708,14:03:15,15.3,-0.01,43,65790,卖盘
709,14:03:03,15.31,-0.01,5,7655,买盘
710,14:03:00,15.32,0.01,70,108572,买盘
711,14:02:54,15.31,-0.01,1,1531,卖盘
712,14:02:48,15.32,--,17,26044,买盘
713,14:02:42,15.32,0.01,3,4596,买盘
714,14:02:39,15.31,-0.01,11,16841,卖盘
715,14:02:33,15.32,--,12,18384,买盘
716,14:02:30,15.32,--,3,4596,买盘
717,14:02:27,15.32,-0.01,249,382387,卖盘
718,14:02:18,15.33,0.01,5,7665,买盘
719,14:02:15,15.32,--,7,11336,卖盘
720,14:02:12,15.32,--,27,41364,卖盘
721,14:02:06,15.32,--,10,15320,卖盘
722,14:01:51,15.32,-0.01,10,15320,卖盘
723,14:01:48,15.33,0.01,10,15330,买盘
724,14:01:42,15.32,--,10,15320,卖盘
725,14:01:39,15.32,--,55,84260,卖盘
726,14:01:36,15.32,--,21,32172,卖盘
727,14:01:33,15.32,--,23,35236,买盘
728,14:01:30,15.32,--,37,56684,卖盘
729,14:01:27,15.32,--,4,6128,卖盘
730,14:01:21,15.32,-0.01,90,137880,卖盘
731,14:01:18,15.33,0.01,109,167097,买盘
732,14:01:15,15.32,--,7,10724,卖盘
733,14:01:12,15.32,--,3,4596,卖盘
734,14:01:09,15.32,--,2,3064,卖盘
735,14:01:00,15.32,-0.01,5,7660,卖盘
736,14:00:54,15.33,--,5,7665,买盘
737,14:00:42,15.33,--,6,9198,买盘
738,14:00:36,15.33,0.01,20,30660,买盘
739,14:00:15,15.32,--,14,21448,卖盘
740,14:00:09,15.32,--,1,1532,卖盘
741,14:00:06,15.32,--,15,22980,卖盘
742,14:00:03,15.32,--,2,3064,卖盘
743,14:00:00,15.32,--,91,139412,买盘
744,13:59:54,15.32,0.01,6,9192,买盘
745,13:59:51,15.31,--,59,90329,卖盘
746,13:59:48,15.31,--,13,20102,卖盘
747,13:59:45,15.31,--,20,30620,卖盘
748,13:59:39,15.31,--,5,7655,卖盘
749,13:59:36,15.31,--,5,7655,卖盘
750,13:59:30,15.31,--,2,3062,卖盘
751,13:59:12,15.31,--,1,1531,卖盘
752,13:59:06,15.31,0.01,8,12248,买盘
753,13:59:03,15.3,--,79,120870,卖盘
754,13:59:00,15.3,-0.01,3,4590,卖盘
755,13:58:57,15.31,0.01,1,1531,买盘
756,13:58:54,15.3,-0.01,94,143820,卖盘
757,13:58:51,15.31,--,25,38275,买盘
758,13:58:48,15.31,0.01,72,110232,买盘
759,13:58:33,15.3,-0.01,1,1530,卖盘
760,13:58:30,15.31,0.01,15,22965,买盘
761,13:58:27,15.3,--,2,3060,卖盘
762,13:58:24,15.3,--,21,32130,卖盘
763,13:58:21,15.3,-0.01,10,15300,卖盘
764,13:58:18,15.31,0.01,69,105639,买盘
765,13:58:06,15.3,0.01,293,448290,买盘
766,13:58:03,15.29,--,5,7645,卖盘
767,13:58:00,15.29,--,117,178893,买盘
768,13:57:57,15.29,--,60,91740,买盘
769,13:57:54,15.29,--,5,7645,买盘
770,13:57:39,15.29,-0.01,18,27522,卖盘
771,13:57:33,15.3,-0.01,4,6120,卖盘
772,13:57:27,15.31,--,20,30620,买盘
773,13:57:21,15.31,0.01,2,3062,买盘
774,13:57:18,15.3,--,50,76500,卖盘
775,13:57:15,15.3,--,14,21420,卖盘
776,13:57:09,15.3,--,50,76500,卖盘
777,13:57:03,15.3,--,10,15300,卖盘
778,13:56:57,15.3,0.01,163,249390,买盘
779,13:56:54,15.29,--,50,76450,卖盘
780,13:56:48,15.29,-0.01,10,15290,卖盘
781,13:56:45,15.3,0.01,10,15300,买盘
782,13:56:42,15.29,--,2,3058,卖盘
783,13:56:39,15.29,--,75,114675,卖盘
784,13:56:33,15.29,-0.01,10,15290,卖盘
785,13:56:21,15.3,--,45,68850,买盘
786,13:56:15,15.3,0.01,49,74970,买盘
787,13:56:12,15.29,0.01,37,56573,买盘
788,13:56:09,15.28,-0.01,5,7640,卖盘
789,13:56:06,15.29,--,21,32109,买盘
790,13:56:03,15.29,--,42,64218,买盘
791,13:56:00,15.29,0.01,5,7645,买盘
792,13:55:57,15.28,-0.01,42,64176,卖盘
793,13:55:54,15.29,0.01,26,39754,买盘
794,13:55:48,15.28,-0.01,8,12224,卖盘
795,13:55:45,15.29,0.01,21,32109,买盘
796,13:55:39,15.28,--,7,10696,卖盘
797,13:55:36,15.28,--,2,3056,卖盘
798,13:55:33,15.28,--,5,7640,卖盘
799,13:55:21,15.28,--,8,12224,卖盘
800,13:55:18,15.28,--,7,10696,卖盘
801,13:55:09,15.28,--,1,1528,卖盘
802,13:55:06,15.28,0.01,73,112338,买盘
803,13:54:54,15.27,-0.01,4,6108,卖盘
804,13:54:51,15.28,--,1,1528,买盘
805,13:54:48,15.28,--,4,6112,买盘
806,13:54:45,15.28,--,23,35877,卖盘
807,13:54:42,15.28,--,45,68760,卖盘
808,13:54:39,15.28,--,7,10696,卖盘
809,13:54:33,15.28,-0.01,18,27504,卖盘
810,13:54:30,15.29,0.01,1,1529,买盘
811,13:54:27,15.28,--,5,7640,卖盘
812,13:54:18,15.28,-0.01,100,152800,卖盘
813,13:54:15,15.29,0.01,10,15290,买盘
814,13:54:12,15.28,-0.01,29,44312,卖盘
815,13:53:54,15.29,--,58,88682,卖盘
816,13:53:51,15.29,-0.01,1,1529,卖盘
817,13:53:45,15.3,--,3,4590,买盘
818,13:53:36,15.3,--,1,1530,买盘
819,13:53:30,15.3,--,3,4590,卖盘
820,13:53:27,15.3,--,59,90270,卖盘
821,13:53:24,15.3,--,74,113220,卖盘
822,13:53:21,15.3,--,3,4590,卖盘
823,13:53:15,15.3,--,15,22950,卖盘
824,13:53:12,15.3,--,20,30600,卖盘
825,13:53:09,15.3,-0.01,21,32130,卖盘
826,13:53:06,15.31,0.01,2,3062,买盘
827,13:53:03,15.3,--,2,3060,卖盘
828,13:52:57,15.3,--,3,4590,卖盘
829,13:52:51,15.3,--,12,18360,卖盘
830,13:52:48,15.3,--,4,6120,卖盘
831,13:52:42,15.3,--,20,30600,卖盘
832,13:52:36,15.3,-0.01,21,32130,卖盘
833,13:52:33,15.31,--,1,1531,买盘
834,13:52:30,15.31,--,2,3062,买盘
835,13:52:27,15.31,0.01,14,21434,买盘
836,13:52:21,15.3,-0.01,1,1530,卖盘
837,13:52:18,15.31,--,11,16841,买盘
838,13:52:12,15.31,--,30,45930,买盘
839,13:52:09,15.31,--,10,15310,买盘
840,13:52:06,15.31,--,150,229650,卖盘
841,13:51:51,15.31,--,7,10717,卖盘
842,13:51:45,15.31,-0.01,8,12248,卖盘
843,13:51:42,15.32,0.01,20,30640,买盘
844,13:51:39,15.31,-0.01,1,1531,卖盘
845,13:51:36,15.32,--,31,47492,买盘
846,13:51:30,15.32,0.03,26,39832,买盘
847,13:51:27,15.29,-0.03,39,59631,卖盘
848,13:51:24,15.32,0.03,21,32172,买盘
849,13:51:21,15.29,--,3,4587,卖盘
850,13:51:18,15.29,0.01,66,100914,买盘
851,13:51:09,15.28,-0.01,19,29032,卖盘
852,13:51:03,15.29,--,92,140668,卖盘
853,13:51:00,15.29,0.01,10,15290,卖盘
854,13:50:57,15.28,-0.02,84,128352,卖盘
855,13:50:48,15.3,0.02,36,55875,买盘
856,13:50:39,15.28,-0.01,1,1528,卖盘
857,13:50:36,15.29,0.01,4,6116,买盘
858,13:50:30,15.28,-0.01,13,19864,卖盘
859,13:50:24,15.29,--,10,15290,买盘
860,13:50:21,15.29,0.01,1,1529,买盘
861,13:50:12,15.28,--,100,152800,卖盘
862,13:50:06,15.28,--,10,15280,卖盘
863,13:50:03,15.28,--,3,4584,卖盘
864,13:49:54,15.28,--,10,15280,卖盘
865,13:49:51,15.28,--,29,44312,卖盘
866,13:49:48,15.28,--,30,45840,卖盘
867,13:49:45,15.28,--,10,15280,卖盘
868,13:49:39,15.28,0.01,67,102376,买盘
869,13:49:36,15.27,-0.01,14,21378,卖盘
870,13:49:27,15.28,0.01,15,22920,买盘
871,13:49:24,15.27,-0.01,1,1527,卖盘
872,13:49:18,15.28,0.01,1,1528,买盘
873,13:49:15,15.27,-0.01,5,7635,卖盘
874,13:49:09,15.28,0.01,1,1528,中性盘
875,13:49:06,15.27,-0.02,201,306927,卖盘
876,13:49:03,15.29,0.01,64,97856,买盘
877,13:48:54,15.28,--,1,1528,买盘
878,13:48:45,15.28,--,124,189472,卖盘
879,13:48:39,15.28,-0.01,12,18336,卖盘
880,13:48:36,15.29,--,19,29051,卖盘
881,13:48:33,15.29,0.01,40,61160,买盘
882,13:48:30,15.28,--,4,6112,卖盘
883,13:48:12,15.28,-0.01,20,30560,卖盘
884,13:48:03,15.29,-0.01,21,32109,卖盘
885,13:47:54,15.3,--,133,204086,卖盘
886,13:47:51,15.3,--,11,16830,卖盘
887,13:47:42,15.3,--,100,153000,卖盘
888,13:47:36,15.3,--,60,91800,卖盘
889,13:47:30,15.3,-0.02,3,4590,卖盘
890,13:47:21,15.32,--,2,3064,买盘
891,13:47:18,15.32,0.02,41,62812,买盘
892,13:47:15,15.3,-0.02,5,7650,卖盘
893,13:47:12,15.32,--,50,76600,买盘
894,13:47:00,15.32,0.02,50,76600,买盘
895,13:46:54,15.3,-0.02,21,32130,卖盘
896,13:46:51,15.32,--,15,22980,卖盘
897,13:46:48,15.32,0.01,21,32172,卖盘
898,13:46:39,15.31,-0.01,101,154631,卖盘
899,13:46:36,15.32,0.01,29,44428,买盘
900,13:46:33,15.31,--,42,64302,卖盘
901,13:46:30,15.31,--,2,3062,卖盘
902,13:46:27,15.31,--,131,200561,卖盘
903,13:46:24,15.31,-0.01,31,47461,卖盘
904,13:46:18,15.32,--,10,15320,买盘
905,13:46:12,15.32,0.01,8,12256,买盘
906,13:46:09,15.31,-0.01,67,102577,卖盘
907,13:46:06,15.32,--,1,1532,买盘
908,13:45:54,15.32,-0.01,159,243588,卖盘
909,13:45:48,15.33,0.01,151,231483,买盘
910,13:45:36,15.32,--,10,15320,买盘
911,13:45:30,15.32,0.01,1,1532,买盘
912,13:45:18,15.31,--,22,33682,买盘
913,13:45:15,15.31,0.01,3,4593,买盘
914,13:44:57,15.3,-0.01,2,3060,卖盘
915,13:44:51,15.31,--,31,47461,卖盘
916,13:44:48,15.31,0.01,75,114825,中性盘
917,13:44:42,15.3,-0.02,150,229500,卖盘
918,13:44:36,15.32,0.02,2,3064,买盘
919,13:44:24,15.3,-0.01,22,33660,卖盘
920,13:44:21,15.31,--,6,9186,买盘
921,13:44:18,15.31,--,12,18372,买盘
922,13:44:15,15.31,--,5,7655,买盘
923,13:44:09,15.31,--,30,45930,卖盘
924,13:44:06,15.31,0.01,7,10717,卖盘
925,13:44:03,15.3,-0.01,100,153000,卖盘
926,13:44:00,15.31,--,5,7655,卖盘
927,13:43:54,15.31,--,4,6124,卖盘
928,13:43:51,15.31,--,10,15310,卖盘
929,13:43:48,15.31,0.01,26,40739,买盘
930,13:43:42,15.3,--,71,108630,卖盘
931,13:43:39,15.3,-0.01,6,9180,卖盘
932,13:43:36,15.31,--,51,78081,买盘
933,13:43:33,15.31,--,19,29089,买盘
934,13:43:30,15.31,0.01,50,76550,买盘
935,13:43:21,15.3,--,40,61200,卖盘
936,13:43:18,15.3,-0.01,1,1530,卖盘
937,13:43:06,15.31,--,72,110982,卖盘
938,13:43:00,15.31,--,30,45930,卖盘
939,13:42:51,15.31,--,10,16090,买盘
940,13:42:48,15.31,0.01,20,30620,买盘
941,13:42:45,15.3,--,2,3060,卖盘
942,13:42:39,15.3,-0.01,20,30600,卖盘
943,13:42:36,15.31,--,2,3062,买盘
944,13:42:33,15.31,--,24,36744,买盘
945,13:42:27,15.31,--,10,15310,买盘
946,13:42:24,15.31,--,28,42868,买盘
947,13:42:21,15.31,0.01,22,33682,买盘
948,13:42:15,15.3,--,7,10710,卖盘
949,13:42:09,15.3,-0.01,15,22950,卖盘
950,13:41:51,15.31,0.01,15,22965,买盘
951,13:41:48,15.3,-0.01,2,3060,卖盘
952,13:41:33,15.31,--,47,71957,买盘
953,13:41:30,15.31,--,8,12248,买盘
954,13:41:27,15.31,--,38,58178,卖盘
955,13:41:24,15.31,-0.01,68,104108,卖盘
956,13:41:21,15.32,--,2,3064,卖盘
957,13:41:18,15.32,--,4,6128,买盘
958,13:41:12,15.32,0.01,7,10724,买盘
959,13:41:09,15.31,--,2,3062,卖盘
960,13:41:06,15.31,--,33,50523,买盘
961,13:41:03,15.31,--,24,36744,买盘
962,13:40:57,15.31,-0.01,40,61240,卖盘
963,13:40:54,15.32,-0.01,3,4596,中性盘
964,13:40:48,15.33,0.01,209,320397,买盘
965,13:40:42,15.32,-0.01,110,168520,卖盘
966,13:40:39,15.33,--,1,1533,买盘
967,13:40:24,15.33,--,38,58254,卖盘
968,13:40:21,15.33,--,17,26061,卖盘
969,13:40:18,15.33,-0.01,10,15330,卖盘
970,13:40:06,15.34,-0.01,433,664222,卖盘
971,13:40:00,15.35,--,6,9210,买盘
972,13:39:57,15.35,--,54,82890,卖盘
973,13:39:51,15.35,--,21,32235,卖盘
974,13:39:48,15.35,--,19,29165,卖盘
975,13:39:45,15.35,-0.01,30,46050,卖盘
976,13:39:36,15.36,0.01,31,47616,买盘
977,13:39:33,15.35,-0.01,10,15350,卖盘
978,13:39:30,15.36,--,100,153738,卖盘
979,13:39:27,15.36,-0.01,49,75264,卖盘
980,13:39:24,15.37,0.01,25,38425,买盘
981,13:39:21,15.36,--,50,76800,卖盘
982,13:39:18,15.36,-0.01,78,119808,卖盘
983,13:39:15,15.37,0.01,18,27666,买盘
984,13:39:12,15.36,--,13,19968,卖盘
985,13:39:09,15.36,-0.01,32,49152,卖盘
986,13:39:06,15.37,0.01,6,9222,买盘
987,13:39:03,15.36,--,4,6144,卖盘
988,13:39:00,15.36,--,104,159744,卖盘
989,13:38:57,15.36,-0.01,63,96768,卖盘
990,13:38:51,15.37,--,52,79924,买盘
991,13:38:48,15.37,0.01,53,81461,买盘
992,13:38:45,15.36,-0.01,80,122880,卖盘
993,13:38:42,15.37,0.01,43,67489,买盘
994,13:38:39,15.36,-0.01,63,96768,卖盘
995,13:38:36,15.37,0.01,2,3074,买盘
996,13:38:33,15.36,--,72,110592,卖盘
997,13:38:30,15.36,--,35,53760,卖盘
998,13:38:27,15.36,--,50,76800,卖盘
999,13:38:24,15.36,--,130,199680,卖盘
1000,13:38:21,15.36,--,66,101376,卖盘
1001,13:38:18,15.36,-0.01,51,78336,卖盘
1002,13:38:15,15.37,0.01,14,21518,买盘
1003,13:38:12,15.36,--,5,7680,卖盘
1004,13:38:06,15.36,-0.01,52,79872,中性盘
1005,13:38:03,15.37,0.01,224,344288,买盘
1006,13:38:00,15.36,--,56,86154,卖盘
1007,13:37:57,15.36,--,8,12288,卖盘
1008,13:37:54,15.36,-0.01,27,42869,卖盘
1009,13:37:51,15.37,0.01,7,10759,买盘
1010,13:37:48,15.36,-0.01,173,265728,中性盘
1011,13:37:45,15.37,0.01,21,32277,买盘
1012,13:37:42,15.36,-0.02,5,7680,卖盘
1013,13:37:39,15.38,0.01,248,381424,买盘
1014,13:37:36,15.37,--,17,26605,卖盘
1015,13:37:33,15.37,--,2,3074,卖盘
1016,13:37:30,15.37,--,11,16907,卖盘
1017,13:37:27,15.37,0.01,179,276183,买盘
1018,13:37:24,15.36,--,757,1162752,卖盘
1019,13:37:21,15.36,-0.01,8,12288,卖盘
1020,13:37:15,15.37,--,189,290493,买盘
1021,13:37:12,15.37,0.01,61,93757,买盘
1022,13:37:09,15.36,--,107,164352,卖盘
1023,13:37:06,15.36,-0.01,25,38400,卖盘
1024,13:37:03,15.37,0.01,5,7685,买盘
1025,13:37:00,15.36,--,2,3072,卖盘
1026,13:36:57,15.36,--,149,228864,卖盘
1027,13:36:54,15.36,--,69,105984,卖盘
1028,13:36:51,15.36,--,60,92160,卖盘
1029,13:36:48,15.36,--,58,89088,买盘
1030,13:36:45,15.36,--,2,3072,买盘
1031,13:36:42,15.36,0.01,23,35328,买盘
1032,13:36:39,15.35,-0.01,20,30700,卖盘
1033,13:36:36,15.36,--,154,236544,买盘
1034,13:36:33,15.36,--,26,39936,买盘
1035,13:36:30,15.36,0.01,20,30720,买盘
1036,13:36:27,15.35,--,20,30700,卖盘
1037,13:36:24,15.35,--,15,23025,卖盘
1038,13:36:21,15.35,--,10,15350,卖盘
1039,13:36:18,15.35,--,44,67540,卖盘
1040,13:36:15,15.35,--,275,422125,卖盘
1041,13:36:12,15.35,--,10,15350,卖盘
1042,13:36:06,15.35,--,2,3070,卖盘
1043,13:36:03,15.35,--,198,303930,买盘
1044,13:36:00,15.35,--,100,153500,买盘
1045,13:35:57,15.35,--,27,41445,买盘
1046,13:35:54,15.35,0.01,439,673865,买盘
1047,13:35:51,15.34,--,20,30680,卖盘
1048,13:35:48,15.34,--,79,121186,卖盘
1049,13:35:45,15.34,-0.01,20,30680,卖盘
1050,13:35:42,15.35,0.01,13,19955,买盘
1051,13:35:36,15.34,--,1,1534,卖盘
1052,13:35:33,15.34,--,76,116584,买盘
1053,13:35:30,15.34,--,1,1534,买盘
1054,13:35:21,15.34,0.01,1,1534,买盘
1055,13:35:18,15.33,--,73,112629,买盘
1056,13:35:12,15.33,--,126,193970,卖盘
1057,13:35:09,15.33,-0.01,139,213087,卖盘
1058,13:35:03,15.34,--,39,59826,买盘
1059,13:35:00,15.34,0.01,121,185614,买盘
1060,13:34:54,15.33,--,41,62853,卖盘
1061,13:34:51,15.33,-0.01,22,33726,卖盘
1062,13:34:48,15.34,0.01,54,82836,买盘
1063,13:34:42,15.33,--,21,32193,卖盘
1064,13:34:39,15.33,--,578,886794,买盘
1065,13:34:33,15.33,0.01,150,229950,买盘
1066,13:34:30,15.32,--,5,7660,卖盘
1067,13:34:24,15.32,--,26,39832,卖盘
1068,13:34:18,15.32,0.01,34,52088,买盘
1069,13:34:12,15.31,-0.01,23,35213,卖盘
1070,13:34:09,15.32,--,5,7660,买盘
1071,13:34:06,15.32,--,17,26044,买盘
1072,13:34:00,15.32,--,70,107240,买盘
1073,13:33:54,15.32,--,20,30640,买盘
1074,13:33:51,15.32,--,18,27576,买盘
1075,13:33:45,15.32,-0.01,2,3064,买盘
1076,13:33:42,15.33,0.02,2,3066,买盘
1077,13:33:39,15.31,-0.01,155,237305,卖盘
1078,13:33:36,15.32,0.01,3,4596,中性盘
1079,13:33:33,15.31,-0.01,36,55116,卖盘
1080,13:33:27,15.32,--,6,9192,卖盘
1081,13:33:24,15.32,--,250,383000,买盘
1082,13:33:18,15.32,--,103,157796,买盘
1083,13:33:12,15.32,--,62,94984,买盘
1084,13:33:06,15.32,0.01,18,27576,买盘
1085,13:32:57,15.31,-0.01,55,84205,卖盘
1086,13:32:54,15.32,0.01,50,76600,买盘
1087,13:32:51,15.31,--,10,15310,卖盘
1088,13:32:45,15.31,--,1,1531,卖盘
1089,13:32:42,15.31,-0.01,33,50523,中性盘
1090,13:32:33,15.32,0.01,25,38300,买盘
1091,13:32:24,15.31,--,13,19903,买盘
1092,13:32:18,15.31,0.01,9,13779,买盘
1093,13:32:15,15.3,-0.01,13,19890,卖盘
1094,13:32:12,15.31,--,5,7655,买盘
1095,13:32:03,15.31,--,37,56647,买盘
1096,13:32:00,15.31,--,50,76550,买盘
1097,13:31:54,15.31,--,10,15310,买盘
1098,13:31:51,15.31,--,1,1531,买盘
1099,13:31:48,15.31,0.01,150,229650,买盘
1100,13:31:42,15.3,-0.01,5,7650,卖盘
1101,13:31:39,15.31,--,9,13779,买盘
1102,13:31:33,15.31,--,1,1531,买盘
1103,13:31:30,15.31,--,84,128604,买盘
1104,13:31:27,15.31,0.01,2,3062,买盘
1105,13:31:24,15.3,-0.01,40,61200,卖盘
1106,13:31:21,15.31,0.01,13,19903,买盘
1107,13:31:18,15.3,-0.01,122,186660,卖盘
1108,13:31:15,15.31,0.01,11,16841,买盘
1109,13:31:06,15.3,--,12,18360,卖盘
1110,13:30:57,15.3,--,4,6120,卖盘
1111,13:30:54,15.3,--,1,1530,卖盘
1112,13:30:39,15.3,--,1,1530,卖盘
1113,13:30:33,15.3,--,7,10710,卖盘
1114,13:30:27,15.3,-0.01,10,15300,卖盘
1115,13:30:21,15.31,--,10,15310,买盘
1116,13:30:18,15.31,--,5,7655,买盘
1117,13:30:15,15.31,--,81,124011,买盘
1118,13:30:12,15.31,--,77,117887,买盘
1119,13:30:03,15.31,0.01,6,9186,买盘
1120,13:29:57,15.3,--,27,42075,买盘
1121,13:29:48,15.3,--,31,47430,买盘
1122,13:29:45,15.3,--,1,1530,买盘
1123,13:29:42,15.3,--,2,3060,买盘
1124,13:29:39,15.3,0.01,9,13770,买盘
1125,13:29:33,15.29,-0.01,4,6116,卖盘
1126,13:29:30,15.3,0.01,3,4590,买盘
1127,13:29:24,15.29,-0.01,2,3058,卖盘
1128,13:29:21,15.3,--,61,93330,买盘
1129,13:29:18,15.3,0.01,116,177480,买盘
1130,13:29:12,15.29,--,4,6116,卖盘
1131,13:29:03,15.29,--,201,307329,卖盘
1132,13:29:00,15.29,0.01,2,3058,中性盘
1133,13:28:39,15.28,-0.02,25,38200,卖盘
1134,13:28:30,15.3,--,9,13770,买盘
1135,13:28:27,15.3,0.02,21,32130,买盘
1136,13:28:12,15.28,-0.02,3,4584,卖盘
1137,13:28:06,15.3,0.02,21,32130,买盘
1138,13:27:51,15.28,--,3,4584,卖盘
1139,13:27:45,15.28,--,4,6112,卖盘
1140,13:27:27,15.28,--,6,9168,卖盘
1141,13:27:18,15.28,--,1,1528,卖盘
1142,13:27:15,15.28,-0.02,1,1528,卖盘
1143,13:27:00,15.3,0.01,47,71910,买盘
1144,13:26:57,15.29,-0.01,2,3058,卖盘
1145,13:26:54,15.3,0.01,17,26010,买盘
1146,13:26:51,15.29,--,20,30580,卖盘
1147,13:26:42,15.29,--,1,1529,卖盘
1148,13:26:33,15.29,--,9,13761,卖盘
1149,13:26:24,15.29,--,1,1529,卖盘
1150,13:26:18,15.29,-0.01,138,211002,卖盘
1151,13:26:15,15.3,0.01,3,4590,买盘
1152,13:26:12,15.29,--,20,30580,卖盘
1153,13:26:09,15.29,--,1,1529,卖盘
1154,13:26:06,15.29,--,15,22935,卖盘
1155,13:26:03,15.29,--,5,7645,卖盘
1156,13:25:57,15.29,--,15,22935,卖盘
1157,13:25:51,15.29,-0.01,85,129965,卖盘
1158,13:25:45,15.3,0.01,9,13770,买盘
1159,13:25:42,15.29,-0.01,20,30580,卖盘
1160,13:25:39,15.3,--,20,30600,买盘
1161,13:25:33,15.3,--,10,15300,买盘
1162,13:25:30,15.3,--,23,35190,买盘
1163,13:25:27,15.3,0.01,50,76500,买盘
1164,13:25:21,15.29,-0.01,1,1529,卖盘
1165,13:25:18,15.3,--,130,198900,买盘
1166,13:25:15,15.3,--,32,48960,买盘
1167,13:25:09,15.3,--,43,65790,买盘
1168,13:25:03,15.3,0.01,26,39780,买盘
1169,13:25:00,15.29,--,1,1529,卖盘
1170,13:24:54,15.29,-0.01,19,29051,卖盘
1171,13:24:48,15.3,0.01,9,13770,买盘
1172,13:24:18,15.29,-0.01,22,33638,卖盘
1173,13:24:15,15.3,0.01,1,1530,买盘
1174,13:24:12,15.29,--,6,9174,卖盘
1175,13:24:06,15.29,--,5,7645,卖盘
1176,13:24:03,15.29,0.01,56,85624,买盘
1177,13:24:00,15.28,-0.01,50,76400,卖盘
1178,13:23:48,15.29,--,55,84095,买盘
1179,13:23:42,15.29,0.01,9,13761,买盘
1180,13:23:39,15.28,--,20,30560,卖盘
1181,13:23:36,15.28,-0.01,8,12224,卖盘
1182,13:23:33,15.29,--,1,1529,买盘
1183,13:23:18,15.29,0.01,78,119262,买盘
1184,13:23:15,15.28,--,2,3056,卖盘
1185,13:23:09,15.28,-0.01,2,3056,卖盘
1186,13:23:03,15.29,0.01,6,9174,买盘
1187,13:22:54,15.28,--,6,9168,卖盘
1188,13:22:51,15.28,--,14,21392,卖盘
1189,13:22:36,15.28,--,3,4584,卖盘
1190,13:22:30,15.28,--,6,9168,卖盘
1191,13:22:27,15.28,--,10,15280,卖盘
1192,13:22:24,15.28,--,5,7640,卖盘
1193,13:22:15,15.28,--,229,349912,卖盘
1194,13:22:06,15.28,-0.01,5,7640,卖盘
1195,13:22:03,15.29,--,50,76450,买盘
1196,13:21:57,15.29,0.01,10,15290,买盘
1197,13:21:36,15.28,-0.01,5,7640,卖盘
1198,13:21:33,15.29,0.01,10,15290,买盘
1199,13:21:18,15.28,-0.01,39,59592,卖盘
1200,13:21:12,15.29,--,8,12232,买盘
1201,13:21:09,15.29,0.02,6,9174,买盘
1202,13:21:06,15.27,-0.01,10,15270,卖盘
1203,13:21:03,15.28,--,22,33616,卖盘
1204,13:20:51,15.28,--,26,39728,买盘
1205,13:20:48,15.28,--,6,9168,买盘
1206,13:20:36,15.28,0.01,14,21392,买盘
1207,13:20:24,15.27,-0.01,3,4581,卖盘
1208,13:20:18,15.28,0.01,4,6112,买盘
1209,13:20:15,15.27,--,2,3054,卖盘
1210,13:20:03,15.27,--,4,6108,卖盘
1211,13:19:57,15.27,-0.01,65,99255,卖盘
1212,13:19:54,15.28,--,14,21392,卖盘
1213,13:19:51,15.28,0.01,38,58064,买盘
1214,13:19:48,15.27,--,1,1527,卖盘
1215,13:19:39,15.27,--,9,13743,卖盘
1216,13:19:33,15.27,--,5,7635,卖盘
1217,13:19:30,15.27,--,3,4581,卖盘
1218,13:19:24,15.27,0.01,20,30540,卖盘
1219,13:19:18,15.26,--,20,30520,卖盘
1220,13:19:15,15.26,--,5,7630,卖盘
1221,13:19:00,15.26,-0.01,47,71722,卖盘
1222,13:18:57,15.27,0.01,16,24432,买盘
1223,13:18:51,15.26,--,1,1526,卖盘
1224,13:18:42,15.26,--,16,24416,卖盘
1225,13:18:33,15.26,--,51,77826,卖盘
1226,13:18:30,15.26,--,5,7630,卖盘
1227,13:18:27,15.26,--,9,13734,卖盘
1228,13:18:24,15.26,--,10,15260,卖盘
1229,13:18:21,15.26,--,23,35098,卖盘
1230,13:18:18,15.26,--,1,2350,买盘
1231,13:18:15,15.26,--,18,28169,卖盘
1232,13:18:12,15.26,--,14,21364,卖盘
1233,13:18:03,15.26,--,10,15260,卖盘
1234,13:18:00,15.26,--,70,106820,卖盘
1235,13:17:57,15.26,--,7,10682,卖盘
1236,13:17:51,15.26,--,9,13734,卖盘
1237,13:17:48,15.26,--,10,15260,卖盘
1238,13:17:45,15.26,--,25,38150,卖盘
1239,13:17:36,15.26,-0.02,50,76300,卖盘
1240,13:17:33,15.28,0.02,10,15280,中性盘
1241,13:17:27,15.26,-0.03,20,30520,卖盘
1242,13:17:21,15.29,--,180,275220,卖盘
1243,13:17:18,15.29,--,9,13761,卖盘
1244,13:17:15,15.29,--,2,3058,卖盘
1245,13:17:12,15.29,--,55,84095,卖盘
1246,13:17:06,15.29,--,7,10703,卖盘
1247,13:17:03,15.29,--,9,13761,卖盘
1248,13:16:57,15.29,-0.01,30,45870,卖盘
1249,13:16:54,15.3,--,5,7650,买盘
1250,13:16:48,15.3,--,43,65790,买盘
1251,13:16:45,15.3,--,5,7650,卖盘
1252,13:16:42,15.3,--,197,301410,卖盘
1253,13:16:39,15.3,--,1,1530,卖盘
1254,13:16:36,15.3,--,20,30600,卖盘
1255,13:16:33,15.3,--,81,123930,卖盘
1256,13:16:30,15.3,--,247,377910,卖盘
1257,13:16:24,15.3,--,370,566100,卖盘
1258,13:16:18,15.3,--,91,139230,卖盘
1259,13:16:15,15.3,--,107,163710,卖盘
1260,13:16:12,15.3,--,10,15300,卖盘
1261,13:16:09,15.3,--,27,41310,卖盘
1262,13:16:03,15.3,--,22,33660,卖盘
1263,13:16:00,15.3,-0.01,2,3060,卖盘
1264,13:15:57,15.31,0.01,47,71957,买盘
1265,13:15:51,15.3,--,1,1530,卖盘
1266,13:15:48,15.3,--,76,116280,卖盘
1267,13:15:45,15.3,-0.01,21,32130,卖盘
1268,13:15:39,15.31,0.01,2,3062,买盘
1269,13:15:36,15.3,-0.01,5,7650,卖盘
1270,13:15:30,15.31,0.01,10,15310,买盘
1271,13:15:24,15.3,--,1,1530,卖盘
1272,13:15:21,15.3,-0.01,3,4590,卖盘
1273,13:15:18,15.31,0.01,77,117887,买盘
1274,13:15:15,15.3,--,2,3060,卖盘
1275,13:15:12,15.3,--,266,406980,买盘
1276,13:15:06,15.3,0.01,4,6120,买盘
1277,13:15:03,15.29,-0.01,1,1529,卖盘
1278,13:14:48,15.3,--,65,99450,买盘
1279,13:14:45,15.3,0.01,2,3060,买盘
1280,13:14:42,15.29,--,26,39754,卖盘
1281,13:14:39,15.29,-0.01,13,19877,卖盘
1282,13:14:33,15.3,0.01,10,15300,买盘
1283,13:14:30,15.29,-0.01,0,825,卖盘
1284,13:14:24,15.3,0.01,31,47430,买盘
1285,13:14:18,15.29,--,20,30580,卖盘
1286,13:14:12,15.29,--,1,1529,卖盘
1287,13:14:06,15.29,0.02,68,103972,买盘
1288,13:14:00,15.27,--,26,39702,卖盘
1289,13:13:57,15.27,--,10,15270,卖盘
1290,13:13:45,15.27,-0.02,1,1527,卖盘
1291,13:13:39,15.29,0.01,189,288981,买盘
1292,13:13:36,15.28,-0.01,20,30560,卖盘
1293,13:13:09,15.29,--,31,47399,卖盘
1294,13:12:57,15.29,--,3,4587,卖盘
1295,13:12:51,15.29,--,5,7645,卖盘
1296,13:12:42,15.29,-0.01,24,36696,卖盘
1297,13:12:36,15.3,--,9,13770,买盘
1298,13:12:27,15.3,--,10,15300,买盘
1299,13:12:21,15.3,--,1,1530,买盘
1300,13:12:15,15.3,--,2,3060,买盘
1301,13:12:12,15.3,--,19,29070,卖盘
1302,13:12:09,15.3,-0.01,32,48960,卖盘
1303,13:12:06,15.31,0.01,10,15310,买盘
1304,13:12:03,15.3,--,12,18360,卖盘
1305,13:12:00,15.3,--,2,3060,卖盘
1306,13:11:57,15.3,--,21,32130,卖盘
1307,13:11:51,15.3,-0.01,40,61200,卖盘
1308,13:11:48,15.31,0.01,84,128604,买盘
1309,13:11:45,15.3,--,15,22950,卖盘
1310,13:11:39,15.3,--,1,1530,卖盘
1311,13:11:27,15.3,-0.02,30,45900,卖盘
1312,13:11:18,15.32,0.01,83,127156,买盘
1313,13:11:15,15.31,0.01,4,6124,买盘
1314,13:11:12,15.3,-0.01,2,3060,卖盘
1315,13:11:09,15.31,--,30,45930,买盘
1316,13:11:06,15.31,--,27,41337,买盘
1317,13:10:57,15.31,--,2,3062,买盘
1318,13:10:54,15.31,--,25,38275,买盘
1319,13:10:48,15.31,0.01,43,65833,买盘
1320,13:10:42,15.3,--,4,6120,卖盘
1321,13:10:36,15.3,--,2,3060,卖盘
1322,13:10:24,15.3,-0.01,1,1530,卖盘
1323,13:10:15,15.31,0.01,118,180658,买盘
1324,13:10:06,15.3,--,6,9180,卖盘
1325,13:10:00,15.3,--,5,7650,卖盘
1326,13:09:57,15.3,0.01,524,801720,买盘
1327,13:09:51,15.29,0.01,6,9174,买盘
1328,13:09:48,15.28,--,2,3056,卖盘
1329,13:09:42,15.28,-0.01,46,70288,卖盘
1330,13:09:39,15.29,--,69,105501,卖盘
1331,13:09:30,15.29,--,1,1529,卖盘
1332,13:09:27,15.29,--,70,107030,买盘
1333,13:09:18,15.29,--,14,21406,买盘
1334,13:09:15,15.29,0.01,10,15290,买盘
1335,13:08:54,15.28,-0.01,3,4584,卖盘
1336,13:08:51,15.29,0.01,19,29051,中性盘
1337,13:08:33,15.28,--,2,3056,卖盘
1338,13:08:27,15.28,-0.02,1,1528,中性盘
1339,13:08:15,15.3,0.03,136,208080,买盘
1340,13:08:03,15.27,-0.01,39,59553,卖盘
1341,13:07:57,15.28,0.01,2,3056,买盘
1342,13:07:51,15.27,-0.01,13,19851,卖盘
1343,13:07:30,15.28,--,100,152800,买盘
1344,13:07:24,15.28,--,25,38200,买盘
1345,13:07:18,15.28,0.01,20,30560,买盘
1346,13:07:12,15.27,-0.01,6,9162,卖盘
1347,13:07:00,15.28,0.01,6,9168,买盘
1348,13:06:51,15.27,-0.01,4,6108,卖盘
1349,13:06:45,15.28,0.01,1,1528,买盘
1350,13:06:42,15.27,-0.01,5,7635,卖盘
1351,13:06:33,15.28,--,1,1528,买盘
1352,13:06:30,15.28,0.01,2,3056,买盘
1353,13:06:21,15.27,-0.01,2,3054,卖盘
1354,13:06:12,15.28,--,10,15280,买盘
1355,13:06:06,15.28,--,16,24448,卖盘
1356,13:05:57,15.28,--,3,4584,卖盘
1357,13:05:54,15.28,-0.01,5,7640,卖盘
1358,13:05:45,15.29,--,13,19877,卖盘
1359,13:05:42,15.29,--,7,10703,卖盘
1360,13:05:39,15.29,--,10,15290,卖盘
1361,13:05:30,15.29,--,14,21406,卖盘
1362,13:05:27,15.29,--,100,152900,卖盘
1363,13:05:24,15.29,--,1,1529,卖盘
1364,13:05:21,15.29,--,3,4587,卖盘
1365,13:05:18,15.29,--,2,3058,卖盘
1366,13:05:09,15.29,--,53,81037,卖盘
1367,13:05:00,15.29,--,10,15290,卖盘
1368,13:04:54,15.29,--,2,3058,卖盘
1369,13:04:51,15.29,--,1,1529,卖盘
1370,13:04:45,15.29,--,11,16819,卖盘
1371,13:04:39,15.29,--,85,129965,卖盘
1372,13:04:36,15.29,--,2,3058,卖盘
1373,13:04:33,15.29,--,11,16819,卖盘
1374,13:04:30,15.29,--,5,7645,卖盘
1375,13:04:27,15.29,--,2,3058,卖盘
1376,13:04:24,15.29,--,10,15290,卖盘
1377,13:04:18,15.29,--,2,3058,卖盘
1378,13:04:15,15.29,--,8,12232,卖盘
1379,13:04:06,15.29,--,9,13761,卖盘
1380,13:04:03,15.29,--,30,45870,卖盘
1381,13:04:00,15.29,--,11,16819,卖盘
1382,13:03:54,15.29,--,9,13761,卖盘
1383,13:03:51,15.29,--,17,25993,卖盘
1384,13:03:48,15.29,--,19,29051,卖盘
1385,13:03:45,15.29,--,1,1529,卖盘
1386,13:03:42,15.29,--,7,10703,卖盘
1387,13:03:36,15.29,--,12,18348,卖盘
1388,13:03:33,15.29,--,5,7645,卖盘
1389,13:03:27,15.29,--,14,21406,卖盘
1390,13:03:24,15.29,-0.01,10,15290,卖盘
1391,13:03:18,15.3,0.01,20,30600,买盘
1392,13:03:15,15.29,-0.01,6,9174,卖盘
1393,13:03:00,15.3,-0.01,161,246330,卖盘
1394,13:02:57,15.31,--,31,47461,买盘
1395,13:02:51,15.31,0.01,7,10717,买盘
1396,13:02:45,15.3,--,21,32130,卖盘
1397,13:02:39,15.3,-0.01,9,13770,卖盘
1398,13:02:33,15.31,0.01,15,22965,中性盘
1399,13:02:27,15.3,--,20,30600,卖盘
1400,13:02:18,15.3,--,10,15300,卖盘
1401,13:02:15,15.3,--,1,1530,卖盘
1402,13:02:09,15.3,-0.01,1,1530,卖盘
1403,13:01:57,15.31,0.01,50,76550,买盘
1404,13:01:48,15.3,--,5,7650,卖盘
1405,13:01:45,15.3,--,1,1530,卖盘
1406,13:01:42,15.3,-0.02,5,7650,卖盘
1407,13:01:36,15.32,0.02,5,7660,买盘
1408,13:01:21,15.3,--,21,32130,卖盘
1409,13:01:18,15.3,0.01,42,64260,买盘
1410,13:01:15,15.29,--,22,33638,卖盘
1411,13:01:09,15.29,-0.01,21,32109,卖盘
1412,13:01:06,15.3,0.01,1,1530,卖盘
1413,13:01:03,15.29,-0.03,21,32109,卖盘
1414,13:01:00,15.32,0.03,40,61280,买盘
1415,13:00:57,15.29,--,21,32109,卖盘
1416,13:00:54,15.29,-0.01,42,64218,卖盘
1417,13:00:51,15.3,--,21,32130,卖盘
1418,13:00:48,15.3,--,38,58140,买盘
1419,13:00:45,15.3,-0.01,98,149940,卖盘
1420,13:00:42,15.31,--,2,3062,卖盘
1421,13:00:39,15.31,-0.01,21,32151,卖盘
1422,13:00:36,15.32,--,6,9192,卖盘
1423,13:00:33,15.32,--,68,104176,卖盘
1424,13:00:24,15.32,0.01,23,35236,中性盘
1425,13:00:09,15.31,-0.01,59,90329,卖盘
1426,13:00:06,15.32,0.01,41,62812,买盘
1427,13:00:03,15.31,--,398,609338,买盘
1428,13:00:00,15.31,--,0,0,买盘
1429,11:30:00,15.31,--,6,9186,买盘
1430,11:29:57,15.31,--,10,15310,买盘
1431,11:29:54,15.31,0.01,5,7655,买盘
1432,11:29:51,15.3,-0.01,20,30600,卖盘
1433,11:29:45,15.31,--,3,4593,买盘
1434,11:29:42,15.31,--,9,13779,买盘
1435,11:29:39,15.31,--,3,4593,买盘
1436,11:29:33,15.31,--,22,33682,买盘
1437,11:29:24,15.31,--,35,53585,买盘
1438,11:29:21,15.31,--,14,21434,买盘
1439,11:29:18,15.31,-0.01,64,97984,中性盘
1440,11:29:15,15.32,--,10,15320,买盘
1441,11:29:12,15.32,--,25,38300,买盘
1442,11:29:09,15.32,--,15,22980,买盘
1443,11:29:03,15.32,--,4,6128,买盘
1444,11:29:00,15.32,--,15,22980,买盘
1445,11:28:57,15.32,--,10,15320,买盘
1446,11:28:48,15.32,0.02,47,72004,买盘
1447,11:28:45,15.3,-0.02,12,18360,卖盘
1448,11:28:42,15.32,0.01,10,15320,买盘
1449,11:28:39,15.31,0.01,2,3062,中性盘
1450,11:28:33,15.3,-0.03,14,21420,卖盘
1451,11:28:18,15.33,--,46,70518,买盘
1452,11:28:15,15.33,0.02,80,122640,买盘
1453,11:28:12,15.31,--,5,7655,买盘
1454,11:28:09,15.31,-0.02,9,13779,卖盘
1455,11:28:06,15.33,0.02,5,7665,买盘
1456,11:28:03,15.31,-0.02,1,1531,中性盘
1457,11:27:54,15.33,0.01,42,64386,买盘
1458,11:27:51,15.32,0.02,40,61280,买盘
1459,11:27:48,15.3,--,7,10710,买盘
1460,11:27:45,15.3,--,326,499896,卖盘
1461,11:27:42,15.3,--,10,15300,卖盘
1462,11:27:36,15.3,-0.01,9,14183,卖盘
1463,11:27:33,15.31,0.02,1,1531,买盘
1464,11:27:27,15.29,--,5,7645,卖盘
1465,11:27:21,15.29,-0.02,1,1529,卖盘
1466,11:27:18,15.31,0.01,6,9186,买盘
1467,11:27:15,15.3,--,12,18360,买盘
1468,11:27:09,15.3,--,12,18360,买盘
1469,11:26:57,15.3,--,243,372906,卖盘
1470,11:26:51,15.3,-0.01,1,1530,卖盘
1471,11:26:48,15.31,0.01,6,9186,中性盘
1472,11:26:39,15.3,--,2,3060,卖盘
1473,11:26:36,15.3,-0.01,40,61200,卖盘
1474,11:26:33,15.31,--,2,3062,买盘
1475,11:26:30,15.31,0.01,18,27558,买盘
1476,11:26:27,15.3,--,10,15300,卖盘
1477,11:26:21,15.3,--,7,10710,卖盘
1478,11:26:12,15.3,--,43,66203,买盘
1479,11:26:09,15.3,--,11,16830,买盘
1480,11:26:06,15.3,--,17,26010,买盘
1481,11:26:03,15.3,--,17,26010,买盘
1482,11:26:00,15.3,0.01,18,27540,买盘
1483,11:25:57,15.29,-0.01,11,16819,卖盘
1484,11:25:51,15.3,--,6,9180,买盘
1485,11:25:48,15.3,--,11,16830,买盘
1486,11:25:45,15.3,--,30,45900,买盘
1487,11:25:42,15.3,-0.02,153,234090,卖盘
1488,11:25:36,15.32,--,38,58216,买盘
1489,11:25:33,15.32,--,4,6128,买盘
1490,11:25:30,15.32,0.01,2,3064,买盘
1491,11:25:27,15.31,-0.01,12,18372,卖盘
1492,11:25:21,15.32,--,30,45960,买盘
1493,11:25:12,15.32,--,1,1532,买盘
1494,11:25:06,15.32,0.02,2,3064,买盘
1495,11:25:03,15.3,0.01,5,7650,买盘
1496,11:25:00,15.29,-0.03,6,9174,卖盘
1497,11:24:57,15.32,0.04,31,47492,买盘
1498,11:24:54,15.28,-0.03,10,15280,卖盘
1499,11:24:51,15.31,--,12,18372,卖盘
1500,11:24:48,15.31,0.01,430,658330,买盘
1501,11:24:36,15.3,0.02,2,3060,买盘
1502,11:24:30,15.28,--,5,7640,买盘
1503,11:24:18,15.28,--,9,13752,买盘
1504,11:24:15,15.28,-0.02,6,9168,卖盘
1505,11:24:09,15.3,--,10,15300,买盘
1506,11:24:06,15.3,--,8,12240,买盘
1507,11:24:03,15.3,--,5,7650,买盘
1508,11:24:00,15.3,--,5,7650,买盘
1509,11:23:57,15.3,--,53,81090,买盘
1510,11:23:54,15.3,0.01,5,7650,买盘
1511,11:23:48,15.29,-0.01,1,1529,卖盘
1512,11:23:45,15.3,--,2,3060,买盘
1513,11:23:39,15.3,--,8,12240,买盘
1514,11:23:33,15.3,--,73,111690,买盘
1515,11:23:30,15.3,--,79,120870,买盘
1516,11:23:18,15.3,--,2,3060,买盘
1517,11:23:15,15.3,--,32,48960,买盘
1518,11:23:12,15.3,--,23,35190,买盘
1519,11:23:09,15.3,0.04,42,64260,买盘
1520,11:23:06,15.26,--,79,120554,买盘
1521,11:23:03,15.26,--,7,10682,买盘
1522,11:23:00,15.26,-0.04,48,73248,中性盘
1523,11:22:57,15.3,0.01,137,209610,买盘
1524,11:22:54,15.29,0.05,149,227821,买盘
1525,11:22:51,15.24,-0.01,82,124968,卖盘
1526,11:22:48,15.25,-0.01,41,62525,卖盘
1527,11:22:45,15.26,0.01,30,45780,买盘
1528,11:22:42,15.25,--,10,15250,卖盘
1529,11:22:39,15.25,--,20,30500,卖盘
1530,11:22:36,15.25,--,1,1525,卖盘
1531,11:22:30,15.25,--,31,47275,买盘
1532,11:22:21,15.25,--,58,88450,卖盘
1533,11:22:18,15.25,--,101,154025,卖盘
1534,11:22:15,15.25,--,13,19825,买盘
1535,11:22:12,15.25,--,30,45750,买盘
1536,11:22:06,15.25,-0.01,7,10675,中性盘
1537,11:21:51,15.26,0.01,7,10682,买盘
1538,11:21:48,15.25,-0.01,38,57950,卖盘
1539,11:21:45,15.26,0.01,2,3052,买盘
1540,11:21:39,15.25,--,235,358375,卖盘
1541,11:21:33,15.25,-0.01,10,15250,卖盘
1542,11:21:30,15.26,0.01,2,3052,买盘
1543,11:21:24,15.25,-0.01,21,32025,卖盘
1544,11:21:21,15.26,--,30,45780,买盘
1545,11:21:18,15.26,0.01,12,18312,买盘
1546,11:21:12,15.25,0.01,6,9150,中性盘
1547,11:21:00,15.24,--,18,27432,卖盘
1548,11:20:57,15.24,-0.02,20,30480,卖盘
1549,11:20:54,15.26,0.02,116,177016,买盘
1550,11:20:51,15.24,--,50,76200,卖盘
1551,11:20:36,15.24,-0.03,200,304800,卖盘
1552,11:20:18,15.27,0.02,2,3054,买盘
1553,11:20:15,15.25,-0.02,3,4575,卖盘
1554,11:20:12,15.27,0.02,6,9162,买盘
1555,11:20:09,15.25,-0.02,8,12200,卖盘
1556,11:20:06,15.27,0.01,5,7635,买盘
1557,11:20:03,15.26,-0.01,4,6104,中性盘
1558,11:19:57,15.27,0.01,42,64134,买盘
1559,11:19:51,15.26,--,7,10682,买盘
1560,11:19:42,15.26,--,21,32046,买盘
1561,11:19:39,15.26,0.02,122,186172,买盘
1562,11:19:36,15.24,--,23,35052,买盘
1563,11:19:33,15.24,--,10,15240,买盘
1564,11:19:30,15.24,--,50,76200,买盘
1565,11:19:21,15.24,--,63,96012,买盘
1566,11:19:18,15.24,0.01,11,16764,买盘
1567,11:19:15,15.23,--,3,4569,卖盘
1568,11:19:06,15.23,--,15,22845,卖盘
1569,11:19:03,15.23,-0.01,19,28937,卖盘
1570,11:19:00,15.24,0.01,2,3048,买盘
1571,11:18:57,15.23,--,17,27261,买盘
1572,11:18:54,15.23,--,15,22845,买盘
1573,11:18:48,15.23,0.01,5,7615,买盘
1574,11:18:45,15.22,--,21,31962,卖盘
1575,11:18:39,15.22,-0.01,8,12176,卖盘
1576,11:18:33,15.23,0.01,40,60920,买盘
1577,11:18:30,15.22,-0.01,40,60880,卖盘
1578,11:18:27,15.23,-0.01,28,42644,卖盘
1579,11:18:24,15.24,--,1,1524,买盘
1580,11:18:18,15.24,0.01,5,7620,买盘
1581,11:18:12,15.23,-0.01,36,54828,卖盘
1582,11:18:06,15.24,--,78,118872,买盘
1583,11:18:03,15.24,--,1,1524,买盘
1584,11:17:54,15.24,--,15,22860,卖盘
1585,11:17:51,15.24,--,3,4572,买盘
1586,11:17:48,15.24,--,131,199644,卖盘
1587,11:17:36,15.24,-0.02,10,15240,卖盘
1588,11:17:33,15.26,0.01,62,94612,买盘
1589,11:17:30,15.25,-0.01,10,15250,卖盘
1590,11:17:27,15.26,0.01,7,10682,买盘
1591,11:17:24,15.25,-0.01,4,6100,卖盘
1592,11:17:15,15.26,--,2,3052,买盘
1593,11:17:12,15.26,--,1,1526,卖盘
1594,11:17:06,15.26,0.02,17,25942,买盘
1595,11:17:03,15.24,-0.01,100,152400,卖盘
1596,11:17:00,15.25,-0.01,8,12200,卖盘
1597,11:16:57,15.26,0.01,2,3052,买盘
1598,11:16:54,15.25,-0.01,5,7625,卖盘
1599,11:16:51,15.26,-0.01,3,4578,中性盘
1600,11:16:42,15.27,0.01,9,13743,买盘
1601,11:16:39,15.26,--,4,6104,中性盘
1602,11:16:36,15.26,--,10,15260,卖盘
1603,11:16:30,15.26,-0.02,5,7630,卖盘
1604,11:16:18,15.28,0.01,64,97792,买盘
1605,11:16:12,15.27,--,73,111471,卖盘
1606,11:16:09,15.27,-0.01,4,6108,卖盘
1607,11:16:06,15.28,--,6,9168,买盘
1608,11:16:03,15.28,--,8,12224,买盘
1609,11:16:00,15.28,--,4,6112,买盘
1610,11:15:57,15.28,--,1,1528,买盘
1611,11:15:54,15.28,--,3,4584,买盘
1612,11:15:51,15.28,-0.01,19,29032,卖盘
1613,11:15:48,15.29,0.01,1,1529,买盘
1614,11:15:42,15.28,--,30,45840,卖盘
1615,11:15:39,15.28,-0.01,63,96264,卖盘
1616,11:15:36,15.29,--,524,801196,买盘
1617,11:15:30,15.29,--,3,4587,买盘
1618,11:15:27,15.29,--,9,13761,买盘
1619,11:15:24,15.29,0.01,12,18348,买盘
1620,11:15:12,15.28,-0.01,7,10696,卖盘
1621,11:15:00,15.29,--,5,7645,买盘
1622,11:14:57,15.29,0.01,2,3058,买盘
1623,11:14:54,15.28,--,6,9168,卖盘
1624,11:14:51,15.28,--,1,1528,卖盘
1625,11:14:36,15.28,-0.01,2,3056,卖盘
1626,11:14:33,15.29,--,5,7645,买盘
1627,11:14:30,15.29,--,5,7645,买盘
1628,11:14:24,15.29,--,6,9174,买盘
1629,11:14:21,15.29,0.01,47,71863,买盘
1630,11:14:18,15.28,-0.01,6,9168,卖盘
1631,11:14:09,15.29,--,2,3058,买盘
1632,11:14:06,15.29,-0.01,2,3058,卖盘
1633,11:14:03,15.3,0.03,42,64260,买盘
1634,11:13:54,15.27,-0.03,100,152700,卖盘
1635,11:13:51,15.3,0.02,21,32130,买盘
1636,11:13:48,15.28,-0.01,1,1528,中性盘
1637,11:13:39,15.29,0.01,21,32109,买盘
1638,11:13:36,15.28,-0.01,2,3056,买盘
1639,11:13:30,15.29,0.01,23,35167,买盘
1640,11:13:27,15.28,0.01,42,64176,买盘
1641,11:13:24,15.27,0.01,1,1527,买盘
1642,11:13:15,15.26,--,58,88508,买盘
1643,11:13:12,15.26,0.01,19,28994,买盘
1644,11:13:09,15.25,--,6,9150,卖盘
1645,11:13:06,15.25,--,24,36600,卖盘
1646,11:13:03,15.25,-0.01,14,21350,卖盘
1647,11:13:00,15.26,--,47,71722,买盘
1648,11:12:54,15.26,0.01,7,10682,买盘
1649,11:12:51,15.25,-0.01,1,1525,卖盘
1650,11:12:45,15.26,0.01,21,32046,买盘
1651,11:12:42,15.25,--,2,3050,卖盘
1652,11:12:39,15.25,-0.01,7,10675,卖盘
1653,11:12:27,15.26,--,9,13734,买盘
1654,11:12:21,15.26,--,33,50358,卖盘
1655,11:12:18,15.26,--,7,10682,卖盘
1656,11:12:15,15.26,-0.01,22,33572,卖盘
1657,11:12:06,15.27,--,1,1527,买盘
1658,11:12:03,15.27,--,5,7635,买盘
1659,11:11:57,15.27,-0.01,83,126741,卖盘
1660,11:11:51,15.28,--,8,12224,买盘
1661,11:11:42,15.28,--,33,50424,卖盘
1662,11:11:39,15.28,-0.01,2,3056,卖盘
1663,11:11:30,15.29,--,4,6116,买盘
1664,11:11:27,15.29,0.01,14,21406,买盘
1665,11:11:24,15.28,--,26,39728,卖盘
1666,11:11:12,15.28,--,3,4584,卖盘
1667,11:11:09,15.28,--,11,16808,卖盘
1668,11:10:54,15.28,--,3,4584,卖盘
1669,11:10:48,15.28,0.01,42,64176,买盘
1670,11:10:45,15.27,-0.01,18,27486,卖盘
1671,11:10:39,15.28,0.01,1,1528,买盘
1672,11:10:33,15.27,--,11,16797,卖盘
1673,11:10:21,15.27,-0.01,13,19851,卖盘
1674,11:10:18,15.28,0.01,10,15280,买盘
1675,11:10:15,15.27,--,7,10689,卖盘
1676,11:10:09,15.27,-0.01,7,10689,卖盘
1677,11:10:03,15.28,0.01,30,45840,买盘
1678,11:09:57,15.27,--,10,15270,买盘
1679,11:09:51,15.27,0.01,5,7635,中性盘
1680,11:09:45,15.26,-0.01,25,38150,卖盘
1681,11:09:42,15.27,--,7,10689,卖盘
1682,11:09:39,15.27,--,15,22905,卖盘
1683,11:09:33,15.27,--,1,1527,卖盘
1684,11:09:30,15.27,0.01,53,80931,买盘
1685,11:09:24,15.26,--,2,3052,买盘
1686,11:09:21,15.26,--,15,22890,卖盘
1687,11:09:18,15.26,--,26,39676,卖盘
1688,11:09:06,15.26,-0.01,1,1526,卖盘
1689,11:09:03,15.27,--,2,3054,卖盘
1690,11:09:00,15.27,--,3,4581,卖盘
1691,11:08:57,15.27,--,10,15270,卖盘
1692,11:08:54,15.27,--,25,38175,买盘
1693,11:08:45,15.27,0.01,5,7635,买盘
1694,11:08:42,15.26,--,131,199906,买盘
1695,11:08:39,15.26,-0.01,2,3052,中性盘
1696,11:08:33,15.27,--,41,62607,买盘
1697,11:08:30,15.27,--,28,42756,买盘
1698,11:08:24,15.27,0.01,13,19851,中性盘
1699,11:08:15,15.26,-0.01,28,42728,卖盘
1700,11:08:09,15.27,-0.01,25,38175,卖盘
1701,11:08:06,15.28,--,20,30560,买盘
1702,11:08:00,15.28,--,2,3056,买盘
1703,11:07:57,15.28,-0.02,326,498892,卖盘
1704,11:07:54,15.3,0.01,12,18360,买盘
1705,11:07:51,15.29,--,41,62689,卖盘
1706,11:07:48,15.29,-0.01,8,12232,卖盘
1707,11:07:45,15.3,0.01,22,33660,买盘
1708,11:07:42,15.29,-0.01,16,24464,卖盘
1709,11:07:39,15.3,0.01,31,47430,买盘
1710,11:07:33,15.29,--,1,1529,卖盘
1711,11:07:30,15.29,--,12,18348,卖盘
1712,11:07:21,15.29,--,122,186538,买盘
1713,11:07:18,15.29,--,5,7645,买盘
1714,11:07:15,15.29,0.01,2,3058,中性盘
1715,11:07:12,15.28,-0.02,1,1528,卖盘
1716,11:07:09,15.3,0.01,12,18360,买盘
1717,11:07:06,15.29,-0.01,12,18348,卖盘
1718,11:07:03,15.3,0.01,6,9180,买盘
1719,11:06:57,15.29,-0.01,28,43576,卖盘
1720,11:06:48,15.3,--,1,1530,买盘
1721,11:06:45,15.3,-0.01,356,544680,卖盘
1722,11:06:42,15.31,-0.01,10,15310,卖盘
1723,11:06:36,15.32,--,2,3064,买盘
1724,11:06:30,15.32,--,2,3064,买盘
1725,11:06:24,15.32,0.01,2,3064,买盘
1726,11:06:15,15.31,--,14,21434,卖盘
1727,11:06:12,15.31,-0.01,6,9186,卖盘
1728,11:06:09,15.32,--,1,1532,买盘
1729,11:06:06,15.32,0.01,8,12256,买盘
1730,11:06:03,15.31,--,6,9186,卖盘
1731,11:06:00,15.31,-0.01,26,39806,卖盘
1732,11:05:54,15.32,--,7,10724,买盘
1733,11:05:51,15.32,--,4,6128,买盘
1734,11:05:48,15.32,--,1,1532,买盘
1735,11:05:45,15.32,0.01,13,19916,买盘
1736,11:05:39,15.31,-0.01,6,9186,卖盘
1737,11:05:36,15.32,--,28,44014,卖盘
1738,11:05:27,15.32,--,23,35236,卖盘
1739,11:05:21,15.32,--,9,14201,买盘
1740,11:05:15,15.32,0.01,8,12256,买盘
1741,11:05:12,15.31,--,8,12248,卖盘
1742,11:05:09,15.31,--,54,82674,卖盘
1743,11:05:06,15.31,--,12,18372,卖盘
1744,11:05:03,15.31,-0.01,91,139321,卖盘
1745,11:05:00,15.32,0.02,20,30640,买盘
1746,11:04:54,15.3,-0.02,1,1530,卖盘
1747,11:04:51,15.32,0.02,5,7660,买盘
1748,11:04:48,15.3,--,122,186660,买盘
1749,11:04:45,15.3,0.01,200,306000,买盘
1750,11:04:42,15.29,0.01,8,12232,买盘
1751,11:04:39,15.28,-0.01,26,39728,卖盘
1752,11:04:33,15.29,--,52,79508,买盘
1753,11:04:27,15.29,0.01,6,9174,买盘
1754,11:04:21,15.28,--,5,7640,卖盘
1755,11:04:15,15.28,--,20,30560,卖盘
1756,11:04:12,15.28,-0.01,20,30560,卖盘
1757,11:04:09,15.29,0.01,4,6116,买盘
1758,11:04:06,15.28,-0.01,7,10696,卖盘
1759,11:03:57,15.29,0.01,2,3058,买盘
1760,11:03:51,15.28,--,25,38200,卖盘
1761,11:03:48,15.28,--,102,155856,卖盘
1762,11:03:45,15.28,--,33,50424,卖盘
1763,11:03:42,15.28,-0.01,2,3056,卖盘
1764,11:03:39,15.29,0.01,21,32109,买盘
1765,11:03:33,15.28,-0.01,30,45840,卖盘
1766,11:03:30,15.29,--,2,3058,买盘
1767,11:03:21,15.29,--,23,35167,买盘
1768,11:03:18,15.29,--,1,1529,买盘
1769,11:03:15,15.29,0.01,15,22935,买盘
1770,11:03:12,15.28,-0.01,13,19864,卖盘
1771,11:03:06,15.29,0.01,57,87153,买盘
1772,11:03:03,15.28,-0.01,26,39728,卖盘
1773,11:03:00,15.29,--,50,76450,买盘
1774,11:02:51,15.29,0.01,4,6116,买盘
1775,11:02:48,15.28,-0.01,15,22920,卖盘
1776,11:02:45,15.29,-0.01,1,1529,中性盘
1777,11:02:39,15.3,--,2,3060,买盘
1778,11:02:33,15.3,--,17,26010,买盘
1779,11:02:30,15.3,--,13,19890,卖盘
1780,11:02:27,15.3,-0.02,1,1530,中性盘
1781,11:02:24,15.32,0.02,25,38300,买盘
1782,11:02:21,15.3,-0.02,375,573750,卖盘
1783,11:02:18,15.32,0.02,6,9192,买盘
1784,11:02:15,15.3,--,1,1530,卖盘
1785,11:02:12,15.3,--,1,1530,卖盘
1786,11:02:09,15.3,--,10,15300,卖盘
1787,11:02:06,15.3,-0.01,98,149940,卖盘
1788,11:02:00,15.31,0.01,3,4593,中性盘
1789,11:01:51,15.3,-0.02,5,7650,卖盘
1790,11:01:48,15.32,0.01,43,65876,买盘
1791,11:01:45,15.31,--,13,19903,卖盘
1792,11:01:42,15.31,--,16,24496,卖盘
1793,11:01:36,15.31,--,10,15310,卖盘
1794,11:01:33,15.31,--,77,117887,卖盘
1795,11:01:30,15.31,-0.01,16,24496,卖盘
1796,11:01:24,15.32,0.01,1,1532,买盘
1797,11:01:18,15.31,-0.01,1,1531,卖盘
1798,11:01:15,15.32,--,7,10724,卖盘
1799,11:01:12,15.32,-0.01,80,122560,卖盘
1800,11:01:09,15.33,--,51,78183,买盘
1801,11:01:06,15.33,0.01,27,41391,买盘
1802,11:01:03,15.32,-0.01,5,7660,卖盘
1803,11:01:00,15.33,--,6,9198,买盘
1804,11:00:54,15.33,--,24,36792,买盘
1805,11:00:51,15.33,-0.01,229,351057,卖盘
1806,11:00:48,15.34,0.01,42,64428,买盘
1807,11:00:45,15.33,-0.01,71,108843,卖盘
1808,11:00:42,15.34,--,5,7670,买盘
1809,11:00:39,15.34,--,1,1534,买盘
1810,11:00:36,15.34,0.01,4,6136,买盘
1811,11:00:30,15.33,-0.01,40,61320,卖盘
1812,11:00:27,15.34,--,50,76700,卖盘
1813,11:00:24,15.34,--,61,93574,买盘
1814,11:00:21,15.34,--,99,151866,买盘
1815,11:00:15,15.34,--,10,15340,买盘
1816,11:00:12,15.34,0.01,19,29146,买盘
1817,11:00:09,15.33,-0.01,54,82782,卖盘
1818,11:00:06,15.34,-0.01,64,98176,卖盘
1819,11:00:03,15.35,0.01,93,142755,买盘
1820,11:00:00,15.34,--,21,32214,卖盘
1821,10:59:57,15.34,-0.01,43,65962,卖盘
1822,10:59:54,15.35,--,65,99775,买盘
1823,10:59:51,15.35,-0.01,245,376075,卖盘
1824,10:59:48,15.36,--,31,47616,买盘
1825,10:59:45,15.36,--,30,46080,买盘
1826,10:59:42,15.36,--,61,93696,买盘
1827,10:59:39,15.36,--,5,7680,买盘
1828,10:59:36,15.36,--,32,49152,买盘
1829,10:59:33,15.36,-0.01,85,130560,卖盘
1830,10:59:30,15.37,--,3,4611,买盘
1831,10:59:27,15.37,--,81,124497,买盘
1832,10:59:24,15.37,0.01,131,201347,买盘
1833,10:59:18,15.36,--,31,47616,卖盘
1834,10:59:12,15.36,--,883,1356288,买盘
1835,10:59:09,15.36,--,40,61440,买盘
1836,10:59:06,15.36,--,197,302592,卖盘
1837,10:59:03,15.36,0.01,68,104448,买盘
1838,10:59:00,15.35,-0.01,36,55260,卖盘
1839,10:58:57,15.36,--,16,24576,买盘
1840,10:58:54,15.36,0.01,116,178176,买盘
1841,10:58:51,15.35,0.01,710,1089850,买盘
1842,10:58:48,15.34,-0.01,173,265382,卖盘
1843,10:58:45,15.35,0.01,85,130475,买盘
1844,10:58:42,15.34,--,2,3068,卖盘
1845,10:58:39,15.34,--,16,24544,卖盘
1846,10:58:36,15.34,-0.01,56,85904,卖盘
1847,10:58:33,15.35,0.01,30,46050,买盘
1848,10:58:30,15.34,--,136,208624,买盘
1849,10:58:27,15.34,0.01,33,50622,买盘
1850,10:58:24,15.33,--,15,22995,卖盘
1851,10:58:21,15.33,--,9,13797,卖盘
1852,10:58:18,15.33,--,191,292803,卖盘
1853,10:58:12,15.33,--,6,9198,卖盘
1854,10:58:09,15.33,--,15,22995,买盘
1855,10:58:06,15.33,0.01,16,24528,买盘
1856,10:58:03,15.32,--,51,78132,卖盘
1857,10:58:00,15.32,--,57,87324,卖盘
1858,10:57:57,15.32,--,70,107240,买盘
1859,10:57:54,15.32,0.01,74,113368,买盘
1860,10:57:51,15.31,-0.01,27,41337,卖盘
1861,10:57:48,15.32,0.01,46,70472,买盘
1862,10:57:45,15.31,--,10,15310,卖盘
1863,10:57:42,15.31,--,21,32151,卖盘
1864,10:57:39,15.31,--,2,3062,卖盘
1865,10:57:36,15.31,0.01,68,104108,买盘
1866,10:57:33,15.3,--,61,93330,卖盘
1867,10:57:30,15.3,--,621,950130,买盘
1868,10:57:27,15.3,0.01,92,140760,买盘
1869,10:57:24,15.29,--,26,39754,买盘
1870,10:57:21,15.29,--,9,13761,买盘
1871,10:57:18,15.29,0.01,17,25993,买盘
1872,10:57:15,15.28,-0.01,97,148216,卖盘
1873,10:57:12,15.29,--,5,7645,买盘
1874,10:57:09,15.29,0.01,130,198770,买盘
1875,10:57:06,15.28,--,36,55008,买盘
1876,10:57:03,15.28,--,39,59592,买盘
1877,10:57:00,15.28,--,10,15280,买盘
1878,10:56:57,15.28,0.01,508,776224,买盘
1879,10:56:54,15.27,--,3,4581,买盘
1880,10:56:51,15.27,--,47,71769,买盘
1881,10:56:48,15.27,0.01,66,100782,买盘
1882,10:56:45,15.26,--,134,204484,买盘
1883,10:56:42,15.26,--,24,36624,买盘
1884,10:56:39,15.26,0.01,111,169386,买盘
1885,10:56:33,15.25,-0.01,110,167750,卖盘
1886,10:56:30,15.26,0.01,22,33572,买盘
1887,10:56:27,15.25,--,10,15250,卖盘
1888,10:56:24,15.25,--,187,285175,买盘
1889,10:56:21,15.25,0.01,197,300425,买盘
1890,10:56:18,15.24,-0.01,89,135636,卖盘
1891,10:56:15,15.25,--,23,35075,买盘
1892,10:56:09,15.25,--,21,32025,买盘
1893,10:56:06,15.25,0.01,53,80825,买盘
1894,10:56:03,15.24,0.01,1,1524,中性盘
1895,10:56:00,15.23,-0.02,14,21322,卖盘
1896,10:55:57,15.25,0.02,10,15250,买盘
1897,10:55:51,15.23,-0.01,29,44167,卖盘
1898,10:55:48,15.24,--,5,7620,买盘
1899,10:55:42,15.24,--,1,1524,买盘
1900,10:55:33,15.24,--,4,6096,卖盘
1901,10:55:27,15.24,-0.01,120,182880,卖盘
1902,10:55:24,15.25,--,53,80825,卖盘
1903,10:55:21,15.25,--,2,3050,卖盘
1904,10:55:18,15.25,--,27,41175,卖盘
1905,10:55:15,15.25,--,8,12200,卖盘
1906,10:55:12,15.25,--,35,53375,卖盘
1907,10:55:09,15.25,-0.01,5,7625,卖盘
1908,10:55:06,15.26,--,5,7630,买盘
1909,10:55:03,15.26,0.01,30,45780,买盘
1910,10:54:57,15.25,-0.01,37,56425,卖盘
1911,10:54:54,15.26,--,35,53410,买盘
1912,10:54:51,15.26,0.01,9,13734,买盘
1913,10:54:48,15.25,-0.01,1,1525,卖盘
1914,10:54:45,15.26,--,6,9156,买盘
1915,10:54:39,15.26,0.01,47,71722,买盘
1916,10:54:36,15.25,-0.01,4,6100,卖盘
1917,10:54:33,15.26,--,3,4578,买盘
1918,10:54:30,15.26,--,3,4578,卖盘
1919,10:54:27,15.26,--,11,16786,卖盘
1920,10:54:24,15.26,--,56,85456,卖盘
1921,10:54:21,15.26,-0.01,32,48832,卖盘
1922,10:54:18,15.27,0.01,120,183240,买盘
1923,10:54:15,15.26,-0.01,44,67144,卖盘
1924,10:54:12,15.27,0.01,113,172551,买盘
1925,10:54:09,15.26,--,4,6104,卖盘
1926,10:54:06,15.26,--,11,16786,卖盘
1927,10:54:03,15.26,-0.01,56,85456,卖盘
1928,10:54:00,15.27,--,27,41229,买盘
1929,10:53:57,15.27,--,30,45810,买盘
1930,10:53:54,15.27,--,45,68715,买盘
1931,10:53:51,15.27,0.01,15,22905,买盘
1932,10:53:48,15.26,--,1,1526,卖盘
1933,10:53:42,15.26,--,70,106820,卖盘
1934,10:53:36,15.26,--,276,421176,买盘
1935,10:53:30,15.26,--,65,99190,卖盘
1936,10:53:27,15.26,--,30,45780,卖盘
1937,10:53:24,15.26,--,23,35098,卖盘
1938,10:53:21,15.26,--,1,1526,卖盘
1939,10:53:18,15.26,0.01,10,15260,卖盘
1940,10:53:15,15.25,--,376,573400,买盘
1941,10:53:12,15.25,--,3,4575,买盘
1942,10:53:09,15.25,-0.01,429,654225,卖盘
1943,10:53:06,15.26,--,152,231952,买盘
1944,10:53:03,15.26,0.01,35,53410,买盘
1945,10:53:00,15.25,--,20,30500,卖盘
1946,10:52:57,15.25,--,56,85400,卖盘
1947,10:52:54,15.25,--,30,45750,卖盘
1948,10:52:51,15.25,-0.01,26,39650,卖盘
1949,10:52:48,15.26,0.01,32,48832,买盘
1950,10:52:45,15.25,--,23,35075,卖盘
1951,10:52:42,15.25,--,10,15250,卖盘
1952,10:52:39,15.25,0.02,385,587125,买盘
1953,10:52:36,15.23,0.01,37,56351,买盘
1954,10:52:33,15.22,-0.02,109,165898,卖盘
1955,10:52:27,15.24,0.01,20,30480,买盘
1956,10:52:24,15.23,-0.01,48,73104,卖盘
1957,10:52:21,15.24,--,106,161544,卖盘
1958,10:52:18,15.24,--,24,36576,买盘
1959,10:52:15,15.24,--,68,103632,买盘
1960,10:52:12,15.24,--,47,71628,买盘
1961,10:52:09,15.24,0.01,27,41148,买盘
1962,10:52:06,15.23,-0.01,92,140116,卖盘
1963,10:52:03,15.24,--,6,9144,买盘
1964,10:52:00,15.24,--,1,1524,买盘
1965,10:51:57,15.24,0.01,33,50292,买盘
1966,10:51:54,15.23,-0.01,124,188852,卖盘
1967,10:51:51,15.24,0.01,2,3048,买盘
1968,10:51:48,15.23,--,1,1523,卖盘
1969,10:51:42,15.23,-0.01,5,7615,卖盘
1970,10:51:39,15.24,0.02,11,16764,买盘
1971,10:51:36,15.22,-0.01,268,407896,中性盘
1972,10:51:33,15.23,0.01,25,38075,买盘
1973,10:51:30,15.22,--,645,981690,卖盘
1974,10:51:27,15.22,-0.01,6,9132,卖盘
1975,10:51:24,15.23,0.01,10,15230,买盘
1976,10:51:21,15.22,--,22,33484,卖盘
1977,10:51:18,15.22,--,199,302878,买盘
1978,10:51:15,15.22,--,6,9132,买盘
1979,10:51:12,15.22,--,26,39572,买盘
1980,10:51:09,15.22,--,41,62402,买盘
1981,10:51:06,15.22,0.01,12,18264,买盘
1982,10:51:03,15.21,-0.01,13,19773,卖盘
1983,10:51:00,15.22,--,5,7610,买盘
1984,10:50:57,15.22,-0.03,26,39572,卖盘
1985,10:50:54,15.25,--,8,12200,买盘
1986,10:50:51,15.25,0.01,25,38125,买盘
1987,10:50:48,15.24,0.02,8,12192,中性盘
1988,10:50:45,15.22,--,106,161332,卖盘
1989,10:50:42,15.22,-0.03,10,15220,卖盘
1990,10:50:39,15.25,--,360,549000,卖盘
1991,10:50:36,15.25,--,32,48800,卖盘
1992,10:50:33,15.25,--,39,59475,卖盘
1993,10:50:30,15.25,--,25,38125,卖盘
1994,10:50:27,15.25,--,31,47275,卖盘
1995,10:50:24,15.25,--,215,327875,买盘
1996,10:50:21,15.25,--,49,74725,买盘
1997,10:50:18,15.25,--,211,321775,买盘
1998,10:50:15,15.25,0.01,107,163175,买盘
1999,10:50:12,15.24,-0.01,22,33528,卖盘
2000,10:50:09,15.25,--,217,330925,买盘
2001,10:50:06,15.25,--,34,51850,买盘
2002,10:50:03,15.25,0.01,16,24400,买盘
2003,10:49:57,15.24,-0.01,5,7620,卖盘
2004,10:49:54,15.25,0.01,97,147925,买盘
2005,10:49:51,15.24,0.03,63,96012,买盘
2006,10:49:48,15.21,0.01,76,115596,买盘
2007,10:49:45,15.2,--,1,1520,卖盘
2008,10:49:42,15.2,--,527,801040,买盘
2009,10:49:39,15.2,0.01,3,4560,买盘
2010,10:49:36,15.19,-0.01,3,4572,卖盘
2011,10:49:33,15.2,--,1,1520,买盘
2012,10:49:30,15.2,0.01,231,351120,买盘
2013,10:49:27,15.19,--,141,214179,买盘
2014,10:49:21,15.19,0.01,2,3038,买盘
2015,10:49:18,15.18,0.01,199,302082,买盘
2016,10:49:15,15.17,0.01,15,22755,买盘
2017,10:49:12,15.16,-0.01,9,13644,卖盘
2018,10:49:06,15.17,0.01,50,75850,买盘
2019,10:49:03,15.16,--,4,6064,卖盘
2020,10:49:00,15.16,--,15,22740,卖盘
2021,10:48:57,15.16,--,1,1516,卖盘
2022,10:48:51,15.16,--,71,107636,买盘
2023,10:48:48,15.16,--,13,19708,买盘
2024,10:48:39,15.16,0.01,22,33352,买盘
2025,10:48:36,15.15,-0.01,3,4545,卖盘
2026,10:48:33,15.16,--,9,13644,买盘
2027,10:48:24,15.16,0.01,18,27288,买盘
2028,10:48:21,15.15,--,5,7575,卖盘
2029,10:48:15,15.15,-0.01,51,77265,卖盘
2030,10:48:12,15.16,--,16,24256,买盘
2031,10:48:06,15.16,0.01,7,10612,买盘
2032,10:48:03,15.15,-0.01,35,53025,卖盘
2033,10:48:00,15.16,0.01,12,18192,买盘
2034,10:47:57,15.15,--,1,1515,卖盘
2035,10:47:45,15.15,-0.01,5,7575,卖盘
2036,10:47:42,15.16,0.01,29,43964,买盘
2037,10:47:39,15.15,--,5,7575,卖盘
2038,10:47:36,15.15,--,3,4545,卖盘
2039,10:47:33,15.15,--,818,1239270,买盘
2040,10:47:27,15.15,0.01,14,21210,买盘
2041,10:47:21,15.14,--,5,7570,卖盘
2042,10:47:09,15.14,--,37,56018,卖盘
2043,10:47:06,15.14,--,64,96896,卖盘
2044,10:47:03,15.14,--,21,31794,卖盘
2045,10:47:00,15.14,--,10,15140,卖盘
2046,10:46:51,15.14,--,60,90840,卖盘
2047,10:46:48,15.14,--,8,12112,卖盘
2048,10:46:45,15.14,--,10,15140,卖盘
2049,10:46:42,15.14,--,10,15140,卖盘
2050,10:46:36,15.14,--,225,340650,卖盘
2051,10:46:33,15.14,--,13,19682,卖盘
2052,10:46:30,15.14,-0.01,5,7570,卖盘
2053,10:46:27,15.15,0.01,13,19695,买盘
2054,10:46:24,15.14,-0.01,5,7570,卖盘
2055,10:46:15,15.15,0.01,4,6060,买盘
2056,10:46:09,15.14,--,8,12112,卖盘
2057,10:46:06,15.14,--,3,4542,卖盘
2058,10:46:00,15.14,-0.01,1,1514,卖盘
2059,10:45:54,15.15,0.01,12,18180,买盘
2060,10:45:51,15.14,-0.01,21,31794,卖盘
2061,10:45:48,15.15,0.01,15,22725,买盘
2062,10:45:36,15.14,-0.01,3,4542,卖盘
2063,10:45:30,15.15,--,23,34845,买盘
2064,10:45:24,15.15,0.01,78,118170,买盘
2065,10:45:06,15.14,--,1,1514,卖盘
2066,10:45:03,15.14,--,8,12112,卖盘
2067,10:45:00,15.14,--,1,1514,卖盘
2068,10:44:57,15.14,--,76,115064,卖盘
2069,10:44:48,15.14,--,6,9084,卖盘
2070,10:44:45,15.14,--,10,15140,卖盘
2071,10:44:42,15.14,-0.01,1,1514,卖盘
2072,10:44:39,15.15,0.01,30,45450,买盘
2073,10:44:36,15.14,-0.01,3,4542,卖盘
2074,10:44:33,15.15,--,289,437835,卖盘
2075,10:44:30,15.15,-0.01,4,6060,卖盘
2076,10:44:27,15.16,0.01,73,110668,买盘
2077,10:44:24,15.15,-0.01,5,7575,卖盘
2078,10:44:21,15.16,0.01,2,3032,买盘
2079,10:44:15,15.15,-0.01,13,19695,卖盘
2080,10:44:12,15.16,-0.02,20,30320,中性盘
2081,10:44:09,15.18,0.03,40,60720,买盘
2082,10:44:03,15.15,-0.02,8,12120,卖盘
2083,10:44:00,15.17,0.01,71,107707,买盘
2084,10:43:57,15.16,0.01,15,22740,买盘
2085,10:43:54,15.15,-0.01,81,122715,卖盘
2086,10:43:51,15.16,--,7,10612,卖盘
2087,10:43:48,15.16,0.01,45,68220,买盘
2088,10:43:45,15.15,--,50,75750,卖盘
2089,10:43:42,15.15,--,30,45450,卖盘
2090,10:43:36,15.15,--,8,12120,卖盘
2091,10:43:33,15.15,--,74,112110,卖盘
2092,10:43:30,15.15,--,21,31815,卖盘
2093,10:43:27,15.15,-0.01,80,121200,卖盘
2094,10:43:24,15.16,--,77,116732,买盘
2095,10:43:21,15.16,0.01,5,7580,买盘
2096,10:43:18,15.15,--,10,15150,卖盘
2097,10:43:15,15.15,--,30,45450,卖盘
2098,10:43:12,15.15,--,406,615090,买盘
2099,10:43:09,15.15,0.01,12,18180,买盘
2100,10:43:03,15.14,--,7,10598,卖盘
2101,10:43:00,15.14,--,21,31794,卖盘
2102,10:42:57,15.14,--,7,10598,卖盘
2103,10:42:51,15.14,--,39,59046,卖盘
2104,10:42:48,15.14,-0.01,100,151400,卖盘
2105,10:42:42,15.15,0.01,100,151500,买盘
2106,10:42:39,15.14,--,26,39364,卖盘
2107,10:42:36,15.14,-0.01,18,27252,卖盘
2108,10:42:30,15.15,0.01,53,80295,买盘
2109,10:42:27,15.14,--,26,39364,卖盘
2110,10:42:24,15.14,--,30,45420,卖盘
2111,10:42:18,15.14,--,107,161998,买盘
2112,10:42:15,15.14,0.01,200,302800,买盘
2113,10:42:06,15.13,-0.01,302,456926,卖盘
2114,10:42:03,15.14,--,465,704010,卖盘
2115,10:42:00,15.14,--,20,30280,卖盘
2116,10:41:57,15.14,--,114,172596,卖盘
2117,10:41:51,15.14,--,14,21196,卖盘
2118,10:41:48,15.14,--,7,10598,卖盘
2119,10:41:45,15.14,--,21,31794,卖盘
2120,10:41:42,15.14,--,26,39364,卖盘
2121,10:41:33,15.14,-0.01,4,6056,卖盘
2122,10:41:30,15.15,0.01,17,25755,买盘
2123,10:41:27,15.14,-0.01,10,15140,卖盘
2124,10:41:21,15.15,--,11,16665,买盘
2125,10:41:18,15.15,--,37,56055,卖盘
2126,10:41:15,15.15,--,11,16665,卖盘
2127,10:41:12,15.15,--,170,257550,卖盘
2128,10:41:09,15.15,-0.01,5,7575,卖盘
2129,10:41:06,15.16,0.01,62,93992,买盘
2130,10:41:03,15.15,--,15,22725,卖盘
2131,10:41:00,15.15,--,10,15150,卖盘
2132,10:40:57,15.15,-0.01,10,15150,卖盘
2133,10:40:54,15.16,--,10,15160,买盘
2134,10:40:51,15.16,0.01,16,24256,买盘
2135,10:40:48,15.15,--,10,15150,卖盘
2136,10:40:45,15.15,0.01,3,4545,中性盘
2137,10:40:36,15.14,-0.01,108,163512,卖盘
2138,10:40:30,15.15,0.01,114,172710,买盘
2139,10:40:27,15.14,--,2,3028,卖盘
2140,10:40:24,15.14,--,47,71158,卖盘
2141,10:40:21,15.14,--,123,186222,买盘
2142,10:40:18,15.14,--,11,16654,卖盘
2143,10:40:15,15.14,--,108,163512,卖盘
2144,10:40:12,15.14,--,147,222558,卖盘
2145,10:40:09,15.14,--,319,482966,买盘
2146,10:40:06,15.14,0.01,5,7570,买盘
2147,10:40:03,15.13,-0.01,59,89267,卖盘
2148,10:40:00,15.14,-0.01,264,399696,卖盘
2149,10:39:57,15.15,-0.01,1,1515,卖盘
2150,10:39:54,15.16,0.01,6,9096,买盘
2151,10:39:51,15.15,0.01,50,75750,中性盘
2152,10:39:48,15.14,-0.02,23,34822,卖盘
2153,10:39:45,15.16,0.01,32,48512,买盘
2154,10:39:42,15.15,--,21,31815,卖盘
2155,10:39:39,15.15,--,22,33330,卖盘
2156,10:39:36,15.15,0.01,84,127260,买盘
2157,10:39:33,15.14,-0.01,44,66616,卖盘
2158,10:39:30,15.15,-0.01,28,42420,买盘
2159,10:39:27,15.16,--,3,4548,买盘
2160,10:39:24,15.16,--,91,137956,买盘
2161,10:39:21,15.16,0.01,6,9096,买盘
2162,10:39:18,15.15,-0.01,31,46965,卖盘
2163,10:39:15,15.16,-0.01,5,7580,中性盘
2164,10:39:09,15.17,--,35,53095,买盘
2165,10:39:06,15.17,0.01,79,119843,买盘
2166,10:39:03,15.16,0.01,3,4548,卖盘
2167,10:38:54,15.15,-0.03,100,151500,卖盘
2168,10:38:51,15.18,0.02,132,200376,买盘
2169,10:38:48,15.16,0.01,5,7580,买盘
2170,10:38:45,15.15,-0.03,6,9090,卖盘
2171,10:38:42,15.18,--,109,165462,买盘
2172,10:38:39,15.18,0.02,65,98670,买盘
2173,10:38:36,15.16,--,3,4548,卖盘
2174,10:38:33,15.16,-0.02,100,151600,卖盘
2175,10:38:21,15.18,0.04,315,478170,买盘
2176,10:38:18,15.14,-0.01,10,15140,卖盘
2177,10:38:15,15.15,0.01,60,90900,买盘
2178,10:38:12,15.14,--,52,78728,买盘
2179,10:38:06,15.14,0.01,100,151400,买盘
2180,10:38:03,15.13,--,59,89267,卖盘
2181,10:37:51,15.13,--,34,51442,买盘
2182,10:37:48,15.13,0.01,42,63546,买盘
2183,10:37:45,15.12,--,137,207144,买盘
2184,10:37:42,15.12,--,147,222264,买盘
2185,10:37:39,15.12,0.01,2,3024,买盘
2186,10:37:36,15.11,--,1,1511,卖盘
2187,10:37:33,15.11,--,20,30220,买盘
2188,10:37:30,15.11,--,119,179809,买盘
2189,10:37:24,15.11,--,26,39286,买盘
2190,10:37:18,15.11,--,13,19643,买盘
2191,10:37:06,15.11,0.01,4,6044,买盘
2192,10:37:03,15.1,-0.01,4,6040,卖盘
2193,10:37:00,15.11,0.01,2,3022,买盘
2194,10:36:57,15.1,-0.01,2,3020,卖盘
2195,10:36:54,15.11,0.01,2,3022,买盘
2196,10:36:39,15.1,--,5,7550,卖盘
2197,10:36:36,15.1,0.01,32,49075,买盘
2198,10:36:33,15.09,-0.01,3,4527,卖盘
2199,10:36:30,15.1,0.01,32,48320,买盘
2200,10:36:27,15.09,--,1,1509,卖盘
2201,10:36:24,15.09,--,1,1509,卖盘
2202,10:36:03,15.09,-0.01,4,6036,卖盘
2203,10:36:00,15.1,--,6,9060,买盘
2204,10:35:54,15.1,--,5,7550,买盘
2205,10:35:51,15.1,--,135,203850,买盘
2206,10:35:48,15.1,--,15,22650,买盘
2207,10:35:45,15.1,--,1,1510,买盘
2208,10:35:42,15.1,0.01,20,30200,买盘
2209,10:35:39,15.09,-0.01,67,101103,卖盘
2210,10:35:36,15.1,0.01,7,10570,买盘
2211,10:35:33,15.09,--,43,64887,卖盘
2212,10:35:30,15.09,--,17,25653,卖盘
2213,10:35:15,15.09,--,25,37725,卖盘
2214,10:35:12,15.09,0.01,93,140337,买盘
2215,10:35:06,15.08,-0.01,3,4524,卖盘
2216,10:35:00,15.09,0.01,2,3018,买盘
2217,10:34:54,15.08,0.01,5,7540,中性盘
2218,10:34:45,15.07,--,23,34661,卖盘
2219,10:34:33,15.07,-0.01,53,79871,卖盘
2220,10:34:30,15.08,0.01,202,304616,买盘
2221,10:34:24,15.07,-0.01,10,15070,卖盘
2222,10:34:21,15.08,-0.01,251,378508,卖盘
2223,10:34:18,15.09,-0.01,43,64887,卖盘
2224,10:34:15,15.1,0.01,2,3020,买盘
2225,10:34:12,15.09,--,28,42252,卖盘
2226,10:34:09,15.09,--,49,73941,卖盘
2227,10:34:03,15.09,--,4,6036,卖盘
2228,10:34:00,15.09,--,3,4527,卖盘
2229,10:33:57,15.09,-0.01,23,34707,卖盘
2230,10:33:54,15.1,0.01,2,3020,买盘
2231,10:33:51,15.09,--,50,75450,卖盘
2232,10:33:42,15.09,--,64,96576,卖盘
2233,10:33:36,15.09,--,14,21126,卖盘
2234,10:33:33,15.09,--,9,13581,卖盘
2235,10:33:30,15.09,-0.01,28,42252,卖盘
2236,10:33:27,15.1,0.01,11,16610,买盘
2237,10:33:21,15.09,-0.01,11,16599,卖盘
2238,10:33:18,15.1,--,26,39260,买盘
2239,10:33:15,15.1,0.01,10,15100,买盘
2240,10:33:12,15.09,--,6,9054,卖盘
2241,10:33:09,15.09,--,4,6036,卖盘
2242,10:33:06,15.09,--,2,3018,卖盘
2243,10:33:03,15.09,--,3,4527,卖盘
2244,10:33:00,15.09,--,15,22635,卖盘
2245,10:32:57,15.09,-0.01,16,24144,卖盘
2246,10:32:54,15.1,0.01,3,4530,买盘
2247,10:32:51,15.09,--,45,67905,卖盘
2248,10:32:48,15.09,--,70,105630,卖盘
2249,10:32:45,15.09,-0.01,4,6036,卖盘
2250,10:32:42,15.1,0.01,7,10570,买盘
2251,10:32:36,15.09,-0.01,45,67905,卖盘
2252,10:32:21,15.1,--,21,31710,买盘
2253,10:32:18,15.1,--,3,4530,卖盘
2254,10:32:15,15.1,--,10,15100,卖盘
2255,10:32:12,15.1,-0.01,18,27180,卖盘
2256,10:32:09,15.11,0.01,2,3022,买盘
2257,10:32:06,15.1,--,15,22650,卖盘
2258,10:32:03,15.1,--,4,6040,卖盘
2259,10:31:57,15.1,--,31,46810,卖盘
2260,10:31:54,15.1,--,3,4530,卖盘
2261,10:31:51,15.1,0.02,416,628160,买盘
2262,10:31:48,15.08,-0.01,5,7540,卖盘
2263,10:31:39,15.09,0.01,7,10563,买盘
2264,10:31:33,15.08,-0.01,19,28652,卖盘
2265,10:31:30,15.09,-0.01,51,76959,卖盘
2266,10:31:27,15.1,0.01,22,33220,买盘
2267,10:31:21,15.09,-0.01,19,28671,卖盘
2268,10:31:18,15.1,0.01,40,60400,买盘
2269,10:31:15,15.09,--,25,37725,卖盘
2270,10:31:12,15.09,-0.01,42,63378,卖盘
2271,10:31:06,15.1,0.01,44,66440,买盘
2272,10:31:03,15.09,-0.01,1,1509,卖盘
2273,10:31:00,15.1,--,4,6040,买盘
2274,10:30:57,15.1,0.01,4,6040,买盘
2275,10:30:54,15.09,-0.01,21,31689,卖盘
2276,10:30:48,15.1,--,2,3020,买盘
2277,10:30:45,15.1,--,1,1510,买盘
2278,10:30:42,15.1,0.01,1,1510,买盘
2279,10:30:36,15.09,-0.01,49,73941,卖盘
2280,10:30:33,15.1,--,9,13590,卖盘
2281,10:30:30,15.1,0.01,39,58890,买盘
2282,10:30:27,15.09,-0.01,24,36216,卖盘
2283,10:30:18,15.1,--,16,24160,买盘
2284,10:30:15,15.1,0.01,67,101170,买盘
2285,10:30:09,15.09,-0.01,30,45270,卖盘
2286,10:30:06,15.1,0.01,15,22650,买盘
2287,10:30:03,15.09,-0.01,38,57342,卖盘
2288,10:30:00,15.1,--,37,55870,买盘
2289,10:29:57,15.1,--,1,1510,买盘
2290,10:29:54,15.1,--,25,37750,买盘
2291,10:29:48,15.1,--,11,16610,买盘
2292,10:29:45,15.1,--,38,57380,卖盘
2293,10:29:42,15.1,-0.01,22,33220,卖盘
2294,10:29:39,15.11,0.01,41,61951,买盘
2295,10:29:33,15.1,-0.01,48,72480,卖盘
2296,10:29:30,15.11,0.01,11,16621,买盘
2297,10:29:24,15.1,-0.01,23,34730,卖盘
2298,10:29:21,15.11,--,29,43819,卖盘
2299,10:29:18,15.11,--,34,51374,卖盘
2300,10:29:15,15.11,--,21,31731,卖盘
2301,10:29:12,15.11,-0.01,34,51374,卖盘
2302,10:29:09,15.12,0.01,5,7560,买盘
2303,10:29:06,15.11,-0.01,3,4533,卖盘
2304,10:29:03,15.12,-0.01,20,30240,卖盘
2305,10:29:00,15.13,--,30,45390,买盘
2306,10:28:57,15.13,0.01,12,18156,买盘
2307,10:28:54,15.12,--,28,42336,卖盘
2308,10:28:51,15.12,-0.01,35,52920,卖盘
2309,10:28:48,15.13,0.01,39,59007,买盘
2310,10:28:45,15.12,--,15,22680,买盘
2311,10:28:42,15.12,--,73,110376,买盘
2312,10:28:39,15.12,-0.01,40,60480,卖盘
2313,10:28:36,15.13,0.02,2,3026,买盘
2314,10:28:33,15.11,-0.01,65,98215,卖盘
2315,10:28:30,15.12,0.01,31,46872,中性盘
2316,10:28:27,15.11,--,21,31731,卖盘
2317,10:28:24,15.11,-0.01,10,15110,卖盘
2318,10:28:21,15.12,--,83,125496,买盘
2319,10:28:18,15.12,--,1,1512,买盘
2320,10:28:15,15.12,0.01,494,746928,买盘
2321,10:28:12,15.11,-0.01,44,66484,卖盘
2322,10:28:09,15.12,--,13,19656,买盘
2323,10:28:06,15.12,0.01,6,9072,买盘
2324,10:28:03,15.11,-0.01,3,4533,卖盘
2325,10:28:00,15.12,0.01,12,18144,买盘
2326,10:27:51,15.11,0.01,24,36264,买盘
2327,10:27:42,15.1,0.01,77,116270,买盘
2328,10:27:39,15.09,0.02,131,197679,买盘
2329,10:27:36,15.07,--,3,4521,卖盘
2330,10:27:27,15.07,--,66,99462,买盘
2331,10:27:24,15.07,--,70,105490,买盘
2332,10:27:21,15.07,0.01,2,3014,买盘
2333,10:27:15,15.06,0.01,686,1033116,买盘
2334,10:27:12,15.05,--,21,31605,买盘
2335,10:27:09,15.05,--,42,63210,买盘
2336,10:27:06,15.05,0.01,21,31605,买盘
2337,10:27:03,15.04,--,3,4512,卖盘
2338,10:27:00,15.04,0.01,28,42112,买盘
2339,10:26:54,15.03,-0.01,35,52605,卖盘
2340,10:26:51,15.04,--,10,15040,买盘
2341,10:26:48,15.04,--,5,7520,买盘
2342,10:26:45,15.04,--,50,75200,买盘
2343,10:26:39,15.04,0.01,7,10528,买盘
2344,10:26:33,15.03,0.02,38,57114,买盘
2345,10:26:30,15.01,-0.01,120,180120,卖盘
2346,10:26:27,15.02,--,85,127670,买盘
2347,10:26:18,15.02,--,6,9012,买盘
2348,10:26:09,15.02,0.01,63,94626,买盘
2349,10:26:06,15.01,--,41,61541,卖盘
2350,10:26:03,15.01,-0.01,79,118579,卖盘
2351,10:26:00,15.02,--,126,189252,买盘
2352,10:25:57,15.02,--,249,373998,买盘
2353,10:25:54,15.02,--,52,78104,买盘
2354,10:25:51,15.02,0.01,79,118658,买盘
2355,10:25:48,15.01,--,72,108072,买盘
2356,10:25:45,15.01,--,8,12008,卖盘
2357,10:25:42,15.01,--,23,34523,卖盘
2358,10:25:39,15.01,--,3,4503,卖盘
2359,10:25:33,15.01,-0.01,3,4503,卖盘
2360,10:25:30,15.02,--,2,3004,买盘
2361,10:25:27,15.02,--,50,75100,买盘
2362,10:25:21,15.02,--,8,12016,买盘
2363,10:25:18,15.02,--,32,48064,买盘
2364,10:25:12,15.02,0.01,1,1502,买盘
2365,10:25:06,15.01,--,38,57038,卖盘
2366,10:25:03,15.01,--,4,6004,卖盘
2367,10:25:00,15.01,--,115,172615,买盘
2368,10:24:57,15.01,--,3,4503,买盘
2369,10:24:54,15.01,--,60,90060,买盘
2370,10:24:51,15.01,--,10,15010,买盘
2371,10:24:48,15.01,0.01,5,7505,买盘
2372,10:24:45,15.0,--,9,13500,卖盘
2373,10:24:39,15.0,-0.01,17,25500,卖盘
2374,10:24:36,15.01,0.01,42,63042,买盘
2375,10:24:33,15.0,--,4,6000,卖盘
2376,10:24:30,15.0,--,53,79500,卖盘
2377,10:24:27,15.0,-0.01,6,9000,卖盘
2378,10:24:24,15.01,--,59,88559,买盘
2379,10:24:21,15.01,0.01,1,1501,买盘
2380,10:24:12,15.0,-0.01,50,75000,卖盘
2381,10:24:09,15.01,--,3,4503,买盘
2382,10:24:06,15.01,0.01,6,9006,买盘
2383,10:24:03,15.0,-0.01,25,37500,卖盘
2384,10:24:00,15.01,--,11,16511,买盘
2385,10:23:57,15.01,0.01,2,3002,买盘
2386,10:23:54,15.0,-0.01,5,7500,卖盘
2387,10:23:51,15.01,--,4,6004,买盘
2388,10:23:45,15.01,--,19,28519,买盘
2389,10:23:39,15.01,--,3,4503,买盘
2390,10:23:36,15.01,0.01,14,21014,买盘
2391,10:23:33,15.0,-0.01,39,58500,卖盘
2392,10:23:30,15.01,0.01,10,15010,买盘
2393,10:23:27,15.0,--,17,25500,卖盘
2394,10:23:24,15.0,--,18,27000,卖盘
2395,10:23:21,15.0,--,1,1500,卖盘
2396,10:23:18,15.0,-0.01,24,36000,卖盘
2397,10:23:15,15.01,--,2,3002,买盘
2398,10:23:09,15.01,0.01,5,7505,买盘
2399,10:23:03,15.0,--,4,6000,卖盘
2400,10:23:00,15.0,-0.01,2,3000,卖盘
2401,10:22:57,15.01,--,3,4503,买盘
2402,10:22:54,15.01,0.01,3,4503,买盘
2403,10:22:48,15.0,-0.01,20,30000,卖盘
2404,10:22:45,15.01,--,15,22515,买盘
2405,10:22:36,15.01,0.01,33,49533,买盘
2406,10:22:33,15.0,--,45,67500,卖盘
2407,10:22:30,15.0,--,94,141000,买盘
2408,10:22:24,15.0,--,5,7500,买盘
2409,10:22:21,15.0,0.01,20,30000,买盘
2410,10:22:18,14.99,--,6,8994,卖盘
2411,10:22:15,14.99,--,53,79447,卖盘
2412,10:22:12,14.99,--,25,37475,卖盘
2413,10:22:09,14.99,-0.01,24,35976,卖盘
2414,10:22:06,15.0,0.01,16,24000,买盘
2415,10:22:03,14.99,-0.01,25,37475,卖盘
2416,10:22:00,15.0,--,5,7500,买盘
2417,10:21:57,15.0,0.01,6,9000,买盘
2418,10:21:54,14.99,--,12,17988,卖盘
2419,10:21:51,14.99,-0.01,18,26982,卖盘
2420,10:21:48,15.0,--,17,25500,中性盘
2421,10:21:36,15.0,0.01,6,9000,买盘
2422,10:21:33,14.99,-0.01,13,19487,卖盘
2423,10:21:30,15.0,--,12,18000,买盘
2424,10:21:27,15.0,--,16,24000,卖盘
2425,10:21:18,15.0,0.01,21,31500,买盘
2426,10:21:15,14.99,-0.01,16,23984,卖盘
2427,10:21:09,15.0,0.01,2,3000,买盘
2428,10:21:06,14.99,--,25,37475,卖盘
2429,10:21:03,14.99,-0.01,28,41972,卖盘
2430,10:21:00,15.0,0.01,6,9000,买盘
2431,10:20:57,14.99,--,1,1499,卖盘
2432,10:20:54,14.99,-0.01,54,80946,卖盘
2433,10:20:48,15.0,0.01,3,4500,买盘
2434,10:20:42,14.99,-0.01,12,17988,卖盘
2435,10:20:39,15.0,0.01,3,4500,买盘
2436,10:20:33,14.99,-0.01,28,41972,卖盘
2437,10:20:27,15.0,-0.01,2,3000,买盘
2438,10:20:24,15.01,0.01,50,75050,买盘
2439,10:20:21,15.0,--,246,369000,卖盘
2440,10:20:18,15.0,--,38,57000,卖盘
2441,10:20:15,15.0,--,1,1500,卖盘
2442,10:20:12,15.0,-0.01,17,25500,卖盘
2443,10:20:06,15.01,0.01,10,15010,买盘
2444,10:20:03,15.0,-0.01,10,15000,卖盘
2445,10:20:00,15.01,0.01,69,103569,买盘
2446,10:19:54,15.0,--,15,22500,卖盘
2447,10:19:51,15.0,-0.02,15,22500,卖盘
2448,10:19:48,15.02,0.01,3,4506,买盘
2449,10:19:42,15.01,--,50,75050,卖盘
2450,10:19:39,15.01,0.01,55,82555,买盘
2451,10:19:36,15.0,--,42,63000,卖盘
2452,10:19:33,15.0,--,35,52500,卖盘
2453,10:19:30,15.0,--,12,18000,卖盘
2454,10:19:27,15.0,-0.02,14,21000,卖盘
2455,10:19:21,15.02,0.02,313,470126,买盘
2456,10:19:18,15.0,-0.01,50,75000,卖盘
2457,10:19:15,15.01,0.01,25,37525,买盘
2458,10:19:12,15.0,--,140,210000,卖盘
2459,10:19:09,15.0,-0.01,26,39000,卖盘
2460,10:19:06,15.01,0.01,124,186124,买盘
2461,10:19:03,15.0,--,30,45000,卖盘
2462,10:19:00,15.0,-0.01,2,3000,卖盘
2463,10:18:54,15.01,--,14,21014,买盘
2464,10:18:48,15.01,--,20,30020,买盘
2465,10:18:45,15.01,--,5,7505,买盘
2466,10:18:42,15.01,--,3,4503,买盘
2467,10:18:39,15.01,0.01,5,7505,买盘
2468,10:18:36,15.0,--,33,49500,卖盘
2469,10:18:33,15.0,-0.01,3,4500,卖盘
2470,10:18:27,15.01,-0.01,2,3002,卖盘
2471,10:18:24,15.02,0.01,32,48064,买盘
2472,10:18:18,15.01,-0.01,5,7505,卖盘
2473,10:18:06,15.02,0.01,1,1502,买盘
2474,10:18:03,15.01,--,13,19513,卖盘
2475,10:18:00,15.01,-0.01,4,6004,卖盘
2476,10:17:54,15.02,0.01,13,19526,买盘
2477,10:17:51,15.01,-0.01,13,19513,卖盘
2478,10:17:45,15.02,0.01,2,3004,买盘
2479,10:17:42,15.01,--,57,85557,买盘
2480,10:17:39,15.01,0.01,78,117078,买盘
2481,10:17:33,15.0,-0.01,4,6000,卖盘
2482,10:17:30,15.01,--,35,52535,买盘
2483,10:17:27,15.01,--,10,15010,买盘
2484,10:17:24,15.01,--,5,7505,买盘
2485,10:17:21,15.01,0.01,5,7505,买盘
2486,10:17:18,15.0,-0.01,85,127500,卖盘
2487,10:17:12,15.01,0.01,11,16511,买盘
2488,10:17:06,15.0,--,50,75000,卖盘
2489,10:17:03,15.0,-0.01,5,7500,卖盘
2490,10:17:00,15.01,0.01,21,31521,买盘
2491,10:16:57,15.0,-0.01,20,30000,卖盘
2492,10:16:54,15.01,0.01,1,1501,买盘
2493,10:16:51,15.0,-0.01,1,1500,卖盘
2494,10:16:48,15.01,--,3,4503,买盘
2495,10:16:42,15.01,0.01,2,3002,买盘
2496,10:16:33,15.0,--,3,4500,卖盘
2497,10:16:27,15.0,0.01,4,6000,买盘
2498,10:16:24,14.99,-0.01,102,152898,卖盘
2499,10:16:21,15.0,--,2,3000,买盘
2500,10:16:15,15.0,--,18,27000,买盘
2501,10:16:12,15.0,--,11,16500,买盘
2502,10:16:09,15.0,0.01,15,22500,买盘
2503,10:16:03,14.99,-0.01,16,23984,卖盘
2504,10:16:00,15.0,--,21,31500,买盘
2505,10:15:57,15.0,--,29,43500,买盘
2506,10:15:54,15.0,--,30,45000,买盘
2507,10:15:51,15.0,0.01,3,4500,买盘
2508,10:15:48,14.99,-0.01,15,22485,卖盘
2509,10:15:45,15.0,--,19,28500,买盘
2510,10:15:42,15.0,--,50,75000,买盘
2511,10:15:39,15.0,--,19,28500,买盘
2512,10:15:36,15.0,0.01,100,150000,买盘
2513,10:15:33,14.99,--,7,10493,卖盘
2514,10:15:24,14.99,-0.01,23,34477,卖盘
2515,10:15:21,15.0,0.01,23,34500,买盘
2516,10:15:18,14.99,-0.01,22,32978,卖盘
2517,10:15:15,15.0,0.01,15,22500,买盘
2518,10:15:12,14.99,--,11,16489,卖盘
2519,10:15:09,14.99,--,3,4497,卖盘
2520,10:15:03,14.99,--,7,10493,卖盘
2521,10:14:48,14.99,--,3,4497,卖盘
2522,10:14:45,14.99,--,24,35976,买盘
2523,10:14:42,14.99,--,7,10493,买盘
2524,10:14:39,14.99,0.01,102,152898,买盘
2525,10:14:33,14.98,--,53,79394,卖盘
2526,10:14:30,14.98,-0.01,9,13482,卖盘
2527,10:14:27,14.99,--,20,29980,买盘
2528,10:14:18,14.99,--,8,11992,买盘
2529,10:14:15,14.99,--,20,29980,买盘
2530,10:14:12,14.99,--,21,31479,买盘
2531,10:14:09,14.99,-0.01,20,29980,买盘
2532,10:14:06,15.0,0.02,21,31500,买盘
2533,10:14:03,14.98,--,3,4494,卖盘
2534,10:13:54,14.98,-0.02,1,1498,卖盘
2535,10:13:51,15.0,--,4,6000,买盘
2536,10:13:48,15.0,--,5,7500,买盘
2537,10:13:45,15.0,--,6,9000,买盘
2538,10:13:42,15.0,0.02,7,10500,买盘
2539,10:13:36,14.98,-0.01,293,438914,卖盘
2540,10:13:33,14.99,-0.01,4,5996,卖盘
2541,10:13:18,15.0,0.01,61,91500,买盘
2542,10:13:15,14.99,-0.01,56,83944,卖盘
2543,10:13:12,15.0,0.01,13,19500,买盘
2544,10:13:09,14.99,--,10,14990,卖盘
2545,10:13:06,14.99,--,24,35976,卖盘
2546,10:13:03,14.99,-0.01,3,4497,卖盘
2547,10:12:57,15.0,--,18,27000,买盘
2548,10:12:51,15.0,0.01,3,4500,买盘
2549,10:12:42,14.99,-0.01,1,1499,卖盘
2550,10:12:36,15.0,--,68,102000,卖盘
2551,10:12:33,15.0,--,22,33000,卖盘
2552,10:12:30,15.0,--,8,12000,卖盘
2553,10:12:27,15.0,--,10,15000,卖盘
2554,10:12:21,15.0,-0.01,5,7500,卖盘
2555,10:12:18,15.01,--,2,3002,买盘
2556,10:12:12,15.01,0.01,160,240160,买盘
2557,10:12:09,15.0,--,7,10500,卖盘
2558,10:12:03,15.0,--,4,6000,卖盘
2559,10:11:57,15.0,-0.01,152,228000,卖盘
2560,10:11:51,15.01,--,3,4503,买盘
2561,10:11:45,15.01,0.01,6,9006,买盘
2562,10:11:39,15.0,-0.01,10,15000,卖盘
2563,10:11:36,15.01,0.01,3,4503,买盘
2564,10:11:33,15.0,--,3,4500,卖盘
2565,10:11:30,15.0,--,6,9000,卖盘
2566,10:11:24,15.0,-0.01,26,39000,卖盘
2567,10:11:15,15.01,0.01,5,7505,卖盘
2568,10:11:12,15.0,--,12,18000,卖盘
2569,10:11:09,15.0,--,9,13500,卖盘
2570,10:11:06,15.0,--,30,45000,卖盘
2571,10:11:03,15.0,-0.01,3,4500,卖盘
2572,10:11:00,15.01,0.01,54,81054,买盘
2573,10:10:57,15.0,--,5,7500,卖盘
2574,10:10:54,15.0,-0.01,39,58500,卖盘
2575,10:10:51,15.01,0.01,12,18012,买盘
2576,10:10:45,15.0,-0.01,143,214500,卖盘
2577,10:10:42,15.01,--,49,73549,买盘
2578,10:10:39,15.01,0.01,50,75050,买盘
2579,10:10:33,15.0,-0.01,17,25500,卖盘
2580,10:10:30,15.01,--,5,7505,买盘
2581,10:10:27,15.01,0.01,15,22515,买盘
2582,10:10:18,15.0,-0.01,1,1500,卖盘
2583,10:10:15,15.01,--,285,427785,买盘
2584,10:10:12,15.01,--,62,93062,买盘
2585,10:10:09,15.01,--,9,13509,买盘
2586,10:10:06,15.01,0.01,17,25517,买盘
2587,10:10:03,15.0,--,394,591000,卖盘
2588,10:10:00,15.0,--,21,31500,卖盘
2589,10:09:54,15.0,-0.01,121,181500,卖盘
2590,10:09:51,15.01,-0.01,52,78052,卖盘
2591,10:09:48,15.02,0.01,27,40554,买盘
2592,10:09:45,15.01,--,20,30020,卖盘
2593,10:09:42,15.01,--,31,46531,卖盘
2594,10:09:39,15.01,--,31,46531,卖盘
2595,10:09:36,15.01,0.01,22,33022,中性盘
2596,10:09:33,15.0,-0.01,54,81000,卖盘
2597,10:09:30,15.01,--,5,7505,买盘
2598,10:09:27,15.01,0.01,2,3002,买盘
2599,10:09:24,15.0,--,16,24000,卖盘
2600,10:09:21,15.0,-0.01,60,90000,卖盘
2601,10:09:18,15.01,--,10,15010,买盘
2602,10:09:15,15.01,--,53,79553,买盘
2603,10:09:12,15.01,0.01,104,156104,买盘
2604,10:09:09,15.0,--,34,51000,卖盘
2605,10:09:03,15.0,-0.01,146,219000,卖盘
2606,10:09:00,15.01,--,1,1501,买盘
2607,10:08:57,15.01,--,51,76551,卖盘
2608,10:08:54,15.01,-0.01,1,1501,卖盘
2609,10:08:51,15.02,0.01,25,37550,买盘
2610,10:08:48,15.01,--,6,9006,买盘
2611,10:08:45,15.01,--,5,7505,买盘
2612,10:08:42,15.01,-0.01,12,18012,中性盘
2613,10:08:39,15.02,0.02,21,31542,买盘
2614,10:08:36,15.0,-0.02,103,154500,卖盘
2615,10:08:33,15.02,--,10,15020,买盘
2616,10:08:27,15.02,--,45,67590,买盘
2617,10:08:24,15.02,0.01,12,18024,买盘
2618,10:08:21,15.01,0.01,70,105070,买盘
2619,10:08:15,15.0,--,28,42000,卖盘
2620,10:08:12,15.0,--,883,1324500,买盘
2621,10:08:09,15.0,--,12,18000,买盘
2622,10:08:06,15.0,0.01,15,22500,买盘
2623,10:08:03,14.99,-0.01,25,37475,卖盘
2624,10:07:57,15.0,--,42,63000,买盘
2625,10:07:54,15.0,--,2,3000,买盘
2626,10:07:51,15.0,--,26,39000,买盘
2627,10:07:48,15.0,--,69,104805,买盘
2628,10:07:45,15.0,--,2,3000,买盘
2629,10:07:42,15.0,--,16,24000,买盘
2630,10:07:36,15.0,0.01,21,31500,买盘
2631,10:07:33,14.99,-0.01,3,4497,卖盘
2632,10:07:30,15.0,--,21,31500,买盘
2633,10:07:27,15.0,--,21,31500,买盘
2634,10:07:24,15.0,0.01,2,3000,买盘
2635,10:07:21,14.99,--,18,26982,卖盘
2636,10:07:18,14.99,--,28,41972,卖盘
2637,10:07:12,14.99,-0.01,96,143904,卖盘
2638,10:07:09,15.0,0.01,86,129000,买盘
2639,10:07:06,14.99,--,15,22485,卖盘
2640,10:07:03,14.99,--,11,16489,卖盘
2641,10:06:57,14.99,--,25,37475,卖盘
2642,10:06:51,14.99,--,118,176882,买盘
2643,10:06:48,14.99,0.01,9,13491,买盘
2644,10:06:45,14.98,-0.01,5,7490,卖盘
2645,10:06:39,14.99,0.01,10,14990,买盘
2646,10:06:33,14.98,-0.01,24,35952,卖盘
2647,10:06:30,14.99,--,2,2998,买盘
2648,10:06:27,14.99,--,60,89940,卖盘
2649,10:06:24,14.99,0.01,7,10493,买盘
2650,10:06:21,14.98,-0.02,36,53928,卖盘
2651,10:06:18,15.0,0.01,55,82500,买盘
2652,10:06:12,14.99,--,5,7495,买盘
2653,10:06:09,14.99,--,70,104930,买盘
2654,10:06:06,14.99,--,26,38974,买盘
2655,10:06:03,14.99,--,7,10493,买盘
2656,10:06:00,14.99,--,53,79447,买盘
2657,10:05:54,14.99,--,3,4497,买盘
2658,10:05:51,14.99,--,3,4497,买盘
2659,10:05:48,14.99,--,25,37475,买盘
2660,10:05:45,14.99,--,21,31479,买盘
2661,10:05:42,14.99,--,2,2998,买盘
2662,10:05:39,14.99,--,13,19487,买盘
2663,10:05:36,14.99,0.01,39,58461,买盘
2664,10:05:33,14.98,-0.02,120,179760,卖盘
2665,10:05:27,15.0,--,2,3000,买盘
2666,10:05:24,15.0,--,7,10500,买盘
2667,10:05:18,15.0,0.01,30,45000,买盘
2668,10:05:12,14.99,0.01,16,23984,买盘
2669,10:05:09,14.98,-0.01,20,29960,卖盘
2670,10:05:06,14.99,--,7,10493,卖盘
2671,10:05:03,14.99,--,13,19487,买盘
2672,10:04:54,14.99,0.01,8,11992,买盘
2673,10:04:51,14.98,--,6,8988,卖盘
2674,10:04:42,14.98,-0.01,20,29960,卖盘
2675,10:04:39,14.99,0.01,129,193371,买盘
2676,10:04:33,14.98,-0.01,19,28462,卖盘
2677,10:04:30,14.99,--,7,10493,买盘
2678,10:04:27,14.99,--,30,44970,买盘
2679,10:04:24,14.99,--,35,52465,买盘
2680,10:04:12,14.99,0.01,4,5996,买盘
2681,10:04:09,14.98,--,5,7490,卖盘
2682,10:04:03,14.98,-0.01,4,5992,卖盘
2683,10:03:57,14.99,0.04,2,2998,买盘
2684,10:03:51,14.95,-0.03,50,74750,卖盘
2685,10:03:48,14.98,0.03,29,43442,买盘
2686,10:03:45,14.95,-0.01,10,14950,卖盘
2687,10:03:42,14.96,--,41,61336,买盘
2688,10:03:39,14.96,--,6,8976,买盘
2689,10:03:36,14.96,0.01,6,8976,买盘
2690,10:03:33,14.95,-0.01,38,56810,卖盘
2691,10:03:30,14.96,--,22,32912,买盘
2692,10:03:24,14.96,-0.01,5,7480,买盘
2693,10:03:21,14.97,-0.02,27,40419,卖盘
2694,10:03:18,14.99,0.01,588,881412,买盘
2695,10:03:12,14.98,--,1,1498,卖盘
2696,10:03:09,14.98,--,283,424683,买盘
2697,10:03:06,14.98,--,16,23968,买盘
2698,10:03:03,14.98,--,14,20972,买盘
2699,10:03:00,14.98,0.01,4,7340,买盘
2700,10:02:57,14.97,--,4,6137,卖盘
2701,10:02:54,14.97,-0.01,2,4341,卖盘
2702,10:02:51,14.98,--,17,25466,买盘
2703,10:02:48,14.98,--,10,14980,买盘
2704,10:02:45,14.98,--,8,11984,买盘
2705,10:02:42,14.98,--,2,2996,买盘
2706,10:02:36,14.98,0.01,2,2996,买盘
2707,10:02:33,14.97,-0.01,4,5988,中性盘
2708,10:02:30,14.98,0.02,47,70406,买盘
2709,10:02:24,14.96,-0.02,46,68816,卖盘
2710,10:02:15,14.98,--,46,68908,买盘
2711,10:02:12,14.98,0.01,105,157290,买盘
2712,10:02:09,14.97,0.01,4,5988,买盘
2713,10:02:06,14.96,--,5,7480,卖盘
2714,10:02:03,14.96,-0.01,15,22440,卖盘
2715,10:01:57,14.97,--,2,2994,买盘
2716,10:01:54,14.97,--,48,71856,买盘
2717,10:01:51,14.97,--,6,8982,买盘
2718,10:01:48,14.97,--,65,97305,买盘
2719,10:01:45,14.97,--,4,5988,买盘
2720,10:01:42,14.97,--,42,62874,买盘
2721,10:01:39,14.97,0.01,10,14970,买盘
2722,10:01:36,14.96,--,65,97240,卖盘
2723,10:01:33,14.96,-0.01,24,35904,卖盘
2724,10:01:30,14.97,0.01,21,31437,买盘
2725,10:01:27,14.96,-0.01,14,20944,卖盘
2726,10:01:21,14.97,--,5,7485,买盘
2727,10:01:18,14.97,0.01,124,185628,买盘
2728,10:01:15,14.96,--,10,14960,买盘
2729,10:01:12,14.96,--,65,97240,买盘
2730,10:01:09,14.96,--,61,91256,买盘
2731,10:01:06,14.96,0.01,4,5984,买盘
2732,10:01:03,14.95,--,30,44850,卖盘
2733,10:01:00,14.95,--,17,25415,卖盘
2734,10:00:54,14.95,--,35,52325,卖盘
2735,10:00:51,14.95,--,31,46345,卖盘
2736,10:00:48,14.95,-0.01,74,110630,卖盘
2737,10:00:45,14.96,0.01,3,4488,买盘
2738,10:00:39,14.95,--,12,17940,卖盘
2739,10:00:36,14.95,-0.01,10,14950,卖盘
2740,10:00:33,14.96,0.01,149,222904,买盘
2741,10:00:30,14.95,--,9,13858,卖盘
2742,10:00:27,14.95,--,15,22425,卖盘
2743,10:00:24,14.95,-0.01,2,2990,卖盘
2744,10:00:21,14.96,0.01,10,14960,买盘
2745,10:00:12,14.95,--,16,23920,卖盘
2746,10:00:09,14.95,-0.01,58,86710,卖盘
2747,10:00:03,14.96,0.01,33,49368,买盘
2748,10:00:00,14.95,-0.01,25,37375,卖盘
2749,09:59:54,14.96,0.01,36,53856,买盘
2750,09:59:51,14.95,--,33,49335,买盘
2751,09:59:48,14.95,--,3,4485,买盘
2752,09:59:42,14.95,--,10,14950,卖盘
2753,09:59:39,14.95,--,5,7475,买盘
2754,09:59:36,14.95,--,20,29900,买盘
2755,09:59:33,14.95,0.01,31,46345,买盘
2756,09:59:30,14.94,-0.01,15,22410,卖盘
2757,09:59:27,14.95,--,23,34385,买盘
2758,09:59:24,14.95,0.02,3,4485,买盘
2759,09:59:18,14.93,-0.01,29,43297,卖盘
2760,09:59:15,14.94,--,22,32868,卖盘
2761,09:59:12,14.94,-0.01,24,35856,中性盘
2762,09:59:09,14.95,--,116,173420,买盘
2763,09:59:06,14.95,0.01,141,210795,买盘
2764,09:59:03,14.94,--,84,125496,买盘
2765,09:59:00,14.94,0.01,157,234558,买盘
2766,09:58:57,14.93,-0.01,46,68678,卖盘
2767,09:58:54,14.94,--,36,53784,买盘
2768,09:58:51,14.94,-0.01,20,29880,买盘
2769,09:58:48,14.95,0.01,4,5980,买盘
2770,09:58:45,14.94,--,32,47808,卖盘
2771,09:58:39,14.94,-0.01,10,14940,卖盘
2772,09:58:36,14.95,0.01,5,7475,买盘
2773,09:58:33,14.94,--,7,10458,卖盘
2774,09:58:30,14.94,-0.01,11,16434,卖盘
2775,09:58:27,14.95,0.01,32,47840,买盘
2776,09:58:24,14.94,--,11,16434,卖盘
2777,09:58:21,14.94,0.01,1,1494,买盘
2778,09:58:18,14.93,-0.02,3,4479,卖盘
2779,09:58:15,14.95,0.02,34,50830,买盘
2780,09:58:12,14.93,--,6,8958,卖盘
2781,09:58:09,14.93,--,86,128398,卖盘
2782,09:58:06,14.93,-0.01,10,14930,卖盘
2783,09:57:57,14.94,-0.01,13,19422,卖盘
2784,09:57:54,14.95,0.01,136,203320,买盘
2785,09:57:51,14.94,--,387,578178,买盘
2786,09:57:48,14.94,0.01,40,59760,买盘
2787,09:57:45,14.93,-0.01,22,32846,卖盘
2788,09:57:42,14.94,--,60,89640,买盘
2789,09:57:39,14.94,--,21,31374,卖盘
2790,09:57:36,14.94,0.01,3,4482,买盘
2791,09:57:33,14.93,--,6,8958,卖盘
2792,09:57:30,14.93,-0.02,2,2986,卖盘
2793,09:57:27,14.95,0.01,46,68770,买盘
2794,09:57:21,14.94,0.01,3,4482,买盘
2795,09:57:18,14.93,--,26,38818,卖盘
2796,09:57:15,14.93,-0.01,333,497169,卖盘
2797,09:57:12,14.94,0.01,42,62748,中性盘
2798,09:57:06,14.93,--,5,7465,卖盘
2799,09:57:03,14.93,--,37,55241,卖盘
2800,09:57:00,14.93,-0.02,35,52255,卖盘
2801,09:56:57,14.95,0.02,12,17940,买盘
2802,09:56:54,14.93,--,4,5972,卖盘
2803,09:56:51,14.93,-0.02,19,28367,卖盘
2804,09:56:48,14.95,--,5,7475,买盘
2805,09:56:45,14.95,0.02,24,35880,买盘
2806,09:56:42,14.93,-0.02,142,212006,卖盘
2807,09:56:36,14.95,0.02,20,29900,买盘
2808,09:56:33,14.93,--,40,59720,卖盘
2809,09:56:30,14.93,-0.01,84,125412,卖盘
2810,09:56:27,14.94,--,30,44820,买盘
2811,09:56:24,14.94,--,7,10458,买盘
2812,09:56:21,14.94,-0.01,9,13446,买盘
2813,09:56:18,14.95,--,20,29900,买盘
2814,09:56:15,14.95,0.01,157,234715,买盘
2815,09:56:12,14.94,0.01,13,19422,卖盘
2816,09:56:09,14.93,-0.02,25,37325,卖盘
2817,09:56:06,14.95,0.01,2,2990,买盘
2818,09:56:03,14.94,--,30,44820,卖盘
2819,09:56:00,14.94,-0.01,65,97110,卖盘
2820,09:55:57,14.95,-0.01,5,7475,卖盘
2821,09:55:51,14.96,0.02,1,1496,买盘
2822,09:55:48,14.94,-0.01,103,153882,卖盘
2823,09:55:45,14.95,--,972,1453140,买盘
2824,09:55:39,14.95,0.01,21,31395,买盘
2825,09:55:36,14.94,--,130,194220,卖盘
2826,09:55:33,14.94,-0.01,8,11952,卖盘
2827,09:55:30,14.95,-0.01,88,131560,卖盘
2828,09:55:27,14.96,0.01,39,58344,买盘
2829,09:55:24,14.95,-0.01,273,408135,卖盘
2830,09:55:18,14.96,--,12,17952,买盘
2831,09:55:12,14.96,--,1,1496,买盘
2832,09:55:09,14.96,--,11,16456,买盘
2833,09:55:06,14.96,--,3,4488,买盘
