,time,price,change,volume,amount,type
0,15:00:03,30.1,0.01,2769,8334690,买盘
1,14:57:00,30.09,0.01,28,84252,买盘
2,14:56:57,30.08,0.03,186,559488,买盘
3,14:56:54,30.05,-0.01,5,15025,卖盘
4,14:56:51,30.06,--,20,60120,买盘
5,14:56:48,30.06,--,5,15030,买盘
6,14:56:45,30.06,0.01,200,601200,买盘
7,14:56:42,30.05,--,20,60100,买盘
8,14:56:39,30.05,-0.03,180,540900,卖盘
9,14:56:36,30.08,--,38,114304,买盘
10,14:56:33,30.08,--,32,96256,买盘
11,14:56:30,30.08,--,17,51136,买盘
12,14:56:27,30.08,-0.02,15,45120,中性盘
13,14:56:24,30.1,0.02,80,240800,买盘
14,14:56:21,30.08,0.01,1,3008,买盘
15,14:56:18,30.07,-0.02,11,33077,卖盘
16,14:56:15,30.09,0.01,121,364089,买盘
17,14:56:12,30.08,0.01,49,147392,卖盘
18,14:56:09,30.07,-0.01,323,971261,卖盘
19,14:56:06,30.08,0.01,30,90240,买盘
20,14:56:03,30.07,-0.01,1,3007,中性盘
21,14:56:00,30.08,0.01,62,186496,买盘
22,14:55:57,30.07,--,2,6014,卖盘
23,14:55:54,30.07,--,20,60140,买盘
24,14:55:51,30.07,0.02,123,369861,买盘
25,14:55:48,30.05,--,17,51085,卖盘
26,14:55:45,30.05,-0.01,39,117195,卖盘
27,14:55:42,30.06,0.01,359,1079154,买盘
28,14:55:39,30.05,0.01,22,66110,买盘
29,14:55:36,30.04,--,15,45060,卖盘
30,14:55:33,30.04,--,20,60080,卖盘
31,14:55:30,30.04,-0.01,30,90120,卖盘
32,14:55:27,30.05,--,27,81135,买盘
33,14:55:24,30.05,0.02,105,317748,买盘
34,14:55:21,30.03,0.01,56,168168,中性盘
35,14:55:15,30.02,-0.01,139,417278,卖盘
36,14:55:09,30.03,0.01,32,96096,买盘
37,14:55:06,30.02,--,3,9156,卖盘
38,14:55:03,30.02,--,5,15010,卖盘
39,14:55:00,30.02,0.02,646,1941153,买盘
40,14:54:57,30.0,--,3,9000,卖盘
41,14:54:54,30.0,-0.01,13,39000,卖盘
42,14:54:51,30.01,0.03,130,391660,买盘
43,14:54:48,29.98,-0.01,142,425716,卖盘
44,14:54:45,29.99,-0.01,11,35688,卖盘
45,14:54:42,30.0,0.01,22,67500,买盘
46,14:54:39,29.99,-0.01,21,62979,卖盘
47,14:54:36,30.0,--,44,132000,买盘
48,14:54:33,30.0,0.01,42,126000,买盘
49,14:54:30,29.99,--,27,80973,卖盘
50,14:54:27,29.99,--,2,8127,卖盘
51,14:54:24,29.99,-0.01,8,23992,卖盘
52,14:54:21,30.0,0.01,15,46500,买盘
53,14:54:18,29.99,-0.01,9,26991,卖盘
54,14:54:15,30.0,0.01,153,459000,买盘
55,14:54:12,29.99,0.02,122,368007,买盘
56,14:54:09,29.97,-0.02,50,150719,卖盘
57,14:54:06,29.99,0.02,16,50113,买盘
58,14:54:03,29.97,-0.02,27,80919,中性盘
59,14:54:00,29.99,--,100,299900,买盘
60,14:53:57,29.99,0.02,25,74975,买盘
61,14:53:54,29.97,-0.02,10,29970,卖盘
62,14:53:51,29.99,0.01,311,932689,买盘
63,14:53:48,29.98,--,105,314790,买盘
64,14:53:45,29.98,-0.01,321,964726,卖盘
65,14:53:42,29.99,-0.01,28,83972,中性盘
66,14:53:39,30.0,0.01,72,216000,买盘
67,14:53:36,29.99,--,29,89340,卖盘
68,14:53:33,29.99,-0.01,32,95968,卖盘
69,14:53:30,30.0,--,27,81000,买盘
70,14:53:27,30.0,--,686,2060130,买盘
71,14:53:24,30.0,--,30,90000,买盘
72,14:53:21,30.0,0.01,98,295500,买盘
73,14:53:18,29.99,--,12,35988,卖盘
74,14:53:15,29.99,--,13,38987,卖盘
75,14:53:12,29.99,-0.01,76,227924,卖盘
76,14:53:09,30.0,0.01,16,48000,买盘
77,14:53:06,29.99,0.01,229,688900,买盘
78,14:53:03,29.98,-0.01,66,197868,卖盘
79,14:53:00,29.99,--,29,88470,买盘
80,14:52:51,29.99,0.01,226,677774,买盘
81,14:52:48,29.98,--,22,65956,买盘
82,14:52:45,29.98,-0.01,57,172385,卖盘
83,14:52:42,29.99,-0.01,16,49483,卖盘
84,14:52:39,30.0,0.01,34,102000,买盘
85,14:52:36,29.99,0.01,37,110963,买盘
86,14:52:33,29.98,--,19,56962,卖盘
87,14:52:30,29.98,-0.01,8,23984,卖盘
88,14:52:27,29.99,0.01,18,56111,买盘
89,14:52:24,29.98,0.01,14,41972,中性盘
90,14:52:21,29.97,-0.02,17,52447,卖盘
91,14:52:18,29.99,0.01,171,512829,买盘
92,14:52:15,29.98,-0.01,3,8994,买盘
93,14:52:12,29.99,-0.01,4,11996,中性盘
94,14:52:09,30.0,0.03,12,36000,买盘
95,14:52:06,29.97,--,9,29100,卖盘
96,14:52:03,29.97,--,47,141098,卖盘
97,14:52:00,29.97,-0.02,813,2438059,卖盘
98,14:51:51,29.99,0.03,14,41986,买盘
99,14:51:48,29.96,-0.01,61,182756,卖盘
100,14:51:45,29.97,-0.02,3,11118,卖盘
101,14:51:42,29.99,0.03,73,218927,买盘
102,14:51:39,29.96,--,21,62916,卖盘
103,14:51:36,29.96,-0.03,51,152796,卖盘
104,14:51:33,29.99,--,10,29990,买盘
105,14:51:30,29.99,0.01,26,77974,买盘
106,14:51:27,29.98,-0.02,146,439207,卖盘
107,14:51:24,30.0,--,1,3000,买盘
108,14:51:21,30.0,0.04,49,148500,买盘
109,14:51:18,29.96,-0.03,13,38948,卖盘
110,14:51:15,29.99,--,3,8997,卖盘
111,14:51:12,29.99,-0.01,6,17994,中性盘
112,14:51:09,30.0,0.02,11,33000,买盘
113,14:51:06,29.98,-0.02,9,29110,卖盘
114,14:51:03,30.0,0.07,30,90000,买盘
115,14:51:00,29.93,-0.04,23,68839,卖盘
116,14:50:57,29.97,-0.03,29,86913,中性盘
117,14:50:54,30.0,0.04,39,117000,买盘
118,14:50:51,29.96,0.02,303,907788,中性盘
119,14:50:48,29.94,-0.03,117,350298,卖盘
120,14:50:45,29.97,-0.01,11,35094,卖盘
121,14:50:42,29.98,--,8,23984,买盘
122,14:50:39,29.98,0.04,22,67215,买盘
123,14:50:36,29.94,-0.04,56,169400,卖盘
124,14:50:33,29.98,--,23,68954,买盘
125,14:50:30,29.98,--,14,41972,买盘
126,14:50:27,29.98,--,15,46229,买盘
127,14:50:24,29.98,--,3,8994,买盘
128,14:50:21,29.98,0.02,15,44970,买盘
129,14:50:18,29.96,-0.02,2,5992,中性盘
130,14:50:12,29.98,--,10,29980,买盘
131,14:50:09,29.98,--,22,65956,买盘
132,14:50:06,29.98,-0.01,4,11992,卖盘
133,14:50:03,29.99,--,6,17994,买盘
134,14:50:00,29.99,-0.01,12,35988,中性盘
135,14:49:54,30.0,--,107,321000,买盘
136,14:49:51,30.0,0.05,22,66000,买盘
137,14:49:48,29.95,-0.04,4,11980,卖盘
138,14:49:45,29.99,-0.01,7,21232,卖盘
139,14:49:42,30.0,0.01,18,56760,买盘
140,14:49:39,29.99,--,60,179940,买盘
141,14:49:36,29.99,--,13,38987,买盘
142,14:49:33,29.99,--,111,332889,买盘
143,14:49:30,29.99,-0.01,14,41986,买盘
144,14:49:24,30.0,--,11,33000,买盘
145,14:49:21,30.0,0.01,11,34500,买盘
146,14:49:18,29.99,-0.01,11,32989,卖盘
147,14:49:15,30.0,--,7,21000,买盘
148,14:49:12,30.0,--,10,30000,买盘
149,14:49:09,30.0,--,3,9000,买盘
150,14:49:06,30.0,--,9,27000,买盘
151,14:49:03,30.0,0.01,14,42000,买盘
152,14:49:00,29.99,-0.02,54,161946,卖盘
153,14:48:57,30.01,-0.01,12,36012,卖盘
154,14:48:54,30.02,--,7,21014,买盘
155,14:48:51,30.02,0.03,61,183122,买盘
156,14:48:48,29.99,-0.01,9,26991,卖盘
157,14:48:45,30.0,0.01,9,27000,卖盘
158,14:48:42,29.99,-0.01,9,28490,卖盘
159,14:48:39,30.0,-0.01,59,177000,卖盘
160,14:48:36,30.01,0.01,305,916145,买盘
161,14:48:33,30.0,--,10,30000,买盘
162,14:48:30,30.0,--,19,57000,买盘
163,14:48:27,30.0,-0.01,63,190110,卖盘
164,14:48:24,30.01,--,32,96032,买盘
165,14:48:21,30.01,0.01,20,61520,买盘
166,14:48:18,30.0,-0.01,14,42000,卖盘
167,14:48:15,30.01,--,6,18006,买盘
168,14:48:12,30.01,--,11,33011,买盘
169,14:48:09,30.01,0.01,11,33011,买盘
170,14:48:06,30.0,--,12,38130,卖盘
171,14:48:03,30.0,--,9,27000,卖盘
172,14:48:00,30.0,-0.01,16,49500,卖盘
173,14:47:51,30.01,0.01,4,12004,买盘
174,14:47:48,30.0,0.01,64,194760,买盘
175,14:47:45,29.99,-0.01,356,1070013,卖盘
176,14:47:42,30.0,0.01,14,43500,买盘
177,14:47:39,29.99,--,67,200933,卖盘
178,14:47:36,29.99,-0.01,21,62979,卖盘
179,14:47:33,30.0,0.01,5,15000,买盘
180,14:47:30,29.99,--,16,47984,卖盘
181,14:47:27,29.99,-0.01,31,95098,卖盘
182,14:47:24,30.0,--,1145,3435000,买盘
183,14:47:21,30.0,0.01,39,118500,买盘
184,14:47:18,29.99,--,18,53982,卖盘
185,14:47:15,29.99,--,4,11996,卖盘
186,14:47:12,29.99,--,13,38987,卖盘
187,14:47:09,29.99,0.07,20,61479,买盘
188,14:47:06,29.92,0.01,96,289356,中性盘
189,14:47:03,29.91,--,6,17946,卖盘
190,14:47:00,29.91,-0.07,8,23928,卖盘
191,14:46:57,29.98,0.08,9,26982,中性盘
192,14:46:48,29.9,--,210,627900,卖盘
193,14:46:45,29.9,--,290,869222,买盘
194,14:46:42,29.9,-0.08,71,213785,中性盘
195,14:46:39,29.98,0.1,56,167888,买盘
196,14:46:36,29.88,--,49,146412,卖盘
197,14:46:30,29.88,-0.01,8,23904,卖盘
198,14:46:27,29.89,0.01,53,160210,买盘
199,14:46:24,29.88,--,16,47808,卖盘
200,14:46:21,29.88,--,10,31374,卖盘
201,14:46:18,29.88,--,166,496008,买盘
202,14:46:12,29.88,--,24,71712,买盘
203,14:46:09,29.88,-0.01,13,38844,中性盘
204,14:46:06,29.89,0.01,40,119560,买盘
205,14:46:03,29.88,0.02,23,68724,买盘
206,14:46:00,29.86,-0.01,12,35832,卖盘
207,14:45:57,29.87,-0.01,7,20909,卖盘
208,14:45:54,29.88,-0.01,5,14940,卖盘
209,14:45:51,29.89,0.04,15,44835,买盘
210,14:45:48,29.85,-0.01,24,71640,卖盘
211,14:45:45,29.86,-0.02,3,11078,卖盘
212,14:45:42,29.88,-0.01,15,46314,中性盘
213,14:45:39,29.89,0.04,14,41846,买盘
214,14:45:36,29.85,0.01,290,865650,买盘
215,14:45:33,29.84,-0.01,112,335162,中性盘
216,14:45:30,29.85,-0.01,44,131340,买盘
217,14:45:27,29.86,-0.02,15,44790,卖盘
218,14:45:24,29.88,0.01,417,1245996,买盘
219,14:45:21,29.87,0.01,35,104545,买盘
220,14:45:18,29.86,-0.02,11,32846,中性盘
221,14:45:15,29.88,--,30,89640,买盘
222,14:45:12,29.88,--,17,50796,买盘
223,14:45:09,29.88,--,127,380611,买盘
224,14:45:06,29.88,--,12,35856,买盘
225,14:45:03,29.88,--,266,796331,卖盘
226,14:45:00,29.88,-0.01,30,91134,卖盘
227,14:44:57,29.89,--,13,38857,买盘
228,14:44:54,29.89,--,16,47824,买盘
229,14:44:51,29.89,--,29,86681,买盘
230,14:44:48,29.89,0.01,131,391559,中性盘
231,14:44:45,29.88,-0.02,206,617649,卖盘
232,14:44:42,29.9,--,60,179400,买盘
233,14:44:39,29.9,0.01,30,89700,买盘
234,14:44:36,29.89,-0.01,58,173362,卖盘
235,14:44:33,29.9,--,50,149500,买盘
236,14:44:30,29.9,-0.02,174,521127,卖盘
237,14:44:27,29.92,--,5,17084,卖盘
238,14:44:24,29.92,-0.03,2,5984,卖盘
239,14:44:21,29.95,0.04,11,32945,买盘
240,14:44:18,29.91,--,13,38883,卖盘
241,14:44:15,29.91,-0.04,9,26919,卖盘
242,14:44:12,29.95,--,10,29950,买盘
243,14:44:09,29.95,--,58,173710,买盘
244,14:44:03,29.95,--,51,152745,买盘
245,14:44:00,29.95,--,15,44925,买盘
246,14:43:57,29.95,--,22,65890,买盘
247,14:43:54,29.95,--,58,173710,买盘
248,14:43:51,29.95,--,34,101830,买盘
249,14:43:48,29.95,-0.01,128,385785,卖盘
250,14:43:45,29.96,-0.04,5,16238,卖盘
251,14:43:42,30.0,--,59,177000,买盘
252,14:43:39,30.0,0.04,18,54000,买盘
253,14:43:36,29.96,-0.04,75,224700,卖盘
254,14:43:33,30.0,--,12,36000,买盘
255,14:43:30,30.0,0.01,30,90000,买盘
256,14:43:27,29.99,-0.01,12,35988,卖盘
257,14:43:24,30.0,--,214,644790,卖盘
258,14:43:21,30.0,--,31,94500,卖盘
259,14:43:18,30.0,--,32,96000,卖盘
260,14:43:15,30.0,--,741,2224710,买盘
261,14:43:09,30.0,--,247,742110,卖盘
262,14:43:06,30.0,--,11,33390,卖盘
263,14:43:03,30.0,--,10,30000,卖盘
264,14:43:00,30.0,0.02,955,2866500,买盘
265,14:42:57,29.98,--,5,14990,卖盘
266,14:42:54,29.98,-0.01,17,50966,卖盘
267,14:42:51,29.99,-0.01,29,86971,卖盘
268,14:42:48,30.0,--,1,3000,买盘
269,14:42:42,30.0,-0.01,473,1421220,卖盘
270,14:42:39,30.01,0.01,11,33011,买盘
271,14:42:36,30.0,-0.01,52,156000,卖盘
272,14:42:33,30.01,0.01,33,99033,买盘
273,14:42:30,30.0,-0.01,378,1134000,卖盘
274,14:42:24,30.01,-0.01,77,231947,卖盘
275,14:42:21,30.02,0.01,117,352735,买盘
276,14:42:18,30.01,-0.01,35,105035,卖盘
277,14:42:15,30.02,--,3,9006,买盘
278,14:42:12,30.02,0.01,10,30020,买盘
279,14:42:09,30.01,-0.01,30,90030,卖盘
280,14:42:06,30.02,--,6,20143,卖盘
281,14:42:03,30.02,--,34,102068,卖盘
282,14:42:00,30.02,--,215,646931,卖盘
283,14:41:57,30.02,0.01,15,45030,买盘
284,14:41:54,30.01,-0.01,95,285095,卖盘
285,14:41:51,30.02,0.02,63,189126,买盘
286,14:41:48,30.0,--,58,174000,卖盘
287,14:41:45,30.0,-0.02,22,68130,卖盘
288,14:41:42,30.02,--,26,78052,买盘
289,14:41:39,30.02,0.02,19,57038,买盘
290,14:41:36,30.0,--,49,147000,卖盘
291,14:41:33,30.0,-0.02,2,6000,卖盘
292,14:41:30,30.02,0.01,11,33022,买盘
293,14:41:27,30.01,-0.01,2,8132,卖盘
294,14:41:24,30.02,--,51,153102,买盘
295,14:41:21,30.02,0.01,34,103569,买盘
296,14:41:18,30.01,-0.01,12,36012,卖盘
297,14:41:15,30.02,--,3,9006,买盘
298,14:41:12,30.02,--,13,39026,买盘
299,14:41:09,30.02,0.02,19,57038,买盘
300,14:41:06,30.0,-0.02,18,56130,卖盘
301,14:41:03,30.02,0.02,149,449189,买盘
302,14:41:00,30.0,0.02,59,177000,买盘
303,14:40:57,29.98,-0.02,114,342881,卖盘
304,14:40:54,30.0,-0.02,109,327000,卖盘
305,14:40:51,30.02,0.02,263,789526,买盘
306,14:40:48,30.0,--,8,24000,卖盘
307,14:40:45,30.0,-0.02,501,1505130,卖盘
308,14:40:42,30.02,--,12,38155,买盘
309,14:40:39,30.02,--,59,177118,买盘
310,14:40:36,30.02,0.02,34,102068,买盘
311,14:40:33,30.0,-0.02,18,54000,卖盘
312,14:40:30,30.02,0.02,10,30020,买盘
313,14:40:27,30.0,-0.02,13,39000,卖盘
314,14:40:24,30.02,--,15,45030,买盘
315,14:40:21,30.02,0.02,10,30020,中性盘
316,14:40:18,30.0,-0.02,8,24000,卖盘
317,14:40:12,30.02,0.02,24,73549,买盘
318,14:40:09,30.0,--,23,69000,卖盘
319,14:40:06,30.0,-0.02,20,62130,卖盘
320,14:40:03,30.02,0.01,15,45030,买盘
321,14:40:00,30.01,-0.01,9,27009,中性盘
322,14:39:57,30.02,--,13,39026,买盘
323,14:39:54,30.02,-0.01,15,45030,买盘
324,14:39:51,30.03,0.01,1110,3333330,买盘
325,14:39:48,30.02,--,15,45030,卖盘
326,14:39:45,30.02,--,5,17141,卖盘
327,14:39:42,30.02,-0.01,15,46531,卖盘
328,14:39:39,30.03,0.01,12,36036,买盘
329,14:39:36,30.02,--,54,162108,卖盘
330,14:39:33,30.02,--,9,27018,卖盘
331,14:39:30,30.02,--,8,24016,卖盘
332,14:39:27,30.02,--,7,23145,卖盘
333,14:39:21,30.02,0.01,5,16270,买盘
334,14:39:18,30.01,-0.01,11,33011,卖盘
335,14:39:15,30.02,--,8,24016,买盘
336,14:39:12,30.02,--,10,30020,买盘
337,14:39:09,30.02,0.01,39,117078,买盘
338,14:39:06,30.01,-0.01,2,8132,卖盘
339,14:39:03,30.02,0.01,5,15010,买盘
340,14:39:00,30.01,-0.01,10,31510,卖盘
341,14:38:51,30.02,0.02,10,30020,买盘
342,14:38:48,30.0,--,17,51000,卖盘
343,14:38:45,30.0,-0.01,62,186000,卖盘
344,14:38:42,30.01,--,21,63021,卖盘
345,14:38:39,30.01,--,56,168056,卖盘
346,14:38:36,30.01,-0.01,3,9003,卖盘
347,14:38:33,30.02,0.02,16,48032,买盘
348,14:38:30,30.0,-0.01,29,87000,卖盘
349,14:38:27,30.01,--,9,29139,卖盘
350,14:38:24,30.01,-0.01,25,75025,中性盘
351,14:38:21,30.02,0.02,33,99066,买盘
352,14:38:18,30.0,--,9,27000,卖盘
353,14:38:15,30.0,--,590,1770090,卖盘
354,14:38:12,30.0,-0.02,5,15000,卖盘
355,14:38:09,30.02,0.01,13,39026,买盘
356,14:38:06,30.01,--,2,8132,卖盘
357,14:38:03,30.01,0.01,22,66022,中性盘
358,14:38:00,30.0,--,12,37500,卖盘
359,14:37:57,30.0,--,284,853500,买盘
360,14:37:51,30.0,0.03,10,30000,买盘
361,14:37:45,29.97,-0.03,5,17112,卖盘
362,14:37:42,30.0,--,54,162000,买盘
363,14:37:39,30.0,0.03,64,192000,中性盘
364,14:37:36,29.97,-0.05,89,266733,卖盘
365,14:37:33,30.02,0.02,529,1588058,买盘
366,14:37:30,30.0,-0.01,25,75000,卖盘
367,14:37:27,30.01,--,18,56148,买盘
368,14:37:24,30.01,--,14,42014,买盘
369,14:37:21,30.01,--,18,55518,买盘
370,14:37:18,30.01,--,139,417139,买盘
371,14:37:15,30.01,--,1,3001,买盘
372,14:37:12,30.01,0.01,45,135045,买盘
373,14:37:09,30.0,--,28,84000,卖盘
374,14:37:06,30.0,-0.01,26,80130,卖盘
375,14:37:03,30.01,0.01,12,36012,买盘
376,14:37:00,30.0,--,20,61500,卖盘
377,14:36:57,30.0,--,25,75000,卖盘
378,14:36:54,30.0,--,56,168000,卖盘
379,14:36:51,30.0,--,21,63000,卖盘
380,14:36:48,30.0,--,24,72000,卖盘
381,14:36:45,30.0,--,71,214260,卖盘
382,14:36:42,30.0,--,2,7500,卖盘
383,14:36:39,30.0,--,297,891000,卖盘
384,14:36:36,30.0,--,347,1043160,买盘
385,14:36:33,30.0,--,25,75000,买盘
386,14:36:30,30.0,--,16,48000,买盘
387,14:36:27,30.0,--,61,183000,买盘
388,14:36:24,30.0,--,24,72000,买盘
389,14:36:21,30.0,0.01,13,39000,买盘
390,14:36:18,29.99,-0.02,252,757697,卖盘
391,14:36:15,30.01,--,34,102034,买盘
392,14:36:12,30.01,0.01,10,30010,买盘
393,14:36:09,30.0,-0.01,23,69000,卖盘
394,14:36:06,30.01,0.01,720,2161770,买盘
395,14:36:03,30.0,--,227,681000,买盘
396,14:36:00,30.0,--,321,964080,卖盘
397,14:35:57,30.0,-0.01,13,39000,卖盘
398,14:35:54,30.01,--,463,1389463,卖盘
399,14:35:51,30.01,0.01,10,30010,买盘
400,14:35:48,30.0,--,9,27000,卖盘
401,14:35:45,30.0,--,14,44130,卖盘
402,14:35:42,30.0,--,45,136500,卖盘
403,14:35:39,30.0,--,33,99000,卖盘
404,14:35:36,30.0,--,12,36000,卖盘
405,14:35:33,30.0,--,14,42000,卖盘
406,14:35:30,30.0,0.01,199,598290,买盘
407,14:35:27,29.99,--,11,32989,买盘
408,14:35:24,29.99,-0.01,2,5998,买盘
409,14:35:21,30.0,-0.01,1110,3330000,卖盘
410,14:35:18,30.01,0.01,412,1236412,买盘
411,14:35:15,30.0,--,3,9000,买盘
412,14:35:12,30.0,0.05,48,144000,买盘
413,14:35:09,29.95,--,9,26955,卖盘
414,14:35:06,29.95,-0.05,5,17101,卖盘
415,14:35:03,30.0,--,49,147000,买盘
416,14:35:00,30.0,0.12,22,66000,买盘
417,14:34:57,29.88,-0.12,160,478080,卖盘
418,14:34:51,30.0,0.12,15,45000,买盘
419,14:34:48,29.88,--,37,110556,卖盘
420,14:34:45,29.88,-0.12,205,614661,卖盘
421,14:34:42,30.0,0.04,30,90000,买盘
422,14:34:39,29.96,-0.04,9,26964,卖盘
423,14:34:36,30.0,0.04,2,6000,买盘
424,14:34:33,29.96,-0.04,5,14980,中性盘
425,14:34:30,30.0,0.13,28,84000,买盘
426,14:34:27,29.87,-0.13,8,24284,卖盘
427,14:34:24,30.0,--,3,9000,买盘
428,14:34:21,30.0,0.13,1027,3082260,买盘
429,14:34:18,29.87,--,25,74675,买盘
430,14:34:12,29.87,--,23,68701,买盘
431,14:34:09,29.87,--,1,2987,买盘
432,14:34:06,29.87,--,1135,3390245,买盘
433,14:34:03,29.87,--,35,104545,买盘
434,14:34:00,29.87,-0.15,770,2300228,卖盘
435,14:33:54,30.02,--,25,75050,买盘
436,14:33:51,30.02,0.01,5,15010,买盘
437,14:33:48,30.01,-0.01,19,57019,卖盘
438,14:33:45,30.02,--,60,180120,买盘
439,14:33:42,30.02,--,4,12008,买盘
440,14:33:39,30.02,-0.01,47,141094,卖盘
441,14:33:36,30.03,--,6,18018,卖盘
442,14:33:33,30.03,0.02,2,6006,中性盘
443,14:33:30,30.01,-0.01,21,63021,卖盘
444,14:33:27,30.02,-0.01,155,467441,卖盘
445,14:33:24,30.03,0.01,19,57057,中性盘
446,14:33:21,30.02,--,9,28519,买盘
447,14:33:18,30.02,-0.02,3,9006,卖盘
448,14:33:15,30.04,0.04,192,576768,买盘
449,14:33:12,30.0,-0.01,22,66000,卖盘
450,14:33:09,30.01,--,3,9003,买盘
451,14:33:06,30.01,--,1,3001,买盘
452,14:33:03,30.01,-0.01,783,2350713,卖盘
453,14:33:00,30.02,--,121,363242,买盘
454,14:32:57,30.02,-0.02,254,764879,卖盘
455,14:32:51,30.04,0.01,39,117156,买盘
456,14:32:48,30.03,--,96,288288,买盘
457,14:32:45,30.03,-0.01,42,126126,卖盘
458,14:32:42,30.04,-0.01,171,514555,卖盘
459,14:32:39,30.05,-0.01,3,9015,中性盘
460,14:32:36,30.06,--,6,18036,买盘
461,14:32:33,30.06,0.01,111,333666,买盘
462,14:32:30,30.05,--,5,15025,买盘
463,14:32:27,30.05,-0.01,1,3005,中性盘
464,14:32:24,30.06,--,474,1424844,买盘
465,14:32:21,30.06,--,66,199267,卖盘
466,14:32:18,30.06,-0.01,9,27054,卖盘
467,14:32:15,30.07,--,5,15035,买盘
468,14:32:12,30.07,0.01,6,18042,买盘
469,14:32:09,30.06,--,9,27054,卖盘
470,14:32:06,30.06,-0.01,2,8146,卖盘
471,14:32:03,30.07,0.02,29,87203,买盘
472,14:32:00,30.05,--,52,157762,买盘
473,14:31:57,30.05,--,43,129215,买盘
474,14:31:54,30.05,0.01,27,81766,买盘
475,14:31:51,30.04,--,16,48064,买盘
476,14:31:48,30.04,--,9,27036,买盘
477,14:31:45,30.04,--,22,66088,买盘
478,14:31:42,30.04,--,60,180240,买盘
479,14:31:39,30.04,-0.01,72,216288,卖盘
480,14:31:36,30.05,0.03,10,30050,买盘
481,14:31:33,30.02,-0.03,31,93062,卖盘
482,14:31:30,30.05,0.01,11,33055,买盘
483,14:31:27,30.04,-0.01,17,53200,卖盘
484,14:31:24,30.05,0.02,12,36060,买盘
485,14:31:21,30.03,0.01,28,85585,买盘
486,14:31:18,30.02,--,10,30020,中性盘
487,14:31:15,30.02,0.01,9,27018,买盘
488,14:31:12,30.01,-0.01,13,39013,卖盘
489,14:31:09,30.02,0.01,58,174116,买盘
490,14:31:06,30.01,--,2,8132,卖盘
491,14:31:00,30.01,0.01,406,1221346,买盘
492,14:30:57,30.0,--,14,42000,买盘
493,14:30:54,30.0,--,11,33000,买盘
494,14:30:51,30.0,0.02,295,885000,买盘
495,14:30:48,29.98,-0.01,11,32978,卖盘
496,14:30:45,29.99,0.01,13,41116,买盘
497,14:30:42,29.98,--,5,16489,卖盘
498,14:30:39,29.98,0.01,11,32978,买盘
499,14:30:36,29.97,--,60,179820,卖盘
500,14:30:33,29.97,-0.02,16,47952,卖盘
501,14:30:30,29.99,0.02,28,83972,买盘
502,14:30:27,29.97,-0.01,8,24365,中性盘
503,14:30:24,29.98,0.02,80,239840,买盘
504,14:30:21,29.96,--,33,100366,买盘
505,14:30:18,29.96,--,30,91617,买盘
506,14:30:15,29.96,--,18,53928,买盘
507,14:30:12,29.96,--,17,50932,买盘
508,14:30:09,29.96,--,23,68908,买盘
509,14:30:03,29.96,-0.03,74,221704,卖盘
510,14:30:00,29.99,--,22,65978,买盘
511,14:29:54,29.99,--,17,50983,买盘
512,14:29:51,29.99,--,49,146951,买盘
513,14:29:48,29.99,--,201,603668,买盘
514,14:29:45,29.99,--,25,76474,卖盘
515,14:29:42,29.99,-0.01,6,19493,卖盘
516,14:29:39,30.0,0.01,175,525000,买盘
517,14:29:36,29.99,-0.01,16,47984,卖盘
518,14:29:33,30.0,--,15,45000,买盘
519,14:29:30,30.0,--,23,69000,买盘
520,14:29:27,30.0,--,22,68130,买盘
521,14:29:24,30.0,--,19,57000,买盘
522,14:29:21,30.0,0.01,16,48000,买盘
523,14:29:18,29.99,-0.01,5,15234,卖盘
524,14:29:15,30.0,0.01,5,15000,买盘
525,14:29:12,29.99,--,14,41986,卖盘
526,14:29:09,29.99,-0.02,290,869859,卖盘
527,14:29:06,30.01,0.01,47,143177,买盘
528,14:29:03,30.0,--,15,45000,卖盘
529,14:29:00,30.0,--,10,31500,卖盘
530,14:28:57,30.0,--,145,437220,买盘
531,14:28:54,30.0,--,212,636000,买盘
532,14:28:51,30.0,--,237,711000,买盘
533,14:28:48,30.0,0.01,209,627000,买盘
534,14:28:45,29.99,-0.01,11,35118,卖盘
535,14:28:42,30.0,0.01,6,19500,买盘
536,14:28:39,29.99,-0.01,8,23992,卖盘
537,14:28:36,30.0,0.01,22,66000,买盘
538,14:28:33,29.99,--,11,32989,卖盘
539,14:28:30,29.99,--,8,23992,卖盘
540,14:28:27,29.99,-0.01,8,26121,卖盘
541,14:28:24,30.0,--,22,66000,买盘
542,14:28:21,30.0,0.01,4,12000,买盘
543,14:28:18,29.99,--,29,89340,卖盘
544,14:28:15,29.99,-0.01,6,17994,卖盘
545,14:28:12,30.0,0.01,23,69630,买盘
546,14:28:09,29.99,--,60,182309,卖盘
547,14:28:06,29.99,-0.01,7,23122,卖盘
548,14:28:03,30.0,0.01,20,60000,买盘
549,14:28:00,29.99,--,11,34488,卖盘
550,14:27:51,29.99,0.03,112,335888,买盘
551,14:27:48,29.96,--,8,23968,卖盘
552,14:27:45,29.96,-0.02,2,8119,卖盘
553,14:27:42,29.98,0.02,6,19487,买盘
554,14:27:39,29.96,--,14,41944,卖盘
555,14:27:36,29.96,--,37,111481,买盘
556,14:27:33,29.96,0.01,13,38948,买盘
557,14:27:30,29.95,--,9,26955,卖盘
558,14:27:27,29.95,-0.01,2,8116,卖盘
559,14:27:24,29.96,--,17,50932,买盘
560,14:27:21,29.96,0.01,6,19474,买盘
561,14:27:18,29.95,--,9,26955,卖盘
562,14:27:15,29.95,-0.01,2,5990,卖盘
563,14:27:12,29.96,0.01,4,12613,买盘
564,14:27:09,29.95,--,18,56276,卖盘
565,14:27:06,29.95,-0.01,7,23091,卖盘
566,14:27:03,29.96,0.01,8,23968,买盘
567,14:27:00,29.95,--,10,31447,卖盘
568,14:26:57,29.95,--,3,8985,卖盘
569,14:26:54,29.95,--,97,290515,卖盘
570,14:26:51,29.95,0.01,108,323460,买盘
571,14:26:48,29.94,--,15,44910,卖盘
572,14:26:45,29.94,-0.02,7,23083,卖盘
573,14:26:42,29.96,0.02,13,40446,买盘
574,14:26:39,29.94,-0.01,9,26946,卖盘
575,14:26:36,29.95,--,3,8985,买盘
576,14:26:33,29.95,--,57,170715,买盘
577,14:26:30,29.95,--,12,35940,买盘
578,14:26:27,29.95,--,3,11111,买盘
579,14:26:24,29.95,--,12,35940,买盘
580,14:26:21,29.95,0.01,13,38935,买盘
581,14:26:18,29.94,-0.02,47,143083,卖盘
582,14:26:15,29.96,0.01,10,29960,买盘
583,14:26:12,29.95,--,13,38935,卖盘
584,14:26:09,29.95,--,71,212645,卖盘
585,14:26:06,29.95,-0.01,2,8116,卖盘
586,14:26:03,29.96,0.01,6,17976,买盘
587,14:26:00,29.95,--,65,196172,卖盘
588,14:25:57,29.95,--,12,35940,卖盘
589,14:25:54,29.95,-0.01,54,161730,卖盘
590,14:25:51,29.96,0.01,5,14980,买盘
591,14:25:48,29.95,0.01,10,29950,中性盘
592,14:25:45,29.94,-0.01,7,23083,卖盘
593,14:25:42,29.95,0.01,18,53910,买盘
594,14:25:39,29.94,-0.02,12,35928,卖盘
595,14:25:33,29.96,--,8,23968,买盘
596,14:25:30,29.96,0.01,12,35952,中性盘
597,14:25:27,29.95,-0.01,2,8116,卖盘
598,14:25:24,29.96,0.02,16,47936,卖盘
599,14:25:21,29.94,--,2,7485,卖盘
600,14:25:18,29.94,-0.05,10,29940,卖盘
601,14:25:15,29.99,0.04,3,8997,买盘
602,14:25:12,29.95,-0.01,6,20096,买盘
603,14:25:09,29.96,--,1,3864,卖盘
604,14:25:06,29.96,0.02,33,100995,中性盘
605,14:25:03,29.94,-0.01,118,354878,卖盘
606,14:25:00,29.95,-0.01,11,34442,卖盘
607,14:24:54,29.96,--,65,194740,买盘
608,14:24:51,29.96,-0.03,188,564656,卖盘
609,14:24:48,29.99,0.03,24,73565,买盘
610,14:24:45,29.96,-0.03,2,5992,卖盘
611,14:24:42,29.99,0.04,14,41986,买盘
612,14:24:39,29.95,-0.04,34,101830,卖盘
613,14:24:33,29.99,0.03,31,92969,买盘
614,14:24:30,29.96,0.01,14,41944,买盘
615,14:24:27,29.95,-0.01,16,47920,卖盘
616,14:24:24,29.96,-0.03,9,26964,中性盘
617,14:24:21,29.99,0.04,34,101966,买盘
618,14:24:18,29.95,--,11,32945,卖盘
619,14:24:15,29.95,-0.05,15,44925,卖盘
620,14:24:12,30.0,0.05,14,42000,买盘
621,14:24:09,29.95,--,9,26955,卖盘
622,14:24:06,29.95,-0.05,30,89850,卖盘
623,14:24:03,30.0,--,73,219240,卖盘
624,14:24:00,30.0,-0.01,40,121500,卖盘
625,14:23:54,30.01,--,16,48016,买盘
626,14:23:51,30.01,0.01,16,48016,买盘
627,14:23:48,30.0,0.04,89,268260,买盘
628,14:23:45,29.96,-0.04,2,8119,中性盘
629,14:23:42,30.0,0.01,10,30000,买盘
630,14:23:39,29.99,-0.01,3,8997,中性盘
631,14:23:36,30.0,0.04,6,18000,买盘
632,14:23:33,29.96,-0.04,16,47936,中性盘
633,14:23:27,30.0,--,14,42000,买盘
634,14:23:21,30.0,--,29,87000,买盘
635,14:23:18,30.0,-0.01,10,30000,中性盘
636,14:23:15,30.01,0.03,3,9003,买盘
637,14:23:12,29.98,-0.03,97,291675,卖盘
638,14:23:09,30.01,--,11,33011,买盘
639,14:23:06,30.01,--,8,24008,买盘
640,14:23:03,30.01,0.01,14,42014,中性盘
641,14:23:00,30.0,-0.01,12,37500,卖盘
642,14:22:57,30.01,--,13,39013,卖盘
643,14:22:54,30.01,--,31,93031,买盘
644,14:22:51,30.01,0.01,16,48016,买盘
645,14:22:48,30.0,0.01,43,129630,买盘
646,14:22:45,29.99,-0.02,216,649283,卖盘
647,14:22:42,30.01,0.01,7,22507,买盘
648,14:22:39,30.0,0.02,15,45000,中性盘
649,14:22:36,29.98,-0.02,26,77948,卖盘
650,14:22:33,30.0,--,0,2760,买盘
651,14:22:30,30.0,--,10,30000,买盘
652,14:22:27,30.0,--,5,17370,卖盘
653,14:22:24,30.0,--,17,51630,买盘
654,14:22:21,30.0,0.02,12,37500,买盘
655,14:22:18,29.98,-0.02,9,26982,卖盘
656,14:22:12,30.0,0.02,5,15000,买盘
657,14:22:09,29.98,-0.01,18,53964,卖盘
658,14:22:03,29.99,-0.01,7,22492,卖盘
659,14:22:00,30.0,0.01,111,334500,买盘
660,14:21:54,29.99,0.01,5,14995,卖盘
661,14:21:51,29.98,-0.01,15,44970,卖盘
662,14:21:48,29.99,--,8,23992,卖盘
663,14:21:45,29.99,0.01,179,538950,买盘
664,14:21:42,29.98,--,10,31479,卖盘
665,14:21:39,29.98,--,11,32978,卖盘
666,14:21:36,29.98,--,13,38974,卖盘
667,14:21:33,29.98,0.01,9,28870,买盘
668,14:21:30,29.97,--,8,23976,卖盘
669,14:21:27,29.97,-0.01,32,98031,卖盘
670,14:21:21,29.98,0.03,5,14990,买盘
671,14:21:18,29.95,-0.03,13,38935,卖盘
672,14:21:15,29.98,--,0,2608,卖盘
673,14:21:12,29.98,0.03,7,21375,买盘
674,14:21:09,29.95,-0.01,11,32945,卖盘
675,14:21:06,29.96,-0.01,2,8119,卖盘
676,14:21:03,29.97,0.03,4,11988,买盘
677,14:21:00,29.94,-0.01,14,43023,卖盘
678,14:20:57,29.95,0.01,10,30339,买盘
679,14:20:54,29.94,-0.01,1,2994,卖盘
680,14:20:51,29.95,--,44,131780,买盘
681,14:20:48,29.95,0.01,10,29950,买盘
682,14:20:45,29.94,-0.01,2,8113,卖盘
683,14:20:42,29.95,0.01,207,621462,买盘
684,14:20:39,29.94,-0.01,8,23952,卖盘
685,14:20:33,29.95,--,14,41930,买盘
686,14:20:30,29.95,0.03,19,56905,买盘
687,14:20:27,29.92,-0.03,5,14960,卖盘
688,14:20:24,29.95,--,10,29950,买盘
689,14:20:21,29.95,0.03,38,113810,买盘
690,14:20:18,29.92,-0.02,8,23936,卖盘
691,14:20:15,29.94,-0.01,3,8982,卖盘
692,14:20:12,29.95,--,11,32945,买盘
693,14:20:09,29.95,--,27,80865,买盘
694,14:20:03,29.95,0.01,50,152385,买盘
695,14:20:00,29.94,--,61,184131,卖盘
696,14:19:54,29.94,--,11,34790,买盘
697,14:19:51,29.94,0.02,19,56886,买盘
698,14:19:48,29.92,--,36,107712,卖盘
699,14:19:45,29.92,-0.02,2,8108,卖盘
700,14:19:42,29.94,0.02,14,43413,买盘
701,14:19:39,29.92,--,23,69444,买盘
702,14:19:36,29.92,--,7,20944,买盘
703,14:19:33,29.92,--,13,38896,买盘
704,14:19:30,29.92,--,20,59840,买盘
705,14:19:27,29.92,--,3,11100,买盘
706,14:19:24,29.92,-0.02,5,17323,卖盘
707,14:19:21,29.94,0.03,22,66496,买盘
708,14:19:18,29.91,-0.01,11,32901,卖盘
709,14:19:15,29.92,--,1,2992,买盘
710,14:19:12,29.92,-0.02,20,60707,卖盘
711,14:19:09,29.94,0.01,156,467064,买盘
712,14:19:06,29.93,-0.01,5,17090,卖盘
713,14:19:03,29.94,0.02,28,83832,买盘
714,14:19:00,29.92,-0.02,1,2992,卖盘
715,14:18:57,29.94,0.02,6,17964,买盘
716,14:18:54,29.92,-0.02,4,11968,卖盘
717,14:18:51,29.94,--,29,86826,买盘
718,14:18:48,29.94,--,51,152933,卖盘
719,14:18:45,29.94,-0.01,6,20089,卖盘
720,14:18:42,29.95,0.01,314,941927,买盘
721,14:18:39,29.94,--,103,308382,卖盘
722,14:18:36,29.94,--,218,652692,卖盘
723,14:18:33,29.94,-0.01,30,89820,卖盘
724,14:18:30,29.95,0.01,3,8985,买盘
725,14:18:27,29.94,-0.01,10,32065,卖盘
726,14:18:24,29.95,--,30,89850,买盘
727,14:18:21,29.95,0.05,13,38935,买盘
728,14:18:18,29.9,-0.05,19,56810,卖盘
729,14:18:15,29.95,0.02,46,137770,买盘
730,14:18:12,29.93,0.02,20,59860,买盘
731,14:18:09,29.91,-0.02,1,2991,卖盘
732,14:18:06,29.93,-0.02,7,20951,卖盘
733,14:18:03,29.95,--,33,98835,买盘
734,14:18:00,29.95,0.01,548,1641260,买盘
735,14:17:54,29.94,--,17,50898,买盘
736,14:17:51,29.94,--,34,103412,卖盘
737,14:17:48,29.94,--,199,597183,卖盘
738,14:17:45,29.94,--,1,2994,卖盘
739,14:17:42,29.94,0.03,20,59880,买盘
740,14:17:39,29.91,0.01,17,50847,中性盘
741,14:17:36,29.9,-0.03,80,239200,卖盘
742,14:17:33,29.93,0.03,11,32923,中性盘
743,14:17:30,29.9,--,14,41860,卖盘
744,14:17:27,29.9,-0.04,3,8970,卖盘
745,14:17:24,29.94,0.06,29,86826,买盘
746,14:17:18,29.88,-0.07,28,83664,卖盘
747,14:17:12,29.95,0.01,166,497170,买盘
748,14:17:09,29.94,0.06,3,8982,中性盘
749,14:17:03,29.88,-0.07,58,173304,卖盘
750,14:17:00,29.95,--,6,17970,买盘
751,14:16:54,29.95,0.07,292,874540,买盘
752,14:16:51,29.88,--,27,80676,买盘
753,14:16:48,29.88,-0.07,99,295812,卖盘
754,14:16:39,29.95,0.06,201,601995,买盘
755,14:16:36,29.89,--,7,20923,买盘
756,14:16:33,29.89,--,12,35868,买盘
757,14:16:30,29.89,-0.06,24,72692,卖盘
758,14:16:24,29.95,0.01,4,11980,买盘
759,14:16:21,29.94,0.05,11,32934,买盘
760,14:16:15,29.89,-0.05,1,2989,卖盘
761,14:16:12,29.94,0.03,13,38922,中性盘
762,14:16:06,29.91,--,2,8015,买盘
763,14:16:03,29.91,-0.04,122,365859,卖盘
764,14:16:00,29.95,--,4,11980,买盘
765,14:15:54,29.95,--,2,5990,买盘
766,14:15:51,29.95,--,24,71880,买盘
767,14:15:48,29.95,-0.03,72,215640,卖盘
768,14:15:42,29.98,0.03,11,32978,买盘
769,14:15:39,29.95,--,468,1401660,买盘
770,14:15:36,29.95,--,53,158735,买盘
771,14:15:33,29.95,--,48,143760,买盘
772,14:15:30,29.95,-0.02,52,155740,卖盘
773,14:15:27,29.97,--,13,38961,买盘
774,14:15:24,29.97,-0.02,11,32967,卖盘
775,14:15:21,29.99,-0.01,3,8997,卖盘
776,14:15:18,30.0,0.01,207,621000,买盘
777,14:15:15,29.99,0.09,3,8997,买盘
778,14:15:12,29.9,-0.09,230,687700,卖盘
779,14:15:09,29.99,0.02,5,14995,买盘
780,14:15:06,29.97,--,1,2997,卖盘
781,14:15:03,29.97,-0.02,206,617382,卖盘
782,14:15:00,29.99,0.04,256,767744,买盘
783,14:14:57,29.95,-0.01,4,11980,中性盘
784,14:14:54,29.96,--,52,155792,买盘
785,14:14:51,29.96,-0.01,28,83888,买盘
786,14:14:48,29.97,0.01,503,1507491,卖盘
787,14:14:42,29.96,-0.02,6,17976,卖盘
788,14:14:39,29.98,0.01,34,101932,买盘
789,14:14:36,29.97,0.05,26,77922,买盘
790,14:14:33,29.92,--,3,8976,卖盘
791,14:14:30,29.92,--,14,41888,卖盘
792,14:14:27,29.92,--,17,50864,卖盘
793,14:14:24,29.92,0.02,1,2992,卖盘
794,14:14:21,29.9,--,44,132397,买盘
795,14:14:18,29.9,--,5,14950,买盘
796,14:14:15,29.9,--,4,11960,买盘
797,14:14:12,29.9,--,12,35880,买盘
798,14:14:09,29.9,--,4,11960,买盘
799,14:14:06,29.9,--,8,23920,买盘
800,14:14:03,29.9,-0.02,159,477562,卖盘
801,14:14:00,29.92,0.02,89,267125,买盘
802,14:13:57,29.9,-0.01,5,14950,卖盘
803,14:13:54,29.91,-0.01,9,26919,卖盘
804,14:13:51,29.92,0.03,17,50864,买盘
805,14:13:48,29.89,-0.01,20,59780,卖盘
806,14:13:45,29.9,-0.01,230,687700,卖盘
807,14:13:42,29.91,-0.04,5,14955,卖盘
808,14:13:36,29.95,0.06,10,29950,买盘
809,14:13:33,29.89,-0.01,70,209230,卖盘
810,14:13:30,29.9,--,6,17940,卖盘
811,14:13:27,29.9,--,6,17940,买盘
812,14:13:24,29.9,--,5,14950,买盘
813,14:13:21,29.9,0.02,17,50830,买盘
814,14:13:15,29.88,-0.01,7,20916,卖盘
815,14:13:12,29.89,--,10,29890,卖盘
816,14:13:09,29.89,-0.01,5,14945,卖盘
817,14:13:06,29.9,--,3,8970,买盘
818,14:13:03,29.9,0.02,4,11960,买盘
819,14:13:00,29.88,0.01,35,105775,买盘
820,14:12:57,29.87,-0.01,24,71688,卖盘
821,14:12:54,29.88,--,8,23904,买盘
822,14:12:51,29.88,--,37,110556,买盘
823,14:12:48,29.88,-0.01,76,228880,卖盘
824,14:12:42,29.89,0.01,10,29890,买盘
825,14:12:39,29.88,--,1,2988,卖盘
826,14:12:36,29.88,0.01,282,843811,买盘
827,14:12:33,29.87,--,20,59740,卖盘
828,14:12:30,29.87,-0.01,12,35844,卖盘
829,14:12:27,29.88,--,3,8964,买盘
830,14:12:24,29.88,0.03,16,47808,买盘
831,14:12:21,29.85,-0.03,87,259695,卖盘
832,14:12:15,29.88,0.01,28,83664,买盘
833,14:12:12,29.87,--,44,131428,卖盘
834,14:12:09,29.87,--,4,11948,卖盘
835,14:12:06,29.87,-0.01,24,71688,卖盘
836,14:12:03,29.88,0.02,15,44820,买盘
837,14:12:00,29.86,-0.01,1,2986,卖盘
838,14:11:57,29.87,0.01,1,2987,中性盘
839,14:11:54,29.86,-0.02,27,80622,卖盘
840,14:11:51,29.88,--,32,95616,买盘
841,14:11:48,29.88,--,17,50796,买盘
842,14:11:45,29.88,--,84,250992,卖盘
843,14:11:42,29.88,--,36,107568,卖盘
844,14:11:39,29.88,--,3,8964,卖盘
845,14:11:36,29.88,0.03,96,286848,买盘
846,14:11:33,29.85,--,99,295515,卖盘
847,14:11:30,29.85,-0.03,42,125370,卖盘
848,14:11:24,29.88,--,17,50796,买盘
849,14:11:21,29.88,--,14,41832,买盘
850,14:11:18,29.88,0.03,8,23904,买盘
851,14:11:15,29.85,--,8,23880,卖盘
852,14:11:12,29.85,-0.04,161,480585,卖盘
853,14:11:09,29.89,--,128,382592,买盘
854,14:11:03,29.89,--,29,86681,买盘
855,14:11:00,29.89,--,40,119560,买盘
856,14:10:54,29.89,--,15,44835,买盘
857,14:10:51,29.89,--,27,80703,买盘
858,14:10:48,29.89,-0.01,7,20923,中性盘
859,14:10:45,29.9,0.01,29,86710,买盘
860,14:10:42,29.89,-0.01,231,692461,卖盘
861,14:10:39,29.9,--,5,14950,买盘
862,14:10:36,29.9,--,13,38870,买盘
863,14:10:33,29.9,--,18,53820,买盘
864,14:10:30,29.9,0.01,16,48826,买盘
865,14:10:27,29.89,--,19,56791,买盘
866,14:10:24,29.89,--,12,35868,买盘
867,14:10:21,29.89,0.01,76,227164,买盘
868,14:10:18,29.88,0.01,36,107568,卖盘
869,14:10:15,29.87,-0.02,120,358440,卖盘
870,14:10:12,29.89,0.01,23,68747,买盘
871,14:10:09,29.88,--,26,77688,买盘
872,14:10:06,29.88,--,6,17928,买盘
873,14:10:03,29.88,-0.02,114,340632,卖盘
874,14:10:00,29.9,--,177,529230,卖盘
875,14:09:57,29.9,-0.01,182,544180,卖盘
876,14:09:54,29.91,0.01,60,179460,买盘
877,14:09:51,29.9,--,30,89700,买盘
878,14:09:48,29.9,--,5,14950,买盘
879,14:09:45,29.9,--,129,385710,买盘
880,14:09:42,29.9,0.01,28,83720,买盘
881,14:09:39,29.89,-0.01,325,971425,中性盘
882,14:09:36,29.9,--,32,95680,买盘
883,14:09:33,29.9,--,221,660790,买盘
884,14:09:30,29.9,--,1,2990,买盘
885,14:09:27,29.9,--,22,65780,买盘
886,14:09:24,29.9,-0.05,472,1411280,卖盘
887,14:09:21,29.95,0.03,59,176705,买盘
888,14:09:18,29.92,-0.01,4,11968,卖盘
889,14:09:15,29.93,0.01,8,23944,买盘
890,14:09:12,29.92,-0.01,15,44880,卖盘
891,14:09:09,29.93,0.03,3,8979,买盘
892,14:09:06,29.9,-0.03,5,14950,卖盘
893,14:09:03,29.93,-0.03,16,47888,中性盘
894,14:09:00,29.96,0.05,113,338548,买盘
895,14:08:57,29.91,-0.04,565,1689915,卖盘
896,14:08:54,29.95,0.02,11,32945,卖盘
897,14:08:51,29.93,--,75,224475,卖盘
898,14:08:48,29.93,--,21,62853,卖盘
899,14:08:45,29.93,--,4,11972,买盘
900,14:08:42,29.93,0.02,13,38909,买盘
901,14:08:39,29.91,--,5,14955,卖盘
902,14:08:36,29.91,--,73,218343,买盘
903,14:08:33,29.91,--,26,77766,买盘
904,14:08:30,29.91,--,208,622128,买盘
905,14:08:27,29.91,-0.01,216,646056,卖盘
906,14:08:24,29.92,-0.03,22,65824,卖盘
907,14:08:21,29.95,-0.01,11,32945,买盘
908,14:08:18,29.96,--,103,308588,买盘
909,14:08:12,29.96,--,59,176764,买盘
910,14:08:06,29.96,--,3,8988,买盘
911,14:08:03,29.96,--,13,38948,买盘
912,14:08:00,29.96,--,5,14980,买盘
913,14:07:57,29.96,-0.01,205,614180,卖盘
914,14:07:54,29.97,-0.02,11,32967,卖盘
915,14:07:51,29.99,0.02,30,89970,买盘
916,14:07:42,29.97,-0.02,133,398601,卖盘
917,14:07:39,29.99,-0.01,1,2999,卖盘
918,14:07:36,30.0,--,11,33000,买盘
919,14:07:33,30.0,0.01,10,30000,买盘
920,14:07:30,29.99,--,221,662779,买盘
921,14:07:27,29.99,-0.01,115,344885,卖盘
922,14:07:24,30.0,-0.02,54,162000,卖盘
923,14:07:21,30.02,0.01,71,213142,买盘
924,14:07:18,30.01,-0.01,23,69023,中性盘
925,14:07:15,30.02,--,89,267178,买盘
926,14:07:12,30.02,0.02,65,195130,买盘
927,14:07:06,30.0,-0.02,62,186600,卖盘
928,14:07:03,30.02,-0.01,16,48032,买盘
929,14:06:57,30.03,--,146,438438,卖盘
930,14:06:54,30.03,-0.03,6,18018,卖盘
931,14:06:51,30.06,0.04,13,39078,买盘
932,14:06:48,30.02,--,24,72048,卖盘
933,14:06:45,30.02,--,6,18012,卖盘
934,14:06:42,30.02,-0.01,543,1630086,卖盘
935,14:06:39,30.03,--,5,15015,买盘
936,14:06:36,30.03,--,3,9009,买盘
937,14:06:33,30.03,--,14,42042,买盘
938,14:06:30,30.03,-0.02,367,1102101,卖盘
939,14:06:27,30.05,-0.02,3,9015,中性盘
940,14:06:21,30.07,0.02,16,48112,买盘
941,14:06:18,30.05,-0.01,331,994655,卖盘
942,14:06:15,30.06,-0.01,12,36072,卖盘
943,14:06:12,30.07,--,11,33077,买盘
944,14:06:09,30.07,-0.01,30,90210,卖盘
945,14:06:06,30.08,--,8,24064,卖盘
946,14:06:03,30.08,--,13,39104,卖盘
947,14:06:00,30.08,-0.01,20,60160,中性盘
948,14:05:51,30.09,--,19,57171,买盘
949,14:05:48,30.09,0.02,18,54162,买盘
950,14:05:42,30.07,-0.02,11,33077,中性盘
951,14:05:36,30.09,0.02,15,45135,买盘
952,14:05:33,30.07,-0.03,11,33077,中性盘
953,14:05:30,30.1,0.03,200,602000,买盘
954,14:05:24,30.07,--,3,9021,买盘
955,14:05:21,30.07,-0.03,66,198462,卖盘
956,14:05:18,30.1,--,12,36120,买盘
957,14:05:12,30.1,--,14,42140,买盘
958,14:05:06,30.1,--,110,331100,买盘
959,14:05:03,30.1,--,113,340130,买盘
960,14:05:00,30.1,--,6,18060,买盘
961,14:04:57,30.1,--,1,3010,买盘
962,14:04:51,30.1,--,10,30100,买盘
963,14:04:48,30.1,--,16,48160,买盘
964,14:04:45,30.1,-0.01,57,171570,卖盘
965,14:04:42,30.11,-0.01,21,63231,卖盘
966,14:04:39,30.12,--,117,352404,买盘
967,14:04:36,30.12,--,17,51204,买盘
968,14:04:33,30.12,--,19,57228,买盘
969,14:04:27,30.12,0.01,201,605412,买盘
970,14:04:24,30.11,--,47,141517,卖盘
971,14:04:21,30.11,-0.01,16,48176,卖盘
972,14:04:18,30.12,0.01,13,39156,买盘
973,14:04:15,30.11,-0.01,2,6022,卖盘
974,14:04:12,30.12,-0.01,20,60240,卖盘
975,14:04:09,30.13,--,6,18078,买盘
976,14:04:03,30.13,0.01,19,57247,买盘
977,14:04:00,30.12,--,3,9036,中性盘
978,14:03:57,30.12,0.01,3,9036,中性盘
979,14:03:51,30.11,-0.01,105,316155,卖盘
980,14:03:48,30.12,0.01,13,39156,卖盘
981,14:03:39,30.11,--,29,87319,卖盘
982,14:03:36,30.11,--,30,90330,卖盘
983,14:03:33,30.11,--,18,54198,卖盘
984,14:03:30,30.11,--,92,277012,卖盘
985,14:03:24,30.11,-0.01,3,9033,卖盘
986,14:03:21,30.12,0.01,15,45180,买盘
987,14:03:18,30.11,0.01,42,126462,买盘
988,14:03:12,30.1,--,14,42140,卖盘
989,14:03:03,30.1,--,12,36120,买盘
990,14:02:57,30.1,--,5,15050,买盘
991,14:02:54,30.1,--,3,9030,买盘
992,14:02:51,30.1,--,10,30100,买盘
993,14:02:48,30.1,--,12,36120,买盘
994,14:02:45,30.1,-0.03,81,243810,卖盘
995,14:02:42,30.13,0.02,5,15065,买盘
996,14:02:39,30.11,--,4,12044,买盘
997,14:02:33,30.11,--,13,39143,买盘
998,14:02:30,30.11,--,10,30110,买盘
999,14:02:27,30.11,-0.01,83,249913,卖盘
1000,14:02:24,30.12,--,132,397584,买盘
1001,14:02:21,30.12,--,11,33132,买盘
1002,14:02:18,30.12,0.01,25,75300,买盘
1003,14:02:15,30.11,-0.01,5,15055,卖盘
1004,14:02:12,30.12,--,23,69276,买盘
1005,14:02:09,30.12,-0.01,85,256020,卖盘
1006,14:02:06,30.13,0.01,9,27117,买盘
1007,14:02:03,30.12,-0.01,18,54216,卖盘
1008,14:01:57,30.13,0.01,1,3013,买盘
1009,14:01:54,30.12,--,1,3012,卖盘
1010,14:01:51,30.12,-0.01,15,45180,卖盘
1011,14:01:48,30.13,0.01,12,36156,买盘
1012,14:01:42,30.12,--,17,51204,卖盘
1013,14:01:39,30.12,-0.01,5,15060,卖盘
1014,14:01:33,30.13,0.01,6,18078,买盘
1015,14:01:30,30.12,--,11,33132,卖盘
1016,14:01:27,30.12,--,1,3012,卖盘
1017,14:01:24,30.12,0.01,104,313248,买盘
1018,14:01:21,30.11,--,11,33121,买盘
1019,14:01:18,30.11,-0.01,12,36132,中性盘
1020,14:01:15,30.12,--,10,30120,买盘
1021,14:01:12,30.12,0.02,10,30120,买盘
1022,14:01:09,30.1,--,10,30100,卖盘
1023,14:01:03,30.1,--,19,57190,卖盘
1024,14:01:00,30.1,-0.02,1,3010,卖盘
1025,14:00:57,30.12,0.02,3,9036,买盘
1026,14:00:54,30.1,-0.02,2,6020,卖盘
1027,14:00:51,30.12,0.02,4,12048,买盘
1028,14:00:42,30.1,--,84,252840,卖盘
1029,14:00:39,30.1,--,23,71397,买盘
1030,14:00:36,30.1,--,2,6020,买盘
1031,14:00:33,30.1,0.01,6,18060,买盘
1032,14:00:30,30.09,--,1,3009,卖盘
1033,14:00:27,30.09,--,2,6018,卖盘
1034,14:00:24,30.09,-0.01,1,3009,卖盘
1035,14:00:21,30.1,0.01,4,12040,买盘
1036,14:00:18,30.09,--,64,192576,买盘
1037,14:00:12,30.09,--,15,45135,买盘
1038,14:00:09,30.09,--,1,3009,买盘
1039,14:00:06,30.09,--,20,60180,买盘
1040,14:00:03,30.09,-0.01,114,343026,卖盘
1041,14:00:00,30.1,--,7,21070,买盘
1042,13:59:57,30.1,--,16,48160,买盘
1043,13:59:54,30.1,--,1,3010,买盘
1044,13:59:51,30.1,--,22,66220,买盘
1045,13:59:48,30.1,--,21,63210,买盘
1046,13:59:45,30.1,-0.02,406,1222902,卖盘
1047,13:59:42,30.12,0.01,11,33132,买盘
1048,13:59:39,30.11,-0.01,150,451650,卖盘
1049,13:59:33,30.12,--,10,30120,买盘
1050,13:59:30,30.12,0.01,3,9036,买盘
1051,13:59:21,30.11,--,9,29266,买盘
1052,13:59:18,30.11,--,1,3011,买盘
1053,13:59:12,30.11,0.02,4,12044,买盘
1054,13:59:09,30.09,-0.01,2,6018,卖盘
1055,13:59:06,30.1,0.01,184,553840,买盘
1056,13:59:03,30.09,--,32,96288,卖盘
1057,13:58:57,30.09,-0.01,8,24072,卖盘
1058,13:58:54,30.1,--,9,27090,买盘
1059,13:58:51,30.1,--,11,33110,买盘
1060,13:58:48,30.1,--,12,36120,买盘
1061,13:58:45,30.1,0.01,6,18060,买盘
1062,13:58:42,30.09,--,14,42126,卖盘
1063,13:58:39,30.09,-0.01,2,6018,卖盘
1064,13:58:36,30.1,--,2,6020,买盘
1065,13:58:33,30.1,0.01,15,45150,买盘
1066,13:58:30,30.09,-0.01,15,45135,卖盘
1067,13:58:27,30.1,--,200,602000,买盘
1068,13:58:21,30.1,0.01,38,114380,买盘
1069,13:58:15,30.09,--,14,42126,买盘
1070,13:58:12,30.09,--,13,39117,买盘
1071,13:58:09,30.09,--,4,12036,买盘
1072,13:58:06,30.09,--,3,9027,买盘
1073,13:58:03,30.09,--,20,60180,卖盘
1074,13:57:57,30.09,--,11,33099,买盘
1075,13:57:54,30.09,--,1,3009,买盘
1076,13:57:51,30.09,--,10,30090,买盘
1077,13:57:48,30.09,--,13,39117,买盘
1078,13:57:45,30.09,-0.01,121,364089,卖盘
1079,13:57:42,30.1,0.01,13,39130,买盘
1080,13:57:39,30.09,-0.01,5,15045,卖盘
1081,13:57:33,30.1,0.01,47,141470,买盘
1082,13:57:30,30.09,--,10,30090,卖盘
1083,13:57:27,30.09,-0.01,58,174522,卖盘
1084,13:57:24,30.1,--,1,3010,买盘
1085,13:57:21,30.1,0.02,61,183610,买盘
1086,13:57:18,30.08,-0.01,22,66176,卖盘
1087,13:57:15,30.09,--,28,84252,买盘
1088,13:57:12,30.09,0.01,7,21063,买盘
1089,13:57:06,30.08,-0.01,1,3008,卖盘
1090,13:57:03,30.09,0.02,10,30090,买盘
1091,13:57:00,30.07,-0.01,3,9021,卖盘
1092,13:56:57,30.08,--,1,3008,买盘
1093,13:56:54,30.08,0.01,14,42112,买盘
1094,13:56:51,30.07,-0.01,14,42098,卖盘
1095,13:56:48,30.08,--,15,45120,买盘
1096,13:56:45,30.08,--,2,6016,买盘
1097,13:56:42,30.08,--,13,39104,买盘
1098,13:56:39,30.08,-0.01,153,460224,卖盘
1099,13:56:36,30.09,--,11,33099,卖盘
1100,13:56:33,30.09,--,103,309927,买盘
1101,13:56:30,30.09,0.01,28,84252,买盘
1102,13:56:27,30.08,-0.01,9,27072,卖盘
1103,13:56:21,30.09,0.01,84,252756,买盘
1104,13:56:18,30.08,-0.01,6,18048,卖盘
1105,13:56:15,30.09,--,6,18054,买盘
1106,13:56:12,30.09,0.01,93,279837,买盘
1107,13:56:09,30.08,--,3,9024,买盘
1108,13:56:06,30.08,--,3,9024,买盘
1109,13:56:03,30.08,--,11,33088,买盘
1110,13:56:00,30.08,--,6,18048,买盘
1111,13:55:54,30.08,-0.02,10,30080,卖盘
1112,13:55:51,30.1,--,42,126420,买盘
1113,13:55:48,30.1,0.01,16,48160,买盘
1114,13:55:45,30.09,-0.01,10,30090,卖盘
1115,13:55:42,30.1,--,4,12040,买盘
1116,13:55:39,30.1,0.01,3,9030,买盘
1117,13:55:36,30.09,-0.01,3,9027,卖盘
1118,13:55:33,30.1,0.01,5,15050,买盘
1119,13:55:30,30.09,-0.01,5,15045,中性盘
1120,13:55:27,30.1,--,19,57190,买盘
1121,13:55:24,30.1,--,7,21070,买盘
1122,13:55:21,30.1,--,10,30100,买盘
1123,13:55:18,30.1,0.01,200,602000,买盘
1124,13:55:15,30.09,--,8,24072,买盘
1125,13:55:12,30.09,--,54,162486,卖盘
1126,13:55:09,30.09,--,3,9027,卖盘
1127,13:55:06,30.09,--,5,15045,卖盘
1128,13:55:03,30.09,--,22,66198,卖盘
1129,13:55:00,30.09,-0.01,12,36108,卖盘
1130,13:54:51,30.1,--,15,45150,买盘
1131,13:54:48,30.1,0.01,18,54180,买盘
1132,13:54:45,30.09,-0.01,10,30090,卖盘
1133,13:54:42,30.1,0.01,1,3010,买盘
1134,13:54:39,30.09,--,29,87261,卖盘
1135,13:54:36,30.09,-0.01,23,69207,卖盘
1136,13:54:33,30.1,0.01,6,18060,买盘
1137,13:54:27,30.09,--,20,60180,卖盘
1138,13:54:21,30.09,--,14,42126,卖盘
1139,13:54:18,30.09,0.04,34,102306,买盘
1140,13:54:15,30.05,-0.03,9,27045,卖盘
1141,13:54:12,30.08,-0.01,20,60160,中性盘
1142,13:54:09,30.09,0.01,9,27081,买盘
1143,13:54:03,30.08,--,26,78208,卖盘
1144,13:54:00,30.08,0.03,17,51136,买盘
1145,13:53:57,30.05,-0.03,3,9015,卖盘
1146,13:53:51,30.08,--,15,45120,买盘
1147,13:53:48,30.08,--,157,472256,卖盘
1148,13:53:42,30.08,-0.01,31,93248,卖盘
1149,13:53:39,30.09,0.01,20,60180,买盘
1150,13:53:36,30.08,-0.01,13,39104,卖盘
1151,13:53:33,30.09,--,12,36108,买盘
1152,13:53:30,30.09,--,1,3009,买盘
1153,13:53:27,30.09,0.01,1,3009,买盘
1154,13:53:24,30.08,-0.01,13,39104,卖盘
1155,13:53:21,30.09,0.01,10,30090,买盘
1156,13:53:18,30.08,--,5,15040,买盘
1157,13:53:12,30.08,--,11,33088,买盘
1158,13:53:09,30.08,-0.01,45,135360,卖盘
1159,13:53:03,30.09,0.01,14,42126,买盘
1160,13:53:00,30.08,-0.01,25,75200,卖盘
1161,13:52:57,30.09,0.01,100,300900,买盘
1162,13:52:51,30.08,0.02,14,42112,卖盘
1163,13:52:48,30.06,-0.03,60,180360,卖盘
1164,13:52:45,30.09,--,4,12036,买盘
1165,13:52:42,30.09,0.01,12,36108,买盘
1166,13:52:36,30.08,--,2,6016,买盘
1167,13:52:33,30.08,--,14,42112,买盘
1168,13:52:21,30.08,-0.02,184,553472,卖盘
1169,13:52:18,30.1,0.01,6,18060,买盘
1170,13:52:15,30.09,0.01,33,99297,买盘
1171,13:52:12,30.08,--,23,69184,买盘
1172,13:52:09,30.08,--,16,48128,卖盘
1173,13:52:06,30.08,--,31,93248,卖盘
1174,13:52:03,30.08,-0.01,38,114304,卖盘
1175,13:51:57,30.09,0.01,48,144432,买盘
1176,13:51:54,30.08,--,6,18048,卖盘
1177,13:51:51,30.08,--,19,57152,卖盘
1178,13:51:48,30.08,--,7,21056,卖盘
1179,13:51:45,30.08,-0.01,15,45120,卖盘
1180,13:51:42,30.09,0.01,14,42126,买盘
1181,13:51:39,30.08,--,5,15040,卖盘
1182,13:51:33,30.08,--,57,171456,卖盘
1183,13:51:30,30.08,-0.01,5,15040,卖盘
1184,13:51:27,30.09,--,3,9027,买盘
1185,13:51:24,30.09,0.01,5,15045,买盘
1186,13:51:18,30.08,--,1,3008,卖盘
1187,13:51:15,30.08,0.04,42,126336,买盘
1188,13:51:12,30.04,-0.04,175,525700,中性盘
1189,13:51:09,30.08,0.05,4,12032,买盘
1190,13:51:06,30.03,0.01,1,3003,卖盘
1191,13:51:03,30.02,-0.06,17,51034,卖盘
1192,13:51:00,30.08,0.06,571,1720004,买盘
1193,13:50:57,30.02,--,9,27018,卖盘
1194,13:50:54,30.02,--,24,72048,卖盘
1195,13:50:51,30.02,--,16,48032,卖盘
1196,13:50:48,30.02,--,113,339226,卖盘
1197,13:50:45,30.02,-0.01,6,18012,卖盘
1198,13:50:42,30.03,0.01,13,39039,买盘
1199,13:50:39,30.02,-0.01,10,30020,卖盘
1200,13:50:36,30.03,--,23,70330,买盘
1201,13:50:33,30.03,--,21,63063,买盘
1202,13:50:30,30.03,--,17,51051,买盘
1203,13:50:27,30.03,-0.02,258,774774,卖盘
1204,13:50:24,30.05,--,1,3005,买盘
1205,13:50:21,30.05,--,10,30050,买盘
1206,13:50:12,30.05,--,11,33055,买盘
1207,13:50:09,30.05,--,7,21035,买盘
1208,13:50:06,30.05,0.02,4,12020,买盘
1209,13:50:03,30.03,-0.03,80,240240,卖盘
1210,13:50:00,30.06,0.01,18,54108,买盘
1211,13:49:57,30.05,--,13,39065,卖盘
1212,13:49:54,30.05,-0.01,2,6010,卖盘
1213,13:49:51,30.06,0.01,93,279558,买盘
1214,13:49:48,30.05,0.01,100,300500,买盘
1215,13:49:45,30.04,-0.01,61,183244,中性盘
1216,13:49:42,30.05,--,10,30050,买盘
1217,13:49:39,30.05,--,16,48080,买盘
1218,13:49:36,30.05,--,81,243405,卖盘
1219,13:49:33,30.05,-0.01,18,54090,卖盘
1220,13:49:30,30.06,0.01,17,51102,买盘
1221,13:49:27,30.05,--,85,255425,卖盘
1222,13:49:24,30.05,-0.01,1,3005,卖盘
1223,13:49:21,30.06,0.01,14,42084,买盘
1224,13:49:18,30.05,--,4,12020,卖盘
1225,13:49:15,30.05,--,17,51085,卖盘
1226,13:49:12,30.05,0.03,21,63105,买盘
1227,13:49:09,30.02,-0.04,54,162108,卖盘
1228,13:49:06,30.06,0.02,1,3006,买盘
1229,13:49:03,30.04,-0.02,17,51068,中性盘
1230,13:48:54,30.06,0.03,1,3006,买盘
1231,13:48:51,30.03,-0.01,25,75075,卖盘
1232,13:48:45,30.04,-0.03,11,33044,卖盘
1233,13:48:42,30.07,--,6,18042,买盘
1234,13:48:39,30.07,0.02,112,339520,买盘
1235,13:48:36,30.05,-0.02,105,315525,卖盘
1236,13:48:33,30.07,0.01,4,12028,买盘
1237,13:48:30,30.06,0.01,8,24048,买盘
1238,13:48:27,30.05,-0.01,5,15025,卖盘
1239,13:48:24,30.06,--,4,12024,买盘
1240,13:48:21,30.06,--,13,39078,买盘
1241,13:48:18,30.06,--,49,149277,买盘
1242,13:48:15,30.06,--,1,3006,买盘
1243,13:48:12,30.06,--,222,667332,卖盘
1244,13:48:09,30.06,-0.01,3,9018,卖盘
1245,13:48:03,30.07,-0.01,36,108252,卖盘
1246,13:48:00,30.08,--,70,210560,卖盘
1247,13:47:54,30.08,-0.01,3,9024,卖盘
1248,13:47:51,30.09,--,10,30090,买盘
1249,13:47:48,30.09,--,3,9027,买盘
1250,13:47:45,30.09,--,26,78234,卖盘
1251,13:47:42,30.09,-0.02,14,42126,卖盘
1252,13:47:39,30.11,0.01,3,9033,买盘
1253,13:47:36,30.1,--,6,18060,买盘
1254,13:47:33,30.1,-0.02,112,339588,卖盘
1255,13:47:30,30.12,0.01,12,36144,买盘
1256,13:47:27,30.11,--,3,9033,卖盘
1257,13:47:24,30.11,--,17,51187,卖盘
1258,13:47:21,30.11,0.01,11,33121,买盘
1259,13:47:18,30.1,--,252,760025,卖盘
1260,13:47:15,30.1,--,6,18060,卖盘
1261,13:47:12,30.1,-0.01,7,21070,卖盘
1262,13:47:06,30.11,0.01,1,3011,买盘
1263,13:47:03,30.1,--,44,134486,买盘
1264,13:47:00,30.1,--,15,45150,买盘
1265,13:46:57,30.1,--,3,9030,买盘
1266,13:46:54,30.1,--,3,9030,买盘
1267,13:46:51,30.1,-0.02,87,261870,卖盘
1268,13:46:45,30.12,--,3,9036,买盘
1269,13:46:42,30.12,0.02,19,57228,买盘
1270,13:46:36,30.1,-0.02,7,21070,卖盘
1271,13:46:33,30.12,--,15,45180,买盘
1272,13:46:30,30.12,--,17,51204,买盘
1273,13:46:27,30.12,--,14,42168,买盘
1274,13:46:24,30.12,-0.01,69,208852,卖盘
1275,13:46:21,30.13,--,10,30130,卖盘
1276,13:46:18,30.13,--,31,93403,卖盘
1277,13:46:15,30.13,--,2,6026,卖盘
1278,13:46:12,30.13,--,41,123533,卖盘
1279,13:46:09,30.13,0.01,118,357522,买盘
1280,13:46:06,30.12,-0.01,2,6024,卖盘
1281,13:46:03,30.13,0.01,15,45195,买盘
1282,13:46:00,30.12,-0.01,11,33132,卖盘
1283,13:45:51,30.13,0.04,6,18078,买盘
1284,13:45:48,30.09,-0.04,3,9027,卖盘
1285,13:45:45,30.13,0.04,11,33143,买盘
1286,13:45:42,30.09,-0.03,28,84252,卖盘
1287,13:45:39,30.12,0.03,9,27108,中性盘
1288,13:45:36,30.09,-0.04,8,24072,卖盘
1289,13:45:33,30.13,0.01,7,21091,买盘
1290,13:45:30,30.12,--,8,24096,卖盘
1291,13:45:24,30.12,-0.01,1,3012,卖盘
1292,13:45:21,30.13,0.04,214,644782,买盘
1293,13:45:18,30.09,--,7,21063,买盘
1294,13:45:12,30.09,--,11,33099,买盘
1295,13:45:09,30.09,-0.01,206,619854,卖盘
1296,13:45:06,30.1,--,3,9030,买盘
1297,13:45:03,30.1,-0.03,94,282940,卖盘
1298,13:45:00,30.13,--,14,42182,买盘
1299,13:44:57,30.13,--,18,54234,买盘
1300,13:44:54,30.13,--,3,9039,买盘
1301,13:44:51,30.13,0.01,55,165715,买盘
1302,13:44:48,30.12,-0.01,1,3012,卖盘
1303,13:44:42,30.13,0.01,16,48208,买盘
1304,13:44:39,30.12,--,23,69276,中性盘
1305,13:44:36,30.12,-0.01,3,9036,卖盘
1306,13:44:33,30.13,--,23,69299,买盘
1307,13:44:30,30.13,-0.02,6,18078,卖盘
1308,13:44:24,30.15,--,1,3015,买盘
1309,13:44:21,30.15,0.04,11,33165,买盘
1310,13:44:18,30.11,--,21,63231,买盘
1311,13:44:12,30.11,-0.04,386,1162246,卖盘
1312,13:44:03,30.15,0.01,29,87435,买盘
1313,13:44:00,30.14,--,33,99462,卖盘
1314,13:43:54,30.14,--,3,9042,卖盘
1315,13:43:51,30.14,--,197,593758,卖盘
1316,13:43:45,30.14,-0.01,14,42196,卖盘
1317,13:43:42,30.15,0.01,17,51255,买盘
1318,13:43:39,30.14,-0.01,5,15070,卖盘
1319,13:43:33,30.15,--,15,45225,买盘
1320,13:43:30,30.15,--,16,48240,买盘
1321,13:43:27,30.15,-0.01,20,60300,卖盘
1322,13:43:24,30.16,--,30,90480,买盘
1323,13:43:21,30.16,--,18,54288,买盘
1324,13:43:15,30.16,--,5,15080,买盘
1325,13:43:12,30.16,--,60,180960,买盘
1326,13:43:09,30.16,--,214,645424,卖盘
1327,13:43:06,30.16,--,208,627328,买盘
1328,13:43:03,30.16,--,13,39208,买盘
1329,13:43:00,30.16,--,11,33176,买盘
1330,13:42:54,30.16,0.02,3,9048,买盘
1331,13:42:51,30.14,-0.04,77,232078,卖盘
1332,13:42:48,30.18,--,8,24144,买盘
1333,13:42:45,30.18,--,83,250494,买盘
1334,13:42:42,30.18,-0.01,12,36216,卖盘
1335,13:42:39,30.19,0.02,1,3019,买盘
1336,13:42:36,30.17,-0.02,5,15085,卖盘
1337,13:42:33,30.19,--,32,96608,买盘
1338,13:42:30,30.19,--,7,21133,买盘
1339,13:42:27,30.19,0.04,570,1720830,买盘
1340,13:42:24,30.15,-0.01,5,15587,卖盘
1341,13:42:21,30.16,-0.02,7,21112,中性盘
1342,13:42:18,30.18,0.03,39,117702,买盘
1343,13:42:15,30.15,--,19,57285,卖盘
1344,13:42:12,30.15,--,3,9045,卖盘
1345,13:42:09,30.15,-0.02,179,539685,卖盘
1346,13:42:06,30.17,0.01,5,15085,买盘
1347,13:42:03,30.16,0.01,2,6032,买盘
1348,13:42:00,30.15,0.01,9,28461,买盘
1349,13:41:57,30.14,--,3,9042,卖盘
1350,13:41:54,30.14,-0.01,9,27126,卖盘
1351,13:41:51,30.15,0.01,5,15075,买盘
1352,13:41:48,30.14,--,10,30140,卖盘
1353,13:41:42,30.14,0.03,85,256190,买盘
1354,13:41:39,30.11,-0.03,15,45165,卖盘
1355,13:41:36,30.14,--,7,21098,买盘
1356,13:41:33,30.14,--,22,66308,买盘
1357,13:41:24,30.14,--,3,9042,买盘
1358,13:41:21,30.14,--,10,30140,买盘
1359,13:41:18,30.14,--,118,355652,卖盘
1360,13:41:15,30.14,-0.01,2,6028,卖盘
1361,13:41:12,30.15,--,20,60300,买盘
1362,13:41:09,30.15,0.01,4,12060,买盘
1363,13:41:06,30.14,-0.01,21,63294,卖盘
1364,13:41:03,30.15,--,224,675360,买盘
1365,13:41:00,30.15,0.01,15,45225,买盘
1366,13:40:57,30.14,-0.01,12,36168,卖盘
1367,13:40:51,30.15,--,10,30150,买盘
1368,13:40:45,30.15,--,4,12060,买盘
1369,13:40:42,30.15,-0.03,54,164498,卖盘
1370,13:40:39,30.18,0.02,3,9054,买盘
1371,13:40:36,30.16,-0.02,5,15080,卖盘
1372,13:40:33,30.18,0.03,13,39234,中性盘
1373,13:40:30,30.15,-0.04,251,756765,卖盘
1374,13:40:27,30.19,0.03,200,603800,买盘
1375,13:40:21,30.16,-0.02,31,95516,卖盘
1376,13:40:18,30.18,--,20,60360,卖盘
1377,13:40:15,30.18,-0.01,64,193152,卖盘
1378,13:40:12,30.19,0.01,2,6038,买盘
1379,13:40:09,30.18,--,58,175044,卖盘
1380,13:40:06,30.18,--,25,75450,卖盘
1381,13:40:03,30.18,0.03,49,148877,买盘
1382,13:40:00,30.15,-0.01,24,72360,卖盘
1383,13:39:57,30.16,0.01,56,168896,买盘
1384,13:39:54,30.15,-0.03,1,3015,卖盘
1385,13:39:51,30.18,0.02,16,48288,买盘
1386,13:39:45,30.16,--,60,180960,买盘
1387,13:39:42,30.16,--,10,30160,买盘
1388,13:39:39,30.16,--,24,72384,买盘
1389,13:39:36,30.16,-0.02,8,24128,卖盘
1390,13:39:33,30.18,0.02,19,57342,买盘
1391,13:39:30,30.16,-0.02,109,330764,卖盘
1392,13:39:27,30.18,-0.01,64,193152,卖盘
1393,13:39:21,30.19,0.01,12,36228,买盘
1394,13:39:18,30.18,-0.01,11,33198,卖盘
1395,13:39:15,30.19,--,78,235482,买盘
1396,13:39:12,30.19,0.01,4,12076,买盘
1397,13:39:06,30.18,--,26,78468,卖盘
1398,13:39:03,30.18,--,32,97571,买盘
1399,13:39:00,30.18,0.03,5,15090,买盘
1400,13:38:57,30.15,-0.03,5,15075,卖盘
1401,13:38:54,30.18,0.03,12,36216,买盘
1402,13:38:51,30.15,-0.03,26,78390,卖盘
1403,13:38:48,30.18,0.03,1,3018,买盘
1404,13:38:45,30.15,-0.03,3,9045,卖盘
1405,13:38:42,30.18,0.03,4,12072,买盘
1406,13:38:39,30.15,--,11,33165,卖盘
1407,13:38:36,30.15,--,8,24120,卖盘
1408,13:38:33,30.15,0.01,37,112881,买盘
1409,13:38:30,30.14,-0.01,35,105490,卖盘
1410,13:38:27,30.15,--,12,36180,买盘
1411,13:38:24,30.15,--,2,6030,买盘
1412,13:38:21,30.15,--,32,96480,买盘
1413,13:38:18,30.15,--,4,12060,买盘
1414,13:38:12,30.15,--,4,12060,买盘
1415,13:38:06,30.15,0.01,30,90450,买盘
1416,13:38:03,30.14,0.04,16,48224,买盘
1417,13:38:00,30.1,--,12,36120,买盘
1418,13:37:57,30.1,--,12,36120,买盘
1419,13:37:54,30.1,-0.03,30,90300,卖盘
1420,13:37:51,30.13,0.02,12,36156,买盘
1421,13:37:42,30.11,-0.03,55,165605,卖盘
1422,13:37:36,30.14,--,6,18084,卖盘
1423,13:37:33,30.14,--,27,81378,买盘
1424,13:37:30,30.14,--,12,36168,买盘
1425,13:37:27,30.14,--,203,611842,买盘
1426,13:37:24,30.14,--,1,3014,买盘
1427,13:37:21,30.14,--,26,78364,买盘
1428,13:37:18,30.14,--,12,36168,买盘
1429,13:37:15,30.14,-0.01,45,135630,卖盘
1430,13:37:12,30.15,--,5,15075,买盘
1431,13:37:03,30.15,--,27,81405,买盘
1432,13:37:00,30.15,-0.01,778,2345670,卖盘
1433,13:36:57,30.16,0.01,2,6032,买盘
1434,13:36:54,30.15,-0.01,2,6030,卖盘
1435,13:36:51,30.16,-0.01,150,452400,卖盘
1436,13:36:45,30.17,--,7,21119,买盘
1437,13:36:42,30.17,--,113,340921,买盘
1438,13:36:39,30.17,--,3,9051,买盘
1439,13:36:36,30.17,--,9,27153,买盘
1440,13:36:33,30.17,--,23,69391,买盘
1441,13:36:30,30.17,--,13,39221,买盘
1442,13:36:27,30.17,--,14,42238,买盘
1443,13:36:24,30.17,-0.03,505,1523585,卖盘
1444,13:36:21,30.2,--,5,15100,卖盘
1445,13:36:18,30.2,-0.01,65,196300,卖盘
1446,13:36:15,30.21,0.01,50,151050,买盘
1447,13:36:12,30.2,0.02,8,24160,买盘
1448,13:36:09,30.18,--,20,60360,买盘
1449,13:36:06,30.18,-0.02,52,156936,卖盘
1450,13:36:03,30.2,--,14,42280,买盘
1451,13:36:00,30.2,--,227,685540,买盘
1452,13:35:57,30.2,-0.01,90,271800,卖盘
1453,13:35:51,30.21,--,17,51357,买盘
1454,13:35:48,30.21,-0.03,53,160113,中性盘
1455,13:35:45,30.24,0.04,56,169344,买盘
1456,13:35:42,30.2,-0.02,611,1845220,卖盘
1457,13:35:39,30.22,--,113,341486,买盘
1458,13:35:36,30.22,0.01,15,45330,买盘
1459,13:35:33,30.21,-0.01,132,398772,卖盘
1460,13:35:30,30.22,0.01,13,39286,中性盘
1461,13:35:27,30.21,-0.04,10,30210,卖盘
1462,13:35:24,30.25,0.02,562,1700050,买盘
1463,13:35:21,30.23,0.02,36,108828,买盘
1464,13:35:15,30.21,--,9,27189,卖盘
1465,13:35:12,30.21,-0.01,54,163134,卖盘
1466,13:35:09,30.22,-0.01,10,30220,中性盘
1467,13:35:06,30.23,0.01,79,238817,买盘
1468,13:35:03,30.22,0.01,7,21154,买盘
1469,13:35:00,30.21,--,60,181260,卖盘
1470,13:34:57,30.21,0.01,15,45315,买盘
1471,13:34:51,30.2,--,99,298980,卖盘
1472,13:34:48,30.2,--,292,881840,买盘
1473,13:34:42,30.2,0.02,11,33220,买盘
1474,13:34:39,30.18,-0.01,169,510042,卖盘
1475,13:34:36,30.19,--,1,3019,买盘
1476,13:34:33,30.19,--,34,102646,买盘
1477,13:34:30,30.19,--,15,45285,买盘
1478,13:34:27,30.19,--,77,232463,买盘
1479,13:34:24,30.19,-0.01,7,21133,中性盘
1480,13:34:21,30.2,--,2,6040,买盘
1481,13:34:18,30.2,0.02,80,241600,买盘
1482,13:34:15,30.18,-0.02,6,18108,卖盘
1483,13:34:12,30.2,0.02,2,6040,买盘
1484,13:34:09,30.18,0.02,3,9054,卖盘
1485,13:34:06,30.16,--,162,488592,买盘
1486,13:34:03,30.16,--,12,36192,买盘
1487,13:34:00,30.16,--,36,108576,买盘
1488,13:33:57,30.16,0.01,221,666536,买盘
1489,13:33:54,30.15,-0.01,6,18090,卖盘
1490,13:33:51,30.16,--,32,96512,买盘
1491,13:33:45,30.16,--,4,12064,买盘
1492,13:33:42,30.16,-0.06,463,1396408,卖盘
1493,13:33:39,30.22,--,39,117858,买盘
1494,13:33:36,30.22,0.01,2,6044,买盘
1495,13:33:33,30.21,-0.01,93,280953,中性盘
1496,13:33:30,30.22,0.01,12,36264,买盘
1497,13:33:24,30.21,0.01,1,3021,中性盘
1498,13:33:21,30.2,-0.01,57,172140,卖盘
1499,13:33:18,30.21,--,7,21147,买盘
1500,13:33:15,30.21,0.01,7,21147,买盘
1501,13:33:12,30.2,--,85,256700,卖盘
1502,13:33:09,30.2,--,3,9060,卖盘
1503,13:33:06,30.2,--,10,30200,卖盘
1504,13:33:03,30.2,0.02,569,1718380,买盘
1505,13:33:00,30.18,0.02,1,3018,买盘
1506,13:32:57,30.16,0.01,211,636376,买盘
1507,13:32:54,30.15,-0.01,24,72360,卖盘
1508,13:32:51,30.16,--,14,42224,买盘
1509,13:32:48,30.16,--,7,21112,买盘
1510,13:32:45,30.16,0.01,56,168896,买盘
1511,13:32:42,30.15,--,5,15075,买盘
1512,13:32:39,30.15,0.01,1,3015,买盘
1513,13:32:36,30.14,-0.01,10,30140,卖盘
1514,13:32:33,30.15,0.01,104,313560,买盘
1515,13:32:27,30.14,-0.01,1,3014,卖盘
1516,13:32:24,30.15,--,8,24120,买盘
1517,13:32:21,30.15,--,2,6030,买盘
1518,13:32:18,30.15,0.01,10,30150,买盘
1519,13:32:15,30.14,--,1,3014,买盘
1520,13:32:09,30.14,0.02,15,45210,买盘
1521,13:32:03,30.12,--,39,117468,卖盘
1522,13:31:57,30.12,--,13,39156,买盘
1523,13:31:54,30.12,-0.01,13,39156,卖盘
1524,13:31:51,30.13,0.03,1,3013,买盘
1525,13:31:48,30.1,-0.01,101,304010,卖盘
1526,13:31:42,30.11,--,4,12044,卖盘
1527,13:31:36,30.11,-0.01,1,3011,卖盘
1528,13:31:33,30.12,--,23,69276,买盘
1529,13:31:27,30.12,--,1,3012,买盘
1530,13:31:24,30.12,0.01,1,3012,买盘
1531,13:31:21,30.11,0.01,27,81297,买盘
1532,13:31:18,30.1,--,34,102340,卖盘
1533,13:31:15,30.1,--,10,30100,卖盘
1534,13:31:12,30.1,--,1,3010,卖盘
1535,13:31:09,30.1,0.03,886,2666860,买盘
1536,13:31:06,30.07,0.01,40,120280,买盘
1537,13:31:03,30.06,--,10,30060,卖盘
1538,13:31:00,30.06,--,13,39078,卖盘
1539,13:30:57,30.06,--,12,36072,卖盘
1540,13:30:54,30.06,0.01,33,99198,买盘
1541,13:30:42,30.05,0.05,91,273455,买盘
1542,13:30:36,30.0,-0.03,10,30000,卖盘
1543,13:30:33,30.03,--,3,9009,买盘
1544,13:30:27,30.03,--,1,3003,买盘
1545,13:30:21,30.03,0.03,7,21021,买盘
1546,13:30:18,30.0,--,1,3000,买盘
1547,13:30:15,30.0,--,3,9000,买盘
1548,13:30:12,30.0,--,14,42000,买盘
1549,13:30:09,30.0,--,25,75000,买盘
1550,13:30:06,30.0,--,1,3000,买盘
1551,13:30:03,30.0,-0.03,194,582000,卖盘
1552,13:30:00,30.03,-0.02,260,780780,卖盘
1553,13:29:54,30.05,--,1,3005,买盘
1554,13:29:51,30.05,--,4,12020,买盘
1555,13:29:48,30.05,0.02,6,18030,买盘
1556,13:29:42,30.03,-0.02,11,33033,中性盘
1557,13:29:39,30.05,0.02,9,27045,买盘
1558,13:29:36,30.03,0.01,3,9009,买盘
1559,13:29:33,30.02,-0.01,25,75050,卖盘
1560,13:29:30,30.03,--,1,3003,买盘
1561,13:29:27,30.03,0.01,113,339339,买盘
1562,13:29:24,30.02,--,12,36024,卖盘
1563,13:29:21,30.02,--,39,117078,卖盘
1564,13:29:15,30.02,-0.01,20,60040,卖盘
1565,13:29:12,30.03,0.01,29,87087,买盘
1566,13:29:06,30.02,--,2,6004,卖盘
1567,13:29:03,30.02,--,54,162108,卖盘
1568,13:28:54,30.02,--,17,51034,卖盘
1569,13:28:51,30.02,--,30,90060,买盘
1570,13:28:48,30.02,--,38,114076,买盘
1571,13:28:45,30.02,--,4,12008,买盘
1572,13:28:42,30.02,0.01,10,30020,买盘
1573,13:28:36,30.01,-0.01,36,108036,卖盘
1574,13:28:33,30.02,--,17,51034,买盘
1575,13:28:30,30.02,--,21,63042,买盘
1576,13:28:27,30.02,0.01,16,48032,买盘
1577,13:28:24,30.01,-0.01,7,21007,卖盘
1578,13:28:21,30.02,0.01,101,303202,买盘
1579,13:28:15,30.01,-0.01,2,6002,卖盘
1580,13:28:12,30.02,--,31,93062,买盘
1581,13:28:09,30.02,--,17,51034,买盘
1582,13:28:06,30.02,--,20,60040,买盘
1583,13:28:03,30.02,0.01,16,48032,买盘
1584,13:28:00,30.01,-0.01,4,12004,卖盘
1585,13:27:57,30.02,0.01,67,201134,买盘
1586,13:27:54,30.01,-0.01,37,111037,卖盘
1587,13:27:51,30.02,--,4,12008,买盘
1588,13:27:45,30.02,0.01,10,30020,买盘
1589,13:27:42,30.01,--,11,33011,买盘
1590,13:27:39,30.01,--,2,6002,买盘
1591,13:27:33,30.01,0.01,10,30010,买盘
1592,13:27:27,30.0,0.01,15,45000,买盘
1593,13:27:24,29.99,-0.01,10,29990,卖盘
1594,13:27:21,30.0,--,46,138000,买盘
1595,13:27:18,30.0,--,20,60000,买盘
1596,13:27:15,30.0,--,2,6000,买盘
1597,13:27:12,30.0,0.01,1,3000,买盘
1598,13:27:09,29.99,--,20,59980,卖盘
1599,13:27:06,29.99,-0.01,14,41986,卖盘
1600,13:27:03,30.0,0.01,4,12000,买盘
1601,13:27:00,29.99,-0.01,6,17994,卖盘
1602,13:26:57,30.0,0.01,12,36000,买盘
1603,13:26:54,29.99,--,20,59980,卖盘
1604,13:26:51,29.99,0.02,124,371876,买盘
1605,13:26:48,29.97,--,18,53946,买盘
1606,13:26:45,29.97,-0.01,2,5994,卖盘
1607,13:26:42,29.98,0.01,13,38974,买盘
1608,13:26:33,29.97,--,19,56943,卖盘
1609,13:26:30,29.97,--,10,29970,卖盘
1610,13:26:27,29.97,0.01,9,28951,买盘
1611,13:26:24,29.96,--,15,44940,卖盘
1612,13:26:18,29.96,0.01,40,119840,买盘
1613,13:26:15,29.95,--,1,2995,买盘
1614,13:26:12,29.95,0.05,10,29950,买盘
1615,13:26:09,29.9,-0.05,9,26910,卖盘
1616,13:26:06,29.95,-0.01,5,14975,卖盘
1617,13:26:03,29.96,--,24,71904,买盘
1618,13:25:57,29.96,0.01,213,638148,买盘
1619,13:25:54,29.95,-0.02,17,50915,卖盘
1620,13:25:51,29.97,--,7,20979,买盘
1621,13:25:45,29.97,--,1,2997,买盘
1622,13:25:42,29.97,0.02,13,38961,买盘
1623,13:25:39,29.95,0.05,101,302495,买盘
1624,13:25:36,29.9,--,1,2990,买盘
1625,13:25:33,29.9,-0.06,142,424580,卖盘
1626,13:25:30,29.96,0.04,19,56924,卖盘
1627,13:25:27,29.92,-0.05,120,359040,卖盘
1628,13:25:24,29.97,--,6,17982,买盘
1629,13:25:21,29.97,0.01,37,110889,买盘
1630,13:25:18,29.96,-0.01,19,56924,卖盘
1631,13:25:15,29.97,--,5,14985,买盘
1632,13:25:12,29.97,0.01,16,47952,买盘
1633,13:25:06,29.96,--,9,26964,卖盘
1634,13:25:03,29.96,-0.01,53,158788,卖盘
1635,13:24:57,29.97,--,12,35964,买盘
1636,13:24:54,29.97,--,5,14985,买盘
1637,13:24:51,29.97,-0.03,18,54964,卖盘
1638,13:24:48,30.0,0.01,332,996000,买盘
1639,13:24:42,29.99,--,12,35988,卖盘
1640,13:24:39,29.99,--,14,41986,卖盘
1641,13:24:33,29.99,-0.01,31,92969,卖盘
1642,13:24:30,30.0,--,2,6000,买盘
1643,13:24:27,30.0,--,3,9000,买盘
1644,13:24:24,30.0,--,3,9000,买盘
1645,13:24:21,30.0,--,13,39000,买盘
1646,13:24:18,30.0,0.01,8,24000,买盘
1647,13:24:15,29.99,-0.01,28,83972,卖盘
1648,13:24:12,30.0,-0.05,19,57000,卖盘
1649,13:24:09,30.05,--,1,3005,买盘
1650,13:24:06,30.05,--,28,84140,买盘
1651,13:24:03,30.05,0.01,25,75125,买盘
1652,13:24:00,30.04,0.04,5,15020,卖盘
1653,13:23:57,30.0,-0.05,50,150000,卖盘
1654,13:23:54,30.05,0.02,1,3005,买盘
1655,13:23:51,30.03,--,1,3003,卖盘
1656,13:23:48,30.03,--,10,30030,卖盘
1657,13:23:45,30.03,0.03,154,462462,买盘
1658,13:23:42,30.0,0.02,11,33000,买盘
1659,13:23:39,29.98,-0.03,29,86942,卖盘
1660,13:23:36,30.01,-0.01,10,30010,卖盘
1661,13:23:33,30.02,0.02,6,18012,买盘
1662,13:23:30,30.0,-0.01,4,12000,卖盘
1663,13:23:27,30.01,--,1,3001,买盘
1664,13:23:24,30.01,-0.01,8,24008,买盘
1665,13:23:21,30.02,--,25,75050,买盘
1666,13:23:18,30.02,0.04,1,3002,买盘
1667,13:23:15,29.98,-0.02,87,260826,卖盘
1668,13:23:12,30.0,-0.02,115,345000,卖盘
1669,13:23:09,30.02,0.02,43,129086,买盘
1670,13:23:06,30.0,-0.01,16,48000,卖盘
1671,13:23:03,30.01,-0.01,21,63021,卖盘
1672,13:23:00,30.02,0.02,3,9006,买盘
1673,13:22:57,30.0,--,66,198000,卖盘
1674,13:22:51,30.0,--,16,48000,卖盘
1675,13:22:48,30.0,--,5,15000,卖盘
1676,13:22:45,30.0,0.02,25,76980,买盘
1677,13:22:42,29.98,-0.01,21,62958,卖盘
1678,13:22:39,29.99,--,8,23992,卖盘
1679,13:22:36,29.99,--,30,89970,卖盘
1680,13:22:33,29.99,--,19,56981,卖盘
1681,13:22:30,29.99,--,15,44985,卖盘
1682,13:22:27,29.99,--,48,143952,卖盘
1683,13:22:24,29.99,--,8,23992,卖盘
1684,13:22:21,29.99,--,27,80973,卖盘
1685,13:22:18,29.99,--,4,11996,卖盘
1686,13:22:12,29.99,--,10,29990,卖盘
1687,13:22:09,29.99,--,12,35988,卖盘
1688,13:22:06,29.99,--,8,23992,卖盘
1689,13:22:03,29.99,--,13,38987,卖盘
1690,13:22:00,29.99,--,51,152949,买盘
1691,13:21:57,29.99,0.01,101,302899,买盘
1692,13:21:54,29.98,-0.01,13,38974,卖盘
1693,13:21:51,29.99,--,14,41986,买盘
1694,13:21:45,29.99,--,14,41986,买盘
1695,13:21:42,29.99,0.03,40,119960,买盘
1696,13:21:39,29.96,--,5,14980,卖盘
1697,13:21:36,29.96,-0.02,28,83888,卖盘
1698,13:21:33,29.98,0.02,15,44970,买盘
1699,13:21:30,29.96,-0.03,15,44940,卖盘
1700,13:21:27,29.99,--,44,131956,买盘
1701,13:21:24,29.99,0.02,10,29990,买盘
1702,13:21:21,29.97,-0.01,214,641358,卖盘
1703,13:21:18,29.98,--,9,26982,卖盘
1704,13:21:15,29.98,--,2,5996,卖盘
1705,13:21:12,29.98,0.01,22,65956,卖盘
1706,13:21:09,29.97,--,130,389610,卖盘
1707,13:21:06,29.97,-0.01,9,26973,卖盘
1708,13:21:03,29.98,0.01,5,14990,买盘
1709,13:21:00,29.97,-0.01,12,35964,卖盘
1710,13:20:57,29.98,0.01,29,86942,买盘
1711,13:20:54,29.97,--,3,8991,买盘
1712,13:20:51,29.97,--,61,182817,卖盘
1713,13:20:42,29.97,0.01,4,11988,买盘
1714,13:20:39,29.96,--,42,125832,买盘
1715,13:20:36,29.96,--,33,98868,买盘
1716,13:20:33,29.96,--,4,11984,买盘
1717,13:20:30,29.96,--,8,23968,买盘
1718,13:20:27,29.96,0.01,12,35952,买盘
1719,13:20:24,29.95,--,3,8985,卖盘
1720,13:20:21,29.95,--,1,2995,卖盘
1721,13:20:15,29.95,0.02,22,65890,买盘
1722,13:20:12,29.93,0.01,28,83804,买盘
1723,13:20:09,29.92,--,29,86768,卖盘
1724,13:20:06,29.92,--,9,26928,卖盘
1725,13:20:03,29.92,0.01,7,20944,卖盘
1726,13:20:00,29.91,-0.01,3,8973,卖盘
1727,13:19:57,29.92,--,29,86768,买盘
1728,13:19:54,29.92,--,16,47872,买盘
1729,13:19:51,29.92,--,52,155584,买盘
1730,13:19:42,29.92,0.02,31,92752,买盘
1731,13:19:39,29.9,--,3,8970,中性盘
1732,13:19:36,29.9,0.01,22,65780,买盘
1733,13:19:33,29.89,--,45,134505,卖盘
1734,13:19:24,29.89,--,10,29890,买盘
1735,13:19:21,29.89,--,4,11956,买盘
1736,13:19:18,29.89,0.01,5,14945,买盘
1737,13:19:15,29.88,--,24,71712,卖盘
1738,13:19:12,29.88,0.02,11,32868,买盘
1739,13:19:09,29.86,-0.01,15,44790,卖盘
1740,13:19:06,29.87,0.01,1,2987,中性盘
1741,13:19:00,29.86,0.01,10,29860,卖盘
1742,13:18:57,29.85,-0.01,12,35820,卖盘
1743,13:18:51,29.86,0.01,1,2986,买盘
1744,13:18:48,29.85,0.01,279,832815,买盘
1745,13:18:45,29.84,-0.01,48,143232,卖盘
1746,13:18:42,29.85,0.01,90,268650,买盘
1747,13:18:39,29.84,--,110,328240,卖盘
1748,13:18:36,29.84,-0.01,4,11936,卖盘
1749,13:18:33,29.85,0.02,10,29850,买盘
1750,13:18:30,29.83,--,26,77558,卖盘
1751,13:18:27,29.83,--,5,14915,卖盘
1752,13:18:24,29.83,0.01,9,26847,卖盘
1753,13:18:21,29.82,0.01,102,304193,买盘
1754,13:18:18,29.81,--,69,205689,买盘
1755,13:18:15,29.81,-0.01,205,614056,卖盘
1756,13:18:12,29.82,--,22,65604,卖盘
1757,13:18:09,29.82,0.01,90,268409,买盘
1758,13:18:06,29.81,--,53,157993,买盘
1759,13:18:03,29.81,-0.01,37,110297,卖盘
1760,13:18:00,29.82,0.02,46,137172,买盘
1761,13:17:57,29.8,-0.05,59,175820,卖盘
1762,13:17:51,29.85,--,25,74625,买盘
1763,13:17:48,29.85,0.03,4,11940,买盘
1764,13:17:45,29.82,-0.03,64,190848,卖盘
1765,13:17:42,29.85,--,217,647745,买盘
1766,13:17:39,29.85,--,27,80595,买盘
1767,13:17:36,29.85,-0.01,119,355215,卖盘
1768,13:17:33,29.86,--,57,170202,卖盘
1769,13:17:30,29.86,-0.02,127,379222,卖盘
1770,13:17:27,29.88,--,6,17928,卖盘
1771,13:17:24,29.88,-0.01,11,32868,卖盘
1772,13:17:21,29.89,0.01,37,110593,买盘
1773,13:17:18,29.88,--,26,77688,卖盘
1774,13:17:15,29.88,-0.01,27,80676,卖盘
1775,13:17:12,29.89,-0.01,18,53802,买盘
1776,13:17:09,29.9,0.01,20,59800,买盘
1777,13:17:06,29.89,-0.03,133,400167,卖盘
1778,13:17:03,29.92,-0.01,514,1537888,卖盘
1779,13:17:00,29.93,0.01,36,107748,买盘
1780,13:16:57,29.92,-0.01,9,26928,卖盘
1781,13:16:54,29.93,-0.01,204,610572,卖盘
1782,13:16:51,29.94,--,13,38922,买盘
1783,13:16:48,29.94,0.01,4,11976,买盘
1784,13:16:45,29.93,-0.01,3,8979,卖盘
1785,13:16:42,29.94,0.01,4,11976,买盘
1786,13:16:39,29.93,--,9,26937,卖盘
1787,13:16:36,29.93,-0.02,3,8979,卖盘
1788,13:16:33,29.95,0.03,11,32945,买盘
1789,13:16:30,29.92,--,10,29920,卖盘
1790,13:16:27,29.92,-0.01,3,8976,卖盘
1791,13:16:24,29.93,-0.02,100,299300,卖盘
1792,13:16:21,29.95,0.01,17,50915,中性盘
1793,13:16:15,29.94,0.01,21,62874,中性盘
1794,13:16:12,29.93,-0.04,41,122713,卖盘
1795,13:16:06,29.97,-0.01,20,59940,买盘
1796,13:16:03,29.98,0.01,69,208480,买盘
1797,13:16:00,29.97,--,138,413586,卖盘
1798,13:15:57,29.97,--,23,68931,卖盘
1799,13:15:54,29.97,-0.01,5,14985,卖盘
1800,13:15:51,29.98,0.01,52,155896,买盘
1801,13:15:48,29.97,-0.01,15,44955,卖盘
1802,13:15:45,29.98,0.01,8,23984,买盘
1803,13:15:42,29.97,--,29,86913,卖盘
1804,13:15:39,29.97,0.02,24,73306,买盘
1805,13:15:36,29.95,-0.01,296,888137,卖盘
1806,13:15:33,29.96,--,132,395472,卖盘
1807,13:15:30,29.96,-0.01,366,1096536,卖盘
1808,13:15:27,29.97,-0.01,26,77922,卖盘
1809,13:15:24,29.98,--,2,5996,买盘
1810,13:15:21,29.98,--,13,38974,买盘
1811,13:15:18,29.98,-0.01,37,110926,卖盘
1812,13:15:12,29.99,-0.01,26,77974,中性盘
1813,13:15:09,30.0,--,53,159000,买盘
1814,13:15:06,30.0,--,31,93000,买盘
1815,13:15:03,30.0,--,231,693000,买盘
1816,13:15:00,30.0,--,5,15000,买盘
1817,13:14:57,30.0,--,15,45000,买盘
1818,13:14:54,30.0,--,25,75000,卖盘
1819,13:14:51,30.0,-0.02,248,744000,卖盘
1820,13:14:48,30.02,0.02,2,6004,买盘
1821,13:14:45,30.0,-0.02,203,609000,卖盘
1822,13:14:42,30.02,-0.01,100,300200,卖盘
1823,13:14:39,30.03,0.01,230,690690,买盘
1824,13:14:36,30.02,--,12,36024,卖盘
1825,13:14:33,30.02,-0.03,140,420280,卖盘
1826,13:14:24,30.05,--,1,3005,买盘
1827,13:14:21,30.05,--,11,33055,买盘
1828,13:14:18,30.05,0.02,3,9015,买盘
1829,13:14:15,30.03,--,24,72072,卖盘
1830,13:14:12,30.03,--,42,126126,卖盘
1831,13:14:06,30.03,-0.02,98,294294,卖盘
1832,13:14:03,30.05,0.02,60,180300,买盘
1833,13:14:00,30.03,-0.02,100,300300,卖盘
1834,13:13:57,30.05,--,1,3005,买盘
1835,13:13:54,30.05,--,3,9015,买盘
1836,13:13:51,30.05,0.01,13,39065,买盘
1837,13:13:48,30.04,-0.01,5,15020,卖盘
1838,13:13:45,30.05,--,3,9015,买盘
1839,13:13:42,30.05,-0.03,14,42070,买盘
1840,13:13:39,30.08,--,86,258687,卖盘
1841,13:13:36,30.08,--,125,376000,买盘
1842,13:13:33,30.08,--,13,39104,买盘
1843,13:13:30,30.08,-0.01,3,9024,中性盘
1844,13:13:21,30.09,0.01,58,174522,买盘
1845,13:13:18,30.08,-0.01,13,39104,卖盘
1846,13:13:12,30.09,0.01,10,30090,中性盘
1847,13:13:06,30.08,-0.02,13,39104,卖盘
1848,13:13:03,30.1,0.02,11,33110,买盘
1849,13:12:57,30.08,-0.02,2,6016,卖盘
1850,13:12:54,30.1,-0.02,46,138460,卖盘
1851,13:12:51,30.12,0.02,4,12048,买盘
1852,13:12:45,30.1,-0.02,99,297990,卖盘
1853,13:12:42,30.12,0.02,9,27108,买盘
1854,13:12:39,30.1,--,22,66220,卖盘
1855,13:12:36,30.1,0.02,52,156520,买盘
1856,13:12:33,30.08,-0.01,90,270720,卖盘
1857,13:12:30,30.09,-0.01,3,9027,卖盘
1858,13:12:27,30.1,0.01,13,39130,买盘
1859,13:12:24,30.09,-0.01,4,12036,卖盘
1860,13:12:21,30.1,0.01,10,30100,买盘
1861,13:12:18,30.09,-0.01,4,12036,卖盘
1862,13:12:15,30.1,--,4,12040,买盘
1863,13:12:12,30.1,0.01,15,45150,买盘
1864,13:12:06,30.09,-0.01,8,24072,卖盘
1865,13:12:03,30.1,--,16,48160,买盘
1866,13:12:00,30.1,-0.02,56,168560,卖盘
1867,13:11:54,30.12,--,2,6024,卖盘
1868,13:11:51,30.12,0.02,11,33132,中性盘
1869,13:11:48,30.1,0.01,11,33110,中性盘
1870,13:11:45,30.09,-0.01,107,321963,卖盘
1871,13:11:42,30.1,-0.02,124,373240,卖盘
1872,13:11:36,30.12,--,111,334332,卖盘
1873,13:11:33,30.12,0.02,99,298188,买盘
1874,13:11:30,30.1,-0.02,5,15050,卖盘
1875,13:11:21,30.12,0.02,11,33132,买盘
1876,13:11:18,30.1,--,17,51170,卖盘
1877,13:11:15,30.1,-0.02,3,9030,中性盘
1878,13:11:12,30.12,0.01,13,39156,买盘
1879,13:11:06,30.11,-0.03,14,42154,卖盘
1880,13:11:03,30.14,0.03,4,12056,买盘
1881,13:10:57,30.11,-0.01,4,12044,卖盘
1882,13:10:54,30.12,--,2,6024,卖盘
1883,13:10:51,30.12,0.03,9,27108,买盘
1884,13:10:48,30.09,-0.03,4,12036,卖盘
1885,13:10:42,30.12,0.02,20,60240,买盘
1886,13:10:39,30.1,--,12,36120,卖盘
1887,13:10:36,30.1,-0.02,19,57190,卖盘
1888,13:10:33,30.12,0.02,198,596376,买盘
1889,13:10:30,30.1,--,4,12040,卖盘
1890,13:10:27,30.1,-0.02,10,30100,卖盘
1891,13:10:24,30.12,--,4,12048,买盘
1892,13:10:21,30.12,--,4,12048,买盘
1893,13:10:18,30.12,0.02,5,15060,买盘
1894,13:10:15,30.1,0.01,3,9030,中性盘
1895,13:10:12,30.09,-0.01,53,159477,卖盘
1896,13:10:09,30.1,--,100,301000,买盘
1897,13:10:06,30.1,-0.02,7,21070,卖盘
1898,13:10:03,30.12,-0.01,112,337344,卖盘
1899,13:10:00,30.13,0.01,6,18078,买盘
1900,13:09:54,30.12,-0.01,9,27108,卖盘
1901,13:09:51,30.13,0.01,8,24104,中性盘
1902,13:09:48,30.12,--,7,21084,卖盘
1903,13:09:42,30.12,--,11,33132,卖盘
1904,13:09:39,30.12,--,2,6024,卖盘
1905,13:09:36,30.12,--,8,24096,卖盘
1906,13:09:33,30.12,0.02,103,310236,买盘
1907,13:09:30,30.1,--,76,228760,卖盘
1908,13:09:27,30.1,--,2,6020,卖盘
1909,13:09:24,30.1,--,27,81270,卖盘
1910,13:09:21,30.1,-0.01,24,72240,卖盘
1911,13:09:12,30.11,0.01,16,48176,卖盘
1912,13:09:06,30.1,-0.01,12,36120,卖盘
1913,13:09:03,30.11,0.01,10,30110,买盘
1914,13:09:00,30.1,--,1,3010,卖盘
1915,13:08:54,30.1,--,8,24080,卖盘
1916,13:08:51,30.1,0.01,5,15050,买盘
1917,13:08:48,30.09,--,74,222666,卖盘
1918,13:08:45,30.09,-0.01,5,15045,卖盘
1919,13:08:42,30.1,--,15,45150,买盘
1920,13:08:36,30.1,-0.01,221,665210,卖盘
1921,13:08:33,30.11,--,62,186682,买盘
1922,13:08:30,30.11,0.01,86,258946,买盘
1923,13:08:21,30.1,--,20,60200,卖盘
1924,13:08:15,30.1,-0.01,12,36120,卖盘
1925,13:08:12,30.11,--,5,15055,买盘
1926,13:08:09,30.11,0.01,8,24088,买盘
1927,13:08:06,30.1,-0.01,8,24080,卖盘
1928,13:08:03,30.11,0.01,110,331210,买盘
1929,13:07:54,30.1,-0.01,151,454510,卖盘
1930,13:07:51,30.11,0.01,13,39143,买盘
1931,13:07:45,30.1,--,13,39130,卖盘
1932,13:07:42,30.1,--,50,150500,卖盘
1933,13:07:36,30.1,-0.01,37,111370,卖盘
1934,13:07:33,30.11,0.02,5,15055,买盘
1935,13:07:30,30.09,--,104,312936,卖盘
1936,13:07:27,30.09,--,3,9027,卖盘
1937,13:07:24,30.09,--,16,48144,卖盘
1938,13:07:21,30.09,--,42,126378,卖盘
1939,13:07:18,30.09,--,7,21063,卖盘
1940,13:07:12,30.09,--,16,48144,卖盘
1941,13:07:09,30.09,--,28,84252,卖盘
1942,13:07:06,30.09,--,64,192576,买盘
1943,13:07:03,30.09,0.01,175,526575,买盘
1944,13:07:00,30.08,--,5,15040,卖盘
1945,13:06:57,30.08,-0.02,6,18048,卖盘
1946,13:06:54,30.1,--,3,9030,买盘
1947,13:06:51,30.1,0.01,10,30100,买盘
1948,13:06:48,30.09,-0.01,6,18054,卖盘
1949,13:06:45,30.1,--,130,391300,卖盘
1950,13:06:42,30.1,--,2,6020,卖盘
1951,13:06:39,30.1,--,161,484610,卖盘
1952,13:06:36,30.1,--,8,24080,卖盘
1953,13:06:33,30.1,--,41,123410,卖盘
1954,13:06:30,30.1,0.01,370,1113700,买盘
1955,13:06:27,30.09,-0.01,3,9027,中性盘
1956,13:06:24,30.1,--,10,30100,买盘
1957,13:06:21,30.1,--,11,33110,买盘
1958,13:06:18,30.1,-0.01,1221,3675210,卖盘
1959,13:06:15,30.11,0.01,6,18066,买盘
1960,13:06:12,30.1,-0.01,110,331100,卖盘
1961,13:06:06,30.11,-0.01,10,30110,卖盘
1962,13:06:03,30.12,0.01,41,123492,买盘
1963,13:06:00,30.11,--,4,12044,卖盘
1964,13:05:57,30.11,--,6,18066,卖盘
1965,13:05:54,30.11,--,50,150550,买盘
1966,13:05:51,30.11,--,236,710596,卖盘
1967,13:05:45,30.11,-0.03,19,57209,卖盘
1968,13:05:42,30.14,0.01,111,334554,买盘
1969,13:05:39,30.13,0.02,4,12052,买盘
1970,13:05:36,30.11,-0.02,103,310133,卖盘
1971,13:05:33,30.13,--,9,27117,卖盘
1972,13:05:30,30.13,0.01,52,156676,卖盘
1973,13:05:27,30.12,--,201,605412,卖盘
1974,13:05:21,30.12,--,27,81324,卖盘
1975,13:05:18,30.12,--,64,192768,买盘
1976,13:05:15,30.12,--,3,9036,买盘
1977,13:05:12,30.12,--,13,39156,买盘
1978,13:05:06,30.12,--,12,36144,买盘
1979,13:05:03,30.12,--,16,48192,买盘
1980,13:05:00,30.12,--,9,27108,买盘
1981,13:04:57,30.12,-0.01,195,587340,卖盘
1982,13:04:54,30.13,--,1,3013,卖盘
1983,13:04:51,30.13,--,20,60260,卖盘
1984,13:04:48,30.13,-0.02,1,3013,卖盘
1985,13:04:45,30.15,--,107,322605,买盘
1986,13:04:42,30.15,--,4,12060,买盘
1987,13:04:39,30.15,--,5,15075,买盘
1988,13:04:36,30.15,--,15,45225,买盘
1989,13:04:33,30.15,--,17,51255,卖盘
1990,13:04:27,30.15,0.02,195,587925,买盘
1991,13:04:24,30.13,--,3,9039,买盘
1992,13:04:21,30.13,-0.02,61,183793,卖盘
1993,13:04:18,30.15,--,5,15075,买盘
1994,13:04:12,30.15,-0.03,170,512550,卖盘
1995,13:04:09,30.18,--,1,3018,买盘
1996,13:04:06,30.18,0.02,63,190134,买盘
1997,13:04:03,30.16,-0.02,252,760032,卖盘
1998,13:04:00,30.18,-0.02,64,193152,卖盘
1999,13:03:57,30.2,-0.02,8,24160,中性盘
2000,13:03:54,30.22,--,1,3022,买盘
2001,13:03:51,30.22,0.03,10,30220,买盘
2002,13:03:48,30.19,-0.03,171,516249,卖盘
2003,13:03:45,30.22,--,18,54396,买盘
2004,13:03:42,30.22,--,110,332420,买盘
2005,13:03:39,30.22,--,61,184342,买盘
2006,13:03:36,30.22,--,62,187364,买盘
2007,13:03:33,30.22,0.01,44,132968,买盘
2008,13:03:30,30.21,--,2,6042,卖盘
2009,13:03:27,30.21,0.01,127,383667,买盘
2010,13:03:24,30.2,--,15,45300,卖盘
2011,13:03:18,30.2,0.02,550,1661000,买盘
2012,13:03:15,30.18,-0.01,54,162972,卖盘
2013,13:03:12,30.19,0.01,4,12076,买盘
2014,13:03:09,30.18,0.01,4,12072,买盘
2015,13:03:06,30.17,-0.01,12,36204,卖盘
2016,13:03:03,30.18,--,20,60360,买盘
2017,13:03:00,30.18,0.02,5,15090,买盘
2018,13:02:57,30.16,--,5,15080,卖盘
2019,13:02:51,30.16,0.01,13,39208,中性盘
2020,13:02:48,30.15,-0.03,4,12060,卖盘
2021,13:02:45,30.18,--,3,9054,买盘
2022,13:02:42,30.18,0.04,13,39234,买盘
2023,13:02:36,30.14,--,8,24112,卖盘
2024,13:02:33,30.14,--,22,66308,卖盘
2025,13:02:27,30.14,0.01,65,195910,买盘
2026,13:02:24,30.13,-0.01,3,9039,卖盘
2027,13:02:21,30.14,0.01,15,45210,买盘
2028,13:02:18,30.13,-0.01,4,12052,卖盘
2029,13:02:15,30.14,0.01,73,220022,买盘
2030,13:02:12,30.13,--,2,6026,卖盘
2031,13:02:09,30.13,--,6,18078,卖盘
2032,13:02:06,30.13,-0.01,24,72312,卖盘
2033,13:02:03,30.14,--,14,42196,买盘
2034,13:02:00,30.14,--,3,9042,买盘
2035,13:01:54,30.14,--,3,9042,买盘
2036,13:01:51,30.14,-0.03,10,30140,买盘
2037,13:01:45,30.17,-0.01,9,27153,卖盘
2038,13:01:42,30.18,--,4,12072,买盘
2039,13:01:39,30.18,--,41,123738,买盘
2040,13:01:33,30.18,0.04,10,30180,买盘
2041,13:01:30,30.14,--,53,159742,买盘
2042,13:01:27,30.14,-0.04,107,322498,卖盘
2043,13:01:24,30.18,--,204,615672,买盘
2044,13:01:21,30.18,--,16,48288,买盘
2045,13:01:18,30.18,0.04,8,24144,买盘
2046,13:01:12,30.14,--,14,42196,卖盘
2047,13:01:09,30.14,-0.04,1,3014,卖盘
2048,13:01:06,30.18,--,12,36216,买盘
2049,13:01:03,30.18,--,112,338016,卖盘
2050,13:01:00,30.18,--,13,39234,卖盘
2051,13:00:57,30.18,-0.02,1,3018,卖盘
2052,13:00:54,30.2,--,2,6040,买盘
2053,13:00:51,30.2,0.02,13,39260,买盘
2054,13:00:48,30.18,--,71,214278,卖盘
2055,13:00:45,30.18,-0.02,2,6036,卖盘
2056,13:00:42,30.2,0.06,4,12080,买盘
2057,13:00:33,30.14,-0.04,11,33154,中性盘
2058,13:00:27,30.18,--,3,9054,买盘
2059,13:00:24,30.18,--,200,603600,买盘
2060,13:00:21,30.18,0.03,10,30180,买盘
2061,13:00:18,30.15,-0.03,4,12060,卖盘
2062,13:00:15,30.18,--,5,15090,买盘
2063,13:00:12,30.18,--,10,30180,买盘
2064,13:00:09,30.18,-0.02,9,27162,中性盘
2065,13:00:06,30.2,0.02,124,374480,买盘
2066,13:00:03,30.18,--,428,1291704,卖盘
2067,13:00:00,30.18,--,0,0,卖盘
2068,11:30:00,30.18,--,0,0,中性盘
2069,11:29:57,30.18,0.01,10,30180,中性盘
2070,11:29:51,30.17,-0.04,3,9051,卖盘
2071,11:29:48,30.21,0.03,6,18126,买盘
2072,11:29:45,30.18,0.01,7,21126,买盘
2073,11:29:42,30.17,-0.01,4,12068,卖盘
2074,11:29:39,30.18,--,6,18108,买盘
2075,11:29:36,30.18,--,6,18108,买盘
2076,11:29:33,30.18,0.07,6,18108,买盘
2077,11:29:27,30.11,-0.1,370,1114070,卖盘
2078,11:29:24,30.21,--,47,141987,卖盘
2079,11:29:21,30.21,--,207,626102,买盘
2080,11:29:18,30.21,--,3,9063,买盘
2081,11:29:15,30.21,--,16,48336,买盘
2082,11:29:12,30.21,--,6,18126,买盘
2083,11:29:09,30.21,0.04,32,96672,买盘
2084,11:29:06,30.17,--,19,57323,买盘
2085,11:29:03,30.17,-0.05,20,60340,卖盘
2086,11:29:00,30.22,0.01,17,51374,买盘
2087,11:28:48,30.21,0.04,17,51357,买盘
2088,11:28:45,30.17,0.02,5,15085,买盘
2089,11:28:42,30.15,-0.07,47,141705,卖盘
2090,11:28:36,30.22,0.04,4,12088,买盘
2091,11:28:33,30.18,-0.04,33,99594,中性盘
2092,11:28:27,30.22,--,8,24176,买盘
2093,11:28:21,30.22,0.04,200,604400,买盘
2094,11:28:18,30.18,-0.04,54,162972,卖盘
2095,11:28:15,30.22,--,7,21154,买盘
2096,11:28:12,30.22,0.02,13,39286,卖盘
2097,11:28:09,30.2,-0.03,61,184220,卖盘
2098,11:28:06,30.23,--,10,30230,买盘
2099,11:28:03,30.23,0.01,4,12092,买盘
2100,11:28:00,30.22,--,7,21154,买盘
2101,11:27:57,30.22,--,77,232694,买盘
2102,11:27:51,30.22,--,8,24176,买盘
2103,11:27:48,30.22,--,24,72528,买盘
2104,11:27:45,30.22,--,328,991216,卖盘
2105,11:27:42,30.22,-0.01,11,33242,卖盘
2106,11:27:36,30.23,0.02,57,172311,中性盘
2107,11:27:33,30.21,-0.03,10,30210,卖盘
2108,11:27:27,30.24,0.03,8,24192,买盘
2109,11:27:24,30.21,--,62,187302,卖盘
2110,11:27:21,30.21,--,59,178239,买盘
2111,11:27:18,30.21,--,10,30210,买盘
2112,11:27:15,30.21,--,4,12084,买盘
2113,11:27:12,30.21,-0.02,18,54378,卖盘
2114,11:27:09,30.23,-0.01,13,39299,卖盘
2115,11:27:06,30.24,0.04,4,12096,买盘
2116,11:27:03,30.2,-0.04,55,166100,卖盘
2117,11:27:00,30.24,--,3,9072,买盘
2118,11:26:57,30.24,-0.01,4,12096,中性盘
2119,11:26:51,30.25,0.02,259,783475,买盘
2120,11:26:48,30.23,0.02,49,148127,买盘
2121,11:26:45,30.21,--,4,12084,买盘
2122,11:26:42,30.21,--,6,18126,买盘
2123,11:26:39,30.21,-0.02,59,178239,卖盘
2124,11:26:36,30.23,0.01,100,302300,买盘
2125,11:26:33,30.22,--,100,302200,卖盘
2126,11:26:30,30.22,-0.01,133,401926,卖盘
2127,11:26:27,30.23,--,35,105805,卖盘
2128,11:26:24,30.23,--,10,30230,卖盘
2129,11:26:21,30.23,0.01,30,90690,买盘
2130,11:26:18,30.22,-0.01,69,208518,卖盘
2131,11:26:15,30.23,--,4,12092,买盘
2132,11:26:09,30.23,0.03,103,311369,买盘
2133,11:26:06,30.2,-0.02,61,184220,卖盘
2134,11:26:03,30.22,--,6,18132,买盘
2135,11:26:00,30.22,--,6,18132,买盘
2136,11:25:57,30.22,0.02,73,220606,买盘
2137,11:25:51,30.2,-0.02,25,75500,卖盘
2138,11:25:48,30.22,--,39,117858,买盘
2139,11:25:45,30.22,--,68,205496,买盘
2140,11:25:39,30.22,--,8,24176,买盘
2141,11:25:36,30.22,--,74,223628,卖盘
2142,11:25:33,30.22,--,104,314288,卖盘
2143,11:25:30,30.22,-0.01,42,126924,卖盘
2144,11:25:27,30.23,--,4,12092,买盘
2145,11:25:24,30.23,0.01,62,187426,买盘
2146,11:25:21,30.22,-0.01,2,6044,卖盘
2147,11:25:18,30.23,0.01,13,39299,买盘
2148,11:25:15,30.22,0.02,3,9066,买盘
2149,11:25:12,30.2,-0.03,70,211400,卖盘
2150,11:25:09,30.23,0.03,77,232771,买盘
2151,11:25:06,30.2,--,59,178180,卖盘
2152,11:25:03,30.2,--,121,365420,卖盘
2153,11:25:00,30.2,0.01,801,2419020,买盘
2154,11:24:57,30.19,-0.01,24,72456,中性盘
2155,11:24:54,30.2,--,33,99660,买盘
2156,11:24:51,30.2,0.01,439,1325780,买盘
2157,11:24:48,30.19,--,14,42266,卖盘
2158,11:24:42,30.19,--,1,3019,卖盘
2159,11:24:39,30.19,-0.01,58,175102,卖盘
2160,11:24:36,30.2,0.01,21,63420,买盘
2161,11:24:33,30.19,-0.01,38,114722,卖盘
2162,11:24:30,30.2,0.01,45,135900,买盘
2163,11:24:27,30.19,-0.01,3,9057,卖盘
2164,11:24:24,30.2,--,86,259720,买盘
2165,11:24:21,30.2,--,60,181200,买盘
2166,11:24:18,30.2,--,254,767080,买盘
2167,11:24:12,30.2,0.02,5,15100,买盘
2168,11:24:09,30.18,-0.02,16,48288,卖盘
2169,11:24:03,30.2,0.02,71,214420,买盘
2170,11:24:00,30.18,--,1,5040,买盘
2171,11:23:57,30.18,--,14,42252,买盘
2172,11:23:51,30.18,0.01,3,9054,买盘
2173,11:23:48,30.17,-0.01,3,9051,卖盘
2174,11:23:45,30.18,--,46,139823,卖盘
2175,11:23:39,30.18,-0.02,5,15090,卖盘
2176,11:23:36,30.2,--,114,344280,买盘
2177,11:23:33,30.2,0.01,71,214420,买盘
2178,11:23:30,30.19,-0.01,10,30190,买盘
2179,11:23:27,30.2,0.02,54,163080,买盘
2180,11:23:24,30.18,--,3,9054,卖盘
2181,11:23:21,30.18,--,2,6036,卖盘
2182,11:23:18,30.18,-0.01,75,226350,卖盘
2183,11:23:15,30.19,--,210,633990,买盘
2184,11:23:12,30.19,0.01,26,80516,买盘
2185,11:23:09,30.18,-0.01,22,66396,卖盘
2186,11:23:06,30.19,--,20,60380,买盘
2187,11:23:03,30.19,0.01,6,18114,买盘
2188,11:23:00,30.18,-0.01,70,211260,中性盘
2189,11:22:57,30.19,0.01,10,30190,买盘
2190,11:22:54,30.18,--,105,316890,买盘
2191,11:22:51,30.18,--,4,12072,买盘
2192,11:22:48,30.18,--,11,33198,买盘
2193,11:22:45,30.18,--,16,48288,买盘
2194,11:22:42,30.18,--,2,6036,买盘
2195,11:22:39,30.18,0.03,6,18108,买盘
2196,11:22:36,30.15,-0.02,23,69345,卖盘
2197,11:22:33,30.17,-0.01,7,21119,卖盘
2198,11:22:30,30.18,--,144,434592,卖盘
2199,11:22:27,30.18,--,23,69414,卖盘
2200,11:22:24,30.18,--,15,45270,卖盘
2201,11:22:18,30.18,-0.01,12,36216,卖盘
2202,11:22:15,30.19,0.04,42,126798,买盘
2203,11:22:12,30.15,--,3,9045,买盘
2204,11:22:09,30.15,-0.02,10,30150,卖盘
2205,11:22:06,30.17,-0.01,7,21119,中性盘
2206,11:22:03,30.18,0.03,82,247476,买盘
2207,11:22:00,30.15,--,6,18090,买盘
2208,11:21:57,30.15,-0.01,14,42210,卖盘
2209,11:21:54,30.16,-0.01,107,322712,卖盘
2210,11:21:51,30.17,--,6,18102,卖盘
2211,11:21:48,30.17,--,14,42238,买盘
2212,11:21:45,30.17,--,4,12068,买盘
2213,11:21:36,30.17,-0.01,5,15085,中性盘
2214,11:21:33,30.18,0.01,2,6036,买盘
2215,11:21:30,30.17,-0.01,3,9051,卖盘
2216,11:21:27,30.18,0.01,4,12072,买盘
2217,11:21:24,30.17,--,2,6034,卖盘
2218,11:21:21,30.17,--,5,15085,卖盘
2219,11:21:18,30.17,-0.01,28,84476,买盘
2220,11:21:15,30.18,0.04,203,612654,买盘
2221,11:21:12,30.14,-0.02,4,12056,卖盘
2222,11:21:09,30.16,--,9,27144,买盘
2223,11:21:06,30.16,--,4,12064,买盘
2224,11:21:00,30.16,-0.01,11,33176,买盘
2225,11:20:57,30.17,--,4,12068,买盘
2226,11:20:54,30.17,0.01,5,15085,买盘
2227,11:20:51,30.16,-0.01,11,33176,卖盘
2228,11:20:48,30.17,--,28,84476,买盘
2229,11:20:45,30.17,0.01,19,57323,买盘
2230,11:20:42,30.16,--,20,60320,卖盘
2231,11:20:39,30.16,--,22,66352,卖盘
2232,11:20:36,30.16,-0.01,3,9048,卖盘
2233,11:20:33,30.17,0.01,2,6034,买盘
2234,11:20:30,30.16,--,58,174928,卖盘
2235,11:20:27,30.16,--,6,18096,卖盘
2236,11:20:24,30.16,--,105,316680,卖盘
2237,11:20:21,30.16,--,3,9048,卖盘
2238,11:20:18,30.16,-0.01,13,39208,卖盘
2239,11:20:15,30.17,0.03,238,718046,买盘
2240,11:20:12,30.14,--,5,15070,买盘
2241,11:20:09,30.14,-0.03,16,48224,卖盘
2242,11:20:06,30.17,0.01,110,331870,买盘
2243,11:20:03,30.16,--,3,9048,买盘
2244,11:20:00,30.16,--,80,241280,买盘
2245,11:19:57,30.16,--,26,78416,卖盘
2246,11:19:51,30.16,--,8,24128,买盘
2247,11:19:48,30.16,--,19,57304,卖盘
2248,11:19:45,30.16,--,45,135720,买盘
2249,11:19:42,30.16,0.04,9,27144,买盘
2250,11:19:33,30.12,-0.04,4,12048,卖盘
2251,11:19:30,30.16,0.02,24,72384,买盘
2252,11:19:27,30.14,0.02,27,81378,买盘
2253,11:19:24,30.12,-0.04,1,3012,卖盘
2254,11:19:21,30.16,0.01,102,307632,买盘
2255,11:19:18,30.15,--,9,27135,买盘
2256,11:19:15,30.15,0.03,4,12060,买盘
2257,11:19:12,30.12,--,3,9036,卖盘
2258,11:19:06,30.12,--,77,231924,买盘
2259,11:19:03,30.12,0.01,9,27108,买盘
2260,11:19:00,30.11,--,9,27099,卖盘
2261,11:18:57,30.11,-0.01,14,42154,卖盘
2262,11:18:54,30.12,--,17,51204,买盘
2263,11:18:51,30.12,--,5,15060,买盘
2264,11:18:48,30.12,--,64,192768,买盘
2265,11:18:45,30.12,0.01,20,60240,买盘
2266,11:18:42,30.11,-0.01,12,36132,卖盘
2267,11:18:39,30.12,--,6,18072,买盘
2268,11:18:36,30.12,--,8,24096,买盘
2269,11:18:33,30.12,--,2,6024,买盘
2270,11:18:30,30.12,--,15,45180,买盘
2271,11:18:27,30.12,--,4,12048,买盘
2272,11:18:24,30.12,--,59,177708,买盘
2273,11:18:21,30.12,--,7,21084,买盘
2274,11:18:18,30.12,--,112,337344,买盘
2275,11:18:15,30.12,--,14,42168,买盘
2276,11:18:12,30.12,--,57,171684,买盘
2277,11:18:09,30.12,0.02,18,54216,买盘
2278,11:18:06,30.1,--,10,30100,卖盘
2279,11:18:03,30.1,--,126,379260,卖盘
2280,11:18:00,30.1,--,20,60200,卖盘
2281,11:17:54,30.1,--,26,78260,卖盘
2282,11:17:51,30.1,--,3,9030,卖盘
2283,11:17:48,30.1,--,36,108360,卖盘
2284,11:17:42,30.1,--,1,3010,卖盘
2285,11:17:39,30.1,--,10,30100,卖盘
2286,11:17:33,30.1,--,399,1200990,买盘
2287,11:17:30,30.1,0.01,5,15050,买盘
2288,11:17:27,30.09,-0.01,2,6018,卖盘
2289,11:17:18,30.1,--,11,33110,买盘
2290,11:17:15,30.1,0.01,103,310030,买盘
2291,11:17:09,30.09,-0.01,6,18054,卖盘
2292,11:17:06,30.1,0.01,114,343140,买盘
2293,11:17:03,30.09,0.01,13,39117,买盘
2294,11:16:54,30.08,--,34,102272,卖盘
2295,11:16:51,30.08,0.01,53,159424,买盘
2296,11:16:48,30.07,--,18,54126,买盘
2297,11:16:45,30.07,-0.01,18,54126,中性盘
2298,11:16:42,30.08,0.02,106,318848,买盘
2299,11:16:39,30.06,-0.02,13,39078,卖盘
2300,11:16:36,30.08,--,11,33088,买盘
2301,11:16:33,30.08,--,62,186496,买盘
2302,11:16:27,30.08,0.03,1,3008,买盘
2303,11:16:21,30.05,-0.03,38,114190,卖盘
2304,11:16:15,30.08,-0.02,12,36096,卖盘
2305,11:16:12,30.1,0.02,173,520730,买盘
2306,11:16:09,30.08,0.03,108,325164,买盘
2307,11:16:06,30.05,0.02,1,3005,卖盘
2308,11:16:00,30.03,0.01,124,372372,买盘
2309,11:15:57,30.02,0.01,4,12008,买盘
2310,11:15:54,30.01,-0.02,104,312104,卖盘
2311,11:15:48,30.03,0.01,10,30030,买盘
2312,11:15:45,30.02,--,7,21014,卖盘
2313,11:15:42,30.02,-0.03,1,3002,卖盘
2314,11:15:39,30.05,0.01,50,150250,买盘
2315,11:15:36,30.04,--,4,12016,买盘
2316,11:15:33,30.04,0.02,3,9012,中性盘
2317,11:15:30,30.02,-0.01,62,186124,卖盘
2318,11:15:27,30.03,--,8,24024,卖盘
2319,11:15:24,30.03,-0.02,827,2483481,中性盘
2320,11:15:15,30.05,--,12,36060,买盘
2321,11:15:09,30.05,--,309,928545,买盘
2322,11:15:06,30.05,--,4,12020,买盘
2323,11:15:03,30.05,--,3,9015,买盘
2324,11:15:00,30.05,--,6,18030,买盘
2325,11:14:57,30.05,--,17,51085,买盘
2326,11:14:51,30.05,--,13,39065,买盘
2327,11:14:48,30.05,--,54,165094,卖盘
2328,11:14:45,30.05,--,12,36060,卖盘
2329,11:14:42,30.05,-0.03,3,9015,卖盘
2330,11:14:39,30.08,--,12,36096,买盘
2331,11:14:36,30.08,--,11,33088,买盘
2332,11:14:33,30.08,0.03,3,9024,买盘
2333,11:14:30,30.05,--,157,471785,卖盘
2334,11:14:27,30.05,-0.03,109,327545,卖盘
2335,11:14:24,30.08,0.03,33,99264,买盘
2336,11:14:21,30.05,--,278,835390,卖盘
2337,11:14:18,30.05,-0.03,8,24040,卖盘
2338,11:14:15,30.08,--,6,18048,买盘
2339,11:14:12,30.08,--,3,9024,买盘
2340,11:14:09,30.08,--,202,607616,买盘
2341,11:14:06,30.08,--,109,327872,买盘
2342,11:14:00,30.08,--,9,27072,买盘
2343,11:13:57,30.08,--,4,12032,买盘
2344,11:13:51,30.08,--,6,18048,买盘
2345,11:13:48,30.08,-0.01,16,48128,卖盘
2346,11:13:45,30.09,0.01,6,18054,买盘
2347,11:13:42,30.08,--,1,3008,卖盘
2348,11:13:39,30.08,--,4,12032,买盘
2349,11:13:36,30.08,-0.01,8,24064,卖盘
2350,11:13:33,30.09,0.01,12,36108,买盘
2351,11:13:30,30.08,--,40,120320,卖盘
2352,11:13:27,30.08,-0.01,7,21056,卖盘
2353,11:13:21,30.09,0.01,3,9027,买盘
2354,11:13:18,30.08,-0.01,1,3008,卖盘
2355,11:13:15,30.09,0.04,4,12036,买盘
2356,11:13:12,30.05,--,6,18030,卖盘
2357,11:13:09,30.05,--,2,6010,卖盘
2358,11:13:06,30.05,0.01,6,18030,卖盘
2359,11:13:03,30.04,0.04,105,315600,买盘
2360,11:13:00,30.0,--,26,78000,买盘
2361,11:12:57,30.0,0.01,8,24000,买盘
2362,11:12:54,29.99,-0.01,9,26991,卖盘
2363,11:12:51,30.0,--,2,6000,买盘
2364,11:12:48,30.0,--,7,21000,买盘
2365,11:12:45,30.0,--,16,48000,买盘
2366,11:12:42,30.0,--,202,606000,买盘
2367,11:12:39,30.0,--,7,21000,买盘
2368,11:12:36,30.0,--,11,33000,买盘
2369,11:12:33,30.0,--,3,9000,买盘
2370,11:12:30,30.0,--,9,27000,买盘
2371,11:12:27,30.0,-0.04,216,650820,卖盘
2372,11:12:24,30.04,--,5,15020,卖盘
2373,11:12:21,30.04,-0.06,7,21028,卖盘
2374,11:12:18,30.1,0.06,2,6020,买盘
2375,11:12:15,30.04,-0.06,177,531708,卖盘
2376,11:12:12,30.1,0.06,5,15050,买盘
2377,11:12:09,30.04,--,5,15020,卖盘
2378,11:12:06,30.04,0.03,29,87116,买盘
2379,11:12:03,30.01,-0.08,26,78026,中性盘
2380,11:12:00,30.09,0.05,114,343026,买盘
2381,11:11:57,30.04,--,19,57076,买盘
2382,11:11:54,30.04,0.03,6,18024,买盘
2383,11:11:51,30.01,-0.03,5,15005,卖盘
2384,11:11:48,30.04,0.04,10,30220,买盘
2385,11:11:45,30.0,--,45,135000,买盘
2386,11:11:42,30.0,--,24,72000,买盘
2387,11:11:39,30.0,-0.05,132,398820,卖盘
2388,11:11:36,30.05,0.05,4,12020,买盘
2389,11:11:33,30.0,-0.05,51,153000,卖盘
2390,11:11:30,30.05,--,10,30050,买盘
2391,11:11:27,30.05,--,11,33055,买盘
2392,11:11:21,30.05,--,5,15025,买盘
2393,11:11:18,30.05,--,6,18030,买盘
2394,11:11:15,30.05,0.05,7,21035,买盘
2395,11:11:12,30.0,-0.07,340,1020000,卖盘
2396,11:11:09,30.07,-0.03,6,18042,中性盘
2397,11:11:06,30.1,--,111,334802,买盘
2398,11:11:03,30.1,0.01,8,24080,买盘
2399,11:11:00,30.09,-0.01,10,30090,卖盘
2400,11:10:57,30.1,0.01,108,325080,买盘
2401,11:10:54,30.09,--,9,27081,卖盘
2402,11:10:51,30.09,-0.01,9,27081,卖盘
2403,11:10:48,30.1,--,8,24080,买盘
2404,11:10:45,30.1,--,7,21070,买盘
2405,11:10:39,30.1,--,9,27090,买盘
2406,11:10:36,30.1,-0.02,104,313040,卖盘
2407,11:10:33,30.12,--,3,9036,买盘
2408,11:10:30,30.12,--,256,773451,卖盘
2409,11:10:27,30.12,-0.01,53,159636,卖盘
2410,11:10:24,30.13,0.01,16,48208,买盘
2411,11:10:21,30.12,-0.02,10,30120,卖盘
2412,11:10:18,30.14,--,273,824329,买盘
2413,11:10:15,30.14,--,9,27126,买盘
2414,11:10:12,30.14,-0.01,140,422020,卖盘
2415,11:10:09,30.15,0.01,107,322605,买盘
2416,11:10:06,30.14,-0.01,63,189882,卖盘
2417,11:10:03,30.15,-0.02,123,370845,卖盘
2418,11:10:00,30.17,0.02,10,30170,买盘
2419,11:09:57,30.15,-0.02,10,30150,卖盘
2420,11:09:54,30.17,0.01,104,313768,买盘
2421,11:09:51,30.16,-0.01,2,6032,买盘
2422,11:09:48,30.17,--,9,27153,买盘
2423,11:09:45,30.17,0.02,4,12068,买盘
2424,11:09:42,30.15,-0.02,369,1113801,卖盘
2425,11:09:39,30.17,--,17,51289,买盘
2426,11:09:36,30.17,--,19,57323,买盘
2427,11:09:33,30.17,--,5,15085,买盘
2428,11:09:30,30.17,0.02,7,21119,买盘
2429,11:09:27,30.15,-0.01,7,21105,卖盘
2430,11:09:21,30.16,-0.02,9,27144,卖盘
2431,11:09:18,30.18,0.01,200,603600,买盘
2432,11:09:15,30.17,0.02,312,941304,买盘
2433,11:09:12,30.15,-0.02,20,60300,卖盘
2434,11:09:09,30.17,--,16,48272,买盘
2435,11:09:06,30.17,--,4,12068,买盘
2436,11:09:03,30.17,--,4,12068,卖盘
2437,11:09:00,30.17,-0.01,2,6034,卖盘
2438,11:08:57,30.18,--,1,3018,买盘
2439,11:08:54,30.18,0.03,592,1788346,买盘
2440,11:08:48,30.15,--,17,51255,买盘
2441,11:08:45,30.15,0.01,11,33165,买盘
2442,11:08:42,30.14,--,1,3014,买盘
2443,11:08:39,30.14,-0.01,12,36168,中性盘
2444,11:08:36,30.15,--,217,654255,买盘
2445,11:08:33,30.15,--,3,9045,买盘
2446,11:08:30,30.15,0.03,34,102510,买盘
2447,11:08:27,30.12,--,29,87348,卖盘
2448,11:08:24,30.12,-0.02,22,66264,卖盘
2449,11:08:18,30.14,-0.01,2,6028,中性盘
2450,11:08:15,30.15,0.03,4,12060,买盘
2451,11:08:12,30.12,--,12,36144,卖盘
2452,11:08:09,30.12,--,5,15060,卖盘
2453,11:08:06,30.12,--,19,57228,卖盘
2454,11:08:03,30.12,--,282,851522,买盘
2455,11:08:00,30.12,--,8,24096,买盘
2456,11:07:57,30.12,0.02,4,12048,买盘
2457,11:07:54,30.1,-0.02,11,33110,卖盘
2458,11:07:51,30.12,0.02,148,445776,买盘
2459,11:07:48,30.1,-0.02,6,18060,卖盘
2460,11:07:45,30.12,0.02,13,39156,买盘
2461,11:07:39,30.1,--,3,9030,买盘
2462,11:07:36,30.1,--,11,33110,买盘
2463,11:07:33,30.1,--,5,15050,买盘
2464,11:07:30,30.1,--,10,30100,买盘
2465,11:07:27,30.1,-0.01,4,12040,买盘
2466,11:07:24,30.11,-0.01,2,6022,卖盘
2467,11:07:21,30.12,0.02,4,12048,买盘
2468,11:07:18,30.1,--,6,18060,买盘
2469,11:07:15,30.1,--,62,186620,卖盘
2470,11:07:12,30.1,-0.01,4,12040,卖盘
2471,11:07:09,30.11,-0.01,7,21077,卖盘
2472,11:07:06,30.12,--,4,12048,买盘
2473,11:07:03,30.12,0.01,9,27108,买盘
2474,11:07:00,30.11,--,10,30110,卖盘
2475,11:06:57,30.11,--,31,93341,卖盘
2476,11:06:54,30.11,-0.01,1,3011,卖盘
2477,11:06:51,30.12,--,3,9036,买盘
2478,11:06:45,30.12,0.01,106,319272,买盘
2479,11:06:39,30.11,-0.01,11,33121,卖盘
2480,11:06:36,30.12,--,7,21084,买盘
2481,11:06:33,30.12,0.02,4,12048,买盘
2482,11:06:27,30.1,-0.01,9,27090,卖盘
2483,11:06:21,30.11,0.01,1,3011,买盘
2484,11:06:18,30.1,-0.01,25,75250,卖盘
2485,11:06:15,30.11,0.01,9,27099,买盘
2486,11:06:09,30.1,-0.01,16,48160,卖盘
2487,11:06:06,30.11,--,6,18066,买盘
2488,11:06:03,30.11,0.01,2,6022,买盘
2489,11:06:00,30.1,-0.01,3,9030,卖盘
2490,11:05:57,30.11,0.02,4,12044,买盘
2491,11:05:51,30.09,-0.02,13,39117,卖盘
2492,11:05:48,30.11,--,10,30110,买盘
2493,11:05:45,30.11,--,13,39143,买盘
2494,11:05:42,30.11,0.01,104,313144,买盘
2495,11:05:39,30.1,--,19,57190,买盘
2496,11:05:36,30.1,--,8,24080,买盘
2497,11:05:33,30.1,--,13,39130,买盘
2498,11:05:30,30.1,-0.02,225,677250,卖盘
2499,11:05:27,30.12,0.01,4,12048,买盘
2500,11:05:24,30.11,-0.01,65,195715,卖盘
2501,11:05:18,30.12,0.01,100,301200,买盘
2502,11:05:15,30.11,0.01,5,15055,买盘
2503,11:05:12,30.1,-0.01,4,12040,卖盘
2504,11:05:06,30.11,--,9,27099,买盘
2505,11:05:03,30.11,0.01,2,6022,买盘
2506,11:04:57,30.1,0.01,13,39130,买盘
2507,11:04:54,30.09,--,10,32557,买盘
2508,11:04:51,30.09,-0.01,13,39658,卖盘
2509,11:04:48,30.1,--,122,369688,买盘
2510,11:04:45,30.1,--,20,60200,买盘
2511,11:04:42,30.1,--,6,18060,买盘
2512,11:04:39,30.1,--,107,322070,买盘
2513,11:04:36,30.1,--,10,30100,买盘
2514,11:04:33,30.1,--,79,237790,卖盘
2515,11:04:30,30.1,-0.01,1,3010,卖盘
2516,11:04:27,30.11,0.01,4,12044,买盘
2517,11:04:21,30.1,--,61,183610,买盘
2518,11:04:18,30.1,--,37,111370,买盘
2519,11:04:15,30.1,--,4,12040,买盘
2520,11:04:12,30.1,--,1,3010,买盘
2521,11:04:09,30.1,--,6,18060,买盘
2522,11:04:06,30.1,--,7,21070,买盘
2523,11:04:03,30.1,--,3,9030,买盘
2524,11:04:00,30.1,-0.02,72,216720,卖盘
2525,11:03:57,30.12,--,4,12048,买盘
2526,11:03:54,30.12,--,3,9036,买盘
2527,11:03:48,30.12,0.01,31,93372,买盘
2528,11:03:45,30.11,--,15,45165,卖盘
2529,11:03:42,30.11,-0.01,25,75275,卖盘
2530,11:03:39,30.12,--,19,57228,买盘
2531,11:03:36,30.12,--,108,325296,买盘
2532,11:03:33,30.12,--,3,9036,买盘
2533,11:03:30,30.12,-0.03,289,870468,卖盘
2534,11:03:27,30.15,0.02,4,12060,买盘
2535,11:03:24,30.13,-0.01,6,18078,卖盘
2536,11:03:18,30.14,0.02,210,632940,买盘
2537,11:03:15,30.12,-0.01,150,451800,卖盘
2538,11:03:12,30.13,--,2,6026,买盘
2539,11:03:09,30.13,--,6,18078,买盘
2540,11:03:06,30.13,-0.02,8,24104,卖盘
2541,11:03:03,30.15,0.02,5,15075,买盘
2542,11:03:00,30.13,-0.01,18,54234,卖盘
2543,11:02:57,30.14,--,10,30140,买盘
2544,11:02:51,30.14,--,3,9042,买盘
2545,11:02:48,30.14,-0.01,36,108504,卖盘
2546,11:02:45,30.15,0.01,4,12060,买盘
2547,11:02:39,30.14,-0.01,11,33154,卖盘
2548,11:02:36,30.15,--,12,36180,买盘
2549,11:02:33,30.15,--,104,313560,买盘
2550,11:02:30,30.15,--,20,60300,买盘
2551,11:02:27,30.15,--,126,379890,卖盘
2552,11:02:24,30.15,--,2,6030,卖盘
2553,11:02:21,30.15,--,396,1193940,卖盘
2554,11:02:18,30.15,--,3,9045,卖盘
2555,11:02:15,30.15,--,19,57285,卖盘
2556,11:02:12,30.15,-0.03,1,3015,卖盘
2557,11:02:09,30.18,0.02,311,938598,买盘
2558,11:02:06,30.16,--,5,15080,买盘
2559,11:02:03,30.16,--,30,90480,买盘
2560,11:02:00,30.16,0.01,112,337792,中性盘
2561,11:01:57,30.15,-0.02,204,615060,卖盘
2562,11:01:54,30.17,0.02,4,12068,买盘
2563,11:01:51,30.15,-0.02,21,63315,卖盘
2564,11:01:48,30.17,--,24,72408,买盘
2565,11:01:45,30.17,--,4,12068,买盘
2566,11:01:42,30.17,--,3,9051,买盘
2567,11:01:39,30.17,--,6,18102,买盘
2568,11:01:36,30.17,--,8,24136,买盘
2569,11:01:33,30.17,0.02,6,18102,买盘
2570,11:01:30,30.15,-0.05,154,464310,卖盘
2571,11:01:27,30.2,--,5,15100,买盘
2572,11:01:24,30.2,--,11,33220,买盘
2573,11:01:18,30.2,--,6,18120,买盘
2574,11:01:15,30.2,0.01,4,12080,买盘
2575,11:01:12,30.19,--,8,24152,买盘
2576,11:01:09,30.19,-0.01,47,141893,卖盘
2577,11:01:06,30.2,--,2,6040,卖盘
2578,11:01:00,30.2,0.04,173,522460,买盘
2579,11:00:57,30.16,-0.02,37,111592,卖盘
2580,11:00:54,30.18,-0.01,1,3018,卖盘
2581,11:00:51,30.19,--,1,3019,买盘
2582,11:00:48,30.19,0.01,22,66418,买盘
2583,11:00:45,30.18,--,51,153918,卖盘
2584,11:00:42,30.18,-0.03,203,612654,卖盘
2585,11:00:39,30.21,--,14,42294,买盘
2586,11:00:36,30.21,0.01,61,184281,买盘
2587,11:00:33,30.2,-0.03,8,24160,中性盘
2588,11:00:27,30.23,0.04,113,341599,买盘
2589,11:00:24,30.19,--,56,169064,卖盘
2590,11:00:21,30.19,-0.02,36,108684,卖盘
2591,11:00:18,30.21,0.01,12,36252,买盘
2592,11:00:15,30.2,--,8,26274,卖盘
2593,11:00:12,30.2,-0.01,12,36240,卖盘
2594,11:00:09,30.21,0.01,8,24168,买盘
2595,11:00:06,30.2,0.04,186,562626,买盘
2596,11:00:03,30.16,-0.02,52,158943,卖盘
2597,11:00:00,30.18,--,10,30180,买盘
2598,10:59:57,30.18,--,5,15090,买盘
2599,10:59:54,30.18,--,3,9054,买盘
2600,10:59:51,30.18,-0.02,30,90540,卖盘
2601,10:59:48,30.2,--,49,147980,买盘
2602,10:59:45,30.2,--,9,27180,买盘
2603,10:59:42,30.2,--,25,75500,买盘
2604,10:59:39,30.2,-0.03,115,347300,卖盘
2605,10:59:36,30.23,--,109,329507,买盘
2606,10:59:30,30.23,--,99,299277,买盘
2607,10:59:27,30.23,--,9,27207,买盘
2608,10:59:24,30.23,0.02,118,356714,买盘
2609,10:59:21,30.21,0.01,3,9063,卖盘
2610,10:59:18,30.2,--,165,498300,卖盘
2611,10:59:12,30.2,--,1,3020,卖盘
2612,10:59:06,30.2,--,58,175160,卖盘
2613,10:59:03,30.2,--,37,111740,买盘
2614,10:59:00,30.2,--,1,3020,买盘
2615,10:58:57,30.2,0.02,70,211400,买盘
2616,10:58:54,30.18,-0.01,150,452700,中性盘
2617,10:58:51,30.19,0.02,23,69437,买盘
2618,10:58:48,30.17,--,5,15990,买盘
2619,10:58:45,30.17,--,39,117663,买盘
2620,10:58:42,30.17,--,1,3017,买盘
2621,10:58:39,30.17,--,2,6034,买盘
2622,10:58:36,30.17,--,12,36204,买盘
2623,10:58:33,30.17,-0.02,84,255539,卖盘
2624,10:58:30,30.19,0.01,109,329071,买盘
2625,10:58:27,30.18,--,14,42252,卖盘
2626,10:58:24,30.18,--,21,63378,卖盘
2627,10:58:21,30.18,--,5,15090,卖盘
2628,10:58:18,30.18,0.03,1007,3040031,买盘
2629,10:58:15,30.15,--,212,639180,卖盘
2630,10:58:12,30.15,-0.01,11,33165,卖盘
2631,10:58:09,30.16,--,10,30160,买盘
2632,10:58:06,30.16,-0.01,27,81432,卖盘
2633,10:58:03,30.17,--,8,24136,买盘
2634,10:58:00,30.17,--,1,3017,买盘
2635,10:57:57,30.17,--,30,90510,买盘
2636,10:57:54,30.17,-0.01,3,9051,买盘
2637,10:57:51,30.18,--,10,30180,买盘
2638,10:57:48,30.18,0.02,44,132792,买盘
2639,10:57:45,30.16,--,24,72384,买盘
2640,10:57:42,30.16,--,60,180960,买盘
2641,10:57:39,30.16,--,477,1438632,卖盘
2642,10:57:36,30.16,-0.02,22,66352,卖盘
2643,10:57:33,30.18,0.02,1,3018,买盘
2644,10:57:30,30.16,--,1002,3022032,买盘
2645,10:57:27,30.16,--,3,9048,买盘
2646,10:57:24,30.16,--,13,39208,买盘
2647,10:57:21,30.16,--,1,3016,买盘
2648,10:57:18,30.16,0.01,12,36192,买盘
2649,10:57:15,30.15,--,113,340695,卖盘
2650,10:57:12,30.15,--,23,69345,卖盘
2651,10:57:09,30.15,0.05,50,150750,买盘
2652,10:57:03,30.1,--,26,78260,卖盘
2653,10:57:00,30.1,--,4,12040,卖盘
2654,10:56:57,30.1,--,78,234780,卖盘
2655,10:56:54,30.1,--,137,412370,买盘
2656,10:56:48,30.1,--,136,409360,买盘
2657,10:56:45,30.1,--,13,39130,买盘
2658,10:56:42,30.1,-0.03,15,45150,卖盘
2659,10:56:39,30.13,0.03,24,72312,买盘
2660,10:56:36,30.1,--,10,30100,卖盘
2661,10:56:33,30.1,--,46,138460,买盘
2662,10:56:30,30.1,--,10,30100,买盘
2663,10:56:27,30.1,--,5,15050,买盘
2664,10:56:21,30.1,--,20,60200,买盘
2665,10:56:18,30.1,0.04,533,1604330,买盘
2666,10:56:15,30.06,--,4,12024,买盘
2667,10:56:12,30.06,-0.04,1,3006,中性盘
2668,10:56:09,30.1,0.02,113,340130,买盘
2669,10:56:06,30.08,0.01,676,2034340,买盘
2670,10:56:03,30.07,0.02,2,6014,买盘
2671,10:56:00,30.05,-0.05,52,156260,卖盘
2672,10:55:57,30.1,0.04,7,21070,买盘
2673,10:55:54,30.06,-0.01,9,27054,卖盘
2674,10:55:51,30.07,-0.03,1,3007,卖盘
2675,10:55:48,30.1,--,6,18060,买盘
2676,10:55:45,30.1,--,12,36120,买盘
2677,10:55:42,30.1,--,3,9030,买盘
2678,10:55:39,30.1,-0.03,1001,3013010,卖盘
2679,10:55:36,30.13,--,14,42182,买盘
2680,10:55:33,30.13,--,44,132572,买盘
2681,10:55:30,30.13,--,16,48208,买盘
2682,10:55:27,30.13,0.01,13,39169,买盘
2683,10:55:24,30.12,-0.01,12,36144,卖盘
2684,10:55:21,30.13,--,6,18078,买盘
2685,10:55:18,30.13,--,10,30130,买盘
2686,10:55:15,30.13,--,4,12052,买盘
2687,10:55:12,30.13,--,1,3013,买盘
2688,10:55:09,30.13,-0.03,7,21091,买盘
2689,10:55:06,30.16,0.03,112,337792,买盘
2690,10:55:03,30.13,-0.02,83,250079,卖盘
2691,10:55:00,30.15,--,36,108540,卖盘
2692,10:54:57,30.15,-0.01,30,90450,卖盘
2693,10:54:54,30.16,0.01,136,410176,买盘
2694,10:54:48,30.15,-0.01,9,27135,卖盘
2695,10:54:45,30.16,--,40,120640,买盘
2696,10:54:42,30.16,0.01,142,428272,买盘
2697,10:54:39,30.15,-0.01,16,48240,卖盘
2698,10:54:33,30.16,--,1,3016,买盘
2699,10:54:30,30.16,0.02,121,364936,买盘
2700,10:54:27,30.14,-0.01,234,705276,卖盘
2701,10:54:24,30.15,-0.01,57,171855,卖盘
2702,10:54:21,30.16,-0.01,234,705834,卖盘
2703,10:54:18,30.17,--,17,51289,买盘
2704,10:54:15,30.17,--,9,27153,买盘
2705,10:54:12,30.17,--,2,6034,买盘
2706,10:54:09,30.17,-0.01,144,434448,卖盘
2707,10:54:06,30.18,-0.01,69,208242,卖盘
2708,10:54:03,30.19,0.01,115,347185,买盘
2709,10:54:00,30.18,--,57,172026,卖盘
2710,10:53:57,30.18,0.01,61,184098,买盘
2711,10:53:54,30.17,-0.01,47,141799,卖盘
2712,10:53:51,30.18,--,5,15090,买盘
2713,10:53:48,30.18,--,102,307836,买盘
2714,10:53:45,30.18,--,20,60360,买盘
2715,10:53:42,30.18,0.01,46,138828,买盘
2716,10:53:39,30.17,-0.01,14,42238,卖盘
2717,10:53:36,30.18,--,4,12072,买盘
2718,10:53:33,30.18,0.02,8,24144,买盘
2719,10:53:30,30.16,-0.01,3,9048,卖盘
2720,10:53:27,30.17,--,42,126714,买盘
2721,10:53:24,30.17,-0.01,14,42238,中性盘
2722,10:53:21,30.18,0.01,1583,4777494,买盘
2723,10:53:18,30.17,--,1,3017,买盘
2724,10:53:15,30.17,0.01,11,33187,买盘
2725,10:53:12,30.16,--,1,3016,卖盘
2726,10:53:06,30.16,-0.01,3,9048,卖盘
2727,10:53:03,30.17,--,4,12068,买盘
2728,10:53:00,30.17,0.01,341,1028797,买盘
2729,10:52:57,30.16,--,32,96512,卖盘
2730,10:52:54,30.16,--,3,9048,卖盘
2731,10:52:51,30.16,--,81,244296,卖盘
2732,10:52:48,30.16,0.01,336,1016301,买盘
2733,10:52:42,30.15,--,10,30150,卖盘
2734,10:52:39,30.15,--,2,6030,卖盘
2735,10:52:33,30.15,0.01,553,1668832,买盘
2736,10:52:30,30.14,-0.01,40,120560,中性盘
2737,10:52:27,30.15,--,5,15075,买盘
2738,10:52:21,30.15,--,16,48240,买盘
2739,10:52:15,30.15,--,170,512550,买盘
2740,10:52:12,30.15,--,1,3015,买盘
2741,10:52:09,30.15,0.03,16,48240,买盘
2742,10:52:06,30.12,-0.03,20,60240,卖盘
2743,10:52:03,30.15,0.02,91,274365,买盘
2744,10:52:00,30.13,-0.03,9,27117,卖盘
2745,10:51:57,30.16,0.02,108,325728,买盘
2746,10:51:54,30.14,0.01,201,605814,买盘
2747,10:51:51,30.13,--,2,6026,买盘
2748,10:51:48,30.13,-0.01,15,45195,中性盘
2749,10:51:45,30.14,0.01,30,90420,买盘
2750,10:51:42,30.13,0.01,10,30130,买盘
2751,10:51:39,30.12,-0.01,56,168672,卖盘
2752,10:51:36,30.13,-0.01,12,36156,卖盘
2753,10:51:33,30.14,0.02,78,235092,买盘
2754,10:51:27,30.12,--,7,21084,卖盘
2755,10:51:24,30.12,--,653,1966836,买盘
2756,10:51:21,30.12,--,12,36144,买盘
2757,10:51:18,30.12,--,10,30120,买盘
2758,10:51:15,30.12,--,7,21084,买盘
2759,10:51:09,30.12,--,6,18072,买盘
2760,10:51:06,30.12,0.02,13,39156,买盘
2761,10:50:57,30.1,--,225,677250,买盘
2762,10:50:54,30.1,0.02,124,373240,买盘
2763,10:50:51,30.08,--,28,84224,买盘
2764,10:50:48,30.08,--,142,427136,买盘
2765,10:50:45,30.08,--,45,135360,买盘
2766,10:50:42,30.08,--,140,421120,买盘
2767,10:50:39,30.08,0.02,3,9024,买盘
2768,10:50:36,30.06,-0.01,175,526050,卖盘
2769,10:50:33,30.07,0.01,31,93217,买盘
2770,10:50:30,30.06,-0.01,171,514026,卖盘
2771,10:50:27,30.07,0.02,15,45105,买盘
2772,10:50:24,30.05,-0.01,190,570950,卖盘
2773,10:50:21,30.06,--,2,6012,买盘
2774,10:50:18,30.06,-0.01,111,333666,卖盘
2775,10:50:15,30.07,0.01,11,33077,买盘
2776,10:50:12,30.06,--,9,27054,买盘
2777,10:50:09,30.06,0.01,14,42084,买盘
2778,10:50:06,30.05,--,98,297434,买盘
2779,10:50:03,30.05,-0.01,128,387554,卖盘
2780,10:50:00,30.06,--,5,15030,买盘
2781,10:49:57,30.06,0.01,21,63216,买盘
2782,10:49:54,30.05,0.01,177,531885,买盘
2783,10:49:51,30.04,--,111,333444,卖盘
2784,10:49:48,30.04,0.01,86,258404,买盘
2785,10:49:45,30.03,-0.01,4,12012,中性盘
2786,10:49:42,30.04,0.01,30,90120,买盘
2787,10:49:36,30.03,--,176,528528,买盘
2788,10:49:33,30.03,--,4,12012,买盘
2789,10:49:30,30.03,0.01,1,3003,买盘
