,time,price,change,volume,amount,type
0,15:00:03,42.47,0.01,285,1210395,中性盘
1,14:57:00,42.46,--,7,29722,卖盘
2,14:56:57,42.46,--,6,25476,卖盘
3,14:56:54,42.46,-0.04,3,12738,卖盘
4,14:56:51,42.5,0.04,6,25500,买盘
5,14:56:45,42.46,--,11,46706,卖盘
6,14:56:42,42.46,--,1,4246,卖盘
7,14:56:39,42.46,--,5,21230,卖盘
8,14:56:36,42.46,--,6,25476,卖盘
9,14:56:33,42.46,0.03,9,38214,买盘
10,14:56:27,42.43,--,9,38187,卖盘
11,14:56:24,42.43,--,8,33944,卖盘
12,14:56:21,42.43,--,4,16972,卖盘
13,14:56:15,42.43,--,5,21215,卖盘
14,14:56:09,42.43,--,3,12729,卖盘
15,14:56:06,42.43,0.03,30,127290,买盘
16,14:56:03,42.4,--,8,33920,买盘
17,14:56:00,42.4,-0.03,24,101760,卖盘
18,14:55:57,42.43,--,12,50916,买盘
19,14:55:54,42.43,--,2,8486,买盘
20,14:55:51,42.43,--,1,4243,买盘
21,14:55:42,42.43,--,5,21215,买盘
22,14:55:39,42.43,-0.03,7,29701,卖盘
23,14:55:33,42.46,--,20,84920,买盘
24,14:55:30,42.46,-0.03,73,309958,卖盘
25,14:55:24,42.49,--,7,29743,中性盘
26,14:55:18,42.49,--,6,25494,买盘
27,14:55:12,42.49,-0.04,2,8498,买盘
28,14:55:06,42.53,0.03,26,110578,买盘
29,14:55:03,42.5,--,2,8500,买盘
30,14:55:00,42.5,-0.02,5,21250,卖盘
31,14:54:57,42.52,--,5,21260,买盘
32,14:54:54,42.52,--,1,4252,买盘
33,14:54:51,42.52,--,2,8504,买盘
34,14:54:48,42.52,0.02,3,12756,中性盘
35,14:54:45,42.5,--,20,85000,卖盘
36,14:54:42,42.5,-0.02,17,72250,卖盘
37,14:54:39,42.52,--,5,21260,卖盘
38,14:54:36,42.52,0.01,43,182836,买盘
39,14:54:33,42.51,-0.01,1,4251,中性盘
40,14:54:27,42.52,--,2,8504,买盘
41,14:54:24,42.52,--,1,4252,买盘
42,14:54:18,42.52,-0.01,38,161576,卖盘
43,14:54:12,42.53,0.01,16,68048,买盘
44,14:54:09,42.52,--,21,89292,卖盘
45,14:54:00,42.52,--,52,221104,卖盘
46,14:53:57,42.52,0.12,13,55276,买盘
47,14:53:54,42.4,-0.12,14,59360,卖盘
48,14:53:48,42.52,0.13,14,59528,买盘
49,14:53:45,42.39,-0.14,1,4239,中性盘
50,14:53:39,42.53,0.14,3,12759,买盘
51,14:53:36,42.39,--,1,4239,买盘
52,14:53:27,42.39,-0.15,9,38151,卖盘
53,14:53:21,42.54,-0.01,1,4254,中性盘
54,14:53:15,42.55,0.01,20,85100,买盘
55,14:53:12,42.54,0.04,3,12762,买盘
56,14:53:09,42.5,-0.05,22,93500,卖盘
57,14:53:06,42.55,--,6,25530,买盘
58,14:53:03,42.55,0.01,1,4255,买盘
59,14:52:57,42.54,-0.02,9,38286,卖盘
60,14:52:51,42.56,0.01,20,85120,买盘
61,14:52:42,42.55,-0.02,6,25530,卖盘
62,14:52:39,42.57,0.02,5,21285,中性盘
63,14:52:36,42.55,--,28,119139,卖盘
64,14:52:30,42.55,--,15,63824,卖盘
65,14:52:21,42.55,--,3,12765,卖盘
66,14:52:18,42.55,0.01,23,97865,买盘
67,14:52:15,42.54,--,8,34032,卖盘
68,14:52:06,42.54,0.02,10,42540,卖盘
69,14:52:03,42.52,-0.02,1,4252,卖盘
70,14:52:00,42.54,0.02,10,42540,买盘
71,14:51:57,42.52,--,1,4252,卖盘
72,14:51:54,42.52,--,3,12756,卖盘
73,14:51:51,42.52,0.02,3,12756,买盘
74,14:51:48,42.5,--,8,36380,卖盘
75,14:51:42,42.5,--,1,4250,卖盘
76,14:51:36,42.5,-0.02,17,72250,中性盘
77,14:51:33,42.52,0.16,5,21260,中性盘
78,14:51:15,42.36,-0.19,1,4236,卖盘
79,14:51:12,42.55,0.05,7,29784,卖盘
80,14:51:09,42.5,0.14,3,12750,买盘
81,14:51:03,42.36,-0.19,3,12708,卖盘
82,14:51:00,42.55,0.15,3,12765,买盘
83,14:50:57,42.4,-0.15,2,8480,卖盘
84,14:50:51,42.55,0.03,12,51060,中性盘
85,14:50:45,42.52,-0.07,2,8504,卖盘
86,14:50:42,42.59,0.04,4,17036,买盘
87,14:50:39,42.55,0.05,2,8510,买盘
88,14:50:33,42.5,--,2,8500,买盘
89,14:50:30,42.5,--,34,144500,买盘
90,14:50:27,42.5,0.01,1,4250,买盘
91,14:50:18,42.49,--,31,131719,卖盘
92,14:50:15,42.49,0.09,26,114255,买盘
93,14:50:12,42.4,-0.05,5,21200,卖盘
94,14:50:06,42.45,--,1,4245,买盘
95,14:50:03,42.45,0.05,1,4245,买盘
96,14:50:00,42.4,--,1,4240,卖盘
97,14:49:48,42.4,0.06,65,275600,买盘
98,14:49:39,42.34,0.06,1,4234,买盘
99,14:49:36,42.28,-0.03,3,12684,卖盘
100,14:49:27,42.31,--,13,55003,卖盘
101,14:49:24,42.31,0.05,24,101544,买盘
102,14:49:18,42.26,--,12,50712,卖盘
103,14:49:15,42.26,--,1,4226,卖盘
104,14:49:12,42.26,0.01,22,92972,买盘
105,14:49:06,42.25,0.01,1,4225,买盘
106,14:48:48,42.24,--,3,12672,卖盘
107,14:48:45,42.24,0.02,8,33792,中性盘
108,14:48:36,42.22,-0.02,15,63330,卖盘
109,14:48:33,42.24,0.01,3,12672,买盘
110,14:48:24,42.23,0.01,3,12668,买盘
111,14:48:21,42.22,--,13,54886,卖盘
112,14:48:18,42.22,--,4,16888,卖盘
113,14:48:15,42.22,--,43,181546,卖盘
114,14:48:12,42.22,--,12,52648,买盘
115,14:48:09,42.22,0.02,17,71774,买盘
116,14:48:03,42.2,0.01,2,8440,中性盘
117,14:47:57,42.19,-0.03,9,37971,卖盘
118,14:47:54,42.22,--,71,299762,买盘
119,14:47:51,42.22,--,2,8444,买盘
120,14:47:48,42.22,--,2,8444,买盘
121,14:47:45,42.22,--,10,42220,买盘
122,14:47:42,42.22,--,2,8444,买盘
123,14:47:39,42.22,--,2,8444,买盘
124,14:47:36,42.22,-0.01,36,151992,卖盘
125,14:47:33,42.23,--,6,25337,买盘
126,14:47:30,42.23,--,10,42230,买盘
127,14:47:27,42.23,--,1,4223,买盘
128,14:47:24,42.23,--,5,21115,买盘
129,14:47:21,42.23,--,20,84460,买盘
130,14:47:15,42.23,--,80,337840,买盘
131,14:47:12,42.23,--,255,1076865,买盘
132,14:47:06,42.23,--,500,2111500,买盘
133,14:47:03,42.23,0.02,6,25337,买盘
134,14:46:57,42.21,-0.01,3,12663,卖盘
135,14:46:54,42.22,--,50,211100,买盘
136,14:46:48,42.22,-0.01,1,4222,中性盘
137,14:46:36,42.23,--,246,1038857,买盘
138,14:46:33,42.23,0.04,2,8446,买盘
139,14:46:30,42.19,--,2,8438,卖盘
140,14:46:24,42.19,--,12,50628,卖盘
141,14:46:21,42.19,-0.04,12,50628,卖盘
142,14:46:12,42.23,0.04,22,92906,买盘
143,14:46:06,42.19,-0.04,1,4219,卖盘
144,14:46:03,42.23,0.03,35,147805,买盘
145,14:46:00,42.2,--,3,12660,买盘
146,14:45:57,42.2,--,3,12660,买盘
147,14:45:45,42.2,--,1,4220,买盘
148,14:45:42,42.2,--,5,21100,卖盘
149,14:45:39,42.2,0.01,28,118160,买盘
150,14:45:21,42.19,--,10,42190,卖盘
151,14:45:18,42.19,-0.01,3,12657,卖盘
152,14:45:15,42.2,--,1,4220,买盘
153,14:45:09,42.2,0.01,4,16880,买盘
154,14:45:03,42.19,-0.01,2,8438,卖盘
155,14:45:00,42.2,0.01,3,12660,买盘
156,14:44:54,42.19,--,3,12657,卖盘
157,14:44:45,42.19,-0.01,18,75942,卖盘
158,14:44:42,42.2,--,5,21100,买盘
159,14:44:36,42.2,0.01,15,63300,买盘
160,14:44:21,42.19,--,3,12657,卖盘
161,14:44:15,42.19,--,3,12657,卖盘
162,14:44:12,42.19,-0.01,7,29533,卖盘
163,14:44:09,42.2,0.01,24,101280,买盘
164,14:43:54,42.19,0.03,42,177198,买盘
165,14:43:48,42.16,-0.01,5,21080,卖盘
166,14:43:42,42.17,-0.03,1,4217,中性盘
167,14:43:30,42.2,0.04,3,12660,买盘
168,14:43:27,42.16,-0.01,78,328848,卖盘
169,14:43:18,42.17,--,1,4217,卖盘
170,14:43:15,42.17,--,3,12651,卖盘
171,14:43:09,42.17,--,8,33736,卖盘
172,14:43:00,42.17,--,2,10542,卖盘
173,14:42:57,42.17,--,1,4217,卖盘
174,14:42:51,42.17,-0.03,19,80123,卖盘
175,14:42:42,42.2,0.02,10,42200,买盘
176,14:42:36,42.18,0.01,1,4218,买盘
177,14:42:33,42.17,--,11,46387,卖盘
178,14:42:30,42.17,-0.03,1,4217,卖盘
179,14:42:18,42.2,--,10,42200,买盘
180,14:42:06,42.2,--,7,29540,卖盘
181,14:41:54,42.2,-0.03,10,42200,卖盘
182,14:41:48,42.23,0.02,2,8446,买盘
183,14:41:33,42.21,-0.02,2,8442,卖盘
184,14:41:24,42.23,-0.01,3,12668,卖盘
185,14:41:18,42.24,0.01,22,92928,买盘
186,14:41:00,42.23,0.02,2,8446,中性盘
187,14:40:54,42.21,-0.03,5,21105,卖盘
188,14:40:45,42.24,--,5,21120,买盘
189,14:40:33,42.24,0.03,3,12672,买盘
190,14:40:30,42.21,-0.03,1,4221,卖盘
191,14:40:27,42.24,-0.02,21,88704,买盘
192,14:40:21,42.26,0.02,2,8452,卖盘
193,14:40:18,42.24,--,2,8448,买盘
194,14:40:15,42.24,-0.16,1,4224,卖盘
195,14:40:12,42.4,0.07,40,169600,买盘
196,14:40:09,42.33,0.1,1,4233,中性盘
197,14:39:57,42.23,0.03,3,12668,中性盘
198,14:39:42,42.2,-0.14,10,42200,卖盘
199,14:39:33,42.34,-0.06,4,16936,卖盘
200,14:39:21,42.4,0.06,5,21200,买盘
201,14:39:15,42.34,0.07,13,55042,买盘
202,14:39:09,42.27,-0.07,8,33816,买盘
203,14:38:57,42.34,0.06,50,211700,买盘
204,14:38:54,42.28,--,1,4228,买盘
205,14:38:51,42.28,0.01,10,42280,买盘
206,14:38:48,42.27,-0.01,2,8454,卖盘
207,14:38:42,42.28,--,6,25368,买盘
208,14:38:27,42.28,--,5,21140,买盘
209,14:38:21,42.28,--,31,131068,卖盘
210,14:38:09,42.28,--,17,71876,卖盘
211,14:38:06,42.28,-0.02,4,16912,中性盘
212,14:38:00,42.3,0.02,44,186120,买盘
213,14:37:57,42.28,0.02,11,46508,买盘
214,14:37:54,42.26,0.01,1,4226,中性盘
215,14:37:30,42.25,0.07,26,109850,买盘
216,14:37:27,42.18,-0.01,2,8436,卖盘
217,14:37:24,42.19,-0.01,5,21095,卖盘
218,14:37:21,42.2,--,5,21100,买盘
219,14:37:18,42.2,--,1,4220,买盘
220,14:37:09,42.2,0.01,6,25320,买盘
221,14:37:06,42.19,--,2,8438,买盘
222,14:37:03,42.19,--,14,59066,卖盘
223,14:37:00,42.19,--,5,21095,卖盘
224,14:36:57,42.19,0.01,2,8438,买盘
225,14:36:45,42.18,-0.01,10,42180,卖盘
226,14:36:42,42.19,0.01,1,4219,买盘
227,14:36:33,42.18,--,10,42180,卖盘
228,14:36:27,42.18,--,1,4218,卖盘
229,14:36:21,42.18,--,5,21090,卖盘
230,14:36:18,42.18,0.01,3,12654,买盘
231,14:36:12,42.17,--,6,25302,卖盘
232,14:35:51,42.17,-0.02,1,4217,卖盘
233,14:35:42,42.19,0.04,4,16876,买盘
234,14:35:36,42.15,--,9,40042,买盘
235,14:35:27,42.15,--,1,4215,买盘
236,14:35:24,42.15,--,10,42150,买盘
237,14:35:15,42.15,0.06,9,37935,买盘
238,14:34:54,42.09,--,9,37881,买盘
239,14:34:51,42.09,--,8,33672,买盘
240,14:34:48,42.09,0.04,1,4209,买盘
241,14:34:45,42.05,-0.04,0,2523,卖盘
242,14:34:33,42.09,0.07,3,12627,买盘
243,14:34:30,42.02,--,5,21010,卖盘
244,14:34:15,42.02,0.02,2,8404,买盘
245,14:34:12,42.0,--,2,10710,买盘
246,14:34:09,42.0,--,6,25200,买盘
247,14:34:06,42.0,--,2,8400,买盘
248,14:34:03,42.0,-0.02,149,627690,卖盘
249,14:33:57,42.02,0.02,3,12606,买盘
250,14:33:45,42.0,0.09,30,128310,买盘
251,14:33:33,41.91,--,1,4191,卖盘
252,14:33:24,41.91,0.01,1,4191,中性盘
253,14:33:00,41.9,--,20,83800,买盘
254,14:32:57,41.9,--,16,67040,买盘
255,14:32:51,41.9,--,62,259780,买盘
256,14:32:48,41.9,--,1,4190,买盘
257,14:32:45,41.9,--,6,25140,买盘
258,14:32:42,41.9,--,1,4190,买盘
259,14:32:27,41.9,0.01,15,62850,买盘
260,14:32:18,41.89,0.01,4,16756,买盘
261,14:32:12,41.88,0.08,4,16752,中性盘
262,14:32:06,41.8,--,2,8360,买盘
263,14:32:03,41.8,--,5,20900,买盘
264,14:32:00,41.8,0.02,8,33440,买盘
265,14:31:57,41.78,-0.02,1,4178,卖盘
266,14:31:51,41.8,--,3,12540,买盘
267,14:31:24,41.8,-0.09,33,137940,卖盘
268,14:31:21,41.89,0.08,10,41890,买盘
269,14:31:15,41.81,--,5,20905,买盘
270,14:31:12,41.81,-0.07,17,71077,卖盘
271,14:31:09,41.88,-0.01,2,8376,买盘
272,14:30:57,41.89,--,2,8378,卖盘
273,14:30:51,41.89,--,12,50268,买盘
274,14:30:36,41.89,--,10,41890,买盘
275,14:30:30,41.89,--,7,29323,买盘
276,14:30:24,41.89,--,8,33512,买盘
277,14:30:21,41.89,--,4,16756,买盘
278,14:30:18,41.89,-0.01,6,25134,卖盘
279,14:30:15,41.9,--,9,37710,买盘
280,14:30:03,41.9,--,72,301680,买盘
281,14:29:54,41.9,--,1,4190,买盘
282,14:29:51,41.9,--,2,8380,买盘
283,14:29:48,41.9,--,3,12570,买盘
284,14:29:45,41.9,0.01,14,58660,买盘
285,14:29:39,41.89,--,3,12567,买盘
286,14:29:36,41.89,0.09,2,8378,买盘
287,14:29:12,41.8,--,15,62699,买盘
288,14:29:06,41.8,--,4,16720,买盘
289,14:28:57,41.8,0.06,14,58519,买盘
290,14:28:54,41.74,0.01,1,4174,中性盘
291,14:28:42,41.73,--,6,25037,卖盘
292,14:28:27,41.73,-0.07,6,25037,卖盘
293,14:28:12,41.8,0.07,2,8360,买盘
294,14:28:03,41.73,--,8,33384,卖盘
295,14:27:54,41.73,-0.07,3,12518,卖盘
296,14:27:24,41.8,-0.1,16,66880,卖盘
297,14:27:18,41.9,0.1,1,4190,买盘
298,14:27:12,41.8,--,2,8360,卖盘
299,14:27:03,41.8,-0.17,60,250799,卖盘
300,14:26:39,41.97,0.16,57,239229,买盘
301,14:26:33,41.81,-0.09,19,79439,卖盘
302,14:26:12,41.9,--,9,37710,卖盘
303,14:25:48,41.9,--,2,8380,卖盘
304,14:25:45,41.9,0.08,89,372910,买盘
305,14:25:15,41.82,0.01,6,25092,中性盘
306,14:25:06,41.81,-0.09,6,25086,卖盘
307,14:25:03,41.9,--,2,8380,买盘
308,14:24:57,41.9,--,1,4190,买盘
309,14:24:48,41.9,0.09,20,83800,买盘
310,14:24:45,41.81,-0.09,5,20905,中性盘
311,14:24:21,41.9,0.1,1,4190,买盘
312,14:24:06,41.8,--,20,83600,卖盘
313,14:23:57,41.8,-0.1,1,4180,卖盘
314,14:23:45,41.9,--,12,50280,卖盘
315,14:23:39,41.9,-0.07,7,29330,卖盘
316,14:23:33,41.97,--,9,37773,卖盘
317,14:23:12,41.97,-0.03,2,8394,卖盘
318,14:23:06,42.0,0.03,114,478800,买盘
319,14:22:33,41.97,0.07,1,4197,买盘
320,14:22:30,41.9,--,50,209500,卖盘
321,14:22:24,41.9,-0.05,30,125700,卖盘
322,14:22:03,41.95,0.05,9,37755,买盘
323,14:22:00,41.9,-0.01,20,83800,卖盘
324,14:21:57,41.91,0.01,1,4191,中性盘
325,14:21:51,41.9,--,1,4190,卖盘
326,14:21:36,41.9,--,12,50280,买盘
327,14:21:24,41.9,0.03,100,419000,买盘
328,14:21:21,41.87,--,1,4187,卖盘
329,14:21:00,41.87,-0.01,4,16748,卖盘
330,14:20:57,41.88,0.01,1,4188,买盘
331,14:20:54,41.87,0.07,3,12561,买盘
332,14:20:48,41.8,--,7,29259,卖盘
333,14:20:42,41.8,-0.08,2,8360,卖盘
334,14:20:39,41.88,0.08,100,418800,买盘
335,14:20:33,41.8,--,2,8360,卖盘
336,14:20:30,41.8,--,1,4180,卖盘
337,14:20:24,41.8,--,1,4180,卖盘
338,14:20:21,41.8,0.08,57,238259,买盘
339,14:20:12,41.72,--,1,4172,卖盘
340,14:20:09,41.72,0.01,4,16688,中性盘
341,14:19:54,41.71,-0.01,20,83420,卖盘
342,14:19:45,41.72,--,5,20860,卖盘
343,14:19:36,41.72,-0.05,1,4172,卖盘
344,14:19:21,41.77,--,21,87717,买盘
345,14:19:15,41.77,-0.02,12,50124,卖盘
346,14:19:06,41.79,--,1,4179,买盘
347,14:19:03,41.79,-0.01,1,4179,卖盘
348,14:18:39,41.8,--,4,16720,卖盘
349,14:18:06,41.8,-0.08,200,836000,卖盘
350,14:18:03,41.88,--,2,8376,买盘
351,14:17:48,41.88,--,10,41880,买盘
352,14:17:45,41.88,--,2,8376,买盘
353,14:17:18,41.88,--,6,25128,卖盘
354,14:17:15,41.88,-0.01,1,4188,卖盘
355,14:17:12,41.89,0.01,3,12567,买盘
356,14:17:00,41.88,--,7,29316,买盘
357,14:16:51,41.88,--,3,12564,卖盘
358,14:16:42,41.88,--,48,204751,买盘
359,14:16:39,41.88,--,7,29316,买盘
360,14:16:36,41.88,--,2,8376,买盘
361,14:16:27,41.88,--,20,83760,买盘
362,14:16:24,41.88,--,2,8376,买盘
363,14:15:48,41.88,--,1,4188,买盘
364,14:15:42,41.88,--,10,41880,买盘
365,14:15:39,41.88,--,1,4188,买盘
366,14:15:36,41.88,--,1,4188,买盘
367,14:15:33,41.88,--,64,268492,卖盘
368,14:15:27,41.88,-0.01,23,100051,卖盘
369,14:15:18,41.89,0.01,2,8378,买盘
370,14:15:09,41.88,--,19,79572,买盘
371,14:15:06,41.88,--,1,4188,买盘
372,14:14:57,41.88,0.09,2,8376,买盘
373,14:14:48,41.79,-0.01,4,16716,卖盘
374,14:14:42,41.8,--,98,409640,买盘
375,14:14:39,41.8,--,2,8360,买盘
376,14:14:33,41.8,--,3,12540,买盘
377,14:14:27,41.8,0.05,2,8360,买盘
378,14:14:18,41.75,--,7,29225,买盘
379,14:14:15,41.75,--,16,66800,买盘
380,14:14:12,41.75,0.01,16,66800,买盘
381,14:14:09,41.74,--,1,4174,买盘
382,14:14:06,41.74,--,4,16696,买盘
383,14:14:03,41.74,--,7,29218,买盘
384,14:14:00,41.74,0.02,1,4174,买盘
385,14:13:57,41.72,--,30,125160,卖盘
386,14:13:54,41.72,-0.02,101,421372,卖盘
387,14:13:51,41.74,--,1,4174,买盘
388,14:13:42,41.74,-0.04,5,20870,卖盘
389,14:13:39,41.78,--,1,4178,买盘
390,14:13:36,41.78,0.01,2,8356,买盘
391,14:13:30,41.77,--,2,8354,买盘
392,14:13:24,41.77,--,1,4177,买盘
393,14:13:12,41.77,--,20,83540,买盘
394,14:12:54,41.77,-0.02,4,16708,卖盘
395,14:12:45,41.79,--,3,12537,卖盘
396,14:12:36,41.79,--,1,4179,卖盘
397,14:12:33,41.79,--,1,4179,中性盘
398,14:12:27,41.79,0.02,5,20895,中性盘
399,14:12:03,41.77,--,1,4177,卖盘
400,14:11:57,41.77,0.05,5,20885,中性盘
401,14:11:30,41.72,--,1,7259,卖盘
402,14:11:27,41.72,--,17,70924,买盘
403,14:11:24,41.72,--,10,41720,买盘
404,14:11:15,41.72,--,1,4172,买盘
405,14:11:12,41.72,--,2,8344,卖盘
406,14:11:06,41.72,-0.16,1,4172,卖盘
407,14:11:03,41.88,0.16,1,4188,买盘
408,14:11:00,41.72,--,1,4172,卖盘
409,14:10:48,41.72,0.02,1,4172,中性盘
410,14:10:36,41.7,--,16,66720,卖盘
411,14:10:09,41.7,-0.18,6,25020,卖盘
412,14:09:54,41.88,-0.01,3,12564,中性盘
413,14:09:39,41.89,--,6,25134,买盘
414,14:09:36,41.89,--,4,16756,买盘
415,14:09:18,41.89,0.19,1,4189,中性盘
416,14:08:33,41.7,--,1,4170,卖盘
417,14:08:24,41.7,--,5,20850,卖盘
418,14:08:18,41.7,0.04,13,54210,买盘
419,14:08:06,41.66,--,4,16664,卖盘
420,14:07:42,41.66,--,37,154142,卖盘
421,14:07:30,41.66,--,4,16664,卖盘
422,14:07:24,41.66,-0.04,36,150434,卖盘
423,14:07:21,41.7,--,2,8340,卖盘
424,14:07:15,41.7,--,4,16680,卖盘
425,14:07:06,41.7,--,64,270591,卖盘
426,14:06:57,41.7,-0.01,82,341940,卖盘
427,14:06:51,41.71,0.01,5,20855,卖盘
428,14:06:45,41.7,-0.01,5,20850,卖盘
429,14:06:42,41.71,-0.07,5,20855,卖盘
430,14:06:36,41.78,--,3,12534,买盘
431,14:06:30,41.78,-0.02,120,501360,卖盘
432,14:06:12,41.8,-0.2,30,125399,卖盘
433,14:05:54,42.0,-0.01,187,785862,卖盘
434,14:05:48,42.01,--,10,42010,卖盘
435,14:05:42,42.01,--,12,50412,卖盘
436,14:05:36,42.01,--,1,4201,卖盘
437,14:05:33,42.01,--,1,4201,卖盘
438,14:05:30,42.01,--,30,126030,卖盘
439,14:05:12,42.01,-0.07,2,8402,卖盘
440,14:05:09,42.08,--,5,21040,买盘
441,14:05:06,42.08,0.07,3,12624,买盘
442,14:05:00,42.01,--,4,16804,卖盘
443,14:04:57,42.01,--,12,50412,卖盘
444,14:04:48,42.01,--,3,12603,卖盘
445,14:04:42,42.01,-0.08,43,180643,卖盘
446,14:04:33,42.09,0.08,2,8418,中性盘
447,14:04:12,42.01,-0.09,1,4201,卖盘
448,14:04:06,42.1,0.1,19,79990,买盘
449,14:04:03,42.0,-0.1,1,4200,卖盘
450,14:04:00,42.1,0.1,4,16840,买盘
451,14:03:57,42.0,--,10,42000,卖盘
452,14:03:54,42.0,-0.1,24,100800,卖盘
453,14:03:51,42.1,0.1,5,21050,买盘
454,14:03:45,42.0,--,3,12600,卖盘
455,14:03:39,42.0,--,52,218400,卖盘
456,14:03:24,42.0,-0.1,10,42000,卖盘
457,14:03:00,42.1,0.1,7,29470,买盘
458,14:02:57,42.0,--,1,4200,卖盘
459,14:02:54,42.0,0.2,114,482538,买盘
460,14:02:51,41.8,--,11,45980,卖盘
461,14:02:48,41.8,-0.18,1,4180,卖盘
462,14:02:42,41.98,0.18,3,12593,买盘
463,14:02:36,41.8,--,45,188100,卖盘
464,14:02:30,41.8,-0.18,3,12540,卖盘
465,14:02:18,41.98,0.18,2,8396,中性盘
466,14:02:00,41.8,--,1,4180,卖盘
467,14:01:57,41.8,-0.02,16,66880,卖盘
468,14:01:54,41.82,-0.17,4,16728,卖盘
469,14:01:36,41.99,0.19,2,8398,买盘
470,14:01:15,41.8,--,4,16720,卖盘
471,14:01:12,41.8,--,6,25080,卖盘
472,14:01:03,41.8,-0.02,9,37620,卖盘
473,14:01:00,41.82,-0.18,1,4182,卖盘
474,14:00:57,42.0,0.1,169,709800,买盘
475,14:00:54,41.9,--,10,41900,买盘
476,14:00:39,41.9,0.1,5,20950,买盘
477,14:00:33,41.8,-0.1,1,4180,卖盘
478,14:00:30,41.9,0.09,4,16760,买盘
479,14:00:27,41.81,-0.09,17,71077,卖盘
480,14:00:12,41.9,0.09,2,8380,买盘
481,14:00:03,41.81,-0.09,2,8362,卖盘
482,13:59:57,41.9,--,37,155030,卖盘
483,13:59:51,41.9,--,1,4190,卖盘
484,13:59:45,41.9,-0.08,7,29330,卖盘
485,13:59:42,41.98,--,15,62969,中性盘
486,13:59:24,41.98,0.08,3,12593,买盘
487,13:59:18,41.9,--,1,4190,卖盘
488,13:59:12,41.9,--,7,29330,卖盘
489,13:59:06,41.9,--,115,483526,买盘
490,13:59:00,41.9,0.1,1,4190,买盘
491,13:58:30,41.8,0.1,5,20900,中性盘
492,13:58:24,41.7,-0.2,6,25020,卖盘
493,13:58:18,41.9,0.25,101,423190,买盘
494,13:58:15,41.65,--,5,20825,买盘
495,13:58:12,41.65,--,2,8330,买盘
496,13:58:09,41.65,--,1,4165,买盘
497,13:58:03,41.65,--,6,24990,买盘
498,13:58:00,41.65,--,2,8330,买盘
499,13:57:57,41.65,-0.01,11,45815,卖盘
500,13:57:54,41.66,-0.02,6,24995,卖盘
501,13:57:51,41.68,-0.04,1,4168,中性盘
502,13:57:48,41.72,0.06,94,392168,买盘
503,13:57:45,41.66,-0.01,7,29161,中性盘
504,13:57:39,41.67,--,15,62505,买盘
505,13:57:36,41.67,--,4,16668,买盘
506,13:57:33,41.67,--,2,8334,买盘
507,13:57:27,41.67,--,10,41670,买盘
508,13:57:21,41.67,--,10,41670,买盘
509,13:57:15,41.67,--,8,33336,买盘
510,13:57:09,41.67,--,51,212517,买盘
511,13:57:06,41.67,0.02,2,8334,买盘
512,13:56:54,41.65,-0.03,1,4165,中性盘
513,13:56:45,41.68,0.07,9,37512,买盘
514,13:56:30,41.61,0.01,5,20805,中性盘
515,13:56:27,41.6,0.02,5,20800,中性盘
516,13:56:12,41.58,-0.1,1,4158,卖盘
517,13:56:09,41.68,0.01,0,2542,卖盘
518,13:56:06,41.67,--,1,5792,买盘
519,13:56:03,41.67,--,24,100008,买盘
520,13:56:00,41.67,-0.03,8,35877,卖盘
521,13:55:57,41.7,--,1,4170,买盘
522,13:55:54,41.7,--,1,4170,买盘
523,13:55:45,41.7,--,2,8340,卖盘
524,13:55:42,41.7,-0.02,1,4170,卖盘
525,13:55:39,41.72,0.02,17,70924,买盘
526,13:55:36,41.7,-0.01,3,12510,卖盘
527,13:55:24,41.71,--,44,183524,卖盘
528,13:55:18,41.71,-0.01,6,25026,卖盘
529,13:55:15,41.72,0.01,1,4172,中性盘
530,13:55:12,41.71,--,1,4171,卖盘
531,13:55:09,41.71,-0.01,22,91762,卖盘
532,13:55:00,41.72,-0.04,8,33376,卖盘
533,13:54:54,41.76,--,1,4176,买盘
534,13:54:48,41.76,-0.14,5,20880,卖盘
535,13:54:45,41.9,--,2,8380,买盘
536,13:54:36,41.9,--,1,4190,买盘
537,13:54:33,41.9,--,5,20950,买盘
538,13:54:30,41.9,--,3,12570,买盘
539,13:54:27,41.9,--,15,62850,买盘
540,13:54:18,41.9,--,5,20950,买盘
541,13:54:09,41.9,--,3,12570,买盘
542,13:54:00,41.9,--,25,104750,买盘
543,13:53:57,41.9,--,5,20950,买盘
544,13:53:48,41.9,--,11,46090,买盘
545,13:53:39,41.9,--,9,37710,买盘
546,13:53:33,41.9,--,42,175980,卖盘
547,13:53:24,41.9,0.12,88,368720,买盘
548,13:53:21,41.78,--,1,4178,买盘
549,13:53:18,41.78,-0.02,15,62670,卖盘
550,13:53:03,41.8,0.03,1,4180,中性盘
551,13:52:42,41.77,--,1,4177,卖盘
552,13:52:33,41.77,-0.13,30,125310,卖盘
553,13:52:21,41.9,0.12,1,4190,买盘
554,13:52:18,41.78,0.02,2,8356,卖盘
555,13:52:12,41.76,-0.01,1,4176,卖盘
556,13:52:09,41.77,--,21,87717,卖盘
557,13:51:57,41.77,--,5,20885,卖盘
558,13:51:54,41.77,--,3,12531,卖盘
559,13:51:48,41.77,--,10,41770,卖盘
560,13:51:42,41.77,0.02,25,104425,买盘
561,13:51:39,41.75,-0.01,6,25050,卖盘
562,13:51:33,41.76,--,1,4176,买盘
563,13:51:27,41.76,-0.01,1,4176,中性盘
564,13:51:24,41.77,0.05,1,4177,买盘
565,13:51:15,41.72,--,1,4172,卖盘
566,13:51:12,41.72,--,1,4172,卖盘
567,13:51:09,41.72,--,1,4172,卖盘
568,13:51:06,41.72,--,10,41720,买盘
569,13:51:03,41.72,--,1,4172,买盘
570,13:50:54,41.72,0.01,29,120988,买盘
571,13:50:51,41.71,--,2,8342,卖盘
572,13:50:45,41.71,0.03,2,8342,买盘
573,13:50:42,41.68,--,1,4168,卖盘
574,13:50:39,41.68,0.01,4,16672,中性盘
575,13:50:36,41.67,-0.04,2,9959,卖盘
576,13:50:30,41.71,0.05,5,20855,买盘
577,13:50:24,41.66,--,3,12497,卖盘
578,13:50:21,41.66,-0.01,37,154142,卖盘
579,13:50:18,41.67,-0.04,3,15042,卖盘
580,13:50:12,41.71,0.04,7,29197,买盘
581,13:50:09,41.67,-0.04,17,72464,卖盘
582,13:50:06,41.71,0.03,10,41710,买盘
583,13:50:00,41.68,--,5,20840,买盘
584,13:49:51,41.68,--,5,20840,买盘
585,13:49:48,41.68,-0.02,14,58352,卖盘
586,13:49:42,41.7,-0.01,8,33360,卖盘
587,13:49:39,41.71,-0.09,1,4171,卖盘
588,13:49:36,41.8,-0.01,1,4180,中性盘
589,13:49:30,41.81,0.1,5,20905,买盘
590,13:49:27,41.71,-0.1,2,8342,卖盘
591,13:49:24,41.81,--,5,20905,买盘
592,13:49:18,41.81,0.04,3,12543,买盘
593,13:49:15,41.77,-0.04,3,12531,卖盘
594,13:49:12,41.81,0.01,10,41810,买盘
595,13:49:09,41.8,--,8,35989,卖盘
596,13:49:06,41.8,--,15,62699,卖盘
597,13:49:03,41.8,-0.18,99,415450,卖盘
598,13:49:00,41.98,0.17,1,4198,买盘
599,13:48:57,41.81,--,100,418100,卖盘
600,13:48:45,41.81,-0.18,64,267584,卖盘
601,13:48:42,41.99,--,34,142766,卖盘
602,13:48:39,41.99,--,10,41990,卖盘
603,13:48:33,41.99,--,5,20995,卖盘
604,13:48:24,41.99,-0.01,1,4199,卖盘
605,13:48:21,42.0,--,3,12600,买盘
606,13:48:18,42.0,--,49,205800,卖盘
607,13:48:15,42.0,--,14,58800,卖盘
608,13:48:12,42.0,--,11,46200,卖盘
609,13:48:09,42.0,-0.05,99,418320,卖盘
610,13:48:06,42.05,--,2,8410,卖盘
611,13:48:03,42.05,--,1,4205,卖盘
612,13:47:54,42.05,-0.01,28,119421,卖盘
613,13:47:51,42.06,-0.03,1,4206,卖盘
614,13:47:45,42.09,--,4,16836,买盘
615,13:47:39,42.09,-0.02,10,42090,卖盘
616,13:47:33,42.11,0.02,11,46321,买盘
617,13:47:27,42.09,--,17,71553,卖盘
618,13:47:24,42.09,-0.02,13,54717,卖盘
619,13:47:09,42.11,-0.02,6,25266,卖盘
620,13:47:06,42.13,--,1,4213,卖盘
621,13:47:00,42.13,0.03,1,4213,中性盘
622,13:46:45,42.1,-0.02,12,50520,卖盘
623,13:46:42,42.12,-0.01,4,16848,卖盘
624,13:46:39,42.13,--,11,46343,卖盘
625,13:46:27,42.13,--,3,12639,卖盘
626,13:46:24,42.13,-0.05,28,117964,卖盘
627,13:46:21,42.18,-0.02,2,8436,卖盘
628,13:46:15,42.2,-0.04,27,113940,卖盘
629,13:46:09,42.24,-0.04,3,12672,卖盘
630,13:46:00,42.28,-0.02,3,12684,买盘
631,13:45:39,42.3,--,6,25380,买盘
632,13:45:30,42.3,--,139,590550,卖盘
633,13:45:27,42.3,--,1,4230,卖盘
634,13:45:24,42.3,--,12,50760,卖盘
635,13:45:21,42.3,--,110,465299,卖盘
636,13:45:15,42.3,--,5,21150,卖盘
637,13:45:12,42.3,--,20,84600,卖盘
638,13:45:09,42.3,--,11,46530,卖盘
639,13:44:54,42.3,--,16,67680,卖盘
640,13:44:42,42.3,--,13,54989,卖盘
641,13:44:39,42.3,--,9,38070,卖盘
642,13:44:33,42.3,-0.01,100,423000,卖盘
643,13:44:30,42.31,0.01,13,55003,买盘
644,13:44:27,42.3,-0.01,22,93060,卖盘
645,13:44:24,42.31,0.01,2,8462,买盘
646,13:44:15,42.3,-0.01,12,50760,卖盘
647,13:44:12,42.31,0.01,2,8462,买盘
648,13:44:09,42.3,-0.03,17,71910,卖盘
649,13:43:57,42.33,-0.03,4,16932,卖盘
650,13:43:39,42.36,--,68,288048,卖盘
651,13:43:36,42.36,--,200,847200,卖盘
652,13:43:33,42.36,--,117,495612,卖盘
653,13:43:21,42.36,--,11,46596,卖盘
654,13:43:18,42.36,-0.03,19,80484,卖盘
655,13:43:06,42.39,-0.01,32,135648,卖盘
656,13:43:00,42.4,--,1,4240,买盘
657,13:42:54,42.4,-0.05,5,21200,中性盘
658,13:42:42,42.45,--,1,4245,买盘
659,13:42:39,42.45,0.09,190,806550,买盘
660,13:42:33,42.36,-0.09,5,21180,卖盘
661,13:42:27,42.45,0.09,118,500910,买盘
662,13:42:15,42.36,--,4,16944,卖盘
663,13:42:06,42.36,--,3,12708,卖盘
664,13:42:00,42.36,--,16,67776,买盘
665,13:41:54,42.36,0.03,7,29652,买盘
666,13:41:51,42.33,--,5,21165,买盘
667,13:41:48,42.33,-0.03,3,12699,中性盘
668,13:41:18,42.36,0.03,1,4236,中性盘
669,13:40:45,42.33,--,7,29631,卖盘
670,13:40:42,42.33,--,1,4233,买盘
671,13:40:30,42.33,0.03,1,4233,买盘
672,13:40:15,42.3,--,8,33840,卖盘
673,13:39:57,42.3,--,16,67680,卖盘
674,13:39:54,42.3,-0.01,76,321480,卖盘
675,13:39:51,42.31,0.01,1,4231,中性盘
676,13:39:27,42.3,-0.06,32,135360,卖盘
677,13:38:39,42.36,--,3,12708,卖盘
678,13:38:30,42.36,0.06,1,4236,中性盘
679,13:38:03,42.3,-0.02,41,173430,卖盘
680,13:37:51,42.32,-0.08,0,3766,中性盘
681,13:37:45,42.4,0.09,1,4240,买盘
682,13:37:42,42.31,-0.09,1,4231,卖盘
683,13:37:27,42.4,--,4,16960,卖盘
684,13:37:24,42.4,--,5,21200,卖盘
685,13:37:15,42.4,--,1,4240,卖盘
686,13:37:09,42.4,--,1,4240,卖盘
687,13:37:03,42.4,-0.05,1,4240,中性盘
688,13:36:45,42.45,0.05,45,191025,买盘
689,13:36:39,42.4,-0.05,2,8480,卖盘
690,13:36:21,42.45,--,33,140085,买盘
691,13:36:00,42.45,-0.01,3,12735,买盘
692,13:35:36,42.46,-0.01,15,63690,卖盘
693,13:35:33,42.47,0.01,1,4247,买盘
694,13:35:24,42.46,0.06,13,55198,买盘
695,13:35:18,42.4,-0.06,2,8480,卖盘
696,13:35:09,42.46,0.06,150,636900,买盘
697,13:35:00,42.4,-0.06,2,8480,卖盘
698,13:34:57,42.46,--,1,4246,买盘
699,13:34:54,42.46,0.06,2,8492,买盘
700,13:34:51,42.4,--,2,8480,卖盘
701,13:34:27,42.4,--,2,8480,卖盘
702,13:34:12,42.4,--,2,8480,卖盘
703,13:34:09,42.4,--,7,29680,卖盘
704,13:33:51,42.4,-0.06,1,4240,卖盘
705,13:33:21,42.46,--,9,38214,买盘
706,13:33:06,42.46,--,5,21230,买盘
707,13:32:42,42.46,--,4,16984,买盘
708,13:32:12,42.46,0.13,20,84920,买盘
709,13:31:51,42.33,--,2,8466,卖盘
710,13:31:48,42.33,0.02,9,38097,买盘
711,13:31:27,42.31,--,7,31732,买盘
712,13:31:21,42.31,0.01,6,25386,买盘
713,13:31:18,42.3,--,6,25380,卖盘
714,13:31:12,42.3,--,8,33840,卖盘
715,13:31:06,42.3,0.02,13,54989,买盘
716,13:31:00,42.28,--,1,4228,买盘
717,13:30:57,42.28,-0.02,8,33824,卖盘
718,13:30:45,42.3,--,11,46530,买盘
719,13:30:33,42.3,0.02,2,8460,买盘
720,13:30:24,42.28,0.06,13,54964,买盘
721,13:29:39,42.22,--,6,25332,买盘
722,13:29:30,42.22,--,1,4222,买盘
723,13:29:03,42.22,-0.05,4,16888,卖盘
724,13:28:51,42.27,0.07,1,4227,中性盘
725,13:27:03,42.2,-0.01,3,12660,卖盘
726,13:26:57,42.21,0.02,2,8442,买盘
727,13:26:27,42.19,-0.01,15,63285,卖盘
728,13:26:15,42.2,--,3,12660,卖盘
729,13:26:12,42.2,--,7,29540,买盘
730,13:26:09,42.2,0.01,1,4220,买盘
731,13:26:06,42.19,--,1,4219,卖盘
732,13:26:03,42.19,-0.01,1,4219,卖盘
733,13:25:51,42.2,0.01,2,8440,中性盘
734,13:25:24,42.19,-0.02,25,105475,卖盘
735,13:25:09,42.21,--,3,12663,买盘
736,13:24:57,42.21,--,8,33768,卖盘
737,13:24:39,42.21,-0.04,3,12663,卖盘
738,13:24:18,42.25,0.04,7,29575,买盘
739,13:24:03,42.21,-0.04,1,4221,卖盘
740,13:24:00,42.25,--,1,4225,买盘
741,13:23:57,42.25,--,1,4225,买盘
742,13:23:51,42.25,0.04,5,21125,买盘
743,13:23:42,42.21,--,30,126630,卖盘
744,13:23:33,42.21,0.02,31,130851,买盘
745,13:23:09,42.19,--,1,4219,卖盘
746,13:23:00,42.19,-0.02,4,16876,卖盘
747,13:22:51,42.21,-0.04,1,4221,中性盘
748,13:22:45,42.25,--,28,118300,买盘
749,13:22:39,42.25,0.02,6,25350,买盘
750,13:22:24,42.23,0.07,3,12668,买盘
751,13:22:18,42.16,--,17,71672,买盘
752,13:22:15,42.16,--,3,12647,买盘
753,13:22:09,42.16,--,33,139128,卖盘
754,13:22:06,42.16,--,2,8432,卖盘
755,13:22:03,42.16,--,12,50591,买盘
756,13:21:57,42.16,-0.03,31,130695,买盘
757,13:21:48,42.19,0.03,2,8438,卖盘
758,13:21:39,42.16,0.04,1,4216,买盘
759,13:21:36,42.12,0.01,1,4212,中性盘
760,13:21:30,42.11,--,1,4211,卖盘
761,13:21:21,42.11,--,9,37899,买盘
762,13:21:15,42.11,--,5,21055,买盘
763,13:21:06,42.11,--,2,8422,买盘
764,13:21:03,42.11,-0.04,15,63165,卖盘
765,13:20:54,42.15,-0.01,2,8430,卖盘
766,13:20:51,42.16,0.01,2,8432,买盘
767,13:20:48,42.15,0.04,1,4215,买盘
768,13:20:45,42.11,-0.04,9,37899,卖盘
769,13:20:42,42.15,0.04,5,21075,买盘
770,13:20:36,42.11,--,4,16844,卖盘
771,13:20:21,42.11,0.02,2,8422,中性盘
772,13:20:12,42.09,-0.02,128,538752,卖盘
773,13:20:06,42.11,-0.05,1,4211,卖盘
774,13:20:03,42.16,--,1,4216,买盘
775,13:19:54,42.16,--,4,16864,买盘
776,13:19:51,42.16,-0.02,2,8432,中性盘
777,13:19:48,42.18,0.07,8,33744,买盘
778,13:19:45,42.11,-0.07,20,84220,卖盘
779,13:19:39,42.18,--,2,8436,买盘
780,13:19:36,42.18,--,56,236208,卖盘
781,13:19:30,42.18,-0.03,93,392274,卖盘
782,13:19:21,42.21,--,4,16884,卖盘
783,13:19:18,42.21,-0.02,1,4221,卖盘
784,13:19:15,42.23,--,7,29560,卖盘
785,13:19:09,42.23,-0.02,1,4223,卖盘
786,13:18:57,42.25,-0.03,20,84500,卖盘
787,13:18:51,42.28,--,18,76104,卖盘
788,13:18:36,42.28,-0.02,27,114156,卖盘
789,13:18:33,42.3,--,2,8460,卖盘
790,13:18:30,42.3,--,20,84600,卖盘
791,13:18:27,42.3,--,20,84600,卖盘
792,13:18:18,42.3,-0.01,11,46530,卖盘
793,13:18:06,42.31,-0.01,1,4231,卖盘
794,13:17:57,42.32,--,1,4232,买盘
795,13:17:42,42.32,--,1,4232,买盘
796,13:17:27,42.32,-0.03,1,4232,卖盘
797,13:16:21,42.35,0.03,10,42350,中性盘
798,13:16:12,42.32,-0.01,2,8464,卖盘
799,13:16:00,42.33,-0.14,5,21165,卖盘
800,13:15:57,42.47,--,5,21235,买盘
801,13:15:36,42.47,-0.01,2,8494,卖盘
802,13:15:27,42.48,--,5,21240,买盘
803,13:15:15,42.48,-0.01,42,178416,卖盘
804,13:14:54,42.49,--,7,29743,卖盘
805,13:14:42,42.49,--,2,8498,卖盘
806,13:14:36,42.49,--,1,4249,卖盘
807,13:14:21,42.49,-0.01,2,8498,卖盘
808,13:14:12,42.5,--,3,12750,买盘
809,13:13:48,42.5,--,8,34000,卖盘
810,13:13:39,42.5,--,1,4250,卖盘
811,13:13:36,42.5,--,2,8500,卖盘
812,13:13:03,42.5,-0.01,1,4250,卖盘
813,13:12:48,42.51,--,7,29757,卖盘
814,13:12:45,42.51,-0.01,1,4251,卖盘
815,13:12:39,42.52,0.01,2,8504,买盘
816,13:12:36,42.51,-0.14,10,42510,卖盘
817,13:12:30,42.65,0.14,1,4265,买盘
818,13:12:24,42.51,-0.14,5,21255,卖盘
819,13:12:03,42.65,--,2,10406,卖盘
820,13:12:00,42.65,-0.03,0,2388,卖盘
821,13:11:39,42.68,--,4,17072,卖盘
822,13:11:36,42.68,--,3,12804,卖盘
823,13:11:33,42.68,-0.01,2,8536,卖盘
824,13:11:30,42.69,0.01,2,8538,买盘
825,13:11:27,42.68,--,11,46948,卖盘
826,13:11:24,42.68,-0.01,5,21340,卖盘
827,13:11:18,42.69,--,5,21345,买盘
828,13:11:12,42.69,0.01,3,12807,买盘
829,13:11:09,42.68,-0.01,29,123772,卖盘
830,13:10:57,42.69,--,2,8538,买盘
831,13:10:54,42.69,0.01,3,12807,买盘
832,13:10:48,42.68,--,32,136576,卖盘
833,13:10:39,42.68,--,8,34144,卖盘
834,13:10:36,42.68,--,19,81092,卖盘
835,13:10:21,42.68,--,1,4268,卖盘
836,13:10:18,42.68,--,5,21340,卖盘
837,13:10:15,42.68,--,1,4268,卖盘
838,13:10:06,42.68,0.18,1,4268,买盘
839,13:10:03,42.5,--,2,8500,卖盘
840,13:09:42,42.5,-0.17,106,450500,卖盘
841,13:09:27,42.67,0.15,10,42670,买盘
842,13:09:03,42.52,0.01,2,8504,中性盘
843,13:08:21,42.51,--,4,17004,买盘
844,13:08:12,42.51,--,3,12753,买盘
845,13:08:03,42.51,--,2,8502,买盘
846,13:07:57,42.51,--,2,8502,买盘
847,13:07:48,42.51,0.01,2,8502,买盘
848,13:07:21,42.5,-0.01,2,8500,卖盘
849,13:07:15,42.51,--,2,8502,买盘
850,13:07:03,42.51,-0.18,3,12753,卖盘
851,13:06:48,42.69,--,3,12807,买盘
852,13:06:21,42.69,0.01,2,8538,买盘
853,13:06:18,42.68,0.18,2,8536,买盘
854,13:06:03,42.5,--,10,42500,卖盘
855,13:05:57,42.5,--,1,4250,买盘
856,13:05:45,42.5,0.01,1,4250,买盘
857,13:05:39,42.49,--,11,46739,卖盘
858,13:05:06,42.49,-0.21,2,8498,卖盘
859,13:04:57,42.7,--,8,34160,买盘
860,13:04:45,42.7,--,17,72590,卖盘
861,13:04:36,42.7,-0.06,1,4270,卖盘
862,13:04:24,42.76,-0.11,8,34208,卖盘
863,13:04:12,42.87,-0.01,4,17148,中性盘
864,13:03:45,42.88,0.13,12,51456,买盘
865,13:03:21,42.75,-0.06,15,64125,卖盘
866,13:03:15,42.81,0.06,4,17124,买盘
867,13:03:12,42.75,--,20,85500,卖盘
868,13:02:45,42.75,-0.05,16,68400,卖盘
869,13:02:36,42.8,0.05,4,17120,买盘
870,13:02:33,42.75,0.05,1,4275,买盘
871,13:02:03,42.7,0.21,1,4270,买盘
872,13:02:00,42.49,0.01,3,12747,买盘
873,13:01:48,42.48,0.01,11,46728,买盘
874,13:01:39,42.47,--,1,4247,买盘
875,13:01:33,42.47,0.01,1,4247,买盘
876,13:01:30,42.46,--,1,4246,卖盘
877,13:01:24,42.46,-0.02,1,4246,卖盘
878,13:01:18,42.48,0.07,1,4248,中性盘
879,13:00:51,42.41,0.01,5,21205,买盘
880,13:00:45,42.4,-0.01,1,4240,中性盘
881,13:00:39,42.41,--,3,12722,买盘
882,13:00:09,42.41,0.11,5,21205,买盘
883,13:00:06,42.3,-0.05,13,54989,卖盘
884,13:00:03,42.35,0.05,75,317625,买盘
885,13:00:00,42.3,--,2,8460,买盘
886,11:30:00,42.3,--,0,0,买盘
887,11:29:51,42.3,--,1,4230,买盘
888,11:29:45,42.3,--,1,4230,买盘
889,11:29:42,42.3,0.02,1,4230,买盘
890,11:29:24,42.28,--,4,16912,买盘
891,11:29:21,42.28,--,1,4228,买盘
892,11:29:12,42.28,--,3,12684,买盘
893,11:29:09,42.28,--,2,8456,买盘
894,11:29:03,42.28,--,1,4228,买盘
895,11:29:00,42.28,--,5,21140,买盘
896,11:28:54,42.28,--,1,4228,买盘
897,11:28:51,42.28,0.05,6,25368,买盘
898,11:28:30,42.23,-0.02,6,25337,卖盘
899,11:28:24,42.25,0.02,3,12675,买盘
900,11:28:18,42.23,--,2,8446,买盘
901,11:28:06,42.23,--,1,4223,买盘
902,11:28:00,42.23,-0.02,7,29560,卖盘
903,11:27:54,42.25,-0.02,2,8450,中性盘
904,11:27:45,42.27,0.06,2,8454,买盘
905,11:27:42,42.21,-0.04,10,42210,卖盘
906,11:27:36,42.25,0.05,13,54925,买盘
907,11:27:15,42.2,-0.02,22,92840,卖盘
908,11:27:03,42.22,0.02,5,21110,卖盘
909,11:27:00,42.2,--,3,12660,买盘
910,11:26:51,42.2,-0.02,7,29540,卖盘
911,11:26:42,42.22,-0.01,1,4222,卖盘
912,11:26:39,42.23,0.01,5,21115,买盘
913,11:26:36,42.22,-0.01,2,8444,卖盘
914,11:26:30,42.23,--,1,4223,买盘
915,11:26:27,42.23,--,3,12668,买盘
916,11:26:24,42.23,--,5,21115,卖盘
917,11:26:12,42.23,0.01,1,4223,中性盘
918,11:25:54,42.22,-0.01,5,21110,卖盘
919,11:25:48,42.23,--,1,4223,买盘
920,11:25:36,42.23,--,1,4223,买盘
921,11:25:33,42.23,--,4,16892,买盘
922,11:25:30,42.23,-0.07,2,8446,卖盘
923,11:25:21,42.3,0.02,34,143820,买盘
924,11:25:18,42.28,-0.01,1,4228,中性盘
925,11:25:09,42.29,0.01,20,84580,买盘
926,11:25:06,42.28,-0.01,9,38052,中性盘
927,11:25:03,42.29,0.07,7,29603,买盘
928,11:25:00,42.22,-0.07,9,37998,卖盘
929,11:24:57,42.29,0.07,215,909235,买盘
930,11:24:54,42.22,-0.07,14,59108,卖盘
931,11:24:51,42.29,--,5,21145,买盘
932,11:24:45,42.29,0.07,29,122641,买盘
933,11:24:39,42.22,-0.07,11,46442,中性盘
934,11:24:33,42.29,0.1,5,21145,买盘
935,11:24:27,42.19,-0.1,18,75942,卖盘
936,11:24:12,42.29,--,101,427129,买盘
937,11:24:09,42.29,--,4,16916,买盘
938,11:24:06,42.29,--,3,12687,买盘
939,11:24:03,42.29,--,1,4229,买盘
940,11:24:00,42.29,-0.01,15,63435,卖盘
941,11:23:54,42.3,--,15,63449,买盘
942,11:23:51,42.3,--,1,4230,买盘
943,11:23:48,42.3,--,1,4230,买盘
944,11:23:42,42.3,-0.01,19,80370,卖盘
945,11:23:30,42.31,--,2,8462,买盘
946,11:23:24,42.31,0.01,11,46541,买盘
947,11:23:21,42.3,-0.01,3,12690,卖盘
948,11:23:15,42.31,0.01,10,42310,买盘
949,11:22:57,42.3,--,2,8460,卖盘
950,11:22:54,42.3,--,14,59219,卖盘
951,11:22:48,42.3,--,20,84600,卖盘
952,11:22:45,42.3,--,10,42300,卖盘
953,11:22:39,42.3,--,1,4230,卖盘
954,11:22:33,42.3,--,9,38070,卖盘
955,11:22:27,42.3,--,7,29609,卖盘
956,11:22:24,42.3,-0.01,3,12690,卖盘
957,11:22:21,42.31,--,2,8462,卖盘
958,11:22:03,42.31,-0.01,12,50772,卖盘
959,11:21:57,42.32,--,11,46552,买盘
960,11:21:45,42.32,0.01,5,21160,买盘
961,11:21:42,42.31,-0.01,18,76158,卖盘
962,11:21:39,42.32,--,1,4232,买盘
963,11:21:36,42.32,--,13,55016,卖盘
964,11:21:33,42.32,-0.03,24,101568,卖盘
965,11:21:12,42.35,-0.03,2,8470,卖盘
966,11:21:06,42.38,--,7,29666,买盘
967,11:21:03,42.38,-0.01,7,29666,中性盘
968,11:21:00,42.39,0.04,3,12717,买盘
969,11:20:57,42.35,--,12,50820,卖盘
970,11:20:54,42.35,--,3,12705,卖盘
971,11:20:51,42.35,--,3,12705,卖盘
972,11:20:45,42.35,--,2,8470,卖盘
973,11:20:42,42.35,--,1,4235,卖盘
974,11:20:39,42.35,--,2,8470,卖盘
975,11:20:24,42.35,-0.01,15,63525,卖盘
976,11:20:15,42.36,-0.01,23,97428,卖盘
977,11:20:06,42.37,-0.02,10,42370,卖盘
978,11:20:03,42.39,-0.01,2,8478,买盘
979,11:19:42,42.4,0.02,21,89040,买盘
980,11:19:36,42.38,-0.02,15,63570,卖盘
981,11:19:18,42.4,--,2,8480,买盘
982,11:19:12,42.4,--,1,4240,买盘
983,11:19:00,42.4,-0.01,8,33920,卖盘
984,11:18:54,42.41,0.01,27,114506,买盘
985,11:18:45,42.4,-0.01,5,21200,卖盘
986,11:18:42,42.41,--,5,21205,买盘
987,11:18:24,42.41,0.01,5,21205,买盘
988,11:18:21,42.4,--,6,25440,卖盘
989,11:17:48,42.4,0.01,4,16960,买盘
990,11:17:33,42.39,--,6,25434,卖盘
991,11:17:30,42.39,--,5,21195,买盘
992,11:17:27,42.39,0.01,1,4239,买盘
993,11:17:24,42.38,-0.01,5,21190,卖盘
994,11:17:18,42.39,0.01,2,8478,买盘
995,11:17:00,42.38,0.02,6,25428,买盘
996,11:16:54,42.36,--,3,12708,卖盘
997,11:16:51,42.36,--,7,29652,卖盘
998,11:16:39,42.36,-0.02,29,122844,卖盘
999,11:16:30,42.38,--,2,8476,卖盘
1000,11:16:27,42.38,--,25,105950,卖盘
1001,11:16:18,42.38,--,3,12714,卖盘
1002,11:16:09,42.38,-0.01,14,59332,卖盘
1003,11:16:00,42.39,--,6,25434,卖盘
1004,11:15:54,42.39,--,2,8478,卖盘
1005,11:15:42,42.39,--,3,12717,卖盘
1006,11:15:36,42.39,-0.01,16,67824,卖盘
1007,11:15:24,42.4,--,9,38160,卖盘
1008,11:15:18,42.4,-0.01,2,8480,卖盘
1009,11:15:15,42.41,--,13,55132,买盘
1010,11:15:06,42.41,--,6,25445,买盘
1011,11:15:00,42.41,--,1,4241,买盘
1012,11:14:48,42.41,-0.01,10,42410,卖盘
1013,11:14:45,42.42,--,4,16968,买盘
1014,11:14:39,42.42,--,1,4242,买盘
1015,11:14:33,42.42,--,47,199374,买盘
1016,11:14:27,42.42,--,11,46662,卖盘
1017,11:14:24,42.42,--,45,190890,卖盘
1018,11:14:21,42.42,-0.03,12,50904,卖盘
1019,11:14:18,42.45,0.03,5,21225,买盘
1020,11:14:12,42.42,-0.03,4,16968,卖盘
1021,11:14:09,42.45,0.03,3,12735,买盘
1022,11:14:03,42.42,--,3,12726,卖盘
1023,11:14:00,42.42,-0.03,2,8484,卖盘
1024,11:13:54,42.45,--,8,33960,卖盘
1025,11:13:51,42.45,--,23,97635,卖盘
1026,11:13:48,42.45,--,3,12735,卖盘
1027,11:13:45,42.45,--,20,84900,卖盘
1028,11:13:33,42.45,-0.01,42,178290,卖盘
1029,11:13:30,42.46,--,12,50952,卖盘
1030,11:13:27,42.46,--,5,21230,卖盘
1031,11:13:15,42.46,-0.01,13,55198,卖盘
1032,11:13:06,42.47,--,8,33976,卖盘
1033,11:12:54,42.47,--,2,8494,卖盘
1034,11:12:45,42.47,--,8,33976,卖盘
1035,11:12:42,42.47,-0.01,11,46717,卖盘
1036,11:12:36,42.48,--,20,84960,买盘
1037,11:12:30,42.48,--,1,4248,买盘
1038,11:12:27,42.48,-0.02,20,84960,卖盘
1039,11:12:24,42.5,--,3,12750,买盘
1040,11:12:06,42.5,-0.01,3,12750,卖盘
1041,11:11:51,42.51,0.04,102,433602,买盘
1042,11:11:39,42.47,0.01,1,4247,中性盘
1043,11:11:30,42.46,-0.05,4,16984,卖盘
1044,11:11:21,42.51,--,1,4251,买盘
1045,11:11:18,42.51,-0.13,8,34008,卖盘
1046,11:11:09,42.64,0.13,26,110864,买盘
1047,11:11:03,42.51,0.01,2,8502,买盘
1048,11:10:57,42.5,-0.07,10,45900,卖盘
1049,11:10:54,42.57,-0.07,1,4257,卖盘
1050,11:10:39,42.64,-0.06,1,4264,卖盘
1051,11:10:33,42.7,0.05,38,162260,买盘
1052,11:10:30,42.65,--,18,76770,卖盘
1053,11:10:27,42.65,-0.05,8,34120,卖盘
1054,11:10:18,42.7,0.05,3,12810,买盘
1055,11:10:06,42.65,-0.01,21,89565,卖盘
1056,11:10:03,42.66,-0.04,8,34128,卖盘
1057,11:10:00,42.7,-0.01,20,85400,中性盘
1058,11:09:36,42.71,-0.04,2,8542,卖盘
1059,11:09:21,42.75,--,1,4275,卖盘
1060,11:09:12,42.75,-0.12,1,4275,卖盘
1061,11:08:57,42.87,0.03,100,428700,买盘
1062,11:08:27,42.84,-0.04,4,17136,卖盘
1063,11:08:18,42.88,0.02,100,428800,买盘
1064,11:08:12,42.86,-0.02,5,21430,卖盘
1065,11:08:06,42.88,--,21,90048,买盘
1066,11:08:00,42.88,0.02,7,30016,中性盘
1067,11:07:57,42.86,-0.04,19,81434,中性盘
1068,11:07:27,42.9,--,7,30030,买盘
1069,11:07:09,42.9,--,7,30030,买盘
1070,11:07:03,42.9,-0.04,9,38610,卖盘
1071,11:06:51,42.94,0.04,7,30058,买盘
1072,11:06:48,42.9,--,7,30030,买盘
1073,11:06:45,42.9,--,11,47190,卖盘
1074,11:06:42,42.9,--,100,429000,卖盘
1075,11:06:36,42.9,--,2,8580,卖盘
1076,11:06:33,42.9,--,10,42900,卖盘
1077,11:06:27,42.9,--,102,437580,卖盘
1078,11:06:24,42.9,--,2,8580,卖盘
1079,11:06:18,42.9,--,10,42900,买盘
1080,11:06:06,42.9,--,3,12870,卖盘
1081,11:06:03,42.9,-0.04,21,90090,卖盘
1082,11:06:00,42.94,0.04,8,34352,买盘
1083,11:05:57,42.9,-0.04,1,4290,中性盘
1084,11:05:48,42.94,0.04,7,30058,买盘
1085,11:05:45,42.9,--,1,4290,卖盘
1086,11:05:42,42.9,-0.05,1,4290,卖盘
1087,11:05:33,42.95,--,12,51540,买盘
1088,11:05:27,42.95,--,19,85341,卖盘
1089,11:05:24,42.95,-0.02,2,8590,卖盘
1090,11:05:12,42.97,--,5,21485,买盘
1091,11:05:09,42.97,0.02,2,8594,中性盘
1092,11:05:03,42.95,--,99,425205,卖盘
1093,11:05:00,42.95,--,6,25770,卖盘
1094,11:04:54,42.95,-0.05,10,42950,卖盘
1095,11:04:48,43.0,0.05,22,94600,买盘
1096,11:04:45,42.95,0.01,2,8590,卖盘
1097,11:04:42,42.94,0.02,163,700480,买盘
1098,11:04:33,42.92,0.02,12,51504,买盘
1099,11:04:30,42.9,-0.02,2,8580,卖盘
1100,11:04:15,42.92,-0.08,52,226918,卖盘
1101,11:04:12,43.0,--,2,8600,卖盘
1102,11:04:09,43.0,0.05,124,533759,买盘
1103,11:03:48,42.95,--,3,12885,卖盘
1104,11:03:42,42.95,-0.01,2,8590,卖盘
1105,11:03:39,42.96,--,41,176136,卖盘
1106,11:03:27,42.96,--,1,4296,卖盘
1107,11:03:21,42.96,-0.04,22,94512,卖盘
1108,11:03:03,43.0,--,3,16899,卖盘
1109,11:03:00,43.0,--,10,43000,卖盘
1110,11:02:57,43.0,--,3,12900,卖盘
1111,11:02:54,43.0,-0.05,18,77400,卖盘
1112,11:02:51,43.05,--,13,55964,买盘
1113,11:02:45,43.05,0.05,10,43050,买盘
1114,11:02:39,43.0,-0.05,3,12900,卖盘
1115,11:02:36,43.05,-0.01,5,21525,卖盘
1116,11:02:33,43.06,--,15,64590,买盘
1117,11:02:30,43.06,--,22,94732,买盘
1118,11:02:21,43.06,--,7,30142,买盘
1119,11:02:18,43.06,--,25,107650,卖盘
1120,11:02:12,43.06,--,1,4306,卖盘
1121,11:02:09,43.06,--,5,21530,卖盘
1122,11:02:06,43.06,-0.01,2,8612,卖盘
1123,11:02:00,43.07,--,34,146438,中性盘
1124,11:01:54,43.07,--,4,17228,卖盘
1125,11:01:48,43.07,0.01,3,12921,中性盘
1126,11:01:45,43.06,-0.03,3,12918,卖盘
1127,11:01:42,43.09,0.03,20,86180,买盘
1128,11:01:36,43.06,-0.03,2,8612,卖盘
1129,11:01:24,43.09,--,10,43090,买盘
1130,11:01:21,43.09,--,67,288703,买盘
1131,11:01:15,43.09,--,5,21545,买盘
1132,11:01:06,43.09,0.04,168,723912,买盘
1133,11:01:03,43.05,-0.03,34,146370,卖盘
1134,11:00:57,43.08,--,1,4308,买盘
1135,11:00:54,43.08,0.03,6,25848,买盘
1136,11:00:42,43.05,--,4,17220,卖盘
1137,11:00:30,43.05,--,3,12915,卖盘
1138,11:00:27,43.05,0.01,26,111929,买盘
1139,11:00:24,43.04,--,1,4304,卖盘
1140,11:00:21,43.04,-0.01,2,8608,卖盘
1141,11:00:18,43.05,--,90,387450,买盘
1142,11:00:15,43.05,0.01,1,4305,买盘
1143,11:00:09,43.04,--,4,17216,卖盘
1144,11:00:06,43.04,--,21,90384,卖盘
1145,10:59:57,43.04,0.04,1,4304,中性盘
1146,10:59:48,43.0,-0.04,4,17200,卖盘
1147,10:59:45,43.04,0.04,30,129120,买盘
1148,10:59:33,43.0,-0.08,1,4300,卖盘
1149,10:59:30,43.08,0.03,147,633276,买盘
1150,10:59:15,43.05,--,2,8610,买盘
1151,10:59:12,43.05,--,22,94710,买盘
1152,10:59:06,43.05,0.02,42,180810,买盘
1153,10:58:54,43.03,--,2,8606,买盘
1154,10:58:48,43.03,0.03,1,4303,买盘
1155,10:58:45,43.0,--,2,8600,卖盘
1156,10:58:42,43.0,-0.03,26,111800,卖盘
1157,10:58:39,43.03,0.03,1,4303,买盘
1158,10:58:36,43.0,--,5,21500,卖盘
1159,10:58:24,43.0,--,1,4300,卖盘
1160,10:58:21,43.0,0.03,200,860301,买盘
1161,10:58:18,42.97,--,5,21485,卖盘
1162,10:58:12,42.97,-0.03,5,21485,中性盘
1163,10:58:00,43.0,--,30,129000,买盘
1164,10:57:51,43.0,0.04,3,12900,买盘
1165,10:57:48,42.96,--,1,4296,卖盘
1166,10:57:42,42.96,-0.04,7,30072,卖盘
1167,10:57:33,43.0,0.04,5,21500,买盘
1168,10:57:27,42.96,-0.04,3,12888,卖盘
1169,10:57:24,43.0,--,1,4300,买盘
1170,10:57:21,43.0,0.04,31,133300,买盘
1171,10:57:15,42.96,-0.04,1,4296,卖盘
1172,10:57:00,43.0,-0.03,8,34400,中性盘
1173,10:56:57,43.03,0.07,3,12909,买盘
1174,10:56:51,42.96,-0.07,10,42960,卖盘
1175,10:56:48,43.03,0.01,3,12909,买盘
1176,10:56:45,43.02,-0.01,10,43020,卖盘
1177,10:56:42,43.03,0.01,9,38727,买盘
1178,10:56:36,43.02,0.03,42,180684,买盘
1179,10:56:33,42.99,0.03,1,4299,买盘
1180,10:56:30,42.96,--,20,85920,买盘
1181,10:56:27,42.96,--,2,8592,买盘
1182,10:56:24,42.96,0.01,102,438192,买盘
1183,10:56:21,42.95,--,8,34360,买盘
1184,10:56:18,42.95,-0.01,2,8590,中性盘
1185,10:55:57,42.96,0.17,8,34368,买盘
1186,10:55:54,42.79,-0.02,24,102696,卖盘
1187,10:55:51,42.81,-0.11,1,4281,卖盘
1188,10:55:42,42.92,0.13,11,47212,买盘
1189,10:55:30,42.79,--,1,4279,卖盘
1190,10:55:24,42.79,-0.17,3,12837,卖盘
1191,10:55:18,42.96,--,8,34368,买盘
1192,10:55:15,42.96,0.17,11,47256,买盘
1193,10:55:09,42.79,-0.17,3,12837,卖盘
1194,10:55:06,42.96,0.15,4,17184,买盘
1195,10:55:03,42.81,--,1,4281,买盘
1196,10:54:57,42.81,-0.09,2,8562,买盘
1197,10:54:51,42.9,-0.12,31,132990,卖盘
1198,10:54:48,43.02,0.03,25,107550,买盘
1199,10:54:42,42.99,0.09,5,21495,买盘
1200,10:54:39,42.9,--,5,21450,卖盘
1201,10:54:36,42.9,-0.02,12,51480,卖盘
1202,10:54:33,42.92,--,1,4292,卖盘
1203,10:54:27,42.92,-0.04,7,30044,中性盘
1204,10:54:24,42.96,0.06,1,4296,中性盘
1205,10:54:12,42.9,--,1,4290,卖盘
1206,10:54:03,42.9,-0.09,1,4290,卖盘
1207,10:53:51,42.99,-0.07,1,4299,卖盘
1208,10:53:39,43.06,-0.01,4,17224,卖盘
1209,10:53:36,43.07,--,36,155052,卖盘
1210,10:53:33,43.07,--,1,4307,卖盘
1211,10:53:30,43.07,0.01,1,4307,中性盘
1212,10:53:21,43.06,-0.02,19,81814,卖盘
1213,10:53:18,43.08,0.02,12,51696,买盘
1214,10:53:09,43.06,--,10,43060,卖盘
1215,10:53:06,43.06,-0.02,1,4306,卖盘
1216,10:53:03,43.08,--,0,4264,卖盘
1217,10:53:00,43.08,0.08,36,155131,买盘
1218,10:52:57,43.0,-0.08,4,17200,卖盘
1219,10:52:54,43.08,0.02,25,111964,买盘
1220,10:52:51,43.06,-0.03,5,21530,卖盘
1221,10:52:45,43.09,0.03,15,64635,买盘
1222,10:52:33,43.06,-0.02,1,4306,卖盘
1223,10:52:30,43.08,0.02,12,51696,买盘
1224,10:52:27,43.06,0.06,1,4349,买盘
1225,10:52:21,43.0,-0.03,10,43000,卖盘
1226,10:52:18,43.03,0.03,13,55939,买盘
1227,10:52:12,43.0,-0.06,8,34400,卖盘
1228,10:52:06,43.06,--,1,4306,卖盘
1229,10:52:03,43.06,0.03,4,17224,买盘
1230,10:52:00,43.03,--,19,81757,卖盘
1231,10:51:51,43.03,0.07,15,64545,买盘
1232,10:51:45,42.96,-0.03,4,17184,卖盘
1233,10:51:39,42.99,-0.02,2,8598,中性盘
1234,10:51:30,43.01,0.06,165,709665,买盘
1235,10:51:27,42.95,--,2,8590,卖盘
1236,10:51:24,42.95,-0.05,3,12885,卖盘
1237,10:51:21,43.0,--,2,8600,买盘
1238,10:51:18,43.0,0.05,10,43000,买盘
1239,10:51:15,42.95,--,3,12885,卖盘
1240,10:51:09,42.95,--,1,4295,卖盘
1241,10:51:06,42.95,--,1,4295,卖盘
1242,10:51:00,42.95,--,56,240520,卖盘
1243,10:50:54,42.95,--,2,8590,卖盘
1244,10:50:51,42.95,-0.05,2,8590,卖盘
1245,10:50:48,43.0,0.05,54,232200,买盘
1246,10:50:45,42.95,--,2,8590,买盘
1247,10:50:42,42.95,--,1,4295,买盘
1248,10:50:36,42.95,0.05,10,42950,买盘
1249,10:50:27,42.9,--,1,4290,卖盘
1250,10:50:24,42.9,--,30,128700,卖盘
1251,10:50:21,42.9,--,3,12870,卖盘
1252,10:50:12,42.9,0.06,125,536250,买盘
1253,10:49:57,42.84,--,1,4284,买盘
1254,10:49:54,42.84,-0.06,1,4284,中性盘
1255,10:49:42,42.9,0.12,36,154440,买盘
1256,10:49:39,42.78,--,3,12834,买盘
1257,10:49:36,42.78,-0.07,38,162564,买盘
1258,10:49:33,42.85,-0.05,1,4285,卖盘
1259,10:49:30,42.9,0.12,40,171600,买盘
1260,10:49:21,42.78,-0.12,13,55614,卖盘
1261,10:48:57,42.9,0.12,15,64350,买盘
1262,10:48:54,42.78,--,10,42780,卖盘
1263,10:48:51,42.78,--,5,21390,卖盘
1264,10:48:36,42.78,-0.03,4,17112,卖盘
1265,10:48:33,42.81,--,16,68496,卖盘
1266,10:48:30,42.81,0.03,22,94182,买盘
1267,10:48:27,42.78,--,145,620310,买盘
1268,10:48:21,42.78,--,1,4278,买盘
1269,10:48:09,42.78,0.08,50,213900,买盘
1270,10:48:06,42.7,-0.05,2,8540,卖盘
1271,10:48:03,42.75,-0.03,10,42750,中性盘
1272,10:47:57,42.78,--,170,727260,买盘
1273,10:47:51,42.78,--,5,21390,买盘
1274,10:47:48,42.78,0.08,22,94116,买盘
1275,10:47:45,42.7,-0.04,10,42700,卖盘
1276,10:47:33,42.74,0.04,1,8377,买盘
1277,10:47:30,42.7,-0.04,40,170800,卖盘
1278,10:47:24,42.74,0.04,12,51288,买盘
1279,10:47:18,42.7,--,15,64050,卖盘
1280,10:47:15,42.7,0.01,2,8540,买盘
1281,10:47:12,42.69,--,169,721461,买盘
1282,10:47:06,42.69,--,1,4269,买盘
1283,10:46:54,42.69,--,30,128070,买盘
1284,10:46:48,42.69,0.06,366,1562454,买盘
1285,10:46:42,42.63,0.01,1,4263,买盘
1286,10:46:39,42.62,-0.01,2,8524,中性盘
1287,10:46:30,42.63,--,18,76734,买盘
1288,10:46:12,42.63,--,1,4263,买盘
1289,10:46:00,42.63,--,3,12789,卖盘
1290,10:45:48,42.63,0.03,15,63945,卖盘
1291,10:45:39,42.6,0.05,2,8520,买盘
1292,10:45:36,42.55,-0.05,8,34040,卖盘
1293,10:45:33,42.6,0.1,1,4260,中性盘
1294,10:45:00,42.5,-0.13,2,8500,卖盘
1295,10:44:54,42.63,0.13,20,85260,中性盘
1296,10:44:42,42.5,-0.14,22,93500,卖盘
1297,10:44:39,42.64,0.01,4,17056,买盘
1298,10:44:36,42.63,-0.01,26,110838,卖盘
1299,10:44:33,42.64,0.01,7,29848,买盘
1300,10:44:27,42.63,--,2,8526,卖盘
1301,10:44:24,42.63,0.02,8,34104,卖盘
1302,10:44:21,42.61,0.11,16,68176,买盘
1303,10:44:18,42.5,0.01,31,131750,卖盘
1304,10:44:15,42.49,-0.01,8,34841,买盘
1305,10:44:12,42.5,0.04,25,106250,买盘
1306,10:44:09,42.46,--,20,87764,卖盘
1307,10:44:06,42.46,-0.04,20,84920,卖盘
1308,10:44:03,42.5,--,4,17000,买盘
1309,10:44:00,42.5,0.02,2,8500,买盘
1310,10:43:57,42.48,--,1,4248,买盘
1311,10:43:54,42.48,0.02,2,8496,买盘
1312,10:43:45,42.46,-0.03,13,55198,卖盘
1313,10:43:30,42.49,0.01,1,4249,买盘
1314,10:43:24,42.48,--,2,8496,卖盘
1315,10:43:21,42.48,--,15,63719,买盘
1316,10:43:15,42.48,--,5,21240,买盘
1317,10:43:06,42.48,--,1,4248,买盘
1318,10:43:00,42.48,--,5,21240,卖盘
1319,10:42:57,42.48,--,15,63719,卖盘
1320,10:42:48,42.48,-0.02,46,195408,卖盘
1321,10:42:45,42.5,0.02,1,4250,买盘
1322,10:42:42,42.48,-0.02,5,21240,卖盘
1323,10:42:39,42.5,0.02,10,42500,买盘
1324,10:42:36,42.48,-0.02,53,225143,卖盘
1325,10:42:27,42.5,--,3,12750,买盘
1326,10:42:18,42.5,--,16,71400,卖盘
1327,10:42:12,42.5,--,19,80750,卖盘
1328,10:42:06,42.5,--,1,4250,卖盘
1329,10:42:03,42.5,--,16,68000,卖盘
1330,10:41:57,42.5,--,58,246500,卖盘
1331,10:41:54,42.5,--,20,85000,卖盘
1332,10:41:51,42.5,-0.1,7,29750,卖盘
1333,10:41:45,42.6,0.1,2,8520,买盘
1334,10:41:42,42.5,-0.01,300,1275000,卖盘
1335,10:41:39,42.51,--,2,8502,卖盘
1336,10:41:36,42.51,-0.1,20,85020,卖盘
1337,10:41:33,42.61,0.1,6,25566,买盘
1338,10:41:24,42.51,-0.1,3,12753,卖盘
1339,10:41:21,42.61,0.09,79,337471,买盘
1340,10:41:18,42.52,-0.1,3,12756,卖盘
1341,10:41:12,42.62,0.11,3,12786,买盘
1342,10:41:09,42.51,-0.11,12,51012,卖盘
1343,10:41:03,42.62,--,0,2642,卖盘
1344,10:40:48,42.62,--,0,1619,买盘
1345,10:40:33,42.62,0.02,13,55406,买盘
1346,10:40:30,42.6,--,1,4260,买盘
1347,10:40:27,42.6,--,12,51120,买盘
1348,10:40:21,42.6,--,16,70801,卖盘
1349,10:40:18,42.6,--,1,4260,卖盘
1350,10:40:15,42.6,-0.02,105,447300,卖盘
1351,10:40:12,42.62,0.01,9,38358,买盘
1352,10:40:09,42.61,--,1,4261,卖盘
1353,10:40:06,42.61,--,3,12783,卖盘
1354,10:39:57,42.61,-0.01,1,4261,中性盘
1355,10:39:48,42.62,0.02,1,4262,买盘
1356,10:39:42,42.6,-0.02,4,17040,卖盘
1357,10:39:36,42.62,0.02,1,4262,买盘
1358,10:39:24,42.6,0.09,29,125158,买盘
1359,10:39:18,42.51,-0.04,35,148785,卖盘
1360,10:39:09,42.55,-0.05,2,8510,中性盘
1361,10:38:51,42.6,--,10,42600,买盘
1362,10:38:45,42.6,0.1,1,4260,买盘
1363,10:38:33,42.5,--,1,4250,卖盘
1364,10:38:30,42.5,--,4,17000,买盘
1365,10:38:24,42.5,--,2,8500,买盘
1366,10:38:21,42.5,0.02,4,17000,买盘
1367,10:38:12,42.48,-0.02,6,25487,卖盘
1368,10:38:06,42.5,--,1,4250,买盘
1369,10:38:00,42.5,--,1,4250,买盘
1370,10:37:57,42.5,--,2,8500,买盘
1371,10:37:54,42.5,--,20,85000,买盘
1372,10:37:51,42.5,--,2,8500,买盘
1373,10:37:45,42.5,0.02,3,12750,买盘
1374,10:37:24,42.48,--,1,4248,卖盘
1375,10:37:21,42.48,--,1,4248,卖盘
1376,10:37:03,42.48,-0.02,2,8496,卖盘
1377,10:37:00,42.5,0.02,10,42500,买盘
1378,10:36:57,42.48,--,32,135936,卖盘
1379,10:36:48,42.48,-0.02,8,33984,卖盘
1380,10:36:33,42.5,--,4,17000,买盘
1381,10:36:30,42.5,--,10,42500,买盘
1382,10:36:27,42.5,0.02,3,12750,买盘
1383,10:36:24,42.48,--,12,50975,卖盘
1384,10:36:09,42.48,-0.02,2,8496,卖盘
1385,10:35:57,42.5,--,3,12750,中性盘
1386,10:35:54,42.5,--,167,709750,卖盘
1387,10:35:48,42.5,--,42,178500,卖盘
1388,10:35:45,42.5,--,30,127500,卖盘
1389,10:35:33,42.5,--,3,12750,卖盘
1390,10:35:18,42.5,--,30,127500,卖盘
1391,10:35:15,42.5,--,9,38250,卖盘
1392,10:34:54,42.5,-0.13,87,369750,卖盘
1393,10:34:27,42.63,-0.01,2,8526,中性盘
1394,10:34:12,42.64,--,5,21320,卖盘
1395,10:34:03,42.64,--,6,25584,卖盘
1396,10:33:54,42.64,0.14,6,25584,买盘
1397,10:33:51,42.5,-0.01,16,68000,卖盘
1398,10:33:48,42.51,-0.13,1,4251,中性盘
1399,10:33:36,42.64,--,26,110864,买盘
1400,10:33:24,42.64,--,94,400816,买盘
1401,10:33:09,42.64,0.11,141,601224,买盘
1402,10:33:06,42.53,--,21,89313,卖盘
1403,10:32:54,42.53,-0.07,21,89313,卖盘
1404,10:32:51,42.6,0.05,11,46860,买盘
1405,10:32:45,42.55,-0.05,5,21275,中性盘
1406,10:32:21,42.6,--,2,8520,买盘
1407,10:32:18,42.6,0.05,27,115020,买盘
1408,10:32:15,42.55,-0.09,1,4255,卖盘
1409,10:32:06,42.64,0.04,20,85280,买盘
1410,10:31:54,42.6,-0.04,94,400440,卖盘
1411,10:31:48,42.64,0.04,9,38376,买盘
1412,10:31:39,42.6,--,10,42600,卖盘
1413,10:31:36,42.6,--,5,21300,卖盘
1414,10:31:33,42.6,0.1,31,132060,买盘
1415,10:31:30,42.5,--,2,8500,卖盘
1416,10:31:24,42.5,-0.01,20,85000,卖盘
1417,10:31:21,42.51,0.01,2,8502,买盘
1418,10:31:15,42.5,-0.05,8,34000,卖盘
1419,10:31:09,42.55,-0.02,1,4255,买盘
1420,10:31:00,42.57,--,2,8514,卖盘
1421,10:30:57,42.57,-0.03,60,255420,卖盘
1422,10:30:42,42.6,--,1,4260,卖盘
1423,10:30:39,42.6,--,25,106500,卖盘
1424,10:30:36,42.6,--,2,8520,卖盘
1425,10:30:33,42.6,--,10,42600,卖盘
1426,10:30:06,42.6,--,3,12780,卖盘
1427,10:29:57,42.6,-0.01,3,12780,卖盘
1428,10:29:54,42.61,-0.09,3,12783,中性盘
1429,10:29:45,42.7,--,5,21350,卖盘
1430,10:29:42,42.7,--,16,68320,买盘
1431,10:29:33,42.7,0.03,2,8540,卖盘
1432,10:29:27,42.67,-0.05,1,4267,买盘
1433,10:29:24,42.72,0.02,73,311856,买盘
1434,10:29:09,42.7,-0.02,2,8540,买盘
1435,10:29:00,42.72,0.01,97,414384,买盘
1436,10:28:48,42.71,-0.01,1,4271,卖盘
1437,10:28:36,42.72,--,3,12816,买盘
1438,10:28:30,42.72,--,4,17088,卖盘
1439,10:28:21,42.72,-0.02,103,440016,卖盘
1440,10:28:09,42.74,--,3,12822,买盘
1441,10:28:03,42.74,--,2,8548,买盘
1442,10:28:00,42.74,--,101,431674,买盘
1443,10:27:57,42.74,-0.01,11,47014,买盘
1444,10:27:54,42.75,-0.05,3,12825,中性盘
1445,10:27:48,42.8,0.1,48,205440,买盘
1446,10:27:27,42.7,--,9,38430,买盘
1447,10:27:21,42.7,0.01,1,4270,买盘
1448,10:27:15,42.69,0.02,1,4269,买盘
1449,10:27:06,42.67,--,6,25602,买盘
1450,10:27:03,42.67,0.07,1,4267,买盘
1451,10:27:00,42.6,-0.07,3,12780,卖盘
1452,10:26:57,42.67,0.07,1,4267,买盘
1453,10:26:54,42.6,--,1,4260,卖盘
1454,10:26:51,42.6,0.1,3,12780,买盘
1455,10:26:36,42.5,-0.01,28,119000,卖盘
1456,10:26:33,42.51,--,2,8502,买盘
1457,10:26:30,42.51,--,1,4251,买盘
1458,10:26:27,42.51,0.01,1,4251,买盘
1459,10:26:24,42.5,--,5,21250,卖盘
1460,10:26:21,42.5,-0.01,106,450500,卖盘
1461,10:26:18,42.51,0.01,1,4251,买盘
1462,10:26:09,42.5,--,5,21250,卖盘
1463,10:26:06,42.5,--,31,131750,买盘
1464,10:26:03,42.5,--,19,80750,买盘
1465,10:26:00,42.5,0.02,1,4250,买盘
1466,10:25:57,42.48,-0.02,11,46728,卖盘
1467,10:25:54,42.5,--,10,42500,买盘
1468,10:25:51,42.5,-0.06,22,93500,卖盘
1469,10:25:48,42.56,0.05,28,119168,买盘
1470,10:25:45,42.51,--,3,12753,卖盘
1471,10:25:42,42.51,--,2,8502,卖盘
1472,10:25:36,42.51,0.01,20,85020,买盘
1473,10:25:33,42.5,--,10,42500,卖盘
1474,10:25:30,42.5,-0.01,19,80750,卖盘
1475,10:25:18,42.51,--,1,4251,中性盘
1476,10:25:12,42.51,-0.09,2,8502,卖盘
1477,10:25:06,42.6,--,10,42600,买盘
1478,10:25:03,42.6,0.1,1,4260,买盘
1479,10:24:57,42.5,-0.1,39,165750,卖盘
1480,10:24:51,42.6,0.1,3,12780,买盘
1481,10:24:42,42.5,-0.1,30,127500,卖盘
1482,10:24:39,42.6,--,13,57254,卖盘
1483,10:24:36,42.6,-0.08,1,4260,卖盘
1484,10:24:30,42.68,0.01,4,17072,买盘
1485,10:24:27,42.67,0.07,2,8534,中性盘
1486,10:24:21,42.6,-0.08,33,142965,卖盘
1487,10:24:15,42.68,--,1,4268,买盘
1488,10:24:12,42.68,-0.07,3,12804,卖盘
1489,10:24:09,42.75,0.05,51,218025,买盘
1490,10:24:06,42.7,0.01,1,4270,买盘
1491,10:24:00,42.69,-0.01,12,51228,卖盘
1492,10:23:57,42.7,--,2,8540,买盘
1493,10:23:51,42.7,-0.05,9,38430,卖盘
1494,10:23:48,42.75,0.01,4,17100,买盘
1495,10:23:45,42.74,-0.01,95,406030,卖盘
1496,10:23:42,42.75,--,9,38475,买盘
1497,10:23:39,42.75,--,1,4275,买盘
1498,10:23:33,42.75,--,2,8550,买盘
1499,10:23:30,42.75,--,1,4275,买盘
1500,10:23:27,42.75,-0.02,15,64125,卖盘
1501,10:23:24,42.77,-0.03,3,12831,卖盘
1502,10:23:21,42.8,--,63,269640,买盘
1503,10:23:12,42.8,0.01,12,51360,买盘
1504,10:23:09,42.79,--,0,171,卖盘
1505,10:23:03,42.79,-0.21,2,8558,卖盘
1506,10:22:48,43.0,0.22,53,232028,买盘
1507,10:22:45,42.78,0.01,8,34224,买盘
1508,10:22:42,42.77,0.02,36,153972,买盘
1509,10:22:39,42.75,--,56,239400,买盘
1510,10:22:36,42.75,-0.03,118,504621,卖盘
1511,10:22:30,42.78,--,11,47058,卖盘
1512,10:22:27,42.78,--,30,132446,买盘
1513,10:22:24,42.78,--,12,51336,买盘
1514,10:22:21,42.78,--,7,29946,买盘
1515,10:22:18,42.78,-0.07,2,8556,买盘
1516,10:22:15,42.85,-0.18,195,837717,卖盘
1517,10:22:12,43.03,--,2,10929,卖盘
1518,10:22:09,43.03,--,2,8606,卖盘
1519,10:22:03,43.03,0.04,146,630217,买盘
1520,10:22:00,42.99,0.02,15,64485,买盘
1521,10:21:51,42.97,-0.03,19,81643,卖盘
1522,10:21:48,43.0,0.01,6,25800,买盘
1523,10:21:45,42.99,-0.01,7,30093,中性盘
1524,10:21:39,43.0,0.1,112,481600,买盘
1525,10:21:36,42.9,--,15,64350,卖盘
1526,10:21:27,42.9,--,7,30030,卖盘
1527,10:21:24,42.9,--,10,42900,卖盘
1528,10:21:21,42.9,--,3,15015,买盘
1529,10:21:18,42.9,0.01,50,214500,买盘
1530,10:21:15,42.89,0.09,8,34312,买盘
1531,10:21:09,42.8,--,3,12840,卖盘
1532,10:21:06,42.8,-0.17,35,151940,卖盘
1533,10:21:03,42.97,--,1,4297,卖盘
1534,10:21:00,42.97,0.19,267,1149447,买盘
1535,10:20:57,42.78,--,1,4278,买盘
1536,10:20:54,42.78,0.02,2,8556,中性盘
1537,10:20:51,42.76,-0.04,1,4276,卖盘
1538,10:20:48,42.8,-0.1,6,27819,卖盘
1539,10:20:45,42.9,0.1,28,122265,买盘
1540,10:20:42,42.8,0.02,1,4280,卖盘
1541,10:20:36,42.78,-0.12,9,38502,买盘
1542,10:20:33,42.9,0.14,24,102960,买盘
1543,10:20:24,42.76,-0.14,1,4276,买盘
1544,10:20:21,42.9,0.21,17,72930,买盘
1545,10:20:18,42.69,-0.11,15,64035,卖盘
1546,10:20:09,42.8,-0.03,22,94160,卖盘
1547,10:20:06,42.83,-0.07,4,17132,买盘
1548,10:20:03,42.9,--,10,42900,买盘
1549,10:20:00,42.9,-0.02,10,42900,卖盘
1550,10:19:57,42.92,0.01,26,111592,买盘
1551,10:19:54,42.91,--,32,137312,卖盘
1552,10:19:51,42.91,--,14,60073,卖盘
1553,10:19:48,42.91,0.13,23,98692,买盘
1554,10:19:45,42.78,-0.12,2,8556,卖盘
1555,10:19:42,42.9,-0.01,6,25740,中性盘
1556,10:19:39,42.91,--,23,98692,买盘
1557,10:19:33,42.91,--,2,8582,买盘
1558,10:19:27,42.91,0.31,1,4291,中性盘
1559,10:19:24,42.6,0.04,2,8520,卖盘
1560,10:19:21,42.56,-0.11,200,851200,卖盘
1561,10:19:18,42.67,-0.24,12,51204,卖盘
1562,10:19:12,42.91,-0.09,9,38619,中性盘
1563,10:19:06,43.0,0.34,93,399900,买盘
1564,10:19:03,42.66,-0.25,10,42660,卖盘
1565,10:19:00,42.91,0.25,1,4291,中性盘
1566,10:18:54,42.66,-0.33,2,8532,卖盘
1567,10:18:51,42.99,0.08,10,42990,买盘
1568,10:18:45,42.91,-0.09,1,4291,买盘
1569,10:18:42,43.0,--,9,38700,买盘
1570,10:18:33,43.0,0.42,11,47300,买盘
1571,10:18:30,42.58,-0.42,8,34064,中性盘
1572,10:18:21,43.0,0.43,213,915900,买盘
1573,10:18:18,42.57,-0.21,9,38313,卖盘
1574,10:18:15,42.78,0.2,17,72726,买盘
1575,10:18:09,42.58,-0.2,2,8516,卖盘
1576,10:18:06,42.78,0.1,22,94116,买盘
1577,10:18:00,42.68,-0.1,1,4268,中性盘
1578,10:17:54,42.78,--,21,89838,买盘
1579,10:17:51,42.78,--,38,162564,买盘
1580,10:17:48,42.78,-0.02,5,21390,买盘
1581,10:17:45,42.8,-0.19,70,299600,卖盘
1582,10:17:42,42.99,-0.15,15,64485,卖盘
1583,10:17:39,43.14,0.14,4,17256,买盘
1584,10:17:36,43.0,--,7,30100,卖盘
1585,10:17:33,43.0,0.01,105,451500,买盘
1586,10:17:30,42.99,0.02,17,73083,买盘
1587,10:17:27,42.97,--,61,262117,卖盘
1588,10:17:24,42.97,--,8,34376,卖盘
1589,10:17:21,42.97,--,33,141801,卖盘
1590,10:17:18,42.97,-0.02,11,47267,中性盘
1591,10:17:12,42.99,0.02,27,116073,买盘
1592,10:17:09,42.97,0.07,3,12891,买盘
1593,10:17:06,42.9,0.02,30,128700,买盘
1594,10:17:03,42.88,-0.02,25,107200,卖盘
1595,10:16:57,42.9,--,31,132990,买盘
1596,10:16:54,42.9,0.11,25,107250,买盘
1597,10:16:51,42.79,0.01,33,141207,买盘
1598,10:16:48,42.78,-0.02,16,68448,卖盘
1599,10:16:45,42.8,--,15,64199,买盘
1600,10:16:42,42.8,0.07,9,38520,买盘
1601,10:16:36,42.73,-0.05,6,25637,卖盘
1602,10:16:33,42.78,0.05,2,8556,中性盘
1603,10:16:27,42.73,0.16,7,29910,买盘
1604,10:16:21,42.57,-0.03,34,144738,卖盘
1605,10:16:18,42.6,0.03,19,80940,中性盘
1606,10:16:12,42.57,0.02,46,195822,买盘
1607,10:16:09,42.55,-0.02,13,55314,卖盘
1608,10:16:06,42.57,--,10,42570,买盘
1609,10:16:03,42.57,0.02,10,42570,买盘
1610,10:16:00,42.55,0.05,6,25530,卖盘
1611,10:15:57,42.5,--,7,29750,买盘
1612,10:15:54,42.5,0.01,33,140250,买盘
1613,10:15:51,42.49,--,15,63735,卖盘
1614,10:15:48,42.49,0.01,9,38241,买盘
1615,10:15:45,42.48,--,3,12743,买盘
1616,10:15:42,42.48,0.08,25,106199,买盘
1617,10:15:39,42.4,--,2,8480,卖盘
1618,10:15:33,42.4,0.01,12,50880,买盘
1619,10:15:30,42.39,0.04,19,80541,买盘
1620,10:15:24,42.35,--,16,67760,卖盘
1621,10:15:21,42.35,--,18,76230,卖盘
1622,10:15:18,42.35,--,17,71995,卖盘
1623,10:15:15,42.35,0.05,53,226360,买盘
1624,10:15:12,42.3,--,4,16920,买盘
1625,10:15:09,42.3,0.01,1,4230,买盘
1626,10:15:06,42.29,-0.01,12,50748,卖盘
1627,10:15:03,42.3,--,3,12690,买盘
1628,10:15:00,42.3,--,10,42300,买盘
1629,10:14:57,42.3,0.01,21,88830,买盘
1630,10:14:54,42.29,--,1,4229,中性盘
1631,10:14:48,42.29,--,3,12687,中性盘
1632,10:14:45,42.29,-0.01,2,8458,买盘
1633,10:14:42,42.3,0.01,20,84600,买盘
1634,10:14:39,42.29,0.28,12,50748,买盘
1635,10:14:36,42.01,-0.29,12,50412,卖盘
1636,10:14:33,42.3,0.1,2,8460,买盘
1637,10:14:21,42.2,-0.04,2,8440,卖盘
1638,10:14:18,42.24,-0.06,3,12672,中性盘
1639,10:14:15,42.3,0.13,27,114209,买盘
1640,10:14:12,42.17,-0.03,10,42170,卖盘
1641,10:14:03,42.2,0.03,2,8440,买盘
1642,10:13:57,42.17,0.16,5,21085,中性盘
1643,10:13:54,42.01,-0.19,12,50412,卖盘
1644,10:13:51,42.2,0.07,13,54860,买盘
1645,10:13:48,42.13,--,2,8426,卖盘
1646,10:13:39,42.13,0.12,20,84260,买盘
1647,10:13:36,42.01,-0.09,17,71417,卖盘
1648,10:13:33,42.1,0.03,9,37890,买盘
1649,10:13:27,42.07,--,18,75726,卖盘
1650,10:13:24,42.07,--,10,42070,卖盘
1651,10:13:15,42.07,--,9,37863,卖盘
1652,10:13:12,42.07,0.01,41,172487,买盘
1653,10:13:09,42.06,0.06,5,21030,买盘
1654,10:13:06,42.0,-0.01,10,42000,卖盘
1655,10:12:39,42.01,0.01,15,64611,买盘
1656,10:12:36,42.0,0.01,88,369600,买盘
1657,10:12:30,41.99,--,10,41990,卖盘
1658,10:12:27,41.99,--,27,113373,卖盘
1659,10:12:21,41.99,0.01,18,75582,买盘
1660,10:12:15,41.98,--,2,8396,卖盘
1661,10:12:12,41.98,0.15,36,151128,买盘
1662,10:12:09,41.83,-0.14,2,8366,卖盘
1663,10:12:06,41.97,-0.01,4,16788,卖盘
1664,10:12:03,41.98,0.01,1,4198,买盘
1665,10:12:00,41.97,--,11,46167,卖盘
1666,10:11:57,41.97,--,4,16788,卖盘
1667,10:11:54,41.97,--,1,4197,卖盘
1668,10:11:51,41.97,0.17,5,20985,买盘
1669,10:11:48,41.8,--,20,83600,卖盘
1670,10:11:42,41.8,--,2,8360,卖盘
1671,10:11:33,41.8,--,1,4180,卖盘
1672,10:11:27,41.8,--,52,217359,卖盘
1673,10:11:24,41.8,--,6,25080,卖盘
1674,10:11:18,41.8,-0.2,4,16720,卖盘
1675,10:11:09,42.0,--,62,260400,买盘
1676,10:11:00,42.0,--,6,25200,买盘
1677,10:10:57,42.0,--,21,88200,买盘
1678,10:10:54,42.0,--,19,79800,卖盘
1679,10:10:51,42.0,--,19,79800,卖盘
1680,10:10:48,42.0,--,10,42000,卖盘
1681,10:10:45,42.0,--,6,25200,卖盘
1682,10:10:42,42.0,--,7,29400,卖盘
1683,10:10:39,42.0,--,2,8400,卖盘
1684,10:10:36,42.0,--,37,155400,卖盘
1685,10:10:33,42.0,--,22,92400,买盘
1686,10:10:30,42.0,--,78,327600,卖盘
1687,10:10:27,42.0,--,14,58800,卖盘
1688,10:10:24,42.0,--,147,617400,买盘
1689,10:10:21,42.0,0.2,4,16800,买盘
1690,10:10:18,41.8,-0.2,2,8360,卖盘
1691,10:10:15,42.0,--,6,25200,卖盘
1692,10:10:09,42.0,--,11,46200,卖盘
1693,10:10:06,42.0,--,29,121800,买盘
1694,10:09:51,42.0,0.2,5,21000,买盘
1695,10:09:42,41.8,-0.2,1,4180,卖盘
1696,10:09:39,42.0,--,5,21000,卖盘
1697,10:09:30,42.0,-0.07,5,21000,中性盘
1698,10:09:27,42.07,-0.01,4,16828,卖盘
1699,10:09:24,42.08,-0.02,4,16832,卖盘
1700,10:09:21,42.1,0.02,2,8420,买盘
1701,10:09:18,42.08,0.28,21,88368,买盘
1702,10:09:15,41.8,-0.27,44,183920,卖盘
1703,10:09:09,42.07,--,11,46277,买盘
1704,10:09:06,42.07,--,5,21035,买盘
1705,10:09:03,42.07,0.07,11,46277,买盘
1706,10:09:00,42.0,-0.08,3,12600,卖盘
1707,10:08:57,42.08,0.05,20,84160,买盘
1708,10:08:54,42.03,-0.05,1,4203,卖盘
1709,10:08:48,42.08,0.08,8,33664,买盘
1710,10:08:42,42.0,--,19,79800,卖盘
1711,10:08:36,42.0,0.1,61,256200,买盘
1712,10:08:24,41.9,0.1,22,92180,买盘
1713,10:08:15,41.8,--,5,20900,买盘
1714,10:08:09,41.8,--,2,8360,买盘
1715,10:08:06,41.8,0.3,3,12540,买盘
1716,10:08:03,41.5,--,35,149358,买盘
1717,10:08:00,41.5,--,2,8300,买盘
1718,10:07:57,41.5,0.03,3,12450,买盘
1719,10:07:48,41.47,0.05,1,4147,中性盘
1720,10:07:45,41.42,-0.08,1,4142,卖盘
1721,10:07:42,41.5,0.1,3,12450,买盘
1722,10:07:39,41.4,-0.07,85,351900,卖盘
1723,10:07:27,41.47,0.07,2,8294,买盘
1724,10:07:21,41.4,--,1,4140,卖盘
1725,10:07:18,41.4,--,1,4140,卖盘
1726,10:07:15,41.4,--,27,111780,卖盘
1727,10:07:09,41.4,--,13,53820,卖盘
1728,10:07:03,41.4,--,6,24840,买盘
1729,10:06:51,41.4,-0.07,6,24840,卖盘
1730,10:06:48,41.47,0.04,28,116116,买盘
1731,10:06:42,41.43,-0.01,3,12429,中性盘
1732,10:06:36,41.44,0.07,5,20720,买盘
1733,10:06:33,41.37,-0.03,10,41370,卖盘
1734,10:06:27,41.4,--,2,8280,卖盘
1735,10:06:24,41.4,--,3,12420,卖盘
1736,10:06:18,41.4,-0.08,6,24840,卖盘
1737,10:06:12,41.48,0.08,50,207399,买盘
1738,10:06:06,41.4,--,5,20700,卖盘
1739,10:06:03,41.4,-0.07,11,45540,卖盘
1740,10:05:54,41.47,0.11,17,70499,买盘
1741,10:05:51,41.36,-0.11,2,8272,买盘
1742,10:05:45,41.47,0.07,43,178321,买盘
1743,10:05:39,41.4,0.04,4,16560,卖盘
1744,10:05:36,41.36,-0.01,7,28952,卖盘
1745,10:05:27,41.37,-0.13,27,111699,中性盘
1746,10:05:24,41.5,0.1,150,622500,买盘
1747,10:05:21,41.4,0.04,12,49680,买盘
1748,10:05:18,41.36,-0.12,10,41360,卖盘
1749,10:05:06,41.48,0.03,20,82960,买盘
1750,10:05:03,41.45,0.03,50,207250,买盘
1751,10:05:00,41.42,--,3,12426,卖盘
1752,10:04:57,41.42,--,31,128402,卖盘
1753,10:04:54,41.42,-0.03,1,4142,卖盘
1754,10:04:51,41.45,0.03,1,4145,买盘
1755,10:04:48,41.42,0.04,15,62130,中性盘
1756,10:04:39,41.38,-0.07,44,182072,卖盘
1757,10:04:36,41.45,--,18,74610,买盘
1758,10:04:33,41.45,--,3,12435,买盘
1759,10:04:30,41.45,0.05,141,584445,买盘
1760,10:04:27,41.4,-0.09,7,28980,卖盘
1761,10:04:24,41.49,0.04,62,257238,买盘
1762,10:04:21,41.45,--,3,12435,买盘
1763,10:04:15,41.45,0.05,5,20725,买盘
1764,10:04:12,41.4,-0.06,2,8280,卖盘
1765,10:04:09,41.46,--,5,20730,买盘
1766,10:04:03,41.46,0.06,2,8292,买盘
1767,10:03:57,41.4,--,2,8280,卖盘
1768,10:03:54,41.4,0.05,45,186300,买盘
1769,10:03:48,41.35,--,1,4135,卖盘
1770,10:03:45,41.35,--,5,20675,卖盘
1771,10:03:39,41.35,0.35,25,103375,买盘
1772,10:03:33,41.0,0.05,1,4100,买盘
1773,10:03:24,40.95,-0.05,20,81900,卖盘
1774,10:03:21,41.0,0.05,20,82000,买盘
1775,10:03:18,40.95,-0.03,1,4095,中性盘
1776,10:03:15,40.98,0.03,2,8196,买盘
1777,10:03:12,40.95,--,1,4095,买盘
1778,10:03:06,40.95,0.01,2,8190,买盘
1779,10:03:03,40.94,0.04,2,8188,买盘
1780,10:03:00,40.9,--,1,4090,卖盘
1781,10:02:57,40.9,0.07,80,327200,买盘
1782,10:02:54,40.83,0.03,7,28581,买盘
1783,10:02:42,40.8,0.15,58,236639,买盘
1784,10:02:39,40.65,0.05,5,20325,买盘
1785,10:02:27,40.6,--,1,4060,卖盘
1786,10:02:24,40.6,0.05,7,28420,买盘
1787,10:02:21,40.55,0.03,5,20275,中性盘
1788,10:02:15,40.52,-0.03,14,56728,卖盘
1789,10:02:12,40.55,--,2,8109,买盘
1790,10:02:06,40.55,0.01,113,458214,买盘
1791,10:02:03,40.54,--,3,12162,买盘
1792,10:02:00,40.54,-0.01,2,8108,中性盘
1793,10:01:54,40.55,--,6,24330,买盘
1794,10:01:39,40.55,--,1,4054,买盘
1795,10:01:36,40.55,0.01,25,101375,买盘
1796,10:01:33,40.54,-0.01,1,4054,卖盘
1797,10:01:27,40.55,--,12,48660,买盘
1798,10:01:18,40.55,--,84,340620,买盘
1799,10:01:15,40.55,--,2,8109,买盘
1800,10:01:12,40.55,--,11,44605,买盘
1801,10:01:06,40.55,-0.02,326,1321930,卖盘
1802,10:00:51,40.57,0.02,1,4057,中性盘
1803,10:00:15,40.55,--,9,36495,卖盘
1804,10:00:12,40.55,--,1,4054,卖盘
1805,10:00:06,40.55,-0.1,1,4054,卖盘
1806,09:59:45,40.65,0.1,1,4065,买盘
1807,09:59:42,40.55,--,2,8109,卖盘
1808,09:59:36,40.55,0.05,35,141925,买盘
1809,09:59:30,40.5,--,11,44550,卖盘
1810,09:59:24,40.5,0.09,12,48600,买盘
1811,09:59:15,40.41,-0.05,1,4040,卖盘
1812,09:59:06,40.46,0.13,4,16184,买盘
1813,09:58:57,40.33,-0.08,11,44363,卖盘
1814,09:58:48,40.41,-0.1,3,12122,中性盘
1815,09:58:42,40.51,0.16,10,40510,买盘
1816,09:58:39,40.35,0.02,2,8070,中性盘
1817,09:58:24,40.33,-0.07,27,108891,卖盘
1818,09:58:12,40.4,-0.08,1,4040,中性盘
1819,09:58:03,40.48,0.06,20,80960,买盘
1820,09:58:00,40.42,0.11,100,404200,买盘
1821,09:57:51,40.31,-0.09,28,112868,卖盘
1822,09:57:45,40.4,-0.01,1,4040,卖盘
1823,09:57:39,40.41,--,1,4040,买盘
1824,09:57:36,40.41,--,2,8081,买盘
1825,09:57:33,40.41,--,1,4040,卖盘
1826,09:57:27,40.41,-0.01,2,8081,卖盘
1827,09:57:18,40.42,-0.02,1,4042,卖盘
1828,09:57:15,40.44,--,1,4044,买盘
1829,09:57:09,40.44,--,2,8088,买盘
1830,09:57:06,40.44,-0.01,3,12132,买盘
1831,09:56:54,40.45,-0.03,35,141575,卖盘
1832,09:56:51,40.48,-0.02,1,4047,中性盘
1833,09:56:45,40.5,--,12,48600,买盘
1834,09:56:42,40.5,--,222,899100,买盘
1835,09:56:39,40.5,--,7,28350,买盘
1836,09:56:33,40.5,-0.02,85,346680,卖盘
1837,09:56:27,40.52,-0.23,2,8104,卖盘
1838,09:56:18,40.75,0.22,42,171150,买盘
1839,09:56:15,40.53,--,5,20265,买盘
1840,09:56:12,40.53,-0.24,65,263445,卖盘
1841,09:56:03,40.77,0.12,13,53001,买盘
1842,09:56:00,40.65,-0.14,1,4065,卖盘
1843,09:55:54,40.79,0.02,9,36711,买盘
1844,09:55:51,40.77,-0.02,9,36693,卖盘
1845,09:55:48,40.79,-0.01,10,40790,中性盘
1846,09:55:39,40.8,0.03,2,8159,买盘
1847,09:55:24,40.77,0.07,7,28539,买盘
1848,09:55:21,40.7,--,1,4070,卖盘
1849,09:55:18,40.7,--,16,65120,买盘
1850,09:55:12,40.7,--,1,4070,买盘
1851,09:55:09,40.7,--,9,36630,买盘
1852,09:55:06,40.7,--,23,93610,卖盘
1853,09:54:51,40.7,-0.07,3,12210,卖盘
1854,09:54:48,40.77,0.07,1,4077,买盘
1855,09:54:45,40.7,-0.01,1,4070,卖盘
1856,09:54:42,40.71,0.01,1,4071,中性盘
1857,09:54:33,40.7,-0.01,1,4070,卖盘
1858,09:54:30,40.71,0.01,3,12213,买盘
1859,09:54:12,40.7,--,5,20350,买盘
1860,09:54:06,40.7,0.2,1,4070,买盘
1861,09:54:00,40.5,-0.01,2,8100,卖盘
1862,09:53:48,40.51,0.01,4,16204,中性盘
1863,09:53:42,40.5,0.02,4,17820,买盘
1864,09:53:39,40.48,0.03,1,4047,中性盘
1865,09:53:27,40.45,-0.05,1,4045,卖盘
1866,09:53:24,40.5,0.05,120,486000,买盘
1867,09:53:21,40.45,--,1,4045,卖盘
1868,09:53:18,40.45,0.05,10,42472,买盘
1869,09:53:12,40.4,--,4,16160,卖盘
1870,09:53:09,40.4,--,2,8080,卖盘
1871,09:53:00,40.4,--,4,16160,卖盘
1872,09:52:51,40.4,-0.05,1,4040,卖盘
1873,09:52:48,40.45,0.05,150,606750,买盘
1874,09:52:42,40.4,--,31,125240,卖盘
1875,09:52:36,40.4,--,1,4040,卖盘
1876,09:52:33,40.4,-0.05,1,4040,卖盘
1877,09:52:21,40.45,0.05,247,999115,买盘
1878,09:52:15,40.4,-0.05,14,56560,卖盘
1879,09:51:57,40.45,--,50,202250,买盘
1880,09:51:36,40.45,--,2,8090,买盘
1881,09:51:33,40.45,0.01,3,12135,买盘
1882,09:51:30,40.44,--,14,56616,买盘
1883,09:51:24,40.44,--,4,16176,卖盘
1884,09:51:21,40.44,-0.01,1,4044,卖盘
1885,09:51:12,40.45,0.07,14,56630,买盘
1886,09:51:09,40.38,0.03,1,4038,卖盘
1887,09:51:06,40.35,-0.1,20,80700,卖盘
1888,09:51:03,40.45,--,5,22247,卖盘
1889,09:50:51,40.45,--,34,137530,卖盘
1890,09:50:48,40.45,--,9,36405,卖盘
1891,09:50:42,40.45,0.14,171,693717,买盘
1892,09:50:36,40.31,-0.09,30,120930,卖盘
1893,09:50:30,40.4,0.05,12,48480,买盘
1894,09:50:27,40.35,-0.05,1,4035,卖盘
1895,09:50:24,40.4,0.05,5,20200,买盘
1896,09:50:18,40.35,-0.05,58,234030,卖盘
1897,09:50:15,40.4,--,4,16160,买盘
1898,09:50:12,40.4,-0.01,36,147460,卖盘
1899,09:50:00,40.41,--,3,12122,买盘
1900,09:49:57,40.41,-0.05,344,1390103,卖盘
1901,09:49:51,40.46,-0.02,6,24276,卖盘
1902,09:49:45,40.48,--,1,4047,中性盘
1903,09:49:33,40.48,-0.02,1,4047,卖盘
1904,09:49:27,40.5,--,7,28350,买盘
1905,09:49:24,40.5,--,1,4050,买盘
1906,09:49:21,40.5,--,10,40500,买盘
1907,09:49:12,40.5,0.02,13,52650,买盘
1908,09:49:09,40.48,-0.02,6,24287,卖盘
1909,09:49:03,40.5,--,1,4050,买盘
1910,09:49:00,40.5,0.01,25,101250,买盘
1911,09:48:57,40.49,--,5,20245,卖盘
1912,09:48:54,40.49,0.01,11,44539,买盘
1913,09:48:48,40.48,0.03,1,4047,买盘
1914,09:48:45,40.45,--,148,598660,卖盘
1915,09:48:36,40.45,--,19,76855,卖盘
1916,09:48:33,40.45,-0.05,14,56630,卖盘
1917,09:48:30,40.5,0.09,5,20250,买盘
1918,09:48:15,40.41,-0.09,19,76779,卖盘
1919,09:48:12,40.5,--,89,360450,卖盘
1920,09:48:03,40.5,--,17,68850,卖盘
1921,09:47:57,40.5,0.05,111,449550,买盘
1922,09:47:54,40.45,0.04,6,24270,中性盘
1923,09:47:48,40.41,-0.08,30,121229,卖盘
1924,09:47:45,40.49,--,2,8098,买盘
1925,09:47:39,40.49,--,5,20245,买盘
1926,09:47:33,40.49,--,3,12147,买盘
1927,09:47:27,40.49,-0.01,1,4049,卖盘
1928,09:47:12,40.5,-0.16,10,40500,卖盘
1929,09:47:06,40.66,0.14,146,593636,买盘
1930,09:47:03,40.52,0.01,1,4052,买盘
1931,09:47:00,40.51,-0.15,4,16204,卖盘
1932,09:46:57,40.66,--,4,16263,买盘
1933,09:46:51,40.66,--,2,8131,买盘
1934,09:46:48,40.66,-0.01,4,16263,买盘
1935,09:46:45,40.67,--,39,158613,买盘
1936,09:46:39,40.67,0.01,4,16268,中性盘
1937,09:46:33,40.66,-0.01,6,24395,卖盘
1938,09:46:30,40.67,--,3,12201,卖盘
1939,09:46:27,40.67,-0.03,87,353829,卖盘
1940,09:46:15,40.7,--,10,40700,买盘
1941,09:46:12,40.7,--,5,20350,买盘
1942,09:46:06,40.7,0.03,53,215710,买盘
1943,09:46:03,40.67,-0.03,3,12201,买盘
1944,09:46:00,40.7,0.04,15,61050,卖盘
1945,09:45:57,40.66,-0.09,48,195167,卖盘
1946,09:45:51,40.75,0.02,6,24450,买盘
1947,09:45:42,40.73,--,12,48875,买盘
1948,09:45:39,40.73,-0.06,125,511568,卖盘
1949,09:45:30,40.79,--,153,624087,买盘
1950,09:45:24,40.79,-0.01,49,199871,卖盘
1951,09:45:18,40.8,0.01,1,4079,中性盘
1952,09:45:12,40.79,-0.01,67,273293,卖盘
1953,09:45:09,40.8,0.01,8,32639,买盘
1954,09:45:06,40.79,--,147,599613,卖盘
1955,09:45:03,40.79,-0.01,28,114212,卖盘
1956,09:45:00,40.8,0.01,10,40800,买盘
1957,09:44:57,40.79,0.05,64,261056,买盘
1958,09:44:54,40.74,-0.05,12,48888,中性盘
1959,09:44:48,40.79,--,1,4079,买盘
1960,09:44:45,40.79,-0.01,7,28553,买盘
1961,09:44:42,40.8,0.07,2,8159,买盘
1962,09:44:39,40.73,-0.07,2,8145,卖盘
1963,09:44:36,40.8,0.07,33,134640,买盘
1964,09:44:33,40.73,--,6,24437,卖盘
1965,09:44:30,40.73,0.06,30,123819,买盘
1966,09:44:27,40.67,0.01,16,65072,买盘
1967,09:44:24,40.66,--,15,60989,卖盘
1968,09:44:18,40.66,--,20,81320,卖盘
1969,09:44:15,40.66,--,9,36594,卖盘
1970,09:44:09,40.66,0.08,17,69122,买盘
1971,09:44:06,40.58,0.06,16,64928,买盘
1972,09:44:03,40.52,--,2,8104,卖盘
1973,09:44:00,40.52,-0.14,10,40520,卖盘
1974,09:43:57,40.66,0.07,6,24395,买盘
1975,09:43:54,40.59,-0.07,3,12177,中性盘
1976,09:43:48,40.66,0.14,1,4065,买盘
1977,09:43:42,40.52,-0.06,3,12156,卖盘
1978,09:43:39,40.58,--,8,32464,卖盘
1979,09:43:36,40.58,0.06,10,40580,买盘
1980,09:43:24,40.52,0.02,2,8104,卖盘
1981,09:43:21,40.5,0.05,41,166050,买盘
1982,09:43:18,40.45,-0.05,2,8090,卖盘
1983,09:43:12,40.5,--,14,56700,买盘
1984,09:43:06,40.5,--,6,24300,卖盘
1985,09:43:00,40.5,--,9,36450,卖盘
1986,09:42:57,40.5,--,9,36450,买盘
1987,09:42:51,40.5,0.1,2,8100,买盘
1988,09:42:42,40.4,--,3,12120,卖盘
1989,09:42:39,40.4,0.05,67,272700,买盘
1990,09:42:33,40.35,--,17,68595,买盘
1991,09:42:24,40.35,0.25,6,24210,买盘
1992,09:42:21,40.1,--,28,112280,卖盘
1993,09:42:15,40.1,--,7,28070,卖盘
1994,09:42:09,40.1,-0.21,5,20050,卖盘
1995,09:42:03,40.31,0.3,10,40310,买盘
1996,09:42:00,40.01,--,15,60015,卖盘
1997,09:41:57,40.01,--,13,52013,卖盘
1998,09:41:54,40.01,--,10,40010,卖盘
1999,09:41:51,40.01,--,2,8002,卖盘
2000,09:41:48,40.01,--,20,80020,卖盘
2001,09:41:45,40.01,--,4,16004,卖盘
2002,09:41:42,40.01,--,10,40010,卖盘
2003,09:41:39,40.01,--,33,132033,卖盘
2004,09:41:36,40.01,0.01,18,74578,买盘
2005,09:41:33,40.0,0.01,363,1452000,中性盘
2006,09:41:30,39.99,-0.02,9,35991,卖盘
2007,09:41:27,40.01,0.01,10,40010,买盘
2008,09:41:24,40.0,-0.01,2,8000,买盘
2009,09:41:21,40.01,--,5,20005,买盘
2010,09:41:18,40.01,0.02,10,40010,买盘
2011,09:41:15,39.99,-0.01,10,39990,卖盘
2012,09:41:12,40.0,-0.01,6,24000,卖盘
2013,09:41:09,40.01,--,8,32008,买盘
2014,09:41:03,40.01,--,12,48012,买盘
2015,09:40:57,40.01,-0.02,29,116029,卖盘
2016,09:40:54,40.03,--,147,588441,买盘
2017,09:40:51,40.03,0.02,1,4003,买盘
2018,09:40:48,40.01,--,3,12003,卖盘
2019,09:40:45,40.01,-0.02,48,192048,卖盘
2020,09:40:42,40.03,0.02,11,44033,买盘
2021,09:40:39,40.01,-0.02,2,8002,卖盘
2022,09:40:36,40.03,-0.17,21,84063,卖盘
2023,09:40:27,40.2,0.17,2,8040,买盘
2024,09:40:24,40.03,-0.21,12,48036,卖盘
2025,09:40:18,40.24,0.04,7,28168,买盘
2026,09:40:15,40.2,--,15,60300,买盘
2027,09:40:12,40.2,-0.02,15,60300,卖盘
2028,09:40:09,40.22,-0.03,5,20110,卖盘
2029,09:40:06,40.25,0.01,4,16100,买盘
2030,09:40:03,40.24,-0.01,21,84504,卖盘
2031,09:40:00,40.25,-0.06,4,16100,买盘
2032,09:39:57,40.31,-0.09,77,310387,卖盘
2033,09:39:54,40.4,0.09,1,4040,买盘
2034,09:39:51,40.31,--,4,16124,买盘
2035,09:39:48,40.31,0.07,39,157209,买盘
2036,09:39:45,40.24,-0.07,3,12072,买盘
2037,09:39:42,40.31,-0.04,3,12093,卖盘
2038,09:39:39,40.35,0.04,7,28245,买盘
2039,09:39:36,40.31,--,2,8062,卖盘
2040,09:39:33,40.31,--,2,8062,卖盘
2041,09:39:27,40.31,-0.01,7,28217,卖盘
2042,09:39:24,40.32,0.01,4,16128,买盘
2043,09:39:21,40.31,-0.01,2,8062,买盘
2044,09:39:18,40.32,0.12,23,92736,买盘
2045,09:39:12,40.2,--,4,16080,买盘
2046,09:39:09,40.2,--,39,156780,买盘
2047,09:39:06,40.2,-0.11,4,16080,中性盘
2048,09:39:00,40.31,0.36,20,80821,买盘
2049,09:38:57,39.95,0.07,2,7990,卖盘
2050,09:38:54,39.88,0.04,3,11964,卖盘
2051,09:38:51,39.84,--,3,11952,卖盘
2052,09:38:48,39.84,0.04,45,179280,买盘
2053,09:38:45,39.8,-0.04,22,87560,卖盘
2054,09:38:42,39.84,--,4,15936,卖盘
2055,09:38:39,39.84,0.04,6,23904,买盘
2056,09:38:33,39.8,0.1,6,23880,中性盘
2057,09:38:30,39.7,-0.12,23,91310,卖盘
2058,09:38:27,39.82,0.19,54,215028,买盘
2059,09:38:24,39.63,-0.02,29,114927,卖盘
2060,09:38:21,39.65,0.02,6,23790,卖盘
2061,09:38:18,39.63,--,5,19815,卖盘
2062,09:38:15,39.63,0.05,19,75297,买盘
2063,09:38:12,39.58,-0.02,62,245396,卖盘
2064,09:38:09,39.6,0.02,15,59400,买盘
2065,09:38:06,39.58,--,80,316640,买盘
2066,09:38:03,39.58,--,7,27706,买盘
2067,09:38:00,39.58,--,27,106866,卖盘
2068,09:37:57,39.58,--,21,83118,卖盘
2069,09:37:54,39.58,--,9,35622,卖盘
2070,09:37:51,39.58,-0.12,36,142488,卖盘
2071,09:37:48,39.7,0.12,38,150860,买盘
2072,09:37:45,39.58,-0.02,29,114782,卖盘
2073,09:37:42,39.6,-0.1,19,75240,卖盘
2074,09:37:39,39.7,--,11,43670,买盘
2075,09:37:36,39.7,-0.13,32,127040,卖盘
2076,09:37:33,39.83,0.1,100,398300,买盘
2077,09:37:30,39.73,-0.07,47,186730,卖盘
2078,09:37:27,39.8,-0.03,10,39800,中性盘
2079,09:37:24,39.83,0.04,134,533722,买盘
2080,09:37:21,39.79,-0.04,1,3979,卖盘
2081,09:37:18,39.83,--,4,15932,买盘
2082,09:37:15,39.83,-0.17,28,111524,卖盘
2083,09:37:12,40.0,--,135,540000,买盘
2084,09:37:09,40.0,0.07,57,228000,买盘
2085,09:37:06,39.93,-0.07,22,87846,卖盘
2086,09:37:03,40.0,-0.02,78,312000,卖盘
2087,09:37:00,40.02,-0.04,3,12006,卖盘
2088,09:36:57,40.06,0.06,42,168252,买盘
2089,09:36:54,40.0,-0.02,40,160000,中性盘
2090,09:36:51,40.02,-0.01,315,1260630,卖盘
2091,09:36:48,40.03,--,7,28021,买盘
2092,09:36:42,40.03,0.02,34,136102,中性盘
2093,09:36:39,40.01,-0.03,97,388097,卖盘
2094,09:36:36,40.04,--,45,180180,卖盘
2095,09:36:33,40.04,0.03,88,352352,买盘
2096,09:36:30,40.01,-0.02,14,59814,卖盘
2097,09:36:27,40.03,-0.01,19,76057,卖盘
2098,09:36:24,40.04,0.01,7,28028,中性盘
2099,09:36:21,40.03,--,12,48036,卖盘
2100,09:36:18,40.03,-0.28,3,12009,卖盘
2101,09:36:15,40.31,-0.01,54,217674,卖盘
2102,09:36:12,40.32,0.01,28,112896,卖盘
2103,09:36:09,40.31,-0.02,6,24186,卖盘
2104,09:36:06,40.33,--,5,20165,买盘
2105,09:36:03,40.33,0.02,24,96792,买盘
2106,09:36:00,40.31,0.28,3,12093,买盘
2107,09:35:57,40.03,-0.32,120,480360,卖盘
2108,09:35:54,40.35,0.04,3,12105,买盘
2109,09:35:51,40.31,-0.02,52,209612,卖盘
2110,09:35:48,40.33,--,21,84693,卖盘
2111,09:35:45,40.33,-0.05,18,72594,卖盘
2112,09:35:42,40.38,--,4,16152,买盘
2113,09:35:39,40.38,0.05,27,109026,买盘
2114,09:35:36,40.33,-0.05,4,16132,卖盘
2115,09:35:33,40.38,-0.02,42,169596,卖盘
2116,09:35:30,40.4,--,23,92920,买盘
2117,09:35:27,40.4,--,70,282800,买盘
2118,09:35:24,40.4,--,11,44440,买盘
2119,09:35:21,40.4,--,46,185840,卖盘
2120,09:35:18,40.4,-0.05,56,226240,卖盘
2121,09:35:15,40.45,0.05,11,44495,买盘
2122,09:35:12,40.4,--,142,573680,卖盘
2123,09:35:09,40.4,-0.05,2,8080,卖盘
2124,09:35:06,40.45,0.05,6,24270,买盘
2125,09:35:03,40.4,-0.02,15,60600,卖盘
2126,09:35:00,40.42,-0.03,63,254646,卖盘
2127,09:34:57,40.45,-0.25,2,8090,卖盘
2128,09:34:54,40.7,0.3,109,443630,买盘
2129,09:34:51,40.4,--,11,44440,卖盘
2130,09:34:48,40.4,-0.31,193,779720,卖盘
2131,09:34:45,40.71,0.01,3,12213,买盘
2132,09:34:42,40.7,0.03,9,36630,买盘
2133,09:34:39,40.67,0.27,5,20335,买盘
2134,09:34:36,40.4,-0.42,6,24240,卖盘
2135,09:34:33,40.82,--,6,24492,买盘
2136,09:34:30,40.82,-0.13,132,540293,卖盘
2137,09:34:27,40.95,-0.05,24,100900,卖盘
2138,09:34:24,41.0,--,18,73800,卖盘
2139,09:34:21,41.0,0.05,11,45100,中性盘
2140,09:34:18,40.95,--,9,36855,卖盘
2141,09:34:15,40.95,-0.05,90,368550,卖盘
2142,09:34:12,41.0,--,15,61500,买盘
2143,09:34:09,41.0,0.02,4,16400,买盘
2144,09:34:06,40.98,0.03,1,4098,买盘
2145,09:34:03,40.95,-0.12,421,1723995,卖盘
2146,09:34:00,41.07,--,5,20535,卖盘
2147,09:33:57,41.07,0.06,17,69819,买盘
2148,09:33:54,41.01,0.01,33,135333,买盘
2149,09:33:51,41.0,-0.01,26,106600,卖盘
2150,09:33:48,41.01,--,13,53313,卖盘
2151,09:33:45,41.01,--,19,77919,卖盘
2152,09:33:33,41.01,-0.09,51,209151,卖盘
2153,09:33:30,41.1,0.01,44,180840,买盘
2154,09:33:27,41.09,--,3,12327,买盘
2155,09:33:24,41.09,0.01,4,16436,中性盘
2156,09:33:21,41.08,-0.02,9,36972,卖盘
2157,09:33:18,41.1,--,5,20550,买盘
2158,09:33:15,41.1,-0.06,1,4110,中性盘
2159,09:33:12,41.16,0.06,6,24695,买盘
2160,09:33:09,41.1,0.02,14,57540,买盘
2161,09:33:06,41.08,-0.1,33,135564,卖盘
2162,09:33:00,41.18,0.08,1,4118,买盘
2163,09:32:57,41.1,--,1,4110,卖盘
2164,09:32:54,41.1,-0.05,5,20550,卖盘
2165,09:32:51,41.15,-0.03,22,90530,中性盘
2166,09:32:48,41.18,0.1,23,94714,买盘
2167,09:32:45,41.08,-0.1,8,32864,卖盘
2168,09:32:42,41.18,0.09,5,20590,买盘
2169,09:32:39,41.09,-0.09,5,20545,卖盘
2170,09:32:36,41.18,0.05,30,123540,买盘
2171,09:32:27,41.13,-0.06,16,65808,中性盘
2172,09:32:24,41.19,--,27,111213,买盘
2173,09:32:18,41.19,0.11,2,8238,买盘
2174,09:32:15,41.08,0.07,3,12324,中性盘
2175,09:32:12,41.01,-0.29,19,77919,卖盘
2176,09:32:09,41.3,--,2,8260,买盘
2177,09:32:06,41.3,0.11,4,16520,买盘
2178,09:32:03,41.19,0.89,9,37071,中性盘
2179,09:32:00,40.3,--,8,32239,卖盘
2180,09:31:57,40.3,-0.79,210,846299,卖盘
2181,09:31:54,41.09,-0.09,15,61635,卖盘
2182,09:31:51,41.18,0.09,6,24708,买盘
2183,09:31:48,41.09,0.01,65,267906,买盘
2184,09:31:42,41.08,--,1,4108,买盘
2185,09:31:39,41.08,0.07,3,12324,中性盘
2186,09:31:33,41.01,-0.08,75,307575,卖盘
2187,09:31:30,41.09,--,37,152033,买盘
2188,09:31:24,41.09,0.08,5,20545,买盘
2189,09:31:21,41.01,-0.04,34,139434,卖盘
2190,09:31:18,41.05,0.04,14,57469,中性盘
2191,09:31:15,41.01,--,3,12303,卖盘
2192,09:31:12,41.01,--,28,118313,卖盘
2193,09:31:09,41.01,--,34,139434,卖盘
2194,09:31:06,41.01,-0.08,1,4101,卖盘
2195,09:31:03,41.09,0.08,52,213668,买盘
2196,09:31:00,41.01,-0.04,40,164040,卖盘
2197,09:30:57,41.05,--,19,77995,买盘
2198,09:30:51,41.05,--,91,373555,卖盘
2199,09:30:48,41.05,-0.03,2,8210,卖盘
2200,09:30:45,41.08,-0.22,5,20540,卖盘
2201,09:30:39,41.3,--,19,78470,卖盘
2202,09:30:36,41.3,0.21,59,243669,买盘
2203,09:30:33,41.09,-0.01,2,8218,卖盘
2204,09:30:30,41.1,0.01,30,123300,买盘
2205,09:30:27,41.09,-0.01,5,20545,卖盘
2206,09:30:24,41.1,-0.2,10,41100,卖盘
2207,09:30:21,41.3,0.02,5,20650,买盘
2208,09:30:18,41.28,0.18,4,16512,中性盘
2209,09:30:15,41.1,-0.2,4,16440,卖盘
2210,09:30:12,41.3,--,58,239539,买盘
2211,09:30:09,41.3,0.11,123,507989,买盘
2212,09:30:06,41.19,-0.01,97,399543,中性盘
2213,09:30:03,41.2,-0.14,291,1198920,卖盘
2214,09:30:00,41.34,--,0,0,买盘
2215,09:25:03,41.34,41.34,104,429936,买盘
