,time,price,change,volume,amount,type
0,15:00:03,3.66,-0.02,2742,1003572,卖盘
1,14:57:00,3.68,0.01,173,63664,买盘
2,14:56:57,3.67,--,29,10643,卖盘
3,14:56:54,3.67,-0.01,9,3303,卖盘
4,14:56:48,3.68,--,81,29808,买盘
5,14:56:45,3.68,0.01,53,19504,买盘
6,14:56:42,3.67,-0.01,60,22020,卖盘
7,14:56:39,3.68,--,3,1104,买盘
8,14:56:36,3.68,--,114,41952,买盘
9,14:56:27,3.68,0.01,699,257232,买盘
10,14:56:24,3.67,--,12,4404,卖盘
11,14:56:21,3.67,-0.01,26,9542,卖盘
12,14:56:15,3.68,--,3,1104,买盘
13,14:56:12,3.68,0.01,3,1104,买盘
14,14:56:06,3.67,--,4,1468,卖盘
15,14:56:03,3.67,--,16,5872,卖盘
16,14:56:00,3.67,--,8,2936,卖盘
17,14:55:54,3.67,--,38,13946,卖盘
18,14:55:48,3.67,--,218,80006,卖盘
19,14:55:42,3.67,--,32,11744,卖盘
20,14:55:36,3.67,--,100,36700,卖盘
21,14:55:30,3.67,-0.01,30,11010,卖盘
22,14:55:27,3.68,--,5,1840,买盘
23,14:55:24,3.68,0.01,4,1472,买盘
24,14:55:21,3.67,--,186,68262,卖盘
25,14:55:18,3.67,--,18,6606,卖盘
26,14:55:15,3.67,--,28,10276,卖盘
27,14:55:12,3.67,--,3,1101,卖盘
28,14:55:09,3.67,--,157,57619,卖盘
29,14:55:06,3.67,--,16,5872,卖盘
30,14:54:54,3.67,-0.01,54,19818,卖盘
31,14:54:51,3.68,--,10,3680,买盘
32,14:54:45,3.68,0.01,2,736,买盘
33,14:54:42,3.67,--,130,47710,卖盘
34,14:54:33,3.67,-0.01,170,62390,卖盘
35,14:54:24,3.68,0.01,105,38640,买盘
36,14:54:21,3.67,--,100,36700,卖盘
37,14:54:12,3.67,-0.01,1106,405902,卖盘
38,14:54:09,3.68,0.01,1,368,买盘
39,14:54:06,3.67,-0.01,846,310482,卖盘
40,14:54:03,3.68,0.01,1,368,买盘
41,14:53:54,3.67,--,80,29360,卖盘
42,14:53:45,3.67,-0.01,452,165884,卖盘
43,14:53:36,3.68,--,46,16928,买盘
44,14:53:30,3.68,0.01,2,736,买盘
45,14:53:27,3.67,--,85,31195,卖盘
46,14:53:24,3.67,--,15,5505,卖盘
47,14:53:21,3.67,-0.01,41,15047,卖盘
48,14:53:18,3.68,0.01,3,1104,买盘
49,14:53:15,3.67,-0.01,20,7340,卖盘
50,14:53:12,3.68,0.01,14,5152,买盘
51,14:53:00,3.67,-0.01,60,22020,卖盘
52,14:52:51,3.68,0.01,2,736,买盘
53,14:52:48,3.67,-0.01,3,1101,卖盘
54,14:52:45,3.68,--,10,3680,买盘
55,14:52:36,3.68,0.01,1,368,买盘
56,14:52:33,3.67,-0.01,203,74501,卖盘
57,14:52:18,3.68,--,941,346644,卖盘
58,14:52:15,3.68,-0.01,50,18400,卖盘
59,14:52:12,3.69,0.01,50,18450,买盘
60,14:52:09,3.68,-0.01,108,39744,卖盘
61,14:52:06,3.69,0.01,25,9225,买盘
62,14:52:03,3.68,-0.01,1,368,卖盘
63,14:52:00,3.69,0.01,100,36900,买盘
64,14:51:54,3.68,--,2,736,卖盘
65,14:51:51,3.68,--,215,79120,卖盘
66,14:51:48,3.68,-0.01,40,14720,卖盘
67,14:51:45,3.69,0.01,9,3321,买盘
68,14:51:42,3.68,-0.01,14,5516,卖盘
69,14:51:36,3.69,0.01,105,38745,买盘
70,14:51:27,3.68,--,14,5152,卖盘
71,14:51:24,3.68,-0.01,0,14,卖盘
72,14:51:18,3.69,0.01,100,36900,买盘
73,14:51:15,3.68,--,4,1472,卖盘
74,14:51:12,3.68,--,36,13248,卖盘
75,14:51:09,3.68,--,44,16192,卖盘
76,14:51:06,3.68,--,144,52992,卖盘
77,14:51:03,3.68,--,3,1104,卖盘
78,14:50:57,3.68,--,106,39008,卖盘
79,14:50:54,3.68,--,277,101936,卖盘
80,14:50:42,3.68,-0.01,6,2208,卖盘
81,14:50:36,3.69,0.01,132,48708,买盘
82,14:50:27,3.68,-0.01,10,3680,卖盘
83,14:50:18,3.69,--,20,7380,买盘
84,14:50:15,3.69,0.01,50,18450,买盘
85,14:50:12,3.68,-0.01,443,163024,卖盘
86,14:50:09,3.69,0.01,6,2214,买盘
87,14:50:00,3.68,-0.01,158,58144,卖盘
88,14:49:54,3.69,--,5,1845,卖盘
89,14:49:51,3.69,--,7,2583,卖盘
90,14:49:42,3.69,-0.01,109,40221,卖盘
91,14:49:33,3.7,0.01,33,12210,买盘
92,14:49:27,3.69,-0.01,20,7380,卖盘
93,14:49:24,3.7,0.01,4,1480,买盘
94,14:49:12,3.69,-0.01,80,29520,卖盘
95,14:49:00,3.7,0.01,34,12580,买盘
96,14:48:45,3.69,0.01,451,166419,买盘
97,14:48:42,3.68,-0.01,1336,491648,卖盘
98,14:48:39,3.69,--,105,38745,买盘
99,14:48:36,3.69,--,21,7749,买盘
100,14:48:33,3.69,--,34,12546,买盘
101,14:48:27,3.69,--,25,9225,买盘
102,14:48:24,3.69,--,5,1845,买盘
103,14:48:21,3.69,--,88,32472,卖盘
104,14:48:15,3.69,-0.01,8,2952,卖盘
105,14:48:09,3.7,--,34,12580,买盘
106,14:48:03,3.7,0.01,41,15170,买盘
107,14:47:48,3.69,--,244,90036,买盘
108,14:47:42,3.69,--,6,2214,买盘
109,14:47:39,3.69,0.01,20,7380,买盘
110,14:47:36,3.68,-0.01,9,3312,卖盘
111,14:47:33,3.69,--,35,12915,买盘
112,14:47:30,3.69,--,12,4428,买盘
113,14:47:06,3.69,0.01,33,12177,买盘
114,14:46:57,3.68,--,70,25760,卖盘
115,14:46:39,3.68,--,134,49312,买盘
116,14:46:36,3.68,--,2,736,买盘
117,14:46:33,3.68,--,37,13616,买盘
118,14:46:30,3.68,--,300,110400,买盘
119,14:46:24,3.68,--,40,14720,买盘
120,14:46:06,3.68,--,43,15824,买盘
121,14:45:54,3.68,0.01,30,11040,买盘
122,14:45:51,3.67,--,24,8808,卖盘
123,14:45:45,3.67,--,20,7340,卖盘
124,14:45:39,3.67,-0.01,125,45875,卖盘
125,14:45:36,3.68,0.01,10,3680,买盘
126,14:45:24,3.67,-0.01,200,73400,卖盘
127,14:45:21,3.68,0.01,5,1840,买盘
128,14:45:12,3.67,-0.01,2,734,卖盘
129,14:45:06,3.68,0.01,26,9568,买盘
130,14:44:57,3.67,-0.01,3,1101,卖盘
131,14:44:54,3.68,--,2,736,买盘
132,14:44:51,3.68,--,40,14720,买盘
133,14:44:42,3.68,0.01,26,9568,买盘
134,14:44:39,3.67,--,10,3670,卖盘
135,14:44:24,3.67,0.01,497,182399,买盘
136,14:44:18,3.66,--,3,1098,卖盘
137,14:44:15,3.66,-0.01,2,732,卖盘
138,14:44:12,3.67,--,14,5138,买盘
139,14:44:09,3.67,--,27,9909,买盘
140,14:44:00,3.67,0.01,35,12845,买盘
141,14:43:54,3.66,--,4,1464,买盘
142,14:43:51,3.66,--,4,1464,买盘
143,14:43:48,3.66,--,3,1098,买盘
144,14:43:45,3.66,--,53,19398,卖盘
145,14:43:39,3.66,--,16,5856,卖盘
146,14:43:36,3.66,--,30,10980,卖盘
147,14:43:18,3.66,--,5,1830,卖盘
148,14:43:15,3.66,-0.01,1494,546804,卖盘
149,14:43:12,3.67,0.01,44,16148,买盘
150,14:43:09,3.66,-0.01,51,18666,卖盘
151,14:43:06,3.67,--,28,10276,买盘
152,14:42:48,3.67,0.01,2,734,买盘
153,14:42:45,3.66,-0.01,50,18300,卖盘
154,14:42:42,3.67,-0.01,288,105696,卖盘
155,14:42:30,3.68,--,1,368,买盘
156,14:42:21,3.68,--,558,205344,卖盘
157,14:42:18,3.68,--,120,44160,卖盘
158,14:42:03,3.68,-0.01,2,736,卖盘
159,14:42:00,3.69,--,605,223245,买盘
160,14:41:51,3.69,0.01,10,3690,买盘
161,14:41:48,3.68,--,8,2944,卖盘
162,14:41:36,3.68,--,30,11040,卖盘
163,14:41:30,3.68,--,8,2944,卖盘
164,14:41:18,3.68,--,7,2576,卖盘
165,14:40:54,3.68,--,105,38640,买盘
166,14:40:42,3.68,0.01,27,9936,买盘
167,14:40:30,3.67,--,14,5138,卖盘
168,14:40:24,3.67,-0.01,3,1101,卖盘
169,14:40:21,3.68,--,3,1104,买盘
170,14:40:18,3.68,--,5,1840,买盘
171,14:40:12,3.68,--,38,13984,买盘
172,14:40:09,3.68,--,1131,416208,卖盘
173,14:39:54,3.68,--,7,2576,卖盘
174,14:39:51,3.68,-0.01,286,105248,卖盘
175,14:39:45,3.69,0.01,27,9963,买盘
176,14:39:33,3.68,-0.01,4,1472,卖盘
177,14:39:30,3.69,--,140,51660,买盘
178,14:39:09,3.69,--,10,3690,买盘
179,14:39:03,3.69,--,69,25461,买盘
180,14:38:54,3.69,--,22,8118,卖盘
181,14:38:45,3.69,--,38,14022,卖盘
182,14:38:42,3.69,--,419,154611,卖盘
183,14:38:36,3.69,-0.01,527,194463,卖盘
184,14:38:12,3.7,--,26,9620,买盘
185,14:38:06,3.7,--,28,10360,买盘
186,14:38:03,3.7,0.01,1,370,买盘
187,14:37:54,3.69,--,94,34686,卖盘
188,14:37:51,3.69,--,50,18450,卖盘
189,14:37:45,3.69,-0.01,500,184500,卖盘
190,14:37:42,3.7,--,25,9250,买盘
191,14:37:39,3.7,0.01,5,1850,买盘
192,14:37:36,3.69,--,370,136530,卖盘
193,14:37:24,3.69,--,163,60147,卖盘
194,14:37:21,3.69,-0.01,104,38376,卖盘
195,14:37:18,3.7,0.01,5,1850,买盘
196,14:37:15,3.69,--,100,36900,卖盘
197,14:37:12,3.69,-0.01,90,33210,卖盘
198,14:37:09,3.7,0.01,86,31820,买盘
199,14:37:03,3.69,-0.01,80,29520,卖盘
200,14:36:54,3.7,0.01,19,7030,买盘
201,14:36:51,3.69,--,92,33948,卖盘
202,14:36:45,3.69,--,100,36900,卖盘
203,14:36:36,3.69,-0.01,30,11070,卖盘
204,14:36:27,3.7,--,199,73630,买盘
205,14:36:24,3.7,0.01,5,1850,买盘
206,14:36:21,3.69,-0.01,20,7380,卖盘
207,14:36:12,3.7,--,2,740,买盘
208,14:36:09,3.7,--,6,2220,买盘
209,14:36:06,3.7,0.01,5,1850,买盘
210,14:36:00,3.69,--,100,36900,卖盘
211,14:35:48,3.69,-0.01,30,11070,卖盘
212,14:35:45,3.7,0.01,5,1850,买盘
213,14:35:39,3.69,-0.01,20,7380,卖盘
214,14:35:30,3.7,0.01,228,84360,买盘
215,14:35:24,3.69,--,30,11070,卖盘
216,14:35:21,3.69,-0.01,10,3690,卖盘
217,14:35:12,3.7,--,302,111740,买盘
218,14:35:06,3.7,0.01,78,28860,买盘
219,14:35:03,3.69,--,50,18450,买盘
220,14:35:00,3.69,--,208,76752,买盘
221,14:34:57,3.69,--,144,53136,卖盘
222,14:34:51,3.69,-0.01,105,38745,卖盘
223,14:34:48,3.7,--,1000,370000,买盘
224,14:34:45,3.7,--,10,3700,买盘
225,14:34:39,3.7,--,111,41070,卖盘
226,14:34:36,3.7,-0.01,50,18500,卖盘
227,14:34:33,3.71,--,260,96460,买盘
228,14:34:27,3.71,--,40,14840,卖盘
229,14:34:24,3.71,--,3,1113,卖盘
230,14:34:18,3.71,-0.01,35,12985,卖盘
231,14:34:03,3.72,-0.01,323,120156,卖盘
232,14:34:00,3.73,--,3,1119,买盘
233,14:33:57,3.73,--,34,12682,买盘
234,14:33:54,3.73,-0.01,505,188365,卖盘
235,14:33:51,3.74,0.01,15,5610,买盘
236,14:33:48,3.73,--,68,25364,卖盘
237,14:33:45,3.73,--,15,5595,卖盘
238,14:33:42,3.73,-0.01,110,41030,卖盘
239,14:33:39,3.74,0.01,10,3740,买盘
240,14:33:36,3.73,--,300,111900,卖盘
241,14:33:33,3.73,--,31,11563,买盘
242,14:33:30,3.73,-0.01,2,746,中性盘
243,14:33:24,3.74,0.02,700,261800,买盘
244,14:33:15,3.72,-0.01,342,127224,卖盘
245,14:33:09,3.73,0.01,200,74600,买盘
246,14:33:06,3.72,--,66,24552,卖盘
247,14:33:03,3.72,--,6,2232,买盘
248,14:33:00,3.72,--,81,30132,买盘
249,14:32:57,3.72,--,150,55800,买盘
250,14:32:54,3.72,0.01,4,1488,买盘
251,14:32:39,3.71,0.01,10,3710,中性盘
252,14:32:36,3.7,-0.02,1366,505420,卖盘
253,14:32:33,3.72,0.02,831,309132,买盘
254,14:32:30,3.7,-0.01,27,9990,卖盘
255,14:32:24,3.71,0.01,20,7420,买盘
256,14:32:15,3.7,-0.01,6,2220,卖盘
257,14:32:12,3.71,0.01,4,1484,买盘
258,14:31:57,3.7,--,90,33300,买盘
259,14:31:54,3.7,--,7,2590,买盘
260,14:31:51,3.7,--,775,286750,买盘
261,14:31:48,3.7,--,20,7400,买盘
262,14:31:39,3.7,0.01,200,74000,买盘
263,14:31:36,3.69,--,63,23247,买盘
264,14:31:30,3.69,--,30,11070,买盘
265,14:31:27,3.69,--,14,5166,买盘
266,14:31:24,3.69,--,169,62361,买盘
267,14:31:21,3.69,--,8,2952,买盘
268,14:31:18,3.69,--,48,17712,买盘
269,14:31:06,3.69,0.01,200,73800,买盘
270,14:31:00,3.68,--,42,15456,买盘
271,14:30:57,3.68,--,20,7360,买盘
272,14:30:51,3.68,--,10,3680,买盘
273,14:30:48,3.68,--,40,14720,买盘
274,14:30:45,3.68,--,335,123280,买盘
275,14:30:42,3.68,--,102,37536,买盘
276,14:30:39,3.68,--,50,18400,买盘
277,14:30:33,3.68,--,206,75808,买盘
278,14:30:30,3.68,0.01,353,129904,买盘
279,14:30:21,3.67,-0.01,30,11010,卖盘
280,14:30:18,3.68,0.01,87,32016,买盘
281,14:30:09,3.67,--,200,73400,卖盘
282,14:30:06,3.67,--,113,41471,买盘
283,14:29:54,3.67,--,12,4404,买盘
284,14:29:51,3.67,--,6,2202,买盘
285,14:29:48,3.67,--,38,13946,买盘
286,14:29:45,3.67,--,19,6973,买盘
287,14:29:42,3.67,--,10,3670,买盘
288,14:29:39,3.67,--,29,10643,买盘
289,14:29:36,3.67,--,6,2202,买盘
290,14:29:33,3.67,--,1,367,买盘
291,14:29:30,3.67,0.01,2,734,买盘
292,14:29:21,3.66,--,1,366,卖盘
293,14:29:06,3.66,-0.01,10,3660,卖盘
294,14:29:03,3.67,--,1,367,买盘
295,14:28:42,3.67,0.01,122,44774,买盘
296,14:28:39,3.66,--,59,21594,卖盘
297,14:28:33,3.66,--,14,5124,买盘
298,14:27:57,3.66,--,26,9516,买盘
299,14:27:45,3.66,--,1,366,买盘
300,14:27:36,3.66,-0.01,111,40626,卖盘
301,14:27:30,3.67,--,50,18350,买盘
302,14:27:12,3.67,--,36,13212,买盘
303,14:27:09,3.67,--,174,63858,卖盘
304,14:26:57,3.67,--,12,4404,卖盘
305,14:26:48,3.67,--,20,7340,卖盘
306,14:26:45,3.67,--,10,3670,卖盘
307,14:26:36,3.67,--,90,33030,买盘
308,14:26:18,3.67,0.01,27,9909,买盘
309,14:26:09,3.66,--,108,39528,卖盘
310,14:25:57,3.66,-0.01,184,67344,卖盘
311,14:25:51,3.67,--,10,3670,买盘
312,14:25:48,3.67,--,44,16148,买盘
313,14:25:45,3.67,-0.01,41,15047,卖盘
314,14:25:36,3.68,0.01,10,3680,买盘
315,14:25:30,3.67,-0.01,87,31929,卖盘
316,14:25:24,3.68,--,1,368,买盘
317,14:25:06,3.68,0.01,45,16560,买盘
318,14:25:03,3.67,-0.01,9,3303,卖盘
319,14:24:45,3.68,--,2,736,买盘
320,14:24:39,3.68,0.01,95,34960,买盘
321,14:24:24,3.67,-0.01,50,18350,卖盘
322,14:24:15,3.68,--,10,3680,买盘
323,14:23:54,3.68,--,20,7360,买盘
324,14:23:48,3.68,--,99,36432,卖盘
325,14:23:45,3.68,-0.01,63,23184,卖盘
326,14:23:42,3.69,0.01,10,3690,买盘
327,14:23:39,3.68,--,40,14720,卖盘
328,14:23:36,3.68,--,580,213440,卖盘
329,14:23:27,3.68,-0.01,61,22448,卖盘
330,14:23:24,3.69,--,10,3690,买盘
331,14:23:21,3.69,0.01,10,3690,买盘
332,14:23:12,3.68,-0.01,53,19504,卖盘
333,14:23:06,3.69,--,432,159408,买盘
334,14:23:03,3.69,0.01,2,738,买盘
335,14:22:57,3.68,--,100,36800,卖盘
336,14:22:51,3.68,-0.01,148,54464,卖盘
337,14:22:45,3.69,--,3,1107,买盘
338,14:22:42,3.69,--,3,1107,买盘
339,14:22:33,3.69,--,186,68634,买盘
340,14:22:27,3.69,--,354,130626,买盘
341,14:22:24,3.69,--,10,3690,买盘
342,14:22:21,3.69,--,250,92250,买盘
343,14:22:15,3.69,--,124,45756,买盘
344,14:22:09,3.69,--,144,53136,买盘
345,14:22:06,3.69,--,40,14760,买盘
346,14:22:00,3.69,--,27,9963,买盘
347,14:21:57,3.69,--,69,25461,买盘
348,14:21:54,3.69,0.01,184,67896,买盘
349,14:21:51,3.68,-0.02,8,2944,卖盘
350,14:21:48,3.7,0.01,360,133200,买盘
351,14:21:45,3.69,--,6,2214,买盘
352,14:21:36,3.69,--,20,7380,买盘
353,14:21:33,3.69,--,10,3690,买盘
354,14:21:30,3.69,--,42,15498,买盘
355,14:21:27,3.69,--,30,11070,买盘
356,14:21:24,3.69,--,101,37269,买盘
357,14:21:21,3.69,--,171,63099,买盘
358,14:21:18,3.69,--,335,123615,买盘
359,14:21:09,3.69,--,683,252027,买盘
360,14:21:06,3.69,--,84,30996,卖盘
361,14:21:03,3.69,--,33,12177,卖盘
362,14:20:54,3.69,0.01,859,316971,买盘
363,14:20:45,3.68,0.01,424,156032,买盘
364,14:20:42,3.67,--,72,26424,买盘
365,14:20:39,3.67,--,10,3670,买盘
366,14:20:33,3.67,--,3,1101,买盘
367,14:20:30,3.67,0.01,161,59087,买盘
368,14:20:27,3.66,--,44,16104,买盘
369,14:20:24,3.66,--,33,12078,买盘
370,14:20:21,3.66,--,345,126270,买盘
371,14:20:18,3.66,0.01,302,110532,买盘
372,14:20:09,3.65,--,3,1095,卖盘
373,14:20:03,3.65,0.01,9258,3379170,买盘
374,14:19:57,3.64,-0.01,168,61152,卖盘
375,14:19:51,3.65,--,273,99645,买盘
376,14:19:45,3.65,--,10,3650,买盘
377,14:19:42,3.65,0.01,315,114975,买盘
378,14:19:39,3.64,-0.01,2,728,卖盘
379,14:19:36,3.65,--,40,14600,买盘
380,14:19:27,3.65,--,60,21900,买盘
381,14:19:09,3.65,0.01,31,11315,买盘
382,14:19:06,3.64,--,152,55328,卖盘
383,14:19:03,3.64,--,41,15244,买盘
384,14:19:00,3.64,--,77,28028,买盘
385,14:18:57,3.64,--,1523,554372,买盘
386,14:18:54,3.64,--,13,4732,买盘
387,14:18:48,3.64,--,31,11284,买盘
388,14:18:42,3.64,--,5,1820,买盘
389,14:18:24,3.64,--,12,4368,买盘
390,14:18:21,3.64,--,222,80808,买盘
391,14:18:06,3.64,0.01,10,3640,买盘
392,14:18:03,3.63,-0.01,22,7986,卖盘
393,14:18:00,3.64,--,152,55328,买盘
394,14:17:45,3.64,0.01,1,364,买盘
395,14:17:39,3.63,-0.01,2,726,卖盘
396,14:17:27,3.64,--,2,728,买盘
397,14:17:24,3.64,--,5,1820,买盘
398,14:17:18,3.64,--,59,21476,买盘
399,14:17:12,3.64,--,4,1456,买盘
400,14:17:09,3.64,--,1,364,买盘
401,14:17:00,3.64,--,200,72800,买盘
402,14:16:54,3.64,--,20,7280,买盘
403,14:16:51,3.64,--,20,7280,买盘
404,14:16:48,3.64,--,6,2184,买盘
405,14:16:33,3.64,0.01,712,259168,买盘
406,14:16:24,3.63,--,50,18150,卖盘
407,14:16:21,3.63,-0.01,930,337590,卖盘
408,14:16:18,3.64,--,50,18200,买盘
409,14:16:15,3.64,--,71,25844,买盘
410,14:16:12,3.64,--,201,73164,买盘
411,14:16:06,3.64,--,200,72800,买盘
412,14:16:03,3.64,0.01,13,4732,买盘
413,14:15:57,3.63,-0.01,1,363,卖盘
414,14:15:42,3.64,--,100,36400,买盘
415,14:15:39,3.64,--,18,6552,买盘
416,14:15:33,3.64,--,501,182364,买盘
417,14:15:30,3.64,--,180,65520,买盘
418,14:15:24,3.64,--,24,8736,买盘
419,14:15:21,3.64,--,60,21840,买盘
420,14:15:15,3.64,--,10,3640,买盘
421,14:15:12,3.64,--,26,9464,买盘
422,14:15:09,3.64,0.01,109,39676,买盘
423,14:15:06,3.63,-0.01,1,363,卖盘
424,14:15:03,3.64,--,3,1092,买盘
425,14:15:00,3.64,--,132,48048,买盘
426,14:14:42,3.64,--,18,6552,买盘
427,14:14:39,3.64,0.01,181,65884,买盘
428,14:14:30,3.63,-0.01,154,55902,卖盘
429,14:14:21,3.64,0.01,150,54600,买盘
430,14:14:12,3.63,--,0,297,买盘
431,14:14:06,3.63,--,64,23232,买盘
432,14:14:00,3.63,--,7,2541,买盘
433,14:13:57,3.63,--,1,363,买盘
434,14:13:54,3.63,--,8,2904,买盘
435,14:13:51,3.63,--,3,1089,买盘
436,14:13:45,3.63,-0.01,2997,1087976,卖盘
437,14:13:42,3.64,--,20,7280,买盘
438,14:13:39,3.64,0.01,3,1092,买盘
439,14:13:36,3.63,-0.01,486,176418,卖盘
440,14:13:21,3.64,0.01,4,1456,买盘
441,14:13:18,3.63,--,50,18150,卖盘
442,14:13:00,3.63,--,250,90750,卖盘
443,14:12:51,3.63,--,10,3630,卖盘
444,14:12:42,3.63,--,10,3630,卖盘
445,14:12:36,3.63,--,58,21054,卖盘
446,14:12:12,3.63,-0.01,50,18150,卖盘
447,14:12:09,3.64,--,4,1456,买盘
448,14:12:03,3.64,--,10,3640,买盘
449,14:11:51,3.64,0.01,20,7280,买盘
450,14:11:45,3.63,-0.01,10,3630,卖盘
451,14:11:27,3.64,--,3,1092,买盘
452,14:11:24,3.64,--,7,2548,买盘
453,14:11:12,3.64,--,2,728,买盘
454,14:11:06,3.64,--,30,10920,买盘
455,14:10:48,3.64,--,55,20020,买盘
456,14:10:42,3.64,--,10,3640,买盘
457,14:10:33,3.64,--,2,728,买盘
458,14:09:54,3.64,--,3,1092,买盘
459,14:09:48,3.64,0.01,31,11284,买盘
460,14:09:45,3.63,--,54,19602,卖盘
461,14:09:42,3.63,-0.01,30,10890,卖盘
462,14:09:21,3.64,--,30,10920,买盘
463,14:09:18,3.64,--,83,30212,买盘
464,14:08:57,3.64,--,149,54236,买盘
465,14:08:42,3.64,--,10,3640,买盘
466,14:08:33,3.64,0.01,681,247884,买盘
467,14:08:30,3.63,-0.01,50,18150,卖盘
468,14:08:27,3.64,0.01,20,7280,买盘
469,14:08:15,3.63,-0.01,10,3630,卖盘
470,14:08:03,3.64,0.01,24,8736,买盘
471,14:07:57,3.63,--,20,7260,卖盘
472,14:07:33,3.63,-0.01,105,38115,卖盘
473,14:07:27,3.64,0.01,8,2912,买盘
474,14:07:24,3.63,-0.01,42,15246,卖盘
475,14:07:21,3.64,--,3,1092,买盘
476,14:07:18,3.64,--,1,364,买盘
477,14:06:30,3.64,0.01,29,10556,买盘
478,14:06:21,3.63,--,158,57354,卖盘
479,14:06:09,3.63,--,10,3630,卖盘
480,14:05:42,3.63,--,756,274428,卖盘
481,14:05:33,3.63,-0.01,3,1089,卖盘
482,14:05:24,3.64,--,40,14560,买盘
483,14:05:21,3.64,--,30,10920,买盘
484,14:05:18,3.64,--,76,27664,卖盘
485,14:05:15,3.64,-0.01,100,36400,卖盘
486,14:05:09,3.65,0.01,10,3650,买盘
487,14:04:48,3.64,-0.01,40,14560,卖盘
488,14:04:45,3.65,--,82,29930,买盘
489,14:04:42,3.65,--,100,36500,买盘
490,14:04:33,3.65,--,1,365,买盘
491,14:04:27,3.65,--,534,194910,买盘
492,14:04:06,3.65,--,8,2920,买盘
493,14:04:03,3.65,0.01,1,365,买盘
494,14:04:00,3.64,--,100,36400,卖盘
495,14:03:45,3.64,-0.01,5,1820,卖盘
496,14:03:42,3.65,0.01,5,1825,买盘
497,14:03:33,3.64,--,1,364,卖盘
498,14:03:18,3.64,-0.01,50,18200,卖盘
499,14:03:00,3.65,--,3,1095,买盘
500,14:02:54,3.65,--,83,30295,买盘
501,14:02:42,3.65,--,9,3285,买盘
502,14:02:18,3.65,--,9,3285,卖盘
503,14:02:15,3.65,--,30,10950,卖盘
504,14:02:12,3.65,--,10,3650,卖盘
505,14:02:00,3.65,-0.01,570,208050,卖盘
506,14:01:42,3.66,0.01,9,3294,买盘
507,14:01:36,3.65,--,1,365,卖盘
508,14:01:12,3.65,--,1,365,卖盘
509,14:01:09,3.65,--,7,2555,卖盘
510,14:00:57,3.65,0.01,35,12775,中性盘
511,14:00:51,3.64,-0.02,26,9464,卖盘
512,14:00:48,3.66,0.01,1,366,买盘
513,14:00:21,3.65,--,36,13140,买盘
514,14:00:18,3.65,--,46,16790,买盘
515,14:00:15,3.65,--,318,116070,买盘
516,13:59:57,3.65,--,40,14600,买盘
517,13:59:54,3.65,--,2,730,买盘
518,13:59:51,3.65,--,100,36500,买盘
519,13:59:42,3.65,--,32,11680,买盘
520,13:59:33,3.65,--,50,18250,买盘
521,13:59:30,3.65,--,3,1095,买盘
522,13:59:21,3.65,--,10,3650,买盘
523,13:59:15,3.65,--,5,1825,买盘
524,13:59:06,3.65,--,19,6935,买盘
525,13:59:00,3.65,--,102,37230,卖盘
526,13:58:57,3.65,--,94,34310,买盘
527,13:58:54,3.65,--,163,59495,买盘
528,13:58:51,3.65,0.01,4,1460,买盘
529,13:58:48,3.64,-0.01,220,80080,卖盘
530,13:58:45,3.65,--,82,29930,买盘
531,13:58:39,3.65,--,19,6935,买盘
532,13:58:36,3.65,0.01,300,109500,买盘
533,13:58:27,3.64,-0.01,8,2912,卖盘
534,13:58:21,3.65,--,205,74825,买盘
535,13:58:18,3.65,0.01,2,730,买盘
536,13:58:15,3.64,--,100,36400,卖盘
537,13:57:54,3.64,--,873,317772,买盘
538,13:57:51,3.64,--,1773,645372,买盘
539,13:57:48,3.64,--,30,10920,买盘
540,13:57:45,3.64,--,4,1456,买盘
541,13:57:42,3.64,--,48,17472,买盘
542,13:57:27,3.64,--,1,364,买盘
543,13:57:21,3.64,--,7,2548,买盘
544,13:57:15,3.64,--,5,1820,买盘
545,13:57:12,3.64,--,1,364,买盘
546,13:57:06,3.64,--,35,12740,买盘
547,13:57:03,3.64,--,27,9828,买盘
548,13:56:57,3.64,--,11,4004,买盘
549,13:56:48,3.64,--,2,728,买盘
550,13:56:42,3.64,--,61,22204,买盘
551,13:56:30,3.64,--,3,1092,买盘
552,13:56:18,3.64,0.01,10,3640,买盘
553,13:56:12,3.63,-0.01,197,71511,卖盘
554,13:56:09,3.64,--,40,14560,买盘
555,13:56:03,3.64,--,3,1092,买盘
556,13:56:00,3.64,--,145,52780,买盘
557,13:55:57,3.64,0.01,3,1092,买盘
558,13:55:54,3.63,-0.01,453,164439,卖盘
559,13:55:48,3.64,0.01,12,4368,买盘
560,13:55:45,3.63,--,12,4356,卖盘
561,13:55:42,3.63,-0.01,30,10890,卖盘
562,13:55:39,3.64,0.01,3,1092,买盘
563,13:55:18,3.63,-0.01,10,3630,卖盘
564,13:55:12,3.64,0.01,10,3640,买盘
565,13:55:06,3.63,--,10,3630,卖盘
566,13:54:51,3.63,-0.01,160,58080,卖盘
567,13:54:33,3.64,--,1,364,买盘
568,13:54:27,3.64,0.01,80,29120,买盘
569,13:54:09,3.63,--,24,8712,卖盘
570,13:54:06,3.63,-0.01,24,8712,卖盘
571,13:53:36,3.64,--,71,25844,买盘
572,13:53:24,3.64,-0.01,1339,487396,卖盘
573,13:53:15,3.65,0.01,29,10585,买盘
574,13:53:03,3.64,-0.01,5,1820,卖盘
575,13:52:54,3.65,--,7,2555,买盘
576,13:52:21,3.65,0.01,4,1460,买盘
577,13:52:18,3.64,--,300,109200,卖盘
578,13:52:12,3.64,--,8,2912,卖盘
579,13:51:39,3.64,-0.01,21,7644,卖盘
580,13:51:21,3.65,0.01,3,1095,买盘
581,13:51:18,3.64,--,11,4004,卖盘
582,13:51:15,3.64,--,2,728,卖盘
583,13:51:06,3.64,-0.01,186,67704,卖盘
584,13:50:54,3.65,--,9,3285,买盘
585,13:50:36,3.65,0.01,1,365,买盘
586,13:50:27,3.64,-0.01,18,6552,卖盘
587,13:50:21,3.65,--,10,3650,买盘
588,13:50:18,3.65,-0.01,136,49640,卖盘
589,13:50:12,3.66,0.01,1,366,买盘
590,13:50:09,3.65,-0.01,210,76650,卖盘
591,13:50:06,3.66,0.01,43,15738,买盘
592,13:50:03,3.65,-0.01,32,11680,卖盘
593,13:49:51,3.66,0.01,55,20130,买盘
594,13:49:48,3.65,-0.01,30,10950,卖盘
595,13:49:45,3.66,--,10,3660,买盘
596,13:49:42,3.66,0.01,14,5124,买盘
597,13:49:33,3.65,-0.01,104,37960,卖盘
598,13:49:03,3.66,0.01,1,366,买盘
599,13:48:57,3.65,-0.01,60,21900,卖盘
600,13:48:51,3.66,0.01,4,1464,买盘
601,13:48:45,3.65,-0.01,20,7300,卖盘
602,13:48:42,3.66,--,124,45384,买盘
603,13:48:39,3.66,0.01,36,13176,买盘
604,13:48:36,3.65,--,160,58400,卖盘
605,13:48:24,3.65,--,4,1460,卖盘
606,13:48:21,3.65,-0.01,48,17520,卖盘
607,13:48:15,3.66,--,88,32208,买盘
608,13:48:03,3.66,0.01,27,9882,买盘
609,13:47:30,3.65,--,2,730,卖盘
610,13:47:00,3.65,-0.01,3,1095,卖盘
611,13:46:57,3.66,--,64,23424,买盘
612,13:46:54,3.66,--,1,366,买盘
613,13:46:51,3.66,--,2,732,买盘
614,13:46:48,3.66,-0.01,362,132492,卖盘
615,13:46:39,3.67,--,30,11010,买盘
616,13:46:21,3.67,0.01,5,1835,买盘
617,13:46:15,3.66,--,40,14640,卖盘
618,13:46:12,3.66,--,12,4392,卖盘
619,13:46:03,3.66,--,10,3660,卖盘
620,13:46:00,3.66,--,50,18300,卖盘
621,13:45:21,3.66,--,6,2196,卖盘
622,13:45:12,3.66,--,5,1830,卖盘
623,13:45:00,3.66,--,199,72834,买盘
624,13:44:48,3.66,--,4,1464,买盘
625,13:44:45,3.66,--,20,7320,买盘
626,13:44:39,3.66,--,12,4392,买盘
627,13:44:33,3.66,--,5,1830,买盘
628,13:44:24,3.66,--,51,18666,买盘
629,13:44:21,3.66,0.01,16,5856,买盘
630,13:44:18,3.65,-0.01,202,73730,卖盘
631,13:44:15,3.66,--,10,3660,买盘
632,13:44:03,3.66,--,34,12444,买盘
633,13:43:54,3.66,--,136,49776,买盘
634,13:43:51,3.66,--,262,95892,买盘
635,13:43:48,3.66,--,133,48678,买盘
636,13:43:42,3.66,--,200,73200,买盘
637,13:43:27,3.66,--,10,3660,买盘
638,13:43:24,3.66,--,2,732,买盘
639,13:43:21,3.66,0.01,8,2928,买盘
640,13:43:15,3.65,--,102,37230,卖盘
641,13:42:39,3.65,-0.01,18,6570,卖盘
642,13:42:33,3.66,0.01,1,366,买盘
643,13:42:27,3.65,-0.01,22,8030,卖盘
644,13:42:18,3.66,0.01,14,5124,买盘
645,13:42:09,3.65,--,11,4015,卖盘
646,13:42:03,3.65,-0.01,14,5110,卖盘
647,13:41:57,3.66,--,60,21960,买盘
648,13:41:54,3.66,--,20,7320,买盘
649,13:41:36,3.66,--,10,3660,买盘
650,13:41:30,3.66,--,2,732,买盘
651,13:41:27,3.66,0.01,2,732,买盘
652,13:41:21,3.65,--,18,6570,卖盘
653,13:41:06,3.65,--,42,15330,卖盘
654,13:41:03,3.65,-0.01,54,19710,卖盘
655,13:40:51,3.66,--,20,7320,买盘
656,13:40:00,3.66,--,5,1830,买盘
657,13:39:54,3.66,--,26,9516,买盘
658,13:39:51,3.66,--,52,19032,买盘
659,13:39:33,3.66,--,3,1098,买盘
660,13:39:21,3.66,--,15,5490,买盘
661,13:39:18,3.66,--,138,50508,买盘
662,13:39:09,3.66,--,40,14640,买盘
663,13:39:00,3.66,--,99,36234,卖盘
664,13:38:54,3.66,--,16,5856,卖盘
665,13:38:51,3.66,--,150,54900,卖盘
666,13:38:48,3.66,-0.01,80,29280,卖盘
667,13:38:45,3.67,0.01,50,18350,买盘
668,13:38:42,3.66,-0.01,76,27816,卖盘
669,13:38:36,3.67,--,15,5505,买盘
670,13:38:33,3.67,0.01,505,185335,买盘
671,13:38:24,3.66,--,40,14640,卖盘
672,13:38:18,3.66,-0.01,5,1830,卖盘
673,13:38:15,3.67,0.01,12,4404,买盘
674,13:38:09,3.66,-0.01,214,78324,卖盘
675,13:38:03,3.67,0.01,10,3670,买盘
676,13:38:00,3.66,--,90,32940,卖盘
677,13:37:57,3.66,-0.01,20,7320,卖盘
678,13:37:54,3.67,--,58,21286,买盘
679,13:37:51,3.67,0.01,1,367,买盘
680,13:37:48,3.66,--,200,73200,卖盘
681,13:37:42,3.66,--,50,18300,卖盘
682,13:37:21,3.66,--,60,21960,卖盘
683,13:37:15,3.66,--,3,1098,卖盘
684,13:37:09,3.66,--,3,1098,卖盘
685,13:37:03,3.66,-0.01,53,19398,卖盘
686,13:37:00,3.67,--,10,3670,买盘
687,13:36:57,3.67,--,28,10276,买盘
688,13:36:54,3.67,--,27,9909,买盘
689,13:36:51,3.67,--,20,7340,买盘
690,13:36:33,3.67,--,41,15047,买盘
691,13:36:30,3.67,--,13,4771,中性盘
692,13:36:18,3.67,--,1,367,买盘
693,13:36:15,3.67,--,44,16148,买盘
694,13:36:12,3.67,-0.01,191,70097,卖盘
695,13:36:09,3.68,0.01,140,51520,买盘
696,13:35:51,3.67,-0.01,100,36700,卖盘
697,13:35:48,3.68,0.01,3,1104,买盘
698,13:35:45,3.67,-0.01,30,11010,卖盘
699,13:35:42,3.68,--,257,94576,买盘
700,13:35:39,3.68,--,200,73600,买盘
701,13:35:33,3.68,--,1,368,买盘
702,13:35:30,3.68,--,7,2576,买盘
703,13:35:27,3.68,--,40,14720,买盘
704,13:35:24,3.68,0.01,67,24656,买盘
705,13:35:18,3.67,-0.01,51,18717,中性盘
706,13:35:15,3.68,0.02,50,18400,买盘
707,13:35:12,3.66,-0.01,146,53436,卖盘
708,13:35:00,3.67,--,53,19451,买盘
709,13:34:57,3.67,--,46,16882,买盘
710,13:34:51,3.67,0.01,52,19084,中性盘
711,13:34:45,3.66,-0.01,40,14640,卖盘
712,13:34:42,3.67,--,20,7340,买盘
713,13:34:39,3.67,--,2131,782077,卖盘
714,13:34:27,3.67,0.01,19,6973,买盘
715,13:34:24,3.66,-0.01,10,3660,卖盘
716,13:34:21,3.67,--,30,11010,买盘
717,13:34:06,3.67,0.01,512,187904,卖盘
718,13:34:03,3.66,--,29,10614,买盘
719,13:34:00,3.66,--,1,366,买盘
720,13:33:54,3.66,--,199,72834,买盘
721,13:33:51,3.66,-0.01,1702,622932,卖盘
722,13:33:48,3.67,--,598,219466,买盘
723,13:33:45,3.67,--,240,88080,买盘
724,13:33:39,3.67,--,150,55050,买盘
725,13:33:36,3.67,--,200,73400,买盘
726,13:33:33,3.67,--,11,4037,买盘
727,13:33:30,3.67,--,236,86612,买盘
728,13:33:27,3.67,0.01,80,29360,买盘
729,13:33:06,3.66,--,466,170556,买盘
730,13:33:03,3.66,--,258,94428,买盘
731,13:32:57,3.66,--,277,101382,买盘
732,13:32:54,3.66,--,500,183000,买盘
733,13:32:51,3.66,--,140,51240,买盘
734,13:32:48,3.66,0.01,140,51240,买盘
735,13:32:39,3.65,--,364,132860,卖盘
736,13:32:36,3.65,--,2222,811030,买盘
737,13:32:33,3.65,--,50,18250,买盘
738,13:32:30,3.65,--,10,3650,买盘
739,13:32:27,3.65,--,20,7300,买盘
740,13:32:24,3.65,--,13,4745,买盘
741,13:32:18,3.65,0.01,100,36500,买盘
742,13:32:09,3.64,--,6,2184,卖盘
743,13:31:57,3.64,--,1,364,卖盘
744,13:31:51,3.64,--,2386,868504,买盘
745,13:31:45,3.64,--,200,72800,买盘
746,13:31:39,3.64,--,35,12740,买盘
747,13:31:30,3.64,--,158,57512,买盘
748,13:31:15,3.64,--,80,29120,买盘
749,13:31:12,3.64,--,20,7280,买盘
750,13:30:48,3.64,--,20,7280,买盘
751,13:30:36,3.64,--,17,6188,买盘
752,13:30:33,3.64,--,295,107380,买盘
753,13:30:30,3.64,--,32,11648,买盘
754,13:30:18,3.64,--,20,7280,买盘
755,13:30:09,3.64,--,7,2548,买盘
756,13:29:54,3.64,0.01,20,7280,买盘
757,13:29:51,3.63,-0.01,387,140481,卖盘
758,13:29:42,3.64,--,30,10920,买盘
759,13:29:39,3.64,--,163,59332,买盘
760,13:29:36,3.64,--,30,10920,买盘
761,13:29:12,3.64,--,1,364,买盘
762,13:28:54,3.64,0.01,10,3640,买盘
763,13:28:48,3.63,-0.01,18,6534,卖盘
764,13:28:45,3.64,--,109,39676,买盘
765,13:28:33,3.64,0.01,3,1092,买盘
766,13:28:30,3.63,--,4,1452,卖盘
767,13:28:24,3.63,-0.01,160,58080,卖盘
768,13:28:15,3.64,0.01,57,20748,买盘
769,13:28:09,3.63,--,10,3630,卖盘
770,13:28:03,3.63,--,57,20988,买盘
771,13:27:54,3.63,--,25,9075,买盘
772,13:27:51,3.63,--,216,78408,买盘
773,13:27:48,3.63,--,55,19965,买盘
774,13:27:42,3.63,--,825,299475,买盘
775,13:27:36,3.63,--,5,1815,买盘
776,13:27:30,3.63,--,2,726,买盘
777,13:27:09,3.63,--,10,3630,买盘
778,13:26:57,3.63,--,10,3630,买盘
779,13:26:54,3.63,--,10,3630,买盘
780,13:26:45,3.63,--,116,42108,买盘
781,13:26:18,3.63,--,409,148467,买盘
782,13:26:15,3.63,--,7,2541,买盘
783,13:26:12,3.63,--,300,108900,买盘
784,13:26:06,3.63,--,79,28677,买盘
785,13:25:57,3.63,--,288,104544,买盘
786,13:25:54,3.63,--,20,7260,买盘
787,13:25:48,3.63,--,1,363,买盘
788,13:25:45,3.63,--,40,14520,买盘
789,13:25:42,3.63,--,50,18150,买盘
790,13:25:03,3.63,--,20,7260,买盘
791,13:24:57,3.63,0.01,12,4356,买盘
792,13:24:51,3.62,--,35,12670,卖盘
793,13:24:48,3.62,-0.01,14,5068,卖盘
794,13:24:45,3.63,0.01,1147,416361,买盘
795,13:24:39,3.62,-0.01,4,1448,卖盘
796,13:24:27,3.63,--,121,43923,买盘
797,13:24:24,3.63,--,6,2178,买盘
798,13:24:21,3.63,0.01,6,2178,买盘
799,13:24:18,3.62,-0.01,100,36200,卖盘
800,13:24:12,3.63,--,35,12705,买盘
801,13:24:00,3.63,--,1,363,买盘
802,13:23:57,3.63,--,100,36300,买盘
803,13:23:48,3.63,--,4,1452,买盘
804,13:23:45,3.63,--,16,5808,买盘
805,13:23:18,3.63,--,200,72600,买盘
806,13:23:03,3.63,--,27,9801,买盘
807,13:22:51,3.63,0.01,10,3630,买盘
808,13:22:48,3.62,-0.01,40,14480,卖盘
809,13:22:42,3.63,--,9,3267,买盘
810,13:22:30,3.63,--,1225,444740,卖盘
811,13:22:18,3.63,-0.01,1000,363000,卖盘
812,13:22:15,3.64,--,3,1092,买盘
813,13:22:00,3.64,--,1,364,买盘
814,13:21:57,3.64,0.01,20,7280,买盘
815,13:21:42,3.63,-0.01,14,5082,卖盘
816,13:21:36,3.64,--,20,7280,买盘
817,13:21:12,3.64,--,30,10920,买盘
818,13:20:51,3.64,0.01,54,19656,买盘
819,13:20:15,3.63,-0.01,1,363,卖盘
820,13:20:03,3.64,0.01,3,1092,买盘
821,13:20:00,3.63,-0.01,31,11253,卖盘
822,13:19:54,3.64,--,1,364,买盘
823,13:19:42,3.64,0.01,10,3640,买盘
824,13:19:36,3.63,--,103,37389,卖盘
825,13:19:33,3.63,--,200,72600,卖盘
826,13:19:30,3.63,--,20,7260,卖盘
827,13:19:27,3.63,-0.01,12,4356,卖盘
828,13:19:12,3.64,0.01,140,50960,买盘
829,13:18:48,3.63,--,200,72897,卖盘
830,13:18:21,3.63,--,603,218889,买盘
831,13:18:09,3.63,--,210,76230,买盘
832,13:17:45,3.63,--,17,6171,卖盘
833,13:17:42,3.63,-0.01,36,13068,卖盘
834,13:17:30,3.64,0.01,6,2184,买盘
835,13:17:24,3.63,--,26,9438,卖盘
836,13:17:18,3.63,-0.01,10,3630,卖盘
837,13:17:12,3.64,0.01,20,7280,买盘
838,13:17:09,3.63,-0.01,32,11616,卖盘
839,13:17:00,3.64,0.01,21,7644,买盘
840,13:16:54,3.63,--,70,25410,卖盘
841,13:16:45,3.63,--,16,5808,卖盘
842,13:16:39,3.63,0.01,628,227964,买盘
843,13:16:09,3.62,-0.01,3,1086,卖盘
844,13:15:57,3.63,--,600,217800,买盘
845,13:15:54,3.63,--,1,363,买盘
846,13:15:48,3.63,--,6,2178,买盘
847,13:15:45,3.63,--,973,353199,卖盘
848,13:15:42,3.63,-0.01,81,29403,卖盘
849,13:15:18,3.64,0.01,1,364,买盘
850,13:15:06,3.63,--,256,92928,卖盘
851,13:15:03,3.63,-0.01,9,3267,卖盘
852,13:15:00,3.64,0.01,103,37492,买盘
853,13:14:12,3.63,-0.01,50,18150,卖盘
854,13:14:09,3.64,0.01,6,2184,买盘
855,13:13:45,3.63,--,4,1452,卖盘
856,13:13:36,3.63,-0.01,3,1089,卖盘
857,13:13:27,3.64,--,15,5460,买盘
858,13:13:12,3.64,--,3,1092,买盘
859,13:12:54,3.64,--,55,20020,买盘
860,13:12:39,3.64,--,1,364,买盘
861,13:12:12,3.64,0.01,4,1456,买盘
862,13:12:06,3.63,-0.01,32,11616,卖盘
863,13:12:00,3.64,--,39,14196,买盘
864,13:11:57,3.64,0.01,10,3640,买盘
865,13:11:51,3.63,-0.01,10,3630,卖盘
866,13:11:48,3.64,--,10,3640,买盘
867,13:11:33,3.64,--,10,3640,买盘
868,13:11:21,3.64,--,4,1456,买盘
869,13:11:15,3.64,--,2,728,买盘
870,13:11:09,3.64,--,12,4368,买盘
871,13:11:03,3.64,--,200,72800,买盘
872,13:10:54,3.64,--,2,728,买盘
873,13:10:27,3.64,--,121,44044,买盘
874,13:09:57,3.64,--,3,1092,买盘
875,13:09:39,3.64,0.01,10,3640,买盘
876,13:08:42,3.63,-0.01,100,36300,卖盘
877,13:08:30,3.64,--,100,36400,买盘
878,13:08:27,3.64,0.01,1,364,买盘
879,13:08:24,3.63,-0.01,11,3993,卖盘
880,13:08:21,3.64,--,7,2548,买盘
881,13:07:42,3.64,--,20,7280,买盘
882,13:07:39,3.64,0.01,1,364,买盘
883,13:07:27,3.63,--,20,7260,卖盘
884,13:07:15,3.63,--,1,363,卖盘
885,13:06:57,3.63,--,4,1452,卖盘
886,13:06:51,3.63,--,163,59169,买盘
887,13:06:45,3.63,--,237,86031,中性盘
888,13:06:18,3.63,--,1,363,买盘
889,13:06:12,3.63,--,591,214533,买盘
890,13:05:51,3.63,--,2,726,买盘
891,13:05:45,3.63,--,20,7260,买盘
892,13:05:42,3.63,--,96,34848,买盘
893,13:05:36,3.63,--,7,2541,买盘
894,13:05:33,3.63,--,6,2178,买盘
895,13:05:24,3.63,--,5,1815,买盘
896,13:05:00,3.63,--,3,1089,买盘
897,13:04:57,3.63,--,4,1452,买盘
898,13:04:54,3.63,--,3,1089,买盘
899,13:04:33,3.63,--,30,10890,买盘
900,13:04:21,3.63,--,16,5808,买盘
901,13:04:18,3.63,--,1,363,买盘
902,13:04:03,3.63,--,30,10890,买盘
903,13:03:48,3.63,-0.01,53,19239,卖盘
904,13:03:21,3.64,0.01,2010,731640,买盘
905,13:03:09,3.63,--,220,79860,卖盘
906,13:02:51,3.63,--,162,58806,中性盘
907,13:02:48,3.63,0.01,500,181500,中性盘
908,13:02:30,3.62,-0.02,300,108600,卖盘
909,13:02:24,3.64,--,50,18200,买盘
910,13:02:15,3.64,0.01,4,1456,买盘
911,13:02:12,3.63,-0.01,80,29040,卖盘
912,13:01:51,3.64,--,80,29120,买盘
913,13:01:45,3.64,0.01,14,5096,买盘
914,13:01:42,3.63,--,320,116160,卖盘
915,13:01:27,3.63,-0.01,3,1089,卖盘
916,13:01:24,3.64,--,500,182000,买盘
917,13:01:18,3.64,--,32,11648,买盘
918,13:01:09,3.64,-0.01,569,207116,卖盘
919,13:00:51,3.65,--,100,36500,买盘
920,13:00:48,3.65,--,10,3650,买盘
921,13:00:39,3.65,--,13,4745,买盘
922,13:00:33,3.65,--,14,5110,买盘
923,13:00:27,3.65,0.01,50,18250,买盘
924,13:00:21,3.64,-0.01,10,3640,卖盘
925,13:00:18,3.65,0.01,1,365,买盘
926,13:00:12,3.64,-0.01,81,29484,卖盘
927,13:00:09,3.65,--,20,7300,买盘
928,13:00:06,3.65,--,103,37595,买盘
929,13:00:03,3.65,0.01,684,249660,买盘
930,13:00:00,3.64,--,0,0,买盘
931,11:30:00,3.64,--,100,36400,买盘
932,11:29:48,3.64,--,5,1820,买盘
933,11:29:45,3.64,--,3,1092,买盘
934,11:29:42,3.64,--,3,1092,买盘
935,11:29:39,3.64,0.01,24,8736,买盘
936,11:29:18,3.63,--,86,31218,买盘
937,11:29:15,3.63,--,150,54450,买盘
938,11:29:12,3.63,--,6,2178,买盘
939,11:29:09,3.63,--,37,13431,买盘
940,11:29:06,3.63,--,2,726,买盘
941,11:29:03,3.63,--,10,3630,买盘
942,11:29:00,3.63,--,7,2541,买盘
943,11:28:57,3.63,--,158,57354,买盘
944,11:28:54,3.63,--,10,3630,买盘
945,11:28:51,3.63,--,15,5445,买盘
946,11:28:48,3.63,--,20,7260,买盘
947,11:28:42,3.63,--,13,4719,买盘
948,11:28:30,3.63,--,6,2178,买盘
949,11:28:27,3.63,--,10,3630,买盘
950,11:28:21,3.63,--,24,8712,买盘
951,11:28:18,3.63,--,188,68244,卖盘
952,11:28:12,3.63,-0.01,9,3267,卖盘
953,11:28:09,3.64,--,1,364,买盘
954,11:27:51,3.64,--,19,6916,买盘
955,11:27:48,3.64,--,14,5096,买盘
956,11:27:45,3.64,--,230,83720,买盘
957,11:27:39,3.64,0.01,58,21112,买盘
958,11:27:33,3.63,-0.01,10,3630,卖盘
959,11:27:12,3.64,0.01,88,32032,买盘
960,11:26:45,3.63,--,10,3630,卖盘
961,11:26:42,3.63,--,452,164076,买盘
962,11:26:36,3.63,--,20,7260,买盘
963,11:26:27,3.63,--,50,18150,买盘
964,11:26:15,3.63,--,20,7260,买盘
965,11:26:09,3.63,--,20,7260,买盘
966,11:26:06,3.63,--,2,726,买盘
967,11:26:03,3.63,--,8,2904,卖盘
968,11:25:48,3.63,--,73,26499,买盘
969,11:25:45,3.63,--,93,33759,买盘
970,11:25:39,3.63,--,10,3630,买盘
971,11:25:36,3.63,--,324,117612,卖盘
972,11:25:30,3.63,--,20,7260,卖盘
973,11:25:21,3.63,--,60,21780,卖盘
974,11:25:06,3.63,-0.01,12,4356,卖盘
975,11:25:00,3.64,--,3,1092,买盘
976,11:24:54,3.64,0.01,65,23660,买盘
977,11:24:39,3.63,--,54,19602,买盘
978,11:24:24,3.63,--,1,363,买盘
979,11:24:21,3.63,--,10,3630,买盘
980,11:24:15,3.63,--,1,363,买盘
981,11:24:12,3.63,--,42,15246,买盘
982,11:24:09,3.63,--,22,7986,买盘
983,11:24:06,3.63,--,74,26862,买盘
984,11:24:00,3.63,--,7,2541,买盘
985,11:23:57,3.63,--,10,3630,买盘
986,11:23:51,3.63,--,11,3993,买盘
987,11:23:48,3.63,0.01,8,2904,买盘
988,11:23:45,3.62,-0.01,171,61902,卖盘
989,11:23:42,3.63,--,3,1089,买盘
990,11:23:36,3.63,--,75,27225,买盘
991,11:23:21,3.63,0.01,3,1089,买盘
992,11:23:15,3.62,-0.01,200,72400,卖盘
993,11:23:12,3.63,--,50,18150,买盘
994,11:23:06,3.63,--,10,3630,买盘
995,11:22:57,3.63,--,5,1815,买盘
996,11:22:54,3.63,--,9,3267,买盘
997,11:22:51,3.63,0.02,1,363,买盘
998,11:22:45,3.61,-0.01,286,103246,卖盘
999,11:22:39,3.62,0.01,75,27150,买盘
1000,11:22:15,3.61,--,200,72200,卖盘
1001,11:21:48,3.61,--,40,14440,卖盘
1002,11:21:45,3.61,-0.01,200,72200,卖盘
1003,11:21:36,3.62,0.01,511,184982,买盘
1004,11:21:30,3.61,-0.01,100,36100,卖盘
1005,11:21:18,3.62,0.01,10,3620,买盘
1006,11:21:15,3.61,-0.01,200,72200,卖盘
1007,11:21:00,3.62,--,35,12670,买盘
1008,11:20:54,3.62,0.01,1,362,买盘
1009,11:20:45,3.61,--,200,72200,卖盘
1010,11:20:36,3.61,--,350,126350,卖盘
1011,11:20:30,3.61,--,7,2527,卖盘
1012,11:20:18,3.61,0.01,71,25631,买盘
1013,11:20:15,3.6,--,500,180000,卖盘
1014,11:20:12,3.6,--,100,36000,卖盘
1015,11:20:09,3.6,-0.01,50,18000,卖盘
1016,11:20:03,3.61,--,13,4693,买盘
1017,11:20:00,3.61,--,1,361,买盘
1018,11:19:57,3.61,0.01,70,25270,买盘
1019,11:19:51,3.6,-0.01,10,3600,卖盘
1020,11:19:48,3.61,0.01,265,95665,买盘
1021,11:19:45,3.6,-0.01,213,76680,卖盘
1022,11:19:39,3.61,--,28,10108,买盘
1023,11:19:33,3.61,--,1,361,买盘
1024,11:19:27,3.61,--,1848,667128,卖盘
1025,11:19:21,3.61,--,5,1805,卖盘
1026,11:19:18,3.61,--,268,96748,卖盘
1027,11:19:15,3.61,--,230,83030,卖盘
1028,11:19:12,3.61,-0.01,5,1805,卖盘
1029,11:19:09,3.62,0.01,2,724,买盘
1030,11:18:57,3.61,-0.01,20,7220,卖盘
1031,11:18:51,3.62,--,6,2172,买盘
1032,11:18:45,3.62,0.01,210,76020,买盘
1033,11:18:24,3.61,-0.01,5,1805,卖盘
1034,11:18:21,3.62,--,10,3620,买盘
1035,11:18:15,3.62,--,30,10860,卖盘
1036,11:18:06,3.62,--,20,7240,卖盘
1037,11:17:45,3.62,0.01,2,724,买盘
1038,11:17:36,3.61,-0.01,20,7220,卖盘
1039,11:17:06,3.62,-0.01,105,38010,卖盘
1040,11:17:03,3.63,--,20,7260,买盘
1041,11:16:45,3.63,0.01,45,16335,买盘
1042,11:16:36,3.62,--,282,102084,买盘
1043,11:16:33,3.62,--,50,18100,买盘
1044,11:16:30,3.62,0.01,5,1810,买盘
1045,11:16:24,3.61,-0.01,66,23826,卖盘
1046,11:16:18,3.62,--,2,724,买盘
1047,11:16:12,3.62,--,22,7964,买盘
1048,11:16:06,3.62,-0.01,125,45250,卖盘
1049,11:15:54,3.63,0.02,11,3993,买盘
1050,11:15:36,3.61,-0.01,200,72200,卖盘
1051,11:15:27,3.62,--,6,2172,买盘
1052,11:15:24,3.62,--,2,724,买盘
1053,11:15:21,3.62,--,140,50680,买盘
1054,11:15:09,3.62,--,10,3620,买盘
1055,11:15:06,3.62,--,62,22444,卖盘
1056,11:15:03,3.62,0.01,2,724,卖盘
1057,11:14:45,3.61,-0.01,478,172558,卖盘
1058,11:14:39,3.62,--,27,9774,买盘
1059,11:14:36,3.62,--,400,144800,买盘
1060,11:14:33,3.62,0.01,29,10498,买盘
1061,11:14:30,3.61,--,248,89528,卖盘
1062,11:14:15,3.61,--,40,14440,卖盘
1063,11:14:06,3.61,--,200,72200,卖盘
1064,11:13:54,3.61,--,1042,376162,买盘
1065,11:13:45,3.61,--,687,248007,买盘
1066,11:13:42,3.61,--,215,77615,买盘
1067,11:13:39,3.61,--,1511,545471,卖盘
1068,11:13:36,3.61,-0.01,205,74005,卖盘
1069,11:13:33,3.62,0.01,16,5792,买盘
1070,11:13:30,3.61,-0.01,32,11552,卖盘
1071,11:13:27,3.62,--,50,18100,买盘
1072,11:13:24,3.62,--,22,7964,买盘
1073,11:13:12,3.62,0.01,300,108600,买盘
1074,11:13:06,3.61,-0.01,600,216600,卖盘
1075,11:13:03,3.62,0.01,1,362,买盘
1076,11:12:57,3.61,-0.01,4,1444,卖盘
1077,11:12:54,3.62,--,3,1086,买盘
1078,11:12:51,3.62,--,70,25340,买盘
1079,11:12:42,3.62,--,100,36200,买盘
1080,11:12:39,3.62,--,10,3620,买盘
1081,11:12:33,3.62,-0.01,345,124890,卖盘
1082,11:12:30,3.63,--,2,726,买盘
1083,11:12:27,3.63,0.01,1,363,买盘
1084,11:12:18,3.62,--,138,49956,卖盘
1085,11:12:12,3.62,--,10,3620,卖盘
1086,11:12:09,3.62,--,88,31856,卖盘
1087,11:12:06,3.62,-0.01,780,282360,卖盘
1088,11:12:00,3.63,0.01,760,275880,买盘
1089,11:11:54,3.62,--,101,36562,卖盘
1090,11:11:36,3.62,-0.01,200,72400,卖盘
1091,11:11:27,3.63,0.01,25,9075,买盘
1092,11:11:24,3.62,-0.01,75,27150,卖盘
1093,11:11:18,3.63,0.01,50,18150,买盘
1094,11:11:06,3.62,--,200,72400,卖盘
1095,11:10:57,3.62,--,150,54300,卖盘
1096,11:10:54,3.62,-0.01,3,1086,卖盘
1097,11:10:51,3.63,0.01,28,10164,买盘
1098,11:10:36,3.62,-0.01,200,72400,卖盘
1099,11:10:33,3.63,--,239,86757,买盘
1100,11:10:27,3.63,--,1,363,买盘
1101,11:10:18,3.63,--,250,90750,卖盘
1102,11:10:15,3.63,--,1,363,卖盘
1103,11:10:06,3.63,--,200,72600,卖盘
1104,11:10:00,3.63,--,42,15246,卖盘
1105,11:09:51,3.63,--,20,7260,卖盘
1106,11:09:48,3.63,-0.01,156,56628,卖盘
1107,11:09:45,3.64,0.01,3,1092,买盘
1108,11:09:30,3.63,-0.01,42,15246,卖盘
1109,11:09:21,3.64,0.01,2,728,买盘
1110,11:09:06,3.63,--,2,726,卖盘
1111,11:08:54,3.63,--,2,726,卖盘
1112,11:08:51,3.63,--,24,8712,卖盘
1113,11:08:18,3.63,--,16,5808,卖盘
1114,11:08:12,3.63,--,30,10890,卖盘
1115,11:08:09,3.63,-0.01,37,13431,卖盘
1116,11:08:00,3.64,--,51,18564,买盘
1117,11:07:51,3.64,0.01,15,5460,买盘
1118,11:07:48,3.63,--,160,58080,卖盘
1119,11:07:27,3.63,--,32,11616,卖盘
1120,11:07:09,3.63,-0.01,2,726,卖盘
1121,11:07:03,3.64,0.01,430,156520,买盘
1122,11:06:57,3.63,-0.01,28,10164,卖盘
1123,11:06:42,3.64,0.01,340,123760,买盘
1124,11:06:27,3.63,--,20,7260,卖盘
1125,11:06:21,3.63,--,28,10164,卖盘
1126,11:06:06,3.63,--,271,98373,买盘
1127,11:06:00,3.63,--,200,72600,买盘
1128,11:05:54,3.63,--,278,100914,买盘
1129,11:05:48,3.63,--,104,37752,买盘
1130,11:05:45,3.63,--,18,6534,买盘
1131,11:05:39,3.63,--,1,363,买盘
1132,11:05:18,3.63,0.01,4,1452,买盘
1133,11:05:15,3.62,-0.01,7,2534,卖盘
1134,11:05:12,3.63,--,98,35574,买盘
1135,11:05:09,3.63,0.01,15,5445,买盘
1136,11:04:54,3.62,-0.01,10,3620,卖盘
1137,11:04:51,3.63,--,19,6897,买盘
1138,11:04:48,3.63,--,3,1089,买盘
1139,11:04:42,3.63,--,30,10890,买盘
1140,11:04:39,3.63,--,8,2904,买盘
1141,11:04:27,3.63,--,40,14520,买盘
1142,11:04:12,3.63,-0.01,1320,479160,卖盘
1143,11:04:00,3.64,--,37,13468,买盘
1144,11:03:45,3.64,--,15,5460,买盘
1145,11:03:39,3.64,--,40,14560,买盘
1146,11:03:33,3.64,--,39,14196,买盘
1147,11:03:15,3.64,--,10,3640,买盘
1148,11:03:06,3.64,--,10,3640,买盘
1149,11:03:00,3.64,--,5,1885,卖盘
1150,11:02:57,3.64,--,213,77823,卖盘
1151,11:02:51,3.64,--,36,13104,卖盘
1152,11:02:45,3.64,--,195,70980,卖盘
1153,11:02:33,3.64,--,1015,369460,卖盘
1154,11:02:27,3.64,-0.01,68,24752,卖盘
1155,11:02:24,3.65,0.01,6,2190,买盘
1156,11:02:18,3.64,-0.01,46,16744,卖盘
1157,11:02:09,3.65,--,20,7300,买盘
1158,11:02:06,3.65,--,11,4015,买盘
1159,11:02:00,3.65,--,50,18250,买盘
1160,11:01:33,3.65,--,569,207685,买盘
1161,11:01:30,3.65,0.01,2,730,买盘
1162,11:01:27,3.64,-0.01,0,7,卖盘
1163,11:01:24,3.65,--,1,365,买盘
1164,11:01:18,3.65,0.01,10,3650,买盘
1165,11:01:12,3.64,-0.01,13,4732,卖盘
1166,11:01:03,3.65,--,1,365,买盘
1167,11:01:00,3.65,0.01,7,2555,买盘
1168,11:00:57,3.64,-0.01,2,728,卖盘
1169,11:00:54,3.65,--,1,365,买盘
1170,11:00:45,3.65,--,308,112420,买盘
1171,11:00:42,3.65,--,23,8395,买盘
1172,11:00:39,3.65,0.01,100,36500,买盘
1173,11:00:30,3.64,--,1,364,卖盘
1174,11:00:27,3.64,-0.01,137,49868,卖盘
1175,11:00:24,3.65,--,10,3650,买盘
1176,11:00:15,3.65,--,17,6205,买盘
1177,11:00:12,3.65,--,48,17520,买盘
1178,10:59:57,3.65,--,6,2190,买盘
1179,10:59:54,3.65,--,86,31390,买盘
1180,10:59:51,3.65,0.01,24,8760,买盘
1181,10:59:42,3.64,-0.01,24,8736,卖盘
1182,10:59:39,3.65,--,2,730,买盘
1183,10:59:30,3.65,0.01,38,13870,买盘
1184,10:59:27,3.64,-0.01,228,82992,卖盘
1185,10:59:21,3.65,0.01,22,8030,买盘
1186,10:59:15,3.64,-0.01,274,99736,卖盘
1187,10:59:06,3.65,--,50,18250,买盘
1188,10:58:57,3.65,--,216,78840,买盘
1189,10:58:51,3.65,--,302,110230,买盘
1190,10:58:48,3.65,--,7,2555,买盘
1191,10:58:45,3.65,--,24,8760,买盘
1192,10:58:42,3.65,--,9,3285,买盘
1193,10:58:36,3.65,--,808,294920,买盘
1194,10:58:33,3.65,--,250,91250,买盘
1195,10:58:30,3.65,--,9,3285,买盘
1196,10:58:27,3.65,--,761,277765,买盘
1197,10:58:24,3.65,--,161,58765,买盘
1198,10:58:21,3.65,--,22,8030,买盘
1199,10:58:06,3.65,--,1250,456250,买盘
1200,10:58:03,3.65,0.01,30,10950,买盘
1201,10:57:48,3.64,--,26,9464,卖盘
1202,10:57:42,3.64,--,32,11648,买盘
1203,10:57:33,3.64,--,104,37856,买盘
1204,10:57:30,3.64,--,1,364,买盘
1205,10:57:27,3.64,-0.01,1,364,中性盘
1206,10:57:12,3.65,0.02,18,6570,买盘
1207,10:57:03,3.63,-0.02,40,14520,卖盘
1208,10:56:57,3.65,--,12,4380,买盘
1209,10:56:48,3.65,0.01,3,1095,买盘
1210,10:56:45,3.64,--,2,728,买盘
1211,10:56:42,3.64,--,59,21476,买盘
1212,10:56:39,3.64,--,12,4368,买盘
1213,10:56:36,3.64,--,2,728,买盘
1214,10:56:33,3.64,--,3,1092,买盘
1215,10:56:27,3.64,--,6,2184,买盘
1216,10:56:24,3.64,--,3,1092,买盘
1217,10:56:21,3.64,-0.01,486,176904,卖盘
1218,10:55:57,3.65,--,20,7300,买盘
1219,10:55:39,3.65,--,142,51830,买盘
1220,10:55:36,3.65,--,1,365,买盘
1221,10:55:30,3.65,0.01,1,365,买盘
1222,10:55:18,3.64,0.01,73,26572,买盘
1223,10:55:09,3.63,-0.01,8,2904,卖盘
1224,10:55:03,3.64,--,17,6188,卖盘
1225,10:54:57,3.64,--,541,196924,买盘
1226,10:54:36,3.64,--,110,40040,买盘
1227,10:54:18,3.64,-0.01,430,156520,卖盘
1228,10:54:15,3.65,--,3,1095,买盘
1229,10:54:09,3.65,--,3,1095,买盘
1230,10:54:00,3.65,0.01,4,1460,买盘
1231,10:53:51,3.64,-0.01,45,16380,卖盘
1232,10:53:39,3.65,--,1,365,买盘
1233,10:53:30,3.65,--,1,365,买盘
1234,10:53:27,3.65,--,4,1460,买盘
1235,10:53:09,3.65,0.01,23,8395,买盘
1236,10:52:39,3.64,--,767,279188,买盘
1237,10:52:36,3.64,0.01,3,1092,买盘
1238,10:52:03,3.63,--,216,78408,买盘
1239,10:52:00,3.63,--,130,47190,买盘
1240,10:51:57,3.63,--,68,24684,买盘
1241,10:51:51,3.63,--,580,210540,买盘
1242,10:51:45,3.63,--,10,3630,买盘
1243,10:51:42,3.63,--,364,132132,买盘
1244,10:51:39,3.63,--,30,10890,买盘
1245,10:51:36,3.63,--,19,6897,买盘
1246,10:51:33,3.63,--,10,3630,买盘
1247,10:51:30,3.63,--,5,1815,买盘
1248,10:51:27,3.63,--,10,3630,买盘
1249,10:51:21,3.63,--,15,5445,买盘
1250,10:51:15,3.63,--,50,18150,买盘
1251,10:51:06,3.63,--,10,3630,买盘
1252,10:51:03,3.63,--,163,59169,买盘
1253,10:51:00,3.63,--,17,6171,买盘
1254,10:50:57,3.63,--,512,185856,买盘
1255,10:50:54,3.63,--,9,3267,买盘
1256,10:50:51,3.63,0.01,165,59895,买盘
1257,10:50:45,3.62,-0.01,1,362,卖盘
1258,10:50:42,3.63,0.01,4,1452,买盘
1259,10:50:33,3.62,--,445,161090,买盘
1260,10:50:30,3.62,--,12,4344,买盘
1261,10:50:27,3.62,--,22,7964,买盘
1262,10:50:24,3.62,--,22,7964,买盘
1263,10:50:21,3.62,--,24,8688,买盘
1264,10:50:18,3.62,0.01,204,73848,买盘
1265,10:50:15,3.61,-0.01,416,150176,卖盘
1266,10:50:09,3.62,--,12,4344,买盘
1267,10:50:06,3.62,--,20,7240,买盘
1268,10:50:03,3.62,--,14,5068,买盘
1269,10:49:54,3.62,--,62,22444,买盘
1270,10:49:51,3.62,--,24,8688,买盘
1271,10:49:45,3.62,-0.01,100,36200,卖盘
1272,10:49:42,3.63,--,2,726,买盘
1273,10:49:39,3.63,0.01,6,2178,买盘
1274,10:49:33,3.62,-0.01,30,10860,卖盘
1275,10:49:30,3.63,0.01,59,21417,买盘
1276,10:49:27,3.62,--,776,280912,卖盘
1277,10:49:18,3.62,-0.01,20,7240,卖盘
1278,10:49:03,3.63,--,20,7260,买盘
1279,10:49:00,3.63,--,1,363,买盘
1280,10:48:45,3.63,--,3,1089,买盘
1281,10:48:42,3.63,0.01,5,1815,买盘
1282,10:48:36,3.62,--,8,2896,卖盘
1283,10:48:33,3.62,--,30,10860,卖盘
1284,10:48:15,3.62,--,12,4344,卖盘
1285,10:48:00,3.62,0.01,17,6154,买盘
1286,10:47:54,3.61,-0.02,23,8303,卖盘
1287,10:47:24,3.63,0.01,2,726,买盘
1288,10:47:21,3.62,-0.01,1444,522728,卖盘
1289,10:47:09,3.63,-0.01,674,244662,卖盘
1290,10:46:54,3.64,0.01,20,7280,买盘
1291,10:46:51,3.63,--,52,18876,卖盘
1292,10:46:42,3.63,-0.01,2,726,卖盘
1293,10:46:39,3.64,0.01,2,728,买盘
1294,10:46:30,3.63,--,23,8349,买盘
1295,10:46:06,3.63,-0.01,8,2904,中性盘
1296,10:45:57,3.64,0.02,6,2184,买盘
1297,10:45:48,3.62,--,90,32580,卖盘
1298,10:45:45,3.62,--,4,1448,卖盘
1299,10:45:30,3.62,--,600,217200,卖盘
1300,10:45:21,3.62,--,5,1810,卖盘
1301,10:45:12,3.62,-0.01,200,72400,卖盘
1302,10:45:09,3.63,--,554,201102,卖盘
1303,10:45:03,3.63,--,8,2904,卖盘
1304,10:44:57,3.63,-0.01,28,10164,卖盘
1305,10:44:27,3.64,0.01,44,16016,买盘
1306,10:44:24,3.63,-0.01,26,9438,卖盘
1307,10:44:21,3.64,--,10,3640,买盘
1308,10:44:12,3.64,0.01,181,65884,买盘
1309,10:44:09,3.63,-0.01,10,3630,卖盘
1310,10:43:42,3.64,0.01,100,36400,买盘
1311,10:43:36,3.63,--,8,2904,卖盘
1312,10:43:24,3.63,--,3,1089,卖盘
1313,10:43:18,3.63,-0.01,18,6534,卖盘
1314,10:43:12,3.64,--,1,364,买盘
1315,10:42:57,3.64,-0.01,9,3276,卖盘
1316,10:42:33,3.65,--,2,730,买盘
1317,10:42:24,3.65,0.01,2,730,买盘
1318,10:42:00,3.64,-0.01,846,307944,卖盘
1319,10:41:39,3.65,0.01,99,36135,买盘
1320,10:41:36,3.64,--,20,7280,卖盘
1321,10:41:24,3.64,--,46,16744,卖盘
1322,10:41:00,3.64,--,1,364,卖盘
1323,10:40:57,3.64,-0.01,1,364,卖盘
1324,10:40:51,3.65,--,356,130290,卖盘
1325,10:40:42,3.65,--,47,17155,卖盘
1326,10:40:30,3.65,-0.01,14,5110,卖盘
1327,10:40:27,3.66,0.01,41,15006,买盘
1328,10:40:21,3.65,--,18,6570,卖盘
1329,10:40:09,3.65,--,9,3285,卖盘
1330,10:40:00,3.65,--,24,8760,卖盘
1331,10:39:57,3.65,--,3,1095,卖盘
1332,10:39:42,3.65,--,4,1460,卖盘
1333,10:39:39,3.65,-0.01,120,43800,卖盘
1334,10:39:36,3.66,0.01,92,33672,买盘
1335,10:39:24,3.65,--,169,61699,买盘
1336,10:39:21,3.65,--,433,158395,卖盘
1337,10:39:15,3.65,--,28,10220,卖盘
1338,10:39:12,3.65,--,50,18250,卖盘
1339,10:39:06,3.65,-0.01,20,7300,卖盘
1340,10:39:03,3.66,0.01,23,8418,买盘
1341,10:38:39,3.65,--,2,730,卖盘
1342,10:38:36,3.65,--,100,36500,卖盘
1343,10:38:33,3.65,--,26,9490,卖盘
1344,10:38:21,3.65,--,225,82139,买盘
1345,10:38:18,3.65,--,2,730,买盘
1346,10:38:12,3.65,--,30,10950,买盘
1347,10:38:09,3.65,--,52,18980,买盘
1348,10:38:06,3.65,--,40,14600,买盘
1349,10:37:57,3.65,--,158,57670,买盘
1350,10:37:51,3.65,--,7,2555,买盘
1351,10:37:48,3.65,--,2,730,买盘
1352,10:37:45,3.65,--,2,730,买盘
1353,10:37:36,3.65,--,91,33215,买盘
1354,10:37:33,3.65,0.01,2,730,买盘
1355,10:37:18,3.64,-0.01,36,13104,卖盘
1356,10:37:15,3.65,--,51,18615,买盘
1357,10:37:09,3.65,0.01,1,365,买盘
1358,10:37:00,3.64,-0.01,36,13104,卖盘
1359,10:36:54,3.65,--,1,365,买盘
1360,10:36:42,3.65,--,2,730,买盘
1361,10:36:12,3.65,--,11,4015,买盘
1362,10:35:42,3.65,--,200,73000,买盘
1363,10:35:27,3.65,--,35,12775,买盘
1364,10:35:24,3.65,--,10,3650,买盘
1365,10:35:21,3.65,--,80,29200,买盘
1366,10:35:15,3.65,--,30,10950,买盘
1367,10:34:54,3.65,0.01,281,102565,买盘
1368,10:34:42,3.64,--,20,7280,卖盘
1369,10:34:36,3.64,--,200,72800,卖盘
1370,10:34:24,3.64,--,7,2548,卖盘
1371,10:34:00,3.64,--,10,3640,卖盘
1372,10:33:57,3.64,-0.01,60,21840,卖盘
1373,10:33:45,3.65,--,165,60225,买盘
1374,10:33:39,3.65,--,20,7300,买盘
1375,10:33:36,3.65,--,4,1460,买盘
1376,10:33:27,3.65,--,5,1825,买盘
1377,10:33:06,3.65,--,10,3650,买盘
1378,10:33:03,3.65,--,5,1825,买盘
1379,10:32:54,3.65,--,5,1825,买盘
1380,10:32:45,3.65,--,50,18250,买盘
1381,10:32:42,3.65,--,66,24090,卖盘
1382,10:32:39,3.65,--,54,19710,买盘
1383,10:32:33,3.65,-0.01,10,3650,中性盘
1384,10:32:30,3.66,0.01,2,732,买盘
1385,10:32:27,3.65,--,78,28470,买盘
1386,10:32:21,3.65,--,1,365,买盘
1387,10:32:18,3.65,--,471,171915,卖盘
1388,10:32:15,3.65,--,36,13140,卖盘
1389,10:32:12,3.65,--,26,9490,卖盘
1390,10:32:03,3.65,--,110,40150,卖盘
1391,10:32:00,3.65,-0.01,30,10950,卖盘
1392,10:31:57,3.66,0.01,30,10980,买盘
1393,10:31:54,3.65,--,531,193815,卖盘
1394,10:31:36,3.65,--,1,365,卖盘
1395,10:31:27,3.65,-0.01,136,49640,卖盘
1396,10:31:24,3.66,0.01,4,1464,买盘
1397,10:31:12,3.65,--,33,12045,卖盘
1398,10:31:09,3.65,-0.01,28,10220,卖盘
1399,10:30:57,3.66,--,50,18300,买盘
1400,10:30:48,3.66,--,5,1830,买盘
1401,10:30:36,3.66,--,40,14640,买盘
1402,10:30:03,3.66,--,78,28548,买盘
1403,10:29:42,3.66,--,20,7320,买盘
1404,10:29:39,3.66,--,2,732,买盘
1405,10:29:36,3.66,0.01,5,1830,买盘
1406,10:29:30,3.65,-0.01,2,730,卖盘
1407,10:29:21,3.66,0.01,1,366,买盘
1408,10:29:15,3.65,--,89,32485,买盘
1409,10:29:06,3.65,--,21,7665,买盘
1410,10:29:03,3.65,--,65,23725,买盘
1411,10:29:00,3.65,--,64,23360,买盘
1412,10:28:57,3.65,--,11,4015,买盘
1413,10:28:54,3.65,--,100,36500,买盘
1414,10:28:51,3.65,--,54,19710,买盘
1415,10:28:45,3.65,0.01,2,730,买盘
1416,10:28:27,3.64,--,100,36400,卖盘
1417,10:28:24,3.64,--,19,6916,卖盘
1418,10:28:18,3.64,--,22,8008,卖盘
1419,10:28:12,3.64,--,417,151788,买盘
1420,10:28:09,3.64,--,82,29848,买盘
1421,10:28:06,3.64,--,51,18564,买盘
1422,10:28:03,3.64,--,115,41860,买盘
1423,10:27:57,3.64,--,1,364,买盘
1424,10:27:48,3.64,--,73,26572,买盘
1425,10:27:45,3.64,--,36,13104,买盘
1426,10:27:42,3.64,-0.01,225,81900,卖盘
1427,10:27:36,3.65,--,13,4745,买盘
1428,10:27:27,3.65,--,9,3285,买盘
1429,10:27:18,3.65,--,110,40150,买盘
1430,10:27:15,3.65,0.01,2,730,买盘
1431,10:27:00,3.64,-0.01,100,36400,卖盘
1432,10:26:57,3.65,--,1,365,买盘
1433,10:26:54,3.65,--,8,2920,买盘
1434,10:26:39,3.65,--,13,4745,买盘
1435,10:26:30,3.65,--,2,730,买盘
1436,10:26:24,3.65,0.01,1,365,买盘
1437,10:26:15,3.64,-0.01,280,101920,卖盘
1438,10:26:09,3.65,--,80,29200,买盘
1439,10:26:00,3.65,0.01,2,730,买盘
1440,10:25:57,3.64,--,2,728,卖盘
1441,10:25:42,3.64,--,22,8008,买盘
1442,10:25:39,3.64,--,302,109928,买盘
1443,10:25:36,3.64,--,1,364,买盘
1444,10:25:27,3.64,--,14,5096,买盘
1445,10:25:24,3.64,--,60,21840,买盘
1446,10:25:21,3.64,--,246,89544,买盘
1447,10:25:18,3.64,--,40,14560,买盘
1448,10:25:12,3.64,--,1,364,买盘
1449,10:25:09,3.64,--,3,1092,买盘
1450,10:25:00,3.64,--,2,728,买盘
1451,10:24:57,3.64,--,10,3640,买盘
1452,10:24:54,3.64,--,150,54600,买盘
1453,10:24:39,3.64,0.01,20,7280,买盘
1454,10:24:21,3.63,-0.01,10,3630,卖盘
1455,10:24:15,3.64,--,1,364,买盘
1456,10:24:09,3.64,0.01,50,18200,买盘
1457,10:24:06,3.63,--,22,7986,卖盘
1458,10:24:00,3.63,--,203,73689,卖盘
1459,10:23:45,3.63,-0.01,147,53361,卖盘
1460,10:23:36,3.64,0.01,119,43316,买盘
1461,10:23:30,3.63,-0.01,302,109626,卖盘
1462,10:23:24,3.64,0.01,12,4368,买盘
1463,10:23:21,3.63,--,100,36300,卖盘
1464,10:23:00,3.63,--,70,25410,卖盘
1465,10:22:48,3.63,--,344,124872,买盘
1466,10:22:39,3.63,--,10,3630,买盘
1467,10:22:33,3.63,-0.01,866,314358,卖盘
1468,10:22:30,3.64,--,1,364,买盘
1469,10:22:15,3.64,0.01,23,8372,买盘
1470,10:22:03,3.63,-0.01,6,2178,卖盘
1471,10:22:00,3.64,--,40,14560,买盘
1472,10:21:57,3.64,--,2,728,买盘
1473,10:21:48,3.64,0.01,2,728,买盘
1474,10:21:21,3.63,-0.01,20,7260,卖盘
1475,10:21:12,3.64,0.01,30,10920,买盘
1476,10:21:09,3.63,-0.01,24,8712,卖盘
1477,10:21:03,3.64,--,296,107744,买盘
1478,10:20:39,3.64,--,2,728,买盘
1479,10:20:33,3.64,--,1,364,买盘
1480,10:20:24,3.64,--,42,15288,买盘
1481,10:20:18,3.64,--,7,2548,买盘
1482,10:20:15,3.64,--,12,4368,买盘
1483,10:20:12,3.64,-0.01,9,3276,卖盘
1484,10:20:06,3.65,0.01,1,365,买盘
1485,10:19:57,3.64,--,44,16016,卖盘
1486,10:19:39,3.64,-0.01,264,96096,卖盘
1487,10:19:30,3.65,--,178,64970,卖盘
1488,10:19:24,3.65,-0.01,39,14235,卖盘
1489,10:19:21,3.66,0.01,2,732,买盘
1490,10:19:15,3.65,--,2,730,卖盘
1491,10:19:06,3.65,--,18,6570,卖盘
1492,10:19:03,3.65,-0.01,29,10585,卖盘
1493,10:19:00,3.66,--,53,19398,买盘
1494,10:18:51,3.66,0.01,32,11712,买盘
1495,10:18:45,3.65,-0.01,10,3650,卖盘
1496,10:18:39,3.66,--,646,236436,买盘
1497,10:18:36,3.66,--,10,3660,买盘
1498,10:18:27,3.66,--,4,1464,买盘
1499,10:18:18,3.66,--,5,1830,买盘
1500,10:18:15,3.66,--,9,3294,买盘
1501,10:18:06,3.66,--,1,366,买盘
1502,10:18:03,3.66,--,85,31110,卖盘
1503,10:18:00,3.66,-0.01,32,11712,卖盘
1504,10:17:54,3.67,0.01,29,10643,买盘
1505,10:17:45,3.66,-0.01,30,10980,卖盘
1506,10:17:42,3.67,0.01,24,8808,买盘
1507,10:17:15,3.66,--,3,1098,买盘
1508,10:17:09,3.66,--,183,66978,买盘
1509,10:17:06,3.66,--,10,3660,买盘
1510,10:16:57,3.66,--,3,1098,买盘
1511,10:16:54,3.66,--,30,10980,买盘
1512,10:16:51,3.66,--,65,23790,买盘
1513,10:16:48,3.66,--,17,6222,买盘
1514,10:16:39,3.66,0.01,55,20130,买盘
1515,10:16:36,3.65,-0.01,2,730,卖盘
1516,10:16:30,3.66,--,41,15006,买盘
1517,10:16:27,3.66,0.01,5,1830,买盘
1518,10:16:12,3.65,--,159,58035,买盘
1519,10:16:06,3.65,--,20,7300,买盘
1520,10:16:03,3.65,--,2,730,买盘
1521,10:16:00,3.65,--,1,365,买盘
1522,10:15:57,3.65,--,11,4015,买盘
1523,10:15:54,3.65,--,7,2555,买盘
1524,10:15:51,3.65,--,30,10950,买盘
1525,10:15:48,3.65,0.01,10,3650,买盘
1526,10:15:36,3.64,--,5,1820,卖盘
1527,10:15:24,3.64,--,313,113932,买盘
1528,10:15:21,3.64,--,4,1456,买盘
1529,10:15:15,3.64,--,50,18200,买盘
1530,10:15:06,3.64,--,50,18200,买盘
1531,10:15:03,3.64,--,31,11284,买盘
1532,10:14:57,3.64,--,4,1456,买盘
1533,10:14:54,3.64,--,10,3640,买盘
1534,10:14:51,3.64,--,7,2548,买盘
1535,10:14:39,3.64,0.01,24,8736,买盘
1536,10:14:18,3.63,--,30,10890,卖盘
1537,10:14:12,3.63,--,18,6534,买盘
1538,10:14:09,3.63,--,3,1089,买盘
1539,10:14:03,3.63,--,100,36300,买盘
1540,10:14:00,3.63,--,5,1815,买盘
1541,10:13:57,3.63,--,13,4719,买盘
1542,10:13:42,3.63,--,5,1815,买盘
1543,10:13:33,3.63,--,51,18513,买盘
1544,10:13:30,3.63,-0.01,43,15609,卖盘
1545,10:13:21,3.64,--,1,364,买盘
1546,10:13:18,3.64,--,2,728,买盘
1547,10:13:12,3.64,0.01,3,1092,买盘
1548,10:13:09,3.63,-0.01,21,7623,卖盘
1549,10:13:00,3.64,--,1,364,买盘
1550,10:12:57,3.64,0.01,10,3640,买盘
1551,10:12:54,3.63,-0.01,8,2904,卖盘
1552,10:12:51,3.64,--,50,18200,买盘
1553,10:12:39,3.64,--,3,1092,买盘
1554,10:12:36,3.64,--,1010,367640,买盘
1555,10:12:06,3.64,--,6,2184,买盘
1556,10:12:00,3.64,--,1,364,买盘
1557,10:11:45,3.64,--,2,728,买盘
1558,10:11:30,3.64,-0.01,334,121576,卖盘
1559,10:11:21,3.65,--,41,14965,买盘
1560,10:11:12,3.65,0.01,54,19710,买盘
1561,10:11:09,3.64,-0.01,10,3640,卖盘
1562,10:11:06,3.65,--,2,730,买盘
1563,10:10:54,3.65,--,11,4015,买盘
1564,10:10:51,3.65,0.01,10,3650,买盘
1565,10:10:48,3.64,--,10,3640,卖盘
1566,10:10:36,3.64,--,247,89908,卖盘
1567,10:10:30,3.64,-0.01,111,40404,卖盘
1568,10:10:27,3.65,0.01,1,365,买盘
1569,10:10:15,3.64,-0.01,20,7280,卖盘
1570,10:10:09,3.65,--,1,365,买盘
1571,10:10:03,3.65,--,37,13505,买盘
1572,10:10:00,3.65,--,30,10950,买盘
1573,10:09:45,3.65,0.01,2,730,买盘
1574,10:09:39,3.64,-0.01,23,8372,卖盘
1575,10:09:36,3.65,--,2,730,买盘
1576,10:09:33,3.65,-0.01,85,31025,卖盘
1577,10:09:27,3.66,--,267,97722,买盘
1578,10:09:24,3.66,--,6,2196,买盘
1579,10:09:18,3.66,--,45,16470,买盘
1580,10:09:09,3.66,--,2,732,买盘
1581,10:09:03,3.66,--,1,366,买盘
1582,10:09:00,3.66,--,41,15006,卖盘
1583,10:08:57,3.66,-0.01,10,3660,卖盘
1584,10:08:51,3.67,0.01,5,1835,买盘
1585,10:08:45,3.66,--,6,2196,卖盘
1586,10:08:42,3.66,--,1,366,卖盘
1587,10:08:36,3.66,--,24,8784,卖盘
1588,10:08:33,3.66,--,2,732,卖盘
1589,10:08:30,3.66,--,16,5856,买盘
1590,10:08:21,3.66,0.01,2,732,中性盘
1591,10:08:12,3.65,--,8,2920,卖盘
1592,10:08:09,3.65,--,13,4745,卖盘
1593,10:08:06,3.65,-0.01,568,207320,卖盘
1594,10:08:03,3.66,--,26,9516,买盘
1595,10:08:00,3.66,--,3,1098,买盘
1596,10:07:57,3.66,--,3,1098,买盘
1597,10:07:54,3.66,--,1,366,买盘
1598,10:07:39,3.66,0.01,10,3660,买盘
1599,10:07:36,3.65,0.04,10,3650,买盘
1600,10:07:27,3.61,-0.04,2605,940405,卖盘
1601,10:07:24,3.65,-0.01,99,36135,卖盘
1602,10:07:21,3.66,--,32,11712,买盘
1603,10:07:09,3.66,--,2,732,买盘
1604,10:07:06,3.66,--,3,1098,买盘
1605,10:07:00,3.66,--,10,3660,买盘
1606,10:06:51,3.66,0.01,4,1464,买盘
1607,10:06:42,3.65,-0.01,10,3650,中性盘
1608,10:06:39,3.66,0.01,71,25986,买盘
1609,10:06:36,3.65,--,2,730,买盘
1610,10:06:33,3.65,--,1,365,买盘
1611,10:06:24,3.65,--,30,10950,买盘
1612,10:06:18,3.65,-0.01,55,20075,卖盘
1613,10:06:09,3.66,0.01,507,185562,买盘
1614,10:05:57,3.65,--,461,168265,买盘
1615,10:05:54,3.65,--,172,62780,买盘
1616,10:05:51,3.65,--,62,22630,买盘
1617,10:05:48,3.65,--,1,365,买盘
1618,10:05:45,3.65,--,29,10585,买盘
1619,10:05:42,3.65,-0.01,49,17885,卖盘
1620,10:05:39,3.66,0.01,43,15738,买盘
1621,10:05:33,3.65,-0.01,250,91250,卖盘
1622,10:05:27,3.66,0.01,291,106506,买盘
1623,10:05:24,3.65,--,8,2920,卖盘
1624,10:05:21,3.65,-0.01,309,112785,卖盘
1625,10:05:15,3.66,--,67,24522,买盘
1626,10:05:12,3.66,--,3,1098,买盘
1627,10:05:06,3.66,0.01,15,5490,买盘
1628,10:05:03,3.65,--,110,40150,卖盘
1629,10:04:51,3.65,0.02,19,6935,中性盘
1630,10:04:21,3.63,-0.01,2094,760122,卖盘
1631,10:04:18,3.64,--,1,364,买盘
1632,10:04:12,3.64,--,5,1820,买盘
1633,10:04:09,3.64,--,3,1092,买盘
1634,10:04:06,3.64,--,57,20748,买盘
1635,10:04:00,3.64,--,62,22568,买盘
1636,10:03:57,3.64,--,24,8736,买盘
1637,10:03:54,3.64,--,46,16744,买盘
1638,10:03:51,3.64,0.01,3254,1184456,买盘
1639,10:03:36,3.63,--,285,103455,买盘
1640,10:03:33,3.63,--,11,3993,买盘
1641,10:03:30,3.63,--,13,4719,买盘
1642,10:03:27,3.63,--,10,3630,买盘
1643,10:03:24,3.63,--,23,8349,买盘
1644,10:03:15,3.63,--,57,20691,买盘
1645,10:03:12,3.63,--,17,6171,买盘
1646,10:03:09,3.63,--,1,363,买盘
1647,10:03:06,3.63,--,36,13068,买盘
1648,10:03:00,3.63,--,3,1089,买盘
1649,10:02:57,3.63,--,2,726,买盘
1650,10:02:54,3.63,--,52,18876,买盘
1651,10:02:51,3.63,--,4,1452,买盘
1652,10:02:45,3.63,0.01,1,363,买盘
1653,10:02:42,3.62,-0.01,15,5430,卖盘
1654,10:02:39,3.63,0.01,5,1815,买盘
1655,10:02:36,3.62,-0.01,500,181000,卖盘
1656,10:02:30,3.63,--,6,2178,买盘
1657,10:02:27,3.63,--,130,47190,买盘
1658,10:02:24,3.63,--,8,2904,买盘
1659,10:02:21,3.63,--,2,726,买盘
1660,10:02:18,3.63,--,10,3630,买盘
1661,10:02:15,3.63,0.01,1,363,买盘
1662,10:02:12,3.62,--,15,5430,卖盘
1663,10:02:03,3.62,-0.01,21,7602,卖盘
1664,10:02:00,3.63,--,20,7260,买盘
1665,10:01:48,3.63,0.01,11,3993,买盘
1666,10:01:42,3.62,-0.01,26,9412,卖盘
1667,10:01:30,3.63,--,100,36300,买盘
1668,10:01:27,3.63,0.01,10,3630,买盘
1669,10:01:21,3.62,--,18,6516,卖盘
1670,10:00:57,3.62,-0.01,294,106428,卖盘
1671,10:00:51,3.63,--,12,4356,买盘
1672,10:00:48,3.63,--,31,11253,买盘
1673,10:00:39,3.63,--,5,1815,买盘
1674,10:00:36,3.63,--,8,2904,买盘
1675,10:00:30,3.63,--,2,726,买盘
1676,10:00:15,3.63,0.01,3,1089,买盘
1677,10:00:06,3.62,-0.01,22,7964,中性盘
1678,09:59:57,3.63,0.01,10,3630,买盘
1679,09:59:51,3.62,--,45,16290,卖盘
1680,09:59:42,3.62,--,16,5792,卖盘
1681,09:59:33,3.62,--,603,218286,买盘
1682,09:59:24,3.62,0.01,10,3620,买盘
1683,09:59:21,3.61,--,20,7220,卖盘
1684,09:59:15,3.61,--,230,83030,买盘
1685,09:59:12,3.61,--,148,53428,买盘
1686,09:59:09,3.61,--,192,69312,买盘
1687,09:59:03,3.61,--,100,36100,买盘
1688,09:59:00,3.61,--,201,72561,买盘
1689,09:58:57,3.61,--,112,40432,买盘
1690,09:58:54,3.61,0.01,2,722,买盘
1691,09:58:51,3.6,--,42,15120,卖盘
1692,09:58:48,3.6,-0.01,638,229680,卖盘
1693,09:58:42,3.61,0.01,130,46930,买盘
1694,09:58:36,3.6,--,4,1440,卖盘
1695,09:58:33,3.6,-0.01,41,14760,卖盘
1696,09:58:30,3.61,0.01,100,36100,买盘
1697,09:58:27,3.6,--,100,36000,卖盘
1698,09:58:24,3.6,--,101,36360,卖盘
1699,09:58:18,3.6,-0.01,15,5400,卖盘
1700,09:58:12,3.61,--,23,8303,买盘
1701,09:58:09,3.61,--,100,36100,买盘
1702,09:58:06,3.61,-0.02,2292,827412,卖盘
1703,09:58:03,3.63,--,260,94380,买盘
1704,09:57:54,3.63,0.01,19,6897,买盘
1705,09:57:51,3.62,-0.01,43,15566,卖盘
1706,09:57:45,3.63,0.01,10,3630,买盘
1707,09:57:39,3.62,--,13,4706,卖盘
1708,09:57:33,3.62,--,70,25340,卖盘
1709,09:57:30,3.62,--,250,90500,卖盘
1710,09:57:27,3.62,--,10,3620,卖盘
1711,09:57:21,3.62,-0.01,4,1448,卖盘
1712,09:57:15,3.63,0.01,23,8349,买盘
1713,09:57:12,3.62,--,26,9412,卖盘
1714,09:57:09,3.62,--,99,35838,卖盘
1715,09:57:06,3.62,--,9,3258,卖盘
1716,09:57:03,3.62,--,10,3620,卖盘
1717,09:57:00,3.62,0.01,32,11584,中性盘
1718,09:56:57,3.61,--,80,28880,卖盘
1719,09:56:54,3.61,-0.02,5,1805,卖盘
1720,09:56:48,3.63,0.01,451,163713,买盘
1721,09:56:42,3.62,--,2,724,买盘
1722,09:56:39,3.62,--,259,93758,卖盘
1723,09:56:36,3.62,--,38,13756,卖盘
1724,09:56:33,3.62,--,40,14480,卖盘
1725,09:56:30,3.62,--,10,3620,卖盘
1726,09:56:27,3.62,--,390,141180,卖盘
1727,09:56:21,3.62,-0.01,106,38372,卖盘
1728,09:56:15,3.63,--,21,7623,买盘
1729,09:56:09,3.63,0.01,78,28314,买盘
1730,09:56:06,3.62,-0.01,5,1810,卖盘
1731,09:56:03,3.63,0.01,10,3630,买盘
1732,09:56:00,3.62,-0.01,3,1086,卖盘
1733,09:55:57,3.63,--,10,3630,买盘
1734,09:55:54,3.63,--,438,158994,卖盘
1735,09:55:51,3.63,--,320,116160,卖盘
1736,09:55:48,3.63,-0.01,410,148830,卖盘
1737,09:55:45,3.64,0.01,3,1092,买盘
1738,09:55:42,3.63,-0.01,151,54813,卖盘
1739,09:55:39,3.64,--,20,7280,买盘
1740,09:55:27,3.64,--,88,32032,卖盘
1741,09:55:21,3.64,--,3,1092,卖盘
1742,09:55:09,3.64,--,110,40040,卖盘
1743,09:55:06,3.64,--,294,107016,买盘
1744,09:55:03,3.64,--,2,728,买盘
1745,09:55:00,3.64,--,61,22204,买盘
1746,09:54:57,3.64,--,15,5460,买盘
1747,09:54:51,3.64,--,99,36036,买盘
1748,09:54:33,3.64,--,10,3640,买盘
1749,09:54:27,3.64,--,337,122668,卖盘
1750,09:54:24,3.64,-0.01,20,7280,卖盘
1751,09:54:21,3.65,--,11,4015,买盘
1752,09:54:18,3.65,--,403,147095,买盘
1753,09:54:12,3.65,0.01,468,170820,买盘
1754,09:54:03,3.64,-0.01,2,728,卖盘
1755,09:54:00,3.65,--,3,1095,买盘
1756,09:53:51,3.65,--,1,365,买盘
1757,09:53:45,3.65,--,4,1460,买盘
1758,09:53:42,3.65,0.01,160,58400,买盘
1759,09:53:39,3.64,--,3,1092,卖盘
1760,09:53:36,3.64,-0.01,5,1820,卖盘
1761,09:53:30,3.65,--,30,10950,买盘
1762,09:53:27,3.65,--,1,365,买盘
1763,09:53:21,3.65,--,12,4380,买盘
1764,09:53:09,3.65,--,1,365,买盘
1765,09:53:06,3.65,0.01,5,1825,买盘
1766,09:53:03,3.64,-0.01,100,36400,卖盘
1767,09:52:57,3.65,--,500,182500,买盘
1768,09:52:51,3.65,--,35,12775,买盘
1769,09:52:45,3.65,--,4,1460,买盘
1770,09:52:42,3.65,--,2,730,买盘
1771,09:52:33,3.65,--,5,1825,买盘
1772,09:52:30,3.65,--,41,14965,买盘
1773,09:52:27,3.65,--,2,730,买盘
1774,09:52:24,3.65,--,2,730,买盘
1775,09:52:21,3.65,--,150,54750,买盘
1776,09:52:15,3.65,--,10,3650,买盘
1777,09:52:12,3.65,0.01,40,14600,买盘
1778,09:51:45,3.64,--,66,24024,买盘
1779,09:51:42,3.64,-0.01,4,1456,中性盘
1780,09:51:30,3.65,0.02,500,182500,买盘
1781,09:51:21,3.63,--,34,12342,卖盘
1782,09:51:15,3.63,--,3,1089,卖盘
1783,09:51:12,3.63,--,753,273339,卖盘
1784,09:51:09,3.63,--,200,72600,买盘
1785,09:51:03,3.63,--,5,1815,买盘
1786,09:50:57,3.63,--,108,39204,买盘
1787,09:50:51,3.63,--,2,726,买盘
1788,09:50:45,3.63,0.01,6,2178,买盘
1789,09:50:36,3.62,-0.01,42,15204,卖盘
1790,09:50:27,3.63,0.01,16,5808,买盘
1791,09:50:21,3.62,-0.01,35,12670,卖盘
1792,09:50:18,3.63,0.01,3,1089,买盘
1793,09:50:15,3.62,--,240,86880,卖盘
1794,09:50:12,3.62,--,80,28960,卖盘
1795,09:50:09,3.62,-0.01,44,15928,卖盘
1796,09:50:06,3.63,0.01,19,6897,买盘
1797,09:50:03,3.62,-0.01,20,7240,卖盘
1798,09:49:57,3.63,0.01,5,1815,买盘
1799,09:49:54,3.62,-0.01,2,724,卖盘
1800,09:49:51,3.63,--,95,34485,买盘
1801,09:49:48,3.63,--,20,7260,买盘
1802,09:49:45,3.63,0.01,5,1815,买盘
1803,09:49:42,3.62,-0.01,50,18100,卖盘
1804,09:49:39,3.63,0.01,26,9438,买盘
1805,09:49:36,3.62,-0.01,60,21720,卖盘
1806,09:49:30,3.63,--,13,4719,买盘
1807,09:49:24,3.63,--,2,726,买盘
1808,09:49:18,3.63,--,30,10890,买盘
1809,09:49:12,3.63,--,1,363,买盘
1810,09:49:09,3.63,--,50,18150,买盘
1811,09:49:06,3.63,--,16,5808,买盘
1812,09:49:03,3.63,--,22,7986,买盘
1813,09:48:51,3.63,--,3,1089,买盘
1814,09:48:45,3.63,0.01,2,726,买盘
1815,09:48:36,3.62,-0.01,103,37286,卖盘
1816,09:48:33,3.63,--,1,363,买盘
1817,09:48:24,3.63,-0.01,18,6534,卖盘
1818,09:48:21,3.64,0.01,6,2184,买盘
1819,09:48:18,3.63,-0.01,8,2904,卖盘
1820,09:48:15,3.64,0.01,37,13468,买盘
1821,09:48:12,3.63,--,5,1815,买盘
1822,09:48:09,3.63,-0.01,153,55539,卖盘
1823,09:48:06,3.64,--,197,71708,买盘
1824,09:48:03,3.64,0.01,11,4004,买盘
1825,09:48:00,3.63,--,84,30492,卖盘
1826,09:47:57,3.63,-0.01,332,120516,卖盘
1827,09:47:54,3.64,--,1,364,买盘
1828,09:47:51,3.64,--,31,11284,买盘
1829,09:47:45,3.64,--,11,4004,买盘
1830,09:47:42,3.64,--,60,21840,买盘
1831,09:47:39,3.64,-0.01,607,220948,卖盘
1832,09:47:36,3.65,--,2,730,买盘
1833,09:47:33,3.65,--,20,7300,买盘
1834,09:47:30,3.65,--,80,29200,买盘
1835,09:47:27,3.65,--,11,4015,买盘
1836,09:47:21,3.65,--,15,5475,买盘
1837,09:47:15,3.65,--,5,1825,买盘
1838,09:47:12,3.65,--,30,10950,买盘
1839,09:47:09,3.65,--,32,11680,买盘
1840,09:47:06,3.65,--,44,16060,买盘
1841,09:47:00,3.65,--,36,13140,买盘
1842,09:46:57,3.65,--,1,365,买盘
1843,09:46:54,3.65,--,162,59130,买盘
1844,09:46:51,3.65,--,56,20440,买盘
1845,09:46:48,3.65,0.01,10,3650,买盘
1846,09:46:45,3.64,-0.01,23,8372,卖盘
1847,09:46:42,3.65,--,60,21900,买盘
1848,09:46:39,3.65,--,1,365,买盘
1849,09:46:36,3.65,--,20,7300,买盘
1850,09:46:33,3.65,--,20,7300,买盘
1851,09:46:30,3.65,--,4,1460,买盘
1852,09:46:27,3.65,--,27,9855,买盘
1853,09:46:24,3.65,--,3,1095,买盘
1854,09:46:18,3.65,--,81,29565,买盘
1855,09:46:15,3.65,--,8,2920,买盘
1856,09:46:12,3.65,--,6,2190,买盘
1857,09:46:09,3.65,0.01,20,7300,买盘
1858,09:46:06,3.64,-0.01,50,18200,卖盘
1859,09:46:03,3.65,0.01,105,38325,买盘
1860,09:45:51,3.64,0.01,698,254072,买盘
1861,09:45:48,3.63,-0.01,166,60258,卖盘
1862,09:45:45,3.64,--,3,1092,买盘
1863,09:45:42,3.64,0.01,1034,376376,买盘
1864,09:45:27,3.63,--,70,25410,买盘
1865,09:45:24,3.63,--,400,145200,买盘
1866,09:45:18,3.63,--,100,36300,买盘
1867,09:45:09,3.63,0.01,3,1089,买盘
1868,09:44:54,3.62,--,101,36562,买盘
1869,09:44:51,3.62,--,18,6516,买盘
1870,09:44:48,3.62,--,109,39458,买盘
1871,09:44:42,3.62,-0.01,166,60092,卖盘
1872,09:44:39,3.63,0.01,2,726,买盘
1873,09:44:36,3.62,-0.01,412,149144,卖盘
1874,09:44:33,3.63,--,12,4356,买盘
1875,09:44:30,3.63,--,7,2541,买盘
1876,09:44:27,3.63,--,20,7260,买盘
1877,09:44:21,3.63,--,27,9801,买盘
1878,09:44:18,3.63,0.01,280,101640,买盘
1879,09:44:09,3.62,-0.01,154,55748,卖盘
1880,09:44:03,3.63,0.01,2,726,买盘
1881,09:44:00,3.62,0.01,390,141180,买盘
1882,09:43:57,3.61,-0.01,144,51984,卖盘
1883,09:43:54,3.62,--,4,1448,买盘
1884,09:43:51,3.62,--,30,10860,买盘
1885,09:43:48,3.62,--,30,10860,买盘
1886,09:43:45,3.62,-0.01,4,1448,卖盘
1887,09:43:42,3.63,0.02,12,4356,买盘
1888,09:43:39,3.61,-0.02,1,361,卖盘
1889,09:43:36,3.63,0.01,215,78045,买盘
1890,09:43:24,3.62,--,270,97740,卖盘
1891,09:43:21,3.62,--,12,4344,买盘
1892,09:43:18,3.62,0.01,110,39820,买盘
1893,09:43:15,3.61,-0.01,224,80864,卖盘
1894,09:43:12,3.62,--,15,5430,买盘
1895,09:43:09,3.62,0.01,4,1448,买盘
1896,09:43:06,3.61,--,10,3610,卖盘
1897,09:43:03,3.61,-0.01,51,18411,卖盘
1898,09:43:00,3.62,--,9,3258,买盘
1899,09:42:57,3.62,--,170,61540,买盘
1900,09:42:51,3.62,-0.01,79,28598,卖盘
1901,09:42:48,3.63,--,3,1089,买盘
1902,09:42:45,3.63,0.01,10,3630,买盘
1903,09:42:42,3.62,-0.01,1300,470600,卖盘
1904,09:42:39,3.63,--,454,164802,买盘
1905,09:42:36,3.63,--,230,83490,买盘
1906,09:42:33,3.63,--,5,1815,买盘
1907,09:42:30,3.63,--,15,5445,买盘
1908,09:42:27,3.63,--,26,9438,卖盘
1909,09:42:24,3.63,--,95,34485,卖盘
1910,09:42:18,3.63,--,2,726,卖盘
1911,09:42:15,3.63,--,200,72600,卖盘
1912,09:42:12,3.63,-0.01,14,5082,卖盘
1913,09:42:09,3.64,0.01,12,4368,买盘
1914,09:42:06,3.63,-0.01,223,80949,中性盘
1915,09:41:57,3.64,0.01,168,61152,买盘
1916,09:41:54,3.63,--,19,6897,买盘
1917,09:41:51,3.63,-0.01,2,726,中性盘
1918,09:41:48,3.64,0.01,9,3276,买盘
1919,09:41:45,3.63,--,524,190212,买盘
1920,09:41:42,3.63,-0.01,12,4356,卖盘
1921,09:41:39,3.64,0.01,1,364,买盘
1922,09:41:36,3.63,--,1,363,卖盘
1923,09:41:33,3.63,-0.01,101,36663,卖盘
1924,09:41:30,3.64,--,13,4732,买盘
1925,09:41:24,3.64,0.01,264,96096,买盘
1926,09:41:21,3.63,-0.01,200,72600,卖盘
1927,09:41:15,3.64,--,9,3276,买盘
1928,09:41:12,3.64,--,4,1456,买盘
1929,09:41:06,3.64,0.01,65,23660,买盘
1930,09:41:03,3.63,-0.01,211,76593,卖盘
1931,09:40:57,3.64,--,31,11284,买盘
1932,09:40:54,3.64,--,103,37492,买盘
1933,09:40:51,3.64,0.01,31,11284,买盘
1934,09:40:45,3.63,-0.01,38,13794,卖盘
1935,09:40:42,3.64,0.01,4,1456,买盘
1936,09:40:39,3.63,-0.01,37,13431,卖盘
1937,09:40:36,3.64,--,3,1092,买盘
1938,09:40:24,3.64,0.01,10,3640,买盘
1939,09:40:21,3.63,0.01,538,195294,买盘
1940,09:40:15,3.62,--,50,18100,卖盘
1941,09:40:12,3.62,-0.01,12,4344,卖盘
1942,09:40:09,3.63,--,53,19239,买盘
1943,09:40:06,3.63,0.01,50,18150,买盘
1944,09:40:03,3.62,-0.01,11,3982,卖盘
1945,09:40:00,3.63,--,237,86031,买盘
1946,09:39:57,3.63,0.01,5,1815,中性盘
1947,09:39:51,3.62,--,4,1448,卖盘
1948,09:39:48,3.62,--,200,72400,卖盘
1949,09:39:39,3.62,-0.01,539,195118,卖盘
1950,09:39:33,3.63,--,44,15972,买盘
1951,09:39:30,3.63,--,38,13794,买盘
1952,09:39:27,3.63,--,70,25410,买盘
1953,09:39:21,3.63,--,16,5808,买盘
1954,09:39:12,3.63,0.01,100,36300,买盘
1955,09:39:09,3.62,--,100,36200,卖盘
1956,09:39:00,3.62,--,2,724,卖盘
1957,09:38:57,3.62,--,28,10136,买盘
1958,09:38:54,3.62,--,55,19910,买盘
1959,09:38:51,3.62,--,60,21720,买盘
1960,09:38:48,3.62,--,70,25340,买盘
1961,09:38:45,3.62,--,49,17738,买盘
1962,09:38:42,3.62,--,27,9774,买盘
1963,09:38:39,3.62,--,52,18824,买盘
1964,09:38:36,3.62,0.01,72,26064,买盘
1965,09:38:30,3.61,-0.01,7,2527,卖盘
1966,09:38:27,3.62,--,20,7240,买盘
1967,09:38:24,3.62,0.01,80,28960,买盘
1968,09:38:21,3.61,-0.01,48,17328,卖盘
1969,09:38:18,3.62,--,1,362,买盘
1970,09:38:15,3.62,0.01,80,28960,买盘
1971,09:38:09,3.61,--,60,21660,卖盘
1972,09:38:06,3.61,--,47,16967,买盘
1973,09:38:03,3.61,--,333,120213,买盘
1974,09:38:00,3.61,--,15,5415,买盘
1975,09:37:57,3.61,--,420,151620,买盘
1976,09:37:54,3.61,--,59,21299,买盘
1977,09:37:51,3.61,--,41,14801,买盘
1978,09:37:48,3.61,--,47,16967,买盘
1979,09:37:45,3.61,--,31,11191,买盘
1980,09:37:42,3.61,0.01,7,2527,买盘
1981,09:37:39,3.6,-0.01,153,55080,卖盘
1982,09:37:36,3.61,--,21,7581,买盘
1983,09:37:33,3.61,--,1,361,买盘
1984,09:37:30,3.61,--,102,36822,买盘
1985,09:37:24,3.61,0.01,5,1805,买盘
1986,09:37:21,3.6,-0.01,28,10080,卖盘
1987,09:37:18,3.61,--,10,3610,买盘
1988,09:37:15,3.61,--,9,3249,买盘
1989,09:37:12,3.61,--,247,89167,卖盘
1990,09:37:09,3.61,0.01,40,14440,卖盘
1991,09:37:06,3.6,--,4,1440,买盘
1992,09:37:03,3.6,--,8,2880,买盘
1993,09:37:00,3.6,--,31,11160,买盘
1994,09:36:57,3.6,--,213,76680,买盘
1995,09:36:54,3.6,-0.01,730,262800,卖盘
1996,09:36:51,3.61,--,22,7942,卖盘
1997,09:36:48,3.61,--,105,37905,卖盘
1998,09:36:45,3.61,--,84,30324,买盘
1999,09:36:42,3.61,--,86,31046,买盘
2000,09:36:39,3.61,--,50,18050,买盘
2001,09:36:36,3.61,--,21,7581,买盘
2002,09:36:33,3.61,--,43,15523,买盘
2003,09:36:30,3.61,--,13,4693,买盘
2004,09:36:27,3.61,0.01,122,44042,买盘
2005,09:36:24,3.6,--,34,12240,卖盘
2006,09:36:21,3.6,--,236,84960,卖盘
2007,09:36:18,3.6,-0.01,250,90000,卖盘
2008,09:36:15,3.61,0.01,44,15884,买盘
2009,09:36:12,3.6,0.01,35,12600,卖盘
2010,09:36:09,3.59,0.01,2,718,买盘
2011,09:36:06,3.58,-0.03,120,42960,卖盘
2012,09:36:00,3.61,0.03,3,1083,买盘
2013,09:35:57,3.58,-0.01,94,33652,卖盘
2014,09:35:54,3.59,-0.02,95,34105,卖盘
2015,09:35:51,3.61,--,166,59926,买盘
2016,09:35:48,3.61,--,470,169670,买盘
2017,09:35:45,3.61,--,526,189886,卖盘
2018,09:35:42,3.61,--,170,61370,卖盘
2019,09:35:39,3.61,-0.01,96,34656,卖盘
2020,09:35:33,3.62,0.01,12,4344,买盘
2021,09:35:30,3.61,-0.01,10,3610,卖盘
2022,09:35:27,3.62,--,73,26426,买盘
2023,09:35:24,3.62,--,558,201996,卖盘
2024,09:35:21,3.62,--,319,115478,卖盘
2025,09:35:18,3.62,-0.01,387,140094,卖盘
2026,09:35:15,3.63,--,138,50094,买盘
2027,09:35:12,3.63,--,44,15972,买盘
2028,09:35:09,3.63,0.01,32,11616,买盘
2029,09:35:06,3.62,-0.01,356,128872,卖盘
2030,09:35:03,3.63,-0.01,49,17787,买盘
2031,09:35:00,3.64,--,1151,418964,买盘
2032,09:34:57,3.64,0.01,21,7644,买盘
2033,09:34:54,3.63,--,231,83853,卖盘
2034,09:34:51,3.63,-0.01,15,5445,卖盘
2035,09:34:48,3.64,--,500,182000,买盘
2036,09:34:45,3.64,--,767,279188,卖盘
2037,09:34:42,3.64,--,161,58604,卖盘
2038,09:34:39,3.64,--,435,158340,卖盘
2039,09:34:33,3.64,-0.01,44,16016,卖盘
2040,09:34:30,3.65,--,602,219730,卖盘
2041,09:34:27,3.65,--,94,34310,卖盘
2042,09:34:21,3.65,-0.01,66,24090,卖盘
2043,09:34:15,3.66,--,92,33672,买盘
2044,09:34:12,3.66,--,499,182634,卖盘
2045,09:34:09,3.66,-0.01,10,3660,卖盘
2046,09:34:06,3.67,0.01,73,26791,买盘
2047,09:34:03,3.66,--,31,11346,卖盘
2048,09:34:00,3.66,-0.01,71,25986,卖盘
2049,09:33:57,3.67,0.01,17,6239,中性盘
2050,09:33:51,3.66,-0.01,52,19032,卖盘
2051,09:33:42,3.67,--,72,26424,卖盘
2052,09:33:39,3.67,0.01,106,38902,买盘
2053,09:33:36,3.66,-0.01,34,12444,卖盘
2054,09:33:33,3.67,--,1,367,买盘
2055,09:33:27,3.67,0.01,102,37434,买盘
2056,09:33:21,3.66,--,24,8784,卖盘
2057,09:33:18,3.66,0.01,50,18300,卖盘
2058,09:33:15,3.65,-0.01,722,263530,卖盘
2059,09:33:06,3.66,--,32,11763,买盘
2060,09:33:03,3.66,--,51,18666,买盘
2061,09:33:00,3.66,--,170,62220,买盘
2062,09:32:57,3.66,--,96,35136,买盘
2063,09:32:54,3.66,0.01,10,3660,买盘
2064,09:32:51,3.65,--,1,365,卖盘
2065,09:32:48,3.65,-0.01,66,24090,卖盘
2066,09:32:45,3.66,--,3,1098,买盘
2067,09:32:42,3.66,0.01,204,74664,买盘
2068,09:32:39,3.65,--,541,197465,买盘
2069,09:32:36,3.65,--,75,27375,买盘
2070,09:32:33,3.65,--,28,10220,买盘
2071,09:32:30,3.65,--,17,6205,买盘
2072,09:32:27,3.65,--,3,1095,买盘
2073,09:32:21,3.65,--,213,77745,买盘
2074,09:32:18,3.65,--,38,13870,买盘
2075,09:32:15,3.65,--,20,7300,买盘
2076,09:32:12,3.65,--,1,365,买盘
2077,09:32:09,3.65,-0.01,3,1095,买盘
2078,09:32:06,3.66,0.03,6,2196,买盘
2079,09:32:03,3.63,-0.02,63,22869,卖盘
2080,09:32:00,3.65,-0.01,64,23360,中性盘
2081,09:31:54,3.66,0.01,215,78690,买盘
2082,09:31:51,3.65,0.02,35,12775,买盘
2083,09:31:48,3.63,-0.01,30,10890,卖盘
2084,09:31:45,3.64,--,1068,388752,卖盘
2085,09:31:42,3.64,--,9,3276,卖盘
2086,09:31:39,3.64,0.01,184,66976,买盘
2087,09:31:36,3.63,-0.01,23,8349,买盘
2088,09:31:33,3.64,0.02,57,20748,卖盘
2089,09:31:30,3.62,-0.03,748,270776,卖盘
2090,09:31:27,3.65,0.02,67,24455,买盘
2091,09:31:24,3.63,-0.02,405,147015,卖盘
2092,09:31:21,3.65,--,52,18980,买盘
2093,09:31:18,3.65,--,41,14965,买盘
2094,09:31:15,3.65,--,2,730,买盘
2095,09:31:12,3.65,--,108,39420,买盘
2096,09:31:09,3.65,--,70,25550,买盘
2097,09:31:06,3.65,-0.01,264,96360,卖盘
2098,09:31:03,3.66,--,40,14640,买盘
2099,09:31:00,3.66,--,36,13176,买盘
2100,09:30:54,3.66,--,101,36966,买盘
2101,09:30:51,3.66,--,17,6222,买盘
2102,09:30:45,3.66,--,61,22326,卖盘
2103,09:30:42,3.66,--,80,29280,卖盘
2104,09:30:39,3.66,--,17,6222,卖盘
2105,09:30:33,3.66,-0.04,100,36600,卖盘
2106,09:30:30,3.7,--,6,2220,买盘
2107,09:30:18,3.7,--,1,370,卖盘
2108,09:30:15,3.7,--,4,1480,卖盘
2109,09:30:12,3.7,--,8,2960,买盘
2110,09:30:09,3.7,--,91,33670,买盘
2111,09:30:06,3.7,--,267,98790,买盘
2112,09:30:03,3.7,-0.02,663,245310,卖盘
2113,09:30:00,3.72,-0.03,110,40920,卖盘
2114,09:25:03,3.75,3.75,1151,431625,买盘
