,time,price,change,volume,amount,type
0,15:00:03,4.72,-0.02,4036,1905176,卖盘
1,14:57:00,4.74,--,704,333696,买盘
2,14:56:54,4.74,0.01,48,22752,买盘
3,14:56:36,4.73,--,40,18920,卖盘
4,14:56:30,4.73,--,300,141900,卖盘
5,14:56:27,4.73,-0.01,15,7095,卖盘
6,14:56:24,4.74,--,88,41712,买盘
7,14:56:21,4.74,--,57,27018,买盘
8,14:56:18,4.74,--,8,3792,买盘
9,14:56:15,4.74,0.01,4,1896,买盘
10,14:56:12,4.73,-0.01,50,23650,卖盘
11,14:56:06,4.74,--,200,94800,买盘
12,14:56:03,4.74,0.01,50,23700,买盘
13,14:55:57,4.73,-0.01,35,16555,卖盘
14,14:55:54,4.74,0.01,35,16590,买盘
15,14:55:45,4.73,--,4,1892,卖盘
16,14:55:42,4.73,--,17,8041,卖盘
17,14:55:39,4.73,--,75,35475,卖盘
18,14:55:36,4.73,--,30,14190,卖盘
19,14:55:33,4.73,--,1195,565235,买盘
20,14:55:24,4.73,0.01,176,83248,买盘
21,14:55:15,4.72,--,4,1888,卖盘
22,14:55:09,4.72,--,30,14160,卖盘
23,14:55:03,4.72,--,16,7552,卖盘
24,14:55:00,4.72,--,72,33984,卖盘
25,14:54:57,4.72,--,251,118472,卖盘
26,14:54:54,4.72,--,6,2832,卖盘
27,14:54:51,4.72,--,10,4720,卖盘
28,14:54:48,4.72,-0.01,183,86376,卖盘
29,14:54:45,4.73,--,314,148522,买盘
30,14:54:42,4.73,0.01,244,115412,买盘
31,14:54:39,4.72,--,10,4720,卖盘
32,14:54:36,4.72,--,153,72216,卖盘
33,14:54:33,4.72,--,121,57112,卖盘
34,14:54:15,4.72,--,117,55224,卖盘
35,14:54:12,4.72,-0.01,54,25780,卖盘
36,14:53:54,4.73,0.01,20,9460,买盘
37,14:53:48,4.72,--,210,99120,卖盘
38,14:53:45,4.72,--,8,3776,卖盘
39,14:53:36,4.72,-0.01,10,4720,卖盘
40,14:53:33,4.73,0.01,6,2838,买盘
41,14:53:30,4.72,-0.01,47,22184,卖盘
42,14:53:24,4.73,0.01,28,13244,买盘
43,14:53:21,4.72,-0.01,48,23123,卖盘
44,14:53:18,4.73,0.01,120,56760,买盘
45,14:53:12,4.72,-0.01,12,5664,卖盘
46,14:53:06,4.73,0.01,419,198187,买盘
47,14:53:03,4.72,--,2,944,卖盘
48,14:53:00,4.72,-0.01,199,93928,卖盘
49,14:52:51,4.73,--,92,43516,买盘
50,14:52:45,4.73,0.01,10,4730,买盘
51,14:52:36,4.72,-0.01,3,1416,卖盘
52,14:52:33,4.73,0.01,4,1892,买盘
53,14:52:27,4.72,-0.01,16,7552,卖盘
54,14:52:18,4.73,0.01,10,4730,买盘
55,14:52:12,4.72,--,200,94400,卖盘
56,14:52:03,4.72,-0.01,46,21712,卖盘
57,14:51:45,4.73,--,30,14190,买盘
58,14:51:36,4.73,--,30,14190,买盘
59,14:51:33,4.73,--,3,1419,买盘
60,14:51:30,4.73,--,56,26488,买盘
61,14:51:24,4.73,0.01,19,8987,买盘
62,14:51:21,4.72,--,104,49088,卖盘
63,14:51:18,4.72,--,27,12744,卖盘
64,14:51:15,4.72,--,62,29264,卖盘
65,14:51:12,4.72,-0.01,4,1888,卖盘
66,14:51:06,4.73,0.01,46,21758,买盘
67,14:51:03,4.72,--,11,5192,卖盘
68,14:50:51,4.72,-0.01,1,472,卖盘
69,14:50:39,4.73,--,30,14190,买盘
70,14:50:36,4.73,0.01,2,946,买盘
71,14:50:18,4.72,--,13,6136,卖盘
72,14:50:15,4.72,-0.01,10,4720,卖盘
73,14:50:03,4.73,0.01,30,14190,买盘
74,14:49:57,4.72,-0.01,6,2832,卖盘
75,14:49:54,4.73,--,20,9460,买盘
76,14:49:48,4.73,--,8,3784,买盘
77,14:49:45,4.73,--,10,4730,买盘
78,14:49:36,4.73,--,215,101695,卖盘
79,14:49:33,4.73,--,3,1419,卖盘
80,14:49:30,4.73,--,56,26488,卖盘
81,14:49:27,4.73,--,6,2838,买盘
82,14:49:24,4.73,--,112,52976,买盘
83,14:49:18,4.73,--,9,4257,买盘
84,14:49:15,4.73,--,10,4730,买盘
85,14:49:12,4.73,0.01,2,946,买盘
86,14:49:09,4.72,-0.01,10,4720,卖盘
87,14:49:06,4.73,--,85,40205,买盘
88,14:49:00,4.73,--,3,1419,买盘
89,14:48:57,4.73,--,15,7095,买盘
90,14:48:54,4.73,0.01,240,113520,买盘
91,14:48:51,4.72,-0.01,10,4720,卖盘
92,14:48:42,4.73,0.01,52,24596,买盘
93,14:48:39,4.72,-0.01,5,2360,卖盘
94,14:48:36,4.73,0.01,80,37840,买盘
95,14:48:27,4.72,--,3,1416,卖盘
96,14:48:24,4.72,-0.01,57,26904,卖盘
97,14:48:21,4.73,--,10,4730,买盘
98,14:48:15,4.73,0.01,30,14190,买盘
99,14:48:12,4.72,-0.01,10,4720,卖盘
100,14:48:00,4.73,0.01,24,11352,买盘
101,14:47:33,4.72,--,226,106672,卖盘
102,14:47:27,4.72,--,54,25488,卖盘
103,14:47:18,4.72,--,200,94400,卖盘
104,14:47:15,4.72,--,97,45784,卖盘
105,14:47:03,4.72,--,5,2360,卖盘
106,14:46:42,4.72,--,59,27848,买盘
107,14:46:39,4.72,-0.01,5,2360,中性盘
108,14:46:27,4.73,--,1,473,买盘
109,14:46:24,4.73,0.01,386,182757,买盘
110,14:46:12,4.72,--,50,23600,卖盘
111,14:46:09,4.72,--,2,944,卖盘
112,14:46:03,4.72,--,7,3596,买盘
113,14:45:57,4.72,--,17,8203,卖盘
114,14:45:54,4.72,--,316,149152,卖盘
115,14:45:48,4.72,--,185,87376,卖盘
116,14:45:42,4.72,--,103,48616,卖盘
117,14:45:39,4.72,--,30,14160,卖盘
118,14:45:27,4.72,--,145,68440,卖盘
119,14:45:12,4.72,--,36,16992,卖盘
120,14:45:09,4.72,--,19,9204,卖盘
121,14:44:57,4.72,--,96,45312,卖盘
122,14:44:48,4.72,-0.01,3,1416,卖盘
123,14:44:39,4.73,0.01,1,473,买盘
124,14:44:24,4.72,-0.01,10,4720,卖盘
125,14:44:18,4.73,0.01,1,473,买盘
126,14:44:09,4.72,--,3,1416,卖盘
127,14:43:51,4.72,--,50,23600,卖盘
128,14:43:42,4.72,--,120,56640,卖盘
129,14:43:39,4.72,--,1,472,卖盘
130,14:43:33,4.72,--,30,14160,卖盘
131,14:43:30,4.72,-0.01,81,38232,卖盘
132,14:43:21,4.73,--,28,13244,买盘
133,14:43:18,4.73,0.01,5,2365,买盘
134,14:43:15,4.72,--,10,4720,卖盘
135,14:43:12,4.72,--,4,1888,卖盘
136,14:43:09,4.72,--,10,4720,卖盘
137,14:42:57,4.72,-0.01,1,472,卖盘
138,14:42:45,4.73,0.01,5,2365,买盘
139,14:42:42,4.72,--,100,47200,卖盘
140,14:42:30,4.72,-0.01,1,472,卖盘
141,14:42:24,4.73,--,25,11825,买盘
142,14:42:12,4.73,--,27,12771,卖盘
143,14:42:03,4.73,-0.01,24,11352,卖盘
144,14:41:57,4.74,0.01,2,948,买盘
145,14:41:48,4.73,--,21,9933,卖盘
146,14:41:45,4.73,--,60,28380,卖盘
147,14:41:42,4.73,--,19,8987,买盘
148,14:41:21,4.73,--,50,23650,买盘
149,14:41:03,4.73,--,99,46827,买盘
150,14:40:33,4.73,0.01,13,6149,买盘
151,14:40:30,4.72,--,34,16048,卖盘
152,14:40:24,4.72,--,38,17936,卖盘
153,14:39:51,4.72,--,1,472,卖盘
154,14:39:42,4.72,-0.01,100,47200,卖盘
155,14:39:39,4.73,0.01,92,43516,买盘
156,14:39:27,4.72,-0.01,100,47200,卖盘
157,14:39:15,4.73,0.01,3,1419,买盘
158,14:39:09,4.72,-0.01,447,210984,卖盘
159,14:38:57,4.73,0.01,160,75680,买盘
160,14:38:48,4.72,-0.01,23,10856,卖盘
161,14:38:33,4.73,--,145,68585,卖盘
162,14:38:27,4.73,--,234,110682,卖盘
163,14:38:24,4.73,--,50,23650,卖盘
164,14:38:18,4.73,--,10,4730,卖盘
165,14:38:09,4.73,-0.01,50,23650,卖盘
166,14:38:03,4.74,--,4,1896,买盘
167,14:37:51,4.74,--,30,14220,卖盘
168,14:37:45,4.74,--,12,5688,卖盘
169,14:37:42,4.74,--,6,2844,卖盘
170,14:37:39,4.74,--,51,24174,卖盘
171,14:37:30,4.74,--,42,19908,卖盘
172,14:37:24,4.74,--,50,23700,卖盘
173,14:37:21,4.74,--,9,4266,买盘
174,14:37:12,4.74,--,750,355500,卖盘
175,14:37:09,4.74,--,55,26070,卖盘
176,14:37:06,4.74,-0.01,79,37446,卖盘
177,14:37:03,4.75,0.01,3,1425,买盘
178,14:37:00,4.74,--,25,11850,卖盘
179,14:36:57,4.74,--,1,474,卖盘
180,14:36:51,4.74,--,40,18960,卖盘
181,14:36:48,4.74,--,178,84372,卖盘
182,14:36:39,4.74,-0.01,7,3318,卖盘
183,14:36:36,4.75,--,19,9025,买盘
184,14:36:33,4.75,0.01,1,475,买盘
185,14:36:27,4.74,--,46,21804,卖盘
186,14:36:21,4.74,-0.01,10,4740,卖盘
187,14:36:18,4.75,0.01,1,475,买盘
188,14:36:15,4.74,-0.01,150,71100,卖盘
189,14:36:09,4.75,--,60,28500,买盘
190,14:36:06,4.75,--,100,47500,买盘
191,14:36:00,4.75,0.01,72,34200,买盘
192,14:35:57,4.74,-0.01,7,3318,卖盘
193,14:35:51,4.75,0.01,10,4750,买盘
194,14:35:42,4.74,-0.01,100,47400,卖盘
195,14:35:39,4.75,0.01,343,162925,买盘
196,14:35:33,4.74,-0.01,5,2370,卖盘
197,14:35:27,4.75,0.01,5,2375,买盘
198,14:35:24,4.74,--,9,4266,卖盘
199,14:35:18,4.74,--,14,6636,卖盘
200,14:35:15,4.74,-0.01,100,47400,卖盘
201,14:35:12,4.75,0.01,633,300675,买盘
202,14:35:09,4.74,-0.01,10,4740,卖盘
203,14:35:00,4.75,--,5,2375,买盘
204,14:34:54,4.75,--,123,58425,买盘
205,14:34:51,4.75,--,20,9500,买盘
206,14:34:39,4.75,--,3,1425,买盘
207,14:34:36,4.75,--,10,4750,买盘
208,14:34:30,4.75,--,10,4750,买盘
209,14:34:21,4.75,--,15,7125,买盘
210,14:34:09,4.75,0.01,81,38475,买盘
211,14:33:57,4.74,-0.01,110,52140,卖盘
212,14:33:54,4.75,--,80,38000,买盘
213,14:33:48,4.75,0.01,159,75525,买盘
214,14:33:36,4.74,-0.01,78,36972,卖盘
215,14:33:33,4.75,0.01,5,2375,买盘
216,14:33:21,4.74,--,40,18960,卖盘
217,14:33:00,4.74,--,435,206190,买盘
218,14:32:57,4.74,0.01,22,10428,买盘
219,14:32:51,4.73,--,8,3784,卖盘
220,14:32:39,4.73,-0.01,2,946,卖盘
221,14:32:36,4.74,--,10,4740,买盘
222,14:32:30,4.74,--,75,35550,买盘
223,14:32:27,4.74,--,30,14220,买盘
224,14:32:24,4.74,-0.01,15,7110,卖盘
225,14:32:18,4.75,--,10,4750,买盘
226,14:32:15,4.75,--,6,2850,买盘
227,14:32:09,4.75,0.01,5,2375,买盘
228,14:32:03,4.74,-0.01,204,96696,卖盘
229,14:32:00,4.75,--,200,95000,买盘
230,14:31:54,4.75,0.01,206,97850,买盘
231,14:31:51,4.74,-0.01,9,4266,中性盘
232,14:31:45,4.75,0.01,623,295925,买盘
233,14:31:39,4.74,--,129,61146,买盘
234,14:31:33,4.74,0.01,45,21330,买盘
235,14:31:30,4.73,--,5,2365,卖盘
236,14:31:21,4.73,--,6,2838,买盘
237,14:31:18,4.73,--,182,86086,买盘
238,14:31:06,4.73,--,26,12298,买盘
239,14:30:57,4.73,--,20,9460,买盘
240,14:30:54,4.73,0.01,5,2365,买盘
241,14:30:39,4.72,--,145,68440,买盘
242,14:30:36,4.72,--,11,5192,买盘
243,14:30:30,4.72,0.01,80,37760,买盘
244,14:30:27,4.71,--,37,17427,卖盘
245,14:30:24,4.71,-0.01,151,71121,卖盘
246,14:30:21,4.72,0.01,300,141600,买盘
247,14:30:09,4.71,--,7,3297,卖盘
248,14:30:06,4.71,--,4,1884,卖盘
249,14:29:51,4.71,--,412,194052,买盘
250,14:29:42,4.71,0.01,16,7536,买盘
251,14:29:33,4.7,-0.01,10,4700,卖盘
252,14:29:21,4.71,0.01,3,1413,买盘
253,14:29:06,4.7,-0.01,2,940,卖盘
254,14:29:03,4.71,--,145,68295,买盘
255,14:28:48,4.71,0.01,20,9420,买盘
256,14:28:42,4.7,-0.01,3,1410,卖盘
257,14:28:24,4.71,--,5,2355,买盘
258,14:28:21,4.71,--,7,3297,买盘
259,14:28:18,4.71,--,10,4710,买盘
260,14:28:09,4.71,0.01,5,2355,买盘
261,14:27:51,4.7,--,8,3760,卖盘
262,14:27:42,4.7,-0.01,5,2350,卖盘
263,14:27:36,4.71,0.01,10,4710,买盘
264,14:27:21,4.7,--,68,31960,卖盘
265,14:27:12,4.7,--,101,47470,卖盘
266,14:27:09,4.7,--,76,35720,卖盘
267,14:27:00,4.7,--,30,14100,卖盘
268,14:26:15,4.7,-0.01,1,470,卖盘
269,14:26:12,4.71,--,2,942,买盘
270,14:25:24,4.71,--,36,16956,卖盘
271,14:25:15,4.71,--,10,4710,卖盘
272,14:25:12,4.71,--,10,4710,卖盘
273,14:25:09,4.71,-0.01,15,7065,卖盘
274,14:24:54,4.72,0.01,1,472,买盘
275,14:24:45,4.71,--,40,18840,卖盘
276,14:24:42,4.71,--,5,2355,卖盘
277,14:24:36,4.71,--,21,9891,买盘
278,14:24:21,4.71,--,191,89961,卖盘
279,14:24:18,4.71,--,1,471,卖盘
280,14:24:15,4.71,--,11,5181,卖盘
281,14:23:21,4.71,--,15,7065,卖盘
282,14:23:03,4.71,--,1,471,卖盘
283,14:22:57,4.71,-0.01,10,4710,卖盘
284,14:22:45,4.72,0.01,10,4720,买盘
285,14:22:30,4.71,-0.01,9,4239,卖盘
286,14:22:27,4.72,--,5,2360,买盘
287,14:22:06,4.72,--,4,1888,买盘
288,14:21:54,4.72,--,165,77880,卖盘
289,14:21:48,4.72,-0.01,24,11328,卖盘
290,14:21:42,4.73,0.01,16,7568,买盘
291,14:21:30,4.72,-0.01,3,1416,卖盘
292,14:21:24,4.73,--,39,18447,买盘
293,14:21:09,4.73,--,25,11825,买盘
294,14:21:06,4.73,--,18,8514,买盘
295,14:21:03,4.73,--,1,473,买盘
296,14:21:00,4.73,0.01,45,21285,买盘
297,14:20:54,4.72,-0.01,49,23128,卖盘
298,14:20:39,4.73,--,30,14190,买盘
299,14:20:27,4.73,--,96,45408,买盘
300,14:20:15,4.73,--,100,47300,买盘
301,14:20:12,4.73,--,1,473,买盘
302,14:20:06,4.73,--,10,4730,买盘
303,14:20:03,4.73,--,115,54395,买盘
304,14:19:45,4.73,0.01,52,24596,买盘
305,14:19:39,4.72,--,5,2360,买盘
306,14:19:36,4.72,-0.01,35,16520,中性盘
307,14:19:27,4.73,0.01,122,57706,买盘
308,14:19:24,4.72,--,200,94400,买盘
309,14:19:21,4.72,--,23,10856,买盘
310,14:19:09,4.72,--,20,9440,买盘
311,14:18:51,4.72,--,28,13216,买盘
312,14:18:48,4.72,0.01,1,472,买盘
313,14:18:33,4.71,--,9,4239,买盘
314,14:18:24,4.71,--,30,14130,买盘
315,14:18:18,4.71,0.01,5,2355,买盘
316,14:18:09,4.7,-0.01,12,5640,卖盘
317,14:17:57,4.71,--,6,2826,买盘
318,14:17:39,4.71,--,10,4710,买盘
319,14:17:36,4.71,-0.01,40,18840,中性盘
320,14:17:21,4.72,--,149,70328,买盘
321,14:16:57,4.72,--,1,472,买盘
322,14:16:54,4.72,--,57,26904,卖盘
323,14:16:39,4.72,--,75,35400,买盘
324,14:16:36,4.72,--,115,54280,买盘
325,14:16:30,4.72,--,20,9440,买盘
326,14:16:21,4.72,--,20,9440,买盘
327,14:16:12,4.72,--,155,73160,买盘
328,14:16:06,4.72,--,6,2832,买盘
329,14:15:57,4.72,0.01,11,5192,买盘
330,14:15:45,4.71,--,100,47100,卖盘
331,14:15:24,4.71,--,209,98726,买盘
332,14:15:03,4.71,0.01,10,4710,买盘
333,14:15:00,4.7,-0.01,16,7520,卖盘
334,14:14:51,4.71,--,149,70179,买盘
335,14:14:42,4.71,--,5,2355,买盘
336,14:14:39,4.71,--,9,4239,买盘
337,14:14:33,4.71,0.01,200,94200,买盘
338,14:14:24,4.7,--,30,14100,卖盘
339,14:14:18,4.7,--,17,7990,卖盘
340,14:14:09,4.7,--,50,23500,卖盘
341,14:14:06,4.7,--,107,50290,卖盘
342,14:14:00,4.7,--,5,2350,卖盘
343,14:13:54,4.7,0.01,749,352030,买盘
344,14:13:48,4.69,-0.01,700,328300,卖盘
345,14:13:45,4.7,0.01,70,32900,买盘
346,14:13:39,4.69,-0.01,1,469,卖盘
347,14:13:27,4.7,--,5,2350,买盘
348,14:13:18,4.7,--,2,940,买盘
349,14:13:06,4.7,0.01,76,35720,买盘
350,14:12:54,4.69,-0.01,40,18760,卖盘
351,14:12:48,4.7,--,10,4700,买盘
352,14:12:36,4.7,--,10,4700,买盘
353,14:12:15,4.7,--,80,37600,买盘
354,14:12:12,4.7,0.01,1,470,买盘
355,14:12:09,4.69,-0.01,10,4690,卖盘
356,14:12:06,4.7,--,1,470,买盘
357,14:12:00,4.7,0.01,8,3760,买盘
358,14:11:51,4.69,--,1,469,卖盘
359,14:11:45,4.69,-0.01,1,469,卖盘
360,14:11:39,4.7,--,100,47000,买盘
361,14:10:36,4.7,0.01,10,4700,买盘
362,14:10:33,4.69,--,11,5159,卖盘
363,14:10:24,4.69,-0.01,4,1876,卖盘
364,14:10:21,4.7,--,1,470,买盘
365,14:10:09,4.7,-0.01,511,240170,卖盘
366,14:10:06,4.71,0.01,97,45687,买盘
367,14:09:51,4.7,--,5,2350,卖盘
368,14:09:42,4.7,--,14,6580,卖盘
369,14:09:15,4.7,--,30,14100,卖盘
370,14:09:09,4.7,--,3,1410,卖盘
371,14:08:51,4.7,-0.01,10,4700,卖盘
372,14:08:48,4.71,0.01,15,7065,买盘
373,14:08:36,4.7,--,99,46530,卖盘
374,14:08:33,4.7,--,10,4700,卖盘
375,14:08:27,4.7,--,20,9400,卖盘
376,14:08:09,4.7,--,44,20680,卖盘
377,14:07:54,4.7,--,1,470,卖盘
378,14:07:45,4.7,--,20,9400,卖盘
379,14:07:42,4.7,--,55,25850,卖盘
380,14:07:33,4.7,--,10,4700,卖盘
381,14:07:27,4.7,--,10,4700,卖盘
382,14:07:24,4.7,-0.01,5,2350,卖盘
383,14:07:21,4.71,0.01,8,3768,买盘
384,14:07:12,4.7,--,3,1410,卖盘
385,14:07:09,4.7,--,7,3290,卖盘
386,14:07:06,4.7,--,6,2820,卖盘
387,14:07:00,4.7,--,5,2350,卖盘
388,14:06:57,4.7,--,50,23500,卖盘
389,14:06:51,4.7,-0.01,37,17390,卖盘
390,14:06:42,4.71,--,12,5652,买盘
391,14:06:39,4.71,0.01,50,23550,买盘
392,14:06:21,4.7,-0.01,25,11750,卖盘
393,14:05:51,4.71,--,6,3009,卖盘
394,14:05:42,4.71,--,146,68766,卖盘
395,14:05:39,4.71,--,92,43332,卖盘
396,14:05:36,4.71,--,10,4710,卖盘
397,14:05:27,4.71,--,36,16956,卖盘
398,14:05:21,4.71,--,10,4710,卖盘
399,14:05:18,4.71,--,20,9420,卖盘
400,14:05:15,4.71,--,248,116808,卖盘
401,14:05:12,4.71,-0.01,60,28260,卖盘
402,14:05:09,4.72,0.01,141,66552,买盘
403,14:05:03,4.71,--,46,21666,卖盘
404,14:04:57,4.71,-0.01,40,18840,卖盘
405,14:04:42,4.72,--,1,472,买盘
406,14:04:33,4.72,0.01,1,472,买盘
407,14:04:15,4.71,-0.01,91,42861,卖盘
408,14:04:09,4.72,--,13,6136,买盘
409,14:04:06,4.72,0.01,10,4720,买盘
410,14:04:03,4.71,-0.01,39,18369,卖盘
411,14:03:42,4.72,--,70,33040,买盘
412,14:03:24,4.72,0.01,6,2832,买盘
413,14:03:21,4.71,-0.01,100,47100,卖盘
414,14:03:09,4.72,--,10,4720,买盘
415,14:03:06,4.72,--,20,9440,买盘
416,14:02:39,4.72,0.01,7,3304,买盘
417,14:02:36,4.71,--,10,4710,卖盘
418,14:02:33,4.71,-0.01,1,471,卖盘
419,14:02:09,4.72,0.01,10,4720,买盘
420,14:01:54,4.71,-0.01,4,1884,卖盘
421,14:01:30,4.72,0.01,10,4720,买盘
422,14:01:27,4.71,--,25,11775,卖盘
423,14:00:21,4.71,--,2,942,卖盘
424,14:00:06,4.71,-0.01,0,287,卖盘
425,13:59:48,4.72,--,208,98176,买盘
426,13:59:45,4.72,--,6,2832,买盘
427,13:59:24,4.72,0.01,20,9440,买盘
428,13:58:45,4.71,--,1,471,卖盘
429,13:58:33,4.71,-0.01,9,4239,卖盘
430,13:58:21,4.72,--,109,51448,买盘
431,13:57:57,4.72,0.02,200,94400,买盘
432,13:57:51,4.7,--,3,1410,卖盘
433,13:57:48,4.7,-0.01,40,18800,卖盘
434,13:57:21,4.71,0.01,27,12717,买盘
435,13:57:15,4.7,-0.01,93,43710,卖盘
436,13:56:45,4.71,0.01,10,4710,买盘
437,13:56:36,4.7,--,66,31020,卖盘
438,13:56:30,4.7,-0.01,37,17390,卖盘
439,13:56:24,4.71,0.01,32,15072,买盘
440,13:56:03,4.7,-0.01,4,1880,卖盘
441,13:55:51,4.71,0.01,6,2826,买盘
442,13:55:24,4.7,-0.01,200,94000,卖盘
443,13:55:21,4.71,0.01,50,23550,买盘
444,13:55:12,4.7,--,10,4700,卖盘
445,13:55:09,4.7,-0.01,60,28200,卖盘
446,13:55:03,4.71,--,2,942,买盘
447,13:54:33,4.71,--,5,2355,买盘
448,13:54:18,4.71,--,2,942,买盘
449,13:54:09,4.71,--,1,471,买盘
450,13:53:30,4.71,--,121,56991,卖盘
451,13:53:06,4.71,--,17,8007,买盘
452,13:53:00,4.71,0.01,103,48513,买盘
453,13:52:57,4.7,--,1,470,卖盘
454,13:52:54,4.7,-0.01,1,470,卖盘
455,13:52:48,4.71,--,38,17898,买盘
456,13:52:45,4.71,--,10,4710,买盘
457,13:52:36,4.71,0.01,15,7065,买盘
458,13:52:27,4.7,--,40,18800,卖盘
459,13:52:06,4.7,0.01,39,18330,买盘
460,13:52:03,4.69,-0.01,4,1876,卖盘
461,13:51:57,4.7,--,30,14100,买盘
462,13:51:51,4.7,--,20,9400,买盘
463,13:51:42,4.7,--,34,15980,买盘
464,13:51:39,4.7,0.01,1,470,买盘
465,13:51:36,4.69,-0.01,1,469,卖盘
466,13:51:18,4.7,--,1,470,中性盘
467,13:51:00,4.7,--,120,56400,买盘
468,13:50:57,4.7,--,69,32430,买盘
469,13:50:42,4.7,--,30,14100,买盘
470,13:50:06,4.7,--,30,14100,买盘
471,13:49:51,4.7,0.01,20,9400,买盘
472,13:49:48,4.69,-0.01,19,8911,卖盘
473,13:49:45,4.7,--,30,14100,买盘
474,13:49:39,4.7,0.01,10,4700,买盘
475,13:49:36,4.69,--,20,9380,卖盘
476,13:49:30,4.69,-0.01,70,32830,卖盘
477,13:49:12,4.7,--,831,390570,卖盘
478,13:49:03,4.7,-0.01,398,187060,卖盘
479,13:49:00,4.71,--,5,2355,买盘
480,13:48:57,4.71,--,5,2355,买盘
481,13:48:48,4.71,-0.01,13,6123,买盘
482,13:48:39,4.72,0.01,600,283200,买盘
483,13:48:30,4.71,--,50,23550,买盘
484,13:48:27,4.71,--,3,1413,买盘
485,13:48:24,4.71,--,30,14130,买盘
486,13:48:09,4.71,--,265,124815,卖盘
487,13:48:06,4.71,-0.01,10,4710,卖盘
488,13:47:45,4.72,0.01,2,944,买盘
489,13:47:39,4.71,--,182,85722,卖盘
490,13:47:33,4.71,-0.01,12,5652,卖盘
491,13:47:30,4.72,0.01,1,472,买盘
492,13:47:24,4.71,-0.01,17,8007,卖盘
493,13:46:21,4.72,--,2,944,买盘
494,13:46:12,4.72,--,1,472,买盘
495,13:45:57,4.72,--,20,9440,买盘
496,13:44:24,4.72,0.01,104,49088,买盘
497,13:44:21,4.71,-0.01,40,18840,卖盘
498,13:43:15,4.72,--,5,2360,买盘
499,13:43:03,4.72,--,57,26904,买盘
500,13:42:42,4.72,0.01,10,4720,买盘
501,13:42:33,4.71,-0.01,2,942,卖盘
502,13:42:30,4.72,--,29,13688,买盘
503,13:42:18,4.72,0.01,1,472,买盘
504,13:42:09,4.71,-0.01,18,8478,卖盘
505,13:42:06,4.72,0.01,34,16048,买盘
506,13:41:45,4.71,-0.01,150,70650,卖盘
507,13:41:27,4.72,--,2,944,买盘
508,13:41:09,4.72,--,5,2360,买盘
509,13:40:48,4.72,--,170,80240,买盘
510,13:40:45,4.72,--,107,50504,卖盘
511,13:40:42,4.72,--,71,33512,卖盘
512,13:40:39,4.72,--,199,93928,卖盘
513,13:40:30,4.72,-0.01,122,57584,卖盘
514,13:40:00,4.73,0.01,2,946,买盘
515,13:39:45,4.72,--,11,5192,买盘
516,13:39:36,4.72,--,6,2832,买盘
517,13:39:33,4.72,--,115,54280,买盘
518,13:39:21,4.72,--,26,12272,买盘
519,13:39:12,4.72,--,15,7080,买盘
520,13:39:03,4.72,--,6,2832,买盘
521,13:39:00,4.72,--,26,12272,买盘
522,13:38:36,4.72,--,22,10384,买盘
523,13:38:33,4.72,--,25,11800,买盘
524,13:38:30,4.72,0.01,7,3304,买盘
525,13:38:24,4.71,0.01,5,2355,中性盘
526,13:38:12,4.7,-0.01,978,459660,卖盘
527,13:38:06,4.71,--,9,4239,买盘
528,13:38:00,4.71,--,5,2355,买盘
529,13:37:51,4.71,-0.01,680,320280,卖盘
530,13:37:42,4.72,--,82,38704,买盘
531,13:37:36,4.72,-0.01,727,343144,卖盘
532,13:37:21,4.73,--,1,473,买盘
533,13:37:12,4.73,--,20,9460,买盘
534,13:37:09,4.73,-0.01,552,261096,卖盘
535,13:36:51,4.74,0.01,4,1896,买盘
536,13:36:48,4.73,-0.01,40,18920,卖盘
537,13:36:45,4.74,--,1,474,买盘
538,13:36:42,4.74,--,18,8532,买盘
539,13:36:39,4.74,--,9,4266,买盘
540,13:36:36,4.74,--,30,14220,买盘
541,13:36:27,4.74,--,485,229890,卖盘
542,13:36:18,4.74,-0.01,449,212826,卖盘
543,13:36:15,4.75,--,20,9500,买盘
544,13:36:12,4.75,--,357,169575,买盘
545,13:36:09,4.75,0.01,3,1425,买盘
546,13:35:54,4.74,--,100,47400,卖盘
547,13:35:51,4.74,--,33,15642,买盘
548,13:35:45,4.74,--,5,2370,卖盘
549,13:35:42,4.74,--,49,23226,买盘
550,13:35:39,4.74,--,132,62568,买盘
551,13:35:30,4.74,--,11,5214,买盘
552,13:35:24,4.74,--,1,474,买盘
553,13:35:18,4.74,--,16,7584,买盘
554,13:35:15,4.74,--,10,4740,买盘
555,13:35:09,4.74,--,6,2844,买盘
556,13:35:03,4.74,--,100,47400,买盘
557,13:35:00,4.74,--,20,9480,买盘
558,13:34:57,4.74,--,50,23700,买盘
559,13:34:54,4.74,--,20,9480,买盘
560,13:34:51,4.74,--,3,1422,买盘
561,13:34:45,4.74,--,21,9954,买盘
562,13:34:27,4.74,--,20,9480,买盘
563,13:34:24,4.74,0.01,5,2370,买盘
564,13:34:18,4.73,-0.01,10,4730,卖盘
565,13:34:12,4.74,--,2,948,买盘
566,13:34:09,4.74,--,2,948,买盘
567,13:34:06,4.74,--,17,8058,买盘
568,13:33:57,4.74,--,30,14220,买盘
569,13:33:54,4.74,--,4,1896,买盘
570,13:33:48,4.74,--,10,4740,买盘
571,13:33:42,4.74,--,100,47400,买盘
572,13:33:39,4.74,--,2,948,买盘
573,13:33:27,4.74,--,10,4740,买盘
574,13:33:21,4.74,--,11,5214,买盘
575,13:33:18,4.74,--,20,9480,买盘
576,13:33:15,4.74,--,30,14220,买盘
577,13:33:06,4.74,0.01,12,5688,买盘
578,13:33:00,4.73,-0.01,287,135751,卖盘
579,13:32:57,4.74,--,15,7110,买盘
580,13:32:54,4.74,0.01,82,38868,买盘
581,13:32:51,4.73,--,2,946,卖盘
582,13:32:45,4.73,--,40,18920,卖盘
583,13:32:36,4.73,--,30,14190,买盘
584,13:32:15,4.73,0.01,200,94600,买盘
585,13:32:12,4.72,--,130,61360,卖盘
586,13:31:57,4.72,--,30,14160,卖盘
587,13:31:54,4.72,--,30,14160,卖盘
588,13:31:51,4.72,--,2,944,卖盘
589,13:31:36,4.72,--,331,156232,买盘
590,13:31:12,4.72,-0.01,129,60888,卖盘
591,13:30:48,4.73,0.01,12,5676,买盘
592,13:30:36,4.72,-0.01,5,2360,卖盘
593,13:30:24,4.73,--,50,23650,买盘
594,13:30:15,4.73,--,2,946,买盘
595,13:29:45,4.73,--,26,12298,买盘
596,13:29:39,4.73,--,2,946,买盘
597,13:29:30,4.73,--,8,3784,卖盘
598,13:29:21,4.73,--,152,71896,买盘
599,13:29:18,4.73,0.01,10,4730,买盘
600,13:29:12,4.72,--,1,472,卖盘
601,13:29:00,4.72,--,271,127912,买盘
602,13:28:51,4.72,--,3,1416,买盘
603,13:28:48,4.72,--,3,1416,买盘
604,13:28:06,4.72,--,3,1416,买盘
605,13:27:54,4.72,--,10,4720,买盘
606,13:26:57,4.72,0.01,4,1888,买盘
607,13:26:45,4.71,--,17,8007,买盘
608,13:26:15,4.71,--,20,9420,买盘
609,13:26:00,4.71,--,100,47100,买盘
610,13:25:48,4.71,--,4,1884,买盘
611,13:25:27,4.71,0.01,100,47100,买盘
612,13:25:15,4.7,-0.01,1,470,卖盘
613,13:25:09,4.71,--,43,20253,买盘
614,13:25:03,4.71,0.01,66,31086,买盘
615,13:24:54,4.7,--,35,16450,卖盘
616,13:24:39,4.7,-0.01,6,2820,卖盘
617,13:24:36,4.71,--,15,7065,买盘
618,13:24:30,4.71,--,4,1884,买盘
619,13:24:27,4.71,0.01,10,4710,买盘
620,13:24:24,4.7,--,16,7520,卖盘
621,13:23:48,4.7,--,24,11280,卖盘
622,13:23:42,4.7,--,15,7050,卖盘
623,13:22:57,4.7,-0.01,19,8930,卖盘
624,13:22:45,4.71,--,5,2355,买盘
625,13:22:33,4.71,--,92,43332,买盘
626,13:22:18,4.71,0.01,4,1884,买盘
627,13:22:15,4.7,--,3,1410,卖盘
628,13:22:12,4.7,--,2,940,卖盘
629,13:21:51,4.7,-0.01,2,940,卖盘
630,13:21:18,4.71,0.01,500,235500,买盘
631,13:21:00,4.7,--,58,27260,卖盘
632,13:20:57,4.7,-0.01,5,2350,卖盘
633,13:20:51,4.71,0.01,1,471,买盘
634,13:20:15,4.7,-0.01,1,470,卖盘
635,13:19:54,4.71,0.01,55,25905,买盘
636,13:19:48,4.7,--,25,11750,卖盘
637,13:19:30,4.7,--,31,14570,卖盘
638,13:19:24,4.7,--,40,18800,卖盘
639,13:19:21,4.7,--,10,4700,卖盘
640,13:19:06,4.7,-0.01,24,11280,卖盘
641,13:18:57,4.71,0.01,105,49455,买盘
642,13:18:39,4.7,--,10,4700,卖盘
643,13:18:30,4.7,--,33,15510,卖盘
644,13:18:18,4.7,--,53,24910,卖盘
645,13:18:15,4.7,--,10,4700,卖盘
646,13:18:06,4.7,--,3,1410,卖盘
647,13:18:03,4.7,--,57,26790,卖盘
648,13:17:54,4.7,--,6,2820,卖盘
649,13:17:45,4.7,--,30,14100,卖盘
650,13:17:39,4.7,--,327,153690,买盘
651,13:17:24,4.7,--,35,16450,卖盘
652,13:17:15,4.7,--,10,4700,卖盘
653,13:17:12,4.7,--,137,64390,卖盘
654,13:17:03,4.7,--,93,43710,卖盘
655,13:17:00,4.7,--,20,9400,卖盘
656,13:16:51,4.7,--,228,107160,卖盘
657,13:16:45,4.7,--,30,14100,卖盘
658,13:16:18,4.7,--,15,7050,卖盘
659,13:15:57,4.7,--,100,47000,卖盘
660,13:15:45,4.7,--,25,11750,卖盘
661,13:15:21,4.7,--,10,4700,卖盘
662,13:15:12,4.7,--,10,4700,卖盘
663,13:15:06,4.7,--,1,470,卖盘
664,13:15:03,4.7,-0.01,50,23500,卖盘
665,13:14:09,4.71,0.01,5,2355,买盘
666,13:14:03,4.7,-0.01,47,22090,卖盘
667,13:14:00,4.71,--,1,471,买盘
668,13:13:06,4.71,0.01,1,471,买盘
669,13:12:36,4.7,-0.01,4,1880,卖盘
670,13:12:21,4.71,--,12,5652,买盘
671,13:11:42,4.71,--,10,4710,买盘
672,13:11:27,4.71,0.01,1,471,买盘
673,13:11:21,4.7,-0.01,14,6580,卖盘
674,13:11:12,4.71,0.01,59,27789,买盘
675,13:11:00,4.7,-0.01,9,4230,卖盘
676,13:10:45,4.71,0.01,2,942,买盘
677,13:10:21,4.7,--,23,10810,卖盘
678,13:10:09,4.7,--,1,470,卖盘
679,13:10:03,4.7,-0.01,7,3290,卖盘
680,13:09:48,4.71,0.01,100,47100,买盘
681,13:08:57,4.7,-0.01,1,470,卖盘
682,13:08:51,4.71,0.01,574,270354,买盘
683,13:08:09,4.7,--,13,6110,买盘
684,13:08:03,4.7,--,20,9400,买盘
685,13:07:54,4.7,--,1,470,买盘
686,13:07:51,4.7,--,46,21620,买盘
687,13:07:48,4.7,--,8,3760,买盘
688,13:07:42,4.7,--,58,27260,买盘
689,13:07:36,4.7,--,170,79900,卖盘
690,13:07:21,4.7,--,30,14100,买盘
691,13:06:57,4.7,--,13,6110,买盘
692,13:06:42,4.7,--,57,26790,卖盘
693,13:06:03,4.7,--,18,8460,卖盘
694,13:05:57,4.7,--,8,3760,卖盘
695,13:05:54,4.7,-0.01,299,140530,卖盘
696,13:04:57,4.71,--,22,10362,卖盘
697,13:04:48,4.71,--,40,18840,卖盘
698,13:04:42,4.71,--,30,14130,卖盘
699,13:04:33,4.71,-0.01,40,18840,卖盘
700,13:04:18,4.72,0.01,78,36816,买盘
701,13:04:15,4.71,-0.01,20,9420,卖盘
702,13:03:42,4.72,0.01,50,23600,买盘
703,13:03:36,4.71,-0.01,100,47100,卖盘
704,13:03:21,4.72,--,10,4720,买盘
705,13:02:51,4.72,0.01,6,2832,买盘
706,13:02:45,4.71,-0.01,50,23550,卖盘
707,13:02:39,4.72,--,10,4720,买盘
708,13:02:36,4.72,0.01,13,6136,买盘
709,13:02:33,4.71,--,15,7065,卖盘
710,13:02:03,4.71,-0.01,49,23079,卖盘
711,13:01:57,4.72,--,26,12272,卖盘
712,13:01:54,4.72,--,35,16520,卖盘
713,13:01:45,4.72,--,133,62776,卖盘
714,13:01:39,4.72,-0.01,157,74104,卖盘
715,13:01:33,4.73,0.01,170,80410,买盘
716,13:01:24,4.72,--,300,141600,卖盘
717,13:01:15,4.72,-0.01,1,472,卖盘
718,13:00:57,4.73,-0.01,289,136697,卖盘
719,13:00:54,4.74,0.01,200,94800,买盘
720,13:00:48,4.73,-0.01,300,141900,卖盘
721,13:00:42,4.74,0.01,31,14694,买盘
722,13:00:21,4.73,0.01,294,139062,买盘
723,13:00:15,4.72,-0.01,1,472,卖盘
724,13:00:06,4.73,--,106,50138,买盘
725,13:00:03,4.73,0.01,311,147103,买盘
726,13:00:00,4.72,--,0,0,买盘
727,11:30:00,4.72,--,0,0,买盘
728,11:29:57,4.72,--,149,70328,卖盘
729,11:29:54,4.72,--,2,944,卖盘
730,11:29:48,4.72,--,54,25488,买盘
731,11:29:42,4.72,--,120,56640,买盘
732,11:29:33,4.72,0.01,1,472,买盘
733,11:29:30,4.71,-0.01,1,471,卖盘
734,11:29:27,4.72,--,8,3776,买盘
735,11:29:21,4.72,--,177,83544,买盘
736,11:29:06,4.72,--,10,4720,买盘
737,11:28:42,4.72,0.01,73,34456,买盘
738,11:28:27,4.71,--,10,4710,卖盘
739,11:28:15,4.71,--,8,3768,卖盘
740,11:28:09,4.71,--,87,40977,买盘
741,11:28:03,4.71,0.01,183,86193,买盘
742,11:27:48,4.7,-0.01,18,8460,卖盘
743,11:27:39,4.71,0.01,107,50397,买盘
744,11:27:36,4.7,-0.01,8,3760,卖盘
745,11:27:30,4.71,--,8,3768,买盘
746,11:27:18,4.71,-0.01,165,77715,卖盘
747,11:27:12,4.72,--,7,3304,买盘
748,11:27:00,4.72,0.01,13,6136,买盘
749,11:26:48,4.71,--,10,4710,卖盘
750,11:26:18,4.71,--,31,14601,买盘
751,11:26:03,4.71,-0.01,10,4710,买盘
752,11:26:00,4.72,0.01,404,190688,买盘
753,11:25:48,4.71,--,10,4710,买盘
754,11:25:42,4.71,--,1,471,买盘
755,11:25:27,4.71,--,7,3297,买盘
756,11:25:24,4.71,0.01,22,10362,买盘
757,11:25:21,4.7,-0.01,1,470,卖盘
758,11:25:18,4.71,--,21,9891,买盘
759,11:25:15,4.71,--,13,6123,买盘
760,11:25:12,4.71,-0.01,27,12717,卖盘
761,11:25:06,4.72,0.01,1,472,买盘
762,11:25:00,4.71,--,98,46158,买盘
763,11:24:54,4.71,--,10,4710,买盘
764,11:24:51,4.71,0.01,21,9891,买盘
765,11:24:45,4.7,-0.01,2,940,卖盘
766,11:24:42,4.71,--,15,7065,买盘
767,11:24:39,4.71,--,1,471,买盘
768,11:24:30,4.71,0.01,50,23550,买盘
769,11:24:12,4.7,--,21,9870,卖盘
770,11:24:09,4.7,0.01,749,352030,买盘
771,11:23:51,4.69,--,401,188069,买盘
772,11:23:45,4.69,--,2,938,买盘
773,11:23:42,4.69,0.01,30,14070,买盘
774,11:23:30,4.68,--,3,1404,卖盘
775,11:23:21,4.68,0.01,268,125423,买盘
776,11:23:12,4.67,-0.01,2,934,卖盘
777,11:23:00,4.68,--,86,40248,买盘
778,11:22:12,4.68,0.01,3,1404,买盘
779,11:22:06,4.67,-0.01,2,934,卖盘
780,11:22:00,4.68,0.01,2,936,买盘
781,11:21:21,4.67,--,1,467,卖盘
782,11:21:09,4.67,--,70,32690,卖盘
783,11:21:06,4.67,--,168,78456,卖盘
784,11:20:54,4.67,--,116,54172,买盘
785,11:20:45,4.67,--,10,4670,买盘
786,11:20:30,4.67,--,30,14010,买盘
787,11:20:27,4.67,-0.01,584,272728,卖盘
788,11:20:21,4.68,0.01,78,36504,买盘
789,11:20:09,4.67,-0.01,126,58842,卖盘
790,11:19:21,4.68,--,118,55224,买盘
791,11:19:15,4.68,0.01,10,4680,买盘
792,11:19:06,4.67,-0.01,2,934,卖盘
793,11:18:48,4.68,--,1,468,买盘
794,11:18:30,4.68,--,180,84240,卖盘
795,11:18:06,4.68,-0.01,5,2340,卖盘
796,11:17:51,4.69,0.01,2,938,买盘
797,11:17:45,4.68,--,20,9360,卖盘
798,11:17:42,4.68,--,19,8892,买盘
799,11:17:33,4.68,--,114,53352,买盘
800,11:17:12,4.68,0.01,20,9360,买盘
801,11:17:06,4.67,--,10,4670,卖盘
802,11:16:39,4.67,-0.01,795,371265,卖盘
803,11:16:30,4.68,0.01,5,2340,买盘
804,11:16:12,4.67,-0.01,20,9340,卖盘
805,11:15:42,4.68,-0.01,879,411372,卖盘
806,11:14:54,4.69,--,9,4221,买盘
807,11:14:18,4.69,--,10,4690,买盘
808,11:13:45,4.69,0.01,137,64253,买盘
809,11:13:39,4.68,--,1,468,卖盘
810,11:13:33,4.68,-0.01,35,16379,卖盘
811,11:12:30,4.69,0.01,10,4690,买盘
812,11:12:12,4.68,-0.01,168,78624,卖盘
813,11:12:09,4.69,0.01,1,469,买盘
814,11:11:54,4.68,--,10,4680,卖盘
815,11:11:45,4.68,-0.01,100,46800,卖盘
816,11:11:42,4.69,0.01,32,15008,买盘
817,11:11:30,4.68,--,10,4680,卖盘
818,11:11:24,4.68,-0.01,10,4680,卖盘
819,11:11:15,4.69,0.01,5,2345,买盘
820,11:11:12,4.68,-0.01,5,2340,卖盘
821,11:11:09,4.69,0.01,5,2345,买盘
822,11:11:06,4.68,--,10,4680,卖盘
823,11:10:39,4.68,-0.01,500,234000,卖盘
824,11:10:03,4.69,0.01,1,469,买盘
825,11:10:00,4.68,-0.01,20,9360,卖盘
826,11:09:54,4.69,0.01,2,938,买盘
827,11:09:30,4.68,--,521,243827,卖盘
828,11:09:06,4.68,-0.01,15,7020,卖盘
829,11:08:45,4.69,--,20,9380,买盘
830,11:08:24,4.69,0.01,50,23450,买盘
831,11:07:57,4.68,--,2,936,卖盘
832,11:07:33,4.68,-0.01,1000,468000,卖盘
833,11:07:27,4.69,--,42,19698,买盘
834,11:07:18,4.69,--,5,2345,买盘
835,11:07:12,4.69,--,20,9380,买盘
836,11:07:09,4.69,--,21,9849,卖盘
837,11:07:03,4.69,--,38,17822,卖盘
838,11:07:00,4.69,-0.01,200,93800,卖盘
839,11:06:30,4.7,0.01,140,65800,买盘
840,11:06:12,4.69,--,3,1407,卖盘
841,11:06:06,4.69,-0.01,5,2345,卖盘
842,11:05:57,4.7,--,100,47000,买盘
843,11:05:54,4.7,--,9,4230,买盘
844,11:05:42,4.7,--,3,1410,买盘
845,11:05:33,4.7,--,6,2820,买盘
846,11:05:03,4.7,0.01,28,13160,买盘
847,11:04:30,4.69,--,138,64722,买盘
848,11:04:06,4.69,0.01,80,37520,买盘
849,11:03:51,4.68,-0.01,10,4680,卖盘
850,11:03:45,4.69,--,224,105056,买盘
851,11:03:24,4.69,--,115,53935,卖盘
852,11:03:06,4.69,-0.01,100,46900,卖盘
853,11:03:03,4.7,--,70,32900,买盘
854,11:02:54,4.7,--,15,7050,买盘
855,11:02:45,4.7,--,8,3760,买盘
856,11:02:39,4.7,--,6,2820,买盘
857,11:02:36,4.7,--,127,59690,买盘
858,11:02:30,4.7,--,78,36660,买盘
859,11:02:21,4.7,--,190,89300,买盘
860,11:02:18,4.7,0.01,2,940,买盘
861,11:02:15,4.69,-0.01,100,46900,卖盘
862,11:02:06,4.7,--,38,17860,买盘
863,11:02:03,4.7,--,2,940,买盘
864,11:02:00,4.7,--,30,14100,买盘
865,11:01:48,4.7,--,5,2350,买盘
866,11:01:36,4.7,0.01,10,4700,买盘
867,11:01:21,4.69,-0.01,9,4221,卖盘
868,11:01:18,4.7,--,35,16450,买盘
869,11:01:09,4.7,--,3,1410,买盘
870,11:00:51,4.7,--,10,4700,买盘
871,11:00:48,4.7,--,100,47000,买盘
872,11:00:45,4.7,0.01,110,51700,买盘
873,11:00:36,4.69,-0.01,4,1876,卖盘
874,11:00:33,4.7,--,150,70500,买盘
875,11:00:30,4.7,--,25,11750,买盘
876,11:00:27,4.7,--,20,9400,买盘
877,11:00:06,4.7,--,159,74730,买盘
878,11:00:00,4.7,0.01,41,19270,买盘
879,10:59:36,4.69,-0.01,38,17822,卖盘
880,10:59:33,4.7,0.01,58,27260,买盘
881,10:59:30,4.69,-0.01,9,4221,卖盘
882,10:59:24,4.7,--,193,90710,买盘
883,10:59:18,4.7,--,52,24440,买盘
884,10:59:15,4.7,--,11,5170,买盘
885,10:59:00,4.7,--,22,10340,买盘
886,10:58:51,4.7,--,10,4700,买盘
887,10:58:45,4.7,0.01,20,9400,买盘
888,10:58:39,4.69,--,16,7504,卖盘
889,10:58:33,4.69,-0.01,200,93800,卖盘
890,10:58:24,4.7,--,106,49820,买盘
891,10:58:03,4.7,0.01,70,32900,买盘
892,10:57:51,4.69,-0.01,150,70350,卖盘
893,10:57:48,4.7,0.01,140,65800,买盘
894,10:57:42,4.69,--,234,109746,买盘
895,10:57:39,4.69,0.01,11,5159,买盘
896,10:57:24,4.68,--,533,249443,买盘
897,10:57:18,4.68,--,9,4212,买盘
898,10:57:15,4.68,--,165,77220,买盘
899,10:57:12,4.68,--,3,1404,买盘
900,10:57:09,4.68,--,134,62711,买盘
901,10:57:03,4.68,--,20,9360,买盘
902,10:57:00,4.68,--,25,11700,买盘
903,10:56:51,4.68,--,1,468,买盘
904,10:56:48,4.68,0.01,2,936,买盘
905,10:56:39,4.67,-0.01,29,13543,卖盘
906,10:56:24,4.68,0.01,74,34632,买盘
907,10:56:06,4.67,--,2,934,卖盘
908,10:55:54,4.67,--,55,25685,卖盘
909,10:55:51,4.67,--,2,934,卖盘
910,10:55:39,4.67,--,1,467,卖盘
911,10:55:27,4.67,-0.01,20,9340,卖盘
912,10:55:21,4.68,0.01,4,1872,买盘
913,10:55:18,4.67,-0.01,8,3736,卖盘
914,10:55:15,4.68,--,31,14508,买盘
915,10:54:48,4.68,--,5,2340,买盘
916,10:54:33,4.68,--,8,3744,买盘
917,10:54:30,4.68,--,22,10296,卖盘
918,10:54:24,4.68,-0.01,9,4212,卖盘
919,10:54:21,4.69,--,23,10787,买盘
920,10:54:06,4.69,--,113,52997,买盘
921,10:53:51,4.69,--,346,162274,卖盘
922,10:53:42,4.69,--,80,37520,卖盘
923,10:53:39,4.69,--,4,1876,卖盘
924,10:53:24,4.69,-0.01,14,6566,卖盘
925,10:53:00,4.7,--,165,77550,买盘
926,10:52:51,4.7,0.01,15,7050,买盘
927,10:52:45,4.69,-0.01,10,4690,卖盘
928,10:52:42,4.7,--,60,28200,买盘
929,10:52:39,4.7,0.01,21,9870,买盘
930,10:52:33,4.69,--,10,4690,卖盘
931,10:52:27,4.69,--,165,77385,卖盘
932,10:52:24,4.69,--,49,22981,买盘
933,10:52:09,4.69,--,100,46900,买盘
934,10:52:06,4.69,--,25,11725,买盘
935,10:51:57,4.69,--,132,61908,买盘
936,10:51:39,4.69,--,4,1876,买盘
937,10:51:33,4.69,--,10,4690,买盘
938,10:51:24,4.69,0.01,15,7035,买盘
939,10:51:03,4.68,--,52,24336,买盘
940,10:50:57,4.68,--,10,4680,买盘
941,10:50:51,4.68,--,13,6084,买盘
942,10:50:48,4.68,--,1,468,买盘
943,10:50:45,4.68,--,146,68328,买盘
944,10:50:33,4.68,--,83,38844,买盘
945,10:50:24,4.68,--,71,33228,买盘
946,10:50:21,4.68,--,7,3276,买盘
947,10:50:18,4.68,--,1,468,买盘
948,10:50:06,4.68,--,10,4680,买盘
949,10:50:00,4.68,0.01,1,468,买盘
950,10:49:57,4.67,-0.01,20,9340,卖盘
951,10:49:54,4.68,0.01,6,2808,买盘
952,10:49:51,4.67,--,3,1401,卖盘
953,10:49:12,4.67,-0.01,48,22416,卖盘
954,10:49:03,4.68,--,2,936,买盘
955,10:49:00,4.68,0.01,3,1404,买盘
956,10:48:51,4.67,--,17,7939,卖盘
957,10:48:45,4.67,--,5,2335,卖盘
958,10:48:39,4.67,--,1,467,卖盘
959,10:48:03,4.67,--,5,2335,卖盘
960,10:48:00,4.67,--,59,27553,买盘
961,10:47:51,4.67,0.01,53,24751,买盘
962,10:47:45,4.66,--,10,4660,卖盘
963,10:47:42,4.66,-0.01,2,932,卖盘
964,10:47:36,4.67,--,40,18680,买盘
965,10:47:33,4.67,0.01,2,934,买盘
966,10:47:24,4.66,-0.01,10,4660,卖盘
967,10:47:21,4.67,--,20,9340,买盘
968,10:47:18,4.67,--,3,1401,买盘
969,10:47:15,4.67,--,34,15878,买盘
970,10:47:12,4.67,--,20,9340,买盘
971,10:47:03,4.67,0.01,5,2335,买盘
972,10:47:00,4.66,--,26,12116,卖盘
973,10:46:57,4.66,--,6,2796,卖盘
974,10:46:51,4.66,--,1,466,卖盘
975,10:46:48,4.66,--,35,16310,卖盘
976,10:46:45,4.66,-0.01,80,37280,卖盘
977,10:46:30,4.67,--,2,934,买盘
978,10:46:24,4.67,--,10,4670,买盘
979,10:46:21,4.67,0.01,5,2335,买盘
980,10:46:06,4.66,-0.01,25,11650,卖盘
981,10:45:36,4.67,0.01,7,3269,买盘
982,10:45:15,4.66,-0.01,3,1398,卖盘
983,10:45:06,4.67,0.01,18,8406,买盘
984,10:45:00,4.66,--,12,5592,卖盘
985,10:44:45,4.66,-0.01,10,4660,卖盘
986,10:44:27,4.67,0.01,4,1868,买盘
987,10:44:21,4.66,-0.01,21,9786,卖盘
988,10:44:06,4.67,--,10,4670,买盘
989,10:43:57,4.67,0.01,50,23350,买盘
990,10:43:45,4.66,--,168,78288,卖盘
991,10:43:18,4.66,--,20,9320,卖盘
992,10:43:15,4.66,--,10,4660,卖盘
993,10:43:06,4.66,--,20,9320,卖盘
994,10:42:57,4.66,-0.01,3,1398,卖盘
995,10:42:42,4.67,0.01,82,38294,买盘
996,10:42:36,4.66,--,500,233000,卖盘
997,10:42:30,4.66,-0.01,30,13980,卖盘
998,10:42:21,4.67,0.01,93,43431,买盘
999,10:41:57,4.66,-0.01,4,1864,卖盘
1000,10:41:54,4.67,--,4,1868,买盘
1001,10:41:27,4.67,--,10,4670,买盘
1002,10:41:21,4.67,0.01,200,93400,买盘
1003,10:41:18,4.66,--,100,46600,卖盘
1004,10:41:15,4.66,-0.01,25,11650,卖盘
1005,10:41:09,4.67,0.01,40,18680,买盘
1006,10:41:06,4.66,--,1,466,卖盘
1007,10:41:03,4.66,-0.01,16,7456,卖盘
1008,10:41:00,4.67,--,100,46700,买盘
1009,10:40:48,4.67,0.01,4,1868,买盘
1010,10:40:39,4.66,-0.01,14,6524,卖盘
1011,10:40:33,4.67,--,7,3269,买盘
1012,10:40:24,4.67,--,60,28020,买盘
1013,10:40:18,4.67,--,5,2335,买盘
1014,10:40:09,4.67,--,131,61177,卖盘
1015,10:40:06,4.67,-0.01,414,193338,卖盘
1016,10:39:45,4.68,--,2,936,买盘
1017,10:39:30,4.68,--,10,4680,买盘
1018,10:39:27,4.68,--,3,1404,买盘
1019,10:39:24,4.68,--,8,3744,买盘
1020,10:39:15,4.68,0.01,3,1404,买盘
1021,10:38:57,4.67,--,38,17746,卖盘
1022,10:38:48,4.67,--,15,7005,卖盘
1023,10:38:36,4.67,-0.01,40,18680,卖盘
1024,10:38:09,4.68,--,4,1872,买盘
1025,10:38:03,4.68,--,20,9360,买盘
1026,10:38:00,4.68,0.01,212,99216,买盘
1027,10:37:57,4.67,-0.01,60,28020,卖盘
1028,10:37:54,4.68,0.01,5,2340,买盘
1029,10:37:30,4.67,--,234,109278,买盘
1030,10:37:24,4.67,--,72,33624,买盘
1031,10:37:21,4.67,--,3,1401,买盘
1032,10:37:03,4.67,--,30,14010,买盘
1033,10:36:54,4.67,0.01,98,45766,买盘
1034,10:36:51,4.66,-0.01,4,1864,卖盘
1035,10:36:48,4.67,--,151,70517,买盘
1036,10:36:36,4.67,--,150,70050,买盘
1037,10:36:24,4.67,--,4,1868,买盘
1038,10:36:12,4.67,--,1,467,买盘
1039,10:36:06,4.67,0.01,7,3269,买盘
1040,10:36:00,4.66,-0.01,20,9320,卖盘
1041,10:35:57,4.67,--,2,934,买盘
1042,10:35:12,4.67,--,2,934,买盘
1043,10:35:00,4.67,--,1,467,买盘
1044,10:34:45,4.67,--,46,21482,卖盘
1045,10:34:42,4.67,--,8,3736,卖盘
1046,10:34:30,4.67,--,292,136364,卖盘
1047,10:34:21,4.67,--,1,467,卖盘
1048,10:34:18,4.67,-0.01,168,78456,卖盘
1049,10:33:51,4.68,0.01,20,9360,买盘
1050,10:33:39,4.67,-0.01,102,47634,卖盘
1051,10:33:21,4.68,--,30,14040,买盘
1052,10:33:18,4.68,0.01,25,11700,买盘
1053,10:33:12,4.67,-0.01,10,4670,卖盘
1054,10:33:03,4.68,--,20,9360,买盘
1055,10:32:42,4.68,--,20,9360,买盘
1056,10:32:39,4.68,0.01,228,106704,买盘
1057,10:32:27,4.67,-0.01,37,17279,卖盘
1058,10:32:24,4.68,0.01,21,9828,买盘
1059,10:32:09,4.67,--,14,6538,卖盘
1060,10:32:06,4.67,--,1,467,卖盘
1061,10:31:42,4.67,-0.02,1,467,卖盘
1062,10:31:36,4.69,--,8,3752,买盘
1063,10:31:33,4.69,--,19,8911,买盘
1064,10:31:21,4.69,--,256,120476,卖盘
1065,10:31:18,4.69,--,20,9380,卖盘
1066,10:31:15,4.69,-0.01,200,93800,卖盘
1067,10:31:09,4.7,0.01,4,1880,买盘
1068,10:31:06,4.69,-0.01,50,23450,卖盘
1069,10:31:00,4.7,0.01,49,23030,买盘
1070,10:30:57,4.69,--,50,23450,卖盘
1071,10:30:42,4.69,0.01,433,203133,买盘
1072,10:30:33,4.68,0.01,231,108108,买盘
1073,10:30:27,4.67,-0.01,86,40162,卖盘
1074,10:30:15,4.68,--,10,4680,买盘
1075,10:30:12,4.68,--,2,936,买盘
1076,10:30:09,4.68,--,27,12636,买盘
1077,10:30:06,4.68,--,5,2340,买盘
1078,10:30:03,4.68,--,60,28080,卖盘
1079,10:30:00,4.68,-0.01,50,23400,卖盘
1080,10:29:57,4.69,--,20,9380,买盘
1081,10:29:51,4.69,--,56,26264,买盘
1082,10:29:48,4.69,--,247,115843,买盘
1083,10:29:45,4.69,--,3,1407,买盘
1084,10:29:39,4.69,--,25,11725,买盘
1085,10:29:36,4.69,-0.01,22,10730,卖盘
1086,10:29:30,4.7,0.01,810,380700,买盘
1087,10:29:27,4.69,--,203,95263,买盘
1088,10:29:21,4.69,--,46,21986,卖盘
1089,10:29:18,4.69,--,44,20692,买盘
1090,10:29:09,4.69,0.01,1305,612045,买盘
1091,10:29:06,4.68,0.01,19,8892,买盘
1092,10:29:03,4.67,--,12,5604,卖盘
1093,10:28:54,4.67,--,26,12142,买盘
1094,10:28:51,4.67,--,20,9340,买盘
1095,10:28:48,4.67,--,264,123288,买盘
1096,10:28:42,4.67,--,10,4670,买盘
1097,10:28:39,4.67,--,4,1868,买盘
1098,10:28:30,4.67,--,9,4203,买盘
1099,10:28:27,4.67,--,50,23350,买盘
1100,10:28:24,4.67,--,13,6071,买盘
1101,10:28:21,4.67,--,113,52771,买盘
1102,10:28:18,4.67,--,315,147105,买盘
1103,10:28:15,4.67,--,50,23350,买盘
1104,10:28:00,4.67,0.01,10,4670,买盘
1105,10:27:51,4.66,-0.01,100,46600,卖盘
1106,10:27:48,4.67,0.01,50,23350,买盘
1107,10:27:33,4.66,--,630,293580,买盘
1108,10:27:30,4.66,--,20,9320,买盘
1109,10:27:27,4.66,--,109,50794,买盘
1110,10:27:18,4.66,--,5,2330,买盘
1111,10:27:03,4.66,0.01,43,20038,买盘
1112,10:27:00,4.65,-0.01,467,217155,卖盘
1113,10:26:57,4.66,--,2,932,买盘
1114,10:26:54,4.66,0.02,14,6524,买盘
1115,10:26:36,4.64,-0.02,1,463,卖盘
1116,10:26:33,4.66,0.01,93,43338,买盘
1117,10:26:30,4.65,--,7,3255,卖盘
1118,10:26:24,4.65,--,48,22320,买盘
1119,10:26:21,4.65,--,63,29295,买盘
1120,10:26:06,4.65,--,10,4650,买盘
1121,10:26:03,4.65,-0.01,13,6045,卖盘
1122,10:25:57,4.66,0.01,100,46600,买盘
1123,10:25:54,4.65,--,418,194370,卖盘
1124,10:25:48,4.65,--,4,1860,卖盘
1125,10:25:45,4.65,--,222,103230,买盘
1126,10:25:42,4.65,--,17,7905,买盘
1127,10:25:36,4.65,--,5,2325,买盘
1128,10:25:30,4.65,-0.01,256,119040,卖盘
1129,10:25:18,4.66,0.01,5,2330,买盘
1130,10:25:12,4.65,-0.01,500,232500,卖盘
1131,10:25:03,4.66,--,200,93200,买盘
1132,10:24:48,4.66,--,1,466,买盘
1133,10:24:45,4.66,0.01,10,4660,买盘
1134,10:24:30,4.65,-0.01,1,465,卖盘
1135,10:24:24,4.66,0.01,50,23300,买盘
1136,10:24:15,4.65,-0.01,81,37665,卖盘
1137,10:24:12,4.66,0.01,5,2330,买盘
1138,10:24:06,4.65,-0.01,5,2325,卖盘
1139,10:23:57,4.66,0.02,12,5592,买盘
1140,10:23:30,4.64,-0.01,351,162864,卖盘
1141,10:23:24,4.65,--,11,5115,买盘
1142,10:23:09,4.65,--,15,6975,买盘
1143,10:23:03,4.65,--,364,169260,买盘
1144,10:22:57,4.65,0.01,1,465,买盘
1145,10:22:54,4.64,--,20,9280,卖盘
1146,10:22:51,4.64,-0.01,1,463,卖盘
1147,10:22:45,4.65,0.01,182,84630,买盘
1148,10:22:39,4.64,-0.01,352,163328,卖盘
1149,10:22:36,4.65,0.01,4,1860,买盘
1150,10:22:30,4.64,-0.01,10,4640,卖盘
1151,10:22:27,4.65,0.01,8,3720,买盘
1152,10:22:21,4.64,-0.01,40,18560,卖盘
1153,10:22:12,4.65,--,40,18600,买盘
1154,10:21:57,4.65,0.01,71,33015,买盘
1155,10:21:54,4.64,-0.01,10,4640,卖盘
1156,10:21:45,4.65,0.01,20,9300,买盘
1157,10:21:36,4.64,-0.01,8,3711,卖盘
1158,10:21:18,4.65,--,3,1395,买盘
1159,10:21:09,4.65,--,18,8370,卖盘
1160,10:21:06,4.65,--,34,15810,卖盘
1161,10:20:57,4.65,0.01,2,930,买盘
1162,10:20:36,4.64,--,4,1855,卖盘
1163,10:20:33,4.64,-0.01,25,11600,卖盘
1164,10:20:27,4.65,--,61,28365,买盘
1165,10:20:24,4.65,--,20,9300,买盘
1166,10:20:21,4.65,--,50,23250,买盘
1167,10:20:18,4.65,--,268,124620,卖盘
1168,10:20:15,4.65,--,100,46500,卖盘
1169,10:20:12,4.65,-0.01,300,139500,卖盘
1170,10:20:03,4.66,0.01,2,932,买盘
1171,10:19:51,4.65,-0.01,60,27900,卖盘
1172,10:19:48,4.66,--,1,466,买盘
1173,10:19:36,4.66,--,10,4660,买盘
1174,10:19:33,4.66,0.01,9,4194,买盘
1175,10:19:27,4.65,-0.01,4,1860,卖盘
1176,10:19:21,4.66,0.01,23,10718,买盘
1177,10:19:12,4.65,-0.01,2,930,卖盘
1178,10:19:09,4.66,--,200,93200,买盘
1179,10:18:57,4.66,--,1,466,买盘
1180,10:18:54,4.66,--,200,93200,买盘
1181,10:18:48,4.66,0.01,53,24698,买盘
1182,10:18:39,4.65,--,2,930,卖盘
1183,10:18:36,4.65,--,236,109740,卖盘
1184,10:18:30,4.65,--,150,69750,买盘
1185,10:18:27,4.65,--,200,93000,买盘
1186,10:18:21,4.65,--,46,21390,买盘
1187,10:18:18,4.65,--,3,1395,买盘
1188,10:18:12,4.65,--,179,83235,买盘
1189,10:18:06,4.65,--,210,97650,买盘
1190,10:18:03,4.65,--,382,177630,买盘
1191,10:17:54,4.65,--,201,93465,买盘
1192,10:17:51,4.65,-0.01,587,272955,卖盘
1193,10:17:48,4.66,0.01,60,27960,买盘
1194,10:17:45,4.65,-0.01,10,4650,卖盘
1195,10:17:42,4.66,--,50,23300,买盘
1196,10:17:36,4.66,0.01,38,17708,买盘
1197,10:17:30,4.65,-0.01,50,23250,卖盘
1198,10:17:18,4.66,--,14,6524,买盘
1199,10:17:06,4.66,--,5,2330,买盘
1200,10:17:03,4.66,0.01,10,4660,买盘
1201,10:16:54,4.65,-0.01,6,2790,卖盘
1202,10:16:42,4.66,0.01,14,6524,买盘
1203,10:16:39,4.65,--,143,66495,卖盘
1204,10:16:27,4.65,-0.01,50,23250,卖盘
1205,10:16:24,4.66,--,3,1398,买盘
1206,10:16:03,4.66,0.01,16,7456,买盘
1207,10:15:51,4.65,-0.01,20,9300,卖盘
1208,10:15:45,4.66,--,22,10252,买盘
1209,10:15:42,4.66,0.01,300,139800,买盘
1210,10:15:36,4.65,-0.01,30,13950,卖盘
1211,10:15:33,4.66,0.01,1,466,买盘
1212,10:15:30,4.65,-0.01,3,1395,卖盘
1213,10:15:27,4.66,--,318,148188,买盘
1214,10:15:18,4.66,0.01,1,466,买盘
1215,10:14:45,4.65,--,12,5580,中性盘
1216,10:14:33,4.65,--,327,152055,买盘
1217,10:14:30,4.65,--,273,126945,买盘
1218,10:14:27,4.65,--,5,2325,买盘
1219,10:14:24,4.65,--,2,930,买盘
1220,10:14:21,4.65,0.01,3,1395,买盘
1221,10:14:15,4.64,-0.01,400,185600,卖盘
1222,10:14:06,4.65,0.01,11,5115,买盘
1223,10:14:03,4.64,--,60,27839,卖盘
1224,10:13:48,4.64,-0.01,46,21344,卖盘
1225,10:13:45,4.65,--,42,19530,买盘
1226,10:13:39,4.65,--,10,4650,买盘
1227,10:13:30,4.65,0.01,400,186000,买盘
1228,10:13:24,4.64,--,19,8816,卖盘
1229,10:13:21,4.64,-0.01,150,69600,卖盘
1230,10:13:15,4.65,--,1,465,买盘
1231,10:13:09,4.65,0.01,7,3255,买盘
1232,10:13:06,4.64,-0.01,50,23200,卖盘
1233,10:13:03,4.65,--,10,4650,买盘
1234,10:12:54,4.65,--,5,2325,买盘
1235,10:12:42,4.65,--,4,1860,买盘
1236,10:12:39,4.65,--,1,465,买盘
1237,10:12:24,4.65,0.01,5,2325,买盘
1238,10:12:12,4.64,-0.01,186,86304,卖盘
1239,10:12:09,4.65,0.01,2,930,买盘
1240,10:12:06,4.64,--,83,38512,卖盘
1241,10:12:03,4.64,-0.01,4,1855,卖盘
1242,10:11:48,4.65,--,20,9300,买盘
1243,10:11:45,4.65,--,10,4650,买盘
1244,10:11:42,4.65,--,2,930,买盘
1245,10:11:33,4.65,--,10,4650,买盘
1246,10:11:30,4.65,--,150,69750,买盘
1247,10:11:27,4.65,--,33,15345,买盘
1248,10:11:24,4.65,--,25,11625,买盘
1249,10:11:21,4.65,--,11,5115,买盘
1250,10:11:15,4.65,--,58,26970,卖盘
1251,10:11:09,4.65,--,223,103695,卖盘
1252,10:11:06,4.65,-0.01,56,26040,卖盘
1253,10:11:03,4.66,0.01,5,2330,买盘
1254,10:10:57,4.65,-0.01,380,176700,卖盘
1255,10:10:51,4.66,--,5,2330,买盘
1256,10:10:45,4.66,--,20,9320,买盘
1257,10:10:39,4.66,--,54,25164,买盘
1258,10:10:36,4.66,--,8,3728,买盘
1259,10:10:24,4.66,--,6,2796,买盘
1260,10:10:15,4.66,--,430,200380,卖盘
1261,10:10:09,4.66,--,33,15378,卖盘
1262,10:10:06,4.66,-0.01,25,11650,卖盘
1263,10:09:54,4.67,--,10,4670,买盘
1264,10:09:51,4.67,--,200,93400,买盘
1265,10:09:48,4.67,--,1,467,买盘
1266,10:09:45,4.67,0.01,148,69116,买盘
1267,10:09:36,4.66,--,50,23300,卖盘
1268,10:09:33,4.66,-0.01,2,932,卖盘
1269,10:09:27,4.67,0.01,1,467,买盘
1270,10:09:15,4.66,--,40,18640,卖盘
1271,10:09:09,4.66,-0.01,24,11184,卖盘
1272,10:09:06,4.67,--,11,5137,买盘
1273,10:09:00,4.67,--,2,934,买盘
1274,10:08:54,4.67,0.01,6,2802,买盘
1275,10:08:48,4.66,--,3,1398,卖盘
1276,10:08:39,4.66,0.01,104,48464,买盘
1277,10:08:36,4.65,--,92,42780,卖盘
1278,10:08:33,4.65,-0.01,1,465,卖盘
1279,10:08:30,4.66,--,161,75026,买盘
1280,10:08:27,4.66,--,23,10718,买盘
1281,10:08:24,4.66,--,64,29824,买盘
1282,10:08:15,4.66,--,7,3262,买盘
1283,10:08:12,4.66,--,53,24698,买盘
1284,10:08:03,4.66,0.01,302,140732,买盘
1285,10:08:00,4.65,-0.01,78,36270,卖盘
1286,10:07:54,4.66,--,50,23300,买盘
1287,10:07:48,4.66,--,28,13048,买盘
1288,10:07:39,4.66,--,10,4660,买盘
1289,10:07:33,4.66,--,10,4660,买盘
1290,10:07:30,4.66,--,71,33086,买盘
1291,10:07:15,4.66,0.01,23,10718,买盘
1292,10:07:12,4.65,--,1,465,卖盘
1293,10:07:00,4.65,--,296,137640,买盘
1294,10:06:54,4.65,--,1,465,买盘
1295,10:06:45,4.65,-0.01,37,17205,卖盘
1296,10:06:42,4.66,0.01,2,932,买盘
1297,10:06:36,4.65,--,126,58590,卖盘
1298,10:06:33,4.65,--,1,465,卖盘
1299,10:06:21,4.65,--,144,66960,买盘
1300,10:06:18,4.65,--,47,21855,买盘
1301,10:06:15,4.65,--,11,5115,买盘
1302,10:06:12,4.65,--,10,4650,买盘
1303,10:06:09,4.65,--,49,22785,买盘
1304,10:06:03,4.65,--,72,33480,卖盘
1305,10:06:00,4.65,--,101,46965,卖盘
1306,10:05:54,4.65,--,103,47895,卖盘
1307,10:05:21,4.65,--,46,21390,卖盘
1308,10:05:09,4.65,-0.01,1,465,卖盘
1309,10:05:06,4.66,0.01,5,2330,买盘
1310,10:05:00,4.65,-0.01,75,34875,卖盘
1311,10:04:54,4.66,--,20,9320,买盘
1312,10:04:51,4.66,--,6,2796,买盘
1313,10:04:48,4.66,0.01,5,2330,买盘
1314,10:04:45,4.65,-0.01,50,23250,卖盘
1315,10:04:39,4.66,--,121,56386,买盘
1316,10:04:36,4.66,0.01,4,1864,买盘
1317,10:04:30,4.65,-0.01,200,93000,卖盘
1318,10:04:24,4.66,--,7,3262,买盘
1319,10:04:15,4.66,0.01,217,101122,买盘
1320,10:04:12,4.65,-0.01,30,13950,卖盘
1321,10:04:03,4.66,--,1,466,买盘
1322,10:03:51,4.66,--,103,47998,买盘
1323,10:03:42,4.66,--,49,22834,买盘
1324,10:03:39,4.66,--,41,19106,买盘
1325,10:03:36,4.66,0.01,6,2796,买盘
1326,10:03:30,4.65,-0.01,1,465,卖盘
1327,10:03:24,4.66,0.01,20,9320,买盘
1328,10:03:21,4.65,--,269,125085,卖盘
1329,10:03:18,4.65,-0.01,2,930,卖盘
1330,10:03:15,4.66,--,100,46600,买盘
1331,10:03:09,4.66,0.01,42,19572,买盘
1332,10:02:54,4.65,-0.01,103,47895,卖盘
1333,10:02:51,4.66,--,11,5126,买盘
1334,10:02:48,4.66,0.01,55,25630,买盘
1335,10:02:45,4.65,--,11,5115,卖盘
1336,10:02:33,4.65,--,1,465,卖盘
1337,10:02:30,4.65,--,448,208320,买盘
1338,10:02:27,4.65,--,50,23250,买盘
1339,10:02:21,4.65,--,5,2325,买盘
1340,10:02:15,4.65,0.01,4,1860,买盘
1341,10:02:12,4.64,--,5,2320,卖盘
1342,10:01:48,4.64,--,112,52204,买盘
1343,10:01:45,4.64,--,2,927,买盘
1344,10:01:42,4.64,--,41,19024,买盘
1345,10:01:39,4.64,0.01,19,8816,买盘
1346,10:01:33,4.63,-0.01,49,22687,卖盘
1347,10:01:30,4.64,--,149,69136,买盘
1348,10:01:27,4.64,--,50,23200,买盘
1349,10:01:24,4.64,0.01,54,25056,买盘
1350,10:01:12,4.63,-0.01,38,17594,卖盘
1351,10:01:06,4.64,--,21,9744,买盘
1352,10:01:03,4.64,--,20,9280,买盘
1353,10:01:00,4.64,0.01,1,463,买盘
1354,10:00:51,4.63,-0.01,17,7871,卖盘
1355,10:00:48,4.64,0.01,1,463,买盘
1356,10:00:21,4.63,-0.01,26,12038,卖盘
1357,10:00:15,4.64,0.01,30,13919,买盘
1358,10:00:12,4.63,-0.01,118,54634,卖盘
1359,10:00:09,4.64,0.01,1,463,买盘
1360,10:00:03,4.63,--,61,28243,买盘
1361,10:00:00,4.63,--,53,24539,卖盘
1362,09:59:57,4.63,--,1,463,卖盘
1363,09:59:54,4.63,--,8,3704,买盘
1364,09:59:51,4.63,--,200,92600,买盘
1365,09:59:42,4.63,0.01,79,36577,买盘
1366,09:59:36,4.62,-0.01,82,37884,卖盘
1367,09:59:27,4.63,0.01,8,3704,买盘
1368,09:59:21,4.62,-0.01,100,46200,卖盘
1369,09:59:18,4.63,--,60,27780,买盘
1370,09:59:15,4.63,0.01,10,4630,买盘
1371,09:59:03,4.62,--,15,6930,卖盘
1372,09:58:57,4.62,-0.01,260,120120,卖盘
1373,09:58:48,4.63,0.01,39,18057,买盘
1374,09:58:39,4.62,--,1,462,卖盘
1375,09:58:36,4.62,--,190,87780,卖盘
1376,09:58:33,4.62,--,37,17094,卖盘
1377,09:58:27,4.62,--,10,4620,卖盘
1378,09:58:21,4.62,-0.01,10,4620,卖盘
1379,09:58:18,4.63,0.01,4,1852,买盘
1380,09:58:09,4.62,-0.01,30,13860,卖盘
1381,09:58:06,4.63,0.01,117,54171,买盘
1382,09:58:03,4.62,--,90,41580,卖盘
1383,09:58:00,4.62,--,20,9240,卖盘
1384,09:57:54,4.62,--,56,25872,卖盘
1385,09:57:48,4.62,--,96,44352,买盘
1386,09:57:45,4.62,--,212,97944,卖盘
1387,09:57:42,4.62,-0.01,755,348810,卖盘
1388,09:57:27,4.63,--,8,3704,买盘
1389,09:57:24,4.63,--,5,2315,买盘
1390,09:57:21,4.63,--,33,15279,买盘
1391,09:57:15,4.63,0.01,10,4630,买盘
1392,09:57:12,4.62,--,89,41118,卖盘
1393,09:57:09,4.62,--,126,58212,卖盘
1394,09:57:03,4.62,--,6,2772,卖盘
1395,09:56:48,4.62,-0.02,2204,1018248,卖盘
1396,09:56:45,4.64,0.01,1,463,买盘
1397,09:56:42,4.63,-0.01,336,155568,卖盘
1398,09:56:39,4.64,--,263,122031,买盘
1399,09:56:33,4.64,--,167,77488,买盘
1400,09:56:30,4.64,-0.01,12,5568,买盘
1401,09:56:27,4.65,0.02,121,56265,买盘
1402,09:56:21,4.63,-0.02,200,92600,卖盘
1403,09:56:15,4.65,0.01,65,30225,买盘
1404,09:56:12,4.64,--,20,9280,买盘
1405,09:56:06,4.64,-0.01,49,22736,卖盘
1406,09:56:03,4.65,0.01,333,154845,买盘
1407,09:55:57,4.64,0.01,18,8352,买盘
1408,09:55:54,4.63,-0.01,3,1389,卖盘
1409,09:55:51,4.64,--,1,463,买盘
1410,09:55:48,4.64,--,7,3248,买盘
1411,09:55:45,4.64,--,8,3711,买盘
1412,09:55:39,4.64,--,20,9280,买盘
1413,09:55:36,4.64,--,3,1392,买盘
1414,09:55:33,4.64,--,291,135024,买盘
1415,09:55:30,4.64,--,9,4176,买盘
1416,09:55:27,4.64,--,50,23200,买盘
1417,09:55:24,4.64,--,10,4640,买盘
1418,09:55:21,4.64,--,5,2320,买盘
1419,09:55:18,4.64,--,148,68672,卖盘
1420,09:55:12,4.64,--,117,54287,买盘
1421,09:55:09,4.64,--,30,13919,买盘
1422,09:55:06,4.64,--,76,35264,买盘
1423,09:55:00,4.64,0.01,150,69600,中性盘
1424,09:54:54,4.63,-0.01,250,115750,卖盘
1425,09:54:45,4.64,--,10,4640,卖盘
1426,09:54:39,4.64,--,226,104864,买盘
1427,09:54:36,4.64,--,35,16239,买盘
1428,09:54:30,4.64,-0.01,639,296496,卖盘
1429,09:54:24,4.65,--,5,2325,买盘
1430,09:54:18,4.65,0.01,10,4650,买盘
1431,09:54:15,4.64,-0.01,8,3711,卖盘
1432,09:54:12,4.65,--,1,465,买盘
1433,09:54:09,4.65,0.01,52,24180,买盘
1434,09:53:54,4.64,-0.01,1,463,卖盘
1435,09:53:51,4.65,0.01,8,3720,买盘
1436,09:53:48,4.64,-0.01,1000,463999,卖盘
1437,09:53:45,4.65,0.01,23,10695,买盘
1438,09:53:36,4.64,-0.01,10,4640,卖盘
1439,09:53:30,4.65,--,401,186465,卖盘
1440,09:53:27,4.65,--,40,18600,卖盘
1441,09:53:21,4.65,--,256,119040,卖盘
1442,09:53:15,4.65,--,20,9300,卖盘
1443,09:53:09,4.65,--,14,6510,卖盘
1444,09:53:06,4.65,-0.01,3,1395,卖盘
1445,09:52:57,4.66,--,22,10252,买盘
1446,09:52:48,4.66,--,10,4660,买盘
1447,09:52:45,4.66,0.01,24,11184,买盘
1448,09:52:42,4.65,--,31,14415,卖盘
1449,09:52:39,4.65,-0.01,13,6045,卖盘
1450,09:52:33,4.66,--,20,9320,买盘
1451,09:52:30,4.66,--,10,4660,买盘
1452,09:52:27,4.66,--,3,1398,买盘
1453,09:52:24,4.66,--,5,2330,买盘
1454,09:52:21,4.66,--,55,25630,买盘
1455,09:52:15,4.66,--,73,34018,买盘
1456,09:51:57,4.66,--,36,16776,买盘
1457,09:51:48,4.66,--,105,48930,买盘
1458,09:51:42,4.66,--,24,11184,买盘
1459,09:51:39,4.66,0.01,5,2330,买盘
1460,09:51:36,4.65,-0.01,100,46500,卖盘
1461,09:51:33,4.66,0.01,27,12582,买盘
1462,09:51:30,4.65,--,103,47895,卖盘
1463,09:51:27,4.65,--,4,1860,卖盘
1464,09:51:18,4.65,--,5,2325,卖盘
1465,09:51:12,4.65,--,1195,555675,买盘
1466,09:51:03,4.65,--,100,46500,买盘
1467,09:50:57,4.65,0.01,57,26505,买盘
1468,09:50:54,4.64,--,2,927,卖盘
1469,09:50:51,4.64,-0.01,100,46400,卖盘
1470,09:50:48,4.65,--,87,40455,买盘
1471,09:50:36,4.65,--,30,13950,买盘
1472,09:50:33,4.65,--,10,4650,买盘
1473,09:50:27,4.65,0.01,27,12555,买盘
1474,09:50:24,4.64,-0.01,260,120639,卖盘
1475,09:50:21,4.65,--,115,53475,买盘
1476,09:50:15,4.65,--,38,17670,买盘
1477,09:50:09,4.65,--,181,84165,买盘
1478,09:50:03,4.65,0.01,20,9300,买盘
1479,09:50:00,4.64,-0.01,70,32479,卖盘
1480,09:49:57,4.65,--,88,40920,买盘
1481,09:49:48,4.65,--,100,46500,买盘
1482,09:49:45,4.65,0.01,7,3255,买盘
1483,09:49:33,4.64,--,69,32015,卖盘
1484,09:49:30,4.64,-0.01,204,94656,卖盘
1485,09:49:24,4.65,--,10,4650,买盘
1486,09:49:21,4.65,--,32,14880,买盘
1487,09:49:15,4.65,0.01,20,9300,买盘
1488,09:49:12,4.64,--,103,47792,卖盘
1489,09:49:03,4.64,-0.01,57,26447,卖盘
1490,09:49:00,4.65,--,30,13950,买盘
1491,09:48:57,4.65,0.01,105,48825,买盘
1492,09:48:54,4.64,-0.01,5,2320,卖盘
1493,09:48:48,4.65,--,10,4650,买盘
1494,09:48:45,4.65,--,30,13950,买盘
1495,09:48:36,4.65,--,30,13950,买盘
1496,09:48:33,4.65,-0.01,249,115785,卖盘
1497,09:48:30,4.66,0.01,125,58250,买盘
1498,09:48:27,4.65,--,812,377580,卖盘
1499,09:48:12,4.65,--,557,259005,卖盘
1500,09:48:09,4.65,--,3,1395,卖盘
1501,09:48:00,4.65,-0.01,15,6975,卖盘
1502,09:47:57,4.66,--,10,4660,买盘
1503,09:47:54,4.66,0.01,8,3728,买盘
1504,09:47:51,4.65,-0.01,1,465,卖盘
1505,09:47:48,4.66,--,13,6058,买盘
1506,09:47:42,4.66,--,120,55920,买盘
1507,09:47:39,4.66,--,225,104850,买盘
1508,09:47:36,4.66,--,287,133742,买盘
1509,09:47:33,4.66,--,15,6990,买盘
1510,09:47:30,4.66,--,3,1398,买盘
1511,09:47:21,4.66,--,20,9320,买盘
1512,09:47:18,4.66,-0.01,154,71764,卖盘
1513,09:47:00,4.67,--,100,46700,买盘
1514,09:46:57,4.67,0.01,326,152242,买盘
1515,09:46:51,4.66,-0.01,58,27028,卖盘
1516,09:46:48,4.67,--,91,42497,买盘
1517,09:46:45,4.67,0.01,300,140100,买盘
1518,09:46:42,4.66,-0.01,200,93200,卖盘
1519,09:46:39,4.67,--,10,4670,买盘
1520,09:46:36,4.67,--,41,19147,买盘
1521,09:46:33,4.67,--,7,3269,买盘
1522,09:46:30,4.67,--,78,36426,买盘
1523,09:46:21,4.67,0.01,4,1868,买盘
1524,09:46:12,4.66,--,43,20038,买盘
1525,09:46:09,4.66,0.02,10,4660,买盘
1526,09:46:06,4.64,--,999,463535,卖盘
1527,09:46:00,4.64,-0.01,80,37120,卖盘
1528,09:45:57,4.65,0.01,75,34875,买盘
1529,09:45:51,4.64,--,99,45936,卖盘
1530,09:45:48,4.64,--,1,463,卖盘
1531,09:45:42,4.64,--,981,455183,买盘
1532,09:45:39,4.64,--,137,63567,买盘
1533,09:45:36,4.64,--,243,112751,买盘
1534,09:45:33,4.64,--,315,146160,买盘
1535,09:45:30,4.64,--,435,201840,买盘
1536,09:45:27,4.64,--,229,106255,买盘
1537,09:45:24,4.64,--,54,25056,买盘
1538,09:45:21,4.64,--,644,298816,买盘
1539,09:45:18,4.64,--,22,10208,买盘
1540,09:45:15,4.64,--,71,32944,买盘
1541,09:45:12,4.64,--,18,8352,买盘
1542,09:45:09,4.64,--,110,51040,买盘
1543,09:45:06,4.64,--,10,4640,买盘
1544,09:45:03,4.64,--,1,463,买盘
1545,09:45:00,4.64,--,84,38976,买盘
1546,09:44:51,4.64,--,17,7887,买盘
1547,09:44:48,4.64,--,14,6496,买盘
1548,09:44:42,4.64,0.01,318,147552,买盘
1549,09:44:39,4.63,-0.01,5,2315,卖盘
1550,09:44:33,4.64,--,122,56607,买盘
1551,09:44:30,4.64,--,47,21808,买盘
1552,09:44:24,4.64,--,40,18560,买盘
1553,09:44:18,4.64,0.01,31,14383,买盘
1554,09:44:15,4.63,--,60,27780,卖盘
1555,09:44:12,4.63,--,200,92600,卖盘
1556,09:44:09,4.63,--,146,67598,卖盘
1557,09:44:06,4.63,-0.01,100,46300,卖盘
1558,09:43:54,4.64,--,56,25984,买盘
1559,09:43:51,4.64,--,502,232927,买盘
1560,09:43:48,4.64,--,121,56143,买盘
1561,09:43:45,4.64,0.01,25,11600,买盘
1562,09:43:42,4.63,-0.01,140,64820,卖盘
1563,09:43:36,4.64,--,70,32479,买盘
1564,09:43:30,4.64,--,5,2320,买盘
1565,09:43:27,4.64,--,5,2320,买盘
1566,09:43:24,4.64,-0.01,1829,848655,卖盘
1567,09:43:21,4.65,--,13,6045,卖盘
1568,09:43:18,4.65,--,317,147405,买盘
1569,09:43:12,4.65,0.01,70,32550,买盘
1570,09:43:09,4.64,--,3,1392,卖盘
1571,09:43:03,4.64,--,5,2320,卖盘
1572,09:43:00,4.64,0.01,1881,872783,买盘
1573,09:42:57,4.63,-0.01,30,13890,卖盘
1574,09:42:54,4.64,--,81,37584,买盘
1575,09:42:51,4.64,0.01,8,3711,买盘
1576,09:42:45,4.63,0.01,13,6019,买盘
1577,09:42:42,4.62,-0.01,145,66990,卖盘
1578,09:42:39,4.63,0.01,68,31484,买盘
1579,09:42:36,4.62,-0.01,140,64680,卖盘
1580,09:42:33,4.63,--,15,6945,买盘
1581,09:42:30,4.63,0.01,81,37503,买盘
1582,09:42:27,4.62,-0.01,49,22638,卖盘
1583,09:42:24,4.63,0.01,38,17594,买盘
1584,09:42:21,4.62,--,39,18018,卖盘
1585,09:42:18,4.62,--,306,141372,卖盘
1586,09:42:15,4.62,--,220,101640,卖盘
1587,09:42:12,4.62,0.01,521,240702,买盘
1588,09:42:09,4.61,-0.01,45,20745,卖盘
1589,09:42:06,4.62,-0.01,29,13398,卖盘
1590,09:42:03,4.63,0.01,328,151864,买盘
1591,09:42:00,4.62,--,2,924,卖盘
1592,09:41:54,4.62,0.01,149,68838,买盘
1593,09:41:51,4.61,--,4,1844,卖盘
1594,09:41:48,4.61,-0.01,65,29965,卖盘
1595,09:41:45,4.62,--,60,27720,卖盘
1596,09:41:42,4.62,-0.01,23,10626,中性盘
1597,09:41:39,4.63,0.01,62,28706,买盘
1598,09:41:36,4.62,--,47,21714,卖盘
1599,09:41:33,4.62,--,276,127512,买盘
1600,09:41:27,4.62,-0.01,28,12936,卖盘
1601,09:41:24,4.63,--,22,10186,买盘
1602,09:41:21,4.63,--,427,197701,买盘
1603,09:41:18,4.63,0.01,36,16668,买盘
1604,09:41:15,4.62,--,234,108108,卖盘
1605,09:41:12,4.62,-0.01,404,186648,卖盘
1606,09:41:09,4.63,--,20,9260,买盘
1607,09:41:06,4.63,--,110,50930,买盘
1608,09:41:03,4.63,--,76,35188,买盘
1609,09:41:00,4.63,--,4,1852,买盘
1610,09:40:57,4.63,--,31,14353,买盘
1611,09:40:54,4.63,--,3,1389,买盘
1612,09:40:51,4.63,--,30,13890,买盘
1613,09:40:48,4.63,--,26,12038,买盘
1614,09:40:45,4.63,--,19,8797,买盘
1615,09:40:42,4.63,-0.01,169,78247,卖盘
1616,09:40:39,4.64,--,653,302992,买盘
1617,09:40:36,4.64,--,139,64495,买盘
1618,09:40:30,4.64,--,9,4176,买盘
1619,09:40:27,4.64,--,5,2320,买盘
1620,09:40:24,4.64,--,6,2784,买盘
1621,09:40:21,4.64,--,48,22272,卖盘
1622,09:40:18,4.64,-0.01,110,51040,卖盘
1623,09:40:15,4.65,0.01,32,14880,买盘
1624,09:40:12,4.64,-0.01,15,6959,卖盘
1625,09:40:09,4.65,0.01,18,8370,买盘
1626,09:40:06,4.64,-0.01,122,56607,卖盘
1627,09:40:03,4.65,0.01,95,44175,买盘
1628,09:40:00,4.64,-0.01,251,116463,卖盘
1629,09:39:57,4.65,--,47,21855,买盘
1630,09:39:54,4.65,--,100,46500,买盘
1631,09:39:51,4.65,--,26,12090,买盘
1632,09:39:45,4.65,--,250,116250,买盘
1633,09:39:42,4.65,-0.01,178,82770,卖盘
1634,09:39:39,4.66,--,9,4194,买盘
1635,09:39:36,4.66,0.01,39,18174,买盘
1636,09:39:33,4.65,--,17,7905,卖盘
1637,09:39:30,4.65,-0.01,5,2325,卖盘
1638,09:39:27,4.66,--,2,932,买盘
1639,09:39:24,4.66,0.01,7,3262,买盘
1640,09:39:15,4.65,-0.01,303,140895,卖盘
1641,09:39:12,4.66,--,100,46600,买盘
1642,09:39:03,4.66,--,50,23300,买盘
1643,09:39:00,4.66,--,59,27494,买盘
1644,09:38:57,4.66,0.01,298,138868,买盘
1645,09:38:51,4.65,-0.01,5,2325,卖盘
1646,09:38:48,4.66,0.01,34,15844,买盘
1647,09:38:45,4.65,--,80,37200,卖盘
1648,09:38:42,4.65,--,12,5580,卖盘
1649,09:38:39,4.65,--,9,4185,卖盘
1650,09:38:36,4.65,-0.01,5,2325,卖盘
1651,09:38:33,4.66,0.01,221,102986,买盘
1652,09:38:30,4.65,-0.01,10,4650,卖盘
1653,09:38:24,4.66,0.01,66,30756,买盘
1654,09:38:18,4.65,--,25,11625,买盘
1655,09:38:15,4.65,0.01,108,50220,买盘
1656,09:38:12,4.64,--,56,25984,卖盘
1657,09:38:09,4.64,--,5,2320,卖盘
1658,09:38:06,4.64,--,109,50576,卖盘
1659,09:38:00,4.64,-0.01,20,9280,卖盘
1660,09:37:54,4.65,-0.01,20,9300,卖盘
1661,09:37:51,4.66,0.02,110,51260,买盘
1662,09:37:48,4.64,-0.02,242,112287,卖盘
1663,09:37:45,4.66,0.01,230,107180,买盘
1664,09:37:42,4.65,-0.01,57,26737,卖盘
1665,09:37:39,4.66,0.01,534,249077,买盘
1666,09:37:36,4.65,--,12,5580,卖盘
1667,09:37:30,4.65,-0.01,40,18600,卖盘
1668,09:37:27,4.66,--,48,22368,买盘
1669,09:37:24,4.66,--,7,3262,买盘
1670,09:37:15,4.66,--,61,28426,卖盘
1671,09:37:09,4.66,--,55,25630,卖盘
1672,09:37:03,4.66,-0.01,69,32154,卖盘
1673,09:36:57,4.67,0.01,32,14944,买盘
1674,09:36:54,4.66,-0.01,33,15378,卖盘
1675,09:36:51,4.67,0.03,6,2802,买盘
1676,09:36:48,4.64,-0.03,2059,955375,卖盘
1677,09:36:45,4.67,-0.01,134,62578,买盘
1678,09:36:42,4.68,0.02,282,131976,买盘
1679,09:36:39,4.66,-0.01,75,34950,卖盘
1680,09:36:33,4.67,0.01,10,4670,买盘
1681,09:36:30,4.66,-0.01,13,6058,卖盘
1682,09:36:27,4.67,--,180,84060,卖盘
1683,09:36:24,4.67,--,10,4670,卖盘
1684,09:36:21,4.67,--,12,5604,卖盘
1685,09:36:18,4.67,0.02,114,53238,买盘
1686,09:36:15,4.65,--,371,172515,卖盘
1687,09:36:12,4.65,--,2,930,卖盘
1688,09:36:09,4.65,--,36,16740,卖盘
1689,09:36:06,4.65,--,50,23250,卖盘
1690,09:36:03,4.65,--,134,62310,卖盘
1691,09:36:00,4.65,0.02,143,66495,买盘
1692,09:35:57,4.63,-0.02,208,96304,卖盘
1693,09:35:54,4.65,--,181,84165,买盘
1694,09:35:51,4.65,0.01,12,5580,买盘
1695,09:35:48,4.64,0.01,380,176320,买盘
1696,09:35:45,4.63,-0.01,135,62505,卖盘
1697,09:35:42,4.64,--,84,38976,买盘
1698,09:35:39,4.64,--,73,33872,卖盘
1699,09:35:36,4.64,-0.01,22,10208,卖盘
1700,09:35:33,4.65,--,129,59985,买盘
1701,09:35:30,4.65,0.01,72,33480,买盘
1702,09:35:27,4.64,0.01,46,21344,卖盘
1703,09:35:24,4.63,--,260,120380,卖盘
1704,09:35:21,4.63,-0.02,110,50930,卖盘
1705,09:35:18,4.65,--,88,40920,买盘
1706,09:35:15,4.65,--,16,7440,买盘
1707,09:35:12,4.65,0.01,47,21855,买盘
1708,09:35:09,4.64,-0.01,10,4640,卖盘
1709,09:35:06,4.65,-0.01,59,27435,卖盘
1710,09:35:00,4.66,0.01,5,2330,买盘
1711,09:34:57,4.65,--,240,111600,卖盘
1712,09:34:54,4.65,-0.01,160,74400,卖盘
1713,09:34:51,4.66,-0.01,977,455282,卖盘
1714,09:34:48,4.67,-0.01,32,14944,卖盘
1715,09:34:45,4.68,-0.01,27,12636,中性盘
1716,09:34:39,4.69,--,16,7504,买盘
1717,09:34:36,4.69,0.01,95,44555,买盘
1718,09:34:33,4.68,-0.02,766,358488,卖盘
1719,09:34:30,4.7,--,10,4700,买盘
1720,09:34:24,4.7,--,10,4700,买盘
1721,09:34:21,4.7,-0.01,113,53110,卖盘
1722,09:34:18,4.71,0.01,10,4710,买盘
1723,09:34:15,4.7,-0.01,74,34780,卖盘
1724,09:34:12,4.71,--,710,334410,买盘
1725,09:34:09,4.71,--,631,297201,卖盘
1726,09:34:06,4.71,--,186,87606,卖盘
1727,09:34:03,4.71,--,257,121047,卖盘
1728,09:34:00,4.71,--,18,8478,卖盘
1729,09:33:57,4.71,-0.01,20,9420,卖盘
1730,09:33:54,4.72,0.01,87,41064,买盘
1731,09:33:51,4.71,-0.01,182,85722,卖盘
1732,09:33:48,4.72,--,434,204848,卖盘
1733,09:33:45,4.72,--,100,47200,卖盘
1734,09:33:42,4.72,-0.01,45,21240,卖盘
1735,09:33:39,4.73,0.01,110,52030,买盘
1736,09:33:36,4.72,--,32,15104,卖盘
1737,09:33:33,4.72,--,152,71744,卖盘
1738,09:33:30,4.72,--,280,132160,卖盘
1739,09:33:24,4.72,-0.01,16,7552,卖盘
1740,09:33:21,4.73,--,27,12771,买盘
1741,09:33:18,4.73,--,30,14190,买盘
1742,09:33:15,4.73,0.01,28,13244,买盘
1743,09:33:12,4.72,-0.01,221,104312,卖盘
1744,09:33:06,4.73,0.01,122,57706,买盘
1745,09:33:03,4.72,--,5,2360,卖盘
1746,09:33:00,4.72,-0.01,9,4248,卖盘
1747,09:32:57,4.73,--,1,473,买盘
1748,09:32:48,4.73,--,163,77099,卖盘
1749,09:32:45,4.73,0.01,31,14663,中性盘
1750,09:32:39,4.72,-0.01,230,108560,卖盘
1751,09:32:36,4.73,0.01,47,22231,买盘
1752,09:32:33,4.72,-0.01,427,201544,卖盘
1753,09:32:30,4.73,--,24,11352,买盘
1754,09:32:27,4.73,0.01,133,62909,买盘
1755,09:32:21,4.72,--,79,37288,买盘
1756,09:32:18,4.72,0.01,100,47200,买盘
1757,09:32:15,4.71,-0.01,35,16485,卖盘
1758,09:32:12,4.72,--,26,12272,买盘
1759,09:32:06,4.72,-0.01,118,55696,卖盘
1760,09:32:00,4.73,0.01,5,2365,买盘
1761,09:31:57,4.72,-0.02,148,69856,卖盘
1762,09:31:51,4.74,-0.01,114,54036,卖盘
1763,09:31:48,4.75,--,166,78850,买盘
1764,09:31:45,4.75,0.01,15,7125,买盘
1765,09:31:42,4.74,-0.01,32,15168,卖盘
1766,09:31:39,4.75,--,5,2375,买盘
1767,09:31:36,4.75,--,561,266479,卖盘
1768,09:31:33,4.75,--,379,180025,卖盘
1769,09:31:30,4.75,--,34,16150,卖盘
1770,09:31:27,4.75,-0.01,125,59375,卖盘
1771,09:31:24,4.76,--,290,138040,买盘
1772,09:31:21,4.76,0.01,300,142800,买盘
1773,09:31:12,4.75,-0.01,180,85500,卖盘
1774,09:31:09,4.76,-0.01,480,228480,卖盘
1775,09:31:03,4.77,0.01,89,42452,买盘
1776,09:31:00,4.76,--,68,32368,卖盘
1777,09:30:57,4.76,--,15,7140,卖盘
1778,09:30:54,4.76,--,40,19040,卖盘
1779,09:30:51,4.76,-0.02,92,43792,卖盘
1780,09:30:45,4.78,0.02,215,102770,买盘
1781,09:30:39,4.76,--,30,14280,买盘
1782,09:30:33,4.76,--,40,19040,买盘
1783,09:30:30,4.76,0.01,290,138040,买盘
1784,09:30:27,4.75,-0.01,51,24225,卖盘
1785,09:30:24,4.76,0.01,6,2856,买盘
1786,09:30:21,4.75,-0.01,4,1900,卖盘
1787,09:30:18,4.76,--,10,4760,买盘
1788,09:30:15,4.76,--,4,1904,买盘
1789,09:30:12,4.76,--,10,4760,买盘
1790,09:30:09,4.76,--,10,4760,卖盘
1791,09:30:06,4.76,--,2185,1040060,卖盘
1792,09:30:03,4.76,--,1294,615944,卖盘
1793,09:30:00,4.76,--,0,0,卖盘
1794,09:25:03,4.76,4.76,1057,503603,买盘
