,time,price,change,volume,amount,type
0,15:00:00,20.14,--,0,0,卖盘
1,15:00:00,20.14,-0.01,0,0,卖盘
2,15:00:00,20.15,--,2,4029,买盘
3,14:59:56,20.15,--,5,10075,买盘
4,14:59:52,20.15,--,7,14104,买盘
5,14:59:46,20.15,--,2,4029,买盘
6,14:59:41,20.15,--,11,22165,买盘
7,14:59:26,20.15,--,1,2014,买盘
8,14:59:22,20.15,--,43,86645,买盘
9,14:59:11,20.15,-0.01,4,8059,卖盘
10,14:59:06,20.16,0.01,3,6048,买盘
11,14:59:01,20.15,0.03,99,199485,买盘
12,14:58:56,20.12,--,22,44264,卖盘
13,14:58:46,20.12,--,23,46276,买盘
14,14:58:41,20.12,--,2,4024,买盘
15,14:58:36,20.12,--,5,10060,买盘
16,14:58:26,20.12,--,25,50300,买盘
17,14:58:21,20.12,0.01,3,6036,买盘
18,14:58:16,20.11,--,0,0,买盘
19,14:58:11,20.11,0.04,4,8044,买盘
20,14:58:06,20.07,-0.05,25,50175,卖盘
21,14:58:01,20.12,0.05,10,20120,买盘
22,14:57:56,20.07,--,3,6021,中性盘
23,14:57:51,20.07,--,0,0,买盘
24,14:57:46,20.07,--,3,6021,买盘
25,14:57:41,20.07,0.07,1,2007,买盘
26,14:57:36,20.0,-0.07,13,26000,卖盘
27,14:57:31,20.07,0.01,5,10035,买盘
28,14:57:21,20.06,-0.07,7,14042,卖盘
29,14:57:16,20.13,0.03,57,114741,买盘
30,14:57:11,20.1,0.03,9,18090,买盘
31,14:56:56,20.07,0.16,1,2007,买盘
32,14:56:51,19.91,--,0,0,卖盘
33,14:56:46,19.91,-0.21,703,1399673,卖盘
34,14:56:41,20.12,0.05,1,2012,中性盘
35,14:56:31,20.07,--,13,27094,买盘
36,14:56:26,20.07,-0.01,11,22077,买盘
37,14:56:16,20.08,-0.05,42,85340,卖盘
38,14:56:10,20.13,--,10,20130,买盘
39,14:56:01,20.13,0.05,3,6039,买盘
40,14:55:55,20.08,-0.05,5,11043,卖盘
41,14:55:40,20.13,0.02,5,10065,买盘
42,14:55:31,20.11,0.01,17,34187,买盘
43,14:55:15,20.1,-0.03,23,46230,卖盘
44,14:55:10,20.13,0.03,9,18117,买盘
45,14:54:55,20.1,--,35,70350,卖盘
46,14:54:46,20.1,-0.03,82,164820,卖盘
47,14:54:40,20.13,-0.01,1,2013,买盘
48,14:54:31,20.14,0.01,4,8056,买盘
49,14:54:25,20.13,0.02,2,4026,买盘
50,14:54:15,20.11,-0.02,14,28154,卖盘
51,14:54:10,20.13,0.02,3,6039,买盘
52,14:54:00,20.11,-0.03,4,8044,卖盘
53,14:53:55,20.14,--,0,0,买盘
54,14:53:51,20.14,--,1,2014,买盘
55,14:53:45,20.14,0.01,28,56392,买盘
56,14:53:40,20.13,0.02,5,10065,买盘
57,14:53:31,20.11,-0.02,10,20110,卖盘
58,14:53:25,20.13,-0.01,66,132858,中性盘
59,14:53:15,20.14,0.01,114,229596,买盘
60,14:53:10,20.13,--,6,12078,买盘
61,14:53:01,20.13,-0.01,16,32208,卖盘
62,14:52:55,20.14,0.03,4,8056,买盘
63,14:52:45,20.11,-0.02,7,14077,卖盘
64,14:52:40,20.13,--,8,16104,买盘
65,14:52:35,20.13,--,0,0,买盘
66,14:52:30,20.13,-0.01,2,4026,卖盘
67,14:52:25,20.14,--,0,0,买盘
68,14:52:15,20.14,--,39,78546,买盘
69,14:52:10,20.14,0.01,34,68476,买盘
70,14:52:05,20.13,--,24,48312,卖盘
71,14:52:00,20.13,--,42,84546,卖盘
72,14:51:55,20.13,0.03,123,247599,买盘
73,14:51:50,20.1,--,0,0,卖盘
74,14:51:45,20.1,-0.04,83,166830,卖盘
75,14:51:40,20.14,0.01,13,26182,买盘
76,14:51:35,20.13,--,12,24156,卖盘
77,14:51:30,20.13,-0.01,4,8052,卖盘
78,14:51:10,20.14,0.01,1,2014,买盘
79,14:51:05,20.13,--,43,86559,买盘
80,14:50:55,20.13,0.03,5,10065,中性盘
81,14:50:50,20.1,-0.04,29,58290,卖盘
82,14:50:40,20.14,0.04,4,8056,买盘
83,14:50:35,20.1,-0.04,16,32160,卖盘
84,14:50:20,20.14,--,3,6042,买盘
85,14:50:15,20.14,--,2,4028,买盘
86,14:50:10,20.14,--,11,22154,卖盘
87,14:50:05,20.14,--,34,68476,卖盘
88,14:49:55,20.14,0.03,104,209456,买盘
89,14:49:50,20.11,-0.03,21,42231,卖盘
90,14:49:45,20.14,-0.01,1,2014,买盘
91,14:49:40,20.15,--,0,0,买盘
92,14:49:35,20.15,0.01,3,6045,买盘
93,14:49:25,20.14,-0.01,3,6042,中性盘
94,14:49:09,20.15,0.04,2,4029,买盘
95,14:49:04,20.11,-0.04,4,8044,卖盘
96,14:48:54,20.15,--,23,46345,买盘
97,14:48:49,20.15,--,3,6045,买盘
98,14:48:39,20.15,--,27,54404,买盘
99,14:48:30,20.15,-0.02,34,68510,卖盘
100,14:48:24,20.17,--,0,0,买盘
101,14:48:19,20.17,0.01,24,48408,买盘
102,14:48:09,20.16,--,4,8064,买盘
103,14:48:04,20.16,0.01,3,6048,买盘
104,14:47:59,20.15,0.05,1,2014,买盘
105,14:47:54,20.1,-0.05,23,46230,卖盘
106,14:47:45,20.15,-0.01,51,102765,中性盘
107,14:47:39,20.16,0.05,1,2016,买盘
108,14:47:34,20.11,-0.05,6,12066,卖盘
109,14:47:24,20.16,--,0,0,买盘
110,14:47:19,20.16,--,5,10080,买盘
111,14:47:15,20.16,--,3,6048,买盘
112,14:47:09,20.16,0.05,7,14112,买盘
113,14:47:04,20.11,--,30,60330,卖盘
114,14:46:54,20.11,0.01,63,126693,卖盘
115,14:46:49,20.1,-0.05,14,28140,卖盘
116,14:46:39,20.15,0.04,6,12090,买盘
117,14:46:34,20.11,-0.04,1,2011,卖盘
118,14:46:30,20.15,0.03,23,46345,买盘
119,14:46:24,20.12,-0.04,4,8048,买盘
120,14:46:19,20.16,0.01,25,50400,买盘
121,14:46:09,20.15,0.04,6,12090,中性盘
122,14:45:59,20.11,--,15,30165,卖盘
123,14:45:54,20.11,-0.05,6,12066,卖盘
124,14:45:49,20.16,--,5,10080,买盘
125,14:45:44,20.16,--,1,2016,买盘
126,14:45:39,20.16,--,5,10080,买盘
127,14:45:34,20.16,--,22,44352,买盘
128,14:45:29,20.16,--,5,10080,买盘
129,14:45:24,20.16,-0.01,3,6048,卖盘
130,14:45:19,20.17,-0.01,5,10085,买盘
131,14:45:09,20.18,0.02,5,10090,买盘
132,14:45:04,20.16,-0.01,12,24192,卖盘
133,14:44:59,20.17,-0.01,8,16136,卖盘
134,14:44:54,20.18,0.01,24,48432,买盘
135,14:44:49,20.17,--,1,2017,买盘
136,14:44:39,20.17,0.05,8,16136,买盘
137,14:44:34,20.12,-0.05,16,32192,卖盘
138,14:44:29,20.17,-0.01,12,24204,中性盘
139,14:44:19,20.18,--,5,10090,买盘
140,14:44:09,20.18,--,5,10090,买盘
141,14:44:04,20.18,0.01,9,18162,买盘
142,14:43:59,20.17,-0.01,5,10085,中性盘
143,14:43:49,20.18,--,5,10090,买盘
144,14:43:44,20.18,--,3,6054,买盘
145,14:43:39,20.18,0.01,26,52468,买盘
146,14:43:34,20.17,--,0,0,买盘
147,14:43:29,20.17,-0.01,7,14119,卖盘
148,14:43:19,20.18,--,11,22198,买盘
149,14:43:14,20.18,--,3,6054,买盘
150,14:43:09,20.18,--,5,10090,买盘
151,14:42:59,20.18,--,3,6054,买盘
152,14:42:49,20.18,--,6,12108,买盘
153,14:42:44,20.18,--,0,0,买盘
154,14:42:33,20.18,0.06,6,12108,买盘
155,14:42:29,20.12,--,1,2012,买盘
156,14:42:18,20.12,-0.02,5,10060,买盘
157,14:42:14,20.14,-0.04,15,30210,卖盘
158,14:42:09,20.18,--,8,16144,买盘
159,14:42:03,20.18,--,20,40360,买盘
160,14:41:58,20.18,--,0,0,买盘
161,14:41:48,20.18,--,13,26234,买盘
162,14:41:43,20.18,--,0,0,买盘
163,14:41:39,20.18,0.04,5,10090,买盘
164,14:41:33,20.14,-0.04,4,8056,卖盘
165,14:41:28,20.18,--,5,10090,买盘
166,14:41:23,20.18,-0.02,8,16144,卖盘
167,14:41:18,20.2,0.12,1,2020,买盘
168,14:41:13,20.08,-0.06,57,114455,卖盘
169,14:41:08,20.14,--,6,12084,买盘
170,14:41:03,20.14,-0.06,152,306128,卖盘
171,14:40:58,20.2,0.01,6,12120,买盘
172,14:40:53,20.19,0.03,25,50475,买盘
173,14:40:48,20.16,--,6,12096,卖盘
174,14:40:43,20.16,--,6,12096,卖盘
175,14:40:33,20.16,--,17,34272,买盘
176,14:40:28,20.16,0.06,3,6048,买盘
177,14:40:23,20.1,--,1,2010,卖盘
178,14:40:18,20.1,--,3,6030,买盘
179,14:40:13,20.1,--,3,6030,买盘
180,14:40:08,20.1,-0.05,5,10050,买盘
181,14:40:03,20.15,--,10,20150,卖盘
182,14:39:48,20.15,--,16,32239,买盘
183,14:39:43,20.15,0.07,14,28209,买盘
184,14:39:38,20.08,-0.08,25,50199,卖盘
185,14:39:28,20.16,--,8,16128,买盘
186,14:39:18,20.16,0.08,5,10080,买盘
187,14:39:08,20.08,-0.08,6,12047,卖盘
188,14:39:03,20.16,0.08,6,12096,买盘
189,14:38:58,20.08,--,6,12047,卖盘
190,14:38:53,20.08,--,2,4015,卖盘
191,14:38:43,20.08,--,72,144576,买盘
192,14:38:38,20.08,--,14,28111,买盘
193,14:38:33,20.08,0.02,17,34136,买盘
194,14:38:23,20.06,0.01,5,10030,买盘
195,14:38:18,20.05,0.03,40,80200,买盘
196,14:38:13,20.02,-0.03,56,112112,卖盘
197,14:38:08,20.05,--,2,4010,买盘
198,14:38:03,20.05,--,8,16040,买盘
199,14:37:58,20.05,0.03,41,82205,买盘
200,14:37:53,20.02,--,6,12012,卖盘
201,14:37:48,20.02,-0.03,70,140140,卖盘
202,14:37:43,20.05,-0.03,263,527315,卖盘
203,14:37:38,20.08,0.03,8,16063,买盘
204,14:37:33,20.05,-0.01,351,703755,卖盘
205,14:37:28,20.06,--,11,22066,卖盘
206,14:37:23,20.06,--,5,10030,卖盘
207,14:37:18,20.06,--,24,48144,卖盘
208,14:37:13,20.06,0.01,3,6018,买盘
209,14:37:08,20.05,-0.01,76,152380,卖盘
210,14:36:58,20.06,-0.02,192,385152,卖盘
211,14:36:53,20.08,-0.04,13,26103,卖盘
212,14:36:48,20.12,--,5,10060,买盘
213,14:36:38,20.12,0.04,5,10060,买盘
214,14:36:28,20.08,-0.04,15,30119,卖盘
215,14:36:18,20.12,--,26,52312,买盘
216,14:36:13,20.12,--,3,6036,买盘
217,14:36:08,20.12,--,8,16096,买盘
218,14:35:57,20.12,-0.01,14,28168,卖盘
219,14:35:53,20.13,0.01,2,4026,中性盘
220,14:35:48,20.12,--,36,72432,买盘
221,14:35:42,20.12,-0.05,7,14084,卖盘
222,14:35:38,20.17,--,6,12102,买盘
223,14:35:33,20.17,--,3,6051,买盘
224,14:35:27,20.17,0.05,19,38323,买盘
225,14:35:23,20.12,-0.05,1,2012,卖盘
226,14:35:18,20.17,0.05,31,62527,买盘
227,14:35:12,20.12,--,5,10060,卖盘
228,14:35:08,20.12,--,16,32192,卖盘
229,14:34:57,20.12,-0.06,15,30180,卖盘
230,14:34:53,20.18,0.06,6,12108,买盘
231,14:34:47,20.12,--,0,0,中性盘
232,14:34:42,20.12,--,0,0,买盘
233,14:34:37,20.12,--,5,10060,买盘
234,14:34:32,20.12,--,36,74222,买盘
235,14:34:27,20.12,-0.07,8,16096,中性盘
236,14:34:17,20.19,--,75,151425,买盘
237,14:34:12,20.19,0.09,3,6057,买盘
238,14:34:07,20.1,-0.1,217,436190,卖盘
239,14:33:57,20.2,-0.03,6,12120,卖盘
240,14:33:52,20.23,0.06,5,10115,买盘
241,14:33:47,20.17,-0.03,7,14119,中性盘
242,14:33:42,20.2,-0.02,9,18180,卖盘
243,14:33:37,20.22,-0.01,2,4044,中性盘
244,14:33:27,20.23,0.03,8,16184,买盘
245,14:33:22,20.2,0.04,5,10100,卖盘
246,14:33:17,20.16,--,10,20160,卖盘
247,14:33:12,20.16,-0.07,2,4032,卖盘
248,14:33:07,20.23,0.03,7,14161,买盘
249,14:32:57,20.2,-0.03,8,16160,中性盘
250,14:32:52,20.23,0.08,5,10115,买盘
251,14:32:47,20.15,-0.08,8,16119,卖盘
252,14:32:42,20.23,0.03,3,6069,买盘
253,14:32:37,20.2,-0.03,12,24240,卖盘
254,14:32:27,20.23,0.03,5,10115,买盘
255,14:32:17,20.2,-0.03,5,10100,卖盘
256,14:32:12,20.23,0.03,3,6069,买盘
257,14:32:07,20.2,0.06,2,4040,买盘
258,14:32:02,20.14,-0.08,4,8056,卖盘
259,14:31:57,20.22,0.02,25,50550,买盘
260,14:31:52,20.2,-0.02,1,2020,买盘
261,14:31:47,20.22,0.09,3,6066,买盘
262,14:31:42,20.13,-0.07,2,4026,卖盘
263,14:31:37,20.2,--,4,8282,买盘
264,14:31:27,20.2,--,5,10100,买盘
265,14:31:22,20.2,--,6,12120,买盘
266,14:31:17,20.2,--,5,10100,买盘
267,14:31:07,20.2,--,5,10100,买盘
268,14:30:57,20.2,--,9,18180,买盘
269,14:30:52,20.2,0.07,5,10100,买盘
270,14:30:42,20.13,-0.02,26,52338,卖盘
271,14:30:37,20.15,-0.05,41,82615,卖盘
272,14:30:27,20.2,0.05,5,10100,买盘
273,14:30:22,20.15,-0.05,30,60449,卖盘
274,14:30:17,20.2,--,9,18180,买盘
275,14:30:12,20.2,--,57,115140,买盘
276,14:30:07,20.2,0.02,6,12120,买盘
277,14:30:02,20.18,-0.02,4,8072,卖盘
278,14:29:57,20.2,--,8,16160,买盘
279,14:29:51,20.2,0.02,9,18180,买盘
280,14:29:47,20.18,-0.02,20,40360,卖盘
281,14:29:36,20.2,--,6,12120,买盘
282,14:29:27,20.2,--,5,10100,买盘
283,14:29:21,20.2,--,21,42420,买盘
284,14:29:16,20.2,-0.04,19,38380,卖盘
285,14:29:11,20.24,--,3,6071,买盘
286,14:29:06,20.24,0.04,6,12143,买盘
287,14:28:57,20.2,-0.05,6,12120,卖盘
288,14:28:51,20.25,0.05,5,10125,买盘
289,14:28:47,20.2,--,8,16160,卖盘
290,14:28:36,20.2,-0.05,6,12120,卖盘
291,14:28:31,20.25,--,3,6075,买盘
292,14:28:27,20.25,0.07,3,6075,买盘
293,14:28:21,20.18,-0.06,27,54486,卖盘
294,14:28:17,20.24,0.04,5,10120,买盘
295,14:28:11,20.2,-0.05,56,113120,卖盘
296,14:28:06,20.25,--,26,52650,买盘
297,14:27:56,20.25,0.01,6,12150,买盘
298,14:27:46,20.24,-0.01,9,18216,卖盘
299,14:27:36,20.25,0.01,5,10125,买盘
300,14:27:31,20.24,-0.01,5,10120,卖盘
301,14:27:26,20.25,0.01,4,8100,买盘
302,14:27:16,20.24,0.04,3,6071,买盘
303,14:27:11,20.2,-0.05,1,2020,卖盘
304,14:27:06,20.25,0.01,8,16200,买盘
305,14:27:01,20.24,--,16,32383,卖盘
306,14:26:56,20.24,--,0,0,中性盘
307,14:26:46,20.24,-0.01,5,10120,买盘
308,14:26:36,20.25,0.05,7,14175,买盘
309,14:26:31,20.2,-0.05,12,24240,卖盘
310,14:26:26,20.25,0.04,5,10125,买盘
311,14:26:21,20.21,0.01,4,8084,卖盘
312,14:26:16,20.2,-0.05,16,32320,卖盘
313,14:26:06,20.25,--,1,2025,买盘
314,14:26:01,20.25,0.01,24,48600,买盘
315,14:25:56,20.24,--,3,6071,买盘
316,14:25:51,20.24,--,15,30359,买盘
317,14:25:41,20.24,-0.01,2,4047,卖盘
318,14:25:36,20.25,0.01,16,32400,买盘
319,14:25:31,20.24,-0.01,1,2023,卖盘
320,14:25:26,20.25,0.01,5,10125,买盘
321,14:25:16,20.24,-0.01,17,34408,卖盘
322,14:25:06,20.25,--,5,10125,买盘
323,14:25:01,20.25,--,2,4050,买盘
324,14:24:56,20.25,--,6,12150,卖盘
325,14:24:51,20.25,-0.01,31,62775,卖盘
326,14:24:46,20.26,--,5,10130,买盘
327,14:24:41,20.26,0.01,37,74962,卖盘
328,14:24:31,20.25,-0.01,2,4050,卖盘
329,14:24:26,20.26,--,5,10130,买盘
330,14:24:16,20.26,--,31,62806,买盘
331,14:24:11,20.26,--,3,6078,买盘
332,14:24:06,20.26,--,10,20260,卖盘
333,14:24:01,20.26,--,1,2026,卖盘
334,14:23:56,20.26,0.01,2,4052,买盘
335,14:23:46,20.25,-0.01,11,22275,卖盘
336,14:23:36,20.26,--,2,4052,买盘
337,14:23:26,20.26,0.01,3,6078,买盘
338,14:23:15,20.25,--,21,42525,买盘
339,14:23:11,20.25,0.01,1,2025,买盘
340,14:23:06,20.24,--,35,70840,卖盘
341,14:22:56,20.24,--,30,60719,卖盘
342,14:22:51,20.24,--,26,54141,买盘
343,14:22:45,20.24,--,19,38456,买盘
344,14:22:36,20.24,--,8,16191,买盘
345,14:22:26,20.24,--,26,52623,买盘
346,14:22:15,20.24,--,5,10120,买盘
347,14:22:05,20.24,0.01,5,10120,买盘
348,14:22:00,20.23,--,1,2023,买盘
349,14:21:56,20.23,-0.01,5,10115,中性盘
350,14:21:45,20.24,--,5,10120,买盘
351,14:21:26,20.24,0.04,13,26311,买盘
352,14:21:20,20.2,--,3,6060,买盘
353,14:21:15,20.2,--,42,84840,买盘
354,14:21:05,20.2,-0.02,5,10100,买盘
355,14:21:00,20.22,--,0,0,中性盘
356,14:20:55,20.22,--,5,10110,买盘
357,14:20:45,20.22,--,1,2022,买盘
358,14:20:41,20.22,--,0,0,买盘
359,14:20:35,20.22,0.06,43,86946,买盘
360,14:20:30,20.16,-0.07,15,30240,卖盘
361,14:20:25,20.23,-0.01,12,24276,中性盘
362,14:20:15,20.24,--,5,10120,买盘
363,14:20:10,20.24,--,0,0,买盘
364,14:20:05,20.24,--,6,12143,买盘
365,14:20:00,20.24,--,7,14167,买盘
366,14:19:55,20.24,--,42,85008,买盘
367,14:19:50,20.24,--,6,12143,买盘
368,14:19:45,20.24,--,4,8095,买盘
369,14:19:40,20.24,0.06,4,8095,买盘
370,14:19:35,20.18,-0.04,6,12108,卖盘
371,14:19:25,20.22,--,5,10110,买盘
372,14:19:15,20.22,--,41,82902,买盘
373,14:19:10,20.22,--,5,10110,卖盘
374,14:19:05,20.22,-0.02,10,20220,卖盘
375,14:18:55,20.24,0.02,6,12143,买盘
376,14:18:50,20.22,-0.02,7,14154,卖盘
377,14:18:45,20.24,--,6,12143,买盘
378,14:18:35,20.24,0.02,6,12143,买盘
379,14:18:30,20.22,-0.02,41,82902,卖盘
380,14:18:25,20.24,--,20,40480,卖盘
381,14:18:20,20.24,--,100,202399,卖盘
382,14:18:15,20.24,--,70,141680,买盘
383,14:18:05,20.24,--,5,10120,买盘
384,14:17:55,20.24,0.04,46,93104,买盘
385,14:17:50,20.2,-0.04,7,14140,卖盘
386,14:17:45,20.24,-0.01,23,46552,卖盘
387,14:17:35,20.25,--,39,78975,卖盘
388,14:17:30,20.25,--,1,2025,卖盘
389,14:17:15,20.25,0.03,216,437400,买盘
390,14:17:09,20.22,-0.02,38,76836,卖盘
391,14:17:04,20.24,-0.01,9,18216,中性盘
392,14:17:00,20.25,--,3,6075,买盘
393,14:16:54,20.25,--,6,12150,买盘
394,14:16:45,20.25,--,5,10125,买盘
395,14:16:34,20.25,0.02,5,10125,买盘
396,14:16:30,20.23,-0.02,43,86989,卖盘
397,14:16:24,20.25,--,20,40500,卖盘
398,14:16:19,20.25,--,23,46575,卖盘
399,14:16:15,20.25,--,2,4050,卖盘
400,14:16:09,20.25,--,1,2025,买盘
401,14:16:04,20.25,--,5,10125,买盘
402,14:16:00,20.25,-0.01,4,8100,买盘
403,14:15:54,20.26,--,8,16208,买盘
404,14:15:49,20.26,0.03,11,22286,买盘
405,14:15:45,20.23,-0.03,36,72828,卖盘
406,14:15:39,20.26,--,2,4052,买盘
407,14:15:34,20.26,--,5,10130,买盘
408,14:15:24,20.26,0.03,5,10130,中性盘
409,14:15:19,20.23,--,12,24276,卖盘
410,14:15:09,20.23,--,37,74851,卖盘
411,14:15:04,20.23,0.01,376,760648,买盘
412,14:14:59,20.22,-0.01,2,4044,卖盘
413,14:14:54,20.23,--,5,10115,买盘
414,14:14:49,20.23,--,131,265013,买盘
415,14:14:44,20.23,-0.04,87,176001,卖盘
416,14:14:39,20.27,0.03,5,10135,买盘
417,14:14:34,20.24,--,5,10120,卖盘
418,14:14:29,20.24,0.01,59,119415,买盘
419,14:14:19,20.23,--,121,244783,买盘
420,14:14:04,20.23,0.03,11,22253,买盘
421,14:13:49,20.2,0.04,203,410060,买盘
422,14:13:39,20.16,-0.01,35,70560,卖盘
423,14:13:34,20.17,0.01,23,46391,买盘
424,14:13:29,20.16,--,1,2016,卖盘
425,14:13:24,20.16,--,45,90720,买盘
426,14:13:14,20.16,0.01,5,10080,买盘
427,14:13:09,20.15,--,3,6045,买盘
428,14:13:04,20.15,-0.01,10,20150,中性盘
429,14:12:59,20.16,0.06,2,4032,买盘
430,14:12:54,20.1,-0.06,46,92460,卖盘
431,14:12:49,20.16,--,6,12096,买盘
432,14:12:44,20.16,--,1,2016,买盘
433,14:12:39,20.16,0.01,18,36288,买盘
434,14:12:34,20.15,--,12,24180,买盘
435,14:12:24,20.15,--,8,16119,买盘
436,14:12:19,20.15,--,52,104779,买盘
437,14:12:09,20.15,--,2,4029,买盘
438,14:12:04,20.15,--,8,16119,买盘
439,14:11:54,20.15,--,8,16119,买盘
440,14:11:49,20.15,0.06,7,14104,买盘
441,14:11:39,20.09,-0.06,33,66297,卖盘
442,14:11:34,20.15,0.04,5,10075,买盘
443,14:11:29,20.11,-0.04,1,2011,卖盘
444,14:11:24,20.15,0.04,5,10075,买盘
445,14:11:19,20.11,-0.04,8,16088,卖盘
446,14:11:09,20.15,--,0,0,买盘
447,14:11:04,20.15,--,40,80600,买盘
448,14:10:54,20.15,0.05,5,10075,买盘
449,14:10:49,20.1,0.01,5,10050,中性盘
450,14:10:39,20.09,-0.01,27,54243,卖盘
451,14:10:33,20.1,--,5,10050,买盘
452,14:10:24,20.1,-0.05,8,16080,中性盘
453,14:10:18,20.15,--,3,6045,卖盘
454,14:10:13,20.15,--,2,4029,买盘
455,14:10:03,20.15,--,6,12090,买盘
456,14:09:54,20.15,0.06,6,12090,买盘
457,14:09:48,20.09,0.01,8,16072,卖盘
458,14:09:39,20.08,-0.07,35,70280,卖盘
459,14:09:33,20.15,--,5,10075,买盘
460,14:09:24,20.15,0.07,5,10075,买盘
461,14:09:18,20.08,-0.07,6,12047,卖盘
462,14:09:13,20.15,--,5,10075,买盘
463,14:09:03,20.15,--,43,86645,买盘
464,14:08:53,20.15,--,5,10075,买盘
465,14:08:48,20.15,-0.01,11,22165,中性盘
466,14:08:33,20.16,0.01,5,10080,买盘
467,14:08:28,20.15,0.07,5,10075,买盘
468,14:08:23,20.08,-0.02,40,80320,卖盘
469,14:08:18,20.1,--,53,106530,卖盘
470,14:08:13,20.1,-0.06,8,16080,卖盘
471,14:08:03,20.16,0.06,5,10080,买盘
472,14:07:48,20.1,0.01,40,80400,买盘
473,14:07:43,20.09,0.01,3,6027,中性盘
474,14:07:38,20.08,-0.02,40,80320,卖盘
475,14:07:33,20.1,--,5,10050,买盘
476,14:07:28,20.1,--,20,40200,卖盘
477,14:07:18,20.1,-0.07,3,6030,卖盘
478,14:07:13,20.17,0.09,8,16136,买盘
479,14:07:03,20.08,-0.09,115,230919,卖盘
480,14:06:58,20.17,0.09,6,12102,买盘
481,14:06:48,20.08,-0.02,54,108431,卖盘
482,14:06:43,20.1,-0.07,3,6030,卖盘
483,14:06:33,20.17,0.08,5,10085,买盘
484,14:06:18,20.09,--,0,0,卖盘
485,14:06:13,20.09,--,8,16072,卖盘
486,14:06:08,20.09,-0.08,40,80360,卖盘
487,14:06:03,20.17,--,10,20170,买盘
488,14:05:58,20.17,--,5,10085,买盘
489,14:05:47,20.17,0.07,5,10085,买盘
490,14:05:43,20.1,-0.07,3,6030,卖盘
491,14:05:33,20.17,--,5,10085,买盘
492,14:05:28,20.17,0.08,5,10085,买盘
493,14:05:23,20.09,--,0,0,卖盘
494,14:05:18,20.09,-0.08,35,70315,卖盘
495,14:05:13,20.17,0.07,8,16136,买盘
496,14:05:03,20.1,-0.07,8,16080,卖盘
497,14:04:58,20.17,-0.01,6,12102,中性盘
498,14:04:48,20.18,--,5,10090,买盘
499,14:04:43,20.18,0.08,65,131170,买盘
500,14:04:38,20.1,-0.08,3,6030,卖盘
501,14:04:33,20.18,--,5,10090,买盘
502,14:04:28,20.18,0.08,5,10090,买盘
503,14:04:18,20.1,-0.08,6,12060,卖盘
504,14:04:13,20.18,0.09,9,18162,买盘
505,14:04:08,20.09,-0.09,3,6027,卖盘
506,14:04:02,20.18,--,43,86774,买盘
507,14:03:57,20.18,0.09,5,10090,买盘
508,14:03:53,20.09,-0.09,5,10045,卖盘
509,14:03:48,20.18,--,1,2018,买盘
510,14:03:42,20.18,0.1,5,10090,买盘
511,14:03:38,20.08,-0.1,3,6023,卖盘
512,14:03:33,20.18,0.09,7,14126,买盘
513,14:03:27,20.09,--,13,26117,卖盘
514,14:03:18,20.09,-0.09,75,150675,卖盘
515,14:03:12,20.18,0.06,7,14126,买盘
516,14:03:03,20.12,--,8,16096,卖盘
517,14:02:57,20.12,-0.06,8,16096,卖盘
518,14:02:48,20.18,--,5,10090,买盘
519,14:02:42,20.18,0.08,8,16144,买盘
520,14:02:37,20.1,-0.03,45,90450,卖盘
521,14:02:32,20.13,-0.05,8,16104,卖盘
522,14:02:27,20.18,--,5,10090,买盘
523,14:02:12,20.18,0.07,5,10090,买盘
524,14:02:07,20.11,-0.02,26,52286,卖盘
525,14:02:03,20.13,--,7,14091,买盘
526,14:01:57,20.13,0.01,5,10065,买盘
527,14:01:52,20.12,-0.01,4,8048,卖盘
528,14:01:48,20.13,--,0,0,中性盘
529,14:01:41,20.13,-0.05,104,209352,卖盘
530,14:01:37,20.18,0.06,6,12108,买盘
531,14:01:32,20.12,0.02,51,102612,买盘
532,14:01:27,20.1,--,5,10050,买盘
533,14:01:22,20.1,-0.03,52,104520,卖盘
534,14:01:17,20.13,--,2,4026,买盘
535,14:01:11,20.13,--,5,10065,买盘
536,14:01:02,20.13,-0.05,28,56364,卖盘
537,14:00:57,20.18,--,1,2018,买盘
538,14:00:47,20.18,--,5,10090,买盘
539,14:00:41,20.18,0.11,1,2018,买盘
540,14:00:37,20.07,-0.11,200,401400,卖盘
541,14:00:32,20.18,0.09,8,16144,买盘
542,14:00:26,20.09,-0.09,36,72324,卖盘
543,14:00:17,20.18,0.08,4,8072,买盘
544,14:00:12,20.1,--,2,4020,买盘
545,14:00:07,20.1,0.01,5,10050,买盘
546,14:00:02,20.09,-0.01,3,6027,卖盘
547,13:59:56,20.1,-0.09,98,196980,卖盘
548,13:59:47,20.19,--,46,92874,买盘
549,13:59:37,20.19,0.04,5,10095,买盘
550,13:59:26,20.15,0.05,3,6045,中性盘
551,13:59:22,20.1,--,0,0,卖盘
552,13:59:17,20.1,-0.05,22,44220,卖盘
553,13:59:12,20.15,0.04,5,10075,买盘
554,13:59:07,20.11,-0.09,15,30165,卖盘
555,13:58:56,20.2,--,6,12120,卖盘
556,13:58:52,20.2,--,0,0,卖盘
557,13:58:47,20.2,0.09,4,8080,买盘
558,13:58:41,20.11,0.01,3,6033,卖盘
559,13:58:37,20.1,--,0,0,卖盘
560,13:58:32,20.1,--,5,10050,卖盘
561,13:58:27,20.1,--,10,20100,买盘
562,13:58:22,20.1,-0.1,26,52260,卖盘
563,13:58:12,20.2,--,93,187860,买盘
564,13:58:07,20.2,--,26,52520,卖盘
565,13:57:42,20.2,0.02,46,92920,买盘
566,13:57:37,20.18,-0.02,8,16144,卖盘
567,13:57:27,20.2,--,5,10100,买盘
568,13:57:17,20.2,-0.02,9,18180,卖盘
569,13:57:11,20.22,0.02,5,10110,买盘
570,13:57:07,20.2,-0.02,28,56560,卖盘
571,13:56:56,20.22,--,44,88968,买盘
572,13:56:47,20.22,--,5,10110,买盘
573,13:56:41,20.22,0.02,1,2022,买盘
574,13:56:35,20.2,-0.02,21,42420,卖盘
575,13:56:26,20.22,0.02,5,10110,买盘
576,13:56:20,20.2,-0.02,50,101000,中性盘
577,13:56:12,20.22,-0.01,60,121320,中性盘
578,13:56:05,20.23,--,10,20230,买盘
579,13:55:51,20.23,--,15,30345,买盘
580,13:55:47,20.23,--,10,20230,买盘
581,13:55:42,20.23,0.03,15,30345,买盘
582,13:55:36,20.2,-0.04,14,28280,卖盘
583,13:55:31,20.24,0.04,15,30359,买盘
584,13:55:26,20.2,--,58,117160,卖盘
585,13:55:20,20.2,--,50,101000,卖盘
586,13:55:11,20.2,-0.04,17,36339,卖盘
587,13:55:06,20.24,0.01,5,10120,买盘
588,13:55:01,20.23,-0.01,3,6089,卖盘
589,13:54:56,20.24,-0.01,192,389134,卖盘
590,13:54:51,20.25,0.01,60,121500,买盘
591,13:54:47,20.24,--,63,127511,卖盘
592,13:54:41,20.24,--,66,133584,卖盘
593,13:54:36,20.24,--,65,133057,卖盘
594,13:54:26,20.24,-0.01,48,97151,卖盘
595,13:54:20,20.25,--,5,10125,买盘
596,13:54:11,20.25,0.01,5,10125,买盘
597,13:54:05,20.24,-0.02,54,109295,卖盘
598,13:54:01,20.26,-0.01,5,10130,中性盘
599,13:53:56,20.27,--,15,30405,买盘
600,13:53:51,20.27,--,5,10135,买盘
601,13:53:41,20.27,0.03,5,10135,中性盘
602,13:53:36,20.24,--,0,0,卖盘
603,13:53:31,20.24,--,0,0,卖盘
604,13:53:26,20.24,-0.01,810,1639439,卖盘
605,13:53:21,20.25,0.01,146,295650,买盘
606,13:53:16,20.24,--,15,30359,卖盘
607,13:53:11,20.24,-0.01,6,12143,卖盘
608,13:53:05,20.25,0.01,13,26325,买盘
609,13:53:01,20.24,--,11,22264,卖盘
610,13:52:56,20.24,-0.01,23,46552,卖盘
611,13:52:50,20.25,--,5,10125,买盘
612,13:52:46,20.25,--,21,42525,买盘
613,13:52:41,20.25,0.01,35,70875,买盘
614,13:52:35,20.24,-0.01,10,20240,卖盘
615,13:52:31,20.25,0.01,4,8100,买盘
616,13:52:16,20.24,0.01,255,516119,买盘
617,13:52:05,20.23,0.03,6,12138,买盘
618,13:52:01,20.2,--,3,6060,卖盘
619,13:51:56,20.2,-0.03,32,64640,卖盘
620,13:51:51,20.23,0.03,15,30345,买盘
621,13:51:46,20.2,--,0,0,卖盘
622,13:51:36,20.2,--,64,129280,卖盘
623,13:51:31,20.2,0.05,282,569640,买盘
624,13:51:26,20.15,-0.01,5,10075,卖盘
625,13:51:20,20.16,--,0,0,买盘
626,13:51:16,20.16,--,5,10080,买盘
627,13:51:06,20.16,--,7,14112,买盘
628,13:51:01,20.16,--,3,6048,卖盘
629,13:50:56,20.16,0.04,2,4032,买盘
630,13:50:51,20.12,-0.04,3,6036,卖盘
631,13:50:46,20.16,--,5,10080,买盘
632,13:50:36,20.16,--,5,10080,买盘
633,13:50:31,20.16,--,2,4032,卖盘
634,13:50:26,20.16,0.04,3,6048,卖盘
635,13:50:21,20.12,--,0,0,卖盘
636,13:50:16,20.12,-0.04,25,50300,卖盘
637,13:50:05,20.16,--,5,10080,买盘
638,13:49:51,20.16,--,14,28224,买盘
639,13:49:44,20.16,0.03,5,10080,买盘
640,13:49:40,20.13,-0.03,1,2013,卖盘
641,13:49:35,20.16,--,5,10080,买盘
642,13:49:29,20.16,--,2,4032,买盘
643,13:49:21,20.16,--,8,16128,买盘
644,13:49:15,20.16,--,5,10080,买盘
645,13:49:05,20.16,0.03,5,10080,买盘
646,13:48:59,20.13,-0.03,1,2013,卖盘
647,13:48:55,20.16,0.04,5,10080,买盘
648,13:48:51,20.12,-0.04,3,6036,卖盘
649,13:48:45,20.16,--,8,16128,买盘
650,13:48:35,20.16,--,5,10080,买盘
651,13:48:25,20.16,--,5,10080,买盘
652,13:48:20,20.16,--,19,38304,买盘
653,13:48:15,20.16,-0.01,15,30240,卖盘
654,13:48:05,20.17,--,6,12102,卖盘
655,13:48:00,20.17,--,2,4034,卖盘
656,13:47:50,20.17,--,3,6051,卖盘
657,13:47:45,20.17,0.01,4,8068,买盘
658,13:47:40,20.16,--,3,6048,卖盘
659,13:47:35,20.16,-0.01,15,30240,卖盘
660,13:47:20,20.17,--,8,16136,买盘
661,13:47:14,20.17,0.01,5,10085,买盘
662,13:47:05,20.16,-0.01,25,50400,中性盘
663,13:47:00,20.17,--,0,0,买盘
664,13:46:55,20.17,--,12,24204,买盘
665,13:46:50,20.17,0.06,11,22187,买盘
666,13:46:44,20.11,--,8,16088,卖盘
667,13:46:35,20.11,-0.06,8,16088,卖盘
668,13:46:25,20.17,--,0,0,买盘
669,13:46:20,20.17,0.06,6,12102,买盘
670,13:46:14,20.11,-0.07,25,50275,中性盘
671,13:46:05,20.18,--,5,10090,买盘
672,13:45:50,20.18,0.08,5,10090,买盘
673,13:45:44,20.1,-0.08,8,16080,卖盘
674,13:45:35,20.18,--,7,14126,买盘
675,13:45:20,20.18,0.02,5,10090,买盘
676,13:45:14,20.16,0.06,3,6048,中性盘
677,13:45:05,20.1,-0.02,40,80400,卖盘
678,13:44:55,20.12,--,4,9255,买盘
679,13:44:44,20.12,0.02,8,16096,买盘
680,13:44:35,20.1,--,22,44220,卖盘
681,13:44:30,20.1,--,3,6030,卖盘
682,13:44:20,20.1,--,59,118590,买盘
683,13:44:14,20.1,--,8,16080,买盘
684,13:44:05,20.1,--,5,10050,买盘
685,13:44:00,20.1,-0.01,77,154770,卖盘
686,13:43:44,20.11,--,14,28154,买盘
687,13:43:35,20.11,0.02,5,10055,买盘
688,13:43:29,20.09,--,0,0,卖盘
689,13:43:25,20.09,--,8,16072,卖盘
690,13:43:15,20.09,--,66,132594,卖盘
691,13:43:10,20.09,-0.02,4,8036,卖盘
692,13:43:05,20.11,--,5,10055,买盘
693,13:42:55,20.11,--,5,10055,买盘
694,13:42:44,20.11,0.02,5,10055,买盘
695,13:42:40,20.09,-0.02,3,6027,卖盘
696,13:42:34,20.11,--,6,12066,买盘
697,13:42:25,20.11,--,8,16088,买盘
698,13:42:15,20.11,0.02,5,10055,买盘
699,13:42:09,20.09,-0.02,3,6027,卖盘
700,13:42:04,20.11,--,5,10055,买盘
701,13:41:53,20.11,--,5,10055,买盘
702,13:41:44,20.11,0.02,10,20110,买盘
703,13:41:38,20.09,-0.02,3,6027,卖盘
704,13:41:34,20.11,--,5,10055,买盘
705,13:41:29,20.11,--,10,20110,买盘
706,13:41:24,20.11,0.02,13,26143,买盘
707,13:41:19,20.09,-0.02,3,6027,卖盘
708,13:41:15,20.11,0.03,5,10055,买盘
709,13:41:09,20.08,-0.03,3,6023,卖盘
710,13:41:04,20.11,--,5,10055,买盘
711,13:40:53,20.11,0.03,11,22121,买盘
712,13:40:39,20.08,--,23,46183,卖盘
713,13:40:14,20.08,-0.03,3,6023,卖盘
714,13:40:08,20.11,0.03,396,796356,买盘
715,13:39:59,20.08,--,5,10040,卖盘
716,13:39:34,20.08,--,3,6023,卖盘
717,13:39:08,20.08,--,3,6023,卖盘
718,13:39:04,20.08,-0.01,3,6023,卖盘
719,13:38:38,20.09,0.01,17,34153,买盘
720,13:38:34,20.08,--,3,6023,卖盘
721,13:38:14,20.08,0.01,1,2007,买盘
722,13:38:09,20.07,-0.01,22,44154,卖盘
723,13:37:59,20.08,0.01,2,4015,卖盘
724,13:37:53,20.07,--,0,0,卖盘
725,13:37:44,20.07,--,7,14049,卖盘
726,13:37:29,20.07,-0.02,3,6021,卖盘
727,13:37:23,20.09,0.02,3,6027,买盘
728,13:37:14,20.07,--,1,2007,卖盘
729,13:37:04,20.07,--,3,6021,卖盘
730,13:36:59,20.07,--,3,6021,卖盘
731,13:36:53,20.07,--,0,0,卖盘
732,13:36:44,20.07,--,5,10035,卖盘
733,13:36:29,20.07,--,3,6021,卖盘
734,13:36:23,20.07,-0.01,5,10035,卖盘
735,13:36:14,20.08,--,0,0,买盘
736,13:36:08,20.08,0.01,50,100399,买盘
737,13:35:59,20.07,--,2,4014,卖盘
738,13:35:53,20.07,--,0,0,中性盘
739,13:35:34,20.07,--,2,4014,买盘
740,13:35:08,20.07,-0.01,1,2007,卖盘
741,13:34:53,20.08,-0.01,1,2007,买盘
742,13:34:43,20.09,--,0,0,买盘
743,13:34:28,20.09,--,0,0,买盘
744,13:34:13,20.09,--,0,0,买盘
745,13:33:43,20.09,--,0,0,中性盘
746,13:33:38,20.09,--,1,2009,买盘
747,13:33:13,20.09,0.05,5,10045,买盘
748,13:32:28,20.04,--,0,0,卖盘
749,13:32:23,20.04,-0.04,38,76152,卖盘
750,13:31:53,20.08,--,10,20080,买盘
751,13:31:38,20.08,--,0,0,买盘
752,13:31:08,20.08,--,30,60239,买盘
753,13:30:53,20.08,--,0,0,买盘
754,13:30:38,20.08,--,2,4015,买盘
755,13:30:32,20.08,--,3,6023,买盘
756,13:30:02,20.08,0.07,4,8031,买盘
757,13:29:53,20.01,--,0,0,卖盘
758,13:29:47,20.01,--,0,0,卖盘
759,13:29:32,20.01,--,32,64032,卖盘
760,13:29:28,20.01,--,1,2001,卖盘
761,13:29:23,20.01,-0.05,1,2001,卖盘
762,13:29:17,20.06,0.05,5,10030,买盘
763,13:29:08,20.01,--,10,20010,卖盘
764,13:29:02,20.01,--,115,230115,卖盘
765,13:28:53,20.01,--,416,832416,卖盘
766,13:28:47,20.01,--,0,0,卖盘
767,13:28:32,20.01,--,0,0,卖盘
768,13:28:28,20.01,--,10,20010,卖盘
769,13:28:23,20.01,--,0,0,卖盘
770,13:28:17,20.01,--,0,0,卖盘
771,13:28:13,20.01,--,0,0,卖盘
772,13:28:08,20.01,--,59,118059,卖盘
773,13:28:02,20.01,-0.05,150,300150,卖盘
774,13:27:53,20.06,--,16,32095,买盘
775,13:27:43,20.06,--,0,0,中性盘
776,13:27:37,20.06,0.01,10,20060,买盘
777,13:27:32,20.05,-0.01,47,94235,卖盘
778,13:27:17,20.06,--,2,4011,卖盘
779,13:27:13,20.06,--,0,0,卖盘
780,13:27:07,20.06,--,0,0,卖盘
781,13:27:02,20.06,-0.04,8,16047,卖盘
782,13:26:57,20.1,0.05,1,2010,中性盘
783,13:26:37,20.05,--,0,0,卖盘
784,13:26:32,20.05,-0.06,20,40100,卖盘
785,13:26:27,20.11,0.08,2,4022,买盘
786,13:25:57,20.03,--,0,0,卖盘
787,13:25:52,20.03,--,0,0,卖盘
788,13:25:47,20.03,--,0,0,卖盘
789,13:25:32,20.03,--,0,0,卖盘
790,13:25:22,20.03,0.01,2,4006,卖盘
791,13:25:17,20.02,--,0,0,卖盘
792,13:25:12,20.02,-0.07,145,290290,卖盘
793,13:25:07,20.09,--,10,20090,买盘
794,13:25:02,20.09,--,22,44198,买盘
795,13:24:57,20.09,--,0,0,买盘
796,13:24:47,20.09,0.07,3,6027,买盘
797,13:24:37,20.02,--,0,0,卖盘
798,13:24:26,20.02,0.01,7,14014,卖盘
799,13:24:17,20.01,--,2,4002,卖盘
800,13:24:11,20.01,-0.08,14,28014,卖盘
801,13:24:02,20.09,0.08,1,2009,买盘
802,13:23:47,20.01,0.01,3,6003,中性盘
803,13:23:41,20.0,0.04,38,76000,卖盘
804,13:23:37,19.96,-0.01,41,83392,买盘
805,13:23:32,19.97,-0.04,68,136235,卖盘
806,13:23:26,20.01,0.02,181,362181,中性盘
807,13:23:22,19.99,-0.01,62,123937,卖盘
808,13:23:17,20.0,--,63,126000,卖盘
809,13:23:07,20.0,-0.1,1300,2600000,卖盘
810,13:23:02,20.1,-0.01,50,100500,卖盘
811,13:22:56,20.11,-0.01,8,16088,卖盘
812,13:22:41,20.12,--,10,20120,买盘
813,13:21:52,20.12,-0.02,16,32192,卖盘
814,13:21:26,20.14,0.02,2,4028,买盘
815,13:21:17,20.12,-0.01,1,2012,卖盘
816,13:20:37,20.13,-0.01,1,2013,买盘
817,13:20:11,20.14,--,0,0,买盘
818,13:19:56,20.14,--,0,0,买盘
819,13:19:41,20.14,0.03,1,2014,买盘
820,13:19:26,20.11,0.01,50,100550,卖盘
821,13:19:11,20.1,--,62,124620,卖盘
822,13:19:01,20.1,-0.04,219,441757,卖盘
823,13:18:21,20.14,--,4,8257,卖盘
824,13:18:11,20.14,--,10,20140,卖盘
825,13:18:06,20.14,--,3,6042,卖盘
826,13:17:56,20.14,--,0,0,卖盘
827,13:16:41,20.14,-0.01,53,106742,卖盘
828,13:16:36,20.15,--,20,40300,卖盘
829,13:16:20,20.15,--,0,1007,卖盘
830,13:15:50,20.15,--,8,16926,卖盘
831,13:15:41,20.15,--,4,8059,卖盘
832,13:15:11,20.15,--,14,28209,卖盘
833,13:14:35,20.15,-0.01,2,4029,卖盘
834,13:14:20,20.16,--,6,12096,卖盘
835,13:14:16,20.16,--,8,16128,卖盘
836,13:14:01,20.16,--,38,76608,卖盘
837,13:13:56,20.16,-0.01,15,30240,卖盘
838,13:13:50,20.17,--,1,2017,买盘
839,13:13:46,20.17,0.01,13,26221,卖盘
840,13:13:26,20.16,--,0,0,卖盘
841,13:13:16,20.16,--,1,2016,卖盘
842,13:13:05,20.16,--,6,14091,卖盘
843,13:13:01,20.16,--,0,0,卖盘
844,13:12:55,20.16,-0.03,1,2016,卖盘
845,13:12:10,20.19,--,5,10095,买盘
846,13:12:05,20.19,0.02,11,22209,买盘
847,13:11:50,20.17,0.01,1,2017,买盘
848,13:11:41,20.16,--,48,96768,卖盘
849,13:11:35,20.16,-0.01,5,10080,卖盘
850,13:11:25,20.17,-0.01,30,60510,卖盘
851,13:11:10,20.18,--,0,0,买盘
852,13:11:05,20.18,--,14,29866,卖盘
853,13:10:55,20.18,-0.01,15,30673,卖盘
854,13:10:15,20.19,--,5,10095,买盘
855,13:09:40,20.19,0.01,15,30285,买盘
856,13:09:35,20.18,0.02,18,36324,买盘
857,13:09:05,20.16,--,0,0,卖盘
858,13:08:50,20.16,-0.01,2,4032,卖盘
859,13:08:30,20.17,--,0,0,买盘
860,13:08:14,20.17,-0.02,23,46391,卖盘
861,13:08:05,20.19,0.02,13,26247,买盘
862,13:07:44,20.17,--,0,0,卖盘
863,13:07:20,20.17,-0.01,55,110935,卖盘
864,13:07:14,20.18,-0.01,31,62558,卖盘
865,13:06:59,20.19,--,24,48456,卖盘
866,13:06:50,20.19,-0.01,5,10095,卖盘
867,13:06:40,20.2,0.01,13,26260,买盘
868,13:06:20,20.19,--,1,2019,卖盘
869,13:06:14,20.19,-0.01,23,46437,卖盘
870,13:05:04,20.2,0.01,13,26260,买盘
871,13:03:59,20.19,--,3,6057,卖盘
872,13:03:54,20.19,-0.01,1,2019,卖盘
873,13:03:29,20.2,--,5,10100,买盘
874,13:03:19,20.2,--,13,26260,买盘
875,13:02:59,20.2,--,0,0,买盘
876,13:02:49,20.2,0.01,7,14140,买盘
877,13:02:24,20.19,-0.01,4,8076,买盘
878,13:02:09,20.2,--,0,0,买盘
879,13:01:58,20.2,0.02,13,26260,买盘
880,13:01:49,20.18,-0.01,47,94846,卖盘
881,13:01:39,20.19,-0.01,12,24228,卖盘
882,13:00:13,20.2,--,2,4040,买盘
883,13:00:08,20.2,0.01,48,96960,中性盘
884,13:00:04,20.19,--,0,0,卖盘
885,11:30:00,20.19,--,0,0,卖盘
886,11:29:59,20.19,--,0,0,卖盘
887,11:29:21,20.19,--,2,4038,卖盘
888,11:29:00,20.19,--,2,4038,卖盘
889,11:28:55,20.19,-0.04,3,6057,卖盘
890,11:28:25,20.23,--,5,10115,买盘
891,11:27:30,20.23,--,23,46529,买盘
892,11:27:15,20.23,--,9,18207,买盘
893,11:26:55,20.23,--,5,10115,买盘
894,11:26:45,20.23,0.01,2,4046,买盘
895,11:25:59,20.22,0.03,5,10110,买盘
896,11:25:44,20.19,--,1,2019,买盘
897,11:25:09,20.19,--,4,8076,买盘
898,11:25:05,20.19,0.01,2,4038,卖盘
899,11:24:39,20.18,--,0,0,卖盘
900,11:24:14,20.18,-0.04,1,2018,卖盘
901,11:23:44,20.22,0.04,5,10110,买盘
902,11:23:39,20.18,--,2,4036,卖盘
903,11:23:09,20.18,--,0,0,卖盘
904,11:21:54,20.18,--,0,0,卖盘
905,11:19:59,20.18,-0.06,50,100900,卖盘
906,11:19:54,20.24,--,100,202399,买盘
907,11:19:49,20.24,--,0,0,买盘
908,11:19:39,20.24,--,2,4047,买盘
909,11:19:34,20.24,-0.01,3,6071,中性盘
910,11:19:19,20.25,--,3,6075,买盘
911,11:19:14,20.25,0.07,32,64800,买盘
912,11:19:08,20.18,-0.06,8,16144,卖盘
913,11:18:49,20.24,0.06,12,24287,买盘
914,11:18:29,20.18,-0.01,5,10090,卖盘
915,11:18:19,20.19,--,0,0,买盘
916,11:17:44,20.19,--,1,2019,买盘
917,11:17:03,20.19,--,5,11346,卖盘
918,11:16:59,20.19,--,0,0,卖盘
919,11:16:53,20.19,--,0,0,卖盘
920,11:16:48,20.19,--,0,0,卖盘
921,11:16:34,20.19,-0.05,176,356111,卖盘
922,11:16:29,20.24,0.04,17,34408,买盘
923,11:15:48,20.2,--,12,24240,买盘
924,11:15:08,20.2,--,0,0,买盘
925,11:14:53,20.2,--,13,26260,卖盘
926,11:14:48,20.2,0.02,37,74740,买盘
927,11:14:13,20.18,-0.02,3,6054,卖盘
928,11:14:03,20.2,0.02,10,20200,买盘
929,11:13:48,20.18,--,0,0,卖盘
930,11:13:18,20.18,--,0,0,卖盘
931,11:13:08,20.18,-0.02,31,62558,卖盘
932,11:13:03,20.2,--,0,0,买盘
933,11:12:28,20.2,--,33,66660,卖盘
934,11:12:13,20.2,--,0,0,卖盘
935,11:12:08,20.2,--,6,12120,卖盘
936,11:11:28,20.2,-0.03,128,258560,卖盘
937,11:11:23,20.23,--,0,0,卖盘
938,11:11:17,20.23,-0.02,122,246806,卖盘
939,11:11:13,20.25,0.01,2,4050,买盘
940,11:11:08,20.24,--,29,58695,卖盘
941,11:11:02,20.24,--,2,4047,卖盘
942,11:10:32,20.24,0.01,1,2023,买盘
943,11:10:23,20.23,--,15,30345,卖盘
944,11:10:13,20.23,--,2,4046,卖盘
945,11:09:58,20.23,-0.01,50,101150,卖盘
946,11:09:43,20.24,--,0,0,买盘
947,11:09:17,20.24,--,0,0,卖盘
948,11:09:02,20.24,-0.01,10,20240,卖盘
949,11:08:47,20.25,--,1,2025,买盘
950,11:08:32,20.25,0.01,10,20250,买盘
951,11:08:17,20.24,--,18,36432,卖盘
952,11:08:07,20.24,--,5,10120,卖盘
953,11:07:57,20.24,--,8,16191,买盘
954,11:07:47,20.24,0.02,15,30359,买盘
955,11:07:12,20.22,--,1,2022,卖盘
956,11:06:52,20.22,--,0,0,中性盘
957,11:06:47,20.22,--,2,4044,卖盘
958,11:06:42,20.22,-0.02,2,4044,卖盘
959,11:06:12,20.24,--,10,20240,买盘
960,11:05:42,20.24,-0.01,1,2023,卖盘
961,11:05:37,20.25,--,14,28350,买盘
962,11:05:32,20.25,--,7,14175,买盘
963,11:05:27,20.25,--,0,0,买盘
964,11:05:22,20.25,-0.01,29,58725,卖盘
965,11:05:17,20.26,0.02,109,221036,买盘
966,11:05:12,20.24,--,20,40480,卖盘
967,11:05:07,20.24,-0.01,5,10120,卖盘
968,11:04:57,20.25,--,3,6075,买盘
969,11:04:52,20.25,0.01,30,60750,买盘
970,11:04:37,20.24,--,5,10120,卖盘
971,11:04:32,20.24,-0.01,5,11132,买盘
972,11:04:17,20.25,--,0,0,买盘
973,11:04:07,20.25,--,0,0,买盘
974,11:03:32,20.25,-0.02,21,44347,卖盘
975,11:03:17,20.27,--,10,20270,买盘
976,11:03:07,20.27,--,4,8108,买盘
977,11:02:52,20.27,-0.01,64,129728,中性盘
978,11:02:47,20.28,0.01,7,14196,买盘
979,11:02:41,20.27,-0.01,16,32432,卖盘
980,11:02:37,20.28,--,24,48672,买盘
981,11:02:26,20.28,0.01,2,4056,买盘
982,11:02:22,20.27,--,4,8108,卖盘
983,11:02:11,20.27,--,21,42567,卖盘
984,11:02:07,20.27,0.01,10,20270,买盘
985,11:02:02,20.26,0.01,8,16208,买盘
986,11:01:56,20.25,--,1,2025,卖盘
987,11:01:52,20.25,--,27,54877,买盘
988,11:01:46,20.25,0.03,5,10125,买盘
989,11:01:41,20.22,-0.03,3,6066,卖盘
990,11:01:37,20.25,--,1,2025,买盘
991,11:01:31,20.25,0.04,27,54675,买盘
992,11:01:22,20.21,-0.01,102,206142,卖盘
993,11:01:11,20.22,-0.01,252,509544,卖盘
994,11:01:06,20.23,--,2,4046,买盘
995,11:00:51,20.23,0.01,28,56644,买盘
996,11:00:36,20.22,-0.01,1,2022,中性盘
997,11:00:31,20.23,0.01,4,8092,买盘
998,11:00:26,20.22,-0.01,2,4044,卖盘
999,11:00:21,20.23,--,4,8092,买盘
1000,11:00:16,20.23,--,105,212415,买盘
1001,11:00:11,20.23,--,8,16184,买盘
1002,11:00:06,20.23,--,30,60690,买盘
1003,11:00:01,20.23,0.01,21,42483,买盘
1004,10:59:51,20.22,0.01,6,12132,买盘
1005,10:59:46,20.21,-0.01,26,52546,卖盘
1006,10:59:41,20.22,0.01,1,2022,买盘
1007,10:59:36,20.21,--,3,6063,卖盘
1008,10:59:21,20.21,-0.01,3,6063,卖盘
1009,10:59:11,20.22,--,13,26286,买盘
1010,10:59:06,20.22,0.01,4,8088,买盘
1011,10:59:01,20.21,--,3,6063,卖盘
1012,10:58:26,20.21,0.01,20,40420,买盘
1013,10:58:16,20.2,0.01,53,107060,买盘
1014,10:58:11,20.19,-0.01,4,8076,卖盘
1015,10:58:05,20.2,--,20,40400,买盘
1016,10:57:56,20.2,0.02,11,22220,买盘
1017,10:57:50,20.18,-0.01,2,4036,卖盘
1018,10:57:46,20.19,--,0,0,买盘
1019,10:57:41,20.19,--,5,10095,买盘
1020,10:57:35,20.19,0.07,10,20190,买盘
1021,10:57:26,20.12,--,3,6036,卖盘
1022,10:57:20,20.12,--,2,4024,买盘
1023,10:57:05,20.12,0.01,1,2012,卖盘
1024,10:57:01,20.11,--,0,0,卖盘
1025,10:56:56,20.11,--,0,0,卖盘
1026,10:56:50,20.11,-0.09,3,6033,卖盘
1027,10:56:46,20.2,0.01,22,44440,买盘
1028,10:56:41,20.19,0.01,2,4038,买盘
1029,10:56:30,20.18,0.07,20,40360,买盘
1030,10:56:20,20.11,-0.01,3,6033,卖盘
1031,10:56:01,20.12,0.01,4,8048,中性盘
1032,10:55:56,20.11,--,30,60330,买盘
1033,10:55:50,20.11,0.01,14,28154,买盘
1034,10:55:45,20.1,-0.01,3,6030,卖盘
1035,10:55:35,20.11,-0.08,57,114627,卖盘
1036,10:55:26,20.19,--,14,28266,买盘
1037,10:55:20,20.19,0.04,10,20190,买盘
1038,10:55:15,20.15,--,3,6045,卖盘
1039,10:54:50,20.15,--,3,6045,卖盘
1040,10:54:45,20.15,--,3,6045,卖盘
1041,10:54:30,20.15,-0.04,3,6045,卖盘
1042,10:54:25,20.19,--,8,16152,买盘
1043,10:54:20,20.19,--,45,90855,买盘
1044,10:54:15,20.19,0.05,10,20190,买盘
1045,10:54:10,20.14,-0.01,3,6042,卖盘
1046,10:53:45,20.15,0.01,13,26194,买盘
1047,10:53:35,20.14,-0.01,3,6042,卖盘
1048,10:53:20,20.15,-0.05,1,2014,卖盘
1049,10:53:15,20.2,0.06,8,16160,买盘
1050,10:53:10,20.14,--,2,4028,买盘
1051,10:53:05,20.14,--,1,2014,卖盘
1052,10:52:50,20.14,--,0,0,中性盘
1053,10:52:35,20.14,0.01,21,42294,买盘
1054,10:52:15,20.13,-0.06,29,58759,卖盘
1055,10:52:05,20.19,--,12,25863,买盘
1056,10:52:00,20.19,--,17,34706,卖盘
1057,10:51:50,20.19,--,5,10095,卖盘
1058,10:51:44,20.19,--,2,5673,买盘
1059,10:51:40,20.19,--,0,0,买盘
1060,10:51:35,20.19,--,1,2019,买盘
1061,10:51:29,20.19,--,13,26247,买盘
1062,10:51:20,20.19,--,15,30285,买盘
1063,10:51:14,20.19,0.07,10,20190,买盘
1064,10:51:10,20.12,-0.07,3,6036,卖盘
1065,10:50:59,20.19,0.07,8,16152,买盘
1066,10:50:55,20.12,-0.07,3,6036,卖盘
1067,10:50:50,20.19,--,8,16152,买盘
1068,10:50:44,20.19,--,0,0,买盘
1069,10:50:40,20.19,0.08,26,52494,买盘
1070,10:50:35,20.11,--,10,20110,买盘
1071,10:50:29,20.11,--,14,28154,卖盘
1072,10:50:25,20.11,-0.07,3,6033,卖盘
1073,10:50:20,20.18,--,4,8072,买盘
1074,10:50:14,20.18,--,3,6054,买盘
1075,10:50:10,20.18,--,20,40360,买盘
1076,10:50:05,20.18,--,5,10090,买盘
1077,10:49:59,20.18,-0.01,14,28635,卖盘
1078,10:49:55,20.19,--,8,16152,买盘
1079,10:49:50,20.19,0.01,12,25863,买盘
1080,10:49:39,20.18,--,1,2018,买盘
1081,10:49:35,20.18,0.01,6,12108,买盘
1082,10:49:29,20.17,--,6,12102,买盘
1083,10:49:20,20.17,0.09,8,16136,买盘
1084,10:49:14,20.08,--,2,4015,卖盘
1085,10:48:59,20.08,0.01,3,6023,中性盘
1086,10:48:54,20.07,--,4,8028,卖盘
1087,10:48:49,20.07,-0.04,5,10035,卖盘
1088,10:48:24,20.11,--,1,2011,卖盘
1089,10:48:14,20.11,0.04,1,2011,买盘
1090,10:47:54,20.07,-0.04,5,10035,卖盘
1091,10:47:44,20.11,--,0,0,卖盘
1092,10:47:24,20.11,0.05,3,6033,卖盘
1093,10:47:09,20.06,--,0,0,卖盘
1094,10:46:54,20.06,--,0,0,卖盘
1095,10:46:49,20.06,--,3,6018,卖盘
1096,10:46:44,20.06,-0.13,3,6018,卖盘
1097,10:46:24,20.19,--,0,0,买盘
1098,10:46:19,20.19,0.14,1,2019,买盘
1099,10:46:14,20.05,-0.14,5,10025,卖盘
1100,10:46:09,20.19,--,6,12114,买盘
1101,10:45:59,20.19,--,1,2019,买盘
1102,10:45:44,20.19,0.04,141,284679,买盘
1103,10:45:39,20.15,0.04,11,22165,买盘
1104,10:45:34,20.11,-0.04,123,247353,卖盘
1105,10:45:24,20.15,--,8,16119,买盘
1106,10:45:19,20.15,0.02,1,2014,买盘
1107,10:45:14,20.13,-0.01,44,88572,卖盘
1108,10:45:09,20.14,--,2,4028,买盘
1109,10:44:53,20.14,0.01,1,2014,买盘
1110,10:44:38,20.13,-0.01,3,6039,卖盘
1111,10:44:29,20.14,--,7,14098,卖盘
1112,10:44:08,20.14,--,3,6042,卖盘
1113,10:43:59,20.14,--,21,42294,卖盘
1114,10:43:38,20.14,--,0,0,卖盘
1115,10:43:34,20.14,--,3,6042,卖盘
1116,10:43:23,20.14,0.01,3,6042,中性盘
1117,10:43:04,20.13,-0.07,3,6039,卖盘
1118,10:42:53,20.2,0.07,5,10100,买盘
1119,10:42:29,20.13,--,3,6039,卖盘
1120,10:42:19,20.13,-0.07,3,6039,卖盘
1121,10:42:14,20.2,--,1,2020,买盘
1122,10:42:08,20.2,0.07,30,60600,买盘
1123,10:41:59,20.13,0.01,3,6039,卖盘
1124,10:41:44,20.12,--,0,0,卖盘
1125,10:41:23,20.12,-0.08,237,476844,卖盘
1126,10:41:13,20.2,--,101,204020,卖盘
1127,10:41:08,20.2,--,2,4040,卖盘
1128,10:40:53,20.2,--,3,6060,卖盘
1129,10:40:48,20.2,0.01,95,191900,买盘
1130,10:40:37,20.19,-0.01,3,6057,买盘
1131,10:40:33,20.2,--,1,2020,买盘
1132,10:40:23,20.2,--,6,12120,买盘
1133,10:40:18,20.2,--,3,6060,买盘
1134,10:40:13,20.2,--,2,4040,买盘
1135,10:40:08,20.2,0.07,4,8080,买盘
1136,10:39:48,20.13,-0.07,3,6039,卖盘
1137,10:39:43,20.2,0.07,1,2020,卖盘
1138,10:39:38,20.13,--,0,0,卖盘
1139,10:39:33,20.13,-0.07,3,6039,卖盘
1140,10:39:18,20.2,0.07,5,10100,买盘
1141,10:39:08,20.13,--,3,6039,买盘
1142,10:38:58,20.13,--,10,20130,买盘
1143,10:38:48,20.13,-0.02,21,42273,卖盘
1144,10:38:43,20.15,--,3,6045,卖盘
1145,10:38:38,20.15,--,5,10075,卖盘
1146,10:38:13,20.15,--,3,6045,卖盘
1147,10:37:38,20.15,--,16,32239,卖盘
1148,10:37:32,20.15,--,3,6045,卖盘
1149,10:37:13,20.15,--,2,4029,卖盘
1150,10:37:08,20.15,0.04,4,8059,卖盘
1151,10:36:47,20.11,--,0,0,卖盘
1152,10:36:38,20.11,-0.04,103,207133,卖盘
1153,10:36:32,20.15,--,53,106794,卖盘
1154,10:36:23,20.15,--,3,6045,卖盘
1155,10:36:17,20.15,--,3,6045,卖盘
1156,10:36:02,20.15,-0.05,3,6045,卖盘
1157,10:35:57,20.2,0.05,1,2020,买盘
1158,10:35:47,20.15,-0.01,18,36270,卖盘
1159,10:35:38,20.16,--,0,0,卖盘
1160,10:35:32,20.16,--,3,6048,卖盘
1161,10:35:17,20.16,-0.04,4,8064,卖盘
1162,10:35:13,20.2,-0.01,5,10100,买盘
1163,10:35:02,20.21,0.06,31,62651,买盘
1164,10:34:57,20.15,-0.01,3,6045,卖盘
1165,10:34:42,20.16,--,2,4032,买盘
1166,10:34:22,20.16,-0.04,3,6048,卖盘
1167,10:34:17,20.2,--,0,0,买盘
1168,10:34:12,20.2,0.04,6,12120,买盘
1169,10:33:52,20.16,-0.04,3,6048,卖盘
1170,10:33:42,20.2,--,2,4040,买盘
1171,10:33:37,20.2,--,4,8080,买盘
1172,10:33:32,20.2,--,5,10100,买盘
1173,10:33:27,20.2,--,3,6060,买盘
1174,10:33:22,20.2,--,4,8080,买盘
1175,10:33:17,20.2,--,3,6060,买盘
1176,10:33:07,20.2,0.04,1,2020,买盘
1177,10:33:02,20.16,--,3,6048,卖盘
1178,10:32:47,20.16,0.01,3,6048,卖盘
1179,10:32:42,20.15,--,0,0,卖盘
1180,10:32:16,20.15,0.01,3,6045,卖盘
1181,10:32:02,20.14,--,0,0,卖盘
1182,10:31:57,20.14,--,3,6042,卖盘
1183,10:31:42,20.14,-0.01,13,26182,卖盘
1184,10:31:37,20.15,-0.06,1,2014,卖盘
1185,10:31:17,20.21,--,0,0,买盘
1186,10:31:12,20.21,--,8,16168,买盘
1187,10:31:02,20.21,--,2,4042,买盘
1188,10:30:57,20.21,0.06,6,12126,买盘
1189,10:30:52,20.15,-0.06,3,6045,卖盘
1190,10:30:47,20.21,0.06,1,2021,买盘
1191,10:30:42,20.15,-0.06,3,6045,卖盘
1192,10:30:37,20.21,--,0,0,买盘
1193,10:30:17,20.21,0.07,1,2021,买盘
1194,10:30:12,20.14,--,0,0,卖盘
1195,10:30:07,20.14,-0.08,3,6042,卖盘
1196,10:30:02,20.22,0.01,10,20220,买盘
1197,10:29:55,20.21,0.07,29,58609,卖盘
1198,10:29:47,20.14,-0.08,3,6042,卖盘
1199,10:29:41,20.22,0.09,2,4044,买盘
1200,10:29:37,20.13,--,0,0,卖盘
1201,10:29:32,20.13,-0.08,3,6039,卖盘
1202,10:29:25,20.21,-0.01,3,6063,卖盘
1203,10:29:17,20.22,--,1,2022,买盘
1204,10:29:02,20.22,--,6,12132,买盘
1205,10:28:56,20.22,0.08,5,10110,买盘
1206,10:28:47,20.14,-0.04,12,24168,买盘
1207,10:28:40,20.18,-0.04,91,183638,卖盘
1208,10:28:37,20.22,0.03,29,58638,买盘
1209,10:28:32,20.19,-0.02,3,6057,卖盘
1210,10:28:17,20.21,--,1,2021,买盘
1211,10:28:02,20.21,--,1,2021,买盘
1212,10:27:56,20.21,--,4,8084,买盘
1213,10:27:47,20.21,--,7,14147,买盘
1214,10:27:41,20.21,0.01,4,8084,买盘
1215,10:27:36,20.2,0.01,5,10100,买盘
1216,10:27:31,20.19,--,9,18171,卖盘
1217,10:27:26,20.19,--,13,26247,卖盘
1218,10:27:16,20.19,--,18,36342,买盘
1219,10:27:10,20.19,0.01,2,4038,买盘
1220,10:27:06,20.18,--,0,0,中性盘
1221,10:26:56,20.18,--,9,18162,买盘
1222,10:26:51,20.18,--,3,6054,买盘
1223,10:26:41,20.18,--,9,18162,买盘
1224,10:26:31,20.18,--,0,0,买盘
1225,10:26:25,20.18,0.08,4,8072,买盘
1226,10:26:21,20.1,--,3,6030,卖盘
1227,10:26:06,20.1,-0.08,2,4020,卖盘
1228,10:26:01,20.18,--,5,10090,买盘
1229,10:25:56,20.18,0.08,1,2018,买盘
1230,10:25:51,20.1,0.01,4,8040,卖盘
1231,10:25:41,20.09,--,0,0,卖盘
1232,10:25:21,20.09,--,5,10045,买盘
1233,10:25:16,20.09,0.01,1,2009,卖盘
1234,10:24:56,20.08,-0.01,1,2007,卖盘
1235,10:24:46,20.09,--,1,2009,买盘
1236,10:24:41,20.09,0.01,2,4018,中性盘
1237,10:24:36,20.08,--,1,2007,卖盘
1238,10:24:16,20.08,--,3,6023,卖盘
1239,10:24:11,20.08,--,3,6023,卖盘
1240,10:23:51,20.08,-0.02,50,100399,卖盘
1241,10:23:40,20.1,--,3,6030,卖盘
1242,10:23:36,20.1,--,59,119032,买盘
1243,10:23:31,20.1,--,1,2010,买盘
1244,10:23:25,20.1,--,175,351750,买盘
1245,10:23:16,20.1,-0.1,377,759337,卖盘
1246,10:23:05,20.2,--,71,143420,卖盘
1247,10:22:56,20.2,--,2,4040,卖盘
1248,10:22:46,20.2,--,30,60600,卖盘
1249,10:22:40,20.2,0.01,171,345420,买盘
1250,10:22:30,20.19,-0.01,25,50475,卖盘
1251,10:22:25,20.2,0.01,11,22220,买盘
1252,10:22:20,20.19,-0.01,8,16152,卖盘
1253,10:22:11,20.2,0.01,2,4040,买盘
1254,10:22:05,20.19,--,0,0,卖盘
1255,10:21:34,20.19,0.01,15,30285,卖盘
1256,10:21:15,20.18,0.05,65,131170,买盘
1257,10:21:10,20.13,--,30,60390,卖盘
1258,10:21:05,20.13,--,0,0,卖盘
1259,10:20:56,20.13,--,0,0,卖盘
1260,10:20:40,20.13,--,6,12078,卖盘
1261,10:20:35,20.13,--,0,0,卖盘
1262,10:20:30,20.13,--,40,80520,卖盘
1263,10:20:25,20.13,--,0,0,卖盘
1264,10:19:40,20.13,--,0,0,中性盘
1265,10:19:34,20.13,--,0,0,中性盘
1266,10:19:30,20.13,--,8,16104,买盘
1267,10:19:25,20.13,--,9,18117,买盘
1268,10:19:19,20.13,-0.1,97,195261,卖盘
1269,10:19:15,20.23,--,16,32368,买盘
1270,10:19:10,20.23,--,52,105196,卖盘
1271,10:19:05,20.23,--,48,97104,卖盘
1272,10:18:55,20.23,-0.01,1,2023,卖盘
1273,10:18:50,20.24,--,0,0,买盘
1274,10:18:40,20.24,0.09,20,40480,买盘
1275,10:18:35,20.15,-0.08,2,4029,卖盘
1276,10:18:19,20.23,--,0,0,中性盘
1277,10:18:15,20.23,--,0,0,中性盘
1278,10:18:10,20.23,0.11,10,20230,买盘
1279,10:18:05,20.12,-0.06,321,646314,卖盘
1280,10:17:55,20.18,0.03,80,163437,买盘
1281,10:17:50,20.15,--,60,120899,买盘
1282,10:17:45,20.15,--,2,4029,买盘
1283,10:17:39,20.15,--,44,88660,买盘
1284,10:17:34,20.15,-0.02,13,26194,卖盘
1285,10:17:15,20.17,0.02,2,4034,买盘
1286,10:17:10,20.15,--,5,10075,卖盘
1287,10:16:50,20.15,-0.02,15,30224,买盘
1288,10:16:35,20.17,-0.01,6,12102,买盘
1289,10:15:45,20.18,--,0,0,买盘
1290,10:15:34,20.18,--,38,76684,买盘
1291,10:15:29,20.18,--,3,6054,卖盘
1292,10:15:20,20.18,-0.05,2,4036,卖盘
1293,10:14:29,20.23,0.07,10,20230,买盘
1294,10:14:04,20.16,--,4,8064,买盘
1295,10:13:43,20.16,-0.01,1,2016,买盘
1296,10:13:39,20.17,--,7,14119,卖盘
1297,10:13:34,20.17,-0.01,3,6051,中性盘
1298,10:13:29,20.18,0.06,10,20180,买盘
1299,10:13:14,20.12,--,27,54324,买盘
1300,10:13:04,20.12,--,24,48288,买盘
1301,10:12:54,20.12,--,10,20120,买盘
1302,10:12:49,20.12,-0.06,73,146876,卖盘
1303,10:12:43,20.18,--,2,4036,买盘
1304,10:12:39,20.18,--,150,302700,买盘
1305,10:12:13,20.18,--,12,24216,买盘
1306,10:12:04,20.18,-0.08,80,161460,卖盘
1307,10:11:59,20.26,-0.01,20,40520,买盘
1308,10:11:54,20.27,0.09,5,10135,买盘
1309,10:11:44,20.18,--,0,0,卖盘
1310,10:11:28,20.18,--,16,34285,买盘
1311,10:11:24,20.18,--,68,137224,买盘
1312,10:11:19,20.18,--,155,312790,买盘
1313,10:11:04,20.18,-0.1,5,10110,卖盘
1314,10:10:58,20.28,0.11,724,1470279,买盘
1315,10:10:39,20.17,0.02,10,20170,买盘
1316,10:10:34,20.15,--,20,40300,卖盘
1317,10:10:19,20.15,--,9,18135,卖盘
1318,10:10:13,20.15,--,25,50375,卖盘
1319,10:10:09,20.15,0.01,52,104779,买盘
1320,10:10:04,20.14,--,1,2014,买盘
1321,10:09:58,20.14,0.01,20,40280,买盘
1322,10:09:54,20.13,--,104,209352,卖盘
1323,10:09:44,20.13,0.01,135,271755,买盘
1324,10:09:39,20.12,--,3,6036,买盘
1325,10:09:28,20.12,--,5,10060,买盘
1326,10:09:09,20.12,0.06,1,2012,买盘
1327,10:08:53,20.06,--,0,0,卖盘
1328,10:08:24,20.06,--,0,0,卖盘
1329,10:08:08,20.06,-0.07,5,10030,卖盘
1330,10:07:37,20.13,--,22,44286,卖盘
1331,10:07:28,20.13,--,27,54351,卖盘
1332,10:07:18,20.13,--,3,6039,买盘
1333,10:07:07,20.13,--,70,140910,买盘
1334,10:07:03,20.13,--,1,2013,买盘
1335,10:06:22,20.13,--,0,0,买盘
1336,10:06:13,20.13,--,1,2013,买盘
1337,10:05:58,20.13,0.08,37,74481,买盘
1338,10:05:43,20.05,0.02,1,2005,卖盘
1339,10:05:23,20.03,--,0,0,卖盘
1340,10:05:13,20.03,--,61,122183,买盘
1341,10:05:08,20.03,-0.1,47,94141,卖盘
1342,10:04:58,20.13,--,115,231495,卖盘
1343,10:04:52,20.13,-0.01,11,22143,卖盘
1344,10:04:48,20.14,--,0,0,买盘
1345,10:04:43,20.14,0.01,6,12084,买盘
1346,10:04:37,20.13,--,36,72468,买盘
1347,10:04:28,20.13,--,3,6039,买盘
1348,10:04:22,20.13,-0.01,22,44286,卖盘
1349,10:04:13,20.14,0.01,5,10070,买盘
1350,10:04:07,20.13,0.07,28,56364,买盘
1351,10:03:58,20.06,--,125,250749,卖盘
1352,10:03:43,20.06,--,374,750244,买盘
1353,10:03:28,20.06,--,56,112336,买盘
1354,10:03:23,20.06,-0.02,25,50150,卖盘
1355,10:03:13,20.08,--,0,0,卖盘
1356,10:03:08,20.08,0.02,5,10040,买盘
1357,10:02:58,20.06,--,6,12036,卖盘
1358,10:02:43,20.06,0.01,6,12036,卖盘
1359,10:02:32,20.05,--,33,66165,买盘
1360,10:02:28,20.05,--,1,2005,买盘
1361,10:02:22,20.05,--,2,4010,买盘
1362,10:02:12,20.05,-0.08,65,130325,卖盘
1363,10:02:07,20.13,-0.01,2,4026,中性盘
1364,10:02:02,20.14,--,5,10070,买盘
1365,10:01:57,20.14,0.14,1,2014,买盘
1366,10:01:27,20.0,--,46,92000,买盘
1367,10:01:22,20.0,--,60,120000,买盘
1368,10:01:17,20.0,--,24,48000,买盘
1369,10:01:12,20.0,-0.15,62,124000,卖盘
1370,10:01:07,20.15,0.01,4,8059,买盘
1371,10:00:52,20.14,0.03,2,4028,买盘
1372,10:00:47,20.11,0.11,2,4022,买盘
1373,10:00:22,20.0,--,49,98000,买盘
1374,10:00:16,20.0,--,11,22000,买盘
1375,10:00:07,20.0,0.04,16,32000,买盘
1376,09:59:46,19.96,--,1,1996,卖盘
1377,09:59:37,19.96,-0.02,1,1996,卖盘
1378,09:59:31,19.98,--,0,0,买盘
1379,09:59:22,19.98,0.05,16,31968,卖盘
1380,09:59:16,19.93,--,0,0,卖盘
1381,09:59:12,19.93,--,0,0,卖盘
1382,09:59:07,19.93,-0.05,108,215244,卖盘
1383,09:59:01,19.98,--,159,317682,买盘
1384,09:58:57,19.98,0.04,6,11988,买盘
1385,09:58:52,19.94,--,0,0,卖盘
1386,09:58:37,19.94,--,0,0,卖盘
1387,09:58:31,19.94,-0.03,37,73778,卖盘
1388,09:58:07,19.97,0.02,63,125811,买盘
1389,09:58:01,19.95,-0.02,15,29925,卖盘
1390,09:57:57,19.97,0.02,1,1997,买盘
1391,09:57:52,19.95,-0.01,7,13965,卖盘
1392,09:57:42,19.96,0.02,28,55888,买盘
1393,09:57:37,19.94,-0.01,5,9970,中性盘
1394,09:57:26,19.95,0.02,3,5985,买盘
1395,09:57:22,19.93,--,106,211258,卖盘
1396,09:57:16,19.93,-0.02,23,45839,卖盘
1397,09:57:07,19.95,0.01,183,365085,买盘
1398,09:57:01,19.94,--,1,1994,买盘
1399,09:56:57,19.94,--,6,11964,买盘
1400,09:56:46,19.94,0.01,40,79760,买盘
1401,09:56:41,19.93,-0.01,18,35874,卖盘
1402,09:56:37,19.94,--,9,17946,卖盘
1403,09:56:31,19.94,-0.01,11,21934,卖盘
1404,09:56:26,19.95,0.01,12,23940,买盘
1405,09:56:22,19.94,--,0,0,卖盘
1406,09:56:11,19.94,--,2,3988,卖盘
1407,09:56:06,19.94,--,5,9970,卖盘
1408,09:56:01,19.94,--,7,13958,卖盘
1409,09:55:56,19.94,-0.03,108,215352,卖盘
1410,09:55:46,19.97,-0.01,72,143784,卖盘
1411,09:55:36,19.98,-0.02,7,13986,卖盘
1412,09:55:26,20.0,--,16,32000,卖盘
1413,09:55:21,20.0,--,0,0,中性盘
1414,09:55:16,20.0,--,10,20000,买盘
1415,09:55:06,20.0,--,0,0,中性盘
1416,09:55:01,20.0,--,2,4000,卖盘
1417,09:54:56,20.0,--,3,6000,买盘
1418,09:54:46,20.0,--,8,16000,买盘
1419,09:54:26,20.0,-0.01,49,98000,卖盘
1420,09:54:16,20.01,0.01,5,10005,买盘
1421,09:54:01,20.0,-0.01,4,8000,卖盘
1422,09:53:56,20.01,0.01,8,16008,买盘
1423,09:53:46,20.0,--,140,280000,卖盘
1424,09:53:41,20.0,--,111,222000,卖盘
1425,09:53:31,20.0,0.03,142,284000,买盘
1426,09:53:26,19.97,-0.03,1,1997,卖盘
1427,09:53:21,20.0,--,66,132000,买盘
1428,09:53:11,20.0,--,8,16000,买盘
1429,09:53:01,20.0,--,0,0,买盘
1430,09:52:55,20.0,--,20,40000,买盘
1431,09:52:46,20.0,--,4,8000,买盘
1432,09:52:31,20.0,--,7,14000,卖盘
1433,09:52:16,20.0,--,75,150000,卖盘
1434,09:52:10,20.0,-0.08,7,14000,卖盘
1435,09:52:06,20.08,0.08,10,20080,买盘
1436,09:51:55,20.0,--,0,0,卖盘
1437,09:51:46,20.0,--,14,28000,卖盘
1438,09:51:36,20.0,--,8,16000,卖盘
1439,09:51:16,20.0,0.02,19,38000,买盘
1440,09:51:10,19.98,--,3,5994,卖盘
1441,09:51:01,19.98,-0.02,2,3996,卖盘
1442,09:50:55,20.0,0.03,130,260000,买盘
1443,09:50:51,19.97,0.01,5,9985,卖盘
1444,09:50:46,19.96,-0.04,5,9980,买盘
1445,09:50:40,20.0,--,0,0,买盘
1446,09:50:36,20.0,--,5,10000,买盘
1447,09:50:31,20.0,0.07,12,24000,买盘
1448,09:50:25,19.93,-0.07,156,310908,卖盘
1449,09:50:16,20.0,--,114,228000,卖盘
1450,09:50:06,20.0,--,8,16000,卖盘
1451,09:50:01,20.0,--,22,44000,卖盘
1452,09:49:55,20.0,--,9,18000,卖盘
1453,09:49:46,20.0,--,120,240000,卖盘
1454,09:49:40,20.0,--,1,2000,卖盘
1455,09:49:35,20.0,--,16,32000,卖盘
1456,09:49:31,20.0,0.08,212,424000,中性盘
1457,09:49:25,19.92,-0.05,310,617520,卖盘
1458,09:49:20,19.97,0.01,1,1997,中性盘
1459,09:49:16,19.96,-0.02,212,423152,卖盘
1460,09:49:10,19.98,--,73,145854,买盘
1461,09:49:05,19.98,--,21,41958,买盘
1462,09:49:00,19.98,0.02,9,17982,买盘
1463,09:48:55,19.96,-0.01,20,39920,卖盘
1464,09:48:50,19.97,-0.01,6,11982,卖盘
1465,09:48:40,19.98,--,12,23976,买盘
1466,09:48:35,19.98,--,20,39960,卖盘
1467,09:48:30,19.98,-0.02,2,3996,卖盘
1468,09:48:25,20.0,--,0,0,中性盘
1469,09:48:15,20.0,0.03,111,222000,买盘
1470,09:48:10,19.97,--,69,137793,买盘
1471,09:48:05,19.97,-0.05,51,101847,卖盘
1472,09:47:55,20.02,0.06,14,28028,买盘
1473,09:47:50,19.96,--,0,0,卖盘
1474,09:47:45,19.96,-0.04,120,239520,卖盘
1475,09:47:40,20.0,0.04,25,50000,买盘
1476,09:47:35,19.96,--,9,17964,买盘
1477,09:47:30,19.96,--,10,19960,买盘
1478,09:47:25,19.96,--,32,63872,买盘
1479,09:47:20,19.96,-0.05,148,295408,卖盘
1480,09:47:15,20.01,0.01,2,4002,卖盘
1481,09:47:10,20.0,-0.13,360,720000,卖盘
1482,09:46:50,20.13,0.13,50,100650,中性盘
1483,09:46:45,20.0,--,0,0,卖盘
1484,09:46:40,20.0,--,4,8000,卖盘
1485,09:46:35,20.0,-0.01,105,210000,卖盘
1486,09:46:25,20.01,-0.15,120,240120,卖盘
1487,09:46:20,20.16,--,0,0,买盘
1488,09:46:04,20.16,0.01,6,12096,卖盘
1489,09:45:45,20.15,0.07,4,8059,买盘
1490,09:45:30,20.08,-0.11,63,126503,卖盘
1491,09:45:10,20.19,--,0,0,买盘
1492,09:45:04,20.19,--,0,0,买盘
1493,09:45:00,20.19,0.09,2,4038,买盘
1494,09:44:40,20.1,--,0,0,卖盘
1495,09:44:30,20.1,--,35,71415,买盘
1496,09:44:25,20.1,--,10,20100,买盘
1497,09:44:19,20.1,-0.01,5,10050,买盘
1498,09:44:10,20.11,-0.04,96,194001,卖盘
1499,09:44:04,20.15,0.04,101,203515,买盘
1500,09:44:00,20.11,-0.04,10,20110,卖盘
1501,09:43:55,20.15,0.04,1,2014,买盘
1502,09:43:40,20.11,0.03,32,65417,买盘
1503,09:43:34,20.08,-0.03,1,2007,卖盘
1504,09:43:25,20.11,--,27,54297,买盘
1505,09:43:14,20.11,0.03,3,6033,买盘
1506,09:43:09,20.08,-0.03,4,8031,卖盘
1507,09:43:04,20.11,--,1,2011,买盘
1508,09:42:34,20.11,0.03,8,16088,买盘
1509,09:42:29,20.08,--,1,2007,卖盘
1510,09:42:14,20.08,--,2,4015,卖盘
1511,09:42:09,20.08,0.03,1,2007,中性盘
1512,09:42:04,20.05,-0.05,1,2005,卖盘
1513,09:41:59,20.1,--,16,32160,买盘
1514,09:41:54,20.1,--,0,0,买盘
1515,09:41:49,20.1,--,52,105464,买盘
1516,09:41:29,20.1,--,118,237180,买盘
1517,09:41:19,20.1,0.04,27,54270,卖盘
1518,09:41:04,20.06,--,0,0,卖盘
1519,09:40:59,20.06,-0.04,88,176528,卖盘
1520,09:40:39,20.1,-0.1,50,100500,卖盘
1521,09:40:29,20.2,0.1,30,60600,买盘
1522,09:40:24,20.1,--,0,0,卖盘
1523,09:40:09,20.1,-0.09,6,12060,卖盘
1524,09:39:59,20.19,0.13,1,2019,买盘
1525,09:39:49,20.06,--,0,0,卖盘
1526,09:39:44,20.06,0.06,38,77291,买盘
1527,09:39:39,20.0,-0.05,125,250000,卖盘
1528,09:39:34,20.05,-0.01,8,16040,卖盘
1529,09:39:29,20.06,--,12,24072,买盘
1530,09:39:13,20.06,--,2,4954,卖盘
1531,09:39:09,20.06,--,15,30089,卖盘
1532,09:39:04,20.06,--,18,37171,买盘
1533,09:38:58,20.06,-0.03,26,52156,买盘
1534,09:38:43,20.09,-0.02,57,115457,卖盘
1535,09:38:39,20.11,--,0,0,卖盘
1536,09:38:34,20.11,-0.04,21,42231,卖盘
1537,09:38:28,20.15,--,25,50375,买盘
1538,09:38:04,20.15,0.04,2,4029,买盘
1539,09:37:58,20.11,-0.04,100,201100,卖盘
1540,09:37:49,20.15,0.04,3,6045,买盘
1541,09:37:43,20.11,--,4,8044,卖盘
1542,09:37:39,20.11,0.01,0,1065,卖盘
1543,09:37:34,20.1,--,8,16080,卖盘
1544,09:37:28,20.1,0.09,4,8040,买盘
1545,09:37:18,20.01,-0.02,3,6003,卖盘
1546,09:37:13,20.03,-0.04,225,450675,卖盘
1547,09:37:09,20.07,-0.03,8,16056,中性盘
1548,09:37:03,20.1,0.07,71,142710,买盘
1549,09:36:58,20.03,0.02,5,10015,买盘
1550,09:36:54,20.01,--,0,0,卖盘
1551,09:36:49,20.01,0.01,15,30015,卖盘
1552,09:36:43,20.0,-0.01,245,490000,卖盘
1553,09:36:33,20.01,0.01,2,4002,卖盘
1554,09:36:28,20.0,--,0,0,卖盘
1555,09:36:18,20.0,--,128,256000,卖盘
1556,09:36:13,20.0,--,7,14000,卖盘
1557,09:35:58,20.0,--,100,200000,卖盘
1558,09:35:53,20.0,0.01,435,870000,买盘
1559,09:35:48,19.99,--,2,3997,买盘
1560,09:35:43,19.99,--,94,187905,卖盘
1561,09:35:28,19.99,-0.01,104,207895,卖盘
1562,09:35:18,20.0,--,3,6000,卖盘
1563,09:35:13,20.0,0.11,141,282000,买盘
1564,09:35:08,19.89,0.02,5,9945,卖盘
1565,09:34:58,19.87,--,0,0,卖盘
1566,09:34:53,19.87,--,78,154986,卖盘
1567,09:34:42,19.87,-0.02,106,210622,卖盘
1568,09:34:38,19.89,--,19,37791,卖盘
1569,09:34:33,19.89,-0.11,35,69615,卖盘
1570,09:34:28,20.0,--,69,138000,卖盘
1571,09:34:23,20.0,0.1,398,796000,买盘
1572,09:34:18,19.9,-0.1,101,200990,卖盘
1573,09:34:08,20.0,-0.01,397,794000,卖盘
1574,09:34:03,20.01,-0.02,5,10005,卖盘
1575,09:33:58,20.03,-0.01,70,140210,中性盘
1576,09:33:53,20.04,--,118,236472,买盘
1577,09:33:43,20.04,0.01,23,46092,卖盘
1578,09:33:38,20.03,--,0,0,卖盘
1579,09:33:33,20.03,--,4,8012,卖盘
1580,09:33:28,20.03,-0.02,75,150225,卖盘
1581,09:33:23,20.05,0.02,1,2005,中性盘
1582,09:33:12,20.03,-0.01,52,104156,卖盘
1583,09:33:08,20.04,-0.02,23,46092,卖盘
1584,09:32:57,20.06,-0.04,18,36108,卖盘
1585,09:32:53,20.1,--,20,40200,买盘
1586,09:32:48,20.1,--,0,0,买盘
1587,09:32:42,20.1,0.01,20,40200,买盘
1588,09:32:38,20.09,--,3,6027,买盘
1589,09:32:33,20.09,0.01,15,30135,买盘
1590,09:32:27,20.08,--,7,14055,卖盘
1591,09:32:12,20.08,--,0,0,卖盘
1592,09:32:07,20.08,--,11,22087,买盘
1593,09:32:02,20.08,-0.02,21,42168,卖盘
1594,09:31:58,20.1,0.03,691,1388910,中性盘
1595,09:31:52,20.07,--,0,0,卖盘
1596,09:31:43,20.07,-0.11,3,6021,卖盘
1597,09:31:37,20.18,0.11,120,242160,买盘
1598,09:31:32,20.07,--,75,150525,买盘
1599,09:31:27,20.07,0.19,51,102357,买盘
1600,09:31:17,19.88,-0.02,17,33796,卖盘
1601,09:31:13,19.9,0.04,16,31839,中性盘
1602,09:31:07,19.86,--,11,21846,卖盘
1603,09:31:02,19.86,--,0,0,卖盘
1604,09:30:58,19.86,--,0,0,卖盘
1605,09:30:52,19.86,-0.05,4,7944,卖盘
1606,09:30:47,19.91,--,9,17919,卖盘
1607,09:30:42,19.91,-0.07,7,13937,卖盘
1608,09:30:37,19.98,-0.02,25,49950,卖盘
1609,09:30:27,20.0,--,0,0,买盘
1610,09:30:22,20.0,-0.06,3020,6040000,卖盘
1611,09:30:12,20.06,-0.05,53,106318,卖盘
1612,09:30:07,20.11,0.01,573,1152303,中性盘
1613,09:30:02,20.1,--,70,140700,卖盘
1614,09:28:54,20.1,--,0,0,卖盘
1615,09:25:06,20.1,20.1,212,426120,买盘
