,time,price,change,volume,amount,type
0,15:00:00,3.6,--,0,0,买盘
1,15:00:00,3.6,--,0,0,买盘
2,15:00:00,3.6,0.01,2147,772920,买盘
3,14:59:56,3.59,--,1712,614608,卖盘
4,14:59:50,3.59,-0.01,2697,968223,卖盘
5,14:59:46,3.6,--,3300,1188000,买盘
6,14:59:41,3.6,--,3389,1220040,买盘
7,14:59:35,3.6,0.01,935,336600,买盘
8,14:59:31,3.59,-0.01,3857,1384663,卖盘
9,14:59:26,3.6,0.01,2239,806040,买盘
10,14:59:21,3.59,0.01,3322,1192598,中性盘
11,14:59:16,3.58,-0.01,2325,832350,卖盘
12,14:59:11,3.59,--,17,6103,买盘
13,14:59:05,3.59,0.01,2200,789800,买盘
14,14:59:01,3.58,-0.01,94,33652,卖盘
15,14:58:56,3.59,--,88,31592,买盘
16,14:58:50,3.59,--,72,25848,买盘
17,14:58:40,3.59,--,149,53491,卖盘
18,14:58:35,3.59,--,1942,697178,卖盘
19,14:58:31,3.59,--,89,31951,卖盘
20,14:58:26,3.59,-0.01,83,29797,卖盘
21,14:58:20,3.6,0.01,50,18000,买盘
22,14:58:16,3.59,--,40,14360,卖盘
23,14:58:11,3.59,-0.01,1972,707948,卖盘
24,14:58:05,3.6,--,1,360,买盘
25,14:58:01,3.6,--,408,146880,买盘
26,14:57:56,3.6,0.01,1142,411120,买盘
27,14:57:51,3.59,--,203,72877,卖盘
28,14:57:46,3.59,--,1370,491891,买盘
29,14:57:40,3.59,0.01,1000,359000,买盘
30,14:57:31,3.58,-0.01,1952,698816,卖盘
31,14:57:26,3.59,--,2152,772568,买盘
32,14:57:16,3.59,--,1904,683536,买盘
33,14:57:01,3.59,--,208,74672,买盘
34,14:56:56,3.59,--,93,33387,买盘
35,14:56:46,3.59,--,271,97289,买盘
36,14:56:40,3.59,0.01,457,164063,买盘
37,14:56:31,3.58,--,18,6444,卖盘
38,14:56:25,3.58,--,714,255612,卖盘
39,14:56:20,3.58,--,6,2148,卖盘
40,14:56:16,3.58,-0.01,95,34010,卖盘
41,14:56:10,3.59,--,335,120265,买盘
42,14:56:05,3.59,0.01,46,16514,买盘
43,14:55:59,3.58,-0.01,10,3580,卖盘
44,14:55:55,3.59,--,1116,400644,买盘
45,14:55:50,3.59,--,330,118470,买盘
46,14:55:44,3.59,0.01,400,143600,买盘
47,14:55:40,3.58,-0.01,566,202628,卖盘
48,14:55:35,3.59,--,275,98725,买盘
49,14:55:25,3.59,--,3999,1435641,买盘
50,14:55:20,3.59,--,380,136420,买盘
51,14:55:14,3.59,0.01,209,75031,买盘
52,14:55:10,3.58,-0.01,458,163964,卖盘
53,14:55:05,3.59,--,35,12565,买盘
54,14:54:55,3.59,0.01,314,112726,买盘
55,14:54:50,3.58,--,343,122794,卖盘
56,14:54:40,3.58,--,19,6802,卖盘
57,14:54:30,3.58,-0.01,10,3580,卖盘
58,14:54:21,3.59,--,622,223298,买盘
59,14:54:15,3.59,0.01,111,39849,买盘
60,14:54:10,3.58,--,548,196184,卖盘
61,14:54:05,3.58,-0.01,50,17900,卖盘
62,14:54:00,3.59,0.01,297,106623,买盘
63,14:53:55,3.58,--,2977,1065766,卖盘
64,14:53:44,3.58,-0.01,20,7160,卖盘
65,14:53:40,3.59,0.01,545,195655,买盘
66,14:53:34,3.58,--,295,105610,卖盘
67,14:53:25,3.58,-0.01,7,2506,卖盘
68,14:53:20,3.59,--,6,2154,买盘
69,14:53:10,3.59,0.01,377,135343,买盘
70,14:52:55,3.58,--,2,716,卖盘
71,14:52:50,3.58,--,238,85204,卖盘
72,14:52:40,3.58,-0.01,496,177568,卖盘
73,14:52:34,3.59,--,28,10052,买盘
74,14:52:30,3.59,0.01,312,112008,买盘
75,14:52:25,3.58,--,38,13604,卖盘
76,14:52:20,3.58,--,5,1790,卖盘
77,14:52:14,3.58,--,140,50120,卖盘
78,14:52:10,3.58,-0.01,8,2864,卖盘
79,14:52:05,3.59,0.01,242,86878,买盘
80,14:51:59,3.58,-0.01,40,14320,卖盘
81,14:51:55,3.59,--,23,8257,买盘
82,14:51:50,3.59,--,11,3949,买盘
83,14:51:40,3.59,0.01,401,143959,买盘
84,14:51:30,3.58,-0.01,107,38470,卖盘
85,14:51:25,3.59,0.01,5,1795,买盘
86,14:51:20,3.58,--,419,150002,卖盘
87,14:51:10,3.58,-0.01,712,254896,卖盘
88,14:51:05,3.59,0.01,116,41644,买盘
89,14:50:55,3.58,--,318,113844,卖盘
90,14:50:50,3.58,--,304,109011,卖盘
91,14:50:44,3.58,-0.01,5,1790,卖盘
92,14:50:40,3.59,0.01,8,2872,买盘
93,14:50:34,3.58,-0.01,19,7109,卖盘
94,14:50:28,3.59,--,312,112008,买盘
95,14:50:25,3.59,--,3,1077,买盘
96,14:50:19,3.59,--,14,5026,买盘
97,14:50:14,3.59,--,325,116675,买盘
98,14:50:04,3.59,--,8,2872,买盘
99,14:49:55,3.59,--,201,72159,买盘
100,14:49:49,3.59,--,580,208220,买盘
101,14:49:39,3.59,0.01,431,154729,买盘
102,14:49:34,3.58,-0.01,208,74464,卖盘
103,14:49:29,3.59,--,10,3590,买盘
104,14:49:19,3.59,--,206,73954,买盘
105,14:49:13,3.59,0.01,956,343204,买盘
106,14:49:09,3.58,--,61,21838,卖盘
107,14:49:04,3.58,-0.01,108,38664,卖盘
108,14:48:58,3.59,--,197,70723,买盘
109,14:48:54,3.59,0.01,20,7180,买盘
110,14:48:49,3.58,-0.01,368,131744,卖盘
111,14:48:45,3.59,0.01,59,21181,买盘
112,14:48:34,3.58,-0.01,62,22196,卖盘
113,14:48:28,3.59,--,7,2513,买盘
114,14:48:24,3.59,--,300,107700,买盘
115,14:48:19,3.59,--,2239,804098,卖盘
116,14:48:14,3.59,--,1096,393464,卖盘
117,14:48:08,3.59,--,17,6103,卖盘
118,14:48:04,3.59,-0.01,41,14719,卖盘
119,14:47:59,3.6,0.01,787,283381,买盘
120,14:47:49,3.59,--,18,6462,买盘
121,14:47:34,3.59,--,266,95791,卖盘
122,14:47:29,3.59,-0.01,584,209656,卖盘
123,14:47:24,3.6,0.01,1284,462240,买盘
124,14:47:19,3.59,--,13552,4865229,买盘
125,14:47:14,3.59,--,244,87596,买盘
126,14:47:04,3.59,0.01,218,78262,买盘
127,14:46:59,3.58,-0.01,23,8234,卖盘
128,14:46:52,3.59,0.01,206,73954,买盘
129,14:46:49,3.58,-0.01,362,129596,卖盘
130,14:46:45,3.59,0.01,209,75031,买盘
131,14:46:34,3.58,-0.01,209,74822,卖盘
132,14:46:29,3.59,--,240,86160,买盘
133,14:46:23,3.59,--,229,82211,买盘
134,14:46:19,3.59,--,266,95494,买盘
135,14:46:13,3.59,0.01,207,74313,买盘
136,14:46:04,3.58,-0.01,284,101672,卖盘
137,14:45:58,3.59,--,1920,689280,买盘
138,14:45:49,3.59,--,225,80775,买盘
139,14:45:43,3.59,--,349,125291,买盘
140,14:45:38,3.59,0.01,208,74672,买盘
141,14:45:34,3.58,-0.01,5,1790,卖盘
142,14:45:28,3.59,--,215,77185,买盘
143,14:45:23,3.59,--,6,2154,买盘
144,14:45:19,3.59,--,359,128881,买盘
145,14:45:13,3.59,--,303,108777,买盘
146,14:45:04,3.59,--,210,75390,买盘
147,14:44:52,3.59,--,500,179500,买盘
148,14:44:49,3.59,--,10,3590,买盘
149,14:44:43,3.59,0.01,456,163704,买盘
150,14:44:34,3.58,-0.01,218,78044,卖盘
151,14:44:28,3.59,--,10,3590,买盘
152,14:44:23,3.59,--,330,118470,买盘
153,14:44:19,3.59,--,109,39131,买盘
154,14:44:13,3.59,0.01,209,75031,买盘
155,14:44:04,3.58,-0.01,228,81624,卖盘
156,14:43:58,3.59,--,1400,502600,买盘
157,14:43:49,3.59,0.01,408,146472,买盘
158,14:43:44,3.58,--,979,350482,卖盘
159,14:43:38,3.58,--,492,176136,卖盘
160,14:43:34,3.58,--,355,127090,卖盘
161,14:43:28,3.58,--,587,210146,卖盘
162,14:43:19,3.58,-0.01,339,121362,卖盘
163,14:43:13,3.59,0.01,745,267455,买盘
164,14:43:07,3.58,-0.01,412,147496,卖盘
165,14:43:03,3.59,0.01,236,84724,买盘
166,14:42:58,3.58,-0.01,248,88784,卖盘
167,14:42:53,3.59,--,755,271045,买盘
168,14:42:47,3.59,--,324,116316,买盘
169,14:42:43,3.59,0.01,462,165858,买盘
170,14:42:38,3.58,-0.01,249,89142,卖盘
171,14:42:33,3.59,0.01,341,122419,买盘
172,14:42:28,3.58,--,570,204060,卖盘
173,14:42:23,3.58,-0.01,749,268142,卖盘
174,14:42:17,3.59,0.01,119,42721,买盘
175,14:42:13,3.58,--,680,243440,卖盘
176,14:42:07,3.58,--,249,89142,卖盘
177,14:42:02,3.58,--,570,204060,卖盘
178,14:41:58,3.58,-0.01,412,147496,卖盘
179,14:41:52,3.59,0.01,397,142523,买盘
180,14:41:47,3.58,-0.01,201,71958,卖盘
181,14:41:43,3.59,0.01,581,208579,买盘
182,14:41:38,3.58,-0.01,197,70526,卖盘
183,14:41:32,3.59,0.01,218,78262,买盘
184,14:41:28,3.58,--,330,118140,卖盘
185,14:41:23,3.58,--,206,73748,卖盘
186,14:41:17,3.58,--,207,74106,卖盘
187,14:41:13,3.58,-0.01,334,119572,卖盘
188,14:41:08,3.59,0.01,507,182013,买盘
189,14:41:03,3.58,--,300,107400,卖盘
190,14:40:58,3.58,--,201,71958,卖盘
191,14:40:53,3.58,--,430,153940,卖盘
192,14:40:47,3.58,-0.01,785,281030,卖盘
193,14:40:43,3.59,0.01,522,187398,买盘
194,14:40:38,3.58,--,169,60502,卖盘
195,14:40:32,3.58,--,171,61218,卖盘
196,14:40:28,3.58,--,443,158594,卖盘
197,14:40:22,3.58,--,331,118498,卖盘
198,14:40:18,3.58,-0.01,93,33294,卖盘
199,14:40:13,3.59,--,933,334947,买盘
200,14:40:08,3.59,--,1244,446596,买盘
201,14:40:03,3.59,--,125,44875,买盘
202,14:39:58,3.59,--,425,152575,买盘
203,14:39:52,3.59,0.01,251,90109,买盘
204,14:39:48,3.58,--,211,75538,卖盘
205,14:39:43,3.58,--,294,105252,卖盘
206,14:39:38,3.58,--,564,201912,卖盘
207,14:39:33,3.58,--,279,99882,卖盘
208,14:39:28,3.58,--,369,132102,卖盘
209,14:39:23,3.58,--,436,156088,卖盘
210,14:39:16,3.58,--,151,54058,卖盘
211,14:39:13,3.58,--,229,81982,卖盘
212,14:39:07,3.58,--,684,244872,卖盘
213,14:39:03,3.58,--,112,40096,卖盘
214,14:38:58,3.58,--,362,129596,卖盘
215,14:38:52,3.58,--,502,179716,卖盘
216,14:38:48,3.58,--,195,69810,卖盘
217,14:38:43,3.58,-0.01,1059,379122,卖盘
218,14:38:37,3.59,0.01,419,150421,买盘
219,14:38:32,3.58,--,7,2506,卖盘
220,14:38:28,3.58,--,216,77328,卖盘
221,14:38:17,3.58,-0.01,78,27924,卖盘
222,14:38:13,3.59,--,432,155088,买盘
223,14:38:07,3.59,0.01,622,223298,买盘
224,14:38:03,3.58,-0.01,320,114560,卖盘
225,14:37:58,3.59,0.01,402,144318,买盘
226,14:37:52,3.58,--,239,85562,卖盘
227,14:37:47,3.58,--,263,94154,卖盘
228,14:37:43,3.58,-0.01,132,47256,卖盘
229,14:37:37,3.59,0.01,536,192424,买盘
230,14:37:32,3.58,--,926,331508,卖盘
231,14:37:28,3.58,--,270,96660,卖盘
232,14:37:23,3.58,--,1736,621488,卖盘
233,14:37:16,3.58,--,140,50120,卖盘
234,14:37:13,3.58,--,645,230910,卖盘
235,14:37:08,3.58,--,499,178642,卖盘
236,14:37:02,3.58,--,86,30788,卖盘
237,14:36:58,3.58,--,332,118856,卖盘
238,14:36:53,3.58,--,517,185086,卖盘
239,14:36:46,3.58,--,392,140336,卖盘
240,14:36:43,3.58,--,477,170766,卖盘
241,14:36:37,3.58,-0.01,363,129954,卖盘
242,14:36:31,3.59,0.01,533,191347,买盘
243,14:36:26,3.58,--,101,36158,卖盘
244,14:36:22,3.58,--,331,118498,卖盘
245,14:36:17,3.58,-0.01,241,86278,卖盘
246,14:36:12,3.59,0.01,205,73595,买盘
247,14:36:07,3.58,-0.01,105,37590,卖盘
248,14:36:03,3.59,--,45,16155,买盘
249,14:35:57,3.59,-0.01,198,71082,卖盘
250,14:35:52,3.6,0.01,1764,635040,买盘
251,14:35:46,3.59,--,992,356128,卖盘
252,14:35:41,3.59,--,372,133548,卖盘
253,14:35:38,3.59,--,925,332075,卖盘
254,14:35:31,3.59,--,305,109495,卖盘
255,14:35:26,3.59,--,929,333511,卖盘
256,14:35:22,3.59,--,896,321664,卖盘
257,14:35:16,3.59,--,35,12565,卖盘
258,14:35:11,3.59,--,481,172679,卖盘
259,14:35:07,3.59,--,477,171243,卖盘
260,14:35:01,3.59,-0.01,336,120624,卖盘
261,14:34:52,3.6,--,181,65160,买盘
262,14:34:46,3.6,0.01,140,50400,买盘
263,14:34:41,3.59,-0.01,119,42721,卖盘
264,14:34:37,3.6,--,542,195120,买盘
265,14:34:32,3.6,0.01,1898,683280,买盘
266,14:34:22,3.59,--,156,56004,卖盘
267,14:34:16,3.59,--,417,149703,卖盘
268,14:34:07,3.59,--,380,136420,卖盘
269,14:34:02,3.59,--,686,246274,卖盘
270,14:33:56,3.59,--,297,106623,卖盘
271,14:33:52,3.59,-0.01,125,44875,卖盘
272,14:33:47,3.6,0.01,238,85680,买盘
273,14:33:42,3.59,-0.01,169,60671,卖盘
274,14:33:37,3.6,0.01,635,228600,买盘
275,14:33:32,3.59,--,540,193860,卖盘
276,14:33:26,3.59,--,352,126368,卖盘
277,14:33:22,3.59,-0.01,353,126727,卖盘
278,14:33:16,3.6,0.01,647,232920,买盘
279,14:33:11,3.59,-0.01,22,7898,卖盘
280,14:33:07,3.6,--,133,47880,买盘
281,14:32:56,3.6,0.01,6,2160,买盘
282,14:32:52,3.59,--,522,187398,卖盘
283,14:32:46,3.59,--,243,87237,卖盘
284,14:32:41,3.59,--,51,18309,卖盘
285,14:32:37,3.59,--,52,18668,卖盘
286,14:32:32,3.59,-0.01,358,128522,卖盘
287,14:32:22,3.6,0.01,652,234720,买盘
288,14:32:11,3.59,--,20,7180,卖盘
289,14:32:07,3.59,--,598,214682,卖盘
290,14:32:01,3.59,--,50,17950,卖盘
291,14:31:52,3.59,-0.01,130,46670,卖盘
292,14:31:46,3.6,--,196,70560,买盘
293,14:31:40,3.6,--,1,360,买盘
294,14:31:37,3.6,0.01,543,195480,买盘
295,14:31:31,3.59,--,47,16873,卖盘
296,14:31:27,3.59,-0.01,5,1795,卖盘
297,14:31:22,3.6,--,62,22320,买盘
298,14:31:16,3.6,0.01,644,231840,买盘
299,14:31:07,3.59,-0.01,6,2154,卖盘
300,14:31:01,3.6,--,87,31320,买盘
301,14:30:52,3.6,--,152,54720,买盘
302,14:30:46,3.6,0.01,371,133560,买盘
303,14:30:40,3.59,--,145,52055,卖盘
304,14:30:37,3.59,--,189,67851,卖盘
305,14:30:31,3.59,-0.01,617,221503,卖盘
306,14:30:25,3.6,--,343,123480,买盘
307,14:30:22,3.6,--,80,28800,买盘
308,14:30:16,3.6,0.01,103,37080,买盘
309,14:30:11,3.59,--,365,131035,卖盘
310,14:30:04,3.59,--,100,35900,卖盘
311,14:30:01,3.59,--,102,36618,卖盘
312,14:29:55,3.59,--,445,159755,卖盘
313,14:29:49,3.59,-0.01,820,294380,卖盘
314,14:29:46,3.6,0.01,331,119160,买盘
315,14:29:40,3.59,--,266,95494,卖盘
316,14:29:36,3.59,--,8,2872,卖盘
317,14:29:31,3.59,--,533,191347,卖盘
318,14:29:25,3.59,-0.01,294,105546,卖盘
319,14:29:19,3.6,0.01,51,18360,买盘
320,14:29:16,3.59,--,542,194578,卖盘
321,14:29:10,3.59,--,233,83647,卖盘
322,14:29:05,3.59,-0.01,8,2872,卖盘
323,14:29:01,3.6,0.01,41,14760,买盘
324,14:28:55,3.59,--,2995,1075205,卖盘
325,14:28:50,3.59,--,42,15078,卖盘
326,14:28:46,3.59,--,11,3949,卖盘
327,14:28:40,3.59,--,404,145036,卖盘
328,14:28:35,3.59,--,3236,1161724,卖盘
329,14:28:31,3.59,--,625,224375,卖盘
330,14:28:26,3.59,--,271,97289,卖盘
331,14:28:21,3.59,--,63,22617,卖盘
332,14:28:16,3.59,--,1072,384848,卖盘
333,14:28:10,3.59,--,495,177705,卖盘
334,14:28:05,3.59,--,494,177346,卖盘
335,14:28:01,3.59,--,325,116675,卖盘
336,14:27:55,3.59,-0.01,119,42721,卖盘
337,14:27:46,3.6,--,1405,505800,买盘
338,14:27:40,3.6,0.01,306,110160,买盘
339,14:27:36,3.59,--,253,90827,卖盘
340,14:27:31,3.59,-0.01,62,22258,卖盘
341,14:27:26,3.6,0.01,540,194400,买盘
342,14:27:20,3.59,-0.01,300,107700,卖盘
343,14:27:16,3.6,0.01,418,150480,买盘
344,14:27:11,3.59,--,2149,771491,卖盘
345,14:27:05,3.59,--,8,2872,卖盘
346,14:27:01,3.59,--,5,1795,卖盘
347,14:26:55,3.59,--,2589,929451,卖盘
348,14:26:49,3.59,--,16,5744,卖盘
349,14:26:46,3.59,-0.01,573,205707,卖盘
350,14:26:40,3.6,--,402,144720,买盘
351,14:26:31,3.6,0.01,219,78840,买盘
352,14:26:26,3.59,-0.01,349,125291,卖盘
353,14:26:16,3.6,--,192,69120,买盘
354,14:26:10,3.6,--,3624,1304640,买盘
355,14:26:05,3.6,0.01,24,8640,买盘
356,14:26:01,3.59,-0.01,358,128522,卖盘
357,14:25:56,3.6,0.01,41,14760,买盘
358,14:25:49,3.59,-0.01,70,25130,卖盘
359,14:25:40,3.6,0.01,225,81000,买盘
360,14:25:35,3.59,-0.01,1618,580862,卖盘
361,14:25:31,3.6,0.01,35,12600,买盘
362,14:25:25,3.59,-0.01,400,143600,卖盘
363,14:25:20,3.6,0.01,344,123840,买盘
364,14:25:11,3.59,--,109,39131,卖盘
365,14:25:06,3.59,-0.01,135,48465,卖盘
366,14:25:01,3.6,0.01,220,79200,买盘
367,14:24:56,3.59,--,1774,636866,卖盘
368,14:24:46,3.59,--,59,21181,卖盘
369,14:24:35,3.59,--,8,2872,卖盘
370,14:24:31,3.59,-0.01,1018,365462,卖盘
371,14:24:20,3.6,--,320,115200,买盘
372,14:24:16,3.6,0.01,29,10440,买盘
373,14:24:10,3.59,--,155,55645,卖盘
374,14:24:05,3.59,-0.01,581,208579,卖盘
375,14:24:01,3.6,--,186,66960,买盘
376,14:23:50,3.6,0.01,1,360,买盘
377,14:23:46,3.59,-0.01,506,181654,卖盘
378,14:23:40,3.6,0.01,280,100800,买盘
379,14:23:35,3.59,-0.01,658,236222,卖盘
380,14:23:25,3.6,--,56,20160,买盘
381,14:23:20,3.6,0.01,324,116640,买盘
382,14:23:10,3.59,--,30,10770,卖盘
383,14:23:05,3.59,-0.01,236,84724,卖盘
384,14:22:55,3.6,--,55,19800,买盘
385,14:22:50,3.6,0.01,56,20160,买盘
386,14:22:44,3.59,--,394,141446,卖盘
387,14:22:40,3.59,--,244,87596,卖盘
388,14:22:35,3.59,-0.01,280,100520,卖盘
389,14:22:28,3.6,0.01,20,7200,买盘
390,14:22:25,3.59,--,97,34823,卖盘
391,14:22:19,3.59,--,88,31592,卖盘
392,14:22:10,3.59,--,201,72159,卖盘
393,14:22:04,3.59,-0.01,374,134266,卖盘
394,14:22:00,3.6,0.01,259,93240,买盘
395,14:21:55,3.59,--,132,47388,卖盘
396,14:21:49,3.59,-0.01,120,43080,卖盘
397,14:21:44,3.6,0.01,239,86040,买盘
398,14:21:40,3.59,--,201,72159,卖盘
399,14:21:35,3.59,--,9,3231,卖盘
400,14:21:30,3.59,--,135,48465,卖盘
401,14:21:25,3.59,-0.01,108,38772,卖盘
402,14:21:20,3.6,--,107,38520,买盘
403,14:21:13,3.6,--,24,8640,买盘
404,14:21:10,3.6,--,358,128880,买盘
405,14:21:04,3.6,0.01,2,720,买盘
406,14:21:00,3.59,-0.01,1175,421825,卖盘
407,14:20:55,3.6,0.01,192,69120,买盘
408,14:20:49,3.59,--,175,62825,卖盘
409,14:20:43,3.59,-0.01,159,57081,卖盘
410,14:20:40,3.6,--,647,232920,买盘
411,14:20:35,3.6,--,67,24120,买盘
412,14:20:28,3.6,--,128,46080,买盘
413,14:20:25,3.6,0.01,461,165960,买盘
414,14:20:19,3.59,--,1052,377668,买盘
415,14:20:10,3.59,--,3082,1106438,买盘
416,14:20:05,3.59,--,1,359,买盘
417,14:19:55,3.59,--,613,220067,买盘
418,14:19:49,3.59,0.01,41,14719,买盘
419,14:19:43,3.58,-0.01,6,2148,卖盘
420,14:19:40,3.59,--,3,1077,买盘
421,14:19:34,3.59,--,254,91186,买盘
422,14:19:25,3.59,0.01,64,22976,买盘
423,14:19:19,3.58,--,141,50478,卖盘
424,14:19:14,3.58,-0.01,945,338310,卖盘
425,14:19:10,3.59,0.01,3,1077,买盘
426,14:19:04,3.58,--,84,30072,卖盘
427,14:18:58,3.58,-0.01,137,49046,卖盘
428,14:18:55,3.59,0.01,11,3949,买盘
429,14:18:44,3.58,-0.01,120,42960,卖盘
430,14:18:40,3.59,0.01,23,8257,买盘
431,14:18:34,3.58,-0.01,17,6086,卖盘
432,14:18:28,3.59,--,475,170525,买盘
433,14:18:25,3.59,--,67,24053,买盘
434,14:18:19,3.59,--,20,7180,买盘
435,14:18:14,3.59,--,1,359,买盘
436,14:18:10,3.59,0.01,773,277507,买盘
437,14:18:04,3.58,--,454,162532,卖盘
438,14:17:59,3.58,-0.01,126,45108,卖盘
439,14:17:55,3.59,0.01,205,73595,买盘
440,14:17:50,3.58,-0.01,659,235922,卖盘
441,14:17:43,3.59,--,2,718,买盘
442,14:17:40,3.59,--,280,100520,买盘
443,14:17:34,3.59,--,919,329921,买盘
444,14:17:25,3.59,--,689,247351,卖盘
445,14:17:19,3.59,--,1486,533474,卖盘
446,14:17:13,3.59,--,135,48465,卖盘
447,14:17:08,3.59,-0.01,122,43798,卖盘
448,14:17:04,3.6,0.01,591,212760,买盘
449,14:16:59,3.59,-0.01,362,129958,卖盘
450,14:16:53,3.6,0.01,535,192600,买盘
451,14:16:49,3.59,--,19,6821,卖盘
452,14:16:45,3.59,-0.01,29,10411,卖盘
453,14:16:39,3.6,0.01,1,360,买盘
454,14:16:34,3.59,--,437,156883,卖盘
455,14:16:29,3.59,--,904,324536,卖盘
456,14:16:23,3.59,--,125,44875,卖盘
457,14:16:19,3.59,--,27,9693,卖盘
458,14:16:15,3.59,--,321,115239,卖盘
459,14:16:08,3.59,--,100,35900,卖盘
460,14:16:04,3.59,--,135,48465,买盘
461,14:15:58,3.59,--,189,67851,买盘
462,14:15:53,3.59,0.01,5100,1830900,买盘
463,14:15:49,3.58,-0.01,1445,517310,卖盘
464,14:15:43,3.59,0.01,12,4308,买盘
465,14:15:38,3.58,-0.01,220,78760,卖盘
466,14:15:34,3.59,--,117,42003,买盘
467,14:15:28,3.59,--,1371,492189,买盘
468,14:15:19,3.59,--,79,28361,买盘
469,14:15:13,3.59,--,38,13642,买盘
470,14:15:08,3.59,--,359,128881,买盘
471,14:15:04,3.59,0.01,406,145754,买盘
472,14:14:58,3.58,-0.01,3205,1147390,卖盘
473,14:14:49,3.59,--,2541,912219,买盘
474,14:14:43,3.59,--,555,199245,买盘
475,14:14:37,3.59,--,52,18668,买盘
476,14:14:34,3.59,--,10,3590,买盘
477,14:14:29,3.59,--,9255,3322545,买盘
478,14:14:23,3.59,--,22,7898,买盘
479,14:14:19,3.59,--,873,313407,买盘
480,14:14:13,3.59,--,619,222221,买盘
481,14:14:08,3.59,--,22,7898,买盘
482,14:14:04,3.59,--,505,181295,买盘
483,14:13:59,3.59,--,521,187039,买盘
484,14:13:53,3.59,--,40,14360,买盘
485,14:13:49,3.59,--,61,21899,买盘
486,14:13:43,3.59,0.01,1063,381617,买盘
487,14:13:38,3.58,-0.01,3,1074,卖盘
488,14:13:34,3.59,--,417,149703,买盘
489,14:13:28,3.59,--,37,13283,买盘
490,14:13:23,3.59,--,328,117752,买盘
491,14:13:19,3.59,--,5417,1944703,买盘
492,14:13:13,3.59,0.01,220,78980,买盘
493,14:13:08,3.58,--,120,42960,卖盘
494,14:13:04,3.58,--,5245,1878064,买盘
495,14:12:58,3.58,--,10436,3736088,买盘
496,14:12:52,3.58,--,18,6444,买盘
497,14:12:49,3.58,--,626,224108,买盘
498,14:12:43,3.58,--,909,325422,买盘
499,14:12:37,3.58,0.01,2,716,买盘
500,14:12:34,3.57,-0.01,1602,571914,卖盘
501,14:12:28,3.58,--,762,272796,买盘
502,14:12:19,3.58,--,2207,790106,买盘
503,14:12:13,3.58,--,374,133892,买盘
504,14:12:07,3.58,--,342,122436,买盘
505,14:12:04,3.58,0.01,7,2506,买盘
506,14:11:58,3.57,-0.01,138,49266,卖盘
507,14:11:52,3.58,--,155,55490,买盘
508,14:11:49,3.58,0.01,604,216232,买盘
509,14:11:43,3.57,-0.01,15,5355,卖盘
510,14:11:39,3.58,--,1,358,买盘
511,14:11:34,3.58,--,851,304658,买盘
512,14:11:28,3.58,--,716,256328,买盘
513,14:11:19,3.58,--,834,298572,买盘
514,14:11:13,3.58,--,90,32220,买盘
515,14:11:08,3.58,--,196,70168,买盘
516,14:11:04,3.58,--,325,116350,买盘
517,14:10:58,3.58,--,2,716,买盘
518,14:10:52,3.58,0.01,365,130670,买盘
519,14:10:46,3.57,-0.01,50,17850,卖盘
520,14:10:44,3.58,0.01,18,6444,买盘
521,14:10:37,3.57,-0.01,8,2856,卖盘
522,14:10:31,3.58,--,334,119572,买盘
523,14:10:28,3.58,--,49,17542,买盘
524,14:10:22,3.58,--,228,81624,买盘
525,14:10:13,3.58,--,127,45466,买盘
526,14:10:07,3.58,0.01,548,196184,买盘
527,14:09:53,3.57,--,663,236691,卖盘
528,14:09:46,3.57,-0.01,126,44982,卖盘
529,14:09:43,3.58,0.01,394,141052,买盘
530,14:09:37,3.57,-0.01,213,76041,卖盘
531,14:09:33,3.58,--,10,3580,买盘
532,14:09:28,3.58,--,291,104178,买盘
533,14:09:22,3.58,0.01,985,352630,买盘
534,14:09:16,3.57,-0.01,21,7497,卖盘
535,14:09:13,3.58,--,298,106684,买盘
536,14:09:07,3.58,--,220,78760,买盘
537,14:09:01,3.58,--,1083,387714,买盘
538,14:08:52,3.58,--,208,74464,买盘
539,14:08:46,3.58,0.01,27,9666,买盘
540,14:08:37,3.57,--,8,2856,卖盘
541,14:08:31,3.57,-0.01,9,3213,卖盘
542,14:08:28,3.58,--,193,69094,买盘
543,14:08:22,3.58,0.01,258,92364,买盘
544,14:08:16,3.57,-0.01,327,116739,卖盘
545,14:08:13,3.58,--,178,63724,买盘
546,14:08:07,3.58,--,879,314682,买盘
547,14:08:01,3.58,--,134,47972,买盘
548,14:07:58,3.58,0.01,196,70168,买盘
549,14:07:52,3.57,--,149,53193,卖盘
550,14:07:46,3.57,--,15,5355,卖盘
551,14:07:43,3.57,--,243,86751,卖盘
552,14:07:32,3.57,-0.01,8,2856,卖盘
553,14:07:27,3.58,--,763,273154,买盘
554,14:07:13,3.58,--,10,3580,买盘
555,14:07:07,3.58,--,24,8592,买盘
556,14:07:01,3.58,--,44,15752,买盘
557,14:06:58,3.58,0.01,36,12888,买盘
558,14:06:51,3.57,-0.01,28,9996,卖盘
559,14:06:43,3.58,--,786,281388,买盘
560,14:06:31,3.58,--,66,23628,买盘
561,14:06:28,3.58,0.01,301,107758,买盘
562,14:06:22,3.57,-0.01,33,11781,卖盘
563,14:06:17,3.58,0.01,252,90216,买盘
564,14:06:13,3.57,--,156,55692,卖盘
565,14:06:07,3.57,-0.01,137,48909,卖盘
566,14:05:58,3.58,--,1,358,买盘
567,14:05:52,3.58,--,354,126732,买盘
568,14:05:46,3.58,0.01,135,48330,买盘
569,14:05:43,3.57,-0.01,43,15351,卖盘
570,14:05:37,3.58,0.01,350,125300,买盘
571,14:05:31,3.57,-0.01,7,2499,卖盘
572,14:05:28,3.58,0.01,578,206924,买盘
573,14:05:22,3.57,-0.01,172,61404,卖盘
574,14:05:17,3.58,0.01,863,308954,买盘
575,14:05:13,3.57,-0.01,246,87822,卖盘
576,14:05:07,3.58,0.01,38,13604,买盘
577,14:05:01,3.57,-0.01,15,5355,卖盘
578,14:04:58,3.58,--,7,2649,买盘
579,14:04:52,3.58,--,70,25060,买盘
580,14:04:43,3.58,--,40,14320,买盘
581,14:04:37,3.58,0.01,68,24344,买盘
582,14:04:33,3.57,-0.01,22,7854,卖盘
583,14:04:28,3.58,--,682,244156,买盘
584,14:04:13,3.58,--,408,146064,买盘
585,14:04:07,3.58,--,195,69810,买盘
586,14:04:01,3.58,0.01,12,4296,买盘
587,14:03:56,3.57,--,160,57120,卖盘
588,14:03:52,3.57,-0.01,916,327012,卖盘
589,14:03:47,3.58,--,1043,373394,买盘
590,14:03:37,3.58,0.01,719,257402,买盘
591,14:03:31,3.57,-0.01,18,6426,卖盘
592,14:03:22,3.58,--,249,89142,买盘
593,14:03:10,3.58,--,26,9308,买盘
594,14:03:07,3.58,--,968,346544,买盘
595,14:03:02,3.58,--,540,193320,买盘
596,14:02:56,3.58,--,4,1432,买盘
597,14:02:52,3.58,0.01,63,22554,买盘
598,14:02:46,3.57,--,827,295239,卖盘
599,14:02:31,3.57,--,60,21420,卖盘
600,14:02:11,3.57,-0.01,5,1785,卖盘
601,14:02:07,3.58,--,444,158952,买盘
602,14:02:02,3.58,--,268,95944,买盘
603,14:01:52,3.58,--,802,287116,买盘
604,14:01:46,3.58,0.01,150,53700,买盘
605,14:01:37,3.57,--,8,2856,卖盘
606,14:01:31,3.57,--,387,138159,卖盘
607,14:01:16,3.57,-0.01,3,1071,卖盘
608,14:01:10,3.58,0.01,277,99166,买盘
609,14:01:06,3.57,--,98,34986,卖盘
610,14:01:00,3.57,-0.01,27,9639,卖盘
611,14:00:56,3.58,--,41,14678,买盘
612,14:00:52,3.58,0.01,90,32220,买盘
613,14:00:46,3.57,-0.01,45,16065,卖盘
614,14:00:40,3.58,0.01,54,19332,买盘
615,14:00:31,3.57,--,236,84252,卖盘
616,14:00:25,3.57,--,25,8925,卖盘
617,14:00:22,3.57,--,777,277389,卖盘
618,14:00:16,3.57,-0.01,602,214914,卖盘
619,14:00:07,3.58,0.01,35,12530,买盘
620,14:00:01,3.57,--,70,24990,卖盘
621,13:59:52,3.57,-0.01,93,33201,卖盘
622,13:59:40,3.58,0.01,58,20764,买盘
623,13:59:37,3.57,-0.01,9,3213,卖盘
624,13:59:31,3.58,--,161,57927,买盘
625,13:59:16,3.58,0.01,360,128880,买盘
626,13:59:11,3.57,-0.01,15,5355,卖盘
627,13:59:07,3.58,--,62,22196,买盘
628,13:58:55,3.58,0.01,1,358,买盘
629,13:58:52,3.57,--,162,57834,卖盘
630,13:58:37,3.57,--,18,6426,卖盘
631,13:58:31,3.57,--,375,133875,卖盘
632,13:58:22,3.57,-0.01,26,9282,卖盘
633,13:58:16,3.58,--,216,77328,买盘
634,13:58:11,3.58,--,741,265278,买盘
635,13:58:07,3.58,0.01,14,5012,买盘
636,13:58:01,3.57,-0.01,50,17850,卖盘
637,13:57:46,3.58,--,117,41886,买盘
638,13:57:40,3.58,0.01,1,358,买盘
639,13:57:37,3.57,--,8,2856,卖盘
640,13:57:31,3.57,--,260,93002,卖盘
641,13:57:26,3.57,--,80,28560,卖盘
642,13:57:22,3.57,-0.01,15,5355,卖盘
643,13:57:16,3.58,--,2,716,买盘
644,13:57:10,3.58,--,658,235564,买盘
645,13:57:07,3.58,--,18,6444,买盘
646,13:57:01,3.58,0.01,1,358,买盘
647,13:56:54,3.57,-0.01,9,3213,卖盘
648,13:56:50,3.58,0.01,17,6086,买盘
649,13:56:46,3.57,--,10,3570,卖盘
650,13:56:35,3.57,--,8,2856,卖盘
651,13:56:31,3.57,-0.01,37,13209,卖盘
652,13:56:26,3.58,0.01,8,2864,买盘
653,13:56:19,3.57,-0.01,15,5355,卖盘
654,13:56:10,3.58,0.01,50,17900,买盘
655,13:56:05,3.57,-0.01,8,2856,卖盘
656,13:56:01,3.58,0.01,277,99166,买盘
657,13:55:55,3.57,-0.01,50,17850,卖盘
658,13:55:50,3.58,--,81,28998,买盘
659,13:55:46,3.58,0.01,8,2864,买盘
660,13:55:41,3.57,--,27,9639,卖盘
661,13:55:34,3.57,--,8,2856,卖盘
662,13:55:31,3.57,-0.01,206,73542,卖盘
663,13:55:19,3.58,0.01,773,276734,买盘
664,13:55:16,3.57,-0.01,1,357,卖盘
665,13:55:10,3.58,--,101,36158,买盘
666,13:55:04,3.58,0.01,1,358,买盘
667,13:55:01,3.57,--,367,131019,卖盘
668,13:54:56,3.57,--,15,5355,卖盘
669,13:54:50,3.57,-0.01,130,46410,卖盘
670,13:54:46,3.58,0.01,58,20764,买盘
671,13:54:35,3.57,--,8,2856,卖盘
672,13:54:31,3.57,-0.01,144,51408,卖盘
673,13:54:16,3.58,--,208,74464,买盘
674,13:54:10,3.58,0.01,37,13246,买盘
675,13:54:04,3.57,--,41,14637,卖盘
676,13:54:01,3.57,-0.01,4,1428,卖盘
677,13:53:55,3.58,0.01,27,9666,买盘
678,13:53:49,3.57,-0.01,31,11067,卖盘
679,13:53:46,3.58,0.01,100,35800,买盘
680,13:53:40,3.57,--,13,4641,卖盘
681,13:53:34,3.57,--,13,4641,卖盘
682,13:53:31,3.57,--,29,10363,卖盘
683,13:53:25,3.57,-0.01,95,33915,卖盘
684,13:53:16,3.58,--,1,358,买盘
685,13:53:10,3.58,0.01,58,20764,买盘
686,13:53:05,3.57,--,89,31773,卖盘
687,13:53:01,3.57,-0.01,50,17850,卖盘
688,13:52:46,3.58,--,196,70168,买盘
689,13:52:40,3.58,0.01,9,3222,买盘
690,13:52:34,3.57,--,31,11067,卖盘
691,13:52:31,3.57,--,89,31773,卖盘
692,13:52:25,3.57,-0.01,486,173502,卖盘
693,13:52:19,3.58,--,781,279598,买盘
694,13:52:16,3.58,--,206,73748,买盘
695,13:52:10,3.58,0.01,2,716,买盘
696,13:52:04,3.57,--,8,2856,卖盘
697,13:52:01,3.57,-0.01,31,11067,卖盘
698,13:51:55,3.58,0.01,153,54774,买盘
699,13:51:35,3.57,-0.01,4,1428,卖盘
700,13:51:31,3.58,0.01,817,292486,买盘
701,13:51:25,3.57,-0.01,255,91035,卖盘
702,13:51:19,3.58,0.01,601,215158,买盘
703,13:51:16,3.57,--,2414,861976,买盘
704,13:51:10,3.57,--,438,156366,买盘
705,13:51:04,3.57,--,6736,2404752,买盘
706,13:51:01,3.57,0.01,60,21420,买盘
707,13:50:55,3.56,-0.01,320,113920,卖盘
708,13:50:46,3.57,--,889,317373,买盘
709,13:50:40,3.57,--,30,10710,买盘
710,13:50:35,3.57,0.01,800,285600,买盘
711,13:50:31,3.56,-0.01,615,218940,卖盘
712,13:50:25,3.57,0.01,1157,413049,买盘
713,13:50:19,3.56,-0.01,295,105020,卖盘
714,13:50:16,3.57,--,1404,501228,买盘
715,13:50:10,3.57,--,158,56406,买盘
716,13:50:05,3.57,--,1,357,买盘
717,13:50:01,3.57,--,417,148869,买盘
718,13:49:55,3.57,--,416,148512,买盘
719,13:49:44,3.57,--,221,78897,买盘
720,13:49:40,3.57,0.01,1018,363426,买盘
721,13:49:34,3.56,-0.01,6627,2359212,卖盘
722,13:49:25,3.57,--,32,11424,买盘
723,13:49:09,3.57,--,14,4998,买盘
724,13:49:05,3.57,--,1105,394485,买盘
725,13:48:58,3.57,--,417,148869,买盘
726,13:48:55,3.57,--,9,3213,买盘
727,13:48:48,3.57,0.01,1,357,买盘
728,13:48:34,3.56,--,16,5696,卖盘
729,13:48:29,3.56,--,15,5340,卖盘
730,13:48:13,3.56,-0.01,8,2848,卖盘
731,13:48:09,3.57,--,6,2142,买盘
732,13:48:04,3.57,0.01,2,714,买盘
733,13:47:35,3.56,--,23,8188,卖盘
734,13:47:25,3.56,-0.01,268,95408,卖盘
735,13:47:14,3.57,--,233,83181,买盘
736,13:47:04,3.57,0.01,409,146013,买盘
737,13:46:59,3.56,-0.01,40,14240,卖盘
738,13:46:55,3.57,0.01,1,357,买盘
739,13:46:50,3.56,--,2,712,卖盘
740,13:46:44,3.56,-0.01,15,5340,卖盘
741,13:46:40,3.57,0.01,13,4641,买盘
742,13:46:34,3.56,-0.01,7,2492,卖盘
743,13:46:25,3.57,--,169,60333,买盘
744,13:46:19,3.57,--,25,8925,买盘
745,13:46:14,3.57,0.01,4,1428,买盘
746,13:46:10,3.56,-0.01,15,5340,卖盘
747,13:45:55,3.57,--,40,14280,买盘
748,13:45:49,3.57,--,1,357,买盘
749,13:45:43,3.57,--,15,5355,买盘
750,13:45:40,3.57,0.01,1,357,买盘
751,13:45:34,3.56,-0.01,72,25632,卖盘
752,13:45:28,3.57,--,50,17850,买盘
753,13:45:20,3.57,--,1240,442680,买盘
754,13:45:04,3.57,--,7,2499,买盘
755,13:44:58,3.57,--,1,357,买盘
756,13:44:55,3.57,--,69,24633,买盘
757,13:44:43,3.57,0.01,235,83895,买盘
758,13:44:40,3.56,--,65,23140,卖盘
759,13:44:34,3.56,-0.01,7,2492,卖盘
760,13:44:25,3.57,--,1,357,买盘
761,13:44:19,3.57,--,10344,3692808,买盘
762,13:44:10,3.57,0.01,30,10710,买盘
763,13:44:04,3.56,-0.01,123,43788,卖盘
764,13:43:43,3.57,--,151,53907,买盘
765,13:43:40,3.57,--,51,18207,买盘
766,13:43:34,3.57,0.01,382,136374,买盘
767,13:43:19,3.56,-0.01,15,5340,卖盘
768,13:43:14,3.57,--,487,173859,买盘
769,13:43:10,3.57,--,1016,362712,买盘
770,13:43:00,3.57,--,4,1428,买盘
771,13:42:55,3.57,--,37,13209,买盘
772,13:42:40,3.57,0.01,449,160293,买盘
773,13:42:34,3.56,-0.01,7,2492,卖盘
774,13:42:28,3.57,--,1,357,买盘
775,13:42:25,3.57,--,6,2142,买盘
776,13:42:19,3.57,0.01,73,26061,买盘
777,13:41:58,3.56,--,5,1780,卖盘
778,13:41:52,3.56,-0.01,277,98612,卖盘
779,13:41:49,3.57,0.01,16,5712,买盘
780,13:41:37,3.56,--,1,356,卖盘
781,13:41:34,3.56,--,16,5696,卖盘
782,13:41:19,3.56,-0.01,15,5340,卖盘
783,13:41:14,3.57,0.01,1,357,买盘
784,13:41:04,3.56,--,201,71556,卖盘
785,13:40:49,3.56,-0.01,975,347100,卖盘
786,13:40:34,3.57,--,79,28203,买盘
787,13:40:29,3.57,--,80,28560,买盘
788,13:40:22,3.57,0.01,19,6783,买盘
789,13:40:19,3.56,-0.01,916,326096,卖盘
790,13:40:07,3.57,0.01,3,1071,买盘
791,13:40:04,3.56,-0.01,200,71200,卖盘
792,13:39:58,3.57,0.01,1,357,买盘
793,13:39:34,3.56,-0.01,22,7832,卖盘
794,13:39:28,3.57,--,265,94605,买盘
795,13:39:19,3.57,0.01,2521,899997,买盘
796,13:39:07,3.56,-0.01,8,2848,卖盘
797,13:38:57,3.57,0.01,355,126735,买盘
798,13:38:52,3.56,-0.01,15,5340,卖盘
799,13:38:49,3.57,0.01,89,31773,买盘
800,13:38:43,3.56,--,206,73336,卖盘
801,13:38:34,3.56,--,47,16732,卖盘
802,13:38:19,3.56,--,72,25632,卖盘
803,13:38:12,3.56,--,100,35600,卖盘
804,13:38:08,3.56,--,100,35600,卖盘
805,13:38:04,3.56,--,26,9256,卖盘
806,13:37:57,3.56,--,10,3560,卖盘
807,13:37:52,3.56,-0.01,25,8900,卖盘
808,13:37:49,3.57,0.01,29,10353,买盘
809,13:37:43,3.56,--,82,29192,卖盘
810,13:37:33,3.56,-0.01,16,5696,卖盘
811,13:37:29,3.57,0.01,16,5712,买盘
812,13:36:49,3.56,-0.01,51,18156,卖盘
813,13:36:43,3.57,0.01,12,4284,买盘
814,13:36:37,3.56,--,33,11748,卖盘
815,13:36:34,3.56,-0.01,35,12460,卖盘
816,13:36:28,3.57,--,1,357,买盘
817,13:36:22,3.57,--,4,1428,买盘
818,13:36:07,3.57,0.01,2,714,买盘
819,13:36:03,3.56,--,16,5696,卖盘
820,13:35:37,3.56,-0.01,8,2848,卖盘
821,13:35:34,3.57,--,14,4998,买盘
822,13:35:19,3.57,--,51,18207,买盘
823,13:35:13,3.57,0.01,50,17850,买盘
824,13:35:04,3.56,--,20,7120,卖盘
825,13:34:52,3.56,0.01,12,4272,中性盘
826,13:34:47,3.55,-0.01,172,61060,卖盘
827,13:34:43,3.56,--,8,2848,买盘
828,13:34:37,3.56,--,1926,685656,卖盘
829,13:34:31,3.56,-0.01,8,2848,卖盘
830,13:34:22,3.57,--,45,16065,买盘
831,13:34:13,3.57,0.01,67,23919,买盘
832,13:34:07,3.56,--,3,1068,卖盘
833,13:33:58,3.56,--,1500,534000,卖盘
834,13:33:52,3.56,-0.01,2,712,卖盘
835,13:33:46,3.57,0.01,6,2142,买盘
836,13:33:37,3.56,--,3,1068,卖盘
837,13:33:33,3.56,-0.01,7,2492,卖盘
838,13:33:22,3.57,0.01,19,6783,买盘
839,13:33:18,3.56,--,10,3560,卖盘
840,13:33:07,3.56,-0.01,4,1424,卖盘
841,13:32:58,3.57,--,1,357,买盘
842,13:32:43,3.57,--,1,357,买盘
843,13:32:38,3.57,0.01,37,13209,买盘
844,13:32:31,3.56,-0.01,7,2492,卖盘
845,13:32:22,3.57,0.01,1,357,买盘
846,13:32:17,3.56,-0.01,20,7120,卖盘
847,13:32:07,3.57,0.01,20,7140,买盘
848,13:32:01,3.56,--,50,17800,卖盘
849,13:31:58,3.56,--,20,7120,卖盘
850,13:31:52,3.56,--,559,199004,卖盘
851,13:31:46,3.56,-0.01,5,1780,卖盘
852,13:31:43,3.57,0.01,61,21777,买盘
853,13:31:31,3.56,--,7,2492,卖盘
854,13:31:22,3.56,--,196,69776,卖盘
855,13:31:16,3.56,-0.01,62,22072,卖盘
856,13:31:07,3.57,0.01,7,2499,买盘
857,13:30:43,3.56,-0.01,155,55180,卖盘
858,13:30:37,3.57,--,3,1071,买盘
859,13:30:30,3.57,--,43,15351,买盘
860,13:30:28,3.57,0.01,1,357,买盘
861,13:30:22,3.56,--,428,152368,买盘
862,13:29:53,3.56,--,1,356,买盘
863,13:29:45,3.56,--,1456,518336,卖盘
864,13:29:43,3.56,--,99,35244,卖盘
865,13:29:37,3.56,--,162,57672,卖盘
866,13:29:31,3.56,--,107,38092,卖盘
867,13:29:22,3.56,-0.01,924,328944,卖盘
868,13:29:13,3.57,0.01,796,284172,买盘
869,13:29:07,3.56,--,1,356,卖盘
870,13:29:01,3.56,--,20,7120,卖盘
871,13:28:58,3.56,--,163,58028,卖盘
872,13:28:43,3.56,--,130,46280,卖盘
873,13:28:37,3.56,-0.01,150,53400,卖盘
874,13:28:31,3.57,--,8,2856,买盘
875,13:28:28,3.57,0.01,1038,370566,买盘
876,13:28:22,3.56,--,13,4628,卖盘
877,13:28:13,3.56,--,110,39160,卖盘
878,13:28:02,3.56,--,10,3560,卖盘
879,13:27:58,3.56,--,87,30972,卖盘
880,13:27:52,3.56,--,993,353508,卖盘
881,13:27:37,3.56,--,28,9968,卖盘
882,13:27:30,3.56,-0.01,203,72268,卖盘
883,13:27:28,3.57,--,659,235263,买盘
884,13:27:16,3.57,0.01,1,357,买盘
885,13:27:13,3.56,--,18,6408,卖盘
886,13:26:52,3.56,-0.01,1730,615880,卖盘
887,13:26:46,3.57,0.01,24,8568,买盘
888,13:26:42,3.56,-0.01,11,3916,卖盘
889,13:26:37,3.57,0.01,1,357,买盘
890,13:26:31,3.56,-0.01,370,131720,卖盘
891,13:26:22,3.57,0.01,38,13566,买盘
892,13:26:16,3.56,--,20,7120,卖盘
893,13:26:01,3.56,--,503,179068,卖盘
894,13:25:52,3.56,--,29,10324,卖盘
895,13:25:46,3.56,-0.01,2,712,卖盘
896,13:25:37,3.57,0.01,150,53550,买盘
897,13:25:31,3.56,-0.01,61,21716,卖盘
898,13:25:27,3.57,--,20,7140,买盘
899,13:25:22,3.57,0.01,378,134946,买盘
900,13:25:07,3.56,--,20,7120,卖盘
901,13:24:46,3.56,-0.01,26,9256,卖盘
902,13:24:37,3.57,0.01,290,103530,买盘
903,13:24:31,3.56,-0.01,158,56248,卖盘
904,13:24:22,3.57,--,171,61047,买盘
905,13:24:16,3.57,--,765,273105,买盘
906,13:24:09,3.57,0.01,236,84252,买盘
907,13:24:07,3.56,--,16,5696,卖盘
908,13:24:01,3.56,--,153,54468,卖盘
909,13:23:45,3.56,--,57,20292,卖盘
910,13:23:31,3.56,--,9,3204,卖盘
911,13:23:22,3.56,--,30,10680,卖盘
912,13:23:16,3.56,--,850,302600,卖盘
913,13:23:10,3.56,-0.01,38,13528,卖盘
914,13:23:07,3.57,0.01,6,2142,买盘
915,13:23:01,3.56,-0.01,10,3560,卖盘
916,13:22:55,3.57,0.01,224,79968,买盘
917,13:22:52,3.56,--,11,3916,卖盘
918,13:22:40,3.56,--,10,3560,卖盘
919,13:22:32,3.56,--,7,2492,卖盘
920,13:22:25,3.56,-0.01,30,10680,卖盘
921,13:22:22,3.57,--,2,714,买盘
922,13:22:16,3.57,--,87,31059,买盘
923,13:22:10,3.57,--,638,227766,买盘
924,13:22:06,3.57,0.01,6,2142,买盘
925,13:22:01,3.56,-0.01,444,158064,卖盘
926,13:21:55,3.57,--,5,1785,买盘
927,13:21:51,3.57,--,398,142086,买盘
928,13:21:37,3.57,0.01,1,357,买盘
929,13:21:31,3.56,--,7,2492,卖盘
930,13:21:25,3.56,--,86,30616,卖盘
931,13:21:00,3.56,-0.01,37,13172,卖盘
932,13:20:55,3.57,--,1,357,买盘
933,13:20:47,3.57,--,9,3213,买盘
934,13:20:37,3.57,0.01,20,7140,买盘
935,13:20:31,3.56,--,7,2492,卖盘
936,13:20:22,3.56,-0.01,283,101050,卖盘
937,13:20:16,3.57,--,280,99960,买盘
938,13:20:09,3.57,--,37,13209,买盘
939,13:20:01,3.57,0.01,4,1428,买盘
940,13:19:51,3.56,-0.01,40,14240,卖盘
941,13:19:40,3.57,0.01,236,84252,买盘
942,13:19:31,3.56,-0.01,35,12460,卖盘
943,13:19:25,3.57,--,20,7140,买盘
944,13:19:21,3.57,0.01,719,256683,买盘
945,13:19:04,3.56,--,1,356,卖盘
946,13:19:01,3.56,--,13,4628,卖盘
947,13:18:46,3.56,--,24,8544,卖盘
948,13:18:31,3.56,-0.01,7,2492,卖盘
949,13:18:25,3.57,--,1,357,买盘
950,13:18:16,3.57,--,10,3570,买盘
951,13:18:10,3.57,0.01,38,13566,买盘
952,13:18:01,3.56,-0.01,150,53400,卖盘
953,13:17:55,3.57,0.01,29,10353,买盘
954,13:17:50,3.56,--,10,3560,卖盘
955,13:17:46,3.56,--,101,35956,卖盘
956,13:17:40,3.56,--,149,53044,卖盘
957,13:17:31,3.56,--,7,2492,卖盘
958,13:17:16,3.56,--,504,179424,卖盘
959,13:17:10,3.56,--,34,12104,卖盘
960,13:16:55,3.56,--,49,17444,卖盘
961,13:16:49,3.56,--,100,35600,卖盘
962,13:16:46,3.56,--,100,35600,卖盘
963,13:16:39,3.56,--,4,1424,卖盘
964,13:16:36,3.56,--,15,5340,卖盘
965,13:16:31,3.56,--,9,3204,卖盘
966,13:16:16,3.56,-0.01,190,67640,卖盘
967,13:16:10,3.57,--,58,20706,买盘
968,13:16:01,3.57,0.01,307,109599,买盘
969,13:15:56,3.56,--,5,1780,卖盘
970,13:15:46,3.56,-0.01,20,7120,卖盘
971,13:15:40,3.57,0.01,156,55692,买盘
972,13:15:31,3.56,-0.01,107,38092,卖盘
973,13:15:19,3.57,0.01,12,4284,买盘
974,13:15:15,3.56,--,21,7476,卖盘
975,13:15:04,3.56,-0.01,440,156640,卖盘
976,13:15:01,3.57,0.01,1,357,买盘
977,13:14:55,3.56,-0.01,10,3560,卖盘
978,13:14:49,3.57,0.01,174,62118,买盘
979,13:14:46,3.56,--,52,18512,卖盘
980,13:14:39,3.56,--,101,35956,卖盘
981,13:14:30,3.56,--,15,5340,卖盘
982,13:14:25,3.56,-0.01,506,180136,卖盘
983,13:14:10,3.57,--,1,357,买盘
984,13:14:01,3.57,0.01,2837,1012809,买盘
985,13:13:45,3.56,--,621,221076,卖盘
986,13:13:34,3.56,--,86,30616,卖盘
987,13:13:31,3.56,-0.01,83,29548,卖盘
988,13:13:19,3.57,--,1,357,买盘
989,13:13:10,3.57,0.01,43,15351,买盘
990,13:13:01,3.56,--,202,71912,卖盘
991,13:12:46,3.56,-0.01,46,16376,卖盘
992,13:12:40,3.57,0.01,12,4284,买盘
993,13:12:34,3.56,--,8,2848,卖盘
994,13:12:25,3.56,-0.01,224,79744,卖盘
995,13:12:13,3.57,--,6,2142,买盘
996,13:12:04,3.57,0.01,1,357,买盘
997,13:11:59,3.56,--,50,17800,卖盘
998,13:11:49,3.56,-0.01,33,11748,卖盘
999,13:11:45,3.57,--,168,59976,买盘
1000,13:11:34,3.57,--,81,28917,买盘
1001,13:11:25,3.57,0.01,1,357,买盘
1002,13:11:19,3.56,-0.01,43,15308,卖盘
1003,13:11:13,3.57,0.01,149,53193,买盘
1004,13:11:09,3.56,--,50,17800,卖盘
1005,13:11:03,3.56,-0.01,10,3560,卖盘
1006,13:10:58,3.57,--,40,14280,买盘
1007,13:10:55,3.57,0.01,50,17850,买盘
1008,13:10:50,3.56,-0.01,21,7476,卖盘
1009,13:10:43,3.57,0.01,149,53193,买盘
1010,13:10:34,3.56,--,17,6052,卖盘
1011,13:10:28,3.56,-0.01,30,10680,卖盘
1012,13:10:19,3.57,--,68,24276,买盘
1013,13:10:15,3.57,0.01,149,53193,买盘
1014,13:10:09,3.56,--,16,5696,卖盘
1015,13:09:49,3.56,-0.01,100,35600,卖盘
1016,13:09:44,3.57,--,149,53193,买盘
1017,13:09:40,3.57,--,23,8211,买盘
1018,13:09:34,3.57,--,8,2856,买盘
1019,13:09:24,3.57,0.01,74,26418,买盘
1020,13:09:19,3.56,-0.01,50,17800,卖盘
1021,13:09:15,3.57,--,1,357,买盘
1022,13:08:55,3.57,0.01,1,357,买盘
1023,13:08:39,3.56,--,18,6408,卖盘
1024,13:08:34,3.56,--,25,8900,卖盘
1025,13:08:24,3.56,-0.01,22,7832,卖盘
1026,13:08:19,3.57,--,1,357,买盘
1027,13:07:49,3.57,--,74,26418,买盘
1028,13:07:39,3.57,0.01,1,357,买盘
1029,13:07:33,3.56,--,7,2492,卖盘
1030,13:07:28,3.56,--,29,10324,卖盘
1031,13:07:25,3.56,--,1,356,卖盘
1032,13:07:19,3.56,-0.01,71,25276,卖盘
1033,13:07:04,3.57,0.01,1,357,买盘
1034,13:06:49,3.56,--,50,17800,卖盘
1035,13:06:43,3.56,--,563,200428,卖盘
1036,13:06:34,3.56,--,7,2492,卖盘
1037,13:06:25,3.56,--,66,23496,卖盘
1038,13:06:09,3.56,-0.01,73,25988,卖盘
1039,13:06:03,3.57,--,115,41055,买盘
1040,13:05:43,3.57,0.01,51,18207,买盘
1041,13:05:39,3.56,--,3,1068,卖盘
1042,13:05:34,3.56,--,8,2848,卖盘
1043,13:05:28,3.56,-0.01,27,9612,卖盘
1044,13:05:19,3.57,--,62,22134,买盘
1045,13:05:12,3.57,--,2,714,买盘
1046,13:05:08,3.57,--,1,357,买盘
1047,13:04:57,3.57,0.01,372,132804,买盘
1048,13:04:49,3.56,-0.01,112,39872,卖盘
1049,13:04:37,3.57,0.01,5,1785,买盘
1050,13:04:34,3.56,-0.01,7,2492,卖盘
1051,13:04:28,3.57,0.01,73,26061,买盘
1052,13:04:04,3.56,-0.01,55,19580,卖盘
1053,13:03:54,3.57,--,5,1785,买盘
1054,13:03:49,3.57,0.01,1,357,买盘
1055,13:03:34,3.56,-0.01,17,6052,卖盘
1056,13:03:13,3.57,--,1,357,买盘
1057,13:03:04,3.57,0.01,73,26061,买盘
1058,13:02:52,3.56,-0.01,58,20648,卖盘
1059,13:02:48,3.57,--,58,20706,买盘
1060,13:02:34,3.57,0.01,8,2856,买盘
1061,13:02:27,3.56,-0.01,4,1424,卖盘
1062,13:01:58,3.57,0.01,1,357,买盘
1063,13:01:42,3.56,--,100,35600,卖盘
1064,13:01:34,3.56,-0.01,8,2848,卖盘
1065,13:01:27,3.57,--,50,17850,买盘
1066,13:01:22,3.57,--,910,324870,买盘
1067,13:01:19,3.57,--,1,357,买盘
1068,13:01:13,3.57,--,3,1071,买盘
1069,13:01:07,3.57,--,75,26775,买盘
1070,13:01:04,3.57,--,650,232050,买盘
1071,13:00:48,3.57,--,50,17850,买盘
1072,13:00:43,3.57,--,8,2856,买盘
1073,13:00:38,3.57,--,51,18207,买盘
1074,13:00:33,3.57,0.01,670,239190,买盘
1075,13:00:27,3.56,-0.01,30,10680,卖盘
1076,13:00:18,3.57,--,494,176358,买盘
1077,13:00:05,3.57,--,1,357,买盘
1078,13:00:04,3.57,--,2767,987819,买盘
1079,11:30:00,3.57,--,0,0,买盘
1080,11:29:59,3.57,--,0,0,买盘
1081,11:29:59,3.57,0.01,145,51765,买盘
1082,11:29:39,3.56,--,26,9256,卖盘
1083,11:29:29,3.56,-0.01,8,2848,卖盘
1084,11:29:25,3.57,--,23,8211,买盘
1085,11:29:15,3.57,--,234,83538,买盘
1086,11:29:09,3.57,0.01,1000,357000,买盘
1087,11:29:00,3.56,-0.01,20,7120,卖盘
1088,11:28:48,3.57,--,418,149226,买盘
1089,11:28:45,3.57,--,416,148512,买盘
1090,11:28:33,3.57,0.01,121,43197,买盘
1091,11:28:30,3.56,--,54,19224,卖盘
1092,11:28:25,3.56,-0.01,500,178000,卖盘
1093,11:28:19,3.57,0.01,1,357,买盘
1094,11:28:15,3.56,-0.01,146,51976,卖盘
1095,11:28:09,3.57,--,55,19635,买盘
1096,11:28:04,3.57,--,142,50694,买盘
1097,11:27:45,3.57,--,47,16779,买盘
1098,11:27:35,3.57,0.01,143,51051,买盘
1099,11:27:30,3.56,-0.01,9,3204,卖盘
1100,11:27:15,3.57,--,56,19992,买盘
1101,11:27:10,3.57,--,87,31059,买盘
1102,11:27:03,3.57,--,133,47481,买盘
1103,11:26:55,3.57,--,187,66759,买盘
1104,11:26:40,3.57,--,86,30702,买盘
1105,11:26:34,3.57,--,17,6069,买盘
1106,11:26:25,3.57,--,87,31059,买盘
1107,11:26:18,3.57,--,1,357,买盘
1108,11:26:04,3.57,--,32,11424,买盘
1109,11:25:42,3.57,0.01,1000,357000,买盘
1110,11:25:39,3.56,--,14,4984,卖盘
1111,11:25:33,3.56,-0.01,7,2492,卖盘
1112,11:25:19,3.57,0.01,15,5355,买盘
1113,11:25:09,3.56,-0.01,45,16020,卖盘
1114,11:25:03,3.57,--,1,357,买盘
1115,11:24:59,3.57,0.01,177,63189,买盘
1116,11:24:43,3.56,--,114,40584,卖盘
1117,11:24:33,3.56,-0.01,17,6052,卖盘
1118,11:24:29,3.57,--,441,157437,买盘
1119,11:24:24,3.57,0.01,87,31059,买盘
1120,11:24:09,3.56,-0.01,80,28480,卖盘
1121,11:23:54,3.57,--,50,17850,买盘
1122,11:23:48,3.57,0.01,45,16065,买盘
1123,11:23:34,3.56,-0.01,17,6052,卖盘
1124,11:23:19,3.57,--,441,157437,买盘
1125,11:23:09,3.57,--,1,357,买盘
1126,11:22:49,3.57,0.01,96,34272,买盘
1127,11:22:44,3.56,--,120,42720,卖盘
1128,11:22:34,3.56,--,8,2848,卖盘
1129,11:22:24,3.56,--,2,712,卖盘
1130,11:22:14,3.56,--,540,192240,卖盘
1131,11:22:03,3.56,-0.01,10,3560,卖盘
1132,11:21:54,3.57,0.01,1,357,买盘
1133,11:21:33,3.56,-0.01,24,8544,卖盘
1134,11:21:18,3.57,--,7,2499,买盘
1135,11:21:13,3.57,0.01,1,357,买盘
1136,11:20:54,3.56,-0.01,50,17800,卖盘
1137,11:20:39,3.57,0.01,11,3927,买盘
1138,11:20:33,3.56,-0.01,8,2848,卖盘
1139,11:20:18,3.57,--,966,344862,买盘
1140,11:19:58,3.57,0.01,1,357,买盘
1141,11:19:33,3.56,-0.01,7,2492,卖盘
1142,11:19:18,3.57,--,1,357,买盘
1143,11:19:12,3.57,0.01,441,157437,买盘
1144,11:19:07,3.56,--,30,10680,卖盘
1145,11:18:57,3.56,--,30,10680,卖盘
1146,11:18:49,3.56,-0.01,200,71200,卖盘
1147,11:18:42,3.57,0.01,101,36057,买盘
1148,11:18:33,3.56,--,57,20292,卖盘
1149,11:18:12,3.56,--,39,13884,卖盘
1150,11:18:06,3.56,-0.01,5,1780,卖盘
1151,11:18:04,3.57,--,97,34629,买盘
1152,11:17:33,3.57,--,103,36771,买盘
1153,11:17:28,3.57,0.01,6,2142,买盘
1154,11:17:22,3.56,-0.01,161,57316,卖盘
1155,11:17:03,3.57,--,96,34272,买盘
1156,11:16:48,3.57,0.01,301,107457,买盘
1157,11:16:42,3.56,-0.01,4,1424,卖盘
1158,11:16:38,3.57,0.01,96,34272,买盘
1159,11:16:33,3.56,--,14,4984,卖盘
1160,11:16:12,3.56,-0.01,48,17088,卖盘
1161,11:16:03,3.57,0.01,19,6783,买盘
1162,11:15:42,3.56,--,57,20292,卖盘
1163,11:15:33,3.56,--,14,4984,卖盘
1164,11:15:27,3.56,-0.01,3,1068,卖盘
1165,11:15:18,3.57,0.01,15,5355,买盘
1166,11:15:12,3.56,--,46,16376,卖盘
1167,11:15:08,3.56,-0.01,1,356,卖盘
1168,11:14:57,3.57,--,97,34629,买盘
1169,11:14:48,3.57,0.01,519,185283,买盘
1170,11:14:42,3.56,--,330,117480,卖盘
1171,11:14:33,3.56,-0.01,31,11036,卖盘
1172,11:14:27,3.57,--,596,212772,买盘
1173,11:14:18,3.57,0.01,1,357,买盘
1174,11:14:03,3.56,--,501,178356,卖盘
1175,11:13:58,3.56,--,106,37736,卖盘
1176,11:13:51,3.56,--,7,2492,卖盘
1177,11:13:42,3.56,--,1,356,卖盘
1178,11:13:36,3.56,--,46,16376,卖盘
1179,11:13:33,3.56,--,294,104664,卖盘
1180,11:13:28,3.56,--,101,35956,卖盘
1181,11:13:23,3.56,-0.01,50,17800,卖盘
1182,11:13:12,3.57,0.01,258,92106,买盘
1183,11:13:06,3.56,-0.01,20,7120,卖盘
1184,11:13:03,3.57,0.01,27,9639,买盘
1185,11:12:48,3.56,--,50,17800,卖盘
1186,11:12:43,3.56,-0.01,6,2136,卖盘
1187,11:12:38,3.57,0.01,154,54978,买盘
1188,11:12:32,3.56,-0.01,27,9612,卖盘
1189,11:12:21,3.57,0.01,102,36414,买盘
1190,11:12:06,3.56,--,45,16020,卖盘
1191,11:11:57,3.56,--,220,78320,卖盘
1192,11:11:51,3.56,--,26,9256,卖盘
1193,11:11:47,3.56,-0.01,106,37736,卖盘
1194,11:11:42,3.57,0.01,1,357,买盘
1195,11:11:36,3.56,--,5,1780,卖盘
1196,11:11:31,3.56,--,37,13172,卖盘
1197,11:11:27,3.56,--,631,224636,卖盘
1198,11:11:17,3.56,--,40,14240,卖盘
1199,11:11:12,3.56,-0.01,100,35600,卖盘
1200,11:11:07,3.57,0.01,71,25347,买盘
1201,11:11:02,3.56,-0.01,3,1068,卖盘
1202,11:10:42,3.57,0.01,17,6069,买盘
1203,11:10:38,3.56,--,10,3560,卖盘
1204,11:10:32,3.56,-0.01,97,34532,卖盘
1205,11:10:27,3.57,0.01,1,357,买盘
1206,11:10:22,3.56,-0.01,12,4272,卖盘
1207,11:10:12,3.57,0.01,52,18564,买盘
1208,11:10:06,3.56,-0.01,100,35600,卖盘
1209,11:10:00,3.57,0.01,1,357,买盘
1210,11:09:57,3.56,--,101,35956,卖盘
1211,11:09:52,3.56,--,51,18156,卖盘
1212,11:09:31,3.56,--,224,79744,卖盘
1213,11:09:27,3.56,-0.01,64,22784,卖盘
1214,11:09:12,3.57,0.01,1,357,买盘
1215,11:09:06,3.56,-0.01,37,13172,卖盘
1216,11:09:02,3.57,0.01,216,77112,买盘
1217,11:08:51,3.56,-0.01,132,46992,卖盘
1218,11:08:42,3.57,--,130,46410,买盘
1219,11:08:35,3.57,0.01,99,35343,买盘
1220,11:08:31,3.56,--,223,79388,卖盘
1221,11:08:12,3.56,-0.01,1,356,卖盘
1222,11:08:02,3.57,--,216,77112,买盘
1223,11:07:57,3.57,0.01,44,15708,买盘
1224,11:07:42,3.56,--,20,7120,卖盘
1225,11:07:30,3.56,--,57,20292,卖盘
1226,11:07:21,3.56,--,31,11036,卖盘
1227,11:07:16,3.56,--,46,16376,卖盘
1228,11:07:12,3.56,-0.01,29,10324,卖盘
1229,11:07:02,3.57,--,4,1428,买盘
1230,11:06:57,3.57,0.01,588,209916,买盘
1231,11:06:51,3.56,--,70,24920,卖盘
1232,11:06:42,3.56,-0.01,1147,408332,卖盘
1233,11:06:37,3.57,0.01,104,37128,买盘
1234,11:06:31,3.56,--,7,2492,卖盘
1235,11:06:27,3.56,--,92,32752,卖盘
1236,11:06:12,3.56,-0.01,10,3560,卖盘
1237,11:06:07,3.57,--,97,34629,买盘
1238,11:06:01,3.57,--,5,1785,买盘
1239,11:05:51,3.57,0.01,470,167790,买盘
1240,11:05:42,3.56,--,46,16376,卖盘
1241,11:05:32,3.56,-0.01,8,2848,卖盘
1242,11:05:24,3.57,--,1,357,买盘
1243,11:05:21,3.57,--,654,233478,买盘
1244,11:05:16,3.57,--,28,9996,买盘
1245,11:05:11,3.57,--,443,158151,买盘
1246,11:05:05,3.57,--,382,136374,买盘
1247,11:05:01,3.57,--,9,3213,买盘
1248,11:04:55,3.57,--,129,46053,买盘
1249,11:04:46,3.57,--,1,357,买盘
1250,11:04:41,3.57,0.01,200,71400,买盘
1251,11:04:36,3.56,-0.01,102,36312,卖盘
1252,11:04:30,3.57,0.01,116,41412,买盘
1253,11:04:25,3.56,-0.01,177,63012,卖盘
1254,11:04:21,3.57,--,104,37128,买盘
1255,11:04:15,3.57,--,16,5712,买盘
1256,11:04:06,3.57,--,1,357,买盘
1257,11:04:01,3.57,0.01,30,10710,买盘
1258,11:03:52,3.56,--,66,23496,卖盘
1259,11:03:45,3.56,--,4,1424,卖盘
1260,11:03:39,3.56,--,672,239232,买盘
1261,11:03:37,3.56,--,5503,1959068,买盘
1262,11:03:30,3.56,--,4508,1604848,买盘
1263,11:03:26,3.56,--,500,178000,买盘
1264,11:03:21,3.56,--,172,61232,买盘
1265,11:03:09,3.56,--,1270,452120,买盘
1266,11:03:06,3.56,--,200,71200,买盘
1267,11:03:01,3.56,--,97,34532,买盘
1268,11:02:51,3.56,--,51,18156,买盘
1269,11:02:45,3.56,--,736,262016,买盘
1270,11:02:41,3.56,--,101,35956,买盘
1271,11:02:36,3.56,0.01,30,10680,买盘
1272,11:02:31,3.55,--,602,213710,卖盘
1273,11:02:25,3.55,-0.01,37,13135,卖盘
1274,11:02:21,3.56,--,1301,463156,买盘
1275,11:02:16,3.56,0.01,223,79388,买盘
1276,11:02:09,3.55,-0.01,1563,554865,卖盘
1277,11:02:01,3.56,--,34,12104,买盘
1278,11:01:56,3.56,0.01,16,5696,买盘
1279,11:01:51,3.55,-0.01,7,2485,卖盘
1280,11:01:45,3.56,--,2163,770028,买盘
1281,11:01:39,3.56,--,40,14240,买盘
1282,11:01:37,3.56,--,143,50908,买盘
1283,11:01:30,3.56,--,830,295480,买盘
1284,11:01:25,3.56,--,152,54112,买盘
1285,11:01:15,3.56,0.01,891,317196,买盘
1286,11:01:11,3.55,-0.01,15,5325,卖盘
1287,11:01:06,3.56,--,205,72980,买盘
1288,11:01:01,3.56,--,5228,1861168,买盘
1289,11:00:56,3.56,--,461,164116,买盘
1290,11:00:39,3.56,--,500,178000,买盘
1291,11:00:36,3.56,0.01,3576,1273056,买盘
1292,11:00:30,3.55,-0.01,104,36920,卖盘
1293,11:00:25,3.56,--,1052,374512,买盘
1294,11:00:21,3.56,--,341,121396,买盘
1295,11:00:16,3.56,--,5400,1922400,买盘
1296,11:00:10,3.56,--,172,61232,买盘
1297,11:00:06,3.56,--,584,207904,买盘
1298,11:00:01,3.56,--,2611,929516,买盘
1299,10:59:55,3.56,--,601,213956,买盘
1300,10:59:45,3.56,--,1,356,买盘
1301,10:59:39,3.56,0.01,16,5696,买盘
1302,10:59:30,3.55,-0.01,7,2485,卖盘
1303,10:59:25,3.56,--,3,1068,买盘
1304,10:59:06,3.56,--,1,356,买盘
1305,10:59:01,3.56,0.01,138,49128,买盘
1306,10:58:51,3.55,--,36,12780,卖盘
1307,10:58:45,3.55,--,59,20945,卖盘
1308,10:58:39,3.55,-0.01,17,6035,卖盘
1309,10:58:35,3.56,0.01,47,16732,买盘
1310,10:58:31,3.55,-0.01,8,2840,卖盘
1311,10:58:26,3.56,0.01,51,18156,买盘
1312,10:58:09,3.55,--,61,21655,卖盘
1313,10:58:04,3.55,-0.01,170,60350,卖盘
1314,10:57:50,3.56,0.01,1,356,买盘
1315,10:57:39,3.55,--,257,91235,卖盘
1316,10:57:30,3.55,-0.01,7,2485,卖盘
1317,10:57:19,3.56,--,44,15664,买盘
1318,10:57:11,3.56,--,1,356,买盘
1319,10:57:03,3.56,--,200,71200,买盘
1320,10:57:00,3.56,0.01,74,26344,买盘
1321,10:56:55,3.55,--,4,1420,卖盘
1322,10:56:45,3.55,--,73,25915,卖盘
1323,10:56:40,3.55,-0.01,15,5325,卖盘
1324,10:56:30,3.56,--,8,2848,买盘
1325,10:56:24,3.56,0.01,4,1424,买盘
1326,10:56:15,3.55,-0.01,170,60350,卖盘
1327,10:56:10,3.56,--,45,16020,买盘
1328,10:55:54,3.56,0.01,58,20648,买盘
1329,10:55:45,3.55,-0.01,200,71000,卖盘
1330,10:55:39,3.56,0.01,1756,625136,买盘
1331,10:55:30,3.55,-0.01,8,2840,卖盘
1332,10:55:24,3.56,--,45,16020,买盘
1333,10:55:18,3.56,--,8,2848,买盘
1334,10:55:15,3.56,0.01,1,356,买盘
1335,10:55:05,3.55,-0.01,15,5325,卖盘
1336,10:55:00,3.56,0.01,45,16020,买盘
1337,10:54:54,3.55,-0.01,15,5325,卖盘
1338,10:54:39,3.56,0.01,3,1068,买盘
1339,10:54:30,3.55,--,7,2485,卖盘
1340,10:54:18,3.55,--,47,16685,卖盘
1341,10:54:15,3.55,--,170,60350,卖盘
1342,10:54:03,3.55,-0.01,364,129220,卖盘
1343,10:54:00,3.56,--,1,356,买盘
1344,10:53:54,3.56,--,1,356,买盘
1345,10:53:45,3.56,--,44,15664,买盘
1346,10:53:40,3.56,0.01,67,23852,买盘
1347,10:53:33,3.55,--,15,5325,卖盘
1348,10:53:29,3.55,-0.01,20,7100,卖盘
1349,10:53:24,3.56,0.01,1,356,买盘
1350,10:53:04,3.55,--,19,6745,卖盘
1351,10:53:00,3.55,-0.01,17,6035,卖盘
1352,10:52:54,3.56,--,54,19224,买盘
1353,10:52:50,3.56,--,72,25632,买盘
1354,10:52:45,3.56,0.01,1,356,买盘
1355,10:52:40,3.55,-0.01,240,85200,卖盘
1356,10:52:35,3.56,--,44,15664,买盘
1357,10:52:30,3.56,--,61,21716,买盘
1358,10:52:24,3.56,--,25,8900,买盘
1359,10:52:18,3.56,0.01,200,71200,买盘
1360,10:52:09,3.55,--,206,73130,卖盘
1361,10:52:04,3.55,--,161,57155,卖盘
1362,10:52:00,3.55,-0.01,215,76325,卖盘
1363,10:51:54,3.56,0.01,4,1424,买盘
1364,10:51:39,3.55,-0.01,9,3195,卖盘
1365,10:51:34,3.56,--,611,217516,买盘
1366,10:51:28,3.56,--,1,356,买盘
1367,10:51:25,3.56,--,222,79032,买盘
1368,10:51:19,3.56,0.01,44,15664,买盘
1369,10:51:09,3.55,--,15,5325,卖盘
1370,10:51:03,3.55,-0.01,17,6035,卖盘
1371,10:50:58,3.56,--,564,200784,买盘
1372,10:50:48,3.56,--,11,3916,买盘
1373,10:50:39,3.56,0.01,10,3560,买盘
1374,10:50:35,3.55,--,23,8165,卖盘
1375,10:50:24,3.55,-0.01,1,355,卖盘
1376,10:50:20,3.56,--,44,15664,买盘
1377,10:50:12,3.56,--,1168,415808,买盘
1378,10:50:09,3.56,0.01,45,16020,买盘
1379,10:50:04,3.55,-0.01,1755,623025,卖盘
1380,10:49:54,3.56,--,526,187256,买盘
1381,10:49:49,3.56,--,741,263796,买盘
1382,10:49:39,3.56,--,36,12816,买盘
1383,10:49:33,3.56,0.01,241,85796,买盘
1384,10:49:19,3.55,--,15,5325,卖盘
1385,10:49:12,3.55,0.01,279,99045,买盘
1386,10:49:09,3.54,-0.01,213,75402,卖盘
1387,10:49:03,3.55,--,115,40825,买盘
1388,10:48:58,3.55,--,30,10650,买盘
1389,10:48:54,3.55,--,1,355,买盘
1390,10:48:33,3.55,--,8,2840,买盘
1391,10:48:24,3.55,--,2,710,买盘
1392,10:48:18,3.55,0.01,2,710,买盘
1393,10:48:09,3.54,-0.02,10,3540,卖盘
1394,10:48:04,3.56,0.01,27,9612,买盘
1395,10:47:54,3.55,--,20,7100,买盘
1396,10:47:48,3.55,--,11,3905,买盘
1397,10:47:39,3.55,0.01,86,30530,中性盘
1398,10:47:33,3.54,-0.01,357,126378,卖盘
1399,10:47:27,3.55,--,20,7100,卖盘
1400,10:47:24,3.55,-0.01,15,5325,卖盘
1401,10:47:12,3.56,--,529,188324,买盘
1402,10:47:03,3.56,0.01,1,356,买盘
1403,10:46:54,3.55,--,52,18460,卖盘
1404,10:46:33,3.55,-0.01,7,2485,卖盘
1405,10:46:24,3.56,0.01,2,712,买盘
1406,10:46:18,3.55,-0.01,92,32660,卖盘
1407,10:46:13,3.56,0.01,37,13172,买盘
1408,10:45:57,3.55,--,370,131350,卖盘
1409,10:45:53,3.55,--,15,5325,卖盘
1410,10:45:48,3.55,-0.01,431,153005,卖盘
1411,10:45:39,3.56,0.01,42,14952,买盘
1412,10:45:33,3.55,--,22,7810,卖盘
1413,10:45:24,3.55,-0.01,1,355,卖盘
1414,10:45:18,3.56,--,13,4628,买盘
1415,10:45:12,3.56,0.01,334,118904,买盘
1416,10:45:06,3.55,--,528,187440,卖盘
1417,10:45:03,3.55,--,442,156910,买盘
1418,10:44:57,3.55,0.01,44,15620,买盘
1419,10:44:48,3.54,--,1,354,卖盘
1420,10:44:33,3.54,-0.01,386,136644,卖盘
1421,10:44:21,3.55,--,16,5680,卖盘
1422,10:44:12,3.55,--,242,86133,买盘
1423,10:43:57,3.55,--,145,51475,买盘
1424,10:43:53,3.55,0.01,1,355,买盘
1425,10:43:48,3.54,--,218,77172,卖盘
1426,10:43:43,3.54,--,15,5310,卖盘
1427,10:43:33,3.54,-0.01,7,2478,卖盘
1428,10:43:28,3.55,--,10,3550,买盘
1429,10:43:12,3.55,--,450,159750,买盘
1430,10:43:03,3.55,--,12,4260,买盘
1431,10:42:57,3.55,0.01,5,1775,买盘
1432,10:42:48,3.54,-0.01,25,8850,卖盘
1433,10:42:44,3.55,--,10,3550,买盘
1434,10:42:37,3.55,--,1,355,买盘
1435,10:42:33,3.55,--,33,11846,卖盘
1436,10:42:21,3.55,--,366,129930,卖盘
1437,10:42:18,3.55,-0.01,487,172885,卖盘
1438,10:42:13,3.56,--,449,159844,买盘
1439,10:42:03,3.56,--,1,356,买盘
1440,10:41:59,3.56,0.01,1,356,买盘
1441,10:41:48,3.55,--,15,5325,卖盘
1442,10:41:42,3.55,--,95,33725,卖盘
1443,10:41:37,3.55,-0.01,1,355,卖盘
1444,10:41:33,3.56,--,18,6408,买盘
1445,10:41:27,3.56,0.01,5,1780,买盘
1446,10:41:22,3.55,-0.01,10,3550,卖盘
1447,10:41:18,3.56,0.01,302,107512,买盘
1448,10:41:07,3.55,-0.01,280,99400,卖盘
1449,10:41:03,3.56,0.01,15,5340,买盘
1450,10:40:48,3.55,-0.01,20,7100,卖盘
1451,10:40:42,3.56,0.01,9,3204,买盘
1452,10:40:37,3.55,--,34,12070,卖盘
1453,10:40:33,3.55,--,34,12070,卖盘
1454,10:40:28,3.55,-0.01,41,14555,卖盘
1455,10:40:18,3.56,--,8,2848,买盘
1456,10:40:12,3.56,--,404,143824,买盘
1457,10:40:02,3.56,0.01,1,356,买盘
1458,10:39:57,3.55,--,15,5325,卖盘
1459,10:39:51,3.55,--,28,9940,卖盘
1460,10:39:48,3.55,-0.01,15,5325,卖盘
1461,10:39:31,3.56,--,8,2848,买盘
1462,10:39:27,3.56,--,1,356,买盘
1463,10:39:18,3.56,0.01,32,11392,买盘
1464,10:39:03,3.55,--,186,66030,卖盘
1465,10:38:57,3.55,-0.01,795,282225,卖盘
1466,10:38:48,3.56,0.01,1,356,买盘
1467,10:38:42,3.55,--,4,1643,卖盘
1468,10:38:36,3.55,--,20,7100,卖盘
1469,10:38:33,3.55,--,12,4260,卖盘
1470,10:38:27,3.55,--,5,1775,卖盘
1471,10:38:18,3.55,-0.01,20,7100,卖盘
1472,10:38:12,3.56,--,377,134212,买盘
1473,10:38:07,3.56,--,26,9256,买盘
1474,10:38:02,3.56,--,274,97544,买盘
1475,10:37:57,3.56,0.01,63,22428,买盘
1476,10:37:52,3.55,--,5,1775,卖盘
1477,10:37:46,3.55,--,24,8520,卖盘
1478,10:37:36,3.55,-0.01,5,1775,卖盘
1479,10:37:31,3.56,0.01,8,2848,买盘
1480,10:37:27,3.55,--,77,27335,卖盘
1481,10:37:21,3.55,-0.01,86,30530,卖盘
1482,10:37:12,3.56,--,6,2136,买盘
1483,10:37:00,3.56,--,1,356,买盘
1484,10:36:57,3.56,0.01,391,139196,买盘
1485,10:36:51,3.55,--,20,7100,卖盘
1486,10:36:45,3.55,--,15,5325,卖盘
1487,10:36:42,3.55,-0.01,67,23785,卖盘
1488,10:36:31,3.56,0.01,299,106444,买盘
1489,10:36:27,3.55,--,3,1065,卖盘
1490,10:36:21,3.55,-0.01,289,102595,卖盘
1491,10:36:15,3.56,0.01,1,356,买盘
1492,10:36:12,3.55,--,15,5325,卖盘
1493,10:35:51,3.55,--,20,7100,卖盘
1494,10:35:45,3.55,--,340,120700,卖盘
1495,10:35:42,3.55,-0.01,173,61415,卖盘
1496,10:35:38,3.56,0.01,3285,1169460,买盘
1497,10:35:30,3.55,--,12,4260,卖盘
1498,10:35:21,3.55,--,200,71000,卖盘
1499,10:35:15,3.55,--,154,54670,卖盘
1500,10:35:06,3.55,-0.01,288,102240,卖盘
1501,10:35:01,3.56,0.01,1,356,买盘
1502,10:34:57,3.55,--,283,100465,卖盘
1503,10:34:53,3.55,-0.01,1054,374170,卖盘
1504,10:34:37,3.56,--,300,106800,买盘
1505,10:34:31,3.56,--,8,2848,买盘
1506,10:34:21,3.56,--,16,5696,买盘
1507,10:34:14,3.56,0.01,117,41652,买盘
1508,10:34:03,3.55,-0.01,26,9230,卖盘
1509,10:34:02,3.56,--,1,356,买盘
1510,10:33:57,3.56,--,279,99324,买盘
1511,10:33:42,3.56,--,46,16376,买盘
1512,10:33:31,3.56,--,9,3204,买盘
1513,10:33:20,3.56,--,31,11036,买盘
1514,10:33:15,3.56,--,96,34176,买盘
1515,10:33:12,3.56,--,284,101104,买盘
1516,10:33:06,3.56,0.01,5,1780,买盘
1517,10:32:45,3.55,-0.01,10,3550,卖盘
1518,10:32:30,3.56,--,8,2848,买盘
1519,10:32:27,3.56,0.01,16,5696,买盘
1520,10:32:21,3.55,-0.01,217,77035,卖盘
1521,10:32:12,3.56,--,299,106444,买盘
1522,10:32:06,3.56,0.01,19,6764,买盘
1523,10:32:00,3.55,--,178,63190,卖盘
1524,10:31:57,3.55,-0.01,30,10650,卖盘
1525,10:31:51,3.56,0.01,11,3916,买盘
1526,10:31:42,3.55,--,90,31950,卖盘
1527,10:31:36,3.55,-0.01,270,96077,卖盘
1528,10:31:31,3.56,--,8,2848,买盘
1529,10:31:27,3.56,--,117,41652,买盘
1530,10:31:21,3.56,--,1,356,买盘
1531,10:31:15,3.56,0.01,1,356,买盘
1532,10:31:11,3.55,--,609,216276,卖盘
1533,10:31:06,3.55,-0.01,516,183329,卖盘
1534,10:31:00,3.56,--,254,90424,买盘
1535,10:30:51,3.56,0.01,1,356,买盘
1536,10:30:40,3.55,-0.01,29,10295,卖盘
1537,10:30:36,3.56,--,324,115696,买盘
1538,10:30:30,3.56,--,8,2848,买盘
1539,10:30:25,3.56,--,10,3560,买盘
1540,10:30:22,3.56,--,7,2492,买盘
1541,10:30:15,3.56,--,280,99680,买盘
1542,10:30:06,3.56,--,217,77252,买盘
1543,10:30:00,3.56,--,1224,435744,买盘
1544,10:29:54,3.56,0.01,1,356,买盘
1545,10:29:51,3.55,--,58,20590,卖盘
1546,10:29:45,3.55,-0.01,1,355,卖盘
1547,10:29:40,3.56,--,252,89712,买盘
1548,10:29:36,3.56,--,568,202208,买盘
1549,10:29:31,3.56,0.01,63,22428,买盘
1550,10:29:24,3.55,-0.01,3,1065,卖盘
1551,10:29:21,3.56,0.01,20,7120,买盘
1552,10:29:09,3.55,--,15,5325,卖盘
1553,10:29:06,3.55,--,943,334942,买盘
1554,10:29:00,3.55,--,2603,924345,买盘
1555,10:28:54,3.55,--,2125,754375,买盘
1556,10:28:51,3.55,--,1152,408960,买盘
1557,10:28:46,3.55,--,983,348965,买盘
1558,10:28:39,3.55,--,254,90170,买盘
1559,10:28:36,3.55,0.01,8422,2989810,买盘
1560,10:28:31,3.54,-0.01,11523,4079142,卖盘
1561,10:28:21,3.55,--,1,355,买盘
1562,10:28:15,3.55,--,3257,1156235,买盘
1563,10:28:06,3.55,--,179,63545,买盘
1564,10:28:00,3.55,--,313,111115,买盘
1565,10:27:55,3.55,--,1036,367780,买盘
1566,10:27:51,3.55,--,29,10295,买盘
1567,10:27:40,3.55,--,273,96915,买盘
1568,10:27:36,3.55,--,591,209805,买盘
1569,10:27:30,3.55,--,44,15620,买盘
1570,10:27:24,3.55,--,123,43665,买盘
1571,10:27:21,3.55,0.01,276,97980,买盘
1572,10:27:15,3.54,-0.01,327,115758,卖盘
1573,10:27:06,3.55,--,221,78455,买盘
1574,10:27:00,3.55,--,333,118215,买盘
1575,10:26:54,3.55,0.01,802,284710,买盘
1576,10:26:50,3.54,-0.01,1917,678618,卖盘
1577,10:26:44,3.55,0.01,3,1065,买盘
1578,10:26:30,3.54,--,7,2478,卖盘
1579,10:26:21,3.54,--,4,1416,卖盘
1580,10:26:06,3.54,-0.01,134,47436,卖盘
1581,10:26:00,3.55,--,223,79165,买盘
1582,10:25:45,3.55,0.01,12,4260,买盘
1583,10:25:30,3.54,--,11,3894,卖盘
1584,10:25:21,3.54,-0.01,66,23364,卖盘
1585,10:25:14,3.55,0.01,8,2840,买盘
1586,10:25:00,3.54,-0.01,238,84252,卖盘
1587,10:24:55,3.55,--,1,355,买盘
1588,10:24:51,3.55,--,1,355,买盘
1589,10:24:45,3.55,0.01,241,85555,买盘
1590,10:24:36,3.54,--,43,15222,卖盘
1591,10:24:30,3.54,--,23,8142,卖盘
1592,10:24:15,3.54,-0.01,259,91686,卖盘
1593,10:24:09,3.55,--,183,64965,买盘
1594,10:24:05,3.55,--,27,9585,买盘
1595,10:24:00,3.55,0.01,158,56090,买盘
1596,10:23:55,3.54,-0.01,283,100182,卖盘
1597,10:23:49,3.55,0.01,2,710,买盘
1598,10:23:45,3.54,-0.01,1,354,卖盘
1599,10:23:39,3.55,--,29,10295,买盘
1600,10:23:34,3.55,--,27,9585,买盘
1601,10:23:30,3.55,--,213,75615,买盘
1602,10:23:18,3.55,0.01,23,8165,买盘
1603,10:23:15,3.54,-0.01,239,84606,卖盘
1604,10:23:10,3.55,--,117,41535,买盘
1605,10:23:03,3.55,--,27,9585,买盘
1606,10:23:00,3.55,--,213,75615,买盘
1607,10:22:54,3.55,--,3,1065,买盘
1608,10:22:40,3.55,--,1,355,买盘
1609,10:22:33,3.55,--,27,9585,买盘
1610,10:22:30,3.55,--,9,3195,买盘
1611,10:22:25,3.55,--,100,35500,买盘
1612,10:22:18,3.55,--,1,355,买盘
1613,10:22:15,3.55,--,241,85555,买盘
1614,10:22:04,3.55,--,27,9585,买盘
1615,10:22:00,3.55,--,212,75260,买盘
1616,10:21:49,3.55,--,31,11005,买盘
1617,10:21:45,3.55,--,39,13845,买盘
1618,10:21:33,3.55,--,77,27335,买盘
1619,10:21:30,3.55,--,8,2840,买盘
1620,10:21:15,3.55,--,278,98690,买盘
1621,10:21:03,3.55,0.01,195,69225,买盘
1622,10:20:54,3.54,--,72,25488,卖盘
1623,10:20:39,3.54,-0.01,86,30444,卖盘
1624,10:20:33,3.55,0.01,107,37985,买盘
1625,10:20:30,3.54,--,141,49914,卖盘
1626,10:20:24,3.54,-0.01,49,17346,卖盘
1627,10:20:19,3.55,0.01,15,5325,买盘
1628,10:20:03,3.54,--,86,30444,卖盘
1629,10:20:00,3.54,--,72,25488,卖盘
1630,10:19:54,3.54,-0.01,91,32214,卖盘
1631,10:19:48,3.55,--,87,30885,买盘
1632,10:19:39,3.55,0.01,100,35500,买盘
1633,10:19:33,3.54,--,131,46374,卖盘
1634,10:19:30,3.54,-0.01,7,2478,卖盘
1635,10:19:18,3.55,--,258,91590,买盘
1636,10:19:09,3.55,--,58,20590,买盘
1637,10:19:00,3.55,0.01,89,31595,买盘
1638,10:18:54,3.54,--,6,2124,卖盘
1639,10:18:30,3.54,-0.01,13,4602,卖盘
1640,10:18:04,3.55,0.01,4,1420,买盘
1641,10:17:48,3.54,--,50,17700,卖盘
1642,10:17:34,3.54,--,7,2478,卖盘
1643,10:17:18,3.54,-0.01,67,23718,卖盘
1644,10:17:14,3.55,0.01,116,41180,买盘
1645,10:17:09,3.54,--,41,14514,卖盘
1646,10:16:54,3.54,-0.01,162,57348,卖盘
1647,10:16:48,3.55,--,28,9940,买盘
1648,10:16:33,3.55,--,8,2840,买盘
1649,10:16:24,3.55,0.01,7,2485,买盘
1650,10:16:19,3.54,-0.01,20,7080,卖盘
1651,10:15:48,3.55,0.01,112,39760,买盘
1652,10:15:33,3.54,--,7,2478,卖盘
1653,10:15:24,3.54,-0.01,852,301608,卖盘
1654,10:15:18,3.55,--,15,5325,买盘
1655,10:15:12,3.55,--,127,45085,买盘
1656,10:14:54,3.55,--,2,710,买盘
1657,10:14:34,3.55,0.01,81,28755,买盘
1658,10:14:24,3.54,-0.01,29,10266,卖盘
1659,10:14:18,3.55,--,2,710,买盘
1660,10:14:09,3.55,--,28,9940,买盘
1661,10:13:54,3.55,--,83,29465,买盘
1662,10:13:48,3.55,0.01,2,710,买盘
1663,10:13:43,3.54,--,625,221250,卖盘
1664,10:13:33,3.54,-0.01,7,2478,卖盘
1665,10:13:18,3.55,--,12,4260,买盘
1666,10:12:59,3.55,0.01,2,710,买盘
1667,10:12:54,3.54,-0.01,1,354,卖盘
1668,10:12:49,3.55,--,2,710,买盘
1669,10:12:43,3.55,--,290,102950,买盘
1670,10:12:33,3.55,--,32,11360,买盘
1671,10:12:17,3.55,0.01,2,710,买盘
1672,10:12:02,3.54,--,40,14160,卖盘
1673,10:11:48,3.54,--,7,2478,卖盘
1674,10:11:34,3.54,--,127,44958,卖盘
1675,10:11:18,3.54,-0.01,322,113988,卖盘
1676,10:10:48,3.55,--,2,710,买盘
1677,10:10:37,3.55,0.01,1,355,买盘
1678,10:10:33,3.54,-0.01,27,9558,卖盘
1679,10:10:18,3.55,--,17,6035,买盘
1680,10:10:13,3.55,--,3,1065,买盘
1681,10:09:48,3.55,--,2,710,买盘
1682,10:09:42,3.55,--,25,8875,买盘
1683,10:09:33,3.55,--,28,9940,买盘
1684,10:09:18,3.55,--,16,5680,买盘
1685,10:09:12,3.55,--,79,28045,买盘
1686,10:09:07,3.55,--,1,355,买盘
1687,10:09:03,3.55,0.01,92,32660,买盘
1688,10:08:33,3.54,--,7,2478,卖盘
1689,10:08:21,3.54,-0.01,14,4956,卖盘
1690,10:07:43,3.55,0.01,35,12425,买盘
1691,10:07:33,3.54,--,38,13452,卖盘
1692,10:06:58,3.54,--,5,1770,卖盘
1693,10:06:48,3.54,-0.01,5,1770,卖盘
1694,10:06:43,3.55,0.01,10,3550,买盘
1695,10:06:33,3.54,-0.01,7,2478,卖盘
1696,10:06:12,3.55,0.01,30,10650,买盘
1697,10:06:03,3.54,--,7,2478,卖盘
1698,10:05:33,3.54,-0.01,7,2478,卖盘
1699,10:05:18,3.55,--,18,6390,买盘
1700,10:05:12,3.55,--,45,15975,买盘
1701,10:05:03,3.55,--,1,355,买盘
1702,10:04:58,3.55,--,11,3905,买盘
1703,10:04:47,3.55,--,56,19880,买盘
1704,10:04:42,3.55,0.01,1,355,买盘
1705,10:04:33,3.54,--,7,2478,卖盘
1706,10:04:27,3.54,-0.01,109,38586,卖盘
1707,10:04:17,3.55,--,1,355,买盘
1708,10:04:12,3.55,--,3,1065,买盘
1709,10:04:06,3.55,0.01,14,4970,买盘
1710,10:04:01,3.54,-0.01,25,8850,卖盘
1711,10:03:51,3.55,0.01,351,124605,买盘
1712,10:03:41,3.54,--,1,354,卖盘
1713,10:03:30,3.54,-0.01,8,2832,卖盘
1714,10:03:27,3.55,--,6,2130,买盘
1715,10:03:11,3.55,--,101,35855,买盘
1716,10:03:06,3.55,--,24,8520,买盘
1717,10:02:56,3.55,--,20,7100,买盘
1718,10:02:51,3.55,--,4,1420,买盘
1719,10:02:41,3.55,--,1,355,买盘
1720,10:02:37,3.55,0.01,6,2130,买盘
1721,10:02:31,3.54,--,128,45312,卖盘
1722,10:02:27,3.54,--,55,19470,卖盘
1723,10:02:17,3.54,-0.01,41,14514,卖盘
1724,10:02:11,3.55,--,149,52895,买盘
1725,10:02:06,3.55,--,1801,639355,买盘
1726,10:02:01,3.55,0.01,2168,769640,买盘
1727,10:01:57,3.54,--,80,28320,卖盘
1728,10:01:51,3.54,--,30,10620,卖盘
1729,10:01:47,3.54,--,26,9204,卖盘
1730,10:01:42,3.54,--,259,91686,卖盘
1731,10:01:36,3.54,--,114,40356,买盘
1732,10:01:32,3.54,--,316,111864,买盘
1733,10:01:26,3.54,--,1789,633306,买盘
1734,10:01:22,3.54,--,22,7788,买盘
1735,10:01:11,3.54,0.01,215,76110,买盘
1736,10:01:06,3.53,--,16,5648,卖盘
1737,10:01:01,3.53,--,212,74836,卖盘
1738,10:00:57,3.53,-0.01,20,7060,卖盘
1739,10:00:46,3.54,0.01,142,50268,买盘
1740,10:00:42,3.53,-0.01,51,18003,卖盘
1741,10:00:30,3.54,--,21,7434,买盘
1742,10:00:22,3.54,--,18,6372,买盘
1743,10:00:11,3.54,0.01,45,15930,买盘
1744,10:00:06,3.53,-0.01,21,7413,卖盘
1745,09:59:42,3.54,--,2,708,买盘
1746,09:59:30,3.54,--,425,150450,买盘
1747,09:59:05,3.54,--,1,354,买盘
1748,09:58:56,3.54,--,33,11682,买盘
1749,09:58:51,3.54,0.01,169,59826,买盘
1750,09:58:42,3.53,-0.01,71,25063,卖盘
1751,09:58:37,3.54,--,10,3540,买盘
1752,09:58:29,3.54,--,8,2832,买盘
1753,09:58:27,3.54,--,2,708,买盘
1754,09:58:16,3.54,--,130,46020,买盘
1755,09:58:12,3.54,0.01,1,354,买盘
1756,09:58:06,3.53,-0.01,6,2118,卖盘
1757,09:57:57,3.54,0.01,20,7080,买盘
1758,09:57:46,3.53,-0.01,201,70953,卖盘
1759,09:57:41,3.54,--,127,44958,买盘
1760,09:57:30,3.54,--,8,2832,买盘
1761,09:57:25,3.54,--,40,14160,买盘
1762,09:57:21,3.54,--,10,3540,买盘
1763,09:57:06,3.54,0.01,1,354,买盘
1764,09:57:00,3.53,-0.01,244,86132,卖盘
1765,09:56:51,3.54,--,200,70800,买盘
1766,09:56:45,3.54,--,20,7080,买盘
1767,09:56:41,3.54,--,5,1770,买盘
1768,09:56:36,3.54,--,226,80004,买盘
1769,09:56:30,3.54,--,9,3186,买盘
1770,09:56:26,3.54,--,416,147264,买盘
1771,09:56:21,3.54,--,417,147618,买盘
1772,09:56:16,3.54,0.01,270,95580,买盘
1773,09:56:11,3.53,--,54,19062,卖盘
1774,09:56:06,3.53,-0.01,146,51538,卖盘
1775,09:55:36,3.54,0.01,6,2124,买盘
1776,09:55:30,3.53,--,37,13061,卖盘
1777,09:55:20,3.53,--,46,16238,卖盘
1778,09:55:15,3.53,--,568,200504,卖盘
1779,09:55:09,3.53,-0.01,14,4942,卖盘
1780,09:55:06,3.54,0.01,126,44604,买盘
1781,09:54:59,3.53,--,54,19062,卖盘
1782,09:54:40,3.53,-0.01,291,102723,卖盘
1783,09:54:30,3.54,--,12,4248,买盘
1784,09:54:21,3.54,0.01,96,33984,买盘
1785,09:54:15,3.53,--,23,8119,卖盘
1786,09:54:05,3.53,-0.01,8,2824,卖盘
1787,09:54:00,3.54,--,175,61950,买盘
1788,09:53:55,3.54,--,16,5664,买盘
1789,09:53:46,3.54,--,15,5310,买盘
1790,09:53:40,3.54,0.01,5,1770,买盘
1791,09:53:35,3.53,-0.01,2,706,卖盘
1792,09:53:30,3.54,--,35,12390,买盘
1793,09:53:20,3.54,0.01,248,87792,买盘
1794,09:53:15,3.53,-0.01,510,180030,卖盘
1795,09:53:06,3.54,--,1,354,买盘
1796,09:53:00,3.54,--,6,2124,买盘
1797,09:52:51,3.54,0.01,30,10620,买盘
1798,09:52:45,3.53,-0.01,129,45537,卖盘
1799,09:52:31,3.54,--,8,2832,买盘
1800,09:52:21,3.54,--,199,70446,买盘
1801,09:52:15,3.54,--,138,48852,买盘
1802,09:52:06,3.54,--,72,25488,买盘
1803,09:52:00,3.54,0.01,2,708,买盘
1804,09:51:51,3.53,-0.01,30,10590,卖盘
1805,09:51:45,3.54,0.01,391,138414,买盘
1806,09:51:30,3.53,--,1012,357236,卖盘
1807,09:51:24,3.53,-0.01,5,1765,卖盘
1808,09:51:19,3.54,0.01,5,1770,买盘
1809,09:51:15,3.53,-0.01,72,25416,卖盘
1810,09:51:00,3.54,0.01,10,3540,买盘
1811,09:50:54,3.53,--,168,59304,卖盘
1812,09:50:51,3.53,-0.01,277,97781,卖盘
1813,09:50:45,3.54,--,435,153990,买盘
1814,09:50:35,3.54,0.01,829,293466,买盘
1815,09:50:30,3.53,-0.01,11,3883,卖盘
1816,09:50:24,3.54,--,178,63012,买盘
1817,09:50:20,3.54,0.01,14,4956,买盘
1818,09:50:00,3.53,-0.01,5,1765,卖盘
1819,09:49:54,3.54,0.01,215,76110,买盘
1820,09:49:49,3.53,--,94,33182,卖盘
1821,09:49:45,3.53,--,90,31770,卖盘
1822,09:49:39,3.53,-0.01,54,19062,卖盘
1823,09:49:35,3.54,--,324,114696,卖盘
1824,09:49:30,3.54,-0.01,28,9912,卖盘
1825,09:49:15,3.55,0.01,16,5680,买盘
1826,09:49:09,3.54,--,20,7080,卖盘
1827,09:49:05,3.54,-0.01,51,18054,卖盘
1828,09:48:54,3.55,0.01,165,58575,买盘
1829,09:48:38,3.54,--,54,19116,卖盘
1830,09:48:34,3.54,--,286,101244,卖盘
1831,09:48:30,3.54,--,7,2478,卖盘
1832,09:48:24,3.54,-0.01,101,35754,卖盘
1833,09:48:15,3.55,0.01,346,122830,买盘
1834,09:48:03,3.54,--,10,3540,卖盘
1835,09:48:00,3.54,--,100,35400,卖盘
1836,09:47:55,3.54,--,50,17700,卖盘
1837,09:47:50,3.54,--,3,1062,卖盘
1838,09:47:45,3.54,--,1022,361788,卖盘
1839,09:47:35,3.54,--,60,21240,卖盘
1840,09:47:30,3.54,--,242,85668,买盘
1841,09:47:24,3.54,--,13,4602,买盘
1842,09:47:20,3.54,--,469,166026,买盘
1843,09:47:15,3.54,--,56,19824,买盘
1844,09:47:10,3.54,--,1,354,买盘
1845,09:47:05,3.54,--,1,354,买盘
1846,09:46:59,3.54,--,16,5664,买盘
1847,09:46:54,3.54,0.01,100,35400,买盘
1848,09:46:44,3.53,--,69,24357,卖盘
1849,09:46:30,3.53,--,10,3530,卖盘
1850,09:46:24,3.53,--,21,7413,卖盘
1851,09:46:19,3.53,-0.01,9,3177,卖盘
1852,09:46:09,3.54,--,205,72570,买盘
1853,09:46:03,3.54,0.01,1,354,买盘
1854,09:46:00,3.53,-0.01,12,4236,卖盘
1855,09:45:54,3.54,0.01,81,28674,买盘
1856,09:45:48,3.53,-0.01,104,36712,卖盘
1857,09:45:45,3.54,--,64,22656,买盘
1858,09:45:39,3.54,--,416,147264,买盘
1859,09:45:34,3.54,0.01,149,52746,买盘
1860,09:45:29,3.53,-0.01,58,20474,卖盘
1861,09:45:24,3.54,--,200,70800,买盘
1862,09:45:18,3.54,0.01,62,21948,买盘
1863,09:45:09,3.53,-0.01,303,106959,卖盘
1864,09:45:03,3.54,--,243,86022,买盘
1865,09:45:00,3.54,--,392,138768,买盘
1866,09:44:54,3.54,--,158,55932,买盘
1867,09:44:48,3.54,0.01,593,209922,买盘
1868,09:44:44,3.53,-0.01,14,4942,卖盘
1869,09:44:39,3.54,0.01,46,16284,买盘
1870,09:44:33,3.53,--,7,2471,卖盘
1871,09:44:29,3.53,-0.01,2265,799545,卖盘
1872,09:44:24,3.54,--,24,8496,买盘
1873,09:44:18,3.54,0.01,70,24780,买盘
1874,09:44:12,3.53,-0.01,15,5295,卖盘
1875,09:44:09,3.54,--,932,329928,买盘
1876,09:44:03,3.54,--,3,1062,买盘
1877,09:43:59,3.54,--,100,35400,买盘
1878,09:43:53,3.54,0.01,50,17700,买盘
1879,09:43:48,3.53,--,52,18356,卖盘
1880,09:43:43,3.53,-0.01,90,31770,卖盘
1881,09:43:40,3.54,--,4435,1569990,买盘
1882,09:43:34,3.54,--,477,168858,买盘
1883,09:43:24,3.54,0.01,1367,483918,买盘
1884,09:43:17,3.53,-0.01,711,250983,卖盘
1885,09:43:09,3.54,--,39,13806,买盘
1886,09:43:03,3.54,--,176,62304,买盘
1887,09:42:58,3.54,--,119,42126,买盘
1888,09:42:39,3.54,--,9,3186,买盘
1889,09:42:33,3.54,--,59,20886,买盘
1890,09:42:24,3.54,--,61,21594,买盘
1891,09:41:57,3.54,0.01,5,1770,买盘
1892,09:41:53,3.53,--,150,52950,卖盘
1893,09:41:48,3.53,--,62,21886,卖盘
1894,09:41:33,3.53,--,7,2471,卖盘
1895,09:41:28,3.53,-0.01,23,8119,卖盘
1896,09:41:24,3.54,0.01,221,78234,买盘
1897,09:41:18,3.53,--,1010,356530,卖盘
1898,09:41:09,3.53,--,13,4589,卖盘
1899,09:41:03,3.53,-0.01,212,74836,卖盘
1900,09:40:59,3.54,--,802,283908,买盘
1901,09:40:48,3.54,0.01,3,1062,买盘
1902,09:40:44,3.53,-0.01,208,73424,卖盘
1903,09:40:38,3.54,0.01,21,7434,买盘
1904,09:40:33,3.53,--,21,7413,卖盘
1905,09:40:29,3.53,--,428,151084,卖盘
1906,09:40:23,3.53,-0.01,188,66364,卖盘
1907,09:40:18,3.54,0.01,18,6372,买盘
1908,09:40:09,3.53,--,219,77307,卖盘
1909,09:40:03,3.53,-0.01,105,37065,卖盘
1910,09:39:54,3.54,0.01,91,32214,买盘
1911,09:39:48,3.53,--,50,17650,卖盘
1912,09:39:39,3.53,--,1,353,卖盘
1913,09:39:33,3.53,-0.01,258,91074,卖盘
1914,09:39:27,3.54,0.01,7,2478,买盘
1915,09:39:24,3.53,--,15,5295,卖盘
1916,09:39:18,3.53,--,30,10590,卖盘
1917,09:39:12,3.53,--,15,5295,卖盘
1918,09:38:52,3.53,--,19,6707,卖盘
1919,09:38:48,3.53,-0.01,42,14826,卖盘
1920,09:38:42,3.54,--,5,1770,买盘
1921,09:38:33,3.54,--,147,52038,买盘
1922,09:38:27,3.54,0.01,3,1062,买盘
1923,09:38:12,3.53,--,80,28240,卖盘
1924,09:38:03,3.53,-0.01,60,21180,卖盘
1925,09:37:48,3.54,0.01,540,191160,买盘
1926,09:37:33,3.53,--,74,26122,卖盘
1927,09:37:23,3.53,--,1002,353706,卖盘
1928,09:37:03,3.53,--,1,353,卖盘
1929,09:36:57,3.53,-0.01,5,1765,卖盘
1930,09:36:53,3.54,0.01,4,1416,买盘
1931,09:36:48,3.53,--,5,1765,卖盘
1932,09:36:41,3.53,-0.01,96,33888,卖盘
1933,09:36:37,3.54,0.01,68,24072,买盘
1934,09:36:33,3.53,--,122,43066,卖盘
1935,09:36:28,3.53,--,1296,457488,卖盘
1936,09:36:23,3.53,--,15,5295,卖盘
1937,09:36:18,3.53,--,90,31770,卖盘
1938,09:36:12,3.53,--,131,46243,卖盘
1939,09:36:08,3.53,--,111,39183,卖盘
1940,09:36:02,3.53,-0.01,19,6707,卖盘
1941,09:35:53,3.54,0.01,3,1062,买盘
1942,09:35:42,3.53,-0.01,50,17650,卖盘
1943,09:35:38,3.54,--,2020,715080,卖盘
1944,09:35:32,3.54,--,185,65490,卖盘
1945,09:35:23,3.54,-0.01,193,68322,卖盘
1946,09:35:18,3.55,0.01,17,6035,买盘
1947,09:35:12,3.54,--,544,192576,卖盘
1948,09:35:08,3.54,--,39,13806,卖盘
1949,09:35:03,3.54,-0.01,10,3540,卖盘
1950,09:34:57,3.55,0.01,1,355,买盘
1951,09:34:52,3.54,--,80,28320,卖盘
1952,09:34:48,3.54,--,330,116820,卖盘
1953,09:34:42,3.54,--,158,55932,卖盘
1954,09:34:33,3.54,-0.01,8,2832,卖盘
1955,09:34:27,3.55,0.01,658,233590,买盘
1956,09:34:18,3.54,--,15,5310,卖盘
1957,09:34:12,3.54,-0.01,433,153282,卖盘
1958,09:34:08,3.55,0.01,1,355,买盘
1959,09:34:02,3.54,--,1673,592242,卖盘
1960,09:33:55,3.54,--,30,10620,卖盘
1961,09:33:48,3.54,-0.01,117,41418,卖盘
1962,09:33:42,3.55,0.01,20,7100,买盘
1963,09:33:38,3.54,-0.01,1874,663396,卖盘
1964,09:33:33,3.55,0.01,127,45085,买盘
1965,09:33:27,3.54,-0.01,51,18054,卖盘
1966,09:33:12,3.55,--,100,35500,买盘
1967,09:33:06,3.55,0.01,1,355,买盘
1968,09:32:51,3.54,-0.01,333,117882,卖盘
1969,09:32:42,3.55,0.01,70,24850,买盘
1970,09:32:32,3.54,--,222,78588,卖盘
1971,09:32:27,3.54,--,8,2832,卖盘
1972,09:32:16,3.54,--,350,123900,卖盘
1973,09:32:12,3.54,--,439,155406,卖盘
1974,09:32:06,3.54,--,127,44958,卖盘
1975,09:31:57,3.54,--,8,2832,卖盘
1976,09:31:51,3.54,--,105,37170,卖盘
1977,09:31:47,3.54,--,13,4602,卖盘
1978,09:31:42,3.54,-0.01,243,86022,卖盘
1979,09:31:36,3.55,0.01,60,21300,买盘
1980,09:31:21,3.54,--,112,39648,卖盘
1981,09:31:12,3.54,-0.01,50,17700,卖盘
1982,09:31:06,3.55,0.01,92,32660,买盘
1983,09:30:57,3.54,--,109,38586,卖盘
1984,09:30:51,3.54,--,100,35400,卖盘
1985,09:30:47,3.54,--,1386,490644,卖盘
1986,09:30:42,3.54,--,48,16992,卖盘
1987,09:30:32,3.54,--,136,48144,卖盘
1988,09:30:27,3.54,-0.01,3989,1412106,卖盘
1989,09:30:22,3.55,0.01,7,2485,买盘
1990,09:30:06,3.54,-0.01,2325,823050,卖盘
1991,09:28:54,3.55,--,0,0,买盘
1992,09:25:02,3.55,3.55,1579,560545,买盘
