,time,price,change,volume,amount,type
0,15:00:00,5.38,--,0,0,买盘
1,15:00:00,5.38,--,0,0,买盘
2,15:00:00,5.38,0.01,2516,1353608,买盘
3,14:59:57,5.37,-0.01,1344,721728,卖盘
4,14:59:52,5.38,--,4061,2184818,买盘
5,14:59:46,5.38,--,3990,2146620,买盘
6,14:59:41,5.38,0.01,252,135576,买盘
7,14:59:37,5.37,-0.01,2077,1115349,中性盘
8,14:59:31,5.38,--,3866,2079908,买盘
9,14:59:26,5.38,0.02,2054,1105052,买盘
10,14:59:22,5.36,--,2114,1133104,卖盘
11,14:59:16,5.36,--,2326,1246736,卖盘
12,14:59:11,5.36,-0.01,739,396104,卖盘
13,14:59:06,5.37,0.01,2288,1228656,买盘
14,14:59:01,5.36,-0.01,37,19832,卖盘
15,14:58:56,5.37,--,152,81624,买盘
16,14:58:51,5.37,--,164,88068,买盘
17,14:58:46,5.37,--,678,364086,买盘
18,14:58:41,5.37,--,104,55848,买盘
19,14:58:36,5.37,0.01,121,64977,买盘
20,14:58:31,5.36,-0.01,8,4288,卖盘
21,14:58:21,5.37,-0.01,150,80550,买盘
22,14:58:16,5.38,--,836,449768,买盘
23,14:58:11,5.38,0.01,1509,811842,买盘
24,14:58:06,5.37,--,332,178284,卖盘
25,14:58:01,5.37,--,125,67125,卖盘
26,14:57:56,5.37,0.01,2151,1155586,买盘
27,14:57:51,5.36,-0.01,417,223512,卖盘
28,14:57:46,5.37,--,2740,1471380,买盘
29,14:57:41,5.37,--,577,309849,买盘
30,14:57:36,5.37,--,513,275481,买盘
31,14:57:31,5.37,--,2777,1491249,买盘
32,14:57:26,5.37,--,2298,1234026,买盘
33,14:57:21,5.37,--,480,257760,买盘
34,14:57:16,5.37,--,336,180432,买盘
35,14:57:11,5.37,0.01,3,1611,买盘
36,14:57:06,5.36,--,1223,655528,卖盘
37,14:57:01,5.36,--,181,97016,卖盘
38,14:56:56,5.36,--,50,26800,卖盘
39,14:56:51,5.36,-0.01,157,84152,卖盘
40,14:56:46,5.37,--,35,18795,买盘
41,14:56:41,5.37,--,597,320589,买盘
42,14:56:36,5.37,--,37,19869,买盘
43,14:56:31,5.37,0.01,790,424552,买盘
44,14:56:26,5.36,-0.01,9,4824,卖盘
45,14:56:21,5.37,0.01,112,60144,买盘
46,14:56:16,5.36,--,53,28408,卖盘
47,14:56:11,5.36,-0.01,75,40200,卖盘
48,14:56:06,5.37,0.01,177,95049,买盘
49,14:56:01,5.36,-0.01,86,46096,卖盘
50,14:55:56,5.37,0.01,1206,647622,买盘
51,14:55:51,5.36,--,40,21440,卖盘
52,14:55:46,5.36,--,10,5360,卖盘
53,14:55:41,5.36,--,235,125960,卖盘
54,14:55:36,5.36,--,68,36448,卖盘
55,14:55:31,5.36,--,23,12328,卖盘
56,14:55:21,5.36,--,43,23048,卖盘
57,14:55:16,5.36,--,219,117769,买盘
58,14:55:10,5.36,-0.01,1844,988534,卖盘
59,14:55:06,5.37,0.01,118,63366,买盘
60,14:55:01,5.36,--,695,372520,卖盘
61,14:54:55,5.36,-0.01,30,16080,卖盘
62,14:54:51,5.37,--,221,118677,买盘
63,14:54:46,5.37,0.01,48,25776,买盘
64,14:54:40,5.36,-0.01,97,51992,卖盘
65,14:54:36,5.37,0.01,60,32220,买盘
66,14:54:31,5.36,--,169,90584,卖盘
67,14:54:25,5.36,--,67,35912,卖盘
68,14:54:21,5.36,-0.01,49,26264,卖盘
69,14:54:15,5.37,--,484,259908,买盘
70,14:54:10,5.37,--,8,4296,买盘
71,14:54:06,5.37,--,172,92364,买盘
72,14:54:00,5.37,0.01,823,441951,买盘
73,14:53:55,5.36,-0.01,2303,1234408,卖盘
74,14:53:51,5.37,--,1201,644937,买盘
75,14:53:45,5.37,--,227,122333,买盘
76,14:53:40,5.37,0.01,5,2685,买盘
77,14:53:36,5.36,--,290,155440,卖盘
78,14:53:31,5.36,--,168,90048,卖盘
79,14:53:25,5.36,-0.01,2,1072,卖盘
80,14:53:21,5.37,0.01,175,93975,买盘
81,14:53:15,5.36,-0.01,458,245922,卖盘
82,14:53:10,5.37,0.01,4,2148,买盘
83,14:53:06,5.36,--,1042,558512,卖盘
84,14:53:01,5.36,--,158,84688,卖盘
85,14:52:55,5.36,--,203,108808,卖盘
86,14:52:51,5.36,--,1014,543932,卖盘
87,14:52:45,5.36,--,104,55744,卖盘
88,14:52:40,5.36,--,1210,648560,卖盘
89,14:52:36,5.36,--,371,198856,卖盘
90,14:52:30,5.36,--,148,79328,卖盘
91,14:52:25,5.36,--,221,118456,卖盘
92,14:52:20,5.36,-0.01,5,2680,卖盘
93,14:52:15,5.37,0.01,406,218456,买盘
94,14:52:10,5.36,-0.01,231,123816,卖盘
95,14:52:05,5.37,--,87,46719,买盘
96,14:52:00,5.37,--,148,79476,买盘
97,14:51:55,5.37,0.01,815,437655,买盘
98,14:51:45,5.36,--,69,37418,卖盘
99,14:51:40,5.36,--,160,85760,卖盘
100,14:51:30,5.36,--,162,86917,卖盘
101,14:51:20,5.36,-0.01,1,536,卖盘
102,14:51:15,5.37,--,806,433256,买盘
103,14:51:10,5.37,--,566,303942,买盘
104,14:51:05,5.37,--,13,6981,买盘
105,14:51:00,5.37,--,47,25239,买盘
106,14:50:50,5.37,0.01,1346,722802,买盘
107,14:50:45,5.36,-0.01,129,69578,卖盘
108,14:50:40,5.37,0.01,187,100419,买盘
109,14:50:35,5.36,-0.01,6,3676,卖盘
110,14:50:30,5.37,0.01,168,90216,买盘
111,14:50:25,5.36,--,25,13400,卖盘
112,14:50:20,5.36,-0.01,24,12864,卖盘
113,14:50:15,5.37,--,556,299006,买盘
114,14:50:10,5.37,0.01,133,71421,买盘
115,14:50:05,5.36,--,15,8040,卖盘
116,14:50:00,5.36,--,655,351080,卖盘
117,14:49:55,5.36,-0.01,93,50276,卖盘
118,14:49:50,5.37,--,419,225003,买盘
119,14:49:45,5.37,0.01,157,84309,买盘
120,14:49:40,5.36,-0.01,80,42880,卖盘
121,14:49:35,5.37,--,39,20943,买盘
122,14:49:30,5.37,--,146,78402,买盘
123,14:49:25,5.37,--,920,494474,买盘
124,14:49:20,5.37,--,366,196542,买盘
125,14:49:15,5.37,--,158,84846,买盘
126,14:49:10,5.37,0.01,86,46182,买盘
127,14:49:00,5.36,--,151,80936,卖盘
128,14:48:54,5.36,--,2143,1149082,卖盘
129,14:48:49,5.36,-0.01,1055,565480,卖盘
130,14:48:45,5.37,--,148,79476,买盘
131,14:48:40,5.37,0.01,74,40162,买盘
132,14:48:30,5.36,--,96,51456,卖盘
133,14:48:24,5.36,-0.01,11,6330,卖盘
134,14:48:19,5.37,--,9,4833,买盘
135,14:48:15,5.37,0.01,52,27924,买盘
136,14:48:09,5.36,-0.01,66,35804,卖盘
137,14:48:04,5.37,0.01,83,44571,买盘
138,14:48:00,5.36,--,66,35376,卖盘
139,14:47:54,5.36,--,30,16299,买盘
140,14:47:49,5.36,-0.01,503,269822,卖盘
141,14:47:45,5.37,0.01,171,91827,买盘
142,14:47:39,5.36,--,112,60032,卖盘
143,14:47:34,5.36,-0.01,5,3103,卖盘
144,14:47:29,5.37,0.02,169,91187,买盘
145,14:47:24,5.35,-0.01,237,126794,卖盘
146,14:47:19,5.36,--,50,26800,买盘
147,14:47:15,5.36,--,55,29480,买盘
148,14:47:09,5.36,-0.01,2114,1133629,卖盘
149,14:47:04,5.37,0.01,650,349050,买盘
150,14:47:00,5.36,--,286,153296,卖盘
151,14:46:54,5.36,--,131,70644,卖盘
152,14:46:49,5.36,-0.01,160,85760,卖盘
153,14:46:45,5.37,0.01,374,200838,买盘
154,14:46:39,5.36,-0.01,135,72788,卖盘
155,14:46:34,5.37,0.01,620,332940,买盘
156,14:46:30,5.36,-0.01,338,181602,卖盘
157,14:46:24,5.37,0.01,336,180432,买盘
158,14:46:19,5.36,-0.01,24,12864,卖盘
159,14:46:14,5.37,--,55,29535,买盘
160,14:46:09,5.37,0.01,230,123934,买盘
161,14:46:00,5.36,-0.01,249,133898,卖盘
162,14:45:54,5.37,--,8,4296,买盘
163,14:45:49,5.37,0.01,48,25776,买盘
164,14:45:44,5.36,-0.01,24,12864,卖盘
165,14:45:39,5.37,--,1887,1013684,卖盘
166,14:45:34,5.37,--,31,17081,卖盘
167,14:45:29,5.37,--,10048,5395776,卖盘
168,14:45:24,5.37,-0.01,485,260445,卖盘
169,14:45:19,5.38,0.01,619,333022,买盘
170,14:45:14,5.37,-0.01,18,10090,卖盘
171,14:45:09,5.38,0.01,222,119436,买盘
172,14:45:04,5.37,--,10,5370,卖盘
173,14:44:59,5.37,--,58,31580,卖盘
174,14:44:54,5.37,-0.01,474,254538,卖盘
175,14:44:49,5.38,0.01,186,100068,买盘
176,14:44:44,5.37,-0.01,115,62179,卖盘
177,14:44:39,5.38,0.01,179,96302,买盘
178,14:44:34,5.37,--,24,13322,卖盘
179,14:44:29,5.37,--,1240,665880,卖盘
180,14:44:24,5.37,--,522,280314,卖盘
181,14:44:19,5.37,--,89,47793,卖盘
182,14:44:14,5.37,--,39,21372,卖盘
183,14:44:09,5.37,-0.01,167,90108,卖盘
184,14:44:04,5.38,--,102,54876,买盘
185,14:43:59,5.38,0.01,62,33356,买盘
186,14:43:54,5.37,-0.01,634,340458,卖盘
187,14:43:49,5.38,0.01,198,106524,买盘
188,14:43:44,5.37,--,5,3109,卖盘
189,14:43:39,5.37,--,327,176033,卖盘
190,14:43:34,5.37,-0.01,176,94512,卖盘
191,14:43:29,5.38,0.01,47,25286,买盘
192,14:43:24,5.37,-0.01,411,220707,卖盘
193,14:43:19,5.38,0.01,79,42927,买盘
194,14:43:14,5.37,-0.01,10,5370,卖盘
195,14:43:09,5.38,--,85,45730,买盘
196,14:43:04,5.38,0.01,258,138804,买盘
197,14:42:59,5.37,-0.01,48,26210,卖盘
198,14:42:54,5.38,0.01,88,47344,买盘
199,14:42:49,5.37,-0.01,641,344646,卖盘
200,14:42:44,5.38,--,11,5918,买盘
201,14:42:39,5.38,0.01,65,35405,买盘
202,14:42:34,5.37,--,51,27387,卖盘
203,14:42:29,5.37,-0.01,67,35979,卖盘
204,14:42:24,5.38,--,55,29590,买盘
205,14:42:18,5.38,0.01,75,40775,买盘
206,14:42:14,5.37,-0.01,90,48330,卖盘
207,14:42:09,5.38,--,668,359819,买盘
208,14:42:03,5.38,0.01,20,10760,买盘
209,14:41:59,5.37,--,82,44034,卖盘
210,14:41:54,5.37,--,350,187950,卖盘
211,14:41:48,5.37,--,72,38664,卖盘
212,14:41:43,5.37,-0.01,2549,1369242,卖盘
213,14:41:39,5.38,--,706,379828,买盘
214,14:41:33,5.38,0.01,398,214559,买盘
215,14:41:28,5.37,-0.01,282,151434,卖盘
216,14:41:24,5.38,0.01,10,5380,买盘
217,14:41:18,5.37,--,419,225427,卖盘
218,14:41:13,5.37,-0.01,6,3222,卖盘
219,14:41:08,5.38,0.01,875,471180,买盘
220,14:41:03,5.37,-0.01,61,32757,卖盘
221,14:40:58,5.38,--,48,25824,买盘
222,14:40:54,5.38,--,43,23134,买盘
223,14:40:48,5.38,--,61,33243,买盘
224,14:40:43,5.38,0.01,589,316882,买盘
225,14:40:38,5.37,--,84,45108,卖盘
226,14:40:33,5.37,-0.01,130,70244,卖盘
227,14:40:28,5.38,0.01,129,69402,买盘
228,14:40:23,5.37,-0.01,101,54237,卖盘
229,14:40:18,5.38,0.01,508,273734,买盘
230,14:40:13,5.37,--,5,2685,卖盘
231,14:40:08,5.37,--,152,82058,卖盘
232,14:40:03,5.37,-0.01,668,358716,卖盘
233,14:39:58,5.38,--,62,33356,买盘
234,14:39:53,5.38,0.01,24,12912,买盘
235,14:39:48,5.37,--,350,188374,卖盘
236,14:39:43,5.37,-0.01,1,971,卖盘
237,14:39:38,5.38,0.01,69,37122,买盘
238,14:39:33,5.37,--,663,356031,卖盘
239,14:39:28,5.37,--,56,30072,卖盘
240,14:39:23,5.37,--,259,139083,卖盘
241,14:39:18,5.37,--,1171,629251,卖盘
242,14:39:13,5.37,--,76,41246,卖盘
243,14:39:08,5.37,--,90,48330,卖盘
244,14:39:03,5.37,-0.01,397,213189,卖盘
245,14:38:58,5.38,0.01,57,30666,买盘
246,14:38:53,5.37,--,11,5907,卖盘
247,14:38:48,5.37,--,89,48222,卖盘
248,14:38:38,5.37,--,547,294173,卖盘
249,14:38:33,5.37,-0.01,427,229299,卖盘
250,14:38:28,5.38,--,68,36584,买盘
251,14:38:23,5.38,0.01,19,10222,买盘
252,14:38:18,5.37,-0.01,479,257647,卖盘
253,14:38:13,5.38,--,46,25178,买盘
254,14:38:08,5.38,--,96,51648,买盘
255,14:38:03,5.38,--,468,251784,买盘
256,14:37:58,5.38,0.01,144,77472,买盘
257,14:37:53,5.37,-0.01,20,11169,卖盘
258,14:37:48,5.38,0.01,448,241024,买盘
259,14:37:43,5.37,-0.01,23,12351,卖盘
260,14:37:38,5.38,--,103,55849,买盘
261,14:37:33,5.38,--,737,396506,买盘
262,14:37:28,5.38,0.01,342,183996,买盘
263,14:37:23,5.37,-0.01,397,213613,卖盘
264,14:37:18,5.38,--,51,27873,买盘
265,14:37:13,5.38,--,88,47344,买盘
266,14:37:08,5.38,--,51,27438,买盘
267,14:37:03,5.38,--,153,82314,买盘
268,14:36:58,5.38,--,558,300204,买盘
269,14:36:53,5.38,0.01,433,233379,买盘
270,14:36:48,5.37,--,758,407046,卖盘
271,14:36:43,5.37,--,61,33191,卖盘
272,14:36:38,5.37,--,56,30072,卖盘
273,14:36:33,5.37,--,180,96660,卖盘
274,14:36:28,5.37,--,60,32220,卖盘
275,14:36:23,5.37,--,557,299538,卖盘
276,14:36:18,5.37,-0.01,72,39098,卖盘
277,14:36:13,5.38,--,11,5918,买盘
278,14:36:08,5.38,0.01,52,27976,买盘
279,14:36:03,5.37,-0.01,311,167007,卖盘
280,14:35:57,5.38,0.01,551,296438,买盘
281,14:35:53,5.37,--,5,3109,卖盘
282,14:35:48,5.37,--,125,67125,卖盘
283,14:35:42,5.37,-0.01,331,178181,卖盘
284,14:35:38,5.38,0.01,14,7532,买盘
285,14:35:33,5.37,-0.01,144,77328,卖盘
286,14:35:28,5.38,--,500,269425,买盘
287,14:35:23,5.38,0.01,158,85004,买盘
288,14:35:18,5.37,-0.01,635,340995,卖盘
289,14:35:12,5.38,--,646,347978,买盘
290,14:35:08,5.38,--,180,96840,买盘
291,14:35:03,5.38,--,543,292134,买盘
292,14:34:57,5.38,--,141,76288,买盘
293,14:34:53,5.38,--,168,90384,买盘
294,14:34:48,5.38,--,219,117822,买盘
295,14:34:42,5.38,0.01,404,217787,买盘
296,14:34:38,5.37,-0.01,4,2148,卖盘
297,14:34:32,5.38,0.01,156,83928,买盘
298,14:34:27,5.37,-0.01,556,298996,卖盘
299,14:34:22,5.38,--,410,220580,买盘
300,14:34:17,5.38,--,42,23031,买盘
301,14:34:12,5.38,0.01,142,76396,买盘
302,14:34:07,5.37,-0.01,535,287295,卖盘
303,14:34:02,5.38,--,10,5380,买盘
304,14:33:57,5.38,--,23,12799,买盘
305,14:33:52,5.38,--,29,15602,买盘
306,14:33:47,5.38,--,43,23569,买盘
307,14:33:42,5.38,--,125,67250,买盘
308,14:33:37,5.38,0.01,462,248556,买盘
309,14:33:32,5.37,-0.01,435,233595,卖盘
310,14:33:27,5.38,-0.01,195,105340,买盘
311,14:33:22,5.39,0.01,263,141757,买盘
312,14:33:17,5.38,--,185,99965,买盘
313,14:33:12,5.38,--,672,361536,买盘
314,14:33:07,5.38,-0.01,687,369697,卖盘
315,14:33:02,5.39,0.01,240,129359,买盘
316,14:32:57,5.38,--,170,91885,卖盘
317,14:32:52,5.38,-0.01,550,296335,卖盘
318,14:32:47,5.39,0.01,318,171402,买盘
319,14:32:42,5.38,--,70,37660,卖盘
320,14:32:37,5.38,--,196,105448,卖盘
321,14:32:32,5.38,-0.01,488,262974,卖盘
322,14:32:27,5.39,0.01,772,416108,买盘
323,14:32:22,5.38,-0.01,30,16140,卖盘
324,14:32:17,5.39,0.01,86,46785,买盘
325,14:32:12,5.38,--,267,143646,卖盘
326,14:32:07,5.38,--,41,22058,卖盘
327,14:32:02,5.38,--,178,96189,卖盘
328,14:31:57,5.38,--,67,36481,卖盘
329,14:31:52,5.38,--,443,238350,买盘
330,14:31:47,5.38,--,51,27438,买盘
331,14:31:42,5.38,--,1840,990441,卖盘
332,14:31:37,5.38,--,70,37660,卖盘
333,14:31:32,5.38,--,191,103183,卖盘
334,14:31:27,5.38,--,719,386822,卖盘
335,14:31:22,5.38,-0.01,32,17651,卖盘
336,14:31:17,5.39,--,103,55517,买盘
337,14:31:12,5.39,0.01,397,213983,买盘
338,14:31:07,5.38,--,993,534546,卖盘
339,14:31:02,5.38,-0.01,24,12912,卖盘
340,14:30:57,5.39,--,159,85701,买盘
341,14:30:52,5.39,0.01,103,55517,买盘
342,14:30:47,5.38,--,12,6891,卖盘
343,14:30:42,5.38,--,100,53800,卖盘
344,14:30:37,5.38,--,540,290945,卖盘
345,14:30:27,5.38,--,2,1511,卖盘
346,14:30:22,5.38,--,83,44654,卖盘
347,14:30:17,5.38,-0.01,27,14526,卖盘
348,14:30:12,5.39,0.01,783,422037,买盘
349,14:30:07,5.38,-0.01,255,137615,卖盘
350,14:30:02,5.39,0.01,7,3773,买盘
351,14:29:57,5.38,-0.01,574,309242,卖盘
352,14:29:51,5.39,--,113,60907,买盘
353,14:29:42,5.39,--,314,169246,买盘
354,14:29:36,5.39,0.01,642,346469,买盘
355,14:29:32,5.38,--,555,298590,卖盘
356,14:29:27,5.38,-0.01,166,89743,卖盘
357,14:29:21,5.39,0.01,5064,2729905,买盘
358,14:29:17,5.38,-0.01,1024,550912,卖盘
359,14:29:12,5.39,0.01,552,298002,买盘
360,14:29:06,5.38,--,219,118247,卖盘
361,14:29:02,5.38,--,15,8070,卖盘
362,14:28:57,5.38,--,541,291493,卖盘
363,14:28:51,5.38,--,30,16140,卖盘
364,14:28:47,5.38,--,60,32280,卖盘
365,14:28:42,5.38,--,472,253936,卖盘
366,14:28:36,5.38,--,110,59610,卖盘
367,14:28:31,5.38,--,129,69402,卖盘
368,14:28:27,5.38,--,1976,1063093,买盘
369,14:28:21,5.38,0.01,5477,2946626,买盘
370,14:28:12,5.37,-0.01,7,3759,卖盘
371,14:28:06,5.38,--,479,258127,买盘
372,14:28:02,5.38,0.01,5000,2690000,买盘
373,14:27:56,5.37,--,125,67125,卖盘
374,14:27:51,5.37,-0.01,7,4193,卖盘
375,14:27:41,5.38,0.01,54,29052,买盘
376,14:27:36,5.37,-0.01,72,39088,卖盘
377,14:27:31,5.38,--,11,5918,买盘
378,14:27:26,5.38,0.01,672,361536,买盘
379,14:27:21,5.37,--,1,971,卖盘
380,14:27:16,5.37,--,270,144990,卖盘
381,14:27:11,5.37,--,30,16110,卖盘
382,14:27:06,5.37,-0.01,82,44463,卖盘
383,14:27:01,5.38,0.01,100,53800,买盘
384,14:26:56,5.37,-0.01,49,26742,卖盘
385,14:26:51,5.38,0.01,15,8070,买盘
386,14:26:46,5.37,-0.01,20,10740,卖盘
387,14:26:41,5.38,--,5,2690,买盘
388,14:26:36,5.38,--,492,265121,买盘
389,14:26:26,5.38,--,14,7967,买盘
390,14:26:21,5.38,--,201,108138,买盘
391,14:26:11,5.38,0.01,26,13988,买盘
392,14:26:06,5.37,--,510,274294,卖盘
393,14:26:01,5.37,-0.01,466,250676,卖盘
394,14:25:56,5.38,0.01,156,83928,买盘
395,14:25:51,5.37,-0.01,56,30072,卖盘
396,14:25:46,5.38,--,145,78010,买盘
397,14:25:41,5.38,0.01,2,1076,买盘
398,14:25:36,5.37,-0.01,74,40167,卖盘
399,14:25:26,5.38,--,156,84261,卖盘
400,14:25:21,5.38,--,459,246942,卖盘
401,14:25:16,5.38,--,140,75320,卖盘
402,14:25:11,5.38,--,727,391551,卖盘
403,14:25:06,5.38,-0.01,805,433090,卖盘
404,14:25:01,5.39,0.01,86,46354,买盘
405,14:24:56,5.38,--,1290,694455,卖盘
406,14:24:51,5.38,--,622,334636,卖盘
407,14:24:46,5.38,--,89,47882,卖盘
408,14:24:41,5.38,-0.01,2135,1149055,卖盘
409,14:24:36,5.39,0.01,2079,1121017,买盘
410,14:24:31,5.38,--,92,49496,卖盘
411,14:24:26,5.38,-0.01,566,304508,卖盘
412,14:24:21,5.39,0.01,512,275968,买盘
413,14:24:16,5.38,--,60,32280,卖盘
414,14:24:11,5.38,--,452,243606,卖盘
415,14:24:06,5.38,--,278,149564,卖盘
416,14:24:01,5.38,--,356,191958,卖盘
417,14:23:56,5.38,-0.01,336,180768,卖盘
418,14:23:51,5.39,0.01,620,334180,买盘
419,14:23:46,5.38,--,568,306009,卖盘
420,14:23:36,5.38,-0.01,43,23134,卖盘
421,14:23:31,5.39,0.01,280,151356,买盘
422,14:23:26,5.38,--,39,20982,卖盘
423,14:23:21,5.38,--,843,453534,卖盘
424,14:23:16,5.38,--,429,231232,卖盘
425,14:23:11,5.38,-0.01,100,53800,卖盘
426,14:23:06,5.39,0.01,28,15528,买盘
427,14:23:00,5.38,--,421,226498,卖盘
428,14:22:56,5.38,-0.01,22,11836,卖盘
429,14:22:51,5.39,0.01,2091,1127049,买盘
430,14:22:45,5.38,--,210,113405,卖盘
431,14:22:41,5.38,--,3520,1894072,买盘
432,14:22:36,5.38,--,51,27873,买盘
433,14:22:30,5.38,0.01,77,41426,买盘
434,14:22:26,5.37,-0.01,167,89679,卖盘
435,14:22:21,5.38,0.01,6,3228,买盘
436,14:22:15,5.37,-0.01,597,321013,卖盘
437,14:22:11,5.38,0.01,102,54876,买盘
438,14:22:06,5.37,-0.01,211,113741,卖盘
439,14:22:00,5.38,--,840,451920,买盘
440,14:21:56,5.38,--,33,17754,买盘
441,14:21:51,5.38,--,2011,1081918,买盘
442,14:21:45,5.38,--,111,60148,买盘
443,14:21:40,5.38,0.01,2,1076,买盘
444,14:21:35,5.37,-0.01,122,65948,卖盘
445,14:21:26,5.38,--,74,39812,买盘
446,14:21:20,5.38,0.01,70,37660,买盘
447,14:21:15,5.37,-0.01,6,3646,卖盘
448,14:21:11,5.38,--,2079,1118727,卖盘
449,14:21:05,5.38,--,36,19798,卖盘
450,14:21:00,5.38,--,84,45192,卖盘
451,14:20:55,5.38,--,66,35508,卖盘
452,14:20:50,5.38,--,290,156020,卖盘
453,14:20:45,5.38,--,2091,1125377,买盘
454,14:20:41,5.38,--,607,326566,买盘
455,14:20:35,5.38,0.01,83,45089,买盘
456,14:20:30,5.37,-0.01,622,334014,卖盘
457,14:20:25,5.38,--,227,122126,买盘
458,14:20:20,5.38,0.01,841,452458,买盘
459,14:20:15,5.37,-0.01,319,171732,卖盘
460,14:20:10,5.38,0.01,455,244790,买盘
461,14:20:05,5.37,--,1445,775965,卖盘
462,14:20:00,5.37,--,848,455810,卖盘
463,14:19:55,5.37,-0.01,63,33831,卖盘
464,14:19:50,5.38,0.01,845,454610,买盘
465,14:19:45,5.37,-0.01,335,180319,卖盘
466,14:19:40,5.38,--,1086,584268,买盘
467,14:19:35,5.38,--,358,193039,买盘
468,14:19:30,5.38,--,33,17754,买盘
469,14:19:25,5.38,--,2032,1093216,买盘
470,14:19:20,5.38,--,83,45084,买盘
471,14:19:15,5.38,--,1290,694020,买盘
472,14:19:10,5.38,--,2,1076,买盘
473,14:19:05,5.38,0.01,1230,662175,买盘
474,14:19:00,5.37,-0.01,164,88068,卖盘
475,14:18:55,5.38,--,20,10760,买盘
476,14:18:50,5.38,--,16,9033,买盘
477,14:18:45,5.38,0.01,112,60256,买盘
478,14:18:40,5.37,-0.01,3,1611,卖盘
479,14:18:35,5.38,--,332,179051,买盘
480,14:18:30,5.38,--,139,74782,买盘
481,14:18:25,5.38,--,35,18830,买盘
482,14:18:20,5.38,--,7805,4199520,卖盘
483,14:18:15,5.38,-0.01,258,138804,卖盘
484,14:18:10,5.39,0.01,431,232740,买盘
485,14:18:05,5.38,--,1700,914600,卖盘
486,14:18:00,5.38,--,502,270076,卖盘
487,14:17:55,5.38,--,335,180230,卖盘
488,14:17:50,5.38,--,292,157526,卖盘
489,14:17:45,5.38,-0.01,38,20879,卖盘
490,14:17:40,5.39,0.01,171,92169,买盘
491,14:17:35,5.38,-0.01,136,73168,卖盘
492,14:17:30,5.39,0.01,171,92169,买盘
493,14:17:25,5.38,--,24,12912,卖盘
494,14:17:20,5.38,-0.01,1365,734795,卖盘
495,14:17:15,5.39,0.02,4285,2309615,买盘
496,14:17:10,5.37,--,182,98168,卖盘
497,14:17:05,5.37,--,738,396306,卖盘
498,14:17:00,5.37,-0.01,637,342069,卖盘
499,14:16:55,5.38,--,15858,8531604,买盘
500,14:16:50,5.38,--,80,43465,买盘
501,14:16:45,5.38,0.01,508,273304,买盘
502,14:16:40,5.37,-0.01,3,2045,卖盘
503,14:16:34,5.38,--,156,83928,买盘
504,14:16:30,5.38,0.01,454,244252,买盘
505,14:16:24,5.37,-0.01,49,26742,卖盘
506,14:16:19,5.38,--,16,8608,买盘
507,14:16:15,5.38,0.01,227,122126,买盘
508,14:16:09,5.37,-0.01,476,256046,卖盘
509,14:16:04,5.38,--,3,1614,买盘
510,14:16:00,5.38,--,15,8070,买盘
511,14:15:54,5.38,--,102,55301,买盘
512,14:15:49,5.38,--,1,538,买盘
513,14:15:45,5.38,0.01,149,80162,买盘
514,14:15:39,5.37,-0.01,131,70781,卖盘
515,14:15:34,5.38,0.01,417,224346,买盘
516,14:15:30,5.37,--,126,67662,卖盘
517,14:15:24,5.37,-0.01,7,4188,卖盘
518,14:15:19,5.38,0.01,310,166780,买盘
519,14:15:15,5.37,-0.01,89,47793,卖盘
520,14:15:09,5.38,--,216,116638,买盘
521,14:15:04,5.38,0.01,1091,586958,买盘
522,14:14:59,5.37,-0.01,110,59070,卖盘
523,14:14:54,5.38,0.01,128,69289,买盘
524,14:14:49,5.37,--,110,59070,卖盘
525,14:14:44,5.37,--,121,64977,卖盘
526,14:14:39,5.37,-0.01,1126,605096,卖盘
527,14:14:34,5.38,0.01,452,243176,买盘
528,14:14:29,5.37,--,35,18795,卖盘
529,14:14:24,5.37,--,24,13312,卖盘
530,14:14:19,5.37,--,9,4833,卖盘
531,14:14:14,5.37,--,93,50375,卖盘
532,14:14:09,5.37,--,636,341676,买盘
533,14:14:04,5.37,--,60,32220,买盘
534,14:13:54,5.37,0.01,6592,3539904,买盘
535,14:13:49,5.36,-0.01,1,970,卖盘
536,14:13:44,5.37,--,1886,1012782,买盘
537,14:13:39,5.37,--,109,58533,买盘
538,14:13:34,5.37,--,268,143916,买盘
539,14:13:29,5.37,--,963,517555,买盘
540,14:13:19,5.37,--,92,49404,买盘
541,14:13:14,5.37,--,783,420905,买盘
542,14:13:09,5.37,--,467,250779,买盘
543,14:13:04,5.37,--,10,5370,买盘
544,14:12:59,5.37,--,2043,1097515,买盘
545,14:12:54,5.37,--,946,508436,买盘
546,14:12:49,5.37,--,61,32757,买盘
547,14:12:44,5.37,--,276,148212,买盘
548,14:12:39,5.37,--,482,258834,买盘
549,14:12:34,5.37,--,305,163785,买盘
550,14:12:29,5.37,--,1605,862314,买盘
551,14:12:24,5.37,0.01,582,312963,买盘
552,14:12:14,5.36,-0.01,116,62176,卖盘
553,14:12:09,5.37,0.01,113,60681,买盘
554,14:12:04,5.36,--,102,54672,卖盘
555,14:11:59,5.36,-0.01,498,267351,卖盘
556,14:11:54,5.37,0.01,10,5370,买盘
557,14:11:49,5.36,-0.01,30,16514,卖盘
558,14:11:44,5.37,--,594,318978,买盘
559,14:11:39,5.37,0.01,26,13962,买盘
560,14:11:34,5.36,-0.01,11,5896,卖盘
561,14:11:29,5.37,--,399,214687,买盘
562,14:11:24,5.37,--,238,128240,买盘
563,14:11:19,5.37,--,1,537,买盘
564,14:11:14,5.37,--,611,328107,买盘
565,14:11:09,5.37,--,739,396843,买盘
566,14:11:04,5.37,--,395,212115,买盘
567,14:10:59,5.37,--,876,470841,买盘
568,14:10:54,5.37,--,335,180329,买盘
569,14:10:39,5.37,--,65,34905,买盘
570,14:10:34,5.37,0.01,435,233595,买盘
571,14:10:29,5.36,--,30229,16202856,买盘
572,14:10:24,5.36,--,133,71288,买盘
573,14:10:19,5.36,0.02,120,64320,买盘
574,14:10:14,5.34,-0.01,448,239664,卖盘
575,14:10:09,5.35,--,293,156755,买盘
576,14:10:03,5.35,--,696,372360,买盘
577,14:09:59,5.35,--,5213,2789383,买盘
578,14:09:54,5.35,--,140,74900,买盘
579,14:09:48,5.35,0.01,101,54035,买盘
580,14:09:44,5.34,-0.01,483,258354,卖盘
581,14:09:39,5.35,--,332,177620,买盘
582,14:09:33,5.35,0.01,116,62482,买盘
583,14:09:28,5.34,-0.01,37,19758,卖盘
584,14:09:24,5.35,0.01,429,229514,买盘
585,14:09:18,5.34,-0.01,47,25311,卖盘
586,14:09:13,5.35,--,100,53500,买盘
587,14:09:09,5.35,--,627,335445,买盘
588,14:09:03,5.35,--,123,66227,买盘
589,14:08:58,5.35,--,171,91485,买盘
590,14:08:54,5.35,0.01,141,75435,买盘
591,14:08:48,5.34,-0.01,1,966,卖盘
592,14:08:39,5.35,0.01,130,69550,买盘
593,14:08:33,5.34,-0.01,15,8437,卖盘
594,14:08:28,5.35,--,837,447794,买盘
595,14:08:24,5.35,0.01,777,415695,买盘
596,14:08:18,5.34,--,500,267432,卖盘
597,14:08:13,5.34,--,10,5340,卖盘
598,14:08:08,5.34,--,102,54468,卖盘
599,14:08:03,5.34,-0.01,230,123241,卖盘
600,14:07:58,5.35,--,40,21400,买盘
601,14:07:53,5.35,--,141,75868,买盘
602,14:07:43,5.35,--,428,228979,买盘
603,14:07:33,5.35,0.01,117,63017,买盘
604,14:07:28,5.34,-0.01,45,24030,卖盘
605,14:07:23,5.35,--,488,261513,买盘
606,14:07:18,5.35,--,308,164780,买盘
607,14:07:13,5.35,0.01,694,371290,买盘
608,14:07:08,5.34,-0.01,5,3097,卖盘
609,14:07:03,5.35,--,24,12840,买盘
610,14:06:58,5.35,0.01,290,155150,买盘
611,14:06:53,5.34,-0.01,1,966,卖盘
612,14:06:48,5.35,0.01,11,5885,买盘
613,14:06:43,5.34,-0.01,1,534,卖盘
614,14:06:38,5.35,0.01,275,147125,买盘
615,14:06:33,5.34,-0.01,38,20713,卖盘
616,14:06:23,5.35,--,41,22363,买盘
617,14:06:13,5.35,0.01,26,13909,买盘
618,14:06:08,5.34,-0.01,55,29797,卖盘
619,14:06:03,5.35,0.01,102,54570,买盘
620,14:05:58,5.34,-0.01,1,966,卖盘
621,14:05:48,5.35,--,330,176550,买盘
622,14:05:43,5.35,0.01,40,21400,买盘
623,14:05:38,5.34,--,11,6295,卖盘
624,14:05:33,5.34,-0.01,829,442686,卖盘
625,14:05:28,5.35,--,68,36813,买盘
626,14:05:23,5.35,--,82,43870,买盘
627,14:05:18,5.35,--,16,8560,买盘
628,14:05:13,5.35,--,569,304415,买盘
629,14:05:08,5.35,--,502,268992,买盘
630,14:04:58,5.35,--,40,21400,买盘
631,14:04:53,5.35,--,618,330630,买盘
632,14:04:48,5.35,--,19,10165,买盘
633,14:04:38,5.35,--,512,274348,买盘
634,14:04:33,5.35,--,13,6954,买盘
635,14:04:23,5.35,0.01,391,209185,买盘
636,14:04:13,5.34,-0.01,0,480,卖盘
637,14:04:08,5.35,--,511,273807,买盘
638,14:04:03,5.35,0.01,238,127329,买盘
639,14:03:58,5.34,-0.01,108,57672,卖盘
640,14:03:53,5.35,--,1404,751140,买盘
641,14:03:48,5.35,--,41,21935,买盘
642,14:03:43,5.35,--,574,307512,买盘
643,14:03:38,5.35,0.01,500,267500,买盘
644,14:03:33,5.34,-0.01,10,5340,卖盘
645,14:03:28,5.35,--,22,11770,买盘
646,14:03:23,5.35,0.01,472,252519,买盘
647,14:03:12,5.34,--,25,13350,卖盘
648,14:03:08,5.34,-0.01,505,270097,卖盘
649,14:03:03,5.35,--,1,535,买盘
650,14:02:57,5.35,--,119,63664,买盘
651,14:02:53,5.35,--,22,11770,买盘
652,14:02:48,5.35,--,41,21935,买盘
653,14:02:42,5.35,--,529,283437,买盘
654,14:02:38,5.35,0.01,500,267500,买盘
655,14:02:32,5.34,--,24,12816,卖盘
656,14:02:23,5.34,-0.01,10,5340,卖盘
657,14:02:18,5.35,0.01,242,129469,买盘
658,14:02:12,5.34,--,575,307477,卖盘
659,14:02:08,5.34,-0.01,823,439482,卖盘
660,14:01:48,5.35,--,526,281410,买盘
661,14:01:42,5.35,0.01,70,37872,买盘
662,14:01:37,5.34,-0.01,6,3204,卖盘
663,14:01:32,5.35,--,12,6420,买盘
664,14:01:17,5.35,--,17,9517,买盘
665,14:01:02,5.35,0.01,550,294250,买盘
666,14:00:57,5.34,-0.01,200,106800,卖盘
667,14:00:52,5.35,--,40,21400,买盘
668,14:00:47,5.35,0.01,257,137923,买盘
669,14:00:42,5.34,--,217,115878,卖盘
670,14:00:32,5.34,-0.01,11,5874,卖盘
671,14:00:17,5.35,--,464,248662,买盘
672,14:00:07,5.35,--,222,118769,买盘
673,14:00:02,5.35,0.01,87,46545,买盘
674,13:59:57,5.34,--,1,534,卖盘
675,13:59:52,5.34,--,26,14204,卖盘
676,13:59:47,5.34,--,169,90246,卖盘
677,13:59:42,5.34,--,52,27768,卖盘
678,13:59:37,5.34,--,6,3204,卖盘
679,13:59:32,5.34,--,535,286021,卖盘
680,13:59:26,5.34,--,10,5340,卖盘
681,13:59:17,5.34,-0.01,101,53934,卖盘
682,13:58:57,5.35,0.01,55,29424,买盘
683,13:58:47,5.34,--,1,534,卖盘
684,13:58:37,5.34,-0.01,46,24564,卖盘
685,13:58:32,5.35,0.01,12,6420,买盘
686,13:58:22,5.34,--,8,4272,卖盘
687,13:58:17,5.34,--,4,2136,卖盘
688,13:58:07,5.34,-0.01,6,3204,卖盘
689,13:58:02,5.35,0.01,4,2140,买盘
690,13:57:52,5.34,-0.01,4,2136,卖盘
691,13:57:47,5.35,0.01,4,2140,买盘
692,13:57:37,5.34,--,3,1602,卖盘
693,13:57:32,5.34,-0.01,512,273408,卖盘
694,13:57:27,5.35,--,30,16049,买盘
695,13:57:22,5.35,--,20,10700,买盘
696,13:57:17,5.35,--,9,4815,买盘
697,13:57:12,5.35,0.01,8,4280,买盘
698,13:57:07,5.34,-0.01,254,135636,卖盘
699,13:57:02,5.35,--,68,36380,买盘
700,13:56:57,5.35,--,21,11235,买盘
701,13:56:52,5.35,--,361,193274,卖盘
702,13:56:47,5.35,--,1384,740440,卖盘
703,13:56:42,5.35,--,93,49755,卖盘
704,13:56:37,5.35,--,11,5885,卖盘
705,13:56:32,5.35,--,617,330095,卖盘
706,13:56:27,5.35,-0.01,120,64199,卖盘
707,13:56:22,5.36,0.01,248,132928,买盘
708,13:56:17,5.35,--,1303,697105,卖盘
709,13:56:12,5.35,--,20,10700,卖盘
710,13:56:06,5.35,--,35,18725,卖盘
711,13:56:02,5.35,--,71,37985,卖盘
712,13:55:57,5.35,--,200,107000,卖盘
713,13:55:51,5.35,--,100,53500,卖盘
714,13:55:47,5.35,--,20,10700,卖盘
715,13:55:36,5.35,-0.01,6,3210,卖盘
716,13:55:31,5.36,0.01,11,5896,买盘
717,13:55:27,5.35,-0.01,14,7489,卖盘
718,13:55:20,5.36,0.01,322,172592,买盘
719,13:55:11,5.35,--,124,66340,卖盘
720,13:55:06,5.35,--,25,13375,卖盘
721,13:55:01,5.35,--,124,66340,卖盘
722,13:54:56,5.35,--,30,16049,卖盘
723,13:54:51,5.35,-0.01,30,16049,卖盘
724,13:54:47,5.36,0.01,4,2144,买盘
725,13:54:42,5.35,--,32,17120,卖盘
726,13:54:36,5.35,--,6,3210,卖盘
727,13:54:32,5.35,-0.01,1044,558540,卖盘
728,13:54:26,5.36,0.01,252,135072,买盘
729,13:54:17,5.35,--,13,6954,卖盘
730,13:54:11,5.35,--,14,7489,卖盘
731,13:54:06,5.35,-0.01,6,3210,卖盘
732,13:54:02,5.36,--,111,59496,买盘
733,13:53:51,5.36,0.01,55,29480,买盘
734,13:53:46,5.35,--,200,107000,卖盘
735,13:53:41,5.35,--,20,10700,卖盘
736,13:53:36,5.35,--,32,17120,卖盘
737,13:53:31,5.35,--,25,13375,卖盘
738,13:53:21,5.35,-0.01,47,25487,卖盘
739,13:53:16,5.36,--,170,91120,买盘
740,13:53:11,5.36,0.01,24,12864,买盘
741,13:53:06,5.35,--,282,150870,卖盘
742,13:53:01,5.35,--,6,3210,卖盘
743,13:52:50,5.35,--,10,5350,卖盘
744,13:52:46,5.35,--,6,3210,卖盘
745,13:52:36,5.35,--,20,10700,卖盘
746,13:52:31,5.35,--,134,71690,卖盘
747,13:52:26,5.35,-0.01,124,66340,卖盘
748,13:52:21,5.36,--,11,5896,买盘
749,13:52:16,5.36,--,295,158120,买盘
750,13:52:11,5.36,0.01,38,20368,买盘
751,13:52:05,5.35,-0.01,206,110209,卖盘
752,13:51:56,5.36,--,266,142576,买盘
753,13:51:51,5.36,--,15,8040,买盘
754,13:51:46,5.36,--,1,536,买盘
755,13:51:41,5.36,0.01,27,14472,买盘
756,13:51:36,5.35,--,14,7489,卖盘
757,13:51:26,5.35,--,141,75435,卖盘
758,13:51:20,5.35,-0.01,10,5350,卖盘
759,13:51:06,5.36,--,25,13400,买盘
760,13:50:56,5.36,0.01,120,64320,买盘
761,13:50:51,5.35,--,10,5350,卖盘
762,13:50:46,5.35,--,1,535,卖盘
763,13:50:41,5.35,--,15,8024,卖盘
764,13:50:36,5.35,-0.01,11,5885,卖盘
765,13:50:26,5.36,0.01,110,58960,买盘
766,13:50:21,5.35,--,38,20330,卖盘
767,13:50:16,5.35,--,311,166385,卖盘
768,13:50:10,5.35,--,10,5350,卖盘
769,13:50:06,5.35,--,15,8024,卖盘
770,13:50:01,5.35,--,49,26215,卖盘
771,13:49:55,5.35,--,639,341918,买盘
772,13:49:51,5.35,--,742,396970,买盘
773,13:49:36,5.35,0.01,17,9095,买盘
774,13:49:25,5.34,-0.01,3,1602,卖盘
775,13:49:21,5.35,--,15,8024,买盘
776,13:49:10,5.35,--,1,535,买盘
777,13:49:06,5.35,0.01,23,12305,买盘
778,13:49:00,5.34,-0.01,574,306516,卖盘
779,13:48:55,5.35,--,523,279805,买盘
780,13:48:51,5.35,--,1,535,买盘
781,13:48:45,5.35,0.01,9,4815,买盘
782,13:48:35,5.34,--,14,7476,卖盘
783,13:48:10,5.34,-0.01,232,123888,卖盘
784,13:48:06,5.35,--,12,6420,买盘
785,13:47:55,5.35,--,801,428535,买盘
786,13:47:50,5.35,--,300,160500,买盘
787,13:47:45,5.35,--,5,2675,买盘
788,13:47:40,5.35,--,306,163710,买盘
789,13:47:35,5.35,0.01,310,165850,买盘
790,13:47:25,5.34,-0.01,339,181026,卖盘
791,13:47:21,5.35,--,3,1605,买盘
792,13:47:05,5.35,0.01,24,12840,买盘
793,13:47:00,5.34,-0.01,205,109470,卖盘
794,13:46:55,5.35,0.01,350,187250,买盘
795,13:46:50,5.34,--,50,26700,卖盘
796,13:46:45,5.34,-0.01,263,140442,卖盘
797,13:46:40,5.35,--,10,5350,买盘
798,13:46:35,5.35,--,12,6420,买盘
799,13:46:25,5.35,0.01,1714,916989,买盘
800,13:46:20,5.34,-0.01,10,5340,卖盘
801,13:46:15,5.35,--,5,2675,买盘
802,13:46:10,5.35,0.01,10,5350,买盘
803,13:46:05,5.34,--,276,147384,卖盘
804,13:46:00,5.34,-0.01,20,10680,卖盘
805,13:45:55,5.35,--,505,270175,买盘
806,13:45:50,5.35,--,22,11770,买盘
807,13:45:44,5.35,--,3,1605,买盘
808,13:45:40,5.35,0.01,73,39055,买盘
809,13:45:35,5.34,-0.01,14,7476,卖盘
810,13:45:30,5.35,--,10,5350,买盘
811,13:45:25,5.35,--,509,272315,买盘
812,13:45:20,5.35,--,872,466519,买盘
813,13:45:05,5.35,--,3,1605,买盘
814,13:44:59,5.35,--,163,87205,买盘
815,13:44:55,5.35,--,500,267500,买盘
816,13:44:50,5.35,0.01,25,13375,买盘
817,13:44:45,5.34,-0.01,80,42720,卖盘
818,13:44:35,5.35,--,25,13375,买盘
819,13:44:30,5.35,--,5,2675,买盘
820,13:44:25,5.35,--,520,278200,买盘
821,13:44:20,5.35,--,21,11235,买盘
822,13:44:14,5.35,--,56,29959,买盘
823,13:44:00,5.35,--,10,5350,买盘
824,13:43:55,5.35,--,1437,768795,买盘
825,13:43:50,5.35,--,37,19795,买盘
826,13:43:44,5.35,--,293,156755,买盘
827,13:43:35,5.35,0.01,644,344540,买盘
828,13:43:30,5.34,-0.01,90,48524,卖盘
829,13:43:25,5.35,--,500,267500,买盘
830,13:43:20,5.35,--,45,24075,买盘
831,13:43:15,5.35,--,50,26750,买盘
832,13:43:05,5.35,--,291,155685,买盘
833,13:43:00,5.35,--,1,535,买盘
834,13:42:55,5.35,--,524,280340,买盘
835,13:42:49,5.35,--,45,24075,买盘
836,13:42:44,5.35,--,1000,535000,买盘
837,13:42:40,5.35,--,505,270175,买盘
838,13:42:34,5.35,--,21,11235,买盘
839,13:42:30,5.35,--,60,32099,买盘
840,13:42:25,5.35,0.01,500,267500,买盘
841,13:42:04,5.34,--,2,1068,卖盘
842,13:41:59,5.34,-0.01,30,16020,卖盘
843,13:41:55,5.35,--,510,272850,买盘
844,13:41:49,5.35,0.01,213,113954,买盘
845,13:41:34,5.34,-0.01,54,28836,卖盘
846,13:41:29,5.35,--,1437,768795,买盘
847,13:41:24,5.35,0.01,500,267500,买盘
848,13:41:19,5.34,-0.01,24,12816,卖盘
849,13:41:15,5.35,--,23,12305,买盘
850,13:41:09,5.35,--,28,14979,买盘
851,13:41:04,5.35,--,55,29424,买盘
852,13:40:54,5.35,--,510,272850,买盘
853,13:40:49,5.35,--,24,12840,买盘
854,13:40:45,5.35,0.01,296,158360,买盘
855,13:40:34,5.34,--,76,41043,卖盘
856,13:40:29,5.34,--,94,50196,卖盘
857,13:40:23,5.34,-0.01,506,270204,卖盘
858,13:40:19,5.35,--,1711,915384,买盘
859,13:40:04,5.35,0.01,8,4280,买盘
860,13:39:59,5.34,-0.01,61,32574,卖盘
861,13:39:53,5.35,--,500,267500,买盘
862,13:39:49,5.35,0.01,4,2140,买盘
863,13:39:44,5.34,-0.01,380,202920,卖盘
864,13:39:39,5.35,--,3,1605,买盘
865,13:39:34,5.35,--,298,159430,买盘
866,13:39:29,5.35,0.01,47,25145,买盘
867,13:39:23,5.34,--,122,65415,卖盘
868,13:39:19,5.34,--,120,64080,卖盘
869,13:39:04,5.34,--,7,3738,卖盘
870,13:38:54,5.34,-0.01,10,5340,卖盘
871,13:38:49,5.35,--,24,12840,买盘
872,13:38:38,5.35,0.01,1,535,买盘
873,13:38:34,5.34,-0.01,516,275544,卖盘
874,13:38:29,5.35,0.01,881,471334,买盘
875,13:38:24,5.34,-0.01,70,37684,卖盘
876,13:38:19,5.35,0.01,6,3210,买盘
877,13:38:09,5.34,-0.01,409,218406,卖盘
878,13:38:04,5.35,0.01,822,439930,买盘
879,13:37:59,5.34,-0.01,42,22428,卖盘
880,13:37:53,5.35,0.01,1,535,买盘
881,13:37:49,5.34,--,26,13884,卖盘
882,13:37:44,5.34,--,6,3204,卖盘
883,13:37:34,5.34,-0.01,21,11214,卖盘
884,13:37:29,5.35,0.01,27,14444,买盘
885,13:37:23,5.34,--,2,1068,卖盘
886,13:37:19,5.34,-0.01,821,438414,卖盘
887,13:37:14,5.35,--,303,162105,买盘
888,13:37:08,5.35,--,110,58849,买盘
889,13:37:04,5.35,--,37,19795,买盘
890,13:36:53,5.35,--,120,64199,买盘
891,13:36:49,5.35,--,31,16585,买盘
892,13:36:44,5.35,--,34,18190,买盘
893,13:36:38,5.35,--,7,3744,买盘
894,13:36:34,5.35,--,16,8560,买盘
895,13:36:23,5.35,--,49,26215,买盘
896,13:36:19,5.35,0.01,8,4280,买盘
897,13:36:14,5.34,--,50,26700,卖盘
898,13:36:08,5.34,-0.01,6,3204,卖盘
899,13:36:04,5.35,--,2,1070,买盘
900,13:35:59,5.35,--,100,53500,买盘
901,13:35:53,5.35,--,8,4280,买盘
902,13:35:44,5.35,--,60,32099,买盘
903,13:35:38,5.35,--,236,126259,买盘
904,13:35:34,5.35,0.01,13,6954,买盘
905,13:35:23,5.34,-0.01,612,326808,卖盘
906,13:35:19,5.35,--,49,26215,买盘
907,13:35:04,5.35,--,10,5350,买盘
908,13:34:58,5.35,0.01,303,162105,买盘
909,13:34:49,5.34,-0.01,248,132432,卖盘
910,13:34:43,5.35,--,1,535,买盘
911,13:34:38,5.35,--,1413,755955,买盘
912,13:34:34,5.35,0.01,11,5885,买盘
913,13:34:28,5.34,-0.01,51,27234,卖盘
914,13:34:23,5.35,--,50,26750,买盘
915,13:34:13,5.35,0.01,8,4280,买盘
916,13:34:08,5.34,-0.01,1,534,卖盘
917,13:33:58,5.35,--,1761,942134,买盘
918,13:33:53,5.35,0.01,111,59384,买盘
919,13:33:49,5.34,--,19,10146,卖盘
920,13:33:43,5.34,-0.01,15,8010,卖盘
921,13:33:34,5.35,0.01,13,6954,买盘
922,13:33:28,5.34,-0.01,10,5340,卖盘
923,13:33:23,5.35,--,6,3210,买盘
924,13:33:13,5.35,--,82,43870,买盘
925,13:33:09,5.35,--,13,6954,买盘
926,13:33:03,5.35,0.01,1,535,买盘
927,13:32:58,5.34,--,79,42186,卖盘
928,13:32:53,5.34,--,26,13884,卖盘
929,13:32:43,5.34,-0.01,308,164472,卖盘
930,13:32:38,5.35,0.01,381,203835,买盘
931,13:32:34,5.34,-0.01,22,11748,卖盘
932,13:32:28,5.35,--,5,2675,买盘
933,13:32:23,5.35,--,47,25145,买盘
934,13:32:18,5.35,--,739,395365,买盘
935,13:32:13,5.35,--,45,24075,买盘
936,13:32:08,5.35,0.01,3,1605,买盘
937,13:31:53,5.34,--,5,2670,卖盘
938,13:31:38,5.34,-0.01,20,10680,卖盘
939,13:31:32,5.35,--,12,6420,买盘
940,13:31:28,5.35,0.01,51,27285,买盘
941,13:31:23,5.34,--,690,368460,卖盘
942,13:31:17,5.34,-0.01,37,19758,卖盘
943,13:31:08,5.35,0.01,50,26750,买盘
944,13:30:53,5.34,-0.01,20,10680,卖盘
945,13:30:47,5.35,--,1,535,买盘
946,13:30:32,5.35,--,34,18190,买盘
947,13:30:23,5.35,--,19,10165,买盘
948,13:30:17,5.35,--,3,1605,买盘
949,13:30:13,5.35,--,95,50825,买盘
950,13:30:02,5.35,--,83,44405,买盘
951,13:29:58,5.35,--,417,223094,买盘
952,13:29:53,5.35,0.01,31,16585,买盘
953,13:29:38,5.34,--,19,10146,卖盘
954,13:29:32,5.34,--,11,5874,卖盘
955,13:29:28,5.34,--,320,170880,卖盘
956,13:29:23,5.34,--,2,1068,卖盘
957,13:29:17,5.34,-0.01,20,10680,卖盘
958,13:29:13,5.35,--,22,11770,买盘
959,13:29:02,5.35,--,100,53500,买盘
960,13:28:58,5.35,0.01,48,25680,买盘
961,13:28:53,5.34,--,445,237630,卖盘
962,13:28:43,5.34,-0.01,9,4806,卖盘
963,13:28:32,5.35,--,22,11770,买盘
964,13:28:28,5.35,--,24,12840,买盘
965,13:28:17,5.35,--,3,1605,买盘
966,13:28:13,5.35,--,21,11235,买盘
967,13:28:08,5.35,0.01,78,41730,买盘
968,13:28:02,5.34,-0.01,155,82770,卖盘
969,13:27:58,5.35,0.01,159,85065,买盘
970,13:27:53,5.34,-0.01,1001,534534,卖盘
971,13:27:47,5.35,0.01,21,11235,买盘
972,13:27:38,5.34,-0.01,1005,536670,卖盘
973,13:27:32,5.35,0.01,484,258939,买盘
974,13:27:23,5.34,--,10,5340,卖盘
975,13:27:17,5.34,-0.01,48,25632,卖盘
976,13:27:13,5.35,--,5,2675,买盘
977,13:27:02,5.35,0.01,46,24610,买盘
978,13:26:58,5.34,-0.01,10,5340,卖盘
979,13:26:43,5.35,0.01,1,535,买盘
980,13:26:37,5.34,--,5,2670,卖盘
981,13:26:32,5.34,-0.01,30,16020,卖盘
982,13:26:28,5.35,--,1,535,买盘
983,13:26:22,5.35,--,23,12305,买盘
984,13:26:17,5.35,0.01,499,266965,买盘
985,13:26:12,5.34,-0.01,9,4806,卖盘
986,13:26:07,5.35,0.01,1,535,买盘
987,13:26:02,5.34,--,69,36846,卖盘
988,13:25:57,5.34,--,18,9612,卖盘
989,13:25:52,5.34,--,24,12816,卖盘
990,13:25:47,5.34,--,40,21360,卖盘
991,13:25:37,5.34,--,20,10680,卖盘
992,13:25:32,5.34,--,59,31506,卖盘
993,13:25:22,5.34,-0.01,35,18690,卖盘
994,13:25:17,5.35,0.01,434,232189,买盘
995,13:25:07,5.34,--,30,16020,卖盘
996,13:24:57,5.34,-0.01,167,89178,卖盘
997,13:24:52,5.35,--,726,388410,买盘
998,13:24:47,5.35,0.01,94,50290,买盘
999,13:24:42,5.34,-0.01,55,29370,卖盘
1000,13:24:37,5.35,0.01,428,228979,买盘
1001,13:24:32,5.34,--,102,54468,卖盘
1002,13:24:22,5.34,-0.01,74,39516,卖盘
1003,13:24:12,5.35,0.01,10,5350,买盘
1004,13:24:07,5.34,-0.01,123,65682,卖盘
1005,13:24:02,5.35,0.01,30,16049,买盘
1006,13:23:57,5.34,--,3,1602,卖盘
1007,13:23:41,5.34,--,79,42186,卖盘
1008,13:23:37,5.34,--,153,81702,卖盘
1009,13:23:32,5.34,--,1049,560625,买盘
1010,13:23:22,5.34,--,358,191172,买盘
1011,13:23:17,5.34,0.01,27,14418,买盘
1012,13:23:07,5.33,-0.01,205,109265,卖盘
1013,13:23:02,5.34,--,3,1602,买盘
1014,13:22:52,5.34,--,20,10680,买盘
1015,13:22:47,5.34,--,21,11214,买盘
1016,13:22:37,5.34,--,48,25632,买盘
1017,13:22:32,5.34,--,312,166608,买盘
1018,13:22:22,5.34,--,805,429870,买盘
1019,13:22:17,5.34,--,71,37914,买盘
1020,13:22:07,5.34,--,26,13884,买盘
1021,13:21:52,5.34,--,40,21360,买盘
1022,13:21:47,5.34,--,159,84906,买盘
1023,13:21:41,5.34,0.01,40,21360,买盘
1024,13:21:37,5.33,--,46,24518,卖盘
1025,13:21:32,5.33,--,11,5863,卖盘
1026,13:21:26,5.33,-0.01,124,66092,卖盘
1027,13:21:22,5.34,--,1,534,买盘
1028,13:21:17,5.34,--,64,34176,买盘
1029,13:21:11,5.34,0.01,40,21360,买盘
1030,13:21:07,5.33,-0.01,4,2132,卖盘
1031,13:21:02,5.34,--,86,45924,买盘
1032,13:20:47,5.34,0.01,210,112140,买盘
1033,13:20:41,5.33,-0.01,23,12728,卖盘
1034,13:20:32,5.34,--,137,73158,买盘
1035,13:20:22,5.34,--,148,79032,买盘
1036,13:20:17,5.34,--,784,418656,买盘
1037,13:20:11,5.34,0.01,20,10680,买盘
1038,13:20:07,5.33,-0.01,67,35711,卖盘
1039,13:20:02,5.34,0.01,353,188502,买盘
1040,13:19:56,5.33,-0.01,16,8528,卖盘
1041,13:19:52,5.34,--,13,6942,买盘
1042,13:19:47,5.34,--,54,28836,买盘
1043,13:19:41,5.34,--,3,1602,买盘
1044,13:19:31,5.34,--,42,22428,买盘
1045,13:19:22,5.34,--,12,6408,买盘
1046,13:19:11,5.34,0.01,34,18156,买盘
1047,13:19:01,5.33,-0.01,64,34112,卖盘
1048,13:18:51,5.34,--,1,534,买盘
1049,13:18:47,5.34,--,39,20826,买盘
1050,13:18:41,5.34,0.01,29,15486,买盘
1051,13:18:31,5.33,-0.01,17,9061,卖盘
1052,13:18:26,5.34,--,2,1068,买盘
1053,13:18:21,5.34,--,1,534,买盘
1054,13:18:11,5.34,--,64,34176,买盘
1055,13:18:01,5.34,--,21,11214,买盘
1056,13:17:56,5.34,--,2,1068,买盘
1057,13:17:51,5.34,--,1,534,买盘
1058,13:17:46,5.34,--,2,1068,买盘
1059,13:17:41,5.34,0.01,101,53934,买盘
1060,13:17:36,5.33,--,30,15990,卖盘
1061,13:17:31,5.33,-0.01,67,35711,卖盘
1062,13:17:21,5.34,--,3,1602,买盘
1063,13:17:16,5.34,--,37,19758,买盘
1064,13:17:11,5.34,0.01,69,36846,买盘
1065,13:17:01,5.33,-0.01,182,97006,卖盘
1066,13:16:56,5.34,--,1,534,买盘
1067,13:16:51,5.34,--,72,38448,买盘
1068,13:16:46,5.34,0.01,1,534,买盘
1069,13:16:41,5.33,-0.01,106,56498,卖盘
1070,13:16:31,5.34,--,240,128160,买盘
1071,13:16:16,5.34,--,659,351906,买盘
1072,13:16:11,5.34,--,4,2136,买盘
1073,13:16:06,5.34,--,54,28836,买盘
1074,13:16:01,5.34,--,201,107334,买盘
1075,13:15:56,5.34,--,8,4272,买盘
1076,13:15:46,5.34,--,14,7476,买盘
1077,13:15:41,5.34,--,273,145782,卖盘
1078,13:15:35,5.34,--,455,242970,卖盘
1079,13:15:31,5.34,--,231,123354,卖盘
1080,13:15:20,5.34,--,2313,1235142,卖盘
1081,13:15:16,5.34,--,104,55536,卖盘
1082,13:15:11,5.34,--,1080,576720,卖盘
1083,13:15:05,5.34,-0.01,80,42720,卖盘
1084,13:15:01,5.35,0.01,3167,1694345,买盘
1085,13:14:56,5.34,--,160,85440,卖盘
1086,13:14:50,5.34,--,126,67284,卖盘
1087,13:14:46,5.34,--,246,131364,卖盘
1088,13:14:41,5.34,-0.01,97,51798,卖盘
1089,13:14:35,5.35,0.01,25,13375,买盘
1090,13:14:31,5.34,--,11,5874,卖盘
1091,13:14:26,5.34,--,8,4272,卖盘
1092,13:14:20,5.34,--,4466,2384844,卖盘
1093,13:14:16,5.34,--,24,12816,卖盘
1094,13:14:11,5.34,--,103,55002,卖盘
1095,13:14:05,5.34,-0.01,32,17088,卖盘
1096,13:14:01,5.35,0.01,23,12305,买盘
1097,13:13:46,5.34,--,25,13350,卖盘
1098,13:13:41,5.34,--,210,112140,卖盘
1099,13:13:35,5.34,-0.01,124,66216,卖盘
1100,13:13:31,5.35,0.01,11,5885,买盘
1101,13:13:26,5.34,--,10,5340,卖盘
1102,13:13:16,5.34,--,6,3204,卖盘
1103,13:13:01,5.34,--,3,1602,卖盘
1104,13:12:56,5.34,--,19,10146,卖盘
1105,13:12:50,5.34,-0.01,24,12816,卖盘
1106,13:12:46,5.35,--,161,86135,买盘
1107,13:12:35,5.35,0.01,10,5350,买盘
1108,13:12:31,5.34,--,11,5874,卖盘
1109,13:12:25,5.34,--,50,26700,卖盘
1110,13:12:15,5.34,--,30,16020,卖盘
1111,13:12:05,5.34,-0.01,8,4272,卖盘
1112,13:12:01,5.35,--,25,13375,买盘
1113,13:11:56,5.35,0.01,2,1070,买盘
1114,13:11:50,5.34,-0.01,4,2136,卖盘
1115,13:11:45,5.35,0.01,105,56174,买盘
1116,13:11:35,5.34,--,110,58740,卖盘
1117,13:11:30,5.34,--,3,1602,卖盘
1118,13:11:25,5.34,--,30,16020,卖盘
1119,13:11:20,5.34,-0.01,319,170346,卖盘
1120,13:11:15,5.35,0.01,106,56709,买盘
1121,13:10:50,5.34,-0.01,10,5340,卖盘
1122,13:10:40,5.35,--,108,57779,买盘
1123,13:10:35,5.35,0.01,52,27819,买盘
1124,13:10:30,5.34,--,11,5874,卖盘
1125,13:10:20,5.34,-0.01,16,8544,卖盘
1126,13:10:10,5.35,0.01,216,115559,买盘
1127,13:09:50,5.34,--,8,4272,卖盘
1128,13:09:45,5.34,--,140,74760,卖盘
1129,13:09:35,5.34,--,2255,1204170,卖盘
1130,13:09:30,5.34,-0.01,29,15486,卖盘
1131,13:09:25,5.35,0.01,49,26215,买盘
1132,13:09:20,5.34,--,4,2136,卖盘
1133,13:09:15,5.34,--,300,160200,卖盘
1134,13:09:10,5.34,-0.01,15,8010,卖盘
1135,13:09:05,5.35,--,2,1070,买盘
1136,13:09:00,5.35,0.01,4,2140,买盘
1137,13:08:55,5.34,-0.01,9,4806,卖盘
1138,13:08:40,5.35,0.01,65,34775,买盘
1139,13:08:35,5.34,--,54,28836,卖盘
1140,13:08:25,5.34,--,1,534,卖盘
1141,13:08:20,5.34,-0.01,15,8010,卖盘
1142,13:08:10,5.35,0.01,33,17655,买盘
1143,13:08:05,5.34,--,70,37380,卖盘
1144,13:07:50,5.34,-0.01,20,10680,卖盘
1145,13:07:40,5.35,0.01,1,535,买盘
1146,13:07:35,5.34,-0.01,263,140442,卖盘
1147,13:07:30,5.35,--,6,3210,买盘
1148,13:07:20,5.35,0.01,6,3210,买盘
1149,13:07:05,5.34,-0.01,2,1068,卖盘
1150,13:06:55,5.35,0.01,6,3210,买盘
1151,13:06:50,5.34,-0.01,32,17088,卖盘
1152,13:06:40,5.35,0.01,6,3210,买盘
1153,13:06:35,5.34,-0.01,60,32040,卖盘
1154,13:06:25,5.35,0.01,61,32634,买盘
1155,13:06:10,5.34,-0.01,5,2670,卖盘
1156,13:06:05,5.35,0.01,34,18190,买盘
1157,13:05:59,5.34,--,12,6408,卖盘
1158,13:05:55,5.34,--,10,5340,卖盘
1159,13:05:40,5.34,--,20,10680,卖盘
1160,13:05:34,5.34,--,10,5340,卖盘
1161,13:05:25,5.34,-0.01,5,2670,卖盘
1162,13:05:20,5.35,--,14,7489,买盘
1163,13:05:10,5.35,--,6,3210,买盘
1164,13:05:04,5.35,0.01,49,26215,买盘
1165,13:04:55,5.34,-0.01,20,10680,卖盘
1166,13:04:49,5.35,--,37,19795,买盘
1167,13:04:40,5.35,--,200,107000,买盘
1168,13:04:34,5.35,0.01,12,6420,买盘
1169,13:04:19,5.34,-0.01,5,2670,卖盘
1170,13:04:14,5.35,--,1,535,买盘
1171,13:04:04,5.35,--,101,54035,买盘
1172,13:03:59,5.35,--,50,26750,买盘
1173,13:03:55,5.35,--,12,6420,买盘
1174,13:03:49,5.35,--,1,535,买盘
1175,13:03:44,5.35,0.01,22,11770,买盘
1176,13:03:34,5.34,--,16,8544,卖盘
1177,13:03:29,5.34,-0.01,40,21360,卖盘
1178,13:03:24,5.35,--,55,29424,买盘
1179,13:03:19,5.35,--,49,26215,买盘
1180,13:03:09,5.35,0.01,24,12840,买盘
1181,13:03:04,5.34,-0.01,51,27234,卖盘
1182,13:02:59,5.35,--,13,6954,买盘
1183,13:02:49,5.35,--,80,42800,买盘
1184,13:02:44,5.35,0.01,12,6420,买盘
1185,13:02:34,5.34,-0.01,11,5874,卖盘
1186,13:02:29,5.35,--,100,53500,买盘
1187,13:02:19,5.35,--,63,33705,买盘
1188,13:02:14,5.35,-0.01,1436,768260,卖盘
1189,13:02:09,5.36,0.01,22,11792,买盘
1190,13:02:04,5.35,--,30,16049,卖盘
1191,13:01:59,5.35,--,50,26750,卖盘
1192,13:01:49,5.35,-0.01,8,4280,卖盘
1193,13:01:43,5.36,0.01,224,120064,买盘
1194,13:01:39,5.35,--,6,3210,卖盘
1195,13:01:34,5.35,--,111,59384,卖盘
1196,13:01:29,5.35,--,63,33705,卖盘
1197,13:01:19,5.35,--,13,6954,买盘
1198,13:01:14,5.35,-0.01,9,4815,卖盘
1199,13:01:09,5.36,0.02,68,36448,买盘
1200,13:00:59,5.34,-0.01,200,106800,卖盘
1201,13:00:54,5.35,-0.01,20,10700,卖盘
1202,13:00:49,5.36,0.01,21,11256,买盘
1203,13:00:39,5.35,--,30,16049,卖盘
1204,13:00:34,5.35,0.01,13,6954,买盘
1205,13:00:18,5.34,-0.01,103,55002,卖盘
1206,13:00:14,5.35,--,1,535,买盘
1207,13:00:08,5.35,--,189,101115,卖盘
1208,13:00:04,5.35,--,2681,1434335,卖盘
1209,11:30:00,5.35,--,0,0,卖盘
1210,11:29:59,5.35,--,15,8024,卖盘
1211,11:29:56,5.35,--,524,280340,买盘
1212,11:29:51,5.35,--,569,304415,买盘
1213,11:29:45,5.35,--,112,59919,买盘
1214,11:29:41,5.35,--,11,5885,买盘
1215,11:29:35,5.35,--,1220,652700,买盘
1216,11:29:30,5.35,--,300,160500,买盘
1217,11:29:26,5.35,--,71,37985,买盘
1218,11:29:21,5.35,--,535,286225,买盘
1219,11:29:05,5.35,--,1,535,买盘
1220,11:28:55,5.35,--,1001,535535,买盘
1221,11:28:50,5.35,--,1041,556935,买盘
1222,11:28:35,5.35,--,121,64734,买盘
1223,11:28:30,5.35,--,63,33705,买盘
1224,11:28:15,5.35,--,283,151405,买盘
1225,11:28:10,5.35,--,1,535,买盘
1226,11:28:05,5.35,0.01,90,48150,买盘
1227,11:28:00,5.34,-0.01,1,534,卖盘
1228,11:27:55,5.35,--,14,7489,买盘
1229,11:27:50,5.35,--,35,18725,买盘
1230,11:27:45,5.35,0.01,172,92020,买盘
1231,11:27:40,5.34,-0.01,18,9612,卖盘
1232,11:27:35,5.35,0.01,97,51895,买盘
1233,11:27:30,5.34,-0.01,6,3204,卖盘
1234,11:27:25,5.35,--,51,27285,买盘
1235,11:27:20,5.35,--,51,27285,买盘
1236,11:27:10,5.35,--,126,67410,买盘
1237,11:27:05,5.35,0.01,86,46010,买盘
1238,11:27:00,5.34,-0.01,138,73692,卖盘
1239,11:26:55,5.35,--,30,16049,买盘
1240,11:26:45,5.35,--,124,66340,买盘
1241,11:26:40,5.35,0.01,1,535,买盘
1242,11:26:35,5.34,-0.01,40,21360,卖盘
1243,11:26:30,5.35,--,50,26750,买盘
1244,11:26:25,5.35,0.01,124,66340,买盘
1245,11:26:15,5.34,-0.01,32,17088,卖盘
1246,11:26:10,5.35,--,5,2675,买盘
1247,11:26:05,5.35,--,17,9362,买盘
1248,11:25:59,5.35,--,11,5885,买盘
1249,11:25:55,5.35,0.01,1,535,买盘
1250,11:25:44,5.34,-0.01,30,16020,卖盘
1251,11:25:35,5.35,--,400,214000,买盘
1252,11:25:25,5.35,--,4,2140,买盘
1253,11:25:20,5.35,--,11,5885,买盘
1254,11:25:14,5.35,--,20,10700,买盘
1255,11:25:10,5.35,--,1,535,买盘
1256,11:25:00,5.35,--,3,1605,买盘
1257,11:24:55,5.35,--,100,53500,买盘
1258,11:24:50,5.35,--,24,12840,买盘
1259,11:24:44,5.35,--,76,40660,买盘
1260,11:24:40,5.35,--,1,535,买盘
1261,11:24:35,5.35,--,209,111814,中性盘
1262,11:24:29,5.35,--,346,185110,买盘
1263,11:24:24,5.35,0.01,139,74365,买盘
1264,11:24:20,5.34,-0.01,390,208260,卖盘
1265,11:24:14,5.35,--,60,32099,卖盘
1266,11:24:09,5.35,--,40,21400,卖盘
1267,11:24:05,5.35,--,18,9630,卖盘
1268,11:23:59,5.35,--,38,20330,卖盘
1269,11:23:54,5.35,--,3,1605,买盘
1270,11:23:50,5.35,--,661,353635,买盘
1271,11:23:39,5.35,0.01,1,535,买盘
1272,11:23:35,5.34,-0.01,10,5340,卖盘
1273,11:23:24,5.35,--,20,10700,买盘
1274,11:23:20,5.35,--,685,366667,卖盘
1275,11:23:14,5.35,-0.01,20,10700,卖盘
1276,11:23:09,5.36,0.01,67,35912,买盘
1277,11:23:05,5.35,--,391,209527,买盘
1278,11:22:54,5.35,--,935,500224,买盘
1279,11:22:50,5.35,--,441,236127,卖盘
1280,11:22:44,5.35,--,234,125189,卖盘
1281,11:22:39,5.35,--,478,255729,卖盘
1282,11:22:35,5.35,--,5469,2925915,卖盘
1283,11:22:29,5.35,-0.01,30,16049,卖盘
1284,11:22:24,5.36,0.01,5,2680,买盘
1285,11:22:20,5.35,--,54,28889,卖盘
1286,11:22:14,5.35,-0.01,1082,578870,卖盘
1287,11:22:09,5.36,0.01,334,179024,买盘
1288,11:21:59,5.35,--,305,163175,卖盘
1289,11:21:54,5.35,--,43,23005,卖盘
1290,11:21:49,5.35,--,55,29424,卖盘
1291,11:21:44,5.35,--,50,26750,卖盘
1292,11:21:34,5.35,--,319,170665,卖盘
1293,11:21:29,5.35,-0.01,64,34240,卖盘
1294,11:21:24,5.36,0.01,9,4824,买盘
1295,11:21:20,5.35,--,102,54570,卖盘
1296,11:21:14,5.35,--,33,17655,卖盘
1297,11:21:05,5.35,--,287,153545,卖盘
1298,11:20:54,5.35,--,510,272850,卖盘
1299,11:20:50,5.35,--,5,2675,卖盘
1300,11:20:44,5.35,-0.01,9,4815,卖盘
1301,11:20:39,5.36,0.01,51,27336,买盘
1302,11:20:34,5.35,--,21,11235,卖盘
1303,11:20:29,5.35,--,5013,2682297,买盘
1304,11:20:24,5.35,0.01,867,463844,买盘
1305,11:20:19,5.34,-0.01,757,404238,卖盘
1306,11:20:14,5.35,--,251,134285,买盘
1307,11:20:09,5.35,--,599,320465,买盘
1308,11:20:04,5.35,--,1686,902009,买盘
1309,11:19:59,5.35,--,73,39055,买盘
1310,11:19:54,5.35,--,19,10165,买盘
1311,11:19:49,5.35,0.01,9,4815,买盘
1312,11:19:44,5.34,-0.01,208,111072,卖盘
1313,11:19:34,5.35,--,1528,817480,买盘
1314,11:19:24,5.35,--,1,535,买盘
1315,11:19:19,5.35,--,279,149265,买盘
1316,11:19:14,5.35,0.01,1268,678380,买盘
1317,11:19:09,5.34,--,10,5340,卖盘
1318,11:19:04,5.34,-0.01,10,5340,卖盘
1319,11:18:59,5.35,0.01,44,23540,买盘
1320,11:18:44,5.34,--,25,13350,卖盘
1321,11:18:38,5.34,-0.01,217,115878,卖盘
1322,11:18:34,5.35,--,32,17120,买盘
1323,11:18:29,5.35,--,101,54035,买盘
1324,11:18:23,5.35,--,8,4280,买盘
1325,11:18:19,5.35,--,5,2675,买盘
1326,11:18:08,5.35,0.01,559,299065,买盘
1327,11:18:04,5.34,--,288,153792,卖盘
1328,11:17:53,5.34,-0.01,205,109470,卖盘
1329,11:17:44,5.35,--,173,92555,买盘
1330,11:17:38,5.35,0.01,158,84530,买盘
1331,11:17:34,5.34,-0.01,11,5874,卖盘
1332,11:17:29,5.35,0.01,10,5350,买盘
1333,11:17:23,5.34,-0.01,15,8010,卖盘
1334,11:17:19,5.35,--,30,16049,买盘
1335,11:17:14,5.35,0.01,43,23005,买盘
1336,11:17:08,5.34,-0.01,99,52866,卖盘
1337,11:17:04,5.35,0.01,28,14979,买盘
1338,11:16:59,5.34,--,44,23496,卖盘
1339,11:16:53,5.34,--,10,5340,卖盘
1340,11:16:38,5.34,-0.01,69,36846,卖盘
1341,11:16:34,5.35,--,80,42800,买盘
1342,11:16:29,5.35,0.01,39,20865,买盘
1343,11:16:23,5.34,-0.01,989,528126,卖盘
1344,11:16:14,5.35,0.01,473,253054,买盘
1345,11:16:08,5.34,--,8,4272,卖盘
1346,11:15:48,5.34,--,1,534,卖盘
1347,11:15:43,5.34,-0.01,55,29370,卖盘
1348,11:15:38,5.35,0.01,43,23005,买盘
1349,11:15:33,5.34,-0.01,13,6942,卖盘
1350,11:15:28,5.35,0.01,360,192600,买盘
1351,11:15:23,5.34,--,30,16020,卖盘
1352,11:15:18,5.34,-0.01,506,270204,卖盘
1353,11:15:13,5.35,0.01,313,167455,买盘
1354,11:15:08,5.34,-0.01,33,17622,卖盘
1355,11:15:03,5.35,0.01,1,535,买盘
1356,11:14:58,5.34,-0.01,20,10680,卖盘
1357,11:14:53,5.35,--,69,36915,买盘
1358,11:14:48,5.35,--,3,1605,买盘
1359,11:14:43,5.35,0.01,1,535,买盘
1360,11:14:38,5.34,-0.01,2,1068,卖盘
1361,11:14:33,5.35,--,1719,919664,买盘
1362,11:14:28,5.35,--,8,4280,买盘
1363,11:14:23,5.35,--,121,64734,买盘
1364,11:14:18,5.35,0.01,5,2675,买盘
1365,11:14:08,5.34,-0.01,13,6942,卖盘
1366,11:13:58,5.35,--,1,535,买盘
1367,11:13:53,5.35,--,121,64734,买盘
1368,11:13:48,5.35,--,513,274455,买盘
1369,11:13:43,5.35,0.01,50,26750,买盘
1370,11:13:38,5.34,--,90,48060,卖盘
1371,11:13:33,5.34,-0.01,11,5874,卖盘
1372,11:13:28,5.35,--,19,10165,买盘
1373,11:13:23,5.35,--,3988,2133580,买盘
1374,11:13:13,5.35,--,20,10700,买盘
1375,11:13:08,5.35,0.01,90,48150,买盘
1376,11:13:03,5.34,-0.01,39,20826,卖盘
1377,11:12:53,5.35,--,29,15514,买盘
1378,11:12:43,5.35,--,66,35310,买盘
1379,11:12:38,5.35,--,15,8024,买盘
1380,11:12:33,5.35,--,14,7489,买盘
1381,11:12:28,5.35,--,2,1070,买盘
1382,11:12:18,5.35,--,180,96300,买盘
1383,11:12:08,5.35,0.01,216,115987,买盘
1384,11:12:03,5.34,--,7,3738,卖盘
1385,11:11:58,5.34,--,5,2670,卖盘
1386,11:11:53,5.34,--,60,32040,卖盘
1387,11:11:47,5.34,--,67,35778,卖盘
1388,11:11:43,5.34,--,66,35244,卖盘
1389,11:11:38,5.34,--,150,80100,卖盘
1390,11:11:32,5.34,--,173,92488,卖盘
1391,11:11:28,5.34,--,10,5340,卖盘
1392,11:11:23,5.34,--,10,5340,卖盘
1393,11:11:17,5.34,--,31,16554,卖盘
1394,11:11:13,5.34,-0.01,58,30972,卖盘
1395,11:11:08,5.35,0.01,11,5885,买盘
1396,11:11:02,5.34,--,50,26700,卖盘
1397,11:10:58,5.34,--,18,9612,卖盘
1398,11:10:53,5.34,-0.01,104,55536,卖盘
1399,11:10:47,5.35,0.01,323,172805,买盘
1400,11:10:43,5.34,--,9,4806,卖盘
1401,11:10:38,5.34,--,94,50196,卖盘
1402,11:10:32,5.34,--,141,75294,卖盘
1403,11:10:23,5.34,--,66,35244,卖盘
1404,11:10:17,5.34,-0.01,23,12282,卖盘
1405,11:10:13,5.35,0.01,2031,1086585,买盘
1406,11:10:08,5.34,-0.01,160,85440,卖盘
1407,11:10:02,5.35,0.01,51,27285,买盘
1408,11:09:58,5.34,--,1,534,卖盘
1409,11:09:53,5.34,--,3,1602,卖盘
1410,11:09:47,5.34,--,21,11214,卖盘
1411,11:09:38,5.34,-0.01,24,12816,卖盘
1412,11:09:32,5.35,0.01,213,113954,买盘
1413,11:09:28,5.34,--,27,14418,卖盘
1414,11:09:23,5.34,--,100,53400,卖盘
1415,11:09:17,5.34,--,411,219474,卖盘
1416,11:09:13,5.34,--,49,26166,卖盘
1417,11:09:08,5.34,--,21,11214,卖盘
1418,11:09:02,5.34,-0.01,210,112140,卖盘
1419,11:08:58,5.35,0.01,1,535,买盘
1420,11:08:53,5.34,--,340,181987,买盘
1421,11:08:42,5.34,--,1,534,买盘
1422,11:08:37,5.34,0.01,200,106800,买盘
1423,11:08:32,5.33,-0.01,186,99244,卖盘
1424,11:08:28,5.34,--,6,3204,卖盘
1425,11:08:22,5.34,--,294,156996,卖盘
1426,11:08:17,5.34,--,131,69954,卖盘
1427,11:08:07,5.34,-0.01,3054,1630836,卖盘
1428,11:08:02,5.35,--,333,178155,买盘
1429,11:07:57,5.35,0.01,1,535,买盘
1430,11:07:47,5.34,--,32,17088,卖盘
1431,11:07:42,5.34,--,4,2136,卖盘
1432,11:07:37,5.34,--,125,66750,卖盘
1433,11:07:32,5.34,--,51,27234,卖盘
1434,11:07:17,5.34,--,52,27768,卖盘
1435,11:07:12,5.34,-0.01,229,122286,卖盘
1436,11:07:07,5.35,--,34,18190,买盘
1437,11:07:02,5.35,0.01,14,7489,买盘
1438,11:06:57,5.34,-0.01,722,385548,卖盘
1439,11:06:52,5.35,0.01,23,12305,买盘
1440,11:06:42,5.34,--,169,90246,卖盘
1441,11:06:37,5.34,--,22,11748,卖盘
1442,11:06:32,5.34,-0.01,293,156462,卖盘
1443,11:06:27,5.35,--,1,535,买盘
1444,11:06:22,5.35,--,68,36380,买盘
1445,11:06:17,5.35,0.01,180,96300,买盘
1446,11:06:07,5.34,--,11,5874,卖盘
1447,11:06:02,5.34,--,55,29370,卖盘
1448,11:05:57,5.34,-0.01,20,10680,卖盘
1449,11:05:52,5.35,0.01,75,40125,买盘
1450,11:05:47,5.34,-0.01,49,26166,卖盘
1451,11:05:42,5.35,0.01,13,6954,买盘
1452,11:05:37,5.34,--,28,14952,卖盘
1453,11:05:32,5.34,-0.01,63,33642,卖盘
1454,11:05:27,5.35,0.01,11,5885,买盘
1455,11:05:22,5.34,-0.01,161,85974,卖盘
1456,11:05:17,5.35,0.01,560,299600,买盘
1457,11:05:12,5.34,-0.01,1,534,卖盘
1458,11:05:07,5.35,--,673,360055,买盘
1459,11:05:02,5.35,0.01,75,40125,买盘
1460,11:04:57,5.34,--,62,33108,卖盘
1461,11:04:52,5.34,--,148,79032,卖盘
1462,11:04:47,5.34,--,830,443220,卖盘
1463,11:04:41,5.34,--,132,70488,卖盘
1464,11:04:32,5.34,--,41,21894,卖盘
1465,11:04:26,5.34,--,25,13350,卖盘
1466,11:04:17,5.34,--,98,52332,卖盘
1467,11:04:11,5.34,-0.01,6,3204,卖盘
1468,11:04:02,5.35,0.01,319,170665,买盘
1469,11:03:56,5.34,--,24,12816,卖盘
1470,11:03:52,5.34,--,36,19224,卖盘
1471,11:03:47,5.34,--,105,56070,卖盘
1472,11:03:41,5.34,-0.01,100,53400,卖盘
1473,11:03:37,5.35,--,20,10700,买盘
1474,11:03:32,5.35,0.01,18,9630,买盘
1475,11:03:26,5.34,--,74,39516,卖盘
1476,11:03:17,5.34,-0.01,3101,1655934,卖盘
1477,11:03:11,5.35,0.01,4242,2269470,买盘
1478,11:03:02,5.34,-0.01,13,6942,卖盘
1479,11:02:56,5.35,--,48,25680,买盘
1480,11:02:52,5.35,0.01,16,8560,买盘
1481,11:02:47,5.34,-0.01,52,27768,卖盘
1482,11:02:41,5.35,--,11,5885,买盘
1483,11:02:32,5.35,0.01,247,132145,买盘
1484,11:02:26,5.34,-0.01,10,5340,卖盘
1485,11:02:22,5.35,--,25,13375,买盘
1486,11:02:17,5.35,0.01,226,120909,买盘
1487,11:02:11,5.34,-0.01,330,176647,卖盘
1488,11:02:07,5.35,--,103,55104,买盘
1489,11:02:02,5.35,--,934,499689,买盘
1490,11:01:56,5.35,--,28,14979,买盘
1491,11:01:52,5.35,0.01,3,1605,买盘
1492,11:01:46,5.34,-0.01,342,182628,卖盘
1493,11:01:41,5.35,0.01,218,116629,买盘
1494,11:01:37,5.34,--,143,76362,卖盘
1495,11:01:31,5.34,-0.01,148,79032,卖盘
1496,11:01:26,5.35,0.01,145,77575,买盘
1497,11:01:16,5.34,-0.01,105,56070,卖盘
1498,11:01:11,5.35,--,34,18190,买盘
1499,11:01:07,5.35,0.01,110,58849,买盘
1500,11:01:01,5.34,--,240,128160,卖盘
1501,11:00:56,5.34,-0.01,570,304380,卖盘
1502,11:00:51,5.35,--,87,46545,买盘
1503,11:00:46,5.35,0.01,128,68480,买盘
1504,11:00:41,5.34,-0.01,4,2136,卖盘
1505,11:00:36,5.35,0.01,147,78645,买盘
1506,11:00:31,5.34,-0.01,152,81168,卖盘
1507,11:00:26,5.35,0.01,344,184040,买盘
1508,11:00:21,5.34,-0.01,102,54468,卖盘
1509,11:00:16,5.35,0.01,1061,567635,买盘
1510,11:00:11,5.34,-0.01,2048,1093632,卖盘
1511,11:00:07,5.35,0.01,188,100580,买盘
1512,11:00:01,5.34,--,4826,2577084,买盘
1513,10:59:56,5.34,--,1010,539340,买盘
1514,10:59:51,5.34,--,104,55536,买盘
1515,10:59:46,5.34,--,345,184230,买盘
1516,10:59:41,5.34,--,545,291030,买盘
1517,10:59:36,5.34,--,333,177822,买盘
1518,10:59:31,5.34,0.01,3093,1651662,买盘
1519,10:59:26,5.33,-0.01,347,184951,卖盘
1520,10:59:21,5.34,--,1,534,买盘
1521,10:59:16,5.34,--,137,73158,买盘
1522,10:59:11,5.34,0.01,336,179424,买盘
1523,10:59:06,5.33,-0.01,10,5330,卖盘
1524,10:59:01,5.34,--,139,74226,买盘
1525,10:58:56,5.34,--,73,38982,买盘
1526,10:58:51,5.34,--,703,375402,买盘
1527,10:58:46,5.34,0.01,200,106800,买盘
1528,10:58:41,5.33,--,209,111397,卖盘
1529,10:58:36,5.33,--,63,33579,卖盘
1530,10:58:31,5.33,-0.01,160,85280,卖盘
1531,10:58:26,5.34,0.01,17,9078,买盘
1532,10:58:21,5.33,-0.01,10,5330,卖盘
1533,10:58:16,5.34,--,913,487542,买盘
1534,10:58:11,5.34,--,82,43788,买盘
1535,10:58:06,5.34,0.01,50,26700,买盘
1536,10:58:01,5.33,--,9281,4946773,买盘
1537,10:57:56,5.33,0.01,10018,5339594,买盘
1538,10:57:46,5.32,--,56,29792,卖盘
1539,10:57:41,5.32,-0.01,28,14896,卖盘
1540,10:57:35,5.33,0.01,38,20254,买盘
1541,10:57:31,5.32,-0.01,86,45752,卖盘
1542,10:57:26,5.33,--,1,533,买盘
1543,10:57:20,5.33,--,31,16523,买盘
1544,10:57:16,5.33,0.01,24,12792,买盘
1545,10:57:11,5.32,-0.01,96,51072,卖盘
1546,10:57:01,5.33,0.01,559,297947,买盘
1547,10:56:56,5.32,-0.01,961,511252,卖盘
1548,10:56:46,5.33,0.01,39,20787,买盘
1549,10:56:41,5.32,-0.01,11,5852,卖盘
1550,10:56:35,5.33,0.01,39,20787,买盘
1551,10:56:20,5.32,--,6794,3614886,买盘
1552,10:56:11,5.32,--,33,17556,买盘
1553,10:56:01,5.32,0.01,112,59584,买盘
1554,10:55:56,5.31,-0.01,547,290457,卖盘
1555,10:55:41,5.32,--,1930,1026760,买盘
1556,10:55:35,5.32,--,14,7448,买盘
1557,10:55:26,5.32,--,30,15960,买盘
1558,10:55:20,5.32,--,27,14364,买盘
1559,10:55:15,5.32,--,11,5852,买盘
1560,10:55:10,5.32,--,9,4788,买盘
1561,10:55:05,5.32,--,1,532,买盘
1562,10:54:55,5.32,0.01,29,15428,买盘
1563,10:54:50,5.31,--,4,2124,卖盘
1564,10:54:35,5.31,--,10,5310,卖盘
1565,10:54:30,5.31,-0.01,45,23895,卖盘
1566,10:54:25,5.32,0.01,1,532,买盘
1567,10:54:20,5.31,-0.01,220,116819,卖盘
1568,10:54:15,5.32,--,34,18088,买盘
1569,10:54:10,5.32,0.01,60,31920,买盘
1570,10:54:05,5.31,-0.01,443,235232,卖盘
1571,10:54:01,5.32,0.01,10,5320,买盘
1572,10:53:55,5.31,-0.01,3,1592,卖盘
1573,10:53:50,5.32,0.01,1201,638932,买盘
1574,10:53:40,5.31,-0.01,57,30266,卖盘
1575,10:53:35,5.32,--,13,6916,买盘
1576,10:53:15,5.32,--,10,5320,买盘
1577,10:53:10,5.32,--,2,1064,买盘
1578,10:53:05,5.32,--,129,68628,买盘
1579,10:53:00,5.32,--,5,2660,买盘
1580,10:52:55,5.32,--,4,2128,买盘
1581,10:52:50,5.32,--,144,76608,买盘
1582,10:52:35,5.32,--,204,108528,买盘
1583,10:52:25,5.32,--,82,43624,买盘
1584,10:52:20,5.32,--,31,16492,买盘
1585,10:52:15,5.32,0.01,40,21280,买盘
1586,10:52:10,5.31,-0.01,7,3716,卖盘
1587,10:52:05,5.32,--,70,37240,买盘
1588,10:52:00,5.32,--,3,1596,买盘
1589,10:51:55,5.32,--,473,251636,买盘
1590,10:51:50,5.32,--,120,63840,买盘
1591,10:51:40,5.32,--,44,23408,买盘
1592,10:51:35,5.32,--,216,114912,买盘
1593,10:51:30,5.32,--,31,16492,买盘
1594,10:51:25,5.32,--,1,532,买盘
1595,10:51:20,5.32,--,17,9044,买盘
1596,10:51:14,5.32,--,100,53200,买盘
1597,10:51:10,5.32,--,21,11172,买盘
1598,10:51:05,5.32,--,229,121828,买盘
1599,10:50:59,5.32,--,44,23408,买盘
1600,10:50:55,5.32,--,62,32984,买盘
1601,10:50:50,5.32,--,487,259084,买盘
1602,10:50:40,5.32,0.01,864,459648,买盘
1603,10:50:35,5.31,-0.01,255,135405,卖盘
1604,10:50:25,5.32,--,105,55860,买盘
1605,10:50:20,5.32,--,344,183008,买盘
1606,10:50:14,5.32,--,698,371336,买盘
1607,10:50:10,5.32,--,30,15960,买盘
1608,10:49:59,5.32,--,2168,1153376,买盘
1609,10:49:55,5.32,--,4545,2417940,买盘
1610,10:49:50,5.32,--,2764,1470448,买盘
1611,10:49:44,5.32,0.01,173,92036,买盘
1612,10:49:39,5.31,-0.01,5,2655,卖盘
1613,10:49:35,5.32,--,163,86716,买盘
1614,10:49:14,5.32,--,219,116508,买盘
1615,10:49:05,5.32,0.01,30,15960,买盘
1616,10:48:59,5.31,--,34,18054,卖盘
1617,10:48:44,5.31,--,30,15929,卖盘
1618,10:48:39,5.31,--,500,265500,卖盘
1619,10:48:35,5.31,-0.01,11,5841,卖盘
1620,10:48:29,5.32,--,1,532,买盘
1621,10:48:14,5.32,--,68,36176,买盘
1622,10:48:04,5.32,--,1,532,买盘
1623,10:47:49,5.32,--,20,10640,买盘
1624,10:47:44,5.32,0.01,1,532,买盘
1625,10:47:34,5.31,--,521,276651,卖盘
1626,10:47:29,5.31,-0.01,10,5310,卖盘
1627,10:47:24,5.32,--,13,6916,买盘
1628,10:47:14,5.32,--,127,67564,买盘
1629,10:47:04,5.32,--,546,290472,买盘
1630,10:46:59,5.32,0.01,1,532,买盘
1631,10:46:54,5.31,-0.01,45,23895,卖盘
1632,10:46:49,5.32,--,3,1596,买盘
1633,10:46:39,5.32,0.01,10,5320,买盘
1634,10:46:34,5.31,-0.01,31,16461,卖盘
1635,10:46:29,5.32,--,50,26600,买盘
1636,10:46:19,5.32,--,100,53200,买盘
1637,10:46:14,5.32,--,123,65436,买盘
1638,10:46:09,5.32,0.01,1,532,买盘
1639,10:45:59,5.31,-0.01,559,296829,卖盘
1640,10:45:49,5.32,--,474,252168,买盘
1641,10:45:44,5.32,0.01,2,1064,买盘
1642,10:45:39,5.31,--,10,5310,卖盘
1643,10:45:34,5.31,-0.01,36,19116,卖盘
1644,10:45:29,5.32,0.01,1,532,买盘
1645,10:45:19,5.31,-0.01,16,8496,卖盘
1646,10:45:14,5.32,--,470,250040,买盘
1647,10:45:04,5.32,--,155,82460,买盘
1648,10:44:54,5.32,--,40,21280,买盘
1649,10:44:44,5.32,0.01,1,532,买盘
1650,10:44:34,5.31,--,696,369576,卖盘
1651,10:44:29,5.31,--,10,5310,卖盘
1652,10:44:19,5.31,-0.01,64,33984,卖盘
1653,10:44:14,5.32,--,58,30856,买盘
1654,10:43:59,5.32,0.01,1,532,买盘
1655,10:43:49,5.31,-0.01,317,168327,卖盘
1656,10:43:38,5.32,0.01,110,58520,买盘
1657,10:43:34,5.31,--,14,7433,卖盘
1658,10:43:19,5.31,-0.01,233,123722,卖盘
1659,10:43:14,5.32,--,98,52136,买盘
1660,10:42:59,5.32,--,278,147896,买盘
1661,10:42:53,5.32,0.01,36,19152,买盘
1662,10:42:49,5.31,--,17,9027,卖盘
1663,10:42:34,5.31,--,11,5841,卖盘
1664,10:42:29,5.31,-0.01,2,1062,卖盘
1665,10:42:19,5.32,--,17,9044,买盘
1666,10:42:14,5.32,--,108,57456,买盘
1667,10:42:08,5.32,0.01,35,18620,买盘
1668,10:42:04,5.31,--,21,11151,卖盘
1669,10:41:59,5.31,-0.01,6,3185,卖盘
1670,10:41:53,5.32,--,90,47880,买盘
1671,10:41:44,5.32,0.01,1,532,买盘
1672,10:41:38,5.31,-0.01,2,1062,卖盘
1673,10:41:33,5.32,0.01,51,27132,买盘
1674,10:41:29,5.31,--,19,10089,卖盘
1675,10:41:23,5.31,--,602,319662,卖盘
1676,10:41:14,5.31,--,432,229391,卖盘
1677,10:41:08,5.31,-0.01,340,180540,卖盘
1678,10:40:58,5.32,0.01,88,46816,买盘
1679,10:40:53,5.31,-0.01,31,16461,卖盘
1680,10:40:43,5.32,--,46,24472,买盘
1681,10:40:38,5.32,0.01,163,86716,买盘
1682,10:40:33,5.31,-0.01,11,5841,卖盘
1683,10:40:23,5.32,0.01,1505,800660,买盘
1684,10:40:18,5.31,-0.01,1159,615429,卖盘
1685,10:40:13,5.32,0.01,54,28728,买盘
1686,10:39:58,5.31,--,90,47790,卖盘
1687,10:39:33,5.31,--,69,36639,卖盘
1688,10:39:28,5.31,--,2,1062,卖盘
1689,10:38:58,5.31,-0.01,326,173106,卖盘
1690,10:38:43,5.32,0.01,1,532,买盘
1691,10:38:33,5.31,--,11,5841,卖盘
1692,10:38:28,5.31,--,50,26549,卖盘
1693,10:38:23,5.31,--,10,5310,卖盘
1694,10:38:18,5.31,--,60,31859,卖盘
1695,10:38:13,5.31,--,158,83898,卖盘
1696,10:38:03,5.31,--,201,106730,卖盘
1697,10:37:58,5.31,--,568,301608,卖盘
1698,10:37:48,5.31,--,10,5310,卖盘
1699,10:37:33,5.31,--,10,5310,卖盘
1700,10:37:28,5.31,-0.01,10,5310,卖盘
1701,10:37:23,5.32,--,100,53200,买盘
1702,10:37:17,5.32,--,5,2660,买盘
1703,10:37:13,5.32,--,59,31388,买盘
1704,10:37:02,5.32,--,5,2660,买盘
1705,10:36:58,5.32,--,44,23408,买盘
1706,10:36:53,5.32,0.01,5,2660,买盘
1707,10:36:43,5.31,-0.01,40,21240,卖盘
1708,10:36:32,5.32,--,111,59052,买盘
1709,10:36:28,5.32,--,1,532,买盘
1710,10:36:23,5.32,--,1,532,买盘
1711,10:36:17,5.32,--,10,5320,买盘
1712,10:36:13,5.32,--,48,25536,买盘
1713,10:35:57,5.32,--,44,23408,买盘
1714,10:35:53,5.32,0.01,454,241528,买盘
1715,10:35:47,5.31,-0.01,414,219833,卖盘
1716,10:35:43,5.32,0.01,1,532,买盘
1717,10:35:32,5.31,--,11,5841,卖盘
1718,10:35:28,5.31,--,34,18054,卖盘
1719,10:35:23,5.31,--,24,12743,卖盘
1720,10:35:17,5.31,-0.01,201,106730,卖盘
1721,10:35:13,5.32,0.01,265,140980,买盘
1722,10:35:08,5.31,-0.01,466,247445,卖盘
1723,10:35:02,5.32,--,105,55860,买盘
1724,10:34:58,5.32,--,52,27664,买盘
1725,10:34:53,5.32,0.01,200,106400,买盘
1726,10:34:47,5.31,-0.01,53,28355,卖盘
1727,10:34:38,5.32,--,1044,555408,买盘
1728,10:34:32,5.32,0.01,111,59052,买盘
1729,10:34:28,5.31,-0.01,39,20709,卖盘
1730,10:34:17,5.32,--,139,73948,买盘
1731,10:34:12,5.32,--,9,4788,买盘
1732,10:34:07,5.32,--,17,9044,买盘
1733,10:34:02,5.32,--,55,29260,买盘
1734,10:33:57,5.32,0.01,6,3192,买盘
1735,10:33:53,5.31,-0.01,120,63719,卖盘
1736,10:33:47,5.32,--,130,69160,买盘
1737,10:33:42,5.32,--,10,5320,买盘
1738,10:33:37,5.32,0.01,126,67032,买盘
1739,10:33:32,5.31,-0.01,40,21240,卖盘
1740,10:33:27,5.32,--,1,532,买盘
1741,10:33:22,5.32,--,196,104272,买盘
1742,10:33:17,5.32,--,7,3724,买盘
1743,10:33:12,5.32,0.01,100,53200,买盘
1744,10:33:07,5.31,-0.01,10,5310,卖盘
1745,10:33:02,5.32,--,44,23408,买盘
1746,10:32:52,5.32,0.01,10,5320,买盘
1747,10:32:47,5.31,--,30,15929,卖盘
1748,10:32:42,5.31,-0.01,11,5841,卖盘
1749,10:32:37,5.32,0.01,21,11172,买盘
1750,10:32:32,5.31,-0.01,41,21771,卖盘
1751,10:32:22,5.32,0.01,23,12236,买盘
1752,10:32:17,5.31,-0.01,46,24426,卖盘
1753,10:32:02,5.32,--,45,23940,买盘
1754,10:31:57,5.32,--,55,29260,买盘
1755,10:31:52,5.32,--,532,283024,买盘
1756,10:31:46,5.32,0.01,100,53200,买盘
1757,10:31:37,5.31,-0.01,166,88459,卖盘
1758,10:31:31,5.32,--,105,55860,买盘
1759,10:31:27,5.32,--,5,2660,买盘
1760,10:31:22,5.32,--,1,532,买盘
1761,10:31:17,5.32,--,45,23940,买盘
1762,10:31:12,5.32,--,330,175687,买盘
1763,10:31:07,5.32,--,436,232015,买盘
1764,10:31:02,5.32,0.01,51,27132,买盘
1765,10:30:52,5.31,-0.01,8,4248,卖盘
1766,10:30:47,5.32,0.01,14,7448,买盘
1767,10:30:32,5.31,-0.01,18,9558,卖盘
1768,10:30:27,5.32,--,1,532,买盘
1769,10:30:22,5.32,--,8,4256,买盘
1770,10:30:17,5.32,--,45,23940,买盘
1771,10:30:12,5.32,--,7,3724,买盘
1772,10:30:07,5.32,--,122,64904,买盘
1773,10:30:02,5.32,--,72,38304,买盘
1774,10:29:55,5.32,--,50,26600,买盘
1775,10:29:52,5.32,--,15,7980,买盘
1776,10:29:47,5.32,--,5,2660,买盘
1777,10:29:41,5.32,0.01,65,34580,买盘
1778,10:29:37,5.31,-0.01,145,76995,卖盘
1779,10:29:32,5.32,--,149,79268,买盘
1780,10:29:22,5.32,--,641,341012,买盘
1781,10:29:17,5.32,--,55,29260,买盘
1782,10:29:11,5.32,--,26,13832,买盘
1783,10:29:07,5.32,--,38,20216,买盘
1784,10:29:02,5.32,--,602,320354,买盘
1785,10:28:56,5.32,--,1861,990052,买盘
1786,10:28:52,5.32,0.01,1,532,买盘
1787,10:28:37,5.31,--,10,5310,卖盘
1788,10:28:32,5.31,-0.01,34,18054,卖盘
1789,10:28:21,5.32,--,131,69692,买盘
1790,10:28:17,5.32,--,239,127148,买盘
1791,10:28:11,5.32,--,1,532,买盘
1792,10:28:06,5.32,--,143,76076,买盘
1793,10:28:02,5.32,--,184,97888,买盘
1794,10:27:51,5.32,--,81,43092,买盘
1795,10:27:47,5.32,--,140,74480,买盘
1796,10:27:41,5.32,--,32,17024,买盘
1797,10:27:36,5.32,--,9,4788,买盘
1798,10:27:31,5.32,--,134,71288,买盘
1799,10:27:26,5.32,--,81,43092,买盘
1800,10:27:21,5.32,0.01,65,34580,买盘
1801,10:27:16,5.31,-0.01,237,125846,卖盘
1802,10:27:10,5.32,--,54,28728,买盘
1803,10:27:06,5.32,--,309,164388,买盘
1804,10:27:01,5.32,--,558,296856,买盘
1805,10:26:56,5.32,--,981,521892,买盘
1806,10:26:51,5.32,--,1882,1001224,买盘
1807,10:26:46,5.32,--,5,2660,买盘
1808,10:26:41,5.32,0.01,33,17556,买盘
1809,10:26:37,5.31,--,57,30266,卖盘
1810,10:26:31,5.31,--,93,49383,卖盘
1811,10:26:25,5.31,--,146,77526,卖盘
1812,10:26:16,5.31,--,300,159300,卖盘
1813,10:26:11,5.31,-0.01,10,5310,卖盘
1814,10:26:01,5.32,--,39,20748,买盘
1815,10:25:56,5.32,0.01,1626,865032,买盘
1816,10:25:51,5.31,--,20,10620,卖盘
1817,10:25:46,5.31,--,34,18054,卖盘
1818,10:25:31,5.31,--,11,5841,卖盘
1819,10:25:16,5.31,--,113,60002,卖盘
1820,10:25:11,5.31,--,151,80181,卖盘
1821,10:25:06,5.31,--,8,4248,卖盘
1822,10:24:46,5.31,--,52,27611,卖盘
1823,10:24:41,5.31,-0.01,20,10620,卖盘
1824,10:24:36,5.32,0.01,39,20748,买盘
1825,10:24:31,5.31,-0.01,31,16461,卖盘
1826,10:24:25,5.32,--,1,532,买盘
1827,10:24:16,5.32,--,42,22344,买盘
1828,10:24:11,5.32,--,89,47348,买盘
1829,10:24:06,5.32,0.01,51,27132,买盘
1830,10:24:01,5.31,-0.01,258,136998,卖盘
1831,10:23:55,5.32,0.01,12,6384,买盘
1832,10:23:46,5.31,-0.01,20,10620,卖盘
1833,10:23:41,5.32,--,32,17024,买盘
1834,10:23:36,5.32,0.01,167,88844,买盘
1835,10:23:31,5.31,-0.01,154,81774,卖盘
1836,10:23:26,5.32,0.01,3,1596,买盘
1837,10:23:21,5.31,--,5,2655,卖盘
1838,10:23:16,5.31,--,30,15929,卖盘
1839,10:23:11,5.31,--,100,53099,卖盘
1840,10:23:06,5.31,-0.01,42,22567,卖盘
1841,10:23:01,5.32,--,136,72352,买盘
1842,10:22:56,5.32,--,1,532,买盘
1843,10:22:51,5.32,--,100,53200,买盘
1844,10:22:41,5.32,--,5,2660,买盘
1845,10:22:36,5.32,0.01,36,19152,买盘
1846,10:22:31,5.31,-0.01,12,6371,卖盘
1847,10:22:25,5.32,--,40,21280,买盘
1848,10:22:20,5.32,--,10,5320,买盘
1849,10:22:15,5.32,--,1084,576688,买盘
1850,10:22:11,5.32,--,7,3724,买盘
1851,10:22:05,5.32,--,36,19152,买盘
1852,10:22:00,5.32,--,41,21812,买盘
1853,10:21:56,5.32,--,10,5320,买盘
1854,10:21:50,5.32,--,10,5320,买盘
1855,10:21:35,5.32,--,62,32984,买盘
1856,10:21:30,5.32,0.01,26,13832,买盘
1857,10:21:26,5.31,-0.01,21,11151,卖盘
1858,10:21:15,5.32,--,50,26600,买盘
1859,10:21:10,5.32,--,201,106932,买盘
1860,10:21:05,5.32,0.01,36,19152,买盘
1861,10:20:56,5.31,-0.01,108,57347,卖盘
1862,10:20:50,5.32,--,152,80864,买盘
1863,10:20:45,5.32,--,34,18348,买盘
1864,10:20:41,5.32,--,844,449008,买盘
1865,10:20:35,5.32,0.01,154,81928,买盘
1866,10:20:30,5.31,--,208,110447,卖盘
1867,10:20:25,5.31,--,60,31859,卖盘
1868,10:20:20,5.31,--,133,70623,卖盘
1869,10:20:15,5.31,--,30,15929,卖盘
1870,10:20:05,5.31,-0.01,169,89739,卖盘
1871,10:20:00,5.32,0.01,265,140980,买盘
1872,10:19:55,5.31,-0.01,125,66375,卖盘
1873,10:19:49,5.32,0.01,2,1064,买盘
1874,10:19:45,5.31,-0.01,134,71154,卖盘
1875,10:19:35,5.32,0.01,100,53200,买盘
1876,10:19:30,5.31,--,53,28142,卖盘
1877,10:19:19,5.31,-0.01,13,6902,卖盘
1878,10:19:15,5.32,0.01,24,12768,买盘
1879,10:19:10,5.31,--,80,42480,卖盘
1880,10:19:05,5.31,-0.01,35,18585,卖盘
1881,10:19:00,5.32,--,48,25536,买盘
1882,10:18:40,5.32,--,73,38836,买盘
1883,10:18:35,5.32,0.01,73,38836,买盘
1884,10:18:30,5.31,-0.01,30,15929,卖盘
1885,10:18:25,5.32,--,3,1596,买盘
1886,10:18:19,5.32,--,30,15960,买盘
1887,10:18:15,5.32,--,38,20216,买盘
1888,10:18:05,5.32,--,631,335692,买盘
1889,10:17:55,5.32,0.01,34,18088,买盘
1890,10:17:50,5.31,--,115,61064,卖盘
1891,10:17:40,5.31,--,117,62126,卖盘
1892,10:17:34,5.31,--,13,6902,卖盘
1893,10:17:30,5.31,--,32,16992,卖盘
1894,10:17:25,5.31,-0.01,515,273465,卖盘
1895,10:17:20,5.32,--,110,58520,买盘
1896,10:17:15,5.32,0.01,157,83524,买盘
1897,10:17:10,5.31,--,61,32390,卖盘
1898,10:16:55,5.31,-0.01,3,1592,卖盘
1899,10:16:50,5.32,0.01,86,45752,买盘
1900,10:16:40,5.31,--,21,11151,卖盘
1901,10:16:35,5.31,-0.01,1010,536310,卖盘
1902,10:16:25,5.32,0.01,8,4256,买盘
1903,10:16:20,5.31,--,81,43011,卖盘
1904,10:16:15,5.31,--,10,5310,卖盘
1905,10:16:10,5.31,-0.01,150,79650,卖盘
1906,10:16:05,5.32,--,20,10640,买盘
1907,10:16:00,5.32,0.01,19,10108,买盘
1908,10:15:54,5.31,--,200,106332,卖盘
1909,10:15:49,5.31,--,30,15929,卖盘
1910,10:15:34,5.31,--,11,5841,卖盘
1911,10:15:29,5.31,-0.01,4,2124,卖盘
1912,10:15:25,5.32,0.01,93,49476,买盘
1913,10:15:20,5.31,-0.01,15,7964,卖盘
1914,10:15:09,5.32,--,96,51072,买盘
1915,10:15:05,5.32,--,6,3192,买盘
1916,10:14:54,5.32,0.01,114,60648,买盘
1917,10:14:50,5.31,-0.01,2949,1565919,卖盘
1918,10:14:44,5.32,--,23,12236,买盘
1919,10:14:34,5.32,--,33,17556,买盘
1920,10:14:20,5.32,--,153,81396,买盘
1921,10:14:09,5.32,0.01,16,8512,买盘
1922,10:14:04,5.31,-0.01,20,10620,卖盘
1923,10:13:54,5.32,0.01,9,4788,买盘
1924,10:13:49,5.31,-0.01,20,10620,卖盘
1925,10:13:39,5.32,0.01,20,10640,买盘
1926,10:13:34,5.31,-0.01,111,58940,卖盘
1927,10:13:29,5.32,0.01,14,7448,买盘
1928,10:13:24,5.31,-0.01,40,21240,卖盘
1929,10:13:19,5.32,--,3,1596,买盘
1930,10:12:49,5.32,--,3,1596,买盘
1931,10:12:43,5.32,0.01,10,5320,买盘
1932,10:12:39,5.31,--,80,42480,卖盘
1933,10:12:34,5.31,--,210,111509,卖盘
1934,10:12:29,5.31,--,35,18585,卖盘
1935,10:12:24,5.31,--,10,5310,卖盘
1936,10:12:19,5.31,-0.01,43,22833,卖盘
1937,10:12:13,5.32,0.01,32,17024,买盘
1938,10:12:09,5.31,-0.01,54,28673,卖盘
1939,10:12:04,5.32,--,10,5320,买盘
1940,10:11:54,5.32,--,133,70756,买盘
1941,10:11:49,5.32,0.01,19,10108,买盘
1942,10:11:39,5.31,-0.01,4,2124,卖盘
1943,10:11:34,5.32,0.01,31,16492,买盘
1944,10:11:29,5.31,--,188,99827,卖盘
1945,10:11:24,5.31,-0.01,497,264284,卖盘
1946,10:11:19,5.32,0.01,196,104272,买盘
1947,10:11:13,5.31,-0.01,5,2655,卖盘
1948,10:10:59,5.32,--,1,532,买盘
1949,10:10:54,5.32,0.01,10,5320,买盘
1950,10:10:49,5.31,-0.01,221,117350,卖盘
1951,10:10:44,5.32,--,8,4256,买盘
1952,10:10:34,5.32,0.01,42,22344,买盘
1953,10:10:28,5.31,--,152,80712,卖盘
1954,10:10:24,5.31,--,10,5310,卖盘
1955,10:10:19,5.31,--,16,8496,卖盘
1956,10:10:13,5.31,--,101,53630,卖盘
1957,10:10:04,5.31,--,23,12213,卖盘
1958,10:09:59,5.31,--,80,42480,卖盘
1959,10:09:49,5.31,--,13,6902,卖盘
1960,10:09:34,5.31,--,1143,606933,卖盘
1961,10:09:28,5.31,--,154,81774,卖盘
1962,10:09:24,5.31,--,10,5310,卖盘
1963,10:09:19,5.31,--,13,6902,卖盘
1964,10:09:14,5.31,--,102,54161,卖盘
1965,10:08:58,5.31,--,6912,3670787,买盘
1966,10:08:48,5.31,0.01,36,19116,买盘
1967,10:08:34,5.3,-0.01,10,5300,卖盘
1968,10:08:28,5.31,0.01,40,21240,买盘
1969,10:08:24,5.3,-0.01,10,5300,卖盘
1970,10:08:18,5.31,--,113,60002,买盘
1971,10:08:08,5.31,--,2,1062,买盘
1972,10:07:59,5.31,0.01,131,69561,买盘
1973,10:07:54,5.3,-0.01,246,130380,卖盘
1974,10:07:43,5.31,--,7,3716,买盘
1975,10:07:38,5.31,0.01,36,19116,买盘
1976,10:07:33,5.3,-0.01,116,61480,卖盘
1977,10:07:29,5.31,--,53,28142,买盘
1978,10:07:18,5.31,--,17,9027,买盘
1979,10:07:13,5.31,--,10,5310,买盘
1980,10:07:07,5.31,0.01,120,63719,买盘
1981,10:07:03,5.3,--,50,26500,卖盘
1982,10:06:58,5.3,--,129,68370,卖盘
1983,10:06:48,5.3,-0.01,330,174900,卖盘
1984,10:06:37,5.31,--,72,38232,买盘
1985,10:06:33,5.31,--,52,27611,买盘
1986,10:06:28,5.31,--,9,4779,买盘
1987,10:06:18,5.31,--,83,44073,买盘
1988,10:06:03,5.31,--,33,17523,买盘
1989,10:05:58,5.31,--,275,146025,买盘
1990,10:05:48,5.31,0.01,53,28142,买盘
1991,10:05:43,5.3,-0.01,39,20670,卖盘
1992,10:05:33,5.31,0.01,71,37701,买盘
1993,10:05:28,5.3,-0.01,242,128260,卖盘
1994,10:05:23,5.31,--,50,26549,买盘
1995,10:05:13,5.31,--,10,5310,买盘
1996,10:05:03,5.31,--,15,7964,买盘
1997,10:04:58,5.31,0.01,2,1062,买盘
1998,10:04:37,5.3,-0.01,98,51940,卖盘
1999,10:04:33,5.31,--,40,21240,买盘
2000,10:04:22,5.31,--,100,53099,买盘
2001,10:04:18,5.31,--,36,19116,买盘
2002,10:04:07,5.31,--,50,26549,买盘
2003,10:03:58,5.31,--,135,71685,买盘
2004,10:03:52,5.31,--,4,2124,买盘
2005,10:03:47,5.31,--,2,1062,买盘
2006,10:03:43,5.31,--,547,290457,买盘
2007,10:03:37,5.31,0.01,18,9558,买盘
2008,10:03:32,5.3,-0.01,11,5830,卖盘
2009,10:03:28,5.31,--,7,3716,买盘
2010,10:03:23,5.31,--,247,131157,买盘
2011,10:03:13,5.31,--,5,2655,买盘
2012,10:02:52,5.31,0.01,300,159300,买盘
2013,10:02:47,5.3,-0.01,4,2120,卖盘
2014,10:02:43,5.31,--,29,15398,买盘
2015,10:02:37,5.31,--,20,10620,买盘
2016,10:02:32,5.31,--,54,28673,买盘
2017,10:02:28,5.31,--,52,27611,买盘
2018,10:02:22,5.31,0.01,10,5310,买盘
2019,10:02:13,5.3,-0.01,82,43460,卖盘
2020,10:02:07,5.31,--,73,38763,买盘
2021,10:02:02,5.31,0.01,1,531,买盘
2022,10:01:58,5.3,-0.01,49,25970,卖盘
2023,10:01:42,5.31,0.01,4,2124,买盘
2024,10:01:37,5.3,--,30,15900,卖盘
2025,10:01:32,5.3,--,211,111830,卖盘
2026,10:01:27,5.3,-0.01,17,9010,卖盘
2027,10:01:17,5.31,--,98,52037,买盘
2028,10:01:12,5.31,--,1340,711540,买盘
2029,10:01:07,5.31,0.01,5,2655,买盘
2030,10:00:47,5.3,--,128,67840,卖盘
2031,10:00:37,5.3,--,203,107590,卖盘
2032,10:00:32,5.3,--,10,5300,卖盘
2033,10:00:27,5.3,--,20,10600,卖盘
2034,10:00:22,5.3,-0.01,15,7950,卖盘
2035,10:00:16,5.31,--,21,11151,买盘
2036,10:00:12,5.31,--,1,531,买盘
2037,10:00:01,5.31,--,90,47790,买盘
2038,09:59:46,5.31,--,6,3185,买盘
2039,09:59:42,5.31,--,91,48321,买盘
2040,09:59:37,5.31,--,97,51506,买盘
2041,09:59:31,5.31,0.01,516,273996,买盘
2042,09:59:27,5.3,-0.01,18,9540,卖盘
2043,09:59:22,5.31,0.01,3,1592,买盘
2044,09:58:52,5.3,-0.01,3,1590,卖盘
2045,09:58:46,5.31,--,10,5310,买盘
2046,09:58:42,5.31,--,90,47790,买盘
2047,09:58:37,5.31,0.01,7,3716,买盘
2048,09:58:31,5.3,--,11,5830,卖盘
2049,09:58:27,5.3,-0.01,260,137800,卖盘
2050,09:58:22,5.31,--,36,19116,买盘
2051,09:58:12,5.31,0.01,93,49383,买盘
2052,09:58:07,5.3,--,40,21200,卖盘
2053,09:57:57,5.3,--,15,7950,卖盘
2054,09:57:37,5.3,--,389,206170,卖盘
2055,09:57:31,5.3,--,218,115540,卖盘
2056,09:57:27,5.3,--,80,42400,卖盘
2057,09:57:22,5.3,--,700,371000,卖盘
2058,09:57:12,5.3,--,81,42930,卖盘
2059,09:57:07,5.3,--,30,15900,卖盘
2060,09:56:57,5.3,--,5,2650,卖盘
2061,09:56:52,5.3,--,5,2650,卖盘
2062,09:56:41,5.3,-0.01,665,352450,卖盘
2063,09:56:37,5.31,0.01,12,6371,买盘
2064,09:56:31,5.3,--,11,5830,卖盘
2065,09:56:16,5.3,--,56,29680,卖盘
2066,09:56:11,5.3,--,59,31270,卖盘
2067,09:56:07,5.3,-0.01,83,43990,卖盘
2068,09:56:01,5.31,--,1,531,买盘
2069,09:55:56,5.31,--,209,110978,买盘
2070,09:55:46,5.31,0.01,142,75402,买盘
2071,09:55:41,5.3,--,24,12720,卖盘
2072,09:55:31,5.3,-0.01,16,8480,卖盘
2073,09:55:26,5.31,--,100,53099,买盘
2074,09:55:21,5.31,0.01,831,441260,买盘
2075,09:55:16,5.3,-0.01,135,71550,卖盘
2076,09:55:11,5.31,0.01,21,11151,买盘
2077,09:55:01,5.3,--,135,71550,卖盘
2078,09:54:56,5.3,-0.01,5,2650,卖盘
2079,09:54:46,5.31,--,42,22302,买盘
2080,09:54:41,5.31,0.01,247,131157,买盘
2081,09:54:36,5.3,-0.01,502,266060,卖盘
2082,09:54:31,5.31,--,75,39825,买盘
2083,09:54:26,5.31,0.01,5,2655,买盘
2084,09:54:21,5.3,-0.01,1,530,卖盘
2085,09:54:16,5.31,--,208,110447,买盘
2086,09:54:11,5.31,0.01,600,318600,买盘
2087,09:54:06,5.3,-0.01,56,29680,卖盘
2088,09:54:01,5.31,--,30,15929,买盘
2089,09:53:56,5.31,0.01,10,5310,买盘
2090,09:53:51,5.3,-0.01,20,10600,卖盘
2091,09:53:46,5.31,--,28,14867,买盘
2092,09:53:41,5.31,0.01,650,345150,买盘
2093,09:53:36,5.3,-0.01,13,6890,卖盘
2094,09:53:31,5.31,0.01,85,45135,买盘
2095,09:53:26,5.3,--,50,26500,卖盘
2096,09:53:21,5.3,-0.01,50,26500,卖盘
2097,09:53:11,5.31,0.01,600,318600,买盘
2098,09:53:06,5.3,--,21,11130,卖盘
2099,09:53:01,5.3,-0.01,83,43990,卖盘
2100,09:52:51,5.31,0.01,5,2655,买盘
2101,09:52:46,5.3,-0.01,110,58300,卖盘
2102,09:52:40,5.31,--,626,332406,买盘
2103,09:52:36,5.31,0.01,98,52037,买盘
2104,09:52:31,5.3,-0.01,54,28620,卖盘
2105,09:52:25,5.31,--,5,2655,买盘
2106,09:52:10,5.31,0.01,600,318600,买盘
2107,09:52:06,5.3,-0.01,10,5300,卖盘
2108,09:52:01,5.31,--,242,128501,买盘
2109,09:51:51,5.31,0.01,2,1062,买盘
2110,09:51:46,5.3,--,1,530,卖盘
2111,09:51:40,5.3,-0.01,650,344500,卖盘
2112,09:51:36,5.31,0.01,1,531,买盘
2113,09:51:31,5.3,--,20,10600,卖盘
2114,09:51:25,5.3,--,68,36040,卖盘
2115,09:51:21,5.3,--,4106,2176180,买盘
2116,09:51:16,5.3,--,31,16430,买盘
2117,09:51:10,5.3,0.01,80,42400,买盘
2118,09:51:06,5.29,-0.01,46,24334,卖盘
2119,09:50:46,5.3,0.01,17,9010,买盘
2120,09:50:31,5.29,--,11,5819,卖盘
2121,09:50:21,5.29,-0.01,33,17457,卖盘
2122,09:50:10,5.3,--,19,10070,买盘
2123,09:50:01,5.3,--,12,6360,买盘
2124,09:49:51,5.3,0.01,61,32330,买盘
2125,09:49:46,5.29,--,59,31211,卖盘
2126,09:49:40,5.29,-0.01,80,42320,卖盘
2127,09:49:35,5.3,0.01,21,11130,买盘
2128,09:49:31,5.29,--,41,21689,卖盘
2129,09:49:16,5.29,-0.01,32,16928,卖盘
2130,09:49:05,5.3,0.01,1,530,买盘
2131,09:49:01,5.29,-0.01,154,81466,卖盘
2132,09:48:55,5.3,--,28,14840,买盘
2133,09:48:40,5.3,0.01,92,48760,买盘
2134,09:48:31,5.29,-0.01,41,21689,卖盘
2135,09:48:25,5.3,0.01,104,55120,买盘
2136,09:48:20,5.29,--,4,2116,卖盘
2137,09:48:15,5.29,-0.01,500,264500,卖盘
2138,09:48:10,5.3,--,46,24380,买盘
2139,09:48:05,5.3,--,23,12190,买盘
2140,09:48:00,5.3,--,409,216770,买盘
2141,09:47:45,5.3,--,1449,767970,买盘
2142,09:47:35,5.3,0.01,20,10600,买盘
2143,09:47:30,5.29,--,10,5290,卖盘
2144,09:47:20,5.29,-0.01,11,5819,卖盘
2145,09:47:15,5.3,--,14,7420,买盘
2146,09:47:10,5.3,--,529,280370,买盘
2147,09:46:55,5.3,--,20,10600,买盘
2148,09:46:45,5.3,--,55,29150,买盘
2149,09:46:40,5.3,--,60,31800,买盘
2150,09:46:35,5.3,0.01,1,530,买盘
2151,09:46:30,5.29,--,48,25392,卖盘
2152,09:46:25,5.29,-0.01,8,4232,卖盘
2153,09:46:20,5.3,--,4,2120,买盘
2154,09:46:15,5.3,0.01,2,1060,买盘
2155,09:46:10,5.29,-0.01,55,29095,卖盘
2156,09:46:05,5.3,--,24,12720,买盘
2157,09:46:00,5.3,--,22,11660,买盘
2158,09:45:45,5.3,--,1829,969370,买盘
2159,09:45:40,5.3,0.01,175,92750,买盘
2160,09:45:30,5.29,--,67,35443,卖盘
2161,09:45:25,5.29,--,5,2645,卖盘
2162,09:45:19,5.29,-0.01,5,2645,卖盘
2163,09:45:15,5.3,0.01,78,41340,买盘
2164,09:45:10,5.29,--,80,42320,卖盘
2165,09:45:04,5.29,--,26,13754,卖盘
2166,09:45:00,5.29,--,529,279841,卖盘
2167,09:44:40,5.29,--,26,13754,卖盘
2168,09:44:34,5.29,-0.01,301,159229,卖盘
2169,09:44:30,5.3,--,45,23850,买盘
2170,09:44:25,5.3,0.01,48,25440,买盘
2171,09:44:19,5.29,-0.01,520,275080,卖盘
2172,09:44:15,5.3,0.01,521,276130,买盘
2173,09:44:10,5.29,--,835,441715,卖盘
2174,09:43:55,5.29,-0.01,298,157642,卖盘
2175,09:43:49,5.3,0.01,20,10600,买盘
2176,09:43:45,5.29,-0.01,18,9522,卖盘
2177,09:43:40,5.3,--,524,277720,买盘
2178,09:43:30,5.3,--,173,91690,买盘
2179,09:43:25,5.3,0.01,18,9540,买盘
2180,09:43:14,5.29,--,622,329038,卖盘
2181,09:43:10,5.29,-0.01,564,298356,卖盘
2182,09:43:04,5.3,--,1,530,买盘
2183,09:43:00,5.3,--,1,530,买盘
2184,09:42:54,5.3,--,500,265000,买盘
2185,09:42:49,5.3,--,20,10600,买盘
2186,09:42:44,5.3,--,101,53530,买盘
2187,09:42:40,5.3,--,500,265000,买盘
2188,09:42:29,5.3,--,781,413930,买盘
2189,09:42:19,5.3,--,56,29680,买盘
2190,09:42:09,5.3,--,500,265000,买盘
2191,09:42:04,5.3,--,14,7420,买盘
2192,09:41:54,5.3,--,563,298390,买盘
2193,09:41:44,5.3,--,504,267120,买盘
2194,09:41:39,5.3,0.01,500,265000,买盘
2195,09:41:34,5.29,--,266,140714,卖盘
2196,09:41:24,5.29,--,363,192027,卖盘
2197,09:41:14,5.29,--,1,529,卖盘
2198,09:41:09,5.29,-0.01,1136,600944,卖盘
2199,09:41:04,5.3,0.01,108,57240,买盘
2200,09:40:44,5.29,--,5,2645,卖盘
2201,09:40:39,5.29,--,540,285660,卖盘
2202,09:40:34,5.29,--,11,5819,卖盘
2203,09:40:29,5.29,-0.01,16,8464,卖盘
2204,09:40:24,5.3,0.01,18,9540,买盘
2205,09:40:19,5.29,--,18,9522,卖盘
2206,09:40:09,5.29,--,692,366068,卖盘
2207,09:40:04,5.29,-0.01,12,6348,卖盘
2208,09:39:59,5.3,0.01,50,26500,买盘
2209,09:39:54,5.29,-0.01,50,26450,卖盘
2210,09:39:49,5.3,0.01,63,33390,买盘
2211,09:39:44,5.29,-0.01,100,52900,卖盘
2212,09:39:39,5.3,0.01,672,356160,买盘
2213,09:39:34,5.29,-0.01,54,28566,卖盘
2214,09:39:29,5.3,0.01,2,1060,买盘
2215,09:39:24,5.29,--,357,188853,卖盘
2216,09:39:19,5.29,--,182,96278,卖盘
2217,09:39:14,5.29,--,36,19044,卖盘
2218,09:39:09,5.29,--,508,268732,卖盘
2219,09:39:04,5.29,--,3,1587,卖盘
2220,09:38:59,5.29,-0.01,47,24863,卖盘
2221,09:38:49,5.3,--,46,24380,买盘
2222,09:38:39,5.3,0.01,530,280900,买盘
2223,09:38:34,5.29,-0.01,64,33856,卖盘
2224,09:38:24,5.3,--,25,13250,买盘
2225,09:38:19,5.3,0.01,38,20140,买盘
2226,09:38:09,5.29,-0.01,520,275080,卖盘
2227,09:37:58,5.3,--,408,216240,买盘
2228,09:37:54,5.3,--,37,19610,买盘
2229,09:37:49,5.3,--,162,86188,卖盘
2230,09:37:43,5.3,--,2220,1176600,卖盘
2231,09:37:39,5.3,--,1815,961950,卖盘
2232,09:37:34,5.3,--,238,126140,卖盘
2233,09:37:28,5.3,--,19,10070,卖盘
2234,09:37:23,5.3,--,562,297860,卖盘
2235,09:37:19,5.3,--,184,97520,卖盘
2236,09:37:13,5.3,--,367,194510,卖盘
2237,09:37:09,5.3,--,693,367290,卖盘
2238,09:37:04,5.3,--,241,127730,卖盘
2239,09:36:58,5.3,--,97,51410,卖盘
2240,09:36:54,5.3,--,922,488660,卖盘
2241,09:36:49,5.3,--,182,96460,卖盘
2242,09:36:43,5.3,-0.01,199,105470,卖盘
2243,09:36:38,5.31,0.01,1014,538434,买盘
2244,09:36:34,5.3,--,337,178610,卖盘
2245,09:36:28,5.3,--,10,5300,卖盘
2246,09:36:23,5.3,--,12,6360,卖盘
2247,09:36:19,5.3,--,410,217300,卖盘
2248,09:36:13,5.3,--,36,19080,卖盘
2249,09:36:08,5.3,-0.01,5614,2975420,卖盘
2250,09:36:04,5.31,--,1216,645696,买盘
2251,09:35:53,5.31,0.01,109,57878,买盘
2252,09:35:48,5.3,--,60,31800,卖盘
2253,09:35:43,5.3,-0.01,118,62540,卖盘
2254,09:35:38,5.31,0.01,1642,871901,买盘
2255,09:35:33,5.3,--,78,41340,卖盘
2256,09:35:28,5.3,--,74,39220,卖盘
2257,09:35:23,5.3,--,268,142040,卖盘
2258,09:35:18,5.3,--,549,290970,卖盘
2259,09:35:13,5.3,-0.01,42,22260,卖盘
2260,09:35:08,5.31,0.01,500,265500,买盘
2261,09:35:03,5.3,--,30,15900,卖盘
2262,09:34:53,5.3,--,305,161650,卖盘
2263,09:34:48,5.3,-0.01,25,13250,卖盘
2264,09:34:43,5.31,--,242,128501,买盘
2265,09:34:38,5.31,0.01,500,265500,买盘
2266,09:34:33,5.3,-0.01,178,94340,卖盘
2267,09:34:28,5.31,0.01,52,27611,买盘
2268,09:34:23,5.3,--,145,76850,卖盘
2269,09:34:18,5.3,-0.01,350,185500,卖盘
2270,09:34:13,5.31,--,1517,805526,买盘
2271,09:34:08,5.31,0.01,602,319863,买盘
2272,09:34:03,5.3,--,550,291500,买盘
2273,09:33:58,5.3,0.01,1,530,买盘
2274,09:33:53,5.29,-0.01,50,26450,卖盘
2275,09:33:48,5.3,--,59,31270,买盘
2276,09:33:43,5.3,--,178,94668,卖盘
2277,09:33:38,5.3,--,2330,1234900,卖盘
2278,09:33:33,5.3,-0.01,194,102820,卖盘
2279,09:33:28,5.31,--,35,18585,买盘
2280,09:33:23,5.31,0.01,63,33453,买盘
2281,09:33:18,5.3,--,2053,1088090,卖盘
2282,09:33:12,5.3,-0.01,52,27560,卖盘
2283,09:33:08,5.31,0.01,600,318600,买盘
2284,09:33:03,5.3,-0.01,92,48760,卖盘
2285,09:32:57,5.31,0.01,1,531,买盘
2286,09:32:42,5.3,-0.01,60,31800,卖盘
2287,09:32:38,5.31,0.01,500,265500,买盘
2288,09:32:33,5.3,-0.01,1027,544511,卖盘
2289,09:32:27,5.31,0.01,520,276120,买盘
2290,09:32:17,5.3,-0.01,17,9010,卖盘
2291,09:32:13,5.31,--,84,44604,买盘
2292,09:32:07,5.31,0.01,500,265500,买盘
2293,09:32:02,5.3,-0.01,100,53000,卖盘
2294,09:31:58,5.31,0.01,89,47259,买盘
2295,09:31:53,5.3,--,110,58300,卖盘
2296,09:31:47,5.3,-0.01,18,9540,卖盘
2297,09:31:43,5.31,--,774,410993,买盘
2298,09:31:37,5.31,0.01,506,268686,买盘
2299,09:31:32,5.3,--,37,19610,卖盘
2300,09:31:27,5.3,--,10,5300,卖盘
2301,09:31:22,5.3,--,19,10070,卖盘
2302,09:31:17,5.3,--,501,265530,卖盘
2303,09:31:13,5.3,--,216,114480,卖盘
2304,09:31:07,5.3,0.01,1424,754720,买盘
2305,09:31:02,5.29,--,5547,2934363,卖盘
2306,09:30:58,5.29,-0.01,10,5290,卖盘
2307,09:30:37,5.3,0.01,501,265530,买盘
2308,09:30:32,5.29,-0.01,5,2645,卖盘
2309,09:30:27,5.3,--,127,67484,卖盘
2310,09:30:22,5.3,0.01,2373,1258045,买盘
2311,09:30:17,5.29,-0.01,22,11638,卖盘
2312,09:30:12,5.3,--,1851,981030,买盘
2313,09:30:07,5.3,--,4819,2554070,买盘
2314,09:30:02,5.3,--,8525,4518546,买盘
2315,09:28:54,5.3,--,0,0,买盘
2316,09:25:06,5.3,5.3,1059,561270,买盘
