,time,price,change,volume,amount,type
0,15:00:00,17.84,--,0,0,卖盘
1,15:00:00,17.84,-0.03,0,0,卖盘
2,15:00:00,17.87,0.01,1071,1913877,买盘
3,14:59:57,17.86,0.01,1082,1932452,卖盘
4,14:59:52,17.85,--,3046,5438520,卖盘
5,14:59:46,17.85,0.01,1102,1967070,卖盘
6,14:59:41,17.84,-0.01,1053,1878552,卖盘
7,14:59:37,17.85,0.04,4382,7822209,买盘
8,14:59:31,17.81,--,0,0,卖盘
9,14:59:26,17.81,-0.01,2181,3884360,卖盘
10,14:59:22,17.82,0.06,2234,3980988,买盘
11,14:59:16,17.76,--,0,0,卖盘
12,14:59:11,17.76,-0.06,469,832944,卖盘
13,14:59:06,17.82,--,1682,2997324,买盘
14,14:58:56,17.82,--,132,235224,买盘
15,14:58:52,17.82,0.01,100,178200,买盘
16,14:58:46,17.81,-0.01,73,130903,卖盘
17,14:58:41,17.82,0.01,263,468666,买盘
18,14:58:36,17.81,--,20,35620,卖盘
19,14:58:31,17.81,--,11,19591,卖盘
20,14:58:26,17.81,--,25,44525,卖盘
21,14:58:22,17.81,--,1207,2149667,卖盘
22,14:58:16,17.81,--,5,8905,卖盘
23,14:58:11,17.81,--,174,309894,买盘
24,14:58:06,17.81,--,868,1545908,卖盘
25,14:58:01,17.81,--,10,17810,中性盘
26,14:57:56,17.81,0.01,772,1375003,买盘
27,14:57:51,17.8,-0.01,304,542188,卖盘
28,14:57:41,17.81,0.01,2045,3642144,买盘
29,14:57:36,17.8,--,229,407620,卖盘
30,14:57:31,17.8,--,20,35600,卖盘
31,14:57:26,17.8,--,281,500180,买盘
32,14:57:21,17.8,0.01,16,28480,买盘
33,14:57:16,17.79,--,4,7116,卖盘
34,14:57:11,17.79,-0.01,1517,2698743,卖盘
35,14:57:06,17.8,--,165,293700,卖盘
36,14:57:01,17.8,--,4,8010,卖盘
37,14:56:56,17.8,--,27,48060,卖盘
38,14:56:51,17.8,--,341,606980,买盘
39,14:56:41,17.8,--,15,26700,买盘
40,14:56:36,17.8,0.01,10,17800,买盘
41,14:56:31,17.79,-0.01,14,25973,卖盘
42,14:56:26,17.8,--,248,441440,卖盘
43,14:56:21,17.8,--,30,53400,买盘
44,14:56:16,17.8,0.01,3,5340,买盘
45,14:56:11,17.79,-0.01,364,649263,卖盘
46,14:56:06,17.8,--,5,8900,卖盘
47,14:56:01,17.8,--,313,557211,买盘
48,14:55:56,17.8,0.02,602,1072930,买盘
49,14:55:51,17.78,-0.01,556,988568,卖盘
50,14:55:46,17.79,0.01,148,263292,买盘
51,14:55:41,17.78,--,100,177800,卖盘
52,14:55:31,17.78,--,245,436659,买盘
53,14:55:21,17.78,0.01,191,339598,买盘
54,14:55:16,17.77,-0.01,12,21324,卖盘
55,14:55:06,17.78,0.01,109,193802,买盘
56,14:55:01,17.77,-0.01,92,163484,卖盘
57,14:54:55,17.78,0.01,3,5334,中性盘
58,14:54:51,17.77,-0.01,58,103066,卖盘
59,14:54:46,17.78,0.01,238,423164,买盘
60,14:54:40,17.77,--,1,1777,卖盘
61,14:54:36,17.77,--,85,151045,卖盘
62,14:54:31,17.77,-0.01,427,758779,卖盘
63,14:54:25,17.78,0.01,40,71120,买盘
64,14:54:21,17.77,--,126,223902,卖盘
65,14:54:15,17.77,-0.01,102,181254,卖盘
66,14:54:06,17.78,--,41,72898,买盘
67,14:54:00,17.78,--,380,675640,买盘
68,14:53:55,17.78,-0.01,757,1345946,卖盘
69,14:53:51,17.79,0.01,7,12453,买盘
70,14:53:36,17.78,-0.01,68,120904,卖盘
71,14:53:25,17.79,0.01,414,736506,买盘
72,14:53:21,17.78,--,505,897890,卖盘
73,14:53:10,17.78,-0.01,10,17780,卖盘
74,14:53:06,17.79,0.01,74,131930,买盘
75,14:53:01,17.78,--,4,7112,卖盘
76,14:52:51,17.78,-0.01,21,37338,卖盘
77,14:52:45,17.79,0.01,11,19569,买盘
78,14:52:40,17.78,--,240,426720,卖盘
79,14:52:30,17.78,--,31,55118,卖盘
80,14:52:20,17.78,--,232,413562,卖盘
81,14:52:15,17.78,--,5,8890,卖盘
82,14:52:05,17.78,--,25,44450,卖盘
83,14:52:00,17.78,-0.01,1572,2795016,卖盘
84,14:51:40,17.79,--,100,177900,买盘
85,14:51:30,17.79,--,235,418065,买盘
86,14:51:25,17.79,0.01,384,683136,买盘
87,14:51:20,17.78,-0.01,1,1778,卖盘
88,14:51:15,17.79,0.01,113,201027,买盘
89,14:51:10,17.78,--,15,26670,卖盘
90,14:51:00,17.78,--,11,20180,卖盘
91,14:50:50,17.78,--,9,16002,卖盘
92,14:50:35,17.78,-0.01,11,19558,卖盘
93,14:50:30,17.79,0.01,474,843246,买盘
94,14:50:20,17.78,-0.01,2,3556,卖盘
95,14:50:15,17.79,0.01,450,800550,买盘
96,14:50:05,17.78,--,1,1778,卖盘
97,14:50:00,17.78,--,10,17780,卖盘
98,14:49:55,17.78,--,806,1433068,卖盘
99,14:49:50,17.78,--,80,142240,卖盘
100,14:49:45,17.78,--,5,8890,卖盘
101,14:49:35,17.78,--,11,19558,卖盘
102,14:49:25,17.78,-0.01,1,1778,卖盘
103,14:49:15,17.79,--,2,3558,买盘
104,14:49:10,17.79,0.01,3,5337,买盘
105,14:48:54,17.78,-0.01,51,90678,卖盘
106,14:48:50,17.79,0.01,165,293535,买盘
107,14:48:45,17.78,--,4,7112,卖盘
108,14:48:34,17.78,-0.02,1065,1893587,卖盘
109,14:48:30,17.8,0.01,906,1612680,买盘
110,14:48:24,17.79,--,1,1779,卖盘
111,14:48:19,17.79,-0.01,3,5337,卖盘
112,14:48:15,17.8,0.01,281,500180,买盘
113,14:48:09,17.79,--,174,311307,买盘
114,14:48:04,17.79,0.01,24,42696,买盘
115,14:48:00,17.78,--,15,26670,卖盘
116,14:47:54,17.78,--,22,39116,卖盘
117,14:47:45,17.78,--,101,179578,卖盘
118,14:47:39,17.78,--,498,885444,卖盘
119,14:47:29,17.78,--,3,5334,卖盘
120,14:47:24,17.78,--,1,1778,卖盘
121,14:47:15,17.78,--,445,791210,卖盘
122,14:47:09,17.78,0.01,25,44450,买盘
123,14:47:04,17.77,-0.01,1,1777,卖盘
124,14:47:00,17.78,0.01,261,464058,中性盘
125,14:46:54,17.77,-0.02,1,1777,卖盘
126,14:46:45,17.79,0.01,283,504559,买盘
127,14:46:39,17.78,0.01,3,5334,买盘
128,14:46:30,17.77,--,69,122613,卖盘
129,14:46:24,17.77,-0.01,59,104843,卖盘
130,14:46:14,17.78,0.01,19,33782,买盘
131,14:46:09,17.77,--,8,14216,卖盘
132,14:46:04,17.77,--,1,1777,卖盘
133,14:45:54,17.77,--,1,1777,卖盘
134,14:45:49,17.77,-0.01,7,12439,卖盘
135,14:45:44,17.78,--,2,3556,买盘
136,14:45:39,17.78,0.01,10,17780,买盘
137,14:45:34,17.77,--,2,3554,卖盘
138,14:45:24,17.77,-0.01,447,794319,卖盘
139,14:45:19,17.78,0.01,173,307594,买盘
140,14:45:14,17.77,--,45,79965,卖盘
141,14:45:04,17.77,--,1,1777,卖盘
142,14:44:54,17.77,-0.01,67,119059,卖盘
143,14:44:44,17.78,--,8,14224,买盘
144,14:44:39,17.78,0.01,168,298704,买盘
145,14:44:34,17.77,-0.01,5,8885,卖盘
146,14:44:29,17.78,0.01,8,14224,买盘
147,14:44:24,17.77,--,11,19547,卖盘
148,14:44:14,17.77,--,1,1777,卖盘
149,14:44:09,17.77,--,54,95958,卖盘
150,14:44:04,17.77,-0.01,1776,3155952,卖盘
151,14:43:59,17.78,0.01,1,1778,买盘
152,14:43:54,17.77,--,1,1777,卖盘
153,14:43:44,17.77,--,13,23101,卖盘
154,14:43:34,17.77,--,15,26655,卖盘
155,14:43:24,17.77,-0.01,1,1777,卖盘
156,14:43:14,17.78,--,3,5334,买盘
157,14:43:09,17.78,0.01,16,28448,买盘
158,14:43:04,17.77,-0.01,1,1777,卖盘
159,14:42:59,17.78,0.01,1,1778,买盘
160,14:42:54,17.77,-0.01,65,115505,卖盘
161,14:42:49,17.78,0.01,5,8890,买盘
162,14:42:44,17.77,-0.01,8,14216,卖盘
163,14:42:39,17.78,0.01,100,177800,买盘
164,14:42:34,17.77,-0.01,5,8885,卖盘
165,14:42:24,17.78,-0.01,7,12446,卖盘
166,14:42:18,17.79,0.01,7,12453,买盘
167,14:42:14,17.78,--,51,90678,卖盘
168,14:42:09,17.78,-0.01,1877,3337306,卖盘
169,14:42:03,17.79,0.01,2,3558,买盘
170,14:41:54,17.78,-0.01,1,1778,卖盘
171,14:41:43,17.79,0.01,15,26685,买盘
172,14:41:33,17.78,--,5,8890,卖盘
173,14:41:24,17.78,-0.02,160,284480,卖盘
174,14:41:18,17.8,0.01,1,1780,买盘
175,14:41:13,17.79,-0.01,1,1779,卖盘
176,14:41:03,17.8,0.01,1639,2917420,买盘
177,14:40:58,17.79,-0.01,3,5337,卖盘
178,14:40:54,17.8,0.01,76,135280,买盘
179,14:40:43,17.79,-0.01,1,1779,卖盘
180,14:40:38,17.8,0.01,2,3560,买盘
181,14:40:33,17.79,-0.01,7,12453,卖盘
182,14:40:23,17.8,--,5,8900,买盘
183,14:40:18,17.8,--,5,8900,买盘
184,14:40:13,17.8,--,4,7120,买盘
185,14:40:08,17.8,0.01,12,21360,买盘
186,14:40:03,17.79,--,5,8895,卖盘
187,14:39:58,17.79,-0.01,10,17790,卖盘
188,14:39:53,17.8,--,7,12460,买盘
189,14:39:48,17.8,0.02,3,5340,买盘
190,14:39:38,17.78,--,0,0,卖盘
191,14:39:33,17.78,-0.01,1146,2037588,卖盘
192,14:39:08,17.79,--,32,56928,卖盘
193,14:38:53,17.79,--,174,309546,卖盘
194,14:38:48,17.79,-0.01,30,53370,卖盘
195,14:38:38,17.8,0.01,115,204700,买盘
196,14:38:33,17.79,-0.01,5,8895,卖盘
197,14:38:28,17.8,0.01,3,5340,买盘
198,14:38:23,17.79,--,20,35580,卖盘
199,14:38:18,17.79,-0.01,55,97845,卖盘
200,14:38:03,17.8,--,123,218940,买盘
201,14:37:48,17.8,0.01,5,8900,买盘
202,14:37:43,17.79,-0.01,1000,1779000,卖盘
203,14:37:38,17.8,0.01,14,24920,买盘
204,14:37:33,17.79,-0.01,268,476772,卖盘
205,14:37:28,17.8,--,89,158420,买盘
206,14:37:23,17.8,--,338,601640,买盘
207,14:37:08,17.8,0.01,40,71200,买盘
208,14:36:53,17.79,-0.01,64,113856,卖盘
209,14:36:43,17.8,--,1,1780,买盘
210,14:36:38,17.8,0.01,2,3560,买盘
211,14:36:33,17.79,--,7,12453,卖盘
212,14:36:18,17.79,--,10,17790,卖盘
213,14:36:03,17.79,--,21,37359,卖盘
214,14:35:57,17.79,-0.01,12,21348,卖盘
215,14:35:53,17.8,0.01,73,129940,买盘
216,14:35:42,17.79,--,108,192132,卖盘
217,14:35:33,17.79,--,5,8895,卖盘
218,14:35:28,17.79,-0.01,16,28464,卖盘
219,14:35:23,17.8,--,8,14240,买盘
220,14:35:18,17.8,--,195,347100,买盘
221,14:35:12,17.8,--,309,550020,卖盘
222,14:35:08,17.8,--,51,90780,卖盘
223,14:35:03,17.8,-0.01,676,1203280,卖盘
224,14:34:57,17.81,--,6,10686,卖盘
225,14:34:53,17.81,--,51,90831,卖盘
226,14:34:48,17.81,--,42,74802,卖盘
227,14:34:42,17.81,--,5,8905,卖盘
228,14:34:38,17.81,--,2,3561,卖盘
229,14:34:33,17.81,-0.01,641,1141621,卖盘
230,14:34:27,17.82,0.01,2,3564,买盘
231,14:34:23,17.81,--,50,89050,卖盘
232,14:34:07,17.81,--,20,35620,卖盘
233,14:34:02,17.81,-0.01,20,35620,卖盘
234,14:33:57,17.82,--,1,1782,买盘
235,14:33:52,17.82,--,5,8910,买盘
236,14:33:47,17.82,0.01,7,12474,买盘
237,14:33:37,17.81,--,108,192348,卖盘
238,14:33:32,17.81,-0.01,167,297427,卖盘
239,14:33:27,17.82,--,0,0,中性盘
240,14:33:17,17.82,--,293,522126,卖盘
241,14:33:12,17.82,-0.01,268,477576,卖盘
242,14:33:02,17.83,0.01,2,3565,买盘
243,14:32:52,17.82,-0.01,169,301158,卖盘
244,14:32:47,17.83,--,232,413655,买盘
245,14:32:37,17.83,0.01,52,92715,买盘
246,14:32:32,17.82,--,14,24948,卖盘
247,14:32:27,17.82,--,12,21384,卖盘
248,14:32:22,17.82,-0.01,1300,2316600,卖盘
249,14:32:17,17.83,--,2,3565,买盘
250,14:32:12,17.83,--,13,23178,买盘
251,14:32:02,17.83,--,1,1782,买盘
252,14:31:47,17.83,0.01,8,14263,买盘
253,14:31:32,17.82,-0.01,15,26730,卖盘
254,14:31:17,17.83,--,1025,1827574,买盘
255,14:31:12,17.83,--,450,802349,买盘
256,14:31:07,17.83,0.01,244,435051,买盘
257,14:30:57,17.82,--,27,48114,卖盘
258,14:30:52,17.82,-0.01,11,21170,卖盘
259,14:30:47,17.83,0.01,1,1782,买盘
260,14:30:32,17.82,--,22,39204,卖盘
261,14:30:17,17.82,--,1100,1960200,卖盘
262,14:30:12,17.82,--,207,368874,卖盘
263,14:30:07,17.82,--,40,71280,卖盘
264,14:30:02,17.82,-0.01,58,104603,卖盘
265,14:29:57,17.83,--,2012,3587395,买盘
266,14:29:47,17.83,0.01,8,14263,买盘
267,14:29:42,17.82,-0.01,13,23166,卖盘
268,14:29:32,17.83,0.01,206,367297,买盘
269,14:29:27,17.82,--,288,513216,卖盘
270,14:29:21,17.82,--,128,229753,买盘
271,14:29:17,17.82,--,300,534600,买盘
272,14:29:12,17.82,0.01,12,21384,买盘
273,14:29:06,17.81,--,147,261806,卖盘
274,14:29:02,17.81,--,557,992016,卖盘
275,14:28:57,17.81,--,50,89050,卖盘
276,14:28:47,17.81,-0.01,4,7123,卖盘
277,14:28:42,17.82,--,2,3564,买盘
278,14:28:36,17.82,0.01,3,5346,买盘
279,14:28:31,17.81,-0.01,241,429220,卖盘
280,14:28:27,17.82,0.01,1,1782,买盘
281,14:28:17,17.81,-0.01,40,71240,卖盘
282,14:28:02,17.82,0.01,1012,1803384,买盘
283,14:27:56,17.81,--,2,3561,卖盘
284,14:27:46,17.81,-0.01,7,12467,卖盘
285,14:27:41,17.82,--,16,28512,买盘
286,14:27:36,17.82,0.01,12,21384,买盘
287,14:27:31,17.81,--,5,8905,卖盘
288,14:27:26,17.81,--,77,137137,卖盘
289,14:27:21,17.81,--,1005,1789904,卖盘
290,14:27:11,17.81,-0.01,100,178100,卖盘
291,14:27:06,17.82,--,12,21384,买盘
292,14:27:01,17.82,--,1,1782,买盘
293,14:26:41,17.82,0.01,30,53460,买盘
294,14:26:36,17.81,--,5,8905,卖盘
295,14:26:26,17.81,-0.01,107,190567,卖盘
296,14:26:11,17.82,--,21,37422,买盘
297,14:26:06,17.82,0.01,12,21384,买盘
298,14:26:01,17.81,-0.01,175,311675,卖盘
299,14:25:56,17.82,--,1,1782,买盘
300,14:25:46,17.82,0.01,1,1782,买盘
301,14:25:41,17.81,-0.01,2,3561,卖盘
302,14:25:36,17.82,0.01,13,23166,买盘
303,14:25:31,17.81,-0.01,200,356200,卖盘
304,14:25:26,17.82,0.01,2,3564,买盘
305,14:25:21,17.81,--,1400,2493400,卖盘
306,14:25:06,17.81,-0.01,56,99736,卖盘
307,14:24:56,17.82,--,12,21384,买盘
308,14:24:41,17.82,0.01,1,1782,买盘
309,14:24:36,17.81,--,5,8905,卖盘
310,14:24:26,17.81,--,1,1780,卖盘
311,14:24:21,17.81,--,2,3561,卖盘
312,14:24:16,17.81,-0.01,1400,2493400,卖盘
313,14:24:11,17.82,0.01,24,42768,买盘
314,14:24:06,17.81,--,207,368667,卖盘
315,14:23:56,17.81,-0.01,54,96174,卖盘
316,14:23:51,17.82,0.01,10,17820,买盘
317,14:23:46,17.81,--,20,35620,卖盘
318,14:23:41,17.81,-0.01,65,115764,卖盘
319,14:23:36,17.82,--,650,1158300,买盘
320,14:23:31,17.82,--,20,35640,买盘
321,14:23:26,17.82,--,9,16038,买盘
322,14:23:21,17.82,--,10,17820,买盘
323,14:23:16,17.82,0.01,1,1782,买盘
324,14:23:06,17.81,-0.01,1400,2493400,卖盘
325,14:23:00,17.82,--,12,21384,买盘
326,14:22:51,17.82,--,24,42768,买盘
327,14:22:41,17.82,--,12,21384,买盘
328,14:22:36,17.82,--,96,171072,买盘
329,14:22:26,17.82,0.01,71,126522,买盘
330,14:22:21,17.81,--,20,35620,卖盘
331,14:22:11,17.81,--,153,273793,卖盘
332,14:22:06,17.81,-0.01,3,5343,卖盘
333,14:21:56,17.82,--,1,1782,买盘
334,14:21:51,17.82,--,1,1782,买盘
335,14:21:41,17.82,0.01,1016,1810512,买盘
336,14:21:35,17.81,-0.01,5,8905,卖盘
337,14:21:30,17.82,0.01,2,3564,买盘
338,14:21:26,17.81,--,110,195910,卖盘
339,14:21:11,17.81,-0.01,31,55210,卖盘
340,14:21:05,17.82,0.01,1026,1828332,买盘
341,14:20:55,17.81,-0.01,83,148143,卖盘
342,14:20:50,17.82,--,104,185328,买盘
343,14:20:45,17.82,--,10,17820,买盘
344,14:20:41,17.82,--,1404,2501928,买盘
345,14:20:35,17.82,--,9,16038,买盘
346,14:20:25,17.82,--,277,493614,买盘
347,14:20:20,17.82,0.01,518,923076,买盘
348,14:20:15,17.81,-0.01,11,19591,卖盘
349,14:20:05,17.82,0.01,23,40986,买盘
350,14:19:35,17.81,-0.01,1605,2858505,卖盘
351,14:19:20,17.82,--,167,297594,买盘
352,14:19:15,17.82,0.01,92,163944,买盘
353,14:19:00,17.81,-0.01,54,96174,卖盘
354,14:18:50,17.82,0.01,1020,1817640,买盘
355,14:18:45,17.81,--,72,128231,卖盘
356,14:18:35,17.81,-0.01,5,8905,卖盘
357,14:18:25,17.82,--,1,1782,买盘
358,14:18:20,17.82,0.01,3,5346,买盘
359,14:18:05,17.81,--,192,341952,卖盘
360,14:17:50,17.81,-0.01,15,26714,卖盘
361,14:17:35,17.82,--,6,10692,买盘
362,14:17:30,17.82,-0.01,14,24948,卖盘
363,14:17:15,17.83,0.01,662,1180346,买盘
364,14:17:05,17.82,-0.01,15,26730,卖盘
365,14:16:50,17.83,--,426,759557,买盘
366,14:16:45,17.83,0.01,1,1782,买盘
367,14:16:40,17.82,--,1,1782,卖盘
368,14:16:34,17.82,--,7,12474,卖盘
369,14:16:30,17.82,--,182,324324,卖盘
370,14:16:04,17.82,--,500,891000,卖盘
371,14:16:00,17.82,-0.01,512,912384,卖盘
372,14:15:54,17.83,0.01,1,1782,买盘
373,14:15:49,17.82,-0.01,28,49896,卖盘
374,14:15:39,17.83,0.01,52,92715,买盘
375,14:15:34,17.82,--,37,65934,卖盘
376,14:15:30,17.82,-0.01,10,17820,卖盘
377,14:15:19,17.83,--,2,3565,买盘
378,14:15:15,17.83,--,9,16046,买盘
379,14:15:09,17.83,--,12,21395,买盘
380,14:15:04,17.83,--,1,1782,买盘
381,14:15:00,17.83,0.01,18,32093,买盘
382,14:14:54,17.82,--,300,534600,卖盘
383,14:14:49,17.82,--,885,1577070,卖盘
384,14:14:44,17.82,--,2,3564,卖盘
385,14:14:34,17.82,--,46,81972,卖盘
386,14:14:29,17.82,--,200,356400,卖盘
387,14:14:19,17.82,--,406,723492,卖盘
388,14:14:14,17.82,--,4,7128,卖盘
389,14:14:09,17.82,-0.01,30,53460,卖盘
390,14:14:04,17.83,0.01,13,23178,买盘
391,14:13:59,17.82,-0.01,710,1265220,卖盘
392,14:13:54,17.83,0.01,23,41008,买盘
393,14:13:44,17.82,--,262,466884,买盘
394,14:13:34,17.82,0.01,157,279774,买盘
395,14:13:29,17.81,-0.01,501,892280,卖盘
396,14:13:24,17.82,--,1,1782,买盘
397,14:13:19,17.82,0.01,436,776952,买盘
398,14:13:09,17.81,-0.01,9,16028,卖盘
399,14:12:59,17.82,--,15,26730,买盘
400,14:12:49,17.82,0.01,176,313632,买盘
401,14:12:44,17.81,-0.01,810,1442610,卖盘
402,14:12:34,17.82,--,430,766260,买盘
403,14:12:29,17.82,--,56,99792,买盘
404,14:12:24,17.82,-0.01,250,445500,中性盘
405,14:12:19,17.83,0.03,195,347684,买盘
406,14:12:14,17.8,-0.03,1,1780,中性盘
407,14:12:04,17.83,0.03,1083,1930988,买盘
408,14:11:59,17.8,--,12,21360,买盘
409,14:11:54,17.8,--,17,30260,买盘
410,14:11:44,17.8,0.01,1,1780,买盘
411,14:11:34,17.79,--,5,8895,卖盘
412,14:11:29,17.79,-0.01,10,17790,卖盘
413,14:11:24,17.8,--,458,815240,买盘
414,14:11:19,17.8,--,454,808120,买盘
415,14:11:09,17.8,--,8,14240,买盘
416,14:10:59,17.8,--,3,5340,买盘
417,14:10:54,17.8,0.01,87,154860,买盘
418,14:10:34,17.79,-0.01,305,542595,卖盘
419,14:10:24,17.8,0.01,4,7120,买盘
420,14:10:09,17.79,-0.01,1000,1779000,卖盘
421,14:10:03,17.8,0.01,1,1780,买盘
422,14:09:59,17.79,--,1018,1811022,卖盘
423,14:09:54,17.79,--,81,144099,卖盘
424,14:09:44,17.79,0.01,75,133425,买盘
425,14:09:39,17.78,-0.01,115,204470,卖盘
426,14:09:33,17.79,--,24,42696,买盘
427,14:09:28,17.79,0.01,252,448308,买盘
428,14:09:18,17.78,-0.01,108,193090,卖盘
429,14:09:13,17.79,--,1,1779,买盘
430,14:09:09,17.79,--,1,1779,买盘
431,14:09:03,17.79,0.01,7,12453,买盘
432,14:08:58,17.78,--,4,7112,卖盘
433,14:08:54,17.78,-0.01,22,39116,卖盘
434,14:08:48,17.79,--,13,23127,买盘
435,14:08:43,17.79,0.01,14,24906,买盘
436,14:08:33,17.78,-0.01,5,8890,卖盘
437,14:08:24,17.79,0.01,1,1779,买盘
438,14:08:18,17.78,-0.01,200,355600,卖盘
439,14:07:58,17.79,-0.01,457,813003,卖盘
440,14:07:53,17.8,0.01,3,5340,买盘
441,14:07:48,17.79,--,20,35580,卖盘
442,14:07:43,17.79,--,31,55149,卖盘
443,14:07:38,17.79,-0.01,4,7116,卖盘
444,14:07:33,17.8,0.01,6,10680,买盘
445,14:07:03,17.79,-0.01,1200,2134800,卖盘
446,14:06:58,17.8,--,8,14240,买盘
447,14:06:53,17.8,0.01,12,21360,买盘
448,14:06:48,17.79,-0.01,4,7116,卖盘
449,14:06:43,17.8,0.01,55,97900,买盘
450,14:06:38,17.79,--,53,94287,卖盘
451,14:06:33,17.79,--,9,16011,卖盘
452,14:06:18,17.79,-0.01,2,3558,卖盘
453,14:06:08,17.8,--,2,3560,买盘
454,14:05:53,17.8,0.01,1601,2849780,买盘
455,14:05:48,17.79,-0.01,20,35580,卖盘
456,14:05:43,17.8,--,35,62300,买盘
457,14:05:38,17.8,0.01,3,5340,买盘
458,14:05:33,17.79,-0.01,5,8895,卖盘
459,14:05:18,17.8,--,4,7120,买盘
460,14:05:03,17.8,--,1,1780,买盘
461,14:04:53,17.8,0.01,20,35600,买盘
462,14:04:48,17.79,--,0,17,卖盘
463,14:04:33,17.79,-0.01,5,8895,卖盘
464,14:04:28,17.8,--,4,7120,买盘
465,14:04:18,17.8,0.01,1,1780,买盘
466,14:04:13,17.79,--,1100,1956900,卖盘
467,14:04:08,17.79,-0.01,3,5337,卖盘
468,14:04:03,17.8,--,12,21360,买盘
469,14:03:53,17.8,0.01,20,35600,买盘
470,14:03:48,17.79,--,9,16011,卖盘
471,14:03:33,17.79,-0.01,7,12453,卖盘
472,14:03:23,17.8,--,1,1780,买盘
473,14:03:12,17.8,--,10,17800,买盘
474,14:03:08,17.8,--,82,145960,买盘
475,14:03:03,17.8,--,1102,1961560,买盘
476,14:02:57,17.8,--,6,10680,买盘
477,14:02:53,17.8,--,8,14240,买盘
478,14:02:48,17.8,--,170,302600,买盘
479,14:02:42,17.8,--,12,21360,买盘
480,14:02:32,17.8,--,8,14240,买盘
481,14:02:18,17.8,--,17,30260,买盘
482,14:02:08,17.8,--,3,5340,买盘
483,14:02:03,17.8,--,52,92560,买盘
484,14:01:48,17.8,0.01,3,5340,买盘
485,14:01:37,17.79,--,4,7116,卖盘
486,14:01:32,17.79,-0.01,5,8895,卖盘
487,14:01:27,17.8,-0.01,604,1075120,卖盘
488,14:01:07,17.81,--,120,213719,买盘
489,14:00:52,17.81,0.01,201,357981,买盘
490,14:00:47,17.8,--,212,377360,卖盘
491,14:00:42,17.8,--,500,890000,卖盘
492,14:00:37,17.8,--,224,398720,卖盘
493,14:00:32,17.8,--,5,8900,卖盘
494,14:00:27,17.8,--,15,26700,卖盘
495,14:00:17,17.8,--,20,35600,买盘
496,14:00:12,17.8,--,179,318620,买盘
497,14:00:02,17.8,0.02,1,1780,买盘
498,13:59:52,17.78,-0.02,13,24180,卖盘
499,13:59:42,17.8,0.02,133,236740,买盘
500,13:59:32,17.78,-0.02,4,7112,卖盘
501,13:59:26,17.8,0.02,253,450340,买盘
502,13:59:22,17.78,--,1,1778,卖盘
503,13:59:17,17.78,--,25,44450,卖盘
504,13:59:12,17.78,--,7,12446,卖盘
505,13:59:07,17.78,-0.01,8,14224,卖盘
506,13:58:52,17.79,0.01,5,8895,买盘
507,13:58:47,17.78,--,34,60452,卖盘
508,13:58:32,17.78,-0.01,5,8890,卖盘
509,13:58:22,17.79,-0.01,7,12453,卖盘
510,13:58:17,17.8,--,1049,1867220,买盘
511,13:58:02,17.8,--,358,637240,买盘
512,13:57:57,17.8,0.01,50,89000,买盘
513,13:57:47,17.79,-0.01,1,1779,卖盘
514,13:57:42,17.8,--,3,5340,买盘
515,13:57:32,17.8,0.01,6,10680,买盘
516,13:57:02,17.79,-0.02,300,533700,卖盘
517,13:56:47,17.81,0.02,1,1780,买盘
518,13:56:32,17.79,-0.01,13,23127,卖盘
519,13:56:22,17.8,0.01,3,5340,买盘
520,13:56:17,17.79,-0.01,344,612402,卖盘
521,13:56:12,17.8,-0.01,32,56960,卖盘
522,13:56:02,17.81,--,1,1780,买盘
523,13:55:57,17.81,--,3,5343,买盘
524,13:55:31,17.81,--,104,185224,买盘
525,13:55:27,17.81,-0.01,132,235091,买盘
526,13:55:17,17.82,--,0,0,买盘
527,13:55:01,17.82,0.01,55,98010,买盘
528,13:54:56,17.81,0.01,210,374010,买盘
529,13:54:47,17.8,--,8,14240,卖盘
530,13:54:42,17.8,0.01,453,807692,买盘
531,13:54:32,17.79,-0.01,64,113856,卖盘
532,13:54:26,17.8,--,5,8900,买盘
533,13:54:17,17.8,--,11,19580,买盘
534,13:53:46,17.8,0.01,3,5340,买盘
535,13:53:31,17.79,-0.01,5,8895,卖盘
536,13:53:26,17.8,--,1,1780,买盘
537,13:53:21,17.8,--,3,5340,买盘
538,13:53:16,17.8,--,10,17800,买盘
539,13:53:11,17.8,--,1,1780,买盘
540,13:53:06,17.8,-0.03,574,1022147,卖盘
541,13:53:01,17.83,--,20,35660,卖盘
542,13:52:56,17.83,0.01,356,634747,买盘
543,13:52:41,17.82,--,0,0,卖盘
544,13:52:31,17.82,-0.02,74,131868,卖盘
545,13:52:11,17.84,--,30,53520,买盘
546,13:52:01,17.84,--,3,5352,买盘
547,13:51:46,17.84,--,170,303280,卖盘
548,13:51:41,17.84,-0.01,54,96336,卖盘
549,13:51:36,17.85,0.01,137,244545,买盘
550,13:51:31,17.84,--,5,8920,卖盘
551,13:51:26,17.84,-0.01,148,264032,卖盘
552,13:51:20,17.85,--,503,897855,买盘
553,13:51:11,17.85,0.01,10,17850,买盘
554,13:51:06,17.84,--,5,8920,卖盘
555,13:51:01,17.84,-0.01,384,685056,卖盘
556,13:50:56,17.85,0.01,1,1785,买盘
557,13:50:51,17.84,--,90,160560,卖盘
558,13:50:46,17.84,--,51,90984,卖盘
559,13:50:41,17.84,--,13,23192,卖盘
560,13:50:31,17.84,-0.01,5,8920,卖盘
561,13:50:21,17.85,--,2,3570,买盘
562,13:50:16,17.85,--,5,8925,买盘
563,13:50:01,17.85,0.01,1,1785,买盘
564,13:49:55,17.84,--,127,226568,买盘
565,13:49:51,17.84,0.02,2,3568,买盘
566,13:49:36,17.82,-0.02,5,8910,卖盘
567,13:49:25,17.84,--,0,0,买盘
568,13:49:21,17.84,--,0,0,买盘
569,13:49:16,17.84,0.02,1,1784,买盘
570,13:49:10,17.82,-0.02,144,256608,卖盘
571,13:49:06,17.84,--,468,834912,买盘
572,13:49:00,17.84,--,457,815288,买盘
573,13:48:55,17.84,--,0,0,买盘
574,13:48:35,17.84,0.01,7,12488,买盘
575,13:48:25,17.83,0.02,25,44574,买盘
576,13:48:15,17.81,-0.02,5,8905,卖盘
577,13:48:10,17.83,0.02,4,7131,卖盘
578,13:48:06,17.81,-0.03,62,110421,卖盘
579,13:48:00,17.84,0.01,3,5352,买盘
580,13:47:40,17.83,-0.02,2113,3767478,卖盘
581,13:47:35,17.85,0.01,9,16065,买盘
582,13:47:30,17.84,--,101,180184,卖盘
583,13:47:14,17.84,--,3,5352,卖盘
584,13:47:10,17.84,-0.01,5,8920,卖盘
585,13:47:05,17.85,--,8,14280,买盘
586,13:47:00,17.85,0.01,28,49980,买盘
587,13:46:55,17.84,-0.01,10,17840,卖盘
588,13:46:50,17.85,--,4,7140,卖盘
589,13:46:45,17.85,--,75,133875,卖盘
590,13:46:40,17.85,--,317,565845,卖盘
591,13:46:35,17.85,-0.01,5,8925,卖盘
592,13:46:30,17.86,-0.01,1576,2816039,卖盘
593,13:46:25,17.87,--,5,8935,买盘
594,13:46:20,17.87,0.01,387,691569,买盘
595,13:46:15,17.86,--,104,185744,卖盘
596,13:46:10,17.86,-0.01,7,12502,卖盘
597,13:46:05,17.87,0.01,6,10722,买盘
598,13:45:55,17.86,--,14,25004,卖盘
599,13:45:50,17.86,-0.01,6,10716,卖盘
600,13:45:44,17.87,0.01,32,57184,买盘
601,13:45:40,17.86,-0.01,7,13127,卖盘
602,13:45:35,17.87,0.01,18,32166,买盘
603,13:45:25,17.86,--,42,75012,卖盘
604,13:45:20,17.86,--,707,1264345,买盘
605,13:45:05,17.86,--,1,1786,买盘
606,13:44:59,17.86,--,8,14288,买盘
607,13:44:55,17.86,0.01,15,26790,买盘
608,13:44:50,17.85,-0.01,22,39270,卖盘
609,13:44:45,17.86,0.01,20,35720,买盘
610,13:44:40,17.85,-0.01,0,1071,卖盘
611,13:44:35,17.86,0.01,31,55366,买盘
612,13:44:30,17.85,--,8,15618,卖盘
613,13:44:25,17.85,--,22,39270,卖盘
614,13:44:20,17.85,-0.01,86,153510,卖盘
615,13:44:14,17.86,0.01,1,1786,买盘
616,13:44:05,17.85,--,18,32130,卖盘
617,13:44:00,17.85,-0.01,31,55335,卖盘
618,13:43:55,17.86,0.01,150,268525,买盘
619,13:43:50,17.85,--,6,10710,买盘
620,13:43:44,17.85,-0.01,245,438485,卖盘
621,13:43:40,17.86,0.01,12,21432,买盘
622,13:43:35,17.85,--,61,108885,卖盘
623,13:43:25,17.85,--,57,102369,卖盘
624,13:43:20,17.85,--,40,71400,卖盘
625,13:43:15,17.85,-0.01,62,110670,卖盘
626,13:43:10,17.86,0.01,48,85728,买盘
627,13:43:05,17.85,0.01,22,39270,卖盘
628,13:43:00,17.84,-0.01,199,355016,卖盘
629,13:42:55,17.85,0.01,2355,4203675,买盘
630,13:42:49,17.84,--,61,108824,卖盘
631,13:42:44,17.84,--,5,8920,卖盘
632,13:42:40,17.84,--,415,741537,买盘
633,13:42:34,17.84,--,212,378208,买盘
634,13:42:30,17.84,0.01,144,256896,买盘
635,13:42:25,17.83,--,106,189622,卖盘
636,13:42:19,17.83,--,464,827311,卖盘
637,13:42:15,17.83,0.01,1001,1784782,买盘
638,13:42:10,17.82,--,230,409860,卖盘
639,13:42:04,17.82,--,1815,3234330,卖盘
640,13:41:59,17.82,-0.01,65,115830,卖盘
641,13:41:55,17.83,--,3,5348,买盘
642,13:41:49,17.83,--,2,3565,买盘
643,13:41:44,17.83,--,168,299544,买盘
644,13:41:39,17.83,0.01,272,484975,买盘
645,13:41:34,17.82,--,4,8696,卖盘
646,13:41:24,17.82,-0.01,14,24948,卖盘
647,13:41:19,17.83,0.01,184,328071,买盘
648,13:41:15,17.82,0.01,1281,2282742,买盘
649,13:41:09,17.81,--,5,8905,卖盘
650,13:41:04,17.81,-0.01,8,14247,卖盘
651,13:41:00,17.82,--,25,44550,买盘
652,13:40:54,17.82,--,1,1782,买盘
653,13:40:49,17.82,--,9,16038,买盘
654,13:40:45,17.82,0.01,55,98010,买盘
655,13:40:39,17.81,-0.01,0,926,卖盘
656,13:40:34,17.82,0.01,11,19602,买盘
657,13:40:29,17.81,-0.01,5,10383,卖盘
658,13:40:19,17.82,0.01,29,51678,买盘
659,13:40:08,17.81,-0.01,30,53429,卖盘
660,13:40:04,17.82,--,55,98010,买盘
661,13:39:59,17.82,0.01,10,17820,买盘
662,13:39:53,17.81,--,5,8905,卖盘
663,13:39:49,17.81,0.01,356,634766,买盘
664,13:39:44,17.8,--,6,10680,卖盘
665,13:39:34,17.8,-0.01,6,10680,卖盘
666,13:39:29,17.81,--,107,190567,买盘
667,13:39:23,17.81,0.01,193,343733,买盘
668,13:39:19,17.8,-0.01,437,778483,卖盘
669,13:39:14,17.81,0.01,351,625131,买盘
670,13:39:08,17.8,-0.01,50,89000,卖盘
671,13:39:04,17.81,0.01,13,23153,买盘
672,13:38:59,17.8,--,1,1780,卖盘
673,13:38:54,17.8,--,5,8900,卖盘
674,13:38:49,17.8,-0.01,59,105020,卖盘
675,13:38:44,17.81,0.01,128,228074,买盘
676,13:38:34,17.8,--,34,60520,卖盘
677,13:38:29,17.8,-0.01,198,353063,卖盘
678,13:38:24,17.81,--,412,733772,买盘
679,13:38:14,17.81,--,55,97955,买盘
680,13:38:09,17.81,--,3,5343,买盘
681,13:37:59,17.81,0.01,10,17810,买盘
682,13:37:44,17.8,--,33,58740,卖盘
683,13:37:34,17.8,--,17,30260,卖盘
684,13:37:19,17.8,-0.01,16,29103,卖盘
685,13:37:14,17.81,--,16,28495,买盘
686,13:37:04,17.81,--,172,306332,买盘
687,13:36:59,17.81,--,195,347295,买盘
688,13:36:49,17.81,--,3,5343,买盘
689,13:36:44,17.81,0.01,8,14247,买盘
690,13:36:38,17.8,--,5,8900,卖盘
691,13:36:34,17.8,--,55,97900,卖盘
692,13:36:19,17.8,-0.01,162,288983,卖盘
693,13:36:14,17.81,0.01,299,532519,买盘
694,13:36:08,17.8,--,6,10680,买盘
695,13:36:04,17.8,0.01,28,49840,买盘
696,13:35:59,17.79,-0.01,4,7116,卖盘
697,13:35:53,17.8,--,1,1780,买盘
698,13:35:44,17.8,--,152,270560,买盘
699,13:35:38,17.8,0.01,54,96120,买盘
700,13:35:34,17.79,--,5,8895,卖盘
701,13:35:29,17.79,--,0,871,卖盘
702,13:35:23,17.79,-0.01,13,23127,卖盘
703,13:35:19,17.8,0.01,184,327520,买盘
704,13:35:14,17.79,--,5,10424,卖盘
705,13:35:08,17.79,-0.01,9,16011,卖盘
706,13:35:04,17.8,--,55,97900,买盘
707,13:34:58,17.8,--,198,352440,买盘
708,13:34:49,17.8,--,2,3560,买盘
709,13:34:43,17.8,--,1,1780,买盘
710,13:34:38,17.8,--,8,14240,买盘
711,13:34:34,17.8,--,216,384480,买盘
712,13:34:23,17.8,--,54,96120,买盘
713,13:34:19,17.8,--,72,128160,买盘
714,13:34:13,17.8,--,7,13083,买盘
715,13:33:58,17.8,--,437,777860,买盘
716,13:33:53,17.8,--,3,5340,买盘
717,13:33:49,17.8,0.01,55,97900,买盘
718,13:33:34,17.79,-0.01,5,8895,卖盘
719,13:33:28,17.8,--,3,5340,买盘
720,13:33:23,17.8,0.01,1,1780,买盘
721,13:33:18,17.79,--,0,249,卖盘
722,13:33:13,17.79,-0.01,6,11047,卖盘
723,13:32:58,17.8,0.01,2,3560,买盘
724,13:32:38,17.79,-0.01,31,55149,卖盘
725,13:32:34,17.8,0.01,8,14240,买盘
726,13:32:18,17.79,-0.01,0,53,卖盘
727,13:32:08,17.8,0.01,12,21360,买盘
728,13:32:02,17.79,--,1506,2679743,卖盘
729,13:31:58,17.79,-0.01,570,1014030,卖盘
730,13:31:53,17.8,--,1,1780,买盘
731,13:31:43,17.8,--,4,7120,买盘
732,13:31:38,17.8,--,293,521540,买盘
733,13:31:32,17.8,0.01,104,185120,买盘
734,13:31:23,17.79,--,1,1779,卖盘
735,13:31:17,17.79,-0.01,133,236607,卖盘
736,13:31:13,17.8,0.01,5,8900,买盘
737,13:30:58,17.79,-0.01,60,107362,卖盘
738,13:30:53,17.8,0.01,5,8900,买盘
739,13:30:47,17.79,--,100,177900,卖盘
740,13:30:38,17.79,0.01,335,596587,买盘
741,13:30:32,17.78,-0.01,13,23114,卖盘
742,13:30:28,17.79,0.01,6,10674,买盘
743,13:30:13,17.78,--,0,1066,卖盘
744,13:30:08,17.78,--,11,19558,卖盘
745,13:30:02,17.78,0.01,618,1098804,买盘
746,13:29:58,17.77,-0.01,35,63527,卖盘
747,13:29:53,17.78,0.01,3,5334,买盘
748,13:29:43,17.77,--,5,8885,卖盘
749,13:29:32,17.77,-0.01,5,8885,卖盘
750,13:29:23,17.78,--,3,5334,买盘
751,13:29:13,17.78,0.01,1,2755,中性盘
752,13:29:08,17.77,-0.02,25,45224,卖盘
753,13:29:02,17.79,-0.01,6,10674,卖盘
754,13:28:58,17.8,--,850,1513000,买盘
755,13:28:53,17.8,0.01,3,5340,买盘
756,13:28:43,17.79,-0.01,77,136983,卖盘
757,13:28:32,17.8,--,118,210040,买盘
758,13:28:28,17.8,--,7,12460,买盘
759,13:28:23,17.8,0.01,5,8900,买盘
760,13:28:17,17.79,-0.01,30,53370,卖盘
761,13:28:13,17.8,0.01,6,11160,买盘
762,13:28:08,17.79,-0.01,261,464319,卖盘
763,13:27:58,17.8,0.01,183,325882,买盘
764,13:27:53,17.79,--,2,3558,买盘
765,13:27:47,17.79,--,6,10674,买盘
766,13:27:43,17.79,--,15,26685,买盘
767,13:27:38,17.79,-0.01,6,10674,中性盘
768,13:27:32,17.8,0.02,290,516200,买盘
769,13:27:28,17.78,-0.01,1,1778,卖盘
770,13:27:23,17.79,--,60,106740,买盘
771,13:27:13,17.79,--,175,311325,买盘
772,13:27:07,17.79,--,2,3878,买盘
773,13:27:02,17.79,--,370,658532,买盘
774,13:26:47,17.79,--,10,17790,买盘
775,13:26:43,17.79,0.01,13,23127,买盘
776,13:26:32,17.78,-0.01,5,8890,卖盘
777,13:26:22,17.79,0.02,76,136075,买盘
778,13:26:17,17.77,--,0,0,卖盘
779,13:26:12,17.77,-0.02,6,10662,卖盘
780,13:26:07,17.79,0.03,1960,3487765,买盘
781,13:26:02,17.76,--,0,586,卖盘
782,13:25:57,17.76,-0.01,6,10691,卖盘
783,13:25:52,17.77,--,1,1777,买盘
784,13:25:47,17.77,0.01,2,3554,买盘
785,13:25:42,17.76,--,5,8880,卖盘
786,13:25:32,17.76,-0.01,7,12432,卖盘
787,13:25:27,17.77,0.01,2,3554,买盘
788,13:25:17,17.76,-0.01,39,69264,卖盘
789,13:25:12,17.77,0.01,66,117282,买盘
790,13:25:07,17.76,--,10,17760,卖盘
791,13:25:02,17.76,-0.01,316,561216,卖盘
792,13:24:57,17.77,--,2,3554,买盘
793,13:24:52,17.77,--,2,3554,买盘
794,13:24:47,17.77,--,60,107241,买盘
795,13:24:37,17.77,0.01,382,678814,买盘
796,13:24:32,17.76,-0.01,4,7104,卖盘
797,13:24:22,17.77,0.01,10,17770,买盘
798,13:24:17,17.76,-0.01,2,3552,卖盘
799,13:24:12,17.77,0.01,56,99512,买盘
800,13:24:07,17.76,--,40,71040,卖盘
801,13:23:57,17.76,--,33,58608,卖盘
802,13:23:47,17.76,--,6,10656,卖盘
803,13:23:37,17.76,-0.01,1,1776,卖盘
804,13:23:32,17.77,--,437,776549,买盘
805,13:23:22,17.77,0.01,1,1777,买盘
806,13:23:17,17.76,--,1,1776,卖盘
807,13:23:07,17.76,--,7,12432,卖盘
808,13:22:56,17.76,--,79,140304,卖盘
809,13:22:52,17.76,--,17,30192,卖盘
810,13:22:47,17.76,-0.01,5,8880,卖盘
811,13:22:41,17.77,0.01,2,3554,买盘
812,13:22:37,17.76,-0.01,90,159840,卖盘
813,13:22:32,17.77,--,32,56864,买盘
814,13:22:22,17.77,0.01,55,97735,买盘
815,13:22:17,17.76,-0.01,11,19536,卖盘
816,13:22:07,17.77,0.01,1,1777,买盘
817,13:21:56,17.76,-0.01,20,35520,卖盘
818,13:21:47,17.77,0.01,3,5331,买盘
819,13:21:41,17.76,--,5,8880,卖盘
820,13:21:32,17.76,--,5,8880,卖盘
821,13:21:22,17.76,--,125,222000,卖盘
822,13:21:17,17.76,-0.01,111,197136,卖盘
823,13:21:07,17.77,--,3,5331,买盘
824,13:21:02,17.77,--,425,755225,买盘
825,13:20:56,17.77,-0.01,344,612531,卖盘
826,13:20:52,17.78,--,31,55118,卖盘
827,13:20:47,17.78,-0.01,100,177800,卖盘
828,13:20:41,17.79,0.01,3,5337,买盘
829,13:20:37,17.78,--,4,7112,卖盘
830,13:20:32,17.78,--,4,7112,卖盘
831,13:20:26,17.78,-0.01,258,458724,卖盘
832,13:20:22,17.79,--,332,590628,买盘
833,13:20:17,17.79,0.01,10,18323,买盘
834,13:20:11,17.78,--,7,12446,买盘
835,13:20:07,17.78,--,49,87122,买盘
836,13:19:47,17.78,0.01,3,5334,买盘
837,13:19:41,17.77,--,2,3554,卖盘
838,13:19:31,17.77,-0.01,23,40871,卖盘
839,13:19:17,17.78,0.02,4,7112,买盘
840,13:19:01,17.76,-0.02,11,19536,卖盘
841,13:18:36,17.78,0.02,1,1778,买盘
842,13:18:31,17.76,--,41,72816,卖盘
843,13:18:26,17.76,-0.02,1,1776,卖盘
844,13:18:21,17.78,--,1,1778,买盘
845,13:18:11,17.78,--,93,165354,卖盘
846,13:18:06,17.78,-0.01,362,643636,卖盘
847,13:18:01,17.79,0.01,3,5337,买盘
848,13:17:51,17.78,--,50,88900,卖盘
849,13:17:41,17.78,--,5,8890,卖盘
850,13:17:36,17.78,--,2,3556,卖盘
851,13:17:31,17.78,--,49,87122,卖盘
852,13:17:21,17.78,0.02,28,49784,卖盘
853,13:17:16,17.76,-0.02,44,78144,卖盘
854,13:17:06,17.78,--,340,604520,卖盘
855,13:16:56,17.78,-0.01,2,3556,卖盘
856,13:16:46,17.79,0.01,1,1779,买盘
857,13:16:36,17.78,--,6,10668,卖盘
858,13:16:31,17.78,--,5,8890,卖盘
859,13:16:16,17.78,-0.01,52,92456,卖盘
860,13:16:06,17.79,0.01,8,14232,买盘
861,13:16:01,17.78,-0.01,88,156464,卖盘
862,13:15:51,17.79,--,335,595965,买盘
863,13:15:46,17.79,0.01,2,3558,买盘
864,13:15:31,17.78,0.01,44,78232,买盘
865,13:15:26,17.77,--,4,7108,卖盘
866,13:15:20,17.77,--,63,111951,买盘
867,13:15:16,17.77,--,23,40871,买盘
868,13:15:05,17.77,--,1,1777,买盘
869,13:14:56,17.77,0.01,3,5331,买盘
870,13:14:50,17.76,-0.01,54,95904,卖盘
871,13:14:46,17.77,--,38,68769,买盘
872,13:14:35,17.77,0.01,50,88850,买盘
873,13:14:31,17.76,--,6,10656,卖盘
874,13:14:26,17.76,-0.01,103,182928,卖盘
875,13:14:16,17.77,--,1,1777,买盘
876,13:14:01,17.77,0.01,11,19547,买盘
877,13:13:41,17.76,--,43,76368,卖盘
878,13:13:35,17.76,--,54,95904,卖盘
879,13:13:31,17.76,-0.01,5,8880,卖盘
880,13:13:26,17.77,--,1,1777,买盘
881,13:13:11,17.77,0.01,12,21324,买盘
882,13:12:56,17.76,-0.01,30,53280,卖盘
883,13:12:46,17.77,--,2,3554,买盘
884,13:12:35,17.77,0.01,1,1777,买盘
885,13:12:31,17.76,--,5,8880,卖盘
886,13:12:15,17.76,-0.01,5,8880,卖盘
887,13:12:11,17.77,--,10,17770,买盘
888,13:11:56,17.77,--,2,3554,买盘
889,13:11:45,17.77,0.01,1,1777,买盘
890,13:11:30,17.76,-0.01,5,8880,卖盘
891,13:11:25,17.77,0.01,2,3554,买盘
892,13:11:10,17.76,-0.01,5,8880,卖盘
893,13:11:00,17.77,--,3,5331,买盘
894,13:10:55,17.77,0.01,1,1777,买盘
895,13:10:45,17.76,-0.01,10,17760,卖盘
896,13:10:35,17.77,0.01,3,5331,买盘
897,13:10:30,17.76,--,4,7104,卖盘
898,13:10:20,17.76,--,5,8880,卖盘
899,13:10:10,17.76,-0.01,4,7104,卖盘
900,13:10:05,17.77,0.01,1,1777,买盘
901,13:10:00,17.76,-0.01,3,5328,卖盘
902,13:09:55,17.77,0.01,2,3554,买盘
903,13:09:50,17.76,--,5,8880,卖盘
904,13:09:45,17.76,--,53,94128,卖盘
905,13:09:30,17.76,--,50,88800,卖盘
906,13:09:25,17.76,-0.01,10,18452,卖盘
907,13:09:15,17.77,--,1,1777,买盘
908,13:09:10,17.77,--,47,83519,买盘
909,13:08:45,17.77,0.01,22,39094,买盘
910,13:08:30,17.76,-0.01,11,19536,卖盘
911,13:08:25,17.77,--,14,24878,买盘
912,13:08:20,17.77,--,23,40871,买盘
913,13:08:15,17.77,--,10,17770,买盘
914,13:07:35,17.77,0.01,1,1777,买盘
915,13:07:30,17.76,-0.01,18,31968,卖盘
916,13:07:25,17.77,--,20,35540,买盘
917,13:07:14,17.77,--,3,5331,买盘
918,13:07:09,17.77,--,16,28432,买盘
919,13:07:05,17.77,0.01,3,5331,买盘
920,13:06:55,17.76,-0.01,15,26640,卖盘
921,13:06:44,17.77,0.01,1,1777,买盘
922,13:06:35,17.76,--,7,12432,卖盘
923,13:06:10,17.76,--,4,7104,卖盘
924,13:06:05,17.76,--,4,7104,卖盘
925,13:05:59,17.76,-0.01,15,26640,卖盘
926,13:05:55,17.77,--,29,51533,买盘
927,13:05:34,17.77,--,117,207909,卖盘
928,13:05:10,17.77,-0.02,4,7108,卖盘
929,13:05:04,17.79,--,66,117414,买盘
930,13:04:40,17.79,--,137,243936,卖盘
931,13:04:34,17.79,--,25,44475,卖盘
932,13:04:29,17.79,--,20,35580,卖盘
933,13:04:25,17.79,-0.01,46,81834,卖盘
934,13:04:14,17.8,0.01,1,1780,买盘
935,13:03:59,17.79,--,411,731169,卖盘
936,13:03:49,17.79,--,8,14232,卖盘
937,13:03:34,17.79,-0.01,4,7116,卖盘
938,13:03:29,17.8,--,1,1780,买盘
939,13:03:24,17.8,0.01,1,1780,买盘
940,13:03:09,17.79,-0.01,9,16011,卖盘
941,13:03:04,17.8,0.01,1,1780,买盘
942,13:02:44,17.79,--,100,177900,卖盘
943,13:02:34,17.79,-0.01,106,188574,卖盘
944,13:01:49,17.8,-0.01,492,875760,卖盘
945,13:01:43,17.81,0.01,1,1780,买盘
946,13:01:34,17.8,--,5,8900,卖盘
947,13:01:29,17.8,--,0,0,中性盘
948,13:01:24,17.8,--,365,651266,买盘
949,13:00:54,17.8,--,1,1780,买盘
950,13:00:49,17.8,--,1,1780,买盘
951,13:00:39,17.8,--,3,5340,买盘
952,13:00:18,17.8,--,66,117480,买盘
953,13:00:08,17.8,--,2,3560,买盘
954,13:00:04,17.8,--,1290,2297428,买盘
955,11:30:00,17.8,--,0,0,买盘
956,11:29:59,17.8,--,0,0,买盘
957,11:29:59,17.8,0.01,49,87220,买盘
958,11:29:56,17.79,-0.01,49,87171,卖盘
959,11:29:51,17.8,0.01,116,206480,买盘
960,11:29:41,17.79,--,21,37536,卖盘
961,11:29:35,17.79,-0.01,5,8895,卖盘
962,11:29:26,17.8,--,21,37380,买盘
963,11:29:21,17.8,--,2,3560,买盘
964,11:29:10,17.8,--,1,1780,买盘
965,11:28:50,17.8,--,908,1616240,买盘
966,11:28:45,17.8,0.01,2,3560,买盘
967,11:28:35,17.79,-0.01,49,87171,卖盘
968,11:28:30,17.8,--,10,18690,买盘
969,11:28:20,17.8,--,1,1780,买盘
970,11:28:15,17.8,--,48,85440,买盘
971,11:28:10,17.8,--,48,85440,买盘
972,11:27:45,17.8,--,44,78320,买盘
973,11:27:40,17.8,0.01,3,5340,买盘
974,11:27:35,17.79,-0.01,5,8895,卖盘
975,11:27:30,17.8,0.01,3,5340,买盘
976,11:27:25,17.79,-0.01,8,14232,卖盘
977,11:27:20,17.8,--,2,3560,买盘
978,11:27:10,17.8,--,54,96120,买盘
979,11:26:55,17.8,--,75,133500,买盘
980,11:26:50,17.8,--,2,3560,买盘
981,11:26:40,17.8,0.01,55,97900,买盘
982,11:26:35,17.79,-0.01,5,8895,卖盘
983,11:26:25,17.8,0.01,56,99680,买盘
984,11:26:10,17.79,--,36,64044,卖盘
985,11:25:55,17.79,-0.01,22,39138,卖盘
986,11:25:50,17.8,0.01,101,179780,买盘
987,11:25:40,17.79,--,6,10674,卖盘
988,11:25:35,17.79,-0.01,5,8895,卖盘
989,11:25:30,17.8,0.01,3,5340,买盘
990,11:25:25,17.79,--,5,8895,卖盘
991,11:25:10,17.79,-0.01,13,23127,卖盘
992,11:25:05,17.8,--,2,3560,买盘
993,11:25:00,17.8,0.01,3,5340,买盘
994,11:24:50,17.79,-0.01,2,3558,卖盘
995,11:24:35,17.8,--,8,14240,买盘
996,11:24:29,17.8,--,375,667500,买盘
997,11:24:24,17.8,0.01,54,96120,买盘
998,11:24:20,17.79,-0.01,0,1049,卖盘
999,11:24:14,17.8,0.01,3,5340,买盘
1000,11:24:05,17.79,-0.01,5,8895,卖盘
1001,11:23:39,17.8,0.01,2,3560,买盘
1002,11:23:35,17.79,-0.01,9,16011,卖盘
1003,11:23:20,17.8,--,1,1780,买盘
1004,11:23:14,17.8,--,385,685300,买盘
1005,11:23:05,17.8,--,2,3560,买盘
1006,11:22:50,17.8,--,59,105020,买盘
1007,11:22:39,17.8,0.01,140,249200,买盘
1008,11:22:35,17.79,-0.01,5,8895,卖盘
1009,11:22:29,17.8,0.01,1,1780,买盘
1010,11:22:24,17.79,-0.01,10,17790,卖盘
1011,11:22:20,17.8,0.01,3,5340,买盘
1012,11:21:44,17.79,--,15,26685,卖盘
1013,11:21:34,17.79,-0.01,5,8895,卖盘
1014,11:21:20,17.8,--,106,188893,卖盘
1015,11:21:14,17.8,--,7,12460,卖盘
1016,11:21:09,17.8,--,70,124600,卖盘
1017,11:20:59,17.8,-0.01,509,906020,卖盘
1018,11:20:50,17.81,0.01,19,33839,买盘
1019,11:20:39,17.8,--,1,1780,卖盘
1020,11:20:34,17.8,--,11,19580,卖盘
1021,11:20:29,17.8,--,8,14240,卖盘
1022,11:20:24,17.8,--,10,17800,卖盘
1023,11:20:19,17.8,--,20,35600,卖盘
1024,11:20:14,17.8,--,6,11534,卖盘
1025,11:20:04,17.8,-0.01,5,8900,卖盘
1026,11:19:59,17.81,0.01,11,19591,买盘
1027,11:19:54,17.8,--,1,1780,卖盘
1028,11:19:49,17.8,--,120,213600,卖盘
1029,11:19:44,17.8,--,3,5340,卖盘
1030,11:19:39,17.8,--,100,178000,卖盘
1031,11:19:34,17.8,--,4,7120,卖盘
1032,11:19:29,17.8,--,100,178000,卖盘
1033,11:19:19,17.8,-0.01,1,1780,卖盘
1034,11:19:14,17.81,0.01,386,687466,买盘
1035,11:19:09,17.8,-0.01,13,23140,卖盘
1036,11:19:04,17.81,0.01,110,195910,买盘
1037,11:18:53,17.8,-0.01,31,55180,卖盘
1038,11:18:49,17.81,0.01,10,17810,买盘
1039,11:18:44,17.8,-0.01,3,5340,卖盘
1040,11:18:34,17.81,--,8,14247,买盘
1041,11:18:29,17.81,0.01,348,619788,买盘
1042,11:18:23,17.8,-0.01,50,89000,卖盘
1043,11:18:19,17.81,0.01,2,3561,买盘
1044,11:18:14,17.8,-0.01,5,8900,卖盘
1045,11:18:08,17.81,0.01,142,252901,买盘
1046,11:18:04,17.8,--,8,14240,卖盘
1047,11:17:59,17.8,--,100,178000,卖盘
1048,11:17:49,17.8,--,8,14240,卖盘
1049,11:17:44,17.8,--,20,35600,卖盘
1050,11:17:38,17.8,--,75,133500,卖盘
1051,11:17:34,17.8,-0.01,8,14240,卖盘
1052,11:17:29,17.81,0.01,4,7123,买盘
1053,11:17:19,17.8,--,126,224280,卖盘
1054,11:17:08,17.8,-0.01,6,10680,卖盘
1055,11:17:04,17.81,0.01,30,53429,买盘
1056,11:16:53,17.8,--,7,12460,卖盘
1057,11:16:49,17.8,--,79,140620,卖盘
1058,11:16:43,17.8,--,174,309720,卖盘
1059,11:16:38,17.8,-0.01,3,5340,卖盘
1060,11:16:34,17.81,0.01,33,58772,买盘
1061,11:16:29,17.8,--,150,267000,卖盘
1062,11:16:23,17.8,-0.01,1,1780,卖盘
1063,11:16:14,17.81,--,170,302770,买盘
1064,11:16:03,17.81,0.01,21,37401,买盘
1065,11:15:53,17.8,--,4,7120,卖盘
1066,11:15:48,17.8,--,4,7120,卖盘
1067,11:15:43,17.8,--,100,178000,卖盘
1068,11:15:38,17.8,-0.01,4,7120,卖盘
1069,11:15:33,17.81,0.01,25,44525,买盘
1070,11:15:13,17.8,--,5,8900,卖盘
1071,11:15:08,17.8,-0.01,53,94340,卖盘
1072,11:14:58,17.81,0.01,73,130012,买盘
1073,11:14:53,17.8,-0.01,3,5340,卖盘
1074,11:14:48,17.81,0.01,6,10686,买盘
1075,11:14:38,17.8,--,5,8900,卖盘
1076,11:14:33,17.8,--,5,8900,卖盘
1077,11:14:28,17.8,--,100,178000,卖盘
1078,11:14:23,17.8,--,38,67640,卖盘
1079,11:14:18,17.8,--,16,28764,卖盘
1080,11:14:13,17.8,--,16,28480,卖盘
1081,11:14:08,17.8,--,61,108580,卖盘
1082,11:13:53,17.8,--,74,132147,买盘
1083,11:13:38,17.8,0.01,85,151300,买盘
1084,11:13:33,17.79,-0.01,5,8895,卖盘
1085,11:13:28,17.8,--,10,17800,买盘
1086,11:13:23,17.8,--,1,1780,买盘
1087,11:13:18,17.8,--,2,3560,买盘
1088,11:13:13,17.8,--,112,200712,卖盘
1089,11:13:08,17.8,-0.01,4,7120,卖盘
1090,11:13:03,17.81,--,1,1780,买盘
1091,11:12:58,17.81,--,169,300989,买盘
1092,11:12:53,17.81,0.01,2,3561,买盘
1093,11:12:48,17.8,--,28,49840,卖盘
1094,11:12:43,17.8,--,316,562480,卖盘
1095,11:12:38,17.8,--,104,185120,卖盘
1096,11:12:33,17.8,-0.01,62,110360,卖盘
1097,11:12:28,17.81,--,44,78364,买盘
1098,11:12:23,17.81,0.01,17,30276,买盘
1099,11:12:18,17.8,--,5,8900,卖盘
1100,11:12:08,17.8,--,24,42720,卖盘
1101,11:12:03,17.8,--,102,181560,卖盘
1102,11:11:58,17.8,-0.01,26,46280,卖盘
1103,11:11:53,17.81,0.01,2,3561,买盘
1104,11:11:43,17.8,-0.01,4,7120,卖盘
1105,11:11:38,17.81,0.01,11,19591,买盘
1106,11:11:32,17.8,--,9,16020,卖盘
1107,11:11:28,17.8,--,2,3560,卖盘
1108,11:11:23,17.8,-0.01,5,8900,卖盘
1109,11:11:13,17.81,--,20,35620,买盘
1110,11:11:08,17.81,0.01,3,5343,买盘
1111,11:10:58,17.8,-0.01,8,14240,卖盘
1112,11:10:53,17.81,0.01,41,73021,买盘
1113,11:10:43,17.8,--,4,7120,卖盘
1114,11:10:38,17.8,--,5,8900,卖盘
1115,11:10:32,17.8,-0.01,16,28480,卖盘
1116,11:10:28,17.81,--,380,676780,买盘
1117,11:10:13,17.81,--,23,40963,买盘
1118,11:10:08,17.81,0.01,102,181662,买盘
1119,11:10:02,17.8,-0.01,50,89000,卖盘
1120,11:09:58,17.81,--,35,62334,买盘
1121,11:09:47,17.81,0.01,120,213719,买盘
1122,11:09:38,17.8,--,145,258100,卖盘
1123,11:09:32,17.8,--,4,7120,卖盘
1124,11:09:28,17.8,--,14,24920,卖盘
1125,11:09:23,17.8,--,21,37380,卖盘
1126,11:09:17,17.8,-0.01,15,26700,卖盘
1127,11:09:13,17.81,0.01,31,55210,买盘
1128,11:09:08,17.8,--,28,49840,卖盘
1129,11:09:02,17.8,--,108,192240,卖盘
1130,11:08:58,17.8,--,1,1780,卖盘
1131,11:08:53,17.8,--,34,60520,卖盘
1132,11:08:47,17.8,--,12,21360,卖盘
1133,11:08:42,17.8,--,176,313280,卖盘
1134,11:08:37,17.8,--,3,5340,卖盘
1135,11:08:32,17.8,--,15,26700,卖盘
1136,11:08:22,17.8,--,7,12460,卖盘
1137,11:08:17,17.8,--,6,10680,卖盘
1138,11:08:12,17.8,--,3,5340,卖盘
1139,11:08:07,17.8,--,26,46280,卖盘
1140,11:08:02,17.8,--,20,35600,卖盘
1141,11:07:57,17.8,--,57,102795,卖盘
1142,11:07:52,17.8,--,307,547332,买盘
1143,11:07:47,17.8,0.01,104,185120,买盘
1144,11:07:32,17.79,--,6,10674,卖盘
1145,11:07:17,17.79,--,9,16011,卖盘
1146,11:07:12,17.79,--,7,12453,卖盘
1147,11:07:07,17.79,-0.01,12,21348,卖盘
1148,11:07:02,17.8,--,2,3560,买盘
1149,11:06:57,17.8,0.01,498,886440,买盘
1150,11:06:52,17.79,--,22,39138,卖盘
1151,11:06:47,17.79,--,7,12453,卖盘
1152,11:06:42,17.79,--,38,67602,卖盘
1153,11:06:37,17.79,--,2,3558,卖盘
1154,11:06:32,17.79,--,65,115635,卖盘
1155,11:06:27,17.79,--,6,10674,卖盘
1156,11:06:22,17.79,-0.01,20,35580,卖盘
1157,11:06:17,17.8,0.01,5,8900,买盘
1158,11:06:12,17.79,--,220,391380,卖盘
1159,11:06:07,17.79,-0.01,7,12453,卖盘
1160,11:06:02,17.8,--,2,3560,买盘
1161,11:05:52,17.8,--,3,5340,买盘
1162,11:05:47,17.8,--,37,65860,买盘
1163,11:05:37,17.8,0.01,2,3560,买盘
1164,11:05:32,17.79,-0.01,24,42696,卖盘
1165,11:05:27,17.8,--,3,5340,买盘
1166,11:05:22,17.8,--,392,697760,买盘
1167,11:05:17,17.8,0.01,514,914920,买盘
1168,11:05:12,17.79,-0.01,385,684915,卖盘
1169,11:05:07,17.8,--,23,40940,买盘
1170,11:05:02,17.8,--,4,7120,买盘
1171,11:04:57,17.8,--,82,145960,买盘
1172,11:04:52,17.8,0.01,117,208260,买盘
1173,11:04:47,17.79,-0.01,14,24906,卖盘
1174,11:04:41,17.8,0.01,808,1438240,买盘
1175,11:04:37,17.79,--,20,35580,卖盘
1176,11:04:32,17.79,--,14,24906,卖盘
1177,11:04:26,17.79,--,10,17790,卖盘
1178,11:04:22,17.79,0.01,224,398496,买盘
1179,11:04:17,17.78,-0.01,10,17780,卖盘
1180,11:04:11,17.79,--,82,145878,买盘
1181,11:04:07,17.79,--,13,23127,买盘
1182,11:04:02,17.79,--,21,37359,买盘
1183,11:03:52,17.79,--,12,21348,买盘
1184,11:03:37,17.79,0.03,39,69381,买盘
1185,11:03:32,17.76,-0.02,8,14208,卖盘
1186,11:03:26,17.78,--,3,5334,买盘
1187,11:03:22,17.78,0.02,2,3556,买盘
1188,11:03:17,17.76,-0.03,1,1776,卖盘
1189,11:03:11,17.79,0.03,50,88950,买盘
1190,11:03:07,17.76,--,32,56832,买盘
1191,11:03:02,17.76,--,30,53280,买盘
1192,11:02:47,17.76,-0.03,2,3552,卖盘
1193,11:02:41,17.79,0.03,14,24906,买盘
1194,11:02:32,17.76,-0.03,10,17760,卖盘
1195,11:02:26,17.79,--,1,1779,买盘
1196,11:02:22,17.79,--,964,1714956,卖盘
1197,11:02:11,17.79,--,16,28464,卖盘
1198,11:02:02,17.79,--,48,85392,卖盘
1199,11:01:56,17.79,--,83,147657,买盘
1200,11:01:52,17.79,--,135,240165,卖盘
1201,11:01:46,17.79,--,14,24906,卖盘
1202,11:01:41,17.79,--,11,19569,卖盘
1203,11:01:37,17.79,--,633,1126107,买盘
1204,11:01:32,17.79,--,165,293535,买盘
1205,11:01:26,17.79,--,71,126309,买盘
1206,11:01:22,17.79,--,2,3558,买盘
1207,11:01:16,17.79,0.01,4,7116,买盘
1208,11:01:11,17.78,-0.01,4,7112,卖盘
1209,11:01:07,17.79,--,53,94287,买盘
1210,11:01:01,17.79,0.01,31,55149,买盘
1211,11:00:56,17.78,--,44,78232,买盘
1212,11:00:52,17.78,--,204,362712,买盘
1213,11:00:46,17.78,0.02,874,1553972,买盘
1214,11:00:41,17.76,--,102,181152,买盘
1215,11:00:36,17.76,0.01,276,490176,买盘
1216,11:00:31,17.75,--,60,106500,卖盘
1217,11:00:26,17.75,--,63,111825,卖盘
1218,11:00:22,17.75,--,8,14200,中性盘
1219,11:00:16,17.75,--,410,728193,买盘
1220,11:00:11,17.75,--,232,411800,买盘
1221,11:00:07,17.75,--,2387,4236925,买盘
1222,11:00:01,17.75,--,1817,3225175,买盘
1223,10:59:56,17.75,--,117,207675,买盘
1224,10:59:41,17.75,0.02,1,1775,买盘
1225,10:59:36,17.73,-0.01,100,177300,卖盘
1226,10:59:31,17.74,-0.01,5,8870,卖盘
1227,10:59:21,17.75,0.01,6,10650,买盘
1228,10:59:16,17.74,--,21,37254,买盘
1229,10:59:11,17.74,0.01,4,7095,买盘
1230,10:58:41,17.73,--,1,1773,卖盘
1231,10:58:31,17.73,-0.01,4,7092,卖盘
1232,10:58:21,17.74,0.01,1,1773,买盘
1233,10:58:11,17.73,-0.01,67,118791,卖盘
1234,10:58:06,17.74,--,11,19514,买盘
1235,10:58:01,17.74,--,12,21589,卖盘
1236,10:57:56,17.74,-0.01,8,15664,卖盘
1237,10:57:50,17.75,0.02,12,21300,买盘
1238,10:57:31,17.73,--,16,28368,卖盘
1239,10:57:11,17.73,-0.01,5,8865,卖盘
1240,10:57:01,17.74,0.01,11,19514,买盘
1241,10:56:56,17.73,-0.01,1,1773,卖盘
1242,10:56:50,17.74,--,4,7095,买盘
1243,10:56:41,17.74,0.01,21,37254,买盘
1244,10:56:30,17.73,-0.01,15,26595,卖盘
1245,10:56:16,17.74,--,83,147242,买盘
1246,10:56:11,17.74,-0.01,11,19514,买盘
1247,10:56:05,17.75,--,0,0,买盘
1248,10:56:01,17.75,0.01,283,502325,买盘
1249,10:55:56,17.74,-0.01,105,186269,卖盘
1250,10:55:50,17.75,0.01,1,1775,买盘
1251,10:55:45,17.74,--,5,8870,卖盘
1252,10:55:41,17.74,0.01,817,1449357,买盘
1253,10:55:31,17.73,-0.01,4,7092,卖盘
1254,10:55:26,17.74,--,13,23061,买盘
1255,10:55:10,17.74,--,0,0,买盘
1256,10:55:00,17.74,0.02,1,1773,买盘
1257,10:54:30,17.72,--,5,8860,卖盘
1258,10:54:25,17.72,-0.01,78,138216,卖盘
1259,10:54:15,17.73,-0.01,3,5319,卖盘
1260,10:54:10,17.74,0.01,1,1773,买盘
1261,10:54:01,17.73,--,198,351054,卖盘
1262,10:53:55,17.73,--,8,14184,卖盘
1263,10:53:30,17.73,-0.01,14,24822,卖盘
1264,10:53:25,17.74,--,70,124179,买盘
1265,10:53:20,17.74,--,1,1773,买盘
1266,10:52:50,17.74,--,22,39028,买盘
1267,10:52:35,17.74,0.01,18,31931,买盘
1268,10:52:20,17.73,0.01,10,17730,卖盘
1269,10:52:15,17.72,--,0,0,卖盘
1270,10:52:05,17.72,--,81,143532,卖盘
1271,10:51:55,17.72,-0.02,4,7088,卖盘
1272,10:51:45,17.74,--,14,24835,买盘
1273,10:51:40,17.74,--,31,54993,买盘
1274,10:51:35,17.74,0.02,6,10643,买盘
1275,10:51:25,17.72,-0.02,81,143532,卖盘
1276,10:51:10,17.74,-0.01,10,17740,买盘
1277,10:50:59,17.75,--,14,24850,买盘
1278,10:50:50,17.75,0.01,1,1775,买盘
1279,10:50:40,17.74,0.02,3,5321,买盘
1280,10:50:35,17.72,-0.03,9,15947,卖盘
1281,10:50:29,17.75,--,0,0,买盘
1282,10:50:25,17.75,0.01,673,1194575,买盘
1283,10:50:20,17.74,-0.01,100,177399,卖盘
1284,10:50:10,17.75,--,503,892825,买盘
1285,10:50:05,17.75,0.01,4,7100,买盘
1286,10:49:59,17.74,--,453,805218,买盘
1287,10:49:55,17.74,0.01,1187,2105738,买盘
1288,10:49:50,17.73,--,771,1366983,买盘
1289,10:49:39,17.73,--,14,24822,买盘
1290,10:49:35,17.73,--,151,267723,买盘
1291,10:49:20,17.73,--,1,1773,买盘
1292,10:49:14,17.73,--,3,5319,买盘
1293,10:49:09,17.73,--,117,207441,买盘
1294,10:48:50,17.73,--,2,3546,买盘
1295,10:48:39,17.73,0.02,1,1773,买盘
1296,10:48:35,17.71,-0.02,67,118657,卖盘
1297,10:48:19,17.73,0.02,2,3546,买盘
1298,10:47:59,17.71,--,1,1771,卖盘
1299,10:47:34,17.71,-0.01,191,338261,卖盘
1300,10:47:09,17.72,--,16,28352,买盘
1301,10:46:59,17.72,--,31,54932,买盘
1302,10:46:54,17.72,--,10,17720,买盘
1303,10:46:39,17.72,0.01,1,1772,买盘
1304,10:46:34,17.71,-0.01,5,8855,卖盘
1305,10:46:24,17.72,--,16,28352,买盘
1306,10:46:14,17.72,0.01,39,69108,买盘
1307,10:45:59,17.71,--,224,396704,中性盘
1308,10:45:54,17.71,-0.01,10,17710,卖盘
1309,10:45:49,17.72,0.01,333,590076,买盘
1310,10:45:39,17.71,0.01,18,31878,买盘
1311,10:45:34,17.7,-0.02,5,8850,卖盘
1312,10:45:24,17.72,0.01,7,12404,买盘
1313,10:45:19,17.71,--,4,7084,中性盘
1314,10:45:14,17.71,-0.01,70,123970,卖盘
1315,10:45:04,17.72,0.01,1,1772,买盘
1316,10:44:59,17.71,0.02,5,8855,买盘
1317,10:44:49,17.69,--,10,17690,卖盘
1318,10:44:34,17.69,-0.02,229,405101,卖盘
1319,10:44:19,17.71,-0.01,20,35420,卖盘
1320,10:44:14,17.72,0.01,1,1772,买盘
1321,10:43:49,17.71,--,105,185955,卖盘
1322,10:43:34,17.71,--,5,8855,卖盘
1323,10:43:29,17.71,0.02,248,439208,买盘
1324,10:43:23,17.69,-0.02,105,185745,卖盘
1325,10:43:19,17.71,0.01,1,1771,买盘
1326,10:42:34,17.7,-0.01,6,10620,卖盘
1327,10:42:14,17.71,-0.02,26,46046,卖盘
1328,10:41:44,17.73,0.03,1,1773,买盘
1329,10:41:33,17.7,--,4,7080,卖盘
1330,10:41:18,17.7,--,201,355770,卖盘
1331,10:41:08,17.7,-0.04,149,263730,卖盘
1332,10:41:03,17.74,--,0,0,买盘
1333,10:40:58,17.74,--,29,51445,买盘
1334,10:40:48,17.74,0.02,1,1773,买盘
1335,10:40:43,17.72,--,3,5316,卖盘
1336,10:40:33,17.72,-0.02,5,8860,卖盘
1337,10:40:23,17.74,0.01,23,40802,买盘
1338,10:40:18,17.73,--,60,106380,买盘
1339,10:40:13,17.73,0.01,222,393606,买盘
1340,10:40:03,17.72,0.03,1,1772,买盘
1341,10:39:53,17.69,--,0,0,卖盘
1342,10:39:33,17.69,-0.04,5,8845,卖盘
1343,10:39:28,17.73,--,16,28368,买盘
1344,10:39:13,17.73,0.04,1,1773,买盘
1345,10:39:03,17.69,-0.01,104,183976,卖盘
1346,10:38:58,17.7,--,0,0,中性盘
1347,10:38:53,17.7,0.01,8,14160,卖盘
1348,10:38:38,17.69,--,0,0,卖盘
1349,10:38:33,17.69,-0.04,5,8845,卖盘
1350,10:38:23,17.73,--,5,8865,买盘
1351,10:38:18,17.73,0.04,1,1773,买盘
1352,10:38:13,17.69,--,0,0,卖盘
1353,10:37:58,17.69,-0.05,162,286578,卖盘
1354,10:37:53,17.74,--,0,0,买盘
1355,10:37:48,17.74,0.01,68,120809,买盘
1356,10:37:43,17.73,--,104,184392,卖盘
1357,10:37:38,17.73,--,38,67374,卖盘
1358,10:37:33,17.73,--,55,97515,卖盘
1359,10:37:28,17.73,--,13,23049,卖盘
1360,10:37:23,17.73,--,14,24822,卖盘
1361,10:37:13,17.73,--,4,7092,卖盘
1362,10:37:08,17.73,--,12,21276,卖盘
1363,10:36:58,17.73,--,59,106202,卖盘
1364,10:36:43,17.73,--,33,58509,卖盘
1365,10:36:38,17.73,--,10,17730,卖盘
1366,10:36:32,17.73,--,5,8865,卖盘
1367,10:36:28,17.73,--,10,17730,卖盘
1368,10:35:53,17.73,--,2,3546,卖盘
1369,10:35:47,17.73,-0.01,242,429066,卖盘
1370,10:35:38,17.74,0.01,208,368991,买盘
1371,10:35:32,17.73,--,5,8865,卖盘
1372,10:35:17,17.73,--,87,154251,卖盘
1373,10:35:13,17.73,--,68,120564,卖盘
1374,10:35:08,17.73,--,308,546084,买盘
1375,10:35:02,17.73,0.04,1,1773,买盘
1376,10:34:58,17.69,-0.04,17,30073,卖盘
1377,10:34:53,17.73,0.04,4,7092,买盘
1378,10:34:32,17.69,--,4,7076,卖盘
1379,10:34:17,17.69,-0.04,3,5307,卖盘
1380,10:34:12,17.73,0.04,1,1773,买盘
1381,10:33:32,17.69,-0.04,5,8845,卖盘
1382,10:33:22,17.73,--,32,56736,买盘
1383,10:33:12,17.73,--,14,24822,买盘
1384,10:33:07,17.73,0.03,5,8865,买盘
1385,10:33:02,17.7,-0.03,5,8850,卖盘
1386,10:32:57,17.73,--,21,37233,买盘
1387,10:32:37,17.73,0.04,2,3546,买盘
1388,10:32:32,17.69,-0.04,6,10614,卖盘
1389,10:32:12,17.73,0.04,26,46098,买盘
1390,10:32:07,17.69,-0.04,10,17690,卖盘
1391,10:31:57,17.73,--,11,19503,买盘
1392,10:31:42,17.73,0.04,4,7092,买盘
1393,10:31:37,17.69,--,47,84098,卖盘
1394,10:31:31,17.69,-0.04,5,8845,卖盘
1395,10:31:22,17.73,0.05,60,106380,买盘
1396,10:31:12,17.68,--,140,249181,卖盘
1397,10:31:07,17.68,-0.05,105,185763,卖盘
1398,10:30:57,17.73,--,711,1260603,买盘
1399,10:30:52,17.73,--,1,1773,买盘
1400,10:30:37,17.73,--,3,5319,买盘
1401,10:30:32,17.73,-0.01,8,14184,卖盘
1402,10:30:27,17.74,--,200,354799,买盘
1403,10:30:22,17.74,--,0,0,买盘
1404,10:30:12,17.74,--,14,24835,买盘
1405,10:30:02,17.74,0.01,1,1773,买盘
1406,10:29:55,17.73,--,12,21276,买盘
1407,10:29:52,17.73,0.01,1,1773,买盘
1408,10:29:47,17.72,--,4,7088,卖盘
1409,10:29:41,17.72,--,35,62090,买盘
1410,10:29:37,17.72,0.01,80,141760,买盘
1411,10:29:32,17.71,-0.01,23,40733,卖盘
1412,10:29:27,17.72,--,20,35440,买盘
1413,10:29:22,17.72,--,1,1772,买盘
1414,10:29:11,17.72,--,49,86828,买盘
1415,10:29:07,17.72,--,6,10632,买盘
1416,10:29:02,17.72,-0.01,476,843472,卖盘
1417,10:28:56,17.73,--,746,1323987,买盘
1418,10:28:52,17.73,0.01,6,10638,买盘
1419,10:28:47,17.72,-0.01,30,53160,卖盘
1420,10:28:40,17.73,0.01,171,303183,买盘
1421,10:28:37,17.72,--,72,127583,卖盘
1422,10:28:32,17.72,--,7,12404,卖盘
1423,10:28:26,17.72,--,216,383638,买盘
1424,10:28:21,17.72,--,32,56704,买盘
1425,10:28:11,17.72,--,36,63791,买盘
1426,10:28:06,17.72,--,30,53160,买盘
1427,10:28:02,17.72,--,62,109864,买盘
1428,10:27:56,17.72,--,14,24808,买盘
1429,10:27:51,17.72,--,63,111636,买盘
1430,10:27:36,17.72,--,39,69108,买盘
1431,10:27:32,17.72,0.01,47,83284,买盘
1432,10:27:21,17.71,--,645,1142596,买盘
1433,10:27:16,17.71,--,18,31878,买盘
1434,10:27:11,17.71,0.01,24,42504,买盘
1435,10:27:06,17.7,--,259,458430,买盘
1436,10:27:01,17.7,--,37,65490,买盘
1437,10:26:56,17.7,0.01,18,31860,买盘
1438,10:26:51,17.69,--,82,145058,买盘
1439,10:26:41,17.69,0.01,1,1769,买盘
1440,10:26:31,17.68,-0.01,18,31824,卖盘
1441,10:26:11,17.69,--,15,26535,买盘
1442,10:26:06,17.69,--,24,42456,买盘
1443,10:25:56,17.69,--,11,19459,买盘
1444,10:25:51,17.69,--,51,90219,买盘
1445,10:25:36,17.69,--,11,19459,买盘
1446,10:25:31,17.69,--,19,34990,买盘
1447,10:25:16,17.69,--,12,21228,买盘
1448,10:25:06,17.69,--,24,42456,买盘
1449,10:25:01,17.69,--,1,1769,买盘
1450,10:24:56,17.69,--,11,19459,买盘
1451,10:24:46,17.69,--,14,24766,买盘
1452,10:24:36,17.69,0.01,31,54839,买盘
1453,10:24:31,17.68,-0.01,5,8840,卖盘
1454,10:24:21,17.69,--,1,1769,买盘
1455,10:24:16,17.69,--,12,21228,买盘
1456,10:24:11,17.69,--,25,44225,买盘
1457,10:24:06,17.69,--,25,44225,买盘
1458,10:23:55,17.69,--,13,22997,买盘
1459,10:23:46,17.69,--,4,7076,买盘
1460,10:23:36,17.69,0.01,25,44225,买盘
1461,10:23:31,17.68,-0.01,16,28288,卖盘
1462,10:23:21,17.69,--,3,5307,买盘
1463,10:23:11,17.69,--,12,21228,买盘
1464,10:23:06,17.69,--,62,109678,买盘
1465,10:23:01,17.69,--,23,40687,卖盘
1466,10:22:36,17.69,0.01,16,28304,买盘
1467,10:22:31,17.68,-0.01,12,21216,卖盘
1468,10:22:20,17.69,-0.01,4,7076,卖盘
1469,10:22:11,17.7,--,12,21240,买盘
1470,10:22:05,17.7,0.01,26,46020,买盘
1471,10:21:56,17.69,--,7,12383,买盘
1472,10:21:50,17.69,-0.01,3,5307,卖盘
1473,10:21:41,17.7,--,2,3540,买盘
1474,10:21:35,17.7,0.01,25,44250,买盘
1475,10:21:30,17.69,-0.01,5,8845,卖盘
1476,10:21:20,17.7,--,0,0,买盘
1477,10:21:15,17.7,--,15,26550,买盘
1478,10:21:05,17.7,0.02,25,44250,买盘
1479,10:20:56,17.68,-0.02,48,84864,卖盘
1480,10:20:50,17.7,0.01,53,93810,买盘
1481,10:20:45,17.69,--,0,0,买盘
1482,10:20:41,17.69,0.01,2,3538,中性盘
1483,10:20:35,17.68,--,79,139672,卖盘
1484,10:20:30,17.68,-0.01,162,286416,卖盘
1485,10:20:25,17.69,--,117,206973,买盘
1486,10:20:20,17.69,-0.01,3,5307,卖盘
1487,10:20:10,17.7,0.01,2,3540,买盘
1488,10:20:05,17.69,-0.01,54,95526,卖盘
1489,10:20:00,17.7,0.01,90,159300,买盘
1490,10:19:49,17.69,0.01,54,95526,卖盘
1491,10:19:35,17.68,--,49,86632,卖盘
1492,10:19:30,17.68,--,5,8840,卖盘
1493,10:19:25,17.68,-0.02,4,7072,卖盘
1494,10:19:10,17.7,--,1,1770,买盘
1495,10:19:05,17.7,--,20,35400,买盘
1496,10:18:50,17.7,-0.01,38,67260,卖盘
1497,10:18:40,17.71,0.01,4,7084,买盘
1498,10:18:35,17.7,--,20,35400,卖盘
1499,10:18:30,17.7,--,5,8850,卖盘
1500,10:18:25,17.7,-0.01,25,44250,卖盘
1501,10:18:00,17.71,0.01,10,17710,买盘
1502,10:17:40,17.7,-0.01,62,109740,卖盘
1503,10:17:34,17.71,0.01,13,23023,买盘
1504,10:17:30,17.7,-0.01,6,10620,卖盘
1505,10:17:15,17.71,0.04,109,193039,买盘
1506,10:17:10,17.67,--,0,0,卖盘
1507,10:17:05,17.67,--,30,53010,卖盘
1508,10:16:55,17.67,-0.04,1,1767,卖盘
1509,10:16:50,17.71,0.04,18,31878,买盘
1510,10:16:30,17.67,-0.04,4,7068,卖盘
1511,10:16:10,17.71,0.04,1,1771,买盘
1512,10:15:49,17.67,-0.04,1,1767,卖盘
1513,10:15:45,17.71,0.04,1,1771,买盘
1514,10:15:40,17.67,--,10,17670,卖盘
1515,10:15:29,17.67,-0.04,6,10602,卖盘
1516,10:15:25,17.71,--,2,3542,买盘
1517,10:15:20,17.71,--,25,44275,买盘
1518,10:15:14,17.71,--,1,1771,买盘
1519,10:14:44,17.71,0.04,4,7084,买盘
1520,10:14:34,17.67,-0.01,5,8835,卖盘
1521,10:14:29,17.68,-0.03,5,8840,卖盘
1522,10:14:24,17.71,--,40,70840,买盘
1523,10:14:20,17.71,--,1,1771,买盘
1524,10:14:09,17.71,--,6,10626,买盘
1525,10:14:04,17.71,--,0,0,买盘
1526,10:13:49,17.71,0.04,1,1771,买盘
1527,10:13:34,17.67,--,10,17670,卖盘
1528,10:13:29,17.67,-0.01,17,30039,卖盘
1529,10:13:19,17.68,0.01,1,1768,买盘
1530,10:13:09,17.67,--,0,0,卖盘
1531,10:13:04,17.67,--,0,0,卖盘
1532,10:12:49,17.67,-0.05,42,74214,卖盘
1533,10:12:39,17.72,0.04,2,3544,买盘
1534,10:12:34,17.68,-0.04,40,70720,卖盘
1535,10:12:24,17.72,0.01,26,46072,买盘
1536,10:12:19,17.71,--,7,12397,卖盘
1537,10:12:13,17.71,--,5,8855,卖盘
1538,10:12:04,17.71,-0.01,13,23023,卖盘
1539,10:11:49,17.72,0.01,1,1772,买盘
1540,10:11:39,17.71,--,10,17710,卖盘
1541,10:11:34,17.71,-0.01,5,8855,卖盘
1542,10:11:24,17.72,0.01,20,35440,买盘
1543,10:11:19,17.71,-0.01,172,304612,卖盘
1544,10:11:04,17.72,--,10,17720,买盘
1545,10:10:49,17.72,0.01,1,1772,买盘
1546,10:10:34,17.71,0.03,1189,2106126,买盘
1547,10:10:29,17.68,--,0,0,买盘
1548,10:10:19,17.68,0.02,1,1768,买盘
1549,10:10:13,17.66,-0.02,65,114790,卖盘
1550,10:09:59,17.68,--,2,3536,买盘
1551,10:09:54,17.68,--,2,3536,买盘
1552,10:09:49,17.68,--,1,1768,买盘
1553,10:09:34,17.68,--,13,22984,买盘
1554,10:09:19,17.68,--,1,1768,买盘
1555,10:08:49,17.68,--,2,3536,卖盘
1556,10:08:39,17.68,0.01,19,33592,买盘
1557,10:08:34,17.67,--,5,8835,卖盘
1558,10:08:08,17.67,--,3,5301,卖盘
1559,10:07:59,17.67,-0.01,40,70680,卖盘
1560,10:07:48,17.68,--,74,130832,买盘
1561,10:07:38,17.68,0.01,3,5304,买盘
1562,10:07:33,17.67,-0.01,9,15903,卖盘
1563,10:07:23,17.68,--,3,5304,买盘
1564,10:07:18,17.68,--,10,17680,买盘
1565,10:07:13,17.68,0.01,2,3536,买盘
1566,10:06:58,17.67,--,10,17670,卖盘
1567,10:06:33,17.67,--,4,7068,卖盘
1568,10:06:22,17.67,--,245,432915,卖盘
1569,10:06:18,17.67,--,33,58311,卖盘
1570,10:05:53,17.67,-0.01,69,121923,卖盘
1571,10:05:48,17.68,0.01,3,5304,买盘
1572,10:05:43,17.67,--,9,15903,卖盘
1573,10:05:33,17.67,--,6,10602,卖盘
1574,10:05:28,17.67,-0.01,42,74214,卖盘
1575,10:05:08,17.68,--,10,17680,买盘
1576,10:05:03,17.68,--,1,1768,买盘
1577,10:04:43,17.68,0.01,2,3536,买盘
1578,10:04:37,17.67,--,100,176700,卖盘
1579,10:04:33,17.67,-0.01,15,26505,卖盘
1580,10:04:22,17.68,0.01,19,33592,买盘
1581,10:04:13,17.67,--,50,88350,卖盘
1582,10:04:03,17.67,-0.01,9,15903,卖盘
1583,10:03:52,17.68,--,1,1768,买盘
1584,10:03:47,17.68,0.01,3,5304,买盘
1585,10:03:32,17.67,-0.01,5,8835,卖盘
1586,10:03:28,17.68,--,40,70720,买盘
1587,10:03:02,17.68,-0.02,50,88400,卖盘
1588,10:02:47,17.7,--,9,15930,买盘
1589,10:02:37,17.7,0.02,2,3540,买盘
1590,10:02:32,17.68,-0.01,4,7072,卖盘
1591,10:02:28,17.69,-0.01,1,1769,卖盘
1592,10:02:13,17.7,--,3,5310,买盘
1593,10:01:58,17.7,--,147,260190,买盘
1594,10:01:52,17.7,--,522,923940,买盘
1595,10:01:47,17.7,0.01,24,42480,买盘
1596,10:01:32,17.69,--,5,8845,卖盘
1597,10:01:27,17.69,-0.01,10,17690,卖盘
1598,10:01:17,17.7,0.01,209,369930,买盘
1599,10:01:12,17.69,--,155,274195,买盘
1600,10:00:57,17.69,--,50,88450,买盘
1601,10:00:47,17.69,0.02,9,15921,买盘
1602,10:00:42,17.67,--,3,5301,卖盘
1603,10:00:32,17.67,--,206,364002,卖盘
1604,10:00:12,17.67,-0.02,21,37230,卖盘
1605,10:00:07,17.69,--,2,3538,买盘
1606,09:59:57,17.69,0.02,6,10614,买盘
1607,09:59:42,17.67,--,7,12369,卖盘
1608,09:59:31,17.67,--,4,7068,卖盘
1609,09:59:22,17.67,--,10,17670,卖盘
1610,09:58:57,17.67,--,12,21204,卖盘
1611,09:58:52,17.67,--,13,22971,卖盘
1612,09:58:42,17.67,-0.02,700,1236900,卖盘
1613,09:58:37,17.69,0.02,3,5307,买盘
1614,09:58:31,17.67,-0.02,10,17670,卖盘
1615,09:57:57,17.69,0.02,3,5307,买盘
1616,09:57:46,17.67,--,85,150195,卖盘
1617,09:57:31,17.67,--,5,8835,卖盘
1618,09:56:31,17.67,--,5,8835,卖盘
1619,09:56:11,17.67,--,18,31806,卖盘
1620,09:55:56,17.67,--,0,176,卖盘
1621,09:55:52,17.67,--,0,0,卖盘
1622,09:55:46,17.67,--,54,95418,卖盘
1623,09:55:31,17.67,-0.02,4,7068,卖盘
1624,09:55:26,17.69,0.02,5,8845,买盘
1625,09:55:21,17.67,--,51,90117,卖盘
1626,09:55:11,17.67,--,40,70680,卖盘
1627,09:55:01,17.67,--,35,61845,卖盘
1628,09:54:41,17.67,--,2,3534,卖盘
1629,09:54:36,17.67,--,20,35340,卖盘
1630,09:54:31,17.67,--,5,8835,卖盘
1631,09:54:26,17.67,--,27,47709,卖盘
1632,09:54:21,17.67,-0.03,1,1767,卖盘
1633,09:54:06,17.7,--,8,14160,买盘
1634,09:53:56,17.7,--,46,81420,卖盘
1635,09:53:51,17.7,--,48,84960,卖盘
1636,09:53:46,17.7,0.03,212,375240,买盘
1637,09:53:31,17.67,-0.03,25,44175,卖盘
1638,09:53:26,17.7,--,299,529230,卖盘
1639,09:53:21,17.7,--,17,30090,卖盘
1640,09:53:11,17.7,-0.01,3,5310,卖盘
1641,09:52:40,17.71,0.01,208,368368,买盘
1642,09:52:36,17.7,--,45,79650,卖盘
1643,09:52:31,17.7,--,4,7080,卖盘
1644,09:52:26,17.7,--,30,53100,卖盘
1645,09:52:21,17.7,--,144,254880,卖盘
1646,09:52:16,17.7,--,34,60180,卖盘
1647,09:52:01,17.7,--,1,1770,卖盘
1648,09:51:55,17.7,--,1,1770,卖盘
1649,09:51:46,17.7,--,19,33630,卖盘
1650,09:51:40,17.7,-0.01,155,274350,卖盘
1651,09:51:36,17.71,0.01,10,17710,买盘
1652,09:51:31,17.7,--,10,17700,卖盘
1653,09:51:16,17.7,--,2,3540,卖盘
1654,09:51:10,17.7,-0.01,47,83190,卖盘
1655,09:51:01,17.71,0.01,41,72611,买盘
1656,09:50:46,17.7,--,24,42480,卖盘
1657,09:50:40,17.7,--,17,30090,卖盘
1658,09:50:36,17.7,--,50,88500,卖盘
1659,09:50:31,17.7,-0.01,5,8850,卖盘
1660,09:50:25,17.71,--,10,17710,买盘
1661,09:50:21,17.71,0.01,10,17710,卖盘
1662,09:50:16,17.7,-0.01,77,136290,卖盘
1663,09:50:10,17.71,-0.01,6,10626,卖盘
1664,09:50:01,17.72,0.01,15,26580,买盘
1665,09:49:51,17.71,--,72,127512,卖盘
1666,09:49:46,17.71,--,455,805805,卖盘
1667,09:49:40,17.71,--,37,65527,卖盘
1668,09:49:31,17.71,--,5,8855,卖盘
1669,09:49:25,17.71,--,100,177100,卖盘
1670,09:49:20,17.71,-0.01,30,53130,卖盘
1671,09:49:16,17.72,0.01,8,14176,买盘
1672,09:49:10,17.71,--,11,19481,卖盘
1673,09:49:01,17.71,--,138,244398,卖盘
1674,09:48:55,17.71,--,17,30107,卖盘
1675,09:48:45,17.71,--,18,31878,卖盘
1676,09:48:40,17.71,--,35,61985,卖盘
1677,09:48:35,17.71,--,101,178871,卖盘
1678,09:48:31,17.71,--,4,7084,卖盘
1679,09:48:20,17.71,--,1,1771,卖盘
1680,09:48:15,17.71,--,33,58443,卖盘
1681,09:48:05,17.71,--,12,21252,卖盘
1682,09:48:00,17.71,--,100,177100,卖盘
1683,09:47:50,17.71,--,100,177100,卖盘
1684,09:47:45,17.71,--,203,359513,买盘
1685,09:47:35,17.71,0.01,169,299299,买盘
1686,09:47:30,17.7,--,282,499140,买盘
1687,09:47:05,17.7,0.03,165,292050,买盘
1688,09:47:00,17.67,-0.03,1000,1767000,卖盘
1689,09:46:50,17.7,0.01,125,221250,买盘
1690,09:46:45,17.69,--,27,47763,卖盘
1691,09:46:35,17.69,--,20,35380,卖盘
1692,09:46:30,17.69,--,33,58377,卖盘
1693,09:46:20,17.69,-0.01,59,104371,卖盘
1694,09:46:15,17.7,--,307,543390,买盘
1695,09:46:00,17.7,0.01,22,38940,买盘
1696,09:45:50,17.69,-0.01,56,99064,卖盘
1697,09:45:45,17.7,0.01,80,141600,买盘
1698,09:45:35,17.69,0.01,50,90095,买盘
1699,09:45:30,17.68,0.01,5,8840,买盘
1700,09:45:25,17.67,--,21,37107,卖盘
1701,09:45:19,17.67,--,17,30039,卖盘
1702,09:45:15,17.67,-0.01,64,113088,卖盘
1703,09:45:10,17.68,--,116,205088,买盘
1704,09:45:04,17.68,--,0,0,买盘
1705,09:45:00,17.68,0.01,344,608192,买盘
1706,09:44:55,17.67,0.03,3,5301,买盘
1707,09:44:45,17.64,0.01,4,7479,买盘
1708,09:44:40,17.63,--,31,54653,卖盘
1709,09:44:34,17.63,--,174,306762,卖盘
1710,09:44:30,17.63,--,5,8815,卖盘
1711,09:44:15,17.63,--,14,24682,卖盘
1712,09:44:04,17.63,--,20,35260,卖盘
1713,09:43:45,17.63,--,2,3526,卖盘
1714,09:43:40,17.63,-0.01,5,8815,卖盘
1715,09:43:34,17.64,0.01,3,5292,中性盘
1716,09:43:30,17.63,-0.01,162,285606,卖盘
1717,09:43:25,17.64,0.01,2,3528,买盘
1718,09:43:19,17.63,--,18,31734,卖盘
1719,09:43:14,17.63,-0.01,107,188641,卖盘
1720,09:43:10,17.64,-0.01,70,123480,卖盘
1721,09:43:00,17.65,-0.03,1,1764,中性盘
1722,09:42:49,17.68,0.04,103,182104,买盘
1723,09:42:44,17.64,--,52,91728,卖盘
1724,09:42:40,17.64,0.01,20,35280,卖盘
1725,09:42:29,17.63,--,5,8815,卖盘
1726,09:42:09,17.63,--,367,647021,卖盘
1727,09:41:59,17.63,--,3,5289,卖盘
1728,09:41:54,17.63,--,1,1763,卖盘
1729,09:41:39,17.63,--,13,22919,卖盘
1730,09:41:29,17.63,-0.01,11,19393,卖盘
1731,09:41:24,17.64,0.01,8,14112,买盘
1732,09:41:19,17.63,-0.01,20,35260,卖盘
1733,09:41:14,17.64,--,2,3528,中性盘
1734,09:40:59,17.64,-0.01,1,1764,中性盘
1735,09:40:54,17.65,--,0,0,中性盘
1736,09:40:49,17.65,--,2,3529,卖盘
1737,09:40:34,17.65,--,15,26474,卖盘
1738,09:40:29,17.65,--,88,155320,卖盘
1739,09:40:24,17.65,--,1,1764,卖盘
1740,09:40:19,17.65,0.01,100,176500,卖盘
1741,09:40:14,17.64,0.01,18,31752,中性盘
1742,09:40:09,17.63,-0.01,50,88150,卖盘
1743,09:40:04,17.64,-0.01,17,29988,卖盘
1744,09:39:59,17.65,--,8,14119,卖盘
1745,09:39:54,17.65,--,17,30004,卖盘
1746,09:39:49,17.65,-0.03,1,1764,卖盘
1747,09:39:39,17.68,0.03,20,35360,买盘
1748,09:39:29,17.65,-0.03,22,38830,卖盘
1749,09:39:24,17.68,--,519,917592,卖盘
1750,09:39:14,17.68,--,31,54808,卖盘
1751,09:39:09,17.68,--,38,67184,卖盘
1752,09:39:04,17.68,--,79,139672,卖盘
1753,09:38:59,17.68,--,212,374816,卖盘
1754,09:38:54,17.68,--,11,19448,卖盘
1755,09:38:44,17.68,-0.01,52,91936,卖盘
1756,09:38:39,17.69,--,51,90219,卖盘
1757,09:38:34,17.69,0.01,23,40687,卖盘
1758,09:38:28,17.68,--,0,0,卖盘
1759,09:38:24,17.68,--,26,45968,卖盘
1760,09:38:19,17.68,--,2,3536,卖盘
1761,09:38:13,17.68,--,15,26520,卖盘
1762,09:38:09,17.68,--,29,51272,买盘
1763,09:38:04,17.68,0.02,20,35360,买盘
1764,09:37:54,17.66,--,20,35320,卖盘
1765,09:37:39,17.66,0.03,31,54746,买盘
1766,09:37:34,17.63,-0.02,5,8815,卖盘
1767,09:37:23,17.65,--,9,15884,卖盘
1768,09:37:19,17.65,--,20,35300,卖盘
1769,09:37:04,17.65,-0.01,4,7059,卖盘
1770,09:36:54,17.66,0.01,4,7064,买盘
1771,09:36:43,17.65,0.02,35,61774,买盘
1772,09:36:38,17.63,--,3,5289,卖盘
1773,09:36:34,17.63,-0.01,18,31734,卖盘
1774,09:36:28,17.64,--,2,3528,卖盘
1775,09:36:23,17.64,-0.01,26,45864,卖盘
1776,09:36:19,17.65,0.02,6,10590,买盘
1777,09:36:13,17.63,-0.02,250,440750,卖盘
1778,09:36:08,17.65,0.02,20,35300,卖盘
1779,09:36:04,17.63,--,4,7052,卖盘
1780,09:35:48,17.63,-0.02,17,29971,卖盘
1781,09:35:38,17.65,0.02,11,19415,买盘
1782,09:35:33,17.63,0.01,5,8815,中性盘
1783,09:35:28,17.62,-0.01,23,40526,卖盘
1784,09:35:23,17.63,0.01,30,52890,中性盘
1785,09:35:13,17.62,-0.01,30,52860,卖盘
1786,09:35:08,17.63,0.01,8,14104,中性盘
1787,09:34:58,17.62,-0.01,10,17620,卖盘
1788,09:34:53,17.63,--,25,44075,卖盘
1789,09:34:48,17.63,0.01,17,29971,卖盘
1790,09:34:33,17.62,-0.01,4,7048,卖盘
1791,09:34:18,17.63,--,15,26445,买盘
1792,09:34:13,17.63,--,10,17630,买盘
1793,09:34:08,17.63,-0.01,391,689333,卖盘
1794,09:33:48,17.64,0.02,4,7056,买盘
1795,09:33:43,17.62,--,0,0,卖盘
1796,09:33:38,17.62,-0.02,111,195582,卖盘
1797,09:33:33,17.64,0.01,8,14112,卖盘
1798,09:33:23,17.63,--,2,3526,卖盘
1799,09:33:08,17.63,-0.03,73,128699,卖盘
1800,09:33:03,17.66,-0.06,18,31788,卖盘
1801,09:32:53,17.72,--,0,0,买盘
1802,09:32:42,17.72,--,0,0,买盘
1803,09:32:38,17.72,0.07,162,287064,买盘
1804,09:32:23,17.65,-0.07,7,12354,卖盘
1805,09:32:17,17.72,--,85,150620,买盘
1806,09:32:13,17.72,--,19,33668,买盘
1807,09:32:07,17.72,--,159,281748,买盘
1808,09:32:02,17.72,--,21,37212,买盘
1809,09:31:53,17.72,-0.01,7,12404,卖盘
1810,09:31:47,17.73,--,1,1773,买盘
1811,09:31:43,17.73,0.08,79,140067,买盘
1812,09:31:37,17.65,-0.08,118,208269,卖盘
1813,09:31:32,17.73,--,30,53190,买盘
1814,09:31:27,17.73,--,0,0,买盘
1815,09:31:17,17.73,0.08,9,15957,卖盘
1816,09:31:07,17.65,-0.08,170,300050,卖盘
1817,09:31:02,17.73,0.01,162,287226,买盘
1818,09:30:47,17.72,--,0,0,买盘
1819,09:30:43,17.72,0.05,3,5316,买盘
1820,09:30:37,17.67,-0.02,57,100719,卖盘
1821,09:30:27,17.69,-0.04,8,14152,卖盘
1822,09:30:07,17.73,--,176,312048,卖盘
1823,09:30:02,17.73,-0.02,41,72693,卖盘
1824,09:28:48,17.75,--,0,0,买盘
1825,09:25:06,17.75,17.75,1177,2089175,买盘
