,time,price,change,volume,amount,type
0,15:00:00,13.1,--,0,0,买盘
1,15:00:00,13.1,--,0,0,买盘
2,15:00:00,13.1,--,63,82530,卖盘
3,14:59:52,13.1,--,10,13100,买盘
4,14:59:46,13.1,--,110,144100,买盘
5,14:59:36,13.1,0.01,10,13100,买盘
6,14:59:31,13.09,-0.01,6,7854,卖盘
7,14:59:21,13.1,--,17,22270,买盘
8,14:59:06,13.1,0.01,22,28820,买盘
9,14:59:01,13.09,-0.01,15,19635,卖盘
10,14:58:56,13.1,0.01,50,65500,买盘
11,14:58:41,13.09,-0.01,50,65450,卖盘
12,14:58:36,13.1,--,21,27510,买盘
13,14:58:26,13.1,--,61,79910,买盘
14,14:58:21,13.1,0.01,55,72050,买盘
15,14:58:16,13.09,-0.01,17,22253,卖盘
16,14:58:01,13.1,0.01,50,65500,买盘
17,14:57:56,13.09,--,0,0,卖盘
18,14:57:51,13.09,-0.01,102,133518,卖盘
19,14:57:46,13.1,--,2,2620,卖盘
20,14:57:36,13.1,-0.01,30,39300,卖盘
21,14:57:31,13.11,--,0,0,买盘
22,14:57:26,13.11,0.02,50,65550,买盘
23,14:57:21,13.09,-0.01,34,44506,卖盘
24,14:57:01,13.1,0.01,29,37990,买盘
25,14:56:56,13.09,--,1,1309,卖盘
26,14:56:40,13.09,--,3,3927,卖盘
27,14:56:36,13.09,--,127,166243,卖盘
28,14:56:25,13.09,--,13,17017,卖盘
29,14:56:21,13.09,--,107,140063,卖盘
30,14:56:16,13.09,--,13,17017,卖盘
31,14:56:10,13.09,--,8,10472,卖盘
32,14:56:06,13.09,--,18,23562,买盘
33,14:56:00,13.09,--,24,31416,买盘
34,14:55:55,13.09,0.01,10,13090,买盘
35,14:55:51,13.08,--,4,5232,卖盘
36,14:55:45,13.08,-0.01,20,26160,卖盘
37,14:55:40,13.09,--,10,13090,买盘
38,14:55:36,13.09,--,10,13090,买盘
39,14:55:30,13.09,0.01,2,2618,买盘
40,14:55:21,13.08,--,2,2616,卖盘
41,14:55:15,13.08,-0.01,20,26160,卖盘
42,14:55:06,13.09,--,10,13090,买盘
43,14:54:45,13.09,--,91,119119,卖盘
44,14:54:36,13.09,--,3,3927,买盘
45,14:54:31,13.09,0.01,15,19635,买盘
46,14:54:21,13.08,--,9,11772,卖盘
47,14:53:55,13.08,-0.01,5,6540,卖盘
48,14:53:40,13.09,0.01,20,26180,买盘
49,14:53:35,13.08,--,5,6540,卖盘
50,14:53:30,13.08,-0.01,1,1308,卖盘
51,14:53:25,13.09,0.01,28,36652,买盘
52,14:53:10,13.08,--,20,26160,卖盘
53,14:53:00,13.08,-0.01,85,111180,卖盘
54,14:52:50,13.09,--,1,1309,买盘
55,14:52:45,13.09,--,51,66759,卖盘
56,14:52:40,13.09,--,5,6545,卖盘
57,14:52:35,13.09,--,109,142681,卖盘
58,14:52:30,13.09,0.01,74,96866,买盘
59,14:52:25,13.08,--,27,35316,卖盘
60,14:52:20,13.08,-0.01,10,13080,卖盘
61,14:52:10,13.09,--,26,34034,卖盘
62,14:52:05,13.09,--,10,13090,卖盘
63,14:52:00,13.09,0.01,48,62832,买盘
64,14:51:55,13.08,-0.01,7,9156,卖盘
65,14:51:45,13.09,0.01,21,27489,买盘
66,14:51:40,13.08,-0.01,19,24852,卖盘
67,14:51:30,13.09,--,6,7854,买盘
68,14:51:25,13.09,--,26,34034,卖盘
69,14:51:10,13.09,--,27,35343,买盘
70,14:51:05,13.09,--,10,13090,买盘
71,14:50:55,13.09,--,10,13090,买盘
72,14:50:50,13.09,0.01,12,15708,买盘
73,14:50:45,13.08,-0.01,24,31392,卖盘
74,14:50:40,13.09,--,13,17017,卖盘
75,14:50:25,13.09,--,11,14399,卖盘
76,14:50:20,13.09,-0.01,18,23562,卖盘
77,14:50:15,13.1,0.01,18,23580,买盘
78,14:49:55,13.09,--,12,15708,买盘
79,14:49:49,13.09,-0.01,4,5236,卖盘
80,14:49:45,13.1,0.01,10,13100,买盘
81,14:49:39,13.09,--,10,13090,买盘
82,14:49:30,13.09,--,21,27489,卖盘
83,14:49:24,13.09,--,21,27489,卖盘
84,14:49:15,13.09,-0.01,7,9163,卖盘
85,14:49:09,13.1,0.01,31,40610,买盘
86,14:49:00,13.09,--,0,0,中性盘
87,14:48:54,13.09,--,2,2618,中性盘
88,14:48:49,13.09,--,4,5236,卖盘
89,14:48:45,13.09,--,204,267036,卖盘
90,14:48:39,13.09,--,1,1309,卖盘
91,14:48:29,13.09,-0.01,98,128282,卖盘
92,14:48:14,13.1,0.01,23,30130,买盘
93,14:48:09,13.09,--,8,10472,卖盘
94,14:48:04,13.09,--,16,20944,卖盘
95,14:47:59,13.09,--,11,14399,卖盘
96,14:47:44,13.09,--,5,6545,卖盘
97,14:47:34,13.09,--,2,2618,卖盘
98,14:47:29,13.09,-0.01,11,14399,卖盘
99,14:47:24,13.1,--,4,5240,买盘
100,14:46:49,13.1,--,82,107420,卖盘
101,14:46:45,13.1,--,3,3930,卖盘
102,14:46:29,13.1,--,1,1310,卖盘
103,14:46:24,13.1,-0.01,29,37990,卖盘
104,14:46:19,13.11,0.01,9,11799,买盘
105,14:45:54,13.1,--,2,2620,卖盘
106,14:45:49,13.1,-0.01,32,41920,卖盘
107,14:45:24,13.11,0.01,2,2622,买盘
108,14:44:58,13.1,--,8,10480,卖盘
109,14:44:49,13.1,--,5,6550,卖盘
110,14:44:38,13.1,--,105,137550,卖盘
111,14:44:34,13.1,--,8,10480,卖盘
112,14:44:29,13.1,-0.01,81,106110,卖盘
113,14:44:19,13.11,0.01,10,13110,买盘
114,14:44:09,13.1,-0.01,1,1310,卖盘
115,14:43:54,13.11,0.01,23,30153,买盘
116,14:43:49,13.1,--,20,26200,卖盘
117,14:43:44,13.1,--,1,1310,卖盘
118,14:43:34,13.1,-0.01,31,40610,卖盘
119,14:43:24,13.11,0.01,10,13110,买盘
120,14:43:13,13.1,-0.01,10,13100,卖盘
121,14:43:09,13.11,0.01,11,14421,买盘
122,14:43:03,13.1,--,41,53710,卖盘
123,14:42:48,13.1,-0.01,3,3930,卖盘
124,14:42:39,13.11,0.01,1,1311,买盘
125,14:42:33,13.1,-0.01,1,1310,卖盘
126,14:42:28,13.11,0.01,10,13110,买盘
127,14:42:08,13.1,-0.01,1,1310,卖盘
128,14:42:03,13.11,0.01,32,41952,买盘
129,14:41:58,13.1,-0.01,5,6550,卖盘
130,14:41:38,13.11,-0.02,66,86526,卖盘
131,14:41:18,13.13,0.01,10,13340,买盘
132,14:41:08,13.12,--,1,1312,卖盘
133,14:41:03,13.12,--,13,18158,买盘
134,14:40:58,13.12,--,2,2833,卖盘
135,14:40:53,13.12,--,10,13120,卖盘
136,14:40:48,13.12,-0.01,120,157440,卖盘
137,14:40:38,13.13,--,5,6565,买盘
138,14:40:28,13.13,0.01,5,6565,买盘
139,14:40:18,13.12,--,13,17056,卖盘
140,14:40:08,13.12,--,55,73262,买盘
141,14:39:53,13.12,0.01,15,19680,买盘
142,14:39:48,13.11,--,10,13110,卖盘
143,14:39:33,13.11,0.01,135,176985,买盘
144,14:39:28,13.1,--,1,1310,卖盘
145,14:39:23,13.1,-0.01,18,23580,卖盘
146,14:39:13,13.11,--,5,6555,买盘
147,14:39:03,13.11,--,90,117990,买盘
148,14:38:48,13.11,--,3,3933,买盘
149,14:38:43,13.11,-0.01,15,19665,卖盘
150,14:38:33,13.12,0.01,3,3935,买盘
151,14:38:28,13.11,--,100,131100,卖盘
152,14:38:03,13.11,--,31,40641,卖盘
153,14:37:58,13.11,--,32,41952,卖盘
154,14:37:52,13.11,--,10,13110,卖盘
155,14:37:43,13.11,0.01,113,148143,买盘
156,14:37:32,13.1,-0.01,300,393000,卖盘
157,14:37:28,13.11,0.01,88,115368,买盘
158,14:37:18,13.1,--,0,0,卖盘
159,14:37:13,13.1,-0.02,119,155890,卖盘
160,14:37:08,13.12,0.01,88,115456,买盘
161,14:36:58,13.11,--,54,71003,卖盘
162,14:36:48,13.11,--,100,131100,卖盘
163,14:36:43,13.11,--,10,13110,卖盘
164,14:36:33,13.11,--,89,116679,卖盘
165,14:36:27,13.11,0.01,152,200373,买盘
166,14:36:17,13.1,-0.01,10,13100,卖盘
167,14:35:57,13.11,-0.01,99,129998,卖盘
168,14:35:48,13.12,0.01,213,279456,买盘
169,14:35:42,13.11,--,4,5244,卖盘
170,14:35:38,13.11,--,65,85215,卖盘
171,14:35:33,13.11,-0.01,11,14421,卖盘
172,14:35:27,13.12,--,10,13120,买盘
173,14:35:12,13.12,--,18,23616,买盘
174,14:34:57,13.12,--,5,6560,买盘
175,14:34:52,13.12,0.01,10,13120,买盘
176,14:34:42,13.11,-0.03,30,39330,卖盘
177,14:34:17,13.14,0.02,309,406026,买盘
178,14:34:07,13.12,--,10,13120,卖盘
179,14:34:02,13.12,--,0,0,卖盘
180,14:33:57,13.12,-0.03,100,131200,卖盘
181,14:33:47,13.15,-0.01,1,1315,卖盘
182,14:33:27,13.16,--,17,22372,买盘
183,14:33:12,13.16,0.02,2,2632,买盘
184,14:33:02,13.14,--,4,5256,卖盘
185,14:32:47,13.14,-0.03,6,7884,卖盘
186,14:32:42,13.17,--,0,0,买盘
187,14:32:17,13.17,0.02,10,13170,买盘
188,14:32:12,13.15,0.02,10,13150,买盘
189,14:32:07,13.13,--,0,0,卖盘
190,14:31:46,13.13,--,0,0,卖盘
191,14:31:27,13.13,0.01,3,3939,卖盘
192,14:30:52,13.12,--,0,0,卖盘
193,14:30:42,13.12,--,0,0,卖盘
194,14:30:27,13.12,-0.06,100,131200,卖盘
195,14:30:22,13.18,0.02,19,25042,买盘
196,14:30:06,13.16,-0.02,5,6580,卖盘
197,14:30:01,13.18,--,20,26360,买盘
198,14:29:56,13.18,0.01,22,28996,买盘
199,14:29:51,13.17,--,4,5268,卖盘
200,14:29:42,13.17,--,11,14487,买盘
201,14:29:36,13.17,--,3,3951,买盘
202,14:29:27,13.17,0.01,2,2634,买盘
203,14:29:21,13.16,--,10,13160,卖盘
204,14:29:16,13.16,--,20,26320,卖盘
205,14:29:11,13.16,0.02,447,588252,买盘
206,14:29:01,13.14,0.01,12,15768,买盘
207,14:28:56,13.13,--,10,13130,卖盘
208,14:28:51,13.13,-0.01,10,13130,卖盘
209,14:28:26,13.14,-0.01,159,208926,卖盘
210,14:28:21,13.15,--,0,0,卖盘
211,14:28:16,13.15,--,10,13150,卖盘
212,14:28:11,13.15,--,70,92050,卖盘
213,14:28:06,13.15,--,40,52600,卖盘
214,14:27:56,13.15,--,0,0,卖盘
215,14:27:36,13.15,-0.02,13,17095,卖盘
216,14:27:31,13.17,0.01,426,561042,买盘
217,14:27:16,13.16,--,5,6580,买盘
218,14:26:41,13.16,--,117,153972,买盘
219,14:26:20,13.16,--,173,227668,卖盘
220,14:25:56,13.16,-0.01,1,1316,卖盘
221,14:25:41,13.17,--,29,38193,买盘
222,14:25:36,13.17,--,4,5268,买盘
223,14:25:26,13.17,--,41,53997,卖盘
224,14:25:21,13.17,--,51,67167,卖盘
225,14:25:16,13.17,-0.01,15,19755,买盘
226,14:25:01,13.18,--,0,0,买盘
227,14:24:56,13.18,--,3,3954,买盘
228,14:24:40,13.18,--,10,13180,买盘
229,14:24:36,13.18,--,7,9226,买盘
230,14:24:16,13.18,--,4,5272,卖盘
231,14:24:06,13.18,0.02,6,7908,买盘
232,14:24:01,13.16,--,21,27636,卖盘
233,14:23:55,13.16,-0.02,13,17108,卖盘
234,14:23:51,13.18,--,5,6590,买盘
235,14:23:46,13.18,--,12,15816,买盘
236,14:23:06,13.18,--,10,13180,买盘
237,14:22:51,13.18,--,55,72490,卖盘
238,14:22:35,13.18,--,1,1318,卖盘
239,14:22:25,13.18,-0.01,20,26360,卖盘
240,14:22:20,13.19,--,4,5276,买盘
241,14:22:10,13.19,--,5,7254,卖盘
242,14:22:05,13.19,-0.01,0,659,卖盘
243,14:22:00,13.2,0.01,6,7920,买盘
244,14:21:50,13.19,--,10,13190,卖盘
245,14:21:45,13.19,--,323,426037,买盘
246,14:21:35,13.19,--,0,0,买盘
247,14:21:30,13.19,0.01,20,26380,买盘
248,14:21:26,13.18,--,9,11862,卖盘
249,14:21:15,13.18,-0.01,14,18452,卖盘
250,14:21:05,13.19,0.01,10,13190,买盘
251,14:21:00,13.18,--,0,0,中性盘
252,14:20:55,13.18,--,0,0,中性盘
253,14:20:50,13.18,--,0,0,买盘
254,14:20:35,13.18,0.01,393,517974,买盘
255,14:20:30,13.17,--,15,19755,买盘
256,14:20:25,13.17,--,23,30291,买盘
257,14:20:20,13.17,--,10,13170,买盘
258,14:20:15,13.17,--,20,26998,卖盘
259,14:20:00,13.17,--,5,6585,卖盘
260,14:19:35,13.17,--,5,6585,卖盘
261,14:19:30,13.17,0.02,73,96799,买盘
262,14:19:25,13.15,-0.01,1,1315,卖盘
263,14:18:55,13.16,--,10,13160,买盘
264,14:18:34,13.16,-0.01,10,13160,买盘
265,14:18:14,13.17,0.01,100,131700,买盘
266,14:18:04,13.16,--,0,0,中性盘
267,14:18:00,13.16,-0.01,10,13160,卖盘
268,14:17:55,13.17,0.02,30,39510,买盘
269,14:17:44,13.15,-0.01,36,47340,卖盘
270,14:17:40,13.16,--,2,2632,卖盘
271,14:17:34,13.16,-0.01,40,52640,卖盘
272,14:17:30,13.17,0.02,13,17121,买盘
273,14:17:25,13.15,-0.02,47,61805,卖盘
274,14:17:19,13.17,0.01,32,42144,买盘
275,14:17:15,13.16,--,20,26320,卖盘
276,14:17:09,13.16,-0.01,20,26320,卖盘
277,14:16:45,13.17,--,10,13170,买盘
278,14:16:15,13.17,--,1,1975,卖盘
279,14:16:09,13.17,--,6,7902,卖盘
280,14:16:04,13.17,-0.01,43,57289,卖盘
281,14:16:00,13.18,0.01,4,5272,买盘
282,14:15:53,13.17,--,2,2634,卖盘
283,14:15:39,13.17,--,2,2634,买盘
284,14:15:24,13.17,--,23,30291,卖盘
285,14:15:14,13.17,--,19,25023,买盘
286,14:14:59,13.17,0.01,50,65850,买盘
287,14:14:54,13.16,--,1,1316,买盘
288,14:14:49,13.16,0.01,1,1316,卖盘
289,14:14:39,13.15,--,307,403705,买盘
290,14:14:29,13.15,--,93,122295,买盘
291,14:14:24,13.15,--,88,115720,买盘
292,14:14:19,13.15,--,5,6575,买盘
293,14:14:09,13.15,--,7,9205,卖盘
294,14:13:59,13.15,-0.01,42,55230,卖盘
295,14:13:49,13.16,--,1,1316,买盘
296,14:13:39,13.16,--,50,65800,买盘
297,14:13:14,13.16,0.01,24,31584,买盘
298,14:13:04,13.15,--,20,26300,中性盘
299,14:12:59,13.15,--,18,23670,买盘
300,14:12:54,13.15,0.01,2,2630,买盘
301,14:12:38,13.14,--,0,0,卖盘
302,14:12:29,13.14,--,305,400770,买盘
303,14:12:23,13.14,--,13,17082,卖盘
304,14:12:09,13.14,0.01,15,19710,买盘
305,14:12:04,13.13,--,5,6565,卖盘
306,14:11:54,13.13,--,1,1313,卖盘
307,14:11:39,13.13,--,5,6565,卖盘
308,14:11:04,13.13,--,5,6565,卖盘
309,14:10:59,13.13,--,0,0,卖盘
310,14:10:28,13.13,--,6,7878,卖盘
311,14:10:17,13.13,--,11,14443,卖盘
312,14:10:03,13.13,--,3,3939,卖盘
313,14:08:43,13.13,--,1,1313,卖盘
314,14:08:08,13.13,0.01,5,6565,买盘
315,14:07:53,13.12,--,6,7871,卖盘
316,14:07:38,13.12,--,5,6560,卖盘
317,14:07:08,13.12,--,0,0,卖盘
318,14:07:03,13.12,--,10,13120,卖盘
319,14:06:58,13.12,--,20,26240,卖盘
320,14:06:02,13.12,--,144,190030,卖盘
321,14:05:53,13.12,--,5,6560,买盘
322,14:05:22,13.12,-0.02,12,15953,卖盘
323,14:05:18,13.14,--,10,13140,买盘
324,14:04:33,13.14,0.02,2,2628,买盘
325,14:04:22,13.12,-0.03,3,5038,买盘
326,14:04:17,13.15,--,0,0,买盘
327,14:03:56,13.15,--,0,0,买盘
328,14:03:48,13.15,0.04,8,10520,买盘
329,14:03:22,13.11,--,0,0,卖盘
330,14:03:07,13.11,--,0,0,买盘
331,14:02:52,13.11,-0.04,10,13110,卖盘
332,14:02:47,13.15,--,118,155170,卖盘
333,14:02:37,13.15,--,22,28930,卖盘
334,14:02:17,13.15,--,22,28930,卖盘
335,14:02:11,13.15,0.04,338,444470,买盘
336,14:01:17,13.11,-0.02,5,6555,卖盘
337,14:01:02,13.13,--,0,0,买盘
338,13:59:52,13.13,0.03,3,3939,买盘
339,13:59:22,13.1,--,0,0,卖盘
340,13:59:11,13.1,--,0,0,卖盘
341,13:58:52,13.1,--,10,13100,卖盘
342,13:58:41,13.1,--,11,14410,卖盘
343,13:58:32,13.1,--,10,13100,卖盘
344,13:58:11,13.1,--,3,3930,卖盘
345,13:58:01,13.1,--,0,0,卖盘
346,13:57:37,13.1,--,3,3930,卖盘
347,13:57:26,13.1,--,0,0,卖盘
348,13:57:22,13.1,-0.04,310,406100,卖盘
349,13:57:16,13.14,0.04,302,396828,买盘
350,13:57:11,13.1,--,2,2620,卖盘
351,13:57:01,13.1,--,15,19650,卖盘
352,13:56:46,13.1,--,0,0,卖盘
353,13:56:41,13.1,-0.02,1,1310,卖盘
354,13:56:35,13.12,--,98,128575,买盘
355,13:56:02,13.12,0.01,18,23616,买盘
356,13:55:46,13.11,--,26,34086,卖盘
357,13:55:36,13.11,-0.01,10,13110,卖盘
358,13:55:20,13.12,-0.02,188,246655,卖盘
359,13:54:36,13.14,--,4,5256,卖盘
360,13:54:11,13.14,--,21,27594,买盘
361,13:53:56,13.14,--,9,11826,卖盘
362,13:53:46,13.14,--,33,43362,买盘
363,13:53:26,13.14,0.01,50,65700,买盘
364,13:53:21,13.13,--,3,3939,买盘
365,13:53:05,13.13,-0.01,2,2626,买盘
366,13:53:01,13.14,--,0,0,买盘
367,13:52:35,13.14,0.02,3,3942,买盘
368,13:52:25,13.12,--,1,1312,卖盘
369,13:51:56,13.12,--,30,39360,卖盘
370,13:51:26,13.12,--,5,6560,卖盘
371,13:51:16,13.12,--,3,3935,中性盘
372,13:50:55,13.12,--,50,65600,卖盘
373,13:50:25,13.12,--,2,2624,卖盘
374,13:50:20,13.12,--,10,13120,卖盘
375,13:50:10,13.12,--,9,11808,卖盘
376,13:49:50,13.12,--,11,14432,卖盘
377,13:49:05,13.12,--,25,32800,卖盘
378,13:48:40,13.12,--,40,52480,买盘
379,13:48:20,13.12,0.01,358,469696,买盘
380,13:48:10,13.11,-0.01,12,15732,卖盘
381,13:47:55,13.12,--,30,39360,买盘
382,13:47:40,13.12,--,144,188928,卖盘
383,13:47:35,13.12,--,34,44608,买盘
384,13:46:20,13.12,-0.02,67,87904,卖盘
385,13:46:05,13.14,0.02,191,250974,买盘
386,13:45:55,13.12,--,20,26240,卖盘
387,13:45:50,13.12,-0.02,15,19680,卖盘
388,13:45:44,13.14,0.01,20,26280,买盘
389,13:45:29,13.13,--,17,22321,卖盘
390,13:45:20,13.13,-0.01,3,3939,卖盘
391,13:45:05,13.14,--,30,39420,卖盘
392,13:44:49,13.14,--,10,13140,卖盘
393,13:44:34,13.14,--,10,13140,卖盘
394,13:44:29,13.14,--,45,59130,买盘
395,13:44:20,13.14,-0.01,5,6570,买盘
396,13:44:14,13.15,--,0,0,买盘
397,13:44:04,13.15,0.01,53,69695,买盘
398,13:43:44,13.14,0.01,33,43362,买盘
399,13:43:29,13.13,--,1,1313,卖盘
400,13:43:04,13.13,0.01,16,21008,买盘
401,13:42:49,13.12,0.02,22,28864,买盘
402,13:42:34,13.1,-0.01,10,13100,卖盘
403,13:42:09,13.11,0.01,11,14421,买盘
404,13:41:59,13.1,-0.01,10,13100,卖盘
405,13:41:49,13.11,--,1,1311,买盘
406,13:41:23,13.11,0.02,1,1311,买盘
407,13:41:15,13.09,--,0,0,卖盘
408,13:40:59,13.09,--,0,0,中性盘
409,13:40:45,13.09,--,53,69377,买盘
410,13:40:23,13.09,--,5,6545,买盘
411,13:40:04,13.09,--,55,71995,卖盘
412,13:39:38,13.09,--,10,13090,卖盘
413,13:39:34,13.09,--,4,5236,卖盘
414,13:39:04,13.09,--,80,104720,卖盘
415,13:38:59,13.09,--,5,6545,卖盘
416,13:38:49,13.09,--,1,1309,买盘
417,13:38:34,13.09,--,5,6545,卖盘
418,13:38:19,13.09,--,0,0,中性盘
419,13:37:38,13.09,--,0,0,中性盘
420,13:37:29,13.09,--,50,65450,卖盘
421,13:37:14,13.09,-0.01,20,26180,卖盘
422,13:36:38,13.1,--,10,13100,买盘
423,13:36:29,13.1,--,35,45850,卖盘
424,13:36:04,13.1,--,2,2620,卖盘
425,13:35:38,13.1,--,10,13100,卖盘
426,13:35:28,13.1,--,10,13100,卖盘
427,13:35:08,13.1,--,10,13100,卖盘
428,13:34:19,13.1,-0.01,1,1310,卖盘
429,13:33:43,13.11,0.01,21,27531,买盘
430,13:33:28,13.1,--,10,13100,卖盘
431,13:33:02,13.1,--,10,13100,卖盘
432,13:32:43,13.1,--,46,60260,卖盘
433,13:32:38,13.1,--,1,1310,卖盘
434,13:31:53,13.1,--,13,17030,卖盘
435,13:31:47,13.1,--,10,13100,卖盘
436,13:31:28,13.1,-0.01,15,19650,卖盘
437,13:31:23,13.11,--,20,26220,买盘
438,13:30:53,13.11,--,13,17043,卖盘
439,13:30:47,13.11,0.01,9,11799,买盘
440,13:30:43,13.1,-0.01,19,24890,卖盘
441,13:30:37,13.11,--,2,2622,卖盘
442,13:30:32,13.11,--,3,3933,卖盘
443,13:30:02,13.11,--,10,13110,卖盘
444,13:29:58,13.11,--,1,1311,卖盘
445,13:29:28,13.11,--,2,2622,卖盘
446,13:29:13,13.11,--,109,142899,卖盘
447,13:28:47,13.11,--,2,2622,卖盘
448,13:28:22,13.11,-0.01,2,2622,卖盘
449,13:28:17,13.12,--,3,3935,卖盘
450,13:28:07,13.12,0.01,47,61663,买盘
451,13:27:37,13.11,-0.01,1,1311,卖盘
452,13:27:32,13.12,0.01,19,24928,买盘
453,13:27:28,13.11,--,10,13110,卖盘
454,13:27:13,13.11,-0.01,3,3933,卖盘
455,13:26:32,13.12,--,16,20992,买盘
456,13:26:27,13.12,0.01,1,1312,买盘
457,13:26:17,13.11,--,18,23598,卖盘
458,13:26:02,13.11,-0.01,34,44574,卖盘
459,13:25:52,13.12,--,20,26240,买盘
460,13:25:37,13.12,--,32,41984,买盘
461,13:25:32,13.12,--,44,57728,买盘
462,13:25:22,13.12,0.01,17,22304,买盘
463,13:25:17,13.11,--,25,32775,卖盘
464,13:25:07,13.11,0.02,54,70794,买盘
465,13:25:02,13.09,--,30,39270,卖盘
466,13:24:42,13.09,-0.01,1,1309,卖盘
467,13:24:11,13.1,--,90,117900,买盘
468,13:23:52,13.1,-0.01,109,142790,卖盘
469,13:23:26,13.11,--,7,9177,卖盘
470,13:23:22,13.11,-0.01,10,13110,卖盘
471,13:23:17,13.12,--,56,73472,买盘
472,13:23:02,13.12,--,162,212544,卖盘
473,13:22:32,13.12,--,10,13120,卖盘
474,13:22:22,13.12,--,5,6560,卖盘
475,13:22:17,13.12,--,11,14432,卖盘
476,13:22:11,13.12,--,16,20992,卖盘
477,13:22:02,13.12,--,15,19680,卖盘
478,13:21:46,13.12,--,108,141696,卖盘
479,13:21:37,13.12,-0.01,7,9184,卖盘
480,13:21:26,13.13,0.01,42,55146,买盘
481,13:21:22,13.12,--,18,23616,卖盘
482,13:20:37,13.12,--,3,3935,卖盘
483,13:20:07,13.12,-0.01,20,26240,买盘
484,13:19:31,13.13,--,0,0,买盘
485,13:19:11,13.13,--,0,0,买盘
486,13:19:06,13.13,0.03,26,34138,买盘
487,13:18:21,13.1,--,36,47160,买盘
488,13:18:11,13.1,--,50,65500,买盘
489,13:18:01,13.1,0.01,7,9170,买盘
490,13:17:56,13.09,-0.01,17,22253,卖盘
491,13:17:36,13.1,0.01,16,20960,买盘
492,13:17:31,13.09,--,17,22253,卖盘
493,13:17:11,13.09,--,5,6545,卖盘
494,13:16:36,13.09,-0.01,5,6545,卖盘
495,13:16:16,13.1,0.01,10,13100,买盘
496,13:16:10,13.09,--,5,6545,卖盘
497,13:16:05,13.09,-0.01,5,6545,卖盘
498,13:15:31,13.1,-0.03,99,129690,卖盘
499,13:15:26,13.13,0.01,1,1313,买盘
500,13:15:11,13.12,--,1,1312,卖盘
501,13:15:01,13.12,0.02,1,1312,买盘
502,13:14:56,13.1,-0.02,60,78600,卖盘
503,13:14:26,13.12,-0.01,9,11808,卖盘
504,13:13:46,13.13,-0.01,25,32825,卖盘
505,13:13:16,13.14,--,51,67040,卖盘
506,13:13:05,13.14,--,4,5256,卖盘
507,13:12:50,13.14,--,100,131400,卖盘
508,13:12:46,13.14,--,10,13140,卖盘
509,13:12:10,13.14,--,52,68328,卖盘
510,13:12:05,13.14,--,2,2628,卖盘
511,13:11:45,13.14,-0.01,16,22311,卖盘
512,13:11:19,13.15,--,10,13150,买盘
513,13:10:55,13.15,-0.01,41,53915,卖盘
514,13:10:25,13.16,--,13,17108,卖盘
515,13:10:20,13.16,--,13,17108,卖盘
516,13:10:05,13.16,--,100,131600,卖盘
517,13:09:20,13.16,--,10,13160,卖盘
518,13:08:34,13.16,--,3,3948,卖盘
519,13:08:24,13.16,--,5,6580,卖盘
520,13:08:19,13.16,--,55,72380,卖盘
521,13:08:05,13.16,--,30,39480,卖盘
522,13:07:55,13.16,--,142,186872,卖盘
523,13:07:34,13.16,--,4,5264,卖盘
524,13:06:39,13.16,--,50,65800,卖盘
525,13:06:25,13.16,--,20,26320,卖盘
526,13:05:49,13.16,-0.01,37,48692,卖盘
527,13:05:40,13.17,0.01,5,6585,买盘
528,13:05:19,13.16,--,2,2632,卖盘
529,13:04:54,13.16,-0.01,11,14476,卖盘
530,13:04:34,13.17,0.01,14,18438,买盘
531,13:04:13,13.16,-0.01,5,6580,卖盘
532,13:03:59,13.17,0.01,7,9219,买盘
533,13:03:49,13.16,-0.01,10,13160,卖盘
534,13:03:38,13.17,--,5,6585,买盘
535,13:02:59,13.17,--,3,3951,买盘
536,13:02:49,13.17,0.01,5,6585,买盘
537,13:02:19,13.16,0.01,4,5264,卖盘
538,13:02:14,13.15,--,0,0,卖盘
539,13:01:34,13.15,--,50,65750,卖盘
540,13:01:14,13.15,--,4,5260,卖盘
541,13:00:04,13.15,--,17,22355,买盘
542,11:30:00,13.15,--,0,0,买盘
543,11:29:59,13.15,--,0,0,买盘
544,11:29:45,13.15,0.01,10,13150,买盘
545,11:28:45,13.14,--,1,1314,卖盘
546,11:28:30,13.14,--,1,1314,卖盘
547,11:28:20,13.14,--,15,19710,卖盘
548,11:28:00,13.14,-0.01,4,5256,卖盘
549,11:27:45,13.15,--,20,26300,买盘
550,11:27:20,13.15,0.01,16,21040,买盘
551,11:27:15,13.14,-0.01,4,5256,卖盘
552,11:26:29,13.15,0.01,2,2630,买盘
553,11:26:05,13.14,--,8,10512,卖盘
554,11:25:49,13.14,-0.01,4,5256,卖盘
555,11:25:39,13.15,--,38,49970,买盘
556,11:25:20,13.15,--,10,13150,买盘
557,11:25:14,13.15,0.01,10,13150,买盘
558,11:25:00,13.14,-0.01,6,7884,卖盘
559,11:24:50,13.15,--,3,3945,买盘
560,11:24:44,13.15,--,14,18410,卖盘
561,11:24:35,13.15,--,3,3945,卖盘
562,11:24:20,13.15,--,6,7890,买盘
563,11:24:05,13.15,-0.01,12,15780,卖盘
564,11:23:29,13.16,0.01,10,13160,买盘
565,11:22:44,13.15,--,5,6575,卖盘
566,11:22:39,13.15,--,2,2630,卖盘
567,11:22:34,13.15,--,8,10520,卖盘
568,11:21:54,13.15,-0.01,3,3945,卖盘
569,11:21:44,13.16,0.01,10,13160,买盘
570,11:20:59,13.15,--,13,17095,卖盘
571,11:20:49,13.15,--,3,3945,卖盘
572,11:19:58,13.15,--,7,9205,卖盘
573,11:19:54,13.15,--,14,18410,卖盘
574,11:19:34,13.15,--,8,10520,卖盘
575,11:19:08,13.15,--,34,44710,买盘
576,11:18:59,13.15,--,14,18410,买盘
577,11:18:52,13.15,-0.01,2,2630,卖盘
578,11:18:43,13.16,--,44,57904,买盘
579,11:18:14,13.16,--,5,6580,买盘
580,11:17:43,13.16,-0.01,1,1342,卖盘
581,11:17:28,13.17,--,4,5268,买盘
582,11:16:33,13.17,--,1,1317,卖盘
583,11:16:03,13.17,--,1,1317,卖盘
584,11:15:53,13.17,--,0,0,卖盘
585,11:15:43,13.17,--,3,3951,卖盘
586,11:15:33,13.17,--,0,0,卖盘
587,11:15:03,13.17,--,10,13170,卖盘
588,11:14:58,13.17,--,60,79020,卖盘
589,11:14:33,13.17,--,11,14487,卖盘
590,11:14:08,13.17,--,5,6585,卖盘
591,11:13:53,13.17,--,4,5268,卖盘
592,11:13:48,13.17,0.01,10,13170,卖盘
593,11:13:23,13.16,-0.01,5,6580,卖盘
594,11:13:18,13.17,--,5,7875,买盘
595,11:13:07,13.17,--,3,3951,买盘
596,11:12:48,13.17,--,3,3951,买盘
597,11:12:22,13.17,--,4,5268,卖盘
598,11:12:17,13.17,--,1,1317,买盘
599,11:12:02,13.17,--,2,2634,卖盘
600,11:11:47,13.17,--,0,0,卖盘
601,11:11:13,13.17,-0.02,3,3951,卖盘
602,11:10:52,13.19,0.02,22,29018,买盘
603,11:10:47,13.17,--,0,0,中性盘
604,11:10:38,13.17,--,0,0,卖盘
605,11:10:27,13.17,--,8,10536,买盘
606,11:10:07,13.17,0.01,2,2634,卖盘
607,11:09:42,13.16,--,0,0,卖盘
608,11:08:47,13.16,-0.04,2,2632,卖盘
609,11:08:22,13.2,--,0,0,买盘
610,11:08:07,13.2,--,11,14520,买盘
611,11:07:46,13.2,--,97,128766,卖盘
612,11:07:37,13.2,--,17,22440,卖盘
613,11:07:32,13.2,--,2,2640,卖盘
614,11:07:22,13.2,--,20,26400,卖盘
615,11:07:17,13.2,0.05,243,321354,买盘
616,11:07:12,13.15,-0.01,67,88105,卖盘
617,11:07:02,13.16,--,5,6580,买盘
618,11:06:37,13.16,--,5,6580,买盘
619,11:06:32,13.16,-0.02,148,194768,卖盘
620,11:06:12,13.18,--,1,1318,买盘
621,11:06:02,13.18,0.01,3,3954,买盘
622,11:05:57,13.17,0.01,2,2634,卖盘
623,11:05:47,13.16,--,0,0,卖盘
624,11:05:32,13.16,-0.02,1,1316,卖盘
625,11:05:17,13.18,0.02,2,2636,买盘
626,11:05:11,13.16,--,0,0,卖盘
627,11:05:07,13.16,-0.02,120,157920,卖盘
628,11:05:01,13.18,--,80,105440,卖盘
629,11:04:56,13.18,--,1,1318,卖盘
630,11:04:47,13.18,-0.01,24,31632,卖盘
631,11:04:17,13.19,-0.01,12,15828,卖盘
632,11:03:46,13.2,-0.01,37,48840,卖盘
633,11:03:37,13.21,0.01,2,2642,买盘
634,11:03:32,13.2,-0.01,60,79200,卖盘
635,11:03:22,13.21,0.01,1,1321,买盘
636,11:03:16,13.2,-0.01,10,13200,卖盘
637,11:03:11,13.21,--,20,26420,买盘
638,11:03:07,13.21,0.01,43,56803,买盘
639,11:03:01,13.2,-0.01,1,1320,卖盘
640,11:02:56,13.21,--,20,26420,买盘
641,11:02:46,13.21,-0.01,2,2642,卖盘
642,11:02:37,13.22,0.01,5,6610,买盘
643,11:02:16,13.21,0.01,22,29062,买盘
644,11:02:11,13.2,--,30,39600,卖盘
645,11:02:07,13.2,-0.01,24,31680,卖盘
646,11:01:56,13.21,0.01,16,21136,买盘
647,11:01:46,13.2,--,16,21120,卖盘
648,11:01:41,13.2,--,68,89760,买盘
649,11:01:31,13.2,--,3,3960,买盘
650,11:01:16,13.2,--,15,19800,买盘
651,11:01:06,13.2,--,5,6600,买盘
652,11:00:56,13.2,0.03,50,66000,买盘
653,11:00:36,13.17,--,6,7902,买盘
654,11:00:31,13.17,0.01,3,3951,买盘
655,11:00:26,13.16,-0.01,8,10528,卖盘
656,11:00:16,13.17,-0.03,19,25023,卖盘
657,11:00:06,13.2,0.03,9,11880,买盘
658,10:59:36,13.17,0.01,18,23706,买盘
659,10:59:25,13.16,-0.01,23,30268,卖盘
660,10:59:15,13.17,--,40,52680,买盘
661,10:58:01,13.17,--,33,43461,买盘
662,10:57:56,13.17,--,10,13170,买盘
663,10:57:41,13.17,0.01,34,44778,卖盘
664,10:57:11,13.16,--,6,7896,买盘
665,10:57:05,13.16,-0.04,32,42112,卖盘
666,10:57:00,13.2,--,20,26400,买盘
667,10:56:55,13.2,--,29,38280,买盘
668,10:56:40,13.2,--,200,264000,买盘
669,10:56:35,13.2,0.05,2,2640,买盘
670,10:56:25,13.15,-0.05,3,3945,卖盘
671,10:56:20,13.2,--,0,0,买盘
672,10:56:16,13.2,--,100,132000,买盘
673,10:56:10,13.2,--,0,0,买盘
674,10:55:55,13.2,0.07,121,159720,买盘
675,10:55:40,13.13,-0.06,22,28886,卖盘
676,10:55:35,13.19,0.04,184,242696,买盘
677,10:55:09,13.15,-0.01,6,7890,卖盘
678,10:54:50,13.16,--,5,6580,买盘
679,10:54:45,13.16,--,10,13160,买盘
680,10:54:40,13.16,0.03,2,2632,买盘
681,10:54:34,13.13,-0.03,10,13130,卖盘
682,10:54:25,13.16,--,11,14476,买盘
683,10:54:20,13.16,-0.02,1,1316,卖盘
684,10:53:55,13.18,0.05,21,27678,买盘
685,10:53:40,13.13,-0.05,71,93223,卖盘
686,10:53:35,13.18,--,0,0,买盘
687,10:53:30,13.18,0.05,30,39540,买盘
688,10:53:20,13.13,-0.03,250,328250,卖盘
689,10:53:09,13.16,--,19,25004,卖盘
690,10:53:00,13.16,--,2,2632,卖盘
691,10:52:55,13.16,--,103,135548,买盘
692,10:52:35,13.16,-0.01,38,50008,卖盘
693,10:52:30,13.17,0.01,11,14487,买盘
694,10:52:10,13.16,--,15,19740,卖盘
695,10:52:00,13.16,--,1,1316,卖盘
696,10:51:29,13.16,--,1,1316,买盘
697,10:51:25,13.16,--,136,178976,买盘
698,10:51:19,13.16,--,100,131600,买盘
699,10:50:50,13.16,-0.01,100,131600,买盘
700,10:50:20,13.17,--,0,0,买盘
701,10:50:14,13.17,--,0,0,买盘
702,10:50:09,13.17,--,9,11853,买盘
703,10:49:28,13.17,--,1,1317,卖盘
704,10:49:03,13.17,--,10,13170,卖盘
705,10:48:44,13.17,0.03,6,7902,买盘
706,10:48:39,13.14,--,0,0,卖盘
707,10:48:29,13.14,-0.01,13,17082,卖盘
708,10:48:04,13.15,--,1,1315,买盘
709,10:47:43,13.15,0.01,5,6575,买盘
710,10:47:24,13.14,--,5,6570,卖盘
711,10:47:19,13.14,0.01,37,48618,买盘
712,10:47:04,13.13,--,13,17069,买盘
713,10:46:59,13.13,--,1,1313,买盘
714,10:46:49,13.13,0.01,39,51207,买盘
715,10:46:39,13.12,--,8,10496,卖盘
716,10:46:24,13.12,--,46,60352,卖盘
717,10:46:03,13.12,-0.01,1,1312,卖盘
718,10:45:58,13.13,--,33,43329,卖盘
719,10:45:39,13.13,-0.01,18,23634,卖盘
720,10:45:19,13.14,-0.01,15,19710,卖盘
721,10:45:14,13.15,--,1,1315,买盘
722,10:44:52,13.15,--,23,30245,卖盘
723,10:44:49,13.15,--,1,1315,卖盘
724,10:44:44,13.15,-0.01,1,1315,卖盘
725,10:44:28,13.16,--,3,3948,买盘
726,10:44:13,13.16,-0.01,10,13160,卖盘
727,10:43:44,13.17,--,6,7902,买盘
728,10:43:38,13.17,--,34,44778,卖盘
729,10:43:33,13.17,--,3,3951,卖盘
730,10:43:23,13.17,--,10,13170,卖盘
731,10:43:14,13.17,--,30,39510,卖盘
732,10:42:58,13.17,-0.01,10,13170,卖盘
733,10:42:48,13.18,--,2,2636,买盘
734,10:42:22,13.18,--,6,7908,卖盘
735,10:42:18,13.18,--,20,26360,卖盘
736,10:41:59,13.18,--,10,13180,卖盘
737,10:41:53,13.18,--,5,6590,卖盘
738,10:41:43,13.18,-0.01,10,13180,卖盘
739,10:41:28,13.19,0.01,50,65950,买盘
740,10:41:22,13.18,0.01,11,14498,买盘
741,10:41:13,13.17,-0.01,5,6585,卖盘
742,10:40:52,13.18,--,37,48766,卖盘
743,10:40:28,13.18,--,1,1318,卖盘
744,10:40:23,13.18,--,5,6590,买盘
745,10:40:18,13.18,-0.01,12,15816,买盘
746,10:39:52,13.19,--,21,27699,卖盘
747,10:39:48,13.19,0.02,10,13190,买盘
748,10:39:43,13.17,-0.01,100,131700,卖盘
749,10:39:38,13.18,--,16,21088,卖盘
750,10:39:33,13.18,--,2,2636,卖盘
751,10:39:27,13.18,--,36,47448,买盘
752,10:39:22,13.18,--,32,42176,买盘
753,10:39:18,13.18,--,30,39540,买盘
754,10:39:07,13.18,-0.02,4,5272,卖盘
755,10:38:57,13.2,0.02,14,18480,买盘
756,10:38:53,13.18,--,14,18452,卖盘
757,10:38:48,13.18,-0.02,1,1318,卖盘
758,10:38:38,13.2,0.02,1,1320,买盘
759,10:38:23,13.18,-0.02,77,101486,买盘
760,10:38:08,13.2,0.03,213,281160,买盘
761,10:37:17,13.17,-0.01,63,82971,卖盘
762,10:36:57,13.18,0.01,15,19770,买盘
763,10:36:43,13.17,--,5,6585,卖盘
764,10:36:17,13.17,--,20,26340,卖盘
765,10:36:08,13.17,--,0,0,卖盘
766,10:35:42,13.17,--,31,40827,卖盘
767,10:35:38,13.17,-0.02,24,31608,卖盘
768,10:35:32,13.19,0.02,50,65950,买盘
769,10:35:27,13.17,--,0,0,卖盘
770,10:35:06,13.17,--,20,26340,买盘
771,10:34:32,13.17,--,2,2634,买盘
772,10:34:27,13.17,--,3,3951,买盘
773,10:34:22,13.17,--,5,6585,买盘
774,10:34:17,13.17,-0.01,38,50046,卖盘
775,10:34:12,13.18,0.01,67,88306,买盘
776,10:34:02,13.17,--,12,15804,买盘
777,10:33:47,13.17,--,13,17121,买盘
778,10:33:22,13.17,--,1,1317,买盘
779,10:33:17,13.17,0.02,4,5268,买盘
780,10:33:12,13.15,-0.02,7,9205,卖盘
781,10:32:52,13.17,0.04,2,2634,买盘
782,10:32:31,13.13,--,0,0,卖盘
783,10:31:37,13.13,--,0,0,卖盘
784,10:31:31,13.13,-0.04,40,52520,卖盘
785,10:31:01,13.17,--,3,3951,买盘
786,10:30:57,13.17,--,41,53997,卖盘
787,10:30:52,13.17,--,5,6585,卖盘
788,10:30:37,13.17,--,6,7902,卖盘
789,10:30:32,13.17,--,2,2634,买盘
790,10:30:22,13.17,-0.01,8,10536,买盘
791,10:30:10,13.18,--,0,0,买盘
792,10:29:55,13.18,0.05,5,6590,买盘
793,10:29:51,13.13,-0.05,6,7878,卖盘
794,10:29:47,13.18,-0.01,20,26360,买盘
795,10:29:40,13.19,--,0,0,买盘
796,10:29:25,13.19,--,9,11871,买盘
797,10:29:21,13.19,--,3,3957,买盘
798,10:29:07,13.19,0.01,3,3957,买盘
799,10:29:01,13.18,--,0,0,卖盘
800,10:28:51,13.18,0.06,2,2636,卖盘
801,10:28:46,13.12,--,0,0,卖盘
802,10:28:36,13.12,--,0,0,卖盘
803,10:28:32,13.12,-0.01,4,5248,中性盘
804,10:28:25,13.13,0.03,1,1313,买盘
805,10:28:06,13.1,--,0,0,卖盘
806,10:28:01,13.1,--,44,57640,卖盘
807,10:27:51,13.1,--,1,1310,卖盘
808,10:27:46,13.1,--,76,99560,买盘
809,10:27:36,13.1,--,77,100870,买盘
810,10:27:31,13.1,-0.1,347,454570,卖盘
811,10:27:21,13.2,0.01,39,51480,买盘
812,10:27:16,13.19,--,0,0,买盘
813,10:27:10,13.19,0.01,32,42208,买盘
814,10:27:01,13.18,--,25,32950,买盘
815,10:26:51,13.18,--,67,88306,买盘
816,10:26:40,13.18,0.03,35,46130,买盘
817,10:26:36,13.15,-0.03,30,39450,卖盘
818,10:26:30,13.18,--,29,38222,买盘
819,10:26:25,13.18,--,53,69854,买盘
820,10:26:21,13.18,--,24,31632,买盘
821,10:26:16,13.18,--,1,1318,买盘
822,10:26:10,13.18,--,135,177930,买盘
823,10:26:01,13.18,--,30,39540,买盘
824,10:25:55,13.18,--,25,32950,买盘
825,10:25:51,13.18,0.02,24,31632,买盘
826,10:25:40,13.16,-0.02,42,55272,卖盘
827,10:25:30,13.18,-0.01,5,6590,买盘
828,10:25:25,13.19,-0.01,34,44846,卖盘
829,10:25:21,13.2,0.01,21,27720,买盘
830,10:25:15,13.19,-0.01,12,15828,卖盘
831,10:25:10,13.2,--,37,48840,买盘
832,10:24:56,13.2,--,0,0,买盘
833,10:24:45,13.2,--,54,71280,买盘
834,10:24:40,13.2,--,44,58080,买盘
835,10:24:36,13.2,--,8,10560,买盘
836,10:24:31,13.2,0.05,200,264000,买盘
837,10:24:25,13.15,-0.02,71,93365,卖盘
838,10:24:20,13.17,-0.03,3,3951,卖盘
839,10:24:10,13.2,--,31,40920,买盘
840,10:24:06,13.2,--,0,0,买盘
841,10:24:00,13.2,--,11,14520,买盘
842,10:23:55,13.2,--,0,0,买盘
843,10:23:45,13.2,--,10,13200,买盘
844,10:23:40,13.2,--,41,54120,买盘
845,10:23:31,13.2,--,46,60720,买盘
846,10:23:25,13.2,--,21,27720,买盘
847,10:23:15,13.2,--,0,0,中性盘
848,10:23:05,13.2,--,0,0,卖盘
849,10:23:01,13.2,--,30,39600,卖盘
850,10:22:55,13.2,--,27,35640,卖盘
851,10:22:49,13.2,--,50,66000,卖盘
852,10:22:45,13.2,--,2,2640,卖盘
853,10:22:40,13.2,--,60,79200,买盘
854,10:22:35,13.2,--,0,0,买盘
855,10:22:30,13.2,0.01,33,43560,买盘
856,10:22:19,13.19,--,5,6595,买盘
857,10:22:15,13.19,--,2,2638,买盘
858,10:22:10,13.19,0.05,30,39570,买盘
859,10:22:04,13.14,--,2,2628,买盘
860,10:22:00,13.14,-0.01,77,101178,卖盘
861,10:21:56,13.15,-0.04,47,61805,买盘
862,10:21:49,13.19,0.05,38,50122,买盘
863,10:21:45,13.14,-0.01,11,14454,卖盘
864,10:21:41,13.15,--,37,48655,卖盘
865,10:21:34,13.15,-0.02,100,131500,卖盘
866,10:21:30,13.17,--,27,35559,买盘
867,10:21:25,13.17,-0.02,121,159357,卖盘
868,10:21:19,13.19,--,30,39570,买盘
869,10:21:10,13.19,-0.01,54,71226,卖盘
870,10:21:04,13.2,-0.02,2,2640,卖盘
871,10:21:00,13.22,--,37,48914,买盘
872,10:20:55,13.22,-0.01,42,55524,卖盘
873,10:20:50,13.23,--,30,39690,买盘
874,10:20:45,13.23,--,2,2646,买盘
875,10:20:40,13.23,--,101,133623,卖盘
876,10:20:30,13.23,-0.01,30,39690,卖盘
877,10:20:25,13.24,0.01,33,43692,买盘
878,10:20:15,13.23,0.01,188,248724,买盘
879,10:20:10,13.22,0.02,89,117658,买盘
880,10:20:04,13.2,-0.03,3,3960,中性盘
881,10:20:00,13.23,--,0,0,买盘
882,10:19:55,13.23,0.06,303,400869,买盘
883,10:19:49,13.17,--,10,13170,卖盘
884,10:19:40,13.17,-0.03,72,94824,卖盘
885,10:19:34,13.2,0.01,250,330000,买盘
886,10:19:30,13.19,0.02,27,35613,买盘
887,10:19:19,13.17,--,132,173844,卖盘
888,10:19:15,13.17,--,174,229158,买盘
889,10:19:10,13.17,0.02,91,119847,买盘
890,10:19:05,13.15,-0.02,73,95995,卖盘
891,10:19:00,13.17,0.02,31,40827,买盘
892,10:18:55,13.15,--,0,0,卖盘
893,10:18:50,13.15,--,67,88105,买盘
894,10:18:40,13.15,--,60,78900,买盘
895,10:18:35,13.15,--,54,71010,买盘
896,10:18:30,13.15,-0.02,60,78900,卖盘
897,10:18:24,13.17,--,23,30291,买盘
898,10:18:19,13.17,--,40,52680,买盘
899,10:18:14,13.17,--,0,0,买盘
900,10:18:10,13.17,0.01,32,42144,买盘
901,10:18:00,13.16,--,38,50008,买盘
902,10:17:54,13.16,--,2,2632,买盘
903,10:17:49,13.16,--,125,164500,卖盘
904,10:17:45,13.16,--,1,1316,卖盘
905,10:17:39,13.16,--,16,21056,买盘
906,10:17:34,13.16,--,0,0,中性盘
907,10:17:29,13.16,0.02,28,36848,买盘
908,10:17:19,13.14,0.01,49,64386,中性盘
909,10:17:14,13.13,--,50,65650,卖盘
910,10:17:04,13.13,-0.02,2,2626,卖盘
911,10:16:59,13.15,0.02,113,148595,买盘
912,10:16:54,13.13,0.02,228,299364,买盘
913,10:16:49,13.11,-0.01,72,94392,卖盘
914,10:16:40,13.12,--,28,36736,买盘
915,10:16:34,13.12,--,0,0,买盘
916,10:16:29,13.12,0.02,22,28864,买盘
917,10:16:25,13.1,--,1,1310,卖盘
918,10:16:20,13.1,-0.02,42,55020,卖盘
919,10:16:15,13.12,--,0,0,买盘
920,10:16:10,13.12,0.02,29,38048,买盘
921,10:16:04,13.1,-0.02,4,5240,卖盘
922,10:15:59,13.12,0.01,24,31487,买盘
923,10:15:54,13.11,--,20,26220,买盘
924,10:15:49,13.11,0.01,38,49818,买盘
925,10:15:34,13.1,--,0,0,卖盘
926,10:15:29,13.1,--,3,3930,卖盘
927,10:15:24,13.1,--,64,83840,卖盘
928,10:15:19,13.1,--,20,26200,卖盘
929,10:15:13,13.1,0.01,2,2620,卖盘
930,10:15:09,13.09,--,11,14399,卖盘
931,10:15:05,13.09,--,153,200277,卖盘
932,10:14:54,13.09,-0.01,1,1309,卖盘
933,10:14:49,13.1,--,49,64190,卖盘
934,10:14:44,13.1,-0.02,100,131000,卖盘
935,10:14:39,13.12,-0.01,15,19680,中性盘
936,10:14:34,13.13,--,109,143117,买盘
937,10:14:24,13.13,--,15,19695,买盘
938,10:14:09,13.13,--,83,108979,买盘
939,10:13:54,13.13,0.02,3,3939,买盘
940,10:13:49,13.11,--,10,13110,卖盘
941,10:13:43,13.11,--,6,7866,买盘
942,10:13:39,13.11,-0.01,16,20976,买盘
943,10:13:34,13.12,0.02,120,157440,买盘
944,10:13:24,13.1,--,59,77290,买盘
945,10:13:14,13.1,0.01,25,32750,买盘
946,10:12:54,13.09,--,3,3927,卖盘
947,10:12:49,13.09,--,47,61523,买盘
948,10:12:39,13.09,0.01,16,20944,买盘
949,10:12:34,13.08,--,10,13080,卖盘
950,10:12:28,13.08,0.04,119,155652,买盘
951,10:11:54,13.04,--,1,1304,卖盘
952,10:11:49,13.04,0.01,52,67808,买盘
953,10:11:28,13.03,--,15,19545,卖盘
954,10:11:09,13.03,0.01,29,37787,买盘
955,10:10:58,13.02,--,94,122388,买盘
956,10:10:48,13.02,--,19,24738,买盘
957,10:10:43,13.02,--,7,9114,买盘
958,10:10:39,13.02,0.01,3,3906,买盘
959,10:10:28,13.01,-0.01,6,7806,卖盘
960,10:10:13,13.02,--,0,0,买盘
961,10:10:03,13.02,0.02,11,14322,买盘
962,10:09:58,13.0,--,0,0,卖盘
963,10:09:28,13.0,-0.01,10,13000,卖盘
964,10:09:19,13.01,0.01,6,7806,买盘
965,10:09:14,13.0,--,100,130000,卖盘
966,10:08:53,13.0,--,1,1300,卖盘
967,10:08:33,13.0,--,121,157300,卖盘
968,10:08:14,13.0,-0.01,20,26000,卖盘
969,10:08:02,13.01,0.01,4,5204,买盘
970,10:07:52,13.0,--,1,1300,卖盘
971,10:07:48,13.0,--,5,6500,卖盘
972,10:07:37,13.0,0.01,10,13000,买盘
973,10:07:33,12.99,--,150,194850,卖盘
974,10:07:28,12.99,--,2,2598,卖盘
975,10:07:22,12.99,-0.01,160,207840,卖盘
976,10:07:13,13.0,--,2,2600,买盘
977,10:07:07,13.0,-0.01,28,36400,卖盘
978,10:07:03,13.01,-0.02,30,39030,卖盘
979,10:06:52,13.03,0.02,46,59938,买盘
980,10:06:48,13.01,--,4,5204,卖盘
981,10:06:33,13.01,-0.01,33,42933,卖盘
982,10:06:28,13.02,--,19,24738,买盘
983,10:06:18,13.02,--,10,13020,买盘
984,10:06:13,13.02,--,3,3906,卖盘
985,10:05:58,13.02,-0.03,25,32550,卖盘
986,10:05:48,13.05,0.01,60,78300,买盘
987,10:05:38,13.04,--,0,0,买盘
988,10:05:33,13.04,0.02,15,19560,买盘
989,10:05:18,13.02,0.01,29,37758,中性盘
990,10:05:03,13.01,0.01,4,5204,买盘
991,10:04:43,13.0,--,15,19500,卖盘
992,10:04:28,13.0,0.01,82,106600,买盘
993,10:04:22,12.99,--,1,1299,买盘
994,10:04:07,12.99,0.02,17,22083,买盘
995,10:04:02,12.97,--,0,0,中性盘
996,10:03:58,12.97,-0.03,6,7782,卖盘
997,10:03:47,13.0,--,0,0,买盘
998,10:03:43,13.0,0.03,150,195000,买盘
999,10:03:31,12.97,0.02,13,16861,买盘
1000,10:03:13,12.95,--,48,62160,买盘
1001,10:03:08,12.95,--,70,90650,买盘
1002,10:03:02,12.95,--,0,0,买盘
1003,10:02:47,12.95,0.03,70,90650,买盘
1004,10:02:42,12.92,-0.03,3,3876,卖盘
1005,10:02:37,12.95,0.03,6,7770,买盘
1006,10:02:17,12.92,--,10,12920,卖盘
1007,10:02:12,12.92,0.01,43,55556,买盘
1008,10:02:07,12.91,--,2,2582,卖盘
1009,10:01:57,12.91,-0.01,1,1291,卖盘
1010,10:01:52,12.92,0.01,280,361760,买盘
1011,10:01:42,12.91,--,24,31164,买盘
1012,10:01:27,12.91,0.01,30,38730,买盘
1013,10:01:12,12.9,--,1,1290,卖盘
1014,10:00:57,12.9,-0.01,6,7740,卖盘
1015,10:00:52,12.91,0.02,150,193650,买盘
1016,10:00:46,12.89,-0.01,5,6445,卖盘
1017,10:00:42,12.9,--,100,129000,买盘
1018,10:00:31,12.9,--,2,2580,买盘
1019,10:00:27,12.9,0.01,10,12900,买盘
1020,10:00:22,12.89,--,4,5156,卖盘
1021,10:00:12,12.89,-0.01,80,103120,卖盘
1022,10:00:07,12.9,0.01,1,1290,买盘
1023,10:00:01,12.89,0.01,1,1289,中性盘
1024,09:59:57,12.88,--,32,41216,卖盘
1025,09:59:46,12.88,--,2,2576,卖盘
1026,09:59:42,12.88,--,36,46368,卖盘
1027,09:59:37,12.88,--,16,20608,卖盘
1028,09:59:31,12.88,--,6,7728,卖盘
1029,09:59:22,12.88,--,43,55384,买盘
1030,09:59:12,12.88,0.02,3,3864,买盘
1031,09:59:07,12.86,-0.02,4,5144,卖盘
1032,09:59:01,12.88,--,3,3864,卖盘
1033,09:58:57,12.88,-0.01,11,14168,中性盘
1034,09:58:52,12.89,0.03,22,28358,买盘
1035,09:58:46,12.86,-0.02,100,128600,卖盘
1036,09:58:42,12.88,--,15,19320,买盘
1037,09:58:37,12.88,0.01,10,12880,买盘
1038,09:58:31,12.87,-0.01,70,90090,卖盘
1039,09:58:22,12.88,-0.01,14,18032,卖盘
1040,09:58:07,12.89,--,15,19335,卖盘
1041,09:57:57,12.89,-0.01,103,132767,卖盘
1042,09:57:52,12.9,--,16,20640,买盘
1043,09:57:42,12.9,--,150,193500,买盘
1044,09:57:37,12.9,--,66,86249,卖盘
1045,09:57:31,12.9,--,65,83850,卖盘
1046,09:57:22,12.9,--,77,99330,卖盘
1047,09:57:07,12.9,-0.01,58,74820,卖盘
1048,09:57:01,12.91,--,20,25820,卖盘
1049,09:56:56,12.91,--,2,2582,卖盘
1050,09:56:52,12.91,0.01,68,87788,中性盘
1051,09:56:46,12.9,--,17,21930,卖盘
1052,09:56:37,12.9,--,100,129000,卖盘
1053,09:56:31,12.9,-0.02,95,122550,卖盘
1054,09:56:22,12.92,--,52,67184,卖盘
1055,09:56:06,12.92,--,0,0,卖盘
1056,09:56:01,12.92,-0.01,86,111112,卖盘
1057,09:55:41,12.93,--,2,2586,买盘
1058,09:55:36,12.93,--,3,3879,买盘
1059,09:55:31,12.93,--,20,25860,买盘
1060,09:55:21,12.93,-0.02,53,68529,卖盘
1061,09:55:10,12.95,--,45,58275,买盘
1062,09:55:06,12.95,0.01,1,1295,买盘
1063,09:55:01,12.94,0.01,5,6470,买盘
1064,09:54:51,12.93,-0.01,4,5172,卖盘
1065,09:54:41,12.94,-0.01,96,124224,卖盘
1066,09:54:36,12.95,--,6,7770,买盘
1067,09:54:31,12.95,--,22,28490,买盘
1068,09:54:26,12.95,--,20,25900,买盘
1069,09:54:06,12.95,--,15,19425,卖盘
1070,09:53:55,12.95,-0.03,4,5180,卖盘
1071,09:53:51,12.98,0.03,5,6490,买盘
1072,09:53:31,12.95,--,70,90650,卖盘
1073,09:53:25,12.95,--,0,0,卖盘
1074,09:53:21,12.95,--,20,25900,卖盘
1075,09:53:06,12.95,--,4,5180,卖盘
1076,09:52:55,12.95,0.01,198,256410,买盘
1077,09:52:51,12.94,--,4,5176,卖盘
1078,09:52:46,12.94,--,0,0,卖盘
1079,09:52:40,12.94,-0.01,20,25880,卖盘
1080,09:52:31,12.95,--,4,5180,买盘
1081,09:52:25,12.95,0.01,6,7770,买盘
1082,09:52:21,12.94,-0.01,10,12940,卖盘
1083,09:52:16,12.95,--,0,0,中性盘
1084,09:52:06,12.95,--,10,12950,卖盘
1085,09:51:51,12.95,--,76,98420,卖盘
1086,09:51:45,12.95,--,5,6475,卖盘
1087,09:51:40,12.95,--,15,19425,卖盘
1088,09:51:36,12.95,--,5,6475,卖盘
1089,09:51:25,12.95,--,17,22015,卖盘
1090,09:51:20,12.95,0.01,35,45325,卖盘
1091,09:51:15,12.94,--,0,0,卖盘
1092,09:51:10,12.94,--,10,12940,卖盘
1093,09:51:05,12.94,-0.01,7,9058,卖盘
1094,09:51:01,12.95,-0.01,22,28490,中性盘
1095,09:50:51,12.96,--,3,3888,卖盘
1096,09:50:46,12.96,0.02,2,2592,买盘
1097,09:50:40,12.94,-0.01,28,36232,卖盘
1098,09:50:36,12.95,--,43,55685,卖盘
1099,09:50:30,12.95,--,42,54390,卖盘
1100,09:50:25,12.95,--,8,10360,卖盘
1101,09:50:20,12.95,--,29,37555,卖盘
1102,09:50:16,12.95,--,57,73815,买盘
1103,09:50:10,12.95,--,48,62160,买盘
1104,09:50:05,12.95,--,5,6475,买盘
1105,09:50:01,12.95,--,54,69930,买盘
1106,09:49:55,12.95,--,36,46620,买盘
1107,09:49:40,12.95,-0.01,193,249935,卖盘
1108,09:49:30,12.96,--,13,16848,买盘
1109,09:49:25,12.96,0.01,3,3888,买盘
1110,09:49:05,12.95,--,1,1295,卖盘
1111,09:49:00,12.95,--,23,29785,卖盘
1112,09:48:55,12.95,0.02,149,192955,买盘
1113,09:48:50,12.93,--,5,6465,卖盘
1114,09:48:45,12.93,-0.02,9,11637,卖盘
1115,09:48:35,12.95,0.02,200,259000,买盘
1116,09:48:30,12.93,0.02,5,6465,买盘
1117,09:48:25,12.91,--,0,0,卖盘
1118,09:48:20,12.91,--,0,0,卖盘
1119,09:48:15,12.91,0.01,3,3873,买盘
1120,09:48:10,12.9,--,0,0,卖盘
1121,09:48:05,12.9,-0.03,136,175440,卖盘
1122,09:47:55,12.93,--,55,71115,买盘
1123,09:47:50,12.93,0.02,21,27153,买盘
1124,09:47:45,12.91,--,0,0,卖盘
1125,09:47:40,12.91,--,15,19365,卖盘
1126,09:47:35,12.91,-0.01,50,64550,卖盘
1127,09:47:30,12.92,-0.01,38,49096,卖盘
1128,09:47:25,12.93,0.01,4,5172,卖盘
1129,09:47:20,12.92,--,0,0,卖盘
1130,09:47:15,12.92,-0.02,4,5168,卖盘
1131,09:47:10,12.94,--,3,3882,买盘
1132,09:47:05,12.94,--,3,3882,买盘
1133,09:46:55,12.94,-0.01,122,157868,卖盘
1134,09:46:45,12.95,0.01,7,9065,买盘
1135,09:46:40,12.94,--,1,1294,卖盘
1136,09:46:30,12.94,--,166,214804,买盘
1137,09:46:25,12.94,0.01,40,51760,买盘
1138,09:46:19,12.93,--,13,16809,卖盘
1139,09:46:15,12.93,-0.01,6,7758,卖盘
1140,09:46:09,12.94,0.03,42,54348,买盘
1141,09:46:00,12.91,--,0,0,卖盘
1142,09:45:54,12.91,--,0,0,卖盘
1143,09:45:49,12.91,--,100,129100,卖盘
1144,09:45:39,12.91,--,11,14201,卖盘
1145,09:45:34,12.91,--,10,12910,卖盘
1146,09:45:30,12.91,-0.04,73,94243,卖盘
1147,09:45:25,12.95,0.04,21,27195,买盘
1148,09:45:15,12.91,--,23,29693,卖盘
1149,09:45:04,12.91,--,0,0,卖盘
1150,09:45:00,12.91,--,72,92952,买盘
1151,09:44:55,12.91,--,1,1291,买盘
1152,09:44:49,12.91,--,30,38730,买盘
1153,09:44:45,12.91,-0.01,110,142010,卖盘
1154,09:44:40,12.92,--,19,24548,买盘
1155,09:44:34,12.92,--,2,2584,买盘
1156,09:44:30,12.92,-0.02,70,90440,卖盘
1157,09:44:25,12.94,--,43,55642,买盘
1158,09:44:15,12.94,0.02,11,14234,买盘
1159,09:44:04,12.92,--,5,6460,卖盘
1160,09:43:44,12.92,--,19,24548,买盘
1161,09:43:40,12.92,--,1,1292,买盘
1162,09:43:29,12.92,0.01,3,3876,买盘
1163,09:43:24,12.91,-0.01,40,51640,卖盘
1164,09:43:19,12.92,--,19,24548,买盘
1165,09:42:49,12.92,0.01,40,51680,买盘
1166,09:42:34,12.91,--,15,19365,卖盘
1167,09:42:28,12.91,--,10,12910,卖盘
1168,09:42:24,12.91,--,0,0,中性盘
1169,09:42:19,12.91,--,24,30984,买盘
1170,09:42:09,12.91,--,5,6455,买盘
1171,09:42:03,12.91,--,17,21947,卖盘
1172,09:41:54,12.91,-0.01,18,23238,卖盘
1173,09:41:44,12.92,0.01,1,1292,买盘
1174,09:41:33,12.91,-0.01,128,165248,卖盘
1175,09:41:29,12.92,--,11,14212,卖盘
1176,09:41:24,12.92,0.01,4,5168,买盘
1177,09:41:18,12.91,--,10,12910,卖盘
1178,09:41:09,12.91,-0.01,100,129100,卖盘
1179,09:40:54,12.92,--,14,18088,卖盘
1180,09:40:49,12.92,0.01,100,129200,买盘
1181,09:40:44,12.91,-0.01,3,3873,卖盘
1182,09:40:39,12.92,--,1,1292,买盘
1183,09:40:33,12.92,0.01,26,33592,买盘
1184,09:40:29,12.91,--,33,42603,卖盘
1185,09:40:24,12.91,--,105,135735,卖盘
1186,09:40:18,12.91,0.01,3,3873,买盘
1187,09:40:09,12.9,--,102,131580,卖盘
1188,09:40:04,12.9,--,25,32250,卖盘
1189,09:39:59,12.9,0.04,1,1290,卖盘
1190,09:39:54,12.86,-0.05,77,99022,卖盘
1191,09:39:48,12.91,0.01,43,55513,买盘
1192,09:39:43,12.9,--,150,193500,买盘
1193,09:39:39,12.9,--,58,74820,买盘
1194,09:39:34,12.9,0.01,10,12900,买盘
1195,09:39:24,12.89,-0.01,1,1289,卖盘
1196,09:39:18,12.9,-0.06,52,67080,卖盘
1197,09:39:13,12.96,--,0,0,买盘
1198,09:39:08,12.96,--,20,25920,买盘
1199,09:38:58,12.96,--,0,0,买盘
1200,09:38:54,12.96,--,18,23328,卖盘
1201,09:38:49,12.96,--,30,38880,卖盘
1202,09:38:38,12.96,--,38,49248,买盘
1203,09:38:34,12.96,--,2,2592,买盘
1204,09:38:28,12.96,0.07,19,24624,买盘
1205,09:38:23,12.89,-0.07,11,14179,卖盘
1206,09:38:18,12.96,--,31,40176,卖盘
1207,09:38:03,12.96,--,5,6480,卖盘
1208,09:37:54,12.96,0.08,133,173158,买盘
1209,09:37:49,12.88,0.02,22,28336,买盘
1210,09:37:38,12.86,0.03,1,1286,买盘
1211,09:37:34,12.83,-0.02,236,302788,卖盘
1212,09:37:28,12.85,--,54,69390,买盘
1213,09:37:23,12.85,--,21,26985,买盘
1214,09:37:18,12.85,0.03,127,163195,买盘
1215,09:37:13,12.82,0.01,6,7692,卖盘
1216,09:37:08,12.81,-0.04,330,422730,卖盘
1217,09:37:03,12.85,0.03,31,39835,买盘
1218,09:36:58,12.82,--,12,15384,买盘
1219,09:36:53,12.82,--,104,133328,卖盘
1220,09:36:43,12.82,-0.01,35,45049,卖盘
1221,09:36:38,12.83,0.01,21,26943,中性盘
1222,09:36:33,12.82,--,359,460238,卖盘
1223,09:36:28,12.82,--,3,3846,卖盘
1224,09:36:23,12.82,-0.03,9,11538,卖盘
1225,09:36:18,12.85,--,121,155485,卖盘
1226,09:36:13,12.85,-0.04,6,7710,卖盘
1227,09:36:08,12.89,0.01,18,23202,买盘
1228,09:36:03,12.88,-0.02,32,41216,卖盘
1229,09:35:57,12.9,--,18,23220,买盘
1230,09:35:53,12.9,--,4,5160,买盘
1231,09:35:48,12.9,-0.01,128,165120,卖盘
1232,09:35:42,12.91,--,5,6455,卖盘
1233,09:35:38,12.91,-0.04,20,25820,卖盘
1234,09:35:33,12.95,-0.03,119,154105,卖盘
1235,09:35:27,12.98,-0.02,37,48026,卖盘
1236,09:35:18,13.0,-0.01,419,545818,卖盘
1237,09:35:13,13.01,-0.01,15,19515,卖盘
1238,09:35:03,13.02,-0.01,486,632772,卖盘
1239,09:34:57,13.03,--,355,462565,卖盘
1240,09:34:53,13.03,-0.01,22,28666,卖盘
1241,09:34:48,13.04,-0.01,70,91280,中性盘
1242,09:34:42,13.05,--,94,122670,买盘
1243,09:34:38,13.05,0.01,3,3915,买盘
1244,09:34:33,13.04,-0.02,40,52160,卖盘
1245,09:34:23,13.06,0.02,10,13060,买盘
1246,09:34:18,13.04,--,38,49552,卖盘
1247,09:34:12,13.04,-0.02,1,1304,卖盘
1248,09:34:08,13.06,0.02,20,26120,买盘
1249,09:34:03,13.04,-0.02,62,80848,卖盘
1250,09:33:57,13.06,--,40,52240,买盘
1251,09:33:53,13.06,0.01,20,26120,买盘
1252,09:33:48,13.05,--,1,1305,买盘
1253,09:33:42,13.05,-0.01,2,2610,中性盘
1254,09:33:33,13.06,0.02,5,6530,买盘
1255,09:33:28,13.04,--,10,13040,卖盘
1256,09:33:23,13.04,-0.01,23,29991,卖盘
1257,09:33:18,13.05,-0.04,8,10440,中性盘
1258,09:33:12,13.09,0.04,60,78540,买盘
1259,09:33:07,13.05,0.01,38,49590,买盘
1260,09:32:57,13.04,0.01,35,45640,买盘
1261,09:32:52,13.03,-0.01,83,108149,卖盘
1262,09:32:47,13.04,0.01,42,54768,买盘
1263,09:32:37,13.03,--,15,19545,卖盘
1264,09:32:32,13.03,0.02,32,41696,卖盘
1265,09:32:22,13.01,--,0,0,卖盘
1266,09:32:12,13.01,--,49,63749,卖盘
1267,09:32:07,13.01,--,1,1301,卖盘
1268,09:32:02,13.01,-0.01,32,41632,卖盘
1269,09:31:58,13.02,-0.03,37,48174,卖盘
1270,09:31:52,13.05,0.04,13,16965,买盘
1271,09:31:47,13.01,--,10,13010,卖盘
1272,09:31:42,13.01,-0.01,20,26202,卖盘
1273,09:31:37,13.02,--,9,11718,买盘
1274,09:31:32,13.02,0.01,63,82026,中性盘
1275,09:31:27,13.01,-0.04,27,35127,卖盘
1276,09:31:17,13.05,--,32,41760,买盘
1277,09:31:12,13.05,--,32,41760,买盘
1278,09:30:57,13.05,-0.01,58,75690,卖盘
1279,09:30:52,13.06,0.01,1,1306,买盘
1280,09:30:42,13.05,--,1,1305,卖盘
1281,09:30:37,13.05,-0.01,30,39150,卖盘
1282,09:30:32,13.06,--,60,78360,卖盘
1283,09:30:17,13.06,--,1,1306,卖盘
1284,09:30:12,13.06,-0.05,20,26120,卖盘
1285,09:30:07,13.11,--,242,317262,买盘
1286,09:28:54,13.11,--,0,0,买盘
1287,09:25:06,13.11,13.11,155,203205,买盘
