,time,price,change,volume,amount,type
0,15:00:00,9.95,--,0,0,卖盘
1,15:00:00,9.95,--,0,0,卖盘
2,15:00:00,9.95,--,44,43780,卖盘
3,14:59:56,9.95,0.01,44,43780,卖盘
4,14:59:52,9.94,-0.01,28,27832,卖盘
5,14:59:46,9.95,--,106,105469,卖盘
6,14:59:41,9.95,--,58,57709,卖盘
7,14:59:31,9.95,--,5,4975,卖盘
8,14:59:26,9.95,--,28,27859,卖盘
9,14:59:21,9.95,--,20,19900,卖盘
10,14:59:16,9.95,--,73,73580,卖盘
11,14:59:11,9.95,-0.01,107,106464,卖盘
12,14:59:01,9.96,--,18,17928,买盘
13,14:58:56,9.96,--,14,13944,买盘
14,14:58:26,9.96,--,30,29880,买盘
15,14:58:16,9.96,--,122,121512,买盘
16,14:58:11,9.96,--,30,29880,买盘
17,14:58:01,9.96,0.01,23,22908,买盘
18,14:57:46,9.95,-0.01,30,29849,卖盘
19,14:57:16,9.96,0.01,103,102588,买盘
20,14:57:11,9.95,--,3,2985,卖盘
21,14:57:01,9.95,-0.01,20,19900,卖盘
22,14:56:56,9.96,0.01,35,34860,买盘
23,14:56:51,9.95,--,20,19900,卖盘
24,14:56:36,9.95,0.01,82,82515,买盘
25,14:56:31,9.94,-0.01,6,5964,卖盘
26,14:56:25,9.95,--,49,48755,买盘
27,14:56:06,9.95,--,494,491599,卖盘
28,14:56:00,9.95,--,20,19900,卖盘
29,14:55:55,9.95,--,1,994,卖盘
30,14:55:51,9.95,--,236,234819,卖盘
31,14:55:45,9.95,--,51,50745,卖盘
32,14:55:40,9.95,--,31,30844,卖盘
33,14:55:36,9.95,--,32,31839,卖盘
34,14:55:30,9.95,-0.01,1914,1904429,卖盘
35,14:55:21,9.96,0.01,120,119520,买盘
36,14:55:10,9.95,--,246,244769,卖盘
37,14:55:06,9.95,-0.01,100,99500,卖盘
38,14:54:55,9.96,--,10,9969,买盘
39,14:54:50,9.96,0.01,522,519912,买盘
40,14:54:36,9.95,--,201,199995,卖盘
41,14:54:31,9.95,--,40,39800,卖盘
42,14:54:21,9.95,-0.01,5,4975,卖盘
43,14:54:10,9.96,0.01,540,537840,买盘
44,14:54:06,9.95,--,29,28854,卖盘
45,14:54:00,9.95,-0.01,47,46765,卖盘
46,14:53:55,9.96,--,8,7968,买盘
47,14:53:51,9.96,0.01,20,19920,买盘
48,14:53:35,9.95,-0.01,13,12934,卖盘
49,14:53:25,9.96,0.01,22,22489,买盘
50,14:53:20,9.95,-0.01,47,46765,卖盘
51,14:53:15,9.96,0.01,7,6972,买盘
52,14:53:10,9.95,-0.01,115,114424,卖盘
53,14:53:05,9.96,0.01,177,176292,买盘
54,14:53:00,9.95,--,100,99500,卖盘
55,14:52:55,9.95,--,61,61282,卖盘
56,14:52:50,9.95,--,27,27461,卖盘
57,14:52:45,9.95,--,62,61689,卖盘
58,14:52:40,9.95,--,48,48347,卖盘
59,14:52:35,9.95,-0.01,75,75212,卖盘
60,14:52:30,9.96,0.01,1,996,买盘
61,14:52:25,9.95,--,17,17502,卖盘
62,14:52:20,9.95,-0.01,55,54904,卖盘
63,14:52:10,9.96,--,106,105576,买盘
64,14:52:00,9.96,0.01,6,5976,买盘
65,14:51:50,9.95,-0.01,5,4975,卖盘
66,14:51:40,9.96,--,1,996,买盘
67,14:51:30,9.96,--,330,328680,买盘
68,14:51:25,9.96,0.01,23,22908,买盘
69,14:51:20,9.95,--,40,39800,卖盘
70,14:51:10,9.95,-0.01,38,38009,卖盘
71,14:50:55,9.96,0.01,76,75696,买盘
72,14:50:50,9.95,--,339,337305,卖盘
73,14:50:40,9.95,--,20,19900,卖盘
74,14:50:35,9.95,-0.01,4,3979,卖盘
75,14:50:25,9.96,--,1,996,买盘
76,14:50:20,9.96,0.01,1,996,买盘
77,14:50:15,9.95,-0.01,2,1989,卖盘
78,14:49:55,9.96,0.01,134,133464,买盘
79,14:49:49,9.95,--,4,3979,卖盘
80,14:49:45,9.95,-0.01,3,2985,卖盘
81,14:49:29,9.96,0.01,143,142428,买盘
82,14:49:19,9.95,--,121,120394,卖盘
83,14:49:15,9.95,--,100,99500,卖盘
84,14:49:04,9.95,--,194,193030,卖盘
85,14:49:00,9.95,-0.01,117,116414,卖盘
86,14:48:49,9.96,0.01,1,996,买盘
87,14:48:45,9.95,-0.01,10,9950,卖盘
88,14:48:29,9.96,0.01,22,21912,买盘
89,14:48:24,9.95,--,20,19900,卖盘
90,14:48:19,9.95,--,73,72635,卖盘
91,14:48:14,9.95,-0.01,15,14924,卖盘
92,14:48:04,9.96,--,42,41832,买盘
93,14:47:59,9.96,--,1,996,买盘
94,14:47:49,9.96,--,26,25896,买盘
95,14:47:29,9.96,--,9,8964,买盘
96,14:47:19,9.96,0.01,1,996,买盘
97,14:47:09,9.95,-0.01,8,7959,卖盘
98,14:46:59,9.96,--,21,20916,买盘
99,14:46:49,9.96,--,1,996,买盘
100,14:46:39,9.96,--,10,9960,买盘
101,14:46:34,9.96,--,7,6972,买盘
102,14:46:29,9.96,--,85,84660,买盘
103,14:46:19,9.96,0.01,1,996,买盘
104,14:46:09,9.95,--,1,994,卖盘
105,14:46:04,9.95,-0.01,3,2985,卖盘
106,14:45:59,9.96,0.01,6,5976,买盘
107,14:45:49,9.95,-0.01,26,25869,卖盘
108,14:45:29,9.96,--,1,996,买盘
109,14:45:19,9.96,0.01,26,25896,买盘
110,14:45:14,9.95,-0.01,25,24875,卖盘
111,14:45:09,9.96,--,100,99600,买盘
112,14:44:58,9.96,0.01,1,996,买盘
113,14:44:54,9.95,-0.01,109,108454,卖盘
114,14:44:49,9.96,--,4,3984,买盘
115,14:44:43,9.96,0.01,22,21912,买盘
116,14:44:34,9.95,-0.01,45,44775,卖盘
117,14:44:29,9.96,--,1,996,买盘
118,14:44:19,9.96,--,1,996,买盘
119,14:44:14,9.96,0.01,100,99600,买盘
120,14:44:09,9.95,-0.01,3,2985,卖盘
121,14:43:59,9.96,--,1,996,买盘
122,14:43:49,9.96,0.01,1,996,买盘
123,14:43:44,9.95,-0.01,3,2985,卖盘
124,14:43:34,9.96,--,36,35856,买盘
125,14:43:28,9.96,--,1,996,买盘
126,14:43:19,9.96,--,1,996,买盘
127,14:43:13,9.96,--,63,62748,买盘
128,14:43:09,9.96,0.01,1,996,买盘
129,14:42:54,9.95,-0.01,163,162185,卖盘
130,14:42:48,9.96,0.01,1,996,买盘
131,14:42:44,9.95,-0.01,16,15919,卖盘
132,14:42:39,9.96,0.01,22,22111,买盘
133,14:42:33,9.95,--,25,24875,卖盘
134,14:42:28,9.95,-0.01,121,120394,卖盘
135,14:42:18,9.96,0.01,1,996,买盘
136,14:42:13,9.95,-0.01,2,1989,卖盘
137,14:42:08,9.96,--,1,996,买盘
138,14:42:03,9.96,--,50,49800,买盘
139,14:41:48,9.96,--,1,996,买盘
140,14:41:43,9.96,--,2,1992,买盘
141,14:41:38,9.96,0.01,3,2988,买盘
142,14:41:33,9.95,-0.01,141,140295,卖盘
143,14:41:18,9.96,--,1,996,买盘
144,14:41:08,9.96,0.01,3,2988,买盘
145,14:41:03,9.95,--,10,9950,卖盘
146,14:40:58,9.95,--,10,9950,卖盘
147,14:40:53,9.95,-0.01,133,132335,卖盘
148,14:40:48,9.96,--,1,996,买盘
149,14:40:43,9.96,0.01,1,996,买盘
150,14:40:38,9.95,--,2,1989,卖盘
151,14:40:33,9.95,-0.01,2,1989,卖盘
152,14:40:28,9.96,--,28,27888,买盘
153,14:40:18,9.96,--,4,3984,买盘
154,14:40:08,9.96,0.01,94,93624,买盘
155,14:39:58,9.95,-0.01,150,149250,卖盘
156,14:39:53,9.96,--,5,4980,买盘
157,14:39:48,9.96,0.01,3,2988,买盘
158,14:39:38,9.95,--,1,994,卖盘
159,14:39:33,9.95,-0.01,3,2985,卖盘
160,14:39:08,9.96,0.01,25,24900,买盘
161,14:39:03,9.95,0.01,55,54724,买盘
162,14:38:53,9.94,-0.01,109,108346,卖盘
163,14:38:48,9.95,-0.01,96,95520,卖盘
164,14:38:43,9.96,0.01,210,209160,买盘
165,14:38:38,9.95,--,2,1989,卖盘
166,14:38:33,9.95,-0.01,2,1989,卖盘
167,14:38:23,9.96,--,0,0,买盘
168,14:38:13,9.96,--,1,996,买盘
169,14:38:07,9.96,--,221,220116,买盘
170,14:37:52,9.96,--,0,0,买盘
171,14:37:48,9.96,--,4,3984,买盘
172,14:37:43,9.96,0.01,525,522900,买盘
173,14:37:38,9.95,--,54,53729,卖盘
174,14:37:32,9.95,-0.01,161,160195,卖盘
175,14:37:28,9.96,--,0,0,买盘
176,14:37:23,9.96,0.02,23,22908,买盘
177,14:37:18,9.94,--,58,57652,卖盘
178,14:37:08,9.94,-0.01,1,994,卖盘
179,14:36:58,9.95,--,54,53729,卖盘
180,14:36:53,9.95,--,60,59699,卖盘
181,14:36:48,9.95,--,109,108454,卖盘
182,14:36:37,9.95,--,22,21890,卖盘
183,14:36:33,9.95,--,2,1989,卖盘
184,14:36:08,9.95,--,2,1989,卖盘
185,14:36:03,9.95,-0.01,151,150245,卖盘
186,14:35:52,9.96,0.01,135,134460,买盘
187,14:35:42,9.95,--,215,213924,卖盘
188,14:35:38,9.95,--,26,25869,卖盘
189,14:35:33,9.95,--,2,1989,卖盘
190,14:35:22,9.95,--,54,53729,卖盘
191,14:35:17,9.95,--,3,2985,卖盘
192,14:35:07,9.95,-0.01,38,37810,卖盘
193,14:34:47,9.96,0.01,3,2988,买盘
194,14:34:37,9.95,--,1,994,卖盘
195,14:34:32,9.95,-0.01,84,83580,卖盘
196,14:34:22,9.96,--,30,29880,卖盘
197,14:34:07,9.96,--,2,1992,卖盘
198,14:34:02,9.96,-0.01,50,49800,卖盘
199,14:33:52,9.97,--,10,9970,买盘
200,14:33:47,9.97,--,7,6979,买盘
201,14:33:37,9.97,0.02,55,54835,买盘
202,14:33:32,9.95,-0.02,86,85570,卖盘
203,14:33:27,9.97,--,30,29910,买盘
204,14:33:17,9.97,--,3,2991,买盘
205,14:33:12,9.97,--,2,1994,买盘
206,14:33:07,9.97,--,247,247106,卖盘
207,14:33:02,9.97,-0.01,52,51844,卖盘
208,14:32:52,9.98,0.01,871,869258,买盘
209,14:32:37,9.97,0.01,242,241423,买盘
210,14:32:32,9.96,-0.01,245,244020,卖盘
211,14:32:22,9.97,--,99,98703,买盘
212,14:32:17,9.97,0.01,944,941168,买盘
213,14:32:07,9.96,-0.01,2,1992,卖盘
214,14:32:01,9.97,--,119,118643,买盘
215,14:31:52,9.97,--,11,10967,买盘
216,14:31:46,9.97,--,13,12961,买盘
217,14:31:37,9.97,--,52,51844,买盘
218,14:31:31,9.97,0.01,234,233298,买盘
219,14:31:22,9.96,--,45,44820,卖盘
220,14:31:12,9.96,--,10,9960,卖盘
221,14:31:07,9.96,-0.01,36,35856,卖盘
222,14:30:57,9.97,0.01,500,498500,买盘
223,14:30:52,9.96,--,3,2988,卖盘
224,14:30:37,9.96,--,11,10956,卖盘
225,14:30:31,9.96,--,3,2988,卖盘
226,14:30:27,9.96,0.01,3,3744,买盘
227,14:30:22,9.95,-0.01,10,9950,卖盘
228,14:30:16,9.96,--,23,22908,买盘
229,14:30:11,9.96,0.01,71,70716,买盘
230,14:30:06,9.95,--,15,14924,卖盘
231,14:30:01,9.95,-0.01,4,3979,卖盘
232,14:29:56,9.96,--,196,195216,买盘
233,14:29:51,9.96,--,300,298800,买盘
234,14:29:46,9.96,--,82,81672,买盘
235,14:29:42,9.96,0.01,19,18924,买盘
236,14:29:36,9.95,--,2,1989,卖盘
237,14:29:31,9.95,--,120,119399,卖盘
238,14:29:27,9.95,--,27,26864,卖盘
239,14:29:16,9.95,-0.01,167,166165,卖盘
240,14:29:11,9.96,0.01,14,13944,买盘
241,14:29:06,9.95,-0.01,12,11940,卖盘
242,14:28:56,9.96,--,35,34860,买盘
243,14:28:46,9.96,0.01,2,1992,买盘
244,14:28:41,9.95,--,10,9950,卖盘
245,14:28:36,9.95,--,12,11940,卖盘
246,14:28:31,9.95,--,4,3979,卖盘
247,14:28:26,9.95,-0.01,10,9950,卖盘
248,14:28:16,9.96,0.01,87,86652,买盘
249,14:28:11,9.95,-0.01,16,15919,卖盘
250,14:28:06,9.96,0.01,78,77688,买盘
251,14:28:01,9.95,-0.01,10,9950,卖盘
252,14:27:56,9.96,0.01,14,13944,买盘
253,14:27:46,9.95,-0.01,10,9950,卖盘
254,14:27:41,9.96,0.01,19,18924,买盘
255,14:27:36,9.95,--,22,21890,卖盘
256,14:27:31,9.95,--,2,1989,卖盘
257,14:27:26,9.95,--,55,54724,卖盘
258,14:27:16,9.95,-0.01,10,9950,卖盘
259,14:27:11,9.96,0.01,13,12948,买盘
260,14:27:06,9.95,--,5,4975,卖盘
261,14:27:01,9.95,--,314,312430,卖盘
262,14:26:31,9.95,-0.01,11,10945,卖盘
263,14:26:26,9.96,--,11,10956,买盘
264,14:26:20,9.96,0.01,10,9960,买盘
265,14:26:16,9.95,-0.01,10,9950,卖盘
266,14:26:11,9.96,0.01,14,13944,买盘
267,14:26:06,9.95,--,11,10945,卖盘
268,14:26:01,9.95,-0.01,103,102484,卖盘
269,14:25:56,9.96,--,41,40836,卖盘
270,14:25:46,9.96,--,13,12948,卖盘
271,14:25:41,9.96,--,30,29880,卖盘
272,14:25:36,9.96,--,14,13944,卖盘
273,14:25:31,9.96,0.01,213,212148,买盘
274,14:25:25,9.95,-0.01,10,9950,卖盘
275,14:25:21,9.96,0.01,13,12948,买盘
276,14:25:11,9.95,--,24,23880,卖盘
277,14:25:06,9.95,--,1,994,卖盘
278,14:25:01,9.95,-0.01,9,8955,卖盘
279,14:24:56,9.96,0.01,23,22908,买盘
280,14:24:51,9.95,--,9,8955,卖盘
281,14:24:46,9.95,-0.01,9,8955,卖盘
282,14:24:40,9.96,--,15,14940,卖盘
283,14:24:36,9.96,--,2,1992,卖盘
284,14:24:31,9.96,0.01,33,32868,买盘
285,14:24:25,9.95,--,11,10945,卖盘
286,14:24:21,9.95,-0.01,10,9950,卖盘
287,14:24:16,9.96,0.01,20,19920,买盘
288,14:24:06,9.95,--,6,5970,卖盘
289,14:24:01,9.95,--,37,36815,卖盘
290,14:23:55,9.95,--,23,22885,卖盘
291,14:23:46,9.95,-0.02,118,117409,卖盘
292,14:23:40,9.97,--,20,19940,买盘
293,14:23:36,9.97,0.01,4,3988,买盘
294,14:23:30,9.96,--,19,18924,卖盘
295,14:23:25,9.96,--,27,26892,买盘
296,14:23:21,9.96,-0.01,43,42828,卖盘
297,14:23:06,9.97,0.02,33,32901,买盘
298,14:23:00,9.95,-0.02,10,9950,卖盘
299,14:22:55,9.97,--,25,24925,买盘
300,14:22:51,9.97,0.02,36,35892,买盘
301,14:22:45,9.95,--,8,7959,卖盘
302,14:22:40,9.95,--,232,230839,卖盘
303,14:22:35,9.95,--,34,33830,卖盘
304,14:22:25,9.95,-0.01,20,19900,卖盘
305,14:22:20,9.96,--,10,9960,卖盘
306,14:22:10,9.96,--,418,416328,买盘
307,14:21:55,9.96,--,648,645408,卖盘
308,14:21:50,9.96,--,19,18924,卖盘
309,14:21:35,9.96,-0.01,13,12948,卖盘
310,14:21:26,9.97,0.01,9,8973,买盘
311,14:21:20,9.96,--,9,8964,卖盘
312,14:21:15,9.96,--,26,25896,卖盘
313,14:21:10,9.96,0.01,170,169320,买盘
314,14:21:05,9.95,-0.02,13,12934,卖盘
315,14:21:00,9.97,0.01,234,233298,买盘
316,14:20:55,9.96,0.01,13,12948,买盘
317,14:20:50,9.95,-0.01,97,96515,卖盘
318,14:20:45,9.96,--,51,50796,卖盘
319,14:20:40,9.96,--,10,9960,卖盘
320,14:20:35,9.96,--,2,1992,卖盘
321,14:20:25,9.96,--,275,273900,卖盘
322,14:20:10,9.96,--,10,9960,卖盘
323,14:20:05,9.96,--,55,54780,买盘
324,14:20:00,9.96,--,59,58764,卖盘
325,14:19:55,9.96,--,41,40836,买盘
326,14:19:50,9.96,0.01,178,177288,买盘
327,14:19:35,9.95,--,15,14924,卖盘
328,14:19:30,9.95,--,9,8955,卖盘
329,14:19:25,9.95,-0.02,78,77610,卖盘
330,14:19:20,9.97,0.01,20,19940,买盘
331,14:19:14,9.96,--,33,32868,卖盘
332,14:19:10,9.96,--,81,80676,卖盘
333,14:19:05,9.96,--,14,13944,卖盘
334,14:19:00,9.96,--,228,227088,卖盘
335,14:18:55,9.96,--,15,14940,卖盘
336,14:18:50,9.96,--,284,282864,卖盘
337,14:18:40,9.96,--,20,19920,卖盘
338,14:18:34,9.96,0.01,22,21912,卖盘
339,14:18:25,9.95,-0.02,11,10945,卖盘
340,14:18:20,9.97,--,23,22931,买盘
341,14:18:14,9.97,--,20,19940,买盘
342,14:18:10,9.97,0.01,362,360914,买盘
343,14:18:04,9.96,--,129,128484,卖盘
344,14:17:55,9.96,--,141,140436,卖盘
345,14:17:50,9.96,--,11,10956,卖盘
346,14:17:44,9.96,--,10,9960,卖盘
347,14:17:34,9.96,--,19,18924,卖盘
348,14:17:30,9.96,--,49,48804,卖盘
349,14:17:19,9.96,-0.01,34,33864,卖盘
350,14:17:15,9.97,0.01,10,9970,买盘
351,14:17:09,9.96,-0.01,10,9960,卖盘
352,14:17:04,9.97,0.01,67,66799,买盘
353,14:17:00,9.96,0.01,44,43824,卖盘
354,14:16:49,9.95,-0.02,10,9950,卖盘
355,14:16:45,9.97,0.01,26,25922,买盘
356,14:16:34,9.96,--,60,60407,买盘
357,14:16:30,9.96,0.01,3,2988,买盘
358,14:16:19,9.95,-0.01,9,8955,卖盘
359,14:16:15,9.96,0.01,359,357564,买盘
360,14:16:04,9.95,--,22,21890,卖盘
361,14:15:49,9.95,--,10,9950,卖盘
362,14:15:44,9.95,-0.01,9,8955,卖盘
363,14:15:39,9.96,--,50,50347,卖盘
364,14:15:34,9.96,--,1053,1048788,卖盘
365,14:15:28,9.96,-0.01,549,547003,卖盘
366,14:15:19,9.97,0.01,126,125622,买盘
367,14:15:14,9.96,--,19,18924,卖盘
368,14:15:09,9.96,--,5,4980,卖盘
369,14:15:04,9.96,--,14,13944,卖盘
370,14:14:59,9.96,--,10,9960,卖盘
371,14:14:54,9.96,-0.01,4,3984,卖盘
372,14:14:49,9.97,0.01,19,18943,买盘
373,14:14:43,9.96,--,63,62748,卖盘
374,14:14:34,9.96,--,32,31872,卖盘
375,14:14:19,9.96,--,42,41832,卖盘
376,14:14:14,9.96,-0.01,76,75696,卖盘
377,14:14:04,9.97,--,44,43868,买盘
378,14:13:54,9.97,0.01,49,48853,买盘
379,14:13:49,9.96,--,44,44073,买盘
380,14:13:44,9.96,0.01,1923,1915308,买盘
381,14:13:34,9.95,--,35,34825,卖盘
382,14:13:29,9.95,--,23,22885,卖盘
383,14:13:24,9.95,0.01,1662,1653938,买盘
384,14:13:19,9.94,-0.01,109,108346,卖盘
385,14:13:14,9.95,0.01,65,64674,买盘
386,14:13:09,9.94,--,9,8946,卖盘
387,14:12:59,9.94,-0.01,9,8946,卖盘
388,14:12:49,9.95,--,14,13929,买盘
389,14:12:44,9.95,0.01,22,21890,买盘
390,14:12:34,9.94,--,101,100394,卖盘
391,14:12:23,9.94,--,11,10934,卖盘
392,14:12:19,9.94,0.01,57,57294,买盘
393,14:12:04,9.93,--,14,13902,卖盘
394,14:11:58,9.93,-0.01,15,14895,卖盘
395,14:11:54,9.94,0.01,130,129220,买盘
396,14:11:49,9.93,-0.01,9,8937,卖盘
397,14:11:34,9.94,0.01,27,26838,买盘
398,14:11:29,9.93,-0.01,11,10923,卖盘
399,14:11:08,9.94,--,10,9940,买盘
400,14:11:04,9.94,0.01,10,9940,买盘
401,14:10:53,9.93,--,73,72489,卖盘
402,14:10:47,9.93,-0.01,47,46829,卖盘
403,14:10:44,9.94,0.01,661,657868,买盘
404,14:10:38,9.93,--,14,13902,卖盘
405,14:10:33,9.93,--,2,1986,卖盘
406,14:10:28,9.93,-0.01,10,9930,卖盘
407,14:10:24,9.94,0.01,22,21868,买盘
408,14:10:13,9.93,--,13,12909,卖盘
409,14:10:08,9.93,-0.01,9,8937,卖盘
410,14:09:58,9.94,--,87,86478,卖盘
411,14:09:54,9.94,-0.01,11,10934,卖盘
412,14:09:43,9.95,0.01,101,100495,买盘
413,14:09:38,9.94,--,72,71568,卖盘
414,14:09:33,9.94,--,121,120274,卖盘
415,14:09:23,9.94,--,10,9940,卖盘
416,14:09:17,9.94,--,6,5964,卖盘
417,14:09:13,9.94,--,14,13916,卖盘
418,14:09:08,9.94,--,132,131208,买盘
419,14:09:02,9.94,0.01,10,9940,买盘
420,14:08:43,9.93,--,14,13902,卖盘
421,14:08:38,9.93,--,26,25818,卖盘
422,14:08:33,9.93,-0.01,2,1986,卖盘
423,14:08:23,9.94,--,10,9940,卖盘
424,14:08:18,9.94,--,105,104370,卖盘
425,14:08:13,9.94,--,16,15904,卖盘
426,14:08:02,9.94,0.01,108,107352,买盘
427,14:07:38,9.93,--,14,13902,卖盘
428,14:07:32,9.93,-0.01,3,2979,卖盘
429,14:06:58,9.94,--,21,20874,买盘
430,14:06:43,9.94,0.01,14,13916,买盘
431,14:06:32,9.93,-0.01,2,1986,卖盘
432,14:06:23,9.94,-0.01,6,5964,卖盘
433,14:06:08,9.95,0.01,28,27859,买盘
434,14:05:53,9.94,--,5,4970,卖盘
435,14:05:47,9.94,0.01,2,1988,买盘
436,14:05:43,9.93,--,20,19860,卖盘
437,14:05:37,9.93,--,0,0,卖盘
438,14:05:32,9.93,--,3,3088,卖盘
439,14:05:22,9.93,--,6,5958,卖盘
440,14:05:13,9.93,-0.01,29,29591,卖盘
441,14:05:07,9.94,--,1,994,卖盘
442,14:05:02,9.94,--,11,10934,买盘
443,14:04:58,9.94,--,1,994,买盘
444,14:04:52,9.94,0.01,163,162022,买盘
445,14:04:37,9.93,--,6,5958,卖盘
446,14:04:33,9.93,--,2,1986,卖盘
447,14:04:22,9.93,--,8,7944,卖盘
448,14:04:07,9.93,-0.01,12,11916,卖盘
449,14:04:02,9.94,0.01,24,23856,买盘
450,14:03:48,9.93,--,193,191649,卖盘
451,14:03:37,9.93,--,9,8937,卖盘
452,14:03:33,9.93,--,3,2979,卖盘
453,14:03:26,9.93,--,12,11916,卖盘
454,14:03:22,9.93,--,6,5958,卖盘
455,14:03:18,9.93,--,10,9930,卖盘
456,14:03:07,9.93,--,14,13902,卖盘
457,14:02:56,9.93,-0.01,24,23832,卖盘
458,14:02:52,9.94,0.01,10,9940,买盘
459,14:02:42,9.93,--,10,9930,卖盘
460,14:02:37,9.93,-0.01,17,16881,卖盘
461,14:02:32,9.94,0.01,103,102382,买盘
462,14:02:26,9.93,--,2,1986,卖盘
463,14:02:22,9.93,--,10,9930,卖盘
464,14:02:11,9.93,--,10,9930,卖盘
465,14:02:02,9.93,-0.01,11,10923,卖盘
466,14:01:56,9.94,0.01,14,13916,买盘
467,14:01:52,9.93,-0.01,10,9930,卖盘
468,14:01:37,9.94,0.01,17,16898,买盘
469,14:01:32,9.93,--,8,7944,卖盘
470,14:01:22,9.93,--,10,9930,卖盘
471,14:01:17,9.93,--,11,10923,卖盘
472,14:01:07,9.93,-0.01,28,27804,卖盘
473,14:01:02,9.94,0.01,45,44730,买盘
474,14:00:52,9.93,--,9,8937,卖盘
475,14:00:41,9.93,--,10,9930,卖盘
476,14:00:32,9.93,--,82,81426,卖盘
477,14:00:22,9.93,--,10,9930,卖盘
478,14:00:11,9.93,--,11,10923,卖盘
479,14:00:07,9.93,-0.01,4,3972,卖盘
480,14:00:02,9.94,--,32,31808,买盘
481,13:59:52,9.94,--,261,259434,买盘
482,13:59:47,9.94,0.01,6,5964,买盘
483,13:59:37,9.93,-0.01,72,71496,卖盘
484,13:59:32,9.94,0.01,316,314104,买盘
485,13:59:26,9.93,--,11,10923,卖盘
486,13:59:22,9.93,--,1,993,卖盘
487,13:59:16,9.93,--,11,10923,卖盘
488,13:59:02,9.93,--,11,10923,卖盘
489,13:58:52,9.93,-0.01,1801,1788631,卖盘
490,13:58:47,9.94,--,10,9940,卖盘
491,13:58:37,9.94,0.01,183,182657,买盘
492,13:58:32,9.93,-0.01,69,68517,卖盘
493,13:58:22,9.94,0.01,23,22862,买盘
494,13:58:16,9.93,--,10,9930,卖盘
495,13:58:07,9.93,--,14,13902,卖盘
496,13:57:56,9.93,--,10,9930,卖盘
497,13:57:46,9.93,--,11,10923,卖盘
498,13:57:37,9.93,--,19,19085,卖盘
499,13:57:31,9.93,--,2,1986,卖盘
500,13:57:26,9.93,--,14,13902,卖盘
501,13:57:07,9.93,--,8,7944,卖盘
502,13:57:01,9.93,--,35,34755,卖盘
503,13:56:46,9.93,--,10,9930,卖盘
504,13:56:41,9.93,--,11,10923,卖盘
505,13:56:35,9.93,--,9,8937,卖盘
506,13:56:31,9.93,--,16,15888,卖盘
507,13:56:20,9.93,--,2,1986,卖盘
508,13:56:16,9.93,--,10,9930,卖盘
509,13:56:11,9.93,--,11,10923,卖盘
510,13:56:05,9.93,--,4,3972,卖盘
511,13:55:55,9.93,--,35,34755,卖盘
512,13:55:41,9.93,--,12,11916,卖盘
513,13:55:36,9.93,--,8,7944,卖盘
514,13:55:31,9.93,-0.01,15,14895,卖盘
515,13:55:26,9.94,0.01,1,994,买盘
516,13:55:20,9.93,--,11,10923,卖盘
517,13:55:11,9.93,-0.01,13,12909,卖盘
518,13:55:06,9.94,--,23,22862,买盘
519,13:55:01,9.94,--,31,31052,卖盘
520,13:54:56,9.94,--,11,10934,卖盘
521,13:54:46,9.94,--,13,12922,卖盘
522,13:54:41,9.94,--,10,9940,卖盘
523,13:54:36,9.94,--,4,3976,卖盘
524,13:54:31,9.94,--,28,27832,卖盘
525,13:54:26,9.94,--,14,13916,卖盘
526,13:54:11,9.94,--,577,573538,卖盘
527,13:54:05,9.94,--,8,7952,卖盘
528,13:54:01,9.94,--,20,19880,卖盘
529,13:53:56,9.94,-0.01,11,10934,卖盘
530,13:53:46,9.95,0.01,2,1989,买盘
531,13:53:41,9.94,--,116,115304,卖盘
532,13:53:36,9.94,--,60,59640,卖盘
533,13:53:31,9.94,--,2,1988,卖盘
534,13:53:26,9.94,--,5,4970,卖盘
535,13:53:16,9.94,-0.01,11,10934,卖盘
536,13:53:11,9.95,0.01,546,543270,买盘
537,13:53:05,9.94,--,11,10934,卖盘
538,13:53:01,9.94,-0.01,30,29820,卖盘
539,13:52:56,9.95,--,12,12696,买盘
540,13:52:41,9.95,0.01,881,876594,买盘
541,13:52:35,9.94,--,7,6958,卖盘
542,13:52:31,9.94,--,70,69580,卖盘
543,13:52:25,9.94,-0.01,28,27832,卖盘
544,13:52:11,9.95,0.01,10,9950,买盘
545,13:52:05,9.94,-0.01,1024,1017856,卖盘
546,13:51:56,9.95,--,55,54724,买盘
547,13:51:46,9.95,0.01,23,22885,买盘
548,13:51:35,9.94,--,102,101388,卖盘
549,13:51:31,9.94,--,26,25844,卖盘
550,13:51:26,9.94,-0.01,105,104370,卖盘
551,13:51:16,9.95,--,24,23880,买盘
552,13:51:11,9.95,0.01,51,50745,买盘
553,13:51:05,9.94,-0.01,4,3976,卖盘
554,13:51:01,9.95,--,428,425859,买盘
555,13:50:55,9.95,0.01,55,54724,买盘
556,13:50:50,9.94,-0.01,50,49700,卖盘
557,13:50:46,9.95,0.01,1,994,买盘
558,13:50:40,9.94,--,32,31808,卖盘
559,13:50:31,9.94,--,106,105364,买盘
560,13:50:25,9.94,0.01,55,54670,买盘
561,13:50:20,9.93,-0.01,1,993,卖盘
562,13:50:16,9.94,--,11,10934,卖盘
563,13:50:01,9.94,-0.01,20,19880,中性盘
564,13:49:55,9.95,0.02,2,1989,买盘
565,13:49:44,9.93,-0.01,4,3972,卖盘
566,13:49:40,9.94,--,18,17892,卖盘
567,13:49:35,9.94,--,97,96418,卖盘
568,13:49:25,9.94,0.01,1318,1310867,买盘
569,13:49:10,9.93,-0.01,11,10923,卖盘
570,13:49:05,9.94,0.01,9,8946,买盘
571,13:48:59,9.93,-0.01,14,13902,卖盘
572,13:48:44,9.94,0.01,2,1988,买盘
573,13:48:40,9.93,--,7,6951,卖盘
574,13:48:35,9.93,--,27,26811,卖盘
575,13:48:20,9.93,--,5,4965,卖盘
576,13:48:14,9.93,--,100,99300,卖盘
577,13:48:05,9.93,--,4,3972,卖盘
578,13:48:00,9.93,--,100,99300,卖盘
579,13:47:40,9.93,-0.01,4,3972,卖盘
580,13:47:35,9.94,0.01,14,13916,买盘
581,13:47:25,9.93,--,3,2979,卖盘
582,13:47:10,9.93,--,11,10923,卖盘
583,13:47:05,9.93,--,20,19860,卖盘
584,13:46:55,9.93,--,20,19860,卖盘
585,13:46:50,9.93,--,11,10923,卖盘
586,13:46:40,9.93,-0.01,47,46671,卖盘
587,13:46:35,9.94,0.01,56,55664,买盘
588,13:46:25,9.93,--,9,8937,卖盘
589,13:46:20,9.93,--,9,8937,卖盘
590,13:46:05,9.93,0.01,881,874833,买盘
591,13:45:55,9.92,--,9,8928,卖盘
592,13:45:50,9.92,--,200,198400,卖盘
593,13:45:44,9.92,--,10,9920,卖盘
594,13:45:40,9.92,--,69,68448,卖盘
595,13:45:35,9.92,--,24,23808,卖盘
596,13:45:20,9.92,-0.01,33,32736,卖盘
597,13:45:10,9.93,0.01,22,21846,买盘
598,13:45:05,9.92,--,4,3968,卖盘
599,13:44:59,9.92,-0.01,20,19840,卖盘
600,13:44:49,9.93,--,32,31776,买盘
601,13:44:44,9.93,0.01,5,4965,买盘
602,13:44:34,9.92,--,52,51584,卖盘
603,13:44:25,9.92,--,11,10912,卖盘
604,13:44:14,9.92,--,9,8928,卖盘
605,13:44:04,9.92,--,9,8928,卖盘
606,13:43:55,9.92,-0.01,11,10912,卖盘
607,13:43:50,9.93,0.01,11,10923,买盘
608,13:43:44,9.92,-0.01,9,8928,卖盘
609,13:43:40,9.93,0.01,20,19860,买盘
610,13:43:34,9.92,--,52,51584,卖盘
611,13:43:29,9.92,--,10,9920,卖盘
612,13:43:19,9.92,--,10,9920,卖盘
613,13:43:10,9.92,--,10,9920,卖盘
614,13:42:55,9.92,--,20,19840,卖盘
615,13:42:49,9.92,-0.01,9,8928,卖盘
616,13:42:40,9.93,0.01,11,10923,买盘
617,13:42:34,9.92,--,55,54560,卖盘
618,13:42:25,9.92,--,9,8928,卖盘
619,13:42:15,9.92,--,59,58528,卖盘
620,13:42:04,9.92,--,14,13888,卖盘
621,13:41:53,9.92,-0.01,9,8928,卖盘
622,13:41:44,9.93,0.01,11,10923,买盘
623,13:41:34,9.92,-0.01,21,20832,卖盘
624,13:41:29,9.93,0.01,3,2979,买盘
625,13:41:19,9.92,--,10,9920,卖盘
626,13:41:15,9.92,--,0,0,中性盘
627,13:41:08,9.92,--,23,22816,买盘
628,13:41:04,9.92,--,2,1984,卖盘
629,13:40:59,9.92,-0.01,9,8928,卖盘
630,13:40:49,9.93,0.02,11,10923,买盘
631,13:40:45,9.91,-0.02,25,24775,卖盘
632,13:40:34,9.93,0.01,57,56601,买盘
633,13:40:29,9.92,0.01,12,11904,买盘
634,13:40:14,9.91,--,9,8919,卖盘
635,13:40:04,9.91,--,10,9910,卖盘
636,13:39:58,9.91,--,10,9910,卖盘
637,13:39:53,9.91,-0.01,6,5946,卖盘
638,13:39:49,9.92,-0.01,2,1984,卖盘
639,13:39:44,9.93,--,0,0,买盘
640,13:39:37,9.93,0.02,3,2979,买盘
641,13:39:34,9.91,--,43,42613,卖盘
642,13:39:19,9.91,--,9,8919,卖盘
643,13:39:08,9.91,--,11,10901,卖盘
644,13:39:04,9.91,--,4,3964,卖盘
645,13:38:59,9.91,-0.02,10,9910,卖盘
646,13:38:49,9.93,0.01,43,42699,买盘
647,13:38:38,9.92,0.01,2,1984,买盘
648,13:38:34,9.91,--,53,52523,卖盘
649,13:38:29,9.91,--,10,9910,卖盘
650,13:38:14,9.91,--,11,10901,卖盘
651,13:38:04,9.91,-0.01,9,8919,卖盘
652,13:37:59,9.92,0.01,13,12896,买盘
653,13:37:44,9.91,--,10,9910,卖盘
654,13:37:38,9.91,--,6,5946,卖盘
655,13:37:34,9.91,--,17,16847,卖盘
656,13:37:29,9.91,--,45,44595,卖盘
657,13:37:19,9.91,--,10,9910,卖盘
658,13:37:14,9.91,--,20,19820,卖盘
659,13:37:08,9.91,-0.01,10,9910,卖盘
660,13:37:04,9.92,--,10,9920,卖盘
661,13:36:58,9.92,0.01,10,9920,买盘
662,13:36:49,9.91,-0.02,11,10901,卖盘
663,13:36:44,9.93,0.02,10,9930,买盘
664,13:36:38,9.91,-0.02,14,13874,卖盘
665,13:36:34,9.93,--,4,3972,买盘
666,13:36:29,9.93,0.02,47,46671,买盘
667,13:36:14,9.91,--,10,9910,卖盘
668,13:36:04,9.91,-0.02,15,14865,卖盘
669,13:35:53,9.93,0.02,6,5958,买盘
670,13:35:49,9.91,--,8,7928,卖盘
671,13:35:43,9.91,--,35,34685,卖盘
672,13:35:38,9.91,--,0,0,卖盘
673,13:35:34,9.91,-0.02,9,8919,卖盘
674,13:35:19,9.93,0.02,36,35748,买盘
675,13:35:13,9.91,-0.01,1,991,卖盘
676,13:34:58,9.92,--,0,0,买盘
677,13:34:43,9.92,--,23,22816,卖盘
678,13:34:38,9.92,0.01,8,7936,卖盘
679,13:34:34,9.91,-0.02,2,1982,卖盘
680,13:34:28,9.93,--,3,2979,买盘
681,13:34:13,9.93,0.01,37,36741,买盘
682,13:34:08,9.92,0.01,23,22816,买盘
683,13:34:03,9.91,--,10,9910,卖盘
684,13:33:38,9.91,--,2,1982,卖盘
685,13:33:33,9.91,-0.01,3,2973,卖盘
686,13:33:28,9.92,-0.01,2,1984,买盘
687,13:33:23,9.93,--,0,0,买盘
688,13:33:18,9.93,0.02,38,37734,买盘
689,13:33:08,9.91,--,6,5946,卖盘
690,13:32:58,9.91,-0.01,1,991,卖盘
691,13:32:38,9.92,0.01,11,10912,买盘
692,13:32:32,9.91,-0.01,2,1982,卖盘
693,13:32:17,9.92,0.01,40,39680,买盘
694,13:32:08,9.91,--,1,991,卖盘
695,13:31:37,9.91,--,9,8919,卖盘
696,13:31:32,9.91,--,3,2973,卖盘
697,13:31:17,9.91,-0.01,65,64415,卖盘
698,13:31:07,9.92,--,65,64480,买盘
699,13:30:43,9.92,0.01,17,16864,买盘
700,13:30:32,9.91,-0.01,12,11892,卖盘
701,13:30:17,9.92,--,2,1984,买盘
702,13:30:13,9.92,--,0,0,买盘
703,13:30:08,9.92,0.02,62,61504,买盘
704,13:29:43,9.9,--,4,3960,卖盘
705,13:29:38,9.9,--,12,11880,卖盘
706,13:29:32,9.9,-0.02,3,2970,卖盘
707,13:29:23,9.92,0.02,46,45632,买盘
708,13:29:13,9.9,-0.02,5,4950,卖盘
709,13:29:02,9.92,0.02,49,48608,买盘
710,13:28:53,9.9,--,9,8910,卖盘
711,13:28:43,9.9,--,9,8910,卖盘
712,13:28:38,9.9,-0.02,15,14850,卖盘
713,13:28:32,9.92,0.02,8,7936,买盘
714,13:28:28,9.9,--,18,17820,卖盘
715,13:28:22,9.9,--,9,8910,卖盘
716,13:28:17,9.9,-0.02,182,180180,卖盘
717,13:28:07,9.92,0.02,50,49600,买盘
718,13:27:58,9.9,--,9,8910,卖盘
719,13:27:47,9.9,--,11,10890,卖盘
720,13:27:43,9.9,--,4,3960,卖盘
721,13:27:37,9.9,-0.01,9,8910,卖盘
722,13:27:32,9.91,--,2,1982,卖盘
723,13:27:28,9.91,--,1,991,卖盘
724,13:27:22,9.91,--,10,9910,卖盘
725,13:27:13,9.91,-0.01,9,8919,卖盘
726,13:27:07,9.92,0.01,45,44640,买盘
727,13:27:02,9.91,--,11,10901,卖盘
728,13:26:52,9.91,--,10,9910,卖盘
729,13:26:47,9.91,0.01,60,59460,买盘
730,13:26:42,9.9,--,5,4950,卖盘
731,13:26:32,9.9,-0.02,13,12870,卖盘
732,13:26:22,9.92,0.01,10,9920,买盘
733,13:26:17,9.91,--,11,10901,卖盘
734,13:26:12,9.91,-0.02,3,2973,卖盘
735,13:26:07,9.93,--,10,9930,买盘
736,13:26:02,9.93,--,29,28797,买盘
737,13:25:52,9.93,0.02,58,57594,买盘
738,13:25:47,9.91,0.01,16,15856,中性盘
739,13:25:37,9.9,--,4,3960,卖盘
740,13:25:32,9.9,--,23,22770,卖盘
741,13:25:22,9.9,--,9,8910,卖盘
742,13:25:17,9.9,--,9,8910,卖盘
743,13:25:02,9.9,-0.02,10,9900,卖盘
744,13:24:52,9.92,0.02,68,67456,买盘
745,13:24:42,9.9,-0.02,10,9900,卖盘
746,13:24:37,9.92,0.02,96,95232,买盘
747,13:24:32,9.9,--,3,2970,卖盘
748,13:24:26,9.9,-0.02,9,8910,卖盘
749,13:24:22,9.92,--,1,992,买盘
750,13:24:17,9.92,0.02,19,18848,买盘
751,13:24:07,9.9,--,19,18810,卖盘
752,13:24:02,9.9,-0.01,12,11880,卖盘
753,13:23:52,9.91,0.01,5,4955,卖盘
754,13:23:47,9.9,-0.01,10,9900,卖盘
755,13:23:32,9.91,0.01,503,498998,买盘
756,13:23:22,9.9,--,11,10890,卖盘
757,13:23:17,9.9,--,11,10890,卖盘
758,13:23:02,9.9,--,10,9900,卖盘
759,13:22:52,9.9,--,9,8910,卖盘
760,13:22:47,9.9,--,33,32670,卖盘
761,13:22:37,9.9,--,16,15840,卖盘
762,13:22:32,9.9,--,3,2970,卖盘
763,13:22:26,9.9,-0.01,8,7920,卖盘
764,13:22:22,9.91,--,1,991,买盘
765,13:22:17,9.91,0.01,20,19820,买盘
766,13:22:11,9.9,--,1,990,卖盘
767,13:22:07,9.9,--,10,9900,卖盘
768,13:21:56,9.9,--,23,22770,卖盘
769,13:21:52,9.9,--,9,8910,卖盘
770,13:21:46,9.9,--,10,9900,卖盘
771,13:21:32,9.9,-0.01,12,11880,卖盘
772,13:21:26,9.91,0.01,3,2973,买盘
773,13:21:22,9.9,-0.01,39,38610,卖盘
774,13:21:11,9.91,0.01,4,3964,买盘
775,13:21:07,9.9,--,633,627125,卖盘
776,13:21:02,9.9,-0.01,56,55440,卖盘
777,13:20:56,9.91,-0.02,1821,1805076,卖盘
778,13:20:37,9.93,0.01,14,13902,买盘
779,13:20:31,9.92,--,3,2976,卖盘
780,13:20:26,9.92,--,10,9920,卖盘
781,13:20:17,9.92,--,3,3491,卖盘
782,13:20:11,9.92,--,20,19840,卖盘
783,13:20:07,9.92,--,11,10912,卖盘
784,13:20:01,9.92,--,3,2976,卖盘
785,13:19:52,9.92,--,10,9920,卖盘
786,13:19:41,9.92,--,10,9920,卖盘
787,13:19:36,9.92,-0.01,4,3968,卖盘
788,13:19:31,9.93,--,34,33762,买盘
789,13:19:21,9.93,0.01,12,11916,买盘
790,13:19:16,9.92,--,1,992,卖盘
791,13:19:11,9.92,--,10,9920,卖盘
792,13:19:06,9.92,--,4,3968,卖盘
793,13:19:01,9.92,--,9,8928,卖盘
794,13:18:56,9.92,--,6,5952,卖盘
795,13:18:46,9.92,--,9,8928,卖盘
796,13:18:36,9.92,--,10,9920,卖盘
797,13:18:31,9.92,--,19,18848,卖盘
798,13:18:26,9.92,--,9,8928,卖盘
799,13:18:16,9.92,-0.01,10,9920,卖盘
800,13:18:11,9.93,--,9,8937,买盘
801,13:18:06,9.93,--,12,11916,买盘
802,13:18:01,9.93,0.01,122,121146,买盘
803,13:17:56,9.92,--,5,4960,卖盘
804,13:17:51,9.92,--,11,10912,卖盘
805,13:17:46,9.92,--,25,24800,卖盘
806,13:17:36,9.92,--,24,23808,卖盘
807,13:17:31,9.92,--,3,2976,卖盘
808,13:17:26,9.92,--,9,8928,卖盘
809,13:17:11,9.92,--,22,21824,卖盘
810,13:17:06,9.92,-0.01,2,1984,卖盘
811,13:17:01,9.93,0.01,2,1986,买盘
812,13:16:56,9.92,--,46,45632,卖盘
813,13:16:46,9.92,--,2,1984,卖盘
814,13:16:36,9.92,--,4,3968,卖盘
815,13:16:31,9.92,-0.01,2,1984,卖盘
816,13:16:10,9.93,0.01,10,9930,买盘
817,13:16:01,9.92,--,1,992,卖盘
818,13:15:46,9.92,--,1,992,卖盘
819,13:15:31,9.92,--,3,2976,卖盘
820,13:15:05,9.92,--,14,13888,卖盘
821,13:15:01,9.92,--,50,49600,卖盘
822,13:14:50,9.92,--,28,27776,卖盘
823,13:14:30,9.92,-0.01,53,52576,卖盘
824,13:14:26,9.93,0.01,176,174768,买盘
825,13:14:11,9.92,-0.01,3,2976,卖盘
826,13:14:05,9.93,--,9,8937,买盘
827,13:14:01,9.93,0.01,24,23832,买盘
828,13:13:35,9.92,--,32,31744,卖盘
829,13:13:31,9.92,-0.01,3,2976,卖盘
830,13:13:26,9.93,0.01,6,5958,买盘
831,13:13:05,9.92,-0.01,1,992,卖盘
832,13:13:01,9.93,0.01,1,993,买盘
833,13:12:40,9.92,--,1,992,卖盘
834,13:12:35,9.92,--,2,1984,卖盘
835,13:12:10,9.92,--,31,30752,卖盘
836,13:12:05,9.92,--,4,3968,卖盘
837,13:11:55,9.92,--,10,9920,卖盘
838,13:11:50,9.92,-0.01,1,992,卖盘
839,13:11:41,9.93,--,53,52629,买盘
840,13:11:35,9.93,0.01,7,6951,买盘
841,13:11:25,9.92,-0.01,1,992,卖盘
842,13:11:10,9.93,0.01,53,52629,买盘
843,13:11:05,9.92,--,4,3968,卖盘
844,13:10:58,9.92,--,0,0,卖盘
845,13:10:50,9.92,-0.02,1,992,卖盘
846,13:10:40,9.94,0.02,61,60634,买盘
847,13:10:35,9.92,--,6,5952,卖盘
848,13:10:30,9.92,--,11,10912,卖盘
849,13:10:15,9.92,-0.02,9,8928,卖盘
850,13:10:10,9.94,0.02,53,52682,买盘
851,13:10:05,9.92,--,12,11904,卖盘
852,13:09:55,9.92,-0.01,9,8928,卖盘
853,13:09:44,9.93,0.01,53,52629,买盘
854,13:09:40,9.92,--,37,36704,卖盘
855,13:09:35,9.92,--,2,1984,卖盘
856,13:09:30,9.92,--,9,8928,卖盘
857,13:09:20,9.92,--,11,10912,卖盘
858,13:09:10,9.92,--,9,8928,卖盘
859,13:09:04,9.92,-0.01,11,10912,卖盘
860,13:08:59,9.93,0.01,5,4965,买盘
861,13:08:55,9.92,--,10,9920,卖盘
862,13:08:49,9.92,-0.01,10,9920,卖盘
863,13:08:40,9.93,0.01,19,18867,买盘
864,13:08:34,9.92,--,93,92256,卖盘
865,13:08:30,9.92,--,10,9920,卖盘
866,13:08:24,9.92,--,9,8928,卖盘
867,13:08:19,9.92,--,9,8928,卖盘
868,13:08:05,9.92,--,36,35712,卖盘
869,13:07:55,9.92,--,9,8928,卖盘
870,13:07:44,9.92,--,9,8928,卖盘
871,13:07:34,9.92,--,37,36704,卖盘
872,13:07:19,9.92,--,9,8928,卖盘
873,13:07:09,9.92,--,9,8928,卖盘
874,13:06:59,9.92,--,23,22816,卖盘
875,13:06:49,9.92,--,9,8928,卖盘
876,13:06:39,9.92,--,0,0,卖盘
877,13:06:34,9.92,--,12,11904,卖盘
878,13:06:25,9.92,--,36,35712,卖盘
879,13:06:19,9.92,--,10,9920,卖盘
880,13:06:04,9.92,--,17,16864,卖盘
881,13:05:59,9.92,--,11,10912,卖盘
882,13:05:55,9.92,--,9,8928,卖盘
883,13:05:40,9.92,-0.01,9,8928,卖盘
884,13:05:34,9.93,--,34,33762,卖盘
885,13:05:19,9.93,--,9,8937,卖盘
886,13:05:04,9.93,--,26,25818,卖盘
887,13:04:59,9.93,0.01,85,84405,买盘
888,13:04:49,9.92,-0.01,10,9920,卖盘
889,13:04:44,9.93,0.01,26,25818,买盘
890,13:04:34,9.92,--,41,40672,卖盘
891,13:04:23,9.92,--,9,8928,卖盘
892,13:04:19,9.92,--,0,0,卖盘
893,13:04:13,9.92,--,9,8928,卖盘
894,13:03:59,9.92,--,13,12896,卖盘
895,13:03:49,9.92,--,10,9920,卖盘
896,13:03:38,9.92,--,35,34720,卖盘
897,13:03:34,9.92,--,2,1984,卖盘
898,13:03:29,9.92,--,9,8928,卖盘
899,13:03:19,9.92,--,9,8928,卖盘
900,13:03:08,9.92,-0.01,10,9920,卖盘
901,13:03:04,9.93,--,23,22839,卖盘
902,13:02:59,9.93,--,8,7944,卖盘
903,13:02:54,9.93,--,3,2979,卖盘
904,13:02:49,9.93,--,40,39720,卖盘
905,13:02:43,9.93,--,10,9930,卖盘
906,13:02:34,9.93,--,11,10923,卖盘
907,13:02:19,9.93,-0.01,9,8937,卖盘
908,13:02:14,9.94,0.01,32,31808,买盘
909,13:02:04,9.93,--,9,8937,卖盘
910,13:01:58,9.93,--,4,3972,卖盘
911,13:01:49,9.93,--,13,12909,卖盘
912,13:01:38,9.93,--,9,8937,卖盘
913,13:01:34,9.93,--,7,6951,卖盘
914,13:01:29,9.93,--,10,9930,卖盘
915,13:01:14,9.93,-0.01,9,8937,卖盘
916,13:01:08,9.94,0.01,27,26838,买盘
917,13:01:04,9.93,--,9,8937,卖盘
918,13:00:54,9.93,--,10,9930,卖盘
919,13:00:48,9.93,--,6,5958,卖盘
920,13:00:23,9.93,--,9,8937,卖盘
921,13:00:18,9.93,--,9,8937,卖盘
922,13:00:04,9.93,--,73,72498,卖盘
923,11:30:00,9.93,--,0,0,卖盘
924,11:29:59,9.93,--,0,0,卖盘
925,11:29:59,9.93,--,34,33762,卖盘
926,11:29:55,9.93,--,25,24825,卖盘
927,11:29:50,9.93,--,8,7944,卖盘
928,11:29:40,9.93,-0.01,9,8937,卖盘
929,11:29:35,9.94,0.01,8,7952,买盘
930,11:29:30,9.93,-0.01,12,11916,卖盘
931,11:29:20,9.94,--,23,22862,买盘
932,11:29:15,9.94,--,11,10934,买盘
933,11:29:10,9.94,--,137,136178,买盘
934,11:29:05,9.94,0.01,2,1988,买盘
935,11:28:55,9.93,--,8,7944,卖盘
936,11:28:50,9.93,-0.01,14,13902,卖盘
937,11:28:45,9.94,0.01,1,994,买盘
938,11:28:35,9.93,--,20,19860,卖盘
939,11:28:30,9.93,0.01,9,8937,买盘
940,11:28:20,9.92,-0.01,9,8928,卖盘
941,11:28:15,9.93,0.01,48,47664,买盘
942,11:28:10,9.92,-0.01,9,8928,卖盘
943,11:28:05,9.93,--,43,42699,买盘
944,11:27:45,9.93,0.01,20,19860,买盘
945,11:27:40,9.92,-0.01,29,28768,卖盘
946,11:27:35,9.93,0.01,43,42699,买盘
947,11:27:30,9.92,-0.01,3,2976,卖盘
948,11:27:10,9.93,--,32,31776,买盘
949,11:27:04,9.93,--,47,46671,买盘
950,11:26:50,9.93,--,1,993,买盘
951,11:26:40,9.93,0.01,30,29790,买盘
952,11:26:35,9.92,-0.01,2,1984,卖盘
953,11:26:25,9.93,0.01,28,27804,买盘
954,11:25:44,9.92,--,1,992,卖盘
955,11:25:35,9.92,-0.01,7,6944,卖盘
956,11:25:20,9.93,--,2,1986,买盘
957,11:24:54,9.93,0.01,30,29790,买盘
958,11:24:50,9.92,-0.01,3,2976,卖盘
959,11:24:35,9.93,--,35,34755,买盘
960,11:24:24,9.93,0.01,28,27804,买盘
961,11:24:05,9.92,--,7,6944,卖盘
962,11:23:54,9.92,--,3,2976,卖盘
963,11:23:34,9.92,-0.01,2,1984,卖盘
964,11:23:29,9.93,0.01,86,85398,买盘
965,11:22:54,9.92,-0.01,30,29760,卖盘
966,11:22:50,9.93,0.01,28,27804,买盘
967,11:22:34,9.92,--,13,12896,卖盘
968,11:22:24,9.92,--,8,7936,卖盘
969,11:22:14,9.92,--,70,69638,卖盘
970,11:22:04,9.92,--,7,6944,卖盘
971,11:21:54,9.92,--,5,4960,卖盘
972,11:21:49,9.92,--,7,6944,卖盘
973,11:21:39,9.92,-0.01,7,6944,卖盘
974,11:21:34,9.93,0.01,25,24825,买盘
975,11:21:29,9.92,--,7,6944,卖盘
976,11:21:18,9.92,-0.01,8,7936,卖盘
977,11:21:09,9.93,0.01,92,91356,买盘
978,11:21:04,9.92,--,12,11904,卖盘
979,11:20:59,9.92,--,3,2976,卖盘
980,11:20:54,9.92,--,8,7936,卖盘
981,11:20:49,9.92,--,7,6944,卖盘
982,11:20:33,9.92,--,11,10912,卖盘
983,11:20:28,9.92,--,3,3571,卖盘
984,11:20:24,9.92,--,7,6944,卖盘
985,11:20:09,9.92,--,55,54560,卖盘
986,11:20:04,9.92,--,12,11904,卖盘
987,11:19:49,9.92,--,8,7936,卖盘
988,11:19:38,9.92,--,7,6944,卖盘
989,11:19:34,9.92,--,6,5952,卖盘
990,11:19:29,9.92,-0.01,8,7936,卖盘
991,11:19:19,9.93,--,70,69510,买盘
992,11:19:13,9.93,0.01,63,62559,买盘
993,11:19:04,9.92,-0.01,13,12896,卖盘
994,11:18:59,9.93,0.01,23,22839,买盘
995,11:18:49,9.92,--,19,18848,卖盘
996,11:18:34,9.92,--,11,10912,卖盘
997,11:18:23,9.92,-0.02,19,18848,卖盘
998,11:18:19,9.94,0.01,24,23856,买盘
999,11:18:14,9.93,--,64,63552,买盘
1000,11:18:04,9.93,0.01,51,50643,买盘
1001,11:17:48,9.92,--,7,6944,卖盘
1002,11:17:43,9.92,-0.01,8,7936,卖盘
1003,11:17:38,9.93,0.01,34,33762,买盘
1004,11:17:34,9.92,--,2,1984,卖盘
1005,11:17:28,9.92,--,7,6944,卖盘
1006,11:17:14,9.92,-0.01,8,7936,卖盘
1007,11:17:08,9.93,0.01,37,36741,买盘
1008,11:17:03,9.92,--,7,6944,卖盘
1009,11:16:59,9.92,--,10,9920,卖盘
1010,11:16:42,9.92,--,8,7936,卖盘
1011,11:16:33,9.92,--,75,74400,卖盘
1012,11:16:28,9.92,--,5,4960,卖盘
1013,11:16:23,9.92,--,7,6944,卖盘
1014,11:16:13,9.92,--,11,10912,卖盘
1015,11:16:03,9.92,-0.01,7,6944,卖盘
1016,11:15:58,9.93,0.01,27,26811,买盘
1017,11:15:48,9.92,-0.01,8,7936,卖盘
1018,11:15:43,9.93,--,11,10923,买盘
1019,11:15:33,9.93,0.01,15,14895,买盘
1020,11:15:28,9.92,--,7,6944,卖盘
1021,11:15:13,9.92,-0.01,101,100628,卖盘
1022,11:15:03,9.93,--,42,42262,卖盘
1023,11:14:58,9.93,-0.01,7,6951,卖盘
1024,11:14:53,9.94,0.01,34,33796,买盘
1025,11:14:48,9.93,--,44,43692,卖盘
1026,11:14:33,9.93,-0.01,21,20853,卖盘
1027,11:14:23,9.94,0.01,34,33796,买盘
1028,11:14:18,9.93,--,7,6951,卖盘
1029,11:14:13,9.93,--,11,10923,卖盘
1030,11:14:03,9.93,-0.01,8,7944,卖盘
1031,11:13:53,9.94,0.01,41,40754,买盘
1032,11:13:43,9.93,0.01,1,993,中性盘
1033,11:13:37,9.92,-0.01,23,22816,卖盘
1034,11:13:33,9.93,--,7,6951,卖盘
1035,11:13:28,9.93,-0.01,9,8937,卖盘
1036,11:13:23,9.94,0.01,34,33796,买盘
1037,11:13:18,9.93,--,7,6951,卖盘
1038,11:13:07,9.93,0.01,23,22839,中性盘
1039,11:13:03,9.92,--,23,22816,卖盘
1040,11:12:58,9.92,-0.01,21,20832,卖盘
1041,11:12:53,9.93,0.01,5,4965,卖盘
1042,11:12:43,9.92,-0.01,20,19840,卖盘
1043,11:12:38,9.93,0.01,7,6951,卖盘
1044,11:12:32,9.92,--,2,1984,卖盘
1045,11:12:22,9.92,--,7,6944,卖盘
1046,11:12:13,9.92,--,12,11904,卖盘
1047,11:12:07,9.92,--,28,27776,卖盘
1048,11:11:52,9.92,--,7,6944,卖盘
1049,11:11:47,9.92,--,60,59520,卖盘
1050,11:11:37,9.92,--,8,7936,卖盘
1051,11:11:32,9.92,-0.02,3,2976,卖盘
1052,11:11:28,9.94,0.02,7,6958,买盘
1053,11:11:23,9.92,--,0,0,卖盘
1054,11:11:17,9.92,-0.02,8,7936,卖盘
1055,11:11:13,9.94,0.01,1,994,买盘
1056,11:11:07,9.93,0.01,14,13902,卖盘
1057,11:10:57,9.92,--,0,0,卖盘
1058,11:10:52,9.92,-0.02,8,7936,卖盘
1059,11:10:42,9.94,0.02,8,7952,买盘
1060,11:10:38,9.92,--,4,3968,卖盘
1061,11:10:32,9.92,--,25,24800,卖盘
1062,11:10:23,9.92,-0.02,6,5952,卖盘
1063,11:10:12,9.94,0.02,8,7952,买盘
1064,11:10:07,9.92,--,15,14880,卖盘
1065,11:09:57,9.92,-0.01,7,6944,卖盘
1066,11:09:52,9.93,--,32,31776,卖盘
1067,11:09:37,9.93,--,26,25818,卖盘
1068,11:09:32,9.93,0.01,40,39720,买盘
1069,11:09:27,9.92,--,7,6944,卖盘
1070,11:09:17,9.92,--,7,6944,卖盘
1071,11:09:07,9.92,--,11,10912,卖盘
1072,11:09:02,9.92,-0.01,91,90272,卖盘
1073,11:08:57,9.93,0.01,8,7944,买盘
1074,11:08:52,9.92,-0.01,52,51584,卖盘
1075,11:08:42,9.93,--,12,11916,买盘
1076,11:08:37,9.93,0.01,29,28797,买盘
1077,11:08:32,9.92,--,86,85312,卖盘
1078,11:08:27,9.92,--,107,106144,卖盘
1079,11:08:12,9.92,--,50,49600,卖盘
1080,11:08:07,9.92,-0.01,7,6944,卖盘
1081,11:08:02,9.93,0.01,77,76461,买盘
1082,11:07:57,9.92,-0.01,23,22816,卖盘
1083,11:07:52,9.93,--,237,235341,卖盘
1084,11:07:46,9.93,--,7,6951,卖盘
1085,11:07:42,9.93,--,34,33762,卖盘
1086,11:07:37,9.93,--,61,60573,卖盘
1087,11:07:32,9.93,--,158,156894,卖盘
1088,11:07:27,9.93,--,7,6951,卖盘
1089,11:07:17,9.93,--,21,20853,卖盘
1090,11:07:12,9.93,--,7,6951,卖盘
1091,11:07:02,9.93,--,7,6951,卖盘
1092,11:06:57,9.93,-0.01,12,11916,卖盘
1093,11:06:51,9.94,0.01,123,122262,买盘
1094,11:06:42,9.93,--,19,18867,卖盘
1095,11:06:32,9.93,--,2,1986,卖盘
1096,11:06:27,9.93,--,28,27804,卖盘
1097,11:06:07,9.93,--,4,3972,卖盘
1098,11:05:52,9.93,--,236,234348,卖盘
1099,11:05:42,9.93,--,16,15888,卖盘
1100,11:05:32,9.93,-0.01,47,46671,卖盘
1101,11:05:26,9.94,--,49,48706,买盘
1102,11:05:22,9.94,--,182,180908,买盘
1103,11:05:17,9.94,--,466,463204,买盘
1104,11:05:11,9.94,--,24,23856,买盘
1105,11:05:07,9.94,0.01,94,93436,买盘
1106,11:05:01,9.93,--,84,83412,卖盘
1107,11:04:56,9.93,--,5,4965,卖盘
1108,11:04:37,9.93,--,4,3972,卖盘
1109,11:04:32,9.93,--,3,2979,卖盘
1110,11:04:06,9.93,--,96,95328,卖盘
1111,11:04:02,9.93,--,54,53622,卖盘
1112,11:03:52,9.93,--,65,64545,卖盘
1113,11:03:32,9.93,-0.01,2,1986,卖盘
1114,11:03:26,9.94,0.01,49,48706,买盘
1115,11:03:16,9.93,--,21,20853,卖盘
1116,11:03:07,9.93,-0.01,16,15888,卖盘
1117,11:02:46,9.94,--,205,203770,买盘
1118,11:02:31,9.94,--,70,69580,买盘
1119,11:02:16,9.94,--,2,1988,买盘
1120,11:02:11,9.94,--,53,52682,买盘
1121,11:02:07,9.94,0.01,1,994,买盘
1122,11:02:01,9.93,-0.01,63,62559,卖盘
1123,11:01:51,9.94,0.01,49,48706,买盘
1124,11:01:46,9.93,-0.01,17,16881,卖盘
1125,11:01:37,9.94,0.01,73,72562,买盘
1126,11:01:31,9.93,-0.01,1307,1297851,卖盘
1127,11:01:16,9.94,--,50,49700,买盘
1128,11:01:06,9.94,0.01,74,73556,买盘
1129,11:01:01,9.93,0.01,536,532248,买盘
1130,11:00:56,9.92,-0.01,99,98208,卖盘
1131,11:00:51,9.93,0.01,90,89370,买盘
1132,11:00:46,9.92,--,62,61504,买盘
1133,11:00:36,9.92,--,195,193440,卖盘
1134,11:00:31,9.92,-0.01,16,15872,卖盘
1135,11:00:26,9.93,--,85,84405,买盘
1136,11:00:21,9.93,--,123,122139,买盘
1137,11:00:16,9.93,--,6,5958,买盘
1138,11:00:06,9.93,0.01,154,152922,买盘
1139,11:00:01,9.92,--,0,0,买盘
1140,10:59:56,9.92,--,54,53568,买盘
1141,10:59:51,9.92,0.02,3,2976,买盘
1142,10:59:31,9.9,-0.02,29,28710,卖盘
1143,10:59:11,9.92,0.01,28,27776,买盘
1144,10:59:01,9.91,-0.01,24,23784,卖盘
1145,10:58:46,9.92,0.01,1,992,买盘
1146,10:58:41,9.91,--,1,991,卖盘
1147,10:58:35,9.91,-0.01,4,3964,卖盘
1148,10:58:31,9.92,0.02,25,24800,买盘
1149,10:58:26,9.9,--,0,0,卖盘
1150,10:58:16,9.9,--,234,231660,卖盘
1151,10:58:11,9.9,-0.01,17,16830,卖盘
1152,10:58:05,9.91,--,132,130812,卖盘
1153,10:58:01,9.91,-0.01,4,3964,卖盘
1154,10:57:50,9.92,-0.01,33,32736,买盘
1155,10:57:41,9.93,--,21,20853,买盘
1156,10:57:35,9.93,0.02,17,16881,买盘
1157,10:57:31,9.91,--,3,2973,卖盘
1158,10:57:05,9.91,--,24,23784,卖盘
1159,10:56:55,9.91,-0.02,13,12883,卖盘
1160,10:56:45,9.93,0.02,21,20853,买盘
1161,10:56:30,9.91,-0.02,30,29730,卖盘
1162,10:56:25,9.93,0.02,16,15888,买盘
1163,10:56:20,9.91,-0.01,345,341895,卖盘
1164,10:56:16,9.92,-0.01,21,20832,卖盘
1165,10:55:55,9.93,0.02,27,26811,买盘
1166,10:55:45,9.91,--,0,0,卖盘
1167,10:55:35,9.91,--,4,3964,卖盘
1168,10:55:30,9.91,-0.02,3,2973,卖盘
1169,10:55:15,9.93,--,16,15888,买盘
1170,10:55:09,9.93,0.03,48,47664,买盘
1171,10:55:00,9.9,--,0,0,卖盘
1172,10:54:50,9.9,--,16,15840,卖盘
1173,10:54:30,9.9,--,2,1980,卖盘
1174,10:54:25,9.9,-0.01,124,122760,卖盘
1175,10:54:20,9.91,--,23,22793,买盘
1176,10:54:15,9.91,--,219,217029,卖盘
1177,10:54:05,9.91,-0.02,116,114956,卖盘
1178,10:54:00,9.93,0.01,16,15888,买盘
1179,10:53:50,9.92,0.01,20,19840,中性盘
1180,10:53:30,9.91,-0.02,3,2973,卖盘
1181,10:53:09,9.93,--,23,22839,买盘
1182,10:52:50,9.93,0.02,16,15888,买盘
1183,10:52:45,9.91,--,4,3964,卖盘
1184,10:52:35,9.91,--,4,3964,卖盘
1185,10:52:30,9.91,-0.02,2,1982,卖盘
1186,10:52:25,9.93,--,0,0,买盘
1187,10:52:20,9.93,--,334,331662,买盘
1188,10:52:04,9.93,0.02,317,314781,买盘
1189,10:52:00,9.91,--,89,88199,卖盘
1190,10:51:44,9.91,-0.02,13,12883,卖盘
1191,10:51:40,9.93,0.02,259,257187,买盘
1192,10:51:34,9.91,--,33,32703,买盘
1193,10:51:29,9.91,-0.01,32,31712,卖盘
1194,10:51:25,9.92,-0.01,61,60512,卖盘
1195,10:51:14,9.93,0.01,16,15888,买盘
1196,10:51:04,9.92,--,4,3968,卖盘
1197,10:50:44,9.92,--,1,992,卖盘
1198,10:50:40,9.92,--,22,21824,卖盘
1199,10:50:35,9.92,--,2,1984,卖盘
1200,10:50:24,9.92,--,59,58528,卖盘
1201,10:50:09,9.92,--,502,497984,买盘
1202,10:50:05,9.92,--,49,48608,买盘
1203,10:49:54,9.92,--,39,38688,买盘
1204,10:49:50,9.92,0.01,80,79360,买盘
1205,10:49:44,9.91,-0.01,8,7928,卖盘
1206,10:49:34,9.92,0.01,75,74400,买盘
1207,10:49:24,9.91,--,50,49550,卖盘
1208,10:49:14,9.91,--,1,991,卖盘
1209,10:49:09,9.91,0.01,134,133388,买盘
1210,10:48:39,9.9,--,8,7920,卖盘
1211,10:48:34,9.9,--,3,2970,卖盘
1212,10:48:04,9.9,--,19,18810,卖盘
1213,10:47:39,9.9,--,5,4950,卖盘
1214,10:47:34,9.9,-0.01,112,110880,卖盘
1215,10:47:14,9.91,--,15,14865,买盘
1216,10:47:09,9.91,0.01,26,25766,买盘
1217,10:47:04,9.9,--,12,11880,卖盘
1218,10:46:39,9.9,--,22,21780,卖盘
1219,10:46:34,9.9,-0.01,7,6930,卖盘
1220,10:46:24,9.91,-0.01,299,296309,卖盘
1221,10:46:19,9.92,--,0,0,买盘
1222,10:46:14,9.92,0.02,12,11904,买盘
1223,10:45:58,9.9,-0.01,364,360360,卖盘
1224,10:45:44,9.91,--,33,32703,卖盘
1225,10:45:39,9.91,--,50,49550,卖盘
1226,10:45:34,9.91,-0.01,2,1982,卖盘
1227,10:45:24,9.92,--,16,15872,买盘
1228,10:45:14,9.92,0.01,437,433900,买盘
1229,10:45:08,9.91,--,454,449914,买盘
1230,10:45:04,9.91,--,94,93154,买盘
1231,10:44:59,9.91,0.01,1,991,买盘
1232,10:44:49,9.9,--,56,55440,卖盘
1233,10:44:34,9.9,--,129,127710,卖盘
1234,10:43:48,9.9,--,72,71280,卖盘
1235,10:43:33,9.9,--,6,5940,卖盘
1236,10:43:18,9.9,-0.01,74,73260,卖盘
1237,10:43:14,9.91,--,217,215047,买盘
1238,10:42:52,9.91,0.01,3,2973,买盘
1239,10:42:44,9.9,--,20,19800,卖盘
1240,10:42:33,9.9,--,3,2970,卖盘
1241,10:42:03,9.9,-0.01,4,3960,卖盘
1242,10:41:48,9.91,--,663,657033,卖盘
1243,10:41:43,9.91,-0.01,12,11892,卖盘
1244,10:41:33,9.92,0.01,25,24800,买盘
1245,10:41:18,9.91,--,85,84235,卖盘
1246,10:41:08,9.91,--,89,88199,卖盘
1247,10:40:48,9.91,--,200,198200,卖盘
1248,10:40:43,9.91,--,1,991,卖盘
1249,10:40:33,9.91,-0.01,6,5946,卖盘
1250,10:40:23,9.92,0.01,12,11904,买盘
1251,10:39:43,9.91,--,11,10901,卖盘
1252,10:39:33,9.91,--,3,2973,卖盘
1253,10:39:13,9.91,--,9,8919,卖盘
1254,10:39:03,9.91,--,4,3964,卖盘
1255,10:38:57,9.91,-0.01,320,317120,卖盘
1256,10:38:53,9.92,0.01,10,9920,买盘
1257,10:38:43,9.91,--,12,11892,卖盘
1258,10:38:33,9.91,--,2,1982,卖盘
1259,10:38:02,9.91,-0.01,87,86217,卖盘
1260,10:37:58,9.92,--,278,275776,买盘
1261,10:37:52,9.92,0.01,23,22816,买盘
1262,10:37:42,9.91,--,4,3964,卖盘
1263,10:37:37,9.91,--,4,3964,卖盘
1264,10:37:32,9.91,-0.01,3,2973,卖盘
1265,10:37:22,9.92,0.01,1,992,买盘
1266,10:37:12,9.91,--,110,109010,买盘
1267,10:37:07,9.91,--,1,991,买盘
1268,10:37:01,9.91,0.01,9,8919,买盘
1269,10:36:43,9.9,--,3,2970,卖盘
1270,10:36:32,9.9,--,2,1980,卖盘
1271,10:36:08,9.9,--,4,3960,卖盘
1272,10:35:47,9.9,--,107,105930,卖盘
1273,10:35:42,9.9,-0.01,18,17820,卖盘
1274,10:35:38,9.91,--,243,240813,卖盘
1275,10:35:32,9.91,--,3,2973,卖盘
1276,10:35:16,9.91,--,45,44595,卖盘
1277,10:35:06,9.91,-0.01,96,95136,卖盘
1278,10:35:01,9.92,--,10,9920,买盘
1279,10:34:57,9.92,--,173,171616,买盘
1280,10:34:53,9.92,0.01,27,26784,买盘
1281,10:34:42,9.91,--,2,1982,卖盘
1282,10:34:37,9.91,--,4,3964,卖盘
1283,10:34:32,9.91,-0.01,2,1982,卖盘
1284,10:34:22,9.92,--,18,17856,买盘
1285,10:34:17,9.92,0.01,42,41664,买盘
1286,10:33:42,9.91,--,1,991,卖盘
1287,10:33:32,9.91,--,3,2973,卖盘
1288,10:33:07,9.91,--,4,3964,卖盘
1289,10:32:52,9.91,--,0,0,中性盘
1290,10:32:46,9.91,--,0,0,卖盘
1291,10:32:42,9.91,--,3,2973,卖盘
1292,10:32:31,9.91,0.01,2,1982,卖盘
1293,10:32:06,9.9,--,0,0,卖盘
1294,10:31:46,9.9,--,78,78091,卖盘
1295,10:31:42,9.9,-0.01,17,16830,卖盘
1296,10:31:37,9.91,--,82,81262,卖盘
1297,10:31:31,9.91,-0.01,66,65406,卖盘
1298,10:31:17,9.92,--,20,19840,买盘
1299,10:31:11,9.92,-0.01,181,179710,卖盘
1300,10:31:07,9.93,0.01,225,224259,买盘
1301,10:30:47,9.92,-0.01,8,7936,卖盘
1302,10:30:40,9.93,0.01,5,4965,买盘
1303,10:30:32,9.92,-0.01,3,2976,卖盘
1304,10:30:10,9.93,0.01,23,22839,买盘
1305,10:30:07,9.92,--,174,172608,卖盘
1306,10:29:47,9.92,--,26,25792,卖盘
1307,10:29:40,9.92,--,19,18848,卖盘
1308,10:29:36,9.92,--,16,15872,卖盘
1309,10:29:31,9.92,--,34,34015,买盘
1310,10:29:21,9.92,--,42,41664,买盘
1311,10:29:11,9.92,--,128,126976,买盘
1312,10:29:07,9.92,--,42,41664,买盘
1313,10:29:01,9.92,--,134,132928,卖盘
1314,10:28:51,9.92,--,40,39680,卖盘
1315,10:28:36,9.92,--,202,200384,卖盘
1316,10:28:32,9.92,--,88,87296,买盘
1317,10:28:21,9.92,--,1,992,买盘
1318,10:28:16,9.92,--,122,121024,买盘
1319,10:28:06,9.92,--,54,53568,买盘
1320,10:28:01,9.92,--,77,76384,买盘
1321,10:27:56,9.92,--,113,112096,买盘
1322,10:27:51,9.92,--,20,19840,买盘
1323,10:27:36,9.92,--,119,118048,买盘
1324,10:27:31,9.92,--,221,219232,买盘
1325,10:27:21,9.92,--,12,11904,买盘
1326,10:27:16,9.92,0.01,166,164672,买盘
1327,10:27:10,9.91,--,12,11892,买盘
1328,10:27:06,9.91,--,118,116938,买盘
1329,10:27:01,9.91,--,72,71352,买盘
1330,10:26:55,9.91,0.01,253,250723,买盘
1331,10:26:51,9.9,--,68,67320,卖盘
1332,10:26:36,9.9,--,42,41580,卖盘
1333,10:26:30,9.9,--,3,2970,卖盘
1334,10:25:36,9.9,--,21,20790,卖盘
1335,10:25:30,9.9,-0.01,115,113850,卖盘
1336,10:25:25,9.91,0.01,42,41622,买盘
1337,10:25:06,9.9,0.01,14,13860,买盘
1338,10:25:01,9.89,-0.01,41,40549,卖盘
1339,10:24:56,9.9,--,101,99990,买盘
1340,10:24:51,9.9,-0.01,100,99000,中性盘
1341,10:24:45,9.91,0.01,141,139731,买盘
1342,10:24:31,9.9,-0.01,16,15840,卖盘
1343,10:24:25,9.91,0.01,24,23784,买盘
1344,10:24:10,9.9,0.01,109,108306,买盘
1345,10:24:06,9.89,-0.01,4,3956,卖盘
1346,10:23:55,9.9,--,101,99990,买盘
1347,10:23:45,9.9,0.01,93,92070,买盘
1348,10:23:40,9.89,--,100,98900,卖盘
1349,10:23:31,9.89,-0.01,10,9890,卖盘
1350,10:23:10,9.9,--,116,114840,买盘
1351,10:22:55,9.9,--,101,99990,买盘
1352,10:22:45,9.9,0.01,11,10890,买盘
1353,10:22:35,9.89,--,4,3956,卖盘
1354,10:22:30,9.89,--,2,1978,卖盘
1355,10:22:25,9.89,--,7,6923,卖盘
1356,10:22:19,9.89,--,177,175053,卖盘
1357,10:22:00,9.89,--,13,12857,卖盘
1358,10:21:30,9.89,--,3,2967,卖盘
1359,10:21:25,9.89,--,30,29670,卖盘
1360,10:21:04,9.89,-0.01,4,3956,卖盘
1361,10:20:55,9.9,--,889,880704,卖盘
1362,10:20:40,9.9,--,28,27720,卖盘
1363,10:20:35,9.9,--,27,26730,卖盘
1364,10:20:30,9.9,--,47,46530,卖盘
1365,10:20:25,9.9,--,18,17820,卖盘
1366,10:20:19,9.9,--,30,29700,卖盘
1367,10:20:04,9.9,--,28,27720,卖盘
1368,10:20:00,9.9,--,24,23760,卖盘
1369,10:19:49,9.9,-0.01,28,27720,卖盘
1370,10:19:45,9.91,--,12,11892,买盘
1371,10:19:40,9.91,0.01,8,7928,买盘
1372,10:19:34,9.9,--,46,45540,卖盘
1373,10:19:30,9.9,-0.01,5,4950,卖盘
1374,10:18:50,9.91,0.01,55,54505,买盘
1375,10:18:30,9.9,-0.01,6,5940,卖盘
1376,10:18:24,9.91,--,16,15856,买盘
1377,10:18:14,9.91,--,21,20949,卖盘
1378,10:18:05,9.91,--,19,18829,卖盘
1379,10:17:34,9.91,0.01,40,40492,买盘
1380,10:17:25,9.9,-0.01,26,25740,卖盘
1381,10:17:04,9.91,--,719,712529,买盘
1382,10:16:49,9.91,0.01,32,31712,买盘
1383,10:16:40,9.9,--,101,99990,卖盘
1384,10:16:34,9.9,--,6,5940,卖盘
1385,10:16:25,9.9,--,9,8910,卖盘
1386,10:16:04,9.9,--,228,225720,卖盘
1387,10:15:49,9.9,--,54,53460,卖盘
1388,10:15:39,9.9,--,9,8910,卖盘
1389,10:15:34,9.9,--,2,1980,卖盘
1390,10:15:24,9.9,--,1,990,卖盘
1391,10:15:19,9.9,--,2,1980,卖盘
1392,10:15:05,9.9,-0.01,4,3960,卖盘
1393,10:14:49,9.91,0.01,23,22793,买盘
1394,10:14:39,9.9,--,34,33660,卖盘
1395,10:14:34,9.9,--,3,2970,卖盘
1396,10:14:19,9.9,--,4,3960,卖盘
1397,10:14:09,9.9,--,50,49500,卖盘
1398,10:14:04,9.9,--,40,39600,卖盘
1399,10:13:34,9.9,-0.01,6,5940,卖盘
1400,10:13:24,9.91,--,31,30721,买盘
1401,10:13:04,9.91,0.01,5,4955,买盘
1402,10:12:54,9.9,--,181,179586,卖盘
1403,10:12:34,9.9,-0.01,3,2970,卖盘
1404,10:12:28,9.91,0.01,15,14865,买盘
1405,10:12:19,9.9,-0.01,3,2970,卖盘
1406,10:12:09,9.91,0.01,5,4955,买盘
1407,10:12:04,9.9,-0.01,4,3960,卖盘
1408,10:11:49,9.91,0.01,1,991,买盘
1409,10:11:34,9.9,-0.01,2,1980,卖盘
1410,10:11:28,9.91,--,24,23784,买盘
1411,10:11:24,9.91,--,30,29730,买盘
1412,10:11:19,9.91,--,1,991,买盘
1413,10:10:48,9.91,0.01,1,991,买盘
1414,10:10:34,9.9,-0.01,7,6930,卖盘
1415,10:10:19,9.91,--,1,991,买盘
1416,10:10:13,9.91,--,1,991,买盘
1417,10:09:48,9.91,0.01,1,991,买盘
1418,10:09:34,9.9,-0.01,2,1980,卖盘
1419,10:09:19,9.91,0.01,1,991,买盘
1420,10:09:14,9.9,--,3,2970,卖盘
1421,10:09:04,9.9,--,14,13860,卖盘
1422,10:08:48,9.9,-0.01,1,990,卖盘
1423,10:08:33,9.91,0.01,26,25766,买盘
1424,10:08:28,9.9,--,26,25740,卖盘
1425,10:08:18,9.9,--,5,4950,卖盘
1426,10:07:33,9.9,--,6,5940,卖盘
1427,10:07:22,9.9,-0.01,9,8910,卖盘
1428,10:07:07,9.91,0.01,100,99100,买盘
1429,10:06:43,9.9,-0.01,186,184140,卖盘
1430,10:06:33,9.91,0.01,25,24775,买盘
1431,10:06:22,9.9,--,1,990,卖盘
1432,10:06:03,9.9,-0.01,4,3960,卖盘
1433,10:05:43,9.91,0.01,10,9910,买盘
1434,10:05:33,9.9,--,3,2970,卖盘
1435,10:05:28,9.9,-0.01,1,990,卖盘
1436,10:05:03,9.91,--,5,4955,买盘
1437,10:04:48,9.91,0.01,1,991,买盘
1438,10:04:33,9.9,--,29,28710,卖盘
1439,10:04:28,9.9,--,5,4950,卖盘
1440,10:04:13,9.9,-0.01,51,50490,卖盘
1441,10:04:07,9.91,0.01,1,991,买盘
1442,10:03:31,9.9,--,3,2970,卖盘
1443,10:03:22,9.9,-0.01,7,6930,卖盘
1444,10:03:17,9.91,0.01,23,22793,买盘
1445,10:03:13,9.9,--,5,4950,买盘
1446,10:03:08,9.9,--,98,97020,卖盘
1447,10:02:58,9.9,--,19,18810,买盘
1448,10:02:32,9.9,--,52,51480,买盘
1449,10:02:27,9.9,--,126,125452,卖盘
1450,10:02:07,9.9,0.01,178,176497,买盘
1451,10:01:52,9.89,--,165,163936,买盘
1452,10:01:37,9.89,0.01,27,26703,买盘
1453,10:01:32,9.88,--,3,2964,卖盘
1454,10:01:27,9.88,-0.01,301,297388,卖盘
1455,10:01:12,9.89,0.01,62,61318,买盘
1456,10:01:07,9.88,--,3,2964,卖盘
1457,10:00:31,9.88,--,8,7904,卖盘
1458,10:00:27,9.88,-0.01,7,6916,卖盘
1459,10:00:07,9.89,0.01,29,28681,买盘
1460,09:59:31,9.88,--,3,2964,卖盘
1461,09:59:22,9.88,-0.01,2,1976,卖盘
1462,09:58:57,9.89,0.01,1,989,买盘
1463,09:58:42,9.88,-0.01,10,9880,卖盘
1464,09:58:37,9.89,0.01,26,25714,买盘
1465,09:58:31,9.88,--,2,1976,卖盘
1466,09:58:22,9.88,--,3,2964,卖盘
1467,09:58:16,9.88,--,16,15808,卖盘
1468,09:58:07,9.88,--,46,45448,买盘
1469,09:57:31,9.88,--,42,41496,买盘
1470,09:57:22,9.88,--,14,13832,买盘
1471,09:57:11,9.88,--,0,0,中性盘
1472,09:57:07,9.88,--,20,19760,卖盘
1473,09:56:52,9.88,--,10,9880,卖盘
1474,09:56:46,9.88,--,23,22724,卖盘
1475,09:56:31,9.88,--,3,2964,卖盘
1476,09:56:22,9.88,0.01,93,91884,买盘
1477,09:56:16,9.87,-0.01,21,20727,卖盘
1478,09:56:11,9.88,--,50,49400,买盘
1479,09:56:06,9.88,--,51,50388,买盘
1480,09:55:56,9.88,--,100,98800,买盘
1481,09:55:46,9.88,--,4,3952,买盘
1482,09:55:31,9.88,--,7,6916,买盘
1483,09:55:26,9.88,0.01,5,4940,买盘
1484,09:55:21,9.87,--,15,14804,卖盘
1485,09:55:16,9.87,--,131,129889,卖盘
1486,09:55:01,9.87,-0.01,26,25661,卖盘
1487,09:54:46,9.88,0.01,20,19760,买盘
1488,09:54:41,9.87,-0.01,79,77973,卖盘
1489,09:54:36,9.88,0.01,128,126464,买盘
1490,09:54:31,9.87,--,3,2960,卖盘
1491,09:54:21,9.87,-0.01,2,1973,卖盘
1492,09:54:11,9.88,0.01,5,4940,买盘
1493,09:53:55,9.87,--,19,18753,卖盘
1494,09:53:46,9.87,--,1,986,卖盘
1495,09:53:36,9.87,--,32,31583,卖盘
1496,09:53:31,9.87,--,2,1973,卖盘
1497,09:53:21,9.87,-0.01,1,986,卖盘
1498,09:53:16,9.88,--,20,19760,买盘
1499,09:53:00,9.88,0.01,1,988,买盘
1500,09:52:46,9.87,--,1,986,卖盘
1501,09:52:31,9.87,--,3,2960,卖盘
1502,09:52:21,9.87,-0.01,3,2960,卖盘
1503,09:52:06,9.88,0.01,2,1976,买盘
1504,09:51:31,9.87,-0.01,2,1973,卖盘
1505,09:51:25,9.88,--,32,31616,买盘
1506,09:51:20,9.88,0.01,3,2964,买盘
1507,09:51:15,9.87,--,69,68103,卖盘
1508,09:50:46,9.87,--,2,2566,买盘
1509,09:50:40,9.87,--,57,56653,卖盘
1510,09:50:30,9.87,--,502,495671,卖盘
1511,09:50:10,9.87,--,18,17766,卖盘
1512,09:49:55,9.87,0.01,0,394,买盘
1513,09:49:50,9.86,--,13,12818,卖盘
1514,09:49:46,9.86,--,43,42398,卖盘
1515,09:49:40,9.86,-0.01,153,150858,卖盘
1516,09:49:35,9.87,--,336,332224,卖盘
1517,09:49:30,9.87,--,22,21714,卖盘
1518,09:49:15,9.87,--,16,15791,卖盘
1519,09:48:55,9.87,--,300,296100,卖盘
1520,09:48:40,9.87,--,18,17766,卖盘
1521,09:48:35,9.87,--,40,39480,卖盘
1522,09:48:30,9.87,--,116,114491,卖盘
1523,09:48:25,9.87,-0.01,30,29609,卖盘
1524,09:48:15,9.88,0.01,30,29640,买盘
1525,09:48:10,9.87,-0.01,6,5921,卖盘
1526,09:48:05,9.88,--,23,22724,买盘
1527,09:47:55,9.88,0.01,100,98800,买盘
1528,09:47:45,9.87,-0.01,3,2960,卖盘
1529,09:47:40,9.88,--,20,19760,买盘
1530,09:47:30,9.88,0.01,8,7904,买盘
1531,09:47:15,9.87,--,10,9870,卖盘
1532,09:47:10,9.87,--,28,27635,卖盘
1533,09:47:00,9.87,-0.01,15,14804,卖盘
1534,09:46:55,9.88,--,15,14820,买盘
1535,09:46:49,9.88,--,5,4940,买盘
1536,09:46:45,9.88,0.01,340,335920,买盘
1537,09:46:34,9.87,--,10,9870,卖盘
1538,09:46:30,9.87,--,2,1973,卖盘
1539,09:46:25,9.87,--,145,143509,买盘
1540,09:46:19,9.87,0.01,73,72051,买盘
1541,09:46:09,9.86,-0.01,83,81838,卖盘
1542,09:46:04,9.87,0.01,5,4935,买盘
1543,09:46:00,9.86,-0.01,50,49300,卖盘
1544,09:45:54,9.87,--,10,9870,买盘
1545,09:45:45,9.87,--,109,107582,买盘
1546,09:45:39,9.87,--,80,78960,买盘
1547,09:45:34,9.87,0.01,9,8883,买盘
1548,09:45:30,9.86,-0.01,3,2958,卖盘
1549,09:45:19,9.87,--,56,55271,买盘
1550,09:45:15,9.87,--,460,454019,买盘
1551,09:45:10,9.87,--,22,21714,买盘
1552,09:45:04,9.87,--,271,267477,买盘
1553,09:44:55,9.87,--,49,48362,买盘
1554,09:44:49,9.87,0.01,105,103634,买盘
1555,09:44:45,9.86,-0.01,49,48314,卖盘
1556,09:44:40,9.87,--,10,9870,买盘
1557,09:44:34,9.87,--,25,24674,买盘
1558,09:44:25,9.87,--,20,19740,买盘
1559,09:44:19,9.87,--,1,986,买盘
1560,09:44:10,9.87,0.01,10,9870,买盘
1561,09:44:04,9.86,-0.01,27,26622,卖盘
1562,09:43:55,9.87,--,78,76986,买盘
1563,09:43:44,9.87,--,82,81526,卖盘
1564,09:43:40,9.87,--,457,451058,卖盘
1565,09:43:34,9.87,--,3,2960,卖盘
1566,09:43:24,9.87,-0.01,49,48362,卖盘
1567,09:43:19,9.88,0.01,208,205504,买盘
1568,09:43:09,9.87,--,2,1973,卖盘
1569,09:43:04,9.87,--,10,9870,卖盘
1570,09:42:44,9.87,-0.01,2,1973,卖盘
1571,09:42:39,9.88,--,7,6916,买盘
1572,09:42:34,9.88,--,26,25688,买盘
1573,09:42:24,9.88,0.01,10,9880,买盘
1574,09:42:09,9.87,--,2,1973,卖盘
1575,09:41:33,9.87,-0.01,7,6908,卖盘
1576,09:41:24,9.88,0.01,75,74100,买盘
1577,09:41:14,9.87,-0.01,13,12830,卖盘
1578,09:41:09,9.88,0.01,10,9880,买盘
1579,09:41:04,9.87,-0.01,70,69090,卖盘
1580,09:40:54,9.88,--,1,988,买盘
1581,09:40:49,9.88,0.01,24,23712,买盘
1582,09:40:44,9.87,--,42,41454,卖盘
1583,09:40:39,9.87,--,19,18753,卖盘
1584,09:40:33,9.87,-0.01,3,2960,卖盘
1585,09:40:29,9.88,0.01,21,20748,买盘
1586,09:40:24,9.87,--,159,156933,卖盘
1587,09:40:14,9.87,--,10,9870,卖盘
1588,09:40:09,9.87,--,49,48362,卖盘
1589,09:40:04,9.87,-0.01,67,66129,卖盘
1590,09:39:59,9.88,0.01,120,118560,中性盘
1591,09:39:54,9.87,-0.01,98,96725,卖盘
1592,09:39:48,9.88,-0.01,3,2964,卖盘
1593,09:39:34,9.89,0.01,26,25714,买盘
1594,09:39:13,9.88,--,24,23712,卖盘
1595,09:39:08,9.88,--,14,13832,买盘
1596,09:38:58,9.88,--,5,4940,买盘
1597,09:38:34,9.88,0.01,22,21736,买盘
1598,09:38:18,9.87,--,18,17766,卖盘
1599,09:38:13,9.87,-0.01,67,66129,卖盘
1600,09:38:08,9.88,--,10,9880,买盘
1601,09:38:03,9.88,0.01,50,49400,买盘
1602,09:37:49,9.87,0.01,21,21121,买盘
1603,09:37:43,9.86,-0.01,150,147900,卖盘
1604,09:37:34,9.87,0.01,16,15791,买盘
1605,09:37:23,9.86,-0.01,151,148886,卖盘
1606,09:37:13,9.87,--,187,184568,买盘
1607,09:37:03,9.87,--,23,22701,买盘
1608,09:36:58,9.87,0.01,125,123374,买盘
1609,09:36:53,9.86,--,54,53244,买盘
1610,09:36:48,9.86,--,103,101558,买盘
1611,09:36:43,9.86,--,128,126208,买盘
1612,09:36:38,9.86,--,521,513705,卖盘
1613,09:36:33,9.86,--,3,2958,卖盘
1614,09:36:28,9.86,-0.01,51,50286,卖盘
1615,09:36:23,9.87,-0.01,4,3947,买盘
1616,09:36:18,9.88,0.01,182,179816,买盘
1617,09:36:13,9.87,0.01,35,34545,卖盘
1618,09:36:03,9.86,--,38,37468,卖盘
1619,09:35:57,9.86,--,0,0,卖盘
1620,09:35:53,9.86,-0.02,73,71978,卖盘
1621,09:35:42,9.88,--,105,103740,买盘
1622,09:35:38,9.88,--,0,0,买盘
1623,09:35:33,9.88,0.02,61,60268,买盘
1624,09:35:27,9.86,-0.01,948,934728,卖盘
1625,09:35:23,9.87,-0.01,50,49349,卖盘
1626,09:35:18,9.88,0.01,51,50388,买盘
1627,09:35:13,9.87,-0.01,14,13817,卖盘
1628,09:35:08,9.88,--,37,36556,买盘
1629,09:35:03,9.88,0.01,13,12844,买盘
1630,09:34:57,9.87,-0.01,38,37506,卖盘
1631,09:34:53,9.88,--,21,21360,卖盘
1632,09:34:37,9.88,--,12,12231,买盘
1633,09:34:33,9.88,--,167,164996,卖盘
1634,09:34:23,9.88,--,60,59280,卖盘
1635,09:34:18,9.88,--,10,9880,卖盘
1636,09:34:12,9.88,-0.01,223,220324,卖盘
1637,09:33:57,9.89,--,1,989,买盘
1638,09:33:53,9.89,--,0,0,买盘
1639,09:33:48,9.89,0.01,38,37582,买盘
1640,09:33:42,9.88,--,20,19760,买盘
1641,09:33:38,9.88,-0.02,101,99788,卖盘
1642,09:33:33,9.9,0.02,72,71280,买盘
1643,09:33:28,9.88,--,49,48412,卖盘
1644,09:33:18,9.88,--,49,48412,卖盘
1645,09:33:12,9.88,--,20,19760,卖盘
1646,09:33:07,9.88,--,77,76076,卖盘
1647,09:33:02,9.88,--,538,531544,卖盘
1648,09:32:52,9.88,--,172,169936,卖盘
1649,09:32:42,9.88,--,168,165984,卖盘
1650,09:32:32,9.88,--,80,79040,卖盘
1651,09:32:17,9.88,-0.02,8,7904,卖盘
1652,09:32:12,9.9,0.02,120,118800,买盘
1653,09:32:02,9.88,--,19,18772,卖盘
1654,09:31:58,9.88,-0.02,250,247000,卖盘
1655,09:31:42,9.9,0.02,28,27720,买盘
1656,09:31:37,9.88,--,85,83980,卖盘
1657,09:31:32,9.88,--,52,51376,卖盘
1658,09:31:22,9.88,--,15,14820,卖盘
1659,09:31:12,9.88,-0.02,40,39520,卖盘
1660,09:31:07,9.9,--,161,159390,买盘
1661,09:30:52,9.9,0.02,79,78210,卖盘
1662,09:30:42,9.88,--,33,32604,卖盘
1663,09:30:37,9.88,-0.02,288,284544,卖盘
1664,09:30:17,9.9,-0.02,52,51480,卖盘
1665,09:30:12,9.92,--,30,29760,买盘
1666,09:30:07,9.92,-0.01,414,410688,卖盘
1667,09:29:00,9.93,--,0,0,买盘
1668,09:25:06,9.93,9.93,103,102279,买盘
