,time,price,change,volume,amount,type
0,15:00:00,3.13,--,0,0,买盘
1,15:00:00,3.13,0.01,5258,1645754,买盘
2,14:59:57,3.12,-0.01,1049,327288,卖盘
3,14:59:52,3.13,0.01,9100,2848300,买盘
4,14:59:46,3.12,--,8583,2677896,卖盘
5,14:59:41,3.12,--,55,17160,卖盘
6,14:59:37,3.12,-0.01,10768,3359616,卖盘
7,14:59:31,3.13,0.01,9813,3071469,买盘
8,14:59:26,3.12,--,5854,1826448,卖盘
9,14:59:22,3.12,--,9049,2823288,卖盘
10,14:59:16,3.12,--,5875,1833000,卖盘
11,14:59:11,3.12,--,157,48984,卖盘
12,14:59:07,3.12,-0.01,5731,1788072,卖盘
13,14:59:01,3.13,--,2,626,买盘
14,14:58:52,3.13,0.01,1,313,买盘
15,14:58:46,3.12,--,112,34944,卖盘
16,14:58:41,3.12,--,4835,1508520,卖盘
17,14:58:37,3.12,--,360,112320,卖盘
18,14:58:31,3.12,--,130,40560,卖盘
19,14:58:22,3.12,--,35,10920,卖盘
20,14:58:16,3.12,--,150,46800,卖盘
21,14:58:06,3.12,--,421,131352,卖盘
22,14:58:01,3.12,-0.01,66,20592,卖盘
23,14:57:56,3.13,--,4741,1483933,买盘
24,14:57:51,3.13,--,66,20658,买盘
25,14:57:46,3.13,--,4943,1547159,买盘
26,14:57:41,3.13,0.01,1,313,买盘
27,14:57:36,3.12,--,2,624,卖盘
28,14:57:31,3.12,--,4801,1497912,卖盘
29,14:57:26,3.12,--,33,10296,卖盘
30,14:57:21,3.12,-0.01,4761,1485432,卖盘
31,14:57:16,3.13,0.01,1,313,买盘
32,14:57:06,3.12,-0.01,74,23088,卖盘
33,14:57:01,3.13,0.01,35,10955,买盘
34,14:56:56,3.12,-0.01,1,312,卖盘
35,14:56:51,3.13,--,341,106733,买盘
36,14:56:46,3.13,--,258,80754,买盘
37,14:56:41,3.13,0.01,777,243201,买盘
38,14:56:36,3.12,--,23,7176,卖盘
39,14:56:31,3.12,--,124,38750,卖盘
40,14:56:26,3.12,--,345,107640,卖盘
41,14:56:21,3.12,--,1272,396864,卖盘
42,14:56:16,3.12,-0.01,1045,326040,卖盘
43,14:56:11,3.13,0.01,292,91396,买盘
44,14:56:06,3.12,-0.01,8,2496,卖盘
45,14:56:01,3.13,--,50,15650,买盘
46,14:55:56,3.13,0.01,2890,904570,买盘
47,14:55:51,3.12,-0.01,10,3120,卖盘
48,14:55:46,3.13,--,1129,353377,买盘
49,14:55:41,3.13,0.01,768,240384,买盘
50,14:55:36,3.12,--,108,33696,卖盘
51,14:55:31,3.12,--,219,68328,卖盘
52,14:55:21,3.12,--,1466,457392,卖盘
53,14:55:16,3.12,-0.01,96,29952,卖盘
54,14:55:10,3.13,0.01,883,276379,买盘
55,14:55:06,3.12,--,48,14976,卖盘
56,14:55:01,3.12,--,1070,333840,卖盘
57,14:54:55,3.12,-0.01,50,15600,卖盘
58,14:54:51,3.13,--,19,5947,买盘
59,14:54:46,3.13,--,873,273249,买盘
60,14:54:36,3.13,--,895,280135,买盘
61,14:54:31,3.13,--,117,36621,买盘
62,14:54:21,3.13,0.01,1793,561209,买盘
63,14:54:15,3.12,--,4219,1316328,卖盘
64,14:54:10,3.12,--,65,20280,卖盘
65,14:54:06,3.12,--,113,35256,卖盘
66,14:54:00,3.12,--,30,9360,卖盘
67,14:53:55,3.12,-0.01,4424,1380288,卖盘
68,14:53:51,3.13,0.01,830,259790,买盘
69,14:53:45,3.12,--,5,1560,卖盘
70,14:53:40,3.12,-0.01,1,312,卖盘
71,14:53:36,3.13,--,30,9390,买盘
72,14:53:31,3.13,--,73,22849,买盘
73,14:53:25,3.13,0.01,1,313,买盘
74,14:53:21,3.12,-0.01,180,56160,卖盘
75,14:53:15,3.13,0.01,2132,667316,买盘
76,14:53:10,3.12,-0.01,107,33384,卖盘
77,14:53:06,3.13,0.01,391,122383,买盘
78,14:53:01,3.12,--,98,30576,卖盘
79,14:52:55,3.12,--,20,6240,卖盘
80,14:52:51,3.12,--,10,3120,卖盘
81,14:52:45,3.12,--,34,10611,卖盘
82,14:52:40,3.12,--,758,236496,卖盘
83,14:52:36,3.12,--,18,5616,卖盘
84,14:52:30,3.12,--,45,14040,卖盘
85,14:52:20,3.12,--,65,20280,卖盘
86,14:52:15,3.12,--,788,245856,卖盘
87,14:52:10,3.12,--,12,3744,卖盘
88,14:52:05,3.12,--,31,9672,卖盘
89,14:52:00,3.12,--,27,8424,卖盘
90,14:51:55,3.12,--,27,8424,卖盘
91,14:51:50,3.12,--,10,3120,卖盘
92,14:51:45,3.12,--,3,936,卖盘
93,14:51:40,3.12,-0.01,2499,779688,卖盘
94,14:51:35,3.13,0.01,8,2504,买盘
95,14:51:30,3.12,--,4476,1396512,卖盘
96,14:51:25,3.12,-0.01,132,41184,卖盘
97,14:51:20,3.13,0.01,428,133964,买盘
98,14:51:15,3.12,-0.01,101,31512,卖盘
99,14:51:10,3.13,0.01,798,249774,买盘
100,14:51:05,3.12,-0.01,51,15912,卖盘
101,14:51:00,3.13,--,220,68860,买盘
102,14:50:55,3.13,--,416,130208,买盘
103,14:50:50,3.13,0.01,36,11268,买盘
104,14:50:45,3.12,-0.01,675,210603,卖盘
105,14:50:40,3.13,0.01,170,53210,买盘
106,14:50:35,3.12,-0.01,501,156312,卖盘
107,14:50:30,3.13,0.01,111,34987,买盘
108,14:50:25,3.12,-0.01,17,5304,卖盘
109,14:50:20,3.13,0.01,954,298602,买盘
110,14:50:15,3.12,-0.01,2570,801840,卖盘
111,14:50:10,3.13,0.01,149,46637,买盘
112,14:50:05,3.12,-0.01,19,5928,卖盘
113,14:50:00,3.13,--,858,268554,买盘
114,14:49:55,3.13,--,1850,579050,买盘
115,14:49:50,3.13,--,19,5947,买盘
116,14:49:45,3.13,--,130,40690,买盘
117,14:49:35,3.13,--,122,38186,买盘
118,14:49:30,3.13,0.01,18,5634,买盘
119,14:49:25,3.12,-0.01,768,239616,卖盘
120,14:49:20,3.13,--,15,4695,买盘
121,14:49:15,3.13,--,113,35369,买盘
122,14:49:10,3.13,0.01,2,626,买盘
123,14:49:05,3.12,-0.01,865,269880,卖盘
124,14:49:00,3.13,--,137,42881,买盘
125,14:48:54,3.13,0.01,166,51961,买盘
126,14:48:50,3.12,-0.01,190,59280,卖盘
127,14:48:45,3.13,--,188,58844,买盘
128,14:48:40,3.13,0.01,135,42255,买盘
129,14:48:35,3.12,--,696,217370,卖盘
130,14:48:30,3.12,--,132,41184,卖盘
131,14:48:24,3.12,--,96,29952,卖盘
132,14:48:19,3.12,-0.01,2,624,卖盘
133,14:48:15,3.13,0.01,143,44759,买盘
134,14:48:09,3.12,--,118,36816,卖盘
135,14:48:04,3.12,-0.01,193,60437,卖盘
136,14:48:00,3.13,--,812,254156,买盘
137,14:47:54,3.13,--,114,35682,买盘
138,14:47:45,3.13,--,881,275753,买盘
139,14:47:39,3.13,0.01,30,9609,买盘
140,14:47:34,3.12,--,136,42432,卖盘
141,14:47:30,3.12,-0.01,169,52728,卖盘
142,14:47:24,3.13,0.01,2005,627565,买盘
143,14:47:19,3.12,-0.01,777,242424,卖盘
144,14:47:15,3.13,--,21,6573,买盘
145,14:47:09,3.13,0.01,156,49047,买盘
146,14:47:04,3.12,--,104,32448,卖盘
147,14:47:00,3.12,--,704,219648,卖盘
148,14:46:54,3.12,--,48,14979,卖盘
149,14:46:45,3.12,0.01,147,45864,买盘
150,14:46:39,3.11,-0.01,263,82013,卖盘
151,14:46:34,3.12,--,3,936,买盘
152,14:46:30,3.12,--,368,114816,买盘
153,14:46:24,3.12,--,19,5928,买盘
154,14:46:19,3.12,-0.01,117,36504,中性盘
155,14:46:14,3.13,0.01,16,5008,买盘
156,14:46:09,3.12,-0.01,37,11762,中性盘
157,14:46:04,3.13,0.01,324,101412,买盘
158,14:46:00,3.12,-0.01,3734,1165026,卖盘
159,14:45:54,3.13,0.01,352,110176,买盘
160,14:45:49,3.12,-0.01,62,19344,卖盘
161,14:45:44,3.13,--,215,67295,买盘
162,14:45:39,3.13,0.01,2130,666909,买盘
163,14:45:34,3.12,--,108,33696,卖盘
164,14:45:29,3.12,-0.01,74,23088,卖盘
165,14:45:24,3.13,--,877,274501,买盘
166,14:45:19,3.13,--,709,221917,买盘
167,14:45:09,3.13,0.01,125,39347,买盘
168,14:45:04,3.12,-0.01,1021,318552,卖盘
169,14:44:59,3.13,0.01,232,72619,买盘
170,14:44:54,3.12,-0.01,93,29016,卖盘
171,14:44:49,3.13,0.01,152,47576,买盘
172,14:44:44,3.12,-0.01,50,15600,卖盘
173,14:44:39,3.13,0.01,124,39031,买盘
174,14:44:34,3.12,-0.01,954,297648,卖盘
175,14:44:29,3.13,--,37,11581,买盘
176,14:44:24,3.13,0.01,134,41942,买盘
177,14:44:19,3.12,--,355,110760,卖盘
178,14:44:14,3.12,-0.01,9,3026,卖盘
179,14:44:09,3.13,--,116,36308,买盘
180,14:44:04,3.13,0.01,521,163073,买盘
181,14:43:59,3.12,--,4699,1466088,卖盘
182,14:43:54,3.12,--,378,117936,卖盘
183,14:43:49,3.12,--,818,255216,卖盘
184,14:43:44,3.12,--,158,49517,卖盘
185,14:43:39,3.12,-0.01,164,51168,卖盘
186,14:43:34,3.13,--,906,283578,买盘
187,14:43:29,3.13,0.01,10,3130,买盘
188,14:43:24,3.12,-0.01,128,39936,卖盘
189,14:43:19,3.13,0.01,136,42568,买盘
190,14:43:14,3.12,-0.01,67,21122,卖盘
191,14:43:09,3.13,0.01,161,50393,买盘
192,14:43:04,3.12,-0.01,765,238683,卖盘
193,14:42:59,3.13,0.01,110,34430,买盘
194,14:42:54,3.12,-0.01,150,46800,卖盘
195,14:42:49,3.13,0.01,2219,694766,买盘
196,14:42:44,3.12,-0.01,360,112320,卖盘
197,14:42:39,3.13,0.01,123,38499,买盘
198,14:42:34,3.12,--,264,82368,卖盘
199,14:42:29,3.12,-0.01,124,38688,卖盘
200,14:42:24,3.13,--,157,49141,买盘
201,14:42:18,3.13,0.01,222,69486,买盘
202,14:42:14,3.12,--,67,21125,卖盘
203,14:42:09,3.12,--,125,39000,卖盘
204,14:42:04,3.12,--,237,73944,卖盘
205,14:41:59,3.12,--,100,31200,卖盘
206,14:41:54,3.12,-0.01,1593,497016,卖盘
207,14:41:48,3.13,0.01,141,44352,买盘
208,14:41:44,3.12,--,213,66456,卖盘
209,14:41:39,3.12,-0.01,3,936,卖盘
210,14:41:33,3.13,--,184,57592,买盘
211,14:41:29,3.13,--,1,313,买盘
212,14:41:24,3.13,--,98,30674,买盘
213,14:41:18,3.13,0.01,151,47482,买盘
214,14:41:14,3.12,-0.01,49,15288,卖盘
215,14:41:09,3.13,0.01,127,39754,买盘
216,14:41:03,3.12,-0.01,469,146328,卖盘
217,14:40:58,3.13,0.01,971,303923,买盘
218,14:40:54,3.12,--,901,281112,卖盘
219,14:40:48,3.12,--,127,39845,卖盘
220,14:40:43,3.12,--,92,28704,买盘
221,14:40:39,3.12,--,104,32448,买盘
222,14:40:33,3.12,--,1142,356304,卖盘
223,14:40:28,3.12,-0.01,63,19656,买盘
224,14:40:23,3.13,0.02,3098,969674,买盘
225,14:40:18,3.11,-0.01,25,7992,卖盘
226,14:40:13,3.12,--,102,31824,买盘
227,14:40:08,3.12,--,533,166296,买盘
228,14:40:03,3.12,--,675,210600,买盘
229,14:39:58,3.12,0.01,102,31824,买盘
230,14:39:48,3.11,-0.01,83,26030,卖盘
231,14:39:43,3.12,--,728,227136,买盘
232,14:39:38,3.12,--,36,11232,买盘
233,14:39:33,3.12,--,35,10920,买盘
234,14:39:28,3.12,0.01,56,17472,买盘
235,14:39:23,3.11,-0.01,50,15550,卖盘
236,14:39:18,3.12,0.01,355,110981,买盘
237,14:39:13,3.11,-0.01,894,278037,卖盘
238,14:39:08,3.12,--,44,13728,买盘
239,14:39:03,3.12,--,200,62400,买盘
240,14:38:58,3.12,--,176,54912,买盘
241,14:38:53,3.12,--,820,256058,买盘
242,14:38:48,3.12,0.01,101,31512,买盘
243,14:38:43,3.11,--,774,240714,卖盘
244,14:38:38,3.11,-0.01,49,15239,卖盘
245,14:38:33,3.12,--,62,19344,买盘
246,14:38:23,3.12,0.01,25,7800,买盘
247,14:38:18,3.11,--,998,310595,卖盘
248,14:38:13,3.11,-0.01,40,12440,卖盘
249,14:38:08,3.12,--,105,32760,买盘
250,14:38:03,3.12,--,874,272688,买盘
251,14:37:53,3.12,0.01,100,31200,买盘
252,14:37:48,3.11,--,1120,348540,卖盘
253,14:37:43,3.11,--,3,933,卖盘
254,14:37:38,3.11,--,145,45095,卖盘
255,14:37:33,3.11,-0.01,813,252843,卖盘
256,14:37:28,3.12,0.01,142,44304,买盘
257,14:37:23,3.11,-0.01,9,3016,卖盘
258,14:37:18,3.12,0.01,946,295152,买盘
259,14:37:13,3.11,--,105,32658,卖盘
260,14:37:08,3.11,-0.01,2,622,卖盘
261,14:37:03,3.12,--,191,59592,买盘
262,14:36:58,3.12,--,45,14040,买盘
263,14:36:53,3.12,0.01,100,31200,买盘
264,14:36:48,3.11,-0.01,94,29451,卖盘
265,14:36:43,3.12,--,852,265824,买盘
266,14:36:38,3.12,--,102,31824,买盘
267,14:36:33,3.12,0.01,62,19344,买盘
268,14:36:23,3.11,--,9,3019,卖盘
269,14:36:18,3.11,-0.01,958,297938,卖盘
270,14:36:13,3.12,0.01,43,13416,买盘
271,14:36:08,3.11,-0.01,13,4043,卖盘
272,14:36:03,3.12,--,214,66768,买盘
273,14:35:58,3.12,0.01,502,156624,买盘
274,14:35:53,3.11,-0.01,29,9236,卖盘
275,14:35:48,3.12,--,1021,318552,买盘
276,14:35:43,3.12,0.01,550,171600,买盘
277,14:35:38,3.11,--,2,622,卖盘
278,14:35:33,3.11,-0.01,268,83348,卖盘
279,14:35:28,3.12,0.01,49,15288,买盘
280,14:35:23,3.11,-0.01,992,308732,卖盘
281,14:35:18,3.12,--,2241,699192,买盘
282,14:35:12,3.12,--,51,15915,买盘
283,14:35:08,3.12,--,102,31824,买盘
284,14:35:03,3.12,0.01,276,86112,买盘
285,14:34:57,3.11,-0.01,123,38470,卖盘
286,14:34:53,3.12,--,68,21216,买盘
287,14:34:48,3.12,0.01,240,74880,买盘
288,14:34:42,3.11,--,752,233872,卖盘
289,14:34:38,3.11,--,102,31722,卖盘
290,14:34:33,3.11,--,372,115692,卖盘
291,14:34:27,3.11,--,2417,751904,卖盘
292,14:34:23,3.11,-0.01,119,37009,卖盘
293,14:34:18,3.12,--,40,12480,买盘
294,14:34:12,3.12,0.01,3754,1171248,买盘
295,14:34:07,3.11,-0.01,47,14617,卖盘
296,14:34:02,3.12,--,981,306072,买盘
297,14:33:57,3.12,--,10,3341,买盘
298,14:33:47,3.12,--,147,45864,买盘
299,14:33:42,3.12,0.01,104,32448,买盘
300,14:33:37,3.11,--,1337,415807,卖盘
301,14:33:32,3.11,-0.01,603,187533,卖盘
302,14:33:27,3.12,0.01,555,173378,买盘
303,14:33:22,3.11,-0.01,201,62511,卖盘
304,14:33:17,3.12,--,107,33384,买盘
305,14:33:12,3.12,0.01,184,57411,买盘
306,14:33:07,3.11,-0.01,2,622,卖盘
307,14:33:02,3.12,0.01,730,227760,买盘
308,14:32:57,3.11,-0.01,9,3016,卖盘
309,14:32:52,3.12,--,936,292032,买盘
310,14:32:47,3.12,--,110,34320,买盘
311,14:32:42,3.12,--,5,1560,买盘
312,14:32:37,3.12,--,856,267072,买盘
313,14:32:27,3.12,--,212,66365,买盘
314,14:32:22,3.12,0.01,3,936,买盘
315,14:32:17,3.11,-0.01,10,3110,卖盘
316,14:32:12,3.12,0.01,876,273312,买盘
317,14:32:07,3.11,--,2,622,卖盘
318,14:32:02,3.11,-0.01,120,37320,卖盘
319,14:31:57,3.12,0.01,249,77906,买盘
320,14:31:52,3.11,-0.01,42,13062,卖盘
321,14:31:47,3.12,--,39,12168,买盘
322,14:31:42,3.12,0.01,1037,323544,买盘
323,14:31:37,3.11,-0.01,90,27990,卖盘
324,14:31:32,3.12,0.01,111,34850,买盘
325,14:31:27,3.11,-0.01,4,1247,卖盘
326,14:31:22,3.12,--,46,14352,买盘
327,14:31:17,3.12,0.01,199,62088,买盘
328,14:31:12,3.11,--,1016,315976,卖盘
329,14:31:07,3.11,-0.01,43,13373,卖盘
330,14:31:02,3.12,0.01,40,12480,买盘
331,14:30:57,3.11,-0.01,12,3952,卖盘
332,14:30:52,3.12,--,47,14664,买盘
333,14:30:47,3.12,--,6,1872,买盘
334,14:30:42,3.12,--,783,244296,买盘
335,14:30:37,3.12,--,177,55442,买盘
336,14:30:32,3.12,0.01,47,14664,买盘
337,14:30:22,3.11,-0.01,791,246001,卖盘
338,14:30:17,3.12,--,6,1872,买盘
339,14:30:12,3.12,--,744,232128,买盘
340,14:30:07,3.12,0.01,54,17066,买盘
341,14:29:57,3.11,-0.01,47,14617,卖盘
342,14:29:52,3.12,--,1,312,买盘
343,14:29:47,3.12,0.01,817,254904,买盘
344,14:29:42,3.11,--,110,34210,卖盘
345,14:29:37,3.11,--,51,16081,卖盘
346,14:29:32,3.11,-0.01,874,271814,卖盘
347,14:29:27,3.12,0.01,912,284544,买盘
348,14:29:22,3.11,-0.01,2518,783104,卖盘
349,14:29:12,3.12,0.01,44,13728,买盘
350,14:29:06,3.11,-0.01,31,9858,卖盘
351,14:29:02,3.12,--,47,14664,买盘
352,14:28:57,3.12,--,819,255528,买盘
353,14:28:51,3.12,--,62,19344,买盘
354,14:28:47,3.12,0.01,6,1872,买盘
355,14:28:42,3.11,--,49,15239,卖盘
356,14:28:36,3.11,--,111,34738,卖盘
357,14:28:31,3.11,-0.01,10,3110,卖盘
358,14:28:27,3.12,--,1096,341952,买盘
359,14:28:21,3.12,--,49,15288,买盘
360,14:28:17,3.12,0.01,4,1248,买盘
361,14:28:12,3.11,-0.01,70,21770,卖盘
362,14:28:06,3.12,--,51,16133,买盘
363,14:27:57,3.12,--,840,262080,买盘
364,14:27:51,3.12,0.01,46,14352,买盘
365,14:27:41,3.11,-0.01,44,13684,卖盘
366,14:27:36,3.12,0.01,205,64178,买盘
367,14:27:32,3.11,-0.01,1,311,卖盘
368,14:27:26,3.12,--,1502,468627,买盘
369,14:27:21,3.12,--,84,26208,买盘
370,14:27:16,3.12,--,1,312,买盘
371,14:27:11,3.12,0.01,48,14976,买盘
372,14:27:06,3.11,--,2458,764655,卖盘
373,14:27:02,3.11,-0.01,3,933,卖盘
374,14:26:56,3.12,--,904,282048,买盘
375,14:26:51,3.12,0.01,674,210288,买盘
376,14:26:36,3.11,-0.01,81,25411,卖盘
377,14:26:31,3.12,0.01,921,287352,买盘
378,14:26:26,3.11,--,3,933,卖盘
379,14:26:21,3.11,-0.01,18,5598,卖盘
380,14:26:16,3.12,--,45,14040,买盘
381,14:26:11,3.12,0.01,60,18720,买盘
382,14:26:06,3.11,--,558,173755,卖盘
383,14:26:01,3.11,-0.01,756,235116,卖盘
384,14:25:56,3.12,--,721,224952,买盘
385,14:25:51,3.12,--,39,12168,买盘
386,14:25:46,3.12,--,1,312,买盘
387,14:25:41,3.12,--,56,17690,买盘
388,14:25:36,3.12,--,819,255528,买盘
389,14:25:31,3.12,--,157,48984,买盘
390,14:25:26,3.12,--,8,2499,买盘
391,14:25:21,3.12,--,710,221520,买盘
392,14:25:16,3.12,--,146,45552,买盘
393,14:25:11,3.12,0.01,853,266136,买盘
394,14:25:06,3.11,-0.01,317,98807,卖盘
395,14:25:01,3.12,--,126,39312,买盘
396,14:24:51,3.12,--,45,14040,买盘
397,14:24:46,3.12,--,48,14976,买盘
398,14:24:41,3.12,--,1764,550586,买盘
399,14:24:36,3.12,0.01,946,295152,买盘
400,14:24:31,3.11,-0.01,5,1555,卖盘
401,14:24:21,3.12,0.01,46,14352,买盘
402,14:24:16,3.11,-0.01,9,3016,卖盘
403,14:24:11,3.12,0.01,259,80808,买盘
404,14:24:06,3.11,--,2,622,卖盘
405,14:24:01,3.11,--,992,308512,卖盘
406,14:23:56,3.11,-0.01,2,622,卖盘
407,14:23:51,3.12,0.01,1,312,买盘
408,14:23:46,3.11,--,873,271723,卖盘
409,14:23:41,3.11,-0.01,5,1555,卖盘
410,14:23:36,3.12,0.01,941,293595,买盘
411,14:23:31,3.11,--,59,18349,卖盘
412,14:23:21,3.11,-0.01,55,17105,卖盘
413,14:23:16,3.12,0.01,23,7394,买盘
414,14:23:11,3.11,-0.01,1,311,卖盘
415,14:23:06,3.12,0.01,1009,314808,买盘
416,14:23:01,3.11,--,41,12751,卖盘
417,14:22:56,3.11,-0.01,201,62511,卖盘
418,14:22:51,3.12,--,292,91104,买盘
419,14:22:46,3.12,--,48,15194,买盘
420,14:22:41,3.12,--,1083,337896,买盘
421,14:22:36,3.12,0.01,288,89856,买盘
422,14:22:31,3.11,-0.01,1755,545805,卖盘
423,14:22:26,3.12,0.01,42,13104,买盘
424,14:22:21,3.11,-0.01,6,1866,卖盘
425,14:22:15,3.12,--,53,16757,买盘
426,14:22:11,3.12,--,917,286104,买盘
427,14:22:06,3.12,--,102,31824,买盘
428,14:22:00,3.12,0.01,13,4056,买盘
429,14:21:56,3.11,-0.01,2,622,卖盘
430,14:21:51,3.12,--,1722,537264,买盘
431,14:21:45,3.12,--,14,4586,买盘
432,14:21:36,3.12,--,65,20283,买盘
433,14:21:30,3.12,0.01,49,15288,买盘
434,14:21:26,3.11,-0.01,1,311,卖盘
435,14:21:21,3.12,--,826,257712,买盘
436,14:21:15,3.12,--,48,15194,买盘
437,14:21:06,3.12,0.01,43,13416,买盘
438,14:21:00,3.11,-0.01,5,1555,卖盘
439,14:20:55,3.12,--,927,289224,买盘
440,14:20:50,3.12,0.01,602,188045,买盘
441,14:20:41,3.11,-0.01,1,311,卖盘
442,14:20:35,3.12,0.01,66,20592,买盘
443,14:20:30,3.11,-0.01,726,225786,卖盘
444,14:20:25,3.12,--,971,302952,买盘
445,14:20:20,3.12,0.01,551,171912,买盘
446,14:20:15,3.11,--,9,3016,卖盘
447,14:20:05,3.11,-0.01,3,933,卖盘
448,14:20:00,3.12,0.01,632,197184,买盘
449,14:19:56,3.11,--,107,33277,卖盘
450,14:19:50,3.11,-0.01,10,3327,卖盘
451,14:19:45,3.12,--,42,13104,买盘
452,14:19:40,3.12,0.01,2406,750675,买盘
453,14:19:35,3.11,--,18,5598,卖盘
454,14:19:30,3.11,-0.01,1,311,卖盘
455,14:19:25,3.12,--,42,13104,买盘
456,14:19:20,3.12,--,625,195221,买盘
457,14:19:15,3.12,0.01,2782,867984,买盘
458,14:19:10,3.11,-0.01,1633,507863,卖盘
459,14:19:00,3.12,--,289,90168,买盘
460,14:18:50,3.12,--,70,22058,买盘
461,14:18:45,3.12,--,917,286104,买盘
462,14:18:40,3.12,0.01,45,14040,买盘
463,14:18:35,3.11,--,17,5287,卖盘
464,14:18:30,3.11,--,80,24880,卖盘
465,14:18:25,3.11,--,7556,2349916,卖盘
466,14:18:20,3.11,-0.01,9,3016,卖盘
467,14:18:15,3.12,--,815,254280,买盘
468,14:18:10,3.12,--,56,17472,买盘
469,14:18:05,3.12,0.01,1,312,买盘
470,14:18:00,3.11,-0.01,645,200595,卖盘
471,14:17:55,3.12,--,56,17693,买盘
472,14:17:50,3.12,0.01,10,3120,买盘
473,14:17:45,3.11,-0.01,87,27057,卖盘
474,14:17:40,3.12,--,108,33699,买盘
475,14:17:35,3.12,0.01,664,207168,买盘
476,14:17:30,3.11,-0.01,133,41363,卖盘
477,14:17:25,3.12,--,1696,529370,买盘
478,14:17:20,3.12,0.01,43,13416,买盘
479,14:17:15,3.11,--,783,243513,卖盘
480,14:17:10,3.11,-0.01,9,2799,卖盘
481,14:17:05,3.12,--,94,29328,买盘
482,14:17:00,3.12,--,60,18720,买盘
483,14:16:55,3.12,0.01,141,43992,买盘
484,14:16:50,3.11,-0.01,60,18877,卖盘
485,14:16:45,3.12,--,720,224640,买盘
486,14:16:40,3.12,0.01,52,16224,买盘
487,14:16:35,3.11,-0.01,72,22392,卖盘
488,14:16:30,3.12,0.01,43,13416,买盘
489,14:16:25,3.11,-0.01,15,4885,卖盘
490,14:16:15,3.12,--,1092,340704,买盘
491,14:16:10,3.12,--,87,27144,买盘
492,14:16:05,3.12,--,1,312,买盘
493,14:16:00,3.12,--,161,50232,买盘
494,14:15:54,3.12,--,919,286946,买盘
495,14:15:49,3.12,0.01,1,312,买盘
496,14:15:45,3.11,-0.01,3,936,卖盘
497,14:15:39,3.12,--,47,14664,买盘
498,14:15:34,3.12,0.01,37,11544,买盘
499,14:15:30,3.11,--,70,21770,卖盘
500,14:15:24,3.11,-0.01,209,65216,卖盘
501,14:15:19,3.12,--,77,24024,买盘
502,14:15:15,3.12,0.01,1279,399048,买盘
503,14:15:09,3.11,-0.01,3,933,卖盘
504,14:15:04,3.12,--,47,14664,买盘
505,14:15:00,3.12,0.01,1604,500448,买盘
506,14:14:54,3.11,-0.01,739,230049,卖盘
507,14:14:49,3.12,0.01,399,124488,买盘
508,14:14:44,3.11,-0.01,44,13684,卖盘
509,14:14:39,3.12,--,1,312,买盘
510,14:14:34,3.12,0.01,46,14352,买盘
511,14:14:30,3.11,--,17,5287,卖盘
512,14:14:24,3.11,-0.01,677,210764,卖盘
513,14:14:19,3.12,--,50,15600,买盘
514,14:14:15,3.12,--,160,49920,买盘
515,14:14:09,3.12,--,150,46800,买盘
516,14:14:04,3.12,--,22,6864,买盘
517,14:13:59,3.12,--,897,279864,买盘
518,14:13:54,3.12,0.01,279,87266,买盘
519,14:13:49,3.11,-0.01,36,11199,卖盘
520,14:13:44,3.12,--,6326,1973712,买盘
521,14:13:39,3.12,--,483,150696,买盘
522,14:13:34,3.12,--,752,234624,买盘
523,14:13:29,3.12,0.01,873,272376,买盘
524,14:13:24,3.11,-0.01,9,3019,卖盘
525,14:13:19,3.12,--,3213,1002456,买盘
526,14:13:14,3.12,0.01,44,13728,买盘
527,14:13:09,3.11,-0.01,611,190021,卖盘
528,14:13:04,3.12,0.01,2309,720408,买盘
529,14:12:59,3.11,-0.01,68,21365,卖盘
530,14:12:54,3.12,--,2097,654264,买盘
531,14:12:49,3.12,--,1228,383136,买盘
532,14:12:44,3.12,0.01,38,11856,买盘
533,14:12:39,3.11,--,716,222676,卖盘
534,14:12:34,3.11,--,34,10574,卖盘
535,14:12:29,3.11,-0.01,19,6126,卖盘
536,14:12:24,3.12,0.01,1125,351000,买盘
537,14:12:19,3.11,-0.01,21,6531,卖盘
538,14:12:14,3.12,0.01,754,235248,买盘
539,14:12:09,3.11,-0.01,57,17727,卖盘
540,14:12:04,3.12,--,95,29640,买盘
541,14:11:59,3.12,--,10,3341,买盘
542,14:11:54,3.12,--,65,20280,买盘
543,14:11:49,3.12,--,934,291411,买盘
544,14:11:44,3.12,0.01,1,312,买盘
545,14:11:39,3.11,--,2,622,卖盘
546,14:11:34,3.11,-0.01,36,11196,卖盘
547,14:11:29,3.12,--,10,3338,买盘
548,14:11:24,3.12,--,266,82992,买盘
549,14:11:19,3.12,0.01,1231,384072,买盘
550,14:11:09,3.11,-0.01,2,622,卖盘
551,14:11:04,3.12,0.01,6,1872,买盘
552,14:10:59,3.11,--,65,20435,卖盘
553,14:10:54,3.11,--,532,165452,卖盘
554,14:10:49,3.11,-0.01,847,263417,卖盘
555,14:10:39,3.12,0.01,49,15288,买盘
556,14:10:34,3.11,-0.01,35,10885,卖盘
557,14:10:29,3.12,--,682,213002,买盘
558,14:10:24,3.12,--,1461,455832,买盘
559,14:10:19,3.12,--,397,123864,买盘
560,14:10:14,3.12,0.01,42,13104,买盘
561,14:10:09,3.11,-0.01,967,300737,卖盘
562,14:10:04,3.12,0.01,156,48890,买盘
563,14:09:54,3.11,-0.01,85,26435,卖盘
564,14:09:49,3.12,0.01,123,38379,买盘
565,14:09:44,3.11,--,403,125333,卖盘
566,14:09:39,3.11,-0.01,1314,408654,卖盘
567,14:09:33,3.12,--,368,115037,买盘
568,14:09:28,3.12,0.01,42,13104,买盘
569,14:09:24,3.11,--,35,10885,卖盘
570,14:09:18,3.11,--,433,134725,卖盘
571,14:09:09,3.11,-0.01,849,264039,卖盘
572,14:09:03,3.12,0.01,53,16754,买盘
573,14:08:58,3.11,-0.01,17,5287,卖盘
574,14:08:54,3.12,0.01,42,13104,买盘
575,14:08:48,3.11,-0.01,69,21459,卖盘
576,14:08:43,3.12,0.01,59,18408,买盘
577,14:08:39,3.11,--,746,232006,卖盘
578,14:08:33,3.11,--,88,27585,卖盘
579,14:08:28,3.11,-0.01,100,31100,卖盘
580,14:08:24,3.12,--,4,1248,买盘
581,14:08:18,3.12,0.01,608,189696,买盘
582,14:08:09,3.11,-0.01,121,37631,卖盘
583,14:08:03,3.12,0.01,794,247949,买盘
584,14:07:58,3.11,--,17,5287,卖盘
585,14:07:53,3.11,--,12,3735,卖盘
586,14:07:48,3.11,-0.01,764,237604,卖盘
587,14:07:43,3.12,--,3,936,买盘
588,14:07:38,3.12,0.01,1,312,买盘
589,14:07:33,3.11,-0.01,28,8925,卖盘
590,14:07:28,3.12,0.01,1687,526344,买盘
591,14:07:23,3.11,--,884,274924,卖盘
592,14:07:13,3.11,--,18,5598,卖盘
593,14:07:03,3.11,--,39,12346,卖盘
594,14:06:58,3.11,--,17,5287,卖盘
595,14:06:53,3.11,-0.01,84,26124,卖盘
596,14:06:48,3.12,0.01,677,211224,买盘
597,14:06:43,3.11,--,41,12751,卖盘
598,14:06:38,3.11,--,17,5287,卖盘
599,14:06:33,3.11,-0.01,53,16703,卖盘
600,14:06:28,3.12,0.01,854,266448,买盘
601,14:06:23,3.11,--,3,933,卖盘
602,14:06:13,3.11,--,22,6842,卖盘
603,14:06:08,3.11,-0.01,10,3327,卖盘
604,14:06:03,3.12,0.01,731,228072,买盘
605,14:05:58,3.11,-0.01,4,1247,卖盘
606,14:05:53,3.12,0.01,60,18720,买盘
607,14:05:48,3.11,-0.01,650,202150,卖盘
608,14:05:43,3.12,0.01,720,224640,买盘
609,14:05:38,3.11,--,11,3638,卖盘
610,14:05:33,3.11,-0.01,69,21459,卖盘
611,14:05:28,3.12,--,25,7800,买盘
612,14:05:18,3.12,--,1375,429000,买盘
613,14:05:08,3.12,0.01,13,4277,买盘
614,14:05:03,3.11,--,45,13995,卖盘
615,14:04:58,3.11,-0.01,35,10931,卖盘
616,14:04:48,3.12,--,841,262392,买盘
617,14:04:43,3.12,0.01,16,5210,买盘
618,14:04:38,3.11,--,70,21770,卖盘
619,14:04:33,3.11,-0.01,443,137773,卖盘
620,14:04:23,3.12,--,34,10608,买盘
621,14:04:18,3.12,0.01,656,204672,买盘
622,14:04:13,3.11,--,57,17944,卖盘
623,14:04:08,3.11,-0.01,2,622,卖盘
624,14:04:03,3.12,0.01,2,624,买盘
625,14:03:58,3.11,-0.01,30,9330,卖盘
626,14:03:53,3.12,0.01,2421,755352,买盘
627,14:03:48,3.11,--,113,35143,卖盘
628,14:03:43,3.11,--,44,13904,卖盘
629,14:03:33,3.11,--,44,13684,卖盘
630,14:03:28,3.11,-0.01,700,217700,卖盘
631,14:03:23,3.12,--,2,624,买盘
632,14:03:18,3.12,0.01,1,312,买盘
633,14:03:13,3.11,--,49,15456,卖盘
634,14:03:08,3.11,--,28,8708,卖盘
635,14:03:03,3.11,-0.01,955,297005,卖盘
636,14:02:58,3.12,0.01,63,19656,买盘
637,14:02:53,3.11,-0.01,30,9330,卖盘
638,14:02:48,3.12,0.01,32,9984,买盘
639,14:02:42,3.11,--,37,11724,卖盘
640,14:02:38,3.11,-0.01,17,5287,卖盘
641,14:02:32,3.12,0.01,1263,394056,买盘
642,14:02:27,3.11,--,8,2488,卖盘
643,14:02:23,3.11,--,35,10885,卖盘
644,14:02:18,3.11,--,10,3110,卖盘
645,14:02:12,3.11,-0.01,62,19502,卖盘
646,14:02:08,3.12,--,1,312,买盘
647,14:02:03,3.12,0.01,76,23712,买盘
648,14:01:57,3.11,--,33,10263,卖盘
649,14:01:53,3.11,--,38,11818,卖盘
650,14:01:48,3.11,--,36,11196,卖盘
651,14:01:42,3.11,--,10,3327,卖盘
652,14:01:37,3.11,--,2,622,卖盘
653,14:01:33,3.11,--,74,23014,卖盘
654,14:01:27,3.11,-0.01,50,15550,卖盘
655,14:01:23,3.12,0.01,1,312,买盘
656,14:01:18,3.11,--,48,14928,卖盘
657,14:01:12,3.11,--,1673,520520,卖盘
658,14:01:02,3.11,--,53,16483,卖盘
659,14:00:57,3.11,--,2110,656210,卖盘
660,14:00:52,3.11,--,780,242580,卖盘
661,14:00:47,3.11,--,9,3019,卖盘
662,14:00:42,3.11,-0.01,48,14928,卖盘
663,14:00:37,3.12,0.01,51,15912,买盘
664,14:00:32,3.11,-0.01,18,5598,卖盘
665,14:00:27,3.12,--,778,242736,买盘
666,14:00:22,3.12,--,983,306696,买盘
667,14:00:17,3.12,--,29,9266,买盘
668,14:00:12,3.12,--,42,13104,买盘
669,14:00:07,3.12,0.01,1,312,买盘
670,14:00:02,3.11,--,203,63133,卖盘
671,13:59:57,3.11,--,53,16483,卖盘
672,13:59:52,3.11,-0.01,91,28363,卖盘
673,13:59:42,3.12,0.01,33,10296,买盘
674,13:59:37,3.11,--,21,6531,卖盘
675,13:59:32,3.11,--,61,19064,卖盘
676,13:59:26,3.11,--,34,10574,卖盘
677,13:59:22,3.11,--,72,22392,卖盘
678,13:59:12,3.11,-0.01,51,15861,卖盘
679,13:59:07,3.12,0.01,1502,468624,买盘
680,13:59:02,3.11,-0.01,30,9330,卖盘
681,13:58:57,3.12,0.01,40,12480,买盘
682,13:58:47,3.11,--,19,5909,卖盘
683,13:58:42,3.11,-0.01,61,18971,卖盘
684,13:58:37,3.12,0.01,11,3432,买盘
685,13:58:32,3.11,--,559,173849,卖盘
686,13:58:27,3.11,--,84,26124,卖盘
687,13:58:22,3.11,--,17,5287,卖盘
688,13:58:17,3.11,--,52,16172,卖盘
689,13:58:07,3.11,--,85,26724,卖盘
690,13:57:57,3.11,--,190,59090,卖盘
691,13:57:42,3.11,--,58,18038,卖盘
692,13:57:37,3.11,--,33,10263,卖盘
693,13:57:32,3.11,--,72,22398,卖盘
694,13:57:27,3.11,-0.01,38,11818,卖盘
695,13:57:17,3.12,--,1544,481728,买盘
696,13:57:12,3.12,0.01,6,1872,买盘
697,13:57:07,3.11,--,2104,654344,卖盘
698,13:56:57,3.11,--,17,5287,卖盘
699,13:56:52,3.11,-0.01,229,71219,卖盘
700,13:56:47,3.12,0.01,2,624,买盘
701,13:56:42,3.11,--,1051,326861,卖盘
702,13:56:37,3.11,-0.01,21,6531,卖盘
703,13:56:32,3.12,0.01,10,3120,买盘
704,13:56:27,3.11,--,649,201839,卖盘
705,13:56:22,3.11,--,52,16172,卖盘
706,13:56:17,3.11,--,422,131242,卖盘
707,13:56:12,3.11,--,35,10885,卖盘
708,13:56:07,3.11,--,3,933,卖盘
709,13:55:57,3.11,--,30,9330,卖盘
710,13:55:52,3.11,-0.01,19,5909,卖盘
711,13:55:42,3.12,0.01,44,13728,买盘
712,13:55:37,3.11,--,2,622,卖盘
713,13:55:32,3.11,--,734,228274,卖盘
714,13:55:27,3.11,--,49,15239,卖盘
715,13:55:20,3.11,--,800,248800,卖盘
716,13:55:11,3.11,--,30,9330,卖盘
717,13:55:06,3.11,--,68,21148,卖盘
718,13:55:01,3.11,--,201,62511,卖盘
719,13:54:57,3.11,--,31,9641,卖盘
720,13:54:51,3.11,-0.01,57,17727,卖盘
721,13:54:47,3.12,0.01,4,1248,买盘
722,13:54:42,3.11,--,27,8397,卖盘
723,13:54:36,3.11,--,36,11196,卖盘
724,13:54:32,3.11,--,19,5909,卖盘
725,13:54:27,3.11,--,1,311,卖盘
726,13:54:20,3.11,--,1649,512839,卖盘
727,13:54:17,3.11,--,17,5287,卖盘
728,13:54:11,3.11,--,84,26124,卖盘
729,13:54:06,3.11,--,781,242891,卖盘
730,13:53:56,3.11,--,18,5598,卖盘
731,13:53:51,3.11,-0.01,46,14306,卖盘
732,13:53:46,3.12,--,32,9984,买盘
733,13:53:41,3.12,0.01,48,14976,买盘
734,13:53:36,3.11,--,44,13973,卖盘
735,13:53:31,3.11,-0.01,37,11507,卖盘
736,13:53:26,3.12,0.01,37,11544,买盘
737,13:53:16,3.11,--,30,9330,卖盘
738,13:53:06,3.11,--,133,41363,卖盘
739,13:53:01,3.11,-0.01,17,5287,卖盘
740,13:52:56,3.12,0.01,100,31200,买盘
741,13:52:46,3.11,-0.01,18,5598,卖盘
742,13:52:41,3.12,0.01,18,5616,买盘
743,13:52:36,3.11,--,19,5909,卖盘
744,13:52:31,3.11,-0.01,890,276790,卖盘
745,13:52:26,3.12,0.01,60,18720,买盘
746,13:52:16,3.11,-0.01,80,24929,卖盘
747,13:52:11,3.12,0.01,6,1872,买盘
748,13:52:05,3.11,--,3,933,卖盘
749,13:52:01,3.11,--,10,3110,卖盘
750,13:51:56,3.11,-0.01,19,5909,卖盘
751,13:51:51,3.12,--,68,21216,买盘
752,13:51:46,3.12,--,1,312,买盘
753,13:51:41,3.12,0.01,1,312,买盘
754,13:51:36,3.11,-0.01,20,6220,卖盘
755,13:51:31,3.12,0.01,1,312,买盘
756,13:51:26,3.11,-0.01,37,11507,卖盘
757,13:51:20,3.12,0.01,14,4477,买盘
758,13:51:11,3.11,--,19,5909,卖盘
759,13:51:06,3.11,-0.01,17,5287,卖盘
760,13:51:01,3.12,--,1,312,买盘
761,13:50:51,3.12,--,1000,312000,买盘
762,13:50:46,3.12,0.01,1,312,买盘
763,13:50:41,3.11,--,18,5598,卖盘
764,13:50:31,3.11,--,509,158299,卖盘
765,13:50:21,3.11,--,18,5598,卖盘
766,13:50:16,3.11,--,18,5598,卖盘
767,13:50:06,3.11,-0.01,1,311,卖盘
768,13:50:01,3.12,0.01,1,312,买盘
769,13:49:56,3.11,--,3,933,卖盘
770,13:49:51,3.11,--,44,13684,卖盘
771,13:49:36,3.11,--,18,5598,卖盘
772,13:49:31,3.11,-0.01,119,37009,卖盘
773,13:49:25,3.12,--,8,2496,买盘
774,13:49:21,3.12,0.01,1,312,买盘
775,13:49:16,3.11,--,1,311,卖盘
776,13:49:10,3.11,-0.01,121,37870,卖盘
777,13:49:06,3.12,0.01,20,6240,买盘
778,13:49:01,3.11,--,2932,911852,卖盘
779,13:48:55,3.11,-0.01,18,5598,卖盘
780,13:48:51,3.12,0.01,2,624,买盘
781,13:48:45,3.11,--,59,18349,卖盘
782,13:48:40,3.11,-0.01,17,5287,卖盘
783,13:48:36,3.12,0.01,1637,510744,买盘
784,13:48:31,3.11,--,46,14333,卖盘
785,13:48:21,3.11,--,25,7775,卖盘
786,13:48:15,3.11,--,217,67487,卖盘
787,13:48:06,3.11,-0.01,5,1555,卖盘
788,13:47:55,3.12,0.01,9,2808,买盘
789,13:47:51,3.11,-0.01,27,8397,卖盘
790,13:47:45,3.12,0.01,2,624,买盘
791,13:47:40,3.11,-0.01,5,1555,卖盘
792,13:47:35,3.12,0.01,578,180336,买盘
793,13:47:30,3.11,--,54,16794,卖盘
794,13:47:21,3.11,--,2,622,卖盘
795,13:47:14,3.11,-0.01,38,11818,卖盘
796,13:47:10,3.12,0.01,10,3120,买盘
797,13:47:05,3.11,--,49,15239,卖盘
798,13:46:50,3.11,--,27,8397,卖盘
799,13:46:45,3.11,--,47,14617,卖盘
800,13:46:40,3.11,--,43,13512,卖盘
801,13:46:30,3.11,--,50,15550,卖盘
802,13:46:20,3.11,-0.01,31,9641,卖盘
803,13:46:15,3.12,0.01,95,29640,买盘
804,13:46:10,3.11,-0.01,30,9330,卖盘
805,13:46:05,3.12,0.01,18,5616,买盘
806,13:45:55,3.11,--,48,14928,卖盘
807,13:45:44,3.11,--,31,9641,卖盘
808,13:45:40,3.11,--,61,18986,卖盘
809,13:45:35,3.11,--,26,8086,卖盘
810,13:45:30,3.11,-0.01,49,15239,卖盘
811,13:45:25,3.12,0.01,544,169728,买盘
812,13:45:15,3.11,--,500,155500,卖盘
813,13:45:10,3.11,--,30,9330,卖盘
814,13:45:05,3.11,--,17,5287,卖盘
815,13:44:59,3.11,-0.01,30,9330,卖盘
816,13:44:50,3.12,0.01,48,14976,买盘
817,13:44:45,3.11,--,19,5909,卖盘
818,13:44:40,3.11,--,693,215523,卖盘
819,13:44:35,3.11,--,17,5287,卖盘
820,13:44:30,3.11,--,31,9641,卖盘
821,13:44:14,3.11,--,49,15239,卖盘
822,13:44:10,3.11,--,2,622,卖盘
823,13:44:05,3.11,--,30,9330,卖盘
824,13:43:55,3.11,-0.01,67,20837,卖盘
825,13:43:50,3.12,0.01,3,936,买盘
826,13:43:44,3.11,-0.01,55,17244,卖盘
827,13:43:40,3.12,--,166,51792,买盘
828,13:43:35,3.12,0.01,1193,372216,买盘
829,13:43:30,3.11,-0.01,67,20837,卖盘
830,13:43:25,3.12,--,33,10296,买盘
831,13:43:20,3.12,0.01,3,936,买盘
832,13:43:15,3.11,--,19,5909,卖盘
833,13:43:10,3.11,--,957,297627,卖盘
834,13:43:05,3.11,-0.01,17,5287,卖盘
835,13:43:00,3.12,0.01,28,8736,买盘
836,13:42:44,3.11,--,29,9019,卖盘
837,13:42:40,3.11,--,158,49187,卖盘
838,13:42:34,3.11,--,22,6842,卖盘
839,13:42:30,3.11,-0.01,352,109472,卖盘
840,13:42:19,3.12,0.01,97,30264,买盘
841,13:42:15,3.11,--,32,9952,卖盘
842,13:42:04,3.11,--,31,9641,卖盘
843,13:41:59,3.11,--,66,20526,卖盘
844,13:41:55,3.11,--,99,30789,卖盘
845,13:41:49,3.11,--,717,222987,卖盘
846,13:41:44,3.11,--,28,8708,卖盘
847,13:41:40,3.11,--,36,11196,卖盘
848,13:41:29,3.11,--,69,21459,卖盘
849,13:41:25,3.11,--,110,34210,卖盘
850,13:41:19,3.11,--,32,9952,卖盘
851,13:41:15,3.11,-0.01,200,62200,卖盘
852,13:41:10,3.12,--,45,14040,买盘
853,13:41:04,3.12,0.01,10,3120,买盘
854,13:41:00,3.11,-0.01,47,14617,卖盘
855,13:40:54,3.12,0.01,66,20592,买盘
856,13:40:45,3.11,-0.01,49,15239,卖盘
857,13:40:39,3.12,0.01,68,21216,买盘
858,13:40:29,3.11,--,67,20874,卖盘
859,13:40:24,3.11,--,806,250666,卖盘
860,13:40:19,3.11,--,2126,661186,卖盘
861,13:40:14,3.11,-0.01,45,13995,卖盘
862,13:40:08,3.12,--,596,185952,买盘
863,13:40:04,3.12,0.01,3,936,买盘
864,13:39:59,3.11,--,60,18660,卖盘
865,13:39:53,3.11,--,19,5909,卖盘
866,13:39:49,3.11,--,1,311,卖盘
867,13:39:45,3.11,--,410,127510,卖盘
868,13:39:34,3.11,-0.01,17,5287,卖盘
869,13:39:30,3.12,0.01,85,26641,买盘
870,13:39:19,3.11,-0.01,32,9952,卖盘
871,13:39:08,3.12,0.01,221,68952,买盘
872,13:39:04,3.11,--,20,6220,卖盘
873,13:38:59,3.11,-0.01,159,49449,卖盘
874,13:38:54,3.12,0.01,812,253344,买盘
875,13:38:49,3.11,--,33,10263,卖盘
876,13:38:44,3.11,--,62,19400,卖盘
877,13:38:38,3.11,--,36,11196,卖盘
878,13:38:34,3.11,--,153,47583,卖盘
879,13:38:24,3.11,--,31,9641,卖盘
880,13:38:19,3.11,-0.01,45,13995,卖盘
881,13:38:09,3.12,0.01,151,47112,买盘
882,13:37:59,3.11,--,40,12685,卖盘
883,13:37:53,3.11,--,146,45406,卖盘
884,13:37:49,3.11,-0.01,82,25502,卖盘
885,13:37:39,3.12,--,9,2808,买盘
886,13:37:34,3.12,0.01,35,10920,买盘
887,13:37:29,3.11,--,36,11196,卖盘
888,13:37:23,3.11,-0.01,51,15861,卖盘
889,13:37:19,3.12,0.01,1595,497640,买盘
890,13:37:08,3.11,-0.01,225,69975,卖盘
891,13:37:04,3.12,0.01,158,49296,买盘
892,13:36:59,3.11,-0.01,29,9019,卖盘
893,13:36:53,3.12,--,1,312,买盘
894,13:36:49,3.12,0.01,54,16848,买盘
895,13:36:38,3.11,--,48,14928,卖盘
896,13:36:34,3.11,--,18,5598,卖盘
897,13:36:29,3.11,--,31,9641,卖盘
898,13:36:23,3.11,-0.01,553,171983,卖盘
899,13:36:19,3.12,0.01,640,199680,买盘
900,13:36:08,3.11,--,31,9641,卖盘
901,13:35:49,3.11,--,33,10263,卖盘
902,13:35:44,3.11,--,28,8708,卖盘
903,13:35:38,3.11,-0.01,49,15239,卖盘
904,13:35:34,3.12,0.01,28,8736,买盘
905,13:35:24,3.11,-0.01,6,1866,卖盘
906,13:35:19,3.12,--,1106,345072,买盘
907,13:35:14,3.12,--,1,312,买盘
908,13:35:08,3.12,--,13,4056,买盘
909,13:35:04,3.12,--,1,312,买盘
910,13:34:58,3.12,--,1,312,买盘
911,13:34:49,3.12,--,403,125736,买盘
912,13:34:38,3.12,0.01,3,936,买盘
913,13:34:34,3.11,-0.01,1519,472409,卖盘
914,13:34:23,3.12,--,2,624,买盘
915,13:34:19,3.12,0.01,1,312,买盘
916,13:34:13,3.11,-0.01,3,933,卖盘
917,13:34:08,3.12,--,1,312,买盘
918,13:34:04,3.12,0.01,1605,500760,买盘
919,13:33:58,3.11,-0.01,1501,466811,卖盘
920,13:33:53,3.12,0.01,1,312,买盘
921,13:33:49,3.11,-0.01,27,8397,卖盘
922,13:33:43,3.12,0.01,548,170976,买盘
923,13:33:38,3.11,--,70,21770,卖盘
924,13:33:34,3.11,--,28,8708,卖盘
925,13:33:23,3.11,-0.01,51,15861,卖盘
926,13:33:19,3.12,0.01,597,186264,买盘
927,13:33:09,3.11,--,4,1244,卖盘
928,13:32:48,3.11,--,7,2177,卖盘
929,13:32:34,3.11,--,21,6531,卖盘
930,13:32:18,3.11,-0.01,67,20837,卖盘
931,13:32:13,3.12,--,4,1248,买盘
932,13:31:58,3.12,--,1356,423072,买盘
933,13:31:53,3.12,0.01,1,312,买盘
934,13:31:33,3.11,--,18,5598,卖盘
935,13:31:23,3.11,--,471,146481,卖盘
936,13:31:13,3.11,-0.01,1,311,卖盘
937,13:31:08,3.12,--,14,4368,买盘
938,13:31:02,3.12,--,597,186264,买盘
939,13:30:58,3.12,--,50,15600,买盘
940,13:30:47,3.12,0.01,646,201552,买盘
941,13:30:43,3.11,--,55,17105,卖盘
942,13:30:32,3.11,-0.01,18,5598,卖盘
943,13:30:17,3.12,--,474,147888,买盘
944,13:30:13,3.12,--,60,18720,买盘
945,13:30:08,3.12,--,30,9360,买盘
946,13:30:02,3.12,--,1,312,买盘
947,13:29:58,3.12,--,6,1872,买盘
948,13:29:53,3.12,0.01,2,624,买盘
949,13:29:47,3.11,-0.01,1,311,卖盘
950,13:29:43,3.12,--,1633,509496,买盘
951,13:29:38,3.12,0.01,4,1248,买盘
952,13:29:32,3.11,-0.01,17,5287,卖盘
953,13:29:17,3.12,0.01,2306,719472,买盘
954,13:29:13,3.11,--,12,3732,卖盘
955,13:29:02,3.11,--,33,10263,卖盘
956,13:28:53,3.11,-0.01,27,8397,卖盘
957,13:28:47,3.12,0.01,598,186576,买盘
958,13:28:43,3.11,--,31,9641,卖盘
959,13:28:32,3.11,--,146,45406,卖盘
960,13:28:28,3.11,-0.01,2,622,卖盘
961,13:28:23,3.12,0.01,1,312,买盘
962,13:28:17,3.11,--,31,9641,卖盘
963,13:28:13,3.11,--,497,154567,卖盘
964,13:28:08,3.11,--,32,9952,卖盘
965,13:28:02,3.11,--,2,622,卖盘
966,13:27:58,3.11,--,77,23947,卖盘
967,13:27:53,3.11,--,1474,458414,卖盘
968,13:27:47,3.11,--,92,28612,卖盘
969,13:27:43,3.11,-0.01,10,3110,卖盘
970,13:27:38,3.12,0.01,1771,552552,买盘
971,13:27:32,3.11,--,45,13995,卖盘
972,13:27:28,3.11,--,1,311,卖盘
973,13:27:23,3.11,--,32,9952,卖盘
974,13:27:17,3.11,-0.01,10,3110,卖盘
975,13:27:13,3.12,0.01,42,13104,买盘
976,13:27:02,3.11,--,31,9641,卖盘
977,13:26:52,3.11,--,18,5598,卖盘
978,13:26:47,3.11,-0.01,32,9952,卖盘
979,13:26:43,3.12,0.01,32,9984,买盘
980,13:26:32,3.11,-0.01,48,14928,卖盘
981,13:26:28,3.12,0.01,622,194064,买盘
982,13:26:22,3.11,--,43,13373,卖盘
983,13:26:17,3.11,--,28,8708,卖盘
984,13:26:12,3.11,--,31,9641,卖盘
985,13:26:08,3.11,-0.01,1,311,卖盘
986,13:26:02,3.12,--,560,174720,买盘
987,13:25:58,3.12,0.01,32,9984,买盘
988,13:25:47,3.11,-0.01,28,8708,卖盘
989,13:25:42,3.12,0.01,300,93600,买盘
990,13:25:37,3.11,--,62,19282,卖盘
991,13:25:32,3.11,--,18,5598,卖盘
992,13:25:27,3.11,--,57,17727,卖盘
993,13:25:22,3.11,--,913,283943,卖盘
994,13:25:12,3.11,--,32,9952,卖盘
995,13:25:07,3.11,--,1,311,卖盘
996,13:25:02,3.11,-0.01,130,40430,卖盘
997,13:24:57,3.12,--,4,1248,买盘
998,13:24:52,3.12,0.01,500,156000,买盘
999,13:24:47,3.11,--,30,9330,卖盘
1000,13:24:42,3.11,-0.01,30,9330,卖盘
1001,13:24:37,3.12,0.01,696,217152,买盘
1002,13:24:32,3.11,--,58,18038,卖盘
1003,13:24:27,3.11,-0.01,29,9019,卖盘
1004,13:24:22,3.12,--,533,166296,买盘
1005,13:24:17,3.12,0.01,1716,535392,买盘
1006,13:24:12,3.11,--,1254,389994,卖盘
1007,13:24:07,3.11,--,287,89257,卖盘
1008,13:24:02,3.11,--,200,62200,卖盘
1009,13:23:57,3.11,--,33,10263,卖盘
1010,13:23:52,3.11,--,1,311,卖盘
1011,13:23:42,3.11,-0.01,851,264661,卖盘
1012,13:23:37,3.12,0.01,1,312,买盘
1013,13:23:32,3.11,--,49,15239,卖盘
1014,13:23:22,3.11,--,31,9641,卖盘
1015,13:23:17,3.11,--,6,1866,卖盘
1016,13:23:12,3.11,--,30,9330,卖盘
1017,13:23:02,3.11,--,43,13373,卖盘
1018,13:22:56,3.11,-0.01,10,3110,卖盘
1019,13:22:52,3.12,0.01,34,10608,买盘
1020,13:22:47,3.11,--,1,311,卖盘
1021,13:22:37,3.11,--,47,14617,卖盘
1022,13:22:32,3.11,--,300,93300,卖盘
1023,13:22:26,3.11,--,2061,640971,卖盘
1024,13:22:22,3.11,--,1210,376310,卖盘
1025,13:22:17,3.11,--,30,9330,卖盘
1026,13:22:07,3.11,--,1514,470854,卖盘
1027,13:21:56,3.11,--,631,196241,卖盘
1028,13:21:52,3.11,--,212,65932,卖盘
1029,13:21:41,3.11,-0.01,81,25191,卖盘
1030,13:21:37,3.12,0.01,500,156000,买盘
1031,13:21:32,3.11,--,49,15239,卖盘
1032,13:21:26,3.11,--,230,71530,卖盘
1033,13:21:22,3.11,-0.01,3854,1198594,卖盘
1034,13:21:17,3.12,0.01,1,312,买盘
1035,13:21:11,3.11,-0.01,4437,1379907,卖盘
1036,13:21:07,3.12,0.01,1,312,买盘
1037,13:21:02,3.11,--,50,15550,卖盘
1038,13:20:56,3.11,--,10,3110,卖盘
1039,13:20:47,3.11,--,1,311,卖盘
1040,13:20:41,3.11,-0.01,82,25502,卖盘
1041,13:20:37,3.12,0.01,204,63648,买盘
1042,13:20:32,3.11,--,17,5287,卖盘
1043,13:20:26,3.11,-0.01,44,13684,卖盘
1044,13:20:22,3.12,0.01,31,9672,买盘
1045,13:20:17,3.11,--,579,180069,卖盘
1046,13:20:11,3.11,--,285,88774,卖盘
1047,13:20:07,3.11,--,31,9641,卖盘
1048,13:19:56,3.11,--,29,9019,卖盘
1049,13:19:41,3.11,--,139,43229,卖盘
1050,13:19:37,3.11,--,3009,935799,卖盘
1051,13:19:32,3.11,--,81,25191,卖盘
1052,13:19:26,3.11,-0.01,165,51315,卖盘
1053,13:19:22,3.12,0.01,2,624,买盘
1054,13:19:17,3.11,--,194,60334,卖盘
1055,13:19:11,3.11,--,3,933,卖盘
1056,13:19:07,3.11,-0.01,59,18349,卖盘
1057,13:19:01,3.12,0.01,49,15288,买盘
1058,13:18:56,3.11,--,32,9952,卖盘
1059,13:18:51,3.11,--,436,135596,卖盘
1060,13:18:47,3.11,--,54,16794,卖盘
1061,13:18:37,3.11,--,33,10263,卖盘
1062,13:18:32,3.11,--,17,5287,卖盘
1063,13:18:26,3.11,--,28,8708,卖盘
1064,13:18:17,3.11,--,119,37009,卖盘
1065,13:18:11,3.11,--,28,8708,卖盘
1066,13:18:06,3.11,-0.01,32,9952,卖盘
1067,13:18:02,3.12,0.01,2,624,买盘
1068,13:17:51,3.11,--,30,9330,卖盘
1069,13:17:41,3.11,-0.01,144,44784,卖盘
1070,13:17:36,3.12,0.01,4,1248,买盘
1071,13:17:31,3.11,--,18,5598,卖盘
1072,13:17:26,3.11,--,30,9330,卖盘
1073,13:17:21,3.11,--,1,311,卖盘
1074,13:17:16,3.11,--,20,6220,卖盘
1075,13:17:11,3.11,--,131,40741,卖盘
1076,13:16:56,3.11,--,244,75884,卖盘
1077,13:16:51,3.11,--,205,63755,卖盘
1078,13:16:46,3.11,--,57,17727,卖盘
1079,13:16:41,3.11,-0.01,789,245379,卖盘
1080,13:16:36,3.12,0.01,14,4368,买盘
1081,13:16:31,3.11,-0.01,50,15550,卖盘
1082,13:16:26,3.12,--,1,312,买盘
1083,13:16:11,3.12,--,2,624,买盘
1084,13:16:06,3.12,0.01,1,312,买盘
1085,13:16:01,3.11,--,21,6531,卖盘
1086,13:15:51,3.11,--,1,311,卖盘
1087,13:15:31,3.11,--,19,5909,卖盘
1088,13:15:26,3.11,--,819,254709,卖盘
1089,13:15:21,3.11,-0.01,3571,1110581,卖盘
1090,13:15:16,3.12,0.01,1,312,买盘
1091,13:15:05,3.11,--,20,6220,卖盘
1092,13:14:56,3.11,--,1,311,卖盘
1093,13:14:50,3.11,--,202,62822,卖盘
1094,13:14:46,3.11,--,123,38253,卖盘
1095,13:14:41,3.11,-0.01,1,311,卖盘
1096,13:14:35,3.12,0.01,1,312,买盘
1097,13:14:31,3.11,--,21,6531,卖盘
1098,13:14:26,3.11,-0.01,10,3110,卖盘
1099,13:14:20,3.12,--,2,624,买盘
1100,13:14:16,3.12,0.01,52,16224,买盘
1101,13:14:11,3.11,--,1,311,卖盘
1102,13:14:05,3.11,-0.01,1,311,卖盘
1103,13:14:01,3.12,0.01,1,312,买盘
1104,13:13:50,3.11,--,40,12440,卖盘
1105,13:13:46,3.11,--,1,311,卖盘
1106,13:13:35,3.11,--,201,62511,卖盘
1107,13:13:31,3.11,--,20,6220,卖盘
1108,13:13:26,3.11,--,100,31100,卖盘
1109,13:13:16,3.11,--,340,105740,卖盘
1110,13:13:11,3.11,--,11,3421,卖盘
1111,13:13:05,3.11,-0.01,1,311,卖盘
1112,13:12:56,3.12,0.01,3,936,买盘
1113,13:12:50,3.11,--,2,622,卖盘
1114,13:12:46,3.11,-0.01,1,311,卖盘
1115,13:12:41,3.12,0.01,10,3120,买盘
1116,13:12:31,3.11,--,17,5287,卖盘
1117,13:12:26,3.11,--,2,622,卖盘
1118,13:12:20,3.11,-0.01,1,311,卖盘
1119,13:12:16,3.12,0.01,2,624,买盘
1120,13:12:11,3.11,-0.01,1,311,卖盘
1121,13:12:05,3.12,0.01,2,624,买盘
1122,13:12:01,3.11,-0.01,101,31411,卖盘
1123,13:11:50,3.12,0.01,31,9672,买盘
1124,13:11:45,3.11,--,171,53181,卖盘
1125,13:11:41,3.11,--,6,1866,卖盘
1126,13:11:35,3.11,--,86,26746,卖盘
1127,13:11:31,3.11,-0.01,19,5909,卖盘
1128,13:11:25,3.12,0.01,200,62400,买盘
1129,13:11:20,3.11,-0.01,100,31100,卖盘
1130,13:11:15,3.12,--,224,69888,买盘
1131,13:11:05,3.12,--,4,1248,买盘
1132,13:11:00,3.12,--,5,1560,买盘
1133,13:10:50,3.12,0.01,28,8736,买盘
1134,13:10:45,3.11,--,171,53181,卖盘
1135,13:10:40,3.11,--,202,62822,卖盘
1136,13:10:35,3.11,--,32,9952,卖盘
1137,13:10:30,3.11,-0.01,411,127821,卖盘
1138,13:10:25,3.12,0.01,1,312,买盘
1139,13:10:20,3.11,--,2,622,卖盘
1140,13:10:15,3.11,--,408,126888,卖盘
1141,13:10:10,3.11,--,100,31100,卖盘
1142,13:10:05,3.11,--,34,10574,卖盘
1143,13:10:00,3.11,-0.01,82,25502,卖盘
1144,13:09:50,3.12,0.01,53,16536,买盘
1145,13:09:45,3.11,--,257,79927,卖盘
1146,13:09:40,3.11,--,29,9019,卖盘
1147,13:09:35,3.11,--,3852,1197972,卖盘
1148,13:09:30,3.11,--,57,17727,卖盘
1149,13:09:20,3.11,--,31,9641,卖盘
1150,13:09:10,3.11,-0.01,30,9330,卖盘
1151,13:09:05,3.12,0.01,135,42120,买盘
1152,13:09:00,3.11,--,27,8397,卖盘
1153,13:08:55,3.11,-0.01,331,102941,卖盘
1154,13:08:50,3.12,0.01,29,9048,买盘
1155,13:08:40,3.11,--,31,9641,卖盘
1156,13:08:30,3.11,--,58,18038,卖盘
1157,13:08:15,3.11,--,30,9330,卖盘
1158,13:08:10,3.11,--,201,62511,卖盘
1159,13:08:05,3.11,-0.01,259,80549,卖盘
1160,13:08:00,3.12,0.01,1,312,买盘
1161,13:07:55,3.11,-0.01,36,11196,卖盘
1162,13:07:45,3.12,0.01,172,53664,买盘
1163,13:07:40,3.11,--,4,1244,卖盘
1164,13:07:35,3.11,--,27,8397,卖盘
1165,13:07:30,3.11,--,48,14928,卖盘
1166,13:07:20,3.11,--,26,8086,卖盘
1167,13:07:09,3.11,--,26,8086,卖盘
1168,13:06:59,3.11,-0.01,62,19282,卖盘
1169,13:06:55,3.12,0.01,2,624,买盘
1170,13:06:44,3.11,--,38,11818,卖盘
1171,13:06:40,3.11,--,29,9019,卖盘
1172,13:06:29,3.11,-0.01,45,13995,卖盘
1173,13:06:25,3.12,0.01,9,2808,买盘
1174,13:06:14,3.11,-0.01,27,8397,卖盘
1175,13:06:10,3.12,0.01,83,25896,买盘
1176,13:05:59,3.11,--,32,9952,卖盘
1177,13:05:55,3.11,-0.01,28,8708,卖盘
1178,13:05:50,3.12,0.01,2,624,买盘
1179,13:05:44,3.11,--,1,311,卖盘
1180,13:05:40,3.11,--,30,9330,卖盘
1181,13:05:35,3.11,--,31,9641,卖盘
1182,13:05:29,3.11,--,23,7153,卖盘
1183,13:05:25,3.11,--,3,933,卖盘
1184,13:05:20,3.11,--,25,7775,卖盘
1185,13:05:14,3.11,--,2,622,卖盘
1186,13:05:10,3.11,--,26,8086,卖盘
1187,13:04:59,3.11,--,60,18660,卖盘
1188,13:04:44,3.11,--,114,35454,卖盘
1189,13:04:40,3.11,--,10,3110,卖盘
1190,13:04:34,3.11,--,102,31722,卖盘
1191,13:04:29,3.11,-0.01,8114,2523454,卖盘
1192,13:04:25,3.12,0.01,29,9048,买盘
1193,13:04:14,3.11,--,138,42918,卖盘
1194,13:04:10,3.11,--,55,17105,卖盘
1195,13:04:04,3.11,--,27,8397,卖盘
1196,13:03:59,3.11,--,1,311,卖盘
1197,13:03:49,3.11,--,29,9019,卖盘
1198,13:03:44,3.11,--,1,311,卖盘
1199,13:03:39,3.11,--,39,12129,卖盘
1200,13:03:34,3.11,--,2,622,卖盘
1201,13:03:29,3.11,--,47,14617,卖盘
1202,13:03:24,3.11,-0.01,105,32655,卖盘
1203,13:03:19,3.12,--,42,13104,买盘
1204,13:03:14,3.12,0.01,8,2496,买盘
1205,13:03:09,3.11,-0.01,26,8086,卖盘
1206,13:03:04,3.12,0.01,1,312,买盘
1207,13:02:54,3.11,-0.01,30,9330,卖盘
1208,13:02:49,3.12,0.01,28,8736,买盘
1209,13:02:39,3.11,-0.01,10,3110,卖盘
1210,13:02:34,3.12,0.01,1,312,买盘
1211,13:02:29,3.11,-0.01,48,14928,卖盘
1212,13:02:24,3.12,0.01,30,9360,买盘
1213,13:02:09,3.11,--,30,9330,卖盘
1214,13:02:04,3.11,--,101,31411,卖盘
1215,13:01:59,3.11,-0.01,26,8086,卖盘
1216,13:01:54,3.12,0.01,166,51792,买盘
1217,13:01:49,3.11,--,1,311,卖盘
1218,13:01:44,3.11,--,33,10263,卖盘
1219,13:01:39,3.11,-0.01,31,9641,卖盘
1220,13:01:34,3.12,0.01,19,5928,买盘
1221,13:01:24,3.11,--,2372,737692,卖盘
1222,13:01:19,3.11,-0.01,27,8397,卖盘
1223,13:01:09,3.12,0.01,86,26832,买盘
1224,13:01:04,3.11,--,27,8397,卖盘
1225,13:00:54,3.11,-0.01,55,17105,卖盘
1226,13:00:44,3.12,0.01,1,312,买盘
1227,13:00:39,3.11,-0.01,1,311,卖盘
1228,13:00:19,3.12,0.01,191,59592,买盘
1229,13:00:14,3.11,--,28,8708,卖盘
1230,13:00:08,3.11,--,674,209654,卖盘
1231,13:00:04,3.11,--,692,215212,卖盘
1232,11:30:00,3.11,--,0,0,卖盘
1233,11:29:59,3.11,--,0,0,卖盘
1234,11:29:59,3.11,--,770,239470,卖盘
1235,11:29:51,3.11,-0.01,45,13995,卖盘
1236,11:29:41,3.12,0.01,329,102648,买盘
1237,11:29:35,3.11,--,17,5287,卖盘
1238,11:29:30,3.11,-0.01,90,27990,卖盘
1239,11:29:26,3.12,0.01,11,3432,买盘
1240,11:29:21,3.11,--,31,9641,卖盘
1241,11:29:15,3.11,--,27,8397,卖盘
1242,11:29:11,3.11,-0.01,5,1555,卖盘
1243,11:29:05,3.12,0.01,1,312,买盘
1244,11:29:00,3.11,--,80,24880,卖盘
1245,11:28:55,3.11,--,1001,311311,卖盘
1246,11:28:50,3.11,-0.01,28,8708,卖盘
1247,11:28:45,3.12,0.01,56,17472,买盘
1248,11:28:41,3.11,--,1,311,卖盘
1249,11:28:35,3.11,-0.01,46,14306,卖盘
1250,11:28:30,3.12,0.01,127,39624,买盘
1251,11:28:20,3.11,-0.01,27,8397,卖盘
1252,11:28:15,3.12,0.01,344,107328,买盘
1253,11:28:10,3.11,-0.01,31,9641,卖盘
1254,11:28:05,3.12,0.01,920,287040,买盘
1255,11:28:00,3.11,-0.01,25,7775,卖盘
1256,11:27:45,3.12,0.01,127,39624,买盘
1257,11:27:35,3.11,--,22,6842,卖盘
1258,11:27:30,3.11,--,65,20215,卖盘
1259,11:27:20,3.11,-0.01,7,2177,卖盘
1260,11:27:15,3.12,--,104,32448,买盘
1261,11:27:10,3.12,--,201,62712,买盘
1262,11:27:05,3.12,--,12,3744,买盘
1263,11:27:00,3.12,0.01,342,106704,买盘
1264,11:26:45,3.11,-0.01,10,3110,卖盘
1265,11:26:40,3.12,--,201,62712,买盘
1266,11:26:35,3.12,0.01,1335,416520,买盘
1267,11:26:30,3.11,-0.01,1,311,卖盘
1268,11:26:25,3.12,--,240,74880,买盘
1269,11:26:10,3.12,--,18,5616,买盘
1270,11:25:44,3.12,0.01,1,312,买盘
1271,11:25:35,3.11,-0.01,17,5287,卖盘
1272,11:25:25,3.12,0.01,34,10608,买盘
1273,11:25:20,3.11,--,11,3421,卖盘
1274,11:25:05,3.11,--,34,10574,卖盘
1275,11:25:00,3.11,--,523,162653,卖盘
1276,11:24:55,3.11,--,2,622,卖盘
1277,11:24:50,3.11,--,1,311,卖盘
1278,11:24:35,3.11,-0.01,117,36387,卖盘
1279,11:24:29,3.12,--,1117,348504,买盘
1280,11:24:24,3.12,0.01,201,62712,买盘
1281,11:24:14,3.11,-0.01,133,41363,卖盘
1282,11:24:09,3.12,0.01,97,30264,买盘
1283,11:23:50,3.11,-0.01,40,12440,卖盘
1284,11:23:44,3.12,0.01,67,20904,买盘
1285,11:23:39,3.11,--,2,622,卖盘
1286,11:23:35,3.11,-0.01,28,8708,卖盘
1287,11:23:14,3.12,--,1117,348504,买盘
1288,11:22:50,3.12,--,201,62712,买盘
1289,11:22:39,3.12,--,817,254904,买盘
1290,11:22:35,3.12,0.01,34,10608,买盘
1291,11:22:29,3.11,--,31,9641,卖盘
1292,11:22:24,3.11,--,23,7153,卖盘
1293,11:22:14,3.11,--,34,10574,卖盘
1294,11:22:09,3.11,--,25,7775,卖盘
1295,11:22:05,3.11,--,10,3110,卖盘
1296,11:21:59,3.11,--,23,7153,卖盘
1297,11:21:54,3.11,-0.01,22,6842,卖盘
1298,11:21:44,3.12,0.01,12,3744,买盘
1299,11:21:39,3.11,--,23,7153,卖盘
1300,11:21:35,3.11,--,18,5598,卖盘
1301,11:21:29,3.11,--,31,9641,卖盘
1302,11:21:20,3.11,--,21,6531,卖盘
1303,11:21:14,3.11,--,30,9330,卖盘
1304,11:21:09,3.11,--,20,6220,卖盘
1305,11:20:59,3.11,--,35,10885,卖盘
1306,11:20:44,3.11,--,25,7775,卖盘
1307,11:20:39,3.11,--,324,100764,卖盘
1308,11:20:34,3.11,--,27,8397,卖盘
1309,11:20:29,3.11,--,2,622,卖盘
1310,11:20:24,3.11,--,23,7153,卖盘
1311,11:20:14,3.11,-0.01,22,6842,卖盘
1312,11:20:04,3.12,0.01,1,312,买盘
1313,11:19:59,3.11,--,34,10574,卖盘
1314,11:19:49,3.11,--,20,6220,卖盘
1315,11:19:44,3.11,--,11,3421,卖盘
1316,11:19:39,3.11,--,43,13373,卖盘
1317,11:19:34,3.11,--,18,5598,卖盘
1318,11:19:29,3.11,-0.01,20,6220,卖盘
1319,11:19:19,3.12,0.01,2,624,买盘
1320,11:19:14,3.11,--,1150,357650,卖盘
1321,11:19:09,3.11,--,24,7464,卖盘
1322,11:19:04,3.11,--,1,311,卖盘
1323,11:18:59,3.11,--,20,6220,卖盘
1324,11:18:54,3.11,--,32,9952,卖盘
1325,11:18:49,3.11,--,8,2488,卖盘
1326,11:18:44,3.11,--,21,6531,卖盘
1327,11:18:34,3.11,--,40,12440,卖盘
1328,11:18:29,3.11,--,85,26435,卖盘
1329,11:18:24,3.11,--,21,6531,卖盘
1330,11:18:14,3.11,--,23,7153,卖盘
1331,11:18:08,3.11,--,826,256886,卖盘
1332,11:17:59,3.11,-0.01,24,7464,卖盘
1333,11:17:53,3.12,0.01,1,312,买盘
1334,11:17:49,3.11,--,24,7464,卖盘
1335,11:17:44,3.11,--,6,1866,卖盘
1336,11:17:38,3.11,--,45,13995,卖盘
1337,11:17:34,3.11,--,18,5598,卖盘
1338,11:17:29,3.11,--,26,8086,卖盘
1339,11:17:23,3.11,--,13,4043,卖盘
1340,11:17:14,3.11,-0.01,309,96099,卖盘
1341,11:17:08,3.12,0.01,150,46800,买盘
1342,11:17:04,3.11,--,25,7775,卖盘
1343,11:16:59,3.11,--,23,7153,卖盘
1344,11:16:53,3.11,--,202,62822,卖盘
1345,11:16:49,3.11,--,400,124400,卖盘
1346,11:16:44,3.11,-0.01,22,6842,卖盘
1347,11:16:34,3.12,0.01,18,5616,买盘
1348,11:16:29,3.11,--,21,6531,卖盘
1349,11:16:23,3.11,--,33,10263,卖盘
1350,11:16:14,3.11,--,25,7775,卖盘
1351,11:16:08,3.11,--,105,32655,卖盘
1352,11:15:59,3.11,--,22,6842,卖盘
1353,11:15:53,3.11,--,15,4665,卖盘
1354,11:15:48,3.11,--,24,7464,卖盘
1355,11:15:38,3.11,--,137,42607,卖盘
1356,11:15:33,3.11,--,22,6842,卖盘
1357,11:15:28,3.11,--,37,11507,卖盘
1358,11:15:23,3.11,--,1,311,卖盘
1359,11:15:18,3.11,--,25,7775,卖盘
1360,11:15:08,3.11,--,75,23325,卖盘
1361,11:14:53,3.11,--,179,55669,卖盘
1362,11:14:48,3.11,--,23,7153,卖盘
1363,11:14:43,3.11,--,1,311,卖盘
1364,11:14:38,3.11,-0.01,21,6531,卖盘
1365,11:14:33,3.12,0.01,30,9360,买盘
1366,11:14:23,3.11,--,41,12751,卖盘
1367,11:14:18,3.11,--,80,24880,卖盘
1368,11:14:13,3.11,--,24,7464,卖盘
1369,11:14:03,3.11,-0.01,25,7775,卖盘
1370,11:13:58,3.12,0.01,2,624,买盘
1371,11:13:53,3.11,--,1273,395903,卖盘
1372,11:13:48,3.11,--,44,13684,卖盘
1373,11:13:43,3.11,--,23,7153,卖盘
1374,11:13:38,3.11,--,62,19282,卖盘
1375,11:13:33,3.11,--,39,12129,卖盘
1376,11:13:23,3.11,--,53,16483,卖盘
1377,11:13:18,3.11,--,156,48516,卖盘
1378,11:13:08,3.11,--,2,622,卖盘
1379,11:13:03,3.11,--,150,46650,卖盘
1380,11:12:58,3.11,--,20,6220,卖盘
1381,11:12:53,3.11,-0.01,1,311,卖盘
1382,11:12:48,3.12,0.01,24,7488,买盘
1383,11:12:43,3.11,--,10,3110,卖盘
1384,11:12:38,3.11,--,28,8708,卖盘
1385,11:12:33,3.11,--,137,42607,卖盘
1386,11:12:23,3.11,--,66,20526,卖盘
1387,11:12:18,3.11,--,13,4043,卖盘
1388,11:12:08,3.11,-0.01,83,25813,卖盘
1389,11:12:03,3.12,0.01,10,3120,买盘
1390,11:11:58,3.11,--,24,7464,卖盘
1391,11:11:53,3.11,-0.01,22,6842,卖盘
1392,11:11:48,3.12,0.01,12,3744,买盘
1393,11:11:43,3.11,--,1,311,卖盘
1394,11:11:38,3.11,--,32,9952,卖盘
1395,11:11:33,3.11,--,20,6220,卖盘
1396,11:11:28,3.11,--,22,6842,卖盘
1397,11:11:23,3.11,--,82,25502,卖盘
1398,11:11:18,3.11,--,22,6842,卖盘
1399,11:11:08,3.11,--,24,7464,卖盘
1400,11:11:02,3.11,--,2,622,卖盘
1401,11:10:58,3.11,--,21,6531,卖盘
1402,11:10:47,3.11,--,35,10885,卖盘
1403,11:10:43,3.11,--,550,171050,卖盘
1404,11:10:38,3.11,--,3,933,卖盘
1405,11:10:32,3.11,-0.01,101,31411,卖盘
1406,11:10:28,3.12,--,1,312,买盘
1407,11:10:23,3.12,0.01,52,16224,买盘
1408,11:10:17,3.11,--,99,30789,卖盘
1409,11:10:08,3.11,--,20,6220,卖盘
1410,11:10:02,3.11,--,28,8708,卖盘
1411,11:09:58,3.11,-0.01,2,622,卖盘
1412,11:09:53,3.12,0.01,1,312,买盘
1413,11:09:47,3.11,--,21,6531,卖盘
1414,11:09:38,3.11,--,31,9641,卖盘
1415,11:09:32,3.11,-0.01,51,15861,卖盘
1416,11:09:28,3.12,0.01,2,624,买盘
1417,11:09:23,3.11,--,10,3110,卖盘
1418,11:09:17,3.11,--,25,7775,卖盘
1419,11:09:02,3.11,--,44,13684,卖盘
1420,11:08:53,3.11,-0.01,274,85214,卖盘
1421,11:08:47,3.12,0.01,1,312,买盘
1422,11:08:43,3.11,--,23,7153,卖盘
1423,11:08:37,3.11,--,2,622,卖盘
1424,11:08:32,3.11,--,38,11818,卖盘
1425,11:08:22,3.11,--,71,22081,卖盘
1426,11:08:17,3.11,--,211,65621,卖盘
1427,11:08:12,3.11,-0.01,19,5909,卖盘
1428,11:08:08,3.12,0.01,26,8112,买盘
1429,11:07:58,3.11,--,24,7464,卖盘
1430,11:07:47,3.11,-0.01,24,7464,卖盘
1431,11:07:43,3.12,0.01,3,936,买盘
1432,11:07:37,3.11,--,21,6531,卖盘
1433,11:07:32,3.11,--,18,5598,卖盘
1434,11:07:27,3.11,--,22,6842,卖盘
1435,11:07:17,3.11,--,52,16172,卖盘
1436,11:07:12,3.11,--,24,7464,卖盘
1437,11:07:07,3.11,--,15,4665,卖盘
1438,11:07:02,3.11,-0.01,41,12751,卖盘
1439,11:06:57,3.12,--,1492,465504,买盘
1440,11:06:52,3.12,--,1,312,买盘
1441,11:06:47,3.12,0.01,5,1560,买盘
1442,11:06:42,3.11,--,134,41674,卖盘
1443,11:06:32,3.11,--,228,70908,卖盘
1444,11:06:17,3.11,--,80,24880,卖盘
1445,11:06:07,3.11,-0.01,1,311,卖盘
1446,11:06:02,3.12,--,11,3432,买盘
1447,11:05:52,3.12,0.01,456,142272,买盘
1448,11:05:47,3.11,--,52,16172,卖盘
1449,11:05:42,3.11,--,7,2177,卖盘
1450,11:05:37,3.11,--,1,311,卖盘
1451,11:05:32,3.11,-0.01,210,65310,卖盘
1452,11:05:27,3.12,--,205,63960,买盘
1453,11:05:22,3.12,0.01,120,37440,买盘
1454,11:05:17,3.11,--,1550,482050,卖盘
1455,11:05:12,3.11,-0.01,1229,382219,卖盘
1456,11:05:07,3.12,0.01,398,124176,买盘
1457,11:05:02,3.11,-0.01,1,311,卖盘
1458,11:04:57,3.12,0.01,205,63960,买盘
1459,11:04:52,3.11,--,5,1555,卖盘
1460,11:04:47,3.11,-0.01,42,13062,卖盘
1461,11:04:42,3.12,0.01,29,9048,买盘
1462,11:04:37,3.11,--,92,28612,卖盘
1463,11:04:32,3.11,--,18,5598,卖盘
1464,11:04:27,3.11,--,1469,456859,买盘
1465,11:04:22,3.11,0.01,305,94855,买盘
1466,11:04:17,3.1,-0.01,2,620,卖盘
1467,11:04:12,3.11,--,103,32033,买盘
1468,11:04:02,3.11,0.01,210,65310,买盘
1469,11:03:52,3.1,-0.01,257,79670,卖盘
1470,11:03:47,3.11,--,44,13684,买盘
1471,11:03:41,3.11,0.01,10,3110,中性盘
1472,11:03:32,3.1,-0.02,3017,935270,卖盘
1473,11:03:26,3.12,0.02,205,63960,买盘
1474,11:03:22,3.1,--,1,310,卖盘
1475,11:03:17,3.1,-0.02,22,6820,卖盘
1476,11:03:11,3.12,0.01,3414,1065270,买盘
1477,11:03:07,3.11,--,42,13062,买盘
1478,11:03:02,3.11,--,102,31722,买盘
1479,11:02:56,3.11,--,1436,446596,买盘
1480,11:02:47,3.11,--,369,114759,买盘
1481,11:02:41,3.11,--,129,40119,买盘
1482,11:02:37,3.11,0.01,2,622,买盘
1483,11:02:32,3.1,-0.01,69,21390,卖盘
1484,11:02:26,3.11,--,224,69664,买盘
1485,11:02:11,3.11,--,231,71841,买盘
1486,11:02:02,3.11,--,41,12751,买盘
1487,11:01:56,3.11,0.01,216,67176,买盘
1488,11:01:52,3.1,--,213,66030,卖盘
1489,11:01:47,3.1,-0.01,75,23250,卖盘
1490,11:01:41,3.11,--,108,33588,买盘
1491,11:01:37,3.11,0.01,507,157677,买盘
1492,11:01:32,3.1,--,146,45260,卖盘
1493,11:01:26,3.1,-0.01,198,61380,卖盘
1494,11:01:22,3.11,--,201,62511,买盘
1495,11:01:17,3.11,--,1405,436955,买盘
1496,11:01:11,3.11,--,335,104185,买盘
1497,11:01:07,3.11,--,103,32033,买盘
1498,11:01:01,3.11,--,1042,324062,买盘
1499,11:00:56,3.11,--,1230,382530,买盘
1500,11:00:52,3.11,--,223,69353,买盘
1501,11:00:47,3.11,--,10404,3235644,买盘
1502,11:00:41,3.11,--,217,67487,买盘
1503,11:00:36,3.11,--,288,89568,买盘
1504,11:00:31,3.11,--,9,2799,买盘
1505,11:00:26,3.11,0.01,622,193442,买盘
1506,11:00:22,3.1,-0.01,433,134230,卖盘
1507,11:00:16,3.11,--,7993,2485823,买盘
1508,11:00:11,3.11,--,7950,2472450,买盘
1509,11:00:07,3.11,--,7652,2379772,买盘
1510,11:00:01,3.11,0.01,4454,1385194,买盘
1511,10:59:56,3.1,--,1502,465620,卖盘
1512,10:59:51,3.1,-0.01,19,5890,卖盘
1513,10:59:41,3.11,--,550,171050,买盘
1514,10:59:36,3.11,--,1414,439754,买盘
1515,10:59:26,3.11,0.01,21,6531,买盘
1516,10:59:21,3.1,-0.01,454,140740,卖盘
1517,10:59:16,3.11,0.01,552,171672,买盘
1518,10:59:06,3.1,-0.01,1,310,卖盘
1519,10:59:01,3.11,0.01,86,26746,买盘
1520,10:58:56,3.1,--,340,105400,卖盘
1521,10:58:41,3.1,--,2,620,卖盘
1522,10:58:36,3.1,-0.01,105,32550,卖盘
1523,10:58:26,3.11,0.01,1,311,买盘
1524,10:58:11,3.1,--,52,16120,卖盘
1525,10:58:06,3.1,-0.01,105,32550,卖盘
1526,10:58:01,3.11,0.01,2,622,买盘
1527,10:57:56,3.1,--,1,310,卖盘
1528,10:57:51,3.1,--,18,5580,卖盘
1529,10:57:46,3.1,--,1,310,卖盘
1530,10:57:41,3.1,--,18,5580,卖盘
1531,10:57:36,3.1,-0.01,17,5270,卖盘
1532,10:57:31,3.11,--,1,311,买盘
1533,10:57:20,3.11,0.01,128,39808,买盘
1534,10:57:16,3.1,--,19,5890,卖盘
1535,10:57:05,3.1,-0.01,17,5270,卖盘
1536,10:57:01,3.11,0.01,84,26124,买盘
1537,10:56:56,3.1,--,80,24800,卖盘
1538,10:56:50,3.1,--,18,5580,卖盘
1539,10:56:46,3.1,--,1,310,卖盘
1540,10:56:41,3.1,--,1,310,卖盘
1541,10:56:35,3.1,-0.01,35,10850,卖盘
1542,10:56:31,3.11,0.01,63,19593,买盘
1543,10:56:26,3.1,--,20,6200,卖盘
1544,10:56:20,3.1,--,17,5270,卖盘
1545,10:56:11,3.1,-0.01,53,16430,卖盘
1546,10:56:05,3.11,0.01,1,311,买盘
1547,10:55:56,3.1,-0.01,114,35340,卖盘
1548,10:55:41,3.11,0.01,4418,1373998,买盘
1549,10:55:35,3.1,-0.01,54,16740,卖盘
1550,10:55:20,3.11,--,3,933,买盘
1551,10:55:10,3.11,0.01,69,21459,买盘
1552,10:55:00,3.1,-0.01,2,620,卖盘
1553,10:54:56,3.11,0.01,50,15550,买盘
1554,10:54:50,3.1,-0.01,22,6820,卖盘
1555,10:54:45,3.11,0.01,3,933,买盘
1556,10:54:41,3.1,-0.01,22,6820,卖盘
1557,10:54:35,3.11,0.01,34,10574,买盘
1558,10:54:20,3.1,--,20,6200,卖盘
1559,10:54:16,3.1,--,1,310,卖盘
1560,10:54:05,3.1,--,643,199330,卖盘
1561,10:54:01,3.1,--,15,4650,卖盘
1562,10:53:50,3.1,-0.01,34,10540,卖盘
1563,10:53:45,3.11,0.01,50,15550,买盘
1564,10:53:35,3.1,--,40,12400,卖盘
1565,10:53:30,3.1,--,25,7750,卖盘
1566,10:53:25,3.1,--,54,16740,卖盘
1567,10:53:20,3.1,--,18,5580,卖盘
1568,10:53:15,3.1,-0.01,351,108810,卖盘
1569,10:53:05,3.11,--,104,32344,买盘
1570,10:52:50,3.11,--,62,19282,买盘
1571,10:52:45,3.11,0.01,404,125644,买盘
1572,10:52:40,3.1,-0.01,20,6200,卖盘
1573,10:52:35,3.11,0.01,85,26435,买盘
1574,10:52:30,3.1,--,101,31310,卖盘
1575,10:52:10,3.1,-0.01,17,5270,卖盘
1576,10:52:05,3.11,0.01,103,32033,买盘
1577,10:51:50,3.1,-0.01,37,11470,卖盘
1578,10:51:35,3.11,0.01,366,113826,买盘
1579,10:51:30,3.1,--,62,19220,卖盘
1580,10:51:25,3.1,--,1,310,卖盘
1581,10:51:20,3.1,-0.01,85,26350,卖盘
1582,10:51:15,3.11,0.01,1,311,买盘
1583,10:51:05,3.1,-0.01,19,5890,卖盘
1584,10:51:00,3.11,--,416,129376,买盘
1585,10:50:50,3.11,0.01,10,3110,买盘
1586,10:50:44,3.1,-0.01,1,310,卖盘
1587,10:50:40,3.11,0.01,20,6220,买盘
1588,10:50:35,3.1,-0.01,35,10850,卖盘
1589,10:50:29,3.11,--,15,4665,买盘
1590,10:50:25,3.11,0.01,205,63755,买盘
1591,10:50:20,3.1,-0.01,17,5270,卖盘
1592,10:50:14,3.11,--,2179,677669,买盘
1593,10:50:10,3.11,0.01,52,16172,买盘
1594,10:50:05,3.1,-0.01,22,6820,卖盘
1595,10:49:59,3.11,--,4529,1408519,买盘
1596,10:49:50,3.11,0.01,2079,646569,买盘
1597,10:49:44,3.1,-0.01,68,21080,卖盘
1598,10:49:40,3.11,--,1,311,买盘
1599,10:49:35,3.11,--,230,71530,买盘
1600,10:49:20,3.11,--,67,20837,买盘
1601,10:49:14,3.11,0.01,2580,802380,买盘
1602,10:49:10,3.1,--,2,620,卖盘
1603,10:48:59,3.1,--,1,310,卖盘
1604,10:48:54,3.1,--,20,6200,卖盘
1605,10:48:50,3.1,--,17,5270,卖盘
1606,10:48:35,3.1,--,17,5270,卖盘
1607,10:48:24,3.1,--,17,5270,卖盘
1608,10:48:14,3.1,--,1,310,卖盘
1609,10:48:09,3.1,--,2,620,卖盘
1610,10:48:04,3.1,--,21,6510,卖盘
1611,10:47:59,3.1,-0.01,27,8370,卖盘
1612,10:47:44,3.11,0.01,2,622,买盘
1613,10:47:39,3.1,--,840,260400,卖盘
1614,10:47:34,3.1,--,18,5580,卖盘
1615,10:47:29,3.1,--,16,4960,卖盘
1616,10:47:24,3.1,--,120,37200,卖盘
1617,10:47:19,3.1,--,17,5270,卖盘
1618,10:47:14,3.1,--,18,5580,卖盘
1619,10:47:04,3.1,--,11,3410,卖盘
1620,10:46:49,3.1,--,1,310,卖盘
1621,10:46:44,3.1,--,21,6510,卖盘
1622,10:46:39,3.1,--,3,930,卖盘
1623,10:46:34,3.1,--,53,16430,卖盘
1624,10:46:29,3.1,-0.01,4,1240,卖盘
1625,10:46:24,3.11,0.01,205,63755,买盘
1626,10:46:19,3.1,-0.01,18,5580,卖盘
1627,10:46:14,3.11,0.01,86,26746,买盘
1628,10:46:09,3.1,--,1,310,卖盘
1629,10:46:04,3.1,--,1,310,卖盘
1630,10:45:59,3.1,--,1104,342240,卖盘
1631,10:45:54,3.1,-0.01,37,11470,卖盘
1632,10:45:49,3.11,0.01,992,308512,买盘
1633,10:45:44,3.1,-0.01,2,620,卖盘
1634,10:45:39,3.11,0.01,60,18660,买盘
1635,10:45:34,3.1,--,18,5580,卖盘
1636,10:45:29,3.1,--,3,930,卖盘
1637,10:45:24,3.1,-0.01,415,128650,卖盘
1638,10:45:14,3.11,0.01,366,113826,买盘
1639,10:45:09,3.1,--,72,22320,卖盘
1640,10:44:59,3.1,--,17,5270,卖盘
1641,10:44:54,3.1,--,106,32860,卖盘
1642,10:44:39,3.1,--,17,5270,卖盘
1643,10:44:34,3.1,--,915,283650,卖盘
1644,10:44:29,3.1,--,19,5890,卖盘
1645,10:44:24,3.1,--,17,5270,卖盘
1646,10:44:19,3.1,--,1,310,卖盘
1647,10:44:14,3.1,--,17,5270,卖盘
1648,10:44:08,3.1,--,2,620,卖盘
1649,10:44:04,3.1,--,76,23560,卖盘
1650,10:43:54,3.1,--,457,141670,卖盘
1651,10:43:49,3.1,--,200,62000,卖盘
1652,10:43:44,3.1,--,1,310,卖盘
1653,10:43:38,3.1,--,17,5270,卖盘
1654,10:43:34,3.1,--,23,7130,卖盘
1655,10:43:23,3.1,--,392,121520,卖盘
1656,10:43:14,3.1,--,2,620,卖盘
1657,10:43:08,3.1,-0.01,2,620,卖盘
1658,10:43:04,3.11,0.01,1,311,买盘
1659,10:42:59,3.1,--,18,5580,卖盘
1660,10:42:53,3.1,--,18,5580,卖盘
1661,10:42:44,3.1,--,91,28210,卖盘
1662,10:42:38,3.1,--,19,5890,卖盘
1663,10:42:34,3.1,--,18,5580,卖盘
1664,10:42:29,3.1,--,5,1550,卖盘
1665,10:42:14,3.1,--,129,39990,卖盘
1666,10:42:08,3.1,--,17,5270,卖盘
1667,10:42:04,3.1,--,1,310,卖盘
1668,10:41:53,3.1,--,2,620,卖盘
1669,10:41:49,3.1,--,1,310,卖盘
1670,10:41:44,3.1,-0.01,29,8990,卖盘
1671,10:41:38,3.11,0.01,2,622,买盘
1672,10:41:34,3.1,--,19,5890,卖盘
1673,10:41:29,3.1,--,90,27900,卖盘
1674,10:41:23,3.1,--,19,5890,卖盘
1675,10:41:19,3.1,--,17,5270,卖盘
1676,10:41:14,3.1,--,710,220100,卖盘
1677,10:41:08,3.1,--,502,155620,卖盘
1678,10:41:04,3.1,--,6,1860,卖盘
1679,10:40:53,3.1,--,109,33790,卖盘
1680,10:40:38,3.1,--,19,5890,卖盘
1681,10:40:33,3.1,-0.01,35,10850,卖盘
1682,10:40:28,3.11,0.01,4,1244,买盘
1683,10:40:23,3.1,--,90,27900,卖盘
1684,10:40:13,3.1,--,1,310,卖盘
1685,10:40:08,3.1,-0.01,17,5270,卖盘
1686,10:40:03,3.11,--,2,622,买盘
1687,10:39:58,3.11,--,696,216456,买盘
1688,10:39:53,3.11,0.01,1,311,买盘
1689,10:39:48,3.1,-0.01,19,5890,卖盘
1690,10:39:43,3.11,--,18,5598,买盘
1691,10:39:38,3.11,0.01,1,311,买盘
1692,10:39:33,3.1,--,17,5270,卖盘
1693,10:39:28,3.1,--,1,310,卖盘
1694,10:39:23,3.1,--,2,620,卖盘
1695,10:39:18,3.1,-0.01,464,143840,卖盘
1696,10:39:08,3.11,--,55,17105,买盘
1697,10:39:03,3.11,0.01,470,146170,买盘
1698,10:38:53,3.1,--,20,6200,卖盘
1699,10:38:48,3.1,-0.01,38,11780,卖盘
1700,10:38:38,3.11,0.01,1,311,买盘
1701,10:38:33,3.1,--,35,10850,卖盘
1702,10:38:28,3.1,-0.01,24,7440,卖盘
1703,10:38:23,3.11,0.01,100,31100,买盘
1704,10:38:18,3.1,--,18,5580,卖盘
1705,10:38:13,3.1,--,9,2790,卖盘
1706,10:38:08,3.1,--,18,5580,卖盘
1707,10:38:03,3.1,-0.01,636,197160,卖盘
1708,10:37:58,3.11,--,464,144304,买盘
1709,10:37:53,3.11,--,1,311,买盘
1710,10:37:48,3.11,0.01,363,112893,买盘
1711,10:37:43,3.1,--,112,34720,卖盘
1712,10:37:33,3.1,-0.01,40,12400,卖盘
1713,10:37:23,3.11,--,5,1555,买盘
1714,10:37:18,3.11,--,23,7153,买盘
1715,10:37:13,3.11,--,357,111027,买盘
1716,10:37:08,3.11,--,5,1555,买盘
1717,10:36:58,3.11,--,470,146170,买盘
1718,10:36:53,3.11,0.01,58,18038,买盘
1719,10:36:47,3.1,-0.01,17,5270,卖盘
1720,10:36:43,3.11,0.01,8,2488,买盘
1721,10:36:38,3.1,--,1,310,卖盘
1722,10:36:32,3.1,--,18,5580,卖盘
1723,10:36:23,3.1,-0.01,18,5580,卖盘
1724,10:36:17,3.11,0.01,166,51626,买盘
1725,10:36:02,3.1,-0.01,18,5580,卖盘
1726,10:35:58,3.11,--,482,149902,买盘
1727,10:35:53,3.11,--,1,311,买盘
1728,10:35:47,3.11,--,585,181935,买盘
1729,10:35:43,3.11,--,1,311,买盘
1730,10:35:38,3.11,0.01,1,311,买盘
1731,10:35:32,3.1,-0.01,34,10540,卖盘
1732,10:35:28,3.11,0.01,1,311,买盘
1733,10:35:23,3.1,--,92,28520,卖盘
1734,10:35:17,3.1,-0.01,679,210490,卖盘
1735,10:35:13,3.11,--,3,933,买盘
1736,10:35:08,3.11,0.01,63,19593,买盘
1737,10:35:02,3.1,--,777,240870,卖盘
1738,10:34:58,3.1,-0.01,6,1860,卖盘
1739,10:34:53,3.11,0.01,1,311,买盘
1740,10:34:47,3.1,--,176,54560,卖盘
1741,10:34:32,3.1,--,359,111290,卖盘
1742,10:34:28,3.1,--,17,5270,卖盘
1743,10:34:23,3.1,-0.01,18,5580,卖盘
1744,10:34:17,3.11,--,334,103874,买盘
1745,10:34:02,3.11,0.01,291,90501,买盘
1746,10:33:58,3.1,-0.01,17,5270,卖盘
1747,10:33:47,3.11,0.01,1,311,买盘
1748,10:33:42,3.1,--,18,5580,卖盘
1749,10:33:37,3.1,-0.01,88,27280,卖盘
1750,10:33:32,3.11,0.01,40,12440,买盘
1751,10:33:27,3.1,--,1,310,卖盘
1752,10:33:22,3.1,-0.01,3,930,卖盘
1753,10:33:17,3.11,0.01,137,42607,买盘
1754,10:33:12,3.1,--,2,620,卖盘
1755,10:33:07,3.1,--,18,5580,卖盘
1756,10:33:02,3.1,--,17,5270,卖盘
1757,10:32:42,3.1,-0.01,17,5270,卖盘
1758,10:32:37,3.11,--,1,311,买盘
1759,10:32:32,3.11,--,28,8708,买盘
1760,10:32:27,3.11,--,52,16172,买盘
1761,10:32:22,3.11,--,88,27368,买盘
1762,10:32:17,3.11,0.01,52,16172,买盘
1763,10:32:12,3.1,--,167,51770,卖盘
1764,10:32:07,3.1,-0.01,1,310,卖盘
1765,10:32:02,3.11,--,5,1555,买盘
1766,10:31:57,3.11,--,312,97032,买盘
1767,10:31:52,3.11,0.01,63,19593,买盘
1768,10:31:46,3.1,-0.01,119,36890,卖盘
1769,10:31:42,3.11,--,1,311,买盘
1770,10:31:37,3.11,0.01,271,84539,买盘
1771,10:31:31,3.1,--,158,48980,卖盘
1772,10:31:27,3.1,-0.01,39,12090,卖盘
1773,10:31:17,3.11,--,299,92989,买盘
1774,10:31:12,3.11,0.01,564,175444,买盘
1775,10:31:07,3.1,-0.01,594,184143,卖盘
1776,10:31:02,3.11,0.01,22,6842,买盘
1777,10:30:57,3.1,--,134,41540,卖盘
1778,10:30:52,3.1,--,2,620,卖盘
1779,10:30:47,3.1,-0.01,6,1860,卖盘
1780,10:30:42,3.11,0.01,18,5598,买盘
1781,10:30:37,3.1,--,18,5580,卖盘
1782,10:30:32,3.1,--,19,5890,卖盘
1783,10:30:27,3.1,--,24,7440,卖盘
1784,10:30:22,3.1,-0.01,1,310,卖盘
1785,10:30:17,3.11,0.01,138,42918,买盘
1786,10:30:12,3.1,--,155,48050,卖盘
1787,10:30:07,3.1,--,2,620,卖盘
1788,10:30:02,3.1,--,61,18910,卖盘
1789,10:29:57,3.1,--,20,6200,卖盘
1790,10:29:47,3.1,-0.01,39,12090,卖盘
1791,10:29:42,3.11,0.01,30,9330,买盘
1792,10:29:37,3.1,--,196,60760,卖盘
1793,10:29:32,3.1,-0.01,572,177320,卖盘
1794,10:29:27,3.11,0.01,6,1866,买盘
1795,10:29:22,3.1,--,18,5580,卖盘
1796,10:29:17,3.1,--,200,62000,卖盘
1797,10:29:11,3.1,-0.01,91,28210,卖盘
1798,10:29:07,3.11,--,18,5598,买盘
1799,10:29:02,3.11,--,1885,586272,买盘
1800,10:28:56,3.11,0.01,4587,1426557,买盘
1801,10:28:52,3.1,--,52,16120,卖盘
1802,10:28:37,3.1,-0.01,20,6200,卖盘
1803,10:28:32,3.11,--,353,109783,买盘
1804,10:28:26,3.11,--,20,6220,买盘
1805,10:28:17,3.11,--,101,31411,买盘
1806,10:28:11,3.11,0.01,409,127199,买盘
1807,10:28:06,3.1,-0.01,106,32860,卖盘
1808,10:28:02,3.11,--,423,131553,买盘
1809,10:27:56,3.11,0.01,347,107917,买盘
1810,10:27:51,3.1,-0.01,10,3100,卖盘
1811,10:27:47,3.11,0.01,105,32655,买盘
1812,10:27:41,3.1,-0.01,36,11160,卖盘
1813,10:27:36,3.11,--,118,36698,买盘
1814,10:27:32,3.11,--,489,152079,买盘
1815,10:27:26,3.11,--,205,63755,买盘
1816,10:27:21,3.11,0.01,87,27057,买盘
1817,10:27:17,3.1,-0.01,79,24490,卖盘
1818,10:27:11,3.11,--,512,159232,买盘
1819,10:27:07,3.11,--,39,12129,买盘
1820,10:27:01,3.11,--,225,69975,买盘
1821,10:26:56,3.11,--,723,224853,买盘
1822,10:26:51,3.11,0.01,4289,1333879,买盘
1823,10:26:46,3.1,-0.01,177,54870,卖盘
1824,10:26:41,3.11,--,195,60645,买盘
1825,10:26:31,3.11,0.01,336,104496,买盘
1826,10:26:25,3.1,--,155,48050,卖盘
1827,10:26:21,3.1,-0.01,685,212350,卖盘
1828,10:26:16,3.11,--,272,84592,买盘
1829,10:26:06,3.11,0.01,155,48205,买盘
1830,10:25:56,3.1,--,123,38130,卖盘
1831,10:25:51,3.1,--,19,5890,卖盘
1832,10:25:46,3.1,-0.01,1,310,卖盘
1833,10:25:41,3.11,0.01,1,311,买盘
1834,10:25:36,3.1,--,37,11470,卖盘
1835,10:25:25,3.1,--,166,51460,卖盘
1836,10:25:21,3.1,--,19,5890,卖盘
1837,10:25:16,3.1,--,31,9610,卖盘
1838,10:25:11,3.1,-0.01,17,5270,卖盘
1839,10:25:06,3.11,--,137,42607,买盘
1840,10:24:56,3.11,0.01,1,311,买盘
1841,10:24:51,3.1,--,6,1860,卖盘
1842,10:24:46,3.1,-0.01,17,5270,卖盘
1843,10:24:41,3.11,0.01,4,1244,买盘
1844,10:24:36,3.1,-0.01,338,104780,卖盘
1845,10:24:31,3.11,0.01,19,5909,买盘
1846,10:24:25,3.1,--,1,310,卖盘
1847,10:24:21,3.1,--,19,5890,卖盘
1848,10:24:06,3.1,--,79,24490,卖盘
1849,10:23:56,3.1,-0.01,17,5270,卖盘
1850,10:23:51,3.11,--,18,5598,买盘
1851,10:23:41,3.11,--,217,67487,买盘
1852,10:23:36,3.11,0.01,90,27990,买盘
1853,10:23:31,3.1,--,19,5890,卖盘
1854,10:23:26,3.1,--,1,310,卖盘
1855,10:23:21,3.1,--,80,24800,卖盘
1856,10:23:16,3.1,--,259,80290,卖盘
1857,10:23:11,3.1,-0.01,55,17050,卖盘
1858,10:23:06,3.11,--,75,23325,买盘
1859,10:22:56,3.11,--,216,67176,买盘
1860,10:22:46,3.11,0.01,2,622,买盘
1861,10:22:41,3.1,--,4,1240,卖盘
1862,10:22:36,3.1,--,92,28520,卖盘
1863,10:22:31,3.1,--,17,5270,卖盘
1864,10:22:25,3.1,--,1,310,卖盘
1865,10:22:11,3.1,--,2,620,卖盘
1866,10:22:06,3.1,-0.01,75,23250,卖盘
1867,10:22:01,3.11,--,216,67176,买盘
1868,10:21:56,3.11,0.01,35,10885,买盘
1869,10:21:51,3.1,--,1,310,卖盘
1870,10:21:41,3.1,--,3,930,卖盘
1871,10:21:35,3.1,--,145,44950,卖盘
1872,10:21:30,3.1,--,2,620,卖盘
1873,10:21:26,3.1,--,5,1550,卖盘
1874,10:21:20,3.1,--,2,620,卖盘
1875,10:21:15,3.1,-0.01,264,81840,卖盘
1876,10:21:05,3.11,0.01,73,22703,买盘
1877,10:20:56,3.1,--,174,53940,卖盘
1878,10:20:50,3.1,-0.01,3,930,卖盘
1879,10:20:45,3.11,0.01,52,16172,买盘
1880,10:20:41,3.1,-0.01,231,71610,卖盘
1881,10:20:35,3.11,0.01,265,82415,买盘
1882,10:20:30,3.1,--,439,136090,卖盘
1883,10:20:25,3.1,--,98,30380,卖盘
1884,10:20:20,3.1,-0.01,202,62620,卖盘
1885,10:20:15,3.11,0.01,1,311,买盘
1886,10:20:11,3.1,--,54,16740,卖盘
1887,10:20:05,3.1,--,218,67580,卖盘
1888,10:20:00,3.1,--,173,53630,卖盘
1889,10:19:50,3.1,--,201,62310,卖盘
1890,10:19:45,3.1,--,1,310,卖盘
1891,10:19:40,3.1,--,30,9300,卖盘
1892,10:19:35,3.1,--,269,83390,卖盘
1893,10:19:30,3.1,--,19,5890,卖盘
1894,10:19:25,3.1,-0.01,1,310,卖盘
1895,10:19:20,3.11,--,91,28301,买盘
1896,10:19:15,3.11,0.01,114,35454,买盘
1897,10:19:10,3.1,-0.01,70,21700,卖盘
1898,10:19:05,3.11,0.01,1,311,买盘
1899,10:19:00,3.1,-0.01,3,930,卖盘
1900,10:18:50,3.11,0.01,177,55047,买盘
1901,10:18:45,3.1,--,2,620,卖盘
1902,10:18:40,3.1,--,5,1550,卖盘
1903,10:18:30,3.1,-0.01,61,18910,卖盘
1904,10:18:25,3.11,0.01,1,311,买盘
1905,10:18:20,3.1,-0.01,3,930,卖盘
1906,10:18:15,3.11,0.01,86,26746,买盘
1907,10:18:10,3.1,-0.01,1,310,卖盘
1908,10:18:05,3.11,--,86,26746,买盘
1909,10:17:50,3.11,0.01,10,3110,买盘
1910,10:17:45,3.1,--,1,310,卖盘
1911,10:17:34,3.1,--,1,310,卖盘
1912,10:17:30,3.1,-0.01,774,239940,卖盘
1913,10:17:25,3.11,--,1,311,买盘
1914,10:17:15,3.11,0.01,332,103252,买盘
1915,10:17:10,3.1,--,2,620,卖盘
1916,10:17:05,3.1,--,1,310,卖盘
1917,10:17:00,3.1,-0.01,10,3100,卖盘
1918,10:16:50,3.11,0.01,66,20526,买盘
1919,10:16:45,3.1,-0.01,30,9300,卖盘
1920,10:16:35,3.11,0.01,3,933,买盘
1921,10:16:30,3.1,-0.01,17,5270,卖盘
1922,10:16:20,3.11,0.01,224,69664,买盘
1923,10:16:15,3.1,-0.01,3,930,卖盘
1924,10:16:10,3.11,0.01,2,622,买盘
1925,10:16:05,3.1,--,5,1550,卖盘
1926,10:16:00,3.1,-0.01,3,930,卖盘
1927,10:15:45,3.11,--,304,94544,买盘
1928,10:15:40,3.11,0.01,3,933,买盘
1929,10:15:29,3.1,-0.01,120,37200,卖盘
1930,10:15:25,3.11,--,1,311,买盘
1931,10:15:20,3.11,0.01,2,622,买盘
1932,10:15:09,3.1,-0.01,5,1550,卖盘
1933,10:15:05,3.11,--,4,1244,买盘
1934,10:15:00,3.11,--,2,622,买盘
1935,10:14:50,3.11,--,3,933,买盘
1936,10:14:45,3.11,--,2,622,买盘
1937,10:14:34,3.11,0.01,86,26746,买盘
1938,10:14:30,3.1,-0.01,20,6200,卖盘
1939,10:14:20,3.11,--,1,311,买盘
1940,10:14:14,3.11,0.01,208,64688,买盘
1941,10:14:09,3.1,-0.01,202,62620,卖盘
1942,10:13:59,3.11,--,2,622,买盘
1943,10:13:54,3.11,--,1000,311000,买盘
1944,10:13:44,3.11,0.01,5,1555,买盘
1945,10:13:34,3.1,--,802,248620,卖盘
1946,10:13:29,3.1,-0.01,20,6200,卖盘
1947,10:13:24,3.11,0.01,1,311,买盘
1948,10:13:19,3.1,-0.01,2,620,卖盘
1949,10:13:14,3.11,0.01,19,5909,买盘
1950,10:13:09,3.1,-0.01,1,310,卖盘
1951,10:13:04,3.11,--,1,311,买盘
1952,10:12:49,3.11,--,6,1866,买盘
1953,10:12:43,3.11,0.01,621,193131,买盘
1954,10:12:39,3.1,--,2,620,卖盘
1955,10:12:34,3.1,-0.01,130,40300,卖盘
1956,10:12:29,3.11,--,19,5909,买盘
1957,10:12:24,3.11,0.01,132,41052,买盘
1958,10:12:19,3.1,-0.01,1,310,卖盘
1959,10:12:13,3.11,0.01,11,3421,买盘
1960,10:12:09,3.1,--,20,6200,卖盘
1961,10:12:04,3.1,-0.01,6,1860,卖盘
1962,10:11:54,3.11,--,1,311,买盘
1963,10:11:44,3.11,--,18,5598,买盘
1964,10:11:39,3.11,0.01,1,311,买盘
1965,10:11:34,3.1,--,3,930,卖盘
1966,10:11:29,3.1,--,19,5890,卖盘
1967,10:11:24,3.1,-0.01,10,3100,卖盘
1968,10:11:19,3.11,--,276,85836,买盘
1969,10:11:13,3.11,--,6,1866,买盘
1970,10:11:04,3.11,0.01,1,311,买盘
1971,10:10:59,3.1,--,30,9300,卖盘
1972,10:10:54,3.1,-0.01,1,310,卖盘
1973,10:10:44,3.11,0.01,6,1866,买盘
1974,10:10:39,3.1,--,3,930,卖盘
1975,10:10:34,3.1,--,3,930,卖盘
1976,10:10:29,3.1,--,19,5890,卖盘
1977,10:10:14,3.1,--,155,48050,卖盘
1978,10:09:59,3.1,-0.01,5000,1550000,卖盘
1979,10:09:54,3.11,--,2,622,买盘
1980,10:09:44,3.11,0.01,104,32344,买盘
1981,10:09:39,3.1,--,5000,1550000,卖盘
1982,10:09:34,3.1,--,1,310,卖盘
1983,10:09:28,3.1,-0.01,17,5270,卖盘
1984,10:09:14,3.11,--,7,2177,买盘
1985,10:09:09,3.11,--,489,152079,买盘
1986,10:08:58,3.11,--,2636,819796,买盘
1987,10:08:54,3.11,0.01,1,311,买盘
1988,10:08:49,3.1,-0.01,1,310,卖盘
1989,10:08:43,3.11,0.01,30,9330,买盘
1990,10:08:39,3.1,--,2,620,卖盘
1991,10:08:34,3.1,--,18,5580,卖盘
1992,10:08:28,3.1,--,1,310,卖盘
1993,10:08:24,3.1,--,20,6200,卖盘
1994,10:08:19,3.1,--,419,129890,卖盘
1995,10:08:09,3.1,--,17,5270,卖盘
1996,10:08:04,3.1,-0.01,1,310,卖盘
1997,10:07:59,3.11,0.01,1282,398702,买盘
1998,10:07:54,3.1,-0.01,75,23250,卖盘
1999,10:07:43,3.11,--,1,311,买盘
2000,10:07:38,3.11,0.01,2,622,买盘
2001,10:07:29,3.1,-0.01,18,5580,卖盘
2002,10:07:24,3.11,--,62,19282,买盘
2003,10:07:18,3.11,--,90,27990,买盘
2004,10:07:13,3.11,--,1,311,买盘
2005,10:07:03,3.11,0.01,2,622,买盘
2006,10:06:58,3.1,-0.01,300,93000,卖盘
2007,10:06:54,3.11,--,10,3110,买盘
2008,10:06:43,3.11,0.01,1,311,买盘
2009,10:06:28,3.1,--,568,176080,卖盘
2010,10:06:22,3.1,--,26,8060,卖盘
2011,10:06:13,3.1,--,1148,355880,卖盘
2012,10:06:03,3.1,-0.01,2,620,卖盘
2013,10:05:58,3.11,--,84,26124,买盘
2014,10:05:53,3.11,0.01,36,11196,买盘
2015,10:05:48,3.1,--,43,13330,卖盘
2016,10:05:43,3.1,-0.01,51,15810,卖盘
2017,10:05:33,3.11,--,64,19904,买盘
2018,10:05:23,3.11,0.01,2,622,买盘
2019,10:05:18,3.1,-0.01,2,620,卖盘
2020,10:05:08,3.11,--,1,311,买盘
2021,10:04:52,3.11,--,104,32344,买盘
2022,10:04:48,3.11,0.01,59,18349,买盘
2023,10:04:43,3.1,-0.01,11,3410,卖盘
2024,10:04:33,3.11,--,74,23014,买盘
2025,10:04:22,3.11,--,2,622,买盘
2026,10:04:18,3.11,--,33,10263,买盘
2027,10:04:03,3.11,0.01,3,933,买盘
2028,10:03:58,3.1,-0.01,100,31000,卖盘
2029,10:03:52,3.11,--,11,3421,买盘
2030,10:03:48,3.11,--,2551,793361,买盘
2031,10:03:33,3.11,0.01,22,6842,买盘
2032,10:03:28,3.1,-0.01,33,10230,卖盘
2033,10:03:23,3.11,--,27,8397,买盘
2034,10:03:18,3.11,--,2535,788385,买盘
2035,10:03:13,3.11,0.01,1,311,买盘
2036,10:03:08,3.1,--,54,16740,卖盘
2037,10:02:52,3.1,--,5928,1837680,买盘
2038,10:02:48,3.1,--,95,29450,买盘
2039,10:02:43,3.1,--,724,224440,买盘
2040,10:02:37,3.1,--,10221,3168510,买盘
2041,10:02:32,3.1,--,20,6200,买盘
2042,10:02:28,3.1,--,536,166160,买盘
2043,10:02:22,3.1,--,524,162440,买盘
2044,10:02:07,3.1,--,1,310,买盘
2045,10:02:02,3.1,--,1363,422530,买盘
2046,10:01:58,3.1,--,500,155000,买盘
2047,10:01:52,3.1,0.01,3368,1044080,买盘
2048,10:01:37,3.09,-0.01,1,309,卖盘
2049,10:01:32,3.1,--,38,11780,买盘
2050,10:01:28,3.1,--,101,31310,买盘
2051,10:01:22,3.1,--,8049,2495190,买盘
2052,10:01:17,3.1,--,20001,6200310,买盘
2053,10:01:12,3.1,--,2469,765390,买盘
2054,10:01:07,3.1,--,1,310,买盘
2055,10:00:52,3.1,--,6,1860,买盘
2056,10:00:42,3.1,0.01,5,1550,买盘
2057,10:00:37,3.09,-0.01,11,3399,卖盘
2058,10:00:32,3.1,--,69,21390,买盘
2059,10:00:12,3.1,--,2,620,买盘
2060,10:00:07,3.1,--,101,31310,买盘
2061,10:00:02,3.1,--,517,160270,买盘
2062,09:59:42,3.1,0.01,1,310,买盘
2063,09:59:31,3.09,-0.01,1122,346698,卖盘
2064,09:59:27,3.1,--,2,620,买盘
2065,09:59:16,3.1,0.01,1,310,买盘
2066,09:59:07,3.09,-0.01,1,309,卖盘
2067,09:59:01,3.1,--,1,310,买盘
2068,09:58:57,3.1,0.01,88,27280,买盘
2069,09:58:52,3.09,-0.01,10,3090,卖盘
2070,09:58:37,3.1,--,1,310,买盘
2071,09:58:31,3.1,0.01,68,21080,买盘
2072,09:58:27,3.09,--,2,618,卖盘
2073,09:58:22,3.09,-0.01,100,30900,卖盘
2074,09:58:16,3.1,0.01,42,13020,买盘
2075,09:58:01,3.09,-0.01,58,17922,卖盘
2076,09:57:57,3.1,--,143,44330,买盘
2077,09:57:52,3.1,--,12,3720,买盘
2078,09:57:46,3.1,--,1,310,买盘
2079,09:57:42,3.1,--,131,40610,买盘
2080,09:57:31,3.1,0.01,60,18600,买盘
2081,09:57:27,3.09,-0.01,19,5871,卖盘
2082,09:57:22,3.1,0.01,71,22010,买盘
2083,09:57:12,3.09,-0.01,4,1236,卖盘
2084,09:57:01,3.1,--,2,620,买盘
2085,09:56:57,3.1,--,2,620,买盘
2086,09:56:52,3.1,0.01,597,185070,买盘
2087,09:56:42,3.09,-0.01,1,309,卖盘
2088,09:56:37,3.1,0.01,10,3100,买盘
2089,09:56:31,3.09,-0.01,797,246273,卖盘
2090,09:56:27,3.1,--,2149,666190,买盘
2091,09:56:16,3.1,--,1,310,买盘
2092,09:56:12,3.1,0.01,67,20770,买盘
2093,09:56:07,3.09,-0.01,5,1545,卖盘
2094,09:56:01,3.1,--,351,108810,买盘
2095,09:55:56,3.1,--,10,3100,买盘
2096,09:55:52,3.1,0.01,35,10850,买盘
2097,09:55:46,3.09,--,817,252453,卖盘
2098,09:55:41,3.09,-0.01,149,46041,卖盘
2099,09:55:37,3.1,0.01,214,66340,买盘
2100,09:55:31,3.09,-0.01,269,83121,卖盘
2101,09:55:26,3.1,0.01,11,3410,买盘
2102,09:55:16,3.09,-0.01,158,48822,卖盘
2103,09:55:11,3.1,--,67,20770,买盘
2104,09:55:07,3.1,0.01,246,76260,买盘
2105,09:55:01,3.09,-0.01,132,40788,卖盘
2106,09:54:56,3.1,0.01,1,310,买盘
2107,09:54:46,3.09,--,51,15759,卖盘
2108,09:54:41,3.09,-0.01,164,50676,卖盘
2109,09:54:36,3.1,0.01,147,45570,买盘
2110,09:54:31,3.09,-0.01,96,29664,卖盘
2111,09:54:26,3.1,0.01,65,20150,买盘
2112,09:54:06,3.09,-0.01,11,3399,卖盘
2113,09:54:01,3.1,--,12,3720,买盘
2114,09:53:56,3.1,0.01,251,77810,买盘
2115,09:53:51,3.09,--,616,190344,卖盘
2116,09:53:46,3.09,--,1,309,卖盘
2117,09:53:31,3.09,--,18,5562,卖盘
2118,09:53:26,3.09,--,43,13287,卖盘
2119,09:53:21,3.09,--,3,927,卖盘
2120,09:53:16,3.09,-0.01,3,927,卖盘
2121,09:53:06,3.1,0.01,4,1240,买盘
2122,09:52:51,3.09,--,15,4635,卖盘
2123,09:52:41,3.09,--,8,2472,卖盘
2124,09:52:31,3.09,--,24,7416,卖盘
2125,09:52:26,3.09,-0.01,35,10815,卖盘
2126,09:52:21,3.1,0.01,115,35650,买盘
2127,09:52:06,3.09,-0.01,87,26883,卖盘
2128,09:52:01,3.1,--,2,620,买盘
2129,09:51:55,3.1,0.01,17,5270,买盘
2130,09:51:51,3.09,-0.01,13,4017,卖盘
2131,09:51:46,3.1,0.01,192,59520,买盘
2132,09:51:40,3.09,--,2,618,卖盘
2133,09:51:31,3.09,--,29,8961,卖盘
2134,09:51:25,3.09,-0.01,9,2781,卖盘
2135,09:51:21,3.1,--,134,41540,买盘
2136,09:51:16,3.1,0.01,4,1240,买盘
2137,09:51:10,3.09,-0.01,561,173349,卖盘
2138,09:51:06,3.1,0.01,1,310,买盘
2139,09:51:01,3.09,-0.01,1,309,卖盘
2140,09:50:55,3.1,--,20,6200,买盘
2141,09:50:51,3.1,--,812,251720,买盘
2142,09:50:46,3.1,--,1054,326740,买盘
2143,09:50:40,3.1,--,27,8370,买盘
2144,09:50:36,3.1,0.01,16,4960,买盘
2145,09:50:31,3.09,--,17,5253,卖盘
2146,09:50:25,3.09,-0.01,9,2781,卖盘
2147,09:50:21,3.1,--,1441,446710,买盘
2148,09:50:16,3.1,--,30,9300,买盘
2149,09:50:10,3.1,0.01,1,310,买盘
2150,09:50:06,3.09,--,54,16686,卖盘
2151,09:50:01,3.09,--,11,3399,卖盘
2152,09:49:55,3.09,--,22,6798,卖盘
2153,09:49:51,3.09,-0.01,386,119274,卖盘
2154,09:49:40,3.1,0.01,410,127100,买盘
2155,09:49:36,3.09,--,5,1545,卖盘
2156,09:49:31,3.09,-0.01,18,5562,卖盘
2157,09:49:21,3.1,--,650,201500,买盘
2158,09:49:10,3.1,0.01,300,93000,买盘
2159,09:49:06,3.09,--,1,309,卖盘
2160,09:48:55,3.09,--,660,203940,卖盘
2161,09:48:51,3.09,--,20,6180,卖盘
2162,09:48:40,3.09,-0.01,157,48513,卖盘
2163,09:48:35,3.1,0.01,10,3100,买盘
2164,09:48:31,3.09,--,18,5562,卖盘
2165,09:48:25,3.09,--,223,68907,卖盘
2166,09:48:20,3.09,-0.01,7,2163,卖盘
2167,09:48:15,3.1,--,742,230020,买盘
2168,09:48:05,3.1,--,62,19220,买盘
2169,09:47:55,3.1,0.01,21,6510,买盘
2170,09:47:50,3.09,--,6,1854,卖盘
2171,09:47:45,3.09,-0.01,1699,524991,卖盘
2172,09:47:40,3.1,0.01,41,12710,买盘
2173,09:47:35,3.09,--,2,618,卖盘
2174,09:47:30,3.09,--,120,37080,卖盘
2175,09:47:20,3.09,-0.01,21,6489,卖盘
2176,09:47:15,3.1,--,160,49600,买盘
2177,09:47:10,3.1,--,1,310,买盘
2178,09:47:05,3.1,--,11,3410,买盘
2179,09:47:00,3.1,--,3,930,买盘
2180,09:46:55,3.1,--,400,124000,买盘
2181,09:46:50,3.1,--,23,7130,买盘
2182,09:46:45,3.1,0.01,7,2170,买盘
2183,09:46:40,3.09,--,2,618,卖盘
2184,09:46:35,3.09,--,1,309,卖盘
2185,09:46:30,3.09,-0.01,21,6489,卖盘
2186,09:46:15,3.1,0.01,30,9300,买盘
2187,09:46:05,3.09,-0.01,54,16686,卖盘
2188,09:46:00,3.1,0.01,30,9300,买盘
2189,09:45:50,3.09,-0.01,120,37080,卖盘
2190,09:45:45,3.1,--,493,152830,买盘
2191,09:45:40,3.1,--,1253,388430,买盘
2192,09:45:35,3.1,0.01,51,15810,买盘
2193,09:45:30,3.09,-0.01,17,5253,卖盘
2194,09:45:25,3.1,0.01,35,10850,买盘
2195,09:45:19,3.09,--,101,31209,卖盘
2196,09:45:15,3.09,-0.01,66,20394,卖盘
2197,09:45:04,3.1,0.01,339,105090,买盘
2198,09:45:00,3.09,-0.01,1012,312708,卖盘
2199,09:44:49,3.1,0.01,253,78430,买盘
2200,09:44:45,3.09,--,350,108150,卖盘
2201,09:44:40,3.09,-0.01,1,309,卖盘
2202,09:44:34,3.1,--,180,55800,买盘
2203,09:44:30,3.1,0.01,41,12710,买盘
2204,09:44:25,3.09,--,64,19776,卖盘
2205,09:44:19,3.09,--,5,1545,卖盘
2206,09:44:15,3.09,--,156,48204,卖盘
2207,09:44:04,3.09,--,4,1236,卖盘
2208,09:44:00,3.09,--,1,309,卖盘
2209,09:43:55,3.09,--,1,309,卖盘
2210,09:43:49,3.09,--,60,18540,卖盘
2211,09:43:45,3.09,--,133,41097,卖盘
2212,09:43:40,3.09,-0.01,532,164388,卖盘
2213,09:43:34,3.1,--,66,20460,买盘
2214,09:43:30,3.1,--,615,190650,买盘
2215,09:43:19,3.1,--,194,60140,买盘
2216,09:43:15,3.1,--,51,15810,买盘
2217,09:43:10,3.1,0.01,185,57350,买盘
2218,09:43:04,3.09,-0.01,51,15759,卖盘
2219,09:43:00,3.1,0.01,101,31310,买盘
2220,09:42:54,3.09,--,126,38934,卖盘
2221,09:42:34,3.09,--,311,96099,卖盘
2222,09:42:30,3.09,--,20,6180,卖盘
2223,09:42:25,3.09,--,201,62109,卖盘
2224,09:42:19,3.09,-0.01,2,618,卖盘
2225,09:42:14,3.1,--,1,310,买盘
2226,09:42:04,3.1,--,1,310,买盘
2227,09:41:59,3.1,0.01,2,620,买盘
2228,09:41:54,3.09,-0.01,1,309,卖盘
2229,09:41:49,3.1,0.01,5,1550,买盘
2230,09:41:44,3.09,--,10,3090,卖盘
2231,09:41:29,3.09,-0.01,17,5253,卖盘
2232,09:41:24,3.1,0.01,1,310,买盘
2233,09:41:19,3.09,--,1,309,卖盘
2234,09:41:14,3.09,--,102,31518,卖盘
2235,09:41:04,3.09,--,4,1236,卖盘
2236,09:40:59,3.09,--,10,3090,卖盘
2237,09:40:54,3.09,--,7,2163,卖盘
2238,09:40:44,3.09,-0.01,252,77868,卖盘
2239,09:40:39,3.1,0.01,2,620,买盘
2240,09:40:34,3.09,--,4,1236,卖盘
2241,09:40:29,3.09,--,149,46041,卖盘
2242,09:40:24,3.09,--,3,927,卖盘
2243,09:40:14,3.09,--,320,98880,卖盘
2244,09:40:09,3.09,--,194,59946,卖盘
2245,09:40:04,3.09,--,270,83430,卖盘
2246,09:39:59,3.09,--,611,188799,卖盘
2247,09:39:54,3.09,-0.01,208,64272,卖盘
2248,09:39:49,3.1,0.01,1,310,买盘
2249,09:39:44,3.09,--,36,11124,卖盘
2250,09:39:39,3.09,-0.01,59,18231,卖盘
2251,09:39:34,3.1,0.01,10,3100,买盘
2252,09:39:29,3.09,-0.01,217,67053,卖盘
2253,09:39:24,3.1,0.01,77,23870,买盘
2254,09:39:14,3.09,-0.01,173,53457,卖盘
2255,09:38:59,3.1,--,14,4340,买盘
2256,09:38:54,3.1,--,118,36580,买盘
2257,09:38:44,3.1,--,89,27590,买盘
2258,09:38:39,3.1,0.01,26,8060,买盘
2259,09:38:34,3.09,--,6,1854,卖盘
2260,09:38:28,3.09,--,22,6798,卖盘
2261,09:38:24,3.09,--,501,154809,卖盘
2262,09:38:19,3.09,--,1258,388722,卖盘
2263,09:38:13,3.09,-0.01,3,927,卖盘
2264,09:38:04,3.1,--,1,310,买盘
2265,09:37:58,3.1,--,1,310,买盘
2266,09:37:54,3.1,0.01,50,15500,买盘
2267,09:37:49,3.09,--,1,309,卖盘
2268,09:37:43,3.09,--,49,15141,卖盘
2269,09:37:39,3.09,--,1,309,卖盘
2270,09:37:28,3.09,--,18,5562,卖盘
2271,09:37:19,3.09,--,360,111240,卖盘
2272,09:37:13,3.09,--,36,11124,卖盘
2273,09:37:09,3.09,-0.01,1043,322287,卖盘
2274,09:37:04,3.1,--,1,310,买盘
2275,09:36:58,3.1,--,2,620,买盘
2276,09:36:54,3.1,0.01,3,930,买盘
2277,09:36:49,3.09,--,120,37080,卖盘
2278,09:36:43,3.09,--,202,62418,卖盘
2279,09:36:39,3.09,--,190,58710,卖盘
2280,09:36:34,3.09,--,86,26574,卖盘
2281,09:36:28,3.09,--,381,117729,卖盘
2282,09:36:23,3.09,--,184,56856,卖盘
2283,09:36:19,3.09,--,667,206103,卖盘
2284,09:36:13,3.09,-0.01,112,34608,卖盘
2285,09:36:08,3.1,0.01,63,19530,买盘
2286,09:36:04,3.09,-0.01,269,83121,卖盘
2287,09:35:58,3.1,--,1,310,买盘
2288,09:35:53,3.1,0.01,105,32550,买盘
2289,09:35:48,3.09,--,1,309,卖盘
2290,09:35:43,3.09,--,1,309,卖盘
2291,09:35:38,3.09,--,215,66435,卖盘
2292,09:35:33,3.09,--,100,30900,卖盘
2293,09:35:28,3.09,--,892,275628,卖盘
2294,09:35:23,3.09,--,431,133179,卖盘
2295,09:35:18,3.09,--,40,12360,卖盘
2296,09:35:13,3.09,--,75,23175,卖盘
2297,09:35:08,3.09,-0.01,447,138123,卖盘
2298,09:35:03,3.1,0.01,9,2790,买盘
2299,09:34:53,3.09,--,230,71070,卖盘
2300,09:34:43,3.09,--,1,309,卖盘
2301,09:34:28,3.09,-0.01,19,5871,卖盘
2302,09:34:23,3.1,--,23,7130,买盘
2303,09:34:13,3.1,-0.01,17,5270,卖盘
2304,09:34:08,3.11,--,1139,354229,买盘
2305,09:34:03,3.11,0.01,36,11196,买盘
2306,09:33:58,3.1,-0.01,30,9300,卖盘
2307,09:33:53,3.11,0.01,100,31100,买盘
2308,09:33:48,3.1,0.01,1,310,中性盘
2309,09:33:38,3.09,-0.01,1141,352569,卖盘
2310,09:33:33,3.1,--,211,65410,卖盘
2311,09:33:28,3.1,--,4,1240,卖盘
2312,09:33:23,3.1,-0.01,190,58900,卖盘
2313,09:33:18,3.11,--,1,311,买盘
2314,09:33:08,3.11,0.01,22,6842,买盘
2315,09:33:03,3.1,--,453,140430,卖盘
2316,09:32:58,3.1,--,1,310,卖盘
2317,09:32:53,3.1,--,12,3720,卖盘
2318,09:32:48,3.1,--,50,15500,卖盘
2319,09:32:38,3.1,--,224,69440,卖盘
2320,09:32:33,3.1,--,10,3100,卖盘
2321,09:32:23,3.1,--,112,34720,卖盘
2322,09:32:18,3.1,-0.01,3,930,卖盘
2323,09:32:13,3.11,0.01,68,21148,买盘
2324,09:32:03,3.1,-0.01,3,930,卖盘
2325,09:31:58,3.11,0.01,1,311,买盘
2326,09:31:53,3.1,--,100,31000,卖盘
2327,09:31:47,3.1,--,501,155310,卖盘
2328,09:31:43,3.1,-0.01,361,111910,卖盘
2329,09:31:37,3.11,0.01,100,31100,买盘
2330,09:31:32,3.1,-0.01,518,160580,卖盘
2331,09:31:27,3.11,0.01,1,311,买盘
2332,09:31:22,3.1,-0.01,100,31000,卖盘
2333,09:31:17,3.11,0.01,505,157055,买盘
2334,09:30:52,3.1,-0.01,1,310,卖盘
2335,09:30:43,3.11,--,31,9641,买盘
2336,09:30:37,3.11,0.01,75,23325,买盘
2337,09:30:32,3.1,--,5,1550,卖盘
2338,09:30:27,3.1,--,1,310,卖盘
2339,09:30:22,3.1,-0.01,835,258850,卖盘
2340,09:30:07,3.11,--,4147,1289717,买盘
2341,09:30:02,3.11,--,968,301048,买盘
2342,09:28:48,3.11,--,0,0,买盘
2343,09:25:09,3.11,3.11,2622,815442,买盘
