,time,price,change,volume,amount,type
0,15:00:00,10.23,--,0,0,买盘
1,15:00:00,10.23,0.01,34,34782,买盘
2,14:59:56,10.22,-0.01,189,193158,卖盘
3,14:59:52,10.23,--,54,55242,卖盘
4,14:59:41,10.23,--,42,42966,买盘
5,14:59:37,10.23,--,30,30690,买盘
6,14:59:31,10.23,--,10,10230,买盘
7,14:59:26,10.23,--,18,18414,买盘
8,14:59:22,10.23,--,52,53196,买盘
9,14:59:16,10.23,--,4,4092,买盘
10,14:59:11,10.23,--,76,77748,买盘
11,14:59:06,10.23,-0.01,17,17391,卖盘
12,14:59:01,10.24,0.01,5,5120,买盘
13,14:58:56,10.23,--,60,61380,卖盘
14,14:58:51,10.23,-0.01,39,39897,卖盘
15,14:58:41,10.24,0.02,109,111616,买盘
16,14:58:36,10.22,--,30,30660,卖盘
17,14:58:31,10.22,-0.01,11,11242,卖盘
18,14:58:26,10.23,--,12,12276,买盘
19,14:58:21,10.23,0.01,23,23529,买盘
20,14:58:16,10.22,--,48,49056,卖盘
21,14:58:06,10.22,-0.01,17,17374,卖盘
22,14:58:01,10.23,--,10,10230,买盘
23,14:57:56,10.23,0.01,43,43989,买盘
24,14:57:51,10.22,-0.01,62,63364,卖盘
25,14:57:46,10.23,--,182,186186,买盘
26,14:57:36,10.23,--,34,34782,买盘
27,14:57:31,10.23,0.01,111,113553,买盘
28,14:57:26,10.22,-0.01,21,21462,卖盘
29,14:57:21,10.23,--,57,58311,买盘
30,14:57:16,10.23,0.01,25,25575,买盘
31,14:57:11,10.22,0.01,2,2044,买盘
32,14:57:06,10.21,-0.01,103,105163,卖盘
33,14:57:01,10.22,0.01,20,20440,卖盘
34,14:56:56,10.21,-0.01,50,51050,卖盘
35,14:56:51,10.22,0.01,21,21462,中性盘
36,14:56:46,10.21,-0.01,65,66365,卖盘
37,14:56:41,10.22,--,65,66430,买盘
38,14:56:36,10.22,--,29,29638,买盘
39,14:56:31,10.22,--,5,5110,买盘
40,14:56:26,10.22,0.01,5,5110,买盘
41,14:56:21,10.21,-0.01,144,147024,卖盘
42,14:56:16,10.22,--,32,32704,买盘
43,14:56:10,10.22,--,347,354634,买盘
44,14:56:06,10.22,0.01,51,52122,买盘
45,14:56:01,10.21,--,13,13273,卖盘
46,14:55:55,10.21,--,22,22462,卖盘
47,14:55:51,10.21,--,44,44924,卖盘
48,14:55:46,10.21,-0.01,149,152129,卖盘
49,14:55:40,10.22,--,18,18396,买盘
50,14:55:36,10.22,--,6,6132,买盘
51,14:55:31,10.22,0.01,25,25550,买盘
52,14:55:25,10.21,-0.01,50,51050,卖盘
53,14:55:21,10.22,0.01,46,47012,买盘
54,14:55:15,10.21,--,47,47987,卖盘
55,14:55:10,10.21,--,10,10210,卖盘
56,14:55:06,10.21,--,28,28588,卖盘
57,14:55:01,10.21,0.01,184,188476,买盘
58,14:54:51,10.2,-0.01,6,6120,卖盘
59,14:54:46,10.21,0.01,1,1021,买盘
60,14:54:40,10.2,--,123,125459,卖盘
61,14:54:36,10.2,-0.01,25,25500,卖盘
62,14:54:31,10.21,0.01,39,39819,买盘
63,14:54:25,10.2,-0.01,7,7139,卖盘
64,14:54:21,10.21,--,108,110268,买盘
65,14:54:15,10.21,--,24,24504,买盘
66,14:54:10,10.21,0.01,20,20420,买盘
67,14:54:06,10.2,--,27,27539,卖盘
68,14:54:00,10.2,-0.01,58,59159,卖盘
69,14:53:51,10.21,--,132,134772,买盘
70,14:53:45,10.21,--,67,68407,买盘
71,14:53:35,10.21,--,79,80659,买盘
72,14:53:31,10.21,--,14,14294,买盘
73,14:53:25,10.21,--,109,111697,卖盘
74,14:53:21,10.21,-0.01,68,69428,卖盘
75,14:53:10,10.22,0.01,13,13286,买盘
76,14:53:05,10.21,-0.01,5,5105,卖盘
77,14:53:01,10.22,0.01,99,101178,买盘
78,14:52:50,10.21,--,35,35735,卖盘
79,14:52:45,10.21,--,398,406970,卖盘
80,14:52:40,10.21,--,3,3063,卖盘
81,14:52:35,10.21,--,70,71470,卖盘
82,14:52:30,10.21,--,101,103121,卖盘
83,14:52:25,10.21,--,89,90869,卖盘
84,14:52:20,10.21,--,36,36756,卖盘
85,14:52:15,10.21,--,32,32672,卖盘
86,14:52:05,10.21,--,10,10210,卖盘
87,14:52:00,10.21,--,39,39819,卖盘
88,14:51:50,10.21,--,80,81680,卖盘
89,14:51:45,10.21,-0.01,4,4084,卖盘
90,14:51:40,10.22,--,5,5110,买盘
91,14:51:35,10.22,0.01,5,5110,买盘
92,14:51:30,10.21,-0.01,30,30630,卖盘
93,14:51:25,10.22,--,96,98112,买盘
94,14:51:20,10.22,0.01,57,58254,买盘
95,14:51:15,10.21,-0.01,38,38798,卖盘
96,14:51:10,10.22,--,41,41902,买盘
97,14:51:00,10.22,--,10,10220,买盘
98,14:50:50,10.22,--,30,30660,买盘
99,14:50:45,10.22,--,58,59276,买盘
100,14:50:40,10.22,--,30,30660,卖盘
101,14:50:35,10.22,--,2,2044,卖盘
102,14:50:30,10.22,--,32,32704,卖盘
103,14:50:25,10.22,--,1,1022,卖盘
104,14:50:20,10.22,--,7,7154,卖盘
105,14:50:10,10.22,--,48,49056,卖盘
106,14:49:55,10.22,--,22,22484,买盘
107,14:49:50,10.22,0.01,50,51100,买盘
108,14:49:45,10.21,-0.01,5,5105,卖盘
109,14:49:40,10.22,0.01,5,5110,买盘
110,14:49:35,10.21,-0.01,7,7147,卖盘
111,14:49:19,10.22,--,101,103222,买盘
112,14:49:15,10.22,0.01,22,22484,买盘
113,14:49:09,10.21,--,326,332846,卖盘
114,14:49:04,10.21,-0.01,3,3063,卖盘
115,14:49:00,10.22,0.01,130,132860,买盘
116,14:48:54,10.21,-0.01,29,29609,卖盘
117,14:48:39,10.22,--,10,10220,买盘
118,14:48:34,10.22,--,58,59276,卖盘
119,14:48:30,10.22,--,1,1022,卖盘
120,14:48:24,10.22,--,87,88914,买盘
121,14:48:19,10.22,0.01,24,24528,买盘
122,14:48:15,10.21,-0.01,1,1021,卖盘
123,14:48:09,10.22,--,15,15330,卖盘
124,14:48:04,10.22,--,86,87892,卖盘
125,14:47:59,10.22,--,35,35770,卖盘
126,14:47:39,10.22,--,41,41902,卖盘
127,14:47:34,10.22,--,20,20440,卖盘
128,14:47:29,10.22,--,54,55188,卖盘
129,14:47:24,10.22,-0.01,10,10220,卖盘
130,14:47:09,10.23,0.01,2,2046,买盘
131,14:47:00,10.22,--,48,49056,卖盘
132,14:46:49,10.22,--,24,24528,卖盘
133,14:46:45,10.22,--,5,5110,卖盘
134,14:46:39,10.22,--,17,17374,卖盘
135,14:46:24,10.22,--,1,1022,卖盘
136,14:46:19,10.22,--,14,14308,卖盘
137,14:46:14,10.22,-0.01,2,2044,卖盘
138,14:46:04,10.23,--,407,416361,买盘
139,14:45:59,10.23,--,5,5115,买盘
140,14:45:54,10.23,0.01,125,127875,买盘
141,14:45:44,10.22,-0.01,5,5110,卖盘
142,14:45:39,10.23,--,1,1023,买盘
143,14:45:29,10.23,--,19,19437,买盘
144,14:45:14,10.23,0.01,4,4092,买盘
145,14:45:09,10.22,--,51,52122,卖盘
146,14:44:59,10.22,--,16,16352,卖盘
147,14:44:54,10.22,-0.01,20,20440,卖盘
148,14:44:49,10.23,--,17,17391,买盘
149,14:44:39,10.23,--,61,62403,卖盘
150,14:44:34,10.23,--,16,16368,卖盘
151,14:44:29,10.23,--,60,61380,卖盘
152,14:44:24,10.23,--,40,40920,卖盘
153,14:44:19,10.23,--,60,61380,买盘
154,14:44:09,10.23,0.01,100,102300,买盘
155,14:44:04,10.22,--,3,3066,卖盘
156,14:43:54,10.22,-0.01,24,24528,卖盘
157,14:43:49,10.23,0.01,25,25575,买盘
158,14:43:39,10.22,--,12,12264,卖盘
159,14:43:29,10.22,-0.01,2,2044,卖盘
160,14:43:24,10.23,0.01,22,22506,买盘
161,14:43:19,10.22,--,19,19418,买盘
162,14:43:09,10.22,-0.01,65,66430,卖盘
163,14:43:03,10.23,0.01,21,21483,买盘
164,14:42:59,10.22,--,3,3066,卖盘
165,14:42:54,10.22,-0.01,19,19418,卖盘
166,14:42:49,10.23,0.01,14,14322,买盘
167,14:42:39,10.22,--,50,51100,卖盘
168,14:42:33,10.22,--,29,29638,卖盘
169,14:42:24,10.22,-0.01,41,41902,卖盘
170,14:42:18,10.23,--,15,15345,买盘
171,14:42:09,10.23,0.01,7,7161,买盘
172,14:42:03,10.22,-0.01,3,3066,卖盘
173,14:41:53,10.23,--,13,13299,买盘
174,14:41:48,10.23,--,4,4092,买盘
175,14:41:43,10.23,--,33,33759,买盘
176,14:41:33,10.23,0.01,21,21483,买盘
177,14:41:23,10.22,-0.01,46,47012,卖盘
178,14:41:03,10.23,0.01,1,1023,买盘
179,14:40:53,10.22,--,102,104244,卖盘
180,14:40:48,10.22,--,133,135926,卖盘
181,14:40:43,10.22,-0.01,7,7154,卖盘
182,14:40:38,10.23,0.01,20,20460,买盘
183,14:40:33,10.22,-0.01,70,71540,卖盘
184,14:40:23,10.23,0.01,30,30690,买盘
185,14:40:18,10.22,--,20,20440,卖盘
186,14:40:13,10.22,--,15,15330,卖盘
187,14:39:58,10.22,--,180,183960,卖盘
188,14:39:53,10.22,--,10,10220,卖盘
189,14:39:48,10.22,-0.01,8,8176,卖盘
190,14:39:38,10.23,--,123,125829,卖盘
191,14:39:33,10.23,-0.01,18,18414,卖盘
192,14:39:13,10.24,--,128,131072,卖盘
193,14:39:03,10.24,--,20,20480,卖盘
194,14:38:53,10.24,--,9,9216,卖盘
195,14:38:38,10.24,--,5,5120,卖盘
196,14:38:33,10.24,0.01,22,22528,买盘
197,14:38:23,10.23,--,10,10230,卖盘
198,14:38:18,10.23,--,10,10230,卖盘
199,14:38:08,10.23,--,0,0,卖盘
200,14:38:03,10.23,-0.01,10,10230,卖盘
201,14:37:58,10.24,0.01,106,108544,买盘
202,14:37:53,10.23,--,5,5115,卖盘
203,14:37:48,10.23,--,20,20460,卖盘
204,14:37:43,10.23,0.01,60,61380,买盘
205,14:37:38,10.22,--,67,68474,卖盘
206,14:37:33,10.22,-0.01,12,12264,卖盘
207,14:37:28,10.23,--,12,12276,买盘
208,14:37:23,10.23,0.01,12,12276,买盘
209,14:37:18,10.22,-0.01,7,7154,卖盘
210,14:37:13,10.23,0.01,1,1023,买盘
211,14:37:08,10.22,--,2,2044,卖盘
212,14:37:03,10.22,0.01,9,9198,中性盘
213,14:36:58,10.21,--,53,54113,卖盘
214,14:36:48,10.21,-0.01,148,151108,卖盘
215,14:36:38,10.22,--,19,19418,买盘
216,14:36:33,10.22,--,15,15330,买盘
217,14:36:28,10.22,--,22,22484,买盘
218,14:36:23,10.22,--,13,13286,买盘
219,14:36:18,10.22,--,3,3066,买盘
220,14:36:13,10.22,--,15,15330,买盘
221,14:36:08,10.22,0.01,12,12264,买盘
222,14:36:03,10.21,-0.01,50,51050,卖盘
223,14:35:53,10.22,0.01,109,111398,买盘
224,14:35:48,10.21,--,184,187864,卖盘
225,14:35:42,10.21,--,7,7147,卖盘
226,14:35:38,10.21,--,25,25525,卖盘
227,14:35:33,10.21,--,13,13273,卖盘
228,14:35:27,10.21,-0.01,155,158255,卖盘
229,14:35:23,10.22,-0.01,10,10220,买盘
230,14:35:18,10.23,--,97,99231,买盘
231,14:35:12,10.23,0.01,58,59334,买盘
232,14:35:08,10.22,--,10,10220,卖盘
233,14:35:02,10.22,-0.01,110,112420,卖盘
234,14:34:57,10.23,0.01,24,24552,买盘
235,14:34:53,10.22,--,16,16352,卖盘
236,14:34:47,10.22,--,0,0,卖盘
237,14:34:42,10.22,-0.02,531,542682,卖盘
238,14:34:32,10.24,--,20,20480,买盘
239,14:34:27,10.24,--,77,78848,卖盘
240,14:34:22,10.24,--,20,20480,卖盘
241,14:34:17,10.24,--,37,37888,卖盘
242,14:34:12,10.24,--,5,5120,卖盘
243,14:34:07,10.24,-0.01,4,4096,卖盘
244,14:33:57,10.25,--,6,6150,卖盘
245,14:33:52,10.25,--,2,2050,卖盘
246,14:33:47,10.25,--,22,22550,卖盘
247,14:33:42,10.25,--,5,5125,卖盘
248,14:33:37,10.25,0.01,6,6150,卖盘
249,14:33:32,10.24,--,0,0,卖盘
250,14:33:27,10.24,--,0,0,卖盘
251,14:33:22,10.24,--,13,13312,卖盘
252,14:33:17,10.24,-0.02,100,102400,卖盘
253,14:33:07,10.26,0.02,10,10260,买盘
254,14:33:02,10.24,-0.02,6,6144,卖盘
255,14:32:57,10.26,--,0,0,买盘
256,14:32:52,10.26,--,11,11286,买盘
257,14:32:47,10.26,0.01,13,13338,买盘
258,14:32:32,10.25,-0.02,14,14350,中性盘
259,14:32:27,10.27,0.02,12,12324,买盘
260,14:32:22,10.25,--,5,5125,买盘
261,14:32:17,10.25,-0.01,189,193725,卖盘
262,14:32:12,10.26,0.01,16,16416,买盘
263,14:32:07,10.25,-0.02,13,13325,卖盘
264,14:31:52,10.27,0.01,2,2054,买盘
265,14:31:37,10.26,--,15,15390,买盘
266,14:31:32,10.26,0.01,101,103626,买盘
267,14:31:27,10.25,--,30,30750,卖盘
268,14:31:22,10.25,-0.01,11,11275,卖盘
269,14:31:12,10.26,0.01,6,6156,买盘
270,14:31:07,10.25,-0.01,27,27675,卖盘
271,14:31:02,10.26,--,6,6156,买盘
272,14:30:52,10.26,0.01,3,3078,买盘
273,14:30:46,10.25,-0.01,17,17425,卖盘
274,14:30:42,10.26,--,78,80028,卖盘
275,14:30:37,10.26,--,55,56430,买盘
276,14:30:32,10.26,--,5,5130,买盘
277,14:30:27,10.26,0.01,10,10260,买盘
278,14:30:17,10.25,-0.01,114,116850,卖盘
279,14:30:12,10.26,-0.01,14,14364,卖盘
280,14:30:02,10.27,0.01,2,2054,买盘
281,14:29:57,10.26,--,5,5130,卖盘
282,14:29:36,10.26,--,6,6156,卖盘
283,14:29:32,10.26,-0.01,7,7182,卖盘
284,14:29:27,10.27,--,5,5135,买盘
285,14:29:16,10.27,--,38,39026,买盘
286,14:29:11,10.27,0.01,4,4108,买盘
287,14:29:06,10.26,-0.01,21,21546,卖盘
288,14:28:57,10.27,--,16,16432,买盘
289,14:28:47,10.27,--,5,5135,买盘
290,14:28:42,10.27,--,169,173563,卖盘
291,14:28:31,10.27,--,56,57512,卖盘
292,14:28:26,10.27,--,1,1027,卖盘
293,14:28:21,10.27,--,1,1027,卖盘
294,14:28:06,10.27,--,20,20540,卖盘
295,14:27:56,10.27,--,102,104754,卖盘
296,14:27:46,10.27,--,12,12324,卖盘
297,14:27:41,10.27,-0.01,12,12324,卖盘
298,14:27:26,10.28,--,15,15419,买盘
299,14:27:21,10.28,--,1,1028,买盘
300,14:27:16,10.28,--,1,1028,买盘
301,14:27:11,10.28,0.01,12,12336,买盘
302,14:27:01,10.27,-0.01,1,1027,卖盘
303,14:26:56,10.28,0.01,2,2056,买盘
304,14:26:51,10.27,--,9,9243,卖盘
305,14:26:46,10.27,--,2,2054,卖盘
306,14:26:36,10.27,-0.01,1,1027,卖盘
307,14:26:26,10.28,--,2,2056,买盘
308,14:26:16,10.28,--,5,5140,卖盘
309,14:26:11,10.28,--,15,15419,买盘
310,14:25:56,10.28,--,28,28784,买盘
311,14:25:51,10.28,0.01,3,3084,买盘
312,14:25:41,10.27,0.01,6,6162,买盘
313,14:25:31,10.26,--,18,18468,卖盘
314,14:25:21,10.26,-0.01,5,5130,卖盘
315,14:25:06,10.27,-0.01,1,1027,卖盘
316,14:24:56,10.28,--,4,4112,买盘
317,14:24:51,10.28,--,10,10280,买盘
318,14:24:41,10.28,0.01,3,3084,买盘
319,14:24:36,10.27,-0.01,9,9243,卖盘
320,14:24:21,10.28,--,13,13364,买盘
321,14:24:06,10.28,-0.01,46,47288,卖盘
322,14:24:01,10.29,--,3,3086,买盘
323,14:23:46,10.29,--,104,107015,卖盘
324,14:23:41,10.29,--,21,21609,卖盘
325,14:23:36,10.29,--,20,20580,卖盘
326,14:23:30,10.29,--,183,188306,卖盘
327,14:23:26,10.29,-0.01,10,10290,卖盘
328,14:23:15,10.3,0.01,122,125660,买盘
329,14:23:11,10.29,--,45,46304,卖盘
330,14:23:06,10.29,--,17,17493,卖盘
331,14:23:00,10.29,-0.01,12,12347,卖盘
332,14:22:56,10.3,--,3,3090,买盘
333,14:22:51,10.3,--,6,6180,买盘
334,14:22:45,10.3,0.01,12,12360,买盘
335,14:22:36,10.29,-0.01,25,25724,卖盘
336,14:22:30,10.3,--,5,5150,买盘
337,14:22:20,10.3,0.01,25,25750,买盘
338,14:22:15,10.29,-0.01,20,20580,卖盘
339,14:22:05,10.3,0.01,11,11330,买盘
340,14:21:50,10.29,--,23,23666,卖盘
341,14:21:30,10.29,--,16,16464,卖盘
342,14:21:20,10.29,-0.01,11,11318,卖盘
343,14:21:15,10.3,--,6,6180,买盘
344,14:21:05,10.3,0.01,13,13390,买盘
345,14:21:00,10.29,--,4,4116,卖盘
346,14:20:50,10.29,--,14,14405,买盘
347,14:20:45,10.29,--,7,7202,卖盘
348,14:20:35,10.29,-0.01,8,8232,卖盘
349,14:20:30,10.3,0.02,36,37080,买盘
350,14:20:25,10.28,-0.01,21,21588,卖盘
351,14:20:20,10.29,-0.01,6,6173,买盘
352,14:20:10,10.3,--,12,12360,买盘
353,14:20:00,10.3,0.01,21,21630,买盘
354,14:19:55,10.29,--,32,32928,买盘
355,14:19:50,10.29,--,17,17493,买盘
356,14:19:45,10.29,--,14,14405,买盘
357,14:19:35,10.29,--,36,37044,买盘
358,14:19:30,10.29,0.01,13,13376,买盘
359,14:19:10,10.28,-0.01,1,1028,卖盘
360,14:19:05,10.29,--,2,2058,买盘
361,14:18:50,10.29,--,29,29840,买盘
362,14:18:45,10.29,--,28,28811,卖盘
363,14:18:40,10.29,-0.01,28,28811,卖盘
364,14:18:35,10.3,0.01,3,3090,买盘
365,14:18:30,10.29,-0.01,10,10290,卖盘
366,14:18:15,10.3,0.01,10,10300,买盘
367,14:18:00,10.29,--,67,68943,卖盘
368,14:17:55,10.29,-0.01,1,1029,卖盘
369,14:17:45,10.3,0.01,15,15450,买盘
370,14:17:40,10.29,--,2,2058,卖盘
371,14:17:35,10.29,0.01,48,49391,买盘
372,14:17:30,10.28,--,1,1028,卖盘
373,14:17:19,10.28,-0.01,10,10280,卖盘
374,14:17:04,10.29,0.01,3,3086,买盘
375,14:16:54,10.28,-0.01,15,15419,卖盘
376,14:16:45,10.29,--,19,19551,买盘
377,14:16:39,10.29,0.01,24,24695,买盘
378,14:16:24,10.28,-0.02,12,12336,卖盘
379,14:16:19,10.3,0.02,13,13390,买盘
380,14:16:15,10.28,-0.02,1,1028,卖盘
381,14:16:09,10.3,0.01,11,11330,买盘
382,14:16:00,10.29,--,5,5145,买盘
383,14:15:54,10.29,0.01,8,8232,买盘
384,14:15:49,10.28,-0.01,32,32896,卖盘
385,14:15:45,10.29,--,12,12347,买盘
386,14:15:39,10.29,-0.01,9,9261,卖盘
387,14:15:34,10.3,--,11,11330,买盘
388,14:15:24,10.3,--,0,0,买盘
389,14:15:19,10.3,--,0,0,买盘
390,14:15:09,10.3,--,6,6180,卖盘
391,14:15:04,10.3,--,16,16480,卖盘
392,14:14:59,10.3,--,5,5150,卖盘
393,14:14:54,10.3,-0.01,1,1030,卖盘
394,14:14:49,10.31,--,0,0,买盘
395,14:14:44,10.31,0.01,162,167022,买盘
396,14:14:39,10.3,-0.01,7,7210,卖盘
397,14:14:34,10.31,0.01,5,5155,买盘
398,14:14:29,10.3,-0.01,304,313120,卖盘
399,14:14:14,10.31,--,34,35054,买盘
400,14:14:09,10.31,--,48,49488,买盘
401,14:13:59,10.31,--,5,5155,买盘
402,14:13:54,10.31,0.01,132,136092,买盘
403,14:13:49,10.3,-0.01,20,20600,买盘
404,14:13:44,10.31,--,0,0,买盘
405,14:13:39,10.31,--,0,0,买盘
406,14:13:34,10.31,--,11,11341,买盘
407,14:13:29,10.31,0.01,293,302083,买盘
408,14:13:14,10.3,0.01,540,556200,买盘
409,14:13:09,10.29,--,115,118334,买盘
410,14:13:04,10.29,--,12,12347,买盘
411,14:12:59,10.29,--,38,39102,买盘
412,14:12:54,10.29,--,7,7202,买盘
413,14:12:49,10.29,--,13,13376,买盘
414,14:12:44,10.29,0.01,3,3086,买盘
415,14:12:39,10.28,--,55,56540,买盘
416,14:12:34,10.28,--,3,3084,买盘
417,14:12:29,10.28,0.01,16,16448,买盘
418,14:12:24,10.27,0.01,14,14378,买盘
419,14:12:19,10.26,-0.01,34,34884,卖盘
420,14:12:14,10.27,--,23,23621,买盘
421,14:12:04,10.27,--,12,12324,买盘
422,14:11:49,10.27,0.01,15,15405,买盘
423,14:11:34,10.26,0.01,10,10260,卖盘
424,14:11:19,10.25,0.01,6,6150,中性盘
425,14:11:14,10.24,-0.01,35,35840,卖盘
426,14:11:09,10.25,0.01,32,32800,卖盘
427,14:10:59,10.24,--,0,0,卖盘
428,14:10:33,10.24,-0.02,68,69632,卖盘
429,14:10:24,10.26,--,62,63612,买盘
430,14:10:18,10.26,-0.01,13,13338,买盘
431,14:10:09,10.27,0.02,13,13351,买盘
432,14:10:03,10.25,-0.01,47,48175,卖盘
433,14:09:54,10.26,--,11,11286,买盘
434,14:09:39,10.26,0.01,32,32832,买盘
435,14:09:33,10.25,--,5,5125,卖盘
436,14:09:24,10.25,-0.01,2,2050,卖盘
437,14:09:18,10.26,0.01,11,11286,买盘
438,14:09:09,10.25,-0.02,16,16400,卖盘
439,14:09:03,10.27,--,0,0,买盘
440,14:08:53,10.27,0.02,25,25675,买盘
441,14:08:48,10.25,--,32,32800,买盘
442,14:08:43,10.25,0.01,12,12300,买盘
443,14:08:33,10.24,0.01,8,8192,卖盘
444,14:08:23,10.23,--,12,12276,卖盘
445,14:08:18,10.23,-0.01,55,56265,卖盘
446,14:08:13,10.24,--,3,3072,卖盘
447,14:08:08,10.24,--,12,12288,卖盘
448,14:08:03,10.24,0.01,20,20490,买盘
449,14:07:58,10.23,--,11,11253,卖盘
450,14:07:48,10.23,-0.01,20,20460,卖盘
451,14:07:43,10.24,0.01,3,3072,买盘
452,14:07:38,10.23,--,1,1023,卖盘
453,14:07:33,10.23,-0.01,29,29667,卖盘
454,14:07:28,10.24,0.01,7,7168,买盘
455,14:07:23,10.23,-0.01,4,4092,卖盘
456,14:07:18,10.24,--,90,92160,买盘
457,14:07:08,10.24,--,17,17408,买盘
458,14:07:03,10.24,-0.01,92,94208,卖盘
459,14:06:53,10.25,-0.01,56,57400,中性盘
460,14:05:58,10.26,0.01,33,33858,买盘
461,14:05:47,10.25,--,2,2050,卖盘
462,14:05:43,10.25,0.01,22,22550,买盘
463,14:05:33,10.24,--,0,0,卖盘
464,14:05:28,10.24,-0.02,26,26624,卖盘
465,14:05:23,10.26,0.01,2,2052,买盘
466,14:05:13,10.25,0.01,41,42025,买盘
467,14:05:08,10.24,-0.01,20,20480,卖盘
468,14:05:03,10.25,--,142,145550,买盘
469,14:04:58,10.25,0.01,2,2050,买盘
470,14:04:53,10.24,--,5,5120,卖盘
471,14:04:48,10.24,--,2,2048,卖盘
472,14:04:43,10.24,-0.01,133,136192,卖盘
473,14:04:28,10.25,0.01,20,20500,买盘
474,14:04:23,10.24,-0.01,4,4096,卖盘
475,14:04:13,10.25,--,1,1025,买盘
476,14:04:02,10.25,-0.02,61,62525,卖盘
477,14:03:57,10.27,0.02,6,6162,买盘
478,14:03:42,10.25,--,44,45100,买盘
479,14:03:27,10.25,-0.01,41,42025,卖盘
480,14:02:48,10.26,0.01,5,5130,中性盘
481,14:02:32,10.25,--,31,31775,卖盘
482,14:02:27,10.25,--,0,0,卖盘
483,14:02:22,10.25,-0.03,120,123000,卖盘
484,14:02:12,10.28,0.01,1,1028,买盘
485,14:02:03,10.27,--,23,23621,买盘
486,14:01:52,10.27,--,5,5135,买盘
487,14:01:48,10.27,0.02,2,2054,买盘
488,14:01:41,10.25,--,0,0,中性盘
489,14:01:32,10.25,--,7,7175,买盘
490,14:01:27,10.25,--,3,3075,卖盘
491,14:01:22,10.25,--,10,10250,卖盘
492,14:01:17,10.25,--,113,115825,卖盘
493,14:01:02,10.25,0.02,12,12300,中性盘
494,14:00:57,10.23,-0.03,2,2046,卖盘
495,14:00:52,10.26,0.04,23,23598,买盘
496,14:00:41,10.22,--,32,32704,卖盘
497,14:00:37,10.22,--,59,60298,卖盘
498,14:00:32,10.22,--,34,34748,卖盘
499,14:00:26,10.22,--,2,2044,卖盘
500,14:00:22,10.22,0.01,10,10220,卖盘
501,14:00:17,10.21,--,0,0,卖盘
502,14:00:07,10.21,--,0,0,卖盘
503,14:00:02,10.21,-0.03,500,510500,卖盘
504,13:59:56,10.24,--,0,0,卖盘
505,13:59:42,10.24,-0.03,503,515072,卖盘
506,13:59:37,10.27,--,98,100646,买盘
507,13:59:32,10.27,--,1,1027,买盘
508,13:59:17,10.27,0.01,10,10270,买盘
509,13:59:12,10.26,-0.01,200,205200,卖盘
510,13:59:07,10.27,--,26,26702,卖盘
511,13:59:02,10.27,-0.01,5,5135,卖盘
512,13:58:56,10.28,--,7,7196,买盘
513,13:58:47,10.28,0.01,10,10280,买盘
514,13:58:41,10.27,-0.01,15,15405,卖盘
515,13:58:37,10.28,--,8,8224,买盘
516,13:58:27,10.28,--,18,18504,卖盘
517,13:58:17,10.28,-0.01,6,6168,卖盘
518,13:58:07,10.29,--,11,11318,买盘
519,13:58:02,10.29,--,98,100841,卖盘
520,13:57:56,10.29,-0.01,35,36015,卖盘
521,13:57:47,10.3,--,9,9270,买盘
522,13:57:37,10.3,0.01,88,90640,买盘
523,13:57:27,10.29,0.01,10,10290,买盘
524,13:57:22,10.28,--,10,10280,卖盘
525,13:57:11,10.28,-0.02,1,1028,卖盘
526,13:57:07,10.3,--,0,0,买盘
527,13:56:51,10.3,0.02,9,9270,买盘
528,13:56:47,10.28,-0.02,20,20560,卖盘
529,13:56:41,10.3,--,94,96820,买盘
530,13:56:35,10.3,0.01,10,10300,买盘
531,13:56:26,10.29,--,26,26753,卖盘
532,13:56:20,10.29,--,30,30869,卖盘
533,13:56:17,10.29,--,100,102899,卖盘
534,13:56:05,10.29,--,50,51449,卖盘
535,13:55:51,10.29,--,22,22637,卖盘
536,13:55:47,10.29,0.01,70,72030,买盘
537,13:55:42,10.28,--,6,6168,卖盘
538,13:55:36,10.28,-0.02,41,42148,卖盘
539,13:55:26,10.3,--,15,15450,买盘
540,13:55:20,10.3,--,10,10300,买盘
541,13:55:11,10.3,0.01,11,11330,买盘
542,13:55:06,10.29,-0.01,12,12347,卖盘
543,13:54:56,10.3,0.01,19,19570,买盘
544,13:54:51,10.29,-0.01,49,50420,卖盘
545,13:54:41,10.3,--,11,11330,买盘
546,13:54:26,10.3,--,11,11330,买盘
547,13:54:11,10.3,--,24,24720,卖盘
548,13:53:56,10.3,--,7,7210,卖盘
549,13:53:51,10.3,--,11,11330,买盘
550,13:53:41,10.3,-0.01,9,9270,买盘
551,13:53:21,10.31,0.02,9,9279,买盘
552,13:53:11,10.29,-0.01,5,5145,卖盘
553,13:53:05,10.3,--,38,39140,买盘
554,13:53:01,10.3,--,45,46350,买盘
555,13:52:56,10.3,--,9,9270,买盘
556,13:52:46,10.3,-0.01,19,19570,买盘
557,13:52:41,10.31,--,41,42271,买盘
558,13:52:35,10.31,--,10,10310,买盘
559,13:52:26,10.31,0.01,37,38147,买盘
560,13:52:20,10.3,-0.01,12,12360,卖盘
561,13:52:11,10.31,--,45,46395,买盘
562,13:52:05,10.31,0.01,11,11341,买盘
563,13:52:01,10.3,-0.01,5,5150,卖盘
564,13:51:56,10.31,--,11,11341,买盘
565,13:51:41,10.31,--,11,11341,买盘
566,13:51:36,10.31,0.01,30,30930,买盘
567,13:51:31,10.3,-0.01,3,3090,卖盘
568,13:51:26,10.31,0.01,574,591794,买盘
569,13:51:20,10.3,0.01,11,11330,买盘
570,13:51:11,10.29,-0.01,30,30869,卖盘
571,13:51:01,10.3,0.01,22,22660,买盘
572,13:50:55,10.29,--,7,7202,卖盘
573,13:50:51,10.29,-0.01,33,33957,卖盘
574,13:50:36,10.3,0.01,10,10300,买盘
575,13:50:25,10.29,--,31,31898,买盘
576,13:50:20,10.29,-0.01,20,20580,卖盘
577,13:50:16,10.3,0.01,60,61800,买盘
578,13:50:10,10.29,-0.01,19,19551,卖盘
579,13:50:05,10.3,--,61,62830,买盘
580,13:49:51,10.3,--,10,10300,买盘
581,13:49:35,10.3,--,10,10300,买盘
582,13:49:29,10.3,0.01,11,11330,买盘
583,13:49:21,10.29,--,3,3086,卖盘
584,13:49:15,10.29,-0.01,25,25724,卖盘
585,13:49:10,10.3,--,11,11330,买盘
586,13:49:05,10.3,0.01,13,13390,买盘
587,13:48:59,10.29,-0.01,15,15434,卖盘
588,13:48:51,10.3,0.01,21,21630,买盘
589,13:48:45,10.29,-0.01,9,9261,卖盘
590,13:48:40,10.3,0.01,19,19570,买盘
591,13:48:35,10.29,-0.01,14,14405,卖盘
592,13:48:30,10.3,0.01,10,10300,买盘
593,13:48:20,10.29,--,8,8232,卖盘
594,13:48:14,10.29,-0.01,30,30869,卖盘
595,13:48:05,10.3,0.01,21,21630,买盘
596,13:48:00,10.29,-0.01,26,26753,卖盘
597,13:47:45,10.3,--,10,10300,买盘
598,13:47:40,10.3,--,10,10300,买盘
599,13:47:35,10.3,--,11,11330,买盘
600,13:47:30,10.3,0.01,13,13390,买盘
601,13:47:20,10.29,-0.01,11,11318,卖盘
602,13:47:14,10.3,--,11,11330,买盘
603,13:47:05,10.3,--,10,10300,买盘
604,13:46:55,10.3,--,10,10300,买盘
605,13:46:44,10.3,0.01,10,10300,买盘
606,13:46:40,10.29,-0.01,50,51449,卖盘
607,13:46:35,10.3,--,4,4120,买盘
608,13:46:30,10.3,--,9,9270,买盘
609,13:46:20,10.3,0.01,25,25750,买盘
610,13:46:14,10.29,--,5,5145,卖盘
611,13:45:55,10.29,-0.01,1,1029,卖盘
612,13:45:44,10.3,--,10,10300,买盘
613,13:45:20,10.3,--,228,234840,买盘
614,13:45:10,10.3,0.01,35,36050,买盘
615,13:44:59,10.29,--,2,2058,卖盘
616,13:44:50,10.29,-0.01,44,45275,卖盘
617,13:44:44,10.3,--,4,4120,买盘
618,13:44:14,10.3,--,0,0,买盘
619,13:44:10,10.3,0.01,6,6180,买盘
620,13:44:00,10.29,--,10,10290,买盘
621,13:43:50,10.29,--,10,10290,买盘
622,13:43:35,10.29,--,11,11318,买盘
623,13:43:29,10.29,0.01,93,95696,买盘
624,13:43:19,10.28,--,50,51400,买盘
625,13:43:15,10.28,0.01,10,10280,买盘
626,13:43:10,10.27,-0.01,6,6162,卖盘
627,13:43:04,10.28,--,11,11308,买盘
628,13:43:00,10.28,--,11,11308,买盘
629,13:42:55,10.28,-0.01,61,62707,卖盘
630,13:42:49,10.29,0.01,3,3086,买盘
631,13:42:44,10.28,-0.01,201,206628,卖盘
632,13:42:40,10.29,--,12,12347,买盘
633,13:42:30,10.29,--,10,10290,买盘
634,13:42:25,10.29,--,10,10290,买盘
635,13:42:15,10.29,--,10,10290,买盘
636,13:41:53,10.29,--,40,41160,买盘
637,13:41:44,10.29,--,9,9261,买盘
638,13:41:38,10.29,0.01,40,41160,买盘
639,13:41:34,10.28,-0.01,20,20560,卖盘
640,13:41:29,10.29,--,10,10290,买盘
641,13:41:23,10.29,0.03,11,11318,买盘
642,13:41:15,10.26,--,38,38988,卖盘
643,13:41:04,10.26,-0.03,21,21546,卖盘
644,13:40:53,10.29,--,11,11318,买盘
645,13:40:45,10.29,--,11,11318,买盘
646,13:40:29,10.29,0.03,20,20580,买盘
647,13:40:23,10.26,-0.03,2,2052,卖盘
648,13:40:14,10.29,--,11,11318,买盘
649,13:40:04,10.29,0.01,28,28811,买盘
650,13:39:59,10.28,--,3,3084,卖盘
651,13:39:53,10.28,-0.01,20,20560,卖盘
652,13:39:34,10.29,--,12,12347,买盘
653,13:39:23,10.29,--,11,11318,买盘
654,13:39:19,10.29,--,10,10290,买盘
655,13:39:08,10.29,0.01,9,9261,买盘
656,13:38:59,10.28,-0.01,11,11308,卖盘
657,13:38:54,10.29,--,10,10290,买盘
658,13:38:44,10.29,--,2,2058,买盘
659,13:38:38,10.29,--,9,9261,买盘
660,13:38:34,10.29,0.01,15,15434,买盘
661,13:38:29,10.28,-0.01,14,14392,卖盘
662,13:38:24,10.29,--,9,9261,买盘
663,13:38:09,10.29,--,9,9261,买盘
664,13:37:53,10.29,0.01,10,10290,买盘
665,13:37:44,10.28,-0.01,23,23644,卖盘
666,13:37:34,10.29,--,10,10290,买盘
667,13:37:23,10.29,0.01,12,12347,买盘
668,13:37:19,10.28,--,10,10280,卖盘
669,13:37:14,10.28,0.02,43,44204,买盘
670,13:37:08,10.26,-0.02,4,4104,卖盘
671,13:37:04,10.28,--,9,9252,买盘
672,13:36:59,10.28,--,6,6168,买盘
673,13:36:53,10.28,--,10,10280,买盘
674,13:36:49,10.28,--,8,8224,卖盘
675,13:36:44,10.28,--,75,77100,卖盘
676,13:36:29,10.28,--,28,28784,买盘
677,13:36:23,10.28,--,9,9252,买盘
678,13:36:19,10.28,--,10,10280,买盘
679,13:36:08,10.28,0.01,10,10280,买盘
680,13:35:59,10.27,--,1,1027,卖盘
681,13:35:53,10.27,-0.01,26,26702,卖盘
682,13:35:49,10.28,--,10,10280,买盘
683,13:35:43,10.28,--,10,10280,买盘
684,13:35:34,10.28,--,30,30839,买盘
685,13:35:28,10.28,0.01,25,25700,买盘
686,13:35:23,10.27,-0.01,16,16432,卖盘
687,13:35:08,10.28,--,10,10280,买盘
688,13:35:04,10.28,-0.01,24,24672,卖盘
689,13:34:58,10.29,0.01,9,9261,买盘
690,13:34:53,10.28,--,62,63735,卖盘
691,13:34:49,10.28,-0.01,27,27756,卖盘
692,13:34:34,10.29,0.01,11,11318,买盘
693,13:34:28,10.28,--,5,5140,中性盘
694,13:34:23,10.28,-0.01,14,14392,卖盘
695,13:34:19,10.29,0.02,11,11318,买盘
696,13:34:13,10.27,-0.01,5,5135,卖盘
697,13:34:08,10.28,0.01,10,10280,买盘
698,13:34:03,10.27,-0.01,5,5135,卖盘
699,13:33:53,10.28,-0.01,30,30839,中性盘
700,13:33:43,10.29,--,9,9261,买盘
701,13:33:33,10.29,0.02,111,114218,买盘
702,13:33:28,10.27,--,20,20540,卖盘
703,13:33:23,10.27,-0.02,17,17459,卖盘
704,13:33:18,10.29,--,10,10290,买盘
705,13:33:09,10.29,--,10,10290,买盘
706,13:33:02,10.29,0.02,11,11318,买盘
707,13:32:53,10.27,-0.02,20,20540,卖盘
708,13:32:47,10.29,0.02,11,11318,买盘
709,13:32:32,10.27,-0.02,19,19513,卖盘
710,13:32:23,10.29,-0.01,19,19551,买盘
711,13:32:13,10.3,--,10,10300,买盘
712,13:32:02,10.3,--,93,95790,买盘
713,13:31:53,10.3,0.02,16,16480,买盘
714,13:31:47,10.28,0.01,5,5140,买盘
715,13:31:38,10.27,--,14,14378,买盘
716,13:31:32,10.27,-0.01,126,129402,卖盘
717,13:31:23,10.28,0.01,13,13364,买盘
718,13:31:17,10.27,-0.01,18,18486,卖盘
719,13:31:08,10.28,--,1,1028,买盘
720,13:31:02,10.28,--,20,20560,卖盘
721,13:30:58,10.28,-0.02,5,5140,卖盘
722,13:30:47,10.3,0.03,4,4120,买盘
723,13:30:38,10.27,--,0,0,卖盘
724,13:30:32,10.27,--,40,41080,卖盘
725,13:30:28,10.27,-0.03,10,10270,卖盘
726,13:30:17,10.3,0.03,100,103000,买盘
727,13:30:08,10.27,--,1,1027,卖盘
728,13:29:58,10.27,--,2,2054,卖盘
729,13:29:43,10.27,-0.03,9,9243,卖盘
730,13:29:32,10.3,--,4,4120,买盘
731,13:29:17,10.3,--,8,8240,买盘
732,13:29:08,10.3,--,71,73130,卖盘
733,13:28:58,10.3,-0.01,5,5150,卖盘
734,13:28:53,10.31,0.01,76,78356,买盘
735,13:28:47,10.3,--,92,94760,卖盘
736,13:28:43,10.3,--,26,26780,卖盘
737,13:28:38,10.3,--,50,51500,卖盘
738,13:28:32,10.3,--,12,12360,卖盘
739,13:28:23,10.3,--,20,20600,卖盘
740,13:28:17,10.3,--,10,10300,卖盘
741,13:28:08,10.3,--,300,309000,卖盘
742,13:28:02,10.3,--,30,30900,卖盘
743,13:27:58,10.3,--,142,146260,买盘
744,13:27:47,10.3,--,19,19570,卖盘
745,13:27:43,10.3,--,26,26780,卖盘
746,13:27:37,10.3,--,20,20600,卖盘
747,13:27:32,10.3,0.05,357,367710,买盘
748,13:27:22,10.25,--,0,0,卖盘
749,13:27:17,10.25,-0.05,400,410000,卖盘
750,13:27:13,10.3,--,180,185400,卖盘
751,13:27:02,10.3,--,1,1030,卖盘
752,13:26:57,10.3,--,2,2060,卖盘
753,13:26:52,10.3,--,5,5150,卖盘
754,13:26:47,10.3,--,4,4120,卖盘
755,13:26:42,10.3,--,40,41200,卖盘
756,13:26:37,10.3,--,52,53560,买盘
757,13:26:27,10.3,--,10,10300,买盘
758,13:26:22,10.3,0.01,14,14420,买盘
759,13:26:17,10.29,0.01,22,22637,买盘
760,13:26:12,10.28,-0.01,47,48316,卖盘
761,13:26:02,10.29,-0.01,10,10290,中性盘
762,13:25:57,10.3,0.02,47,48410,买盘
763,13:25:47,10.28,-0.02,14,14392,卖盘
764,13:25:37,10.3,--,81,83430,买盘
765,13:25:32,10.3,--,10,10300,买盘
766,13:25:27,10.3,0.02,241,248230,买盘
767,13:25:17,10.28,-0.02,100,102800,卖盘
768,13:25:12,10.3,0.02,103,106090,买盘
769,13:25:02,10.28,-0.02,6,6168,卖盘
770,13:24:57,10.3,--,86,88580,买盘
771,13:24:47,10.3,--,18,18540,买盘
772,13:24:37,10.3,--,124,127720,买盘
773,13:24:26,10.3,--,10,10300,买盘
774,13:24:22,10.3,--,2,2060,买盘
775,13:24:17,10.3,--,45,46350,卖盘
776,13:24:11,10.3,--,119,122570,卖盘
777,13:24:07,10.3,--,259,266770,卖盘
778,13:24:02,10.3,0.01,382,393460,买盘
779,13:23:56,10.29,-0.01,242,249017,卖盘
780,13:23:52,10.3,0.01,9,9270,买盘
781,13:23:37,10.29,--,1,1029,买盘
782,13:23:32,10.29,0.02,13,13376,中性盘
783,13:23:26,10.27,-0.03,5,5135,卖盘
784,13:23:22,10.3,0.02,10,10300,买盘
785,13:23:17,10.28,--,6,6168,买盘
786,13:23:11,10.28,-0.02,18,18504,卖盘
787,13:23:07,10.3,--,41,42230,卖盘
788,13:23:02,10.3,--,250,257500,买盘
789,13:22:56,10.3,0.02,88,90640,买盘
790,13:22:41,10.28,-0.01,28,28784,卖盘
791,13:22:37,10.29,--,26,26753,买盘
792,13:22:26,10.29,--,23,23666,买盘
793,13:22:17,10.29,-0.02,65,66885,买盘
794,13:22:11,10.31,0.01,10,10310,买盘
795,13:22:07,10.3,--,0,0,卖盘
796,13:22:02,10.3,--,18,18540,卖盘
797,13:21:56,10.3,--,780,803915,买盘
798,13:21:47,10.3,--,10,10300,买盘
799,13:21:41,10.3,--,126,130295,卖盘
800,13:21:37,10.3,-0.01,12,12360,卖盘
801,13:21:32,10.31,0.01,11,11341,买盘
802,13:21:26,10.3,-0.01,11,11330,卖盘
803,13:21:22,10.31,0.01,9,9279,买盘
804,13:21:07,10.3,-0.01,10,10300,卖盘
805,13:20:56,10.31,0.01,33,34023,买盘
806,13:20:52,10.3,--,2,2060,卖盘
807,13:20:47,10.3,--,3,3090,卖盘
808,13:20:37,10.3,-0.01,86,88580,卖盘
809,13:20:32,10.31,0.01,10,10310,买盘
810,13:20:26,10.3,-0.01,29,29870,卖盘
811,13:20:11,10.31,0.01,10,10310,买盘
812,13:20:07,10.3,--,52,53560,卖盘
813,13:20:02,10.3,--,34,35020,卖盘
814,13:19:56,10.3,--,3,3605,卖盘
815,13:19:52,10.3,--,21,21630,卖盘
816,13:19:46,10.3,--,1,1030,卖盘
817,13:19:36,10.3,--,17,17510,卖盘
818,13:19:31,10.3,-0.01,5,5150,卖盘
819,13:19:26,10.31,0.01,9,9279,买盘
820,13:19:21,10.3,0.02,86,88580,买盘
821,13:19:11,10.28,--,49,50372,卖盘
822,13:19:06,10.28,-0.02,16,16448,卖盘
823,13:19:01,10.3,--,3,3090,买盘
824,13:18:56,10.3,--,81,83430,买盘
825,13:18:51,10.3,--,1,1030,买盘
826,13:18:46,10.3,--,10,10300,买盘
827,13:18:41,10.3,--,11,11330,买盘
828,13:18:36,10.3,--,83,85490,买盘
829,13:18:21,10.3,--,362,372870,卖盘
830,13:18:16,10.3,-0.01,1,1030,卖盘
831,13:18:11,10.31,0.01,10,10310,买盘
832,13:18:06,10.3,--,20,20600,卖盘
833,13:18:01,10.3,-0.01,15,15450,卖盘
834,13:17:56,10.31,--,15,15465,买盘
835,13:17:51,10.31,0.01,106,109286,买盘
836,13:17:46,10.3,-0.01,70,72100,卖盘
837,13:17:41,10.31,--,26,26806,买盘
838,13:17:36,10.31,--,61,62891,买盘
839,13:17:31,10.31,--,2,2062,买盘
840,13:17:26,10.31,0.01,41,42271,买盘
841,13:17:20,10.3,-0.01,26,26780,卖盘
842,13:17:06,10.31,0.01,10,10310,买盘
843,13:17:01,10.3,-0.01,1,1030,卖盘
844,13:16:56,10.31,--,10,10310,买盘
845,13:16:41,10.31,0.01,10,10310,买盘
846,13:16:36,10.3,-0.01,3,3090,卖盘
847,13:16:31,10.31,--,9,9279,买盘
848,13:16:26,10.31,0.01,10,10310,买盘
849,13:16:20,10.3,--,73,75190,卖盘
850,13:16:16,10.3,-0.01,2,2060,卖盘
851,13:16:11,10.31,--,18,18558,买盘
852,13:16:05,10.31,--,35,36085,买盘
853,13:15:56,10.31,--,10,10310,买盘
854,13:15:46,10.31,--,10,10310,买盘
855,13:15:41,10.31,0.01,11,11341,买盘
856,13:15:35,10.3,-0.01,10,10300,卖盘
857,13:15:31,10.31,0.01,10,10310,买盘
858,13:15:26,10.3,-0.01,30,30900,卖盘
859,13:15:20,10.31,--,10,10310,买盘
860,13:15:16,10.31,0.01,9,9279,买盘
861,13:15:11,10.3,--,150,154500,卖盘
862,13:15:05,10.3,--,109,112270,卖盘
863,13:14:56,10.3,-0.01,7,7210,卖盘
864,13:14:50,10.31,0.01,158,163918,买盘
865,13:14:41,10.3,--,20,20600,买盘
866,13:14:35,10.3,--,122,125660,买盘
867,13:14:26,10.3,--,30,30900,买盘
868,13:14:20,10.3,--,11,11330,买盘
869,13:14:16,10.3,--,0,0,买盘
870,13:14:11,10.3,0.02,25,25750,买盘
871,13:14:05,10.28,--,36,37008,卖盘
872,13:14:01,10.28,--,15,15419,卖盘
873,13:13:56,10.28,-0.02,142,145976,卖盘
874,13:13:46,10.3,0.02,11,11330,买盘
875,13:13:41,10.28,-0.02,12,12336,卖盘
876,13:13:35,10.3,--,183,188490,买盘
877,13:13:26,10.3,0.02,311,320330,买盘
878,13:13:20,10.28,--,61,62707,卖盘
879,13:13:01,10.28,-0.02,2,2056,卖盘
880,13:12:55,10.3,0.02,65,66950,买盘
881,13:12:50,10.28,-0.02,1,1028,卖盘
882,13:12:35,10.3,0.02,43,44290,买盘
883,13:12:25,10.28,-0.02,12,12336,卖盘
884,13:12:20,10.3,0.02,56,57680,买盘
885,13:12:15,10.28,-0.02,12,12336,卖盘
886,13:12:05,10.3,--,5,5160,卖盘
887,13:11:50,10.3,--,254,262639,买盘
888,13:11:35,10.3,--,144,148320,卖盘
889,13:11:30,10.3,--,18,18540,卖盘
890,13:11:25,10.3,-0.01,39,40170,卖盘
891,13:11:20,10.31,0.01,72,74232,买盘
892,13:11:15,10.3,--,30,30900,卖盘
893,13:11:10,10.3,--,10,10300,卖盘
894,13:11:05,10.3,--,107,110210,买盘
895,13:11:00,10.3,0.03,40,41200,买盘
896,13:10:55,10.27,-0.03,171,175617,卖盘
897,13:10:35,10.3,--,200,206000,买盘
898,13:10:30,10.3,--,55,56650,卖盘
899,13:10:25,10.3,--,85,87550,卖盘
900,13:10:20,10.3,--,1,1030,卖盘
901,13:10:15,10.3,--,53,54590,卖盘
902,13:10:05,10.3,--,58,59740,卖盘
903,13:09:55,10.3,--,150,154500,卖盘
904,13:09:49,10.3,--,24,24720,卖盘
905,13:09:35,10.3,--,12,12360,卖盘
906,13:09:30,10.3,--,5,5150,卖盘
907,13:09:25,10.3,--,8,8240,卖盘
908,13:09:15,10.3,--,5,5150,卖盘
909,13:09:10,10.3,-0.01,4,4120,卖盘
910,13:09:04,10.31,0.01,26,26806,买盘
911,13:09:00,10.3,-0.01,4,4120,中性盘
912,13:08:50,10.31,0.01,267,275277,买盘
913,13:08:45,10.3,--,35,36050,卖盘
914,13:08:40,10.3,--,3,3090,卖盘
915,13:08:35,10.3,--,33,33990,卖盘
916,13:08:30,10.3,--,30,30900,卖盘
917,13:08:20,10.3,--,2,2060,卖盘
918,13:08:14,10.3,--,8,8240,卖盘
919,13:08:10,10.3,--,50,51500,卖盘
920,13:08:05,10.3,--,15,15450,卖盘
921,13:07:59,10.3,--,20,20600,卖盘
922,13:07:55,10.3,-0.01,2,2060,卖盘
923,13:07:50,10.31,--,77,79387,买盘
924,13:07:44,10.31,0.01,63,64953,买盘
925,13:07:40,10.3,-0.01,50,51500,卖盘
926,13:07:29,10.31,0.01,12,12372,买盘
927,13:07:20,10.3,--,10,10300,卖盘
928,13:07:14,10.3,--,7,7210,卖盘
929,13:07:04,10.3,-0.01,21,21630,卖盘
930,13:06:55,10.31,0.02,10,10310,买盘
931,13:06:50,10.29,--,0,0,卖盘
932,13:06:44,10.29,--,112,115247,卖盘
933,13:06:40,10.29,-0.02,24,24695,卖盘
934,13:06:35,10.31,--,9,9279,买盘
935,13:06:29,10.31,0.02,9,9279,买盘
936,13:06:20,10.29,-0.02,29,29840,卖盘
937,13:06:14,10.31,0.02,10,10310,买盘
938,13:06:10,10.29,-0.02,1,1029,卖盘
939,13:06:05,10.31,--,25,25775,买盘
940,13:05:59,10.31,0.01,15,15465,买盘
941,13:05:44,10.3,-0.01,9,9270,中性盘
942,13:05:40,10.31,0.01,352,362912,买盘
943,13:05:29,10.3,--,30,30900,买盘
944,13:05:24,10.3,--,132,135960,卖盘
945,13:05:14,10.3,--,10,10300,卖盘
946,13:05:10,10.3,-0.01,2,2060,卖盘
947,13:05:04,10.31,0.01,16,16496,买盘
948,13:04:59,10.3,--,15,15450,卖盘
949,13:04:49,10.3,-0.01,10,10300,卖盘
950,13:04:44,10.31,--,36,37116,买盘
951,13:04:39,10.31,0.01,5,5155,买盘
952,13:04:34,10.3,-0.01,10,10300,卖盘
953,13:04:29,10.31,0.01,39,40209,买盘
954,13:04:24,10.3,-0.01,1,1030,卖盘
955,13:04:19,10.31,0.01,11,11341,买盘
956,13:04:14,10.3,-0.01,20,20600,卖盘
957,13:04:09,10.31,0.01,114,117534,买盘
958,13:04:04,10.3,-0.01,10,10300,卖盘
959,13:03:59,10.31,0.01,12,12372,买盘
960,13:03:54,10.3,-0.01,10,10300,卖盘
961,13:03:44,10.31,--,10,10310,买盘
962,13:03:39,10.31,0.01,111,114441,买盘
963,13:03:34,10.3,-0.01,100,103000,卖盘
964,13:03:24,10.31,--,36,37116,买盘
965,13:03:14,10.31,--,9,9279,买盘
966,13:02:59,10.31,--,10,10310,买盘
967,13:02:54,10.31,--,17,17527,买盘
968,13:02:49,10.31,--,20,20620,买盘
969,13:02:43,10.31,--,10,10310,买盘
970,13:02:29,10.31,--,11,11341,买盘
971,13:02:19,10.31,--,10,10310,买盘
972,13:02:14,10.31,--,37,38147,卖盘
973,13:02:09,10.31,--,30,30930,卖盘
974,13:01:58,10.31,-0.01,50,51550,卖盘
975,13:01:54,10.32,--,30,30960,买盘
976,13:01:49,10.32,--,3,3096,买盘
977,13:01:43,10.32,--,12,12384,买盘
978,13:01:34,10.32,--,9,9288,买盘
979,13:01:24,10.32,--,26,26832,买盘
980,13:01:19,10.32,--,10,10320,买盘
981,13:01:14,10.32,--,29,29928,买盘
982,13:00:59,10.32,--,11,11352,买盘
983,13:00:54,10.32,--,10,10320,买盘
984,13:00:43,10.32,--,2,2064,买盘
985,13:00:18,10.32,0.01,10,10320,买盘
986,13:00:08,10.31,--,179,184549,卖盘
987,13:00:04,10.31,--,191,196921,买盘
988,11:30:00,10.31,--,0,0,买盘
989,11:29:59,10.31,--,0,0,买盘
990,11:29:55,10.31,--,10,10310,买盘
991,11:29:40,10.31,0.01,12,12372,买盘
992,11:29:25,10.3,-0.01,7,7210,卖盘
993,11:29:21,10.31,--,10,10310,买盘
994,11:29:10,10.31,--,10,10310,买盘
995,11:29:05,10.31,--,19,19589,买盘
996,11:29:00,10.31,-0.01,10,10310,中性盘
997,11:28:50,10.32,--,61,62952,买盘
998,11:28:40,10.32,--,9,9288,买盘
999,11:28:35,10.32,0.01,28,28896,买盘
1000,11:28:30,10.31,-0.01,3,3093,买盘
1001,11:28:25,10.32,--,50,51600,买盘
1002,11:28:15,10.32,--,11,11352,买盘
1003,11:28:05,10.32,--,13,13416,买盘
1004,11:27:55,10.32,--,20,20640,买盘
1005,11:27:50,10.32,--,120,123840,买盘
1006,11:27:45,10.32,0.01,7,7224,买盘
1007,11:27:40,10.31,--,64,65984,卖盘
1008,11:27:35,10.31,-0.01,24,24744,卖盘
1009,11:27:25,10.32,--,21,21672,买盘
1010,11:27:20,10.32,0.01,10,10320,买盘
1011,11:27:10,10.31,-0.01,1,1031,中性盘
1012,11:27:05,10.32,0.01,128,132096,买盘
1013,11:26:59,10.31,--,10,10310,买盘
1014,11:26:55,10.31,-0.01,21,21651,买盘
1015,11:26:50,10.32,0.01,61,62952,买盘
1016,11:26:45,10.31,--,17,17527,买盘
1017,11:26:40,10.31,-0.01,14,14434,卖盘
1018,11:26:35,10.32,0.01,17,17544,买盘
1019,11:26:29,10.31,-0.01,53,54643,卖盘
1020,11:26:25,10.32,0.01,21,21672,买盘
1021,11:26:20,10.31,-0.01,9,9279,卖盘
1022,11:26:14,10.32,--,25,25800,买盘
1023,11:26:10,10.32,0.01,29,29928,买盘
1024,11:26:05,10.31,-0.01,5,5155,卖盘
1025,11:25:59,10.32,--,8,8256,买盘
1026,11:25:49,10.32,--,69,71208,买盘
1027,11:25:44,10.32,--,19,19608,买盘
1028,11:25:40,10.32,0.01,9,9288,买盘
1029,11:25:35,10.31,0.01,221,227851,买盘
1030,11:25:30,10.3,-0.01,10,10300,卖盘
1031,11:25:20,10.31,--,8,8248,买盘
1032,11:25:14,10.31,--,15,15465,买盘
1033,11:25:09,10.31,--,10,10310,买盘
1034,11:25:05,10.31,--,3,3093,买盘
1035,11:25:00,10.31,--,12,12372,买盘
1036,11:24:54,10.31,--,9,9279,买盘
1037,11:24:50,10.31,--,65,67015,买盘
1038,11:24:44,10.31,0.01,117,120627,买盘
1039,11:24:39,10.3,-0.01,20,20600,卖盘
1040,11:24:29,10.31,0.01,8,8248,买盘
1041,11:24:24,10.3,--,10,10300,卖盘
1042,11:24:20,10.3,--,28,28840,卖盘
1043,11:24:14,10.3,0.02,15,15450,买盘
1044,11:24:05,10.28,--,0,0,卖盘
1045,11:23:59,10.28,--,0,0,卖盘
1046,11:23:50,10.28,-0.02,66,67848,卖盘
1047,11:23:29,10.3,0.02,22,22660,买盘
1048,11:23:24,10.28,-0.02,3,3084,卖盘
1049,11:23:20,10.3,--,31,31930,买盘
1050,11:23:14,10.3,-0.01,1,1030,买盘
1051,11:22:50,10.31,0.01,61,62891,买盘
1052,11:22:44,10.3,--,0,0,买盘
1053,11:22:34,10.3,--,42,43260,买盘
1054,11:22:24,10.3,--,3,3090,买盘
1055,11:22:20,10.3,--,30,30900,买盘
1056,11:21:59,10.3,--,66,67980,买盘
1057,11:21:49,10.3,0.01,61,62830,买盘
1058,11:21:34,10.29,--,7,7202,买盘
1059,11:21:29,10.29,--,2,2058,买盘
1060,11:21:14,10.29,0.02,9,9261,买盘
1061,11:21:04,10.27,-0.02,9,9243,卖盘
1062,11:20:59,10.29,--,17,17493,买盘
1063,11:20:49,10.29,0.02,61,62768,买盘
1064,11:20:44,10.27,-0.02,26,26702,卖盘
1065,11:20:39,10.29,--,2,2058,买盘
1066,11:20:34,10.29,--,3,3086,买盘
1067,11:20:19,10.29,--,0,0,买盘
1068,11:20:14,10.29,--,4,4116,买盘
1069,11:20:04,10.29,-0.01,1,1029,卖盘
1070,11:19:59,10.3,--,11,11330,买盘
1071,11:19:54,10.3,--,2,2060,买盘
1072,11:19:49,10.3,--,61,62830,买盘
1073,11:19:34,10.3,0.01,57,58710,买盘
1074,11:19:23,10.29,--,2,2058,卖盘
1075,11:19:19,10.29,-0.01,9,9261,卖盘
1076,11:19:14,10.3,0.03,43,44290,买盘
1077,11:19:08,10.27,-0.01,3,3081,卖盘
1078,11:19:04,10.28,--,18,18504,买盘
1079,11:18:59,10.28,0.02,29,29811,买盘
1080,11:18:49,10.26,--,98,100548,卖盘
1081,11:18:44,10.26,-0.01,21,21546,卖盘
1082,11:18:38,10.27,--,6,6162,买盘
1083,11:18:34,10.27,--,28,28756,买盘
1084,11:18:23,10.27,--,13,13351,买盘
1085,11:18:19,10.27,-0.02,339,348153,卖盘
1086,11:18:14,10.29,--,58,59681,买盘
1087,11:18:04,10.29,--,6,6173,买盘
1088,11:17:59,10.29,-0.02,94,96725,卖盘
1089,11:17:53,10.31,0.02,7,7217,买盘
1090,11:17:49,10.29,-0.01,80,82320,卖盘
1091,11:17:38,10.3,--,9,9270,买盘
1092,11:17:34,10.3,--,14,14420,卖盘
1093,11:17:23,10.3,--,21,21630,卖盘
1094,11:17:14,10.3,--,33,33990,买盘
1095,11:17:08,10.3,0.01,45,46350,买盘
1096,11:17:03,10.29,-0.01,6,6173,卖盘
1097,11:16:59,10.3,0.01,6,6180,买盘
1098,11:16:53,10.29,-0.02,200,205799,卖盘
1099,11:16:48,10.31,0.01,61,62891,买盘
1100,11:16:43,10.3,--,7,7210,买盘
1101,11:16:38,10.3,-0.01,3,3090,卖盘
1102,11:16:33,10.31,0.01,7,7217,买盘
1103,11:16:28,10.3,--,30,30900,卖盘
1104,11:16:23,10.3,--,27,27810,买盘
1105,11:16:18,10.3,-0.01,23,23690,卖盘
1106,11:16:08,10.31,--,13,13403,买盘
1107,11:16:03,10.31,0.01,7,7217,买盘
1108,11:15:58,10.3,-0.01,16,16480,卖盘
1109,11:15:53,10.31,--,5,5155,买盘
1110,11:15:48,10.31,--,61,62891,买盘
1111,11:15:43,10.31,0.01,69,71139,买盘
1112,11:15:38,10.3,--,22,22660,买盘
1113,11:15:28,10.3,--,36,37080,卖盘
1114,11:15:23,10.3,-0.01,2,2060,卖盘
1115,11:15:13,10.31,0.01,7,7217,买盘
1116,11:15:08,10.3,--,152,156560,卖盘
1117,11:15:03,10.3,-0.01,21,21630,卖盘
1118,11:14:58,10.31,0.01,71,73201,买盘
1119,11:14:53,10.3,-0.01,26,26780,卖盘
1120,11:14:48,10.31,--,61,62891,买盘
1121,11:14:23,10.31,--,7,7217,买盘
1122,11:14:13,10.31,0.01,18,18558,买盘
1123,11:14:08,10.3,-0.01,11,11330,卖盘
1124,11:13:58,10.31,0.01,6,6186,买盘
1125,11:13:53,10.3,--,37,38110,买盘
1126,11:13:48,10.3,0.01,79,81370,买盘
1127,11:13:43,10.29,-0.01,10,10290,卖盘
1128,11:13:38,10.3,--,8,8240,买盘
1129,11:13:33,10.3,-0.01,10,10300,卖盘
1130,11:13:28,10.31,--,12,12372,买盘
1131,11:13:13,10.31,0.01,14,14434,买盘
1132,11:13:08,10.3,--,2,2060,买盘
1133,11:13:03,10.3,--,12,12360,买盘
1134,11:12:58,10.3,-0.01,11,11330,卖盘
1135,11:12:53,10.31,--,8,8248,买盘
1136,11:12:48,10.31,--,61,62891,买盘
1137,11:12:43,10.31,0.01,5,5155,买盘
1138,11:12:38,10.3,--,33,33990,买盘
1139,11:12:23,10.3,--,6,6180,买盘
1140,11:12:13,10.3,-0.01,2,2060,中性盘
1141,11:12:08,10.31,0.01,229,236099,买盘
1142,11:11:58,10.3,0.01,135,139050,买盘
1143,11:11:53,10.29,-0.01,22,22637,卖盘
1144,11:11:47,10.3,--,68,70040,买盘
1145,11:11:43,10.3,--,1,1030,买盘
1146,11:11:32,10.3,--,18,18540,买盘
1147,11:11:28,10.3,-0.01,54,55620,卖盘
1148,11:11:23,10.31,0.01,7,7217,买盘
1149,11:11:13,10.3,0.01,268,276040,买盘
1150,11:11:08,10.29,-0.01,10,10290,卖盘
1151,11:11:02,10.3,--,6,6180,买盘
1152,11:10:53,10.3,--,6,6180,买盘
1153,11:10:47,10.3,0.01,61,62830,买盘
1154,11:10:38,10.29,0.02,17,17493,买盘
1155,11:10:32,10.27,--,146,149942,买盘
1156,11:10:28,10.27,0.01,7,7189,买盘
1157,11:10:23,10.26,-0.01,10,10260,卖盘
1158,11:10:17,10.27,--,16,16432,买盘
1159,11:10:08,10.27,-0.02,25,25675,卖盘
1160,11:10:02,10.29,0.02,25,25724,买盘
1161,11:09:58,10.27,--,47,48269,卖盘
1162,11:09:53,10.27,-0.01,500,513500,卖盘
1163,11:09:47,10.28,--,76,78128,买盘
1164,11:09:38,10.28,--,7,7196,买盘
1165,11:09:22,10.28,0.01,12,12336,买盘
1166,11:09:17,10.27,-0.01,23,23621,卖盘
1167,11:09:08,10.28,--,6,6168,买盘
1168,11:09:02,10.28,--,25,25700,买盘
1169,11:08:57,10.28,--,4,4112,买盘
1170,11:08:47,10.28,0.01,107,109996,中性盘
1171,11:08:42,10.27,-0.02,54,55458,卖盘
1172,11:08:37,10.29,0.01,24,24695,买盘
1173,11:08:32,10.28,--,133,136724,买盘
1174,11:08:12,10.28,--,6,6168,买盘
1175,11:08:02,10.28,--,12,12336,买盘
1176,11:07:52,10.28,--,12,12336,买盘
1177,11:07:47,10.28,--,153,157284,卖盘
1178,11:07:37,10.28,--,19,19532,卖盘
1179,11:07:32,10.28,-0.02,59,60651,卖盘
1180,11:07:22,10.3,0.02,11,11330,买盘
1181,11:07:17,10.28,-0.02,100,102800,卖盘
1182,11:07:12,10.3,0.02,6,6180,买盘
1183,11:07:07,10.28,--,5,5140,卖盘
1184,11:07:02,10.28,-0.02,29,29811,卖盘
1185,11:06:57,10.3,--,7,7210,买盘
1186,11:06:47,10.3,0.02,88,90640,买盘
1187,11:06:42,10.28,-0.01,26,26728,卖盘
1188,11:06:37,10.29,-0.01,18,18522,卖盘
1189,11:06:22,10.3,--,22,22660,买盘
1190,11:06:17,10.3,--,4,4120,卖盘
1191,11:06:12,10.3,--,20,20600,卖盘
1192,11:06:07,10.3,--,20,20600,卖盘
1193,11:06:02,10.3,--,8,8240,卖盘
1194,11:05:52,10.3,--,39,40170,买盘
1195,11:05:47,10.3,--,78,80340,卖盘
1196,11:05:42,10.3,--,16,16480,卖盘
1197,11:05:37,10.3,-0.01,103,106090,卖盘
1198,11:05:32,10.31,0.01,26,26806,买盘
1199,11:05:27,10.3,--,94,96820,买盘
1200,11:05:22,10.3,-0.01,37,38882,卖盘
1201,11:05:17,10.31,0.01,80,82737,买盘
1202,11:05:07,10.3,--,7,7210,买盘
1203,11:04:52,10.3,--,19,19570,买盘
1204,11:04:47,10.3,0.01,82,84460,买盘
1205,11:04:37,10.29,--,7,7202,买盘
1206,11:04:32,10.29,-0.01,8,8232,卖盘
1207,11:04:22,10.3,0.01,6,6180,买盘
1208,11:04:17,10.29,--,8,8232,卖盘
1209,11:04:11,10.29,-0.01,16,16464,卖盘
1210,11:04:06,10.3,--,3,3090,买盘
1211,11:04:02,10.3,--,6,6180,买盘
1212,11:03:56,10.3,--,3,3090,买盘
1213,11:03:52,10.3,--,26,26780,买盘
1214,11:03:47,10.3,0.02,62,63860,买盘
1215,11:03:41,10.28,-0.02,11,11308,卖盘
1216,11:03:32,10.3,--,22,22660,买盘
1217,11:03:26,10.3,--,10,10300,买盘
1218,11:03:17,10.3,0.01,36,37080,买盘
1219,11:03:11,10.29,-0.01,17,17493,卖盘
1220,11:03:07,10.3,0.01,10,10300,买盘
1221,11:03:02,10.29,-0.01,17,17493,卖盘
1222,11:02:47,10.3,0.01,84,86520,买盘
1223,11:02:41,10.29,-0.01,31,31898,卖盘
1224,11:02:37,10.3,--,26,26780,买盘
1225,11:02:32,10.3,--,6,6180,买盘
1226,11:02:26,10.3,-0.01,49,50470,卖盘
1227,11:02:17,10.31,--,2,2062,买盘
1228,11:02:11,10.31,0.01,83,85573,买盘
1229,11:02:07,10.3,-0.01,5,5150,卖盘
1230,11:02:01,10.31,--,6,6186,买盘
1231,11:01:56,10.31,--,2,2062,卖盘
1232,11:01:52,10.31,-0.01,23,23713,卖盘
1233,11:01:46,10.32,--,94,97008,买盘
1234,11:01:41,10.32,--,10,10320,买盘
1235,11:01:37,10.32,--,21,21672,买盘
1236,11:01:31,10.32,--,6,6192,买盘
1237,11:01:26,10.32,--,100,103200,买盘
1238,11:01:16,10.32,--,15,15480,买盘
1239,11:01:11,10.32,--,41,42312,买盘
1240,11:01:06,10.32,--,61,62952,卖盘
1241,11:01:01,10.32,0.01,74,76368,中性盘
1242,11:00:56,10.31,-0.01,16,16496,卖盘
1243,11:00:51,10.32,--,33,34056,买盘
1244,11:00:46,10.32,--,75,77400,买盘
1245,11:00:41,10.32,--,36,37152,买盘
1246,11:00:36,10.32,--,25,25800,买盘
1247,11:00:31,10.32,--,18,18576,买盘
1248,11:00:26,10.32,--,80,82560,买盘
1249,11:00:21,10.32,--,40,41280,买盘
1250,11:00:16,10.32,--,40,41280,买盘
1251,11:00:11,10.32,--,30,30960,买盘
1252,11:00:06,10.32,0.01,94,97936,买盘
1253,11:00:01,10.31,--,102,105162,买盘
1254,10:59:56,10.31,--,15,15465,买盘
1255,10:59:51,10.31,--,0,0,买盘
1256,10:59:46,10.31,0.01,65,67015,买盘
1257,10:59:41,10.3,0.01,3,3090,买盘
1258,10:59:36,10.29,-0.01,3,3086,卖盘
1259,10:59:31,10.3,--,30,30900,买盘
1260,10:59:26,10.3,--,29,29870,买盘
1261,10:59:21,10.3,--,20,20600,买盘
1262,10:59:16,10.3,--,10,10300,买盘
1263,10:59:11,10.3,-0.01,27,27810,买盘
1264,10:59:06,10.31,--,0,0,买盘
1265,10:59:01,10.31,0.01,26,26806,买盘
1266,10:58:56,10.3,0.02,10,10300,买盘
1267,10:58:51,10.28,-0.03,69,70932,卖盘
1268,10:58:46,10.31,0.02,566,583546,买盘
1269,10:58:41,10.29,-0.01,23,23666,买盘
1270,10:58:31,10.3,--,0,0,买盘
1271,10:58:16,10.3,0.01,32,32960,买盘
1272,10:58:11,10.29,-0.01,30,30869,中性盘
1273,10:58:05,10.3,0.01,20,20600,买盘
1274,10:58:01,10.29,-0.01,4,4116,买盘
1275,10:57:56,10.3,0.01,16,16480,买盘
1276,10:57:50,10.29,-0.01,7,7202,中性盘
1277,10:57:46,10.3,0.03,61,62830,买盘
1278,10:57:35,10.27,-0.02,10,10270,卖盘
1279,10:57:31,10.29,0.01,400,411599,买盘
1280,10:57:20,10.28,0.01,20,20560,买盘
1281,10:57:11,10.27,-0.01,30,30810,中性盘
1282,10:57:00,10.28,--,28,28784,买盘
1283,10:56:50,10.28,--,0,0,买盘
1284,10:56:46,10.28,0.01,78,80184,买盘
1285,10:56:35,10.27,--,48,49296,买盘
1286,10:56:30,10.27,--,5,5135,买盘
1287,10:56:26,10.27,0.01,1,1027,买盘
1288,10:56:16,10.26,-0.01,3,3078,卖盘
1289,10:56:05,10.27,--,13,13351,买盘
1290,10:55:56,10.27,--,25,25675,买盘
1291,10:55:50,10.27,--,61,62647,买盘
1292,10:55:35,10.27,--,25,25675,买盘
1293,10:55:20,10.27,0.01,106,108862,买盘
1294,10:55:15,10.26,-0.01,8,8208,卖盘
1295,10:54:55,10.27,--,10,10270,买盘
1296,10:54:50,10.27,--,81,83187,买盘
1297,10:54:40,10.27,0.01,10,10270,买盘
1298,10:54:25,10.26,-0.01,10,10260,卖盘
1299,10:54:20,10.27,0.01,17,17459,买盘
1300,10:54:10,10.26,-0.01,3,3078,卖盘
1301,10:54:05,10.27,0.02,7,7189,买盘
1302,10:54:01,10.25,--,15,15375,卖盘
1303,10:53:55,10.25,-0.02,30,30750,卖盘
1304,10:53:50,10.27,0.02,61,62647,买盘
1305,10:53:45,10.25,-0.01,1,1025,卖盘
1306,10:53:35,10.26,0.01,20,20520,买盘
1307,10:53:20,10.25,--,17,17425,买盘
1308,10:53:10,10.25,--,2,2050,买盘
1309,10:53:05,10.25,0.02,26,26650,中性盘
1310,10:52:55,10.23,-0.03,1,1023,卖盘
1311,10:52:50,10.26,0.02,88,90288,买盘
1312,10:52:40,10.24,--,15,15360,买盘
1313,10:52:30,10.24,-0.02,15,15360,卖盘
1314,10:52:25,10.26,--,8,8208,买盘
1315,10:52:20,10.26,--,83,85158,买盘
1316,10:52:05,10.26,--,0,0,买盘
1317,10:51:50,10.26,0.02,61,62586,买盘
1318,10:51:44,10.24,--,9,9216,买盘
1319,10:51:29,10.24,-0.01,35,35840,卖盘
1320,10:51:25,10.25,-0.01,30,30750,卖盘
1321,10:51:20,10.26,--,17,17442,买盘
1322,10:51:14,10.26,0.01,40,41040,买盘
1323,10:51:10,10.25,-0.01,2,2050,卖盘
1324,10:51:05,10.26,0.01,51,52326,买盘
1325,10:50:59,10.25,--,26,26650,卖盘
1326,10:50:55,10.25,-0.01,10,10250,卖盘
1327,10:50:50,10.26,0.01,60,61560,买盘
1328,10:50:44,10.25,--,10,10250,卖盘
1329,10:50:29,10.25,--,5,5125,卖盘
1330,10:50:25,10.25,--,174,178350,买盘
1331,10:50:20,10.25,--,29,29725,买盘
1332,10:50:10,10.25,--,43,44075,买盘
1333,10:50:05,10.25,--,4,4100,买盘
1334,10:49:59,10.25,--,26,26650,买盘
1335,10:49:55,10.25,--,73,74825,买盘
1336,10:49:50,10.25,--,101,103525,买盘
1337,10:49:44,10.25,--,0,0,买盘
1338,10:49:39,10.25,--,3,3075,买盘
1339,10:49:35,10.25,0.01,19,19475,买盘
1340,10:49:29,10.24,--,27,27648,买盘
1341,10:49:24,10.24,--,6,6144,买盘
1342,10:49:20,10.24,0.03,9,9216,买盘
1343,10:49:04,10.21,-0.03,6,6126,卖盘
1344,10:48:59,10.24,--,0,0,买盘
1345,10:48:54,10.24,--,1,1024,买盘
1346,10:48:49,10.24,0.02,61,62464,买盘
1347,10:48:39,10.22,-0.02,10,10220,卖盘
1348,10:48:14,10.24,0.01,156,159744,买盘
1349,10:47:59,10.23,-0.01,5,5115,卖盘
1350,10:47:49,10.24,0.03,61,62464,买盘
1351,10:47:39,10.21,--,0,0,卖盘
1352,10:47:34,10.21,--,10,10210,卖盘
1353,10:47:24,10.21,--,20,20420,卖盘
1354,10:47:19,10.21,--,18,18378,卖盘
1355,10:47:04,10.21,0.01,2,2042,中性盘
1356,10:46:49,10.2,--,62,63239,卖盘
1357,10:46:44,10.2,-0.01,23,23460,卖盘
1358,10:46:39,10.21,--,2,2042,买盘
1359,10:46:19,10.21,-0.02,21,21441,卖盘
1360,10:46:14,10.23,--,22,22506,买盘
1361,10:46:09,10.23,0.02,20,20460,买盘
1362,10:46:04,10.21,-0.02,10,10210,卖盘
1363,10:45:59,10.23,--,3,3069,买盘
1364,10:45:54,10.23,--,8,8184,买盘
1365,10:45:49,10.23,0.02,71,72633,买盘
1366,10:45:44,10.21,-0.03,15,15315,中性盘
1367,10:45:29,10.24,--,0,0,买盘
1368,10:45:19,10.24,--,90,92160,买盘
1369,10:45:14,10.24,--,12,12288,买盘
1370,10:45:09,10.24,--,5,5120,买盘
1371,10:45:04,10.24,0.01,8,8192,买盘
1372,10:44:53,10.23,0.03,3,3069,买盘
1373,10:44:49,10.2,-0.03,93,94860,卖盘
1374,10:44:44,10.23,0.03,1,1023,卖盘
1375,10:44:34,10.2,0.01,1,1019,中性盘
1376,10:44:28,10.19,--,28,28532,卖盘
1377,10:44:19,10.19,--,224,228256,卖盘
1378,10:44:08,10.19,-0.01,10,10190,卖盘
1379,10:44:04,10.2,--,15,15299,买盘
1380,10:43:59,10.2,--,104,106079,卖盘
1381,10:43:49,10.2,--,71,72420,卖盘
1382,10:43:44,10.2,-0.01,28,28559,卖盘
1383,10:43:29,10.21,--,3,3063,买盘
1384,10:43:23,10.21,--,3,3063,买盘
1385,10:43:14,10.21,--,31,31651,卖盘
1386,10:43:08,10.21,-0.01,8,8168,卖盘
1387,10:42:53,10.22,-0.02,10,10220,卖盘
1388,10:42:49,10.24,--,61,62464,买盘
1389,10:42:38,10.24,0.03,5,5120,买盘
1390,10:42:29,10.21,-0.03,10,10210,卖盘
1391,10:42:18,10.24,0.02,30,30720,买盘
1392,10:42:14,10.22,-0.02,28,28616,卖盘
1393,10:42:03,10.24,-0.01,1,1024,买盘
1394,10:41:53,10.25,--,0,0,买盘
1395,10:41:48,10.25,0.01,60,61500,买盘
1396,10:41:38,10.24,0.02,20,20480,买盘
1397,10:41:23,10.22,-0.03,20,20440,卖盘
1398,10:41:18,10.25,--,0,0,买盘
1399,10:40:48,10.25,0.03,61,62525,买盘
1400,10:40:43,10.22,-0.02,22,22484,卖盘
1401,10:40:33,10.24,-0.01,2,2048,买盘
1402,10:40:28,10.25,--,4,4100,买盘
1403,10:40:23,10.25,--,10,10250,买盘
1404,10:40:18,10.25,0.01,7,7175,买盘
1405,10:40:13,10.24,0.02,3,3072,买盘
1406,10:40:08,10.22,--,1,1022,买盘
1407,10:40:03,10.22,-0.02,6,6132,卖盘
1408,10:39:52,10.24,--,0,0,买盘
1409,10:39:48,10.24,0.03,61,62464,买盘
1410,10:39:43,10.21,--,13,13273,买盘
1411,10:39:38,10.21,--,5,5105,买盘
1412,10:39:33,10.21,-0.03,11,11231,卖盘
1413,10:39:23,10.24,--,0,0,买盘
1414,10:39:13,10.24,-0.01,6,6144,买盘
1415,10:39:08,10.25,--,0,0,买盘
1416,10:38:53,10.25,--,0,0,买盘
1417,10:38:48,10.25,0.05,61,62525,买盘
1418,10:38:38,10.2,--,1,1019,卖盘
1419,10:38:28,10.2,-0.01,37,37740,卖盘
1420,10:38:23,10.21,--,12,12252,买盘
1421,10:38:13,10.21,--,10,10210,买盘
1422,10:38:08,10.21,0.01,3,3063,买盘
1423,10:38:02,10.2,--,20,20400,卖盘
1424,10:37:58,10.2,-0.05,345,351900,卖盘
1425,10:37:47,10.25,0.03,61,62525,买盘
1426,10:37:43,10.22,0.01,5,5110,卖盘
1427,10:37:38,10.21,--,0,0,卖盘
1428,10:37:28,10.21,--,2,2042,卖盘
1429,10:37:13,10.21,-0.02,96,98016,卖盘
1430,10:37:08,10.23,-0.02,3,3069,卖盘
1431,10:37:02,10.25,--,0,0,买盘
1432,10:36:47,10.25,0.03,61,62525,买盘
1433,10:36:43,10.22,--,13,13286,卖盘
1434,10:36:32,10.22,--,2,2044,卖盘
1435,10:36:28,10.22,-0.03,46,47012,卖盘
1436,10:36:23,10.25,0.01,11,11275,买盘
1437,10:36:13,10.24,0.02,8,8192,中性盘
1438,10:36:02,10.22,--,15,15330,卖盘
1439,10:35:53,10.22,-0.03,6,6132,卖盘
1440,10:35:47,10.25,0.02,61,62525,买盘
1441,10:35:38,10.23,--,13,13299,买盘
1442,10:35:32,10.23,-0.02,12,12276,卖盘
1443,10:34:57,10.25,--,0,0,买盘
1444,10:34:53,10.25,0.01,5,5125,买盘
1445,10:34:47,10.24,0.01,61,62464,买盘
1446,10:34:42,10.23,--,10,10230,买盘
1447,10:34:27,10.23,--,11,11253,买盘
1448,10:34:07,10.23,-0.01,8,8184,买盘
1449,10:33:57,10.24,--,0,0,买盘
1450,10:33:47,10.24,--,85,87040,买盘
1451,10:33:37,10.24,--,28,28672,买盘
1452,10:33:32,10.24,--,5,5120,买盘
1453,10:33:27,10.24,--,6,6144,买盘
1454,10:33:22,10.24,0.01,4,4096,买盘
1455,10:33:17,10.23,--,7,7161,买盘
1456,10:33:07,10.23,0.01,3,3069,买盘
1457,10:33:01,10.22,--,19,19418,买盘
1458,10:32:57,10.22,--,18,18396,买盘
1459,10:32:47,10.22,--,65,66430,买盘
1460,10:32:32,10.22,--,1,1022,买盘
1461,10:32:22,10.22,-0.01,29,29638,卖盘
1462,10:32:16,10.23,--,15,15345,买盘
1463,10:32:07,10.23,--,21,21483,卖盘
1464,10:32:02,10.23,--,17,17391,卖盘
1465,10:31:57,10.23,--,3,3069,卖盘
1466,10:31:52,10.23,-0.01,10,10230,卖盘
1467,10:31:46,10.24,--,61,62464,买盘
1468,10:31:37,10.24,-0.02,11,11264,卖盘
1469,10:31:31,10.26,--,52,53352,买盘
1470,10:31:27,10.26,--,13,13338,买盘
1471,10:31:22,10.26,--,6,6156,买盘
1472,10:31:17,10.26,--,0,0,买盘
1473,10:31:12,10.26,--,10,10260,买盘
1474,10:31:02,10.26,--,6,6156,买盘
1475,10:30:52,10.26,--,10,10260,买盘
1476,10:30:47,10.26,0.02,93,95418,中性盘
1477,10:30:41,10.24,-0.03,135,138240,卖盘
1478,10:30:37,10.27,0.01,57,58539,买盘
1479,10:30:32,10.26,-0.01,10,10260,卖盘
1480,10:30:25,10.27,--,58,59566,买盘
1481,10:30:17,10.27,0.01,4,4108,买盘
1482,10:30:07,10.26,--,124,127224,买盘
1483,10:29:52,10.26,--,0,0,买盘
1484,10:29:47,10.26,0.02,61,62586,买盘
1485,10:29:41,10.24,-0.02,36,36864,卖盘
1486,10:29:37,10.26,0.02,27,27702,买盘
1487,10:29:32,10.24,-0.01,1,1024,卖盘
1488,10:29:22,10.25,0.01,83,85075,买盘
1489,10:29:11,10.24,--,0,0,卖盘
1490,10:29:07,10.24,-0.02,10,10240,卖盘
1491,10:29:02,10.26,0.02,35,36423,买盘
1492,10:28:56,10.24,--,22,22528,买盘
1493,10:28:52,10.24,--,4,4096,买盘
1494,10:28:47,10.24,-0.02,148,152064,卖盘
1495,10:28:40,10.26,--,72,73872,买盘
1496,10:28:37,10.26,--,6,6156,买盘
1497,10:28:32,10.26,--,38,38988,买盘
1498,10:28:26,10.26,--,43,44118,买盘
1499,10:28:17,10.26,0.01,10,10260,买盘
1500,10:28:11,10.25,--,2,2050,卖盘
1501,10:28:01,10.25,--,92,94812,买盘
1502,10:27:56,10.25,--,13,13325,买盘
1503,10:27:51,10.25,--,27,27675,买盘
1504,10:27:47,10.25,--,87,89175,买盘
1505,10:27:41,10.25,--,36,36900,买盘
1506,10:27:36,10.25,--,5,5125,买盘
1507,10:27:31,10.25,--,32,32800,买盘
1508,10:27:26,10.25,0.01,100,102500,买盘
1509,10:27:21,10.24,-0.01,9,9216,卖盘
1510,10:27:16,10.25,--,18,18450,买盘
1511,10:27:10,10.25,--,8,8200,买盘
1512,10:27:01,10.25,0.01,300,307500,买盘
1513,10:26:56,10.24,--,36,36864,买盘
1514,10:26:51,10.24,--,9,9216,买盘
1515,10:26:46,10.24,--,61,62464,买盘
1516,10:26:41,10.24,0.01,27,27648,买盘
1517,10:26:36,10.23,0.01,162,166667,买盘
1518,10:26:25,10.22,0.03,3,3066,买盘
1519,10:26:16,10.19,-0.03,1,1019,卖盘
1520,10:26:06,10.22,--,0,0,买盘
1521,10:26:01,10.22,0.03,25,25550,买盘
1522,10:25:56,10.19,--,3,3057,买盘
1523,10:25:51,10.19,-0.03,18,18423,卖盘
1524,10:25:46,10.22,0.03,64,65408,买盘
1525,10:25:40,10.19,--,0,0,卖盘
1526,10:25:25,10.19,--,10,10190,卖盘
1527,10:25:16,10.19,--,2,2975,买盘
1528,10:25:11,10.19,-0.03,107,109114,卖盘
1529,10:25:06,10.22,0.01,60,61320,买盘
1530,10:25:01,10.21,0.02,1,1021,卖盘
1531,10:24:51,10.19,-0.03,49,49931,卖盘
1532,10:24:46,10.22,0.02,23,23506,买盘
1533,10:24:41,10.2,--,9,9180,卖盘
1534,10:24:36,10.2,--,20,20400,买盘
1535,10:24:31,10.2,0.01,3,3060,买盘
1536,10:24:21,10.19,--,1,1019,卖盘
1537,10:24:16,10.19,--,20,20380,卖盘
1538,10:24:11,10.19,--,0,0,卖盘
1539,10:24:06,10.19,--,83,84577,卖盘
1540,10:24:01,10.19,-0.02,30,30570,卖盘
1541,10:23:55,10.21,0.02,45,45945,买盘
1542,10:23:25,10.19,--,5,5095,卖盘
1543,10:22:55,10.19,-0.02,23,23437,卖盘
1544,10:22:46,10.21,0.02,198,202158,买盘
1545,10:22:40,10.19,--,8,8152,卖盘
1546,10:22:35,10.19,--,30,30570,卖盘
1547,10:22:19,10.19,--,18,18342,卖盘
1548,10:22:11,10.19,--,4,4076,卖盘
1549,10:22:04,10.19,--,3,3057,卖盘
1550,10:22:00,10.19,-0.01,7,7133,卖盘
1551,10:21:50,10.2,--,1,1019,买盘
1552,10:21:41,10.2,--,3,3060,买盘
1553,10:21:34,10.2,0.01,11,11220,买盘
1554,10:21:30,10.19,-0.01,5,5095,卖盘
1555,10:21:25,10.2,0.01,14,14279,买盘
1556,10:21:20,10.19,--,0,0,卖盘
1557,10:21:15,10.19,-0.01,288,294409,卖盘
1558,10:21:10,10.2,0.01,88,89760,买盘
1559,10:21:00,10.19,--,1,1019,卖盘
1560,10:20:56,10.19,-0.01,15,15285,卖盘
1561,10:20:50,10.2,--,53,54059,买盘
1562,10:20:45,10.2,--,18,18360,卖盘
1563,10:20:35,10.2,--,75,76500,卖盘
1564,10:20:20,10.2,--,2,2039,卖盘
1565,10:20:15,10.2,-0.02,37,37740,卖盘
1566,10:20:10,10.22,--,64,65408,卖盘
1567,10:20:05,10.22,--,40,40880,卖盘
1568,10:20:00,10.22,--,11,11242,卖盘
1569,10:19:55,10.22,--,100,102200,卖盘
1570,10:19:40,10.22,--,5,5110,卖盘
1571,10:19:34,10.22,--,75,76650,买盘
1572,10:19:19,10.22,--,10,10220,买盘
1573,10:19:10,10.22,0.02,59,60298,买盘
1574,10:19:00,10.2,--,0,0,卖盘
1575,10:18:55,10.2,-0.02,13,13259,卖盘
1576,10:18:40,10.22,0.01,8,8176,买盘
1577,10:18:35,10.21,-0.01,10,10210,卖盘
1578,10:18:30,10.22,--,0,0,买盘
1579,10:18:19,10.22,0.01,30,30660,买盘
1580,10:18:15,10.21,--,5,5105,买盘
1581,10:18:10,10.21,0.01,70,71470,卖盘
1582,10:18:05,10.2,--,0,0,卖盘
1583,10:17:55,10.2,-0.02,12,12240,卖盘
1584,10:17:50,10.22,--,4,4088,买盘
1585,10:17:39,10.22,--,10,10220,买盘
1586,10:17:34,10.22,--,0,0,买盘
1587,10:17:15,10.22,--,11,11242,买盘
1588,10:17:10,10.22,--,65,66430,买盘
1589,10:17:00,10.22,0.03,1,1022,买盘
1590,10:16:55,10.19,--,1,1019,卖盘
1591,10:16:35,10.19,--,23,23437,卖盘
1592,10:16:25,10.19,-0.03,2,2038,卖盘
1593,10:16:10,10.22,0.02,65,66430,买盘
1594,10:16:00,10.2,--,39,39780,卖盘
1595,10:15:34,10.2,--,133,135660,买盘
1596,10:15:25,10.2,--,130,132600,卖盘
1597,10:15:20,10.2,--,14,14279,卖盘
1598,10:15:14,10.2,-0.02,42,42840,卖盘
1599,10:15:09,10.22,--,59,60298,买盘
1600,10:15:05,10.22,0.02,100,102200,买盘
1601,10:14:54,10.2,--,5,5100,卖盘
1602,10:14:39,10.2,0.01,45,45900,卖盘
1603,10:14:19,10.19,-0.03,5,5095,卖盘
1604,10:14:09,10.22,0.02,59,60298,买盘
1605,10:14:04,10.2,--,120,122399,买盘
1606,10:13:59,10.2,--,35,35700,卖盘
1607,10:13:54,10.2,-0.01,100,102000,卖盘
1608,10:13:49,10.21,--,8,8168,买盘
1609,10:13:29,10.21,--,72,73512,卖盘
1610,10:13:19,10.21,--,6,6126,卖盘
1611,10:13:14,10.21,-0.02,3,3063,卖盘
1612,10:13:09,10.23,0.01,60,61380,买盘
1613,10:13:04,10.22,--,3,3066,买盘
1614,10:12:59,10.22,--,0,0,中性盘
1615,10:12:54,10.22,--,28,28616,卖盘
1616,10:12:49,10.22,--,23,23506,卖盘
1617,10:12:43,10.22,-0.01,8,8176,卖盘
1618,10:12:34,10.23,-0.01,6,6138,中性盘
1619,10:12:28,10.24,--,50,51200,买盘
1620,10:12:19,10.24,--,12,12288,买盘
1621,10:12:09,10.24,--,115,117760,买盘
1622,10:12:04,10.24,--,3,3072,买盘
1623,10:11:59,10.24,0.01,3,3072,买盘
1624,10:11:49,10.23,--,31,31713,卖盘
1625,10:11:28,10.23,0.01,26,26598,买盘
1626,10:11:24,10.22,-0.01,2,2044,卖盘
1627,10:11:19,10.23,-0.01,5,5115,买盘
1628,10:11:13,10.24,--,0,0,买盘
1629,10:11:09,10.24,--,60,61440,买盘
1630,10:11:04,10.24,0.02,50,51200,买盘
1631,10:10:58,10.22,-0.02,74,75628,卖盘
1632,10:10:49,10.24,0.01,18,18432,买盘
1633,10:10:28,10.23,--,30,30690,卖盘
1634,10:10:19,10.23,0.01,175,179025,买盘
1635,10:10:13,10.22,--,17,17374,买盘
1636,10:10:09,10.22,0.02,62,63364,买盘
1637,10:10:04,10.2,0.01,18,18360,买盘
1638,10:09:58,10.19,--,20,20380,卖盘
1639,10:09:49,10.19,--,0,0,卖盘
1640,10:09:44,10.19,-0.03,15,15285,卖盘
1641,10:09:34,10.22,0.03,49,50078,买盘
1642,10:09:28,10.19,--,52,52988,卖盘
1643,10:09:19,10.19,--,30,30570,卖盘
1644,10:09:14,10.19,-0.03,10,10190,卖盘
1645,10:09:09,10.22,--,59,60298,买盘
1646,10:09:04,10.22,--,10,10220,买盘
1647,10:08:58,10.22,--,10,10220,买盘
1648,10:08:43,10.22,--,5,5110,买盘
1649,10:08:33,10.22,--,0,0,买盘
1650,10:08:23,10.22,-0.01,10,10220,卖盘
1651,10:08:18,10.23,0.01,1,1023,买盘
1652,10:08:14,10.22,--,5,5110,卖盘
1653,10:08:08,10.22,0.05,69,70518,买盘
1654,10:07:52,10.17,0.01,2,2034,卖盘
1655,10:07:48,10.16,-0.02,130,132080,卖盘
1656,10:07:37,10.18,--,0,0,买盘
1657,10:07:33,10.18,0.02,10,10180,买盘
1658,10:07:28,10.16,-0.02,132,134112,卖盘
1659,10:07:22,10.18,--,34,34612,买盘
1660,10:07:18,10.18,--,3,3054,买盘
1661,10:07:07,10.18,--,59,60062,买盘
1662,10:07:03,10.18,0.02,30,30540,买盘
1663,10:06:58,10.16,-0.02,9,9144,卖盘
1664,10:06:52,10.18,--,10,10180,买盘
1665,10:06:48,10.18,-0.01,2,2036,中性盘
1666,10:06:43,10.19,--,413,420847,卖盘
1667,10:06:33,10.19,-0.01,20,20380,卖盘
1668,10:06:28,10.2,0.01,10,10200,买盘
1669,10:06:22,10.19,-0.01,15,15285,卖盘
1670,10:06:18,10.2,-0.01,3,3060,买盘
1671,10:06:13,10.21,--,0,0,买盘
1672,10:06:07,10.21,0.01,67,68407,买盘
1673,10:05:58,10.2,--,12,12240,卖盘
1674,10:05:53,10.2,--,50,51000,卖盘
1675,10:05:48,10.2,--,15,15299,卖盘
1676,10:05:38,10.2,--,68,69360,卖盘
1677,10:05:33,10.2,-0.01,5,5100,卖盘
1678,10:05:23,10.21,-0.02,13,13273,中性盘
1679,10:05:18,10.23,--,0,0,买盘
1680,10:05:13,10.23,--,50,51150,买盘
1681,10:05:08,10.23,--,75,76725,买盘
1682,10:05:03,10.23,--,5,5115,买盘
1683,10:04:58,10.23,--,3,3069,买盘
1684,10:04:52,10.23,-0.01,4,4092,中性盘
1685,10:04:43,10.24,--,11,11264,买盘
1686,10:04:37,10.24,0.03,98,100352,买盘
1687,10:04:28,10.21,-0.01,71,72491,卖盘
1688,10:04:22,10.22,0.01,16,16352,买盘
1689,10:04:18,10.21,-0.01,30,30630,卖盘
1690,10:04:13,10.22,--,2,2044,买盘
1691,10:04:07,10.22,--,64,65408,买盘
1692,10:04:03,10.22,0.01,20,20440,买盘
1693,10:03:58,10.21,--,31,31651,卖盘
1694,10:03:47,10.21,--,60,61260,卖盘
1695,10:03:43,10.21,--,10,10210,卖盘
1696,10:03:37,10.21,0.01,23,23483,买盘
1697,10:03:32,10.2,-0.01,15,15299,卖盘
1698,10:03:28,10.21,0.01,32,32672,买盘
1699,10:03:23,10.2,--,38,38760,卖盘
1700,10:03:13,10.2,-0.02,40,40800,卖盘
1701,10:03:08,10.22,0.02,139,142058,买盘
1702,10:02:52,10.2,--,15,15299,买盘
1703,10:02:43,10.2,0.01,21,21420,买盘
1704,10:02:32,10.19,--,83,84577,买盘
1705,10:02:27,10.19,0.01,60,61140,买盘
1706,10:02:22,10.18,-0.01,50,50900,卖盘
1707,10:02:17,10.19,--,39,39741,买盘
1708,10:02:12,10.19,--,3,3057,买盘
1709,10:02:07,10.19,0.01,121,123299,买盘
1710,10:01:57,10.18,--,189,192402,买盘
1711,10:01:52,10.18,--,111,112998,卖盘
1712,10:01:47,10.18,0.02,17,17306,买盘
1713,10:01:42,10.16,--,3,3048,卖盘
1714,10:01:37,10.16,-0.02,20,20320,卖盘
1715,10:01:32,10.18,0.02,50,50900,买盘
1716,10:01:27,10.16,-0.02,3,3048,卖盘
1717,10:01:22,10.18,0.03,23,23414,买盘
1718,10:01:17,10.15,-0.03,97,98455,卖盘
1719,10:01:12,10.18,--,9,9162,买盘
1720,10:01:07,10.18,0.03,76,77368,买盘
1721,10:00:57,10.15,--,25,25375,卖盘
1722,10:00:52,10.15,--,6,6090,买盘
1723,10:00:47,10.15,--,63,63945,卖盘
1724,10:00:37,10.15,--,17,17255,卖盘
1725,10:00:32,10.15,--,59,59885,卖盘
1726,10:00:27,10.15,--,10,10150,买盘
1727,10:00:16,10.15,-0.01,11,11165,卖盘
1728,10:00:12,10.16,--,0,0,买盘
1729,10:00:07,10.16,0.01,89,90424,买盘
1730,10:00:01,10.15,--,11,11165,卖盘
1731,09:59:46,10.15,--,10,10150,卖盘
1732,09:59:37,10.15,-0.01,34,34510,卖盘
1733,09:59:27,10.16,--,1,1016,买盘
1734,09:59:22,10.16,--,19,19304,卖盘
1735,09:59:12,10.16,-0.02,14,14224,卖盘
1736,09:59:07,10.18,0.03,93,94674,买盘
1737,09:59:01,10.15,-0.01,10,10150,卖盘
1738,09:58:52,10.16,--,1,1016,买盘
1739,09:58:46,10.16,0.01,1,1016,卖盘
1740,09:58:37,10.15,--,0,0,卖盘
1741,09:58:31,10.15,-0.01,12,12180,买盘
1742,09:58:22,10.16,0.01,80,81280,买盘
1743,09:58:16,10.15,--,66,66990,卖盘
1744,09:58:12,10.15,-0.01,11,11165,卖盘
1745,09:58:07,10.16,0.01,110,111760,买盘
1746,09:58:01,10.15,0.01,118,119770,买盘
1747,09:57:57,10.14,--,8,8112,卖盘
1748,09:57:52,10.14,--,35,35490,卖盘
1749,09:57:46,10.14,--,7,7098,卖盘
1750,09:57:42,10.14,-0.01,78,79092,卖盘
1751,09:57:37,10.15,0.01,10,10150,买盘
1752,09:57:31,10.14,--,3,3042,卖盘
1753,09:57:26,10.14,-0.01,111,112554,卖盘
1754,09:57:22,10.15,--,10,10150,卖盘
1755,09:57:16,10.15,--,20,20300,卖盘
1756,09:57:12,10.15,-0.01,31,31465,中性盘
1757,09:57:07,10.16,0.01,74,75184,买盘
1758,09:57:01,10.15,--,10,10150,买盘
1759,09:56:56,10.15,-0.01,15,15225,卖盘
1760,09:56:52,10.16,0.01,112,113792,买盘
1761,09:56:46,10.15,--,35,35525,卖盘
1762,09:56:41,10.15,--,7,7105,卖盘
1763,09:56:37,10.15,--,33,33495,买盘
1764,09:56:31,10.15,--,50,50750,买盘
1765,09:56:26,10.15,--,17,17255,买盘
1766,09:56:22,10.15,--,36,36540,卖盘
1767,09:56:16,10.15,-0.01,53,53795,卖盘
1768,09:56:06,10.16,0.01,106,107696,买盘
1769,09:56:01,10.15,--,22,22330,卖盘
1770,09:55:56,10.15,--,5,5075,卖盘
1771,09:55:51,10.15,--,55,55825,卖盘
1772,09:55:46,10.15,--,48,48720,买盘
1773,09:55:41,10.15,--,118,119770,买盘
1774,09:55:31,10.15,--,10,10150,买盘
1775,09:55:26,10.15,-0.01,23,23345,卖盘
1776,09:55:21,10.16,-0.02,7,7112,买盘
1777,09:55:16,10.18,--,0,0,买盘
1778,09:55:11,10.18,0.02,130,132340,买盘
1779,09:55:06,10.16,--,1,1016,卖盘
1780,09:55:01,10.16,0.01,6,6096,买盘
1781,09:54:56,10.15,-0.01,10,10150,卖盘
1782,09:54:51,10.16,0.01,50,50800,买盘
1783,09:54:46,10.15,--,0,0,卖盘
1784,09:54:41,10.15,-0.01,48,48720,卖盘
1785,09:54:31,10.16,0.01,33,33528,买盘
1786,09:54:26,10.15,-0.01,5,5075,卖盘
1787,09:54:21,10.16,0.01,10,10160,买盘
1788,09:54:16,10.15,--,2,2030,卖盘
1789,09:54:11,10.15,--,110,111650,卖盘
1790,09:54:06,10.15,-0.01,2,2030,卖盘
1791,09:54:01,10.16,--,100,101600,买盘
1792,09:53:56,10.16,--,39,39624,买盘
1793,09:53:46,10.16,0.02,10,10160,买盘
1794,09:53:31,10.14,--,109,111103,卖盘
1795,09:53:26,10.14,--,52,52728,卖盘
1796,09:53:16,10.14,--,61,62340,买盘
1797,09:53:10,10.14,--,279,282906,买盘
1798,09:53:06,10.14,--,20,20280,买盘
1799,09:53:01,10.14,--,27,27378,买盘
1800,09:52:55,10.14,--,83,84162,买盘
1801,09:52:51,10.14,-0.02,169,171893,卖盘
1802,09:52:46,10.16,--,1,1016,买盘
1803,09:52:40,10.16,0.01,77,78232,买盘
1804,09:52:36,10.15,-0.01,5,5075,卖盘
1805,09:52:31,10.16,0.01,9,9144,买盘
1806,09:52:25,10.15,--,10,10150,卖盘
1807,09:52:21,10.15,--,28,28420,卖盘
1808,09:52:16,10.15,0.01,43,43645,中性盘
1809,09:52:10,10.14,--,103,104442,卖盘
1810,09:52:06,10.14,--,32,32448,卖盘
1811,09:52:01,10.14,0.01,104,105942,买盘
1812,09:51:55,10.13,--,34,34442,买盘
1813,09:51:51,10.13,-0.01,1116,1131034,卖盘
1814,09:51:46,10.14,--,99,100386,买盘
1815,09:51:40,10.14,--,240,243360,买盘
1816,09:51:36,10.14,--,20,20280,买盘
1817,09:51:31,10.14,--,94,95316,买盘
1818,09:51:25,10.14,--,36,36504,买盘
1819,09:51:21,10.14,--,5,5070,买盘
1820,09:51:16,10.14,--,67,67938,买盘
1821,09:51:10,10.14,-0.01,222,225108,卖盘
1822,09:51:06,10.15,0.01,5,5075,买盘
1823,09:51:01,10.14,--,12,12168,卖盘
1824,09:50:55,10.14,-0.01,83,84162,卖盘
1825,09:50:51,10.15,0.01,3,3045,买盘
1826,09:50:46,10.14,-0.01,284,287976,卖盘
1827,09:50:40,10.15,--,70,71050,买盘
1828,09:50:36,10.15,0.01,22,22330,买盘
1829,09:50:31,10.14,--,204,206856,卖盘
1830,09:50:25,10.14,--,64,64896,卖盘
1831,09:50:20,10.14,--,10,10140,卖盘
1832,09:50:16,10.14,--,9,9126,卖盘
1833,09:50:10,10.14,--,383,388362,买盘
1834,09:50:05,10.14,--,30,30420,买盘
1835,09:50:01,10.14,0.01,107,108498,买盘
1836,09:49:55,10.13,-0.01,68,69370,卖盘
1837,09:49:46,10.14,--,155,157170,买盘
1838,09:49:40,10.14,--,27,27378,买盘
1839,09:49:35,10.14,-0.01,46,46644,买盘
1840,09:49:31,10.15,0.01,158,160370,买盘
1841,09:49:25,10.14,--,47,47658,卖盘
1842,09:49:20,10.14,--,38,38532,卖盘
1843,09:49:15,10.14,--,49,49686,买盘
1844,09:49:10,10.14,0.01,220,223080,买盘
1845,09:49:05,10.13,-0.02,237,240081,卖盘
1846,09:49:00,10.15,--,28,28420,买盘
1847,09:48:55,10.15,--,384,389760,买盘
1848,09:48:50,10.15,--,83,84245,买盘
1849,09:48:45,10.15,--,115,116725,买盘
1850,09:48:40,10.15,-0.01,549,557235,卖盘
1851,09:48:35,10.16,0.01,187,189992,买盘
1852,09:48:30,10.15,-0.01,49,49735,卖盘
1853,09:48:20,10.16,--,37,37592,买盘
1854,09:48:15,10.16,-0.02,329,334264,卖盘
1855,09:48:10,10.18,--,76,77368,买盘
1856,09:47:55,10.18,--,17,17306,卖盘
1857,09:47:50,10.18,-0.01,2,2036,卖盘
1858,09:47:45,10.19,--,0,0,买盘
1859,09:47:40,10.19,--,104,105976,买盘
1860,09:47:35,10.19,0.02,13,13247,买盘
1861,09:47:30,10.17,-0.02,24,24408,卖盘
1862,09:47:25,10.19,--,10,10190,买盘
1863,09:47:20,10.19,-0.01,220,224180,中性盘
1864,09:47:15,10.2,--,41,41820,买盘
1865,09:47:10,10.2,0.01,56,57119,买盘
1866,09:47:05,10.19,0.02,22,22418,买盘
1867,09:47:00,10.17,-0.02,200,203400,卖盘
1868,09:46:55,10.19,-0.01,32,32608,卖盘
1869,09:46:50,10.2,--,9,9180,买盘
1870,09:46:40,10.2,--,15,15299,买盘
1871,09:46:35,10.2,-0.01,15,15299,中性盘
1872,09:46:30,10.21,--,4,4084,买盘
1873,09:46:25,10.21,0.01,577,589117,买盘
1874,09:46:20,10.2,-0.01,6,6120,卖盘
1875,09:46:15,10.21,0.01,55,56155,买盘
1876,09:46:10,10.2,--,5,5100,卖盘
1877,09:46:04,10.2,--,30,30599,卖盘
1878,09:45:55,10.2,--,55,56099,买盘
1879,09:45:45,10.2,--,3,3060,买盘
1880,09:45:40,10.2,--,55,56099,买盘
1881,09:45:34,10.2,--,13,13259,卖盘
1882,09:45:25,10.2,0.01,10,10200,卖盘
1883,09:45:19,10.19,--,0,0,卖盘
1884,09:45:15,10.19,--,34,34646,卖盘
1885,09:45:10,10.19,--,1,1019,卖盘
1886,09:45:04,10.19,--,133,135527,卖盘
1887,09:45:00,10.19,--,9,9171,卖盘
1888,09:44:55,10.19,--,26,26494,买盘
1889,09:44:49,10.19,0.01,20,20380,买盘
1890,09:44:45,10.18,-0.01,1,1018,卖盘
1891,09:44:40,10.19,0.01,20,20380,买盘
1892,09:44:34,10.18,--,18,18324,买盘
1893,09:44:30,10.18,--,25,25450,买盘
1894,09:44:25,10.18,--,30,30540,买盘
1895,09:44:19,10.18,--,46,46828,卖盘
1896,09:44:10,10.18,--,11,11198,买盘
1897,09:44:04,10.18,--,100,101800,卖盘
1898,09:44:00,10.18,0.01,1,1018,卖盘
1899,09:43:55,10.17,-0.01,60,61020,卖盘
1900,09:43:49,10.18,0.01,294,299292,买盘
1901,09:43:45,10.17,--,30,30510,卖盘
1902,09:43:40,10.17,--,59,60003,卖盘
1903,09:43:34,10.17,0.01,146,148482,买盘
1904,09:43:30,10.16,-0.01,14,14224,卖盘
1905,09:43:25,10.17,--,122,124074,买盘
1906,09:43:19,10.17,0.01,20,20340,买盘
1907,09:43:09,10.16,--,4,4064,卖盘
1908,09:43:04,10.16,--,66,67056,卖盘
1909,09:43:00,10.16,--,37,37592,买盘
1910,09:42:54,10.16,0.01,25,25400,买盘
1911,09:42:49,10.15,-0.01,65,65975,卖盘
1912,09:42:44,10.16,0.01,201,204216,买盘
1913,09:42:39,10.15,-0.01,3,3045,卖盘
1914,09:42:34,10.16,--,98,99568,买盘
1915,09:42:29,10.16,--,1,1016,买盘
1916,09:42:24,10.16,--,12,12192,买盘
1917,09:42:19,10.16,--,372,377952,卖盘
1918,09:42:14,10.16,--,278,282448,卖盘
1919,09:42:09,10.16,-0.01,235,238760,卖盘
1920,09:42:04,10.17,--,8,8136,买盘
1921,09:41:59,10.17,-0.01,3,3051,中性盘
1922,09:41:49,10.18,0.01,311,316598,买盘
1923,09:41:44,10.17,0.02,34,34578,卖盘
1924,09:41:39,10.15,-0.02,184,186760,卖盘
1925,09:41:34,10.17,--,19,19323,卖盘
1926,09:41:29,10.17,0.01,88,89496,买盘
1927,09:41:24,10.16,--,13,13208,买盘
1928,09:41:19,10.16,--,107,108712,卖盘
1929,09:41:14,10.16,-0.01,44,44704,卖盘
1930,09:41:04,10.17,--,24,24408,卖盘
1931,09:40:59,10.17,0.01,105,106785,买盘
1932,09:40:54,10.16,-0.01,31,31496,卖盘
1933,09:40:49,10.17,--,6,6102,买盘
1934,09:40:44,10.17,--,10,10170,买盘
1935,09:40:39,10.17,-0.01,203,206451,卖盘
1936,09:40:33,10.18,-0.01,39,39702,卖盘
1937,09:40:29,10.19,--,454,462626,买盘
1938,09:40:24,10.19,--,112,114128,买盘
1939,09:40:18,10.19,-0.01,17,17323,卖盘
1940,09:40:14,10.2,0.01,10,10200,买盘
1941,09:40:09,10.19,-0.01,1,1019,卖盘
1942,09:40:04,10.2,--,39,39780,卖盘
1943,09:39:59,10.2,--,35,35700,卖盘
1944,09:39:54,10.2,0.02,2,2039,买盘
1945,09:39:49,10.18,-0.02,10,10180,卖盘
1946,09:39:44,10.2,--,56,57119,卖盘
1947,09:39:39,10.2,0.01,261,266220,买盘
1948,09:39:34,10.19,--,46,46874,卖盘
1949,09:39:29,10.19,-0.01,37,37703,卖盘
1950,09:39:24,10.2,0.01,10,10200,买盘
1951,09:39:19,10.19,-0.01,218,222142,卖盘
1952,09:39:13,10.2,--,17,17340,买盘
1953,09:39:04,10.2,--,197,200940,卖盘
1954,09:38:58,10.2,--,2,2039,卖盘
1955,09:38:54,10.2,-0.02,40,40800,卖盘
1956,09:38:49,10.22,0.01,57,58254,买盘
1957,09:38:43,10.21,--,6,6126,卖盘
1958,09:38:38,10.21,-0.01,7,7147,卖盘
1959,09:38:34,10.22,0.02,12,12264,买盘
1960,09:38:28,10.2,-0.01,51,52020,卖盘
1961,09:38:24,10.21,-0.01,57,58197,卖盘
1962,09:38:18,10.22,0.02,13,13286,买盘
1963,09:38:13,10.2,--,138,140760,卖盘
1964,09:38:09,10.2,--,2,2039,卖盘
1965,09:38:04,10.2,-0.01,33,33660,卖盘
1966,09:37:58,10.21,0.01,123,125583,买盘
1967,09:37:54,10.2,--,2,2039,卖盘
1968,09:37:49,10.2,--,36,36720,卖盘
1969,09:37:43,10.2,--,30,30599,卖盘
1970,09:37:39,10.2,--,10,10200,卖盘
1971,09:37:34,10.2,--,21,21420,卖盘
1972,09:37:28,10.2,0.04,43,43860,买盘
1973,09:37:23,10.16,-0.02,100,101600,卖盘
1974,09:37:18,10.18,0.01,180,183240,买盘
1975,09:37:13,10.17,0.01,23,23391,中性盘
1976,09:37:09,10.16,--,3,3048,卖盘
1977,09:37:03,10.16,--,135,137160,卖盘
1978,09:36:58,10.16,0.01,150,152400,买盘
1979,09:36:54,10.15,--,19,19285,卖盘
1980,09:36:49,10.15,--,136,138040,卖盘
1981,09:36:43,10.15,--,157,159355,买盘
1982,09:36:38,10.15,0.02,129,130935,买盘
1983,09:36:33,10.13,-0.02,253,256289,卖盘
1984,09:36:28,10.15,--,93,94395,买盘
1985,09:36:23,10.15,--,50,50750,买盘
1986,09:36:18,10.15,--,106,107590,卖盘
1987,09:36:13,10.15,-0.01,17,17255,卖盘
1988,09:36:08,10.16,-0.02,20,20320,卖盘
1989,09:36:03,10.18,0.01,30,30540,买盘
1990,09:35:58,10.17,-0.01,102,103734,卖盘
1991,09:35:53,10.18,-0.01,20,20360,卖盘
1992,09:35:48,10.19,0.01,20,20380,买盘
1993,09:35:43,10.18,0.03,317,322706,中性盘
1994,09:35:38,10.15,-0.05,730,741559,卖盘
1995,09:35:33,10.2,0.01,129,131784,买盘
1996,09:35:28,10.19,--,117,119426,卖盘
1997,09:35:18,10.19,--,0,0,卖盘
1998,09:35:13,10.19,-0.03,246,250674,卖盘
1999,09:35:08,10.22,0.02,33,33726,买盘
2000,09:35:03,10.2,--,2,2039,卖盘
2001,09:34:58,10.2,--,53,54059,卖盘
2002,09:34:53,10.2,--,47,47940,卖盘
2003,09:34:48,10.2,-0.01,92,93840,卖盘
2004,09:34:42,10.21,--,10,10210,卖盘
2005,09:34:38,10.21,0.01,34,34714,中性盘
2006,09:34:33,10.2,-0.01,37,37740,卖盘
2007,09:34:28,10.21,--,7,7147,买盘
2008,09:34:23,10.21,-0.03,22,22462,卖盘
2009,09:34:18,10.24,0.04,22,22528,买盘
2010,09:34:13,10.2,--,10,10200,卖盘
2011,09:34:08,10.2,-0.04,31,31619,卖盘
2012,09:34:03,10.24,0.04,17,17408,买盘
2013,09:33:58,10.2,-0.04,103,105059,卖盘
2014,09:33:53,10.24,--,40,40960,买盘
2015,09:33:48,10.24,-0.01,1,1024,卖盘
2016,09:33:43,10.25,--,6,6150,买盘
2017,09:33:38,10.25,0.04,12,12300,中性盘
2018,09:33:33,10.21,--,18,18378,卖盘
2019,09:33:28,10.21,-0.07,46,46966,卖盘
2020,09:33:23,10.28,0.04,8,8224,中性盘
2021,09:33:12,10.24,0.04,100,102400,中性盘
2022,09:33:08,10.2,-0.05,59,60179,卖盘
2023,09:32:57,10.25,--,14,14350,卖盘
2024,09:32:53,10.25,-0.05,12,12300,卖盘
2025,09:32:48,10.3,--,32,33392,卖盘
2026,09:32:42,10.3,0.05,296,304880,买盘
2027,09:32:38,10.25,0.06,18,18450,买盘
2028,09:32:33,10.19,-0.01,25,25475,卖盘
2029,09:32:27,10.2,0.01,19,19380,中性盘
2030,09:32:22,10.19,-0.01,101,102919,卖盘
2031,09:32:17,10.2,--,17,17340,卖盘
2032,09:32:12,10.2,0.01,53,54059,买盘
2033,09:32:07,10.19,--,56,57064,卖盘
2034,09:32:02,10.19,-0.01,33,33627,卖盘
2035,09:31:58,10.2,0.01,2,2039,中性盘
2036,09:31:52,10.19,-0.01,18,18342,卖盘
2037,09:31:47,10.2,--,12,12240,卖盘
2038,09:31:43,10.2,0.02,107,109139,买盘
2039,09:31:37,10.18,0.01,4,4072,中性盘
2040,09:31:27,10.17,-0.01,80,81360,卖盘
2041,09:31:22,10.18,0.02,16,16288,买盘
2042,09:31:17,10.16,-0.01,12,12192,卖盘
2043,09:31:13,10.17,0.01,43,43731,买盘
2044,09:31:07,10.16,--,19,19304,卖盘
2045,09:31:02,10.16,--,21,21336,卖盘
2046,09:30:58,10.16,-0.02,241,244856,卖盘
2047,09:30:52,10.18,0.02,102,103836,买盘
2048,09:30:47,10.16,0.01,94,95504,中性盘
2049,09:30:42,10.15,--,283,287671,卖盘
2050,09:30:37,10.15,0.01,101,102515,中性盘
2051,09:30:32,10.14,--,82,83148,卖盘
2052,09:30:27,10.14,--,85,86190,卖盘
2053,09:30:22,10.14,0.01,10,10140,中性盘
2054,09:30:17,10.13,--,25,25325,卖盘
2055,09:30:12,10.13,--,27,27351,卖盘
2056,09:30:07,10.13,-0.02,690,698970,卖盘
2057,09:30:02,10.15,-0.05,314,318710,卖盘
2058,09:28:48,10.2,--,0,0,买盘
2059,09:25:06,10.2,10.2,711,725220,买盘
