,time,price,change,volume,amount,type
0,15:00:03,28.8,0.02,1937,5578560,买盘
1,14:57:00,28.78,--,35,100730,卖盘
2,14:56:57,28.78,--,40,115120,卖盘
3,14:56:54,28.78,-0.01,25,71950,卖盘
4,14:56:51,28.79,--,78,224562,卖盘
5,14:56:48,28.79,0.01,143,411697,买盘
6,14:56:45,28.78,--,5,14965,卖盘
7,14:56:42,28.78,--,22,63316,卖盘
8,14:56:36,28.78,--,63,181314,卖盘
9,14:56:24,28.78,-0.01,214,615892,卖盘
10,14:56:21,28.79,-0.01,26,74854,卖盘
11,14:56:18,28.8,0.01,22,63360,买盘
12,14:56:15,28.79,--,6,17274,卖盘
13,14:56:12,28.79,--,25,71975,卖盘
14,14:56:09,28.79,-0.01,5,14395,卖盘
15,14:56:03,28.8,--,6,17280,买盘
16,14:55:57,28.8,--,16,46080,买盘
17,14:55:54,28.8,-0.01,22,63360,卖盘
18,14:55:48,28.81,0.01,12,34572,买盘
19,14:55:45,28.8,--,5,14400,卖盘
20,14:55:42,28.8,--,10,28800,卖盘
21,14:55:39,28.8,--,9,25920,卖盘
22,14:55:36,28.8,-0.01,14,40320,卖盘
23,14:55:33,28.81,--,17,48977,中性盘
24,14:55:27,28.81,0.01,5,14405,买盘
25,14:55:24,28.8,0.01,14,40320,中性盘
26,14:55:21,28.79,-0.01,50,143950,卖盘
27,14:55:18,28.8,--,8,23040,买盘
28,14:55:12,28.8,-0.02,5,14400,买盘
29,14:55:09,28.82,0.03,200,576400,买盘
30,14:55:03,28.79,-0.01,40,115160,卖盘
31,14:55:00,28.8,-0.01,1,2880,中性盘
32,14:54:57,28.81,0.02,4,11524,买盘
33,14:54:54,28.79,--,227,653533,卖盘
34,14:54:51,28.79,--,20,57580,卖盘
35,14:54:48,28.79,-0.02,21,60459,卖盘
36,14:54:45,28.81,0.01,2,5762,买盘
37,14:54:42,28.8,--,29,83520,买盘
38,14:54:39,28.8,-0.01,2,5760,中性盘
39,14:54:36,28.81,--,11,31691,买盘
40,14:54:30,28.81,--,37,106597,买盘
41,14:54:27,28.81,0.01,1,2881,买盘
42,14:54:24,28.8,-0.02,7,20160,卖盘
43,14:54:21,28.82,0.02,6,17292,卖盘
44,14:54:18,28.8,-0.02,32,92160,卖盘
45,14:54:15,28.82,0.03,108,311284,买盘
46,14:54:12,28.79,-0.03,115,331085,卖盘
47,14:54:09,28.82,0.02,4,11528,买盘
48,14:54:06,28.8,-0.02,29,83520,卖盘
49,14:54:00,28.82,0.02,164,472648,买盘
50,14:53:57,28.8,--,6,17280,买盘
51,14:53:54,28.8,--,72,207360,买盘
52,14:53:48,28.8,--,13,37440,买盘
53,14:53:45,28.8,-0.02,81,236131,卖盘
54,14:53:42,28.82,--,8,23056,买盘
55,14:53:36,28.82,0.01,5,14410,买盘
56,14:53:33,28.81,-0.01,4,11524,卖盘
57,14:53:30,28.82,--,77,221914,买盘
58,14:53:27,28.82,--,46,132572,买盘
59,14:53:24,28.82,0.02,258,743556,买盘
60,14:53:21,28.8,-0.01,5,14400,卖盘
61,14:53:18,28.81,0.01,96,276604,买盘
62,14:53:15,28.8,--,10,28800,买盘
63,14:53:12,28.8,--,6,17280,买盘
64,14:53:06,28.8,0.01,18,51840,买盘
65,14:53:03,28.79,-0.01,19,54701,卖盘
66,14:53:00,28.8,0.02,1,2880,买盘
67,14:52:54,28.78,--,25,71950,卖盘
68,14:52:51,28.78,--,6,17268,卖盘
69,14:52:48,28.78,-0.02,105,302190,卖盘
70,14:52:45,28.8,0.02,7,20160,买盘
71,14:52:42,28.78,--,694,1997332,卖盘
72,14:52:39,28.78,--,89,256142,卖盘
73,14:52:36,28.78,--,82,235996,卖盘
74,14:52:33,28.78,--,19,54682,卖盘
75,14:52:30,28.78,--,13,37414,卖盘
76,14:52:27,28.78,0.02,208,601214,买盘
77,14:52:24,28.76,-0.02,13,37388,中性盘
78,14:52:18,28.78,--,71,204338,买盘
79,14:52:12,28.78,--,54,155412,买盘
80,14:52:09,28.78,0.01,18,51804,买盘
81,14:52:06,28.77,-0.01,397,1142197,卖盘
82,14:52:00,28.78,--,510,1470629,卖盘
83,14:51:57,28.78,--,20,57560,卖盘
84,14:51:54,28.78,0.03,80,230240,买盘
85,14:51:51,28.75,--,57,163875,买盘
86,14:51:48,28.75,--,12,34500,买盘
87,14:51:45,28.75,--,5,14375,买盘
88,14:51:42,28.75,--,10,28750,买盘
89,14:51:39,28.75,-0.01,401,1152875,卖盘
90,14:51:36,28.76,-0.01,6,17256,中性盘
91,14:51:30,28.77,0.02,3,8631,卖盘
92,14:51:27,28.75,-0.04,86,247250,卖盘
93,14:51:24,28.79,0.02,97,279263,买盘
94,14:51:21,28.77,-0.02,459,1320543,卖盘
95,14:51:18,28.79,--,1,2879,买盘
96,14:51:15,28.79,--,8,23032,买盘
97,14:51:12,28.79,--,8,23032,买盘
98,14:51:09,28.79,--,4,11516,买盘
99,14:51:06,28.79,-0.01,131,377149,卖盘
100,14:51:03,28.8,--,89,256320,买盘
101,14:51:00,28.8,--,180,518400,卖盘
102,14:50:57,28.8,--,1,2880,卖盘
103,14:50:54,28.8,-0.01,125,360000,卖盘
104,14:50:51,28.81,0.01,5,14405,买盘
105,14:50:48,28.8,--,10,28800,卖盘
106,14:50:45,28.8,--,34,97920,卖盘
107,14:50:42,28.8,0.01,450,1296000,买盘
108,14:50:36,28.79,0.01,5,14395,买盘
109,14:50:33,28.78,-0.01,18,51804,卖盘
110,14:50:30,28.79,--,3,8637,买盘
111,14:50:27,28.79,--,2,5758,买盘
112,14:50:24,28.79,0.02,5,14395,买盘
113,14:50:21,28.77,--,8,23016,买盘
114,14:50:18,28.77,-0.02,2,5754,卖盘
115,14:50:12,28.79,0.02,54,155466,买盘
116,14:50:09,28.77,-0.02,28,80556,卖盘
117,14:50:06,28.79,--,20,57580,买盘
118,14:50:03,28.79,0.02,3,8637,买盘
119,14:50:00,28.77,--,8,23016,卖盘
120,14:49:57,28.77,--,1,2877,卖盘
121,14:49:54,28.77,0.01,22,63294,买盘
122,14:49:51,28.76,--,1,2876,卖盘
123,14:49:48,28.76,--,1,2876,卖盘
124,14:49:45,28.76,--,1,2876,卖盘
125,14:49:42,28.76,0.01,2,5752,中性盘
126,14:49:39,28.75,--,7,20125,卖盘
127,14:49:36,28.75,--,3,8625,卖盘
128,14:49:33,28.75,--,1,2875,卖盘
129,14:49:30,28.75,--,3,8625,卖盘
130,14:49:27,28.75,0.01,7,20125,中性盘
131,14:49:21,28.74,--,20,57480,卖盘
132,14:49:15,28.74,-0.06,44,126456,卖盘
133,14:49:12,28.8,0.03,1,2880,买盘
134,14:49:09,28.77,0.02,11,31647,卖盘
135,14:49:06,28.75,0.02,1,2875,中性盘
136,14:49:03,28.73,--,23,66079,卖盘
137,14:49:00,28.73,-0.07,7,20111,卖盘
138,14:48:57,28.8,0.05,31,89280,买盘
139,14:48:54,28.75,-0.04,17,48875,卖盘
140,14:48:51,28.79,-0.02,11,31669,中性盘
141,14:48:48,28.81,0.01,41,118121,买盘
142,14:48:45,28.8,0.04,28,80640,买盘
143,14:48:42,28.76,-0.04,1,2876,中性盘
144,14:48:39,28.8,--,51,146880,买盘
145,14:48:36,28.8,0.05,14,40320,买盘
146,14:48:33,28.75,-0.05,123,353625,卖盘
147,14:48:30,28.8,--,10,28800,买盘
148,14:48:24,28.8,--,334,961920,买盘
149,14:48:21,28.8,--,3,8640,买盘
150,14:48:18,28.8,0.01,626,1802880,买盘
151,14:48:15,28.79,-0.03,108,310932,中性盘
152,14:48:12,28.82,0.05,108,311256,买盘
153,14:48:09,28.77,--,9,25893,买盘
154,14:48:06,28.77,-0.05,8,23016,卖盘
155,14:48:03,28.82,--,5,14410,买盘
156,14:48:00,28.82,0.03,49,141218,买盘
157,14:47:57,28.79,0.02,219,630501,中性盘
158,14:47:51,28.77,-0.05,223,641571,卖盘
159,14:47:48,28.82,0.02,221,638795,买盘
160,14:47:45,28.8,--,100,288000,卖盘
161,14:47:42,28.8,0.03,57,164160,买盘
162,14:47:39,28.77,--,98,281946,买盘
163,14:47:36,28.77,0.01,2,5754,中性盘
164,14:47:33,28.76,0.01,47,135172,买盘
165,14:47:30,28.75,0.01,24,69000,卖盘
166,14:47:27,28.74,-0.03,102,293148,卖盘
167,14:47:24,28.77,--,8,23016,买盘
168,14:47:21,28.77,--,12,34524,买盘
169,14:47:18,28.77,--,202,581154,买盘
170,14:47:15,28.77,-0.03,158,454566,卖盘
171,14:47:09,28.8,0.05,399,1149120,买盘
172,14:47:00,28.75,-0.03,10,28750,卖盘
173,14:46:54,28.78,--,1,2878,买盘
174,14:46:51,28.78,--,1,2878,买盘
175,14:46:48,28.78,0.04,5,14390,买盘
176,14:46:45,28.74,--,41,117834,买盘
177,14:46:42,28.74,--,84,241416,买盘
178,14:46:39,28.74,-0.03,94,270156,卖盘
179,14:46:36,28.77,--,13,37401,卖盘
180,14:46:33,28.77,0.02,176,506352,买盘
181,14:46:30,28.75,--,14,40250,卖盘
182,14:46:27,28.75,--,20,57500,卖盘
183,14:46:24,28.75,--,2,5750,卖盘
184,14:46:21,28.75,--,11,31625,卖盘
185,14:46:15,28.75,--,1,2875,卖盘
186,14:46:12,28.75,--,3,8625,买盘
187,14:46:09,28.75,-0.01,1,2875,中性盘
188,14:45:54,28.76,0.05,1,2876,买盘
189,14:45:48,28.71,-0.05,21,60291,卖盘
190,14:45:45,28.76,0.03,29,83404,买盘
191,14:45:42,28.73,--,31,89063,买盘
192,14:45:39,28.73,--,3,8619,买盘
193,14:45:33,28.73,--,46,132158,买盘
194,14:45:27,28.73,-0.04,136,390728,卖盘
195,14:45:24,28.77,--,26,74802,买盘
196,14:45:21,28.77,--,151,434427,买盘
197,14:45:18,28.77,--,5,14385,买盘
198,14:45:15,28.77,0.01,1,2877,买盘
199,14:45:00,28.76,--,4,11504,卖盘
200,14:44:57,28.76,-0.01,4,11504,卖盘
201,14:44:54,28.77,--,32,92064,买盘
202,14:44:51,28.77,--,1,2877,买盘
203,14:44:48,28.77,--,36,103572,买盘
204,14:44:45,28.77,--,3,8631,买盘
205,14:44:36,28.77,0.02,3,8631,买盘
206,14:44:33,28.75,--,12,34500,买盘
207,14:44:27,28.75,--,1,2875,买盘
208,14:44:24,28.75,--,1,2875,买盘
209,14:44:12,28.75,--,251,721625,买盘
210,14:44:09,28.75,-0.03,1,2875,中性盘
211,14:44:06,28.78,0.07,424,1220272,买盘
212,14:43:39,28.71,--,4,11484,卖盘
213,14:43:36,28.71,-0.04,59,169389,卖盘
214,14:43:30,28.75,--,25,71875,买盘
215,14:43:27,28.75,--,5,14375,买盘
216,14:43:24,28.75,-0.01,78,224250,卖盘
217,14:43:18,28.76,--,43,123668,买盘
218,14:43:15,28.76,0.01,3,8628,买盘
219,14:43:12,28.75,-0.01,30,86250,卖盘
220,14:43:09,28.76,--,36,103536,买盘
221,14:43:06,28.76,0.01,44,126544,买盘
222,14:43:00,28.75,--,10,28750,卖盘
223,14:42:57,28.75,--,9,25875,卖盘
224,14:42:54,28.75,--,17,48875,卖盘
225,14:42:51,28.75,--,2,5750,买盘
226,14:42:48,28.75,0.02,10,28750,买盘
227,14:42:42,28.73,-0.01,63,180999,卖盘
228,14:42:36,28.74,-0.01,30,86220,卖盘
229,14:42:33,28.75,--,1,2875,买盘
230,14:42:30,28.75,0.01,46,132250,买盘
231,14:42:27,28.74,--,5,14370,卖盘
232,14:42:24,28.74,-0.01,15,43110,卖盘
233,14:42:21,28.75,--,3,8625,买盘
234,14:42:18,28.75,0.02,2,5750,买盘
235,14:42:12,28.73,-0.03,5,14365,卖盘
236,14:42:03,28.76,0.03,6,17256,买盘
237,14:42:00,28.73,-0.03,32,91936,卖盘
238,14:41:57,28.76,--,27,77652,买盘
239,14:41:54,28.76,--,25,71900,买盘
240,14:41:51,28.76,--,74,212824,买盘
241,14:41:48,28.76,0.01,113,324988,买盘
242,14:41:45,28.75,-0.01,5,14375,中性盘
243,14:41:42,28.76,--,137,396629,买盘
244,14:41:39,28.76,--,41,117916,买盘
245,14:41:36,28.76,0.01,88,253088,买盘
246,14:41:33,28.75,--,89,255875,卖盘
247,14:41:30,28.75,--,47,136850,卖盘
248,14:41:27,28.75,0.02,59,169625,买盘
249,14:41:18,28.73,0.01,3,8619,中性盘
250,14:41:09,28.72,--,17,48824,卖盘
251,14:41:06,28.72,--,107,307304,买盘
252,14:41:00,28.72,--,1,2872,买盘
253,14:40:54,28.72,0.01,40,114880,买盘
254,14:40:48,28.71,--,25,71775,卖盘
255,14:40:45,28.71,0.02,1,2871,卖盘
256,14:40:42,28.69,-0.03,10,28690,卖盘
257,14:40:36,28.72,0.03,2,5744,买盘
258,14:40:21,28.69,0.02,5,14345,卖盘
259,14:40:18,28.67,-0.01,4,11468,买盘
260,14:40:15,28.68,-0.04,6,17208,卖盘
261,14:40:12,28.72,--,5,14360,买盘
262,14:40:09,28.72,0.07,4,11488,买盘
263,14:40:06,28.65,-0.02,98,280770,卖盘
264,14:40:03,28.67,--,2,5734,卖盘
265,14:40:00,28.67,-0.01,124,355508,卖盘
266,14:39:54,28.68,-0.01,45,129060,卖盘
267,14:39:51,28.69,-0.03,56,160664,卖盘
268,14:39:48,28.72,--,73,209656,买盘
269,14:39:45,28.72,-0.01,24,68928,卖盘
270,14:39:42,28.73,-0.02,138,396732,卖盘
271,14:39:30,28.75,0.02,27,77625,买盘
272,14:39:24,28.73,0.01,1,2873,卖盘
273,14:39:18,28.72,--,56,160832,卖盘
274,14:39:15,28.72,--,2,5744,卖盘
275,14:39:12,28.72,--,36,103392,卖盘
276,14:39:09,28.72,--,46,134725,卖盘
277,14:39:03,28.72,--,3,8616,卖盘
278,14:39:00,28.72,0.03,144,413568,买盘
279,14:38:57,28.69,-0.03,164,470516,卖盘
280,14:38:54,28.72,0.01,20,57440,买盘
281,14:38:51,28.71,-0.04,37,106227,卖盘
282,14:38:45,28.75,0.05,174,500250,买盘
283,14:38:42,28.7,-0.02,2,5740,卖盘
284,14:38:39,28.72,--,10,28720,买盘
285,14:38:36,28.72,--,5,14360,买盘
286,14:38:33,28.72,0.01,30,86160,买盘
287,14:38:24,28.71,0.01,6,17226,买盘
288,14:38:18,28.7,--,10,28700,买盘
289,14:38:15,28.7,0.01,10,28700,买盘
290,14:38:12,28.69,-0.01,5,14345,卖盘
291,14:38:09,28.7,0.01,31,88970,买盘
292,14:38:03,28.69,--,38,109022,卖盘
293,14:38:00,28.69,--,6,17214,卖盘
294,14:37:54,28.69,--,1,2869,卖盘
295,14:37:51,28.69,--,1,2869,中性盘
296,14:37:48,28.69,0.02,6,17214,买盘
297,14:37:45,28.67,--,46,131882,卖盘
298,14:37:39,28.67,-0.01,131,375577,卖盘
299,14:37:33,28.68,-0.01,100,286800,卖盘
300,14:37:18,28.69,-0.01,17,48773,卖盘
301,14:37:15,28.7,0.01,79,226730,买盘
302,14:37:12,28.69,--,9,25821,卖盘
303,14:37:06,28.69,--,2,5738,卖盘
304,14:37:03,28.69,0.02,11,31559,买盘
305,14:36:57,28.67,--,63,180621,卖盘
306,14:36:54,28.67,--,2,5734,卖盘
307,14:36:51,28.67,--,183,524661,卖盘
308,14:36:45,28.67,0.02,263,756830,买盘
309,14:36:42,28.65,--,1,2865,卖盘
310,14:36:39,28.65,--,10,28650,卖盘
311,14:36:36,28.65,-0.01,2,5730,卖盘
312,14:36:33,28.66,0.01,20,57320,买盘
313,14:36:27,28.65,0.01,73,209145,买盘
314,14:36:21,28.64,-0.01,22,63008,卖盘
315,14:36:12,28.65,--,1,2865,买盘
316,14:36:03,28.65,0.02,18,51570,买盘
317,14:36:00,28.63,-0.02,12,34356,卖盘
318,14:35:57,28.65,0.02,4,11460,买盘
319,14:35:54,28.63,--,38,108794,卖盘
320,14:35:51,28.63,-0.03,133,380779,卖盘
321,14:35:48,28.66,0.03,18,51588,买盘
322,14:35:45,28.63,-0.03,28,80164,卖盘
323,14:35:42,28.66,--,2,5732,买盘
324,14:35:39,28.66,0.01,6,17196,买盘
325,14:35:36,28.65,--,1,2865,买盘
326,14:35:33,28.65,--,18,51570,卖盘
327,14:35:30,28.65,--,5,14325,卖盘
328,14:35:27,28.65,--,5,14325,卖盘
329,14:35:24,28.65,0.03,5,14325,中性盘
330,14:35:21,28.62,-0.03,330,944460,卖盘
331,14:35:18,28.65,-0.02,4,11460,中性盘
332,14:35:15,28.67,--,490,1404830,买盘
333,14:35:09,28.67,0.04,10,28670,买盘
334,14:35:06,28.63,-0.01,37,105931,卖盘
335,14:35:03,28.64,-0.01,180,515520,卖盘
336,14:35:00,28.65,--,25,71625,卖盘
337,14:34:57,28.65,-0.01,79,226392,卖盘
338,14:34:54,28.66,--,2,8540,买盘
339,14:34:51,28.66,0.01,4,11464,卖盘
340,14:34:48,28.65,--,2,5730,卖盘
341,14:34:45,28.65,--,95,272175,卖盘
342,14:34:36,28.65,-0.02,18,51570,卖盘
343,14:34:33,28.67,0.02,151,432917,中性盘
344,14:34:27,28.65,-0.02,150,429750,卖盘
345,14:34:21,28.67,0.01,50,143350,卖盘
346,14:34:18,28.66,--,172,492952,卖盘
347,14:34:15,28.66,--,9,25794,卖盘
348,14:34:12,28.66,-0.01,386,1106276,卖盘
349,14:34:09,28.67,--,36,103212,卖盘
350,14:34:06,28.67,--,405,1161135,卖盘
351,14:34:03,28.67,-0.02,24,68808,卖盘
352,14:34:00,28.69,--,7,20083,卖盘
353,14:33:57,28.69,-0.01,13,37297,卖盘
354,14:33:51,28.7,0.02,21,60270,买盘
355,14:33:48,28.68,-0.02,61,174948,卖盘
356,14:33:45,28.7,0.02,2,5740,买盘
357,14:33:42,28.68,-0.02,134,384312,卖盘
358,14:33:39,28.7,--,29,83230,买盘
359,14:33:36,28.7,--,64,183680,卖盘
360,14:33:30,28.7,--,44,126280,卖盘
361,14:33:24,28.7,--,40,114800,买盘
362,14:33:18,28.7,--,15,43050,买盘
363,14:33:09,28.7,0.02,12,34440,买盘
364,14:33:03,28.68,--,4,11472,卖盘
365,14:32:54,28.68,-0.02,3,9579,卖盘
366,14:32:51,28.7,0.02,0,1894,中性盘
367,14:32:48,28.68,--,30,86040,卖盘
368,14:32:45,28.68,--,9,25812,卖盘
369,14:32:42,28.68,--,52,149136,卖盘
370,14:32:27,28.68,0.01,13,37284,卖盘
371,14:32:21,28.67,--,123,352641,卖盘
372,14:32:15,28.67,-0.01,69,197823,卖盘
373,14:32:12,28.68,0.01,2,5736,买盘
374,14:32:09,28.67,-0.05,50,143350,卖盘
375,14:32:03,28.72,0.05,4,11488,买盘
376,14:32:00,28.67,--,275,788425,中性盘
377,14:31:57,28.67,0.01,10,28670,买盘
378,14:31:54,28.66,-0.01,303,868398,卖盘
379,14:31:51,28.67,--,19,54473,买盘
380,14:31:48,28.67,-0.03,231,662277,卖盘
381,14:31:42,28.7,0.02,490,1406300,买盘
382,14:31:36,28.68,--,7,20076,卖盘
383,14:31:33,28.68,--,6,17208,卖盘
384,14:31:30,28.68,0.01,48,137664,买盘
385,14:31:27,28.67,0.01,23,65941,卖盘
386,14:31:21,28.66,-0.06,165,472890,卖盘
387,14:31:15,28.72,0.04,99,284328,买盘
388,14:31:12,28.68,0.01,3,8604,买盘
389,14:31:09,28.67,-0.01,314,900238,卖盘
390,14:31:06,28.68,--,2,5736,买盘
391,14:31:03,28.68,-0.02,262,751416,卖盘
392,14:31:00,28.7,-0.01,225,645750,卖盘
393,14:30:57,28.71,0.01,182,522522,买盘
394,14:30:54,28.7,-0.01,5,14350,卖盘
395,14:30:51,28.71,0.01,2,5742,买盘
396,14:30:48,28.7,--,5,14350,卖盘
397,14:30:45,28.7,--,46,132020,买盘
398,14:30:42,28.7,--,6,17220,买盘
399,14:30:39,28.7,0.01,30,86100,卖盘
400,14:30:33,28.69,-0.03,221,634049,卖盘
401,14:30:27,28.72,--,47,134984,卖盘
402,14:30:21,28.72,--,56,160832,卖盘
403,14:30:18,28.72,0.02,2,5744,中性盘
404,14:30:06,28.7,--,4,11480,卖盘
405,14:29:57,28.7,-0.02,61,175070,卖盘
406,14:29:54,28.72,0.02,16,45952,买盘
407,14:29:51,28.7,--,196,562520,卖盘
408,14:29:45,28.7,-0.01,140,401800,卖盘
409,14:29:42,28.71,-0.01,24,68904,卖盘
410,14:29:39,28.72,0.03,40,114880,买盘
411,14:29:33,28.69,--,176,504944,卖盘
412,14:29:30,28.69,--,36,103284,卖盘
413,14:29:27,28.69,-0.05,456,1308264,卖盘
414,14:29:24,28.74,0.04,11,31614,买盘
415,14:29:21,28.7,-0.03,500,1435000,卖盘
416,14:29:18,28.73,--,12,34476,卖盘
417,14:29:15,28.73,--,2,5746,卖盘
418,14:29:12,28.73,--,40,114920,买盘
419,14:29:09,28.73,0.01,3,8619,买盘
420,14:29:06,28.72,0.04,13,37336,中性盘
421,14:28:51,28.68,-0.02,46,131928,卖盘
422,14:28:48,28.7,0.02,19,54530,买盘
423,14:28:45,28.68,-0.03,153,438804,卖盘
424,14:28:39,28.71,-0.03,55,157905,卖盘
425,14:28:36,28.74,0.04,2,5748,买盘
426,14:28:33,28.7,-0.01,61,175070,卖盘
427,14:28:30,28.71,0.03,19,54549,买盘
428,14:28:27,28.68,-0.04,228,653904,卖盘
429,14:28:24,28.72,0.06,10,28720,中性盘
430,14:28:09,28.66,-0.08,194,556004,卖盘
431,14:28:06,28.74,-0.03,18,51732,中性盘
432,14:28:03,28.77,-0.03,54,155358,卖盘
433,14:28:00,28.8,--,30,86400,卖盘
434,14:27:57,28.8,--,430,1238400,卖盘
435,14:27:51,28.8,0.14,505,1454400,买盘
436,14:27:45,28.66,--,20,57320,卖盘
437,14:27:42,28.66,0.01,235,673510,买盘
438,14:27:39,28.65,--,60,171900,卖盘
439,14:27:36,28.65,--,247,707655,卖盘
440,14:27:33,28.65,--,167,478455,卖盘
441,14:27:30,28.65,-0.03,503,1441095,卖盘
442,14:27:27,28.68,0.01,55,157740,买盘
443,14:27:24,28.67,-0.03,358,1026386,卖盘
444,14:27:21,28.7,-0.08,21,60270,卖盘
445,14:27:18,28.78,0.08,1024,2947072,买盘
446,14:27:15,28.7,-0.01,42,120540,卖盘
447,14:27:12,28.71,--,14,40194,买盘
448,14:27:09,28.71,--,20,57420,卖盘
449,14:27:06,28.71,-0.02,35,100485,卖盘
450,14:27:03,28.73,0.02,103,295919,买盘
451,14:27:00,28.71,--,130,373230,卖盘
452,14:26:54,28.71,-0.02,67,192357,卖盘
453,14:26:48,28.73,--,56,160888,买盘
454,14:26:45,28.73,-0.01,5,14365,卖盘
455,14:26:42,28.74,-0.01,33,94842,卖盘
456,14:26:39,28.75,0.01,15,43125,中性盘
457,14:26:33,28.74,--,46,132204,卖盘
458,14:26:27,28.74,0.02,180,517320,买盘
459,14:26:24,28.72,--,17,48824,卖盘
460,14:26:21,28.72,-0.01,69,198168,卖盘
461,14:26:18,28.73,0.03,50,143650,买盘
462,14:26:15,28.7,-0.01,271,777770,卖盘
463,14:26:09,28.71,0.01,225,645975,中性盘
464,14:26:03,28.7,-0.02,266,763420,卖盘
465,14:26:00,28.72,0.01,51,146472,卖盘
466,14:25:57,28.71,-0.03,512,1469952,卖盘
467,14:25:33,28.74,0.03,4,11496,中性盘
468,14:25:30,28.71,--,14,40194,卖盘
469,14:25:27,28.71,-0.01,67,192357,卖盘
470,14:25:24,28.72,0.02,14,40208,买盘
471,14:25:21,28.7,-0.04,94,269780,卖盘
472,14:25:09,28.74,0.04,2,5748,买盘
473,14:25:06,28.7,--,78,223860,卖盘
474,14:25:00,28.7,-0.03,106,304220,卖盘
475,14:24:57,28.73,0.02,1,2873,中性盘
476,14:24:54,28.71,--,223,640233,卖盘
477,14:24:48,28.71,-0.04,87,249777,卖盘
478,14:24:42,28.75,0.01,133,382375,买盘
479,14:24:36,28.74,-0.01,61,175314,卖盘
480,14:24:30,28.75,--,6,17250,买盘
481,14:24:27,28.75,0.01,25,71875,买盘
482,14:24:24,28.74,-0.01,11,31614,卖盘
483,14:24:18,28.75,-0.01,43,123625,卖盘
484,14:24:12,28.76,0.01,17,48892,买盘
485,14:24:06,28.75,--,6,17250,卖盘
486,14:24:00,28.75,--,20,57500,卖盘
487,14:23:57,28.75,-0.01,2,5750,中性盘
488,14:23:48,28.76,0.02,14,40264,中性盘
489,14:23:45,28.74,-0.04,34,97716,卖盘
490,14:23:42,28.78,--,62,178436,买盘
491,14:23:39,28.78,--,15,43170,买盘
492,14:23:36,28.78,-0.04,18,51804,卖盘
493,14:23:33,28.82,0.01,19,54758,买盘
494,14:23:30,28.81,0.07,325,936325,买盘
495,14:23:27,28.74,0.03,102,293148,买盘
496,14:23:24,28.71,-0.03,103,295713,卖盘
497,14:23:21,28.74,-0.02,161,462714,买盘
498,14:23:18,28.76,0.01,270,776520,买盘
499,14:23:15,28.75,--,231,664125,买盘
500,14:23:12,28.75,-0.02,53,152375,卖盘
501,14:23:09,28.77,-0.03,178,512106,卖盘
502,14:23:03,28.8,--,410,1180800,买盘
503,14:23:00,28.8,--,5,14400,买盘
504,14:22:48,28.8,--,2,5760,买盘
505,14:22:45,28.8,--,6,17280,买盘
506,14:22:42,28.8,--,18,51840,买盘
507,14:22:39,28.8,--,2,5760,买盘
508,14:22:36,28.8,--,73,210240,卖盘
509,14:22:33,28.8,0.03,9,25920,中性盘
510,14:22:30,28.77,0.05,27,77679,买盘
511,14:22:24,28.72,-0.05,50,143600,卖盘
512,14:22:21,28.77,-0.01,22,63294,买盘
513,14:22:18,28.78,-0.04,82,235996,卖盘
514,14:22:12,28.82,0.02,102,293964,买盘
515,14:22:03,28.8,0.01,141,406080,买盘
516,14:22:00,28.79,0.04,5,14395,买盘
517,14:21:57,28.75,--,5,14375,买盘
518,14:21:54,28.75,-0.04,135,388125,卖盘
519,14:21:48,28.79,--,28,80612,买盘
520,14:21:42,28.79,--,29,83491,买盘
521,14:21:39,28.79,-0.01,5,14395,卖盘
522,14:21:36,28.8,0.01,13,37440,买盘
523,14:21:33,28.79,-0.01,12,34548,卖盘
524,14:21:30,28.8,-0.01,5,14400,中性盘
525,14:21:24,28.81,0.02,6,17286,买盘
526,14:21:21,28.79,--,8,23032,卖盘
527,14:21:18,28.79,--,2,5758,卖盘
528,14:21:15,28.79,-0.01,1,2879,中性盘
529,14:21:09,28.8,0.01,48,138240,买盘
530,14:21:06,28.79,0.01,10,28790,中性盘
531,14:21:03,28.78,-0.01,6,17268,卖盘
532,14:21:00,28.79,-0.01,2,5758,中性盘
533,14:20:57,28.8,0.01,24,69120,买盘
534,14:20:48,28.79,--,7,20153,卖盘
535,14:20:45,28.79,--,3,8637,买盘
536,14:20:39,28.79,--,1,2879,买盘
537,14:20:36,28.79,-0.01,2,5758,中性盘
538,14:20:27,28.8,--,43,123840,买盘
539,14:20:24,28.8,0.1,9,25920,买盘
540,14:20:15,28.7,--,119,341530,卖盘
541,14:20:09,28.7,-0.01,173,496510,卖盘
542,14:20:03,28.71,-0.02,186,534006,卖盘
543,14:20:00,28.73,-0.02,36,103428,卖盘
544,14:19:57,28.75,--,483,1388625,卖盘
545,14:19:54,28.75,-0.01,23,66125,卖盘
546,14:19:51,28.76,--,6,17256,买盘
547,14:19:48,28.76,--,24,69024,买盘
548,14:19:45,28.76,--,1,2876,买盘
549,14:19:42,28.76,--,18,51768,买盘
550,14:19:33,28.76,-0.01,20,57520,卖盘
551,14:19:27,28.77,--,5,14385,买盘
552,14:19:24,28.77,0.01,4,11508,买盘
553,14:19:21,28.76,-0.02,1,2876,卖盘
554,14:19:18,28.78,0.02,15,43170,买盘
555,14:19:12,28.76,-0.02,40,115040,卖盘
556,14:19:09,28.78,0.01,5,14390,买盘
557,14:18:48,28.77,--,2,5754,买盘
558,14:18:45,28.77,0.02,20,57540,买盘
559,14:18:30,28.75,0.03,7,20125,中性盘
560,14:18:21,28.72,--,26,74672,卖盘
561,14:18:18,28.72,-0.05,28,80416,卖盘
562,14:18:15,28.77,--,66,189882,买盘
563,14:18:12,28.77,0.03,57,163989,中性盘
564,14:18:09,28.74,-0.03,39,112086,买盘
565,14:18:06,28.77,--,2,5754,卖盘
566,14:18:00,28.77,-0.03,23,66171,卖盘
567,14:17:57,28.8,0.01,8,23040,买盘
568,14:17:54,28.79,0.01,2,5758,卖盘
569,14:17:48,28.78,-0.01,20,57560,卖盘
570,14:17:42,28.79,0.01,16,46064,买盘
571,14:17:33,28.78,-0.01,10,28780,卖盘
572,14:17:30,28.79,0.01,5,14395,买盘
573,14:17:27,28.78,-0.01,50,143900,卖盘
574,14:17:18,28.79,--,3,8637,买盘
575,14:17:15,28.79,--,4,11516,买盘
576,14:17:12,28.79,0.01,18,51822,买盘
577,14:17:06,28.78,-0.02,40,115120,卖盘
578,14:17:03,28.8,--,17,48960,买盘
579,14:17:00,28.8,--,12,34560,买盘
580,14:16:57,28.8,--,5,14400,中性盘
581,14:16:48,28.8,0.01,3,8640,买盘
582,14:16:45,28.79,-0.03,5,14395,中性盘
583,14:16:24,28.82,0.09,4,11528,买盘
584,14:16:18,28.73,-0.04,77,221221,卖盘
585,14:16:12,28.77,-0.04,37,107455,卖盘
586,14:16:06,28.81,--,37,106597,卖盘
587,14:16:03,28.81,-0.01,2,5762,卖盘
588,14:16:00,28.82,0.01,32,92224,买盘
589,14:15:42,28.81,--,10,28810,买盘
590,14:15:36,28.81,0.01,22,63382,买盘
591,14:15:33,28.8,-0.02,3,8640,卖盘
592,14:15:27,28.82,0.03,1,2882,买盘
593,14:15:21,28.79,-0.02,10,28790,卖盘
594,14:15:15,28.81,--,5,14405,买盘
595,14:15:12,28.81,0.01,23,66263,买盘
596,14:15:09,28.8,--,6,17280,卖盘
597,14:14:57,28.8,--,7,20160,买盘
598,14:14:45,28.8,--,3,8640,买盘
599,14:14:42,28.8,--,10,28800,买盘
600,14:14:39,28.8,--,19,54720,买盘
601,14:14:36,28.8,--,12,34560,买盘
602,14:14:30,28.8,--,30,86400,买盘
603,14:14:27,28.8,0.02,5,14400,买盘
604,14:14:24,28.78,-0.02,112,322336,卖盘
605,14:14:18,28.8,0.01,45,129600,买盘
606,14:14:15,28.79,--,30,86370,买盘
607,14:14:12,28.79,--,23,66217,买盘
608,14:14:09,28.79,0.01,1,2879,买盘
609,14:14:06,28.78,--,10,28780,卖盘
610,14:14:00,28.78,0.01,70,203330,买盘
611,14:13:57,28.77,0.03,40,115080,买盘
612,14:13:54,28.74,-0.03,150,431100,卖盘
613,14:13:48,28.77,0.01,150,431550,买盘
614,14:13:42,28.76,--,10,28760,买盘
615,14:13:39,28.76,0.01,47,135172,买盘
616,14:13:36,28.75,0.02,4,11500,买盘
617,14:13:18,28.73,--,18,51714,买盘
618,14:13:15,28.73,--,6,17238,买盘
619,14:13:09,28.73,0.01,9,25857,买盘
620,14:13:06,28.72,0.05,5,14360,买盘
621,14:12:54,28.67,0.01,4,11468,买盘
622,14:12:51,28.66,-0.01,78,223548,卖盘
623,14:12:48,28.67,--,14,40138,买盘
624,14:12:45,28.67,-0.03,142,409407,卖盘
625,14:12:39,28.7,--,215,617624,买盘
626,14:12:36,28.7,--,40,114800,买盘
627,14:12:30,28.7,0.04,31,88970,买盘
628,14:12:27,28.66,-0.04,203,581798,卖盘
629,14:12:24,28.7,--,1,2870,买盘
630,14:12:21,28.7,-0.02,328,943656,卖盘
631,14:12:15,28.72,-0.01,116,333152,卖盘
632,14:12:12,28.73,0.01,20,57460,买盘
633,14:12:09,28.72,-0.01,51,146472,卖盘
634,14:12:06,28.73,--,4,11492,卖盘
635,14:12:03,28.73,-0.01,35,100555,卖盘
636,14:11:57,28.74,0.02,4,11496,买盘
637,14:11:54,28.72,-0.02,5,14360,卖盘
638,14:11:48,28.74,--,9,25866,卖盘
639,14:11:45,28.74,--,1,2874,卖盘
640,14:11:42,28.74,0.01,37,106338,买盘
641,14:11:39,28.73,-0.01,44,126412,卖盘
642,14:11:30,28.74,--,5,14370,买盘
643,14:11:24,28.74,--,4,11496,卖盘
644,14:11:12,28.74,-0.01,25,71850,卖盘
645,14:11:03,28.75,--,5,14375,买盘
646,14:10:57,28.75,0.01,5,14375,买盘
647,14:10:51,28.74,-0.01,21,60354,卖盘
648,14:10:42,28.75,-0.01,23,66125,中性盘
649,14:10:18,28.76,--,1,2876,买盘
650,14:09:48,28.76,0.05,3,8628,买盘
651,14:09:45,28.71,--,6,17226,卖盘
652,14:09:42,28.71,--,26,74646,卖盘
653,14:09:36,28.71,-0.01,20,57420,卖盘
654,14:09:27,28.72,0.01,5,14360,买盘
655,14:09:24,28.71,--,54,155034,卖盘
656,14:09:18,28.71,-0.01,2,6316,卖盘
657,14:09:15,28.72,0.01,2,5744,买盘
658,14:09:12,28.71,-0.01,21,60291,卖盘
659,14:09:03,28.72,--,1,2872,买盘
660,14:09:00,28.72,-0.04,13,37336,中性盘
661,14:08:45,28.76,0.02,1,2876,买盘
662,14:08:33,28.74,0.04,18,51732,中性盘
663,14:08:21,28.7,-0.03,200,574000,卖盘
664,14:08:18,28.73,-0.01,302,867646,卖盘
665,14:08:09,28.74,--,1,2874,买盘
666,14:08:03,28.74,--,4,11496,买盘
667,14:07:57,28.74,0.01,10,28740,买盘
668,14:07:51,28.73,--,14,40222,卖盘
669,14:07:48,28.73,-0.01,12,34476,卖盘
670,14:07:42,28.74,0.01,23,66102,买盘
671,14:07:39,28.73,-0.01,5,14365,卖盘
672,14:07:36,28.74,--,6,17244,买盘
673,14:07:27,28.74,--,5,14370,买盘
674,14:07:21,28.74,--,6,17244,卖盘
675,14:07:18,28.74,-0.01,6,17244,卖盘
676,14:07:12,28.75,0.01,20,57500,买盘
677,14:07:06,28.74,-0.01,1,2874,卖盘
678,14:06:57,28.75,0.01,9,25875,买盘
679,14:06:48,28.74,--,6,17244,卖盘
680,14:06:42,28.74,--,63,181062,买盘
681,14:06:36,28.74,0.02,1,2874,买盘
682,14:06:30,28.72,-0.01,6,17232,卖盘
683,14:06:27,28.73,--,4,11492,买盘
684,14:06:12,28.73,--,22,63206,买盘
685,14:06:09,28.73,--,8,22984,买盘
686,14:06:06,28.73,-0.01,11,31603,卖盘
687,14:05:57,28.74,--,5,14370,买盘
688,14:05:54,28.74,0.01,4,11496,买盘
689,14:05:48,28.73,--,2,5746,卖盘
690,14:05:42,28.73,--,8,22984,买盘
691,14:05:39,28.73,--,7,20111,买盘
692,14:05:36,28.73,--,5,14365,卖盘
693,14:05:33,28.73,--,2,5746,中性盘
694,14:05:24,28.73,0.01,20,57460,买盘
695,14:05:21,28.72,--,2,5744,卖盘
696,14:05:18,28.72,-0.03,1,2872,卖盘
697,14:05:12,28.75,0.03,13,37375,买盘
698,14:05:06,28.72,--,1,2872,买盘
699,14:05:00,28.72,-0.03,37,106264,卖盘
700,14:04:51,28.75,--,4,11500,买盘
701,14:04:45,28.75,--,3,8625,买盘
702,14:04:33,28.75,0.05,2,5750,买盘
703,14:04:12,28.7,--,64,183680,卖盘
704,14:04:09,28.7,0.02,2,5740,中性盘
705,14:04:00,28.68,-0.03,4,11472,卖盘
706,14:03:57,28.71,--,26,74646,买盘
707,14:03:51,28.71,0.01,3,8613,买盘
708,14:03:48,28.7,0.03,3,8610,中性盘
709,14:03:36,28.67,-0.01,5,14335,卖盘
710,14:03:33,28.68,-0.03,20,57360,卖盘
711,14:03:27,28.71,0.05,2,5742,买盘
712,14:03:24,28.66,0.01,4,11464,中性盘
713,14:03:18,28.65,-0.03,15,42975,卖盘
714,14:03:15,28.68,--,23,65964,买盘
715,14:03:12,28.68,0.03,13,37284,买盘
716,14:03:06,28.65,--,3,8595,卖盘
717,14:03:03,28.65,-0.01,144,412560,卖盘
718,14:03:00,28.66,-0.02,3,8598,卖盘
719,14:02:57,28.68,0.02,207,593676,买盘
720,14:02:54,28.66,-0.02,3,8598,卖盘
721,14:02:51,28.68,-0.06,22,63096,卖盘
722,14:02:48,28.74,0.08,5,14370,买盘
723,14:02:45,28.66,-0.08,725,2077850,卖盘
724,14:02:42,28.74,0.03,3,8622,买盘
725,14:02:36,28.71,--,11,31581,卖盘
726,14:02:33,28.71,-0.03,6,17226,卖盘
727,14:02:27,28.74,0.01,25,71850,买盘
728,14:02:24,28.73,--,14,40222,卖盘
729,14:02:21,28.73,0.01,3,8619,卖盘
730,14:02:12,28.72,--,12,34464,卖盘
731,14:02:06,28.72,-0.02,17,48824,卖盘
732,14:02:03,28.74,0.01,4,11496,买盘
733,14:02:00,28.73,0.01,3,8619,中性盘
734,14:01:48,28.72,-0.02,3,8616,卖盘
735,14:01:42,28.74,--,1,2874,买盘
736,14:01:39,28.74,0.03,10,28740,买盘
737,14:01:36,28.71,-0.01,4,11484,卖盘
738,14:01:33,28.72,-0.02,2,5744,中性盘
739,14:01:30,28.74,0.04,1,2874,买盘
740,14:01:24,28.7,--,3,8610,卖盘
741,14:01:15,28.7,0.01,5,14350,卖盘
742,14:01:09,28.69,--,13,38014,买盘
743,14:01:06,28.69,0.01,7,20083,买盘
744,14:01:03,28.68,-0.01,3,8604,卖盘
745,14:00:57,28.69,0.01,5,14345,买盘
746,14:00:54,28.68,-0.01,27,77436,卖盘
747,14:00:48,28.69,-0.05,29,85352,卖盘
748,14:00:45,28.74,0.05,3,8622,买盘
749,14:00:42,28.69,-0.01,49,140581,卖盘
750,14:00:36,28.7,-0.01,10,28700,卖盘
751,14:00:33,28.71,0.01,3,8613,中性盘
752,14:00:15,28.7,--,3,8610,卖盘
753,14:00:12,28.7,0.01,11,32287,买盘
754,14:00:09,28.69,--,3,8607,卖盘
755,14:00:06,28.69,-0.01,4,11476,卖盘
756,14:00:03,28.7,--,53,152110,买盘
757,14:00:00,28.7,-0.05,138,398212,卖盘
758,13:59:57,28.75,0.01,5,14375,买盘
759,13:59:51,28.74,--,11,32188,卖盘
760,13:59:48,28.74,--,10,28740,卖盘
761,13:59:39,28.74,0.01,3,8622,中性盘
762,13:59:24,28.73,-0.02,31,89063,中性盘
763,13:59:18,28.75,0.01,148,425500,买盘
764,13:59:15,28.74,0.01,10,28740,中性盘
765,13:59:12,28.73,-0.02,103,295919,卖盘
766,13:59:09,28.75,0.01,12,34500,买盘
767,13:59:06,28.74,--,2,5748,卖盘
768,13:59:03,28.74,--,3,8622,卖盘
769,13:59:00,28.74,--,3,8622,卖盘
770,13:58:57,28.74,--,20,57480,卖盘
771,13:58:51,28.74,--,3,8622,卖盘
772,13:58:48,28.74,--,3,8622,卖盘
773,13:58:45,28.74,--,4,11496,卖盘
774,13:58:39,28.74,--,20,57480,卖盘
775,13:58:33,28.74,--,3,8622,卖盘
776,13:58:24,28.74,--,5,14370,卖盘
777,13:58:18,28.74,--,3,8622,卖盘
778,13:58:06,28.74,-0.01,18,51732,卖盘
779,13:57:57,28.75,--,4,11500,卖盘
780,13:57:54,28.75,0.01,2,5750,中性盘
781,13:57:45,28.74,--,3,8622,卖盘
782,13:57:42,28.74,-0.01,7,20118,卖盘
783,13:57:39,28.75,0.01,1,2875,买盘
784,13:57:33,28.74,--,3,8622,卖盘
785,13:57:30,28.74,--,4,11496,卖盘
786,13:57:21,28.74,--,50,143700,卖盘
787,13:57:12,28.74,-0.01,3,8622,卖盘
788,13:57:09,28.75,0.01,4,11500,买盘
789,13:57:03,28.74,--,5,14370,卖盘
790,13:56:57,28.74,-0.01,3,8622,卖盘
791,13:56:54,28.75,--,1,2875,买盘
792,13:56:51,28.75,0.01,2,5750,买盘
793,13:56:48,28.74,--,2,5748,卖盘
794,13:56:45,28.74,-0.01,3,8622,卖盘
795,13:56:39,28.75,--,17,48875,卖盘
796,13:56:36,28.75,0.01,3,8625,卖盘
797,13:56:33,28.74,--,11,31614,卖盘
798,13:56:27,28.74,--,34,97716,卖盘
799,13:56:18,28.74,--,4,11496,卖盘
800,13:56:12,28.74,--,1,2874,卖盘
801,13:56:09,28.74,-0.02,4,11496,卖盘
802,13:56:03,28.76,0.01,30,86280,买盘
803,13:55:54,28.75,--,22,63250,卖盘
804,13:55:51,28.75,--,3,8625,卖盘
805,13:55:45,28.75,--,24,69000,卖盘
806,13:55:39,28.75,-0.02,106,304750,卖盘
807,13:55:36,28.77,--,9,25893,买盘
808,13:55:33,28.77,-0.01,97,279069,卖盘
809,13:55:27,28.78,--,3,8634,卖盘
810,13:55:24,28.78,--,39,112242,卖盘
811,13:55:18,28.78,--,10,28780,卖盘
812,13:55:15,28.78,-0.01,5,14390,卖盘
813,13:55:06,28.79,-0.01,3,8637,卖盘
814,13:55:03,28.8,0.01,20,57600,买盘
815,13:55:00,28.79,-0.01,4,11516,卖盘
816,13:54:54,28.8,-0.02,29,83520,卖盘
817,13:54:48,28.82,--,3,8646,卖盘
818,13:54:39,28.82,-0.01,8,23056,卖盘
819,13:54:36,28.83,--,19,54777,卖盘
820,13:54:33,28.83,--,8,23064,卖盘
821,13:54:27,28.83,--,3,8649,卖盘
822,13:54:24,28.83,--,4,11532,卖盘
823,13:54:21,28.83,--,8,23064,卖盘
824,13:54:15,28.83,--,3,8649,卖盘
825,13:54:03,28.83,0.01,10,28830,买盘
826,13:54:00,28.82,--,4,11528,卖盘
827,13:53:54,28.82,-0.03,14,40348,卖盘
828,13:53:48,28.85,0.02,1,2885,买盘
829,13:53:45,28.83,--,3,8649,卖盘
830,13:53:39,28.83,0.02,8,23064,买盘
831,13:53:33,28.81,0.01,14,40334,中性盘
832,13:53:30,28.8,-0.03,4,11520,卖盘
833,13:53:18,28.83,0.03,1,2883,买盘
834,13:53:15,28.8,-0.01,28,80640,卖盘
835,13:53:09,28.81,--,13,37453,卖盘
836,13:53:06,28.81,-0.02,3,8643,卖盘
837,13:53:03,28.83,--,20,57660,买盘
838,13:52:54,28.83,-0.03,27,77841,卖盘
839,13:52:51,28.86,--,100,288600,卖盘
840,13:52:48,28.86,--,4,11544,卖盘
841,13:52:45,28.86,0.05,201,580086,买盘
842,13:52:33,28.81,-0.04,20,57620,中性盘
843,13:52:30,28.85,0.05,1,2885,买盘
844,13:52:24,28.8,--,30,86400,卖盘
845,13:52:09,28.8,-0.06,46,132480,卖盘
846,13:52:03,28.86,--,21,60606,买盘
847,13:52:00,28.86,0.02,2,5772,买盘
848,13:51:54,28.84,--,39,112476,中性盘
849,13:51:36,28.84,-0.01,11,31724,卖盘
850,13:51:33,28.85,0.03,25,72125,买盘
851,13:51:24,28.82,0.02,2,5764,买盘
852,13:51:21,28.8,-0.01,26,74880,卖盘
853,13:51:15,28.81,-0.01,53,152693,卖盘
854,13:51:12,28.82,-0.03,46,132572,卖盘
855,13:51:09,28.85,--,16,46160,买盘
856,13:51:06,28.85,--,40,115400,买盘
857,13:51:03,28.85,--,20,57700,买盘
858,13:51:00,28.85,--,13,37505,买盘
859,13:50:57,28.85,--,3,8655,买盘
860,13:50:54,28.85,--,15,43275,买盘
861,13:50:45,28.85,--,10,28850,买盘
862,13:50:42,28.85,--,1,2885,买盘
863,13:50:33,28.85,0.01,22,63470,买盘
864,13:50:24,28.84,--,6,17304,买盘
865,13:50:21,28.84,--,9,25956,买盘
866,13:50:18,28.84,0.01,11,31724,买盘
867,13:50:06,28.83,--,2,5766,买盘
868,13:49:57,28.83,--,24,69192,买盘
869,13:49:48,28.83,--,15,43245,买盘
870,13:49:45,28.83,--,20,57660,买盘
871,13:49:39,28.83,0.01,15,43245,买盘
872,13:49:33,28.82,0.01,20,57640,买盘
873,13:49:30,28.81,--,6,17286,卖盘
874,13:49:24,28.81,--,1,2881,卖盘
875,13:49:21,28.81,0.01,19,54739,买盘
876,13:49:18,28.8,0.02,2,5760,买盘
877,13:49:12,28.78,--,26,74828,卖盘
878,13:49:06,28.78,-0.01,79,228801,卖盘
879,13:49:03,28.79,--,10,28790,买盘
880,13:48:57,28.79,0.01,1,2879,买盘
881,13:48:51,28.78,0.01,19,56121,买盘
882,13:48:33,28.77,--,9,25893,买盘
883,13:48:15,28.77,0.01,4,11508,中性盘
884,13:48:09,28.76,-0.03,56,161056,卖盘
885,13:48:06,28.79,--,7,20153,买盘
886,13:48:03,28.79,--,20,57580,买盘
887,13:48:00,28.79,--,8,23032,卖盘
888,13:47:57,28.79,--,1,2879,卖盘
889,13:47:45,28.79,-0.01,39,112281,卖盘
890,13:47:42,28.8,0.01,1,2880,买盘
891,13:47:33,28.79,--,1,2879,买盘
892,13:47:30,28.79,--,11,31669,买盘
893,13:47:27,28.79,0.01,1,2879,中性盘
894,13:47:21,28.78,--,12,34536,卖盘
895,13:47:12,28.78,-0.01,202,581356,卖盘
896,13:47:09,28.79,--,1,2879,买盘
897,13:47:03,28.79,0.01,36,103644,买盘
898,13:46:51,28.78,-0.01,3,8634,卖盘
899,13:46:39,28.79,0.01,5,14395,买盘
900,13:46:36,28.78,-0.01,5,14390,中性盘
901,13:46:30,28.79,0.02,5,14395,买盘
902,13:46:27,28.77,--,3,8631,卖盘
903,13:46:21,28.77,-0.02,3,8631,卖盘
904,13:46:15,28.79,0.02,3,8637,买盘
905,13:46:06,28.77,--,3,8631,卖盘
906,13:46:03,28.77,0.01,3,8631,买盘
907,13:45:54,28.76,-0.01,3,8628,卖盘
908,13:45:48,28.77,-0.01,2,5754,卖盘
909,13:45:45,28.78,0.01,5,14390,买盘
910,13:45:42,28.77,--,1,2877,卖盘
911,13:45:36,28.77,0.02,4,11508,买盘
912,13:45:30,28.75,--,3,8625,卖盘
913,13:45:27,28.75,--,2,5750,卖盘
914,13:45:24,28.75,--,10,28750,卖盘
915,13:45:18,28.75,--,3,8625,卖盘
916,13:45:12,28.75,--,24,69000,卖盘
917,13:45:09,28.75,--,3,8625,卖盘
918,13:45:06,28.75,-0.01,99,284625,卖盘
919,13:45:03,28.76,0.01,10,28760,买盘
920,13:45:00,28.75,-0.01,8,23000,卖盘
921,13:44:57,28.76,0.01,33,94908,买盘
922,13:44:48,28.75,-0.01,3,8625,卖盘
923,13:44:45,28.76,--,2,5752,买盘
924,13:44:42,28.76,0.01,5,14380,买盘
925,13:44:36,28.75,-0.01,4,11500,卖盘
926,13:44:33,28.76,0.01,20,57520,买盘
927,13:44:27,28.75,-0.01,4,11500,卖盘
928,13:44:24,28.76,0.01,2,5752,买盘
929,13:44:15,28.75,-0.01,3,8625,卖盘
930,13:44:12,28.76,-0.03,24,69024,卖盘
931,13:44:09,28.79,0.04,10,28790,买盘
932,13:44:03,28.75,-0.04,3,8625,卖盘
933,13:43:57,28.79,0.04,1,2879,买盘
934,13:43:54,28.75,-0.01,5,14375,卖盘
935,13:43:51,28.76,--,3,8628,卖盘
936,13:43:42,28.76,0.01,1,2876,买盘
937,13:43:39,28.75,-0.01,5,14375,卖盘
938,13:43:36,28.76,--,1,2876,买盘
939,13:43:33,28.76,0.01,20,57520,买盘
940,13:43:30,28.75,-0.01,3,8625,卖盘
941,13:43:27,28.76,--,4,11504,买盘
942,13:43:24,28.76,--,26,74776,买盘
943,13:43:21,28.76,0.01,20,57520,买盘
944,13:43:18,28.75,--,3,8625,卖盘
945,13:43:09,28.75,--,3,8625,中性盘
946,13:43:03,28.75,--,33,94875,买盘
947,13:43:00,28.75,0.01,11,31625,买盘
948,13:42:57,28.74,-0.01,8,22992,卖盘
949,13:42:54,28.75,--,10,28750,买盘
950,13:42:51,28.75,0.01,1,2875,买盘
951,13:42:48,28.74,--,6,17244,卖盘
952,13:42:42,28.74,-0.01,2,5748,卖盘
953,13:42:36,28.75,--,5,14375,买盘
954,13:42:33,28.75,0.04,1,2875,买盘
955,13:42:24,28.71,--,22,63305,买盘
956,13:42:21,28.71,--,1,2871,买盘
957,13:42:18,28.71,-0.04,104,301311,卖盘
958,13:42:15,28.75,--,2,5750,买盘
959,13:42:12,28.75,-0.03,64,184000,卖盘
960,13:42:06,28.78,0.05,237,682086,买盘
961,13:42:03,28.73,0.01,15,43095,买盘
962,13:41:57,28.72,-0.01,7,20104,卖盘
963,13:41:54,28.73,-0.01,46,132158,卖盘
964,13:41:51,28.74,-0.02,3,8622,卖盘
965,13:41:45,28.76,0.02,1,2876,买盘
966,13:41:39,28.74,0.01,11,31614,卖盘
967,13:41:30,28.73,--,4,11492,卖盘
968,13:41:21,28.73,-0.03,4,11492,卖盘
969,13:41:18,28.76,--,2,5752,买盘
970,13:41:15,28.76,0.03,2,5752,买盘
971,13:41:06,28.73,0.01,3,8619,中性盘
972,13:40:57,28.72,--,3,8616,卖盘
973,13:40:48,28.72,-0.04,5,14360,卖盘
974,13:40:45,28.76,0.04,1,2876,买盘
975,13:40:42,28.72,--,3,8616,卖盘
976,13:40:36,28.72,-0.01,8,22976,卖盘
977,13:40:33,28.73,0.01,16,45968,买盘
978,13:40:24,28.72,-0.04,3,8616,卖盘
979,13:40:21,28.76,0.01,1,2876,买盘
980,13:40:15,28.75,--,8,23000,卖盘
981,13:40:12,28.75,-0.01,3,8625,卖盘
982,13:40:06,28.76,0.01,1,2876,买盘
983,13:40:03,28.75,0.04,10,28750,买盘
984,13:40:00,28.71,-0.05,3,8613,卖盘
985,13:39:57,28.76,0.02,17,48892,买盘
986,13:39:54,28.74,--,3,8622,卖盘
987,13:39:51,28.74,0.02,24,68976,卖盘
988,13:39:45,28.72,-0.03,101,290072,卖盘
989,13:39:39,28.75,--,42,120750,买盘
990,13:39:36,28.75,0.01,1,2875,买盘
991,13:39:33,28.74,--,10,28883,买盘
992,13:39:30,28.74,--,51,146574,买盘
993,13:39:27,28.74,0.01,1,2874,买盘
994,13:39:18,28.73,--,3,8619,卖盘
995,13:39:09,28.73,-0.01,3,8619,卖盘
996,13:39:03,28.74,0.01,24,68976,买盘
997,13:38:57,28.73,-0.01,3,8619,卖盘
998,13:38:51,28.74,-0.01,17,51588,卖盘
999,13:38:48,28.75,0.01,4,11500,买盘
1000,13:38:45,28.74,--,4,11496,卖盘
1001,13:38:33,28.74,0.01,14,40379,买盘
1002,13:38:24,28.73,-0.01,3,8619,卖盘
1003,13:38:21,28.74,0.01,1,2874,买盘
1004,13:38:15,28.73,-0.01,3,8619,卖盘
1005,13:38:12,28.74,--,3,8622,买盘
1006,13:38:09,28.74,0.04,1,2874,买盘
1007,13:38:00,28.7,-0.02,3,8610,卖盘
1008,13:37:57,28.72,-0.02,19,54568,卖盘
1009,13:37:54,28.74,--,8,25722,卖盘
1010,13:37:51,28.74,--,2,5748,卖盘
1011,13:37:48,28.74,--,18,51875,卖盘
1012,13:37:42,28.74,--,2,5748,卖盘
1013,13:37:39,28.74,0.01,5,14370,中性盘
1014,13:37:30,28.73,--,2,5746,卖盘
1015,13:37:27,28.73,--,5,14365,卖盘
1016,13:37:18,28.73,-0.02,3,8619,卖盘
1017,13:37:12,28.75,0.02,1,2875,买盘
1018,13:37:06,28.73,-0.02,3,8619,中性盘
1019,13:37:00,28.75,--,8,23000,买盘
1020,13:36:57,28.75,0.03,10,28750,买盘
1021,13:36:54,28.72,-0.03,4,11488,卖盘
1022,13:36:45,28.75,--,15,43125,买盘
1023,13:36:42,28.75,0.03,4,11500,买盘
1024,13:36:39,28.72,-0.03,2,5744,卖盘
1025,13:36:33,28.75,-0.01,21,60375,买盘
1026,13:36:30,28.76,--,18,51768,卖盘
1027,13:36:27,28.76,--,1,2876,卖盘
1028,13:36:21,28.76,--,3,8628,卖盘
1029,13:36:18,28.76,0.04,49,140924,买盘
1030,13:36:15,28.72,-0.03,4,11488,卖盘
1031,13:36:09,28.75,--,12,34500,卖盘
1032,13:36:06,28.75,--,5,14375,卖盘
1033,13:36:00,28.75,--,1,2875,买盘
1034,13:35:57,28.75,0.04,5,14375,买盘
1035,13:35:51,28.71,-0.05,4,11484,卖盘
1036,13:35:45,28.76,0.05,8,23008,买盘
1037,13:35:42,28.71,--,4,11484,卖盘
1038,13:35:39,28.71,0.01,57,163647,卖盘
1039,13:35:33,28.7,-0.02,78,223860,卖盘
1040,13:35:18,28.72,-0.03,2,5744,买盘
1041,13:35:15,28.75,--,2,5750,卖盘
1042,13:35:09,28.75,-0.01,36,103500,卖盘
1043,13:35:06,28.76,0.01,1,2876,买盘
1044,13:35:03,28.75,--,298,856750,买盘
1045,13:34:48,28.75,--,1,2875,买盘
1046,13:34:39,28.75,0.04,4,11500,买盘
1047,13:34:36,28.71,-0.03,23,66033,卖盘
1048,13:34:33,28.74,0.04,6,17244,买盘
1049,13:34:30,28.7,-0.04,99,284130,卖盘
1050,13:34:24,28.74,--,3,8622,卖盘
1051,13:34:21,28.74,--,26,74724,卖盘
1052,13:34:18,28.74,-0.01,14,40236,卖盘
1053,13:34:03,28.75,--,2,5750,买盘
1054,13:34:00,28.75,--,11,31625,买盘
1055,13:33:51,28.75,0.01,1,2875,买盘
1056,13:33:39,28.74,0.04,1,2874,中性盘
1057,13:33:33,28.7,--,3,8610,买盘
1058,13:33:27,28.7,-0.02,27,77490,卖盘
1059,13:33:21,28.72,-0.03,5,14360,中性盘
1060,13:33:18,28.75,0.05,3,8625,买盘
1061,13:33:03,28.7,--,33,94710,买盘
1062,13:33:00,28.7,--,1,2870,买盘
1063,13:32:45,28.7,--,200,574000,买盘
1064,13:32:42,28.7,--,4,11480,买盘
1065,13:32:39,28.7,--,1,2870,买盘
1066,13:32:36,28.7,--,1,2870,买盘
1067,13:32:33,28.7,--,67,192290,卖盘
1068,13:32:27,28.7,--,1,2870,买盘
1069,13:32:21,28.7,--,3,8610,买盘
1070,13:32:15,28.7,--,1,2870,买盘
1071,13:32:06,28.7,-0.01,1,2870,中性盘
1072,13:32:03,28.71,0.02,22,63162,买盘
1073,13:32:00,28.69,-0.01,56,160664,卖盘
1074,13:31:54,28.7,-0.01,17,48790,卖盘
1075,13:31:45,28.71,--,10,28710,买盘
1076,13:31:42,28.71,0.03,1,2871,买盘
1077,13:31:33,28.68,-0.03,85,243780,卖盘
1078,13:31:27,28.71,--,30,86130,买盘
1079,13:31:21,28.71,0.02,51,146421,买盘
1080,13:31:15,28.69,--,1,2869,买盘
1081,13:31:12,28.69,0.01,10,28690,买盘
1082,13:31:09,28.68,-0.01,101,289668,卖盘
1083,13:31:06,28.69,--,1,2869,买盘
1084,13:31:03,28.69,--,21,60249,买盘
1085,13:30:57,28.69,--,41,117629,卖盘
1086,13:30:54,28.69,-0.02,8,22952,卖盘
1087,13:30:33,28.71,--,4,11484,买盘
1088,13:30:27,28.71,--,1,2871,买盘
1089,13:30:24,28.71,0.04,2,5742,买盘
1090,13:30:09,28.67,-0.01,25,71675,卖盘
1091,13:30:06,28.68,--,4,11472,卖盘
1092,13:30:03,28.68,--,113,324084,买盘
1093,13:30:00,28.68,--,6,17208,买盘
1094,13:29:57,28.68,-0.01,194,556392,卖盘
1095,13:29:54,28.69,--,1,2869,买盘
1096,13:29:48,28.69,0.01,1,2869,买盘
1097,13:29:33,28.68,--,7,20076,买盘
1098,13:29:21,28.68,0.01,1,2868,买盘
1099,13:29:18,28.67,0.02,55,157685,买盘
1100,13:29:12,28.65,-0.02,2,5730,卖盘
1101,13:29:06,28.67,--,9,25803,买盘
1102,13:29:03,28.67,0.02,28,80276,买盘
1103,13:29:00,28.65,-0.01,16,45840,卖盘
1104,13:28:54,28.66,--,10,28660,卖盘
1105,13:28:51,28.66,-0.01,3,8598,卖盘
1106,13:28:48,28.67,0.01,1,2867,买盘
1107,13:28:42,28.66,-0.01,3,8598,中性盘
1108,13:28:30,28.67,0.02,4,11468,买盘
1109,13:28:27,28.65,--,3,8595,卖盘
1110,13:28:24,28.65,-0.02,7,20055,卖盘
1111,13:28:21,28.67,0.02,2,5734,买盘
1112,13:28:18,28.65,--,3,8595,卖盘
1113,13:28:06,28.65,0.01,4,11460,中性盘
1114,13:27:57,28.64,--,73,209072,卖盘
1115,13:27:45,28.64,-0.03,63,180432,卖盘
1116,13:27:42,28.67,0.03,10,28670,买盘
1117,13:27:39,28.64,--,118,337952,卖盘
1118,13:27:36,28.64,-0.03,3,8592,卖盘
1119,13:27:33,28.67,--,175,501725,买盘
1120,13:27:30,28.67,--,2,5734,买盘
1121,13:27:27,28.67,--,591,1694397,卖盘
1122,13:27:24,28.67,-0.01,3,8601,卖盘
1123,13:27:15,28.68,0.01,2,5736,买盘
1124,13:27:12,28.67,-0.03,52,149084,卖盘
1125,13:27:09,28.7,--,3,8610,买盘
1126,13:27:06,28.7,--,1,2870,买盘
1127,13:27:03,28.7,0.01,24,68880,买盘
1128,13:27:00,28.69,--,3,8607,卖盘
1129,13:26:51,28.69,-0.01,3,8607,卖盘
1130,13:26:45,28.7,0.01,1,2870,买盘
1131,13:26:42,28.69,-0.01,4,11476,卖盘
1132,13:26:39,28.7,0.02,2,5740,买盘
1133,13:26:30,28.68,--,3,8604,卖盘
1134,13:26:24,28.68,-0.07,111,318348,卖盘
1135,13:26:21,28.75,0.03,5,14375,买盘
1136,13:26:18,28.72,0.01,86,246992,买盘
1137,13:26:15,28.71,--,3,8613,卖盘
1138,13:26:12,28.71,--,6,17226,卖盘
1139,13:26:09,28.71,0.01,16,45936,中性盘
1140,13:25:54,28.7,-0.02,3,8610,卖盘
1141,13:25:51,28.72,0.02,1,2872,买盘
1142,13:25:48,28.7,-0.05,29,83230,卖盘
1143,13:25:45,28.75,0.05,2,5750,买盘
1144,13:25:42,28.7,--,3,8610,卖盘
1145,13:25:36,28.7,-0.05,11,31570,中性盘
1146,13:25:30,28.75,0.05,2,5750,买盘
1147,13:25:27,28.7,--,2,5740,买盘
1148,13:25:24,28.7,--,1,2870,买盘
1149,13:25:21,28.7,0.01,4,11480,买盘
1150,13:25:12,28.69,-0.01,3,8607,卖盘
1151,13:25:06,28.7,--,25,71750,买盘
1152,13:25:03,28.7,0.01,27,77490,买盘
1153,13:25:00,28.69,--,1,2869,卖盘
1154,13:24:57,28.69,--,96,275424,买盘
1155,13:24:51,28.69,--,23,65987,买盘
1156,13:24:48,28.69,--,4,11476,买盘
1157,13:24:39,28.69,0.01,5,14345,买盘
1158,13:24:36,28.68,-0.01,35,100380,卖盘
1159,13:24:33,28.69,0.01,22,63118,买盘
1160,13:24:27,28.68,-0.01,23,65964,卖盘
1161,13:24:24,28.69,0.01,1,2869,买盘
1162,13:24:18,28.68,--,7,20076,卖盘
1163,13:24:15,28.68,--,10,28680,卖盘
1164,13:24:12,28.68,--,6,17208,卖盘
1165,13:24:09,28.68,-0.01,3,8604,卖盘
1166,13:24:03,28.69,--,22,63118,买盘
1167,13:23:57,28.69,0.01,1,2869,买盘
1168,13:23:54,28.68,--,4,11472,卖盘
1169,13:23:42,28.68,--,3,8604,卖盘
1170,13:23:33,28.68,-0.01,3,8604,中性盘
1171,13:23:27,28.69,0.02,1,2869,买盘
1172,13:23:21,28.67,-0.02,3,8601,卖盘
1173,13:23:18,28.69,0.02,5,14345,买盘
1174,13:23:15,28.67,--,5,14335,卖盘
1175,13:23:09,28.67,--,3,8601,卖盘
1176,13:23:06,28.67,-0.02,5,14335,卖盘
1177,13:23:03,28.69,0.02,1,2869,买盘
1178,13:23:00,28.67,--,3,8601,卖盘
1179,13:22:51,28.67,--,3,8601,卖盘
1180,13:22:48,28.67,--,5,14335,买盘
1181,13:22:45,28.67,--,3,8601,买盘
1182,13:22:42,28.67,--,1,2867,买盘
1183,13:22:39,28.67,--,1,2867,买盘
1184,13:22:36,28.67,0.02,6,17202,买盘
1185,13:22:27,28.65,--,3,8595,卖盘
1186,13:22:18,28.65,--,6,17190,卖盘
1187,13:22:15,28.65,-0.02,4,11460,卖盘
1188,13:22:12,28.67,0.02,1,2867,买盘
1189,13:22:09,28.65,--,4,11460,卖盘
1190,13:22:06,28.65,0.01,7,20055,买盘
1191,13:22:00,28.64,-0.01,1,2864,卖盘
1192,13:21:57,28.65,0.01,1,2865,买盘
1193,13:21:54,28.64,-0.01,5,14320,卖盘
1194,13:21:45,28.65,0.01,11,31515,买盘
1195,13:21:42,28.64,-0.01,3,8592,卖盘
1196,13:21:39,28.65,0.02,6,17190,买盘
1197,13:21:36,28.63,--,23,65849,卖盘
1198,13:21:33,28.63,--,7,20041,卖盘
1199,13:21:30,28.63,--,4,11452,卖盘
1200,13:21:27,28.63,-0.02,46,131698,卖盘
1201,13:21:24,28.65,0.02,6,17190,买盘
1202,13:21:21,28.63,-0.01,62,177506,卖盘
1203,13:21:15,28.64,-0.03,194,555616,卖盘
1204,13:21:09,28.67,-0.02,676,1938092,卖盘
1205,13:21:06,28.69,--,21,60249,买盘
1206,13:21:03,28.69,--,500,1434500,买盘
1207,13:20:54,28.69,-0.03,53,152057,卖盘
1208,13:20:51,28.72,--,10,28720,买盘
1209,13:20:45,28.72,--,1,2872,买盘
1210,13:20:42,28.72,--,60,172320,买盘
1211,13:20:36,28.72,-0.03,74,212528,卖盘
1212,13:20:30,28.75,-0.01,25,71875,卖盘
1213,13:20:27,28.76,0.01,8,23008,中性盘
1214,13:20:24,28.75,-0.02,11,31625,卖盘
1215,13:20:12,28.77,0.02,9,25893,买盘
1216,13:20:03,28.75,--,3,8625,卖盘
1217,13:20:00,28.75,0.01,2,5750,卖盘
1218,13:19:54,28.74,--,3,8622,卖盘
1219,13:19:51,28.74,-0.03,10,28740,卖盘
1220,13:19:48,28.77,--,4,11508,买盘
1221,13:19:45,28.77,--,4,11508,买盘
1222,13:19:42,28.77,0.03,17,48909,买盘
1223,13:19:30,28.74,-0.03,4,11496,中性盘
1224,13:19:21,28.77,0.04,5,14385,买盘
1225,13:19:18,28.73,-0.04,3,8619,卖盘
1226,13:19:12,28.77,0.04,1,2877,买盘
1227,13:19:06,28.73,--,4,11492,卖盘
1228,13:19:03,28.73,0.01,10,28730,中性盘
1229,13:18:54,28.72,--,3,8616,卖盘
1230,13:18:48,28.72,--,3,8616,卖盘
1231,13:18:33,28.72,-0.06,3,8616,卖盘
1232,13:18:30,28.78,0.07,10,28780,买盘
1233,13:18:27,28.71,--,7,20097,卖盘
1234,13:18:24,28.71,--,3,8613,卖盘
1235,13:18:12,28.71,-0.07,3,8613,卖盘
1236,13:18:09,28.78,0.07,6,17268,买盘
1237,13:18:03,28.71,--,6,17226,卖盘
1238,13:18:00,28.71,-0.05,20,57420,卖盘
1239,13:17:57,28.76,0.01,24,69024,买盘
1240,13:17:54,28.75,-0.01,29,83375,卖盘
1241,13:17:51,28.76,--,2,5752,卖盘
1242,13:17:48,28.76,--,7,20132,卖盘
1243,13:17:39,28.76,--,4,11504,卖盘
1244,13:17:30,28.76,--,3,8628,卖盘
1245,13:17:27,28.76,--,9,25884,买盘
1246,13:17:12,28.76,0.01,1,2876,买盘
1247,13:17:09,28.75,0.04,39,112125,买盘
1248,13:17:00,28.71,-0.04,3,8613,中性盘
1249,13:16:51,28.75,--,1,2875,买盘
1250,13:16:39,28.75,0.05,1,2875,买盘
1251,13:16:27,28.7,0.03,19,54530,买盘
1252,13:16:18,28.67,-0.03,5,14335,卖盘
1253,13:16:15,28.7,--,5,14350,买盘
1254,13:16:12,28.7,0.03,1,2870,买盘
1255,13:16:09,28.67,-0.03,2,5734,卖盘
1256,13:16:06,28.7,0.03,12,34440,买盘
1257,13:16:03,28.67,-0.03,5,14335,卖盘
1258,13:15:54,28.7,0.01,5,14350,买盘
1259,13:15:48,28.69,-0.01,1,2869,卖盘
1260,13:15:42,28.7,0.01,1,2870,买盘
1261,13:15:27,28.69,--,1,2869,卖盘
1262,13:15:24,28.69,--,55,157995,买盘
1263,13:15:18,28.69,0.02,2,5738,买盘
1264,13:15:12,28.67,--,5,14335,卖盘
1265,13:15:00,28.67,-0.02,1,2867,卖盘
1266,13:14:51,28.69,--,23,65987,买盘
1267,13:14:48,28.69,0.03,20,57380,买盘
1268,13:14:42,28.66,-0.01,20,57320,卖盘
1269,13:14:39,28.67,0.01,4,11468,中性盘
1270,13:14:30,28.66,-0.03,18,51588,卖盘
1271,13:14:24,28.69,0.03,2,5738,买盘
1272,13:14:21,28.66,0.01,1,2866,卖盘
1273,13:14:15,28.65,--,25,71625,买盘
1274,13:14:12,28.65,0.01,8,22920,买盘
1275,13:14:09,28.64,-0.01,46,131744,卖盘
1276,13:14:03,28.65,-0.04,45,128925,卖盘
1277,13:14:00,28.69,--,53,152057,买盘
1278,13:13:51,28.69,0.05,12,34428,买盘
1279,13:13:39,28.64,-0.05,56,160384,卖盘
1280,13:13:36,28.69,--,2,5738,买盘
1281,13:13:33,28.69,0.06,10,28690,买盘
1282,13:13:30,28.63,-0.02,56,160328,卖盘
1283,13:13:27,28.65,-0.04,123,352395,卖盘
1284,13:13:24,28.69,0.04,23,65987,买盘
1285,13:13:21,28.65,-0.04,339,971235,卖盘
1286,13:13:15,28.69,-0.04,1394,4002054,卖盘
1287,13:13:09,28.73,0.01,2,5746,买盘
1288,13:13:00,28.72,--,23,66056,卖盘
1289,13:12:54,28.72,-0.03,71,203912,卖盘
1290,13:12:51,28.75,--,7,20125,买盘
1291,13:12:48,28.75,--,88,253000,卖盘
1292,13:12:45,28.75,--,10,28750,卖盘
1293,13:12:42,28.75,--,4,11500,卖盘
1294,13:12:30,28.75,--,60,172500,卖盘
1295,13:12:24,28.75,-0.01,38,109825,卖盘
1296,13:12:18,28.76,--,4,11504,买盘
1297,13:12:15,28.76,--,1,2876,买盘
1298,13:11:57,28.76,--,10,28760,买盘
1299,13:11:54,28.76,--,23,66148,买盘
1300,13:11:51,28.76,--,1,2876,买盘
1301,13:11:39,28.76,0.01,19,54644,买盘
1302,13:11:30,28.75,--,88,253000,卖盘
1303,13:11:24,28.75,-0.01,54,157550,卖盘
1304,13:11:21,28.76,--,10,28760,买盘
1305,13:11:18,28.76,--,12,34512,买盘
1306,13:11:12,28.76,--,45,131720,卖盘
1307,13:11:03,28.76,--,1,2876,卖盘
1308,13:11:00,28.76,-0.03,3,10353,卖盘
1309,13:10:57,28.79,0.03,16,46064,买盘
1310,13:10:54,28.76,-0.03,3,10353,中性盘
1311,13:10:48,28.79,0.04,2,5758,买盘
1312,13:10:45,28.75,-0.02,86,247250,卖盘
1313,13:10:39,28.77,-0.02,25,71925,卖盘
1314,13:10:36,28.79,--,3,8637,卖盘
1315,13:10:33,28.79,--,6,17274,卖盘
1316,13:10:27,28.79,--,4,11516,卖盘
1317,13:10:24,28.79,0.01,10,28790,中性盘
1318,13:10:21,28.78,-0.02,4,11512,卖盘
1319,13:10:18,28.8,0.02,2,5760,买盘
1320,13:10:15,28.78,-0.01,2,5756,卖盘
1321,13:10:06,28.79,0.01,1,2879,中性盘
1322,13:10:03,28.78,-0.02,4,11512,卖盘
1323,13:10:00,28.8,0.02,6,17280,买盘
1324,13:09:54,28.78,-0.02,49,141022,卖盘
1325,13:09:48,28.8,0.01,2,5760,买盘
1326,13:09:42,28.79,--,5,14395,卖盘
1327,13:09:33,28.79,-0.01,3,8637,卖盘
1328,13:09:24,28.8,--,28,80640,买盘
1329,13:09:21,28.8,--,4,11520,买盘
1330,13:09:18,28.8,--,2,5760,买盘
1331,13:09:12,28.8,-0.02,28,80640,卖盘
1332,13:09:09,28.82,0.02,4,11528,买盘
1333,13:09:06,28.8,--,27,77760,卖盘
1334,13:09:03,28.8,--,6,17280,卖盘
1335,13:08:57,28.8,-0.02,41,118080,中性盘
1336,13:08:48,28.82,--,8,23056,买盘
1337,13:08:45,28.82,0.03,8,23056,买盘
1338,13:08:42,28.79,--,3,8637,卖盘
1339,13:08:39,28.79,-0.01,12,34548,卖盘
1340,13:08:36,28.8,--,3,8640,卖盘
1341,13:08:30,28.8,--,10,28800,卖盘
1342,13:08:24,28.8,--,3,8640,中性盘
1343,13:08:18,28.8,0.01,11,31680,买盘
1344,13:08:12,28.79,--,2,5758,卖盘
1345,13:08:03,28.79,-0.03,3,8637,卖盘
1346,13:08:00,28.82,0.04,1,2882,买盘
1347,13:07:51,28.78,0.01,3,8634,卖盘
1348,13:07:45,28.77,-0.06,2,5754,卖盘
1349,13:07:39,28.83,0.06,1,2883,买盘
1350,13:07:36,28.77,--,4,11508,卖盘
1351,13:07:33,28.77,0.01,3,8631,卖盘
1352,13:07:18,28.76,-0.09,3,8628,卖盘
1353,13:07:12,28.85,--,5,14425,买盘
1354,13:07:09,28.85,0.07,8,23080,买盘
1355,13:07:03,28.78,0.05,1,2878,买盘
1356,13:07:00,28.73,-0.01,23,66079,卖盘
1357,13:06:57,28.74,-0.01,2,5748,卖盘
1358,13:06:54,28.75,--,32,92000,买盘
1359,13:06:48,28.75,--,14,40250,卖盘
1360,13:06:45,28.75,--,3,8625,卖盘
1361,13:06:36,28.75,--,3,8625,卖盘
1362,13:06:33,28.75,--,2,5750,卖盘
1363,13:06:24,28.75,-0.03,3,8625,中性盘
1364,13:06:21,28.78,0.04,1,2878,买盘
1365,13:06:12,28.74,--,3,8622,卖盘
1366,13:06:06,28.74,--,3,8622,卖盘
1367,13:06:03,28.74,--,26,74724,卖盘
1368,13:05:57,28.74,--,7,20118,卖盘
1369,13:05:54,28.74,--,3,8622,卖盘
1370,13:05:51,28.74,-0.01,26,74724,买盘
1371,13:05:45,28.75,-0.02,21,60375,卖盘
1372,13:05:42,28.77,-0.04,3,8631,卖盘
1373,13:05:39,28.81,--,18,51858,卖盘
1374,13:05:36,28.81,-0.04,2,5762,卖盘
1375,13:05:33,28.85,0.04,10,28850,买盘
1376,13:05:30,28.81,0.04,3,8643,中性盘
1377,13:05:21,28.77,--,3,8631,卖盘
1378,13:05:18,28.77,-0.03,53,152481,卖盘
1379,13:05:15,28.8,--,5,14400,卖盘
1380,13:05:12,28.8,--,52,149760,买盘
1381,13:05:09,28.8,0.01,4,11520,买盘
1382,13:04:54,28.79,--,29,83491,卖盘
1383,13:04:48,28.79,-0.01,6,17274,卖盘
1384,13:04:45,28.8,--,6,17280,买盘
1385,13:04:42,28.8,0.01,3,8640,买盘
1386,13:04:36,28.79,-0.01,2,5758,卖盘
1387,13:04:33,28.8,--,2,5760,买盘
1388,13:04:30,28.8,0.01,1,2880,买盘
1389,13:04:24,28.79,-0.01,26,74854,卖盘
1390,13:04:21,28.8,-0.01,84,241920,卖盘
1391,13:04:12,28.81,--,3,8643,卖盘
1392,13:04:00,28.81,-0.05,6,17286,卖盘
1393,13:03:54,28.86,--,1,2886,买盘
1394,13:03:51,28.86,0.06,14,40404,买盘
1395,13:03:48,28.8,-0.05,3,8640,卖盘
1396,13:03:42,28.85,0.05,3,8655,买盘
1397,13:03:39,28.8,--,3,8640,卖盘
1398,13:03:24,28.8,-0.06,3,8640,中性盘
1399,13:03:21,28.86,0.07,13,37518,买盘
1400,13:03:18,28.79,-0.07,3,8637,卖盘
1401,13:03:09,28.86,0.09,20,57720,买盘
1402,13:03:03,28.77,-0.02,2,5754,卖盘
1403,13:03:00,28.79,0.03,18,51822,买盘
1404,13:02:54,28.76,--,3,8628,卖盘
1405,13:02:51,28.76,-0.03,10,28760,卖盘
1406,13:02:48,28.79,0.03,3,8637,买盘
1407,13:02:42,28.76,--,4,11504,卖盘
1408,13:02:33,28.76,--,1,2876,卖盘
1409,13:02:30,28.76,0.04,3,8628,中性盘
1410,13:02:21,28.72,-0.07,30,86160,卖盘
1411,13:02:18,28.79,0.04,10,28790,买盘
1412,13:02:15,28.75,-0.04,203,583625,卖盘
1413,13:02:12,28.79,0.02,7,20153,买盘
1414,13:02:09,28.77,--,4,11508,卖盘
1415,13:02:06,28.77,--,3,8631,卖盘
1416,13:01:57,28.77,-0.01,3,8631,中性盘
1417,13:01:48,28.78,--,8,23024,买盘
1418,13:01:45,28.78,0.03,1,2878,买盘
1419,13:01:36,28.75,--,3,8625,卖盘
1420,13:01:30,28.75,--,10,28750,卖盘
1421,13:01:27,28.75,--,3,8625,卖盘
1422,13:01:15,28.75,-0.04,71,204125,卖盘
1423,13:01:12,28.79,0.04,3,8637,买盘
1424,13:01:09,28.75,--,26,74750,卖盘
1425,13:01:03,28.75,-0.01,218,626750,卖盘
1426,13:00:54,28.76,--,3,8628,卖盘
1427,13:00:42,28.76,-0.03,104,299104,卖盘
1428,13:00:39,28.79,-0.01,7,20153,买盘
1429,13:00:36,28.8,-0.04,42,120960,卖盘
1430,13:00:30,28.84,-0.01,35,100940,卖盘
1431,13:00:27,28.85,-0.01,28,80780,卖盘
1432,13:00:24,28.86,--,3,8658,卖盘
1433,13:00:21,28.86,0.01,1,2886,买盘
1434,13:00:12,28.85,--,3,8655,卖盘
1435,13:00:09,28.85,--,11,31735,卖盘
1436,13:00:06,28.85,--,516,1488660,卖盘
1437,13:00:03,28.85,0.01,155,447175,买盘
1438,13:00:00,28.84,--,0,0,卖盘
1439,11:30:00,28.84,--,26,74984,卖盘
1440,11:29:54,28.84,0.03,30,86520,买盘
1441,11:29:48,28.81,-0.01,3,8643,卖盘
1442,11:29:42,28.82,-0.02,197,567754,卖盘
1443,11:29:39,28.84,--,7,20188,卖盘
1444,11:29:30,28.84,--,2,5768,卖盘
1445,11:29:27,28.84,0.02,5,14420,买盘
1446,11:29:18,28.82,--,4,11528,卖盘
1447,11:29:15,28.82,--,3,8646,卖盘
1448,11:29:12,28.82,--,3,8646,卖盘
1449,11:29:09,28.82,-0.01,40,115280,卖盘
1450,11:29:06,28.83,--,4,11532,买盘
1451,11:29:03,28.83,0.01,1,2883,买盘
1452,11:29:00,28.82,-0.01,3,8646,中性盘
1453,11:28:54,28.83,0.02,10,28830,买盘
1454,11:28:45,28.81,-0.01,5,14405,卖盘
1455,11:28:42,28.82,0.01,2,5764,买盘
1456,11:28:30,28.81,--,5,14405,卖盘
1457,11:28:27,28.81,0.04,13,37453,买盘
1458,11:28:21,28.77,-0.05,3,8631,卖盘
1459,11:28:12,28.82,0.05,4,11528,买盘
1460,11:28:09,28.77,-0.06,3,8631,卖盘
1461,11:28:03,28.83,0.01,8,23064,买盘
1462,11:27:39,28.82,-0.01,1,2882,中性盘
1463,11:27:33,28.83,0.08,8,23064,买盘
1464,11:27:27,28.75,-0.08,2,5750,卖盘
1465,11:27:21,28.83,0.02,39,112437,买盘
1466,11:27:15,28.81,0.06,1,2881,买盘
1467,11:27:09,28.75,-0.07,98,281750,卖盘
1468,11:27:03,28.82,0.07,8,23056,买盘
1469,11:26:48,28.75,0.03,6,17250,卖盘
1470,11:26:39,28.72,-0.01,160,459520,卖盘
1471,11:26:33,28.73,-0.04,47,135031,卖盘
1472,11:26:24,28.77,-0.03,1,2877,买盘
1473,11:26:12,28.8,0.08,7,20160,卖盘
1474,11:26:09,28.72,-0.08,56,160832,卖盘
1475,11:26:06,28.8,0.04,189,544320,买盘
1476,11:26:03,28.76,-0.04,44,126544,卖盘
1477,11:25:57,28.8,--,45,129600,买盘
1478,11:25:54,28.8,0.01,1,2880,买盘
1479,11:25:45,28.79,-0.01,2,5758,卖盘
1480,11:25:33,28.8,--,2,5760,买盘
1481,11:25:30,28.8,0.01,1,2880,买盘
1482,11:25:27,28.79,--,6,17274,买盘
1483,11:25:06,28.79,--,29,83491,买盘
1484,11:25:03,28.79,--,1,2879,买盘
1485,11:25:00,28.79,--,1,2879,买盘
1486,11:24:48,28.79,0.05,8,23032,买盘
1487,11:24:36,28.74,-0.05,206,592044,卖盘
1488,11:24:33,28.79,--,3,8637,买盘
1489,11:24:15,28.79,--,26,74854,买盘
1490,11:24:03,28.79,--,2,5758,买盘
1491,11:24:00,28.79,0.04,7,20153,买盘
1492,11:23:57,28.75,--,33,94875,买盘
1493,11:23:45,28.75,--,74,212750,卖盘
1494,11:23:39,28.75,-0.04,46,132250,卖盘
1495,11:23:36,28.79,0.01,1,2879,买盘
1496,11:23:33,28.78,0.03,2,5756,中性盘
1497,11:23:21,28.75,-0.01,53,152375,卖盘
1498,11:23:15,28.76,-0.02,82,235832,卖盘
1499,11:23:12,28.78,--,4,11512,卖盘
1500,11:23:09,28.78,-0.01,25,71950,卖盘
1501,11:23:03,28.79,0.02,3,8637,买盘
1502,11:22:36,28.77,-0.02,5,14385,卖盘
1503,11:22:33,28.79,--,4,11516,买盘
1504,11:22:27,28.79,0.03,3,8637,买盘
1505,11:22:21,28.76,-0.03,12,34512,中性盘
1506,11:22:12,28.79,0.04,1,2879,买盘
1507,11:22:09,28.75,-0.05,2,5750,卖盘
1508,11:22:03,28.8,0.05,2,5760,买盘
1509,11:22:00,28.75,-0.05,3,8625,卖盘
1510,11:21:57,28.8,0.06,10,28800,买盘
1511,11:21:51,28.74,--,84,241416,卖盘
1512,11:21:48,28.74,--,3,8622,卖盘
1513,11:21:45,28.74,-0.06,47,135078,卖盘
1514,11:21:42,28.8,0.04,4,11520,买盘
1515,11:21:39,28.76,-0.04,2,5752,卖盘
1516,11:21:33,28.8,0.05,2,5760,买盘
1517,11:21:30,28.75,-0.03,53,152375,卖盘
1518,11:21:27,28.78,0.02,2,5756,卖盘
1519,11:21:24,28.76,0.02,232,667232,买盘
1520,11:21:21,28.74,-0.01,25,71850,卖盘
1521,11:21:18,28.75,-0.01,2,5750,卖盘
1522,11:21:15,28.76,--,24,69024,卖盘
1523,11:21:06,28.76,-0.04,25,71900,卖盘
1524,11:21:03,28.8,0.02,201,578880,买盘
1525,11:21:00,28.78,--,1,2878,卖盘
1526,11:20:57,28.78,0.01,8,23024,买盘
1527,11:20:54,28.77,-0.01,3,8631,卖盘
1528,11:20:45,28.78,0.01,2,5756,买盘
1529,11:20:42,28.77,-0.01,2,5754,卖盘
1530,11:20:39,28.78,0.03,8,23024,买盘
1531,11:20:36,28.75,-0.03,36,103500,卖盘
1532,11:20:33,28.78,0.04,4,11512,买盘
1533,11:20:27,28.74,-0.02,20,57480,卖盘
1534,11:20:24,28.76,0.02,5,14380,中性盘
1535,11:20:21,28.74,--,8,22992,卖盘
1536,11:20:18,28.74,--,27,77598,卖盘
1537,11:20:09,28.74,-0.03,2,5748,卖盘
1538,11:20:03,28.77,0.04,41,117957,买盘
1539,11:20:00,28.73,-0.01,2,5746,卖盘
1540,11:19:57,28.74,-0.01,46,132204,卖盘
1541,11:19:54,28.75,-0.02,401,1152875,卖盘
1542,11:19:51,28.77,--,48,138096,卖盘
1543,11:19:48,28.77,-0.05,12,34524,卖盘
1544,11:19:45,28.82,0.03,186,536052,买盘
1545,11:19:39,28.79,0.03,2,5758,买盘
1546,11:19:36,28.76,-0.03,56,161056,卖盘
1547,11:19:33,28.79,--,27,77733,买盘
1548,11:19:30,28.79,0.03,58,166982,买盘
1549,11:19:27,28.76,-0.03,3,8628,卖盘
1550,11:19:24,28.79,0.03,6,17274,买盘
1551,11:19:18,28.76,--,2,5752,卖盘
1552,11:19:15,28.76,-0.03,24,69024,卖盘
1553,11:19:09,28.79,-0.03,3,8637,卖盘
1554,11:19:03,28.82,0.02,11,31702,买盘
1555,11:18:57,28.8,0.01,42,120960,买盘
1556,11:18:54,28.79,--,2,5758,卖盘
1557,11:18:45,28.79,--,50,143950,卖盘
1558,11:18:42,28.79,-0.01,5,14395,卖盘
1559,11:18:33,28.8,0.01,53,152640,买盘
1560,11:18:30,28.79,--,5,14395,卖盘
1561,11:18:27,28.79,0.01,19,54701,买盘
1562,11:18:24,28.78,--,9,25902,卖盘
1563,11:18:21,28.78,-0.01,2,5756,卖盘
1564,11:18:18,28.79,0.01,9,25911,买盘
1565,11:18:09,28.78,-0.02,2,5756,卖盘
1566,11:18:06,28.8,--,9,25920,买盘
1567,11:18:03,28.8,--,88,253440,买盘
1568,11:18:00,28.8,0.01,5,14400,买盘
1569,11:17:57,28.79,0.02,28,80612,中性盘
1570,11:17:54,28.77,-0.01,46,132342,卖盘
1571,11:17:51,28.78,--,2,5756,卖盘
1572,11:17:48,28.78,--,1,2878,卖盘
1573,11:17:42,28.78,-0.04,79,227362,卖盘
1574,11:17:39,28.82,0.02,3,8646,中性盘
1575,11:17:36,28.8,-0.03,57,164160,卖盘
1576,11:17:33,28.83,0.02,10,28830,买盘
1577,11:17:30,28.81,0.01,1,2881,卖盘
1578,11:17:27,28.8,--,2,5760,卖盘
1579,11:17:21,28.8,--,23,66240,卖盘
1580,11:17:15,28.8,--,1,2880,卖盘
1581,11:17:12,28.8,-0.04,502,1445760,卖盘
1582,11:17:09,28.84,0.01,3,8652,买盘
1583,11:17:06,28.83,--,3,8649,卖盘
1584,11:17:03,28.83,--,21,60543,卖盘
1585,11:17:00,28.83,-0.01,10,28830,中性盘
1586,11:16:54,28.84,0.02,2,5768,买盘
1587,11:16:51,28.82,--,4,11528,卖盘
1588,11:16:42,28.82,-0.02,2,5764,卖盘
1589,11:16:36,28.84,--,8,23072,买盘
1590,11:16:33,28.84,0.02,2,5768,买盘
1591,11:16:30,28.82,0.02,3,8646,中性盘
1592,11:16:18,28.8,-0.04,2,5760,卖盘
1593,11:16:15,28.84,0.04,4,11536,买盘
1594,11:16:12,28.8,--,3,8640,卖盘
1595,11:16:09,28.8,-0.03,84,241920,卖盘
1596,11:16:06,28.83,-0.02,2,5766,卖盘
1597,11:16:03,28.85,0.01,49,141365,买盘
1598,11:16:00,28.84,--,2,5768,卖盘
1599,11:15:57,28.84,0.01,3,8652,买盘
1600,11:15:51,28.83,-0.02,25,72075,卖盘
1601,11:15:48,28.85,0.02,58,167330,中性盘
1602,11:15:45,28.83,-0.01,2,5766,卖盘
1603,11:15:42,28.84,-0.02,56,161504,卖盘
1604,11:15:36,28.86,--,4,11544,买盘
1605,11:15:33,28.86,--,25,72150,买盘
1606,11:15:27,28.86,--,105,303030,卖盘
1607,11:15:24,28.86,--,3,8658,卖盘
1608,11:15:18,28.86,--,2,5772,卖盘
1609,11:15:15,28.86,--,27,77922,卖盘
1610,11:15:09,28.86,-0.01,50,144300,卖盘
1611,11:15:03,28.87,0.01,15,43305,买盘
1612,11:15:00,28.86,0.01,4,11544,买盘
1613,11:14:57,28.85,-0.01,155,447175,卖盘
1614,11:14:54,28.86,--,13,37518,买盘
1615,11:14:48,28.86,0.01,21,60606,买盘
1616,11:14:42,28.85,--,15,43275,卖盘
1617,11:14:36,28.85,--,3,8655,卖盘
1618,11:14:33,28.85,--,3,8885,卖盘
1619,11:14:30,28.85,-0.01,1,2885,中性盘
1620,11:14:24,28.86,--,10,28860,买盘
1621,11:14:18,28.86,0.02,2,5772,买盘
1622,11:14:15,28.84,-0.01,89,256676,卖盘
1623,11:14:12,28.85,--,1,2885,卖盘
1624,11:14:09,28.85,-0.01,46,132710,卖盘
1625,11:14:03,28.86,0.01,27,77922,买盘
1626,11:14:00,28.85,-0.01,2,5770,卖盘
1627,11:13:57,28.86,--,44,126984,买盘
1628,11:13:54,28.86,0.01,9,25974,买盘
1629,11:13:51,28.85,--,143,412555,卖盘
1630,11:13:48,28.85,--,42,121170,卖盘
1631,11:13:45,28.85,--,23,66355,卖盘
1632,11:13:39,28.85,-0.01,2,5770,卖盘
1633,11:13:33,28.86,0.01,2,5772,买盘
1634,11:13:27,28.85,-0.01,51,147135,卖盘
1635,11:13:24,28.86,--,11,31746,买盘
1636,11:13:21,28.86,-0.01,63,181818,卖盘
1637,11:13:18,28.87,-0.01,3,8661,卖盘
1638,11:13:15,28.88,0.02,6,17328,买盘
1639,11:13:09,28.86,-0.01,2,5772,卖盘
1640,11:13:06,28.87,--,2,5774,买盘
1641,11:13:03,28.87,0.01,1,2887,买盘
1642,11:13:00,28.86,-0.01,20,57720,卖盘
1643,11:12:57,28.87,--,44,127028,买盘
1644,11:12:48,28.87,0.01,1,2887,买盘
1645,11:12:45,28.86,--,2,5772,卖盘
1646,11:12:42,28.86,-0.01,3,8658,卖盘
1647,11:12:36,28.87,--,40,115480,买盘
1648,11:12:33,28.87,0.01,5,14435,买盘
1649,11:12:30,28.86,0.01,5,14430,中性盘
1650,11:12:24,28.85,--,4,11540,卖盘
1651,11:12:21,28.85,--,3,8655,卖盘
1652,11:12:18,28.85,-0.01,131,377935,卖盘
1653,11:12:12,28.86,-0.01,28,80808,卖盘
1654,11:12:09,28.87,--,1,2887,买盘
1655,11:12:06,28.87,--,5,14435,买盘
1656,11:12:03,28.87,--,3,8661,买盘
1657,11:12:00,28.87,0.01,3,8661,买盘
1658,11:11:57,28.86,0.01,14,40404,买盘
1659,11:11:54,28.85,--,136,392360,卖盘
1660,11:11:48,28.85,-0.01,8,23080,卖盘
1661,11:11:39,28.86,-0.01,2,5772,卖盘
1662,11:11:33,28.87,-0.02,9,25983,卖盘
1663,11:11:30,28.89,0.01,1,2889,买盘
1664,11:11:27,28.88,0.01,41,118408,买盘
1665,11:11:24,28.87,--,3,8661,卖盘
1666,11:11:21,28.87,0.02,10,28870,卖盘
1667,11:11:18,28.85,-0.02,5,14425,卖盘
1668,11:11:15,28.87,-0.01,2,5774,卖盘
1669,11:11:12,28.88,0.01,14,40432,买盘
1670,11:11:09,28.87,-0.01,1,2887,买盘
1671,11:11:06,28.88,0.03,1,2888,买盘
1672,11:11:03,28.85,-0.03,8,23080,卖盘
1673,11:10:57,28.88,0.01,44,127072,买盘
1674,11:10:54,28.87,0.02,17,49079,买盘
1675,11:10:51,28.85,-0.02,19,54815,卖盘
1676,11:10:48,28.87,--,10,28870,卖盘
1677,11:10:45,28.87,--,10,28870,卖盘
1678,11:10:42,28.87,-0.01,2,5774,卖盘
1679,11:10:33,28.88,--,6,17328,买盘
1680,11:10:30,28.88,0.01,2,5776,买盘
1681,11:10:27,28.87,0.02,15,43305,中性盘
1682,11:10:24,28.85,-0.04,157,452945,卖盘
1683,11:10:21,28.89,0.03,2,5778,买盘
1684,11:10:18,28.86,-0.04,2,5772,卖盘
1685,11:10:09,28.9,0.01,22,63580,买盘
1686,11:10:06,28.89,-0.01,11,31779,卖盘
1687,11:10:03,28.9,0.01,62,179180,买盘
1688,11:10:00,28.89,--,2,5778,卖盘
1689,11:09:57,28.89,0.02,78,225342,中性盘
1690,11:09:51,28.87,-0.03,3,8661,卖盘
1691,11:09:45,28.9,--,2,5780,买盘
1692,11:09:39,28.9,--,18,53465,卖盘
1693,11:09:36,28.9,--,253,731170,卖盘
1694,11:09:33,28.9,-0.01,359,1037510,卖盘
1695,11:09:30,28.91,--,25,72275,买盘
1696,11:09:27,28.91,0.01,97,280427,买盘
1697,11:09:21,28.9,--,3,8670,卖盘
1698,11:09:18,28.9,--,3,8670,卖盘
1699,11:09:06,28.9,-0.01,51,147390,卖盘
1700,11:09:03,28.91,--,3,8673,卖盘
1701,11:08:57,28.91,0.01,28,80948,买盘
1702,11:08:54,28.9,-0.01,7,20230,卖盘
1703,11:08:48,28.91,0.01,1,2891,买盘
1704,11:08:45,28.9,--,1,2890,卖盘
1705,11:08:42,28.9,--,50,144500,卖盘
1706,11:08:39,28.9,-0.02,3,8670,卖盘
1707,11:08:33,28.92,0.01,58,167736,买盘
1708,11:08:30,28.91,--,106,306446,卖盘
1709,11:08:27,28.91,0.01,25,73720,买盘
1710,11:08:24,28.9,-0.01,10,28900,卖盘
1711,11:08:21,28.91,0.01,12,34692,买盘
1712,11:08:18,28.9,-0.02,10,28900,卖盘
1713,11:08:15,28.92,0.02,1,2892,买盘
1714,11:08:06,28.9,-0.02,60,173400,卖盘
1715,11:08:03,28.92,0.01,87,251604,买盘
1716,11:08:00,28.91,--,3,8673,卖盘
1717,11:07:57,28.91,0.01,21,60711,买盘
1718,11:07:51,28.9,--,3,8670,卖盘
1719,11:07:48,28.9,0.01,64,184960,买盘
1720,11:07:45,28.89,--,1,2889,买盘
1721,11:07:42,28.89,0.01,4,11556,买盘
1722,11:07:36,28.88,0.02,2,5776,买盘
1723,11:07:33,28.86,-0.03,53,152958,卖盘
1724,11:07:27,28.89,0.01,18,52002,中性盘
1725,11:07:24,28.88,-0.01,402,1160976,卖盘
1726,11:07:18,28.89,--,2,5778,卖盘
1727,11:07:15,28.89,--,20,57780,卖盘
1728,11:07:12,28.89,--,22,63558,卖盘
1729,11:07:09,28.89,-0.01,2,5778,卖盘
1730,11:07:06,28.9,--,22,63580,买盘
1731,11:07:03,28.9,--,1,2890,买盘
1732,11:07:00,28.9,--,8,23120,买盘
1733,11:06:57,28.9,--,1,2890,买盘
1734,11:06:48,28.9,0.04,6,17340,买盘
1735,11:06:42,28.86,-0.04,46,132756,卖盘
1736,11:06:36,28.9,--,184,531760,买盘
1737,11:06:33,28.9,0.03,4,11560,买盘
1738,11:06:30,28.87,-0.02,16,46192,卖盘
1739,11:06:27,28.89,--,2,5778,卖盘
1740,11:06:24,28.89,-0.02,1,2889,中性盘
1741,11:06:18,28.91,0.03,145,419195,买盘
1742,11:06:15,28.88,0.01,11,31768,买盘
1743,11:06:12,28.87,-0.01,46,135400,卖盘
1744,11:06:09,28.88,-0.03,77,222376,卖盘
1745,11:06:06,28.91,--,34,98583,买盘
1746,11:06:03,28.91,0.01,12,34692,买盘
1747,11:05:57,28.9,-0.01,11,31790,中性盘
1748,11:05:51,28.91,0.01,23,66493,买盘
1749,11:05:48,28.9,--,21,60690,买盘
1750,11:05:45,28.9,--,19,54910,买盘
1751,11:05:39,28.9,-0.01,24,69360,卖盘
1752,11:05:36,28.91,--,5,14455,买盘
1753,11:05:33,28.91,0.01,6,17346,买盘
1754,11:05:30,28.9,--,2,5780,卖盘
1755,11:05:27,28.9,--,54,156060,卖盘
1756,11:05:24,28.9,--,27,78030,卖盘
1757,11:05:21,28.9,--,139,401710,卖盘
1758,11:05:18,28.9,--,109,315010,卖盘
1759,11:05:15,28.9,0.04,192,554880,买盘
1760,11:05:09,28.86,--,52,150072,卖盘
1761,11:05:06,28.86,-0.03,2,5772,卖盘
1762,11:05:03,28.89,0.03,1,2889,买盘
1763,11:05:00,28.86,-0.03,50,144300,卖盘
1764,11:04:54,28.89,0.04,3,8667,买盘
1765,11:04:48,28.85,-0.04,72,207720,卖盘
1766,11:04:45,28.89,0.01,7,21956,买盘
1767,11:04:42,28.88,-0.01,93,269739,卖盘
1768,11:04:39,28.89,--,9,26001,卖盘
1769,11:04:36,28.89,--,12,34668,卖盘
1770,11:04:33,28.89,--,84,244409,买盘
1771,11:04:27,28.89,--,44,127116,买盘
1772,11:04:24,28.89,--,6,17334,买盘
1773,11:04:21,28.89,--,156,451839,卖盘
1774,11:04:18,28.89,--,110,317790,卖盘
1775,11:04:15,28.89,-0.01,38,109782,卖盘
1776,11:04:12,28.9,0.01,20,57800,买盘
1777,11:04:09,28.89,-0.03,501,1447389,卖盘
1778,11:04:06,28.92,0.01,19,54948,买盘
1779,11:04:03,28.91,--,21,60711,卖盘
1780,11:04:00,28.91,--,16,46256,买盘
1781,11:03:57,28.91,0.01,100,289100,买盘
1782,11:03:51,28.9,--,5,14450,卖盘
1783,11:03:48,28.9,-0.01,1,2890,卖盘
1784,11:03:45,28.91,--,4,11564,买盘
1785,11:03:42,28.91,--,6,17346,买盘
1786,11:03:39,28.91,-0.02,5,14455,中性盘
1787,11:03:36,28.93,0.01,253,731929,买盘
1788,11:03:33,28.92,0.01,2,5784,买盘
1789,11:03:30,28.91,-0.01,3,8673,中性盘
1790,11:03:27,28.92,0.01,53,155011,买盘
1791,11:03:24,28.91,0.01,10,28910,买盘
1792,11:03:21,28.9,-0.01,23,66470,卖盘
1793,11:03:18,28.91,-0.01,20,57820,卖盘
1794,11:03:15,28.92,--,5,14460,买盘
1795,11:03:12,28.92,--,15,43380,买盘
1796,11:03:09,28.92,0.01,127,367284,买盘
1797,11:03:06,28.91,-0.01,38,109858,卖盘
1798,11:03:03,28.92,0.01,3,8676,买盘
1799,11:03:00,28.91,--,11,31801,卖盘
1800,11:02:57,28.91,--,35,101185,买盘
1801,11:02:54,28.91,0.01,57,164787,买盘
1802,11:02:51,28.9,-0.01,9,26010,卖盘
1803,11:02:48,28.91,0.01,85,245735,买盘
1804,11:02:45,28.9,--,10,28900,卖盘
1805,11:02:42,28.9,--,5,14450,卖盘
1806,11:02:39,28.9,-0.01,59,170510,卖盘
1807,11:02:33,28.91,--,4,11564,买盘
1808,11:02:30,28.91,-0.01,11,31801,中性盘
1809,11:02:27,28.92,--,46,133032,买盘
1810,11:02:24,28.92,--,140,404880,买盘
1811,11:02:21,28.92,0.01,107,309444,买盘
1812,11:02:18,28.91,-0.01,2,5782,卖盘
1813,11:02:15,28.92,--,5,14460,买盘
1814,11:02:12,28.92,-0.01,1,2892,中性盘
1815,11:02:06,28.93,--,44,127292,卖盘
1816,11:02:03,28.93,--,40,115720,卖盘
1817,11:02:00,28.93,-0.01,26,75218,卖盘
1818,11:01:57,28.94,--,53,153382,买盘
1819,11:01:54,28.94,0.01,30,86820,中性盘
1820,11:01:51,28.93,-0.02,2,5786,卖盘
1821,11:01:48,28.95,0.04,5,14475,买盘
1822,11:01:45,28.91,0.01,9,26019,中性盘
1823,11:01:39,28.9,-0.01,10,28900,卖盘
1824,11:01:36,28.91,-0.04,50,144550,卖盘
1825,11:01:33,28.95,--,7,20265,买盘
1826,11:01:30,28.95,--,22,63690,卖盘
1827,11:01:27,28.95,--,133,385035,卖盘
1828,11:01:24,28.95,-0.01,142,411090,卖盘
1829,11:01:21,28.96,0.01,80,231680,买盘
1830,11:01:18,28.95,--,6,17370,卖盘
1831,11:01:15,28.95,--,7,20265,卖盘
1832,11:01:12,28.95,--,231,668745,买盘
1833,11:01:09,28.95,--,28,81060,买盘
1834,11:01:06,28.95,--,39,112905,买盘
1835,11:01:03,28.95,--,28,81060,买盘
1836,11:01:00,28.95,--,57,165015,买盘
1837,11:00:57,28.95,-0.01,66,191070,买盘
1838,11:00:54,28.96,--,214,619744,卖盘
1839,11:00:51,28.96,--,94,272224,卖盘
1840,11:00:48,28.96,--,295,854320,买盘
1841,11:00:45,28.96,0.08,420,1216320,买盘
1842,11:00:42,28.88,-0.01,271,782648,卖盘
1843,11:00:39,28.89,-0.01,53,153117,卖盘
1844,11:00:36,28.9,0.02,339,979710,买盘
1845,11:00:33,28.88,--,150,433200,卖盘
1846,11:00:30,28.88,-0.01,1,2888,卖盘
1847,11:00:27,28.89,0.01,82,236898,买盘
1848,11:00:24,28.88,--,5,14440,买盘
1849,11:00:21,28.88,--,2,5776,买盘
1850,11:00:15,28.88,0.01,57,164616,买盘
1851,11:00:12,28.87,--,4,11548,买盘
1852,11:00:09,28.87,0.01,2,5774,买盘
1853,11:00:06,28.86,0.01,117,337662,买盘
1854,11:00:03,28.85,--,27,77895,买盘
1855,11:00:00,28.85,--,23,66355,买盘
1856,10:59:57,28.85,--,43,124055,买盘
1857,10:59:51,28.85,--,2,5770,买盘
1858,10:59:48,28.85,0.01,8,23080,买盘
1859,10:59:42,28.84,--,5,14420,卖盘
1860,10:59:39,28.84,0.02,205,591220,买盘
1861,10:59:36,28.82,-0.01,9,25938,卖盘
1862,10:59:33,28.83,0.05,2,5766,买盘
1863,10:59:18,28.78,-0.05,27,77706,卖盘
1864,10:59:15,28.83,0.03,11,31712,买盘
1865,10:59:12,28.8,-0.01,15,43200,中性盘
1866,10:59:06,28.81,0.01,20,57620,买盘
1867,10:59:03,28.8,--,2,5760,卖盘
1868,10:59:00,28.8,--,10,28800,卖盘
1869,10:58:57,28.8,--,4,11520,买盘
1870,10:58:54,28.8,--,1,2880,卖盘
1871,10:58:51,28.8,0.03,4,11520,买盘
1872,10:58:45,28.77,-0.03,2,5754,卖盘
1873,10:58:42,28.8,0.03,6,17280,买盘
1874,10:58:36,28.77,-0.04,46,132342,卖盘
1875,10:58:33,28.81,0.01,2,5762,买盘
1876,10:58:30,28.8,--,11,31680,买盘
1877,10:58:27,28.8,0.04,6,17280,买盘
1878,10:58:18,28.76,0.01,1,2876,中性盘
1879,10:58:12,28.75,-0.02,84,241500,卖盘
1880,10:58:09,28.77,0.01,1,2877,中性盘
1881,10:58:06,28.76,-0.04,23,66148,卖盘
1882,10:58:03,28.8,0.03,2,5760,买盘
1883,10:58:00,28.77,--,20,57540,卖盘
1884,10:57:57,28.77,--,8,23016,买盘
1885,10:57:54,28.77,--,2,5754,买盘
1886,10:57:51,28.77,0.01,7,20139,买盘
1887,10:57:48,28.76,-0.01,10,28760,卖盘
1888,10:57:33,28.77,-0.03,94,270438,卖盘
1889,10:57:30,28.8,--,6,17280,卖盘
1890,10:57:27,28.8,--,43,123840,买盘
1891,10:57:21,28.8,--,10,28800,买盘
1892,10:57:12,28.8,0.01,8,23040,买盘
1893,10:57:09,28.79,-0.01,10,28790,卖盘
1894,10:57:06,28.8,--,1,2880,买盘
1895,10:57:03,28.8,--,8,23040,买盘
1896,10:57:00,28.8,--,17,48960,买盘
1897,10:56:57,28.8,--,44,126720,买盘
1898,10:56:54,28.8,--,12,34560,买盘
1899,10:56:48,28.8,-0.03,81,233280,卖盘
1900,10:56:45,28.83,0.03,3,8649,买盘
1901,10:56:42,28.8,-0.03,31,89280,卖盘
1902,10:56:36,28.83,--,4,11532,买盘
1903,10:56:33,28.83,0.03,2,5766,买盘
1904,10:56:27,28.8,0.01,87,250560,买盘
1905,10:56:21,28.79,--,12,34548,卖盘
1906,10:56:15,28.79,-0.01,5,14395,卖盘
1907,10:56:12,28.8,--,27,77760,买盘
1908,10:56:09,28.8,-0.04,1,2880,中性盘
1909,10:56:06,28.84,--,3,8652,买盘
1910,10:56:03,28.84,--,81,233604,买盘
1911,10:55:57,28.84,--,352,1015168,买盘
1912,10:55:54,28.84,0.01,1,2884,买盘
1913,10:55:51,28.83,0.04,403,1161849,买盘
1914,10:55:48,28.79,--,20,57580,买盘
1915,10:55:45,28.79,--,6,17274,买盘
1916,10:55:42,28.79,--,11,31669,买盘
1917,10:55:39,28.79,--,14,40306,买盘
1918,10:55:33,28.79,--,2,5758,买盘
1919,10:55:24,28.79,0.03,7,20153,买盘
1920,10:55:15,28.76,-0.03,18,51768,卖盘
1921,10:55:09,28.79,--,4,11516,买盘
1922,10:55:03,28.79,0.03,1,2879,买盘
1923,10:54:57,28.76,0.01,5,14380,中性盘
1924,10:54:51,28.75,-0.04,1,2875,卖盘
1925,10:54:33,28.79,--,2,5758,买盘
1926,10:54:30,28.79,0.06,8,23032,中性盘
1927,10:54:24,28.73,-0.11,1,2873,中性盘
1928,10:54:15,28.84,0.14,195,562380,买盘
1929,10:54:09,28.7,--,579,1661930,买盘
1930,10:54:03,28.7,--,17,48790,买盘
1931,10:54:00,28.7,--,10,28700,买盘
1932,10:53:57,28.7,--,5,14350,买盘
1933,10:53:54,28.7,--,5,14350,买盘
1934,10:53:51,28.7,0.05,474,1360380,买盘
1935,10:53:48,28.65,--,34,97410,买盘
1936,10:53:45,28.65,-0.05,129,369585,卖盘
1937,10:53:42,28.7,--,135,387450,买盘
1938,10:53:39,28.7,--,20,57400,买盘
1939,10:53:36,28.7,-0.17,601,1727539,卖盘
1940,10:53:33,28.87,0.01,78,225186,买盘
1941,10:53:30,28.86,0.05,300,866002,买盘
1942,10:53:27,28.81,-0.04,124,357244,中性盘
1943,10:53:21,28.85,0.04,437,1260745,买盘
1944,10:53:18,28.81,0.01,10,28810,买盘
1945,10:53:15,28.8,--,3,8640,卖盘
1946,10:53:12,28.8,-0.01,5,14400,卖盘
1947,10:53:09,28.81,0.01,10,28810,买盘
1948,10:53:06,28.8,--,2,5760,卖盘
1949,10:53:03,28.8,--,11,31680,卖盘
1950,10:52:57,28.8,0.01,109,313920,买盘
1951,10:52:54,28.79,--,1,2879,卖盘
1952,10:52:51,28.79,--,11,31669,卖盘
1953,10:52:48,28.79,--,6,17274,卖盘
1954,10:52:45,28.79,--,23,66217,卖盘
1955,10:52:42,28.79,--,20,57580,卖盘
1956,10:52:33,28.79,--,29,83491,买盘
1957,10:52:30,28.79,0.04,4,11516,买盘
1958,10:52:27,28.75,-0.02,112,322000,卖盘
1959,10:52:24,28.77,0.02,3,8631,卖盘
1960,10:52:21,28.75,-0.02,100,287500,卖盘
1961,10:52:18,28.77,--,4,11508,卖盘
1962,10:52:15,28.77,0.01,26,74802,中性盘
1963,10:52:09,28.76,-0.01,61,175436,卖盘
1964,10:52:06,28.77,-0.02,30,86310,卖盘
1965,10:52:03,28.79,0.01,8,23032,买盘
1966,10:52:00,28.78,0.03,126,362628,买盘
1967,10:51:57,28.75,-0.01,8,23000,卖盘
1968,10:51:54,28.76,--,305,877180,买盘
1969,10:51:51,28.76,0.01,21,60396,买盘
1970,10:51:45,28.75,--,12,34500,卖盘
1971,10:51:39,28.75,-0.01,1,2875,卖盘
1972,10:51:33,28.76,--,10,28760,买盘
1973,10:51:30,28.76,--,14,40264,买盘
1974,10:51:27,28.76,0.01,16,46016,买盘
1975,10:51:21,28.75,0.01,13,37375,买盘
1976,10:51:18,28.74,--,9,25866,卖盘
1977,10:51:15,28.74,-0.01,41,117834,卖盘
1978,10:51:12,28.75,--,33,94875,买盘
1979,10:51:06,28.75,--,7,20125,买盘
1980,10:51:03,28.75,0.01,1,2875,买盘
1981,10:51:00,28.74,--,7,20118,卖盘
1982,10:50:57,28.74,-0.01,20,57480,买盘
1983,10:50:54,28.75,--,26,74750,买盘
1984,10:50:51,28.75,0.03,30,86250,买盘
1985,10:50:45,28.72,-0.03,118,338896,卖盘
1986,10:50:39,28.75,--,59,169625,买盘
1987,10:50:33,28.75,--,126,362250,买盘
1988,10:50:30,28.75,--,7,20125,买盘
1989,10:50:27,28.75,--,77,221375,买盘
1990,10:50:24,28.75,--,1,2875,买盘
1991,10:50:21,28.75,0.01,45,129375,买盘
1992,10:50:15,28.74,--,125,359250,卖盘
1993,10:50:12,28.74,-0.01,9,25866,卖盘
1994,10:50:09,28.75,0.01,78,224250,买盘
1995,10:50:06,28.74,-0.01,15,43110,卖盘
1996,10:50:03,28.75,0.01,5,14375,买盘
1997,10:50:00,28.74,--,18,51732,卖盘
1998,10:49:57,28.74,-0.01,8,22992,卖盘
1999,10:49:54,28.75,0.01,51,146625,买盘
2000,10:49:51,28.74,0.01,6,17244,买盘
2001,10:49:36,28.73,--,2,5746,买盘
2002,10:49:33,28.73,0.01,14,40222,买盘
2003,10:49:30,28.72,--,2,5744,卖盘
2004,10:49:27,28.72,0.03,29,83288,买盘
2005,10:49:15,28.69,-0.01,11,31559,卖盘
2006,10:49:12,28.7,--,2,5740,买盘
2007,10:49:09,28.7,0.01,33,94710,买盘
2008,10:49:06,28.69,--,6,17214,买盘
2009,10:49:03,28.69,--,1,2869,买盘
2010,10:48:45,28.69,--,1,2869,买盘
2011,10:48:33,28.69,0.07,2,5738,买盘
2012,10:48:21,28.62,--,8,22896,卖盘
2013,10:48:15,28.62,-0.01,20,57240,卖盘
2014,10:48:12,28.63,--,29,83027,卖盘
2015,10:48:09,28.63,-0.02,109,312067,卖盘
2016,10:48:06,28.65,-0.04,127,363855,卖盘
2017,10:48:03,28.69,0.01,2,5738,买盘
2018,10:48:00,28.68,0.06,61,174948,买盘
2019,10:47:45,28.62,--,9,25758,卖盘
2020,10:47:39,28.62,-0.05,34,97308,卖盘
2021,10:47:36,28.67,0.04,11,31537,买盘
2022,10:47:33,28.63,--,34,97342,卖盘
2023,10:47:18,28.63,-0.04,5,14315,卖盘
2024,10:47:12,28.67,--,6,17202,买盘
2025,10:47:09,28.67,--,12,34404,买盘
2026,10:47:03,28.67,0.05,2,5734,买盘
2027,10:46:57,28.62,-0.01,12,34344,卖盘
2028,10:46:51,28.63,--,56,160328,卖盘
2029,10:46:45,28.63,--,35,100205,买盘
2030,10:46:42,28.63,0.01,1,2863,买盘
2031,10:46:39,28.62,--,26,74412,卖盘
2032,10:46:36,28.62,-0.01,5,14310,卖盘
2033,10:46:33,28.63,--,107,306341,买盘
2034,10:46:30,28.63,--,34,97342,卖盘
2035,10:46:27,28.63,-0.07,65,186095,卖盘
2036,10:46:21,28.7,0.02,300,861000,买盘
2037,10:46:18,28.68,--,3,8604,买盘
2038,10:46:12,28.68,--,6,17208,买盘
2039,10:46:09,28.68,0.01,1,2868,买盘
2040,10:46:06,28.67,--,14,40138,买盘
2041,10:46:03,28.67,0.04,3,8601,买盘
2042,10:46:00,28.63,-0.04,36,103068,卖盘
2043,10:45:54,28.67,0.04,3,8601,买盘
2044,10:45:42,28.63,-0.04,1,2863,卖盘
2045,10:45:39,28.67,0.04,31,88877,买盘
2046,10:45:36,28.63,0.01,2,5726,买盘
2047,10:45:33,28.62,--,126,360612,卖盘
2048,10:45:27,28.62,-0.01,38,108756,卖盘
2049,10:45:24,28.63,-0.01,23,65849,卖盘
2050,10:45:21,28.64,0.01,71,203344,买盘
2051,10:45:18,28.63,-0.06,91,260533,卖盘
2052,10:45:12,28.69,0.02,319,915211,买盘
2053,10:45:06,28.67,--,13,37271,买盘
2054,10:45:03,28.67,--,1,2867,买盘
2055,10:44:51,28.67,0.04,5,14335,买盘
2056,10:44:39,28.63,-0.04,10,28630,卖盘
2057,10:44:33,28.67,0.03,44,126148,买盘
2058,10:44:27,28.64,0.01,2,5728,买盘
2059,10:44:24,28.63,--,3,8589,卖盘
2060,10:44:12,28.63,-0.02,5,14315,卖盘
2061,10:44:09,28.65,-0.03,13,37245,卖盘
2062,10:44:06,28.68,0.03,3,8604,买盘
2063,10:44:03,28.65,0.01,3,8595,卖盘
2064,10:43:57,28.64,--,6,17184,卖盘
2065,10:43:54,28.64,--,15,42960,卖盘
2066,10:43:51,28.64,-0.01,18,51552,卖盘
2067,10:43:48,28.65,-0.03,8,22920,卖盘
2068,10:43:45,28.68,0.01,4,11472,买盘
2069,10:43:42,28.67,0.02,11,31537,买盘
2070,10:43:36,28.65,-0.02,16,45840,卖盘
2071,10:43:33,28.67,0.02,16,45872,买盘
2072,10:43:30,28.65,0.02,46,131790,买盘
2073,10:43:21,28.63,--,7,20041,卖盘
2074,10:43:18,28.63,0.02,16,45808,卖盘
2075,10:43:15,28.61,--,14,40054,卖盘
2076,10:43:12,28.61,-0.01,26,74386,卖盘
2077,10:43:09,28.62,--,81,231822,卖盘
2078,10:43:06,28.62,-0.03,100,286200,卖盘
2079,10:43:03,28.65,0.02,1,2865,买盘
2080,10:43:00,28.63,0.01,14,40082,中性盘
2081,10:42:54,28.62,-0.03,56,160272,卖盘
2082,10:42:48,28.65,--,139,398235,买盘
2083,10:42:45,28.65,0.03,5,14325,买盘
2084,10:42:42,28.62,-0.03,226,646812,卖盘
2085,10:42:39,28.65,0.01,6,17190,买盘
2086,10:42:36,28.64,-0.05,100,286400,卖盘
2087,10:42:33,28.69,0.01,2,5738,买盘
2088,10:42:30,28.68,0.03,489,1405233,买盘
2089,10:42:27,28.65,-0.02,11,31515,卖盘
2090,10:42:21,28.67,-0.01,25,71675,卖盘
2091,10:42:09,28.68,--,13,37284,买盘
2092,10:42:03,28.68,0.01,7,20076,买盘
2093,10:41:57,28.67,0.01,14,40138,买盘
2094,10:41:54,28.66,--,3,8598,卖盘
2095,10:41:51,28.66,--,2,5732,卖盘
2096,10:41:45,28.66,-0.01,13,37258,卖盘
2097,10:41:42,28.67,0.01,3,8601,中性盘
2098,10:41:39,28.66,-0.02,60,171960,卖盘
2099,10:41:36,28.68,0.02,1,2868,买盘
2100,10:41:33,28.66,-0.02,44,126104,卖盘
2101,10:41:30,28.68,--,8,22944,买盘
2102,10:41:24,28.68,--,9,25812,买盘
2103,10:41:18,28.68,--,7,20076,买盘
2104,10:41:15,28.68,--,9,25812,买盘
2105,10:41:12,28.68,-0.01,33,94644,卖盘
2106,10:41:09,28.69,0.01,13,37297,买盘
2107,10:41:06,28.68,-0.01,2,5736,卖盘
2108,10:41:03,28.69,0.01,1,2869,买盘
2109,10:40:57,28.68,0.02,9,25812,买盘
2110,10:40:45,28.66,--,14,40124,卖盘
2111,10:40:39,28.66,-0.02,46,131836,卖盘
2112,10:40:36,28.68,--,1,2868,买盘
2113,10:40:33,28.68,--,18,51624,买盘
2114,10:40:27,28.68,0.01,42,120456,买盘
2115,10:40:24,28.67,-0.01,6,17202,卖盘
2116,10:40:21,28.68,--,4,11472,买盘
2117,10:40:18,28.68,0.01,15,43020,买盘
2118,10:40:09,28.67,--,5,14335,买盘
2119,10:40:03,28.67,0.01,2,5734,买盘
2120,10:40:00,28.66,--,12,34392,卖盘
2121,10:39:54,28.66,0.01,30,85980,买盘
2122,10:39:39,28.65,--,3,8595,卖盘
2123,10:39:36,28.65,-0.01,9,25785,卖盘
2124,10:39:33,28.66,--,12,34392,卖盘
2125,10:39:30,28.66,0.03,34,97444,中性盘
2126,10:39:24,28.63,-0.04,159,455217,卖盘
2127,10:39:21,28.67,0.03,1,2867,买盘
2128,10:39:18,28.64,-0.03,62,177568,卖盘
2129,10:39:12,28.67,--,7,20069,卖盘
2130,10:39:09,28.67,--,10,28670,卖盘
2131,10:39:06,28.67,--,21,60207,买盘
2132,10:39:03,28.67,--,13,37271,买盘
2133,10:39:00,28.67,0.02,24,68808,买盘
2134,10:38:57,28.65,-0.01,49,140385,中性盘
2135,10:38:54,28.66,0.02,10,28660,中性盘
2136,10:38:45,28.64,-0.03,5,14320,卖盘
2137,10:38:39,28.67,--,3,8601,买盘
2138,10:38:36,28.67,--,1,2867,买盘
2139,10:38:33,28.67,--,12,34404,买盘
2140,10:38:27,28.67,--,47,134749,卖盘
2141,10:38:24,28.67,--,2,5734,卖盘
2142,10:38:21,28.67,--,2,5734,卖盘
2143,10:38:15,28.67,-0.01,7,20069,卖盘
2144,10:38:09,28.68,--,22,63096,卖盘
2145,10:38:06,28.68,-0.01,11,31548,卖盘
2146,10:38:03,28.69,0.01,2,5738,买盘
2147,10:38:00,28.68,--,26,74568,卖盘
2148,10:37:57,28.68,--,6,17208,卖盘
2149,10:37:51,28.68,--,9,25812,买盘
2150,10:37:48,28.68,-0.01,1,2868,中性盘
2151,10:37:33,28.69,0.01,14,40166,买盘
2152,10:37:27,28.68,0.01,47,134796,买盘
2153,10:37:24,28.67,--,2,5734,卖盘
2154,10:37:09,28.67,0.03,3,8601,买盘
2155,10:37:06,28.64,-0.03,6,17184,卖盘
2156,10:37:03,28.67,0.04,9,25803,买盘
2157,10:36:57,28.63,--,25,71575,卖盘
2158,10:36:51,28.63,--,8,22904,卖盘
2159,10:36:45,28.63,-0.01,23,65849,卖盘
2160,10:36:39,28.64,--,6,17184,卖盘
2161,10:36:36,28.64,--,9,25776,卖盘
2162,10:36:33,28.64,--,22,63008,卖盘
2163,10:36:30,28.64,0.01,23,65872,中性盘
2164,10:36:15,28.63,-0.05,7,20041,卖盘
2165,10:36:12,28.68,0.05,13,37284,买盘
2166,10:36:09,28.63,-0.05,17,48671,卖盘
2167,10:36:06,28.68,--,13,37284,买盘
2168,10:36:03,28.68,--,77,220836,买盘
2169,10:35:57,28.68,0.01,49,140532,买盘
2170,10:35:51,28.67,--,11,31537,卖盘
2171,10:35:42,28.67,--,1,2867,卖盘
2172,10:35:39,28.67,--,7,20069,卖盘
2173,10:35:36,28.67,--,2,5734,买盘
2174,10:35:33,28.67,--,25,71675,买盘
2175,10:35:27,28.67,0.03,43,123281,买盘
2176,10:35:24,28.64,--,5,14320,卖盘
2177,10:35:21,28.64,-0.03,7,20048,卖盘
2178,10:35:18,28.67,0.04,23,65941,买盘
2179,10:35:15,28.63,--,34,98229,买盘
2180,10:35:12,28.63,--,76,219563,卖盘
2181,10:35:09,28.63,-0.04,111,317793,卖盘
2182,10:35:06,28.67,--,13,37271,买盘
2183,10:35:03,28.67,0.01,10,28670,买盘
2184,10:34:57,28.66,0.01,30,85980,买盘
2185,10:34:54,28.65,-0.01,3,8595,卖盘
2186,10:34:51,28.66,0.01,1,2866,买盘
2187,10:34:48,28.65,--,4,11460,卖盘
2188,10:34:45,28.65,--,2,5730,卖盘
2189,10:34:42,28.65,--,5,14325,卖盘
2190,10:34:39,28.65,--,3,8595,买盘
2191,10:34:33,28.65,--,9,25785,卖盘
2192,10:34:30,28.65,--,7,20055,卖盘
2193,10:34:27,28.65,0.01,26,74490,买盘
2194,10:34:24,28.64,--,33,94512,卖盘
2195,10:34:18,28.64,-0.02,43,123152,卖盘
2196,10:34:12,28.66,0.01,11,31526,买盘
2197,10:34:09,28.65,-0.01,3,8595,卖盘
2198,10:34:06,28.66,0.01,2,5732,买盘
2199,10:34:03,28.65,-0.01,10,28650,卖盘
2200,10:34:00,28.66,0.01,6,17196,买盘
2201,10:33:57,28.65,--,51,146115,买盘
2202,10:33:54,28.65,--,7,20055,买盘
2203,10:33:51,28.65,-0.01,13,37245,中性盘
2204,10:33:48,28.66,--,15,42990,买盘
2205,10:33:45,28.66,0.02,1,2866,中性盘
2206,10:33:39,28.64,-0.04,4,11456,卖盘
2207,10:33:36,28.68,0.02,3,8604,买盘
2208,10:33:33,28.66,0.02,10,28660,卖盘
2209,10:33:30,28.64,-0.03,10,28640,卖盘
2210,10:33:27,28.67,0.02,43,123682,买盘
2211,10:33:24,28.65,-0.01,49,140385,卖盘
2212,10:33:21,28.66,-0.01,16,45856,卖盘
2213,10:33:18,28.67,0.01,88,252296,买盘
2214,10:33:15,28.66,--,78,223548,卖盘
2215,10:33:12,28.66,--,66,189156,卖盘
2216,10:33:09,28.66,0.01,54,155251,买盘
2217,10:33:06,28.65,--,41,117465,买盘
2218,10:33:03,28.65,--,1,2865,买盘
2219,10:32:57,28.65,--,1,2865,买盘
2220,10:32:54,28.65,-0.01,1,2865,中性盘
2221,10:32:51,28.66,--,14,40124,买盘
2222,10:32:42,28.66,0.02,8,22928,买盘
2223,10:32:39,28.64,--,14,40096,买盘
2224,10:32:36,28.64,-0.02,5,14320,卖盘
2225,10:32:33,28.66,0.04,3,8598,买盘
2226,10:32:30,28.62,-0.02,48,137376,卖盘
2227,10:32:27,28.64,--,9,27494,买盘
2228,10:32:24,28.64,--,9,25776,买盘
2229,10:32:21,28.64,-0.02,2,6873,卖盘
2230,10:32:18,28.66,-0.01,1,2866,中性盘
2231,10:32:12,28.67,0.01,10,28670,买盘
2232,10:32:09,28.66,--,19,54454,卖盘
2233,10:32:06,28.66,--,51,146166,卖盘
2234,10:32:03,28.66,-0.01,2,5732,卖盘
2235,10:32:00,28.67,0.01,1,2867,买盘
2236,10:31:51,28.66,--,3,10317,买盘
2237,10:31:45,28.66,--,1,2866,买盘
2238,10:31:42,28.66,--,1,2866,买盘
2239,10:31:36,28.66,-0.01,4,12610,卖盘
2240,10:31:33,28.67,0.05,2,5734,买盘
2241,10:31:27,28.62,--,40,116197,买盘
2242,10:31:24,28.62,--,53,152830,卖盘
2243,10:31:21,28.62,-0.04,113,323406,卖盘
2244,10:31:18,28.66,--,1,2866,买盘
2245,10:31:15,28.66,-0.01,4,13240,卖盘
2246,10:31:09,28.67,--,13,37271,买盘
2247,10:31:06,28.67,--,4,11468,买盘
2248,10:31:03,28.67,0.01,2,5734,买盘
2249,10:31:00,28.66,0.01,33,95667,买盘
2250,10:30:57,28.65,--,8,22920,买盘
2251,10:30:51,28.65,-0.01,14,40110,买盘
2252,10:30:48,28.66,0.02,3,8598,买盘
2253,10:30:42,28.64,--,25,71600,卖盘
2254,10:30:39,28.64,-0.01,25,71600,卖盘
2255,10:30:36,28.65,--,39,113511,卖盘
2256,10:30:33,28.65,0.01,30,87038,中性盘
2257,10:30:24,28.64,--,111,319421,卖盘
2258,10:30:21,28.64,--,10,28640,卖盘
2259,10:30:18,28.64,--,101,289264,卖盘
2260,10:30:15,28.64,--,1,3379,卖盘
2261,10:30:12,28.64,--,47,134608,卖盘
2262,10:30:09,28.64,-0.03,3,11140,卖盘
2263,10:30:06,28.67,0.03,5,14335,买盘
2264,10:30:03,28.64,0.01,19,54416,买盘
2265,10:30:00,28.63,-0.01,5,14315,卖盘
2266,10:29:57,28.64,--,47,134608,买盘
2267,10:29:54,28.64,0.01,16,45824,买盘
2268,10:29:51,28.63,-0.01,16,47640,卖盘
2269,10:29:48,28.64,--,1,2864,买盘
2270,10:29:45,28.64,-0.03,136,391709,卖盘
2271,10:29:42,28.67,0.02,143,409981,买盘
2272,10:29:39,28.65,0.01,1,2865,买盘
2273,10:29:36,28.64,-0.01,114,329188,卖盘
2274,10:29:33,28.65,--,10,28650,买盘
2275,10:29:30,28.65,0.01,91,260715,买盘
2276,10:29:27,28.64,--,78,224222,买盘
2277,10:29:24,28.64,--,123,352272,买盘
2278,10:29:21,28.64,--,30,85920,买盘
2279,10:29:18,28.64,--,66,190627,卖盘
2280,10:29:12,28.64,-0.01,425,1217715,卖盘
2281,10:29:06,28.65,0.02,41,118209,买盘
2282,10:29:03,28.63,-0.01,3,9676,卖盘
2283,10:29:00,28.64,0.01,101,289264,买盘
2284,10:28:57,28.63,-0.01,8,23877,卖盘
2285,10:28:54,28.64,0.03,101,289264,买盘
2286,10:28:51,28.61,-0.01,26,74386,卖盘
2287,10:28:48,28.62,-0.01,36,103747,卖盘
2288,10:28:45,28.63,-0.01,10,28630,卖盘
2289,10:28:42,28.64,0.01,2,5728,买盘
2290,10:28:39,28.63,--,148,423981,买盘
2291,10:28:33,28.63,--,40,116008,买盘
2292,10:28:30,28.63,--,26,74438,买盘
2293,10:28:27,28.63,--,1,2863,买盘
2294,10:28:24,28.63,-0.01,61,177420,中性盘
2295,10:28:15,28.64,--,171,491061,买盘
2296,10:28:12,28.64,0.03,35,100240,买盘
2297,10:28:09,28.61,0.02,26,76102,卖盘
2298,10:28:03,28.59,0.03,84,242528,买盘
2299,10:28:00,28.56,--,32,91392,买盘
2300,10:27:57,28.56,-0.05,186,533615,卖盘
2301,10:27:54,28.61,--,47,134467,买盘
2302,10:27:51,28.61,-0.03,94,270850,卖盘
2303,10:27:48,28.64,0.03,22,63008,买盘
2304,10:27:45,28.61,--,69,197637,卖盘
2305,10:27:42,28.61,-0.01,40,114440,卖盘
2306,10:27:39,28.62,0.01,4,11448,买盘
2307,10:27:36,28.61,-0.03,23,65803,卖盘
2308,10:27:33,28.64,0.02,2,5728,买盘
2309,10:27:30,28.62,--,28,80136,卖盘
2310,10:27:27,28.62,--,47,136231,卖盘
2311,10:27:24,28.62,--,1,2862,卖盘
2312,10:27:21,28.62,-0.01,5,16170,卖盘
2313,10:27:18,28.63,--,10,28630,买盘
2314,10:27:15,28.63,0.05,50,143150,买盘
2315,10:27:12,28.58,-0.04,66,191200,卖盘
2316,10:27:09,28.62,--,60,173780,买盘
2317,10:27:06,28.62,--,58,167827,买盘
2318,10:27:03,28.62,--,2,5724,买盘
2319,10:27:00,28.62,--,1,2862,买盘
2320,10:26:57,28.62,0.04,12,34744,买盘
2321,10:26:54,28.58,--,16,46242,买盘
2322,10:26:51,28.58,0.01,9,25722,买盘
2323,10:26:48,28.57,--,19,55140,卖盘
2324,10:26:45,28.57,-0.01,15,42855,卖盘
2325,10:26:36,28.58,--,8,22864,买盘
2326,10:26:33,28.58,--,27,79623,卖盘
2327,10:26:24,28.58,--,12,34696,买盘
2328,10:26:18,28.58,--,3,8574,卖盘
2329,10:26:15,28.58,-0.04,55,157190,卖盘
2330,10:26:12,28.62,--,66,188892,买盘
2331,10:26:09,28.62,--,19,56896,买盘
2332,10:26:03,28.62,0.04,2,5724,买盘
2333,10:26:00,28.58,--,7,22292,卖盘
2334,10:25:57,28.58,--,29,84939,买盘
2335,10:25:54,28.58,0.01,3,8574,买盘
2336,10:25:51,28.57,--,7,21884,卖盘
2337,10:25:48,28.57,--,140,402265,买盘
2338,10:25:45,28.57,0.01,2,5714,中性盘
2339,10:25:42,28.56,-0.02,56,159936,卖盘
2340,10:25:39,28.58,-0.04,2,5716,买盘
2341,10:25:36,28.62,--,68,194616,买盘
2342,10:25:33,28.62,--,2,5724,买盘
2343,10:25:30,28.62,0.04,2,5724,买盘
2344,10:25:27,28.58,--,11,32381,买盘
2345,10:25:24,28.58,--,23,65734,买盘
2346,10:25:21,28.58,-0.03,27,78595,卖盘
2347,10:25:15,28.61,--,44,125884,卖盘
2348,10:25:12,28.61,0.01,34,99305,买盘
2349,10:25:09,28.6,--,3,8580,卖盘
2350,10:25:03,28.6,-0.01,11,34119,卖盘
2351,10:24:57,28.61,0.01,75,214632,买盘
2352,10:24:48,28.6,-0.01,35,102473,卖盘
2353,10:24:39,28.61,--,42,120162,卖盘
2354,10:24:36,28.61,-0.02,1,2861,卖盘
2355,10:24:33,28.63,--,14,40082,买盘
2356,10:24:30,28.63,-0.01,1,2863,中性盘
2357,10:24:24,28.64,--,61,176651,买盘
2358,10:24:18,28.64,0.04,1,2864,买盘
2359,10:24:15,28.6,--,107,306191,卖盘
2360,10:24:12,28.6,-0.02,49,140140,卖盘
2361,10:24:09,28.62,0.03,10,28620,中性盘
2362,10:24:06,28.59,-0.03,273,781278,卖盘
2363,10:24:03,28.62,0.02,1,2862,买盘
2364,10:24:00,28.6,--,380,1087000,买盘
2365,10:23:57,28.6,--,5,14300,买盘
2366,10:23:54,28.6,0.03,3,8580,买盘
2367,10:23:51,28.57,--,186,533430,卖盘
2368,10:23:42,28.57,--,44,125793,卖盘
2369,10:23:39,28.57,--,1,2857,卖盘
2370,10:23:36,28.57,-0.02,35,102023,买盘
2371,10:23:33,28.59,--,24,68616,卖盘
2372,10:23:30,28.59,0.03,56,160104,买盘
2373,10:23:27,28.56,--,84,240418,卖盘
2374,10:23:24,28.56,--,10,30159,买盘
2375,10:23:21,28.56,--,48,137088,买盘
2376,10:23:18,28.56,-0.02,68,196749,卖盘
2377,10:23:15,28.58,0.02,142,405836,买盘
2378,10:23:12,28.56,--,68,196121,卖盘
2379,10:23:09,28.56,--,60,171360,卖盘
2380,10:23:03,28.56,-0.02,58,166904,卖盘
2381,10:23:00,28.58,--,54,154332,买盘
2382,10:22:57,28.58,-0.01,45,128609,买盘
2383,10:22:54,28.59,--,4,13322,卖盘
2384,10:22:51,28.59,--,12,35909,买盘
2385,10:22:48,28.59,0.01,5,14295,买盘
2386,10:22:39,28.58,-0.01,60,171480,卖盘
2387,10:22:30,28.59,--,15,42885,卖盘
2388,10:22:27,28.59,0.01,11,31449,买盘
2389,10:22:24,28.58,--,2,7630,卖盘
2390,10:22:18,28.58,--,34,97486,买盘
2391,10:22:15,28.58,--,5,14290,买盘
2392,10:22:09,28.58,--,26,74308,卖盘
2393,10:22:06,28.58,--,16,46585,卖盘
2394,10:22:00,28.58,--,3,9459,卖盘
2395,10:21:57,28.58,0.01,17,48928,买盘
2396,10:21:51,28.57,--,7,20341,卖盘
2397,10:21:48,28.57,--,8,22856,卖盘
2398,10:21:42,28.57,--,16,46454,卖盘
2399,10:21:36,28.57,-0.01,20,57568,卖盘
2400,10:21:33,28.58,0.01,3,8574,买盘
2401,10:21:30,28.57,--,10,28570,卖盘
2402,10:21:27,28.57,--,1,3456,卖盘
2403,10:21:24,28.57,--,7,19999,卖盘
2404,10:21:21,28.57,0.02,14,41512,买盘
2405,10:21:18,28.55,-0.02,7,21755,卖盘
2406,10:21:15,28.57,0.02,10,28570,买盘
2407,10:21:12,28.55,-0.02,7,20641,卖盘
2408,10:21:09,28.57,--,13,37141,买盘
2409,10:21:00,28.57,-0.01,4,11770,卖盘
2410,10:20:57,28.58,0.01,45,128609,买盘
2411,10:20:54,28.57,-0.01,8,23941,卖盘
2412,10:20:51,28.58,0.01,12,34296,买盘
2413,10:20:48,28.57,-0.01,6,17227,卖盘
2414,10:20:42,28.58,--,4,11432,买盘
2415,10:20:39,28.58,--,4,11432,买盘
2416,10:20:36,28.58,-0.01,56,162563,卖盘
2417,10:20:33,28.59,0.01,15,42885,买盘
2418,10:20:30,28.58,--,20,59332,卖盘
2419,10:20:27,28.58,--,15,42870,卖盘
2420,10:20:24,28.58,--,25,72478,卖盘
2421,10:20:21,28.58,0.01,58,165764,买盘
2422,10:20:15,28.57,--,41,119965,卖盘
2423,10:20:06,28.57,--,27,77196,卖盘
2424,10:20:03,28.57,--,11,31427,卖盘
2425,10:20:00,28.57,--,4,13970,卖盘
2426,10:19:57,28.57,0.03,3,10199,买盘
2427,10:19:54,28.54,-0.04,84,239736,卖盘
2428,10:19:51,28.58,--,2,5716,买盘
2429,10:19:48,28.58,0.01,57,162906,中性盘
2430,10:19:42,28.57,-0.02,57,162849,卖盘
2431,10:19:36,28.59,-0.03,10,28590,卖盘
2432,10:19:33,28.62,-0.01,48,137376,卖盘
2433,10:19:27,28.63,-0.01,6,17607,中性盘
2434,10:19:24,28.64,--,76,217664,买盘
2435,10:19:21,28.64,--,2,5728,买盘
2436,10:19:18,28.64,--,24,69222,卖盘
2437,10:19:15,28.64,--,20,57280,卖盘
2438,10:19:09,28.64,0.02,181,520761,买盘
2439,10:19:03,28.62,-0.02,7,20577,卖盘
2440,10:19:00,28.64,--,1,2864,买盘
2441,10:18:57,28.64,0.01,43,123152,买盘
2442,10:18:54,28.63,--,21,60123,买盘
2443,10:18:51,28.63,-0.01,10,30347,卖盘
2444,10:18:48,28.64,0.01,25,72115,买盘
2445,10:18:39,28.63,-0.01,93,266573,卖盘
2446,10:18:30,28.64,0.01,26,77041,买盘
2447,10:18:27,28.63,0.01,30,86491,买盘
2448,10:18:24,28.62,-0.01,10,31167,卖盘
2449,10:18:21,28.63,0.01,48,137424,买盘
2450,10:18:18,28.62,0.04,28,82253,买盘
2451,10:18:15,28.58,-0.04,2,6344,卖盘
2452,10:18:12,28.62,0.04,20,57240,买盘
2453,10:18:00,28.58,-0.03,102,291973,卖盘
2454,10:17:57,28.61,0.05,3,8583,买盘
2455,10:17:54,28.56,-0.02,55,157080,卖盘
2456,10:17:48,28.58,-0.04,56,160048,卖盘
2457,10:17:42,28.62,--,61,175927,卖盘
2458,10:17:39,28.62,-0.01,10,28620,卖盘
2459,10:17:36,28.63,0.02,8,24421,买盘
2460,10:17:27,28.61,--,49,141447,卖盘
2461,10:17:21,28.61,--,11,31471,卖盘
2462,10:17:18,28.61,-0.01,10,29926,卖盘
2463,10:17:15,28.62,0.01,10,28620,买盘
2464,10:17:12,28.61,--,10,29239,卖盘
2465,10:17:03,28.61,--,13,39539,卖盘
2466,10:16:57,28.61,0.01,2,5722,中性盘
2467,10:16:54,28.6,-0.02,22,63148,卖盘
2468,10:16:42,28.62,-0.01,17,50914,卖盘
2469,10:16:39,28.63,0.01,30,88094,买盘
2470,10:16:33,28.62,--,20,57240,卖盘
2471,10:16:30,28.62,--,237,679553,买盘
2472,10:16:27,28.62,0.05,51,145962,买盘
2473,10:16:24,28.57,-0.03,79,227588,卖盘
2474,10:16:21,28.6,0.04,9,28514,买盘
2475,10:16:15,28.56,-0.04,52,151025,卖盘
2476,10:16:03,28.6,0.02,90,257400,中性盘
2477,10:15:57,28.58,-0.02,110,314380,卖盘
2478,10:15:51,28.6,-0.01,49,140140,卖盘
2479,10:15:45,28.61,--,38,108718,卖盘
2480,10:15:42,28.61,-0.01,26,77103,卖盘
2481,10:15:39,28.62,0.01,38,108756,买盘
2482,10:15:36,28.61,--,22,64916,卖盘
2483,10:15:33,28.61,--,3,8583,卖盘
2484,10:15:30,28.61,0.01,7,21228,买盘
2485,10:15:27,28.6,-0.01,37,107507,卖盘
2486,10:15:21,28.61,--,3,8583,买盘
2487,10:15:18,28.61,--,4,13160,卖盘
2488,10:15:12,28.61,0.01,31,89835,中性盘
2489,10:15:03,28.6,--,24,70413,卖盘
2490,10:14:57,28.6,--,327,935220,卖盘
2491,10:14:54,28.6,-0.01,42,122465,卖盘
2492,10:14:51,28.61,0.01,74,211714,买盘
2493,10:14:48,28.6,--,164,469612,买盘
2494,10:14:45,28.6,--,54,154440,买盘
2495,10:14:39,28.6,--,258,737880,买盘
2496,10:14:33,28.6,0.01,204,583440,买盘
2497,10:14:30,28.59,--,4,11436,买盘
2498,10:14:27,28.59,--,222,634698,买盘
2499,10:14:24,28.59,-0.01,218,623262,卖盘
2500,10:14:15,28.6,--,5,14300,卖盘
2501,10:14:12,28.6,-0.01,50,143000,卖盘
2502,10:14:09,28.61,0.01,2,5722,买盘
2503,10:14:06,28.6,--,2,5720,买盘
2504,10:14:03,28.6,0.01,16,45760,买盘
2505,10:14:00,28.59,--,18,51462,卖盘
2506,10:13:54,28.59,--,1,2859,卖盘
2507,10:13:48,28.59,0.01,2,5718,卖盘
2508,10:13:45,28.58,--,2,5716,买盘
2509,10:13:39,28.58,0.03,8,22864,中性盘
2510,10:13:21,28.55,-0.02,46,131330,卖盘
2511,10:13:18,28.57,--,40,114280,卖盘
2512,10:13:15,28.57,--,62,177134,卖盘
2513,10:13:09,28.57,-0.01,10,28570,卖盘
2514,10:12:57,28.58,-0.02,199,570485,卖盘
2515,10:12:54,28.6,-0.02,11,31460,卖盘
2516,10:12:51,28.62,--,80,228960,买盘
2517,10:12:48,28.62,-0.01,7,20034,卖盘
2518,10:12:45,28.63,0.01,38,108794,买盘
2519,10:12:39,28.62,--,21,60102,卖盘
2520,10:12:36,28.62,-0.01,11,31482,卖盘
2521,10:12:33,28.63,--,17,48671,买盘
2522,10:12:30,28.63,-0.01,234,669942,卖盘
2523,10:12:27,28.64,-0.01,19,54416,卖盘
2524,10:12:24,28.65,0.01,1,2865,买盘
2525,10:12:21,28.64,-0.01,29,83056,中性盘
2526,10:12:18,28.65,0.01,1,2865,买盘
2527,10:12:15,28.64,--,80,229120,买盘
2528,10:12:12,28.64,--,26,74464,买盘
2529,10:12:09,28.64,0.01,4,11456,买盘
2530,10:12:06,28.63,-0.01,15,42945,卖盘
2531,10:12:03,28.64,--,17,48688,买盘
2532,10:12:00,28.64,0.01,14,40096,买盘
2533,10:11:57,28.63,-0.01,20,57260,卖盘
2534,10:11:51,28.64,0.01,44,126016,买盘
2535,10:11:48,28.63,0.01,5,14315,卖盘
2536,10:11:42,28.62,-0.01,29,82998,卖盘
2537,10:11:39,28.63,--,14,40082,买盘
2538,10:11:36,28.63,--,1,2863,买盘
2539,10:11:33,28.63,--,4,11452,买盘
2540,10:11:27,28.63,--,51,146013,买盘
2541,10:11:24,28.63,--,8,22904,买盘
2542,10:11:21,28.63,--,4,11452,买盘
2543,10:11:18,28.63,--,5,14315,买盘
2544,10:11:15,28.63,-0.01,38,108794,中性盘
2545,10:11:12,28.64,0.02,81,231984,买盘
2546,10:11:06,28.62,--,34,97308,买盘
2547,10:11:03,28.62,--,3,8586,买盘
2548,10:11:00,28.62,0.01,4,11448,买盘
2549,10:10:54,28.61,-0.01,18,51498,卖盘
2550,10:10:51,28.62,--,19,54378,买盘
2551,10:10:45,28.62,0.01,38,108756,买盘
2552,10:10:42,28.61,-0.01,25,71525,卖盘
2553,10:10:36,28.62,0.01,5,14310,买盘
2554,10:10:33,28.61,-0.01,1,2861,卖盘
2555,10:10:27,28.62,--,1,2862,买盘
2556,10:10:24,28.62,0.01,2,5724,买盘
2557,10:10:15,28.61,--,12,34332,买盘
2558,10:10:12,28.61,0.01,3,8583,买盘
2559,10:10:03,28.6,--,52,148720,卖盘
2560,10:10:00,28.6,--,189,541655,买盘
2561,10:09:57,28.6,0.03,12,34320,买盘
2562,10:09:51,28.57,--,25,71425,卖盘
2563,10:09:45,28.57,0.04,7,19999,中性盘
2564,10:09:42,28.53,-0.04,406,1158318,卖盘
2565,10:09:36,28.57,--,157,448549,卖盘
2566,10:09:27,28.57,0.01,23,65711,买盘
2567,10:09:24,28.56,--,1,2856,卖盘
2568,10:09:18,28.56,-0.01,9,25704,卖盘
2569,10:09:15,28.57,0.01,39,111423,买盘
2570,10:09:09,28.56,--,11,31416,卖盘
2571,10:09:03,28.56,-0.01,5,14280,卖盘
2572,10:09:00,28.57,--,7,19999,买盘
2573,10:08:57,28.57,--,1,2857,买盘
2574,10:08:48,28.57,--,12,34284,买盘
2575,10:08:45,28.57,0.01,65,185705,买盘
2576,10:08:42,28.56,--,43,122808,卖盘
2577,10:08:39,28.56,--,2,5712,卖盘
2578,10:08:30,28.56,--,10,28560,卖盘
2579,10:08:24,28.56,-0.01,6,17136,卖盘
2580,10:08:21,28.57,0.01,20,57140,买盘
2581,10:08:15,28.56,0.02,11,31416,买盘
2582,10:08:09,28.54,-0.02,76,216904,卖盘
2583,10:08:06,28.56,0.01,10,28560,买盘
2584,10:07:51,28.55,-0.01,20,57100,卖盘
2585,10:07:48,28.56,-0.01,11,31416,卖盘
2586,10:07:45,28.57,0.01,46,131422,买盘
2587,10:07:42,28.56,-0.01,5,14280,卖盘
2588,10:07:39,28.57,0.01,1,2857,买盘
2589,10:07:36,28.56,-0.01,30,85680,卖盘
2590,10:07:33,28.57,--,7,19999,买盘
2591,10:07:30,28.57,0.01,10,28570,买盘
2592,10:07:27,28.56,-0.01,120,342720,卖盘
2593,10:07:15,28.57,--,38,108566,买盘
2594,10:07:12,28.57,--,1,2857,买盘
2595,10:07:09,28.57,--,2,5714,买盘
2596,10:07:00,28.57,--,1,2857,买盘
2597,10:06:57,28.57,-0.01,28,79996,卖盘
2598,10:06:51,28.58,--,10,28580,买盘
2599,10:06:45,28.58,0.01,39,111462,买盘
2600,10:06:33,28.57,--,67,191419,卖盘
2601,10:06:27,28.57,-0.01,40,114280,卖盘
2602,10:06:24,28.58,--,2,5716,买盘
2603,10:06:15,28.58,0.01,18,51444,买盘
2604,10:06:12,28.57,--,8,22856,买盘
2605,10:06:09,28.57,-0.01,40,114280,中性盘
2606,10:06:00,28.58,0.01,53,151474,买盘
2607,10:05:57,28.57,--,24,68568,卖盘
2608,10:05:54,28.57,-0.01,6,17142,卖盘
2609,10:05:51,28.58,--,3,8574,买盘
2610,10:05:48,28.58,--,57,162906,买盘
2611,10:05:45,28.58,-0.01,72,205776,卖盘
2612,10:05:42,28.59,--,58,165822,买盘
2613,10:05:36,28.59,0.01,1,2859,买盘
2614,10:05:33,28.58,-0.01,10,28580,卖盘
2615,10:05:30,28.59,0.01,11,31449,买盘
2616,10:05:27,28.58,-0.01,10,28580,卖盘
2617,10:05:24,28.59,0.01,30,85770,买盘
2618,10:05:21,28.58,--,10,28580,卖盘
2619,10:05:18,28.58,--,10,28580,卖盘
2620,10:05:15,28.58,--,25,71450,买盘
2621,10:05:12,28.58,--,1,2858,买盘
2622,10:05:09,28.58,0.01,1,2858,买盘
2623,10:05:06,28.57,0.01,2,5714,中性盘
2624,10:05:03,28.56,-0.02,3,8568,卖盘
2625,10:04:57,28.58,-0.01,5,14290,中性盘
2626,10:04:42,28.59,0.03,17,48603,买盘
2627,10:04:39,28.56,--,42,121380,买盘
2628,10:04:36,28.56,--,4,11424,买盘
2629,10:04:33,28.56,0.01,50,142800,买盘
2630,10:04:18,28.55,--,12,34260,卖盘
2631,10:04:15,28.55,--,120,342600,买盘
2632,10:04:12,28.55,--,20,57100,买盘
2633,10:04:09,28.55,--,7,19985,买盘
2634,10:04:06,28.55,0.01,10,28550,买盘
2635,10:04:03,28.54,-0.01,6,17124,卖盘
2636,10:04:00,28.55,--,6,17130,买盘
2637,10:03:48,28.55,--,43,122765,买盘
2638,10:03:45,28.55,--,13,37115,买盘
2639,10:03:42,28.55,--,33,94215,买盘
2640,10:03:39,28.55,0.03,6,17130,买盘
2641,10:03:24,28.52,-0.03,1,2852,卖盘
2642,10:03:18,28.55,--,5,14275,买盘
2643,10:03:15,28.55,-0.01,1,2855,中性盘
2644,10:03:12,28.56,--,4,11424,买盘
2645,10:03:09,28.56,--,3,8568,买盘
2646,10:03:03,28.56,0.01,7,19992,买盘
2647,10:03:00,28.55,-0.01,5,14275,卖盘
2648,10:02:57,28.56,--,5,14280,买盘
2649,10:02:54,28.56,--,4,11424,买盘
2650,10:02:51,28.56,0.01,20,57120,买盘
2651,10:02:48,28.55,-0.01,5,14275,卖盘
2652,10:02:42,28.56,0.01,5,14280,买盘
2653,10:02:39,28.55,-0.01,4,11420,中性盘
2654,10:02:36,28.56,--,2,5712,买盘
2655,10:02:33,28.56,0.01,100,285600,买盘
2656,10:02:27,28.55,--,125,356875,买盘
2657,10:02:24,28.55,0.01,5,14275,买盘
2658,10:02:21,28.54,--,69,196926,卖盘
2659,10:02:12,28.54,0.04,163,465202,买盘
2660,10:02:09,28.5,--,6,17100,卖盘
2661,10:02:06,28.5,0.05,636,1814025,买盘
2662,10:02:03,28.45,-0.04,40,113800,卖盘
2663,10:02:00,28.49,0.04,3,8547,买盘
2664,10:01:57,28.45,--,81,230445,卖盘
2665,10:01:51,28.45,--,8,22760,卖盘
2666,10:01:48,28.45,0.01,192,546296,买盘
2667,10:01:45,28.44,--,19,54036,买盘
2668,10:01:42,28.44,--,23,65412,买盘
2669,10:01:39,28.44,--,1,2844,买盘
2670,10:01:30,28.44,-0.01,4,11376,中性盘
2671,10:01:27,28.45,--,189,537705,买盘
2672,10:01:24,28.45,--,1,2845,买盘
2673,10:01:21,28.45,--,34,96730,买盘
2674,10:01:15,28.45,--,13,36985,买盘
2675,10:01:12,28.45,--,67,190615,卖盘
2676,10:01:09,28.45,--,13,36985,卖盘
2677,10:01:06,28.45,-0.04,100,284500,卖盘
2678,10:01:00,28.49,0.04,10,28490,买盘
2679,10:00:57,28.45,--,200,569000,卖盘
2680,10:00:54,28.45,-0.04,200,569000,卖盘
2681,10:00:48,28.49,0.03,5,14245,买盘
2682,10:00:45,28.46,--,106,301676,买盘
2683,10:00:42,28.46,0.01,3,8538,买盘
2684,10:00:39,28.45,-0.01,202,574690,卖盘
2685,10:00:36,28.46,0.01,102,290292,买盘
2686,10:00:33,28.45,--,1,2845,卖盘
2687,10:00:27,28.45,--,10,28450,卖盘
2688,10:00:21,28.45,0.04,288,819360,买盘
2689,10:00:18,28.41,--,10,28410,买盘
2690,10:00:15,28.41,--,44,125004,买盘
2691,10:00:09,28.41,--,133,377853,买盘
2692,10:00:06,28.41,--,77,218757,买盘
2693,10:00:03,28.41,0.01,11,31251,买盘
2694,10:00:00,28.4,--,11,31240,卖盘
2695,09:59:54,28.4,-0.01,22,62480,卖盘
2696,09:59:51,28.41,0.01,17,48297,买盘
2697,09:59:48,28.4,--,30,85200,卖盘
2698,09:59:45,28.4,0.01,16,45440,买盘
2699,09:59:42,28.39,-0.01,7,19873,卖盘
2700,09:59:39,28.4,--,10,28400,买盘
2701,09:59:36,28.4,0.01,33,93720,买盘
2702,09:59:33,28.39,-0.01,20,56780,卖盘
2703,09:59:30,28.4,-0.01,85,241400,卖盘
2704,09:59:27,28.41,-0.01,37,105117,卖盘
2705,09:59:24,28.42,0.02,8,22736,买盘
2706,09:59:21,28.4,-0.02,17,48280,卖盘
2707,09:59:18,28.42,--,10,28420,买盘
2708,09:59:09,28.42,--,8,22736,买盘
2709,09:59:06,28.42,0.01,81,230202,买盘
2710,09:59:03,28.41,-0.01,15,42615,卖盘
2711,09:59:00,28.42,0.02,47,133574,卖盘
2712,09:58:57,28.4,-0.01,99,281160,卖盘
2713,09:58:54,28.41,--,17,48297,卖盘
2714,09:58:48,28.41,-0.01,102,289782,卖盘
2715,09:58:45,28.42,0.01,4,11368,买盘
2716,09:58:39,28.41,0.01,60,170460,买盘
2717,09:58:36,28.4,--,33,93720,买盘
2718,09:58:33,28.4,--,32,90880,卖盘
2719,09:58:27,28.4,--,4,11360,卖盘
2720,09:58:24,28.4,--,48,136320,买盘
2721,09:58:21,28.4,--,69,195960,买盘
2722,09:58:15,28.4,-0.01,111,315240,卖盘
2723,09:58:09,28.41,--,1,2841,买盘
2724,09:58:06,28.41,0.01,13,36933,买盘
2725,09:58:03,28.4,--,23,65320,卖盘
2726,09:58:00,28.4,--,173,491320,买盘
2727,09:57:57,28.4,--,8,22720,买盘
2728,09:57:54,28.4,--,11,31240,买盘
2729,09:57:51,28.4,--,5,14200,买盘
2730,09:57:48,28.4,--,14,39760,中性盘
2731,09:57:42,28.4,--,80,227200,买盘
2732,09:57:39,28.4,--,7,19880,买盘
2733,09:57:36,28.4,-0.01,63,178920,卖盘
2734,09:57:27,28.41,0.02,21,59661,中性盘
2735,09:57:24,28.39,-0.01,526,1494137,卖盘
2736,09:57:21,28.4,--,7,19880,卖盘
2737,09:57:18,28.4,--,69,195960,卖盘
2738,09:57:15,28.4,--,45,127800,卖盘
2739,09:57:12,28.4,0.06,257,731470,买盘
2740,09:57:09,28.34,0.01,24,68016,买盘
2741,09:57:06,28.33,-0.01,26,73658,卖盘
2742,09:57:03,28.34,-0.04,201,570880,卖盘
2743,09:57:00,28.38,--,81,229878,买盘
2744,09:56:57,28.38,0.01,19,53922,买盘
2745,09:56:54,28.37,-0.03,91,258167,卖盘
2746,09:56:51,28.4,--,322,914480,买盘
2747,09:56:48,28.4,0.03,3,8520,买盘
2748,09:56:42,28.37,-0.03,278,790870,卖盘
2749,09:56:39,28.4,--,1,2840,买盘
2750,09:56:36,28.4,0.02,7,19880,中性盘
2751,09:56:33,28.38,-0.03,500,1419000,卖盘
2752,09:56:30,28.41,0.03,21,59661,中性盘
2753,09:56:27,28.38,-0.02,98,278124,卖盘
2754,09:56:18,28.4,-0.02,34,96560,卖盘
2755,09:56:12,28.42,--,1,2842,卖盘
2756,09:56:09,28.42,-0.01,26,73892,卖盘
2757,09:56:06,28.43,0.07,185,527376,买盘
2758,09:56:03,28.36,-0.01,254,720344,卖盘
2759,09:56:00,28.37,-0.01,404,1146148,卖盘
2760,09:55:57,28.38,-0.02,65,184470,卖盘
2761,09:55:54,28.4,0.02,17,48280,买盘
2762,09:55:51,28.38,-0.02,20,56760,卖盘
2763,09:55:48,28.4,0.03,10,29820,买盘
2764,09:55:45,28.37,-0.01,52,147524,卖盘
2765,09:55:42,28.38,--,33,93654,买盘
2766,09:55:39,28.38,--,171,487540,买盘
2767,09:55:36,28.38,--,15,42570,买盘
2768,09:55:33,28.38,--,42,119196,买盘
2769,09:55:30,28.38,-0.01,18,51084,中性盘
2770,09:55:27,28.39,0.01,161,457079,中性盘
2771,09:55:24,28.38,-0.02,40,113520,卖盘
2772,09:55:21,28.4,0.01,65,184600,买盘
2773,09:55:18,28.39,--,24,68136,卖盘
2774,09:55:15,28.39,-0.01,22,62458,卖盘
2775,09:55:12,28.4,--,1,2840,买盘
2776,09:55:09,28.4,--,185,525400,买盘
2777,09:55:06,28.4,--,50,142000,卖盘
2778,09:55:03,28.4,--,31,88040,卖盘
2779,09:55:00,28.4,-0.03,669,1899960,卖盘
2780,09:54:57,28.43,--,500,1421500,买盘
2781,09:54:54,28.43,-0.01,15,42645,卖盘
2782,09:54:51,28.44,--,22,62568,买盘
2783,09:54:48,28.44,--,105,298620,买盘
2784,09:54:45,28.44,--,13,36972,卖盘
2785,09:54:42,28.44,-0.01,10,28440,卖盘
2786,09:54:39,28.45,--,19,54055,买盘
2787,09:54:36,28.45,--,17,48365,买盘
2788,09:54:33,28.45,-0.02,766,2179270,卖盘
2789,09:54:30,28.47,0.01,49,139503,买盘
2790,09:54:27,28.46,-0.01,72,204912,卖盘
2791,09:54:24,28.47,0.01,105,298935,买盘
2792,09:54:21,28.46,-0.01,40,113840,卖盘
2793,09:54:18,28.47,-0.01,90,256230,卖盘
2794,09:54:15,28.48,0.01,210,598080,买盘
2795,09:54:12,28.47,-0.01,15,42705,卖盘
2796,09:54:06,28.48,--,4,11392,买盘
2797,09:54:03,28.48,-0.01,38,109648,卖盘
2798,09:53:57,28.49,-0.01,106,301994,卖盘
2799,09:53:54,28.5,--,19,54150,买盘
2800,09:53:51,28.5,0.02,48,136800,买盘
2801,09:53:48,28.48,-0.02,131,374512,卖盘
2802,09:53:45,28.5,0.02,406,1157100,买盘
