,time,price,change,volume,amount,type
0,15:00:03,6.91,-0.03,951,657141,卖盘
1,14:57:00,6.94,0.01,20,13880,买盘
2,14:56:57,6.93,0.01,30,20790,买盘
3,14:56:45,6.92,-0.01,30,20760,卖盘
4,14:56:33,6.93,0.02,22,15246,买盘
5,14:56:15,6.91,--,20,13820,卖盘
6,14:56:06,6.91,-0.03,2,1382,中性盘
7,14:55:54,6.94,0.03,369,256086,买盘
8,14:55:45,6.91,--,14,9674,卖盘
9,14:55:12,6.91,--,20,13820,卖盘
10,14:55:09,6.91,--,30,20730,卖盘
11,14:55:06,6.91,--,10,6910,卖盘
12,14:55:00,6.91,--,3,2073,卖盘
13,14:54:45,6.91,--,20,13820,卖盘
14,14:54:39,6.91,--,10,6910,卖盘
15,14:54:30,6.91,--,23,15893,卖盘
16,14:53:57,6.91,0.01,30,20730,中性盘
17,14:53:45,6.9,-0.02,101,69690,卖盘
18,14:53:36,6.92,--,5,3460,买盘
19,14:53:12,6.92,-0.02,5,3460,中性盘
20,14:53:06,6.94,--,2020,1402046,卖盘
21,14:53:03,6.94,--,10,6940,卖盘
22,14:52:57,6.94,--,50,34700,卖盘
23,14:52:54,6.94,0.03,403,280209,买盘
24,14:52:24,6.91,-0.01,230,159475,卖盘
25,14:51:54,6.92,--,56,38752,卖盘
26,14:51:45,6.92,--,5,3460,卖盘
27,14:51:39,6.92,-0.01,55,38060,卖盘
28,14:51:36,6.93,0.01,122,84546,买盘
29,14:51:27,6.92,--,10,6920,卖盘
30,14:51:18,6.92,--,24,16608,买盘
31,14:51:15,6.92,-0.01,35,24220,卖盘
32,14:51:12,6.93,0.01,15,10395,买盘
33,14:50:54,6.92,--,84,58128,卖盘
34,14:50:36,6.92,--,50,34600,卖盘
35,14:50:33,6.92,--,20,13840,卖盘
36,14:50:30,6.92,--,19,13424,卖盘
37,14:50:21,6.92,--,110,76120,买盘
38,14:50:12,6.92,--,5,3460,买盘
39,14:49:51,6.92,--,26,17992,卖盘
40,14:49:48,6.92,--,86,59512,卖盘
41,14:49:45,6.92,--,1,692,卖盘
42,14:49:42,6.92,--,10,6920,卖盘
43,14:49:39,6.92,--,80,55360,卖盘
44,14:49:30,6.92,--,10,6920,卖盘
45,14:49:24,6.92,-0.01,4,2768,卖盘
46,14:48:54,6.93,--,1,693,买盘
47,14:48:42,6.93,--,3,2079,卖盘
48,14:48:36,6.93,--,360,249480,卖盘
49,14:48:21,6.93,-0.01,500,346500,卖盘
50,14:48:03,6.94,0.01,39,27066,买盘
51,14:47:45,6.93,-0.01,90,62370,中性盘
52,14:47:00,6.94,--,5,3470,买盘
53,14:46:42,6.94,0.03,6,4164,买盘
54,14:46:36,6.91,-0.03,800,552800,卖盘
55,14:46:12,6.94,0.02,201,139494,买盘
56,14:46:09,6.92,--,18,12456,卖盘
57,14:46:00,6.92,--,17,11764,卖盘
58,14:45:57,6.92,--,48,33216,卖盘
59,14:45:54,6.92,--,50,34600,卖盘
60,14:45:39,6.92,-0.01,11,7612,卖盘
61,14:45:03,6.93,--,10,6930,买盘
62,14:45:00,6.93,0.01,15,10395,买盘
63,14:44:57,6.92,-0.01,1,692,卖盘
64,14:44:15,6.93,--,1,693,买盘
65,14:44:00,6.93,--,15,10395,买盘
66,14:43:27,6.93,--,10,6930,买盘
67,14:43:15,6.93,--,49,33957,卖盘
68,14:43:09,6.93,-0.01,225,155925,卖盘
69,14:43:00,6.94,0.01,5,3470,买盘
70,14:42:54,6.93,-0.01,3,2079,卖盘
71,14:42:06,6.94,--,200,138800,买盘
72,14:41:57,6.94,0.01,10,6940,买盘
73,14:41:48,6.93,-0.01,14,9702,卖盘
74,14:41:36,6.94,--,8,5552,买盘
75,14:41:24,6.94,--,197,136718,买盘
76,14:41:18,6.94,--,1,694,买盘
77,14:40:12,6.94,--,10,6940,买盘
78,14:39:57,6.94,0.01,1,694,买盘
79,14:39:12,6.93,--,32,22176,卖盘
80,14:39:09,6.93,--,20,13860,卖盘
81,14:38:54,6.93,--,1,693,卖盘
82,14:38:24,6.93,-0.01,2,1386,卖盘
83,14:38:09,6.94,--,34,23596,卖盘
84,14:38:06,6.94,--,1,694,卖盘
85,14:37:09,6.94,--,4,2776,卖盘
86,14:37:06,6.94,--,5,3470,卖盘
87,14:37:03,6.94,--,5,3470,卖盘
88,14:36:36,6.94,--,3,2082,买盘
89,14:36:33,6.94,--,10,6940,买盘
90,14:36:24,6.94,-0.01,20,13880,卖盘
91,14:36:21,6.95,--,15,10425,买盘
92,14:36:03,6.95,-0.01,5,3475,中性盘
93,14:35:00,6.96,0.03,809,563064,买盘
94,14:34:51,6.93,--,5,3465,卖盘
95,14:34:33,6.93,-0.01,20,13860,卖盘
96,14:33:45,6.94,--,100,69400,卖盘
97,14:32:21,6.94,--,30,20820,卖盘
98,14:32:03,6.94,--,15,10410,卖盘
99,14:31:54,6.94,0.01,75,52050,买盘
100,14:31:24,6.93,-0.01,1,693,卖盘
101,14:31:12,6.94,0.01,2,1388,买盘
102,14:31:03,6.93,--,57,39501,卖盘
103,14:30:24,6.93,--,10,6930,卖盘
104,14:29:45,6.93,-0.01,5,3465,卖盘
105,14:29:18,6.94,--,15,10410,买盘
106,14:29:03,6.94,0.01,96,66624,买盘
107,14:28:51,6.93,--,2,1386,卖盘
108,14:28:39,6.93,--,3,2079,卖盘
109,14:28:30,6.93,-0.01,33,22869,卖盘
110,14:28:27,6.94,0.01,2,1388,买盘
111,14:27:39,6.93,-0.01,20,13860,卖盘
112,14:27:27,6.94,0.01,10,6940,买盘
113,14:27:24,6.93,--,28,19404,卖盘
114,14:26:57,6.93,-0.01,100,69300,卖盘
115,14:26:12,6.94,0.01,3,2082,买盘
116,14:24:54,6.93,-0.01,14,9702,卖盘
117,14:23:48,6.94,--,1,694,买盘
118,14:23:18,6.94,--,10,6940,买盘
119,14:23:03,6.94,--,105,72870,买盘
120,14:22:45,6.94,--,1,694,买盘
121,14:22:33,6.94,--,1,694,买盘
122,14:21:36,6.94,--,56,38864,买盘
123,14:21:21,6.94,0.01,10,6940,买盘
124,14:21:09,6.93,--,16,11088,卖盘
125,14:20:54,6.93,--,20,13860,卖盘
126,14:19:54,6.93,--,51,35343,卖盘
127,14:19:09,6.93,--,15,10395,卖盘
128,14:18:15,6.93,--,15,10395,卖盘
129,14:17:42,6.93,-0.01,149,103257,卖盘
130,14:17:30,6.94,--,20,13880,买盘
131,14:17:15,6.94,--,3,2082,买盘
132,14:15:45,6.94,0.01,13,9022,买盘
133,14:14:45,6.93,--,1,693,卖盘
134,14:13:36,6.93,0.01,53,36729,买盘
135,14:13:18,6.92,-0.01,40,27680,卖盘
136,14:13:06,6.93,--,20,13860,买盘
137,14:12:36,6.93,--,18,12474,买盘
138,14:11:42,6.93,--,20,13860,卖盘
139,14:11:36,6.93,--,49,33957,卖盘
140,14:11:33,6.93,--,10,6930,卖盘
141,14:09:57,6.93,-0.01,6,4158,卖盘
142,14:09:39,6.94,--,1,694,买盘
143,14:09:24,6.94,0.01,20,13880,买盘
144,14:09:21,6.93,--,7,4851,卖盘
145,14:08:15,6.93,--,97,67221,卖盘
146,14:07:42,6.93,-0.01,4,2772,卖盘
147,14:07:15,6.94,--,41,28454,买盘
148,14:06:51,6.94,--,150,104100,买盘
149,14:06:42,6.94,--,10,6940,买盘
150,14:06:39,6.94,-0.01,244,169336,卖盘
151,14:05:45,6.95,0.01,15,10425,买盘
152,14:03:42,6.94,-0.01,90,62460,卖盘
153,14:03:39,6.95,0.01,19,13205,买盘
154,14:03:00,6.94,-0.01,10,6940,卖盘
155,14:02:45,6.95,--,7,4865,买盘
156,14:01:39,6.95,0.01,250,173750,买盘
157,14:01:27,6.94,--,200,138800,卖盘
158,14:01:06,6.94,-0.01,17,11798,卖盘
159,14:00:45,6.95,--,151,104945,买盘
160,14:00:33,6.95,--,10,6950,买盘
161,14:00:09,6.95,--,5,3475,买盘
162,13:59:45,6.95,0.01,250,173750,买盘
163,13:59:27,6.94,-0.01,5,3470,卖盘
164,13:59:15,6.95,--,33,22935,卖盘
165,13:59:12,6.95,0.01,17,11815,买盘
166,13:59:06,6.94,-0.01,40,27760,卖盘
167,13:58:51,6.95,0.01,150,104250,买盘
168,13:58:00,6.94,--,2,1388,卖盘
169,13:57:30,6.94,--,2,1388,卖盘
170,13:57:12,6.94,--,2,1388,卖盘
171,13:56:57,6.94,--,9,6246,卖盘
172,13:56:36,6.94,-0.01,2,1388,卖盘
173,13:56:06,6.95,0.01,200,139000,买盘
174,13:55:42,6.94,-0.01,10,6940,卖盘
175,13:55:15,6.95,--,30,20850,买盘
176,13:54:42,6.95,0.01,3,2085,买盘
177,13:54:36,6.94,--,10,6940,卖盘
178,13:53:54,6.94,-0.01,1,694,卖盘
179,13:53:30,6.95,--,2,1390,卖盘
180,13:53:21,6.95,--,33,22935,卖盘
181,13:52:54,6.95,0.01,265,184175,买盘
182,13:52:09,6.94,--,9,6246,卖盘
183,13:51:24,6.94,--,20,13880,卖盘
184,13:50:42,6.94,--,63,43722,卖盘
185,13:49:57,6.94,--,100,69400,卖盘
186,13:49:12,6.94,-0.01,5,3470,卖盘
187,13:48:12,6.95,--,6,4170,买盘
188,13:46:33,6.95,--,2,1390,买盘
189,13:46:03,6.95,0.01,2,1390,买盘
190,13:45:45,6.94,--,4,2776,买盘
191,13:45:18,6.94,0.01,100,69400,买盘
192,13:45:00,6.93,--,20,13860,卖盘
193,13:44:51,6.93,--,8,5544,买盘
194,13:44:48,6.93,--,16,11088,买盘
195,13:44:18,6.93,--,52,36036,买盘
196,13:43:12,6.93,--,59,40887,买盘
197,13:42:45,6.93,--,30,20790,中性盘
198,13:41:21,6.93,0.01,30,20790,买盘
199,13:41:06,6.92,--,109,75573,卖盘
200,13:40:42,6.92,--,4,2768,卖盘
201,13:40:24,6.92,--,10,6920,卖盘
202,13:40:03,6.92,-0.01,9,6228,卖盘
203,13:39:27,6.93,--,100,69300,买盘
204,13:37:54,6.93,--,1,693,买盘
205,13:37:03,6.93,--,23,15939,卖盘
206,13:36:12,6.93,--,4,2772,卖盘
207,13:36:03,6.93,--,30,20790,卖盘
208,13:35:30,6.93,--,10,6930,卖盘
209,13:34:33,6.93,--,2,1386,卖盘
210,13:33:48,6.93,--,17,11781,买盘
211,13:32:39,6.93,0.01,14,9702,买盘
212,13:32:36,6.92,-0.01,39,26988,卖盘
213,13:32:15,6.93,--,137,94941,买盘
214,13:32:09,6.93,--,20,13860,买盘
215,13:31:15,6.93,0.01,16,11088,买盘
216,13:30:54,6.92,-0.01,5,3460,卖盘
217,13:30:48,6.93,0.01,1,693,买盘
218,13:30:33,6.92,--,22,15224,卖盘
219,13:30:24,6.92,--,38,26296,卖盘
220,13:29:42,6.92,--,17,11764,卖盘
221,13:29:27,6.92,--,20,13840,卖盘
222,13:27:24,6.92,--,5,3460,卖盘
223,13:27:15,6.92,--,6,4152,卖盘
224,13:27:12,6.92,--,300,207600,卖盘
225,13:26:12,6.92,-0.01,4,2768,卖盘
226,13:25:48,6.93,--,170,117810,卖盘
227,13:25:27,6.93,--,2,1386,卖盘
228,13:24:45,6.93,--,21,14553,卖盘
229,13:23:54,6.93,-0.01,30,20790,卖盘
230,13:23:42,6.94,0.01,3,2082,买盘
231,13:23:18,6.93,--,16,11088,卖盘
232,13:23:12,6.93,--,7,4851,卖盘
233,13:22:39,6.93,--,5,3465,卖盘
234,13:22:24,6.93,0.01,13,9009,买盘
235,13:22:12,6.92,--,3,2076,卖盘
236,13:21:51,6.92,-0.01,20,13840,卖盘
237,13:21:39,6.93,--,1,693,买盘
238,13:21:00,6.93,--,1,693,买盘
239,13:20:39,6.93,--,8,5544,买盘
240,13:20:18,6.93,--,37,25641,买盘
241,13:20:06,6.93,0.01,74,51282,买盘
242,13:20:03,6.92,--,3,2076,卖盘
243,13:19:21,6.92,--,16,11072,卖盘
244,13:18:57,6.92,--,32,22144,卖盘
245,13:18:12,6.92,--,40,27680,卖盘
246,13:16:48,6.92,-0.01,43,29756,卖盘
247,13:16:33,6.93,0.01,39,27027,买盘
248,13:14:54,6.92,-0.01,40,27680,卖盘
249,13:14:12,6.93,0.01,20,13860,买盘
250,13:14:09,6.92,-0.01,5,3460,卖盘
251,13:13:21,6.93,0.01,17,11781,买盘
252,13:13:12,6.92,--,17,11764,卖盘
253,13:12:30,6.92,--,20,13840,卖盘
254,13:11:48,6.92,--,100,69200,卖盘
255,13:11:39,6.92,--,2,1384,卖盘
256,13:11:36,6.92,--,38,26296,买盘
257,13:11:21,6.92,--,14,9688,卖盘
258,13:11:15,6.92,--,40,27680,卖盘
259,13:11:09,6.92,--,25,17300,买盘
260,13:11:06,6.92,--,55,38060,卖盘
261,13:10:51,6.92,--,31,21452,卖盘
262,13:10:21,6.92,--,3,2076,卖盘
263,13:09:09,6.92,--,20,13840,卖盘
264,13:08:21,6.92,--,30,20760,卖盘
265,13:06:06,6.92,--,200,138400,卖盘
266,13:05:48,6.92,--,3,2076,卖盘
267,13:05:39,6.92,--,10,6920,卖盘
268,13:05:27,6.92,--,15,10380,卖盘
269,13:05:21,6.92,-0.01,150,103800,卖盘
270,13:04:00,6.93,--,16,11088,卖盘
271,13:03:54,6.93,-0.01,50,34650,卖盘
272,13:03:12,6.94,--,8,5552,买盘
273,13:03:03,6.94,-0.01,9,6246,卖盘
274,13:02:33,6.95,--,18,13059,卖盘
275,13:02:12,6.95,-0.01,22,15290,卖盘
276,13:01:51,6.96,--,74,51504,买盘
277,13:01:45,6.96,--,3,2088,买盘
278,13:01:39,6.96,--,81,56376,买盘
279,13:01:09,6.96,0.01,23,16008,买盘
280,13:00:09,6.95,--,50,34750,卖盘
281,13:00:06,6.95,--,26,18070,卖盘
282,13:00:03,6.95,--,140,97445,买盘
283,13:00:00,6.95,--,0,0,买盘
284,11:30:00,6.95,--,0,0,买盘
285,11:29:30,6.95,--,92,63940,买盘
286,11:29:18,6.95,--,71,49894,卖盘
287,11:29:09,6.95,0.01,74,51575,买盘
288,11:28:54,6.94,0.01,14,9716,买盘
289,11:28:45,6.93,-0.01,1000,693000,卖盘
290,11:28:33,6.94,0.01,4,2776,买盘
291,11:28:30,6.93,-0.01,5,3465,卖盘
292,11:28:12,6.94,--,3,2082,中性盘
293,11:27:36,6.94,0.01,8,5552,买盘
294,11:27:27,6.93,--,3,2079,卖盘
295,11:27:15,6.93,-0.01,16,11088,卖盘
296,11:27:12,6.94,0.01,28,19432,买盘
297,11:26:18,6.93,--,2,1386,卖盘
298,11:25:42,6.93,--,26,18018,卖盘
299,11:24:21,6.93,-0.01,45,31185,卖盘
300,11:23:57,6.94,0.01,3,2082,买盘
301,11:23:48,6.93,--,50,34650,卖盘
302,11:23:45,6.93,-0.01,8,5544,卖盘
303,11:22:42,6.94,--,62,43028,卖盘
304,11:22:36,6.94,--,10,6940,卖盘
305,11:22:00,6.94,--,100,69400,卖盘
306,11:21:21,6.94,--,10,6940,卖盘
307,11:21:15,6.94,-0.01,18,12492,卖盘
308,11:19:54,6.95,--,100,69500,买盘
309,11:18:45,6.95,--,28,19460,买盘
310,11:18:18,6.95,--,2,1390,买盘
311,11:18:03,6.95,0.01,3,2085,买盘
312,11:17:42,6.94,--,2,1388,卖盘
313,11:16:12,6.94,--,35,24290,卖盘
314,11:15:33,6.94,--,15,10410,卖盘
315,11:14:51,6.94,--,40,27760,卖盘
316,11:14:09,6.94,-0.01,25,17350,卖盘
317,11:14:06,6.95,--,1,695,买盘
318,11:13:24,6.95,--,56,39469,卖盘
319,11:13:21,6.95,--,30,20850,卖盘
320,11:12:51,6.95,--,5,3475,卖盘
321,11:12:45,6.95,--,4,2780,卖盘
322,11:11:57,6.95,-0.01,25,17375,卖盘
323,11:11:18,6.96,0.01,1,696,买盘
324,11:11:03,6.95,--,7,5010,买盘
325,11:10:54,6.95,--,20,13900,买盘
326,11:10:42,6.95,--,23,16534,卖盘
327,11:10:27,6.95,--,50,34750,卖盘
328,11:10:06,6.95,--,55,38225,卖盘
329,11:09:48,6.95,-0.01,15,10425,卖盘
330,11:09:45,6.96,0.01,2,1392,买盘
331,11:09:15,6.95,--,1,695,卖盘
332,11:08:48,6.95,-0.01,200,139000,卖盘
333,11:08:33,6.96,--,449,312504,卖盘
334,11:08:21,6.96,-0.01,8,5568,卖盘
335,11:07:39,6.97,0.01,10,6970,买盘
336,11:07:21,6.96,-0.01,1,696,卖盘
337,11:07:18,6.97,--,20,13940,买盘
338,11:06:18,6.97,--,200,139400,卖盘
339,11:06:09,6.97,--,230,160310,中性盘
340,11:05:57,6.97,--,22,15334,买盘
341,11:05:51,6.97,--,5,3485,卖盘
342,11:05:48,6.97,--,30,20910,卖盘
343,11:05:42,6.97,-0.01,2,1394,卖盘
344,11:05:39,6.98,0.01,30,20940,买盘
345,11:05:30,6.97,--,73,50881,买盘
346,11:05:24,6.97,--,20,13940,买盘
347,11:05:21,6.97,--,202,140794,买盘
348,11:05:09,6.97,--,30,20910,买盘
349,11:05:06,6.97,--,16,11152,买盘
350,11:04:39,6.97,--,30,20910,买盘
351,11:04:30,6.97,0.01,5,3485,买盘
352,11:04:27,6.96,-0.01,1,696,卖盘
353,11:03:09,6.97,0.01,14,9758,买盘
354,11:02:51,6.96,--,14,9744,卖盘
355,11:02:45,6.96,--,10,6960,卖盘
356,11:02:30,6.96,--,8,5568,卖盘
357,11:01:39,6.96,--,40,27840,卖盘
358,11:01:18,6.96,--,9,6264,卖盘
359,11:01:03,6.96,--,15,10440,买盘
360,11:00:48,6.96,--,3,2088,买盘
361,11:00:39,6.96,--,20,13920,买盘
362,11:00:36,6.96,--,8,5568,买盘
363,11:00:33,6.96,--,14,9744,卖盘
364,11:00:09,6.96,--,5,3480,卖盘
365,10:59:45,6.96,0.01,182,126672,买盘
366,10:59:15,6.95,-0.01,15,10425,卖盘
367,10:59:06,6.96,--,2,1392,买盘
368,10:58:39,6.96,--,1,696,买盘
369,10:58:36,6.96,--,25,17400,卖盘
370,10:58:21,6.96,--,26,18096,买盘
371,10:58:18,6.96,0.01,8,5568,买盘
372,10:58:15,6.95,--,13,9035,卖盘
373,10:57:57,6.95,-0.01,18,12510,卖盘
374,10:57:33,6.96,--,1,696,买盘
375,10:57:30,6.96,0.01,34,23664,买盘
376,10:57:15,6.95,--,11,7645,卖盘
377,10:57:09,6.95,--,0,139,卖盘
378,10:56:30,6.95,--,48,33360,卖盘
379,10:56:15,6.95,-0.01,12,8340,卖盘
380,10:55:51,6.96,--,9,6264,买盘
381,10:55:42,6.96,--,76,52896,买盘
382,10:55:39,6.96,0.01,15,10440,买盘
383,10:55:15,6.95,-0.01,11,7645,卖盘
384,10:54:30,6.96,0.01,3,2088,买盘
385,10:54:15,6.95,-0.01,13,9035,卖盘
386,10:53:45,6.96,--,1,696,买盘
387,10:53:42,6.96,--,6,4176,买盘
388,10:53:36,6.96,--,2,1392,买盘
389,10:53:18,6.96,0.01,20,13920,买盘
390,10:53:15,6.95,-0.01,12,8340,卖盘
391,10:53:12,6.96,0.01,29,20184,买盘
392,10:52:45,6.95,--,21,14595,卖盘
393,10:52:39,6.95,--,64,44486,卖盘
394,10:52:30,6.95,--,50,34750,卖盘
395,10:52:18,6.95,--,50,34750,卖盘
396,10:52:15,6.95,-0.01,14,9730,卖盘
397,10:51:42,6.96,--,143,99528,卖盘
398,10:51:39,6.96,--,26,18096,卖盘
399,10:51:18,6.96,--,50,34800,卖盘
400,10:51:15,6.96,-0.01,13,9048,卖盘
401,10:50:54,6.97,--,7,4879,买盘
402,10:50:42,6.97,--,1,697,买盘
403,10:50:21,6.97,0.01,15,10455,买盘
404,10:50:15,6.96,-0.01,14,9744,卖盘
405,10:49:51,6.97,0.01,198,138006,买盘
406,10:49:15,6.96,-0.01,12,8352,卖盘
407,10:49:09,6.97,--,5,3485,买盘
408,10:48:33,6.97,0.01,5,3485,买盘
409,10:48:15,6.96,--,10,6960,卖盘
410,10:47:51,6.96,--,34,23664,卖盘
411,10:47:27,6.96,--,2,1392,卖盘
412,10:47:15,6.96,--,13,9048,卖盘
413,10:46:27,6.96,--,2,1392,卖盘
414,10:46:15,6.96,--,14,9744,卖盘
415,10:46:06,6.96,0.01,24,16704,买盘
416,10:45:54,6.95,-0.01,5,3475,卖盘
417,10:45:39,6.96,--,40,27840,卖盘
418,10:45:33,6.96,--,18,12528,卖盘
419,10:45:18,6.96,--,199,138504,卖盘
420,10:45:15,6.96,0.01,23,16008,买盘
421,10:45:12,6.95,-0.01,28,19460,卖盘
422,10:45:03,6.96,--,85,59160,买盘
423,10:44:30,6.96,--,12,8352,买盘
424,10:44:15,6.96,--,116,80736,卖盘
425,10:43:27,6.96,--,5,3480,卖盘
426,10:43:15,6.96,-0.01,13,9048,卖盘
427,10:42:33,6.97,-0.01,19,13243,卖盘
428,10:42:24,6.98,0.01,18,12564,买盘
429,10:42:15,6.97,--,12,8364,卖盘
430,10:42:06,6.97,--,35,24395,卖盘
431,10:41:54,6.97,--,47,32759,买盘
432,10:41:30,6.97,--,153,106641,卖盘
433,10:41:21,6.97,0.01,259,180523,买盘
434,10:41:15,6.96,-0.01,13,9048,卖盘
435,10:40:18,6.97,0.01,24,16728,买盘
436,10:40:15,6.96,--,13,9048,卖盘
437,10:40:00,6.96,-0.01,20,13920,卖盘
438,10:39:15,6.97,0.01,313,218161,买盘
439,10:38:42,6.96,--,10,6960,卖盘
440,10:38:21,6.96,--,4,2784,卖盘
441,10:38:15,6.96,--,12,8352,卖盘
442,10:38:09,6.96,--,330,229680,买盘
443,10:38:03,6.96,0.01,14,9744,买盘
444,10:37:54,6.95,--,4,2780,中性盘
445,10:37:27,6.95,--,39,27105,卖盘
446,10:37:15,6.95,-0.01,13,9035,卖盘
447,10:37:03,6.96,--,15,10440,买盘
448,10:36:18,6.96,0.01,14,9744,买盘
449,10:36:15,6.95,--,11,7645,卖盘
450,10:36:12,6.95,--,22,15290,卖盘
451,10:35:57,6.95,-0.01,40,27800,卖盘
452,10:35:48,6.96,--,37,25752,卖盘
453,10:35:24,6.96,--,2,1392,卖盘
454,10:35:15,6.96,-0.01,14,9744,卖盘
455,10:35:12,6.97,--,1,697,买盘
456,10:35:03,6.97,0.01,20,13940,买盘
457,10:35:00,6.96,--,65,45240,卖盘
458,10:34:57,6.96,-0.01,5,3480,卖盘
459,10:34:51,6.97,0.01,1,697,买盘
460,10:34:45,6.96,-0.01,500,348000,卖盘
461,10:34:42,6.97,0.01,14,9758,买盘
462,10:34:15,6.96,-0.01,12,8352,卖盘
463,10:33:54,6.97,--,40,27880,买盘
464,10:33:51,6.97,--,11,7667,买盘
465,10:33:18,6.97,0.01,14,9758,买盘
466,10:33:15,6.96,-0.01,11,7656,卖盘
467,10:33:12,6.97,0.01,1,697,买盘
468,10:32:54,6.96,--,61,42456,卖盘
469,10:32:45,6.96,--,4,2784,卖盘
470,10:32:33,6.96,0.01,185,128760,买盘
471,10:32:24,6.95,--,21,14595,卖盘
472,10:32:15,6.95,--,17,11815,卖盘
473,10:31:51,6.95,--,11,7645,卖盘
474,10:31:45,6.95,--,1,695,卖盘
475,10:31:42,6.95,--,60,41700,卖盘
476,10:31:15,6.95,-0.01,14,9730,卖盘
477,10:31:06,6.96,--,14,9744,买盘
478,10:30:57,6.96,--,94,65424,买盘
479,10:30:39,6.96,--,36,25056,卖盘
480,10:30:15,6.96,--,15,10440,卖盘
481,10:30:06,6.96,--,49,34104,买盘
482,10:30:03,6.96,--,30,20880,买盘
483,10:29:54,6.96,--,74,51504,买盘
484,10:29:48,6.96,--,14,9744,买盘
485,10:29:36,6.96,-0.01,129,89784,卖盘
486,10:29:27,6.97,--,6,4182,买盘
487,10:29:24,6.97,0.01,30,20910,买盘
488,10:29:21,6.96,--,250,174000,卖盘
489,10:29:15,6.96,-0.01,13,9048,卖盘
490,10:29:03,6.97,--,50,34850,买盘
491,10:28:51,6.97,--,26,18122,买盘
492,10:28:45,6.97,--,1,697,买盘
493,10:28:42,6.97,--,11,7667,买盘
494,10:28:36,6.97,--,3,2091,买盘
495,10:28:33,6.97,0.01,2,1394,买盘
496,10:28:27,6.96,--,250,174000,卖盘
497,10:28:24,6.96,-0.01,9,6264,卖盘
498,10:28:18,6.97,--,14,9758,买盘
499,10:28:15,6.97,--,22,15334,买盘
500,10:28:03,6.97,0.01,10,6970,买盘
501,10:27:57,6.96,-0.01,250,174000,卖盘
502,10:27:30,6.97,0.01,253,176341,买盘
503,10:27:15,6.96,-0.01,14,9744,卖盘
504,10:27:12,6.97,--,10,6970,买盘
505,10:27:03,6.97,0.01,100,69700,买盘
506,10:26:54,6.96,--,89,61944,买盘
507,10:26:39,6.96,0.01,14,9744,买盘
508,10:26:15,6.95,-0.01,13,9035,卖盘
509,10:25:24,6.96,--,7,4872,卖盘
510,10:25:21,6.96,0.01,54,37584,买盘
511,10:25:15,6.95,-0.01,12,8340,卖盘
512,10:25:06,6.96,0.01,3,2088,买盘
513,10:25:00,6.95,--,3,2085,卖盘
514,10:24:15,6.95,--,12,8340,卖盘
515,10:24:00,6.95,-0.01,7,4865,卖盘
516,10:23:54,6.96,0.01,5,3480,中性盘
517,10:23:30,6.95,-0.01,14,9730,卖盘
518,10:23:18,6.96,0.01,286,199202,买盘
519,10:23:15,6.95,-0.01,10,6950,中性盘
520,10:22:57,6.96,0.01,26,18096,买盘
521,10:22:54,6.95,0.01,14,9730,买盘
522,10:22:45,6.94,-0.01,11,7634,卖盘
523,10:22:33,6.95,--,74,51430,买盘
524,10:22:27,6.95,--,9,6804,卖盘
525,10:22:21,6.95,--,477,331654,卖盘
526,10:22:15,6.95,--,18,12510,卖盘
527,10:22:09,6.95,--,15,10425,卖盘
528,10:22:03,6.95,--,100,69500,卖盘
529,10:21:57,6.95,--,40,27800,卖盘
530,10:21:54,6.95,--,50,34750,卖盘
531,10:21:45,6.95,--,7,4865,卖盘
532,10:21:39,6.95,--,50,34750,卖盘
533,10:21:24,6.95,--,44,30580,卖盘
534,10:21:15,6.95,-0.01,12,8340,卖盘
535,10:20:48,6.96,--,19,13780,卖盘
536,10:20:30,6.96,--,100,69600,卖盘
537,10:20:15,6.96,-0.01,12,8352,卖盘
538,10:19:54,6.97,--,3,2091,买盘
539,10:19:45,6.97,--,25,17425,买盘
540,10:19:30,6.97,0.01,14,9758,买盘
541,10:19:18,6.96,--,1,835,卖盘
542,10:19:15,6.96,-0.01,11,7656,卖盘
543,10:19:06,6.97,--,186,129642,买盘
544,10:18:42,6.97,0.01,1,697,买盘
545,10:18:39,6.96,--,55,38280,卖盘
546,10:18:30,6.96,-0.01,8,5568,卖盘
547,10:18:24,6.97,--,6,4182,买盘
548,10:18:15,6.97,--,44,30668,买盘
549,10:18:06,6.97,--,5,3485,买盘
550,10:17:54,6.97,--,4,2788,买盘
551,10:17:45,6.97,--,34,23698,买盘
552,10:17:27,6.97,0.01,14,9758,买盘
553,10:17:15,6.96,--,31,21576,卖盘
554,10:17:03,6.96,--,2,1392,卖盘
555,10:16:54,6.96,--,164,114144,买盘
556,10:16:39,6.96,0.01,10,6960,买盘
557,10:16:15,6.95,--,11,7645,卖盘
558,10:16:03,6.95,-0.01,30,20850,卖盘
559,10:15:45,6.96,0.01,14,9744,买盘
560,10:15:15,6.95,--,11,7645,卖盘
561,10:14:57,6.95,--,153,106335,卖盘
562,10:14:48,6.95,--,40,27800,卖盘
563,10:14:27,6.95,-0.01,10,6950,卖盘
564,10:14:24,6.96,--,30,20880,买盘
565,10:14:21,6.96,0.01,14,9744,中性盘
566,10:14:15,6.95,-0.01,13,9035,卖盘
567,10:14:06,6.96,--,9,6264,买盘
568,10:13:48,6.96,0.01,86,59856,买盘
569,10:13:42,6.95,--,3,2085,卖盘
570,10:13:30,6.95,--,1,695,卖盘
571,10:13:15,6.95,-0.01,12,8340,卖盘
572,10:13:09,6.96,--,5,3480,买盘
573,10:13:00,6.96,0.01,18,12528,买盘
574,10:12:54,6.95,--,12,8340,卖盘
575,10:12:48,6.95,-0.01,19,13205,卖盘
576,10:12:45,6.96,0.01,8,5568,中性盘
577,10:12:33,6.95,-0.01,50,34750,卖盘
578,10:12:30,6.96,--,28,19488,卖盘
579,10:12:15,6.96,--,11,7656,卖盘
580,10:12:06,6.96,--,100,69600,卖盘
581,10:12:03,6.96,--,3,2088,卖盘
582,10:11:57,6.96,--,30,20880,卖盘
583,10:11:51,6.96,--,23,16008,卖盘
584,10:11:48,6.96,--,100,69600,卖盘
585,10:11:45,6.96,--,29,20184,卖盘
586,10:11:33,6.96,--,21,14616,卖盘
587,10:11:21,6.96,--,7,4872,卖盘
588,10:11:15,6.96,-0.01,11,7656,卖盘
589,10:11:00,6.97,0.01,2,1394,买盘
590,10:10:39,6.96,-0.01,72,50112,卖盘
591,10:10:27,6.97,0.01,9,6273,买盘
592,10:10:21,6.96,-0.01,114,79344,卖盘
593,10:10:18,6.97,--,50,34850,买盘
594,10:10:15,6.97,--,19,13243,买盘
595,10:10:03,6.97,0.01,55,38335,买盘
596,10:09:57,6.96,-0.01,2,1392,卖盘
597,10:09:51,6.97,0.01,10,6970,买盘
598,10:09:48,6.96,-0.01,3,2088,卖盘
599,10:09:45,6.97,--,20,13940,买盘
600,10:09:30,6.97,--,20,13940,买盘
601,10:09:27,6.97,--,21,14637,买盘
602,10:09:24,6.97,--,327,227919,卖盘
603,10:09:09,6.97,--,139,96883,卖盘
604,10:09:06,6.97,--,73,50881,卖盘
605,10:09:03,6.97,--,32,22304,卖盘
606,10:08:54,6.97,-0.01,2,1394,卖盘
607,10:08:48,6.98,--,24,16752,买盘
608,10:08:42,6.98,--,14,9772,买盘
609,10:08:21,6.98,0.01,210,146580,买盘
610,10:08:18,6.97,-0.01,50,34850,卖盘
611,10:07:51,6.98,--,5,3490,买盘
612,10:07:48,6.98,--,25,17450,买盘
613,10:07:39,6.98,--,41,28618,卖盘
614,10:07:36,6.98,-0.01,5,3490,卖盘
615,10:07:24,6.99,0.02,100,69900,买盘
616,10:07:21,6.97,-0.01,8,5576,卖盘
617,10:07:18,6.98,--,33,23034,卖盘
618,10:07:06,6.98,-0.01,110,76780,卖盘
619,10:06:42,6.99,0.01,7,4893,买盘
620,10:06:36,6.98,--,40,27920,卖盘
621,10:06:33,6.98,--,90,62820,卖盘
622,10:06:03,6.98,-0.01,14,9772,卖盘
623,10:05:39,6.99,0.01,14,9786,买盘
624,10:05:36,6.98,--,33,23034,卖盘
625,10:05:33,6.98,-0.01,22,15356,卖盘
626,10:05:30,6.99,--,361,252339,买盘
627,10:05:24,6.99,--,5,3495,买盘
628,10:05:21,6.99,--,37,25863,买盘
629,10:04:48,6.99,--,3,2097,买盘
630,10:04:42,6.99,--,30,20970,买盘
631,10:04:33,6.99,--,30,20970,买盘
632,10:04:21,6.99,--,72,50328,买盘
633,10:04:15,6.99,--,36,25164,买盘
634,10:04:12,6.99,--,50,34950,买盘
635,10:04:09,6.99,--,12,8388,买盘
636,10:04:00,6.99,--,10,6990,买盘
637,10:03:54,6.99,0.01,28,19572,买盘
638,10:03:51,6.98,-0.01,5,3490,卖盘
639,10:03:45,6.99,--,5,3495,买盘
640,10:03:39,6.99,--,27,18873,买盘
641,10:03:36,6.99,-0.01,64,44736,卖盘
642,10:03:27,7.0,--,17,11900,买盘
643,10:03:18,7.0,--,6,4200,买盘
644,10:03:12,7.0,0.01,500,350000,买盘
645,10:03:09,6.99,--,16,11184,买盘
646,10:03:06,6.99,0.01,50,34950,买盘
647,10:03:00,6.98,-0.01,3,2094,卖盘
648,10:02:57,6.99,--,30,20970,买盘
649,10:02:51,6.99,0.01,50,34950,买盘
650,10:02:45,6.98,--,20,13960,卖盘
651,10:02:42,6.98,--,34,23732,卖盘
652,10:02:39,6.98,--,29,20242,卖盘
653,10:02:27,6.98,-0.01,20,13960,卖盘
654,10:02:21,6.99,0.02,10,6990,买盘
655,10:01:54,6.97,-0.01,83,57851,卖盘
656,10:01:51,6.98,--,2,1396,卖盘
657,10:01:45,6.98,--,10,6980,卖盘
658,10:01:36,6.98,0.01,27,18846,买盘
659,10:01:33,6.97,-0.01,10,6970,卖盘
660,10:01:30,6.98,--,5,3490,买盘
661,10:01:21,6.98,--,8,5584,卖盘
662,10:01:18,6.98,--,7,4886,买盘
663,10:01:15,6.98,--,2,1396,买盘
664,10:01:09,6.98,--,150,104700,买盘
665,10:00:48,6.98,0.01,95,66310,买盘
666,10:00:45,6.97,-0.01,1,697,卖盘
667,10:00:27,6.98,--,81,56538,买盘
668,10:00:24,6.98,--,677,472546,买盘
669,10:00:21,6.98,--,21,14658,买盘
670,10:00:18,6.98,--,52,36296,卖盘
671,10:00:00,6.98,--,43,30014,卖盘
672,09:59:54,6.98,--,24,16752,买盘
673,09:59:45,6.98,--,14,9772,买盘
674,09:59:42,6.98,0.01,1,698,买盘
675,09:59:39,6.97,-0.01,2,1394,卖盘
676,09:59:36,6.98,--,10,6980,买盘
677,09:59:30,6.98,--,22,15356,买盘
678,09:59:21,6.98,--,21,14658,买盘
679,09:59:15,6.98,--,42,29316,买盘
680,09:59:09,6.98,--,13,9074,买盘
681,09:58:57,6.98,0.01,50,34900,买盘
682,09:58:51,6.97,-0.01,2,1394,卖盘
683,09:58:48,6.98,--,41,28618,买盘
684,09:58:42,6.98,--,1,698,买盘
685,09:58:27,6.98,0.01,14,9772,买盘
686,09:58:15,6.97,-0.01,137,95489,卖盘
687,09:58:12,6.98,0.01,6,4188,买盘
688,09:58:03,6.97,0.01,239,166583,买盘
689,09:57:54,6.96,-0.01,20,13920,卖盘
690,09:57:45,6.97,--,298,207706,卖盘
691,09:57:42,6.97,-0.01,5,3485,卖盘
692,09:57:39,6.98,0.01,12,8376,买盘
693,09:57:36,6.97,--,34,23698,卖盘
694,09:57:33,6.97,--,10,6970,卖盘
695,09:57:30,6.97,--,70,48790,卖盘
696,09:57:27,6.97,--,19,13243,卖盘
697,09:57:21,6.97,--,23,16031,卖盘
698,09:57:18,6.97,--,6,4182,卖盘
699,09:57:12,6.97,--,139,96883,卖盘
700,09:57:06,6.97,--,20,13940,卖盘
701,09:56:57,6.97,--,29,20213,卖盘
702,09:56:54,6.97,--,19,13243,卖盘
703,09:56:51,6.97,--,21,14637,卖盘
704,09:56:48,6.97,--,11,7667,卖盘
705,09:56:45,6.97,-0.01,4,2788,卖盘
706,09:56:42,6.98,0.01,14,9772,买盘
707,09:56:39,6.97,--,62,43214,卖盘
708,09:56:36,6.97,--,2,1394,卖盘
709,09:56:33,6.97,--,16,11152,卖盘
710,09:56:27,6.97,--,100,69700,卖盘
711,09:56:15,6.97,-0.01,3,2091,卖盘
712,09:56:06,6.98,-0.01,78,54444,卖盘
713,09:55:54,6.99,0.01,1,699,买盘
714,09:55:51,6.98,--,10,6980,卖盘
715,09:55:45,6.98,--,7,4886,买盘
716,09:55:33,6.98,-0.02,5,3490,中性盘
717,09:55:27,7.0,0.02,1359,951300,买盘
718,09:55:24,6.98,--,21,14658,买盘
719,09:55:18,6.98,-0.01,17,11866,中性盘
720,09:54:57,6.99,0.01,50,34950,买盘
721,09:54:51,6.98,--,28,19544,卖盘
722,09:54:39,6.98,-0.01,11,7678,卖盘
723,09:54:36,6.99,0.01,20,13980,买盘
724,09:54:33,6.98,--,13,9074,卖盘
725,09:54:30,6.98,--,50,34900,卖盘
726,09:54:24,6.98,0.01,210,146580,买盘
727,09:54:21,6.97,-0.01,6,4182,卖盘
728,09:54:18,6.98,--,127,88646,买盘
729,09:54:15,6.98,--,30,20940,买盘
730,09:54:06,6.98,--,1,698,买盘
731,09:54:03,6.98,--,14,9772,买盘
732,09:54:00,6.98,--,1,698,买盘
733,09:53:57,6.98,--,100,69800,买盘
734,09:53:54,6.98,0.01,34,23732,买盘
735,09:53:51,6.97,--,320,223040,卖盘
736,09:53:48,6.97,--,10,6970,卖盘
737,09:53:42,6.97,-0.01,414,288558,卖盘
738,09:53:33,6.98,0.01,18,12564,买盘
739,09:53:30,6.97,-0.01,10,6970,卖盘
740,09:53:24,6.98,0.01,20,13960,买盘
741,09:53:21,6.97,--,15,10455,卖盘
742,09:53:09,6.97,-0.01,18,12546,卖盘
743,09:53:06,6.98,--,4,2792,买盘
744,09:53:03,6.98,--,17,11866,买盘
745,09:53:00,6.98,--,14,9772,买盘
746,09:52:57,6.98,0.01,300,209400,买盘
747,09:52:45,6.97,--,67,46699,卖盘
748,09:52:42,6.97,-0.01,52,36244,卖盘
749,09:52:39,6.98,--,100,69800,买盘
750,09:52:33,6.98,0.01,88,61424,买盘
751,09:52:30,6.97,--,15,10455,卖盘
752,09:52:27,6.97,-0.01,150,104550,卖盘
753,09:52:24,6.98,--,114,79572,买盘
754,09:52:21,6.98,0.01,452,315496,买盘
755,09:52:15,6.97,-0.01,388,270436,卖盘
756,09:52:09,6.98,--,20,13960,买盘
757,09:52:06,6.98,0.01,80,55840,买盘
758,09:51:45,6.97,-0.01,74,51578,卖盘
759,09:51:42,6.98,--,128,89344,买盘
760,09:51:36,6.98,0.01,10,6980,买盘
761,09:51:27,6.97,-0.01,3,2091,卖盘
762,09:51:21,6.98,--,14,9772,买盘
763,09:51:15,6.98,--,5,3490,买盘
764,09:51:09,6.98,--,3,2094,买盘
765,09:51:03,6.98,0.01,5,3490,买盘
766,09:51:00,6.97,-0.01,16,11152,卖盘
767,09:50:54,6.98,--,49,34202,买盘
768,09:50:51,6.98,--,3,2094,买盘
769,09:50:42,6.98,--,2,1396,买盘
770,09:50:39,6.98,--,105,73290,买盘
771,09:50:36,6.98,-0.02,723,504654,卖盘
772,09:50:30,7.0,--,112,78400,买盘
773,09:50:24,7.0,0.02,14,9800,买盘
774,09:50:21,6.98,-0.02,171,119358,卖盘
775,09:50:18,7.0,-0.01,1,700,买盘
776,09:50:12,7.01,0.02,66,46266,买盘
777,09:50:09,6.99,--,60,41940,买盘
778,09:50:06,6.99,-0.01,108,75904,卖盘
779,09:50:03,7.0,--,63,44100,卖盘
780,09:49:57,7.0,--,23,16100,卖盘
781,09:49:54,7.0,0.01,878,614873,买盘
782,09:49:51,6.99,--,21,14679,卖盘
783,09:49:42,6.99,0.01,9,6291,卖盘
784,09:49:33,6.98,--,17,11879,买盘
785,09:49:30,6.98,-0.02,42,30000,卖盘
786,09:49:27,7.0,--,136,95200,买盘
787,09:49:18,7.0,0.02,57,39900,买盘
788,09:49:15,6.98,-0.02,93,64927,卖盘
789,09:49:12,7.0,0.01,500,350000,买盘
790,09:49:09,6.99,--,1,699,买盘
791,09:49:06,6.99,0.01,90,62910,买盘
792,09:49:03,6.98,-0.01,17,11866,卖盘
793,09:49:00,6.99,0.01,10,6990,买盘
794,09:48:54,6.98,-0.01,30,20940,卖盘
795,09:48:48,6.99,--,10,6990,买盘
796,09:48:45,6.99,-0.01,19,13281,中性盘
797,09:48:36,7.0,--,182,127400,买盘
798,09:48:27,7.0,0.04,182,127400,买盘
799,09:48:18,6.96,-0.02,50,34800,卖盘
800,09:48:15,6.98,0.02,116,80968,买盘
801,09:48:03,6.96,--,33,22968,卖盘
802,09:48:00,6.96,--,128,89094,买盘
803,09:47:57,6.96,--,167,116232,买盘
804,09:47:51,6.96,--,214,148944,买盘
805,09:47:48,6.96,0.01,233,162168,买盘
806,09:47:45,6.95,--,2,1390,卖盘
807,09:47:36,6.95,--,10,6950,卖盘
808,09:47:33,6.95,-0.01,87,60465,卖盘
809,09:47:30,6.96,--,263,183048,买盘
810,09:47:24,6.96,0.01,500,348000,买盘
811,09:47:15,6.95,--,34,23630,卖盘
812,09:47:12,6.95,--,33,22935,卖盘
813,09:47:09,6.95,--,20,13900,卖盘
814,09:47:00,6.95,--,5,3475,卖盘
815,09:46:57,6.95,-0.01,67,46565,卖盘
816,09:46:51,6.96,0.02,211,146856,买盘
817,09:46:45,6.94,-0.01,5,3470,卖盘
818,09:46:42,6.95,-0.01,7,4865,中性盘
819,09:46:33,6.96,0.01,246,171216,买盘
820,09:46:30,6.95,--,76,52820,卖盘
821,09:46:27,6.95,-0.01,4,2780,卖盘
822,09:46:18,6.96,--,305,212280,买盘
823,09:46:12,6.96,--,402,279792,买盘
824,09:46:09,6.96,-0.02,1653,1150488,卖盘
825,09:46:06,6.98,0.01,22,15356,买盘
826,09:45:57,6.97,-0.01,5,3485,卖盘
827,09:45:54,6.98,-0.01,14,9772,中性盘
828,09:45:48,6.99,-0.01,10,6990,中性盘
829,09:45:42,7.0,0.02,500,350000,买盘
830,09:45:39,6.98,0.01,15,10470,买盘
831,09:45:33,6.97,--,5,3485,卖盘
832,09:45:30,6.97,-0.03,30,20910,中性盘
833,09:45:21,7.0,0.03,1073,751100,买盘
834,09:45:18,6.97,--,30,20910,卖盘
835,09:45:09,6.97,--,20,13940,卖盘
836,09:45:06,6.97,-0.01,100,69700,卖盘
837,09:45:03,6.98,--,75,52350,买盘
838,09:45:00,6.98,--,5,3490,买盘
839,09:44:57,6.98,--,302,210796,买盘
840,09:44:45,6.98,0.01,74,51652,买盘
841,09:44:42,6.97,-0.01,60,41820,卖盘
842,09:44:39,6.98,--,57,39786,买盘
843,09:44:36,6.98,0.01,4,2792,买盘
844,09:44:33,6.97,--,67,46699,卖盘
845,09:44:30,6.97,--,100,69700,卖盘
846,09:44:27,6.97,--,163,113611,买盘
847,09:44:24,6.97,0.01,21,14637,买盘
848,09:44:18,6.96,-0.01,20,13920,卖盘
849,09:44:15,6.97,0.01,5,3485,买盘
850,09:44:12,6.96,--,42,29232,卖盘
851,09:44:09,6.96,-0.01,20,13920,卖盘
852,09:44:06,6.97,0.01,114,79458,买盘
853,09:44:03,6.96,--,10,6960,卖盘
854,09:44:00,6.96,--,524,364704,买盘
855,09:43:54,6.96,0.01,24,16704,买盘
856,09:43:51,6.95,--,85,59075,卖盘
857,09:43:48,6.95,--,20,13900,卖盘
858,09:43:45,6.95,-0.01,25,17375,卖盘
859,09:43:42,6.96,--,11,7656,买盘
860,09:43:36,6.96,--,192,133632,买盘
861,09:43:33,6.96,--,50,34800,买盘
862,09:43:30,6.96,0.01,62,43152,买盘
863,09:43:18,6.95,0.02,249,173055,买盘
864,09:43:15,6.93,-0.01,38,26334,卖盘
865,09:43:09,6.94,--,30,20820,卖盘
866,09:43:06,6.94,0.01,99,68706,买盘
867,09:42:57,6.93,-0.01,23,15939,卖盘
868,09:42:54,6.94,--,12,8328,买盘
869,09:42:48,6.94,0.01,30,20820,买盘
870,09:42:45,6.93,--,155,107969,买盘
871,09:42:39,6.93,--,3,2079,买盘
872,09:42:36,6.93,--,30,20790,买盘
873,09:42:30,6.93,--,5,3465,买盘
874,09:42:24,6.93,--,12,8316,买盘
875,09:42:12,6.93,--,1,831,卖盘
876,09:42:09,6.93,--,90,62370,卖盘
877,09:41:57,6.93,0.04,222,154400,买盘
878,09:41:51,6.89,--,82,56504,买盘
879,09:41:45,6.89,-0.02,87,60625,卖盘
880,09:41:39,6.91,--,49,33865,买盘
881,09:41:33,6.91,--,50,34550,买盘
882,09:41:30,6.91,0.01,31,21421,买盘
883,09:41:27,6.9,-0.01,15,10350,卖盘
884,09:41:24,6.91,--,115,79465,买盘
885,09:41:21,6.91,--,70,48370,买盘
886,09:41:15,6.91,-0.03,1598,1104750,卖盘
887,09:41:12,6.94,0.01,60,41640,买盘
888,09:41:06,6.93,--,252,174636,卖盘
889,09:41:03,6.93,0.01,286,198357,买盘
890,09:41:00,6.92,0.01,41,28372,买盘
891,09:40:45,6.91,-0.01,20,13820,卖盘
892,09:40:39,6.92,--,14,9688,买盘
893,09:40:36,6.92,0.01,50,34600,买盘
894,09:40:30,6.91,--,2,1382,卖盘
895,09:40:27,6.91,--,41,28331,买盘
896,09:40:24,6.91,0.01,15,10365,买盘
897,09:40:21,6.9,--,20,13800,卖盘
898,09:40:15,6.9,0.01,12,8280,买盘
899,09:39:54,6.89,0.01,27,18603,买盘
900,09:39:51,6.88,0.02,6,4128,中性盘
901,09:39:36,6.86,--,18,12348,买盘
902,09:39:21,6.86,0.02,56,38416,买盘
903,09:39:15,6.84,-0.01,6,4104,卖盘
904,09:39:09,6.85,--,61,41785,买盘
905,09:39:03,6.85,0.02,59,40415,买盘
906,09:39:00,6.83,-0.02,9,6147,卖盘
907,09:38:57,6.85,0.01,1,685,买盘
908,09:38:51,6.84,0.02,8,5472,买盘
909,09:38:48,6.82,-0.01,39,26598,卖盘
910,09:38:45,6.83,--,56,38248,买盘
911,09:38:33,6.83,--,56,38248,买盘
912,09:38:24,6.83,--,45,30735,买盘
913,09:38:21,6.83,--,27,18441,买盘
914,09:38:18,6.83,0.01,109,74447,买盘
915,09:38:12,6.82,--,12,8184,卖盘
916,09:38:03,6.82,--,18,12276,买盘
917,09:37:57,6.82,--,2,1364,买盘
918,09:37:54,6.82,--,210,143220,买盘
919,09:37:39,6.82,--,6,4092,卖盘
920,09:37:33,6.82,0.01,12,8184,中性盘
921,09:37:30,6.81,--,8,5448,卖盘
922,09:37:24,6.81,--,124,84450,买盘
923,09:37:21,6.81,0.01,65,44265,买盘
924,09:37:18,6.8,-0.01,100,68000,卖盘
925,09:37:12,6.81,--,2,1362,买盘
926,09:37:00,6.81,--,113,76953,买盘
927,09:36:39,6.81,--,18,12258,买盘
928,09:36:36,6.81,0.01,200,136200,买盘
929,09:36:33,6.8,-0.01,23,15640,卖盘
930,09:36:27,6.81,0.01,1,681,买盘
931,09:36:15,6.8,-0.01,41,27880,卖盘
932,09:36:12,6.81,0.01,8,5448,买盘
933,09:36:06,6.8,--,2,1360,卖盘
934,09:36:03,6.8,--,10,6800,卖盘
935,09:35:51,6.8,-0.01,1,680,卖盘
936,09:35:48,6.81,-0.01,87,59247,卖盘
937,09:35:39,6.82,0.01,14,9548,买盘
938,09:35:36,6.81,-0.01,16,10896,卖盘
939,09:35:33,6.82,0.01,55,37510,买盘
940,09:35:30,6.81,-0.01,1,681,卖盘
941,09:35:15,6.82,--,10,6820,买盘
942,09:35:06,6.82,0.01,8,5456,买盘
943,09:35:00,6.81,--,40,27240,卖盘
944,09:34:57,6.81,--,10,6810,卖盘
945,09:34:54,6.81,--,15,10215,卖盘
946,09:34:42,6.81,--,3,2042,卖盘
947,09:34:36,6.81,--,4,2724,卖盘
948,09:34:33,6.81,-0.01,19,12939,卖盘
949,09:34:30,6.82,0.01,5,3410,买盘
950,09:34:24,6.81,--,25,17025,卖盘
951,09:34:21,6.81,-0.01,102,69462,卖盘
952,09:34:18,6.82,--,2,1364,买盘
953,09:34:12,6.82,0.01,50,34100,买盘
954,09:34:06,6.81,-0.01,12,8171,卖盘
955,09:34:03,6.82,--,25,17050,买盘
956,09:33:57,6.82,0.01,2,1364,买盘
957,09:33:51,6.81,-0.02,9,6129,卖盘
958,09:33:48,6.83,--,155,105865,买盘
959,09:33:30,6.83,--,53,36199,买盘
960,09:33:27,6.83,--,10,6830,买盘
961,09:33:21,6.83,0.02,22,15026,买盘
962,09:33:18,6.81,--,141,96021,卖盘
963,09:33:15,6.81,--,1,681,卖盘
964,09:33:06,6.81,--,3,2042,卖盘
965,09:33:03,6.81,--,17,11577,卖盘
966,09:33:00,6.81,--,4,2724,卖盘
967,09:32:51,6.81,--,104,70824,买盘
968,09:32:48,6.81,--,14,9534,卖盘
969,09:32:42,6.81,--,5,3405,卖盘
970,09:32:30,6.81,0.01,18,12258,买盘
971,09:32:21,6.8,--,1,680,卖盘
972,09:32:00,6.8,--,12,8160,买盘
973,09:31:57,6.8,-0.04,47,31960,卖盘
974,09:31:51,6.84,--,10,6840,买盘
975,09:31:48,6.84,--,10,6840,买盘
976,09:31:42,6.84,0.04,2,1368,中性盘
977,09:31:21,6.8,0.01,6,4080,买盘
978,09:31:09,6.79,-0.01,7,4753,卖盘
979,09:31:06,6.8,0.01,3,2040,买盘
980,09:31:00,6.79,--,58,39382,卖盘
981,09:30:57,6.79,--,48,32592,卖盘
982,09:30:54,6.79,--,138,93702,卖盘
983,09:30:39,6.79,--,20,13580,卖盘
984,09:30:36,6.79,-0.01,10,6790,卖盘
985,09:30:33,6.8,--,20,13600,买盘
986,09:30:30,6.8,--,10,6800,买盘
987,09:30:21,6.8,-0.03,212,144160,卖盘
988,09:30:18,6.83,--,15,10245,买盘
989,09:30:06,6.83,0.01,334,228122,买盘
990,09:30:03,6.82,-0.01,251,171182,卖盘
991,09:30:00,6.83,--,0,0,买盘
992,09:25:03,6.83,6.83,103,70349,买盘
