,time,price,change,volume,amount,type
0,15:00:03,4.64,--,726,336864,卖盘
1,14:57:00,4.64,--,0,0,卖盘
2,14:56:54,4.64,--,136,63558,买盘
3,14:56:51,4.64,--,180,83520,买盘
4,14:56:27,4.64,--,14,6496,买盘
5,14:56:24,4.64,--,15,6959,买盘
6,14:56:21,4.64,--,7,3248,买盘
7,14:56:18,4.64,0.01,315,146160,买盘
8,14:56:15,4.63,-0.01,190,87970,卖盘
9,14:56:09,4.64,--,32,14847,买盘
10,14:56:03,4.64,0.01,23,10672,买盘
11,14:55:57,4.63,-0.01,137,63431,卖盘
12,14:55:54,4.64,0.01,3,1392,买盘
13,14:55:51,4.63,--,41,18983,卖盘
14,14:55:48,4.63,-0.01,21,9723,卖盘
15,14:55:45,4.64,0.01,5,2320,买盘
16,14:55:36,4.63,-0.01,45,20835,卖盘
17,14:55:27,4.64,0.01,52,24128,买盘
18,14:55:21,4.63,-0.01,61,28243,卖盘
19,14:55:15,4.64,--,160,74240,买盘
20,14:55:12,4.64,--,24,11136,买盘
21,14:55:09,4.64,--,10,4640,买盘
22,14:55:06,4.64,--,3,1392,买盘
23,14:54:54,4.64,0.01,100,46400,买盘
24,14:54:39,4.63,--,40,18520,卖盘
25,14:54:36,4.63,-0.01,26,12038,卖盘
26,14:54:30,4.64,--,10,4640,买盘
27,14:54:21,4.64,--,50,23200,买盘
28,14:54:18,4.64,--,126,58463,买盘
29,14:54:12,4.64,--,84,38976,买盘
30,14:54:06,4.64,0.01,20,9280,买盘
31,14:54:03,4.63,-0.01,14,6482,卖盘
32,14:54:00,4.64,--,10,4640,买盘
33,14:53:48,4.64,--,20,9280,买盘
34,14:53:45,4.64,--,1,463,买盘
35,14:53:36,4.64,--,22,10208,买盘
36,14:53:30,4.64,--,150,69609,卖盘
37,14:53:24,4.64,--,9,4176,卖盘
38,14:53:21,4.64,--,100,46400,卖盘
39,14:53:12,4.64,--,220,102534,买盘
40,14:53:09,4.64,--,1,463,买盘
41,14:53:06,4.64,--,211,97904,买盘
42,14:52:51,4.64,--,140,64959,买盘
43,14:52:45,4.64,--,20,9280,买盘
44,14:52:42,4.64,--,120,55679,买盘
45,14:52:39,4.64,0.01,12,5568,买盘
46,14:52:24,4.63,--,21,9723,卖盘
47,14:52:15,4.63,-0.01,5,2315,卖盘
48,14:52:03,4.64,0.01,51,23664,买盘
49,14:52:00,4.63,--,10,4630,卖盘
50,14:51:51,4.63,-0.01,6,2778,卖盘
51,14:51:48,4.64,--,5,2320,买盘
52,14:51:45,4.64,--,20,9280,买盘
53,14:51:36,4.64,0.01,338,156832,买盘
54,14:51:30,4.63,-0.01,1,463,卖盘
55,14:51:24,4.64,--,5,2320,买盘
56,14:51:18,4.64,--,20,9280,买盘
57,14:51:03,4.64,0.01,2,927,买盘
58,14:50:51,4.63,-0.01,125,57875,卖盘
59,14:50:39,4.64,--,16,7423,买盘
60,14:50:36,4.64,--,83,38855,卖盘
61,14:50:30,4.64,--,64,29695,卖盘
62,14:50:27,4.64,--,77,35728,卖盘
63,14:50:24,4.64,--,109,50576,卖盘
64,14:50:18,4.64,--,500,231999,卖盘
65,14:50:00,4.64,--,7,3248,卖盘
66,14:49:51,4.64,--,101,46864,卖盘
67,14:49:27,4.64,--,8,3711,卖盘
68,14:49:21,4.64,-0.01,500,231999,卖盘
69,14:49:18,4.65,0.01,15,6975,买盘
70,14:49:15,4.64,-0.01,404,187456,卖盘
71,14:49:09,4.65,--,20,9300,买盘
72,14:49:06,4.65,0.01,8,3720,买盘
73,14:48:57,4.64,--,2,927,卖盘
74,14:48:54,4.64,--,20,9280,卖盘
75,14:48:45,4.64,--,58,26911,卖盘
76,14:48:39,4.64,--,4,1855,卖盘
77,14:48:36,4.64,--,58,27037,卖盘
78,14:48:27,4.64,--,50,23200,卖盘
79,14:48:18,4.64,--,61,28303,卖盘
80,14:48:06,4.64,--,42,19947,卖盘
81,14:48:00,4.64,--,5,2320,卖盘
82,14:47:57,4.64,--,3,1392,卖盘
83,14:47:42,4.64,-0.01,146,67744,卖盘
84,14:47:39,4.65,0.01,1,465,买盘
85,14:47:36,4.64,--,500,231999,卖盘
86,14:47:15,4.64,-0.01,19,8816,卖盘
87,14:47:12,4.65,0.01,23,10695,买盘
88,14:47:06,4.64,-0.01,50,23200,卖盘
89,14:47:00,4.65,0.01,3,1395,买盘
90,14:46:54,4.64,-0.01,10,4640,卖盘
91,14:46:51,4.65,0.01,68,31620,买盘
92,14:46:48,4.64,-0.01,16,7423,卖盘
93,14:46:42,4.65,--,2,930,买盘
94,14:46:36,4.65,0.01,6,2790,买盘
95,14:46:33,4.64,--,12,5568,卖盘
96,14:46:09,4.64,-0.01,60,27839,卖盘
97,14:46:03,4.65,0.01,3,1395,买盘
98,14:45:48,4.64,--,22,10208,卖盘
99,14:45:39,4.64,-0.01,56,25984,卖盘
100,14:45:06,4.65,0.01,24,11160,买盘
101,14:44:57,4.64,--,445,206480,卖盘
102,14:44:51,4.64,-0.01,200,92800,卖盘
103,14:44:45,4.65,0.01,29,13485,买盘
104,14:44:42,4.64,-0.01,7,3248,卖盘
105,14:44:06,4.65,--,8,3720,买盘
106,14:44:00,4.65,--,13,6045,买盘
107,14:43:48,4.65,--,18,8370,卖盘
108,14:43:45,4.65,--,6,2790,买盘
109,14:43:39,4.65,--,14,6510,卖盘
110,14:43:15,4.65,--,86,39990,买盘
111,14:43:12,4.65,--,6,2790,买盘
112,14:43:06,4.65,--,5,2325,买盘
113,14:43:03,4.65,--,9,4185,买盘
114,14:43:00,4.65,--,24,11160,买盘
115,14:42:57,4.65,--,2,930,买盘
116,14:42:45,4.65,--,20,9300,买盘
117,14:42:39,4.65,--,12,5580,买盘
118,14:42:33,4.65,--,5,2325,买盘
119,14:42:30,4.65,--,20,9300,买盘
120,14:42:18,4.65,--,5,2325,买盘
121,14:42:15,4.65,--,30,13950,买盘
122,14:42:09,4.65,--,20,9300,买盘
123,14:42:03,4.65,--,10,4650,买盘
124,14:41:39,4.65,--,50,23250,买盘
125,14:41:12,4.65,--,5,2325,买盘
126,14:41:06,4.65,--,9,4185,买盘
127,14:41:03,4.65,--,116,53940,卖盘
128,14:40:48,4.65,--,1,465,买盘
129,14:40:45,4.65,0.01,34,15810,中性盘
130,14:40:42,4.64,-0.01,35,16239,卖盘
131,14:40:33,4.65,--,614,285510,买盘
132,14:40:27,4.65,--,11,5115,买盘
133,14:40:24,4.65,0.01,7,3255,买盘
134,14:40:18,4.64,-0.01,25,11600,卖盘
135,14:40:15,4.65,--,1,465,买盘
136,14:40:03,4.65,--,30,13950,买盘
137,14:39:39,4.65,--,312,145080,卖盘
138,14:39:36,4.65,--,1800,837000,卖盘
139,14:39:33,4.65,--,1,465,卖盘
140,14:39:24,4.65,--,10,4650,卖盘
141,14:39:12,4.65,-0.01,300,139500,卖盘
142,14:39:00,4.66,0.01,17,7922,买盘
143,14:38:57,4.65,--,5,2325,卖盘
144,14:38:36,4.65,--,18,8370,卖盘
145,14:38:33,4.65,--,2,930,卖盘
146,14:38:30,4.65,-0.01,21,9765,卖盘
147,14:38:15,4.66,--,10,4660,买盘
148,14:37:48,4.66,0.01,56,26096,买盘
149,14:37:27,4.65,--,307,142755,卖盘
150,14:37:24,4.65,--,2,930,卖盘
151,14:37:21,4.65,--,20,9300,卖盘
152,14:37:18,4.65,--,38,17670,卖盘
153,14:37:12,4.65,--,20,9300,卖盘
154,14:36:48,4.65,-0.01,64,29760,卖盘
155,14:36:45,4.66,--,18,8388,买盘
156,14:36:15,4.66,-0.01,444,206904,卖盘
157,14:36:09,4.67,--,1,467,买盘
158,14:36:06,4.67,0.01,2,934,买盘
159,14:36:03,4.66,-0.01,20,9320,卖盘
160,14:35:54,4.67,0.01,109,50903,买盘
161,14:35:48,4.66,--,3,1398,卖盘
162,14:35:45,4.66,--,13,6058,卖盘
163,14:35:27,4.66,--,27,12582,卖盘
164,14:35:21,4.66,--,794,370004,卖盘
165,14:35:18,4.66,--,22,10252,卖盘
166,14:35:12,4.66,--,17,7922,卖盘
167,14:35:03,4.66,--,50,23300,卖盘
168,14:35:00,4.66,--,3,1398,卖盘
169,14:34:51,4.66,--,350,163100,卖盘
170,14:34:45,4.66,--,13,6058,卖盘
171,14:34:21,4.66,--,1,466,卖盘
172,14:34:18,4.66,-0.01,20,9320,卖盘
173,14:34:09,4.67,--,1,467,买盘
174,14:33:33,4.67,--,2,934,买盘
175,14:33:30,4.67,--,20,9340,买盘
176,14:33:27,4.67,--,132,61644,买盘
177,14:33:06,4.67,0.01,7,3269,买盘
178,14:32:57,4.66,-0.01,20,9320,卖盘
179,14:32:12,4.67,--,8,3736,买盘
180,14:32:09,4.67,-0.01,36,16812,卖盘
181,14:32:03,4.68,0.01,1,468,买盘
182,14:31:57,4.67,--,18,8406,卖盘
183,14:31:30,4.67,--,40,18680,卖盘
184,14:31:21,4.67,--,2,934,卖盘
185,14:31:12,4.67,--,7,3269,卖盘
186,14:30:54,4.67,--,30,14010,卖盘
187,14:30:36,4.67,--,10,4670,卖盘
188,14:30:30,4.67,--,14,6538,卖盘
189,14:30:06,4.67,--,5,2335,卖盘
190,14:30:03,4.67,--,21,9807,买盘
191,14:29:42,4.67,--,16,7472,买盘
192,14:29:24,4.67,0.01,228,106476,买盘
193,14:29:21,4.66,--,1,466,卖盘
194,14:29:03,4.66,--,2,932,卖盘
195,14:28:57,4.66,-0.01,14,6524,卖盘
196,14:28:48,4.67,0.01,30,14010,买盘
197,14:27:36,4.66,--,43,20038,卖盘
198,14:26:33,4.66,-0.01,160,74560,卖盘
199,14:26:27,4.67,--,120,56040,买盘
200,14:25:36,4.67,0.01,7,3269,买盘
201,14:25:15,4.66,-0.01,9,4194,卖盘
202,14:24:12,4.67,--,50,23350,买盘
203,14:24:06,4.67,--,346,161582,卖盘
204,14:23:39,4.67,--,5,2335,卖盘
205,14:23:36,4.67,--,3,1401,卖盘
206,14:23:09,4.67,-0.01,50,23350,卖盘
207,14:22:51,4.68,--,300,140400,买盘
208,14:22:18,4.68,--,50,23400,买盘
209,14:21:57,4.68,0.01,3,1404,买盘
210,14:21:54,4.67,-0.01,1,467,卖盘
211,14:21:48,4.68,--,5,2340,买盘
212,14:21:45,4.68,--,2,936,买盘
213,14:21:27,4.68,0.01,119,55692,买盘
214,14:21:00,4.67,--,50,23350,买盘
215,14:20:51,4.67,--,9,4203,买盘
216,14:20:45,4.67,--,25,11675,买盘
217,14:20:36,4.67,--,2,934,买盘
218,14:20:15,4.67,--,48,22416,买盘
219,14:19:42,4.67,--,10,4670,买盘
220,14:19:39,4.67,--,1,467,买盘
221,14:19:24,4.67,--,60,28020,买盘
222,14:19:03,4.67,--,6,2802,卖盘
223,14:18:54,4.67,0.01,64,29888,中性盘
224,14:18:51,4.66,-0.02,60,27960,卖盘
225,14:18:48,4.68,--,2,936,买盘
226,14:18:36,4.68,0.02,10,4680,买盘
227,14:18:24,4.66,--,60,27960,卖盘
228,14:18:21,4.66,-0.02,76,35416,卖盘
229,14:18:18,4.68,--,2,936,买盘
230,14:18:15,4.68,0.02,3,1404,买盘
231,14:18:06,4.66,--,64,29824,卖盘
232,14:18:03,4.66,--,48,22368,卖盘
233,14:17:51,4.66,--,56,26096,卖盘
234,14:17:48,4.66,--,64,29824,卖盘
235,14:17:45,4.66,-0.02,76,35416,卖盘
236,14:17:39,4.68,0.01,40,18720,买盘
237,14:17:33,4.67,--,26,12142,卖盘
238,14:17:30,4.67,--,64,29888,卖盘
239,14:17:27,4.67,-0.01,136,63512,卖盘
240,14:17:24,4.68,--,42,19656,买盘
241,14:17:15,4.68,-0.01,64,29952,卖盘
242,14:16:57,4.69,--,2,938,买盘
243,14:16:48,4.69,--,1249,585781,买盘
244,14:16:45,4.69,0.01,31,14539,买盘
245,14:16:24,4.68,--,30,14040,卖盘
246,14:16:18,4.68,--,501,234468,买盘
247,14:16:12,4.68,0.01,300,140400,买盘
248,14:15:45,4.67,0.01,578,269926,买盘
249,14:15:27,4.66,--,8,3728,卖盘
250,14:15:09,4.66,--,952,443632,买盘
251,14:14:57,4.66,0.01,5,2330,买盘
252,14:14:30,4.65,--,20,9300,卖盘
253,14:14:03,4.65,--,50,23250,卖盘
254,14:13:30,4.65,-0.01,49,22785,卖盘
255,14:13:06,4.66,0.01,4,1864,买盘
256,14:13:03,4.65,--,5,2325,卖盘
257,14:13:00,4.65,--,18,8370,卖盘
258,14:12:48,4.65,--,29,13485,买盘
259,14:12:39,4.65,--,40,18600,买盘
260,14:12:33,4.65,--,2,930,卖盘
261,14:12:24,4.65,--,108,50220,买盘
262,14:11:36,4.65,--,40,18600,买盘
263,14:11:12,4.65,--,2,930,买盘
264,14:10:54,4.65,0.01,50,23250,买盘
265,14:10:45,4.64,--,2,927,卖盘
266,14:10:30,4.64,--,30,13919,卖盘
267,14:10:09,4.64,--,3,1392,卖盘
268,14:09:54,4.64,-0.01,2,927,卖盘
269,14:09:48,4.65,0.01,1,465,买盘
270,14:09:45,4.64,--,2,927,卖盘
271,14:09:15,4.64,--,40,18560,卖盘
272,14:08:33,4.64,--,25,11600,卖盘
273,14:08:15,4.64,--,149,69136,卖盘
274,14:08:06,4.64,--,2,927,卖盘
275,14:08:03,4.64,--,3,1392,卖盘
276,14:07:45,4.64,--,2,927,卖盘
277,14:07:09,4.64,-0.01,58,26911,卖盘
278,14:07:03,4.65,0.01,20,9300,买盘
279,14:06:39,4.64,-0.01,60,27839,卖盘
280,14:05:45,4.65,--,60,27900,买盘
281,14:04:36,4.65,--,1,465,买盘
282,14:04:33,4.65,0.01,2,930,买盘
283,14:04:24,4.64,--,3,1392,卖盘
284,14:04:21,4.64,--,40,18560,卖盘
285,14:04:15,4.64,--,113,52432,卖盘
286,14:03:36,4.64,--,100,46400,卖盘
287,14:03:30,4.64,-0.01,34,15775,卖盘
288,14:03:12,4.65,0.01,50,23250,买盘
289,14:03:06,4.64,--,2,927,卖盘
290,14:02:51,4.64,--,23,10672,卖盘
291,14:02:39,4.64,-0.01,43,19952,卖盘
292,14:02:36,4.65,0.01,20,9300,买盘
293,14:02:24,4.64,--,67,31087,买盘
294,14:02:21,4.64,0.01,11,5104,买盘
295,14:02:00,4.63,-0.01,60,27780,卖盘
296,14:01:39,4.64,--,5,2320,买盘
297,14:01:33,4.64,--,5,2320,买盘
298,14:01:15,4.64,--,5,2320,买盘
299,14:00:30,4.64,--,24,11136,买盘
300,14:00:27,4.64,--,22,10208,买盘
301,14:00:18,4.64,--,9,4176,卖盘
302,13:59:00,4.64,0.01,22,10620,买盘
303,13:58:57,4.63,-0.01,10,4630,卖盘
304,13:58:48,4.64,--,2,927,买盘
305,13:58:36,4.64,0.01,67,31087,买盘
306,13:58:33,4.63,-0.01,1,463,卖盘
307,13:58:27,4.64,--,6,2784,买盘
308,13:58:00,4.64,-0.01,127,58979,卖盘
309,13:57:33,4.65,0.01,2,930,买盘
310,13:57:27,4.64,-0.01,2,927,卖盘
311,13:57:21,4.65,0.01,20,9300,买盘
312,13:57:09,4.64,-0.01,100,46400,卖盘
313,13:56:42,4.65,0.01,33,15345,中性盘
314,13:56:00,4.64,-0.01,1314,609696,卖盘
315,13:55:57,4.65,--,79,36735,卖盘
316,13:55:33,4.65,--,16,7440,卖盘
317,13:55:24,4.65,--,40,18600,卖盘
318,13:55:21,4.65,--,30,13950,卖盘
319,13:55:00,4.65,--,1,465,卖盘
320,13:54:57,4.65,--,100,46500,卖盘
321,13:54:06,4.65,-0.01,6,2790,卖盘
322,13:54:00,4.66,--,10,4660,买盘
323,13:53:18,4.66,--,8,3728,买盘
324,13:52:54,4.66,0.01,1,466,买盘
325,13:52:48,4.65,-0.01,20,9300,卖盘
326,13:52:18,4.66,--,15,6990,买盘
327,13:52:15,4.66,0.01,9,4194,买盘
328,13:52:06,4.65,-0.01,5,2325,卖盘
329,13:51:15,4.66,0.01,44,20504,买盘
330,13:49:30,4.65,-0.01,10,4650,卖盘
331,13:49:24,4.66,--,121,56386,买盘
332,13:49:21,4.66,0.01,10,4660,买盘
333,13:49:09,4.65,--,1,465,卖盘
334,13:49:06,4.65,-0.01,5,2325,卖盘
335,13:48:21,4.66,0.01,4,1864,买盘
336,13:47:48,4.65,--,1,465,卖盘
337,13:47:24,4.65,-0.01,17,7905,卖盘
338,13:47:15,4.66,--,43,20038,卖盘
339,13:46:45,4.66,--,1082,504212,卖盘
340,13:45:51,4.66,-0.01,30,13980,卖盘
341,13:45:39,4.67,--,30,14010,买盘
342,13:45:36,4.67,0.01,1,467,买盘
343,13:44:09,4.66,--,20,9320,卖盘
344,13:43:57,4.66,--,62,28892,买盘
345,13:43:00,4.66,0.01,7,3262,买盘
346,13:42:36,4.65,--,10,4650,卖盘
347,13:42:09,4.65,--,16,7440,卖盘
348,13:41:57,4.65,-0.01,4,1860,卖盘
349,13:41:54,4.66,0.01,1,466,买盘
350,13:41:30,4.65,--,80,37200,卖盘
351,13:41:24,4.65,--,178,83002,卖盘
352,13:41:12,4.65,--,30,13950,卖盘
353,13:41:09,4.65,--,10,4650,卖盘
354,13:41:03,4.65,--,29,13485,买盘
355,13:40:45,4.65,--,30,13950,买盘
356,13:39:36,4.65,--,121,56265,卖盘
357,13:39:18,4.65,--,10,4650,卖盘
358,13:39:06,4.65,-0.01,23,10695,卖盘
359,13:38:51,4.66,0.01,20,9320,买盘
360,13:38:39,4.65,-0.01,14,6510,卖盘
361,13:38:12,4.66,0.01,1,466,买盘
362,13:37:21,4.65,-0.01,20,9300,卖盘
363,13:36:36,4.66,--,6,2796,买盘
364,13:35:33,4.66,0.01,2,932,买盘
365,13:35:27,4.65,-0.01,30,13950,卖盘
366,13:34:57,4.66,--,4,1864,买盘
367,13:34:54,4.66,--,0,419,卖盘
368,13:34:48,4.66,--,2,932,卖盘
369,13:34:39,4.66,0.01,163,76004,买盘
370,13:33:57,4.65,-0.01,25,11625,卖盘
371,13:33:48,4.66,0.01,12,5592,买盘
372,13:32:39,4.65,--,73,33945,卖盘
373,13:32:27,4.65,--,1,465,卖盘
374,13:32:06,4.65,-0.01,40,18600,卖盘
375,13:31:54,4.66,0.01,30,13980,买盘
376,13:31:51,4.65,-0.01,5,2325,卖盘
377,13:31:33,4.66,0.01,237,110442,买盘
378,13:31:24,4.65,--,4,1860,卖盘
379,13:31:18,4.65,--,12,5580,卖盘
380,13:31:09,4.65,--,52,24180,卖盘
381,13:29:30,4.65,--,29,13485,卖盘
382,13:29:06,4.65,--,25,11625,买盘
383,13:29:00,4.65,0.01,100,46500,买盘
384,13:28:45,4.64,-0.01,50,23200,卖盘
385,13:28:03,4.65,--,16,7440,买盘
386,13:27:18,4.65,--,100,46500,买盘
387,13:27:06,4.65,--,147,68355,卖盘
388,13:26:36,4.65,--,10,4650,卖盘
389,13:26:33,4.65,--,100,46500,卖盘
390,13:26:21,4.65,--,42,19530,卖盘
391,13:26:12,4.65,--,50,23250,卖盘
392,13:25:54,4.65,--,10,4650,卖盘
393,13:25:45,4.65,--,61,28365,卖盘
394,13:25:42,4.65,--,11,5115,卖盘
395,13:25:09,4.65,--,100,46500,卖盘
396,13:24:48,4.65,--,90,41850,卖盘
397,13:24:42,4.65,-0.01,39,18135,卖盘
398,13:23:15,4.66,0.01,2,932,买盘
399,13:22:54,4.65,--,3,1395,卖盘
400,13:22:36,4.65,--,4,1860,卖盘
401,13:22:09,4.65,--,5,2325,卖盘
402,13:22:03,4.65,--,20,9300,卖盘
403,13:20:27,4.65,-0.01,91,42315,卖盘
404,13:19:54,4.66,0.01,1,466,买盘
405,13:19:45,4.65,--,11,5115,卖盘
406,13:19:30,4.65,--,5,2325,卖盘
407,13:18:51,4.65,-0.01,31,14415,卖盘
408,13:18:36,4.66,--,60,27960,买盘
409,13:17:51,4.66,--,30,13980,买盘
410,13:17:48,4.66,0.01,18,8388,买盘
411,13:17:33,4.65,-0.01,32,14880,卖盘
412,13:16:18,4.66,--,9,4194,买盘
413,13:15:54,4.66,--,51,24185,卖盘
414,13:15:51,4.66,--,500,233000,卖盘
415,13:15:45,4.66,--,515,239990,卖盘
416,13:15:36,4.66,--,3,1398,卖盘
417,13:15:27,4.66,--,200,93200,卖盘
418,13:14:24,4.66,--,100,46600,卖盘
419,13:14:21,4.66,--,10,4660,卖盘
420,13:14:12,4.66,--,50,23300,卖盘
421,13:13:57,4.66,--,50,23300,卖盘
422,13:13:42,4.66,--,50,23300,卖盘
423,13:12:27,4.66,-0.01,2,932,卖盘
424,13:11:51,4.67,0.01,1,467,买盘
425,13:11:27,4.66,--,1,466,卖盘
426,13:10:09,4.66,-0.01,13,6058,卖盘
427,13:10:06,4.67,0.01,10,4670,买盘
428,13:09:45,4.66,-0.01,0,46,卖盘
429,13:09:30,4.67,--,33,15411,买盘
430,13:09:27,4.67,--,332,155044,卖盘
431,13:09:18,4.67,--,218,101806,买盘
432,13:08:54,4.67,--,2,934,买盘
433,13:08:15,4.67,0.01,79,36893,买盘
434,13:08:03,4.66,--,248,115568,卖盘
435,13:06:57,4.66,--,10,4660,卖盘
436,13:06:51,4.66,--,5,2330,卖盘
437,13:06:39,4.66,--,11,5126,卖盘
438,13:06:15,4.66,--,25,11650,卖盘
439,13:06:03,4.66,--,20,9320,卖盘
440,13:05:45,4.66,-0.01,26,12116,卖盘
441,13:05:30,4.67,--,25,11675,买盘
442,13:05:12,4.67,0.01,100,46700,买盘
443,13:05:09,4.66,-0.01,20,9320,卖盘
444,13:04:30,4.67,--,2,934,买盘
445,13:04:24,4.67,--,50,23350,买盘
446,13:04:12,4.67,--,42,19614,买盘
447,13:04:06,4.67,--,17,7939,买盘
448,13:03:42,4.67,0.01,24,11208,买盘
449,13:03:33,4.66,--,1,466,卖盘
450,13:03:15,4.66,-0.01,10,4660,卖盘
451,13:03:00,4.67,0.01,10,4670,买盘
452,13:01:48,4.66,--,50,23300,卖盘
453,13:01:45,4.66,-0.01,10,4660,卖盘
454,13:01:42,4.67,--,2,934,买盘
455,13:01:39,4.67,0.01,36,16812,买盘
456,13:01:06,4.66,--,7,3262,卖盘
457,13:00:12,4.66,--,1,466,卖盘
458,13:00:09,4.66,--,9,4194,卖盘
459,13:00:06,4.66,--,3,1398,卖盘
460,13:00:03,4.66,--,207,96462,买盘
461,13:00:00,4.66,--,0,0,买盘
462,11:30:00,4.66,--,0,0,买盘
463,11:29:36,4.66,--,200,93200,买盘
464,11:28:18,4.66,0.01,10,4660,买盘
465,11:28:09,4.65,-0.01,12,5580,卖盘
466,11:27:24,4.66,--,2,932,买盘
467,11:27:00,4.66,0.01,9,4194,买盘
468,11:26:15,4.65,--,5,2325,卖盘
469,11:25:09,4.65,--,119,55335,卖盘
470,11:24:36,4.65,--,18,8370,卖盘
471,11:23:06,4.65,-0.01,17,7905,卖盘
472,11:23:00,4.66,0.01,3,1398,买盘
473,11:22:42,4.65,--,1,465,卖盘
474,11:22:27,4.65,-0.01,11,5115,卖盘
475,11:21:27,4.66,0.01,90,41940,买盘
476,11:19:45,4.65,--,14,6510,卖盘
477,11:19:42,4.65,--,35,16275,卖盘
478,11:19:39,4.65,-0.01,6,2790,卖盘
479,11:18:45,4.66,0.01,41,19106,买盘
480,11:17:21,4.65,--,8,3720,卖盘
481,11:16:45,4.65,-0.01,20,9300,卖盘
482,11:16:24,4.66,0.01,4,1864,买盘
483,11:16:18,4.65,0.01,1,465,中性盘
484,11:15:51,4.64,--,14,6496,卖盘
485,11:15:27,4.64,-0.02,10,4640,卖盘
486,11:14:42,4.66,0.02,148,68968,买盘
487,11:14:30,4.64,-0.01,110,51040,卖盘
488,11:14:21,4.65,0.01,65,30638,买盘
489,11:14:18,4.64,-0.01,20,9280,卖盘
490,11:13:45,4.65,--,16,7440,买盘
491,11:13:15,4.65,--,26,12090,买盘
492,11:12:57,4.65,0.01,45,20925,买盘
493,11:12:51,4.64,-0.01,8,3711,卖盘
494,11:12:42,4.65,--,3,1395,买盘
495,11:11:57,4.65,-0.01,0,51,卖盘
496,11:11:15,4.66,0.01,502,233932,买盘
497,11:11:09,4.65,--,1,465,卖盘
498,11:10:36,4.65,--,5,2325,卖盘
499,11:10:24,4.65,-0.01,1,465,卖盘
500,11:09:51,4.66,--,1,466,买盘
501,11:09:30,4.66,0.01,20,9320,买盘
502,11:09:21,4.65,--,20,9300,卖盘
503,11:09:18,4.65,--,138,64170,卖盘
504,11:09:06,4.65,--,5,2325,卖盘
505,11:09:00,4.65,--,100,46500,卖盘
506,11:08:36,4.65,--,4,1860,卖盘
507,11:08:06,4.65,--,21,9765,卖盘
508,11:08:03,4.65,--,2,930,卖盘
509,11:07:45,4.65,--,7,3255,卖盘
510,11:06:57,4.65,-0.01,56,26040,卖盘
511,11:06:45,4.66,--,45,20970,买盘
512,11:06:24,4.66,--,37,17698,卖盘
513,11:06:15,4.66,-0.01,500,233000,卖盘
514,11:05:57,4.67,--,9,4203,买盘
515,11:05:54,4.67,0.01,2,934,买盘
516,11:05:51,4.66,--,50,23300,卖盘
517,11:05:42,4.66,-0.01,6,2796,卖盘
518,11:05:30,4.67,0.01,43,20081,买盘
519,11:04:48,4.66,-0.01,1,466,卖盘
520,11:04:12,4.67,0.01,110,51370,买盘
521,11:03:36,4.66,--,10,4660,卖盘
522,11:03:15,4.66,--,14,6524,卖盘
523,11:03:00,4.66,-0.01,20,9320,卖盘
524,11:02:48,4.67,--,50,23350,买盘
525,11:02:27,4.67,--,10,4670,买盘
526,11:02:12,4.67,--,330,154110,买盘
527,11:02:09,4.67,--,1,467,买盘
528,11:02:00,4.67,--,50,23350,买盘
529,11:01:54,4.67,--,12,5604,买盘
530,11:01:51,4.67,--,78,36426,买盘
531,11:01:48,4.67,--,8,3736,买盘
532,11:01:36,4.67,--,41,19147,买盘
533,11:01:30,4.67,--,200,93400,买盘
534,11:01:09,4.67,--,27,12609,买盘
535,11:00:57,4.67,--,30,14010,买盘
536,11:00:54,4.67,--,100,46700,买盘
537,11:00:27,4.67,--,20,9340,买盘
538,11:00:15,4.67,0.01,1,467,买盘
539,10:59:48,4.66,-0.01,20,9320,卖盘
540,10:59:30,4.67,0.01,1,467,买盘
541,10:59:18,4.66,-0.01,348,162168,卖盘
542,10:58:57,4.67,--,100,46700,买盘
543,10:58:51,4.67,0.01,46,21482,买盘
544,10:58:39,4.66,--,200,93200,卖盘
545,10:58:06,4.66,--,215,100199,买盘
546,10:57:45,4.66,--,5,2330,买盘
547,10:57:42,4.66,--,9,4194,买盘
548,10:57:18,4.66,0.01,1,466,买盘
549,10:57:09,4.65,-0.01,1,465,卖盘
550,10:57:03,4.66,--,23,10718,买盘
551,10:56:39,4.66,--,3,1398,买盘
552,10:56:36,4.66,--,210,97860,买盘
553,10:56:18,4.66,--,20,9320,买盘
554,10:55:42,4.66,0.01,9,4194,中性盘
555,10:55:09,4.65,-0.01,51,23715,卖盘
556,10:55:06,4.66,--,49,22834,卖盘
557,10:55:03,4.66,--,10,4660,卖盘
558,10:55:00,4.66,0.01,410,191060,买盘
559,10:54:45,4.65,--,23,10695,卖盘
560,10:54:36,4.65,-0.01,30,13950,卖盘
561,10:54:24,4.66,--,20,9320,买盘
562,10:54:18,4.66,--,20,9320,买盘
563,10:54:09,4.66,0.01,80,37280,买盘
564,10:54:03,4.65,-0.01,70,32550,卖盘
565,10:53:51,4.66,--,9,4194,买盘
566,10:53:45,4.66,0.01,100,46600,买盘
567,10:53:39,4.65,--,10,4650,卖盘
568,10:53:30,4.65,-0.01,12,5580,卖盘
569,10:53:27,4.66,--,10,4660,买盘
570,10:52:51,4.66,0.01,2,932,买盘
571,10:52:48,4.65,--,48,22320,卖盘
572,10:52:06,4.65,--,191,89228,买盘
573,10:51:54,4.65,--,386,179490,卖盘
574,10:51:21,4.65,-0.01,1,465,卖盘
575,10:51:15,4.66,0.01,26,12116,买盘
576,10:51:03,4.65,--,4,1860,卖盘
577,10:50:51,4.65,-0.01,41,19065,卖盘
578,10:50:45,4.66,0.01,2,932,买盘
579,10:50:33,4.65,--,50,23250,买盘
580,10:50:18,4.65,0.01,42,19530,买盘
581,10:49:51,4.64,0.01,143,66352,买盘
582,10:49:24,4.63,-0.01,9,4167,卖盘
583,10:49:03,4.64,--,7,3248,买盘
584,10:48:51,4.64,0.01,10,4640,买盘
585,10:48:21,4.63,--,3,1389,卖盘
586,10:47:03,4.63,--,35,16205,卖盘
587,10:46:57,4.63,-0.01,40,18520,卖盘
588,10:46:54,4.64,--,30,13919,买盘
589,10:45:45,4.64,--,25,11600,买盘
590,10:45:27,4.64,--,6,2784,买盘
591,10:45:18,4.64,0.01,46,21344,买盘
592,10:45:15,4.63,-0.01,24,11112,卖盘
593,10:45:06,4.64,0.01,11,5104,买盘
594,10:44:57,4.63,-0.01,85,39355,卖盘
595,10:44:36,4.64,0.01,8,3711,买盘
596,10:44:09,4.63,-0.01,20,9260,卖盘
597,10:43:33,4.64,--,3,1392,买盘
598,10:43:21,4.64,--,1,463,买盘
599,10:43:12,4.64,0.01,32,14847,买盘
600,10:42:42,4.63,-0.01,10,4630,卖盘
601,10:42:24,4.64,-0.01,269,124815,卖盘
602,10:41:03,4.65,0.01,20,9300,买盘
603,10:40:57,4.64,--,37,17168,卖盘
604,10:40:36,4.64,--,1,463,卖盘
605,10:40:33,4.64,--,25,11600,卖盘
606,10:40:09,4.64,--,16,7423,卖盘
607,10:39:51,4.64,--,30,13919,卖盘
608,10:39:24,4.64,-0.01,1,463,卖盘
609,10:39:21,4.65,--,2,930,买盘
610,10:38:33,4.65,--,4,1860,买盘
611,10:38:15,4.65,0.01,30,13950,买盘
612,10:38:12,4.64,-0.01,10,4640,卖盘
613,10:38:06,4.65,0.01,1,465,买盘
614,10:38:00,4.64,-0.01,17,7887,卖盘
615,10:37:54,4.65,--,4,1860,买盘
616,10:37:30,4.65,0.01,6,2790,买盘
617,10:36:54,4.64,-0.01,8,3711,卖盘
618,10:36:27,4.65,0.01,20,9300,买盘
619,10:36:06,4.64,--,50,23200,卖盘
620,10:35:33,4.64,--,11,5104,卖盘
621,10:34:51,4.64,--,8,3711,卖盘
622,10:34:27,4.64,-0.01,2,927,卖盘
623,10:34:24,4.65,--,1,465,买盘
624,10:34:12,4.65,0.01,63,29295,买盘
625,10:34:09,4.64,-0.01,264,122495,卖盘
626,10:34:06,4.65,0.01,5,2325,买盘
627,10:33:42,4.64,--,23,10672,卖盘
628,10:33:27,4.64,-0.01,50,23200,卖盘
629,10:33:15,4.65,--,80,37200,买盘
630,10:32:39,4.65,0.01,2,930,买盘
631,10:32:36,4.64,-0.01,10,4640,卖盘
632,10:32:30,4.65,--,1,465,买盘
633,10:32:24,4.65,--,81,37665,卖盘
634,10:32:12,4.65,--,19,8835,买盘
635,10:32:06,4.65,--,31,14415,卖盘
636,10:31:54,4.65,-0.01,1053,489645,卖盘
637,10:31:45,4.66,--,5,2330,买盘
638,10:31:36,4.66,--,1,466,买盘
639,10:31:30,4.66,0.01,39,18174,买盘
640,10:31:24,4.65,-0.01,50,23250,卖盘
641,10:31:21,4.66,--,5,2330,买盘
642,10:31:06,4.66,--,16,7456,买盘
643,10:30:54,4.66,0.01,3,1398,买盘
644,10:30:48,4.65,--,22,10230,卖盘
645,10:30:33,4.65,--,2,930,卖盘
646,10:30:30,4.65,--,10,4650,卖盘
647,10:30:21,4.65,--,4,1860,卖盘
648,10:29:09,4.65,--,61,28365,买盘
649,10:29:06,4.65,--,5,2325,买盘
650,10:28:57,4.65,--,10,4650,买盘
651,10:28:51,4.65,--,100,46500,买盘
652,10:28:48,4.65,--,70,32550,买盘
653,10:28:42,4.65,--,50,23250,买盘
654,10:28:39,4.65,0.01,12,5580,买盘
655,10:28:06,4.64,--,390,180960,买盘
656,10:27:51,4.64,0.01,190,88160,买盘
657,10:27:30,4.63,0.01,67,31021,买盘
658,10:27:21,4.62,--,17,7854,卖盘
659,10:27:15,4.62,-0.01,20,9240,卖盘
660,10:26:51,4.63,--,40,18520,买盘
661,10:26:36,4.63,--,1,463,买盘
662,10:26:33,4.63,--,12,5556,买盘
663,10:26:06,4.63,--,15,6945,买盘
664,10:26:03,4.63,-0.01,20,9260,卖盘
665,10:25:57,4.64,0.02,5,2320,买盘
666,10:25:30,4.62,--,3,1386,卖盘
667,10:25:27,4.62,--,252,116424,卖盘
668,10:25:18,4.62,-0.01,40,18480,卖盘
669,10:25:09,4.63,--,13,6019,买盘
670,10:24:45,4.63,0.01,2,926,买盘
671,10:24:42,4.62,-0.01,6,2772,卖盘
672,10:24:39,4.63,--,31,14353,买盘
673,10:24:27,4.63,--,24,11112,买盘
674,10:24:21,4.63,0.01,20,9260,买盘
675,10:24:18,4.62,--,30,13860,卖盘
676,10:24:09,4.62,-0.01,1,462,卖盘
677,10:24:03,4.63,0.01,28,12964,买盘
678,10:23:33,4.62,--,38,17556,卖盘
679,10:23:30,4.62,-0.01,118,54516,卖盘
680,10:23:15,4.63,--,10,4630,买盘
681,10:22:57,4.63,0.01,1,463,买盘
682,10:22:54,4.62,-0.01,8,3696,卖盘
683,10:22:24,4.63,--,9,4167,买盘
684,10:22:15,4.63,0.01,5,2315,买盘
685,10:22:09,4.62,--,5,2310,卖盘
686,10:22:03,4.62,-0.01,433,200046,卖盘
687,10:21:54,4.63,--,2,926,买盘
688,10:21:48,4.63,0.01,55,25465,买盘
689,10:21:30,4.62,--,7,3234,卖盘
690,10:21:18,4.62,-0.01,210,97020,卖盘
691,10:21:03,4.63,-0.01,774,358362,卖盘
692,10:21:00,4.64,--,221,102544,买盘
693,10:20:42,4.64,--,1,463,买盘
694,10:20:15,4.64,--,73,33872,卖盘
695,10:20:09,4.64,-0.01,386,179104,卖盘
696,10:19:54,4.65,0.01,32,14880,买盘
697,10:19:48,4.64,--,30,13919,卖盘
698,10:19:42,4.64,-0.01,60,27839,卖盘
699,10:19:39,4.65,--,3,1395,买盘
700,10:18:33,4.65,--,200,93000,买盘
701,10:18:15,4.65,0.01,10,4650,买盘
702,10:17:48,4.64,--,1,463,卖盘
703,10:17:27,4.64,--,3,1392,卖盘
704,10:17:12,4.64,--,2,927,卖盘
705,10:16:51,4.64,0.01,80,37120,买盘
706,10:16:33,4.63,--,2,926,卖盘
707,10:16:24,4.63,-0.01,40,18520,卖盘
708,10:16:06,4.64,--,57,26447,买盘
709,10:15:51,4.64,--,260,120639,买盘
710,10:15:48,4.64,--,10,4640,买盘
711,10:15:36,4.64,-0.01,838,388832,卖盘
712,10:15:30,4.65,0.01,300,139500,买盘
713,10:15:15,4.64,--,14,6496,卖盘
714,10:15:09,4.64,--,30,13919,卖盘
715,10:14:51,4.64,--,15,6959,卖盘
716,10:14:48,4.64,--,40,18560,卖盘
717,10:14:24,4.64,--,36,16704,卖盘
718,10:14:06,4.64,--,7,3248,卖盘
719,10:13:30,4.64,--,100,46400,卖盘
720,10:13:00,4.64,--,12,5568,卖盘
721,10:12:51,4.64,-0.01,500,231999,卖盘
722,10:12:30,4.65,--,131,60915,买盘
723,10:12:18,4.65,--,3,1395,买盘
724,10:12:15,4.65,--,5,2325,买盘
725,10:12:09,4.65,--,9,4185,买盘
726,10:12:06,4.65,0.01,142,66030,买盘
727,10:12:03,4.64,--,1,463,卖盘
728,10:12:00,4.64,-0.01,10,4640,卖盘
729,10:11:33,4.65,0.01,20,9300,买盘
730,10:11:09,4.64,--,2,927,卖盘
731,10:10:30,4.64,--,2,927,买盘
732,10:10:27,4.64,--,330,153120,买盘
733,10:10:15,4.64,--,120,55679,买盘
734,10:10:06,4.64,--,21,9744,买盘
735,10:09:36,4.64,0.01,120,55679,买盘
736,10:09:03,4.63,-0.01,40,18520,卖盘
737,10:08:27,4.64,--,6,2784,买盘
738,10:08:15,4.64,--,6,2784,买盘
739,10:08:00,4.64,0.01,10,4640,买盘
740,10:07:57,4.63,--,380,175940,卖盘
741,10:07:33,4.63,--,1,463,卖盘
742,10:07:27,4.63,--,80,37040,卖盘
743,10:07:21,4.63,--,25,11575,卖盘
744,10:07:06,4.63,-0.01,3,1389,卖盘
745,10:06:57,4.64,0.01,11,5104,买盘
746,10:06:51,4.63,--,26,12038,卖盘
747,10:06:42,4.63,-0.01,20,9260,卖盘
748,10:06:12,4.64,--,10,4640,买盘
749,10:05:42,4.64,0.01,20,9280,买盘
750,10:05:33,4.63,-0.01,10,4630,卖盘
751,10:05:21,4.64,0.01,125,57999,买盘
752,10:05:18,4.63,--,26,12038,卖盘
753,10:05:15,4.63,--,29,13427,卖盘
754,10:05:09,4.63,-0.01,30,13890,卖盘
755,10:05:06,4.64,--,24,11136,买盘
756,10:04:57,4.64,0.01,10,4640,买盘
757,10:04:42,4.63,-0.01,23,10649,卖盘
758,10:04:39,4.64,0.01,4,1855,买盘
759,10:04:18,4.63,-0.01,47,21761,卖盘
760,10:04:12,4.64,--,5,2320,买盘
761,10:04:00,4.64,--,2,927,买盘
762,10:03:54,4.64,--,43,19952,买盘
763,10:03:51,4.64,--,27,12528,买盘
764,10:03:45,4.64,--,50,23200,买盘
765,10:03:27,4.64,--,46,21344,买盘
766,10:03:15,4.64,--,20,9280,买盘
767,10:03:12,4.64,--,43,19952,买盘
768,10:03:03,4.64,--,7,3248,买盘
769,10:02:54,4.64,--,58,26911,买盘
770,10:02:42,4.64,--,7,3248,买盘
771,10:02:39,4.64,--,58,26911,买盘
772,10:02:30,4.64,--,10,4640,买盘
773,10:02:27,4.64,--,50,23200,买盘
774,10:02:24,4.64,--,11,5104,买盘
775,10:02:21,4.64,--,43,19952,买盘
776,10:02:18,4.64,0.01,10,4640,买盘
777,10:02:12,4.63,--,53,24539,卖盘
778,10:02:06,4.63,--,110,50930,买盘
779,10:02:03,4.63,--,21,9723,买盘
780,10:02:00,4.63,0.01,80,37040,买盘
781,10:01:54,4.62,-0.01,79,36498,卖盘
782,10:01:42,4.63,--,12,5556,买盘
783,10:01:36,4.63,--,6,2778,买盘
784,10:01:27,4.63,--,3,1389,买盘
785,10:01:24,4.63,0.01,8,3704,买盘
786,10:00:57,4.62,-0.01,50,23100,卖盘
787,10:00:33,4.63,--,12,5556,买盘
788,10:00:30,4.63,0.01,16,7408,买盘
789,09:59:51,4.62,--,320,147840,卖盘
790,09:59:45,4.62,-0.01,60,27720,卖盘
791,09:59:00,4.63,--,50,23150,买盘
792,09:58:48,4.63,0.01,50,23150,买盘
793,09:58:39,4.62,-0.01,60,27720,卖盘
794,09:58:21,4.63,--,2,926,买盘
795,09:57:51,4.63,--,13,6019,买盘
796,09:57:39,4.63,0.01,30,13890,买盘
797,09:57:33,4.62,--,277,127974,卖盘
798,09:57:27,4.62,--,30,13860,卖盘
799,09:57:21,4.62,--,100,46200,卖盘
800,09:57:12,4.62,--,4,1848,卖盘
801,09:57:03,4.62,--,1,462,卖盘
802,09:56:51,4.62,-0.01,894,413028,卖盘
803,09:56:48,4.63,--,40,18520,买盘
804,09:56:36,4.63,--,166,76858,卖盘
805,09:56:33,4.63,-0.01,25,11575,卖盘
806,09:56:27,4.64,0.01,6,2784,买盘
807,09:56:15,4.63,--,22,10186,卖盘
808,09:56:12,4.63,--,224,103712,卖盘
809,09:56:09,4.63,-0.01,371,171773,卖盘
810,09:56:00,4.64,--,6,2784,买盘
811,09:55:45,4.64,--,10,4640,买盘
812,09:55:39,4.64,--,210,97440,买盘
813,09:55:27,4.64,--,3,1392,买盘
814,09:54:48,4.64,--,50,23200,买盘
815,09:54:42,4.64,0.01,1,463,买盘
816,09:54:21,4.63,--,141,65283,卖盘
817,09:54:15,4.63,--,10,4630,卖盘
818,09:53:39,4.63,-0.01,20,9260,卖盘
819,09:53:36,4.64,--,52,24128,买盘
820,09:53:18,4.64,0.01,15,6959,买盘
821,09:53:12,4.63,-0.01,1,463,卖盘
822,09:53:06,4.64,--,30,13919,买盘
823,09:53:00,4.64,--,13,6032,买盘
824,09:52:54,4.64,0.01,42,19488,买盘
825,09:52:51,4.63,--,2,926,卖盘
826,09:52:24,4.63,--,5,2315,卖盘
827,09:52:21,4.63,--,16,7408,卖盘
828,09:52:03,4.63,-0.01,10,4630,卖盘
829,09:52:00,4.64,0.01,74,34336,买盘
830,09:51:57,4.63,-0.01,2,926,卖盘
831,09:51:54,4.64,--,500,231999,买盘
832,09:51:48,4.64,--,5,2320,买盘
833,09:51:42,4.64,--,2,927,买盘
834,09:51:39,4.64,0.01,106,49184,买盘
835,09:51:00,4.63,--,50,23150,卖盘
836,09:50:42,4.63,--,20,9260,卖盘
837,09:50:33,4.63,-0.01,20,9260,卖盘
838,09:49:57,4.64,--,45,20880,买盘
839,09:49:54,4.64,0.01,10,4640,买盘
840,09:49:51,4.63,--,40,18520,卖盘
841,09:49:48,4.63,--,75,34725,卖盘
842,09:49:36,4.63,--,40,18520,卖盘
843,09:49:33,4.63,--,5,2315,卖盘
844,09:49:27,4.63,--,36,16668,卖盘
845,09:49:21,4.63,--,10,4630,卖盘
846,09:49:06,4.63,-0.01,25,11575,卖盘
847,09:49:00,4.64,--,5,2320,买盘
848,09:48:57,4.64,--,250,115999,卖盘
849,09:48:54,4.64,--,182,84448,卖盘
850,09:48:51,4.64,-0.01,103,47792,卖盘
851,09:48:48,4.65,0.01,3,1395,买盘
852,09:48:45,4.64,-0.01,30,13919,卖盘
853,09:48:42,4.65,0.01,5,2325,买盘
854,09:48:39,4.64,-0.01,32,14847,卖盘
855,09:48:27,4.65,0.01,24,11160,买盘
856,09:48:24,4.64,--,550,255199,卖盘
857,09:48:06,4.64,--,5,2320,卖盘
858,09:48:00,4.64,--,6,2784,卖盘
859,09:47:42,4.64,-0.01,11,5104,卖盘
860,09:47:36,4.65,0.01,8,3720,买盘
861,09:47:33,4.64,--,1,463,卖盘
862,09:47:27,4.64,-0.01,10,4640,卖盘
863,09:47:21,4.65,--,10,4650,买盘
864,09:47:18,4.65,--,100,46500,买盘
865,09:47:12,4.65,--,20,9300,买盘
866,09:47:06,4.65,--,10,4650,买盘
867,09:47:03,4.65,0.01,10,4650,买盘
868,09:47:00,4.64,-0.01,1,463,卖盘
869,09:46:51,4.65,--,1,465,买盘
870,09:46:48,4.65,--,3,1395,买盘
871,09:46:45,4.65,-0.01,139,64635,卖盘
872,09:46:39,4.66,--,168,78288,买盘
873,09:46:33,4.66,0.01,43,20038,买盘
874,09:46:24,4.65,--,5,2325,卖盘
875,09:46:21,4.65,--,4,1860,卖盘
876,09:46:18,4.65,0.01,986,458490,买盘
877,09:46:12,4.64,--,490,227359,买盘
878,09:46:03,4.64,--,10,4640,买盘
879,09:46:00,4.64,--,50,23200,买盘
880,09:45:51,4.64,--,100,46400,买盘
881,09:45:36,4.64,0.01,30,13919,买盘
882,09:45:30,4.63,-0.01,5,2315,卖盘
883,09:45:21,4.64,0.01,4,1855,买盘
884,09:45:09,4.63,--,20,9260,卖盘
885,09:45:06,4.63,--,5,2315,卖盘
886,09:44:54,4.63,--,20,9260,卖盘
887,09:44:18,4.63,-0.01,173,80099,卖盘
888,09:44:15,4.64,0.01,22,10208,买盘
889,09:44:12,4.63,--,85,39355,卖盘
890,09:44:09,4.63,--,19,8797,卖盘
891,09:43:57,4.63,--,160,74080,买盘
892,09:43:54,4.63,--,23,10649,买盘
893,09:43:33,4.63,0.01,1,463,买盘
894,09:43:30,4.62,-0.01,2,924,卖盘
895,09:43:24,4.63,--,3,1389,买盘
896,09:43:21,4.63,0.01,1,463,买盘
897,09:43:06,4.62,-0.01,1,462,卖盘
898,09:43:03,4.63,--,1,463,买盘
899,09:43:00,4.63,--,100,46300,买盘
900,09:42:57,4.63,--,10,4630,买盘
901,09:42:48,4.63,--,7,3241,买盘
902,09:42:42,4.63,0.01,51,23613,买盘
903,09:42:39,4.62,-0.01,223,103026,卖盘
904,09:42:33,4.63,--,100,46300,买盘
905,09:42:30,4.63,--,1,463,买盘
906,09:42:21,4.63,--,7,3241,买盘
907,09:42:06,4.63,0.01,50,23150,买盘
908,09:41:54,4.62,-0.01,8,3696,卖盘
909,09:41:48,4.63,--,5,2315,买盘
910,09:41:39,4.63,--,5,2315,买盘
911,09:41:36,4.63,--,20,9260,买盘
912,09:41:30,4.63,0.01,19,8797,买盘
913,09:41:24,4.62,-0.01,225,103950,卖盘
914,09:41:21,4.63,-0.01,1,463,卖盘
915,09:41:09,4.64,0.02,3,1392,买盘
916,09:40:57,4.62,-0.02,5,2310,卖盘
917,09:40:51,4.64,0.02,30,13919,买盘
918,09:40:48,4.62,-0.01,311,143682,卖盘
919,09:40:45,4.63,--,8,3704,买盘
920,09:40:42,4.63,-0.01,42,19446,卖盘
921,09:40:33,4.64,0.01,171,79344,买盘
922,09:40:24,4.63,0.01,749,346787,买盘
923,09:40:21,4.62,--,3,1386,买盘
924,09:40:18,4.62,--,14,6468,买盘
925,09:40:09,4.62,--,55,25410,买盘
926,09:40:06,4.62,--,2,924,买盘
927,09:40:00,4.62,--,127,58674,买盘
928,09:39:57,4.62,--,7,3234,买盘
929,09:39:54,4.62,--,68,31416,买盘
930,09:39:51,4.62,--,1,462,买盘
931,09:39:48,4.62,--,30,13860,买盘
932,09:39:45,4.62,-0.01,311,143682,卖盘
933,09:39:42,4.63,--,5,2315,买盘
934,09:39:39,4.63,--,135,62505,买盘
935,09:39:36,4.63,--,50,23150,买盘
936,09:39:30,4.63,0.01,10,4630,买盘
937,09:39:24,4.62,-0.01,2,924,卖盘
938,09:39:21,4.63,0.01,1,463,买盘
939,09:39:18,4.62,-0.01,50,23100,卖盘
940,09:39:15,4.63,0.01,146,67598,买盘
941,09:38:51,4.62,--,10,4620,卖盘
942,09:38:48,4.62,0.01,139,64218,买盘
943,09:38:39,4.61,--,2,922,卖盘
944,09:38:36,4.61,-0.01,56,25816,卖盘
945,09:38:33,4.62,--,18,8316,买盘
946,09:38:30,4.62,0.01,100,46200,买盘
947,09:38:27,4.61,--,24,11064,卖盘
948,09:38:24,4.61,-0.01,66,30426,卖盘
949,09:38:21,4.62,--,15,6930,买盘
950,09:38:18,4.62,--,10,4620,中性盘
951,09:37:57,4.62,--,3,1386,买盘
952,09:37:51,4.62,--,72,33264,买盘
953,09:37:42,4.62,0.01,204,94248,买盘
954,09:37:36,4.61,--,80,36880,卖盘
955,09:37:33,4.61,--,40,18440,卖盘
956,09:37:06,4.61,--,75,34575,卖盘
957,09:37:03,4.61,-0.02,2,922,卖盘
958,09:37:00,4.63,--,167,77321,买盘
959,09:36:54,4.63,0.01,41,18983,买盘
960,09:36:48,4.62,--,3,1386,买盘
961,09:36:45,4.62,--,28,12936,卖盘
962,09:36:36,4.62,-0.01,22,10164,卖盘
963,09:36:27,4.63,0.01,60,27780,买盘
964,09:36:18,4.62,--,34,15708,卖盘
965,09:36:15,4.62,--,2,924,卖盘
966,09:36:09,4.62,--,15,6930,卖盘
967,09:36:06,4.62,--,26,12012,卖盘
968,09:36:03,4.62,--,39,18018,买盘
969,09:36:00,4.62,0.01,100,46200,买盘
970,09:35:54,4.61,--,5,2305,卖盘
971,09:35:51,4.61,--,31,14291,卖盘
972,09:35:48,4.61,--,196,90356,卖盘
973,09:35:42,4.61,--,46,21206,卖盘
974,09:35:36,4.61,--,1,461,卖盘
975,09:35:33,4.61,0.01,85,39185,买盘
976,09:35:30,4.6,--,100,46000,卖盘
977,09:35:24,4.6,--,49,22540,卖盘
978,09:35:15,4.6,--,30,13799,卖盘
979,09:35:12,4.6,--,20,9200,卖盘
980,09:35:09,4.6,-0.01,66,30359,卖盘
981,09:35:03,4.61,0.01,25,11525,买盘
982,09:35:00,4.6,--,16,7359,卖盘
983,09:34:54,4.6,-0.01,10,4600,卖盘
984,09:34:51,4.61,--,975,449475,买盘
985,09:34:48,4.61,--,120,55320,买盘
986,09:34:45,4.61,--,3,1383,买盘
987,09:34:39,4.61,0.01,10,4610,买盘
988,09:34:36,4.6,--,92,42320,卖盘
989,09:34:33,4.6,-0.01,2,919,卖盘
990,09:34:30,4.61,0.01,31,14291,买盘
991,09:34:27,4.6,-0.01,80,36800,卖盘
992,09:34:21,4.61,0.01,227,104647,买盘
993,09:34:18,4.6,-0.01,100,46000,卖盘
994,09:34:15,4.61,--,243,112023,买盘
995,09:34:12,4.61,--,10,4610,买盘
996,09:34:09,4.61,--,106,48866,买盘
997,09:34:06,4.61,-0.01,223,102803,卖盘
998,09:34:03,4.62,0.01,72,33264,买盘
999,09:34:00,4.61,-0.01,831,383091,卖盘
1000,09:33:54,4.62,--,92,42504,买盘
1001,09:33:48,4.62,--,30,13860,买盘
1002,09:33:45,4.62,--,433,200096,卖盘
1003,09:33:39,4.62,-0.01,315,145530,卖盘
1004,09:33:36,4.63,--,10,4630,买盘
1005,09:33:33,4.63,--,11,5093,买盘
1006,09:33:30,4.63,-0.01,20,9260,中性盘
1007,09:33:24,4.64,--,1,463,买盘
1008,09:33:21,4.64,0.02,70,32479,买盘
1009,09:33:15,4.62,-0.02,208,96096,卖盘
1010,09:33:09,4.64,--,65,30159,买盘
1011,09:33:06,4.64,0.01,50,23200,买盘
1012,09:33:03,4.63,--,15,6945,卖盘
1013,09:33:00,4.63,--,93,43059,卖盘
1014,09:32:57,4.63,-0.01,11,5505,卖盘
1015,09:32:51,4.64,--,27,12528,买盘
1016,09:32:45,4.64,0.01,104,48256,买盘
1017,09:32:39,4.63,-0.01,56,25928,卖盘
1018,09:32:33,4.64,--,30,13919,买盘
1019,09:32:27,4.64,0.01,7,3248,买盘
1020,09:32:24,4.63,--,120,55560,卖盘
1021,09:32:18,4.63,--,11,5093,买盘
1022,09:32:12,4.63,--,259,119917,卖盘
1023,09:32:09,4.63,0.01,45,20835,买盘
1024,09:32:00,4.62,--,24,11088,买盘
1025,09:31:57,4.62,--,20,9240,买盘
1026,09:31:54,4.62,--,10,4620,买盘
1027,09:31:48,4.62,--,20,9240,买盘
1028,09:31:45,4.62,--,3,1386,买盘
1029,09:31:42,4.62,--,752,347424,卖盘
1030,09:31:33,4.62,-0.01,9,4158,卖盘
1031,09:31:30,4.63,0.02,15,6945,买盘
1032,09:31:27,4.61,-0.01,500,230500,卖盘
1033,09:31:24,4.62,--,16,7392,卖盘
1034,09:31:18,4.62,-0.01,69,31878,卖盘
1035,09:31:09,4.63,--,10,4630,买盘
1036,09:31:06,4.63,-0.01,82,37966,中性盘
1037,09:30:51,4.64,0.02,1,463,买盘
1038,09:30:48,4.62,-0.01,470,217140,卖盘
1039,09:30:45,4.63,--,60,27780,卖盘
1040,09:30:42,4.63,--,45,20835,卖盘
1041,09:30:39,4.63,--,11,5093,卖盘
1042,09:30:27,4.63,-0.01,27,12501,卖盘
1043,09:30:21,4.64,--,12,5568,买盘
1044,09:30:09,4.64,--,30,13919,买盘
1045,09:30:06,4.64,--,103,47792,买盘
1046,09:30:03,4.64,-0.01,425,197200,卖盘
1047,09:30:00,4.65,--,0,0,卖盘
1048,09:25:03,4.65,4.65,690,320850,买盘
