,time,price,change,volume,amount,type
0,15:00:03,21.34,--,487,1039258,买盘
1,14:57:00,21.34,--,6,12804,买盘
2,14:56:57,21.34,--,41,87494,买盘
3,14:56:54,21.34,--,35,74690,买盘
4,14:56:51,21.34,--,1,2134,卖盘
5,14:56:48,21.34,--,13,27742,买盘
6,14:56:45,21.34,--,1,2134,买盘
7,14:56:42,21.34,0.01,30,64020,买盘
8,14:56:36,21.33,--,10,21330,卖盘
9,14:56:33,21.33,-0.01,10,21330,卖盘
10,14:56:27,21.34,--,14,29876,买盘
11,14:56:21,21.34,--,19,40546,卖盘
12,14:56:18,21.34,-0.01,167,356378,卖盘
13,14:56:15,21.35,0.01,10,21350,买盘
14,14:56:12,21.34,--,9,19206,卖盘
15,14:56:06,21.34,--,50,106700,卖盘
16,14:56:03,21.34,-0.01,157,335038,卖盘
17,14:55:57,21.35,--,22,46970,买盘
18,14:55:51,21.35,-0.01,31,66185,卖盘
19,14:55:48,21.36,--,41,87576,买盘
20,14:55:45,21.36,0.01,37,79032,买盘
21,14:55:42,21.35,-0.01,110,234850,卖盘
22,14:55:39,21.36,--,5,10680,买盘
23,14:55:24,21.36,--,10,21360,买盘
24,14:55:21,21.36,-0.01,6,12816,卖盘
25,14:55:18,21.37,0.01,2,4274,买盘
26,14:55:03,21.36,0.01,1,2136,买盘
27,14:55:00,21.35,--,25,53375,卖盘
28,14:54:57,21.35,-0.01,16,34160,卖盘
29,14:54:54,21.36,--,15,32040,买盘
30,14:54:51,21.36,0.01,7,14952,买盘
31,14:54:48,21.35,--,100,213500,卖盘
32,14:54:45,21.35,-0.01,5,10675,卖盘
33,14:54:42,21.36,0.01,41,87576,买盘
34,14:54:36,21.35,--,3,6405,卖盘
35,14:54:33,21.35,--,4,8540,卖盘
36,14:54:27,21.35,--,58,123830,买盘
37,14:54:24,21.35,--,20,42700,买盘
38,14:54:21,21.35,0.01,18,38430,买盘
39,14:54:18,21.34,-0.01,12,25608,卖盘
40,14:54:12,21.35,--,4,8540,买盘
41,14:54:06,21.35,-0.02,1,2135,买盘
42,14:53:57,21.37,0.02,271,579127,买盘
43,14:53:45,21.35,--,22,46970,卖盘
44,14:53:42,21.35,--,30,64050,卖盘
45,14:53:39,21.35,--,1,2135,卖盘
46,14:53:33,21.35,-0.01,83,177205,卖盘
47,14:53:27,21.36,--,5,10680,买盘
48,14:53:24,21.36,0.01,1,2136,买盘
49,14:53:21,21.35,-0.02,10,21350,卖盘
50,14:53:12,21.37,0.01,15,32055,买盘
51,14:53:09,21.36,--,22,46992,卖盘
52,14:53:03,21.36,-0.01,7,14952,卖盘
53,14:53:00,21.37,--,64,136768,买盘
54,14:52:57,21.37,0.01,1,2137,买盘
55,14:52:54,21.36,-0.01,50,106800,卖盘
56,14:52:51,21.37,0.01,12,25644,买盘
57,14:52:48,21.36,-0.01,3,6408,卖盘
58,14:52:45,21.37,--,34,72658,买盘
59,14:52:42,21.37,--,29,63426,卖盘
60,14:52:33,21.37,--,91,195150,买盘
61,14:52:30,21.37,--,27,59152,卖盘
62,14:52:21,21.37,--,6,12822,卖盘
63,14:52:15,21.37,--,5,10685,卖盘
64,14:52:12,21.37,--,93,199424,买盘
65,14:52:09,21.37,--,3,7864,卖盘
66,14:52:06,21.37,--,13,27781,卖盘
67,14:52:00,21.37,--,27,57699,卖盘
68,14:51:57,21.37,--,21,44877,卖盘
69,14:51:45,21.37,--,10,21370,卖盘
70,14:51:42,21.37,-0.01,15,32055,卖盘
71,14:51:39,21.38,--,9,19242,卖盘
72,14:51:36,21.38,--,10,21380,卖盘
73,14:51:33,21.38,-0.01,38,81244,卖盘
74,14:51:15,21.39,--,20,42780,买盘
75,14:51:12,21.39,0.01,48,103848,卖盘
76,14:51:09,21.38,--,1,3100,买盘
77,14:51:06,21.38,-0.01,18,39659,卖盘
78,14:51:03,21.39,--,5,10695,卖盘
79,14:51:00,21.39,--,10,21390,卖盘
80,14:50:45,21.39,0.02,25,54437,买盘
81,14:50:42,21.37,-0.01,21,46052,卖盘
82,14:50:39,21.38,--,70,149660,卖盘
83,14:50:36,21.38,--,80,171040,卖盘
84,14:50:33,21.38,--,19,41584,卖盘
85,14:50:30,21.38,--,3,6414,卖盘
86,14:50:27,21.38,--,37,79106,卖盘
87,14:50:15,21.38,-0.01,8,17104,卖盘
88,14:50:12,21.39,0.01,35,74865,买盘
89,14:50:09,21.38,--,3,6414,卖盘
90,14:50:06,21.38,--,3,6414,卖盘
91,14:49:48,21.38,--,2,4276,卖盘
92,14:49:39,21.38,--,20,42760,卖盘
93,14:49:33,21.38,-0.01,4,8552,卖盘
94,14:49:30,21.39,0.01,5,10695,买盘
95,14:49:27,21.38,-0.01,10,21380,卖盘
96,14:49:21,21.39,--,10,21390,买盘
97,14:49:18,21.39,--,1,2139,买盘
98,14:49:15,21.39,-0.01,8,17112,卖盘
99,14:49:06,21.4,0.01,15,32099,买盘
100,14:49:03,21.39,-0.01,4,8556,卖盘
101,14:48:57,21.4,--,1,2140,买盘
102,14:48:54,21.4,0.01,21,44940,买盘
103,14:48:48,21.39,--,10,21390,卖盘
104,14:48:45,21.39,--,2,4278,卖盘
105,14:48:39,21.39,--,45,96255,卖盘
106,14:48:33,21.39,0.01,14,29946,中性盘
107,14:48:30,21.38,--,10,21380,卖盘
108,14:48:27,21.38,-0.02,5,10690,卖盘
109,14:48:24,21.4,0.02,13,27819,买盘
110,14:48:21,21.38,-0.02,3,6414,卖盘
111,14:48:18,21.4,0.02,7,14979,买盘
112,14:48:12,21.38,--,3,6414,卖盘
113,14:48:09,21.38,--,115,245870,卖盘
114,14:48:06,21.38,--,4,8552,卖盘
115,14:48:03,21.38,--,10,21380,卖盘
116,14:48:00,21.38,--,30,64140,卖盘
117,14:47:57,21.38,--,5,10690,卖盘
118,14:47:51,21.38,--,10,21380,卖盘
119,14:47:48,21.38,-0.02,4,8552,卖盘
120,14:47:45,21.4,0.02,1,2140,买盘
121,14:47:36,21.38,-0.02,441,942858,卖盘
122,14:47:33,21.4,--,70,149800,卖盘
123,14:47:30,21.4,-0.01,1,2140,卖盘
124,14:47:18,21.41,--,10,21410,买盘
125,14:47:15,21.41,-0.01,34,72794,卖盘
126,14:47:00,21.42,--,46,98532,卖盘
127,14:46:48,21.42,-0.01,23,49266,卖盘
128,14:46:39,21.43,--,6,12858,卖盘
129,14:46:15,21.43,--,3,6429,卖盘
130,14:46:06,21.43,0.01,2,4286,买盘
131,14:46:03,21.42,--,43,92106,卖盘
132,14:45:54,21.42,-0.01,1,2142,卖盘
133,14:45:45,21.43,0.01,1,2143,买盘
134,14:45:42,21.42,--,20,42840,卖盘
135,14:45:36,21.42,--,12,25704,卖盘
136,14:45:24,21.42,-0.01,6,12852,卖盘
137,14:45:06,21.43,0.01,6,12858,买盘
138,14:45:03,21.42,-0.01,3,6426,卖盘
139,14:44:57,21.43,0.01,11,23573,中性盘
140,14:44:39,21.42,--,2,4284,卖盘
141,14:44:33,21.42,--,10,21420,卖盘
142,14:44:27,21.42,--,20,42840,卖盘
143,14:44:18,21.42,-0.02,5,10710,卖盘
144,14:44:15,21.44,0.02,7,15008,买盘
145,14:44:06,21.42,--,5,10710,卖盘
146,14:43:48,21.42,-0.03,1,2142,卖盘
147,14:43:39,21.45,0.03,52,111540,买盘
148,14:43:33,21.42,-0.03,1,2142,卖盘
149,14:43:06,21.45,--,15,32175,买盘
150,14:42:57,21.45,--,9,19305,卖盘
151,14:42:54,21.45,--,18,38610,卖盘
152,14:42:48,21.45,0.03,62,132990,买盘
153,14:42:33,21.42,--,10,21420,买盘
154,14:42:24,21.42,--,2,4284,买盘
155,14:42:21,21.42,0.01,7,14994,买盘
156,14:42:18,21.41,--,7,14987,卖盘
157,14:42:12,21.41,-0.01,17,36397,卖盘
158,14:42:06,21.42,--,1,2142,买盘
159,14:42:00,21.42,--,12,25704,买盘
160,14:41:57,21.42,--,1,2142,买盘
161,14:41:51,21.42,--,2,4284,买盘
162,14:41:45,21.42,-0.02,30,64260,卖盘
163,14:41:24,21.44,-0.01,3,6432,卖盘
164,14:41:21,21.45,0.01,5,10725,买盘
165,14:41:18,21.44,--,21,45024,卖盘
166,14:41:12,21.44,0.03,5,10720,卖盘
167,14:40:30,21.41,--,1,2141,买盘
168,14:40:24,21.41,-0.04,9,19269,卖盘
169,14:40:21,21.45,0.04,47,100815,买盘
170,14:40:18,21.41,--,2,4282,卖盘
171,14:40:12,21.41,--,10,21410,卖盘
172,14:40:03,21.41,--,8,17128,卖盘
173,14:39:57,21.41,--,20,42820,卖盘
174,14:39:51,21.41,--,3,6423,卖盘
175,14:39:39,21.41,--,23,49243,卖盘
176,14:39:36,21.41,--,2,4282,卖盘
177,14:39:30,21.41,--,15,32115,卖盘
178,14:39:21,21.41,-0.01,2,4282,卖盘
179,14:39:06,21.42,0.01,9,19278,买盘
180,14:39:03,21.41,--,10,21410,卖盘
181,14:38:54,21.41,0.01,12,25692,买盘
182,14:38:45,21.4,--,1,2140,买盘
183,14:38:27,21.4,0.02,10,21400,买盘
184,14:38:06,21.38,--,33,70554,卖盘
185,14:38:03,21.38,--,71,151798,买盘
186,14:38:00,21.38,--,10,21380,买盘
187,14:37:57,21.38,0.01,25,53450,买盘
188,14:37:54,21.37,-0.01,35,75478,卖盘
189,14:37:51,21.38,--,1,2138,买盘
190,14:37:45,21.38,--,5,10690,买盘
191,14:37:36,21.38,--,10,21380,买盘
192,14:37:33,21.38,--,4,8552,买盘
193,14:37:24,21.38,--,119,255875,卖盘
194,14:37:18,21.38,-0.02,7,14966,卖盘
195,14:37:15,21.4,0.02,16,34240,买盘
196,14:37:12,21.38,-0.02,2,4276,卖盘
197,14:37:03,21.4,--,10,21400,买盘
198,14:36:57,21.4,0.02,15,32099,买盘
199,14:36:48,21.38,--,1,2138,卖盘
200,14:36:39,21.38,--,1,2138,卖盘
201,14:36:36,21.38,--,3,6414,卖盘
202,14:36:33,21.38,0.01,92,197380,买盘
203,14:36:30,21.37,--,10,21370,卖盘
204,14:36:21,21.37,--,14,29918,卖盘
205,14:36:15,21.37,--,45,96165,买盘
206,14:36:12,21.37,--,30,64110,买盘
207,14:36:09,21.37,--,20,42740,买盘
208,14:36:00,21.37,--,65,138905,卖盘
209,14:35:57,21.37,--,16,34192,卖盘
210,14:35:42,21.37,-0.02,50,106850,卖盘
211,14:35:39,21.39,-0.01,8,17112,卖盘
212,14:35:36,21.4,--,29,62059,卖盘
213,14:35:33,21.4,--,16,34240,卖盘
214,14:35:30,21.4,-0.01,179,383060,卖盘
215,14:35:24,21.41,--,2,4282,卖盘
216,14:35:21,21.41,--,30,64230,卖盘
217,14:35:15,21.41,--,13,27833,卖盘
218,14:35:12,21.41,--,32,68512,卖盘
219,14:35:06,21.41,-0.01,24,51384,卖盘
220,14:34:54,21.42,0.01,22,47124,买盘
221,14:34:30,21.41,--,8,17128,卖盘
222,14:34:27,21.41,-0.01,21,46416,卖盘
223,14:34:24,21.42,--,22,47124,卖盘
224,14:34:21,21.42,--,2,4284,卖盘
225,14:34:12,21.42,-0.01,1,2142,卖盘
226,14:34:06,21.43,--,13,27859,卖盘
227,14:34:03,21.43,-0.02,84,180012,卖盘
228,14:33:54,21.45,--,132,283140,卖盘
229,14:33:48,21.45,-0.01,23,49335,卖盘
230,14:33:36,21.46,--,10,21460,买盘
231,14:33:33,21.46,--,18,38628,卖盘
232,14:33:30,21.46,-0.01,2,4292,卖盘
233,14:33:27,21.47,--,49,105203,卖盘
234,14:33:21,21.47,--,2,4294,卖盘
235,14:33:09,21.47,--,37,79439,卖盘
236,14:33:06,21.47,0.01,15,32205,买盘
237,14:33:03,21.46,-0.01,2,4292,卖盘
238,14:32:57,21.47,-0.01,4,8588,卖盘
239,14:32:48,21.48,--,67,143916,卖盘
240,14:32:33,21.48,--,1,2148,卖盘
241,14:32:30,21.48,--,43,92364,买盘
242,14:32:24,21.48,--,10,21480,买盘
243,14:32:18,21.48,--,8,17184,卖盘
244,14:31:45,21.48,--,1,2148,卖盘
245,14:31:18,21.48,-0.01,33,70884,卖盘
246,14:31:12,21.49,0.01,2,4298,买盘
247,14:30:57,21.48,--,3,6444,买盘
248,14:30:51,21.48,--,15,32220,买盘
249,14:30:39,21.48,-0.01,2,4296,卖盘
250,14:29:57,21.49,--,8,17192,买盘
251,14:29:51,21.49,0.01,1,2149,买盘
252,14:29:48,21.48,--,20,42960,卖盘
253,14:29:24,21.48,--,3,6444,卖盘
254,14:29:18,21.48,-0.01,3,6444,卖盘
255,14:29:09,21.49,--,1,2149,买盘
256,14:29:06,21.49,--,5,10745,卖盘
257,14:29:00,21.49,--,10,21490,卖盘
258,14:28:21,21.49,-0.01,4,8596,卖盘
259,14:28:09,21.5,0.01,1,2150,买盘
260,14:28:06,21.49,--,3,6446,卖盘
261,14:27:54,21.49,--,2,4298,卖盘
262,14:27:51,21.49,-0.01,1,2149,卖盘
263,14:27:39,21.5,-0.03,10,21500,卖盘
264,14:27:24,21.53,0.03,5,10765,买盘
265,14:27:21,21.5,--,10,21500,卖盘
266,14:27:09,21.5,-0.03,10,21500,卖盘
267,14:26:57,21.53,--,1,2153,买盘
268,14:26:54,21.53,--,20,43060,卖盘
269,14:26:33,21.53,0.03,3,6459,买盘
270,14:26:21,21.5,--,1,2150,卖盘
271,14:26:12,21.5,-0.03,10,21500,卖盘
272,14:26:03,21.53,0.03,6,12918,买盘
273,14:26:00,21.5,0.02,24,51600,买盘
274,14:25:57,21.48,-0.02,2,4296,中性盘
275,14:25:51,21.5,0.03,21,45150,买盘
276,14:25:39,21.47,0.01,5,10735,买盘
277,14:25:36,21.46,-0.01,5,10730,卖盘
278,14:25:27,21.47,-0.03,123,264081,卖盘
279,14:25:06,21.5,--,1,2150,买盘
280,14:24:42,21.5,--,50,107500,买盘
281,14:24:33,21.5,--,6,12900,买盘
282,14:24:24,21.5,-0.03,95,204250,卖盘
283,14:24:21,21.53,--,2,4306,卖盘
284,14:24:12,21.53,0.01,2,4306,买盘
285,14:24:09,21.52,--,11,23672,卖盘
286,14:24:06,21.52,-0.01,50,107600,卖盘
287,14:24:03,21.53,--,10,21530,买盘
288,14:23:57,21.53,--,1,2153,买盘
289,14:23:27,21.53,-0.01,6,12918,卖盘
290,14:23:24,21.54,-0.01,5,10770,中性盘
291,14:23:09,21.55,--,1,2155,卖盘
292,14:23:06,21.55,--,6,12930,买盘
293,14:23:03,21.55,--,6,12930,买盘
294,14:22:57,21.55,0.03,1,2155,中性盘
295,14:22:42,21.52,-0.03,3,6456,卖盘
296,14:22:39,21.55,--,6,12930,卖盘
297,14:22:36,21.55,-0.01,50,107750,卖盘
298,14:22:24,21.56,-0.02,2,4312,卖盘
299,14:22:12,21.58,0.01,63,135954,买盘
300,14:22:09,21.57,-0.01,30,64710,卖盘
301,14:22:00,21.58,0.01,5,10790,买盘
302,14:21:57,21.57,--,25,53925,卖盘
303,14:21:54,21.57,-0.01,10,21570,卖盘
304,14:21:45,21.58,--,10,21580,买盘
305,14:21:39,21.58,--,10,21580,买盘
306,14:21:24,21.58,0.01,12,25895,买盘
307,14:21:09,21.57,--,10,21570,卖盘
308,14:21:06,21.57,0.01,10,21570,买盘
309,14:20:54,21.56,0.01,29,62523,买盘
310,14:20:48,21.55,-0.01,10,21550,卖盘
311,14:20:42,21.56,--,13,28028,买盘
312,14:20:39,21.56,0.01,2,4312,买盘
313,14:20:36,21.55,-0.01,1,2155,卖盘
314,14:20:30,21.56,--,2,4312,买盘
315,14:20:27,21.56,--,6,12936,买盘
316,14:20:24,21.56,--,26,56056,买盘
317,14:20:21,21.56,0.01,5,10780,买盘
318,14:20:15,21.55,0.01,69,148695,买盘
319,14:20:06,21.54,--,1,2154,买盘
320,14:20:00,21.54,--,7,15078,买盘
321,14:19:57,21.54,0.03,1,2154,卖盘
322,14:19:54,21.51,-0.03,7,15057,卖盘
323,14:19:51,21.54,-0.01,1,2154,买盘
324,14:19:45,21.55,--,2,4310,买盘
325,14:19:42,21.55,--,2,4310,买盘
326,14:19:36,21.55,0.04,4,8620,买盘
327,14:19:30,21.51,-0.04,10,21510,卖盘
328,14:19:27,21.55,0.04,160,344800,买盘
329,14:19:09,21.51,0.01,16,34416,中性盘
330,14:18:48,21.5,-0.01,8,17200,卖盘
331,14:18:30,21.51,-0.04,55,118305,卖盘
332,14:18:24,21.55,-0.01,59,127145,卖盘
333,14:18:18,21.56,0.01,1,2156,买盘
334,14:18:06,21.55,-0.01,3,6465,卖盘
335,14:18:03,21.56,--,2,4312,卖盘
336,14:17:57,21.56,--,3,6468,买盘
337,14:17:51,21.56,0.01,23,49588,买盘
338,14:17:48,21.55,--,6,12930,卖盘
339,14:17:42,21.55,--,8,17240,卖盘
340,14:17:39,21.55,--,30,64650,卖盘
341,14:17:36,21.55,-0.01,4,8620,卖盘
342,14:17:30,21.56,--,3,6468,买盘
343,14:17:03,21.56,-0.01,1,2156,买盘
344,14:17:00,21.57,0.01,138,297666,买盘
345,14:16:54,21.56,--,7,15092,卖盘
346,14:16:51,21.56,-0.01,5,10780,卖盘
347,14:16:48,21.57,0.01,40,86280,买盘
348,14:16:42,21.56,--,10,21560,卖盘
349,14:16:39,21.56,--,4,8624,卖盘
350,14:16:33,21.56,-0.01,24,51744,卖盘
351,14:16:27,21.57,--,6,12942,买盘
352,14:16:24,21.57,--,1,2157,买盘
353,14:16:09,21.57,-0.01,5,10785,中性盘
354,14:15:57,21.58,0.01,23,49633,买盘
355,14:15:54,21.57,0.02,137,295509,买盘
356,14:15:51,21.55,-0.01,5,10775,卖盘
357,14:15:48,21.56,0.01,8,17248,买盘
358,14:15:45,21.55,-0.01,5,10775,卖盘
359,14:15:42,21.56,--,6,12936,买盘
360,14:15:36,21.56,0.01,3,6468,买盘
361,14:15:33,21.55,-0.01,50,107750,卖盘
362,14:15:30,21.56,--,2,4312,卖盘
363,14:15:27,21.56,0.01,13,28028,买盘
364,14:15:21,21.55,-0.01,10,21550,卖盘
365,14:15:15,21.56,--,16,34496,买盘
366,14:15:09,21.56,-0.01,14,30184,卖盘
367,14:15:06,21.57,--,1,2157,买盘
368,14:14:57,21.57,0.01,5,10785,买盘
369,14:14:51,21.56,-0.01,6,12936,卖盘
370,14:14:45,21.57,--,4,8628,买盘
371,14:14:39,21.57,--,1,2157,买盘
372,14:14:36,21.57,-0.01,28,60396,卖盘
373,14:14:30,21.58,0.01,27,58265,买盘
374,14:14:21,21.57,0.01,3,6471,买盘
375,14:14:09,21.56,--,18,38808,买盘
376,14:13:51,21.56,0.01,10,21560,买盘
377,14:13:39,21.55,--,225,484875,买盘
378,14:13:36,21.55,--,50,107750,买盘
379,14:13:30,21.55,--,1,2155,买盘
380,14:13:27,21.55,--,100,215500,买盘
381,14:13:21,21.55,0.01,10,21550,买盘
382,14:13:18,21.54,-0.01,23,49542,买盘
383,14:13:15,21.55,--,15,32325,买盘
384,14:13:12,21.55,--,50,107750,买盘
385,14:13:09,21.55,0.01,154,331870,买盘
386,14:12:54,21.54,0.01,120,258480,买盘
387,14:12:51,21.53,0.01,5,10765,买盘
388,14:12:45,21.52,--,7,15064,买盘
389,14:12:42,21.52,--,7,15064,买盘
390,14:12:39,21.52,0.01,16,34432,买盘
391,14:12:36,21.51,-0.01,4,8604,中性盘
392,14:12:33,21.52,--,1,2152,买盘
393,14:12:30,21.52,--,1,2152,买盘
394,14:12:24,21.52,0.06,7,15064,买盘
395,14:12:21,21.46,-0.06,13,27898,卖盘
396,14:12:15,21.52,0.05,7,15064,买盘
397,14:12:09,21.47,--,2,4294,买盘
398,14:12:06,21.47,-0.05,34,72998,卖盘
399,14:12:00,21.52,0.05,1,2152,买盘
400,14:11:51,21.47,-0.05,10,21470,卖盘
401,14:11:48,21.52,--,1,2152,买盘
402,14:11:45,21.52,0.03,1,2152,买盘
403,14:11:36,21.49,0.04,20,42980,买盘
404,14:11:15,21.45,-0.01,50,107250,卖盘
405,14:11:12,21.46,-0.01,6,12876,卖盘
406,14:11:00,21.47,-0.02,1,2147,中性盘
407,14:10:36,21.49,0.01,220,472779,买盘
408,14:10:18,21.48,-0.01,9,19332,中性盘
409,14:09:45,21.49,0.01,2,4298,买盘
410,14:09:33,21.48,0.02,60,128880,买盘
411,14:09:21,21.46,0.01,12,25752,中性盘
412,14:09:15,21.45,-0.03,29,62205,卖盘
413,14:08:54,21.48,--,19,41241,买盘
414,14:08:51,21.48,0.02,50,107400,买盘
415,14:08:45,21.46,--,21,46139,卖盘
416,14:08:39,21.46,--,1,2146,卖盘
417,14:08:33,21.46,--,0,1073,买盘
418,14:08:18,21.46,--,9,20387,卖盘
419,14:08:15,21.46,-0.03,40,85840,卖盘
420,14:08:12,21.49,0.03,300,644700,买盘
421,14:08:06,21.46,-0.01,6,12876,卖盘
422,14:07:54,21.47,0.01,159,342446,买盘
423,14:07:48,21.46,-0.01,8,17168,卖盘
424,14:07:45,21.47,-0.01,5,10735,买盘
425,14:07:24,21.48,--,32,68736,卖盘
426,14:07:09,21.48,-0.01,3,6444,卖盘
427,14:07:06,21.49,--,1,2149,卖盘
428,14:06:45,21.49,--,9,19341,买盘
429,14:06:33,21.49,-0.03,71,152579,卖盘
430,14:05:57,21.52,0.03,1,2152,买盘
431,14:05:45,21.49,-0.02,30,64469,卖盘
432,14:05:39,21.51,0.01,54,116154,买盘
433,14:05:36,21.5,-0.01,7,15050,中性盘
434,14:04:57,21.51,0.02,60,129060,买盘
435,14:04:54,21.49,--,8,17192,卖盘
436,14:04:48,21.49,--,3,6446,卖盘
437,14:04:45,21.49,--,5,10745,卖盘
438,14:04:36,21.49,-0.02,20,42980,卖盘
439,14:04:24,21.51,0.02,60,129060,中性盘
440,14:03:54,21.49,-0.03,2,4298,卖盘
441,14:03:48,21.52,--,1,2152,买盘
442,14:03:36,21.52,--,3,6456,卖盘
443,14:03:21,21.52,-0.01,2,4304,卖盘
444,14:03:12,21.53,0.01,20,43060,买盘
445,14:03:09,21.52,--,5,10760,卖盘
446,14:02:54,21.52,--,7,15064,卖盘
447,14:02:51,21.52,--,1,2152,买盘
448,14:02:48,21.52,0.03,1,2152,买盘
449,14:02:45,21.49,-0.03,3,6446,卖盘
450,14:02:30,21.52,--,50,107600,买盘
451,14:02:18,21.52,0.04,7,15064,买盘
452,14:02:12,21.48,-0.04,57,122436,卖盘
453,14:01:57,21.52,-0.02,1,2152,中性盘
454,14:01:33,21.54,0.04,200,430800,买盘
455,14:01:15,21.5,0.02,2,4300,买盘
456,14:01:12,21.48,-0.02,10,21480,卖盘
457,14:00:57,21.5,--,1,2150,买盘
458,14:00:30,21.5,0.01,26,55900,买盘
459,13:59:57,21.49,0.01,20,42980,买盘
460,13:59:39,21.48,0.02,16,34368,买盘
461,13:59:09,21.46,0.04,8,17168,中性盘
462,13:58:42,21.42,-0.01,30,64260,卖盘
463,13:58:24,21.43,-0.02,14,30002,卖盘
464,13:58:21,21.45,0.01,160,343200,买盘
465,13:58:12,21.44,--,5,10720,卖盘
466,13:58:06,21.44,--,20,42880,卖盘
467,13:57:51,21.44,-0.01,8,17152,卖盘
468,13:57:42,21.45,--,7,15015,买盘
469,13:57:30,21.45,--,55,117975,买盘
470,13:57:12,21.45,--,4,8580,卖盘
471,13:57:06,21.45,--,17,36465,卖盘
472,13:56:42,21.45,--,10,21450,卖盘
473,13:56:36,21.45,-0.02,16,34320,卖盘
474,13:56:33,21.47,0.02,20,42940,买盘
475,13:56:27,21.45,-0.02,2,4290,卖盘
476,13:56:24,21.47,0.03,7,15029,买盘
477,13:56:21,21.44,-0.03,20,42880,卖盘
478,13:56:03,21.47,--,4,8588,卖盘
479,13:56:00,21.47,0.03,10,21470,买盘
480,13:55:57,21.44,--,6,12864,卖盘
481,13:55:51,21.44,-0.01,5,10720,卖盘
482,13:55:42,21.45,--,56,120120,卖盘
483,13:55:39,21.45,--,2,4290,卖盘
484,13:55:36,21.45,--,10,21450,卖盘
485,13:55:21,21.45,-0.02,5,10725,卖盘
486,13:55:12,21.47,--,5,10735,卖盘
487,13:55:09,21.47,-0.01,5,10735,卖盘
488,13:54:57,21.48,-0.02,50,107400,中性盘
489,13:54:24,21.5,0.02,40,86000,买盘
490,13:54:18,21.48,-0.02,6,12888,卖盘
491,13:53:54,21.5,-0.04,12,25800,卖盘
492,13:53:33,21.54,--,8,18050,卖盘
493,13:53:27,21.54,--,3,6462,卖盘
494,13:53:21,21.54,--,6,14259,买盘
495,13:53:18,21.54,0.04,1,2154,买盘
496,13:53:15,21.5,-0.04,5,10750,卖盘
497,13:53:06,21.54,--,60,129240,买盘
498,13:52:54,21.54,0.04,3,6462,买盘
499,13:52:51,21.5,-0.02,9,19350,卖盘
500,13:52:48,21.52,--,1,2152,卖盘
501,13:52:45,21.52,--,35,75320,卖盘
502,13:52:36,21.52,--,50,107600,卖盘
503,13:52:33,21.52,--,2,4304,卖盘
504,13:52:21,21.52,--,17,36584,买盘
505,13:52:18,21.52,-0.02,3,6456,中性盘
506,13:52:06,21.54,0.01,160,344640,买盘
507,13:52:03,21.53,0.03,12,25836,买盘
508,13:51:18,21.5,-0.03,17,36550,中性盘
509,13:50:51,21.53,0.03,10,21530,买盘
510,13:50:39,21.5,-0.03,30,65575,卖盘
511,13:50:36,21.53,0.03,5,10765,买盘
512,13:50:33,21.5,-0.03,8,17200,卖盘
513,13:50:15,21.53,0.01,50,107650,买盘
514,13:50:06,21.52,0.02,3,6456,买盘
515,13:49:54,21.5,--,62,134375,买盘
516,13:49:30,21.5,0.03,50,107500,买盘
517,13:49:27,21.47,-0.03,1,2147,卖盘
518,13:49:18,21.5,--,34,73100,卖盘
519,13:49:12,21.5,--,3,6450,卖盘
520,13:49:06,21.5,--,3,6450,卖盘
521,13:48:57,21.5,-0.01,4,8600,卖盘
522,13:48:54,21.51,0.01,15,32265,买盘
523,13:48:51,21.5,--,10,21500,卖盘
524,13:48:36,21.5,-0.01,10,21500,卖盘
525,13:47:45,21.51,0.01,22,47322,买盘
526,13:47:39,21.5,-0.01,3,6450,卖盘
527,13:47:24,21.51,--,3,6453,卖盘
528,13:47:09,21.51,--,5,10755,卖盘
529,13:47:03,21.51,-0.02,42,90342,卖盘
530,13:46:54,21.53,0.02,5,10765,买盘
531,13:46:36,21.51,-0.02,4,8604,卖盘
532,13:46:33,21.53,0.01,170,366010,买盘
533,13:46:24,21.52,--,2,4304,买盘
534,13:46:15,21.52,0.01,2,4304,中性盘
535,13:45:48,21.51,-0.02,2,4302,卖盘
536,13:45:30,21.53,0.01,150,322950,买盘
537,13:45:27,21.52,-0.01,31,67788,卖盘
538,13:45:15,21.53,0.01,22,47366,买盘
539,13:45:06,21.52,0.01,0,1076,买盘
540,13:44:48,21.51,--,3,6453,卖盘
541,13:44:42,21.51,--,2,4302,卖盘
542,13:44:24,21.51,-0.01,3,6453,中性盘
543,13:44:09,21.52,0.01,14,30128,买盘
544,13:44:06,21.51,--,3,7528,卖盘
545,13:43:54,21.51,-0.01,2,4302,卖盘
546,13:43:51,21.52,0.02,11,23672,买盘
547,13:43:33,21.5,--,0,1075,买盘
548,13:43:12,21.5,--,3,6450,买盘
549,13:43:09,21.5,--,1,2150,买盘
550,13:42:48,21.5,--,5,11825,卖盘
551,13:42:33,21.5,--,3,6450,卖盘
552,13:42:18,21.5,--,1,3225,买盘
553,13:42:09,21.5,--,20,43000,买盘
554,13:41:57,21.5,--,6,12900,买盘
555,13:41:33,21.5,--,1,2150,买盘
556,13:41:09,21.5,--,5,10750,买盘
557,13:40:54,21.5,0.03,8,17200,买盘
558,13:40:48,21.47,--,174,374651,卖盘
559,13:40:33,21.47,--,54,117011,卖盘
560,13:40:27,21.47,-0.02,1,2147,卖盘
561,13:40:21,21.49,--,10,21490,买盘
562,13:40:18,21.49,--,13,27936,买盘
563,13:40:15,21.49,0.01,5,10745,买盘
564,13:40:09,21.48,--,53,113844,卖盘
565,13:40:00,21.48,0.02,47,100956,买盘
566,13:39:57,21.46,--,5,10730,卖盘
567,13:39:51,21.46,--,1,2146,中性盘
568,13:39:33,21.46,--,2,4292,买盘
569,13:39:27,21.46,--,7,15022,买盘
570,13:39:21,21.46,--,2,4292,买盘
571,13:39:12,21.46,0.01,1,2146,买盘
572,13:39:06,21.45,--,1,2145,卖盘
573,13:38:42,21.45,-0.01,7,15015,卖盘
574,13:38:36,21.46,0.01,5,10730,买盘
575,13:38:33,21.45,--,1,2145,卖盘
576,13:38:24,21.45,--,5,10725,卖盘
577,13:38:09,21.45,0.02,44,94380,买盘
578,13:37:54,21.43,--,8,17144,卖盘
579,13:37:39,21.43,--,2,4286,卖盘
580,13:37:15,21.43,--,4,8572,卖盘
581,13:37:12,21.43,-0.02,15,32145,卖盘
582,13:36:45,21.45,-0.01,2,4290,中性盘
583,13:35:39,21.46,-0.02,6,12876,卖盘
584,13:35:33,21.48,-0.01,140,300720,中性盘
585,13:34:54,21.49,0.01,2,4298,买盘
586,13:34:42,21.48,0.02,14,30072,买盘
587,13:34:30,21.46,-0.02,3,6438,卖盘
588,13:34:12,21.48,0.02,8,17184,买盘
589,13:34:09,21.46,--,3,6438,卖盘
590,13:34:03,21.46,-0.02,2,4292,卖盘
591,13:33:54,21.48,-0.01,4,8592,中性盘
592,13:33:39,21.49,0.03,41,88109,买盘
593,13:33:36,21.46,-0.03,2,4292,卖盘
594,13:33:12,21.49,0.03,5,10745,买盘
595,13:33:03,21.46,-0.02,3,6438,卖盘
596,13:32:57,21.48,--,1,2148,卖盘
597,13:32:54,21.48,0.02,59,126732,买盘
598,13:32:39,21.46,0.03,8,17168,买盘
599,13:32:24,21.43,-0.02,10,21430,卖盘
600,13:32:21,21.45,0.02,17,36465,买盘
601,13:32:09,21.43,0.04,24,52117,买盘
602,13:31:57,21.39,--,16,34224,卖盘
603,13:31:36,21.39,-0.04,1,2139,卖盘
604,13:31:30,21.43,--,5,10715,买盘
605,13:31:27,21.43,--,2,4286,买盘
606,13:31:24,21.43,--,1,3600,卖盘
607,13:31:15,21.43,--,3,6429,卖盘
608,13:31:12,21.43,--,3,6429,卖盘
609,13:31:00,21.43,--,5,10715,卖盘
610,13:30:54,21.43,--,1,2143,卖盘
611,13:30:45,21.43,--,20,43545,买盘
612,13:30:36,21.43,--,5,10715,买盘
613,13:30:18,21.43,-0.01,1,3600,卖盘
614,13:29:51,21.44,0.01,60,128640,买盘
615,13:29:42,21.43,--,3,6429,卖盘
616,13:29:27,21.43,--,0,685,买盘
617,13:29:15,21.43,0.08,6,12858,买盘
618,13:29:00,21.35,--,40,85400,卖盘
619,13:28:51,21.35,--,19,41931,买盘
620,13:28:48,21.35,--,49,104615,买盘
621,13:28:45,21.35,--,35,74725,买盘
622,13:28:42,21.35,--,60,128100,买盘
623,13:28:39,21.35,--,10,21350,买盘
624,13:28:33,21.35,-0.03,290,619918,卖盘
625,13:28:18,21.38,--,1,2138,买盘
626,13:28:09,21.38,0.01,5,10690,买盘
627,13:27:54,21.37,0.01,6,12822,中性盘
628,13:27:45,21.36,--,2,4272,卖盘
629,13:27:39,21.36,-0.07,6,12816,卖盘
630,13:27:18,21.43,0.04,28,60004,买盘
631,13:27:09,21.39,-0.03,5,10695,卖盘
632,13:27:00,21.42,--,20,42840,卖盘
633,13:26:51,21.42,--,116,248472,买盘
634,13:26:30,21.42,--,17,36414,买盘
635,13:26:21,21.42,-0.04,5,10710,中性盘
636,13:26:03,21.46,0.11,60,128760,买盘
637,13:25:51,21.35,-0.1,57,121695,卖盘
638,13:25:48,21.45,0.1,15,32175,买盘
639,13:25:33,21.35,-0.04,157,335195,卖盘
640,13:25:30,21.39,0.01,3,6417,买盘
641,13:25:27,21.38,--,1,2138,买盘
642,13:25:24,21.38,--,63,134694,买盘
643,13:25:21,21.38,--,10,21380,买盘
644,13:25:15,21.38,0.01,25,53450,买盘
645,13:25:09,21.37,-0.01,2,4274,卖盘
646,13:25:00,21.38,-0.01,25,53450,卖盘
647,13:24:57,21.39,--,14,29946,买盘
648,13:24:51,21.39,--,5,10695,买盘
649,13:24:48,21.39,--,2,4278,买盘
650,13:24:45,21.39,-0.01,20,42780,卖盘
651,13:24:36,21.4,-0.05,60,128399,卖盘
652,13:24:30,21.45,--,10,21450,中性盘
653,13:23:54,21.45,0.05,28,60060,买盘
654,13:23:51,21.4,-0.03,6,12840,卖盘
655,13:23:33,21.43,--,5,10715,卖盘
656,13:23:30,21.43,--,6,13308,买盘
657,13:23:03,21.43,0.04,11,23573,买盘
658,13:22:54,21.39,-0.01,5,10695,卖盘
659,13:22:45,21.4,--,9,19260,卖盘
660,13:22:39,21.4,--,10,21400,卖盘
661,13:22:36,21.4,--,16,34240,卖盘
662,13:22:30,21.4,-0.03,50,107000,卖盘
663,13:22:18,21.43,0.02,1,3835,卖盘
664,13:22:15,21.41,--,8,17577,买盘
665,13:22:12,21.41,--,2,4282,买盘
666,13:22:09,21.41,-0.02,189,406340,卖盘
667,13:22:00,21.43,-0.02,4,8572,卖盘
668,13:21:57,21.45,0.02,2,4290,买盘
669,13:21:45,21.43,--,4,8572,买盘
670,13:21:27,21.43,-0.02,108,231444,卖盘
671,13:21:00,21.45,0.02,13,27885,买盘
672,13:20:54,21.43,-0.02,5,10715,卖盘
673,13:20:45,21.45,0.02,11,23595,买盘
674,13:20:42,21.43,--,6,12858,卖盘
675,13:20:39,21.43,--,10,21430,卖盘
676,13:20:30,21.43,-0.02,5,10715,卖盘
677,13:20:27,21.45,--,2,4290,买盘
678,13:20:18,21.45,--,6,12870,买盘
679,13:20:03,21.45,--,7,15015,卖盘
680,13:19:57,21.45,-0.01,47,100815,卖盘
681,13:19:48,21.46,--,8,17168,买盘
682,13:19:30,21.46,0.01,85,182410,买盘
683,13:19:27,21.45,-0.01,17,36465,卖盘
684,13:19:12,21.46,--,5,10730,买盘
685,13:19:06,21.46,--,2,4292,买盘
686,13:19:03,21.46,--,9,19314,中性盘
687,13:18:18,21.46,0.01,10,21460,买盘
688,13:17:57,21.45,--,1,2145,中性盘
689,13:17:24,21.45,0.02,100,214500,买盘
690,13:17:09,21.43,--,1,2143,卖盘
691,13:16:54,21.43,--,8,17144,卖盘
692,13:16:33,21.43,0.02,17,36431,买盘
693,13:16:30,21.41,-0.02,10,21859,卖盘
694,13:16:03,21.43,-0.01,40,85720,卖盘
695,13:15:45,21.44,--,2,4288,买盘
696,13:15:42,21.44,-0.02,135,289440,卖盘
697,13:15:39,21.46,--,9,19314,买盘
698,13:15:33,21.46,--,10,21460,卖盘
699,13:15:21,21.46,--,87,186702,卖盘
700,13:15:18,21.46,--,1,2146,卖盘
701,13:15:09,21.46,--,5,10730,卖盘
702,13:15:03,21.46,-0.01,10,21460,卖盘
703,13:14:54,21.47,0.01,15,32205,买盘
704,13:14:42,21.46,--,3,6438,卖盘
705,13:14:39,21.46,-0.01,15,32190,卖盘
706,13:14:24,21.47,--,7,15029,卖盘
707,13:14:21,21.47,--,1,2147,买盘
708,13:14:09,21.47,-0.02,7,15029,卖盘
709,13:13:57,21.49,0.01,100,216597,买盘
710,13:13:48,21.48,--,12,25776,卖盘
711,13:13:30,21.48,--,5,10740,卖盘
712,13:13:27,21.48,--,2,4296,卖盘
713,13:12:51,21.48,-0.01,31,66588,卖盘
714,13:12:39,21.49,0.01,3,6446,中性盘
715,13:12:06,21.48,--,10,21480,卖盘
716,13:12:03,21.48,-0.01,100,214800,卖盘
717,13:11:57,21.49,--,6,12893,卖盘
718,13:11:54,21.49,--,2,4298,卖盘
719,13:11:51,21.49,-0.01,20,42980,卖盘
720,13:11:33,21.5,--,4,8600,买盘
721,13:11:27,21.5,--,1,2150,卖盘
722,13:11:21,21.5,-0.01,1,2150,卖盘
723,13:11:09,21.51,-0.02,4,8604,中性盘
724,13:09:45,21.53,--,1,2153,卖盘
725,13:08:51,21.53,--,6,12918,卖盘
726,13:08:39,21.53,0.04,3,6459,买盘
727,13:08:24,21.49,-0.05,40,85960,卖盘
728,13:08:09,21.54,0.04,100,215400,买盘
729,13:07:54,21.5,--,4,8600,卖盘
730,13:07:45,21.5,--,6,12900,卖盘
731,13:07:39,21.5,-0.01,4,8600,卖盘
732,13:07:21,21.51,-0.03,10,21510,卖盘
733,13:06:51,21.54,--,2,4308,买盘
734,13:06:48,21.54,--,2,4308,买盘
735,13:06:36,21.54,--,2,4308,买盘
736,13:06:15,21.54,--,13,29897,卖盘
737,13:06:09,21.54,--,1,2154,卖盘
738,13:06:00,21.54,--,5,11028,买盘
739,13:05:30,21.54,--,16,36359,卖盘
740,13:05:24,21.54,--,3,6462,卖盘
741,13:05:18,21.54,--,20,43080,卖盘
742,13:05:09,21.54,--,2,4566,买盘
743,13:04:48,21.54,-0.01,1,4049,卖盘
744,13:04:45,21.55,0.01,2,4310,买盘
745,13:04:39,21.54,--,5,10770,卖盘
746,13:04:36,21.54,--,10,21540,卖盘
747,13:04:30,21.54,0.02,123,265200,买盘
748,13:04:18,21.52,--,12,25824,买盘
749,13:04:12,21.52,--,10,21520,卖盘
750,13:04:03,21.52,--,9,19368,卖盘
751,13:03:51,21.52,-0.01,1,2152,卖盘
752,13:03:48,21.53,--,4,8612,买盘
753,13:03:33,21.53,0.01,1,2153,买盘
754,13:03:09,21.52,--,4,8608,卖盘
755,13:02:57,21.52,--,40,86080,卖盘
756,13:02:45,21.52,--,6,12912,卖盘
757,13:02:36,21.52,0.03,3,6456,买盘
758,13:02:24,21.49,-0.03,1,2149,卖盘
759,13:02:21,21.52,--,2,4304,卖盘
760,13:01:57,21.52,--,5,10760,卖盘
761,13:01:39,21.52,--,5,10760,卖盘
762,13:01:18,21.52,--,15,32280,卖盘
763,13:01:09,21.52,--,7,15064,卖盘
764,13:01:00,21.52,--,3,6456,卖盘
765,13:00:48,21.52,--,21,45192,卖盘
766,13:00:36,21.52,0.03,1,2152,买盘
767,13:00:15,21.49,-0.01,29,62320,卖盘
768,13:00:06,21.5,--,49,105350,卖盘
769,13:00:03,21.5,-0.01,45,96750,中性盘
770,13:00:00,21.51,--,0,0,买盘
771,11:30:00,21.51,--,0,0,买盘
772,11:29:54,21.51,-0.02,4,8604,卖盘
773,11:29:42,21.53,0.02,19,40907,买盘
774,11:29:21,21.51,-0.02,2,4302,卖盘
775,11:29:15,21.53,0.02,20,43060,买盘
776,11:29:12,21.51,-0.01,12,25812,卖盘
777,11:28:36,21.52,--,10,21520,卖盘
778,11:28:33,21.52,0.01,4,8608,买盘
779,11:28:21,21.51,0.03,2,4302,买盘
780,11:28:00,21.48,--,20,42960,卖盘
781,11:27:42,21.48,-0.02,99,214177,卖盘
782,11:27:33,21.5,0.01,7,15050,买盘
783,11:27:12,21.49,--,1,2149,卖盘
784,11:27:06,21.49,--,20,42980,卖盘
785,11:27:03,21.49,-0.01,14,30085,卖盘
786,11:26:48,21.5,0.01,2,4300,买盘
787,11:26:45,21.49,--,5,10745,买盘
788,11:26:33,21.49,--,6,12893,买盘
789,11:26:15,21.49,--,39,83811,卖盘
790,11:26:06,21.49,--,6,12893,卖盘
791,11:25:30,21.49,--,10,21490,卖盘
792,11:25:15,21.49,-0.01,10,21490,卖盘
793,11:25:09,21.5,0.01,8,17200,买盘
794,11:25:03,21.49,-0.01,93,199857,卖盘
795,11:24:54,21.5,--,2,4300,买盘
796,11:24:21,21.5,--,48,103200,卖盘
797,11:24:06,21.5,0.01,2,4300,买盘
798,11:23:42,21.49,-0.01,4,8596,卖盘
799,11:23:18,21.5,0.02,2,4300,中性盘
800,11:22:48,21.48,--,4,8592,卖盘
801,11:22:36,21.48,-0.01,99,212652,卖盘
802,11:22:30,21.49,--,18,38682,买盘
803,11:22:15,21.49,-0.01,2,4298,卖盘
804,11:22:06,21.5,-0.01,5,10750,卖盘
805,11:21:30,21.51,-0.01,1,2151,卖盘
806,11:21:15,21.52,-0.01,5,10760,卖盘
807,11:20:57,21.53,--,14,32036,卖盘
808,11:20:51,21.53,--,2,4306,卖盘
809,11:20:48,21.53,-0.01,23,49519,卖盘
810,11:20:39,21.54,--,6,12924,买盘
811,11:20:33,21.54,--,2,4308,买盘
812,11:20:30,21.54,0.01,2,4308,买盘
813,11:20:27,21.53,--,2,4306,卖盘
814,11:20:21,21.53,-0.01,20,43060,卖盘
815,11:20:18,21.54,--,33,71340,买盘
816,11:20:15,21.54,0.01,50,107700,买盘
817,11:20:12,21.53,--,63,135639,卖盘
818,11:20:09,21.53,--,10,21530,卖盘
819,11:19:57,21.53,--,1,2153,卖盘
820,11:19:54,21.53,--,18,38754,买盘
821,11:19:39,21.53,--,2,4306,买盘
822,11:19:18,21.53,0.01,3,6459,买盘
823,11:19:12,21.52,0.02,32,68864,买盘
824,11:19:03,21.5,0.02,7,15050,买盘
825,11:18:39,21.48,-0.01,25,54774,卖盘
826,11:18:33,21.49,--,1,2149,卖盘
827,11:18:30,21.49,--,5,10745,卖盘
828,11:18:21,21.49,0.01,43,92407,买盘
829,11:18:18,21.48,-0.01,1,2148,卖盘
830,11:17:57,21.49,--,14,30085,卖盘
831,11:17:42,21.49,--,1,2149,卖盘
832,11:17:06,21.49,--,35,75215,买盘
833,11:16:57,21.49,--,20,42980,买盘
834,11:16:54,21.49,--,27,58022,卖盘
835,11:16:45,21.49,--,5,10745,卖盘
836,11:16:30,21.49,-0.01,20,42980,卖盘
837,11:16:15,21.5,--,15,32250,卖盘
838,11:15:57,21.5,-0.04,20,43000,卖盘
839,11:15:51,21.54,0.03,10,21540,买盘
840,11:15:12,21.51,--,8,17208,买盘
841,11:15:09,21.51,-0.02,65,139815,卖盘
842,11:14:51,21.53,0.01,1,2153,买盘
843,11:14:27,21.52,0.02,11,23672,买盘
844,11:13:30,21.5,--,34,73100,买盘
845,11:13:12,21.5,-0.01,16,34400,卖盘
846,11:13:06,21.51,--,18,38718,卖盘
847,11:13:03,21.51,--,15,32265,卖盘
848,11:12:57,21.51,-0.01,10,21510,卖盘
849,11:12:21,21.52,0.01,1,2152,买盘
850,11:12:18,21.51,--,4,8604,卖盘
851,11:12:12,21.51,--,2,4302,买盘
852,11:12:09,21.51,-0.01,4,8604,卖盘
853,11:12:03,21.52,--,3,6456,买盘
854,11:11:54,21.52,--,6,12912,卖盘
855,11:11:42,21.52,--,1,2152,卖盘
856,11:11:39,21.52,--,11,23672,买盘
857,11:11:36,21.52,0.01,4,8608,买盘
858,11:11:33,21.51,--,5,10755,买盘
859,11:11:30,21.51,--,7,15057,买盘
860,11:11:27,21.51,-0.01,3,6453,卖盘
861,11:11:24,21.52,0.01,22,47344,买盘
862,11:11:21,21.51,-0.01,22,47322,卖盘
863,11:10:54,21.52,--,3,6456,买盘
864,11:10:51,21.52,-0.02,7,15064,卖盘
865,11:10:24,21.54,0.02,5,10770,买盘
866,11:10:21,21.52,-0.03,1,2152,中性盘
867,11:10:09,21.55,0.05,1,2155,中性盘
868,11:09:39,21.5,-0.06,10,21500,卖盘
869,11:09:36,21.56,0.01,18,38808,买盘
870,11:09:21,21.55,--,118,254290,卖盘
871,11:09:15,21.55,-0.02,120,258600,卖盘
872,11:09:12,21.57,--,6,12942,卖盘
873,11:09:09,21.57,0.01,6,12942,卖盘
874,11:09:00,21.56,-0.02,20,43120,卖盘
875,11:08:57,21.58,0.02,1,2158,买盘
876,11:08:51,21.56,--,64,137984,卖盘
877,11:08:45,21.56,-0.01,20,43120,卖盘
878,11:08:42,21.57,0.01,16,34512,买盘
879,11:08:30,21.56,--,20,43120,卖盘
880,11:08:27,21.56,--,22,47432,买盘
881,11:08:21,21.56,0.01,5,10780,买盘
882,11:08:18,21.55,--,36,77580,卖盘
883,11:08:09,21.55,0.01,3,6465,卖盘
884,11:08:03,21.54,--,49,105546,买盘
885,11:07:57,21.54,0.04,19,40926,买盘
886,11:07:45,21.5,--,23,49450,卖盘
887,11:07:36,21.5,--,4,8600,卖盘
888,11:07:24,21.5,-0.06,1,2150,卖盘
889,11:07:15,21.56,0.05,10,21560,买盘
890,11:07:12,21.51,-0.02,8,17208,卖盘
891,11:07:06,21.53,-0.04,3,6459,买盘
892,11:07:00,21.57,0.04,11,23727,买盘
893,11:06:57,21.53,-0.04,15,32295,卖盘
894,11:06:51,21.57,--,23,49611,买盘
895,11:06:45,21.57,--,4,8628,买盘
896,11:06:39,21.57,--,4,8628,中性盘
897,11:06:30,21.57,--,7,15099,卖盘
898,11:06:27,21.57,-0.01,2,4314,卖盘
899,11:06:24,21.58,0.01,8,17264,买盘
900,11:06:21,21.57,--,30,64710,卖盘
901,11:06:15,21.57,-0.04,11,23727,卖盘
902,11:06:12,21.61,--,5,10805,买盘
903,11:06:06,21.61,--,11,23771,买盘
904,11:06:03,21.61,-0.03,83,179363,卖盘
905,11:06:00,21.64,--,16,34624,卖盘
906,11:05:57,21.64,0.01,61,132004,买盘
907,11:05:54,21.63,--,26,56238,买盘
908,11:05:48,21.63,0.02,20,43260,买盘
909,11:05:42,21.61,-0.02,97,209617,卖盘
910,11:05:36,21.63,--,14,30282,买盘
911,11:05:33,21.63,--,2,4326,买盘
912,11:05:30,21.63,--,10,21630,买盘
913,11:05:27,21.63,0.04,142,307146,买盘
914,11:05:24,21.59,--,25,53975,买盘
915,11:05:18,21.59,0.02,102,220218,买盘
916,11:05:15,21.57,0.04,300,647100,买盘
917,11:05:12,21.53,--,136,292808,买盘
918,11:05:09,21.53,0.03,23,49519,买盘
919,11:05:06,21.5,0.01,5,10750,买盘
920,11:05:03,21.49,--,1,2149,买盘
921,11:04:54,21.49,--,10,21490,买盘
922,11:04:39,21.49,0.01,34,73066,买盘
923,11:04:30,21.48,-0.01,25,53700,卖盘
924,11:04:21,21.49,-0.01,10,21490,卖盘
925,11:04:09,21.5,--,31,66650,卖盘
926,11:04:03,21.5,-0.03,5,10750,卖盘
927,11:03:51,21.53,--,14,30142,买盘
928,11:03:33,21.53,--,2,4306,买盘
929,11:03:21,21.53,--,15,32295,卖盘
930,11:03:18,21.53,-0.01,11,23683,卖盘
931,11:03:12,21.54,--,10,21540,买盘
932,11:03:09,21.54,0.01,50,107700,买盘
933,11:03:06,21.53,-0.01,22,47366,卖盘
934,11:03:03,21.54,--,44,94776,卖盘
935,11:03:00,21.54,-0.01,5,10770,卖盘
936,11:02:48,21.55,0.01,10,21550,买盘
937,11:02:42,21.54,--,1,2154,买盘
938,11:02:33,21.54,--,1,2154,卖盘
939,11:02:27,21.54,--,2,4308,买盘
940,11:02:24,21.54,0.01,5,10770,买盘
941,11:02:21,21.53,-0.01,23,49519,卖盘
942,11:02:15,21.54,-0.01,7,15078,卖盘
943,11:02:12,21.55,--,15,32325,卖盘
944,11:02:09,21.55,-0.01,21,45255,卖盘
945,11:02:03,21.56,--,8,17248,买盘
946,11:02:00,21.56,-0.02,11,23716,卖盘
947,11:01:57,21.58,--,5,10790,买盘
948,11:01:54,21.58,0.01,7,15105,买盘
949,11:01:51,21.57,0.01,45,97065,买盘
950,11:01:42,21.56,--,8,17248,卖盘
951,11:01:39,21.56,0.01,20,43120,买盘
952,11:01:30,21.55,--,33,71115,买盘
953,11:01:27,21.55,--,38,81890,买盘
954,11:01:24,21.55,0.01,17,36635,买盘
955,11:01:18,21.54,--,30,64620,卖盘
956,11:01:15,21.54,--,5,10770,卖盘
957,11:01:12,21.54,--,21,45234,买盘
958,11:01:09,21.54,0.01,6,12924,买盘
959,11:01:06,21.53,-0.01,3,6459,卖盘
960,11:00:57,21.54,0.01,19,40926,买盘
961,11:00:54,21.53,--,2,4306,买盘
962,11:00:51,21.53,0.01,7,15071,买盘
963,11:00:48,21.52,--,95,204440,买盘
964,11:00:39,21.52,0.04,70,150640,买盘
965,11:00:33,21.48,--,5,10740,买盘
966,11:00:30,21.48,--,4,8592,买盘
967,11:00:21,21.48,0.01,51,109548,买盘
968,11:00:18,21.47,-0.01,1,2147,中性盘
969,11:00:15,21.48,0.02,9,19332,买盘
970,11:00:12,21.46,-0.01,33,70818,卖盘
971,11:00:09,21.47,--,1,2147,买盘
972,11:00:06,21.47,--,7,15029,买盘
973,11:00:03,21.47,0.02,53,113791,买盘
974,11:00:00,21.45,--,16,34320,买盘
975,10:59:57,21.45,--,1,2145,买盘
976,10:59:54,21.45,0.01,5,10725,买盘
977,10:59:51,21.44,--,18,38592,买盘
978,10:59:48,21.44,--,1,2144,买盘
979,10:59:42,21.44,--,5,10720,买盘
980,10:59:39,21.44,--,1,2144,买盘
981,10:59:36,21.44,0.02,10,21440,买盘
982,10:59:03,21.42,-0.01,14,29988,卖盘
983,10:59:00,21.43,--,5,10715,卖盘
984,10:58:57,21.43,--,69,147867,买盘
985,10:58:54,21.43,--,10,21430,买盘
986,10:58:30,21.43,0.02,137,293591,买盘
987,10:58:18,21.41,-0.02,1,2141,卖盘
988,10:58:15,21.43,--,31,66433,买盘
989,10:58:00,21.43,0.01,16,34288,买盘
990,10:57:54,21.42,--,6,12852,卖盘
991,10:57:51,21.42,-0.01,10,21420,卖盘
992,10:57:45,21.43,--,10,21430,买盘
993,10:57:42,21.43,0.01,5,10715,买盘
994,10:57:30,21.42,-0.01,2,4284,卖盘
995,10:56:51,21.43,0.01,5,10715,买盘
996,10:56:45,21.42,--,2,4284,卖盘
997,10:56:30,21.42,--,23,49266,买盘
998,10:56:18,21.42,-0.01,2,4284,中性盘
999,10:56:15,21.43,--,21,45003,买盘
1000,10:56:09,21.43,0.03,10,21430,买盘
1001,10:56:06,21.4,-0.03,2,4280,中性盘
1002,10:56:00,21.43,--,4,8572,买盘
1003,10:55:33,21.43,--,124,265732,买盘
1004,10:55:06,21.43,--,8,17144,买盘
1005,10:54:45,21.43,--,18,38574,卖盘
1006,10:54:42,21.43,-0.02,30,64290,卖盘
1007,10:54:27,21.45,--,8,17160,买盘
1008,10:54:18,21.45,--,3,6435,卖盘
1009,10:54:06,21.45,-0.01,8,17160,卖盘
1010,10:54:00,21.46,--,1,2146,买盘
1011,10:53:57,21.46,--,3,6438,买盘
1012,10:53:51,21.46,--,20,42920,买盘
1013,10:53:45,21.46,--,26,55796,买盘
1014,10:53:39,21.46,--,7,15022,买盘
1015,10:53:36,21.46,--,2,4292,买盘
1016,10:53:33,21.46,--,5,10730,买盘
1017,10:53:12,21.46,0.03,1,2146,买盘
1018,10:53:00,21.43,--,68,145724,买盘
1019,10:52:33,21.43,--,7,15001,卖盘
1020,10:52:27,21.43,--,15,32145,卖盘
1021,10:52:18,21.43,--,5,10715,卖盘
1022,10:52:09,21.43,-0.01,5,10715,卖盘
1023,10:51:36,21.44,--,3,6432,买盘
1024,10:51:27,21.44,--,45,96480,买盘
1025,10:51:24,21.44,--,4,8576,买盘
1026,10:51:15,21.44,0.02,1,2144,买盘
1027,10:51:00,21.42,0.02,102,218484,买盘
1028,10:50:54,21.4,0.03,27,57779,买盘
1029,10:50:45,21.37,-0.03,1,2137,卖盘
1030,10:50:42,21.4,--,5,10700,买盘
1031,10:50:39,21.4,0.01,8,17120,买盘
1032,10:50:36,21.39,--,1,2139,买盘
1033,10:50:24,21.39,0.02,2,4278,中性盘
1034,10:50:18,21.37,-0.01,18,38466,卖盘
1035,10:50:15,21.38,--,8,18472,买盘
1036,10:50:12,21.38,--,35,74830,买盘
1037,10:50:09,21.38,--,21,44898,买盘
1038,10:50:06,21.38,--,5,10690,买盘
1039,10:50:03,21.38,--,1,2138,买盘
1040,10:50:00,21.38,--,2,4276,买盘
1041,10:49:57,21.38,--,2,4276,买盘
1042,10:49:54,21.38,0.01,8,17104,买盘
1043,10:49:51,21.37,--,35,74795,买盘
1044,10:49:48,21.37,--,3,6411,买盘
1045,10:49:42,21.37,--,10,21370,买盘
1046,10:49:36,21.37,--,1,2137,买盘
1047,10:49:33,21.37,--,4,8548,买盘
1048,10:49:30,21.37,--,2,4274,买盘
1049,10:49:27,21.37,--,6,12822,买盘
1050,10:49:21,21.37,0.01,5,10685,买盘
1051,10:49:18,21.36,0.01,1,2136,中性盘
1052,10:49:03,21.35,0.01,8,17080,买盘
1053,10:48:54,21.34,--,1,2134,卖盘
1054,10:48:51,21.34,-0.01,40,85360,卖盘
1055,10:48:39,21.35,0.01,5,10675,买盘
1056,10:48:00,21.34,--,7,14938,卖盘
1057,10:47:54,21.34,--,6,12804,卖盘
1058,10:47:15,21.34,--,2,4268,买盘
1059,10:47:12,21.34,--,88,187792,中性盘
1060,10:46:48,21.34,--,5,10670,买盘
1061,10:46:24,21.34,-0.01,2,4268,中性盘
1062,10:46:18,21.35,--,1,2135,买盘
1063,10:46:15,21.35,-0.02,20,42700,卖盘
1064,10:46:12,21.37,--,31,66247,买盘
1065,10:46:09,21.37,--,6,12822,买盘
1066,10:46:06,21.37,--,2,4274,买盘
1067,10:45:57,21.37,--,1,2137,买盘
1068,10:45:54,21.37,--,3,6411,买盘
1069,10:45:48,21.37,--,2,4274,买盘
1070,10:45:42,21.37,0.02,153,326961,买盘
1071,10:45:33,21.35,--,1,2135,卖盘
1072,10:45:24,21.35,-0.02,5,10675,卖盘
1073,10:45:21,21.37,--,4,8548,买盘
1074,10:45:18,21.37,0.01,19,40603,买盘
1075,10:45:15,21.36,--,1,2136,买盘
1076,10:45:12,21.36,--,4,8544,买盘
1077,10:45:06,21.36,-0.01,8,17088,卖盘
1078,10:44:51,21.37,--,5,10685,买盘
1079,10:44:39,21.37,0.01,1,2137,买盘
1080,10:44:27,21.36,--,9,19224,买盘
1081,10:44:15,21.36,0.01,6,12816,买盘
1082,10:43:54,21.35,--,2,4270,卖盘
1083,10:43:51,21.35,--,52,111020,卖盘
1084,10:43:45,21.35,-0.01,3,6405,卖盘
1085,10:43:24,21.36,--,32,68352,卖盘
1086,10:43:15,21.36,--,13,27768,卖盘
1087,10:43:12,21.36,--,10,21360,卖盘
1088,10:43:09,21.36,--,1,2136,卖盘
1089,10:42:54,21.36,-0.01,5,10680,卖盘
1090,10:42:36,21.37,--,6,12822,卖盘
1091,10:42:21,21.37,--,4,8548,买盘
1092,10:42:15,21.37,-0.01,9,19233,卖盘
1093,10:42:12,21.38,--,20,42760,买盘
1094,10:42:03,21.38,--,37,79106,买盘
1095,10:42:00,21.38,-0.01,12,26425,卖盘
1096,10:41:57,21.39,--,2,4278,买盘
1097,10:41:51,21.39,0.01,20,42780,买盘
1098,10:41:48,21.38,-0.01,1,2138,卖盘
1099,10:41:45,21.39,--,1,2139,买盘
1100,10:41:33,21.39,--,1,2139,买盘
1101,10:41:15,21.39,--,1,2139,买盘
1102,10:41:12,21.39,0.02,3,6417,买盘
1103,10:40:33,21.37,--,41,88984,买盘
1104,10:40:30,21.37,--,10,21370,买盘
1105,10:40:27,21.37,--,1,2137,买盘
1106,10:40:24,21.37,--,3,6411,买盘
1107,10:40:15,21.37,--,23,49151,买盘
1108,10:40:12,21.37,--,1,2137,买盘
1109,10:40:06,21.37,-0.02,29,62742,卖盘
1110,10:40:03,21.39,0.02,5,10695,买盘
1111,10:39:51,21.37,-0.02,7,14959,卖盘
1112,10:39:33,21.39,0.02,3,6417,买盘
1113,10:39:30,21.37,-0.02,1,2137,卖盘
1114,10:39:27,21.39,--,3,6417,买盘
1115,10:39:15,21.39,0.01,11,23529,买盘
1116,10:39:12,21.38,0.01,1,2138,买盘
1117,10:39:09,21.37,--,5,12052,买盘
1118,10:38:48,21.37,0.01,10,21370,买盘
1119,10:38:42,21.36,-0.01,1,2136,卖盘
1120,10:37:54,21.37,--,8,17096,卖盘
1121,10:37:45,21.37,--,6,12822,卖盘
1122,10:37:24,21.37,--,1,2137,卖盘
1123,10:36:51,21.37,-0.02,2,4274,卖盘
1124,10:36:45,21.39,0.01,12,25668,买盘
1125,10:36:12,21.38,-0.02,2,4276,卖盘
1126,10:35:09,21.4,--,5,10700,买盘
1127,10:34:48,21.4,--,5,10700,买盘
1128,10:34:18,21.4,--,5,10700,买盘
1129,10:34:06,21.4,--,1,2140,买盘
1130,10:33:57,21.4,--,45,96300,卖盘
1131,10:33:36,21.4,--,5,10700,卖盘
1132,10:33:33,21.4,--,32,68480,买盘
1133,10:33:30,21.4,--,21,44940,买盘
1134,10:33:27,21.4,--,3,6420,买盘
1135,10:33:21,21.4,--,1,2140,买盘
1136,10:33:18,21.4,0.01,11,23540,买盘
1137,10:33:15,21.39,--,1,2139,买盘
1138,10:33:12,21.39,--,5,10695,买盘
1139,10:33:09,21.39,0.04,3,6417,买盘
1140,10:33:06,21.35,-0.04,32,68320,卖盘
1141,10:33:03,21.39,0.02,1,2139,买盘
1142,10:32:51,21.37,-0.02,7,14959,卖盘
1143,10:32:48,21.39,0.02,4,8556,买盘
1144,10:32:27,21.37,0.01,15,32055,买盘
1145,10:32:21,21.36,-0.01,1,2136,卖盘
1146,10:32:09,21.37,--,10,21370,买盘
1147,10:32:03,21.37,-0.02,147,314139,卖盘
1148,10:32:00,21.39,--,2,4278,买盘
1149,10:31:42,21.39,--,5,10695,卖盘
1150,10:31:36,21.39,--,5,10695,中性盘
1151,10:31:24,21.39,--,5,10695,卖盘
1152,10:31:15,21.39,-0.01,14,29946,卖盘
1153,10:30:57,21.4,--,2,4280,买盘
1154,10:30:51,21.4,--,16,34240,买盘
1155,10:30:42,21.4,--,1,2140,买盘
1156,10:30:36,21.4,-0.02,8,17120,卖盘
1157,10:30:33,21.42,0.01,100,214200,买盘
1158,10:30:24,21.41,-0.01,1,2141,中性盘
1159,10:30:12,21.42,--,2,4284,买盘
1160,10:30:00,21.42,0.02,2,4284,买盘
1161,10:29:51,21.4,--,8,17120,买盘
1162,10:29:42,21.4,--,1,2140,买盘
1163,10:29:39,21.4,--,34,72760,卖盘
1164,10:29:36,21.4,-0.02,12,25680,卖盘
1165,10:29:33,21.42,0.02,10,21420,买盘
1166,10:29:12,21.4,--,109,233259,买盘
1167,10:29:09,21.4,--,2,4280,买盘
1168,10:29:06,21.4,--,1,2140,买盘
1169,10:29:03,21.4,--,11,23540,买盘
1170,10:29:00,21.4,--,38,81320,买盘
1171,10:28:54,21.4,--,3,6420,买盘
1172,10:28:51,21.4,--,3,6420,买盘
1173,10:28:48,21.4,--,17,36380,买盘
1174,10:28:45,21.4,--,36,77040,买盘
1175,10:28:33,21.4,-0.02,24,51360,卖盘
1176,10:28:27,21.42,--,5,10710,买盘
1177,10:28:24,21.42,0.02,6,12852,买盘
1178,10:28:15,21.4,--,15,32099,卖盘
1179,10:28:09,21.4,--,68,145520,买盘
1180,10:28:06,21.4,--,3,6420,买盘
1181,10:27:57,21.4,-0.02,30,64199,卖盘
1182,10:27:54,21.42,0.02,10,21420,买盘
1183,10:27:45,21.4,--,30,64199,买盘
1184,10:27:42,21.4,--,4,8560,买盘
1185,10:27:39,21.4,--,2,4280,买盘
1186,10:27:36,21.4,0.01,19,40660,买盘
1187,10:27:27,21.39,--,1,2139,买盘
1188,10:27:24,21.39,--,27,57753,买盘
1189,10:27:18,21.39,--,1,2139,买盘
1190,10:27:15,21.39,--,9,19251,买盘
1191,10:27:12,21.39,--,51,109089,买盘
1192,10:27:09,21.39,0.02,2,4278,买盘
1193,10:27:06,21.37,--,1,2137,买盘
1194,10:27:03,21.37,--,1,2137,买盘
1195,10:26:54,21.37,0.01,10,21370,买盘
1196,10:26:51,21.36,0.04,5,10680,买盘
1197,10:26:42,21.32,-0.04,4,8528,卖盘
1198,10:26:39,21.36,0.01,5,10680,买盘
1199,10:26:36,21.35,--,4,8540,买盘
1200,10:26:30,21.35,0.01,25,53375,买盘
1201,10:26:24,21.34,--,7,14938,卖盘
1202,10:26:21,21.34,--,20,42680,卖盘
1203,10:26:18,21.34,-0.01,10,21340,卖盘
1204,10:26:00,21.35,0.01,5,10675,买盘
1205,10:25:57,21.34,--,1,2134,买盘
1206,10:25:54,21.34,--,1,2134,买盘
1207,10:25:45,21.34,--,1,2134,买盘
1208,10:25:42,21.34,--,4,8536,卖盘
1209,10:25:36,21.34,0.04,6,12804,中性盘
1210,10:25:18,21.3,-0.04,50,106500,卖盘
1211,10:25:06,21.34,0.04,55,117370,买盘
1212,10:25:03,21.3,--,10,21300,卖盘
1213,10:24:54,21.3,--,1,2130,卖盘
1214,10:24:51,21.3,-0.01,2,4260,卖盘
1215,10:24:45,21.31,0.01,10,21310,买盘
1216,10:24:03,21.3,--,6,12780,买盘
1217,10:23:54,21.3,--,15,31950,买盘
1218,10:23:42,21.3,--,10,21300,买盘
1219,10:23:36,21.3,--,26,55380,卖盘
1220,10:23:24,21.3,--,1,2130,买盘
1221,10:23:15,21.3,--,33,70290,买盘
1222,10:23:12,21.3,--,10,21300,买盘
1223,10:23:06,21.3,--,2,4260,买盘
1224,10:23:00,21.3,0.01,1,2130,买盘
1225,10:22:57,21.29,-0.01,33,70257,卖盘
1226,10:22:45,21.3,--,3,6390,买盘
1227,10:22:42,21.3,--,10,21300,买盘
1228,10:22:39,21.3,-0.01,110,234300,卖盘
1229,10:22:27,21.31,-0.04,8,17048,卖盘
1230,10:22:24,21.35,--,1,2135,买盘
1231,10:22:00,21.35,0.04,1,2135,买盘
1232,10:21:54,21.31,--,5,10655,卖盘
1233,10:21:51,21.31,-0.04,5,10655,卖盘
1234,10:21:48,21.35,0.04,10,21350,买盘
1235,10:21:45,21.31,--,3,6393,卖盘
1236,10:21:33,21.31,-0.04,1,2131,卖盘
1237,10:21:27,21.35,0.05,1,2135,买盘
1238,10:21:15,21.3,--,50,106500,卖盘
1239,10:20:54,21.3,--,16,34080,卖盘
1240,10:20:33,21.3,--,5,10650,买盘
1241,10:20:24,21.3,--,8,17040,买盘
1242,10:20:21,21.3,--,21,44730,买盘
1243,10:20:18,21.3,0.01,10,21300,买盘
1244,10:20:15,21.29,-0.01,3,6387,卖盘
1245,10:20:12,21.3,--,10,21300,买盘
1246,10:20:09,21.3,--,9,19170,买盘
1247,10:20:03,21.3,--,1,2130,买盘
1248,10:20:00,21.3,--,5,10650,买盘
1249,10:19:57,21.3,--,20,42600,买盘
1250,10:19:54,21.3,0.01,13,27690,买盘
1251,10:19:51,21.29,-0.01,14,29806,卖盘
1252,10:19:48,21.3,--,7,14910,买盘
1253,10:19:45,21.3,--,20,42600,买盘
1254,10:19:39,21.3,--,25,53250,买盘
1255,10:19:33,21.3,--,20,42600,买盘
1256,10:19:30,21.3,-0.05,263,560190,卖盘
1257,10:19:18,21.35,--,1,2135,卖盘
1258,10:19:15,21.35,--,1,2135,卖盘
1259,10:18:57,21.35,-0.01,27,57645,卖盘
1260,10:18:51,21.36,--,5,10680,买盘
1261,10:18:45,21.36,--,1,2136,买盘
1262,10:18:36,21.36,--,30,64080,买盘
1263,10:18:33,21.36,0.01,7,14952,买盘
1264,10:18:30,21.35,-0.01,8,17080,卖盘
1265,10:18:27,21.36,--,20,42720,卖盘
1266,10:18:21,21.36,--,10,21360,卖盘
1267,10:18:18,21.36,--,6,12816,卖盘
1268,10:18:15,21.36,-0.02,1,2136,卖盘
1269,10:18:06,21.38,--,2,4276,买盘
1270,10:17:45,21.38,-0.01,10,21380,中性盘
1271,10:17:36,21.39,0.01,1,2139,买盘
1272,10:17:18,21.38,0.02,1,2138,买盘
1273,10:17:12,21.36,-0.02,5,10680,卖盘
1274,10:17:09,21.38,0.02,1,2138,买盘
1275,10:16:57,21.36,--,2,4272,卖盘
1276,10:16:51,21.36,--,33,70488,买盘
1277,10:16:30,21.36,--,1,2136,买盘
1278,10:16:21,21.36,--,3,6408,买盘
1279,10:16:18,21.36,--,24,51264,买盘
1280,10:16:15,21.36,0.01,6,12816,买盘
1281,10:16:03,21.35,--,4,8540,卖盘
1282,10:16:00,21.35,--,36,76860,卖盘
1283,10:15:42,21.35,--,7,14945,卖盘
1284,10:15:39,21.35,--,13,27755,卖盘
1285,10:15:27,21.35,--,10,21350,卖盘
1286,10:15:24,21.35,--,10,21350,卖盘
1287,10:15:15,21.35,-0.01,20,42700,卖盘
1288,10:15:12,21.36,--,3,6408,买盘
1289,10:15:09,21.36,--,2,4272,买盘
1290,10:15:06,21.36,0.01,2,4272,买盘
1291,10:15:03,21.35,-0.01,5,10675,卖盘
1292,10:14:54,21.36,-0.01,76,162336,卖盘
1293,10:14:45,21.37,0.01,10,21370,买盘
1294,10:14:36,21.36,-0.01,10,21360,卖盘
1295,10:14:21,21.37,--,2,4274,买盘
1296,10:14:09,21.37,-0.01,4,8548,卖盘
1297,10:14:06,21.38,0.01,4,8552,中性盘
1298,10:14:00,21.37,-0.02,2,4274,卖盘
1299,10:13:54,21.39,--,12,25668,买盘
1300,10:13:51,21.39,0.02,10,21390,买盘
1301,10:13:45,21.37,--,9,19233,卖盘
1302,10:13:42,21.37,--,1,2137,卖盘
1303,10:13:36,21.37,-0.02,7,14959,卖盘
1304,10:13:30,21.39,--,1,2139,买盘
1305,10:13:03,21.39,--,5,10695,买盘
1306,10:12:42,21.39,--,3,6417,买盘
1307,10:12:39,21.39,-0.01,61,130479,卖盘
1308,10:12:36,21.4,--,10,21400,买盘
1309,10:12:33,21.4,--,1,2140,买盘
1310,10:12:30,21.4,0.01,10,21400,中性盘
1311,10:12:15,21.39,--,11,23529,买盘
1312,10:12:00,21.39,--,80,171120,买盘
1313,10:11:30,21.39,--,1,2139,买盘
1314,10:11:27,21.39,0.03,10,21390,买盘
1315,10:11:21,21.36,-0.03,1,2136,中性盘
1316,10:11:06,21.39,--,10,21390,买盘
1317,10:10:57,21.39,0.03,100,213900,买盘
1318,10:10:54,21.36,--,88,187968,卖盘
1319,10:10:48,21.36,-0.01,13,27768,卖盘
1320,10:10:42,21.37,0.01,4,8548,买盘
1321,10:10:30,21.36,--,5,10680,买盘
1322,10:10:27,21.36,-0.01,30,64080,卖盘
1323,10:10:24,21.37,-0.01,10,21370,中性盘
1324,10:10:15,21.38,--,22,47036,买盘
1325,10:10:12,21.38,--,6,12828,买盘
1326,10:10:09,21.38,--,2,4276,买盘
1327,10:10:06,21.38,--,1,2138,买盘
1328,10:10:03,21.38,0.04,4,8552,买盘
1329,10:09:51,21.34,-0.02,30,64020,卖盘
1330,10:09:42,21.36,-0.01,13,27768,卖盘
1331,10:09:36,21.37,--,4,8548,买盘
1332,10:09:24,21.37,--,4,8548,买盘
1333,10:09:12,21.37,-0.01,21,44877,卖盘
1334,10:09:06,21.38,--,12,25656,买盘
1335,10:08:51,21.38,0.02,5,10690,买盘
1336,10:08:12,21.36,0.01,15,32040,买盘
1337,10:07:27,21.35,--,1,2135,卖盘
1338,10:07:09,21.35,-0.01,2,4270,卖盘
1339,10:07:06,21.36,0.01,10,21360,买盘
1340,10:06:57,21.35,--,5,10675,卖盘
1341,10:06:54,21.35,-0.01,4,8540,卖盘
1342,10:06:51,21.36,--,2,4272,买盘
1343,10:06:48,21.36,--,9,19224,买盘
1344,10:06:33,21.36,--,29,61944,买盘
1345,10:06:27,21.36,0.01,23,49128,买盘
1346,10:06:12,21.35,-0.01,11,23485,卖盘
1347,10:06:09,21.36,--,20,42720,买盘
1348,10:06:03,21.36,--,20,42720,买盘
1349,10:05:27,21.36,--,2,4272,买盘
1350,10:05:21,21.36,-0.04,45,96120,卖盘
1351,10:05:00,21.4,--,1,2140,买盘
1352,10:04:51,21.4,-0.03,92,196880,卖盘
1353,10:04:42,21.43,--,2,4286,买盘
1354,10:04:39,21.43,-0.01,33,70719,卖盘
1355,10:04:36,21.44,0.01,5,10720,买盘
1356,10:04:33,21.43,--,19,40717,买盘
1357,10:04:21,21.43,0.02,3,6429,买盘
1358,10:04:18,21.41,-0.01,1,2141,卖盘
1359,10:03:57,21.42,--,10,21420,买盘
1360,10:03:48,21.42,--,5,10710,买盘
1361,10:03:45,21.42,-0.01,2,4284,卖盘
1362,10:03:39,21.43,--,20,42860,买盘
1363,10:03:36,21.43,0.01,28,60004,买盘
1364,10:03:33,21.42,-0.01,10,21420,卖盘
1365,10:03:27,21.43,--,10,21430,买盘
1366,10:03:24,21.43,0.01,1,2143,买盘
1367,10:03:18,21.42,-0.01,10,21420,卖盘
1368,10:03:15,21.43,--,21,45003,买盘
1369,10:03:06,21.43,0.02,9,19287,买盘
1370,10:02:48,21.41,-0.02,9,19269,中性盘
1371,10:02:39,21.43,--,10,21430,买盘
1372,10:02:33,21.43,--,24,51432,卖盘
1373,10:02:30,21.43,0.02,6,12858,买盘
1374,10:02:24,21.41,-0.02,1,2141,卖盘
1375,10:02:18,21.43,0.03,107,229301,买盘
1376,10:02:15,21.4,-0.01,60,128399,卖盘
1377,10:02:12,21.41,-0.02,1,2141,卖盘
1378,10:02:09,21.43,0.03,4,8572,买盘
1379,10:02:06,21.4,--,2,4280,卖盘
1380,10:02:03,21.4,-0.03,10,21400,卖盘
1381,10:01:57,21.43,0.03,11,23573,买盘
1382,10:01:27,21.4,--,8,17120,卖盘
1383,10:01:24,21.4,--,6,12840,买盘
1384,10:01:21,21.4,--,1,2140,买盘
1385,10:01:15,21.4,--,2,4280,买盘
1386,10:01:12,21.4,--,4,8560,买盘
1387,10:01:09,21.4,--,2,4280,买盘
1388,10:01:06,21.4,0.05,8,17120,买盘
1389,10:01:03,21.35,0.01,1,2135,买盘
1390,10:01:00,21.34,0.03,9,19206,买盘
1391,10:00:57,21.31,0.01,3,6393,买盘
1392,10:00:54,21.3,--,110,234300,买盘
1393,10:00:51,21.3,--,11,23430,买盘
1394,10:00:48,21.3,--,5,10650,买盘
1395,10:00:45,21.3,--,14,29820,买盘
1396,10:00:42,21.3,0.01,3,6390,买盘
1397,10:00:27,21.29,-0.01,2,4258,卖盘
1398,10:00:24,21.3,0.01,4,8520,买盘
1399,10:00:06,21.29,0.01,10,21290,买盘
1400,09:59:57,21.28,--,20,42560,卖盘
1401,09:59:54,21.28,--,17,36176,买盘
1402,09:59:51,21.28,--,68,144704,买盘
1403,09:59:42,21.28,--,25,53200,买盘
1404,09:59:39,21.28,--,5,10640,买盘
1405,09:59:33,21.28,--,2,4256,买盘
1406,09:59:24,21.28,--,5,10640,买盘
1407,09:59:06,21.28,--,10,21280,买盘
1408,09:59:03,21.28,0.01,5,10640,买盘
1409,09:58:57,21.27,--,2,4254,卖盘
1410,09:58:54,21.27,-0.01,1,2127,卖盘
1411,09:58:51,21.28,0.01,11,23408,买盘
1412,09:58:42,21.27,--,2,4254,卖盘
1413,09:58:39,21.27,0.01,15,31905,买盘
1414,09:58:36,21.26,-0.01,8,17008,卖盘
1415,09:58:33,21.27,--,2,4254,买盘
1416,09:58:30,21.27,--,4,8508,买盘
1417,09:58:27,21.27,--,8,17016,卖盘
1418,09:58:24,21.27,--,20,42540,买盘
1419,09:58:21,21.27,--,6,12762,卖盘
1420,09:58:18,21.27,--,8,17016,卖盘
1421,09:58:15,21.27,0.01,3,6381,卖盘
1422,09:58:09,21.26,-0.02,5,10630,卖盘
1423,09:58:06,21.28,0.01,10,21280,买盘
1424,09:58:03,21.27,-0.01,1,2127,中性盘
1425,09:57:51,21.28,--,3,6384,买盘
1426,09:57:39,21.28,-0.02,22,46816,中性盘
1427,09:57:27,21.3,0.04,5,10650,买盘
1428,09:57:24,21.26,-0.02,11,23386,卖盘
1429,09:57:18,21.28,0.03,5,10640,卖盘
1430,09:57:15,21.25,-0.05,50,106250,卖盘
1431,09:57:12,21.3,0.02,34,72420,买盘
1432,09:57:09,21.28,--,2,4256,买盘
1433,09:57:06,21.28,--,3,6384,卖盘
1434,09:57:03,21.28,--,3,6384,卖盘
1435,09:56:57,21.28,--,3,6384,卖盘
1436,09:56:54,21.28,-0.02,50,106400,卖盘
1437,09:56:51,21.3,--,1,2130,买盘
1438,09:56:45,21.3,--,4,8520,卖盘
1439,09:56:42,21.3,-0.01,10,21300,卖盘
1440,09:56:39,21.31,0.01,22,46882,买盘
1441,09:56:36,21.3,--,30,63900,卖盘
1442,09:56:33,21.3,--,32,68160,卖盘
1443,09:56:30,21.3,--,47,100110,卖盘
1444,09:56:15,21.3,-0.01,10,21300,卖盘
1445,09:56:12,21.31,--,42,89502,卖盘
1446,09:56:06,21.31,-0.01,2,4262,卖盘
1447,09:56:03,21.32,--,4,8528,卖盘
1448,09:56:00,21.32,-0.03,5,10660,卖盘
1449,09:55:51,21.35,0.01,16,34160,买盘
1450,09:55:48,21.34,-0.01,11,23474,卖盘
1451,09:55:36,21.35,--,1,2135,买盘
1452,09:55:33,21.35,--,59,125965,卖盘
1453,09:55:30,21.35,--,5,10675,卖盘
1454,09:55:21,21.35,-0.03,10,21350,卖盘
1455,09:55:18,21.38,--,2,4276,买盘
1456,09:55:12,21.38,0.02,23,49174,买盘
1457,09:55:06,21.36,-0.02,5,10680,卖盘
1458,09:55:00,21.38,0.02,1,2138,买盘
1459,09:54:54,21.36,-0.02,1,2136,卖盘
1460,09:54:42,21.38,-0.02,37,79106,卖盘
1461,09:54:39,21.4,--,6,12840,卖盘
1462,09:54:27,21.4,--,2,4280,卖盘
1463,09:54:24,21.4,--,35,74900,买盘
1464,09:54:21,21.4,--,8,17120,买盘
1465,09:54:18,21.4,--,17,36380,买盘
1466,09:54:09,21.4,0.02,4,8560,买盘
1467,09:53:57,21.38,--,21,44898,买盘
1468,09:53:39,21.38,0.03,8,17104,买盘
1469,09:53:33,21.35,--,5,10675,卖盘
1470,09:53:24,21.35,0.01,26,55510,买盘
1471,09:53:12,21.34,--,4,8536,卖盘
1472,09:53:03,21.34,0.02,24,51216,买盘
1473,09:52:48,21.32,0.01,3,6396,买盘
1474,09:52:45,21.31,-0.01,2,4262,卖盘
1475,09:52:36,21.32,--,1,2132,买盘
1476,09:52:27,21.32,--,5,10660,买盘
1477,09:52:24,21.32,0.01,13,27716,买盘
1478,09:52:21,21.31,-0.01,5,10655,卖盘
1479,09:52:18,21.32,0.01,8,17056,买盘
1480,09:52:15,21.31,--,30,63929,卖盘
1481,09:52:12,21.31,--,3,6393,卖盘
1482,09:52:06,21.31,0.01,9,19179,买盘
1483,09:52:03,21.3,--,103,219390,卖盘
1484,09:51:57,21.3,--,10,21300,卖盘
1485,09:51:54,21.3,-0.01,9,19170,卖盘
1486,09:51:48,21.31,--,1,2131,买盘
1487,09:51:45,21.31,--,16,34096,买盘
1488,09:51:39,21.31,--,14,29834,买盘
1489,09:51:36,21.31,--,39,83109,买盘
1490,09:51:33,21.31,--,22,46882,买盘
1491,09:51:27,21.31,--,5,10655,买盘
1492,09:51:24,21.31,0.01,2,4262,买盘
1493,09:51:21,21.3,-0.01,5,10650,卖盘
1494,09:51:12,21.31,--,2,4262,买盘
1495,09:51:06,21.31,--,13,27703,卖盘
1496,09:51:03,21.31,--,3,6393,卖盘
1497,09:50:45,21.31,--,29,61798,卖盘
1498,09:50:42,21.31,-0.03,50,106550,卖盘
1499,09:50:39,21.34,--,15,32010,卖盘
1500,09:50:30,21.34,--,8,17072,买盘
1501,09:50:27,21.34,-0.01,2,4268,卖盘
1502,09:50:06,21.35,--,6,12810,买盘
1503,09:50:03,21.35,-0.01,14,29890,卖盘
1504,09:49:51,21.36,--,1,2136,买盘
1505,09:49:42,21.36,0.01,2,4272,买盘
1506,09:49:39,21.35,--,3,6405,卖盘
1507,09:49:36,21.35,--,2,4270,卖盘
1508,09:49:33,21.35,-0.01,3,6405,卖盘
1509,09:49:30,21.36,0.01,1,2136,买盘
1510,09:49:18,21.35,--,16,34160,买盘
1511,09:49:15,21.35,--,9,19215,买盘
1512,09:49:06,21.35,--,2,4270,卖盘
1513,09:49:03,21.35,--,6,12810,卖盘
1514,09:48:51,21.35,-0.01,52,111020,卖盘
1515,09:48:45,21.36,0.01,99,211464,买盘
1516,09:48:42,21.35,-0.01,20,42700,卖盘
1517,09:48:39,21.36,0.01,37,79032,买盘
1518,09:48:36,21.35,-0.01,3,6405,卖盘
1519,09:48:33,21.36,--,1,2136,买盘
1520,09:48:30,21.36,-0.04,136,290496,卖盘
1521,09:48:27,21.4,0.04,10,21400,买盘
1522,09:48:18,21.36,-0.04,20,42720,卖盘
1523,09:48:03,21.4,--,4,8560,卖盘
1524,09:47:57,21.4,-0.01,30,64199,卖盘
1525,09:47:48,21.41,-0.03,17,36397,中性盘
1526,09:47:36,21.44,0.03,17,36448,买盘
1527,09:47:33,21.41,--,50,107050,卖盘
1528,09:47:30,21.41,--,2,4282,卖盘
1529,09:47:27,21.41,--,3,6423,卖盘
1530,09:47:12,21.41,-0.04,2,4282,卖盘
1531,09:47:03,21.45,0.02,45,98605,买盘
1532,09:47:00,21.43,--,0,21,卖盘
1533,09:46:48,21.43,--,9,19329,买盘
1534,09:46:45,21.43,0.02,10,21430,买盘
1535,09:46:39,21.41,0.05,10,21410,买盘
1536,09:46:36,21.36,--,24,51264,卖盘
1537,09:46:33,21.36,-0.05,2,4272,卖盘
1538,09:46:27,21.41,--,4,8564,买盘
1539,09:46:24,21.41,--,5,10705,买盘
1540,09:46:21,21.41,0.06,3,6423,买盘
1541,09:46:15,21.35,-0.01,40,85400,卖盘
1542,09:46:09,21.36,0.02,3,6408,买盘
1543,09:46:06,21.34,-0.01,48,102432,卖盘
1544,09:46:03,21.35,0.01,286,610610,买盘
1545,09:46:00,21.34,--,3,6402,卖盘
1546,09:45:51,21.34,--,5,10670,卖盘
1547,09:45:48,21.34,--,4,8536,卖盘
1548,09:45:45,21.34,--,15,32010,买盘
1549,09:45:42,21.34,--,8,17072,买盘
1550,09:45:39,21.34,-0.01,26,55484,卖盘
1551,09:45:33,21.35,0.01,5,10675,买盘
1552,09:45:30,21.34,-0.01,3,6402,卖盘
1553,09:45:27,21.35,--,1,2135,买盘
1554,09:45:24,21.35,--,8,17080,买盘
1555,09:45:18,21.35,--,29,61915,买盘
1556,09:45:15,21.35,--,23,49105,买盘
1557,09:45:12,21.35,--,10,21350,买盘
1558,09:45:00,21.35,0.01,6,12810,买盘
1559,09:44:54,21.34,--,13,27742,买盘
1560,09:44:51,21.34,0.01,7,14938,买盘
1561,09:44:48,21.33,--,5,10665,卖盘
1562,09:44:45,21.33,--,3,6398,卖盘
1563,09:44:39,21.33,--,30,63989,买盘
1564,09:44:36,21.33,--,10,21330,买盘
1565,09:44:33,21.33,--,15,31994,买盘
1566,09:44:30,21.33,--,2,4266,买盘
1567,09:44:24,21.33,--,3,6398,买盘
1568,09:44:15,21.33,--,30,63989,买盘
1569,09:44:12,21.33,--,20,42660,买盘
1570,09:44:09,21.33,-0.01,24,51191,卖盘
1571,09:44:06,21.34,--,6,12804,买盘
1572,09:44:00,21.34,--,1,2134,买盘
1573,09:43:48,21.34,-0.01,23,49082,卖盘
1574,09:43:45,21.35,0.01,3,6405,买盘
1575,09:43:39,21.34,-0.01,35,74690,卖盘
1576,09:43:36,21.35,--,17,36295,买盘
1577,09:43:33,21.35,0.01,2,4270,买盘
1578,09:43:30,21.34,-0.01,1,2134,卖盘
1579,09:43:21,21.35,--,4,8540,买盘
1580,09:43:18,21.35,--,2,4270,买盘
1581,09:43:15,21.35,-0.07,7,14945,卖盘
1582,09:43:09,21.42,0.06,6,12852,买盘
1583,09:43:03,21.36,--,1,2136,卖盘
1584,09:42:51,21.36,-0.07,10,21360,卖盘
1585,09:42:48,21.43,0.07,13,27859,买盘
1586,09:42:45,21.36,-0.07,24,53357,卖盘
1587,09:42:42,21.43,--,23,49331,买盘
1588,09:42:33,21.43,--,2,4286,买盘
1589,09:42:30,21.43,0.03,45,96435,买盘
1590,09:42:27,21.4,-0.05,40,85600,买盘
1591,09:42:18,21.45,0.09,80,171600,买盘
1592,09:42:12,21.36,-0.04,2,4272,卖盘
1593,09:42:09,21.4,-0.04,15,32099,卖盘
1594,09:42:06,21.44,-0.01,24,51456,中性盘
1595,09:42:00,21.45,--,46,98670,买盘
1596,09:41:54,21.45,0.05,47,100815,买盘
1597,09:41:51,21.4,-0.05,8,17120,卖盘
1598,09:41:48,21.45,--,54,115830,买盘
1599,09:41:45,21.45,--,5,10725,买盘
1600,09:41:42,21.45,0.05,11,23595,买盘
1601,09:41:39,21.4,-0.06,3,6420,中性盘
1602,09:41:33,21.46,0.01,52,111592,买盘
1603,09:41:30,21.45,-0.01,24,51480,中性盘
1604,09:41:27,21.46,0.03,47,100862,买盘
1605,09:41:24,21.43,-0.03,4,8572,中性盘
1606,09:41:21,21.46,0.01,80,171680,买盘
1607,09:41:18,21.45,--,16,34320,买盘
1608,09:41:15,21.45,0.01,70,150150,买盘
1609,09:41:09,21.44,-0.01,56,120064,中性盘
1610,09:41:03,21.45,0.02,67,143715,买盘
1611,09:41:00,21.43,-0.01,7,15001,卖盘
1612,09:40:57,21.44,-0.01,50,107200,中性盘
1613,09:40:51,21.45,0.15,47,100815,买盘
1614,09:40:48,21.3,-0.15,6,12780,卖盘
1615,09:40:45,21.45,0.15,47,100815,买盘
1616,09:40:42,21.3,-0.14,10,21300,卖盘
1617,09:40:36,21.44,0.04,46,98624,买盘
1618,09:40:33,21.4,--,8,17120,卖盘
1619,09:40:30,21.4,-0.04,48,102720,买盘
1620,09:40:24,21.44,-0.01,47,100768,买盘
1621,09:40:18,21.45,0.2,46,98670,买盘
1622,09:40:12,21.25,-0.16,45,95625,卖盘
1623,09:40:09,21.41,0.09,94,201254,买盘
1624,09:40:06,21.32,-0.03,5,10660,中性盘
1625,09:40:03,21.35,0.05,46,98210,买盘
1626,09:39:54,21.3,--,73,155490,卖盘
1627,09:39:51,21.3,-0.16,8,17040,卖盘
1628,09:39:48,21.46,0.05,47,100862,买盘
1629,09:39:42,21.41,0.06,47,100627,买盘
1630,09:39:39,21.35,0.05,20,42700,买盘
1631,09:39:36,21.3,--,49,104370,卖盘
1632,09:39:33,21.3,--,3,6390,卖盘
1633,09:39:30,21.3,-0.1,48,102240,卖盘
1634,09:39:24,21.4,0.01,47,100580,买盘
1635,09:39:18,21.39,0.1,46,98394,买盘
1636,09:39:15,21.29,-0.01,18,38322,卖盘
1637,09:39:12,21.3,--,62,132060,买盘
1638,09:39:09,21.3,--,11,23430,买盘
1639,09:39:06,21.3,--,46,97980,买盘
1640,09:39:03,21.3,0.1,25,53250,买盘
1641,09:39:00,21.2,-0.1,74,156880,卖盘
1642,09:38:54,21.3,0.01,47,100110,买盘
1643,09:38:48,21.29,-0.01,48,102192,卖盘
1644,09:38:42,21.3,0.14,47,100110,买盘
1645,09:38:36,21.16,-0.01,129,272964,卖盘
1646,09:38:33,21.17,-0.12,11,23287,卖盘
1647,09:38:30,21.29,--,57,121353,买盘
1648,09:38:21,21.29,0.02,10,21290,买盘
1649,09:38:15,21.27,0.08,37,78699,买盘
1650,09:38:12,21.19,-0.01,1,2119,买盘
1651,09:38:09,21.2,0.05,47,99640,买盘
1652,09:38:03,21.15,-0.04,58,122669,卖盘
1653,09:38:00,21.19,0.05,5,10595,买盘
1654,09:37:57,21.14,-0.01,66,139524,卖盘
1655,09:37:54,21.15,--,10,21150,买盘
1656,09:37:51,21.15,--,66,139590,买盘
1657,09:37:48,21.15,0.01,40,84600,买盘
1658,09:37:45,21.14,-0.01,59,124726,卖盘
1659,09:37:42,21.15,--,10,21150,买盘
1660,09:37:39,21.15,0.01,86,181890,买盘
1661,09:37:36,21.14,-0.01,31,65534,卖盘
1662,09:37:33,21.15,--,10,21150,买盘
1663,09:37:30,21.15,--,17,35955,买盘
1664,09:37:27,21.15,--,113,238994,买盘
1665,09:37:24,21.15,-0.05,127,268605,卖盘
1666,09:37:15,21.2,0.05,47,99640,买盘
1667,09:37:12,21.15,--,23,48645,卖盘
1668,09:37:06,21.15,--,35,74025,卖盘
1669,09:37:03,21.15,--,16,33840,卖盘
1670,09:37:00,21.15,-0.04,17,35955,卖盘
1671,09:36:54,21.19,0.04,16,33904,买盘
1672,09:36:48,21.15,-0.01,34,71910,卖盘
1673,09:36:45,21.16,--,6,12696,买盘
1674,09:36:42,21.16,--,7,14812,买盘
1675,09:36:39,21.16,-0.04,2,4232,中性盘
1676,09:36:36,21.2,--,26,55120,买盘
1677,09:36:27,21.2,--,1,2120,买盘
1678,09:36:21,21.2,--,10,21200,中性盘
1679,09:36:18,21.2,-0.1,73,154760,卖盘
1680,09:36:15,21.3,--,50,106500,卖盘
1681,09:36:12,21.3,0.08,115,244950,买盘
1682,09:36:09,21.22,0.07,57,120954,买盘
1683,09:36:06,21.15,--,3,6345,买盘
1684,09:36:03,21.15,-0.07,10,21150,买盘
1685,09:36:00,21.22,0.07,62,131564,买盘
1686,09:35:54,21.15,--,10,21150,卖盘
1687,09:35:51,21.15,--,5,10575,卖盘
1688,09:35:45,21.15,0.03,79,167085,买盘
1689,09:35:42,21.12,--,15,31680,卖盘
1690,09:35:36,21.12,--,14,29568,买盘
1691,09:35:33,21.12,--,48,101376,买盘
1692,09:35:27,21.12,0.02,15,31680,中性盘
1693,09:35:21,21.1,-0.02,110,232100,卖盘
1694,09:35:15,21.12,-0.01,27,57024,卖盘
1695,09:35:12,21.13,--,13,27469,买盘
1696,09:35:09,21.13,0.03,11,23243,卖盘
1697,09:35:06,21.1,-0.01,58,122380,卖盘
1698,09:35:03,21.11,-0.02,5,10555,卖盘
1699,09:35:00,21.13,0.03,57,120441,买盘
1700,09:34:57,21.1,-0.03,100,211000,卖盘
1701,09:34:54,21.13,--,111,234543,买盘
1702,09:34:51,21.13,--,21,44373,买盘
1703,09:34:48,21.13,--,96,202848,买盘
1704,09:34:45,21.13,--,48,101424,买盘
1705,09:34:42,21.13,--,10,21130,买盘
1706,09:34:39,21.13,--,42,88746,买盘
1707,09:34:36,21.13,--,6,12678,买盘
1708,09:34:33,21.13,-0.01,26,54938,卖盘
1709,09:34:30,21.14,--,43,90902,卖盘
1710,09:34:27,21.14,-0.01,7,14798,卖盘
1711,09:34:24,21.15,--,3,6345,买盘
1712,09:34:21,21.15,-0.01,6,12690,买盘
1713,09:34:18,21.16,-0.06,2,4232,卖盘
1714,09:34:15,21.22,0.08,54,114588,买盘
1715,09:34:12,21.14,--,1,2114,卖盘
1716,09:34:09,21.14,-0.02,71,150094,卖盘
1717,09:34:06,21.16,-0.01,5,10580,买盘
1718,09:34:03,21.17,0.02,2,4234,买盘
1719,09:34:00,21.15,-0.02,53,112094,卖盘
1720,09:33:57,21.17,--,18,38106,买盘
1721,09:33:54,21.17,--,24,50808,买盘
1722,09:33:51,21.17,-0.06,163,345071,卖盘
1723,09:33:48,21.23,0.01,27,57321,买盘
1724,09:33:45,21.22,-0.01,13,27586,卖盘
1725,09:33:42,21.23,--,39,82797,买盘
1726,09:33:33,21.23,-0.1,67,142241,卖盘
1727,09:33:30,21.33,--,13,27728,买盘
1728,09:33:27,21.33,0.03,91,194102,买盘
1729,09:33:24,21.3,--,10,21300,卖盘
1730,09:33:21,21.3,--,6,12780,卖盘
1731,09:33:18,21.3,--,3,6390,卖盘
1732,09:33:12,21.3,--,62,132060,卖盘
1733,09:33:09,21.3,--,17,36210,卖盘
1734,09:33:06,21.3,--,8,17040,中性盘
1735,09:32:57,21.3,--,26,55380,买盘
1736,09:32:54,21.3,--,61,129930,买盘
1737,09:32:51,21.3,0.02,4,8520,买盘
1738,09:32:48,21.28,-0.02,8,17024,卖盘
1739,09:32:45,21.3,--,23,48990,买盘
1740,09:32:42,21.3,--,8,17040,买盘
1741,09:32:39,21.3,0.03,29,61770,买盘
1742,09:32:36,21.27,--,42,89334,卖盘
1743,09:32:33,21.27,--,9,19143,卖盘
1744,09:32:30,21.27,--,4,8508,卖盘
1745,09:32:21,21.27,0.02,6,12762,买盘
1746,09:32:18,21.25,-0.02,52,110500,卖盘
1747,09:32:12,21.27,--,3,6381,买盘
1748,09:32:09,21.27,0.06,3,6381,买盘
1749,09:32:00,21.21,--,19,40299,买盘
1750,09:31:57,21.21,-0.01,56,118776,卖盘
1751,09:31:54,21.22,0.01,1,2122,中性盘
1752,09:31:48,21.21,--,7,14847,买盘
1753,09:31:45,21.21,--,35,74235,买盘
1754,09:31:39,21.21,--,7,14847,卖盘
1755,09:31:36,21.21,-0.06,11,23331,卖盘
1756,09:31:33,21.27,0.05,7,14889,买盘
1757,09:31:30,21.22,0.02,6,12732,中性盘
1758,09:31:24,21.2,-0.02,20,42400,卖盘
1759,09:31:21,21.22,--,18,38196,买盘
1760,09:31:18,21.22,0.02,4,8488,买盘
1761,09:31:15,21.2,-0.02,112,237440,卖盘
1762,09:31:09,21.22,--,10,21220,买盘
1763,09:31:06,21.22,0.01,2,4244,买盘
1764,09:31:03,21.21,--,9,19089,卖盘
1765,09:31:00,21.21,--,6,12726,卖盘
1766,09:30:57,21.21,--,54,114534,卖盘
1767,09:30:54,21.21,0.02,31,65751,卖盘
1768,09:30:51,21.19,-0.01,100,211900,卖盘
1769,09:30:48,21.2,-0.07,19,40280,卖盘
1770,09:30:45,21.27,0.06,3,6381,买盘
1771,09:30:42,21.21,-0.06,3,6363,卖盘
1772,09:30:39,21.27,--,34,72318,卖盘
1773,09:30:36,21.27,--,30,63810,卖盘
1774,09:30:33,21.27,-0.06,6,12762,卖盘
1775,09:30:30,21.33,--,17,36261,买盘
1776,09:30:21,21.33,0.04,2,4266,买盘
1777,09:30:18,21.29,0.09,5,10645,中性盘
1778,09:30:15,21.2,-0.07,11,23320,卖盘
1779,09:30:09,21.27,-0.03,15,31905,卖盘
1780,09:30:06,21.3,0.09,68,144840,买盘
1781,09:30:03,21.21,-0.19,325,689325,卖盘
1782,09:30:00,21.4,--,0,0,卖盘
1783,09:25:03,21.4,21.4,89,190460,买盘
