,time,price,change,volume,amount,type
0,15:00:03,14.53,--,2388,3470054,卖盘
1,14:57:00,14.53,-0.01,28,40684,卖盘
2,14:56:54,14.54,--,3,4362,买盘
3,14:56:51,14.54,0.01,16,23264,买盘
4,14:56:45,14.53,-0.01,14,21504,卖盘
5,14:56:42,14.54,0.01,8,11632,买盘
6,14:56:39,14.53,-0.01,1,1453,卖盘
7,14:56:36,14.54,0.01,1,1454,买盘
8,14:56:30,14.53,--,2,2906,卖盘
9,14:56:27,14.53,-0.01,15,21795,中性盘
10,14:56:21,14.54,0.02,19,27626,买盘
11,14:56:18,14.52,--,21,31493,买盘
12,14:56:15,14.52,-0.01,365,529980,卖盘
13,14:56:12,14.53,-0.01,42,61026,中性盘
14,14:56:00,14.54,0.02,307,446378,买盘
15,14:55:57,14.52,--,280,406560,卖盘
16,14:55:54,14.52,--,29,42108,买盘
17,14:55:51,14.52,--,58,84216,买盘
18,14:55:48,14.52,--,13,18876,买盘
19,14:55:45,14.52,--,4,5808,买盘
20,14:55:42,14.52,--,34,49368,买盘
21,14:55:39,14.52,0.01,15,21780,买盘
22,14:55:36,14.51,-0.01,15,21765,卖盘
23,14:55:33,14.52,--,40,58080,买盘
24,14:55:30,14.52,--,16,23232,买盘
25,14:55:27,14.52,0.01,57,82764,买盘
26,14:55:24,14.51,-0.01,38,55138,卖盘
27,14:55:21,14.52,--,70,101640,买盘
28,14:55:18,14.52,0.01,22,31944,买盘
29,14:55:15,14.51,-0.01,4,5804,卖盘
30,14:55:09,14.52,0.01,51,74052,买盘
31,14:55:06,14.51,-0.01,131,190081,卖盘
32,14:55:03,14.52,-0.01,55,80281,卖盘
33,14:55:00,14.53,0.01,6,8718,买盘
34,14:54:54,14.52,--,33,47916,卖盘
35,14:54:51,14.52,--,19,27588,卖盘
36,14:54:48,14.52,-0.01,15,21780,卖盘
37,14:54:45,14.53,0.01,341,495473,买盘
38,14:54:42,14.52,--,19,27588,卖盘
39,14:54:39,14.52,-0.01,20,29040,卖盘
40,14:54:36,14.53,--,510,741030,买盘
41,14:54:33,14.53,--,63,91539,买盘
42,14:54:30,14.53,0.01,5,7265,买盘
43,14:54:27,14.52,-0.01,60,87120,卖盘
44,14:54:24,14.53,--,21,30513,买盘
45,14:54:21,14.53,0.01,3,4359,买盘
46,14:54:18,14.52,-0.01,25,36300,卖盘
47,14:54:15,14.53,--,62,90086,买盘
48,14:54:12,14.53,--,16,23248,买盘
49,14:54:09,14.53,0.01,2,2906,买盘
50,14:54:06,14.52,--,8,11616,卖盘
51,14:54:03,14.52,-0.01,7,10164,卖盘
52,14:54:00,14.53,0.01,32,46496,买盘
53,14:53:57,14.52,-0.01,14,20328,卖盘
54,14:53:54,14.53,0.01,52,75556,买盘
55,14:53:51,14.52,--,6,8712,卖盘
56,14:53:48,14.52,-0.01,44,63946,卖盘
57,14:53:45,14.53,0.01,8,11624,买盘
58,14:53:42,14.52,-0.01,11,15972,卖盘
59,14:53:39,14.53,0.01,4,5812,买盘
60,14:53:36,14.52,--,13,18876,卖盘
61,14:53:33,14.52,--,7,10164,卖盘
62,14:53:27,14.52,--,7,10164,卖盘
63,14:53:24,14.52,-0.01,83,120516,卖盘
64,14:53:21,14.53,--,84,122110,买盘
65,14:53:18,14.53,--,2,2906,买盘
66,14:53:15,14.53,--,11,15983,买盘
67,14:53:12,14.53,--,26,37778,买盘
68,14:53:09,14.53,--,2,2906,买盘
69,14:53:06,14.53,-0.01,269,391307,卖盘
70,14:53:03,14.54,0.01,3,4362,买盘
71,14:53:00,14.53,--,50,72650,卖盘
72,14:52:57,14.53,--,602,874706,卖盘
73,14:52:54,14.53,--,160,232480,卖盘
74,14:52:51,14.53,-0.01,23,33419,卖盘
75,14:52:48,14.54,--,16,23264,买盘
76,14:52:45,14.54,0.01,41,59672,买盘
77,14:52:42,14.53,-0.01,1,1453,卖盘
78,14:52:39,14.54,--,99,143946,买盘
79,14:52:36,14.54,0.01,20,29080,买盘
80,14:52:33,14.53,-0.01,30,43590,卖盘
81,14:52:30,14.54,0.01,25,36350,买盘
82,14:52:27,14.53,--,3,4359,卖盘
83,14:52:24,14.53,--,40,58120,卖盘
84,14:52:21,14.53,-0.01,3,4431,卖盘
85,14:52:18,14.54,--,26,37804,买盘
86,14:52:15,14.54,0.01,10,14540,买盘
87,14:52:12,14.53,-0.01,4,5812,卖盘
88,14:52:09,14.54,--,40,58160,买盘
89,14:52:06,14.54,0.01,1,1454,买盘
90,14:52:00,14.53,-0.01,12,17436,卖盘
91,14:51:57,14.54,0.01,206,299524,买盘
92,14:51:54,14.53,-0.01,10,14530,卖盘
93,14:51:51,14.54,0.01,31,45074,买盘
94,14:51:48,14.53,-0.01,2,2964,卖盘
95,14:51:45,14.54,--,19,27626,买盘
96,14:51:39,14.54,--,14,20356,买盘
97,14:51:36,14.54,--,10,14540,买盘
98,14:51:33,14.54,0.01,10,14540,买盘
99,14:51:30,14.53,-0.01,23,33419,卖盘
100,14:51:24,14.54,--,3,4362,买盘
101,14:51:21,14.54,--,168,245231,卖盘
102,14:51:18,14.54,-0.01,34,49494,卖盘
103,14:51:12,14.55,0.01,7,10185,买盘
104,14:51:09,14.54,--,80,116320,卖盘
105,14:51:00,14.54,--,4,5816,卖盘
106,14:50:57,14.54,-0.01,21,30534,卖盘
107,14:50:54,14.55,0.01,30,43650,买盘
108,14:50:51,14.54,--,71,103292,卖盘
109,14:50:45,14.54,-0.01,48,69792,卖盘
110,14:50:42,14.55,0.01,5,7275,买盘
111,14:50:39,14.54,-0.01,1,1454,卖盘
112,14:50:36,14.55,0.01,76,110580,买盘
113,14:50:33,14.54,--,5,7270,卖盘
114,14:50:30,14.54,-0.01,35,50890,卖盘
115,14:50:27,14.55,0.01,2,2910,买盘
116,14:50:24,14.54,--,102,148366,卖盘
117,14:50:21,14.54,--,121,175934,卖盘
118,14:50:15,14.54,-0.01,12,17448,卖盘
119,14:50:12,14.55,0.01,14,20370,中性盘
120,14:50:09,14.54,--,115,167210,卖盘
121,14:50:06,14.54,--,29,42166,卖盘
122,14:50:03,14.54,-0.01,14,20356,卖盘
123,14:49:54,14.55,0.01,20,29463,买盘
124,14:49:51,14.54,--,2,2966,卖盘
125,14:49:48,14.54,-0.01,71,103234,卖盘
126,14:49:45,14.55,--,108,157140,买盘
127,14:49:39,14.55,--,115,167325,买盘
128,14:49:36,14.55,0.01,76,110580,买盘
129,14:49:33,14.54,-0.01,10,14540,卖盘
130,14:49:30,14.55,0.01,10,14550,买盘
131,14:49:18,14.54,-0.01,2,2980,卖盘
132,14:49:15,14.55,0.01,6,8730,买盘
133,14:49:12,14.54,--,3,4362,卖盘
134,14:49:09,14.54,-0.01,38,55252,卖盘
135,14:49:00,14.55,0.01,74,107670,买盘
136,14:48:54,14.54,--,64,93056,卖盘
137,14:48:51,14.54,--,5,7270,卖盘
138,14:48:48,14.54,--,2,2966,卖盘
139,14:48:45,14.54,--,3,4362,卖盘
140,14:48:42,14.54,--,99,145167,买盘
141,14:48:39,14.54,--,8,11632,买盘
142,14:48:36,14.54,0.01,12,17448,买盘
143,14:48:33,14.53,-0.01,10,15343,卖盘
144,14:48:30,14.54,--,2,2908,买盘
145,14:48:27,14.54,--,1,1454,买盘
146,14:48:18,14.54,-0.01,8,11922,卖盘
147,14:48:15,14.55,0.01,7,10185,买盘
148,14:48:12,14.54,--,12,17448,卖盘
149,14:48:09,14.54,--,161,234094,卖盘
150,14:48:06,14.54,--,15,22624,卖盘
151,14:48:03,14.54,--,15,21810,卖盘
152,14:48:00,14.54,--,11,15993,卖盘
153,14:47:57,14.54,--,22,32046,卖盘
154,14:47:51,14.54,-0.01,14,20356,卖盘
155,14:47:48,14.55,--,11,16005,买盘
156,14:47:36,14.55,--,102,148846,卖盘
157,14:47:30,14.55,--,2,2968,卖盘
158,14:47:27,14.55,-0.01,14,20370,卖盘
159,14:47:24,14.56,0.01,9,13104,买盘
160,14:47:21,14.55,--,17,24735,卖盘
161,14:47:09,14.55,--,90,132172,卖盘
162,14:47:06,14.55,-0.01,18,27004,卖盘
163,14:47:03,14.56,--,1,1456,买盘
164,14:47:00,14.56,0.01,17,24752,买盘
165,14:46:57,14.55,--,5,7275,卖盘
166,14:46:54,14.55,--,101,146955,卖盘
167,14:46:51,14.55,-0.01,12,17518,卖盘
168,14:46:48,14.56,--,1,1456,买盘
169,14:46:45,14.56,0.01,37,53872,买盘
170,14:46:42,14.55,--,13,18915,卖盘
171,14:46:39,14.55,--,136,198694,卖盘
172,14:46:33,14.55,--,2,2982,卖盘
173,14:46:30,14.55,--,6,8730,卖盘
174,14:46:27,14.55,-0.01,10,14550,卖盘
175,14:46:15,14.56,--,10,14560,买盘
176,14:46:09,14.56,--,16,24111,买盘
177,14:46:06,14.56,--,21,30576,卖盘
178,14:46:00,14.56,--,22,32032,卖盘
179,14:45:57,14.56,--,2,2970,卖盘
180,14:45:45,14.56,--,29,42500,买盘
181,14:45:42,14.56,0.01,6,8736,买盘
182,14:45:39,14.55,-0.01,21,31093,卖盘
183,14:45:36,14.56,0.01,64,93460,买盘
184,14:45:30,14.55,-0.01,2,2968,卖盘
185,14:45:24,14.56,--,7,10192,买盘
186,14:45:18,14.56,--,25,36400,买盘
187,14:45:15,14.56,0.01,248,362412,买盘
188,14:45:12,14.55,--,1,1455,卖盘
189,14:45:09,14.55,-0.01,8,12454,卖盘
190,14:45:06,14.56,0.01,30,43680,买盘
191,14:45:00,14.55,-0.01,3,4423,卖盘
192,14:44:57,14.56,--,5,7280,买盘
193,14:44:54,14.56,--,50,72800,买盘
194,14:44:51,14.56,--,35,52139,卖盘
195,14:44:48,14.56,--,10,14560,卖盘
196,14:44:39,14.56,-0.01,8,12448,卖盘
197,14:44:36,14.57,0.01,23,33511,买盘
198,14:44:33,14.56,-0.01,34,49562,卖盘
199,14:44:27,14.57,0.01,7,10199,买盘
200,14:44:24,14.56,--,4,5824,卖盘
201,14:44:15,14.56,--,2,2912,卖盘
202,14:44:12,14.56,-0.01,49,72159,卖盘
203,14:44:09,14.57,--,6,8742,买盘
204,14:44:03,14.57,--,15,21855,买盘
205,14:43:57,14.57,--,3,4429,买盘
206,14:43:45,14.57,--,87,126890,卖盘
207,14:43:42,14.57,-0.01,8,12471,卖盘
208,14:43:33,14.58,--,18,27570,卖盘
209,14:43:30,14.58,--,5,7362,卖盘
210,14:43:24,14.58,--,46,67068,卖盘
211,14:43:18,14.58,--,10,14638,买盘
212,14:43:12,14.58,--,15,22686,买盘
213,14:43:06,14.58,--,16,23328,卖盘
214,14:43:00,14.58,--,6,8748,卖盘
215,14:42:51,14.58,--,9,13122,买盘
216,14:42:42,14.58,--,12,18312,买盘
217,14:42:36,14.58,0.01,2,2916,中性盘
218,14:42:30,14.57,-0.01,22,32112,卖盘
219,14:42:27,14.58,--,3,4374,中性盘
220,14:42:21,14.58,--,7,10206,买盘
221,14:42:12,14.58,--,12,18297,买盘
222,14:42:06,14.58,0.01,10,14580,买盘
223,14:42:00,14.57,-0.01,2,2972,卖盘
224,14:41:57,14.58,0.01,18,26244,买盘
225,14:41:45,14.57,-0.01,8,12471,卖盘
226,14:41:42,14.58,--,42,61236,买盘
227,14:41:39,14.58,--,4,5890,买盘
228,14:41:36,14.58,0.01,3,4374,买盘
229,14:41:30,14.57,--,26,37882,卖盘
230,14:41:24,14.57,--,21,30597,卖盘
231,14:41:18,14.57,-0.01,8,12471,卖盘
232,14:41:06,14.58,0.01,3,4374,买盘
233,14:41:03,14.57,--,2,2972,卖盘
234,14:40:57,14.57,--,8,11656,卖盘
235,14:40:54,14.57,-0.01,5,7285,卖盘
236,14:40:48,14.58,0.01,34,49572,买盘
237,14:40:45,14.57,--,8,12471,卖盘
238,14:40:42,14.57,0.02,2,2972,中性盘
239,14:40:36,14.55,-0.02,11,16005,卖盘
240,14:40:24,14.57,0.01,142,206894,买盘
241,14:40:21,14.56,0.01,2,2912,买盘
242,14:40:18,14.55,-0.02,8,12454,卖盘
243,14:40:12,14.57,0.01,10,14642,买盘
244,14:40:09,14.56,-0.01,8,11648,卖盘
245,14:40:06,14.57,--,4,5828,买盘
246,14:39:57,14.57,0.01,112,163184,买盘
247,14:39:48,14.56,-0.01,8,12463,卖盘
248,14:39:45,14.57,--,8,11656,买盘
249,14:39:42,14.57,0.01,22,32112,买盘
250,14:39:30,14.56,--,38,55328,卖盘
251,14:39:24,14.56,--,22,32032,卖盘
252,14:39:18,14.56,--,8,12448,卖盘
253,14:39:09,14.56,--,2,2970,卖盘
254,14:39:06,14.56,--,1,1456,卖盘
255,14:39:03,14.56,0.01,47,68432,买盘
256,14:39:00,14.55,-0.01,12,17460,卖盘
257,14:38:51,14.56,--,6,8736,买盘
258,14:38:48,14.56,--,13,19743,买盘
259,14:38:45,14.56,--,13,18928,买盘
260,14:38:42,14.56,0.01,35,51018,买盘
261,14:38:39,14.55,-0.01,8,11640,卖盘
262,14:38:33,14.56,--,20,29120,买盘
263,14:38:30,14.56,--,1,1456,买盘
264,14:38:24,14.56,--,7,10192,买盘
265,14:38:21,14.56,--,13,18928,买盘
266,14:38:18,14.56,0.01,13,19743,买盘
267,14:38:15,14.55,--,43,62565,卖盘
268,14:38:06,14.55,--,25,36375,卖盘
269,14:38:03,14.55,--,12,17518,卖盘
270,14:38:00,14.55,-0.01,56,81480,卖盘
271,14:37:57,14.56,0.01,3,4368,买盘
272,14:37:54,14.55,--,24,34920,卖盘
273,14:37:48,14.55,--,8,12454,卖盘
274,14:37:42,14.55,--,20,29100,卖盘
275,14:37:39,14.55,--,3,4365,卖盘
276,14:37:36,14.55,--,19,28270,买盘
277,14:37:33,14.55,--,52,75660,买盘
278,14:37:30,14.55,--,60,87300,买盘
279,14:37:24,14.55,--,28,41554,买盘
280,14:37:18,14.55,--,29,42195,买盘
281,14:37:12,14.55,0.01,5,7275,买盘
282,14:37:09,14.54,-0.01,2,2980,卖盘
283,14:37:06,14.55,--,30,43650,买盘
284,14:37:00,14.55,--,4,5820,买盘
285,14:36:54,14.55,0.01,106,154230,买盘
286,14:36:51,14.54,-0.01,8,12431,卖盘
287,14:36:48,14.55,--,14,20370,买盘
288,14:36:42,14.55,-0.01,273,398102,卖盘
289,14:36:36,14.56,--,23,33546,卖盘
290,14:36:30,14.56,--,10,14560,卖盘
291,14:36:27,14.56,0.01,200,291200,卖盘
292,14:36:24,14.55,-0.01,8,12454,卖盘
293,14:36:18,14.56,0.01,22,32032,买盘
294,14:36:12,14.55,--,12,17518,卖盘
295,14:36:09,14.55,-0.01,30,43650,卖盘
296,14:36:06,14.56,--,55,80080,买盘
297,14:36:03,14.56,0.01,3,4368,买盘
298,14:36:00,14.55,--,6,8730,卖盘
299,14:35:57,14.55,-0.01,3,4365,卖盘
300,14:35:54,14.56,0.01,35,50960,买盘
301,14:35:51,14.55,--,16,24094,卖盘
302,14:35:48,14.55,--,1,1455,卖盘
303,14:35:42,14.55,-0.01,100,145500,卖盘
304,14:35:39,14.56,--,2,2970,卖盘
305,14:35:36,14.56,0.01,30,43680,买盘
306,14:35:33,14.55,-0.01,26,37830,卖盘
307,14:35:30,14.56,0.01,5,7280,买盘
308,14:35:27,14.55,--,15,21825,卖盘
309,14:35:24,14.55,--,33,48306,卖盘
310,14:35:21,14.55,-0.01,16,24094,卖盘
311,14:35:15,14.56,-0.01,30,43680,中性盘
312,14:35:12,14.57,0.01,337,491067,买盘
313,14:35:09,14.56,--,14,20384,卖盘
314,14:35:06,14.56,--,32,46592,卖盘
315,14:35:03,14.56,--,74,107744,卖盘
316,14:35:00,14.56,--,21,30576,卖盘
317,14:34:57,14.56,-0.01,16,23296,卖盘
318,14:34:54,14.57,--,12,18299,买盘
319,14:34:51,14.57,--,8,11656,买盘
320,14:34:48,14.57,--,23,33511,买盘
321,14:34:42,14.57,0.01,2,2914,中性盘
322,14:34:39,14.56,-0.01,291,423754,卖盘
323,14:34:36,14.57,--,7,10199,卖盘
324,14:34:30,14.57,0.01,27,39339,买盘
325,14:34:27,14.56,-0.01,35,52183,卖盘
326,14:34:24,14.57,--,10,14570,卖盘
327,14:34:21,14.57,--,28,41611,卖盘
328,14:34:18,14.57,--,21,30597,卖盘
329,14:34:15,14.57,--,5,7285,卖盘
330,14:34:12,14.57,-0.01,12,17484,卖盘
331,14:34:09,14.58,0.01,153,223146,买盘
332,14:34:06,14.57,-0.01,7,10199,卖盘
333,14:34:00,14.58,--,3,4374,买盘
334,14:33:57,14.58,--,39,57663,买盘
335,14:33:54,14.58,--,31,45198,买盘
336,14:33:51,14.58,--,14,20412,买盘
337,14:33:48,14.58,--,41,59778,买盘
338,14:33:45,14.58,--,5,7290,买盘
339,14:33:42,14.58,--,73,107090,卖盘
340,14:33:39,14.58,--,83,121014,卖盘
341,14:33:36,14.58,-0.01,21,30618,卖盘
342,14:33:33,14.59,--,33,48147,买盘
343,14:33:30,14.59,0.01,15,21885,买盘
344,14:33:24,14.58,--,8,12480,卖盘
345,14:33:21,14.58,-0.02,220,321284,卖盘
346,14:33:18,14.6,--,11,16118,买盘
347,14:33:15,14.6,--,33,48180,买盘
348,14:33:12,14.6,--,3,4380,买盘
349,14:33:09,14.6,0.01,28,40880,买盘
350,14:33:06,14.59,--,21,30639,卖盘
351,14:33:03,14.59,--,21,30639,卖盘
352,14:33:00,14.59,--,20,29180,卖盘
353,14:32:54,14.59,--,8,12489,卖盘
354,14:32:48,14.59,--,31,45229,卖盘
355,14:32:45,14.59,-0.01,2,2976,卖盘
356,14:32:42,14.6,--,3,4380,买盘
357,14:32:39,14.6,--,20,29200,买盘
358,14:32:33,14.6,0.01,9,13140,买盘
359,14:32:27,14.59,-0.01,8,12489,卖盘
360,14:32:24,14.6,0.01,1,1460,买盘
361,14:32:21,14.59,-0.01,2,2976,卖盘
362,14:32:12,14.6,--,3,4380,买盘
363,14:32:03,14.6,--,1,1460,买盘
364,14:32:00,14.6,0.01,72,105120,买盘
365,14:31:57,14.59,-0.01,8,12489,卖盘
366,14:31:54,14.6,--,40,58400,买盘
367,14:31:51,14.6,0.01,6,8760,买盘
368,14:31:45,14.59,--,37,54041,卖盘
369,14:31:36,14.59,-0.01,19,27721,卖盘
370,14:31:33,14.6,--,1,1460,买盘
371,14:31:30,14.6,0.01,20,29200,买盘
372,14:31:27,14.59,--,8,12489,卖盘
373,14:31:18,14.59,-0.01,2,2990,卖盘
374,14:31:15,14.6,--,4,5840,买盘
375,14:31:12,14.6,--,3,4380,买盘
376,14:31:09,14.6,0.01,3,4380,买盘
377,14:31:06,14.59,--,25,36475,卖盘
378,14:31:00,14.59,--,8,12474,卖盘
379,14:30:54,14.59,-0.01,5,7353,卖盘
380,14:30:51,14.6,--,26,39128,卖盘
381,14:30:30,14.6,--,8,12497,卖盘
382,14:30:24,14.6,-0.02,83,121180,卖盘
383,14:30:21,14.62,0.02,3,4444,买盘
384,14:30:03,14.6,--,106,155577,卖盘
385,14:30:00,14.6,-0.02,23,33580,卖盘
386,14:29:57,14.62,0.02,13,19006,买盘
387,14:29:48,14.6,-0.02,23,33638,卖盘
388,14:29:45,14.62,--,1,1462,买盘
389,14:29:42,14.62,0.02,4,5848,买盘
390,14:29:30,14.6,-0.02,45,66517,卖盘
391,14:29:27,14.62,0.01,13,19064,买盘
392,14:29:24,14.61,--,10,14610,卖盘
393,14:29:12,14.61,-0.01,1,1461,卖盘
394,14:29:09,14.62,0.01,40,58480,买盘
395,14:29:03,14.61,--,8,12506,卖盘
396,14:28:54,14.61,-0.01,3,4441,卖盘
397,14:28:51,14.62,0.01,4,5848,买盘
398,14:28:48,14.61,--,5,7305,卖盘
399,14:28:42,14.61,-0.01,16,23376,卖盘
400,14:28:39,14.62,--,55,80410,买盘
401,14:28:36,14.62,0.01,14,20468,买盘
402,14:28:33,14.61,--,68,100151,卖盘
403,14:28:30,14.61,--,10,14610,卖盘
404,14:28:27,14.61,-0.01,8,11746,卖盘
405,14:28:24,14.62,0.01,10,14620,买盘
406,14:28:12,14.61,--,49,71589,卖盘
407,14:28:06,14.61,-0.01,8,12506,卖盘
408,14:28:00,14.62,0.01,13,19006,买盘
409,14:27:57,14.61,-0.01,2,2995,卖盘
410,14:27:54,14.62,--,6,8772,买盘
411,14:27:45,14.62,0.01,1,1462,买盘
412,14:27:42,14.61,-0.01,11,16071,卖盘
413,14:27:39,14.62,0.01,5,7310,买盘
414,14:27:36,14.61,--,8,12506,卖盘
415,14:27:27,14.61,--,100,146100,卖盘
416,14:27:24,14.61,--,27,39505,卖盘
417,14:27:21,14.61,--,2,2922,卖盘
418,14:27:06,14.61,--,9,13967,卖盘
419,14:27:00,14.61,--,50,73050,卖盘
420,14:26:54,14.61,--,19,27817,卖盘
421,14:26:48,14.61,--,60,87660,卖盘
422,14:26:39,14.61,--,8,12506,卖盘
423,14:26:36,14.61,--,4,5844,卖盘
424,14:26:24,14.61,-0.01,28,40966,卖盘
425,14:26:12,14.62,--,17,24854,买盘
426,14:26:09,14.62,0.01,50,73100,买盘
427,14:26:06,14.61,-0.01,103,151301,卖盘
428,14:26:03,14.62,0.01,6,8772,买盘
429,14:26:00,14.61,-0.01,32,46752,卖盘
430,14:25:57,14.62,0.01,20,29240,买盘
431,14:25:54,14.61,-0.01,6,8824,卖盘
432,14:25:51,14.62,0.01,28,40936,买盘
433,14:25:48,14.61,--,7,10227,卖盘
434,14:25:45,14.61,--,1,1461,卖盘
435,14:25:39,14.61,--,8,12491,卖盘
436,14:25:33,14.61,-0.01,13,19051,卖盘
437,14:25:27,14.62,0.01,8,11696,买盘
438,14:25:21,14.61,--,50,73050,卖盘
439,14:25:18,14.61,-0.01,2,2922,卖盘
440,14:25:12,14.62,0.01,11,16082,买盘
441,14:25:09,14.61,--,10,15428,卖盘
442,14:25:03,14.61,--,22,32215,卖盘
443,14:25:00,14.61,-0.01,25,36525,卖盘
444,14:24:57,14.62,--,6,8772,买盘
445,14:24:51,14.62,0.01,10,14620,买盘
446,14:24:42,14.61,-0.01,8,12506,卖盘
447,14:24:39,14.62,0.01,6,8772,买盘
448,14:24:33,14.61,--,27,39505,卖盘
449,14:24:30,14.61,--,30,43830,卖盘
450,14:24:24,14.61,-0.01,2,2922,卖盘
451,14:24:15,14.62,0.01,15,21930,买盘
452,14:24:09,14.61,--,9,13967,卖盘
453,14:24:06,14.61,-0.01,5,7305,卖盘
454,14:24:03,14.62,0.01,5,7310,买盘
455,14:24:00,14.61,--,23,33661,卖盘
456,14:23:57,14.61,-0.01,21,30681,卖盘
457,14:23:54,14.62,-0.01,50,73100,卖盘
458,14:23:51,14.63,0.02,6,8778,买盘
459,14:23:48,14.61,--,21,30681,卖盘
460,14:23:45,14.61,-0.01,60,87660,卖盘
461,14:23:42,14.62,--,8,12514,卖盘
462,14:23:39,14.62,-0.01,24,35088,卖盘
463,14:23:33,14.63,--,3,4447,买盘
464,14:23:30,14.63,--,4,5852,买盘
465,14:23:18,14.63,0.01,30,43890,买盘
466,14:23:15,14.62,--,38,55556,卖盘
467,14:23:12,14.62,--,8,12500,卖盘
468,14:23:09,14.62,-0.01,50,73100,卖盘
469,14:23:06,14.63,--,4,5852,买盘
470,14:23:03,14.63,0.01,1,1463,买盘
471,14:22:57,14.62,-0.01,2,2982,卖盘
472,14:22:51,14.63,0.01,3,4389,买盘
473,14:22:48,14.62,--,12,17544,卖盘
474,14:22:42,14.62,--,73,107544,卖盘
475,14:22:39,14.62,-0.01,23,33626,卖盘
476,14:22:36,14.63,0.01,2,2926,买盘
477,14:22:33,14.62,--,2,2982,卖盘
478,14:22:27,14.62,--,40,58480,卖盘
479,14:22:24,14.62,--,76,111112,卖盘
480,14:22:12,14.62,--,15,22748,卖盘
481,14:22:06,14.62,--,2,2997,卖盘
482,14:22:03,14.62,--,21,30702,卖盘
483,14:21:57,14.62,-0.01,21,30702,卖盘
484,14:21:51,14.63,0.01,200,292600,买盘
485,14:21:48,14.62,-0.01,5,7310,卖盘
486,14:21:45,14.63,0.01,20,29260,买盘
487,14:21:42,14.62,--,9,13976,卖盘
488,14:21:39,14.62,--,50,73100,卖盘
489,14:21:36,14.62,--,3,4444,卖盘
490,14:21:33,14.62,-0.01,17,24854,卖盘
491,14:21:30,14.63,0.01,1,1463,买盘
492,14:21:24,14.62,--,43,62866,买盘
493,14:21:21,14.62,0.01,9,13158,买盘
494,14:21:15,14.61,--,8,12506,卖盘
495,14:21:09,14.61,--,3,4441,买盘
496,14:21:06,14.61,--,14,20454,卖盘
497,14:21:03,14.61,-0.02,20,29220,卖盘
498,14:20:54,14.63,0.01,20,29260,买盘
499,14:20:51,14.62,0.01,7,10234,买盘
500,14:20:48,14.61,-0.01,49,71589,卖盘
501,14:20:45,14.62,0.01,21,30702,买盘
502,14:20:42,14.61,-0.01,8,12506,卖盘
503,14:20:39,14.62,0.01,3,4386,买盘
504,14:20:36,14.61,-0.01,7,10285,卖盘
505,14:20:30,14.62,--,58,84796,买盘
506,14:20:27,14.62,--,7,10234,买盘
507,14:20:21,14.62,0.02,21,30702,买盘
508,14:20:18,14.6,--,8,12483,卖盘
509,14:20:12,14.6,--,25,36500,卖盘
510,14:20:06,14.6,--,13,19038,卖盘
511,14:19:57,14.6,-0.02,8,11680,卖盘
512,14:19:54,14.62,0.02,50,73100,买盘
513,14:19:48,14.6,-0.01,8,12497,卖盘
514,14:19:39,14.61,--,2,2922,买盘
515,14:19:36,14.61,--,23,34844,卖盘
516,14:19:27,14.61,-0.01,28,40908,卖盘
517,14:19:24,14.62,0.01,5,7310,买盘
518,14:19:21,14.61,--,52,75972,卖盘
519,14:19:15,14.61,--,14,21272,卖盘
520,14:19:12,14.61,--,24,35064,卖盘
521,14:19:09,14.61,--,28,41769,买盘
522,14:19:06,14.61,0.01,14,20454,买盘
523,14:19:03,14.6,-0.01,138,202151,卖盘
524,14:18:54,14.61,-0.01,11,16071,卖盘
525,14:18:51,14.62,--,4,5848,买盘
526,14:18:48,14.62,0.01,16,24210,买盘
527,14:18:42,14.61,-0.01,2,2980,卖盘
528,14:18:33,14.62,0.01,1,1462,买盘
529,14:18:30,14.61,-0.01,8,11688,卖盘
530,14:18:27,14.62,--,86,125732,买盘
531,14:18:24,14.62,--,12,17544,买盘
532,14:18:21,14.62,--,29,43216,买盘
533,14:18:15,14.62,0.01,20,29240,买盘
534,14:18:09,14.61,-0.01,2,2980,卖盘
535,14:18:03,14.62,0.01,20,29240,买盘
536,14:18:00,14.61,-0.01,21,30681,卖盘
537,14:17:57,14.62,0.01,22,32164,买盘
538,14:17:48,14.61,--,12,18335,卖盘
539,14:17:39,14.61,-0.01,63,92101,卖盘
540,14:17:27,14.62,--,20,29240,卖盘
541,14:17:21,14.62,-0.01,8,12514,卖盘
542,14:17:15,14.63,--,5,7315,买盘
543,14:17:09,14.63,0.01,5,7373,买盘
544,14:17:06,14.62,--,14,20468,卖盘
545,14:16:57,14.62,--,20,29240,卖盘
546,14:16:51,14.62,--,18,26900,买盘
547,14:16:48,14.62,0.01,4,5848,买盘
548,14:16:45,14.61,--,3,4383,卖盘
549,14:16:36,14.61,--,2,2980,卖盘
550,14:16:27,14.61,-0.01,28,41141,卖盘
551,14:16:21,14.62,--,8,12514,卖盘
552,14:16:15,14.62,--,2,2982,卖盘
553,14:16:09,14.62,-0.01,15,21930,卖盘
554,14:16:06,14.63,--,2,2926,买盘
555,14:16:03,14.63,--,17,24871,买盘
556,14:15:57,14.63,--,26,38038,买盘
557,14:15:51,14.63,0.01,13,19838,买盘
558,14:15:42,14.62,--,2,2997,卖盘
559,14:15:36,14.62,--,63,93027,买盘
560,14:15:33,14.62,--,22,32164,买盘
561,14:15:27,14.62,0.01,20,29240,买盘
562,14:15:24,14.61,-0.01,8,12506,卖盘
563,14:15:15,14.62,--,16,23932,卖盘
564,14:15:12,14.62,--,2,2982,卖盘
565,14:15:03,14.62,-0.01,1,1462,卖盘
566,14:15:00,14.63,--,4,5852,买盘
567,14:14:57,14.63,0.01,1,1463,买盘
568,14:14:54,14.62,--,8,12500,卖盘
569,14:14:42,14.62,--,5,7310,卖盘
570,14:14:39,14.62,-0.01,7,10292,卖盘
571,14:14:36,14.63,--,20,29260,买盘
572,14:14:33,14.63,--,3,4389,买盘
573,14:14:24,14.63,--,28,41783,买盘
574,14:14:21,14.63,--,20,29260,买盘
575,14:14:18,14.63,--,6,8778,买盘
576,14:14:12,14.63,--,27,39501,买盘
577,14:14:09,14.63,--,102,149284,买盘
578,14:14:06,14.63,--,306,447678,买盘
579,14:14:03,14.63,--,13,19019,买盘
580,14:14:00,14.63,0.02,24,35112,买盘
581,14:13:57,14.61,-0.03,323,472779,卖盘
582,14:13:54,14.64,--,3,4392,买盘
583,14:13:51,14.64,--,14,20496,买盘
584,14:13:48,14.64,--,61,89362,买盘
585,14:13:45,14.64,0.01,23,33672,买盘
586,14:13:42,14.63,-0.01,1,1463,卖盘
587,14:13:36,14.64,0.01,5,7320,买盘
588,14:13:33,14.63,--,20,29260,卖盘
589,14:13:30,14.63,--,66,96558,卖盘
590,14:13:27,14.63,--,10,14630,卖盘
591,14:13:24,14.63,--,149,219332,买盘
592,14:13:18,14.63,0.02,20,29260,买盘
593,14:13:15,14.61,--,17,24837,卖盘
594,14:13:12,14.61,-0.02,2,2980,卖盘
595,14:13:09,14.63,--,5,7315,买盘
596,14:13:06,14.63,--,26,38038,买盘
597,14:13:00,14.63,0.03,8,11704,买盘
598,14:12:57,14.6,-0.03,8,12497,卖盘
599,14:12:51,14.63,0.03,264,386817,买盘
600,14:12:48,14.6,0.01,263,384053,买盘
601,14:12:45,14.59,-0.01,89,129851,卖盘
602,14:12:42,14.6,--,12,17520,买盘
603,14:12:39,14.6,--,21,30660,买盘
604,14:12:36,14.6,0.01,73,106580,买盘
605,14:12:30,14.59,--,36,52524,卖盘
606,14:12:27,14.59,-0.01,29,43113,卖盘
607,14:12:21,14.6,--,21,30660,买盘
608,14:12:18,14.6,--,112,163578,买盘
609,14:12:15,14.6,0.01,21,30660,买盘
610,14:12:12,14.59,--,6,8754,买盘
611,14:12:06,14.59,-0.01,10,14590,中性盘
612,14:12:00,14.6,--,21,30660,买盘
613,14:11:57,14.6,--,16,24177,买盘
614,14:11:54,14.6,0.01,21,30660,买盘
615,14:11:51,14.59,-0.01,2,2976,卖盘
616,14:11:45,14.6,--,45,65700,买盘
617,14:11:33,14.6,0.01,21,30660,买盘
618,14:11:27,14.59,--,18,27079,卖盘
619,14:11:15,14.59,--,7,10271,卖盘
620,14:11:12,14.59,-0.01,5,7295,卖盘
621,14:11:09,14.6,0.01,1,1460,买盘
622,14:11:06,14.59,-0.01,10,14590,卖盘
623,14:11:03,14.6,0.01,4,5840,买盘
624,14:11:00,14.59,--,8,12489,卖盘
625,14:10:57,14.59,--,30,43770,卖盘
626,14:10:51,14.59,-0.01,25,36533,卖盘
627,14:10:48,14.6,0.01,4,5840,买盘
628,14:10:33,14.59,--,5,7295,卖盘
629,14:10:30,14.59,--,30,43770,卖盘
630,14:10:27,14.59,-0.01,13,19784,卖盘
631,14:10:18,14.6,0.01,8,11680,买盘
632,14:10:15,14.59,--,2,2976,卖盘
633,14:10:09,14.59,--,12,17508,卖盘
634,14:10:00,14.59,0.01,13,19784,买盘
635,14:09:57,14.58,--,8,12480,卖盘
636,14:09:51,14.58,-0.02,28,41465,卖盘
637,14:09:48,14.6,0.01,7,10293,买盘
638,14:09:45,14.59,0.01,91,133513,买盘
639,14:09:36,14.58,--,21,30618,卖盘
640,14:09:30,14.58,-0.01,8,12465,卖盘
641,14:09:27,14.59,--,1,1459,买盘
642,14:09:24,14.59,--,8,12386,卖盘
643,14:09:18,14.59,--,4,7061,卖盘
644,14:09:15,14.59,--,5,7295,卖盘
645,14:09:03,14.59,--,37,53983,卖盘
646,14:09:00,14.59,-0.01,8,12489,卖盘
647,14:08:57,14.6,0.01,13,18980,买盘
648,14:08:48,14.59,-0.01,2,2976,卖盘
649,14:08:45,14.6,--,8,11680,买盘
650,14:08:42,14.6,0.01,5,7300,买盘
651,14:08:36,14.59,--,17,24803,卖盘
652,14:08:33,14.59,--,8,12489,卖盘
653,14:08:21,14.59,--,2,2976,卖盘
654,14:08:18,14.59,-0.01,1,1459,卖盘
655,14:08:03,14.6,-0.02,1156,1688636,卖盘
656,14:08:00,14.62,-0.01,8,12514,卖盘
657,14:07:57,14.63,--,100,146300,买盘
658,14:07:54,14.63,--,24,35112,买盘
659,14:07:51,14.63,--,9,13225,买盘
660,14:07:42,14.63,--,9,13167,买盘
661,14:07:36,14.63,0.01,5,7315,买盘
662,14:07:33,14.62,-0.01,11,16900,卖盘
663,14:07:30,14.63,0.01,21,30723,买盘
664,14:07:27,14.62,0.01,1,1462,中性盘
665,14:07:21,14.61,-0.01,23,33661,卖盘
666,14:07:12,14.62,0.01,10,14620,中性盘
667,14:07:03,14.61,-0.02,8,12506,卖盘
668,14:07:00,14.63,0.01,5,7315,买盘
669,14:06:57,14.62,0.01,100,146200,买盘
670,14:06:54,14.61,-0.01,2,2995,卖盘
671,14:06:51,14.62,--,4,5848,买盘
672,14:06:48,14.62,--,70,102340,买盘
673,14:06:36,14.62,0.01,7,10234,买盘
674,14:06:33,14.61,--,8,12491,卖盘
675,14:06:24,14.61,-0.01,2,2980,卖盘
676,14:06:06,14.62,0.01,6,8772,买盘
677,14:06:03,14.61,--,8,12506,卖盘
678,14:05:57,14.61,-0.01,2,2980,卖盘
679,14:05:54,14.62,0.01,4,5848,买盘
680,14:05:39,14.61,-0.01,1,1461,卖盘
681,14:05:36,14.62,0.01,15,22748,买盘
682,14:05:27,14.61,--,2,2980,卖盘
683,14:05:24,14.61,-0.02,50,73050,卖盘
684,14:05:15,14.63,--,6,8778,买盘
685,14:05:12,14.63,0.02,8,11704,买盘
686,14:05:06,14.61,--,8,12506,卖盘
687,14:05:03,14.61,-0.02,5,7305,卖盘
688,14:04:57,14.63,0.03,33,48279,买盘
689,14:04:39,14.6,-0.01,8,12497,卖盘
690,14:04:30,14.61,-0.02,2,2922,卖盘
691,14:04:21,14.63,--,667,976757,卖盘
692,14:04:18,14.63,--,40,58520,卖盘
693,14:04:09,14.63,-0.01,8,12508,卖盘
694,14:04:03,14.64,--,4,5856,买盘
695,14:03:45,14.64,--,4,5856,买盘
696,14:03:42,14.64,0.01,10,14640,买盘
697,14:03:39,14.63,--,13,19838,卖盘
698,14:03:30,14.63,-0.01,10,14630,卖盘
699,14:03:27,14.64,0.01,6,8784,买盘
700,14:03:24,14.63,--,13,19019,卖盘
701,14:03:12,14.63,--,1,1463,卖盘
702,14:03:09,14.63,-0.01,8,12523,卖盘
703,14:03:03,14.64,0.01,7,10248,买盘
704,14:02:57,14.63,-0.01,2,2926,卖盘
705,14:02:51,14.64,0.01,5,7320,买盘
706,14:02:45,14.63,--,40,59529,买盘
707,14:02:42,14.63,--,32,47635,买盘
708,14:02:36,14.63,--,2,2926,买盘
709,14:02:33,14.63,0.03,8,11704,买盘
710,14:02:12,14.6,-0.03,8,12497,卖盘
711,14:02:09,14.63,0.03,34,49742,买盘
712,14:02:06,14.6,-0.03,17,24820,卖盘
713,14:01:57,14.63,0.03,5,7315,买盘
714,14:01:54,14.6,-0.03,5,7300,卖盘
715,14:01:42,14.63,0.03,15,22764,买盘
716,14:01:36,14.6,--,14,20440,卖盘
717,14:01:15,14.6,--,9,13943,买盘
718,14:01:09,14.6,--,5,7300,买盘
719,14:01:06,14.6,0.01,6,8760,买盘
720,14:01:03,14.59,-0.01,2,2918,卖盘
721,14:01:00,14.6,-0.03,3,4380,中性盘
722,14:00:48,14.63,0.04,30,43890,买盘
723,14:00:45,14.59,-0.01,8,12489,卖盘
724,14:00:42,14.6,0.01,4,5840,买盘
725,14:00:15,14.59,--,8,12489,卖盘
726,14:00:09,14.59,--,15,21885,卖盘
727,14:00:06,14.59,--,2,2918,卖盘
728,14:00:03,14.59,-0.01,6,8754,卖盘
729,13:59:54,14.6,0.01,3,4380,买盘
730,13:59:51,14.59,-0.01,1,2626,卖盘
731,13:59:48,14.6,0.01,8,11680,买盘
732,13:59:36,14.59,-0.01,40,58360,卖盘
733,13:59:24,14.6,--,7,10220,买盘
734,13:58:57,14.6,--,1,1460,买盘
735,13:58:30,14.6,--,12,17972,卖盘
736,13:58:15,14.6,-0.03,1,1460,卖盘
737,13:58:09,14.63,0.03,80,117040,买盘
738,13:58:06,14.6,--,20,29200,卖盘
739,13:57:57,14.6,-0.02,300,438000,卖盘
740,13:57:39,14.62,0.02,8,11696,买盘
741,13:57:27,14.6,-0.01,111,163067,卖盘
742,13:57:18,14.61,--,1,1461,卖盘
743,13:57:09,14.61,--,26,37986,卖盘
744,13:57:06,14.61,--,21,30681,卖盘
745,13:57:00,14.61,-0.01,2,2922,卖盘
746,13:56:57,14.62,--,1,1462,买盘
747,13:56:45,14.62,-0.01,30,43860,卖盘
748,13:56:33,14.63,--,1,1463,买盘
749,13:56:30,14.63,--,8,11704,买盘
750,13:56:27,14.63,-0.01,12,17556,卖盘
751,13:56:18,14.64,0.01,22,32208,买盘
752,13:56:09,14.63,-0.03,4,5852,中性盘
753,13:55:54,14.66,--,6,8796,买盘
754,13:55:51,14.66,0.04,500,733000,买盘
755,13:55:39,14.62,--,1,1462,卖盘
756,13:55:27,14.62,--,49,71638,卖盘
757,13:55:24,14.62,-0.01,5,7310,卖盘
758,13:55:21,14.63,0.01,19,27797,买盘
759,13:55:12,14.62,--,10,14620,卖盘
760,13:54:48,14.62,-0.01,3,4386,卖盘
761,13:54:39,14.63,-0.01,105,153615,买盘
762,13:54:27,14.64,0.02,8,11712,买盘
763,13:54:24,14.62,--,5,7310,买盘
764,13:54:21,14.62,0.01,10,14620,中性盘
765,13:54:12,14.61,-0.03,6,8766,卖盘
766,13:54:00,14.64,-0.03,204,298656,中性盘
767,13:53:57,14.67,0.05,300,440100,买盘
768,13:53:54,14.62,-0.04,6,8772,卖盘
769,13:53:48,14.66,--,28,41048,买盘
770,13:53:36,14.66,--,11,16126,买盘
771,13:53:18,14.66,0.04,508,744728,买盘
772,13:53:12,14.62,0.01,10,14620,买盘
773,13:53:03,14.61,-0.01,21,30681,卖盘
774,13:52:57,14.62,-0.02,4,5848,卖盘
775,13:52:54,14.64,--,7,10248,买盘
776,13:52:42,14.64,--,1,1464,买盘
777,13:52:36,14.64,0.02,26,38064,买盘
778,13:52:30,14.62,-0.02,29,42398,卖盘
779,13:52:21,14.64,0.02,4,5856,中性盘
780,13:52:15,14.62,-0.02,21,30702,卖盘
781,13:52:09,14.64,-0.01,2,2928,卖盘
782,13:52:03,14.65,--,7,10255,买盘
783,13:51:36,14.65,--,7,10255,买盘
784,13:51:18,14.65,--,23,33695,买盘
785,13:51:09,14.65,0.02,12,17580,买盘
786,13:51:06,14.63,-0.01,10,14630,卖盘
787,13:50:54,14.64,0.02,5,7320,买盘
788,13:50:51,14.62,-0.02,8,11696,卖盘
789,13:50:42,14.64,-0.01,8,11712,买盘
790,13:50:21,14.65,--,42,61530,买盘
791,13:50:18,14.65,0.01,8,11720,买盘
792,13:50:12,14.64,-0.01,122,179413,卖盘
793,13:50:09,14.65,0.01,30,43950,买盘
794,13:50:06,14.64,--,2,2928,卖盘
795,13:50:00,14.64,-0.01,14,20496,卖盘
796,13:49:54,14.65,--,34,49810,买盘
797,13:49:48,14.65,0.01,7,10255,买盘
798,13:49:45,14.64,--,19,28474,买盘
799,13:49:42,14.64,--,24,35136,买盘
800,13:49:39,14.64,0.02,21,30744,买盘
801,13:49:33,14.62,-0.02,11,16082,卖盘
802,13:49:24,14.64,0.02,21,30744,买盘
803,13:49:21,14.62,-0.01,286,418132,卖盘
804,13:49:15,14.63,0.01,155,226765,买盘
805,13:49:12,14.62,-0.01,20,29240,卖盘
806,13:49:06,14.63,--,6,8778,买盘
807,13:48:57,14.63,0.01,27,39501,买盘
808,13:48:42,14.62,-0.01,6,8772,卖盘
809,13:48:33,14.63,--,15,21945,买盘
810,13:48:24,14.63,0.02,160,234080,买盘
811,13:48:18,14.61,--,1,1461,卖盘
812,13:48:06,14.61,-0.01,13,18993,卖盘
813,13:48:00,14.62,0.01,32,46784,买盘
814,13:47:57,14.61,-0.01,6,8766,卖盘
815,13:47:48,14.62,--,20,29240,买盘
816,13:47:45,14.62,0.01,2,2924,买盘
817,13:47:42,14.61,--,3,4383,卖盘
818,13:47:39,14.61,-0.01,6,8766,卖盘
819,13:47:30,14.62,--,8,11696,买盘
820,13:47:24,14.62,--,12,17544,买盘
821,13:47:18,14.62,0.01,26,38012,买盘
822,13:47:15,14.61,--,26,37986,卖盘
823,13:47:12,14.61,-0.01,5,7305,卖盘
824,13:47:09,14.62,0.01,7,10234,买盘
825,13:47:06,14.61,-0.01,7,10227,卖盘
826,13:47:03,14.62,--,45,65790,买盘
827,13:47:00,14.62,0.01,8,11696,买盘
828,13:46:51,14.61,-0.01,6,8766,卖盘
829,13:46:48,14.62,--,32,46784,买盘
830,13:46:39,14.62,--,17,24854,买盘
831,13:46:36,14.62,0.01,2,2924,买盘
832,13:46:21,14.61,-0.01,10,14610,卖盘
833,13:46:15,14.62,--,14,20468,买盘
834,13:46:06,14.62,--,50,73100,买盘
835,13:45:51,14.62,-0.01,3,4386,中性盘
836,13:45:45,14.63,0.01,7,10241,买盘
837,13:45:39,14.62,--,2,2924,买盘
838,13:45:33,14.62,-0.01,7,10234,卖盘
839,13:45:27,14.63,0.01,6,8778,买盘
840,13:45:06,14.62,--,8,11696,买盘
841,13:44:57,14.62,--,7,10234,买盘
842,13:44:51,14.62,--,25,36550,卖盘
843,13:44:48,14.62,--,25,36550,买盘
844,13:44:45,14.62,0.01,6,8772,买盘
845,13:44:42,14.61,-0.01,0,73,卖盘
846,13:44:36,14.62,0.01,1,1462,买盘
847,13:44:33,14.61,-0.01,5,8327,卖盘
848,13:44:27,14.62,--,1,1462,买盘
849,13:44:24,14.62,0.01,7,10234,买盘
850,13:44:18,14.61,-0.01,100,146100,卖盘
851,13:44:15,14.62,0.01,11,16082,买盘
852,13:44:12,14.61,--,20,29220,卖盘
853,13:44:09,14.61,-0.01,4,5844,卖盘
854,13:44:06,14.62,--,12,17544,买盘
855,13:43:57,14.62,--,7,10234,买盘
856,13:43:45,14.62,--,10,14620,买盘
857,13:43:39,14.62,--,50,73100,买盘
858,13:43:36,14.62,--,1,1462,买盘
859,13:43:30,14.62,--,11,17178,买盘
860,13:43:27,14.62,0.01,2,2924,买盘
861,13:43:21,14.61,--,3,4383,卖盘
862,13:43:12,14.61,--,77,113592,买盘
863,13:43:06,14.61,0.01,1,1461,买盘
864,13:43:03,14.6,--,8,11680,卖盘
865,13:43:00,14.6,-0.01,100,146000,卖盘
866,13:42:54,14.61,--,5,7305,买盘
867,13:42:48,14.61,--,1,1461,买盘
868,13:42:36,14.61,0.01,8,11688,买盘
869,13:42:33,14.6,--,10,14600,卖盘
870,13:42:30,14.6,--,1,2555,卖盘
871,13:42:27,14.6,--,177,258420,买盘
872,13:42:15,14.6,--,3,4380,买盘
873,13:42:12,14.6,0.01,7,10220,买盘
874,13:42:06,14.59,--,8,11672,卖盘
875,13:42:03,14.59,--,10,14590,卖盘
876,13:41:57,14.59,-0.01,5,7295,卖盘
877,13:41:45,14.6,0.01,9,13140,买盘
878,13:41:42,14.59,-0.01,10,14590,卖盘
879,13:41:18,14.6,--,7,10220,买盘
880,13:41:15,14.6,--,10,14600,买盘
881,13:41:06,14.6,--,2,2920,买盘
882,13:40:51,14.6,--,5,7300,买盘
883,13:40:45,14.6,0.01,7,10220,买盘
884,13:40:36,14.59,--,1,1546,卖盘
885,13:40:21,14.59,--,8,12678,卖盘
886,13:40:18,14.59,--,19,27721,买盘
887,13:40:12,14.59,0.01,20,29180,买盘
888,13:40:06,14.58,-0.01,7,10206,卖盘
889,13:40:03,14.59,0.01,10,14590,买盘
890,13:39:57,14.58,--,18,26244,卖盘
891,13:39:48,14.58,-0.01,1,1458,卖盘
892,13:39:45,14.59,0.01,1,1459,中性盘
893,13:39:33,14.58,--,0,43,卖盘
894,13:39:30,14.58,--,13,18954,卖盘
895,13:39:27,14.58,-0.02,1,2507,卖盘
896,13:39:21,14.6,--,7,10220,买盘
897,13:39:03,14.6,0.02,31,45260,买盘
898,13:39:00,14.58,-0.01,12,17496,卖盘
899,13:38:57,14.59,--,2,2918,卖盘
900,13:38:54,14.59,--,3,4377,买盘
901,13:38:51,14.59,--,50,72950,买盘
902,13:38:45,14.59,0.01,5,7295,买盘
903,13:38:39,14.58,--,5,7290,卖盘
904,13:38:30,14.58,-0.01,0,102,卖盘
905,13:38:27,14.59,0.01,4,5836,中性盘
906,13:38:21,14.58,-0.01,16,23954,卖盘
907,13:38:18,14.59,-0.01,142,207542,卖盘
908,13:38:09,14.6,--,19,27740,买盘
909,13:38:00,14.6,0.01,1,1460,买盘
910,13:37:42,14.59,--,30,44864,买盘
911,13:37:39,14.59,--,8,11672,买盘
912,13:37:24,14.59,--,11,16413,卖盘
913,13:37:21,14.59,-0.01,26,39028,卖盘
914,13:37:15,14.6,--,5,7300,买盘
915,13:37:12,14.6,--,7,10220,买盘
916,13:37:06,14.6,--,1,1460,买盘
917,13:37:00,14.6,--,2,2920,买盘
918,13:36:48,14.6,--,81,118260,买盘
919,13:36:45,14.6,--,12,17520,买盘
920,13:36:39,14.6,0.02,3,4380,卖盘
921,13:36:18,14.58,-0.03,1,2551,卖盘
922,13:36:09,14.61,0.02,7,10227,买盘
923,13:35:42,14.59,--,7,10213,买盘
924,13:35:39,14.59,-0.02,44,64560,卖盘
925,13:35:36,14.61,--,3,4383,买盘
926,13:35:18,14.61,0.02,7,10227,买盘
927,13:35:15,14.59,-0.02,1,2553,卖盘
928,13:35:06,14.61,--,20,29220,买盘
929,13:34:54,14.61,--,5,7305,买盘
930,13:34:48,14.61,0.02,7,10227,买盘
931,13:34:39,14.59,-0.02,6,8754,卖盘
932,13:34:36,14.61,--,5,7305,买盘
933,13:34:21,14.61,--,7,10227,买盘
934,13:34:18,14.61,0.03,2,4017,中性盘
935,13:34:09,14.58,--,40,58320,卖盘
936,13:34:00,14.58,-0.03,38,55404,卖盘
937,13:33:51,14.61,--,57,83277,买盘
938,13:33:36,14.61,--,1,1461,买盘
939,13:33:27,14.61,0.01,7,10227,买盘
940,13:33:09,14.6,0.01,115,167900,买盘
941,13:33:03,14.59,-0.01,10,15684,卖盘
942,13:33:00,14.6,--,7,10220,买盘
943,13:32:36,14.6,--,7,10220,买盘
944,13:32:33,14.6,0.02,5,7300,买盘
945,13:32:09,14.58,--,21,30618,卖盘
946,13:32:06,14.58,-0.02,1,2551,卖盘
947,13:31:42,14.6,0.02,7,10220,买盘
948,13:31:33,14.58,--,2,2916,卖盘
949,13:31:30,14.58,--,2,2916,卖盘
950,13:31:18,14.58,-0.02,10,14580,卖盘
951,13:31:15,14.6,0.02,7,10220,买盘
952,13:31:12,14.58,--,1,1458,卖盘
953,13:31:09,14.58,--,7,10206,卖盘
954,13:31:06,14.58,--,10,14580,卖盘
955,13:31:03,14.58,--,3,5467,卖盘
956,13:30:51,14.58,--,23,33534,卖盘
957,13:30:39,14.58,-0.04,24,34992,卖盘
958,13:30:36,14.62,0.01,1,1462,买盘
959,13:30:33,14.61,0.01,4,5844,买盘
960,13:30:30,14.6,--,8,11680,卖盘
961,13:30:27,14.6,--,1,2744,买盘
962,13:30:21,14.6,0.02,3,4380,买盘
963,13:30:18,14.58,-0.02,14,20412,卖盘
964,13:30:06,14.6,--,2,2920,买盘
965,13:30:03,14.6,--,7,11490,卖盘
966,13:29:51,14.6,--,42,61509,买盘
967,13:29:48,14.6,0.03,7,10220,买盘
968,13:29:33,14.57,-0.03,20,29140,卖盘
969,13:29:21,14.6,0.02,7,10220,买盘
970,13:29:12,14.58,0.01,1,1458,买盘
971,13:29:06,14.57,-0.01,1,2549,卖盘
972,13:29:03,14.58,--,10,14580,买盘
973,13:28:57,14.58,-0.02,9,13122,中性盘
974,13:28:54,14.6,0.02,42,61320,买盘
975,13:28:48,14.58,--,12,17496,买盘
976,13:28:33,14.58,--,1,1458,买盘
977,13:28:27,14.58,--,4,5832,买盘
978,13:28:24,14.58,0.01,46,67068,买盘
979,13:28:09,14.57,-0.01,105,154063,卖盘
980,13:28:03,14.58,-0.01,1,2376,卖盘
981,13:27:57,14.59,0.01,7,10213,买盘
982,13:27:48,14.58,--,10,14580,卖盘
983,13:27:33,14.58,-0.02,38,55768,卖盘
984,13:27:30,14.6,0.01,6,8760,买盘
985,13:27:27,14.59,-0.01,10,14590,卖盘
986,13:27:09,14.6,--,1,1460,买盘
987,13:27:06,14.6,0.01,7,10220,买盘
988,13:26:54,14.59,-0.01,1,2553,卖盘
989,13:26:45,14.6,--,10,14600,买盘
990,13:26:39,14.6,--,7,10220,买盘
991,13:26:30,14.6,--,70,102200,买盘
992,13:26:21,14.6,--,5,7300,买盘
993,13:26:18,14.6,--,20,29200,买盘
994,13:26:12,14.6,0.02,8,11680,买盘
995,13:26:03,14.58,--,0,43,卖盘
996,13:25:54,14.58,-0.01,1,2507,中性盘
997,13:25:45,14.59,0.02,7,10213,买盘
998,13:25:33,14.57,0.01,586,854311,买盘
999,13:25:30,14.56,--,7,10192,买盘
1000,13:25:27,14.56,--,25,36400,卖盘
1001,13:25:24,14.56,--,8,11648,卖盘
1002,13:25:18,14.56,--,22,32032,买盘
1003,13:25:12,14.56,0.01,30,43680,买盘
1004,13:25:03,14.55,-0.01,0,14,卖盘
1005,13:24:54,14.56,-0.01,1,1456,中性盘
1006,13:24:48,14.57,0.02,7,10199,买盘
1007,13:24:45,14.55,-0.02,1,2531,卖盘
1008,13:24:39,14.57,0.01,21,30597,买盘
1009,13:24:36,14.56,--,26,37856,买盘
1010,13:24:24,14.56,--,22,32032,买盘
1011,13:24:21,14.56,-0.01,51,74256,卖盘
1012,13:24:18,14.57,0.01,5,7285,买盘
1013,13:24:15,14.56,--,20,29120,卖盘
1014,13:24:12,14.56,--,10,14560,卖盘
1015,13:24:09,14.56,--,60,87360,卖盘
1016,13:24:06,14.56,--,1,1456,卖盘
1017,13:24:00,14.56,-0.01,20,29120,卖盘
1018,13:23:57,14.57,0.01,7,10199,买盘
1019,13:23:54,14.56,--,6,8736,卖盘
1020,13:23:48,14.56,--,9,13104,卖盘
1021,13:23:39,14.56,--,1,1456,中性盘
1022,13:23:33,14.56,--,14,20384,买盘
1023,13:23:30,14.56,--,10,14560,买盘
1024,13:23:27,14.56,--,9,13104,买盘
1025,13:23:15,14.56,--,7,10192,卖盘
1026,13:23:12,14.56,--,5,7280,卖盘
1027,13:23:03,14.56,--,12,17472,卖盘
1028,13:23:00,14.56,--,38,55328,卖盘
1029,13:22:54,14.56,--,20,29120,卖盘
1030,13:22:48,14.56,-0.01,5,7280,卖盘
1031,13:22:45,14.57,0.01,5,7285,买盘
1032,13:22:39,14.56,--,12,17472,卖盘
1033,13:22:36,14.56,-0.01,40,58240,卖盘
1034,13:22:18,14.57,--,1,1457,买盘
1035,13:22:15,14.57,--,10,14570,买盘
1036,13:22:12,14.57,--,11,16027,买盘
1037,13:22:06,14.57,0.01,3,4371,买盘
1038,13:21:57,14.56,0.01,9,13104,买盘
1039,13:21:45,14.55,-0.01,30,43650,卖盘
1040,13:21:42,14.56,--,2,2912,买盘
1041,13:21:39,14.56,--,2,2912,买盘
1042,13:21:30,14.56,--,12,17472,卖盘
1043,13:21:21,14.56,-0.01,2,2912,中性盘
1044,13:21:15,14.57,0.01,153,223868,买盘
1045,13:21:12,14.56,-0.01,26,37856,卖盘
1046,13:21:09,14.57,--,305,444894,买盘
1047,13:21:06,14.57,0.01,8,11656,买盘
1048,13:21:03,14.56,--,12,17472,卖盘
1049,13:21:00,14.56,-0.01,20,29120,卖盘
1050,13:20:54,14.57,-0.01,43,62651,卖盘
1051,13:20:51,14.58,--,10,14580,卖盘
1052,13:20:42,14.58,--,27,39366,买盘
1053,13:20:39,14.58,--,39,56862,卖盘
1054,13:20:24,14.58,-0.01,5,7290,卖盘
1055,13:20:15,14.59,--,11,16049,买盘
1056,13:20:12,14.59,--,11,16049,买盘
1057,13:20:09,14.59,--,3,4377,买盘
1058,13:20:06,14.59,--,16,23344,买盘
1059,13:20:03,14.59,--,78,113802,卖盘
1060,13:19:45,14.59,--,21,30639,买盘
1061,13:19:42,14.59,--,17,24803,买盘
1062,13:19:24,14.59,0.01,36,52524,买盘
1063,13:19:21,14.58,-0.01,20,29160,卖盘
1064,13:19:15,14.59,0.01,7,10213,买盘
1065,13:19:12,14.58,-0.01,6,8748,卖盘
1066,13:19:06,14.59,0.01,8,11672,买盘
1067,13:19:03,14.58,-0.01,2,2916,卖盘
1068,13:19:00,14.59,--,3,4377,买盘
1069,13:18:30,14.59,--,8,11672,买盘
1070,13:18:21,14.59,0.01,6,8754,中性盘
1071,13:18:15,14.58,-0.02,10,14580,卖盘
1072,13:18:12,14.6,--,1,1460,买盘
1073,13:18:09,14.6,--,5,7300,买盘
1074,13:18:06,14.6,--,8,11680,买盘
1075,13:18:03,14.6,0.02,7,10220,买盘
1076,13:18:00,14.58,-0.02,14,20412,卖盘
1077,13:17:57,14.6,--,36,52560,卖盘
1078,13:17:54,14.6,--,21,30660,买盘
1079,13:17:39,14.6,--,7,10220,中性盘
1080,13:17:30,14.6,--,20,29200,买盘
1081,13:17:18,14.6,0.02,1,1460,买盘
1082,13:17:15,14.58,-0.02,4,5832,卖盘
1083,13:17:12,14.6,--,6,8760,买盘
1084,13:17:03,14.6,0.08,20,29200,中性盘
1085,13:16:39,14.52,-0.06,1067,1549574,卖盘
1086,13:16:36,14.58,0.03,2,2916,买盘
1087,13:16:27,14.55,-0.01,40,58200,卖盘
1088,13:16:24,14.56,--,1,1456,卖盘
1089,13:16:21,14.56,--,3,4368,买盘
1090,13:16:12,14.56,0.02,107,155792,买盘
1091,13:16:06,14.54,--,75,109050,卖盘
1092,13:15:57,14.54,--,36,52344,卖盘
1093,13:15:45,14.54,-0.02,1,1454,卖盘
1094,13:15:42,14.56,0.02,17,24752,买盘
1095,13:15:39,14.54,-0.01,383,556882,卖盘
1096,13:15:36,14.55,-0.01,5,7275,卖盘
1097,13:15:33,14.56,--,20,29120,买盘
1098,13:15:27,14.56,--,8,11648,买盘
1099,13:15:24,14.56,--,15,21840,买盘
1100,13:15:18,14.56,--,9,13104,买盘
1101,13:15:15,14.56,-0.01,221,321776,卖盘
1102,13:15:06,14.57,--,10,14570,买盘
1103,13:15:00,14.57,--,35,50995,买盘
1104,13:14:51,14.57,0.01,8,11656,买盘
1105,13:14:33,14.56,0.01,1,1456,买盘
1106,13:14:30,14.55,-0.01,10,14550,中性盘
1107,13:14:24,14.56,0.02,463,674128,买盘
1108,13:14:21,14.54,-0.01,2,2908,卖盘
1109,13:14:18,14.55,--,3,4365,买盘
1110,13:14:15,14.55,--,10,14550,买盘
1111,13:14:12,14.55,-0.01,463,673665,卖盘
1112,13:14:06,14.56,-0.01,24,34944,卖盘
1113,13:14:03,14.57,--,33,48081,买盘
1114,13:14:00,14.57,--,97,141329,卖盘
1115,13:13:54,14.57,-0.01,36,52452,卖盘
1116,13:13:45,14.58,--,250,364500,买盘
1117,13:13:39,14.58,--,40,58320,买盘
1118,13:13:36,14.58,-0.02,242,352836,卖盘
1119,13:13:33,14.6,--,2,2920,买盘
1120,13:13:27,14.6,--,5,7300,买盘
1121,13:13:24,14.6,--,29,42340,买盘
1122,13:13:21,14.6,--,502,732920,卖盘
1123,13:13:15,14.6,-0.01,31,45260,卖盘
1124,13:13:09,14.61,--,7,10227,买盘
1125,13:13:06,14.61,-0.01,12,17678,卖盘
1126,13:13:03,14.62,--,27,39474,买盘
1127,13:12:42,14.62,0.01,7,10234,买盘
1128,13:12:36,14.61,--,64,93504,卖盘
1129,13:12:33,14.61,--,7,10227,卖盘
1130,13:12:24,14.61,--,10,14610,卖盘
1131,13:12:18,14.61,-0.01,88,129882,卖盘
1132,13:12:15,14.62,--,7,10234,买盘
1133,13:12:09,14.62,--,20,29240,买盘
1134,13:12:00,14.62,-0.02,29,43421,卖盘
1135,13:11:51,14.64,0.02,7,10248,买盘
1136,13:11:48,14.62,-0.01,280,409360,卖盘
1137,13:11:45,14.63,-0.01,4,5852,卖盘
1138,13:11:42,14.64,0.01,9,13176,买盘
1139,13:11:33,14.63,-0.01,50,73150,卖盘
1140,13:11:24,14.64,-0.02,195,285480,卖盘
1141,13:11:12,14.66,--,10,14660,买盘
1142,13:10:57,14.66,--,7,10262,买盘
1143,13:10:42,14.66,0.02,20,29320,买盘
1144,13:10:33,14.64,-0.02,18,26352,卖盘
1145,13:10:24,14.66,--,19,27854,买盘
1146,13:10:18,14.66,--,8,11728,买盘
1147,13:10:12,14.66,0.01,10,14660,买盘
1148,13:10:06,14.65,0.01,7,10255,买盘
1149,13:09:51,14.64,--,13,19032,买盘
1150,13:09:45,14.64,--,9,13176,买盘
1151,13:09:42,14.64,--,22,32208,买盘
1152,13:09:36,14.64,--,43,62952,卖盘
1153,13:09:27,14.64,-0.02,21,30744,卖盘
1154,13:09:09,14.66,--,7,10262,买盘
1155,13:08:45,14.66,0.02,25,36650,买盘
1156,13:08:36,14.64,--,4,5856,卖盘
1157,13:08:33,14.64,-0.01,11,16104,卖盘
1158,13:08:30,14.65,--,16,23440,买盘
1159,13:08:18,14.65,0.01,8,11720,买盘
1160,13:07:54,14.64,-0.01,2,2928,卖盘
1161,13:07:39,14.65,0.01,20,29300,买盘
1162,13:07:27,14.64,-0.01,8,11712,卖盘
1163,13:07:03,14.65,0.01,7,10255,买盘
1164,13:06:57,14.64,-0.01,6,8784,卖盘
1165,13:06:54,14.65,0.01,18,26370,买盘
1166,13:06:42,14.64,--,14,20496,卖盘
1167,13:06:36,14.64,--,10,14640,卖盘
1168,13:06:33,14.64,--,1,1464,卖盘
1169,13:06:30,14.64,-0.01,5,7320,卖盘
1170,13:06:24,14.65,--,8,11720,买盘
1171,13:06:00,14.65,--,31,45415,卖盘
1172,13:05:57,14.65,--,11,16115,卖盘
1173,13:05:54,14.65,--,10,14650,卖盘
1174,13:05:39,14.65,--,5,7325,卖盘
1175,13:05:36,14.65,-0.01,1,1465,卖盘
1176,13:05:33,14.66,0.01,5,7330,买盘
1177,13:05:24,14.65,--,48,70320,买盘
1178,13:05:15,14.65,0.01,19,27835,买盘
1179,13:05:12,14.64,-0.01,11,16104,卖盘
1180,13:05:03,14.65,0.01,3,4395,买盘
1181,13:04:54,14.64,--,25,36600,卖盘
1182,13:04:48,14.64,--,5,7320,卖盘
1183,13:04:36,14.64,--,1,1464,卖盘
1184,13:04:33,14.64,-0.01,21,30744,卖盘
1185,13:04:15,14.65,--,6,8790,买盘
1186,13:04:03,14.65,--,4,5860,买盘
1187,13:03:54,14.65,0.01,8,11720,买盘
1188,13:03:42,14.64,--,32,46848,卖盘
1189,13:03:30,14.64,--,32,46848,买盘
1190,13:03:24,14.64,--,50,73200,买盘
1191,13:03:18,14.64,--,18,26352,买盘
1192,13:03:03,14.64,0.01,1,1464,买盘
1193,13:02:36,14.63,-0.01,10,14630,卖盘
1194,13:02:33,14.64,0.01,2,2928,买盘
1195,13:02:18,14.63,-0.01,1,1463,卖盘
1196,13:02:15,14.64,0.01,10,14640,中性盘
1197,13:02:12,14.63,--,3,4389,卖盘
1198,13:02:06,14.63,--,36,52668,卖盘
1199,13:02:03,14.63,--,21,30723,卖盘
1200,13:02:00,14.63,--,5,7315,卖盘
1201,13:01:54,14.63,--,25,36575,卖盘
1202,13:01:42,14.63,--,21,30723,卖盘
1203,13:01:39,14.63,--,39,57057,卖盘
1204,13:01:30,14.63,-0.01,20,29260,卖盘
1205,13:01:15,14.64,-0.01,8,11712,中性盘
1206,13:00:57,14.65,0.02,10,14650,买盘
1207,13:00:54,14.63,--,30,43890,卖盘
1208,13:00:48,14.63,-0.02,21,30723,卖盘
1209,13:00:39,14.65,0.02,9,13185,买盘
1210,13:00:36,14.63,-0.01,22,32186,卖盘
1211,13:00:15,14.64,--,3,4392,买盘
1212,13:00:12,14.64,-0.02,2,2928,中性盘
1213,13:00:09,14.66,0.02,16,23456,买盘
1214,13:00:06,14.64,-0.01,81,118584,卖盘
1215,13:00:03,14.65,0.01,689,1009385,买盘
1216,13:00:00,14.64,--,0,0,卖盘
1217,11:30:00,14.64,--,0,0,卖盘
1218,11:29:42,14.64,--,49,71736,卖盘
1219,11:29:39,14.64,--,21,30744,卖盘
1220,11:29:33,14.64,--,29,42456,卖盘
1221,11:29:27,14.64,--,117,171288,卖盘
1222,11:29:21,14.64,-0.01,20,29280,卖盘
1223,11:29:18,14.65,--,7,10255,买盘
1224,11:29:06,14.65,0.01,15,21975,买盘
1225,11:28:51,14.64,-0.01,6,8784,卖盘
1226,11:28:45,14.65,--,20,29300,买盘
1227,11:28:42,14.65,--,13,19045,买盘
1228,11:28:27,14.65,0.01,6,8790,买盘
1229,11:28:24,14.64,-0.01,3,4392,卖盘
1230,11:28:12,14.65,--,14,20510,买盘
1231,11:28:09,14.65,--,100,146500,买盘
1232,11:28:06,14.65,--,9,13185,买盘
1233,11:27:39,14.65,0.01,14,20510,买盘
1234,11:27:24,14.64,-0.01,3,4392,卖盘
1235,11:27:15,14.65,0.01,7,10255,买盘
1236,11:26:51,14.64,-0.01,5,7320,卖盘
1237,11:26:48,14.65,0.01,7,10255,买盘
1238,11:26:45,14.64,0.01,7,10248,买盘
1239,11:26:30,14.63,-0.01,10,14630,卖盘
1240,11:26:24,14.64,--,7,10248,买盘
1241,11:26:09,14.64,--,1,1464,买盘
1242,11:25:54,14.64,--,16,23424,买盘
1243,11:25:30,14.64,0.01,27,39528,买盘
1244,11:25:15,14.63,--,1,1463,买盘
1245,11:25:03,14.63,0.02,49,72125,买盘
1246,11:25:00,14.61,-0.01,46,67206,卖盘
1247,11:24:54,14.62,--,2,2924,买盘
1248,11:24:51,14.62,--,16,23392,卖盘
1249,11:24:39,14.62,-0.01,9,13158,卖盘
1250,11:24:33,14.63,0.01,7,10241,买盘
1251,11:24:30,14.62,-0.01,13,19006,卖盘
1252,11:24:21,14.63,0.01,67,98021,买盘
1253,11:24:18,14.62,--,27,39474,买盘
1254,11:24:15,14.62,--,19,27778,买盘
1255,11:24:06,14.62,--,18,26316,买盘
1256,11:24:03,14.62,-0.01,110,160820,卖盘
1257,11:23:39,14.63,--,10,14630,买盘
1258,11:23:36,14.63,--,28,40964,买盘
1259,11:23:33,14.63,--,92,134800,卖盘
1260,11:23:27,14.63,--,10,14630,卖盘
1261,11:23:15,14.63,-0.01,28,40964,卖盘
1262,11:23:03,14.64,--,6,8784,买盘
1263,11:22:39,14.64,--,7,10248,买盘
1264,11:22:33,14.64,--,39,57096,卖盘
1265,11:22:30,14.64,--,4,5856,卖盘
1266,11:22:27,14.64,-0.01,50,73200,卖盘
1267,11:22:15,14.65,0.01,8,11720,买盘
1268,11:22:06,14.64,--,11,16104,卖盘
1269,11:21:57,14.64,0.01,10,14640,中性盘
1270,11:21:54,14.63,--,20,29260,卖盘
1271,11:21:51,14.63,-0.02,30,43890,卖盘
1272,11:21:42,14.65,0.02,8,11720,买盘
1273,11:21:39,14.63,-0.01,80,117040,卖盘
1274,11:21:36,14.64,--,10,14640,买盘
1275,11:21:33,14.64,0.01,4,5856,买盘
1276,11:21:15,14.63,-0.02,257,377249,卖盘
1277,11:20:57,14.65,--,12,17580,买盘
1278,11:20:45,14.65,0.01,7,10255,买盘
1279,11:20:42,14.64,--,3,4392,卖盘
1280,11:20:39,14.64,--,15,21960,买盘
1281,11:20:24,14.64,-0.01,56,81984,卖盘
1282,11:20:15,14.65,0.01,1,1465,买盘
1283,11:20:09,14.64,-0.01,2,2928,卖盘
1284,11:20:03,14.65,0.01,4,5860,买盘
1285,11:19:45,14.64,--,71,103944,买盘
1286,11:19:15,14.64,--,84,122976,卖盘
1287,11:19:12,14.64,--,20,29280,卖盘
1288,11:19:06,14.64,--,5,7320,卖盘
1289,11:19:00,14.64,-0.01,10,14640,卖盘
1290,11:18:51,14.65,--,20,29300,卖盘
1291,11:18:45,14.65,-0.01,1,1465,卖盘
1292,11:18:39,14.66,--,13,19058,买盘
1293,11:18:33,14.66,--,7,10262,买盘
1294,11:18:30,14.66,0.01,20,29320,买盘
1295,11:18:27,14.65,--,7,10255,卖盘
1296,11:18:15,14.65,-0.01,200,293000,卖盘
1297,11:18:06,14.66,--,15,21990,买盘
1298,11:17:57,14.66,0.01,5,7330,买盘
1299,11:17:51,14.65,--,10,14650,卖盘
1300,11:17:45,14.65,--,10,14650,卖盘
1301,11:17:42,14.65,--,7,10255,卖盘
1302,11:17:36,14.65,--,1,1465,卖盘
1303,11:17:33,14.65,--,40,58600,卖盘
1304,11:17:27,14.65,--,6,8790,卖盘
1305,11:17:21,14.65,-0.01,5,7325,卖盘
1306,11:17:12,14.66,--,3,4398,买盘
1307,11:17:09,14.66,0.01,4,5864,买盘
1308,11:17:06,14.65,-0.01,9,13185,卖盘
1309,11:16:33,14.66,-0.01,20,29320,卖盘
1310,11:16:30,14.67,--,3,4401,卖盘
1311,11:16:24,14.67,0.01,178,261126,买盘
1312,11:16:18,14.66,--,10,14660,卖盘
1313,11:16:12,14.66,--,3,4398,卖盘
1314,11:16:09,14.66,-0.01,10,14660,卖盘
1315,11:16:06,14.67,0.01,1,1467,买盘
1316,11:16:03,14.66,--,20,29320,卖盘
1317,11:15:57,14.66,--,3,4398,卖盘
1318,11:15:48,14.66,--,5,7330,卖盘
1319,11:15:45,14.66,--,7,10262,卖盘
1320,11:15:42,14.66,--,12,17592,卖盘
1321,11:15:39,14.66,--,10,14660,卖盘
1322,11:15:15,14.66,0.01,47,68902,买盘
1323,11:15:09,14.65,--,2,2930,卖盘
1324,11:15:03,14.65,-0.01,1,1465,卖盘
1325,11:14:48,14.66,--,7,10262,买盘
1326,11:14:42,14.66,--,3,4398,买盘
1327,11:14:39,14.66,--,2,2932,买盘
1328,11:14:36,14.66,--,5,7330,买盘
1329,11:14:33,14.66,0.01,20,29320,中性盘
1330,11:14:21,14.65,-0.02,4,5860,卖盘
1331,11:14:18,14.67,0.01,16,23472,买盘
1332,11:14:15,14.66,--,20,29320,卖盘
1333,11:14:06,14.66,0.01,118,172988,买盘
1334,11:14:03,14.65,-0.01,2,2930,卖盘
1335,11:13:51,14.66,0.01,7,10262,买盘
1336,11:13:42,14.65,--,10,14650,卖盘
1337,11:13:36,14.65,--,194,284210,买盘
1338,11:13:33,14.65,--,32,46880,买盘
1339,11:13:18,14.65,--,8,11720,买盘
1340,11:13:15,14.65,0.01,50,73250,买盘
1341,11:13:12,14.64,--,5,7320,卖盘
1342,11:13:06,14.64,-0.01,20,29280,卖盘
1343,11:12:51,14.65,0.01,6,8790,买盘
1344,11:12:30,14.64,-0.01,10,14640,卖盘
1345,11:12:24,14.65,--,30,43950,买盘
1346,11:12:21,14.65,0.01,7,10255,买盘
1347,11:12:15,14.64,-0.01,5,7320,卖盘
1348,11:12:00,14.65,-0.01,142,208030,卖盘
1349,11:11:33,14.66,0.01,7,10262,买盘
1350,11:11:12,14.65,-0.01,5,7325,卖盘
1351,11:11:03,14.66,0.01,7,10262,买盘
1352,11:11:00,14.65,--,2,2930,卖盘
1353,11:10:51,14.65,0.01,3,4395,买盘
1354,11:10:48,14.64,-0.02,5,7320,卖盘
1355,11:10:30,14.66,0.02,7,10262,买盘
1356,11:10:24,14.64,-0.01,9,13176,卖盘
1357,11:10:18,14.65,--,2,2930,买盘
1358,11:10:15,14.65,0.01,1,1465,买盘
1359,11:10:09,14.64,-0.01,10,14640,卖盘
1360,11:10:06,14.65,0.01,7,10255,买盘
1361,11:10:00,14.64,--,2,2928,卖盘
1362,11:09:45,14.64,--,50,73200,卖盘
1363,11:09:30,14.64,-0.02,50,73200,卖盘
1364,11:09:24,14.66,0.02,10,14660,买盘
1365,11:09:18,14.64,-0.01,5,7320,卖盘
1366,11:09:15,14.65,--,2,2930,买盘
1367,11:09:06,14.65,--,4,5860,买盘
1368,11:09:03,14.65,--,1,1465,卖盘
1369,11:09:00,14.65,-0.02,62,90830,卖盘
1370,11:08:57,14.67,0.02,40,58680,买盘
1371,11:08:54,14.65,-0.01,3,4395,卖盘
1372,11:08:48,14.66,0.01,10,14660,中性盘
1373,11:08:45,14.65,-0.02,10,14650,卖盘
1374,11:08:42,14.67,--,5,7335,买盘
1375,11:08:36,14.67,--,12,17604,买盘
1376,11:08:15,14.67,0.03,7,10269,买盘
1377,11:08:12,14.64,-0.01,69,101016,卖盘
1378,11:08:09,14.65,--,5,7325,买盘
1379,11:07:54,14.65,--,32,46880,买盘
1380,11:07:48,14.65,--,44,64460,买盘
1381,11:07:39,14.65,-0.02,85,124525,卖盘
1382,11:07:33,14.67,0.01,102,149634,买盘
1383,11:07:21,14.66,-0.01,2,2932,中性盘
1384,11:07:06,14.67,--,20,29340,买盘
1385,11:06:57,14.67,0.02,7,10269,买盘
1386,11:06:51,14.65,--,10,14650,卖盘
1387,11:06:48,14.65,--,21,30765,卖盘
1388,11:06:33,14.65,--,26,38090,卖盘
1389,11:06:30,14.65,-0.01,42,61530,卖盘
1390,11:06:24,14.66,-0.02,21,30786,卖盘
1391,11:06:21,14.68,0.02,20,29360,买盘
1392,11:06:18,14.66,-0.02,51,74766,卖盘
1393,11:06:15,14.68,0.01,12,17616,买盘
1394,11:06:12,14.67,--,1,1467,卖盘
1395,11:06:06,14.67,--,30,44010,卖盘
1396,11:06:03,14.67,--,10,14670,卖盘
1397,11:06:00,14.67,--,110,161370,买盘
1398,11:05:54,14.67,0.01,8,11736,买盘
1399,11:05:51,14.66,-0.01,12,17592,卖盘
1400,11:05:45,14.67,--,5,7335,买盘
1401,11:05:42,14.67,-0.01,28,41076,卖盘
1402,11:05:36,14.68,0.01,18,26424,买盘
1403,11:05:30,14.67,0.01,72,105624,买盘
1404,11:05:24,14.66,-0.01,10,14660,卖盘
1405,11:05:21,14.67,--,16,23472,买盘
1406,11:05:15,14.67,--,2,2934,买盘
1407,11:05:09,14.67,--,23,33741,买盘
1408,11:05:06,14.67,0.01,5,7335,买盘
1409,11:05:00,14.66,-0.01,10,14660,卖盘
1410,11:04:54,14.67,0.01,12,17604,买盘
1411,11:04:27,14.66,0.02,2,2932,中性盘
1412,11:04:15,14.64,-0.02,18,26352,卖盘
1413,11:04:09,14.66,0.01,21,30786,买盘
1414,11:04:06,14.65,-0.01,23,33695,中性盘
1415,11:04:00,14.66,0.02,8,11728,买盘
1416,11:03:57,14.64,-0.02,4,5856,卖盘
1417,11:03:51,14.66,--,4,5864,买盘
1418,11:03:42,14.66,--,5,7330,买盘
1419,11:03:39,14.66,--,13,19058,卖盘
1420,11:03:33,14.66,--,3,4398,买盘
1421,11:03:27,14.66,0.02,10,14660,买盘
1422,11:03:24,14.64,-0.01,26,38064,卖盘
1423,11:03:21,14.65,--,5,7325,卖盘
1424,11:03:12,14.65,--,20,29300,卖盘
1425,11:03:09,14.65,-0.02,15,21975,卖盘
1426,11:03:03,14.67,-0.01,6,8802,卖盘
1427,11:03:00,14.68,--,104,152672,买盘
1428,11:02:39,14.68,0.01,11,16148,买盘
1429,11:02:33,14.67,-0.01,1,1467,买盘
1430,11:02:30,14.68,0.03,5,7340,买盘
1431,11:02:27,14.65,-0.03,58,84970,中性盘
1432,11:02:12,14.68,--,3,4404,买盘
1433,11:02:09,14.68,0.05,1,1468,买盘
1434,11:02:06,14.63,-0.05,21,30723,卖盘
1435,11:02:03,14.68,--,7,10276,买盘
1436,11:02:00,14.68,--,4,5872,买盘
1437,11:01:57,14.68,0.05,27,39636,买盘
1438,11:01:54,14.63,-0.05,117,171171,卖盘
1439,11:01:51,14.68,-0.01,21,31268,卖盘
1440,11:01:48,14.69,0.01,7,10283,买盘
1441,11:01:45,14.68,--,21,30828,卖盘
1442,11:01:42,14.68,-0.01,21,30828,卖盘
1443,11:01:36,14.69,--,10,14690,买盘
1444,11:01:33,14.69,--,5,7345,买盘
1445,11:01:30,14.69,--,26,38194,买盘
1446,11:01:27,14.69,--,45,66105,买盘
1447,11:01:21,14.69,--,10,14690,买盘
1448,11:01:18,14.69,--,7,10283,买盘
1449,11:01:15,14.69,--,112,164528,买盘
1450,11:01:12,14.69,0.01,15,22035,买盘
1451,11:01:09,14.68,-0.01,20,29360,卖盘
1452,11:01:06,14.69,--,2,2938,买盘
1453,11:01:03,14.69,--,88,129272,买盘
1454,11:01:00,14.69,--,12,17628,买盘
1455,11:00:54,14.69,--,83,121927,买盘
1456,11:00:51,14.69,0.01,9,13221,买盘
1457,11:00:48,14.68,--,18,27686,卖盘
1458,11:00:42,14.68,--,7,10276,卖盘
1459,11:00:39,14.68,--,3,4404,卖盘
1460,11:00:36,14.68,--,190,280153,买盘
1461,11:00:27,14.68,--,10,14680,买盘
1462,11:00:24,14.68,--,118,173224,买盘
1463,11:00:21,14.68,--,21,30828,买盘
1464,11:00:15,14.68,--,32,46976,买盘
1465,11:00:12,14.68,0.01,100,146800,买盘
1466,11:00:09,14.67,0.01,346,507582,买盘
1467,11:00:06,14.66,--,37,54242,买盘
1468,11:00:03,14.66,--,130,190580,买盘
1469,11:00:00,14.66,--,26,38116,买盘
1470,10:59:57,14.66,--,3,4398,买盘
1471,10:59:54,14.66,--,101,148066,买盘
1472,10:59:51,14.66,--,7,10262,买盘
1473,10:59:42,14.66,0.02,48,70368,买盘
1474,10:59:39,14.64,--,265,387960,卖盘
1475,10:59:33,14.64,-0.01,121,177144,卖盘
1476,10:59:30,14.65,--,100,146500,买盘
1477,10:59:27,14.65,--,18,26370,买盘
1478,10:59:24,14.65,--,31,45415,买盘
1479,10:59:18,14.65,--,12,17580,买盘
1480,10:59:15,14.65,--,15,21975,买盘
1481,10:59:09,14.65,--,3,4395,买盘
1482,10:59:06,14.65,0.01,10,14650,买盘
1483,10:59:03,14.64,--,10,14640,卖盘
1484,10:59:00,14.64,-0.01,3,4392,卖盘
1485,10:58:57,14.65,0.01,19,27835,买盘
1486,10:58:54,14.64,--,10,14640,卖盘
1487,10:58:48,14.64,--,10,14640,卖盘
1488,10:58:45,14.64,--,30,43920,卖盘
1489,10:58:42,14.64,-0.01,10,14640,卖盘
1490,10:58:18,14.65,--,34,49810,卖盘
1491,10:58:15,14.65,--,5,7325,卖盘
1492,10:58:12,14.65,--,27,39555,卖盘
1493,10:58:09,14.65,--,16,23440,卖盘
1494,10:58:06,14.65,--,124,181660,买盘
1495,10:58:03,14.65,--,1,1465,买盘
1496,10:57:57,14.65,--,2,2930,买盘
1497,10:57:51,14.65,--,14,20510,买盘
1498,10:57:48,14.65,--,23,33695,买盘
1499,10:57:45,14.65,--,4,5860,买盘
1500,10:57:42,14.65,-0.01,1,1465,中性盘
1501,10:57:24,14.66,0.02,70,102620,买盘
1502,10:57:18,14.64,-0.02,89,130296,卖盘
1503,10:57:15,14.66,--,18,26388,买盘
1504,10:57:12,14.66,0.01,7,10262,买盘
1505,10:57:09,14.65,-0.01,44,64460,卖盘
1506,10:57:06,14.66,0.01,48,70368,买盘
1507,10:57:03,14.65,-0.01,45,65925,卖盘
1508,10:57:00,14.66,--,13,19058,买盘
1509,10:56:54,14.66,0.01,11,16126,买盘
1510,10:56:39,14.65,--,5,7325,卖盘
1511,10:56:27,14.65,--,55,80575,买盘
1512,10:56:21,14.65,0.01,5,7325,买盘
1513,10:56:15,14.64,-0.01,10,14640,卖盘
1514,10:56:12,14.65,0.01,16,23440,买盘
1515,10:56:06,14.64,--,143,209352,卖盘
1516,10:56:00,14.64,-0.01,18,26352,卖盘
1517,10:55:57,14.65,--,8,11720,买盘
1518,10:55:48,14.65,--,81,118665,买盘
1519,10:55:45,14.65,--,34,49810,买盘
1520,10:55:42,14.65,0.01,8,11720,买盘
1521,10:55:39,14.64,--,50,73200,卖盘
1522,10:55:36,14.64,--,38,55632,卖盘
1523,10:55:33,14.64,--,34,49776,买盘
1524,10:55:24,14.64,--,51,74664,买盘
1525,10:55:15,14.64,-0.01,1,1464,中性盘
1526,10:55:06,14.65,--,24,35160,买盘
1527,10:55:00,14.65,0.03,75,109875,买盘
1528,10:54:57,14.62,-0.01,13,19006,卖盘
1529,10:54:51,14.63,-0.02,12,17556,卖盘
1530,10:54:45,14.65,--,8,11720,买盘
1531,10:54:42,14.65,--,2,2930,买盘
1532,10:54:36,14.65,0.01,252,369180,买盘
1533,10:54:33,14.64,-0.01,3,4392,卖盘
1534,10:54:30,14.65,0.01,3,4395,买盘
1535,10:54:27,14.64,-0.01,30,43920,卖盘
1536,10:54:24,14.65,--,12,17580,买盘
1537,10:54:21,14.65,--,78,114270,买盘
1538,10:54:18,14.65,--,10,14650,买盘
1539,10:54:15,14.65,--,12,17580,买盘
1540,10:54:03,14.65,0.01,4,5860,买盘
1541,10:54:00,14.64,-0.01,15,21960,卖盘
1542,10:53:54,14.65,0.01,10,14650,买盘
1543,10:53:42,14.64,--,103,150792,买盘
1544,10:53:30,14.64,--,4,5856,买盘
1545,10:53:27,14.64,0.01,1,1464,买盘
1546,10:53:24,14.63,-0.01,2,2926,卖盘
1547,10:53:21,14.64,0.01,13,19032,买盘
1548,10:53:12,14.63,--,15,21945,买盘
1549,10:53:09,14.63,--,5,7315,买盘
1550,10:53:03,14.63,--,13,19019,买盘
1551,10:53:00,14.63,-0.01,2,2926,中性盘
1552,10:52:42,14.64,0.01,7,10248,买盘
1553,10:52:39,14.63,--,20,29260,买盘
1554,10:52:36,14.63,-0.01,22,32186,中性盘
1555,10:52:18,14.64,0.03,11,16104,买盘
1556,10:52:15,14.61,--,4,5844,买盘
1557,10:52:06,14.61,--,16,23376,卖盘
1558,10:51:54,14.61,-0.02,11,16071,卖盘
1559,10:51:51,14.63,--,11,16093,买盘
1560,10:51:45,14.63,-0.01,62,90706,卖盘
1561,10:51:33,14.64,0.01,27,39528,买盘
1562,10:51:30,14.63,--,5,7315,卖盘
1563,10:51:27,14.63,--,71,103873,卖盘
1564,10:51:15,14.63,-0.01,7,10241,卖盘
1565,10:51:12,14.64,0.01,11,16104,买盘
1566,10:51:09,14.63,-0.01,10,14630,卖盘
1567,10:51:06,14.64,0.01,10,14640,买盘
1568,10:51:00,14.63,--,3,4389,买盘
1569,10:50:57,14.63,0.03,12,17556,买盘
1570,10:50:51,14.6,-0.04,4,5840,卖盘
1571,10:50:48,14.64,0.01,9,13176,买盘
1572,10:50:42,14.63,--,11,16093,买盘
1573,10:50:39,14.63,--,1,1463,买盘
1574,10:50:30,14.63,0.01,56,81928,买盘
1575,10:50:18,14.62,--,10,14620,买盘
1576,10:50:09,14.62,--,61,89182,买盘
1577,10:50:06,14.62,--,11,16082,买盘
1578,10:50:03,14.62,0.02,42,61404,买盘
1579,10:50:00,14.6,--,24,35375,买盘
1580,10:49:57,14.6,--,21,30660,买盘
1581,10:49:54,14.6,0.02,263,383980,买盘
1582,10:49:51,14.58,--,338,492804,买盘
1583,10:49:48,14.58,--,196,285768,买盘
1584,10:49:45,14.58,--,21,30618,买盘
1585,10:49:39,14.58,--,11,16038,买盘
1586,10:49:36,14.58,--,24,34992,买盘
1587,10:49:27,14.58,--,260,379080,买盘
1588,10:49:12,14.58,--,7,10206,买盘
1589,10:49:09,14.58,0.01,1,1458,买盘
1590,10:49:03,14.57,--,30,43710,卖盘
1591,10:48:57,14.57,-0.01,20,29140,卖盘
1592,10:48:45,14.58,--,12,17496,买盘
1593,10:48:27,14.58,0.01,2,2916,买盘
1594,10:48:24,14.57,-0.01,5,7285,卖盘
1595,10:48:21,14.58,0.01,20,29160,买盘
1596,10:48:15,14.57,--,4,5828,卖盘
1597,10:48:12,14.57,-0.01,10,14570,卖盘
1598,10:48:09,14.58,0.01,4,5832,买盘
1599,10:48:03,14.57,-0.01,20,29140,卖盘
1600,10:47:45,14.58,0.01,5,7290,买盘
1601,10:47:39,14.57,0.01,5,7285,中性盘
1602,10:47:33,14.56,-0.01,52,75712,卖盘
1603,10:47:24,14.57,-0.01,3,4371,卖盘
1604,10:47:21,14.58,--,20,29160,买盘
1605,10:47:12,14.58,0.01,8,11664,买盘
1606,10:47:09,14.57,--,10,14570,买盘
1607,10:47:00,14.57,0.01,10,14570,中性盘
1608,10:46:48,14.56,-0.02,4,5824,卖盘
1609,10:46:45,14.58,0.02,4,5832,买盘
1610,10:46:33,14.56,-0.02,141,205296,卖盘
1611,10:46:21,14.58,--,12,17496,买盘
1612,10:46:12,14.58,0.02,4,5832,买盘
1613,10:45:57,14.56,-0.01,50,72800,卖盘
1614,10:45:54,14.57,--,2,2914,买盘
1615,10:45:48,14.57,--,42,61194,买盘
1616,10:45:45,14.57,--,21,30597,买盘
1617,10:45:42,14.57,--,10,14570,买盘
1618,10:45:39,14.57,0.01,16,23312,买盘
1619,10:45:36,14.56,--,10,14560,卖盘
1620,10:45:30,14.56,--,33,48048,卖盘
1621,10:45:27,14.56,-0.01,20,29120,卖盘
1622,10:45:21,14.57,--,41,59737,买盘
1623,10:45:09,14.57,0.02,23,33511,买盘
1624,10:44:51,14.55,-0.02,20,29100,卖盘
1625,10:44:45,14.57,0.02,2,2914,买盘
1626,10:44:33,14.55,-0.01,39,56745,卖盘
1627,10:44:27,14.56,0.01,72,104832,买盘
1628,10:44:24,14.55,-0.01,21,30555,卖盘
1629,10:44:21,14.56,0.01,10,14560,买盘
1630,10:44:18,14.55,-0.01,7,10185,卖盘
1631,10:44:15,14.56,0.01,50,72800,买盘
1632,10:44:09,14.55,--,21,30555,卖盘
1633,10:44:00,14.55,--,5,7275,卖盘
1634,10:43:57,14.55,-0.01,23,33465,卖盘
1635,10:43:54,14.56,--,1,1456,买盘
1636,10:43:51,14.56,--,22,32032,买盘
1637,10:43:48,14.56,0.01,1,1456,买盘
1638,10:43:42,14.55,--,2,2910,卖盘
1639,10:43:39,14.55,--,35,50925,卖盘
1640,10:43:33,14.55,-0.01,10,14550,卖盘
1641,10:43:27,14.56,0.01,1,1456,买盘
1642,10:43:24,14.55,-0.01,5,7275,卖盘
1643,10:43:21,14.56,--,18,26208,买盘
1644,10:43:15,14.56,0.01,3,4368,买盘
1645,10:43:09,14.55,-0.01,54,78570,卖盘
1646,10:42:42,14.56,-0.01,86,125216,卖盘
1647,10:42:27,14.57,0.01,10,14570,买盘
1648,10:42:24,14.56,-0.01,2,2912,卖盘
1649,10:42:21,14.57,--,50,72850,买盘
1650,10:42:12,14.57,-0.01,32,46624,卖盘
1651,10:42:06,14.58,0.01,25,36450,买盘
1652,10:41:51,14.57,--,10,14570,卖盘
1653,10:41:48,14.57,--,21,30597,卖盘
1654,10:41:45,14.57,--,2,2914,卖盘
1655,10:41:30,14.57,--,21,30597,卖盘
1656,10:41:27,14.57,--,6,8742,卖盘
1657,10:41:12,14.57,-0.01,23,33511,卖盘
1658,10:41:06,14.58,0.01,4,5832,买盘
1659,10:40:36,14.57,-0.01,5,7285,卖盘
1660,10:40:33,14.58,--,24,34992,买盘
1661,10:40:30,14.58,--,31,45198,买盘
1662,10:40:21,14.58,0.02,21,30618,买盘
1663,10:40:18,14.56,--,50,72800,卖盘
1664,10:40:12,14.56,--,68,99008,卖盘
1665,10:40:09,14.56,-0.01,28,40768,卖盘
1666,10:40:03,14.57,--,1,1457,买盘
1667,10:40:00,14.57,--,60,87420,卖盘
1668,10:39:42,14.57,-0.01,15,21855,卖盘
1669,10:39:24,14.58,0.01,20,29160,买盘
1670,10:39:21,14.57,-0.01,9,13113,卖盘
1671,10:39:18,14.58,--,9,13122,卖盘
1672,10:39:15,14.58,--,10,14580,卖盘
1673,10:39:03,14.58,--,20,29160,卖盘
1674,10:38:57,14.58,-0.01,19,27702,卖盘
1675,10:38:54,14.59,0.01,2,2918,买盘
1676,10:38:36,14.58,--,41,59778,卖盘
1677,10:38:33,14.58,--,71,103518,卖盘
1678,10:38:09,14.58,--,3,4374,卖盘
1679,10:38:00,14.58,-0.01,32,46656,卖盘
1680,10:37:57,14.59,--,2,2918,买盘
1681,10:37:51,14.59,--,12,17508,买盘
1682,10:37:48,14.59,--,20,29180,买盘
1683,10:37:45,14.59,--,1,1459,买盘
1684,10:37:39,14.59,0.01,21,30639,买盘
1685,10:37:33,14.58,-0.01,2,2916,卖盘
1686,10:37:24,14.59,--,28,40852,买盘
1687,10:37:21,14.59,--,10,14590,买盘
1688,10:37:18,14.59,--,8,11672,买盘
1689,10:37:15,14.59,-0.01,61,88999,卖盘
1690,10:37:12,14.6,--,5,7300,卖盘
1691,10:37:09,14.6,0.01,6,8760,买盘
1692,10:37:06,14.59,-0.01,30,43770,卖盘
1693,10:37:03,14.6,--,7,10220,买盘
1694,10:37:00,14.6,--,5,7300,买盘
1695,10:36:54,14.6,--,5,7300,买盘
1696,10:36:51,14.6,0.01,30,43800,买盘
1697,10:36:48,14.59,--,14,20426,卖盘
1698,10:36:45,14.59,-0.01,22,32098,卖盘
1699,10:36:42,14.6,0.01,5,7300,买盘
1700,10:36:39,14.59,--,21,30639,卖盘
1701,10:36:36,14.59,--,21,30639,卖盘
1702,10:36:24,14.59,-0.01,7,10213,卖盘
1703,10:36:21,14.6,--,5,7300,买盘
1704,10:36:09,14.6,0.01,10,14600,买盘
1705,10:35:51,14.59,--,9,13131,买盘
1706,10:35:42,14.59,-0.01,12,17508,买盘
1707,10:35:36,14.6,--,21,30660,买盘
1708,10:35:21,14.6,--,2,2920,买盘
1709,10:35:18,14.6,--,3,4380,买盘
1710,10:35:06,14.6,0.02,2,2920,买盘
1711,10:35:03,14.58,--,18,26244,卖盘
1712,10:34:57,14.58,--,21,30618,卖盘
1713,10:34:54,14.58,-0.02,21,30618,卖盘
1714,10:34:51,14.6,0.01,6,8760,买盘
1715,10:34:45,14.59,--,10,14590,卖盘
1716,10:34:42,14.59,--,20,29180,卖盘
1717,10:34:30,14.59,--,9,13131,卖盘
1718,10:34:27,14.59,-0.01,10,14590,卖盘
1719,10:34:24,14.6,0.01,49,71540,买盘
1720,10:34:03,14.59,0.01,5,7295,卖盘
1721,10:33:51,14.58,-0.01,30,43740,卖盘
1722,10:33:27,14.59,-0.01,10,14590,中性盘
1723,10:33:21,14.6,0.02,12,17520,买盘
1724,10:33:15,14.58,-0.02,7,10206,卖盘
1725,10:33:09,14.6,--,14,20440,买盘
1726,10:33:00,14.6,0.02,15,21900,中性盘
1727,10:32:54,14.58,-0.02,500,729000,卖盘
1728,10:32:42,14.6,--,11,16060,卖盘
1729,10:32:36,14.6,-0.01,2,2920,卖盘
1730,10:32:33,14.61,0.01,7,10227,买盘
1731,10:32:27,14.6,--,1,1460,卖盘
1732,10:32:24,14.6,--,30,43800,卖盘
1733,10:32:21,14.6,--,10,14600,卖盘
1734,10:32:18,14.6,--,10,14600,卖盘
1735,10:32:15,14.6,-0.01,10,14600,卖盘
1736,10:32:09,14.61,0.01,38,55518,买盘
1737,10:32:03,14.6,-0.01,5,7300,卖盘
1738,10:32:00,14.61,--,1,1461,买盘
1739,10:31:54,14.61,--,14,20454,买盘
1740,10:31:51,14.61,--,12,17532,买盘
1741,10:31:42,14.61,--,10,14610,买盘
1742,10:31:33,14.61,0.01,3,4383,买盘
1743,10:31:24,14.6,-0.01,21,30660,卖盘
1744,10:31:12,14.61,--,2,2922,买盘
1745,10:31:09,14.61,--,54,78894,买盘
1746,10:31:00,14.61,--,20,29220,卖盘
1747,10:30:51,14.61,-0.02,16,23376,卖盘
1748,10:30:45,14.63,0.02,8,11704,买盘
1749,10:30:42,14.61,-0.02,2,2922,卖盘
1750,10:30:39,14.63,--,7,10241,买盘
1751,10:30:33,14.63,0.01,19,27797,买盘
1752,10:30:27,14.62,-0.01,20,29240,卖盘
1753,10:30:24,14.63,--,10,14630,买盘
1754,10:30:18,14.63,--,6,8778,卖盘
1755,10:30:15,14.63,--,15,21945,卖盘
1756,10:30:09,14.63,--,38,55594,卖盘
1757,10:30:06,14.63,-0.01,50,73150,卖盘
1758,10:30:03,14.64,0.01,13,19032,买盘
1759,10:30:00,14.63,--,25,36575,卖盘
1760,10:29:57,14.63,--,10,14630,卖盘
1761,10:29:54,14.63,-0.01,4,5852,卖盘
1762,10:29:51,14.64,0.01,6,8784,买盘
1763,10:29:48,14.63,--,10,14630,卖盘
1764,10:29:45,14.63,--,12,17556,卖盘
1765,10:29:36,14.63,--,10,14630,卖盘
1766,10:29:30,14.63,-0.01,3,4389,卖盘
1767,10:29:27,14.64,--,56,81984,买盘
1768,10:29:24,14.64,--,110,161040,买盘
1769,10:29:21,14.64,--,2,2928,买盘
1770,10:29:18,14.64,--,2,2928,买盘
1771,10:29:12,14.64,0.01,7,10248,买盘
1772,10:29:09,14.63,--,1,1463,卖盘
1773,10:29:06,14.63,0.01,33,48279,买盘
1774,10:29:03,14.62,-0.01,88,128656,卖盘
1775,10:29:00,14.63,--,7,10241,买盘
1776,10:28:57,14.63,--,2,2926,买盘
1777,10:28:54,14.63,--,17,24871,买盘
1778,10:28:51,14.63,--,226,330638,买盘
1779,10:28:48,14.63,--,8,11704,买盘
1780,10:28:45,14.63,0.01,12,17556,买盘
1781,10:28:42,14.62,-0.01,11,16082,卖盘
1782,10:28:33,14.63,--,20,29260,买盘
1783,10:28:30,14.63,--,91,133133,买盘
1784,10:28:24,14.63,0.01,50,73150,买盘
1785,10:28:15,14.62,0.01,216,315792,买盘
1786,10:28:09,14.61,--,45,65745,买盘
1787,10:28:06,14.61,--,30,43830,买盘
1788,10:28:03,14.61,--,4,5844,买盘
1789,10:27:54,14.61,--,10,14610,买盘
1790,10:27:51,14.61,--,12,17532,买盘
1791,10:27:48,14.61,0.01,29,42369,买盘
1792,10:27:45,14.6,--,36,52560,卖盘
1793,10:27:42,14.6,-0.01,2,2920,卖盘
1794,10:27:39,14.61,--,5,7305,买盘
1795,10:27:33,14.61,--,8,11688,买盘
1796,10:27:30,14.61,--,25,36525,买盘
1797,10:27:27,14.61,0.01,21,30681,买盘
1798,10:27:21,14.6,--,48,70080,买盘
1799,10:27:15,14.6,--,21,30660,买盘
1800,10:27:12,14.6,--,53,77380,买盘
1801,10:27:09,14.6,--,34,49640,买盘
1802,10:27:03,14.6,--,21,30660,买盘
1803,10:27:00,14.6,0.02,80,116800,买盘
1804,10:26:57,14.58,--,172,250776,买盘
1805,10:26:54,14.58,--,221,322218,买盘
1806,10:26:51,14.58,--,42,61236,买盘
1807,10:26:48,14.58,0.01,21,30618,买盘
1808,10:26:42,14.57,-0.01,20,29140,中性盘
1809,10:26:39,14.58,0.01,21,30618,买盘
1810,10:26:36,14.57,--,8,11656,买盘
1811,10:26:33,14.57,-0.01,21,30597,买盘
1812,10:26:24,14.58,0.02,35,51030,买盘
1813,10:26:21,14.56,--,30,43680,卖盘
1814,10:26:15,14.56,-0.02,1,1456,卖盘
1815,10:26:09,14.58,0.02,427,622566,买盘
1816,10:26:03,14.56,-0.01,16,23296,卖盘
1817,10:25:51,14.57,--,12,17484,买盘
1818,10:25:45,14.57,0.01,5,7285,买盘
1819,10:25:39,14.56,-0.01,1,1456,卖盘
1820,10:25:36,14.57,0.01,9,13113,买盘
1821,10:25:33,14.56,-0.01,20,29120,卖盘
1822,10:25:30,14.57,0.01,7,10199,买盘
1823,10:25:15,14.56,--,10,14560,卖盘
1824,10:25:09,14.56,--,16,23296,卖盘
1825,10:25:03,14.56,--,8,11648,买盘
1826,10:24:51,14.56,--,12,17472,买盘
1827,10:24:48,14.56,--,23,33488,买盘
1828,10:24:45,14.56,0.01,13,18928,买盘
1829,10:24:21,14.55,-0.01,14,20370,卖盘
1830,10:24:09,14.56,0.01,42,61152,买盘
1831,10:24:06,14.55,-0.01,3,4365,卖盘
1832,10:23:54,14.56,0.01,7,10192,买盘
1833,10:23:48,14.55,--,240,349200,买盘
1834,10:23:45,14.55,--,4,5820,买盘
1835,10:23:39,14.55,-0.02,56,81480,卖盘
1836,10:23:30,14.57,--,11,16027,买盘
1837,10:23:21,14.57,--,28,40796,买盘
1838,10:23:18,14.57,--,27,39339,买盘
1839,10:23:12,14.57,--,1,1457,买盘
1840,10:23:09,14.57,--,42,61194,买盘
1841,10:22:57,14.57,--,7,10199,买盘
1842,10:22:51,14.57,--,42,61194,买盘
1843,10:22:36,14.57,0.02,20,29140,买盘
1844,10:22:33,14.55,-0.01,42,61110,卖盘
1845,10:22:30,14.56,-0.01,7,10192,中性盘
1846,10:22:09,14.57,--,15,21855,买盘
1847,10:22:03,14.57,0.02,1,1457,买盘
1848,10:21:48,14.55,0.01,20,29100,中性盘
1849,10:21:45,14.54,--,5,7270,卖盘
1850,10:21:42,14.54,--,7,10178,卖盘
1851,10:21:21,14.54,--,21,30534,卖盘
1852,10:21:18,14.54,-0.01,8,11632,卖盘
1853,10:21:15,14.55,-0.02,5,7275,卖盘
1854,10:21:12,14.57,0.02,7,10199,买盘
1855,10:21:09,14.55,--,30,43650,卖盘
1856,10:21:00,14.55,-0.02,7,10185,卖盘
1857,10:20:57,14.57,0.02,20,29140,买盘
1858,10:20:51,14.55,-0.02,10,14550,卖盘
1859,10:20:39,14.57,0.01,28,40796,买盘
1860,10:20:30,14.56,--,33,48048,买盘
1861,10:20:15,14.56,0.01,29,42224,买盘
1862,10:20:12,14.55,0.01,23,33465,买盘
1863,10:20:09,14.54,-0.01,42,61068,卖盘
1864,10:20:06,14.55,0.01,17,24735,买盘
1865,10:20:03,14.54,--,21,30534,卖盘
1866,10:20:00,14.54,--,21,30534,卖盘
1867,10:19:54,14.54,-0.01,51,74154,卖盘
1868,10:19:45,14.55,--,26,37830,买盘
1869,10:19:42,14.55,--,30,43650,买盘
1870,10:19:39,14.55,-0.01,72,104760,卖盘
1871,10:19:33,14.56,--,20,29120,买盘
1872,10:19:30,14.56,0.01,3,4368,中性盘
1873,10:19:27,14.55,-0.01,42,61110,卖盘
1874,10:19:21,14.56,--,9,13104,买盘
1875,10:19:06,14.56,--,3,4368,买盘
1876,10:19:03,14.56,0.01,8,11648,买盘
1877,10:18:51,14.55,--,30,43650,买盘
1878,10:18:39,14.55,--,31,45105,买盘
1879,10:18:36,14.55,--,1,1455,买盘
1880,10:18:33,14.55,-0.01,206,299730,卖盘
1881,10:18:27,14.56,--,4,5824,买盘
1882,10:18:24,14.56,--,259,377104,卖盘
1883,10:18:15,14.56,-0.02,19,27664,卖盘
1884,10:18:03,14.58,0.01,2,2916,买盘
1885,10:18:00,14.57,--,5,7285,买盘
1886,10:17:57,14.57,0.01,2,2914,中性盘
1887,10:17:36,14.56,-0.01,39,56784,卖盘
1888,10:17:33,14.57,--,2,2914,买盘
1889,10:17:30,14.57,-0.01,41,59737,中性盘
1890,10:17:21,14.58,0.02,21,30618,买盘
1891,10:17:15,14.56,-0.02,56,81536,卖盘
1892,10:17:12,14.58,0.01,59,86022,买盘
1893,10:17:09,14.57,--,43,62651,买盘
1894,10:16:51,14.57,--,6,8742,买盘
1895,10:16:42,14.57,--,5,7285,买盘
1896,10:16:24,14.57,--,1,1457,买盘
1897,10:16:21,14.57,0.01,30,43710,买盘
1898,10:16:15,14.56,-0.01,5,7280,卖盘
1899,10:15:42,14.57,--,1,1457,买盘
1900,10:15:33,14.57,0.01,110,160270,买盘
1901,10:15:21,14.56,0.01,7,10192,买盘
1902,10:15:18,14.55,-0.01,5,7275,卖盘
1903,10:15:09,14.56,--,16,23296,买盘
1904,10:15:03,14.56,-0.01,16,23296,卖盘
1905,10:14:42,14.57,0.01,7,10199,买盘
1906,10:14:33,14.56,--,3,4368,买盘
1907,10:14:18,14.56,-0.01,31,45136,卖盘
1908,10:14:12,14.57,--,10,14570,卖盘
1909,10:14:09,14.57,0.01,47,68479,买盘
1910,10:14:06,14.56,--,48,69888,卖盘
1911,10:14:00,14.56,-0.01,3,4368,卖盘
1912,10:13:51,14.57,0.01,3,4371,买盘
1913,10:13:27,14.56,--,49,71344,买盘
1914,10:13:24,14.56,--,11,16016,买盘
1915,10:13:18,14.56,0.02,110,160160,买盘
1916,10:13:15,14.54,--,5,7270,卖盘
1917,10:13:03,14.54,--,21,30534,卖盘
1918,10:12:54,14.54,--,5,7270,卖盘
1919,10:12:51,14.54,--,42,61068,卖盘
1920,10:12:48,14.54,--,21,30534,卖盘
1921,10:12:45,14.54,0.01,1,1454,买盘
1922,10:12:39,14.53,-0.01,45,65385,卖盘
1923,10:12:36,14.54,0.01,29,42166,买盘
1924,10:12:33,14.53,-0.01,6,8718,卖盘
1925,10:12:27,14.54,-0.01,326,474004,卖盘
1926,10:12:24,14.55,-0.01,83,120765,卖盘
1927,10:12:21,14.56,--,46,66976,卖盘
1928,10:12:18,14.56,-0.02,44,64064,卖盘
1929,10:12:15,14.58,0.02,18,26244,买盘
1930,10:12:12,14.56,--,3,4368,卖盘
1931,10:12:00,14.56,-0.02,30,43680,卖盘
1932,10:11:57,14.58,0.01,2,2916,买盘
1933,10:11:54,14.57,-0.01,31,45167,卖盘
1934,10:11:51,14.58,0.01,5,7290,买盘
1935,10:11:45,14.57,--,32,46624,卖盘
1936,10:11:42,14.57,--,42,61194,卖盘
1937,10:11:39,14.57,--,127,185039,卖盘
1938,10:11:36,14.57,--,51,74307,卖盘
1939,10:11:33,14.57,-0.01,21,30597,卖盘
1940,10:11:30,14.58,--,8,11664,卖盘
1941,10:11:15,14.58,--,92,134136,买盘
1942,10:11:09,14.58,--,30,43740,买盘
1943,10:10:57,14.58,--,1,1458,买盘
1944,10:10:54,14.58,-0.01,158,230364,卖盘
1945,10:10:51,14.59,--,20,29180,买盘
1946,10:10:45,14.59,--,37,53983,买盘
1947,10:10:42,14.59,--,19,27721,买盘
1948,10:10:36,14.59,--,24,35016,买盘
1949,10:10:03,14.59,--,21,30639,买盘
1950,10:10:00,14.59,--,50,72950,买盘
1951,10:09:51,14.59,-0.01,7,10213,中性盘
1952,10:09:45,14.6,--,10,14600,买盘
1953,10:09:39,14.6,--,30,43800,买盘
1954,10:09:33,14.6,--,21,30660,买盘
1955,10:09:30,14.6,0.02,100,146000,买盘
1956,10:09:27,14.58,-0.02,127,185166,卖盘
1957,10:09:24,14.6,0.01,6,8760,买盘
1958,10:09:18,14.59,--,2,2918,买盘
1959,10:09:06,14.59,0.01,42,61278,买盘
1960,10:09:03,14.58,--,3,4374,卖盘
1961,10:08:54,14.58,--,52,75816,卖盘
1962,10:08:51,14.58,--,146,212868,买盘
1963,10:08:33,14.58,--,3,4374,买盘
1964,10:08:27,14.58,--,42,61236,买盘
1965,10:08:12,14.58,0.03,42,61236,买盘
1966,10:08:09,14.55,-0.02,21,30555,卖盘
1967,10:07:57,14.57,--,3,4371,买盘
1968,10:07:54,14.57,--,70,101990,买盘
1969,10:07:48,14.57,--,14,20398,买盘
1970,10:07:45,14.57,-0.01,18,26226,卖盘
1971,10:07:42,14.58,0.01,42,61236,买盘
1972,10:07:39,14.57,--,7,10199,买盘
1973,10:07:36,14.57,0.02,55,80135,买盘
1974,10:07:33,14.55,-0.03,21,30555,卖盘
1975,10:07:27,14.58,0.01,42,61236,买盘
1976,10:07:24,14.57,0.02,25,36425,买盘
1977,10:07:18,14.55,--,30,43650,卖盘
1978,10:07:12,14.55,-0.02,70,101850,卖盘
1979,10:07:09,14.57,0.01,9,13113,买盘
1980,10:07:06,14.56,-0.01,21,30576,买盘
1981,10:07:03,14.57,--,42,61194,买盘
1982,10:07:00,14.57,0.01,100,145700,买盘
1983,10:06:51,14.56,-0.01,2,2912,卖盘
1984,10:06:48,14.57,0.01,42,61194,买盘
1985,10:06:45,14.56,--,17,24752,卖盘
1986,10:06:42,14.56,--,3,4368,卖盘
1987,10:06:36,14.56,--,7,10192,卖盘
1988,10:06:33,14.56,--,1,1456,卖盘
1989,10:06:30,14.56,--,43,62608,卖盘
1990,10:06:27,14.56,-0.01,1,1456,卖盘
1991,10:06:21,14.57,0.01,42,61194,买盘
1992,10:06:18,14.56,--,10,14560,卖盘
1993,10:06:15,14.56,--,1,1456,卖盘
1994,10:06:09,14.56,--,300,436800,卖盘
1995,10:06:00,14.56,--,20,29120,卖盘
1996,10:05:54,14.56,--,49,71344,卖盘
1997,10:05:51,14.56,--,11,16016,卖盘
1998,10:05:48,14.56,-0.01,21,30576,卖盘
1999,10:05:45,14.57,0.01,7,10199,买盘
2000,10:05:36,14.56,--,5,7280,卖盘
2001,10:05:30,14.56,--,10,14560,卖盘
2002,10:05:27,14.56,--,13,18928,买盘
2003,10:05:24,14.56,--,54,78624,卖盘
2004,10:05:18,14.56,--,18,26208,买盘
2005,10:05:15,14.56,-0.01,17,24752,卖盘
2006,10:05:06,14.57,--,67,97619,买盘
2007,10:05:03,14.57,--,6,8742,买盘
2008,10:04:51,14.57,--,255,371535,卖盘
2009,10:04:39,14.57,--,54,78678,买盘
2010,10:04:24,14.57,--,9,13113,买盘
2011,10:04:21,14.57,0.01,7,10199,买盘
2012,10:04:18,14.56,-0.01,1,1456,卖盘
2013,10:04:15,14.57,--,51,74307,买盘
2014,10:04:06,14.57,--,11,16027,卖盘
2015,10:04:03,14.57,--,4,5828,卖盘
2016,10:04:00,14.57,-0.01,1,1457,中性盘
2017,10:03:45,14.58,0.01,28,40824,买盘
2018,10:03:42,14.57,--,6,8742,买盘
2019,10:03:39,14.57,--,121,176297,卖盘
2020,10:03:36,14.57,--,10,14570,卖盘
2021,10:03:30,14.57,--,62,90334,卖盘
2022,10:03:24,14.57,--,54,78678,买盘
2023,10:03:21,14.57,0.02,21,30597,买盘
2024,10:03:09,14.55,-0.02,5,7275,卖盘
2025,10:03:03,14.57,0.02,18,26226,买盘
2026,10:02:57,14.55,-0.02,21,30555,卖盘
2027,10:02:45,14.57,0.01,15,21855,买盘
2028,10:02:42,14.56,--,50,72800,买盘
2029,10:02:39,14.56,--,21,30576,买盘
2030,10:02:36,14.56,--,8,11648,买盘
2031,10:02:33,14.56,0.01,85,123760,买盘
2032,10:02:30,14.55,--,29,42195,卖盘
2033,10:02:27,14.55,0.01,81,117855,中性盘
2034,10:02:24,14.54,-0.01,195,283530,卖盘
2035,10:02:15,14.55,-0.01,20,29100,卖盘
2036,10:02:12,14.56,0.01,7,10192,买盘
2037,10:02:06,14.55,--,170,247350,买盘
2038,10:02:03,14.55,--,30,43650,买盘
2039,10:01:57,14.55,--,50,72750,买盘
2040,10:01:48,14.55,--,100,145500,买盘
2041,10:01:45,14.55,--,13,18915,买盘
2042,10:01:36,14.55,--,3,4365,买盘
2043,10:01:33,14.55,0.02,21,30555,买盘
2044,10:01:18,14.53,-0.01,21,30513,卖盘
2045,10:01:15,14.54,--,15,21810,买盘
2046,10:01:12,14.54,0.01,78,113412,买盘
2047,10:01:06,14.53,-0.01,4,5812,卖盘
2048,10:01:03,14.54,0.01,25,36350,买盘
2049,10:01:00,14.53,-0.01,23,33419,卖盘
2050,10:00:54,14.54,0.01,21,30534,买盘
2051,10:00:48,14.53,-0.01,3,4359,卖盘
2052,10:00:45,14.54,0.01,114,165756,买盘
2053,10:00:42,14.53,--,57,82821,卖盘
2054,10:00:33,14.53,--,90,130770,买盘
2055,10:00:21,14.53,--,5,7265,卖盘
2056,10:00:15,14.53,--,5,7265,卖盘
2057,10:00:12,14.53,-0.01,12,17436,卖盘
2058,10:00:06,14.54,0.02,10,14540,买盘
2059,10:00:03,14.52,--,6,8712,卖盘
2060,10:00:00,14.52,--,15,21780,卖盘
2061,09:59:51,14.52,-0.01,146,211992,卖盘
2062,09:59:48,14.53,--,72,104616,买盘
2063,09:59:45,14.53,--,1,1453,买盘
2064,09:59:39,14.53,--,42,61026,卖盘
2065,09:59:36,14.53,-0.01,1,1453,卖盘
2066,09:59:27,14.54,0.01,3,4362,买盘
2067,09:59:21,14.53,--,22,31966,买盘
2068,09:59:18,14.53,--,13,18889,买盘
2069,09:59:15,14.53,0.01,7,10171,买盘
2070,09:59:12,14.52,-0.01,1,1452,卖盘
2071,09:59:06,14.53,0.01,8,11624,买盘
2072,09:59:00,14.52,--,5,7260,卖盘
2073,09:58:54,14.52,--,16,23856,买盘
2074,09:58:51,14.52,--,13,18876,买盘
2075,09:58:45,14.52,--,15,21780,买盘
2076,09:58:42,14.52,--,17,24684,买盘
2077,09:58:39,14.52,--,10,14520,买盘
2078,09:58:27,14.52,--,78,114083,卖盘
2079,09:58:24,14.52,--,7,10164,卖盘
2080,09:58:09,14.52,--,12,18048,买盘
2081,09:58:06,14.52,--,50,72600,买盘
2082,09:58:03,14.52,0.01,15,21780,买盘
2083,09:57:57,14.51,--,10,14510,卖盘
2084,09:57:54,14.51,-0.01,31,44981,卖盘
2085,09:57:51,14.52,0.02,5,7260,买盘
2086,09:57:42,14.5,-0.01,94,136300,卖盘
2087,09:57:39,14.51,-0.01,2,2902,卖盘
2088,09:57:36,14.52,0.01,3,4356,买盘
2089,09:57:24,14.51,--,32,46432,卖盘
2090,09:57:15,14.51,--,181,262631,卖盘
2091,09:57:12,14.51,--,7,10157,卖盘
2092,09:57:06,14.51,-0.01,59,85609,卖盘
2093,09:57:03,14.52,0.01,60,87120,买盘
2094,09:57:00,14.51,-0.01,6,8706,卖盘
2095,09:56:51,14.52,--,18,26963,卖盘
2096,09:56:48,14.52,--,103,149556,卖盘
2097,09:56:42,14.52,--,3,4356,卖盘
2098,09:56:39,14.52,--,9,13692,卖盘
2099,09:56:36,14.52,-0.01,122,177144,卖盘
2100,09:56:33,14.53,0.01,67,97351,买盘
2101,09:56:27,14.52,-0.01,41,59532,卖盘
2102,09:56:21,14.53,--,1,1453,买盘
2103,09:56:12,14.53,--,5,7265,买盘
2104,09:56:09,14.53,0.01,20,29060,买盘
2105,09:56:03,14.52,-0.01,21,30492,卖盘
2106,09:56:00,14.53,--,65,95273,卖盘
2107,09:55:57,14.53,--,30,43590,卖盘
2108,09:55:54,14.53,--,248,360968,卖盘
2109,09:55:48,14.53,--,3,4359,卖盘
2110,09:55:45,14.53,--,5,7265,卖盘
2111,09:55:39,14.53,-0.01,1,1453,卖盘
2112,09:55:30,14.54,--,2,2908,卖盘
2113,09:55:27,14.54,--,11,15993,卖盘
2114,09:55:21,14.54,--,8,11632,买盘
2115,09:55:18,14.54,-0.01,22,31987,卖盘
2116,09:55:15,14.55,0.01,13,18915,买盘
2117,09:55:03,14.54,-0.01,46,66884,卖盘
2118,09:55:00,14.55,0.01,12,17460,买盘
2119,09:54:54,14.54,-0.01,5,7270,卖盘
2120,09:54:45,14.55,--,126,183330,卖盘
2121,09:54:42,14.55,--,9,13095,卖盘
2122,09:54:36,14.55,--,2,2910,卖盘
2123,09:54:21,14.55,-0.01,29,42195,卖盘
2124,09:54:15,14.56,0.01,5,7280,买盘
2125,09:54:09,14.55,--,6,8730,卖盘
2126,09:54:06,14.55,--,34,49470,卖盘
2127,09:54:03,14.55,-0.01,13,18915,卖盘
2128,09:54:00,14.56,--,5,7280,买盘
2129,09:53:54,14.56,0.01,20,29120,买盘
2130,09:53:51,14.55,-0.01,1,1455,卖盘
2131,09:53:39,14.56,0.01,25,36400,买盘
2132,09:53:36,14.55,--,9,13095,卖盘
2133,09:53:24,14.55,--,13,18915,卖盘
2134,09:53:21,14.55,--,1,1455,卖盘
2135,09:53:12,14.55,--,9,13095,卖盘
2136,09:53:03,14.55,--,13,18915,卖盘
2137,09:53:00,14.55,--,5,7275,卖盘
2138,09:52:57,14.55,--,21,30555,卖盘
2139,09:52:54,14.55,--,53,77115,买盘
2140,09:52:51,14.55,--,16,23280,买盘
2141,09:52:48,14.55,0.01,10,14550,买盘
2142,09:52:45,14.54,-0.01,27,39258,卖盘
2143,09:52:39,14.55,--,3,4365,买盘
2144,09:52:33,14.55,--,21,30555,买盘
2145,09:52:27,14.55,0.01,1,1455,买盘
2146,09:52:24,14.54,--,5,7270,卖盘
2147,09:52:12,14.54,--,32,46528,买盘
2148,09:52:09,14.54,--,33,47982,买盘
2149,09:52:03,14.54,--,3,4362,买盘
2150,09:52:00,14.54,--,3,4362,卖盘
2151,09:51:57,14.54,-0.01,180,261719,卖盘
2152,09:51:54,14.55,0.01,11,16005,买盘
2153,09:51:48,14.54,-0.01,1,1454,卖盘
2154,09:51:42,14.55,--,2,2910,买盘
2155,09:51:39,14.55,0.01,10,14550,买盘
2156,09:51:36,14.54,--,3,4362,卖盘
2157,09:51:15,14.54,-0.01,2,2908,卖盘
2158,09:51:12,14.55,0.01,7,10185,买盘
2159,09:51:03,14.54,--,51,74154,卖盘
2160,09:50:54,14.54,-0.01,10,14540,卖盘
2161,09:50:39,14.55,--,15,21825,买盘
2162,09:50:27,14.55,--,4,5820,卖盘
2163,09:50:18,14.55,--,45,65475,卖盘
2164,09:50:15,14.55,--,5,7275,卖盘
2165,09:50:09,14.55,--,18,26190,卖盘
2166,09:50:03,14.55,--,10,14550,卖盘
2167,09:49:51,14.55,--,90,130950,卖盘
2168,09:49:48,14.55,-0.01,21,30555,卖盘
2169,09:49:42,14.56,--,8,11648,买盘
2170,09:49:33,14.56,--,72,104832,卖盘
2171,09:49:18,14.56,--,10,14560,卖盘
2172,09:49:15,14.56,-0.01,161,234416,卖盘
2173,09:49:12,14.57,--,24,34968,买盘
2174,09:49:09,14.57,--,10,14570,买盘
2175,09:49:06,14.57,0.01,10,14570,买盘
2176,09:49:00,14.56,--,26,37856,卖盘
2177,09:48:57,14.56,--,3,4368,卖盘
2178,09:48:51,14.56,--,21,30576,卖盘
2179,09:48:48,14.56,--,5,7280,卖盘
2180,09:48:42,14.56,--,21,30576,卖盘
2181,09:48:27,14.56,-0.02,10,14560,卖盘
2182,09:48:24,14.58,0.01,19,27702,买盘
2183,09:48:15,14.57,-0.01,1,1457,中性盘
2184,09:48:12,14.58,--,5,7290,买盘
2185,09:48:09,14.58,--,8,11664,买盘
2186,09:48:06,14.58,0.02,31,45198,买盘
2187,09:48:03,14.56,-0.02,5,7280,卖盘
2188,09:48:00,14.58,0.01,74,107892,买盘
2189,09:47:51,14.57,0.01,24,34968,买盘
2190,09:47:48,14.56,--,10,14560,卖盘
2191,09:47:30,14.56,--,6,8736,卖盘
2192,09:47:27,14.56,-0.01,10,14560,卖盘
2193,09:47:24,14.57,--,2,2914,买盘
2194,09:47:21,14.57,0.01,8,11656,买盘
2195,09:47:18,14.56,--,21,30576,卖盘
2196,09:47:12,14.56,-0.01,47,68432,卖盘
2197,09:47:09,14.57,0.02,5,7285,买盘
2198,09:47:03,14.55,--,12,17460,卖盘
2199,09:46:51,14.55,--,41,59655,买盘
2200,09:46:48,14.55,0.01,60,87300,买盘
2201,09:46:45,14.54,-0.01,3,4362,卖盘
2202,09:46:42,14.55,--,10,14550,买盘
2203,09:46:36,14.55,--,8,11640,买盘
2204,09:46:30,14.55,-0.04,881,1281855,卖盘
2205,09:46:27,14.59,0.02,5,7295,买盘
2206,09:46:12,14.57,-0.02,50,72850,卖盘
2207,09:46:09,14.59,0.01,58,84622,买盘
2208,09:46:00,14.58,0.01,1,1458,买盘
2209,09:45:54,14.57,--,10,14570,卖盘
2210,09:45:51,14.57,--,29,42253,卖盘
2211,09:45:45,14.57,--,35,50995,买盘
2212,09:45:39,14.57,--,12,17484,买盘
2213,09:45:33,14.57,-0.01,13,18941,卖盘
2214,09:45:30,14.58,--,60,87480,买盘
2215,09:45:21,14.58,--,30,43740,买盘
2216,09:45:15,14.58,0.01,22,32076,买盘
2217,09:45:12,14.57,--,10,14570,卖盘
2218,09:45:09,14.57,--,18,26226,卖盘
2219,09:45:06,14.57,-0.01,10,14570,卖盘
2220,09:45:03,14.58,--,15,21870,买盘
2221,09:45:00,14.58,0.01,20,29160,买盘
2222,09:44:57,14.57,-0.01,4,5828,卖盘
2223,09:44:51,14.58,0.01,2,2916,买盘
2224,09:44:39,14.57,--,31,45167,卖盘
2225,09:44:33,14.57,--,10,14570,卖盘
2226,09:44:30,14.57,--,14,20398,卖盘
2227,09:44:27,14.57,0.01,23,33511,买盘
2228,09:44:21,14.56,-0.01,20,29120,卖盘
2229,09:44:18,14.57,--,2,2914,买盘
2230,09:44:09,14.57,--,3,4371,买盘
2231,09:44:03,14.57,--,3,4371,买盘
2232,09:44:00,14.57,--,11,16027,买盘
2233,09:43:57,14.57,--,5,7285,买盘
2234,09:43:45,14.57,--,11,16027,买盘
2235,09:43:42,14.57,0.01,23,33511,买盘
2236,09:43:39,14.56,--,21,30576,卖盘
2237,09:43:36,14.56,--,1,1456,买盘
2238,09:43:33,14.56,--,1,1456,卖盘
2239,09:43:27,14.56,-0.02,1,1456,卖盘
2240,09:43:24,14.58,0.02,1,1458,买盘
2241,09:43:21,14.56,0.01,1,1456,买盘
2242,09:43:15,14.55,--,40,58200,卖盘
2243,09:43:12,14.55,-0.02,34,49470,卖盘
2244,09:43:09,14.57,-0.01,3,4371,卖盘
2245,09:43:06,14.58,0.01,1,1458,买盘
2246,09:43:03,14.57,0.01,9,13113,中性盘
2247,09:42:54,14.56,-0.02,7,10192,中性盘
2248,09:42:45,14.58,0.03,19,27702,买盘
2249,09:42:42,14.55,-0.03,10,14550,卖盘
2250,09:42:39,14.58,--,3,4374,买盘
2251,09:42:30,14.58,0.03,21,30618,买盘
2252,09:42:24,14.55,--,17,24735,卖盘
2253,09:42:18,14.55,-0.03,3,4365,卖盘
2254,09:42:12,14.58,0.03,2,2916,买盘
2255,09:42:00,14.55,--,105,152775,买盘
2256,09:41:57,14.55,0.02,12,17460,买盘
2257,09:41:54,14.53,-0.01,10,14530,卖盘
2258,09:41:51,14.54,0.01,40,58160,买盘
2259,09:41:48,14.53,-0.01,80,116240,卖盘
2260,09:41:45,14.54,--,200,290800,买盘
2261,09:41:42,14.54,0.01,4,5816,买盘
2262,09:41:36,14.53,--,2,2906,卖盘
2263,09:41:24,14.53,0.01,158,229574,买盘
2264,09:41:18,14.52,-0.01,50,72600,卖盘
2265,09:41:15,14.53,--,4,5812,买盘
2266,09:41:00,14.53,-0.01,58,84274,卖盘
2267,09:40:57,14.54,0.01,37,53798,卖盘
2268,09:40:54,14.53,-0.01,20,29060,卖盘
2269,09:40:51,14.54,--,12,17448,买盘
2270,09:40:48,14.54,0.02,20,29080,买盘
2271,09:40:42,14.52,-0.02,51,74052,卖盘
2272,09:40:39,14.54,0.01,1,1454,买盘
2273,09:40:36,14.53,0.01,24,34872,中性盘
2274,09:40:33,14.52,-0.02,55,79860,卖盘
2275,09:40:30,14.54,0.02,20,29080,买盘
2276,09:40:27,14.52,0.01,10,14520,中性盘
2277,09:40:18,14.51,-0.02,73,105923,卖盘
2278,09:40:15,14.53,-0.01,68,98804,中性盘
2279,09:40:12,14.54,0.01,10,14540,买盘
2280,09:40:09,14.53,0.02,19,27607,买盘
2281,09:40:06,14.51,-0.01,260,377260,卖盘
2282,09:40:00,14.52,--,1,1452,卖盘
2283,09:39:57,14.52,--,16,23232,卖盘
2284,09:39:54,14.52,--,106,153912,卖盘
2285,09:39:48,14.52,--,11,15972,卖盘
2286,09:39:45,14.52,--,14,20328,卖盘
2287,09:39:42,14.52,-0.01,8,11616,卖盘
2288,09:39:39,14.53,--,43,62479,买盘
2289,09:39:36,14.53,0.01,23,33419,买盘
2290,09:39:33,14.52,--,25,36300,卖盘
2291,09:39:27,14.52,-0.01,31,45012,卖盘
2292,09:39:24,14.53,--,2,2906,买盘
2293,09:39:21,14.53,--,13,18889,卖盘
2294,09:39:18,14.53,--,17,24701,卖盘
2295,09:39:15,14.53,--,1,1453,卖盘
2296,09:39:12,14.53,0.01,6,8718,卖盘
2297,09:39:03,14.52,-0.01,58,84216,卖盘
2298,09:38:57,14.53,--,3,4359,买盘
2299,09:38:54,14.53,--,9,13077,卖盘
2300,09:38:51,14.53,--,17,24701,买盘
2301,09:38:48,14.53,0.02,135,196155,买盘
2302,09:38:42,14.51,-0.02,109,158159,卖盘
2303,09:38:39,14.53,0.01,10,14530,买盘
2304,09:38:33,14.52,0.01,20,29040,买盘
2305,09:38:24,14.51,--,1,1451,卖盘
2306,09:38:21,14.51,--,26,37726,卖盘
2307,09:38:18,14.51,0.01,15,21765,买盘
2308,09:38:15,14.5,--,44,63800,卖盘
2309,09:38:12,14.5,-0.01,10,14500,卖盘
2310,09:38:09,14.51,0.01,35,50785,买盘
2311,09:38:00,14.5,--,10,14500,买盘
2312,09:37:57,14.5,--,3,4350,买盘
2313,09:37:54,14.5,--,13,18850,卖盘
2314,09:37:51,14.5,0.01,6,8700,卖盘
2315,09:37:48,14.49,-0.02,2,2898,卖盘
2316,09:37:45,14.51,0.01,20,29020,买盘
2317,09:37:42,14.5,--,10,14500,买盘
2318,09:37:39,14.5,0.02,12,17400,买盘
2319,09:37:36,14.48,-0.03,228,330144,卖盘
2320,09:37:33,14.51,0.02,31,44981,买盘
2321,09:37:27,14.49,--,44,63756,卖盘
2322,09:37:18,14.49,-0.02,40,57960,卖盘
2323,09:37:15,14.51,0.02,26,37726,买盘
2324,09:37:12,14.49,0.01,10,14490,买盘
2325,09:37:09,14.48,--,64,92672,卖盘
2326,09:37:06,14.48,0.01,5,7240,买盘
2327,09:37:03,14.47,--,63,91161,卖盘
2328,09:37:00,14.47,-0.04,69,99843,卖盘
2329,09:36:57,14.51,--,21,30471,买盘
2330,09:36:54,14.51,0.03,74,107374,买盘
2331,09:36:51,14.48,--,23,33304,买盘
2332,09:36:48,14.48,-0.01,118,170864,卖盘
2333,09:36:45,14.49,--,166,240534,买盘
2334,09:36:42,14.49,-0.01,31,44919,买盘
2335,09:36:39,14.5,0.01,45,65250,买盘
2336,09:36:36,14.49,0.01,60,86940,买盘
2337,09:36:33,14.48,-0.02,12,17376,卖盘
2338,09:36:30,14.5,--,23,33350,买盘
2339,09:36:27,14.5,0.01,61,88450,买盘
2340,09:36:24,14.49,--,98,142002,卖盘
2341,09:36:21,14.49,-0.01,38,55062,卖盘
2342,09:36:18,14.5,--,15,21750,买盘
2343,09:36:15,14.5,--,92,133400,卖盘
2344,09:36:12,14.5,--,46,66700,卖盘
2345,09:36:09,14.5,-0.01,239,346550,卖盘
2346,09:36:06,14.51,0.01,46,66746,买盘
2347,09:36:03,14.5,-0.01,15,21750,卖盘
2348,09:36:00,14.51,--,103,149453,买盘
2349,09:35:57,14.51,0.01,173,251023,买盘
2350,09:35:54,14.5,--,257,372650,卖盘
2351,09:35:51,14.5,-0.01,6,8700,卖盘
2352,09:35:48,14.51,--,118,171218,买盘
2353,09:35:45,14.51,--,10,14510,买盘
2354,09:35:42,14.51,--,14,20314,买盘
2355,09:35:39,14.51,0.01,11,15961,中性盘
2356,09:35:33,14.5,-0.01,488,707600,卖盘
2357,09:35:30,14.51,-0.01,34,49334,卖盘
2358,09:35:27,14.52,0.01,212,307824,买盘
2359,09:35:24,14.51,--,73,105923,卖盘
2360,09:35:21,14.51,-0.01,39,56589,卖盘
2361,09:35:18,14.52,--,7,10164,买盘
2362,09:35:15,14.52,--,1,1452,买盘
2363,09:35:12,14.52,--,33,47916,买盘
2364,09:35:09,14.52,--,13,18876,买盘
2365,09:35:06,14.52,--,5,7260,买盘
2366,09:35:03,14.52,0.01,8,11616,买盘
2367,09:35:00,14.51,-0.01,23,33373,卖盘
2368,09:34:57,14.52,--,21,30492,买盘
2369,09:34:54,14.52,--,27,39204,买盘
2370,09:34:51,14.52,--,2,2904,买盘
2371,09:34:48,14.52,-0.01,342,496584,卖盘
2372,09:34:45,14.53,-0.01,16,23248,卖盘
2373,09:34:42,14.54,--,42,61068,买盘
2374,09:34:39,14.54,0.01,40,58160,买盘
2375,09:34:33,14.53,--,3,4359,卖盘
2376,09:34:27,14.53,0.01,53,77009,买盘
2377,09:34:24,14.52,-0.01,20,29040,卖盘
2378,09:34:21,14.53,--,10,14530,买盘
2379,09:34:18,14.53,--,30,43590,买盘
2380,09:34:15,14.53,0.02,7,10171,中性盘
2381,09:34:12,14.51,-0.01,397,576047,卖盘
2382,09:34:09,14.52,-0.01,77,111804,卖盘
2383,09:34:06,14.53,--,127,184531,买盘
2384,09:34:03,14.53,--,20,29060,买盘
2385,09:33:57,14.53,0.01,274,398122,买盘
2386,09:33:54,14.52,-0.01,33,47916,卖盘
2387,09:33:51,14.53,0.01,35,50855,买盘
2388,09:33:48,14.52,-0.01,71,103092,卖盘
2389,09:33:45,14.53,--,23,33419,买盘
2390,09:33:42,14.53,--,20,29060,买盘
2391,09:33:39,14.53,0.01,20,29060,买盘
2392,09:33:36,14.52,-0.01,154,223608,卖盘
2393,09:33:30,14.53,-0.02,47,68291,卖盘
2394,09:33:27,14.55,0.01,42,61110,买盘
2395,09:33:24,14.54,--,3,4362,中性盘
2396,09:33:21,14.54,0.01,10,14540,中性盘
2397,09:33:15,14.53,-0.02,21,30513,卖盘
2398,09:33:12,14.55,--,98,142590,买盘
2399,09:33:09,14.55,--,2,2910,买盘
2400,09:33:06,14.55,0.02,61,88755,买盘
2401,09:33:03,14.53,--,38,55214,卖盘
2402,09:33:00,14.53,-0.02,95,138035,卖盘
2403,09:32:57,14.55,--,205,298275,买盘
2404,09:32:54,14.55,--,22,32010,买盘
2405,09:32:51,14.55,--,33,48015,买盘
2406,09:32:48,14.55,--,1,1455,买盘
2407,09:32:45,14.55,-0.01,4,5820,买盘
2408,09:32:42,14.56,0.03,5,7280,买盘
2409,09:32:39,14.53,-0.05,21,30513,卖盘
2410,09:32:36,14.58,0.03,24,34992,买盘
2411,09:32:33,14.55,--,57,82935,卖盘
2412,09:32:30,14.55,-0.01,173,251715,卖盘
2413,09:32:27,14.56,0.01,6,8736,买盘
2414,09:32:24,14.55,-0.01,69,100395,卖盘
2415,09:32:21,14.56,--,8,11648,卖盘
2416,09:32:18,14.56,--,20,29120,卖盘
2417,09:32:12,14.56,0.01,9,13104,买盘
2418,09:32:09,14.55,-0.01,80,116400,卖盘
2419,09:32:06,14.56,--,53,77168,买盘
2420,09:32:03,14.56,-0.02,19,27664,卖盘
2421,09:31:57,14.58,--,50,72900,买盘
2422,09:31:54,14.58,0.02,3,4374,买盘
2423,09:31:51,14.56,-0.02,10,14560,中性盘
2424,09:31:39,14.58,0.03,15,21870,买盘
2425,09:31:36,14.55,--,6,8730,卖盘
2426,09:31:33,14.55,--,88,128040,卖盘
2427,09:31:30,14.55,--,168,244440,买盘
2428,09:31:27,14.55,--,19,27645,买盘
2429,09:31:24,14.55,0.01,117,170235,买盘
2430,09:31:21,14.54,-0.01,7,10178,卖盘
2431,09:31:15,14.55,--,9,13095,买盘
2432,09:31:09,14.55,-0.05,594,864270,卖盘
2433,09:31:03,14.6,--,3,4380,买盘
2434,09:31:00,14.6,--,36,52560,卖盘
2435,09:30:57,14.6,-0.03,10,14600,卖盘
2436,09:30:45,14.63,0.03,10,14630,卖盘
2437,09:30:39,14.6,-0.02,28,40880,卖盘
2438,09:30:33,14.62,0.02,2,2924,中性盘
2439,09:30:24,14.6,-0.02,45,65700,卖盘
2440,09:30:15,14.62,--,2,2924,买盘
2441,09:30:12,14.62,0.02,10,14620,买盘
2442,09:30:09,14.6,-0.01,72,105120,卖盘
2443,09:30:06,14.61,0.01,77,112497,买盘
2444,09:30:03,14.6,-0.04,572,836083,卖盘
2445,09:30:00,14.64,--,0,0,买盘
2446,09:25:03,14.64,14.64,331,484584,买盘
