,time,price,change,volume,amount,type
0,15:00:03,10.28,0.01,11898,12231801,买盘
1,14:57:00,10.27,-0.01,120,123240,卖盘
2,14:56:57,10.28,0.01,40,41120,买盘
3,14:56:54,10.27,--,100,102700,卖盘
4,14:56:51,10.27,--,5,5135,卖盘
5,14:56:48,10.27,--,10,10270,卖盘
6,14:56:45,10.27,--,6,6572,卖盘
7,14:56:42,10.27,--,72,73944,卖盘
8,14:56:39,10.27,--,5,5135,卖盘
9,14:56:36,10.27,-0.01,562,577174,卖盘
10,14:56:30,10.28,--,617,634276,买盘
11,14:56:21,10.28,0.01,41,42148,买盘
12,14:56:18,10.27,--,102,104754,卖盘
13,14:56:15,10.27,--,50,51350,卖盘
14,14:56:12,10.27,--,1470,1509690,买盘
15,14:56:06,10.27,0.01,799,820573,买盘
16,14:55:45,10.26,--,114,116964,卖盘
17,14:55:42,10.26,-0.01,50,51300,卖盘
18,14:55:36,10.27,0.01,313,321451,买盘
19,14:55:33,10.26,--,10,10260,卖盘
20,14:55:30,10.26,--,613,628938,买盘
21,14:55:27,10.26,--,130,133380,买盘
22,14:55:24,10.26,--,5,5130,买盘
23,14:55:15,10.26,--,19,19494,买盘
24,14:55:12,10.26,--,55,56430,买盘
25,14:55:06,10.26,--,311,319086,买盘
26,14:55:03,10.26,0.01,58,59508,买盘
27,14:55:00,10.25,--,6,6150,卖盘
28,14:54:57,10.25,--,20,20500,卖盘
29,14:54:54,10.25,--,1,1025,卖盘
30,14:54:45,10.25,--,100,102500,卖盘
31,14:54:36,10.25,--,459,470475,卖盘
32,14:54:30,10.25,-0.01,5,5125,卖盘
33,14:54:21,10.26,--,32,32832,买盘
34,14:54:18,10.26,--,6,6156,买盘
35,14:54:15,10.26,--,97,99522,卖盘
36,14:54:12,10.26,-0.01,121,124146,中性盘
37,14:54:06,10.27,0.01,313,321451,买盘
38,14:54:00,10.26,--,158,162108,买盘
39,14:53:51,10.26,--,547,561735,卖盘
40,14:53:48,10.26,0.01,176,181089,买盘
41,14:53:45,10.25,-0.01,1,1189,卖盘
42,14:53:42,10.26,--,2,2052,买盘
43,14:53:39,10.26,--,8,8208,买盘
44,14:53:36,10.26,0.01,314,322164,买盘
45,14:53:33,10.25,-0.01,55,56375,卖盘
46,14:53:27,10.26,--,28,28728,买盘
47,14:53:24,10.26,--,557,571995,卖盘
48,14:53:18,10.26,-0.01,62,63612,卖盘
49,14:53:15,10.27,--,8,8216,买盘
50,14:53:06,10.27,--,355,364585,买盘
51,14:53:03,10.27,0.01,10,10270,买盘
52,14:52:54,10.26,--,29,29764,卖盘
53,14:52:48,10.26,--,17,17462,卖盘
54,14:52:45,10.26,-0.01,1,1026,卖盘
55,14:52:42,10.27,0.01,20,20540,买盘
56,14:52:39,10.26,-0.01,390,400150,卖盘
57,14:52:36,10.27,0.01,313,321451,买盘
58,14:52:33,10.26,--,32,32842,卖盘
59,14:52:30,10.26,--,46,47196,卖盘
60,14:52:24,10.26,-0.01,17,17452,卖盘
61,14:52:21,10.27,0.01,27,27739,买盘
62,14:52:15,10.26,-0.01,18,18478,卖盘
63,14:52:12,10.27,--,85,87295,买盘
64,14:52:09,10.27,--,12,12324,买盘
65,14:52:06,10.27,0.01,337,346099,买盘
66,14:52:00,10.26,-0.01,33,33858,卖盘
67,14:51:57,10.27,0.01,10,10270,买盘
68,14:51:54,10.26,--,21,21546,卖盘
69,14:51:48,10.26,--,21,21546,卖盘
70,14:51:45,10.26,--,1,1026,卖盘
71,14:51:39,10.26,-0.01,15,15390,卖盘
72,14:51:36,10.27,0.01,340,349180,买盘
73,14:51:33,10.26,-0.01,111,113886,卖盘
74,14:51:27,10.27,0.01,15,15405,买盘
75,14:51:21,10.26,--,77,79002,卖盘
76,14:51:18,10.26,--,600,615600,卖盘
77,14:51:15,10.26,--,15,15390,卖盘
78,14:51:12,10.26,-0.01,4,4104,卖盘
79,14:51:09,10.27,--,72,73944,买盘
80,14:51:06,10.27,--,313,321451,买盘
81,14:51:03,10.27,--,15,15405,买盘
82,14:50:54,10.27,0.01,25,25675,买盘
83,14:50:51,10.26,--,5,5130,卖盘
84,14:50:48,10.26,-0.01,414,425748,卖盘
85,14:50:42,10.27,0.01,14,14378,买盘
86,14:50:39,10.26,-0.01,36,36936,卖盘
87,14:50:36,10.27,0.01,313,321451,买盘
88,14:50:33,10.26,-0.01,3,3078,卖盘
89,14:50:30,10.27,0.01,15,15405,买盘
90,14:50:24,10.26,-0.01,10,10260,卖盘
91,14:50:18,10.27,0.01,17,17459,买盘
92,14:50:15,10.26,--,20,20520,卖盘
93,14:50:12,10.26,-0.01,70,71820,卖盘
94,14:50:09,10.27,--,19,19513,买盘
95,14:50:06,10.27,0.01,311,319397,买盘
96,14:50:00,10.26,-0.01,15,15390,卖盘
97,14:49:57,10.27,0.01,135,138645,买盘
98,14:49:51,10.26,--,33,33858,卖盘
99,14:49:48,10.26,--,20,20520,卖盘
100,14:49:42,10.26,-0.01,2,2052,卖盘
101,14:49:39,10.27,--,10,10270,买盘
102,14:49:36,10.27,0.01,330,338910,买盘
103,14:49:33,10.26,-0.01,3,3078,卖盘
104,14:49:24,10.27,--,20,20540,买盘
105,14:49:18,10.27,--,1,1027,买盘
106,14:49:12,10.27,0.01,21,21567,买盘
107,14:49:09,10.26,--,15,15390,卖盘
108,14:49:06,10.26,-0.01,314,322164,卖盘
109,14:49:03,10.27,--,22,22594,买盘
110,14:49:00,10.27,0.01,17,17459,买盘
111,14:48:57,10.26,-0.01,1,1026,卖盘
112,14:48:51,10.27,0.01,49,50323,买盘
113,14:48:48,10.26,-0.02,10,10260,卖盘
114,14:48:42,10.28,0.02,21,21588,买盘
115,14:48:39,10.26,-0.02,30,30780,卖盘
116,14:48:36,10.28,0.02,313,321764,买盘
117,14:48:33,10.26,-0.01,27,28173,卖盘
118,14:48:24,10.27,--,72,73944,卖盘
119,14:48:21,10.27,0.01,53,54431,买盘
120,14:48:12,10.26,-0.02,10,10260,中性盘
121,14:48:09,10.28,0.03,22,22616,买盘
122,14:48:06,10.25,-0.02,339,347936,卖盘
123,14:48:03,10.27,-0.01,16,16432,买盘
124,14:48:00,10.28,0.02,1969,2024131,买盘
125,14:47:57,10.26,--,120,123120,卖盘
126,14:47:51,10.26,0.01,17,17442,买盘
127,14:47:48,10.25,-0.02,1,1025,卖盘
128,14:47:45,10.27,0.02,91,93457,买盘
129,14:47:42,10.25,-0.01,14,14350,卖盘
130,14:47:39,10.26,-0.01,16,16416,卖盘
131,14:47:36,10.27,0.01,398,408746,买盘
132,14:47:33,10.26,--,5,5601,中性盘
133,14:47:30,10.26,--,9,9234,卖盘
134,14:47:27,10.26,-0.01,1,1026,卖盘
135,14:47:24,10.27,0.01,93,95511,买盘
136,14:47:21,10.26,0.01,10,10260,买盘
137,14:47:15,10.25,-0.02,20,20500,卖盘
138,14:47:12,10.27,--,87,89349,买盘
139,14:47:06,10.27,0.02,312,320424,买盘
140,14:47:03,10.25,-0.02,82,84511,卖盘
141,14:47:00,10.27,--,42,43134,买盘
142,14:46:54,10.27,--,26,26702,买盘
143,14:46:51,10.27,--,76,78052,买盘
144,14:46:42,10.27,--,62,63674,买盘
145,14:46:39,10.27,0.02,38,39026,买盘
146,14:46:36,10.25,0.01,218,223921,买盘
147,14:46:33,10.24,-0.01,2,2048,卖盘
148,14:46:30,10.25,--,97,99425,买盘
149,14:46:27,10.25,--,84,86100,买盘
150,14:46:24,10.25,--,21,21525,买盘
151,14:46:21,10.25,-0.02,4801,4921968,卖盘
152,14:46:18,10.27,--,102,104754,买盘
153,14:46:09,10.27,0.01,148,151996,买盘
154,14:46:06,10.26,-0.01,247,253883,卖盘
155,14:46:03,10.27,0.01,10,10270,买盘
156,14:46:00,10.26,-0.01,31,31806,卖盘
157,14:45:57,10.27,--,36,36972,买盘
158,14:45:54,10.27,--,90,92430,买盘
159,14:45:51,10.27,--,5,5135,买盘
160,14:45:48,10.27,--,27,27729,买盘
161,14:45:45,10.27,--,76,78052,买盘
162,14:45:42,10.27,0.01,29,29783,买盘
163,14:45:39,10.26,--,14,15369,卖盘
164,14:45:36,10.26,--,238,244659,卖盘
165,14:45:33,10.26,--,82,84480,卖盘
166,14:45:30,10.26,--,22,22572,卖盘
167,14:45:27,10.26,-0.01,30,30780,卖盘
168,14:45:24,10.27,--,112,115024,买盘
169,14:45:21,10.27,--,25,25675,买盘
170,14:45:18,10.27,0.01,3,3081,买盘
171,14:45:15,10.26,--,10,10260,卖盘
172,14:45:12,10.26,--,119,122094,卖盘
173,14:45:09,10.26,-0.01,1,1497,卖盘
174,14:45:06,10.27,--,211,216697,买盘
175,14:45:03,10.27,--,25,25675,买盘
176,14:45:00,10.27,--,79,81133,买盘
177,14:44:51,10.27,--,209,214643,买盘
178,14:44:48,10.27,0.01,54,55458,买盘
179,14:44:45,10.26,-0.01,15,15390,卖盘
180,14:44:42,10.27,--,84,86730,买盘
181,14:44:39,10.27,--,10,10270,买盘
182,14:44:36,10.27,0.01,452,464204,买盘
183,14:44:33,10.26,-0.01,3,3078,卖盘
184,14:44:30,10.27,--,72,73944,买盘
185,14:44:27,10.27,--,265,272155,买盘
186,14:44:18,10.27,0.01,100,102700,买盘
187,14:44:15,10.26,--,70,71820,卖盘
188,14:44:12,10.26,--,1,1497,卖盘
189,14:44:06,10.26,-0.01,313,321138,卖盘
190,14:43:57,10.27,--,65,66755,买盘
191,14:43:54,10.27,--,36,36972,买盘
192,14:43:48,10.27,0.01,1,1027,买盘
193,14:43:45,10.26,--,11,11286,卖盘
194,14:43:42,10.26,--,99,102035,卖盘
195,14:43:39,10.26,-0.01,54,55404,卖盘
196,14:43:36,10.27,--,228,234156,买盘
197,14:43:33,10.27,0.01,107,109889,买盘
198,14:43:27,10.26,-0.01,1500,1539000,卖盘
199,14:43:21,10.27,--,91,93457,买盘
200,14:43:18,10.27,0.01,9,9243,买盘
201,14:43:15,10.26,--,582,597132,卖盘
202,14:43:12,10.26,-0.01,110,113331,卖盘
203,14:43:09,10.27,--,189,194103,买盘
204,14:43:06,10.27,--,212,217724,买盘
205,14:43:00,10.27,--,124,127348,买盘
206,14:42:57,10.27,0.01,10,10270,买盘
207,14:42:54,10.26,--,30,30780,卖盘
208,14:42:51,10.26,-0.01,105,107730,卖盘
209,14:42:48,10.27,0.01,94,96538,买盘
210,14:42:45,10.26,-0.01,1,1497,卖盘
211,14:42:42,10.27,--,17,17459,买盘
212,14:42:39,10.27,--,29,29783,买盘
213,14:42:36,10.27,0.01,319,327613,买盘
214,14:42:33,10.26,--,5,5130,卖盘
215,14:42:30,10.26,-0.01,316,324216,卖盘
216,14:42:27,10.27,--,95,97565,买盘
217,14:42:18,10.27,--,4,4108,买盘
218,14:42:15,10.27,--,38,39488,买盘
219,14:42:09,10.27,0.01,73,74971,买盘
220,14:42:06,10.26,--,340,348840,卖盘
221,14:42:03,10.26,-0.01,1,1026,卖盘
222,14:42:00,10.27,0.01,36,36972,买盘
223,14:41:57,10.26,--,5,5130,卖盘
224,14:41:51,10.26,-0.01,30,30780,卖盘
225,14:41:45,10.27,0.01,42,43134,买盘
226,14:41:42,10.26,--,62,64083,卖盘
227,14:41:39,10.26,--,33,33858,卖盘
228,14:41:36,10.26,-0.01,235,241110,卖盘
229,14:41:33,10.27,--,4,4108,买盘
230,14:41:30,10.27,0.01,10,10270,买盘
231,14:41:27,10.26,-0.01,45,46170,卖盘
232,14:41:24,10.27,--,56,57512,买盘
233,14:41:18,10.27,--,8,8216,买盘
234,14:41:15,10.27,--,100,103162,买盘
235,14:41:06,10.27,0.02,211,216697,买盘
236,14:41:03,10.25,-0.01,1,1025,卖盘
237,14:41:00,10.26,--,4,4104,买盘
238,14:40:57,10.26,--,1,1026,买盘
239,14:40:51,10.26,--,107,109782,买盘
240,14:40:48,10.26,--,12,12783,买盘
241,14:40:42,10.26,--,43,44118,买盘
242,14:40:39,10.26,-0.01,66,67716,中性盘
243,14:40:36,10.27,0.01,224,230048,买盘
244,14:40:33,10.26,--,236,242136,买盘
245,14:40:30,10.26,0.01,34,34884,买盘
246,14:40:27,10.25,-0.01,11,11275,卖盘
247,14:40:24,10.26,-0.01,57,58482,买盘
248,14:40:21,10.27,0.01,60,61620,买盘
249,14:40:18,10.26,0.01,33,33858,买盘
250,14:40:15,10.25,-0.01,61,62986,卖盘
251,14:40:12,10.26,--,27,27702,买盘
252,14:40:09,10.26,--,5,5130,买盘
253,14:40:06,10.26,0.01,242,248292,买盘
254,14:40:03,10.25,-0.01,1,1025,卖盘
255,14:40:00,10.26,--,220,225997,卖盘
256,14:39:57,10.26,--,61,62586,卖盘
257,14:39:54,10.26,--,25,25650,卖盘
258,14:39:48,10.26,-0.01,1,1497,卖盘
259,14:39:45,10.27,0.01,4,4108,买盘
260,14:39:36,10.26,-0.01,252,258552,卖盘
261,14:39:33,10.27,--,3,3081,买盘
262,14:39:24,10.27,--,10,10270,买盘
263,14:39:21,10.27,0.01,23,23621,买盘
264,14:39:18,10.26,-0.01,1,1497,卖盘
265,14:39:15,10.27,0.01,96,98592,买盘
266,14:39:12,10.26,--,95,97470,卖盘
267,14:39:06,10.26,-0.01,232,238032,卖盘
268,14:39:03,10.27,--,93,95511,买盘
269,14:39:00,10.27,0.01,11,11297,买盘
270,14:38:54,10.26,--,25,25650,卖盘
271,14:38:51,10.26,--,190,194940,卖盘
272,14:38:48,10.26,-0.01,1,1487,卖盘
273,14:38:45,10.27,0.01,61,62647,买盘
274,14:38:42,10.26,-0.01,25,25650,卖盘
275,14:38:39,10.27,0.01,39,40422,买盘
276,14:38:36,10.26,--,222,227772,买盘
277,14:38:33,10.26,--,59,60534,买盘
278,14:38:30,10.26,--,18,18468,买盘
279,14:38:27,10.26,--,27,27702,买盘
280,14:38:24,10.26,--,35,35910,买盘
281,14:38:21,10.26,0.01,58,59508,买盘
282,14:38:18,10.25,--,31,32246,卖盘
283,14:38:15,10.25,-0.01,1,1025,卖盘
284,14:38:12,10.26,--,351,360782,卖盘
285,14:38:09,10.26,-0.01,52,53352,卖盘
286,14:38:06,10.27,--,212,217724,买盘
287,14:38:03,10.27,--,223,229021,买盘
288,14:38:00,10.27,0.01,64,65728,买盘
289,14:37:57,10.26,--,700,718200,卖盘
290,14:37:51,10.26,-0.01,1,1487,卖盘
291,14:37:48,10.27,--,57,58539,买盘
292,14:37:45,10.27,--,403,413881,买盘
293,14:37:42,10.27,0.01,39,40053,买盘
294,14:37:36,10.26,-0.01,213,218538,卖盘
295,14:37:33,10.27,--,52,53404,买盘
296,14:37:30,10.27,--,56,57512,买盘
297,14:37:21,10.27,0.01,26,26702,买盘
298,14:37:18,10.26,-0.01,103,106149,卖盘
299,14:37:15,10.27,0.01,73,74971,买盘
300,14:37:12,10.26,-0.01,1,1026,卖盘
301,14:37:09,10.27,--,26,26702,买盘
302,14:37:06,10.27,--,278,285506,买盘
303,14:37:03,10.27,0.01,9,9243,买盘
304,14:36:57,10.26,-0.01,10,10260,卖盘
305,14:36:51,10.27,--,128,131918,买盘
306,14:36:48,10.27,0.01,97,99619,买盘
307,14:36:45,10.26,0.01,11,11286,卖盘
308,14:36:42,10.25,-0.02,113,115825,卖盘
309,14:36:39,10.27,--,11,11297,买盘
310,14:36:36,10.27,0.02,248,254696,买盘
311,14:36:33,10.25,--,3,3075,卖盘
312,14:36:24,10.25,--,1,1496,卖盘
313,14:36:18,10.25,--,12,12300,卖盘
314,14:36:15,10.25,-0.01,62,63560,卖盘
315,14:36:12,10.26,--,15,15390,买盘
316,14:36:06,10.26,-0.01,223,228798,中性盘
317,14:36:00,10.27,0.01,95,97565,买盘
318,14:35:57,10.26,--,42,43923,卖盘
319,14:35:54,10.26,0.01,160,164354,买盘
320,14:35:51,10.25,-0.01,27,28146,卖盘
321,14:35:48,10.26,0.01,60,61560,买盘
322,14:35:45,10.25,--,80,82000,卖盘
323,14:35:39,10.25,-0.01,1,1025,卖盘
324,14:35:36,10.26,0.01,218,223668,买盘
325,14:35:33,10.25,-0.01,69,70725,卖盘
326,14:35:30,10.26,0.01,100,102600,买盘
327,14:35:21,10.25,-0.01,40,41266,卖盘
328,14:35:18,10.26,--,13,13338,卖盘
329,14:35:15,10.26,-0.01,307,314982,卖盘
330,14:35:12,10.27,--,78,80106,卖盘
331,14:35:09,10.27,--,677,695279,买盘
332,14:35:06,10.27,0.01,211,216697,买盘
333,14:35:03,10.26,--,73,74898,卖盘
334,14:34:54,10.26,-0.01,240,246711,卖盘
335,14:34:51,10.27,--,56,57512,买盘
336,14:34:48,10.27,--,35,35945,卖盘
337,14:34:45,10.27,--,23,23621,卖盘
338,14:34:42,10.27,-0.01,31,31837,买盘
339,14:34:36,10.28,0.01,271,278588,买盘
340,14:34:33,10.27,0.01,152,156104,中性盘
341,14:34:30,10.26,--,4,4104,卖盘
342,14:34:27,10.26,--,87,89262,卖盘
343,14:34:24,10.26,-0.02,101,104087,卖盘
344,14:34:21,10.28,0.02,269,276532,买盘
345,14:34:18,10.26,-0.01,176,180576,卖盘
346,14:34:15,10.27,--,10,10270,买盘
347,14:34:12,10.27,--,4,4108,买盘
348,14:34:09,10.27,0.01,2230,2290210,买盘
349,14:34:06,10.26,-0.01,234,240084,卖盘
350,14:34:00,10.27,--,68,69836,买盘
351,14:33:57,10.27,0.01,188,193076,买盘
352,14:33:54,10.26,--,5,5601,卖盘
353,14:33:48,10.26,--,5,5130,卖盘
354,14:33:45,10.26,--,30,30780,卖盘
355,14:33:39,10.26,-0.01,110,112860,卖盘
356,14:33:36,10.27,--,455,467285,买盘
357,14:33:33,10.27,--,8,8216,买盘
358,14:33:30,10.27,--,99,101673,买盘
359,14:33:27,10.27,0.01,160,164320,买盘
360,14:33:24,10.26,-0.01,511,524757,卖盘
361,14:33:21,10.27,0.01,300,308100,买盘
362,14:33:18,10.26,--,1,1026,卖盘
363,14:33:15,10.26,-0.01,638,654588,卖盘
364,14:33:12,10.27,--,122,125294,买盘
365,14:33:09,10.27,--,62,63674,买盘
366,14:33:06,10.27,--,775,795925,买盘
367,14:33:00,10.27,0.01,20,20540,买盘
368,14:32:57,10.26,-0.01,1,1487,卖盘
369,14:32:51,10.27,0.01,5,5135,买盘
370,14:32:48,10.26,--,129,132354,卖盘
371,14:32:45,10.26,-0.01,79,81054,卖盘
372,14:32:42,10.27,--,620,636740,买盘
373,14:32:39,10.27,--,130,133510,买盘
374,14:32:36,10.27,0.01,212,217724,买盘
375,14:32:33,10.26,-0.01,580,595080,卖盘
376,14:32:30,10.27,--,113,116523,买盘
377,14:32:27,10.27,0.01,221,226967,买盘
378,14:32:24,10.26,-0.01,100,102600,卖盘
379,14:32:21,10.27,--,30,30810,买盘
380,14:32:18,10.27,0.01,2,2054,买盘
381,14:32:15,10.26,-0.01,1,1026,卖盘
382,14:32:12,10.27,--,164,168428,买盘
383,14:32:09,10.27,--,207,212589,买盘
384,14:32:06,10.27,0.01,211,216697,买盘
385,14:31:57,10.26,-0.01,170,174881,卖盘
386,14:31:45,10.27,0.01,235,241345,买盘
387,14:31:42,10.26,--,1286,1320226,买盘
388,14:31:39,10.26,--,64,65664,买盘
389,14:31:36,10.26,--,240,246240,买盘
390,14:31:33,10.26,--,128,131328,买盘
391,14:31:30,10.26,0.01,305,312930,买盘
392,14:31:27,10.25,-0.01,54,55821,卖盘
393,14:31:24,10.26,--,100,102600,买盘
394,14:31:21,10.26,--,263,269838,买盘
395,14:31:18,10.26,--,140,143640,买盘
396,14:31:15,10.26,--,72,73872,买盘
397,14:31:12,10.26,--,155,159030,买盘
398,14:31:09,10.26,--,367,376542,买盘
399,14:31:06,10.26,--,222,227772,买盘
400,14:31:03,10.26,--,50,51300,买盘
401,14:31:00,10.26,--,25,26111,买盘
402,14:30:51,10.26,0.01,162,166212,买盘
403,14:30:48,10.25,--,67,68675,卖盘
404,14:30:45,10.25,-0.01,1,1025,卖盘
405,14:30:42,10.26,0.01,84,86184,买盘
406,14:30:39,10.25,-0.01,209,214225,卖盘
407,14:30:36,10.26,0.01,2247,2305422,买盘
408,14:30:33,10.25,-0.01,10,10250,卖盘
409,14:30:30,10.26,--,260,267231,买盘
410,14:30:27,10.26,0.01,171,175446,买盘
411,14:30:18,10.25,--,77,78925,卖盘
412,14:30:15,10.25,--,154,157850,卖盘
413,14:30:12,10.25,--,15,15375,买盘
414,14:30:09,10.25,-0.01,69,70725,中性盘
415,14:30:06,10.26,0.01,368,377568,买盘
416,14:30:03,10.25,--,191,196246,买盘
417,14:30:00,10.25,--,50,51250,买盘
418,14:29:57,10.25,--,63,64575,买盘
419,14:29:54,10.25,--,63,64575,买盘
420,14:29:51,10.25,--,5,5125,买盘
421,14:29:45,10.25,--,100,102500,买盘
422,14:29:42,10.25,--,7,7175,买盘
423,14:29:39,10.25,--,208,213200,买盘
424,14:29:36,10.25,0.02,212,217300,买盘
425,14:29:33,10.23,-0.01,3693,3778563,卖盘
426,14:29:30,10.24,--,127,130048,卖盘
427,14:29:27,10.24,-0.01,20,20480,卖盘
428,14:29:24,10.25,--,17,17425,买盘
429,14:29:21,10.25,--,2030,2080750,买盘
430,14:29:18,10.25,0.01,1000,1025000,买盘
431,14:29:15,10.24,-0.01,651,666624,卖盘
432,14:29:12,10.25,--,15,15375,买盘
433,14:29:09,10.25,--,26,26650,买盘
434,14:29:06,10.25,0.01,289,296225,买盘
435,14:29:03,10.24,-0.01,1,1495,卖盘
436,14:29:00,10.25,--,302,309550,买盘
437,14:28:57,10.25,--,50,51250,买盘
438,14:28:54,10.25,--,10,10250,买盘
439,14:28:51,10.25,--,18,18450,买盘
440,14:28:48,10.25,-0.01,2288,2345476,卖盘
441,14:28:45,10.26,0.01,161,165186,买盘
442,14:28:42,10.25,--,468,479700,卖盘
443,14:28:39,10.25,-0.01,1,1025,卖盘
444,14:28:36,10.26,--,882,904932,买盘
445,14:28:33,10.26,--,156,160517,买盘
446,14:28:30,10.26,0.01,2,2052,买盘
447,14:28:27,10.25,-0.01,480,492000,卖盘
448,14:28:24,10.26,--,159,163134,买盘
449,14:28:21,10.26,--,1,1026,买盘
450,14:28:18,10.26,0.01,61,62586,买盘
451,14:28:15,10.25,-0.01,466,477650,卖盘
452,14:28:12,10.26,--,61,62586,买盘
453,14:28:09,10.26,0.01,320,328320,买盘
454,14:28:06,10.25,--,273,279825,卖盘
455,14:28:03,10.25,-0.01,79,81446,卖盘
456,14:28:00,10.26,0.01,14,14364,买盘
457,14:27:57,10.25,--,1,1025,卖盘
458,14:27:51,10.25,-0.01,3,3075,卖盘
459,14:27:48,10.26,--,5,5130,买盘
460,14:27:45,10.26,0.01,287,294462,买盘
461,14:27:42,10.25,-0.01,1010,1035250,卖盘
462,14:27:39,10.26,0.01,4,4104,买盘
463,14:27:36,10.25,-0.01,212,217771,卖盘
464,14:27:33,10.26,0.01,153,156978,买盘
465,14:27:24,10.25,--,85,87125,卖盘
466,14:27:21,10.25,-0.01,211,216275,卖盘
467,14:27:18,10.26,--,60,61560,买盘
468,14:27:09,10.26,--,15,15390,买盘
469,14:27:06,10.26,--,221,227207,买盘
470,14:27:03,10.26,0.01,161,165186,买盘
471,14:27:00,10.25,--,65,66625,卖盘
472,14:26:57,10.25,-0.01,1,1025,卖盘
473,14:26:51,10.26,--,13,13338,买盘
474,14:26:45,10.26,0.01,15,15390,买盘
475,14:26:42,10.25,-0.01,31,31775,卖盘
476,14:26:39,10.26,--,101,104097,买盘
477,14:26:36,10.26,--,212,217512,买盘
478,14:26:30,10.26,0.01,103,105678,买盘
479,14:26:27,10.25,-0.01,25,25625,卖盘
480,14:26:24,10.26,--,47,48222,买盘
481,14:26:21,10.26,--,104,106704,买盘
482,14:26:18,10.26,--,44,45144,买盘
483,14:26:15,10.26,0.01,50,51300,买盘
484,14:26:09,10.25,-0.01,115,118336,卖盘
485,14:26:06,10.26,--,256,262656,买盘
486,14:26:03,10.26,0.01,4,4104,买盘
487,14:26:00,10.25,--,111,113775,卖盘
488,14:25:57,10.25,-0.01,118,120950,卖盘
489,14:25:54,10.26,--,14,14364,买盘
490,14:25:51,10.26,--,112,114912,买盘
491,14:25:48,10.26,--,22,22572,买盘
492,14:25:45,10.26,--,50,51300,买盘
493,14:25:39,10.26,0.01,147,150822,买盘
494,14:25:36,10.25,-0.01,217,222896,卖盘
495,14:25:33,10.26,--,40,41040,买盘
496,14:25:30,10.26,--,130,133380,买盘
497,14:25:27,10.26,0.01,46,47196,买盘
498,14:25:24,10.25,-0.01,1,1025,卖盘
499,14:25:18,10.26,--,146,149796,买盘
500,14:25:09,10.26,0.01,144,148205,买盘
501,14:25:06,10.25,--,435,445875,卖盘
502,14:25:00,10.25,--,1,1025,卖盘
503,14:24:57,10.25,--,52,53300,卖盘
504,14:24:54,10.25,--,460,471500,卖盘
505,14:24:51,10.25,--,47,48175,卖盘
506,14:24:48,10.25,-0.01,10,10250,卖盘
507,14:24:45,10.26,0.01,120,123120,买盘
508,14:24:39,10.25,-0.01,1,1496,卖盘
509,14:24:36,10.26,0.01,212,217512,买盘
510,14:24:33,10.25,-0.01,52,53300,卖盘
511,14:24:30,10.26,--,154,158004,买盘
512,14:24:27,10.26,--,124,127819,买盘
513,14:24:21,10.26,--,48,49248,买盘
514,14:24:18,10.26,--,20,20520,买盘
515,14:24:15,10.26,0.01,44,45144,买盘
516,14:24:09,10.25,--,14,14821,卖盘
517,14:24:06,10.25,--,344,352600,卖盘
518,14:23:54,10.25,--,10,10250,卖盘
519,14:23:45,10.25,-0.01,248,254200,卖盘
520,14:23:42,10.26,0.01,270,277481,买盘
521,14:23:39,10.25,-0.01,49,50225,卖盘
522,14:23:36,10.26,--,332,340632,买盘
523,14:23:33,10.26,--,4,4104,买盘
524,14:23:30,10.26,--,276,283176,买盘
525,14:23:27,10.26,--,13,13338,买盘
526,14:23:24,10.26,--,1,1026,买盘
527,14:23:21,10.26,--,102,104652,买盘
528,14:23:18,10.26,--,1,1026,买盘
529,14:23:15,10.26,--,45,46170,买盘
530,14:23:12,10.26,0.01,100,102600,买盘
531,14:23:09,10.25,-0.01,21,21996,卖盘
532,14:23:06,10.26,--,263,269838,买盘
533,14:23:03,10.26,0.01,9,9234,买盘
534,14:23:00,10.25,-0.01,52,53300,卖盘
535,14:22:57,10.26,--,27,27702,买盘
536,14:22:54,10.26,--,155,159030,买盘
537,14:22:48,10.26,0.01,17,17442,买盘
538,14:22:45,10.25,--,10,10250,买盘
539,14:22:42,10.25,--,501,513986,买盘
540,14:22:39,10.25,--,141,144525,买盘
541,14:22:36,10.25,--,450,461250,买盘
542,14:22:33,10.25,--,54,55350,买盘
543,14:22:30,10.25,--,311,318775,买盘
544,14:22:27,10.25,--,226,231650,买盘
545,14:22:24,10.25,--,153,156825,买盘
546,14:22:21,10.25,--,51,52275,买盘
547,14:22:18,10.25,--,10,10250,买盘
548,14:22:15,10.25,-0.01,237,242925,卖盘
549,14:22:12,10.26,0.01,131,134406,买盘
550,14:22:06,10.25,--,258,264450,买盘
551,14:22:03,10.25,--,259,265475,买盘
552,14:22:00,10.25,--,45,46125,买盘
553,14:21:57,10.25,--,38,38950,买盘
554,14:21:54,10.25,--,10,10250,买盘
555,14:21:51,10.25,-0.01,623,639138,卖盘
556,14:21:48,10.26,0.01,5,5130,买盘
557,14:21:45,10.25,--,10,10711,卖盘
558,14:21:42,10.25,-0.01,301,308525,卖盘
559,14:21:39,10.26,--,117,120042,买盘
560,14:21:36,10.26,--,212,217512,买盘
561,14:21:33,10.26,--,342,350892,买盘
562,14:21:30,10.26,0.01,48,49248,买盘
563,14:21:27,10.25,--,152,155800,卖盘
564,14:21:24,10.25,-0.01,374,383350,卖盘
565,14:21:21,10.26,--,10,10260,买盘
566,14:21:18,10.26,0.01,100,102600,买盘
567,14:21:15,10.25,0.01,180,184500,买盘
568,14:21:12,10.24,-0.01,261,267735,卖盘
569,14:21:09,10.25,-0.01,49,50225,中性盘
570,14:21:06,10.26,0.01,429,440154,买盘
571,14:21:03,10.25,--,120,123000,买盘
572,14:20:57,10.25,--,30,30750,买盘
573,14:20:54,10.25,--,51,52275,买盘
574,14:20:51,10.25,-0.01,297,304978,卖盘
575,14:20:48,10.26,0.01,45,46170,买盘
576,14:20:45,10.25,-0.01,11,11746,卖盘
577,14:20:42,10.26,0.01,245,251370,买盘
578,14:20:39,10.25,--,274,280850,买盘
579,14:20:36,10.25,--,262,268550,买盘
580,14:20:33,10.25,--,132,135300,买盘
581,14:20:30,10.25,--,60,61500,买盘
582,14:20:24,10.25,--,135,138375,买盘
583,14:20:21,10.25,-0.01,195,200438,卖盘
584,14:20:18,10.26,0.01,274,281124,买盘
585,14:20:15,10.25,-0.01,1,1486,卖盘
586,14:20:09,10.26,0.01,226,231876,买盘
587,14:20:06,10.25,-0.01,569,583225,卖盘
588,14:20:03,10.26,0.01,202,207252,买盘
589,14:20:00,10.25,--,155,158875,买盘
590,14:19:51,10.25,--,150,153750,买盘
591,14:19:45,10.25,--,68,70171,买盘
592,14:19:42,10.25,-0.01,20,20500,中性盘
593,14:19:39,10.26,0.02,114,116964,买盘
594,14:19:36,10.24,-0.02,233,238592,卖盘
595,14:19:33,10.26,--,86,88236,买盘
596,14:19:27,10.26,--,66,67716,买盘
597,14:19:24,10.26,0.01,175,179550,买盘
598,14:19:21,10.25,0.01,6,6150,中性盘
599,14:19:18,10.24,--,83,84992,卖盘
600,14:19:15,10.24,-0.02,571,584806,卖盘
601,14:19:12,10.26,0.02,315,323190,买盘
602,14:19:09,10.24,-0.02,323,331089,卖盘
603,14:19:06,10.26,0.01,650,666900,买盘
604,14:19:03,10.25,-0.01,337,345660,卖盘
605,14:19:00,10.26,--,1,1026,买盘
606,14:18:54,10.26,0.01,580,595439,买盘
607,14:18:48,10.25,-0.01,65,67096,卖盘
608,14:18:45,10.26,0.02,37,37962,买盘
609,14:18:42,10.24,-0.01,421,431329,卖盘
610,14:18:39,10.25,--,16,16400,买盘
611,14:18:36,10.25,0.01,959,983313,买盘
612,14:18:33,10.24,-0.01,7,7168,卖盘
613,14:18:30,10.25,--,447,458175,买盘
614,14:18:27,10.25,--,69,70725,买盘
615,14:18:24,10.25,0.01,400,410000,买盘
616,14:18:21,10.24,--,528,540672,卖盘
617,14:18:18,10.24,--,172,176599,卖盘
618,14:18:15,10.24,-0.01,460,471040,卖盘
619,14:18:12,10.25,0.01,27,27675,买盘
620,14:18:09,10.24,-0.01,343,351232,卖盘
621,14:18:06,10.25,--,329,337225,买盘
622,14:18:03,10.25,--,602,617050,买盘
623,14:18:00,10.25,--,95,97375,买盘
624,14:17:57,10.25,--,45,46125,买盘
625,14:17:54,10.25,--,105,107625,买盘
626,14:17:51,10.25,0.01,105,107625,买盘
627,14:17:48,10.24,-0.01,16,16844,卖盘
628,14:17:45,10.25,--,42,43050,买盘
629,14:17:42,10.25,--,103,105575,买盘
630,14:17:39,10.25,--,57,58425,买盘
631,14:17:36,10.25,--,221,226525,买盘
632,14:17:33,10.25,--,47,48175,买盘
633,14:17:30,10.25,--,119,121975,买盘
634,14:17:27,10.25,--,20,20500,买盘
635,14:17:21,10.25,--,158,162421,买盘
636,14:17:18,10.25,--,19,19475,买盘
637,14:17:15,10.25,--,4,4100,买盘
638,14:17:12,10.25,--,145,148625,买盘
639,14:17:09,10.25,0.01,131,134275,买盘
640,14:17:06,10.24,-0.01,218,223232,卖盘
641,14:17:03,10.25,--,2,2050,买盘
642,14:17:00,10.25,--,167,171175,买盘
643,14:16:57,10.25,0.01,215,220375,买盘
644,14:16:51,10.24,-0.01,1,1484,卖盘
645,14:16:48,10.25,0.01,20,20500,买盘
646,14:16:42,10.24,-0.01,42,43008,卖盘
647,14:16:39,10.25,--,118,120950,买盘
648,14:16:36,10.25,--,255,261375,买盘
649,14:16:33,10.25,--,2,2050,买盘
650,14:16:30,10.25,--,176,180400,买盘
651,14:16:27,10.25,--,50,51250,买盘
652,14:16:21,10.25,0.01,10,10250,买盘
653,14:16:18,10.24,-0.01,1,1495,卖盘
654,14:16:15,10.25,0.01,22,22550,买盘
655,14:16:12,10.24,-0.01,249,254976,卖盘
656,14:16:09,10.25,--,123,126075,买盘
657,14:16:06,10.25,--,458,469450,买盘
658,14:16:03,10.25,--,103,105575,买盘
659,14:16:00,10.25,--,129,132225,买盘
660,14:15:57,10.25,--,153,156825,买盘
661,14:15:54,10.25,0.01,49,50225,买盘
662,14:15:51,10.24,-0.01,18,18892,卖盘
663,14:15:48,10.25,--,85,87125,买盘
664,14:15:42,10.25,--,500,512500,买盘
665,14:15:39,10.25,--,8,8200,买盘
666,14:15:36,10.25,--,919,941975,买盘
667,14:15:33,10.25,--,157,160925,买盘
668,14:15:30,10.25,--,257,263425,买盘
669,14:15:27,10.25,--,10,10250,买盘
670,14:15:24,10.25,--,500,512500,买盘
671,14:15:21,10.25,--,110,113221,买盘
672,14:15:18,10.25,0.01,51,52275,买盘
673,14:15:15,10.24,-0.01,141,145367,卖盘
674,14:15:12,10.25,--,100,102500,买盘
675,14:15:09,10.25,--,249,255225,买盘
676,14:15:06,10.25,--,221,226525,买盘
677,14:15:03,10.25,--,22,22550,买盘
678,14:15:00,10.25,--,20,20500,买盘
679,14:14:57,10.25,0.01,14,14350,买盘
680,14:14:54,10.24,--,1,1495,卖盘
681,14:14:48,10.24,--,1,1024,卖盘
682,14:14:45,10.24,--,0,10,卖盘
683,14:14:39,10.24,-0.01,64,65536,卖盘
684,14:14:36,10.25,--,334,342350,买盘
685,14:14:33,10.25,--,22,22550,买盘
686,14:14:27,10.25,0.01,39,39975,买盘
687,14:14:24,10.24,-0.01,1,1484,卖盘
688,14:14:18,10.25,0.01,77,78925,买盘
689,14:14:15,10.24,--,1,1024,卖盘
690,14:14:09,10.24,--,1,1024,卖盘
691,14:14:06,10.24,--,245,251822,买盘
692,14:14:03,10.24,--,290,296960,买盘
693,14:14:00,10.24,--,270,276480,买盘
694,14:13:57,10.24,--,434,444416,买盘
695,14:13:54,10.24,--,350,358871,买盘
696,14:13:51,10.24,--,45,46080,买盘
697,14:13:48,10.24,0.01,249,254976,买盘
698,14:13:45,10.23,-0.01,134,137082,卖盘
699,14:13:42,10.24,--,98,100352,买盘
700,14:13:39,10.24,--,10,10240,买盘
701,14:13:36,10.24,--,233,238592,买盘
702,14:13:33,10.24,--,156,159744,买盘
703,14:13:30,10.24,0.01,5,5120,买盘
704,14:13:27,10.23,-0.01,675,690985,卖盘
705,14:13:21,10.24,--,70,71680,买盘
706,14:13:18,10.24,--,198,202752,买盘
707,14:13:15,10.24,--,20,20480,买盘
708,14:13:09,10.24,--,19,19456,买盘
709,14:13:06,10.24,0.01,239,244736,买盘
710,14:12:57,10.23,--,77,79006,买盘
711,14:12:54,10.23,-0.01,348,356239,卖盘
712,14:12:45,10.24,0.01,713,730112,买盘
713,14:12:39,10.23,--,338,345774,卖盘
714,14:12:36,10.23,--,338,345774,卖盘
715,14:12:33,10.23,--,765,782595,卖盘
716,14:12:27,10.23,--,1,1483,卖盘
717,14:12:24,10.23,--,10,10230,卖盘
718,14:12:21,10.23,-0.01,438,448074,卖盘
719,14:12:18,10.24,0.01,136,139264,买盘
720,14:12:12,10.23,--,1045,1069362,买盘
721,14:12:09,10.23,--,300,306900,买盘
722,14:12:06,10.23,--,117,119691,买盘
723,14:12:03,10.23,--,227,232221,买盘
724,14:11:57,10.23,0.01,102,104816,买盘
725,14:11:51,10.22,-0.01,1,1022,卖盘
726,14:11:48,10.23,--,14,14322,买盘
727,14:11:36,10.23,--,450,460350,买盘
728,14:11:33,10.23,--,43,43989,买盘
729,14:11:30,10.23,0.01,11,11253,买盘
730,14:11:27,10.22,--,1,1492,卖盘
731,14:11:21,10.22,-0.01,231,236082,卖盘
732,14:11:18,10.23,--,225,230175,买盘
733,14:11:15,10.23,--,180,184140,买盘
734,14:11:06,10.23,--,70,71610,买盘
735,14:11:03,10.23,0.01,201,205623,买盘
736,14:10:57,10.22,--,131,134341,卖盘
737,14:10:51,10.22,--,79,80738,卖盘
738,14:10:48,10.22,-0.01,1,1022,卖盘
739,14:10:45,10.23,--,10,10230,买盘
740,14:10:42,10.23,--,244,249612,买盘
741,14:10:36,10.23,--,212,216876,买盘
742,14:10:33,10.23,--,517,529586,卖盘
743,14:10:27,10.23,--,929,950837,卖盘
744,14:10:24,10.23,--,6,6138,卖盘
745,14:10:21,10.23,--,500,511500,卖盘
746,14:10:12,10.23,--,450,460646,卖盘
747,14:10:06,10.23,--,236,241428,卖盘
748,14:09:57,10.23,-0.01,1,1483,卖盘
749,14:09:51,10.24,0.01,31,31744,买盘
750,14:09:45,10.23,--,1,1023,卖盘
751,14:09:42,10.23,--,5,5115,卖盘
752,14:09:36,10.23,-0.01,157,160611,卖盘
753,14:09:33,10.24,0.01,167,171008,买盘
754,14:09:30,10.23,--,4,4562,卖盘
755,14:09:24,10.23,--,765,783045,卖盘
756,14:09:21,10.23,--,1,1023,卖盘
757,14:09:18,10.23,-0.01,7,7570,卖盘
758,14:09:15,10.24,0.01,1,1024,买盘
759,14:09:09,10.23,-0.01,1,1023,卖盘
760,14:09:06,10.24,--,66,67584,买盘
761,14:09:03,10.24,--,169,173527,买盘
762,14:09:00,10.24,0.01,4,4096,买盘
763,14:08:57,10.23,-0.01,1,1023,卖盘
764,14:08:54,10.24,0.01,14,14336,买盘
765,14:08:48,10.23,--,1,1023,卖盘
766,14:08:36,10.23,--,234,239382,卖盘
767,14:08:33,10.23,-0.01,3,3529,卖盘
768,14:08:21,10.24,--,4,4096,买盘
769,14:08:15,10.24,--,10,10240,买盘
770,14:08:06,10.24,--,1,1024,买盘
771,14:08:03,10.24,0.01,233,238592,买盘
772,14:08:00,10.23,--,1,1493,卖盘
773,14:07:57,10.23,--,23,23529,卖盘
774,14:07:48,10.23,-0.01,12,12276,卖盘
775,14:07:36,10.24,--,22,22528,买盘
776,14:07:33,10.24,0.01,234,240076,买盘
777,14:07:30,10.23,--,3,3069,卖盘
778,14:07:21,10.23,--,1,1023,卖盘
779,14:07:12,10.23,--,98,100254,买盘
780,14:07:09,10.23,-0.01,2,2046,中性盘
781,14:07:03,10.24,0.01,234,240087,买盘
782,14:06:57,10.23,0.01,84,85932,中性盘
783,14:06:51,10.22,-0.01,1,1022,卖盘
784,14:06:48,10.23,--,14,14322,卖盘
785,14:06:45,10.23,--,5,5115,买盘
786,14:06:42,10.23,--,788,807044,卖盘
787,14:06:39,10.23,0.01,460,470682,买盘
788,14:06:36,10.22,-0.01,2,2503,卖盘
789,14:06:33,10.23,--,238,243474,买盘
790,14:06:30,10.23,--,36,36828,买盘
791,14:06:27,10.23,--,30,30690,买盘
792,14:06:24,10.23,--,8,8184,买盘
793,14:06:21,10.23,--,12,12276,买盘
794,14:06:18,10.23,--,44,45012,买盘
795,14:06:15,10.23,--,210,214830,买盘
796,14:06:09,10.23,0.01,98,100254,买盘
797,14:06:06,10.22,-0.01,245,250860,卖盘
798,14:06:03,10.23,--,2,2046,买盘
799,14:06:00,10.23,0.01,8,8184,买盘
800,14:05:54,10.22,-0.01,1,1022,卖盘
801,14:05:51,10.23,--,14,14322,买盘
802,14:05:48,10.23,--,7,7161,买盘
803,14:05:45,10.23,0.01,13,13299,中性盘
804,14:05:39,10.22,-0.01,80,81760,卖盘
805,14:05:36,10.23,--,63,65379,买盘
806,14:05:33,10.23,0.01,233,238359,买盘
807,14:05:30,10.22,-0.01,5,5110,卖盘
808,14:05:27,10.23,--,71,72633,买盘
809,14:05:24,10.23,--,120,123322,卖盘
810,14:05:06,10.23,-0.01,1,1483,卖盘
811,14:05:03,10.24,--,231,236544,买盘
812,14:05:00,10.24,0.01,500,512000,买盘
813,14:04:54,10.23,--,40,40920,买盘
814,14:04:51,10.23,--,375,384167,卖盘
815,14:04:48,10.23,--,1,1023,卖盘
816,14:04:39,10.23,-0.01,1,1974,中性盘
817,14:04:33,10.24,0.01,531,544307,买盘
818,14:04:27,10.23,--,20,20460,卖盘
819,14:04:12,10.23,--,184,188232,卖盘
820,14:04:09,10.23,-0.01,1,1483,卖盘
821,14:04:03,10.24,0.01,326,333824,买盘
822,14:04:00,10.23,--,37,37851,买盘
823,14:03:57,10.23,--,80,81840,卖盘
824,14:03:51,10.23,--,89,91047,买盘
825,14:03:42,10.23,--,12,12276,卖盘
826,14:03:39,10.23,-0.01,21,21953,卖盘
827,14:03:33,10.24,0.01,295,302080,买盘
828,14:03:27,10.23,0.01,453,464227,买盘
829,14:03:24,10.22,-0.01,1,1022,卖盘
830,14:03:18,10.23,--,10,10230,买盘
831,14:03:15,10.23,--,15,15345,买盘
832,14:03:12,10.23,0.01,17,17391,买盘
833,14:03:09,10.22,-0.01,1,1492,卖盘
834,14:03:03,10.23,--,283,289509,买盘
835,14:02:54,10.23,--,14,14322,买盘
836,14:02:51,10.23,--,11,11253,买盘
837,14:02:48,10.23,--,4,4092,买盘
838,14:02:42,10.23,0.01,2,2046,买盘
839,14:02:39,10.22,-0.01,18,18855,卖盘
840,14:02:36,10.23,--,6,6138,买盘
841,14:02:33,10.23,0.01,268,274164,买盘
842,14:02:30,10.22,-0.01,3,3066,卖盘
843,14:02:27,10.23,--,100,102300,买盘
844,14:02:24,10.23,--,17,17391,买盘
845,14:02:15,10.23,0.01,1,1023,买盘
846,14:02:12,10.22,--,11,11712,卖盘
847,14:02:09,10.22,-0.01,65,66430,卖盘
848,14:02:03,10.23,--,233,238359,买盘
849,14:01:57,10.23,--,65,66495,买盘
850,14:01:51,10.23,--,163,166749,买盘
851,14:01:48,10.23,0.01,9,9207,买盘
852,14:01:42,10.22,-0.01,1,1481,卖盘
853,14:01:39,10.23,--,26,26598,买盘
854,14:01:36,10.23,-0.01,80,81952,卖盘
855,14:01:33,10.24,--,236,241664,买盘
856,14:01:30,10.24,0.01,20,20480,买盘
857,14:01:27,10.23,--,486,498088,买盘
858,14:01:24,10.23,--,3,3181,卖盘
859,14:01:21,10.23,--,2,2956,买盘
860,14:01:12,10.23,--,7,7744,卖盘
861,14:01:09,10.23,-0.01,447,457281,卖盘
862,14:01:03,10.24,--,247,252928,买盘
863,14:01:00,10.24,0.01,45,46080,买盘
864,14:00:57,10.23,-0.01,513,524799,卖盘
865,14:00:48,10.24,0.01,10,10240,买盘
866,14:00:45,10.23,-0.01,491,502753,卖盘
867,14:00:33,10.24,0.01,749,766976,买盘
868,14:00:30,10.23,--,2,2046,卖盘
869,14:00:24,10.23,--,8,8184,卖盘
870,14:00:21,10.23,--,410,419430,卖盘
871,14:00:15,10.23,--,5,5585,卖盘
872,14:00:12,10.23,-0.01,522,534006,卖盘
873,14:00:03,10.24,0.01,651,666624,买盘
874,13:59:57,10.23,--,2,2046,卖盘
875,13:59:54,10.23,--,480,491040,卖盘
876,13:59:51,10.23,--,13,13708,卖盘
877,13:59:48,10.23,-0.01,1,1023,卖盘
878,13:59:45,10.24,0.01,36,36864,买盘
879,13:59:42,10.23,-0.01,420,429660,卖盘
880,13:59:36,10.24,--,16,16384,买盘
881,13:59:33,10.24,0.01,577,590848,买盘
882,13:59:30,10.23,--,3,3069,卖盘
883,13:59:24,10.23,--,49,50127,卖盘
884,13:59:21,10.23,-0.01,490,501270,卖盘
885,13:59:12,10.24,--,45,46080,买盘
886,13:59:03,10.24,--,87,89088,买盘
887,13:58:45,10.24,--,6,6144,买盘
888,13:58:36,10.24,--,6,6144,买盘
889,13:58:33,10.24,0.01,87,89088,买盘
890,13:58:30,10.23,--,2,2046,卖盘
891,13:58:18,10.23,-0.01,11,11253,卖盘
892,13:58:09,10.24,--,200,204800,买盘
893,13:58:06,10.24,--,20,20480,买盘
894,13:58:03,10.24,--,87,89088,买盘
895,13:57:51,10.24,0.01,10,10240,买盘
896,13:57:39,10.23,-0.01,1,1145,卖盘
897,13:57:33,10.24,0.01,87,89088,买盘
898,13:57:30,10.23,-0.01,10,10230,卖盘
899,13:57:27,10.24,--,5,5120,买盘
900,13:57:03,10.24,0.01,87,89088,买盘
901,13:56:36,10.23,-0.01,25,25575,卖盘
902,13:56:33,10.24,0.01,87,89088,买盘
903,13:56:30,10.23,--,3,3069,卖盘
904,13:56:21,10.23,--,1,1023,卖盘
905,13:56:15,10.23,-0.01,1,1023,卖盘
906,13:56:12,10.24,0.01,20,20480,买盘
907,13:56:06,10.23,-0.01,52,53196,卖盘
908,13:56:03,10.24,--,87,89088,买盘
909,13:56:00,10.24,0.01,2,2048,买盘
910,13:55:51,10.23,-0.01,1,1023,卖盘
911,13:55:45,10.24,--,130,133120,买盘
912,13:55:36,10.24,--,11,11264,买盘
913,13:55:33,10.24,0.01,86,88064,买盘
914,13:55:30,10.23,-0.01,5,5115,卖盘
915,13:55:06,10.24,--,9,9216,买盘
916,13:55:03,10.24,--,96,98304,买盘
917,13:55:00,10.24,0.01,50,51200,买盘
918,13:54:39,10.23,--,22,22506,卖盘
919,13:54:36,10.23,-0.01,2,2046,卖盘
920,13:54:33,10.24,0.01,167,171008,买盘
921,13:54:30,10.23,-0.01,3,3069,卖盘
922,13:54:27,10.24,0.01,10,10240,买盘
923,13:54:06,10.23,-0.01,2,2046,卖盘
924,13:54:03,10.24,--,87,89088,买盘
925,13:53:57,10.24,0.01,3,3072,买盘
926,13:53:51,10.23,-0.01,35,35805,卖盘
927,13:53:48,10.24,0.01,2,2048,买盘
928,13:53:45,10.23,--,501,512523,卖盘
929,13:53:36,10.23,-0.01,362,370326,卖盘
930,13:53:33,10.24,0.01,107,109568,买盘
931,13:53:30,10.23,--,6,6138,卖盘
932,13:53:27,10.23,-0.01,140,143220,卖盘
933,13:53:21,10.24,--,9,9216,买盘
934,13:53:18,10.24,0.01,458,469483,买盘
935,13:53:09,10.23,-0.01,346,354489,卖盘
936,13:53:06,10.24,--,5,5120,买盘
937,13:53:03,10.24,0.01,97,99328,买盘
938,13:53:00,10.23,--,432,441936,卖盘
939,13:52:54,10.23,--,1,1023,卖盘
940,13:52:51,10.23,-0.01,395,404085,卖盘
941,13:52:48,10.24,--,20,20480,买盘
942,13:52:45,10.24,--,10,10240,买盘
943,13:52:39,10.24,0.01,358,366592,买盘
944,13:52:36,10.23,-0.01,2,2046,卖盘
945,13:52:33,10.24,0.01,87,89088,买盘
946,13:52:30,10.23,--,2,2046,卖盘
947,13:52:27,10.23,--,551,563673,卖盘
948,13:52:24,10.23,-0.01,3,3069,卖盘
949,13:52:21,10.24,--,418,428032,买盘
950,13:52:18,10.24,--,55,56320,买盘
951,13:52:15,10.24,--,50,51200,买盘
952,13:52:12,10.24,--,8,8192,买盘
953,13:52:06,10.24,--,87,89088,买盘
954,13:52:03,10.24,--,100,102400,买盘
955,13:52:00,10.24,0.01,20,20480,买盘
956,13:51:57,10.23,-0.01,449,459327,卖盘
957,13:51:54,10.24,--,38,38912,买盘
958,13:51:51,10.24,0.01,29,29696,买盘
959,13:51:48,10.23,-0.01,500,511500,卖盘
960,13:51:45,10.24,0.01,46,47104,买盘
961,13:51:42,10.23,-0.01,300,306900,卖盘
962,13:51:39,10.24,--,66,67584,买盘
963,13:51:36,10.24,--,6,6144,买盘
964,13:51:33,10.24,0.01,87,89088,买盘
965,13:51:30,10.23,--,3,3069,卖盘
966,13:51:27,10.23,--,200,204600,卖盘
967,13:51:18,10.23,--,400,409200,卖盘
968,13:51:12,10.23,--,400,409200,卖盘
969,13:51:09,10.23,-0.01,6,6138,卖盘
970,13:51:06,10.24,--,402,411648,买盘
971,13:51:03,10.24,--,86,88064,买盘
972,13:51:00,10.24,--,7,7168,买盘
973,13:50:57,10.24,0.01,422,432128,买盘
974,13:50:51,10.23,-0.01,406,415338,卖盘
975,13:50:48,10.24,0.01,20,20480,买盘
976,13:50:42,10.23,-0.01,415,424545,卖盘
977,13:50:39,10.24,--,70,71680,买盘
978,13:50:33,10.24,0.01,601,615424,买盘
979,13:50:30,10.23,--,5,5115,卖盘
980,13:50:27,10.23,--,394,403808,卖盘
981,13:50:24,10.23,-0.01,18,18414,卖盘
982,13:50:21,10.24,0.01,8,8192,买盘
983,13:50:18,10.23,-0.01,502,513709,卖盘
984,13:50:15,10.24,--,15,15360,买盘
985,13:50:12,10.24,0.01,46,47104,买盘
986,13:50:06,10.23,-0.01,453,463531,卖盘
987,13:50:03,10.24,0.01,117,119808,买盘
988,13:50:00,10.23,-0.01,200,204600,卖盘
989,13:49:57,10.24,0.01,180,184320,买盘
990,13:49:54,10.23,--,379,387717,卖盘
991,13:49:51,10.23,-0.01,1,1023,卖盘
992,13:49:48,10.24,0.01,2,2048,买盘
993,13:49:42,10.23,-0.01,16,16368,卖盘
994,13:49:39,10.24,--,3,3072,买盘
995,13:49:33,10.24,0.01,150,153600,买盘
996,13:49:30,10.23,-0.01,544,556512,卖盘
997,13:49:27,10.24,0.01,10,10240,买盘
998,13:49:24,10.23,-0.01,5,5115,卖盘
999,13:49:09,10.24,--,6,6144,买盘
1000,13:49:06,10.24,--,50,51200,买盘
1001,13:49:03,10.24,--,92,94208,买盘
1002,13:49:00,10.24,--,179,183296,买盘
1003,13:48:54,10.24,0.01,17,17408,买盘
1004,13:48:48,10.23,-0.01,1,1023,卖盘
1005,13:48:45,10.24,0.01,10,10240,买盘
1006,13:48:39,10.23,--,5,5115,卖盘
1007,13:48:36,10.23,-0.01,2,2046,卖盘
1008,13:48:33,10.24,0.01,103,105472,买盘
1009,13:48:30,10.23,--,3,3069,卖盘
1010,13:48:24,10.23,-0.01,10,10230,卖盘
1011,13:48:21,10.24,0.01,20,20480,买盘
1012,13:48:15,10.23,-0.01,70,71610,卖盘
1013,13:48:06,10.24,--,5,5120,买盘
1014,13:48:03,10.24,--,90,92160,买盘
1015,13:47:57,10.24,--,50,51200,买盘
1016,13:47:36,10.24,--,116,118784,买盘
1017,13:47:33,10.24,0.01,137,140288,买盘
1018,13:47:30,10.23,--,5,5115,卖盘
1019,13:47:27,10.23,-0.01,5,5115,卖盘
1020,13:47:24,10.24,--,9,9216,买盘
1021,13:47:12,10.24,0.01,6,6144,买盘
1022,13:47:06,10.23,-0.01,1,1023,卖盘
1023,13:47:03,10.24,--,87,89088,买盘
1024,13:47:00,10.24,0.01,4,4096,买盘
1025,13:46:57,10.23,-0.01,5,5115,卖盘
1026,13:46:33,10.24,0.01,86,88064,买盘
1027,13:46:30,10.23,-0.01,3,3069,卖盘
1028,13:46:24,10.24,0.01,2,2048,买盘
1029,13:46:18,10.23,-0.01,10,10230,卖盘
1030,13:46:15,10.24,0.01,116,118784,买盘
1031,13:46:12,10.23,-0.01,1,1023,卖盘
1032,13:46:03,10.24,0.01,87,89088,买盘
1033,13:46:00,10.23,--,32,32736,卖盘
1034,13:45:54,10.23,-0.01,50,51150,卖盘
1035,13:45:51,10.24,0.01,105,107520,买盘
1036,13:45:48,10.23,--,5,5115,卖盘
1037,13:45:42,10.23,-0.01,5,5115,卖盘
1038,13:45:36,10.24,--,5,5120,买盘
1039,13:45:33,10.24,--,89,91136,买盘
1040,13:45:30,10.24,0.01,30,30720,买盘
1041,13:45:27,10.23,-0.01,30,30690,卖盘
1042,13:45:24,10.24,--,180,184320,买盘
1043,13:45:09,10.24,--,13,13312,买盘
1044,13:45:03,10.24,--,121,123904,买盘
1045,13:45:00,10.24,--,4,4096,买盘
1046,13:44:54,10.24,--,10,10240,买盘
1047,13:44:51,10.24,0.01,50,51200,买盘
1048,13:44:45,10.23,-0.01,1,1023,卖盘
1049,13:44:36,10.24,0.01,1,1024,买盘
1050,13:44:33,10.23,--,117,119691,卖盘
1051,13:44:27,10.23,-0.01,10,10230,卖盘
1052,13:44:15,10.24,--,110,112640,买盘
1053,13:44:09,10.24,--,10,10240,买盘
1054,13:44:06,10.24,--,104,106496,买盘
1055,13:44:03,10.24,--,108,110592,买盘
1056,13:43:54,10.24,--,3,3072,买盘
1057,13:43:48,10.24,--,100,102400,买盘
1058,13:43:45,10.24,--,290,296960,买盘
1059,13:43:39,10.24,--,1,1024,买盘
1060,13:43:36,10.24,--,5,5120,买盘
1061,13:43:33,10.24,0.01,108,110592,买盘
1062,13:43:30,10.23,-0.01,6,6138,卖盘
1063,13:43:24,10.24,--,1,1024,买盘
1064,13:43:21,10.24,--,23,23552,买盘
1065,13:43:18,10.24,--,20,20480,买盘
1066,13:43:15,10.24,--,60,61440,买盘
1067,13:43:12,10.24,--,1,1024,买盘
1068,13:43:03,10.24,--,110,112640,买盘
1069,13:42:54,10.24,--,1,1024,买盘
1070,13:42:51,10.24,--,4,4096,买盘
1071,13:42:48,10.24,--,10,10240,买盘
1072,13:42:42,10.24,--,190,194560,买盘
1073,13:42:39,10.24,0.01,181,185344,买盘
1074,13:42:36,10.23,-0.01,1,1023,卖盘
1075,13:42:33,10.24,0.01,108,110592,买盘
1076,13:42:30,10.23,-0.01,2,2046,卖盘
1077,13:42:27,10.24,--,1,1024,买盘
1078,13:42:24,10.24,--,19,19456,买盘
1079,13:42:21,10.24,--,3,3072,买盘
1080,13:42:15,10.24,--,86,88064,买盘
1081,13:42:09,10.24,0.01,20,20480,买盘
1082,13:42:06,10.23,-0.01,147,150381,卖盘
1083,13:42:03,10.24,--,107,109568,买盘
1084,13:41:57,10.24,0.01,1,1024,买盘
1085,13:41:54,10.23,--,162,165726,卖盘
1086,13:41:48,10.23,-0.01,438,448074,卖盘
1087,13:41:45,10.24,--,31,31744,买盘
1088,13:41:42,10.24,0.01,201,205824,买盘
1089,13:41:39,10.23,--,463,473649,卖盘
1090,13:41:36,10.23,-0.01,1,1023,卖盘
1091,13:41:33,10.24,0.01,109,111616,买盘
1092,13:41:30,10.23,-0.01,3,3069,卖盘
1093,13:41:27,10.24,0.01,181,185344,买盘
1094,13:41:21,10.23,-0.01,1,1023,卖盘
1095,13:41:15,10.24,--,21,21504,买盘
1096,13:41:12,10.24,--,9,9216,买盘
1097,13:41:09,10.24,0.01,378,387072,买盘
1098,13:41:03,10.23,-0.01,118,120714,卖盘
1099,13:40:57,10.24,--,1,1024,买盘
1100,13:40:51,10.24,0.01,6,6144,买盘
1101,13:40:45,10.23,--,1,1023,卖盘
1102,13:40:42,10.23,--,469,479787,卖盘
1103,13:40:39,10.23,-0.01,98,100254,卖盘
1104,13:40:33,10.24,0.01,108,110592,买盘
1105,13:40:30,10.23,--,3,3069,卖盘
1106,13:40:27,10.23,--,897,918132,买盘
1107,13:40:24,10.23,--,52,53196,买盘
1108,13:40:21,10.23,--,100,102300,买盘
1109,13:40:18,10.23,--,365,373395,买盘
1110,13:40:15,10.23,--,110,112530,买盘
1111,13:40:12,10.23,--,17,17391,买盘
1112,13:40:09,10.23,--,100,102300,买盘
1113,13:40:06,10.23,--,11,11253,买盘
1114,13:40:03,10.23,--,109,111507,买盘
1115,13:40:00,10.23,--,7,7161,买盘
1116,13:39:57,10.23,--,56,57288,买盘
1117,13:39:54,10.23,--,8,8184,买盘
1118,13:39:48,10.23,--,10,10230,买盘
1119,13:39:45,10.23,--,46,47058,买盘
1120,13:39:42,10.23,0.01,12,12276,买盘
1121,13:39:39,10.22,--,45,45990,卖盘
1122,13:39:36,10.22,-0.01,117,119574,卖盘
1123,13:39:33,10.23,0.01,108,110484,买盘
1124,13:39:30,10.22,-0.01,22,22484,卖盘
1125,13:39:27,10.23,--,119,121737,买盘
1126,13:39:24,10.23,--,50,51150,买盘
1127,13:39:21,10.23,--,30,30690,买盘
1128,13:39:12,10.23,--,521,532983,买盘
1129,13:39:06,10.23,--,161,164703,买盘
1130,13:39:03,10.23,0.01,109,111507,买盘
1131,13:39:00,10.22,-0.01,21,21462,卖盘
1132,13:38:54,10.23,0.01,2,2046,买盘
1133,13:38:48,10.22,-0.01,1,1022,卖盘
1134,13:38:45,10.23,--,209,213807,买盘
1135,13:38:42,10.23,--,1,1023,买盘
1136,13:38:39,10.23,0.01,7,7161,买盘
1137,13:38:36,10.22,-0.01,2,2044,卖盘
1138,13:38:33,10.23,--,122,124806,买盘
1139,13:38:27,10.23,0.01,21,21483,买盘
1140,13:38:21,10.22,-0.01,10,10220,卖盘
1141,13:38:18,10.23,--,1,1023,买盘
1142,13:38:12,10.23,--,60,61380,买盘
1143,13:38:09,10.23,0.01,1,1023,买盘
1144,13:38:06,10.22,-0.01,1,1022,卖盘
1145,13:38:03,10.23,--,118,120714,买盘
1146,13:37:57,10.23,--,1,1023,买盘
1147,13:37:48,10.23,--,1,1023,买盘
1148,13:37:45,10.23,0.01,119,121737,买盘
1149,13:37:39,10.22,--,2,2044,卖盘
1150,13:37:36,10.22,-0.01,2,2044,卖盘
1151,13:37:33,10.23,0.01,118,120714,买盘
1152,13:37:30,10.22,-0.01,90,91980,卖盘
1153,13:37:27,10.23,--,10,10230,买盘
1154,13:37:24,10.23,--,46,47058,买盘
1155,13:37:15,10.23,0.01,108,110484,买盘
1156,13:37:12,10.22,-0.01,2,2044,卖盘
1157,13:37:03,10.23,--,144,147312,买盘
1158,13:37:00,10.23,--,16,16368,买盘
1159,13:36:57,10.23,--,2,2046,买盘
1160,13:36:51,10.23,--,1,1023,买盘
1161,13:36:48,10.23,--,2,2046,买盘
1162,13:36:45,10.23,--,6,6138,买盘
1163,13:36:42,10.23,--,5,5115,买盘
1164,13:36:39,10.23,0.01,21,21483,买盘
1165,13:36:36,10.22,-0.01,54,55188,卖盘
1166,13:36:33,10.23,0.01,108,110484,买盘
1167,13:36:30,10.22,-0.01,9,9198,卖盘
1168,13:36:24,10.23,--,49,50127,买盘
1169,13:36:21,10.23,--,85,86955,买盘
1170,13:36:18,10.23,0.01,1,1023,买盘
1171,13:36:15,10.22,-0.01,6,6132,卖盘
1172,13:36:06,10.23,--,53,54219,买盘
1173,13:36:03,10.23,--,127,129921,买盘
1174,13:35:51,10.23,--,313,320720,卖盘
1175,13:35:45,10.23,--,510,521730,卖盘
1176,13:35:42,10.23,--,6,6138,卖盘
1177,13:35:39,10.23,--,1,1023,卖盘
1178,13:35:36,10.23,-0.01,905,925815,卖盘
1179,13:35:33,10.24,0.01,110,112640,买盘
1180,13:35:30,10.23,--,3,3069,卖盘
1181,13:35:21,10.23,--,438,448074,卖盘
1182,13:35:18,10.23,--,556,568788,卖盘
1183,13:35:15,10.23,-0.01,2,2046,卖盘
1184,13:35:09,10.24,0.01,11,11264,买盘
1185,13:35:06,10.23,-0.01,438,448074,卖盘
1186,13:35:03,10.24,--,558,571392,买盘
1187,13:35:00,10.24,0.01,1,1024,买盘
1188,13:34:51,10.23,--,450,460350,卖盘
1189,13:34:48,10.23,-0.01,1,1023,卖盘
1190,13:34:45,10.24,0.01,2,2048,买盘
1191,13:34:42,10.23,-0.01,21,21483,卖盘
1192,13:34:39,10.24,0.01,4,4096,买盘
1193,13:34:36,10.23,-0.01,2,2046,卖盘
1194,13:34:33,10.24,0.01,109,111616,买盘
1195,13:34:30,10.23,-0.01,2,2046,卖盘
1196,13:34:24,10.24,0.01,101,103424,买盘
1197,13:34:15,10.23,-0.01,5,5115,卖盘
1198,13:34:12,10.24,--,2,2048,买盘
1199,13:34:03,10.24,--,108,110592,买盘
1200,13:34:00,10.24,0.01,1,1024,买盘
1201,13:33:54,10.23,-0.01,1,1023,卖盘
1202,13:33:51,10.24,0.01,2,2048,买盘
1203,13:33:48,10.23,-0.01,1000,1023000,卖盘
1204,13:33:42,10.24,--,1,1024,买盘
1205,13:33:33,10.24,--,108,110592,买盘
1206,13:33:30,10.24,--,4,4096,买盘
1207,13:33:27,10.24,0.01,102,104448,买盘
1208,13:33:24,10.23,-0.01,1,1023,卖盘
1209,13:33:21,10.24,0.01,12,12288,买盘
1210,13:33:18,10.23,--,7,7161,卖盘
1211,13:33:15,10.23,-0.01,3,3069,卖盘
1212,13:33:12,10.24,0.01,1,1024,买盘
1213,13:33:06,10.23,-0.01,1,1023,卖盘
1214,13:33:03,10.24,--,107,109568,买盘
1215,13:32:54,10.24,0.01,1,1024,买盘
1216,13:32:51,10.23,-0.01,10,10230,卖盘
1217,13:32:42,10.24,0.01,5,5120,买盘
1218,13:32:39,10.23,-0.01,410,419430,卖盘
1219,13:32:36,10.24,--,8,8192,买盘
1220,13:32:33,10.24,0.01,598,612352,买盘
1221,13:32:30,10.23,-0.01,2,2046,卖盘
1222,13:32:24,10.24,0.01,11,11264,买盘
1223,13:32:21,10.23,--,4,4092,卖盘
1224,13:32:18,10.23,-0.01,460,470580,卖盘
1225,13:32:15,10.24,--,1,1024,买盘
1226,13:32:03,10.24,--,109,111616,买盘
1227,13:31:51,10.24,0.01,1,1024,买盘
1228,13:31:42,10.23,0.01,36,37329,买盘
1229,13:31:39,10.22,-0.01,12,12264,卖盘
1230,13:31:33,10.23,0.01,1108,1133484,买盘
1231,13:31:30,10.22,-0.01,3,3066,卖盘
1232,13:31:27,10.23,--,1,1023,买盘
1233,13:31:21,10.23,--,28,28644,买盘
1234,13:31:18,10.23,--,10,10230,买盘
1235,13:31:15,10.23,--,82,83886,买盘
1236,13:31:03,10.23,--,122,124806,买盘
1237,13:30:57,10.23,--,1,1023,买盘
1238,13:30:54,10.23,--,53,54219,买盘
1239,13:30:48,10.23,--,187,191822,卖盘
1240,13:30:42,10.23,--,17,17391,卖盘
1241,13:30:39,10.23,-0.01,2,2046,卖盘
1242,13:30:36,10.24,0.01,1,1024,买盘
1243,13:30:33,10.23,--,588,601524,卖盘
1244,13:30:30,10.23,--,6,6138,卖盘
1245,13:30:21,10.23,--,30,30690,卖盘
1246,13:30:12,10.23,-0.01,9,9207,卖盘
1247,13:30:03,10.24,0.01,108,110592,买盘
1248,13:29:45,10.23,0.01,1083,1108410,买盘
1249,13:29:39,10.22,-0.01,4,4088,卖盘
1250,13:29:36,10.23,--,10,10230,买盘
1251,13:29:33,10.23,0.01,118,120714,买盘
1252,13:29:30,10.22,--,2,2044,卖盘
1253,13:29:27,10.22,--,12,12264,卖盘
1254,13:29:18,10.22,-0.01,1,1022,卖盘
1255,13:29:15,10.23,--,5,5115,买盘
1256,13:29:12,10.23,--,28,28644,买盘
1257,13:29:09,10.23,--,10,10230,买盘
1258,13:29:06,10.23,--,100,102300,买盘
1259,13:29:03,10.23,--,113,115599,买盘
1260,13:29:00,10.23,--,20,20460,买盘
1261,13:28:57,10.23,--,2,2046,买盘
1262,13:28:54,10.23,--,12,12276,买盘
1263,13:28:45,10.23,--,2,2046,买盘
1264,13:28:39,10.23,0.01,9,9207,买盘
1265,13:28:36,10.22,-0.01,9,9198,卖盘
1266,13:28:33,10.23,0.01,107,109461,买盘
1267,13:28:30,10.22,-0.01,27,27594,卖盘
1268,13:28:27,10.23,0.01,4,4092,买盘
1269,13:28:24,10.22,--,10,10220,卖盘
1270,13:28:21,10.22,--,1,1022,卖盘
1271,13:28:18,10.22,--,754,770588,卖盘
1272,13:28:15,10.22,-0.01,1,1022,卖盘
1273,13:28:12,10.23,--,39,39897,买盘
1274,13:28:03,10.23,--,113,115599,买盘
1275,13:28:00,10.23,0.01,55,56265,买盘
1276,13:27:57,10.22,--,3,3066,卖盘
1277,13:27:54,10.22,-0.01,268,273896,卖盘
1278,13:27:51,10.23,--,20,20460,买盘
1279,13:27:45,10.23,--,10,10230,买盘
1280,13:27:36,10.23,--,76,77748,买盘
1281,13:27:33,10.23,0.01,108,110484,买盘
1282,13:27:30,10.22,-0.01,5,5110,卖盘
1283,13:27:21,10.23,--,10,10230,买盘
1284,13:27:03,10.23,--,108,110484,买盘
1285,13:27:00,10.23,--,11,11253,买盘
1286,13:26:39,10.23,0.01,21,21483,买盘
1287,13:26:36,10.22,-0.01,1,1022,卖盘
1288,13:26:33,10.23,0.01,116,118668,买盘
1289,13:26:30,10.22,-0.01,2,2044,卖盘
1290,13:26:27,10.23,--,2,2046,买盘
1291,13:26:21,10.23,--,3,3069,买盘
1292,13:26:15,10.23,--,6,6138,买盘
1293,13:26:12,10.23,0.01,1,1023,买盘
1294,13:26:09,10.22,-0.01,1,1022,卖盘
1295,13:26:03,10.23,--,109,111507,买盘
1296,13:25:57,10.23,--,1,1023,买盘
1297,13:25:54,10.23,--,41,41943,买盘
1298,13:25:45,10.23,--,2,2046,买盘
1299,13:25:42,10.23,--,21,21483,买盘
1300,13:25:36,10.23,--,5,5115,买盘
1301,13:25:33,10.23,--,108,110484,买盘
1302,13:25:30,10.23,--,15,15345,买盘
1303,13:25:24,10.23,--,21,21483,买盘
1304,13:25:21,10.23,--,1,1023,买盘
1305,13:25:18,10.23,--,102,104346,买盘
1306,13:25:15,10.23,--,137,140151,买盘
1307,13:25:12,10.23,--,15,15345,买盘
1308,13:25:09,10.23,--,11,11253,买盘
1309,13:25:03,10.23,--,119,121737,买盘
1310,13:25:00,10.23,--,1,1023,买盘
1311,13:24:57,10.23,--,17,17391,买盘
1312,13:24:51,10.23,--,72,73656,买盘
1313,13:24:48,10.23,--,115,117645,买盘
1314,13:24:45,10.23,--,2,2046,买盘
1315,13:24:42,10.23,-0.01,308,315605,卖盘
1316,13:24:36,10.24,--,540,552960,买盘
1317,13:24:33,10.24,0.01,108,110592,买盘
1318,13:24:30,10.23,--,4,4092,卖盘
1319,13:24:27,10.23,--,438,448074,卖盘
1320,13:24:21,10.23,-0.01,430,439890,卖盘
1321,13:24:18,10.24,0.01,4,4096,买盘
1322,13:24:15,10.23,--,439,449097,卖盘
1323,13:24:06,10.23,-0.01,6,6138,卖盘
1324,13:24:03,10.24,0.01,107,109568,买盘
1325,13:24:00,10.23,-0.01,564,576972,卖盘
1326,13:23:57,10.24,--,1,1024,买盘
1327,13:23:54,10.24,0.01,10,10240,买盘
1328,13:23:51,10.23,-0.01,8,8184,卖盘
1329,13:23:48,10.24,0.01,1,1024,买盘
1330,13:23:42,10.23,--,123,125829,卖盘
1331,13:23:39,10.23,--,452,462396,卖盘
1332,13:23:36,10.23,--,5,5115,卖盘
1333,13:23:33,10.23,--,201,205623,卖盘
1334,13:23:30,10.23,--,441,451143,卖盘
1335,13:23:27,10.23,-0.01,1,1023,卖盘
1336,13:23:24,10.24,0.01,222,227328,中性盘
1337,13:23:21,10.23,--,514,525822,卖盘
1338,13:23:18,10.23,--,106,108438,卖盘
1339,13:23:15,10.23,--,338,345774,卖盘
1340,13:23:12,10.23,--,500,511500,卖盘
1341,13:23:09,10.23,--,655,670065,卖盘
1342,13:23:06,10.23,-0.02,501,512523,卖盘
1343,13:23:03,10.25,0.02,109,111725,买盘
1344,13:23:00,10.23,-0.01,4,4092,卖盘
1345,13:22:54,10.24,--,1,1024,买盘
1346,13:22:45,10.24,--,5,5120,买盘
1347,13:22:39,10.24,--,88,90112,买盘
1348,13:22:36,10.24,--,21,21504,买盘
1349,13:22:33,10.24,--,110,112640,卖盘
1350,13:22:30,10.24,-0.01,3,3072,卖盘
1351,13:22:27,10.25,--,1,1025,买盘
1352,13:22:15,10.25,0.01,5,5125,买盘
1353,13:22:09,10.24,-0.01,2,2048,卖盘
1354,13:22:03,10.25,--,108,110700,买盘
1355,13:21:57,10.25,0.01,1,1025,买盘
1356,13:21:51,10.24,0.01,18,18432,买盘
1357,13:21:48,10.23,-0.01,58,59334,卖盘
1358,13:21:39,10.24,-0.01,1,1024,中性盘
1359,13:21:33,10.25,0.02,108,110700,买盘
1360,13:21:30,10.23,-0.01,2,2046,卖盘
1361,13:21:27,10.24,--,8,8192,卖盘
1362,13:21:24,10.24,--,41,41984,卖盘
1363,13:21:21,10.24,--,3,3072,买盘
1364,13:21:18,10.24,0.01,1,1024,中性盘
1365,13:21:09,10.23,--,100,102300,卖盘
1366,13:21:03,10.23,--,113,115599,卖盘
1367,13:20:57,10.23,-0.01,1976,2021448,卖盘
1368,13:20:48,10.24,--,1,1525,卖盘
1369,13:20:45,10.24,-0.01,33,33792,卖盘
1370,13:20:33,10.25,0.01,110,112750,买盘
1371,13:20:30,10.24,--,4,4096,卖盘
1372,13:20:15,10.24,--,10,10240,买盘
1373,13:20:12,10.24,--,2,2048,买盘
1374,13:20:09,10.24,--,10,10240,买盘
1375,13:20:06,10.24,-0.01,38,38912,卖盘
1376,13:20:03,10.25,--,108,110700,买盘
1377,13:19:57,10.25,--,1,1025,买盘
1378,13:19:51,10.25,--,1,1025,买盘
1379,13:19:42,10.25,0.01,1,1025,买盘
1380,13:19:39,10.24,-0.01,1,1024,卖盘
1381,13:19:33,10.25,0.01,108,110700,买盘
1382,13:19:30,10.24,-0.01,2,2048,卖盘
1383,13:19:18,10.25,0.01,1,1025,买盘
1384,13:19:15,10.24,--,10,10240,卖盘
1385,13:19:12,10.24,0.01,1,1024,中性盘
1386,13:19:06,10.23,-0.02,5,5115,卖盘
1387,13:19:03,10.25,--,110,112750,买盘
1388,13:18:51,10.25,0.02,1,1025,买盘
1389,13:18:48,10.23,-0.02,3,3069,卖盘
1390,13:18:42,10.25,0.02,2,2050,买盘
1391,13:18:36,10.23,-0.02,4,4092,卖盘
1392,13:18:33,10.25,0.02,108,110700,买盘
1393,13:18:30,10.23,--,3,3069,卖盘
1394,13:18:27,10.23,-0.02,1,1023,卖盘
1395,13:18:21,10.25,--,1,1025,买盘
1396,13:18:12,10.25,0.02,1,1025,买盘
1397,13:18:09,10.23,-0.01,804,822492,卖盘
1398,13:18:06,10.24,-0.01,46,47104,卖盘
1399,13:18:03,10.25,--,108,110700,买盘
1400,13:18:00,10.25,0.01,2,2050,买盘
1401,13:17:48,10.24,--,16,16384,卖盘
1402,13:17:45,10.24,-0.01,20,20480,卖盘
1403,13:17:42,10.25,--,1,1025,买盘
1404,13:17:33,10.25,0.01,108,110700,买盘
1405,13:17:30,10.24,-0.01,3,3072,卖盘
1406,13:17:24,10.25,0.01,1,1025,买盘
1407,13:17:21,10.24,--,13,13312,卖盘
1408,13:17:15,10.24,-0.01,27,27648,买盘
1409,13:17:06,10.25,--,1,1025,买盘
1410,13:17:03,10.25,0.01,108,110700,买盘
1411,13:16:54,10.24,--,21,21504,中性盘
1412,13:16:45,10.24,-0.01,1,1024,中性盘
1413,13:16:33,10.25,0.02,108,110700,买盘
1414,13:16:30,10.23,-0.01,3,3069,卖盘
1415,13:16:21,10.24,0.01,7,7168,买盘
1416,13:16:09,10.23,-0.01,1,1023,卖盘
1417,13:16:06,10.24,-0.01,6,6144,买盘
1418,13:16:03,10.25,--,108,110700,买盘
1419,13:15:54,10.25,--,1,1025,买盘
1420,13:15:51,10.25,0.02,1,1025,买盘
1421,13:15:42,10.23,-0.02,1,1023,卖盘
1422,13:15:36,10.25,--,1,1025,买盘
1423,13:15:33,10.25,0.02,108,110700,买盘
1424,13:15:30,10.23,-0.02,3,3069,卖盘
1425,13:15:27,10.25,0.01,1,1025,买盘
1426,13:15:24,10.24,--,10,10240,买盘
1427,13:15:21,10.24,--,26,27443,卖盘
1428,13:15:18,10.24,--,148,151552,卖盘
1429,13:15:15,10.24,--,200,204800,卖盘
1430,13:15:09,10.24,-0.01,10,10240,卖盘
1431,13:15:03,10.25,0.01,108,110700,买盘
1432,13:14:51,10.24,-0.01,1,1024,卖盘
1433,13:14:48,10.25,--,1149,1177725,买盘
1434,13:14:39,10.25,0.01,1,1025,买盘
1435,13:14:36,10.24,--,100,102400,卖盘
1436,13:14:30,10.24,--,3,3072,卖盘
1437,13:14:27,10.24,--,22,22528,卖盘
1438,13:14:24,10.24,-0.01,1,1024,卖盘
1439,13:14:18,10.25,0.01,1,1025,买盘
1440,13:14:15,10.24,-0.01,25,25600,卖盘
1441,13:14:09,10.25,--,3,3075,买盘
1442,13:14:03,10.25,0.01,104,106600,买盘
1443,13:13:57,10.24,-0.01,422,432128,卖盘
1444,13:13:45,10.25,--,1,1025,买盘
1445,13:13:42,10.25,0.01,1,1025,买盘
1446,13:13:39,10.24,-0.01,100,102400,卖盘
1447,13:13:36,10.25,0.01,345,353625,买盘
1448,13:13:30,10.24,--,2,2048,卖盘
1449,13:13:15,10.24,--,13,13312,卖盘
1450,13:13:06,10.24,--,0,204,卖盘
1451,13:13:00,10.24,-0.01,10,10240,卖盘
1452,13:12:48,10.25,0.01,1,1025,买盘
1453,13:12:30,10.24,-0.01,3,3072,卖盘
1454,13:12:24,10.25,--,1,1025,买盘
1455,13:12:21,10.25,0.01,1,1025,买盘
1456,13:12:12,10.24,--,6,6144,卖盘
1457,13:12:09,10.24,--,3,3072,卖盘
1458,13:11:57,10.24,-0.01,6,6144,卖盘
1459,13:11:54,10.25,0.01,3,3075,买盘
1460,13:11:48,10.24,--,1,1024,卖盘
1461,13:11:42,10.24,--,10,10240,卖盘
1462,13:11:33,10.24,--,1,1024,卖盘
1463,13:11:30,10.24,--,2,2048,卖盘
1464,13:11:24,10.24,-0.01,10,10240,卖盘
1465,13:11:21,10.25,0.01,1,1025,买盘
1466,13:11:18,10.24,--,30,30720,卖盘
1467,13:11:00,10.24,--,30,30720,卖盘
1468,13:10:57,10.24,-0.01,1,1024,卖盘
1469,13:10:45,10.25,--,5,5125,买盘
1470,13:10:42,10.25,0.01,1,1025,买盘
1471,13:10:30,10.24,-0.01,4,4096,卖盘
1472,13:10:21,10.25,--,110,112750,买盘
1473,13:10:18,10.25,--,20,20500,买盘
1474,13:10:09,10.25,0.01,5,5125,买盘
1475,13:10:03,10.24,--,1,1024,卖盘
1476,13:10:00,10.24,-0.01,10,10240,卖盘
1477,13:09:45,10.25,0.01,6,6150,买盘
1478,13:09:33,10.24,--,1022,1046528,卖盘
1479,13:09:30,10.24,--,3,3072,卖盘
1480,13:09:27,10.24,-0.01,3,3072,卖盘
1481,13:09:09,10.25,0.01,9,9225,买盘
1482,13:09:03,10.24,--,1,1024,卖盘
1483,13:08:57,10.24,-0.01,3,3072,卖盘
1484,13:08:51,10.25,0.01,210,215250,买盘
1485,13:08:48,10.24,-0.01,101,103424,卖盘
1486,13:08:36,10.25,0.01,2,2050,买盘
1487,13:08:33,10.24,--,9,9216,卖盘
1488,13:08:30,10.24,--,2,2048,卖盘
1489,13:08:24,10.24,--,10,10240,卖盘
1490,13:08:21,10.24,--,50,51200,卖盘
1491,13:08:18,10.24,--,1,1024,卖盘
1492,13:07:51,10.24,--,4,4096,卖盘
1493,13:07:33,10.24,--,10,10240,卖盘
1494,13:07:30,10.24,-0.01,3,3072,卖盘
1495,13:07:27,10.25,--,1,1025,买盘
1496,13:07:24,10.25,--,3,3075,买盘
1497,13:07:18,10.25,--,2,2050,买盘
1498,13:07:09,10.25,--,1,1025,买盘
1499,13:07:00,10.25,0.01,58,59450,买盘
1500,13:06:54,10.24,-0.01,10,10240,卖盘
1501,13:06:51,10.25,--,1,1025,买盘
1502,13:06:48,10.25,--,1,1025,买盘
1503,13:06:39,10.25,--,1,1025,买盘
1504,13:06:33,10.25,0.01,49,50225,买盘
1505,13:06:30,10.24,-0.01,79,80896,卖盘
1506,13:06:21,10.25,--,1,1025,买盘
1507,13:06:15,10.25,--,30,30750,买盘
1508,13:06:12,10.25,--,1,1025,买盘
1509,13:06:03,10.25,--,10,10250,买盘
1510,13:05:57,10.25,0.01,36,36900,买盘
1511,13:05:54,10.24,-0.01,11,11264,卖盘
1512,13:05:51,10.25,0.01,11,11275,买盘
1513,13:05:42,10.24,-0.01,10,10240,卖盘
1514,13:05:39,10.25,--,3,3075,买盘
1515,13:05:36,10.25,0.01,1,1025,买盘
1516,13:05:30,10.24,-0.01,3,3072,卖盘
1517,13:05:27,10.25,--,1,1025,买盘
1518,13:05:15,10.25,--,1,1025,买盘
1519,13:05:12,10.25,--,4,4100,买盘
1520,13:05:06,10.25,--,1,1025,买盘
1521,13:05:03,10.25,--,20,20500,买盘
1522,13:05:00,10.25,--,31,31775,买盘
1523,13:04:54,10.25,--,1,1025,买盘
1524,13:04:48,10.25,--,1,1025,买盘
1525,13:04:45,10.25,0.01,5,5125,买盘
1526,13:04:36,10.24,-0.01,26,26624,卖盘
1527,13:04:33,10.25,0.01,17,17425,买盘
1528,13:04:30,10.24,-0.01,3,3072,卖盘
1529,13:04:18,10.25,--,1,1025,买盘
1530,13:04:12,10.25,--,50,51250,买盘
1531,13:04:09,10.25,--,10,10250,买盘
1532,13:04:06,10.25,--,1,1025,买盘
1533,13:04:03,10.25,--,8,8200,买盘
1534,13:03:57,10.25,--,1,1025,买盘
1535,13:03:42,10.25,--,2,2050,买盘
1536,13:03:36,10.25,0.01,1,1025,买盘
1537,13:03:30,10.24,-0.01,2,2048,卖盘
1538,13:03:24,10.25,--,1,1025,买盘
1539,13:03:15,10.25,--,40,41000,买盘
1540,13:03:12,10.25,--,1,1025,买盘
1541,13:03:00,10.25,--,1,1025,买盘
1542,13:02:48,10.25,0.01,1,1025,买盘
1543,13:02:45,10.24,-0.01,50,51200,卖盘
1544,13:02:39,10.25,--,10,10250,买盘
1545,13:02:36,10.25,0.01,1,1025,买盘
1546,13:02:30,10.24,-0.01,3,3072,卖盘
1547,13:02:24,10.25,--,22,22550,买盘
1548,13:02:21,10.25,--,1,1025,买盘
1549,13:02:15,10.25,--,1,1025,买盘
1550,13:02:03,10.25,--,1,1025,买盘
1551,13:01:51,10.25,0.01,1,1025,买盘
1552,13:01:42,10.24,-0.01,1,1024,卖盘
1553,13:01:39,10.25,0.01,1,1025,买盘
1554,13:01:33,10.24,--,101,103424,卖盘
1555,13:01:30,10.24,-0.01,304,311296,卖盘
1556,13:01:24,10.25,0.01,20,20500,买盘
1557,13:01:21,10.24,-0.01,200,204800,卖盘
1558,13:01:18,10.25,--,1,1025,买盘
1559,13:01:15,10.25,--,2,2050,买盘
1560,13:01:09,10.25,--,1,1025,买盘
1561,13:01:00,10.25,--,20,20500,买盘
1562,13:00:57,10.25,--,2,2050,买盘
1563,13:00:51,10.25,--,1,1025,买盘
1564,13:00:45,10.25,0.01,392,401800,买盘
1565,13:00:39,10.24,-0.01,1,1024,卖盘
1566,13:00:36,10.25,--,10,10250,买盘
1567,13:00:33,10.25,--,29,29725,买盘
1568,13:00:18,10.25,--,47,48175,买盘
1569,13:00:12,10.25,0.01,160,164000,买盘
1570,13:00:09,10.24,-0.01,128,131072,卖盘
1571,13:00:06,10.25,0.01,89,91430,买盘
1572,13:00:03,10.24,--,493,504832,卖盘
1573,13:00:00,10.24,--,0,0,卖盘
1574,11:30:00,10.24,--,0,0,卖盘
1575,11:29:57,10.24,-0.01,48,49152,卖盘
1576,11:29:54,10.25,--,6,6150,买盘
1577,11:29:51,10.25,--,2083,2135075,买盘
1578,11:29:48,10.25,--,1,1025,买盘
1579,11:29:36,10.25,--,20,20500,买盘
1580,11:29:33,10.25,0.01,17,17425,买盘
1581,11:29:30,10.24,-0.01,3,3072,卖盘
1582,11:29:27,10.25,--,10,10250,买盘
1583,11:29:24,10.25,--,23,23575,买盘
1584,11:29:21,10.25,--,21,21525,买盘
1585,11:29:18,10.25,--,13,13325,买盘
1586,11:29:12,10.25,--,1,1025,买盘
1587,11:29:09,10.25,--,53,54325,买盘
1588,11:29:06,10.25,--,2,2050,买盘
1589,11:29:03,10.25,0.01,46,47150,买盘
1590,11:28:57,10.24,--,1,1024,卖盘
1591,11:28:54,10.24,-0.01,3,3072,卖盘
1592,11:28:51,10.25,--,2,2050,买盘
1593,11:28:48,10.25,--,179,183475,买盘
1594,11:28:45,10.25,--,13,13325,买盘
1595,11:28:42,10.25,0.01,1,1025,买盘
1596,11:28:30,10.24,--,25,25600,卖盘
1597,11:28:21,10.24,-0.01,3,3072,卖盘
1598,11:28:15,10.25,--,522,535050,买盘
1599,11:28:12,10.25,--,48,49200,买盘
1600,11:28:03,10.25,--,1,1025,买盘
1601,11:28:00,10.25,0.01,24,24600,买盘
1602,11:27:54,10.24,-0.01,10,10240,卖盘
1603,11:27:51,10.25,--,1,1025,买盘
1604,11:27:48,10.25,--,44,45100,买盘
1605,11:27:42,10.25,--,22,22550,买盘
1606,11:27:39,10.25,0.01,1,1025,买盘
1607,11:27:30,10.24,-0.01,96,98304,卖盘
1608,11:27:27,10.25,--,1,1025,买盘
1609,11:27:21,10.25,--,1,1025,买盘
1610,11:27:12,10.25,--,20,20500,买盘
1611,11:27:06,10.25,0.01,2,2050,买盘
1612,11:27:03,10.24,-0.01,8,8192,卖盘
1613,11:26:57,10.25,--,27,27675,买盘
1614,11:26:51,10.25,--,20,20500,买盘
1615,11:26:45,10.25,--,1,1025,买盘
1616,11:26:39,10.25,--,5,5125,买盘
1617,11:26:33,10.25,0.01,6,6150,买盘
1618,11:26:30,10.24,-0.01,3,3072,卖盘
1619,11:26:27,10.25,--,3,3075,买盘
1620,11:26:24,10.25,0.01,1,1025,买盘
1621,11:26:21,10.24,-0.01,1,1024,卖盘
1622,11:26:18,10.25,--,4,4100,买盘
1623,11:26:09,10.25,--,1,1025,买盘
1624,11:26:03,10.25,--,5,5125,买盘
1625,11:26:00,10.25,--,4,4100,买盘
1626,11:25:57,10.25,0.01,1,1025,买盘
1627,11:25:54,10.24,-0.01,1,1024,卖盘
1628,11:25:48,10.25,--,1,1025,买盘
1629,11:25:33,10.25,--,6,6150,买盘
1630,11:25:30,10.25,--,4,4100,买盘
1631,11:25:24,10.25,--,7,7175,买盘
1632,11:25:21,10.25,--,200,205000,买盘
1633,11:25:18,10.25,--,1,1025,买盘
1634,11:25:15,10.25,--,1,1025,买盘
1635,11:25:03,10.25,--,4,4100,买盘
1636,11:25:00,10.25,--,1,1025,买盘
1637,11:24:57,10.25,0.01,50,51250,买盘
1638,11:24:54,10.24,-0.01,106,108544,卖盘
1639,11:24:51,10.25,--,200,205000,买盘
1640,11:24:48,10.25,--,301,308525,买盘
1641,11:24:39,10.25,--,1,1025,买盘
1642,11:24:36,10.25,--,300,307500,买盘
1643,11:24:33,10.25,0.01,5,5125,买盘
1644,11:24:30,10.24,-0.01,4,4096,卖盘
1645,11:24:27,10.25,--,300,307500,买盘
1646,11:24:24,10.25,--,37,37925,买盘
1647,11:24:18,10.25,0.01,17,17425,买盘
1648,11:24:15,10.24,-0.01,53,54272,卖盘
1649,11:24:03,10.25,--,5,5125,买盘
1650,11:23:51,10.25,--,3,3075,买盘
1651,11:23:45,10.25,0.01,180,184500,买盘
1652,11:23:42,10.24,-0.01,406,415744,卖盘
1653,11:23:33,10.25,0.01,5,5125,买盘
1654,11:23:30,10.24,--,14,14336,卖盘
1655,11:23:18,10.24,-0.01,8,8192,卖盘
1656,11:23:12,10.25,--,19,19475,买盘
1657,11:23:03,10.25,0.01,4,4100,买盘
1658,11:22:57,10.24,-0.01,34,34816,卖盘
1659,11:22:54,10.25,0.01,5,5125,买盘
1660,11:22:51,10.24,-0.01,5,5120,卖盘
1661,11:22:45,10.25,--,100,102500,买盘
1662,11:22:33,10.25,0.01,5,5125,买盘
1663,11:22:30,10.24,--,3,3072,卖盘
1664,11:22:27,10.24,-0.01,50,51200,卖盘
1665,11:22:24,10.25,--,11,11275,买盘
1666,11:22:06,10.25,--,86,88150,买盘
1667,11:22:03,10.25,--,5,5125,买盘
1668,11:21:57,10.25,--,2,2050,买盘
1669,11:21:54,10.25,0.01,120,123000,买盘
1670,11:21:51,10.24,-0.01,3,3072,卖盘
1671,11:21:45,10.25,0.01,11,11275,买盘
1672,11:21:42,10.24,-0.01,10,10240,卖盘
1673,11:21:33,10.25,--,5,5125,买盘
1674,11:21:30,10.25,--,103,105575,买盘
1675,11:21:27,10.25,--,10,10250,买盘
1676,11:21:24,10.25,--,30,30750,买盘
1677,11:21:21,10.25,--,4,4100,买盘
1678,11:21:12,10.25,--,1,1025,买盘
1679,11:21:09,10.25,--,107,109675,买盘
1680,11:21:06,10.25,--,5,5125,买盘
1681,11:21:03,10.25,--,5,5125,买盘
1682,11:20:57,10.25,--,52,53300,买盘
1683,11:20:54,10.25,--,300,307500,买盘
1684,11:20:36,10.25,--,9,9225,买盘
1685,11:20:33,10.25,0.01,4,4100,买盘
1686,11:20:30,10.24,-0.01,2,2048,卖盘
1687,11:20:21,10.25,--,40,41000,买盘
1688,11:20:15,10.25,--,100,102500,买盘
1689,11:20:12,10.25,0.01,158,161950,买盘
1690,11:20:09,10.24,-0.01,21,21504,卖盘
1691,11:20:03,10.25,0.01,5,5125,买盘
1692,11:19:57,10.24,-0.01,1,1024,卖盘
1693,11:19:51,10.25,--,7,7175,买盘
1694,11:19:36,10.25,--,15,15375,买盘
1695,11:19:33,10.25,0.01,5,5125,买盘
1696,11:19:30,10.24,-0.01,7,7168,卖盘
1697,11:19:24,10.25,--,11,11275,买盘
1698,11:19:09,10.25,--,200,205000,买盘
1699,11:19:06,10.25,--,15,15375,买盘
1700,11:19:03,10.25,--,5,5125,买盘
1701,11:18:57,10.25,0.01,400,410000,买盘
1702,11:18:48,10.24,-0.01,3,3072,卖盘
1703,11:18:45,10.25,--,300,307500,买盘
1704,11:18:33,10.25,0.01,104,106600,买盘
1705,11:18:30,10.24,-0.01,2,2048,卖盘
1706,11:18:12,10.25,--,20,20500,买盘
1707,11:18:03,10.25,--,5,5125,买盘
1708,11:17:57,10.25,--,20,20500,买盘
1709,11:17:51,10.25,-0.01,310,318067,卖盘
1710,11:17:45,10.26,0.01,21,21546,买盘
1711,11:17:42,10.25,-0.01,430,440750,卖盘
1712,11:17:33,10.26,0.01,5,5130,买盘
1713,11:17:30,10.25,--,488,500200,卖盘
1714,11:17:27,10.25,--,100,102500,卖盘
1715,11:17:21,10.25,--,480,492000,卖盘
1716,11:17:18,10.25,--,13,13601,卖盘
1717,11:17:09,10.25,--,3832,3928230,买盘
1718,11:17:03,10.25,--,5,5125,买盘
1719,11:16:57,10.25,--,1045,1071719,卖盘
1720,11:16:54,10.25,--,30,30750,卖盘
1721,11:16:51,10.25,--,360,369000,卖盘
1722,11:16:45,10.25,--,410,420250,卖盘
1723,11:16:33,10.25,--,24,24600,卖盘
1724,11:16:30,10.25,--,3,3075,卖盘
1725,11:16:27,10.25,--,20,20500,卖盘
1726,11:16:12,10.25,-0.01,500,512500,卖盘
1727,11:16:03,10.26,0.01,5,5130,买盘
1728,11:16:00,10.25,-0.01,511,523775,卖盘
1729,11:15:54,10.26,--,1313,1347138,买盘
1730,11:15:39,10.26,--,10,10260,买盘
1731,11:15:33,10.26,0.01,5,5130,买盘
1732,11:15:30,10.25,-0.01,2,2050,卖盘
1733,11:15:27,10.26,0.01,3,3078,买盘
1734,11:15:24,10.25,--,10,10250,卖盘
1735,11:15:21,10.25,--,662,678550,卖盘
1736,11:15:12,10.25,--,5,5125,卖盘
1737,11:15:09,10.25,--,67,68675,卖盘
1738,11:15:06,10.25,-0.01,21,21935,卖盘
1739,11:15:03,10.26,0.01,5,5130,买盘
1740,11:14:57,10.25,--,4,4100,卖盘
1741,11:14:51,10.25,-0.01,8,8200,卖盘
1742,11:14:36,10.26,--,3,3078,买盘
1743,11:14:33,10.26,0.01,8,8208,买盘
1744,11:14:30,10.25,--,3,3075,卖盘
1745,11:14:12,10.25,-0.01,8,8856,卖盘
1746,11:14:03,10.26,0.01,5,5130,买盘
1747,11:14:00,10.25,-0.01,5,5125,卖盘
1748,11:13:57,10.26,0.01,10,10260,买盘
1749,11:13:36,10.25,-0.01,75,76875,卖盘
1750,11:13:33,10.26,0.01,15,15390,买盘
1751,11:13:30,10.25,-0.01,3,3075,卖盘
1752,11:13:12,10.26,--,193,198018,买盘
1753,11:13:06,10.26,--,153,156978,买盘
1754,11:13:03,10.26,--,5,5130,买盘
1755,11:13:00,10.26,0.01,100,102600,买盘
1756,11:12:54,10.25,--,8,8200,卖盘
1757,11:12:51,10.25,-0.01,13,13714,卖盘
1758,11:12:33,10.26,0.01,4,4104,买盘
1759,11:12:30,10.25,--,2,2050,卖盘
1760,11:12:24,10.25,-0.01,10,10250,卖盘
1761,11:12:21,10.26,0.01,19,19494,买盘
1762,11:12:09,10.25,--,20,20500,卖盘
1763,11:12:03,10.25,-0.01,20,20500,卖盘
1764,11:11:57,10.26,--,1,1026,买盘
1765,11:11:51,10.26,0.01,10,10260,买盘
1766,11:11:48,10.25,-0.01,60,61500,卖盘
1767,11:11:45,10.26,--,200,205200,买盘
1768,11:11:42,10.26,--,10,10260,买盘
1769,11:11:33,10.26,0.01,27,27702,买盘
1770,11:11:30,10.25,--,3,3075,卖盘
1771,11:11:06,10.25,-0.01,500,512500,卖盘
1772,11:11:03,10.26,0.01,5,5130,买盘
1773,11:11:00,10.25,-0.01,500,512500,卖盘
1774,11:10:57,10.26,--,100,102600,买盘
1775,11:10:54,10.26,0.01,108,110808,买盘
1776,11:10:51,10.25,-0.01,434,445249,卖盘
1777,11:10:42,10.26,--,4,4104,买盘
1778,11:10:33,10.26,0.01,4,4104,买盘
1779,11:10:30,10.25,-0.01,18,18450,卖盘
1780,11:10:27,10.26,0.01,5,5130,买盘
1781,11:10:21,10.25,-0.01,1,1230,卖盘
1782,11:10:09,10.26,--,19,19494,卖盘
1783,11:10:06,10.26,--,100,102600,卖盘
1784,11:10:03,10.26,--,11,11286,卖盘
1785,11:09:48,10.26,--,1,1026,卖盘
1786,11:09:42,10.26,-0.01,20,20520,卖盘
1787,11:09:33,10.27,0.01,5,5135,买盘
1788,11:09:30,10.26,--,3,3078,卖盘
1789,11:09:15,10.26,--,300,307800,卖盘
1790,11:09:06,10.26,-0.01,70,71820,卖盘
1791,11:09:03,10.27,0.01,6,6162,买盘
1792,11:09:00,10.26,--,61,62586,买盘
1793,11:08:54,10.26,0.01,36,36936,买盘
1794,11:08:48,10.25,-0.01,51,52275,卖盘
1795,11:08:45,10.26,--,43,44118,卖盘
1796,11:08:42,10.26,--,69,70794,卖盘
1797,11:08:39,10.26,--,20,20520,卖盘
1798,11:08:33,10.26,--,11,11286,卖盘
1799,11:08:30,10.26,-0.01,303,310878,卖盘
1800,11:08:27,10.27,0.01,1,1027,买盘
1801,11:08:24,10.26,--,30,30780,卖盘
1802,11:08:12,10.26,-0.01,1,1026,卖盘
1803,11:08:03,10.27,0.01,4,4108,买盘
1804,11:08:00,10.26,--,11,11286,卖盘
1805,11:07:51,10.26,--,5,5130,卖盘
1806,11:07:48,10.26,--,58,59508,买盘
1807,11:07:45,10.26,0.01,2,2052,买盘
1808,11:07:39,10.25,-0.01,100,102500,卖盘
1809,11:07:33,10.26,0.01,32,32832,买盘
1810,11:07:30,10.25,-0.01,2,2050,卖盘
1811,11:07:21,10.26,--,16,16416,买盘
1812,11:07:18,10.26,0.01,100,102600,买盘
1813,11:07:15,10.25,--,16,16400,卖盘
1814,11:07:12,10.25,-0.01,14,14350,卖盘
1815,11:07:09,10.26,--,17,17442,买盘
1816,11:07:03,10.26,0.01,5,5130,买盘
1817,11:07:00,10.25,-0.02,234,240393,卖盘
1818,11:06:54,10.27,0.02,332,340964,买盘
1819,11:06:48,10.25,-0.01,343,351810,卖盘
1820,11:06:45,10.26,--,361,370704,卖盘
1821,11:06:39,10.26,--,325,333685,卖盘
1822,11:06:33,10.26,--,156,160486,卖盘
1823,11:06:30,10.26,--,3,3078,卖盘
1824,11:06:27,10.26,0.01,10,10260,中性盘
1825,11:06:24,10.25,-0.01,353,362030,卖盘
1826,11:06:15,10.26,--,389,399647,买盘
1827,11:06:03,10.26,0.01,4,4104,买盘
1828,11:05:57,10.25,-0.01,2,2050,卖盘
1829,11:05:54,10.26,--,913,936738,买盘
1830,11:05:48,10.26,0.01,14,14364,买盘
1831,11:05:42,10.25,-0.01,16,16400,卖盘
1832,11:05:39,10.26,--,411,421686,买盘
1833,11:05:36,10.26,--,1,1026,买盘
1834,11:05:33,10.26,0.01,5,5130,买盘
1835,11:05:30,10.25,-0.01,47,48175,卖盘
1836,11:05:27,10.26,0.01,54,55404,买盘
1837,11:05:24,10.25,-0.01,1,1025,卖盘
1838,11:05:21,10.26,--,18,18468,买盘
1839,11:05:15,10.26,--,10,10260,买盘
1840,11:05:12,10.26,0.01,45,46170,买盘
1841,11:05:09,10.25,-0.01,36,36900,卖盘
1842,11:05:06,10.26,--,55,56430,买盘
1843,11:05:03,10.26,--,103,105678,买盘
1844,11:04:57,10.26,--,93,95418,卖盘
1845,11:04:42,10.26,-0.01,20,20520,卖盘
1846,11:04:39,10.27,--,179,183833,买盘
1847,11:04:33,10.27,0.02,5,5135,买盘
1848,11:04:30,10.25,-0.01,3,3075,卖盘
1849,11:04:27,10.26,--,10,10260,中性盘
1850,11:04:24,10.26,--,10,10260,卖盘
1851,11:04:21,10.26,--,76,77976,买盘
1852,11:04:18,10.26,--,63,64638,买盘
1853,11:04:03,10.26,--,21,21546,买盘
1854,11:04:00,10.26,--,20,20520,买盘
1855,11:03:57,10.26,--,1,1026,买盘
1856,11:03:54,10.26,--,96,98496,买盘
1857,11:03:51,10.26,--,17,17442,买盘
1858,11:03:45,10.26,0.01,12,12312,买盘
1859,11:03:42,10.25,-0.01,30,30750,卖盘
1860,11:03:39,10.26,--,35,35910,买盘
1861,11:03:33,10.26,0.01,27,27702,买盘
1862,11:03:30,10.25,-0.01,19,19475,卖盘
1863,11:03:27,10.26,--,4,4104,买盘
1864,11:03:21,10.26,0.01,974,999324,买盘
1865,11:03:18,10.25,-0.01,1,1025,卖盘
1866,11:03:12,10.26,--,476,488376,买盘
1867,11:03:03,10.26,--,26,26676,买盘
1868,11:03:00,10.26,--,11,11286,买盘
1869,11:02:51,10.26,--,70,71820,买盘
1870,11:02:48,10.26,--,3,3078,买盘
1871,11:02:42,10.26,--,3,3078,买盘
1872,11:02:36,10.26,--,10,10260,买盘
1873,11:02:33,10.26,0.01,15,15390,买盘
1874,11:02:30,10.25,-0.01,2,2050,卖盘
1875,11:02:27,10.26,--,8,8208,买盘
1876,11:02:18,10.26,--,20,20520,买盘
1877,11:02:15,10.26,--,40,41040,买盘
1878,11:02:12,10.26,--,10,10260,买盘
1879,11:02:03,10.26,--,4,4104,买盘
1880,11:01:57,10.26,--,57,58482,买盘
1881,11:01:54,10.26,--,50,51300,买盘
1882,11:01:51,10.26,0.01,3,3078,买盘
1883,11:01:45,10.25,--,16,16400,卖盘
1884,11:01:36,10.25,--,68,69700,买盘
1885,11:01:33,10.25,0.01,5,5125,买盘
1886,11:01:30,10.24,-0.01,133,136192,卖盘
1887,11:01:24,10.25,--,137,140425,买盘
1888,11:01:18,10.25,--,40,41000,买盘
1889,11:01:15,10.25,--,33,33825,买盘
1890,11:01:12,10.25,--,22,22550,买盘
1891,11:01:09,10.25,0.01,11,11275,买盘
1892,11:01:06,10.24,-0.01,27,27648,卖盘
1893,11:01:03,10.25,--,5,5125,买盘
1894,11:01:00,10.25,--,102,104550,买盘
1895,11:00:57,10.25,--,346,354650,买盘
1896,11:00:54,10.25,--,174,178350,买盘
1897,11:00:51,10.25,--,19,19475,买盘
1898,11:00:48,10.25,--,180,184500,买盘
1899,11:00:42,10.25,--,33,33825,买盘
1900,11:00:36,10.25,--,67,68675,买盘
1901,11:00:33,10.25,0.01,5,5125,买盘
1902,11:00:30,10.24,--,18,18432,买盘
1903,11:00:27,10.24,0.01,12,12288,买盘
1904,11:00:21,10.23,--,321,328383,买盘
1905,11:00:18,10.23,--,182,186186,买盘
1906,11:00:15,10.23,--,51,52173,买盘
1907,11:00:12,10.23,--,68,69564,买盘
1908,11:00:09,10.23,--,316,323268,买盘
1909,11:00:06,10.23,--,91,93093,买盘
1910,11:00:03,10.23,--,18,18414,买盘
1911,11:00:00,10.23,--,429,438867,买盘
1912,10:59:57,10.23,--,724,740652,买盘
1913,10:59:54,10.23,0.01,29,29667,买盘
1914,10:59:48,10.22,-0.01,315,322165,卖盘
1915,10:59:45,10.23,0.01,131,134013,买盘
1916,10:59:36,10.22,-0.01,749,765794,卖盘
1917,10:59:33,10.23,--,72,73656,买盘
1918,10:59:30,10.23,--,505,516942,买盘
1919,10:59:27,10.23,--,45,46035,买盘
1920,10:59:24,10.23,--,288,295094,买盘
1921,10:59:15,10.23,--,10,10230,买盘
1922,10:59:12,10.23,--,344,351922,买盘
1923,10:59:09,10.23,--,203,207669,买盘
1924,10:59:06,10.23,--,404,413404,买盘
1925,10:59:03,10.23,0.01,6,6138,买盘
1926,10:59:00,10.22,-0.01,323,330116,卖盘
1927,10:58:57,10.23,--,60,61380,买盘
1928,10:58:51,10.23,--,1065,1089495,买盘
1929,10:58:48,10.23,--,44,45012,买盘
1930,10:58:45,10.23,--,326,333528,买盘
1931,10:58:42,10.23,--,48,49104,买盘
1932,10:58:36,10.23,--,9,9207,买盘
1933,10:58:33,10.23,0.01,5,5115,买盘
1934,10:58:30,10.22,-0.01,3,3066,卖盘
1935,10:58:21,10.23,--,50,51150,买盘
1936,10:58:18,10.23,--,15,15345,买盘
1937,10:58:06,10.23,--,584,597432,买盘
1938,10:58:03,10.23,--,5,5115,买盘
1939,10:57:57,10.23,--,28,28644,买盘
1940,10:57:54,10.23,--,40,40920,买盘
1941,10:57:51,10.23,--,108,110484,买盘
1942,10:57:42,10.23,--,5,5115,买盘
1943,10:57:39,10.23,--,20,20460,买盘
1944,10:57:36,10.23,--,10,10230,买盘
1945,10:57:33,10.23,0.01,20,20460,买盘
1946,10:57:30,10.22,-0.01,2,2044,卖盘
1947,10:57:27,10.23,--,19,19437,买盘
1948,10:57:18,10.23,--,20,20460,买盘
1949,10:57:06,10.23,--,134,137082,买盘
1950,10:57:03,10.23,--,5,5115,买盘
1951,10:57:00,10.23,0.01,15,15345,买盘
1952,10:56:54,10.22,-0.01,90,91980,卖盘
1953,10:56:51,10.23,--,303,309969,买盘
1954,10:56:48,10.23,--,3,3069,买盘
1955,10:56:39,10.23,--,19,19437,买盘
1956,10:56:36,10.23,--,100,102300,买盘
1957,10:56:33,10.23,--,5,5115,买盘
1958,10:56:30,10.23,--,5,5115,买盘
1959,10:56:27,10.23,--,44,45012,买盘
1960,10:56:24,10.23,--,4,4092,买盘
1961,10:56:21,10.23,--,23,23529,买盘
1962,10:56:18,10.23,--,376,384648,买盘
1963,10:56:15,10.23,--,50,51150,买盘
1964,10:56:12,10.23,--,272,278256,买盘
1965,10:56:09,10.23,--,185,189255,买盘
1966,10:56:03,10.23,--,56,57288,买盘
1967,10:56:00,10.23,--,153,156519,买盘
1968,10:55:57,10.23,--,79,80817,买盘
1969,10:55:54,10.23,--,59,60357,买盘
1970,10:55:51,10.23,--,27,27621,买盘
1971,10:55:45,10.23,-0.01,52,53196,卖盘
1972,10:55:39,10.24,-0.01,21,21504,中性盘
1973,10:55:36,10.25,--,620,635500,买盘
1974,10:55:33,10.25,0.02,4,4100,买盘
1975,10:55:30,10.23,--,706,722238,买盘
1976,10:55:24,10.23,--,67,68541,买盘
1977,10:55:12,10.23,--,16,16368,买盘
1978,10:55:09,10.23,--,63,64449,买盘
1979,10:55:06,10.23,--,26,26598,买盘
1980,10:55:03,10.23,--,5,5115,买盘
1981,10:54:57,10.23,--,103,105369,卖盘
1982,10:54:48,10.23,--,20,20460,买盘
1983,10:54:45,10.23,-0.01,180,184140,卖盘
1984,10:54:42,10.24,0.01,16,16384,买盘
1985,10:54:36,10.23,-0.01,480,491040,卖盘
1986,10:54:33,10.24,0.01,45,46080,买盘
1987,10:54:30,10.23,-0.02,492,503316,卖盘
1988,10:54:21,10.25,0.02,371,380275,买盘
1989,10:54:15,10.23,-0.02,230,235290,卖盘
1990,10:54:03,10.25,0.01,305,312625,买盘
1991,10:53:48,10.24,--,10,10240,卖盘
1992,10:53:45,10.24,--,26,26624,买盘
1993,10:53:36,10.24,--,1,1024,买盘
1994,10:53:33,10.24,--,6,6144,买盘
1995,10:53:30,10.24,--,5,5120,买盘
1996,10:53:21,10.24,--,18,18432,买盘
1997,10:53:15,10.24,0.01,5,5120,买盘
1998,10:53:12,10.23,-0.01,10,10230,卖盘
1999,10:53:09,10.24,--,3,3072,买盘
2000,10:53:03,10.24,--,5,5120,买盘
2001,10:52:57,10.24,0.01,60,61440,买盘
2002,10:52:51,10.23,-0.01,1,1023,卖盘
2003,10:52:48,10.24,0.01,35,35840,买盘
2004,10:52:42,10.23,-0.01,117,119691,卖盘
2005,10:52:39,10.24,--,5,5120,买盘
2006,10:52:36,10.24,--,2,2048,买盘
2007,10:52:33,10.24,0.01,27,27648,买盘
2008,10:52:30,10.23,-0.01,2,2046,卖盘
2009,10:52:21,10.24,--,40,40960,买盘
2010,10:52:18,10.24,--,11,11264,买盘
2011,10:52:15,10.24,--,89,91136,买盘
2012,10:52:03,10.24,--,5,5120,买盘
2013,10:51:54,10.24,--,1,1024,买盘
2014,10:51:45,10.24,--,24,24576,买盘
2015,10:51:39,10.24,--,1,1024,买盘
2016,10:51:33,10.24,0.01,4,4096,买盘
2017,10:51:30,10.23,-0.01,30,30690,卖盘
2018,10:51:18,10.24,--,22,22528,买盘
2019,10:51:03,10.24,--,10,10240,买盘
2020,10:51:00,10.24,--,30,30720,买盘
2021,10:50:57,10.24,0.01,17,17408,买盘
2022,10:50:54,10.23,0.01,66,67518,中性盘
2023,10:50:45,10.22,--,356,364649,卖盘
2024,10:50:42,10.22,-0.02,410,419020,卖盘
2025,10:50:33,10.24,0.02,5,5120,买盘
2026,10:50:30,10.22,--,303,309666,卖盘
2027,10:50:24,10.22,--,418,427196,卖盘
2028,10:50:21,10.22,--,21,21462,卖盘
2029,10:50:18,10.22,-0.02,300,306600,卖盘
2030,10:50:06,10.24,--,30,30720,买盘
2031,10:50:03,10.24,--,5,5120,买盘
2032,10:50:00,10.24,0.02,617,631808,买盘
2033,10:49:54,10.22,--,173,177173,买盘
2034,10:49:51,10.22,--,681,695982,买盘
2035,10:49:48,10.22,--,85,86870,买盘
2036,10:49:45,10.22,--,917,937174,买盘
2037,10:49:42,10.22,--,20,20440,买盘
2038,10:49:39,10.22,--,401,409822,买盘
2039,10:49:33,10.22,0.01,72,73584,买盘
2040,10:49:30,10.21,-0.01,2,2042,卖盘
2041,10:49:21,10.22,--,200,204400,买盘
2042,10:49:15,10.22,--,170,173740,买盘
2043,10:49:12,10.22,--,20,20440,买盘
2044,10:49:09,10.22,--,10,10220,买盘
2045,10:49:06,10.22,--,61,62342,买盘
2046,10:49:03,10.22,--,5,5110,买盘
2047,10:49:00,10.22,--,147,150234,买盘
2048,10:48:54,10.22,--,60,61974,卖盘
2049,10:48:51,10.22,--,89,91325,买盘
2050,10:48:45,10.22,--,231,236736,卖盘
2051,10:48:36,10.22,-0.02,310,316820,卖盘
2052,10:48:33,10.24,0.02,5,5120,买盘
2053,10:48:30,10.22,--,3,3066,卖盘
2054,10:48:27,10.22,--,323,330106,卖盘
2055,10:48:18,10.22,--,323,330412,卖盘
2056,10:48:12,10.22,--,323,330208,卖盘
2057,10:48:03,10.22,-0.02,217,222101,卖盘
2058,10:48:00,10.24,0.02,2,2048,买盘
2059,10:47:51,10.22,--,450,459900,卖盘
2060,10:47:36,10.22,--,462,472266,卖盘
2061,10:47:33,10.22,--,123,125706,卖盘
2062,10:47:30,10.22,--,326,333202,卖盘
2063,10:47:18,10.22,--,465,475761,卖盘
2064,10:47:12,10.22,-0.03,321,328419,卖盘
2065,10:47:06,10.25,--,31,31775,买盘
2066,10:47:03,10.25,--,328,336528,买盘
2067,10:46:57,10.25,--,599,614098,买盘
2068,10:46:33,10.25,0.02,5,5125,买盘
2069,10:46:30,10.23,-0.02,2,2046,卖盘
2070,10:46:24,10.25,--,141,144525,买盘
2071,10:46:12,10.25,0.02,13,13325,买盘
2072,10:46:09,10.23,-0.02,2,2046,卖盘
2073,10:46:06,10.25,--,31,31775,买盘
2074,10:46:03,10.25,0.03,5,5125,买盘
2075,10:46:00,10.22,--,132,134904,卖盘
2076,10:45:48,10.22,-0.03,6,6132,卖盘
2077,10:45:45,10.25,0.03,168,172200,买盘
2078,10:45:36,10.22,--,302,308848,买盘
2079,10:45:33,10.22,0.01,23,23506,买盘
2080,10:45:30,10.21,-0.01,3,3063,卖盘
2081,10:45:24,10.22,--,143,146146,买盘
2082,10:45:21,10.22,--,20,20440,买盘
2083,10:45:18,10.22,--,310,317157,卖盘
2084,10:45:12,10.22,--,213,217900,卖盘
2085,10:45:09,10.22,-0.01,10,10220,卖盘
2086,10:45:06,10.23,--,570,583232,买盘
2087,10:45:03,10.23,0.01,5,5115,买盘
2088,10:44:57,10.22,--,323,330433,卖盘
2089,10:44:51,10.22,--,412,421380,卖盘
2090,10:44:42,10.22,-0.01,323,330341,卖盘
2091,10:44:33,10.23,0.01,139,142197,买盘
2092,10:44:30,10.22,--,2,2044,卖盘
2093,10:44:12,10.22,-0.01,321,328389,卖盘
2094,10:44:06,10.23,--,31,31713,买盘
2095,10:44:03,10.23,0.01,5,5115,买盘
2096,10:44:00,10.22,-0.01,56,57232,卖盘
2097,10:43:57,10.23,0.01,30,30690,买盘
2098,10:43:51,10.22,-0.01,67,68474,卖盘
2099,10:43:33,10.23,0.01,5,5115,买盘
2100,10:43:30,10.22,--,3,3066,卖盘
2101,10:43:21,10.22,-0.01,55,56210,卖盘
2102,10:43:06,10.23,--,31,31713,买盘
2103,10:43:03,10.23,0.01,34,34782,买盘
2104,10:42:36,10.22,-0.01,5,5110,卖盘
2105,10:42:33,10.23,0.01,5,5115,买盘
2106,10:42:30,10.22,--,3,3066,卖盘
2107,10:42:21,10.22,--,17,17374,卖盘
2108,10:42:15,10.22,--,227,232760,卖盘
2109,10:42:12,10.22,--,4,4088,卖盘
2110,10:42:09,10.22,-0.01,321,328613,卖盘
2111,10:42:06,10.23,--,31,31713,买盘
2112,10:42:03,10.23,0.01,5,5115,买盘
2113,10:42:00,10.22,--,66,67452,卖盘
2114,10:41:54,10.22,--,465,475557,卖盘
2115,10:41:51,10.22,-0.01,17,17374,卖盘
2116,10:41:39,10.23,--,240,245520,买盘
2117,10:41:33,10.23,0.01,468,479193,买盘
2118,10:41:30,10.22,--,2,2044,卖盘
2119,10:41:24,10.22,-0.01,456,466052,卖盘
2120,10:41:21,10.23,0.01,2,2046,买盘
2121,10:41:15,10.22,-0.01,456,466032,卖盘
2122,10:41:12,10.23,--,110,112530,买盘
2123,10:41:06,10.23,--,291,297693,买盘
2124,10:41:03,10.23,0.01,9,9207,买盘
2125,10:40:57,10.22,--,465,475230,卖盘
2126,10:40:51,10.22,--,450,459900,卖盘
2127,10:40:42,10.22,-0.01,215,220159,卖盘
2128,10:40:39,10.23,--,2,2046,买盘
2129,10:40:36,10.23,--,5,5115,买盘
2130,10:40:33,10.23,0.01,10,10230,买盘
2131,10:40:30,10.22,-0.01,326,333376,卖盘
2132,10:40:27,10.23,--,6,6138,买盘
2133,10:40:24,10.23,--,440,450120,买盘
2134,10:40:21,10.23,--,18,18414,买盘
2135,10:40:18,10.23,0.01,783,801009,买盘
2136,10:40:15,10.22,-0.01,842,860554,卖盘
2137,10:40:12,10.23,--,224,229152,买盘
2138,10:40:06,10.23,--,31,31713,买盘
2139,10:40:03,10.23,--,5,5115,买盘
2140,10:40:00,10.23,--,52,53196,买盘
2141,10:39:54,10.23,--,18,18414,买盘
2142,10:39:51,10.23,--,56,57288,买盘
2143,10:39:39,10.23,--,10,10230,买盘
2144,10:39:36,10.23,--,1177,1204071,买盘
2145,10:39:33,10.23,0.01,8,8184,买盘
2146,10:39:30,10.22,-0.01,2,2044,卖盘
2147,10:39:27,10.23,--,13,13299,买盘
2148,10:39:21,10.23,--,26,26598,买盘
2149,10:39:15,10.23,0.01,18,18414,买盘
2150,10:39:09,10.22,-0.01,11,11242,卖盘
2151,10:39:06,10.23,--,205,209715,买盘
2152,10:39:03,10.23,0.01,5,5115,买盘
2153,10:38:57,10.22,-0.01,66,67452,卖盘
2154,10:38:54,10.23,0.01,1,1023,买盘
2155,10:38:45,10.22,-0.01,15,15330,卖盘
2156,10:38:33,10.23,0.01,10,10230,买盘
2157,10:38:30,10.22,-0.01,4,4088,卖盘
2158,10:38:21,10.23,--,20,20460,买盘
2159,10:38:18,10.23,--,1,1023,买盘
2160,10:38:15,10.23,--,100,102300,买盘
2161,10:38:12,10.23,--,10,10230,买盘
2162,10:38:09,10.23,--,40,40920,买盘
2163,10:38:06,10.23,--,31,31713,买盘
2164,10:38:03,10.23,0.01,5,5115,买盘
2165,10:38:00,10.22,-0.01,94,96068,卖盘
2166,10:37:51,10.23,--,38,38874,买盘
2167,10:37:48,10.23,--,60,61380,买盘
2168,10:37:42,10.23,-0.02,162,165746,卖盘
2169,10:37:36,10.25,0.02,16,16400,买盘
2170,10:37:33,10.23,--,337,345078,卖盘
2171,10:37:30,10.23,--,3,3069,卖盘
2172,10:37:27,10.23,-0.02,323,330756,卖盘
2173,10:37:21,10.25,--,325,333463,买盘
2174,10:37:09,10.25,--,2,2050,买盘
2175,10:37:06,10.25,--,244,250335,买盘
2176,10:37:03,10.25,--,7,7175,买盘
2177,10:37:00,10.25,0.02,7,7175,买盘
2178,10:36:57,10.23,-0.03,205,210083,卖盘
2179,10:36:51,10.26,0.03,17,17442,买盘
2180,10:36:48,10.23,-0.02,271,277263,卖盘
2181,10:36:42,10.25,--,5,5125,买盘
2182,10:36:33,10.25,0.02,328,336569,中性盘
2183,10:36:30,10.23,--,2,2046,卖盘
2184,10:36:27,10.23,--,215,220476,卖盘
2185,10:36:18,10.23,--,231,236353,卖盘
2186,10:36:15,10.23,-0.02,12,12276,卖盘
2187,10:36:06,10.25,--,225,230625,买盘
2188,10:36:03,10.25,--,5,5125,买盘
2189,10:35:51,10.25,0.01,1,1025,买盘
2190,10:35:45,10.24,-0.01,152,155770,卖盘
2191,10:35:42,10.25,-0.01,7,7175,卖盘
2192,10:35:39,10.26,--,53,54378,买盘
2193,10:35:33,10.26,0.01,5,5130,买盘
2194,10:35:30,10.25,0.01,3,3075,中性盘
2195,10:35:27,10.24,-0.01,204,209899,卖盘
2196,10:35:18,10.25,-0.01,10,10250,卖盘
2197,10:35:06,10.26,--,31,31806,买盘
2198,10:35:03,10.26,0.03,4,4104,买盘
2199,10:35:00,10.23,--,232,237468,卖盘
2200,10:34:51,10.23,--,232,237653,卖盘
2201,10:34:45,10.23,-0.01,323,330766,卖盘
2202,10:34:36,10.24,-0.02,215,220313,卖盘
2203,10:34:33,10.26,0.02,5,5130,买盘
2204,10:34:30,10.24,0.01,3,3072,中性盘
2205,10:34:24,10.23,--,150,153450,卖盘
2206,10:34:15,10.23,-0.03,342,349968,卖盘
2207,10:34:09,10.26,--,10,10260,买盘
2208,10:34:06,10.26,--,331,339606,买盘
2209,10:34:03,10.26,0.01,5,5130,买盘
2210,10:33:51,10.25,--,33,33825,买盘
2211,10:33:39,10.25,--,13,13325,买盘
2212,10:33:33,10.25,0.01,5,5125,买盘
2213,10:33:30,10.24,--,2,2048,卖盘
2214,10:33:24,10.24,-0.01,4,4096,卖盘
2215,10:33:09,10.25,--,349,357725,买盘
2216,10:33:06,10.25,--,31,31775,买盘
2217,10:33:03,10.25,0.01,4,4100,买盘
2218,10:33:00,10.24,--,5,5120,卖盘
2219,10:32:51,10.24,-0.01,73,74752,卖盘
2220,10:32:36,10.25,0.01,51,52275,买盘
2221,10:32:30,10.24,-0.01,3,3072,卖盘
2222,10:32:27,10.25,--,1,1025,买盘
2223,10:32:09,10.25,--,43,44075,买盘
2224,10:32:06,10.25,--,32,32800,买盘
2225,10:31:54,10.25,0.01,5,5125,买盘
2226,10:31:48,10.24,0.01,83,84992,买盘
2227,10:31:45,10.23,--,175,179679,卖盘
2228,10:31:36,10.23,--,82,83916,卖盘
2229,10:31:30,10.23,--,2,2046,卖盘
2230,10:31:27,10.23,--,564,577452,卖盘
2231,10:31:18,10.23,-0.01,120,123281,卖盘
2232,10:31:15,10.24,--,29,29696,买盘
2233,10:31:12,10.24,0.01,33,33792,买盘
2234,10:31:09,10.23,-0.02,196,200508,卖盘
2235,10:31:06,10.25,--,31,31775,买盘
2236,10:31:00,10.25,--,64,66297,卖盘
2237,10:30:57,10.25,0.02,235,241203,中性盘
2238,10:30:45,10.23,-0.02,302,309283,卖盘
2239,10:30:39,10.25,--,20,20500,卖盘
2240,10:30:36,10.25,0.02,78,79950,中性盘
2241,10:30:33,10.23,-0.02,427,437649,卖盘
2242,10:30:30,10.25,--,8,8200,卖盘
2243,10:30:21,10.25,0.03,272,279374,买盘
2244,10:30:15,10.22,-0.01,235,240497,卖盘
2245,10:30:12,10.23,0.01,7,7161,中性盘
2246,10:30:06,10.22,-0.03,273,279363,卖盘
2247,10:30:03,10.25,--,4,4100,买盘
2248,10:30:00,10.25,--,461,472986,买盘
2249,10:29:57,10.25,0.03,11,11275,买盘
2250,10:29:54,10.22,-0.01,256,262091,卖盘
2251,10:29:45,10.23,-0.02,129,132427,卖盘
2252,10:29:42,10.25,0.03,175,179826,买盘
2253,10:29:39,10.22,-0.03,441,450937,卖盘
2254,10:29:33,10.25,0.02,75,76875,买盘
2255,10:29:30,10.23,--,3,3069,卖盘
2256,10:29:27,10.23,-0.02,584,597544,卖盘
2257,10:29:18,10.25,0.03,9,9225,买盘
2258,10:29:12,10.22,-0.03,231,236317,卖盘
2259,10:29:09,10.25,--,7,7175,买盘
2260,10:29:06,10.25,--,484,496315,买盘
2261,10:29:03,10.25,0.02,47,48175,买盘
2262,10:29:00,10.23,--,293,300199,卖盘
2263,10:28:57,10.23,-0.02,849,868762,卖盘
2264,10:28:54,10.25,0.02,1,1025,买盘
2265,10:28:48,10.23,-0.02,108,110586,卖盘
2266,10:28:39,10.25,--,350,359754,买盘
2267,10:28:33,10.25,0.02,8,8200,买盘
2268,10:28:30,10.23,--,2,2046,卖盘
2269,10:28:27,10.23,-0.02,231,236783,卖盘
2270,10:28:24,10.25,--,41,42025,买盘
2271,10:28:21,10.25,0.03,18,18450,买盘
2272,10:28:12,10.22,-0.03,345,352917,卖盘
2273,10:28:06,10.25,--,31,31775,买盘
2274,10:28:03,10.25,--,482,494183,买盘
2275,10:28:00,10.25,--,108,110700,买盘
2276,10:27:57,10.25,0.03,10,10250,买盘
2277,10:27:54,10.22,-0.03,451,461157,卖盘
2278,10:27:51,10.25,--,43,44075,买盘
2279,10:27:48,10.25,0.03,6,6150,买盘
2280,10:27:39,10.22,-0.03,332,339426,卖盘
2281,10:27:33,10.25,0.02,8,8200,买盘
2282,10:27:30,10.23,--,140,143455,卖盘
2283,10:27:21,10.23,0.01,325,332792,中性盘
2284,10:27:15,10.22,-0.03,302,308766,卖盘
2285,10:27:09,10.25,--,13,13325,买盘
2286,10:27:06,10.25,--,76,77900,买盘
2287,10:27:03,10.25,--,245,251914,买盘
2288,10:27:00,10.25,0.01,35,35875,买盘
2289,10:26:57,10.24,--,150,153600,卖盘
2290,10:26:54,10.24,--,32,32768,买盘
2291,10:26:51,10.24,0.02,611,625664,买盘
2292,10:26:45,10.22,-0.02,321,328297,卖盘
2293,10:26:36,10.24,--,11,11264,买盘
2294,10:26:33,10.24,0.02,5,5120,买盘
2295,10:26:30,10.22,--,2,2044,卖盘
2296,10:26:27,10.22,-0.02,241,246302,卖盘
2297,10:26:06,10.24,--,32,32768,买盘
2298,10:26:03,10.24,0.01,5,5120,买盘
2299,10:25:39,10.23,--,10,10230,卖盘
2300,10:25:36,10.23,--,46,47058,买盘
2301,10:25:33,10.23,0.01,27,27621,买盘
2302,10:25:30,10.22,--,3,3066,卖盘
2303,10:25:06,10.22,--,27,27594,买盘
2304,10:25:03,10.22,0.01,5,5110,买盘
2305,10:25:00,10.21,-0.01,3,3063,卖盘
2306,10:24:57,10.22,--,639,653058,买盘
2307,10:24:51,10.22,--,2628,2685816,买盘
2308,10:24:45,10.22,--,32,32704,买盘
2309,10:24:33,10.22,0.01,19,19418,买盘
2310,10:24:30,10.21,--,7,7147,卖盘
2311,10:24:24,10.21,-0.01,469,478849,卖盘
2312,10:24:18,10.22,--,100,102200,买盘
2313,10:24:06,10.22,--,31,31682,买盘
2314,10:24:03,10.22,--,17,17374,买盘
2315,10:23:57,10.22,--,8,8176,买盘
2316,10:23:51,10.22,--,28,28616,买盘
2317,10:23:48,10.22,--,178,181916,买盘
2318,10:23:45,10.22,--,14,14308,买盘
2319,10:23:36,10.22,--,2,2044,买盘
2320,10:23:33,10.22,0.01,17,17374,买盘
2321,10:23:30,10.21,-0.01,29,29609,卖盘
2322,10:23:27,10.22,--,17,17374,买盘
2323,10:23:21,10.22,--,10,10220,买盘
2324,10:23:15,10.22,--,11,11242,买盘
2325,10:23:12,10.22,--,16,16352,买盘
2326,10:23:06,10.22,--,62,63364,买盘
2327,10:23:03,10.22,--,31,31682,买盘
2328,10:22:57,10.22,--,63,64386,买盘
2329,10:22:51,10.22,--,28,28616,买盘
2330,10:22:33,10.22,0.01,33,33726,买盘
2331,10:22:30,10.21,--,4,4084,卖盘
2332,10:22:24,10.21,-0.01,8,8168,卖盘
2333,10:22:15,10.22,--,54,55188,卖盘
2334,10:22:12,10.22,--,42,42924,买盘
2335,10:22:06,10.22,--,32,32704,买盘
2336,10:22:03,10.22,--,22,22484,买盘
2337,10:21:51,10.22,--,330,337260,卖盘
2338,10:21:48,10.22,--,17,17374,卖盘
2339,10:21:39,10.22,-0.01,230,235060,卖盘
2340,10:21:33,10.23,0.01,14,14322,买盘
2341,10:21:30,10.22,--,3,3066,卖盘
2342,10:21:27,10.22,--,200,204400,卖盘
2343,10:21:12,10.22,-0.01,364,372917,卖盘
2344,10:21:06,10.23,--,32,32736,买盘
2345,10:21:03,10.23,0.01,14,14322,买盘
2346,10:21:00,10.22,--,600,613200,卖盘
2347,10:20:54,10.22,--,24,24528,卖盘
2348,10:20:45,10.22,-0.01,245,250400,卖盘
2349,10:20:33,10.23,0.01,41,41943,买盘
2350,10:20:30,10.22,--,117,119676,卖盘
2351,10:20:27,10.22,-0.01,43,43946,卖盘
2352,10:20:24,10.23,--,7,7161,买盘
2353,10:20:18,10.23,--,315,322245,买盘
2354,10:20:15,10.23,--,10,10230,买盘
2355,10:20:09,10.23,--,2,2046,买盘
2356,10:20:06,10.23,--,10,10230,买盘
2357,10:20:03,10.23,--,405,414877,买盘
2358,10:20:00,10.23,0.01,44,45012,买盘
2359,10:19:57,10.22,-0.01,2,2044,卖盘
2360,10:19:54,10.23,0.01,118,120714,买盘
2361,10:19:51,10.22,-0.01,245,250849,卖盘
2362,10:19:48,10.23,--,2,2046,买盘
2363,10:19:42,10.23,0.01,20,20460,买盘
2364,10:19:30,10.22,-0.01,153,156366,卖盘
2365,10:19:27,10.23,0.01,14,14322,买盘
2366,10:19:18,10.22,--,232,237471,卖盘
2367,10:19:09,10.22,--,473,483406,卖盘
2368,10:19:03,10.22,-0.01,222,227006,卖盘
2369,10:19:00,10.23,--,10,10230,卖盘
2370,10:18:54,10.23,-0.01,232,237663,中性盘
2371,10:18:48,10.24,0.01,439,449751,买盘
2372,10:18:45,10.23,0.01,10,10230,中性盘
2373,10:18:39,10.22,-0.01,222,227108,卖盘
2374,10:18:36,10.23,--,8,8184,卖盘
2375,10:18:33,10.23,0.01,10,10230,买盘
2376,10:18:30,10.22,-0.01,2,2044,卖盘
2377,10:18:27,10.23,0.01,5,5115,买盘
2378,10:18:24,10.22,-0.01,212,216878,卖盘
2379,10:18:18,10.23,--,4,4092,买盘
2380,10:18:15,10.23,0.01,213,218113,中性盘
2381,10:18:06,10.22,-0.02,342,349646,卖盘
2382,10:18:03,10.24,0.02,20,20480,买盘
2383,10:17:57,10.22,-0.01,333,340663,卖盘
2384,10:17:30,10.23,-0.01,3,3069,卖盘
2385,10:17:27,10.24,0.01,9,9216,买盘
2386,10:17:15,10.23,--,17,17391,卖盘
2387,10:17:12,10.23,0.01,7,7161,买盘
2388,10:17:09,10.22,0.01,283,290145,买盘
2389,10:17:06,10.21,-0.01,60,61260,卖盘
2390,10:17:03,10.22,--,43,43946,买盘
2391,10:17:00,10.22,--,29,29638,买盘
2392,10:16:51,10.22,0.01,15,15330,买盘
2393,10:16:42,10.21,--,1,1021,卖盘
2394,10:16:30,10.21,-0.01,3,3063,卖盘
2395,10:16:27,10.22,--,56,57334,卖盘
2396,10:16:18,10.22,--,301,307622,卖盘
2397,10:16:15,10.22,--,19,19418,卖盘
2398,10:16:12,10.22,-0.01,10,10220,卖盘
2399,10:16:09,10.23,--,10,10230,买盘
2400,10:16:06,10.23,--,424,433864,买盘
2401,10:15:54,10.23,0.01,10,10230,买盘
2402,10:15:51,10.22,--,222,227108,卖盘
2403,10:15:45,10.22,--,5,5110,卖盘
2404,10:15:39,10.22,--,321,328389,卖盘
2405,10:15:33,10.22,--,4,4088,卖盘
2406,10:15:30,10.22,--,15,15330,卖盘
2407,10:15:27,10.22,--,412,421186,卖盘
2408,10:15:24,10.22,--,25,25550,卖盘
2409,10:15:18,10.22,--,322,329308,卖盘
2410,10:15:06,10.22,--,232,237236,卖盘
2411,10:14:57,10.22,-0.01,161,164542,卖盘
2412,10:14:48,10.23,0.01,2,2046,买盘
2413,10:14:42,10.22,--,215,219852,卖盘
2414,10:14:39,10.22,--,5,5110,卖盘
2415,10:14:36,10.22,--,6,6132,卖盘
2416,10:14:33,10.22,--,661,675542,卖盘
2417,10:14:30,10.22,--,213,217686,卖盘
2418,10:14:27,10.22,-0.01,300,306610,卖盘
2419,10:14:09,10.23,0.01,423,432851,买盘
2420,10:13:54,10.22,--,321,328184,卖盘
2421,10:13:51,10.22,-0.01,115,117530,卖盘
2422,10:13:42,10.23,0.01,799,817377,买盘
2423,10:13:36,10.22,-0.01,237,242428,卖盘
2424,10:13:33,10.23,0.01,1,1023,买盘
2425,10:13:30,10.22,--,2,2044,卖盘
2426,10:13:27,10.22,--,222,227119,卖盘
2427,10:13:18,10.22,--,123,125920,卖盘
2428,10:13:15,10.22,--,300,306600,卖盘
2429,10:13:09,10.22,--,11,11242,卖盘
2430,10:13:06,10.22,--,222,227108,卖盘
2431,10:12:57,10.22,--,232,237431,卖盘
2432,10:12:54,10.22,--,22,22484,卖盘
2433,10:12:48,10.22,--,241,246526,卖盘
2434,10:12:33,10.22,--,19,19418,卖盘
2435,10:12:30,10.22,-0.01,22,22484,卖盘
2436,10:12:24,10.23,--,314,321222,买盘
2437,10:12:21,10.23,0.01,10,10230,买盘
2438,10:12:12,10.22,--,300,306600,卖盘
2439,10:12:03,10.22,-0.01,20,20440,卖盘
2440,10:11:51,10.23,0.01,50,51150,买盘
2441,10:11:48,10.22,-0.01,10,10220,卖盘
2442,10:11:42,10.23,--,5,5115,买盘
2443,10:11:39,10.23,--,100,102300,买盘
2444,10:11:36,10.23,0.01,1,1023,买盘
2445,10:11:30,10.22,-0.01,8,8176,卖盘
2446,10:11:24,10.23,--,100,102300,买盘
2447,10:11:21,10.23,0.01,10,10230,买盘
2448,10:11:15,10.22,--,9,9198,卖盘
2449,10:11:12,10.22,-0.01,200,204400,卖盘
2450,10:11:09,10.23,--,12,12276,买盘
2451,10:10:54,10.23,0.01,24,24552,买盘
2452,10:10:48,10.22,-0.01,2,2044,卖盘
2453,10:10:36,10.23,0.01,3,3069,买盘
2454,10:10:30,10.22,-0.01,2,2044,卖盘
2455,10:10:27,10.23,0.01,3,3069,买盘
2456,10:10:18,10.22,-0.01,22,22484,卖盘
2457,10:10:12,10.23,--,12,12276,买盘
2458,10:10:09,10.23,0.01,10,10230,买盘
2459,10:10:03,10.22,--,100,102200,卖盘
2460,10:09:45,10.22,-0.01,30,30660,卖盘
2461,10:09:39,10.23,0.01,17,17391,买盘
2462,10:09:36,10.22,--,5,5110,卖盘
2463,10:09:30,10.22,--,3,3066,卖盘
2464,10:09:27,10.22,-0.01,1,1022,卖盘
2465,10:09:21,10.23,0.01,10,10230,买盘
2466,10:09:15,10.22,--,500,511000,卖盘
2467,10:09:12,10.22,--,3,3066,卖盘
2468,10:09:09,10.22,--,510,521220,卖盘
2469,10:09:03,10.22,-0.01,1,1022,卖盘
2470,10:09:00,10.23,0.01,550,562650,买盘
2471,10:08:54,10.22,--,550,562100,卖盘
2472,10:08:42,10.22,-0.01,500,511000,卖盘
2473,10:08:39,10.23,0.01,60,61380,买盘
2474,10:08:33,10.22,--,500,511000,卖盘
2475,10:08:30,10.22,--,2,2044,卖盘
2476,10:08:27,10.22,--,50,51100,卖盘
2477,10:08:24,10.22,--,500,511000,卖盘
2478,10:08:15,10.22,-0.01,22,22484,卖盘
2479,10:08:12,10.23,0.01,21,21483,买盘
2480,10:08:09,10.22,-0.01,516,527352,卖盘
2481,10:08:03,10.23,--,3,3069,买盘
2482,10:07:57,10.23,--,9,9207,买盘
2483,10:07:33,10.23,--,6,6138,买盘
2484,10:07:30,10.23,0.01,44,45012,买盘
2485,10:07:27,10.22,--,118,120596,卖盘
2486,10:06:57,10.22,-0.01,64,65408,卖盘
2487,10:06:42,10.23,0.01,3,3069,买盘
2488,10:06:30,10.22,-0.01,3,3066,卖盘
2489,10:06:27,10.23,--,20,20460,买盘
2490,10:06:00,10.23,0.01,11,11253,买盘
2491,10:05:54,10.22,-0.01,22,22484,卖盘
2492,10:05:51,10.23,--,47,48081,买盘
2493,10:05:45,10.23,--,5,5115,买盘
2494,10:05:39,10.23,--,338,345774,卖盘
2495,10:05:36,10.23,-0.01,10,10230,卖盘
2496,10:05:33,10.24,0.01,11,11264,买盘
2497,10:05:30,10.23,-0.01,2,2046,卖盘
2498,10:05:24,10.24,--,9,9216,买盘
2499,10:05:21,10.24,--,10,10240,买盘
2500,10:05:15,10.24,--,552,565248,买盘
2501,10:05:03,10.24,--,31,31744,买盘
2502,10:05:00,10.24,--,2,2048,买盘
2503,10:04:48,10.24,-0.01,24,24576,卖盘
2504,10:04:42,10.25,0.01,80,82000,买盘
2505,10:04:30,10.24,--,3,3072,卖盘
2506,10:04:27,10.24,-0.01,5,5120,中性盘
2507,10:04:09,10.25,--,12,12300,买盘
2508,10:04:06,10.25,0.01,23,23575,买盘
2509,10:04:03,10.24,--,5,5120,卖盘
2510,10:03:54,10.24,--,85,87040,买盘
2511,10:03:51,10.24,--,5,5120,买盘
2512,10:03:48,10.24,--,71,72704,买盘
2513,10:03:42,10.24,--,259,265216,卖盘
2514,10:03:39,10.24,-0.01,10,10240,卖盘
2515,10:03:30,10.25,--,7,7175,买盘
2516,10:03:27,10.25,0.01,31,31775,买盘
2517,10:03:21,10.24,--,3,3072,卖盘
2518,10:03:18,10.24,--,10,10240,卖盘
2519,10:03:06,10.24,-0.01,28,28672,卖盘
2520,10:02:51,10.25,--,10,10250,买盘
2521,10:02:48,10.25,0.01,511,523775,买盘
2522,10:02:45,10.24,--,2,2048,卖盘
2523,10:02:36,10.24,-0.01,17,17408,卖盘
2524,10:02:33,10.25,--,9,9225,买盘
2525,10:02:30,10.25,--,22,22550,买盘
2526,10:02:24,10.25,0.01,24,24600,买盘
2527,10:02:15,10.24,-0.01,4,4096,卖盘
2528,10:02:12,10.25,0.01,415,425375,买盘
2529,10:02:09,10.24,-0.01,2,2048,卖盘
2530,10:02:06,10.25,0.01,292,299300,买盘
2531,10:02:03,10.24,-0.01,80,81920,卖盘
2532,10:01:54,10.25,0.02,550,563750,买盘
2533,10:01:51,10.23,--,10,10230,卖盘
2534,10:01:48,10.23,--,30,30690,卖盘
2535,10:01:45,10.23,--,15,15345,卖盘
2536,10:01:33,10.23,--,1,1023,卖盘
2537,10:01:30,10.23,--,3,3069,卖盘
2538,10:01:27,10.23,--,20,20460,卖盘
2539,10:01:24,10.23,0.01,169,172887,买盘
2540,10:01:15,10.22,-0.01,260,265720,卖盘
2541,10:01:12,10.23,0.01,45,46035,买盘
2542,10:01:00,10.22,--,58,59276,卖盘
2543,10:00:51,10.22,--,1105,1129310,买盘
2544,10:00:48,10.22,0.01,900,919800,买盘
2545,10:00:45,10.21,-0.01,371,378791,卖盘
2546,10:00:42,10.22,0.01,50,51100,买盘
2547,10:00:39,10.21,-0.01,100,102100,卖盘
2548,10:00:36,10.22,--,3,3066,买盘
2549,10:00:33,10.22,0.01,1226,1252972,买盘
2550,10:00:30,10.21,-0.01,2,2042,卖盘
2551,10:00:27,10.22,--,101,103222,买盘
2552,10:00:18,10.22,--,11,11242,买盘
2553,10:00:15,10.22,0.01,13,13286,买盘
2554,10:00:12,10.21,-0.01,4,4084,卖盘
2555,10:00:09,10.22,0.01,50,51100,买盘
2556,10:00:06,10.21,-0.01,10,10210,卖盘
2557,10:00:03,10.22,--,20,20440,买盘
2558,09:59:45,10.22,0.01,20,20440,买盘
2559,09:59:39,10.21,-0.01,30,30630,卖盘
2560,09:59:36,10.22,--,410,419020,买盘
2561,09:59:30,10.22,--,383,391426,买盘
2562,09:59:21,10.22,0.01,48,49056,买盘
2563,09:59:18,10.21,--,60,61260,卖盘
2564,09:59:15,10.21,-0.01,26,26546,卖盘
2565,09:59:06,10.22,--,30,30660,买盘
2566,09:59:03,10.22,--,30,30660,买盘
2567,09:58:57,10.22,0.01,10,10220,买盘
2568,09:58:54,10.21,-0.01,79,80659,卖盘
2569,09:58:51,10.22,--,9,9198,买盘
2570,09:58:42,10.22,--,62,63364,买盘
2571,09:58:39,10.22,--,91,93002,买盘
2572,09:58:36,10.22,--,313,319886,买盘
2573,09:58:30,10.22,--,6,6132,买盘
2574,09:58:27,10.22,--,30,30660,买盘
2575,09:58:18,10.22,0.01,4,4088,买盘
2576,09:58:15,10.21,-0.01,1,1021,卖盘
2577,09:58:09,10.22,--,635,648970,买盘
2578,09:58:03,10.22,--,100,102200,买盘
2579,09:57:54,10.22,--,50,51100,买盘
2580,09:57:51,10.22,--,29,29638,买盘
2581,09:57:48,10.22,0.01,186,190092,买盘
2582,09:57:45,10.21,--,131,133751,卖盘
2583,09:57:39,10.21,-0.01,20,20420,卖盘
2584,09:57:36,10.22,0.01,20,20440,买盘
2585,09:57:30,10.21,-0.01,2,2042,卖盘
2586,09:57:27,10.22,0.01,35,35770,买盘
2587,09:57:21,10.21,--,6,6126,卖盘
2588,09:57:15,10.21,--,8,8168,卖盘
2589,09:57:03,10.21,-0.01,45,45945,卖盘
2590,09:57:00,10.22,--,2,2044,买盘
2591,09:56:57,10.22,--,7,7154,买盘
2592,09:56:54,10.22,0.01,2,2044,买盘
2593,09:56:30,10.21,--,3,3063,卖盘
2594,09:56:24,10.21,--,50,51050,卖盘
2595,09:56:21,10.21,--,42,42882,卖盘
2596,09:56:15,10.21,--,49,50029,卖盘
2597,09:56:09,10.21,--,59,60239,卖盘
2598,09:56:06,10.21,--,58,59218,卖盘
2599,09:55:54,10.21,--,4,4084,卖盘
2600,09:55:51,10.21,-0.01,111,113331,卖盘
2601,09:55:48,10.22,--,3,3076,买盘
2602,09:55:42,10.22,0.01,626,639772,买盘
2603,09:55:39,10.21,--,36,36756,卖盘
2604,09:55:36,10.21,-0.01,200,204200,卖盘
2605,09:55:33,10.22,--,22,22484,买盘
2606,09:55:30,10.22,0.01,7,7154,买盘
2607,09:55:27,10.21,--,50,51050,卖盘
2608,09:55:24,10.21,--,26,26546,卖盘
2609,09:55:21,10.21,--,14,14294,卖盘
2610,09:55:15,10.21,-0.01,23,23483,卖盘
2611,09:55:12,10.22,0.01,10,10220,买盘
2612,09:55:09,10.21,-0.01,19,19399,卖盘
2613,09:55:03,10.22,--,183,187026,卖盘
2614,09:55:00,10.22,-0.01,500,511000,卖盘
2615,09:54:54,10.23,0.01,218,223014,买盘
2616,09:54:48,10.22,--,11,11242,卖盘
2617,09:54:42,10.22,--,23,23506,卖盘
2618,09:54:39,10.22,--,50,51100,买盘
2619,09:54:33,10.22,--,286,292292,卖盘
2620,09:54:30,10.22,--,603,616266,卖盘
2621,09:54:24,10.22,--,10,10220,卖盘
2622,09:54:21,10.22,-0.01,40,40880,卖盘
2623,09:54:18,10.23,--,12,12276,买盘
2624,09:54:15,10.23,0.01,20,20460,买盘
2625,09:54:09,10.22,-0.01,500,511000,卖盘
2626,09:54:06,10.23,--,8,8184,买盘
2627,09:54:03,10.23,--,30,30690,买盘
2628,09:53:54,10.23,--,5,5115,买盘
2629,09:53:51,10.23,--,228,233244,买盘
2630,09:53:42,10.23,--,179,183117,买盘
2631,09:53:39,10.23,0.01,5,5115,买盘
2632,09:53:36,10.22,-0.01,100,102200,卖盘
2633,09:53:33,10.23,0.01,10,10230,买盘
2634,09:53:30,10.22,--,3,3066,卖盘
2635,09:53:27,10.22,-0.01,1000,1022000,卖盘
2636,09:53:24,10.23,--,11,11253,买盘
2637,09:53:18,10.23,0.01,5,5115,买盘
2638,09:53:06,10.22,--,500,511000,卖盘
2639,09:53:03,10.22,--,168,171696,卖盘
2640,09:52:51,10.22,-0.01,20,20440,卖盘
2641,09:52:42,10.23,0.01,144,147312,买盘
2642,09:52:30,10.22,--,2,2044,卖盘
2643,09:52:27,10.22,-0.01,20,20440,卖盘
2644,09:52:12,10.23,--,3,3069,买盘
2645,09:52:03,10.23,--,64,65472,买盘
2646,09:51:57,10.23,0.01,40,40920,买盘
2647,09:51:54,10.22,--,10,10220,卖盘
2648,09:51:51,10.22,-0.01,15,15330,卖盘
2649,09:51:48,10.23,0.01,33,33759,买盘
2650,09:51:30,10.22,-0.01,31,31682,卖盘
2651,09:51:24,10.23,0.01,15,15345,买盘
2652,09:51:21,10.22,-0.01,10,10220,卖盘
2653,09:51:18,10.23,--,36,36828,买盘
2654,09:51:09,10.23,0.01,9,9207,买盘
2655,09:50:57,10.22,--,12,12264,卖盘
2656,09:50:51,10.22,--,5,5110,卖盘
2657,09:50:48,10.22,-0.01,53,54298,卖盘
2658,09:50:45,10.23,--,190,194370,买盘
2659,09:50:42,10.23,0.01,180,184140,买盘
2660,09:50:39,10.22,-0.01,220,224840,卖盘
2661,09:50:36,10.23,--,219,224037,买盘
2662,09:50:30,10.23,--,6,6138,买盘
2663,09:50:24,10.23,0.01,310,317130,买盘
2664,09:50:21,10.22,-0.01,1333,1362326,卖盘
2665,09:50:09,10.23,0.01,4,4092,买盘
2666,09:50:06,10.22,-0.01,300,306600,卖盘
2667,09:50:00,10.23,0.01,88,90024,买盘
2668,09:49:48,10.22,-0.01,47,48034,卖盘
2669,09:49:42,10.23,--,4,4092,买盘
2670,09:49:39,10.23,--,98,100254,买盘
2671,09:49:36,10.23,0.01,400,409200,买盘
2672,09:49:33,10.22,--,45,45990,卖盘
2673,09:49:30,10.22,--,302,308644,卖盘
2674,09:49:24,10.22,-0.01,52,53144,卖盘
2675,09:49:18,10.23,--,1,1023,买盘
2676,09:49:15,10.23,0.01,11,11253,买盘
2677,09:49:12,10.22,-0.01,300,306600,卖盘
2678,09:49:06,10.23,0.01,40,40920,买盘
2679,09:49:03,10.22,--,1,1022,卖盘
2680,09:49:00,10.22,-0.01,19,19418,卖盘
2681,09:48:57,10.23,0.01,2,2046,买盘
2682,09:48:54,10.22,-0.01,7,7154,卖盘
2683,09:48:51,10.23,--,13,13299,买盘
2684,09:48:48,10.23,0.01,10,10230,买盘
2685,09:48:42,10.22,--,10,10220,卖盘
2686,09:48:36,10.22,-0.01,60,61320,卖盘
2687,09:48:33,10.23,--,135,138105,买盘
2688,09:48:30,10.23,0.01,28,28644,买盘
2689,09:48:27,10.22,--,29,29638,卖盘
2690,09:48:18,10.22,--,99,101178,卖盘
2691,09:48:15,10.22,--,62,63364,卖盘
2692,09:48:12,10.22,--,23,23506,卖盘
2693,09:48:09,10.22,-0.01,8,8176,卖盘
2694,09:48:06,10.23,--,72,73656,买盘
2695,09:47:54,10.23,--,20,20460,买盘
2696,09:47:51,10.23,0.01,16,16368,买盘
2697,09:47:48,10.22,-0.01,55,56210,卖盘
2698,09:47:45,10.23,--,181,185163,买盘
2699,09:47:42,10.23,--,151,154473,买盘
2700,09:47:36,10.23,0.01,7,7161,买盘
2701,09:47:30,10.22,--,182,186004,卖盘
2702,09:47:27,10.22,--,296,302512,卖盘
2703,09:47:24,10.22,-0.01,7,7154,卖盘
2704,09:47:12,10.23,0.01,17,17391,买盘
2705,09:47:03,10.22,--,22,22484,卖盘
2706,09:46:45,10.22,--,62,63364,卖盘
2707,09:46:39,10.22,--,100,102200,卖盘
2708,09:46:33,10.22,--,71,72562,卖盘
2709,09:46:30,10.22,-0.01,3,3066,卖盘
2710,09:46:15,10.23,--,15,15345,买盘
2711,09:46:12,10.23,0.01,14,14322,买盘
2712,09:46:06,10.22,--,7,7154,卖盘
2713,09:46:03,10.22,--,350,357700,卖盘
2714,09:45:57,10.22,--,129,131838,卖盘
2715,09:45:54,10.22,--,100,102200,卖盘
2716,09:45:51,10.22,-0.01,86,87892,卖盘
2717,09:45:48,10.23,0.01,38,38874,买盘
2718,09:45:42,10.22,-0.01,10,10220,卖盘
2719,09:45:39,10.23,0.01,19,19437,买盘
2720,09:45:36,10.22,--,67,68474,卖盘
2721,09:45:30,10.22,--,403,411866,卖盘
2722,09:45:24,10.22,-0.01,5,5110,卖盘
2723,09:45:18,10.23,--,28,28644,买盘
2724,09:45:15,10.23,--,530,542190,买盘
2725,09:45:06,10.23,0.01,10,10230,买盘
2726,09:45:03,10.22,-0.01,300,306600,卖盘
2727,09:44:57,10.23,0.01,178,182094,买盘
2728,09:44:42,10.22,--,235,240374,买盘
2729,09:44:39,10.22,0.01,10,10220,买盘
2730,09:44:36,10.21,-0.01,20,20420,卖盘
2731,09:44:33,10.22,--,110,112420,买盘
2732,09:44:30,10.22,--,12,12264,买盘
2733,09:44:27,10.22,0.01,23,23506,买盘
2734,09:44:24,10.21,-0.01,29,29609,卖盘
2735,09:44:18,10.22,--,480,490560,买盘
2736,09:44:15,10.22,--,200,204400,买盘
2737,09:44:12,10.22,--,180,183960,买盘
2738,09:44:09,10.22,--,279,285138,买盘
2739,09:44:06,10.22,--,20,20440,买盘
2740,09:44:03,10.22,--,5,5110,买盘
2741,09:44:00,10.22,--,5,5110,买盘
2742,09:43:57,10.22,0.01,1,1022,买盘
2743,09:43:54,10.21,--,69,70449,卖盘
2744,09:43:51,10.21,-0.01,18,18378,卖盘
2745,09:43:48,10.22,--,5,5110,买盘
2746,09:43:42,10.22,--,27,27594,买盘
2747,09:43:39,10.22,--,516,528169,卖盘
2748,09:43:36,10.22,--,67,68474,卖盘
2749,09:43:30,10.22,--,22,22484,卖盘
2750,09:43:27,10.22,--,34,34748,卖盘
2751,09:43:24,10.22,--,50,51100,卖盘
2752,09:43:21,10.22,--,26,26572,卖盘
2753,09:43:18,10.22,--,38,38836,卖盘
2754,09:43:15,10.22,--,135,137970,卖盘
2755,09:43:09,10.22,--,30,30660,卖盘
2756,09:43:06,10.22,--,300,306600,卖盘
2757,09:43:03,10.22,--,31,31682,卖盘
2758,09:42:57,10.22,--,2,2044,卖盘
2759,09:42:51,10.22,--,20,20440,卖盘
2760,09:42:48,10.22,--,50,51100,卖盘
2761,09:42:45,10.22,--,9,9402,买盘
2762,09:42:42,10.22,--,111,113442,买盘
2763,09:42:33,10.22,--,28,28616,买盘
2764,09:42:30,10.22,0.01,12,12264,买盘
2765,09:42:24,10.21,-0.01,50,51050,卖盘
2766,09:42:18,10.22,--,25,25550,买盘
2767,09:42:15,10.22,--,697,712334,卖盘
2768,09:42:12,10.22,--,1,1022,卖盘
2769,09:42:09,10.22,--,6,6132,卖盘
2770,09:41:48,10.22,--,241,246302,卖盘
2771,09:41:36,10.22,--,14,14308,买盘
2772,09:41:30,10.22,0.01,8,8176,买盘
2773,09:41:27,10.21,-0.01,10,10210,卖盘
2774,09:41:24,10.22,--,13,13286,买盘
2775,09:41:21,10.22,--,20,20440,买盘
2776,09:41:15,10.22,--,32,32704,买盘
2777,09:41:09,10.22,0.01,17,17374,买盘
2778,09:41:06,10.21,-0.01,25,25525,卖盘
2779,09:41:00,10.22,--,234,239556,买盘
2780,09:40:54,10.22,--,10,10220,买盘
2781,09:40:51,10.22,0.01,37,37814,买盘
2782,09:40:48,10.21,--,16,16336,卖盘
2783,09:40:39,10.21,-0.01,72,73512,卖盘
2784,09:40:36,10.22,-0.01,285,291270,卖盘
2785,09:40:30,10.23,0.02,43,44602,买盘
2786,09:40:27,10.21,-0.01,62,63302,卖盘
2787,09:40:21,10.22,0.01,29,29638,买盘
2788,09:40:18,10.21,-0.01,1105,1128205,卖盘
