,time,price,change,volume,amount,type
0,15:00:03,23.8,--,1060,2522800,买盘
1,14:57:00,23.8,--,43,102340,买盘
2,14:56:57,23.8,--,18,42840,买盘
3,14:56:54,23.8,--,17,40460,买盘
4,14:56:51,23.8,-0.01,242,576436,卖盘
5,14:56:48,23.81,--,7,16667,买盘
6,14:56:45,23.81,0.01,5,13809,买盘
7,14:56:42,23.8,--,5,11900,卖盘
8,14:56:39,23.8,--,13,30940,卖盘
9,14:56:36,23.8,--,20,47600,卖盘
10,14:56:33,23.8,-0.01,25,59500,卖盘
11,14:56:24,23.81,0.01,10,23810,买盘
12,14:56:21,23.8,-0.01,32,76160,卖盘
13,14:56:18,23.81,0.01,18,42858,买盘
14,14:56:12,23.8,-0.01,2,4760,卖盘
15,14:56:06,23.81,-0.01,3,7357,卖盘
16,14:56:03,23.82,0.01,10,23820,买盘
17,14:56:00,23.81,--,10,23810,卖盘
18,14:55:57,23.81,-0.01,8,19048,卖盘
19,14:55:54,23.82,0.01,7,16674,买盘
20,14:55:51,23.81,--,10,23810,卖盘
21,14:55:48,23.81,-0.01,6,14286,卖盘
22,14:55:45,23.82,0.02,91,218929,买盘
23,14:55:42,23.8,--,1,2380,卖盘
24,14:55:36,23.8,-0.01,14,33320,卖盘
25,14:55:30,23.81,0.01,4,9524,买盘
26,14:55:27,23.8,--,29,69020,买盘
27,14:55:21,23.8,0.01,94,223720,买盘
28,14:55:18,23.79,-0.01,2,4758,卖盘
29,14:55:12,23.8,--,6,14280,买盘
30,14:55:09,23.8,0.01,3,7140,中性盘
31,14:55:06,23.79,-0.02,60,142740,卖盘
32,14:55:03,23.81,0.01,118,281196,买盘
33,14:55:00,23.8,-0.01,16,38080,卖盘
34,14:54:57,23.81,0.01,9,21429,买盘
35,14:54:54,23.8,--,0,2142,卖盘
36,14:54:51,23.8,--,1,2380,买盘
37,14:54:48,23.8,0.01,9,21420,买盘
38,14:54:45,23.79,-0.02,13,30927,卖盘
39,14:54:42,23.81,0.01,29,69049,买盘
40,14:54:36,23.8,--,34,80920,买盘
41,14:54:33,23.8,--,2,4760,卖盘
42,14:54:30,23.8,--,6,14280,卖盘
43,14:54:27,23.8,--,5,11900,卖盘
44,14:54:24,23.8,--,121,287980,卖盘
45,14:54:21,23.8,--,210,499800,卖盘
46,14:54:18,23.8,--,50,119000,卖盘
47,14:54:15,23.8,0.01,83,197540,买盘
48,14:54:09,23.79,-0.01,8,19032,卖盘
49,14:54:03,23.8,--,10,23800,买盘
50,14:54:00,23.8,0.01,42,99960,买盘
51,14:53:57,23.79,-0.01,9,21411,卖盘
52,14:53:51,23.8,--,2,4760,买盘
53,14:53:48,23.8,--,1,2380,买盘
54,14:53:36,23.8,--,23,54740,买盘
55,14:53:30,23.8,-0.01,157,373660,卖盘
56,14:53:27,23.81,0.01,7,16667,买盘
57,14:53:24,23.8,--,100,238000,卖盘
58,14:53:21,23.8,--,5,11900,卖盘
59,14:53:18,23.8,-0.01,2,4760,卖盘
60,14:53:12,23.81,--,6,14286,买盘
61,14:53:09,23.81,--,1,2381,买盘
62,14:53:06,23.81,--,58,138098,买盘
63,14:53:03,23.81,0.02,14,33334,买盘
64,14:52:57,23.79,-0.02,133,316407,卖盘
65,14:52:54,23.81,0.01,4,9524,买盘
66,14:52:51,23.8,--,19,45220,买盘
67,14:52:48,23.8,0.01,5,11900,买盘
68,14:52:45,23.79,-0.01,18,42822,卖盘
69,14:52:42,23.8,-0.01,8,19040,卖盘
70,14:52:39,23.81,--,1,2381,买盘
71,14:52:36,23.81,--,21,50001,买盘
72,14:52:30,23.81,--,20,47620,买盘
73,14:52:27,23.81,--,5,11905,买盘
74,14:52:24,23.81,-0.01,104,248790,卖盘
75,14:52:18,23.82,--,2,4764,买盘
76,14:52:15,23.82,--,5,11910,买盘
77,14:52:12,23.82,--,4,9528,买盘
78,14:52:09,23.82,--,11,26202,买盘
79,14:52:06,23.82,--,20,47640,买盘
80,14:52:03,23.82,0.01,10,23820,买盘
81,14:51:57,23.81,-0.01,7,16667,卖盘
82,14:51:54,23.82,0.01,5,11910,买盘
83,14:51:51,23.81,-0.01,20,47620,卖盘
84,14:51:48,23.82,--,1,2382,买盘
85,14:51:42,23.82,--,1,2382,买盘
86,14:51:36,23.82,0.01,4,9528,买盘
87,14:51:30,23.81,0.01,58,139312,买盘
88,14:51:27,23.8,--,9,21420,买盘
89,14:51:24,23.8,--,4,9520,买盘
90,14:51:21,23.8,--,3,7140,买盘
91,14:51:15,23.8,--,3,7140,买盘
92,14:51:12,23.8,--,2,4760,买盘
93,14:51:09,23.8,--,35,83300,买盘
94,14:51:06,23.8,--,25,59500,买盘
95,14:51:03,23.8,--,2,4760,买盘
96,14:51:00,23.8,--,1,2380,买盘
97,14:50:54,23.8,--,14,33320,买盘
98,14:50:51,23.8,--,3,7140,买盘
99,14:50:48,23.8,--,50,119000,买盘
100,14:50:45,23.8,--,30,71400,买盘
101,14:50:39,23.8,0.01,34,83062,买盘
102,14:50:36,23.79,-0.01,201,478179,卖盘
103,14:50:33,23.8,0.02,10,23800,买盘
104,14:50:30,23.78,-0.02,200,475600,卖盘
105,14:50:27,23.8,--,1,2380,买盘
106,14:50:24,23.8,0.01,1,2380,买盘
107,14:50:21,23.79,-0.01,13,30927,卖盘
108,14:50:18,23.8,--,7,16660,买盘
109,14:50:15,23.8,--,2,4760,买盘
110,14:50:12,23.8,0.02,35,83300,买盘
111,14:50:06,23.78,-0.02,1,2378,卖盘
112,14:50:03,23.8,--,29,69020,买盘
113,14:50:00,23.8,--,11,26180,买盘
114,14:49:57,23.8,0.02,38,90892,买盘
115,14:49:54,23.78,--,57,135546,买盘
116,14:49:51,23.78,--,34,80852,买盘
117,14:49:48,23.78,--,24,57072,买盘
118,14:49:45,23.78,-0.01,655,1559516,卖盘
119,14:49:42,23.79,-0.01,5,11895,卖盘
120,14:49:36,23.8,0.01,228,542640,买盘
121,14:49:33,23.79,-0.01,30,71370,卖盘
122,14:49:30,23.8,0.01,1,2380,买盘
123,14:49:21,23.79,--,30,71370,卖盘
124,14:49:18,23.79,--,28,66612,买盘
125,14:49:15,23.79,-0.01,2,4758,中性盘
126,14:49:03,23.8,--,42,99960,买盘
127,14:48:57,23.8,0.01,302,718760,买盘
128,14:48:54,23.79,--,1,2379,买盘
129,14:48:36,23.79,--,7,16653,卖盘
130,14:48:33,23.79,--,50,118950,卖盘
131,14:48:27,23.79,--,69,164151,卖盘
132,14:48:24,23.79,--,44,104676,卖盘
133,14:48:21,23.79,--,8,19032,卖盘
134,14:48:15,23.79,--,1,2379,卖盘
135,14:48:06,23.79,--,10,23790,卖盘
136,14:47:54,23.79,--,30,71370,卖盘
137,14:47:51,23.79,--,81,192699,卖盘
138,14:47:45,23.79,--,4,9516,卖盘
139,14:47:42,23.79,--,9,21411,卖盘
140,14:47:33,23.79,--,5,11895,卖盘
141,14:47:30,23.79,--,200,475800,卖盘
142,14:47:27,23.79,-0.01,11,26169,卖盘
143,14:47:24,23.8,--,2,4760,买盘
144,14:47:18,23.8,--,1,2380,买盘
145,14:47:15,23.8,--,1,2380,买盘
146,14:47:12,23.8,--,5,11900,买盘
147,14:47:09,23.8,--,3,7140,买盘
148,14:47:03,23.8,--,31,73780,买盘
149,14:47:00,23.8,--,3,7140,买盘
150,14:46:57,23.8,--,11,26180,买盘
151,14:46:51,23.8,--,5,11900,买盘
152,14:46:48,23.8,--,1,2380,买盘
153,14:46:42,23.8,--,11,26180,买盘
154,14:46:36,23.8,0.01,5,11900,买盘
155,14:46:30,23.79,-0.01,23,54717,卖盘
156,14:46:27,23.8,--,1,2380,买盘
157,14:46:15,23.8,--,3,7140,买盘
158,14:46:06,23.8,0.02,22,52360,买盘
159,14:46:03,23.78,-0.02,50,118900,卖盘
160,14:46:00,23.8,0.01,25,59500,买盘
161,14:45:57,23.79,--,2,4758,卖盘
162,14:45:54,23.79,--,17,40443,卖盘
163,14:45:51,23.79,--,20,47580,卖盘
164,14:45:48,23.79,--,5,11895,卖盘
165,14:45:42,23.79,0.01,4,11657,买盘
166,14:45:39,23.78,-0.01,20,47560,卖盘
167,14:45:36,23.79,0.01,2,4758,买盘
168,14:45:27,23.78,--,14,33292,卖盘
169,14:45:21,23.78,--,41,97498,卖盘
170,14:45:06,23.78,--,10,23780,卖盘
171,14:44:54,23.78,-0.02,4,9512,卖盘
172,14:44:48,23.8,0.02,30,71400,买盘
173,14:44:45,23.78,-0.01,5,11890,卖盘
174,14:44:39,23.79,--,9,21411,买盘
175,14:44:33,23.79,--,36,85644,卖盘
176,14:44:30,23.79,--,30,71370,卖盘
177,14:44:24,23.79,-0.01,15,35685,卖盘
178,14:44:21,23.8,0.01,12,28560,买盘
179,14:44:15,23.79,--,5,11895,卖盘
180,14:44:09,23.79,-0.01,7,16653,卖盘
181,14:43:57,23.8,--,29,69020,买盘
182,14:43:36,23.8,0.01,1,2380,买盘
183,14:43:30,23.79,-0.01,4,9516,买盘
184,14:43:27,23.8,--,2,4760,买盘
185,14:43:15,23.8,--,12,28560,买盘
186,14:43:12,23.8,--,2,4760,买盘
187,14:43:09,23.8,0.01,132,314160,买盘
188,14:43:06,23.79,-0.01,3,7137,卖盘
189,14:42:57,23.8,--,5,11900,买盘
190,14:42:54,23.8,--,1,2380,买盘
191,14:42:51,23.8,0.01,55,131590,买盘
192,14:42:48,23.79,--,7,16653,买盘
193,14:42:45,23.79,--,55,130845,卖盘
194,14:42:33,23.79,--,15,35685,卖盘
195,14:42:30,23.79,-0.01,1,2379,卖盘
196,14:42:21,23.8,0.01,42,99960,买盘
197,14:42:18,23.79,-0.01,1,2379,卖盘
198,14:42:12,23.8,--,50,119000,买盘
199,14:41:54,23.8,--,1,2380,买盘
200,14:41:51,23.8,--,9,21420,买盘
201,14:41:48,23.8,--,3,7140,买盘
202,14:41:45,23.8,--,5,11900,买盘
203,14:41:42,23.8,--,30,71400,买盘
204,14:41:39,23.8,--,60,142800,买盘
205,14:41:36,23.8,--,20,47600,买盘
206,14:41:33,23.8,--,3,7140,买盘
207,14:41:30,23.8,-0.03,219,523576,卖盘
208,14:41:27,23.83,--,1,2383,买盘
209,14:41:24,23.83,0.01,31,73873,买盘
210,14:41:21,23.82,-0.01,50,119100,卖盘
211,14:41:12,23.83,--,1,2383,买盘
212,14:41:09,23.83,--,2,4766,买盘
213,14:41:06,23.83,0.01,5,11915,买盘
214,14:40:57,23.82,--,30,71460,卖盘
215,14:40:54,23.82,--,5,11910,卖盘
216,14:40:39,23.82,--,79,188178,买盘
217,14:40:36,23.82,0.02,6,14292,买盘
218,14:40:33,23.8,-0.02,204,485520,卖盘
219,14:40:30,23.82,--,50,119100,买盘
220,14:40:24,23.82,--,5,11910,买盘
221,14:40:18,23.82,--,25,59550,买盘
222,14:40:15,23.82,--,16,38112,买盘
223,14:40:12,23.82,-0.03,118,281076,卖盘
224,14:40:03,23.85,0.03,29,69165,买盘
225,14:40:00,23.82,-0.01,5,11910,卖盘
226,14:39:57,23.83,0.01,7,16681,买盘
227,14:39:54,23.82,-0.01,3,7146,卖盘
228,14:39:39,23.83,0.01,2,4766,买盘
229,14:39:36,23.82,--,1,2382,卖盘
230,14:39:27,23.82,0.02,37,88134,买盘
231,14:39:12,23.8,--,4,9520,卖盘
232,14:39:00,23.8,0.03,59,140443,买盘
233,14:38:57,23.77,-0.02,25,59425,卖盘
234,14:38:51,23.79,-0.01,10,23790,买盘
235,14:38:36,23.8,0.04,1,2380,买盘
236,14:38:33,23.76,-0.04,5,11880,卖盘
237,14:38:21,23.8,0.03,160,380800,买盘
238,14:38:18,23.77,0.01,140,332780,买盘
239,14:38:15,23.76,--,1,2376,卖盘
240,14:38:12,23.76,--,6,14256,买盘
241,14:38:09,23.76,--,28,66528,卖盘
242,14:38:06,23.76,0.01,40,95040,买盘
243,14:38:03,23.75,-0.01,39,92625,卖盘
244,14:38:00,23.76,--,106,251856,买盘
245,14:37:57,23.76,--,102,242352,卖盘
246,14:37:48,23.76,--,145,344520,卖盘
247,14:37:45,23.76,0.01,14,33264,买盘
248,14:37:42,23.75,-0.01,5,11875,卖盘
249,14:37:39,23.76,0.01,6,14256,买盘
250,14:37:33,23.75,0.02,96,228000,买盘
251,14:37:30,23.73,-0.03,145,344085,卖盘
252,14:37:27,23.76,--,45,106920,卖盘
253,14:37:21,23.76,--,8,19008,卖盘
254,14:37:18,23.76,-0.01,5,11880,中性盘
255,14:37:15,23.77,0.02,40,95080,买盘
256,14:37:12,23.75,-0.02,98,232750,卖盘
257,14:37:03,23.77,--,2,4754,买盘
258,14:37:00,23.77,-0.01,112,266224,卖盘
259,14:36:57,23.78,--,6,14268,卖盘
260,14:36:51,23.78,--,46,109388,卖盘
261,14:36:48,23.78,-0.01,14,33292,卖盘
262,14:36:45,23.79,--,83,197457,买盘
263,14:36:33,23.79,-0.01,5,11895,买盘
264,14:36:30,23.8,-0.02,130,309400,卖盘
265,14:36:27,23.82,0.02,18,42876,买盘
266,14:36:24,23.8,--,2,4760,卖盘
267,14:36:21,23.8,--,37,88060,卖盘
268,14:36:18,23.8,-0.02,10,23800,卖盘
269,14:36:15,23.82,0.02,2,4764,买盘
270,14:36:06,23.8,-0.02,450,1071000,卖盘
271,14:36:00,23.82,--,10,23820,卖盘
272,14:35:54,23.82,-0.02,49,116718,卖盘
273,14:35:51,23.84,--,96,228864,买盘
274,14:35:42,23.84,--,5,11920,卖盘
275,14:35:39,23.84,--,5,11920,卖盘
276,14:35:36,23.84,--,30,71520,卖盘
277,14:35:33,23.84,--,82,195488,卖盘
278,14:35:30,23.84,--,10,23840,卖盘
279,14:35:27,23.84,--,6,14304,卖盘
280,14:35:24,23.84,-0.01,8,19072,卖盘
281,14:35:21,23.85,--,73,174105,买盘
282,14:35:18,23.85,--,15,35775,买盘
283,14:35:12,23.85,--,1,4746,卖盘
284,14:35:09,23.85,--,36,85883,卖盘
285,14:35:06,23.85,-0.03,9,21465,卖盘
286,14:34:54,23.88,--,20,47760,买盘
287,14:34:51,23.88,--,34,81192,买盘
288,14:34:48,23.88,--,21,50148,买盘
289,14:34:45,23.88,--,105,250740,卖盘
290,14:34:36,23.88,-0.02,11,26268,卖盘
291,14:34:27,23.9,-0.02,328,785162,卖盘
292,14:34:24,23.92,0.01,25,59800,买盘
293,14:34:21,23.91,--,53,126723,卖盘
294,14:34:18,23.91,--,66,157806,卖盘
295,14:34:15,23.91,--,3,7173,卖盘
296,14:34:12,23.91,--,98,234318,卖盘
297,14:34:09,23.91,--,5,11955,卖盘
298,14:34:06,23.91,--,2,4782,卖盘
299,14:34:03,23.91,-0.01,15,35865,卖盘
300,14:34:00,23.92,--,29,69368,卖盘
301,14:33:57,23.92,--,102,243984,卖盘
302,14:33:54,23.92,--,28,66976,卖盘
303,14:33:51,23.92,--,6,14352,卖盘
304,14:33:48,23.92,-0.01,70,167440,卖盘
305,14:33:33,23.93,--,50,119650,卖盘
306,14:33:30,23.93,--,29,69397,卖盘
307,14:33:27,23.93,--,10,23930,卖盘
308,14:33:24,23.93,--,50,119650,卖盘
309,14:33:21,23.93,--,55,131615,卖盘
310,14:33:12,23.93,--,1,2393,卖盘
311,14:33:09,23.93,-0.01,4,9572,卖盘
312,14:33:06,23.94,0.01,96,229824,买盘
313,14:33:03,23.93,--,9,21537,卖盘
314,14:33:00,23.93,-0.01,10,23930,卖盘
315,14:32:57,23.94,0.01,22,52668,买盘
316,14:32:51,23.93,--,80,191440,卖盘
317,14:32:48,23.93,-0.01,16,38288,卖盘
318,14:32:36,23.94,--,43,102942,买盘
319,14:32:21,23.94,--,76,181944,买盘
320,14:32:18,23.94,--,19,45486,卖盘
321,14:32:15,23.94,--,2,4788,卖盘
322,14:32:09,23.94,-0.01,4,9576,卖盘
323,14:32:06,23.95,0.01,32,76640,买盘
324,14:32:00,23.94,--,20,47880,卖盘
325,14:31:57,23.94,--,5,11970,卖盘
326,14:31:51,23.94,--,30,71820,卖盘
327,14:31:48,23.94,-0.01,2,4788,卖盘
328,14:31:45,23.95,0.01,29,69455,买盘
329,14:31:39,23.94,--,20,47880,卖盘
330,14:31:36,23.94,-0.01,1,2394,买盘
331,14:31:27,23.95,0.01,43,102985,买盘
332,14:31:24,23.94,0.01,50,119700,买盘
333,14:31:18,23.93,-0.01,18,43074,卖盘
334,14:31:06,23.94,--,23,55062,买盘
335,14:31:03,23.94,0.01,2,4788,买盘
336,14:31:00,23.93,-0.01,48,114864,卖盘
337,14:30:57,23.94,0.01,48,114912,买盘
338,14:30:51,23.93,--,60,143580,卖盘
339,14:30:45,23.93,--,1,2393,卖盘
340,14:30:42,23.93,-0.01,5,11965,卖盘
341,14:30:36,23.94,0.01,25,59850,买盘
342,14:30:27,23.93,--,47,112471,卖盘
343,14:30:24,23.93,--,30,71790,卖盘
344,14:30:18,23.93,--,5,11965,卖盘
345,14:30:12,23.93,-0.01,3,7179,卖盘
346,14:30:06,23.94,0.01,72,172368,买盘
347,14:30:00,23.93,--,17,40681,卖盘
348,14:29:57,23.93,--,53,126829,卖盘
349,14:29:54,23.93,--,5,11965,卖盘
350,14:29:48,23.93,-0.01,3,7179,卖盘
351,14:29:45,23.94,--,1,2394,买盘
352,14:29:42,23.94,0.01,28,67032,买盘
353,14:29:39,23.93,-0.01,100,239300,卖盘
354,14:29:36,23.94,0.01,23,55062,买盘
355,14:29:30,23.93,-0.01,1,2393,卖盘
356,14:29:27,23.94,0.01,41,98154,买盘
357,14:29:21,23.93,--,30,71790,卖盘
358,14:29:12,23.93,--,2,4786,卖盘
359,14:29:09,23.93,-0.01,84,201012,卖盘
360,14:29:06,23.94,--,23,55062,买盘
361,14:28:57,23.94,0.01,36,86184,买盘
362,14:28:48,23.93,-0.01,1,2393,卖盘
363,14:28:36,23.94,--,33,79002,买盘
364,14:28:27,23.94,0.01,41,98154,买盘
365,14:28:15,23.93,--,14,33502,卖盘
366,14:28:09,23.93,-0.01,200,478600,卖盘
367,14:28:06,23.94,0.01,14,33516,买盘
368,14:28:03,23.93,--,302,722686,卖盘
369,14:27:57,23.93,-0.01,5,11965,卖盘
370,14:27:54,23.94,0.01,53,126882,买盘
371,14:27:48,23.93,-0.01,3,7179,卖盘
372,14:27:39,23.94,--,29,69426,买盘
373,14:27:36,23.94,0.01,23,55062,买盘
374,14:27:30,23.93,-0.01,5,11965,卖盘
375,14:27:24,23.94,--,48,114912,买盘
376,14:27:18,23.94,0.01,1,2394,买盘
377,14:27:12,23.93,-0.01,303,725079,卖盘
378,14:27:09,23.94,-0.01,38,90972,卖盘
379,14:27:06,23.95,0.01,55,131725,买盘
380,14:26:57,23.94,-0.01,1,2394,卖盘
381,14:26:54,23.95,0.01,46,110170,买盘
382,14:26:51,23.94,--,6,14364,卖盘
383,14:26:48,23.94,--,5,11970,卖盘
384,14:26:45,23.94,-0.01,15,35910,卖盘
385,14:26:36,23.95,0.01,124,296980,买盘
386,14:26:27,23.94,-0.01,10,23940,卖盘
387,14:26:24,23.95,0.01,47,112565,买盘
388,14:26:18,23.94,-0.01,5,11970,卖盘
389,14:26:12,23.95,0.01,18,43110,买盘
390,14:26:03,23.94,--,1,2394,卖盘
391,14:26:00,23.94,-0.01,25,59850,卖盘
392,14:25:54,23.95,--,94,225130,买盘
393,14:25:48,23.95,--,2,4790,买盘
394,14:25:42,23.95,0.01,14,33530,买盘
395,14:25:39,23.94,-0.01,12,28728,卖盘
396,14:25:36,23.95,--,5,11975,买盘
397,14:25:33,23.95,0.01,29,69455,买盘
398,14:25:30,23.94,--,5,11970,卖盘
399,14:25:27,23.94,-0.01,25,59850,卖盘
400,14:25:24,23.95,0.01,38,91010,买盘
401,14:25:15,23.94,-0.01,2,4788,卖盘
402,14:25:12,23.95,0.01,14,33530,买盘
403,14:25:06,23.94,-0.01,1,2394,卖盘
404,14:25:03,23.95,0.01,1,2395,买盘
405,14:25:00,23.94,-0.01,3,7182,卖盘
406,14:24:54,23.95,0.01,50,119750,买盘
407,14:24:51,23.94,-0.01,50,119700,卖盘
408,14:24:42,23.95,--,14,33530,买盘
409,14:24:36,23.95,0.01,66,158070,买盘
410,14:24:27,23.94,-0.01,7,16758,卖盘
411,14:24:24,23.95,0.01,46,110170,买盘
412,14:24:21,23.94,--,2,4788,卖盘
413,14:24:18,23.94,-0.01,20,47880,卖盘
414,14:24:15,23.95,--,3,7185,买盘
415,14:24:12,23.95,0.01,14,33530,买盘
416,14:24:09,23.94,--,1,2394,卖盘
417,14:24:06,23.94,-0.01,14,33516,卖盘
418,14:23:54,23.95,--,58,138910,卖盘
419,14:23:51,23.95,--,10,23950,卖盘
420,14:23:45,23.95,0.01,10,23950,卖盘
421,14:23:42,23.94,-0.02,7,16758,卖盘
422,14:23:39,23.96,--,18,43128,买盘
423,14:23:33,23.96,--,2,4792,买盘
424,14:23:30,23.96,--,28,67088,买盘
425,14:23:24,23.96,0.01,44,105424,买盘
426,14:23:21,23.95,--,116,277820,买盘
427,14:23:18,23.95,--,112,268240,买盘
428,14:23:12,23.95,0.01,13,31135,买盘
429,14:23:09,23.94,-0.01,10,23940,卖盘
430,14:22:54,23.95,--,49,117355,买盘
431,14:22:48,23.95,--,1,2395,买盘
432,14:22:45,23.95,--,7,16765,买盘
433,14:22:39,23.95,--,1,2395,买盘
434,14:22:36,23.95,0.01,621,1487295,买盘
435,14:22:33,23.94,0.01,20,47880,买盘
436,14:22:27,23.93,-0.01,59,141187,卖盘
437,14:22:24,23.94,0.01,49,117306,买盘
438,14:22:18,23.93,-0.01,5,11965,卖盘
439,14:22:12,23.94,0.01,15,35910,买盘
440,14:22:06,23.93,-0.01,2,4786,卖盘
441,14:22:03,23.94,--,5,11970,买盘
442,14:22:00,23.94,--,21,50274,买盘
443,14:21:54,23.94,--,39,93366,买盘
444,14:21:48,23.94,--,45,107730,卖盘
445,14:21:45,23.94,--,5,11970,买盘
446,14:21:42,23.94,0.01,29,69426,买盘
447,14:21:36,23.93,--,20,47860,卖盘
448,14:21:33,23.93,-0.02,10,23930,卖盘
449,14:21:24,23.95,0.01,87,208365,买盘
450,14:21:21,23.94,0.01,41,98154,卖盘
451,14:21:18,23.93,-0.01,49,117257,卖盘
452,14:21:15,23.94,--,49,117306,买盘
453,14:21:12,23.94,--,25,59850,卖盘
454,14:21:06,23.94,--,2,4788,卖盘
455,14:21:03,23.94,--,297,711018,买盘
456,14:21:00,23.94,--,25,59850,买盘
457,14:20:54,23.94,--,46,110124,买盘
458,14:20:42,23.94,0.01,134,320796,买盘
459,14:20:30,23.93,-0.01,1,2393,卖盘
460,14:20:24,23.94,--,59,141246,买盘
461,14:20:21,23.94,--,60,143640,买盘
462,14:20:18,23.94,--,38,90972,买盘
463,14:20:12,23.94,--,41,98154,卖盘
464,14:20:09,23.94,--,9,21546,卖盘
465,14:20:03,23.94,--,50,119700,卖盘
466,14:20:00,23.94,--,7,16758,卖盘
467,14:19:57,23.94,-0.01,23,55062,卖盘
468,14:19:54,23.95,0.01,45,107775,买盘
469,14:19:48,23.94,-0.01,6,14364,买盘
470,14:19:42,23.95,0.01,14,33530,买盘
471,14:19:39,23.94,-0.01,29,71221,卖盘
472,14:19:33,23.95,--,20,47900,买盘
473,14:19:30,23.95,0.01,8,19160,买盘
474,14:19:27,23.94,-0.01,10,23940,卖盘
475,14:19:24,23.95,--,161,385595,买盘
476,14:19:21,23.95,0.01,27,64665,买盘
477,14:19:15,23.94,--,2,4788,卖盘
478,14:19:12,23.94,--,15,35910,卖盘
479,14:19:03,23.94,--,106,253764,卖盘
480,14:18:57,23.94,--,26,62244,卖盘
481,14:18:54,23.94,--,75,179550,卖盘
482,14:18:51,23.94,--,20,47880,卖盘
483,14:18:48,23.94,--,7,16758,卖盘
484,14:18:45,23.94,-0.01,4,9576,卖盘
485,14:18:42,23.95,0.01,16,38320,买盘
486,14:18:36,23.94,--,10,23940,卖盘
487,14:18:30,23.94,--,2,4788,卖盘
488,14:18:27,23.94,-0.01,28,67032,卖盘
489,14:18:21,23.95,0.01,42,100590,买盘
490,14:18:18,23.94,-0.01,5,11970,卖盘
491,14:18:12,23.95,--,14,33530,买盘
492,14:18:06,23.95,0.01,11,26345,买盘
493,14:18:03,23.94,--,20,47880,卖盘
494,14:18:00,23.94,--,84,201096,卖盘
495,14:17:51,23.94,-0.01,74,177156,卖盘
496,14:17:42,23.95,0.01,14,33530,买盘
497,14:17:39,23.94,--,5,11970,卖盘
498,14:17:33,23.94,--,5,11970,卖盘
499,14:17:27,23.94,--,62,149026,买盘
500,14:17:21,23.94,--,39,93366,买盘
501,14:17:15,23.94,--,28,67032,买盘
502,14:17:12,23.94,--,15,35910,买盘
503,14:17:09,23.94,--,1,2394,买盘
504,14:16:51,23.94,0.01,43,102942,买盘
505,14:16:48,23.93,-0.01,1,2393,卖盘
506,14:16:42,23.94,0.01,14,33516,买盘
507,14:16:39,23.93,--,3,7179,卖盘
508,14:16:36,23.93,--,7,16751,卖盘
509,14:16:30,23.93,-0.01,5,11965,卖盘
510,14:16:27,23.94,--,14,33516,买盘
511,14:16:21,23.94,--,47,112518,买盘
512,14:16:12,23.94,--,13,31122,买盘
513,14:16:06,23.94,0.01,1,2394,买盘
514,14:15:54,23.93,-0.01,250,598250,卖盘
515,14:15:51,23.94,0.01,41,98154,买盘
516,14:15:48,23.93,-0.01,1,2393,卖盘
517,14:15:45,23.94,--,15,35910,买盘
518,14:15:42,23.94,--,15,35910,买盘
519,14:15:39,23.94,0.01,5,11970,买盘
520,14:15:30,23.93,-0.01,2,4786,卖盘
521,14:15:27,23.94,0.01,2,4788,买盘
522,14:15:24,23.93,-0.01,10,23930,卖盘
523,14:15:21,23.94,--,37,88578,买盘
524,14:15:18,23.94,--,2,4788,买盘
525,14:15:12,23.94,0.02,27,64638,买盘
526,14:15:00,23.92,--,2,4784,卖盘
527,14:14:54,23.92,-0.02,1,2392,卖盘
528,14:14:51,23.94,0.01,108,258552,买盘
529,14:14:45,23.93,--,5,11965,买盘
530,14:14:39,23.93,--,200,478600,买盘
531,14:14:33,23.93,--,386,923698,买盘
532,14:14:24,23.93,--,23,55039,买盘
533,14:14:21,23.93,0.01,44,105292,买盘
534,14:14:12,23.92,--,41,98072,卖盘
535,14:14:09,23.92,--,133,318136,买盘
536,14:13:51,23.92,0.01,40,95680,买盘
537,14:13:48,23.91,--,5,11955,卖盘
538,14:13:45,23.91,-0.01,7,16737,卖盘
539,14:13:42,23.92,0.01,13,31096,买盘
540,14:13:39,23.91,--,5,11955,卖盘
541,14:13:33,23.91,--,21,50856,买盘
542,14:13:30,23.91,--,5,11955,买盘
543,14:13:27,23.91,--,84,200844,买盘
544,14:13:24,23.91,--,10,23910,买盘
545,14:13:21,23.91,--,52,124332,买盘
546,14:13:12,23.91,--,17,40647,买盘
547,14:13:09,23.91,0.01,33,78903,买盘
548,14:13:06,23.9,-0.01,1,2390,卖盘
549,14:13:00,23.91,0.01,2,4782,买盘
550,14:12:54,23.9,--,5,11950,卖盘
551,14:12:51,23.9,-0.01,50,119500,卖盘
552,14:12:48,23.91,--,6,14346,买盘
553,14:12:45,23.91,--,8,19128,买盘
554,14:12:42,23.91,0.01,15,35865,买盘
555,14:12:39,23.9,--,71,169690,卖盘
556,14:12:30,23.9,--,168,402667,买盘
557,14:12:21,23.9,--,43,102770,买盘
558,14:12:18,23.9,--,13,31069,买盘
559,14:12:12,23.9,0.01,13,31069,买盘
560,14:12:09,23.89,--,26,62114,卖盘
561,14:12:03,23.89,--,6,14334,卖盘
562,14:11:57,23.89,-0.01,5,11945,中性盘
563,14:11:48,23.9,0.01,37,88430,买盘
564,14:11:42,23.89,--,14,33446,买盘
565,14:11:39,23.89,--,11,27521,卖盘
566,14:11:33,23.89,--,10,23890,卖盘
567,14:11:30,23.89,--,60,143340,卖盘
568,14:11:27,23.89,--,10,23890,卖盘
569,14:11:21,23.89,--,10,23890,卖盘
570,14:11:18,23.89,-0.01,101,241289,卖盘
571,14:11:12,23.9,0.01,13,31069,买盘
572,14:11:06,23.89,-0.01,50,119450,卖盘
573,14:11:03,23.9,0.01,29,69310,买盘
574,14:11:00,23.89,--,3,7167,卖盘
575,14:10:57,23.89,--,1,2389,卖盘
576,14:10:51,23.89,-0.01,180,430020,卖盘
577,14:10:48,23.9,--,46,109940,买盘
578,14:10:42,23.9,-0.01,94,224660,中性盘
579,14:10:18,23.91,0.02,41,98031,买盘
580,14:10:15,23.89,-0.01,12,28668,卖盘
581,14:10:12,23.9,--,12,28680,买盘
582,14:10:06,23.9,--,7,16730,卖盘
583,14:10:03,23.9,--,1,2390,卖盘
584,14:09:54,23.9,--,32,76480,买盘
585,14:09:51,23.9,-0.01,103,246169,卖盘
586,14:09:48,23.91,0.01,45,107595,买盘
587,14:09:42,23.9,0.01,7,16730,买盘
588,14:09:39,23.89,-0.01,310,740590,卖盘
589,14:09:30,23.9,0.01,4,9560,买盘
590,14:09:24,23.89,-0.02,1,2389,卖盘
591,14:09:18,23.91,0.01,40,97552,买盘
592,14:09:12,23.9,-0.01,14,33460,中性盘
593,14:09:00,23.91,0.02,29,69339,买盘
594,14:08:51,23.89,-0.02,1,2389,卖盘
595,14:08:48,23.91,0.01,53,126723,买盘
596,14:08:45,23.9,--,4,9560,卖盘
597,14:08:42,23.9,-0.01,10,23900,买盘
598,14:08:39,23.91,0.01,100,239100,买盘
599,14:08:36,23.9,--,22,52580,卖盘
600,14:08:30,23.9,--,12,28680,卖盘
601,14:08:24,23.9,-0.01,2,4780,卖盘
602,14:08:18,23.91,0.02,40,95640,买盘
603,14:08:03,23.89,-0.02,22,52558,卖盘
604,14:07:48,23.91,0.01,52,124332,买盘
605,14:07:42,23.9,0.01,14,33460,买盘
606,14:07:36,23.89,-0.02,8,19112,卖盘
607,14:07:18,23.91,0.02,47,112377,买盘
608,14:07:15,23.89,-0.01,5,11945,卖盘
609,14:07:12,23.9,0.01,14,33460,买盘
610,14:07:09,23.89,-0.01,30,71670,卖盘
611,14:07:03,23.9,--,1,2390,买盘
612,14:07:00,23.9,--,28,66920,买盘
613,14:06:57,23.9,--,26,63884,卖盘
614,14:06:54,23.9,--,1,2390,卖盘
615,14:06:51,23.9,--,1,2390,卖盘
616,14:06:48,23.9,-0.01,124,296360,卖盘
617,14:06:42,23.91,0.01,115,274965,买盘
618,14:06:39,23.9,-0.01,5,11950,卖盘
619,14:06:30,23.91,0.01,7,16737,中性盘
620,14:06:21,23.9,-0.01,78,187065,卖盘
621,14:06:18,23.91,--,108,258228,卖盘
622,14:06:15,23.91,-0.01,3,7173,卖盘
623,14:06:12,23.92,0.01,14,33488,买盘
624,14:06:09,23.91,--,20,47820,卖盘
625,14:05:57,23.91,--,120,286920,卖盘
626,14:05:51,23.91,-0.02,10,23910,卖盘
627,14:05:48,23.93,0.01,49,117257,买盘
628,14:05:45,23.92,--,7,16744,买盘
629,14:05:42,23.92,0.01,14,33488,买盘
630,14:05:39,23.91,-0.01,14,33474,卖盘
631,14:05:36,23.92,--,9,23322,卖盘
632,14:05:33,23.92,--,42,100464,卖盘
633,14:05:30,23.92,--,5,11960,卖盘
634,14:05:21,23.92,--,6,14352,卖盘
635,14:05:18,23.92,--,56,134550,买盘
636,14:05:15,23.92,-0.01,43,104650,卖盘
637,14:05:12,23.93,0.01,14,33502,买盘
638,14:05:09,23.92,-0.01,10,23920,卖盘
639,14:05:00,23.93,0.01,3,7179,买盘
640,14:04:57,23.92,-0.01,22,52624,卖盘
641,14:04:54,23.93,--,26,62218,买盘
642,14:04:48,23.93,0.01,49,117855,买盘
643,14:04:45,23.92,--,15,37674,卖盘
644,14:04:42,23.92,--,2,4784,卖盘
645,14:04:36,23.92,--,10,24518,买盘
646,14:04:27,23.92,--,6,16146,卖盘
647,14:04:21,23.92,--,2,4784,卖盘
648,14:04:18,23.92,0.01,53,127374,卖盘
649,14:04:12,23.91,--,6,14346,卖盘
650,14:04:03,23.91,-0.02,2,4782,卖盘
651,14:03:57,23.93,--,5,11965,买盘
652,14:03:45,23.93,0.02,48,114864,买盘
653,14:03:42,23.91,-0.01,10,23910,中性盘
654,14:03:15,23.92,0.03,52,124384,买盘
655,14:03:06,23.89,--,2,4778,卖盘
656,14:02:57,23.89,--,8,19112,卖盘
657,14:02:54,23.89,-0.02,5,11945,卖盘
658,14:02:51,23.91,--,25,61400,买盘
659,14:02:45,23.91,0.02,82,196062,买盘
660,14:02:42,23.89,--,14,33446,买盘
661,14:02:39,23.89,--,36,86004,卖盘
662,14:02:36,23.89,--,10,23890,卖盘
663,14:02:33,23.89,--,8,19112,卖盘
664,14:02:27,23.89,-0.01,200,477800,卖盘
665,14:02:24,23.9,-0.01,1,2390,中性盘
666,14:02:15,23.91,0.01,43,102813,买盘
667,14:02:12,23.9,--,15,35850,买盘
668,14:02:09,23.9,0.01,5,11950,买盘
669,14:02:03,23.89,0.01,1,2389,中性盘
670,14:01:57,23.88,-0.01,20,47760,卖盘
671,14:01:54,23.89,--,14,33446,买盘
672,14:01:45,23.89,0.01,51,121839,买盘
673,14:01:42,23.88,--,43,102684,卖盘
674,14:01:30,23.88,--,2,4776,卖盘
675,14:01:21,23.88,--,20,47760,卖盘
676,14:01:12,23.88,--,14,33432,卖盘
677,14:01:06,23.88,--,40,95520,卖盘
678,14:01:03,23.88,-0.01,1,2388,卖盘
679,14:00:57,23.89,0.01,1,2389,买盘
680,14:00:51,23.88,--,60,143280,卖盘
681,14:00:48,23.88,-0.01,100,238800,卖盘
682,14:00:45,23.89,--,4,9556,买盘
683,14:00:42,23.89,--,74,176786,买盘
684,14:00:33,23.89,-0.01,5,11945,买盘
685,14:00:30,23.9,0.01,29,69310,买盘
686,14:00:27,23.89,--,37,88393,卖盘
687,14:00:24,23.89,-0.01,4,9556,中性盘
688,14:00:12,23.9,0.01,30,71700,买盘
689,14:00:09,23.89,--,19,45868,卖盘
690,14:00:06,23.89,-0.01,30,71670,卖盘
691,14:00:03,23.9,0.01,10,23900,买盘
692,13:59:54,23.89,--,5,11945,卖盘
693,13:59:51,23.89,--,0,1911,卖盘
694,13:59:48,23.89,--,3,7167,卖盘
695,13:59:42,23.89,0.01,8,19112,中性盘
696,13:59:33,23.88,--,20,47760,卖盘
697,13:59:24,23.88,-0.02,2,4776,卖盘
698,13:59:03,23.9,--,1,2390,卖盘
699,13:59:00,23.9,--,2,4780,卖盘
700,13:58:57,23.9,-0.01,9,21510,卖盘
701,13:58:51,23.91,-0.02,15,35865,卖盘
702,13:58:48,23.93,--,49,117257,买盘
703,13:58:45,23.93,--,48,114864,买盘
704,13:58:42,23.93,--,49,117257,卖盘
705,13:58:36,23.93,--,104,248872,卖盘
706,13:58:33,23.93,--,20,47860,卖盘
707,13:58:30,23.93,--,75,179475,卖盘
708,13:58:24,23.93,--,5,11965,卖盘
709,13:58:15,23.93,-0.01,1,2393,卖盘
710,13:58:09,23.94,-0.01,10,23940,中性盘
711,13:58:06,23.95,0.02,124,296980,买盘
712,13:58:03,23.93,-0.01,48,114864,卖盘
713,13:57:57,23.94,--,11,26334,卖盘
714,13:57:51,23.94,-0.01,90,215460,卖盘
715,13:57:48,23.95,--,37,88615,买盘
716,13:57:45,23.95,--,62,148490,买盘
717,13:57:42,23.95,--,48,114960,卖盘
718,13:57:36,23.95,--,93,222735,卖盘
719,13:57:33,23.95,-0.01,51,122145,卖盘
720,13:57:27,23.96,0.01,35,83860,买盘
721,13:57:24,23.95,--,9,21555,卖盘
722,13:57:18,23.95,--,2,4790,卖盘
723,13:57:15,23.95,--,9,21555,卖盘
724,13:57:12,23.95,-0.01,18,43110,卖盘
725,13:57:06,23.96,--,4,9584,卖盘
726,13:57:03,23.96,--,12,28752,卖盘
727,13:57:00,23.96,--,19,45524,卖盘
728,13:56:57,23.96,--,10,23960,卖盘
729,13:56:54,23.96,--,9,21564,卖盘
730,13:56:51,23.96,--,3,7188,卖盘
731,13:56:48,23.96,--,6,14376,卖盘
732,13:56:45,23.96,0.01,4,9584,中性盘
733,13:56:42,23.95,-0.01,63,150885,卖盘
734,13:56:39,23.96,--,26,62296,卖盘
735,13:56:36,23.96,--,10,23960,卖盘
736,13:56:33,23.96,--,101,241996,卖盘
737,13:56:30,23.96,--,12,28752,卖盘
738,13:56:27,23.96,--,130,311480,卖盘
739,13:56:24,23.96,-0.01,20,47920,卖盘
740,13:56:21,23.97,0.01,7,16779,买盘
741,13:56:12,23.96,-0.01,1,2396,卖盘
742,13:55:57,23.97,-0.01,74,177378,买盘
743,13:55:48,23.98,0.01,168,402864,买盘
744,13:55:45,23.97,--,6,14382,卖盘
745,13:55:42,23.97,0.01,1,2397,中性盘
746,13:55:36,23.96,--,52,124592,卖盘
747,13:55:33,23.96,--,4,9584,卖盘
748,13:55:30,23.96,-0.02,5,11980,卖盘
749,13:55:27,23.98,0.01,48,115104,买盘
750,13:55:15,23.97,--,15,35955,买盘
751,13:55:06,23.97,--,4,9588,卖盘
752,13:55:03,23.97,--,22,52734,卖盘
753,13:55:00,23.97,--,227,544119,卖盘
754,13:54:57,23.97,--,98,234906,卖盘
755,13:54:54,23.97,--,5,11985,卖盘
756,13:54:48,23.97,--,3,7191,卖盘
757,13:54:42,23.97,--,4,9588,卖盘
758,13:54:39,23.97,-0.01,2,4794,卖盘
759,13:54:36,23.98,--,10,23980,买盘
760,13:54:33,23.98,--,13,31174,买盘
761,13:54:27,23.98,--,47,112706,买盘
762,13:54:21,23.98,0.01,6,14388,买盘
763,13:54:06,23.97,-0.01,400,958800,卖盘
764,13:54:03,23.98,--,14,33572,买盘
765,13:53:57,23.98,--,42,100716,买盘
766,13:53:48,23.98,0.01,30,71940,买盘
767,13:53:45,23.97,-0.01,20,47940,卖盘
768,13:53:42,23.98,--,11,26378,中性盘
769,13:53:36,23.98,--,2,4796,卖盘
770,13:53:33,23.98,--,11,26378,买盘
771,13:53:30,23.98,0.01,5,11990,买盘
772,13:53:27,23.97,-0.02,5,11985,卖盘
773,13:53:24,23.99,0.01,37,88763,买盘
774,13:53:12,23.98,--,28,67144,买盘
775,13:53:03,23.98,0.01,14,33572,买盘
776,13:53:00,23.97,-0.01,4,9588,卖盘
777,13:52:54,23.98,0.01,50,119900,买盘
778,13:52:51,23.97,-0.01,312,747864,卖盘
779,13:52:48,23.98,--,22,52756,买盘
780,13:52:45,23.98,--,40,95920,买盘
781,13:52:42,23.98,--,15,35970,卖盘
782,13:52:36,23.98,--,5,11990,卖盘
783,13:52:33,23.98,--,11,26378,卖盘
784,13:52:30,23.98,--,24,57552,卖盘
785,13:52:27,23.98,--,50,119900,买盘
786,13:52:24,23.98,--,57,136686,卖盘
787,13:52:21,23.98,--,9,21582,卖盘
788,13:52:18,23.98,0.01,13,31174,买盘
789,13:52:12,23.97,-0.01,100,239700,卖盘
790,13:52:03,23.98,--,17,40766,买盘
791,13:52:00,23.98,-0.01,51,122298,中性盘
792,13:51:54,23.99,0.02,48,115151,买盘
793,13:51:51,23.97,-0.01,5,11985,卖盘
794,13:51:45,23.98,--,7,16786,卖盘
795,13:51:42,23.98,0.01,8,19184,买盘
796,13:51:33,23.97,-0.02,24,57528,卖盘
797,13:51:24,23.99,0.01,44,105556,买盘
798,13:51:21,23.98,--,1,2398,买盘
799,13:51:12,23.98,0.01,2,4796,中性盘
800,13:51:09,23.97,--,132,316404,卖盘
801,13:51:06,23.97,-0.01,12,28764,卖盘
802,13:51:03,23.98,--,14,33572,买盘
803,13:51:00,23.98,--,5,11990,买盘
804,13:50:54,23.98,--,48,115104,买盘
805,13:50:33,23.98,0.01,36,86328,买盘
806,13:50:27,23.97,-0.01,16,38352,卖盘
807,13:50:24,23.98,0.01,52,124696,买盘
808,13:50:21,23.97,--,25,59925,卖盘
809,13:50:12,23.97,--,3,7191,买盘
810,13:50:09,23.97,--,197,472209,卖盘
811,13:50:06,23.97,-0.01,7,16779,卖盘
812,13:50:03,23.98,0.01,34,81532,买盘
813,13:50:00,23.97,-0.01,6,14382,卖盘
814,13:49:54,23.98,0.01,47,112706,买盘
815,13:49:48,23.97,--,34,81498,买盘
816,13:49:45,23.97,--,7,16779,买盘
817,13:49:39,23.97,--,78,186966,卖盘
818,13:49:33,23.97,-0.01,19,45543,卖盘
819,13:49:30,23.98,0.01,5,11990,买盘
820,13:49:27,23.97,-0.01,17,40749,卖盘
821,13:49:24,23.98,--,51,122298,买盘
822,13:49:21,23.98,0.01,109,261382,买盘
823,13:49:18,23.97,-0.01,18,43146,卖盘
824,13:49:15,23.98,0.01,103,246994,买盘
825,13:49:12,23.97,--,44,105468,卖盘
826,13:49:09,23.97,-0.01,5,11985,卖盘
827,13:49:06,23.98,0.01,55,131890,买盘
828,13:49:03,23.97,--,23,55131,卖盘
829,13:48:54,23.97,--,52,124644,卖盘
830,13:48:51,23.97,--,10,23970,卖盘
831,13:48:48,23.97,--,20,47940,卖盘
832,13:48:45,23.97,--,5,11985,卖盘
833,13:48:42,23.97,--,13,31161,卖盘
834,13:48:39,23.97,--,17,40749,卖盘
835,13:48:36,23.97,-0.01,10,23970,卖盘
836,13:48:33,23.98,--,14,33572,买盘
837,13:48:30,23.98,0.01,9,21582,买盘
838,13:48:27,23.97,-0.01,2,4794,卖盘
839,13:48:24,23.98,0.01,41,98318,买盘
840,13:48:18,23.97,-0.01,2,4794,中性盘
841,13:47:54,23.98,--,36,86328,买盘
842,13:47:51,23.98,--,28,67144,买盘
843,13:47:48,23.98,0.02,13,31174,买盘
844,13:47:42,23.96,0.01,18,43128,中性盘
845,13:47:27,23.95,-0.03,43,102985,卖盘
846,13:47:24,23.98,-0.01,52,124696,中性盘
847,13:47:18,23.99,--,35,83965,买盘
848,13:47:15,23.99,--,22,52778,买盘
849,13:47:09,23.99,--,68,163132,买盘
850,13:47:06,23.99,--,98,235101,买盘
851,13:47:03,23.99,--,44,105556,买盘
852,13:47:00,23.99,0.01,10,23990,买盘
853,13:46:57,23.98,-0.01,29,69542,卖盘
854,13:46:54,23.99,--,14,33586,买盘
855,13:46:51,23.99,--,53,127146,买盘
856,13:46:42,23.99,--,10,23990,买盘
857,13:46:30,23.99,0.01,360,863640,买盘
858,13:46:27,23.98,0.02,1214,2911172,买盘
859,13:46:21,23.96,--,148,354608,买盘
860,13:46:15,23.96,0.01,100,239600,买盘
861,13:46:09,23.95,0.01,2,4790,买盘
862,13:46:06,23.94,-0.01,1,2394,卖盘
863,13:46:03,23.95,--,14,33530,买盘
864,13:45:54,23.95,--,5,11975,买盘
865,13:45:51,23.95,0.01,43,102985,买盘
866,13:45:48,23.94,--,5,11970,卖盘
867,13:45:39,23.94,--,6,14364,买盘
868,13:45:36,23.94,-0.01,105,251370,卖盘
869,13:45:33,23.95,--,19,45505,买盘
870,13:45:30,23.95,0.01,400,958000,买盘
871,13:45:24,23.94,-0.01,10,23940,卖盘
872,13:45:21,23.95,--,39,93405,买盘
873,13:45:09,23.95,0.01,10,23950,买盘
874,13:45:06,23.94,--,7,16758,卖盘
875,13:45:03,23.94,0.01,80,191520,买盘
876,13:45:00,23.93,-0.01,1,2393,卖盘
877,13:44:57,23.94,--,244,584136,买盘
878,13:44:51,23.94,--,51,122094,买盘
879,13:44:45,23.94,0.01,1,2394,买盘
880,13:44:42,23.93,--,1,2393,卖盘
881,13:44:36,23.93,-0.01,3,7179,卖盘
882,13:44:33,23.94,0.01,15,35910,买盘
883,13:44:30,23.93,-0.01,0,239,卖盘
884,13:44:27,23.94,--,12,28728,买盘
885,13:44:21,23.94,0.01,46,110124,买盘
886,13:44:15,23.93,--,1,2393,卖盘
887,13:44:09,23.93,-0.01,16,38288,卖盘
888,13:44:03,23.94,-0.01,13,31122,买盘
889,13:43:51,23.95,0.01,46,110170,买盘
890,13:43:48,23.94,0.01,1,2394,买盘
891,13:43:42,23.93,-0.02,1,2393,卖盘
892,13:43:39,23.95,0.02,30,71850,买盘
893,13:43:36,23.93,-0.01,4,9572,卖盘
894,13:43:33,23.94,--,14,33516,买盘
895,13:43:24,23.94,--,5,11970,买盘
896,13:43:21,23.94,--,36,86184,买盘
897,13:43:12,23.94,--,10,23940,买盘
898,13:43:09,23.94,0.01,23,55062,买盘
899,13:43:06,23.93,-0.01,2,4786,卖盘
900,13:43:03,23.94,0.01,44,105336,买盘
901,13:43:00,23.93,--,10,23930,卖盘
902,13:42:57,23.93,--,30,71790,卖盘
903,13:42:51,23.93,-0.01,42,100506,卖盘
904,13:42:48,23.94,0.02,2,4788,买盘
905,13:42:33,23.92,-0.02,1,2392,卖盘
906,13:42:30,23.94,0.01,73,174762,买盘
907,13:42:24,23.93,--,205,490565,买盘
908,13:42:21,23.93,--,47,112471,买盘
909,13:42:15,23.93,--,4,9572,买盘
910,13:42:09,23.93,--,5,11965,买盘
911,13:42:03,23.93,--,23,55039,买盘
912,13:41:57,23.93,--,10,23930,买盘
913,13:41:51,23.93,0.01,43,102899,买盘
914,13:41:48,23.92,--,1,2392,卖盘
915,13:41:45,23.92,--,3,7176,卖盘
916,13:41:39,23.92,--,4,9568,卖盘
917,13:41:33,23.92,--,3,7176,卖盘
918,13:41:27,23.92,-0.01,5,11960,中性盘
919,13:41:21,23.93,0.01,52,124436,买盘
920,13:41:18,23.92,--,12,28704,买盘
921,13:41:15,23.92,-0.01,3,7176,中性盘
922,13:41:09,23.93,0.01,20,47860,买盘
923,13:41:06,23.92,0.01,21,50232,买盘
924,13:41:03,23.91,-0.01,27,64557,卖盘
925,13:41:00,23.92,0.01,100,239200,买盘
926,13:40:57,23.91,-0.01,21,50211,卖盘
927,13:40:51,23.92,--,69,165048,买盘
928,13:40:48,23.92,0.01,10,23920,买盘
929,13:40:42,23.91,-0.01,5,11955,卖盘
930,13:40:33,23.92,0.01,24,57408,买盘
931,13:40:30,23.91,--,1,2391,卖盘
932,13:40:27,23.91,-0.01,31,74121,卖盘
933,13:40:21,23.92,--,42,100464,买盘
934,13:40:15,23.92,0.01,2,4784,买盘
935,13:40:12,23.91,-0.01,3,7173,卖盘
936,13:40:09,23.92,--,10,23920,买盘
937,13:40:03,23.92,--,14,33488,买盘
938,13:39:57,23.92,0.01,24,57408,买盘
939,13:39:54,23.91,-0.01,34,81294,卖盘
940,13:39:51,23.92,0.01,38,90896,买盘
941,13:39:48,23.91,--,105,251055,卖盘
942,13:39:45,23.91,--,24,57384,卖盘
943,13:39:42,23.91,-0.01,100,239100,卖盘
944,13:39:36,23.92,--,10,23920,买盘
945,13:39:33,23.92,0.01,14,33488,买盘
946,13:39:30,23.91,-0.01,10,23910,卖盘
947,13:39:24,23.92,0.01,9,21528,卖盘
948,13:39:21,23.91,-0.01,55,131505,卖盘
949,13:39:18,23.92,0.01,10,23920,买盘
950,13:39:15,23.91,--,26,62166,卖盘
951,13:39:12,23.91,--,99,236709,卖盘
952,13:39:06,23.91,--,300,717300,卖盘
953,13:39:03,23.91,--,15,35865,卖盘
954,13:38:57,23.91,-0.01,5,11955,卖盘
955,13:38:51,23.92,--,59,141128,买盘
956,13:38:48,23.92,--,42,100464,买盘
957,13:38:45,23.92,0.01,31,74152,买盘
958,13:38:42,23.91,--,10,23910,卖盘
959,13:38:39,23.91,-0.01,9,21519,卖盘
960,13:38:33,23.92,0.01,13,31096,买盘
961,13:38:30,23.91,-0.01,7,16737,卖盘
962,13:38:24,23.92,--,32,76544,买盘
963,13:38:18,23.92,0.01,52,124384,买盘
964,13:38:12,23.91,--,3,7173,卖盘
965,13:38:09,23.91,--,7,16737,卖盘
966,13:38:06,23.91,-0.01,15,35865,卖盘
967,13:38:03,23.92,0.01,13,31096,买盘
968,13:37:57,23.91,-0.01,23,54993,卖盘
969,13:37:54,23.92,0.01,10,23920,买盘
970,13:37:51,23.91,-0.01,25,59775,卖盘
971,13:37:48,23.92,0.01,53,126776,买盘
972,13:37:42,23.91,--,1,2391,卖盘
973,13:37:39,23.91,--,21,50211,卖盘
974,13:37:36,23.91,-0.01,15,35865,卖盘
975,13:37:33,23.92,0.01,45,107640,买盘
976,13:37:30,23.91,-0.01,28,66948,卖盘
977,13:37:24,23.92,0.01,21,50232,买盘
978,13:37:21,23.91,-0.01,2,4782,卖盘
979,13:37:18,23.92,--,40,95680,买盘
980,13:37:03,23.92,--,15,35880,买盘
981,13:36:57,23.92,--,12,28704,卖盘
982,13:36:54,23.92,--,4,9568,卖盘
983,13:36:51,23.92,-0.01,20,47840,卖盘
984,13:36:48,23.93,0.01,54,129222,买盘
985,13:36:45,23.92,-0.01,5,11960,卖盘
986,13:36:42,23.93,0.01,29,69397,买盘
987,13:36:36,23.92,--,2,4784,卖盘
988,13:36:33,23.92,-0.01,5,11960,买盘
989,13:36:24,23.93,--,11,26323,买盘
990,13:36:18,23.93,0.02,60,143580,买盘
991,13:36:12,23.91,-0.02,58,138678,卖盘
992,13:36:09,23.93,0.01,10,23930,买盘
993,13:36:06,23.92,--,2,4784,卖盘
994,13:36:03,23.92,-0.01,8,19136,买盘
995,13:36:00,23.93,--,30,71790,买盘
996,13:35:48,23.93,0.01,53,126829,买盘
997,13:35:42,23.92,--,52,124384,卖盘
998,13:35:36,23.92,--,1,2392,卖盘
999,13:35:33,23.92,-0.01,7,16744,中性盘
1000,13:35:24,23.93,--,72,172296,买盘
1001,13:35:18,23.93,--,39,93327,买盘
1002,13:35:15,23.93,0.02,31,74183,买盘
1003,13:35:09,23.91,--,85,203235,买盘
1004,13:35:03,23.91,--,15,35865,卖盘
1005,13:35:00,23.91,--,9,21519,卖盘
1006,13:34:54,23.91,-0.02,10,23910,卖盘
1007,13:34:48,23.93,0.02,43,102899,买盘
1008,13:34:45,23.91,-0.02,1,2391,卖盘
1009,13:34:39,23.93,0.01,62,148366,买盘
1010,13:34:36,23.92,--,5,11960,买盘
1011,13:34:33,23.92,0.01,83,198536,买盘
1012,13:34:27,23.91,--,100,239100,卖盘
1013,13:34:24,23.91,-0.02,13,31083,卖盘
1014,13:34:18,23.93,--,39,93327,买盘
1015,13:34:09,23.93,0.02,14,33502,买盘
1016,13:34:03,23.91,--,25,59775,卖盘
1017,13:33:54,23.91,-0.02,25,59775,卖盘
1018,13:33:51,23.93,--,1,2393,买盘
1019,13:33:48,23.93,--,51,122043,买盘
1020,13:33:30,23.93,--,2,4786,买盘
1021,13:33:24,23.93,0.01,10,23930,买盘
1022,13:33:21,23.92,-0.01,22,52624,买盘
1023,13:33:18,23.93,0.01,37,88541,买盘
1024,13:33:15,23.92,0.02,1,2392,买盘
1025,13:33:09,23.9,-0.03,14,33460,卖盘
1026,13:33:03,23.93,0.02,26,62218,买盘
1027,13:32:57,23.91,-0.01,103,246273,卖盘
1028,13:32:54,23.92,--,25,59800,买盘
1029,13:32:51,23.92,0.01,25,59800,买盘
1030,13:32:48,23.91,-0.01,43,102813,卖盘
1031,13:32:39,23.92,--,10,23920,买盘
1032,13:32:36,23.92,0.01,29,69368,买盘
1033,13:32:33,23.91,-0.01,24,57384,卖盘
1034,13:32:24,23.92,--,19,45448,买盘
1035,13:32:18,23.92,0.02,36,86112,买盘
1036,13:32:15,23.9,-0.01,13,31069,卖盘
1037,13:32:12,23.91,-0.01,10,23910,卖盘
1038,13:32:06,23.92,0.01,10,23920,买盘
1039,13:32:03,23.91,-0.01,4,9564,中性盘
1040,13:32:00,23.92,0.01,62,148304,买盘
1041,13:31:57,23.91,--,2,4782,买盘
1042,13:31:54,23.91,--,31,74121,买盘
1043,13:31:48,23.91,--,49,117159,买盘
1044,13:31:33,23.91,0.02,12,28692,买盘
1045,13:31:27,23.89,-0.02,120,286680,卖盘
1046,13:31:24,23.91,--,22,52602,买盘
1047,13:31:18,23.91,0.02,100,239100,买盘
1048,13:31:15,23.89,-0.01,5,11945,卖盘
1049,13:31:12,23.9,--,171,408690,买盘
1050,13:31:03,23.9,--,14,33460,买盘
1051,13:30:57,23.9,0.01,1,2390,买盘
1052,13:30:54,23.89,-0.01,10,23890,卖盘
1053,13:30:48,23.9,--,48,114720,买盘
1054,13:30:42,23.9,--,15,35850,买盘
1055,13:30:39,23.9,--,11,26290,买盘
1056,13:30:36,23.9,--,3,7170,买盘
1057,13:30:33,23.9,--,40,95600,买盘
1058,13:30:30,23.9,--,10,23900,买盘
1059,13:30:27,23.9,0.01,10,23900,买盘
1060,13:30:24,23.89,--,13,31057,卖盘
1061,13:30:21,23.89,0.01,30,71670,买盘
1062,13:30:18,23.88,--,64,152855,卖盘
1063,13:30:03,23.88,-0.01,19,45372,卖盘
1064,13:29:51,23.89,0.01,10,23890,买盘
1065,13:29:48,23.88,-0.01,2,4776,卖盘
1066,13:29:45,23.89,--,50,119450,买盘
1067,13:29:39,23.89,0.01,5,11945,买盘
1068,13:29:36,23.88,0.01,5,11940,中性盘
1069,13:29:30,23.87,--,78,186186,卖盘
1070,13:29:27,23.87,0.01,2,4774,卖盘
1071,13:29:24,23.86,-0.03,215,512990,卖盘
1072,13:29:18,23.89,--,61,145729,买盘
1073,13:29:15,23.89,0.01,52,124228,买盘
1074,13:29:12,23.88,0.01,150,358200,买盘
1075,13:29:06,23.87,-0.01,9,21483,中性盘
1076,13:28:45,23.88,--,38,90744,买盘
1077,13:28:39,23.88,0.01,10,23880,买盘
1078,13:28:33,23.87,--,15,35805,买盘
1079,13:28:27,23.87,--,27,64449,买盘
1080,13:28:24,23.87,-0.01,5,11935,中性盘
1081,13:28:21,23.88,--,10,23880,买盘
1082,13:28:15,23.88,0.02,42,100296,买盘
1083,13:28:06,23.86,-0.01,5,11930,卖盘
1084,13:28:03,23.87,--,13,31031,买盘
1085,13:27:57,23.87,0.01,20,47740,买盘
1086,13:27:51,23.86,-0.01,49,116914,卖盘
1087,13:27:45,23.87,--,51,121737,买盘
1088,13:27:33,23.87,0.01,14,33418,买盘
1089,13:27:24,23.86,-0.01,10,23860,卖盘
1090,13:27:21,23.87,--,11,26257,买盘
1091,13:27:15,23.87,--,40,95480,买盘
1092,13:27:03,23.87,0.02,10,23870,买盘
1093,13:26:54,23.85,-0.02,1,2385,卖盘
1094,13:26:48,23.87,--,62,147994,买盘
1095,13:26:45,23.87,0.02,108,257796,买盘
1096,13:26:39,23.85,-0.01,184,441153,卖盘
1097,13:26:33,23.86,--,14,33404,买盘
1098,13:26:27,23.86,--,4,9544,买盘
1099,13:26:24,23.86,--,28,66808,买盘
1100,13:26:21,23.86,0.01,9,21474,买盘
1101,13:26:12,23.85,-0.01,10,23850,卖盘
1102,13:26:03,23.86,0.01,12,28632,买盘
1103,13:26:00,23.85,--,4,9540,卖盘
1104,13:25:57,23.85,--,78,186030,买盘
1105,13:25:54,23.85,0.01,10,23850,买盘
1106,13:25:51,23.84,--,4,10728,卖盘
1107,13:25:48,23.84,--,2,4768,卖盘
1108,13:25:42,23.84,-0.01,5,11920,卖盘
1109,13:25:36,23.85,--,2,4770,买盘
1110,13:25:33,23.85,0.01,15,35775,买盘
1111,13:25:30,23.84,--,5,11920,卖盘
1112,13:25:27,23.84,-0.01,4,9536,卖盘
1113,13:25:21,23.85,-0.01,63,150255,中性盘
1114,13:25:15,23.86,--,10,23860,买盘
1115,13:25:09,23.86,0.02,10,23860,买盘
1116,13:25:03,23.84,--,23,54832,卖盘
1117,13:25:00,23.84,-0.01,9,21456,卖盘
1118,13:24:57,23.85,0.01,11,26235,中性盘
1119,13:24:51,23.84,--,40,95360,卖盘
1120,13:24:48,23.84,-0.01,11,26224,卖盘
1121,13:24:45,23.85,--,50,119250,买盘
1122,13:24:42,23.85,--,20,47700,买盘
1123,13:24:36,23.85,--,21,50085,买盘
1124,13:24:33,23.85,--,16,38160,买盘
1125,13:24:30,23.85,0.01,4,9540,买盘
1126,13:24:27,23.84,-0.01,20,47680,卖盘
1127,13:24:24,23.85,--,13,31005,买盘
1128,13:24:21,23.85,--,29,69165,买盘
1129,13:24:18,23.85,-0.01,146,348210,卖盘
1130,13:24:09,23.86,--,22,52492,卖盘
1131,13:24:06,23.86,-0.01,5,11930,卖盘
1132,13:24:03,23.87,0.02,12,28644,买盘
1133,13:23:57,23.85,--,5,11925,卖盘
1134,13:23:48,23.85,--,10,23850,卖盘
1135,13:23:45,23.85,--,1,2385,卖盘
1136,13:23:42,23.85,--,13,31005,卖盘
1137,13:23:39,23.85,--,11,26235,买盘
1138,13:23:36,23.85,--,89,212265,卖盘
1139,13:23:30,23.85,--,20,47700,卖盘
1140,13:23:27,23.85,-0.04,12,28620,卖盘
1141,13:23:21,23.89,0.01,22,52558,买盘
1142,13:23:18,23.88,0.03,20,47760,买盘
1143,13:23:15,23.85,--,55,131175,卖盘
1144,13:23:12,23.85,-0.03,33,78705,卖盘
1145,13:23:06,23.88,0.03,1,2388,买盘
1146,13:23:03,23.85,-0.04,9,21465,卖盘
1147,13:22:45,23.89,--,10,23890,买盘
1148,13:22:42,23.89,--,11,26279,买盘
1149,13:22:39,23.89,--,109,260401,卖盘
1150,13:22:36,23.89,--,21,50169,卖盘
1151,13:22:33,23.89,--,17,40613,卖盘
1152,13:22:24,23.89,--,19,45391,卖盘
1153,13:22:21,23.89,-0.01,13,31057,卖盘
1154,13:22:18,23.9,--,26,62139,买盘
1155,13:22:15,23.9,0.01,28,66920,买盘
1156,13:22:12,23.89,--,50,119450,卖盘
1157,13:22:09,23.89,--,4,9556,卖盘
1158,13:22:06,23.89,--,3,7167,卖盘
1159,13:22:03,23.89,-0.01,14,33446,卖盘
1160,13:22:00,23.9,0.01,15,35850,买盘
1161,13:21:54,23.89,-0.01,15,35835,卖盘
1162,13:21:51,23.9,0.01,10,23900,买盘
1163,13:21:48,23.89,--,10,23890,卖盘
1164,13:21:45,23.89,-0.01,30,71670,卖盘
1165,13:21:39,23.9,0.01,10,23900,买盘
1166,13:21:36,23.89,-0.01,12,28668,买盘
1167,13:21:33,23.9,0.01,12,28680,买盘
1168,13:21:30,23.89,-0.01,5,11945,卖盘
1169,13:21:27,23.9,0.01,42,100380,买盘
1170,13:21:24,23.89,--,10,23890,卖盘
1171,13:21:15,23.89,--,24,58004,买盘
1172,13:21:12,23.89,0.05,13,31057,买盘
1173,13:21:09,23.84,-0.04,196,467264,卖盘
1174,13:21:06,23.88,0.03,10,23880,中性盘
1175,13:21:00,23.85,-0.04,115,274275,卖盘
1176,13:20:54,23.89,--,299,714311,买盘
1177,13:20:33,23.89,--,10,23890,买盘
1178,13:20:30,23.89,0.01,10,23890,买盘
1179,13:20:27,23.88,--,14,33432,买盘
1180,13:20:24,23.88,--,41,97908,买盘
1181,13:20:21,23.88,0.01,10,23880,买盘
1182,13:20:18,23.87,-0.01,2,4774,卖盘
1183,13:20:15,23.88,--,11,26268,买盘
1184,13:20:12,23.88,0.01,29,69252,买盘
1185,13:20:09,23.87,--,18,42966,卖盘
1186,13:20:06,23.87,--,88,212395,买盘
1187,13:20:03,23.87,-0.01,103,245908,卖盘
1188,13:20:00,23.88,--,22,52536,买盘
1189,13:19:57,23.88,--,14,33432,买盘
1190,13:19:54,23.88,0.01,81,193428,买盘
1191,13:19:45,23.87,-0.01,4,9548,卖盘
1192,13:19:36,23.88,--,14,33432,买盘
1193,13:19:27,23.88,0.01,24,57312,买盘
1194,13:19:24,23.87,-0.01,51,121737,卖盘
1195,13:19:21,23.88,0.01,10,23880,买盘
1196,13:19:18,23.87,0.01,47,114528,买盘
1197,13:19:15,23.86,--,3,7158,卖盘
1198,13:19:03,23.86,--,10,23860,卖盘
1199,13:19:00,23.86,-0.01,13,31018,卖盘
1200,13:18:57,23.87,--,24,57288,买盘
1201,13:18:54,23.87,--,53,126511,买盘
1202,13:18:51,23.87,0.01,21,50127,买盘
1203,13:18:48,23.86,-0.01,1,2386,卖盘
1204,13:18:45,23.87,--,59,140833,买盘
1205,13:18:39,23.87,0.01,3,7161,买盘
1206,13:18:36,23.86,-0.01,11,26246,中性盘
1207,13:18:24,23.87,--,47,112189,买盘
1208,13:18:12,23.87,--,38,90706,买盘
1209,13:18:06,23.87,--,27,64449,买盘
1210,13:18:03,23.87,0.02,35,83545,买盘
1211,13:18:00,23.85,-0.01,23,54855,卖盘
1212,13:17:57,23.86,--,113,269618,买盘
1213,13:17:54,23.86,0.01,49,116914,买盘
1214,13:17:51,23.85,--,2,4770,卖盘
1215,13:17:36,23.85,-0.02,5,11925,卖盘
1216,13:17:30,23.87,0.02,10,23870,买盘
1217,13:17:27,23.85,-0.02,2,4770,中性盘
1218,13:17:24,23.87,--,46,109802,买盘
1219,13:17:21,23.87,0.03,12,28644,买盘
1220,13:17:15,23.84,-0.04,80,190720,卖盘
1221,13:16:54,23.88,--,52,124176,买盘
1222,13:16:45,23.88,0.04,11,26268,买盘
1223,13:16:42,23.84,--,7,16688,卖盘
1224,13:16:36,23.84,-0.04,35,83440,卖盘
1225,13:16:33,23.88,--,10,23880,买盘
1226,13:16:27,23.88,--,11,26268,买盘
1227,13:16:24,23.88,0.05,82,195816,买盘
1228,13:16:21,23.83,-0.05,12,29191,卖盘
1229,13:16:09,23.88,--,85,202980,买盘
1230,13:16:03,23.88,0.05,26,62088,买盘
1231,13:15:57,23.83,-0.05,10,23830,卖盘
1232,13:15:54,23.88,0.05,41,97908,买盘
1233,13:15:51,23.83,--,24,57191,卖盘
1234,13:15:48,23.83,--,10,23830,卖盘
1235,13:15:45,23.83,--,5,11915,卖盘
1236,13:15:42,23.83,-0.05,30,71490,卖盘
1237,13:15:36,23.88,0.05,10,23880,中性盘
1238,13:15:30,23.83,-0.05,24,57191,卖盘
1239,13:15:27,23.88,-0.01,12,28656,买盘
1240,13:15:24,23.89,0.06,65,155285,买盘
1241,13:15:21,23.83,-0.05,80,190640,卖盘
1242,13:15:18,23.88,0.04,50,119400,买盘
1243,13:15:12,23.84,-0.04,34,81056,卖盘
1244,13:15:09,23.88,--,16,38733,卖盘
1245,13:15:06,23.88,--,94,226334,买盘
1246,13:15:00,23.88,--,44,105597,卖盘
1247,13:14:57,23.88,-0.01,25,59700,卖盘
1248,13:14:54,23.89,0.01,98,234122,买盘
1249,13:14:48,23.88,-0.01,18,42984,卖盘
1250,13:14:45,23.89,--,41,97949,买盘
1251,13:14:39,23.89,--,153,365517,卖盘
1252,13:14:36,23.89,--,20,47780,卖盘
1253,13:14:33,23.89,-0.01,1,2389,卖盘
1254,13:14:30,23.9,--,23,54970,买盘
1255,13:14:27,23.9,0.01,11,26290,买盘
1256,13:14:24,23.89,-0.01,96,229344,卖盘
1257,13:14:21,23.9,-0.02,101,241390,卖盘
1258,13:14:12,23.92,0.02,11,26312,买盘
1259,13:14:06,23.9,--,86,205540,买盘
1260,13:14:03,23.9,--,29,69310,买盘
1261,13:14:00,23.9,--,199,475849,卖盘
1262,13:13:57,23.9,--,5,11950,卖盘
1263,13:13:54,23.9,-0.01,70,167300,卖盘
1264,13:13:51,23.91,0.01,18,43038,中性盘
1265,13:13:48,23.9,--,5,11950,卖盘
1266,13:13:45,23.9,--,19,45410,卖盘
1267,13:13:39,23.9,--,153,365670,卖盘
1268,13:13:33,23.9,-0.02,55,131450,卖盘
1269,13:13:24,23.92,0.01,53,126776,买盘
1270,13:13:21,23.91,-0.01,14,33474,中性盘
1271,13:13:18,23.92,0.02,10,23920,买盘
1272,13:13:12,23.9,--,20,47800,卖盘
1273,13:13:06,23.9,-0.02,10,23900,卖盘
1274,13:13:00,23.92,0.02,10,23920,买盘
1275,13:12:57,23.9,--,10,23900,卖盘
1276,13:12:54,23.9,-0.01,51,121890,卖盘
1277,13:12:51,23.91,0.01,15,35865,买盘
1278,13:12:48,23.9,--,5,11950,卖盘
1279,13:12:39,23.9,--,2,4780,卖盘
1280,13:12:33,23.9,-0.01,17,40630,卖盘
1281,13:12:27,23.91,--,32,76512,卖盘
1282,13:12:24,23.91,-0.01,9,21519,卖盘
1283,13:12:21,23.92,0.02,54,129168,买盘
1284,13:12:18,23.9,--,3,7170,卖盘
1285,13:12:12,23.9,--,16,38240,卖盘
1286,13:12:09,23.9,--,5,11950,卖盘
1287,13:12:06,23.9,--,45,107550,卖盘
1288,13:12:03,23.9,--,6,14340,卖盘
1289,13:12:00,23.9,--,12,28680,卖盘
1290,13:11:54,23.9,-0.02,10,23900,卖盘
1291,13:11:51,23.92,0.02,53,126776,买盘
1292,13:11:42,23.9,--,20,47800,卖盘
1293,13:11:36,23.9,--,4,9560,卖盘
1294,13:11:33,23.9,-0.02,3,7170,卖盘
1295,13:11:30,23.92,0.02,58,138736,买盘
1296,13:11:24,23.9,-0.02,141,339188,卖盘
1297,13:11:21,23.92,0.02,56,133952,买盘
1298,13:11:09,23.9,--,5,11950,卖盘
1299,13:11:06,23.9,--,76,181640,卖盘
1300,13:11:03,23.9,--,31,74090,卖盘
1301,13:11:00,23.9,-0.02,235,563418,卖盘
1302,13:10:57,23.92,0.02,42,100464,买盘
1303,13:10:54,23.9,-0.02,17,42398,卖盘
1304,13:10:51,23.92,0.01,58,138736,买盘
1305,13:10:45,23.91,0.01,27,64557,买盘
1306,13:10:42,23.9,-0.01,1,2390,卖盘
1307,13:10:39,23.91,--,199,475809,卖盘
1308,13:10:36,23.91,-0.01,10,23910,卖盘
1309,13:10:33,23.92,0.01,70,167440,买盘
1310,13:10:30,23.91,-0.01,10,23910,卖盘
1311,13:10:27,23.92,0.01,83,198536,买盘
1312,13:10:24,23.91,-0.01,19,45429,卖盘
1313,13:10:21,23.92,0.01,56,133952,买盘
1314,13:10:03,23.91,-0.01,7,16737,卖盘
1315,13:10:00,23.92,-0.01,6,14352,中性盘
1316,13:09:57,23.93,--,32,76576,买盘
1317,13:09:51,23.93,0.01,111,265623,买盘
1318,13:09:48,23.92,--,42,100464,卖盘
1319,13:09:45,23.92,--,15,35880,卖盘
1320,13:09:42,23.92,-0.01,36,86112,卖盘
1321,13:09:39,23.93,0.01,31,74183,买盘
1322,13:09:36,23.92,-0.01,20,47840,卖盘
1323,13:09:33,23.93,--,10,23930,买盘
1324,13:09:27,23.93,--,22,52646,买盘
1325,13:09:21,23.93,0.02,49,117257,买盘
1326,13:09:18,23.91,--,8,19128,卖盘
1327,13:08:57,23.91,--,15,35865,卖盘
1328,13:08:54,23.91,-0.01,10,23910,卖盘
1329,13:08:51,23.92,--,63,150696,买盘
1330,13:08:45,23.92,0.01,22,52624,买盘
1331,13:08:42,23.91,--,1,2391,卖盘
1332,13:08:39,23.91,--,44,105204,卖盘
1333,13:08:36,23.91,--,5,11955,卖盘
1334,13:08:33,23.91,--,20,47820,买盘
1335,13:08:30,23.91,--,1,2391,卖盘
1336,13:08:27,23.91,--,2,4782,卖盘
1337,13:08:21,23.91,0.01,50,119550,买盘
1338,13:08:18,23.9,-0.01,3,7170,卖盘
1339,13:08:15,23.91,--,2,4782,买盘
1340,13:08:12,23.91,0.01,20,47820,买盘
1341,13:08:06,23.9,-0.01,40,95600,卖盘
1342,13:07:57,23.91,--,21,50211,买盘
1343,13:07:51,23.91,--,57,136287,买盘
1344,13:07:27,23.91,--,10,23910,买盘
1345,13:07:21,23.91,0.01,53,126723,买盘
1346,13:07:18,23.9,--,5,11950,卖盘
1347,13:07:12,23.9,-0.01,20,47800,卖盘
1348,13:07:09,23.91,0.01,12,28692,买盘
1349,13:07:06,23.9,--,15,35850,卖盘
1350,13:07:03,23.9,-0.01,5,11950,卖盘
1351,13:06:57,23.91,--,46,109986,买盘
1352,13:06:51,23.91,0.01,141,337131,买盘
1353,13:06:42,23.9,--,10,23900,卖盘
1354,13:06:36,23.9,--,1,2390,卖盘
1355,13:06:30,23.9,-0.01,8,19120,卖盘
1356,13:06:27,23.91,--,10,23910,买盘
1357,13:06:21,23.91,--,60,143460,买盘
1358,13:06:18,23.91,0.01,10,23910,买盘
1359,13:06:12,23.9,--,2,4780,卖盘
1360,13:06:03,23.9,--,5,11950,卖盘
1361,13:05:57,23.9,--,38,92015,买盘
1362,13:05:51,23.9,--,64,152960,买盘
1363,13:05:33,23.9,0.01,11,26290,买盘
1364,13:05:30,23.89,-0.01,7,16723,卖盘
1365,13:05:27,23.9,--,10,23900,买盘
1366,13:05:21,23.9,0.01,80,191200,买盘
1367,13:05:18,23.89,-0.01,77,183953,卖盘
1368,13:05:15,23.9,0.01,20,47800,买盘
1369,13:05:09,23.89,--,29,69281,卖盘
1370,13:05:03,23.89,-0.01,5,11945,卖盘
1371,13:05:00,23.9,0.01,10,23900,买盘
1372,13:04:54,23.89,-0.01,69,164841,卖盘
1373,13:04:51,23.9,0.01,73,174470,买盘
1374,13:04:45,23.89,--,2,4778,卖盘
1375,13:04:42,23.89,--,8,19112,卖盘
1376,13:04:39,23.89,--,15,35835,卖盘
1377,13:04:27,23.89,-0.01,10,23890,卖盘
1378,13:04:21,23.9,--,45,107550,买盘
1379,13:04:09,23.9,0.02,10,23900,买盘
1380,13:04:06,23.88,-0.02,4,11414,卖盘
1381,13:04:03,23.9,--,10,23900,买盘
1382,13:04:00,23.9,0.03,10,23900,买盘
1383,13:03:57,23.87,-0.03,8,19096,卖盘
1384,13:03:54,23.9,--,3,7170,买盘
1385,13:03:51,23.9,--,55,131450,买盘
1386,13:03:45,23.9,0.04,10,23900,买盘
1387,13:03:42,23.86,-0.04,8,19088,卖盘
1388,13:03:39,23.9,--,10,23900,买盘
1389,13:03:36,23.9,0.04,10,23900,买盘
1390,13:03:33,23.86,-0.04,103,245758,卖盘
1391,13:03:30,23.9,0.03,73,174470,买盘
1392,13:03:27,23.87,--,421,1004927,买盘
1393,13:03:24,23.87,--,214,510818,买盘
1394,13:03:21,23.87,--,19,45353,买盘
1395,13:03:18,23.87,0.01,58,138446,买盘
1396,13:03:15,23.86,--,4,9544,卖盘
1397,13:03:09,23.86,-0.01,5,11930,卖盘
1398,13:03:06,23.87,0.02,3,7161,买盘
1399,13:03:00,23.85,-0.02,18,42930,卖盘
1400,13:02:48,23.87,--,49,116963,买盘
1401,13:02:30,23.87,0.04,11,26257,买盘
1402,13:02:27,23.83,-0.03,6,14297,卖盘
1403,13:02:24,23.86,0.01,30,71580,买盘
1404,13:02:18,23.85,0.01,42,100170,买盘
1405,13:02:12,23.84,--,22,52448,买盘
1406,13:01:57,23.84,--,10,23840,买盘
1407,13:01:54,23.84,0.03,11,26224,买盘
1408,13:01:51,23.81,-0.03,100,238100,卖盘
1409,13:01:48,23.84,--,37,88208,买盘
1410,13:01:18,23.84,--,42,100128,买盘
1411,13:00:54,23.84,0.03,33,78672,买盘
1412,13:00:48,23.81,--,46,109526,买盘
1413,13:00:45,23.81,-0.03,26,61906,卖盘
1414,13:00:39,23.84,0.03,2,4768,买盘
1415,13:00:27,23.81,--,35,83335,买盘
1416,13:00:24,23.81,--,20,47620,买盘
1417,13:00:21,23.81,--,1,2381,买盘
1418,13:00:09,23.81,-0.03,144,342864,卖盘
1419,13:00:06,23.84,--,48,114432,买盘
1420,13:00:03,23.84,--,257,612688,卖盘
1421,13:00:00,23.84,--,0,0,卖盘
1422,11:30:00,23.84,-0.01,100,238400,卖盘
1423,11:29:54,23.85,--,14,33390,买盘
1424,11:29:51,23.85,-0.01,163,388755,卖盘
1425,11:29:48,23.86,0.01,42,100212,买盘
1426,11:29:45,23.85,--,300,715500,卖盘
1427,11:29:39,23.85,-0.01,5,11925,卖盘
1428,11:29:36,23.86,--,1,2386,买盘
1429,11:29:24,23.86,0.01,13,31018,买盘
1430,11:29:18,23.85,--,43,102555,卖盘
1431,11:29:12,23.85,--,4,9540,卖盘
1432,11:29:00,23.85,-0.01,8,19080,卖盘
1433,11:28:54,23.86,0.01,24,57264,买盘
1434,11:28:51,23.85,--,26,62010,卖盘
1435,11:28:48,23.85,--,70,166950,卖盘
1436,11:28:45,23.85,-0.01,8,19080,卖盘
1437,11:28:36,23.86,--,1,2386,买盘
1438,11:28:30,23.86,0.01,14,33404,中性盘
1439,11:28:21,23.85,-0.02,1,2385,卖盘
1440,11:28:18,23.87,0.02,44,105028,买盘
1441,11:28:15,23.85,-0.02,3,7155,卖盘
1442,11:28:03,23.87,0.02,138,329406,买盘
1443,11:27:57,23.85,-0.01,24,57240,卖盘
1444,11:27:54,23.86,--,13,31018,买盘
1445,11:27:51,23.86,-0.01,144,344108,卖盘
1446,11:27:48,23.87,0.01,40,95480,买盘
1447,11:27:45,23.86,--,5,11930,卖盘
1448,11:27:42,23.86,--,1,2386,卖盘
1449,11:27:27,23.86,-0.02,5,11930,卖盘
1450,11:27:24,23.88,--,425,1014900,买盘
1451,11:27:18,23.88,0.01,56,133728,买盘
1452,11:27:12,23.87,--,100,238700,卖盘
1453,11:27:00,23.87,-0.01,14,33418,卖盘
1454,11:26:54,23.88,0.01,14,33432,买盘
1455,11:26:48,23.87,--,119,284721,卖盘
1456,11:26:45,23.87,--,30,71610,卖盘
1457,11:26:42,23.87,--,18,42966,卖盘
1458,11:26:39,23.87,--,18,42966,卖盘
1459,11:26:33,23.87,-0.01,210,501270,卖盘
1460,11:26:24,23.88,0.01,21,50148,买盘
1461,11:26:21,23.87,-0.01,200,477400,卖盘
1462,11:26:18,23.88,0.01,51,121788,买盘
1463,11:26:12,23.87,--,3,7161,卖盘
1464,11:26:09,23.87,-0.01,8,19096,卖盘
1465,11:26:06,23.88,--,50,119400,买盘
1466,11:26:03,23.88,0.01,2,4776,买盘
1467,11:26:00,23.87,-0.01,8,19096,卖盘
1468,11:25:54,23.88,0.01,43,102684,买盘
1469,11:25:48,23.87,-0.01,4,9548,卖盘
1470,11:25:45,23.88,0.01,69,164772,买盘
1471,11:25:42,23.87,--,35,83545,卖盘
1472,11:25:36,23.87,-0.01,8,19096,卖盘
1473,11:25:33,23.88,0.01,2,4776,买盘
1474,11:25:30,23.87,-0.01,8,19096,卖盘
1475,11:25:24,23.88,0.01,19,45372,买盘
1476,11:25:21,23.87,-0.01,8,19096,卖盘
1477,11:25:15,23.88,0.01,42,100296,买盘
1478,11:25:12,23.87,--,13,31031,卖盘
1479,11:25:06,23.87,-0.01,15,35805,卖盘
1480,11:25:03,23.88,--,2,4776,买盘
1481,11:24:57,23.88,--,18,42984,买盘
1482,11:24:54,23.88,--,14,33432,买盘
1483,11:24:51,23.88,0.01,23,54924,买盘
1484,11:24:48,23.87,--,8,19096,卖盘
1485,11:24:45,23.87,--,76,181412,卖盘
1486,11:24:42,23.87,--,3,7161,卖盘
1487,11:24:39,23.87,-0.01,8,19096,卖盘
1488,11:24:36,23.88,--,9,21492,买盘
1489,11:24:33,23.88,--,14,33432,买盘
1490,11:24:24,23.88,0.01,24,57312,买盘
1491,11:24:21,23.87,-0.01,3,8354,卖盘
1492,11:24:18,23.88,0.01,5,11940,买盘
1493,11:24:15,23.87,-0.01,55,131285,卖盘
1494,11:24:12,23.88,0.01,186,444168,买盘
1495,11:24:09,23.87,--,8,19096,卖盘
1496,11:24:03,23.87,--,40,95480,卖盘
1497,11:24:00,23.87,-0.01,8,19096,卖盘
1498,11:23:54,23.88,0.01,14,33432,买盘
1499,11:23:51,23.87,--,8,19096,卖盘
1500,11:23:48,23.87,--,5,11935,卖盘
1501,11:23:45,23.87,--,127,303149,卖盘
1502,11:23:42,23.87,--,3,7161,卖盘
1503,11:23:36,23.87,-0.01,8,19096,卖盘
1504,11:23:33,23.88,--,2,4776,买盘
1505,11:23:30,23.88,0.01,20,47760,买盘
1506,11:23:27,23.87,-0.01,8,19096,卖盘
1507,11:23:24,23.88,--,14,33432,买盘
1508,11:23:15,23.88,--,49,117012,买盘
1509,11:23:03,23.88,--,14,33432,买盘
1510,11:22:54,23.88,0.01,14,33432,买盘
1511,11:22:51,23.87,-0.01,1,2387,卖盘
1512,11:22:45,23.88,--,53,126564,买盘
1513,11:22:39,23.88,--,10,23880,买盘
1514,11:22:36,23.88,-0.01,124,296112,卖盘
1515,11:22:33,23.89,0.01,2,4778,买盘
1516,11:22:27,23.88,--,11,26268,卖盘
1517,11:22:24,23.88,--,38,90744,卖盘
1518,11:22:21,23.88,--,204,487152,买盘
1519,11:22:15,23.88,0.01,39,93132,买盘
1520,11:22:12,23.87,--,8,19096,卖盘
1521,11:22:09,23.87,--,337,804419,卖盘
1522,11:22:06,23.87,-0.01,10,23870,卖盘
1523,11:22:03,23.88,0.01,3,7164,买盘
1524,11:22:00,23.87,-0.01,1,2387,卖盘
1525,11:21:57,23.88,--,2,4776,买盘
1526,11:21:54,23.88,0.01,16,38208,买盘
1527,11:21:51,23.87,-0.01,4,9548,卖盘
1528,11:21:45,23.88,0.01,52,124176,买盘
1529,11:21:36,23.87,-0.01,12,28644,卖盘
1530,11:21:33,23.88,0.01,2,4776,买盘
1531,11:21:27,23.87,-0.01,20,47740,卖盘
1532,11:21:24,23.88,0.01,16,38208,买盘
1533,11:21:21,23.87,--,9,21483,卖盘
1534,11:21:09,23.87,--,20,47740,卖盘
1535,11:21:03,23.87,-0.01,3,7161,卖盘
1536,11:20:57,23.88,--,11,26268,买盘
1537,11:20:54,23.88,--,13,31044,买盘
1538,11:20:51,23.88,--,8,19104,买盘
1539,11:20:48,23.88,0.01,7,16716,买盘
1540,11:20:45,23.87,--,20,47740,卖盘
1541,11:20:36,23.87,-0.01,80,190960,卖盘
1542,11:20:33,23.88,0.01,4,9552,买盘
1543,11:20:27,23.87,-0.01,1,2387,卖盘
1544,11:20:24,23.88,--,115,274620,买盘
1545,11:20:03,23.88,--,2,4776,买盘
1546,11:19:57,23.88,--,29,69252,买盘
1547,11:19:54,23.88,--,14,33432,买盘
1548,11:19:51,23.88,--,30,71640,买盘
1549,11:19:39,23.88,--,17,40643,卖盘
1550,11:19:36,23.88,--,202,482376,卖盘
1551,11:19:33,23.88,--,37,88356,卖盘
1552,11:19:30,23.88,--,5,11940,卖盘
1553,11:19:27,23.88,-0.01,8,19104,卖盘
1554,11:19:24,23.89,0.01,14,33446,买盘
1555,11:19:21,23.88,--,6,14328,卖盘
1556,11:19:18,23.88,--,10,23880,卖盘
1557,11:19:15,23.88,--,2,4776,卖盘
1558,11:19:09,23.88,--,4,9552,卖盘
1559,11:19:06,23.88,-0.01,300,716400,卖盘
1560,11:19:03,23.89,0.01,3,7167,买盘
1561,11:18:57,23.88,-0.01,36,85968,卖盘
1562,11:18:54,23.89,0.01,14,33446,买盘
1563,11:18:51,23.88,--,2,4776,卖盘
1564,11:18:48,23.88,--,1,2388,卖盘
1565,11:18:45,23.88,--,18,42984,卖盘
1566,11:18:42,23.88,-0.01,9,21492,卖盘
1567,11:18:39,23.89,0.01,8,19112,买盘
1568,11:18:36,23.88,--,10,23880,卖盘
1569,11:18:33,23.88,-0.02,42,100296,卖盘
1570,11:18:27,23.9,0.01,13,31069,买盘
1571,11:18:24,23.89,0.01,8,19112,买盘
1572,11:18:21,23.88,-0.01,100,238800,卖盘
1573,11:18:09,23.89,-0.01,11,26279,卖盘
1574,11:18:03,23.9,0.01,51,121890,买盘
1575,11:18:00,23.89,--,32,76448,买盘
1576,11:17:57,23.89,--,14,33446,买盘
1577,11:17:54,23.89,--,77,183953,卖盘
1578,11:17:48,23.89,--,4,9556,卖盘
1579,11:17:42,23.89,-0.01,58,138562,卖盘
1580,11:17:33,23.9,0.01,2,4780,买盘
1581,11:17:30,23.89,--,4,9556,卖盘
1582,11:17:24,23.89,--,202,482578,卖盘
1583,11:17:21,23.89,--,3,7167,卖盘
1584,11:17:12,23.89,-0.01,7,16723,卖盘
1585,11:17:03,23.9,--,11,26290,买盘
1586,11:17:00,23.9,--,119,284410,卖盘
1587,11:16:57,23.9,--,12,28680,卖盘
1588,11:16:54,23.9,--,29,69310,卖盘
1589,11:16:48,23.9,--,157,375230,卖盘
1590,11:16:45,23.9,-0.01,10,23900,卖盘
1591,11:16:42,23.91,--,12,28692,买盘
1592,11:16:39,23.91,--,17,40647,买盘
1593,11:16:33,23.91,0.01,12,28692,买盘
1594,11:16:30,23.9,-0.01,20,47800,卖盘
1595,11:16:24,23.91,0.01,67,160197,中性盘
1596,11:16:15,23.9,-0.01,37,88430,卖盘
1597,11:16:09,23.91,--,29,69339,买盘
1598,11:16:06,23.91,--,261,624051,买盘
1599,11:16:03,23.91,0.01,5,11955,买盘
1600,11:16:00,23.9,--,13,31069,买盘
1601,11:15:57,23.9,-0.01,26,62139,中性盘
1602,11:15:54,23.91,0.01,64,153024,买盘
1603,11:15:51,23.9,--,53,126669,卖盘
1604,11:15:45,23.9,--,7,16730,买盘
1605,11:15:42,23.9,--,17,40630,卖盘
1606,11:15:39,23.9,-0.01,4,9560,卖盘
1607,11:15:33,23.91,0.01,113,270183,买盘
1608,11:15:30,23.9,--,5,11950,卖盘
1609,11:15:27,23.9,-0.01,14,33460,中性盘
1610,11:15:24,23.91,0.01,59,141069,买盘
1611,11:15:18,23.9,-0.01,25,59750,卖盘
1612,11:15:09,23.91,0.01,43,102813,买盘
1613,11:15:06,23.9,-0.01,25,59750,卖盘
1614,11:15:03,23.91,0.01,2,4782,买盘
1615,11:15:00,23.9,0.01,30,71700,买盘
1616,11:14:54,23.89,--,169,403741,买盘
1617,11:14:48,23.89,0.01,2,4778,买盘
1618,11:14:45,23.88,--,3,7164,卖盘
1619,11:14:39,23.88,--,15,38160,卖盘
1620,11:14:36,23.88,-0.01,3,7164,卖盘
1621,11:14:33,23.89,0.01,2,4778,买盘
1622,11:14:30,23.88,-0.01,35,83580,卖盘
1623,11:14:27,23.89,--,168,401352,买盘
1624,11:14:24,23.89,--,81,193509,买盘
1625,11:14:18,23.89,0.01,16,38224,买盘
1626,11:14:15,23.88,-0.01,10,23880,卖盘
1627,11:14:09,23.89,--,305,728645,买盘
1628,11:14:06,23.89,--,52,124228,买盘
1629,11:14:03,23.89,--,42,100338,买盘
1630,11:13:57,23.89,-0.01,14,33446,卖盘
1631,11:13:54,23.9,--,111,265290,买盘
1632,11:13:51,23.9,0.02,2,4780,买盘
1633,11:13:48,23.88,-0.02,54,128952,卖盘
1634,11:13:39,23.9,--,43,102770,买盘
1635,11:13:36,23.9,--,1,2390,买盘
1636,11:13:33,23.9,--,2,4780,买盘
1637,11:13:24,23.9,--,44,105160,买盘
1638,11:13:03,23.9,0.03,3,7170,买盘
1639,11:12:57,23.87,-0.03,15,35805,卖盘
1640,11:12:54,23.9,--,48,114720,买盘
1641,11:12:51,23.9,0.04,5,11950,买盘
1642,11:12:48,23.86,-0.03,10,23860,卖盘
1643,11:12:45,23.89,--,11,26279,卖盘
1644,11:12:39,23.89,--,3,7167,卖盘
1645,11:12:36,23.89,-0.01,145,346405,卖盘
1646,11:12:33,23.9,--,2,4780,买盘
1647,11:12:30,23.9,--,18,43020,买盘
1648,11:12:27,23.9,--,86,205540,买盘
1649,11:12:24,23.9,--,75,179250,买盘
1650,11:12:21,23.9,-0.02,126,301140,卖盘
1651,11:12:06,23.92,--,43,102856,买盘
1652,11:12:03,23.92,0.02,2,4784,买盘
1653,11:12:00,23.9,-0.01,158,377620,卖盘
1654,11:11:57,23.91,--,6,14346,卖盘
1655,11:11:54,23.91,0.01,50,119550,买盘
1656,11:11:45,23.9,--,1,2390,卖盘
1657,11:11:39,23.9,-0.01,11,26290,卖盘
1658,11:11:33,23.91,--,2,4782,买盘
1659,11:11:30,23.91,0.01,30,71730,买盘
1660,11:11:27,23.9,-0.01,150,358500,卖盘
1661,11:11:24,23.91,0.01,77,184107,买盘
1662,11:11:21,23.9,--,5,11950,卖盘
1663,11:11:12,23.9,--,2,4780,卖盘
1664,11:11:09,23.9,--,5,11950,卖盘
1665,11:11:06,23.9,-0.01,10,23900,卖盘
1666,11:11:03,23.91,--,11,26301,买盘
1667,11:11:00,23.91,0.01,5,11955,买盘
1668,11:10:57,23.9,--,50,119500,买盘
1669,11:10:54,23.9,--,142,339380,卖盘
1670,11:10:51,23.9,-0.01,20,47800,卖盘
1671,11:10:48,23.91,0.01,6,14346,买盘
1672,11:10:39,23.9,--,27,64529,卖盘
1673,11:10:33,23.9,-0.01,3,7170,卖盘
1674,11:10:30,23.91,0.01,108,258228,买盘
1675,11:10:27,23.9,-0.01,29,69310,卖盘
1676,11:10:24,23.91,0.01,55,131505,买盘
1677,11:10:21,23.9,--,2,4780,卖盘
1678,11:10:12,23.9,--,4,9560,卖盘
1679,11:10:09,23.9,0.01,41,97990,买盘
1680,11:10:06,23.89,--,64,152896,卖盘
1681,11:10:03,23.89,--,24,57336,卖盘
1682,11:10:00,23.89,-0.01,6,14334,卖盘
1683,11:09:57,23.9,--,3,7170,卖盘
1684,11:09:54,23.9,0.01,146,348940,中性盘
1685,11:09:51,23.89,-0.02,205,489745,卖盘
1686,11:09:45,23.91,0.01,120,286920,买盘
1687,11:09:42,23.9,--,148,353720,卖盘
1688,11:09:39,23.9,-0.01,26,62139,卖盘
1689,11:09:36,23.91,-0.01,151,361041,卖盘
1690,11:09:33,23.92,0.01,2,4784,买盘
1691,11:09:30,23.91,--,53,126723,卖盘
1692,11:09:27,23.91,-0.01,104,248664,中性盘
1693,11:09:24,23.92,0.01,145,346840,买盘
1694,11:09:15,23.91,-0.01,61,145851,卖盘
1695,11:09:12,23.92,--,15,35880,卖盘
1696,11:09:09,23.92,--,15,35880,卖盘
1697,11:09:06,23.92,0.01,34,81328,买盘
1698,11:09:03,23.91,--,211,504501,卖盘
1699,11:09:00,23.91,-0.02,5,11955,卖盘
1700,11:08:54,23.93,0.01,69,165117,买盘
1701,11:08:51,23.92,-0.01,6,14352,卖盘
1702,11:08:48,23.93,--,151,361343,买盘
1703,11:08:45,23.93,0.01,5,11965,买盘
1704,11:08:39,23.92,-0.01,6,14352,卖盘
1705,11:08:36,23.93,-0.01,124,296732,卖盘
1706,11:08:33,23.94,0.01,2,4788,买盘
1707,11:08:27,23.93,-0.01,23,55039,卖盘
1708,11:08:24,23.94,--,16,38304,买盘
1709,11:08:21,23.94,0.01,75,179550,买盘
1710,11:08:18,23.93,-0.01,16,38288,卖盘
1711,11:08:15,23.94,--,22,52668,买盘
1712,11:08:12,23.94,0.01,240,574560,买盘
1713,11:08:09,23.93,--,43,102899,卖盘
1714,11:08:06,23.93,--,35,83755,卖盘
1715,11:08:03,23.93,--,38,90934,卖盘
1716,11:08:00,23.93,--,9,21537,卖盘
1717,11:07:57,23.93,--,12,28716,买盘
1718,11:07:54,23.93,--,17,40681,卖盘
1719,11:07:51,23.93,--,124,296732,卖盘
1720,11:07:48,23.93,-0.01,15,35895,中性盘
1721,11:07:45,23.94,0.01,200,478800,买盘
1722,11:07:42,23.93,--,102,244086,卖盘
1723,11:07:39,23.93,--,11,26323,卖盘
1724,11:07:36,23.93,--,5,11965,卖盘
1725,11:07:33,23.93,-0.01,213,509709,卖盘
1726,11:07:30,23.94,0.02,56,134064,买盘
1727,11:07:27,23.92,-0.02,56,133952,卖盘
1728,11:07:24,23.94,-0.01,4,9576,中性盘
1729,11:07:21,23.95,--,38,91010,买盘
1730,11:07:18,23.95,--,3,7185,买盘
1731,11:07:15,23.95,--,43,102985,买盘
1732,11:07:12,23.95,--,464,1111280,卖盘
1733,11:07:09,23.95,--,20,47900,卖盘
1734,11:07:06,23.95,--,73,174835,卖盘
1735,11:07:03,23.95,--,33,79035,卖盘
1736,11:07:00,23.95,-0.01,105,251475,卖盘
1737,11:06:57,23.96,--,85,203660,买盘
1738,11:06:54,23.96,--,39,93444,卖盘
1739,11:06:51,23.96,--,71,170116,卖盘
1740,11:06:48,23.96,-0.01,100,239600,卖盘
1741,11:06:45,23.97,--,2,4794,买盘
1742,11:06:42,23.97,--,14,33558,卖盘
1743,11:06:39,23.97,-0.01,2,4794,卖盘
1744,11:06:36,23.98,0.01,49,117502,买盘
1745,11:06:33,23.97,--,23,55131,卖盘
1746,11:06:30,23.97,--,51,122247,卖盘
1747,11:06:27,23.97,--,20,47940,卖盘
1748,11:06:24,23.97,--,44,105468,卖盘
1749,11:06:21,23.97,0.02,42,100674,买盘
1750,11:06:18,23.95,-0.02,100,239500,卖盘
1751,11:06:15,23.97,0.01,179,429063,买盘
1752,11:06:12,23.96,0.01,153,366588,买盘
1753,11:06:09,23.95,--,10,23950,卖盘
1754,11:06:03,23.95,--,21,50295,卖盘
1755,11:06:00,23.95,-0.01,14,33530,卖盘
1756,11:05:57,23.96,--,12,28752,买盘
1757,11:05:54,23.96,0.01,94,225224,买盘
1758,11:05:51,23.95,--,61,146095,卖盘
1759,11:05:48,23.95,--,73,174835,卖盘
1760,11:05:45,23.95,-0.02,10,23950,卖盘
1761,11:05:42,23.97,0.04,69,165393,买盘
1762,11:05:39,23.93,-0.01,150,358950,卖盘
1763,11:05:36,23.94,-0.01,30,71820,卖盘
1764,11:05:33,23.95,--,2,4790,买盘
1765,11:05:30,23.95,0.01,15,35925,买盘
1766,11:05:27,23.94,-0.01,30,71820,卖盘
1767,11:05:24,23.95,--,26,62270,买盘
1768,11:05:21,23.95,--,43,102985,买盘
1769,11:05:18,23.95,0.01,30,71850,买盘
1770,11:05:15,23.94,--,5,11970,卖盘
1771,11:05:12,23.94,-0.01,200,478800,卖盘
1772,11:05:09,23.95,--,4,9580,买盘
1773,11:05:06,23.95,-0.01,13,31135,卖盘
1774,11:05:03,23.96,0.02,800,1916800,买盘
1775,11:05:00,23.94,-0.01,20,47880,卖盘
1776,11:04:57,23.95,--,12,28740,买盘
1777,11:04:54,23.95,-0.01,39,93405,买盘
1778,11:04:51,23.96,--,49,117404,买盘
1779,11:04:48,23.96,0.02,124,297104,买盘
1780,11:04:42,23.94,-0.01,20,47880,卖盘
1781,11:04:39,23.95,-0.01,59,141305,卖盘
1782,11:04:36,23.96,--,42,100632,买盘
1783,11:04:33,23.96,0.02,9,21564,买盘
1784,11:04:30,23.94,--,8,19152,卖盘
1785,11:04:27,23.94,-0.02,138,330372,卖盘
1786,11:04:24,23.96,0.01,113,270748,买盘
1787,11:04:21,23.95,--,51,122145,买盘
1788,11:04:18,23.95,0.02,127,304165,买盘
1789,11:04:15,23.93,--,110,263230,卖盘
1790,11:04:12,23.93,--,10,23930,卖盘
1791,11:04:09,23.93,-0.01,2,4786,卖盘
1792,11:04:06,23.94,--,101,241794,买盘
1793,11:04:03,23.94,0.01,103,246582,买盘
1794,11:04:00,23.93,0.01,472,1129496,买盘
1795,11:03:57,23.92,--,6,14352,卖盘
1796,11:03:54,23.92,0.01,24,57408,买盘
1797,11:03:51,23.91,--,100,239100,卖盘
1798,11:03:48,23.91,--,45,107595,买盘
1799,11:03:45,23.91,0.01,17,40647,买盘
1800,11:03:39,23.9,-0.01,1,2390,卖盘
1801,11:03:33,23.91,--,13,31083,卖盘
1802,11:03:30,23.91,--,66,157806,卖盘
1803,11:03:27,23.91,-0.01,36,86076,卖盘
1804,11:03:24,23.92,0.01,43,102856,买盘
1805,11:03:21,23.91,--,58,138678,买盘
1806,11:03:18,23.91,-0.01,87,208017,卖盘
1807,11:03:15,23.92,0.01,58,138736,买盘
1808,11:03:12,23.91,--,130,310830,买盘
1809,11:03:09,23.91,--,133,318003,买盘
1810,11:03:06,23.91,0.01,5,11955,买盘
1811,11:03:03,23.9,--,5,11950,卖盘
1812,11:02:57,23.9,0.01,139,332210,买盘
1813,11:02:54,23.89,--,20,47780,卖盘
1814,11:02:51,23.89,--,57,136173,买盘
1815,11:02:48,23.89,--,111,265179,买盘
1816,11:02:42,23.89,-0.01,109,260401,卖盘
1817,11:02:39,23.9,--,4,9560,卖盘
1818,11:02:33,23.9,-0.02,22,52580,卖盘
1819,11:02:30,23.92,--,3,7176,买盘
1820,11:02:27,23.92,-0.01,1,2392,中性盘
1821,11:02:24,23.93,0.01,64,153152,买盘
1822,11:02:21,23.92,-0.01,45,107640,卖盘
1823,11:02:18,23.93,--,11,26323,买盘
1824,11:02:15,23.93,--,55,131615,卖盘
1825,11:02:12,23.93,-0.01,25,59825,卖盘
1826,11:02:09,23.94,0.01,20,47880,买盘
1827,11:02:06,23.93,-0.01,43,102899,卖盘
1828,11:02:03,23.94,-0.01,2,4788,买盘
1829,11:02:00,23.95,0.02,96,229920,买盘
1830,11:01:57,23.93,0.01,65,155545,买盘
1831,11:01:54,23.92,--,20,47840,卖盘
1832,11:01:51,23.92,--,41,98072,卖盘
1833,11:01:48,23.92,--,5,11960,买盘
1834,11:01:45,23.92,0.01,44,105248,买盘
1835,11:01:42,23.91,--,84,200844,卖盘
1836,11:01:39,23.91,-0.01,10,23910,卖盘
1837,11:01:33,23.92,0.02,7,16744,买盘
1838,11:01:30,23.9,--,3,7170,卖盘
1839,11:01:27,23.9,-0.01,8,19120,卖盘
1840,11:01:24,23.91,--,32,76512,买盘
1841,11:01:21,23.91,0.01,53,126723,买盘
1842,11:01:18,23.9,--,10,23900,卖盘
1843,11:01:15,23.9,--,69,164910,买盘
1844,11:01:12,23.9,--,3,7170,买盘
1845,11:01:06,23.9,0.01,54,129059,买盘
1846,11:01:03,23.89,--,3,7167,买盘
1847,11:01:00,23.89,--,151,360739,买盘
1848,11:00:57,23.89,0.01,4,9556,买盘
1849,11:00:48,23.88,0.01,54,128952,买盘
1850,11:00:45,23.87,--,105,250635,买盘
1851,11:00:42,23.87,--,10,23870,买盘
1852,11:00:39,23.87,--,16,38192,买盘
1853,11:00:36,23.87,-0.02,159,379533,中性盘
1854,11:00:33,23.89,0.02,5,11945,买盘
1855,11:00:27,23.87,-0.01,109,260183,卖盘
1856,11:00:24,23.88,--,50,119400,买盘
1857,11:00:18,23.88,0.02,360,859680,买盘
1858,11:00:15,23.86,--,14,33404,卖盘
1859,11:00:12,23.86,-0.01,4,9544,卖盘
1860,11:00:09,23.87,--,195,465465,买盘
1861,11:00:06,23.87,--,12,28644,买盘
1862,11:00:03,23.87,0.01,3,7161,买盘
1863,11:00:00,23.86,-0.01,1,2386,卖盘
1864,10:59:57,23.87,--,22,52514,买盘
1865,10:59:54,23.87,0.01,9,21483,买盘
1866,10:59:51,23.86,--,29,69194,买盘
1867,10:59:48,23.86,0.01,53,126458,买盘
1868,10:59:45,23.85,-0.01,10,23850,卖盘
1869,10:59:42,23.86,--,32,76352,买盘
1870,10:59:39,23.86,--,104,248144,买盘
1871,10:59:36,23.86,--,8,19088,买盘
1872,10:59:33,23.86,--,2,4772,买盘
1873,10:59:30,23.86,--,7,16702,买盘
1874,10:59:24,23.86,--,14,33404,买盘
1875,10:59:18,23.86,--,59,140774,买盘
1876,10:59:15,23.86,0.01,2,4772,买盘
1877,10:59:12,23.85,--,55,131175,卖盘
1878,10:59:09,23.85,--,20,47700,卖盘
1879,10:59:06,23.85,--,12,28620,卖盘
1880,10:59:03,23.85,--,10,23850,卖盘
1881,10:59:00,23.85,--,33,78705,卖盘
1882,10:58:57,23.85,--,5,11925,卖盘
1883,10:58:54,23.85,0.02,109,259965,买盘
1884,10:58:51,23.83,-0.02,70,166810,卖盘
1885,10:58:48,23.85,0.01,102,243270,买盘
1886,10:58:45,23.84,--,1,2384,买盘
1887,10:58:42,23.84,0.01,32,76288,买盘
1888,10:58:39,23.83,-0.01,6,14297,卖盘
1889,10:58:36,23.84,--,8,19072,买盘
1890,10:58:33,23.84,0.01,3,7152,买盘
1891,10:58:30,23.83,--,21,50043,卖盘
1892,10:58:27,23.83,-0.01,17,40511,卖盘
1893,10:58:24,23.84,-0.01,168,400512,卖盘
1894,10:58:18,23.85,--,60,143100,买盘
1895,10:58:15,23.85,0.01,11,26235,买盘
1896,10:58:09,23.84,-0.01,5,11920,卖盘
1897,10:58:06,23.85,0.01,61,145485,买盘
1898,10:58:03,23.84,--,31,73904,卖盘
1899,10:58:00,23.84,--,5,11920,卖盘
1900,10:57:57,23.84,--,4,9536,卖盘
1901,10:57:54,23.84,-0.01,3,7152,卖盘
1902,10:57:51,23.85,0.01,15,35775,买盘
1903,10:57:48,23.84,--,67,159728,买盘
1904,10:57:45,23.84,--,10,23840,买盘
1905,10:57:42,23.84,--,7,16688,买盘
1906,10:57:39,23.84,--,5,11920,买盘
1907,10:57:36,23.84,--,28,66752,买盘
1908,10:57:33,23.84,0.01,2,4768,买盘
1909,10:57:30,23.83,--,73,173959,买盘
1910,10:57:27,23.83,0.01,300,714900,买盘
1911,10:57:24,23.82,0.01,118,281076,买盘
1912,10:57:21,23.81,-0.01,10,23810,卖盘
1913,10:57:18,23.82,0.02,156,371592,买盘
1914,10:57:15,23.8,--,33,78540,卖盘
1915,10:57:09,23.8,-0.01,2,4760,卖盘
1916,10:57:03,23.81,0.01,8,19048,买盘
1917,10:56:57,23.8,--,21,49980,卖盘
1918,10:56:54,23.8,0.02,571,1358980,买盘
1919,10:56:48,23.78,-0.01,90,214020,卖盘
1920,10:56:42,23.79,0.01,42,99918,买盘
1921,10:56:39,23.78,-0.01,10,23780,卖盘
1922,10:56:33,23.79,--,2,4758,买盘
1923,10:56:30,23.79,--,17,40443,买盘
1924,10:56:27,23.79,--,19,45201,买盘
1925,10:56:24,23.79,0.01,14,33306,买盘
1926,10:56:21,23.78,-0.01,30,71340,卖盘
1927,10:56:18,23.79,0.01,36,85644,买盘
1928,10:56:12,23.78,--,15,35670,卖盘
1929,10:56:09,23.78,0.01,246,584988,买盘
1930,10:56:06,23.77,-0.01,1,2377,卖盘
1931,10:56:03,23.78,0.01,3,7134,买盘
1932,10:56:00,23.77,--,4,9508,卖盘
1933,10:55:57,23.77,-0.01,13,30901,卖盘
1934,10:55:54,23.78,0.01,24,57072,买盘
1935,10:55:51,23.77,-0.01,2,4754,卖盘
1936,10:55:48,23.78,--,50,118900,买盘
1937,10:55:45,23.78,--,7,16646,买盘
1938,10:55:39,23.78,--,90,214020,买盘
1939,10:55:36,23.78,--,3,7134,买盘
1940,10:55:33,23.78,0.01,3,7134,买盘
1941,10:55:27,23.77,-0.01,23,54671,卖盘
1942,10:55:24,23.78,-0.01,24,57072,买盘
1943,10:55:18,23.79,0.02,44,104676,买盘
1944,10:55:09,23.77,-0.01,15,35655,卖盘
1945,10:55:06,23.78,--,55,130790,买盘
1946,10:55:03,23.78,--,2,4756,买盘
1947,10:54:57,23.78,0.01,11,26158,买盘
1948,10:54:54,23.77,--,22,52294,卖盘
1949,10:54:51,23.77,-0.01,30,71310,卖盘
1950,10:54:48,23.78,--,40,95120,买盘
1951,10:54:45,23.78,0.01,17,40426,买盘
1952,10:54:39,23.77,--,1,2377,卖盘
1953,10:54:36,23.77,-0.01,1,2377,卖盘
1954,10:54:33,23.78,--,2,4756,买盘
1955,10:54:30,23.78,--,10,23780,买盘
1956,10:54:27,23.78,--,6,14268,买盘
1957,10:54:24,23.78,--,17,40426,买盘
1958,10:54:18,23.78,0.01,62,147436,买盘
1959,10:54:09,23.77,--,6,14262,卖盘
1960,10:54:06,23.77,-0.01,10,23770,卖盘
1961,10:54:03,23.78,0.01,12,28536,买盘
1962,10:53:57,23.77,0.01,11,26147,卖盘
1963,10:53:54,23.76,-0.01,11,26136,卖盘
1964,10:53:51,23.77,--,7,18968,买盘
1965,10:53:48,23.77,--,78,185406,买盘
1966,10:53:39,23.77,--,10,23770,买盘
1967,10:53:33,23.77,--,2,4754,买盘
1968,10:53:21,23.77,-0.01,2,4801,卖盘
1969,10:53:18,23.78,0.02,46,111718,买盘
1970,10:53:15,23.76,--,5,11880,买盘
1971,10:53:12,23.76,--,4,9504,卖盘
1972,10:53:09,23.76,0.01,3,7128,买盘
1973,10:53:06,23.75,-0.01,2,4750,卖盘
1974,10:53:03,23.76,--,2,4752,中性盘
1975,10:52:57,23.76,--,3,7128,卖盘
1976,10:52:54,23.76,0.01,11,26136,买盘
1977,10:52:51,23.75,-0.02,11,26125,卖盘
1978,10:52:45,23.77,0.02,46,109342,买盘
1979,10:52:42,23.75,-0.01,8,19000,中性盘
1980,10:52:33,23.76,0.04,12,28512,买盘
1981,10:52:30,23.72,-0.03,2,4744,卖盘
1982,10:52:24,23.75,-0.02,14,33250,中性盘
1983,10:52:21,23.77,0.01,1107,2631339,买盘
1984,10:52:18,23.76,-0.01,15,35640,卖盘
1985,10:52:15,23.77,0.02,51,121227,买盘
1986,10:52:09,23.75,-0.01,43,102125,卖盘
1987,10:52:06,23.76,--,8,19008,买盘
1988,10:52:03,23.76,0.01,29,68904,买盘
1989,10:52:00,23.75,-0.01,5,11875,卖盘
1990,10:51:54,23.76,0.01,14,33264,买盘
1991,10:51:51,23.75,-0.01,10,23750,卖盘
1992,10:51:45,23.76,0.01,50,118800,买盘
1993,10:51:39,23.75,--,5,11875,卖盘
1994,10:51:36,23.75,-0.01,10,23750,卖盘
1995,10:51:33,23.76,--,2,4752,买盘
1996,10:51:30,23.76,--,30,71280,买盘
1997,10:51:27,23.76,--,8,19008,买盘
1998,10:51:15,23.76,0.01,63,149688,买盘
1999,10:51:12,23.75,--,9,21375,买盘
2000,10:51:06,23.75,--,105,249375,买盘
2001,10:51:03,23.75,--,2,4750,买盘
2002,10:51:00,23.75,--,5,11875,买盘
2003,10:50:57,23.75,--,7,16625,买盘
2004,10:50:54,23.75,--,14,33250,买盘
2005,10:50:45,23.75,0.01,36,85500,买盘
2006,10:50:39,23.74,-0.01,22,52228,卖盘
2007,10:50:33,23.75,0.01,7,16625,买盘
2008,10:50:30,23.74,-0.01,25,59349,卖盘
2009,10:50:24,23.75,0.01,17,40375,买盘
2010,10:50:18,23.74,--,4,9496,卖盘
2011,10:50:15,23.74,0.02,198,470051,买盘
2012,10:50:12,23.72,-0.01,1,2372,卖盘
2013,10:50:06,23.73,--,13,30849,买盘
2014,10:50:03,23.73,-0.02,4,9492,中性盘
2015,10:49:54,23.75,0.01,104,247000,买盘
2016,10:49:51,23.74,--,169,401206,买盘
2017,10:49:45,23.74,0.01,44,104456,买盘
2018,10:49:42,23.73,0.02,1,2373,买盘
2019,10:49:39,23.71,--,24,56904,卖盘
2020,10:49:36,23.71,-0.02,52,123292,卖盘
2021,10:49:33,23.73,-0.01,5,11865,中性盘
2022,10:49:27,23.74,0.03,105,249269,买盘
2023,10:49:18,23.71,-0.02,17,40307,卖盘
2024,10:49:15,23.73,0.01,39,92547,买盘
2025,10:49:12,23.72,0.01,2,4744,买盘
2026,10:49:09,23.71,-0.01,82,194422,卖盘
2027,10:49:06,23.72,0.01,13,30836,买盘
2028,10:49:03,23.71,-0.01,4,9484,卖盘
2029,10:48:51,23.72,-0.02,81,192132,卖盘
2030,10:48:45,23.74,0.02,52,123447,买盘
2031,10:48:36,23.72,-0.01,7,16604,卖盘
2032,10:48:33,23.73,--,2,4746,买盘
2033,10:48:18,23.73,0.01,10,23730,买盘
2034,10:48:15,23.72,-0.01,65,154180,卖盘
2035,10:48:06,23.73,--,7,16611,买盘
2036,10:48:03,23.73,0.01,2,4746,买盘
2037,10:48:00,23.72,--,10,23720,中性盘
2038,10:47:57,23.72,--,5,11860,卖盘
2039,10:47:51,23.72,-0.01,2,4744,卖盘
2040,10:47:48,23.73,0.01,5,11865,买盘
2041,10:47:45,23.72,--,63,149436,卖盘
2042,10:47:36,23.72,--,10,23720,卖盘
2043,10:47:33,23.72,--,12,28464,卖盘
2044,10:47:30,23.72,--,5,11860,卖盘
2045,10:47:24,23.72,-0.01,7,16604,卖盘
2046,10:47:18,23.73,0.01,6,14238,买盘
2047,10:47:15,23.72,--,44,104368,买盘
2048,10:47:12,23.72,--,13,30836,买盘
2049,10:47:09,23.72,0.01,117,277524,买盘
2050,10:47:06,23.71,--,8,18968,买盘
2051,10:47:03,23.71,--,6,14226,买盘
2052,10:46:57,23.71,--,8,18968,买盘
2053,10:46:54,23.71,0.01,9,21339,中性盘
2054,10:46:51,23.7,-0.02,2,4740,卖盘
2055,10:46:48,23.72,0.02,2,4744,买盘
2056,10:46:45,23.7,-0.02,47,111390,卖盘
2057,10:46:42,23.72,--,2,4744,买盘
2058,10:46:39,23.72,0.01,1,2372,买盘
2059,10:46:33,23.71,0.01,4,9484,买盘
2060,10:46:30,23.7,-0.01,6,14220,卖盘
2061,10:46:27,23.71,--,1,2371,买盘
2062,10:46:21,23.71,--,9,21339,买盘
2063,10:46:18,23.71,--,4,9484,买盘
2064,10:46:15,23.71,--,3,7113,买盘
2065,10:46:12,23.71,-0.01,25,59275,卖盘
2066,10:46:09,23.72,0.01,23,54556,买盘
2067,10:46:03,23.71,--,37,87727,卖盘
2068,10:46:00,23.71,-0.01,8,18968,卖盘
2069,10:45:57,23.72,--,8,18976,买盘
2070,10:45:54,23.72,--,1,2372,买盘
2071,10:45:51,23.72,--,11,26092,中性盘
2072,10:45:48,23.72,--,12,28464,买盘
2073,10:45:45,23.72,--,4,9488,买盘
2074,10:45:42,23.72,--,9,21348,买盘
2075,10:45:39,23.72,0.02,36,85392,买盘
2076,10:45:36,23.7,-0.02,15,35550,卖盘
2077,10:45:33,23.72,-0.01,5,11860,中性盘
2078,10:45:30,23.73,--,3,7119,买盘
2079,10:45:27,23.73,0.01,13,30849,买盘
2080,10:45:24,23.72,--,15,35580,买盘
2081,10:45:21,23.72,0.02,5,11860,买盘
2082,10:45:18,23.7,-0.02,51,120870,卖盘
2083,10:45:15,23.72,--,12,28464,买盘
2084,10:45:12,23.72,0.02,7,16604,买盘
2085,10:45:09,23.7,-0.02,30,71100,卖盘
2086,10:45:06,23.72,--,10,23720,买盘
2087,10:45:03,23.72,0.02,13,30836,买盘
2088,10:45:00,23.7,-0.02,22,52140,卖盘
2089,10:44:57,23.72,0.02,8,18976,买盘
2090,10:44:54,23.7,--,5,11850,卖盘
2091,10:44:51,23.7,-0.03,5,11850,卖盘
2092,10:44:48,23.73,--,3,7119,买盘
2093,10:44:45,23.73,0.03,17,40341,买盘
2094,10:44:42,23.7,-0.03,1,2370,卖盘
2095,10:44:39,23.73,--,5,11865,买盘
2096,10:44:36,23.73,-0.01,6,14238,买盘
2097,10:44:33,23.74,0.01,12,28487,买盘
2098,10:44:30,23.73,0.03,14,33222,买盘
2099,10:44:27,23.7,-0.04,14,33180,卖盘
2100,10:44:24,23.74,--,19,45106,买盘
2101,10:44:21,23.74,0.04,49,116325,买盘
2102,10:44:18,23.7,--,5,11850,卖盘
2103,10:44:15,23.7,-0.04,110,260700,卖盘
2104,10:44:12,23.74,0.04,93,220782,买盘
2105,10:44:09,23.7,-0.01,10,23700,卖盘
2106,10:44:06,23.71,-0.02,12,28452,中性盘
2107,10:44:03,23.73,--,38,90174,卖盘
2108,10:44:00,23.73,--,34,80682,买盘
2109,10:43:57,23.73,0.03,187,443751,买盘
2110,10:43:54,23.7,0.01,22,52140,买盘
2111,10:43:51,23.69,--,19,45011,卖盘
2112,10:43:48,23.69,-0.01,436,1032884,卖盘
2113,10:43:45,23.7,--,313,741810,买盘
2114,10:43:39,23.7,-0.02,428,1014360,卖盘
2115,10:43:33,23.72,-0.01,5,11860,中性盘
2116,10:43:30,23.73,--,1,2373,买盘
2117,10:43:27,23.73,--,1,2373,买盘
2118,10:43:21,23.73,0.03,8,18984,买盘
2119,10:43:18,23.7,-0.03,11,26070,卖盘
2120,10:43:15,23.73,--,2,4746,买盘
2121,10:43:12,23.73,--,26,61698,买盘
2122,10:43:09,23.73,--,7,16611,买盘
2123,10:43:06,23.73,--,29,68817,卖盘
2124,10:43:03,23.73,-0.01,62,147126,卖盘
2125,10:43:00,23.74,--,29,68846,买盘
2126,10:42:57,23.74,--,3,7121,买盘
2127,10:42:54,23.74,--,42,99708,卖盘
2128,10:42:51,23.74,-0.01,42,99708,卖盘
2129,10:42:48,23.75,0.01,42,99750,买盘
2130,10:42:45,23.74,-0.01,5,11870,卖盘
2131,10:42:42,23.75,0.01,35,83125,买盘
2132,10:42:39,23.74,--,114,270636,卖盘
2133,10:42:36,23.74,-0.01,13,30861,卖盘
2134,10:42:33,23.75,--,29,68875,买盘
2135,10:42:30,23.75,0.01,37,87875,买盘
2136,10:42:24,23.74,-0.01,25,59349,卖盘
2137,10:42:21,23.75,--,50,118750,卖盘
2138,10:42:18,23.75,--,13,30875,卖盘
2139,10:42:09,23.75,--,14,33250,买盘
2140,10:42:06,23.75,--,27,64125,买盘
2141,10:42:03,23.75,--,12,28500,买盘
2142,10:42:00,23.75,--,4,9500,买盘
2143,10:41:57,23.75,0.01,9,21375,买盘
2144,10:41:54,23.74,-0.01,1,2374,卖盘
2145,10:41:51,23.75,--,13,30875,买盘
2146,10:41:45,23.75,--,22,52250,买盘
2147,10:41:42,23.75,--,1,2375,买盘
2148,10:41:39,23.75,--,18,42750,买盘
2149,10:41:36,23.75,--,25,59375,买盘
2150,10:41:33,23.75,--,7,16625,买盘
2151,10:41:27,23.75,--,49,116375,买盘
2152,10:41:24,23.75,--,16,38000,买盘
2153,10:41:21,23.75,--,16,38000,卖盘
2154,10:41:18,23.75,--,12,28500,卖盘
2155,10:41:15,23.75,--,4,9500,卖盘
2156,10:41:12,23.75,-0.01,25,59375,卖盘
2157,10:41:09,23.76,0.01,40,95040,买盘
2158,10:41:06,23.75,0.02,62,147250,买盘
2159,10:41:03,23.73,--,6,14238,买盘
2160,10:41:00,23.73,--,50,118650,买盘
2161,10:40:57,23.73,--,32,75936,买盘
2162,10:40:54,23.73,--,152,360696,买盘
2163,10:40:51,23.73,-0.02,40,94920,卖盘
2164,10:40:48,23.75,--,2,4750,买盘
2165,10:40:45,23.75,0.01,19,45125,买盘
2166,10:40:39,23.74,--,1,2374,买盘
2167,10:40:33,23.74,-0.01,9,21366,中性盘
2168,10:40:27,23.75,-0.01,5,11875,中性盘
2169,10:40:24,23.76,0.01,50,118800,买盘
2170,10:40:21,23.75,--,9,21375,买盘
2171,10:40:15,23.75,--,5,11875,买盘
2172,10:40:12,23.75,--,26,61750,买盘
2173,10:40:09,23.75,--,8,19000,卖盘
2174,10:40:06,23.75,--,9,21968,买盘
2175,10:40:03,23.75,--,52,123500,买盘
2176,10:40:00,23.75,--,23,54625,买盘
2177,10:39:57,23.75,--,78,185250,卖盘
2178,10:39:54,23.75,--,54,128250,卖盘
2179,10:39:51,23.75,--,104,247000,卖盘
2180,10:39:48,23.75,-0.01,10,23750,卖盘
2181,10:39:45,23.76,0.01,3,7128,买盘
2182,10:39:42,23.75,--,22,52250,卖盘
2183,10:39:39,23.75,--,17,40375,卖盘
2184,10:39:36,23.75,--,10,23750,卖盘
2185,10:39:33,23.75,--,8,19000,卖盘
2186,10:39:30,23.75,-0.02,2,4750,卖盘
2187,10:39:27,23.77,--,4,9508,买盘
2188,10:39:24,23.77,0.02,36,85572,买盘
2189,10:39:21,23.75,--,20,47500,卖盘
2190,10:39:18,23.75,-0.01,11,26125,卖盘
2191,10:39:15,23.76,0.01,5,11880,中性盘
2192,10:39:12,23.75,-0.01,3,7125,卖盘
2193,10:39:09,23.76,0.01,5,11880,中性盘
2194,10:39:06,23.75,-0.01,53,125875,卖盘
2195,10:39:03,23.76,--,2,4752,买盘
2196,10:39:00,23.76,--,6,14256,买盘
2197,10:38:57,23.76,--,56,133056,买盘
2198,10:38:54,23.76,--,46,109296,卖盘
2199,10:38:51,23.76,-0.01,29,68904,卖盘
2200,10:38:48,23.77,--,14,33278,买盘
2201,10:38:45,23.77,--,2,4754,卖盘
2202,10:38:42,23.77,--,81,192537,卖盘
2203,10:38:36,23.77,-0.01,30,71310,中性盘
2204,10:38:33,23.78,0.02,31,73718,买盘
2205,10:38:30,23.76,0.01,179,425304,买盘
2206,10:38:27,23.75,-0.01,24,57000,中性盘
2207,10:38:24,23.76,0.01,165,392040,买盘
2208,10:38:21,23.75,-0.01,43,102125,卖盘
2209,10:38:18,23.76,0.01,18,42768,买盘
2210,10:38:15,23.75,--,30,71250,卖盘
2211,10:38:12,23.75,--,10,23750,卖盘
2212,10:38:09,23.75,0.01,85,201875,卖盘
2213,10:38:06,23.74,-0.01,315,747810,卖盘
2214,10:38:03,23.75,0.01,10,23750,卖盘
2215,10:38:00,23.74,--,38,90212,卖盘
2216,10:37:57,23.74,--,42,99708,买盘
2217,10:37:54,23.74,-0.01,74,175676,卖盘
2218,10:37:51,23.75,0.01,628,1491500,买盘
2219,10:37:48,23.74,--,3,7121,卖盘
2220,10:37:45,23.74,--,4,9496,卖盘
2221,10:37:42,23.74,--,274,650476,买盘
2222,10:37:36,23.74,0.01,59,140066,买盘
2223,10:37:33,23.73,--,17,40341,买盘
2224,10:37:30,23.73,--,76,180348,买盘
2225,10:37:24,23.73,0.01,45,106785,买盘
2226,10:37:21,23.72,--,19,45068,买盘
2227,10:37:15,23.72,-0.01,13,30836,买盘
2228,10:37:12,23.73,--,73,173229,买盘
2229,10:37:09,23.73,--,35,83055,买盘
2230,10:37:06,23.73,--,55,130515,买盘
2231,10:37:03,23.73,0.01,217,514941,买盘
2232,10:37:00,23.72,0.02,14,33208,买盘
2233,10:36:57,23.7,-0.02,45,106650,卖盘
2234,10:36:54,23.72,--,63,149436,买盘
2235,10:36:51,23.72,--,27,64044,买盘
2236,10:36:48,23.72,--,3,7116,买盘
2237,10:36:45,23.72,--,8,18976,买盘
2238,10:36:42,23.72,--,66,156552,买盘
2239,10:36:39,23.72,--,12,28464,买盘
2240,10:36:36,23.72,--,27,64044,买盘
2241,10:36:33,23.72,--,18,42696,买盘
2242,10:36:30,23.72,--,54,128088,买盘
2243,10:36:27,23.72,--,13,30836,卖盘
2244,10:36:24,23.72,--,73,173156,买盘
2245,10:36:21,23.72,0.02,121,287012,买盘
2246,10:36:18,23.7,--,2,4740,买盘
2247,10:36:15,23.7,--,109,258330,卖盘
2248,10:36:12,23.7,--,5,11850,卖盘
2249,10:36:09,23.7,-0.03,9,21330,卖盘
2250,10:36:06,23.73,0.01,80,189840,买盘
2251,10:36:03,23.72,0.02,2,4744,买盘
2252,10:36:00,23.7,-0.02,17,40290,卖盘
2253,10:35:57,23.72,--,56,132832,买盘
2254,10:35:54,23.72,--,73,173156,买盘
2255,10:35:51,23.72,--,20,47440,买盘
2256,10:35:48,23.72,0.02,13,30836,买盘
2257,10:35:45,23.7,-0.02,32,75840,卖盘
2258,10:35:42,23.72,--,90,213480,买盘
2259,10:35:39,23.72,--,4,9488,买盘
2260,10:35:36,23.72,0.02,4,9488,中性盘
2261,10:35:33,23.7,-0.03,187,443190,卖盘
2262,10:35:30,23.73,--,22,52206,买盘
2263,10:35:24,23.73,0.01,69,163737,买盘
2264,10:35:21,23.72,--,10,23720,买盘
2265,10:35:18,23.72,-0.02,2,4744,中性盘
2266,10:35:12,23.74,0.03,38,90212,买盘
2267,10:35:09,23.71,-0.01,11,26081,卖盘
2268,10:35:06,23.72,--,4,9488,买盘
2269,10:35:03,23.72,-0.02,16,37952,中性盘
2270,10:35:00,23.74,0.04,96,227903,买盘
2271,10:34:57,23.7,-0.04,2,4740,卖盘
2272,10:34:54,23.74,-0.01,6,14243,中性盘
2273,10:34:51,23.75,0.01,53,125875,买盘
2274,10:34:48,23.74,0.02,248,588752,买盘
2275,10:34:45,23.72,-0.02,5,11860,卖盘
2276,10:34:42,23.74,-0.01,13,30861,中性盘
2277,10:34:39,23.75,0.01,20,47500,买盘
2278,10:34:36,23.74,-0.01,56,132944,中性盘
2279,10:34:33,23.75,--,16,38000,买盘
2280,10:34:30,23.75,--,57,135375,卖盘
2281,10:34:27,23.75,--,43,102125,卖盘
2282,10:34:24,23.75,--,20,47500,卖盘
2283,10:34:21,23.75,0.03,147,349125,买盘
2284,10:34:18,23.72,-0.02,68,161296,卖盘
2285,10:34:15,23.74,0.04,57,135318,买盘
2286,10:34:12,23.7,-0.03,241,571170,卖盘
2287,10:34:09,23.73,0.02,364,863772,买盘
2288,10:34:06,23.71,--,147,348537,买盘
2289,10:34:03,23.71,-0.01,202,478942,卖盘
2290,10:34:00,23.72,--,33,78276,买盘
2291,10:33:57,23.72,--,88,208736,买盘
2292,10:33:54,23.72,0.01,16,37952,买盘
2293,10:33:51,23.71,--,120,284520,卖盘
2294,10:33:48,23.71,--,12,28452,卖盘
2295,10:33:45,23.71,0.02,178,422038,买盘
2296,10:33:42,23.69,-0.01,50,118450,卖盘
2297,10:33:36,23.7,--,10,23700,买盘
2298,10:33:33,23.7,--,24,56880,买盘
2299,10:33:30,23.7,--,3,7110,买盘
2300,10:33:27,23.7,--,4,9480,买盘
2301,10:33:24,23.7,--,5,11850,买盘
2302,10:33:21,23.7,0.01,51,120870,买盘
2303,10:33:18,23.69,-0.01,13,30797,中性盘
2304,10:33:15,23.7,--,12,28440,买盘
2305,10:33:12,23.7,0.01,16,37920,买盘
2306,10:33:09,23.69,--,11,26059,买盘
2307,10:33:06,23.69,--,45,106605,买盘
2308,10:33:03,23.69,--,11,26059,买盘
2309,10:33:00,23.69,--,2,4738,买盘
2310,10:32:57,23.69,0.02,10,23690,买盘
2311,10:32:54,23.67,-0.02,2,4734,中性盘
2312,10:32:51,23.69,0.01,129,305601,买盘
2313,10:32:48,23.68,0.01,14,33152,买盘
2314,10:32:45,23.67,--,10,23670,卖盘
2315,10:32:42,23.67,--,60,142020,卖盘
2316,10:32:39,23.67,0.02,97,229599,买盘
2317,10:32:36,23.65,--,2,4730,卖盘
2318,10:32:33,23.65,--,5,11825,卖盘
2319,10:32:30,23.65,0.04,289,685826,买盘
2320,10:32:27,23.61,-0.03,5,11805,卖盘
2321,10:32:24,23.64,0.01,100,236400,买盘
2322,10:32:21,23.63,--,48,113424,买盘
2323,10:32:18,23.63,--,14,33082,买盘
2324,10:32:15,23.63,0.01,109,257567,买盘
2325,10:32:12,23.62,-0.01,7,16534,卖盘
2326,10:32:06,23.63,--,8,18904,买盘
2327,10:32:03,23.63,--,8,18904,买盘
2328,10:32:00,23.63,--,15,35445,卖盘
2329,10:31:54,23.63,-0.01,37,87431,卖盘
2330,10:31:51,23.64,0.02,44,104016,买盘
2331,10:31:48,23.62,-0.01,80,188960,卖盘
2332,10:31:45,23.63,0.01,5,11815,买盘
2333,10:31:42,23.62,-0.01,22,51964,卖盘
2334,10:31:36,23.63,--,10,23630,买盘
2335,10:31:33,23.63,0.01,2,4726,买盘
2336,10:31:30,23.62,-0.01,3,7086,卖盘
2337,10:31:27,23.63,0.01,5,11815,买盘
2338,10:31:24,23.62,-0.01,25,59050,卖盘
2339,10:31:21,23.63,0.01,48,113424,买盘
2340,10:31:15,23.62,--,12,28344,卖盘
2341,10:31:12,23.62,--,3,7086,买盘
2342,10:31:09,23.62,--,6,14172,买盘
2343,10:31:06,23.62,--,9,21258,买盘
2344,10:31:03,23.62,0.01,2,4724,买盘
2345,10:30:57,23.61,-0.01,30,70830,卖盘
2346,10:30:54,23.62,-0.01,5,11810,卖盘
2347,10:30:51,23.63,0.01,57,134691,买盘
2348,10:30:48,23.62,--,13,30706,买盘
2349,10:30:45,23.62,--,36,85032,买盘
2350,10:30:39,23.62,--,8,18896,买盘
2351,10:30:33,23.62,0.01,2,4724,买盘
2352,10:30:27,23.61,--,18,42498,买盘
2353,10:30:24,23.61,--,44,103884,买盘
2354,10:30:21,23.61,--,56,132216,卖盘
2355,10:30:18,23.61,0.01,10,23610,中性盘
2356,10:30:12,23.6,--,5,11800,卖盘
2357,10:30:09,23.6,-0.02,2,4720,卖盘
2358,10:30:06,23.62,0.01,59,139358,买盘
2359,10:30:03,23.61,--,2,4722,买盘
2360,10:29:57,23.61,0.01,1,2361,买盘
2361,10:29:54,23.6,-0.01,10,23600,卖盘
2362,10:29:51,23.61,0.01,53,125133,买盘
2363,10:29:48,23.6,--,22,51920,卖盘
2364,10:29:36,23.6,-0.01,5,11800,卖盘
2365,10:29:33,23.61,0.01,12,28332,买盘
2366,10:29:27,23.6,-0.01,10,23600,卖盘
2367,10:29:24,23.61,--,15,35415,买盘
2368,10:29:21,23.61,0.01,38,89718,买盘
2369,10:29:18,23.6,0.01,8,18880,买盘
2370,10:29:15,23.59,-0.01,5,11795,卖盘
2371,10:29:09,23.6,0.01,4,9440,买盘
2372,10:29:06,23.59,--,3,7077,买盘
2373,10:29:03,23.59,0.01,2,4718,买盘
2374,10:29:00,23.58,-0.02,100,235799,卖盘
2375,10:28:51,23.6,0.01,42,99120,买盘
2376,10:28:48,23.59,--,42,99078,卖盘
2377,10:28:42,23.59,-0.01,1,2359,卖盘
2378,10:28:39,23.6,--,10,23600,买盘
2379,10:28:33,23.6,0.01,15,35400,买盘
2380,10:28:30,23.59,-0.01,1,2359,卖盘
2381,10:28:24,23.6,--,14,33040,买盘
2382,10:28:21,23.6,--,37,87320,买盘
2383,10:28:18,23.6,0.01,13,30680,买盘
2384,10:28:15,23.59,--,24,56616,卖盘
2385,10:28:06,23.59,-0.01,22,51898,卖盘
2386,10:28:03,23.6,--,3,7080,买盘
2387,10:27:57,23.6,0.01,3,7080,买盘
2388,10:27:54,23.59,-0.01,8,18872,卖盘
2389,10:27:51,23.6,--,59,139240,买盘
2390,10:27:48,23.6,0.01,14,33040,买盘
2391,10:27:45,23.59,-0.01,8,18872,卖盘
2392,10:27:39,23.6,0.01,251,592360,买盘
2393,10:27:36,23.59,--,4,9436,卖盘
2394,10:27:33,23.59,--,4,9436,买盘
2395,10:27:30,23.59,0.01,5,11795,买盘
2396,10:27:27,23.58,--,2,4716,卖盘
2397,10:27:21,23.58,-0.01,60,141480,卖盘
2398,10:27:18,23.59,--,3,7077,买盘
2399,10:27:15,23.59,-0.01,20,47180,买盘
2400,10:27:09,23.6,--,1,2360,买盘
2401,10:27:06,23.6,--,8,18880,买盘
2402,10:27:03,23.6,--,2,4720,买盘
2403,10:27:00,23.6,0.01,20,47200,买盘
2404,10:26:57,23.59,0.02,2,4718,买盘
2405,10:26:54,23.57,-0.01,30,70710,卖盘
2406,10:26:51,23.58,--,54,127331,卖盘
2407,10:26:48,23.58,--,11,25937,买盘
2408,10:26:36,23.58,0.01,3,7073,买盘
2409,10:26:33,23.57,--,9,21213,卖盘
2410,10:26:30,23.57,-0.02,3,7071,卖盘
2411,10:26:27,23.59,--,19,44821,买盘
2412,10:26:18,23.59,0.02,150,353850,买盘
2413,10:26:15,23.57,--,4,9428,卖盘
2414,10:26:09,23.57,-0.01,15,35355,卖盘
2415,10:26:06,23.58,--,8,18864,买盘
2416,10:26:03,23.58,--,2,4716,买盘
2417,10:25:57,23.58,-0.01,2,4716,中性盘
2418,10:25:51,23.59,--,6,14154,买盘
2419,10:25:48,23.59,0.02,52,122668,买盘
2420,10:25:45,23.57,-0.02,5,11785,卖盘
2421,10:25:33,23.59,0.02,4,9436,买盘
2422,10:25:27,23.57,--,1,2357,卖盘
2423,10:25:24,23.57,--,57,134349,卖盘
2424,10:25:21,23.57,-0.03,20,47140,卖盘
2425,10:25:18,23.6,0.01,43,101480,买盘
2426,10:25:12,23.59,--,12,28308,卖盘
2427,10:25:09,23.59,--,1,2359,卖盘
2428,10:25:06,23.59,-0.01,53,125027,卖盘
2429,10:25:03,23.6,--,13,30680,买盘
2430,10:25:00,23.6,0.01,2,4720,买盘
2431,10:24:57,23.59,--,31,73129,卖盘
2432,10:24:54,23.59,-0.01,119,280721,卖盘
2433,10:24:51,23.6,--,6,14160,买盘
2434,10:24:48,23.6,0.01,37,87320,买盘
2435,10:24:45,23.59,-0.01,12,28308,卖盘
2436,10:24:42,23.6,--,6,14160,买盘
2437,10:24:39,23.6,--,5,11800,卖盘
2438,10:24:36,23.6,--,8,18880,买盘
2439,10:24:33,23.6,--,12,28320,买盘
2440,10:24:30,23.6,--,3,7080,买盘
2441,10:24:27,23.6,--,7,16520,买盘
2442,10:24:24,23.6,-0.01,35,82600,中性盘
2443,10:24:18,23.61,0.01,48,113328,买盘
2444,10:24:15,23.6,-0.01,5,11800,中性盘
2445,10:24:06,23.61,--,9,21249,买盘
2446,10:24:03,23.61,--,2,4722,买盘
2447,10:24:00,23.61,--,5,11805,买盘
2448,10:23:51,23.61,--,12,28332,买盘
2449,10:23:48,23.61,0.02,37,87357,买盘
2450,10:23:45,23.59,--,20,47180,卖盘
2451,10:23:42,23.59,-0.01,2,4718,中性盘
2452,10:23:39,23.6,0.03,200,472000,买盘
2453,10:23:36,23.57,--,25,58925,卖盘
2454,10:23:27,23.57,0.01,67,157919,买盘
2455,10:23:24,23.56,--,31,73036,买盘
2456,10:23:21,23.56,-0.01,13,30628,中性盘
2457,10:23:18,23.57,0.01,55,129635,买盘
2458,10:23:12,23.56,0.01,1,2356,买盘
2459,10:23:09,23.55,--,30,70650,卖盘
2460,10:23:06,23.55,--,200,471000,卖盘
2461,10:23:00,23.55,--,7,16485,卖盘
2462,10:22:57,23.55,-0.02,2,4710,卖盘
2463,10:22:48,23.57,0.02,44,103708,买盘
2464,10:22:45,23.55,--,8,18840,卖盘
2465,10:22:33,23.55,-0.02,10,23550,卖盘
2466,10:22:24,23.57,--,20,47140,买盘
2467,10:22:18,23.57,--,80,188560,买盘
2468,10:22:15,23.57,--,1,2357,买盘
2469,10:22:09,23.57,--,5,11785,买盘
2470,10:22:06,23.57,--,12,28284,买盘
2471,10:22:03,23.57,--,20,47140,卖盘
2472,10:22:00,23.57,--,22,51854,卖盘
2473,10:21:51,23.57,--,182,428974,买盘
2474,10:21:48,23.57,0.01,43,101351,买盘
2475,10:21:45,23.56,--,52,122512,卖盘
2476,10:21:39,23.56,--,10,23560,卖盘
2477,10:21:33,23.56,--,21,49476,卖盘
2478,10:21:27,23.56,--,25,58900,卖盘
2479,10:21:24,23.56,--,5,11780,卖盘
2480,10:21:21,23.56,-0.01,4,9424,卖盘
2481,10:21:18,23.57,--,40,94280,买盘
2482,10:21:15,23.57,--,5,11785,买盘
2483,10:21:12,23.57,--,5,11785,买盘
2484,10:21:06,23.57,--,18,42426,卖盘
2485,10:21:03,23.57,--,520,1225640,卖盘
2486,10:20:57,23.57,--,15,35355,卖盘
2487,10:20:54,23.57,-0.02,12,28284,卖盘
2488,10:20:48,23.59,0.02,51,120309,买盘
2489,10:20:45,23.57,0.01,1,2357,买盘
2490,10:20:39,23.56,-0.02,15,35340,卖盘
2491,10:20:36,23.58,0.02,28,66024,买盘
2492,10:20:33,23.56,-0.02,26,61256,卖盘
2493,10:20:30,23.58,--,83,195714,卖盘
2494,10:20:27,23.58,-0.01,102,240515,卖盘
2495,10:20:24,23.59,--,23,54257,买盘
2496,10:20:21,23.59,0.01,4,9436,买盘
2497,10:20:18,23.58,-0.01,140,330120,卖盘
2498,10:20:15,23.59,--,135,318465,卖盘
2499,10:20:12,23.59,--,42,99078,卖盘
2500,10:20:09,23.59,-0.01,5,11795,卖盘
2501,10:20:03,23.6,--,4,9440,买盘
2502,10:20:00,23.6,--,1,2360,买盘
2503,10:19:57,23.6,--,163,384680,卖盘
2504,10:19:51,23.6,--,40,94400,卖盘
2505,10:19:45,23.6,0.02,301,710360,买盘
2506,10:19:42,23.58,0.01,76,179208,买盘
2507,10:19:39,23.57,--,3,7071,卖盘
2508,10:19:36,23.57,-0.01,20,47140,卖盘
2509,10:19:33,23.58,--,10,23580,买盘
2510,10:19:30,23.58,0.01,15,35370,中性盘
2511,10:19:27,23.57,-0.02,20,47140,卖盘
2512,10:19:24,23.59,0.02,100,235900,买盘
2513,10:19:21,23.57,-0.01,2,4714,卖盘
2514,10:19:18,23.58,--,36,84888,买盘
2515,10:19:15,23.58,0.01,16,37728,买盘
2516,10:19:09,23.57,--,6,14142,卖盘
2517,10:19:03,23.57,--,68,160276,卖盘
2518,10:18:57,23.57,--,28,65996,卖盘
2519,10:18:54,23.57,--,5,11785,买盘
2520,10:18:51,23.57,-0.01,11,25927,卖盘
2521,10:18:48,23.58,--,49,115541,买盘
2522,10:18:45,23.58,0.01,114,268812,中性盘
2523,10:18:36,23.57,-0.01,63,148491,卖盘
2524,10:18:33,23.58,--,7,16506,卖盘
2525,10:18:30,23.58,-0.01,1,2358,卖盘
2526,10:18:24,23.59,--,49,115591,卖盘
2527,10:18:21,23.59,-0.01,30,70770,卖盘
2528,10:18:18,23.6,0.02,55,129800,买盘
2529,10:18:09,23.58,-0.02,9,21222,卖盘
2530,10:18:06,23.6,-0.01,6,14160,中性盘
2531,10:17:57,23.61,--,6,14166,卖盘
2532,10:17:54,23.61,--,27,63747,买盘
2533,10:17:51,23.61,0.02,15,35415,买盘
2534,10:17:48,23.59,-0.03,77,181643,卖盘
2535,10:17:45,23.62,0.01,13,30706,买盘
2536,10:17:42,23.61,--,3,7083,卖盘
2537,10:17:39,23.61,0.02,186,439146,买盘
2538,10:17:36,23.59,0.01,11,25949,中性盘
2539,10:17:30,23.58,-0.03,11,25937,卖盘
2540,10:17:27,23.61,0.03,40,94440,买盘
2541,10:17:24,23.58,-0.01,78,183924,卖盘
2542,10:17:21,23.59,0.01,169,398671,中性盘
2543,10:17:18,23.58,-0.02,5,11790,卖盘
2544,10:17:15,23.6,0.02,68,160480,买盘
2545,10:17:12,23.58,--,18,42444,卖盘
2546,10:17:06,23.58,--,82,193356,卖盘
2547,10:17:03,23.58,-0.01,23,54233,卖盘
2548,10:17:00,23.59,0.01,121,285439,买盘
2549,10:16:57,23.58,--,11,25937,卖盘
2550,10:16:54,23.58,--,15,35370,买盘
2551,10:16:51,23.58,--,20,47160,买盘
2552,10:16:45,23.58,--,58,136764,买盘
2553,10:16:42,23.58,-0.01,6,14147,中性盘
2554,10:16:39,23.59,--,82,193438,买盘
2555,10:16:33,23.59,0.01,147,346773,买盘
2556,10:16:30,23.58,-0.01,9,21222,卖盘
2557,10:16:27,23.59,--,24,56616,买盘
2558,10:16:24,23.59,0.03,44,103796,买盘
2559,10:16:21,23.56,--,27,63612,卖盘
2560,10:16:18,23.56,--,183,431148,买盘
2561,10:16:15,23.56,0.01,64,150784,买盘
2562,10:16:12,23.55,-0.01,5,11775,卖盘
2563,10:16:09,23.56,0.01,29,68324,买盘
2564,10:16:03,23.55,--,112,263760,卖盘
2565,10:15:57,23.55,0.05,275,647625,买盘
2566,10:15:51,23.5,--,27,65776,买盘
2567,10:15:45,23.5,--,80,188000,卖盘
2568,10:15:39,23.5,-0.03,38,89300,卖盘
2569,10:15:30,23.53,0.01,6,14118,买盘
2570,10:15:27,23.52,-0.01,9,21168,卖盘
2571,10:15:21,23.53,0.04,49,115297,买盘
2572,10:15:18,23.49,--,2,4698,买盘
2573,10:15:15,23.49,-0.03,169,396981,卖盘
2574,10:15:09,23.52,-0.01,37,87024,卖盘
2575,10:15:03,23.53,-0.01,2,4706,买盘
2576,10:14:57,23.54,0.01,12,28248,买盘
2577,10:14:54,23.53,--,3,7059,买盘
2578,10:14:51,23.53,--,74,174122,买盘
2579,10:14:48,23.53,--,5,11765,卖盘
2580,10:14:45,23.53,0.01,105,247065,买盘
2581,10:14:42,23.52,--,53,124656,卖盘
2582,10:14:39,23.52,--,29,68208,卖盘
2583,10:14:36,23.52,0.02,182,428064,买盘
2584,10:14:33,23.5,-0.01,28,65800,买盘
2585,10:14:27,23.51,0.01,42,98742,买盘
2586,10:14:24,23.5,-0.01,2,4700,卖盘
2587,10:14:21,23.51,--,15,35265,买盘
2588,10:14:18,23.51,--,10,23510,买盘
2589,10:14:15,23.51,0.01,61,143411,买盘
2590,10:14:12,23.5,--,9,21150,买盘
2591,10:14:09,23.5,--,45,105750,卖盘
2592,10:14:06,23.5,--,9,21150,卖盘
2593,10:14:03,23.5,--,10,23500,卖盘
2594,10:14:00,23.5,--,7,16450,买盘
2595,10:13:57,23.5,--,13,30550,卖盘
2596,10:13:54,23.5,-0.02,4,9400,卖盘
2597,10:13:51,23.52,0.03,18,42336,买盘
2598,10:13:48,23.49,-0.01,7,16443,买盘
2599,10:13:45,23.5,--,67,157450,买盘
2600,10:13:39,23.5,-0.02,15,35250,买盘
2601,10:13:33,23.52,0.03,40,94080,买盘
2602,10:13:30,23.49,-0.01,6,14093,卖盘
2603,10:13:27,23.5,--,20,47000,卖盘
2604,10:13:24,23.5,--,70,164500,卖盘
2605,10:13:21,23.5,--,10,23500,中性盘
2606,10:13:18,23.5,-0.01,236,554600,卖盘
2607,10:13:15,23.51,0.01,29,68179,买盘
2608,10:13:12,23.5,--,154,361900,买盘
2609,10:13:09,23.5,0.01,106,249100,买盘
2610,10:13:06,23.49,0.01,3,7046,中性盘
2611,10:13:03,23.48,-0.01,483,1134084,卖盘
2612,10:12:57,23.49,--,4,9396,卖盘
2613,10:12:54,23.49,-0.02,4,9396,卖盘
2614,10:12:51,23.51,0.01,16,37616,买盘
2615,10:12:45,23.5,0.01,39,91650,买盘
2616,10:12:36,23.49,--,32,75168,卖盘
2617,10:12:33,23.49,0.01,4,9396,买盘
2618,10:12:30,23.48,-0.02,104,244192,卖盘
2619,10:12:27,23.5,0.01,9,21150,买盘
2620,10:12:21,23.49,-0.01,28,65772,卖盘
2621,10:12:18,23.5,--,1,2350,买盘
2622,10:12:15,23.5,0.01,53,124550,买盘
2623,10:12:12,23.49,-0.01,26,61073,中性盘
2624,10:12:06,23.5,--,40,94000,买盘
2625,10:12:03,23.5,0.01,21,49350,买盘
2626,10:12:00,23.49,-0.01,82,192618,卖盘
2627,10:11:57,23.5,--,1,2350,买盘
2628,10:11:54,23.5,-0.02,312,733200,买盘
2629,10:11:51,23.52,0.01,15,35280,买盘
2630,10:11:48,23.51,0.01,15,35265,买盘
2631,10:11:45,23.5,--,60,141000,买盘
2632,10:11:42,23.5,--,77,180950,卖盘
2633,10:11:36,23.5,--,59,138650,卖盘
2634,10:11:33,23.5,-0.02,48,112800,卖盘
2635,10:11:30,23.52,0.02,172,404544,买盘
2636,10:11:27,23.5,0.01,116,272600,买盘
2637,10:11:24,23.49,0.01,23,54027,中性盘
2638,10:11:21,23.48,--,26,61048,卖盘
2639,10:11:15,23.48,--,33,77484,卖盘
2640,10:11:12,23.48,-0.01,25,58700,卖盘
2641,10:11:03,23.49,--,29,68121,买盘
2642,10:10:57,23.49,0.01,41,96309,买盘
2643,10:10:54,23.48,--,6,14088,卖盘
2644,10:10:51,23.48,--,5,11740,卖盘
2645,10:10:48,23.48,-0.01,2,4696,卖盘
2646,10:10:42,23.49,0.01,38,89262,买盘
2647,10:10:36,23.48,--,21,49308,买盘
2648,10:10:33,23.48,--,7,16436,买盘
2649,10:10:30,23.48,--,49,115052,买盘
2650,10:10:27,23.48,--,1,2348,买盘
2651,10:10:24,23.48,--,118,277064,买盘
2652,10:10:18,23.48,-0.01,47,110356,卖盘
2653,10:10:15,23.49,--,19,44631,买盘
2654,10:10:03,23.49,0.02,33,77517,买盘
2655,10:10:00,23.47,--,4,9388,卖盘
2656,10:09:57,23.47,0.01,113,265211,买盘
2657,10:09:48,23.46,-0.01,14,32844,中性盘
2658,10:09:42,23.47,--,11,25817,买盘
2659,10:09:36,23.47,0.03,42,98574,买盘
2660,10:09:33,23.44,--,1,2344,卖盘
2661,10:09:30,23.44,--,206,482864,卖盘
2662,10:09:27,23.44,--,5,11720,卖盘
2663,10:09:24,23.44,--,116,271904,买盘
2664,10:09:21,23.44,0.01,12,28128,买盘
2665,10:09:18,23.43,--,5,11715,卖盘
2666,10:09:15,23.43,--,44,103092,买盘
2667,10:09:12,23.43,--,23,53889,买盘
2668,10:09:09,23.43,--,108,253044,买盘
2669,10:09:06,23.43,0.01,71,166353,买盘
2670,10:09:03,23.42,-0.01,5,11710,卖盘
2671,10:09:00,23.43,-0.01,26,60918,买盘
2672,10:08:57,23.44,0.02,11,25784,买盘
2673,10:08:54,23.42,-0.01,111,259962,卖盘
2674,10:08:51,23.43,0.01,13,30459,买盘
2675,10:08:48,23.42,-0.02,5,11710,卖盘
2676,10:08:42,23.44,0.02,17,39848,买盘
2677,10:08:39,23.42,-0.02,25,58550,买盘
2678,10:08:36,23.44,0.02,60,140640,买盘
2679,10:08:33,23.42,--,10,23420,买盘
2680,10:08:30,23.42,-0.01,282,660444,卖盘
2681,10:08:24,23.43,-0.01,1,2343,卖盘
2682,10:08:15,23.44,0.02,11,25784,买盘
2683,10:08:12,23.42,--,11,25762,卖盘
2684,10:08:09,23.42,--,10,23420,买盘
2685,10:08:06,23.42,0.01,30,70260,买盘
2686,10:08:03,23.41,-0.01,3,7023,中性盘
2687,10:08:00,23.42,0.03,27,63234,买盘
2688,10:07:54,23.39,-0.02,100,233900,卖盘
2689,10:07:51,23.41,0.01,1,2341,中性盘
2690,10:07:45,23.4,0.02,1,2340,买盘
2691,10:07:36,23.38,0.01,2,4676,中性盘
2692,10:07:33,23.37,-0.01,22,51414,卖盘
2693,10:07:27,23.38,0.01,73,170674,买盘
2694,10:07:21,23.37,0.03,21,49077,买盘
2695,10:07:15,23.34,--,21,49014,买盘
2696,10:07:12,23.34,--,4,9336,卖盘
2697,10:07:09,23.34,--,10,23340,卖盘
2698,10:07:00,23.34,0.01,117,273078,买盘
2699,10:06:51,23.33,-0.01,20,46660,卖盘
2700,10:06:45,23.34,0.01,14,32676,买盘
2701,10:06:42,23.33,--,2,4666,卖盘
2702,10:06:30,23.33,0.01,25,58324,买盘
2703,10:06:27,23.32,-0.01,48,111936,卖盘
2704,10:06:15,23.33,--,14,32661,买盘
2705,10:06:09,23.33,--,50,116649,买盘
2706,10:06:06,23.33,--,2,4666,买盘
2707,10:05:54,23.33,0.01,27,62990,买盘
2708,10:05:42,23.32,--,15,34980,卖盘
2709,10:05:06,23.32,-0.01,7,16324,卖盘
2710,10:04:54,23.33,--,2,4666,买盘
2711,10:04:48,23.33,--,8,18664,买盘
2712,10:04:45,23.33,0.01,24,55991,买盘
2713,10:04:42,23.32,-0.01,18,41976,卖盘
2714,10:04:39,23.33,-0.01,19,44327,卖盘
2715,10:04:33,23.34,--,6,14004,买盘
2716,10:04:30,23.34,-0.01,13,30342,卖盘
2717,10:04:27,23.35,--,1,2335,买盘
2718,10:04:18,23.35,0.02,2,4670,买盘
2719,10:04:15,23.33,-0.02,127,296291,卖盘
2720,10:04:09,23.35,--,2,4670,买盘
2721,10:04:06,23.35,--,7,16345,买盘
2722,10:04:03,23.35,--,1,2335,买盘
2723,10:04:00,23.35,--,1,2335,买盘
2724,10:03:57,23.35,--,3,7005,买盘
2725,10:03:54,23.35,--,4,9340,买盘
2726,10:03:51,23.35,-0.02,78,182130,卖盘
2727,10:03:48,23.37,0.01,5,11685,买盘
2728,10:03:42,23.36,-0.01,5,11680,卖盘
2729,10:03:39,23.37,--,23,53751,买盘
2730,10:03:36,23.37,0.01,38,88806,买盘
2731,10:03:27,23.36,0.02,52,121472,买盘
2732,10:03:18,23.34,-0.01,10,23340,卖盘
2733,10:03:15,23.35,--,5,11675,买盘
2734,10:03:09,23.35,0.02,10,23350,买盘
2735,10:03:03,23.33,--,3,6998,卖盘
2736,10:02:57,23.33,--,20,46660,卖盘
2737,10:02:51,23.33,--,5,11665,卖盘
2738,10:02:48,23.33,--,166,387278,买盘
2739,10:02:42,23.33,0.01,38,88654,买盘
2740,10:02:39,23.32,-0.01,5,11660,中性盘
2741,10:02:36,23.33,0.02,150,349950,买盘
2742,10:02:21,23.31,--,35,81585,买盘
2743,10:02:15,23.31,0.01,16,37296,买盘
2744,10:02:09,23.3,--,41,95530,买盘
2745,10:02:06,23.3,0.02,33,76890,买盘
2746,10:02:03,23.28,-0.02,7,16296,卖盘
2747,10:01:48,23.3,0.02,31,72230,买盘
2748,10:01:42,23.28,0.01,121,282805,买盘
2749,10:01:39,23.27,-0.01,6,13962,卖盘
2750,10:01:33,23.28,--,10,23280,买盘
2751,10:01:27,23.28,0.01,17,39576,买盘
2752,10:01:21,23.27,0.01,80,186160,买盘
2753,10:01:18,23.26,-0.01,2,4652,卖盘
2754,10:01:00,23.27,--,12,27924,买盘
2755,10:00:54,23.27,--,39,90753,买盘
2756,10:00:48,23.27,--,2,4654,买盘
2757,10:00:36,23.27,0.01,10,23270,买盘
2758,10:00:30,23.26,-0.01,20,46520,卖盘
2759,10:00:27,23.27,0.01,20,46540,买盘
2760,10:00:21,23.26,--,88,204688,卖盘
2761,10:00:06,23.26,-0.01,10,23260,卖盘
2762,10:00:03,23.27,--,5,11635,买盘
2763,09:59:57,23.27,0.01,5,11635,买盘
2764,09:59:24,23.26,-0.01,4,9304,卖盘
2765,09:59:21,23.27,0.01,10,23270,买盘
2766,09:59:12,23.26,--,11,25586,卖盘
2767,09:59:09,23.26,--,1,2326,卖盘
2768,09:58:57,23.26,--,26,60476,买盘
2769,09:58:54,23.26,0.01,1,2326,买盘
2770,09:58:51,23.25,--,21,48825,卖盘
2771,09:58:45,23.25,--,5,11625,卖盘
2772,09:58:42,23.25,--,7,16275,卖盘
2773,09:58:39,23.25,-0.01,20,46500,卖盘
2774,09:58:36,23.26,--,1,2326,买盘
2775,09:58:30,23.26,0.01,5,11630,买盘
2776,09:58:09,23.25,0.01,9,20925,买盘
2777,09:58:03,23.24,--,2,4648,卖盘
2778,09:57:54,23.24,0.01,2,4648,中性盘
2779,09:57:42,23.23,--,1,2323,卖盘
2780,09:57:39,23.23,--,20,46460,卖盘
2781,09:57:30,23.23,0.01,20,46460,中性盘
2782,09:57:06,23.22,-0.04,10,23220,卖盘
2783,09:56:48,23.26,--,3,6978,买盘
2784,09:56:45,23.26,-0.01,13,30238,中性盘
2785,09:56:39,23.27,0.01,50,116350,买盘
2786,09:56:36,23.26,--,13,30238,买盘
2787,09:56:30,23.26,0.04,50,116300,买盘
2788,09:56:24,23.22,-0.03,15,34830,卖盘
2789,09:56:12,23.25,0.03,12,27900,买盘
2790,09:56:06,23.22,-0.02,11,25542,卖盘
2791,09:55:57,23.24,0.02,34,79016,买盘
2792,09:55:51,23.22,0.01,25,58050,卖盘
2793,09:55:48,23.21,-0.01,15,34815,卖盘
2794,09:55:45,23.22,--,6,13932,买盘
2795,09:55:39,23.22,--,12,27864,买盘
2796,09:55:33,23.22,-0.03,25,58050,卖盘
2797,09:55:18,23.25,--,35,81375,买盘
2798,09:55:15,23.25,--,2,4650,买盘
2799,09:55:12,23.25,-0.01,125,290625,卖盘
2800,09:55:03,23.26,--,21,48846,买盘
2801,09:55:00,23.26,--,10,23260,买盘
2802,09:54:57,23.26,--,59,137234,卖盘
2803,09:54:54,23.26,-0.02,2,4652,卖盘
2804,09:54:45,23.28,0.02,10,23280,买盘
