,time,price,change,volume,amount,type
0,15:00:00,257.77,--,0,0,卖盘
1,14:59:59,257.77,-0.03,0,0,卖盘
2,14:59:59,257.8,--,3,77340,卖盘
3,14:59:55,257.8,0.1,28,734730,买盘
4,14:59:50,257.7,0.17,1,25770,买盘
5,14:59:45,257.53,-0.17,6,162243,卖盘
6,14:59:35,257.7,--,1,25770,买盘
7,14:59:30,257.7,--,8,206160,卖盘
8,14:59:25,257.7,-0.1,52,1340040,卖盘
9,14:59:20,257.8,-0.04,20,515600,中性盘
10,14:59:15,257.84,0.07,21,541464,买盘
11,14:59:05,257.77,0.27,7,180439,买盘
12,14:59:00,257.5,-0.18,1,25750,卖盘
13,14:58:50,257.68,0.18,6,158988,买盘
14,14:58:45,257.5,0.32,17,437750,买盘
15,14:58:40,257.18,-0.17,9,231462,卖盘
16,14:58:35,257.35,0.07,2,51470,卖盘
17,14:58:30,257.28,0.13,4,102911,买盘
18,14:58:25,257.15,--,7,204434,买盘
19,14:58:15,257.15,-0.13,2,52715,卖盘
20,14:58:09,257.28,-0.17,11,283007,卖盘
21,14:58:05,257.45,0.19,9,231705,买盘
22,14:58:00,257.26,0.11,42,1098757,买盘
23,14:57:54,257.15,-0.05,21,540015,卖盘
24,14:57:45,257.2,0.05,6,154320,买盘
25,14:57:39,257.15,--,7,183605,卖盘
26,14:57:25,257.15,0.07,105,2702646,买盘
27,14:57:15,257.08,0.01,2,51416,买盘
28,14:57:10,257.07,-0.01,6,177378,卖盘
29,14:57:05,257.08,-0.07,12,308496,卖盘
30,14:57:00,257.15,0.07,12,308580,买盘
31,14:56:54,257.08,-0.02,2,53986,卖盘
32,14:56:50,257.1,--,1,25710,买盘
33,14:56:45,257.1,0.01,7,179970,买盘
34,14:56:40,257.09,-0.01,1,25708,卖盘
35,14:56:30,257.1,--,6,154260,买盘
36,14:56:25,257.1,0.02,5,128550,买盘
37,14:56:15,257.08,0.01,1,25708,中性盘
38,14:56:09,257.07,-0.01,7,179949,卖盘
39,14:56:05,257.08,--,2,51416,卖盘
40,14:56:00,257.08,-0.01,13,334204,卖盘
41,14:55:55,257.09,-0.08,14,359925,卖盘
42,14:55:50,257.17,--,0,0,买盘
43,14:55:45,257.17,0.08,36,925812,买盘
44,14:55:39,257.09,0.01,5,128544,卖盘
45,14:55:35,257.08,-0.01,6,154248,卖盘
46,14:55:30,257.09,--,1,25708,买盘
47,14:55:25,257.09,0.01,6,154253,买盘
48,14:55:20,257.08,-0.01,3,77124,卖盘
49,14:55:15,257.09,--,2,51417,买盘
50,14:55:09,257.09,-0.01,3,77126,中性盘
51,14:55:05,257.1,--,16,411360,买盘
52,14:55:00,257.1,--,2,51420,买盘
53,14:54:45,257.1,--,4,102840,买盘
54,14:54:39,257.1,--,1,25710,买盘
55,14:54:35,257.1,--,0,0,中性盘
56,14:54:30,257.1,-0.01,2,51420,卖盘
57,14:54:24,257.11,0.03,1,25711,中性盘
58,14:54:20,257.08,--,0,0,卖盘
59,14:54:15,257.08,-0.09,11,282788,卖盘
60,14:54:09,257.17,0.08,10,257170,买盘
61,14:54:05,257.09,-0.01,1,25708,卖盘
62,14:54:00,257.1,--,8,205680,买盘
63,14:53:54,257.1,--,10,257100,中性盘
64,14:53:45,257.1,-0.01,13,334230,卖盘
65,14:53:39,257.11,-0.03,2,51422,卖盘
66,14:53:34,257.14,-0.03,2,51428,买盘
67,14:53:30,257.17,--,1,25717,买盘
68,14:53:24,257.17,--,17,437189,卖盘
69,14:53:09,257.17,--,1,25717,卖盘
70,14:52:54,257.17,--,3,77151,卖盘
71,14:52:50,257.17,0.06,9,231453,买盘
72,14:52:45,257.11,0.01,19,488509,买盘
73,14:52:39,257.1,--,1,25710,卖盘
74,14:52:35,257.1,-0.01,3,77130,卖盘
75,14:52:30,257.11,--,1,25711,买盘
76,14:52:24,257.11,--,2,51422,买盘
77,14:52:15,257.11,--,0,0,中性盘
78,14:52:09,257.11,-0.04,2,51422,卖盘
79,14:52:03,257.15,--,0,0,买盘
80,14:51:58,257.15,-0.05,2,51429,卖盘
81,14:51:54,257.2,--,0,0,买盘
82,14:51:48,257.2,0.04,2,51440,买盘
83,14:51:39,257.16,-0.04,2,51432,卖盘
84,14:51:18,257.2,-0.01,10,269802,卖盘
85,14:51:14,257.21,0.01,5,128604,买盘
86,14:51:09,257.2,--,5,128600,卖盘
87,14:51:03,257.2,-0.01,4,102880,卖盘
88,14:50:54,257.21,0.01,1,25720,买盘
89,14:50:48,257.2,--,6,154320,卖盘
90,14:50:44,257.2,--,0,0,卖盘
91,14:50:39,257.2,--,8,205760,卖盘
92,14:50:33,257.2,-0.06,89,2289080,卖盘
93,14:50:24,257.26,--,1,25726,买盘
94,14:50:18,257.26,0.03,6,154356,买盘
95,14:50:14,257.23,--,1,25723,卖盘
96,14:50:09,257.23,--,1,25723,卖盘
97,14:50:03,257.23,--,2,51446,卖盘
98,14:49:48,257.23,0.01,3,77169,买盘
99,14:49:39,257.22,-0.07,21,540162,卖盘
100,14:49:33,257.29,0.06,10,257290,买盘
101,14:49:28,257.23,--,0,0,卖盘
102,14:49:24,257.23,-0.03,4,102892,卖盘
103,14:49:18,257.26,--,0,0,买盘
104,14:49:14,257.26,0.03,3,77178,买盘
105,14:49:09,257.23,--,31,797413,买盘
106,14:49:03,257.23,0.01,2,51446,买盘
107,14:48:54,257.22,--,0,0,卖盘
108,14:48:48,257.22,-0.01,14,360108,卖盘
109,14:48:39,257.23,-0.06,2,51446,卖盘
110,14:48:29,257.29,--,1,25729,买盘
111,14:48:24,257.29,--,10,257290,买盘
112,14:48:18,257.29,--,12,308748,买盘
113,14:48:09,257.29,--,1,25729,买盘
114,14:48:03,257.29,--,5,128645,买盘
115,14:47:59,257.29,--,3,77187,买盘
116,14:47:54,257.29,--,6,154374,买盘
117,14:47:48,257.29,-0.04,23,591767,卖盘
118,14:47:44,257.33,--,0,0,中性盘
119,14:47:39,257.33,--,11,283063,卖盘
120,14:47:33,257.33,--,4,102932,卖盘
121,14:47:29,257.33,--,3,77199,买盘
122,14:47:23,257.33,0.04,2,51466,买盘
123,14:47:18,257.29,-0.04,4,102916,卖盘
124,14:47:14,257.33,--,0,0,买盘
125,14:47:09,257.33,--,5,128664,买盘
126,14:47:03,257.33,0.04,2,51466,买盘
127,14:46:48,257.29,--,0,0,卖盘
128,14:46:43,257.29,-0.04,3,77187,卖盘
129,14:46:33,257.33,0.04,2,51466,买盘
130,14:46:18,257.29,--,0,0,买盘
131,14:46:14,257.29,0.04,7,180103,买盘
132,14:46:08,257.25,--,2,51450,买盘
133,14:45:59,257.25,0.01,5,128625,买盘
134,14:45:53,257.24,--,3,77172,卖盘
135,14:45:42,257.24,0.04,1,25724,卖盘
136,14:45:38,257.2,--,0,0,卖盘
137,14:45:33,257.2,--,12,308640,卖盘
138,14:45:27,257.2,--,1,25720,卖盘
139,14:45:18,257.2,--,8,218877,卖盘
140,14:45:12,257.2,--,4,102880,卖盘
141,14:44:57,257.2,--,13,334360,买盘
142,14:44:52,257.2,--,25,643000,买盘
143,14:44:48,257.2,--,1,25720,买盘
144,14:44:42,257.2,--,8,205760,买盘
145,14:44:27,257.2,0.04,7,180040,买盘
146,14:44:22,257.16,-0.03,1,25716,卖盘
147,14:44:12,257.19,-0.01,4,102876,卖盘
148,14:44:08,257.2,-0.05,10,257200,买盘
149,14:43:57,257.25,-0.08,1,25725,买盘
150,14:43:48,257.33,0.06,61,1582322,买盘
151,14:43:42,257.27,--,0,0,中性盘
152,14:43:23,257.27,--,0,0,中性盘
153,14:43:18,257.27,0.02,1,25727,买盘
154,14:43:12,257.25,--,0,0,卖盘
155,14:43:07,257.25,--,1,25725,卖盘
156,14:43:03,257.25,0.01,2,61740,卖盘
157,14:42:53,257.24,0.08,2,54277,买盘
158,14:42:42,257.16,-0.04,6,177183,卖盘
159,14:42:38,257.2,--,0,2829,卖盘
160,14:42:33,257.2,0.04,7,180040,买盘
161,14:42:18,257.16,--,0,0,卖盘
162,14:42:12,257.16,0.07,1,25716,卖盘
163,14:42:07,257.09,--,0,0,中性盘
164,14:42:03,257.09,--,12,308507,买盘
165,14:41:57,257.09,-0.03,5,128544,买盘
166,14:41:42,257.12,0.03,4,102848,买盘
167,14:41:22,257.09,0.04,7,179962,买盘
168,14:41:12,257.05,--,0,0,卖盘
169,14:41:02,257.05,0.03,9,231345,买盘
170,14:40:48,257.02,0.02,6,169633,买盘
171,14:40:42,257.0,-0.02,16,421480,卖盘
172,14:40:27,257.02,--,0,0,卖盘
173,14:40:22,257.02,0.02,11,298143,买盘
174,14:40:18,257.0,--,4,102800,买盘
175,14:40:02,257.0,--,0,10280,卖盘
176,14:39:57,257.0,-0.12,8,205600,卖盘
177,14:39:42,257.12,-0.05,9,231408,买盘
178,14:39:27,257.17,--,0,0,买盘
179,14:39:21,257.17,0.07,5,128585,买盘
180,14:39:18,257.1,-0.07,4,102840,卖盘
181,14:39:12,257.17,--,3,77151,买盘
182,14:39:03,257.17,-0.02,2,51434,买盘
183,14:38:57,257.19,-0.01,2,51438,卖盘
184,14:38:36,257.2,0.06,1,25720,买盘
185,14:38:27,257.14,--,0,0,卖盘
186,14:38:21,257.14,--,2,51428,买盘
187,14:38:02,257.14,-0.33,2,51428,买盘
188,14:37:57,257.47,0.36,10,257470,买盘
189,14:37:51,257.11,0.01,1,25711,买盘
190,14:37:42,257.1,--,8,205680,买盘
191,14:37:36,257.1,--,1,25710,买盘
192,14:37:31,257.1,--,0,0,买盘
193,14:37:21,257.1,0.1,3,77130,买盘
194,14:37:12,257.0,-0.1,12,308400,卖盘
195,14:37:02,257.1,0.1,5,128550,买盘
196,14:36:57,257.0,--,4,102800,卖盘
197,14:36:36,257.0,-0.08,54,1387800,卖盘
198,14:36:32,257.08,0.07,3,77124,买盘
199,14:36:21,257.01,-0.07,13,334113,卖盘
200,14:36:17,257.08,--,0,0,买盘
201,14:36:12,257.08,0.06,8,205664,买盘
202,14:36:06,257.02,-0.06,9,231317,卖盘
203,14:36:02,257.08,0.05,10,257079,买盘
204,14:35:57,257.03,-0.05,1,25702,卖盘
205,14:35:51,257.08,-0.02,2,51416,卖盘
206,14:35:42,257.1,--,1,25710,买盘
207,14:35:36,257.1,--,1,25710,买盘
208,14:35:32,257.1,--,1,25710,买盘
209,14:35:27,257.1,--,0,0,买盘
210,14:35:17,257.1,0.05,3,77130,买盘
211,14:35:12,257.05,-0.05,4,102820,卖盘
212,14:35:06,257.1,--,5,128550,买盘
213,14:34:51,257.1,--,1,25710,买盘
214,14:34:46,257.1,--,4,102840,买盘
215,14:34:42,257.1,--,4,102840,买盘
216,14:34:31,257.1,0.02,4,102840,买盘
217,14:34:26,257.08,--,11,282788,买盘
218,14:34:21,257.08,--,0,0,买盘
219,14:34:16,257.08,0.04,4,102832,买盘
220,14:34:06,257.04,-0.06,8,205632,卖盘
221,14:34:01,257.1,--,0,0,买盘
222,14:33:41,257.1,--,0,0,买盘
223,14:33:36,257.1,0.04,7,179970,买盘
224,14:33:26,257.06,0.03,4,115677,买盘
225,14:33:21,257.03,-0.03,12,308435,卖盘
226,14:33:11,257.06,--,6,154236,买盘
227,14:33:01,257.06,--,1,25706,买盘
228,14:32:51,257.06,--,2,51412,买盘
229,14:32:45,257.06,0.01,8,205648,买盘
230,14:32:41,257.05,-0.01,2,51410,卖盘
231,14:32:30,257.06,-0.14,12,308472,卖盘
232,14:32:26,257.2,--,0,0,中性盘
233,14:32:06,257.2,0.14,2,51440,中性盘
234,14:32:00,257.06,-0.16,5,128530,卖盘
235,14:31:56,257.22,--,2,51444,卖盘
236,14:31:51,257.22,-0.01,5,128610,卖盘
237,14:31:41,257.23,--,1,25723,买盘
238,14:31:36,257.23,--,5,128615,买盘
239,14:31:30,257.23,--,3,77169,买盘
240,14:31:15,257.23,-0.02,3,77169,卖盘
241,14:31:06,257.25,-0.01,2,51450,卖盘
242,14:30:56,257.26,--,2,51452,卖盘
243,14:30:26,257.26,-0.04,2,51452,卖盘
244,14:30:21,257.3,-0.08,6,154380,卖盘
245,14:30:11,257.38,0.12,5,128690,买盘
246,14:30:00,257.26,-0.12,1,25726,卖盘
247,14:29:45,257.38,--,2,51476,买盘
248,14:29:41,257.38,--,2,51476,买盘
249,14:29:36,257.38,--,1,25738,买盘
250,14:29:30,257.38,0.12,3,77214,买盘
251,14:29:26,257.26,--,0,0,卖盘
252,14:29:21,257.26,--,0,0,卖盘
253,14:29:00,257.26,-0.23,4,102904,卖盘
254,14:28:51,257.49,0.2,3,77247,买盘
255,14:28:45,257.29,-0.03,2,51458,卖盘
256,14:28:41,257.32,-0.17,3,77196,卖盘
257,14:28:36,257.49,--,0,0,买盘
258,14:28:21,257.49,--,1,25749,中性盘
259,14:28:15,257.49,--,9,231741,买盘
260,14:28:11,257.49,--,0,0,买盘
261,14:28:00,257.49,--,0,0,买盘
262,14:27:56,257.49,0.04,2,51498,买盘
263,14:27:51,257.45,--,0,0,中性盘
264,14:27:45,257.45,-0.05,6,154470,中性盘
265,14:27:36,257.5,--,1,25750,买盘
266,14:27:30,257.5,--,3,77250,买盘
267,14:27:26,257.5,0.25,6,154500,买盘
268,14:27:20,257.25,--,0,0,卖盘
269,14:27:00,257.25,--,0,0,中性盘
270,14:26:50,257.25,--,2,51450,卖盘
271,14:26:45,257.25,-0.25,1,25725,买盘
272,14:26:35,257.5,--,0,0,买盘
273,14:26:30,257.5,--,2,51500,买盘
274,14:26:24,257.5,0.04,3,77250,买盘
275,14:26:20,257.46,-0.02,6,154476,卖盘
276,14:26:15,257.48,0.18,3,77244,买盘
277,14:26:05,257.3,--,1,25730,买盘
278,14:26:00,257.3,0.08,31,797630,买盘
279,14:25:45,257.22,0.06,3,77166,买盘
280,14:25:39,257.16,0.1,1,25716,卖盘
281,14:25:35,257.06,--,0,0,卖盘
282,14:25:30,257.06,--,0,0,卖盘
283,14:25:20,257.06,--,0,0,中性盘
284,14:25:15,257.06,0.01,1,25706,买盘
285,14:25:05,257.05,0.02,8,205640,买盘
286,14:25:00,257.03,--,2,51405,买盘
287,14:24:54,257.03,--,2,51405,买盘
288,14:24:45,257.03,--,1,25702,卖盘
289,14:24:30,257.03,--,0,0,卖盘
290,14:24:24,257.03,-0.16,1,25702,卖盘
291,14:24:15,257.19,--,5,128595,买盘
292,14:24:09,257.19,0.01,1,25719,买盘
293,14:24:05,257.18,-0.01,14,360052,卖盘
294,14:23:39,257.19,--,1,25719,买盘
295,14:23:09,257.19,--,2,51438,买盘
296,14:22:54,257.19,0.01,1,25719,买盘
297,14:22:50,257.18,0.12,4,102872,卖盘
298,14:22:38,257.06,--,2,51412,卖盘
299,14:22:30,257.06,0.02,1,25706,卖盘
300,14:22:24,257.04,--,0,0,卖盘
301,14:22:19,257.04,--,7,179928,买盘
302,14:22:15,257.04,-0.16,1,25704,卖盘
303,14:22:09,257.2,0.18,6,154320,买盘
304,14:22:04,257.02,-0.18,29,745358,卖盘
305,14:22:00,257.2,0.15,11,282920,买盘
306,14:21:45,257.05,--,1,25705,买盘
307,14:21:24,257.05,-0.05,6,154230,买盘
308,14:21:15,257.1,0.06,7,179970,买盘
309,14:21:09,257.04,-0.14,7,179928,卖盘
310,14:21:05,257.18,-0.08,1,25718,卖盘
311,14:21:00,257.26,--,0,0,买盘
312,14:20:24,257.26,--,0,0,买盘
313,14:20:15,257.26,--,0,0,买盘
314,14:20:09,257.26,-0.04,1,25726,买盘
315,14:19:54,257.3,--,0,0,买盘
316,14:19:39,257.3,-0.06,0,23157,卖盘
317,14:19:32,257.36,-0.04,1,25736,中性盘
318,14:19:29,257.4,0.1,1,25739,卖盘
319,14:19:24,257.3,--,0,0,卖盘
320,14:18:54,257.3,--,0,0,卖盘
321,14:18:44,257.3,-0.24,0,2573,卖盘
322,14:18:39,257.54,0.06,1,25754,中性盘
323,14:18:18,257.48,--,0,0,中性盘
324,14:18:09,257.48,-0.1,1,25748,卖盘
325,14:18:02,257.58,--,15,386370,买盘
326,14:17:44,257.58,--,0,0,买盘
327,14:17:39,257.58,--,1,25758,买盘
328,14:17:29,257.58,--,3,77274,买盘
329,14:17:18,257.58,-0.15,1,25758,卖盘
330,14:17:03,257.73,-0.01,1,47164,卖盘
331,14:16:59,257.74,--,0,4381,卖盘
332,14:16:53,257.74,0.26,1,25774,买盘
333,14:16:48,257.48,--,0,0,卖盘
334,14:16:39,257.48,--,3,77244,买盘
335,14:16:33,257.48,--,1,25748,买盘
336,14:16:24,257.48,--,1,25748,买盘
337,14:16:03,257.48,-0.3,5,128740,买盘
338,14:15:54,257.78,0.5,31,799117,买盘
339,14:15:39,257.28,--,0,0,中性盘
340,14:15:32,257.28,0.07,6,154367,买盘
341,14:15:29,257.21,0.01,6,154326,买盘
342,14:14:43,257.2,0.18,1,25720,买盘
343,14:14:39,257.02,-0.07,8,205616,卖盘
344,14:14:33,257.09,--,0,0,卖盘
345,14:14:28,257.09,--,1,25708,买盘
346,14:14:23,257.09,0.07,2,51417,买盘
347,14:14:08,257.02,--,4,102808,卖盘
348,14:13:53,257.02,--,11,285292,买盘
349,14:13:48,257.02,-0.19,26,691383,卖盘
350,14:13:43,257.21,0.01,2,51441,买盘
351,14:13:27,257.2,-0.01,1,25720,卖盘
352,14:13:23,257.21,0.01,2,51441,买盘
353,14:13:18,257.2,--,1,25720,卖盘
354,14:13:12,257.2,--,1,25720,卖盘
355,14:13:03,257.2,--,2,54012,卖盘
356,14:12:53,257.2,0.02,9,231480,买盘
357,14:12:48,257.18,--,5,128590,买盘
358,14:12:38,257.18,0.1,2,51436,买盘
359,14:12:27,257.08,0.06,3,77124,中性盘
360,14:12:23,257.02,-0.16,2,51404,卖盘
361,14:11:57,257.18,--,4,102872,卖盘
362,14:11:53,257.18,0.06,2,51436,中性盘
363,14:11:42,257.12,-0.01,1,25712,卖盘
364,14:11:32,257.13,-0.1,3,77139,卖盘
365,14:11:27,257.23,-0.04,2,51446,卖盘
366,14:11:18,257.27,--,1,25727,买盘
367,14:11:08,257.27,0.04,1,25727,买盘
368,14:11:03,257.23,-0.04,1,25723,卖盘
369,14:10:53,257.27,0.14,1,25727,买盘
370,14:10:48,257.13,-0.09,1,25713,中性盘
371,14:10:33,257.22,-0.01,2,51444,买盘
372,14:10:03,257.23,-0.01,1,25723,买盘
373,14:09:56,257.24,0.06,5,128620,买盘
374,14:09:53,257.18,--,0,0,中性盘
375,14:09:48,257.18,--,0,0,中性盘
376,14:09:41,257.18,--,0,0,中性盘
377,14:09:26,257.18,0.09,1,25718,卖盘
378,14:09:11,257.09,--,0,0,卖盘
379,14:09:03,257.09,-0.18,10,257089,买盘
380,14:08:33,257.27,--,0,0,买盘
381,14:08:27,257.27,0.26,2,51454,买盘
382,14:08:23,257.01,--,2,51402,卖盘
383,14:08:11,257.01,--,0,0,卖盘
384,14:08:03,257.01,--,0,0,卖盘
385,14:07:53,257.01,--,0,0,卖盘
386,14:07:42,257.01,--,0,0,中性盘
387,14:07:37,257.01,--,6,154206,卖盘
388,14:07:26,257.01,0.01,8,205608,买盘
389,14:07:23,257.0,--,1,25700,卖盘
390,14:07:17,257.0,--,2,51400,卖盘
391,14:07:08,257.0,-0.01,1,25700,卖盘
392,14:07:02,257.01,-0.01,8,205608,买盘
393,14:06:56,257.02,0.02,5,128509,买盘
394,14:06:50,257.0,-0.02,2,51400,卖盘
395,14:06:47,257.02,0.01,2,51404,买盘
396,14:06:41,257.01,-0.01,4,102804,卖盘
397,14:06:35,257.02,0.01,10,257019,买盘
398,14:06:27,257.01,-0.01,1,25701,卖盘
399,14:06:20,257.02,--,5,128509,买盘
400,14:06:17,257.02,0.01,4,102808,买盘
401,14:06:11,257.01,-0.01,1,25701,卖盘
402,14:06:05,257.02,-0.08,29,745358,卖盘
403,14:06:02,257.1,--,2,51420,买盘
404,14:05:56,257.1,--,8,205680,卖盘
405,14:05:47,257.1,0.06,6,154260,卖盘
406,14:05:41,257.04,--,0,0,卖盘
407,14:05:32,257.04,-0.02,18,462672,卖盘
408,14:05:26,257.06,-0.14,11,282766,卖盘
409,14:05:20,257.2,--,10,257200,买盘
410,14:05:11,257.2,-0.02,2,51440,卖盘
411,14:05:05,257.22,0.17,1,25722,卖盘
412,14:05:02,257.05,--,0,0,卖盘
413,14:04:56,257.05,0.01,13,334165,卖盘
414,14:04:41,257.04,-0.16,2,51408,卖盘
415,14:04:35,257.2,--,2,51440,卖盘
416,14:04:32,257.2,-0.33,2,51440,卖盘
417,14:04:26,257.53,--,14,360541,买盘
418,14:04:20,257.53,0.33,3,77258,买盘
419,14:04:17,257.2,--,0,0,卖盘
420,14:04:11,257.2,-0.3,2,51440,卖盘
421,14:04:06,257.5,-0.11,24,618000,卖盘
422,14:04:02,257.61,0.01,8,206088,中性盘
423,14:03:57,257.6,-0.06,18,463680,卖盘
424,14:03:41,257.66,-0.02,9,231894,卖盘
425,14:03:32,257.68,0.02,1,25768,卖盘
426,14:03:26,257.66,--,0,0,卖盘
427,14:03:17,257.66,-0.33,5,128830,卖盘
428,14:03:11,257.99,--,0,0,买盘
429,14:02:56,257.99,0.33,2,51598,中性盘
430,14:02:50,257.66,-0.34,2,51532,卖盘
431,14:02:47,258.0,--,6,154800,买盘
432,14:02:35,258.0,--,1,25800,买盘
433,14:02:32,258.0,--,16,434214,卖盘
434,14:02:26,258.0,--,0,0,卖盘
435,14:02:17,258.0,-0.1,11,283800,卖盘
436,14:02:11,258.1,-0.05,2,51620,买盘
437,14:02:05,258.15,0.02,2,51629,买盘
438,14:02:02,258.13,0.03,1,25813,卖盘
439,14:01:56,258.1,-0.05,1,25810,中性盘
440,14:01:50,258.15,0.15,9,232334,买盘
441,14:01:47,258.0,--,17,438600,卖盘
442,14:01:41,258.0,--,0,0,卖盘
443,14:01:35,258.0,--,7,180600,卖盘
444,14:01:26,258.0,0.17,86,2226798,买盘
445,14:01:20,257.83,--,1,25783,卖盘
446,14:01:17,257.83,--,7,202654,买盘
447,14:01:11,257.83,0.02,30,773490,买盘
448,14:01:05,257.81,-0.02,2,51562,中性盘
449,14:01:01,257.83,0.01,23,593009,买盘
450,14:00:56,257.82,0.16,12,309384,买盘
451,14:00:50,257.66,--,1,25766,买盘
452,14:00:47,257.66,-0.17,8,209219,卖盘
453,14:00:41,257.83,--,8,206264,买盘
454,14:00:35,257.83,--,5,151346,买盘
455,14:00:32,257.83,0.23,12,309653,买盘
456,14:00:26,257.6,-0.23,4,103040,卖盘
457,14:00:20,257.83,0.27,60,1546980,买盘
458,14:00:14,257.56,--,1,25756,卖盘
459,14:00:11,257.56,-0.02,51,1313556,中性盘
460,14:00:05,257.58,-0.02,12,309096,买盘
461,13:59:59,257.6,0.05,50,1288000,买盘
462,13:59:56,257.55,-0.03,10,257550,卖盘
463,13:59:50,257.58,--,11,283338,买盘
464,13:59:44,257.58,0.03,1,25758,买盘
465,13:59:41,257.55,--,3,77265,卖盘
466,13:59:35,257.55,0.05,27,698218,买盘
467,13:59:29,257.5,0.06,10,257500,买盘
468,13:59:26,257.44,-0.06,2,51488,买盘
469,13:59:20,257.5,0.1,20,515000,买盘
470,13:59:14,257.4,-0.07,2,51479,买盘
471,13:59:11,257.47,--,0,0,中性盘
472,13:59:05,257.47,0.07,11,283217,买盘
473,13:58:56,257.4,--,2,51479,卖盘
474,13:58:50,257.4,0.1,29,771942,买盘
475,13:58:41,257.3,--,5,128650,卖盘
476,13:58:35,257.3,--,1,25730,卖盘
477,13:58:26,257.3,--,2,51460,卖盘
478,13:58:11,257.3,0.1,20,514600,买盘
479,13:57:59,257.2,--,0,0,卖盘
480,13:57:56,257.2,--,0,0,卖盘
481,13:57:50,257.2,--,1,25720,卖盘
482,13:57:44,257.2,-0.07,2,51440,卖盘
483,13:57:41,257.27,0.07,9,231542,买盘
484,13:57:35,257.2,0.03,2,51440,卖盘
485,13:57:29,257.17,--,0,0,卖盘
486,13:57:26,257.17,0.08,3,77151,买盘
487,13:56:59,257.09,0.03,9,231380,买盘
488,13:56:56,257.06,-0.03,1,25706,卖盘
489,13:56:50,257.09,0.07,1,25708,买盘
490,13:56:41,257.02,--,0,0,卖盘
491,13:56:35,257.02,--,2,51404,卖盘
492,13:56:29,257.02,-0.12,2,51404,卖盘
493,13:56:14,257.14,0.09,5,128570,买盘
494,13:56:05,257.05,0.03,1,25705,中性盘
495,13:55:59,257.02,--,0,0,中性盘
496,13:55:56,257.02,0.01,2,51404,中性盘
497,13:55:44,257.01,--,1,25701,卖盘
498,13:55:41,257.01,--,0,0,卖盘
499,13:55:20,257.01,-0.19,2,51402,卖盘
500,13:55:14,257.2,--,1,25720,卖盘
501,13:55:11,257.2,0.03,2,51440,中性盘
502,13:55:05,257.17,--,0,0,卖盘
503,13:54:59,257.17,--,1,25717,卖盘
504,13:54:56,257.17,--,8,212422,买盘
505,13:54:41,257.17,-0.02,20,533370,卖盘
506,13:54:35,257.19,-0.01,3,77157,卖盘
507,13:54:26,257.2,0.01,1,25720,买盘
508,13:54:14,257.19,0.02,1,25719,卖盘
509,13:54:11,257.17,--,0,0,卖盘
510,13:54:05,257.17,--,6,154302,卖盘
511,13:53:59,257.17,0.02,23,591491,买盘
512,13:53:50,257.15,0.05,1,25714,卖盘
513,13:53:40,257.1,0.09,13,340914,买盘
514,13:53:29,257.01,-0.09,0,19018,卖盘
515,13:53:25,257.1,--,1,32394,买盘
516,13:53:20,257.1,--,2,51420,买盘
517,13:53:14,257.1,0.1,1,25710,买盘
518,13:53:05,257.0,--,0,0,卖盘
519,13:52:55,257.0,--,2,51400,卖盘
520,13:52:44,257.0,--,4,102800,买盘
521,13:52:38,257.0,--,2,51400,买盘
522,13:52:29,257.0,--,6,154200,买盘
523,13:52:20,257.0,0.08,7,179900,买盘
524,13:52:14,256.92,--,0,0,卖盘
525,13:52:05,256.92,-0.06,37,950604,卖盘
526,13:51:59,256.98,--,3,77094,买盘
527,13:51:44,256.98,-0.02,1,25698,卖盘
528,13:51:35,257.0,0.02,1,25700,买盘
529,13:51:29,256.98,--,19,488262,卖盘
530,13:51:20,256.98,0.02,1,25698,卖盘
531,13:51:14,256.96,--,0,0,卖盘
532,13:51:08,256.96,--,0,0,买盘
533,13:51:05,256.96,--,1,29036,卖盘
534,13:50:59,256.96,--,1,25695,卖盘
535,13:50:53,256.96,--,1,25695,卖盘
536,13:50:50,256.96,0.04,16,433491,买盘
537,13:50:44,256.92,--,0,0,卖盘
538,13:50:35,256.92,--,2,51384,中性盘
539,13:50:29,256.92,-0.02,23,596568,买盘
540,13:50:20,256.94,0.02,3,77082,买盘
541,13:50:14,256.92,0.02,3,77076,中性盘
542,13:50:08,256.9,--,0,0,卖盘
543,13:50:05,256.9,-0.11,5,128449,卖盘
544,13:49:59,257.01,-0.09,2,51402,中性盘
545,13:49:53,257.1,0.1,1,25710,买盘
546,13:49:44,257.0,-0.1,31,796700,卖盘
547,13:49:35,257.1,--,2,51420,买盘
548,13:49:20,257.1,-0.01,26,671802,卖盘
549,13:49:14,257.11,--,0,0,卖盘
550,13:49:08,257.11,-0.06,2,51422,卖盘
551,13:49:05,257.17,-0.03,2,51434,卖盘
552,13:48:59,257.2,-0.19,30,771600,卖盘
553,13:48:44,257.39,--,0,0,买盘
554,13:48:35,257.39,--,0,0,买盘
555,13:48:29,257.39,--,0,0,买盘
556,13:48:23,257.39,--,0,0,买盘
557,13:48:20,257.39,0.09,34,875126,买盘
558,13:48:14,257.3,--,7,180110,卖盘
559,13:48:05,257.3,--,4,102920,卖盘
560,13:47:50,257.3,-0.04,3,77190,卖盘
561,13:47:44,257.34,-0.04,1,25733,卖盘
562,13:47:38,257.38,-0.02,1,25738,买盘
563,13:47:29,257.4,0.01,2,51479,买盘
564,13:47:20,257.39,0.09,1,25739,中性盘
565,13:47:14,257.3,-0.09,12,308760,卖盘
566,13:47:08,257.39,0.09,3,77217,买盘
567,13:47:05,257.3,--,0,0,卖盘
568,13:46:49,257.3,-0.1,10,257300,卖盘
569,13:46:38,257.4,0.1,2,51479,买盘
570,13:46:34,257.3,-0.1,2,51460,卖盘
571,13:46:29,257.4,0.02,7,180179,买盘
572,13:46:23,257.38,0.28,2,51476,买盘
573,13:46:20,257.1,--,2,51420,卖盘
574,13:46:14,257.1,-0.1,2,51420,卖盘
575,13:46:04,257.2,-0.18,5,128600,卖盘
576,13:45:59,257.38,0.21,18,463284,买盘
577,13:45:53,257.17,--,2,51434,卖盘
578,13:45:38,257.17,--,8,205736,买盘
579,13:45:34,257.17,0.07,3,77151,买盘
580,13:45:23,257.1,--,1,25710,卖盘
581,13:45:14,257.1,--,0,22367,卖盘
582,13:45:08,257.1,0.09,3,77130,卖盘
583,13:45:02,257.01,-0.18,2,51402,卖盘
584,13:44:53,257.19,--,1,25719,卖盘
585,13:44:44,257.19,0.19,14,380126,买盘
586,13:44:38,257.0,-0.05,2,51400,卖盘
587,13:44:32,257.05,0.05,1,25705,中性盘
588,13:44:29,257.0,-0.15,20,514000,中性盘
589,13:44:23,257.15,0.15,20,514299,买盘
590,13:44:02,257.0,-0.17,20,514000,卖盘
591,13:43:59,257.17,--,0,0,中性盘
592,13:43:53,257.17,--,0,0,中性盘
593,13:43:44,257.17,0.16,4,102868,买盘
594,13:43:38,257.01,-0.15,1,25701,中性盘
595,13:43:32,257.16,0.16,2,51432,买盘
596,13:43:29,257.0,--,0,0,买盘
597,13:43:23,257.0,--,0,0,中性盘
598,13:43:17,257.0,--,0,0,买盘
599,13:43:14,257.0,-0.2,11,282700,卖盘
600,13:43:08,257.2,0.09,10,257200,买盘
601,13:42:47,257.11,--,12,308532,卖盘
602,13:42:44,257.11,0.11,7,179977,买盘
603,13:42:38,257.0,0.2,20,514000,中性盘
604,13:42:29,256.8,-0.3,2,51360,卖盘
605,13:42:23,257.1,--,0,0,买盘
606,13:42:17,257.1,0.34,20,514200,买盘
607,13:42:08,256.76,--,0,0,卖盘
608,13:42:02,256.76,--,5,128380,卖盘
609,13:41:59,256.76,-0.13,9,231084,卖盘
610,13:41:53,256.89,0.09,12,308268,卖盘
611,13:41:44,256.8,--,0,0,卖盘
612,13:41:32,256.8,--,0,0,卖盘
613,13:41:23,256.8,--,1,25680,卖盘
614,13:41:08,256.8,-0.1,5,128400,买盘
615,13:40:59,256.9,--,0,0,买盘
616,13:40:53,256.9,0.06,10,256899,买盘
617,13:40:47,256.84,0.01,8,205471,买盘
618,13:40:43,256.83,--,1,25683,卖盘
619,13:40:23,256.83,0.07,17,452020,买盘
620,13:40:02,256.76,-0.05,5,128380,卖盘
621,13:39:43,256.81,--,15,385215,买盘
622,13:39:38,256.81,0.01,9,231129,买盘
623,13:39:32,256.8,-0.02,2,51360,卖盘
624,13:39:23,256.82,--,0,0,买盘
625,13:39:17,256.82,--,0,10272,卖盘
626,13:39:13,256.82,-0.01,3,77046,卖盘
627,13:38:53,256.83,0.01,1,25683,买盘
628,13:38:47,256.82,-0.01,3,92455,卖盘
629,13:38:38,256.83,0.01,1,25683,买盘
630,13:38:32,256.82,--,4,102728,卖盘
631,13:38:28,256.82,--,2,51364,卖盘
632,13:38:23,256.82,-0.01,4,102728,卖盘
633,13:38:17,256.83,--,7,179781,卖盘
634,13:38:08,256.83,--,2,51366,卖盘
635,13:38:02,256.83,--,4,102732,卖盘
636,13:37:58,256.83,--,0,0,卖盘
637,13:37:53,256.83,--,2,51366,卖盘
638,13:37:23,256.83,-0.04,5,128414,卖盘
639,13:37:17,256.87,--,0,0,中性盘
640,13:37:11,256.87,0.03,2,51374,买盘
641,13:37:08,256.84,0.01,1,25683,买盘
642,13:37:02,256.83,-0.1,3,77049,卖盘
643,13:36:53,256.93,--,0,0,买盘
644,13:36:47,256.93,0.11,1,25693,中性盘
645,13:36:38,256.82,-0.1,1,25682,卖盘
646,13:36:26,256.92,--,0,0,买盘
647,13:36:23,256.92,0.1,11,282612,买盘
648,13:36:02,256.82,-0.1,5,128410,卖盘
649,13:35:56,256.92,--,1,25692,买盘
650,13:35:47,256.92,--,0,0,买盘
651,13:35:38,256.92,0.04,16,411072,买盘
652,13:35:32,256.88,0.05,2,51376,中性盘
653,13:35:26,256.83,-0.09,1,25683,卖盘
654,13:35:23,256.92,--,0,0,买盘
655,13:35:17,256.92,0.12,1,25692,买盘
656,13:35:08,256.8,--,0,0,卖盘
657,13:34:47,256.8,--,0,0,卖盘
658,13:34:32,256.8,--,0,0,卖盘
659,13:34:26,256.8,--,0,0,卖盘
660,13:34:22,256.8,-0.31,10,256800,卖盘
661,13:34:17,257.11,0.31,5,128555,买盘
662,13:34:02,256.8,--,11,282480,卖盘
663,13:33:56,256.8,-0.17,3,77040,卖盘
664,13:33:53,256.97,--,0,0,买盘
665,13:33:47,256.97,0.01,10,256970,买盘
666,13:33:32,256.96,0.16,1,25695,中性盘
667,13:33:26,256.8,--,0,0,卖盘
668,13:33:02,256.8,--,0,0,卖盘
669,13:32:52,256.8,0.02,19,487920,买盘
670,13:32:47,256.78,0.01,2,51355,买盘
671,13:32:41,256.77,--,4,102708,卖盘
672,13:32:37,256.77,-0.03,7,179739,卖盘
673,13:32:32,256.8,--,5,128400,卖盘
674,13:32:02,256.8,-0.12,4,102720,卖盘
675,13:31:56,256.92,-0.07,6,154152,买盘
676,13:31:41,256.99,--,0,0,买盘
677,13:31:22,256.99,0.19,1,25699,买盘
678,13:30:10,256.8,-0.01,3,77040,卖盘
679,13:30:02,256.81,--,5,128405,卖盘
680,13:29:41,256.81,0.03,1,25681,中性盘
681,13:29:17,256.78,--,0,0,卖盘
682,13:29:11,256.78,--,3,77033,卖盘
683,13:29:05,256.78,-0.02,11,282457,卖盘
684,13:29:02,256.8,--,1,25680,中性盘
685,13:28:56,256.8,0.02,6,154080,买盘
686,13:28:35,256.78,0.02,9,231101,买盘
687,13:28:32,256.76,--,1,25676,卖盘
688,13:28:26,256.76,--,1,25676,卖盘
689,13:28:17,256.76,-0.02,3,77028,卖盘
690,13:28:10,256.78,--,0,0,中性盘
691,13:28:05,256.78,0.02,1,25677,买盘
692,13:28:02,256.76,-0.02,7,179732,卖盘
693,13:27:56,256.78,-0.02,14,359491,卖盘
694,13:27:50,256.8,-0.01,8,205440,卖盘
695,13:27:35,256.81,--,2,51362,买盘
696,13:27:26,256.81,-0.09,23,590663,卖盘
697,13:27:20,256.9,--,8,205519,买盘
698,13:27:11,256.9,--,10,256899,买盘
699,13:27:05,256.9,--,6,154140,买盘
700,13:27:01,256.9,-0.1,33,847769,卖盘
701,13:26:56,257.0,0.09,51,1311214,买盘
702,13:26:35,256.91,--,1,25691,卖盘
703,13:26:31,256.91,--,2,51382,卖盘
704,13:26:20,256.91,--,1,50868,卖盘
705,13:26:16,256.91,-0.02,5,128455,卖盘
706,13:26:11,256.93,--,12,308316,买盘
707,13:26:05,256.93,0.02,1,25693,买盘
708,13:26:01,256.91,-0.02,7,179837,卖盘
709,13:25:56,256.93,--,0,0,中性盘
710,13:25:50,256.93,--,1,25693,卖盘
711,13:25:46,256.93,--,10,256930,卖盘
712,13:25:31,256.93,-0.06,3,77079,卖盘
713,13:25:26,256.99,--,10,256990,买盘
714,13:25:11,256.99,--,1,25699,买盘
715,13:25:05,256.99,--,8,205592,卖盘
716,13:25:01,256.99,-0.01,4,102796,卖盘
717,13:24:56,257.0,--,17,436900,买盘
718,13:24:49,257.0,--,59,1516300,卖盘
719,13:24:46,257.0,-0.01,5,128500,卖盘
720,13:24:41,257.01,-0.02,11,282711,卖盘
721,13:24:35,257.03,-0.05,10,257029,卖盘
722,13:24:31,257.08,--,0,0,买盘
723,13:24:20,257.08,--,4,102832,卖盘
724,13:24:11,257.08,--,2,51416,卖盘
725,13:24:01,257.08,0.05,5,128539,卖盘
726,13:23:56,257.03,-0.05,4,102811,卖盘
727,13:23:41,257.08,-0.09,9,231372,卖盘
728,13:23:35,257.17,--,0,0,卖盘
729,13:23:20,257.17,--,3,77151,卖盘
730,13:23:16,257.17,--,2,51434,卖盘
731,13:23:05,257.17,-0.03,6,154302,卖盘
732,13:22:56,257.2,0.03,5,128600,买盘
733,13:22:50,257.17,--,1,25717,卖盘
734,13:22:46,257.17,--,1,25717,卖盘
735,13:22:41,257.17,--,0,0,卖盘
736,13:22:31,257.17,-0.02,3,77151,卖盘
737,13:22:25,257.19,0.02,15,385785,买盘
738,13:22:20,257.17,-0.02,21,540057,卖盘
739,13:22:05,257.19,--,4,102876,卖盘
740,13:21:56,257.19,-0.08,4,102876,卖盘
741,13:21:50,257.27,0.02,13,348600,买盘
742,13:21:35,257.25,--,1,25725,卖盘
743,13:21:29,257.25,0.06,7,191651,中性盘
744,13:21:20,257.19,-0.08,5,128595,卖盘
745,13:21:14,257.27,-0.01,1,25727,卖盘
746,13:21:10,257.28,--,17,437375,卖盘
747,13:21:04,257.28,--,6,154367,卖盘
748,13:20:59,257.28,--,3,77183,卖盘
749,13:20:56,257.28,--,11,283007,卖盘
750,13:20:50,257.28,0.07,18,463103,买盘
751,13:20:44,257.21,0.02,1,25720,中性盘
752,13:20:41,257.19,-0.04,4,102876,卖盘
753,13:20:34,257.23,0.05,2,51446,买盘
754,13:20:29,257.18,--,1,25718,卖盘
755,13:20:26,257.18,-0.1,2,51436,卖盘
756,13:20:20,257.28,--,8,205823,买盘
757,13:20:13,257.28,0.11,2,51455,买盘
758,13:20:05,257.17,-0.13,9,231453,卖盘
759,13:19:56,257.3,0.02,2,51460,买盘
760,13:19:50,257.28,--,0,0,中性盘
761,13:19:20,257.28,-0.06,1,25727,中性盘
762,13:19:13,257.34,--,2,51467,卖盘
763,13:19:10,257.34,--,4,102935,卖盘
764,13:18:59,257.34,--,3,77201,卖盘
765,13:18:55,257.34,--,3,77201,卖盘
766,13:18:49,257.34,-0.04,3,77201,卖盘
767,13:18:40,257.38,-0.02,7,180166,卖盘
768,13:18:34,257.4,0.02,1,25739,买盘
769,13:18:25,257.38,--,2,51476,卖盘
770,13:18:20,257.38,0.08,9,231642,买盘
771,13:18:05,257.3,-0.08,6,154380,卖盘
772,13:17:55,257.38,0.08,2,51476,买盘
773,13:17:50,257.3,--,4,102920,卖盘
774,13:17:40,257.3,--,1,25730,卖盘
775,13:17:35,257.3,--,3,77190,卖盘
776,13:17:25,257.3,0.01,8,205840,卖盘
777,13:17:20,257.29,--,0,0,买盘
778,13:17:10,257.29,-0.01,1,25729,卖盘
779,13:17:05,257.3,--,0,0,中性盘
780,13:16:55,257.3,0.1,4,102920,买盘
781,13:16:44,257.2,0.03,9,231480,买盘
782,13:16:40,257.17,--,3,77151,卖盘
783,13:16:34,257.17,--,2,51434,卖盘
784,13:16:25,257.17,--,2,51434,卖盘
785,13:16:20,257.17,0.03,7,180019,中性盘
786,13:16:10,257.14,0.06,13,334282,买盘
787,13:16:04,257.08,-0.03,7,179956,卖盘
788,13:15:59,257.11,--,4,102844,卖盘
789,13:15:55,257.11,--,5,128555,卖盘
790,13:15:40,257.11,0.02,4,102844,中性盘
791,13:15:25,257.09,0.04,11,282799,买盘
792,13:15:20,257.05,0.02,10,257050,卖盘
793,13:15:14,257.03,--,0,0,卖盘
794,13:15:04,257.03,-0.04,1,25702,买盘
795,13:14:59,257.07,--,0,0,中性盘
796,13:14:55,257.07,0.02,4,102828,买盘
797,13:14:50,257.05,--,2,51410,卖盘
798,13:14:44,257.05,0.05,6,154230,买盘
799,13:14:25,257.0,--,3,77100,卖盘
800,13:14:19,257.0,--,1,25700,卖盘
801,13:14:14,257.0,0.05,16,411200,中性盘
802,13:14:04,256.95,-0.04,7,179865,卖盘
803,13:13:58,256.99,--,2,51398,卖盘
804,13:13:55,256.99,--,5,128495,卖盘
805,13:13:49,256.99,0.04,12,308388,买盘
806,13:13:34,256.95,--,3,77085,卖盘
807,13:13:29,256.95,--,1,25695,卖盘
808,13:13:22,256.95,--,5,128475,卖盘
809,13:13:14,256.95,--,0,0,中性盘
810,13:13:07,256.95,--,2,51390,卖盘
811,13:12:50,256.95,--,0,0,中性盘
812,13:12:34,256.95,--,1,25695,卖盘
813,13:12:28,256.95,--,1,25695,卖盘
814,13:12:23,256.95,--,1,25695,卖盘
815,13:12:19,256.95,--,3,77085,卖盘
816,13:12:08,256.95,--,2,51390,卖盘
817,13:12:04,256.95,--,10,256950,中性盘
818,13:11:59,256.95,--,12,308340,买盘
819,13:11:34,256.95,0.04,1,25695,中性盘
820,13:11:19,256.91,--,14,359674,卖盘
821,13:10:58,256.91,--,2,51382,卖盘
822,13:10:52,256.91,0.01,2,51382,卖盘
823,13:10:49,256.9,--,0,0,卖盘
824,13:10:37,256.9,-0.01,7,179829,卖盘
825,13:10:28,256.91,--,2,51382,卖盘
826,13:10:07,256.91,--,0,0,卖盘
827,13:10:03,256.91,-0.18,12,308292,卖盘
828,13:09:58,257.09,0.08,2,51417,买盘
829,13:09:49,257.01,-0.08,1,25701,卖盘
830,13:09:44,257.09,0.09,5,128544,买盘
831,13:09:38,257.0,--,2,51400,卖盘
832,13:09:34,257.0,-0.1,10,257000,卖盘
833,13:09:28,257.1,--,1,25710,买盘
834,13:09:22,257.1,0.1,1,25710,买盘
835,13:09:18,257.0,-0.1,3,77100,卖盘
836,13:09:13,257.1,--,1,25710,买盘
837,13:09:04,257.1,0.1,2,51420,买盘
838,13:08:59,257.0,-0.18,10,257000,卖盘
839,13:08:52,257.18,0.06,4,102872,买盘
840,13:08:43,257.12,--,2,51424,卖盘
841,13:08:34,257.12,--,0,0,卖盘
842,13:08:29,257.12,--,0,0,中性盘
843,13:08:19,257.12,--,0,0,中性盘
844,13:08:13,257.12,--,1,25712,买盘
845,13:08:08,257.12,0.21,2,51424,买盘
846,13:08:04,256.91,-0.09,6,154146,卖盘
847,13:07:59,257.0,-0.12,5,128500,卖盘
848,13:07:52,257.12,0.12,3,77136,买盘
849,13:07:44,257.0,--,4,102800,卖盘
850,13:07:28,257.0,--,2,51400,卖盘
851,13:07:19,257.0,0.07,5,128500,买盘
852,13:07:13,256.93,--,0,0,买盘
853,13:07:07,256.93,--,0,14131,卖盘
854,13:07:03,256.93,--,2,51386,卖盘
855,13:06:58,256.93,--,6,154158,卖盘
856,13:06:52,256.93,-0.19,7,179851,卖盘
857,13:06:49,257.12,--,0,0,买盘
858,13:06:43,257.12,--,0,0,买盘
859,13:06:38,257.12,0.12,1,25712,买盘
860,13:06:34,257.0,-0.05,2,51400,卖盘
861,13:06:22,257.05,--,3,77115,卖盘
862,13:06:13,257.05,0.12,7,179935,买盘
863,13:06:07,256.93,-0.07,5,128465,卖盘
864,13:06:03,257.0,--,24,616800,卖盘
865,13:05:59,257.0,-0.1,2,51400,卖盘
866,13:05:53,257.1,0.1,3,77130,买盘
867,13:05:48,257.0,0.07,6,154200,买盘
868,13:05:43,256.93,0.03,5,128465,卖盘
869,13:05:16,256.9,-0.03,0,11560,买盘
870,13:05:13,256.93,-0.07,2,65517,卖盘
871,13:05:02,257.0,0.07,2,51400,买盘
872,13:04:58,256.93,0.03,8,217105,买盘
873,13:04:47,256.9,--,1,25689,卖盘
874,13:04:43,256.9,0.09,13,333969,买盘
875,13:04:37,256.81,-0.11,1,25681,卖盘
876,13:04:31,256.92,0.02,5,128460,买盘
877,13:04:22,256.9,0.1,5,128449,买盘
878,13:04:13,256.8,--,0,0,卖盘
879,13:04:07,256.8,-0.1,5,128400,卖盘
880,13:04:02,256.9,-0.03,4,102759,买盘
881,13:03:58,256.93,0.01,10,256930,买盘
882,13:03:43,256.92,--,0,0,中性盘
883,13:03:38,256.92,-0.05,10,256920,卖盘
884,13:03:28,256.97,--,0,0,买盘
885,13:03:22,256.97,--,11,282667,买盘
886,13:03:13,256.97,0.04,5,128485,买盘
887,13:03:07,256.93,-0.02,1,25693,卖盘
888,13:03:01,256.95,-0.05,10,256950,买盘
889,13:02:52,257.0,--,0,0,买盘
890,13:02:47,257.0,0.08,1,25700,买盘
891,13:02:38,256.92,--,1,25692,卖盘
892,13:02:07,256.92,-0.08,4,102768,卖盘
893,13:02:01,257.0,-0.01,1,25700,买盘
894,13:01:58,257.01,0.06,2,51402,买盘
895,13:01:52,256.95,-0.06,10,256950,卖盘
896,13:01:43,257.01,0.03,2,51402,买盘
897,13:01:37,256.98,--,1,25698,中性盘
898,13:01:31,256.98,--,1,25698,卖盘
899,13:01:27,256.98,-0.06,10,256980,卖盘
900,13:01:23,257.04,0.04,1,25704,中性盘
901,13:01:08,257.0,-0.02,2,51400,卖盘
902,13:01:01,257.02,0.02,4,102808,买盘
903,13:00:57,257.0,--,7,179900,卖盘
904,13:00:47,257.0,-0.02,1,25700,卖盘
905,13:00:43,257.02,0.02,1,25702,买盘
906,13:00:37,257.0,--,13,339240,买盘
907,13:00:27,257.0,--,1,25700,买盘
908,13:00:13,257.0,--,35,899500,买盘
909,13:00:08,257.0,0.02,85,2184500,买盘
910,13:00:02,256.98,0.03,8,205584,买盘
911,11:30:00,256.95,--,0,0,卖盘
912,11:29:59,256.95,--,6,154170,卖盘
913,11:29:56,256.95,0.16,7,179865,买盘
914,11:29:53,256.79,-0.19,5,128395,卖盘
915,11:29:47,256.98,--,0,0,买盘
916,11:29:38,256.98,--,5,128490,中性盘
917,11:29:26,256.98,--,1,25698,卖盘
918,11:29:23,256.98,--,1,25698,卖盘
919,11:29:17,256.98,0.04,28,719544,买盘
920,11:29:08,256.94,0.15,2,51388,买盘
921,11:29:02,256.79,-0.09,1,25679,卖盘
922,11:28:26,256.88,-0.06,2,51376,卖盘
923,11:28:17,256.94,-0.01,1,25694,卖盘
924,11:28:11,256.95,--,0,0,买盘
925,11:28:08,256.95,0.17,10,256950,买盘
926,11:27:53,256.78,-0.02,4,102711,卖盘
927,11:27:47,256.8,0.01,1,25680,中性盘
928,11:27:23,256.79,0.03,6,154074,中性盘
929,11:27:08,256.76,--,2,51352,卖盘
930,11:26:47,256.76,0.03,1,25676,买盘
931,11:26:41,256.73,-0.03,1,25673,卖盘
932,11:26:38,256.76,0.02,4,102704,买盘
933,11:26:23,256.74,0.04,6,154044,买盘
934,11:26:17,256.7,--,0,0,卖盘
935,11:26:11,256.7,-0.04,3,77010,卖盘
936,11:26:08,256.74,--,1,25674,买盘
937,11:25:56,256.74,-0.05,1,25674,买盘
938,11:25:53,256.79,-0.15,2,51358,卖盘
939,11:25:41,256.94,0.14,4,102776,买盘
940,11:25:26,256.8,0.1,12,308160,买盘
941,11:24:52,256.7,0.01,19,496971,买盘
942,11:24:47,256.69,--,1,25669,买盘
943,11:24:37,256.69,0.17,1,25669,买盘
944,11:24:26,256.52,--,0,0,卖盘
945,11:24:23,256.52,--,100,2565200,卖盘
946,11:24:02,256.52,--,0,0,卖盘
947,11:23:50,256.52,--,4,102608,卖盘
948,11:23:47,256.52,--,9,230867,买盘
949,11:23:41,256.52,--,1,25652,买盘
950,11:23:26,256.52,-0.16,1,25652,买盘
951,11:23:20,256.68,--,0,0,买盘
952,11:23:17,256.68,0.16,1,25668,买盘
953,11:23:02,256.52,--,12,307824,买盘
954,11:22:56,256.52,--,36,923471,买盘
955,11:22:32,256.52,0.03,2,51304,买盘
956,11:22:20,256.49,0.04,95,2436655,买盘
957,11:22:11,256.45,--,1,25645,买盘
958,11:22:05,256.45,--,2,51290,买盘
959,11:22:02,256.45,--,1,25645,买盘
960,11:21:56,256.45,0.15,1,25645,买盘
961,11:21:26,256.3,-0.01,5,128150,卖盘
962,11:21:17,256.31,0.01,1,25631,卖盘
963,11:21:02,256.3,--,0,0,卖盘
964,11:20:56,256.3,-0.16,10,256300,卖盘
965,11:20:17,256.46,0.02,3,76938,买盘
966,11:20:01,256.44,--,1,25644,买盘
967,11:19:47,256.44,0.13,1,25644,买盘
968,11:19:32,256.31,--,2,51262,买盘
969,11:19:26,256.31,-0.12,9,230679,卖盘
970,11:19:20,256.43,--,5,128215,买盘
971,11:19:17,256.43,0.13,5,128215,买盘
972,11:19:11,256.3,--,2,51260,卖盘
973,11:19:02,256.3,--,0,0,卖盘
974,11:18:47,256.3,0.08,50,1281500,买盘
975,11:18:26,256.22,-0.01,10,256220,卖盘
976,11:18:17,256.23,0.01,6,157581,买盘
977,11:18:11,256.22,-0.01,21,559840,卖盘
978,11:18:05,256.23,0.01,1,25623,买盘
979,11:17:46,256.22,-0.01,1,25622,卖盘
980,11:17:41,256.23,--,10,256230,买盘
981,11:17:31,256.23,--,15,384345,卖盘
982,11:17:20,256.23,-0.02,42,1076166,卖盘
983,11:17:16,256.25,--,1,25625,卖盘
984,11:17:11,256.25,-0.02,4,102500,卖盘
985,11:17:05,256.27,0.01,1,25627,买盘
986,11:17:01,256.26,--,1,25626,卖盘
987,11:16:50,256.26,-0.01,6,153756,卖盘
988,11:16:46,256.27,--,7,179389,卖盘
989,11:16:41,256.27,-0.02,4,102508,卖盘
990,11:16:26,256.29,--,6,153774,卖盘
991,11:16:20,256.29,-0.01,2,51258,卖盘
992,11:16:05,256.3,--,7,179410,卖盘
993,11:15:59,256.3,-0.01,4,102520,卖盘
994,11:15:56,256.31,--,2,51262,买盘
995,11:15:44,256.31,-0.18,17,448286,卖盘
996,11:15:41,256.49,-0.01,10,256490,卖盘
997,11:15:35,256.5,--,21,538650,卖盘
998,11:15:29,256.5,-0.01,9,230850,卖盘
999,11:15:26,256.51,-0.01,10,256510,卖盘
1000,11:15:20,256.52,-0.01,5,128259,卖盘
1001,11:15:14,256.53,--,0,0,卖盘
1002,11:15:11,256.53,0.02,6,153917,卖盘
1003,11:15:05,256.51,--,0,0,卖盘
1004,11:14:56,256.51,--,0,0,卖盘
1005,11:14:50,256.51,-0.18,8,205208,卖盘
1006,11:14:44,256.69,--,0,0,买盘
1007,11:14:35,256.69,0.17,6,154014,买盘
1008,11:14:29,256.52,-0.17,1,25652,卖盘
1009,11:14:26,256.69,0.01,9,231021,买盘
1010,11:14:20,256.68,--,0,0,买盘
1011,11:14:11,256.68,--,0,0,中性盘
1012,11:14:05,256.68,--,11,282348,买盘
1013,11:13:59,256.68,-0.01,1,25668,买盘
1014,11:13:50,256.69,--,0,0,买盘
1015,11:13:41,256.69,--,1,25669,买盘
1016,11:13:29,256.69,--,8,205352,买盘
1017,11:13:25,256.69,--,17,436373,卖盘
1018,11:13:20,256.69,--,1,25669,卖盘
1019,11:13:11,256.69,--,4,102676,卖盘
1020,11:13:05,256.69,--,11,282359,卖盘
1021,11:12:59,256.69,0.19,4,102676,买盘
1022,11:12:56,256.5,-0.18,10,256500,卖盘
1023,11:12:50,256.68,0.18,1,25668,中性盘
1024,11:12:44,256.5,--,6,153900,卖盘
1025,11:12:35,256.5,--,0,0,卖盘
1026,11:12:29,256.5,-0.2,5,128250,卖盘
1027,11:12:20,256.7,0.17,50,1283500,买盘
1028,11:12:14,256.53,--,9,230876,买盘
1029,11:12:10,256.53,--,11,282182,买盘
1030,11:12:05,256.53,0.01,5,128264,卖盘
1031,11:11:59,256.52,--,0,0,卖盘
1032,11:11:44,256.52,-0.18,2,51304,卖盘
1033,11:11:40,256.7,0.03,50,1283500,买盘
1034,11:11:05,256.67,--,0,0,买盘
1035,11:10:56,256.67,0.01,1,25667,买盘
1036,11:10:50,256.66,--,1,25666,卖盘
1037,11:10:44,256.66,0.13,13,333658,卖盘
1038,11:10:25,256.53,-0.14,2,51305,卖盘
1039,11:10:20,256.67,0.14,2,51334,买盘
1040,11:10:14,256.53,--,4,102611,卖盘
1041,11:09:50,256.53,--,2,51305,买盘
1042,11:09:35,256.53,--,10,256529,买盘
1043,11:09:29,256.53,0.01,1,25652,买盘
1044,11:09:08,256.52,--,0,0,买盘
1045,11:08:59,256.52,-0.04,4,102608,卖盘
1046,11:08:53,256.56,--,0,0,中性盘
1047,11:08:44,256.56,0.02,11,282216,买盘
1048,11:08:29,256.54,0.01,6,153924,买盘
1049,11:08:08,256.53,--,9,230876,买盘
1050,11:08:05,256.53,-0.13,1,25652,买盘
1051,11:07:44,256.66,--,0,0,买盘
1052,11:07:38,256.66,0.14,12,307992,买盘
1053,11:07:35,256.52,-0.14,20,513039,卖盘
1054,11:07:23,256.66,0.14,1,25666,买盘
1055,11:07:08,256.52,--,0,0,卖盘
1056,11:06:59,256.52,-0.01,2,51304,卖盘
1057,11:06:53,256.53,-0.13,1,25652,卖盘
1058,11:06:50,256.66,--,0,0,买盘
1059,11:06:44,256.66,0.14,3,76998,买盘
1060,11:06:38,256.52,-0.01,8,205216,卖盘
1061,11:06:05,256.53,--,4,102611,买盘
1062,11:05:49,256.53,0.01,9,230876,买盘
1063,11:05:29,256.52,0.01,6,153912,买盘
1064,11:05:23,256.51,--,1,25651,卖盘
1065,11:05:08,256.51,-0.15,3,76953,卖盘
1066,11:04:59,256.66,0.15,2,51332,买盘
1067,11:04:53,256.51,-0.15,3,76953,卖盘
1068,11:04:44,256.66,0.15,7,179662,买盘
1069,11:04:38,256.51,-0.16,6,153906,卖盘
1070,11:04:29,256.67,--,0,0,买盘
1071,11:04:14,256.67,0.01,10,256670,买盘
1072,11:04:05,256.66,--,6,177095,卖盘
1073,11:03:59,256.66,--,0,0,卖盘
1074,11:03:49,256.66,-0.04,6,153996,卖盘
1075,11:03:44,256.7,--,18,462060,买盘
1076,11:03:34,256.7,-0.11,21,555498,卖盘
1077,11:03:29,256.81,--,1,25681,买盘
1078,11:03:23,256.81,0.04,1,25681,买盘
1079,11:03:19,256.77,-0.04,4,102708,中性盘
1080,11:03:14,256.81,0.06,13,333853,买盘
1081,11:03:04,256.75,--,3,77025,卖盘
1082,11:02:53,256.75,--,2,51350,卖盘
1083,11:02:49,256.75,-0.22,2,51350,卖盘
1084,11:02:44,256.97,0.15,10,256970,买盘
1085,11:02:38,256.82,-0.01,12,308184,卖盘
1086,11:02:34,256.83,-0.14,3,77049,卖盘
1087,11:02:29,256.97,0.11,12,308364,中性盘
1088,11:02:23,256.86,-0.04,6,154116,卖盘
1089,11:02:19,256.9,--,3,77070,买盘
1090,11:02:14,256.9,0.01,10,256899,买盘
1091,11:02:04,256.89,0.03,1,25689,买盘
1092,11:01:44,256.86,0.02,4,102744,买盘
1093,11:01:38,256.84,--,1,25683,买盘
1094,11:01:34,256.84,--,1,25683,买盘
1095,11:01:29,256.84,--,2,51367,买盘
1096,11:01:23,256.84,--,1,25683,买盘
1097,11:01:19,256.84,--,3,77051,买盘
1098,11:01:14,256.84,0.01,14,364199,买盘
1099,11:01:08,256.83,0.01,4,102732,买盘
1100,11:00:59,256.82,-0.01,9,231138,买盘
1101,11:00:53,256.83,--,5,128414,买盘
1102,11:00:47,256.83,--,0,0,买盘
1103,11:00:44,256.83,0.08,19,487976,买盘
1104,11:00:38,256.75,0.05,4,107321,中性盘
1105,11:00:32,256.7,-0.14,7,179690,卖盘
1106,11:00:29,256.84,--,4,102735,买盘
1107,11:00:23,256.84,--,3,77051,买盘
1108,11:00:17,256.84,-0.05,2,51367,中性盘
1109,11:00:14,256.89,0.02,11,282579,买盘
1110,11:00:08,256.87,--,6,154122,买盘
1111,11:00:02,256.87,0.01,8,205496,买盘
1112,10:59:59,256.86,--,7,179802,买盘
1113,10:59:53,256.86,-0.01,1,25686,买盘
1114,10:59:47,256.87,--,0,0,买盘
1115,10:59:44,256.87,0.1,12,308244,买盘
1116,10:59:38,256.77,--,1,25677,买盘
1117,10:59:32,256.77,0.05,1,25677,买盘
1118,10:59:23,256.72,--,3,77016,买盘
1119,10:59:17,256.72,-0.05,2,51344,买盘
1120,10:59:14,256.77,0.07,11,282447,买盘
1121,10:59:08,256.7,--,2,51340,买盘
1122,10:58:47,256.7,0.04,1,25670,买盘
1123,10:58:44,256.66,0.16,6,156562,买盘
1124,10:58:38,256.5,-0.1,1,25650,卖盘
1125,10:58:32,256.6,0.11,9,230940,买盘
1126,10:58:29,256.49,-0.06,6,153894,卖盘
1127,10:58:23,256.55,0.01,5,136741,买盘
1128,10:58:17,256.54,0.01,4,102616,买盘
1129,10:58:14,256.53,0.04,22,564365,买盘
1130,10:58:08,256.49,--,0,0,卖盘
1131,10:58:02,256.49,-0.03,6,158510,卖盘
1132,10:57:53,256.52,0.03,7,179564,买盘
1133,10:57:43,256.49,--,13,333437,卖盘
1134,10:57:32,256.49,--,4,102596,买盘
1135,10:57:23,256.49,0.02,4,102596,买盘
1136,10:57:13,256.47,0.04,10,256470,买盘
1137,10:57:08,256.43,--,0,0,买盘
1138,10:56:58,256.43,-0.04,2,66671,卖盘
1139,10:56:53,256.47,0.04,7,179529,买盘
1140,10:56:43,256.43,0.17,6,153858,买盘
1141,10:56:38,256.26,--,6,153756,买盘
1142,10:56:32,256.26,0.03,2,51252,买盘
1143,10:56:28,256.23,-0.03,6,153738,卖盘
1144,10:56:23,256.26,--,6,153756,买盘
1145,10:56:13,256.26,--,2,51252,买盘
1146,10:56:08,256.26,--,1,25626,买盘
1147,10:56:02,256.26,0.03,3,76878,买盘
1148,10:55:58,256.23,--,0,0,卖盘
1149,10:55:53,256.23,-0.25,12,307476,卖盘
1150,10:55:43,256.48,-0.01,4,102592,买盘
1151,10:55:38,256.49,--,0,0,买盘
1152,10:55:32,256.49,--,1,25649,买盘
1153,10:55:17,256.49,--,1,25649,买盘
1154,10:55:08,256.49,-0.01,2,51298,卖盘
1155,10:54:58,256.5,0.28,2,51300,买盘
1156,10:54:53,256.22,--,0,0,卖盘
1157,10:54:47,256.22,--,7,194470,卖盘
1158,10:54:43,256.22,-0.27,1,25622,卖盘
1159,10:54:38,256.49,--,1,25649,买盘
1160,10:54:32,256.49,0.19,21,538629,买盘
1161,10:54:28,256.3,0.08,2,51260,卖盘
1162,10:54:23,256.22,-0.22,71,1819162,卖盘
1163,10:54:17,256.44,0.14,18,461592,买盘
1164,10:54:13,256.3,--,0,0,卖盘
1165,10:54:08,256.3,--,67,1735919,买盘
1166,10:54:02,256.3,--,7,179410,买盘
1167,10:53:58,256.3,--,12,307560,买盘
1168,10:53:53,256.3,--,3,76890,买盘
1169,10:53:47,256.3,-0.13,89,2287990,卖盘
1170,10:53:32,256.43,--,3,76929,买盘
1171,10:53:23,256.43,0.13,9,230787,买盘
1172,10:53:17,256.3,--,0,0,卖盘
1173,10:53:11,256.3,--,3,95599,买盘
1174,10:53:08,256.3,--,24,615120,买盘
1175,10:53:02,256.3,--,8,205040,买盘
1176,10:52:56,256.3,--,1,25630,买盘
1177,10:52:53,256.3,--,2,51260,买盘
1178,10:52:47,256.3,-0.06,19,507986,卖盘
1179,10:52:41,256.36,--,2,51272,买盘
1180,10:52:32,256.36,0.05,3,76908,买盘
1181,10:52:26,256.31,--,6,153786,卖盘
1182,10:52:23,256.31,--,3,81506,卖盘
1183,10:52:17,256.31,--,4,102524,买盘
1184,10:52:11,256.31,0.01,1,25631,买盘
1185,10:52:08,256.3,-0.01,1,25630,卖盘
1186,10:52:02,256.31,--,2,51262,买盘
1187,10:51:53,256.31,--,2,51262,买盘
1188,10:51:41,256.31,0.06,7,184030,买盘
1189,10:51:38,256.25,-0.05,2,51250,中性盘
1190,10:51:32,256.3,0.06,23,589490,买盘
1191,10:51:26,256.24,--,0,0,卖盘
1192,10:51:23,256.24,0.02,4,114539,买盘
1193,10:51:17,256.22,-0.01,16,409952,卖盘
1194,10:51:08,256.23,--,1,25623,买盘
1195,10:51:02,256.23,--,4,102492,卖盘
1196,10:50:52,256.23,0.01,6,153738,卖盘
1197,10:50:47,256.22,--,0,0,卖盘
1198,10:50:41,256.22,-0.02,5,128110,卖盘
1199,10:50:37,256.24,--,1,34848,卖盘
1200,10:50:32,256.24,-0.07,5,128120,中性盘
1201,10:50:26,256.31,0.1,3,76893,买盘
1202,10:50:22,256.21,-0.02,25,640525,卖盘
1203,10:50:16,256.23,-0.02,21,538083,卖盘
1204,10:50:11,256.25,-0.05,1,25625,卖盘
1205,10:50:08,256.3,-0.05,22,563860,卖盘
1206,10:50:02,256.35,--,1,25635,卖盘
1207,10:49:56,256.35,--,6,153810,卖盘
1208,10:49:52,256.35,--,3,76905,卖盘
1209,10:49:41,256.35,--,7,179445,卖盘
1210,10:49:37,256.35,-0.01,12,328384,卖盘
1211,10:49:22,256.36,--,1,25636,卖盘
1212,10:49:17,256.36,--,0,4870,买盘
1213,10:49:11,256.36,--,3,76908,买盘
1214,10:49:02,256.36,-0.01,6,153816,买盘
1215,10:48:56,256.37,--,0,20765,卖盘
1216,10:48:52,256.37,--,1,25637,卖盘
1217,10:48:47,256.37,0.01,4,107419,买盘
1218,10:48:41,256.36,-0.01,3,76908,卖盘
1219,10:48:37,256.37,0.01,3,76911,买盘
1220,10:48:22,256.36,-0.01,6,153816,卖盘
1221,10:48:11,256.37,-0.08,2,51274,卖盘
1222,10:48:07,256.45,--,1,25645,买盘
1223,10:48:02,256.45,0.09,1,25645,买盘
1224,10:47:56,256.36,-0.04,3,76908,卖盘
1225,10:47:52,256.4,-0.07,3,76920,卖盘
1226,10:47:47,256.47,-0.01,2,51294,买盘
1227,10:47:31,256.48,--,0,0,买盘
1228,10:47:26,256.48,--,2,51296,买盘
1229,10:47:22,256.48,--,0,0,中性盘
1230,10:47:17,256.48,-0.01,2,51296,中性盘
1231,10:47:02,256.49,0.01,9,230841,买盘
1232,10:46:32,256.48,0.13,1,25648,买盘
1233,10:46:22,256.35,-0.12,6,153810,卖盘
1234,10:46:17,256.47,--,0,0,中性盘
1235,10:46:11,256.47,0.12,1,25647,买盘
1236,10:46:07,256.35,--,0,0,卖盘
1237,10:45:41,256.35,--,0,0,卖盘
1238,10:45:37,256.35,--,1,25635,卖盘
1239,10:45:31,256.35,0.01,5,128175,买盘
1240,10:45:22,256.34,--,2,51267,卖盘
1241,10:45:17,256.34,0.01,7,179437,买盘
1242,10:45:02,256.33,-0.01,11,281963,卖盘
1243,10:44:56,256.34,--,4,102535,买盘
1244,10:44:41,256.34,--,0,0,买盘
1245,10:44:32,256.34,--,1,25633,买盘
1246,10:44:26,256.34,0.12,1,25633,买盘
1247,10:44:20,256.22,--,1,25622,卖盘
1248,10:44:16,256.22,0.01,6,153732,卖盘
1249,10:44:10,256.21,--,0,0,卖盘
1250,10:43:56,256.21,--,0,0,卖盘
1251,10:43:40,256.21,0.2,53,1357913,买盘
1252,10:43:32,256.01,--,3,91651,卖盘
1253,10:43:25,256.01,0.01,12,307212,中性盘
1254,10:43:01,256.0,--,0,0,中性盘
1255,10:42:56,256.0,--,3,76800,买盘
1256,10:42:49,256.0,--,6,153600,买盘
1257,10:42:47,256.0,--,1,25600,买盘
1258,10:42:41,256.0,0.02,7,179200,买盘
1259,10:42:35,255.98,0.13,11,281578,买盘
1260,10:42:17,255.85,--,0,0,中性盘
1261,10:42:01,255.85,0.02,1,25585,中性盘
1262,10:41:56,255.83,--,0,0,卖盘
1263,10:41:46,255.83,-0.17,14,358162,卖盘
1264,10:41:41,256.0,0.15,5,128000,买盘
1265,10:41:35,255.85,--,0,0,中性盘
1266,10:41:31,255.85,0.01,10,255850,买盘
1267,10:41:25,255.84,0.01,1,25584,买盘
1268,10:41:20,255.83,-0.01,1,25583,卖盘
1269,10:41:16,255.84,--,1,25584,买盘
1270,10:41:11,255.84,-0.16,13,332592,卖盘
1271,10:41:04,256.0,0.15,6,153600,买盘
1272,10:41:01,255.85,--,10,255850,卖盘
1273,10:40:56,255.85,-0.15,1,25585,卖盘
1274,10:40:46,256.0,--,5,128000,卖盘
1275,10:40:41,256.0,0.16,6,153600,买盘
1276,10:40:35,255.84,0.01,1,25584,卖盘
1277,10:40:31,255.83,--,0,0,卖盘
1278,10:40:26,255.83,-0.17,3,76749,卖盘
1279,10:40:16,256.0,0.18,7,179200,买盘
1280,10:40:10,255.82,-0.18,8,204656,卖盘
1281,10:40:01,256.0,--,1,25600,买盘
1282,10:39:46,256.0,--,0,0,买盘
1283,10:39:41,256.0,--,0,0,买盘
1284,10:39:20,256.0,0.2,3,76800,买盘
1285,10:39:16,255.8,--,0,0,中性盘
1286,10:39:10,255.8,--,0,0,中性盘
1287,10:39:01,255.8,--,1,25580,买盘
1288,10:38:56,255.8,--,10,255800,买盘
1289,10:38:46,255.8,-0.01,44,1125520,卖盘
1290,10:38:31,255.81,--,4,102324,卖盘
1291,10:38:10,255.81,--,0,0,中性盘
1292,10:38:05,255.81,-0.19,1,25581,卖盘
1293,10:38:01,256.0,-0.1,6,153600,卖盘
1294,10:37:49,256.1,0.1,2,51220,买盘
1295,10:37:41,256.0,-0.08,1,25600,卖盘
1296,10:37:35,256.08,0.08,17,435336,买盘
1297,10:37:25,256.0,--,1,25600,卖盘
1298,10:37:11,256.0,-0.08,8,204800,卖盘
1299,10:37:01,256.08,--,0,0,买盘
1300,10:36:55,256.08,0.28,10,256079,买盘
1301,10:36:49,255.8,--,1,25580,买盘
1302,10:36:45,255.8,0.08,5,127900,买盘
1303,10:36:41,255.72,--,3,76716,买盘
1304,10:36:34,255.72,-0.28,6,153432,卖盘
1305,10:36:31,256.0,--,0,0,买盘
1306,10:36:25,256.0,0.2,6,153600,买盘
1307,10:36:20,255.8,-0.07,11,281380,中性盘
1308,10:36:16,255.87,--,0,0,买盘
1309,10:36:10,255.87,--,2,51174,买盘
1310,10:36:05,255.87,--,0,0,买盘
1311,10:35:56,255.87,0.07,6,153522,买盘
1312,10:35:50,255.8,-0.07,1,25580,卖盘
1313,10:35:43,255.87,--,20,511740,买盘
1314,10:35:34,255.87,0.17,1,25587,买盘
1315,10:35:29,255.7,-0.01,2,51140,卖盘
1316,10:35:19,255.71,--,0,0,卖盘
1317,10:35:14,255.71,0.01,23,601174,买盘
1318,10:35:10,255.7,--,3,89239,卖盘
1319,10:35:04,255.7,--,9,230130,买盘
1320,10:34:55,255.7,--,1,25570,买盘
1321,10:34:50,255.7,--,7,178990,卖盘
1322,10:34:43,255.7,-0.01,1,25570,卖盘
1323,10:34:40,255.71,0.01,4,102284,买盘
1324,10:34:28,255.7,0.04,1,25570,买盘
1325,10:34:25,255.66,--,0,0,卖盘
1326,10:34:19,255.66,-0.04,7,192000,卖盘
1327,10:34:14,255.7,--,0,0,卖盘
1328,10:34:10,255.7,-0.01,8,204560,卖盘
1329,10:33:58,255.71,0.05,1,25571,买盘
1330,10:33:55,255.66,--,0,0,卖盘
1331,10:33:50,255.66,--,2,51132,卖盘
1332,10:33:44,255.66,--,1,25566,卖盘
1333,10:33:40,255.66,--,1,25566,卖盘
1334,10:33:35,255.66,--,14,357924,买盘
1335,10:33:29,255.66,0.03,1,25566,买盘
1336,10:33:19,255.63,-0.05,14,365550,卖盘
1337,10:33:13,255.68,--,10,255680,买盘
1338,10:33:10,255.68,-0.03,1,25568,买盘
1339,10:32:58,255.71,-0.17,4,120183,卖盘
1340,10:32:49,255.88,0.18,1,33264,买盘
1341,10:32:44,255.7,0.06,1,25570,买盘
1342,10:32:40,255.64,-0.24,21,536844,卖盘
1343,10:32:35,255.88,0.17,1,25588,买盘
1344,10:32:28,255.71,0.01,1,25571,买盘
1345,10:32:25,255.7,-0.01,1,25570,卖盘
1346,10:32:10,255.71,0.01,7,178997,买盘
1347,10:32:05,255.7,-0.01,3,76710,卖盘
1348,10:31:58,255.71,0.05,3,76713,买盘
1349,10:31:49,255.66,-0.05,13,332358,卖盘
1350,10:31:44,255.71,--,1,25571,买盘
1351,10:31:40,255.71,--,20,511420,卖盘
1352,10:31:35,255.71,-0.05,6,153426,卖盘
1353,10:31:20,255.76,--,0,0,中性盘
1354,10:31:10,255.76,-0.12,1,25576,卖盘
1355,10:31:04,255.88,-0.12,1,25588,中性盘
1356,10:30:55,256.0,0.34,14,358400,买盘
1357,10:30:49,255.66,-0.22,18,460188,卖盘
1358,10:30:40,255.88,--,1,25588,买盘
1359,10:30:35,255.88,--,0,0,买盘
1360,10:30:20,255.88,-0.01,2,51176,中性盘
1361,10:30:14,255.89,--,0,0,买盘
1362,10:30:05,255.89,0.19,3,76767,买盘
1363,10:29:58,255.7,-0.24,2,51140,卖盘
1364,10:29:55,255.94,0.29,10,255940,买盘
1365,10:29:50,255.65,0.02,2,51130,中性盘
1366,10:29:43,255.63,-0.07,11,281193,卖盘
1367,10:29:34,255.7,0.07,13,332410,买盘
1368,10:29:25,255.63,0.02,10,255630,买盘
1369,10:29:20,255.61,0.01,17,434537,中性盘
1370,10:29:14,255.6,--,1,25560,卖盘
1371,10:29:10,255.6,--,3,76680,卖盘
1372,10:29:04,255.6,--,39,1008086,买盘
1373,10:28:59,255.6,0.04,9,230040,买盘
1374,10:28:54,255.56,--,2,51112,卖盘
1375,10:28:50,255.56,0.01,2,51112,买盘
1376,10:28:43,255.55,-0.05,42,1073310,卖盘
1377,10:28:29,255.6,-0.02,16,432475,卖盘
1378,10:28:19,255.62,--,0,0,买盘
1379,10:28:07,255.62,--,5,127810,买盘
1380,10:28:04,255.62,--,0,0,买盘
1381,10:27:59,255.62,0.02,1,25562,买盘
1382,10:27:52,255.6,-0.05,14,357840,卖盘
1383,10:27:49,255.65,-0.02,1,25565,中性盘
1384,10:27:43,255.67,0.05,9,230103,买盘
1385,10:27:34,255.62,-0.08,16,408992,卖盘
1386,10:27:19,255.7,--,7,184871,卖盘
1387,10:27:14,255.7,--,24,622629,卖盘
1388,10:26:58,255.7,-0.05,2,51140,卖盘
1389,10:26:49,255.75,--,1,25575,买盘
1390,10:26:34,255.75,-0.04,4,102300,卖盘
1391,10:26:29,255.79,--,0,0,买盘
1392,10:26:19,255.79,0.04,1,25579,买盘
1393,10:26:13,255.75,-0.04,1,25575,卖盘
1394,10:26:04,255.79,0.04,10,255790,买盘
1395,10:25:59,255.75,0.05,8,204600,中性盘
1396,10:25:53,255.7,0.08,1,36309,卖盘
1397,10:25:49,255.62,--,0,0,卖盘
1398,10:25:43,255.62,--,2,51124,卖盘
1399,10:25:28,255.62,0.02,41,1065424,卖盘
1400,10:25:22,255.6,--,1,35784,买盘
1401,10:25:19,255.6,-0.02,43,1110582,卖盘
1402,10:25:04,255.62,0.01,2,51124,卖盘
1403,10:24:59,255.61,0.01,10,255610,买盘
1404,10:24:49,255.6,-0.21,62,1609002,卖盘
1405,10:24:43,255.81,--,38,972078,买盘
1406,10:24:33,255.81,0.21,10,255810,买盘
1407,10:24:29,255.6,--,0,0,卖盘
1408,10:24:22,255.6,--,0,0,卖盘
1409,10:24:19,255.6,-0.21,201,5152896,卖盘
1410,10:24:13,255.81,--,14,358134,卖盘
1411,10:24:08,255.81,--,3,76743,卖盘
1412,10:24:04,255.81,--,4,102324,卖盘
1413,10:23:52,255.81,-0.04,14,358134,卖盘
1414,10:23:49,255.85,0.01,13,332605,买盘
1415,10:23:44,255.84,-0.02,13,332592,卖盘
1416,10:23:37,255.86,-0.05,1,25586,卖盘
1417,10:23:33,255.91,--,0,0,买盘
1418,10:23:29,255.91,-0.01,43,1100413,卖盘
1419,10:23:23,255.92,-0.03,9,230328,卖盘
1420,10:23:19,255.95,--,4,102380,卖盘
1421,10:23:14,255.95,0.03,4,102380,卖盘
1422,10:23:07,255.92,--,0,0,卖盘
1423,10:22:58,255.92,-0.03,2,51184,卖盘
1424,10:22:53,255.95,--,7,179165,卖盘
1425,10:22:48,255.95,0.03,1,25595,卖盘
1426,10:22:43,255.92,-0.03,15,383880,卖盘
1427,10:22:34,255.95,-0.01,7,179165,买盘
1428,10:22:29,255.96,--,0,0,买盘
1429,10:22:23,255.96,0.01,1,25596,买盘
1430,10:22:14,255.95,--,0,23035,卖盘
1431,10:22:04,255.95,--,6,153570,卖盘
1432,10:21:58,255.95,--,0,0,卖盘
1433,10:21:52,255.95,-0.03,16,409520,卖盘
1434,10:21:49,255.98,0.02,1,25598,买盘
1435,10:21:29,255.96,--,15,383940,买盘
1436,10:21:22,255.96,-0.12,1,25596,中性盘
1437,10:21:19,256.08,0.08,27,693976,买盘
1438,10:21:13,256.0,0.02,9,230400,买盘
1439,10:21:07,255.98,--,1,25598,买盘
1440,10:20:59,255.98,--,3,99832,卖盘
1441,10:20:53,255.98,--,8,204784,卖盘
1442,10:20:43,255.98,--,1,25598,卖盘
1443,10:20:28,255.98,0.02,1,28157,中性盘
1444,10:20:22,255.96,-0.02,51,1305396,卖盘
1445,10:20:13,255.98,--,1,25598,买盘
1446,10:20:07,255.98,--,1,25598,买盘
1447,10:20:03,255.98,--,1,25598,买盘
1448,10:19:58,255.98,--,5,127990,买盘
1449,10:19:53,255.98,--,1,25598,买盘
1450,10:19:48,255.98,0.02,2,51196,买盘
1451,10:19:43,255.96,-0.02,8,204768,中性盘
1452,10:19:38,255.98,--,10,255980,买盘
1453,10:19:28,255.98,--,1,25598,买盘
1454,10:19:22,255.98,--,1,25598,买盘
1455,10:19:16,255.98,--,1,25598,买盘
1456,10:19:07,255.98,--,0,0,买盘
1457,10:18:53,255.98,--,10,255980,买盘
1458,10:18:47,255.98,--,0,0,中性盘
1459,10:18:43,255.98,-0.01,2,51196,买盘
1460,10:18:32,255.99,--,0,0,买盘
1461,10:18:28,255.99,0.09,1,25599,买盘
1462,10:18:23,255.9,--,7,179130,卖盘
1463,10:18:17,255.9,--,0,0,卖盘
1464,10:18:13,255.9,--,1,25590,卖盘
1465,10:17:52,255.9,--,10,255900,买盘
1466,10:17:43,255.9,--,1,25590,买盘
1467,10:17:37,255.9,0.05,14,358260,买盘
1468,10:17:31,255.85,-0.05,7,179095,卖盘
1469,10:17:28,255.9,--,1,25590,买盘
1470,10:17:22,255.9,--,5,127950,卖盘
1471,10:17:16,255.9,--,4,102360,买盘
1472,10:17:07,255.9,--,15,383850,卖盘
1473,10:17:02,255.9,--,3,76770,买盘
1474,10:16:58,255.9,0.07,7,179130,买盘
1475,10:16:53,255.83,-0.02,21,537243,卖盘
1476,10:16:43,255.85,-0.05,7,179095,中性盘
1477,10:16:38,255.9,0.1,1,25590,买盘
1478,10:16:31,255.8,--,0,0,卖盘
1479,10:16:28,255.8,--,1,25580,买盘
1480,10:16:22,255.8,-0.1,6,153480,卖盘
1481,10:16:12,255.9,0.1,2,51180,买盘
1482,10:16:08,255.8,0.01,6,153480,买盘
1483,10:16:02,255.79,--,23,588317,买盘
1484,10:15:57,255.79,--,2,51158,买盘
1485,10:15:52,255.79,--,0,0,买盘
1486,10:15:42,255.79,--,23,588317,买盘
1487,10:15:31,255.79,0.1,6,153474,买盘
1488,10:15:23,255.69,-0.11,9,230121,买盘
1489,10:15:16,255.8,--,0,0,买盘
1490,10:15:12,255.8,0.11,10,255800,买盘
1491,10:15:08,255.69,-0.01,8,227564,卖盘
1492,10:15:01,255.7,--,1,28127,买盘
1493,10:14:57,255.7,--,16,409120,买盘
1494,10:14:53,255.7,--,4,125293,卖盘
1495,10:14:42,255.7,--,13,334967,卖盘
1496,10:14:38,255.7,-0.01,15,383550,卖盘
1497,10:14:22,255.71,-0.08,16,409136,卖盘
1498,10:14:17,255.79,0.07,28,716212,买盘
1499,10:14:12,255.72,-0.03,18,460296,卖盘
1500,10:14:07,255.75,0.05,3,76725,中性盘
1501,10:13:57,255.7,-0.01,18,460260,卖盘
1502,10:13:53,255.71,0.01,4,102284,中性盘
1503,10:13:47,255.7,-0.09,4,102280,卖盘
1504,10:13:42,255.79,--,0,0,买盘
1505,10:13:38,255.79,--,3,76737,买盘
1506,10:13:31,255.79,0.08,10,255790,买盘
1507,10:13:22,255.71,-0.09,6,153426,卖盘
1508,10:13:16,255.8,0.09,4,102320,买盘
1509,10:13:12,255.71,--,10,255710,卖盘
1510,10:13:07,255.71,-0.09,5,127855,卖盘
1511,10:12:57,255.8,--,3,76740,买盘
1512,10:12:52,255.8,--,21,537180,买盘
1513,10:12:42,255.8,--,1,25580,买盘
1514,10:12:27,255.8,--,1,25580,买盘
1515,10:12:22,255.8,--,1,25580,中性盘
1516,10:12:17,255.8,--,21,537180,卖盘
1517,10:12:07,255.8,--,0,0,中性盘
1518,10:12:01,255.8,--,1,25580,卖盘
1519,10:11:52,255.8,-0.16,9,230220,卖盘
1520,10:11:46,255.96,0.16,2,51192,买盘
1521,10:11:31,255.8,--,7,179060,买盘
1522,10:11:27,255.8,--,0,0,中性盘
1523,10:11:22,255.8,-0.16,2,51160,卖盘
1524,10:11:17,255.96,--,1,25596,买盘
1525,10:11:11,255.96,--,1,25596,买盘
1526,10:11:07,255.96,--,2,51192,买盘
1527,10:11:02,255.96,-0.04,16,409536,中性盘
1528,10:10:56,256.0,--,11,281600,买盘
1529,10:10:52,256.0,0.02,33,844800,买盘
1530,10:10:46,255.98,0.3,13,332774,买盘
1531,10:10:41,255.68,-0.31,2,51136,卖盘
1532,10:10:37,255.99,0.01,4,102396,买盘
1533,10:10:31,255.98,0.01,24,614352,买盘
1534,10:10:26,255.97,0.17,18,460746,买盘
1535,10:10:22,255.8,0.13,19,486020,买盘
1536,10:10:17,255.67,-0.13,16,409072,卖盘
1537,10:10:11,255.8,0.13,12,306960,买盘
1538,10:10:07,255.67,-0.13,7,178969,中性盘
1539,10:10:01,255.8,0.16,1,25580,买盘
1540,10:09:56,255.64,--,0,0,卖盘
1541,10:09:52,255.64,--,0,0,卖盘
1542,10:09:46,255.64,--,0,0,卖盘
1543,10:09:40,255.64,-0.01,2,51128,卖盘
1544,10:09:37,255.65,-0.35,11,281215,卖盘
1545,10:09:22,256.0,0.2,2,51200,买盘
1546,10:09:07,255.8,--,1,25580,卖盘
1547,10:09:01,255.8,--,1,25580,卖盘
1548,10:08:51,255.8,--,1,25580,买盘
1549,10:08:46,255.8,0.2,1,25580,买盘
1550,10:08:37,255.6,--,0,0,卖盘
1551,10:08:32,255.6,--,6,153360,卖盘
1552,10:08:25,255.6,--,6,153360,卖盘
1553,10:08:22,255.6,0.02,16,408960,中性盘
1554,10:08:17,255.58,-0.02,3,76674,卖盘
1555,10:08:11,255.6,0.02,21,536760,买盘
1556,10:07:51,255.58,--,1,25558,买盘
1557,10:07:47,255.58,-0.02,1,25558,买盘
1558,10:07:41,255.6,--,0,0,买盘
1559,10:07:36,255.6,0.02,11,281160,买盘
1560,10:07:31,255.58,0.02,2,51116,卖盘
1561,10:07:25,255.56,--,0,0,卖盘
1562,10:07:21,255.56,-0.04,15,383340,卖盘
1563,10:07:16,255.6,--,9,230040,卖盘
1564,10:07:10,255.6,--,8,204480,卖盘
1565,10:07:06,255.6,--,1,25560,卖盘
1566,10:07:01,255.6,0.03,2,51120,中性盘
1567,10:06:55,255.57,-0.04,1,25557,卖盘
1568,10:06:51,255.61,-0.01,1,25561,中性盘
1569,10:06:47,255.62,0.02,10,255620,买盘
1570,10:06:36,255.6,-0.02,43,1099080,卖盘
1571,10:06:31,255.62,--,4,102248,买盘
1572,10:06:25,255.62,--,6,153372,买盘
1573,10:06:21,255.62,-0.38,33,843546,卖盘
1574,10:06:11,256.0,--,0,0,买盘
1575,10:06:06,256.0,0.2,1,25600,买盘
1576,10:05:56,255.8,-0.2,1,25580,卖盘
1577,10:05:46,256.0,--,3,76800,买盘
1578,10:05:41,256.0,--,1,25600,买盘
1579,10:05:36,256.0,--,3,76800,买盘
1580,10:05:31,256.0,--,1,25600,买盘
1581,10:05:26,256.0,-0.01,75,1920000,卖盘
1582,10:05:21,256.01,0.01,7,179207,买盘
1583,10:05:16,256.0,-0.01,16,409600,卖盘
1584,10:05:11,256.01,--,0,0,中性盘
1585,10:05:06,256.01,0.01,5,128005,中性盘
1586,10:05:01,256.0,-0.08,5,128000,卖盘
1587,10:04:56,256.08,0.08,11,281688,买盘
1588,10:04:46,256.0,-0.08,13,332800,卖盘
1589,10:04:41,256.08,--,0,0,买盘
1590,10:04:36,256.08,0.08,2,51216,买盘
1591,10:04:31,256.0,--,8,204800,卖盘
1592,10:04:25,256.0,--,1,25600,卖盘
1593,10:04:21,256.0,-0.08,7,179200,买盘
1594,10:04:16,256.08,0.08,2,51216,买盘
1595,10:04:11,256.0,--,3,76800,卖盘
1596,10:04:06,256.0,-0.08,2,51200,卖盘
1597,10:04:01,256.08,0.51,1,25608,买盘
1598,10:03:56,255.57,-0.43,22,579888,卖盘
1599,10:03:46,256.0,0.41,47,1203200,买盘
1600,10:03:40,255.59,0.02,3,76677,中性盘
1601,10:03:36,255.57,-0.02,21,536697,卖盘
1602,10:03:31,255.59,0.02,28,715652,买盘
1603,10:03:26,255.57,--,10,255570,买盘
1604,10:03:21,255.57,-0.02,3,76671,买盘
1605,10:03:16,255.59,0.03,39,996801,卖盘
1606,10:03:11,255.56,-0.01,25,638900,卖盘
1607,10:03:01,255.57,0.01,32,817824,卖盘
1608,10:02:56,255.56,-0.03,18,460008,卖盘
1609,10:02:50,255.59,--,6,153354,买盘
1610,10:02:46,255.59,--,28,715652,买盘
1611,10:02:41,255.59,--,3,76677,买盘
1612,10:02:31,255.59,-0.43,17,434503,卖盘
1613,10:02:25,256.02,--,5,128009,买盘
1614,10:02:20,256.02,0.52,1,25602,买盘
1615,10:02:16,255.5,-0.5,12,306600,卖盘
1616,10:02:11,256.0,-0.05,28,716800,卖盘
1617,10:02:05,256.05,-0.01,1,25605,买盘
1618,10:02:01,256.06,-0.02,4,102424,卖盘
1619,10:01:55,256.08,-0.17,2,51216,卖盘
1620,10:01:50,256.25,0.17,1,25625,买盘
1621,10:01:46,256.08,-0.2,4,102432,卖盘
1622,10:01:41,256.28,-0.02,4,102511,卖盘
1623,10:01:31,256.3,-0.09,1,25630,卖盘
1624,10:01:25,256.39,--,1,25639,买盘
1625,10:01:20,256.39,-0.06,19,487141,卖盘
1626,10:01:16,256.45,-0.05,14,359030,卖盘
1627,10:01:04,256.5,--,2,51300,买盘
1628,10:01:01,256.5,--,49,1275831,卖盘
1629,10:00:55,256.5,-0.01,21,538650,卖盘
1630,10:00:49,256.51,-0.04,10,273696,卖盘
1631,10:00:46,256.55,--,11,290671,买盘
1632,10:00:41,256.55,-0.03,2,68498,卖盘
1633,10:00:34,256.58,--,6,153948,卖盘
1634,10:00:31,256.58,-0.02,13,342021,卖盘
1635,10:00:26,256.6,0.02,14,359240,买盘
1636,10:00:15,256.58,-0.17,17,459278,卖盘
1637,10:00:11,256.75,0.15,8,205400,买盘
1638,10:00:05,256.6,-0.01,4,102640,卖盘
1639,10:00:01,256.61,--,13,333593,买盘
1640,09:59:56,256.61,0.01,15,384915,买盘
1641,09:59:45,256.6,-0.02,30,769800,卖盘
1642,09:59:40,256.62,0.01,9,230958,中性盘
1643,09:59:30,256.61,-0.09,1,25661,卖盘
1644,09:59:25,256.7,--,7,179690,买盘
1645,09:59:15,256.7,-0.05,3,77010,卖盘
1646,09:59:10,256.75,0.14,14,359450,买盘
1647,09:59:04,256.61,-0.16,4,102644,卖盘
1648,09:59:00,256.77,0.02,27,693279,买盘
1649,09:58:55,256.75,-0.02,69,1771575,卖盘
1650,09:58:45,256.77,--,11,282447,卖盘
1651,09:58:40,256.77,--,5,128384,卖盘
1652,09:58:34,256.77,-0.01,16,410832,卖盘
1653,09:58:30,256.78,-0.01,13,333813,卖盘
1654,09:58:25,256.79,0.01,6,154074,中性盘
1655,09:58:20,256.78,-0.02,4,102711,卖盘
1656,09:58:15,256.8,-0.05,8,205440,卖盘
1657,09:58:10,256.85,0.05,1,25685,买盘
1658,09:58:04,256.8,-0.05,2,51360,卖盘
1659,09:58:00,256.85,-0.04,11,282535,卖盘
1660,09:57:55,256.89,-0.01,3,77067,买盘
1661,09:57:45,256.9,-0.01,10,277452,卖盘
1662,09:57:40,256.91,0.01,1,25691,买盘
1663,09:57:34,256.9,-0.01,4,109182,卖盘
1664,09:57:30,256.91,0.01,6,154146,买盘
1665,09:57:25,256.9,--,1,25689,卖盘
1666,09:57:19,256.9,-0.01,5,147717,卖盘
1667,09:57:15,256.91,--,2,51382,卖盘
1668,09:57:10,256.91,--,1,25691,卖盘
1669,09:57:05,256.91,-0.04,10,256910,卖盘
1670,09:57:00,256.95,-0.01,1,25695,中性盘
1671,09:56:54,256.96,0.05,19,488223,买盘
1672,09:56:49,256.91,--,0,0,卖盘
1673,09:56:45,256.91,-0.05,15,385365,卖盘
1674,09:56:40,256.96,--,4,102783,买盘
1675,09:56:35,256.96,--,0,0,买盘
1676,09:56:30,256.96,-0.03,2,51391,卖盘
1677,09:56:25,256.99,0.03,2,51398,买盘
1678,09:56:20,256.96,--,1,25695,卖盘
1679,09:56:15,256.96,--,8,205567,买盘
1680,09:56:10,256.96,0.05,10,256959,卖盘
1681,09:56:04,256.91,-0.05,10,256910,卖盘
1682,09:55:55,256.96,--,1,30835,卖盘
1683,09:55:49,256.96,-0.04,1,25695,卖盘
1684,09:55:45,257.0,--,0,0,买盘
1685,09:55:40,257.0,--,1,25700,卖盘
1686,09:55:35,257.0,--,2,51400,中性盘
1687,09:55:30,257.0,--,1,25700,卖盘
1688,09:55:24,257.0,-0.02,4,102800,中性盘
1689,09:55:19,257.02,--,24,616848,买盘
1690,09:55:10,257.02,0.12,5,128509,买盘
1691,09:55:05,256.9,-0.1,15,385349,卖盘
1692,09:54:59,257.0,--,4,102800,卖盘
1693,09:54:55,257.0,-0.02,19,488300,卖盘
1694,09:54:49,257.02,--,4,102808,买盘
1695,09:54:40,257.02,-0.18,9,231317,卖盘
1696,09:54:35,257.2,--,0,0,买盘
1697,09:54:29,257.2,--,2,51440,买盘
1698,09:54:25,257.2,0.1,8,205760,买盘
1699,09:54:19,257.1,-0.1,49,1259790,卖盘
1700,09:54:10,257.2,--,6,154320,买盘
1701,09:54:05,257.2,--,4,102880,买盘
1702,09:53:58,257.2,--,3,77160,买盘
1703,09:53:50,257.2,0.02,5,128600,买盘
1704,09:53:44,257.18,-0.02,2,51436,卖盘
1705,09:53:39,257.2,--,1,25720,买盘
1706,09:53:35,257.2,--,11,282920,买盘
1707,09:53:25,257.2,0.05,7,180040,买盘
1708,09:53:20,257.15,-0.05,9,231434,卖盘
1709,09:53:14,257.2,0.05,7,180040,买盘
1710,09:53:09,257.15,-0.05,7,180004,卖盘
1711,09:53:04,257.2,0.05,22,565840,买盘
1712,09:52:43,257.15,--,2,51429,卖盘
1713,09:52:39,257.15,--,10,257149,卖盘
1714,09:52:24,257.15,--,1,25714,卖盘
1715,09:52:18,257.15,--,13,334294,卖盘
1716,09:52:13,257.15,--,7,180004,卖盘
1717,09:52:03,257.15,--,9,231434,卖盘
1718,09:51:58,257.15,-0.05,11,282865,卖盘
1719,09:51:54,257.2,0.05,1,25720,买盘
1720,09:51:49,257.15,0.07,3,77145,卖盘
1721,09:51:44,257.08,-0.07,9,231372,中性盘
1722,09:51:34,257.15,0.07,6,154290,买盘
1723,09:51:29,257.08,--,0,0,中性盘
1724,09:51:24,257.08,0.08,3,77124,买盘
1725,09:51:19,257.0,-0.1,2,51400,卖盘
1726,09:51:14,257.1,-0.05,3,77130,卖盘
1727,09:51:03,257.15,0.15,10,257149,卖盘
1728,09:50:58,257.0,-0.15,50,1285000,卖盘
1729,09:50:54,257.15,0.03,10,257149,买盘
1730,09:50:48,257.12,--,1,25712,中性盘
1731,09:50:44,257.12,-0.03,3,77136,卖盘
1732,09:50:39,257.15,--,2,51429,买盘
1733,09:50:33,257.15,--,0,0,买盘
1734,09:50:24,257.15,-0.25,23,596073,卖盘
1735,09:50:18,257.4,-0.13,5,134362,卖盘
1736,09:50:13,257.53,-0.01,3,77258,卖盘
1737,09:50:09,257.54,0.24,6,154524,买盘
1738,09:50:04,257.3,-0.18,44,1132120,卖盘
1739,09:49:58,257.48,--,0,0,卖盘
1740,09:49:49,257.48,0.08,3,77244,卖盘
1741,09:49:43,257.4,--,3,77220,买盘
1742,09:49:39,257.4,0.2,1,25739,中性盘
1743,09:49:34,257.2,-0.3,69,1774680,卖盘
1744,09:49:29,257.5,0.05,21,540750,买盘
1745,09:49:13,257.45,-0.03,6,154470,卖盘
1746,09:49:09,257.48,0.03,8,205984,买盘
1747,09:49:04,257.45,-0.04,11,283195,卖盘
1748,09:48:58,257.49,0.04,1,25749,买盘
1749,09:48:54,257.45,-0.05,2,51490,卖盘
1750,09:48:48,257.5,--,0,0,买盘
1751,09:48:43,257.5,0.01,28,721000,买盘
1752,09:48:39,257.49,-0.01,4,102996,中性盘
1753,09:48:33,257.5,--,6,154500,买盘
1754,09:48:29,257.5,--,5,128750,买盘
1755,09:48:24,257.5,--,2,51500,买盘
1756,09:48:18,257.5,--,8,206000,买盘
1757,09:48:13,257.5,--,1,25750,买盘
1758,09:48:09,257.5,--,1,25750,买盘
1759,09:48:03,257.5,--,10,257500,卖盘
1760,09:47:58,257.5,--,3,77250,卖盘
1761,09:47:54,257.5,--,2,51500,卖盘
1762,09:47:48,257.5,-0.02,2,51500,卖盘
1763,09:47:44,257.52,0.02,14,360528,买盘
1764,09:47:39,257.5,--,1,25750,买盘
1765,09:47:33,257.5,-0.1,1,25750,买盘
1766,09:47:18,257.6,0.08,204,5255040,买盘
1767,09:47:14,257.52,0.02,16,412032,买盘
1768,09:46:58,257.5,0.29,33,865200,买盘
1769,09:46:48,257.21,-0.14,49,1260329,中性盘
1770,09:46:44,257.35,--,49,1271309,卖盘
1771,09:46:37,257.35,--,7,180145,卖盘
1772,09:46:33,257.35,--,2,66911,卖盘
1773,09:46:29,257.35,--,19,488965,买盘
1774,09:46:23,257.35,0.14,7,180145,买盘
1775,09:46:18,257.21,0.01,1,25720,卖盘
1776,09:46:14,257.2,-0.15,1,25720,卖盘
1777,09:45:57,257.35,0.15,2,51470,买盘
1778,09:45:48,257.2,--,5,128600,卖盘
1779,09:45:42,257.2,0.02,20,514400,买盘
1780,09:45:37,257.18,-0.02,1,25718,卖盘
1781,09:45:33,257.2,--,1,25720,买盘
1782,09:45:27,257.2,--,8,205760,买盘
1783,09:45:18,257.2,--,2,51440,中性盘
1784,09:45:12,257.2,--,11,282920,买盘
1785,09:45:03,257.2,0.02,1,25720,买盘
1786,09:44:57,257.18,0.11,6,154308,买盘
1787,09:44:53,257.07,-0.1,35,899745,卖盘
1788,09:44:48,257.17,0.1,2,51434,买盘
1789,09:44:42,257.07,-0.01,45,1156815,卖盘
1790,09:44:33,257.08,0.01,3,77124,买盘
1791,09:44:27,257.07,--,2,51414,卖盘
1792,09:44:23,257.07,0.07,4,102828,买盘
1793,09:44:18,257.0,--,1,25700,买盘
1794,09:44:12,257.0,--,25,642500,卖盘
1795,09:44:08,257.0,--,10,257000,卖盘
1796,09:44:03,257.0,--,1,25700,中性盘
1797,09:43:57,257.0,--,1,25700,买盘
1798,09:43:53,257.0,--,3,77100,买盘
1799,09:43:48,257.0,--,2,51400,买盘
1800,09:43:42,257.0,0.02,10,257000,买盘
1801,09:43:38,256.98,0.01,1,25698,卖盘
1802,09:43:27,256.97,-0.01,0,5139,买盘
1803,09:43:22,256.98,-0.02,0,20558,卖盘
1804,09:43:18,257.0,--,10,257000,买盘
1805,09:43:12,257.0,0.02,8,205600,买盘
1806,09:43:03,256.98,-0.02,3,77094,卖盘
1807,09:42:57,257.0,--,10,257000,卖盘
1808,09:42:48,257.0,0.23,38,981740,买盘
1809,09:42:42,256.77,-0.03,7,179739,卖盘
1810,09:42:33,256.8,0.05,2,51360,买盘
1811,09:42:27,256.75,-0.05,3,79592,卖盘
1812,09:42:22,256.8,-0.19,11,282480,卖盘
1813,09:42:18,256.99,--,0,0,买盘
1814,09:42:12,256.99,--,58,1490542,买盘
1815,09:42:07,256.99,0.29,3,77097,买盘
1816,09:42:03,256.7,-0.29,1,25670,卖盘
1817,09:41:57,256.99,-0.01,15,385485,中性盘
1818,09:41:52,257.0,0.01,5,128500,买盘
1819,09:41:48,256.99,0.36,7,179893,买盘
1820,09:41:42,256.63,-0.36,7,179641,卖盘
1821,09:41:33,256.99,0.37,3,77097,买盘
1822,09:41:27,256.62,--,0,0,卖盘
1823,09:41:23,256.62,-0.37,1,25662,卖盘
1824,09:41:12,256.99,-0.01,7,179893,卖盘
1825,09:41:07,257.0,--,1,25700,买盘
1826,09:40:57,257.0,--,3,97146,卖盘
1827,09:40:52,257.0,-0.08,26,668200,卖盘
1828,09:40:38,257.08,-0.02,18,462744,卖盘
1829,09:40:33,257.1,-0.08,7,179970,中性盘
1830,09:40:27,257.18,0.13,11,288555,买盘
1831,09:40:23,257.05,-0.13,10,257050,卖盘
1832,09:40:18,257.18,--,1,25718,买盘
1833,09:40:12,257.18,0.03,13,334334,买盘
1834,09:40:08,257.15,-0.03,24,630788,卖盘
1835,09:39:57,257.18,0.01,1,25718,买盘
1836,09:39:53,257.17,-0.01,26,683557,卖盘
1837,09:39:47,257.18,--,8,205744,卖盘
1838,09:39:42,257.18,-0.02,14,360052,卖盘
1839,09:39:27,257.2,-0.05,3,77160,卖盘
1840,09:39:21,257.25,0.05,4,102900,买盘
1841,09:39:17,257.2,--,5,128600,买盘
1842,09:39:12,257.2,-0.1,12,308640,卖盘
1843,09:39:06,257.3,0.01,8,205840,买盘
1844,09:39:01,257.29,--,17,437393,卖盘
1845,09:38:57,257.29,--,5,128645,卖盘
1846,09:38:51,257.29,--,8,205832,买盘
1847,09:38:42,257.29,0.02,19,488851,买盘
1848,09:38:36,257.27,--,13,334451,中性盘
1849,09:38:27,257.27,--,2,51454,买盘
1850,09:38:21,257.27,0.1,1,25727,买盘
1851,09:38:12,257.17,--,0,0,卖盘
1852,09:38:06,257.17,-0.11,2,51434,卖盘
1853,09:38:02,257.28,--,1,25727,买盘
1854,09:37:57,257.28,0.11,9,231551,买盘
1855,09:37:51,257.17,--,1,25717,卖盘
1856,09:37:46,257.17,-0.11,1,25717,卖盘
1857,09:37:42,257.28,0.11,17,437375,中性盘
1858,09:37:36,257.17,-0.13,10,257170,卖盘
1859,09:37:31,257.3,--,1,25730,买盘
1860,09:37:27,257.3,0.13,7,180110,买盘
1861,09:37:21,257.17,--,17,460077,卖盘
1862,09:37:16,257.17,-0.11,19,488623,卖盘
1863,09:37:12,257.28,--,9,240814,卖盘
1864,09:37:06,257.28,-0.03,9,254707,卖盘
1865,09:37:01,257.31,--,1,25731,买盘
1866,09:36:57,257.31,-0.08,2,51462,买盘
1867,09:36:51,257.39,--,3,77217,买盘
1868,09:36:42,257.39,-0.09,27,694953,卖盘
1869,09:36:36,257.48,0.09,9,231732,卖盘
1870,09:36:31,257.39,--,0,0,卖盘
1871,09:36:21,257.39,-0.11,4,102956,卖盘
1872,09:36:17,257.5,--,5,128750,卖盘
1873,09:36:12,257.5,0.1,17,437750,买盘
1874,09:36:06,257.4,-0.15,3,77220,卖盘
1875,09:36:01,257.55,0.05,12,309060,买盘
1876,09:35:57,257.5,-0.05,1,25750,买盘
1877,09:35:51,257.55,--,12,309060,中性盘
1878,09:35:47,257.55,--,2,51510,卖盘
1879,09:35:42,257.55,0.05,16,412080,买盘
1880,09:35:32,257.5,0.11,2,51500,买盘
1881,09:35:27,257.39,0.09,4,102956,买盘
1882,09:35:21,257.3,--,0,0,中性盘
1883,09:35:16,257.3,0.02,3,77190,买盘
1884,09:35:12,257.28,--,7,180095,卖盘
1885,09:35:06,257.28,--,1,44766,卖盘
1886,09:35:01,257.28,0.12,2,51455,买盘
1887,09:34:57,257.16,-0.01,3,77148,中性盘
1888,09:34:51,257.17,0.02,8,205736,买盘
1889,09:34:46,257.15,--,3,77145,买盘
1890,09:34:42,257.15,0.01,1,25714,中性盘
1891,09:34:36,257.14,-0.01,1,25714,卖盘
1892,09:34:32,257.15,--,0,0,中性盘
1893,09:34:27,257.15,0.05,2,51429,买盘
1894,09:34:21,257.1,0.05,2,51420,买盘
1895,09:34:12,257.05,--,2,51410,卖盘
1896,09:34:06,257.05,0.05,9,231345,买盘
1897,09:33:51,257.0,0.01,4,102800,买盘
1898,09:33:47,256.99,-0.01,8,205592,卖盘
1899,09:33:42,257.0,0.01,1,25700,买盘
1900,09:33:36,256.99,--,28,719572,卖盘
1901,09:33:32,256.99,-0.01,0,5139,卖盘
1902,09:33:27,257.0,--,1,25700,买盘
1903,09:33:21,257.0,0.01,5,128500,买盘
1904,09:33:17,256.99,-0.01,1,25699,买盘
1905,09:33:12,257.0,--,7,179900,买盘
1906,09:33:06,257.0,--,2,51400,买盘
1907,09:32:57,257.0,--,0,0,买盘
1908,09:32:51,257.0,0.4,2,51400,买盘
1909,09:32:45,256.6,0.04,113,2899580,买盘
1910,09:32:41,256.56,-0.04,6,153936,中性盘
1911,09:32:36,256.6,0.04,28,718480,买盘
1912,09:32:30,256.56,-0.04,4,102624,卖盘
1913,09:32:26,256.6,--,5,128300,买盘
1914,09:32:21,256.6,-0.09,19,487540,卖盘
1915,09:32:15,256.69,--,1,25669,卖盘
1916,09:32:06,256.69,-0.31,7,179683,卖盘
1917,09:32:00,257.0,0.4,1,25700,买盘
1918,09:31:45,256.6,--,0,0,中性盘
1919,09:31:41,256.6,0.09,2,51320,买盘
1920,09:31:36,256.51,--,1,25651,买盘
1921,09:31:30,256.51,-0.63,16,410416,卖盘
1922,09:31:21,257.14,0.62,8,205712,买盘
1923,09:31:15,256.52,-0.05,15,384780,买盘
1924,09:31:11,256.57,-0.62,2,51314,卖盘
1925,09:31:06,257.19,0.05,26,668694,买盘
1926,09:31:00,257.14,0.54,1,25714,买盘
1927,09:30:55,256.6,0.03,12,307920,买盘
1928,09:30:51,256.57,-0.62,3,76971,卖盘
1929,09:30:45,257.19,--,7,180033,买盘
1930,09:30:40,257.19,-0.11,1,25719,买盘
1931,09:30:36,257.3,0.12,3,77190,买盘
1932,09:30:30,257.18,-0.01,1,25718,中性盘
1933,09:30:26,257.19,0.25,1,25719,买盘
1934,09:30:21,256.94,--,0,0,卖盘
1935,09:30:15,256.94,0.43,1,25694,中性盘
1936,09:30:10,256.51,-0.09,17,436067,卖盘
1937,09:30:06,256.6,0.1,32,821120,买盘
1938,09:28:47,256.5,--,0,0,卖盘
1939,09:25:03,256.5,256.5,120,3084669,买盘
