,time,price,change,volume,amount,type
0,15:00:00,10.64,--,0,0,卖盘
1,14:59:59,10.64,--,0,0,卖盘
2,14:59:59,10.64,--,120,127680,卖盘
3,14:59:56,10.64,--,459,488908,卖盘
4,14:59:51,10.64,--,74,78736,卖盘
5,14:59:46,10.64,--,103,109592,卖盘
6,14:59:41,10.64,0.01,669,711816,买盘
7,14:59:35,10.63,--,163,173269,卖盘
8,14:59:31,10.63,-0.01,41,43583,买盘
9,14:59:26,10.64,--,422,449008,买盘
10,14:59:20,10.64,0.01,143,152152,买盘
11,14:59:16,10.63,--,119,126497,卖盘
12,14:59:11,10.63,0.01,168,178584,中性盘
13,14:59:05,10.62,--,376,399439,卖盘
14,14:59:01,10.62,--,40,42480,卖盘
15,14:58:55,10.62,--,38,40356,卖盘
16,14:58:50,10.62,-0.01,41,43542,卖盘
17,14:58:45,10.63,0.02,219,232797,买盘
18,14:58:41,10.61,-0.01,127,134747,中性盘
19,14:58:35,10.62,--,428,454535,卖盘
20,14:58:30,10.62,--,110,116819,卖盘
21,14:58:25,10.62,--,140,148680,买盘
22,14:58:20,10.62,--,153,162486,卖盘
23,14:58:15,10.62,--,150,159300,卖盘
24,14:58:10,10.62,--,56,59471,买盘
25,14:58:05,10.62,--,184,195408,买盘
26,14:58:00,10.62,0.01,120,127439,买盘
27,14:57:50,10.61,--,65,68965,卖盘
28,14:57:45,10.61,--,156,165516,买盘
29,14:57:39,10.61,--,51,54111,买盘
30,14:57:35,10.61,0.01,73,77453,买盘
31,14:57:30,10.6,--,75,79500,卖盘
32,14:57:25,10.6,--,10,10600,卖盘
33,14:57:20,10.6,--,35,37100,卖盘
34,14:57:15,10.6,--,133,141510,买盘
35,14:57:10,10.6,--,184,195040,买盘
36,14:57:05,10.6,--,96,101760,买盘
37,14:57:00,10.6,0.01,148,156880,买盘
38,14:56:55,10.59,-0.01,67,70953,卖盘
39,14:56:50,10.6,--,179,189740,买盘
40,14:56:45,10.6,0.01,497,526820,买盘
41,14:56:35,10.59,--,111,117549,卖盘
42,14:56:30,10.59,--,67,70953,买盘
43,14:56:25,10.59,0.01,104,110136,买盘
44,14:56:20,10.58,-0.01,68,71944,卖盘
45,14:56:15,10.59,--,209,221331,买盘
46,14:56:10,10.59,--,30,31770,买盘
47,14:56:05,10.59,0.01,116,122844,买盘
48,14:56:00,10.58,-0.01,98,103684,卖盘
49,14:55:55,10.59,--,9,9531,买盘
50,14:55:50,10.59,0.01,42,44478,买盘
51,14:55:45,10.58,--,88,93104,卖盘
52,14:55:39,10.58,--,272,287776,买盘
53,14:55:35,10.58,--,115,121670,买盘
54,14:55:30,10.58,-0.01,29,30682,中性盘
55,14:55:25,10.59,--,527,558093,买盘
56,14:55:20,10.59,0.01,28,29652,买盘
57,14:55:15,10.58,0.01,38,40204,买盘
58,14:55:09,10.57,--,115,121555,卖盘
59,14:55:05,10.57,-0.01,276,291732,卖盘
60,14:55:00,10.58,--,81,85698,买盘
61,14:54:54,10.58,--,4,4232,买盘
62,14:54:50,10.58,0.01,15,15870,买盘
63,14:54:45,10.57,--,60,63420,卖盘
64,14:54:39,10.57,--,82,86674,卖盘
65,14:54:35,10.57,--,185,195545,买盘
66,14:54:30,10.57,--,140,147980,买盘
67,14:54:24,10.57,--,30,31710,买盘
68,14:54:20,10.57,--,392,414344,买盘
69,14:54:15,10.57,-0.01,829,876253,卖盘
70,14:54:09,10.58,0.01,212,224296,买盘
71,14:54:05,10.57,--,17,17969,卖盘
72,14:54:00,10.57,--,18,19026,卖盘
73,14:53:50,10.57,0.01,220,232540,买盘
74,14:53:45,10.56,-0.02,82,86592,卖盘
75,14:53:39,10.58,0.01,105,111090,买盘
76,14:53:35,10.57,--,20,21140,买盘
77,14:53:30,10.57,--,106,112042,买盘
78,14:53:24,10.57,-0.01,104,109928,卖盘
79,14:53:20,10.58,--,526,556508,买盘
80,14:53:15,10.58,--,10,10580,买盘
81,14:53:09,10.58,--,2,2116,买盘
82,14:53:05,10.58,--,305,322690,卖盘
83,14:53:00,10.58,-0.01,43,45494,卖盘
84,14:52:54,10.59,--,65,68835,买盘
85,14:52:50,10.59,0.02,15,15885,卖盘
86,14:52:45,10.57,-0.02,499,527443,卖盘
87,14:52:39,10.59,--,10,10590,卖盘
88,14:52:35,10.59,--,11,11649,卖盘
89,14:52:30,10.59,--,82,86838,买盘
90,14:52:24,10.59,0.01,494,523146,买盘
91,14:52:20,10.58,--,62,65596,卖盘
92,14:52:15,10.58,-0.01,228,241224,卖盘
93,14:52:09,10.59,0.01,63,66717,买盘
94,14:52:05,10.58,--,57,60306,卖盘
95,14:52:00,10.58,-0.01,8,8464,卖盘
96,14:51:54,10.59,--,33,34947,买盘
97,14:51:50,10.59,0.01,11,11649,买盘
98,14:51:44,10.58,-0.02,27,28566,卖盘
99,14:51:39,10.6,0.01,43,45580,买盘
100,14:51:35,10.59,--,16,16944,卖盘
101,14:51:30,10.59,-0.01,20,21180,卖盘
102,14:51:19,10.6,--,70,74200,买盘
103,14:51:15,10.6,0.02,45,47700,买盘
104,14:51:09,10.58,-0.02,261,276138,卖盘
105,14:51:05,10.6,0.01,112,118720,买盘
106,14:51:00,10.59,--,53,56127,买盘
107,14:50:54,10.59,-0.02,541,572919,卖盘
108,14:50:48,10.61,--,6,6366,买盘
109,14:50:44,10.61,0.01,34,36074,买盘
110,14:50:39,10.6,--,449,475940,卖盘
111,14:50:33,10.6,-0.02,1011,1071660,卖盘
112,14:50:29,10.62,--,1,1062,买盘
113,14:50:24,10.62,0.01,4,4248,买盘
114,14:50:18,10.61,-0.02,2,2122,卖盘
115,14:50:14,10.63,--,5,5315,买盘
116,14:50:09,10.63,0.03,59,62717,买盘
117,14:49:59,10.6,-0.04,22,23320,卖盘
118,14:49:54,10.64,0.04,138,146832,买盘
119,14:49:48,10.6,-0.04,5,5300,卖盘
120,14:49:44,10.64,0.03,80,85120,买盘
121,14:49:39,10.61,-0.02,9,9549,中性盘
122,14:49:33,10.63,0.03,56,59528,买盘
123,14:49:29,10.6,--,40,42400,买盘
124,14:49:24,10.6,-0.04,223,236380,卖盘
125,14:49:18,10.64,0.02,46,48944,买盘
126,14:49:14,10.62,-0.02,160,169920,卖盘
127,14:49:09,10.64,--,15,15960,卖盘
128,14:49:03,10.64,--,44,46816,买盘
129,14:48:59,10.64,0.01,66,70224,买盘
130,14:48:54,10.63,-0.01,1209,1285167,买盘
131,14:48:48,10.64,0.01,29,30856,买盘
132,14:48:44,10.63,--,639,679257,卖盘
133,14:48:39,10.63,--,16,17008,卖盘
134,14:48:33,10.63,--,13,13819,买盘
135,14:48:29,10.63,--,92,97796,买盘
136,14:48:24,10.63,-0.01,318,338034,卖盘
137,14:48:14,10.64,--,624,663936,卖盘
138,14:48:09,10.64,0.01,35,37240,买盘
139,14:48:03,10.63,--,31,32953,卖盘
140,14:47:59,10.63,--,127,135001,卖盘
141,14:47:54,10.63,--,102,108426,卖盘
142,14:47:48,10.63,-0.02,59,62717,卖盘
143,14:47:44,10.65,0.02,144,153360,买盘
144,14:47:39,10.63,-0.02,494,525122,卖盘
145,14:47:33,10.65,--,85,90525,买盘
146,14:47:29,10.65,0.01,98,104370,买盘
147,14:47:24,10.64,--,52,55328,卖盘
148,14:47:18,10.64,-0.01,50,53200,卖盘
149,14:47:14,10.65,--,193,205545,买盘
150,14:47:09,10.65,--,59,62835,买盘
151,14:47:03,10.65,-0.01,27,28755,中性盘
152,14:46:59,10.66,0.01,2430,2590380,买盘
153,14:46:54,10.65,-0.01,107,113955,卖盘
154,14:46:48,10.66,--,20,21320,买盘
155,14:46:44,10.66,--,85,90610,卖盘
156,14:46:39,10.66,-0.01,1049,1118234,卖盘
157,14:46:33,10.67,0.01,38,40546,买盘
158,14:46:29,10.66,--,251,267566,卖盘
159,14:46:24,10.66,-0.01,78,83148,卖盘
160,14:46:18,10.67,--,27,28809,买盘
161,14:46:14,10.67,0.01,400,426800,买盘
162,14:46:09,10.66,0.01,51,54366,买盘
163,14:46:03,10.65,-0.01,128,136320,卖盘
164,14:45:59,10.66,0.01,99,105534,买盘
165,14:45:54,10.65,--,50,53250,卖盘
166,14:45:48,10.65,--,5,5325,卖盘
167,14:45:44,10.65,-0.01,91,96915,卖盘
168,14:45:39,10.66,--,29,30914,买盘
169,14:45:33,10.66,0.01,12,12792,买盘
170,14:45:29,10.65,--,39,41535,卖盘
171,14:45:24,10.65,-0.01,49,52185,卖盘
172,14:45:14,10.66,--,50,53300,买盘
173,14:45:09,10.66,--,18,19188,卖盘
174,14:45:03,10.66,--,99,105534,卖盘
175,14:44:59,10.66,--,457,487162,买盘
176,14:44:54,10.66,--,61,65026,买盘
177,14:44:48,10.66,0.01,4,4264,买盘
178,14:44:44,10.65,-0.01,113,120345,卖盘
179,14:44:38,10.66,--,255,271830,买盘
180,14:44:33,10.66,--,423,450918,买盘
181,14:44:27,10.66,--,72,76752,买盘
182,14:44:23,10.66,0.01,19,20254,买盘
183,14:44:18,10.65,-0.01,35,37275,卖盘
184,14:44:12,10.66,--,193,205738,买盘
185,14:44:08,10.66,--,61,65026,买盘
186,14:44:03,10.66,--,53,56498,买盘
187,14:43:57,10.66,--,12,12792,买盘
188,14:43:53,10.66,--,87,92742,卖盘
189,14:43:48,10.66,--,507,540462,卖盘
190,14:43:42,10.66,-0.01,50,53300,卖盘
191,14:43:38,10.67,--,52,55484,买盘
192,14:43:33,10.67,--,119,126973,买盘
193,14:43:27,10.67,0.01,58,61886,买盘
194,14:43:23,10.66,-0.01,223,237718,卖盘
195,14:43:18,10.67,0.01,450,480150,买盘
196,14:43:12,10.66,--,14,14924,卖盘
197,14:43:08,10.66,--,51,54366,卖盘
198,14:43:03,10.66,--,30,31980,卖盘
199,14:42:57,10.66,--,62,66092,卖盘
200,14:42:53,10.66,--,5,5330,卖盘
201,14:42:48,10.66,0.01,373,397618,买盘
202,14:42:38,10.65,--,32,34080,卖盘
203,14:42:33,10.65,--,29,30885,卖盘
204,14:42:27,10.65,--,9,9585,卖盘
205,14:42:23,10.65,--,10,10650,卖盘
206,14:42:18,10.65,--,80,85200,买盘
207,14:42:12,10.65,--,160,170400,买盘
208,14:42:08,10.65,0.01,21,22365,买盘
209,14:42:03,10.64,-0.01,13,13832,卖盘
210,14:41:57,10.65,--,9,9585,买盘
211,14:41:53,10.65,0.02,137,145905,买盘
212,14:41:48,10.63,-0.01,397,422011,卖盘
213,14:41:42,10.64,0.02,13,13832,买盘
214,14:41:38,10.62,-0.01,55,58409,卖盘
215,14:41:33,10.63,0.01,55,58465,买盘
216,14:41:27,10.62,-0.01,32,33984,卖盘
217,14:41:23,10.63,-0.01,149,158387,卖盘
218,14:41:18,10.64,--,40,42560,买盘
219,14:41:12,10.64,0.01,6,6384,买盘
220,14:41:03,10.63,-0.01,59,62717,卖盘
221,14:40:57,10.64,--,24,25536,买盘
222,14:40:53,10.64,-0.01,180,191520,卖盘
223,14:40:48,10.65,0.01,75,79875,买盘
224,14:40:42,10.64,-0.01,8,8512,卖盘
225,14:40:38,10.65,0.01,77,82005,买盘
226,14:40:33,10.64,-0.01,16,17024,卖盘
227,14:40:27,10.65,-0.01,8,8520,中性盘
228,14:40:23,10.66,0.01,124,132184,买盘
229,14:40:18,10.65,--,41,43665,卖盘
230,14:40:12,10.65,--,1,1065,卖盘
231,14:40:08,10.65,-0.01,174,185310,卖盘
232,14:40:03,10.66,0.01,21,22386,买盘
233,14:39:57,10.65,-0.01,25,26625,卖盘
234,14:39:53,10.66,--,138,147108,卖盘
235,14:39:48,10.66,-0.02,78,83148,卖盘
236,14:39:42,10.68,--,100,106800,买盘
237,14:39:38,10.68,0.01,257,274476,买盘
238,14:39:33,10.67,--,162,172854,卖盘
239,14:39:27,10.67,--,38,40546,卖盘
240,14:39:23,10.67,--,38,40546,卖盘
241,14:39:18,10.67,--,78,83226,卖盘
242,14:39:12,10.67,-0.01,31,33077,卖盘
243,14:39:08,10.68,--,362,386616,买盘
244,14:39:03,10.68,--,791,844788,买盘
245,14:38:57,10.68,0.01,9,9612,买盘
246,14:38:53,10.67,--,74,78958,卖盘
247,14:38:48,10.67,--,50,53350,卖盘
248,14:38:42,10.67,--,300,320100,卖盘
249,14:38:37,10.67,--,1327,1416869,买盘
250,14:38:33,10.67,0.01,238,253946,买盘
251,14:38:27,10.66,--,97,103402,卖盘
252,14:38:22,10.66,--,78,83148,卖盘
253,14:38:18,10.66,-0.01,204,217464,卖盘
254,14:38:12,10.67,0.01,254,271018,买盘
255,14:38:06,10.66,-0.01,30,31980,卖盘
256,14:38:02,10.67,0.01,40,42680,买盘
257,14:37:57,10.66,0.01,136,144976,卖盘
258,14:37:48,10.65,-0.01,886,943590,卖盘
259,14:37:42,10.66,0.01,409,435994,买盘
260,14:37:36,10.65,-0.01,10,10650,卖盘
261,14:37:32,10.66,--,118,125788,买盘
262,14:37:27,10.66,--,533,568178,买盘
263,14:37:21,10.66,0.01,200,213200,买盘
264,14:37:12,10.65,-0.01,150,159750,卖盘
265,14:37:06,10.66,0.01,44,46904,买盘
266,14:37:02,10.65,--,83,88395,买盘
267,14:36:57,10.65,0.01,28,29820,买盘
268,14:36:42,10.64,0.01,25,26600,买盘
269,14:36:36,10.63,-0.01,437,464531,卖盘
270,14:36:27,10.64,0.01,8,8512,买盘
271,14:36:21,10.63,--,275,292325,买盘
272,14:36:17,10.63,--,24,25512,买盘
273,14:36:12,10.63,--,49,52087,买盘
274,14:36:06,10.63,0.01,8,8504,买盘
275,14:36:02,10.62,-0.01,34,36108,卖盘
276,14:35:57,10.63,0.01,67,71221,买盘
277,14:35:47,10.62,-0.01,39,41418,卖盘
278,14:35:42,10.63,0.01,285,302955,买盘
279,14:35:36,10.62,-0.01,2,2124,卖盘
280,14:35:32,10.63,--,41,43583,买盘
281,14:35:27,10.63,0.01,61,64843,买盘
282,14:35:17,10.62,--,3,3185,买盘
283,14:35:12,10.62,0.02,188,199655,买盘
284,14:35:06,10.6,--,25,26500,买盘
285,14:35:02,10.6,--,33,34980,买盘
286,14:34:57,10.6,-0.03,18,19080,卖盘
287,14:34:47,10.63,0.03,46,48898,买盘
288,14:34:42,10.6,-0.04,8,8480,卖盘
289,14:34:36,10.64,0.04,33,35112,买盘
290,14:34:32,10.6,-0.06,7,7420,卖盘
291,14:34:27,10.66,0.02,2067,2203422,买盘
292,14:34:21,10.64,--,13,14810,卖盘
293,14:34:17,10.64,--,151,160664,卖盘
294,14:34:12,10.64,-0.01,30,31920,卖盘
295,14:34:06,10.65,0.01,17,18839,买盘
296,14:34:02,10.64,--,30,31920,买盘
297,14:33:57,10.64,--,7,7448,买盘
298,14:33:51,10.64,-0.02,703,748896,卖盘
299,14:33:47,10.66,0.01,108,115128,买盘
300,14:33:41,10.65,-0.01,58,61770,卖盘
301,14:33:36,10.66,--,100,106600,买盘
302,14:33:32,10.66,--,51,54366,卖盘
303,14:33:26,10.66,--,568,605488,卖盘
304,14:33:21,10.66,--,10,10660,卖盘
305,14:33:17,10.66,--,103,109798,卖盘
306,14:33:11,10.66,--,334,356044,卖盘
307,14:33:06,10.66,0.01,176,187616,买盘
308,14:33:02,10.65,-0.01,10,10650,卖盘
309,14:32:56,10.66,--,9,9594,卖盘
310,14:32:51,10.66,--,42,44772,卖盘
311,14:32:47,10.66,0.01,112,119392,买盘
312,14:32:41,10.65,-0.01,11,11715,中性盘
313,14:32:36,10.66,--,5,5330,买盘
314,14:32:32,10.66,--,24,25584,买盘
315,14:32:26,10.66,--,38,40508,卖盘
316,14:32:21,10.66,--,6,6396,卖盘
317,14:32:17,10.66,--,225,239850,卖盘
318,14:32:11,10.66,0.01,225,240702,买盘
319,14:32:06,10.65,--,10,10650,卖盘
320,14:32:01,10.65,--,120,127800,卖盘
321,14:31:56,10.65,0.01,111,118215,买盘
322,14:31:51,10.64,-0.01,96,102144,卖盘
323,14:31:45,10.65,0.01,216,230040,买盘
324,14:31:41,10.64,-0.01,25,26600,卖盘
325,14:31:36,10.65,--,14,14910,买盘
326,14:31:26,10.65,--,89,94785,买盘
327,14:31:21,10.65,0.01,7,7455,买盘
328,14:31:15,10.64,-0.01,105,111720,卖盘
329,14:31:11,10.65,--,5,5325,买盘
330,14:31:06,10.65,--,157,167205,卖盘
331,14:31:00,10.65,--,47,50055,卖盘
332,14:30:56,10.65,--,68,72420,卖盘
333,14:30:51,10.65,--,328,349692,买盘
334,14:30:45,10.65,--,51,54315,买盘
335,14:30:41,10.65,--,56,59640,买盘
336,14:30:36,10.65,--,59,63474,卖盘
337,14:30:30,10.65,-0.01,142,151230,卖盘
338,14:30:26,10.66,0.01,103,109798,买盘
339,14:30:21,10.65,-0.01,183,194895,卖盘
340,14:30:11,10.66,0.01,15,15990,买盘
341,14:30:06,10.65,-0.01,82,87756,卖盘
342,14:30:00,10.66,--,23,24518,买盘
343,14:29:56,10.66,0.01,86,91676,买盘
344,14:29:51,10.65,--,195,207675,卖盘
345,14:29:41,10.65,-0.02,23,24495,卖盘
346,14:29:36,10.67,--,184,196328,买盘
347,14:29:30,10.67,0.01,48,51216,中性盘
348,14:29:26,10.66,-0.01,88,93808,卖盘
349,14:29:21,10.67,--,220,234740,买盘
350,14:29:11,10.67,--,124,132308,买盘
351,14:29:06,10.67,-0.01,104,112002,卖盘
352,14:29:00,10.68,--,113,120684,卖盘
353,14:28:56,10.68,0.01,400,427232,买盘
354,14:28:51,10.67,--,179,190993,卖盘
355,14:28:45,10.67,--,5,5335,卖盘
356,14:28:41,10.67,--,25,26675,卖盘
357,14:28:36,10.67,--,48,51216,卖盘
358,14:28:30,10.67,-0.01,227,242209,卖盘
359,14:28:26,10.68,--,90,96120,卖盘
360,14:28:21,10.68,--,145,154860,买盘
361,14:28:15,10.68,0.02,126,134568,买盘
362,14:28:11,10.66,-0.02,252,268632,卖盘
363,14:28:06,10.68,0.01,365,389820,买盘
364,14:28:00,10.67,-0.01,56,59752,卖盘
365,14:27:56,10.68,0.01,185,197580,买盘
366,14:27:51,10.67,-0.01,66,70422,卖盘
367,14:27:45,10.68,--,29,30972,卖盘
368,14:27:41,10.68,0.01,114,121752,买盘
369,14:27:36,10.67,-0.01,97,103499,卖盘
370,14:27:30,10.68,0.01,29,30972,买盘
371,14:27:26,10.67,-0.01,357,380919,卖盘
372,14:27:21,10.68,--,156,166608,买盘
373,14:27:15,10.68,-0.01,9,9612,买盘
374,14:27:11,10.69,-0.01,527,563363,买盘
375,14:27:06,10.7,0.01,682,729740,买盘
376,14:27:00,10.69,-0.01,301,321769,卖盘
377,14:26:56,10.7,0.02,333,356310,买盘
378,14:26:51,10.68,-0.01,676,721968,中性盘
379,14:26:45,10.69,--,92,98348,买盘
380,14:26:41,10.69,-0.01,339,362391,卖盘
381,14:26:36,10.7,0.01,671,717970,买盘
382,14:26:30,10.69,0.01,399,426531,买盘
383,14:26:26,10.68,-0.01,122,130296,卖盘
384,14:26:20,10.69,0.01,550,587950,买盘
385,14:26:15,10.68,0.01,105,112140,买盘
386,14:26:11,10.67,--,126,134442,卖盘
387,14:26:05,10.67,0.01,395,421465,买盘
388,14:26:00,10.66,0.01,623,664118,买盘
389,14:25:55,10.65,--,380,404700,买盘
390,14:25:50,10.65,0.02,53,56445,买盘
391,14:25:45,10.63,--,415,441145,卖盘
392,14:25:39,10.63,0.02,81,86103,买盘
393,14:25:35,10.61,--,533,565513,卖盘
394,14:25:30,10.61,0.02,1729,1834999,买盘
395,14:25:20,10.59,--,20,21180,卖盘
396,14:25:15,10.59,0.01,54,57186,卖盘
397,14:25:09,10.58,-0.01,90,95220,卖盘
398,14:25:05,10.59,0.01,184,194856,买盘
399,14:25:00,10.58,-0.01,122,129076,卖盘
400,14:24:54,10.59,--,224,237216,买盘
401,14:24:50,10.59,0.01,25,26475,买盘
402,14:24:45,10.58,--,12,12696,买盘
403,14:24:39,10.58,--,3,3174,中性盘
404,14:24:35,10.58,-0.01,38,40204,中性盘
405,14:24:30,10.59,0.01,100,105900,买盘
406,14:24:20,10.58,--,30,31740,卖盘
407,14:24:15,10.58,-0.01,16,16928,卖盘
408,14:24:05,10.59,0.01,44,46596,买盘
409,14:24:00,10.58,0.01,191,202078,买盘
410,14:23:54,10.57,-0.01,5,5285,卖盘
411,14:23:50,10.58,--,16,16928,买盘
412,14:23:45,10.58,--,206,217948,买盘
413,14:23:39,10.58,0.01,11,11638,买盘
414,14:23:35,10.57,-0.01,9,9513,卖盘
415,14:23:30,10.58,0.01,327,345966,买盘
416,14:23:24,10.57,--,2,2114,买盘
417,14:23:20,10.57,--,26,27482,买盘
418,14:23:15,10.57,--,97,102529,买盘
419,14:23:09,10.57,0.01,12,12684,买盘
420,14:23:00,10.56,0.01,49,51744,买盘
421,14:22:54,10.55,--,40,42200,卖盘
422,14:22:50,10.55,-0.01,12,13387,卖盘
423,14:22:39,10.56,--,17,17952,中性盘
424,14:22:35,10.56,--,115,121440,卖盘
425,14:22:30,10.56,-0.01,2,2112,卖盘
426,14:22:24,10.57,0.01,31,32767,买盘
427,14:22:20,10.56,--,83,87648,卖盘
428,14:22:15,10.56,-0.01,34,35904,卖盘
429,14:22:09,10.57,0.01,4,4228,买盘
430,14:22:05,10.56,-0.01,42,44352,卖盘
431,14:21:54,10.57,--,7,7399,买盘
432,14:21:39,10.57,--,2,2114,买盘
433,14:21:35,10.57,-0.01,78,82446,卖盘
434,14:21:30,10.58,--,59,62422,买盘
435,14:21:24,10.58,--,56,59248,买盘
436,14:21:20,10.58,--,28,29624,买盘
437,14:21:15,10.58,0.01,75,79350,买盘
438,14:21:09,10.57,-0.01,2,2114,卖盘
439,14:21:05,10.58,--,102,107916,卖盘
440,14:21:00,10.58,--,35,37030,买盘
441,14:20:54,10.58,--,8,8464,卖盘
442,14:20:50,10.58,0.01,17,17986,买盘
443,14:20:45,10.57,--,84,89411,买盘
444,14:20:39,10.57,-0.01,9,9513,中性盘
445,14:20:35,10.58,0.01,268,283544,买盘
446,14:20:30,10.57,--,37,39109,卖盘
447,14:20:24,10.57,--,228,240996,买盘
448,14:20:20,10.57,-0.01,125,132125,买盘
449,14:20:15,10.58,0.01,43,45494,买盘
450,14:20:09,10.57,--,10,10570,卖盘
451,14:20:05,10.57,-0.01,53,56021,卖盘
452,14:20:00,10.58,0.01,30,31740,买盘
453,14:19:54,10.57,-0.01,47,49679,卖盘
454,14:19:49,10.58,--,3,3174,买盘
455,14:19:44,10.58,--,66,69828,买盘
456,14:19:33,10.58,--,20,21160,买盘
457,14:19:29,10.58,-0.01,62,65596,中性盘
458,14:19:24,10.59,--,25,26475,买盘
459,14:19:18,10.59,--,107,113313,买盘
460,14:19:14,10.59,--,308,326172,买盘
461,14:19:09,10.59,--,24,25416,买盘
462,14:19:03,10.59,0.01,110,116490,买盘
463,14:19:00,10.58,-0.01,112,118496,卖盘
464,14:18:54,10.59,-0.01,95,100605,卖盘
465,14:18:48,10.6,0.01,287,304220,买盘
466,14:18:44,10.59,0.01,472,499848,买盘
467,14:18:39,10.58,-0.01,412,435896,卖盘
468,14:18:33,10.59,0.01,62,65658,买盘
469,14:18:29,10.58,--,187,197846,卖盘
470,14:18:24,10.58,-0.01,126,133308,卖盘
471,14:18:18,10.59,--,274,290166,买盘
472,14:18:14,10.59,0.01,182,192738,买盘
473,14:18:09,10.58,--,230,243340,买盘
474,14:18:03,10.58,--,100,105800,买盘
475,14:17:59,10.58,0.02,117,123786,买盘
476,14:17:54,10.56,0.02,645,681743,买盘
477,14:17:44,10.54,0.01,40,42160,买盘
478,14:17:39,10.53,--,114,120041,买盘
479,14:17:33,10.53,--,27,28431,买盘
480,14:17:29,10.53,--,91,95823,买盘
481,14:17:24,10.53,--,45,47385,买盘
482,14:17:14,10.53,0.01,109,114777,买盘
483,14:17:09,10.52,--,1,1052,卖盘
484,14:16:59,10.52,0.01,159,167268,买盘
485,14:16:48,10.51,--,297,312147,买盘
486,14:16:44,10.51,--,6,6306,买盘
487,14:16:39,10.51,0.01,10,10510,买盘
488,14:16:33,10.5,--,10,10500,买盘
489,14:16:29,10.5,-0.01,7,7350,卖盘
490,14:16:24,10.51,0.01,39,40989,买盘
491,14:16:18,10.5,0.01,6,6300,买盘
492,14:16:14,10.49,-0.02,110,115390,卖盘
493,14:16:09,10.51,0.01,150,157650,买盘
494,14:15:59,10.5,--,248,260400,买盘
495,14:15:54,10.5,0.01,23,24150,买盘
496,14:15:44,10.49,--,42,44058,买盘
497,14:15:29,10.49,--,5,5245,买盘
498,14:15:14,10.49,0.01,22,23078,买盘
499,14:15:03,10.48,--,55,57640,卖盘
500,14:14:59,10.48,-0.01,5,5240,卖盘
501,14:14:44,10.49,0.01,2,2098,买盘
502,14:14:39,10.48,-0.01,5,5240,卖盘
503,14:14:33,10.49,--,9,9441,买盘
504,14:14:24,10.49,0.01,37,38813,买盘
505,14:14:18,10.48,--,5,5240,买盘
506,14:14:14,10.48,--,46,48208,卖盘
507,14:14:09,10.48,-0.02,19,19912,卖盘
508,14:14:03,10.5,--,0,0,买盘
509,14:13:59,10.5,0.04,112,117600,买盘
510,14:13:54,10.46,-0.04,690,721740,卖盘
511,14:13:39,10.5,0.01,220,231000,买盘
512,14:13:33,10.49,--,46,48274,买盘
513,14:13:29,10.49,--,36,38792,卖盘
514,14:13:24,10.49,--,7,7343,卖盘
515,14:13:13,10.49,--,31,32519,卖盘
516,14:13:08,10.49,0.01,40,41980,买盘
517,14:12:57,10.48,--,1,1048,买盘
518,14:12:54,10.48,0.01,35,36680,买盘
519,14:12:48,10.47,-0.01,16,16752,卖盘
520,14:12:38,10.48,-0.02,81,85915,卖盘
521,14:12:33,10.5,0.01,6,6300,买盘
522,14:12:23,10.49,-0.01,10,10510,卖盘
523,14:12:18,10.5,--,21,22050,买盘
524,14:12:12,10.5,-0.01,5,5250,卖盘
525,14:12:08,10.51,0.01,86,90386,买盘
526,14:12:03,10.5,--,66,69300,卖盘
527,14:11:53,10.5,--,19,19950,卖盘
528,14:11:38,10.5,--,101,106050,卖盘
529,14:11:33,10.5,--,118,123900,买盘
530,14:11:12,10.5,0.01,14,14700,买盘
531,14:11:08,10.49,-0.01,2,2098,卖盘
532,14:10:57,10.5,--,0,0,买盘
533,14:10:53,10.5,0.02,300,315000,买盘
534,14:10:48,10.48,--,31,32488,卖盘
535,14:10:42,10.48,--,38,40463,卖盘
536,14:10:38,10.48,--,11,11528,卖盘
537,14:10:23,10.48,--,27,28296,卖盘
538,14:10:18,10.48,0.01,132,138336,买盘
539,14:10:12,10.47,-0.01,3,3141,卖盘
540,14:10:08,10.48,-0.02,21,22008,中性盘
541,14:10:03,10.5,--,4,4200,买盘
542,14:09:56,10.5,0.04,2,2100,买盘
543,14:09:53,10.46,-0.04,252,263592,卖盘
544,14:09:48,10.5,--,10,10500,买盘
545,14:09:38,10.5,0.02,1,1050,买盘
546,14:09:33,10.48,0.01,15,16181,买盘
547,14:09:27,10.47,--,21,21987,买盘
548,14:09:23,10.47,-0.02,27,28855,卖盘
549,14:09:18,10.49,0.01,162,169938,买盘
550,14:09:12,10.48,-0.01,3,3144,卖盘
551,14:09:03,10.49,0.01,29,30421,买盘
552,14:08:57,10.48,--,3,3605,买盘
553,14:08:53,10.48,0.01,15,15720,买盘
554,14:08:38,10.47,--,10,10470,卖盘
555,14:08:33,10.47,--,23,24081,卖盘
556,14:08:27,10.47,--,3,3141,买盘
557,14:08:18,10.47,-0.01,7,7329,中性盘
558,14:08:12,10.48,0.01,10,10480,买盘
559,14:08:08,10.47,--,27,28855,卖盘
560,14:08:03,10.47,--,9,9423,卖盘
561,14:07:53,10.47,--,46,48622,买盘
562,14:07:48,10.47,0.01,15,15705,买盘
563,14:07:38,10.46,--,69,72174,卖盘
564,14:07:33,10.46,-0.01,53,55438,卖盘
565,14:07:27,10.47,--,31,32457,买盘
566,14:07:23,10.47,0.01,15,15705,买盘
567,14:07:18,10.46,--,127,132842,卖盘
568,14:07:03,10.46,-0.01,56,58576,卖盘
569,14:06:57,10.47,--,3,3141,买盘
570,14:06:53,10.47,--,20,20940,买盘
571,14:06:48,10.47,--,30,31410,买盘
572,14:06:37,10.47,--,59,62296,买盘
573,14:06:32,10.47,0.01,17,17799,买盘
574,14:06:27,10.46,--,191,199786,卖盘
575,14:06:22,10.46,--,34,35564,卖盘
576,14:06:17,10.46,--,36,37656,卖盘
577,14:06:12,10.46,-0.01,29,30334,卖盘
578,14:06:08,10.47,--,141,147627,买盘
579,14:06:03,10.47,0.01,38,39786,买盘
580,14:05:57,10.46,-0.01,35,36610,卖盘
581,14:05:52,10.47,-0.01,335,351331,卖盘
582,14:05:47,10.48,--,100,104800,买盘
583,14:05:42,10.48,--,76,79648,买盘
584,14:05:35,10.48,--,17,17816,卖盘
585,14:05:32,10.48,-0.01,72,75456,卖盘
586,14:05:26,10.49,0.01,12,12588,买盘
587,14:05:21,10.48,-0.01,1,1048,卖盘
588,14:05:17,10.49,0.01,118,123782,买盘
589,14:05:11,10.48,-0.01,392,410816,卖盘
590,14:05:05,10.49,--,2,2098,买盘
591,14:05:02,10.49,-0.01,103,108047,卖盘
592,14:04:57,10.5,0.01,20,21000,中性盘
593,14:04:51,10.49,0.01,39,40911,卖盘
594,14:04:47,10.48,-0.01,65,68120,卖盘
595,14:04:42,10.49,--,42,44058,买盘
596,14:04:32,10.49,-0.01,169,177281,卖盘
597,14:04:26,10.5,--,51,53550,买盘
598,14:04:20,10.5,0.01,5,5250,买盘
599,14:04:17,10.49,-0.01,26,27274,卖盘
600,14:04:11,10.5,-0.01,1501,1576942,卖盘
601,14:04:02,10.51,-0.01,542,569642,卖盘
602,14:03:57,10.52,0.01,37,38924,买盘
603,14:03:50,10.51,--,20,21020,卖盘
604,14:03:41,10.51,-0.01,14,14714,卖盘
605,14:03:35,10.52,0.01,10,10520,买盘
606,14:03:32,10.51,--,4,4204,卖盘
607,14:03:26,10.51,--,9,9459,卖盘
608,14:03:20,10.51,--,3,3153,卖盘
609,14:03:17,10.51,--,30,31530,卖盘
610,14:03:11,10.51,--,462,486339,买盘
611,14:03:05,10.51,--,5,5255,买盘
612,14:03:02,10.51,--,16,16816,买盘
613,14:02:56,10.51,--,85,89335,买盘
614,14:02:50,10.51,--,5,5255,买盘
615,14:02:47,10.51,0.01,87,91437,买盘
616,14:02:41,10.5,-0.01,19,19950,卖盘
617,14:02:35,10.51,--,13,13663,买盘
618,14:02:32,10.51,--,14,14714,买盘
619,14:02:26,10.51,--,121,127171,买盘
620,14:02:17,10.51,--,20,21020,买盘
621,14:02:11,10.51,--,8,8408,买盘
622,14:02:02,10.51,--,350,367850,卖盘
623,14:01:50,10.51,--,5,5255,卖盘
624,14:01:47,10.51,--,19,19969,卖盘
625,14:01:41,10.51,--,28,29428,买盘
626,14:01:35,10.51,--,50,52550,买盘
627,14:01:32,10.51,--,33,34683,买盘
628,14:01:26,10.51,--,2,2102,买盘
629,14:01:17,10.51,--,8,8408,买盘
630,14:01:11,10.51,--,18,18918,买盘
631,14:01:05,10.51,--,69,72519,买盘
632,14:01:02,10.51,--,18,18918,买盘
633,14:00:56,10.51,0.01,58,60958,买盘
634,14:00:47,10.5,-0.01,58,60900,卖盘
635,14:00:41,10.51,0.01,69,72519,买盘
636,14:00:35,10.5,-0.01,33,34650,卖盘
637,14:00:32,10.51,0.01,20,21020,买盘
638,14:00:26,10.5,--,4,4200,卖盘
639,14:00:20,10.5,--,30,31500,卖盘
640,14:00:02,10.5,-0.01,1,1050,卖盘
641,13:59:56,10.51,--,9,9459,买盘
642,13:59:50,10.51,--,31,32581,买盘
643,13:59:35,10.51,0.01,3,3153,买盘
644,13:59:20,10.5,-0.01,1,1050,卖盘
645,13:59:14,10.51,--,10,10510,买盘
646,13:59:11,10.51,-0.01,15,15765,卖盘
647,13:58:56,10.52,0.01,34,35768,买盘
648,13:58:44,10.51,--,8,8408,买盘
649,13:58:41,10.51,--,12,12612,买盘
650,13:58:35,10.51,--,79,83029,卖盘
651,13:58:26,10.51,-0.01,10,10510,卖盘
652,13:58:20,10.52,0.01,20,21040,买盘
653,13:58:14,10.51,--,40,42040,卖盘
654,13:58:05,10.51,-0.01,3,3153,卖盘
655,13:57:59,10.52,--,1,1052,买盘
656,13:57:56,10.52,--,101,106252,买盘
657,13:57:41,10.52,0.02,23,24196,买盘
658,13:57:26,10.5,-0.02,373,391650,卖盘
659,13:57:11,10.52,--,2,2104,卖盘
660,13:57:05,10.52,--,45,47771,买盘
661,13:56:56,10.52,--,38,39976,买盘
662,13:56:35,10.52,--,99,104768,卖盘
663,13:56:26,10.52,-0.01,26,27352,卖盘
664,13:56:20,10.53,0.01,6,6318,买盘
665,13:56:14,10.52,--,5,5260,卖盘
666,13:56:11,10.52,--,12,13055,买盘
667,13:56:05,10.52,--,35,37440,卖盘
668,13:55:56,10.52,--,5,5260,卖盘
669,13:55:41,10.52,-0.01,23,24196,卖盘
670,13:55:29,10.53,0.01,10,10530,买盘
671,13:55:26,10.52,--,50,52600,卖盘
672,13:55:20,10.52,--,14,14728,卖盘
673,13:55:05,10.52,--,12,12624,卖盘
674,13:54:56,10.52,-0.01,37,38924,卖盘
675,13:54:50,10.53,0.01,41,43604,买盘
676,13:54:44,10.52,--,20,21040,卖盘
677,13:54:35,10.52,--,1,1052,卖盘
678,13:54:05,10.52,-0.01,32,33664,卖盘
679,13:53:50,10.53,--,3,3685,卖盘
680,13:53:41,10.53,--,30,32116,卖盘
681,13:53:26,10.53,--,45,47385,卖盘
682,13:53:20,10.53,--,5,5265,卖盘
683,13:53:05,10.53,-0.01,161,169533,卖盘
684,13:52:56,10.54,--,21,22134,买盘
685,13:52:50,10.54,--,47,49537,卖盘
686,13:52:44,10.54,--,30,31619,卖盘
687,13:52:40,10.54,--,10,10540,卖盘
688,13:52:26,10.54,0.01,10,10540,卖盘
689,13:52:14,10.53,--,0,0,卖盘
690,13:52:10,10.53,--,580,610740,卖盘
691,13:52:05,10.53,-0.01,18,18954,卖盘
692,13:51:59,10.54,0.01,4,4216,买盘
693,13:51:55,10.53,--,10,10530,卖盘
694,13:51:44,10.53,--,14,14742,卖盘
695,13:51:35,10.53,-0.01,73,76869,卖盘
696,13:51:29,10.54,-0.01,2,2108,卖盘
697,13:51:20,10.55,--,10,10550,买盘
698,13:51:14,10.55,--,9,9495,买盘
699,13:50:59,10.55,0.01,254,267970,买盘
700,13:50:50,10.54,--,20,21080,买盘
701,13:50:35,10.54,--,64,67456,买盘
702,13:50:29,10.54,--,11,11593,买盘
703,13:50:23,10.54,--,17,17918,买盘
704,13:50:20,10.54,--,4,4216,买盘
705,13:50:14,10.54,--,11,11593,卖盘
706,13:50:08,10.54,-0.01,5,5270,卖盘
707,13:50:05,10.55,0.01,10,10550,买盘
708,13:49:59,10.54,0.01,21,22134,卖盘
709,13:49:50,10.53,--,0,0,卖盘
710,13:49:44,10.53,-0.01,100,105300,卖盘
711,13:49:38,10.54,--,10,10540,买盘
712,13:49:35,10.54,--,65,68510,买盘
713,13:49:23,10.54,--,2,2108,买盘
714,13:49:14,10.54,--,14,14755,买盘
715,13:49:05,10.54,0.01,22,23187,买盘
716,13:48:59,10.53,-0.01,5,5265,卖盘
717,13:48:50,10.54,--,22,23187,买盘
718,13:48:44,10.54,-0.01,237,250324,卖盘
719,13:48:38,10.55,--,57,60135,卖盘
720,13:48:35,10.55,--,165,174602,买盘
721,13:48:29,10.55,--,6,6330,买盘
722,13:48:14,10.55,--,20,21100,买盘
723,13:48:05,10.55,--,24,25320,卖盘
724,13:47:59,10.55,-0.01,35,36925,卖盘
725,13:47:53,10.56,--,46,48576,买盘
726,13:47:50,10.56,--,27,28512,买盘
727,13:47:44,10.56,--,110,116592,卖盘
728,13:47:38,10.56,--,47,49632,卖盘
729,13:47:35,10.56,-0.01,30,31680,卖盘
730,13:47:29,10.57,--,400,422800,买盘
731,13:47:23,10.57,0.01,214,226198,买盘
732,13:47:20,10.56,-0.01,76,80256,卖盘
733,13:47:14,10.57,0.01,10,10570,买盘
734,13:47:05,10.56,--,7,7392,卖盘
735,13:46:59,10.56,-0.01,105,110880,卖盘
736,13:46:53,10.57,--,50,52850,卖盘
737,13:46:50,10.57,-0.01,52,54964,卖盘
738,13:46:44,10.58,--,53,56074,买盘
739,13:46:38,10.58,--,98,103684,卖盘
740,13:46:35,10.58,--,152,160816,卖盘
741,13:46:29,10.58,--,17,17986,卖盘
742,13:46:23,10.58,--,233,246514,卖盘
743,13:46:20,10.58,-0.01,115,121670,卖盘
744,13:46:14,10.59,0.02,481,509379,买盘
745,13:46:08,10.57,0.01,28,29596,买盘
746,13:46:05,10.56,--,81,85536,卖盘
747,13:45:59,10.56,--,41,43919,买盘
748,13:45:53,10.56,--,4,4224,买盘
749,13:45:50,10.56,--,21,22176,买盘
750,13:45:44,10.56,0.01,141,148896,买盘
751,13:45:38,10.55,--,57,60135,卖盘
752,13:45:35,10.55,-0.01,17,17935,卖盘
753,13:45:29,10.56,0.02,22,23232,买盘
754,13:45:23,10.54,--,7,7377,卖盘
755,13:45:14,10.54,-0.02,14,14755,卖盘
756,13:45:08,10.56,0.02,314,331584,买盘
757,13:45:04,10.54,0.01,17,17918,买盘
758,13:44:59,10.53,--,2,2106,卖盘
759,13:44:53,10.53,--,14,14742,卖盘
760,13:44:49,10.53,--,107,112671,买盘
761,13:44:44,10.53,0.01,320,336960,买盘
762,13:44:38,10.52,-0.01,28,29456,卖盘
763,13:44:29,10.53,--,19,20007,买盘
764,13:44:23,10.53,--,42,44226,买盘
765,13:44:14,10.53,0.01,1,1053,买盘
766,13:44:08,10.52,--,44,46288,买盘
767,13:44:04,10.52,--,5,5260,买盘
768,13:43:59,10.52,--,29,30508,买盘
769,13:43:53,10.52,--,80,84160,买盘
770,13:43:48,10.52,--,5,5260,买盘
771,13:43:44,10.52,--,23,24196,买盘
772,13:43:38,10.52,--,8,8416,买盘
773,13:43:32,10.52,--,3,3156,买盘
774,13:43:29,10.52,--,55,57860,买盘
775,13:43:23,10.52,--,98,103096,卖盘
776,13:43:17,10.52,-0.01,6,6312,卖盘
777,13:43:14,10.53,--,3,3159,买盘
778,13:42:59,10.53,0.01,40,42120,买盘
779,13:42:38,10.52,-0.01,22,23144,中性盘
780,13:42:29,10.53,0.02,21,22113,买盘
781,13:42:14,10.51,-0.02,50,52550,卖盘
782,13:42:08,10.53,--,50,52650,买盘
783,13:42:02,10.53,0.01,5,5265,买盘
784,13:41:59,10.52,-0.01,17,17884,卖盘
785,13:41:53,10.53,--,18,18954,买盘
786,13:41:47,10.53,--,6,6318,买盘
787,13:41:44,10.53,0.01,205,215865,买盘
788,13:41:38,10.52,--,30,31560,卖盘
789,13:41:32,10.52,--,18,18936,卖盘
790,13:41:29,10.52,-0.01,6,6312,卖盘
791,13:41:23,10.53,--,58,61073,买盘
792,13:41:17,10.53,0.01,10,10530,买盘
793,13:41:14,10.52,-0.01,2,2104,卖盘
794,13:40:59,10.53,0.01,65,68445,买盘
795,13:40:53,10.52,--,11,11572,买盘
796,13:40:47,10.52,-0.01,40,42080,卖盘
797,13:40:44,10.53,--,45,47385,买盘
798,13:40:29,10.53,0.01,17,17901,买盘
799,13:40:23,10.52,--,5,5260,卖盘
800,13:40:17,10.52,--,7,7364,卖盘
801,13:40:14,10.52,--,30,31560,卖盘
802,13:40:08,10.52,--,1,1052,卖盘
803,13:39:59,10.52,--,18,18936,卖盘
804,13:39:53,10.52,--,123,129396,买盘
805,13:39:44,10.52,0.01,200,210400,买盘
806,13:39:38,10.51,-0.01,29,30479,卖盘
807,13:39:28,10.52,--,140,147280,买盘
808,13:39:17,10.52,--,16,16832,买盘
809,13:39:13,10.52,--,30,31560,买盘
810,13:39:08,10.52,--,12,12624,买盘
811,13:39:02,10.52,--,1,1052,买盘
812,13:38:58,10.52,--,29,30508,买盘
813,13:38:53,10.52,0.01,14,14728,买盘
814,13:38:43,10.51,--,4,4204,卖盘
815,13:38:38,10.51,-0.01,15,15765,卖盘
816,13:38:28,10.52,--,70,73640,买盘
817,13:38:23,10.52,--,114,119928,买盘
818,13:38:17,10.52,--,10,10520,买盘
819,13:38:13,10.52,0.01,30,31560,买盘
820,13:37:58,10.51,--,1,1051,卖盘
821,13:37:53,10.51,--,38,39938,卖盘
822,13:37:38,10.51,--,9,9459,卖盘
823,13:37:32,10.51,-0.01,7,7357,卖盘
824,13:37:28,10.52,0.01,3,3156,买盘
825,13:37:23,10.51,--,16,16816,卖盘
826,13:37:17,10.51,--,42,44142,卖盘
827,13:37:08,10.51,--,10,10510,卖盘
828,13:37:02,10.51,--,74,77774,买盘
829,13:36:58,10.51,--,85,89335,买盘
830,13:36:53,10.51,--,19,19969,买盘
831,13:36:47,10.51,--,27,28377,买盘
832,13:36:38,10.51,--,11,11561,买盘
833,13:36:32,10.51,0.01,20,21020,买盘
834,13:36:23,10.5,--,12,12600,卖盘
835,13:36:08,10.5,-0.01,10,10500,卖盘
836,13:36:02,10.51,--,5,5255,买盘
837,13:35:56,10.51,0.01,50,52550,买盘
838,13:35:53,10.5,--,1,1050,卖盘
839,13:35:47,10.5,--,7,7350,卖盘
840,13:35:38,10.5,-0.01,1,1050,卖盘
841,13:35:32,10.51,0.01,58,60958,买盘
842,13:35:17,10.5,-0.01,1,1050,卖盘
843,13:35:11,10.51,--,5,5255,买盘
844,13:34:53,10.51,0.01,6,6306,买盘
845,13:34:32,10.5,-0.01,178,186900,卖盘
846,13:34:26,10.51,--,6,6306,卖盘
847,13:34:23,10.51,0.01,48,50448,买盘
848,13:34:17,10.5,-0.01,5,5250,卖盘
849,13:34:08,10.51,0.01,34,35734,买盘
850,13:34:02,10.5,--,4,4200,卖盘
851,13:33:41,10.5,--,10,10500,卖盘
852,13:33:38,10.5,--,58,60900,卖盘
853,13:33:32,10.5,--,10,10500,卖盘
854,13:33:23,10.5,--,15,15750,卖盘
855,13:33:08,10.5,--,7,7350,卖盘
856,13:33:02,10.5,-0.01,50,52500,卖盘
857,13:32:56,10.51,0.01,160,168454,买盘
858,13:32:47,10.5,-0.01,108,113400,卖盘
859,13:32:37,10.51,--,2,2102,买盘
860,13:32:32,10.51,--,29,30479,买盘
861,13:32:26,10.51,--,7,7357,买盘
862,13:32:22,10.51,--,18,18918,买盘
863,13:32:17,10.51,--,49,51499,买盘
864,13:32:07,10.51,0.01,5,5255,买盘
865,13:32:02,10.5,--,12,12600,卖盘
866,13:31:56,10.5,--,128,134631,买盘
867,13:31:52,10.5,--,10,10500,买盘
868,13:31:32,10.5,--,0,0,买盘
869,13:31:17,10.5,0.02,15,15750,买盘
870,13:31:11,10.48,-0.02,22,23056,卖盘
871,13:31:07,10.5,--,98,102900,买盘
872,13:31:02,10.5,0.01,20,21000,买盘
873,13:30:56,10.49,-0.01,2,2098,中性盘
874,13:30:47,10.5,0.01,10,10500,买盘
875,13:30:41,10.49,-0.01,6,6294,卖盘
876,13:30:32,10.5,0.01,4,4200,买盘
877,13:30:22,10.49,--,5,5245,卖盘
878,13:30:17,10.49,-0.01,3,3147,卖盘
879,13:30:02,10.5,0.01,30,31500,买盘
880,13:29:52,10.49,-0.01,5,5245,卖盘
881,13:29:32,10.5,--,8,8400,买盘
882,13:29:26,10.5,0.02,141,148050,买盘
883,13:29:22,10.48,--,0,0,卖盘
884,13:29:11,10.48,--,10,10480,卖盘
885,13:29:07,10.48,-0.02,23,24104,卖盘
886,13:29:02,10.5,--,7,7350,买盘
887,13:28:56,10.5,0.01,153,160650,买盘
888,13:28:52,10.49,--,8,9210,卖盘
889,13:28:47,10.49,-0.01,4,4196,卖盘
890,13:28:41,10.5,--,43,45150,卖盘
891,13:28:35,10.5,--,60,63000,卖盘
892,13:28:32,10.5,--,10,10500,卖盘
893,13:28:26,10.5,--,20,21000,卖盘
894,13:28:20,10.5,--,10,10500,卖盘
895,13:28:17,10.5,--,15,15750,卖盘
896,13:28:11,10.5,0.01,66,69300,中性盘
897,13:28:02,10.49,-0.02,29,30651,卖盘
898,13:27:56,10.51,0.02,18,18918,买盘
899,13:27:50,10.49,-0.01,2,2098,卖盘
900,13:27:47,10.5,0.01,8,8400,买盘
901,13:27:41,10.49,-0.02,10,10490,买盘
902,13:27:35,10.51,--,0,0,买盘
903,13:27:32,10.51,0.01,147,154497,买盘
904,13:27:26,10.5,--,7,7350,买盘
905,13:27:11,10.5,--,5,5250,买盘
906,13:27:01,10.5,-0.01,40,42000,卖盘
907,13:26:56,10.51,--,72,75672,买盘
908,13:26:50,10.51,0.01,11,11561,买盘
909,13:26:47,10.5,-0.01,3,3150,卖盘
910,13:26:32,10.51,--,0,0,买盘
911,13:26:11,10.51,0.02,18,18918,买盘
912,13:26:02,10.49,-0.01,25,26225,卖盘
913,13:25:56,10.5,-0.01,17,17850,卖盘
914,13:25:50,10.51,0.01,41,43091,买盘
915,13:25:46,10.5,-0.01,45,47817,卖盘
916,13:25:41,10.51,--,46,48346,买盘
917,13:25:35,10.51,0.01,50,52550,买盘
918,13:25:31,10.5,--,235,246750,卖盘
919,13:25:26,10.5,-0.01,10,10500,卖盘
920,13:25:16,10.51,--,5,5255,买盘
921,13:25:11,10.51,--,10,10510,买盘
922,13:25:01,10.51,--,30,31530,卖盘
923,13:24:56,10.51,--,18,18918,卖盘
924,13:24:50,10.51,0.01,26,27326,买盘
925,13:24:35,10.5,-0.01,66,69300,卖盘
926,13:24:31,10.51,0.01,317,333650,买盘
927,13:24:26,10.5,-0.01,10,10500,中性盘
928,13:24:20,10.51,0.03,2,2102,买盘
929,13:24:16,10.48,-0.02,10,10480,卖盘
930,13:24:11,10.5,--,30,31500,卖盘
931,13:24:05,10.5,0.02,39,40950,买盘
932,13:24:01,10.48,-0.01,10,10480,卖盘
933,13:23:56,10.49,0.01,40,41960,买盘
934,13:23:50,10.48,--,10,10480,卖盘
935,13:23:31,10.48,-0.02,51,53448,卖盘
936,13:23:26,10.5,0.02,182,191100,买盘
937,13:23:20,10.48,--,20,20960,卖盘
938,13:23:11,10.48,--,11,11936,卖盘
939,13:23:05,10.48,--,6,6288,卖盘
940,13:22:56,10.48,--,2,2096,卖盘
941,13:22:50,10.48,--,52,54496,卖盘
942,13:22:41,10.48,-0.01,3,3144,卖盘
943,13:22:35,10.49,0.02,82,86018,买盘
944,13:22:31,10.47,-0.01,90,94230,卖盘
945,13:22:20,10.48,--,6,6749,卖盘
946,13:22:11,10.48,-0.01,127,133913,卖盘
947,13:22:01,10.49,-0.01,8,8392,卖盘
948,13:21:50,10.5,--,12,12600,买盘
949,13:21:46,10.5,--,3,3150,买盘
950,13:21:41,10.5,0.01,8,8400,买盘
951,13:21:35,10.49,--,15,15735,卖盘
952,13:21:31,10.49,--,6,6524,卖盘
953,13:21:26,10.49,-0.02,27,28323,卖盘
954,13:21:20,10.51,0.01,263,277253,买盘
955,13:21:16,10.5,-0.01,6,6531,卖盘
956,13:21:11,10.51,0.01,1,1051,买盘
957,13:21:01,10.5,--,6,6573,卖盘
958,13:20:56,10.5,--,7,7350,卖盘
959,13:20:50,10.5,--,4,4200,卖盘
960,13:20:44,10.5,-0.01,6,6583,卖盘
961,13:20:41,10.51,--,9,9459,买盘
962,13:20:29,10.51,0.01,10,10783,买盘
963,13:20:14,10.5,-0.01,116,121842,卖盘
964,13:20:11,10.51,0.01,1,1051,买盘
965,13:19:59,10.5,--,17,18007,卖盘
966,13:19:56,10.5,-0.01,14,14700,卖盘
967,13:19:41,10.51,--,3,3153,买盘
968,13:19:35,10.51,0.01,13,13663,买盘
969,13:19:14,10.5,--,11,11550,卖盘
970,13:19:11,10.5,0.01,23,24150,买盘
971,13:19:05,10.49,--,58,60842,卖盘
972,13:18:59,10.49,--,10,10490,卖盘
973,13:18:56,10.49,--,32,33568,买盘
974,13:18:50,10.49,--,17,17833,买盘
975,13:18:35,10.49,--,1,1049,买盘
976,13:18:29,10.49,--,15,15735,买盘
977,13:18:26,10.49,0.01,4,4196,中性盘
978,13:18:20,10.48,-0.03,115,120520,卖盘
979,13:18:14,10.51,0.01,343,360493,买盘
980,13:18:10,10.5,--,236,248577,卖盘
981,13:18:05,10.5,--,90,94500,卖盘
982,13:17:59,10.5,-0.01,6,6405,卖盘
983,13:17:50,10.51,0.01,113,118763,买盘
984,13:17:44,10.5,--,159,167118,卖盘
985,13:17:35,10.5,-0.01,204,214200,卖盘
986,13:17:29,10.51,0.01,4,4204,买盘
987,13:17:14,10.5,--,10,10500,卖盘
988,13:17:10,10.5,--,97,101850,买盘
989,13:17:05,10.5,--,36,37810,买盘
990,13:16:59,10.5,--,26,27300,买盘
991,13:16:55,10.5,--,2,2100,买盘
992,13:16:50,10.5,--,72,75642,买盘
993,13:16:44,10.5,--,160,168000,买盘
994,13:16:40,10.5,--,10,10500,买盘
995,13:16:35,10.5,--,30,31500,买盘
996,13:16:28,10.5,--,62,65100,买盘
997,13:16:25,10.5,--,100,105000,买盘
998,13:16:20,10.5,--,10,10500,买盘
999,13:16:14,10.5,0.01,81,85050,买盘
1000,13:16:05,10.49,--,9,9755,买盘
1001,13:15:59,10.49,--,183,191967,买盘
1002,13:15:44,10.49,0.01,15,15735,买盘
1003,13:15:35,10.48,--,3,3144,卖盘
1004,13:15:25,10.48,--,1,1048,卖盘
1005,13:15:20,10.48,--,18,18864,买盘
1006,13:15:14,10.48,--,2,2096,买盘
1007,13:15:05,10.48,0.01,17,17816,买盘
1008,13:14:59,10.47,--,10,10470,卖盘
1009,13:14:55,10.47,-0.01,6,6365,卖盘
1010,13:14:50,10.48,0.01,27,28296,买盘
1011,13:14:40,10.47,-0.01,6,6512,卖盘
1012,13:14:34,10.48,--,3,3144,买盘
1013,13:14:29,10.48,-0.01,18,18864,卖盘
1014,13:14:25,10.49,0.01,5,5245,买盘
1015,13:14:20,10.48,-0.01,22,23056,卖盘
1016,13:14:10,10.49,--,4,4196,买盘
1017,13:13:59,10.49,0.01,10,10490,买盘
1018,13:13:50,10.48,0.01,7,7336,买盘
1019,13:13:40,10.47,--,2,2094,卖盘
1020,13:13:35,10.47,--,6,6282,中性盘
1021,13:13:29,10.47,-0.02,4,4188,买盘
1022,13:13:25,10.49,--,45,47205,买盘
1023,13:13:20,10.49,0.03,30,31470,买盘
1024,13:13:10,10.46,-0.03,6,6474,卖盘
1025,13:12:59,10.49,--,0,0,买盘
1026,13:12:44,10.49,0.02,8,8392,买盘
1027,13:12:35,10.47,--,86,90042,卖盘
1028,13:12:23,10.47,--,2,2094,卖盘
1029,13:12:20,10.47,--,1076,1127126,买盘
1030,13:12:14,10.47,0.01,17,17799,买盘
1031,13:12:08,10.46,-0.01,6,6286,卖盘
1032,13:12:05,10.47,0.01,3,3141,买盘
1033,13:11:52,10.46,--,6,6307,卖盘
1034,13:11:49,10.46,-0.01,1,1046,卖盘
1035,13:11:44,10.47,--,85,88995,买盘
1036,13:11:38,10.47,--,62,65196,买盘
1037,13:11:34,10.47,0.01,20,20940,买盘
1038,13:11:29,10.46,-0.01,102,106692,卖盘
1039,13:11:14,10.47,--,17,17799,买盘
1040,13:11:07,10.47,0.01,54,56538,买盘
1041,13:10:59,10.46,--,113,118198,卖盘
1042,13:10:53,10.46,0.01,142,148573,买盘
1043,13:10:44,10.45,-0.01,3,3135,卖盘
1044,13:10:38,10.46,0.01,35,36610,买盘
1045,13:10:34,10.45,--,10,10450,卖盘
1046,13:10:29,10.45,--,24,25080,卖盘
1047,13:10:23,10.45,--,5,5225,卖盘
1048,13:09:58,10.45,0.01,78,81510,买盘
1049,13:09:53,10.44,-0.01,6,6368,卖盘
1050,13:09:38,10.45,0.02,7,7638,买盘
1051,13:09:23,10.43,--,0,0,卖盘
1052,13:09:19,10.43,-0.02,6,6988,卖盘
1053,13:09:14,10.45,--,21,21945,卖盘
1054,13:09:08,10.45,--,40,41800,卖盘
1055,13:09:04,10.45,--,21,22049,卖盘
1056,13:08:49,10.45,-0.01,26,27483,卖盘
1057,13:08:38,10.46,0.01,20,20920,买盘
1058,13:08:29,10.45,--,159,166604,卖盘
1059,13:08:23,10.45,--,15,15674,卖盘
1060,13:08:14,10.45,--,23,24296,卖盘
1061,13:07:59,10.45,-0.01,19,19855,卖盘
1062,13:07:53,10.46,--,18,18828,买盘
1063,13:07:49,10.46,--,5,5230,买盘
1064,13:07:44,10.46,0.01,22,23032,买盘
1065,13:07:38,10.45,-0.01,10,10450,卖盘
1066,13:07:23,10.46,0.01,1,1046,买盘
1067,13:07:14,10.45,-0.01,34,35530,卖盘
1068,13:07:08,10.46,--,6,6276,买盘
1069,13:06:59,10.46,--,296,310023,卖盘
1070,13:06:53,10.46,--,98,102769,卖盘
1071,13:06:38,10.46,-0.01,6,6527,卖盘
1072,13:06:29,10.47,--,25,26175,买盘
1073,13:06:22,10.47,--,26,27473,买盘
1074,13:06:14,10.47,--,2,2094,买盘
1075,13:06:08,10.47,--,13,13611,买盘
1076,13:06:04,10.47,-0.01,28,30216,卖盘
1077,13:05:53,10.48,0.01,13,13624,买盘
1078,13:05:43,10.47,-0.01,18,19181,卖盘
1079,13:05:34,10.48,0.01,22,23056,买盘
1080,13:05:29,10.47,-0.01,20,20940,卖盘
1081,13:05:23,10.48,--,3,3144,买盘
1082,13:05:19,10.48,--,23,24596,卖盘
1083,13:05:08,10.48,--,5,5240,卖盘
1084,13:04:58,10.48,--,11,12083,买盘
1085,13:04:53,10.48,--,100,104800,买盘
1086,13:04:47,10.48,0.01,1,1048,买盘
1087,13:04:43,10.47,--,10,10470,卖盘
1088,13:04:28,10.47,0.01,31,33315,买盘
1089,13:04:17,10.46,-0.01,2,2092,卖盘
1090,13:04:13,10.47,0.01,70,73290,买盘
1091,13:04:02,10.46,-0.01,6,6725,卖盘
1092,13:03:58,10.47,--,1,1047,买盘
1093,13:03:53,10.47,0.01,120,125640,买盘
1094,13:03:46,10.46,--,6,6276,卖盘
1095,13:03:43,10.46,-0.01,6,6380,卖盘
1096,13:03:32,10.47,--,5,5235,买盘
1097,13:03:28,10.47,--,27,28457,卖盘
1098,13:03:23,10.47,--,11,12302,卖盘
1099,13:03:17,10.47,--,11,11517,卖盘
1100,13:03:08,10.47,--,6,6282,卖盘
1101,13:03:01,10.47,-0.01,6,6355,卖盘
1102,13:02:52,10.48,--,0,0,买盘
1103,13:02:43,10.48,--,24,25152,买盘
1104,13:02:23,10.48,0.01,17,17816,买盘
1105,13:02:17,10.47,--,22,23034,买盘
1106,13:02:13,10.47,0.01,2,2094,买盘
1107,13:02:08,10.46,--,1,1046,卖盘
1108,13:02:01,10.46,--,6,6621,卖盘
1109,13:01:58,10.46,--,10,10460,卖盘
1110,13:01:47,10.46,-0.01,6,6349,卖盘
1111,13:01:37,10.47,-0.01,40,42372,卖盘
1112,13:01:32,10.48,0.01,23,24324,买盘
1113,13:01:28,10.47,--,30,31410,卖盘
1114,13:01:23,10.47,-0.01,50,52350,卖盘
1115,13:01:17,10.48,0.01,16,16768,买盘
1116,13:01:13,10.47,--,6,6617,卖盘
1117,13:00:47,10.47,--,27,28269,买盘
1118,13:00:43,10.47,0.01,9,9580,买盘
1119,13:00:37,10.46,--,0,0,卖盘
1120,13:00:32,10.46,--,14,14800,卖盘
1121,13:00:27,10.46,--,6,6955,卖盘
1122,13:00:08,10.46,0.03,515,538690,买盘
1123,13:00:02,10.43,-0.02,39,40687,卖盘
1124,11:30:00,10.45,--,0,0,买盘
1125,11:30:00,10.45,--,0,0,买盘
1126,11:29:53,10.45,--,2,2090,买盘
1127,11:29:41,10.45,--,11,11495,买盘
1128,11:29:23,10.45,-0.01,23,24035,卖盘
1129,11:29:17,10.46,--,1,1046,买盘
1130,11:29:11,10.46,--,17,17782,买盘
1131,11:29:08,10.46,0.03,18,18828,中性盘
1132,11:29:02,10.43,-0.02,200,208600,卖盘
1133,11:28:56,10.45,-0.01,2,2090,卖盘
1134,11:28:53,10.46,0.01,35,36610,买盘
1135,11:28:47,10.45,-0.01,71,74801,卖盘
1136,11:28:41,10.46,0.01,3,3138,买盘
1137,11:28:38,10.45,-0.01,17,17765,卖盘
1138,11:28:23,10.46,0.01,1,1046,买盘
1139,11:28:11,10.45,--,12,12540,卖盘
1140,11:28:02,10.45,--,8,8360,买盘
1141,11:27:47,10.45,--,206,215269,买盘
1142,11:27:38,10.45,--,25,26125,卖盘
1143,11:27:23,10.45,--,44,45980,买盘
1144,11:27:17,10.45,0.01,1,1045,买盘
1145,11:27:11,10.44,-0.01,28,29232,卖盘
1146,11:27:02,10.45,--,5,5225,买盘
1147,11:26:56,10.45,--,15,15674,买盘
1148,11:26:53,10.45,--,3,3135,买盘
1149,11:26:47,10.45,--,5,5225,买盘
1150,11:26:41,10.45,--,3,3135,买盘
1151,11:26:38,10.45,--,9,9405,买盘
1152,11:26:32,10.45,--,12,12540,卖盘
1153,11:26:23,10.45,-0.02,15,15674,中性盘
1154,11:26:17,10.47,0.02,80,83760,买盘
1155,11:26:11,10.45,-0.01,7,7314,卖盘
1156,11:26:08,10.46,--,95,99370,买盘
1157,11:26:02,10.46,-0.01,22,23012,买盘
1158,11:25:53,10.47,0.01,71,74337,买盘
1159,11:25:47,10.46,-0.01,114,119244,卖盘
1160,11:25:41,10.47,0.01,16,16752,买盘
1161,11:25:38,10.46,-0.01,41,42886,卖盘
1162,11:25:32,10.47,--,26,27222,买盘
1163,11:25:23,10.47,--,123,128781,买盘
1164,11:25:17,10.47,--,9,9423,买盘
1165,11:25:11,10.47,--,7,7329,买盘
1166,11:25:08,10.47,--,67,70149,买盘
1167,11:24:56,10.47,0.01,35,36645,买盘
1168,11:24:53,10.46,--,2,2092,买盘
1169,11:24:47,10.46,--,105,109830,买盘
1170,11:24:41,10.46,--,2,2092,买盘
1171,11:24:38,10.46,0.01,20,20920,买盘
1172,11:24:32,10.45,--,8,8360,买盘
1173,11:24:26,10.45,0.01,53,55384,买盘
1174,11:24:23,10.44,-0.03,27,28188,卖盘
1175,11:24:17,10.47,0.02,54,56538,买盘
1176,11:24:11,10.45,0.02,76,79420,买盘
1177,11:24:08,10.43,-0.02,110,114730,卖盘
1178,11:24:02,10.45,0.01,224,234079,买盘
1179,11:23:56,10.44,--,4,4176,买盘
1180,11:23:53,10.44,--,36,37584,买盘
1181,11:23:47,10.44,--,14,14616,买盘
1182,11:23:41,10.44,--,16,16704,买盘
1183,11:23:37,10.44,-0.01,35,36540,卖盘
1184,11:23:32,10.45,-0.02,12,12540,中性盘
1185,11:23:26,10.47,0.02,100,104700,买盘
1186,11:23:17,10.45,--,42,43890,买盘
1187,11:23:11,10.45,0.02,115,120174,买盘
1188,11:23:05,10.43,0.02,137,142891,买盘
1189,11:23:02,10.41,-0.03,322,335202,卖盘
1190,11:22:56,10.44,--,338,353300,买盘
1191,11:22:50,10.44,--,41,42804,买盘
1192,11:22:47,10.44,--,28,29232,买盘
1193,11:22:41,10.44,-0.01,99,103356,卖盘
1194,11:22:35,10.45,--,4,4180,买盘
1195,11:22:32,10.45,--,19,19855,买盘
1196,11:22:26,10.45,--,15,15674,买盘
1197,11:22:20,10.45,--,27,28214,买盘
1198,11:22:17,10.45,0.01,4,4180,买盘
1199,11:22:11,10.44,--,78,81432,买盘
1200,11:22:05,10.44,--,16,16704,买盘
1201,11:22:02,10.44,0.01,83,87017,买盘
1202,11:21:56,10.43,--,86,90313,买盘
1203,11:21:50,10.43,--,29,30247,买盘
1204,11:21:47,10.43,--,128,133504,买盘
1205,11:21:41,10.43,--,217,226331,买盘
1206,11:21:35,10.43,--,4,4172,买盘
1207,11:21:32,10.43,--,27,28161,买盘
1208,11:21:26,10.43,--,10,10430,买盘
1209,11:21:20,10.43,--,20,20860,买盘
1210,11:21:17,10.43,--,14,14602,买盘
1211,11:21:11,10.43,0.01,64,66752,买盘
1212,11:21:05,10.42,--,35,36470,买盘
1213,11:21:02,10.42,0.01,26,27092,卖盘
1214,11:20:56,10.41,-0.01,167,173847,卖盘
1215,11:20:41,10.42,0.01,15,15942,买盘
1216,11:20:35,10.41,-0.01,4,4164,买盘
1217,11:20:32,10.42,--,702,732338,买盘
1218,11:20:20,10.42,0.01,15,15630,买盘
1219,11:20:17,10.41,--,386,402013,卖盘
1220,11:20:11,10.41,-0.01,55,57255,卖盘
1221,11:20:05,10.42,--,10,10420,买盘
1222,11:20:02,10.42,0.01,53,55226,买盘
1223,11:19:56,10.41,--,55,57255,卖盘
1224,11:19:50,10.41,-0.01,11,11451,卖盘
1225,11:19:47,10.42,--,105,109410,买盘
1226,11:19:41,10.42,--,82,85444,买盘
1227,11:19:35,10.42,0.01,5,5210,买盘
1228,11:19:32,10.41,--,3,3123,卖盘
1229,11:19:26,10.41,--,171,178011,卖盘
1230,11:19:20,10.41,0.01,24,25442,买盘
1231,11:19:17,10.4,-0.01,25,26925,卖盘
1232,11:19:11,10.41,--,15,15615,买盘
1233,11:19:02,10.41,--,59,61595,卖盘
1234,11:18:56,10.41,--,5,5205,卖盘
1235,11:18:50,10.41,-0.01,540,562140,卖盘
1236,11:18:47,10.42,--,52,54819,买盘
1237,11:18:41,10.42,--,60,62520,买盘
1238,11:18:35,10.42,0.01,44,45848,买盘
1239,11:18:32,10.41,--,37,38746,卖盘
1240,11:18:26,10.41,-0.01,17,17697,卖盘
1241,11:18:20,10.42,--,20,20840,买盘
1242,11:18:17,10.42,0.01,60,62520,买盘
1243,11:18:11,10.41,-0.01,26,27066,卖盘
1244,11:18:05,10.42,--,90,93780,买盘
1245,11:18:02,10.42,0.01,36,37512,买盘
1246,11:17:50,10.41,--,38,39558,买盘
1247,11:17:47,10.41,--,92,96188,买盘
1248,11:17:41,10.41,--,10,10410,买盘
1249,11:17:35,10.41,--,16,16656,买盘
1250,11:17:32,10.41,--,18,18738,买盘
1251,11:17:26,10.41,--,53,55173,买盘
1252,11:17:20,10.41,0.01,47,48927,买盘
1253,11:17:17,10.4,--,101,105040,卖盘
1254,11:17:11,10.4,-0.01,138,143520,卖盘
1255,11:17:05,10.41,--,76,79116,买盘
1256,11:17:02,10.41,--,30,31230,买盘
1257,11:16:56,10.41,0.01,5,5205,买盘
1258,11:16:50,10.4,--,188,195520,买盘
1259,11:16:47,10.4,--,124,128960,买盘
1260,11:16:41,10.4,--,15,15600,买盘
1261,11:16:35,10.4,0.01,10,10400,买盘
1262,11:16:31,10.39,--,60,62340,卖盘
1263,11:16:26,10.39,0.01,26,27014,买盘
1264,11:16:20,10.38,-0.01,81,84078,卖盘
1265,11:16:17,10.39,0.01,211,219613,买盘
1266,11:16:11,10.38,--,114,118415,买盘
1267,11:16:05,10.38,--,1366,1417908,买盘
1268,11:16:01,10.38,0.01,112,116930,买盘
1269,11:15:56,10.37,--,18,18666,卖盘
1270,11:15:50,10.37,-0.01,70,72590,卖盘
1271,11:15:46,10.38,0.01,36,37368,买盘
1272,11:15:41,10.37,-0.01,68,71107,卖盘
1273,11:15:35,10.38,0.01,105,108990,买盘
1274,11:15:31,10.37,-0.01,58,60145,卖盘
1275,11:15:26,10.38,--,30,31461,买盘
1276,11:15:20,10.38,-0.01,155,160890,卖盘
1277,11:15:14,10.39,0.01,17,17663,买盘
1278,11:15:11,10.38,-0.01,3,3114,卖盘
1279,11:15:05,10.39,--,8,8312,买盘
1280,11:14:59,10.39,--,9,9351,买盘
1281,11:14:56,10.39,-0.01,62,64418,卖盘
1282,11:14:50,10.4,--,61,63440,买盘
1283,11:14:44,10.4,--,1,1040,买盘
1284,11:14:41,10.4,--,3,3120,买盘
1285,11:14:35,10.4,-0.01,281,293020,卖盘
1286,11:14:29,10.41,0.01,2,2082,买盘
1287,11:14:26,10.4,--,296,308266,卖盘
1288,11:14:20,10.4,--,146,151840,卖盘
1289,11:14:14,10.4,-0.01,1002,1042080,卖盘
1290,11:14:11,10.41,--,93,96813,卖盘
1291,11:14:05,10.41,--,45,46845,卖盘
1292,11:13:59,10.41,--,11,11451,卖盘
1293,11:13:56,10.41,0.01,1,1041,卖盘
1294,11:13:50,10.4,--,54,56160,卖盘
1295,11:13:44,10.4,--,4,5127,卖盘
1296,11:13:41,10.4,--,13,13800,卖盘
1297,11:13:35,10.4,-0.02,1,1040,卖盘
1298,11:13:29,10.42,--,850,885700,买盘
1299,11:13:26,10.42,0.01,10,10420,买盘
1300,11:13:20,10.41,-0.01,245,255045,卖盘
1301,11:13:14,10.42,0.01,1,1042,买盘
1302,11:13:11,10.41,--,126,131166,卖盘
1303,11:13:05,10.41,--,23,23943,卖盘
1304,11:12:59,10.41,--,14,14574,卖盘
1305,11:12:56,10.41,-0.01,42,43722,卖盘
1306,11:12:50,10.42,--,52,54184,买盘
1307,11:12:41,10.42,--,100,104200,买盘
1308,11:12:35,10.42,--,5,5210,买盘
1309,11:12:29,10.42,0.01,8,8336,买盘
1310,11:12:26,10.41,-0.02,347,361227,卖盘
1311,11:12:20,10.43,0.01,1,1043,买盘
1312,11:12:14,10.42,--,15,15630,卖盘
1313,11:12:05,10.42,--,8,8825,卖盘
1314,11:11:56,10.42,--,121,127009,买盘
1315,11:11:50,10.42,--,76,79192,买盘
1316,11:11:44,10.42,0.01,30,31260,买盘
1317,11:11:41,10.41,-0.01,7,8046,卖盘
1318,11:11:35,10.42,--,20,20840,买盘
1319,11:11:29,10.42,--,16,16672,买盘
1320,11:11:26,10.42,--,182,189644,卖盘
1321,11:11:20,10.42,-0.01,10,10420,卖盘
1322,11:11:14,10.43,--,58,60494,买盘
1323,11:11:11,10.43,0.01,520,542360,买盘
1324,11:11:05,10.42,--,61,63562,卖盘
1325,11:10:56,10.42,-0.01,21,21882,卖盘
1326,11:10:50,10.43,--,75,78225,买盘
1327,11:10:44,10.43,--,13,13559,买盘
1328,11:10:35,10.43,--,17,17731,买盘
1329,11:10:29,10.43,--,10,10430,买盘
1330,11:10:26,10.43,--,126,132095,卖盘
1331,11:10:20,10.43,--,101,105343,卖盘
1332,11:10:10,10.43,--,70,73010,卖盘
1333,11:10:05,10.43,--,72,75461,卖盘
1334,11:09:59,10.43,--,414,431802,买盘
1335,11:09:55,10.43,0.01,10,10430,买盘
1336,11:09:50,10.42,--,102,106284,卖盘
1337,11:09:44,10.42,-0.01,11,12347,卖盘
1338,11:09:35,10.43,--,372,387996,卖盘
1339,11:09:29,10.43,--,61,63623,卖盘
1340,11:09:26,10.43,--,10,10430,卖盘
1341,11:09:20,10.43,--,66,68838,卖盘
1342,11:09:14,10.43,--,195,203385,买盘
1343,11:09:10,10.43,0.01,17,17731,买盘
1344,11:09:05,10.42,-0.01,136,141712,卖盘
1345,11:08:59,10.43,--,18,18774,买盘
1346,11:08:55,10.43,--,53,55279,买盘
1347,11:08:50,10.43,-0.01,289,301427,卖盘
1348,11:08:44,10.44,--,103,107532,买盘
1349,11:08:40,10.44,--,4,4176,买盘
1350,11:08:35,10.44,--,34,35496,买盘
1351,11:08:29,10.44,--,24,25056,买盘
1352,11:08:23,10.44,--,10,10440,买盘
1353,11:08:20,10.44,--,9,9396,买盘
1354,11:08:14,10.44,0.01,5,5220,买盘
1355,11:08:05,10.43,--,308,321244,买盘
1356,11:07:59,10.43,--,287,299341,买盘
1357,11:07:53,10.43,--,5,5215,买盘
1358,11:07:50,10.43,0.01,216,225288,买盘
1359,11:07:44,10.42,--,133,138586,卖盘
1360,11:07:38,10.42,--,48,50745,买盘
1361,11:07:35,10.42,--,77,80234,买盘
1362,11:07:29,10.42,--,136,142233,卖盘
1363,11:07:23,10.42,--,56,58352,卖盘
1364,11:07:20,10.42,--,21,21882,卖盘
1365,11:07:14,10.42,0.01,133,139107,买盘
1366,11:07:08,10.41,-0.01,5,5205,卖盘
1367,11:07:05,10.42,0.01,29,30218,买盘
1368,11:06:59,10.41,-0.01,1,1041,卖盘
1369,11:06:53,10.42,0.01,24,25008,买盘
1370,11:06:50,10.41,--,313,325833,买盘
1371,11:06:44,10.41,-0.01,237,246717,卖盘
1372,11:06:38,10.42,--,44,45848,买盘
1373,11:06:35,10.42,--,24,25008,买盘
1374,11:06:29,10.42,0.02,7,7294,买盘
1375,11:06:23,10.4,--,14,14560,卖盘
1376,11:06:20,10.4,--,197,204880,买盘
1377,11:06:14,10.4,--,196,203840,买盘
1378,11:06:08,10.4,--,172,178880,买盘
1379,11:06:05,10.4,--,386,401440,买盘
1380,11:05:59,10.4,--,71,74412,买盘
1381,11:05:53,10.4,0.02,106,110604,买盘
1382,11:05:50,10.38,-0.02,120,124560,卖盘
1383,11:05:44,10.4,--,77,80756,买盘
1384,11:05:38,10.4,--,22,22880,买盘
1385,11:05:35,10.4,0.04,53,55120,买盘
1386,11:05:29,10.36,-0.06,25,25900,卖盘
1387,11:05:23,10.42,--,1169,1218098,买盘
1388,11:05:20,10.42,0.02,1,1042,买盘
1389,11:05:14,10.4,-0.02,1,1040,卖盘
1390,11:05:08,10.42,-0.02,41,42722,卖盘
1391,11:04:59,10.44,0.07,141,147204,买盘
1392,11:04:53,10.37,-0.05,21,21777,买盘
1393,11:04:50,10.42,-0.02,10745,11196290,卖盘
1394,11:04:44,10.44,0.01,1922,2006985,买盘
1395,11:04:38,10.43,-0.01,38,39634,卖盘
1396,11:04:35,10.44,--,68,70992,买盘
1397,11:04:29,10.44,--,53,55332,买盘
1398,11:04:23,10.44,--,120,125280,买盘
1399,11:04:20,10.44,--,164,171216,买盘
1400,11:04:14,10.44,--,60,62640,买盘
1401,11:04:08,10.44,--,3,3132,买盘
1402,11:04:05,10.44,--,202,210888,买盘
1403,11:03:59,10.44,--,90,94868,买盘
1404,11:03:53,10.44,--,41,43148,买盘
1405,11:03:50,10.44,0.01,3,3132,买盘
1406,11:03:44,10.43,--,51,53193,买盘
1407,11:03:38,10.43,-0.01,16,16688,卖盘
1408,11:03:35,10.44,0.01,35,36540,买盘
1409,11:03:29,10.43,--,23,23989,卖盘
1410,11:03:23,10.43,0.01,24,25032,买盘
1411,11:03:19,10.42,--,46,47932,卖盘
1412,11:03:14,10.42,-0.01,44,45848,卖盘
1413,11:03:08,10.43,--,22,22946,买盘
1414,11:03:05,10.43,-0.01,37,38591,中性盘
1415,11:02:59,10.44,--,93,97092,买盘
1416,11:02:53,10.44,-0.01,97,101268,卖盘
1417,11:02:49,10.45,--,37,38665,买盘
1418,11:02:44,10.45,--,61,63744,买盘
1419,11:02:38,10.45,-0.01,420,438899,卖盘
1420,11:02:34,10.46,-0.01,190,198740,卖盘
1421,11:02:23,10.47,0.01,131,137157,买盘
1422,11:02:19,10.46,0.06,6,6276,买盘
1423,11:02:14,10.4,-0.05,2238,2327520,卖盘
1424,11:02:08,10.45,-0.02,230,240349,卖盘
1425,11:02:04,10.47,--,29,30363,买盘
1426,11:01:59,10.47,--,8,8376,买盘
1427,11:01:53,10.47,--,27,28384,卖盘
1428,11:01:49,10.47,-0.01,9,9423,卖盘
1429,11:01:44,10.48,0.01,20,20960,买盘
1430,11:01:38,10.47,--,55,57585,卖盘
1431,11:01:34,10.47,0.02,6,6491,卖盘
1432,11:01:23,10.45,-0.03,3501,3658544,卖盘
1433,11:01:19,10.48,0.02,8,8384,买盘
1434,11:01:14,10.46,-0.02,563,588898,卖盘
1435,11:01:08,10.48,--,68,71264,买盘
1436,11:01:04,10.48,--,23,24104,买盘
1437,11:00:59,10.48,0.01,82,85936,买盘
1438,11:00:53,10.47,-0.01,369,386343,卖盘
1439,11:00:49,10.48,--,21,22008,买盘
1440,11:00:44,10.48,0.01,25,26200,买盘
1441,11:00:38,10.47,-0.02,416,436473,卖盘
1442,11:00:32,10.49,0.01,29,30421,买盘
1443,11:00:29,10.48,-0.01,50,52400,卖盘
1444,11:00:23,10.49,--,268,281887,买盘
1445,11:00:17,10.49,0.01,16,16784,买盘
1446,11:00:14,10.48,-0.01,34,35632,卖盘
1447,11:00:08,10.49,0.01,5,5245,买盘
1448,11:00:02,10.48,--,5,5355,卖盘
1449,10:59:59,10.48,-0.01,12,12576,卖盘
1450,10:59:53,10.49,--,17,17833,买盘
1451,10:59:47,10.49,0.01,2,2098,买盘
1452,10:59:44,10.48,--,66,69262,卖盘
1453,10:59:32,10.48,-0.01,73,76504,卖盘
1454,10:59:29,10.49,-0.01,251,263361,卖盘
1455,10:59:23,10.5,--,46,48300,买盘
1456,10:59:17,10.5,0.01,10,10500,买盘
1457,10:59:14,10.49,-0.01,53,55597,卖盘
1458,10:59:08,10.5,--,138,144900,卖盘
1459,10:58:59,10.5,--,10,10500,卖盘
1460,10:58:47,10.5,-0.01,9,9450,卖盘
1461,10:58:44,10.51,--,34,35734,买盘
1462,10:58:38,10.51,0.01,24,25224,买盘
1463,10:58:23,10.5,-0.01,1,1050,卖盘
1464,10:58:17,10.51,0.01,9,9459,买盘
1465,10:58:14,10.5,--,1,1050,卖盘
1466,10:58:08,10.5,-0.01,73,76650,卖盘
1467,10:57:59,10.51,0.02,9,9879,买盘
1468,10:57:53,10.49,-0.01,70,73430,卖盘
1469,10:57:47,10.5,--,7,7350,卖盘
1470,10:57:44,10.5,--,8,9240,卖盘
1471,10:57:38,10.5,--,72,76377,买盘
1472,10:57:32,10.5,--,5,5250,买盘
1473,10:57:23,10.5,0.01,1,1050,买盘
1474,10:57:17,10.49,--,52,54548,卖盘
1475,10:57:14,10.49,-0.01,26,27546,卖盘
1476,10:57:08,10.5,--,12,12600,卖盘
1477,10:57:02,10.5,--,46,49077,买盘
1478,10:56:59,10.5,--,57,59850,买盘
1479,10:56:53,10.5,--,2,2100,买盘
1480,10:56:47,10.5,--,1,1050,买盘
1481,10:56:44,10.5,--,48,50400,买盘
1482,10:56:38,10.5,--,21,22050,买盘
1483,10:56:29,10.5,--,119,124950,买盘
1484,10:56:23,10.5,--,1,1050,买盘
1485,10:56:17,10.5,0.01,26,27300,买盘
1486,10:56:13,10.49,--,6,6294,卖盘
1487,10:55:58,10.49,0.01,58,60842,买盘
1488,10:55:53,10.48,-0.01,38,39824,卖盘
1489,10:55:47,10.49,--,43,45107,买盘
1490,10:55:43,10.49,--,12,12588,买盘
1491,10:55:38,10.49,--,98,102802,买盘
1492,10:55:32,10.49,--,33,34826,买盘
1493,10:55:28,10.49,--,2,2098,买盘
1494,10:55:23,10.49,--,27,28323,买盘
1495,10:55:17,10.49,--,84,88116,卖盘
1496,10:55:08,10.49,--,1,1049,卖盘
1497,10:55:02,10.49,--,21,22029,买盘
1498,10:54:53,10.49,-0.01,1,1049,买盘
1499,10:54:47,10.5,--,71,74550,买盘
1500,10:54:38,10.5,--,42,44100,买盘
1501,10:54:32,10.5,--,2132,2238873,卖盘
1502,10:54:28,10.5,--,65,68250,卖盘
1503,10:54:23,10.5,-0.01,17,17850,卖盘
1504,10:54:17,10.51,--,192,202086,卖盘
1505,10:54:13,10.51,--,32,33632,卖盘
1506,10:53:53,10.51,0.01,21,22827,买盘
1507,10:53:47,10.5,--,18,18900,卖盘
1508,10:53:43,10.5,--,4,4200,卖盘
1509,10:53:38,10.5,--,17,18291,卖盘
1510,10:53:32,10.5,--,98,103719,卖盘
1511,10:53:28,10.5,--,16,16800,卖盘
1512,10:53:23,10.5,0.01,353,371217,买盘
1513,10:53:17,10.49,--,49,51401,买盘
1514,10:53:13,10.49,--,3,3147,买盘
1515,10:53:08,10.49,0.01,82,86018,买盘
1516,10:53:02,10.48,--,65,68120,卖盘
1517,10:52:58,10.48,-0.01,3,3144,卖盘
1518,10:52:53,10.49,--,57,59793,买盘
1519,10:52:47,10.49,--,137,143713,买盘
1520,10:52:43,10.49,--,29,30421,买盘
1521,10:52:38,10.49,0.01,9,9441,买盘
1522,10:52:32,10.48,-0.01,248,259904,卖盘
1523,10:52:28,10.49,--,13,13637,卖盘
1524,10:52:23,10.49,--,1092,1145508,卖盘
1525,10:52:17,10.49,--,113,118537,卖盘
1526,10:52:12,10.49,--,335,351415,卖盘
1527,10:52:08,10.49,-0.01,342,358758,卖盘
1528,10:52:02,10.5,0.01,6,6300,买盘
1529,10:51:58,10.49,--,18,18882,卖盘
1530,10:51:53,10.49,-0.01,1026,1076756,卖盘
1531,10:51:47,10.5,-0.01,78,81900,卖盘
1532,10:51:41,10.51,0.01,106,111889,买盘
1533,10:51:38,10.5,--,1922,2018100,卖盘
1534,10:51:32,10.5,--,20,21000,卖盘
1535,10:51:26,10.5,-0.01,18,19677,卖盘
1536,10:51:23,10.51,--,15,15765,买盘
1537,10:51:17,10.51,0.01,5,5255,买盘
1538,10:51:11,10.5,-0.01,127,133350,卖盘
1539,10:51:08,10.51,--,19,19969,买盘
1540,10:51:02,10.51,--,497,522641,卖盘
1541,10:50:56,10.51,--,102,107202,卖盘
1542,10:50:47,10.51,--,384,403584,卖盘
1543,10:50:41,10.51,-0.01,28,29428,卖盘
1544,10:50:38,10.52,--,16,16832,买盘
1545,10:50:32,10.52,0.01,46,48392,买盘
1546,10:50:23,10.51,-0.01,7,7357,卖盘
1547,10:50:17,10.52,--,71,74692,卖盘
1548,10:50:02,10.52,-0.01,8,8416,卖盘
1549,10:49:56,10.53,0.02,2,2106,买盘
1550,10:49:41,10.51,--,0,0,卖盘
1551,10:49:32,10.51,--,40,42040,卖盘
1552,10:49:26,10.51,--,11,11771,卖盘
1553,10:49:22,10.51,--,100,105100,卖盘
1554,10:49:17,10.51,--,27,28377,卖盘
1555,10:49:11,10.51,-0.02,20,21020,卖盘
1556,10:49:07,10.53,--,141,148473,买盘
1557,10:49:02,10.53,--,73,76869,买盘
1558,10:48:56,10.53,0.02,500,526500,买盘
1559,10:48:52,10.51,--,37,38887,卖盘
1560,10:48:47,10.51,--,6,6306,卖盘
1561,10:48:41,10.51,--,120,126120,卖盘
1562,10:48:37,10.51,--,10,10510,卖盘
1563,10:48:26,10.51,--,20,21020,卖盘
1564,10:48:11,10.51,--,37,38887,卖盘
1565,10:48:02,10.51,-0.01,43,45193,卖盘
1566,10:47:56,10.52,--,50,52600,卖盘
1567,10:47:52,10.52,--,16,16832,卖盘
1568,10:47:47,10.52,--,164,172864,卖盘
1569,10:47:37,10.52,--,6,7237,卖盘
1570,10:47:32,10.52,0.01,12,12624,卖盘
1571,10:47:22,10.51,--,30,31530,卖盘
1572,10:47:17,10.51,--,44,46244,卖盘
1573,10:47:11,10.51,-0.02,121,127171,卖盘
1574,10:47:07,10.53,0.01,10,10530,买盘
1575,10:47:02,10.52,0.01,3,3156,买盘
1576,10:46:56,10.51,-0.01,41,43091,卖盘
1577,10:46:52,10.52,--,53,55756,卖盘
1578,10:46:47,10.52,--,13,13676,卖盘
1579,10:46:41,10.52,--,155,163060,卖盘
1580,10:46:37,10.52,-0.01,20,21040,卖盘
1581,10:46:32,10.53,0.01,14,14742,买盘
1582,10:46:26,10.52,-0.01,18,18936,卖盘
1583,10:46:17,10.53,--,10,10530,买盘
1584,10:46:11,10.53,--,21,22113,买盘
1585,10:46:02,10.53,0.02,38,40014,卖盘
1586,10:45:56,10.51,--,0,0,卖盘
1587,10:45:52,10.51,-0.04,5,5591,卖盘
1588,10:45:47,10.55,0.03,92,98020,买盘
1589,10:45:41,10.52,-0.01,22,23144,卖盘
1590,10:45:37,10.53,0.01,4,4222,买盘
1591,10:45:32,10.52,--,18,18936,卖盘
1592,10:45:26,10.52,-0.01,5,6185,卖盘
1593,10:45:17,10.53,-0.01,46,48438,卖盘
1594,10:45:07,10.54,--,9,9486,买盘
1595,10:45:02,10.54,--,30,31619,买盘
1596,10:44:47,10.54,--,20,21080,买盘
1597,10:44:41,10.54,0.01,2,2108,买盘
1598,10:44:32,10.53,--,36,37908,卖盘
1599,10:44:26,10.53,-0.01,17,17901,卖盘
1600,10:44:22,10.54,--,120,126479,买盘
1601,10:44:17,10.54,0.01,55,57969,买盘
1602,10:44:11,10.53,-0.01,24,25272,卖盘
1603,10:44:02,10.54,--,22,23187,买盘
1604,10:43:56,10.54,0.02,36,37944,买盘
1605,10:43:52,10.52,-0.01,6,6312,卖盘
1606,10:43:47,10.53,--,10,10530,买盘
1607,10:43:41,10.53,0.01,41,43173,买盘
1608,10:43:25,10.52,--,5,6175,卖盘
1609,10:43:20,10.52,0.01,7,7711,卖盘
1610,10:43:17,10.51,--,0,0,卖盘
1611,10:43:11,10.51,-0.01,86,90386,卖盘
1612,10:43:07,10.52,--,13,13676,买盘
1613,10:43:02,10.52,0.01,10,10520,买盘
1614,10:42:56,10.51,--,323,339473,卖盘
1615,10:42:50,10.51,-0.01,21,22071,卖盘
1616,10:42:47,10.52,--,2,2104,买盘
1617,10:42:41,10.52,0.01,22,23144,买盘
1618,10:42:35,10.51,--,33,34683,卖盘
1619,10:42:32,10.51,--,31,32581,卖盘
1620,10:42:26,10.51,--,45,47295,卖盘
1621,10:42:20,10.51,--,194,203894,买盘
1622,10:42:17,10.51,--,13,13663,买盘
1623,10:42:11,10.51,0.01,350,367850,卖盘
1624,10:42:05,10.5,--,0,0,卖盘
1625,10:42:02,10.5,-0.02,1512,1587600,卖盘
1626,10:41:56,10.52,0.01,20,21040,买盘
1627,10:41:50,10.51,-0.01,67,70417,卖盘
1628,10:41:47,10.52,--,37,38924,买盘
1629,10:41:41,10.52,--,24,25626,买盘
1630,10:41:35,10.52,--,110,115720,买盘
1631,10:41:31,10.52,0.01,25,26300,买盘
1632,10:41:26,10.51,-0.01,16,17698,卖盘
1633,10:41:11,10.52,0.02,1,1052,买盘
1634,10:41:05,10.5,--,64,67200,卖盘
1635,10:41:02,10.5,--,20,21000,卖盘
1636,10:40:56,10.5,--,270,283500,卖盘
1637,10:40:50,10.5,--,74,77700,卖盘
1638,10:40:46,10.5,--,1071,1124550,卖盘
1639,10:40:41,10.5,-0.02,13,13650,卖盘
1640,10:40:35,10.52,0.02,1,1052,买盘
1641,10:40:26,10.5,--,32,33600,卖盘
1642,10:40:20,10.5,-0.02,81,85050,卖盘
1643,10:40:16,10.52,--,3,3156,买盘
1644,10:40:05,10.52,--,254,267208,卖盘
1645,10:39:56,10.52,0.01,2,2104,卖盘
1646,10:39:50,10.51,-0.01,1190,1250690,卖盘
1647,10:39:41,10.52,--,15,15780,卖盘
1648,10:39:35,10.52,--,11,11572,卖盘
1649,10:39:31,10.52,--,24,25774,卖盘
1650,10:39:26,10.52,-0.01,83,88052,卖盘
1651,10:39:20,10.53,--,1,1053,买盘
1652,10:39:11,10.53,--,70,74552,卖盘
1653,10:39:05,10.53,-0.02,13,13689,卖盘
1654,10:38:41,10.55,0.02,17,17935,买盘
1655,10:38:35,10.53,--,4,4212,卖盘
1656,10:38:31,10.53,-0.02,20,21060,卖盘
1657,10:38:20,10.55,0.02,65,68575,买盘
1658,10:38:16,10.53,--,14,14742,卖盘
1659,10:38:05,10.53,-0.02,37,38961,卖盘
1660,10:37:56,10.55,0.02,118,124490,买盘
1661,10:37:50,10.53,-0.02,36,37908,卖盘
1662,10:37:46,10.55,--,20,21100,买盘
1663,10:37:41,10.55,--,9,10022,卖盘
1664,10:37:35,10.55,--,111,117105,卖盘
1665,10:37:31,10.55,--,10,10550,卖盘
1666,10:37:26,10.55,0.02,26,27957,买盘
1667,10:37:20,10.53,-0.02,51,53913,卖盘
1668,10:37:16,10.55,--,4,4220,买盘
1669,10:37:11,10.55,--,10,10550,买盘
1670,10:36:49,10.55,--,1,1055,买盘
1671,10:36:41,10.55,0.02,8,8440,买盘
1672,10:36:35,10.53,-0.02,120,126359,卖盘
1673,10:36:26,10.55,--,345,363975,买盘
1674,10:36:20,10.55,0.02,5,5275,买盘
1675,10:36:16,10.53,-0.02,7,7371,卖盘
1676,10:36:11,10.55,--,2,2110,买盘
1677,10:35:56,10.55,0.02,6,6330,买盘
1678,10:35:50,10.53,-0.02,20,21060,卖盘
1679,10:35:41,10.55,--,43,45913,买盘
1680,10:35:35,10.55,0.02,5,5275,买盘
1681,10:35:31,10.53,--,20,21776,卖盘
1682,10:35:26,10.53,-0.02,10,10530,卖盘
1683,10:35:20,10.55,0.02,32,33760,买盘
1684,10:35:16,10.53,--,0,0,卖盘
1685,10:35:10,10.53,--,11,11583,卖盘
1686,10:35:05,10.53,--,10,10530,卖盘
1687,10:35:00,10.53,--,11,11583,卖盘
1688,10:34:56,10.53,--,49,51597,卖盘
1689,10:34:50,10.53,0.01,32,33696,卖盘
1690,10:34:40,10.52,--,0,0,卖盘
1691,10:34:35,10.52,-0.01,35,36820,卖盘
1692,10:34:26,10.53,0.01,10,10530,卖盘
1693,10:34:20,10.52,--,145,152540,卖盘
1694,10:34:14,10.52,--,52,54704,卖盘
1695,10:34:10,10.52,-0.01,20,21040,卖盘
1696,10:34:05,10.53,0.01,21,22113,买盘
1697,10:33:59,10.52,--,4,4208,卖盘
1698,10:33:55,10.52,--,30,31560,卖盘
1699,10:33:50,10.52,--,39,41028,卖盘
1700,10:33:44,10.52,--,13,13676,卖盘
1701,10:33:35,10.52,--,16,16937,卖盘
1702,10:33:29,10.52,--,20,21040,卖盘
1703,10:33:20,10.52,--,18,19041,买盘
1704,10:33:14,10.52,--,33,34716,买盘
1705,10:33:10,10.52,0.01,20,21040,买盘
1706,10:33:05,10.51,-0.01,2,2102,卖盘
1707,10:32:59,10.52,--,115,120980,卖盘
1708,10:32:55,10.52,--,13,13676,卖盘
1709,10:32:50,10.52,--,5,5260,卖盘
1710,10:32:44,10.52,--,47,49444,卖盘
1711,10:32:40,10.52,0.01,1,1052,买盘
1712,10:32:35,10.51,-0.01,24,25224,卖盘
1713,10:32:25,10.52,-0.01,60,63120,卖盘
1714,10:32:20,10.53,0.01,26,27378,买盘
1715,10:32:14,10.52,--,20,21040,卖盘
1716,10:32:10,10.52,--,20,21040,卖盘
1717,10:32:05,10.52,--,2,2104,卖盘
1718,10:31:59,10.52,--,10,10520,卖盘
1719,10:31:50,10.52,--,17,17884,卖盘
1720,10:31:44,10.52,--,19,19988,卖盘
1721,10:31:40,10.52,--,16,16832,卖盘
1722,10:31:35,10.52,--,27,28404,卖盘
1723,10:31:29,10.52,--,51,53652,卖盘
1724,10:31:25,10.52,-0.01,66,69432,卖盘
1725,10:31:20,10.53,0.01,70,73710,买盘
1726,10:31:14,10.52,--,152,160114,卖盘
1727,10:31:05,10.52,--,71,74692,卖盘
1728,10:30:59,10.52,--,345,362940,卖盘
1729,10:30:55,10.52,-0.01,11,11572,卖盘
1730,10:30:50,10.53,0.01,101,106353,买盘
1731,10:30:44,10.52,--,26,27352,卖盘
1732,10:30:35,10.52,-0.01,33,34716,卖盘
1733,10:30:29,10.53,0.01,15,15794,卖盘
1734,10:30:25,10.52,--,0,0,卖盘
1735,10:30:20,10.52,-0.01,120,126240,卖盘
1736,10:30:14,10.53,-0.03,19,20007,卖盘
1737,10:30:10,10.56,--,5,5280,买盘
1738,10:30:05,10.56,0.03,6,6336,买盘
1739,10:29:59,10.53,--,47,49491,卖盘
1740,10:29:50,10.53,--,59,62126,卖盘
1741,10:29:44,10.53,--,28,30210,卖盘
1742,10:29:35,10.53,--,12,12636,卖盘
1743,10:29:25,10.53,--,23,24334,卖盘
1744,10:29:20,10.53,-0.02,25,26325,卖盘
1745,10:29:14,10.55,--,79,83345,买盘
1746,10:29:10,10.55,0.02,68,71740,买盘
1747,10:29:05,10.53,-0.02,12,12636,买盘
1748,10:28:59,10.55,--,0,0,买盘
1749,10:28:55,10.55,0.01,81,85455,买盘
1750,10:28:50,10.54,-0.01,6,6323,中性盘
1751,10:28:44,10.55,0.02,205,216275,买盘
1752,10:28:40,10.53,-0.02,3,3159,卖盘
1753,10:28:35,10.55,0.02,1,1055,买盘
1754,10:28:25,10.53,--,53,55809,卖盘
1755,10:28:20,10.53,-0.02,6,6318,卖盘
1756,10:28:14,10.55,0.02,141,148755,买盘
1757,10:27:59,10.53,-0.02,14,14742,卖盘
1758,10:27:50,10.55,0.02,68,71740,买盘
1759,10:27:44,10.53,--,0,0,卖盘
1760,10:27:39,10.53,--,30,31589,卖盘
1761,10:27:35,10.53,--,33,34749,卖盘
1762,10:27:29,10.53,--,32,33906,卖盘
1763,10:27:25,10.53,--,107,112671,卖盘
1764,10:27:19,10.53,--,8,8424,卖盘
1765,10:27:14,10.53,--,0,0,卖盘
1766,10:27:04,10.53,-0.02,35,36855,卖盘
1767,10:26:59,10.55,0.01,11,11605,买盘
1768,10:26:53,10.54,-0.01,110,115939,卖盘
1769,10:26:44,10.55,-0.01,512,540582,卖盘
1770,10:26:39,10.56,--,17,17952,卖盘
1771,10:26:34,10.56,--,26,27456,卖盘
1772,10:26:29,10.56,-0.01,68,71808,卖盘
1773,10:26:23,10.57,0.01,117,123669,买盘
1774,10:26:19,10.56,--,2,2112,卖盘
1775,10:26:14,10.56,--,78,82368,卖盘
1776,10:26:08,10.56,--,3,3168,卖盘
1777,10:26:04,10.56,-0.01,18,19008,卖盘
1778,10:25:59,10.57,0.01,5,5285,买盘
1779,10:25:53,10.56,-0.01,14,14784,卖盘
1780,10:25:49,10.57,0.01,11,11627,买盘
1781,10:25:44,10.56,-0.01,20,21120,卖盘
1782,10:25:38,10.57,--,66,69762,买盘
1783,10:25:34,10.57,0.01,1,1057,买盘
1784,10:25:22,10.56,--,94,99264,卖盘
1785,10:25:19,10.56,--,0,0,卖盘
1786,10:25:14,10.56,--,182,192403,卖盘
1787,10:25:08,10.56,--,0,0,卖盘
1788,10:25:04,10.56,-0.02,34,35904,卖盘
1789,10:24:59,10.58,--,20,21160,卖盘
1790,10:24:53,10.58,0.02,41,43378,买盘
1791,10:24:44,10.56,-0.02,10,10560,卖盘
1792,10:24:38,10.58,0.02,4,4232,买盘
1793,10:24:34,10.56,--,13,13728,卖盘
1794,10:24:29,10.56,--,2,2112,卖盘
1795,10:24:22,10.56,-0.03,19,20064,卖盘
1796,10:24:19,10.59,--,50,52950,买盘
1797,10:24:14,10.59,0.01,33,34947,买盘
1798,10:24:08,10.58,--,8,8464,卖盘
1799,10:23:59,10.58,--,10,10580,卖盘
1800,10:23:53,10.58,--,46,48668,卖盘
1801,10:23:44,10.58,--,5,5290,卖盘
1802,10:23:37,10.58,0.02,80,84640,买盘
1803,10:23:29,10.56,--,4,4868,卖盘
1804,10:23:23,10.56,--,20,21120,卖盘
1805,10:23:14,10.56,-0.02,7,8015,卖盘
1806,10:23:08,10.58,--,45,47610,买盘
1807,10:22:59,10.58,0.01,5,5290,买盘
1808,10:22:53,10.57,-0.01,20,21140,卖盘
1809,10:22:44,10.58,0.01,7,7406,卖盘
1810,10:22:38,10.57,--,0,0,卖盘
1811,10:22:34,10.57,-0.01,18,19026,卖盘
1812,10:22:29,10.58,--,2,2116,卖盘
1813,10:22:23,10.58,0.01,39,42097,买盘
1814,10:22:19,10.57,-0.01,5,5285,卖盘
1815,10:22:14,10.58,0.01,15,15870,买盘
1816,10:22:08,10.57,-0.01,3,3171,卖盘
1817,10:21:59,10.58,0.01,1,1058,买盘
1818,10:21:53,10.57,0.01,4,4661,买盘
1819,10:21:44,10.56,--,2,2112,卖盘
1820,10:21:38,10.56,--,32,33792,卖盘
1821,10:21:29,10.56,--,0,0,卖盘
1822,10:21:23,10.56,-0.02,176,186077,卖盘
1823,10:21:19,10.58,-0.02,6,7183,卖盘
1824,10:21:14,10.6,0.02,200,212000,买盘
1825,10:21:08,10.58,--,23,24334,卖盘
1826,10:20:59,10.58,--,23,24334,卖盘
1827,10:20:53,10.58,--,4,4232,卖盘
1828,10:20:38,10.58,-0.02,44,46552,卖盘
1829,10:20:34,10.6,0.02,4,4240,买盘
1830,10:20:29,10.58,--,24,25392,卖盘
1831,10:20:23,10.58,-0.01,50,52900,卖盘
1832,10:20:18,10.59,0.01,49,51891,买盘
1833,10:20:13,10.58,--,1,1058,卖盘
1834,10:20:03,10.58,--,12,12696,卖盘
1835,10:19:58,10.58,--,20,21160,卖盘
1836,10:19:53,10.58,--,64,67712,卖盘
1837,10:19:48,10.58,--,3,3174,卖盘
1838,10:19:44,10.58,--,82,86756,卖盘
1839,10:19:38,10.58,--,8,8464,卖盘
1840,10:19:33,10.58,--,5,5290,卖盘
1841,10:19:28,10.58,--,11,11638,卖盘
1842,10:19:18,10.58,0.02,49,51842,买盘
1843,10:19:13,10.56,--,13,13728,卖盘
1844,10:19:08,10.56,0.01,93,98989,买盘
1845,10:19:03,10.55,-0.01,84,88620,卖盘
1846,10:18:58,10.56,--,5,5280,买盘
1847,10:18:53,10.56,-0.02,155,163680,卖盘
1848,10:18:48,10.58,--,3,3174,买盘
1849,10:18:33,10.58,--,21,22218,买盘
1850,10:18:28,10.58,--,0,0,买盘
1851,10:18:23,10.58,-0.01,31,32798,卖盘
1852,10:18:18,10.59,0.01,46,48714,买盘
1853,10:18:07,10.58,--,98,103684,卖盘
1854,10:18:02,10.58,--,25,26450,卖盘
1855,10:17:58,10.58,0.03,207,219006,买盘
1856,10:17:53,10.55,--,40,42200,买盘
1857,10:17:47,10.55,--,68,71740,买盘
1858,10:17:43,10.55,--,63,66465,买盘
1859,10:17:32,10.55,-0.03,97,102335,卖盘
1860,10:17:23,10.58,0.04,46,48668,买盘
1861,10:17:17,10.54,0.01,14,14755,卖盘
1862,10:17:08,10.53,-0.02,50,52650,卖盘
1863,10:17:02,10.55,0.01,96,101280,卖盘
1864,10:16:58,10.54,--,153,161651,买盘
1865,10:16:53,10.54,-0.01,470,496044,卖盘
1866,10:16:47,10.55,-0.05,500,527500,卖盘
1867,10:16:38,10.6,--,38,40280,买盘
1868,10:16:32,10.6,--,35,37100,买盘
1869,10:16:23,10.6,-0.01,3,3180,买盘
1870,10:16:17,10.61,0.02,65,68965,买盘
1871,10:16:13,10.59,--,27,28593,卖盘
1872,10:16:02,10.59,-0.01,80,84720,卖盘
1873,10:15:58,10.6,--,13,13780,买盘
1874,10:15:53,10.6,--,10,10600,买盘
1875,10:15:47,10.6,0.01,12,12720,买盘
1876,10:15:38,10.59,-0.01,1,1059,卖盘
1877,10:15:32,10.6,--,1,1060,买盘
1878,10:15:23,10.6,--,0,0,中性盘
1879,10:15:17,10.6,0.03,10,10600,买盘
1880,10:15:01,10.57,0.01,1,1057,中性盘
1881,10:14:57,10.56,--,14,14784,卖盘
1882,10:14:53,10.56,-0.03,24,25344,卖盘
1883,10:14:47,10.59,0.03,72,76248,中性盘
1884,10:14:42,10.56,-0.04,42,44352,卖盘
1885,10:14:38,10.6,0.04,14,14840,买盘
1886,10:14:32,10.56,--,232,244992,卖盘
1887,10:14:27,10.56,-0.03,4,4224,卖盘
1888,10:14:23,10.59,0.03,105,111195,买盘
1889,10:14:17,10.56,--,10,10560,卖盘
1890,10:14:12,10.56,-0.02,27,28512,卖盘
1891,10:14:02,10.58,0.02,113,119554,买盘
1892,10:13:57,10.56,0.01,3,3168,买盘
1893,10:13:53,10.55,-0.01,17,17935,卖盘
1894,10:13:47,10.56,0.01,1,1056,中性盘
1895,10:13:42,10.55,--,26,27430,卖盘
1896,10:13:38,10.55,0.01,19,20045,中性盘
1897,10:13:32,10.54,--,87,92087,卖盘
1898,10:13:23,10.54,-0.01,66,69564,卖盘
1899,10:13:17,10.55,0.01,105,110775,买盘
1900,10:13:12,10.54,-0.01,6,6323,卖盘
1901,10:13:08,10.55,0.01,41,43255,买盘
1902,10:13:02,10.54,-0.01,65,68510,卖盘
1903,10:12:57,10.55,--,134,142034,卖盘
1904,10:12:53,10.55,--,50,52750,卖盘
1905,10:12:47,10.55,--,64,68184,卖盘
1906,10:12:42,10.55,-0.01,15,15825,卖盘
1907,10:12:37,10.56,--,23,24678,卖盘
1908,10:12:32,10.56,-0.02,130,137280,卖盘
1909,10:12:27,10.58,0.01,15,15870,买盘
1910,10:12:22,10.57,--,22,23254,卖盘
1911,10:12:17,10.57,-0.01,53,56021,卖盘
1912,10:12:12,10.58,--,73,77234,买盘
1913,10:12:07,10.58,0.01,1,1058,买盘
1914,10:12:02,10.57,-0.01,232,245224,卖盘
1915,10:11:57,10.58,-0.01,188,199951,卖盘
1916,10:11:52,10.59,--,41,43419,卖盘
1917,10:11:47,10.59,--,108,114372,卖盘
1918,10:11:42,10.59,-0.01,37,39183,卖盘
1919,10:11:37,10.6,--,79,83740,买盘
1920,10:11:32,10.6,--,48,50880,卖盘
1921,10:11:27,10.6,--,20,21200,卖盘
1922,10:11:22,10.6,-0.01,10,10600,卖盘
1923,10:11:17,10.61,0.01,9,9549,买盘
1924,10:11:12,10.6,--,28,29680,卖盘
1925,10:11:02,10.6,-0.01,35,37100,卖盘
1926,10:10:57,10.61,--,14,14854,卖盘
1927,10:10:52,10.61,--,6,6366,卖盘
1928,10:10:47,10.61,-0.01,27,28647,卖盘
1929,10:10:42,10.62,-0.01,27,28673,买盘
1930,10:10:37,10.63,--,0,0,买盘
1931,10:10:31,10.63,0.02,145,154135,买盘
1932,10:10:27,10.61,--,56,59416,买盘
1933,10:10:17,10.61,-0.01,168,178248,卖盘
1934,10:10:12,10.62,-0.01,18,19116,卖盘
1935,10:10:07,10.63,0.02,20,21260,买盘
1936,10:10:02,10.61,--,711,754371,卖盘
1937,10:09:57,10.61,--,28,29708,卖盘
1938,10:09:52,10.61,--,61,64721,卖盘
1939,10:09:47,10.61,--,39,41379,卖盘
1940,10:09:41,10.61,0.01,63,66843,买盘
1941,10:09:37,10.6,-0.01,13,13780,卖盘
1942,10:09:32,10.61,0.01,21,22281,买盘
1943,10:09:26,10.6,-0.01,30,31800,卖盘
1944,10:09:22,10.61,--,10,10610,卖盘
1945,10:09:17,10.61,0.01,48,50928,买盘
1946,10:09:10,10.6,--,0,0,卖盘
1947,10:09:07,10.6,-0.01,17,18020,卖盘
1948,10:09:02,10.61,0.01,16,16976,中性盘
1949,10:08:56,10.6,-0.01,85,90100,中性盘
1950,10:08:52,10.61,--,75,79575,买盘
1951,10:08:47,10.61,--,84,89124,买盘
1952,10:08:41,10.61,0.02,130,137930,买盘
1953,10:08:37,10.59,-0.01,120,127080,卖盘
1954,10:08:32,10.6,-0.01,107,113420,卖盘
1955,10:08:26,10.61,0.01,59,62599,买盘
1956,10:08:22,10.6,--,28,29680,卖盘
1957,10:08:17,10.6,--,11,11660,卖盘
1958,10:08:11,10.6,--,27,28620,卖盘
1959,10:08:07,10.6,--,5,5300,卖盘
1960,10:08:02,10.6,--,56,59360,卖盘
1961,10:07:56,10.6,0.01,3,3180,买盘
1962,10:07:41,10.59,0.01,23,24357,买盘
1963,10:07:36,10.58,--,4,4232,卖盘
1964,10:07:32,10.58,-0.02,53,56074,卖盘
1965,10:07:26,10.6,0.02,15,16949,买盘
1966,10:07:22,10.58,--,214,226433,卖盘
1967,10:07:11,10.58,-0.01,77,81466,卖盘
1968,10:07:06,10.59,--,10,10590,卖盘
1969,10:07:01,10.59,0.01,307,325113,买盘
1970,10:06:56,10.58,--,1,1058,卖盘
1971,10:06:51,10.58,--,10,10580,卖盘
1972,10:06:47,10.58,--,12,12696,卖盘
1973,10:06:37,10.58,--,39,41262,卖盘
1974,10:06:32,10.58,--,10,10580,卖盘
1975,10:06:26,10.58,--,177,187266,买盘
1976,10:06:17,10.58,0.01,202,213716,买盘
1977,10:06:11,10.57,--,4,4228,卖盘
1978,10:06:02,10.57,--,21,22197,卖盘
1979,10:05:56,10.57,--,78,82446,卖盘
1980,10:05:51,10.57,--,5,5285,卖盘
1981,10:05:32,10.57,0.01,136,144417,买盘
1982,10:05:26,10.56,-0.01,13,13728,卖盘
1983,10:05:21,10.57,0.01,40,42280,买盘
1984,10:05:11,10.56,-0.01,24,25344,卖盘
1985,10:05:06,10.57,--,107,113099,卖盘
1986,10:05:01,10.57,0.01,15,15855,卖盘
1987,10:04:56,10.56,-0.01,125,132000,卖盘
1988,10:04:51,10.57,--,3,3171,卖盘
1989,10:04:46,10.57,-0.01,6,6342,卖盘
1990,10:04:41,10.58,--,105,111090,买盘
1991,10:04:26,10.58,--,34,35972,买盘
1992,10:04:21,10.58,-0.01,11,11638,买盘
1993,10:04:16,10.59,0.01,41,43419,买盘
1994,10:04:11,10.58,-0.01,57,60306,卖盘
1995,10:04:06,10.59,0.01,30,31770,买盘
1996,10:04:01,10.58,-0.01,22,23276,卖盘
1997,10:03:56,10.59,--,20,21180,买盘
1998,10:03:31,10.59,--,12,12708,买盘
1999,10:03:26,10.59,0.01,15,15885,买盘
2000,10:03:21,10.58,-0.02,20,21160,中性盘
2001,10:03:11,10.6,0.05,36,38160,买盘
2002,10:03:06,10.55,-0.01,18,18990,卖盘
2003,10:03:01,10.56,0.01,6,6336,中性盘
2004,10:02:56,10.55,-0.05,162,170910,卖盘
2005,10:02:51,10.6,--,1,1060,买盘
2006,10:02:41,10.6,0.04,447,473820,买盘
2007,10:02:36,10.56,0.01,4,4224,买盘
2008,10:02:26,10.55,-0.02,63,67245,卖盘
2009,10:02:21,10.57,0.02,47,49679,买盘
2010,10:02:16,10.55,-0.02,10,10550,卖盘
2011,10:02:11,10.57,0.02,43,45451,买盘
2012,10:02:06,10.55,-0.01,22,23210,卖盘
2013,10:01:56,10.56,--,4,4224,卖盘
2014,10:01:51,10.56,-0.01,25,26400,卖盘
2015,10:01:41,10.57,--,2,2114,买盘
2016,10:01:20,10.57,--,34,35938,卖盘
2017,10:01:16,10.57,--,18,19026,卖盘
2018,10:01:11,10.57,-0.01,3,3171,卖盘
2019,10:01:05,10.58,--,63,66654,买盘
2020,10:01:01,10.58,0.01,24,25392,买盘
2021,10:00:56,10.57,--,83,87731,卖盘
2022,10:00:49,10.57,-0.01,89,94073,卖盘
2023,10:00:41,10.58,0.01,153,161874,买盘
2024,10:00:35,10.57,-0.01,11,11627,卖盘
2025,10:00:31,10.58,0.02,91,96278,买盘
2026,10:00:26,10.56,-0.01,32,33792,卖盘
2027,10:00:20,10.57,--,4,4228,买盘
2028,10:00:16,10.57,--,5,5285,买盘
2029,10:00:11,10.57,-0.01,148,156436,卖盘
2030,10:00:05,10.58,--,17,17986,买盘
2031,10:00:01,10.58,0.01,7,7406,买盘
2032,09:59:56,10.57,--,76,80332,卖盘
2033,09:59:50,10.57,-0.01,43,45451,卖盘
2034,09:59:46,10.58,--,24,25392,买盘
2035,09:59:41,10.58,--,60,63480,卖盘
2036,09:59:35,10.58,--,74,78292,卖盘
2037,09:59:31,10.58,-0.01,5,5290,卖盘
2038,09:59:26,10.59,--,123,130257,买盘
2039,09:59:20,10.59,--,57,60363,买盘
2040,09:59:16,10.59,0.01,280,296520,买盘
2041,09:59:11,10.58,--,12,12696,卖盘
2042,09:59:05,10.58,--,27,28566,卖盘
2043,09:59:01,10.58,--,42,44436,卖盘
2044,09:58:56,10.58,-0.01,43,45494,卖盘
2045,09:58:49,10.59,--,212,224508,买盘
2046,09:58:45,10.59,0.01,45,47655,买盘
2047,09:58:40,10.58,--,67,70886,买盘
2048,09:58:35,10.58,0.01,66,69828,买盘
2049,09:58:31,10.57,-0.01,53,56021,卖盘
2050,09:58:25,10.58,--,21,22218,卖盘
2051,09:58:20,10.58,0.01,107,113206,买盘
2052,09:58:15,10.57,--,28,29596,卖盘
2053,09:58:10,10.57,--,88,93016,买盘
2054,09:58:05,10.57,0.04,136,143752,买盘
2055,09:58:00,10.53,-0.03,128,134784,卖盘
2056,09:57:55,10.56,--,20,21120,卖盘
2057,09:57:50,10.56,0.01,131,138452,买盘
2058,09:57:45,10.55,0.01,498,525390,买盘
2059,09:57:40,10.54,-0.01,116,123202,卖盘
2060,09:57:35,10.55,0.01,35,36925,买盘
2061,09:57:30,10.54,--,33,34782,卖盘
2062,09:57:25,10.54,--,27,28457,卖盘
2063,09:57:20,10.54,-0.01,66,69564,卖盘
2064,09:57:15,10.55,-0.01,27,28485,中性盘
2065,09:57:10,10.56,0.02,59,62304,买盘
2066,09:57:05,10.54,-0.02,19,20026,卖盘
2067,09:57:00,10.56,-0.01,30,31680,卖盘
2068,09:56:55,10.57,--,1,1057,买盘
2069,09:56:50,10.57,--,114,120498,买盘
2070,09:56:45,10.57,--,284,300188,买盘
2071,09:56:35,10.57,0.01,62,65534,买盘
2072,09:56:30,10.56,-0.01,27,28512,卖盘
2073,09:56:25,10.57,--,80,84560,卖盘
2074,09:56:20,10.57,--,24,25368,卖盘
2075,09:56:15,10.57,--,65,68705,买盘
2076,09:56:05,10.57,--,201,212457,买盘
2077,09:56:00,10.57,--,120,126840,买盘
2078,09:55:55,10.57,--,68,71876,买盘
2079,09:55:50,10.57,0.01,145,153265,买盘
2080,09:55:45,10.56,-0.02,35,36960,卖盘
2081,09:55:35,10.58,0.01,20,21160,买盘
2082,09:55:30,10.57,0.01,128,135296,买盘
2083,09:55:25,10.56,--,299,315744,买盘
2084,09:55:20,10.56,--,22,23232,买盘
2085,09:55:15,10.56,0.01,20,21120,买盘
2086,09:55:10,10.55,-0.01,30,31650,卖盘
2087,09:55:00,10.56,0.01,30,31680,买盘
2088,09:54:55,10.55,0.02,22,23326,买盘
2089,09:54:50,10.53,-0.02,782,823446,卖盘
2090,09:54:45,10.55,0.02,33,34815,买盘
2091,09:54:35,10.53,-0.01,50,52650,卖盘
2092,09:54:25,10.54,0.01,5,5270,买盘
2093,09:54:20,10.53,-0.01,7,7371,卖盘
2094,09:54:15,10.54,--,7,7377,买盘
2095,09:54:10,10.54,--,46,48483,买盘
2096,09:54:05,10.54,--,1,1054,买盘
2097,09:54:00,10.54,--,52,54807,买盘
2098,09:53:55,10.54,--,0,0,买盘
2099,09:53:50,10.54,0.01,77,81158,买盘
2100,09:53:45,10.53,--,56,58968,买盘
2101,09:53:40,10.53,-0.01,102,107406,卖盘
2102,09:53:35,10.54,0.01,136,143344,买盘
2103,09:53:29,10.53,-0.01,216,228185,卖盘
2104,09:53:25,10.54,0.02,10,10540,买盘
2105,09:53:20,10.52,-0.01,76,80856,卖盘
2106,09:53:14,10.53,--,89,94664,买盘
2107,09:53:10,10.53,--,59,62126,买盘
2108,09:53:05,10.53,0.01,35,36855,买盘
2109,09:52:59,10.52,--,35,36820,卖盘
2110,09:52:55,10.52,-0.01,29,30508,卖盘
2111,09:52:50,10.53,--,368,387504,买盘
2112,09:52:44,10.53,--,6,6318,买盘
2113,09:52:39,10.53,--,78,82134,买盘
2114,09:52:35,10.53,--,5,5265,买盘
2115,09:52:29,10.53,-0.01,147,154791,卖盘
2116,09:52:25,10.54,--,11,11593,买盘
2117,09:52:20,10.54,--,79,83266,买盘
2118,09:52:14,10.54,--,2,2108,买盘
2119,09:52:09,10.54,-0.01,95,100129,卖盘
2120,09:52:05,10.55,--,20,21100,买盘
2121,09:51:59,10.55,--,20,21100,买盘
2122,09:51:50,10.55,0.01,45,47475,买盘
2123,09:51:44,10.54,--,2,2108,买盘
2124,09:51:39,10.54,--,1,1054,买盘
2125,09:51:35,10.54,--,196,206583,买盘
2126,09:51:29,10.54,--,174,183395,卖盘
2127,09:51:24,10.54,--,31,32673,卖盘
2128,09:51:19,10.54,--,38,40052,卖盘
2129,09:51:14,10.54,0.01,22,23187,中性盘
2130,09:51:09,10.53,--,231,243242,卖盘
2131,09:51:04,10.53,--,66,69498,卖盘
2132,09:50:59,10.53,0.01,53,55809,中性盘
2133,09:50:54,10.52,--,155,163438,卖盘
2134,09:50:48,10.52,--,128,134656,卖盘
2135,09:50:44,10.52,--,22,23144,卖盘
2136,09:50:39,10.52,--,36,37872,卖盘
2137,09:50:34,10.52,--,75,78900,买盘
2138,09:50:28,10.52,--,50,52600,买盘
2139,09:50:24,10.52,--,55,57860,卖盘
2140,09:50:18,10.52,--,66,70315,买盘
2141,09:50:14,10.52,--,93,98404,卖盘
2142,09:50:09,10.52,--,148,155696,卖盘
2143,09:49:59,10.52,--,149,156748,卖盘
2144,09:49:54,10.52,--,46,48392,卖盘
2145,09:49:49,10.52,-0.01,84,88368,卖盘
2146,09:49:44,10.53,--,34,35802,买盘
2147,09:49:39,10.53,0.01,63,66339,中性盘
2148,09:49:29,10.52,-0.02,79,83108,卖盘
2149,09:49:24,10.54,--,43,45321,买盘
2150,09:49:19,10.54,0.01,87,91697,买盘
2151,09:49:14,10.53,-0.02,38,40014,卖盘
2152,09:49:09,10.55,0.03,55,58025,买盘
2153,09:49:04,10.52,-0.02,57,59964,卖盘
2154,09:48:59,10.54,-0.01,170,179180,卖盘
2155,09:48:54,10.55,-0.01,122,128710,卖盘
2156,09:48:49,10.56,--,94,99264,买盘
2157,09:48:44,10.56,0.01,20,21120,买盘
2158,09:48:39,10.55,0.01,25,26375,买盘
2159,09:48:33,10.54,--,49,51645,卖盘
2160,09:48:29,10.54,0.02,7,7377,卖盘
2161,09:48:24,10.52,-0.03,223,235037,卖盘
2162,09:48:19,10.55,0.01,30,31650,买盘
2163,09:48:14,10.54,--,82,86428,买盘
2164,09:48:09,10.54,--,57,60077,买盘
2165,09:48:04,10.54,0.01,41,43214,买盘
2166,09:47:58,10.53,--,93,97929,卖盘
2167,09:47:48,10.53,--,67,70551,买盘
2168,09:47:44,10.53,0.01,328,345426,买盘
2169,09:47:39,10.52,--,1,1052,卖盘
2170,09:47:34,10.52,--,18,18936,卖盘
2171,09:47:29,10.52,0.01,3,3156,买盘
2172,09:47:24,10.51,-0.01,56,58856,卖盘
2173,09:47:18,10.52,0.01,14,14728,买盘
2174,09:47:14,10.51,--,3,3153,卖盘
2175,09:47:09,10.51,0.01,242,255319,买盘
2176,09:46:59,10.5,-0.01,59,61950,卖盘
2177,09:46:54,10.51,0.01,60,63060,买盘
2178,09:46:48,10.5,0.01,138,144900,买盘
2179,09:46:44,10.49,-0.01,82,86018,卖盘
2180,09:46:39,10.5,-0.01,49,51450,卖盘
2181,09:46:33,10.51,--,85,89335,买盘
2182,09:46:29,10.51,--,294,309319,买盘
2183,09:46:24,10.51,0.02,211,222486,买盘
2184,09:46:18,10.49,-0.02,526,552099,卖盘
2185,09:46:14,10.51,--,126,132426,买盘
2186,09:46:09,10.51,0.02,43,45193,买盘
2187,09:46:03,10.49,--,92,96508,卖盘
2188,09:45:59,10.49,-0.02,142,148958,卖盘
2189,09:45:53,10.51,0.02,294,308994,买盘
2190,09:45:48,10.49,-0.01,189,199026,卖盘
2191,09:45:44,10.5,--,110,116508,买盘
2192,09:45:38,10.5,0.02,152,159600,买盘
2193,09:45:33,10.48,-0.02,33,34584,卖盘
2194,09:45:29,10.5,0.02,16,16800,买盘
2195,09:45:23,10.48,--,146,153008,卖盘
2196,09:45:18,10.48,--,19,19912,卖盘
2197,09:45:14,10.48,-0.01,519,543912,卖盘
2198,09:45:08,10.49,--,12,12588,买盘
2199,09:45:03,10.49,--,130,136370,买盘
2200,09:44:59,10.49,--,217,227633,卖盘
2201,09:44:53,10.49,-0.01,68,71332,卖盘
2202,09:44:48,10.5,--,19,19950,买盘
2203,09:44:42,10.5,--,76,79800,买盘
2204,09:44:38,10.5,--,37,38850,买盘
2205,09:44:33,10.5,--,285,299407,卖盘
2206,09:44:27,10.5,--,9,9450,卖盘
2207,09:44:23,10.5,-0.01,36,37800,卖盘
2208,09:44:18,10.51,--,65,68315,买盘
2209,09:44:12,10.51,--,20,21020,买盘
2210,09:44:08,10.51,--,106,111406,卖盘
2211,09:44:03,10.51,-0.01,17,17867,中性盘
2212,09:43:57,10.52,--,34,36472,买盘
2213,09:43:53,10.52,--,360,379067,买盘
2214,09:43:48,10.52,0.01,46,48392,买盘
2215,09:43:38,10.51,-0.01,34,35734,卖盘
2216,09:43:33,10.52,0.01,64,68222,买盘
2217,09:43:27,10.51,0.01,71,74621,买盘
2218,09:43:23,10.5,-0.02,167,175507,卖盘
2219,09:43:18,10.52,--,201,211736,买盘
2220,09:43:08,10.52,0.02,66,69432,买盘
2221,09:43:03,10.5,-0.01,2,2100,卖盘
2222,09:42:57,10.51,0.01,10,10510,买盘
2223,09:42:53,10.5,--,25,26250,卖盘
2224,09:42:48,10.5,0.01,443,465759,买盘
2225,09:42:42,10.49,--,9,9441,买盘
2226,09:42:38,10.49,0.01,227,238584,买盘
2227,09:42:33,10.48,--,181,189688,卖盘
2228,09:42:27,10.48,0.01,229,239992,买盘
2229,09:42:23,10.47,-0.01,442,462774,卖盘
2230,09:42:18,10.48,0.01,34,35632,买盘
2231,09:42:12,10.47,--,103,107841,卖盘
2232,09:42:08,10.47,--,73,76431,卖盘
2233,09:42:03,10.47,--,181,189904,卖盘
2234,09:41:57,10.47,0.01,121,127346,买盘
2235,09:41:53,10.46,-0.01,175,183050,卖盘
2236,09:41:48,10.47,0.01,216,226152,买盘
2237,09:41:42,10.46,-0.01,20,20920,卖盘
2238,09:41:38,10.47,0.01,367,384249,买盘
2239,09:41:33,10.46,--,516,540447,买盘
2240,09:41:27,10.46,--,129,134934,买盘
2241,09:41:23,10.46,--,169,176774,买盘
2242,09:41:18,10.46,--,284,297064,买盘
2243,09:41:12,10.46,--,51,53346,买盘
2244,09:41:08,10.46,--,498,521242,卖盘
2245,09:41:03,10.46,-0.02,925,967550,卖盘
2246,09:40:53,10.48,--,232,243136,买盘
2247,09:40:48,10.48,0.02,44,46112,买盘
2248,09:40:42,10.46,-0.01,287,300641,卖盘
2249,09:40:38,10.47,--,82,85854,买盘
2250,09:40:33,10.47,0.01,33,34551,买盘
2251,09:40:27,10.46,--,117,122382,卖盘
2252,09:40:23,10.46,--,421,441066,买盘
2253,09:40:18,10.46,--,322,336812,买盘
2254,09:40:12,10.46,--,197,206062,买盘
2255,09:40:08,10.46,--,187,195602,买盘
2256,09:40:03,10.46,--,389,406894,买盘
2257,09:39:57,10.46,-0.01,234,244764,卖盘
2258,09:39:53,10.47,0.01,204,213588,买盘
2259,09:39:48,10.46,--,82,85772,卖盘
2260,09:39:37,10.46,--,521,544966,卖盘
2261,09:39:33,10.46,0.01,139,145394,卖盘
2262,09:39:27,10.45,-0.01,260,272347,卖盘
2263,09:39:23,10.46,--,119,124474,卖盘
2264,09:39:18,10.46,-0.01,127,132842,中性盘
2265,09:39:12,10.47,0.01,365,382155,买盘
2266,09:39:08,10.46,-0.01,54,56484,卖盘
2267,09:39:03,10.47,--,43,45021,买盘
2268,09:38:57,10.47,-0.01,23,24081,买盘
2269,09:38:52,10.48,--,117,122616,买盘
2270,09:38:47,10.48,--,2193,2299301,卖盘
2271,09:38:42,10.48,-0.01,135,141480,卖盘
2272,09:38:38,10.49,0.01,169,177281,买盘
2273,09:38:32,10.48,-0.01,172,180256,卖盘
2274,09:38:27,10.49,0.01,143,150007,买盘
2275,09:38:21,10.48,-0.01,45,47160,卖盘
2276,09:38:17,10.49,--,47,49303,买盘
2277,09:38:12,10.49,--,61,64492,买盘
2278,09:38:06,10.49,--,17,17833,买盘
2279,09:38:02,10.49,-0.01,190,199834,卖盘
2280,09:37:57,10.5,--,523,549958,买盘
2281,09:37:51,10.5,--,77,80850,买盘
2282,09:37:47,10.5,0.01,148,155400,买盘
2283,09:37:42,10.49,-0.01,281,294769,卖盘
2284,09:37:36,10.5,--,1,1050,买盘
2285,09:37:32,10.5,--,51,53550,买盘
2286,09:37:27,10.5,--,108,113925,卖盘
2287,09:37:21,10.5,-0.02,42,44625,卖盘
2288,09:37:17,10.52,0.02,34,35768,买盘
2289,09:37:12,10.5,-0.03,7,7350,卖盘
2290,09:37:06,10.53,0.01,14,14742,买盘
2291,09:37:02,10.52,--,1854,1950408,卖盘
2292,09:36:57,10.52,-0.01,23,24196,卖盘
2293,09:36:51,10.53,0.01,2,2106,买盘
2294,09:36:47,10.52,-0.01,9,9468,卖盘
2295,09:36:42,10.53,--,19,20007,买盘
2296,09:36:36,10.53,--,60,63179,卖盘
2297,09:36:31,10.53,-0.01,137,144261,卖盘
2298,09:36:27,10.54,--,5,5270,买盘
2299,09:36:21,10.54,--,1,1054,买盘
2300,09:36:17,10.54,-0.01,17,18476,卖盘
2301,09:36:12,10.55,--,53,55915,买盘
2302,09:36:02,10.55,-0.01,92,97060,卖盘
2303,09:35:57,10.56,0.01,59,62304,买盘
2304,09:35:51,10.55,--,70,73850,卖盘
2305,09:35:47,10.55,--,29,30595,买盘
2306,09:35:42,10.55,0.01,86,90730,买盘
2307,09:35:36,10.54,-0.01,245,258725,卖盘
2308,09:35:32,10.55,--,89,93895,买盘
2309,09:35:27,10.55,0.01,60,63300,买盘
2310,09:35:17,10.54,-0.01,2008,2116432,卖盘
2311,09:35:12,10.55,0.02,80,84400,买盘
2312,09:35:02,10.53,--,242,255110,卖盘
2313,09:34:57,10.53,0.01,141,148473,买盘
2314,09:34:51,10.52,--,1,1052,卖盘
2315,09:34:47,10.52,0.02,31,32612,中性盘
2316,09:34:42,10.5,--,264,277200,卖盘
2317,09:34:36,10.5,--,243,256158,买盘
2318,09:34:32,10.5,--,43,45150,买盘
2319,09:34:27,10.5,--,544,571200,买盘
2320,09:34:21,10.5,--,13,13650,买盘
2321,09:34:17,10.5,--,385,404250,买盘
2322,09:34:12,10.5,-0.06,1882,1976142,卖盘
2323,09:34:06,10.56,0.02,2,2112,买盘
2324,09:34:02,10.54,-0.02,22,23187,卖盘
2325,09:33:57,10.56,--,17,17952,买盘
2326,09:33:51,10.56,--,56,59136,买盘
2327,09:33:47,10.56,--,362,382768,卖盘
2328,09:33:42,10.56,-0.02,166,175855,卖盘
2329,09:33:36,10.58,--,10,10580,买盘
2330,09:33:32,10.58,0.01,57,60306,买盘
2331,09:33:27,10.57,--,31,32767,卖盘
2332,09:33:17,10.57,0.03,84,89707,买盘
2333,09:33:12,10.54,--,133,140182,买盘
2334,09:33:06,10.54,-0.03,9,9486,中性盘
2335,09:33:02,10.57,--,10,10570,买盘
2336,09:32:57,10.57,--,61,64477,买盘
2337,09:32:51,10.57,--,1009,1066523,买盘
2338,09:32:46,10.57,--,100,105700,买盘
2339,09:32:42,10.57,-0.01,98,103586,卖盘
2340,09:32:36,10.58,--,6,6348,买盘
2341,09:32:32,10.58,0.05,15,15870,中性盘
2342,09:32:26,10.53,-0.05,160,169248,卖盘
2343,09:32:21,10.58,--,10,10580,卖盘
2344,09:32:17,10.58,0.01,146,154468,买盘
2345,09:32:11,10.57,0.07,42,44394,中性盘
2346,09:32:06,10.5,-0.01,1000,1050000,卖盘
2347,09:32:01,10.51,-0.01,87,91437,卖盘
2348,09:31:57,10.52,-0.06,536,563872,中性盘
2349,09:31:51,10.58,0.08,178,189011,买盘
2350,09:31:45,10.5,--,0,0,卖盘
2351,09:31:41,10.5,--,352,370335,买盘
2352,09:31:36,10.5,--,83,87150,买盘
2353,09:31:30,10.5,--,39,40950,买盘
2354,09:31:26,10.5,-0.14,792,831915,卖盘
2355,09:31:21,10.64,--,0,0,买盘
2356,09:31:15,10.64,0.09,37,40112,买盘
2357,09:31:11,10.55,-0.09,636,671285,卖盘
2358,09:31:06,10.64,0.04,221,235899,买盘
2359,09:31:00,10.6,--,66,69960,买盘
2360,09:30:56,10.6,-0.04,436,462160,卖盘
2361,09:30:51,10.64,--,40,42560,买盘
2362,09:30:41,10.64,--,28,29792,买盘
2363,09:30:36,10.64,--,11,11704,卖盘
2364,09:30:26,10.64,0.01,2,2128,卖盘
2365,09:30:11,10.63,-0.01,52,55276,卖盘
2366,09:30:06,10.64,0.01,453,482790,买盘
2367,09:28:47,10.63,--,0,0,买盘
2368,09:25:03,10.63,10.63,249,264687,买盘
