,time,price,change,volume,amount,type
0,15:00:00,11.17,--,0,0,卖盘
1,14:59:59,11.17,-0.01,0,0,卖盘
2,14:59:55,11.18,0.01,54,60372,买盘
3,14:59:50,11.17,-0.01,48,53616,卖盘
4,14:59:46,11.18,0.01,267,298506,买盘
5,14:59:40,11.17,-0.01,96,107232,卖盘
6,14:59:35,11.18,0.01,93,103974,买盘
7,14:59:31,11.17,-0.01,415,463555,卖盘
8,14:59:25,11.18,0.01,294,328692,买盘
9,14:59:20,11.17,--,42,46914,卖盘
10,14:59:16,11.17,-0.01,106,118402,卖盘
11,14:59:10,11.18,0.01,60,67080,买盘
12,14:59:05,11.17,--,132,147444,买盘
13,14:59:01,11.17,--,314,350738,买盘
14,14:58:55,11.17,--,4,4468,买盘
15,14:58:50,11.17,-0.01,453,506001,卖盘
16,14:58:45,11.18,--,135,150930,买盘
17,14:58:40,11.18,--,30,33540,买盘
18,14:58:35,11.18,--,152,169936,买盘
19,14:58:30,11.18,0.01,56,62608,买盘
20,14:58:25,11.17,--,115,128455,卖盘
21,14:58:20,11.17,-0.01,77,86009,卖盘
22,14:58:15,11.18,--,62,69316,买盘
23,14:58:10,11.18,--,63,70434,买盘
24,14:58:05,11.18,--,427,477386,买盘
25,14:58:00,11.18,0.01,140,156520,买盘
26,14:57:55,11.17,-0.01,24,26808,卖盘
27,14:57:50,11.18,--,157,175526,买盘
28,14:57:45,11.18,0.01,48,53664,买盘
29,14:57:39,11.17,--,148,165316,卖盘
30,14:57:35,11.17,-0.01,30,33510,卖盘
31,14:57:30,11.18,--,390,436020,买盘
32,14:57:25,11.18,0.01,78,87204,买盘
33,14:57:20,11.17,--,308,344036,卖盘
34,14:57:15,11.17,--,58,64786,卖盘
35,14:57:10,11.17,--,124,138508,卖盘
36,14:57:05,11.17,--,47,52499,卖盘
37,14:57:00,11.17,--,87,97179,买盘
38,14:56:54,11.17,--,109,121753,买盘
39,14:56:50,11.17,0.01,94,104998,买盘
40,14:56:45,11.16,-0.01,59,65844,卖盘
41,14:56:40,11.17,--,115,128455,买盘
42,14:56:34,11.17,--,162,180954,买盘
43,14:56:30,11.17,0.01,100,111700,买盘
44,14:56:25,11.16,-0.01,20,22320,卖盘
45,14:56:20,11.17,--,89,99413,买盘
46,14:56:15,11.17,0.01,157,175369,买盘
47,14:56:10,11.16,--,82,91512,卖盘
48,14:56:05,11.16,--,92,102672,卖盘
49,14:56:00,11.16,-0.01,227,253332,卖盘
50,14:55:55,11.17,--,19,21223,买盘
51,14:55:50,11.17,0.01,191,213347,买盘
52,14:55:45,11.16,0.01,51,56916,中性盘
53,14:55:39,11.15,--,219,244586,卖盘
54,14:55:35,11.15,-0.01,748,834020,卖盘
55,14:55:30,11.16,--,157,175212,买盘
56,14:55:25,11.16,0.01,152,169632,买盘
57,14:55:20,11.15,--,124,138260,卖盘
58,14:55:15,11.15,--,133,148295,卖盘
59,14:55:09,11.15,--,29,32335,卖盘
60,14:55:05,11.15,--,206,229690,卖盘
61,14:55:00,11.15,--,365,407443,买盘
62,14:54:54,11.15,--,20,22300,买盘
63,14:54:50,11.15,0.01,106,118190,买盘
64,14:54:45,11.14,-0.01,256,285184,卖盘
65,14:54:39,11.15,--,25,27875,买盘
66,14:54:35,11.15,--,283,315545,买盘
67,14:54:30,11.15,--,200,223000,买盘
68,14:54:24,11.15,--,5,5575,买盘
69,14:54:20,11.15,--,47,52405,买盘
70,14:54:15,11.15,--,9,10035,买盘
71,14:54:09,11.15,0.01,20,22300,买盘
72,14:54:05,11.14,-0.01,197,219458,卖盘
73,14:54:00,11.15,--,131,146065,买盘
74,14:53:54,11.15,--,34,37910,买盘
75,14:53:50,11.15,--,356,396940,买盘
76,14:53:45,11.15,0.01,372,414780,买盘
77,14:53:39,11.14,--,8,8912,卖盘
78,14:53:35,11.14,-0.01,5,5570,卖盘
79,14:53:30,11.15,0.01,24,26760,买盘
80,14:53:24,11.14,--,11,12254,卖盘
81,14:53:20,11.14,-0.01,79,88006,卖盘
82,14:53:15,11.15,0.01,10,11150,买盘
83,14:53:09,11.14,--,80,89120,卖盘
84,14:53:05,11.14,--,12,13368,卖盘
85,14:53:00,11.14,--,23,25622,卖盘
86,14:52:50,11.14,--,20,22280,卖盘
87,14:52:45,11.14,--,22,24508,卖盘
88,14:52:39,11.14,--,20,22280,卖盘
89,14:52:35,11.14,--,70,77980,买盘
90,14:52:30,11.14,0.01,9,10026,买盘
91,14:52:24,11.13,-0.01,118,131334,卖盘
92,14:52:20,11.14,--,87,96918,买盘
93,14:52:15,11.14,0.01,18,20052,买盘
94,14:52:09,11.13,--,15,16695,卖盘
95,14:52:04,11.13,--,40,44520,卖盘
96,14:52:00,11.13,-0.01,103,114639,卖盘
97,14:51:54,11.14,--,2,2228,买盘
98,14:51:49,11.14,0.01,35,38990,买盘
99,14:51:44,11.13,--,19,21147,卖盘
100,14:51:39,11.13,-0.01,17,18921,卖盘
101,14:51:35,11.14,0.01,184,204976,买盘
102,14:51:28,11.13,--,1,1113,卖盘
103,14:51:24,11.13,-0.01,51,56763,卖盘
104,14:51:18,11.14,--,5,5570,买盘
105,14:51:14,11.14,--,35,38990,卖盘
106,14:51:09,11.14,--,113,126093,买盘
107,14:51:03,11.14,--,18,20052,买盘
108,14:50:59,11.14,--,25,27850,买盘
109,14:50:44,11.14,--,77,86680,卖盘
110,14:50:39,11.14,--,41,45674,卖盘
111,14:50:29,11.14,--,412,458968,卖盘
112,14:50:24,11.14,-0.01,205,228370,卖盘
113,14:50:14,11.15,0.01,20,22300,买盘
114,14:50:09,11.14,--,47,52358,卖盘
115,14:50:03,11.14,-0.01,25,27850,卖盘
116,14:49:59,11.15,--,142,158330,买盘
117,14:49:54,11.15,0.01,31,34565,买盘
118,14:49:48,11.14,-0.01,30,33420,卖盘
119,14:49:39,11.15,--,7,7805,买盘
120,14:49:29,11.15,--,312,348526,卖盘
121,14:49:24,11.15,--,34,37910,卖盘
122,14:49:14,11.15,--,142,158330,卖盘
123,14:49:09,11.15,--,54,60488,卖盘
124,14:48:59,11.15,--,2,2230,卖盘
125,14:48:54,11.15,--,200,223000,卖盘
126,14:48:43,11.15,--,6,6690,卖盘
127,14:48:39,11.15,-0.01,1,1115,卖盘
128,14:48:33,11.16,0.01,97,108252,买盘
129,14:48:29,11.15,--,92,102580,卖盘
130,14:48:24,11.15,-0.01,23,25645,卖盘
131,14:48:18,11.16,--,79,88164,买盘
132,14:48:14,11.16,0.01,83,92628,买盘
133,14:48:09,11.15,-0.01,157,175055,卖盘
134,14:48:03,11.16,--,2,2232,买盘
135,14:47:59,11.16,0.01,57,63612,买盘
136,14:47:54,11.15,--,115,128225,卖盘
137,14:47:48,11.15,-0.01,17,18955,卖盘
138,14:47:44,11.16,--,21,23436,买盘
139,14:47:39,11.16,0.01,658,734328,买盘
140,14:47:33,11.15,--,108,120420,卖盘
141,14:47:29,11.15,--,50,55750,卖盘
142,14:47:24,11.15,-0.01,18,20070,卖盘
143,14:47:14,11.16,--,12,13392,买盘
144,14:47:09,11.16,0.01,15,16740,买盘
145,14:47:03,11.15,--,2,2230,卖盘
146,14:46:59,11.15,--,120,133800,卖盘
147,14:46:54,11.15,-0.01,2,2230,卖盘
148,14:46:48,11.16,0.01,66,73656,买盘
149,14:46:43,11.15,-0.01,229,255335,卖盘
150,14:46:39,11.16,0.01,16,17856,买盘
151,14:46:33,11.15,-0.01,6,6690,卖盘
152,14:46:29,11.16,--,35,39060,买盘
153,14:46:24,11.16,0.01,350,390600,买盘
154,14:46:14,11.15,--,1,1115,卖盘
155,14:46:08,11.15,--,67,74705,卖盘
156,14:46:03,11.15,--,404,450460,卖盘
157,14:45:59,11.15,-0.01,110,122650,卖盘
158,14:45:54,11.16,--,26,29016,买盘
159,14:45:48,11.16,0.01,400,446400,买盘
160,14:45:43,11.15,--,54,60210,卖盘
161,14:45:39,11.15,-0.01,26,28990,卖盘
162,14:45:33,11.16,--,65,72540,买盘
163,14:45:28,11.16,--,8,8928,买盘
164,14:45:23,11.16,--,42,46872,买盘
165,14:45:18,11.16,--,53,59148,买盘
166,14:45:14,11.16,--,10,11160,买盘
167,14:45:08,11.16,0.01,27,30132,买盘
168,14:45:03,11.15,-0.01,5,5575,卖盘
169,14:44:53,11.16,0.01,5,5580,买盘
170,14:44:48,11.15,-0.01,50,55750,卖盘
171,14:44:38,11.16,--,20,22320,买盘
172,14:44:33,11.16,0.01,10,11160,买盘
173,14:44:27,11.15,--,5,5575,卖盘
174,14:44:23,11.15,--,25,27875,卖盘
175,14:44:18,11.15,--,10,11150,卖盘
176,14:44:12,11.15,--,10,11150,卖盘
177,14:44:08,11.15,--,16,17840,卖盘
178,14:44:03,11.15,--,37,41255,卖盘
179,14:43:57,11.15,--,23,25645,卖盘
180,14:43:52,11.15,--,19,21185,卖盘
181,14:43:48,11.15,--,13,14495,卖盘
182,14:43:42,11.15,--,3,3345,卖盘
183,14:43:38,11.15,--,53,59095,卖盘
184,14:43:33,11.15,--,25,27875,卖盘
185,14:43:27,11.15,--,13,14495,卖盘
186,14:43:23,11.15,--,24,26860,卖盘
187,14:43:18,11.15,--,2,2230,卖盘
188,14:43:12,11.15,--,7,7894,买盘
189,14:43:08,11.15,--,405,452400,买盘
190,14:43:03,11.15,--,3,3345,买盘
191,14:42:57,11.15,0.01,212,236380,买盘
192,14:42:53,11.14,-0.01,135,150390,卖盘
193,14:42:48,11.15,--,35,39025,买盘
194,14:42:38,11.15,0.01,53,59095,买盘
195,14:42:33,11.14,-0.01,117,130338,卖盘
196,14:42:27,11.15,0.01,10,11150,买盘
197,14:42:23,11.14,-0.01,12,13368,卖盘
198,14:42:18,11.15,--,165,183975,买盘
199,14:42:08,11.15,0.01,36,40140,买盘
200,14:42:03,11.14,--,7,7798,卖盘
201,14:41:57,11.14,-0.01,20,22280,卖盘
202,14:41:53,11.15,--,185,206275,买盘
203,14:41:48,11.15,--,46,51290,买盘
204,14:41:42,11.15,--,13,14495,买盘
205,14:41:38,11.15,0.01,34,37910,买盘
206,14:41:33,11.14,-0.01,24,26736,卖盘
207,14:41:27,11.15,0.01,32,35680,买盘
208,14:41:23,11.14,--,5,5570,卖盘
209,14:41:18,11.14,--,19,21166,卖盘
210,14:41:08,11.14,-0.01,44,49016,卖盘
211,14:41:03,11.15,--,122,136030,买盘
212,14:40:57,11.15,--,12,13380,买盘
213,14:40:53,11.15,--,10,11150,买盘
214,14:40:48,11.15,--,4,4460,买盘
215,14:40:42,11.15,0.01,10,11150,买盘
216,14:40:38,11.14,--,13,14482,卖盘
217,14:40:27,11.14,-0.01,49,54586,卖盘
218,14:40:23,11.15,0.01,38,42370,买盘
219,14:40:18,11.14,-0.01,15,16710,卖盘
220,14:40:12,11.15,0.01,2,2230,买盘
221,14:40:08,11.14,-0.01,56,62384,卖盘
222,14:40:03,11.15,0.01,35,39025,买盘
223,14:39:57,11.14,--,3,3342,卖盘
224,14:39:48,11.14,--,10,11140,卖盘
225,14:39:38,11.14,--,49,55087,买盘
226,14:39:32,11.14,--,1,1114,买盘
227,14:39:21,11.14,--,30,33420,买盘
228,14:39:18,11.14,-0.01,16,17824,中性盘
229,14:39:08,11.15,--,80,89200,买盘
230,14:39:03,11.15,0.01,21,23415,买盘
231,14:38:57,11.14,-0.01,106,118084,卖盘
232,14:38:52,11.15,--,239,266485,买盘
233,14:38:48,11.15,--,20,22300,买盘
234,14:38:36,11.15,--,17,18955,买盘
235,14:38:32,11.15,0.01,172,191780,买盘
236,14:38:27,11.14,-0.01,1,1114,卖盘
237,14:38:21,11.15,--,3,3345,买盘
238,14:38:17,11.15,--,14,15610,买盘
239,14:38:12,11.15,0.01,110,122650,买盘
240,14:38:02,11.14,--,6,6684,卖盘
241,14:37:57,11.14,-0.01,20,22280,卖盘
242,14:37:36,11.15,0.01,16,17840,买盘
243,14:37:32,11.14,-0.01,32,35648,卖盘
244,14:37:27,11.15,--,36,40140,买盘
245,14:37:17,11.15,0.01,9,10035,买盘
246,14:37:12,11.14,-0.01,14,15596,卖盘
247,14:37:06,11.15,--,59,65785,买盘
248,14:37:02,11.15,--,46,51290,买盘
249,14:36:57,11.15,0.01,19,21185,买盘
250,14:36:51,11.14,-0.01,3,3342,卖盘
251,14:36:42,11.15,--,20,22300,买盘
252,14:36:36,11.15,0.01,8,8920,买盘
253,14:36:32,11.14,--,12,13368,卖盘
254,14:36:27,11.14,--,31,34534,卖盘
255,14:36:21,11.14,-0.01,50,55700,卖盘
256,14:36:17,11.15,0.01,7,7805,买盘
257,14:36:02,11.14,--,120,133680,卖盘
258,14:35:57,11.14,-0.01,15,16710,卖盘
259,14:35:51,11.15,--,14,15610,买盘
260,14:35:47,11.15,0.01,20,22300,买盘
261,14:35:42,11.14,-0.01,3,3342,卖盘
262,14:35:32,11.15,--,12,13380,买盘
263,14:35:17,11.15,--,6,6690,买盘
264,14:35:12,11.15,0.01,14,15610,买盘
265,14:35:06,11.14,--,16,17824,卖盘
266,14:35:02,11.14,--,8,8912,卖盘
267,14:34:57,11.14,--,5,5570,卖盘
268,14:34:47,11.14,-0.01,56,62384,卖盘
269,14:34:42,11.15,0.01,12,13380,买盘
270,14:34:36,11.14,-0.01,108,120312,卖盘
271,14:34:27,11.15,--,17,18955,买盘
272,14:34:17,11.15,--,281,314340,卖盘
273,14:34:12,11.15,--,118,131570,卖盘
274,14:34:06,11.15,--,5,5575,卖盘
275,14:34:01,11.15,--,10,11150,卖盘
276,14:33:57,11.15,-0.01,25,27875,卖盘
277,14:33:51,11.16,--,120,133920,买盘
278,14:33:47,11.16,0.01,3,3348,买盘
279,14:33:41,11.15,--,20,22300,卖盘
280,14:33:32,11.15,--,15,16725,卖盘
281,14:33:21,11.15,-0.01,26,28990,卖盘
282,14:33:17,11.16,0.01,61,68076,买盘
283,14:33:11,11.15,--,20,22300,卖盘
284,14:33:06,11.15,--,2,2230,卖盘
285,14:33:02,11.15,-0.01,13,14495,卖盘
286,14:32:56,11.16,0.01,33,36828,买盘
287,14:32:51,11.15,--,10,11150,卖盘
288,14:32:46,11.15,--,10,11150,卖盘
289,14:32:41,11.15,--,23,25645,卖盘
290,14:32:30,11.15,--,22,24619,买盘
291,14:32:26,11.15,--,45,51200,卖盘
292,14:32:21,11.15,-0.01,18,20070,卖盘
293,14:32:15,11.16,0.01,9,10044,买盘
294,14:32:11,11.15,--,48,53609,买盘
295,14:32:00,11.15,--,3,3345,买盘
296,14:31:56,11.15,--,52,59005,卖盘
297,14:31:51,11.15,--,2,2230,卖盘
298,14:31:45,11.15,--,50,55750,卖盘
299,14:31:41,11.15,--,42,46830,卖盘
300,14:31:30,11.15,--,10,11150,卖盘
301,14:31:26,11.15,--,11,12265,卖盘
302,14:31:21,11.15,--,28,31220,卖盘
303,14:31:15,11.15,-0.01,2,2230,卖盘
304,14:31:11,11.16,0.01,40,44640,买盘
305,14:31:06,11.15,-0.01,5,5575,卖盘
306,14:30:56,11.16,0.01,19,21204,买盘
307,14:30:51,11.15,--,79,88174,买盘
308,14:30:30,11.15,--,139,154985,买盘
309,14:30:26,11.15,--,1,1115,买盘
310,14:30:15,11.15,--,8,8920,买盘
311,14:30:00,11.15,--,0,0,买盘
312,14:29:56,11.15,0.02,8,8920,买盘
313,14:29:51,11.13,--,1,1113,卖盘
314,14:29:45,11.13,-0.02,7,7791,卖盘
315,14:29:36,11.15,0.02,2,2230,买盘
316,14:29:26,11.13,-0.02,30,33390,卖盘
317,14:29:21,11.15,--,67,74705,卖盘
318,14:29:15,11.15,--,1,1115,卖盘
319,14:29:11,11.15,-0.01,4,4460,卖盘
320,14:29:00,11.16,0.01,6,6696,买盘
321,14:28:56,11.15,-0.01,11,12265,卖盘
322,14:28:51,11.16,--,9,10044,买盘
323,14:28:41,11.16,--,25,27900,买盘
324,14:28:36,11.16,0.01,54,60264,买盘
325,14:28:30,11.15,-0.01,2,2230,卖盘
326,14:28:26,11.16,0.01,53,59148,买盘
327,14:28:21,11.15,-0.01,1,1115,卖盘
328,14:28:15,11.16,--,21,23436,买盘
329,14:28:11,11.16,--,13,14508,买盘
330,14:28:00,11.16,0.01,2,2232,买盘
331,14:27:56,11.15,-0.01,22,24530,卖盘
332,14:27:51,11.16,--,3,3348,买盘
333,14:27:45,11.16,--,1,1116,买盘
334,14:27:41,11.16,--,55,61380,卖盘
335,14:27:30,11.16,-0.01,10,11160,卖盘
336,14:27:26,11.17,0.01,110,122870,买盘
337,14:27:21,11.16,-0.01,5,5580,卖盘
338,14:27:11,11.17,--,129,144093,买盘
339,14:27:06,11.17,--,4,4468,买盘
340,14:27:00,11.17,--,200,223400,买盘
341,14:26:55,11.17,--,294,328398,卖盘
342,14:26:50,11.17,--,0,0,中性盘
343,14:26:45,11.17,0.01,29,32393,中性盘
344,14:26:40,11.16,-0.01,40,44640,卖盘
345,14:26:35,11.17,--,236,263612,买盘
346,14:26:20,11.17,0.02,241,269197,买盘
347,14:26:15,11.15,-0.01,7,7805,卖盘
348,14:26:09,11.16,--,151,168516,买盘
349,14:26:05,11.16,--,53,59148,买盘
350,14:26:00,11.16,0.03,173,193068,买盘
351,14:25:54,11.13,-0.02,79,87927,卖盘
352,14:25:50,11.15,--,196,219097,买盘
353,14:25:45,11.15,--,75,83625,买盘
354,14:25:39,11.15,0.01,92,102580,买盘
355,14:25:30,11.14,--,61,68622,买盘
356,14:25:24,11.14,0.01,2,2228,买盘
357,14:25:20,11.13,0.01,11,12243,中性盘
358,14:25:15,11.12,-0.02,256,284672,卖盘
359,14:25:05,11.14,--,238,265132,买盘
360,14:25:00,11.14,0.02,185,206090,买盘
361,14:24:54,11.12,0.01,1,1112,买盘
362,14:24:50,11.11,-0.01,7,7777,卖盘
363,14:24:45,11.12,--,31,34472,买盘
364,14:24:39,11.12,--,25,27799,买盘
365,14:24:35,11.12,--,15,16680,买盘
366,14:24:30,11.12,--,20,22240,买盘
367,14:24:24,11.12,--,38,42256,买盘
368,14:24:20,11.12,0.01,11,12232,买盘
369,14:24:15,11.11,-0.01,1,1111,卖盘
370,14:24:05,11.12,--,52,57823,买盘
371,14:23:39,11.12,-0.01,6,6671,买盘
372,14:23:35,11.13,0.02,157,174741,买盘
373,14:23:30,11.11,-0.01,5,5555,卖盘
374,14:23:09,11.12,--,29,32247,买盘
375,14:23:05,11.12,--,10,11120,买盘
376,14:23:00,11.12,0.01,2,2224,买盘
377,14:22:45,11.11,--,2,2222,卖盘
378,14:22:39,11.11,--,20,22220,卖盘
379,14:22:35,11.11,-0.01,16,17776,卖盘
380,14:22:19,11.12,0.01,1,1112,买盘
381,14:22:15,11.11,--,42,46662,卖盘
382,14:22:09,11.11,--,32,35552,卖盘
383,14:22:05,11.11,--,5,5555,卖盘
384,14:21:50,11.11,--,1,1111,卖盘
385,14:21:45,11.11,--,31,35507,卖盘
386,14:21:34,11.11,--,94,104434,买盘
387,14:21:30,11.11,--,9,9999,买盘
388,14:21:24,11.11,--,1,1111,买盘
389,14:21:15,11.11,--,20,22220,买盘
390,14:21:09,11.11,--,5,5555,买盘
391,14:21:05,11.11,--,392,435512,卖盘
392,14:21:00,11.11,--,1,1111,卖盘
393,14:20:50,11.11,--,91,101101,卖盘
394,14:20:45,11.11,--,1,1111,卖盘
395,14:20:30,11.11,--,11,12221,卖盘
396,14:20:15,11.11,0.01,120,133320,买盘
397,14:20:04,11.1,-0.01,5,5550,卖盘
398,14:19:54,11.11,--,10,11110,买盘
399,14:19:49,11.11,--,200,222200,买盘
400,14:19:44,11.11,0.01,20,22220,买盘
401,14:19:39,11.1,-0.01,24,26640,卖盘
402,14:19:29,11.11,--,4,4444,买盘
403,14:19:24,11.11,--,2,2222,买盘
404,14:18:59,11.11,--,10,11110,买盘
405,14:18:54,11.11,-0.01,216,239976,卖盘
406,14:18:44,11.12,--,5,5560,买盘
407,14:18:39,11.12,--,3,3335,买盘
408,14:18:29,11.12,--,20,22240,买盘
409,14:18:24,11.12,--,30,33360,买盘
410,14:18:18,11.12,0.01,41,45592,买盘
411,14:18:14,11.11,--,31,34441,卖盘
412,14:18:09,11.11,-0.01,16,17776,卖盘
413,14:18:03,11.12,0.01,1,1112,买盘
414,14:17:54,11.11,--,22,24442,卖盘
415,14:17:48,11.11,-0.01,10,11110,卖盘
416,14:17:39,11.12,--,4,4448,买盘
417,14:17:33,11.12,0.01,4,4448,买盘
418,14:17:24,11.11,-0.01,31,34441,卖盘
419,14:17:09,11.12,0.01,10,11120,买盘
420,14:16:59,11.11,-0.01,1,1111,卖盘
421,14:16:54,11.12,0.01,27,30023,买盘
422,14:16:48,11.11,-0.01,7,7777,卖盘
423,14:16:39,11.12,0.01,3,3335,买盘
424,14:16:24,11.11,--,5,5555,卖盘
425,14:16:18,11.11,--,6,6666,卖盘
426,14:16:14,11.11,--,9,9999,卖盘
427,14:15:59,11.11,--,85,94435,买盘
428,14:15:54,11.11,--,13,14443,买盘
429,14:15:44,11.11,--,13,14443,买盘
430,14:15:33,11.11,0.01,18,19998,买盘
431,14:15:29,11.1,-0.01,23,25530,卖盘
432,14:15:14,11.11,0.01,6,6666,买盘
433,14:15:08,11.1,--,20,22200,买盘
434,14:14:59,11.1,--,2,2220,买盘
435,14:14:54,11.1,--,1,1110,卖盘
436,14:14:43,11.1,--,9,9990,买盘
437,14:14:39,11.1,0.01,1,1110,卖盘
438,14:14:33,11.09,--,0,0,卖盘
439,14:14:29,11.09,-0.01,305,338245,卖盘
440,14:14:24,11.1,-0.01,26,28860,卖盘
441,14:14:18,11.11,--,9,9999,买盘
442,14:14:08,11.11,0.01,14,15554,买盘
443,14:14:03,11.1,--,50,55500,买盘
444,14:13:54,11.1,--,10,11100,买盘
445,14:13:44,11.1,0.01,3,3330,买盘
446,14:13:39,11.09,-0.01,12,13308,卖盘
447,14:13:33,11.1,--,13,14430,卖盘
448,14:13:28,11.1,--,59,65490,卖盘
449,14:13:23,11.1,--,3,3330,卖盘
450,14:13:12,11.1,--,15,16650,卖盘
451,14:13:03,11.1,--,42,46620,卖盘
452,14:12:57,11.1,--,38,42180,买盘
453,14:12:53,11.1,--,6,6660,买盘
454,14:12:48,11.1,-0.01,37,41070,卖盘
455,14:12:38,11.11,--,6,6666,卖盘
456,14:12:33,11.11,0.01,14,15554,卖盘
457,14:12:23,11.1,--,506,561660,卖盘
458,14:12:18,11.1,-0.01,130,144300,卖盘
459,14:12:12,11.11,0.01,5,5555,中性盘
460,14:12:08,11.1,--,45,49950,卖盘
461,14:12:03,11.1,-0.01,133,147630,卖盘
462,14:11:53,11.11,--,2,2222,卖盘
463,14:11:42,11.11,--,70,77770,买盘
464,14:11:33,11.11,--,64,71104,卖盘
465,14:11:23,11.11,-0.01,26,28886,卖盘
466,14:11:12,11.12,--,3,3335,卖盘
467,14:11:03,11.12,--,103,114535,买盘
468,14:10:53,11.12,--,10,11120,买盘
469,14:10:48,11.12,--,2,2224,买盘
470,14:10:38,11.12,--,5,5560,买盘
471,14:10:33,11.12,--,70,77840,买盘
472,14:10:23,11.12,--,164,182368,卖盘
473,14:10:18,11.12,--,50,55599,卖盘
474,14:10:08,11.12,--,21,23352,卖盘
475,14:10:03,11.12,--,8,8896,买盘
476,14:09:56,11.12,--,11,12232,买盘
477,14:09:53,11.12,0.01,20,22240,买盘
478,14:09:48,11.11,-0.01,57,63327,卖盘
479,14:09:38,11.12,--,10,11120,买盘
480,14:09:33,11.12,--,177,196824,卖盘
481,14:09:27,11.12,-0.01,4,4448,卖盘
482,14:09:23,11.13,0.01,19,21147,买盘
483,14:09:12,11.12,--,200,222399,卖盘
484,14:09:08,11.12,--,11,12232,卖盘
485,14:09:03,11.12,--,8,8896,卖盘
486,14:08:57,11.12,--,1,1112,卖盘
487,14:08:53,11.12,0.01,93,103416,买盘
488,14:08:48,11.11,--,31,34441,卖盘
489,14:08:33,11.11,--,6,6666,卖盘
490,14:08:18,11.11,0.01,13,14443,买盘
491,14:08:12,11.1,-0.01,5,5550,卖盘
492,14:08:07,11.11,--,2,2222,买盘
493,14:08:03,11.11,0.01,15,16665,买盘
494,14:07:48,11.1,--,6,6660,卖盘
495,14:07:37,11.1,-0.01,121,134310,卖盘
496,14:07:27,11.11,--,1,1111,买盘
497,14:07:18,11.11,--,22,24442,卖盘
498,14:07:12,11.11,--,12,13332,卖盘
499,14:07:08,11.11,--,13,14443,卖盘
500,14:07:03,11.11,--,23,25553,卖盘
501,14:06:56,11.11,--,16,17776,卖盘
502,14:06:53,11.11,--,91,101101,卖盘
503,14:06:47,11.11,--,49,54439,卖盘
504,14:06:41,11.11,-0.02,50,55550,卖盘
505,14:06:32,11.13,0.01,11,12243,买盘
506,14:06:27,11.12,--,24,26687,卖盘
507,14:06:21,11.12,--,20,22240,卖盘
508,14:06:17,11.12,-0.01,4,4448,卖盘
509,14:05:56,11.13,--,10,11130,卖盘
510,14:05:51,11.13,--,29,32277,卖盘
511,14:05:47,11.13,--,92,102396,卖盘
512,14:05:42,11.13,--,22,24486,卖盘
513,14:05:35,11.13,--,5,5565,卖盘
514,14:05:32,11.13,-0.01,10,11130,卖盘
515,14:05:26,11.14,0.01,56,62384,买盘
516,14:05:17,11.13,-0.01,20,22260,卖盘
517,14:05:11,11.14,0.01,15,16710,买盘
518,14:05:05,11.13,--,5,5565,卖盘
519,14:05:02,11.13,-0.01,48,53424,卖盘
520,14:04:57,11.14,0.01,7,7798,买盘
521,14:04:51,11.13,--,45,50085,卖盘
522,14:04:47,11.13,--,3,3339,卖盘
523,14:04:41,11.13,--,26,28938,卖盘
524,14:04:32,11.13,-0.01,10,11130,卖盘
525,14:04:26,11.14,0.01,2,2228,买盘
526,14:04:20,11.13,--,191,212583,卖盘
527,14:04:17,11.13,--,14,15582,卖盘
528,14:04:11,11.13,-0.01,68,76396,卖盘
529,14:03:57,11.14,--,7,7798,卖盘
530,14:03:47,11.14,--,0,0,卖盘
531,14:03:41,11.14,-0.01,33,36762,卖盘
532,14:03:32,11.15,--,6,6690,卖盘
533,14:03:26,11.15,--,26,28990,卖盘
534,14:03:20,11.15,--,5,5575,卖盘
535,14:03:11,11.15,--,1,1115,卖盘
536,14:03:02,11.15,-0.01,8,8920,卖盘
537,14:02:47,11.16,0.01,21,23436,买盘
538,14:02:32,11.15,0.01,191,213366,买盘
539,14:02:26,11.14,-0.01,24,26736,卖盘
540,14:02:17,11.15,--,50,55750,买盘
541,14:02:11,11.15,--,70,78050,买盘
542,14:02:05,11.15,-0.01,278,310572,卖盘
543,14:01:56,11.16,--,248,276879,买盘
544,14:01:47,11.16,--,129,143964,买盘
545,14:01:26,11.16,--,2,2232,买盘
546,14:01:20,11.16,--,10,11160,买盘
547,14:01:17,11.16,0.01,5,5580,买盘
548,14:01:11,11.15,-0.01,5,5575,卖盘
549,14:00:47,11.16,0.01,12,13793,买盘
550,14:00:41,11.15,--,7,7805,买盘
551,14:00:26,11.15,--,10,11150,买盘
552,14:00:20,11.15,--,15,16725,买盘
553,14:00:11,11.15,--,16,18553,卖盘
554,13:59:59,11.15,--,2,2230,卖盘
555,13:59:56,11.15,-0.01,80,89200,卖盘
556,13:59:41,11.16,0.01,16,17856,买盘
557,13:59:35,11.15,-0.01,101,112615,卖盘
558,13:59:29,11.16,--,10,11160,买盘
559,13:59:26,11.16,0.01,24,26784,买盘
560,13:59:14,11.15,--,6,6690,卖盘
561,13:59:05,11.15,--,2,2230,卖盘
562,13:58:59,11.15,--,53,59095,卖盘
563,13:58:50,11.15,0.02,437,487656,买盘
564,13:58:35,11.13,-0.01,8,8904,卖盘
565,13:58:26,11.14,--,34,37876,买盘
566,13:58:20,11.14,--,44,49171,卖盘
567,13:58:05,11.14,--,11,13212,买盘
568,13:57:59,11.14,--,2,2228,买盘
569,13:57:56,11.14,--,2,2228,买盘
570,13:57:50,11.14,--,11,12409,卖盘
571,13:57:44,11.14,--,8,8912,卖盘
572,13:57:41,11.14,--,29,33264,卖盘
573,13:57:35,11.14,--,3,3342,卖盘
574,13:57:20,11.14,--,30,33420,买盘
575,13:57:14,11.14,--,10,11140,买盘
576,13:57:05,11.14,--,9,10026,买盘
577,13:56:56,11.14,--,4,4456,买盘
578,13:56:44,11.14,--,5,5570,买盘
579,13:56:41,11.14,--,17,18938,买盘
580,13:56:35,11.14,--,12,13368,买盘
581,13:56:29,11.14,-0.01,106,118084,卖盘
582,13:56:20,11.15,--,30,33450,买盘
583,13:55:59,11.15,0.01,20,22300,买盘
584,13:55:56,11.14,-0.01,1,1114,卖盘
585,13:55:50,11.15,0.01,10,11150,买盘
586,13:55:41,11.14,--,0,0,中性盘
587,13:55:35,11.14,--,80,89120,卖盘
588,13:55:14,11.14,--,10,11140,卖盘
589,13:55:05,11.14,--,1,1114,卖盘
590,13:54:50,11.14,-0.01,44,49016,卖盘
591,13:54:44,11.15,0.01,20,22300,买盘
592,13:54:41,11.14,--,10,11140,卖盘
593,13:54:35,11.14,--,20,22280,卖盘
594,13:54:29,11.14,--,2,2228,卖盘
595,13:54:20,11.14,--,67,74638,卖盘
596,13:54:11,11.14,-0.01,108,120312,卖盘
597,13:54:05,11.15,0.01,2,2230,买盘
598,13:53:56,11.14,-0.01,5,5570,卖盘
599,13:53:41,11.15,--,13,14495,买盘
600,13:53:35,11.15,-0.01,493,550252,卖盘
601,13:53:25,11.16,--,4,4464,卖盘
602,13:53:20,11.16,--,12,13392,卖盘
603,13:53:14,11.16,-0.01,30,33480,卖盘
604,13:53:10,11.17,--,0,0,买盘
605,13:53:05,11.17,0.01,20,22340,买盘
606,13:52:59,11.16,--,20,22320,买盘
607,13:52:55,11.16,--,19,21204,卖盘
608,13:52:50,11.16,--,45,50220,卖盘
609,13:52:44,11.16,--,22,24552,卖盘
610,13:52:38,11.16,--,10,11160,卖盘
611,13:52:35,11.16,--,38,42408,卖盘
612,13:52:29,11.16,--,42,46872,卖盘
613,13:52:20,11.16,-0.01,10,11160,卖盘
614,13:52:14,11.17,0.01,74,82658,买盘
615,13:52:05,11.16,--,10,11160,卖盘
616,13:51:59,11.16,--,2,2232,卖盘
617,13:51:38,11.16,-0.01,33,36828,卖盘
618,13:51:35,11.17,0.01,92,102764,买盘
619,13:51:29,11.16,--,7,7812,卖盘
620,13:51:23,11.16,-0.01,23,25668,卖盘
621,13:51:08,11.17,0.01,5,5585,买盘
622,13:51:05,11.16,-0.01,8,8928,卖盘
623,13:50:59,11.17,0.01,20,22340,买盘
624,13:50:53,11.16,--,33,36828,卖盘
625,13:50:44,11.16,--,5,5580,卖盘
626,13:50:29,11.16,-0.01,19,21204,卖盘
627,13:50:20,11.17,0.01,50,55850,买盘
628,13:50:14,11.16,--,40,44640,卖盘
629,13:49:59,11.16,-0.01,36,40176,卖盘
630,13:49:50,11.17,--,5,5585,买盘
631,13:49:23,11.17,--,4,4468,买盘
632,13:49:14,11.17,--,70,78190,卖盘
633,13:49:08,11.17,--,6,6702,卖盘
634,13:49:05,11.17,--,3,3351,卖盘
635,13:48:59,11.17,--,1,1117,卖盘
636,13:48:53,11.17,-0.01,11,12287,卖盘
637,13:48:50,11.18,0.01,2,2236,买盘
638,13:48:38,11.17,--,5,5585,卖盘
639,13:48:35,11.17,-0.01,18,20106,卖盘
640,13:48:29,11.18,--,61,68198,买盘
641,13:48:23,11.18,0.01,200,223600,买盘
642,13:48:20,11.17,--,103,115051,卖盘
643,13:48:14,11.17,-0.01,2,2234,卖盘
644,13:47:59,11.18,--,7,7826,买盘
645,13:47:50,11.18,--,96,108311,卖盘
646,13:47:44,11.18,--,23,25714,卖盘
647,13:47:38,11.18,--,12,13416,卖盘
648,13:47:35,11.18,0.01,399,446216,买盘
649,13:47:29,11.17,--,55,61435,卖盘
650,13:47:23,11.17,--,3,3351,卖盘
651,13:47:20,11.17,--,25,27925,卖盘
652,13:47:14,11.17,-0.01,3,3351,卖盘
653,13:47:05,11.18,--,26,29068,买盘
654,13:46:59,11.18,-0.01,219,245825,卖盘
655,13:46:53,11.19,0.01,10,11190,买盘
656,13:46:50,11.18,--,85,95030,卖盘
657,13:46:44,11.18,-0.02,18,20124,卖盘
658,13:46:38,11.2,0.02,518,580160,买盘
659,13:46:34,11.18,--,3,3354,卖盘
660,13:46:29,11.18,--,67,74906,卖盘
661,13:46:23,11.18,-0.01,30,33540,卖盘
662,13:46:20,11.19,--,23,25737,买盘
663,13:46:14,11.19,0.01,7,7833,买盘
664,13:46:08,11.18,-0.02,51,57018,卖盘
665,13:46:04,11.2,0.02,1000,1120000,买盘
666,13:45:59,11.18,--,17,19006,卖盘
667,13:45:53,11.18,0.01,188,210318,买盘
668,13:45:49,11.17,--,38,42446,卖盘
669,13:45:44,11.17,0.01,40,44680,中性盘
670,13:45:38,11.16,--,512,571392,卖盘
671,13:45:34,11.16,-0.02,35,39060,卖盘
672,13:45:29,11.18,--,109,122845,卖盘
673,13:45:23,11.18,--,211,235898,卖盘
674,13:45:19,11.18,--,5,5590,卖盘
675,13:45:14,11.18,--,237,265100,买盘
676,13:45:08,11.18,0.01,12,13416,买盘
677,13:45:04,11.17,--,9,10053,卖盘
678,13:44:59,11.17,0.01,227,253559,买盘
679,13:44:53,11.16,--,20,22320,卖盘
680,13:44:44,11.16,0.01,165,184140,买盘
681,13:44:38,11.15,--,18,20070,卖盘
682,13:44:29,11.15,--,9,10035,卖盘
683,13:44:23,11.15,--,103,115402,买盘
684,13:44:17,11.15,--,47,52405,买盘
685,13:44:14,11.15,--,2,2230,买盘
686,13:44:08,11.15,--,10,11150,买盘
687,13:43:53,11.15,0.02,515,574225,买盘
688,13:43:38,11.13,--,60,66780,买盘
689,13:43:29,11.13,--,0,0,买盘
690,13:43:23,11.13,0.01,35,38955,买盘
691,13:43:17,11.12,--,10,11120,买盘
692,13:43:14,11.12,--,8,8896,卖盘
693,13:43:02,11.12,--,2,2224,卖盘
694,13:42:59,11.12,0.02,316,351392,买盘
695,13:42:53,11.1,--,14,15540,卖盘
696,13:42:47,11.1,-0.01,20,22200,卖盘
697,13:42:44,11.11,-0.01,61,67771,买盘
698,13:42:23,11.12,--,2,2224,买盘
699,13:42:17,11.12,--,1,1112,买盘
700,13:42:14,11.12,0.02,6,6671,买盘
701,13:42:08,11.1,--,13,14430,卖盘
702,13:41:59,11.1,--,0,0,卖盘
703,13:41:53,11.1,--,12,13320,卖盘
704,13:41:44,11.1,0.01,67,75424,买盘
705,13:41:38,11.09,-0.01,14,15526,卖盘
706,13:41:28,11.1,--,127,141547,买盘
707,13:41:23,11.1,--,20,22200,买盘
708,13:41:14,11.1,--,2,2220,买盘
709,13:41:08,11.1,0.01,4,4440,买盘
710,13:41:02,11.09,-0.01,54,59886,卖盘
711,13:40:59,11.1,--,5,5550,买盘
712,13:40:53,11.1,--,28,31080,买盘
713,13:40:47,11.1,0.01,45,49950,买盘
714,13:40:44,11.09,-0.01,205,227345,卖盘
715,13:40:38,11.1,--,189,209790,买盘
716,13:40:32,11.1,0.01,1,1110,买盘
717,13:40:23,11.09,-0.01,2,2218,卖盘
718,13:40:13,11.1,--,45,49950,买盘
719,13:40:08,11.1,--,10,11100,买盘
720,13:39:58,11.1,--,1,1110,买盘
721,13:39:53,11.1,--,27,29970,买盘
722,13:39:28,11.1,0.01,90,99900,买盘
723,13:39:23,11.09,--,69,76521,买盘
724,13:39:17,11.09,0.01,5,5545,买盘
725,13:39:08,11.08,--,11,12188,卖盘
726,13:38:47,11.08,-0.01,2,2216,卖盘
727,13:38:43,11.09,0.01,1,1109,买盘
728,13:38:32,11.08,--,89,98612,卖盘
729,13:38:08,11.08,-0.01,77,85316,卖盘
730,13:38:02,11.09,--,5,5545,买盘
731,13:37:58,11.09,--,1,1109,买盘
732,13:37:47,11.09,--,3,3327,卖盘
733,13:37:32,11.09,0.01,10,11090,中性盘
734,13:37:28,11.08,-0.01,9,9972,卖盘
735,13:37:23,11.09,--,18,19962,卖盘
736,13:37:17,11.09,0.01,20,22180,买盘
737,13:37:12,11.08,-0.01,9,9972,卖盘
738,13:37:08,11.09,--,2,2218,买盘
739,13:36:56,11.09,--,8,8872,买盘
740,13:36:53,11.09,--,39,43251,卖盘
741,13:36:47,11.09,-0.01,9,9981,卖盘
742,13:36:38,11.1,--,10,11100,买盘
743,13:36:23,11.1,0.02,5,5550,买盘
744,13:36:17,11.08,-0.01,150,166200,卖盘
745,13:36:08,11.09,--,2,2218,买盘
746,13:36:02,11.09,--,14,15526,买盘
747,13:35:56,11.09,--,5,5545,买盘
748,13:35:47,11.09,--,21,23289,买盘
749,13:35:32,11.09,--,7,7763,买盘
750,13:35:26,11.09,--,1,1109,买盘
751,13:35:23,11.09,--,25,27725,卖盘
752,13:35:08,11.09,--,16,17744,买盘
753,13:35:02,11.09,--,29,32161,买盘
754,13:34:56,11.09,--,43,47687,卖盘
755,13:34:38,11.09,0.01,2,2218,卖盘
756,13:34:32,11.08,-0.01,2,2216,卖盘
757,13:34:23,11.09,--,0,0,中性盘
758,13:34:17,11.09,--,11,12199,买盘
759,13:34:11,11.09,--,1,1109,买盘
760,13:34:08,11.09,--,20,22180,买盘
761,13:34:02,11.09,--,1,1109,买盘
762,13:33:53,11.09,--,14,15526,卖盘
763,13:33:47,11.09,-0.01,10,11090,卖盘
764,13:33:38,11.1,0.01,20,22200,买盘
765,13:33:22,11.09,-0.01,20,22180,买盘
766,13:32:56,11.1,--,0,0,买盘
767,13:32:47,11.1,0.01,55,61050,买盘
768,13:32:26,11.09,--,2,2218,买盘
769,13:32:11,11.09,0.01,18,19962,买盘
770,13:32:07,11.08,--,2,2216,卖盘
771,13:32:02,11.08,-0.02,58,64264,卖盘
772,13:31:56,11.1,0.01,324,359640,买盘
773,13:31:47,11.09,--,83,92934,买盘
774,13:31:41,11.09,--,0,0,买盘
775,13:31:37,11.09,--,5,5545,买盘
776,13:31:26,11.09,-0.01,4,4436,中性盘
777,13:31:17,11.1,0.03,3,3330,买盘
778,13:31:11,11.07,--,5,5535,卖盘
779,13:31:02,11.07,--,1,1107,卖盘
780,13:30:56,11.07,--,7,7749,卖盘
781,13:30:52,11.07,0.01,1,1107,买盘
782,13:30:47,11.06,-0.01,141,155946,卖盘
783,13:30:41,11.07,-0.01,65,72574,卖盘
784,13:30:37,11.08,--,6,6648,卖盘
785,13:30:32,11.08,--,121,134555,买盘
786,13:30:26,11.08,0.01,24,26592,买盘
787,13:30:22,11.07,-0.01,182,202093,卖盘
788,13:30:17,11.08,--,16,17728,卖盘
789,13:30:11,11.08,--,19,21052,卖盘
790,13:30:07,11.08,-0.01,34,37672,卖盘
791,13:30:02,11.09,0.01,2,2218,买盘
792,13:29:47,11.08,0.01,8,9351,买盘
793,13:29:32,11.07,-0.01,44,48708,卖盘
794,13:29:26,11.08,0.01,8,8864,买盘
795,13:29:17,11.07,-0.01,55,60885,卖盘
796,13:28:56,11.08,-0.02,505,560116,卖盘
797,13:28:50,11.1,--,2,2220,买盘
798,13:28:47,11.1,0.01,167,185370,买盘
799,13:28:32,11.09,--,2,2218,卖盘
800,13:28:26,11.09,-0.01,24,26616,卖盘
801,13:28:17,11.1,--,5,5550,买盘
802,13:28:11,11.1,0.01,20,22200,买盘
803,13:28:05,11.09,--,57,63213,卖盘
804,13:27:50,11.09,--,3,3327,卖盘
805,13:27:47,11.09,-0.01,1,1109,卖盘
806,13:27:41,11.1,--,5,5550,买盘
807,13:27:35,11.1,--,13,14430,买盘
808,13:27:26,11.1,--,20,22200,买盘
809,13:27:20,11.1,--,3,3330,买盘
810,13:27:05,11.1,--,32,35520,买盘
811,13:26:50,11.1,0.01,20,22200,买盘
812,13:26:47,11.09,-0.01,5,5545,卖盘
813,13:26:41,11.1,0.01,160,177600,买盘
814,13:26:32,11.09,-0.01,0,11,卖盘
815,13:26:26,11.1,--,25,27750,买盘
816,13:26:20,11.1,0.01,3,3330,买盘
817,13:26:17,11.09,-0.01,25,27725,卖盘
818,13:26:01,11.1,0.01,3,3330,买盘
819,13:25:50,11.09,--,31,34379,卖盘
820,13:25:46,11.09,--,10,11090,卖盘
821,13:25:41,11.09,-0.01,29,32161,卖盘
822,13:25:31,11.1,0.01,10,11100,买盘
823,13:25:26,11.09,--,20,22180,卖盘
824,13:25:20,11.09,--,2,2218,买盘
825,13:25:16,11.09,-0.01,18,19962,卖盘
826,13:25:11,11.1,0.01,32,35520,买盘
827,13:25:01,11.09,0.01,18,19962,买盘
828,13:24:56,11.08,-0.01,265,293620,卖盘
829,13:24:50,11.09,--,2,2218,卖盘
830,13:24:41,11.09,-0.01,15,16635,卖盘
831,13:24:26,11.1,--,20,22200,买盘
832,13:24:20,11.1,0.02,6,6660,买盘
833,13:24:11,11.08,--,0,0,卖盘
834,13:24:01,11.08,-0.01,25,27700,卖盘
835,13:23:56,11.09,--,18,20893,买盘
836,13:23:50,11.09,--,8,8872,买盘
837,13:23:41,11.09,--,20,22180,买盘
838,13:23:31,11.09,--,50,55450,买盘
839,13:23:26,11.09,-0.01,9,10158,卖盘
840,13:23:20,11.1,--,10,11100,买盘
841,13:23:16,11.1,0.01,19,21090,买盘
842,13:23:11,11.09,-0.01,95,105355,卖盘
843,13:23:05,11.1,0.01,10,11100,买盘
844,13:22:56,11.09,-0.01,1,1109,卖盘
845,13:22:50,11.1,--,67,74913,卖盘
846,13:22:46,11.1,--,1,1110,卖盘
847,13:22:35,11.1,-0.02,11,12210,卖盘
848,13:22:20,11.12,0.02,100,111199,买盘
849,13:22:11,11.1,--,403,447896,卖盘
850,13:22:05,11.1,-0.01,8,8880,卖盘
851,13:21:56,11.11,-0.01,9,9999,中性盘
852,13:21:50,11.12,--,50,55599,买盘
853,13:21:35,11.12,--,0,0,买盘
854,13:21:31,11.12,--,5,5560,买盘
855,13:21:26,11.12,--,1,1112,买盘
856,13:21:20,11.12,0.02,1,1112,买盘
857,13:21:11,11.1,-0.02,32,35520,卖盘
858,13:20:41,11.12,-0.01,30,33360,卖盘
859,13:20:35,11.13,0.03,10,11130,买盘
860,13:20:29,11.1,-0.03,265,294150,卖盘
861,13:20:26,11.13,--,0,0,买盘
862,13:20:20,11.13,0.01,6,6678,买盘
863,13:20:11,11.12,-0.02,728,809536,卖盘
864,13:19:59,11.14,0.01,101,112514,买盘
865,13:19:50,11.13,-0.01,4,4452,卖盘
866,13:19:40,11.14,--,11,12254,买盘
867,13:19:35,11.14,--,5,5570,买盘
868,13:19:25,11.14,--,2,2228,买盘
869,13:19:11,11.14,--,5,5570,买盘
870,13:18:55,11.14,--,6,6684,买盘
871,13:18:44,11.14,--,108,120312,买盘
872,13:18:35,11.14,0.01,2,2228,买盘
873,13:18:29,11.13,-0.01,6,6678,卖盘
874,13:18:20,11.14,--,12,13368,买盘
875,13:18:14,11.14,--,15,16710,卖盘
876,13:18:10,11.14,--,10,11140,卖盘
877,13:18:05,11.14,-0.01,15,16710,卖盘
878,13:17:59,11.15,--,58,64670,买盘
879,13:17:55,11.15,0.01,50,55750,买盘
880,13:17:44,11.14,--,0,0,中性盘
881,13:17:35,11.14,--,10,11140,买盘
882,13:17:29,11.14,--,30,33420,买盘
883,13:17:25,11.14,--,1,1114,买盘
884,13:17:20,11.14,--,184,204976,卖盘
885,13:17:05,11.14,--,97,108058,买盘
886,13:16:59,11.14,--,10,11140,买盘
887,13:16:55,11.14,--,52,57928,买盘
888,13:16:49,11.14,--,2,2228,买盘
889,13:16:44,11.14,--,28,31192,买盘
890,13:16:40,11.14,--,114,126996,卖盘
891,13:16:35,11.14,--,2,2228,卖盘
892,13:16:28,11.14,0.01,120,133680,买盘
893,13:16:25,11.13,-0.01,4,4452,卖盘
894,13:16:10,11.14,--,17,18938,买盘
895,13:16:05,11.14,--,50,55700,买盘
896,13:15:59,11.14,0.01,5,5570,买盘
897,13:15:50,11.13,-0.01,219,243747,卖盘
898,13:15:44,11.14,--,20,22280,买盘
899,13:15:35,11.14,--,41,45674,买盘
900,13:15:20,11.14,--,10,11140,买盘
901,13:15:14,11.14,--,14,15596,买盘
902,13:15:04,11.14,--,276,307464,买盘
903,13:14:59,11.14,--,10,11140,买盘
904,13:14:55,11.14,--,3,3342,买盘
905,13:14:44,11.14,--,24,26736,买盘
906,13:14:40,11.14,--,14,15596,买盘
907,13:14:34,11.14,--,76,84664,买盘
908,13:14:28,11.14,--,16,17824,买盘
909,13:14:25,11.14,--,3,3342,买盘
910,13:14:20,11.14,0.01,3,3342,买盘
911,13:14:14,11.13,-0.01,5,5565,卖盘
912,13:14:10,11.14,0.01,49,54586,买盘
913,13:14:04,11.13,--,66,73458,买盘
914,13:13:59,11.13,--,11,12243,买盘
915,13:13:44,11.13,-0.01,1,1113,卖盘
916,13:13:34,11.14,0.01,14,15596,买盘
917,13:13:20,11.13,--,101,112413,卖盘
918,13:13:14,11.13,0.01,126,140238,买盘
919,13:12:59,11.12,--,9,10008,卖盘
920,13:12:52,11.12,--,1,1112,卖盘
921,13:12:50,11.12,-0.01,161,179032,卖盘
922,13:12:44,11.13,0.01,61,67893,买盘
923,13:12:23,11.12,-0.01,235,261319,卖盘
924,13:12:19,11.13,--,4,4452,买盘
925,13:12:14,11.13,0.01,4,4452,买盘
926,13:12:04,11.12,--,1,1112,卖盘
927,13:11:52,11.12,--,1,1112,买盘
928,13:11:44,11.12,--,32,35584,买盘
929,13:11:38,11.12,0.01,20,22240,买盘
930,13:11:34,11.11,--,10,11110,卖盘
931,13:11:28,11.11,-0.01,50,55550,卖盘
932,13:11:23,11.12,--,3,3335,买盘
933,13:11:19,11.12,--,8,8896,买盘
934,13:11:14,11.12,--,10,11120,买盘
935,13:11:07,11.12,--,271,301352,买盘
936,13:10:58,11.12,--,5,5560,买盘
937,13:10:53,11.12,--,65,72280,买盘
938,13:10:49,11.12,0.01,10,11120,买盘
939,13:10:44,11.11,--,2,2222,中性盘
940,13:10:37,11.11,-0.01,3,3333,卖盘
941,13:10:28,11.12,--,12,13343,买盘
942,13:10:23,11.12,0.01,55,61159,买盘
943,13:10:14,11.11,--,20,22220,买盘
944,13:10:07,11.11,-0.01,13,14443,卖盘
945,13:10:04,11.12,0.01,5,5560,买盘
946,13:09:58,11.11,--,38,42218,卖盘
947,13:09:38,11.11,--,219,243309,卖盘
948,13:09:23,11.11,0.01,66,73326,买盘
949,13:09:14,11.1,--,5,5550,卖盘
950,13:09:04,11.1,-0.01,50,55500,卖盘
951,13:08:38,11.11,0.01,10,11110,买盘
952,13:08:23,11.1,-0.01,12,13320,卖盘
953,13:07:53,11.11,--,230,255530,买盘
954,13:07:44,11.11,--,10,11110,买盘
955,13:07:34,11.11,--,2,2222,买盘
956,13:07:28,11.11,--,16,17776,买盘
957,13:07:19,11.11,--,4,4444,买盘
958,13:07:13,11.11,0.01,5,5555,买盘
959,13:07:04,11.1,--,5,5550,卖盘
960,13:06:59,11.1,--,75,84182,买盘
961,13:06:52,11.1,--,22,24420,买盘
962,13:06:49,11.1,--,20,22200,买盘
963,13:06:44,11.1,--,5,5550,买盘
964,13:06:38,11.1,--,132,146520,买盘
965,13:06:34,11.1,0.01,3,3330,买盘
966,13:06:29,11.09,--,108,119772,卖盘
967,13:06:07,11.09,-0.01,5,5545,卖盘
968,13:06:04,11.1,0.01,6,6660,买盘
969,13:05:43,11.09,-0.01,35,38815,卖盘
970,13:05:28,11.1,--,27,29970,买盘
971,13:05:22,11.1,--,62,68820,买盘
972,13:05:16,11.1,--,225,249750,买盘
973,13:05:13,11.1,0.01,5,5550,买盘
974,13:05:08,11.09,-0.01,3,3327,卖盘
975,13:04:52,11.1,0.01,6,6660,买盘
976,13:04:43,11.09,--,64,70976,买盘
977,13:04:37,11.09,--,20,22180,买盘
978,13:04:32,11.09,--,40,44360,买盘
979,13:04:16,11.09,0.01,22,24398,买盘
980,13:04:13,11.08,--,10,11080,卖盘
981,13:04:07,11.08,-0.02,21,23268,卖盘
982,13:03:53,11.1,--,0,0,买盘
983,13:03:46,11.1,0.02,158,175380,买盘
984,13:03:43,11.08,-0.02,225,249300,卖盘
985,13:03:28,11.1,-0.01,233,258807,卖盘
986,13:03:13,11.11,--,1,1111,卖盘
987,13:03:08,11.11,-0.01,3,3333,卖盘
988,13:02:58,11.12,0.01,30,33360,买盘
989,13:02:47,11.11,--,100,111100,卖盘
990,13:02:43,11.11,--,10,11110,卖盘
991,13:02:22,11.11,-0.01,225,249975,卖盘
992,13:02:13,11.12,-0.01,44,48928,卖盘
993,13:02:07,11.13,--,100,111300,买盘
994,13:02:01,11.13,--,13,14469,买盘
995,13:01:46,11.13,--,14,15582,买盘
996,13:01:43,11.13,0.01,7,7791,买盘
997,13:01:31,11.12,--,79,87848,卖盘
998,13:01:23,11.12,-0.01,1,1112,卖盘
999,13:01:13,11.13,--,13,14469,卖盘
1000,13:01:01,11.13,0.01,2,2226,买盘
1001,13:00:52,11.12,--,107,118983,买盘
1002,13:00:22,11.12,0.01,1,1112,买盘
1003,13:00:16,11.11,--,1,1111,卖盘
1004,13:00:13,11.11,--,252,279972,卖盘
1005,13:00:08,11.11,--,199,221089,卖盘
1006,13:00:02,11.11,0.01,65,73148,买盘
1007,11:30:00,11.1,--,0,0,卖盘
1008,11:30:00,11.1,-0.01,11,12210,卖盘
1009,11:29:56,11.11,--,4,4444,买盘
1010,11:29:53,11.11,--,6,6666,买盘
1011,11:29:47,11.11,--,25,27775,买盘
1012,11:29:41,11.11,--,18,19998,买盘
1013,11:29:38,11.11,0.01,36,39996,卖盘
1014,11:29:23,11.1,-0.01,82,91020,卖盘
1015,11:29:17,11.11,0.01,50,55550,买盘
1016,11:29:08,11.1,-0.01,43,47730,卖盘
1017,11:28:53,11.11,--,12,13332,买盘
1018,11:28:47,11.11,0.01,55,61105,买盘
1019,11:28:41,11.1,--,10,11100,卖盘
1020,11:28:38,11.1,-0.01,5,5550,卖盘
1021,11:28:32,11.11,--,16,17776,买盘
1022,11:28:23,11.11,--,5,5555,买盘
1023,11:28:08,11.11,0.01,10,11110,买盘
1024,11:28:02,11.1,--,117,129870,卖盘
1025,11:27:53,11.1,--,4,4440,卖盘
1026,11:27:47,11.1,--,2,2220,卖盘
1027,11:27:32,11.1,-0.01,2,2220,中性盘
1028,11:27:26,11.11,0.01,110,122210,买盘
1029,11:27:23,11.1,--,5,5550,卖盘
1030,11:27:17,11.1,--,16,18525,卖盘
1031,11:27:11,11.1,--,7,7770,卖盘
1032,11:27:02,11.1,0.02,542,602674,买盘
1033,11:26:56,11.08,-0.01,10,11080,卖盘
1034,11:26:53,11.09,--,21,23289,买盘
1035,11:26:47,11.09,--,10,11090,买盘
1036,11:26:38,11.09,-0.01,361,400349,卖盘
1037,11:26:32,11.1,0.01,2,2220,买盘
1038,11:26:23,11.09,-0.01,9,9981,卖盘
1039,11:26:17,11.1,--,1,1110,买盘
1040,11:26:11,11.1,--,30,33300,买盘
1041,11:26:08,11.1,-0.01,161,178710,卖盘
1042,11:25:53,11.11,0.01,4,4444,买盘
1043,11:25:41,11.1,--,1,1110,卖盘
1044,11:25:38,11.1,-0.01,16,17760,卖盘
1045,11:25:32,11.11,--,17,18887,买盘
1046,11:25:23,11.11,--,150,166650,卖盘
1047,11:25:17,11.11,-0.01,17,18887,卖盘
1048,11:25:08,11.12,0.01,1,1112,买盘
1049,11:25:02,11.11,--,5,5555,卖盘
1050,11:24:56,11.11,0.01,5,5555,买盘
1051,11:24:53,11.1,--,13,14430,卖盘
1052,11:24:47,11.1,-0.02,19,21090,卖盘
1053,11:24:41,11.12,0.02,113,125655,买盘
1054,11:24:38,11.1,-0.02,14,15540,卖盘
1055,11:24:23,11.12,0.02,25,27799,买盘
1056,11:24:17,11.1,--,0,0,卖盘
1057,11:24:11,11.1,--,381,422910,卖盘
1058,11:24:05,11.1,--,0,0,卖盘
1059,11:24:02,11.1,-0.01,19,21090,卖盘
1060,11:23:56,11.11,0.01,13,14443,买盘
1061,11:23:47,11.1,--,13,14430,买盘
1062,11:23:41,11.1,0.01,1,1110,买盘
1063,11:23:35,11.09,--,120,133080,卖盘
1064,11:23:32,11.09,--,12,13308,卖盘
1065,11:23:20,11.09,--,4,4436,卖盘
1066,11:23:17,11.09,0.01,219,242871,买盘
1067,11:23:05,11.08,--,14,15512,卖盘
1068,11:23:02,11.08,--,20,22160,卖盘
1069,11:22:56,11.08,--,58,64264,卖盘
1070,11:22:50,11.08,--,5,5540,卖盘
1071,11:22:47,11.08,-0.01,513,568404,卖盘
1072,11:22:35,11.09,--,1,1109,买盘
1073,11:22:32,11.09,--,7,7763,买盘
1074,11:22:20,11.09,-0.01,884,980356,卖盘
1075,11:22:17,11.1,--,3,3330,买盘
1076,11:22:11,11.1,-0.01,85,94350,卖盘
1077,11:22:05,11.11,--,1,1111,买盘
1078,11:22:02,11.11,--,31,34441,买盘
1079,11:21:56,11.11,--,66,73326,买盘
1080,11:21:50,11.11,--,350,388850,卖盘
1081,11:21:47,11.11,-0.01,5,5555,卖盘
1082,11:21:41,11.12,--,3,3335,买盘
1083,11:21:35,11.12,--,1,1112,买盘
1084,11:21:32,11.12,--,41,45592,买盘
1085,11:21:26,11.12,--,8,8896,卖盘
1086,11:21:20,11.12,-0.01,23,25576,卖盘
1087,11:21:11,11.13,0.01,510,567630,买盘
1088,11:21:05,11.12,--,19,21128,卖盘
1089,11:21:02,11.12,-0.01,38,42256,卖盘
1090,11:20:56,11.13,0.01,44,48972,买盘
1091,11:20:50,11.12,-0.01,100,111199,卖盘
1092,11:20:47,11.13,0.01,3,3339,买盘
1093,11:20:41,11.12,-0.01,5,5560,卖盘
1094,11:20:35,11.13,0.01,11,12243,买盘
1095,11:20:32,11.12,-0.01,444,493727,卖盘
1096,11:20:26,11.13,--,5,5565,卖盘
1097,11:20:20,11.13,--,12,13356,卖盘
1098,11:20:17,11.13,0.01,52,57876,买盘
1099,11:20:11,11.12,-0.01,21,23352,卖盘
1100,11:20:05,11.13,0.01,1,1113,买盘
1101,11:20:02,11.12,--,15,16680,卖盘
1102,11:19:56,11.12,0.01,310,344720,买盘
1103,11:19:50,11.11,--,11,12221,卖盘
1104,11:19:47,11.11,0.01,422,468842,中性盘
1105,11:19:41,11.1,--,20,22200,卖盘
1106,11:19:35,11.1,-0.02,55,61050,卖盘
1107,11:19:32,11.12,0.01,5,5560,买盘
1108,11:19:26,11.11,-0.01,19,21109,卖盘
1109,11:19:20,11.12,--,10,11120,买盘
1110,11:19:17,11.12,--,16,17792,买盘
1111,11:19:11,11.12,--,463,514855,卖盘
1112,11:19:05,11.12,-0.01,1,1112,卖盘
1113,11:19:02,11.13,0.01,70,77910,买盘
1114,11:18:56,11.12,--,31,34472,买盘
1115,11:18:50,11.12,--,6,6671,买盘
1116,11:18:47,11.12,0.01,13,14455,买盘
1117,11:18:41,11.11,-0.01,11,12221,卖盘
1118,11:18:35,11.12,0.01,1,1112,买盘
1119,11:18:32,11.11,0.01,25,27775,卖盘
1120,11:18:26,11.1,--,57,63270,卖盘
1121,11:18:20,11.1,--,30,33300,卖盘
1122,11:18:17,11.1,--,13,14430,卖盘
1123,11:18:11,11.1,--,5,5550,卖盘
1124,11:18:05,11.1,0.01,49,54390,买盘
1125,11:18:02,11.09,--,15,16635,卖盘
1126,11:17:56,11.09,--,11,12199,卖盘
1127,11:17:50,11.09,--,55,60995,买盘
1128,11:17:46,11.09,--,70,77630,买盘
1129,11:17:41,11.09,--,50,55450,买盘
1130,11:17:35,11.09,0.01,2,2218,买盘
1131,11:17:32,11.08,0.01,5,5540,卖盘
1132,11:17:26,11.07,-0.01,26,28782,卖盘
1133,11:17:20,11.08,--,9,9972,买盘
1134,11:17:17,11.08,0.01,60,66480,买盘
1135,11:17:11,11.07,--,18,19926,卖盘
1136,11:17:02,11.07,0.01,146,161633,买盘
1137,11:16:56,11.06,-0.01,13,14378,卖盘
1138,11:16:50,11.07,0.02,88,97416,买盘
1139,11:16:46,11.05,-0.01,345,381225,卖盘
1140,11:16:41,11.06,0.01,81,89586,买盘
1141,11:16:35,11.05,-0.01,88,97240,卖盘
1142,11:16:31,11.06,--,130,144709,买盘
1143,11:16:26,11.06,--,18,19908,买盘
1144,11:16:20,11.06,--,25,27650,买盘
1145,11:16:17,11.06,0.01,28,30968,买盘
1146,11:16:11,11.05,-0.01,75,82875,卖盘
1147,11:16:05,11.06,0.01,43,47558,买盘
1148,11:15:56,11.05,-0.01,10,11050,卖盘
1149,11:15:50,11.06,--,166,183596,买盘
1150,11:15:44,11.06,0.01,14,15484,买盘
1151,11:15:41,11.05,-0.01,77,85085,卖盘
1152,11:15:35,11.06,0.01,60,66360,买盘
1153,11:15:29,11.05,--,7,7735,卖盘
1154,11:15:26,11.05,-0.01,15,16575,卖盘
1155,11:15:20,11.06,--,13,14378,买盘
1156,11:15:14,11.06,--,3,3318,买盘
1157,11:15:11,11.06,--,12,13272,买盘
1158,11:15:05,11.06,--,4,4424,买盘
1159,11:14:59,11.06,-0.01,156,172536,卖盘
1160,11:14:56,11.07,0.01,40,44280,买盘
1161,11:14:50,11.06,-0.01,17,18802,卖盘
1162,11:14:41,11.07,--,8,8856,买盘
1163,11:14:35,11.07,--,1,1107,买盘
1164,11:14:26,11.07,--,55,60885,卖盘
1165,11:14:14,11.07,-0.01,20,22140,卖盘
1166,11:14:11,11.08,0.01,33,36564,买盘
1167,11:14:05,11.07,-0.01,1217,1347219,卖盘
1168,11:13:59,11.08,--,32,35456,买盘
1169,11:13:56,11.08,--,11,12188,买盘
1170,11:13:50,11.08,--,62,68696,买盘
1171,11:13:41,11.08,--,83,91964,买盘
1172,11:13:35,11.08,--,11,12188,买盘
1173,11:13:29,11.08,--,12,13296,卖盘
1174,11:13:26,11.08,--,5,5540,卖盘
1175,11:13:20,11.08,--,73,80884,卖盘
1176,11:13:14,11.08,-0.01,88,97504,卖盘
1177,11:13:11,11.09,--,13,14417,买盘
1178,11:13:05,11.09,--,111,123099,买盘
1179,11:12:59,11.09,0.01,16,17744,买盘
1180,11:12:56,11.08,-0.01,10,11080,卖盘
1181,11:12:50,11.09,--,1,1109,买盘
1182,11:12:41,11.09,--,360,400160,卖盘
1183,11:12:35,11.09,--,218,241762,卖盘
1184,11:12:26,11.09,-0.01,166,184094,卖盘
1185,11:12:20,11.1,--,6,6660,买盘
1186,11:12:11,11.1,-0.03,363,403818,卖盘
1187,11:12:05,11.13,0.01,15,16695,买盘
1188,11:11:50,11.12,-0.01,3,3335,卖盘
1189,11:11:44,11.13,--,46,51198,买盘
1190,11:11:41,11.13,--,4,4452,买盘
1191,11:11:35,11.13,--,3,3339,卖盘
1192,11:11:26,11.13,0.01,7,7791,买盘
1193,11:11:20,11.12,-0.01,2,2224,中性盘
1194,11:11:14,11.13,-0.01,32,35616,买盘
1195,11:11:10,11.14,0.01,155,172670,买盘
1196,11:11:05,11.13,--,1,1113,买盘
1197,11:10:59,11.13,--,7,7791,卖盘
1198,11:10:50,11.13,--,4,4452,卖盘
1199,11:10:40,11.13,0.01,89,99057,买盘
1200,11:10:35,11.12,-0.01,1,1112,买盘
1201,11:10:25,11.13,--,46,51198,卖盘
1202,11:10:14,11.13,0.03,30,33390,买盘
1203,11:10:10,11.1,-0.03,1000,1110000,卖盘
1204,11:10:05,11.13,--,134,149142,买盘
1205,11:09:59,11.13,0.01,95,105735,买盘
1206,11:09:50,11.12,--,11,12232,卖盘
1207,11:09:40,11.12,--,1,1112,卖盘
1208,11:09:35,11.12,-0.01,46,51152,卖盘
1209,11:09:29,11.13,0.01,9,10017,买盘
1210,11:09:20,11.12,-0.01,59,65608,卖盘
1211,11:09:14,11.13,--,23,25599,买盘
1212,11:09:05,11.13,--,13,14469,买盘
1213,11:08:59,11.13,0.01,70,77910,买盘
1214,11:08:53,11.12,-0.01,5,5560,卖盘
1215,11:08:50,11.13,--,2,2226,买盘
1216,11:08:44,11.13,--,39,43407,买盘
1217,11:08:35,11.13,--,26,28938,买盘
1218,11:08:29,11.13,0.01,17,18921,买盘
1219,11:08:23,11.12,-0.01,2,2224,卖盘
1220,11:08:20,11.13,0.01,4,4452,买盘
1221,11:08:14,11.12,-0.01,51,56711,卖盘
1222,11:08:05,11.13,--,12,13356,买盘
1223,11:07:59,11.13,0.01,6,6678,买盘
1224,11:07:50,11.12,-0.01,19,21128,卖盘
1225,11:07:44,11.13,-0.01,379,421827,卖盘
1226,11:07:38,11.14,--,22,24508,买盘
1227,11:07:35,11.14,--,49,54586,买盘
1228,11:07:29,11.14,0.01,3,3342,买盘
1229,11:07:23,11.13,-0.01,20,22260,卖盘
1230,11:07:20,11.14,0.01,18,20052,买盘
1231,11:07:14,11.13,-0.01,1,1113,卖盘
1232,11:07:08,11.14,--,0,0,买盘
1233,11:07:05,11.14,--,24,26736,买盘
1234,11:06:59,11.14,0.01,450,502269,买盘
1235,11:06:53,11.13,--,2,2226,卖盘
1236,11:06:50,11.13,-0.01,20,22260,卖盘
1237,11:06:44,11.14,0.01,58,64612,买盘
1238,11:06:38,11.13,--,5,5565,卖盘
1239,11:06:35,11.13,--,18,20034,卖盘
1240,11:06:29,11.13,0.01,166,185125,买盘
1241,11:06:23,11.12,-0.01,6,6671,卖盘
1242,11:06:20,11.13,0.01,31,34503,买盘
1243,11:06:14,11.12,--,69,76728,卖盘
1244,11:06:08,11.12,--,68,75616,买盘
1245,11:06:05,11.12,--,40,44480,买盘
1246,11:05:59,11.12,--,98,108975,买盘
1247,11:05:53,11.12,--,63,70056,买盘
1248,11:05:49,11.12,--,37,41144,买盘
1249,11:05:44,11.12,--,121,134552,买盘
1250,11:05:38,11.12,--,11,12232,买盘
1251,11:05:35,11.12,0.01,30,33360,买盘
1252,11:05:29,11.11,-0.01,45,49995,卖盘
1253,11:05:19,11.12,0.01,41,45592,买盘
1254,11:05:14,11.11,-0.01,100,111100,卖盘
1255,11:05:08,11.12,--,1,1112,买盘
1256,11:05:05,11.12,--,122,135664,卖盘
1257,11:04:59,11.12,--,42,46704,卖盘
1258,11:04:53,11.12,-0.01,115,127879,卖盘
1259,11:04:50,11.13,--,26,29683,卖盘
1260,11:04:44,11.13,--,194,215922,卖盘
1261,11:04:38,11.13,--,25,27825,卖盘
1262,11:04:34,11.13,--,48,53424,卖盘
1263,11:04:29,11.13,-0.01,31,34503,卖盘
1264,11:04:08,11.14,--,15,16710,买盘
1265,11:04:05,11.14,--,597,665058,卖盘
1266,11:03:59,11.14,-0.01,24,26736,卖盘
1267,11:03:53,11.15,--,38,42370,买盘
1268,11:03:50,11.15,--,161,179515,卖盘
1269,11:03:44,11.15,--,40,44600,卖盘
1270,11:03:38,11.15,-0.01,20,22300,卖盘
1271,11:03:34,11.16,--,84,93744,买盘
1272,11:03:29,11.16,--,3,3348,买盘
1273,11:03:23,11.16,--,8,8928,买盘
1274,11:03:19,11.16,--,2,2232,买盘
1275,11:03:14,11.16,--,10,11160,买盘
1276,11:03:04,11.16,--,4,4464,卖盘
1277,11:02:53,11.16,--,31,34596,买盘
1278,11:02:49,11.16,--,5,5580,买盘
1279,11:02:44,11.16,--,38,42408,买盘
1280,11:02:38,11.16,-0.01,33,36828,中性盘
1281,11:02:34,11.17,0.01,5,5585,买盘
1282,11:02:29,11.16,--,366,408456,卖盘
1283,11:02:23,11.16,-0.01,3,3348,卖盘
1284,11:02:19,11.17,0.01,2,2234,买盘
1285,11:02:14,11.16,--,16,17856,卖盘
1286,11:02:08,11.16,-0.01,91,101556,卖盘
1287,11:02:04,11.17,0.01,20,22340,买盘
1288,11:01:59,11.16,--,43,47988,买盘
1289,11:01:53,11.16,--,28,31248,买盘
1290,11:01:49,11.16,--,20,22320,买盘
1291,11:01:44,11.16,--,13,14508,买盘
1292,11:01:34,11.16,--,1,1116,买盘
1293,11:01:29,11.16,--,16,17856,买盘
1294,11:01:23,11.16,0.01,107,119412,买盘
1295,11:01:14,11.15,-0.01,3,3345,卖盘
1296,11:01:08,11.16,--,51,56916,买盘
1297,11:01:04,11.16,--,1,1116,买盘
1298,11:00:59,11.16,0.01,39,43524,买盘
1299,11:00:53,11.15,-0.01,12,13380,卖盘
1300,11:00:47,11.16,--,26,29016,买盘
1301,11:00:44,11.16,--,81,90396,买盘
1302,11:00:38,11.16,--,3,3348,买盘
1303,11:00:32,11.16,-0.01,30,33825,卖盘
1304,11:00:29,11.17,0.01,48,54386,买盘
1305,11:00:23,11.16,--,109,121644,卖盘
1306,11:00:14,11.16,--,20,22320,卖盘
1307,11:00:08,11.16,-0.01,21,23436,卖盘
1308,11:00:02,11.17,--,11,12287,买盘
1309,10:59:59,11.17,0.01,3,3351,买盘
1310,10:59:53,11.16,-0.01,5,5580,卖盘
1311,10:59:47,11.17,0.01,503,561851,买盘
1312,10:59:38,11.16,-0.01,5,5580,卖盘
1313,10:59:32,11.17,0.01,1,1117,买盘
1314,10:59:29,11.16,-0.01,15,16740,卖盘
1315,10:59:23,11.17,--,33,36861,买盘
1316,10:59:17,11.17,--,69,77073,买盘
1317,10:59:14,11.17,--,20,22340,买盘
1318,10:59:08,11.17,--,8,8936,买盘
1319,10:59:02,11.17,--,60,67366,卖盘
1320,10:58:53,11.17,--,24,26808,卖盘
1321,10:58:47,11.17,-0.01,14,15638,卖盘
1322,10:58:44,11.18,0.03,11,12298,买盘
1323,10:58:38,11.15,--,150,168019,买盘
1324,10:58:32,11.15,-0.03,449,500980,卖盘
1325,10:58:29,11.18,0.02,8,8944,买盘
1326,10:58:23,11.16,-0.01,2,2232,卖盘
1327,10:58:17,11.17,0.01,293,327281,买盘
1328,10:58:14,11.16,--,10,11160,买盘
1329,10:58:08,11.16,-0.01,2,2232,卖盘
1330,10:58:02,11.17,0.01,16,17872,买盘
1331,10:57:59,11.16,--,10,11160,卖盘
1332,10:57:53,11.16,--,12,13392,卖盘
1333,10:57:47,11.16,--,60,66960,卖盘
1334,10:57:43,11.16,-0.01,8,8928,卖盘
1335,10:57:38,11.17,--,47,52499,买盘
1336,10:57:32,11.17,--,17,18989,买盘
1337,10:57:29,11.17,0.01,20,22340,买盘
1338,10:57:23,11.16,--,21,23436,卖盘
1339,10:57:17,11.16,-0.01,13,14508,卖盘
1340,10:57:13,11.17,--,111,123987,买盘
1341,10:57:08,11.17,--,19,21223,买盘
1342,10:57:02,11.17,--,82,92364,买盘
1343,10:56:58,11.17,--,9,10053,买盘
1344,10:56:53,11.17,--,22,24574,买盘
1345,10:56:47,11.17,--,12,13404,买盘
1346,10:56:38,11.17,--,5,5585,买盘
1347,10:56:32,11.17,--,255,285337,卖盘
1348,10:56:23,11.17,-0.01,50,56464,卖盘
1349,10:56:17,11.18,--,45,50310,买盘
1350,10:56:13,11.18,--,21,23478,买盘
1351,10:56:08,11.18,--,31,34658,买盘
1352,10:56:02,11.18,0.01,52,58136,买盘
1353,10:55:53,11.17,-0.01,73,81541,卖盘
1354,10:55:47,11.18,--,7,7826,买盘
1355,10:55:38,11.18,--,21,23478,买盘
1356,10:55:32,11.18,--,36,40248,买盘
1357,10:55:23,11.18,-0.02,256,286688,卖盘
1358,10:55:17,11.2,--,34,38080,买盘
1359,10:55:13,11.2,0.01,19,21280,买盘
1360,10:55:08,11.19,--,17,19023,买盘
1361,10:55:02,11.19,--,45,50355,买盘
1362,10:54:53,11.19,--,82,91758,卖盘
1363,10:54:47,11.19,--,98,109662,买盘
1364,10:54:43,11.19,--,10,11190,买盘
1365,10:54:38,11.19,--,36,40284,买盘
1366,10:54:32,11.19,--,1,1119,买盘
1367,10:54:28,11.19,--,76,85044,买盘
1368,10:54:23,11.19,0.01,7,7833,买盘
1369,10:54:13,11.18,--,15,16848,卖盘
1370,10:54:08,11.18,-0.01,28,31695,卖盘
1371,10:54:02,11.19,0.01,2,2238,买盘
1372,10:53:53,11.18,-0.01,3,3354,卖盘
1373,10:53:47,11.19,0.01,50,55950,买盘
1374,10:53:43,11.18,-0.01,50,55900,卖盘
1375,10:53:38,11.19,--,202,226205,买盘
1376,10:53:32,11.19,0.01,62,69378,买盘
1377,10:53:28,11.18,-0.01,10,11180,卖盘
1378,10:53:23,11.19,0.01,32,35808,买盘
1379,10:53:17,11.18,--,6,6708,买盘
1380,10:53:13,11.18,--,63,70434,买盘
1381,10:53:08,11.18,--,65,72670,买盘
1382,10:53:02,11.18,--,41,45838,买盘
1383,10:52:53,11.18,--,31,34658,买盘
1384,10:52:47,11.18,--,31,34680,卖盘
1385,10:52:43,11.18,--,38,43579,买盘
1386,10:52:38,11.18,--,55,61490,买盘
1387,10:52:32,11.18,--,42,46978,卖盘
1388,10:52:26,11.18,-0.01,10,11180,卖盘
1389,10:52:23,11.19,0.01,50,55950,买盘
1390,10:52:17,11.18,--,69,78081,卖盘
1391,10:52:11,11.18,-0.01,22,25244,卖盘
1392,10:52:08,11.19,--,156,174564,买盘
1393,10:52:02,11.19,0.01,2,2238,买盘
1394,10:51:56,11.18,-0.02,20,22360,卖盘
1395,10:51:53,11.2,0.01,894,1001291,买盘
1396,10:51:47,11.19,--,24,26856,卖盘
1397,10:51:41,11.19,--,67,74973,卖盘
1398,10:51:38,11.19,-0.01,22,24618,卖盘
1399,10:51:32,11.2,0.01,59,66080,买盘
1400,10:51:23,11.19,--,60,67140,卖盘
1401,10:51:17,11.19,0.01,108,121959,买盘
1402,10:51:11,11.18,--,7,7826,卖盘
1403,10:51:08,11.18,-0.01,44,49192,卖盘
1404,10:51:02,11.19,0.01,22,24618,买盘
1405,10:50:56,11.18,--,10,11180,卖盘
1406,10:50:53,11.18,-0.01,138,154284,卖盘
1407,10:50:47,11.19,0.01,15,16785,买盘
1408,10:50:38,11.18,-0.01,15,17094,卖盘
1409,10:50:32,11.19,--,11,12309,买盘
1410,10:50:26,11.19,0.01,7,7833,买盘
1411,10:50:23,11.18,-0.02,602,673047,卖盘
1412,10:50:17,11.2,--,12,13440,买盘
1413,10:50:02,11.2,--,32,35985,买盘
1414,10:49:56,11.2,--,1,1120,买盘
1415,10:49:52,11.2,--,12,13440,买盘
1416,10:49:47,11.2,--,9,10080,买盘
1417,10:49:37,11.2,--,10,11200,买盘
1418,10:49:32,11.2,--,31,34720,买盘
1419,10:49:26,11.2,--,19,21280,买盘
1420,10:49:17,11.2,--,20,22400,买盘
1421,10:49:02,11.2,0.01,11,12320,买盘
1422,10:48:52,11.19,-0.01,6,6714,卖盘
1423,10:48:47,11.2,--,86,96320,买盘
1424,10:48:41,11.2,0.01,2,2240,买盘
1425,10:48:37,11.19,-0.02,14,16628,卖盘
1426,10:48:32,11.21,0.01,2,2735,买盘
1427,10:48:26,11.2,--,45,50400,卖盘
1428,10:48:22,11.2,--,46,51520,卖盘
1429,10:48:11,11.2,--,55,61599,卖盘
1430,10:48:07,11.2,-0.01,22,25267,卖盘
1431,10:48:02,11.21,--,11,12331,买盘
1432,10:47:52,11.21,--,5,5605,买盘
1433,10:47:47,11.21,-0.01,64,71744,卖盘
1434,10:47:41,11.22,0.01,22,24684,买盘
1435,10:47:37,11.21,-0.01,1,1121,卖盘
1436,10:47:32,11.22,0.01,54,60588,买盘
1437,10:47:26,11.21,--,15,16815,卖盘
1438,10:47:17,11.21,-0.01,515,577315,卖盘
1439,10:47:11,11.22,--,3,3366,买盘
1440,10:47:02,11.22,0.01,1,1122,买盘
1441,10:46:52,11.21,-0.01,22,24841,卖盘
1442,10:46:47,11.22,--,5,5610,卖盘
1443,10:46:41,11.22,-0.01,12,13464,卖盘
1444,10:46:37,11.23,--,29,32567,买盘
1445,10:46:32,11.23,0.01,54,60642,买盘
1446,10:46:26,11.22,-0.01,16,17952,卖盘
1447,10:46:17,11.23,0.01,62,69626,买盘
1448,10:46:11,11.22,--,65,72986,卖盘
1449,10:46:07,11.22,-0.01,160,179935,卖盘
1450,10:46:02,11.23,0.01,27,30321,买盘
1451,10:45:56,11.22,--,32,35904,卖盘
1452,10:45:52,11.22,-0.01,105,117810,卖盘
1453,10:45:47,11.23,--,11,12353,买盘
1454,10:45:41,11.23,--,1,1123,买盘
1455,10:45:31,11.23,0.01,60,67380,买盘
1456,10:45:26,11.22,--,10,11220,卖盘
1457,10:45:17,11.22,0.01,347,389805,买盘
1458,10:45:11,11.21,--,20,22420,卖盘
1459,10:45:07,11.21,0.01,337,378718,买盘
1460,10:45:02,11.2,0.01,106,118719,买盘
1461,10:44:56,11.19,--,3,3357,卖盘
1462,10:44:47,11.19,0.01,856,957864,买盘
1463,10:44:41,11.18,-0.01,41,45838,卖盘
1464,10:44:32,11.19,0.01,78,87282,买盘
1465,10:44:22,11.18,-0.01,18,20548,卖盘
1466,10:44:17,11.19,--,1,1119,买盘
1467,10:44:11,11.19,--,4,4476,买盘
1468,10:44:07,11.19,--,70,78330,买盘
1469,10:44:02,11.19,--,26,29138,买盘
1470,10:43:56,11.19,--,2,2238,买盘
1471,10:43:50,11.19,--,4,4476,买盘
1472,10:43:47,11.19,--,5,5595,买盘
1473,10:43:41,11.19,--,14,15666,买盘
1474,10:43:35,11.19,-0.01,16,17904,卖盘
1475,10:43:32,11.2,0.01,122,136640,买盘
1476,10:43:25,11.19,0.01,3,3357,卖盘
1477,10:43:20,11.18,-0.02,602,673036,卖盘
1478,10:43:17,11.2,0.01,7,7839,买盘
1479,10:43:05,11.19,-0.01,1,1119,卖盘
1480,10:43:02,11.2,0.01,126,141120,买盘
1481,10:42:56,11.19,--,41,45879,卖盘
1482,10:42:50,11.19,-0.01,23,25737,卖盘
1483,10:42:47,11.2,0.02,33,37430,买盘
1484,10:42:41,11.18,--,52,58147,卖盘
1485,10:42:35,11.18,-0.01,13,14534,卖盘
1486,10:42:32,11.19,0.01,329,368151,买盘
1487,10:42:26,11.18,--,6,6708,卖盘
1488,10:42:11,11.18,-0.01,57,63726,卖盘
1489,10:42:05,11.19,--,3,3357,买盘
1490,10:42:01,11.19,--,38,42991,买盘
1491,10:41:50,11.19,--,5,5595,买盘
1492,10:41:46,11.19,--,187,209902,卖盘
1493,10:41:41,11.19,-0.01,97,108543,卖盘
1494,10:41:35,11.2,0.01,13,14559,买盘
1495,10:41:31,11.19,--,3,3357,卖盘
1496,10:41:26,11.19,--,41,45879,卖盘
1497,10:41:20,11.19,--,25,27975,卖盘
1498,10:41:16,11.19,--,1,1119,卖盘
1499,10:41:05,11.19,-0.01,60,67140,卖盘
1500,10:41:01,11.2,0.01,3,3360,买盘
1501,10:40:56,11.19,--,6,6714,卖盘
1502,10:40:50,11.19,--,58,64902,卖盘
1503,10:40:41,11.19,-0.01,11,12309,卖盘
1504,10:40:35,11.2,--,61,68320,买盘
1505,10:40:20,11.2,--,22,24640,买盘
1506,10:40:16,11.2,--,5,5600,买盘
1507,10:40:11,11.2,--,71,79520,买盘
1508,10:40:05,11.2,--,80,89779,卖盘
1509,10:40:01,11.2,--,26,30228,卖盘
1510,10:39:56,11.2,--,120,134881,卖盘
1511,10:39:46,11.2,-0.01,20,22400,卖盘
1512,10:39:41,11.21,--,4,4484,买盘
1513,10:39:35,11.21,0.01,113,126673,买盘
1514,10:39:31,11.2,--,46,51520,卖盘
1515,10:39:25,11.2,--,75,84000,卖盘
1516,10:39:20,11.2,-0.02,1,1120,卖盘
1517,10:39:16,11.22,--,0,0,买盘
1518,10:39:11,11.22,0.01,10,11220,买盘
1519,10:39:05,11.21,-0.01,42,47082,卖盘
1520,10:39:01,11.22,--,5,5610,买盘
1521,10:38:56,11.22,--,327,366894,买盘
1522,10:38:50,11.22,0.01,15,16830,买盘
1523,10:38:46,11.21,--,105,117705,卖盘
1524,10:38:41,11.21,--,18,20178,卖盘
1525,10:38:35,11.21,0.01,67,75107,买盘
1526,10:38:31,11.2,-0.01,7,7839,卖盘
1527,10:38:26,11.21,--,5,5605,买盘
1528,10:38:20,11.21,--,50,56050,买盘
1529,10:38:16,11.21,--,6,6726,买盘
1530,10:38:11,11.21,--,29,32509,买盘
1531,10:38:05,11.21,0.01,30,33630,买盘
1532,10:38:01,11.2,--,15,17382,卖盘
1533,10:37:56,11.2,--,28,32367,卖盘
1534,10:37:49,11.2,--,34,38080,卖盘
1535,10:37:41,11.2,--,69,77280,买盘
1536,10:37:35,11.2,--,24,26880,买盘
1537,10:37:31,11.2,--,10,11200,买盘
1538,10:37:20,11.2,0.01,35,39200,买盘
1539,10:37:16,11.19,--,4,4476,卖盘
1540,10:37:11,11.19,--,12,13897,买盘
1541,10:37:05,11.19,--,41,45879,买盘
1542,10:37:01,11.19,--,9,10071,买盘
1543,10:36:55,11.19,--,235,262965,买盘
1544,10:36:49,11.19,-0.01,480,537769,卖盘
1545,10:36:46,11.2,--,26,29119,买盘
1546,10:36:41,11.2,--,353,395360,买盘
1547,10:36:34,11.2,--,2,2240,买盘
1548,10:36:31,11.2,--,31,34720,买盘
1549,10:36:26,11.2,0.01,103,115359,买盘
1550,10:36:20,11.19,-0.01,301,336819,卖盘
1551,10:36:16,11.2,--,723,809760,卖盘
1552,10:36:11,11.2,--,52,58239,卖盘
1553,10:36:05,11.2,0.01,81,90720,买盘
1554,10:36:01,11.19,-0.01,35,39165,卖盘
1555,10:35:56,11.2,0.01,87,97910,买盘
1556,10:35:41,11.19,--,174,194706,买盘
1557,10:35:34,11.19,--,188,210372,买盘
1558,10:35:31,11.19,--,48,53712,买盘
1559,10:35:25,11.19,-0.01,782,875058,卖盘
1560,10:35:20,11.2,0.01,1096,1227520,中性盘
1561,10:35:10,11.19,-0.01,710,794490,卖盘
1562,10:35:05,11.2,--,48,53760,卖盘
1563,10:34:58,11.2,--,173,193760,卖盘
1564,10:34:55,11.2,--,10,11200,卖盘
1565,10:34:50,11.2,--,111,124319,买盘
1566,10:34:44,11.2,--,17,19040,买盘
1567,10:34:35,11.2,-0.02,372,417289,卖盘
1568,10:34:28,11.22,0.02,9,10098,买盘
1569,10:34:25,11.2,--,61,68320,卖盘
1570,10:34:20,11.2,-0.01,14,15679,卖盘
1571,10:34:14,11.21,0.01,42,47082,中性盘
1572,10:34:10,11.2,--,43,48160,卖盘
1573,10:34:05,11.2,--,9,10080,卖盘
1574,10:33:58,11.2,--,6,6720,卖盘
1575,10:33:55,11.2,--,19,22187,卖盘
1576,10:33:50,11.2,--,33,37643,卖盘
1577,10:33:44,11.2,--,47,52640,卖盘
1578,10:33:40,11.2,0.01,15,16800,卖盘
1579,10:33:35,11.19,-0.04,102,114138,卖盘
1580,10:33:29,11.23,0.03,60,67380,买盘
1581,10:33:25,11.2,--,13,14559,买盘
1582,10:33:20,11.2,-0.04,554,621129,卖盘
1583,10:33:13,11.24,0.01,30,33720,买盘
1584,10:33:10,11.23,--,20,22460,卖盘
1585,10:33:05,11.23,-0.02,113,126899,卖盘
1586,10:32:59,11.25,0.02,126,141750,买盘
1587,10:32:55,11.23,-0.01,92,103316,卖盘
1588,10:32:49,11.24,0.01,80,89920,买盘
1589,10:32:44,11.23,-0.01,23,25829,卖盘
1590,10:32:40,11.24,-0.01,5,5687,卖盘
1591,10:32:35,11.25,0.01,241,271125,买盘
1592,10:32:29,11.24,-0.01,216,242784,卖盘
1593,10:32:25,11.25,--,51,57375,买盘
1594,10:32:20,11.25,-0.01,134,151425,卖盘
1595,10:32:14,11.26,--,109,122734,卖盘
1596,10:32:10,11.26,--,135,152010,卖盘
1597,10:32:05,11.26,0.01,2166,2439366,买盘
1598,10:31:59,11.25,--,124,139770,卖盘
1599,10:31:55,11.25,--,36,40500,卖盘
1600,10:31:50,11.25,-0.01,140,157972,买盘
1601,10:31:44,11.26,0.01,380,427880,买盘
1602,10:31:40,11.25,--,50,56250,买盘
1603,10:31:35,11.25,--,137,154125,卖盘
1604,10:31:29,11.25,--,11,12375,买盘
1605,10:31:25,11.25,--,222,249750,卖盘
1606,10:31:20,11.25,--,121,136125,卖盘
1607,10:31:14,11.25,--,107,120375,买盘
1608,10:31:10,11.25,-0.01,10,11250,买盘
1609,10:31:04,11.26,0.01,69,77694,买盘
1610,10:30:59,11.25,--,1057,1189125,买盘
1611,10:30:55,11.25,--,34,38250,买盘
1612,10:30:49,11.25,--,423,475875,买盘
1613,10:30:44,11.25,0.01,550,618750,买盘
1614,10:30:40,11.24,-0.01,134,150616,卖盘
1615,10:30:35,11.25,0.01,961,1081125,买盘
1616,10:30:29,11.24,--,243,273132,卖盘
1617,10:30:25,11.24,0.01,454,510610,买盘
1618,10:30:20,11.23,--,374,420002,卖盘
1619,10:30:14,11.23,--,115,129145,卖盘
1620,10:30:10,11.23,-0.01,27,30321,卖盘
1621,10:30:05,11.24,0.01,620,696880,买盘
1622,10:29:59,11.23,--,75,84943,买盘
1623,10:29:55,11.23,0.01,16,17968,买盘
1624,10:29:50,11.22,--,24,27803,卖盘
1625,10:29:43,11.22,-0.02,13,14586,卖盘
1626,10:29:39,11.24,--,0,0,买盘
1627,10:29:35,11.24,0.02,796,894704,买盘
1628,10:29:29,11.22,--,27,30294,买盘
1629,10:29:25,11.22,--,1,1122,买盘
1630,10:29:20,11.22,0.01,104,116688,买盘
1631,10:29:14,11.21,-0.01,134,150214,卖盘
1632,10:29:05,11.22,0.01,3,3366,买盘
1633,10:28:59,11.21,--,13,14573,卖盘
1634,10:28:55,11.21,-0.01,5,5605,卖盘
1635,10:28:50,11.22,-0.01,13,14586,卖盘
1636,10:28:44,11.23,0.01,18,20214,买盘
1637,10:28:40,11.22,-0.01,12,13464,中性盘
1638,10:28:35,11.23,0.02,54,60642,买盘
1639,10:28:29,11.21,-0.02,42,47082,中性盘
1640,10:28:25,11.23,0.02,168,188664,买盘
1641,10:28:20,11.21,--,130,146559,卖盘
1642,10:28:14,11.21,--,22,24662,卖盘
1643,10:28:09,11.21,-0.01,506,567226,卖盘
1644,10:28:04,11.22,0.01,80,89760,买盘
1645,10:27:59,11.21,--,41,45961,卖盘
1646,10:27:54,11.21,-0.02,26,29146,卖盘
1647,10:27:49,11.23,0.02,74,83809,买盘
1648,10:27:43,11.21,-0.01,67,75992,卖盘
1649,10:27:39,11.22,-0.01,52,58344,卖盘
1650,10:27:34,11.23,0.01,6,6738,买盘
1651,10:27:29,11.22,--,563,631686,卖盘
1652,10:27:23,11.22,-0.01,16,17952,买盘
1653,10:27:19,11.23,--,0,0,买盘
1654,10:27:14,11.23,0.01,710,797330,买盘
1655,10:27:07,11.22,-0.01,15,16830,卖盘
1656,10:27:04,11.23,--,47,52781,买盘
1657,10:26:59,11.23,--,117,131391,买盘
1658,10:26:53,11.23,0.02,250,280750,买盘
1659,10:26:49,11.21,-0.01,51,57171,卖盘
1660,10:26:43,11.22,--,2,2244,买盘
1661,10:26:38,11.22,-0.01,37,41514,中性盘
1662,10:26:34,11.23,--,48,53904,买盘
1663,10:26:29,11.23,--,176,197648,买盘
1664,10:26:23,11.23,--,35,39305,买盘
1665,10:26:19,11.23,0.01,134,150482,买盘
1666,10:26:14,11.22,0.01,55,61710,中性盘
1667,10:26:07,11.21,-0.01,240,269040,卖盘
1668,10:26:04,11.22,0.01,22,24684,买盘
1669,10:25:59,11.21,--,5,5605,卖盘
1670,10:25:53,11.21,-0.01,9,10089,卖盘
1671,10:25:49,11.22,--,34,39011,买盘
1672,10:25:44,11.22,--,72,81513,买盘
1673,10:25:37,11.22,-0.01,150,168300,卖盘
1674,10:25:34,11.23,--,15,16845,买盘
1675,10:25:29,11.23,-0.01,144,161712,买盘
1676,10:25:22,11.24,0.01,81,91044,买盘
1677,10:25:19,11.23,--,40,44920,卖盘
1678,10:25:14,11.23,--,27,30321,卖盘
1679,10:25:08,11.23,--,296,332408,买盘
1680,10:25:04,11.23,--,32,35936,买盘
1681,10:24:59,11.23,0.01,20,22460,买盘
1682,10:24:53,11.22,-0.01,60,67320,卖盘
1683,10:24:49,11.23,0.01,41,46043,买盘
1684,10:24:43,11.22,-0.01,147,164934,卖盘
1685,10:24:38,11.23,--,97,108931,买盘
1686,10:24:34,11.23,0.01,103,115669,买盘
1687,10:24:29,11.22,-0.02,84,94248,卖盘
1688,10:24:22,11.24,0.02,179,201196,买盘
1689,10:24:19,11.22,--,4,4488,卖盘
1690,10:24:14,11.22,--,176,197472,卖盘
1691,10:24:08,11.22,--,329,369138,卖盘
1692,10:24:04,11.22,--,14,15708,卖盘
1693,10:23:59,11.22,0.01,108,121176,买盘
1694,10:23:52,11.21,-0.01,19,21299,卖盘
1695,10:23:49,11.22,--,102,114444,卖盘
1696,10:23:44,11.22,-0.01,87,98085,卖盘
1697,10:23:37,11.23,0.01,70,78610,买盘
1698,10:23:34,11.22,--,1,1122,买盘
1699,10:23:29,11.22,-0.01,96,107712,卖盘
1700,10:23:23,11.23,--,1025,1151075,买盘
1701,10:23:19,11.23,0.01,116,130268,买盘
1702,10:23:14,11.22,-0.01,419,470118,卖盘
1703,10:23:08,11.23,--,18,20214,买盘
1704,10:23:04,11.23,0.01,94,105562,买盘
1705,10:22:59,11.22,-0.01,41,46002,卖盘
1706,10:22:53,11.23,--,39,43797,买盘
1707,10:22:49,11.23,--,14,15722,买盘
1708,10:22:43,11.23,--,174,195896,卖盘
1709,10:22:38,11.23,-0.01,589,661447,卖盘
1710,10:22:34,11.24,0.01,75,84300,买盘
1711,10:22:29,11.23,-0.01,182,204386,卖盘
1712,10:22:23,11.24,0.01,374,420376,买盘
1713,10:22:19,11.23,--,152,170696,卖盘
1714,10:22:14,11.23,--,68,76364,卖盘
1715,10:22:08,11.23,-0.01,298,335282,卖盘
1716,10:22:04,11.24,0.01,27,30348,买盘
1717,10:21:58,11.23,--,74,83102,卖盘
1718,10:21:53,11.23,--,12,13476,卖盘
1719,10:21:49,11.23,--,177,198771,卖盘
1720,10:21:44,11.23,-0.01,74,83573,卖盘
1721,10:21:37,11.24,0.01,34,38216,买盘
1722,10:21:33,11.23,--,3,3369,卖盘
1723,10:21:29,11.23,--,433,486696,买盘
1724,10:21:23,11.23,0.01,181,203263,买盘
1725,10:21:19,11.22,-0.01,166,186252,卖盘
1726,10:21:14,11.23,--,65,72995,买盘
1727,10:21:08,11.23,--,15,16845,买盘
1728,10:21:04,11.23,--,154,172942,买盘
1729,10:20:59,11.23,--,186,208878,买盘
1730,10:20:53,11.23,0.01,63,70749,买盘
1731,10:20:44,11.22,-0.01,48,53856,卖盘
1732,10:20:38,11.23,--,62,69626,买盘
1733,10:20:33,11.23,0.01,227,254921,买盘
1734,10:20:28,11.22,-0.01,165,185130,卖盘
1735,10:20:23,11.23,0.01,964,1082572,买盘
1736,10:20:18,11.22,--,75,84150,卖盘
1737,10:20:13,11.22,-0.01,12,13464,中性盘
1738,10:20:08,11.23,--,78,87594,买盘
1739,10:20:03,11.23,--,20,22460,买盘
1740,10:19:58,11.23,0.01,61,68503,买盘
1741,10:19:53,11.22,-0.01,55,62394,卖盘
1742,10:19:48,11.23,--,184,206632,买盘
1743,10:19:43,11.23,0.01,69,77868,买盘
1744,10:19:38,11.22,-0.01,382,428693,卖盘
1745,10:19:33,11.23,0.01,69,78576,买盘
1746,10:19:28,11.22,--,5,5610,买盘
1747,10:19:23,11.22,--,453,508266,买盘
1748,10:19:18,11.22,--,87,97614,买盘
1749,10:19:13,11.22,--,638,715836,买盘
1750,10:19:08,11.22,--,32,35904,买盘
1751,10:19:03,11.22,--,10,11220,买盘
1752,10:18:58,11.22,0.01,6,6732,买盘
1753,10:18:53,11.21,--,583,653543,买盘
1754,10:18:48,11.21,--,6,6726,买盘
1755,10:18:38,11.21,--,108,121068,买盘
1756,10:18:32,11.21,0.01,76,85196,买盘
1757,10:18:23,11.2,--,28,31359,卖盘
1758,10:18:17,11.2,--,10,11200,卖盘
1759,10:18:07,11.2,--,326,365590,买盘
1760,10:18:02,11.2,0.01,22,25076,买盘
1761,10:17:58,11.19,-0.01,5,5595,卖盘
1762,10:17:53,11.2,--,100,112000,买盘
1763,10:17:47,11.2,0.01,237,265440,买盘
1764,10:17:43,11.19,--,15,16785,卖盘
1765,10:17:37,11.19,--,34,38079,卖盘
1766,10:17:32,11.19,--,478,534882,卖盘
1767,10:17:28,11.19,--,3,3357,卖盘
1768,10:17:23,11.19,--,135,151534,买盘
1769,10:17:17,11.19,--,9,10071,买盘
1770,10:17:13,11.19,--,10,11190,买盘
1771,10:17:08,11.19,--,202,226038,买盘
1772,10:17:02,11.19,--,36,40284,买盘
1773,10:16:58,11.19,--,10,11190,买盘
1774,10:16:53,11.19,--,11,12309,买盘
1775,10:16:47,11.19,--,117,130923,买盘
1776,10:16:43,11.19,--,10,11190,买盘
1777,10:16:38,11.19,0.01,139,155541,买盘
1778,10:16:32,11.18,--,6,6708,卖盘
1779,10:16:28,11.18,-0.01,5,5590,卖盘
1780,10:16:22,11.19,0.01,20,22380,买盘
1781,10:16:17,11.18,-0.01,32,35776,卖盘
1782,10:16:08,11.19,--,27,30213,买盘
1783,10:16:02,11.19,0.01,145,162255,买盘
1784,10:15:58,11.18,-0.01,269,301390,卖盘
1785,10:15:52,11.19,--,144,161136,卖盘
1786,10:15:47,11.19,--,30,33570,卖盘
1787,10:15:43,11.19,--,10,11190,卖盘
1788,10:15:38,11.19,--,180,201889,买盘
1789,10:15:32,11.19,--,101,113019,买盘
1790,10:15:27,11.19,0.01,40,44760,买盘
1791,10:15:23,11.18,-0.01,14,15652,卖盘
1792,10:15:17,11.19,0.01,20,22380,买盘
1793,10:15:08,11.18,--,42,46956,买盘
1794,10:15:01,11.18,--,190,212420,买盘
1795,10:14:57,11.18,--,39,43602,买盘
1796,10:14:53,11.18,--,172,192296,卖盘
1797,10:14:47,11.18,-0.01,90,100620,卖盘
1798,10:14:42,11.19,0.01,11,12309,买盘
1799,10:14:38,11.18,-0.01,315,352170,卖盘
1800,10:14:32,11.19,0.01,46,51474,买盘
1801,10:14:23,11.18,--,370,413660,卖盘
1802,10:14:17,11.18,-0.01,68,76024,卖盘
1803,10:14:12,11.19,--,12,13428,卖盘
1804,10:14:07,11.19,-0.01,20,22380,卖盘
1805,10:14:02,11.2,0.03,14,15679,买盘
1806,10:13:57,11.17,-0.01,1364,1523588,卖盘
1807,10:13:53,11.18,0.01,40,44720,买盘
1808,10:13:47,11.17,-0.01,25,27925,卖盘
1809,10:13:42,11.18,0.01,5,5590,买盘
1810,10:13:38,11.17,--,46,51516,卖盘
1811,10:13:32,11.17,-0.01,70,78525,卖盘
1812,10:13:27,11.18,--,24,26832,买盘
1813,10:13:22,11.18,--,152,170584,卖盘
1814,10:13:17,11.18,-0.01,13,14534,卖盘
1815,10:13:12,11.19,--,0,0,中性盘
1816,10:13:07,11.19,-0.01,364,407316,卖盘
1817,10:13:02,11.2,--,5,5600,买盘
1818,10:12:57,11.2,0.02,3,3360,买盘
1819,10:12:47,11.18,-0.02,32,35776,卖盘
1820,10:12:42,11.2,--,24,26880,卖盘
1821,10:12:37,11.2,0.01,277,310240,买盘
1822,10:12:32,11.19,--,46,51474,买盘
1823,10:12:27,11.19,0.01,45,50355,买盘
1824,10:12:22,11.18,-0.02,146,163228,卖盘
1825,10:12:17,11.2,0.02,34,38080,买盘
1826,10:12:12,11.18,--,22,25065,买盘
1827,10:12:07,11.18,--,3,3354,买盘
1828,10:12:02,11.18,--,29,32422,买盘
1829,10:11:57,11.18,--,93,104622,卖盘
1830,10:11:52,11.18,--,16,17888,卖盘
1831,10:11:47,11.18,-0.02,27,30186,卖盘
1832,10:11:42,11.2,-0.01,48,54432,买盘
1833,10:11:37,11.21,--,0,0,买盘
1834,10:11:32,11.21,-0.01,30,34549,中性盘
1835,10:11:27,11.22,--,52,58344,买盘
1836,10:11:22,11.22,--,10,11220,买盘
1837,10:11:17,11.22,--,593,665379,卖盘
1838,10:11:12,11.22,--,110,123420,卖盘
1839,10:11:07,11.22,--,94,105468,卖盘
1840,10:11:02,11.22,--,82,92565,卖盘
1841,10:10:57,11.22,0.03,570,640067,买盘
1842,10:10:52,11.19,-0.03,7,7833,中性盘
1843,10:10:46,11.22,0.03,1688,1893936,买盘
1844,10:10:42,11.19,--,132,147708,卖盘
1845,10:10:37,11.19,--,105,117495,买盘
1846,10:10:31,11.19,--,62,69378,卖盘
1847,10:10:26,11.19,--,68,76092,卖盘
1848,10:10:17,11.19,--,63,70497,卖盘
1849,10:10:11,11.19,--,37,41403,卖盘
1850,10:10:07,11.19,--,27,30213,买盘
1851,10:10:02,11.19,-0.01,164,183516,卖盘
1852,10:09:56,11.2,--,14,15679,卖盘
1853,10:09:52,11.2,--,35,39200,卖盘
1854,10:09:46,11.2,-0.02,70,78400,买盘
1855,10:09:41,11.22,0.02,918,1029996,买盘
1856,10:09:37,11.2,--,4,4480,买盘
1857,10:09:32,11.2,-0.01,100,112470,中性盘
1858,10:09:26,11.21,0.02,138,154698,买盘
1859,10:09:22,11.19,-0.01,51,57069,卖盘
1860,10:09:17,11.2,-0.01,87,97440,卖盘
1861,10:09:10,11.21,--,154,172634,卖盘
1862,10:09:07,11.21,0.01,93,104376,买盘
1863,10:09:01,11.2,--,52,59236,卖盘
1864,10:08:55,11.2,--,38,42560,卖盘
1865,10:08:52,11.2,--,145,162400,卖盘
1866,10:08:47,11.2,--,34,38080,卖盘
1867,10:08:41,11.2,--,102,114240,卖盘
1868,10:08:37,11.2,--,16,17920,卖盘
1869,10:08:32,11.2,--,68,76160,卖盘
1870,10:08:26,11.2,--,382,427963,买盘
1871,10:08:22,11.2,0.01,1000,1120000,买盘
1872,10:08:17,11.19,0.02,45,50355,买盘
1873,10:08:11,11.17,-0.02,169,188773,卖盘
1874,10:08:07,11.19,0.01,1,1119,卖盘
1875,10:08:02,11.18,-0.01,121,135278,中性盘
1876,10:07:56,11.19,0.04,479,536001,买盘
1877,10:07:52,11.15,-0.02,374,417478,卖盘
1878,10:07:47,11.17,0.01,28,31276,买盘
1879,10:07:41,11.16,--,88,98263,卖盘
1880,10:07:36,11.16,--,60,67997,买盘
1881,10:07:32,11.16,0.01,98,109836,买盘
1882,10:07:25,11.15,--,26,28990,卖盘
1883,10:07:21,11.15,-0.01,3,3345,卖盘
1884,10:07:16,11.16,0.01,43,47988,买盘
1885,10:07:11,11.15,0.01,37,41255,买盘
1886,10:07:06,11.14,-0.01,10,11140,卖盘
1887,10:07:01,11.15,--,128,142720,买盘
1888,10:06:56,11.15,0.02,14,15610,买盘
1889,10:06:51,11.13,-0.02,12,13356,卖盘
1890,10:06:47,11.15,0.01,42,46830,买盘
1891,10:06:41,11.14,-0.01,201,223914,卖盘
1892,10:06:31,11.15,-0.01,30,33450,中性盘
1893,10:06:26,11.16,0.01,149,166284,买盘
1894,10:06:21,11.15,-0.02,41,45715,卖盘
1895,10:06:16,11.17,0.01,53,59201,买盘
1896,10:06:11,11.16,--,237,264492,买盘
1897,10:06:06,11.16,--,72,80352,买盘
1898,10:06:01,11.16,-0.01,34,38033,卖盘
1899,10:05:56,11.17,-0.01,61,68137,买盘
1900,10:05:51,11.18,--,55,61490,买盘
1901,10:05:46,11.18,0.01,105,117390,买盘
1902,10:05:41,11.17,-0.01,14,16285,卖盘
1903,10:05:36,11.18,0.01,32,35776,买盘
1904,10:05:31,11.17,--,37,41798,卖盘
1905,10:05:26,11.17,-0.01,20,22340,卖盘
1906,10:05:21,11.18,--,105,117390,卖盘
1907,10:05:16,11.18,--,13,14534,卖盘
1908,10:05:11,11.18,--,25,27950,卖盘
1909,10:05:06,11.18,--,143,159874,卖盘
1910,10:05:01,11.18,--,123,137514,卖盘
1911,10:04:56,11.18,-0.01,1026,1147068,卖盘
1912,10:04:51,11.19,--,46,51474,买盘
1913,10:04:46,11.19,--,2,2238,买盘
1914,10:04:41,11.19,--,442,495247,卖盘
1915,10:04:36,11.19,-0.01,43,48117,卖盘
1916,10:04:31,11.2,0.01,50,56000,买盘
1917,10:04:26,11.19,-0.01,86,96234,卖盘
1918,10:04:21,11.2,--,67,75040,买盘
1919,10:04:16,11.2,--,218,244159,买盘
1920,10:04:11,11.2,--,24,26880,买盘
1921,10:04:06,11.2,--,626,701120,买盘
1922,10:04:01,11.2,--,40,44800,买盘
1923,10:03:56,11.2,--,32,35840,买盘
1924,10:03:51,11.2,--,35,39849,卖盘
1925,10:03:46,11.2,--,70,78400,卖盘
1926,10:03:41,11.2,--,200,224000,卖盘
1927,10:03:36,11.2,--,45,50400,卖盘
1928,10:03:31,11.2,--,19,21280,卖盘
1929,10:03:26,11.2,--,50,56470,卖盘
1930,10:03:21,11.2,-0.01,23,25760,卖盘
1931,10:03:16,11.21,0.01,39,43719,买盘
1932,10:03:11,11.2,-0.01,18,20160,卖盘
1933,10:03:05,11.21,0.01,498,558258,买盘
1934,10:03:01,11.2,-0.01,67,75040,卖盘
1935,10:02:56,11.21,0.01,46,51566,买盘
1936,10:02:51,11.2,--,98,110230,买盘
1937,10:02:46,11.2,--,23,25760,买盘
1938,10:02:41,11.2,0.01,54,60479,买盘
1939,10:02:36,11.19,--,343,383817,卖盘
1940,10:02:31,11.19,-0.01,125,139875,卖盘
1941,10:02:25,11.2,0.01,5,5600,买盘
1942,10:02:21,11.19,--,61,68259,买盘
1943,10:02:16,11.19,0.01,27,30213,买盘
1944,10:02:11,11.18,-0.01,114,127452,卖盘
1945,10:02:05,11.19,--,68,76092,卖盘
1946,10:02:01,11.19,--,22,24618,卖盘
1947,10:01:56,11.19,-0.01,59,66021,卖盘
1948,10:01:50,11.2,--,230,257599,买盘
1949,10:01:46,11.2,--,1,1120,买盘
1950,10:01:41,11.2,--,47,52640,买盘
1951,10:01:34,11.2,--,42,47040,买盘
1952,10:01:31,11.2,--,228,256009,卖盘
1953,10:01:26,11.2,--,71,79990,卖盘
1954,10:01:20,11.2,-0.01,193,216160,卖盘
1955,10:01:16,11.21,--,123,137883,卖盘
1956,10:01:11,11.21,0.01,79,88559,买盘
1957,10:01:05,11.2,-0.01,29,32479,卖盘
1958,10:01:01,11.21,--,326,365446,卖盘
1959,10:00:56,11.21,-0.01,44,49324,卖盘
1960,10:00:49,11.22,-0.01,67,75174,中性盘
1961,10:00:46,11.23,--,110,123530,买盘
1962,10:00:41,11.23,0.01,274,307702,买盘
1963,10:00:35,11.22,-0.01,238,267709,卖盘
1964,10:00:31,11.23,--,11,12353,买盘
1965,10:00:26,11.23,-0.01,10,11230,中性盘
1966,10:00:20,11.24,0.01,319,358556,买盘
1967,10:00:16,11.23,-0.01,43,48289,卖盘
1968,10:00:11,11.24,0.01,195,219180,买盘
1969,10:00:05,11.23,--,106,119038,卖盘
1970,10:00:01,11.23,--,109,122407,卖盘
1971,09:59:56,11.23,--,289,324547,买盘
1972,09:59:50,11.23,--,28,31444,买盘
1973,09:59:45,11.23,-0.01,5,5615,中性盘
1974,09:59:40,11.24,--,916,1029584,买盘
1975,09:59:35,11.24,--,708,795792,买盘
1976,09:59:30,11.24,--,425,477700,买盘
1977,09:59:25,11.24,--,269,302783,卖盘
1978,09:59:20,11.24,--,223,250674,卖盘
1979,09:59:15,11.24,--,138,155112,卖盘
1980,09:59:11,11.24,--,381,428244,卖盘
1981,09:59:05,11.24,0.01,272,305728,买盘
1982,09:59:00,11.23,-0.01,373,418879,卖盘
1983,09:58:55,11.24,--,96,107904,买盘
1984,09:58:49,11.24,--,137,153988,买盘
1985,09:58:45,11.24,--,938,1054312,卖盘
1986,09:58:40,11.24,0.01,111,124764,买盘
1987,09:58:35,11.23,-0.01,111,124653,卖盘
1988,09:58:30,11.24,--,215,241660,卖盘
1989,09:58:25,11.24,0.01,38,42712,买盘
1990,09:58:20,11.23,--,73,81979,卖盘
1991,09:58:15,11.23,--,109,122407,卖盘
1992,09:58:10,11.23,--,16,17968,卖盘
1993,09:58:04,11.23,--,627,704121,卖盘
1994,09:58:00,11.23,0.01,1288,1446424,买盘
1995,09:57:55,11.22,-0.01,59,66198,卖盘
1996,09:57:50,11.23,0.01,205,230215,中性盘
1997,09:57:45,11.22,--,108,121176,卖盘
1998,09:57:40,11.22,-0.01,406,455532,卖盘
1999,09:57:35,11.23,-0.01,514,577222,卖盘
2000,09:57:30,11.24,0.01,245,275380,买盘
2001,09:57:25,11.23,--,123,138129,买盘
2002,09:57:20,11.23,--,133,149359,买盘
2003,09:57:15,11.23,--,881,989363,卖盘
2004,09:57:10,11.23,--,220,247060,卖盘
2005,09:57:05,11.23,-0.01,233,261659,卖盘
2006,09:57:00,11.24,--,189,212436,买盘
2007,09:56:55,11.24,0.01,954,1072296,买盘
2008,09:56:49,11.23,-0.01,917,1029791,卖盘
2009,09:56:45,11.24,--,168,188832,买盘
2010,09:56:40,11.24,-0.01,180,202320,卖盘
2011,09:56:35,11.25,0.02,126,141750,买盘
2012,09:56:30,11.23,-0.02,754,846742,卖盘
2013,09:56:25,11.25,--,162,182250,买盘
2014,09:56:20,11.25,0.02,140,157500,买盘
2015,09:56:15,11.23,--,41,46043,卖盘
2016,09:56:10,11.23,-0.02,20,22460,卖盘
2017,09:56:05,11.25,0.02,1420,1598478,买盘
2018,09:56:00,11.23,0.01,117,131391,买盘
2019,09:55:55,11.22,--,19,21318,卖盘
2020,09:55:50,11.22,0.01,846,949212,买盘
2021,09:55:45,11.21,0.01,394,441674,买盘
2022,09:55:40,11.2,--,169,189280,卖盘
2023,09:55:35,11.2,--,165,184800,卖盘
2024,09:55:30,11.2,0.01,870,974399,买盘
2025,09:55:25,11.19,0.01,182,203658,买盘
2026,09:55:19,11.18,-0.01,1187,1327066,卖盘
2027,09:55:15,11.19,--,318,355842,买盘
2028,09:55:10,11.19,--,33,36927,买盘
2029,09:55:05,11.19,--,535,598665,买盘
2030,09:55:00,11.19,0.01,143,160017,买盘
2031,09:54:55,11.18,0.01,38,42484,买盘
2032,09:54:50,11.17,--,98,109466,卖盘
2033,09:54:45,11.17,0.01,655,731635,中性盘
2034,09:54:40,11.16,--,87,97092,卖盘
2035,09:54:35,11.16,-0.01,335,373860,卖盘
2036,09:54:30,11.17,--,153,170901,买盘
2037,09:54:25,11.17,0.01,321,358557,买盘
2038,09:54:20,11.16,--,192,214272,卖盘
2039,09:54:14,11.16,--,30,33480,卖盘
2040,09:54:10,11.16,0.01,594,663930,买盘
2041,09:54:05,11.15,--,74,82510,买盘
2042,09:53:58,11.15,--,730,813950,买盘
2043,09:53:55,11.15,0.02,1076,1199740,买盘
2044,09:53:50,11.13,-0.01,164,182532,卖盘
2045,09:53:44,11.14,--,83,92462,买盘
2046,09:53:40,11.14,--,6,6684,买盘
2047,09:53:35,11.14,--,86,95804,买盘
2048,09:53:29,11.14,0.01,67,74638,买盘
2049,09:53:25,11.13,--,3,3339,卖盘
2050,09:53:20,11.13,--,253,281956,买盘
2051,09:53:14,11.13,0.01,843,938259,买盘
2052,09:53:10,11.12,--,167,185704,买盘
2053,09:53:05,11.12,--,120,133440,买盘
2054,09:52:59,11.12,--,94,104527,买盘
2055,09:52:55,11.12,0.01,2,2224,买盘
2056,09:52:49,11.11,0.01,121,134431,买盘
2057,09:52:43,11.1,-0.01,185,205350,卖盘
2058,09:52:39,11.11,0.01,82,91102,买盘
2059,09:52:35,11.1,-0.01,35,38850,卖盘
2060,09:52:29,11.11,0.01,160,177760,买盘
2061,09:52:24,11.1,0.01,87,96570,卖盘
2062,09:52:19,11.09,--,175,194075,卖盘
2063,09:52:14,11.09,--,305,338245,卖盘
2064,09:52:09,11.09,-0.01,307,340651,卖盘
2065,09:52:04,11.1,--,145,160950,买盘
2066,09:51:58,11.1,0.01,25,27750,买盘
2067,09:51:54,11.09,-0.01,51,56559,卖盘
2068,09:51:49,11.1,--,500,555000,买盘
2069,09:51:44,11.1,--,127,140970,买盘
2070,09:51:34,11.1,--,1,1110,买盘
2071,09:51:29,11.1,0.01,1,1110,买盘
2072,09:51:24,11.09,-0.01,109,121801,卖盘
2073,09:51:19,11.1,--,31,34410,卖盘
2074,09:51:14,11.1,0.01,501,556298,买盘
2075,09:51:09,11.09,--,33,36597,卖盘
2076,09:51:04,11.09,--,23,25507,卖盘
2077,09:50:59,11.09,0.01,133,147497,买盘
2078,09:50:54,11.08,-0.01,63,69804,卖盘
2079,09:50:48,11.09,--,63,69867,买盘
2080,09:50:44,11.09,-0.01,33,36597,中性盘
2081,09:50:39,11.1,--,62,68820,买盘
2082,09:50:33,11.1,--,121,134865,买盘
2083,09:50:28,11.1,--,21,23310,买盘
2084,09:50:24,11.1,0.01,74,82695,买盘
2085,09:50:18,11.09,-0.01,101,112009,卖盘
2086,09:50:14,11.1,--,46,51060,买盘
2087,09:50:09,11.1,--,99,109890,买盘
2088,09:50:04,11.1,0.01,9,9990,买盘
2089,09:49:59,11.09,-0.01,20,22180,卖盘
2090,09:49:54,11.1,0.01,90,99900,买盘
2091,09:49:49,11.09,-0.01,403,446927,卖盘
2092,09:49:44,11.1,--,69,76590,买盘
2093,09:49:39,11.1,0.01,46,51060,买盘
2094,09:49:34,11.09,0.01,11,12199,买盘
2095,09:49:29,11.08,--,41,45428,卖盘
2096,09:49:24,11.08,-0.01,50,55400,卖盘
2097,09:49:18,11.09,--,63,69867,买盘
2098,09:49:14,11.09,--,205,227345,买盘
2099,09:49:09,11.09,--,35,38815,买盘
2100,09:49:04,11.09,--,36,39924,买盘
2101,09:48:59,11.09,--,13,14417,买盘
2102,09:48:54,11.09,0.01,124,137516,买盘
2103,09:48:49,11.08,--,13,14404,卖盘
2104,09:48:44,11.08,-0.01,40,44320,卖盘
2105,09:48:39,11.09,--,103,114227,买盘
2106,09:48:33,11.09,0.01,21,23289,买盘
2107,09:48:29,11.08,--,25,27700,卖盘
2108,09:48:24,11.08,--,52,57616,卖盘
2109,09:48:18,11.08,--,3,3324,买盘
2110,09:48:14,11.08,--,82,90856,卖盘
2111,09:48:09,11.08,--,6,6648,卖盘
2112,09:48:03,11.08,--,11,12188,买盘
2113,09:47:58,11.08,--,89,98612,卖盘
2114,09:47:54,11.08,-0.01,33,36564,卖盘
2115,09:47:48,11.09,0.01,16,17744,买盘
2116,09:47:44,11.08,-0.01,207,229356,卖盘
2117,09:47:39,11.09,--,251,278359,买盘
2118,09:47:33,11.09,0.01,44,48796,买盘
2119,09:47:29,11.08,-0.01,190,210520,卖盘
2120,09:47:18,11.09,0.01,34,37706,买盘
2121,09:47:14,11.08,-0.02,210,232680,卖盘
2122,09:47:08,11.1,0.01,139,154290,买盘
2123,09:47:03,11.09,--,54,59886,卖盘
2124,09:46:58,11.09,-0.01,37,41033,卖盘
2125,09:46:54,11.1,--,155,172050,买盘
2126,09:46:48,11.1,--,158,175380,卖盘
2127,09:46:44,11.1,--,473,525030,卖盘
2128,09:46:38,11.1,-0.01,233,258630,卖盘
2129,09:46:33,11.11,0.01,119,132209,买盘
2130,09:46:29,11.1,--,105,116550,卖盘
2131,09:46:23,11.1,0.01,215,238650,买盘
2132,09:46:18,11.09,-0.01,291,322719,卖盘
2133,09:46:14,11.1,--,23,25530,买盘
2134,09:46:07,11.1,--,32,35520,买盘
2135,09:46:03,11.1,-0.01,48,53280,买盘
2136,09:45:58,11.11,0.01,192,213312,买盘
2137,09:45:53,11.1,--,96,106560,卖盘
2138,09:45:48,11.1,-0.01,19,21090,卖盘
2139,09:45:43,11.11,0.02,81,89991,买盘
2140,09:45:37,11.09,--,178,197402,卖盘
2141,09:45:33,11.09,0.01,51,56559,中性盘
2142,09:45:27,11.08,-0.01,135,149580,卖盘
2143,09:45:23,11.09,0.01,38,42142,买盘
2144,09:45:18,11.08,-0.01,105,116340,卖盘
2145,09:45:12,11.09,--,129,143061,买盘
2146,09:45:07,11.09,--,156,173004,买盘
2147,09:45:03,11.09,--,301,333809,买盘
2148,09:44:57,11.09,--,10,11090,买盘
2149,09:44:53,11.09,-0.01,326,361534,卖盘
2150,09:44:48,11.1,--,202,224220,买盘
2151,09:44:42,11.1,--,260,288600,买盘
2152,09:44:37,11.1,--,649,720390,卖盘
2153,09:44:33,11.1,-0.01,658,730380,卖盘
2154,09:44:27,11.11,--,62,68882,买盘
2155,09:44:23,11.11,--,427,474397,买盘
2156,09:44:18,11.11,--,441,489951,卖盘
2157,09:44:12,11.11,--,46,51106,卖盘
2158,09:44:08,11.11,-0.02,235,261085,卖盘
2159,09:44:03,11.13,0.02,176,195888,买盘
2160,09:43:57,11.11,-0.01,496,551056,卖盘
2161,09:43:53,11.12,0.01,326,362512,买盘
2162,09:43:48,11.11,--,162,179982,买盘
2163,09:43:42,11.11,--,40,44440,买盘
2164,09:43:38,11.11,--,75,83325,买盘
2165,09:43:33,11.11,-0.01,354,393294,卖盘
2166,09:43:27,11.12,0.02,125,139000,买盘
2167,09:43:23,11.1,--,617,684870,买盘
2168,09:43:18,11.1,0.01,321,356310,中性盘
2169,09:43:12,11.09,--,540,599847,卖盘
2170,09:43:08,11.09,--,92,102028,卖盘
2171,09:43:03,11.09,--,384,425856,买盘
2172,09:42:57,11.09,0.02,310,343790,买盘
2173,09:42:52,11.07,--,581,643167,卖盘
2174,09:42:48,11.07,--,174,192618,卖盘
2175,09:42:42,11.07,0.01,621,687447,买盘
2176,09:42:38,11.06,--,229,253274,卖盘
2177,09:42:33,11.06,0.01,90,99540,买盘
2178,09:42:27,11.05,0.01,80,88400,买盘
2179,09:42:22,11.04,0.01,150,165600,买盘
2180,09:42:18,11.03,-0.01,572,630916,卖盘
2181,09:42:12,11.04,--,7,7727,买盘
2182,09:42:07,11.04,0.01,161,177744,买盘
2183,09:42:03,11.03,0.02,251,276853,买盘
2184,09:41:57,11.01,--,33,36333,买盘
2185,09:41:53,11.01,0.01,116,127716,买盘
2186,09:41:48,11.0,-0.02,118,129800,卖盘
2187,09:41:42,11.02,0.02,54,59508,买盘
2188,09:41:33,11.0,--,32,35200,卖盘
2189,09:41:27,11.0,0.01,60,66000,中性盘
2190,09:41:23,10.99,--,796,874804,卖盘
2191,09:41:18,10.99,--,89,97811,卖盘
2192,09:41:12,10.99,--,31,34069,卖盘
2193,09:41:08,10.99,--,279,306752,买盘
2194,09:41:03,10.99,--,274,301126,买盘
2195,09:40:57,10.99,0.01,2,2198,买盘
2196,09:40:53,10.98,-0.01,413,453474,卖盘
2197,09:40:48,10.99,0.01,101,110999,买盘
2198,09:40:42,10.98,--,153,167994,买盘
2199,09:40:38,10.98,--,95,104310,买盘
2200,09:40:33,10.98,0.01,4,4392,买盘
2201,09:40:27,10.97,--,5,5485,卖盘
2202,09:40:23,10.97,--,639,700983,买盘
2203,09:40:18,10.97,0.01,16,17552,买盘
2204,09:40:12,10.96,--,5,5480,卖盘
2205,09:40:08,10.96,-0.01,320,350720,卖盘
2206,09:40:03,10.97,0.01,10,10970,买盘
2207,09:39:57,10.96,--,6,6576,卖盘
2208,09:39:53,10.96,--,23,25208,买盘
2209,09:39:48,10.96,0.01,23,25208,买盘
2210,09:39:42,10.95,--,33,36135,卖盘
2211,09:39:37,10.95,-0.01,598,654810,卖盘
2212,09:39:33,10.96,0.01,11,12056,买盘
2213,09:39:27,10.95,--,41,44895,卖盘
2214,09:39:22,10.95,0.01,53,58034,买盘
2215,09:39:17,10.94,-0.02,196,214424,卖盘
2216,09:39:12,10.96,0.01,31,33976,买盘
2217,09:39:07,10.95,--,11,12045,买盘
2218,09:39:01,10.95,--,11,12045,卖盘
2219,09:38:51,10.95,--,10,10950,卖盘
2220,09:38:47,10.95,0.02,3,3285,买盘
2221,09:38:42,10.93,--,323,353039,卖盘
2222,09:38:36,10.93,-0.01,5,5465,卖盘
2223,09:38:32,10.94,--,64,70016,买盘
2224,09:38:27,10.94,--,57,62358,买盘
2225,09:38:17,10.94,--,41,44854,买盘
2226,09:38:06,10.94,--,27,29538,买盘
2227,09:38:02,10.94,-0.01,66,72204,卖盘
2228,09:37:57,10.95,0.02,122,133590,买盘
2229,09:37:51,10.93,-0.02,25,27325,卖盘
2230,09:37:47,10.95,0.01,202,221190,买盘
2231,09:37:42,10.94,--,20,21880,买盘
2232,09:37:31,10.94,--,59,64546,买盘
2233,09:37:21,10.94,--,10,10940,买盘
2234,09:37:16,10.94,--,335,366490,卖盘
2235,09:37:12,10.94,-0.01,34,37196,卖盘
2236,09:37:06,10.95,--,4,4380,买盘
2237,09:37:02,10.95,--,21,22995,买盘
2238,09:36:57,10.95,-0.01,62,67890,买盘
2239,09:36:51,10.96,--,36,39456,中性盘
2240,09:36:47,10.96,--,617,676232,买盘
2241,09:36:42,10.96,0.01,8,8768,买盘
2242,09:36:31,10.95,--,6,6570,卖盘
2243,09:36:27,10.95,--,56,61319,买盘
2244,09:36:21,10.95,-0.01,93,101835,卖盘
2245,09:36:17,10.96,0.01,63,69048,买盘
2246,09:36:12,10.95,--,8,8760,买盘
2247,09:36:06,10.95,-0.01,3,3285,中性盘
2248,09:36:02,10.96,0.01,22,24112,中性盘
2249,09:35:57,10.95,-0.02,24,26280,中性盘
2250,09:35:51,10.97,0.02,109,119573,买盘
2251,09:35:47,10.95,-0.02,70,76650,卖盘
2252,09:35:42,10.97,0.03,500,548500,买盘
2253,09:35:36,10.94,-0.01,5,5470,卖盘
2254,09:35:32,10.95,0.01,33,36135,买盘
2255,09:35:21,10.94,--,49,53606,卖盘
2256,09:35:16,10.94,0.01,5,5470,买盘
2257,09:35:01,10.93,--,12,13116,卖盘
2258,09:34:57,10.93,--,61,66924,买盘
2259,09:34:51,10.93,0.01,27,29511,买盘
2260,09:34:42,10.92,--,10,10920,买盘
2261,09:34:36,10.92,0.01,17,18564,中性盘
2262,09:34:32,10.91,-0.02,101,110191,卖盘
2263,09:34:27,10.93,--,205,224065,买盘
2264,09:34:21,10.93,--,10,10930,买盘
2265,09:34:17,10.93,--,59,64487,买盘
2266,09:34:12,10.93,--,633,691869,买盘
2267,09:34:06,10.93,--,78,85254,买盘
2268,09:34:02,10.93,--,1,1093,买盘
2269,09:33:57,10.93,0.02,26,28418,买盘
2270,09:33:51,10.91,-0.01,96,104736,卖盘
2271,09:33:47,10.92,--,24,26208,卖盘
2272,09:33:42,10.92,--,66,72072,买盘
2273,09:33:36,10.92,--,27,29484,买盘
2274,09:33:32,10.92,0.01,16,17472,买盘
2275,09:33:27,10.91,-0.01,22,24002,卖盘
2276,09:33:21,10.92,--,62,67704,买盘
2277,09:33:12,10.92,--,95,103740,买盘
2278,09:33:06,10.92,--,15,16380,买盘
2279,09:33:02,10.92,0.01,2,2184,买盘
2280,09:32:57,10.91,-0.01,2,2182,卖盘
2281,09:32:51,10.92,--,5,5460,买盘
2282,09:32:41,10.92,--,17,18564,买盘
2283,09:32:31,10.92,-0.01,17,18564,卖盘
2284,09:32:26,10.93,--,20,21860,买盘
2285,09:32:21,10.93,0.01,19,20767,买盘
2286,09:32:15,10.92,-0.01,50,54600,卖盘
2287,09:32:11,10.93,--,14,15302,买盘
2288,09:32:06,10.93,--,3,3279,买盘
2289,09:32:00,10.93,0.01,12,13116,买盘
2290,09:31:56,10.92,-0.01,8,8736,卖盘
2291,09:31:51,10.93,--,23,25139,买盘
2292,09:31:45,10.93,0.02,60,65580,买盘
2293,09:31:41,10.91,-0.02,17,18547,卖盘
2294,09:31:36,10.93,--,1,1093,买盘
2295,09:31:30,10.93,--,10,10930,买盘
2296,09:31:26,10.93,--,33,36069,买盘
2297,09:31:21,10.93,--,0,0,买盘
2298,09:31:06,10.93,0.03,11,12023,买盘
2299,09:31:00,10.9,-0.03,7,7630,卖盘
2300,09:30:56,10.93,-0.01,29,31697,买盘
2301,09:30:51,10.94,--,0,0,买盘
2302,09:30:36,10.94,0.06,1,1094,买盘
2303,09:30:30,10.88,--,0,0,卖盘
2304,09:30:26,10.88,-0.02,25,27200,卖盘
2305,09:30:15,10.9,--,2,2180,买盘
2306,09:30:10,10.9,0.01,7,7630,买盘
2307,09:30:06,10.89,0.01,172,187308,中性盘
2308,09:28:47,10.88,--,0,0,卖盘
2309,09:25:03,10.88,10.88,96,104535,买盘
