,time,price,change,volume,amount,type
0,15:00:00,29.7,--,0,0,卖盘
1,14:59:59,29.7,--,0,0,卖盘
2,14:59:56,29.7,--,14,41609,买盘
3,14:59:50,29.7,--,92,273240,买盘
4,14:59:46,29.7,--,2,5940,买盘
5,14:59:41,29.7,--,3,8910,买盘
6,14:59:35,29.7,--,22,65340,买盘
7,14:59:31,29.7,--,1,2970,买盘
8,14:59:26,29.7,0.01,21,62370,买盘
9,14:59:20,29.69,-0.01,27,80163,卖盘
10,14:59:11,29.7,--,16,47520,买盘
11,14:59:05,29.7,0.01,10,29700,买盘
12,14:58:55,29.69,--,6,18110,买盘
13,14:58:50,29.69,--,11,32659,买盘
14,14:58:45,29.69,0.01,1,2969,买盘
15,14:58:40,29.68,--,20,59360,卖盘
16,14:58:35,29.68,-0.01,50,148400,卖盘
17,14:58:30,29.69,0.01,17,50473,买盘
18,14:58:15,29.68,--,9,26712,卖盘
19,14:58:10,29.68,-0.01,1,2968,卖盘
20,14:58:05,29.69,--,23,68287,买盘
21,14:58:00,29.69,0.01,418,1241042,买盘
22,14:57:50,29.68,-0.01,12,35616,卖盘
23,14:57:45,29.69,0.01,12,35628,买盘
24,14:57:39,29.68,-0.01,5,14840,卖盘
25,14:57:35,29.69,0.01,10,29690,买盘
26,14:57:30,29.68,--,5,14840,卖盘
27,14:57:20,29.68,--,4,11872,卖盘
28,14:57:15,29.68,--,6,17808,卖盘
29,14:57:10,29.68,-0.01,4,11872,卖盘
30,14:57:05,29.69,--,129,383001,卖盘
31,14:56:55,29.69,-0.01,3,8907,卖盘
32,14:56:45,29.7,0.02,8,23760,买盘
33,14:56:40,29.68,--,193,572824,买盘
34,14:56:35,29.68,--,21,62328,买盘
35,14:56:30,29.68,-0.01,95,281960,卖盘
36,14:56:25,29.69,--,8,23752,买盘
37,14:56:20,29.69,--,17,50473,买盘
38,14:56:15,29.69,-0.01,122,362218,卖盘
39,14:56:05,29.7,0.01,3,8910,买盘
40,14:56:00,29.69,-0.01,100,296900,卖盘
41,14:55:50,29.7,0.01,56,166320,买盘
42,14:55:35,29.69,-0.01,4,11876,卖盘
43,14:55:30,29.7,0.01,100,297000,买盘
44,14:55:20,29.69,-0.01,3,8907,卖盘
45,14:55:15,29.7,--,2,5940,买盘
46,14:55:09,29.7,0.01,12,35640,买盘
47,14:55:00,29.69,-0.01,15,44535,卖盘
48,14:54:54,29.7,0.01,1,2970,买盘
49,14:54:50,29.69,--,10,29690,卖盘
50,14:54:45,29.69,-0.01,3,8907,卖盘
51,14:54:30,29.7,--,4,11880,买盘
52,14:54:20,29.7,-0.01,40,121740,卖盘
53,14:54:15,29.71,0.01,51,151521,中性盘
54,14:54:05,29.7,--,40,118800,卖盘
55,14:54:00,29.7,-0.01,23,68310,卖盘
56,14:53:50,29.71,--,4,11884,买盘
57,14:53:45,29.71,0.01,6,17826,中性盘
58,14:53:39,29.7,-0.02,28,83160,卖盘
59,14:53:35,29.72,0.01,1,2972,买盘
60,14:53:30,29.71,0.01,25,74304,买盘
61,14:53:20,29.7,-0.01,17,50490,卖盘
62,14:53:15,29.71,--,2,5942,卖盘
63,14:53:09,29.71,--,4,11884,卖盘
64,14:53:05,29.71,0.01,5,14855,买盘
65,14:52:50,29.7,--,8,23760,买盘
66,14:52:45,29.7,--,15,44550,买盘
67,14:52:20,29.7,-0.01,4,11880,卖盘
68,14:52:15,29.71,--,30,89130,买盘
69,14:52:05,29.71,--,16,47536,买盘
70,14:52:00,29.71,--,29,86159,买盘
71,14:51:50,29.71,0.01,34,101014,买盘
72,14:51:44,29.7,--,23,68310,卖盘
73,14:51:39,29.7,--,1,2970,卖盘
74,14:51:35,29.7,--,10,29700,卖盘
75,14:51:24,29.7,--,21,62370,卖盘
76,14:51:09,29.7,--,10,29700,卖盘
77,14:51:05,29.7,-0.01,1,2970,卖盘
78,14:51:00,29.71,--,4,11884,买盘
79,14:50:54,29.71,--,22,65362,买盘
80,14:50:44,29.71,--,39,115869,中性盘
81,14:50:39,29.71,--,10,29710,卖盘
82,14:50:33,29.71,--,10,29710,卖盘
83,14:50:24,29.71,-0.01,12,35652,卖盘
84,14:50:18,29.72,0.01,20,59440,买盘
85,14:50:14,29.71,--,20,59420,卖盘
86,14:50:09,29.71,-0.02,39,115869,卖盘
87,14:49:59,29.73,--,0,0,买盘
88,14:49:54,29.73,0.01,213,633249,买盘
89,14:49:48,29.72,0.01,3,8916,买盘
90,14:49:39,29.71,0.01,5,14855,卖盘
91,14:49:29,29.7,--,0,0,卖盘
92,14:49:24,29.7,--,14,41580,卖盘
93,14:49:18,29.7,--,0,0,卖盘
94,14:49:14,29.7,-0.01,20,59400,卖盘
95,14:49:09,29.71,--,14,41594,卖盘
96,14:49:03,29.71,--,1,2971,买盘
97,14:48:59,29.71,0.01,16,47536,买盘
98,14:48:44,29.7,--,62,184140,卖盘
99,14:48:39,29.7,--,3,8910,卖盘
100,14:48:33,29.7,0.01,18,53460,买盘
101,14:48:24,29.69,-0.01,40,118760,卖盘
102,14:48:18,29.7,0.01,12,35640,买盘
103,14:48:14,29.69,--,2,5938,卖盘
104,14:48:03,29.69,-0.03,12,35628,卖盘
105,14:47:59,29.72,0.03,100,297200,买盘
106,14:47:54,29.69,-0.01,3,8907,卖盘
107,14:47:44,29.7,--,4,11880,卖盘
108,14:47:39,29.7,-0.02,53,157410,卖盘
109,14:47:18,29.72,0.02,48,142656,买盘
110,14:47:14,29.7,-0.01,23,68310,卖盘
111,14:47:09,29.71,0.01,4,11884,中性盘
112,14:46:59,29.7,--,78,231660,卖盘
113,14:46:54,29.7,--,9,26730,卖盘
114,14:46:48,29.7,-0.01,12,35640,卖盘
115,14:46:44,29.71,--,23,68333,买盘
116,14:46:29,29.71,0.01,7,20797,买盘
117,14:46:24,29.7,-0.01,15,44550,卖盘
118,14:46:14,29.71,--,28,83188,中性盘
119,14:46:09,29.71,--,4,11884,卖盘
120,14:46:03,29.71,0.01,9,26739,买盘
121,14:45:59,29.7,-0.01,35,103950,卖盘
122,14:45:48,29.71,-0.01,11,35533,卖盘
123,14:45:44,29.72,0.01,5,14860,买盘
124,14:45:33,29.71,--,1,2971,卖盘
125,14:45:29,29.71,0.01,78,231856,买盘
126,14:45:14,29.7,--,2,5940,买盘
127,14:45:09,29.7,-0.01,38,115711,卖盘
128,14:45:03,29.71,--,2,5942,买盘
129,14:44:58,29.71,--,14,41594,买盘
130,14:44:53,29.71,0.01,13,38623,买盘
131,14:44:43,29.7,-0.01,24,71280,卖盘
132,14:44:38,29.71,--,5,14855,买盘
133,14:44:27,29.71,0.01,53,157463,买盘
134,14:44:18,29.7,-0.01,4,11880,卖盘
135,14:44:12,29.71,0.01,2,5942,买盘
136,14:44:08,29.7,-0.01,11,32670,卖盘
137,14:44:03,29.71,--,37,109927,买盘
138,14:43:48,29.71,0.01,6,17826,买盘
139,14:43:38,29.7,--,25,74368,买盘
140,14:43:33,29.7,0.01,10,29700,买盘
141,14:43:27,29.69,--,11,35509,卖盘
142,14:43:18,29.69,--,1,3087,买盘
143,14:43:03,29.69,--,10,29690,买盘
144,14:42:57,29.69,--,20,59380,买盘
145,14:42:48,29.69,--,3,8907,买盘
146,14:42:38,29.69,--,5,14845,买盘
147,14:42:33,29.69,--,0,0,买盘
148,14:42:18,29.69,--,5,14845,买盘
149,14:42:12,29.69,--,0,0,买盘
150,14:42:08,29.69,0.02,40,121610,买盘
151,14:41:57,29.67,--,21,62425,卖盘
152,14:41:53,29.67,-0.02,2,5934,卖盘
153,14:41:48,29.69,0.01,40,118760,买盘
154,14:41:42,29.68,-0.01,29,86072,卖盘
155,14:41:38,29.69,0.01,8,23752,买盘
156,14:41:33,29.68,-0.01,1,2968,卖盘
157,14:41:18,29.69,0.01,1,2969,买盘
158,14:41:12,29.68,--,0,0,中性盘
159,14:41:08,29.68,--,1,2968,买盘
160,14:41:03,29.68,--,1,2968,买盘
161,14:40:57,29.68,-0.02,114,338589,卖盘
162,14:40:53,29.7,--,6,17820,卖盘
163,14:40:42,29.7,0.01,2,5940,卖盘
164,14:40:38,29.69,0.01,3,8907,中性盘
165,14:40:33,29.68,--,8,26474,买盘
166,14:40:27,29.68,-0.02,21,62328,卖盘
167,14:40:23,29.7,--,8,23760,买盘
168,14:40:18,29.7,--,100,297000,买盘
169,14:40:08,29.7,0.01,1,2970,买盘
170,14:39:57,29.69,--,12,35628,卖盘
171,14:39:48,29.69,-0.01,1,2969,卖盘
172,14:39:42,29.7,--,4,11880,买盘
173,14:39:23,29.7,--,5,14850,买盘
174,14:39:18,29.7,--,58,172260,买盘
175,14:39:12,29.7,--,4,11880,买盘
176,14:39:08,29.7,0.02,1,2970,买盘
177,14:38:57,29.68,-0.02,13,38584,卖盘
178,14:38:53,29.7,0.02,160,475200,买盘
179,14:38:48,29.68,-0.02,13,38584,卖盘
180,14:38:37,29.7,0.02,3,8910,买盘
181,14:38:27,29.68,-0.02,12,35616,卖盘
182,14:38:17,29.7,0.02,30,89100,买盘
183,14:38:12,29.68,-0.01,2,5936,卖盘
184,14:38:02,29.69,--,4,11876,买盘
185,14:37:57,29.69,--,6,17814,卖盘
186,14:37:48,29.69,--,3,8907,卖盘
187,14:37:42,29.69,--,27,80163,买盘
188,14:37:32,29.69,0.03,4,11876,买盘
189,14:37:02,29.66,-0.02,79,234314,卖盘
190,14:36:57,29.68,-0.01,1,2968,卖盘
191,14:36:42,29.69,--,3,8907,买盘
192,14:36:32,29.69,--,15,44535,买盘
193,14:36:17,29.69,-0.01,14,41566,卖盘
194,14:36:12,29.7,0.01,29,86130,买盘
195,14:36:02,29.69,--,1,2969,中性盘
196,14:35:57,29.69,0.01,28,83132,买盘
197,14:35:47,29.68,-0.01,3,8904,卖盘
198,14:35:36,29.69,0.01,3,8907,买盘
199,14:35:32,29.68,--,5,14840,卖盘
200,14:35:17,29.68,-0.01,5,14840,卖盘
201,14:35:12,29.69,--,0,0,买盘
202,14:34:57,29.69,0.01,6,17814,买盘
203,14:34:51,29.68,0.02,1,2968,买盘
204,14:34:42,29.66,--,1,2966,卖盘
205,14:34:36,29.66,--,0,0,卖盘
206,14:34:27,29.66,-0.02,74,219484,卖盘
207,14:34:17,29.68,--,49,145432,买盘
208,14:34:06,29.68,0.02,20,59360,买盘
209,14:33:57,29.66,-0.02,2,5932,卖盘
210,14:33:41,29.68,--,10,29680,买盘
211,14:33:26,29.68,--,1,2968,买盘
212,14:33:17,29.68,--,17,50456,买盘
213,14:33:11,29.68,0.02,9,26712,买盘
214,14:33:06,29.66,-0.02,12,35592,卖盘
215,14:32:56,29.68,--,3,8904,买盘
216,14:32:47,29.68,-0.01,11,32648,卖盘
217,14:32:41,29.69,--,0,0,买盘
218,14:32:26,29.69,--,1,2969,买盘
219,14:32:21,29.69,0.03,5,14845,买盘
220,14:32:15,29.66,-0.03,2,5932,卖盘
221,14:32:11,29.69,0.03,17,50473,买盘
222,14:32:06,29.66,0.01,22,65489,买盘
223,14:32:01,29.65,-0.01,47,139355,卖盘
224,14:31:56,29.66,-0.01,13,41286,卖盘
225,14:31:45,29.67,0.01,1,2967,卖盘
226,14:31:36,29.66,--,0,0,卖盘
227,14:31:21,29.66,-0.02,0,237,卖盘
228,14:31:15,29.68,--,0,0,买盘
229,14:31:11,29.68,0.03,9,26712,买盘
230,14:31:06,29.65,-0.03,13,38545,卖盘
231,14:31:00,29.68,--,3,8904,买盘
232,14:30:56,29.68,0.01,13,38584,买盘
233,14:30:51,29.67,-0.01,3,8901,卖盘
234,14:30:45,29.68,0.01,28,83104,买盘
235,14:30:36,29.67,--,5,14835,卖盘
236,14:30:21,29.67,0.02,5,14835,买盘
237,14:30:11,29.65,-0.03,3,8895,卖盘
238,14:30:06,29.68,--,0,0,买盘
239,14:30:00,29.68,0.07,1,2968,买盘
240,14:29:51,29.61,--,0,0,卖盘
241,14:29:41,29.61,0.01,15,44415,卖盘
242,14:29:36,29.6,--,0,0,卖盘
243,14:29:30,29.6,--,0,0,卖盘
244,14:29:15,29.6,-0.1,584,1728640,卖盘
245,14:29:11,29.7,0.02,2,5940,买盘
246,14:29:06,29.68,-0.02,5,14840,卖盘
247,14:29:00,29.7,0.01,81,240570,买盘
248,14:28:56,29.69,-0.01,14,41566,卖盘
249,14:28:51,29.7,0.01,6,17820,买盘
250,14:28:45,29.69,-0.01,1,2969,卖盘
251,14:28:36,29.7,0.01,11,32670,买盘
252,14:28:21,29.69,-0.01,14,41566,卖盘
253,14:28:15,29.7,0.01,3,8910,买盘
254,14:28:06,29.69,-0.01,3,8907,买盘
255,14:27:56,29.7,--,6,17820,买盘
256,14:27:51,29.7,--,1,2970,买盘
257,14:27:45,29.7,0.01,46,136620,买盘
258,14:27:41,29.69,0.01,5,14845,卖盘
259,14:27:36,29.68,--,0,0,卖盘
260,14:27:30,29.68,-0.01,2,5936,卖盘
261,14:27:26,29.69,-0.01,54,160326,中性盘
262,14:27:21,29.7,0.01,17,50490,买盘
263,14:27:11,29.69,--,1,2969,买盘
264,14:27:06,29.69,0.01,15,44535,买盘
265,14:26:56,29.68,-0.01,1,2968,卖盘
266,14:26:41,29.69,--,4,11876,买盘
267,14:26:36,29.69,0.01,47,139543,买盘
268,14:26:20,29.68,0.01,3,8904,买盘
269,14:26:15,29.67,--,18,53406,买盘
270,14:26:11,29.67,--,0,0,买盘
271,14:26:05,29.67,0.02,13,38571,买盘
272,14:25:54,29.65,--,10,29650,卖盘
273,14:25:50,29.65,-0.01,11,32615,卖盘
274,14:25:45,29.66,0.01,3,8898,买盘
275,14:25:35,29.65,--,9,27159,买盘
276,14:25:30,29.65,--,2,5930,买盘
277,14:25:09,29.65,0.01,171,507015,买盘
278,14:25:05,29.64,--,3,9929,卖盘
279,14:24:45,29.64,--,2,5928,卖盘
280,14:24:39,29.64,0.01,14,43422,买盘
281,14:23:50,29.63,-0.01,2,5926,卖盘
282,14:23:45,29.64,0.01,1,2964,买盘
283,14:23:39,29.63,-0.01,12,35556,卖盘
284,14:23:35,29.64,--,0,0,买盘
285,14:23:30,29.64,0.01,10,29640,买盘
286,14:23:15,29.63,-0.01,11,33630,卖盘
287,14:22:50,29.64,0.01,10,29640,买盘
288,14:22:35,29.63,-0.01,1,2963,卖盘
289,14:22:30,29.64,--,4,11856,买盘
290,14:22:15,29.64,--,1,2964,买盘
291,14:22:05,29.64,--,5,14820,买盘
292,14:22:00,29.64,0.01,4,11856,买盘
293,14:21:50,29.63,--,2,5926,卖盘
294,14:21:45,29.63,--,5,14815,卖盘
295,14:21:39,29.63,--,17,52296,买盘
296,14:21:35,29.63,0.01,39,115557,买盘
297,14:21:24,29.62,-0.01,11,32582,卖盘
298,14:21:19,29.63,0.01,5,14815,买盘
299,14:21:15,29.62,-0.01,4,11848,卖盘
300,14:20:24,29.63,--,0,1037,卖盘
301,14:20:05,29.63,--,4,13777,买盘
302,14:19:54,29.63,0.01,1,2963,买盘
303,14:19:49,29.62,-0.01,3,8886,卖盘
304,14:19:44,29.63,--,7,20741,买盘
305,14:19:18,29.63,0.01,3,8889,买盘
306,14:19:03,29.62,-0.01,5,14810,卖盘
307,14:18:54,29.63,--,30,88890,买盘
308,14:18:44,29.63,--,0,0,买盘
309,14:18:39,29.63,0.02,21,62223,买盘
310,14:18:29,29.61,-0.02,50,148050,卖盘
311,14:18:24,29.63,--,4,11852,买盘
312,14:18:14,29.63,0.01,10,29630,买盘
313,14:18:09,29.62,-0.01,1,2962,卖盘
314,14:17:48,29.63,--,3,8889,买盘
315,14:17:39,29.63,0.01,1,2963,买盘
316,14:17:33,29.62,--,12,35544,卖盘
317,14:17:09,29.62,--,3,8886,卖盘
318,14:17:03,29.62,-0.01,3,8886,卖盘
319,14:16:59,29.63,--,1,2963,买盘
320,14:16:54,29.63,0.01,10,29630,买盘
321,14:16:48,29.62,0.01,5,14810,卖盘
322,14:16:44,29.61,--,0,0,卖盘
323,14:16:33,29.61,-0.01,16,48856,卖盘
324,14:16:29,29.62,--,5,14810,卖盘
325,14:16:24,29.62,--,33,97746,买盘
326,14:16:14,29.62,0.01,1,2962,买盘
327,14:16:09,29.61,-0.01,29,85869,卖盘
328,14:15:54,29.62,0.01,50,148100,买盘
329,14:15:39,29.61,-0.01,5,14805,卖盘
330,14:15:33,29.62,--,6,17772,买盘
331,14:15:29,29.62,--,11,32582,卖盘
332,14:14:54,29.62,--,2,5924,买盘
333,14:14:39,29.62,--,32,94784,卖盘
334,14:14:18,29.62,-0.01,5,14810,卖盘
335,14:14:14,29.63,0.01,12,35556,买盘
336,14:14:09,29.62,0.01,17,50354,卖盘
337,14:13:59,29.61,-0.01,198,586278,卖盘
338,14:13:54,29.62,-0.01,4,11848,卖盘
339,14:13:39,29.63,0.01,1,2963,买盘
340,14:13:28,29.62,-0.01,9,26658,卖盘
341,14:13:24,29.63,--,50,148150,买盘
342,14:13:18,29.63,--,2,5926,买盘
343,14:13:08,29.63,--,11,32593,买盘
344,14:12:53,29.63,0.01,4,11852,买盘
345,14:12:42,29.62,--,15,44430,买盘
346,14:12:38,29.62,--,17,50354,卖盘
347,14:12:23,29.62,--,23,68126,卖盘
348,14:12:08,29.62,--,5,14810,卖盘
349,14:11:57,29.62,--,3,8886,卖盘
350,14:11:53,29.62,--,4,11848,卖盘
351,14:11:48,29.62,-0.01,7,20734,卖盘
352,14:11:38,29.63,--,20,59260,卖盘
353,14:11:33,29.63,--,2,5926,卖盘
354,14:11:12,29.63,--,2,5926,买盘
355,14:11:08,29.63,-0.01,18,53334,买盘
356,14:11:03,29.64,--,0,0,买盘
357,14:10:57,29.64,0.02,5,14820,买盘
358,14:10:42,29.62,--,1,2962,卖盘
359,14:10:18,29.62,--,1,2962,买盘
360,14:10:08,29.62,0.01,8,23696,买盘
361,14:10:03,29.61,--,23,68103,卖盘
362,14:09:42,29.61,-0.01,2,5922,卖盘
363,14:09:38,29.62,-0.02,1,2962,买盘
364,14:09:33,29.64,--,0,0,买盘
365,14:09:23,29.64,0.02,3,8892,买盘
366,14:09:18,29.62,--,3,8886,买盘
367,14:09:08,29.62,--,17,50354,卖盘
368,14:08:57,29.62,-0.02,1,2962,卖盘
369,14:08:38,29.64,0.01,34,100776,买盘
370,14:08:27,29.63,--,5,14815,卖盘
371,14:08:23,29.63,0.01,17,50371,买盘
372,14:08:03,29.62,--,5,14810,卖盘
373,14:07:53,29.62,0.01,3,8886,中性盘
374,14:07:42,29.61,-0.01,65,192465,卖盘
375,14:07:33,29.62,-0.01,8,23696,卖盘
376,14:07:27,29.63,0.01,2,5926,卖盘
377,14:07:23,29.62,--,4,11848,卖盘
378,14:07:18,29.62,--,11,32582,卖盘
379,14:07:12,29.62,--,0,0,卖盘
380,14:07:08,29.62,-0.01,17,50354,卖盘
381,14:07:03,29.63,0.01,84,248892,买盘
382,14:06:53,29.62,--,12,35544,卖盘
383,14:06:37,29.62,--,0,0,卖盘
384,14:06:32,29.62,-0.02,157,465034,卖盘
385,14:06:27,29.64,0.01,28,82992,买盘
386,14:06:21,29.63,--,1,2963,卖盘
387,14:06:17,29.63,--,32,97334,卖盘
388,14:06:03,29.63,--,22,65186,卖盘
389,14:05:47,29.63,-0.02,9,26667,卖盘
390,14:05:32,29.65,--,40,120052,卖盘
391,14:05:26,29.65,--,16,47440,卖盘
392,14:05:21,29.65,-0.01,5,14825,卖盘
393,14:05:05,29.66,-0.01,7,20762,卖盘
394,14:04:47,29.67,-0.01,1,2967,中性盘
395,14:04:42,29.68,0.02,4,11872,买盘
396,14:04:35,29.66,--,4,11864,卖盘
397,14:04:32,29.66,--,0,0,卖盘
398,14:04:26,29.66,--,2,5932,中性盘
399,14:04:20,29.66,-0.01,4,11864,卖盘
400,14:04:17,29.67,0.01,2,5934,买盘
401,14:04:02,29.66,--,1,2966,卖盘
402,14:03:57,29.66,0.01,5,14830,买盘
403,14:03:47,29.65,-0.01,13,40057,卖盘
404,14:03:41,29.66,0.01,2,5932,买盘
405,14:03:26,29.65,--,9,26685,卖盘
406,14:03:11,29.65,0.01,10,29650,买盘
407,14:02:56,29.64,-0.01,1,2964,中性盘
408,14:02:47,29.65,0.01,13,38545,买盘
409,14:02:32,29.64,-0.01,5,14820,卖盘
410,14:02:17,29.65,--,1,2965,卖盘
411,14:02:02,29.65,--,5,14825,卖盘
412,14:01:47,29.65,0.01,13,38545,买盘
413,14:01:17,29.64,-0.01,8,23712,卖盘
414,14:01:05,29.65,--,16,47440,买盘
415,14:00:56,29.65,--,27,80055,买盘
416,14:00:41,29.65,0.01,4,11860,买盘
417,14:00:32,29.64,-0.01,1,2964,卖盘
418,13:59:35,29.65,--,0,0,买盘
419,13:59:29,29.65,0.01,3,8895,买盘
420,13:59:26,29.64,-0.01,6,17784,卖盘
421,13:59:11,29.65,0.01,10,29650,买盘
422,13:58:50,29.64,--,15,44460,卖盘
423,13:58:44,29.64,--,4,11856,买盘
424,13:58:41,29.64,-0.01,4,11856,卖盘
425,13:58:26,29.65,0.01,2,5930,买盘
426,13:58:05,29.64,0.01,20,59280,卖盘
427,13:57:41,29.63,--,0,0,卖盘
428,13:57:35,29.63,--,7,20741,卖盘
429,13:57:20,29.63,--,0,0,卖盘
430,13:57:11,29.63,--,5,14815,卖盘
431,13:56:35,29.63,-0.01,2,5926,卖盘
432,13:56:26,29.64,--,0,0,买盘
433,13:56:20,29.64,--,4,14316,卖盘
434,13:55:50,29.64,--,2,5928,卖盘
435,13:55:41,29.64,--,0,503,买盘
436,13:55:35,29.64,0.01,2,5928,买盘
437,13:55:20,29.63,-0.01,1,2963,卖盘
438,13:55:14,29.64,0.01,3,8892,买盘
439,13:55:05,29.63,-0.01,12,35556,卖盘
440,13:54:59,29.64,--,1,2964,买盘
441,13:54:50,29.64,--,2,5928,买盘
442,13:54:35,29.64,--,25,74100,卖盘
443,13:54:29,29.64,--,15,44460,卖盘
444,13:54:20,29.64,--,2,5928,卖盘
445,13:54:14,29.64,--,5,14820,卖盘
446,13:53:26,29.64,-0.01,7,20748,卖盘
447,13:53:20,29.65,-0.01,4,11860,卖盘
448,13:53:05,29.66,--,6,17973,卖盘
449,13:52:55,29.66,--,5,14830,卖盘
450,13:52:44,29.66,--,5,14830,卖盘
451,13:52:29,29.66,--,3,8898,卖盘
452,13:52:25,29.66,-0.01,9,26694,卖盘
453,13:52:14,29.67,0.01,15,44505,买盘
454,13:52:05,29.66,-0.01,3,8898,卖盘
455,13:51:59,29.67,0.01,5,14835,买盘
456,13:51:50,29.66,--,1,2966,卖盘
457,13:51:35,29.66,-0.01,15,44490,卖盘
458,13:51:29,29.67,--,6,20264,卖盘
459,13:51:23,29.67,--,4,12847,卖盘
460,13:51:05,29.67,--,3,8901,卖盘
461,13:50:50,29.67,--,10,29670,卖盘
462,13:50:35,29.67,--,2,5934,卖盘
463,13:50:29,29.67,--,0,0,卖盘
464,13:50:20,29.67,--,2,5934,卖盘
465,13:50:14,29.67,-0.02,2,5934,卖盘
466,13:50:05,29.69,--,5,14845,买盘
467,13:49:59,29.69,--,6,17814,买盘
468,13:49:44,29.69,--,4,11876,卖盘
469,13:49:29,29.69,--,1,2969,卖盘
470,13:49:20,29.69,--,3,8907,卖盘
471,13:49:05,29.69,--,1,2969,卖盘
472,13:48:50,29.69,--,5,14845,卖盘
473,13:48:44,29.69,0.01,39,115791,买盘
474,13:48:35,29.68,--,4,11872,卖盘
475,13:48:29,29.68,--,2,5936,卖盘
476,13:48:20,29.68,--,10,29680,买盘
477,13:47:59,29.68,0.01,7,20776,买盘
478,13:47:50,29.67,--,1,2967,卖盘
479,13:47:44,29.67,-0.01,3,8901,卖盘
480,13:47:38,29.68,0.01,24,71232,买盘
481,13:47:35,29.67,--,3,8901,卖盘
482,13:47:29,29.67,--,5,14835,卖盘
483,13:47:23,29.67,--,11,32637,卖盘
484,13:47:14,29.67,--,12,35604,卖盘
485,13:47:08,29.67,--,2,5934,卖盘
486,13:46:53,29.67,--,2,5934,卖盘
487,13:46:50,29.67,--,12,35604,卖盘
488,13:46:35,29.67,--,1,2967,卖盘
489,13:46:29,29.67,-0.03,10,29670,卖盘
490,13:46:20,29.7,0.02,82,243540,买盘
491,13:46:05,29.68,--,6,17808,买盘
492,13:45:53,29.68,-0.01,2,5936,卖盘
493,13:45:49,29.69,0.01,5,14845,买盘
494,13:45:44,29.68,-0.01,20,59360,卖盘
495,13:45:38,29.69,--,8,23752,买盘
496,13:45:29,29.69,0.01,9,26721,买盘
497,13:45:08,29.68,0.01,4,11872,买盘
498,13:44:53,29.67,-0.01,4,14360,卖盘
499,13:44:44,29.68,0.02,5,14840,买盘
500,13:44:38,29.66,--,0,0,卖盘
501,13:44:29,29.66,--,3,8898,卖盘
502,13:44:17,29.66,-0.01,9,26694,卖盘
503,13:44:14,29.67,--,1,2967,买盘
504,13:44:08,29.67,0.01,10,29670,买盘
505,13:43:59,29.66,--,6,17796,卖盘
506,13:43:53,29.66,--,2,5932,卖盘
507,13:43:47,29.66,--,10,29660,卖盘
508,13:43:38,29.66,--,16,47456,卖盘
509,13:43:29,29.66,0.04,135,403198,买盘
510,13:43:23,29.62,--,18,53316,卖盘
511,13:43:17,29.62,-0.01,3,8886,卖盘
512,13:43:14,29.63,--,74,219262,买盘
513,13:43:08,29.63,--,11,32593,买盘
514,13:42:59,29.63,0.01,12,35556,中性盘
515,13:42:53,29.62,-0.01,57,168834,卖盘
516,13:42:47,29.63,--,3,8889,卖盘
517,13:42:44,29.63,--,3,8889,卖盘
518,13:42:38,29.63,--,4,11852,买盘
519,13:42:32,29.63,--,10,29630,买盘
520,13:42:23,29.63,-0.01,9,26667,卖盘
521,13:41:53,29.64,0.02,7,20748,买盘
522,13:41:44,29.62,--,26,77012,卖盘
523,13:41:38,29.62,-0.02,7,20734,卖盘
524,13:41:32,29.64,0.01,3,8892,买盘
525,13:41:29,29.63,--,0,0,买盘
526,13:41:17,29.63,-0.01,7,20741,卖盘
527,13:41:08,29.64,0.01,2,5928,买盘
528,13:41:02,29.63,--,3,8889,卖盘
529,13:40:59,29.63,--,5,14815,卖盘
530,13:40:53,29.63,-0.01,13,38519,卖盘
531,13:40:44,29.64,--,4,11856,买盘
532,13:40:23,29.64,--,1,2964,买盘
533,13:40:17,29.64,--,4,11856,卖盘
534,13:39:53,29.64,0.01,1,2964,卖盘
535,13:39:44,29.63,--,0,0,卖盘
536,13:39:08,29.63,-0.03,6,17778,卖盘
537,13:39:02,29.66,0.02,26,77116,买盘
538,13:38:58,29.64,-0.01,15,44460,卖盘
539,13:38:53,29.65,--,5,14825,卖盘
540,13:38:47,29.65,0.01,5,14825,买盘
541,13:38:43,29.64,--,0,0,卖盘
542,13:38:38,29.64,-0.01,2,5928,卖盘
543,13:38:32,29.65,--,1,2965,卖盘
544,13:38:28,29.65,--,3,8895,卖盘
545,13:38:13,29.65,0.01,5,14825,买盘
546,13:37:53,29.64,-0.01,1,2964,卖盘
547,13:37:23,29.65,--,0,0,买盘
548,13:37:17,29.65,0.02,5,14825,买盘
549,13:36:53,29.63,--,5,14815,卖盘
550,13:36:47,29.63,-0.02,2,5926,卖盘
551,13:36:41,29.65,0.01,9,26685,买盘
552,13:36:11,29.64,-0.01,6,17784,卖盘
553,13:36:02,29.65,--,6,17790,买盘
554,13:35:53,29.65,0.01,24,71160,买盘
555,13:35:23,29.64,--,2,5928,卖盘
556,13:34:56,29.64,-0.01,6,17784,卖盘
557,13:34:41,29.65,0.01,1,2965,买盘
558,13:34:17,29.64,0.02,2,5928,买盘
559,13:33:53,29.62,--,0,0,卖盘
560,13:33:47,29.62,--,0,0,卖盘
561,13:33:32,29.62,--,1,2962,卖盘
562,13:33:23,29.62,--,3,8886,卖盘
563,13:32:56,29.62,-0.01,3,8886,卖盘
564,13:32:53,29.63,--,21,62223,卖盘
565,13:32:37,29.63,--,5,14815,卖盘
566,13:32:26,29.63,-0.02,3,8889,卖盘
567,13:32:17,29.65,0.01,10,29650,买盘
568,13:31:56,29.64,--,1,2964,买盘
569,13:31:37,29.64,--,3,8892,买盘
570,13:31:22,29.64,0.01,10,29640,买盘
571,13:31:17,29.63,-0.01,4,12592,卖盘
572,13:31:11,29.64,--,3,8892,买盘
573,13:31:02,29.64,--,1,2964,买盘
574,13:30:56,29.64,--,14,41496,卖盘
575,13:30:41,29.64,--,4,11856,买盘
576,13:30:32,29.64,--,26,77064,买盘
577,13:30:26,29.64,--,10,29640,买盘
578,13:30:02,29.64,--,4,11856,买盘
579,13:29:56,29.64,--,5,14820,卖盘
580,13:29:41,29.64,-0.01,2,5928,卖盘
581,13:29:37,29.65,--,10,29650,买盘
582,13:29:26,29.65,--,5,14825,卖盘
583,13:29:17,29.65,--,4,11860,卖盘
584,13:29:11,29.65,-0.01,45,133425,卖盘
585,13:29:07,29.66,-0.02,442,1310972,卖盘
586,13:28:17,29.68,-0.01,2,5936,卖盘
587,13:28:05,29.69,0.01,10,29690,买盘
588,13:28:02,29.68,-0.01,1,2968,卖盘
589,13:27:32,29.69,0.01,8,23752,买盘
590,13:27:26,29.68,-0.01,2,5936,卖盘
591,13:27:20,29.69,--,15,44535,卖盘
592,13:27:11,29.69,--,4,11876,卖盘
593,13:27:01,29.69,--,5,14845,卖盘
594,13:26:47,29.69,0.01,9,26721,买盘
595,13:26:35,29.68,--,2,5936,卖盘
596,13:26:32,29.68,-0.01,1,2968,卖盘
597,13:26:26,29.69,--,6,17814,买盘
598,13:26:17,29.69,0.01,31,92039,卖盘
599,13:25:56,29.68,--,0,0,卖盘
600,13:25:31,29.68,--,2,5936,卖盘
601,13:25:26,29.68,--,2,5936,卖盘
602,13:25:05,29.68,-0.02,11,32648,卖盘
603,13:25:01,29.7,0.01,100,297000,买盘
604,13:24:56,29.69,--,1,2969,买盘
605,13:24:26,29.69,0.01,2,5938,买盘
606,13:24:20,29.68,-0.01,3,8904,卖盘
607,13:24:16,29.69,--,10,29690,买盘
608,13:24:11,29.69,--,5,14845,买盘
609,13:23:56,29.69,-0.01,18,53442,卖盘
610,13:23:46,29.7,0.01,30,89100,买盘
611,13:23:31,29.69,--,5,14845,卖盘
612,13:23:26,29.69,--,3,8907,卖盘
613,13:23:20,29.69,--,15,44535,卖盘
614,13:23:05,29.69,-0.01,12,35628,卖盘
615,13:23:01,29.7,--,3,8910,买盘
616,13:22:56,29.7,--,1,2970,买盘
617,13:22:50,29.7,--,5,14850,买盘
618,13:22:41,29.7,--,2,5940,买盘
619,13:22:16,29.7,0.02,5,14850,买盘
620,13:21:20,29.68,-0.01,2,5936,卖盘
621,13:21:16,29.69,--,1,2969,买盘
622,13:21:11,29.69,--,4,11876,买盘
623,13:20:35,29.69,0.01,1,2969,买盘
624,13:20:14,29.68,--,2,5936,卖盘
625,13:20:11,29.68,--,0,0,中性盘
626,13:19:56,29.68,--,0,0,卖盘
627,13:19:50,29.68,--,10,29680,卖盘
628,13:19:44,29.68,0.01,1,2968,买盘
629,13:19:41,29.67,-0.01,100,296700,卖盘
630,13:19:35,29.68,0.01,2,5936,买盘
631,13:18:20,29.67,--,3,8901,卖盘
632,13:18:14,29.67,-0.01,12,35604,卖盘
633,13:17:14,29.68,0.01,11,32648,买盘
634,13:17:05,29.67,-0.01,4,11868,卖盘
635,13:16:55,29.68,0.01,32,94976,买盘
636,13:16:50,29.67,--,4,11868,卖盘
637,13:16:28,29.67,0.01,4,11868,买盘
638,13:16:25,29.66,--,0,0,卖盘
639,13:16:20,29.66,-0.02,15,44490,卖盘
640,13:16:14,29.68,--,2,5936,买盘
641,13:16:05,29.68,--,2,5936,买盘
642,13:15:35,29.68,0.01,1,2968,买盘
643,13:15:20,29.67,-0.01,13,38571,卖盘
644,13:15:14,29.68,--,19,56392,买盘
645,13:15:10,29.68,--,7,20776,卖盘
646,13:14:44,29.68,-0.01,3,8904,卖盘
647,13:14:40,29.69,--,0,0,买盘
648,13:14:34,29.69,0.03,30,89070,买盘
649,13:14:29,29.66,-0.03,3,8898,卖盘
650,13:14:25,29.69,0.01,20,59380,买盘
651,13:14:20,29.68,--,8,23744,卖盘
652,13:14:14,29.68,--,3,8904,卖盘
653,13:14:10,29.68,--,7,20776,买盘
654,13:13:44,29.68,0.01,4,11872,买盘
655,13:13:35,29.67,-0.01,7,20769,卖盘
656,13:13:29,29.68,--,2,5936,买盘
657,13:13:14,29.68,0.02,4,11872,买盘
658,13:13:04,29.66,--,3,8898,卖盘
659,13:12:59,29.66,--,10,29660,卖盘
660,13:12:50,29.66,-0.01,12,35592,卖盘
661,13:12:35,29.67,0.01,1,2967,买盘
662,13:12:19,29.66,--,4,11864,卖盘
663,13:11:29,29.66,--,4,11864,卖盘
664,13:10:59,29.66,--,3,8898,卖盘
665,13:10:53,29.66,-0.01,6,17796,卖盘
666,13:10:49,29.67,--,1,2967,买盘
667,13:10:44,29.67,--,5,14835,买盘
668,13:10:38,29.67,--,4,11868,买盘
669,13:10:29,29.67,--,2,5934,买盘
670,13:10:23,29.67,0.01,1,2967,买盘
671,13:09:38,29.66,--,2,5932,卖盘
672,13:09:29,29.66,--,19,56354,卖盘
673,13:08:44,29.66,--,6,17796,卖盘
674,13:08:38,29.66,-0.01,3,8898,卖盘
675,13:08:29,29.67,--,10,29670,买盘
676,13:08:23,29.67,--,6,17802,买盘
677,13:08:14,29.67,0.01,5,14835,买盘
678,13:07:53,29.66,-0.01,23,68218,卖盘
679,13:07:29,29.67,--,8,23736,买盘
680,13:07:23,29.67,--,3,8901,卖盘
681,13:07:19,29.67,-0.01,38,112746,卖盘
682,13:07:14,29.68,0.01,1,2968,买盘
683,13:06:53,29.67,--,1,2967,卖盘
684,13:06:29,29.67,0.01,3,8901,买盘
685,13:06:22,29.66,-0.01,3,8898,卖盘
686,13:05:49,29.67,-0.01,1,2967,卖盘
687,13:05:43,29.68,--,31,92008,买盘
688,13:05:23,29.68,--,5,14840,卖盘
689,13:05:13,29.68,--,2,5936,卖盘
690,13:05:04,29.68,0.02,2,5936,买盘
691,13:04:58,29.66,--,0,0,卖盘
692,13:04:17,29.66,-0.01,2,5932,卖盘
693,13:04:07,29.67,--,1,5904,买盘
694,13:03:53,29.67,--,4,11897,卖盘
695,13:03:38,29.67,-0.01,1,2967,卖盘
696,13:03:23,29.68,0.01,3,8904,买盘
697,13:02:52,29.67,0.01,6,20739,买盘
698,13:02:47,29.66,--,2,5932,卖盘
699,13:02:38,29.66,--,1,2966,卖盘
700,13:01:58,29.66,-0.01,4,11864,卖盘
701,13:01:53,29.67,--,20,59340,买盘
702,13:01:23,29.67,0.01,2,5934,买盘
703,13:01:13,29.66,-0.01,4,11864,卖盘
704,13:01:08,29.67,--,6,17802,买盘
705,13:00:13,29.67,-0.01,11,32666,卖盘
706,13:00:08,29.68,--,112,332416,买盘
707,11:30:00,29.68,--,0,0,买盘
708,11:30:00,29.68,--,6,17808,买盘
709,11:29:41,29.68,--,0,0,中性盘
710,11:29:32,29.68,0.01,2,5936,买盘
711,11:29:23,29.67,--,25,77112,买盘
712,11:29:17,29.67,--,4,11868,买盘
713,11:28:38,29.67,--,3,8901,买盘
714,11:28:32,29.67,--,6,17802,买盘
715,11:28:23,29.67,--,18,53406,买盘
716,11:28:17,29.67,0.02,16,47472,买盘
717,11:28:02,29.65,--,4,11860,卖盘
718,11:27:53,29.65,-0.02,20,59300,卖盘
719,11:27:47,29.67,0.02,9,26703,买盘
720,11:27:38,29.65,--,9,26685,卖盘
721,11:27:32,29.65,--,94,278710,卖盘
722,11:27:23,29.65,0.04,932,2763380,买盘
723,11:27:17,29.61,-0.01,21,62181,卖盘
724,11:27:08,29.62,--,1,2962,买盘
725,11:27:02,29.62,0.01,4,11848,买盘
726,11:26:53,29.61,--,0,0,卖盘
727,11:26:47,29.61,-0.04,3,8883,卖盘
728,11:26:38,29.65,0.02,15,44475,买盘
729,11:26:32,29.63,0.03,2,5926,买盘
730,11:26:26,29.6,-0.01,8,23680,卖盘
731,11:26:23,29.61,-0.01,76,225036,卖盘
732,11:26:17,29.62,--,1,2962,卖盘
733,11:26:11,29.62,--,753,2230386,买盘
734,11:26:08,29.62,--,10,29620,买盘
735,11:26:02,29.62,--,47,139214,买盘
736,11:25:53,29.62,-0.05,263,779006,卖盘
737,11:25:38,29.67,--,1,2967,买盘
738,11:25:26,29.67,--,10,29699,卖盘
739,11:25:23,29.67,-0.02,3,8901,卖盘
740,11:25:17,29.69,0.01,10,29690,买盘
741,11:25:08,29.68,0.01,7,20776,买盘
742,11:25:02,29.67,--,3,8901,卖盘
743,11:24:38,29.67,--,3,8901,卖盘
744,11:24:32,29.67,--,30,89010,卖盘
745,11:24:23,29.67,--,5,14835,卖盘
746,11:24:17,29.67,--,42,124614,卖盘
747,11:24:11,29.67,--,3,8901,卖盘
748,11:24:08,29.67,0.04,407,1210506,买盘
749,11:24:02,29.63,-0.01,9,26696,卖盘
750,11:23:56,29.64,0.01,7,20748,买盘
751,11:23:53,29.63,-0.01,20,59260,卖盘
752,11:23:20,29.64,--,1,2964,卖盘
753,11:23:11,29.64,--,6,17784,卖盘
754,11:22:56,29.64,-0.01,2,5928,卖盘
755,11:22:50,29.65,0.01,2,5930,买盘
756,11:22:35,29.64,--,2,5928,卖盘
757,11:22:26,29.64,--,4,11856,卖盘
758,11:22:17,29.64,--,3,8892,卖盘
759,11:22:11,29.64,0.01,11,32604,买盘
760,11:21:56,29.63,-0.01,2,5926,卖盘
761,11:21:35,29.64,--,1,2964,买盘
762,11:21:32,29.64,0.01,5,14820,买盘
763,11:21:17,29.63,--,5,17748,买盘
764,11:21:11,29.63,-0.01,6,17807,卖盘
765,11:20:56,29.64,--,5,14820,买盘
766,11:20:26,29.64,--,2,5928,卖盘
767,11:20:02,29.64,-0.01,3,8892,买盘
768,11:19:50,29.65,0.02,2,5930,买盘
769,11:19:47,29.63,--,4,11852,卖盘
770,11:19:41,29.63,-0.01,7,20741,卖盘
771,11:19:35,29.64,--,15,47394,买盘
772,11:19:32,29.64,--,7,20748,买盘
773,11:19:11,29.64,--,0,0,买盘
774,11:19:02,29.64,0.01,13,38561,买盘
775,11:18:47,29.63,-0.01,3,8889,卖盘
776,11:18:41,29.64,0.01,10,29640,买盘
777,11:18:26,29.63,--,7,20741,卖盘
778,11:18:20,29.63,--,4,11852,卖盘
779,11:18:11,29.63,-0.02,6,17778,卖盘
780,11:18:05,29.65,0.02,31,91915,买盘
781,11:18:02,29.63,--,9,26667,卖盘
782,11:17:50,29.63,-0.02,3,8889,卖盘
783,11:17:47,29.65,0.02,5,14825,买盘
784,11:17:41,29.63,--,11,32593,卖盘
785,11:17:32,29.63,0.03,43,130342,买盘
786,11:17:26,29.6,-0.01,2,5920,卖盘
787,11:17:20,29.61,-0.02,11,32571,卖盘
788,11:17:17,29.63,0.02,4,11852,买盘
789,11:17:11,29.61,-0.04,47,139196,卖盘
790,11:17:02,29.65,--,800,2372000,卖盘
791,11:16:56,29.65,-0.01,15,44475,卖盘
792,11:16:47,29.66,--,6,17796,买盘
793,11:16:35,29.66,0.01,10,29660,买盘
794,11:16:26,29.65,--,5,14825,卖盘
795,11:16:20,29.65,--,5,14825,卖盘
796,11:16:17,29.65,--,20,59300,卖盘
797,11:16:11,29.65,--,21,62265,卖盘
798,11:15:56,29.65,--,4,11860,卖盘
799,11:15:41,29.65,--,32,94880,卖盘
800,11:15:35,29.65,--,64,189760,卖盘
801,11:15:29,29.65,--,6,17790,卖盘
802,11:15:26,29.65,--,28,85955,卖盘
803,11:15:20,29.65,--,5,14825,卖盘
804,11:15:11,29.65,--,50,148250,卖盘
805,11:14:56,29.65,--,4,11860,卖盘
806,11:14:50,29.65,--,10,29650,卖盘
807,11:14:44,29.65,--,17,50405,卖盘
808,11:14:41,29.65,--,4,11860,卖盘
809,11:14:35,29.65,--,3,8895,卖盘
810,11:14:29,29.65,--,15,44475,卖盘
811,11:14:20,29.65,--,10,29650,卖盘
812,11:14:11,29.65,--,2,5930,卖盘
813,11:14:05,29.65,--,4,11860,卖盘
814,11:13:59,29.65,--,1,2965,卖盘
815,11:13:50,29.65,--,11,32615,卖盘
816,11:13:41,29.65,--,15,44475,卖盘
817,11:13:35,29.65,--,8,23720,卖盘
818,11:13:20,29.65,--,5,14825,卖盘
819,11:13:14,29.65,--,3,8895,卖盘
820,11:13:11,29.65,-0.02,8,23720,卖盘
821,11:13:05,29.67,0.01,55,163185,买盘
822,11:12:59,29.66,--,37,109742,卖盘
823,11:12:56,29.66,--,1,2966,卖盘
824,11:12:50,29.66,0.01,9,26694,买盘
825,11:12:41,29.65,-0.02,3,8895,卖盘
826,11:12:35,29.67,0.01,29,86072,买盘
827,11:12:29,29.66,--,25,74150,卖盘
828,11:12:11,29.66,--,9,26694,卖盘
829,11:12:05,29.66,0.01,48,145304,买盘
830,11:11:59,29.65,--,4,11860,卖盘
831,11:11:56,29.65,-0.01,14,41510,卖盘
832,11:11:50,29.66,0.01,24,71184,买盘
833,11:11:41,29.65,--,24,71160,卖盘
834,11:11:35,29.65,--,47,139355,卖盘
835,11:11:29,29.65,--,3,8895,卖盘
836,11:11:26,29.65,--,3,8895,卖盘
837,11:11:20,29.65,--,20,59300,卖盘
838,11:11:11,29.65,--,3,8895,卖盘
839,11:11:05,29.65,--,11,32615,卖盘
840,11:10:59,29.65,--,12,35580,卖盘
841,11:10:50,29.65,--,18,53370,卖盘
842,11:10:41,29.65,--,156,462540,卖盘
843,11:10:35,29.65,--,5,14825,卖盘
844,11:10:29,29.65,--,32,94880,卖盘
845,11:10:26,29.65,-0.01,12,35580,卖盘
846,11:10:20,29.66,0.01,34,100844,买盘
847,11:10:10,29.65,-0.01,36,106740,卖盘
848,11:10:05,29.66,-0.01,356,1055925,卖盘
849,11:09:59,29.67,--,2,5934,卖盘
850,11:09:55,29.67,--,25,74175,卖盘
851,11:09:50,29.67,--,3,8901,卖盘
852,11:09:40,29.67,--,12,35604,卖盘
853,11:09:29,29.67,--,16,47472,卖盘
854,11:09:20,29.67,--,32,94944,卖盘
855,11:09:10,29.67,--,5,14835,卖盘
856,11:09:05,29.67,--,7,20769,卖盘
857,11:08:59,29.67,--,4,11868,卖盘
858,11:08:55,29.67,--,5,14835,卖盘
859,11:08:20,29.67,-0.01,15,44505,卖盘
860,11:08:08,29.68,0.01,50,148400,买盘
861,11:08:05,29.67,--,2,5934,卖盘
862,11:07:59,29.67,-0.01,8,23736,卖盘
863,11:07:53,29.68,0.01,14,41552,买盘
864,11:07:35,29.67,--,4,11868,卖盘
865,11:07:29,29.67,--,29,86043,卖盘
866,11:07:23,29.67,-0.01,10,29670,卖盘
867,11:07:20,29.68,0.01,22,65296,买盘
868,11:07:08,29.67,--,4,11868,卖盘
869,11:07:05,29.67,--,9,26703,卖盘
870,11:06:35,29.67,--,1,2967,卖盘
871,11:06:20,29.67,--,9,26703,卖盘
872,11:06:05,29.67,--,20,59340,卖盘
873,11:05:59,29.67,--,1,2967,卖盘
874,11:05:50,29.67,--,19,56373,卖盘
875,11:05:38,29.67,--,16,47472,卖盘
876,11:05:20,29.67,--,6,17802,卖盘
877,11:05:14,29.67,--,10,29670,卖盘
878,11:05:08,29.67,-0.01,42,124614,卖盘
879,11:05:05,29.68,--,4,11872,买盘
880,11:04:59,29.68,--,20,59360,买盘
881,11:04:50,29.68,0.01,4,11872,买盘
882,11:04:44,29.67,--,6,17802,卖盘
883,11:04:38,29.67,0.01,12,35604,买盘
884,11:04:29,29.66,-0.01,9,26694,卖盘
885,11:04:20,29.67,-0.01,88,261096,卖盘
886,11:04:14,29.68,0.01,5,14840,买盘
887,11:04:05,29.67,--,3,8901,卖盘
888,11:03:59,29.67,-0.01,4,11868,卖盘
889,11:03:53,29.68,--,3,8904,买盘
890,11:03:44,29.68,--,6,17808,买盘
891,11:03:29,29.68,--,1,2968,买盘
892,11:03:14,29.68,0.01,5,14840,买盘
893,11:03:08,29.67,--,1,2967,卖盘
894,11:02:59,29.67,-0.01,30,89010,卖盘
895,11:02:49,29.68,-0.01,20,59360,卖盘
896,11:02:44,29.69,0.01,6,17814,买盘
897,11:02:38,29.68,--,1,2968,卖盘
898,11:02:14,29.68,--,28,83104,卖盘
899,11:02:08,29.68,--,5,14840,卖盘
900,11:01:53,29.68,-0.01,2,5936,卖盘
901,11:01:44,29.69,0.01,5,14845,买盘
902,11:01:23,29.68,-0.01,22,65296,卖盘
903,11:01:14,29.69,0.01,7,20783,买盘
904,11:00:53,29.68,-0.01,3,8904,卖盘
905,11:00:44,29.69,--,5,14845,买盘
906,11:00:38,29.69,--,0,0,买盘
907,11:00:14,29.69,0.02,9,26721,买盘
908,11:00:02,29.67,-0.01,29,86043,卖盘
909,10:59:59,29.68,0.01,1,2968,买盘
910,10:59:53,29.67,-0.01,2,5934,卖盘
911,10:59:44,29.68,0.01,14,41552,买盘
912,10:59:38,29.67,--,7,20769,卖盘
913,10:59:32,29.67,0.01,1,2967,卖盘
914,10:59:29,29.66,-0.03,42,124572,卖盘
915,10:59:14,29.69,0.03,5,14845,买盘
916,10:58:59,29.66,-0.03,1,2966,卖盘
917,10:58:44,29.69,0.03,6,17814,买盘
918,10:58:38,29.66,-0.02,6,17796,卖盘
919,10:58:29,29.68,--,10,29680,买盘
920,10:58:14,29.68,--,5,14840,买盘
921,10:57:44,29.68,0.02,6,17808,买盘
922,10:57:38,29.66,--,5,14830,卖盘
923,10:57:23,29.66,-0.02,25,74150,卖盘
924,10:57:17,29.68,--,2,5936,买盘
925,10:57:14,29.68,0.02,17,50456,买盘
926,10:57:08,29.66,-0.01,4,11864,卖盘
927,10:56:59,29.67,0.01,2,5934,中性盘
928,10:56:53,29.66,-0.02,2,5932,卖盘
929,10:56:44,29.68,0.02,6,17808,买盘
930,10:56:32,29.66,--,8,23728,卖盘
931,10:56:29,29.66,-0.03,3,8898,卖盘
932,10:56:23,29.69,0.02,113,335497,买盘
933,10:56:13,29.67,--,5,14835,卖盘
934,10:56:08,29.67,--,10,29670,卖盘
935,10:55:53,29.67,--,7,20769,卖盘
936,10:55:47,29.67,0.01,57,169119,买盘
937,10:55:43,29.66,--,1,2966,卖盘
938,10:55:23,29.66,--,6,17796,卖盘
939,10:55:08,29.66,-0.01,4,11864,卖盘
940,10:55:02,29.67,--,31,91977,卖盘
941,10:54:47,29.67,--,7,20769,卖盘
942,10:54:23,29.67,-0.02,16,47472,卖盘
943,10:54:02,29.69,0.01,5,14845,买盘
944,10:53:53,29.68,--,0,0,卖盘
945,10:53:47,29.68,--,3,8904,卖盘
946,10:53:38,29.68,--,15,44520,中性盘
947,10:53:32,29.68,0.01,1,2968,买盘
948,10:53:13,29.67,--,7,20769,卖盘
949,10:53:02,29.67,--,3,8901,卖盘
950,10:52:53,29.67,--,21,62307,卖盘
951,10:52:47,29.67,-0.02,8,23736,卖盘
952,10:52:38,29.69,0.02,5,14845,买盘
953,10:52:32,29.67,--,3,8901,卖盘
954,10:52:23,29.67,-0.03,10,29670,卖盘
955,10:52:08,29.7,--,0,0,买盘
956,10:51:53,29.7,0.03,4,11880,买盘
957,10:51:47,29.67,--,5,14835,卖盘
958,10:51:17,29.67,--,2,5934,卖盘
959,10:51:11,29.67,-0.02,1,2967,卖盘
960,10:51:08,29.69,0.01,9,26721,买盘
961,10:50:53,29.68,-0.01,4,11872,卖盘
962,10:50:41,29.69,--,0,0,中性盘
963,10:50:32,29.69,-0.01,4,11876,卖盘
964,10:50:26,29.7,--,5,14850,买盘
965,10:50:23,29.7,--,34,100980,卖盘
966,10:50:17,29.7,--,2,5940,卖盘
967,10:50:08,29.7,--,2,5940,卖盘
968,10:49:56,29.7,--,5,14850,卖盘
969,10:49:47,29.7,--,12,35640,卖盘
970,10:49:26,29.7,0.01,1,2970,买盘
971,10:49:22,29.69,--,5,14845,卖盘
972,10:49:17,29.69,-0.01,3,8907,卖盘
973,10:49:11,29.7,0.01,10,29700,买盘
974,10:49:02,29.69,--,1,2969,卖盘
975,10:48:47,29.69,0.02,4,11876,买盘
976,10:48:26,29.67,-0.02,1,2967,卖盘
977,10:48:11,29.69,0.02,2,5938,买盘
978,10:48:02,29.67,-0.02,4,11868,卖盘
979,10:47:56,29.69,0.02,6,17814,买盘
980,10:47:52,29.67,-0.02,30,89010,卖盘
981,10:47:32,29.69,--,1,2969,买盘
982,10:47:26,29.69,--,4,11876,卖盘
983,10:47:17,29.69,--,10,29690,卖盘
984,10:47:11,29.69,0.02,86,255334,买盘
985,10:46:47,29.67,--,3,8901,卖盘
986,10:46:41,29.67,--,5,14835,卖盘
987,10:46:37,29.67,--,3,8901,卖盘
988,10:46:32,29.67,--,4,11868,卖盘
989,10:46:26,29.67,-0.01,15,44505,卖盘
990,10:46:17,29.68,--,11,32648,卖盘
991,10:46:11,29.68,-0.01,6,17808,卖盘
992,10:45:47,29.69,0.01,1,2969,买盘
993,10:45:32,29.68,--,5,14840,卖盘
994,10:45:26,29.68,--,40,118720,卖盘
995,10:45:11,29.68,--,14,41552,卖盘
996,10:45:02,29.68,--,21,62328,卖盘
997,10:44:32,29.68,--,5,14840,卖盘
998,10:44:26,29.68,--,5,14840,卖盘
999,10:44:11,29.68,--,2,5936,卖盘
1000,10:44:02,29.68,--,3,8904,卖盘
1001,10:43:56,29.68,-0.01,11,32648,卖盘
1002,10:43:47,29.69,0.01,5,14845,买盘
1003,10:43:32,29.68,--,10,29680,卖盘
1004,10:43:25,29.68,-0.01,3,8904,卖盘
1005,10:43:17,29.69,0.01,10,29690,买盘
1006,10:43:11,29.68,--,22,65296,卖盘
1007,10:42:47,29.68,--,8,23744,卖盘
1008,10:42:32,29.68,--,157,465976,买盘
1009,10:42:17,29.68,0.01,1,2968,买盘
1010,10:42:02,29.67,-0.01,5,14835,卖盘
1011,10:41:56,29.68,0.01,16,47488,买盘
1012,10:40:50,29.67,--,0,0,卖盘
1013,10:40:41,29.67,--,1,2967,卖盘
1014,10:40:31,29.67,--,5,14835,卖盘
1015,10:40:26,29.67,-0.02,1,2967,卖盘
1016,10:40:16,29.69,0.02,22,65318,买盘
1017,10:40:11,29.67,--,1,2967,卖盘
1018,10:40:05,29.67,--,16,47472,卖盘
1019,10:39:35,29.67,--,1,2967,卖盘
1020,10:39:26,29.67,--,14,41538,卖盘
1021,10:39:20,29.67,--,23,68241,卖盘
1022,10:39:11,29.67,--,2,5934,卖盘
1023,10:38:56,29.67,--,1,2967,卖盘
1024,10:38:50,29.67,--,2,5934,卖盘
1025,10:38:26,29.67,--,1,2967,卖盘
1026,10:38:16,29.67,--,3,8901,买盘
1027,10:38:05,29.67,--,8,23736,卖盘
1028,10:37:56,29.67,0.01,18,53406,卖盘
1029,10:37:41,29.66,--,0,0,卖盘
1030,10:37:26,29.66,-0.03,128,379648,卖盘
1031,10:37:11,29.69,0.03,1,2969,买盘
1032,10:37:01,29.66,--,0,0,卖盘
1033,10:36:55,29.66,-0.03,1,2966,卖盘
1034,10:36:41,29.69,0.03,10,29690,买盘
1035,10:36:26,29.66,-0.02,77,228382,卖盘
1036,10:36:11,29.68,0.01,14,41552,买盘
1037,10:35:56,29.67,-0.01,13,38571,卖盘
1038,10:35:50,29.68,0.01,6,17808,买盘
1039,10:35:46,29.67,0.01,181,537027,买盘
1040,10:35:41,29.66,--,4,11864,卖盘
1041,10:35:35,29.66,--,14,44460,卖盘
1042,10:35:31,29.66,-0.01,16,47456,卖盘
1043,10:35:26,29.67,0.01,19,56373,买盘
1044,10:35:20,29.66,--,18,53388,卖盘
1045,10:35:14,29.66,--,11,32626,卖盘
1046,10:35:10,29.66,--,0,0,买盘
1047,10:35:05,29.66,0.01,10,29660,买盘
1048,10:34:59,29.65,-0.01,3,8895,卖盘
1049,10:34:55,29.66,--,30,88980,买盘
1050,10:34:40,29.66,--,187,554642,卖盘
1051,10:34:35,29.66,--,5,14830,卖盘
1052,10:34:25,29.66,--,21,62286,卖盘
1053,10:34:14,29.66,-0.01,3,8898,卖盘
1054,10:34:05,29.67,--,42,124614,卖盘
1055,10:33:55,29.67,--,12,35604,卖盘
1056,10:33:50,29.67,--,2,5934,卖盘
1057,10:33:44,29.67,--,5,14835,卖盘
1058,10:33:40,29.67,0.01,61,180987,买盘
1059,10:33:29,29.66,--,22,65252,卖盘
1060,10:33:20,29.66,--,12,35592,卖盘
1061,10:33:14,29.66,--,21,62286,卖盘
1062,10:33:10,29.66,--,3,8898,卖盘
1063,10:32:59,29.66,0.01,36,106776,买盘
1064,10:32:55,29.65,--,4,11860,卖盘
1065,10:32:50,29.65,-0.01,496,1470640,卖盘
1066,10:32:44,29.66,--,7,20762,卖盘
1067,10:32:40,29.66,-0.01,10,29660,卖盘
1068,10:32:29,29.67,--,4,11868,中性盘
1069,10:32:25,29.67,--,20,59340,卖盘
1070,10:32:20,29.67,--,2,5934,卖盘
1071,10:32:14,29.67,--,5,14835,卖盘
1072,10:32:05,29.67,--,2,5934,卖盘
1073,10:31:59,29.67,--,2,5934,卖盘
1074,10:31:55,29.67,--,1,2967,卖盘
1075,10:31:50,29.67,--,5,14835,卖盘
1076,10:31:44,29.67,--,45,133515,卖盘
1077,10:31:29,29.67,--,15,44505,卖盘
1078,10:31:20,29.67,--,2,5934,卖盘
1079,10:31:14,29.67,0.01,1,2967,卖盘
1080,10:31:10,29.66,--,0,0,卖盘
1081,10:31:05,29.66,--,6,17796,卖盘
1082,10:30:59,29.66,--,0,0,卖盘
1083,10:30:55,29.66,-0.01,12,35592,卖盘
1084,10:30:44,29.67,--,5,14835,卖盘
1085,10:30:40,29.67,-0.01,37,109779,卖盘
1086,10:30:35,29.68,--,8,23744,卖盘
1087,10:30:10,29.68,-0.01,4,11872,卖盘
1088,10:29:59,29.69,0.01,29,86101,买盘
1089,10:29:50,29.68,--,12,35616,卖盘
1090,10:29:25,29.68,--,13,38584,卖盘
1091,10:29:14,29.68,--,2,5936,卖盘
1092,10:29:05,29.68,--,29,86072,卖盘
1093,10:28:59,29.68,--,53,157304,卖盘
1094,10:28:40,29.68,--,20,59360,卖盘
1095,10:28:35,29.68,--,1,2968,卖盘
1096,10:28:29,29.68,--,10,29680,卖盘
1097,10:28:25,29.68,--,6,17808,卖盘
1098,10:28:10,29.68,0.01,10,29680,买盘
1099,10:27:54,29.67,--,1,2967,卖盘
1100,10:27:23,29.67,--,2,5934,卖盘
1101,10:27:14,29.67,-0.01,1,2967,卖盘
1102,10:26:34,29.68,--,1,2968,买盘
1103,10:26:29,29.68,-0.01,7,20776,卖盘
1104,10:26:23,29.69,0.01,3,8907,买盘
1105,10:26:19,29.68,--,4,11872,卖盘
1106,10:25:49,29.68,--,1,2968,卖盘
1107,10:25:38,29.68,-0.01,1,2968,卖盘
1108,10:25:29,29.69,0.01,18,53442,买盘
1109,10:25:14,29.68,--,11,32648,卖盘
1110,10:25:08,29.68,--,12,35616,卖盘
1111,10:25:04,29.68,--,3,8904,卖盘
1112,10:24:53,29.68,--,18,53424,卖盘
1113,10:24:49,29.68,--,2,5936,卖盘
1114,10:24:38,29.68,--,6,17808,卖盘
1115,10:24:22,29.68,--,1,2968,卖盘
1116,10:24:08,29.68,--,29,86072,卖盘
1117,10:23:59,29.68,-0.01,62,184016,卖盘
1118,10:23:53,29.69,--,5,14845,卖盘
1119,10:23:49,29.69,--,4,11876,卖盘
1120,10:23:44,29.69,--,20,59380,卖盘
1121,10:23:37,29.69,--,1,2969,卖盘
1122,10:23:34,29.69,0.01,49,145481,买盘
1123,10:23:29,29.68,-0.01,2,5936,卖盘
1124,10:23:23,29.69,--,1,2969,买盘
1125,10:23:14,29.69,--,5,14845,买盘
1126,10:22:59,29.69,--,0,0,中性盘
1127,10:22:53,29.69,--,3,8907,卖盘
1128,10:22:44,29.69,-0.01,12,35628,卖盘
1129,10:22:38,29.7,--,1,2970,卖盘
1130,10:22:23,29.7,-0.01,1,2970,买盘
1131,10:22:08,29.71,--,0,0,买盘
1132,10:21:33,29.71,-0.01,12,35652,卖盘
1133,10:21:29,29.72,0.01,10,29720,买盘
1134,10:20:59,29.71,--,3,8913,卖盘
1135,10:20:53,29.71,--,6,17826,买盘
1136,10:20:23,29.71,0.01,18,53478,买盘
1137,10:20:13,29.7,--,2,5940,卖盘
1138,10:20:08,29.7,--,12,35640,卖盘
1139,10:19:58,29.7,--,3,8910,卖盘
1140,10:19:33,29.7,0.01,64,190080,买盘
1141,10:19:28,29.69,--,7,20783,卖盘
1142,10:19:03,29.69,0.01,3,8907,买盘
1143,10:18:58,29.68,--,3,8904,卖盘
1144,10:18:53,29.68,--,20,59360,卖盘
1145,10:18:43,29.68,--,2,5936,卖盘
1146,10:18:32,29.68,0.01,4,11872,买盘
1147,10:18:28,29.67,-0.01,33,97911,卖盘
1148,10:18:23,29.68,0.01,16,47488,买盘
1149,10:18:13,29.67,-0.01,5,14835,卖盘
1150,10:18:07,29.68,0.02,49,145432,买盘
1151,10:18:02,29.66,-0.01,1,2966,卖盘
1152,10:17:47,29.67,0.01,3,8901,买盘
1153,10:17:43,29.66,-0.01,5,14830,卖盘
1154,10:17:37,29.67,--,2,5934,卖盘
1155,10:17:17,29.67,--,16,47472,卖盘
1156,10:17:08,29.67,--,51,151317,卖盘
1157,10:17:02,29.67,--,5,14835,卖盘
1158,10:16:53,29.67,--,1,2967,卖盘
1159,10:16:47,29.67,--,2,5934,卖盘
1160,10:16:43,29.67,0.01,44,130548,买盘
1161,10:16:38,29.66,--,3,8898,卖盘
1162,10:16:32,29.66,-0.01,5,14830,卖盘
1163,10:16:28,29.67,--,10,29670,买盘
1164,10:16:17,29.67,--,73,216591,买盘
1165,10:16:13,29.67,0.01,10,29670,买盘
1166,10:16:08,29.66,0.01,7,20762,卖盘
1167,10:16:02,29.65,--,0,0,卖盘
1168,10:15:58,29.65,-0.02,248,735320,卖盘
1169,10:15:47,29.67,--,13,38571,买盘
1170,10:15:38,29.67,0.01,10,29670,买盘
1171,10:15:27,29.66,--,0,0,卖盘
1172,10:15:17,29.66,--,3,8898,卖盘
1173,10:15:08,29.66,--,13,40100,卖盘
1174,10:15:01,29.66,-0.02,20,60803,卖盘
1175,10:14:53,29.68,0.02,1,2968,买盘
1176,10:14:42,29.66,--,3,8898,卖盘
1177,10:14:38,29.66,--,7,20762,卖盘
1178,10:14:32,29.66,--,1,2966,卖盘
1179,10:14:27,29.66,0.01,5,14830,买盘
1180,10:14:23,29.65,--,150,444750,卖盘
1181,10:14:17,29.65,--,5,14825,卖盘
1182,10:14:12,29.65,0.02,52,155988,买盘
1183,10:14:02,29.63,--,74,219262,卖盘
1184,10:13:53,29.63,-0.02,4,13007,卖盘
1185,10:13:47,29.65,--,9,26685,卖盘
1186,10:13:42,29.65,-0.01,12,35580,卖盘
1187,10:13:38,29.66,--,5,14830,买盘
1188,10:13:32,29.66,-0.02,10,29660,卖盘
1189,10:13:23,29.68,--,0,0,买盘
1190,10:13:17,29.68,0.02,2,5936,买盘
1191,10:13:08,29.66,-0.02,2,5932,卖盘
1192,10:12:53,29.68,0.02,9,26712,买盘
1193,10:12:47,29.66,--,10,29660,卖盘
1194,10:12:42,29.66,--,6,17796,卖盘
1195,10:12:32,29.66,--,2,5932,买盘
1196,10:12:27,29.66,0.01,3,8898,买盘
1197,10:12:22,29.65,--,50,148250,卖盘
1198,10:12:12,29.65,0.01,25,75933,买盘
1199,10:12:07,29.64,0.03,1,2964,中性盘
1200,10:11:57,29.61,-0.01,30,88830,卖盘
1201,10:11:47,29.62,-0.04,15,44430,卖盘
1202,10:11:42,29.66,0.01,12,35592,买盘
1203,10:11:32,29.65,-0.01,61,180865,卖盘
1204,10:11:27,29.66,-0.01,7,20762,卖盘
1205,10:11:22,29.67,--,100,296700,买盘
1206,10:11:12,29.67,-0.02,1248,3702816,卖盘
1207,10:11:07,29.69,--,1,2969,买盘
1208,10:10:57,29.69,--,82,244378,卖盘
1209,10:10:47,29.69,--,11,32659,卖盘
1210,10:10:42,29.69,--,6,17814,卖盘
1211,10:10:37,29.69,--,3,10955,卖盘
1212,10:10:31,29.69,-0.01,10,29690,卖盘
1213,10:10:26,29.7,0.01,6,17820,买盘
1214,10:10:17,29.69,--,1,2969,卖盘
1215,10:10:07,29.69,-0.02,1,2969,卖盘
1216,10:10:02,29.71,--,22,65362,买盘
1217,10:09:47,29.71,-0.01,54,160434,卖盘
1218,10:09:41,29.72,0.01,50,148600,买盘
1219,10:09:32,29.71,-0.01,6,17826,卖盘
1220,10:09:22,29.72,-0.01,7,20804,卖盘
1221,10:09:17,29.73,0.01,20,59460,买盘
1222,10:09:10,29.72,--,7,20804,卖盘
1223,10:09:07,29.72,--,3,8916,卖盘
1224,10:09:01,29.72,--,7,20804,卖盘
1225,10:08:47,29.72,0.02,3,8916,买盘
1226,10:08:32,29.7,-0.02,100,297000,卖盘
1227,10:08:26,29.72,0.02,1,2972,中性盘
1228,10:08:22,29.7,-0.03,4,11880,卖盘
1229,10:07:47,29.73,0.03,10,29730,买盘
1230,10:07:41,29.7,0.01,9,26730,中性盘
1231,10:07:36,29.69,-0.01,10,29690,卖盘
1232,10:07:32,29.7,--,13,38610,买盘
1233,10:07:26,29.7,0.01,5,14850,买盘
1234,10:07:22,29.69,-0.01,13,38597,卖盘
1235,10:07:01,29.7,--,7,20790,卖盘
1236,10:06:56,29.7,-0.04,3,8910,卖盘
1237,10:06:51,29.74,--,5,14870,买盘
1238,10:06:47,29.74,--,9,26766,买盘
1239,10:06:41,29.74,--,0,0,买盘
1240,10:06:32,29.74,0.04,10,29740,买盘
1241,10:06:11,29.7,0.01,10,29700,买盘
1242,10:06:02,29.69,-0.01,14,41566,卖盘
1243,10:05:56,29.7,--,20,59400,买盘
1244,10:05:41,29.7,--,45,133650,卖盘
1245,10:05:36,29.7,-0.04,20,59400,卖盘
1246,10:05:31,29.74,0.04,18,53532,买盘
1247,10:05:26,29.7,--,24,71280,卖盘
1248,10:05:21,29.7,--,18,53460,卖盘
1249,10:05:16,29.7,--,117,347490,卖盘
1250,10:05:11,29.7,--,13,38610,卖盘
1251,10:05:06,29.7,-0.04,1027,3050190,卖盘
1252,10:04:51,29.74,0.03,5,14870,买盘
1253,10:04:41,29.71,-0.03,20,59420,卖盘
1254,10:04:36,29.74,--,3,8922,买盘
1255,10:04:16,29.74,--,21,62454,卖盘
1256,10:04:06,29.74,--,19,56506,卖盘
1257,10:04:01,29.74,0.01,2,5948,买盘
1258,10:03:56,29.73,--,38,112974,卖盘
1259,10:03:46,29.73,--,1,2973,卖盘
1260,10:03:41,29.73,--,2,5946,卖盘
1261,10:03:36,29.73,--,1,2973,卖盘
1262,10:03:31,29.73,--,1,2973,卖盘
1263,10:03:26,29.73,0.02,19,56487,买盘
1264,10:03:11,29.71,--,2,5942,卖盘
1265,10:03:05,29.71,0.01,5,14855,卖盘
1266,10:02:56,29.7,-0.01,10,29700,卖盘
1267,10:02:51,29.71,--,12,35652,卖盘
1268,10:02:41,29.71,0.01,1,2971,卖盘
1269,10:02:36,29.7,-0.02,91,270270,卖盘
1270,10:02:31,29.72,0.02,2,5944,中性盘
1271,10:02:25,29.7,-0.03,5,14850,卖盘
1272,10:02:21,29.73,--,5,14865,买盘
1273,10:02:11,29.73,-0.01,13,38649,买盘
1274,10:02:05,29.74,0.04,5,14870,买盘
1275,10:02:01,29.7,-0.03,285,846450,卖盘
1276,10:01:56,29.73,--,1,2973,卖盘
1277,10:01:34,29.73,--,4,11892,卖盘
1278,10:01:31,29.73,-0.01,4,11892,卖盘
1279,10:01:16,29.74,--,6,17844,买盘
1280,10:00:56,29.74,--,20,59480,卖盘
1281,10:00:49,29.74,-0.01,15,44610,卖盘
1282,10:00:46,29.75,--,6,17850,买盘
1283,10:00:41,29.75,--,12,35700,卖盘
1284,10:00:26,29.75,--,16,47600,卖盘
1285,10:00:20,29.75,-0.01,9,26775,卖盘
1286,10:00:16,29.76,--,4,11904,买盘
1287,10:00:05,29.76,0.01,3,8928,买盘
1288,09:59:56,29.75,-0.01,1,2975,卖盘
1289,09:59:50,29.76,--,1,2976,买盘
1290,09:59:46,29.76,0.01,9,26784,买盘
1291,09:59:35,29.75,-0.02,5,14875,卖盘
1292,09:59:31,29.77,--,0,0,买盘
1293,09:59:20,29.77,0.02,1,2977,买盘
1294,09:59:16,29.75,--,1,2975,卖盘
1295,09:59:11,29.75,--,2,5950,卖盘
1296,09:59:05,29.75,-0.02,7,20825,卖盘
1297,09:59:01,29.77,--,18,53586,卖盘
1298,09:58:56,29.77,-0.01,1,2977,卖盘
1299,09:58:49,29.78,0.01,1,2978,买盘
1300,09:58:40,29.77,--,36,107172,卖盘
1301,09:58:35,29.77,-0.01,2,5954,卖盘
1302,09:58:25,29.78,-0.01,3,8934,中性盘
1303,09:58:20,29.79,0.01,12,35748,买盘
1304,09:58:10,29.78,--,5,14890,卖盘
1305,09:58:05,29.78,-0.01,11,32758,卖盘
1306,09:57:50,29.79,0.01,18,53622,买盘
1307,09:57:40,29.78,--,1,2978,卖盘
1308,09:57:30,29.78,--,11,32758,卖盘
1309,09:57:15,29.78,--,10,29780,卖盘
1310,09:57:05,29.78,0.01,24,71472,买盘
1311,09:56:49,29.77,0.01,10,29770,买盘
1312,09:56:45,29.76,-0.01,30,89280,卖盘
1313,09:56:40,29.77,--,6,17862,买盘
1314,09:56:35,29.77,-0.01,1,2977,买盘
1315,09:56:30,29.78,--,19,56582,卖盘
1316,09:56:20,29.78,--,1,2978,卖盘
1317,09:56:10,29.78,--,4,11912,卖盘
1318,09:56:00,29.78,--,5,14890,卖盘
1319,09:55:55,29.78,-0.01,2,5956,卖盘
1320,09:55:50,29.79,0.01,5,14895,买盘
1321,09:55:45,29.78,--,6,17868,卖盘
1322,09:55:35,29.78,--,2,5956,卖盘
1323,09:55:30,29.78,--,15,44670,卖盘
1324,09:55:25,29.78,--,12,35736,卖盘
1325,09:55:20,29.78,0.01,51,151878,买盘
1326,09:55:05,29.77,-0.01,16,47632,卖盘
1327,09:55:00,29.78,--,35,104230,卖盘
1328,09:54:55,29.78,-0.01,1,2978,卖盘
1329,09:54:50,29.79,0.01,1,2979,买盘
1330,09:54:45,29.78,-0.01,1,2978,卖盘
1331,09:54:35,29.79,--,3,8937,买盘
1332,09:54:30,29.79,0.01,16,47664,买盘
1333,09:54:20,29.78,-0.01,1,2978,卖盘
1334,09:54:14,29.79,0.01,5,14895,买盘
1335,09:54:10,29.78,--,11,32758,卖盘
1336,09:54:05,29.78,-0.01,1,2978,卖盘
1337,09:53:59,29.79,--,4,11916,买盘
1338,09:53:55,29.79,--,1,2979,买盘
1339,09:53:50,29.79,--,4,11916,买盘
1340,09:53:44,29.79,0.02,21,62559,买盘
1341,09:53:40,29.77,-0.02,5,14885,卖盘
1342,09:53:35,29.79,--,1,2979,买盘
1343,09:53:29,29.79,0.02,5,14895,买盘
1344,09:53:25,29.77,-0.02,20,59540,卖盘
1345,09:53:10,29.79,--,6,17874,买盘
1346,09:52:59,29.79,--,14,41706,卖盘
1347,09:52:55,29.79,--,3,8937,卖盘
1348,09:52:49,29.79,--,26,77454,卖盘
1349,09:52:44,29.79,--,19,56601,卖盘
1350,09:52:35,29.79,--,66,196614,卖盘
1351,09:52:25,29.79,--,1,2979,卖盘
1352,09:52:20,29.79,-0.01,99,294921,卖盘
1353,09:52:14,29.8,--,36,107280,买盘
1354,09:51:59,29.8,0.01,7,20860,买盘
1355,09:51:54,29.79,--,4,11916,卖盘
1356,09:51:49,29.79,--,52,154908,卖盘
1357,09:51:44,29.79,0.03,58,172782,买盘
1358,09:51:39,29.76,-0.01,2,5952,卖盘
1359,09:51:34,29.77,-0.01,3,8931,买盘
1360,09:51:29,29.78,--,1,2978,买盘
1361,09:51:19,29.78,0.02,5,14890,买盘
1362,09:51:14,29.76,-0.02,1,2976,卖盘
1363,09:51:09,29.78,--,27,80406,卖盘
1364,09:50:59,29.78,-0.01,40,119120,卖盘
1365,09:50:54,29.79,--,1,2979,买盘
1366,09:50:48,29.79,--,10,29790,买盘
1367,09:50:44,29.79,0.01,13,38727,买盘
1368,09:50:39,29.78,--,31,92318,卖盘
1369,09:50:34,29.78,-0.01,6,17868,卖盘
1370,09:50:28,29.79,0.01,8,23832,买盘
1371,09:50:18,29.78,-0.01,1,2978,卖盘
1372,09:50:14,29.79,--,7,20853,买盘
1373,09:50:09,29.79,0.01,5,14895,买盘
1374,09:50:04,29.78,-0.01,1,2978,卖盘
1375,09:49:59,29.79,0.01,82,244278,买盘
1376,09:49:54,29.78,--,17,50626,买盘
1377,09:49:44,29.78,0.01,3,8934,买盘
1378,09:49:39,29.77,-0.01,58,172666,卖盘
1379,09:49:29,29.78,--,15,44670,买盘
1380,09:49:24,29.78,--,10,29780,买盘
1381,09:49:19,29.78,0.01,21,62538,买盘
1382,09:49:14,29.77,-0.01,58,172666,卖盘
1383,09:49:09,29.78,0.01,18,53604,买盘
1384,09:49:04,29.77,-0.01,1,2977,卖盘
1385,09:48:59,29.78,0.01,5,14890,买盘
1386,09:48:54,29.77,--,1,2977,卖盘
1387,09:48:44,29.77,0.02,39,116103,买盘
1388,09:48:39,29.75,--,15,44625,买盘
1389,09:48:29,29.75,--,19,56525,买盘
1390,09:48:14,29.75,--,17,50575,卖盘
1391,09:47:54,29.75,-0.02,51,151725,卖盘
1392,09:47:44,29.77,0.01,10,29770,买盘
1393,09:47:39,29.76,--,1,2976,卖盘
1394,09:47:29,29.76,--,7,20832,卖盘
1395,09:47:24,29.76,--,99,294624,买盘
1396,09:47:18,29.76,--,15,44640,买盘
1397,09:47:14,29.76,--,2,5952,买盘
1398,09:47:09,29.76,-0.02,9,26784,卖盘
1399,09:47:03,29.78,--,9,26802,买盘
1400,09:46:59,29.78,0.02,34,101252,买盘
1401,09:46:44,29.76,-0.02,1,2976,卖盘
1402,09:46:38,29.78,0.01,10,29780,买盘
1403,09:46:33,29.77,--,0,0,中性盘
1404,09:46:29,29.77,--,1,2977,买盘
1405,09:46:23,29.77,--,7,20839,卖盘
1406,09:46:18,29.77,-0.01,3,8931,卖盘
1407,09:46:14,29.78,0.01,1,2978,买盘
1408,09:46:07,29.77,-0.01,1,2977,卖盘
1409,09:46:03,29.78,--,6,17868,买盘
1410,09:45:59,29.78,0.01,2,5956,买盘
1411,09:45:53,29.77,--,6,17862,卖盘
1412,09:45:44,29.77,--,13,38701,卖盘
1413,09:45:38,29.77,--,3,8931,卖盘
1414,09:45:29,29.77,--,26,77402,买盘
1415,09:45:18,29.77,--,2,5954,买盘
1416,09:45:14,29.77,--,0,0,买盘
1417,09:45:03,29.77,0.04,3,8931,买盘
1418,09:44:58,29.73,-0.04,1,2973,卖盘
1419,09:44:53,29.77,0.04,1,2977,买盘
1420,09:44:42,29.73,0.03,1,2973,买盘
1421,09:44:38,29.7,--,0,0,卖盘
1422,09:44:27,29.7,-0.02,28,83160,卖盘
1423,09:44:23,29.72,0.01,8,23776,买盘
1424,09:44:18,29.71,-0.01,27,80217,卖盘
1425,09:44:12,29.72,--,11,32692,买盘
1426,09:44:08,29.72,--,17,50524,买盘
1427,09:44:03,29.72,--,2,5944,买盘
1428,09:43:57,29.72,--,2,5944,买盘
1429,09:43:53,29.72,-0.01,26,77272,卖盘
1430,09:43:48,29.73,--,8,23784,买盘
1431,09:43:42,29.73,0.01,1,2973,买盘
1432,09:43:38,29.72,-0.01,5,14860,卖盘
1433,09:43:33,29.73,--,2,5946,买盘
1434,09:43:18,29.73,--,4,11892,买盘
1435,09:43:12,29.73,-0.05,5,14865,卖盘
1436,09:42:53,29.78,--,10,29780,卖盘
1437,09:42:48,29.78,-0.01,20,59560,卖盘
1438,09:42:38,29.79,-0.01,86,256194,卖盘
1439,09:42:33,29.8,--,38,113240,买盘
1440,09:42:27,29.8,0.01,5,14900,买盘
1441,09:42:23,29.79,-0.01,8,23832,卖盘
1442,09:42:18,29.8,--,7,20860,买盘
1443,09:42:12,29.8,--,9,26820,卖盘
1444,09:42:08,29.8,--,14,41720,买盘
1445,09:42:03,29.8,--,14,41720,买盘
1446,09:41:57,29.8,--,15,44700,买盘
1447,09:41:53,29.8,--,11,32780,买盘
1448,09:41:48,29.8,--,24,71520,买盘
1449,09:41:38,29.8,0.01,48,143040,买盘
1450,09:41:33,29.79,--,5,14895,卖盘
1451,09:41:08,29.79,0.04,192,571968,买盘
1452,09:41:03,29.75,-0.03,1,2975,卖盘
1453,09:40:57,29.78,--,12,35736,买盘
1454,09:40:53,29.78,--,38,113164,买盘
1455,09:40:48,29.78,--,9,26802,买盘
1456,09:40:38,29.78,-0.01,64,190592,卖盘
1457,09:40:33,29.79,-0.01,11,32769,中性盘
1458,09:40:27,29.8,0.01,29,86420,买盘
1459,09:40:23,29.79,0.01,45,134055,买盘
1460,09:40:18,29.78,--,5,14890,卖盘
1461,09:40:12,29.78,-0.02,19,56582,卖盘
1462,09:40:08,29.8,--,14,41720,买盘
1463,09:40:03,29.8,--,7,20860,买盘
1464,09:39:57,29.8,--,0,0,买盘
1465,09:39:53,29.8,--,21,62580,买盘
1466,09:39:48,29.8,0.01,29,86420,买盘
1467,09:39:42,29.79,0.02,4,11916,卖盘
1468,09:39:37,29.77,--,20,59540,卖盘
1469,09:39:33,29.77,-0.03,41,122057,卖盘
1470,09:39:27,29.8,0.02,8,23840,买盘
1471,09:39:23,29.78,--,23,68494,卖盘
1472,09:39:17,29.78,0.02,23,68494,买盘
1473,09:39:08,29.76,0.04,9,26784,中性盘
1474,09:39:02,29.72,--,0,0,卖盘
1475,09:38:52,29.72,--,10,29720,卖盘
1476,09:38:47,29.72,--,41,121852,买盘
1477,09:38:42,29.72,--,6,17832,买盘
1478,09:38:38,29.72,0.03,5,14860,买盘
1479,09:38:32,29.69,-0.03,5,14845,卖盘
1480,09:38:27,29.72,--,6,17832,买盘
1481,09:38:21,29.72,0.03,5,14860,买盘
1482,09:38:17,29.69,-0.03,4,11876,卖盘
1483,09:38:12,29.72,--,1,2972,卖盘
1484,09:38:06,29.72,--,4,11888,卖盘
1485,09:38:02,29.72,0.05,5,14860,卖盘
1486,09:37:57,29.67,0.06,1,2967,买盘
1487,09:37:51,29.61,-0.06,3,8883,中性盘
1488,09:37:47,29.67,-0.11,6,17802,中性盘
1489,09:37:42,29.78,0.18,17,50626,中性盘
1490,09:37:36,29.6,-0.06,123,364080,卖盘
1491,09:37:32,29.66,-0.09,4,11864,卖盘
1492,09:37:27,29.75,0.06,43,127925,买盘
1493,09:37:17,29.69,0.04,28,83132,买盘
1494,09:37:12,29.65,--,2,5930,卖盘
1495,09:37:02,29.65,0.02,4,11860,买盘
1496,09:36:57,29.63,0.01,2,5926,买盘
1497,09:36:42,29.62,--,2,5924,卖盘
1498,09:36:36,29.62,0.02,133,393946,买盘
1499,09:36:27,29.6,0.02,47,139120,买盘
1500,09:36:21,29.58,0.01,5,14790,买盘
1501,09:36:17,29.57,--,21,62097,卖盘
1502,09:36:12,29.57,--,19,56183,买盘
1503,09:36:06,29.57,-0.01,15,44355,买盘
1504,09:35:57,29.58,--,0,0,买盘
1505,09:35:47,29.58,--,25,73950,买盘
1506,09:35:42,29.58,--,2,5916,买盘
1507,09:35:36,29.58,--,1,2958,买盘
1508,09:35:32,29.58,-0.01,7,20706,卖盘
1509,09:35:27,29.59,0.01,18,53262,中性盘
1510,09:35:17,29.58,--,2,5916,卖盘
1511,09:35:12,29.58,-0.02,2,5916,卖盘
1512,09:35:06,29.6,0.02,1,2960,买盘
1513,09:35:02,29.58,0.01,4,11832,买盘
1514,09:34:57,29.57,--,2,5914,卖盘
1515,09:34:51,29.57,--,3,8871,卖盘
1516,09:34:47,29.57,--,0,0,卖盘
1517,09:34:42,29.57,--,8,23656,卖盘
1518,09:34:32,29.57,--,10,29570,卖盘
1519,09:34:27,29.57,--,11,32527,卖盘
1520,09:34:12,29.57,--,1,2957,卖盘
1521,09:33:57,29.57,--,3,8871,卖盘
1522,09:33:47,29.57,-0.04,6,17742,卖盘
1523,09:33:42,29.61,0.04,28,82908,买盘
1524,09:33:36,29.57,--,8,23656,买盘
1525,09:33:32,29.57,0.01,30,88710,买盘
1526,09:33:27,29.56,0.01,2,5912,中性盘
1527,09:33:21,29.55,-0.01,37,109335,卖盘
1528,09:33:17,29.56,-0.02,4,11824,卖盘
1529,09:33:12,29.58,-0.04,43,127193,卖盘
1530,09:33:06,29.62,0.01,7,20734,买盘
1531,09:33:02,29.61,0.03,10,29610,买盘
1532,09:32:57,29.58,-0.04,1,2958,卖盘
1533,09:32:42,29.62,0.04,6,17772,买盘
1534,09:32:36,29.58,--,0,0,卖盘
1535,09:32:32,29.58,0.02,6,17748,中性盘
1536,09:32:26,29.56,-0.06,9,26604,卖盘
1537,09:32:21,29.62,0.04,1,2962,卖盘
1538,09:32:17,29.58,0.03,1,2958,买盘
1539,09:32:11,29.55,--,11,32505,卖盘
1540,09:32:01,29.55,-0.01,19,56145,卖盘
1541,09:31:56,29.56,-0.02,12,35472,买盘
1542,09:31:51,29.58,0.03,4,11832,买盘
1543,09:31:45,29.55,--,0,0,卖盘
1544,09:31:41,29.55,--,5,14775,卖盘
1545,09:31:36,29.55,--,23,67965,卖盘
1546,09:31:26,29.55,-0.01,3,8865,卖盘
1547,09:31:21,29.56,0.01,13,38428,中性盘
1548,09:31:15,29.55,--,1,2955,卖盘
1549,09:31:11,29.55,--,3,8865,卖盘
1550,09:31:06,29.55,--,3,8865,卖盘
1551,09:30:56,29.55,--,12,35460,买盘
1552,09:30:51,29.55,--,0,0,中性盘
1553,09:30:45,29.55,--,2,5910,买盘
1554,09:30:41,29.55,--,8,23640,卖盘
1555,09:30:36,29.55,--,2,5910,卖盘
1556,09:30:15,29.55,-0.02,3,8865,卖盘
1557,09:30:11,29.57,-0.01,15,44355,卖盘
1558,09:30:06,29.58,-0.05,67,198186,卖盘
1559,09:28:47,29.63,--,0,0,买盘
1560,09:25:03,29.63,29.63,22,65186,买盘
