,time,price,change,volume,amount,type
0,15:00:00,3.13,--,0,0,买盘
1,14:59:59,3.13,--,0,0,买盘
2,14:59:59,3.13,0.01,17,5321,买盘
3,14:59:56,3.12,-0.01,269,83928,卖盘
4,14:59:51,3.13,0.01,3102,970926,买盘
5,14:59:46,3.12,-0.01,37,11544,卖盘
6,14:59:41,3.13,--,8056,2521528,买盘
7,14:59:26,3.13,0.01,75,23475,买盘
8,14:59:21,3.12,-0.01,81,25272,卖盘
9,14:59:16,3.13,--,2,626,买盘
10,14:59:11,3.13,0.01,1645,514885,买盘
11,14:59:01,3.12,-0.01,31,9672,卖盘
12,14:58:45,3.13,--,2,626,买盘
13,14:58:41,3.13,0.01,197,61661,买盘
14,14:58:35,3.12,--,110,34320,卖盘
15,14:58:30,3.12,--,399,124488,卖盘
16,14:58:25,3.12,--,51,15912,卖盘
17,14:58:20,3.12,-0.01,5,1560,卖盘
18,14:58:05,3.13,0.01,23,7199,买盘
19,14:58:01,3.12,-0.01,50,15600,卖盘
20,14:57:50,3.13,--,25,7825,买盘
21,14:57:45,3.13,0.01,10,3130,买盘
22,14:57:39,3.12,-0.01,1096,341952,卖盘
23,14:57:30,3.13,--,169,52897,买盘
24,14:57:25,3.13,0.01,187,58531,买盘
25,14:57:20,3.12,--,32,9984,卖盘
26,14:57:15,3.12,-0.01,319,99528,卖盘
27,14:57:10,3.13,0.01,18,5634,买盘
28,14:57:01,3.12,-0.01,19,5928,卖盘
29,14:56:55,3.13,0.01,2437,763072,买盘
30,14:56:45,3.12,--,135,42120,卖盘
31,14:56:40,3.12,--,50,15600,卖盘
32,14:56:35,3.12,-0.01,271,84552,卖盘
33,14:56:30,3.13,0.01,1,313,买盘
34,14:56:25,3.12,--,192,59904,卖盘
35,14:56:20,3.12,--,36,11232,卖盘
36,14:56:15,3.12,-0.01,77,24024,卖盘
37,14:56:00,3.13,0.01,1575,492975,买盘
38,14:55:55,3.12,--,32,9984,卖盘
39,14:55:50,3.12,-0.01,150,46800,卖盘
40,14:55:45,3.13,--,202,63226,买盘
41,14:55:39,3.13,0.01,152,47576,买盘
42,14:55:35,3.12,--,993,309816,卖盘
43,14:55:30,3.12,-0.01,4,1248,卖盘
44,14:55:25,3.13,--,66,20658,买盘
45,14:55:20,3.13,--,9,2817,买盘
46,14:55:15,3.13,0.01,705,220665,买盘
47,14:55:09,3.12,--,252,78624,卖盘
48,14:55:05,3.12,--,268,83909,卖盘
49,14:55:00,3.12,-0.01,40,12480,卖盘
50,14:54:45,3.13,0.01,11,3443,买盘
51,14:54:39,3.12,--,215,67080,卖盘
52,14:54:35,3.12,--,106,33072,卖盘
53,14:54:30,3.12,-0.01,101,31512,卖盘
54,14:54:24,3.13,0.01,5,1565,买盘
55,14:54:20,3.12,--,5,1812,卖盘
56,14:54:15,3.12,--,1,312,卖盘
57,14:54:09,3.12,--,301,93912,卖盘
58,14:54:05,3.12,-0.01,1165,363723,卖盘
59,14:53:54,3.13,0.01,247,77586,买盘
60,14:53:50,3.12,-0.01,297,92664,卖盘
61,14:53:45,3.13,--,269,84484,买盘
62,14:53:39,3.13,0.01,1,313,买盘
63,14:53:35,3.12,--,106,33072,卖盘
64,14:53:30,3.12,-0.01,9,2808,卖盘
65,14:53:24,3.13,0.01,6,1878,买盘
66,14:53:20,3.12,--,1,312,卖盘
67,14:53:15,3.12,--,1546,482352,卖盘
68,14:53:09,3.12,--,935,291720,卖盘
69,14:53:05,3.12,-0.01,335,104520,卖盘
70,14:53:00,3.13,--,105,32865,买盘
71,14:52:54,3.13,0.01,1,313,买盘
72,14:52:50,3.12,--,383,119496,卖盘
73,14:52:39,3.12,-0.01,604,188448,卖盘
74,14:52:35,3.13,0.01,382,119566,买盘
75,14:52:30,3.12,--,109,34008,卖盘
76,14:52:24,3.12,-0.01,500,156000,卖盘
77,14:52:20,3.13,--,104,32552,买盘
78,14:52:15,3.13,--,171,53523,买盘
79,14:52:09,3.13,0.01,607,189991,买盘
80,14:52:05,3.12,-0.01,106,33072,卖盘
81,14:52:00,3.13,--,108,33804,买盘
82,14:51:54,3.13,--,298,93274,买盘
83,14:51:50,3.13,0.01,101,31613,买盘
84,14:51:45,3.12,-0.01,1453,453336,卖盘
85,14:51:39,3.13,0.01,4460,1395980,买盘
86,14:51:35,3.12,-0.01,5433,1695096,卖盘
87,14:51:30,3.13,--,1376,430688,买盘
88,14:51:24,3.13,--,5175,1619775,买盘
89,14:51:19,3.13,0.01,288,90144,买盘
90,14:51:15,3.12,-0.01,5,1560,卖盘
91,14:51:09,3.13,0.01,103,32239,买盘
92,14:51:05,3.12,-0.01,107,33384,卖盘
93,14:51:00,3.13,0.01,101,31613,买盘
94,14:50:54,3.12,--,5,1560,卖盘
95,14:50:49,3.12,-0.01,104,32448,卖盘
96,14:50:45,3.13,--,1224,383112,买盘
97,14:50:39,3.13,0.01,528,165264,买盘
98,14:50:34,3.12,-0.01,1379,430248,卖盘
99,14:50:30,3.13,0.01,112,35056,买盘
100,14:50:24,3.12,-0.01,73,22776,卖盘
101,14:50:18,3.13,--,332,103916,买盘
102,14:50:09,3.13,0.01,655,205015,买盘
103,14:50:03,3.12,--,355,110760,卖盘
104,14:49:59,3.12,--,104,32448,卖盘
105,14:49:54,3.12,--,40,12480,卖盘
106,14:49:48,3.12,--,1243,387816,卖盘
107,14:49:39,3.12,-0.01,246,76836,卖盘
108,14:49:33,3.13,--,2578,806914,买盘
109,14:49:29,3.13,--,409,128017,买盘
110,14:49:24,3.13,--,156,48828,买盘
111,14:49:18,3.13,--,161,50393,买盘
112,14:49:14,3.13,--,2299,719587,买盘
113,14:49:09,3.13,0.01,149,46637,买盘
114,14:49:03,3.12,-0.01,942,293904,卖盘
115,14:48:59,3.13,0.01,105,32865,买盘
116,14:48:54,3.12,-0.01,61,19032,卖盘
117,14:48:48,3.13,0.01,3292,1030396,买盘
118,14:48:44,3.12,-0.01,100,31200,卖盘
119,14:48:39,3.13,--,1808,565904,买盘
120,14:48:33,3.13,0.01,2061,645093,买盘
121,14:48:29,3.12,--,318,99216,卖盘
122,14:48:24,3.12,--,35,10920,卖盘
123,14:48:18,3.12,-0.01,100,31200,卖盘
124,14:48:14,3.13,0.01,48,15024,买盘
125,14:48:09,3.12,--,71,22152,卖盘
126,14:48:03,3.12,--,358,111696,卖盘
127,14:47:59,3.12,-0.01,105,32760,卖盘
128,14:47:54,3.13,--,50,15650,买盘
129,14:47:48,3.13,0.01,1339,419107,买盘
130,14:47:44,3.12,-0.01,111,34632,卖盘
131,14:47:39,3.13,0.01,1323,414099,买盘
132,14:47:33,3.12,-0.01,392,122304,卖盘
133,14:47:29,3.13,0.01,105,32865,买盘
134,14:47:24,3.12,-0.01,113,35256,卖盘
135,14:47:18,3.13,0.01,413,129472,买盘
136,14:47:14,3.12,--,181,56472,卖盘
137,14:47:03,3.12,--,174,54288,卖盘
138,14:46:59,3.12,--,60,18720,卖盘
139,14:46:54,3.12,-0.01,1033,322296,卖盘
140,14:46:48,3.13,--,189,59157,买盘
141,14:46:44,3.13,0.01,389,121897,买盘
142,14:46:39,3.12,--,2292,715150,卖盘
143,14:46:33,3.12,-0.01,217,67704,卖盘
144,14:46:24,3.13,0.01,537,168081,买盘
145,14:46:18,3.12,-0.01,84,26208,卖盘
146,14:46:14,3.13,0.01,216,67608,买盘
147,14:46:09,3.12,--,68,21216,卖盘
148,14:46:03,3.12,--,155,48360,卖盘
149,14:45:59,3.12,-0.01,111,34937,卖盘
150,14:45:54,3.13,--,1536,480768,买盘
151,14:45:48,3.13,0.01,175,54775,买盘
152,14:45:44,3.12,-0.01,39,12168,卖盘
153,14:45:39,3.13,--,1454,455102,买盘
154,14:45:33,3.13,--,314,98282,买盘
155,14:45:29,3.13,0.01,73,22849,买盘
156,14:45:24,3.12,--,215,67080,卖盘
157,14:45:18,3.12,-0.01,5,1560,卖盘
158,14:45:14,3.13,0.01,50,15650,买盘
159,14:45:09,3.12,-0.01,611,190632,卖盘
160,14:45:03,3.13,--,2087,653231,买盘
161,14:44:59,3.13,--,138,43194,买盘
162,14:44:54,3.13,--,2887,903631,买盘
163,14:44:44,3.13,--,1273,398449,买盘
164,14:44:39,3.13,0.01,72,22536,买盘
165,14:44:33,3.12,--,321,100152,卖盘
166,14:44:27,3.12,--,96,29952,卖盘
167,14:44:23,3.12,-0.01,114,35568,卖盘
168,14:44:13,3.13,0.01,51,15963,买盘
169,14:44:03,3.12,-0.01,225,70200,卖盘
170,14:43:58,3.13,--,2207,690791,买盘
171,14:43:53,3.13,--,63,19719,买盘
172,14:43:48,3.13,0.01,1271,397823,买盘
173,14:43:42,3.12,-0.01,511,159432,卖盘
174,14:43:38,3.13,--,4,1252,买盘
175,14:43:33,3.13,0.01,265,82945,买盘
176,14:43:27,3.12,-0.01,100,31200,卖盘
177,14:43:23,3.13,0.01,53,16589,买盘
178,14:43:18,3.12,-0.01,15,4680,卖盘
179,14:43:12,3.13,0.01,99,30987,买盘
180,14:43:08,3.12,--,3,936,卖盘
181,14:43:03,3.12,-0.01,358,111696,卖盘
182,14:42:57,3.13,0.01,1137,355881,买盘
183,14:42:53,3.12,-0.01,82,25584,卖盘
184,14:42:48,3.13,--,1272,398136,买盘
185,14:42:42,3.13,--,122,38186,买盘
186,14:42:38,3.13,0.01,5,1565,买盘
187,14:42:33,3.12,--,154,48048,卖盘
188,14:42:27,3.12,--,152,47424,卖盘
189,14:42:23,3.12,-0.01,70,21840,卖盘
190,14:42:18,3.13,0.01,3,939,买盘
191,14:42:12,3.12,--,334,104208,卖盘
192,14:42:03,3.12,-0.01,283,88296,卖盘
193,14:41:57,3.13,--,1137,355881,买盘
194,14:41:53,3.13,--,50,15650,买盘
195,14:41:48,3.13,--,1487,465431,买盘
196,14:41:42,3.13,0.01,1329,415977,买盘
197,14:41:38,3.12,--,80,24960,卖盘
198,14:41:33,3.12,-0.01,408,127296,卖盘
199,14:41:27,3.13,0.01,30,9390,买盘
200,14:41:23,3.12,--,113,35256,卖盘
201,14:41:18,3.12,-0.01,155,48360,卖盘
202,14:41:12,3.13,--,73,22849,买盘
203,14:41:03,3.13,0.01,3593,1124609,买盘
204,14:40:57,3.12,--,70,21840,卖盘
205,14:40:53,3.12,-0.01,52,16224,卖盘
206,14:40:48,3.13,0.01,2159,675767,买盘
207,14:40:42,3.12,--,250,78000,卖盘
208,14:40:33,3.12,--,163,50856,卖盘
209,14:40:27,3.12,-0.01,601,187512,卖盘
210,14:40:23,3.13,--,103,32239,买盘
211,14:40:18,3.13,--,221,69173,买盘
212,14:40:12,3.13,--,48,15024,买盘
213,14:40:08,3.13,--,3299,1032587,买盘
214,14:40:03,3.13,--,1463,457919,买盘
215,14:39:57,3.13,0.01,4571,1430723,买盘
216,14:39:53,3.12,-0.01,61,19032,卖盘
217,14:39:48,3.13,--,255,79890,买盘
218,14:39:42,3.13,--,62,19406,买盘
219,14:39:33,3.13,0.01,328,102664,买盘
220,14:39:27,3.12,--,2,624,卖盘
221,14:39:23,3.12,--,342,106704,卖盘
222,14:39:18,3.12,--,256,80071,卖盘
223,14:39:12,3.12,--,301,93912,卖盘
224,14:39:08,3.12,-0.01,983,306696,卖盘
225,14:39:03,3.13,0.01,656,205328,买盘
226,14:38:57,3.12,--,1473,459576,卖盘
227,14:38:53,3.12,-0.01,614,191568,卖盘
228,14:38:48,3.13,--,173,54149,买盘
229,14:38:42,3.13,--,150,46950,买盘
230,14:38:33,3.13,--,4892,1531196,买盘
231,14:38:27,3.13,0.01,67,20971,买盘
232,14:38:22,3.12,-0.01,188,58656,卖盘
233,14:38:18,3.13,0.01,657,205784,买盘
234,14:38:12,3.12,-0.01,122,38064,卖盘
235,14:38:06,3.13,--,1138,356194,买盘
236,14:38:03,3.13,--,397,124508,买盘
237,14:37:57,3.13,0.01,1272,398136,买盘
238,14:37:53,3.12,-0.01,119,37128,卖盘
239,14:37:48,3.13,--,3833,1199729,买盘
240,14:37:42,3.13,0.01,292,91396,买盘
241,14:37:32,3.12,--,158,49296,卖盘
242,14:37:21,3.12,-0.01,113,35256,卖盘
243,14:37:17,3.13,--,139,43507,买盘
244,14:37:12,3.13,0.01,3278,1026101,买盘
245,14:37:06,3.12,-0.01,247,77064,卖盘
246,14:37:02,3.13,--,283,88579,买盘
247,14:36:57,3.13,--,1623,507999,买盘
248,14:36:51,3.13,--,49,15337,买盘
249,14:36:47,3.13,--,86,26918,买盘
250,14:36:42,3.13,0.01,51,15963,买盘
251,14:36:36,3.12,-0.01,423,132007,卖盘
252,14:36:32,3.13,0.01,48,15024,买盘
253,14:36:27,3.12,--,3464,1080768,卖盘
254,14:36:21,3.12,-0.01,1360,424320,卖盘
255,14:36:12,3.13,0.01,1202,376226,买盘
256,14:36:06,3.12,--,114,35568,卖盘
257,14:36:02,3.12,-0.01,1396,435552,卖盘
258,14:35:57,3.13,0.01,194,60722,买盘
259,14:35:51,3.12,-0.01,191,59592,卖盘
260,14:35:47,3.13,--,258,80754,买盘
261,14:35:42,3.13,0.01,274,85762,买盘
262,14:35:36,3.12,--,106,33072,卖盘
263,14:35:32,3.12,-0.01,116,36192,卖盘
264,14:35:27,3.13,--,136,42568,买盘
265,14:35:21,3.13,0.01,48,15024,买盘
266,14:35:17,3.12,-0.01,1,312,卖盘
267,14:35:12,3.13,--,51,15963,买盘
268,14:35:06,3.13,--,639,200007,买盘
269,14:35:02,3.13,--,52,16276,买盘
270,14:34:57,3.13,0.01,3,939,买盘
271,14:34:51,3.12,--,59,18408,卖盘
272,14:34:47,3.12,-0.01,4,1248,卖盘
273,14:34:42,3.13,0.01,288,90144,买盘
274,14:34:36,3.12,-0.01,148,46176,卖盘
275,14:34:32,3.13,--,250,78250,买盘
276,14:34:27,3.13,0.01,32,10016,买盘
277,14:34:21,3.12,--,93,29016,卖盘
278,14:34:12,3.12,--,268,83616,卖盘
279,14:34:06,3.12,-0.01,107,33384,卖盘
280,14:34:02,3.13,0.01,51,15963,买盘
281,14:33:51,3.12,--,62,19344,卖盘
282,14:33:41,3.12,--,405,126360,卖盘
283,14:33:36,3.12,-0.01,132,41184,卖盘
284,14:33:32,3.13,--,52,16276,买盘
285,14:33:27,3.13,0.01,71,22223,买盘
286,14:33:21,3.12,-0.01,893,278616,卖盘
287,14:33:12,3.13,0.01,934,292342,买盘
288,14:33:06,3.12,-0.01,106,33072,卖盘
289,14:33:02,3.13,0.01,268,83884,买盘
290,14:32:56,3.12,--,122,38195,卖盘
291,14:32:51,3.12,-0.01,273,85176,卖盘
292,14:32:42,3.13,0.01,132,41316,买盘
293,14:32:36,3.12,-0.01,116,36192,卖盘
294,14:32:32,3.13,0.01,48,15024,买盘
295,14:32:26,3.12,-0.01,152,47601,卖盘
296,14:32:21,3.13,0.01,51,15963,买盘
297,14:32:17,3.12,-0.01,1,312,卖盘
298,14:32:11,3.13,0.01,49,15337,买盘
299,14:32:06,3.12,--,309,96408,卖盘
300,14:32:01,3.12,-0.01,257,80184,卖盘
301,14:31:56,3.13,--,416,130208,买盘
302,14:31:51,3.13,--,349,109237,买盘
303,14:31:41,3.13,0.01,63,19719,买盘
304,14:31:36,3.12,-0.01,169,52728,卖盘
305,14:31:30,3.13,--,49,15337,买盘
306,14:31:26,3.13,--,8,2504,买盘
307,14:31:21,3.13,--,65,20345,买盘
308,14:31:11,3.13,0.01,51,15963,买盘
309,14:31:06,3.12,-0.01,408,127296,卖盘
310,14:31:00,3.13,--,226,70738,买盘
311,14:30:51,3.13,--,48,15024,买盘
312,14:30:41,3.13,--,2648,828824,买盘
313,14:30:36,3.13,0.01,390,122070,买盘
314,14:30:30,3.12,--,495,154440,卖盘
315,14:30:26,3.12,-0.01,167,52104,卖盘
316,14:30:21,3.13,--,49,15337,买盘
317,14:30:15,3.13,--,50,15650,买盘
318,14:30:11,3.13,--,98,30674,买盘
319,14:30:06,3.13,--,590,184670,买盘
320,14:30:00,3.13,--,50,15650,买盘
321,14:29:56,3.13,--,1,313,买盘
322,14:29:51,3.13,--,54,16902,买盘
323,14:29:41,3.13,0.01,48,15024,买盘
324,14:29:36,3.12,-0.01,206,64272,卖盘
325,14:29:30,3.13,--,51,15963,买盘
326,14:29:26,3.13,--,1,313,买盘
327,14:29:21,3.13,0.01,50,15650,买盘
328,14:29:15,3.12,-0.01,61,19032,卖盘
329,14:29:11,3.13,--,49,15337,买盘
330,14:29:06,3.13,0.01,387,121131,买盘
331,14:29:00,3.12,--,289,90168,卖盘
332,14:28:56,3.12,-0.01,1,312,卖盘
333,14:28:51,3.13,0.01,51,15963,买盘
334,14:28:45,3.12,-0.01,130,40560,卖盘
335,14:28:41,3.13,0.01,51,15963,买盘
336,14:28:36,3.12,-0.01,167,52104,卖盘
337,14:28:30,3.13,--,106,33178,买盘
338,14:28:21,3.13,0.01,625,195625,买盘
339,14:28:15,3.12,-0.01,438,136656,卖盘
340,14:28:11,3.13,0.01,48,15024,买盘
341,14:28:06,3.12,-0.01,167,52104,卖盘
342,14:28:00,3.13,--,50,15650,买盘
343,14:27:56,3.13,0.01,221,69173,买盘
344,14:27:51,3.12,--,51,15912,卖盘
345,14:27:45,3.12,-0.01,1,312,卖盘
346,14:27:41,3.13,0.01,48,15024,买盘
347,14:27:36,3.12,-0.01,166,51792,卖盘
348,14:27:30,3.13,0.01,1749,547437,买盘
349,14:27:26,3.12,-0.01,15,4680,卖盘
350,14:27:21,3.13,--,274,85762,买盘
351,14:27:11,3.13,0.01,49,15337,买盘
352,14:27:06,3.12,-0.01,166,51792,卖盘
353,14:27:00,3.13,--,83,25979,买盘
354,14:26:51,3.13,--,57,17841,买盘
355,14:26:45,3.13,--,2,626,买盘
356,14:26:41,3.13,0.01,50,15650,买盘
357,14:26:36,3.12,-0.01,166,51792,卖盘
358,14:26:30,3.13,0.01,260,81380,买盘
359,14:26:21,3.12,-0.01,143,44616,卖盘
360,14:26:11,3.13,0.01,74,23162,买盘
361,14:26:05,3.12,-0.01,279,87048,卖盘
362,14:26:00,3.13,0.01,112,35056,买盘
363,14:25:50,3.12,-0.01,365,113880,卖盘
364,14:25:45,3.13,--,546,170898,买盘
365,14:25:39,3.13,--,51,15963,买盘
366,14:25:35,3.13,--,478,149614,买盘
367,14:25:30,3.13,--,332,103916,买盘
368,14:25:24,3.13,0.01,2,626,买盘
369,14:25:20,3.12,-0.01,42,13104,卖盘
370,14:25:15,3.13,--,2,626,买盘
371,14:25:09,3.13,--,252,78876,买盘
372,14:25:05,3.13,--,227,71051,买盘
373,14:25:00,3.13,--,4,1252,买盘
374,14:24:54,3.13,0.01,1,313,买盘
375,14:24:50,3.12,--,25,7800,卖盘
376,14:24:45,3.12,--,257,80184,卖盘
377,14:24:39,3.12,--,1,312,卖盘
378,14:24:35,3.12,--,1485,463320,卖盘
379,14:24:30,3.12,-0.01,10,3120,卖盘
380,14:24:24,3.13,0.01,210,65730,买盘
381,14:24:15,3.12,--,243,75816,卖盘
382,14:24:05,3.12,--,174,54288,买盘
383,14:24:00,3.12,--,119,37128,买盘
384,14:23:54,3.12,-0.01,1,312,买盘
385,14:23:50,3.13,0.01,281,87953,买盘
386,14:23:45,3.12,--,438,136656,买盘
387,14:23:35,3.12,--,10062,3139344,买盘
388,14:23:24,3.12,0.01,10,3120,买盘
389,14:23:05,3.11,--,169,52559,卖盘
390,14:23:00,3.11,--,411,127821,卖盘
391,14:22:54,3.11,--,1,311,卖盘
392,14:22:39,3.11,--,357,111027,卖盘
393,14:22:35,3.11,-0.01,167,51937,卖盘
394,14:22:30,3.12,0.01,50,15600,买盘
395,14:22:15,3.11,-0.01,1,311,卖盘
396,14:22:09,3.12,0.01,100,31200,买盘
397,14:22:05,3.11,-0.01,64,19904,卖盘
398,14:22:00,3.12,--,107,33384,买盘
399,14:21:54,3.12,--,276,86112,买盘
400,14:21:45,3.12,0.01,222,69264,买盘
401,14:21:35,3.11,-0.01,167,51937,卖盘
402,14:21:30,3.12,--,661,206232,买盘
403,14:21:24,3.12,--,854,266448,买盘
404,14:21:15,3.12,--,121,37752,买盘
405,14:21:05,3.12,0.01,261,81432,买盘
406,14:21:00,3.11,-0.01,547,170117,卖盘
407,14:20:54,3.12,0.01,89,27768,买盘
408,14:20:45,3.11,-0.01,1,311,卖盘
409,14:20:39,3.12,0.01,212,66144,买盘
410,14:20:35,3.11,--,217,67487,卖盘
411,14:20:20,3.11,-0.01,245,76195,卖盘
412,14:20:09,3.12,0.01,305,95160,买盘
413,14:20:05,3.11,-0.01,61,18971,卖盘
414,14:20:00,3.12,--,52,16224,买盘
415,14:19:54,3.12,--,68,21216,买盘
416,14:19:49,3.12,0.01,5,1560,买盘
417,14:19:39,3.11,-0.01,120,37320,卖盘
418,14:19:34,3.12,--,207,64584,买盘
419,14:19:14,3.12,--,76,23712,买盘
420,14:19:09,3.12,0.01,962,300144,买盘
421,14:19:04,3.11,--,158,49138,卖盘
422,14:19:00,3.11,-0.01,171,53181,卖盘
423,14:18:54,3.12,--,210,65520,买盘
424,14:18:48,3.12,0.01,32,9984,买盘
425,14:18:39,3.11,--,66,20526,卖盘
426,14:18:24,3.11,-0.01,10,3110,卖盘
427,14:18:18,3.12,0.01,17,5304,买盘
428,14:18:09,3.11,--,298,92678,卖盘
429,14:18:03,3.11,--,106,32966,卖盘
430,14:17:59,3.11,-0.01,108,33588,卖盘
431,14:17:54,3.12,--,30,9360,买盘
432,14:17:44,3.12,--,10,3120,买盘
433,14:17:39,3.12,--,105,32760,买盘
434,14:17:29,3.12,--,20,6240,买盘
435,14:17:18,3.12,0.01,36,11232,买盘
436,14:17:14,3.11,--,13,4043,卖盘
437,14:17:09,3.11,--,829,257819,卖盘
438,14:17:03,3.11,--,106,32966,卖盘
439,14:16:59,3.11,-0.01,334,103874,卖盘
440,14:16:54,3.12,--,221,68952,买盘
441,14:16:48,3.12,--,6,1872,买盘
442,14:16:44,3.12,--,12,3744,买盘
443,14:16:39,3.12,--,160,49920,买盘
444,14:16:29,3.12,--,10,3120,买盘
445,14:16:18,3.12,--,471,146952,买盘
446,14:16:09,3.12,0.01,146,45552,买盘
447,14:16:03,3.11,--,107,33277,卖盘
448,14:15:59,3.11,-0.01,106,32966,卖盘
449,14:15:54,3.12,--,269,83928,买盘
450,14:15:44,3.12,0.01,11,3432,买盘
451,14:15:33,3.11,-0.01,172,53492,卖盘
452,14:15:29,3.12,0.01,10,3120,买盘
453,14:15:24,3.11,-0.01,51,15861,卖盘
454,14:15:18,3.12,--,21,6552,买盘
455,14:15:09,3.12,--,972,303264,买盘
456,14:15:03,3.12,0.01,249,77688,买盘
457,14:14:59,3.11,-0.01,174,54114,卖盘
458,14:14:54,3.12,0.01,231,72072,买盘
459,14:14:48,3.11,--,20,6220,卖盘
460,14:14:39,3.11,--,7,2177,卖盘
461,14:14:33,3.11,--,229,71219,卖盘
462,14:14:29,3.11,-0.01,13,4043,卖盘
463,14:14:24,3.12,--,7,2184,买盘
464,14:14:18,3.12,0.01,411,128232,买盘
465,14:14:14,3.11,--,63,19593,卖盘
466,14:14:09,3.11,--,1215,377865,卖盘
467,14:14:03,3.11,--,2,622,卖盘
468,14:13:59,3.11,-0.01,106,32966,卖盘
469,14:13:54,3.12,--,1,312,买盘
470,14:13:48,3.12,0.01,251,78312,买盘
471,14:13:33,3.11,-0.01,106,32966,卖盘
472,14:13:29,3.12,--,10,3120,买盘
473,14:13:24,3.12,--,154,48048,买盘
474,14:13:18,3.12,0.01,7,2184,买盘
475,14:13:13,3.11,-0.01,29,9019,卖盘
476,14:13:09,3.12,--,10,3120,买盘
477,14:13:03,3.12,0.01,22,6864,买盘
478,14:12:54,3.11,--,101,31411,卖盘
479,14:12:48,3.11,-0.01,1089,338679,卖盘
480,14:12:43,3.12,0.01,50,15600,买盘
481,14:12:38,3.11,--,64,19904,卖盘
482,14:12:33,3.11,--,109,33899,卖盘
483,14:12:28,3.11,-0.01,77,23947,卖盘
484,14:12:18,3.12,0.01,223,69576,买盘
485,14:12:08,3.11,--,87,27060,卖盘
486,14:12:03,3.11,--,107,33277,卖盘
487,14:11:57,3.11,--,2238,696018,卖盘
488,14:11:53,3.11,-0.01,278,86458,卖盘
489,14:11:48,3.12,0.01,291,90792,买盘
490,14:11:42,3.11,-0.01,114,35454,卖盘
491,14:11:38,3.12,--,164,51168,买盘
492,14:11:33,3.12,--,208,64896,买盘
493,14:11:27,3.12,0.01,11,3432,买盘
494,14:11:23,3.11,--,1,311,卖盘
495,14:11:12,3.11,-0.01,9,2799,卖盘
496,14:11:08,3.12,0.01,10,3120,买盘
497,14:11:03,3.11,--,169,52559,卖盘
498,14:10:57,3.11,-0.01,108,33588,卖盘
499,14:10:53,3.12,--,1,312,买盘
500,14:10:48,3.12,0.01,223,69576,买盘
501,14:10:42,3.11,-0.01,215,66865,卖盘
502,14:10:38,3.12,0.01,10,3120,买盘
503,14:10:33,3.11,-0.01,1,311,卖盘
504,14:10:27,3.12,0.01,10,3120,买盘
505,14:10:23,3.11,--,201,62511,卖盘
506,14:10:12,3.11,--,500,155500,卖盘
507,14:10:08,3.11,--,11,3421,卖盘
508,14:10:03,3.11,--,107,33277,卖盘
509,14:09:56,3.11,-0.01,109,33899,卖盘
510,14:09:53,3.12,0.01,68,21216,买盘
511,14:09:48,3.11,--,301,93611,卖盘
512,14:09:42,3.11,--,31,9641,卖盘
513,14:09:33,3.11,-0.01,10,3110,卖盘
514,14:09:27,3.12,--,10,3120,买盘
515,14:09:23,3.12,0.01,6,1872,买盘
516,14:09:18,3.11,--,10,3110,卖盘
517,14:09:12,3.11,--,1,311,卖盘
518,14:09:08,3.11,--,32,9952,卖盘
519,14:09:03,3.11,--,106,32966,卖盘
520,14:08:57,3.11,--,106,32966,卖盘
521,14:08:53,3.11,--,6,1866,卖盘
522,14:08:48,3.11,-0.01,205,63944,卖盘
523,14:08:38,3.12,0.01,221,68952,买盘
524,14:08:33,3.11,-0.01,323,100456,卖盘
525,14:08:27,3.12,--,10,3120,买盘
526,14:08:23,3.12,--,10,3120,买盘
527,14:08:18,3.12,--,373,116591,买盘
528,14:08:08,3.12,--,10,3120,买盘
529,14:08:03,3.12,0.01,23,7179,买盘
530,14:07:56,3.11,--,108,33588,卖盘
531,14:07:53,3.11,-0.01,22,6842,卖盘
532,14:07:48,3.12,0.01,111,34632,买盘
533,14:07:42,3.11,-0.01,16,4976,卖盘
534,14:07:38,3.12,0.01,100,31203,买盘
535,14:07:33,3.11,-0.01,111,34521,卖盘
536,14:07:23,3.12,0.01,237,73944,买盘
537,14:07:18,3.11,-0.01,246,76509,卖盘
538,14:07:08,3.12,--,31,9672,买盘
539,14:07:03,3.12,--,247,77064,买盘
540,14:06:57,3.12,0.01,74,23088,买盘
541,14:06:53,3.11,-0.01,143,44473,卖盘
542,14:06:48,3.12,0.01,70,21840,买盘
543,14:06:41,3.11,-0.01,152,47272,卖盘
544,14:06:37,3.12,--,20,6240,买盘
545,14:06:32,3.12,--,50,15600,买盘
546,14:06:27,3.12,--,10,3120,买盘
547,14:06:17,3.12,0.01,411,128232,买盘
548,14:06:12,3.11,-0.01,4,1247,卖盘
549,14:06:08,3.12,--,110,34320,买盘
550,14:06:03,3.12,--,123,38376,买盘
551,14:05:57,3.12,0.01,302,94224,卖盘
552,14:05:52,3.11,--,421,131217,卖盘
553,14:05:48,3.11,-0.01,1843,573173,卖盘
554,14:05:42,3.12,--,171,53383,卖盘
555,14:05:35,3.12,--,280,87428,买盘
556,14:05:32,3.12,--,1283,400567,卖盘
557,14:05:26,3.12,0.01,1108,345736,买盘
558,14:05:22,3.11,-0.01,176,54736,卖盘
559,14:05:18,3.12,0.01,167,52104,买盘
560,14:05:11,3.11,-0.01,696,216567,卖盘
561,14:05:05,3.12,--,10,3120,买盘
562,14:05:02,3.12,0.01,428,133536,买盘
563,14:04:57,3.11,-0.01,312,97032,卖盘
564,14:04:51,3.12,--,95,29640,买盘
565,14:04:47,3.12,--,359,112008,买盘
566,14:04:42,3.12,--,444,138811,买盘
567,14:04:35,3.12,--,155,48360,买盘
568,14:04:32,3.12,--,2703,843336,买盘
569,14:04:26,3.12,0.01,556,173640,买盘
570,14:04:20,3.11,--,226,70286,卖盘
571,14:04:17,3.11,-0.01,389,120979,卖盘
572,14:04:12,3.12,--,1156,360672,买盘
573,14:04:06,3.12,0.01,186,58032,买盘
574,14:04:02,3.11,-0.01,558,173538,卖盘
575,14:03:57,3.12,--,11309,3528408,买盘
576,14:03:50,3.12,--,50,15600,买盘
577,14:03:47,3.12,0.01,70,21840,买盘
578,14:03:41,3.11,-0.01,447,139259,卖盘
579,14:03:35,3.12,--,15,4680,买盘
580,14:03:32,3.12,0.01,100,31200,买盘
581,14:03:26,3.11,-0.01,199,61889,卖盘
582,14:03:20,3.12,0.01,5,1560,买盘
583,14:03:17,3.11,-0.01,137,42607,卖盘
584,14:03:11,3.12,--,296,92464,买盘
585,14:03:05,3.12,0.01,10,3120,买盘
586,14:03:02,3.11,--,346,107870,卖盘
587,14:02:56,3.11,-0.01,187,58293,卖盘
588,14:02:50,3.12,--,117,36803,买盘
589,14:02:47,3.12,0.01,13,4056,买盘
590,14:02:41,3.11,-0.01,261,81171,卖盘
591,14:02:26,3.12,--,12,3744,买盘
592,14:02:20,3.12,--,2,624,买盘
593,14:02:17,3.12,--,1,312,买盘
594,14:02:11,3.12,--,2,624,买盘
595,14:02:05,3.12,0.01,10,3120,买盘
596,14:02:02,3.11,--,258,80238,卖盘
597,14:01:56,3.11,-0.01,1,311,卖盘
598,14:01:50,3.12,--,223,69576,买盘
599,14:01:47,3.12,--,21,6552,买盘
600,14:01:35,3.12,0.01,1040,324598,买盘
601,14:01:32,3.11,-0.01,198,61578,卖盘
602,14:01:26,3.12,0.01,95,29749,买盘
603,14:01:20,3.11,--,1,311,卖盘
604,14:01:17,3.11,--,77,24096,卖盘
605,14:01:11,3.11,-0.01,281,87391,卖盘
606,14:01:05,3.12,0.01,30,9360,买盘
607,14:01:02,3.11,-0.01,106,32966,卖盘
608,14:00:56,3.12,--,107,33521,买盘
609,14:00:47,3.12,0.01,199,62088,买盘
610,14:00:41,3.11,-0.01,80,24880,卖盘
611,14:00:35,3.12,--,155,48360,买盘
612,14:00:32,3.12,--,226,70736,买盘
613,14:00:26,3.12,--,11,3432,买盘
614,14:00:20,3.12,0.01,54,16848,买盘
615,14:00:17,3.11,--,142,44162,卖盘
616,14:00:11,3.11,-0.01,2,622,卖盘
617,14:00:05,3.12,0.01,192,59904,买盘
618,14:00:02,3.11,-0.01,217,67487,卖盘
619,13:59:56,3.12,--,1,312,买盘
620,13:59:46,3.12,0.01,19,5928,买盘
621,13:59:41,3.11,-0.01,17,5287,卖盘
622,13:59:35,3.12,--,614,191568,买盘
623,13:59:26,3.12,--,30,9360,买盘
624,13:59:20,3.12,0.01,5,1560,买盘
625,13:59:16,3.11,--,2,622,卖盘
626,13:59:11,3.11,--,100,31100,卖盘
627,13:59:05,3.11,--,233,72463,卖盘
628,13:58:56,3.11,-0.01,51,15861,卖盘
629,13:58:50,3.12,--,1,312,买盘
630,13:58:44,3.12,--,11,3432,买盘
631,13:58:35,3.12,--,308,96096,买盘
632,13:58:29,3.12,--,50,15600,买盘
633,13:58:26,3.12,--,54,16848,买盘
634,13:58:20,3.12,0.01,394,122928,买盘
635,13:58:14,3.11,--,10,3110,卖盘
636,13:58:11,3.11,-0.01,159,49449,卖盘
637,13:58:05,3.12,0.01,412,128544,买盘
638,13:57:59,3.11,--,106,32966,卖盘
639,13:57:56,3.11,--,155,48205,卖盘
640,13:57:50,3.11,--,11,3421,卖盘
641,13:57:41,3.11,--,13,4043,卖盘
642,13:57:35,3.11,-0.01,294,91434,卖盘
643,13:57:26,3.12,0.01,98,30576,买盘
644,13:57:20,3.11,-0.01,136,42296,卖盘
645,13:57:11,3.12,0.01,233,72696,买盘
646,13:57:05,3.11,--,335,104185,卖盘
647,13:56:59,3.11,--,178,55569,卖盘
648,13:56:56,3.11,--,213,66243,卖盘
649,13:56:50,3.11,-0.01,2,622,卖盘
650,13:56:44,3.12,0.01,221,68952,买盘
651,13:56:35,3.11,--,410,127510,卖盘
652,13:56:29,3.11,-0.01,5,1555,卖盘
653,13:56:14,3.12,0.01,342,106704,买盘
654,13:56:11,3.11,-0.01,142,44162,卖盘
655,13:56:05,3.12,0.01,335,104520,买盘
656,13:55:59,3.11,-0.01,106,32966,卖盘
657,13:55:56,3.12,0.01,202,63024,买盘
658,13:55:44,3.11,--,6,1866,卖盘
659,13:55:41,3.11,--,92,28612,卖盘
660,13:55:29,3.11,--,136,42296,卖盘
661,13:55:26,3.11,--,12,3732,卖盘
662,13:55:20,3.11,--,261,81171,卖盘
663,13:55:14,3.11,--,640,199040,卖盘
664,13:55:11,3.11,-0.01,198,61578,卖盘
665,13:55:05,3.12,0.01,353,110136,买盘
666,13:54:59,3.11,-0.01,106,32966,卖盘
667,13:54:56,3.12,--,4,1248,买盘
668,13:54:50,3.12,--,41,12792,买盘
669,13:54:41,3.12,0.01,133,41496,买盘
670,13:54:35,3.11,-0.01,236,73396,卖盘
671,13:54:29,3.12,0.01,1,312,买盘
672,13:54:26,3.11,-0.01,1,311,卖盘
673,13:54:20,3.12,0.01,283,88296,买盘
674,13:54:14,3.11,--,5,1555,卖盘
675,13:54:11,3.11,-0.01,102,31722,卖盘
676,13:54:05,3.12,--,236,73632,买盘
677,13:53:59,3.12,0.01,120,37440,买盘
678,13:53:50,3.11,-0.01,170,52870,卖盘
679,13:53:44,3.12,0.01,219,68328,买盘
680,13:53:41,3.11,-0.01,92,28612,卖盘
681,13:53:35,3.12,--,156,48672,买盘
682,13:53:29,3.12,0.01,10,3120,买盘
683,13:53:20,3.11,--,181,56291,卖盘
684,13:53:14,3.11,-0.01,3,933,卖盘
685,13:53:11,3.12,0.01,130,40560,买盘
686,13:53:05,3.11,--,20,6220,卖盘
687,13:52:59,3.11,-0.01,106,32966,卖盘
688,13:52:56,3.12,0.01,264,82368,买盘
689,13:52:44,3.11,-0.01,182,56602,卖盘
690,13:52:41,3.12,0.01,129,40248,买盘
691,13:52:35,3.11,-0.01,106,32966,卖盘
692,13:52:29,3.12,0.01,27,8424,买盘
693,13:52:26,3.11,--,56,17416,卖盘
694,13:52:20,3.11,--,44,13684,卖盘
695,13:52:14,3.11,-0.01,310,96410,卖盘
696,13:52:05,3.12,0.01,400,124800,买盘
697,13:51:59,3.11,-0.01,11,3421,卖盘
698,13:51:55,3.12,0.01,164,51168,买盘
699,13:51:50,3.11,--,130,40430,卖盘
700,13:51:44,3.11,--,296,92056,卖盘
701,13:51:40,3.11,-0.01,204,63475,卖盘
702,13:51:35,3.12,0.01,111,34632,买盘
703,13:51:29,3.11,--,176,54736,卖盘
704,13:51:20,3.11,--,265,82467,卖盘
705,13:51:14,3.11,--,194,60334,卖盘
706,13:51:08,3.11,--,40,12440,卖盘
707,13:51:05,3.11,--,106,32966,卖盘
708,13:50:59,3.11,-0.01,116,36076,卖盘
709,13:50:50,3.12,0.01,50,15600,买盘
710,13:50:44,3.11,--,392,121912,卖盘
711,13:50:38,3.11,-0.01,201,62511,卖盘
712,13:50:23,3.12,0.01,17,5304,买盘
713,13:50:20,3.11,-0.01,152,47359,卖盘
714,13:50:14,3.12,--,152,47424,买盘
715,13:50:08,3.12,--,20,6240,买盘
716,13:50:05,3.12,--,109,34008,买盘
717,13:49:59,3.12,0.01,286,89232,买盘
718,13:49:53,3.11,-0.01,11,3421,卖盘
719,13:49:50,3.12,0.01,33,10296,买盘
720,13:49:44,3.11,--,377,117247,卖盘
721,13:49:38,3.11,-0.01,21,6531,卖盘
722,13:49:35,3.12,0.01,89,27768,买盘
723,13:49:29,3.11,-0.01,344,107211,卖盘
724,13:49:23,3.12,0.01,3,936,买盘
725,13:49:20,3.11,--,92,28612,卖盘
726,13:49:14,3.11,-0.01,102,31722,卖盘
727,13:49:08,3.12,0.01,131,40872,买盘
728,13:49:05,3.11,--,463,144132,卖盘
729,13:48:59,3.11,-0.01,398,123874,卖盘
730,13:48:50,3.12,0.01,332,103584,买盘
731,13:48:44,3.11,--,1,311,卖盘
732,13:48:38,3.11,--,98,30574,卖盘
733,13:48:35,3.11,--,311,96721,卖盘
734,13:48:29,3.11,-0.01,47,14617,卖盘
735,13:48:23,3.12,0.01,20,6240,买盘
736,13:48:20,3.11,-0.01,220,68516,卖盘
737,13:48:14,3.12,0.01,185,57720,买盘
738,13:48:08,3.11,-0.01,1,311,卖盘
739,13:48:05,3.12,0.01,158,49296,买盘
740,13:47:59,3.11,-0.01,361,112298,卖盘
741,13:47:53,3.12,0.01,167,52104,买盘
742,13:47:50,3.11,--,317,98587,卖盘
743,13:47:44,3.11,-0.01,1,311,卖盘
744,13:47:38,3.12,--,36,11232,买盘
745,13:47:35,3.12,--,358,111696,买盘
746,13:47:29,3.12,--,372,116064,买盘
747,13:47:23,3.12,--,30,9360,买盘
748,13:47:20,3.12,0.01,207,64584,买盘
749,13:47:14,3.11,-0.01,972,302292,卖盘
750,13:47:08,3.12,--,10,3120,买盘
751,13:47:05,3.12,--,261,81432,买盘
752,13:46:59,3.12,--,564,176105,买盘
753,13:46:53,3.12,--,294,91728,买盘
754,13:46:50,3.12,--,170,53040,买盘
755,13:46:44,3.12,--,56,17512,买盘
756,13:46:38,3.12,--,234,73008,买盘
757,13:46:35,3.12,0.01,485,151320,买盘
758,13:46:29,3.11,-0.01,84,26124,卖盘
759,13:46:23,3.12,0.01,222,69264,买盘
760,13:46:20,3.11,-0.01,456,142027,卖盘
761,13:46:14,3.12,0.01,294,91728,买盘
762,13:46:08,3.11,-0.01,152,47272,卖盘
763,13:46:05,3.12,0.01,613,191256,买盘
764,13:45:59,3.11,-0.01,258,80346,卖盘
765,13:45:53,3.12,0.01,26,8112,买盘
766,13:45:50,3.11,-0.01,756,235116,卖盘
767,13:45:44,3.12,--,112,34944,买盘
768,13:45:38,3.12,--,26,8112,买盘
769,13:45:35,3.12,--,206,64272,买盘
770,13:45:29,3.12,0.01,40,12480,买盘
771,13:45:23,3.11,--,1,311,卖盘
772,13:45:19,3.11,-0.01,108,33588,卖盘
773,13:45:14,3.12,--,11,3432,买盘
774,13:45:04,3.12,0.01,182,56784,买盘
775,13:44:59,3.11,--,95,29545,卖盘
776,13:44:49,3.11,-0.01,777,241898,卖盘
777,13:44:44,3.12,--,200,62400,买盘
778,13:44:38,3.12,--,248,77376,买盘
779,13:44:34,3.12,--,156,48672,买盘
780,13:44:29,3.12,--,46,14352,买盘
781,13:44:23,3.12,--,951,296712,买盘
782,13:44:19,3.12,--,33,10296,买盘
783,13:44:14,3.12,0.01,50,15600,买盘
784,13:44:08,3.11,--,201,62511,卖盘
785,13:44:04,3.11,--,106,32966,卖盘
786,13:43:59,3.11,-0.01,106,32966,卖盘
787,13:43:53,3.12,--,146,45552,买盘
788,13:43:44,3.12,--,10,3120,买盘
789,13:43:34,3.12,--,2,624,买盘
790,13:43:29,3.12,--,98,30576,买盘
791,13:43:23,3.12,0.01,1112,346944,买盘
792,13:43:14,3.11,--,52,16172,卖盘
793,13:43:02,3.11,--,156,48516,卖盘
794,13:42:59,3.11,--,256,79616,卖盘
795,13:42:53,3.11,-0.01,1,311,卖盘
796,13:42:44,3.12,0.01,896,279552,买盘
797,13:42:38,3.11,--,3,933,卖盘
798,13:42:29,3.11,--,192,59712,卖盘
799,13:42:23,3.11,-0.01,688,213971,卖盘
800,13:42:14,3.12,--,10,3120,买盘
801,13:42:08,3.12,0.01,145,45240,买盘
802,13:42:02,3.11,-0.01,286,88946,卖盘
803,13:41:59,3.12,--,199,62088,买盘
804,13:41:53,3.12,--,26,8112,买盘
805,13:41:44,3.12,0.01,245,76440,买盘
806,13:41:38,3.11,--,1068,332148,卖盘
807,13:41:29,3.11,--,177,55047,卖盘
808,13:41:17,3.11,-0.01,2,622,卖盘
809,13:41:14,3.12,0.01,233,72696,买盘
810,13:41:08,3.11,--,203,63133,卖盘
811,13:41:02,3.11,--,106,32966,卖盘
812,13:40:59,3.11,-0.01,203,63133,卖盘
813,13:40:53,3.12,--,23,7176,买盘
814,13:40:47,3.12,0.01,2,624,买盘
815,13:40:44,3.11,-0.01,35,10919,卖盘
816,13:40:38,3.12,0.01,35,10920,买盘
817,13:40:32,3.11,--,148,46040,卖盘
818,13:40:29,3.11,-0.01,92,28612,卖盘
819,13:40:23,3.12,--,31,9672,买盘
820,13:40:02,3.12,0.01,103,32136,买盘
821,13:39:59,3.11,-0.01,298,92678,卖盘
822,13:39:44,3.12,--,452,141024,买盘
823,13:39:38,3.12,0.01,2,624,买盘
824,13:39:32,3.11,-0.01,760,236431,卖盘
825,13:39:28,3.12,--,492,153504,买盘
826,13:38:58,3.12,--,233,72696,买盘
827,13:38:53,3.12,--,11,3432,买盘
828,13:38:43,3.12,0.01,53,16536,买盘
829,13:38:32,3.11,--,106,32966,卖盘
830,13:38:28,3.11,-0.01,222,69042,卖盘
831,13:38:23,3.12,--,578,180336,买盘
832,13:38:17,3.12,0.01,90,28080,买盘
833,13:38:02,3.11,--,152,47362,卖盘
834,13:37:58,3.11,--,231,71841,卖盘
835,13:37:47,3.11,--,1,311,卖盘
836,13:37:43,3.11,-0.01,4,1244,卖盘
837,13:37:38,3.12,--,1,312,买盘
838,13:37:32,3.12,--,223,69576,买盘
839,13:37:28,3.12,--,2,624,买盘
840,13:37:23,3.12,0.01,296,92645,买盘
841,13:37:17,3.11,-0.01,112,34832,卖盘
842,13:37:08,3.12,0.01,10,3120,买盘
843,13:37:02,3.11,--,533,165763,卖盘
844,13:36:58,3.11,--,152,47343,卖盘
845,13:36:53,3.11,-0.01,155,48307,卖盘
846,13:36:47,3.12,--,3,936,买盘
847,13:36:38,3.12,0.01,3,936,买盘
848,13:36:32,3.11,--,92,28612,卖盘
849,13:36:28,3.11,-0.01,16,4976,卖盘
850,13:36:08,3.12,--,17,5304,买盘
851,13:36:02,3.12,0.01,352,109824,买盘
852,13:35:58,3.11,-0.01,106,33112,卖盘
853,13:35:53,3.12,0.01,124,38688,买盘
854,13:35:47,3.11,-0.01,13,4043,卖盘
855,13:35:38,3.12,0.01,359,112154,买盘
856,13:35:32,3.11,--,92,28612,卖盘
857,13:35:23,3.11,--,5,1555,卖盘
858,13:35:17,3.11,-0.01,199,62035,卖盘
859,13:35:11,3.12,--,32,9984,买盘
860,13:35:08,3.12,0.01,22,6864,买盘
861,13:35:02,3.11,--,314,97654,卖盘
862,13:34:56,3.11,-0.01,108,33734,卖盘
863,13:34:53,3.12,0.01,33,10296,买盘
864,13:34:47,3.11,-0.01,706,219566,卖盘
865,13:34:41,3.12,--,87,27144,买盘
866,13:34:38,3.12,--,140,43680,买盘
867,13:34:32,3.12,--,31,9672,买盘
868,13:34:26,3.12,--,100,31200,买盘
869,13:34:23,3.12,--,233,72696,买盘
870,13:34:17,3.12,--,18,5616,买盘
871,13:34:08,3.12,0.01,94,29328,买盘
872,13:34:02,3.11,--,274,85214,卖盘
873,13:33:56,3.11,--,379,117934,卖盘
874,13:33:53,3.11,-0.01,50,15550,卖盘
875,13:33:47,3.12,0.01,128,39936,买盘
876,13:33:41,3.11,-0.01,172,53492,卖盘
877,13:33:38,3.12,0.01,531,165906,买盘
878,13:33:32,3.11,--,281,87391,卖盘
879,13:33:23,3.11,--,157,48851,卖盘
880,13:33:17,3.11,--,236,73629,卖盘
881,13:33:08,3.11,--,389,120979,卖盘
882,13:33:02,3.11,--,1186,368846,卖盘
883,13:32:56,3.11,-0.01,735,228585,卖盘
884,13:32:53,3.12,--,457,142584,买盘
885,13:32:47,3.12,--,1,312,买盘
886,13:32:41,3.12,0.01,2,624,买盘
887,13:32:38,3.11,--,92,28612,卖盘
888,13:32:32,3.11,-0.01,108,33588,卖盘
889,13:32:22,3.12,--,27,8424,买盘
890,13:32:17,3.12,0.01,303,94832,买盘
891,13:32:08,3.11,--,92,28612,卖盘
892,13:32:02,3.11,--,135,41985,卖盘
893,13:31:52,3.11,--,1375,427892,卖盘
894,13:31:41,3.11,--,3,933,卖盘
895,13:31:37,3.11,--,91,28301,卖盘
896,13:31:32,3.11,-0.01,639,198996,卖盘
897,13:31:26,3.12,0.01,5,1560,买盘
898,13:31:17,3.11,--,1,311,卖盘
899,13:31:07,3.11,-0.01,91,28301,卖盘
900,13:31:02,3.12,--,200,62400,买盘
901,13:30:56,3.12,0.01,35,10920,买盘
902,13:30:52,3.11,--,3,933,卖盘
903,13:30:47,3.11,--,4,1244,卖盘
904,13:30:37,3.11,--,91,28301,卖盘
905,13:30:32,3.11,--,106,32966,卖盘
906,13:30:26,3.11,-0.01,1,311,卖盘
907,13:30:22,3.12,0.01,34,10608,买盘
908,13:30:07,3.11,-0.01,364,113204,卖盘
909,13:30:02,3.12,--,468,146016,买盘
910,13:29:52,3.12,0.01,898,280425,买盘
911,13:29:47,3.11,--,170,52870,卖盘
912,13:29:41,3.11,--,92,28612,卖盘
913,13:29:32,3.11,-0.01,400,124487,卖盘
914,13:29:26,3.12,0.01,60,18720,买盘
915,13:29:11,3.11,--,431,134068,卖盘
916,13:29:02,3.11,--,244,75884,卖盘
917,13:28:56,3.11,--,1,311,卖盘
918,13:28:52,3.11,--,309,96406,卖盘
919,13:28:47,3.11,--,1,311,卖盘
920,13:28:41,3.11,-0.01,102,31722,卖盘
921,13:28:32,3.12,0.01,823,257066,买盘
922,13:28:26,3.11,-0.01,204,63590,卖盘
923,13:28:22,3.12,0.01,24,7488,买盘
924,13:28:17,3.11,--,170,52870,卖盘
925,13:28:11,3.11,--,103,32033,卖盘
926,13:28:02,3.11,-0.01,341,106051,卖盘
927,13:27:56,3.12,--,94,29328,买盘
928,13:27:50,3.12,0.01,50,15600,买盘
929,13:27:41,3.11,-0.01,112,34832,卖盘
930,13:27:32,3.12,0.01,54,16848,买盘
931,13:27:26,3.11,-0.01,805,250355,卖盘
932,13:27:20,3.12,0.01,226,70512,买盘
933,13:27:17,3.11,-0.01,148,46028,卖盘
934,13:27:11,3.12,0.01,186,58188,买盘
935,13:27:02,3.11,-0.01,435,135285,卖盘
936,13:26:47,3.12,--,212,66144,买盘
937,13:26:41,3.12,0.01,110,34320,买盘
938,13:26:32,3.11,--,428,133108,卖盘
939,13:26:20,3.11,--,1,311,卖盘
940,13:26:17,3.11,-0.01,324,100764,卖盘
941,13:26:11,3.12,0.01,849,264888,买盘
942,13:26:02,3.11,--,107,33277,卖盘
943,13:25:56,3.11,--,1,311,卖盘
944,13:25:47,3.11,-0.01,96,29856,卖盘
945,13:25:41,3.12,--,43,13416,买盘
946,13:25:35,3.12,0.01,102,31824,买盘
947,13:25:31,3.11,--,106,32966,卖盘
948,13:25:16,3.11,-0.01,296,92056,卖盘
949,13:25:11,3.12,0.01,3,936,买盘
950,13:25:01,3.11,--,148,46028,卖盘
951,13:24:56,3.11,--,60,18660,卖盘
952,13:24:50,3.11,--,16,4976,卖盘
953,13:24:46,3.11,-0.01,221,68731,卖盘
954,13:24:41,3.12,--,42,13104,买盘
955,13:24:35,3.12,0.01,18,5616,买盘
956,13:24:31,3.11,-0.01,182,56676,卖盘
957,13:24:26,3.12,--,20,6240,买盘
958,13:24:20,3.12,0.01,20,6240,买盘
959,13:24:16,3.11,--,91,28301,卖盘
960,13:24:11,3.11,-0.01,82,25576,卖盘
961,13:24:05,3.12,--,232,72384,买盘
962,13:24:01,3.12,0.01,7,2184,买盘
963,13:23:56,3.11,--,660,205362,卖盘
964,13:23:50,3.11,--,130,40430,卖盘
965,13:23:46,3.11,--,93,28923,卖盘
966,13:23:41,3.11,-0.01,670,208370,卖盘
967,13:23:35,3.12,0.01,30,9360,买盘
968,13:23:31,3.11,-0.01,106,32966,卖盘
969,13:23:26,3.12,--,20,6240,买盘
970,13:23:16,3.12,--,170,53040,买盘
971,13:23:11,3.12,0.01,3,936,买盘
972,13:23:05,3.11,--,1,311,卖盘
973,13:23:01,3.11,--,242,75262,卖盘
974,13:22:46,3.11,-0.01,314,97654,卖盘
975,13:22:41,3.12,0.01,17,5304,买盘
976,13:22:35,3.11,-0.01,30,9330,卖盘
977,13:22:31,3.12,0.01,230,71760,买盘
978,13:22:26,3.11,-0.01,151,46961,卖盘
979,13:22:20,3.12,--,96,29952,买盘
980,13:22:16,3.12,--,272,84864,买盘
981,13:22:11,3.12,--,10,3120,买盘
982,13:22:05,3.12,0.01,17,5304,买盘
983,13:22:01,3.11,-0.01,313,97343,卖盘
984,13:21:56,3.12,0.01,786,245232,买盘
985,13:21:50,3.11,-0.01,91,28301,卖盘
986,13:21:46,3.12,--,1501,468312,买盘
987,13:21:41,3.12,0.01,8,2496,买盘
988,13:21:35,3.11,-0.01,151,46961,卖盘
989,13:21:31,3.12,--,4,1248,买盘
990,13:21:26,3.12,0.01,608,189836,买盘
991,13:21:20,3.11,-0.01,345,107487,卖盘
992,13:21:11,3.12,0.01,6452,2013024,买盘
993,13:21:05,3.11,--,106,32966,卖盘
994,13:21:01,3.11,-0.01,165,51315,卖盘
995,13:20:56,3.12,0.01,1,312,买盘
996,13:20:50,3.11,-0.01,94,29234,卖盘
997,13:20:35,3.12,--,61,19032,买盘
998,13:20:30,3.12,--,8,2496,买盘
999,13:20:26,3.12,0.01,166,51792,买盘
1000,13:20:20,3.11,--,104,32344,卖盘
1001,13:20:11,3.11,-0.01,200,62200,卖盘
1002,13:20:05,3.12,--,356,111072,买盘
1003,13:20:01,3.12,0.01,183,57096,买盘
1004,13:19:56,3.11,-0.01,94,29234,卖盘
1005,13:19:50,3.12,0.01,5804,1810848,买盘
1006,13:19:44,3.11,--,1,311,卖盘
1007,13:19:41,3.11,--,35,10888,卖盘
1008,13:19:35,3.11,--,112,34832,卖盘
1009,13:19:26,3.11,-0.01,92,28612,卖盘
1010,13:19:11,3.12,--,5,1560,买盘
1011,13:19:05,3.12,0.01,72,22464,买盘
1012,13:18:59,3.11,-0.01,106,32966,卖盘
1013,13:18:56,3.12,--,141,43992,买盘
1014,13:18:50,3.12,--,263,82056,买盘
1015,13:18:44,3.12,--,20,6240,买盘
1016,13:18:41,3.12,--,261,81603,买盘
1017,13:18:35,3.12,0.01,116,36192,买盘
1018,13:18:26,3.11,-0.01,147,45717,卖盘
1019,13:18:20,3.12,0.01,40,12480,买盘
1020,13:18:14,3.11,-0.01,1,311,卖盘
1021,13:18:10,3.12,--,406,126672,买盘
1022,13:18:05,3.12,0.01,157,48984,买盘
1023,13:17:59,3.11,--,682,212366,卖盘
1024,13:17:55,3.11,-0.01,300,93300,卖盘
1025,13:17:50,3.12,0.01,125,39000,买盘
1026,13:17:44,3.11,-0.01,161,50071,卖盘
1027,13:17:40,3.12,--,81,25272,买盘
1028,13:17:35,3.12,--,334,104208,买盘
1029,13:17:29,3.12,--,211,65832,买盘
1030,13:17:25,3.12,0.01,103,32136,买盘
1031,13:17:20,3.11,-0.01,252,78372,卖盘
1032,13:17:14,3.12,0.01,3,936,买盘
1033,13:17:10,3.11,-0.01,205,63755,卖盘
1034,13:17:05,3.12,--,200,62400,买盘
1035,13:16:59,3.12,--,762,237744,买盘
1036,13:16:55,3.12,--,200,62400,买盘
1037,13:16:50,3.12,--,162,50544,买盘
1038,13:16:44,3.12,--,9,2808,买盘
1039,13:16:40,3.12,0.01,114,35568,买盘
1040,13:16:35,3.11,--,110,34210,卖盘
1041,13:16:28,3.11,--,3,933,卖盘
1042,13:16:25,3.11,-0.01,221,68731,卖盘
1043,13:16:20,3.12,--,365,113880,买盘
1044,13:16:10,3.12,--,325,101400,买盘
1045,13:16:05,3.12,0.01,65,20280,买盘
1046,13:15:59,3.11,--,212,65932,卖盘
1047,13:15:55,3.11,-0.01,1272,395592,卖盘
1048,13:15:50,3.12,--,97,30264,买盘
1049,13:15:44,3.12,--,294,91728,买盘
1050,13:15:40,3.12,0.01,170,53040,买盘
1051,13:15:35,3.11,-0.01,4,1244,卖盘
1052,13:15:29,3.12,--,136,42432,买盘
1053,13:15:25,3.12,--,4,1248,买盘
1054,13:15:20,3.12,--,436,136032,买盘
1055,13:15:14,3.12,--,439,136968,买盘
1056,13:15:05,3.12,0.01,239,74568,买盘
1057,13:14:59,3.11,--,303,94233,卖盘
1058,13:14:55,3.11,-0.01,109,33899,卖盘
1059,13:14:50,3.12,0.01,20,6240,买盘
1060,13:14:44,3.11,-0.01,227,70597,卖盘
1061,13:14:40,3.12,--,199,62088,买盘
1062,13:14:34,3.12,0.01,3,936,买盘
1063,13:14:29,3.11,-0.01,223,69353,卖盘
1064,13:14:25,3.12,--,41,12792,买盘
1065,13:14:20,3.12,--,136,42432,买盘
1066,13:14:14,3.12,--,27,8424,买盘
1067,13:14:10,3.12,0.01,96,29952,买盘
1068,13:14:05,3.11,-0.01,12,3732,卖盘
1069,13:13:59,3.12,0.01,534,166608,买盘
1070,13:13:50,3.11,--,20,6220,卖盘
1071,13:13:44,3.11,-0.01,255,79305,卖盘
1072,13:13:40,3.12,0.01,100,31200,买盘
1073,13:13:35,3.11,-0.01,988,307268,卖盘
1074,13:13:29,3.12,0.01,193,60216,买盘
1075,13:13:25,3.11,--,10,3281,卖盘
1076,13:13:14,3.11,--,169,52559,卖盘
1077,13:13:04,3.11,-0.01,126,39186,卖盘
1078,13:12:59,3.12,0.01,157,48984,买盘
1079,13:12:55,3.11,-0.01,889,276479,卖盘
1080,13:12:50,3.12,0.01,119,37128,买盘
1081,13:12:44,3.11,-0.01,46,14306,卖盘
1082,13:12:40,3.12,--,233,72696,买盘
1083,13:12:35,3.12,--,286,89232,买盘
1084,13:12:24,3.12,--,441,137592,买盘
1085,13:12:20,3.12,--,1182,368784,买盘
1086,13:12:14,3.12,--,164,51168,买盘
1087,13:12:08,3.12,0.01,5,1560,买盘
1088,13:12:05,3.11,--,4121,1281631,卖盘
1089,13:11:59,3.11,-0.01,2970,923670,卖盘
1090,13:11:52,3.12,--,276,86112,买盘
1091,13:11:44,3.12,0.01,213,66456,买盘
1092,13:11:34,3.11,-0.01,91,28301,卖盘
1093,13:11:29,3.12,--,112,34944,买盘
1094,13:11:23,3.12,--,4,1248,买盘
1095,13:11:19,3.12,--,263,82056,买盘
1096,13:11:14,3.12,0.01,94,29328,买盘
1097,13:11:08,3.11,--,211,65621,卖盘
1098,13:11:04,3.11,--,125,38875,卖盘
1099,13:10:59,3.11,--,148,46028,卖盘
1100,13:10:53,3.11,-0.01,430,133730,卖盘
1101,13:10:49,3.12,--,20,6240,买盘
1102,13:10:44,3.12,--,51,15912,买盘
1103,13:10:38,3.12,--,3,936,买盘
1104,13:10:34,3.12,--,304,94848,买盘
1105,13:10:29,3.12,--,2217,691725,卖盘
1106,13:10:23,3.12,-0.01,2290,714480,卖盘
1107,13:10:08,3.13,0.01,349,109237,买盘
1108,13:10:04,3.12,-0.01,134,41808,卖盘
1109,13:09:44,3.13,--,12,3756,买盘
1110,13:09:34,3.13,0.01,320,100160,买盘
1111,13:09:29,3.12,-0.01,800,249600,卖盘
1112,13:09:23,3.13,0.01,31,9703,买盘
1113,13:09:19,3.12,--,14,4368,卖盘
1114,13:09:08,3.12,--,3,936,卖盘
1115,13:09:04,3.12,-0.01,298,92976,卖盘
1116,13:08:59,3.13,--,2,626,买盘
1117,13:08:53,3.13,--,131,41003,买盘
1118,13:08:44,3.13,0.01,1240,388120,买盘
1119,13:08:34,3.12,--,328,102336,卖盘
1120,13:08:29,3.12,-0.01,38,11856,卖盘
1121,13:08:23,3.13,0.01,30,9390,买盘
1122,13:08:14,3.12,--,1,312,卖盘
1123,13:08:08,3.12,--,3735,1165320,卖盘
1124,13:08:04,3.12,--,270,84240,卖盘
1125,13:07:59,3.12,--,1,312,卖盘
1126,13:07:49,3.12,-0.01,1236,385632,卖盘
1127,13:07:44,3.13,0.01,221,69173,买盘
1128,13:07:34,3.12,--,106,33072,卖盘
1129,13:07:29,3.12,--,36,11232,卖盘
1130,13:07:23,3.12,--,1,312,卖盘
1131,13:07:19,3.12,-0.01,3271,1020552,卖盘
1132,13:07:14,3.13,0.01,267,83571,买盘
1133,13:07:04,3.12,--,106,33072,卖盘
1134,13:06:53,3.12,--,266,82992,卖盘
1135,13:06:49,3.12,-0.01,2260,705120,卖盘
1136,13:06:44,3.13,0.01,2,626,买盘
1137,13:06:34,3.12,-0.01,108,33696,卖盘
1138,13:06:29,3.13,0.01,100,31300,买盘
1139,13:06:22,3.12,--,6,1872,卖盘
1140,13:06:14,3.12,--,11,3432,卖盘
1141,13:06:04,3.12,--,317,98904,卖盘
1142,13:05:59,3.12,-0.01,1,312,卖盘
1143,13:05:53,3.13,0.01,1,313,买盘
1144,13:05:49,3.12,--,112,34944,卖盘
1145,13:05:43,3.12,--,10,3120,卖盘
1146,13:05:38,3.12,--,500,156000,卖盘
1147,13:05:34,3.12,-0.01,106,33072,卖盘
1148,13:05:23,3.13,0.01,357,111741,买盘
1149,13:05:19,3.12,--,30,9360,卖盘
1150,13:05:13,3.12,-0.01,654,204175,卖盘
1151,13:05:08,3.13,0.01,1300,406900,买盘
1152,13:05:04,3.12,--,4106,1281072,卖盘
1153,13:04:58,3.12,--,265,82680,卖盘
1154,13:04:43,3.12,--,110,34320,卖盘
1155,13:04:38,3.12,--,35,10920,卖盘
1156,13:04:33,3.12,--,106,33072,卖盘
1157,13:04:23,3.12,--,26,8112,卖盘
1158,13:04:18,3.12,-0.01,1,312,卖盘
1159,13:04:13,3.13,0.01,38,11894,买盘
1160,13:04:07,3.12,--,99,30888,卖盘
1161,13:04:02,3.12,-0.01,342,106704,卖盘
1162,13:03:58,3.13,0.01,227,71051,买盘
1163,13:03:53,3.12,-0.01,77,24024,卖盘
1164,13:03:43,3.13,0.01,276,86388,买盘
1165,13:03:32,3.12,--,107,33384,卖盘
1166,13:03:28,3.12,--,130,40560,卖盘
1167,13:03:23,3.12,--,192,59904,卖盘
1168,13:03:17,3.12,--,3,936,卖盘
1169,13:03:13,3.12,--,224,69888,卖盘
1170,13:03:08,3.12,--,2,624,卖盘
1171,13:03:01,3.12,--,106,33072,卖盘
1172,13:02:58,3.12,--,160,49920,卖盘
1173,13:02:43,3.12,--,2,624,卖盘
1174,13:02:38,3.12,--,848,264576,卖盘
1175,13:02:32,3.12,--,106,33072,卖盘
1176,13:02:17,3.12,--,1,312,卖盘
1177,13:02:01,3.12,-0.01,106,33072,卖盘
1178,13:01:53,3.13,0.01,35,10955,买盘
1179,13:01:43,3.12,--,1,312,卖盘
1180,13:01:37,3.12,-0.01,14,4368,卖盘
1181,13:01:32,3.13,0.01,323,101099,买盘
1182,13:01:13,3.12,--,294,91728,卖盘
1183,13:01:08,3.12,--,6,1872,卖盘
1184,13:01:01,3.12,--,106,33072,卖盘
1185,13:00:58,3.12,--,1620,505440,卖盘
1186,13:00:52,3.12,--,12,3744,卖盘
1187,13:00:43,3.12,--,191,59592,卖盘
1188,13:00:38,3.12,--,201,62712,卖盘
1189,13:00:32,3.12,-0.01,106,33072,卖盘
1190,13:00:28,3.13,0.01,10196,3191348,买盘
1191,13:00:16,3.12,--,2,624,卖盘
1192,13:00:13,3.12,--,7,2184,卖盘
1193,13:00:08,3.12,--,1082,337584,卖盘
1194,13:00:02,3.12,--,2301,717912,卖盘
1195,11:30:00,3.12,--,0,0,卖盘
1196,11:30:00,3.12,-0.01,2,624,卖盘
1197,11:29:53,3.13,0.01,826,258538,买盘
1198,11:29:38,3.12,-0.01,115,35880,卖盘
1199,11:29:32,3.13,--,7,2191,买盘
1200,11:29:23,3.13,0.01,118,36934,买盘
1201,11:29:17,3.12,--,4,1248,卖盘
1202,11:29:08,3.12,--,367,114504,卖盘
1203,11:28:53,3.12,--,35,10920,卖盘
1204,11:28:47,3.12,--,1,312,卖盘
1205,11:28:41,3.12,--,104,32448,卖盘
1206,11:28:38,3.12,--,94,29328,卖盘
1207,11:28:32,3.12,-0.01,1780,555360,卖盘
1208,11:28:23,3.13,0.01,193,60409,买盘
1209,11:28:17,3.12,--,1,312,卖盘
1210,11:28:02,3.12,--,94,29328,卖盘
1211,11:27:56,3.12,--,1,312,卖盘
1212,11:27:53,3.12,--,94,29328,卖盘
1213,11:27:47,3.12,--,10325,3221400,卖盘
1214,11:27:41,3.12,-0.01,3,936,卖盘
1215,11:27:38,3.13,0.01,142,44446,买盘
1216,11:27:32,3.12,-0.01,2,624,卖盘
1217,11:27:26,3.13,0.01,92,28796,买盘
1218,11:27:23,3.12,--,292,91104,卖盘
1219,11:27:11,3.12,--,1,312,卖盘
1220,11:27:08,3.12,--,624,194688,卖盘
1221,11:26:38,3.12,--,15,4680,卖盘
1222,11:26:32,3.12,--,4,1248,卖盘
1223,11:26:23,3.12,--,5058,1578096,卖盘
1224,11:26:11,3.12,--,255,79560,卖盘
1225,11:26:08,3.12,--,0,31,卖盘
1226,11:26:02,3.12,--,14,4368,卖盘
1227,11:25:53,3.12,--,102,31824,卖盘
1228,11:25:38,3.12,--,61,19032,卖盘
1229,11:25:32,3.12,-0.01,1,312,卖盘
1230,11:25:23,3.13,0.01,318,99534,买盘
1231,11:25:17,3.12,-0.01,27,8424,卖盘
1232,11:25:08,3.13,--,404,126452,买盘
1233,11:25:02,3.13,0.01,19,5947,买盘
1234,11:24:47,3.12,--,87,27144,卖盘
1235,11:24:32,3.12,-0.01,128,39936,卖盘
1236,11:24:26,3.13,0.01,2,626,买盘
1237,11:24:17,3.12,--,3,936,卖盘
1238,11:24:08,3.12,--,100,31200,卖盘
1239,11:24:02,3.12,--,370,115440,卖盘
1240,11:23:56,3.12,--,96,29952,卖盘
1241,11:23:47,3.12,--,125,39000,卖盘
1242,11:23:38,3.12,--,100,31200,卖盘
1243,11:23:32,3.12,--,95,29640,卖盘
1244,11:23:26,3.12,--,106,33072,卖盘
1245,11:23:17,3.12,--,541,168792,卖盘
1246,11:23:11,3.12,--,102,31824,卖盘
1247,11:22:52,3.12,-0.01,125,39000,卖盘
1248,11:22:47,3.13,0.01,101,31613,买盘
1249,11:22:41,3.12,-0.01,264,82368,卖盘
1250,11:22:35,3.13,--,90,28170,买盘
1251,11:22:20,3.13,0.01,222,69486,买盘
1252,11:22:05,3.12,--,33,10296,卖盘
1253,11:21:41,3.12,--,60,18720,卖盘
1254,11:21:35,3.12,--,200,62400,卖盘
1255,11:21:32,3.12,--,3,936,卖盘
1256,11:21:26,3.12,--,553,172536,卖盘
1257,11:21:17,3.12,-0.01,160,49920,卖盘
1258,11:21:11,3.13,0.01,258,80754,买盘
1259,11:21:05,3.12,--,6,1872,卖盘
1260,11:21:02,3.12,--,13,4056,卖盘
1261,11:20:56,3.12,--,20,6240,卖盘
1262,11:20:41,3.12,--,1,312,卖盘
1263,11:20:17,3.12,--,1001,312312,卖盘
1264,11:20:05,3.12,--,13,4056,卖盘
1265,11:20:02,3.12,--,31,9672,卖盘
1266,11:19:56,3.12,--,6,1872,卖盘
1267,11:19:50,3.12,--,63,19656,卖盘
1268,11:19:47,3.12,--,579,180648,卖盘
1269,11:19:41,3.12,-0.01,252,78624,卖盘
1270,11:19:32,3.13,--,21,6573,买盘
1271,11:19:11,3.13,0.01,17,5321,买盘
1272,11:19:05,3.12,-0.01,30,9360,卖盘
1273,11:19:02,3.13,0.01,12,3756,买盘
1274,11:18:56,3.12,--,163,50856,卖盘
1275,11:18:50,3.12,--,59,18408,卖盘
1276,11:18:47,3.12,--,10000,3120000,卖盘
1277,11:18:41,3.12,--,1,312,卖盘
1278,11:18:35,3.12,--,23,7176,卖盘
1279,11:18:32,3.12,-0.01,11,3432,卖盘
1280,11:18:26,3.13,0.01,290,90770,买盘
1281,11:18:20,3.12,--,200,62400,卖盘
1282,11:18:17,3.12,-0.01,20,6240,卖盘
1283,11:18:05,3.13,0.01,10,3130,买盘
1284,11:18:02,3.12,-0.01,205,63960,卖盘
1285,11:17:50,3.13,0.01,95,29735,买盘
1286,11:17:47,3.12,--,308,96096,卖盘
1287,11:17:35,3.12,--,205,63960,卖盘
1288,11:17:32,3.12,--,169,52728,卖盘
1289,11:17:26,3.12,-0.01,101,31512,卖盘
1290,11:17:17,3.13,0.01,1325,414725,买盘
1291,11:17:02,3.12,--,4,1248,卖盘
1292,11:16:56,3.12,--,1,312,卖盘
1293,11:16:47,3.12,--,30,9360,卖盘
1294,11:16:35,3.12,--,1,312,卖盘
1295,11:16:32,3.12,--,316,98592,卖盘
1296,11:16:26,3.12,--,1,312,卖盘
1297,11:16:20,3.12,--,39,12168,卖盘
1298,11:16:17,3.12,--,222,69264,卖盘
1299,11:16:05,3.12,--,520,162240,卖盘
1300,11:16:01,3.12,--,253,78936,卖盘
1301,11:15:56,3.12,--,1419,442728,卖盘
1302,11:15:50,3.12,--,141,43992,卖盘
1303,11:15:46,3.12,--,1002,312624,卖盘
1304,11:15:41,3.12,--,44,13728,卖盘
1305,11:15:35,3.12,--,74,23088,卖盘
1306,11:15:31,3.12,-0.01,163,50856,卖盘
1307,11:15:26,3.13,--,365,114245,买盘
1308,11:15:20,3.13,0.01,178,55714,买盘
1309,11:15:11,3.12,--,42,13338,卖盘
1310,11:14:50,3.12,--,59,18417,卖盘
1311,11:14:35,3.12,--,14,4561,卖盘
1312,11:14:29,3.12,-0.01,321,100152,卖盘
1313,11:14:26,3.13,0.01,89,27857,买盘
1314,11:14:20,3.12,-0.01,1,312,卖盘
1315,11:14:14,3.13,0.01,203,63539,买盘
1316,11:14:11,3.12,--,134,41808,卖盘
1317,11:14:05,3.12,-0.01,52,16224,卖盘
1318,11:13:56,3.13,0.01,1,313,买盘
1319,11:13:44,3.12,--,147,45864,卖盘
1320,11:13:35,3.12,--,228,71136,卖盘
1321,11:13:26,3.12,-0.01,200,62400,卖盘
1322,11:13:20,3.13,0.01,1,313,买盘
1323,11:13:14,3.12,--,126,39312,卖盘
1324,11:13:11,3.12,--,105,32760,卖盘
1325,11:13:05,3.12,-0.01,677,211224,卖盘
1326,11:12:50,3.13,--,40,12520,买盘
1327,11:12:44,3.13,0.01,222,69486,买盘
1328,11:12:41,3.12,--,39,12168,卖盘
1329,11:12:35,3.12,--,223,69576,卖盘
1330,11:12:29,3.12,--,1,312,卖盘
1331,11:12:20,3.12,--,236,73632,卖盘
1332,11:12:14,3.12,--,593,185016,卖盘
1333,11:12:11,3.12,--,758,236496,卖盘
1334,11:11:59,3.12,--,112,34944,卖盘
1335,11:11:50,3.12,--,1,312,卖盘
1336,11:11:35,3.12,-0.01,296,92352,卖盘
1337,11:11:29,3.13,0.01,11,3443,买盘
1338,11:11:20,3.12,--,201,62712,卖盘
1339,11:11:14,3.12,-0.01,2,624,卖盘
1340,11:11:11,3.13,0.01,248,77624,买盘
1341,11:11:05,3.12,--,2,624,卖盘
1342,11:10:56,3.12,--,2,624,卖盘
1343,11:10:50,3.12,--,15,4680,卖盘
1344,11:10:44,3.12,--,2,624,卖盘
1345,11:10:41,3.12,--,61,19032,卖盘
1346,11:10:35,3.12,--,5005,1561560,卖盘
1347,11:10:26,3.12,--,7131,2224872,卖盘
1348,11:10:20,3.12,--,2,624,卖盘
1349,11:10:14,3.12,--,28,8736,卖盘
1350,11:10:10,3.12,-0.01,371,115752,卖盘
1351,11:10:05,3.13,0.01,166,51958,买盘
1352,11:09:44,3.12,--,104,32448,卖盘
1353,11:09:35,3.12,--,1,312,卖盘
1354,11:09:29,3.12,-0.01,102,31824,卖盘
1355,11:09:26,3.13,0.01,239,74807,买盘
1356,11:09:20,3.12,-0.01,1,312,卖盘
1357,11:09:14,3.13,0.01,159,49767,买盘
1358,11:09:05,3.12,--,200,62400,卖盘
1359,11:08:59,3.12,--,494,154128,卖盘
1360,11:08:55,3.12,--,102,31824,卖盘
1361,11:08:44,3.12,--,4,1248,卖盘
1362,11:08:40,3.12,--,450,140400,卖盘
1363,11:08:35,3.12,--,105,32760,卖盘
1364,11:08:29,3.12,-0.01,2,624,卖盘
1365,11:08:25,3.13,0.01,15,4695,买盘
1366,11:08:20,3.12,--,202,63024,卖盘
1367,11:08:14,3.12,--,1,312,卖盘
1368,11:07:59,3.12,--,102,31824,卖盘
1369,11:07:55,3.12,-0.01,16,4992,卖盘
1370,11:07:50,3.13,0.01,247,77311,买盘
1371,11:07:44,3.12,--,101,31512,卖盘
1372,11:07:35,3.12,--,1,312,卖盘
1373,11:07:29,3.12,--,101,31512,卖盘
1374,11:07:14,3.12,--,130,40560,卖盘
1375,11:07:08,3.12,-0.01,101,31512,卖盘
1376,11:07:05,3.13,0.01,1,313,买盘
1377,11:06:59,3.12,-0.01,299,93288,卖盘
1378,11:06:53,3.13,0.01,5,1565,买盘
1379,11:06:50,3.12,--,79,24648,卖盘
1380,11:06:35,3.12,--,141,43992,卖盘
1381,11:06:29,3.12,--,1,312,卖盘
1382,11:06:23,3.12,--,67,20904,卖盘
1383,11:06:14,3.12,--,253,78936,卖盘
1384,11:06:08,3.12,--,261,81432,卖盘
1385,11:06:05,3.12,--,22,6864,卖盘
1386,11:05:53,3.12,--,1,312,卖盘
1387,11:05:38,3.12,--,3,936,卖盘
1388,11:05:35,3.12,--,1,312,卖盘
1389,11:05:20,3.12,--,10,3120,卖盘
1390,11:05:14,3.12,--,1,312,卖盘
1391,11:05:05,3.12,--,20,6240,卖盘
1392,11:04:50,3.12,--,1,312,卖盘
1393,11:04:44,3.12,--,37,11544,卖盘
1394,11:04:38,3.12,-0.01,1,312,卖盘
1395,11:04:35,3.13,0.01,255,79815,买盘
1396,11:04:29,3.12,--,1,312,卖盘
1397,11:04:14,3.12,--,1,312,卖盘
1398,11:03:59,3.12,--,73,22776,卖盘
1399,11:03:53,3.12,--,1,312,卖盘
1400,11:03:44,3.12,-0.01,649,202488,卖盘
1401,11:03:38,3.13,0.01,1,313,买盘
1402,11:03:35,3.12,--,7,2184,卖盘
1403,11:03:29,3.12,--,1,312,卖盘
1404,11:03:19,3.12,-0.01,13,4056,卖盘
1405,11:03:14,3.13,--,279,87327,买盘
1406,11:03:08,3.13,0.01,284,88892,买盘
1407,11:03:05,3.12,--,182,56784,卖盘
1408,11:02:44,3.12,--,112,34944,卖盘
1409,11:02:38,3.12,--,130,40560,卖盘
1410,11:02:34,3.12,--,649,202488,卖盘
1411,11:02:29,3.12,--,456,142272,卖盘
1412,11:02:19,3.12,--,147,45864,卖盘
1413,11:02:14,3.12,--,1,312,卖盘
1414,11:02:08,3.12,--,147,45864,卖盘
1415,11:01:44,3.12,-0.01,1,312,卖盘
1416,11:01:34,3.13,--,245,76685,买盘
1417,11:01:29,3.13,0.01,2,626,买盘
1418,11:01:19,3.12,--,42,13104,卖盘
1419,11:01:14,3.12,--,220,68646,卖盘
1420,11:00:59,3.12,--,497,155064,卖盘
1421,11:00:44,3.12,--,3,936,卖盘
1422,11:00:38,3.12,-0.01,2368,738819,卖盘
1423,11:00:29,3.13,0.01,31,9703,买盘
1424,11:00:23,3.12,--,14,4368,卖盘
1425,11:00:19,3.12,--,1411,440232,卖盘
1426,11:00:14,3.12,--,378,117936,卖盘
1427,10:59:59,3.12,--,504,157248,卖盘
1428,10:59:53,3.12,--,72,22464,卖盘
1429,10:59:49,3.12,-0.01,1,312,卖盘
1430,10:59:29,3.13,0.01,4,1252,买盘
1431,10:59:23,3.12,--,1000,312000,卖盘
1432,10:59:17,3.12,-0.01,1,312,卖盘
1433,10:59:08,3.13,0.01,1,313,买盘
1434,10:59:02,3.12,--,1,312,卖盘
1435,10:58:59,3.12,-0.01,3,936,卖盘
1436,10:58:53,3.13,0.01,251,78563,买盘
1437,10:58:47,3.12,--,80,24960,卖盘
1438,10:58:38,3.12,--,40,12480,卖盘
1439,10:58:32,3.12,--,1,312,卖盘
1440,10:58:17,3.12,--,143,44616,卖盘
1441,10:58:14,3.12,--,12,3744,卖盘
1442,10:58:08,3.12,--,2,624,卖盘
1443,10:58:02,3.12,-0.01,211,65838,卖盘
1444,10:57:59,3.13,0.01,9,2817,买盘
1445,10:57:53,3.12,-0.01,1,312,卖盘
1446,10:57:38,3.13,0.01,1481,463553,买盘
1447,10:57:14,3.12,--,102,31824,卖盘
1448,10:57:08,3.12,--,26,8112,卖盘
1449,10:56:59,3.12,--,105,32916,卖盘
1450,10:56:53,3.12,--,23,7176,卖盘
1451,10:56:44,3.12,--,12,3744,卖盘
1452,10:56:38,3.12,--,7,2184,卖盘
1453,10:56:32,3.12,-0.01,1,312,卖盘
1454,10:56:23,3.13,0.01,220,68860,买盘
1455,10:56:17,3.12,--,155,48360,卖盘
1456,10:56:13,3.12,--,2,624,卖盘
1457,10:56:08,3.12,--,1,312,卖盘
1458,10:55:58,3.12,-0.01,706,220272,卖盘
1459,10:55:53,3.13,--,1199,375287,买盘
1460,10:55:47,3.13,0.01,2,626,买盘
1461,10:55:43,3.12,-0.01,113,35256,卖盘
1462,10:55:32,3.13,--,172,53836,买盘
1463,10:55:28,3.13,--,1,313,买盘
1464,10:55:23,3.13,--,207,64791,买盘
1465,10:55:13,3.13,--,177,55401,买盘
1466,10:55:08,3.13,0.01,210,65730,买盘
1467,10:54:58,3.12,-0.01,35,10920,卖盘
1468,10:54:53,3.13,--,2,626,买盘
1469,10:54:47,3.13,0.01,57,17841,买盘
1470,10:54:43,3.12,--,105,32919,卖盘
1471,10:54:38,3.12,--,7,2184,卖盘
1472,10:54:28,3.12,-0.01,1,312,卖盘
1473,10:54:23,3.13,0.01,2,626,买盘
1474,10:54:17,3.12,-0.01,11,3432,卖盘
1475,10:54:13,3.13,--,446,139598,买盘
1476,10:54:08,3.13,0.01,32,10016,买盘
1477,10:53:38,3.12,--,1,312,卖盘
1478,10:53:17,3.12,-0.01,1,312,卖盘
1479,10:52:58,3.13,0.01,599,187487,买盘
1480,10:52:53,3.12,--,2,624,卖盘
1481,10:52:28,3.12,-0.01,2,624,卖盘
1482,10:52:23,3.13,--,381,119259,买盘
1483,10:51:47,3.13,0.01,2,626,买盘
1484,10:51:38,3.12,--,211,65835,卖盘
1485,10:51:28,3.12,-0.01,706,220272,卖盘
1486,10:51:17,3.13,0.01,224,70112,买盘
1487,10:51:02,3.12,--,1127,351861,卖盘
1488,10:50:53,3.12,--,488,152256,卖盘
1489,10:50:47,3.12,-0.01,3,936,卖盘
1490,10:50:41,3.13,0.01,222,69486,买盘
1491,10:50:38,3.12,--,90,28214,卖盘
1492,10:50:32,3.12,--,1,312,卖盘
1493,10:50:26,3.12,--,135,42182,卖盘
1494,10:50:23,3.12,--,500,156000,卖盘
1495,10:50:17,3.12,--,8334,2600270,卖盘
1496,10:50:08,3.12,-0.01,220,68774,卖盘
1497,10:50:02,3.13,0.01,205,64165,买盘
1498,10:49:56,3.12,--,358,111696,卖盘
1499,10:49:53,3.12,-0.01,231,72072,卖盘
1500,10:49:47,3.13,0.01,41,12833,买盘
1501,10:49:41,3.12,--,489,152568,卖盘
1502,10:49:38,3.12,--,1154,360182,卖盘
1503,10:49:22,3.12,-0.01,16,4992,卖盘
1504,10:49:17,3.13,0.01,2,626,买盘
1505,10:49:11,3.12,--,3,936,卖盘
1506,10:49:07,3.12,-0.01,6,1872,卖盘
1507,10:49:02,3.13,0.01,1,313,买盘
1508,10:48:56,3.12,--,10,3120,卖盘
1509,10:48:53,3.12,--,17,5304,卖盘
1510,10:48:47,3.12,--,10,3120,卖盘
1511,10:48:41,3.12,--,3,936,卖盘
1512,10:48:32,3.12,--,68,21216,卖盘
1513,10:48:26,3.12,-0.01,2,624,卖盘
1514,10:48:22,3.13,0.01,247,77311,买盘
1515,10:48:17,3.12,--,38,11856,卖盘
1516,10:48:11,3.12,-0.01,211,65838,卖盘
1517,10:48:02,3.13,--,2,626,买盘
1518,10:47:52,3.13,0.01,35,10955,买盘
1519,10:47:37,3.12,--,201,62712,卖盘
1520,10:47:32,3.12,-0.01,1,312,卖盘
1521,10:47:22,3.13,--,233,72929,买盘
1522,10:47:02,3.13,--,2,626,买盘
1523,10:46:52,3.13,--,356,111428,买盘
1524,10:46:37,3.13,--,377,118001,买盘
1525,10:46:32,3.13,--,7,2191,买盘
1526,10:46:07,3.13,0.01,2,626,买盘
1527,10:46:02,3.12,--,6,1872,卖盘
1528,10:45:56,3.12,-0.01,4,1248,卖盘
1529,10:45:52,3.13,0.01,15,4695,买盘
1530,10:45:41,3.12,--,12,3744,卖盘
1531,10:45:32,3.12,--,1,312,卖盘
1532,10:45:22,3.12,--,12,3744,卖盘
1533,10:45:17,3.12,--,156,48672,卖盘
1534,10:45:07,3.12,-0.01,91,28392,卖盘
1535,10:45:02,3.13,0.01,221,69173,买盘
1536,10:44:52,3.12,--,3,936,卖盘
1537,10:44:47,3.12,-0.01,30,9360,卖盘
1538,10:44:32,3.13,0.01,26,8138,买盘
1539,10:44:26,3.12,-0.01,7,2184,卖盘
1540,10:44:22,3.13,--,1330,416290,买盘
1541,10:44:17,3.13,0.01,1,313,买盘
1542,10:44:07,3.12,--,5,1560,卖盘
1543,10:43:56,3.12,--,15,4680,卖盘
1544,10:43:52,3.12,--,25,7800,卖盘
1545,10:43:47,3.12,-0.01,50,15600,卖盘
1546,10:43:41,3.13,0.01,1,313,买盘
1547,10:43:36,3.12,--,157,48984,卖盘
1548,10:43:32,3.12,--,58,18096,卖盘
1549,10:43:26,3.12,--,50,15600,卖盘
1550,10:43:17,3.12,-0.01,35,10920,卖盘
1551,10:43:07,3.13,0.01,64,20032,买盘
1552,10:43:02,3.12,--,39,12168,卖盘
1553,10:42:56,3.12,--,487,151944,卖盘
1554,10:42:52,3.12,--,1,312,卖盘
1555,10:42:47,3.12,--,6,1872,卖盘
1556,10:42:41,3.12,--,8,2496,卖盘
1557,10:42:35,3.12,--,50,15600,卖盘
1558,10:42:32,3.12,-0.01,152,47424,卖盘
1559,10:42:20,3.13,0.01,3,939,买盘
1560,10:42:17,3.12,-0.01,80,24960,卖盘
1561,10:42:11,3.13,0.01,117,36621,买盘
1562,10:42:05,3.12,--,25,7800,卖盘
1563,10:42:02,3.12,--,293,91416,卖盘
1564,10:41:56,3.12,--,325,101400,卖盘
1565,10:41:47,3.12,--,593,185016,卖盘
1566,10:41:41,3.12,--,50,15600,卖盘
1567,10:41:31,3.12,--,1,312,卖盘
1568,10:41:26,3.12,--,25,7800,卖盘
1569,10:41:20,3.12,--,6,1872,卖盘
1570,10:41:16,3.12,--,404,126048,卖盘
1571,10:41:11,3.12,-0.01,65,20280,卖盘
1572,10:41:05,3.13,0.01,446,139598,买盘
1573,10:41:02,3.12,--,428,133536,卖盘
1574,10:40:56,3.12,--,81,25272,卖盘
1575,10:40:20,3.12,--,36,11232,卖盘
1576,10:40:16,3.12,-0.01,28,8736,卖盘
1577,10:40:11,3.13,--,294,92022,买盘
1578,10:40:05,3.13,0.01,165,51645,买盘
1579,10:40:01,3.12,--,2,624,卖盘
1580,10:39:50,3.12,-0.01,25,7800,卖盘
1581,10:39:46,3.13,0.01,221,69173,买盘
1582,10:39:31,3.12,--,1,312,卖盘
1583,10:39:26,3.12,--,25,7800,卖盘
1584,10:39:20,3.12,-0.01,31,9672,卖盘
1585,10:39:16,3.13,--,559,174967,买盘
1586,10:39:01,3.13,0.01,2,626,买盘
1587,10:38:35,3.12,--,10,3120,卖盘
1588,10:38:31,3.12,--,25,7800,卖盘
1589,10:38:26,3.12,--,320,99840,卖盘
1590,10:38:16,3.12,--,50,15600,卖盘
1591,10:38:11,3.12,-0.01,1,312,卖盘
1592,10:38:05,3.13,0.01,2,626,买盘
1593,10:38:01,3.12,-0.01,45,14040,卖盘
1594,10:37:50,3.13,--,60,18780,买盘
1595,10:37:46,3.13,--,5,1565,买盘
1596,10:37:35,3.13,0.01,240,75120,买盘
1597,10:37:31,3.12,--,4,1248,卖盘
1598,10:37:20,3.12,--,1,312,卖盘
1599,10:37:11,3.12,-0.01,20,6240,卖盘
1600,10:37:01,3.13,0.01,100,31300,买盘
1601,10:36:49,3.12,--,232,72384,卖盘
1602,10:36:46,3.12,--,1545,482183,卖盘
1603,10:36:41,3.12,--,1002,312624,卖盘
1604,10:36:35,3.12,--,238,74256,卖盘
1605,10:36:31,3.12,--,2919,910728,卖盘
1606,10:36:26,3.12,--,1007,314184,卖盘
1607,10:36:20,3.12,-0.01,1,312,卖盘
1608,10:36:16,3.13,0.01,3,939,买盘
1609,10:36:11,3.12,-0.01,47,14664,卖盘
1610,10:36:01,3.13,--,187,58531,买盘
1611,10:35:56,3.13,--,1,313,买盘
1612,10:35:46,3.13,0.01,1,313,买盘
1613,10:35:41,3.12,--,1,312,卖盘
1614,10:35:35,3.12,-0.01,169,52728,卖盘
1615,10:35:31,3.13,0.01,221,69173,买盘
1616,10:35:26,3.12,-0.01,16,4992,卖盘
1617,10:35:20,3.13,--,204,63852,买盘
1618,10:35:10,3.13,--,164,51332,买盘
1619,10:35:01,3.13,--,73,22849,买盘
1620,10:34:46,3.13,--,200,62600,买盘
1621,10:34:40,3.13,--,7,2191,买盘
1622,10:34:35,3.13,0.01,198,61974,买盘
1623,10:34:29,3.12,--,6,1872,卖盘
1624,10:34:26,3.12,--,1,312,卖盘
1625,10:34:20,3.12,--,10,3120,卖盘
1626,10:34:14,3.12,-0.01,55,17160,卖盘
1627,10:34:10,3.13,--,68,21284,买盘
1628,10:34:05,3.13,0.01,23,7199,买盘
1629,10:33:56,3.12,--,24,7488,卖盘
1630,10:33:50,3.12,--,613,191256,卖盘
1631,10:33:44,3.12,--,20,6240,卖盘
1632,10:33:40,3.12,--,6,1872,卖盘
1633,10:33:35,3.12,-0.01,13,4056,卖盘
1634,10:33:25,3.13,0.01,226,70738,买盘
1635,10:33:20,3.12,--,15,4680,卖盘
1636,10:33:14,3.12,--,500,156000,卖盘
1637,10:33:10,3.12,--,397,123864,卖盘
1638,10:33:05,3.12,--,6,1872,卖盘
1639,10:32:55,3.12,--,30,9360,卖盘
1640,10:32:50,3.12,--,20,6240,卖盘
1641,10:32:40,3.12,--,998,311376,卖盘
1642,10:32:35,3.12,--,6,1872,卖盘
1643,10:32:29,3.12,--,20,6240,卖盘
1644,10:32:25,3.12,--,1,312,卖盘
1645,10:32:20,3.12,--,56,17472,卖盘
1646,10:32:05,3.12,-0.01,135,42182,卖盘
1647,10:31:59,3.13,0.01,226,70738,买盘
1648,10:31:55,3.12,--,38,11856,卖盘
1649,10:31:50,3.12,--,852,265824,卖盘
1650,10:31:44,3.12,-0.01,1,312,卖盘
1651,10:31:40,3.13,0.01,221,69173,买盘
1652,10:31:35,3.12,-0.01,6,1872,卖盘
1653,10:31:29,3.13,--,2,626,买盘
1654,10:31:25,3.13,--,763,238819,买盘
1655,10:31:20,3.13,0.01,9,2817,买盘
1656,10:31:10,3.12,--,1,312,卖盘
1657,10:31:05,3.12,--,201,62712,卖盘
1658,10:30:55,3.12,-0.01,133,41496,卖盘
1659,10:30:35,3.13,0.01,372,116436,买盘
1660,10:30:25,3.12,-0.01,11,3432,卖盘
1661,10:30:20,3.13,--,100,31300,买盘
1662,10:30:14,3.13,--,38,11894,买盘
1663,10:30:05,3.13,--,7,2191,买盘
1664,10:29:40,3.13,0.01,50,15650,买盘
1665,10:29:35,3.12,-0.01,13,4056,卖盘
1666,10:29:25,3.13,--,64,20032,买盘
1667,10:29:20,3.13,--,1,313,买盘
1668,10:29:14,3.13,--,1,313,买盘
1669,10:29:10,3.13,0.01,233,72929,买盘
1670,10:28:59,3.12,--,2,624,卖盘
1671,10:28:55,3.12,--,699,218088,卖盘
1672,10:28:50,3.12,-0.01,10,3120,卖盘
1673,10:28:29,3.13,0.01,1,313,买盘
1674,10:28:25,3.12,--,1,312,卖盘
1675,10:28:14,3.12,-0.01,4224,1317888,卖盘
1676,10:27:50,3.13,0.01,4,1252,买盘
1677,10:27:44,3.12,-0.01,4150,1294800,卖盘
1678,10:27:40,3.13,0.01,25,7825,买盘
1679,10:27:35,3.12,--,259,80808,卖盘
1680,10:27:25,3.12,--,1,312,卖盘
1681,10:27:19,3.12,--,93,29016,卖盘
1682,10:27:04,3.12,-0.01,2,624,卖盘
1683,10:26:54,3.13,--,102,31926,买盘
1684,10:26:49,3.13,0.01,221,69173,买盘
1685,10:26:39,3.12,-0.01,4656,1452672,卖盘
1686,10:26:34,3.13,--,20,6260,买盘
1687,10:26:23,3.13,0.01,2,626,买盘
1688,10:26:14,3.12,--,316,98592,卖盘
1689,10:26:04,3.12,-0.01,23,7176,卖盘
1690,10:25:59,3.13,--,484,151492,买盘
1691,10:25:53,3.13,--,40,12520,买盘
1692,10:25:49,3.13,--,315,98595,买盘
1693,10:25:34,3.13,0.01,10,3130,买盘
1694,10:25:29,3.12,--,89,27768,卖盘
1695,10:25:23,3.12,-0.01,203,63336,卖盘
1696,10:25:08,3.13,--,3068,960284,买盘
1697,10:25:04,3.13,0.01,152,47576,买盘
1698,10:24:53,3.12,--,332,103584,卖盘
1699,10:24:49,3.12,--,88,27456,卖盘
1700,10:24:44,3.12,--,7,2184,卖盘
1701,10:24:38,3.12,-0.01,12,3744,卖盘
1702,10:24:34,3.13,0.01,1583,495479,买盘
1703,10:24:29,3.12,--,164,51168,卖盘
1704,10:24:22,3.12,--,5,1560,卖盘
1705,10:24:19,3.12,--,1,312,卖盘
1706,10:24:14,3.12,--,1,312,卖盘
1707,10:24:08,3.12,-0.01,1,312,卖盘
1708,10:24:04,3.13,--,624,195312,买盘
1709,10:23:59,3.13,0.01,3,939,买盘
1710,10:23:53,3.12,--,1124,350688,卖盘
1711,10:23:49,3.12,-0.01,434,135408,卖盘
1712,10:23:44,3.13,0.01,564,176532,买盘
1713,10:23:34,3.12,--,823,256776,卖盘
1714,10:23:29,3.12,--,464,144892,卖盘
1715,10:23:23,3.12,--,136,42494,卖盘
1716,10:23:19,3.12,-0.01,693,216216,卖盘
1717,10:23:14,3.13,0.01,1,313,买盘
1718,10:23:04,3.12,--,15,4680,卖盘
1719,10:22:53,3.12,--,1,312,卖盘
1720,10:22:49,3.12,--,29,9048,卖盘
1721,10:22:44,3.12,-0.01,7,2184,卖盘
1722,10:22:34,3.13,0.01,287,89831,买盘
1723,10:22:29,3.12,--,6,1872,卖盘
1724,10:22:19,3.12,-0.01,20,6240,卖盘
1725,10:22:14,3.13,0.01,50,15650,买盘
1726,10:22:08,3.12,--,70,21840,卖盘
1727,10:22:04,3.12,--,3,936,卖盘
1728,10:21:59,3.12,--,172,53664,卖盘
1729,10:21:49,3.12,-0.01,30,9360,卖盘
1730,10:21:44,3.13,0.01,50,15650,买盘
1731,10:21:38,3.12,--,5,1560,卖盘
1732,10:21:34,3.12,-0.01,1,312,卖盘
1733,10:21:23,3.13,0.01,368,115184,买盘
1734,10:20:59,3.12,--,165,51480,卖盘
1735,10:20:53,3.12,--,1,312,卖盘
1736,10:20:44,3.12,-0.01,8,2496,卖盘
1737,10:20:38,3.13,0.01,50,15650,买盘
1738,10:20:34,3.12,-0.01,11,3432,卖盘
1739,10:20:29,3.13,--,5,1565,买盘
1740,10:20:23,3.13,--,1,313,买盘
1741,10:20:18,3.13,--,10,3130,买盘
1742,10:20:14,3.13,--,33,10329,买盘
1743,10:20:04,3.13,0.01,108,33804,买盘
1744,10:19:58,3.12,--,466,145392,卖盘
1745,10:19:53,3.12,-0.01,5,1560,卖盘
1746,10:19:49,3.13,0.01,278,87014,买盘
1747,10:19:44,3.12,--,415,129480,卖盘
1748,10:19:33,3.12,-0.01,1,312,卖盘
1749,10:19:28,3.13,0.01,4,1252,买盘
1750,10:19:23,3.12,-0.01,2,624,卖盘
1751,10:19:08,3.13,0.01,2,626,买盘
1752,10:19:03,3.12,--,7,2184,卖盘
1753,10:18:58,3.12,--,167,52104,卖盘
1754,10:18:53,3.12,--,1,312,卖盘
1755,10:18:48,3.12,--,117,36504,卖盘
1756,10:18:43,3.12,-0.01,581,181272,卖盘
1757,10:18:38,3.13,0.01,167,52271,买盘
1758,10:18:23,3.12,-0.01,159,49608,卖盘
1759,10:18:13,3.13,0.01,7,2191,买盘
1760,10:18:07,3.12,--,208,64896,卖盘
1761,10:17:58,3.12,--,166,51792,卖盘
1762,10:17:53,3.12,-0.01,172,53664,卖盘
1763,10:17:47,3.13,--,3,939,买盘
1764,10:17:32,3.13,--,2,626,买盘
1765,10:17:28,3.13,0.01,1231,385303,买盘
1766,10:17:23,3.12,-0.01,3,936,卖盘
1767,10:17:17,3.13,0.01,200,62600,买盘
1768,10:17:08,3.12,--,260,81120,卖盘
1769,10:16:58,3.12,--,188,58656,卖盘
1770,10:16:53,3.12,-0.01,594,185328,卖盘
1771,10:16:47,3.13,0.01,10,3130,买盘
1772,10:16:43,3.12,--,713,222456,卖盘
1773,10:16:38,3.12,-0.01,4,1248,卖盘
1774,10:16:28,3.13,0.01,237,74181,买盘
1775,10:16:23,3.12,--,6,1872,卖盘
1776,10:16:13,3.12,--,4,1248,卖盘
1777,10:16:08,3.12,--,83,25896,卖盘
1778,10:16:02,3.12,--,49,15288,卖盘
1779,10:15:58,3.12,--,6,1872,卖盘
1780,10:15:53,3.12,--,1,312,卖盘
1781,10:15:43,3.12,--,165,51480,卖盘
1782,10:15:38,3.12,--,141,43992,卖盘
1783,10:15:32,3.12,--,3,1191,卖盘
1784,10:15:28,3.12,-0.01,300,93600,卖盘
1785,10:15:23,3.13,0.01,100,31300,买盘
1786,10:15:13,3.12,--,5,1560,卖盘
1787,10:15:08,3.12,--,273,85176,卖盘
1788,10:14:58,3.12,--,128,39936,卖盘
1789,10:14:53,3.12,--,2,624,卖盘
1790,10:14:47,3.12,-0.01,43,13416,卖盘
1791,10:14:42,3.13,0.01,316,98908,买盘
1792,10:14:38,3.12,--,149,46488,卖盘
1793,10:14:27,3.12,--,50,15600,卖盘
1794,10:14:23,3.12,-0.01,242,75504,卖盘
1795,10:14:17,3.13,0.01,74,23162,买盘
1796,10:14:13,3.12,--,51,15912,卖盘
1797,10:14:02,3.12,-0.01,100,31200,卖盘
1798,10:13:57,3.13,--,100,31300,买盘
1799,10:13:53,3.13,--,659,206267,买盘
1800,10:13:42,3.13,0.01,267,83571,买盘
1801,10:13:38,3.12,--,172,53664,卖盘
1802,10:13:32,3.12,-0.01,189,58968,卖盘
1803,10:13:27,3.13,0.01,65,20345,买盘
1804,10:13:23,3.12,-0.01,262,81744,卖盘
1805,10:13:17,3.13,0.01,90,28170,买盘
1806,10:12:57,3.12,--,78,24336,卖盘
1807,10:12:53,3.12,--,43,13416,卖盘
1808,10:12:47,3.12,--,4,1248,卖盘
1809,10:12:42,3.12,--,161,50232,卖盘
1810,10:12:37,3.12,-0.01,1,312,卖盘
1811,10:12:27,3.13,--,27,8451,买盘
1812,10:12:22,3.13,0.01,349,109237,买盘
1813,10:12:17,3.12,--,1,312,卖盘
1814,10:12:12,3.12,--,3189,994968,卖盘
1815,10:12:02,3.12,-0.01,25,7800,卖盘
1816,10:11:57,3.13,--,100,31300,买盘
1817,10:11:52,3.13,0.01,215,67295,买盘
1818,10:11:42,3.12,--,169,52728,卖盘
1819,10:11:37,3.12,-0.01,515,160680,卖盘
1820,10:11:32,3.13,0.01,4,1252,买盘
1821,10:11:27,3.12,--,1,312,卖盘
1822,10:11:22,3.12,--,239,74568,卖盘
1823,10:11:17,3.12,--,17,5304,卖盘
1824,10:11:02,3.12,--,15,4680,卖盘
1825,10:10:57,3.12,-0.01,2,624,卖盘
1826,10:10:52,3.13,0.01,50,15650,买盘
1827,10:10:47,3.12,--,1,312,卖盘
1828,10:10:42,3.12,-0.01,16,4992,卖盘
1829,10:10:37,3.13,0.01,2,626,买盘
1830,10:10:32,3.12,-0.01,1,312,卖盘
1831,10:10:27,3.13,--,316,98908,买盘
1832,10:10:22,3.13,0.01,321,100473,买盘
1833,10:10:17,3.12,--,7,2184,卖盘
1834,10:10:12,3.12,-0.01,44,13728,卖盘
1835,10:10:07,3.13,--,693,216909,买盘
1836,10:10:02,3.13,0.01,2,626,买盘
1837,10:09:57,3.12,-0.01,37,11544,卖盘
1838,10:09:52,3.13,--,4,1252,买盘
1839,10:09:47,3.13,0.01,182,56966,买盘
1840,10:09:41,3.12,-0.01,173,53976,卖盘
1841,10:09:37,3.13,0.01,131,41003,买盘
1842,10:09:32,3.12,-0.01,68,21216,卖盘
1843,10:09:27,3.13,--,248,77624,买盘
1844,10:09:22,3.13,0.01,59,18467,买盘
1845,10:09:17,3.12,--,369,115128,卖盘
1846,10:09:02,3.12,--,25,7800,卖盘
1847,10:08:52,3.12,-0.01,289,90168,卖盘
1848,10:08:47,3.13,0.01,54,16902,买盘
1849,10:08:37,3.12,-0.01,364,113568,卖盘
1850,10:08:32,3.13,0.01,66,20658,买盘
1851,10:08:22,3.12,--,20,6240,卖盘
1852,10:08:17,3.12,--,74,23088,卖盘
1853,10:08:07,3.12,-0.01,5,1560,卖盘
1854,10:08:02,3.13,--,7,2191,买盘
1855,10:07:56,3.13,0.01,20,6260,买盘
1856,10:07:47,3.12,--,281,87672,卖盘
1857,10:07:41,3.12,--,68,21216,卖盘
1858,10:07:36,3.12,--,81,25272,卖盘
1859,10:07:32,3.12,--,64,19968,卖盘
1860,10:07:22,3.12,--,141,43992,卖盘
1861,10:07:16,3.12,--,74,23088,卖盘
1862,10:07:07,3.12,-0.01,68,21216,卖盘
1863,10:07:01,3.13,0.01,233,72929,买盘
1864,10:06:52,3.12,--,132,41184,卖盘
1865,10:06:47,3.12,--,28,8736,卖盘
1866,10:06:41,3.12,--,74,23088,卖盘
1867,10:06:37,3.12,--,100,31200,卖盘
1868,10:06:32,3.12,--,68,21216,卖盘
1869,10:06:21,3.12,-0.01,103,32136,卖盘
1870,10:06:17,3.13,--,101,31613,买盘
1871,10:06:11,3.13,--,219,68547,买盘
1872,10:06:06,3.13,--,234,73242,买盘
1873,10:05:56,3.13,0.01,64,20032,买盘
1874,10:05:51,3.12,--,168,52416,卖盘
1875,10:05:47,3.12,--,118,36816,卖盘
1876,10:05:36,3.12,-0.01,152,47424,卖盘
1877,10:05:32,3.13,--,1,313,买盘
1878,10:05:26,3.13,0.01,225,70425,买盘
1879,10:05:21,3.12,--,71,22152,卖盘
1880,10:05:17,3.12,-0.01,68,21216,卖盘
1881,10:05:06,3.13,0.01,108,33804,买盘
1882,10:05:01,3.12,--,129,40248,卖盘
1883,10:04:56,3.12,-0.01,1,312,卖盘
1884,10:04:46,3.13,0.01,90,28170,买盘
1885,10:04:41,3.12,-0.01,68,21216,卖盘
1886,10:04:36,3.13,--,265,82945,买盘
1887,10:04:31,3.13,0.01,828,259164,买盘
1888,10:04:21,3.12,--,10,3120,卖盘
1889,10:04:16,3.12,-0.01,120,37440,卖盘
1890,10:04:06,3.13,--,202,63226,买盘
1891,10:03:56,3.13,--,10,3130,买盘
1892,10:03:51,3.13,0.01,127,39751,买盘
1893,10:03:46,3.12,--,144,44928,卖盘
1894,10:03:41,3.12,--,351,109512,卖盘
1895,10:03:36,3.12,-0.01,415,129480,卖盘
1896,10:03:31,3.13,--,231,72303,买盘
1897,10:03:26,3.13,0.01,2,626,买盘
1898,10:03:21,3.12,-0.01,132,41184,卖盘
1899,10:03:16,3.13,0.01,20,6260,买盘
1900,10:03:01,3.12,--,505,157560,卖盘
1901,10:02:56,3.12,-0.01,13,4056,卖盘
1902,10:02:51,3.13,--,310,97030,买盘
1903,10:02:46,3.13,0.01,255,79815,买盘
1904,10:02:31,3.12,-0.01,132,41184,卖盘
1905,10:02:26,3.13,0.01,4,1252,买盘
1906,10:02:16,3.12,-0.01,992,309504,卖盘
1907,10:02:11,3.13,--,11,3443,买盘
1908,10:02:06,3.13,--,90,28170,买盘
1909,10:02:01,3.13,0.01,29,9077,买盘
1910,10:01:51,3.12,--,2,624,卖盘
1911,10:01:46,3.12,--,254,79248,卖盘
1912,10:01:41,3.12,--,120,37440,卖盘
1913,10:01:36,3.12,-0.01,27,8424,卖盘
1914,10:01:31,3.13,0.01,22,6886,买盘
1915,10:01:26,3.12,--,146,45552,卖盘
1916,10:01:20,3.12,--,51,15912,卖盘
1917,10:01:16,3.12,-0.01,47,14664,卖盘
1918,10:01:05,3.13,0.01,120,37560,买盘
1919,10:01:01,3.12,-0.01,5,1560,卖盘
1920,10:00:56,3.13,--,15,4695,买盘
1921,10:00:51,3.13,0.01,258,80754,买盘
1922,10:00:46,3.12,-0.01,304,94848,卖盘
1923,10:00:31,3.13,0.01,324,101412,买盘
1924,10:00:26,3.12,--,40,12480,卖盘
1925,10:00:16,3.12,-0.01,1,312,卖盘
1926,10:00:11,3.13,0.01,100,31300,买盘
1927,10:00:01,3.12,-0.01,1360,424320,卖盘
1928,09:59:46,3.13,--,260,81380,买盘
1929,09:59:41,3.13,0.01,94,29422,买盘
1930,09:59:35,3.12,--,20,6240,卖盘
1931,09:59:26,3.12,-0.01,7,2184,卖盘
1932,09:59:20,3.13,--,98,30674,买盘
1933,09:59:16,3.13,--,219,68547,买盘
1934,09:59:11,3.13,0.01,266,83258,买盘
1935,09:59:05,3.12,--,260,81120,卖盘
1936,09:59:01,3.12,-0.01,201,62712,卖盘
1937,09:58:56,3.13,--,233,72929,买盘
1938,09:58:49,3.13,--,20,6260,买盘
1939,09:58:45,3.13,0.01,3,939,买盘
1940,09:58:40,3.12,--,1182,368784,卖盘
1941,09:58:31,3.12,--,2105,656760,卖盘
1942,09:58:26,3.12,--,352,109824,卖盘
1943,09:58:20,3.12,-0.01,131,40872,卖盘
1944,09:58:15,3.13,--,59,18467,买盘
1945,09:58:11,3.13,0.01,231,72303,买盘
1946,09:58:05,3.12,-0.01,130,40560,卖盘
1947,09:58:00,3.13,0.01,724,226612,买盘
1948,09:57:55,3.12,-0.01,257,80184,卖盘
1949,09:57:50,3.13,--,14,4382,买盘
1950,09:57:45,3.13,0.01,27,8451,买盘
1951,09:57:40,3.12,-0.01,71,22152,卖盘
1952,09:57:30,3.13,--,168,52584,买盘
1953,09:57:25,3.13,--,178,55714,买盘
1954,09:57:20,3.13,--,21,6573,买盘
1955,09:57:15,3.13,--,93,29109,买盘
1956,09:57:10,3.13,--,244,76372,买盘
1957,09:57:00,3.13,--,294,92022,买盘
1958,09:56:55,3.13,0.01,22,6886,买盘
1959,09:56:50,3.12,-0.01,50,15600,卖盘
1960,09:56:45,3.13,--,67,20971,买盘
1961,09:56:40,3.13,--,10,3130,买盘
1962,09:56:35,3.13,0.01,1,313,买盘
1963,09:56:30,3.12,--,69,21528,卖盘
1964,09:56:25,3.12,--,206,64272,卖盘
1965,09:56:15,3.12,-0.01,688,214656,卖盘
1966,09:56:10,3.13,0.01,2141,670133,买盘
1967,09:56:05,3.12,-0.01,268,83616,卖盘
1968,09:56:00,3.13,--,41,12833,买盘
1969,09:55:55,3.13,--,198,61974,买盘
1970,09:55:45,3.13,--,274,85762,买盘
1971,09:55:40,3.13,--,105,32865,买盘
1972,09:55:35,3.13,--,113,35369,买盘
1973,09:55:30,3.13,--,91,28483,买盘
1974,09:55:25,3.13,0.01,82,25666,买盘
1975,09:55:20,3.12,--,1,312,卖盘
1976,09:55:15,3.12,-0.01,414,129168,卖盘
1977,09:55:10,3.13,0.01,1317,412221,买盘
1978,09:55:05,3.12,-0.01,333,103958,卖盘
1979,09:55:00,3.13,--,3616,1131808,买盘
1980,09:54:55,3.13,0.01,481,150553,买盘
1981,09:54:50,3.12,-0.01,102,31824,卖盘
1982,09:54:45,3.13,--,217,67921,买盘
1983,09:54:40,3.13,--,58,18154,买盘
1984,09:54:35,3.13,--,32,10016,买盘
1985,09:54:30,3.13,0.01,218,68234,买盘
1986,09:54:25,3.12,--,132,41184,卖盘
1987,09:54:20,3.12,-0.01,105,32760,卖盘
1988,09:54:15,3.13,--,232,72616,买盘
1989,09:54:10,3.13,--,310,97030,买盘
1990,09:54:05,3.13,0.01,36,11268,买盘
1991,09:53:55,3.12,-0.01,43,13416,卖盘
1992,09:53:50,3.13,0.01,52,16276,买盘
1993,09:53:45,3.12,--,7,2184,卖盘
1994,09:53:40,3.12,--,4,1248,卖盘
1995,09:53:29,3.12,-0.01,80,24960,卖盘
1996,09:53:25,3.13,--,1068,334284,买盘
1997,09:53:20,3.13,--,31,9703,买盘
1998,09:53:15,3.13,0.01,233,72929,买盘
1999,09:53:10,3.12,--,106,33072,卖盘
2000,09:53:05,3.12,--,44,13728,卖盘
2001,09:52:59,3.12,--,17,5304,卖盘
2002,09:52:55,3.12,-0.01,111,34632,卖盘
2003,09:52:50,3.13,0.01,46,14398,买盘
2004,09:52:44,3.12,--,35,10920,卖盘
2005,09:52:40,3.12,--,14,4368,卖盘
2006,09:52:35,3.12,--,46,14352,卖盘
2007,09:52:29,3.12,--,230,71760,卖盘
2008,09:52:25,3.12,--,301,93912,卖盘
2009,09:52:20,3.12,--,30,9360,卖盘
2010,09:52:10,3.12,-0.01,25,7800,卖盘
2011,09:52:05,3.13,0.01,21,6573,买盘
2012,09:51:59,3.12,--,103,32136,卖盘
2013,09:51:55,3.12,--,138,43056,卖盘
2014,09:51:50,3.12,--,135,42182,卖盘
2015,09:51:44,3.12,-0.01,253,78936,卖盘
2016,09:51:40,3.13,0.01,49,15337,买盘
2017,09:51:35,3.12,-0.01,530,165360,卖盘
2018,09:51:29,3.13,0.01,19,5947,买盘
2019,09:51:24,3.12,--,675,210600,卖盘
2020,09:51:19,3.12,--,189,58968,卖盘
2021,09:51:09,3.12,--,103,32136,卖盘
2022,09:51:04,3.12,-0.01,418,130478,卖盘
2023,09:50:59,3.13,0.01,269,84197,买盘
2024,09:50:54,3.12,--,4,1248,卖盘
2025,09:50:48,3.12,--,2000,624000,卖盘
2026,09:50:44,3.12,--,25,7800,卖盘
2027,09:50:39,3.12,--,69,21528,卖盘
2028,09:50:34,3.12,--,160,49982,卖盘
2029,09:50:28,3.12,--,580,181084,卖盘
2030,09:50:24,3.12,-0.01,203,63398,卖盘
2031,09:50:18,3.13,0.01,3531,1105203,买盘
2032,09:50:09,3.12,--,602,187886,卖盘
2033,09:50:04,3.12,--,714,222768,卖盘
2034,09:49:59,3.12,--,30,9360,卖盘
2035,09:49:54,3.12,--,116,36192,卖盘
2036,09:49:39,3.12,--,25,7800,卖盘
2037,09:49:34,3.12,--,203,63336,卖盘
2038,09:49:24,3.12,--,50,15600,卖盘
2039,09:49:19,3.12,--,1,312,卖盘
2040,09:49:14,3.12,--,25,7800,卖盘
2041,09:49:09,3.12,-0.01,152,47424,卖盘
2042,09:49:04,3.13,0.01,797,249461,买盘
2043,09:48:59,3.12,--,11,3432,卖盘
2044,09:48:54,3.12,-0.01,55,17160,卖盘
2045,09:48:49,3.13,0.01,19,5947,买盘
2046,09:48:33,3.12,--,280,87360,卖盘
2047,09:48:29,3.12,-0.01,4,1248,卖盘
2048,09:48:24,3.13,--,11,3443,买盘
2049,09:48:19,3.13,0.01,4,1252,买盘
2050,09:48:09,3.12,--,10,3120,卖盘
2051,09:48:04,3.12,-0.01,7,2184,卖盘
2052,09:47:58,3.13,--,56,17528,买盘
2053,09:47:54,3.13,--,244,76372,买盘
2054,09:47:48,3.13,0.01,4,1252,买盘
2055,09:47:39,3.12,-0.01,23,7176,卖盘
2056,09:47:29,3.13,0.01,443,138659,买盘
2057,09:47:24,3.12,-0.01,1,312,卖盘
2058,09:47:18,3.13,0.01,9,2817,买盘
2059,09:47:14,3.12,-0.01,50,15600,卖盘
2060,09:47:09,3.13,0.01,914,286257,买盘
2061,09:47:03,3.12,-0.01,6,1872,卖盘
2062,09:46:59,3.13,0.01,9,2817,买盘
2063,09:46:54,3.12,--,894,279093,卖盘
2064,09:46:48,3.12,--,1104,344448,卖盘
2065,09:46:44,3.12,--,2482,774384,卖盘
2066,09:46:39,3.12,--,19,5928,卖盘
2067,09:46:33,3.12,--,128,39936,卖盘
2068,09:46:29,3.12,--,175,54600,卖盘
2069,09:46:24,3.12,--,8,2496,卖盘
2070,09:46:18,3.12,-0.01,66,20592,卖盘
2071,09:46:14,3.13,0.01,57,17841,买盘
2072,09:46:09,3.12,--,7,2184,卖盘
2073,09:46:03,3.12,--,41,12792,卖盘
2074,09:45:53,3.12,--,81,25272,卖盘
2075,09:45:48,3.12,--,273,85176,卖盘
2076,09:45:44,3.12,--,1,312,卖盘
2077,09:45:33,3.12,--,417,130104,卖盘
2078,09:45:23,3.12,--,1,312,卖盘
2079,09:45:18,3.12,--,43,13416,卖盘
2080,09:45:14,3.12,--,1,312,卖盘
2081,09:45:08,3.12,--,1,312,卖盘
2082,09:45:03,3.12,--,31,9672,卖盘
2083,09:44:59,3.12,-0.01,69,21528,卖盘
2084,09:44:53,3.13,0.01,7,2191,买盘
2085,09:44:48,3.12,-0.01,27,8424,卖盘
2086,09:44:43,3.13,0.01,4,1252,买盘
2087,09:44:38,3.12,--,60,18720,卖盘
2088,09:44:33,3.12,-0.01,2,624,卖盘
2089,09:44:27,3.13,0.01,23,7199,买盘
2090,09:44:23,3.12,--,106,33072,卖盘
2091,09:44:18,3.12,--,95,29640,卖盘
2092,09:44:12,3.12,--,9,2808,卖盘
2093,09:44:08,3.12,--,100,31200,卖盘
2094,09:44:03,3.12,--,1,312,卖盘
2095,09:43:53,3.12,--,264,82368,卖盘
2096,09:43:48,3.12,--,532,165984,卖盘
2097,09:43:38,3.12,-0.01,33,10296,卖盘
2098,09:43:33,3.13,0.01,16,5008,买盘
2099,09:43:27,3.12,--,84,26208,卖盘
2100,09:43:03,3.12,--,298,92976,卖盘
2101,09:42:57,3.12,-0.01,86,26832,卖盘
2102,09:42:48,3.13,--,10,3130,买盘
2103,09:42:42,3.13,0.01,64,20032,买盘
2104,09:42:38,3.12,--,18,5616,卖盘
2105,09:42:27,3.12,--,438,136656,卖盘
2106,09:42:23,3.12,--,40,12480,卖盘
2107,09:42:18,3.12,-0.01,1,312,卖盘
2108,09:42:12,3.13,--,6,1878,买盘
2109,09:42:03,3.13,--,2,626,买盘
2110,09:41:53,3.13,--,553,173089,买盘
2111,09:41:48,3.13,0.01,1,313,买盘
2112,09:41:42,3.12,-0.01,684,213408,卖盘
2113,09:41:33,3.13,0.01,1,313,买盘
2114,09:41:27,3.12,--,72,22464,卖盘
2115,09:41:23,3.12,--,1,312,卖盘
2116,09:41:12,3.12,--,27,8424,卖盘
2117,09:41:08,3.12,--,1335,416520,卖盘
2118,09:40:53,3.12,-0.01,970,302640,卖盘
2119,09:40:48,3.13,0.01,47,14711,买盘
2120,09:40:33,3.12,--,5,1560,卖盘
2121,09:40:27,3.12,-0.01,882,275184,卖盘
2122,09:40:18,3.13,0.01,16,5008,买盘
2123,09:40:12,3.12,-0.01,130,40560,卖盘
2124,09:40:08,3.13,--,482,150866,买盘
2125,09:40:03,3.13,--,884,276692,买盘
2126,09:39:57,3.13,0.01,10,3130,买盘
2127,09:39:53,3.12,-0.01,4,1248,卖盘
2128,09:39:42,3.13,0.01,20,6435,买盘
2129,09:39:38,3.12,--,5,1560,卖盘
2130,09:39:27,3.12,--,763,238056,卖盘
2131,09:39:23,3.12,-0.01,40,12480,卖盘
2132,09:39:18,3.13,0.01,352,110176,买盘
2133,09:39:12,3.12,-0.01,1030,321360,卖盘
2134,09:39:08,3.13,0.01,14,4382,买盘
2135,09:38:57,3.12,--,256,79872,卖盘
2136,09:38:38,3.12,--,3,936,卖盘
2137,09:38:27,3.12,-0.01,55,17160,卖盘
2138,09:38:22,3.13,0.01,1,313,买盘
2139,09:38:17,3.12,-0.01,129,40248,卖盘
2140,09:38:12,3.13,0.01,152,47576,买盘
2141,09:38:07,3.12,--,3,936,卖盘
2142,09:38:02,3.12,--,23,7176,卖盘
2143,09:37:57,3.12,-0.01,85,26520,卖盘
2144,09:37:51,3.13,0.01,11,3443,买盘
2145,09:37:47,3.12,--,30,9360,卖盘
2146,09:37:42,3.12,-0.01,489,152568,卖盘
2147,09:37:36,3.13,0.01,31,9703,买盘
2148,09:37:32,3.12,--,1,312,卖盘
2149,09:37:27,3.12,--,95,29640,卖盘
2150,09:37:21,3.12,--,221,69070,卖盘
2151,09:37:17,3.12,--,632,197184,卖盘
2152,09:37:12,3.12,--,5300,1653600,卖盘
2153,09:37:06,3.12,--,569,177528,卖盘
2154,09:36:57,3.12,--,3,936,卖盘
2155,09:36:51,3.12,--,260,81238,卖盘
2156,09:36:42,3.12,--,1,312,卖盘
2157,09:36:36,3.12,-0.01,296,92352,卖盘
2158,09:36:31,3.13,0.01,1,313,买盘
2159,09:36:27,3.12,--,133,41496,卖盘
2160,09:36:21,3.12,-0.01,157,48984,卖盘
2161,09:36:12,3.13,0.01,10,3130,买盘
2162,09:36:06,3.12,--,3,936,卖盘
2163,09:35:57,3.12,-0.01,28,8736,卖盘
2164,09:35:51,3.13,0.01,50,15650,买盘
2165,09:35:47,3.12,--,1,312,卖盘
2166,09:35:42,3.12,--,57,17784,卖盘
2167,09:35:36,3.12,--,6,1872,卖盘
2168,09:35:32,3.12,--,138,43056,卖盘
2169,09:35:27,3.12,--,3039,948168,卖盘
2170,09:35:21,3.12,-0.01,12,3744,卖盘
2171,09:35:17,3.13,0.01,97,30361,买盘
2172,09:35:12,3.12,-0.01,15,4680,卖盘
2173,09:35:06,3.13,0.01,403,126139,买盘
2174,09:35:02,3.12,-0.01,101,31512,卖盘
2175,09:34:57,3.13,0.01,112,35056,买盘
2176,09:34:51,3.12,--,1200,374400,卖盘
2177,09:34:42,3.12,--,1577,492155,卖盘
2178,09:34:36,3.12,--,1058,330170,卖盘
2179,09:34:27,3.12,--,1,312,卖盘
2180,09:34:21,3.12,-0.01,37,11544,卖盘
2181,09:34:17,3.13,0.01,5,1565,买盘
2182,09:34:12,3.12,--,5,1560,卖盘
2183,09:34:06,3.12,--,35,10920,卖盘
2184,09:34:02,3.12,--,1,312,卖盘
2185,09:33:57,3.12,-0.01,1313,409855,卖盘
2186,09:33:51,3.13,0.01,417,130521,买盘
2187,09:33:47,3.12,--,4,1248,卖盘
2188,09:33:42,3.12,--,40,12480,卖盘
2189,09:33:36,3.12,--,1288,402061,卖盘
2190,09:33:32,3.12,-0.01,1028,320736,卖盘
2191,09:33:27,3.13,0.01,43,13459,买盘
2192,09:33:21,3.12,--,1,312,卖盘
2193,09:33:17,3.12,--,104,32448,卖盘
2194,09:33:12,3.12,--,31,9672,卖盘
2195,09:33:06,3.12,--,50,15600,卖盘
2196,09:33:02,3.12,-0.01,1,312,卖盘
2197,09:32:51,3.13,--,1,313,买盘
2198,09:32:42,3.13,0.01,4,1252,买盘
2199,09:32:32,3.12,--,30,9360,卖盘
2200,09:32:26,3.12,-0.01,49,15288,卖盘
2201,09:32:21,3.13,0.01,32,10016,买盘
2202,09:32:17,3.12,--,22,6864,卖盘
2203,09:32:11,3.12,-0.01,224,69888,卖盘
2204,09:32:06,3.13,--,102,31926,买盘
2205,09:32:01,3.13,0.01,2,626,买盘
2206,09:31:57,3.12,-0.01,3000,936000,卖盘
2207,09:31:51,3.13,--,116,36308,买盘
2208,09:31:45,3.13,--,223,69799,买盘
2209,09:31:36,3.13,0.01,107,33491,买盘
2210,09:31:30,3.12,-0.01,1500,468000,卖盘
2211,09:31:21,3.13,--,1,313,买盘
2212,09:31:15,3.13,0.01,76,23788,买盘
2213,09:31:06,3.12,--,138,43056,卖盘
2214,09:30:51,3.12,-0.01,6,1872,卖盘
2215,09:30:11,3.13,0.01,3,939,买盘
2216,09:30:06,3.12,-0.01,954,297648,卖盘
2217,09:28:47,3.13,--,0,0,买盘
2218,09:25:04,3.13,3.13,1663,520519,买盘
