,time,price,change,volume,amount,type
0,14:59:59,21.4,--,0,0,中性盘
1,14:59:59,21.4,0.01,0,0,中性盘
2,14:59:59,21.39,-0.03,60,128340,卖盘
3,14:59:55,21.42,0.01,51,111041,买盘
4,14:59:50,21.41,0.02,36,77076,买盘
5,14:59:46,21.39,0.01,7,14973,买盘
6,14:59:40,21.38,-0.01,56,121694,卖盘
7,14:59:35,21.39,-0.01,11,23529,卖盘
8,14:59:31,21.4,-0.01,9,19260,中性盘
9,14:59:25,21.41,0.02,114,244074,买盘
10,14:59:20,21.39,-0.01,61,130799,卖盘
11,14:59:16,21.4,--,7,16799,卖盘
12,14:59:10,21.4,0.01,101,216140,买盘
13,14:59:05,21.39,--,6,12834,买盘
14,14:59:01,21.39,--,33,70587,中性盘
15,14:58:55,21.39,-0.01,185,395715,卖盘
16,14:58:50,21.4,--,62,132680,买盘
17,14:58:45,21.4,--,180,385200,买盘
18,14:58:40,21.4,0.01,7,14979,买盘
19,14:58:35,21.39,--,35,74865,卖盘
20,14:58:30,21.39,-0.01,25,53475,卖盘
21,14:58:25,21.4,0.01,58,124119,买盘
22,14:58:20,21.39,--,1,2139,卖盘
23,14:58:15,21.39,--,140,299460,卖盘
24,14:58:10,21.39,-0.01,55,117645,卖盘
25,14:58:05,21.4,--,4,8560,买盘
26,14:58:00,21.4,--,59,126259,买盘
27,14:57:55,21.4,0.01,7,14979,买盘
28,14:57:50,21.39,--,23,49197,卖盘
29,14:57:45,21.39,--,123,263097,卖盘
30,14:57:39,21.39,-0.01,13,27807,卖盘
31,14:57:35,21.4,0.01,7,14979,买盘
32,14:57:30,21.39,-0.01,6,12834,卖盘
33,14:57:25,21.4,0.01,53,113419,买盘
34,14:57:20,21.39,0.01,18,38502,买盘
35,14:57:15,21.38,-0.01,89,190282,卖盘
36,14:57:05,21.39,--,77,164703,卖盘
37,14:57:00,21.39,--,3,6417,卖盘
38,14:56:55,21.39,0.01,106,226734,买盘
39,14:56:45,21.38,-0.01,211,451118,卖盘
40,14:56:40,21.39,--,25,53475,卖盘
41,14:56:34,21.39,--,13,27807,卖盘
42,14:56:30,21.39,0.01,24,51336,中性盘
43,14:56:25,21.38,-0.02,24,51312,卖盘
44,14:56:20,21.4,--,8,17120,买盘
45,14:56:15,21.4,--,4,8560,买盘
46,14:56:10,21.4,--,101,216140,买盘
47,14:56:05,21.4,--,15,32099,卖盘
48,14:56:00,21.4,--,57,121979,买盘
49,14:55:55,21.4,0.01,20,42800,买盘
50,14:55:50,21.39,-0.02,10,21390,中性盘
51,14:55:45,21.41,0.01,73,156293,买盘
52,14:55:39,21.4,--,8,17120,买盘
53,14:55:30,21.4,-0.01,74,158360,中性盘
54,14:55:25,21.41,--,7,14987,买盘
55,14:55:20,21.41,--,10,21410,买盘
56,14:55:15,21.41,-0.01,48,102768,中性盘
57,14:55:09,21.42,0.01,59,126378,买盘
58,14:55:05,21.41,--,23,49243,卖盘
59,14:55:00,21.41,-0.01,76,162716,卖盘
60,14:54:54,21.42,--,24,51408,买盘
61,14:54:50,21.42,0.01,342,733485,买盘
62,14:54:45,21.41,--,96,205536,卖盘
63,14:54:39,21.41,-0.01,39,83499,卖盘
64,14:54:30,21.42,--,30,64260,买盘
65,14:54:24,21.42,--,23,49266,买盘
66,14:54:20,21.42,0.02,82,176864,买盘
67,14:54:15,21.4,-0.02,50,107920,卖盘
68,14:54:09,21.42,0.02,64,137088,买盘
69,14:54:00,21.4,--,5,10700,卖盘
70,14:53:54,21.4,--,5,10700,卖盘
71,14:53:50,21.4,--,11,23540,卖盘
72,14:53:45,21.4,0.02,127,272999,买盘
73,14:53:39,21.38,--,22,47036,卖盘
74,14:53:35,21.38,0.01,14,30552,买盘
75,14:53:24,21.37,--,14,29918,卖盘
76,14:53:20,21.37,-0.01,4,8548,卖盘
77,14:53:15,21.38,0.01,57,121866,买盘
78,14:53:09,21.37,--,111,237207,买盘
79,14:53:00,21.37,0.01,141,301317,买盘
80,14:52:54,21.36,--,24,51264,卖盘
81,14:52:50,21.36,-0.01,5,10680,卖盘
82,14:52:45,21.37,0.01,11,23507,买盘
83,14:52:39,21.36,0.01,19,40584,买盘
84,14:52:35,21.35,--,32,68320,卖盘
85,14:52:30,21.35,0.04,74,158993,买盘
86,14:52:24,21.31,-0.01,61,131120,卖盘
87,14:52:20,21.32,--,43,91676,卖盘
88,14:52:15,21.32,--,1,2132,卖盘
89,14:52:09,21.32,-0.01,47,100204,卖盘
90,14:52:00,21.33,0.02,9,20199,买盘
91,14:51:54,21.31,-0.01,249,530619,卖盘
92,14:51:49,21.32,0.01,124,264368,中性盘
93,14:51:44,21.31,-0.02,20,42620,卖盘
94,14:51:39,21.33,0.01,90,191969,买盘
95,14:51:35,21.32,0.01,32,68224,买盘
96,14:51:28,21.31,-0.01,13,27703,卖盘
97,14:51:24,21.32,0.01,33,70356,中性盘
98,14:51:18,21.31,0.01,14,29961,中性盘
99,14:51:14,21.3,--,10,21300,卖盘
100,14:51:09,21.3,-0.02,26,55380,卖盘
101,14:51:03,21.32,--,19,40508,买盘
102,14:50:59,21.32,0.02,5,10660,中性盘
103,14:50:54,21.3,-0.03,249,530370,卖盘
104,14:50:48,21.33,--,60,127979,买盘
105,14:50:44,21.33,0.01,40,85320,买盘
106,14:50:39,21.32,-0.02,24,51168,卖盘
107,14:50:33,21.34,0.01,4,8536,买盘
108,14:50:29,21.33,-0.01,33,70389,卖盘
109,14:50:24,21.34,-0.02,33,70422,卖盘
110,14:50:18,21.36,-0.01,55,117480,买盘
111,14:50:14,21.37,0.01,20,42740,买盘
112,14:50:09,21.36,--,3,6408,买盘
113,14:50:03,21.36,-0.01,22,46992,卖盘
114,14:49:59,21.37,0.01,25,53425,买盘
115,14:49:54,21.36,-0.02,23,49128,卖盘
116,14:49:48,21.38,0.01,17,36346,买盘
117,14:49:44,21.37,-0.01,7,14959,卖盘
118,14:49:39,21.38,--,2,4276,买盘
119,14:49:33,21.38,--,3,7931,卖盘
120,14:49:29,21.38,--,25,53450,卖盘
121,14:49:24,21.38,-0.01,101,215938,卖盘
122,14:49:18,21.39,-0.01,20,42780,买盘
123,14:49:14,21.4,--,0,0,买盘
124,14:49:09,21.4,--,64,136960,买盘
125,14:49:03,21.4,--,3,6420,买盘
126,14:48:59,21.4,--,11,23540,买盘
127,14:48:54,21.4,-0.03,340,728498,卖盘
128,14:48:48,21.43,--,32,68576,买盘
129,14:48:43,21.43,0.01,2,4286,买盘
130,14:48:39,21.42,-0.01,20,42840,卖盘
131,14:48:24,21.43,-0.01,7,15001,卖盘
132,14:48:18,21.44,--,1,2144,买盘
133,14:48:14,21.44,--,15,32160,买盘
134,14:48:09,21.44,--,7,15008,买盘
135,14:48:03,21.44,0.02,59,126496,买盘
136,14:47:59,21.42,-0.03,12,25704,卖盘
137,14:47:54,21.45,0.01,320,686400,买盘
138,14:47:48,21.44,--,58,124352,卖盘
139,14:47:44,21.44,--,52,111488,卖盘
140,14:47:39,21.44,--,463,992672,卖盘
141,14:47:33,21.44,0.03,253,542432,买盘
142,14:47:29,21.41,-0.01,92,196972,卖盘
143,14:47:24,21.42,-0.01,13,27846,卖盘
144,14:47:09,21.43,--,11,23573,买盘
145,14:47:03,21.43,--,36,77148,买盘
146,14:46:59,21.43,0.01,11,23573,买盘
147,14:46:54,21.42,-0.01,73,156366,卖盘
148,14:46:48,21.43,--,33,70719,卖盘
149,14:46:39,21.43,0.02,2,4286,卖盘
150,14:46:33,21.41,--,0,0,卖盘
151,14:46:29,21.41,-0.01,74,158434,卖盘
152,14:46:24,21.42,--,7,14994,卖盘
153,14:46:18,21.42,--,24,51408,卖盘
154,14:46:09,21.42,--,32,68544,卖盘
155,14:46:03,21.42,--,8,17136,卖盘
156,14:45:54,21.42,--,0,0,卖盘
157,14:45:43,21.42,--,12,25704,买盘
158,14:45:33,21.42,--,20,42840,买盘
159,14:45:28,21.42,0.01,50,107100,买盘
160,14:45:23,21.41,-0.01,2,4282,卖盘
161,14:45:18,21.42,--,40,85680,买盘
162,14:45:14,21.42,--,13,27846,买盘
163,14:45:08,21.42,0.01,32,68544,买盘
164,14:45:03,21.41,--,20,42820,卖盘
165,14:44:57,21.41,--,0,0,卖盘
166,14:44:53,21.41,-0.01,115,246215,卖盘
167,14:44:48,21.42,-0.03,2,4284,卖盘
168,14:44:38,21.45,0.03,7,15015,买盘
169,14:44:33,21.42,-0.03,19,40698,中性盘
170,14:44:23,21.45,--,7,15015,买盘
171,14:44:18,21.45,-0.01,13,27885,买盘
172,14:44:12,21.46,--,0,0,买盘
173,14:44:08,21.46,--,0,0,买盘
174,14:43:57,21.46,--,126,270396,买盘
175,14:43:48,21.46,--,43,92278,卖盘
176,14:43:38,21.46,0.01,4,8584,买盘
177,14:43:33,21.45,0.02,13,27885,买盘
178,14:43:27,21.43,--,7,15001,卖盘
179,14:43:18,21.43,--,0,0,卖盘
180,14:43:08,21.43,--,0,0,卖盘
181,14:43:03,21.43,-0.02,12,25716,卖盘
182,14:42:57,21.45,--,1,2145,卖盘
183,14:42:53,21.45,0.03,96,205920,买盘
184,14:42:48,21.42,--,0,0,卖盘
185,14:42:42,21.42,--,27,57834,卖盘
186,14:42:33,21.42,--,47,100674,卖盘
187,14:42:27,21.42,--,4,8568,卖盘
188,14:42:23,21.42,--,19,40698,卖盘
189,14:42:12,21.42,--,45,96390,买盘
190,14:42:08,21.42,0.01,33,70686,买盘
191,14:42:03,21.41,-0.01,11,23551,卖盘
192,14:41:57,21.42,0.01,102,218484,买盘
193,14:41:53,21.41,--,10,21410,卖盘
194,14:41:48,21.41,-0.01,8,17128,卖盘
195,14:41:42,21.42,--,11,23562,买盘
196,14:41:38,21.42,0.01,65,139230,买盘
197,14:41:33,21.41,0.01,5,10705,卖盘
198,14:41:27,21.4,-0.02,84,179760,卖盘
199,14:41:23,21.42,0.02,15,32130,买盘
200,14:41:18,21.4,--,12,25680,卖盘
201,14:41:12,21.4,--,17,36380,卖盘
202,14:41:03,21.4,--,15,32099,卖盘
203,14:40:57,21.4,--,128,274176,卖盘
204,14:40:53,21.4,--,2,4280,卖盘
205,14:40:48,21.4,--,18,38520,卖盘
206,14:40:42,21.4,0.02,317,679364,买盘
207,14:40:38,21.38,-0.01,6,12828,卖盘
208,14:40:33,21.39,0.01,12,25668,买盘
209,14:40:27,21.38,-0.02,3,6414,卖盘
210,14:40:18,21.4,--,103,220419,买盘
211,14:40:12,21.4,--,39,83460,买盘
212,14:40:08,21.4,-0.02,31,66340,卖盘
213,14:40:03,21.42,-0.01,5,12594,卖盘
214,14:39:57,21.43,--,3,6429,买盘
215,14:39:48,21.43,0.03,31,66690,买盘
216,14:39:42,21.4,-0.03,223,477498,卖盘
217,14:39:38,21.43,--,2,4286,买盘
218,14:39:32,21.43,--,3,6429,买盘
219,14:39:27,21.43,--,13,27859,买盘
220,14:39:18,21.43,--,9,19287,买盘
221,14:39:12,21.43,-0.01,3,6429,卖盘
222,14:39:03,21.44,--,1,2144,买盘
223,14:38:57,21.44,-0.01,7,15008,卖盘
224,14:38:48,21.45,--,14,30030,卖盘
225,14:38:42,21.45,--,1,2145,卖盘
226,14:38:33,21.45,--,14,30030,卖盘
227,14:38:27,21.45,--,2,4290,买盘
228,14:38:17,21.45,--,2,4290,买盘
229,14:38:12,21.45,0.02,1,2145,中性盘
230,14:38:06,21.43,0.01,7,15001,买盘
231,14:38:02,21.42,-0.03,170,364140,卖盘
232,14:37:57,21.45,--,30,66216,买盘
233,14:37:51,21.45,0.02,1,2145,买盘
234,14:37:47,21.43,-0.01,17,36431,卖盘
235,14:37:42,21.44,-0.01,11,23584,中性盘
236,14:37:36,21.45,--,10,21450,买盘
237,14:37:32,21.45,0.01,67,144530,买盘
238,14:37:27,21.44,-0.01,34,74225,卖盘
239,14:37:21,21.45,0.01,4,8580,买盘
240,14:37:17,21.44,0.01,18,38592,中性盘
241,14:37:12,21.43,-0.02,35,75005,卖盘
242,14:37:06,21.45,0.02,131,280995,买盘
243,14:37:02,21.43,0.01,49,105007,买盘
244,14:36:57,21.42,0.03,41,87822,买盘
245,14:36:51,21.39,-0.01,245,524055,卖盘
246,14:36:42,21.4,--,26,57715,卖盘
247,14:36:36,21.4,--,3,6420,卖盘
248,14:36:32,21.4,--,2,4964,买盘
249,14:36:27,21.4,-0.01,44,95615,卖盘
250,14:36:21,21.41,0.01,9,19269,买盘
251,14:36:17,21.4,--,2,4280,卖盘
252,14:36:12,21.4,-0.01,3,6420,卖盘
253,14:36:02,21.41,--,1,2141,买盘
254,14:35:57,21.41,0.01,1,2141,买盘
255,14:35:51,21.4,-0.03,24,51360,卖盘
256,14:35:42,21.43,0.01,2,4286,买盘
257,14:35:36,21.42,--,3,6426,卖盘
258,14:35:32,21.42,0.02,27,57834,卖盘
259,14:35:27,21.4,-0.03,37,79180,卖盘
260,14:35:21,21.43,0.03,25,54903,买盘
261,14:35:12,21.4,-0.02,5,10700,卖盘
262,14:34:57,21.42,-0.01,17,37956,卖盘
263,14:34:51,21.43,--,23,49289,卖盘
264,14:34:47,21.43,0.03,17,37031,买盘
265,14:34:42,21.4,-0.03,147,314580,卖盘
266,14:34:21,21.43,--,2,4286,买盘
267,14:34:17,21.43,-0.02,29,62147,卖盘
268,14:34:12,21.45,--,7,15015,买盘
269,14:34:06,21.45,--,45,96525,买盘
270,14:34:01,21.45,--,2,4290,买盘
271,14:33:57,21.45,--,85,183933,卖盘
272,14:33:51,21.45,-0.02,28,60060,卖盘
273,14:33:47,21.47,0.02,60,128820,买盘
274,14:33:41,21.45,-0.02,13,28421,卖盘
275,14:33:36,21.47,--,48,103056,买盘
276,14:33:26,21.47,--,47,100909,买盘
277,14:33:21,21.47,-0.01,21,45087,卖盘
278,14:33:17,21.48,0.01,10,21480,买盘
279,14:33:11,21.47,-0.01,4,8588,卖盘
280,14:33:02,21.48,--,3,6444,买盘
281,14:32:56,21.48,--,1,2148,卖盘
282,14:32:51,21.48,--,16,34368,卖盘
283,14:32:47,21.48,--,10,21480,卖盘
284,14:32:36,21.48,-0.02,9,19332,卖盘
285,14:32:31,21.5,--,117,252904,卖盘
286,14:32:26,21.5,--,7,15050,卖盘
287,14:32:21,21.5,--,15,32422,卖盘
288,14:32:15,21.5,--,7,15050,卖盘
289,14:32:11,21.5,--,3,8084,卖盘
290,14:32:06,21.5,-0.01,1,2150,卖盘
291,14:31:56,21.51,--,17,36567,买盘
292,14:31:51,21.51,--,36,77436,卖盘
293,14:31:41,21.51,-0.01,55,118305,卖盘
294,14:31:36,21.52,--,72,154944,买盘
295,14:31:26,21.52,--,1,2152,买盘
296,14:31:21,21.52,--,4,8608,卖盘
297,14:31:15,21.52,-0.02,1,2152,卖盘
298,14:31:11,21.54,--,2,4308,买盘
299,14:31:06,21.54,--,9,19386,买盘
300,14:30:56,21.54,--,10,23090,卖盘
301,14:30:51,21.54,--,0,0,卖盘
302,14:30:45,21.54,--,11,24297,卖盘
303,14:30:41,21.54,-0.01,23,49542,卖盘
304,14:30:36,21.55,--,34,73636,卖盘
305,14:30:30,21.55,--,1,2155,卖盘
306,14:30:26,21.55,--,45,96975,卖盘
307,14:30:21,21.55,0.01,67,146173,买盘
308,14:30:11,21.54,-0.01,35,75390,卖盘
309,14:30:06,21.55,0.01,52,112060,买盘
310,14:30:00,21.54,-0.01,4,8616,卖盘
311,14:29:56,21.55,0.04,15,32325,买盘
312,14:29:51,21.51,-0.01,5,10755,卖盘
313,14:29:45,21.52,-0.02,43,92536,卖盘
314,14:29:41,21.54,--,35,75390,卖盘
315,14:29:36,21.54,--,27,58158,卖盘
316,14:29:30,21.54,-0.01,73,157242,卖盘
317,14:29:26,21.55,0.01,4,8620,买盘
318,14:29:21,21.54,0.02,32,68928,买盘
319,14:29:15,21.52,-0.02,12,25824,卖盘
320,14:29:06,21.54,--,10,21540,卖盘
321,14:28:45,21.54,0.04,35,75390,买盘
322,14:28:41,21.5,--,26,57039,买盘
323,14:28:36,21.5,--,47,101050,买盘
324,14:28:30,21.5,--,61,132160,卖盘
325,14:28:26,21.5,--,0,0,卖盘
326,14:28:21,21.5,-0.02,9,20962,卖盘
327,14:28:15,21.52,--,7,16742,买盘
328,14:28:11,21.52,0.03,14,30128,买盘
329,14:28:06,21.49,-0.02,101,218768,卖盘
330,14:28:00,21.51,0.01,7,15057,买盘
331,14:27:56,21.5,-0.02,36,77400,卖盘
332,14:27:51,21.52,--,119,256088,买盘
333,14:27:45,21.52,--,66,142032,买盘
334,14:27:41,21.52,--,52,111904,买盘
335,14:27:36,21.52,--,9,19368,买盘
336,14:27:30,21.52,--,63,135576,买盘
337,14:27:26,21.52,--,30,64560,买盘
338,14:27:21,21.52,0.02,174,374448,买盘
339,14:27:15,21.5,--,3,6880,卖盘
340,14:27:11,21.5,-0.01,36,77400,卖盘
341,14:27:06,21.51,0.01,14,30114,买盘
342,14:27:00,21.5,--,16,34400,买盘
343,14:26:50,21.5,--,26,55900,买盘
344,14:26:45,21.5,--,25,53750,买盘
345,14:26:35,21.5,0.01,100,215000,买盘
346,14:26:30,21.49,0.02,5,10745,买盘
347,14:26:20,21.47,--,79,169613,买盘
348,14:26:15,21.47,0.04,1,2147,买盘
349,14:26:09,21.43,-0.09,150,321450,卖盘
350,14:26:05,21.52,0.02,209,449768,买盘
351,14:26:00,21.5,0.05,100,215000,买盘
352,14:25:54,21.45,-0.02,67,143929,卖盘
353,14:25:50,21.47,--,38,83518,买盘
354,14:25:45,21.47,--,0,0,买盘
355,14:25:35,21.47,0.02,87,186789,买盘
356,14:25:30,21.45,--,55,117975,买盘
357,14:25:24,21.45,0.03,4,8580,买盘
358,14:25:20,21.42,-0.05,6,13430,卖盘
359,14:25:15,21.47,0.02,22,47234,买盘
360,14:25:09,21.45,--,101,216645,买盘
361,14:25:05,21.45,--,28,60060,买盘
362,14:25:00,21.45,-0.01,246,529128,卖盘
363,14:24:54,21.46,-0.01,4,8584,卖盘
364,14:24:50,21.47,--,9,19323,买盘
365,14:24:45,21.47,-0.01,7,15029,中性盘
366,14:24:39,21.48,0.01,38,81624,买盘
367,14:24:35,21.47,--,105,225435,卖盘
368,14:24:30,21.47,--,5,10735,卖盘
369,14:24:24,21.47,--,9,19323,卖盘
370,14:24:20,21.47,0.01,6,12882,卖盘
371,14:24:15,21.46,--,3,7124,卖盘
372,14:24:09,21.46,--,2,4292,卖盘
373,14:24:05,21.46,-0.04,7,15022,卖盘
374,14:24:00,21.5,--,15,32250,买盘
375,14:23:50,21.5,-0.01,145,311750,卖盘
376,14:23:39,21.51,--,19,41428,卖盘
377,14:23:35,21.51,--,86,184986,卖盘
378,14:23:20,21.51,--,100,215100,卖盘
379,14:23:15,21.51,-0.01,3,8044,卖盘
380,14:23:05,21.52,-0.01,250,538322,卖盘
381,14:22:54,21.53,0.01,12,25836,买盘
382,14:22:50,21.52,--,2,4304,卖盘
383,14:22:45,21.52,--,0,0,卖盘
384,14:22:39,21.52,--,112,241024,卖盘
385,14:22:35,21.52,-0.01,3,6456,卖盘
386,14:22:30,21.53,--,5,12595,买盘
387,14:22:24,21.53,--,38,81814,买盘
388,14:22:15,21.53,--,31,66743,买盘
389,14:22:09,21.53,--,25,53825,买盘
390,14:22:05,21.53,--,30,64590,买盘
391,14:22:00,21.53,--,2,4306,买盘
392,14:21:54,21.53,--,8,17546,卖盘
393,14:21:50,21.53,-0.01,52,111956,卖盘
394,14:21:45,21.54,--,45,98760,买盘
395,14:21:39,21.54,--,36,77544,买盘
396,14:21:34,21.54,--,2,4308,买盘
397,14:21:30,21.54,-0.01,195,420353,卖盘
398,14:21:24,21.55,-0.01,10,21550,卖盘
399,14:21:19,21.56,0.01,1,2156,买盘
400,14:21:15,21.55,--,2,6141,卖盘
401,14:21:09,21.55,-0.01,124,267220,卖盘
402,14:21:00,21.56,-0.07,1,2156,卖盘
403,14:20:50,21.63,0.03,100,216300,买盘
404,14:20:39,21.6,0.04,219,473040,买盘
405,14:20:30,21.56,--,42,90552,卖盘
406,14:20:24,21.56,--,1,2156,卖盘
407,14:20:19,21.56,-0.02,25,53900,卖盘
408,14:20:15,21.58,0.01,10,21580,买盘
409,14:20:00,21.57,--,5,10785,买盘
410,14:19:54,21.57,0.01,28,60396,买盘
411,14:19:49,21.56,-0.01,30,64679,卖盘
412,14:19:44,21.57,--,45,97065,买盘
413,14:19:39,21.57,-0.01,46,101228,卖盘
414,14:19:33,21.58,--,2,4316,买盘
415,14:19:24,21.58,--,9,20759,卖盘
416,14:19:14,21.58,0.01,7,15926,卖盘
417,14:19:09,21.57,0.02,60,129570,买盘
418,14:19:03,21.55,--,48,103440,买盘
419,14:18:59,21.55,--,1,2155,买盘
420,14:18:54,21.55,-0.02,62,134364,卖盘
421,14:18:48,21.57,--,5,10785,买盘
422,14:18:44,21.57,--,1,2157,买盘
423,14:18:39,21.57,--,70,152241,卖盘
424,14:18:33,21.57,-0.03,27,58239,卖盘
425,14:18:24,21.6,0.03,5,10800,买盘
426,14:18:14,21.57,-0.03,35,75495,卖盘
427,14:18:09,21.6,--,3,6933,卖盘
428,14:18:03,21.6,-0.02,19,41040,卖盘
429,14:17:59,21.62,0.02,4,8648,买盘
430,14:17:54,21.6,--,35,75600,卖盘
431,14:17:48,21.6,--,34,73893,买盘
432,14:17:44,21.6,--,15,32400,买盘
433,14:17:39,21.6,--,6,12960,买盘
434,14:17:29,21.6,--,113,244080,买盘
435,14:17:24,21.6,--,0,0,买盘
436,14:17:18,21.6,--,10,21600,买盘
437,14:17:14,21.6,--,56,122666,卖盘
438,14:16:59,21.6,0.03,43,93333,买盘
439,14:16:54,21.57,-0.03,27,59943,卖盘
440,14:16:44,21.6,--,3,6480,买盘
441,14:16:39,21.6,-0.03,47,101520,中性盘
442,14:16:29,21.63,0.01,133,287679,买盘
443,14:16:24,21.62,--,40,86480,买盘
444,14:16:18,21.62,-0.04,69,149242,卖盘
445,14:16:14,21.66,0.03,135,292410,买盘
446,14:16:09,21.63,-0.02,17,37592,卖盘
447,14:16:03,21.65,0.03,25,54125,买盘
448,14:15:59,21.62,--,60,129720,卖盘
449,14:15:54,21.62,0.03,22,48839,买盘
450,14:15:48,21.59,-0.02,3,6930,卖盘
451,14:15:44,21.61,0.02,20,43220,买盘
452,14:15:39,21.59,-0.01,141,304419,卖盘
453,14:15:33,21.6,0.01,5,10800,买盘
454,14:15:29,21.59,0.02,21,45339,买盘
455,14:15:24,21.57,--,40,86280,买盘
456,14:15:18,21.57,0.02,3,6471,买盘
457,14:15:14,21.55,-0.01,10,21550,卖盘
458,14:15:09,21.56,0.01,1,2156,买盘
459,14:15:03,21.55,--,85,183175,卖盘
460,14:14:59,21.55,--,31,66805,卖盘
461,14:14:54,21.55,0.03,45,98375,买盘
462,14:14:48,21.52,--,38,81776,买盘
463,14:14:44,21.52,0.01,25,53800,买盘
464,14:14:39,21.51,-0.01,52,111852,卖盘
465,14:14:33,21.52,--,149,320648,买盘
466,14:14:29,21.52,--,100,215200,买盘
467,14:14:24,21.52,--,1,2152,买盘
468,14:14:18,21.52,--,10,21520,买盘
469,14:14:14,21.52,-0.03,113,243176,卖盘
470,14:14:08,21.55,0.01,155,334025,买盘
471,14:14:03,21.54,0.01,35,75390,买盘
472,14:13:59,21.53,--,18,40218,卖盘
473,14:13:54,21.53,-0.01,9,19377,卖盘
474,14:13:48,21.54,--,36,77544,买盘
475,14:13:44,21.54,0.01,150,323100,买盘
476,14:13:39,21.53,-0.01,6,14188,卖盘
477,14:13:28,21.54,-0.01,15,33193,卖盘
478,14:13:23,21.55,0.01,51,109905,买盘
479,14:13:18,21.54,--,7,15078,卖盘
480,14:13:03,21.54,-0.01,61,131394,卖盘
481,14:12:57,21.55,--,5,10775,卖盘
482,14:12:53,21.55,0.01,1,2155,卖盘
483,14:12:48,21.54,--,0,0,卖盘
484,14:12:42,21.54,--,100,215400,卖盘
485,14:12:38,21.54,-0.02,26,56004,卖盘
486,14:12:33,21.56,--,1,2156,卖盘
487,14:12:23,21.56,-0.03,3,6468,卖盘
488,14:12:18,21.59,0.03,22,47498,买盘
489,14:12:12,21.56,-0.01,26,56056,卖盘
490,14:12:08,21.57,--,8,17256,卖盘
491,14:12:03,21.57,--,9,19413,卖盘
492,14:11:53,21.57,0.02,43,92751,买盘
493,14:11:48,21.55,--,0,0,卖盘
494,14:11:38,21.55,0.01,54,116370,卖盘
495,14:11:33,21.54,-0.02,21,45234,卖盘
496,14:11:27,21.56,--,1,2156,卖盘
497,14:11:23,21.56,0.03,180,389352,买盘
498,14:11:18,21.53,-0.01,8,17224,卖盘
499,14:11:08,21.54,0.01,24,51696,买盘
500,14:11:03,21.53,-0.01,12,27407,卖盘
501,14:10:53,21.54,0.02,2,4308,买盘
502,14:10:48,21.52,-0.02,11,23672,卖盘
503,14:10:41,21.54,0.02,3,6462,买盘
504,14:10:38,21.52,--,2,4304,卖盘
505,14:10:33,21.52,-0.01,145,312040,卖盘
506,14:10:23,21.53,0.01,25,53825,买盘
507,14:10:08,21.52,0.01,70,150640,买盘
508,14:10:03,21.51,--,0,0,卖盘
509,14:09:56,21.51,--,3,6453,卖盘
510,14:09:53,21.51,-0.02,114,247063,卖盘
511,14:09:48,21.53,0.02,22,47366,买盘
512,14:09:42,21.51,--,0,0,卖盘
513,14:09:38,21.51,-0.01,400,860400,卖盘
514,14:09:33,21.52,--,13,27976,卖盘
515,14:09:27,21.52,--,192,413184,买盘
516,14:09:23,21.52,--,31,66712,买盘
517,14:09:18,21.52,-0.03,180,387360,卖盘
518,14:09:12,21.55,0.03,81,174555,买盘
519,14:09:08,21.52,--,17,36584,买盘
520,14:09:03,21.52,--,38,81776,卖盘
521,14:08:57,21.52,--,64,137728,卖盘
522,14:08:53,21.52,--,28,60256,卖盘
523,14:08:48,21.52,--,1,2152,卖盘
524,14:08:38,21.52,-0.02,19,40888,卖盘
525,14:08:33,21.54,--,2,4308,买盘
526,14:08:27,21.54,-0.02,37,80107,卖盘
527,14:08:23,21.56,-0.01,14,31067,卖盘
528,14:08:18,21.57,0.01,71,153147,买盘
529,14:08:12,21.56,--,11,23716,卖盘
530,14:08:07,21.56,--,2,4312,卖盘
531,14:08:03,21.56,0.01,35,75460,卖盘
532,14:07:56,21.55,-0.05,300,646500,卖盘
533,14:07:53,21.6,--,0,0,买盘
534,14:07:48,21.6,--,5,10800,买盘
535,14:07:42,21.6,--,19,42789,买盘
536,14:07:37,21.6,--,10,21600,买盘
537,14:07:33,21.6,0.05,108,233280,买盘
538,14:07:27,21.55,--,10,21550,卖盘
539,14:07:23,21.55,-0.03,10,21550,卖盘
540,14:07:18,21.58,-0.02,5,10790,中性盘
541,14:07:12,21.6,0.02,121,261360,买盘
542,14:07:08,21.58,-0.02,105,226589,卖盘
543,14:07:03,21.6,-0.01,161,348645,卖盘
544,14:06:56,21.61,--,1,2161,买盘
545,14:06:47,21.61,--,39,84840,卖盘
546,14:06:41,21.61,-0.02,12,25932,卖盘
547,14:06:32,21.63,0.02,21,45423,买盘
548,14:06:27,21.61,-0.01,233,503513,卖盘
549,14:06:21,21.62,-0.01,7,15134,卖盘
550,14:06:17,21.63,-0.03,113,244419,卖盘
551,14:06:12,21.66,0.01,106,230072,买盘
552,14:06:05,21.65,--,165,357225,卖盘
553,14:06:02,21.65,--,21,47153,卖盘
554,14:05:56,21.65,0.02,16,34640,买盘
555,14:05:51,21.63,-0.02,2,4326,卖盘
556,14:05:47,21.65,0.02,56,121239,买盘
557,14:05:42,21.63,--,11,23793,卖盘
558,14:05:35,21.63,-0.03,2,4326,卖盘
559,14:05:26,21.66,--,0,0,买盘
560,14:05:21,21.66,0.01,5,10830,买盘
561,14:05:17,21.65,0.03,5,10825,买盘
562,14:05:11,21.62,-0.05,50,108100,卖盘
563,14:05:05,21.67,--,0,0,买盘
564,14:05:02,21.67,--,0,0,买盘
565,14:04:57,21.67,0.04,223,483241,买盘
566,14:04:51,21.63,--,32,69216,卖盘
567,14:04:47,21.63,0.02,40,86520,买盘
568,14:04:42,21.61,--,5,10805,卖盘
569,14:04:35,21.61,--,17,36737,卖盘
570,14:04:32,21.61,--,15,32415,卖盘
571,14:04:26,21.61,--,0,0,卖盘
572,14:04:20,21.61,-0.02,17,36737,卖盘
573,14:04:17,21.63,--,38,83794,买盘
574,14:04:11,21.63,--,146,315798,买盘
575,14:04:06,21.63,-0.02,36,77868,卖盘
576,14:04:02,21.65,0.02,1,2165,中性盘
577,14:03:57,21.63,-0.01,72,155736,卖盘
578,14:03:50,21.64,--,0,0,买盘
579,14:03:47,21.64,-0.03,57,123348,卖盘
580,14:03:41,21.67,0.01,42,91014,买盘
581,14:03:35,21.66,-0.01,2,4332,卖盘
582,14:03:32,21.67,--,16,34672,买盘
583,14:03:26,21.67,0.01,214,463738,买盘
584,14:03:20,21.66,--,4,8664,卖盘
585,14:03:17,21.66,0.02,94,203604,买盘
586,14:03:11,21.64,-0.02,469,1014916,卖盘
587,14:03:05,21.66,--,16,34656,买盘
588,14:03:02,21.66,--,5,10830,买盘
589,14:02:56,21.66,-0.01,4,8664,卖盘
590,14:02:50,21.67,0.02,152,329384,买盘
591,14:02:47,21.65,-0.02,2,4330,中性盘
592,14:02:41,21.67,--,21,45507,买盘
593,14:02:35,21.67,0.01,110,238370,买盘
594,14:02:32,21.66,--,10,21660,买盘
595,14:02:26,21.66,-0.01,4,8664,买盘
596,14:02:20,21.67,--,0,0,买盘
597,14:02:17,21.67,--,0,0,买盘
598,14:02:11,21.67,0.07,35,75845,买盘
599,14:02:05,21.6,-0.07,100,216000,卖盘
600,14:02:02,21.67,0.06,176,381392,买盘
601,14:01:56,21.61,--,16,34576,卖盘
602,14:01:47,21.61,-0.06,10,21610,卖盘
603,14:01:41,21.67,--,0,0,买盘
604,14:01:35,21.67,0.02,42,91014,买盘
605,14:01:32,21.65,0.05,1,2165,中性盘
606,14:01:26,21.6,-0.07,6,12960,卖盘
607,14:01:17,21.67,0.06,494,1071126,买盘
608,14:01:11,21.61,-0.04,7,15127,卖盘
609,14:01:05,21.65,-0.01,29,64192,卖盘
610,14:01:02,21.66,--,8,17328,卖盘
611,14:00:56,21.66,0.06,560,1213718,买盘
612,14:00:41,21.6,-0.05,11,24408,中性盘
613,14:00:32,21.65,0.05,100,216500,买盘
614,14:00:26,21.6,--,1,2160,买盘
615,14:00:20,21.6,-0.02,18,38880,卖盘
616,14:00:16,21.62,0.02,29,62698,买盘
617,14:00:11,21.6,--,44,95040,卖盘
618,14:00:05,21.6,--,15,32400,卖盘
619,14:00:02,21.6,--,12,25920,卖盘
620,13:59:56,21.6,--,25,54000,卖盘
621,13:59:44,21.6,-0.01,2,4320,卖盘
622,13:59:41,21.61,--,30,64830,卖盘
623,13:59:35,21.61,--,45,97245,卖盘
624,13:59:29,21.61,--,1,2161,卖盘
625,13:59:26,21.61,--,6,12966,卖盘
626,13:59:20,21.61,-0.01,5,10805,卖盘
627,13:59:14,21.62,0.02,7,15134,买盘
628,13:59:11,21.6,-0.02,15,32400,卖盘
629,13:59:05,21.62,--,0,0,买盘
630,13:58:59,21.62,-0.03,1,2162,买盘
631,13:58:56,21.65,0.04,39,84435,买盘
632,13:58:50,21.61,--,1,2161,卖盘
633,13:58:44,21.61,-0.01,10,21610,卖盘
634,13:58:41,21.62,--,155,335110,卖盘
635,13:58:35,21.62,-0.03,44,95128,卖盘
636,13:58:26,21.65,--,61,132065,买盘
637,13:58:20,21.65,--,7,16562,卖盘
638,13:58:14,21.65,--,19,41135,卖盘
639,13:58:11,21.65,-0.02,3,7252,卖盘
640,13:58:05,21.67,--,8,17336,买盘
641,13:57:59,21.67,--,0,0,买盘
642,13:57:56,21.67,-0.02,301,652852,卖盘
643,13:57:50,21.69,0.01,118,257004,买盘
644,13:57:44,21.68,0.01,3,6504,买盘
645,13:57:35,21.67,-0.01,77,166859,卖盘
646,13:57:26,21.68,0.01,16,34688,中性盘
647,13:57:20,21.67,--,20,43340,卖盘
648,13:57:14,21.67,--,9,19503,卖盘
649,13:57:11,21.67,--,8,17856,卖盘
650,13:57:05,21.67,--,205,444235,卖盘
651,13:56:59,21.67,0.05,24,52008,买盘
652,13:56:56,21.62,--,37,79994,卖盘
653,13:56:44,21.62,-0.03,6,12972,卖盘
654,13:56:41,21.65,-0.03,41,88765,买盘
655,13:56:35,21.68,--,0,0,买盘
656,13:56:29,21.68,0.07,18,39024,买盘
657,13:56:26,21.61,--,0,0,卖盘
658,13:56:20,21.61,--,52,112372,卖盘
659,13:56:11,21.61,0.01,154,332794,买盘
660,13:56:05,21.6,-0.01,45,97200,卖盘
661,13:55:59,21.61,0.01,115,248515,买盘
662,13:55:56,21.6,0.02,17,36720,买盘
663,13:55:50,21.58,--,6,12947,卖盘
664,13:55:41,21.58,--,57,123005,买盘
665,13:55:35,21.58,0.03,14,30211,买盘
666,13:55:29,21.55,--,3,6465,卖盘
667,13:55:26,21.55,--,12,25860,卖盘
668,13:55:20,21.55,--,10,21550,卖盘
669,13:55:14,21.55,0.01,82,178390,买盘
670,13:55:11,21.54,--,9,21130,卖盘
671,13:55:05,21.54,-0.03,10,21540,卖盘
672,13:54:59,21.57,0.04,51,110007,买盘
673,13:54:56,21.53,-0.02,212,456436,卖盘
674,13:54:50,21.55,--,35,75425,卖盘
675,13:54:44,21.55,-0.02,5,10775,卖盘
676,13:54:41,21.57,--,25,55003,买盘
677,13:54:35,21.57,0.04,80,172560,买盘
678,13:54:29,21.53,-0.03,24,51672,卖盘
679,13:54:26,21.56,-0.01,22,47432,中性盘
680,13:54:20,21.57,0.05,3,6471,买盘
681,13:54:14,21.52,-0.05,8,17216,卖盘
682,13:54:11,21.57,-0.01,13,28041,卖盘
683,13:54:05,21.58,-0.02,808,1743663,卖盘
684,13:53:59,21.6,0.02,11,23760,买盘
685,13:53:56,21.58,--,30,64739,卖盘
686,13:53:50,21.58,-0.03,609,1314222,卖盘
687,13:53:44,21.61,0.01,103,222583,买盘
688,13:53:41,21.6,--,33,71280,卖盘
689,13:53:35,21.6,--,73,157680,卖盘
690,13:53:26,21.6,-0.01,52,112320,卖盘
691,13:53:20,21.61,-0.07,592,1279312,卖盘
692,13:53:10,21.68,-0.01,7,15176,卖盘
693,13:53:05,21.69,--,1,2169,买盘
694,13:52:59,21.69,--,66,144260,卖盘
695,13:52:55,21.69,-0.01,2,4338,卖盘
696,13:52:50,21.7,0.01,28,60760,买盘
697,13:52:44,21.69,-0.01,22,48780,卖盘
698,13:52:40,21.7,0.01,133,288610,买盘
699,13:52:35,21.69,-0.01,32,69408,卖盘
700,13:52:29,21.7,--,53,115010,买盘
701,13:52:24,21.7,-0.01,37,80290,买盘
702,13:52:20,21.71,0.01,200,434200,买盘
703,13:52:14,21.7,-0.02,161,351192,卖盘
704,13:52:10,21.72,0.02,66,143352,买盘
705,13:52:05,21.7,-0.02,11,23870,卖盘
706,13:51:59,21.72,0.02,30,65160,买盘
707,13:51:53,21.7,-0.02,10,21700,卖盘
708,13:51:50,21.72,-0.03,140,304080,中性盘
709,13:51:44,21.75,--,230,500250,买盘
710,13:51:38,21.75,--,38,82650,卖盘
711,13:51:35,21.75,--,36,78300,卖盘
712,13:51:29,21.75,0.03,42,91350,买盘
713,13:51:23,21.72,-0.03,6,13032,买盘
714,13:51:20,21.75,0.04,100,217500,买盘
715,13:51:14,21.71,-0.01,19,41249,卖盘
716,13:51:05,21.72,--,18,39096,中性盘
717,13:50:59,21.72,--,5,10860,卖盘
718,13:50:53,21.72,--,24,52128,卖盘
719,13:50:50,21.72,--,5,11077,买盘
720,13:50:44,21.72,-0.01,3,6516,卖盘
721,13:50:38,21.73,0.02,13,28249,中性盘
722,13:50:35,21.71,-0.04,31,67301,卖盘
723,13:50:29,21.75,0.04,172,374100,买盘
724,13:50:20,21.71,-0.02,48,104208,买盘
725,13:50:08,21.73,--,0,0,买盘
726,13:50:05,21.73,0.02,29,63017,买盘
727,13:49:59,21.71,--,10,21710,卖盘
728,13:49:53,21.71,0.01,2,4342,买盘
729,13:49:50,21.7,--,22,47740,卖盘
730,13:49:44,21.7,-0.01,283,614110,卖盘
731,13:49:38,21.71,--,5,10855,卖盘
732,13:49:35,21.71,--,13,28223,卖盘
733,13:49:29,21.71,-0.04,13,28223,卖盘
734,13:49:23,21.75,0.04,7,15225,买盘
735,13:49:20,21.71,--,9,19539,卖盘
736,13:49:14,21.71,0.01,20,43420,中性盘
737,13:49:08,21.7,-0.01,26,57483,卖盘
738,13:49:05,21.71,--,18,39078,买盘
739,13:48:59,21.71,0.01,9,19539,中性盘
740,13:48:53,21.7,-0.09,74,160580,卖盘
741,13:48:50,21.79,--,6,13074,卖盘
742,13:48:44,21.79,0.08,71,154709,买盘
743,13:48:38,21.71,0.01,13,28440,买盘
744,13:48:35,21.7,--,6,13020,卖盘
745,13:48:29,21.7,-0.09,12,26040,卖盘
746,13:48:23,21.79,0.04,1,2179,中性盘
747,13:48:20,21.75,0.05,665,1447614,买盘
748,13:48:05,21.7,-0.05,285,619383,卖盘
749,13:47:59,21.75,-0.1,500,1087500,卖盘
750,13:47:53,21.85,0.02,9,19665,买盘
751,13:47:50,21.83,-0.02,203,443148,卖盘
752,13:47:44,21.85,-0.01,5,10925,卖盘
753,13:47:38,21.86,-0.01,8,17488,买盘
754,13:47:35,21.87,-0.01,138,301806,中性盘
755,13:47:29,21.88,0.04,46,100648,买盘
756,13:47:23,21.84,-0.04,14,30576,中性盘
757,13:47:20,21.88,0.01,121,264748,买盘
758,13:47:14,21.87,--,8,19136,卖盘
759,13:47:08,21.87,-0.01,55,120831,卖盘
760,13:47:05,21.88,0.01,92,201296,买盘
761,13:46:59,21.87,-0.01,23,50301,卖盘
762,13:46:53,21.88,--,10,21880,买盘
763,13:46:50,21.88,0.02,320,701779,买盘
764,13:46:44,21.86,--,74,163425,卖盘
765,13:46:38,21.86,--,205,448130,卖盘
766,13:46:35,21.86,--,48,104928,卖盘
767,13:46:29,21.86,0.03,134,294017,买盘
768,13:46:23,21.83,--,13,28378,卖盘
769,13:46:20,21.83,-0.02,183,399488,卖盘
770,13:46:14,21.85,0.03,19,41515,中性盘
771,13:46:08,21.82,--,50,109100,卖盘
772,13:46:04,21.82,--,248,541136,买盘
773,13:45:59,21.82,0.01,78,170196,买盘
774,13:45:53,21.81,-0.01,20,43620,卖盘
775,13:45:49,21.82,0.01,387,844434,买盘
776,13:45:44,21.81,0.01,167,364227,买盘
777,13:45:38,21.8,--,51,111180,买盘
778,13:45:34,21.8,-0.02,323,704140,卖盘
779,13:45:29,21.82,-0.01,61,133102,中性盘
780,13:45:23,21.83,0.03,214,467161,买盘
781,13:45:19,21.8,--,22,47960,卖盘
782,13:45:14,21.8,--,19,41420,卖盘
783,13:45:08,21.8,--,107,233260,买盘
784,13:45:04,21.8,0.01,3,8349,买盘
785,13:44:59,21.79,0.02,64,140523,买盘
786,13:44:53,21.77,--,7,15239,卖盘
787,13:44:49,21.77,--,22,47894,卖盘
788,13:44:44,21.77,0.02,78,169806,买盘
789,13:44:38,21.75,--,139,302325,卖盘
790,13:44:34,21.75,--,67,145725,卖盘
791,13:44:29,21.75,--,12,26100,卖盘
792,13:44:23,21.75,--,143,312112,买盘
793,13:44:17,21.75,--,15,32625,买盘
794,13:44:14,21.75,--,17,36975,买盘
795,13:44:08,21.75,--,4,8700,买盘
796,13:43:59,21.75,0.05,140,304500,买盘
797,13:43:53,21.7,-0.05,142,309225,卖盘
798,13:43:47,21.75,--,3,6525,卖盘
799,13:43:44,21.75,--,8,17400,卖盘
800,13:43:38,21.75,0.02,386,840637,买盘
801,13:43:32,21.73,0.03,10,21730,买盘
802,13:43:29,21.7,-0.01,785,1703450,卖盘
803,13:43:23,21.71,-0.02,45,97695,卖盘
804,13:43:17,21.73,0.02,12,26076,中性盘
805,13:43:14,21.71,-0.06,1,2171,卖盘
806,13:43:08,21.77,-0.01,585,1275177,买盘
807,13:43:02,21.78,0.03,4,8712,买盘
808,13:42:59,21.75,-0.03,83,180525,中性盘
809,13:42:53,21.78,0.07,71,154638,买盘
810,13:42:47,21.71,-0.02,10,21710,卖盘
811,13:42:44,21.73,-0.06,223,484579,卖盘
812,13:42:38,21.79,0.01,145,315955,买盘
813,13:42:32,21.78,--,113,246114,卖盘
814,13:42:29,21.78,-0.01,180,393129,卖盘
815,13:42:23,21.79,--,72,156888,卖盘
816,13:42:17,21.79,-0.01,89,193931,卖盘
817,13:42:14,21.8,0.02,39,85020,买盘
818,13:42:08,21.78,--,755,1646546,买盘
819,13:42:02,21.78,0.03,79,172062,买盘
820,13:41:59,21.75,-0.03,123,267525,卖盘
821,13:41:53,21.78,-0.01,101,219978,卖盘
822,13:41:47,21.79,-0.06,50,108950,卖盘
823,13:41:44,21.85,0.02,143,312455,买盘
824,13:41:38,21.83,0.03,160,349280,买盘
825,13:41:32,21.8,--,22,47960,卖盘
826,13:41:28,21.8,--,244,531920,卖盘
827,13:41:23,21.8,0.03,104,226720,买盘
828,13:41:17,21.77,-0.01,104,226408,卖盘
829,13:41:14,21.78,-0.01,195,424710,中性盘
830,13:41:08,21.79,0.07,296,644984,买盘
831,13:41:02,21.72,-0.06,13,28236,卖盘
832,13:40:59,21.78,0.09,133,289674,买盘
833,13:40:53,21.69,-0.08,16,34704,卖盘
834,13:40:47,21.77,0.08,1005,2187885,买盘
835,13:40:44,21.69,0.03,1053,2283957,买盘
836,13:40:38,21.66,-0.01,621,1345086,卖盘
837,13:40:32,21.67,--,505,1094335,买盘
838,13:40:29,21.67,0.01,75,162525,买盘
839,13:40:23,21.66,--,12,25992,卖盘
840,13:40:17,21.66,--,29,63702,卖盘
841,13:40:13,21.66,0.05,203,440304,买盘
842,13:40:08,21.61,-0.02,33,71313,中性盘
843,13:40:02,21.63,0.02,5,10815,买盘
844,13:39:58,21.61,--,36,77796,买盘
845,13:39:53,21.61,0.01,14,30254,买盘
846,13:39:47,21.6,0.02,387,835920,买盘
847,13:39:43,21.58,--,32,69056,卖盘
848,13:39:38,21.58,0.03,514,1109212,买盘
849,13:39:32,21.55,--,104,224120,卖盘
850,13:39:28,21.55,--,15,32325,卖盘
851,13:39:23,21.55,0.06,23,49565,买盘
852,13:39:17,21.49,-0.05,63,135387,卖盘
853,13:39:13,21.54,-0.01,52,112008,卖盘
854,13:39:08,21.55,0.05,84,181020,买盘
855,13:39:02,21.5,-0.05,10,21500,卖盘
856,13:38:58,21.55,0.05,62,133997,买盘
857,13:38:53,21.5,--,515,1107250,卖盘
858,13:38:47,21.5,-0.05,9,19350,中性盘
859,13:38:43,21.55,0.05,88,189640,买盘
860,13:38:38,21.5,0.01,20,43000,买盘
861,13:38:32,21.49,--,0,0,卖盘
862,13:38:28,21.49,-0.01,110,236389,卖盘
863,13:38:23,21.5,0.01,53,113950,买盘
864,13:38:13,21.49,-0.01,208,446991,卖盘
865,13:38:08,21.5,--,387,832050,卖盘
866,13:37:58,21.5,0.1,39,84860,买盘
867,13:37:53,21.4,-0.05,436,933039,卖盘
868,13:37:47,21.45,-0.04,260,557700,卖盘
869,13:37:43,21.49,0.09,70,150430,买盘
870,13:37:38,21.4,-0.11,1003,2146420,卖盘
871,13:37:32,21.51,0.03,490,1055818,买盘
872,13:37:28,21.48,--,0,0,卖盘
873,13:37:23,21.48,-0.02,608,1305984,中性盘
874,13:37:17,21.5,0.05,526,1130900,买盘
875,13:37:08,21.45,--,35,75075,卖盘
876,13:36:57,21.45,--,15,32175,卖盘
877,13:36:47,21.45,0.05,43,92235,买盘
878,13:36:41,21.4,-0.01,18,38520,卖盘
879,13:36:38,21.41,-0.01,10,21410,中性盘
880,13:36:32,21.42,0.02,73,156366,买盘
881,13:36:17,21.4,--,354,759379,买盘
882,13:36:08,21.4,--,21,44940,买盘
883,13:36:02,21.4,--,9,19516,买盘
884,13:35:56,21.4,--,100,214000,买盘
885,13:35:53,21.4,--,21,45261,卖盘
886,13:35:47,21.4,-0.03,13,27819,卖盘
887,13:35:41,21.43,0.03,27,57861,买盘
888,13:35:38,21.4,--,10,21400,卖盘
889,13:35:32,21.4,-0.03,22,47080,卖盘
890,13:35:26,21.43,--,35,75005,买盘
891,13:35:23,21.43,--,1,2143,买盘
892,13:35:08,21.43,-0.02,52,113493,卖盘
893,13:34:53,21.45,--,10,21450,买盘
894,13:34:47,21.45,--,104,224045,卖盘
895,13:34:41,21.45,--,28,60060,卖盘
896,13:34:38,21.45,--,5,10725,卖盘
897,13:34:32,21.45,--,3,7614,卖盘
898,13:34:17,21.45,-0.03,10,21450,买盘
899,13:34:08,21.48,--,0,0,买盘
900,13:34:02,21.48,0.03,47,100956,买盘
901,13:33:53,21.45,-0.03,33,70785,中性盘
902,13:33:47,21.48,0.05,100,214800,买盘
903,13:33:41,21.43,-0.02,12,25716,卖盘
904,13:33:38,21.45,0.02,2,4290,买盘
905,13:33:32,21.43,--,22,47231,卖盘
906,13:33:23,21.43,-0.02,5,10715,卖盘
907,13:33:17,21.45,0.03,10,21450,买盘
908,13:33:11,21.42,-0.01,97,207774,卖盘
909,13:33:07,21.43,-0.02,5,10715,卖盘
910,13:33:02,21.45,0.03,46,98670,买盘
911,13:32:56,21.42,0.02,12,25704,中性盘
912,13:32:52,21.4,-0.03,170,363800,卖盘
913,13:32:47,21.43,0.01,13,27859,买盘
914,13:32:32,21.42,0.02,22,47124,买盘
915,13:32:26,21.4,-0.01,20,42800,卖盘
916,13:32:22,21.41,--,30,64230,中性盘
917,13:32:07,21.41,0.01,103,220523,买盘
918,13:32:02,21.4,--,14,29959,卖盘
919,13:31:56,21.4,0.02,144,309979,买盘
920,13:31:52,21.38,--,4,8552,卖盘
921,13:31:47,21.38,-0.02,1,2138,卖盘
922,13:31:37,21.4,--,200,428000,买盘
923,13:31:32,21.4,0.01,3,6420,买盘
924,13:31:26,21.39,0.01,1,2139,卖盘
925,13:31:22,21.38,-0.02,50,106900,卖盘
926,13:31:17,21.4,0.01,12,25680,买盘
927,13:31:07,21.39,-0.01,22,47378,卖盘
928,13:31:02,21.4,--,45,96300,卖盘
929,13:30:56,21.4,0.01,52,113098,买盘
930,13:30:47,21.39,--,3,6866,卖盘
931,13:30:41,21.39,--,31,67998,卖盘
932,13:30:37,21.39,--,21,44919,卖盘
933,13:30:32,21.39,0.01,14,31657,中性盘
934,13:30:26,21.38,-0.01,25,53450,卖盘
935,13:30:22,21.39,--,105,224595,买盘
936,13:30:17,21.39,-0.01,17,36363,卖盘
937,13:30:11,21.4,0.01,12,25680,买盘
938,13:30:07,21.39,--,12,25668,卖盘
939,13:30:02,21.39,--,30,64170,卖盘
940,13:29:56,21.39,--,3,6417,卖盘
941,13:29:52,21.39,--,26,55614,卖盘
942,13:29:47,21.39,--,2,4278,卖盘
943,13:29:37,21.39,-0.01,38,81282,卖盘
944,13:29:32,21.4,0.01,31,66340,买盘
945,13:29:22,21.39,--,20,42780,卖盘
946,13:29:17,21.39,-0.01,93,198927,卖盘
947,13:29:02,21.4,--,13,27819,买盘
948,13:28:56,21.4,-0.02,163,350831,卖盘
949,13:28:52,21.42,-0.02,31,66402,卖盘
950,13:28:47,21.44,0.02,4,8576,买盘
951,13:28:41,21.42,--,0,0,卖盘
952,13:28:35,21.42,--,0,0,卖盘
953,13:28:32,21.42,-0.03,74,158508,卖盘
954,13:28:26,21.45,0.03,112,240240,买盘
955,13:28:20,21.42,--,2,4284,卖盘
956,13:28:17,21.42,0.01,51,109242,卖盘
957,13:28:11,21.41,--,9,19269,卖盘
958,13:28:05,21.41,--,28,59948,买盘
959,13:28:02,21.41,0.01,54,117027,买盘
960,13:27:56,21.4,--,3,6420,卖盘
961,13:27:50,21.4,0.04,138,296176,买盘
962,13:27:47,21.36,--,13,27768,卖盘
963,13:27:41,21.36,-0.01,9,19224,卖盘
964,13:27:35,21.37,0.01,63,134631,买盘
965,13:27:32,21.36,0.03,117,249912,买盘
966,13:27:26,21.33,--,116,247427,卖盘
967,13:27:20,21.33,--,4,8532,卖盘
968,13:27:17,21.33,--,85,181305,卖盘
969,13:27:11,21.33,0.03,13,27728,买盘
970,13:27:05,21.3,--,2,6240,买盘
971,13:27:01,21.3,-0.02,117,249359,卖盘
972,13:26:56,21.32,-0.03,38,82998,中性盘
973,13:26:50,21.35,0.04,5,10675,买盘
974,13:26:47,21.31,-0.06,19,40489,卖盘
975,13:26:41,21.37,--,0,0,买盘
976,13:26:35,21.37,--,0,0,买盘
977,13:26:32,21.37,-0.02,147,314139,卖盘
978,13:26:26,21.39,--,5,10695,买盘
979,13:26:20,21.39,0.02,85,181815,买盘
980,13:26:17,21.37,-0.03,29,63511,卖盘
981,13:26:11,21.4,--,51,109140,买盘
982,13:26:05,21.4,--,96,205440,买盘
983,13:26:01,21.4,--,9,19260,买盘
984,13:25:56,21.4,0.01,3,6420,买盘
985,13:25:50,21.39,-0.01,18,38502,卖盘
986,13:25:46,21.4,-0.01,42,91763,卖盘
987,13:25:41,21.41,0.01,38,81358,买盘
988,13:25:35,21.4,-0.01,29,62059,卖盘
989,13:25:31,21.41,-0.01,9,19269,中性盘
990,13:25:26,21.42,0.01,300,642600,买盘
991,13:25:20,21.41,-0.01,1,3725,卖盘
992,13:25:16,21.42,--,7,14994,买盘
993,13:25:11,21.42,-0.06,65,139230,卖盘
994,13:25:05,21.48,0.02,17,36516,买盘
995,13:25:01,21.46,--,8,17168,买盘
996,13:24:56,21.46,-0.04,45,96891,卖盘
997,13:24:46,21.5,--,7,15050,买盘
998,13:24:41,21.5,--,14,30100,买盘
999,13:24:31,21.5,-0.01,5,10750,卖盘
1000,13:24:26,21.51,-0.01,68,146268,卖盘
1001,13:24:20,21.52,0.01,183,393816,买盘
1002,13:24:16,21.51,-0.01,1,2151,卖盘
1003,13:24:11,21.52,0.02,202,436533,买盘
1004,13:24:05,21.5,0.03,8,17200,买盘
1005,13:24:01,21.47,0.01,56,120232,中性盘
1006,13:23:56,21.46,-0.05,26,55796,卖盘
1007,13:23:50,21.51,0.01,154,331254,买盘
1008,13:23:46,21.5,0.05,170,365500,买盘
1009,13:23:31,21.45,0.04,51,109395,买盘
1010,13:23:26,21.41,-0.05,451,967710,卖盘
1011,13:23:16,21.46,0.05,510,1094460,买盘
1012,13:23:11,21.41,-0.04,179,383260,卖盘
1013,13:23:05,21.45,0.03,16,34320,买盘
1014,13:23:01,21.42,--,43,92106,卖盘
1015,13:22:56,21.42,--,28,59976,卖盘
1016,13:22:50,21.42,--,229,492638,卖盘
1017,13:22:46,21.42,-0.03,4,8568,中性盘
1018,13:22:41,21.45,0.04,105,225225,买盘
1019,13:22:35,21.41,--,101,216241,卖盘
1020,13:22:31,21.41,-0.04,22,47102,卖盘
1021,13:22:26,21.45,--,166,356906,买盘
1022,13:22:16,21.45,--,44,94380,买盘
1023,13:22:11,21.45,--,11,23595,买盘
1024,13:22:05,21.45,--,9,21192,卖盘
1025,13:22:01,21.45,-0.05,216,464778,卖盘
1026,13:21:56,21.5,-0.01,94,202100,买盘
1027,13:21:50,21.51,0.05,3,6453,卖盘
1028,13:21:46,21.46,-0.1,148,317608,卖盘
1029,13:21:41,21.56,0.06,67,145141,买盘
1030,13:21:35,21.5,-0.06,37,79550,卖盘
1031,13:21:31,21.56,--,72,155232,卖盘
1032,13:21:26,21.56,0.06,20,43120,中性盘
1033,13:21:20,21.5,-0.08,110,236500,卖盘
1034,13:21:16,21.58,0.01,444,958151,买盘
1035,13:21:11,21.57,--,167,360219,买盘
1036,13:21:04,21.57,--,50,107850,买盘
1037,13:21:00,21.57,0.02,30,64710,买盘
1038,13:20:56,21.55,-0.01,59,127145,中性盘
1039,13:20:50,21.56,-0.01,41,88396,中性盘
1040,13:20:44,21.57,-0.01,5,10785,中性盘
1041,13:20:41,21.58,0.09,170,366860,买盘
1042,13:20:35,21.49,-0.06,83,178367,卖盘
1043,13:20:29,21.55,-0.02,5,10775,卖盘
1044,13:20:26,21.57,0.09,734,1583841,买盘
1045,13:20:20,21.48,--,1367,2936337,买盘
1046,13:20:14,21.48,-0.01,85,182580,中性盘
1047,13:20:11,21.49,0.03,183,393267,买盘
1048,13:20:05,21.46,-0.03,22,47212,卖盘
1049,13:19:59,21.49,0.01,326,700574,买盘
1050,13:19:56,21.48,0.02,27,57996,买盘
1051,13:19:50,21.46,0.01,230,493580,买盘
1052,13:19:40,21.45,--,14,30030,卖盘
1053,13:19:35,21.45,0.04,420,901135,买盘
1054,13:19:29,21.41,0.02,18,38538,买盘
1055,13:19:25,21.39,--,42,89838,买盘
1056,13:19:20,21.39,-0.01,18,38502,卖盘
1057,13:19:14,21.4,0.01,93,199020,买盘
1058,13:19:11,21.39,0.02,26,55614,买盘
1059,13:19:05,21.37,--,9,19233,卖盘
1060,13:18:59,21.37,--,26,55562,卖盘
1061,13:18:56,21.37,--,29,61973,卖盘
1062,13:18:50,21.37,--,1,2735,卖盘
1063,13:18:40,21.37,--,33,70521,卖盘
1064,13:18:35,21.37,-0.03,68,145316,卖盘
1065,13:18:25,21.4,0.01,31,66340,买盘
1066,13:18:20,21.39,-0.01,4,8556,买盘
1067,13:18:14,21.4,--,0,0,买盘
1068,13:18:10,21.4,--,44,94160,买盘
1069,13:18:05,21.4,--,45,96300,卖盘
1070,13:17:59,21.4,--,7,14979,卖盘
1071,13:17:55,21.4,--,32,68480,卖盘
1072,13:17:50,21.4,-0.01,120,256799,卖盘
1073,13:17:44,21.41,--,55,117755,卖盘
1074,13:17:40,21.41,-0.01,122,261202,卖盘
1075,13:17:35,21.42,--,7,14994,买盘
1076,13:17:25,21.42,--,3,6426,卖盘
1077,13:17:20,21.42,--,18,38556,卖盘
1078,13:17:14,21.42,--,7,14994,卖盘
1079,13:17:10,21.42,0.01,547,1171674,买盘
1080,13:17:05,21.41,-0.01,202,432910,卖盘
1081,13:16:59,21.42,--,14,29988,买盘
1082,13:16:55,21.42,0.01,32,68544,卖盘
1083,13:16:49,21.41,-0.03,24,51384,卖盘
1084,13:16:44,21.44,--,1,2144,买盘
1085,13:16:40,21.44,0.02,606,1299264,买盘
1086,13:16:35,21.42,-0.03,35,74970,卖盘
1087,13:16:28,21.45,--,1,2145,买盘
1088,13:16:25,21.45,0.01,18,38610,买盘
1089,13:16:20,21.44,--,322,690368,卖盘
1090,13:16:14,21.44,-0.01,218,468935,卖盘
1091,13:16:10,21.45,--,55,118575,卖盘
1092,13:16:05,21.45,--,26,55770,中性盘
1093,13:15:59,21.45,--,20,42900,卖盘
1094,13:15:55,21.45,0.01,55,117975,买盘
1095,13:15:50,21.44,-0.01,84,180096,中性盘
1096,13:15:44,21.45,--,85,182325,买盘
1097,13:15:40,21.45,--,59,126555,买盘
1098,13:15:35,21.45,--,177,379665,买盘
1099,13:15:29,21.45,--,87,186615,买盘
1100,13:15:25,21.45,0.01,360,772200,买盘
1101,13:15:20,21.44,--,436,934784,买盘
1102,13:15:14,21.44,--,30,64320,买盘
1103,13:15:10,21.44,0.03,72,154368,买盘
1104,13:15:04,21.41,--,4,8564,卖盘
1105,13:14:59,21.41,0.01,95,205107,买盘
1106,13:14:55,21.4,0.03,1008,2157120,买盘
1107,13:14:50,21.37,0.02,67,143179,买盘
1108,13:14:44,21.35,--,4,8540,卖盘
1109,13:14:40,21.35,-0.01,57,121695,卖盘
1110,13:14:34,21.36,0.04,373,798799,买盘
1111,13:14:28,21.32,0.01,1,2132,买盘
1112,13:14:25,21.31,--,0,0,卖盘
1113,13:14:20,21.31,--,270,575370,买盘
1114,13:14:10,21.31,--,6,12786,买盘
1115,13:14:04,21.31,-0.02,13,27703,卖盘
1116,13:13:59,21.33,0.03,10,21330,买盘
1117,13:13:55,21.3,-0.01,33,70290,卖盘
1118,13:13:50,21.31,--,20,42620,卖盘
1119,13:13:44,21.31,0.01,76,161956,买盘
1120,13:13:40,21.3,-0.01,2,4260,卖盘
1121,13:13:29,21.31,0.03,37,79507,买盘
1122,13:13:23,21.28,-0.02,7,14896,卖盘
1123,13:13:20,21.3,--,3,6390,买盘
1124,13:13:14,21.3,-0.05,292,623429,卖盘
1125,13:13:09,21.35,0.02,362,774108,买盘
1126,13:13:04,21.33,0.02,185,395500,买盘
1127,13:12:59,21.31,0.01,127,270637,买盘
1128,13:12:52,21.3,--,27,57510,卖盘
1129,13:12:50,21.3,0.02,116,247740,买盘
1130,13:12:44,21.28,-0.02,169,360249,卖盘
1131,13:12:38,21.3,0.02,10,21300,买盘
1132,13:12:34,21.28,0.02,15,31920,中性盘
1133,13:12:28,21.26,-0.02,320,680320,卖盘
1134,13:12:23,21.28,--,63,134064,买盘
1135,13:12:19,21.28,--,170,361760,卖盘
1136,13:12:14,21.28,-0.02,6,12768,卖盘
1137,13:12:08,21.3,--,17,36210,买盘
1138,13:12:04,21.3,0.02,2,4260,买盘
1139,13:11:59,21.28,-0.02,11,23408,卖盘
1140,13:11:49,21.3,--,13,29159,卖盘
1141,13:11:44,21.3,--,63,134829,卖盘
1142,13:11:38,21.3,--,7,14910,卖盘
1143,13:11:34,21.3,0.01,160,340821,买盘
1144,13:11:28,21.29,0.01,23,48967,买盘
1145,13:11:23,21.28,--,0,0,卖盘
1146,13:11:19,21.28,-0.02,228,485184,卖盘
1147,13:11:14,21.3,--,10,21300,买盘
1148,13:11:07,21.3,--,9,19170,买盘
1149,13:11:04,21.3,--,35,74550,买盘
1150,13:10:58,21.3,0.04,16,34080,买盘
1151,13:10:53,21.26,-0.06,98,210452,卖盘
1152,13:10:49,21.32,0.02,15,31980,买盘
1153,13:10:44,21.3,-0.02,112,238560,卖盘
1154,13:10:37,21.32,-0.02,65,139816,卖盘
1155,13:10:34,21.34,0.02,120,256976,买盘
1156,13:10:28,21.32,--,100,213200,卖盘
1157,13:10:23,21.32,-0.01,30,63960,卖盘
1158,13:10:19,21.33,--,306,652698,卖盘
1159,13:10:14,21.33,-0.01,15,31994,卖盘
1160,13:10:04,21.34,0.06,15,32010,买盘
1161,13:09:58,21.28,-0.01,464,987413,中性盘
1162,13:09:53,21.29,--,2,4258,买盘
1163,13:09:49,21.29,--,25,53225,买盘
1164,13:09:44,21.29,--,44,93676,买盘
1165,13:09:34,21.29,-0.01,98,209003,买盘
1166,13:09:28,21.3,--,69,148737,卖盘
1167,13:09:23,21.3,--,40,85200,卖盘
1168,13:09:19,21.3,0.05,93,198452,买盘
1169,13:09:14,21.25,--,205,435625,卖盘
1170,13:09:08,21.25,--,61,129625,买盘
1171,13:09:04,21.25,--,3,6375,买盘
1172,13:08:59,21.25,-0.02,4,8500,买盘
1173,13:08:52,21.27,-0.01,32,68064,卖盘
1174,13:08:49,21.28,0.03,85,180880,买盘
1175,13:08:43,21.25,--,19,40375,卖盘
1176,13:08:38,21.25,-0.03,10,21250,卖盘
1177,13:08:34,21.28,0.03,106,225568,买盘
1178,13:08:29,21.25,--,3,6375,卖盘
1179,13:08:23,21.25,-0.02,21,46388,卖盘
1180,13:08:19,21.27,0.01,110,233970,买盘
1181,13:08:14,21.26,-0.01,8,17008,卖盘
1182,13:08:08,21.27,--,2,4254,买盘
1183,13:08:04,21.27,-0.03,192,408384,卖盘
1184,13:07:59,21.3,--,113,240690,买盘
1185,13:07:49,21.3,--,36,76680,买盘
1186,13:07:44,21.3,--,7,14910,买盘
1187,13:07:37,21.3,--,27,57510,卖盘
1188,13:07:34,21.3,-0.03,34,72420,卖盘
1189,13:07:28,21.33,-0.01,133,283689,买盘
1190,13:07:23,21.34,0.01,20,42680,买盘
1191,13:07:19,21.33,--,20,42660,卖盘
1192,13:07:13,21.33,--,34,72522,卖盘
1193,13:07:08,21.33,-0.01,4,8532,卖盘
1194,13:07:04,21.34,0.01,41,87494,买盘
1195,13:06:59,21.33,--,56,119447,买盘
1196,13:06:52,21.33,-0.04,67,142911,卖盘
1197,13:06:49,21.37,0.07,473,1010801,买盘
1198,13:06:44,21.3,-0.03,521,1109730,卖盘
1199,13:06:38,21.33,--,100,214366,卖盘
1200,13:06:34,21.33,0.03,609,1300063,买盘
1201,13:06:29,21.3,0.04,696,1482480,买盘
1202,13:06:22,21.26,--,2,4252,卖盘
1203,13:06:19,21.26,0.03,682,1450293,买盘
1204,13:06:14,21.23,--,39,82797,买盘
1205,13:06:04,21.23,--,59,125257,买盘
1206,13:05:59,21.23,-0.02,16,33968,买盘
1207,13:05:49,21.25,0.04,466,990250,买盘
1208,13:05:43,21.21,0.01,32,67872,中性盘
1209,13:05:38,21.2,--,103,218360,卖盘
1210,13:05:32,21.2,--,114,241680,卖盘
1211,13:05:29,21.2,--,265,561990,买盘
1212,13:05:17,21.2,0.04,30,63600,买盘
1213,13:05:13,21.16,0.03,815,1724540,买盘
1214,13:05:03,21.13,--,1,2113,卖盘
1215,13:04:58,21.13,0.03,366,774942,买盘
1216,13:04:52,21.1,--,22,46420,买盘
1217,13:04:47,21.1,--,166,350260,卖盘
1218,13:04:43,21.1,--,8,16880,卖盘
1219,13:04:32,21.1,--,1,2110,卖盘
1220,13:04:28,21.1,0.04,183,386130,买盘
1221,13:04:22,21.06,--,201,424359,买盘
1222,13:04:07,21.06,--,94,197964,买盘
1223,13:04:02,21.06,--,12,25272,买盘
1224,13:03:58,21.06,0.01,16,33696,买盘
1225,13:03:53,21.05,--,26,54730,卖盘
1226,13:03:46,21.05,-0.01,345,726225,卖盘
1227,13:03:43,21.06,--,0,0,卖盘
1228,13:03:38,21.06,--,0,0,卖盘
1229,13:03:28,21.06,-0.03,269,566514,卖盘
1230,13:03:23,21.09,-0.01,10,21090,卖盘
1231,13:03:16,21.1,--,2,4220,买盘
1232,13:03:08,21.1,-0.03,13,27430,中性盘
1233,13:02:58,21.13,0.01,300,633900,买盘
1234,13:02:52,21.12,0.04,200,422400,买盘
1235,13:02:47,21.08,--,10,21080,卖盘
1236,13:02:43,21.08,--,212,447085,卖盘
1237,13:02:38,21.08,0.02,35,74032,买盘
1238,13:02:22,21.06,-0.02,4,8424,卖盘
1239,13:02:17,21.08,0.02,20,42160,买盘
1240,13:02:13,21.06,0.01,26,54756,买盘
1241,13:02:01,21.05,--,5,10525,卖盘
1242,13:01:53,21.05,-0.03,2,4210,中性盘
1243,13:01:46,21.08,--,0,0,买盘
1244,13:01:43,21.08,0.06,490,1032919,买盘
1245,13:01:37,21.02,0.02,19,39938,买盘
1246,13:01:31,21.0,-0.01,50,105000,卖盘
1247,13:01:28,21.01,--,16,33616,买盘
1248,13:01:23,21.01,-0.05,1,2101,买盘
1249,13:01:16,21.06,--,0,0,买盘
1250,13:01:13,21.06,--,0,0,买盘
1251,13:01:08,21.06,0.04,304,641361,买盘
1252,13:00:58,21.02,0.01,7,14714,买盘
1253,13:00:43,21.01,-0.04,1,2101,卖盘
1254,13:00:37,21.05,0.04,350,736750,买盘
1255,13:00:32,21.01,--,14,30380,卖盘
1256,13:00:27,21.01,--,84,176484,卖盘
1257,13:00:13,21.01,0.01,71,149171,买盘
1258,13:00:08,21.0,-0.01,224,470400,中性盘
1259,13:00:02,21.01,--,29,60929,买盘
1260,11:30:00,21.01,--,0,0,买盘
1261,11:30:00,21.01,--,0,0,买盘
1262,11:29:53,21.01,0.04,21,44121,中性盘
1263,11:29:47,20.97,-0.05,79,166984,卖盘
1264,11:29:41,21.02,0.03,26,54652,买盘
1265,11:29:38,20.99,--,49,103039,买盘
1266,11:29:26,20.99,-0.03,54,113429,卖盘
1267,11:29:23,21.02,--,101,212302,买盘
1268,11:29:11,21.02,-0.01,18,38613,卖盘
1269,11:29:02,21.03,--,9,18927,买盘
1270,11:28:53,21.03,--,42,88326,买盘
1271,11:28:47,21.03,-0.01,57,119871,卖盘
1272,11:28:41,21.04,-0.01,18,37872,卖盘
1273,11:28:38,21.05,--,119,250495,卖盘
1274,11:28:32,21.05,0.02,235,496001,买盘
1275,11:28:26,21.03,--,14,29442,卖盘
1276,11:28:23,21.03,-0.02,26,54678,卖盘
1277,11:28:17,21.05,0.02,1,2105,买盘
1278,11:28:11,21.03,-0.02,5,10515,卖盘
1279,11:28:08,21.05,--,12,25260,买盘
1280,11:28:02,21.05,0.02,200,421000,买盘
1281,11:27:53,21.03,0.02,4,8412,买盘
1282,11:27:47,21.01,0.01,10,21010,卖盘
1283,11:27:41,21.0,--,0,0,卖盘
1284,11:27:38,21.0,--,29,60900,卖盘
1285,11:27:23,21.0,-0.03,15,31500,卖盘
1286,11:27:17,21.03,0.03,74,155622,中性盘
1287,11:27:11,21.0,-0.05,203,426300,卖盘
1288,11:27:08,21.05,0.02,2,4210,买盘
1289,11:27:02,21.03,-0.02,164,344892,卖盘
1290,11:26:56,21.05,--,10,21050,买盘
1291,11:26:53,21.05,--,477,1006105,买盘
1292,11:26:47,21.05,--,80,168400,卖盘
1293,11:26:38,21.05,-0.03,32,67360,卖盘
1294,11:26:32,21.08,--,131,276148,卖盘
1295,11:26:26,21.08,-0.03,5,10540,卖盘
1296,11:26:23,21.11,0.03,48,101328,买盘
1297,11:26:17,21.08,-0.03,223,470083,买盘
1298,11:26:08,21.11,0.01,209,441199,买盘
1299,11:26:02,21.1,0.05,401,846110,买盘
1300,11:25:56,21.05,0.04,29,61045,买盘
1301,11:25:53,21.01,-0.04,2,4202,中性盘
1302,11:25:47,21.05,0.05,240,505200,买盘
1303,11:25:41,21.0,--,2,4200,卖盘
1304,11:25:38,21.0,0.03,108,226800,买盘
1305,11:25:32,20.97,-0.03,13,27261,卖盘
1306,11:25:26,21.0,0.01,309,649614,买盘
1307,11:25:23,20.99,0.02,198,415601,买盘
1308,11:25:17,20.97,0.01,17,35649,买盘
1309,11:25:11,20.96,-0.01,1,2096,卖盘
1310,11:25:08,20.97,0.01,31,65007,买盘
1311,11:25:02,20.96,--,115,241040,买盘
1312,11:24:56,20.96,--,16,33536,买盘
1313,11:24:53,20.96,0.03,2,4192,买盘
1314,11:24:47,20.93,--,108,226044,卖盘
1315,11:24:41,20.93,-0.03,1,2093,卖盘
1316,11:24:32,20.96,0.03,100,210857,买盘
1317,11:24:23,20.93,--,185,387205,买盘
1318,11:24:17,20.93,--,2,4186,买盘
1319,11:24:11,20.93,0.01,4,8372,买盘
1320,11:24:08,20.92,-0.01,4,8368,卖盘
1321,11:24:02,20.93,0.01,21,44476,买盘
1322,11:23:56,20.92,--,26,54392,卖盘
1323,11:23:51,20.92,-0.01,11,23012,卖盘
1324,11:23:47,20.93,0.02,30,62790,买盘
1325,11:23:41,20.91,--,0,0,卖盘
1326,11:23:36,20.91,-0.02,25,52275,卖盘
1327,11:23:32,20.93,0.01,5,10465,买盘
1328,11:23:26,20.92,0.01,5,10460,买盘
1329,11:23:20,20.91,--,1,2091,卖盘
1330,11:23:17,20.91,--,12,25092,卖盘
1331,11:23:11,20.91,0.01,10,20910,买盘
1332,11:23:02,20.9,-0.03,25,52250,卖盘
1333,11:22:56,20.93,0.05,5,10465,买盘
1334,11:22:47,20.88,--,0,0,卖盘
1335,11:22:41,20.88,-0.02,2,4176,卖盘
1336,11:22:32,20.9,--,11,22990,买盘
1337,11:22:26,20.9,0.04,3,6270,买盘
1338,11:22:02,20.86,-0.07,3,6258,卖盘
1339,11:21:56,20.93,0.07,6,12558,买盘
1340,11:21:47,20.86,-0.03,21,43806,卖盘
1341,11:21:41,20.89,-0.01,373,779197,中性盘
1342,11:21:35,20.9,0.01,38,79420,买盘
1343,11:21:32,20.89,--,17,36348,卖盘
1344,11:21:26,20.89,0.03,2,5431,卖盘
1345,11:21:17,20.86,-0.03,84,175224,卖盘
1346,11:21:11,20.89,0.01,10,20890,买盘
1347,11:21:02,20.88,--,11,22968,卖盘
1348,11:20:56,20.88,--,0,0,卖盘
1349,11:20:41,20.88,0.01,10,20880,卖盘
1350,11:20:35,20.87,--,18,37566,卖盘
1351,11:20:32,20.87,--,41,85567,卖盘
1352,11:20:26,20.87,--,20,42115,买盘
1353,11:20:17,20.87,--,124,260478,卖盘
1354,11:20:11,20.87,-0.01,10,20870,卖盘
1355,11:20:05,20.88,--,13,27144,买盘
1356,11:20:02,20.88,--,18,37584,买盘
1357,11:19:56,20.88,--,6,12528,买盘
1358,11:19:35,20.88,-0.05,1,2088,卖盘
1359,11:19:32,20.93,0.06,15,31395,买盘
1360,11:19:26,20.87,--,0,0,卖盘
1361,11:19:11,20.87,-0.04,60,125220,卖盘
1362,11:19:05,20.91,--,5,10455,卖盘
1363,11:19:02,20.91,0.02,3,7109,买盘
1364,11:18:56,20.89,--,0,0,卖盘
1365,11:18:50,20.89,--,3,6267,卖盘
1366,11:18:41,20.89,-0.02,50,104450,卖盘
1367,11:18:35,20.91,0.01,29,60639,买盘
1368,11:18:32,20.9,-0.01,73,153406,卖盘
1369,11:18:26,20.91,0.01,101,211191,买盘
1370,11:18:20,20.9,--,2,4180,卖盘
1371,11:18:17,20.9,--,12,26334,买盘
1372,11:18:11,20.9,--,53,112421,买盘
1373,11:18:02,20.9,0.01,150,313500,买盘
1374,11:17:50,20.89,0.01,10,20890,买盘
1375,11:17:41,20.88,--,38,79344,卖盘
1376,11:17:35,20.88,0.01,113,235944,买盘
1377,11:17:32,20.87,0.01,42,87654,买盘
1378,11:17:26,20.86,--,5,10430,卖盘
1379,11:17:20,20.86,--,2,5861,买盘
1380,11:17:17,20.86,0.03,60,125160,买盘
1381,11:17:05,20.83,--,0,0,卖盘
1382,11:17:02,20.83,-0.02,52,108315,卖盘
1383,11:16:56,20.85,0.03,47,97995,买盘
1384,11:16:50,20.82,--,22,45804,卖盘
1385,11:16:47,20.82,-0.01,85,176970,卖盘
1386,11:16:41,20.83,0.02,7,14580,买盘
1387,11:16:35,20.81,-0.01,16,33296,卖盘
1388,11:16:31,20.82,--,7,14574,卖盘
1389,11:16:26,20.82,0.01,26,54132,买盘
1390,11:16:20,20.81,--,56,117576,卖盘
1391,11:16:17,20.81,0.01,11,22974,买盘
1392,11:16:11,20.8,-0.03,1003,2088236,卖盘
1393,11:16:05,20.83,0.02,39,81237,卖盘
1394,11:15:59,20.81,-0.04,4,9947,卖盘
1395,11:15:56,20.85,0.04,9,18765,买盘
1396,11:15:50,20.81,0.01,4,8324,中性盘
1397,11:15:44,20.8,--,23,47840,卖盘
1398,11:15:41,20.8,-0.03,286,594880,卖盘
1399,11:15:35,20.83,--,6,12497,买盘
1400,11:15:29,20.83,0.03,7,14580,买盘
1401,11:15:26,20.8,-0.05,12,24960,卖盘
1402,11:15:20,20.85,--,3,6255,买盘
1403,11:15:14,20.85,0.05,1,2085,买盘
1404,11:15:11,20.8,-0.05,1502,3124160,卖盘
1405,11:15:05,20.85,-0.01,54,112986,卖盘
1406,11:14:59,20.86,--,1,2086,卖盘
1407,11:14:56,20.86,--,4,8344,卖盘
1408,11:14:50,20.86,--,5,10430,卖盘
1409,11:14:44,20.86,--,2,4172,卖盘
1410,11:14:35,20.86,0.04,6,14205,中性盘
1411,11:14:29,20.82,-0.04,239,498139,卖盘
1412,11:14:26,20.86,--,52,108472,买盘
1413,11:14:20,20.86,0.01,3,6258,买盘
1414,11:14:14,20.85,-0.01,16,33360,卖盘
1415,11:14:11,20.86,0.01,58,120988,买盘
1416,11:14:05,20.85,-0.04,75,156375,卖盘
1417,11:13:59,20.89,0.01,200,417800,买盘
1418,11:13:50,20.88,-0.01,39,83269,卖盘
1419,11:13:44,20.89,0.01,2,4178,买盘
1420,11:13:41,20.88,-0.01,16,33408,卖盘
1421,11:13:29,20.89,0.01,2,4178,买盘
1422,11:13:20,20.88,-0.01,9,18792,卖盘
1423,11:13:11,20.89,0.01,1,2089,买盘
1424,11:13:05,20.88,-0.01,7,15910,卖盘
1425,11:12:56,20.89,-0.01,6,12534,卖盘
1426,11:12:50,20.9,-0.01,66,139486,卖盘
1427,11:12:44,20.91,--,0,0,中性盘
1428,11:12:41,20.91,-0.03,1,2091,中性盘
1429,11:12:35,20.94,0.04,31,64914,买盘
1430,11:12:29,20.9,-0.01,50,104500,卖盘
1431,11:12:26,20.91,-0.02,46,97315,卖盘
1432,11:12:20,20.93,-0.03,11,23023,卖盘
1433,11:12:11,20.96,--,40,83840,买盘
1434,11:11:59,20.96,--,0,0,中性盘
1435,11:11:55,20.96,--,44,92224,卖盘
1436,11:11:44,20.96,--,5,10480,卖盘
1437,11:11:35,20.96,--,50,104800,卖盘
1438,11:11:29,20.96,--,1,2096,卖盘
1439,11:11:26,20.96,-0.01,2,4192,卖盘
1440,11:11:20,20.97,0.01,35,73395,买盘
1441,11:11:14,20.96,--,2,6225,卖盘
1442,11:11:10,20.96,-0.01,12,25152,卖盘
1443,11:11:05,20.97,--,9,18873,买盘
1444,11:10:56,20.97,-0.03,9,18873,卖盘
1445,11:10:44,21.0,0.03,1,2100,买盘
1446,11:10:40,20.97,-0.05,17,35649,卖盘
1447,11:10:29,21.02,--,0,0,买盘
1448,11:10:26,21.02,--,34,73548,买盘
1449,11:10:20,21.02,--,6,12612,卖盘
1450,11:10:14,21.02,--,5,10510,卖盘
1451,11:10:10,21.02,-0.03,20,42040,卖盘
1452,11:10:05,21.05,0.05,1,2105,买盘
1453,11:09:59,21.0,--,25,52500,卖盘
1454,11:09:55,21.0,-0.05,155,325500,卖盘
1455,11:09:50,21.05,0.05,100,210500,买盘
1456,11:09:44,21.0,--,8,16800,卖盘
1457,11:09:40,21.0,-0.05,10,21000,卖盘
1458,11:09:35,21.05,0.05,83,175535,买盘
1459,11:09:25,21.0,-0.02,76,159600,卖盘
1460,11:09:20,21.02,0.02,60,126120,买盘
1461,11:09:14,21.0,0.03,242,509502,买盘
1462,11:09:09,20.97,-0.03,2,4194,中性盘
1463,11:09:05,21.0,0.04,1047,2198700,买盘
1464,11:08:59,20.96,--,3,6707,卖盘
1465,11:08:54,20.96,--,2,4799,买盘
1466,11:08:50,20.96,0.03,130,272480,买盘
1467,11:08:44,20.93,-0.02,4,8372,卖盘
1468,11:08:39,20.95,--,51,106845,买盘
1469,11:08:35,20.95,0.02,100,209500,买盘
1470,11:08:29,20.93,0.01,15,31395,买盘
1471,11:08:20,20.92,0.01,42,87864,卖盘
1472,11:08:14,20.91,0.01,110,230010,卖盘
1473,11:07:59,20.9,--,0,0,卖盘
1474,11:07:53,20.9,--,0,0,卖盘
1475,11:07:50,20.9,-0.02,65,135850,卖盘
1476,11:07:38,20.92,--,1,2092,卖盘
1477,11:07:29,20.92,0.01,24,50208,买盘
1478,11:07:23,20.91,--,3,7883,买盘
1479,11:07:05,20.91,0.01,79,165189,买盘
1480,11:06:53,20.9,-0.01,1,2090,卖盘
1481,11:06:50,20.91,0.01,60,125460,买盘
1482,11:06:44,20.9,-0.01,11,24703,卖盘
1483,11:06:35,20.91,--,1,2091,买盘
1484,11:06:29,20.91,-0.01,29,61119,卖盘
1485,11:06:23,20.92,0.01,12,25104,买盘
1486,11:06:14,20.91,--,2,5792,卖盘
1487,11:06:05,20.91,-0.01,2,4182,卖盘
1488,11:05:53,20.92,0.01,3,6276,买盘
1489,11:05:44,20.91,-0.01,3,6273,卖盘
1490,11:05:38,20.92,--,4,8368,买盘
1491,11:05:29,20.92,0.02,15,31380,买盘
1492,11:05:20,20.9,-0.01,3,6270,卖盘
1493,11:05:08,20.91,0.01,3,6273,卖盘
1494,11:05:05,20.9,-0.01,53,110769,卖盘
1495,11:04:59,20.91,0.01,72,150552,买盘
1496,11:04:50,20.9,--,1,2090,卖盘
1497,11:04:38,20.9,--,37,77330,卖盘
1498,11:04:34,20.9,-0.01,20,41800,卖盘
1499,11:04:29,20.91,--,7,14637,卖盘
1500,11:04:14,20.91,0.01,183,383614,中性盘
1501,11:04:08,20.9,--,3,6959,卖盘
1502,11:04:05,20.9,--,40,83600,卖盘
1503,11:03:59,20.9,-0.01,10,20900,卖盘
1504,11:03:53,20.91,--,0,1463,买盘
1505,11:03:44,20.91,--,3,6900,卖盘
1506,11:03:38,20.91,--,5,10455,卖盘
1507,11:03:34,20.91,--,10,20910,卖盘
1508,11:03:14,20.91,--,0,0,卖盘
1509,11:03:04,20.91,-0.03,80,167280,卖盘
1510,11:02:59,20.94,--,38,81393,卖盘
1511,11:02:53,20.94,--,3,6826,卖盘
1512,11:02:49,20.94,--,9,18846,卖盘
1513,11:02:44,20.94,--,45,94230,卖盘
1514,11:02:34,20.94,--,2,4188,卖盘
1515,11:02:29,20.94,-0.01,50,104700,卖盘
1516,11:02:23,20.95,--,23,48185,买盘
1517,11:02:19,20.95,0.01,11,23045,买盘
1518,11:02:14,20.94,--,42,87948,卖盘
1519,11:02:08,20.94,--,2,4188,卖盘
1520,11:02:04,20.94,-0.01,46,96324,卖盘
1521,11:01:59,20.95,0.01,300,628500,买盘
1522,11:01:53,20.94,--,20,41880,卖盘
1523,11:01:38,20.94,--,2,4188,卖盘
1524,11:01:34,20.94,--,100,209400,卖盘
1525,11:01:19,20.94,--,52,110709,买盘
1526,11:01:14,20.94,0.01,49,102606,买盘
1527,11:01:08,20.93,-0.01,10,20930,卖盘
1528,11:01:04,20.94,0.01,26,54444,买盘
1529,11:00:59,20.93,-0.01,5,10465,卖盘
1530,11:00:53,20.94,--,13,27222,买盘
1531,11:00:49,20.94,0.01,8,16752,买盘
1532,11:00:44,20.93,-0.01,25,53413,卖盘
1533,11:00:29,20.94,-0.01,85,178262,卖盘
1534,11:00:23,20.95,0.01,10,20950,买盘
1535,11:00:08,20.94,--,6,12564,卖盘
1536,11:00:02,20.94,-0.01,26,54444,卖盘
1537,10:59:59,20.95,0.01,18,37710,买盘
1538,10:59:44,20.94,-0.01,163,341468,卖盘
1539,10:59:38,20.95,--,22,46090,买盘
1540,10:59:29,20.95,--,38,79610,买盘
1541,10:59:14,20.95,--,42,89477,卖盘
1542,10:59:08,20.95,-0.01,3,6285,卖盘
1543,10:59:02,20.96,--,1,2096,买盘
1544,10:58:47,20.96,0.01,2,4192,买盘
1545,10:58:44,20.95,--,0,0,卖盘
1546,10:58:38,20.95,--,8,17367,买盘
1547,10:58:29,20.95,-0.01,31,66432,卖盘
1548,10:58:23,20.96,--,9,18864,卖盘
1549,10:58:17,20.96,--,2,4192,卖盘
1550,10:58:14,20.96,0.01,13,27248,买盘
1551,10:58:08,20.95,--,14,29330,卖盘
1552,10:57:59,20.95,--,42,88178,买盘
1553,10:57:53,20.95,--,29,60755,买盘
1554,10:57:38,20.95,--,23,48185,买盘
1555,10:57:29,20.95,--,35,73325,买盘
1556,10:57:23,20.95,--,85,178075,买盘
1557,10:57:08,20.95,-0.02,119,250792,卖盘
1558,10:57:02,20.97,0.01,50,104850,买盘
1559,10:56:58,20.96,--,2,4192,卖盘
1560,10:56:53,20.96,--,58,123223,买盘
1561,10:56:47,20.96,0.01,1,2096,买盘
1562,10:56:43,20.95,--,2,4190,卖盘
1563,10:56:28,20.95,--,228,478707,买盘
1564,10:56:23,20.95,0.01,52,108940,买盘
1565,10:56:08,20.94,0.01,18,37692,买盘
1566,10:55:58,20.93,--,58,121394,卖盘
1567,10:55:47,20.93,--,1,2093,卖盘
1568,10:55:43,20.93,-0.02,13,27209,卖盘
1569,10:55:38,20.95,0.02,9,18855,买盘
1570,10:55:28,20.93,--,6,12558,卖盘
1571,10:55:23,20.93,-0.02,2,4186,卖盘
1572,10:55:02,20.95,--,5,10475,买盘
1573,10:54:58,20.95,--,145,304969,卖盘
1574,10:54:53,20.95,--,24,50321,买盘
1575,10:54:43,20.95,--,15,31425,买盘
1576,10:54:28,20.95,0.01,101,211595,买盘
1577,10:54:17,20.94,--,2,4188,卖盘
1578,10:54:13,20.94,--,1,2952,卖盘
1579,10:54:08,20.94,0.02,17,35598,买盘
1580,10:53:58,20.92,-0.01,10,20920,卖盘
1581,10:53:53,20.93,0.01,2,4186,卖盘
1582,10:53:47,20.92,--,0,0,卖盘
1583,10:53:43,20.92,--,0,0,卖盘
1584,10:53:38,20.92,-0.03,23,48492,中性盘
1585,10:53:28,20.95,0.04,2,4190,买盘
1586,10:53:23,20.91,-0.04,12,25092,卖盘
1587,10:53:08,20.95,0.04,71,148745,买盘
1588,10:52:58,20.91,0.01,55,115005,买盘
1589,10:52:53,20.9,--,4,8360,卖盘
1590,10:52:47,20.9,--,5,10826,买盘
1591,10:52:43,20.9,--,3,6270,买盘
1592,10:52:38,20.9,--,4,10073,卖盘
1593,10:52:32,20.9,--,4,8360,卖盘
1594,10:52:26,20.9,--,5,10450,卖盘
1595,10:52:23,20.9,--,4,8360,卖盘
1596,10:52:17,20.9,0.01,38,79796,买盘
1597,10:52:11,20.89,-0.01,5,10445,中性盘
1598,10:52:08,20.9,--,200,418000,买盘
1599,10:51:56,20.9,--,149,311410,卖盘
1600,10:51:53,20.9,--,44,91960,卖盘
1601,10:51:47,20.9,--,0,0,卖盘
1602,10:51:41,20.9,-0.02,10,20900,卖盘
1603,10:51:26,20.92,--,48,102131,卖盘
1604,10:51:17,20.92,--,11,23012,卖盘
1605,10:51:11,20.92,--,1,2656,卖盘
1606,10:51:08,20.92,--,10,20920,卖盘
1607,10:51:02,20.92,-0.02,7,14644,卖盘
1608,10:50:53,20.94,0.02,164,344086,买盘
1609,10:50:41,20.92,--,10,22154,卖盘
1610,10:50:38,20.92,--,35,73220,卖盘
1611,10:50:32,20.92,--,0,0,卖盘
1612,10:50:26,20.92,-0.02,56,117152,卖盘
1613,10:50:23,20.94,-0.01,7,14658,卖盘
1614,10:50:17,20.95,--,24,52333,卖盘
1615,10:50:11,20.95,--,2,4190,卖盘
1616,10:50:08,20.95,--,30,62850,卖盘
1617,10:50:02,20.95,--,5,10475,卖盘
1618,10:49:56,20.95,--,1,2095,卖盘
1619,10:49:52,20.95,--,20,41900,卖盘
1620,10:49:47,20.95,--,30,62850,卖盘
1621,10:49:41,20.95,--,1,2095,卖盘
1622,10:49:32,20.95,--,32,67040,卖盘
1623,10:49:22,20.95,--,11,23045,卖盘
1624,10:49:17,20.95,-0.01,4,8380,卖盘
1625,10:49:02,20.96,--,50,105659,卖盘
1626,10:48:47,20.96,--,5,10480,卖盘
1627,10:48:37,20.96,--,2,4192,卖盘
1628,10:48:32,20.96,--,5,10480,卖盘
1629,10:48:26,20.96,--,1,3018,卖盘
1630,10:48:17,20.96,-0.01,19,39824,卖盘
1631,10:48:11,20.97,0.01,10,20970,买盘
1632,10:48:07,20.96,--,9,18864,卖盘
1633,10:48:02,20.96,-0.01,6,12576,卖盘
1634,10:47:52,20.97,0.01,8,17090,买盘
1635,10:47:47,20.96,--,45,94320,卖盘
1636,10:47:41,20.96,--,5,10480,卖盘
1637,10:47:32,20.96,0.01,44,92224,买盘
1638,10:47:26,20.95,--,31,64945,卖盘
1639,10:47:22,20.95,--,1,2095,卖盘
1640,10:47:17,20.95,--,2,4190,卖盘
1641,10:47:11,20.95,--,4,8380,卖盘
1642,10:47:07,20.95,--,9,18855,卖盘
1643,10:46:52,20.95,--,5,10475,卖盘
1644,10:46:47,20.95,-0.01,40,83800,卖盘
1645,10:46:32,20.96,-0.01,11,23454,卖盘
1646,10:46:26,20.97,0.01,5,10485,买盘
1647,10:46:17,20.96,--,2,4192,卖盘
1648,10:46:11,20.96,--,15,31440,卖盘
1649,10:46:02,20.96,--,10,20960,卖盘
1650,10:45:56,20.96,--,5,10480,卖盘
1651,10:45:52,20.96,--,11,23705,卖盘
1652,10:45:47,20.96,--,2,4192,卖盘
1653,10:45:37,20.96,--,24,51352,买盘
1654,10:45:32,20.96,--,51,106896,买盘
1655,10:45:22,20.96,0.01,3,6288,买盘
1656,10:45:17,20.95,-0.01,5,10475,卖盘
1657,10:45:11,20.96,0.01,3,6288,买盘
1658,10:45:07,20.95,--,1,2095,卖盘
1659,10:45:02,20.95,-0.01,4,8380,卖盘
1660,10:44:52,20.96,--,31,64976,买盘
1661,10:44:47,20.96,--,11,23056,买盘
1662,10:44:41,20.96,0.01,34,71264,买盘
1663,10:44:37,20.95,--,4,8380,卖盘
1664,10:44:32,20.95,-0.01,8,17346,卖盘
1665,10:44:26,20.96,0.01,10,20960,买盘
1666,10:44:22,20.95,--,9,18855,卖盘
1667,10:44:11,20.95,0.02,209,439405,买盘
1668,10:44:07,20.93,0.01,15,31395,买盘
1669,10:43:56,20.92,--,9,18828,卖盘
1670,10:43:47,20.92,0.01,24,50208,买盘
1671,10:43:41,20.91,--,1,2091,卖盘
1672,10:43:35,20.91,--,11,23001,卖盘
1673,10:43:32,20.91,--,13,27183,卖盘
1674,10:43:25,20.91,0.01,5,10455,买盘
1675,10:43:20,20.9,--,2,4180,卖盘
1676,10:43:17,20.9,--,71,148390,卖盘
1677,10:43:11,20.9,-0.01,101,211090,卖盘
1678,10:43:05,20.91,--,13,28772,买盘
1679,10:43:02,20.91,--,222,464202,买盘
1680,10:42:56,20.91,0.01,11,23879,买盘
1681,10:42:50,20.9,-0.01,1,2090,卖盘
1682,10:42:47,20.91,--,224,468384,买盘
1683,10:42:41,20.91,--,13,27183,买盘
1684,10:42:32,20.91,--,5,10455,卖盘
1685,10:42:26,20.91,0.01,46,96186,买盘
1686,10:42:20,20.9,--,10,20900,卖盘
1687,10:42:17,20.9,-0.01,11,22990,中性盘
1688,10:42:11,20.91,0.02,5,10455,买盘
1689,10:42:01,20.89,-0.03,619,1294448,卖盘
1690,10:41:56,20.92,0.01,17,35564,买盘
1691,10:41:50,20.91,--,1,2091,卖盘
1692,10:41:46,20.91,--,39,81904,卖盘
1693,10:41:41,20.91,--,21,43911,卖盘
1694,10:41:35,20.91,--,3,6273,卖盘
1695,10:41:31,20.91,--,20,41820,卖盘
1696,10:41:26,20.91,--,1,2091,卖盘
1697,10:41:20,20.91,-0.02,121,253011,卖盘
1698,10:41:16,20.93,0.01,1,2093,卖盘
1699,10:41:11,20.92,--,0,0,卖盘
1700,10:41:01,20.92,-0.02,10,20920,卖盘
1701,10:40:56,20.94,--,13,27222,卖盘
1702,10:40:50,20.94,-0.01,2,4188,卖盘
1703,10:40:46,20.95,0.01,37,77515,买盘
1704,10:40:41,20.94,--,17,35598,卖盘
1705,10:40:26,20.94,-0.01,309,647590,卖盘
1706,10:40:16,20.95,--,5,10475,卖盘
1707,10:40:11,20.95,--,10,20950,卖盘
1708,10:40:05,20.95,--,6,12570,卖盘
1709,10:40:01,20.95,-0.01,1,2095,卖盘
1710,10:39:56,20.96,0.01,5,10480,买盘
1711,10:39:50,20.95,--,4,8380,卖盘
1712,10:39:35,20.95,--,26,54470,卖盘
1713,10:39:25,20.95,--,0,0,卖盘
1714,10:39:20,20.95,-0.02,6,12570,卖盘
1715,10:39:16,20.97,0.01,4,8388,买盘
1716,10:39:11,20.96,--,2,5826,卖盘
1717,10:39:05,20.96,--,13,27248,卖盘
1718,10:39:01,20.96,--,1,2096,卖盘
1719,10:38:56,20.96,--,11,23056,卖盘
1720,10:38:46,20.96,-0.02,5,10480,卖盘
1721,10:38:41,20.98,0.01,68,142664,买盘
1722,10:38:26,20.97,--,6,12582,卖盘
1723,10:38:16,20.97,0.01,2,4194,卖盘
1724,10:38:11,20.96,--,0,0,卖盘
1725,10:38:01,20.96,-0.01,18,37728,卖盘
1726,10:37:56,20.97,--,34,71298,买盘
1727,10:37:46,20.97,0.01,17,35649,买盘
1728,10:37:41,20.96,--,1,2096,卖盘
1729,10:37:35,20.96,0.01,10,22280,买盘
1730,10:37:31,20.95,-0.01,96,201120,卖盘
1731,10:37:11,20.96,0.01,24,50304,买盘
1732,10:37:05,20.95,-0.01,105,219975,卖盘
1733,10:36:55,20.96,--,1,2096,买盘
1734,10:36:49,20.96,--,1,2096,买盘
1735,10:36:46,20.96,--,4,8384,卖盘
1736,10:36:41,20.96,--,3,6288,卖盘
1737,10:36:34,20.96,-0.01,6,12576,卖盘
1738,10:36:31,20.97,0.02,8,16776,买盘
1739,10:36:26,20.95,-0.01,52,108940,卖盘
1740,10:36:16,20.96,--,11,23056,卖盘
1741,10:36:11,20.96,--,2,4192,卖盘
1742,10:36:05,20.96,-0.01,3,6288,卖盘
1743,10:35:56,20.97,0.01,35,73395,买盘
1744,10:35:50,20.96,--,82,171872,卖盘
1745,10:35:45,20.96,0.01,119,249424,买盘
1746,10:35:35,20.95,--,5,10475,卖盘
1747,10:35:31,20.95,--,117,247126,买盘
1748,10:35:26,20.95,--,20,41900,买盘
1749,10:35:20,20.95,--,25,52375,买盘
1750,10:35:14,20.95,--,6,12570,买盘
1751,10:35:10,20.95,--,5,10475,买盘
1752,10:35:05,20.95,--,38,79610,买盘
1753,10:34:58,20.95,--,19,39888,卖盘
1754,10:34:55,20.95,-0.01,25,54386,卖盘
1755,10:34:40,20.96,0.01,2,4192,买盘
1756,10:34:35,20.95,-0.01,6,12570,中性盘
1757,10:34:25,20.96,0.02,21,44016,买盘
1758,10:34:20,20.94,--,1,2094,卖盘
1759,10:34:14,20.94,--,10,20940,卖盘
1760,10:34:10,20.94,--,21,43974,卖盘
1761,10:34:05,20.94,--,16,33504,卖盘
1762,10:33:58,20.94,0.03,186,389484,买盘
1763,10:33:55,20.91,-0.01,106,221646,卖盘
1764,10:33:50,20.92,--,28,58889,买盘
1765,10:33:40,20.92,--,11,23012,买盘
1766,10:33:35,20.92,0.02,20,41840,买盘
1767,10:33:29,20.9,-0.02,19,39710,中性盘
1768,10:33:25,20.92,0.03,8,16736,买盘
1769,10:33:20,20.89,-0.01,9,18801,卖盘
1770,10:33:10,20.9,0.02,19,39710,中性盘
1771,10:33:05,20.88,--,2,5282,卖盘
1772,10:32:55,20.88,-0.01,10,20880,卖盘
1773,10:32:49,20.89,-0.03,61,129204,卖盘
1774,10:32:44,20.92,--,8,16736,卖盘
1775,10:32:40,20.92,-0.02,33,69036,卖盘
1776,10:32:35,20.94,--,20,41880,买盘
1777,10:32:25,20.94,0.04,5,10470,买盘
1778,10:32:20,20.9,-0.08,2,4180,卖盘
1779,10:32:10,20.98,-0.01,186,390228,买盘
1780,10:32:05,20.99,0.03,10,20990,买盘
1781,10:31:59,20.96,--,150,314400,卖盘
1782,10:31:55,20.96,-0.02,163,341648,卖盘
1783,10:31:50,20.98,-0.01,8,16784,卖盘
1784,10:31:44,20.99,--,35,73465,卖盘
1785,10:31:40,20.99,--,15,31484,卖盘
1786,10:31:35,20.99,0.01,19,39881,买盘
1787,10:31:29,20.98,--,31,65038,卖盘
1788,10:31:25,20.98,--,20,41960,卖盘
1789,10:31:20,20.98,--,21,44058,卖盘
1790,10:31:14,20.98,-0.02,25,52450,卖盘
1791,10:31:10,21.0,0.02,1,2100,买盘
1792,10:31:04,20.98,-0.02,14,29372,卖盘
1793,10:30:55,21.0,0.02,31,65100,买盘
1794,10:30:44,20.98,--,12,25176,买盘
1795,10:30:40,20.98,-0.01,101,211898,卖盘
1796,10:30:35,20.99,0.01,2,4198,买盘
1797,10:30:25,20.98,--,2,4196,卖盘
1798,10:30:20,20.98,-0.01,55,115390,卖盘
1799,10:30:14,20.99,--,4,9571,卖盘
1800,10:30:10,20.99,--,48,101675,买盘
1801,10:30:05,20.99,--,20,41980,买盘
1802,10:29:55,20.99,--,10,20990,买盘
1803,10:29:50,20.99,0.01,11,23089,买盘
1804,10:29:40,20.98,-0.01,62,130076,卖盘
1805,10:29:35,20.99,0.02,75,157425,买盘
1806,10:29:20,20.97,-0.01,16,33552,买盘
1807,10:29:14,20.98,--,0,0,买盘
1808,10:29:10,20.98,0.01,84,176546,买盘
1809,10:29:05,20.97,0.01,2,4194,买盘
1810,10:28:59,20.96,--,58,121568,卖盘
1811,10:28:55,20.96,-0.01,33,69168,卖盘
1812,10:28:50,20.97,--,12,25164,卖盘
1813,10:28:44,20.97,0.02,2,4194,卖盘
1814,10:28:40,20.95,--,0,0,卖盘
1815,10:28:35,20.95,-0.02,78,163410,卖盘
1816,10:28:29,20.97,0.01,8,16776,买盘
1817,10:28:25,20.96,-0.02,5,10480,中性盘
1818,10:28:20,20.98,0.03,57,119586,买盘
1819,10:28:14,20.95,-0.02,2,4190,卖盘
1820,10:28:04,20.97,--,21,44037,中性盘
1821,10:27:59,20.97,0.03,3,6291,卖盘
1822,10:27:49,20.94,-0.04,205,429270,卖盘
1823,10:27:44,20.98,0.01,3,6294,买盘
1824,10:27:39,20.97,0.02,54,113238,买盘
1825,10:27:34,20.95,--,11,23045,卖盘
1826,10:27:29,20.95,-0.02,31,64945,卖盘
1827,10:27:23,20.97,0.02,10,20970,买盘
1828,10:27:19,20.95,--,208,435760,卖盘
1829,10:27:14,20.95,--,4,9993,卖盘
1830,10:27:04,20.95,--,4,8380,卖盘
1831,10:26:59,20.95,--,7,14665,卖盘
1832,10:26:49,20.95,--,34,71230,卖盘
1833,10:26:43,20.95,--,29,60755,卖盘
1834,10:26:29,20.95,--,10,20950,卖盘
1835,10:26:19,20.95,--,18,39427,卖盘
1836,10:26:14,20.95,--,21,43995,卖盘
1837,10:26:04,20.95,-0.01,9,18855,卖盘
1838,10:25:59,20.96,0.01,11,23056,买盘
1839,10:25:53,20.95,--,7,14665,卖盘
1840,10:25:49,20.95,--,53,111035,卖盘
1841,10:25:44,20.95,--,8,16760,卖盘
1842,10:25:37,20.95,--,5,10475,卖盘
1843,10:25:34,20.95,-0.02,35,73325,卖盘
1844,10:25:29,20.97,--,3,6291,买盘
1845,10:25:22,20.97,0.02,47,98559,买盘
1846,10:25:19,20.95,-0.02,25,52375,卖盘
1847,10:25:04,20.97,--,4,8388,卖盘
1848,10:24:53,20.97,--,1,2097,卖盘
1849,10:24:49,20.97,--,19,39843,中性盘
1850,10:24:43,20.97,0.02,9,18873,买盘
1851,10:24:34,20.95,--,1,2095,卖盘
1852,10:24:29,20.95,-0.03,4,8380,卖盘
1853,10:24:22,20.98,-0.01,1,2098,卖盘
1854,10:24:19,20.99,0.04,5,10495,买盘
1855,10:24:14,20.95,--,1,3875,卖盘
1856,10:24:04,20.95,-0.03,10,20950,卖盘
1857,10:23:59,20.98,0.03,20,41960,买盘
1858,10:23:53,20.95,-0.03,10,20950,卖盘
1859,10:23:49,20.98,0.03,50,104900,买盘
1860,10:23:37,20.95,--,42,87990,卖盘
1861,10:23:34,20.95,-0.01,22,47640,卖盘
1862,10:23:23,20.96,0.01,8,16768,买盘
1863,10:23:19,20.95,-0.02,259,542605,卖盘
1864,10:23:14,20.97,--,48,100656,买盘
1865,10:23:08,20.97,0.01,207,434079,买盘
1866,10:22:53,20.96,--,77,161392,卖盘
1867,10:22:49,20.96,--,7,16055,买盘
1868,10:22:43,20.96,-0.01,100,210312,卖盘
1869,10:22:34,20.97,--,2,4194,买盘
1870,10:22:29,20.97,--,56,117432,卖盘
1871,10:22:23,20.97,-0.01,56,117432,卖盘
1872,10:22:19,20.98,0.01,200,419600,买盘
1873,10:22:04,20.97,-0.01,29,60813,卖盘
1874,10:21:58,20.98,--,1,2098,买盘
1875,10:21:53,20.98,--,11,23078,买盘
1876,10:21:49,20.98,-0.01,94,197212,卖盘
1877,10:21:44,20.99,-0.01,21,44079,卖盘
1878,10:21:37,21.0,--,100,210000,买盘
1879,10:21:33,21.0,--,227,478359,卖盘
1880,10:21:29,21.0,-0.02,20,42000,卖盘
1881,10:21:23,21.02,--,9,18918,买盘
1882,10:21:19,21.02,--,1,2102,买盘
1883,10:21:14,21.02,--,70,147140,买盘
1884,10:21:08,21.02,0.01,1,2102,买盘
1885,10:21:04,21.01,-0.02,11,23804,卖盘
1886,10:20:59,21.03,0.03,2,4206,买盘
1887,10:20:53,21.0,-0.02,5,10500,卖盘
1888,10:20:49,21.02,0.02,126,264852,买盘
1889,10:20:44,21.0,--,21,44100,卖盘
1890,10:20:34,21.0,0.01,312,657048,买盘
1891,10:20:28,20.99,0.01,11,23089,买盘
1892,10:20:23,20.98,--,12,25176,卖盘
1893,10:20:18,20.98,--,1,2098,卖盘
1894,10:20:13,20.98,-0.01,14,29372,卖盘
1895,10:20:08,20.99,--,25,52474,买盘
1896,10:20:03,20.99,0.02,117,246128,买盘
1897,10:19:58,20.97,-0.01,158,333381,卖盘
1898,10:19:53,20.98,--,5,10490,卖盘
1899,10:19:43,20.98,--,5,10490,卖盘
1900,10:19:33,20.98,-0.01,1,2098,卖盘
1901,10:19:28,20.99,-0.01,4,8396,卖盘
1902,10:19:18,21.0,--,3,6300,买盘
1903,10:19:13,21.0,-0.01,31,65394,卖盘
1904,10:19:03,21.01,--,145,304666,买盘
1905,10:18:58,21.01,0.01,23,48323,买盘
1906,10:18:53,21.0,-0.01,18,37800,卖盘
1907,10:18:43,21.01,-0.02,132,278235,卖盘
1908,10:18:38,21.03,0.02,2,4206,买盘
1909,10:18:32,21.01,-0.02,4,8404,卖盘
1910,10:18:28,21.03,0.02,24,50472,买盘
1911,10:18:23,21.01,--,3,6303,卖盘
1912,10:18:17,21.01,--,3,6303,卖盘
1913,10:18:13,21.01,-0.02,11,24308,卖盘
1914,10:18:07,21.03,--,97,203991,买盘
1915,10:18:02,21.03,0.02,88,185064,买盘
1916,10:17:58,21.01,--,11,23111,卖盘
1917,10:17:47,21.01,--,6,12606,卖盘
1918,10:17:43,21.01,0.01,4,8404,中性盘
1919,10:17:37,21.0,--,10,21000,卖盘
1920,10:17:28,21.0,--,54,113400,卖盘
1921,10:17:23,21.0,-0.03,16,33600,卖盘
1922,10:17:13,21.03,0.03,13,27339,买盘
1923,10:17:08,21.0,--,35,73500,卖盘
1924,10:17:02,21.0,--,20,42000,卖盘
1925,10:16:58,21.0,--,13,27300,卖盘
1926,10:16:53,21.0,0.03,275,579285,买盘
1927,10:16:47,20.97,--,6,12623,卖盘
1928,10:16:43,20.97,--,36,75492,卖盘
1929,10:16:38,20.97,--,2,4194,卖盘
1930,10:16:28,20.97,-0.02,7,14679,卖盘
1931,10:16:13,20.99,0.02,24,50375,买盘
1932,10:16:08,20.97,--,9,18873,卖盘
1933,10:15:58,20.97,-0.02,10,20970,卖盘
1934,10:15:52,20.99,-0.01,3,6296,卖盘
1935,10:15:47,21.0,--,7,14700,买盘
1936,10:15:43,21.0,--,11,23100,买盘
1937,10:15:38,21.0,--,69,144900,买盘
1938,10:15:32,21.0,-0.03,767,1611015,卖盘
1939,10:15:27,21.03,--,20,42060,买盘
1940,10:15:23,21.03,0.01,9,18927,买盘
1941,10:15:17,21.02,--,1,2102,卖盘
1942,10:15:12,21.02,-0.01,13,27326,卖盘
1943,10:15:08,21.03,0.01,70,148640,买盘
1944,10:15:01,21.02,0.01,3,6306,买盘
1945,10:14:57,21.01,--,4,8404,卖盘
1946,10:14:53,21.01,--,8,16808,卖盘
1947,10:14:47,21.01,--,10,21010,卖盘
1948,10:14:42,21.01,--,46,96646,卖盘
1949,10:14:38,21.01,--,364,764764,买盘
1950,10:14:32,21.01,--,2,4202,买盘
1951,10:14:23,21.01,--,5,10505,买盘
1952,10:14:12,21.01,--,58,123769,卖盘
1953,10:14:07,21.01,--,1,2101,卖盘
1954,10:14:02,21.01,-0.01,1,2101,卖盘
1955,10:13:53,21.02,--,3,6306,买盘
1956,10:13:47,21.02,-0.02,1,2102,买盘
1957,10:13:42,21.04,0.02,23,48392,买盘
1958,10:13:38,21.02,-0.02,1,2102,卖盘
1959,10:13:32,21.04,--,155,326120,买盘
1960,10:13:27,21.04,0.01,46,97331,买盘
1961,10:13:22,21.03,0.02,113,237639,买盘
1962,10:13:17,21.01,--,4,8404,卖盘
1963,10:13:12,21.01,0.01,37,77737,买盘
1964,10:13:07,21.0,--,41,86100,买盘
1965,10:13:02,21.0,--,250,525000,买盘
1966,10:12:57,21.0,0.04,30,63000,买盘
1967,10:12:52,20.96,--,171,359254,卖盘
1968,10:12:47,20.96,--,3,6288,卖盘
1969,10:12:42,20.96,--,80,167680,买盘
1970,10:12:37,20.96,0.01,47,98512,买盘
1971,10:12:32,20.95,--,5,10475,卖盘
1972,10:12:27,20.95,--,13,27235,卖盘
1973,10:12:22,20.95,--,67,140365,买盘
1974,10:12:17,20.95,--,9,18855,买盘
1975,10:12:12,20.95,0.01,7,14665,买盘
1976,10:12:07,20.94,-0.03,101,211494,卖盘
1977,10:12:02,20.97,0.02,27,56619,买盘
1978,10:11:57,20.95,--,4,8380,卖盘
1979,10:11:52,20.95,-0.02,8,16760,卖盘
1980,10:11:47,20.97,0.02,52,109044,买盘
1981,10:11:42,20.95,--,96,201120,卖盘
1982,10:11:37,20.95,--,19,40601,卖盘
1983,10:11:27,20.95,--,2,4190,卖盘
1984,10:11:22,20.95,--,28,58660,卖盘
1985,10:11:17,20.95,-0.02,9,18855,卖盘
1986,10:11:12,20.97,0.02,10,20970,买盘
1987,10:11:07,20.95,-0.02,11,23484,卖盘
1988,10:10:57,20.97,--,77,162727,卖盘
1989,10:10:52,20.97,-0.03,50,104850,卖盘
1990,10:10:42,21.0,0.02,14,29400,买盘
1991,10:10:37,20.98,-0.02,10,20980,中性盘
1992,10:10:31,21.0,0.02,86,180600,买盘
1993,10:10:26,20.98,-0.02,65,136370,卖盘
1994,10:10:17,21.0,--,30,63000,买盘
1995,10:10:11,21.0,--,25,52500,买盘
1996,10:10:07,21.0,0.02,20,42000,买盘
1997,10:10:02,20.98,-0.02,98,205604,卖盘
1998,10:09:56,21.0,--,99,207900,买盘
1999,10:09:52,21.0,--,18,37800,卖盘
2000,10:09:46,21.0,--,24,50400,卖盘
2001,10:09:41,21.0,--,16,33600,卖盘
2002,10:09:37,21.0,0.02,89,186900,买盘
2003,10:09:32,20.98,--,12,25176,卖盘
2004,10:09:26,20.98,--,3,6294,卖盘
2005,10:09:22,20.98,--,12,25176,卖盘
2006,10:09:17,20.98,--,4,8392,卖盘
2007,10:09:07,20.98,--,4,8392,卖盘
2008,10:09:01,20.98,-0.02,22,47205,卖盘
2009,10:08:52,21.0,0.02,10,21000,买盘
2010,10:08:47,20.98,-0.02,34,71332,卖盘
2011,10:08:37,21.0,--,44,93450,卖盘
2012,10:08:32,21.0,--,50,105000,卖盘
2013,10:08:26,21.0,--,1,2100,卖盘
2014,10:08:22,21.0,--,48,100800,卖盘
2015,10:08:17,21.0,--,29,60900,卖盘
2016,10:08:07,21.0,--,22,47250,买盘
2017,10:08:02,21.0,--,7,14700,买盘
2018,10:07:56,21.0,-0.03,277,582750,卖盘
2019,10:07:52,21.03,--,42,88326,买盘
2020,10:07:47,21.03,0.02,1,2103,买盘
2021,10:07:41,21.01,--,7,14707,卖盘
2022,10:07:36,21.01,--,5,10505,卖盘
2023,10:07:32,21.01,--,70,148120,买盘
2024,10:07:26,21.01,0.01,172,361372,买盘
2025,10:07:21,21.0,--,171,360150,买盘
2026,10:07:16,21.0,--,58,121800,卖盘
2027,10:07:11,21.0,--,30,63000,卖盘
2028,10:07:06,21.0,--,48,100800,卖盘
2029,10:07:01,21.0,--,30,63000,卖盘
2030,10:06:56,21.0,0.03,43,90300,买盘
2031,10:06:51,20.97,-0.02,31,65007,卖盘
2032,10:06:47,20.99,--,487,1023052,买盘
2033,10:06:41,20.99,0.01,10,20990,买盘
2034,10:06:36,20.98,0.02,10,20980,中性盘
2035,10:06:31,20.96,-0.04,177,370992,卖盘
2036,10:06:26,21.0,--,4,8400,卖盘
2037,10:06:21,21.0,0.06,65,136500,买盘
2038,10:06:16,20.94,-0.01,151,316194,卖盘
2039,10:06:11,20.95,--,49,102655,卖盘
2040,10:06:06,20.95,--,56,117320,买盘
2041,10:06:02,20.95,0.01,19,39805,买盘
2042,10:05:56,20.94,--,10,20940,卖盘
2043,10:05:51,20.94,0.01,124,259656,中性盘
2044,10:05:46,20.93,0.03,79,165347,买盘
2045,10:05:41,20.9,--,41,85690,卖盘
2046,10:05:36,20.9,--,47,98230,卖盘
2047,10:05:31,20.9,0.03,297,621775,买盘
2048,10:05:26,20.87,--,101,210787,卖盘
2049,10:05:21,20.87,0.01,27,56349,中性盘
2050,10:05:16,20.86,-0.04,36,75096,卖盘
2051,10:05:11,20.9,0.03,200,418000,买盘
2052,10:05:06,20.87,-0.01,35,73045,卖盘
2053,10:05:01,20.88,-0.02,110,229680,卖盘
2054,10:04:56,20.9,--,2,4180,买盘
2055,10:04:41,20.9,-0.05,791,1653190,卖盘
2056,10:04:36,20.95,0.02,43,90085,买盘
2057,10:04:31,20.93,-0.02,47,98371,卖盘
2058,10:04:26,20.95,-0.01,55,115225,卖盘
2059,10:04:21,20.96,--,3,6288,买盘
2060,10:04:16,20.96,--,11,23056,买盘
2061,10:04:11,20.96,-0.07,237,496752,卖盘
2062,10:04:06,21.03,0.05,13,27339,买盘
2063,10:04:01,20.98,-0.02,222,465756,卖盘
2064,10:03:56,21.0,0.01,219,459900,买盘
2065,10:03:51,20.99,0.01,30,62969,买盘
2066,10:03:46,20.98,--,10,20980,卖盘
2067,10:03:36,20.98,--,139,291622,卖盘
2068,10:03:31,20.98,0.02,59,123782,买盘
2069,10:03:21,20.96,0.01,16,33536,买盘
2070,10:03:16,20.95,-0.01,106,222070,卖盘
2071,10:03:11,20.96,--,61,127856,买盘
2072,10:03:05,20.96,--,8,16768,买盘
2073,10:03:01,20.96,0.01,35,73360,买盘
2074,10:02:56,20.95,-0.01,5,10475,卖盘
2075,10:02:51,20.96,0.01,5,10480,买盘
2076,10:02:46,20.95,0.04,44,92180,买盘
2077,10:02:41,20.91,-0.01,200,418200,卖盘
2078,10:02:31,20.92,--,24,50208,卖盘
2079,10:02:25,20.92,--,26,54392,卖盘
2080,10:02:21,20.92,--,91,190372,卖盘
2081,10:02:16,20.92,--,159,332628,买盘
2082,10:02:11,20.92,--,51,106692,买盘
2083,10:02:05,20.92,0.01,15,31380,买盘
2084,10:02:01,20.91,-0.01,116,244124,卖盘
2085,10:01:56,20.92,--,20,41840,卖盘
2086,10:01:46,20.92,-0.04,156,326352,中性盘
2087,10:01:41,20.96,--,42,88032,买盘
2088,10:01:34,20.96,--,2,4192,买盘
2089,10:01:31,20.96,--,33,69168,买盘
2090,10:01:26,20.96,--,25,52400,卖盘
2091,10:01:20,20.96,-0.03,24,50304,卖盘
2092,10:01:16,20.99,0.01,31,65068,买盘
2093,10:01:11,20.98,0.02,132,276936,买盘
2094,10:01:05,20.96,--,1,2096,卖盘
2095,10:01:01,20.96,--,67,140432,卖盘
2096,10:00:56,20.96,0.06,226,473696,买盘
2097,10:00:49,20.9,-0.03,62,129579,卖盘
2098,10:00:46,20.93,0.01,272,569296,买盘
2099,10:00:41,20.92,-0.01,33,69036,卖盘
2100,10:00:35,20.93,--,37,77441,卖盘
2101,10:00:31,20.93,-0.02,51,106743,卖盘
2102,10:00:26,20.95,--,77,161315,卖盘
2103,10:00:20,20.95,--,8,16760,卖盘
2104,10:00:16,20.95,-0.03,60,125700,卖盘
2105,10:00:11,20.98,--,59,123782,卖盘
2106,10:00:05,20.98,-0.02,12,25176,卖盘
2107,10:00:01,21.0,--,8,16800,买盘
2108,09:59:56,21.0,--,3,6300,买盘
2109,09:59:50,21.0,-0.07,2391,5022360,卖盘
2110,09:59:45,21.07,--,1,2107,卖盘
2111,09:59:41,21.07,--,82,172774,卖盘
2112,09:59:35,21.07,--,12,26126,买盘
2113,09:59:31,21.07,0.01,97,204379,买盘
2114,09:59:25,21.06,--,370,779220,卖盘
2115,09:59:20,21.06,-0.01,36,75816,卖盘
2116,09:59:15,21.07,0.01,2,4214,买盘
2117,09:59:11,21.06,-0.01,62,131309,卖盘
2118,09:59:05,21.07,-0.01,1,2107,卖盘
2119,09:59:00,21.08,0.01,8,16864,买盘
2120,09:58:55,21.07,--,14,29498,卖盘
2121,09:58:40,21.07,-0.01,22,46354,卖盘
2122,09:58:35,21.08,--,77,162316,卖盘
2123,09:58:30,21.08,0.01,57,120155,卖盘
2124,09:58:25,21.07,--,72,153284,卖盘
2125,09:58:20,21.07,--,1,2107,卖盘
2126,09:58:15,21.07,-0.03,2,6110,卖盘
2127,09:58:04,21.1,--,0,0,买盘
2128,09:58:00,21.1,0.01,48,101280,买盘
2129,09:57:55,21.09,--,2,4218,买盘
2130,09:57:50,21.09,-0.01,38,80142,卖盘
2131,09:57:45,21.1,--,108,227880,卖盘
2132,09:57:40,21.1,-0.01,22,46420,卖盘
2133,09:57:35,21.11,--,1,2111,买盘
2134,09:57:30,21.11,-0.02,7,15304,卖盘
2135,09:57:25,21.13,--,56,118328,买盘
2136,09:57:20,21.13,-0.03,31,65503,卖盘
2137,09:57:15,21.16,0.03,2,4232,买盘
2138,09:57:10,21.13,--,20,42260,卖盘
2139,09:57:05,21.13,--,5,10565,卖盘
2140,09:57:00,21.13,-0.03,40,84520,中性盘
2141,09:56:55,21.16,0.04,106,224296,买盘
2142,09:56:49,21.12,--,71,151536,卖盘
2143,09:56:40,21.12,--,4,8448,买盘
2144,09:56:35,21.12,--,4,8448,买盘
2145,09:56:30,21.12,0.01,3,6336,买盘
2146,09:56:25,21.11,-0.02,68,143548,买盘
2147,09:56:20,21.13,--,0,0,买盘
2148,09:56:15,21.13,0.01,255,538815,买盘
2149,09:56:10,21.12,0.03,127,268224,买盘
2150,09:56:00,21.09,--,50,105450,卖盘
2151,09:55:55,21.09,0.01,47,99123,买盘
2152,09:55:50,21.08,-0.01,38,80104,卖盘
2153,09:55:45,21.09,0.01,36,75924,买盘
2154,09:55:40,21.08,-0.01,17,35836,卖盘
2155,09:55:35,21.09,-0.01,7,14763,中性盘
2156,09:55:30,21.1,0.02,26,54860,买盘
2157,09:55:25,21.08,-0.01,47,99075,中性盘
2158,09:55:19,21.09,0.01,23,48507,买盘
2159,09:55:15,21.08,-0.01,143,301444,卖盘
2160,09:55:10,21.09,0.02,18,37962,买盘
2161,09:55:05,21.07,-0.02,6,12642,卖盘
2162,09:55:00,21.09,0.02,12,25308,买盘
2163,09:54:55,21.07,--,47,99029,卖盘
2164,09:54:45,21.07,-0.01,69,145383,卖盘
2165,09:54:40,21.08,0.02,9,18972,中性盘
2166,09:54:35,21.06,-0.03,2,4212,卖盘
2167,09:54:30,21.09,0.01,31,65379,买盘
2168,09:54:25,21.08,0.02,46,96967,买盘
2169,09:54:20,21.06,-0.01,138,290628,卖盘
2170,09:54:14,21.07,0.01,20,42140,买盘
2171,09:54:10,21.06,--,31,65285,买盘
2172,09:54:05,21.06,-0.02,40,84240,卖盘
2173,09:53:58,21.08,0.03,10,21080,买盘
2174,09:53:55,21.05,--,75,157875,卖盘
2175,09:53:50,21.05,--,247,519935,卖盘
2176,09:53:44,21.05,--,16,33680,卖盘
2177,09:53:40,21.05,-0.02,1,2105,卖盘
2178,09:53:35,21.07,0.01,55,115885,买盘
2179,09:53:29,21.06,--,25,52650,买盘
2180,09:53:25,21.06,-0.01,233,490697,卖盘
2181,09:53:20,21.07,-0.03,122,257054,卖盘
2182,09:53:14,21.1,0.02,2,4220,买盘
2183,09:53:10,21.08,-0.02,59,124371,卖盘
2184,09:53:05,21.1,--,18,39035,卖盘
2185,09:52:59,21.1,--,7,14770,卖盘
2186,09:52:55,21.1,-0.02,82,174075,卖盘
2187,09:52:49,21.12,0.02,8,16896,买盘
2188,09:52:44,21.1,0.02,34,71740,买盘
2189,09:52:39,21.08,-0.04,84,177072,卖盘
2190,09:52:35,21.12,0.02,1,2112,买盘
2191,09:52:29,21.1,-0.02,2,4220,卖盘
2192,09:52:24,21.12,-0.06,29,61248,卖盘
2193,09:52:19,21.18,0.06,105,222390,买盘
2194,09:52:14,21.12,--,1,2112,卖盘
2195,09:52:09,21.12,0.04,17,35904,中性盘
2196,09:52:04,21.08,-0.11,194,408951,中性盘
2197,09:51:58,21.19,0.12,54,114426,买盘
2198,09:51:54,21.07,-0.05,32,67424,卖盘
2199,09:51:49,21.12,-0.06,115,243936,卖盘
2200,09:51:44,21.18,0.05,256,543267,买盘
2201,09:51:39,21.13,--,580,1225540,卖盘
2202,09:51:34,21.13,-0.01,379,800827,卖盘
2203,09:51:29,21.14,-0.02,84,177576,卖盘
2204,09:51:24,21.16,-0.02,48,101568,中性盘
2205,09:51:19,21.18,0.01,31,65658,买盘
2206,09:51:14,21.17,0.01,42,88914,买盘
2207,09:51:09,21.16,--,4,8464,卖盘
2208,09:50:59,21.16,-0.01,15,31740,卖盘
2209,09:50:54,21.17,-0.01,11,23287,买盘
2210,09:50:48,21.18,--,0,0,买盘
2211,09:50:44,21.18,0.02,4,8472,买盘
2212,09:50:39,21.16,0.02,42,88872,买盘
2213,09:50:33,21.14,--,19,40166,卖盘
2214,09:50:24,21.14,-0.01,51,107814,卖盘
2215,09:50:18,21.15,0.01,623,1317645,买盘
2216,09:50:14,21.14,--,2,4228,卖盘
2217,09:50:09,21.14,0.01,79,167006,卖盘
2218,09:50:04,21.13,--,66,139458,中性盘
2219,09:49:59,21.13,0.01,65,137345,买盘
2220,09:49:54,21.12,-0.02,32,67584,卖盘
2221,09:49:49,21.14,0.01,154,325556,买盘
2222,09:49:44,21.13,--,22,46486,卖盘
2223,09:49:39,21.13,0.01,53,111989,卖盘
2224,09:49:34,21.12,-0.02,18,38016,卖盘
2225,09:49:29,21.14,0.02,48,101472,买盘
2226,09:49:24,21.12,0.01,68,143616,中性盘
2227,09:49:18,21.11,-0.03,101,213211,卖盘
2228,09:49:14,21.14,--,0,0,买盘
2229,09:49:09,21.14,-0.01,176,372064,卖盘
2230,09:49:04,21.15,0.01,17,35955,买盘
2231,09:48:59,21.14,--,1,2114,卖盘
2232,09:48:54,21.14,--,22,46508,买盘
2233,09:48:49,21.14,0.01,7,14798,买盘
2234,09:48:44,21.13,--,4,8452,卖盘
2235,09:48:39,21.13,-0.02,45,95085,卖盘
2236,09:48:33,21.15,0.04,64,135360,买盘
2237,09:48:29,21.11,--,0,0,卖盘
2238,09:48:24,21.11,-0.01,90,189990,卖盘
2239,09:48:18,21.12,-0.01,286,604032,卖盘
2240,09:48:14,21.13,-0.01,5,10565,卖盘
2241,09:48:09,21.14,--,12,25368,买盘
2242,09:48:03,21.14,-0.01,28,59192,中性盘
2243,09:47:58,21.15,--,15,31724,买盘
2244,09:47:54,21.15,--,20,42300,买盘
2245,09:47:48,21.15,--,41,86715,买盘
2246,09:47:44,21.15,--,26,54989,买盘
2247,09:47:39,21.15,--,17,35955,买盘
2248,09:47:34,21.15,0.01,28,59219,买盘
2249,09:47:29,21.14,-0.01,10,21140,卖盘
2250,09:47:23,21.15,0.01,44,93060,买盘
2251,09:47:18,21.14,0.03,311,657454,买盘
2252,09:47:14,21.11,--,7,14777,卖盘
2253,09:47:08,21.11,--,63,132993,卖盘
2254,09:47:03,21.11,--,88,185768,卖盘
2255,09:46:58,21.11,--,21,44331,卖盘
2256,09:46:54,21.11,--,156,329316,卖盘
2257,09:46:48,21.11,--,106,223766,卖盘
2258,09:46:44,21.11,--,13,27443,卖盘
2259,09:46:38,21.11,-0.03,5,10555,卖盘
2260,09:46:33,21.14,-0.01,3,6342,卖盘
2261,09:46:29,21.15,0.01,69,145935,买盘
2262,09:46:23,21.14,--,28,59192,卖盘
2263,09:46:18,21.14,-0.01,102,215628,卖盘
2264,09:46:14,21.15,--,50,105750,买盘
2265,09:46:07,21.15,--,1,2115,买盘
2266,09:46:03,21.15,-0.02,178,376470,卖盘
2267,09:45:58,21.17,-0.01,282,596994,中性盘
2268,09:45:53,21.18,0.03,54,114372,买盘
2269,09:45:48,21.15,-0.03,103,217844,卖盘
2270,09:45:43,21.18,0.02,96,203328,买盘
2271,09:45:37,21.16,-0.02,143,302588,中性盘
2272,09:45:33,21.18,--,113,239334,买盘
2273,09:45:27,21.18,--,81,171558,买盘
2274,09:45:18,21.18,-0.03,254,537972,卖盘
2275,09:45:12,21.21,0.01,217,460257,买盘
2276,09:45:08,21.2,--,1,2120,卖盘
2277,09:45:03,21.2,0.01,202,428240,买盘
2278,09:44:57,21.19,0.01,6,12714,买盘
2279,09:44:53,21.18,--,10,21180,卖盘
2280,09:44:48,21.18,0.03,322,681996,买盘
2281,09:44:42,21.15,0.02,40,84600,中性盘
2282,09:44:37,21.13,-0.01,83,175379,卖盘
2283,09:44:33,21.14,--,15,31710,卖盘
2284,09:44:27,21.14,--,36,76104,买盘
2285,09:44:23,21.14,--,41,86674,卖盘
2286,09:44:18,21.14,0.01,25,52850,买盘
2287,09:44:12,21.13,-0.01,53,111989,卖盘
2288,09:44:08,21.14,--,19,40166,卖盘
2289,09:44:03,21.14,-0.01,28,59192,卖盘
2290,09:43:57,21.15,--,24,50760,买盘
2291,09:43:53,21.15,-0.03,79,167085,卖盘
2292,09:43:48,21.18,--,123,260514,买盘
2293,09:43:42,21.18,-0.01,192,406656,卖盘
2294,09:43:38,21.19,-0.01,64,135616,卖盘
2295,09:43:33,21.2,-0.01,117,248040,卖盘
2296,09:43:27,21.21,-0.03,307,651147,卖盘
2297,09:43:23,21.24,-0.02,90,191160,卖盘
2298,09:43:18,21.26,0.03,115,244490,买盘
2299,09:43:12,21.23,-0.03,402,853446,卖盘
2300,09:43:08,21.26,0.02,121,257246,买盘
2301,09:43:03,21.24,0.02,261,554364,买盘
2302,09:42:57,21.22,--,78,165516,卖盘
2303,09:42:53,21.22,--,34,72148,卖盘
2304,09:42:48,21.22,0.03,178,377716,买盘
2305,09:42:42,21.19,--,589,1248091,卖盘
2306,09:42:38,21.19,-0.02,19,40261,卖盘
2307,09:42:33,21.21,0.01,104,220584,买盘
2308,09:42:27,21.2,0.05,20,42400,买盘
2309,09:42:22,21.15,-0.02,205,433574,卖盘
2310,09:42:18,21.17,--,119,251923,卖盘
2311,09:42:12,21.17,0.04,25,52925,卖盘
2312,09:42:07,21.13,-0.04,75,158475,卖盘
2313,09:42:03,21.17,-0.02,35,74095,买盘
2314,09:41:57,21.19,--,2,4238,买盘
2315,09:41:53,21.19,-0.03,210,444990,中性盘
2316,09:41:48,21.22,0.02,39,82758,买盘
2317,09:41:42,21.2,-0.04,116,245920,卖盘
2318,09:41:38,21.24,--,128,271872,买盘
2319,09:41:33,21.24,--,158,335592,买盘
2320,09:41:27,21.24,--,189,401435,卖盘
2321,09:41:23,21.24,--,31,65844,卖盘
2322,09:41:18,21.24,0.05,239,507635,买盘
2323,09:41:12,21.19,-0.01,367,777673,卖盘
2324,09:41:08,21.2,-0.04,102,216240,卖盘
2325,09:41:03,21.24,0.04,213,452411,中性盘
2326,09:40:57,21.2,-0.06,285,604200,买盘
2327,09:40:53,21.26,0.08,106,225356,买盘
2328,09:40:48,21.18,-0.07,185,391830,卖盘
2329,09:40:42,21.25,0.13,11,23375,中性盘
2330,09:40:38,21.12,-0.14,14,29568,卖盘
2331,09:40:33,21.26,0.08,686,1458436,买盘
2332,09:40:27,21.18,0.11,207,438426,买盘
2333,09:40:23,21.07,0.01,16,33712,买盘
2334,09:40:18,21.06,0.01,159,336791,买盘
2335,09:40:12,21.05,--,85,178925,买盘
2336,09:40:08,21.05,0.01,14,29470,买盘
2337,09:40:03,21.04,0.03,69,145176,买盘
2338,09:39:57,21.01,--,34,71434,买盘
2339,09:39:53,21.01,0.01,13,27313,买盘
2340,09:39:48,21.0,0.02,517,1087506,买盘
2341,09:39:42,20.98,0.02,420,881160,买盘
2342,09:39:37,20.96,-0.01,150,314400,卖盘
2343,09:39:33,20.97,0.02,156,327132,买盘
2344,09:39:27,20.95,--,36,75420,卖盘
2345,09:39:22,20.95,--,28,58660,卖盘
2346,09:39:17,20.95,0.02,40,83800,买盘
2347,09:39:12,20.93,--,22,46046,卖盘
2348,09:39:07,20.93,--,176,368577,卖盘
2349,09:39:01,20.93,--,146,305578,卖盘
2350,09:38:57,20.93,0.01,370,774410,买盘
2351,09:38:51,20.92,--,113,236396,卖盘
2352,09:38:47,20.92,0.02,11,23012,买盘
2353,09:38:42,20.9,--,223,466069,卖盘
2354,09:38:36,20.9,--,74,154660,卖盘
2355,09:38:32,20.9,-0.02,258,539220,卖盘
2356,09:38:27,20.92,0.02,29,60668,买盘
2357,09:38:21,20.9,-0.02,83,173470,卖盘
2358,09:38:17,20.92,--,7,14644,卖盘
2359,09:38:12,20.92,0.03,12,25104,中性盘
2360,09:38:06,20.89,-0.03,71,148319,卖盘
2361,09:38:02,20.92,--,19,39748,卖盘
2362,09:37:57,20.92,0.05,56,117152,买盘
2363,09:37:51,20.87,-0.01,104,217048,卖盘
2364,09:37:47,20.88,-0.02,35,73080,买盘
2365,09:37:42,20.9,0.03,111,231989,买盘
2366,09:37:36,20.87,-0.01,98,204526,卖盘
2367,09:37:31,20.88,--,32,66816,卖盘
2368,09:37:27,20.88,0.02,161,336168,买盘
2369,09:37:21,20.86,-0.02,681,1420566,卖盘
2370,09:37:16,20.88,--,13,27144,买盘
2371,09:37:12,20.88,--,33,68904,买盘
2372,09:37:06,20.88,--,206,430128,卖盘
2373,09:37:02,20.88,-0.02,21,43848,卖盘
2374,09:36:57,20.9,0.02,543,1134870,买盘
2375,09:36:51,20.88,--,89,185832,买盘
2376,09:36:47,20.88,--,62,129456,买盘
2377,09:36:42,20.88,--,197,411336,卖盘
2378,09:36:36,20.88,-0.04,86,179568,卖盘
2379,09:36:31,20.92,0.02,89,186188,买盘
2380,09:36:27,20.9,--,184,384560,卖盘
2381,09:36:21,20.9,--,15,31349,卖盘
2382,09:36:12,20.9,--,29,60609,卖盘
2383,09:36:06,20.9,-0.02,38,79420,中性盘
2384,09:36:02,20.92,0.02,90,188280,买盘
2385,09:35:57,20.9,--,110,231404,买盘
2386,09:35:51,20.9,0.02,627,1310430,买盘
2387,09:35:47,20.88,--,111,231768,卖盘
2388,09:35:42,20.88,-0.04,63,132128,卖盘
2389,09:35:36,20.92,--,50,104600,买盘
2390,09:35:32,20.92,--,12,25104,买盘
2391,09:35:27,20.92,-0.03,29,60668,卖盘
2392,09:35:21,20.95,--,72,150840,卖盘
2393,09:35:16,20.95,-0.03,7,14665,卖盘
2394,09:35:12,20.98,0.03,25,52450,买盘
2395,09:35:06,20.95,--,11,23045,卖盘
2396,09:35:01,20.95,-0.03,23,48185,卖盘
2397,09:34:57,20.98,-0.01,19,39862,中性盘
2398,09:34:51,20.99,--,29,60870,买盘
2399,09:34:47,20.99,0.04,3,6296,买盘
2400,09:34:42,20.95,-0.05,65,136175,卖盘
2401,09:34:36,21.0,0.01,187,392910,买盘
2402,09:34:32,20.99,-0.01,20,41980,卖盘
2403,09:34:27,21.0,--,20,42000,买盘
2404,09:34:21,21.0,--,196,411600,买盘
2405,09:34:17,21.0,--,448,940968,卖盘
2406,09:34:12,21.0,-0.01,129,270900,卖盘
2407,09:34:06,21.01,0.01,123,258423,买盘
2408,09:34:02,21.0,-0.03,102,214200,卖盘
2409,09:33:57,21.03,--,84,176652,买盘
2410,09:33:51,21.03,-0.02,43,90534,卖盘
2411,09:33:47,21.05,0.01,32,69359,买盘
2412,09:33:42,21.04,0.01,674,1418096,买盘
2413,09:33:36,21.03,-0.01,93,195579,卖盘
2414,09:33:32,21.04,--,54,113616,买盘
2415,09:33:27,21.04,--,123,258792,卖盘
2416,09:33:21,21.04,--,181,380824,卖盘
2417,09:33:17,21.04,--,63,132552,卖盘
2418,09:33:12,21.04,--,87,183048,卖盘
2419,09:33:06,21.04,0.01,49,103096,买盘
2420,09:33:02,21.03,-0.02,35,73605,买盘
2421,09:32:57,21.05,0.02,59,124195,买盘
2422,09:32:51,21.03,-0.01,198,416394,卖盘
2423,09:32:46,21.04,-0.01,41,86264,中性盘
2424,09:32:41,21.05,0.06,110,233486,买盘
2425,09:32:36,20.99,-0.04,244,512155,买盘
2426,09:32:31,21.03,0.03,66,138798,买盘
2427,09:32:26,21.0,--,239,501900,买盘
2428,09:32:21,21.0,0.01,128,268800,买盘
2429,09:32:15,20.99,--,17,35683,卖盘
2430,09:32:11,20.99,0.02,194,407205,买盘
2431,09:32:06,20.97,0.02,157,329229,买盘
2432,09:32:00,20.95,-0.01,3,6285,卖盘
2433,09:31:56,20.96,0.01,339,710544,中性盘
2434,09:31:51,20.95,-0.02,209,437855,卖盘
2435,09:31:45,20.97,0.03,63,133411,买盘
2436,09:31:41,20.94,-0.01,45,95025,卖盘
2437,09:31:36,20.95,0.03,366,768068,买盘
2438,09:31:30,20.92,--,184,384928,卖盘
2439,09:31:26,20.92,--,27,56484,卖盘
2440,09:31:21,20.92,-0.01,56,117152,卖盘
2441,09:31:15,20.93,0.03,379,793247,买盘
2442,09:31:11,20.9,-0.01,53,110769,卖盘
2443,09:31:06,20.91,0.06,126,263466,买盘
2444,09:31:00,20.85,-0.04,953,1987005,卖盘
2445,09:30:56,20.89,0.01,35,73115,中性盘
2446,09:30:51,20.88,0.03,174,363312,中性盘
2447,09:30:45,20.85,-0.03,872,1818120,卖盘
2448,09:30:41,20.88,--,29,60552,卖盘
2449,09:30:36,20.88,0.03,319,666072,买盘
2450,09:30:30,20.85,--,37,77145,卖盘
2451,09:30:26,20.85,--,40,83400,卖盘
2452,09:30:21,20.85,-0.05,31,64635,卖盘
2453,09:30:15,20.9,--,111,231989,买盘
2454,09:30:10,20.9,--,154,321860,买盘
2455,09:30:06,20.9,-0.04,865,1807849,卖盘
2456,09:28:47,20.94,--,0,0,买盘
2457,09:25:03,20.94,20.94,2061,4315734,买盘
