,time,price,change,volume,amount,type
0,15:00:00,14.0,--,0,0,卖盘
1,14:59:59,14.0,--,0,0,卖盘
2,14:59:50,14.0,0.02,135,189000,买盘
3,14:59:45,13.98,-0.01,60,83880,卖盘
4,14:59:40,13.99,--,132,184668,卖盘
5,14:59:35,13.99,--,12,16788,卖盘
6,14:59:30,13.99,-0.01,41,57359,中性盘
7,14:59:25,14.0,0.01,618,865200,买盘
8,14:59:20,13.99,--,7,9793,卖盘
9,14:59:15,13.99,-0.01,18,25182,中性盘
10,14:59:10,14.0,0.03,42,58800,买盘
11,14:59:05,13.97,-0.02,90,125730,卖盘
12,14:58:50,13.99,--,518,724682,买盘
13,14:58:45,13.99,--,0,0,买盘
14,14:58:39,13.99,0.01,114,159486,买盘
15,14:58:35,13.98,-0.01,468,654264,卖盘
16,14:58:30,13.99,--,188,263012,买盘
17,14:58:24,13.99,0.01,37,51763,买盘
18,14:58:15,13.98,-0.01,62,86676,卖盘
19,14:58:09,13.99,--,25,34975,买盘
20,14:58:05,13.99,--,31,43369,买盘
21,14:58:00,13.99,--,78,109122,买盘
22,14:57:54,13.99,--,49,68551,买盘
23,14:57:50,13.99,--,2,2798,买盘
24,14:57:45,13.99,--,120,167880,买盘
25,14:57:35,13.99,0.01,70,97930,买盘
26,14:57:30,13.98,-0.01,113,157974,卖盘
27,14:57:19,13.99,--,312,436488,买盘
28,14:57:15,13.99,--,30,41970,买盘
29,14:57:05,13.99,0.01,8,11192,买盘
30,14:57:00,13.98,-0.01,13,18174,卖盘
31,14:56:54,13.99,--,10,13990,买盘
32,14:56:50,13.99,--,20,27980,买盘
33,14:56:45,13.99,--,61,85339,卖盘
34,14:56:40,13.99,--,137,191663,买盘
35,14:56:34,13.99,--,48,67152,卖盘
36,14:56:30,13.99,--,10,13990,卖盘
37,14:56:25,13.99,0.01,300,419700,买盘
38,14:56:20,13.98,-0.01,2,2796,卖盘
39,14:56:15,13.99,0.01,7,9793,买盘
40,14:56:09,13.98,-0.01,95,132810,卖盘
41,14:56:00,13.99,--,5,6995,买盘
42,14:55:54,13.99,--,10,13990,买盘
43,14:55:45,13.99,--,5,6995,买盘
44,14:55:39,13.99,0.01,41,57359,买盘
45,14:55:35,13.98,-0.01,13,18174,卖盘
46,14:55:30,13.99,0.01,22,30778,买盘
47,14:55:25,13.98,-0.01,10,13980,卖盘
48,14:55:20,13.99,--,65,90935,买盘
49,14:55:05,13.99,--,88,123112,买盘
50,14:54:45,13.99,--,128,179072,卖盘
51,14:54:39,13.99,-0.01,6,8394,卖盘
52,14:54:35,14.0,0.01,69,96600,买盘
53,14:54:30,13.99,-0.01,11,15389,卖盘
54,14:54:24,14.0,--,108,151200,买盘
55,14:54:09,14.0,0.01,1,1400,买盘
56,14:54:05,13.99,--,38,53162,卖盘
57,14:53:54,13.99,--,29,40571,卖盘
58,14:53:49,13.99,-0.01,3,4197,卖盘
59,14:53:45,14.0,0.01,10,14000,买盘
60,14:53:39,13.99,--,15,20985,卖盘
61,14:53:24,13.99,--,6,8394,卖盘
62,14:53:20,13.99,-0.01,5,6995,卖盘
63,14:53:05,14.0,--,1,1400,买盘
64,14:52:54,14.0,0.01,66,92400,买盘
65,14:52:35,13.99,0.01,125,174875,买盘
66,14:52:30,13.98,-0.01,156,218088,卖盘
67,14:52:24,13.99,--,20,27980,买盘
68,14:52:20,13.99,--,51,71349,买盘
69,14:52:14,13.99,0.01,16,22384,买盘
70,14:52:09,13.98,--,5,6990,卖盘
71,14:52:03,13.98,-0.01,11,15378,卖盘
72,14:51:54,13.99,-0.01,442,618358,卖盘
73,14:51:48,14.0,0.01,50,70000,买盘
74,14:51:39,13.99,--,23,32177,卖盘
75,14:51:24,13.99,0.01,50,69950,买盘
76,14:51:14,13.98,--,20,27960,卖盘
77,14:50:58,13.98,-0.01,30,41940,卖盘
78,14:50:54,13.99,0.01,64,89536,买盘
79,14:50:48,13.98,-0.01,102,142596,卖盘
80,14:50:44,13.99,0.01,22,30778,买盘
81,14:50:33,13.98,--,2,2796,卖盘
82,14:50:28,13.98,--,10,13980,卖盘
83,14:50:18,13.98,--,11,15378,卖盘
84,14:50:09,13.98,-0.01,1,1398,卖盘
85,14:50:03,13.99,0.01,50,69950,买盘
86,14:49:58,13.98,-0.01,6,8388,卖盘
87,14:49:48,13.99,--,263,367937,卖盘
88,14:49:39,13.99,--,3,4197,卖盘
89,14:49:33,13.99,--,2,2798,卖盘
90,14:49:28,13.99,--,6,8394,卖盘
91,14:49:18,13.99,--,309,432291,卖盘
92,14:49:14,13.99,0.01,108,151092,买盘
93,14:49:09,13.98,--,10,13980,卖盘
94,14:49:03,13.98,-0.01,20,27960,卖盘
95,14:48:54,13.99,--,50,69950,买盘
96,14:48:48,13.99,--,17,23783,买盘
97,14:48:43,13.99,--,15,20985,买盘
98,14:48:39,13.99,--,56,78344,买盘
99,14:48:33,13.99,--,114,159486,买盘
100,14:48:29,13.99,--,303,423897,卖盘
101,14:48:09,13.99,-0.01,16,22384,卖盘
102,14:48:03,14.0,--,200,280000,买盘
103,14:47:59,14.0,--,44,61600,买盘
104,14:47:54,14.0,0.01,1,1400,买盘
105,14:47:48,13.99,--,16,22384,卖盘
106,14:47:43,13.99,--,5,6995,卖盘
107,14:47:33,13.99,-0.01,3,4197,卖盘
108,14:47:23,14.0,--,5,7000,买盘
109,14:47:18,14.0,--,15,21000,买盘
110,14:47:03,14.0,0.01,245,343000,买盘
111,14:46:59,13.99,-0.01,55,76945,卖盘
112,14:46:54,14.0,--,7,9800,买盘
113,14:46:43,14.0,0.01,80,112000,买盘
114,14:46:33,13.99,--,100,139900,卖盘
115,14:46:18,13.99,-0.01,50,69950,卖盘
116,14:46:14,14.0,--,34,47600,买盘
117,14:46:08,14.0,0.01,1,1400,买盘
118,14:46:03,13.99,--,6,8394,卖盘
119,14:45:38,13.99,-0.01,50,69950,卖盘
120,14:45:33,14.0,0.01,45,63000,买盘
121,14:45:27,13.99,--,10,13990,卖盘
122,14:45:18,13.99,-0.01,15,20985,卖盘
123,14:45:12,14.0,--,126,176400,买盘
124,14:45:03,14.0,--,100,140000,买盘
125,14:44:57,14.0,--,20,28000,买盘
126,14:44:42,14.0,0.01,29,40600,买盘
127,14:44:27,13.99,-0.01,60,83940,卖盘
128,14:44:03,14.0,0.01,98,137200,买盘
129,14:43:52,13.99,0.01,30,41970,买盘
130,14:43:42,13.98,-0.02,9,12582,卖盘
131,14:43:38,14.0,0.01,287,401800,买盘
132,14:43:27,13.99,0.01,47,65753,买盘
133,14:43:23,13.98,--,50,69900,卖盘
134,14:43:18,13.98,--,4,5592,卖盘
135,14:43:12,13.98,--,6,8388,买盘
136,14:43:07,13.98,--,33,46134,买盘
137,14:43:03,13.98,--,3,4194,买盘
138,14:42:53,13.98,-0.01,458,640284,卖盘
139,14:42:38,13.99,--,0,0,中性盘
140,14:42:27,13.99,--,8,11192,卖盘
141,14:42:23,13.99,--,15,20985,买盘
142,14:42:18,13.99,--,70,97930,卖盘
143,14:42:12,13.99,--,20,27980,卖盘
144,14:41:57,13.99,-0.01,5,6995,卖盘
145,14:41:42,14.0,0.01,28,39200,买盘
146,14:41:37,13.99,--,1,1399,买盘
147,14:41:27,13.99,--,41,57359,买盘
148,14:41:22,13.99,--,15,20985,买盘
149,14:41:17,13.99,--,2,2798,买盘
150,14:41:12,13.99,--,2,2798,买盘
151,14:41:07,13.99,-0.01,205,286795,卖盘
152,14:40:48,14.0,0.01,2,2800,买盘
153,14:40:22,13.99,-0.01,20,27980,卖盘
154,14:40:02,14.0,0.01,10,14000,买盘
155,14:39:53,13.99,--,10,13990,卖盘
156,14:39:37,13.99,--,31,43369,卖盘
157,14:39:32,13.99,-0.01,30,41970,卖盘
158,14:39:21,14.0,--,57,79800,买盘
159,14:39:02,14.0,--,188,263270,卖盘
160,14:38:51,14.0,-0.01,1,1400,卖盘
161,14:38:42,14.01,--,50,70050,买盘
162,14:38:32,14.01,0.01,12,16812,买盘
163,14:38:27,14.0,-0.01,30,42000,卖盘
164,14:38:12,14.01,--,1,1401,买盘
165,14:38:06,14.01,--,23,32223,买盘
166,14:37:47,14.01,--,5,7005,买盘
167,14:37:42,14.01,--,1,1401,买盘
168,14:37:36,14.01,0.01,315,441315,买盘
169,14:37:31,14.0,-0.01,5,7000,卖盘
170,14:37:27,14.01,0.01,29,40629,买盘
171,14:37:21,14.0,--,8,11200,卖盘
172,14:37:12,14.0,-0.01,4,5600,卖盘
173,14:37:06,14.01,--,55,77055,买盘
174,14:37:02,14.01,0.01,100,140100,买盘
175,14:36:42,14.0,--,176,246400,卖盘
176,14:36:27,14.0,0.01,48,68530,买盘
177,14:36:21,13.99,-0.01,100,139900,卖盘
178,14:36:12,14.0,--,100,140000,买盘
179,14:36:06,14.0,--,50,70000,买盘
180,14:36:01,14.0,0.01,2,2800,买盘
181,14:35:51,13.99,-0.01,11,15389,卖盘
182,14:35:46,14.0,--,56,78400,买盘
183,14:35:42,14.0,--,3,4200,买盘
184,14:35:32,14.0,--,60,84000,买盘
185,14:35:21,14.0,--,66,92400,买盘
186,14:35:06,14.0,--,1,1400,买盘
187,14:35:01,14.0,0.01,1,1400,买盘
188,14:34:46,13.99,--,160,223840,卖盘
189,14:34:30,13.99,--,10,13990,卖盘
190,14:34:21,13.99,--,10,13990,卖盘
191,14:34:11,13.99,--,28,39172,买盘
192,14:33:51,13.99,-0.01,5,6995,买盘
193,14:33:36,14.0,0.01,30,42000,买盘
194,14:33:26,13.99,--,174,243426,卖盘
195,14:33:06,13.99,-0.01,10,13990,卖盘
196,14:32:45,14.0,--,1,1400,买盘
197,14:32:15,14.0,--,20,28000,买盘
198,14:32:06,14.0,0.01,150,210000,买盘
199,14:32:00,13.99,-0.01,1,1399,卖盘
200,14:31:56,14.0,--,22,30800,买盘
201,14:31:51,14.0,--,2,2800,买盘
202,14:31:36,14.0,0.01,36,50400,买盘
203,14:31:30,13.99,-0.01,13,18187,卖盘
204,14:31:15,14.0,0.01,20,28000,买盘
205,14:31:06,13.99,--,25,34975,卖盘
206,14:30:51,13.99,-0.01,85,118915,卖盘
207,14:30:45,14.0,--,9,12600,买盘
208,14:30:30,14.0,--,21,29400,卖盘
209,14:30:15,14.0,--,11,15400,卖盘
210,14:30:10,14.0,--,31,43400,卖盘
211,14:30:06,14.0,--,80,112000,卖盘
212,14:29:36,14.0,-0.01,11,15400,卖盘
213,14:29:21,14.01,0.01,12,16812,买盘
214,14:29:10,14.0,--,7,9800,买盘
215,14:29:00,14.0,--,17,23800,买盘
216,14:28:55,14.0,--,30,42000,买盘
217,14:28:51,14.0,--,1,1400,买盘
218,14:28:45,14.0,--,10,14000,买盘
219,14:28:41,14.0,--,1,1400,买盘
220,14:28:30,14.0,--,30,42000,买盘
221,14:28:25,14.0,--,10,14000,买盘
222,14:28:21,14.0,--,29,40600,买盘
223,14:28:15,14.0,--,57,79800,卖盘
224,14:28:11,14.0,--,20,28000,卖盘
225,14:27:56,14.0,--,118,165200,卖盘
226,14:27:51,14.0,-0.01,20,28000,卖盘
227,14:27:45,14.01,--,65,91065,买盘
228,14:27:40,14.01,0.01,4,5604,买盘
229,14:27:36,14.0,-0.01,4,5600,卖盘
230,14:27:30,14.01,0.01,5,7005,买盘
231,14:27:26,14.0,--,3,4200,卖盘
232,14:27:15,14.0,--,5,7000,卖盘
233,14:27:10,14.0,--,119,166600,买盘
234,14:27:00,14.0,0.01,1,1400,买盘
235,14:26:54,13.99,--,10,13990,卖盘
236,14:26:45,13.99,-0.01,130,181870,卖盘
237,14:26:39,14.0,--,2,2800,买盘
238,14:26:35,14.0,--,10,14000,买盘
239,14:26:30,14.0,0.01,21,29400,买盘
240,14:26:20,13.99,-0.01,36,50364,卖盘
241,14:26:09,14.0,--,150,210000,买盘
242,14:26:00,14.0,-0.01,63,88200,卖盘
243,14:25:54,14.01,0.01,34,47634,买盘
244,14:25:45,14.0,--,20,28000,卖盘
245,14:25:24,14.0,0.01,70,98000,买盘
246,14:25:15,13.99,--,31,43369,卖盘
247,14:25:09,13.99,-0.01,10,13990,卖盘
248,14:25:00,14.0,--,80,112000,买盘
249,14:24:54,14.0,--,28,39200,买盘
250,14:24:50,14.0,0.01,10,14000,买盘
251,14:24:45,13.99,0.01,3,4197,买盘
252,14:24:39,13.98,-0.02,5,6990,卖盘
253,14:24:35,14.0,--,8,11200,买盘
254,14:24:24,14.0,--,6,8400,买盘
255,14:24:00,14.0,0.02,5,7000,买盘
256,14:23:54,13.98,-0.02,1,1398,卖盘
257,14:23:39,14.0,0.02,16,22400,买盘
258,14:23:19,13.98,--,13,18174,卖盘
259,14:23:09,13.98,--,8,11184,卖盘
260,14:23:04,13.98,-0.01,8,11184,卖盘
261,14:22:54,13.99,--,50,69950,买盘
262,14:22:45,13.99,--,10,13990,买盘
263,14:22:38,13.99,--,5,6995,买盘
264,14:22:24,13.99,--,34,47566,买盘
265,14:22:00,13.99,--,1,1399,买盘
266,14:21:49,13.99,--,20,27980,买盘
267,14:21:45,13.99,--,50,69950,买盘
268,14:21:34,13.99,0.01,7,9793,买盘
269,14:21:30,13.98,-0.01,11,15378,卖盘
270,14:21:24,13.99,--,56,78344,买盘
271,14:21:19,13.99,--,10,13990,买盘
272,14:21:09,13.99,--,31,43369,卖盘
273,14:20:30,13.99,--,5,6995,卖盘
274,14:20:18,13.99,--,10,13990,卖盘
275,14:20:09,13.99,--,2,2798,买盘
276,14:20:03,13.99,--,10,13990,买盘
277,14:19:53,13.99,--,7,9793,买盘
278,14:19:23,13.99,0.01,5,6995,买盘
279,14:19:18,13.98,-0.01,13,18174,卖盘
280,14:19:09,13.99,--,1,1399,买盘
281,14:18:59,13.99,--,13,18187,买盘
282,14:18:54,13.99,--,2,2798,买盘
283,14:18:48,13.99,--,13,18187,买盘
284,14:18:23,13.99,--,40,55960,买盘
285,14:18:18,13.99,--,5,6995,买盘
286,14:17:59,13.99,--,100,139900,买盘
287,14:17:53,13.99,--,10,13990,买盘
288,14:17:44,13.99,--,10,13990,买盘
289,14:17:29,13.99,--,4,5596,买盘
290,14:17:24,13.99,0.01,60,83940,买盘
291,14:16:53,13.98,--,38,53124,买盘
292,14:16:48,13.98,--,39,54522,买盘
293,14:16:39,13.98,--,26,36348,买盘
294,14:16:29,13.98,--,6,8388,买盘
295,14:16:17,13.98,0.01,18,25164,买盘
296,14:16:09,13.97,-0.01,10,13970,卖盘
297,14:16:03,13.98,--,1,1398,买盘
298,14:15:54,13.98,0.02,30,41940,买盘
299,14:15:32,13.96,--,10,13960,卖盘
300,14:15:23,13.96,-0.02,5,6980,卖盘
301,14:15:13,13.98,--,1,1398,买盘
302,14:15:02,13.98,--,26,36348,买盘
303,14:14:53,13.98,--,8,11184,买盘
304,14:14:48,13.98,--,5,6990,买盘
305,14:14:43,13.98,0.02,1,1398,买盘
306,14:14:38,13.96,-0.02,14,19544,卖盘
307,14:14:28,13.98,--,36,50328,买盘
308,14:14:23,13.98,0.01,2,2796,买盘
309,14:14:17,13.97,-0.01,14,19558,卖盘
310,14:14:14,13.98,--,0,0,买盘
311,14:14:08,13.98,0.01,10,13980,买盘
312,14:13:59,13.97,-0.01,2,2794,卖盘
313,14:13:47,13.98,0.01,2,2796,买盘
314,14:13:33,13.97,--,1,1397,卖盘
315,14:13:26,13.97,--,20,27940,卖盘
316,14:13:03,13.97,--,14,19558,买盘
317,14:12:33,13.97,-0.01,2,2794,卖盘
318,14:12:18,13.98,--,0,0,买盘
319,14:12:11,13.98,0.01,30,41940,买盘
320,14:12:08,13.97,--,0,0,买盘
321,14:12:02,13.97,-0.01,1,1397,买盘
322,14:11:57,13.98,--,0,0,买盘
323,14:11:47,13.98,0.03,150,209700,买盘
324,14:11:32,13.95,--,15,20925,卖盘
325,14:11:26,13.95,0.01,164,228780,买盘
326,14:10:57,13.94,0.01,6,8364,卖盘
327,14:10:41,13.93,--,131,182483,卖盘
328,14:10:17,13.93,--,5,6965,卖盘
329,14:10:08,13.93,0.01,9,12537,买盘
330,14:10:03,13.92,--,11,15312,卖盘
331,14:09:48,13.92,-0.01,1,1392,卖盘
332,14:09:41,13.93,0.01,25,34825,买盘
333,14:09:38,13.92,-0.02,10,13920,卖盘
334,14:09:26,13.94,--,0,0,买盘
335,14:09:08,13.94,0.01,50,69700,买盘
336,14:09:03,13.93,-0.01,11,15323,卖盘
337,14:08:56,13.94,0.01,34,47396,买盘
338,14:08:47,13.93,--,17,23681,卖盘
339,14:08:37,13.93,-0.01,16,22288,卖盘
340,14:08:33,13.94,--,20,27880,买盘
341,14:08:23,13.94,--,30,41820,买盘
342,14:08:11,13.94,-0.01,1,1394,买盘
343,14:08:02,13.95,--,10,13950,买盘
344,14:07:56,13.95,0.02,20,27900,买盘
345,14:07:52,13.93,--,1,1393,卖盘
346,14:07:42,13.93,-0.02,13,18109,买盘
347,14:07:26,13.95,0.03,30,41850,买盘
348,14:07:17,13.92,--,152,211584,卖盘
349,14:07:11,13.92,-0.01,4,5568,卖盘
350,14:06:56,13.93,-0.01,47,65471,卖盘
351,14:06:50,13.94,--,1,1394,买盘
352,14:06:47,13.94,--,11,15334,卖盘
353,14:06:35,13.94,--,5,6970,卖盘
354,14:06:32,13.94,0.01,6,8364,买盘
355,14:06:26,13.93,-0.01,5,6965,卖盘
356,14:06:20,13.94,0.01,4,5576,买盘
357,14:06:17,13.93,-0.01,40,55720,卖盘
358,14:05:56,13.94,--,107,149158,卖盘
359,14:05:47,13.94,-0.01,5,6970,卖盘
360,14:05:26,13.95,-0.03,138,192510,卖盘
361,14:05:11,13.98,--,42,58716,卖盘
362,14:05:05,13.98,--,20,27960,卖盘
363,14:04:41,13.98,-0.01,18,25164,卖盘
364,14:04:35,13.99,0.01,58,81142,买盘
365,14:04:20,13.98,-0.01,4,5592,卖盘
366,14:04:17,13.99,-0.01,41,57359,卖盘
367,14:04:06,14.0,0.01,36,50400,买盘
368,14:03:47,13.99,--,1,1399,卖盘
369,14:03:20,13.99,--,49,68551,买盘
370,14:03:17,13.99,--,18,25182,买盘
371,14:03:11,13.99,--,38,53162,买盘
372,14:03:05,13.99,--,45,62955,买盘
373,14:03:02,13.99,--,59,82541,买盘
374,14:02:50,13.99,--,204,285396,买盘
375,14:02:47,13.99,--,54,75546,买盘
376,14:02:41,13.99,--,100,139900,买盘
377,14:02:26,13.99,0.01,5,6995,买盘
378,14:02:17,13.98,0.03,396,553608,买盘
379,14:01:56,13.95,--,20,27900,卖盘
380,14:01:50,13.95,--,0,0,卖盘
381,14:01:35,13.95,--,76,106020,买盘
382,14:01:32,13.95,-0.03,148,206460,卖盘
383,14:01:11,13.98,--,0,0,买盘
384,14:00:50,13.98,0.03,34,47532,买盘
385,14:00:41,13.95,-0.02,134,186930,卖盘
386,14:00:35,13.97,--,0,0,卖盘
387,14:00:26,13.97,0.01,61,85217,中性盘
388,14:00:05,13.96,-0.01,57,79572,卖盘
389,13:59:59,13.97,--,37,51689,买盘
390,13:59:56,13.97,--,60,83820,买盘
391,13:59:50,13.97,0.01,40,55880,买盘
392,13:59:20,13.96,--,11,15356,卖盘
393,13:59:14,13.96,-0.01,31,43276,卖盘
394,13:58:59,13.97,--,42,58674,买盘
395,13:58:44,13.97,0.01,10,13970,买盘
396,13:58:41,13.96,-0.01,77,107492,卖盘
397,13:58:20,13.97,-0.01,10,13970,中性盘
398,13:58:11,13.98,--,34,47532,买盘
399,13:58:05,13.98,--,12,16776,买盘
400,13:57:29,13.98,--,2,2796,买盘
401,13:57:26,13.98,--,15,20970,买盘
402,13:57:20,13.98,--,0,0,买盘
403,13:57:14,13.98,-0.01,248,346704,卖盘
404,13:56:59,13.99,--,2,2798,买盘
405,13:56:50,13.99,--,47,65753,买盘
406,13:56:41,13.99,--,6,8394,买盘
407,13:56:20,13.99,0.01,5,6995,买盘
408,13:56:05,13.98,--,72,100656,卖盘
409,13:55:50,13.98,--,457,638886,买盘
410,13:55:29,13.98,--,30,41940,买盘
411,13:55:11,13.98,--,5,6990,买盘
412,13:54:59,13.98,--,0,0,买盘
413,13:54:56,13.98,-0.01,13,18174,中性盘
414,13:54:44,13.99,--,12,16788,买盘
415,13:54:35,13.99,--,7,9793,买盘
416,13:54:20,13.99,--,0,0,买盘
417,13:54:14,13.99,--,5,6995,卖盘
418,13:54:05,13.99,--,10,13990,卖盘
419,13:53:59,13.99,--,54,75546,买盘
420,13:53:50,13.99,0.04,3,4197,买盘
421,13:53:29,13.95,-0.05,7,9765,卖盘
422,13:53:14,14.0,--,0,0,买盘
423,13:53:05,14.0,--,0,0,买盘
424,13:52:59,14.0,0.07,50,70000,买盘
425,13:52:50,13.93,-0.06,500,696500,卖盘
426,13:52:44,13.99,--,0,0,中性盘
427,13:52:38,13.99,-0.01,1,1399,买盘
428,13:52:35,14.0,--,0,0,买盘
429,13:52:29,14.0,--,54,75600,卖盘
430,13:51:59,14.0,--,50,70000,卖盘
431,13:51:50,14.0,--,0,0,卖盘
432,13:51:38,14.0,-0.02,300,420000,卖盘
433,13:51:29,14.02,--,20,28040,买盘
434,13:51:20,14.02,--,2,2804,买盘
435,13:50:53,14.02,--,67,93934,买盘
436,13:50:50,14.02,--,79,110758,卖盘
437,13:50:44,14.02,--,28,39256,买盘
438,13:50:35,14.02,--,67,93934,买盘
439,13:50:29,14.02,--,10,14020,买盘
440,13:50:23,14.02,-0.02,96,134592,卖盘
441,13:50:20,14.04,0.01,80,112320,买盘
442,13:50:14,14.03,--,3,4209,买盘
443,13:50:08,14.03,0.01,10,14030,买盘
444,13:50:05,14.02,-0.01,1,1402,卖盘
445,13:49:53,14.03,0.01,3,4209,中性盘
446,13:49:50,14.02,-0.02,10,14020,卖盘
447,13:49:44,14.04,0.01,100,140400,买盘
448,13:49:38,14.03,--,55,77165,买盘
449,13:49:35,14.03,--,2,2806,买盘
450,13:49:23,14.03,0.01,451,632753,买盘
451,13:49:19,14.02,-0.01,50,70100,卖盘
452,13:49:14,14.03,--,10,14030,买盘
453,13:49:08,14.03,--,12,16836,买盘
454,13:49:05,14.03,--,3,4209,买盘
455,13:48:59,14.03,--,11,15433,买盘
456,13:48:53,14.03,--,6,8418,买盘
457,13:48:49,14.03,--,1,1403,买盘
458,13:48:38,14.03,0.01,41,57523,买盘
459,13:48:29,14.02,--,10,14020,卖盘
460,13:48:20,14.02,-0.02,103,144406,卖盘
461,13:48:14,14.04,0.01,200,280800,买盘
462,13:48:08,14.03,--,30,42090,买盘
463,13:47:59,14.03,--,10,14030,买盘
464,13:47:53,14.03,-0.01,228,319884,卖盘
465,13:47:50,14.04,--,34,47736,买盘
466,13:47:38,14.04,--,42,58968,买盘
467,13:47:29,14.04,-0.01,101,141804,卖盘
468,13:47:23,14.05,0.01,231,324555,买盘
469,13:47:08,14.04,--,204,286416,买盘
470,13:47:05,14.04,--,10,14040,买盘
471,13:46:49,14.04,0.01,200,280800,买盘
472,13:46:44,14.03,--,5,7015,卖盘
473,13:46:34,14.03,--,10,14030,卖盘
474,13:46:29,14.03,0.01,170,238510,买盘
475,13:46:23,14.02,0.01,8,11216,买盘
476,13:46:14,14.01,-0.01,3,4203,卖盘
477,13:45:53,14.02,-0.01,228,319656,卖盘
478,13:45:38,14.03,--,60,84180,买盘
479,13:45:29,14.03,--,51,71553,卖盘
480,13:45:23,14.03,-0.01,10,14030,卖盘
481,13:45:14,14.04,--,74,103896,买盘
482,13:45:08,14.04,--,19,26676,买盘
483,13:44:59,14.04,--,7,9828,买盘
484,13:44:53,14.04,0.01,33,46332,买盘
485,13:44:47,14.03,--,50,70150,卖盘
486,13:44:44,14.03,-0.01,5,7015,卖盘
487,13:44:38,14.04,--,10,14040,买盘
488,13:44:32,14.04,-0.01,12,16848,中性盘
489,13:44:29,14.05,0.01,371,521255,买盘
490,13:44:17,14.04,--,173,242891,卖盘
491,13:44:14,14.04,--,30,42120,卖盘
492,13:44:08,14.04,--,78,109512,买盘
493,13:43:59,14.04,--,51,71604,卖盘
494,13:43:53,14.04,0.01,534,749736,买盘
495,13:43:47,14.03,-0.01,291,408273,卖盘
496,13:43:44,14.04,0.01,10,14040,买盘
497,13:43:38,14.03,-0.01,293,411079,卖盘
498,13:43:32,14.04,--,86,120743,买盘
499,13:43:29,14.04,--,175,245699,买盘
500,13:43:23,14.04,--,102,143208,买盘
501,13:43:17,14.04,0.02,619,869076,买盘
502,13:43:14,14.02,--,131,183662,买盘
503,13:43:08,14.02,0.01,45,63090,买盘
504,13:43:02,14.01,-0.01,89,124689,卖盘
505,13:42:53,14.02,0.01,745,1044490,买盘
506,13:42:47,14.01,0.01,8,11208,买盘
507,13:42:44,14.0,--,3,4200,卖盘
508,13:42:38,14.0,0.02,946,1324988,买盘
509,13:42:32,13.98,-0.01,46,64308,卖盘
510,13:42:29,13.99,--,113,158087,买盘
511,13:42:23,13.99,0.01,10,13990,买盘
512,13:42:17,13.98,--,4,5592,卖盘
513,13:42:14,13.98,--,2,2796,卖盘
514,13:42:08,13.98,0.01,774,1082052,买盘
515,13:42:02,13.97,-0.01,3,4191,中性盘
516,13:41:59,13.98,0.01,300,419400,买盘
517,13:41:53,13.97,0.01,60,83820,买盘
518,13:41:47,13.96,--,87,121452,买盘
519,13:41:38,13.96,0.01,38,53048,买盘
520,13:41:32,13.95,--,2,2790,买盘
521,13:41:17,13.95,--,4,5580,买盘
522,13:41:02,13.95,--,0,0,中性盘
523,13:40:38,13.95,0.01,10,13950,买盘
524,13:40:17,13.94,-0.01,10,13940,卖盘
525,13:40:08,13.95,--,15,20925,买盘
526,13:39:58,13.95,--,9,12555,买盘
527,13:39:47,13.95,--,10,13950,买盘
528,13:38:58,13.95,0.01,30,41850,买盘
529,13:38:38,13.94,--,71,98987,买盘
530,13:38:32,13.94,-0.01,21,29274,卖盘
531,13:38:17,13.95,--,0,0,买盘
532,13:38:13,13.95,0.02,16,22320,买盘
533,13:37:38,13.93,--,20,27860,买盘
534,13:37:32,13.93,--,1,1393,买盘
535,13:37:23,13.93,-0.01,41,57113,卖盘
536,13:37:08,13.94,--,6,8364,买盘
537,13:36:53,13.94,-0.01,17,24604,卖盘
538,13:36:47,13.95,--,1,1395,买盘
539,13:36:38,13.95,--,20,27900,买盘
540,13:36:08,13.95,0.01,9,12555,中性盘
541,13:36:02,13.94,-0.02,10,13940,卖盘
542,13:35:53,13.96,0.01,35,48860,买盘
543,13:35:41,13.95,--,31,43245,买盘
544,13:35:17,13.95,-0.01,76,106020,卖盘
545,13:35:11,13.96,--,6,8376,买盘
546,13:35:08,13.96,--,63,87948,买盘
547,13:34:26,13.96,--,3,4188,买盘
548,13:34:17,13.96,--,7,9772,买盘
549,13:34:02,13.96,--,2,2792,买盘
550,13:33:56,13.96,--,2,2792,买盘
551,13:33:47,13.96,--,57,79572,卖盘
552,13:33:37,13.96,--,9,12564,卖盘
553,13:33:31,13.96,-0.02,1,1396,卖盘
554,13:33:26,13.98,--,0,0,买盘
555,13:33:17,13.98,0.02,1,1398,买盘
556,13:33:07,13.96,-0.01,40,55840,卖盘
557,13:32:56,13.97,0.02,80,111760,买盘
558,13:32:52,13.95,-0.01,3,4185,卖盘
559,13:32:47,13.96,--,10,13960,卖盘
560,13:32:41,13.96,--,25,34900,买盘
561,13:32:32,13.96,0.01,5,6980,买盘
562,13:32:17,13.95,--,10,13950,卖盘
563,13:32:02,13.95,--,61,85095,买盘
564,13:31:56,13.95,--,10,13950,买盘
565,13:31:47,13.95,--,4,5580,买盘
566,13:31:41,13.95,--,2,2790,买盘
567,13:31:26,13.95,0.01,10,13950,买盘
568,13:31:11,13.94,0.01,17,24185,买盘
569,13:30:52,13.93,--,0,0,中性盘
570,13:30:41,13.93,--,9,12537,买盘
571,13:30:31,13.93,0.01,1,1393,买盘
572,13:30:10,13.92,--,17,23664,卖盘
573,13:30:06,13.92,--,255,354960,卖盘
574,13:30:02,13.92,-0.01,31,43152,卖盘
575,13:29:56,13.93,--,10,13930,买盘
576,13:29:41,13.93,--,1,1393,买盘
577,13:29:26,13.93,--,35,48755,卖盘
578,13:29:11,13.93,--,9,12537,卖盘
579,13:28:41,13.93,--,18,25074,卖盘
580,13:28:10,13.93,-0.01,10,13930,卖盘
581,13:27:56,13.94,--,55,76670,买盘
582,13:27:46,13.94,0.01,9,12546,买盘
583,13:27:35,13.93,--,3,4179,卖盘
584,13:27:31,13.93,-0.01,7,9751,卖盘
585,13:27:17,13.94,0.01,45,62730,买盘
586,13:27:11,13.93,-0.01,3,4179,卖盘
587,13:26:50,13.94,0.01,42,58548,买盘
588,13:26:35,13.93,--,10,13930,卖盘
589,13:26:25,13.93,-0.01,20,27860,卖盘
590,13:25:50,13.94,--,1,1394,买盘
591,13:25:46,13.94,--,27,37638,买盘
592,13:25:26,13.94,--,427,596144,卖盘
593,13:25:20,13.94,-0.01,1,1394,卖盘
594,13:25:10,13.95,0.01,4,5580,买盘
595,13:25:04,13.94,-0.01,161,224921,卖盘
596,13:25:01,13.95,0.01,2,2790,买盘
597,13:24:49,13.94,--,10,13940,卖盘
598,13:24:46,13.94,-0.02,22,30668,卖盘
599,13:24:41,13.96,--,20,27920,买盘
600,13:24:20,13.96,--,0,0,买盘
601,13:24:10,13.96,--,1,1396,买盘
602,13:24:05,13.96,--,36,50256,卖盘
603,13:24:01,13.96,-0.01,60,83760,卖盘
604,13:23:56,13.97,0.01,2,2794,买盘
605,13:23:50,13.96,--,50,69800,卖盘
606,13:23:46,13.96,--,20,27920,卖盘
607,13:23:16,13.96,--,10,13960,卖盘
608,13:23:10,13.96,0.03,89,124244,买盘
609,13:23:05,13.93,-0.03,8,11144,卖盘
610,13:22:56,13.96,--,27,37692,买盘
611,13:22:46,13.96,--,36,50256,卖盘
612,13:22:41,13.96,--,40,55840,卖盘
613,13:22:34,13.96,--,10,13960,卖盘
614,13:22:31,13.96,--,70,97720,卖盘
615,13:22:25,13.96,--,10,13960,卖盘
616,13:22:20,13.96,--,20,27920,中性盘
617,13:22:10,13.96,--,63,87948,卖盘
618,13:21:49,13.96,--,17,23732,卖盘
619,13:21:45,13.96,--,17,23732,卖盘
620,13:21:40,13.96,--,105,146580,买盘
621,13:21:34,13.96,--,10,13960,买盘
622,13:21:25,13.96,-0.01,18,25128,卖盘
623,13:21:20,13.97,0.01,16,22352,买盘
624,13:21:14,13.96,--,73,101908,卖盘
625,13:21:10,13.96,-0.01,75,104700,卖盘
626,13:21:04,13.97,0.01,189,264033,买盘
627,13:20:41,13.96,-0.01,78,108888,卖盘
628,13:20:26,13.97,--,55,76835,买盘
629,13:20:13,13.97,-0.01,79,110363,卖盘
630,13:20:10,13.98,0.01,10,13980,买盘
631,13:20:05,13.97,-0.01,14,19558,卖盘
632,13:19:58,13.98,0.01,117,163566,买盘
633,13:19:56,13.97,--,3,4191,卖盘
634,13:19:50,13.97,--,1,1397,卖盘
635,13:19:43,13.97,-0.01,25,34925,卖盘
636,13:19:28,13.98,0.01,5,6990,买盘
637,13:19:25,13.97,0.01,10,13970,卖盘
638,13:19:19,13.96,--,0,0,卖盘
639,13:19:05,13.96,-0.01,10,13960,卖盘
640,13:18:59,13.97,-0.02,3,4191,中性盘
641,13:18:55,13.99,0.01,130,181870,买盘
642,13:18:49,13.98,--,0,0,买盘
643,13:18:43,13.98,0.01,26,36348,买盘
644,13:18:40,13.97,-0.01,15,20955,卖盘
645,13:18:34,13.98,--,72,100656,买盘
646,13:18:29,13.98,--,10,13980,买盘
647,13:18:25,13.98,--,12,16776,买盘
648,13:18:20,13.98,--,1,1398,买盘
649,13:18:14,13.98,-0.01,117,163566,卖盘
650,13:18:10,13.99,0.01,22,30778,买盘
651,13:18:05,13.98,-0.01,496,693408,卖盘
652,13:17:58,13.99,0.01,96,134304,买盘
653,13:17:55,13.98,-0.01,10,13980,卖盘
654,13:17:50,13.99,0.01,90,125910,买盘
655,13:17:43,13.98,--,30,41940,卖盘
656,13:17:34,13.98,--,6,8388,卖盘
657,13:17:29,13.98,--,153,213894,买盘
658,13:17:19,13.98,0.01,29,40542,买盘
659,13:17:13,13.97,-0.01,60,83820,卖盘
660,13:17:10,13.98,--,35,48930,买盘
661,13:16:59,13.98,--,21,29358,买盘
662,13:16:55,13.98,--,1,1398,买盘
663,13:16:49,13.98,0.02,17,23766,买盘
664,13:16:44,13.96,--,0,0,卖盘
665,13:16:40,13.96,--,10,13960,卖盘
666,13:16:34,13.96,-0.01,294,410424,卖盘
667,13:16:28,13.97,--,15,20955,买盘
668,13:16:25,13.97,--,55,76835,买盘
669,13:16:20,13.97,0.01,8,11176,买盘
670,13:16:04,13.96,--,69,96324,买盘
671,13:15:58,13.96,--,0,0,买盘
672,13:15:55,13.96,--,10,13960,买盘
673,13:15:50,13.96,--,124,173104,卖盘
674,13:15:43,13.96,--,110,153560,卖盘
675,13:15:34,13.96,0.02,73,101908,买盘
676,13:15:29,13.94,--,2,2788,买盘
677,13:15:20,13.94,-0.01,204,284376,卖盘
678,13:15:14,13.95,--,2,2790,买盘
679,13:15:10,13.95,--,0,0,买盘
680,13:14:58,13.95,0.02,8,11160,买盘
681,13:14:55,13.93,--,0,0,卖盘
682,13:14:44,13.93,-0.02,50,69650,卖盘
683,13:14:39,13.95,0.01,80,111600,买盘
684,13:14:34,13.94,0.01,27,37638,买盘
685,13:14:25,13.93,-0.01,10,13930,卖盘
686,13:14:19,13.94,0.01,12,16728,买盘
687,13:14:13,13.93,--,24,33432,卖盘
688,13:14:04,13.93,--,2,4025,买盘
689,13:13:58,13.93,0.02,26,36218,买盘
690,13:13:55,13.91,-0.02,1,1391,卖盘
691,13:13:49,13.93,--,2,2786,买盘
692,13:13:43,13.93,0.01,54,75222,买盘
693,13:13:37,13.92,-0.01,12,16704,卖盘
694,13:13:34,13.93,--,21,29253,买盘
695,13:13:29,13.93,--,29,40397,买盘
696,13:13:14,13.93,0.02,104,144872,买盘
697,13:13:07,13.91,-0.01,6,8346,卖盘
698,13:13:04,13.92,0.01,22,30624,买盘
699,13:12:52,13.91,--,0,0,中性盘
700,13:12:49,13.91,--,10,13910,买盘
701,13:12:44,13.91,0.01,30,41730,买盘
702,13:12:13,13.9,--,10,13900,买盘
703,13:11:59,13.9,0.01,36,50040,买盘
704,13:11:52,13.89,--,15,20835,买盘
705,13:11:37,13.89,0.01,1,1389,买盘
706,13:11:28,13.88,0.01,40,55520,买盘
707,13:11:13,13.87,--,10,13870,卖盘
708,13:11:07,13.87,--,77,106799,买盘
709,13:11:04,13.87,--,10,13870,买盘
710,13:10:52,13.87,--,10,13870,买盘
711,13:10:37,13.87,-0.01,8,11096,卖盘
712,13:10:28,13.88,--,25,34700,买盘
713,13:10:07,13.88,--,52,72176,买盘
714,13:10:03,13.88,--,16,22208,买盘
715,13:09:44,13.88,0.01,5,6940,买盘
716,13:09:28,13.87,--,25,34675,买盘
717,13:09:22,13.87,0.01,257,356459,买盘
718,13:09:18,13.86,--,11,15246,买盘
719,13:08:58,13.86,--,4,5544,买盘
720,13:08:52,13.86,--,159,220374,买盘
721,13:08:43,13.86,--,5,6930,买盘
722,13:08:38,13.86,0.01,4,5544,买盘
723,13:07:59,13.85,--,24,33240,买盘
724,13:07:52,13.85,--,51,70635,买盘
725,13:07:49,13.85,0.01,3,4155,买盘
726,13:07:43,13.84,-0.01,3,4152,卖盘
727,13:07:37,13.85,--,5,6925,买盘
728,13:07:33,13.85,--,5,6925,买盘
729,13:07:28,13.85,--,7,9695,买盘
730,13:07:19,13.85,--,500,692500,买盘
731,13:06:52,13.85,--,2,2770,买盘
732,13:06:49,13.85,--,50,69250,买盘
733,13:06:34,13.85,--,7,9695,买盘
734,13:06:28,13.85,0.01,83,114955,买盘
735,13:06:22,13.84,--,8,11072,卖盘
736,13:06:19,13.84,-0.01,3,4152,卖盘
737,13:06:13,13.85,0.01,21,29085,买盘
738,13:06:07,13.84,--,12,16608,买盘
739,13:05:58,13.84,--,67,92728,卖盘
740,13:05:53,13.84,-0.01,7,9688,卖盘
741,13:05:43,13.85,0.01,7,9695,买盘
742,13:05:38,13.84,-0.01,15,20760,卖盘
743,13:05:28,13.85,0.01,12,16620,买盘
744,13:05:22,13.84,--,1,1384,卖盘
745,13:05:07,13.84,-0.01,33,45672,中性盘
746,13:05:02,13.85,0.01,96,132960,买盘
747,13:04:58,13.84,--,89,123176,卖盘
748,13:04:47,13.84,--,139,192376,买盘
749,13:04:43,13.84,--,6,8304,买盘
750,13:04:31,13.84,--,1,1384,买盘
751,13:04:16,13.84,--,9,12456,买盘
752,13:04:13,13.84,0.02,2,2768,买盘
753,13:03:46,13.82,--,23,31786,买盘
754,13:03:22,13.82,--,7,9674,买盘
755,13:03:07,13.82,--,37,51134,卖盘
756,13:02:58,13.82,--,4,5528,卖盘
757,13:02:46,13.82,0.01,9,12438,买盘
758,13:02:22,13.81,-0.01,28,38668,卖盘
759,13:02:16,13.82,0.01,2,2764,买盘
760,13:02:07,13.81,-0.01,12,16572,卖盘
761,13:01:31,13.82,-0.02,42,58044,卖盘
762,13:01:16,13.84,--,0,0,买盘
763,13:01:08,13.84,-0.01,4,5536,买盘
764,13:01:01,13.85,--,0,0,买盘
765,13:00:37,13.85,--,10,13850,买盘
766,13:00:32,13.85,--,0,0,买盘
767,13:00:16,13.85,--,1,1385,买盘
768,13:00:13,13.85,0.02,53,73405,买盘
769,13:00:08,13.83,--,250,345750,卖盘
770,13:00:02,13.83,--,10,13830,卖盘
771,11:30:00,13.83,--,0,0,卖盘
772,11:29:59,13.83,-0.02,35,48405,中性盘
773,11:29:56,13.85,--,233,322705,买盘
774,11:29:47,13.85,0.01,51,70635,买盘
775,11:29:41,13.84,-0.01,5,6920,卖盘
776,11:29:38,13.85,0.01,5,6925,买盘
777,11:29:32,13.84,-0.01,15,20760,卖盘
778,11:29:26,13.85,0.02,86,119110,买盘
779,11:29:11,13.83,0.02,20,27660,买盘
780,11:28:56,13.81,-0.02,35,48335,卖盘
781,11:28:53,13.83,0.03,200,276600,买盘
782,11:28:47,13.8,--,0,0,卖盘
783,11:28:38,13.8,-0.05,44,60720,卖盘
784,11:28:32,13.85,0.05,360,498600,买盘
785,11:28:23,13.8,-0.01,78,107640,卖盘
786,11:28:17,13.81,-0.03,2,2762,买盘
787,11:28:11,13.84,0.04,524,725216,买盘
788,11:27:56,13.8,--,0,0,卖盘
789,11:27:41,13.8,--,19,26220,卖盘
790,11:27:32,13.8,-0.01,120,165600,卖盘
791,11:27:26,13.81,--,27,37287,买盘
792,11:27:17,13.81,0.01,50,69050,买盘
793,11:27:11,13.8,-0.01,20,27600,卖盘
794,11:27:02,13.81,--,30,41430,买盘
795,11:26:53,13.81,0.01,20,27620,买盘
796,11:26:41,13.8,-0.01,4,5520,卖盘
797,11:26:17,13.81,0.01,19,26239,买盘
798,11:25:56,13.8,--,65,89700,买盘
799,11:25:47,13.8,0.01,25,34500,买盘
800,11:25:17,13.79,--,19,26201,买盘
801,11:25:11,13.79,--,1,1379,买盘
802,11:25:08,13.79,--,3,4137,买盘
803,11:24:56,13.79,--,52,71708,买盘
804,11:24:41,13.79,--,50,68950,买盘
805,11:24:37,13.79,0.01,2,2758,买盘
806,11:24:32,13.78,--,10,13780,卖盘
807,11:24:26,13.78,0.01,80,110240,买盘
808,11:24:23,13.77,-0.01,50,68850,卖盘
809,11:24:17,13.78,0.01,64,88192,买盘
810,11:24:11,13.77,-0.01,40,55080,卖盘
811,11:23:47,13.78,--,0,0,买盘
812,11:23:41,13.78,--,21,28938,买盘
813,11:23:35,13.78,--,2,2756,买盘
814,11:23:32,13.78,--,16,22048,买盘
815,11:23:26,13.78,--,48,66144,买盘
816,11:23:20,13.78,--,10,13780,买盘
817,11:23:17,13.78,--,6,8268,卖盘
818,11:23:11,13.78,--,14,19292,卖盘
819,11:22:56,13.78,-0.01,10,13780,卖盘
820,11:22:50,13.79,-0.01,33,45507,卖盘
821,11:22:26,13.8,-0.02,12,16560,卖盘
822,11:22:17,13.82,--,4,5528,买盘
823,11:22:11,13.82,--,30,41460,卖盘
824,11:22:05,13.82,-0.01,1,1382,卖盘
825,11:21:50,13.83,0.01,10,13830,买盘
826,11:21:47,13.82,--,10,13820,卖盘
827,11:21:41,13.82,--,62,85684,卖盘
828,11:21:35,13.82,--,15,20730,卖盘
829,11:21:32,13.82,--,65,89830,卖盘
830,11:21:26,13.82,0.01,74,102268,买盘
831,11:21:20,13.81,--,5,6905,卖盘
832,11:21:05,13.81,-0.01,46,63526,中性盘
833,11:21:02,13.82,0.01,300,414600,买盘
834,11:20:56,13.81,0.01,3,4143,买盘
835,11:20:50,13.8,-0.01,2,2760,卖盘
836,11:20:46,13.81,--,0,0,买盘
837,11:20:41,13.81,0.01,20,27620,买盘
838,11:20:35,13.8,--,46,63480,卖盘
839,11:20:26,13.8,0.01,63,86940,买盘
840,11:20:20,13.79,-0.01,35,48265,卖盘
841,11:19:50,13.8,0.01,207,285660,买盘
842,11:19:41,13.79,--,19,26201,买盘
843,11:19:26,13.79,--,18,24822,买盘
844,11:19:20,13.79,0.01,351,484028,买盘
845,11:19:11,13.78,--,17,23426,卖盘
846,11:19:05,13.78,--,49,67522,买盘
847,11:18:56,13.78,--,69,95082,买盘
848,11:18:50,13.78,--,186,256308,买盘
849,11:18:47,13.78,0.02,55,75790,买盘
850,11:18:35,13.76,-0.02,55,75680,卖盘
851,11:18:32,13.78,--,60,82680,买盘
852,11:18:26,13.78,0.02,1,1378,买盘
853,11:18:20,13.76,-0.02,65,89440,卖盘
854,11:18:02,13.78,0.02,45,62326,买盘
855,11:17:56,13.76,--,60,82560,买盘
856,11:17:50,13.76,--,21,28896,买盘
857,11:17:41,13.76,--,15,20640,买盘
858,11:17:35,13.76,-0.01,26,36835,卖盘
859,11:17:31,13.77,-0.01,25,34425,卖盘
860,11:17:26,13.78,0.01,97,133666,买盘
861,11:17:20,13.77,--,3,4131,卖盘
862,11:17:16,13.77,--,24,33048,卖盘
863,11:17:11,13.77,0.01,301,414793,买盘
864,11:17:05,13.76,-0.02,13,17888,买盘
865,11:17:01,13.78,--,0,0,买盘
866,11:16:56,13.78,0.02,125,172250,买盘
867,11:16:50,13.76,-0.01,113,155488,卖盘
868,11:16:41,13.77,--,50,68850,买盘
869,11:16:35,13.77,-0.01,108,149404,卖盘
870,11:16:26,13.78,0.01,109,150202,买盘
871,11:16:20,13.77,--,70,97078,卖盘
872,11:16:14,13.77,--,5,6885,卖盘
873,11:16:11,13.77,--,5,6885,卖盘
874,11:16:05,13.77,--,37,50949,卖盘
875,11:15:56,13.77,-0.01,4,5508,卖盘
876,11:15:50,13.78,--,196,270088,卖盘
877,11:15:44,13.78,--,4,5512,卖盘
878,11:15:41,13.78,--,10,13780,卖盘
879,11:15:35,13.78,--,35,48230,卖盘
880,11:15:29,13.78,--,2,2756,卖盘
881,11:15:26,13.78,-0.01,11,15158,卖盘
882,11:15:11,13.79,--,138,190302,卖盘
883,11:15:05,13.79,-0.01,20,27580,卖盘
884,11:14:56,13.8,--,239,329820,卖盘
885,11:14:44,13.8,--,67,92460,卖盘
886,11:14:35,13.8,-0.01,27,37260,卖盘
887,11:14:29,13.81,0.01,10,13810,买盘
888,11:14:20,13.8,--,35,48300,卖盘
889,11:14:14,13.8,--,40,55200,卖盘
890,11:14:11,13.8,--,9,12420,卖盘
891,11:13:59,13.8,-0.01,20,27600,卖盘
892,11:13:50,13.81,--,78,107718,卖盘
893,11:13:44,13.81,--,6,8286,卖盘
894,11:13:35,13.81,--,11,15191,卖盘
895,11:13:29,13.81,-0.01,50,69050,卖盘
896,11:13:20,13.82,0.01,2,2764,买盘
897,11:13:11,13.81,--,11,15191,卖盘
898,11:13:05,13.81,-0.01,62,86091,卖盘
899,11:12:50,13.82,0.01,24,34080,买盘
900,11:12:44,13.81,--,3,4143,卖盘
901,11:12:40,13.81,--,10,13810,卖盘
902,11:12:35,13.81,--,21,29001,卖盘
903,11:12:29,13.81,--,11,15191,卖盘
904,11:12:25,13.81,-0.01,10,13810,卖盘
905,11:12:20,13.82,-0.01,115,159413,卖盘
906,11:12:14,13.83,0.01,6,8298,买盘
907,11:12:10,13.82,--,10,13820,卖盘
908,11:11:55,13.82,--,7,10019,卖盘
909,11:11:29,13.82,--,20,27640,卖盘
910,11:10:59,13.82,-0.01,11,15202,卖盘
911,11:10:50,13.83,0.01,4,5532,买盘
912,11:10:44,13.82,-0.01,2,2764,卖盘
913,11:10:40,13.83,--,15,20745,买盘
914,11:10:20,13.83,--,9,12447,买盘
915,11:09:59,13.83,0.01,9,12447,买盘
916,11:09:35,13.82,-0.01,5,6910,卖盘
917,11:09:05,13.83,--,1,1383,买盘
918,11:08:59,13.83,--,3,4149,买盘
919,11:08:50,13.83,0.01,5,6915,买盘
920,11:08:35,13.82,--,10,13820,卖盘
921,11:08:29,13.82,--,14,19900,买盘
922,11:08:23,13.82,--,11,16031,卖盘
923,11:08:08,13.82,--,12,16584,卖盘
924,11:07:50,13.82,--,9,12438,卖盘
925,11:07:35,13.82,--,63,87618,买盘
926,11:07:29,13.82,--,32,44224,买盘
927,11:07:20,13.82,0.01,1,1382,买盘
928,11:07:14,13.81,--,16,22096,卖盘
929,11:06:59,13.81,-0.01,10,13810,卖盘
930,11:06:44,13.82,0.01,1,1382,买盘
931,11:06:20,13.81,--,1,1381,卖盘
932,11:06:14,13.81,--,8,11048,卖盘
933,11:06:08,13.81,-0.01,59,81479,卖盘
934,11:06:04,13.82,--,6,8292,买盘
935,11:05:44,13.82,0.01,10,13820,买盘
936,11:05:38,13.81,-0.01,172,238360,卖盘
937,11:05:23,13.82,--,15,20730,卖盘
938,11:05:19,13.82,--,10,13820,卖盘
939,11:05:14,13.82,--,100,138200,卖盘
940,11:05:08,13.82,--,18,24876,卖盘
941,11:04:59,13.82,-0.01,4,5528,卖盘
942,11:04:53,13.83,--,10,13830,买盘
943,11:04:44,13.83,--,5,6915,买盘
944,11:04:38,13.83,--,100,138300,卖盘
945,11:04:29,13.83,--,14,19362,卖盘
946,11:04:08,13.83,-0.01,31,42873,卖盘
947,11:03:53,13.84,0.01,1,1384,买盘
948,11:03:44,13.83,--,16,22128,卖盘
949,11:03:38,13.83,-0.01,1,1383,卖盘
950,11:02:38,13.84,0.01,9,12456,买盘
951,11:02:23,13.83,--,9,12447,卖盘
952,11:02:08,13.83,--,11,15213,卖盘
953,11:01:38,13.83,--,5,6915,卖盘
954,11:01:02,13.83,-0.01,100,138300,卖盘
955,11:00:59,13.84,--,21,29064,买盘
956,11:00:38,13.84,--,13,17992,卖盘
957,11:00:08,13.84,--,26,35984,买盘
958,10:59:53,13.84,--,0,0,买盘
959,10:59:47,13.84,0.01,25,34600,买盘
960,10:59:29,13.83,0.01,10,13830,买盘
961,10:59:14,13.82,-0.01,20,27640,卖盘
962,10:58:53,13.83,--,186,257238,买盘
963,10:58:02,13.83,-0.01,94,130002,卖盘
964,10:57:23,13.84,--,70,96880,卖盘
965,10:56:53,13.84,-0.01,6,8304,卖盘
966,10:56:47,13.85,0.01,5,6925,买盘
967,10:56:43,13.84,-0.01,20,27680,卖盘
968,10:56:38,13.85,--,7,9695,买盘
969,10:56:08,13.85,0.01,9,12465,买盘
970,10:55:58,13.84,--,2,2768,卖盘
971,10:55:32,13.84,--,44,60896,买盘
972,10:55:23,13.84,--,1,1384,买盘
973,10:55:13,13.84,0.01,1,1384,买盘
974,10:54:47,13.83,--,10,13830,卖盘
975,10:54:43,13.83,-0.01,22,30426,买盘
976,10:54:38,13.84,0.02,25,34600,买盘
977,10:54:23,13.82,--,7,9674,卖盘
978,10:54:16,13.82,--,29,40630,买盘
979,10:54:13,13.82,--,120,165840,买盘
980,10:54:08,13.82,--,3,4146,买盘
981,10:54:02,13.82,--,10,13820,买盘
982,10:53:53,13.82,--,22,31233,卖盘
983,10:53:43,13.82,--,27,37866,买盘
984,10:53:38,13.82,--,3,4146,买盘
985,10:53:28,13.82,--,20,27640,买盘
986,10:53:23,13.82,0.01,7,9674,买盘
987,10:53:11,13.81,-0.01,17,23477,卖盘
988,10:52:53,13.82,--,158,219185,卖盘
989,10:52:41,13.82,--,1,1382,卖盘
990,10:52:23,13.82,--,3,5389,卖盘
991,10:51:17,13.82,-0.02,20,27640,卖盘
992,10:50:47,13.84,--,0,692,卖盘
993,10:50:41,13.84,--,67,92728,卖盘
994,10:50:32,13.84,0.01,137,189608,买盘
995,10:50:26,13.83,--,12,16596,买盘
996,10:50:16,13.83,--,17,23511,卖盘
997,10:50:11,13.83,--,5,6915,卖盘
998,10:50:02,13.83,--,58,80214,卖盘
999,10:49:56,13.83,--,20,27660,卖盘
1000,10:49:47,13.83,-0.01,5,6915,卖盘
1001,10:49:26,13.84,-0.01,16,22144,卖盘
1002,10:49:17,13.85,--,40,55400,买盘
1003,10:48:47,13.85,--,1,1385,买盘
1004,10:48:41,13.85,--,40,55400,卖盘
1005,10:48:37,13.85,-0.01,50,69250,卖盘
1006,10:48:25,13.86,--,55,76230,买盘
1007,10:48:11,13.86,--,1,1386,买盘
1008,10:47:52,13.86,--,2,2772,买盘
1009,10:47:37,13.86,0.01,88,121968,买盘
1010,10:47:31,13.85,-0.01,102,141270,卖盘
1011,10:47:26,13.86,--,6,8316,买盘
1012,10:47:22,13.86,--,6,8316,买盘
1013,10:46:56,13.86,--,6,8316,买盘
1014,10:46:46,13.86,0.01,5,6930,买盘
1015,10:46:32,13.85,--,17,23545,买盘
1016,10:46:01,13.85,0.01,65,90025,买盘
1017,10:45:52,13.84,-0.01,1,1384,卖盘
1018,10:45:17,13.85,0.01,3,4155,买盘
1019,10:45:11,13.84,0.01,273,377832,买盘
1020,10:45:07,13.83,--,3,4149,买盘
1021,10:44:55,13.83,0.01,12,16596,买盘
1022,10:44:52,13.82,-0.01,30,41460,卖盘
1023,10:44:46,13.83,0.01,20,27660,买盘
1024,10:44:40,13.82,--,2,2764,卖盘
1025,10:44:34,13.82,--,11,15202,卖盘
1026,10:44:31,13.82,-0.01,17,23494,卖盘
1027,10:44:26,13.83,--,20,27660,买盘
1028,10:44:02,13.83,0.01,100,138300,买盘
1029,10:43:50,13.82,-0.01,5,6910,中性盘
1030,10:43:40,13.83,0.02,1,1383,买盘
1031,10:43:25,13.81,-0.01,6,8286,卖盘
1032,10:43:19,13.82,--,4,5528,买盘
1033,10:43:17,13.82,--,12,16584,买盘
1034,10:43:10,13.82,--,2,2764,买盘
1035,10:43:01,13.82,0.01,12,16584,卖盘
1036,10:42:55,13.81,-0.01,66,91146,卖盘
1037,10:42:46,13.82,0.01,43,59426,买盘
1038,10:42:31,13.81,--,70,96670,卖盘
1039,10:42:25,13.81,--,2,2762,卖盘
1040,10:42:19,13.81,--,54,74574,卖盘
1041,10:42:10,13.81,--,46,63526,买盘
1042,10:41:55,13.81,--,28,38668,卖盘
1043,10:41:41,13.81,--,6,8286,卖盘
1044,10:41:25,13.81,--,101,139481,买盘
1045,10:41:16,13.81,0.01,34,46954,买盘
1046,10:41:10,13.8,--,80,110400,卖盘
1047,10:41:04,13.8,-0.01,13,17940,卖盘
1048,10:40:56,13.81,0.01,25,34525,买盘
1049,10:40:49,13.8,--,111,153180,卖盘
1050,10:40:41,13.8,--,6,8280,卖盘
1051,10:40:26,13.8,--,40,55200,卖盘
1052,10:40:10,13.8,--,20,27600,卖盘
1053,10:40:04,13.8,0.01,159,219420,买盘
1054,10:40:01,13.79,-0.01,22,30337,卖盘
1055,10:39:55,13.8,--,5,6900,买盘
1056,10:39:50,13.8,--,20,27600,买盘
1057,10:39:40,13.8,--,23,31740,卖盘
1058,10:39:34,13.8,--,95,131100,卖盘
1059,10:39:25,13.8,--,30,41400,卖盘
1060,10:39:20,13.8,--,40,55200,卖盘
1061,10:39:16,13.8,--,71,97980,卖盘
1062,10:39:10,13.8,--,0,0,卖盘
1063,10:39:04,13.8,--,50,69000,卖盘
1064,10:39:01,13.8,--,16,22080,卖盘
1065,10:38:50,13.8,--,0,0,卖盘
1066,10:38:46,13.8,-0.02,810,1117800,卖盘
1067,10:38:34,13.82,-0.01,25,34550,卖盘
1068,10:38:16,13.83,--,34,47022,卖盘
1069,10:38:10,13.83,--,3,4149,买盘
1070,10:38:01,13.83,--,93,128619,买盘
1071,10:37:49,13.83,0.01,4,5532,买盘
1072,10:37:41,13.82,--,10,13820,卖盘
1073,10:37:35,13.82,--,2,2764,卖盘
1074,10:37:31,13.82,--,1,1382,卖盘
1075,10:37:25,13.82,0.01,43,59426,买盘
1076,10:37:16,13.81,-0.01,100,138100,卖盘
1077,10:37:10,13.82,0.01,12,16584,买盘
1078,10:37:01,13.81,--,79,109099,卖盘
1079,10:36:49,13.81,--,155,214055,买盘
1080,10:36:41,13.81,--,17,23477,买盘
1081,10:36:34,13.81,0.01,3,4143,买盘
1082,10:36:31,13.8,--,4,5520,卖盘
1083,10:36:25,13.8,--,4,5520,卖盘
1084,10:36:19,13.8,--,37,51060,卖盘
1085,10:36:16,13.8,-0.01,5,6900,卖盘
1086,10:36:10,13.81,0.01,621,857601,买盘
1087,10:36:04,13.8,-0.01,62,85560,卖盘
1088,10:35:55,13.81,-0.01,156,215436,卖盘
1089,10:35:49,13.82,--,1,1382,卖盘
1090,10:35:41,13.82,--,14,19348,卖盘
1091,10:35:34,13.82,-0.01,185,255670,卖盘
1092,10:35:25,13.83,0.03,22,30426,买盘
1093,10:35:19,13.8,-0.02,632,872160,卖盘
1094,10:35:14,13.82,--,20,27640,买盘
1095,10:35:10,13.82,0.01,50,69100,买盘
1096,10:35:04,13.81,-0.01,140,193340,卖盘
1097,10:34:58,13.82,--,60,82920,卖盘
1098,10:34:50,13.82,--,40,55280,卖盘
1099,10:34:40,13.82,--,15,20730,卖盘
1100,10:34:35,13.82,--,95,131290,卖盘
1101,10:34:28,13.82,--,32,44224,卖盘
1102,10:34:25,13.82,--,29,40078,卖盘
1103,10:34:19,13.82,--,5,6910,卖盘
1104,10:34:05,13.82,-0.01,117,161694,卖盘
1105,10:33:58,13.83,--,10,13830,卖盘
1106,10:33:44,13.83,--,10,13830,卖盘
1107,10:33:35,13.83,--,10,13830,卖盘
1108,10:33:29,13.83,-0.01,100,138300,卖盘
1109,10:33:25,13.84,0.01,10,13840,卖盘
1110,10:33:19,13.83,--,0,0,卖盘
1111,10:33:13,13.83,-0.02,100,138300,卖盘
1112,10:33:04,13.85,0.01,53,73405,买盘
1113,10:32:58,13.84,--,2,2768,卖盘
1114,10:32:40,13.84,-0.01,30,41520,卖盘
1115,10:32:35,13.85,--,7,9695,买盘
1116,10:32:28,13.85,--,10,13850,卖盘
1117,10:32:20,13.85,-0.01,10,13850,卖盘
1118,10:32:04,13.86,0.02,1,1386,买盘
1119,10:31:58,13.84,--,50,69200,卖盘
1120,10:31:44,13.84,-0.02,14,19376,卖盘
1121,10:31:35,13.86,0.02,1,1386,买盘
1122,10:31:24,13.84,-0.02,5,6920,卖盘
1123,10:31:19,13.86,0.01,62,85932,买盘
1124,10:31:13,13.85,0.01,10,13850,买盘
1125,10:31:10,13.84,--,7,9688,卖盘
1126,10:30:59,13.84,--,32,44288,买盘
1127,10:30:43,13.84,-0.01,30,41520,卖盘
1128,10:30:35,13.85,0.01,13,18005,买盘
1129,10:30:20,13.84,--,5,6920,卖盘
1130,10:30:14,13.84,--,27,37368,买盘
1131,10:30:10,13.84,0.01,67,92728,买盘
1132,10:30:05,13.83,-0.01,5,6915,卖盘
1133,10:29:58,13.84,--,2,2768,买盘
1134,10:29:55,13.84,0.01,5,6920,买盘
1135,10:29:43,13.83,--,8,11064,卖盘
1136,10:29:34,13.83,-0.01,21,29043,卖盘
1137,10:29:24,13.84,--,2,2768,买盘
1138,10:29:14,13.84,--,125,173000,买盘
1139,10:29:04,13.84,-0.01,63,87192,卖盘
1140,10:28:54,13.85,0.01,10,13850,买盘
1141,10:28:50,13.84,0.01,2,2768,卖盘
1142,10:28:43,13.83,--,0,0,卖盘
1143,10:28:34,13.83,-0.01,12,16596,卖盘
1144,10:28:28,13.84,-0.01,30,41520,买盘
1145,10:28:19,13.85,--,21,29085,卖盘
1146,10:28:13,13.85,--,10,13850,卖盘
1147,10:28:04,13.85,0.01,40,55400,买盘
1148,10:27:58,13.84,-0.01,101,139784,卖盘
1149,10:27:43,13.85,0.01,1,1385,买盘
1150,10:27:37,13.84,--,1,1384,卖盘
1151,10:27:22,13.84,-0.01,26,35984,卖盘
1152,10:27:13,13.85,--,10,13850,卖盘
1153,10:27:07,13.85,-0.01,2,2770,卖盘
1154,10:26:58,13.86,0.01,89,123354,买盘
1155,10:26:49,13.85,--,5,6925,卖盘
1156,10:26:43,13.85,--,15,20775,卖盘
1157,10:26:38,13.85,--,18,24930,卖盘
1158,10:26:34,13.85,--,152,210520,卖盘
1159,10:26:13,13.85,--,6,8310,卖盘
1160,10:26:04,13.85,-0.01,41,56785,卖盘
1161,10:25:49,13.86,--,5,6930,买盘
1162,10:25:43,13.86,--,1,1386,买盘
1163,10:25:34,13.86,0.01,10,13860,买盘
1164,10:25:28,13.85,--,62,85870,卖盘
1165,10:25:22,13.85,--,131,181435,买盘
1166,10:25:19,13.85,-0.01,120,166200,卖盘
1167,10:25:08,13.86,-0.02,24,33264,卖盘
1168,10:24:08,13.88,--,0,0,买盘
1169,10:23:52,13.88,0.03,100,138800,买盘
1170,10:23:49,13.85,-0.01,5,6925,卖盘
1171,10:23:43,13.86,-0.03,115,159390,卖盘
1172,10:23:37,13.89,0.01,1,1389,买盘
1173,10:23:33,13.88,--,10,13880,卖盘
1174,10:23:22,13.88,-0.01,7,9716,卖盘
1175,10:23:13,13.89,--,55,76395,买盘
1176,10:23:07,13.89,--,33,45837,买盘
1177,10:22:58,13.89,0.03,59,81951,买盘
1178,10:22:48,13.86,-0.02,63,87318,卖盘
1179,10:22:43,13.88,-0.01,2,2776,买盘
1180,10:22:38,13.89,0.01,7,9723,买盘
1181,10:22:34,13.88,--,2,2776,卖盘
1182,10:22:28,13.88,--,6,8328,卖盘
1183,10:22:23,13.88,--,5,6940,卖盘
1184,10:22:07,13.88,--,100,138800,卖盘
1185,10:21:49,13.88,--,5,6940,卖盘
1186,10:21:43,13.88,-0.01,5,6940,卖盘
1187,10:21:22,13.89,--,0,0,买盘
1188,10:21:13,13.89,0.02,50,69450,买盘
1189,10:21:03,13.87,-0.02,500,693500,卖盘
1190,10:20:59,13.89,-0.01,7,9723,卖盘
1191,10:20:53,13.9,0.01,3,4170,买盘
1192,10:20:48,13.89,-0.01,10,13890,卖盘
1193,10:20:37,13.9,0.01,2,2780,买盘
1194,10:20:33,13.89,0.02,3,4167,买盘
1195,10:20:22,13.87,--,0,0,卖盘
1196,10:20:13,13.87,--,0,0,卖盘
1197,10:20:07,13.87,-0.01,303,420261,卖盘
1198,10:19:53,13.88,0.01,7,9716,卖盘
1199,10:19:38,13.87,--,0,0,卖盘
1200,10:19:28,13.87,-0.03,4,5548,卖盘
1201,10:19:16,13.9,0.04,63,87570,买盘
1202,10:19:13,13.86,-0.01,30,41580,卖盘
1203,10:18:58,13.87,-0.03,15,20805,卖盘
1204,10:18:52,13.9,0.03,35,48650,买盘
1205,10:18:47,13.87,--,8,11096,卖盘
1206,10:18:43,13.87,0.01,12,16644,买盘
1207,10:18:28,13.86,-0.01,17,23562,卖盘
1208,10:18:23,13.87,0.01,1,1387,买盘
1209,10:18:17,13.86,--,8,11088,卖盘
1210,10:18:13,13.86,-0.01,80,110880,卖盘
1211,10:18:07,13.87,--,0,0,买盘
1212,10:17:52,13.87,--,101,140087,买盘
1213,10:17:43,13.87,--,50,69350,买盘
1214,10:17:37,13.87,-0.03,303,420261,卖盘
1215,10:17:22,13.9,--,40,55600,买盘
1216,10:17:13,13.9,--,10,13900,买盘
1217,10:17:07,13.9,--,0,0,买盘
1218,10:16:53,13.9,0.01,1,1390,买盘
1219,10:16:38,13.89,--,2,2778,买盘
1220,10:16:31,13.89,0.01,52,72228,买盘
1221,10:16:22,13.88,--,2,2776,卖盘
1222,10:15:52,13.88,0.01,59,81892,买盘
1223,10:15:42,13.87,--,4,5548,卖盘
1224,10:15:27,13.87,--,32,44384,卖盘
1225,10:15:07,13.87,-0.01,23,31901,卖盘
1226,10:15:01,13.88,0.01,4,5552,买盘
1227,10:14:57,13.87,-0.01,10,13870,卖盘
1228,10:14:52,13.88,0.02,39,54132,买盘
1229,10:14:42,13.86,-0.01,10,13860,卖盘
1230,10:14:38,13.87,0.01,7,9709,买盘
1231,10:14:32,13.86,--,51,70686,卖盘
1232,10:14:27,13.86,--,89,123354,卖盘
1233,10:14:22,13.86,0.01,31,42966,买盘
1234,10:14:07,13.85,--,164,227140,卖盘
1235,10:14:01,13.85,-0.01,18,24930,卖盘
1236,10:13:57,13.86,--,28,38808,买盘
1237,10:13:52,13.86,0.01,10,13860,买盘
1238,10:13:47,13.85,-0.01,13,18005,卖盘
1239,10:13:42,13.86,--,5,6930,买盘
1240,10:13:31,13.86,0.01,30,41580,买盘
1241,10:13:12,13.85,-0.01,25,34625,卖盘
1242,10:12:52,13.86,-0.01,133,184338,卖盘
1243,10:12:46,13.87,0.01,18,24966,买盘
1244,10:12:42,13.86,-0.01,20,27720,卖盘
1245,10:12:37,13.87,--,1,1387,买盘
1246,10:12:32,13.87,--,10,13870,买盘
1247,10:12:27,13.87,-0.01,10,13870,卖盘
1248,10:12:22,13.88,--,58,80504,买盘
1249,10:12:17,13.88,0.01,10,13880,买盘
1250,10:12:12,13.87,--,2,2774,卖盘
1251,10:12:07,13.87,--,88,122056,卖盘
1252,10:12:01,13.87,--,2,2774,卖盘
1253,10:11:52,13.87,-0.01,9,12483,卖盘
1254,10:11:46,13.88,--,17,23596,买盘
1255,10:11:37,13.88,0.02,5,6940,买盘
1256,10:11:22,13.86,--,10,13860,卖盘
1257,10:11:07,13.86,-0.02,10,13860,卖盘
1258,10:11:01,13.88,-0.02,126,174888,卖盘
1259,10:10:46,13.9,0.02,122,169580,买盘
1260,10:10:37,13.88,0.02,5,6940,卖盘
1261,10:10:31,13.86,--,0,0,卖盘
1262,10:10:26,13.86,-0.02,316,437976,卖盘
1263,10:10:22,13.88,--,1,1388,卖盘
1264,10:10:07,13.88,--,33,45804,卖盘
1265,10:10:01,13.88,--,5,6940,卖盘
1266,10:09:52,13.88,0.02,61,84668,买盘
1267,10:09:46,13.86,--,10,13860,卖盘
1268,10:09:40,13.86,--,63,87318,买盘
1269,10:09:37,13.86,-0.02,9,12474,中性盘
1270,10:09:31,13.88,0.02,5,6940,买盘
1271,10:09:25,13.86,--,5,6930,卖盘
1272,10:09:22,13.86,--,0,0,卖盘
1273,10:09:16,13.86,0.01,5,6930,中性盘
1274,10:09:10,13.85,--,0,0,卖盘
1275,10:09:07,13.85,-0.01,50,69250,卖盘
1276,10:09:01,13.86,--,5,6930,买盘
1277,10:08:55,13.86,0.01,4,5544,中性盘
1278,10:08:46,13.85,-0.03,107,148195,卖盘
1279,10:08:41,13.88,0.03,7,9716,买盘
1280,10:08:32,13.85,-0.02,27,37395,卖盘
1281,10:08:25,13.87,0.01,12,16644,买盘
1282,10:08:17,13.86,-0.01,28,38808,卖盘
1283,10:08:10,13.87,--,10,13870,买盘
1284,10:08:01,13.87,-0.02,18,24966,卖盘
1285,10:07:56,13.89,--,4,5556,买盘
1286,10:07:47,13.89,-0.01,39,54171,卖盘
1287,10:07:41,13.9,--,62,86180,买盘
1288,10:07:31,13.9,--,88,122320,卖盘
1289,10:07:25,13.9,--,7,9730,卖盘
1290,10:07:16,13.9,0.02,12,16680,买盘
1291,10:07:10,13.88,--,4,5552,卖盘
1292,10:07:06,13.88,-0.01,70,97160,卖盘
1293,10:07:01,13.89,--,70,97230,买盘
1294,10:06:51,13.89,0.01,30,41670,买盘
1295,10:06:46,13.88,--,5,6940,卖盘
1296,10:06:40,13.88,0.02,5,6940,买盘
1297,10:06:31,13.86,--,11,15246,卖盘
1298,10:06:25,13.86,0.01,6,8316,买盘
1299,10:06:16,13.85,--,8,11080,卖盘
1300,10:06:10,13.85,0.02,199,275615,买盘
1301,10:06:06,13.83,--,7,9681,卖盘
1302,10:06:01,13.83,--,15,20745,买盘
1303,10:05:56,13.83,--,45,62235,卖盘
1304,10:05:51,13.83,--,7,9681,卖盘
1305,10:05:46,13.83,0.01,17,23511,买盘
1306,10:05:41,13.82,-0.01,80,110560,卖盘
1307,10:05:36,13.83,0.01,3,4149,买盘
1308,10:05:31,13.82,--,50,69100,卖盘
1309,10:05:26,13.82,--,79,109178,卖盘
1310,10:05:21,13.82,0.02,9,12438,买盘
1311,10:05:16,13.8,-0.02,59,81420,卖盘
1312,10:05:11,13.82,0.01,5,6910,买盘
1313,10:05:06,13.81,-0.04,18,24858,卖盘
1314,10:05:01,13.85,0.05,24,33240,买盘
1315,10:04:56,13.8,-0.05,382,527160,卖盘
1316,10:04:51,13.85,--,2,2770,买盘
1317,10:04:46,13.85,--,181,250685,卖盘
1318,10:04:36,13.85,-0.01,50,69250,卖盘
1319,10:04:31,13.86,--,4,5544,卖盘
1320,10:04:25,13.86,-0.04,50,69300,卖盘
1321,10:04:16,13.9,--,573,796692,卖盘
1322,10:04:01,13.9,--,0,0,卖盘
1323,10:03:55,13.9,-0.01,10,13900,卖盘
1324,10:03:51,13.91,-0.03,32,44512,卖盘
1325,10:03:46,13.94,--,45,62730,买盘
1326,10:03:40,13.94,0.03,48,66912,买盘
1327,10:03:36,13.91,--,0,0,卖盘
1328,10:03:31,13.91,--,15,20865,卖盘
1329,10:03:16,13.91,-0.03,355,493805,卖盘
1330,10:03:11,13.94,--,6,8364,卖盘
1331,10:03:05,13.94,--,2,2788,卖盘
1332,10:03:01,13.94,--,45,62730,卖盘
1333,10:02:55,13.94,--,56,78064,卖盘
1334,10:02:46,13.94,--,10,13940,卖盘
1335,10:02:41,13.94,0.01,8,12322,买盘
1336,10:02:31,13.93,-0.01,35,48755,卖盘
1337,10:02:16,13.94,-0.01,392,546671,卖盘
1338,10:02:11,13.95,0.01,2,2790,买盘
1339,10:02:01,13.94,--,5,6970,卖盘
1340,10:01:55,13.94,--,27,37638,卖盘
1341,10:01:46,13.94,--,24,33456,卖盘
1342,10:01:40,13.94,-0.02,10,13940,卖盘
1343,10:01:31,13.96,0.02,8,11168,买盘
1344,10:01:25,13.94,--,14,19516,卖盘
1345,10:01:19,13.94,-0.01,52,72488,卖盘
1346,10:01:16,13.95,0.01,5,6975,中性盘
1347,10:01:11,13.94,--,94,131036,卖盘
1348,10:01:04,13.94,-0.02,1,1394,卖盘
1349,10:00:55,13.96,--,34,47464,买盘
1350,10:00:41,13.96,-0.01,25,34900,中性盘
1351,10:00:34,13.97,0.01,353,493141,买盘
1352,10:00:31,13.96,-0.01,60,83760,卖盘
1353,10:00:26,13.97,0.01,1,1397,买盘
1354,10:00:19,13.96,--,59,83536,卖盘
1355,10:00:04,13.96,-0.01,25,34900,卖盘
1356,09:59:50,13.97,--,6,8382,买盘
1357,09:59:40,13.97,0.01,39,54483,买盘
1358,09:59:35,13.96,-0.01,4,5584,卖盘
1359,09:59:30,13.97,--,44,61468,卖盘
1360,09:59:25,13.97,--,59,82423,买盘
1361,09:59:19,13.97,0.01,10,13970,买盘
1362,09:59:15,13.96,-0.01,35,48860,卖盘
1363,09:59:10,13.97,--,20,27940,买盘
1364,09:58:55,13.97,--,7,9779,买盘
1365,09:58:45,13.97,--,3,4191,买盘
1366,09:58:40,13.97,--,39,54483,买盘
1367,09:58:34,13.97,--,4,5588,买盘
1368,09:58:25,13.97,0.01,30,41910,买盘
1369,09:58:20,13.96,-0.01,7,9772,卖盘
1370,09:58:10,13.97,-0.01,17,23749,卖盘
1371,09:58:04,13.98,--,10,13980,买盘
1372,09:57:55,13.98,--,30,41940,买盘
1373,09:57:50,13.98,--,24,33552,买盘
1374,09:57:45,13.98,--,0,0,买盘
1375,09:57:39,13.98,--,1,1398,买盘
1376,09:57:30,13.98,--,35,48930,买盘
1377,09:57:15,13.98,0.02,1,1398,买盘
1378,09:57:10,13.96,--,5,6980,卖盘
1379,09:57:00,13.96,0.01,10,13960,中性盘
1380,09:56:54,13.95,--,964,1344780,卖盘
1381,09:56:49,13.95,--,8,11160,卖盘
1382,09:56:40,13.95,-0.01,32,44640,卖盘
1383,09:56:34,13.96,0.01,23,32108,买盘
1384,09:56:25,13.95,-0.01,31,43245,卖盘
1385,09:56:15,13.96,--,3,4188,买盘
1386,09:56:10,13.96,--,13,18148,买盘
1387,09:55:55,13.96,--,70,97720,买盘
1388,09:55:49,13.96,--,10,13960,买盘
1389,09:55:40,13.96,--,6,8376,买盘
1390,09:55:34,13.96,--,27,37692,买盘
1391,09:55:30,13.96,--,17,23732,买盘
1392,09:55:24,13.96,--,1,1396,买盘
1393,09:55:19,13.96,--,16,22336,买盘
1394,09:55:10,13.96,--,149,208004,买盘
1395,09:55:05,13.96,--,15,20940,买盘
1396,09:54:55,13.96,0.01,5,6980,买盘
1397,09:54:49,13.95,--,2,2790,买盘
1398,09:54:40,13.95,0.01,5,6975,买盘
1399,09:54:35,13.94,-0.01,49,68306,卖盘
1400,09:54:24,13.95,--,146,203670,买盘
1401,09:54:19,13.95,--,19,26505,买盘
1402,09:54:14,13.95,--,5,6975,买盘
1403,09:54:10,13.95,0.01,20,27900,买盘
1404,09:54:04,13.94,--,30,41820,卖盘
1405,09:53:55,13.94,--,48,66912,买盘
1406,09:53:49,13.94,--,18,25092,卖盘
1407,09:53:44,13.94,--,226,315044,买盘
1408,09:53:39,13.94,-0.01,89,124066,卖盘
1409,09:53:35,13.95,0.01,5,6975,买盘
1410,09:53:25,13.94,--,78,108732,买盘
1411,09:53:20,13.94,--,9,12546,买盘
1412,09:53:14,13.94,--,47,65518,买盘
1413,09:53:09,13.94,-0.01,114,158916,卖盘
1414,09:53:04,13.95,0.01,50,69750,买盘
1415,09:52:54,13.94,-0.01,2,2788,卖盘
1416,09:52:49,13.95,--,15,20925,买盘
1417,09:52:43,13.95,0.01,33,46035,买盘
1418,09:52:39,13.94,-0.01,29,40426,卖盘
1419,09:52:28,13.95,--,26,36270,买盘
1420,09:52:18,13.95,--,14,19530,卖盘
1421,09:52:13,13.95,--,6,8370,买盘
1422,09:52:03,13.95,0.01,10,13950,中性盘
1423,09:51:58,13.94,-0.01,27,37638,卖盘
1424,09:51:54,13.95,0.01,22,30690,买盘
1425,09:51:49,13.94,--,1,1394,卖盘
1426,09:51:44,13.94,-0.01,10,13940,卖盘
1427,09:51:39,13.95,0.01,20,27900,买盘
1428,09:51:34,13.94,-0.01,8,11152,卖盘
1429,09:51:13,13.95,-0.01,224,312480,卖盘
1430,09:51:09,13.96,--,12,16752,买盘
1431,09:51:03,13.96,-0.01,13,18148,卖盘
1432,09:50:54,13.97,--,0,0,买盘
1433,09:50:44,13.97,0.01,78,108966,买盘
1434,09:50:39,13.96,--,30,41880,买盘
1435,09:50:33,13.96,-0.02,59,82364,卖盘
1436,09:50:28,13.98,0.01,5,6990,买盘
1437,09:50:24,13.97,-0.01,20,27940,卖盘
1438,09:50:09,13.98,--,7,9786,卖盘
1439,09:50:04,13.98,--,11,15378,卖盘
1440,09:49:48,13.98,0.02,91,127218,买盘
1441,09:49:43,13.96,-0.02,38,53048,卖盘
1442,09:49:39,13.98,0.01,112,156576,买盘
1443,09:49:33,13.97,--,37,51689,卖盘
1444,09:49:29,13.97,-0.01,17,23749,卖盘
1445,09:49:18,13.98,0.02,100,139800,买盘
1446,09:49:13,13.96,--,20,27920,卖盘
1447,09:49:09,13.96,-0.01,30,41880,卖盘
1448,09:49:03,13.97,0.01,21,29337,买盘
1449,09:48:58,13.96,--,50,69800,卖盘
1450,09:48:54,13.96,--,24,33504,卖盘
1451,09:48:48,13.96,-0.01,30,41880,卖盘
1452,09:48:43,13.97,0.01,20,27940,买盘
1453,09:48:33,13.96,-0.01,11,15356,卖盘
1454,09:48:28,13.97,--,7,9779,买盘
1455,09:48:18,13.97,--,34,47498,卖盘
1456,09:48:13,13.97,--,18,25146,卖盘
1457,09:48:03,13.97,-0.01,15,20955,卖盘
1458,09:47:58,13.98,--,17,23766,买盘
1459,09:47:54,13.98,0.01,38,53124,买盘
1460,09:47:44,13.97,-0.02,10,13970,卖盘
1461,09:47:33,13.99,0.01,54,75546,买盘
1462,09:47:29,13.98,-0.01,115,160770,卖盘
1463,09:47:22,13.99,0.01,9,12591,买盘
1464,09:47:18,13.98,-0.01,2,2796,卖盘
1465,09:47:13,13.99,--,40,55960,买盘
1466,09:47:07,13.99,--,5,6995,买盘
1467,09:47:03,13.99,--,5,6995,买盘
1468,09:46:58,13.99,--,34,47566,卖盘
1469,09:46:48,13.99,--,28,39172,卖盘
1470,09:46:44,13.99,--,104,145496,卖盘
1471,09:46:37,13.99,--,5,6995,卖盘
1472,09:46:28,13.99,0.01,5,6995,买盘
1473,09:46:18,13.98,-0.01,18,25164,卖盘
1474,09:46:14,13.99,0.01,475,664525,买盘
1475,09:46:03,13.98,--,26,36348,买盘
1476,09:45:57,13.98,--,2,2796,买盘
1477,09:45:42,13.98,0.01,16,22368,买盘
1478,09:45:37,13.97,0.01,6,8382,买盘
1479,09:45:33,13.96,-0.01,10,13960,卖盘
1480,09:45:27,13.97,-0.01,111,155067,卖盘
1481,09:45:22,13.98,0.02,19,26562,买盘
1482,09:45:18,13.96,-0.01,53,73988,卖盘
1483,09:45:07,13.97,--,15,20955,买盘
1484,09:45:03,13.97,0.01,100,139700,买盘
1485,09:44:57,13.96,--,65,90740,买盘
1486,09:44:53,13.96,--,56,78176,买盘
1487,09:44:42,13.96,0.02,10,13960,买盘
1488,09:44:37,13.94,-0.02,51,71094,卖盘
1489,09:44:33,13.96,0.02,1,1396,买盘
1490,09:44:27,13.94,-0.01,24,33456,卖盘
1491,09:44:23,13.95,--,0,0,中性盘
1492,09:44:18,13.95,--,10,13950,卖盘
1493,09:44:12,13.95,--,0,0,卖盘
1494,09:44:07,13.95,-0.03,109,152055,卖盘
1495,09:44:03,13.98,0.03,5,6990,买盘
1496,09:43:57,13.95,--,20,27900,卖盘
1497,09:43:53,13.95,--,20,27900,卖盘
1498,09:43:48,13.95,--,62,86490,卖盘
1499,09:43:42,13.95,0.01,38,53010,买盘
1500,09:43:33,13.94,--,78,108732,买盘
1501,09:43:27,13.94,-0.01,254,354076,卖盘
1502,09:43:22,13.95,--,56,78120,买盘
1503,09:43:12,13.95,0.01,15,20925,中性盘
1504,09:43:07,13.94,-0.01,100,139400,卖盘
1505,09:43:03,13.95,--,268,373860,买盘
1506,09:42:52,13.95,--,10,13950,买盘
1507,09:42:48,13.95,0.02,2,2790,买盘
1508,09:42:42,13.93,-0.01,147,204771,卖盘
1509,09:42:38,13.94,-0.01,50,69700,卖盘
1510,09:42:33,13.95,--,42,58590,买盘
1511,09:42:27,13.95,--,139,193905,卖盘
1512,09:42:22,13.95,--,130,181350,卖盘
1513,09:42:18,13.95,--,52,72540,买盘
1514,09:42:12,13.95,0.02,4,5580,中性盘
1515,09:42:07,13.93,-0.07,10,13930,卖盘
1516,09:42:03,14.0,0.05,100,140000,买盘
1517,09:41:57,13.95,-0.04,440,613800,买盘
1518,09:41:52,13.99,0.04,465,650535,买盘
1519,09:41:42,13.95,-0.01,105,146475,卖盘
1520,09:41:37,13.96,0.01,1,1396,中性盘
1521,09:41:33,13.95,-0.01,64,89280,卖盘
1522,09:41:27,13.96,--,106,147976,卖盘
1523,09:41:22,13.96,0.02,168,234528,买盘
1524,09:41:18,13.94,0.01,10,13940,卖盘
1525,09:41:07,13.93,-0.01,54,75222,卖盘
1526,09:41:03,13.94,--,2,2788,买盘
1527,09:40:57,13.94,0.02,21,29274,买盘
1528,09:40:52,13.92,-0.01,32,44544,卖盘
1529,09:40:48,13.93,--,21,29253,买盘
1530,09:40:42,13.93,0.01,22,30646,买盘
1531,09:40:38,13.92,-0.01,41,57072,卖盘
1532,09:40:33,13.93,--,4,5572,买盘
1533,09:40:27,13.93,0.02,1,1393,买盘
1534,09:40:23,13.91,--,22,30602,卖盘
1535,09:40:18,13.91,-0.01,42,58422,卖盘
1536,09:40:12,13.92,--,65,90480,买盘
1537,09:40:07,13.92,0.01,98,136416,买盘
1538,09:40:01,13.91,-0.01,62,86242,卖盘
1539,09:39:57,13.92,-0.03,119,165648,卖盘
1540,09:39:52,13.95,0.01,6,8370,买盘
1541,09:39:46,13.94,0.02,70,97580,买盘
1542,09:39:42,13.92,0.01,85,118320,中性盘
1543,09:39:36,13.91,-0.01,40,55640,卖盘
1544,09:39:27,13.92,0.01,38,52896,买盘
1545,09:39:21,13.91,--,3,4173,卖盘
1546,09:39:17,13.91,-0.01,1,1391,卖盘
1547,09:39:12,13.92,--,29,40368,卖盘
1548,09:39:06,13.92,--,70,97440,卖盘
1549,09:39:01,13.92,--,12,16704,卖盘
1550,09:38:57,13.92,0.02,262,364704,买盘
1551,09:38:51,13.9,-0.02,114,158460,卖盘
1552,09:38:46,13.92,--,21,29232,买盘
1553,09:38:42,13.92,0.01,32,44544,中性盘
1554,09:38:36,13.91,-0.04,17,23647,卖盘
1555,09:38:27,13.95,0.01,78,108810,买盘
1556,09:38:21,13.94,--,11,15334,买盘
1557,09:38:17,13.94,0.01,91,126854,买盘
1558,09:38:12,13.93,-0.02,80,111440,卖盘
1559,09:38:06,13.95,-0.01,36,50220,卖盘
1560,09:37:57,13.96,--,0,0,买盘
1561,09:37:51,13.96,-0.01,37,51652,卖盘
1562,09:37:46,13.97,0.01,460,642620,卖盘
1563,09:37:42,13.96,--,8,11168,卖盘
1564,09:37:36,13.96,-0.02,110,153560,卖盘
1565,09:37:31,13.98,0.01,84,117432,买盘
1566,09:37:27,13.97,-0.01,82,114554,卖盘
1567,09:37:21,13.98,--,70,97860,买盘
1568,09:37:16,13.98,--,31,43338,买盘
1569,09:37:12,13.98,--,4,5592,买盘
1570,09:37:06,13.98,-0.01,26,36348,卖盘
1571,09:37:01,13.99,0.01,29,40571,买盘
1572,09:36:57,13.98,-0.01,11,15378,卖盘
1573,09:36:51,13.99,--,33,46167,买盘
1574,09:36:46,13.99,-0.01,20,27980,卖盘
1575,09:36:42,14.0,--,30,42000,买盘
1576,09:36:36,14.0,--,40,56000,买盘
1577,09:36:31,14.0,-0.01,452,632800,卖盘
1578,09:36:27,14.01,-0.03,51,71451,卖盘
1579,09:36:21,14.04,0.03,7,9828,买盘
1580,09:36:17,14.01,-0.01,62,86862,卖盘
1581,09:36:12,14.02,-0.02,105,147210,卖盘
1582,09:36:06,14.04,-0.01,126,176904,卖盘
1583,09:36:01,14.05,0.01,151,212155,买盘
1584,09:35:57,14.04,-0.01,113,158652,卖盘
1585,09:35:51,14.05,--,16,22480,买盘
1586,09:35:47,14.05,-0.01,89,125045,卖盘
1587,09:35:42,14.06,0.01,66,92796,买盘
1588,09:35:36,14.05,--,14,19670,卖盘
1589,09:35:31,14.05,-0.01,103,144715,卖盘
1590,09:35:27,14.06,-0.01,15,21090,卖盘
1591,09:35:21,14.07,0.02,201,282807,买盘
1592,09:35:16,14.05,--,73,102565,卖盘
1593,09:35:11,14.05,--,71,99755,卖盘
1594,09:35:06,14.05,--,84,118020,买盘
1595,09:35:01,14.05,0.03,203,285215,买盘
1596,09:34:57,14.02,-0.01,119,166838,卖盘
1597,09:34:51,14.03,0.01,164,230092,买盘
1598,09:34:46,14.02,-0.01,45,63090,卖盘
1599,09:34:42,14.03,0.01,15,21045,买盘
1600,09:34:36,14.02,0.02,119,166838,买盘
1601,09:34:32,14.0,-0.03,94,131600,卖盘
1602,09:34:21,14.03,0.03,212,297436,买盘
1603,09:34:16,14.0,-0.03,6,8400,卖盘
1604,09:34:11,14.03,--,0,0,买盘
1605,09:34:06,14.03,0.07,101,141703,买盘
1606,09:34:01,13.96,-0.01,104,145184,卖盘
1607,09:33:56,13.97,-0.06,8,11176,卖盘
1608,09:33:51,14.03,0.05,137,192211,买盘
1609,09:33:46,13.98,-0.01,10,13980,中性盘
1610,09:33:41,13.99,-0.01,62,86738,中性盘
1611,09:33:36,14.0,0.04,30,42000,买盘
1612,09:33:32,13.96,-0.02,102,142392,卖盘
1613,09:33:27,13.98,-0.03,50,69900,卖盘
1614,09:33:21,14.01,--,193,270393,买盘
1615,09:33:16,14.01,0.02,99,138699,买盘
1616,09:33:11,13.99,--,0,0,卖盘
1617,09:33:06,13.99,--,165,230835,卖盘
1618,09:33:00,13.99,0.01,177,247623,卖盘
1619,09:32:57,13.98,--,0,0,卖盘
1620,09:32:51,13.98,-0.01,457,638886,中性盘
1621,09:32:45,13.99,--,387,541413,买盘
1622,09:32:41,13.99,--,42,58758,买盘
1623,09:32:36,13.99,--,483,675717,卖盘
1624,09:32:30,13.99,-0.01,433,605767,卖盘
1625,09:32:25,14.0,0.01,101,141400,买盘
1626,09:32:21,13.99,-0.01,44,61556,卖盘
1627,09:32:15,14.0,0.03,112,156800,买盘
1628,09:32:11,13.97,-0.03,2,2794,卖盘
1629,09:32:06,14.0,0.01,2,2800,中性盘
1630,09:32:00,13.99,--,20,27980,卖盘
1631,09:31:56,13.99,-0.02,31,43369,卖盘
1632,09:31:51,14.01,0.06,90,126090,买盘
1633,09:31:45,13.95,--,139,193905,卖盘
1634,09:31:41,13.95,-0.01,10,13950,卖盘
1635,09:31:36,13.96,-0.06,104,145184,卖盘
1636,09:31:30,14.02,-0.02,25,35050,买盘
1637,09:31:25,14.04,0.09,295,414180,买盘
1638,09:31:21,13.95,-0.03,264,368280,卖盘
1639,09:31:15,13.98,--,27,37746,卖盘
1640,09:31:10,13.98,-0.02,48,67104,卖盘
1641,09:31:06,14.0,--,28,39200,买盘
1642,09:31:00,14.0,0.01,99,138600,买盘
1643,09:30:55,13.99,-0.01,1,1399,中性盘
1644,09:30:51,14.0,--,100,140000,买盘
1645,09:30:45,14.0,--,5,7000,买盘
1646,09:30:40,14.0,0.05,261,365400,买盘
1647,09:30:36,13.95,--,50,69750,卖盘
1648,09:30:30,13.95,0.06,208,290160,买盘
1649,09:30:26,13.89,--,60,83340,卖盘
1650,09:30:15,13.89,--,0,0,卖盘
1651,09:30:10,13.89,0.04,79,109731,买盘
1652,09:30:06,13.85,0.05,601,832842,买盘
1653,09:30:00,13.8,-0.05,30,41400,卖盘
1654,09:28:47,13.85,--,0,0,买盘
1655,09:25:03,13.85,13.85,815,1128775,买盘
