,time,price,change,volume,amount,type
0,15:00:00,4.98,--,0,0,卖盘
1,14:59:59,4.98,--,0,0,卖盘
2,14:59:59,4.98,--,7,3486,卖盘
3,14:59:56,4.98,--,20,9960,卖盘
4,14:59:51,4.98,0.01,1149,572202,买盘
5,14:59:46,4.97,--,325,161525,卖盘
6,14:59:41,4.97,--,515,255955,卖盘
7,14:59:36,4.97,-0.01,89,44233,卖盘
8,14:59:31,4.98,0.01,30,14940,买盘
9,14:59:26,4.97,--,317,157549,卖盘
10,14:59:21,4.97,-0.01,1108,550676,卖盘
11,14:59:16,4.98,--,62,30876,买盘
12,14:59:06,4.98,0.01,13,6474,买盘
13,14:59:01,4.97,-0.01,32,15904,卖盘
14,14:58:55,4.98,0.01,19,9462,买盘
15,14:58:51,4.97,--,100,49700,卖盘
16,14:58:41,4.97,--,45,22365,卖盘
17,14:58:30,4.97,-0.01,223,110831,卖盘
18,14:58:26,4.98,0.01,68,33864,买盘
19,14:58:15,4.97,-0.01,412,204764,卖盘
20,14:58:11,4.98,--,22,10956,卖盘
21,14:58:01,4.98,--,24,11952,卖盘
22,14:57:56,4.98,--,9,4482,卖盘
23,14:57:45,4.98,--,555,276390,卖盘
24,14:57:41,4.98,-0.01,25,12450,卖盘
25,14:57:36,4.99,--,466,232534,买盘
26,14:57:31,4.99,0.01,151,75349,买盘
27,14:57:26,4.98,--,18,8964,买盘
28,14:57:20,4.98,--,373,186152,卖盘
29,14:57:15,4.98,-0.01,1,498,卖盘
30,14:57:10,4.99,0.01,71,35429,买盘
31,14:57:05,4.98,-0.01,95,47310,卖盘
32,14:57:01,4.99,0.01,29,14471,买盘
33,14:56:56,4.98,--,32,15936,卖盘
34,14:56:50,4.98,--,215,107070,卖盘
35,14:56:45,4.98,-0.01,16,7968,卖盘
36,14:56:41,4.99,--,596,297404,买盘
37,14:56:35,4.99,0.01,31,15469,买盘
38,14:56:30,4.98,--,518,257964,卖盘
39,14:56:25,4.98,--,411,204976,卖盘
40,14:56:20,4.98,-0.01,20,9960,卖盘
41,14:56:15,4.99,--,200,99800,买盘
42,14:56:10,4.99,0.01,338,168662,买盘
43,14:56:05,4.98,-0.01,401,199698,卖盘
44,14:56:00,4.99,0.01,274,136726,买盘
45,14:55:55,4.98,-0.01,266,132468,卖盘
46,14:55:45,4.99,--,34,16966,买盘
47,14:55:39,4.99,--,76,37924,买盘
48,14:55:35,4.99,-0.01,139,69775,卖盘
49,14:55:30,5.0,0.01,112,56000,买盘
50,14:55:25,4.99,--,9,4491,卖盘
51,14:55:20,4.99,--,1423,710077,卖盘
52,14:55:15,4.99,-0.01,32,15968,卖盘
53,14:55:09,5.0,0.01,486,243000,买盘
54,14:55:05,4.99,--,68,34421,卖盘
55,14:54:54,4.99,-0.01,2214,1104786,卖盘
56,14:54:50,5.0,0.01,21,10500,买盘
57,14:54:45,4.99,-0.01,1,598,卖盘
58,14:54:39,5.0,0.01,111,55500,买盘
59,14:54:35,4.99,--,4,1996,卖盘
60,14:54:24,4.99,--,190,94810,卖盘
61,14:54:20,4.99,-0.01,3,1566,卖盘
62,14:54:09,5.0,--,47,23500,买盘
63,14:54:00,5.0,0.01,115,57500,买盘
64,14:53:54,4.99,-0.01,100,50339,卖盘
65,14:53:50,5.0,0.01,6,3000,买盘
66,14:53:45,4.99,--,101,50883,卖盘
67,14:53:35,4.99,-0.01,4,1996,卖盘
68,14:53:30,5.0,0.01,59,29500,买盘
69,14:53:24,4.99,--,47,23453,卖盘
70,14:53:15,4.99,-0.01,2,998,卖盘
71,14:53:09,5.0,0.01,5,2500,买盘
72,14:53:05,4.99,--,4,1996,买盘
73,14:53:00,4.99,0.01,35,17465,买盘
74,14:52:54,4.98,-0.01,49,24402,卖盘
75,14:52:50,4.99,--,100,49900,买盘
76,14:52:45,4.99,--,40,19960,买盘
77,14:52:39,4.99,--,20,9980,买盘
78,14:52:35,4.99,--,20,9980,买盘
79,14:52:30,4.99,-0.01,404,201596,卖盘
80,14:52:24,5.0,--,444,222000,买盘
81,14:52:15,5.0,0.02,13,6500,买盘
82,14:52:05,4.98,--,0,0,卖盘
83,14:51:54,4.98,-0.02,9,4482,卖盘
84,14:51:50,5.0,0.01,2342,1171000,买盘
85,14:51:45,4.99,--,14,6986,卖盘
86,14:51:39,4.99,-0.01,770,384230,卖盘
87,14:51:35,5.0,0.01,1008,504000,买盘
88,14:51:24,4.99,--,9,4491,卖盘
89,14:51:15,4.99,--,150,74850,卖盘
90,14:51:09,4.99,--,211,105289,卖盘
91,14:50:54,4.99,0.01,1143,570551,买盘
92,14:50:49,4.98,-0.01,22,10956,卖盘
93,14:50:45,4.99,0.01,16,7984,买盘
94,14:50:34,4.98,--,10,4980,卖盘
95,14:50:24,4.98,-0.01,339,168822,卖盘
96,14:50:19,4.99,--,150,74850,买盘
97,14:50:14,4.99,--,122,60878,买盘
98,14:50:09,4.99,0.01,3,1497,买盘
99,14:50:03,4.98,-0.01,36,17928,卖盘
100,14:49:54,4.99,--,41,20459,买盘
101,14:49:48,4.99,0.01,70,34930,买盘
102,14:49:39,4.98,-0.01,34,17375,卖盘
103,14:49:33,4.99,--,508,253492,卖盘
104,14:49:29,4.99,--,358,178642,卖盘
105,14:49:24,4.99,0.01,340,169660,买盘
106,14:49:14,4.98,--,9,4482,卖盘
107,14:49:09,4.98,--,262,130476,卖盘
108,14:48:54,4.98,--,12,6289,卖盘
109,14:48:39,4.98,--,3,1494,卖盘
110,14:48:24,4.98,-0.01,39,19422,卖盘
111,14:48:18,4.99,0.01,92,45908,买盘
112,14:48:14,4.98,-0.01,298,148404,卖盘
113,14:48:09,4.99,--,10,4990,买盘
114,14:47:59,4.99,0.01,110,54890,买盘
115,14:47:54,4.98,-0.01,59,29382,卖盘
116,14:47:48,4.99,0.01,62,30938,卖盘
117,14:47:44,4.98,--,0,0,卖盘
118,14:47:39,4.98,-0.01,802,399396,卖盘
119,14:47:33,4.99,--,306,152723,买盘
120,14:47:29,4.99,0.01,10,4990,买盘
121,14:47:24,4.98,--,18,8964,卖盘
122,14:47:18,4.98,-0.01,185,92339,卖盘
123,14:47:14,4.99,--,317,158183,买盘
124,14:47:03,4.99,0.01,22,10978,买盘
125,14:46:54,4.98,-0.01,99,49302,卖盘
126,14:46:48,4.99,0.01,100,49900,买盘
127,14:46:44,4.98,--,66,32972,卖盘
128,14:46:39,4.98,-0.02,270,134460,卖盘
129,14:46:33,5.0,--,0,0,买盘
130,14:46:29,5.0,--,134,67000,买盘
131,14:46:24,5.0,0.01,740,370200,买盘
132,14:46:18,4.99,-0.01,28,13972,卖盘
133,14:46:09,5.0,--,10,5000,买盘
134,14:46:03,5.0,0.01,10,5000,买盘
135,14:45:59,4.99,--,5,2794,卖盘
136,14:45:54,4.99,--,38,18962,卖盘
137,14:45:48,4.99,--,1,499,卖盘
138,14:45:39,4.99,--,4,1996,卖盘
139,14:45:29,4.99,-0.01,10,4990,卖盘
140,14:45:18,5.0,--,72,36000,买盘
141,14:45:09,5.0,--,58,29000,卖盘
142,14:45:03,5.0,--,43,21500,卖盘
143,14:44:54,5.0,0.01,118,59000,买盘
144,14:44:48,4.99,-0.01,21,10479,卖盘
145,14:44:39,5.0,--,27,13500,买盘
146,14:44:33,5.0,--,122,61000,买盘
147,14:44:18,5.0,--,58,29000,买盘
148,14:44:13,5.0,--,112,56000,买盘
149,14:44:03,5.0,--,2,1000,买盘
150,14:43:58,5.0,--,44,22000,卖盘
151,14:43:54,5.0,--,580,290000,卖盘
152,14:43:48,5.0,--,314,157000,卖盘
153,14:43:43,5.0,--,23,11500,卖盘
154,14:43:38,5.0,--,49,24500,卖盘
155,14:43:33,5.0,--,58,29000,卖盘
156,14:43:18,5.0,--,67,33500,卖盘
157,14:43:03,5.0,--,173,86500,买盘
158,14:42:57,5.0,--,15,7500,买盘
159,14:42:53,5.0,--,14,7000,买盘
160,14:42:42,5.0,--,59,29500,买盘
161,14:42:23,5.0,--,200,100000,买盘
162,14:42:18,5.0,--,130,65000,卖盘
163,14:42:12,5.0,-0.01,158,79000,卖盘
164,14:42:08,5.01,0.01,442,221442,买盘
165,14:41:53,5.0,--,4,2000,卖盘
166,14:41:48,5.0,--,10,5000,卖盘
167,14:41:42,5.0,-0.01,25,12500,卖盘
168,14:41:33,5.01,0.01,1581,792196,买盘
169,14:41:27,5.0,--,3,1500,买盘
170,14:41:23,5.0,--,16,8000,买盘
171,14:41:18,5.0,-0.01,1511,755885,卖盘
172,14:41:03,5.01,0.01,383,191998,买盘
173,14:40:57,5.0,-0.01,277,138500,卖盘
174,14:40:42,5.01,0.01,200,100200,买盘
175,14:40:12,5.0,-0.01,2,1000,卖盘
176,14:40:03,5.01,--,6,3006,买盘
177,14:39:57,5.01,--,45,22545,买盘
178,14:39:53,5.01,--,449,225334,卖盘
179,14:39:48,5.01,--,565,283185,卖盘
180,14:39:33,5.01,--,6,3006,卖盘
181,14:39:27,5.01,--,40,20040,卖盘
182,14:39:18,5.01,-0.01,80,40530,卖盘
183,14:39:12,5.02,0.01,166,83332,买盘
184,14:39:03,5.01,--,103,51603,卖盘
185,14:38:57,5.01,--,63,31563,卖盘
186,14:38:53,5.01,--,222,111222,卖盘
187,14:38:48,5.01,--,60,30060,卖盘
188,14:38:42,5.01,--,82,41082,卖盘
189,14:38:38,5.01,--,125,62625,卖盘
190,14:38:33,5.01,--,102,51102,卖盘
191,14:38:27,5.01,--,57,28557,卖盘
192,14:38:23,5.01,--,25,12525,卖盘
193,14:38:18,5.01,--,123,61623,卖盘
194,14:38:12,5.01,--,24,12024,卖盘
195,14:38:07,5.01,--,106,53106,卖盘
196,14:38:03,5.01,-0.01,130,65585,卖盘
197,14:37:57,5.02,0.01,637,319774,买盘
198,14:37:53,5.01,-0.01,27,13527,卖盘
199,14:37:48,5.02,0.01,187,93873,买盘
200,14:37:42,5.01,--,690,345690,卖盘
201,14:37:36,5.01,--,39,19539,卖盘
202,14:37:33,5.01,-0.01,70,35070,卖盘
203,14:37:27,5.02,0.01,345,173189,买盘
204,14:37:22,5.01,--,21,10521,卖盘
205,14:37:17,5.01,-0.01,59,29559,卖盘
206,14:37:12,5.02,0.01,72,36144,买盘
207,14:37:07,5.01,--,29,14529,卖盘
208,14:37:02,5.01,--,114,57114,卖盘
209,14:36:57,5.01,--,53,26553,卖盘
210,14:36:51,5.01,--,29,14529,卖盘
211,14:36:47,5.01,--,54,27054,卖盘
212,14:36:42,5.01,--,54,27054,卖盘
213,14:36:36,5.01,--,27,13617,卖盘
214,14:36:33,5.01,--,325,162825,卖盘
215,14:36:27,5.01,--,84,42084,卖盘
216,14:36:21,5.01,-0.01,28,14028,卖盘
217,14:36:17,5.02,--,125,62749,买盘
218,14:36:12,5.02,0.01,57,28613,买盘
219,14:36:06,5.01,0.01,105,52605,卖盘
220,14:36:02,5.0,--,42,21000,卖盘
221,14:35:57,5.0,-0.02,188,94000,卖盘
222,14:35:51,5.02,0.02,273,137046,买盘
223,14:35:42,5.0,-0.01,53,26500,卖盘
224,14:35:36,5.01,--,220,110220,买盘
225,14:35:32,5.01,-0.01,532,266572,卖盘
226,14:35:27,5.02,0.01,1,501,买盘
227,14:35:21,5.01,-0.01,2,1002,卖盘
228,14:35:17,5.02,--,103,51705,买盘
229,14:35:12,5.02,0.01,20,10040,买盘
230,14:34:57,5.01,-0.01,22,11022,卖盘
231,14:34:51,5.02,0.01,8,4015,买盘
232,14:34:42,5.01,-0.01,50,25050,卖盘
233,14:34:36,5.02,--,10,5020,买盘
234,14:34:27,5.02,--,35,17570,买盘
235,14:34:12,5.02,--,272,136544,买盘
236,14:33:57,5.02,0.01,102,51203,买盘
237,14:33:51,5.01,--,1,501,卖盘
238,14:33:47,5.01,--,6,3006,卖盘
239,14:33:41,5.01,--,6,3006,卖盘
240,14:33:36,5.01,--,3,1503,卖盘
241,14:33:32,5.01,-0.01,2,1002,卖盘
242,14:33:27,5.02,--,3,1505,买盘
243,14:33:17,5.02,0.01,5,2510,买盘
244,14:33:12,5.01,--,4,2004,卖盘
245,14:33:06,5.01,--,9,4509,卖盘
246,14:32:56,5.01,-0.01,80,40110,卖盘
247,14:32:51,5.02,--,3,1505,买盘
248,14:32:47,5.02,--,22,11043,买盘
249,14:32:42,5.02,0.01,410,205819,买盘
250,14:32:26,5.01,-0.01,52,26322,卖盘
251,14:32:21,5.02,--,83,41666,买盘
252,14:32:11,5.02,0.01,69,34638,买盘
253,14:32:06,5.01,-0.01,203,101703,卖盘
254,14:32:01,5.02,--,70,35140,卖盘
255,14:31:56,5.02,--,164,82328,卖盘
256,14:31:51,5.02,--,82,41164,卖盘
257,14:31:47,5.02,--,82,41164,卖盘
258,14:31:41,5.02,--,182,91363,卖盘
259,14:31:36,5.02,--,2,1003,卖盘
260,14:31:32,5.02,0.01,24,12047,买盘
261,14:31:26,5.01,--,12,6012,卖盘
262,14:31:21,5.01,--,3,1613,卖盘
263,14:31:17,5.01,--,0,0,卖盘
264,14:31:11,5.01,--,20,10020,卖盘
265,14:31:06,5.01,-0.01,177,88677,卖盘
266,14:30:56,5.02,--,160,80320,买盘
267,14:30:51,5.02,--,53,26605,买盘
268,14:30:46,5.02,--,2,1003,买盘
269,14:30:41,5.02,--,546,274092,卖盘
270,14:30:36,5.02,--,111,55721,卖盘
271,14:30:26,5.02,--,329,165158,买盘
272,14:30:21,5.02,-0.01,36,18072,中性盘
273,14:30:15,5.03,0.02,91,45773,买盘
274,14:30:11,5.01,-0.01,199,99699,卖盘
275,14:30:06,5.02,-0.01,657,329814,卖盘
276,14:30:00,5.03,0.01,397,199691,买盘
277,14:29:56,5.02,-0.01,145,72790,卖盘
278,14:29:51,5.03,--,156,78468,买盘
279,14:29:45,5.03,0.01,181,91043,买盘
280,14:29:41,5.02,-0.01,190,95379,卖盘
281,14:29:36,5.03,0.01,96,48288,买盘
282,14:29:30,5.02,--,148,74296,卖盘
283,14:29:26,5.02,--,98,49195,卖盘
284,14:29:21,5.02,-0.02,450,225899,卖盘
285,14:29:15,5.04,0.01,231,116424,买盘
286,14:29:11,5.03,--,285,143355,买盘
287,14:29:06,5.03,--,294,148354,卖盘
288,14:29:00,5.03,-0.01,352,177056,卖盘
289,14:28:56,5.04,0.01,199,100296,买盘
290,14:28:51,5.03,-0.01,320,160960,卖盘
291,14:28:45,5.04,0.01,142,71568,买盘
292,14:28:41,5.03,--,282,141846,卖盘
293,14:28:36,5.03,-0.01,1053,529659,卖盘
294,14:28:30,5.04,0.01,1285,647640,买盘
295,14:28:26,5.03,-0.01,1302,654906,卖盘
296,14:28:21,5.04,--,288,145152,买盘
297,14:28:15,5.04,--,1048,528192,卖盘
298,14:28:11,5.04,-0.01,102,51408,卖盘
299,14:28:06,5.05,0.01,311,157055,买盘
300,14:28:00,5.04,--,109,54936,卖盘
301,14:27:56,5.04,-0.01,315,158760,卖盘
302,14:27:51,5.05,--,582,293910,买盘
303,14:27:45,5.05,--,1127,569135,买盘
304,14:27:41,5.05,--,97,48985,买盘
305,14:27:36,5.05,--,758,382790,买盘
306,14:27:30,5.05,0.01,736,371680,买盘
307,14:27:26,5.04,--,99,49896,卖盘
308,14:27:21,5.04,-0.01,1133,571032,中性盘
309,14:27:15,5.05,0.01,1710,863550,买盘
310,14:27:11,5.04,--,550,277200,买盘
311,14:27:06,5.04,--,591,297864,买盘
312,14:27:00,5.04,--,437,220248,买盘
313,14:26:56,5.04,0.01,19,9576,买盘
314,14:26:51,5.03,--,270,135810,卖盘
315,14:26:45,5.03,--,1705,857645,买盘
316,14:26:41,5.03,0.01,137,68911,买盘
317,14:26:36,5.02,--,122,61243,卖盘
318,14:26:30,5.02,--,154,77308,卖盘
319,14:26:26,5.02,--,175,87849,卖盘
320,14:26:21,5.02,0.01,189,94877,中性盘
321,14:26:15,5.01,-0.01,2653,1329153,卖盘
322,14:26:11,5.02,0.01,268,134536,买盘
323,14:26:05,5.01,--,121,60621,卖盘
324,14:26:00,5.01,-0.01,433,216933,卖盘
325,14:25:56,5.02,--,109,54717,买盘
326,14:25:51,5.02,--,282,141564,买盘
327,14:25:45,5.02,0.01,368,184735,买盘
328,14:25:40,5.01,--,61,30561,卖盘
329,14:25:35,5.01,--,103,51603,卖盘
330,14:25:30,5.01,-0.01,138,69138,卖盘
331,14:25:25,5.02,0.01,20,10040,买盘
332,14:25:20,5.01,--,266,133316,买盘
333,14:25:15,5.01,--,717,359217,买盘
334,14:25:05,5.01,0.01,192,96192,买盘
335,14:25:00,5.0,-0.01,268,134000,卖盘
336,14:24:54,5.01,--,2,1002,买盘
337,14:24:45,5.01,--,247,123747,买盘
338,14:24:35,5.01,-0.01,934,467934,卖盘
339,14:24:30,5.02,0.01,339,170178,买盘
340,14:24:24,5.01,-0.01,264,132264,卖盘
341,14:24:20,5.02,0.01,142,71284,买盘
342,14:24:15,5.01,-0.01,469,234969,卖盘
343,14:24:09,5.02,0.01,21,10542,买盘
344,14:24:05,5.01,--,292,146292,卖盘
345,14:24:00,5.01,--,311,155811,卖盘
346,14:23:54,5.01,--,200,100200,卖盘
347,14:23:50,5.01,-0.01,87,43587,买盘
348,14:23:45,5.02,0.02,1904,955807,买盘
349,14:23:35,5.0,-0.01,20,10000,卖盘
350,14:23:30,5.01,--,65,32565,买盘
351,14:23:24,5.01,--,155,77655,买盘
352,14:23:20,5.01,--,405,202905,买盘
353,14:23:15,5.01,--,29,14529,买盘
354,14:23:09,5.01,--,201,100701,买盘
355,14:23:05,5.01,0.01,212,106212,买盘
356,14:23:00,5.0,--,50,25000,卖盘
357,14:22:50,5.0,-0.01,350,175000,卖盘
358,14:22:45,5.01,--,30,15030,买盘
359,14:22:39,5.01,0.01,38,19038,买盘
360,14:22:35,5.0,-0.01,223,111500,卖盘
361,14:22:30,5.01,--,312,156312,买盘
362,14:22:24,5.01,--,35,17535,买盘
363,14:22:20,5.01,--,60,30060,买盘
364,14:22:09,5.01,--,462,231932,卖盘
365,14:22:05,5.01,--,94,47094,卖盘
366,14:22:00,5.01,--,381,190911,买盘
367,14:21:50,5.01,--,90,45560,卖盘
368,14:21:45,5.01,-0.01,687,344187,卖盘
369,14:21:39,5.02,0.01,88,44175,买盘
370,14:21:35,5.01,--,235,117735,卖盘
371,14:21:30,5.01,--,355,177855,卖盘
372,14:21:24,5.01,--,108,54108,卖盘
373,14:21:20,5.01,--,76,38076,卖盘
374,14:21:15,5.01,--,108,54108,卖盘
375,14:21:09,5.01,0.01,894,447924,买盘
376,14:21:05,5.0,--,566,283000,卖盘
377,14:21:00,5.0,-0.01,130,65000,卖盘
378,14:20:54,5.01,0.01,145,72645,买盘
379,14:20:50,5.0,--,1001,500500,买盘
380,14:20:45,5.0,--,12,6000,买盘
381,14:20:39,5.0,-0.01,127,63970,卖盘
382,14:20:35,5.01,0.01,44,22044,买盘
383,14:20:30,5.0,0.01,833,416530,买盘
384,14:20:24,4.99,-0.01,120,59880,卖盘
385,14:20:20,5.0,--,66,33000,买盘
386,14:20:15,5.0,--,745,372500,买盘
387,14:20:05,5.0,0.01,429,214500,买盘
388,14:20:00,4.99,--,115,57385,卖盘
389,14:19:54,4.99,-0.01,10,4990,卖盘
390,14:19:45,5.0,0.01,703,351890,买盘
391,14:19:39,4.99,--,27,13582,卖盘
392,14:19:34,4.99,--,4,1996,卖盘
393,14:19:29,4.99,0.01,468,233921,买盘
394,14:19:14,4.98,--,263,130974,买盘
395,14:19:09,4.98,0.01,248,123504,买盘
396,14:19:00,4.97,-0.01,137,68089,卖盘
397,14:18:39,4.98,--,7,3486,买盘
398,14:18:34,4.98,--,163,81174,卖盘
399,14:18:29,4.98,-0.01,132,65736,卖盘
400,14:18:24,4.99,0.01,74,36926,买盘
401,14:18:14,4.98,-0.01,8,3984,卖盘
402,14:18:09,4.99,--,36,18323,卖盘
403,14:18:03,4.99,--,100,49900,卖盘
404,14:17:54,4.99,--,1,499,卖盘
405,14:17:48,4.99,-0.01,217,108283,卖盘
406,14:17:44,5.0,0.01,312,156000,买盘
407,14:17:33,4.99,--,10,4990,卖盘
408,14:17:29,4.99,--,114,57025,买盘
409,14:17:24,4.99,0.01,500,249500,买盘
410,14:17:14,4.98,--,1,498,卖盘
411,14:17:09,4.98,--,127,63246,卖盘
412,14:16:59,4.98,-0.01,56,27888,卖盘
413,14:16:54,4.99,0.01,92,45908,买盘
414,14:16:44,4.98,0.01,120,59760,买盘
415,14:16:29,4.97,-0.02,1,497,卖盘
416,14:16:24,4.99,--,0,0,买盘
417,14:16:18,4.99,0.03,1143,570357,买盘
418,14:16:14,4.96,--,10,4960,卖盘
419,14:16:09,4.96,--,2,992,卖盘
420,14:15:54,4.96,--,20,9920,卖盘
421,14:15:48,4.96,--,2,992,卖盘
422,14:15:44,4.96,--,6,2976,卖盘
423,14:15:39,4.96,--,1,496,卖盘
424,14:15:29,4.96,--,10,4960,买盘
425,14:15:24,4.96,0.01,10,4960,买盘
426,14:15:14,4.95,-0.02,166,82170,卖盘
427,14:14:59,4.97,--,0,0,买盘
428,14:14:54,4.97,0.02,142,70574,买盘
429,14:14:44,4.95,--,150,74250,卖盘
430,14:14:29,4.95,--,2,1361,卖盘
431,14:14:24,4.95,--,10,4950,卖盘
432,14:14:09,4.95,--,118,58410,卖盘
433,14:14:03,4.95,-0.01,2,990,卖盘
434,14:13:59,4.96,--,139,68944,买盘
435,14:13:54,4.96,0.01,12,5952,买盘
436,14:13:48,4.95,--,45,22275,卖盘
437,14:13:44,4.95,--,2,990,卖盘
438,14:13:39,4.95,--,1,495,卖盘
439,14:13:33,4.95,--,243,120304,卖盘
440,14:13:24,4.95,--,2,990,卖盘
441,14:13:18,4.95,-0.01,3,1485,卖盘
442,14:13:13,4.96,--,90,44640,买盘
443,14:13:09,4.96,--,43,21328,卖盘
444,14:13:03,4.96,--,1,496,卖盘
445,14:12:58,4.96,--,4,1984,卖盘
446,14:12:54,4.96,--,1,496,卖盘
447,14:12:48,4.96,--,1,496,卖盘
448,14:12:39,4.96,0.01,7,3472,买盘
449,14:12:28,4.95,-0.01,110,54450,卖盘
450,14:12:24,4.96,--,96,47616,买盘
451,14:12:18,4.96,0.01,25,12400,买盘
452,14:12:09,4.95,-0.01,24,12196,卖盘
453,14:12:03,4.96,0.01,43,21328,买盘
454,14:11:58,4.95,--,166,82170,卖盘
455,14:11:53,4.95,--,6,2970,卖盘
456,14:11:48,4.95,-0.01,7,3465,卖盘
457,14:11:42,4.96,0.01,22,10912,买盘
458,14:11:33,4.95,-0.01,103,50985,卖盘
459,14:11:27,4.96,-0.01,467,232108,卖盘
460,14:11:18,4.97,0.01,98,48706,买盘
461,14:11:08,4.96,-0.01,16,7936,卖盘
462,14:10:48,4.97,--,5,2485,买盘
463,14:10:42,4.97,--,5,2485,买盘
464,14:10:33,4.97,--,285,141645,买盘
465,14:10:27,4.97,--,45,22365,买盘
466,14:10:08,4.97,0.01,404,200788,买盘
467,14:10:03,4.96,-0.01,20,9920,卖盘
468,14:09:53,4.97,--,6,2982,买盘
469,14:09:42,4.97,--,90,44730,买盘
470,14:09:38,4.97,--,226,112322,买盘
471,14:09:33,4.97,0.01,5,2485,买盘
472,14:09:18,4.96,-0.01,117,58032,卖盘
473,14:09:03,4.97,--,6,2982,买盘
474,14:08:57,4.97,--,61,30317,卖盘
475,14:08:48,4.97,--,39,19383,买盘
476,14:08:38,4.97,0.01,104,51688,买盘
477,14:08:08,4.96,-0.01,1,496,卖盘
478,14:08:03,4.97,-0.01,8,3976,买盘
479,14:07:53,4.98,0.02,92,45816,买盘
480,14:07:48,4.96,--,15,7440,卖盘
481,14:07:42,4.96,--,396,196416,卖盘
482,14:07:38,4.96,--,4,1984,卖盘
483,14:07:33,4.96,-0.01,460,228160,卖盘
484,14:07:23,4.97,0.01,43,21371,买盘
485,14:07:03,4.96,--,2,992,卖盘
486,14:06:53,4.96,-0.01,25,12400,卖盘
487,14:06:41,4.97,0.01,20,9940,买盘
488,14:06:38,4.96,--,23,11408,卖盘
489,14:06:32,4.96,-0.01,504,249984,卖盘
490,14:06:27,4.97,--,10,4970,卖盘
491,14:06:12,4.97,-0.01,2,994,卖盘
492,14:06:03,4.98,--,2,996,买盘
493,14:05:57,4.98,0.01,91,45318,买盘
494,14:05:52,4.97,-0.01,47,23388,卖盘
495,14:05:48,4.98,--,1557,775744,卖盘
496,14:05:42,4.98,--,39,19675,卖盘
497,14:05:38,4.98,--,356,177776,卖盘
498,14:05:26,4.98,--,61,30378,卖盘
499,14:05:18,4.98,-0.01,43,21414,卖盘
500,14:05:11,4.99,--,109,54580,卖盘
501,14:04:57,4.99,-0.01,119,59381,卖盘
502,14:04:47,5.0,0.01,20,10000,买盘
503,14:04:42,4.99,--,95,47454,卖盘
504,14:04:37,4.99,--,145,72355,卖盘
505,14:04:32,4.99,--,50,24950,卖盘
506,14:04:26,4.99,--,98,49316,卖盘
507,14:04:20,4.99,-0.01,17,8483,卖盘
508,14:04:17,5.0,0.01,97,48500,买盘
509,14:04:12,4.99,--,221,110279,卖盘
510,14:04:06,4.99,--,458,228542,卖盘
511,14:04:02,4.99,--,37,18463,卖盘
512,14:03:47,4.99,--,2,998,卖盘
513,14:03:41,4.99,--,25,12914,卖盘
514,14:03:32,4.99,-0.01,120,59880,卖盘
515,14:03:26,5.0,0.01,30,15000,买盘
516,14:03:11,4.99,--,171,85483,卖盘
517,14:03:02,4.99,--,22,11402,卖盘
518,14:02:56,4.99,-0.01,23,11646,卖盘
519,14:02:50,5.0,0.01,115,57900,买盘
520,14:02:47,4.99,--,10,4990,卖盘
521,14:02:41,4.99,--,5,2495,卖盘
522,14:02:35,4.99,--,2,998,卖盘
523,14:02:11,4.99,-0.01,4,1996,卖盘
524,14:02:02,5.0,--,50,25000,买盘
525,14:01:56,5.0,0.01,80,40000,买盘
526,14:01:41,4.99,--,10,4990,卖盘
527,14:01:35,4.99,--,23,11631,卖盘
528,14:01:26,4.99,-0.01,91,45563,卖盘
529,14:01:20,5.0,0.01,90,45000,买盘
530,14:01:17,4.99,--,40,20134,买盘
531,14:01:02,4.99,0.01,43,21457,买盘
532,14:00:56,4.98,-0.01,23,11618,卖盘
533,14:00:50,4.99,--,100,49900,买盘
534,14:00:41,4.99,--,23,11566,卖盘
535,14:00:32,4.99,--,8,3992,卖盘
536,14:00:26,4.99,--,30,14970,卖盘
537,14:00:20,4.99,--,11,5489,卖盘
538,14:00:17,4.99,--,203,101297,卖盘
539,14:00:11,4.99,--,37,18463,卖盘
540,14:00:05,4.99,-0.01,398,198602,卖盘
541,13:59:56,5.0,0.01,96,48000,买盘
542,13:59:50,4.99,--,2,998,卖盘
543,13:59:35,4.99,-0.01,406,202594,卖盘
544,13:59:26,5.0,0.01,45,22500,买盘
545,13:59:17,4.99,-0.01,292,145708,卖盘
546,13:59:05,5.0,0.01,2,1000,买盘
547,13:58:35,4.99,--,4,1996,卖盘
548,13:58:29,4.99,--,25,12475,卖盘
549,13:58:26,4.99,--,2,998,卖盘
550,13:58:20,4.99,--,8,3992,卖盘
551,13:58:11,4.99,--,95,47405,卖盘
552,13:58:05,4.99,--,36,17964,卖盘
553,13:57:59,4.99,--,102,50898,卖盘
554,13:57:56,4.99,--,46,22954,卖盘
555,13:57:50,4.99,-0.01,12,5988,卖盘
556,13:57:41,5.0,--,122,61000,买盘
557,13:57:35,5.0,0.01,16,8000,买盘
558,13:57:26,4.99,--,15,7485,卖盘
559,13:57:20,4.99,--,60,29940,卖盘
560,13:57:05,4.99,--,3,1497,卖盘
561,13:56:59,4.99,-0.01,422,210987,卖盘
562,13:56:56,5.0,--,251,125500,买盘
563,13:56:44,5.0,--,25,12500,买盘
564,13:56:35,5.0,--,119,59500,买盘
565,13:56:29,5.0,--,30,15000,买盘
566,13:56:20,5.0,0.01,10,5000,买盘
567,13:56:14,4.99,--,7,3493,卖盘
568,13:56:11,4.99,--,4,1996,卖盘
569,13:55:59,4.99,--,62,30938,卖盘
570,13:55:56,4.99,--,10,4990,卖盘
571,13:55:44,4.99,--,18,8982,卖盘
572,13:55:35,4.99,--,1,499,卖盘
573,13:55:29,4.99,-0.01,5,2495,卖盘
574,13:55:26,5.0,0.01,20,10000,买盘
575,13:55:20,4.99,-0.01,7,3493,卖盘
576,13:55:11,5.0,--,20,10000,买盘
577,13:54:59,5.0,--,20,10000,买盘
578,13:54:56,5.0,0.01,11,5500,买盘
579,13:54:50,4.99,-0.01,29,14471,卖盘
580,13:54:41,5.0,0.01,90,45000,买盘
581,13:54:35,4.99,-0.01,20,9980,卖盘
582,13:54:29,5.0,--,3,1500,买盘
583,13:54:20,5.0,0.01,658,329000,买盘
584,13:54:11,4.99,-0.01,13,6487,卖盘
585,13:54:05,5.0,--,6,3000,买盘
586,13:53:44,5.0,0.01,4,2000,买盘
587,13:53:41,4.99,--,40,19960,买盘
588,13:53:35,4.99,--,1,499,买盘
589,13:53:29,4.99,-0.01,30,14970,卖盘
590,13:53:26,5.0,--,300,150000,买盘
591,13:53:20,5.0,--,30,15000,买盘
592,13:53:11,5.0,--,0,0,买盘
593,13:53:05,5.0,0.02,2105,1052500,买盘
594,13:52:56,4.98,-0.01,1,498,卖盘
595,13:52:50,4.99,0.01,200,99800,买盘
596,13:52:44,4.98,-0.01,2,996,卖盘
597,13:52:41,4.99,--,35,17465,买盘
598,13:52:35,4.99,0.01,11,5489,买盘
599,13:52:29,4.98,-0.01,100,49800,卖盘
600,13:52:26,4.99,0.01,403,201097,买盘
601,13:52:14,4.98,--,4,1992,卖盘
602,13:52:10,4.98,--,31,15438,卖盘
603,13:52:05,4.98,--,7,3486,卖盘
604,13:51:56,4.98,--,1,498,卖盘
605,13:51:50,4.98,--,7,3486,卖盘
606,13:51:40,4.98,-0.01,17,8466,买盘
607,13:51:29,4.99,--,0,0,买盘
608,13:51:25,4.99,0.03,821,409679,买盘
609,13:51:10,4.96,--,2,992,卖盘
610,13:50:59,4.96,-0.02,15,7440,卖盘
611,13:50:50,4.98,0.02,816,406368,买盘
612,13:50:44,4.96,--,111,55056,卖盘
613,13:50:39,4.96,-0.01,29,14403,卖盘
614,13:50:20,4.97,-0.01,17,8667,卖盘
615,13:50:14,4.98,0.01,99,49302,买盘
616,13:50:05,4.97,--,11,5467,卖盘
617,13:49:35,4.97,--,10,4970,卖盘
618,13:49:29,4.97,--,48,24109,卖盘
619,13:49:08,4.97,--,7,3479,卖盘
620,13:49:05,4.97,-0.01,133,66369,卖盘
621,13:48:50,4.98,--,11,5478,买盘
622,13:48:35,4.98,--,48,23904,买盘
623,13:48:20,4.98,0.01,19,9462,买盘
624,13:48:14,4.97,-0.01,3,1491,卖盘
625,13:48:05,4.98,--,60,29880,买盘
626,13:47:53,4.98,--,96,47808,买盘
627,13:47:50,4.98,-0.01,127,63290,卖盘
628,13:47:35,4.99,--,13,6487,买盘
629,13:47:29,4.99,--,40,19960,买盘
630,13:47:20,4.99,--,1,499,买盘
631,13:47:14,4.99,--,21,10479,买盘
632,13:47:05,4.99,0.01,21,10479,买盘
633,13:46:59,4.98,--,53,26677,卖盘
634,13:46:53,4.98,--,8,3984,卖盘
635,13:46:44,4.98,--,0,478,卖盘
636,13:46:38,4.98,--,10,4980,卖盘
637,13:46:35,4.98,-0.01,7,3486,卖盘
638,13:46:29,4.99,0.01,86,42914,买盘
639,13:46:20,4.98,--,48,24177,卖盘
640,13:46:14,4.98,--,3,1494,卖盘
641,13:45:59,4.98,--,65,32539,买盘
642,13:45:50,4.98,--,110,54780,买盘
643,13:45:29,4.98,--,92,45816,买盘
644,13:45:23,4.98,--,40,19920,买盘
645,13:44:53,4.98,0.01,3,1494,买盘
646,13:44:34,4.97,--,10,4970,卖盘
647,13:44:19,4.97,-0.01,6,2982,卖盘
648,13:44:14,4.98,--,12,5976,买盘
649,13:43:38,4.98,0.01,41,20418,买盘
650,13:43:29,4.97,-0.01,1,497,中性盘
651,13:43:23,4.98,0.02,16,7968,买盘
652,13:43:14,4.96,-0.02,174,86304,卖盘
653,13:43:08,4.98,0.01,92,45816,买盘
654,13:43:02,4.97,--,61,30317,买盘
655,13:42:59,4.97,0.01,2,994,买盘
656,13:42:32,4.96,--,30,14880,卖盘
657,13:42:23,4.96,--,31,15376,卖盘
658,13:42:14,4.96,-0.02,37,18352,卖盘
659,13:41:59,4.98,0.02,105,52290,买盘
660,13:41:32,4.96,--,0,0,卖盘
661,13:41:23,4.96,-0.02,360,178560,卖盘
662,13:41:17,4.98,0.02,95,47310,买盘
663,13:41:14,4.96,-0.01,3,1488,卖盘
664,13:40:23,4.97,0.01,3,1491,买盘
665,13:40:17,4.96,--,4,1984,卖盘
666,13:40:14,4.96,-0.01,115,57302,卖盘
667,13:40:08,4.97,--,0,233,买盘
668,13:39:59,4.97,--,674,334978,买盘
669,13:39:44,4.97,--,32,16167,卖盘
670,13:39:32,4.97,--,46,23095,卖盘
671,13:39:23,4.97,-0.01,20,9940,卖盘
672,13:39:17,4.98,0.01,9,4482,买盘
673,13:38:58,4.97,-0.01,102,50694,卖盘
674,13:38:47,4.98,0.01,95,47310,买盘
675,13:38:43,4.97,0.01,114,56658,买盘
676,13:38:28,4.96,--,7,3472,卖盘
677,13:38:13,4.96,--,0,0,卖盘
678,13:38:02,4.96,-0.02,46,23059,卖盘
679,13:37:43,4.98,0.02,10,4980,买盘
680,13:37:38,4.96,-0.02,7,3472,卖盘
681,13:37:28,4.98,0.02,70,34860,买盘
682,13:37:23,4.96,--,23,11710,卖盘
683,13:37:17,4.96,-0.01,1136,563456,卖盘
684,13:37:13,4.97,--,14,6958,卖盘
685,13:36:58,4.97,-0.01,86,42975,卖盘
686,13:36:53,4.98,0.01,139,69475,买盘
687,13:36:38,4.97,--,23,11431,买盘
688,13:36:28,4.97,0.01,10,4970,买盘
689,13:36:13,4.96,-0.01,1004,497984,卖盘
690,13:36:08,4.97,--,0,0,中性盘
691,13:36:02,4.97,0.01,546,271362,买盘
692,13:35:47,4.96,-0.01,1,496,卖盘
693,13:35:38,4.97,0.01,1,497,买盘
694,13:35:23,4.96,--,180,89280,卖盘
695,13:35:17,4.96,-0.02,18,8928,卖盘
696,13:35:12,4.98,0.01,100,49800,买盘
697,13:34:41,4.97,-0.01,268,133300,卖盘
698,13:34:32,4.98,0.01,2,996,买盘
699,13:34:11,4.97,--,5,2485,卖盘
700,13:34:02,4.97,-0.01,280,139160,卖盘
701,13:33:53,4.98,0.01,1,498,买盘
702,13:33:38,4.97,--,45,22757,买盘
703,13:33:23,4.97,-0.01,6,2996,卖盘
704,13:33:08,4.98,0.01,138,69207,买盘
705,13:32:41,4.97,--,9,4473,买盘
706,13:32:38,4.97,--,1,497,买盘
707,13:32:32,4.97,0.01,5,2485,买盘
708,13:32:22,4.96,--,5,2480,卖盘
709,13:32:17,4.96,--,8,3968,卖盘
710,13:32:08,4.96,-0.01,2,992,卖盘
711,13:31:47,4.97,--,50,24850,买盘
712,13:31:11,4.97,0.01,425,211225,买盘
713,13:30:52,4.96,-0.01,20,9920,卖盘
714,13:30:37,4.97,0.01,1,497,买盘
715,13:30:26,4.96,--,3,1488,卖盘
716,13:30:11,4.96,-0.01,4,1984,卖盘
717,13:29:52,4.97,--,16,7952,买盘
718,13:29:26,4.97,0.01,95,47215,买盘
719,13:29:22,4.96,--,10,4960,卖盘
720,13:28:32,4.96,--,96,47685,卖盘
721,13:28:26,4.96,--,48,24065,卖盘
722,13:28:17,4.96,--,0,0,卖盘
723,13:28:02,4.96,--,7,3472,卖盘
724,13:27:56,4.96,-0.02,19,9424,卖盘
725,13:27:41,4.98,--,0,0,买盘
726,13:27:26,4.98,--,0,0,买盘
727,13:27:20,4.98,0.01,39,19422,买盘
728,13:27:17,4.97,--,83,41454,卖盘
729,13:27:11,4.97,--,49,24646,卖盘
730,13:27:02,4.97,-0.01,28,13916,卖盘
731,13:26:32,4.98,0.01,100,49800,买盘
732,13:26:26,4.97,-0.01,20,9940,买盘
733,13:26:02,4.98,--,0,0,买盘
734,13:25:56,4.98,0.01,101,50298,买盘
735,13:25:47,4.97,--,0,9,卖盘
736,13:24:56,4.97,0.01,699,347890,买盘
737,13:24:41,4.96,0.01,204,101184,买盘
738,13:24:01,4.95,--,10,4950,卖盘
739,13:23:56,4.95,--,50,25076,卖盘
740,13:23:50,4.95,-0.01,7,3465,卖盘
741,13:23:46,4.96,--,34,16953,卖盘
742,13:23:41,4.96,--,39,19344,卖盘
743,13:23:35,4.96,--,5,2480,卖盘
744,13:23:26,4.96,-0.01,23,11408,卖盘
745,13:22:56,4.97,--,10,4970,卖盘
746,13:22:01,4.97,--,108,53676,卖盘
747,13:21:56,4.97,-0.01,70,34790,卖盘
748,13:21:46,4.98,0.01,270,134460,买盘
749,13:21:26,4.97,--,47,23622,卖盘
750,13:21:20,4.97,--,49,24636,卖盘
751,13:21:16,4.97,--,11,5467,卖盘
752,13:21:11,4.97,--,30,14910,卖盘
753,13:21:01,4.97,-0.01,455,226135,卖盘
754,13:20:56,4.98,0.01,27,13446,买盘
755,13:20:46,4.97,--,15,7455,卖盘
756,13:20:20,4.97,-0.01,25,12425,卖盘
757,13:20:16,4.98,0.01,2,996,买盘
758,13:20:11,4.97,-0.01,1,497,卖盘
759,13:20:01,4.98,--,95,47310,买盘
760,13:19:56,4.98,--,60,29880,买盘
761,13:18:56,4.98,--,400,199200,买盘
762,13:18:44,4.98,--,10,4980,买盘
763,13:18:05,4.98,0.01,200,99600,买盘
764,13:17:55,4.97,--,70,34790,卖盘
765,13:17:50,4.97,-0.01,54,26838,卖盘
766,13:16:59,4.98,--,3,1494,买盘
767,13:16:55,4.98,--,15,7470,买盘
768,13:16:50,4.98,0.02,11,5478,买盘
769,13:16:44,4.96,-0.02,1,496,卖盘
770,13:16:40,4.98,0.01,317,157866,买盘
771,13:16:35,4.97,0.01,47,23359,买盘
772,13:16:25,4.96,-0.01,20,9920,卖盘
773,13:16:20,4.97,--,9,4473,买盘
774,13:16:14,4.97,0.01,1,497,买盘
775,13:16:10,4.96,-0.01,13,6854,卖盘
776,13:15:55,4.97,--,2,994,买盘
777,13:15:50,4.97,0.01,25,12425,买盘
778,13:15:44,4.96,-0.01,500,248000,卖盘
779,13:15:35,4.97,--,46,22862,买盘
780,13:15:20,4.97,--,40,19880,买盘
781,13:15:14,4.97,--,2,994,买盘
782,13:14:55,4.97,--,216,107352,买盘
783,13:14:50,4.97,--,1,497,买盘
784,13:14:44,4.97,--,7,3479,买盘
785,13:14:34,4.97,--,1,497,买盘
786,13:14:10,4.97,--,4,1988,买盘
787,13:13:55,4.97,0.01,94,46718,买盘
788,13:12:28,4.96,--,10,4960,卖盘
789,13:11:44,4.96,0.01,29,14384,买盘
790,13:11:35,4.95,-0.02,1,495,卖盘
791,13:11:19,4.97,--,0,0,买盘
792,13:11:14,4.97,0.01,163,81011,买盘
793,13:11:08,4.96,--,50,24800,卖盘
794,13:10:55,4.96,--,113,56048,卖盘
795,13:10:50,4.96,--,834,413664,卖盘
796,13:10:44,4.96,--,104,51584,卖盘
797,13:10:38,4.96,-0.01,7,3472,卖盘
798,13:10:34,4.97,0.01,6,2982,买盘
799,13:10:29,4.96,-0.01,30,14880,卖盘
800,13:09:38,4.97,--,80,39760,买盘
801,13:09:04,4.97,--,15,7455,买盘
802,13:08:29,4.97,--,597,296709,买盘
803,13:07:19,4.97,--,54,26838,买盘
804,13:07:08,4.97,0.01,1,497,买盘
805,13:07:04,4.96,--,1,496,卖盘
806,13:06:53,4.96,--,7,3472,卖盘
807,13:06:38,4.96,--,21,10416,买盘
808,13:06:29,4.96,--,10,4960,买盘
809,13:06:14,4.96,--,11,5456,买盘
810,13:06:08,4.96,0.01,1,496,买盘
811,13:06:04,4.95,--,53,26235,卖盘
812,13:05:59,4.95,-0.02,26,12870,卖盘
813,13:05:49,4.97,0.02,781,388157,买盘
814,13:05:13,4.95,-0.01,269,133155,卖盘
815,13:05:04,4.96,0.01,62,30752,买盘
816,13:04:58,4.95,--,5,2475,卖盘
817,13:04:43,4.95,0.01,2,990,买盘
818,13:04:28,4.94,--,2,988,卖盘
819,13:04:07,4.94,--,0,0,卖盘
820,13:03:43,4.94,-0.02,4,1976,卖盘
821,13:03:28,4.96,0.02,316,156736,买盘
822,13:03:08,4.94,--,1,494,卖盘
823,13:02:52,4.94,--,94,46436,卖盘
824,13:02:47,4.94,--,10,4940,卖盘
825,13:01:58,4.94,--,0,0,卖盘
826,13:01:53,4.94,-0.02,142,70148,卖盘
827,13:01:43,4.96,0.01,27,13392,买盘
828,13:01:37,4.95,0.01,90,44550,中性盘
829,13:01:32,4.94,-0.01,33,16302,卖盘
830,13:01:23,4.95,--,4,1980,买盘
831,13:01:08,4.95,--,197,97515,买盘
832,13:00:32,4.95,0.01,97,48015,买盘
833,13:00:13,4.94,-0.01,5,2470,卖盘
834,13:00:08,4.95,0.01,42,20790,买盘
835,11:30:00,4.94,--,0,0,卖盘
836,11:30:00,4.94,--,0,0,卖盘
837,11:29:02,4.94,-0.01,1,494,卖盘
838,11:28:56,4.95,--,26,12870,买盘
839,11:28:53,4.95,--,26,12870,卖盘
840,11:28:47,4.95,--,10,4950,卖盘
841,11:28:17,4.95,--,4,1980,买盘
842,11:28:11,4.95,--,10,4950,买盘
843,11:28:08,4.95,--,40,19800,买盘
844,11:28:02,4.95,-0.01,45,22275,买盘
845,11:27:11,4.96,--,0,0,买盘
846,11:27:02,4.96,0.02,95,47120,买盘
847,11:26:56,4.94,-0.01,5,2470,卖盘
848,11:26:23,4.95,--,1,495,卖盘
849,11:25:32,4.95,-0.01,242,119790,中性盘
850,11:24:53,4.96,0.01,14,6944,买盘
851,11:24:32,4.95,0.01,20,9900,买盘
852,11:24:26,4.94,--,0,0,卖盘
853,11:24:17,4.94,--,5,2470,卖盘
854,11:24:08,4.94,-0.02,10,4940,卖盘
855,11:23:38,4.96,0.02,1250,620000,买盘
856,11:23:32,4.94,-0.01,2,988,卖盘
857,11:23:26,4.95,0.01,90,44550,买盘
858,11:23:23,4.94,--,30,14820,卖盘
859,11:23:17,4.94,--,50,24700,卖盘
860,11:22:56,4.94,0.01,147,73082,买盘
861,11:22:52,4.93,-0.01,21,10353,卖盘
862,11:22:47,4.94,--,5,2470,买盘
863,11:22:37,4.94,--,348,171941,卖盘
864,11:22:32,4.94,-0.01,100,49400,卖盘
865,11:21:47,4.95,--,153,75735,卖盘
866,11:21:11,4.95,--,1,495,卖盘
867,11:21:05,4.95,--,22,10890,买盘
868,11:20:50,4.95,0.01,28,13860,卖盘
869,11:20:41,4.94,--,0,0,卖盘
870,11:20:35,4.94,-0.02,4,1976,卖盘
871,11:20:26,4.96,0.01,95,47120,买盘
872,11:20:20,4.95,-0.01,10,4950,买盘
873,11:19:47,4.96,--,0,0,买盘
874,11:19:41,4.96,0.02,27,13392,买盘
875,11:19:05,4.94,--,10,4940,卖盘
876,11:18:50,4.94,-0.01,32,15808,卖盘
877,11:18:47,4.95,--,2,990,买盘
878,11:18:26,4.95,-0.01,4,1980,买盘
879,11:18:20,4.96,--,0,0,买盘
880,11:18:17,4.96,--,10,4960,买盘
881,11:18:05,4.96,0.01,50,24988,买盘
882,11:18:02,4.95,-0.01,1,495,卖盘
883,11:17:56,4.96,0.02,110,54560,买盘
884,11:17:50,4.94,-0.01,25,12814,卖盘
885,11:17:47,4.95,0.01,4,1980,买盘
886,11:17:41,4.94,--,1,494,卖盘
887,11:17:17,4.94,--,38,18772,卖盘
888,11:17:05,4.94,--,30,14820,卖盘
889,11:17:02,4.94,--,20,9880,卖盘
890,11:16:47,4.94,0.01,20,9880,买盘
891,11:16:41,4.93,-0.01,36,17748,卖盘
892,11:16:35,4.94,--,10,4940,买盘
893,11:16:32,4.94,--,316,156104,卖盘
894,11:16:20,4.94,0.01,5,2470,卖盘
895,11:16:17,4.93,--,0,0,卖盘
896,11:16:11,4.93,--,38,18734,卖盘
897,11:16:05,4.93,--,14,6921,卖盘
898,11:15:50,4.93,-0.01,60,29580,卖盘
899,11:15:46,4.94,--,37,18658,买盘
900,11:15:41,4.94,--,95,46930,买盘
901,11:15:35,4.94,0.01,3,1482,买盘
902,11:15:26,4.93,-0.01,14,6902,卖盘
903,11:15:05,4.94,--,22,10868,卖盘
904,11:15:01,4.94,--,22,10868,卖盘
905,11:14:56,4.94,--,3,1482,卖盘
906,11:14:41,4.94,--,15,7410,卖盘
907,11:14:35,4.94,--,1,494,卖盘
908,11:14:26,4.94,--,40,19760,卖盘
909,11:14:14,4.94,--,32,15808,买盘
910,11:13:56,4.94,--,3,1482,卖盘
911,11:13:50,4.94,0.01,28,13832,买盘
912,11:13:44,4.93,-0.01,33,16668,卖盘
913,11:13:41,4.94,--,50,24700,卖盘
914,11:13:29,4.94,--,14,6916,卖盘
915,11:13:20,4.94,--,100,49400,卖盘
916,11:12:44,4.94,--,113,55822,卖盘
917,11:12:41,4.94,--,20,9880,卖盘
918,11:12:26,4.94,--,26,12844,卖盘
919,11:12:14,4.94,--,20,9880,卖盘
920,11:12:11,4.94,--,34,17126,买盘
921,11:11:56,4.94,0.01,2,988,买盘
922,11:11:50,4.93,--,16,8272,卖盘
923,11:11:44,4.93,--,18,8888,卖盘
924,11:11:41,4.93,-0.01,7,3451,卖盘
925,11:11:35,4.94,--,35,17290,买盘
926,11:11:29,4.94,--,35,17290,买盘
927,11:11:26,4.94,--,168,83155,卖盘
928,11:11:11,4.94,--,10,4940,卖盘
929,11:11:05,4.94,--,21,10374,卖盘
930,11:10:29,4.94,-0.01,1,494,卖盘
931,11:10:26,4.95,0.01,11,5445,买盘
932,11:10:14,4.94,--,5,2470,卖盘
933,11:10:05,4.94,-0.01,16,8017,卖盘
934,11:09:56,4.95,0.01,95,47025,买盘
935,11:09:50,4.94,--,17,8684,卖盘
936,11:09:35,4.94,--,20,9880,卖盘
937,11:09:14,4.94,--,6,2964,卖盘
938,11:08:56,4.94,--,66,32604,卖盘
939,11:08:35,4.94,--,30,14820,卖盘
940,11:07:59,4.94,-0.01,1,494,卖盘
941,11:07:55,4.95,0.01,2,990,买盘
942,11:07:40,4.94,--,33,16702,卖盘
943,11:07:10,4.94,--,4,1976,卖盘
944,11:07:05,4.94,--,28,13832,卖盘
945,11:06:59,4.94,--,17,8398,卖盘
946,11:06:44,4.94,--,164,81016,卖盘
947,11:06:38,4.94,-0.01,1,494,卖盘
948,11:06:35,4.95,--,2,990,买盘
949,11:06:29,4.95,0.01,7,3465,买盘
950,11:05:59,4.94,-0.01,14,7138,卖盘
951,11:05:53,4.95,0.01,50,24750,买盘
952,11:05:50,4.94,-0.01,22,10868,卖盘
953,11:05:44,4.95,0.01,25,12553,买盘
954,11:05:23,4.94,-0.01,21,10374,卖盘
955,11:05:14,4.95,-0.01,26,12870,卖盘
956,11:04:50,4.96,--,0,0,买盘
957,11:04:29,4.96,-0.01,32,15872,买盘
958,11:04:05,4.97,0.03,101,50197,买盘
959,11:03:59,4.94,--,14,7093,卖盘
960,11:03:44,4.94,--,19,9608,卖盘
961,11:03:19,4.94,-0.01,17,8398,卖盘
962,11:03:05,4.95,--,7,3465,卖盘
963,11:02:38,4.95,-0.02,7,3465,卖盘
964,11:02:23,4.97,--,0,0,买盘
965,11:02:20,4.97,0.02,299,148603,买盘
966,11:02:14,4.95,--,0,0,卖盘
967,11:02:08,4.95,--,2,990,卖盘
968,11:01:34,4.95,--,129,64255,卖盘
969,11:00:59,4.95,-0.02,20,9900,卖盘
970,11:00:44,4.97,--,5,2485,买盘
971,11:00:34,4.97,0.02,8,3976,买盘
972,11:00:04,4.95,-0.02,15,7652,卖盘
973,10:59:49,4.97,0.02,5,2485,买盘
974,10:59:38,4.95,-0.02,18,9083,卖盘
975,10:59:29,4.97,--,40,19880,买盘
976,10:59:17,4.97,--,0,0,买盘
977,10:59:08,4.97,0.01,98,48706,买盘
978,10:58:53,4.96,--,0,0,买盘
979,10:58:38,4.96,0.02,13,6448,买盘
980,10:58:08,4.94,--,0,0,卖盘
981,10:57:59,4.94,--,45,22585,卖盘
982,10:57:53,4.94,--,9,4446,卖盘
983,10:57:44,4.94,--,18,8936,卖盘
984,10:57:38,4.94,--,11,5434,卖盘
985,10:57:08,4.94,--,0,0,卖盘
986,10:56:53,4.94,--,15,7410,卖盘
987,10:56:44,4.94,-0.03,20,9880,卖盘
988,10:56:29,4.97,0.03,92,45724,买盘
989,10:56:23,4.94,-0.01,498,246012,卖盘
990,10:56:08,4.95,0.02,3,1485,买盘
991,10:55:43,4.93,--,270,133110,卖盘
992,10:55:28,4.93,-0.03,63,31458,卖盘
993,10:55:17,4.96,--,0,0,买盘
994,10:55:08,4.96,--,15,7440,买盘
995,10:55:02,4.96,--,338,167648,买盘
996,10:54:59,4.96,0.03,14,6944,买盘
997,10:54:53,4.93,--,0,0,卖盘
998,10:54:38,4.93,--,0,0,卖盘
999,10:54:32,4.93,-0.03,101,49793,卖盘
1000,10:54:28,4.96,0.02,100,49600,买盘
1001,10:53:53,4.94,0.01,23,11362,买盘
1002,10:53:43,4.93,-0.01,14,7084,卖盘
1003,10:53:38,4.94,0.01,34,16796,买盘
1004,10:53:32,4.93,--,19,9583,卖盘
1005,10:53:17,4.93,--,0,0,卖盘
1006,10:53:13,4.93,--,0,0,卖盘
1007,10:53:02,4.93,-0.02,2438,1201934,卖盘
1008,10:52:58,4.95,--,0,0,中性盘
1009,10:52:53,4.95,-0.01,2,990,买盘
1010,10:52:38,4.96,--,0,0,买盘
1011,10:52:28,4.96,--,0,0,买盘
1012,10:52:08,4.96,0.02,141,70308,买盘
1013,10:51:58,4.94,--,25,12350,卖盘
1014,10:51:53,4.94,--,16,8027,卖盘
1015,10:51:43,4.94,--,8,3952,卖盘
1016,10:51:38,4.94,-0.01,17,8674,卖盘
1017,10:51:28,4.95,0.01,1,495,买盘
1018,10:51:23,4.94,--,0,0,卖盘
1019,10:51:17,4.94,-0.01,1720,849680,卖盘
1020,10:51:13,4.95,--,330,163350,卖盘
1021,10:51:08,4.95,--,25,12375,卖盘
1022,10:50:58,4.95,--,12,5940,卖盘
1023,10:50:53,4.95,--,13,6435,卖盘
1024,10:50:47,4.95,-0.01,5,2475,卖盘
1025,10:50:38,4.96,0.01,20,9920,买盘
1026,10:50:32,4.95,--,30,14850,卖盘
1027,10:50:23,4.95,-0.01,7,3465,卖盘
1028,10:50:17,4.96,-0.01,72,35806,卖盘
1029,10:50:11,4.97,0.01,95,47215,买盘
1030,10:50:08,4.96,--,20,9920,卖盘
1031,10:49:38,4.96,--,10,4960,卖盘
1032,10:49:32,4.96,--,1,496,卖盘
1033,10:49:26,4.96,-0.01,33,16769,卖盘
1034,10:49:17,4.97,--,42,20874,卖盘
1035,10:49:07,4.97,--,10,4970,卖盘
1036,10:49:02,4.97,--,56,27832,卖盘
1037,10:48:53,4.97,--,14,6958,卖盘
1038,10:48:37,4.97,--,5,2485,卖盘
1039,10:48:26,4.97,--,40,19880,卖盘
1040,10:48:17,4.97,--,347,172459,买盘
1041,10:48:02,4.97,--,0,0,买盘
1042,10:47:52,4.97,0.02,15,7455,买盘
1043,10:47:47,4.95,-0.01,14,7241,卖盘
1044,10:47:32,4.96,--,19,9513,卖盘
1045,10:47:22,4.96,--,15,7440,卖盘
1046,10:47:02,4.96,--,132,65779,卖盘
1047,10:46:52,4.96,--,178,88288,卖盘
1048,10:46:41,4.96,--,14,6944,卖盘
1049,10:46:32,4.96,-0.01,51,25296,卖盘
1050,10:46:26,4.97,--,90,44730,买盘
1051,10:46:22,4.97,0.01,9,4473,买盘
1052,10:46:02,4.96,--,30,14880,卖盘
1053,10:45:52,4.96,--,17,8769,卖盘
1054,10:45:32,4.96,--,135,67024,卖盘
1055,10:45:22,4.96,-0.01,32,15872,卖盘
1056,10:45:11,4.97,0.01,143,71071,买盘
1057,10:45:07,4.96,-0.01,1,496,卖盘
1058,10:44:56,4.97,0.01,96,47712,买盘
1059,10:44:52,4.96,--,150,74400,卖盘
1060,10:43:37,4.96,--,10,4960,卖盘
1061,10:43:22,4.96,--,33,16769,卖盘
1062,10:43:17,4.96,--,0,0,卖盘
1063,10:43:07,4.96,--,204,101184,买盘
1064,10:42:52,4.96,0.01,38,18848,买盘
1065,10:42:47,4.95,--,2,990,卖盘
1066,10:42:41,4.95,-0.03,1,495,卖盘
1067,10:42:37,4.98,0.03,3500,1743000,买盘
1068,10:42:26,4.95,--,5,2475,卖盘
1069,10:42:22,4.95,-0.01,3000,1485000,卖盘
1070,10:42:17,4.96,--,34,16864,买盘
1071,10:42:07,4.96,0.01,106,52576,买盘
1072,10:42:02,4.95,--,40,19800,卖盘
1073,10:41:56,4.95,--,9,4455,卖盘
1074,10:41:41,4.95,0.01,960,475690,买盘
1075,10:41:31,4.94,--,18,9297,卖盘
1076,10:41:17,4.94,-0.01,1,494,卖盘
1077,10:41:11,4.95,0.01,188,93060,买盘
1078,10:41:05,4.94,--,1,494,卖盘
1079,10:40:56,4.94,--,1,494,卖盘
1080,10:40:50,4.94,-0.01,43,21242,卖盘
1081,10:40:46,4.95,0.01,10,4950,买盘
1082,10:40:41,4.94,--,1,494,卖盘
1083,10:40:26,4.94,--,1,494,卖盘
1084,10:40:20,4.94,--,30,14820,卖盘
1085,10:40:16,4.94,--,1,494,卖盘
1086,10:40:05,4.94,--,20,9880,卖盘
1087,10:40:01,4.94,--,1,494,卖盘
1088,10:39:50,4.94,-0.01,39,19266,卖盘
1089,10:39:46,4.95,0.01,146,72388,买盘
1090,10:39:35,4.94,--,2,988,卖盘
1091,10:39:31,4.94,--,18,9173,卖盘
1092,10:39:26,4.94,-0.01,7,3458,卖盘
1093,10:39:20,4.95,0.01,33,16335,买盘
1094,10:39:11,4.94,-0.01,43,21242,卖盘
1095,10:39:01,4.95,0.01,3,1485,买盘
1096,10:38:46,4.94,-0.01,1,494,卖盘
1097,10:38:35,4.95,0.01,5,2475,买盘
1098,10:38:31,4.94,-0.01,15,7410,卖盘
1099,10:38:26,4.95,--,30,14850,卖盘
1100,10:38:16,4.95,--,1,495,卖盘
1101,10:38:11,4.95,--,20,9900,卖盘
1102,10:38:05,4.95,0.01,1,495,卖盘
1103,10:37:46,4.94,--,0,0,卖盘
1104,10:37:35,4.94,-0.01,1,494,卖盘
1105,10:37:31,4.95,0.01,2589,1281861,买盘
1106,10:37:26,4.94,0.01,60,29640,买盘
1107,10:37:20,4.93,--,18,9258,卖盘
1108,10:37:16,4.93,-0.02,18,8888,卖盘
1109,10:37:11,4.95,0.02,93,46035,买盘
1110,10:37:05,4.93,0.01,1621,799153,买盘
1111,10:36:56,4.92,-0.01,25,12300,卖盘
1112,10:36:49,4.93,--,2,986,买盘
1113,10:36:46,4.93,--,6,2958,买盘
1114,10:36:31,4.93,0.01,90,44370,买盘
1115,10:36:26,4.92,--,14,6888,卖盘
1116,10:36:20,4.92,-0.01,400,196800,卖盘
1117,10:36:16,4.93,0.01,13,6409,买盘
1118,10:36:11,4.92,--,765,376380,卖盘
1119,10:35:56,4.92,-0.01,30,14760,卖盘
1120,10:35:50,4.93,0.01,10,4930,买盘
1121,10:35:46,4.92,-0.01,4,1968,卖盘
1122,10:35:41,4.93,--,45,22249,买盘
1123,10:35:35,4.93,0.01,429,211497,买盘
1124,10:35:31,4.92,--,65,31980,卖盘
1125,10:35:26,4.92,--,30,14760,卖盘
1126,10:35:16,4.92,--,18,9190,卖盘
1127,10:35:10,4.92,--,10,4920,卖盘
1128,10:35:05,4.92,--,426,209592,卖盘
1129,10:35:01,4.92,--,454,223520,买盘
1130,10:34:56,4.92,0.01,37,18204,买盘
1131,10:34:50,4.91,-0.01,17,8347,卖盘
1132,10:34:46,4.92,0.01,135,66420,买盘
1133,10:34:41,4.91,-0.01,107,52537,卖盘
1134,10:34:30,4.92,0.01,94,46248,买盘
1135,10:34:26,4.91,--,333,163503,买盘
1136,10:34:20,4.91,-0.01,1,491,卖盘
1137,10:34:16,4.92,0.02,259,127428,买盘
1138,10:34:10,4.9,-0.02,844,413560,卖盘
1139,10:34:05,4.92,0.01,48,23616,买盘
1140,10:34:00,4.91,--,368,180943,卖盘
1141,10:33:56,4.91,--,88,43208,卖盘
1142,10:33:50,4.91,--,290,142390,卖盘
1143,10:33:40,4.91,-0.01,20,9820,卖盘
1144,10:33:25,4.92,--,2915,1434519,卖盘
1145,10:33:20,4.92,-0.01,537,264602,卖盘
1146,10:33:05,4.93,0.01,410,202130,中性盘
1147,10:32:59,4.92,-0.02,2932,1442544,卖盘
1148,10:32:50,4.94,--,74,36556,买盘
1149,10:32:35,4.94,--,340,168394,卖盘
1150,10:32:29,4.94,--,222,109668,卖盘
1151,10:32:20,4.94,-0.01,32,15808,卖盘
1152,10:32:10,4.95,0.01,67,33165,买盘
1153,10:32:05,4.94,-0.01,33,16302,卖盘
1154,10:31:59,4.95,0.01,210,103950,买盘
1155,10:31:50,4.94,--,700,345800,卖盘
1156,10:31:40,4.94,-0.01,50,24700,卖盘
1157,10:31:29,4.95,0.01,1,495,买盘
1158,10:31:20,4.94,--,16,7992,卖盘
1159,10:31:14,4.94,--,17,8709,卖盘
1160,10:30:59,4.94,--,30,14820,卖盘
1161,10:30:50,4.94,--,206,101764,卖盘
1162,10:30:40,4.94,-0.01,10,4940,卖盘
1163,10:30:29,4.95,--,18,8910,买盘
1164,10:30:20,4.95,-0.01,421,208583,卖盘
1165,10:30:14,4.96,0.01,89,44144,买盘
1166,10:30:10,4.95,--,3,1485,卖盘
1167,10:30:05,4.95,--,37,18315,卖盘
1168,10:29:59,4.95,--,3,1485,卖盘
1169,10:29:55,4.95,--,10,4950,卖盘
1170,10:29:50,4.95,--,341,168795,卖盘
1171,10:29:44,4.95,--,115,56925,卖盘
1172,10:29:40,4.95,--,111,55281,卖盘
1173,10:29:35,4.95,--,8,3960,卖盘
1174,10:29:25,4.95,-0.01,19,9469,卖盘
1175,10:29:20,4.96,--,20,9920,买盘
1176,10:29:10,4.96,0.01,10,4960,买盘
1177,10:28:55,4.95,-0.01,50,24750,卖盘
1178,10:28:44,4.96,0.01,14,6944,买盘
1179,10:28:25,4.95,--,4,1980,卖盘
1180,10:28:10,4.95,--,42,20790,卖盘
1181,10:28:05,4.95,--,163,80685,卖盘
1182,10:27:40,4.95,--,13,6494,卖盘
1183,10:27:20,4.95,--,155,76725,卖盘
1184,10:27:14,4.95,--,20,10241,卖盘
1185,10:27:09,4.95,--,58,28710,卖盘
1186,10:27:04,4.95,--,100,49500,卖盘
1187,10:26:54,4.95,-0.01,22,10890,卖盘
1188,10:26:40,4.96,-0.01,197,97900,卖盘
1189,10:26:34,4.97,0.01,141,70077,买盘
1190,10:26:29,4.96,--,41,20336,卖盘
1191,10:26:20,4.96,--,454,225184,卖盘
1192,10:26:09,4.96,--,10,4960,卖盘
1193,10:26:04,4.96,--,33,16368,卖盘
1194,10:25:59,4.96,--,74,36704,卖盘
1195,10:25:44,4.96,--,57,28272,卖盘
1196,10:25:34,4.96,--,45,22320,卖盘
1197,10:25:23,4.96,-0.01,20,9920,卖盘
1198,10:25:14,4.97,--,76,38174,买盘
1199,10:25:04,4.97,--,135,67095,买盘
1200,10:24:59,4.97,--,20,9940,买盘
1201,10:24:49,4.97,--,7,3479,买盘
1202,10:24:34,4.97,-0.01,53,26341,买盘
1203,10:24:29,4.98,--,2,996,买盘
1204,10:24:19,4.98,0.02,1,498,买盘
1205,10:24:14,4.96,--,20,9920,卖盘
1206,10:24:04,4.96,-0.02,14,6944,卖盘
1207,10:23:59,4.98,0.02,12,5976,买盘
1208,10:23:53,4.96,--,7,3472,卖盘
1209,10:23:49,4.96,--,22,10912,卖盘
1210,10:23:37,4.96,-0.02,7,3472,卖盘
1211,10:23:34,4.98,0.02,200,99600,买盘
1212,10:23:29,4.96,--,18,9171,卖盘
1213,10:23:19,4.96,-0.02,23,11566,卖盘
1214,10:23:14,4.98,--,40,19920,买盘
1215,10:23:04,4.98,--,3,1494,买盘
1216,10:22:59,4.98,--,10,4980,买盘
1217,10:22:53,4.98,--,2,996,买盘
1218,10:22:49,4.98,--,10,4980,买盘
1219,10:22:44,4.98,--,133,66234,买盘
1220,10:22:34,4.98,0.02,2,996,买盘
1221,10:22:23,4.96,--,0,0,卖盘
1222,10:22:14,4.96,--,21,10416,卖盘
1223,10:22:08,4.96,0.01,10,4960,卖盘
1224,10:22:04,4.95,--,2534,1254330,卖盘
1225,10:21:59,4.95,--,1,495,卖盘
1226,10:21:49,4.95,--,203,100485,买盘
1227,10:21:44,4.95,--,5,2475,买盘
1228,10:21:34,4.95,0.01,10,4950,买盘
1229,10:21:29,4.94,--,20,10067,卖盘
1230,10:21:19,4.94,-0.01,18,9104,卖盘
1231,10:20:59,4.95,--,27,13365,买盘
1232,10:20:49,4.95,--,5,2475,买盘
1233,10:20:44,4.95,-0.01,57,28215,卖盘
1234,10:20:38,4.96,0.01,71,35216,买盘
1235,10:20:34,4.95,--,2,990,卖盘
1236,10:20:29,4.95,--,102,50490,卖盘
1237,10:20:23,4.95,0.01,1,495,卖盘
1238,10:19:49,4.94,--,0,0,卖盘
1239,10:19:44,4.94,-0.01,54,26923,买盘
1240,10:19:34,4.95,0.01,50,24750,买盘
1241,10:19:23,4.94,-0.01,2,988,卖盘
1242,10:19:19,4.95,--,0,0,买盘
1243,10:19:13,4.95,0.01,4800,2376000,买盘
1244,10:19:08,4.94,0.01,2,988,买盘
1245,10:19:03,4.93,-0.01,1,493,卖盘
1246,10:18:49,4.94,0.01,5,2470,买盘
1247,10:18:43,4.93,-0.01,20,9860,卖盘
1248,10:18:33,4.94,0.01,46,22724,买盘
1249,10:18:28,4.93,-0.01,319,157267,卖盘
1250,10:18:23,4.94,--,149,73606,买盘
1251,10:18:13,4.94,0.01,144,71136,买盘
1252,10:18:07,4.93,-0.01,1,493,卖盘
1253,10:18:03,4.94,--,60,29640,买盘
1254,10:17:48,4.94,--,109,53846,卖盘
1255,10:17:37,4.94,-0.01,1228,606632,卖盘
1256,10:17:33,4.95,--,2,990,买盘
1257,10:17:18,4.95,0.01,50,24750,买盘
1258,10:17:13,4.94,-0.01,11,5434,卖盘
1259,10:17:08,4.95,0.01,40,19800,买盘
1260,10:16:58,4.94,--,8,3952,卖盘
1261,10:16:53,4.94,--,29,14326,卖盘
1262,10:16:43,4.94,-0.01,21,10374,卖盘
1263,10:16:32,4.95,0.01,10,4950,买盘
1264,10:16:28,4.94,--,70,34580,卖盘
1265,10:16:17,4.94,--,2,988,卖盘
1266,10:16:13,4.94,-0.01,134,66196,卖盘
1267,10:16:08,4.95,0.01,10,4950,买盘
1268,10:16:02,4.94,-0.01,3,1482,卖盘
1269,10:15:58,4.95,0.01,11,5445,买盘
1270,10:15:53,4.94,--,63,31122,卖盘
1271,10:15:38,4.94,--,173,85462,卖盘
1272,10:15:28,4.94,-0.01,177,87438,卖盘
1273,10:15:23,4.95,0.01,8,3960,买盘
1274,10:15:08,4.94,-0.01,18,8892,卖盘
1275,10:14:58,4.95,--,25,12375,买盘
1276,10:14:53,4.95,--,145,71775,买盘
1277,10:14:47,4.95,0.01,100,49500,买盘
1278,10:14:43,4.94,-0.01,1,494,卖盘
1279,10:14:38,4.95,--,157,77715,买盘
1280,10:14:27,4.95,--,183,90585,买盘
1281,10:14:23,4.95,0.01,176,87120,买盘
1282,10:14:17,4.94,-0.01,10,4940,卖盘
1283,10:14:13,4.95,--,100,49500,买盘
1284,10:14:08,4.95,0.01,12,5940,买盘
1285,10:13:57,4.94,--,16,7904,卖盘
1286,10:13:53,4.94,-0.01,1,494,卖盘
1287,10:13:47,4.95,--,1,495,买盘
1288,10:13:42,4.95,--,10,4950,买盘
1289,10:13:38,4.95,0.01,28,13860,买盘
1290,10:13:27,4.94,-0.01,65,32110,卖盘
1291,10:13:23,4.95,--,55,27225,买盘
1292,10:13:17,4.95,--,10,4950,买盘
1293,10:13:12,4.95,--,79,39105,买盘
1294,10:13:08,4.95,--,2,990,买盘
1295,10:12:57,4.95,--,132,65340,买盘
1296,10:12:47,4.95,-0.02,1805,893475,卖盘
1297,10:12:42,4.97,-0.02,34,16898,卖盘
1298,10:12:37,4.99,0.04,91,45409,买盘
1299,10:12:32,4.95,-0.05,55,27225,卖盘
1300,10:12:27,5.0,0.05,1900,950000,买盘
1301,10:12:23,4.95,--,20,9900,卖盘
1302,10:12:12,4.95,0.01,813,402435,买盘
1303,10:12:02,4.94,0.01,135,66690,买盘
1304,10:11:57,4.93,--,1,493,卖盘
1305,10:11:52,4.93,-0.01,21,10353,卖盘
1306,10:11:47,4.94,0.02,2500,1235000,买盘
1307,10:11:42,4.92,--,384,188928,卖盘
1308,10:11:37,4.92,--,49,24108,卖盘
1309,10:11:32,4.92,--,10,4920,卖盘
1310,10:11:27,4.92,--,103,50676,卖盘
1311,10:11:22,4.92,--,102,50184,卖盘
1312,10:11:17,4.92,--,54,26568,卖盘
1313,10:11:12,4.92,0.01,412,202950,买盘
1314,10:11:07,4.91,--,70,34370,卖盘
1315,10:11:02,4.91,--,102,50082,卖盘
1316,10:10:57,4.91,-0.01,105,51555,卖盘
1317,10:10:52,4.92,--,133,65436,买盘
1318,10:10:47,4.92,--,4,1968,买盘
1319,10:10:42,4.92,--,3,1476,买盘
1320,10:10:37,4.92,--,287,141204,买盘
1321,10:10:27,4.92,--,13,6396,买盘
1322,10:10:22,4.92,--,48,23616,卖盘
1323,10:10:17,4.92,--,72,35424,卖盘
1324,10:10:12,4.92,-0.01,1037,510204,卖盘
1325,10:10:07,4.93,--,15,7395,买盘
1326,10:10:02,4.93,--,10,4930,买盘
1327,10:09:57,4.93,--,6,2958,买盘
1328,10:09:52,4.93,--,3496,1723528,卖盘
1329,10:09:42,4.93,--,27,13311,卖盘
1330,10:09:37,4.93,-0.01,40,19720,卖盘
1331,10:09:32,4.94,0.01,60,29640,买盘
1332,10:09:27,4.93,--,27,13311,卖盘
1333,10:09:22,4.93,--,19,9367,卖盘
1334,10:09:17,4.93,--,365,179945,卖盘
1335,10:09:12,4.93,--,613,302209,卖盘
1336,10:09:07,4.93,-0.01,670,330310,卖盘
1337,10:09:02,4.94,--,132,65208,买盘
1338,10:08:56,4.94,0.01,12,5928,买盘
1339,10:08:47,4.93,--,284,140012,卖盘
1340,10:08:37,4.93,-0.01,27,13311,卖盘
1341,10:08:26,4.94,0.01,1,494,买盘
1342,10:08:22,4.93,-0.01,24,11832,卖盘
1343,10:08:17,4.94,--,1401,692341,卖盘
1344,10:08:11,4.94,--,94,46436,卖盘
1345,10:08:02,4.94,--,30,14820,卖盘
1346,10:07:56,4.94,-0.01,655,323570,卖盘
1347,10:07:52,4.95,0.01,15,7425,买盘
1348,10:07:47,4.94,--,40,19760,卖盘
1349,10:07:41,4.94,--,2,988,卖盘
1350,10:07:37,4.94,-0.01,10,4940,卖盘
1351,10:07:32,4.95,--,9,4702,买盘
1352,10:07:26,4.95,--,5,2475,买盘
1353,10:07:22,4.95,0.01,2,990,买盘
1354,10:07:17,4.94,--,100,49400,卖盘
1355,10:07:07,4.94,--,217,107198,卖盘
1356,10:07:01,4.94,--,120,59280,卖盘
1357,10:06:37,4.94,-0.01,27,13338,卖盘
1358,10:06:32,4.95,0.01,10,4950,买盘
1359,10:06:22,4.94,-0.01,3,1482,卖盘
1360,10:06:17,4.95,0.01,19,9405,买盘
1361,10:06:06,4.94,-0.01,61,30134,卖盘
1362,10:05:56,4.95,0.01,17,8415,买盘
1363,10:05:47,4.94,-0.01,564,278616,卖盘
1364,10:05:41,4.95,--,608,300960,卖盘
1365,10:05:36,4.95,--,869,430155,卖盘
1366,10:05:32,4.95,--,26,12870,卖盘
1367,10:05:26,4.95,-0.01,211,104445,卖盘
1368,10:05:21,4.96,0.01,50,24800,买盘
1369,10:05:17,4.95,-0.01,60,29700,卖盘
1370,10:05:06,4.96,0.01,60,29760,买盘
1371,10:04:56,4.95,-0.01,814,402930,卖盘
1372,10:04:51,4.96,0.01,55,27280,买盘
1373,10:04:47,4.95,--,121,59895,卖盘
1374,10:04:36,4.95,-0.01,145,71775,卖盘
1375,10:04:31,4.96,--,3,1488,买盘
1376,10:04:11,4.96,--,50,24800,买盘
1377,10:04:06,4.96,--,1,496,买盘
1378,10:04:01,4.96,--,10,4960,买盘
1379,10:03:51,4.96,--,35,17360,买盘
1380,10:03:46,4.96,-0.01,54,26784,卖盘
1381,10:03:41,4.97,0.01,36,17892,买盘
1382,10:03:36,4.96,--,10,4960,卖盘
1383,10:03:31,4.96,--,7,3472,卖盘
1384,10:03:26,4.96,--,3,1488,卖盘
1385,10:03:21,4.96,0.01,29,14384,卖盘
1386,10:03:16,4.95,-0.01,772,382140,卖盘
1387,10:03:11,4.96,--,4,1984,买盘
1388,10:03:06,4.96,--,200,99200,买盘
1389,10:03:01,4.96,0.01,143,70928,买盘
1390,10:02:56,4.95,-0.01,1,495,卖盘
1391,10:02:36,4.96,--,51,25296,买盘
1392,10:02:31,4.96,0.01,5,2480,买盘
1393,10:02:26,4.95,--,2,990,卖盘
1394,10:02:21,4.95,--,10,4950,卖盘
1395,10:02:11,4.95,--,4,1980,卖盘
1396,10:02:06,4.95,--,57,28215,卖盘
1397,10:02:01,4.95,--,21,10395,卖盘
1398,10:01:51,4.95,-0.01,2,990,卖盘
1399,10:01:46,4.96,--,165,81840,买盘
1400,10:01:41,4.96,--,18,8928,买盘
1401,10:01:36,4.96,--,90,44640,买盘
1402,10:01:31,4.96,--,145,71920,买盘
1403,10:01:26,4.96,--,5,2480,买盘
1404,10:01:21,4.96,--,124,61504,买盘
1405,10:01:16,4.96,0.01,10,4960,买盘
1406,10:01:05,4.95,--,18,8910,卖盘
1407,10:01:01,4.95,-0.01,2,990,卖盘
1408,10:00:51,4.96,0.01,20,9920,买盘
1409,10:00:46,4.95,--,23,11385,卖盘
1410,10:00:41,4.95,--,32,15840,卖盘
1411,10:00:35,4.95,-0.01,625,309375,卖盘
1412,10:00:31,4.96,0.01,1,496,买盘
1413,10:00:26,4.95,--,12,5940,卖盘
1414,10:00:16,4.95,-0.01,81,40095,卖盘
1415,10:00:11,4.96,0.01,8,3968,买盘
1416,10:00:01,4.95,-0.01,55,27225,卖盘
1417,09:59:56,4.96,--,25,12400,买盘
1418,09:59:46,4.96,--,82,40672,买盘
1419,09:59:35,4.96,-0.01,517,256432,卖盘
1420,09:59:26,4.97,0.01,10,4970,买盘
1421,09:59:20,4.96,--,2,992,卖盘
1422,09:59:16,4.96,--,13,6448,卖盘
1423,09:59:11,4.96,--,87,43152,卖盘
1424,09:59:05,4.96,--,14,6944,卖盘
1425,09:59:01,4.96,--,31,15376,卖盘
1426,09:58:56,4.96,--,51,25296,卖盘
1427,09:58:46,4.96,--,68,33728,卖盘
1428,09:58:40,4.96,-0.01,198,98208,卖盘
1429,09:58:31,4.97,0.01,899,446803,买盘
1430,09:58:20,4.96,-0.01,7,3472,卖盘
1431,09:58:15,4.97,--,19,9443,买盘
1432,09:58:11,4.97,0.01,95,47215,买盘
1433,09:58:05,4.96,-0.01,111,55056,卖盘
1434,09:57:50,4.97,--,3,1491,买盘
1435,09:57:30,4.97,--,103,51191,买盘
1436,09:56:55,4.97,0.01,10,4970,买盘
1437,09:56:50,4.96,-0.01,33,16368,卖盘
1438,09:56:35,4.97,0.01,92,45724,买盘
1439,09:56:30,4.96,--,18,8928,买盘
1440,09:56:25,4.96,--,3,1488,买盘
1441,09:56:15,4.96,--,13,6448,买盘
1442,09:56:10,4.96,--,70,34720,买盘
1443,09:56:05,4.96,--,10,4960,买盘
1444,09:56:00,4.96,--,107,53072,卖盘
1445,09:55:45,4.96,--,570,282720,卖盘
1446,09:55:40,4.96,-0.01,11,5456,卖盘
1447,09:55:30,4.97,--,22,10934,买盘
1448,09:55:25,4.97,0.01,80,39760,买盘
1449,09:55:15,4.96,--,42,20832,卖盘
1450,09:55:05,4.96,-0.01,127,62992,卖盘
1451,09:55:00,4.97,--,12,5964,买盘
1452,09:54:55,4.97,--,116,57652,买盘
1453,09:54:50,4.97,--,10,4970,买盘
1454,09:54:45,4.97,0.01,22,10934,买盘
1455,09:54:35,4.96,-0.01,320,158720,卖盘
1456,09:54:30,4.97,0.01,49,24353,买盘
1457,09:54:15,4.96,--,9,4464,卖盘
1458,09:54:10,4.96,-0.01,1,496,卖盘
1459,09:54:00,4.97,0.01,1,497,买盘
1460,09:53:55,4.96,-0.01,20,9920,卖盘
1461,09:53:50,4.97,0.01,100,49700,买盘
1462,09:53:45,4.96,--,11,5456,卖盘
1463,09:53:40,4.96,--,97,48112,买盘
1464,09:53:35,4.96,--,115,57040,买盘
1465,09:53:29,4.96,--,43,21328,买盘
1466,09:53:25,4.96,--,346,171616,买盘
1467,09:53:20,4.96,--,1,496,买盘
1468,09:53:15,4.96,--,170,84320,买盘
1469,09:53:10,4.96,0.01,312,154752,买盘
1470,09:52:55,4.95,--,13,6435,卖盘
1471,09:52:50,4.95,--,1885,933317,买盘
1472,09:52:44,4.95,--,44,21780,买盘
1473,09:52:40,4.95,--,15,7425,买盘
1474,09:52:35,4.95,--,623,308385,买盘
1475,09:52:25,4.95,0.01,61,30195,买盘
1476,09:52:14,4.94,--,50,24700,卖盘
1477,09:52:10,4.94,--,193,95342,卖盘
1478,09:52:05,4.94,--,2,988,卖盘
1479,09:51:55,4.94,-0.01,8,3952,卖盘
1480,09:51:50,4.95,0.01,423,209385,买盘
1481,09:51:44,4.94,-0.01,10,4940,卖盘
1482,09:51:40,4.95,0.01,77,38115,买盘
1483,09:51:35,4.94,--,931,459914,卖盘
1484,09:51:29,4.94,--,6,2964,卖盘
1485,09:51:24,4.94,--,288,142272,卖盘
1486,09:51:19,4.94,--,152,75088,卖盘
1487,09:51:14,4.94,--,14,6916,卖盘
1488,09:51:10,4.94,-0.01,122,60268,卖盘
1489,09:51:04,4.95,--,209,103455,买盘
1490,09:50:59,4.95,0.01,21,10395,买盘
1491,09:50:55,4.94,--,344,169936,卖盘
1492,09:50:48,4.94,--,1,494,卖盘
1493,09:50:44,4.94,--,18,8892,卖盘
1494,09:50:40,4.94,--,878,433732,卖盘
1495,09:50:34,4.94,--,75,37050,卖盘
1496,09:50:28,4.94,--,131,64714,卖盘
1497,09:50:25,4.94,--,21,10374,卖盘
1498,09:50:18,4.94,-0.01,81,40014,卖盘
1499,09:50:14,4.95,0.01,26,12870,买盘
1500,09:50:09,4.94,-0.01,8,3952,卖盘
1501,09:50:04,4.95,0.01,140,69300,买盘
1502,09:49:59,4.94,--,32,15808,卖盘
1503,09:49:54,4.94,-0.01,28,13832,卖盘
1504,09:49:49,4.95,0.01,167,82665,买盘
1505,09:49:44,4.94,-0.01,19,9386,卖盘
1506,09:49:39,4.95,0.01,92,45540,买盘
1507,09:49:34,4.94,-0.01,699,345306,卖盘
1508,09:49:29,4.95,--,52,25740,买盘
1509,09:49:24,4.95,--,63,31185,买盘
1510,09:49:19,4.95,--,5,2475,买盘
1511,09:49:14,4.95,0.01,303,149985,买盘
1512,09:49:09,4.94,-0.01,18,8892,卖盘
1513,09:49:04,4.95,--,200,99000,买盘
1514,09:48:54,4.95,-0.01,918,454410,卖盘
1515,09:48:49,4.96,0.01,488,242048,买盘
1516,09:48:39,4.95,--,417,206415,卖盘
1517,09:48:33,4.95,--,49,24255,卖盘
1518,09:48:29,4.95,--,20,9900,卖盘
1519,09:48:24,4.95,-0.01,48,23760,卖盘
1520,09:48:19,4.96,0.01,711,352656,买盘
1521,09:48:14,4.95,-0.01,37,18315,卖盘
1522,09:48:09,4.96,--,219,108624,买盘
1523,09:48:04,4.96,--,100,49600,买盘
1524,09:47:54,4.96,--,230,114080,卖盘
1525,09:47:48,4.96,--,2,992,卖盘
1526,09:47:39,4.96,0.01,145,71920,买盘
1527,09:47:34,4.95,-0.01,18,8910,卖盘
1528,09:47:29,4.96,--,19,9424,买盘
1529,09:47:24,4.96,--,215,106640,买盘
1530,09:47:18,4.96,--,1531,759376,卖盘
1531,09:47:14,4.96,-0.01,72,35712,卖盘
1532,09:46:54,4.97,0.01,2,994,买盘
1533,09:46:48,4.96,-0.01,11,5456,卖盘
1534,09:46:33,4.97,--,30,14910,买盘
1535,09:46:18,4.97,--,308,153076,卖盘
1536,09:46:09,4.97,--,40,19880,卖盘
1537,09:46:03,4.97,-0.01,50,24850,卖盘
1538,09:45:59,4.98,--,100,49800,买盘
1539,09:45:54,4.98,0.01,100,49800,中性盘
1540,09:45:48,4.97,-0.01,50,24850,卖盘
1541,09:45:44,4.98,0.01,11,5478,买盘
1542,09:45:33,4.97,-0.01,8,3976,卖盘
1543,09:45:29,4.98,0.01,13,6474,买盘
1544,09:45:24,4.97,-0.01,54,26838,卖盘
1545,09:45:18,4.98,0.01,692,344616,买盘
1546,09:45:14,4.97,-0.01,28,13916,卖盘
1547,09:45:08,4.98,0.01,2,996,买盘
1548,09:45:03,4.97,-0.01,5,2485,卖盘
1549,09:44:48,4.98,0.02,2233,1112034,买盘
1550,09:44:43,4.96,-0.01,250,124000,卖盘
1551,09:44:38,4.97,--,10,4970,买盘
1552,09:44:33,4.97,0.01,36,17892,买盘
1553,09:44:28,4.96,--,204,101184,卖盘
1554,09:44:23,4.96,-0.01,40,19840,卖盘
1555,09:44:18,4.97,0.02,169,83993,买盘
1556,09:44:12,4.95,-0.02,1400,693000,卖盘
1557,09:44:08,4.97,--,210,104370,买盘
1558,09:44:03,4.97,0.01,350,173950,买盘
1559,09:43:58,4.96,--,5,2480,卖盘
1560,09:43:48,4.96,-0.01,322,159712,卖盘
1561,09:43:43,4.97,--,52,25844,卖盘
1562,09:43:38,4.97,--,863,428911,卖盘
1563,09:43:33,4.97,--,50,24850,卖盘
1564,09:43:29,4.97,--,33,16401,卖盘
1565,09:43:23,4.97,-0.01,2,994,卖盘
1566,09:43:18,4.98,--,253,125994,买盘
1567,09:43:12,4.98,--,18,8964,买盘
1568,09:42:57,4.98,--,350,174300,卖盘
1569,09:42:53,4.98,--,34,16932,卖盘
1570,09:42:48,4.98,-0.01,20,9960,卖盘
1571,09:42:42,4.99,0.01,5,2495,买盘
1572,09:42:38,4.98,--,213,106074,卖盘
1573,09:42:33,4.98,-0.01,7,3486,卖盘
1574,09:42:27,4.99,--,50,24950,买盘
1575,09:42:23,4.99,0.01,27,13473,买盘
1576,09:42:12,4.98,--,40,19920,卖盘
1577,09:42:08,4.98,--,5,2490,卖盘
1578,09:42:03,4.98,--,30,14940,卖盘
1579,09:41:57,4.98,--,80,39840,卖盘
1580,09:41:53,4.98,--,4,1992,卖盘
1581,09:41:48,4.98,--,27,13446,卖盘
1582,09:41:42,4.98,--,44,21912,卖盘
1583,09:41:38,4.98,--,10,4980,卖盘
1584,09:41:33,4.98,--,5,2490,卖盘
1585,09:41:12,4.98,--,313,155874,卖盘
1586,09:41:08,4.98,--,61,30378,卖盘
1587,09:41:03,4.98,-0.01,508,252984,卖盘
1588,09:40:57,4.99,0.01,30,14970,买盘
1589,09:40:42,4.98,-0.01,1,498,卖盘
1590,09:40:27,4.99,--,69,34431,买盘
1591,09:40:23,4.99,0.01,4,1996,卖盘
1592,09:40:18,4.98,--,0,0,卖盘
1593,09:40:12,4.98,-0.01,29,14442,卖盘
1594,09:40:08,4.99,0.01,120,59880,买盘
1595,09:40:03,4.98,--,21,10458,卖盘
1596,09:39:57,4.98,--,12,5976,卖盘
1597,09:39:48,4.98,--,81,40338,卖盘
1598,09:39:42,4.98,-0.01,46,22908,卖盘
1599,09:39:38,4.99,--,83,41417,买盘
1600,09:39:33,4.99,--,20,9980,买盘
1601,09:39:27,4.99,--,37,18463,买盘
1602,09:39:23,4.99,--,22,10978,买盘
1603,09:39:18,4.99,--,28,13972,买盘
1604,09:39:12,4.99,--,24,11976,买盘
1605,09:38:57,4.99,--,293,146207,卖盘
1606,09:38:48,4.99,-0.01,445,222055,卖盘
1607,09:38:42,5.0,0.01,26,13000,买盘
1608,09:38:38,4.99,--,40,19960,卖盘
1609,09:38:33,4.99,-0.01,9,4491,卖盘
1610,09:38:27,5.0,--,10,5000,买盘
1611,09:38:22,5.0,0.01,4,2000,买盘
1612,09:38:12,4.99,-0.01,17,8483,卖盘
1613,09:38:02,5.0,0.01,2,1000,买盘
1614,09:37:52,4.99,--,48,23952,卖盘
1615,09:37:42,4.99,--,300,149700,卖盘
1616,09:37:27,4.99,--,36,17964,卖盘
1617,09:37:21,4.99,--,77,38423,卖盘
1618,09:37:17,4.99,--,22,10978,卖盘
1619,09:37:12,4.99,--,55,27445,卖盘
1620,09:37:06,4.99,-0.01,25,12475,卖盘
1621,09:37:02,5.0,0.01,10,5000,买盘
1622,09:36:57,4.99,-0.01,46,22954,卖盘
1623,09:36:51,5.0,0.01,10,5000,买盘
1624,09:36:42,4.99,-0.01,40,19960,卖盘
1625,09:36:36,5.0,--,5,2500,买盘
1626,09:36:27,5.0,--,2,1000,买盘
1627,09:36:21,5.0,0.01,92,46000,买盘
1628,09:36:17,4.99,--,279,139221,卖盘
1629,09:36:06,4.99,--,3,1497,卖盘
1630,09:35:57,4.99,--,1030,513970,卖盘
1631,09:35:51,4.99,--,20,9980,卖盘
1632,09:35:47,4.99,-0.01,20,9980,卖盘
1633,09:35:36,5.0,--,3,1500,买盘
1634,09:35:32,5.0,--,25,12500,买盘
1635,09:35:27,5.0,--,8,4000,买盘
1636,09:35:21,5.0,--,5,2500,中性盘
1637,09:35:17,5.0,0.01,131,65500,买盘
1638,09:35:12,4.99,-0.02,440,219560,卖盘
1639,09:35:02,5.01,0.01,123,61623,买盘
1640,09:34:57,5.0,--,9,4500,买盘
1641,09:34:51,5.0,--,137,68735,卖盘
1642,09:34:47,5.0,--,26,13000,卖盘
1643,09:34:42,5.0,--,541,270500,卖盘
1644,09:34:36,5.0,--,96,48000,卖盘
1645,09:34:32,5.0,--,104,52000,卖盘
1646,09:34:27,5.0,-0.01,624,312000,卖盘
1647,09:34:17,5.01,--,1,501,买盘
1648,09:34:12,5.01,--,20,10020,买盘
1649,09:34:06,5.01,--,79,39579,买盘
1650,09:34:02,5.01,--,10,5010,买盘
1651,09:33:57,5.01,0.01,14,7014,买盘
1652,09:33:42,5.0,--,1237,618765,买盘
1653,09:33:36,5.0,0.01,130,65000,买盘
1654,09:33:32,4.99,-0.01,5,2495,卖盘
1655,09:33:27,5.0,0.01,135,67500,买盘
1656,09:33:21,4.99,-0.01,111,55389,卖盘
1657,09:33:12,5.0,0.01,1,500,买盘
1658,09:33:06,4.99,--,4,1996,卖盘
1659,09:32:42,4.99,--,493,246007,买盘
1660,09:32:36,4.99,--,50,24950,买盘
1661,09:32:32,4.99,--,50,24950,买盘
1662,09:32:27,4.99,--,231,115269,买盘
1663,09:32:21,4.99,--,100,49900,买盘
1664,09:32:06,4.99,--,30,14970,买盘
1665,09:32:01,4.99,--,50,24950,买盘
1666,09:31:57,4.99,0.01,30,14970,买盘
1667,09:31:51,4.98,-0.01,85,42330,卖盘
1668,09:31:41,4.99,0.01,53,26447,买盘
1669,09:31:36,4.98,-0.01,33,16434,卖盘
1670,09:31:31,4.99,0.01,8,3992,买盘
1671,09:31:27,4.98,--,33,16434,卖盘
1672,09:31:21,4.98,--,36,17928,卖盘
1673,09:31:12,4.98,--,74,36852,卖盘
1674,09:31:06,4.98,-0.01,3,1494,卖盘
1675,09:31:02,4.99,--,23,11477,买盘
1676,09:30:56,4.99,0.01,10,4990,买盘
1677,09:30:51,4.98,--,18,8964,卖盘
1678,09:30:46,4.98,--,248,123504,买盘
1679,09:30:36,4.98,0.01,2,996,买盘
1680,09:30:30,4.97,--,1,497,卖盘
1681,09:30:26,4.97,--,15,7455,卖盘
1682,09:30:21,4.97,-0.01,165,82005,卖盘
1683,09:30:06,4.98,-0.01,406,202188,卖盘
1684,09:28:47,4.99,--,0,0,买盘
1685,09:25:05,4.99,4.99,457,228043,买盘
