,time,price,change,volume,amount,type
0,15:00:00,5.42,--,0,0,卖盘
1,14:59:59,5.42,--,0,0,卖盘
2,14:59:56,5.42,--,168,91056,卖盘
3,14:59:50,5.42,--,15,8130,卖盘
4,14:59:46,5.42,-0.01,7,3794,卖盘
5,14:59:41,5.43,--,8,4344,买盘
6,14:59:35,5.43,0.01,66,35838,买盘
7,14:59:26,5.42,--,34,18428,卖盘
8,14:59:20,5.42,--,99,53658,卖盘
9,14:59:16,5.42,--,46,24932,卖盘
10,14:59:11,5.42,-0.01,269,145798,卖盘
11,14:59:05,5.43,0.01,20,10860,买盘
12,14:59:01,5.42,-0.01,301,163142,卖盘
13,14:58:55,5.43,0.01,10,5430,买盘
14,14:58:50,5.42,-0.01,76,41192,卖盘
15,14:58:45,5.43,0.01,430,233490,买盘
16,14:58:40,5.42,-0.01,2031,1100802,卖盘
17,14:58:35,5.43,--,79,42897,买盘
18,14:58:30,5.43,0.01,20,10860,买盘
19,14:58:25,5.42,--,3264,1769088,卖盘
20,14:58:20,5.42,--,15,8130,卖盘
21,14:58:10,5.42,-0.01,72,39024,卖盘
22,14:58:00,5.43,--,82,44526,买盘
23,14:57:55,5.43,0.01,9,4887,买盘
24,14:57:50,5.42,-0.01,35,18970,卖盘
25,14:57:35,5.43,--,2509,1362387,买盘
26,14:57:25,5.43,0.01,114,61902,买盘
27,14:57:20,5.42,--,418,226556,卖盘
28,14:57:15,5.42,--,9,4878,卖盘
29,14:57:10,5.42,-0.01,55,29810,卖盘
30,14:57:05,5.43,0.01,614,333402,买盘
31,14:57:00,5.42,-0.01,225,121950,卖盘
32,14:56:55,5.43,--,235,127605,买盘
33,14:56:50,5.43,0.01,226,122718,买盘
34,14:56:40,5.42,--,40,21680,卖盘
35,14:56:35,5.42,--,169,91598,卖盘
36,14:56:30,5.42,--,1,542,卖盘
37,14:56:25,5.42,--,55,29810,卖盘
38,14:56:20,5.42,--,63,34146,卖盘
39,14:56:10,5.42,-0.01,100,54200,卖盘
40,14:56:05,5.43,0.01,208,112944,买盘
41,14:56:00,5.42,--,944,511648,卖盘
42,14:55:55,5.42,--,66,35772,卖盘
43,14:55:50,5.42,--,19,10298,卖盘
44,14:55:45,5.42,--,11,5962,卖盘
45,14:55:39,5.42,--,293,158806,卖盘
46,14:55:35,5.42,-0.01,160,86720,卖盘
47,14:55:25,5.43,0.01,6,3258,买盘
48,14:55:20,5.42,--,1688,914896,卖盘
49,14:55:15,5.42,-0.01,135,73170,卖盘
50,14:55:09,5.43,0.01,14,7602,买盘
51,14:55:05,5.42,--,354,191868,卖盘
52,14:55:00,5.42,--,27,14634,卖盘
53,14:54:54,5.42,--,15,8130,卖盘
54,14:54:39,5.42,--,214,115988,卖盘
55,14:54:35,5.42,--,275,149050,卖盘
56,14:54:30,5.42,--,92,49864,卖盘
57,14:54:20,5.42,--,716,388072,卖盘
58,14:54:15,5.42,-0.01,802,434684,卖盘
59,14:54:09,5.43,0.01,28,15204,买盘
60,14:54:05,5.42,--,1301,705662,卖盘
61,14:54:00,5.42,--,20,10840,卖盘
62,14:53:54,5.42,--,14,7588,卖盘
63,14:53:50,5.42,-0.01,156,84552,卖盘
64,14:53:35,5.43,0.01,7,3801,买盘
65,14:53:24,5.42,--,55,29810,卖盘
66,14:53:20,5.42,--,54,29268,卖盘
67,14:53:15,5.42,-0.01,961,520862,卖盘
68,14:53:09,5.43,0.01,10,5430,买盘
69,14:53:05,5.42,-0.01,188,101896,卖盘
70,14:52:54,5.43,0.01,74,40182,买盘
71,14:52:50,5.42,--,45,24390,卖盘
72,14:52:45,5.42,--,125,67750,卖盘
73,14:52:39,5.42,--,5,2710,卖盘
74,14:52:35,5.42,--,290,157180,卖盘
75,14:52:30,5.42,--,212,114904,卖盘
76,14:52:24,5.42,--,292,158264,卖盘
77,14:52:20,5.42,-0.01,121,65582,卖盘
78,14:52:15,5.43,--,1,543,买盘
79,14:52:09,5.43,0.01,300,162900,买盘
80,14:52:05,5.42,--,13,7046,卖盘
81,14:52:00,5.42,--,279,151218,卖盘
82,14:51:54,5.42,--,1586,859612,卖盘
83,14:51:50,5.42,--,106,57452,卖盘
84,14:51:44,5.42,--,2,1084,卖盘
85,14:51:39,5.42,--,19,10298,卖盘
86,14:51:35,5.42,-0.01,8,4336,卖盘
87,14:51:30,5.43,0.01,3,1629,买盘
88,14:51:24,5.42,--,9,4878,卖盘
89,14:51:19,5.42,--,118,63956,卖盘
90,14:51:09,5.42,--,269,145798,卖盘
91,14:51:05,5.42,--,200,108400,卖盘
92,14:50:54,5.42,--,409,221678,卖盘
93,14:50:48,5.42,--,5,2710,卖盘
94,14:50:39,5.42,--,84,45528,卖盘
95,14:50:33,5.42,-0.01,3,1626,卖盘
96,14:50:29,5.43,--,74,40182,买盘
97,14:50:24,5.43,--,50,27150,买盘
98,14:50:18,5.43,0.01,126,68418,买盘
99,14:50:03,5.42,--,105,56910,卖盘
100,14:49:54,5.42,-0.01,119,64498,卖盘
101,14:49:39,5.43,0.01,505,274215,买盘
102,14:49:33,5.42,--,143,77506,卖盘
103,14:49:29,5.42,--,221,119782,卖盘
104,14:49:18,5.42,-0.01,396,214632,卖盘
105,14:49:14,5.43,0.01,110,59730,买盘
106,14:49:03,5.42,--,89,48238,卖盘
107,14:48:59,5.42,--,74,40108,卖盘
108,14:48:54,5.42,--,30,16260,卖盘
109,14:48:48,5.42,--,396,214632,卖盘
110,14:48:44,5.42,--,485,262870,卖盘
111,14:48:33,5.42,-0.01,3,1626,卖盘
112,14:48:29,5.43,0.01,29,15747,买盘
113,14:48:18,5.42,--,219,118698,卖盘
114,14:48:09,5.42,-0.01,50,27100,卖盘
115,14:48:03,5.43,0.01,18,9774,买盘
116,14:47:59,5.42,-0.01,228,123576,卖盘
117,14:47:44,5.43,--,11,5973,买盘
118,14:47:33,5.43,--,10,5430,买盘
119,14:47:29,5.43,--,94,51042,买盘
120,14:47:24,5.43,--,82,44526,买盘
121,14:47:18,5.43,0.01,1,543,买盘
122,14:47:14,5.42,--,30,16260,卖盘
123,14:47:09,5.42,--,207,112194,卖盘
124,14:47:03,5.42,-0.01,65,35230,卖盘
125,14:46:59,5.43,--,9,4887,买盘
126,14:46:48,5.43,0.01,36,19548,买盘
127,14:46:44,5.42,--,74,40108,卖盘
128,14:46:39,5.42,--,10,5420,卖盘
129,14:46:33,5.42,-0.01,397,215174,卖盘
130,14:46:29,5.43,--,243,131949,买盘
131,14:46:14,5.43,--,134,72762,买盘
132,14:46:09,5.43,--,108,58644,买盘
133,14:46:03,5.43,0.01,55,29865,买盘
134,14:45:54,5.42,-0.01,199,107858,卖盘
135,14:45:39,5.43,--,55,29865,买盘
136,14:45:33,5.43,0.01,37,20091,买盘
137,14:45:29,5.42,--,9,4878,卖盘
138,14:45:23,5.42,--,6,3252,卖盘
139,14:45:18,5.42,-0.01,220,119240,卖盘
140,14:45:14,5.43,--,44,23892,买盘
141,14:45:03,5.43,--,649,352407,买盘
142,14:44:58,5.43,0.01,1,543,买盘
143,14:44:53,5.42,--,1,542,卖盘
144,14:44:48,5.42,--,347,188074,卖盘
145,14:44:44,5.42,--,754,408668,卖盘
146,14:44:33,5.42,-0.01,23,12466,卖盘
147,14:44:27,5.43,--,80,43440,买盘
148,14:44:23,5.43,--,64,34752,买盘
149,14:44:12,5.43,--,20,10860,买盘
150,14:44:08,5.43,--,1,543,买盘
151,14:44:03,5.43,--,18,9774,买盘
152,14:43:57,5.43,--,603,327429,买盘
153,14:43:48,5.43,0.01,225,122175,买盘
154,14:43:38,5.42,--,5,2710,卖盘
155,14:43:33,5.42,--,4,2168,卖盘
156,14:43:27,5.42,--,59,31978,卖盘
157,14:43:23,5.42,--,10,5420,卖盘
158,14:43:18,5.42,--,26,14092,卖盘
159,14:43:12,5.42,--,16,8672,卖盘
160,14:43:08,5.42,--,13,7046,卖盘
161,14:43:03,5.42,-0.01,11,6016,卖盘
162,14:42:57,5.43,--,20,10860,买盘
163,14:42:53,5.43,0.01,64,34752,买盘
164,14:42:48,5.42,--,1,542,卖盘
165,14:42:42,5.42,--,2,1084,卖盘
166,14:42:38,5.42,--,1,542,卖盘
167,14:42:33,5.42,--,423,229629,买盘
168,14:42:27,5.42,--,2,1084,买盘
169,14:42:23,5.42,--,133,72086,买盘
170,14:42:18,5.42,--,100,54200,买盘
171,14:42:12,5.42,--,30,16260,买盘
172,14:42:03,5.42,--,425,230350,买盘
173,14:41:53,5.42,--,124,67208,买盘
174,14:41:42,5.42,--,40,21680,买盘
175,14:41:38,5.42,0.01,108,58536,买盘
176,14:41:33,5.41,-0.01,561,303501,卖盘
177,14:41:27,5.42,--,377,204334,买盘
178,14:41:23,5.42,--,90,48780,买盘
179,14:41:18,5.42,--,50,27100,买盘
180,14:41:12,5.42,--,239,129538,买盘
181,14:41:08,5.42,--,120,65040,买盘
182,14:41:03,5.42,--,7,3794,买盘
183,14:40:57,5.42,--,38,20596,买盘
184,14:40:53,5.42,0.01,14,7588,买盘
185,14:40:42,5.41,-0.01,10,5410,卖盘
186,14:40:38,5.42,--,567,307314,买盘
187,14:40:33,5.42,0.01,10,5420,买盘
188,14:40:27,5.41,-0.01,61,33001,卖盘
189,14:40:18,5.42,--,10,5420,买盘
190,14:40:08,5.42,--,47,25474,买盘
191,14:39:57,5.42,0.01,80,43360,买盘
192,14:39:53,5.41,-0.01,147,79527,卖盘
193,14:39:42,5.42,0.01,422,228724,买盘
194,14:39:38,5.41,-0.01,57,30837,卖盘
195,14:39:33,5.42,--,12,6504,买盘
196,14:39:27,5.42,--,484,262712,卖盘
197,14:39:23,5.42,--,490,265580,卖盘
198,14:39:18,5.42,-0.01,1,542,卖盘
199,14:39:12,5.43,0.01,10,5430,买盘
200,14:39:08,5.42,--,124,67208,卖盘
201,14:39:03,5.42,-0.01,287,155554,卖盘
202,14:38:57,5.43,--,20,10860,买盘
203,14:38:53,5.43,0.01,17,9231,买盘
204,14:38:42,5.42,-0.01,25,13550,卖盘
205,14:38:37,5.43,0.01,20,10860,买盘
206,14:38:33,5.42,--,4,2168,卖盘
207,14:38:22,5.42,--,7,3794,卖盘
208,14:38:12,5.42,-0.01,278,150833,卖盘
209,14:38:06,5.43,0.01,41,22263,买盘
210,14:38:02,5.42,-0.01,120,65040,卖盘
211,14:37:48,5.43,0.01,2,1086,买盘
212,14:37:42,5.42,-0.01,59,31978,卖盘
213,14:37:36,5.43,0.01,308,167244,买盘
214,14:37:32,5.42,-0.01,3,1626,卖盘
215,14:37:27,5.43,--,2,1086,买盘
216,14:37:21,5.43,0.01,27,14661,买盘
217,14:37:06,5.42,--,1274,690513,卖盘
218,14:37:02,5.42,--,3,1626,卖盘
219,14:36:57,5.42,--,76,41192,卖盘
220,14:36:51,5.42,-0.01,106,57452,卖盘
221,14:36:42,5.43,0.01,70,38010,买盘
222,14:36:36,5.42,--,100,54200,卖盘
223,14:36:32,5.42,--,4,2168,卖盘
224,14:36:27,5.42,-0.01,2788,1511096,卖盘
225,14:36:21,5.43,0.01,2,1086,买盘
226,14:36:17,5.42,--,101,54742,卖盘
227,14:36:12,5.42,-0.01,123,66666,卖盘
228,14:36:06,5.43,0.01,74,40182,买盘
229,14:36:02,5.42,--,758,410836,卖盘
230,14:35:51,5.42,--,317,171814,卖盘
231,14:35:47,5.42,-0.01,174,94308,卖盘
232,14:35:42,5.43,0.01,460,249780,买盘
233,14:35:36,5.42,--,4,2168,卖盘
234,14:35:27,5.42,--,69,37398,卖盘
235,14:35:21,5.42,--,2000,1084000,卖盘
236,14:35:12,5.42,--,50,27100,卖盘
237,14:35:06,5.42,-0.01,203,110026,卖盘
238,14:35:02,5.43,0.01,64,34752,买盘
239,14:34:51,5.42,--,100,54200,卖盘
240,14:34:47,5.42,-0.01,23,12466,卖盘
241,14:34:42,5.43,0.01,275,149325,买盘
242,14:34:36,5.42,--,167,90514,卖盘
243,14:34:32,5.42,--,513,278046,卖盘
244,14:34:27,5.42,--,10,5420,卖盘
245,14:34:21,5.42,--,8,4336,卖盘
246,14:34:06,5.42,--,58,31436,卖盘
247,14:34:02,5.42,--,542,293764,卖盘
248,14:33:57,5.42,-0.01,90,48780,卖盘
249,14:33:51,5.43,0.01,97,52671,买盘
250,14:33:41,5.42,--,1,542,卖盘
251,14:33:36,5.42,--,4,2168,卖盘
252,14:33:32,5.42,--,146,79132,卖盘
253,14:33:06,5.42,--,20,10840,卖盘
254,14:33:02,5.42,--,386,209212,卖盘
255,14:32:56,5.42,--,7,3794,卖盘
256,14:32:51,5.42,--,96,52032,卖盘
257,14:32:41,5.42,--,3,1626,卖盘
258,14:32:36,5.42,--,4,2168,卖盘
259,14:32:32,5.42,-0.01,13,7046,卖盘
260,14:32:21,5.43,0.01,64,34752,买盘
261,14:32:15,5.42,--,101,54742,卖盘
262,14:32:06,5.42,--,81,43902,卖盘
263,14:32:01,5.42,-0.01,419,227098,卖盘
264,14:31:45,5.43,--,5,2715,买盘
265,14:31:41,5.43,0.01,30,16290,买盘
266,14:31:36,5.42,-0.01,3,1626,卖盘
267,14:31:30,5.43,--,483,262269,买盘
268,14:31:26,5.43,0.01,80,43440,买盘
269,14:31:21,5.42,-0.01,74,40108,卖盘
270,14:31:11,5.43,0.01,7,3801,买盘
271,14:31:06,5.42,-0.01,3,1626,卖盘
272,14:31:00,5.43,--,78,42354,买盘
273,14:30:51,5.43,0.01,97,52671,买盘
274,14:30:45,5.42,--,1198,649316,卖盘
275,14:30:30,5.42,--,103,55826,卖盘
276,14:30:26,5.42,-0.01,16,8672,卖盘
277,14:30:21,5.43,--,361,196023,买盘
278,14:30:06,5.43,0.01,303,164529,买盘
279,14:30:00,5.42,--,170,92140,卖盘
280,14:29:51,5.42,--,12,6504,卖盘
281,14:29:45,5.42,--,21,11382,卖盘
282,14:29:36,5.42,--,55,29810,卖盘
283,14:29:30,5.42,--,33,17886,卖盘
284,14:29:26,5.42,--,10,5420,卖盘
285,14:29:21,5.42,-0.01,51,27642,卖盘
286,14:29:15,5.43,0.01,228,123804,买盘
287,14:29:11,5.42,--,305,165310,买盘
288,14:29:06,5.42,0.01,1214,657988,买盘
289,14:29:00,5.41,-0.01,124,67084,卖盘
290,14:28:56,5.42,--,155,84010,买盘
291,14:28:45,5.42,--,383,207586,买盘
292,14:28:36,5.42,--,121,65582,买盘
293,14:28:30,5.42,--,109,59078,买盘
294,14:28:26,5.42,0.01,50,27100,买盘
295,14:28:21,5.41,-0.01,436,235876,卖盘
296,14:28:15,5.42,--,200,108400,买盘
297,14:28:06,5.42,--,842,456364,买盘
298,14:28:00,5.42,--,100,54200,买盘
299,14:27:56,5.42,--,352,190784,买盘
300,14:27:51,5.42,-0.01,3093,1676406,卖盘
301,14:27:41,5.43,0.01,20,10860,买盘
302,14:27:36,5.42,-0.01,1,542,卖盘
303,14:27:30,5.43,0.01,400,217200,买盘
304,14:27:26,5.42,--,22,11924,卖盘
305,14:27:21,5.42,--,30,16260,卖盘
306,14:27:06,5.42,--,2,1084,卖盘
307,14:27:00,5.42,--,201,108942,卖盘
308,14:26:56,5.42,--,23,12466,卖盘
309,14:26:45,5.42,--,91,49322,卖盘
310,14:26:36,5.42,--,62,33604,卖盘
311,14:26:25,5.42,--,104,56368,卖盘
312,14:26:00,5.42,-0.01,122,66124,卖盘
313,14:25:55,5.43,0.01,799,433857,买盘
314,14:25:50,5.42,-0.01,50,27100,卖盘
315,14:25:45,5.43,0.01,410,222630,买盘
316,14:25:39,5.42,--,543,294306,卖盘
317,14:25:30,5.42,--,11,5962,买盘
318,14:25:24,5.42,-0.01,141,76422,中性盘
319,14:25:20,5.43,0.01,3,1629,买盘
320,14:25:15,5.42,--,76,41192,买盘
321,14:25:09,5.42,--,740,401080,买盘
322,14:25:00,5.42,--,21,11382,买盘
323,14:24:54,5.42,--,168,91056,买盘
324,14:24:39,5.42,0.01,1,542,买盘
325,14:24:30,5.41,--,641,346781,卖盘
326,14:24:24,5.41,--,103,55723,卖盘
327,14:24:15,5.41,--,9,4869,卖盘
328,14:24:09,5.41,-0.01,165,89265,卖盘
329,14:24:05,5.42,0.01,4,2168,买盘
330,14:23:54,5.41,--,104,56264,卖盘
331,14:23:45,5.41,--,83,44903,卖盘
332,14:23:39,5.41,--,1,541,卖盘
333,14:23:35,5.41,-0.01,18,9738,卖盘
334,14:23:24,5.42,--,351,190242,买盘
335,14:23:20,5.42,0.01,1,542,买盘
336,14:23:15,5.41,--,1,541,卖盘
337,14:23:09,5.41,--,3,1623,卖盘
338,14:23:00,5.41,--,104,56264,卖盘
339,14:22:54,5.41,--,204,110364,卖盘
340,14:22:45,5.41,--,93,50313,卖盘
341,14:22:39,5.41,-0.01,80,43280,卖盘
342,14:22:35,5.42,0.01,64,34688,买盘
343,14:22:30,5.41,--,26,14066,卖盘
344,14:22:24,5.41,--,115,62215,卖盘
345,14:22:09,5.41,-0.01,11,5951,卖盘
346,14:22:05,5.42,0.01,166,89972,买盘
347,14:22:00,5.41,-0.01,57,30837,卖盘
348,14:21:54,5.42,--,160,86720,买盘
349,14:21:45,5.42,--,502,272084,买盘
350,14:21:30,5.42,0.01,565,306230,买盘
351,14:21:24,5.41,-0.01,188,101708,卖盘
352,14:21:15,5.42,0.01,59,31978,买盘
353,14:21:09,5.41,--,1,541,卖盘
354,14:21:05,5.41,--,27,14607,卖盘
355,14:20:54,5.41,-0.01,105,56805,卖盘
356,14:20:50,5.42,--,39,21138,买盘
357,14:20:45,5.42,0.01,5,2710,买盘
358,14:20:39,5.41,-0.01,1,541,卖盘
359,14:20:35,5.42,--,115,62330,买盘
360,14:20:24,5.42,--,110,59620,买盘
361,14:20:15,5.42,--,3,1626,买盘
362,14:20:09,5.42,--,372,201624,买盘
363,14:20:05,5.42,0.01,15,8130,买盘
364,14:19:54,5.41,--,203,109823,卖盘
365,14:19:49,5.41,-0.01,1,541,卖盘
366,14:19:44,5.42,--,6,3252,买盘
367,14:19:39,5.42,--,5,2710,买盘
368,14:19:33,5.42,0.01,23,12466,买盘
369,14:19:24,5.41,-0.01,266,143906,卖盘
370,14:19:18,5.42,0.01,8,4336,买盘
371,14:19:09,5.41,--,44,23804,卖盘
372,14:19:03,5.41,-0.01,15,8115,卖盘
373,14:18:59,5.42,0.01,4,2168,买盘
374,14:18:54,5.41,--,599,324059,卖盘
375,14:18:48,5.41,-0.01,95,51395,卖盘
376,14:18:44,5.42,--,9,4878,买盘
377,14:18:39,5.42,0.01,42,22764,买盘
378,14:18:24,5.41,--,106,57346,卖盘
379,14:18:18,5.41,--,204,110364,卖盘
380,14:18:14,5.41,--,29,15689,卖盘
381,14:18:09,5.41,--,1,541,卖盘
382,14:18:03,5.41,--,9,4869,卖盘
383,14:17:59,5.41,--,7,3787,卖盘
384,14:17:54,5.41,--,112,60592,卖盘
385,14:17:48,5.41,-0.01,90,48690,卖盘
386,14:17:44,5.42,--,20,10840,买盘
387,14:17:39,5.42,0.01,53,28726,买盘
388,14:17:29,5.41,-0.01,1,541,卖盘
389,14:17:24,5.42,--,108,58536,买盘
390,14:17:18,5.42,--,4,2168,买盘
391,14:17:14,5.42,--,102,55284,买盘
392,14:17:09,5.42,--,2,1084,买盘
393,14:17:03,5.42,--,96,52032,买盘
394,14:16:54,5.42,0.01,1503,814626,买盘
395,14:16:48,5.41,-0.01,152,82232,卖盘
396,14:16:39,5.42,--,2,1084,买盘
397,14:16:33,5.42,--,16,8672,买盘
398,14:16:29,5.42,0.01,258,139836,买盘
399,14:16:24,5.41,-0.01,104,56264,卖盘
400,14:16:18,5.42,0.01,409,221678,买盘
401,14:16:09,5.41,--,58,31378,卖盘
402,14:16:03,5.41,--,5,2705,卖盘
403,14:15:54,5.41,--,103,55723,卖盘
404,14:15:44,5.41,--,65,35165,卖盘
405,14:15:39,5.41,--,54,29214,卖盘
406,14:15:24,5.41,-0.01,105,56805,卖盘
407,14:15:18,5.42,--,552,299184,买盘
408,14:15:03,5.42,--,173,93766,买盘
409,14:14:54,5.42,0.01,114,61788,买盘
410,14:14:44,5.41,-0.01,20,10820,卖盘
411,14:14:39,5.42,--,64,34688,买盘
412,14:14:33,5.42,0.01,68,36856,买盘
413,14:14:24,5.41,--,177,95757,卖盘
414,14:14:18,5.41,--,28,15148,卖盘
415,14:14:09,5.41,--,17,9197,卖盘
416,14:14:03,5.41,-0.01,1,541,卖盘
417,14:13:59,5.42,0.01,229,124118,买盘
418,14:13:54,5.41,-0.01,121,65461,卖盘
419,14:13:48,5.42,0.01,7,3794,买盘
420,14:13:44,5.41,--,91,49231,卖盘
421,14:13:39,5.41,-0.01,3450,1866450,卖盘
422,14:13:33,5.42,--,5,2710,买盘
423,14:13:28,5.42,0.01,107,57994,买盘
424,14:13:24,5.41,-0.01,176,95216,卖盘
425,14:13:13,5.42,--,2,1084,买盘
426,14:13:08,5.42,--,10,5420,买盘
427,14:13:03,5.42,0.01,3,1626,买盘
428,14:12:53,5.41,-0.01,269,145529,卖盘
429,14:12:48,5.42,0.01,7,3794,买盘
430,14:12:42,5.41,--,5,2705,卖盘
431,14:12:38,5.41,-0.01,2,1082,卖盘
432,14:12:33,5.42,--,4,2168,买盘
433,14:12:27,5.42,0.01,63,34146,买盘
434,14:12:23,5.41,-0.01,104,56264,卖盘
435,14:12:18,5.42,0.01,583,315986,买盘
436,14:12:12,5.41,-0.01,111,60051,卖盘
437,14:12:08,5.42,--,7,3794,买盘
438,14:12:03,5.42,0.01,14,7588,买盘
439,14:11:53,5.41,-0.01,198,107118,卖盘
440,14:11:48,5.42,0.01,13,7046,买盘
441,14:11:42,5.41,--,99,53559,卖盘
442,14:11:38,5.41,-0.01,201,108741,卖盘
443,14:11:33,5.42,0.01,175,94850,买盘
444,14:11:27,5.41,--,310,167710,卖盘
445,14:11:23,5.41,-0.01,174,94134,卖盘
446,14:11:18,5.42,--,1,542,买盘
447,14:11:12,5.42,--,7,3794,买盘
448,14:11:08,5.42,0.01,2,1084,买盘
449,14:11:03,5.41,-0.01,3,1623,卖盘
450,14:10:57,5.42,0.01,204,110568,买盘
451,14:10:53,5.41,-0.01,104,56264,卖盘
452,14:10:48,5.42,--,6,3252,买盘
453,14:10:42,5.42,--,367,198914,买盘
454,14:10:38,5.42,--,4,2168,买盘
455,14:10:33,5.42,--,1,542,买盘
456,14:10:27,5.42,0.01,9,4878,买盘
457,14:10:23,5.41,-0.01,104,56264,卖盘
458,14:10:18,5.42,--,18,9756,买盘
459,14:10:12,5.42,--,51,27642,买盘
460,14:10:08,5.42,0.01,547,296474,买盘
461,14:10:03,5.41,-0.01,155,83855,卖盘
462,14:09:56,5.42,0.01,8,4336,买盘
463,14:09:53,5.41,-0.01,104,56264,卖盘
464,14:09:48,5.42,--,4,2168,买盘
465,14:09:38,5.42,0.01,3,1626,买盘
466,14:09:33,5.41,-0.01,3,1623,卖盘
467,14:09:27,5.42,0.01,4,2168,买盘
468,14:09:23,5.41,-0.01,104,56264,卖盘
469,14:09:18,5.42,--,3,1626,买盘
470,14:09:08,5.42,0.01,4,2168,买盘
471,14:09:03,5.41,--,54,29214,卖盘
472,14:08:57,5.41,--,1,541,卖盘
473,14:08:53,5.41,--,104,56264,卖盘
474,14:08:48,5.41,--,822,444918,卖盘
475,14:08:33,5.41,--,0,5,卖盘
476,14:08:27,5.41,--,405,219105,卖盘
477,14:08:23,5.41,-0.01,107,57887,卖盘
478,14:08:18,5.42,--,3,1631,买盘
479,14:08:12,5.42,0.01,350,189700,买盘
480,14:07:56,5.41,--,500,270500,卖盘
481,14:07:53,5.41,--,106,57346,卖盘
482,14:07:48,5.41,--,108,58428,卖盘
483,14:07:42,5.41,--,97,52477,卖盘
484,14:07:38,5.41,-0.01,60,32460,卖盘
485,14:07:33,5.42,0.01,12,6504,买盘
486,14:07:23,5.41,-0.01,104,56264,卖盘
487,14:07:18,5.42,--,7,3794,买盘
488,14:07:12,5.42,0.01,8,4336,买盘
489,14:07:03,5.41,-0.01,131,70871,卖盘
490,14:06:57,5.42,0.01,6,3252,买盘
491,14:06:53,5.41,--,124,67084,卖盘
492,14:06:48,5.41,--,88,47608,卖盘
493,14:06:41,5.41,-0.01,295,159595,卖盘
494,14:06:37,5.42,0.01,6,3252,买盘
495,14:06:21,5.41,-0.01,155,83855,卖盘
496,14:06:17,5.42,--,6,3252,买盘
497,14:06:12,5.42,0.01,507,274794,买盘
498,14:05:57,5.41,--,72,38952,卖盘
499,14:05:51,5.41,--,107,57887,卖盘
500,14:05:47,5.41,--,820,443620,卖盘
501,14:05:35,5.41,-0.01,85,45985,卖盘
502,14:05:32,5.42,0.01,72,39024,买盘
503,14:05:21,5.41,--,666,360711,卖盘
504,14:05:17,5.41,-0.01,10,5410,卖盘
505,14:05:11,5.42,--,95,51490,买盘
506,14:05:05,5.42,0.01,410,222220,买盘
507,14:04:57,5.41,--,496,268336,卖盘
508,14:04:51,5.41,-0.01,106,57346,卖盘
509,14:04:47,5.42,0.01,23,12466,买盘
510,14:04:42,5.41,-0.01,83,44903,卖盘
511,14:04:35,5.42,--,1000,542000,买盘
512,14:04:32,5.42,--,3,1626,买盘
513,14:04:26,5.42,0.01,82,44444,中性盘
514,14:04:20,5.41,--,214,115774,卖盘
515,14:04:17,5.41,--,56,30296,卖盘
516,14:04:11,5.41,-0.01,164,88724,卖盘
517,14:04:06,5.42,--,710,384820,买盘
518,14:04:02,5.42,--,3,1626,买盘
519,14:03:57,5.42,0.01,54,29268,买盘
520,14:03:50,5.41,-0.01,105,56805,卖盘
521,14:03:41,5.42,--,569,308398,卖盘
522,14:03:35,5.42,--,1,542,卖盘
523,14:03:26,5.42,0.01,54,29268,买盘
524,14:03:20,5.41,-0.02,226,122266,卖盘
525,14:03:17,5.43,--,0,0,买盘
526,14:03:11,5.43,0.01,508,275844,买盘
527,14:03:05,5.42,--,6,3252,买盘
528,14:03:02,5.42,--,2,1084,买盘
529,14:02:56,5.42,0.01,63,34146,买盘
530,14:02:50,5.41,-0.01,104,56264,卖盘
531,14:02:47,5.42,--,2,1084,买盘
532,14:02:41,5.42,--,218,118156,买盘
533,14:02:35,5.42,--,103,55826,买盘
534,14:02:32,5.42,--,100,54200,买盘
535,14:02:26,5.42,--,12,6504,买盘
536,14:02:17,5.42,--,30,16260,买盘
537,14:02:11,5.42,--,1,542,卖盘
538,14:02:05,5.42,-0.01,3,1626,中性盘
539,14:01:56,5.43,0.02,286,155298,买盘
540,14:01:50,5.41,-0.02,114,61674,卖盘
541,14:01:47,5.43,0.01,4,2172,买盘
542,14:01:41,5.42,-0.01,7,3794,卖盘
543,14:01:35,5.43,0.01,6,3258,买盘
544,14:01:32,5.42,--,53,29240,买盘
545,14:01:26,5.42,0.01,4,2168,买盘
546,14:01:20,5.41,-0.01,105,56805,卖盘
547,14:01:11,5.42,--,7,3794,买盘
548,14:01:05,5.42,0.01,52,28184,买盘
549,14:00:56,5.41,-0.01,3,1623,卖盘
550,14:00:50,5.42,--,218,118156,买盘
551,14:00:47,5.42,--,1,542,买盘
552,14:00:41,5.42,--,530,287260,买盘
553,14:00:35,5.42,--,3,1626,买盘
554,14:00:32,5.42,--,183,99186,买盘
555,14:00:26,5.42,0.01,9,4878,买盘
556,14:00:20,5.41,-0.01,291,157431,卖盘
557,14:00:11,5.42,--,2,1084,买盘
558,14:00:05,5.42,--,204,110568,买盘
559,14:00:02,5.42,--,3,1626,买盘
560,13:59:56,5.42,0.01,118,63956,买盘
561,13:59:50,5.41,--,135,73035,卖盘
562,13:59:44,5.41,-0.01,101,54641,卖盘
563,13:59:41,5.42,0.01,7,3794,买盘
564,13:59:20,5.41,-0.01,135,73251,卖盘
565,13:59:11,5.42,0.01,89,48238,买盘
566,13:59:05,5.41,-0.01,6,3246,卖盘
567,13:58:59,5.42,--,4,2168,买盘
568,13:58:56,5.42,0.01,254,137668,买盘
569,13:58:50,5.41,-0.01,207,111987,卖盘
570,13:58:44,5.42,0.01,1,542,买盘
571,13:58:41,5.41,--,12,6492,卖盘
572,13:58:35,5.41,--,46,24886,卖盘
573,13:58:29,5.41,--,64,34624,卖盘
574,13:58:20,5.41,--,114,61674,卖盘
575,13:58:14,5.41,--,8,4328,卖盘
576,13:58:05,5.41,--,87,47067,卖盘
577,13:57:59,5.41,--,80,43280,卖盘
578,13:57:56,5.41,--,98,53018,卖盘
579,13:57:50,5.41,--,126,68166,卖盘
580,13:57:41,5.41,--,1,541,卖盘
581,13:57:35,5.41,-0.01,82,44362,卖盘
582,13:57:29,5.42,0.01,66,35772,买盘
583,13:57:26,5.41,--,637,344617,卖盘
584,13:57:20,5.41,-0.01,105,56805,卖盘
585,13:57:05,5.42,0.01,2370,1284540,买盘
586,13:56:59,5.41,--,10,5410,卖盘
587,13:56:56,5.41,--,2041,1104181,卖盘
588,13:56:50,5.41,-0.01,112,60592,卖盘
589,13:56:41,5.42,0.01,10,5420,买盘
590,13:56:35,5.41,--,423,228843,卖盘
591,13:56:26,5.41,--,77,41657,卖盘
592,13:56:20,5.41,-0.01,104,56264,卖盘
593,13:56:14,5.42,--,55,29810,买盘
594,13:56:11,5.42,0.01,2,1084,买盘
595,13:56:05,5.41,-0.01,116,62756,卖盘
596,13:55:59,5.42,--,55,29810,买盘
597,13:55:56,5.42,0.01,2,1084,买盘
598,13:55:50,5.41,--,206,111446,卖盘
599,13:55:44,5.41,-0.01,92,49772,卖盘
600,13:55:35,5.42,0.01,23,12466,买盘
601,13:55:20,5.41,--,190,102790,卖盘
602,13:55:11,5.41,--,446,241286,卖盘
603,13:55:05,5.41,-0.01,107,57887,卖盘
604,13:54:59,5.42,0.01,160,86720,买盘
605,13:54:56,5.41,--,90,48690,卖盘
606,13:54:50,5.41,-0.01,104,56264,卖盘
607,13:54:44,5.42,--,485,262870,买盘
608,13:54:29,5.42,0.01,60,32520,买盘
609,13:54:20,5.41,--,165,89265,卖盘
610,13:54:14,5.41,-0.01,92,49772,卖盘
611,13:53:59,5.42,0.01,100,54200,买盘
612,13:53:56,5.41,--,26,14066,卖盘
613,13:53:50,5.41,--,105,56805,卖盘
614,13:53:44,5.41,--,136,73576,卖盘
615,13:53:41,5.41,--,2,1082,卖盘
616,13:53:35,5.41,--,6,3246,卖盘
617,13:53:29,5.41,--,115,62215,卖盘
618,13:53:20,5.41,--,105,56805,卖盘
619,13:53:11,5.41,--,8,4328,卖盘
620,13:53:05,5.41,--,6,3246,卖盘
621,13:52:55,5.41,--,162,87739,卖盘
622,13:52:50,5.41,--,180,97380,卖盘
623,13:52:44,5.41,--,60,32460,卖盘
624,13:52:35,5.41,--,78,42198,卖盘
625,13:52:29,5.41,--,49,26509,卖盘
626,13:52:20,5.41,--,104,56264,卖盘
627,13:52:14,5.41,-0.01,76,41116,卖盘
628,13:52:10,5.42,0.01,302,163684,买盘
629,13:52:05,5.41,--,185,100085,卖盘
630,13:51:59,5.41,--,111,60051,卖盘
631,13:51:50,5.41,-0.01,385,208285,卖盘
632,13:51:44,5.42,--,83,44986,买盘
633,13:51:35,5.42,0.01,615,333330,买盘
634,13:51:23,5.41,--,81,43821,卖盘
635,13:51:20,5.41,--,107,57887,卖盘
636,13:51:14,5.41,-0.01,79,42739,卖盘
637,13:51:05,5.42,0.01,45,24390,买盘
638,13:50:53,5.41,--,1,541,卖盘
639,13:50:50,5.41,--,104,56264,卖盘
640,13:50:44,5.41,--,176,95216,卖盘
641,13:50:38,5.41,-0.01,76,41116,卖盘
642,13:50:35,5.42,--,396,214632,买盘
643,13:50:29,5.42,--,4,2168,买盘
644,13:50:20,5.42,0.01,183,99186,买盘
645,13:50:14,5.41,-0.01,173,93593,卖盘
646,13:50:05,5.42,0.01,35,18970,买盘
647,13:49:59,5.41,--,73,39493,卖盘
648,13:49:50,5.41,-0.01,111,60051,卖盘
649,13:49:44,5.42,0.01,253,137126,买盘
650,13:49:38,5.41,--,151,81691,卖盘
651,13:49:35,5.41,-0.01,37,20017,卖盘
652,13:49:29,5.42,0.01,108,58536,买盘
653,13:49:23,5.41,-0.01,114,61674,卖盘
654,13:49:08,5.42,0.01,144,78048,买盘
655,13:48:59,5.41,--,39,21099,卖盘
656,13:48:53,5.41,-0.01,104,56264,卖盘
657,13:48:50,5.42,--,25,13550,买盘
658,13:48:44,5.42,0.01,34,18428,买盘
659,13:48:38,5.41,--,749,405209,卖盘
660,13:48:35,5.41,--,16,8656,卖盘
661,13:48:23,5.41,-0.01,104,56264,卖盘
662,13:48:14,5.42,0.01,100,54200,买盘
663,13:48:05,5.41,--,85,45985,卖盘
664,13:47:59,5.41,--,1,541,卖盘
665,13:47:53,5.41,--,105,56805,卖盘
666,13:47:44,5.41,--,110,59510,卖盘
667,13:47:38,5.41,--,104,56264,卖盘
668,13:47:29,5.41,-0.01,238,129169,卖盘
669,13:47:23,5.42,--,680,368560,买盘
670,13:47:20,5.42,0.01,1,542,买盘
671,13:47:08,5.41,--,240,130072,卖盘
672,13:47:05,5.41,--,103,55723,卖盘
673,13:46:59,5.41,--,270,146070,卖盘
674,13:46:53,5.41,--,253,136873,卖盘
675,13:46:50,5.41,-0.01,0,5,卖盘
676,13:46:44,5.42,0.01,142,76964,买盘
677,13:46:35,5.41,--,162,87642,卖盘
678,13:46:29,5.41,-0.01,146,78986,卖盘
679,13:46:23,5.42,0.01,475,257450,买盘
680,13:46:20,5.41,--,8,4328,卖盘
681,13:46:14,5.41,--,65,35165,卖盘
682,13:46:08,5.41,--,1,541,卖盘
683,13:45:59,5.41,--,62,33542,卖盘
684,13:45:53,5.41,--,384,207744,卖盘
685,13:45:49,5.41,-0.01,77,41657,卖盘
686,13:45:44,5.42,0.01,82,44444,买盘
687,13:45:38,5.41,-0.01,260,140660,卖盘
688,13:45:29,5.42,0.01,37,20054,买盘
689,13:45:23,5.41,-0.01,124,67084,卖盘
690,13:45:14,5.42,0.01,6,3252,买盘
691,13:45:08,5.41,-0.01,59,31919,卖盘
692,13:45:04,5.42,--,672,364224,买盘
693,13:44:59,5.42,0.01,19,10298,买盘
694,13:44:53,5.41,-0.01,154,83314,卖盘
695,13:44:44,5.42,0.01,83,44986,买盘
696,13:44:38,5.41,--,44,23804,卖盘
697,13:44:29,5.41,-0.01,42,22722,卖盘
698,13:44:23,5.42,0.01,314,170188,买盘
699,13:44:14,5.41,--,136,73576,卖盘
700,13:44:02,5.41,-0.01,8,4328,卖盘
701,13:43:53,5.42,0.01,108,58536,买盘
702,13:43:47,5.41,--,30,16230,卖盘
703,13:43:44,5.41,--,500,270500,卖盘
704,13:43:38,5.41,-0.01,12,6492,卖盘
705,13:43:32,5.42,0.01,40,21680,买盘
706,13:43:29,5.41,--,87,47067,卖盘
707,13:43:23,5.41,--,235,127135,卖盘
708,13:43:17,5.41,--,8,4328,卖盘
709,13:43:08,5.41,-0.01,11,5951,卖盘
710,13:43:02,5.42,0.01,255,138210,买盘
711,13:42:59,5.41,--,217,117397,卖盘
712,13:42:53,5.41,-0.01,596,322436,卖盘
713,13:42:44,5.42,--,10,5420,买盘
714,13:42:32,5.42,0.01,4,2168,买盘
715,13:42:29,5.41,--,97,52477,卖盘
716,13:42:23,5.41,-0.01,466,252106,卖盘
717,13:42:17,5.42,--,668,362056,买盘
718,13:42:08,5.42,0.01,51,27642,买盘
719,13:42:02,5.41,-0.01,6,3246,卖盘
720,13:41:59,5.42,0.01,64,34688,买盘
721,13:41:53,5.41,--,104,56264,卖盘
722,13:41:47,5.41,--,300,162300,卖盘
723,13:41:38,5.41,--,8,4328,卖盘
724,13:41:32,5.41,--,99,53559,卖盘
725,13:41:29,5.41,--,5,2705,卖盘
726,13:41:23,5.41,--,104,56264,卖盘
727,13:41:14,5.41,--,8,4328,卖盘
728,13:41:02,5.41,--,59,31919,卖盘
729,13:40:53,5.41,--,105,56805,卖盘
730,13:40:44,5.41,-0.01,90,48690,卖盘
731,13:40:38,5.42,--,4,2168,买盘
732,13:40:32,5.42,0.01,39,21278,买盘
733,13:40:23,5.41,-0.01,116,62756,卖盘
734,13:40:08,5.42,0.01,3,1626,买盘
735,13:40:02,5.41,--,445,240745,卖盘
736,13:39:53,5.41,--,105,56805,卖盘
737,13:39:47,5.41,--,3,1623,卖盘
738,13:39:44,5.41,--,4,2164,卖盘
739,13:39:38,5.41,--,19,10279,卖盘
740,13:39:32,5.41,--,6,3246,卖盘
741,13:39:23,5.41,-0.01,172,93052,卖盘
742,13:39:13,5.42,0.01,506,274252,买盘
743,13:39:08,5.41,--,38,20558,卖盘
744,13:39:02,5.41,--,3,1623,卖盘
745,13:38:58,5.41,--,48,25968,卖盘
746,13:38:53,5.41,--,104,56264,卖盘
747,13:38:32,5.41,--,118,63838,卖盘
748,13:38:28,5.41,--,90,48690,卖盘
749,13:38:23,5.41,-0.01,413,223433,卖盘
750,13:38:13,5.42,--,120,65040,买盘
751,13:38:08,5.42,0.01,4,2168,买盘
752,13:38:02,5.41,--,13,7033,卖盘
753,13:37:53,5.41,--,104,56264,卖盘
754,13:37:38,5.41,-0.01,102,55182,卖盘
755,13:37:32,5.42,0.01,396,214632,买盘
756,13:37:23,5.41,--,104,56264,卖盘
757,13:37:08,5.41,-0.01,31,16771,卖盘
758,13:37:02,5.42,0.01,386,209212,买盘
759,13:36:53,5.41,--,105,56805,卖盘
760,13:36:47,5.41,-0.01,43,23263,卖盘
761,13:36:38,5.42,--,1,542,买盘
762,13:36:32,5.42,0.01,484,262328,买盘
763,13:36:23,5.41,-0.01,164,88724,卖盘
764,13:36:11,5.42,0.01,9,4878,买盘
765,13:36:02,5.41,--,3,1623,卖盘
766,13:35:53,5.41,--,277,149857,卖盘
767,13:35:47,5.41,--,70,37870,卖盘
768,13:35:41,5.41,--,500,270500,卖盘
769,13:35:32,5.41,--,3,1623,卖盘
770,13:35:23,5.41,--,104,56264,卖盘
771,13:35:11,5.41,--,70,37870,卖盘
772,13:35:02,5.41,--,303,163923,卖盘
773,13:34:53,5.41,--,103,55723,卖盘
774,13:34:47,5.41,-0.01,630,340830,卖盘
775,13:34:32,5.42,0.01,4,2168,买盘
776,13:34:23,5.41,--,114,61674,卖盘
777,13:34:17,5.41,--,2,1082,卖盘
778,13:34:11,5.41,--,103,55723,卖盘
779,13:34:08,5.41,--,8,4328,卖盘
780,13:34:02,5.41,--,157,84937,卖盘
781,13:33:56,5.41,0.01,210,113610,买盘
782,13:33:53,5.4,--,104,56160,卖盘
783,13:33:41,5.4,--,72,38880,卖盘
784,13:33:38,5.4,-0.01,36,19440,卖盘
785,13:33:32,5.41,-0.01,2,1082,中性盘
786,13:33:26,5.42,0.02,518,280756,买盘
787,13:33:23,5.4,--,229,123660,卖盘
788,13:33:17,5.4,-0.01,5,2700,卖盘
789,13:33:11,5.41,--,60,32460,买盘
790,13:33:08,5.41,--,20,10820,买盘
791,13:33:02,5.41,--,44,23804,买盘
792,13:32:56,5.41,--,40,21640,买盘
793,13:32:53,5.41,0.01,369,199629,买盘
794,13:32:47,5.4,-0.01,1,540,卖盘
795,13:32:41,5.41,--,2,1082,买盘
796,13:32:26,5.41,0.01,39,21099,买盘
797,13:32:22,5.4,-0.01,109,58860,卖盘
798,13:32:17,5.41,--,86,46526,买盘
799,13:32:11,5.41,--,200,108200,买盘
800,13:32:02,5.41,--,74,40034,买盘
801,13:31:56,5.41,0.01,321,173661,买盘
802,13:31:52,5.4,-0.01,104,56160,卖盘
803,13:31:47,5.41,--,1,541,买盘
804,13:31:41,5.41,--,311,168251,买盘
805,13:31:37,5.41,--,15,8115,买盘
806,13:31:26,5.41,0.01,210,113610,买盘
807,13:31:22,5.4,-0.01,104,56160,卖盘
808,13:31:11,5.41,--,304,164464,买盘
809,13:31:02,5.41,0.01,45,24345,买盘
810,13:30:56,5.4,--,48,25920,卖盘
811,13:30:52,5.4,-0.01,103,55620,卖盘
812,13:30:41,5.41,0.01,10,5410,买盘
813,13:30:22,5.4,-0.01,104,56160,卖盘
814,13:30:17,5.41,0.01,188,101708,买盘
815,13:30:11,5.4,-0.01,500,270000,卖盘
816,13:30:02,5.41,--,118,63838,买盘
817,13:29:56,5.41,0.01,90,48690,买盘
818,13:29:52,5.4,--,104,56160,卖盘
819,13:29:47,5.4,-0.01,70,37800,卖盘
820,13:29:41,5.41,--,30,16230,买盘
821,13:29:32,5.41,--,2,1082,买盘
822,13:29:26,5.41,--,10,5410,买盘
823,13:29:22,5.41,0.01,119,64379,买盘
824,13:29:11,5.4,-0.01,58,31320,卖盘
825,13:29:07,5.41,--,6,3246,买盘
826,13:28:56,5.41,0.01,300,162300,买盘
827,13:28:52,5.4,-0.01,104,56160,卖盘
828,13:28:47,5.41,--,20,10820,买盘
829,13:28:32,5.41,--,235,127135,买盘
830,13:28:26,5.41,0.01,18,9738,买盘
831,13:28:20,5.4,--,104,56160,卖盘
832,13:28:17,5.4,-0.01,100,54000,卖盘
833,13:28:05,5.41,--,10,5410,买盘
834,13:28:02,5.41,--,81,43821,买盘
835,13:27:56,5.41,--,45,24345,买盘
836,13:27:41,5.41,--,210,113610,买盘
837,13:27:26,5.41,--,50,27050,买盘
838,13:27:20,5.41,--,286,154861,卖盘
839,13:27:11,5.41,--,583,315403,卖盘
840,13:27:05,5.41,--,16,8656,卖盘
841,13:26:56,5.41,--,171,92916,买盘
842,13:26:50,5.41,--,1052,569267,卖盘
843,13:26:41,5.41,--,11,5951,卖盘
844,13:26:35,5.41,--,3,1623,卖盘
845,13:26:32,5.41,--,18,9738,卖盘
846,13:26:26,5.41,--,42,22722,卖盘
847,13:26:20,5.41,--,104,56264,卖盘
848,13:26:11,5.41,--,64,34624,卖盘
849,13:26:05,5.41,--,61,33001,卖盘
850,13:26:02,5.41,--,21,11361,卖盘
851,13:25:56,5.41,--,8,4328,卖盘
852,13:25:50,5.41,--,106,57346,卖盘
853,13:25:46,5.41,-0.01,600,324600,卖盘
854,13:25:41,5.42,0.01,1,542,买盘
855,13:25:35,5.41,--,123,66543,卖盘
856,13:25:31,5.41,--,68,36788,卖盘
857,13:25:26,5.41,--,93,50313,卖盘
858,13:25:20,5.41,--,433,234253,卖盘
859,13:25:16,5.41,-0.01,10,5410,卖盘
860,13:25:11,5.42,0.01,2,1084,买盘
861,13:25:05,5.41,--,3,1623,卖盘
862,13:24:56,5.41,--,16,8656,卖盘
863,13:24:50,5.41,--,174,94134,卖盘
864,13:24:46,5.41,--,460,248860,卖盘
865,13:24:41,5.41,--,250,135250,卖盘
866,13:24:35,5.41,--,12,6492,卖盘
867,13:24:26,5.41,--,123,66543,卖盘
868,13:24:20,5.41,--,112,60592,卖盘
869,13:24:16,5.41,--,55,29755,卖盘
870,13:24:11,5.41,--,616,333256,卖盘
871,13:24:05,5.41,--,3,1623,卖盘
872,13:24:01,5.41,--,17,9337,卖盘
873,13:23:50,5.41,--,384,207744,卖盘
874,13:23:35,5.41,--,3,1623,卖盘
875,13:23:31,5.41,--,166,89806,卖盘
876,13:23:26,5.41,--,35,18935,卖盘
877,13:23:20,5.41,--,404,218564,卖盘
878,13:23:05,5.41,--,86,46526,卖盘
879,13:22:56,5.41,--,130,70330,卖盘
880,13:22:50,5.41,--,246,133578,卖盘
881,13:22:41,5.41,--,75,40575,卖盘
882,13:22:35,5.41,--,1008,545328,卖盘
883,13:22:20,5.41,--,510,275910,卖盘
884,13:22:11,5.41,-0.01,94,50854,卖盘
885,13:22:05,5.42,0.01,245,132790,买盘
886,13:21:50,5.41,--,104,56264,卖盘
887,13:21:46,5.41,--,1,541,卖盘
888,13:21:20,5.41,--,111,60051,卖盘
889,13:21:11,5.41,-0.01,172,93052,卖盘
890,13:21:05,5.42,0.01,576,312192,买盘
891,13:20:50,5.41,--,288,155808,卖盘
892,13:20:44,5.41,--,60,32460,卖盘
893,13:20:41,5.41,--,74,40034,卖盘
894,13:20:35,5.41,--,3,1623,卖盘
895,13:20:20,5.41,-0.01,113,61133,卖盘
896,13:20:11,5.42,--,1,542,买盘
897,13:19:56,5.42,0.01,155,84010,买盘
898,13:19:50,5.41,-0.01,104,56264,卖盘
899,13:19:41,5.42,0.01,265,143630,买盘
900,13:19:35,5.41,--,26,14066,卖盘
901,13:19:26,5.41,--,50,27050,卖盘
902,13:19:20,5.41,-0.01,158,85478,卖盘
903,13:19:14,5.42,--,1,542,买盘
904,13:19:11,5.42,--,9,4878,买盘
905,13:19:05,5.42,0.01,15,8130,买盘
906,13:18:59,5.41,--,137,74117,卖盘
907,13:18:50,5.41,-0.01,104,56264,卖盘
908,13:18:44,5.42,--,302,163684,买盘
909,13:18:40,5.42,--,78,42276,买盘
910,13:18:35,5.42,--,1033,559886,买盘
911,13:18:29,5.42,0.01,30,16260,买盘
912,13:18:20,5.41,-0.01,104,56264,卖盘
913,13:18:14,5.42,--,39,21138,买盘
914,13:18:10,5.42,--,1,542,买盘
915,13:18:05,5.42,0.01,15,8130,买盘
916,13:17:59,5.41,--,82,44362,卖盘
917,13:17:55,5.41,-0.01,70,38183,卖盘
918,13:17:50,5.42,0.01,188,101896,买盘
919,13:17:44,5.41,--,8,4328,卖盘
920,13:17:35,5.41,--,117,63297,卖盘
921,13:17:20,5.41,--,159,86019,卖盘
922,13:17:14,5.41,--,103,55723,卖盘
923,13:17:05,5.41,--,3,1623,卖盘
924,13:16:59,5.41,--,124,67084,卖盘
925,13:16:50,5.41,--,371,200711,卖盘
926,13:16:44,5.41,--,50,27050,卖盘
927,13:16:35,5.41,--,84,45444,卖盘
928,13:16:28,5.41,-0.01,116,62756,卖盘
929,13:16:25,5.42,0.01,922,499724,买盘
930,13:16:20,5.41,-0.01,104,56264,卖盘
931,13:16:10,5.42,--,64,34688,买盘
932,13:16:05,5.42,0.01,46,24932,买盘
933,13:15:55,5.41,--,116,62756,卖盘
934,13:15:50,5.41,-0.01,178,96298,卖盘
935,13:15:44,5.42,0.01,4,2168,买盘
936,13:15:40,5.41,--,2,1082,卖盘
937,13:15:25,5.41,--,127,68707,卖盘
938,13:15:20,5.41,-0.01,220,119020,卖盘
939,13:15:14,5.42,0.01,605,327910,买盘
940,13:15:10,5.41,-0.01,330,178530,卖盘
941,13:15:04,5.42,0.01,109,59078,买盘
942,13:14:50,5.41,--,104,56264,卖盘
943,13:14:44,5.41,--,1,541,卖盘
944,13:14:34,5.41,--,3,1623,卖盘
945,13:14:29,5.41,--,80,43280,卖盘
946,13:14:20,5.41,--,632,341912,卖盘
947,13:14:05,5.41,--,2,1082,卖盘
948,13:13:59,5.41,--,27,14607,卖盘
949,13:13:55,5.41,--,34,18394,卖盘
950,13:13:50,5.41,-0.01,108,58428,卖盘
951,13:13:44,5.42,0.01,60,32520,买盘
952,13:13:40,5.41,--,95,51395,卖盘
953,13:13:35,5.41,-0.01,4,2164,卖盘
954,13:13:29,5.42,--,84,45528,买盘
955,13:13:25,5.42,0.01,260,140920,买盘
956,13:13:20,5.41,--,105,56805,卖盘
957,13:13:14,5.41,--,142,76822,卖盘
958,13:13:04,5.41,--,5,2705,卖盘
959,13:12:50,5.41,--,187,101167,卖盘
960,13:12:35,5.41,--,41,22181,卖盘
961,13:12:19,5.41,--,178,96298,卖盘
962,13:12:08,5.41,--,79,42739,卖盘
963,13:12:05,5.41,-0.01,99,53559,卖盘
964,13:11:59,5.42,0.01,618,334956,买盘
965,13:11:49,5.41,--,104,56264,卖盘
966,13:11:44,5.41,--,1,541,卖盘
967,13:11:38,5.41,-0.01,116,62756,卖盘
968,13:11:34,5.42,0.01,6,3252,买盘
969,13:11:29,5.41,--,84,45444,卖盘
970,13:11:19,5.41,--,120,64920,卖盘
971,13:11:14,5.41,--,84,45444,卖盘
972,13:11:04,5.41,-0.01,6,3246,卖盘
973,13:10:59,5.42,0.01,2,1084,买盘
974,13:10:53,5.41,--,192,103872,卖盘
975,13:10:44,5.41,--,414,223974,卖盘
976,13:10:38,5.41,--,186,100626,卖盘
977,13:10:29,5.41,--,27,14807,卖盘
978,13:10:23,5.41,--,112,60592,卖盘
979,13:10:14,5.41,--,57,30837,卖盘
980,13:10:04,5.41,--,5,2705,卖盘
981,13:09:58,5.41,--,165,89265,卖盘
982,13:09:53,5.41,-0.01,243,131463,卖盘
983,13:09:49,5.42,--,364,197288,买盘
984,13:09:38,5.42,0.01,483,261786,买盘
985,13:09:34,5.41,--,3,1623,卖盘
986,13:09:29,5.41,--,20,10820,卖盘
987,13:09:23,5.41,--,106,57346,卖盘
988,13:09:19,5.41,--,61,33001,卖盘
989,13:08:59,5.41,--,124,67084,卖盘
990,13:08:53,5.41,-0.01,104,56264,卖盘
991,13:08:34,5.42,0.01,10,5420,买盘
992,13:08:23,5.41,--,104,56264,卖盘
993,13:08:19,5.41,--,94,50854,卖盘
994,13:08:14,5.41,--,29,15689,卖盘
995,13:08:08,5.41,-0.01,115,62215,卖盘
996,13:07:53,5.42,0.01,114,61788,买盘
997,13:07:44,5.41,--,1,541,卖盘
998,13:07:38,5.41,--,111,60051,卖盘
999,13:07:29,5.41,--,6,3246,卖盘
1000,13:07:23,5.41,--,290,156890,卖盘
1001,13:07:08,5.41,--,335,181235,卖盘
1002,13:07:04,5.41,--,90,48690,卖盘
1003,13:06:59,5.41,--,61,33001,卖盘
1004,13:06:53,5.41,--,448,242368,卖盘
1005,13:06:49,5.41,--,65,35165,卖盘
1006,13:06:22,5.41,-0.01,103,55723,卖盘
1007,13:06:19,5.42,0.01,100,54200,买盘
1008,13:06:14,5.41,-0.01,16,8656,卖盘
1009,13:06:04,5.42,0.01,4,2168,买盘
1010,13:05:53,5.41,--,104,56264,卖盘
1011,13:05:49,5.41,--,10,5410,卖盘
1012,13:05:43,5.41,-0.01,141,76281,卖盘
1013,13:05:38,5.42,0.01,548,297016,买盘
1014,13:05:34,5.41,--,3,1623,卖盘
1015,13:05:29,5.41,--,88,47608,卖盘
1016,13:05:23,5.41,--,124,67084,卖盘
1017,13:05:18,5.41,--,60,32460,卖盘
1018,13:05:08,5.41,--,300,162300,买盘
1019,13:05:04,5.41,--,105,56805,买盘
1020,13:04:58,5.41,--,28,15148,买盘
1021,13:04:52,5.41,--,6,3246,买盘
1022,13:04:47,5.41,0.01,33,17853,买盘
1023,13:04:38,5.4,-0.01,100,54000,卖盘
1024,13:04:28,5.41,0.01,30,16230,买盘
1025,13:04:23,5.4,-0.01,124,66960,卖盘
1026,13:04:17,5.41,--,1,541,卖盘
1027,13:04:13,5.41,-0.01,60,32460,买盘
1028,13:04:02,5.42,0.02,307,166394,买盘
1029,13:03:53,5.4,-0.01,174,93960,卖盘
1030,13:03:43,5.41,--,11,5951,买盘
1031,13:03:32,5.41,0.01,101,54641,买盘
1032,13:03:23,5.4,-0.02,104,56160,卖盘
1033,13:03:17,5.42,--,0,0,买盘
1034,13:03:08,5.42,0.01,503,272626,买盘
1035,13:02:58,5.41,--,57,30837,卖盘
1036,13:02:52,5.41,--,208,112528,买盘
1037,13:02:47,5.41,--,36,19476,买盘
1038,13:02:32,5.41,--,0,0,中性盘
1039,13:02:28,5.41,--,0,0,买盘
1040,13:02:23,5.41,0.01,423,228843,买盘
1041,13:02:13,5.4,-0.01,3,1620,卖盘
1042,13:02:01,5.41,0.01,10,5410,买盘
1043,13:01:58,5.4,-0.01,131,70740,卖盘
1044,13:01:53,5.41,0.01,112,60592,买盘
1045,13:01:43,5.4,--,71,38340,卖盘
1046,13:01:28,5.4,--,2,1080,卖盘
1047,13:01:23,5.4,-0.01,144,77760,卖盘
1048,13:01:13,5.41,--,143,77363,买盘
1049,13:01:08,5.41,0.01,11,5951,买盘
1050,13:01:01,5.4,-0.01,8,4320,卖盘
1051,13:00:58,5.41,--,100,54100,买盘
1052,13:00:52,5.41,--,7,3787,买盘
1053,13:00:43,5.41,--,0,0,中性盘
1054,13:00:37,5.41,-0.01,405,219105,卖盘
1055,13:00:32,5.42,--,85,46070,买盘
1056,13:00:16,5.42,0.01,293,158806,买盘
1057,13:00:13,5.41,0.01,117,63297,中性盘
1058,13:00:08,5.4,-0.01,1465,791100,卖盘
1059,13:00:02,5.41,0.01,267,144447,中性盘
1060,11:30:00,5.4,--,0,0,卖盘
1061,11:30:00,5.4,--,0,0,卖盘
1062,11:29:56,5.4,-0.01,1,540,卖盘
1063,11:29:53,5.41,0.01,114,61674,买盘
1064,11:29:32,5.4,-0.01,473,255420,卖盘
1065,11:29:26,5.41,0.01,20,10820,买盘
1066,11:29:23,5.4,-0.01,104,56160,卖盘
1067,11:29:17,5.41,--,11,5951,买盘
1068,11:29:11,5.41,--,4,2164,买盘
1069,11:29:02,5.41,0.01,24,12984,买盘
1070,11:28:53,5.4,-0.01,104,56160,卖盘
1071,11:28:47,5.41,--,98,53018,买盘
1072,11:28:41,5.41,--,2,1082,买盘
1073,11:28:32,5.41,-0.01,50,27050,卖盘
1074,11:28:26,5.42,--,0,0,买盘
1075,11:28:23,5.42,0.02,304,164768,买盘
1076,11:28:17,5.4,-0.01,50,27000,卖盘
1077,11:28:11,5.41,--,3,1623,买盘
1078,11:28:02,5.41,--,60,32460,买盘
1079,11:27:47,5.41,--,9,4869,买盘
1080,11:27:41,5.41,-0.01,649,351109,卖盘
1081,11:27:38,5.42,0.01,1,542,买盘
1082,11:27:32,5.41,0.01,9,4869,买盘
1083,11:27:26,5.4,-0.01,170,91800,卖盘
1084,11:27:23,5.41,-0.01,50,27050,卖盘
1085,11:27:17,5.42,0.02,94,50948,买盘
1086,11:27:11,5.4,-0.01,158,85320,卖盘
1087,11:27:02,5.41,--,443,239663,卖盘
1088,11:26:56,5.41,0.01,52,28132,中性盘
1089,11:26:53,5.4,-0.01,687,370980,卖盘
1090,11:26:41,5.41,--,560,302960,卖盘
1091,11:26:38,5.41,--,460,248860,买盘
1092,11:26:32,5.41,--,0,0,中性盘
1093,11:26:26,5.41,0.01,128,69248,买盘
1094,11:26:23,5.4,-0.01,104,56160,卖盘
1095,11:26:17,5.41,-0.01,5,2705,买盘
1096,11:26:11,5.42,0.02,20,10840,买盘
1097,11:26:02,5.4,-0.01,60,32400,卖盘
1098,11:25:56,5.41,-0.01,104,56264,买盘
1099,11:25:53,5.42,--,0,0,买盘
1100,11:25:47,5.42,0.02,65,35230,买盘
1101,11:25:41,5.4,-0.01,73,39420,卖盘
1102,11:25:38,5.41,-0.01,8,4328,买盘
1103,11:25:32,5.42,--,0,0,买盘
1104,11:25:26,5.42,0.01,1000,542000,买盘
1105,11:25:23,5.41,-0.01,20,10820,卖盘
1106,11:25:17,5.42,--,0,0,买盘
1107,11:25:11,5.42,--,329,178318,买盘
1108,11:25:08,5.42,--,80,43360,买盘
1109,11:25:02,5.42,0.01,11,5962,买盘
1110,11:24:56,5.41,--,8,4328,卖盘
1111,11:24:53,5.41,--,151,81691,卖盘
1112,11:24:47,5.41,--,60,32460,卖盘
1113,11:24:41,5.41,-0.01,54,29214,卖盘
1114,11:24:38,5.42,--,60,32520,买盘
1115,11:24:32,5.42,--,0,0,买盘
1116,11:24:26,5.42,0.02,561,304062,买盘
1117,11:24:23,5.4,--,104,56160,卖盘
1118,11:24:17,5.4,-0.01,58,31320,卖盘
1119,11:24:11,5.41,--,2,1082,买盘
1120,11:24:08,5.41,--,19,10279,买盘
1121,11:24:02,5.41,0.01,128,69248,买盘
1122,11:23:56,5.4,--,101,54540,卖盘
1123,11:23:53,5.4,--,103,55620,卖盘
1124,11:23:41,5.4,--,62,33480,卖盘
1125,11:23:37,5.4,--,227,122580,卖盘
1126,11:23:32,5.4,--,58,31320,卖盘
1127,11:23:26,5.4,--,254,137160,卖盘
1128,11:23:20,5.4,--,104,56160,卖盘
1129,11:23:11,5.4,--,61,32940,卖盘
1130,11:23:05,5.4,--,58,31320,卖盘
1131,11:22:56,5.4,--,1,540,卖盘
1132,11:22:50,5.4,-0.02,111,59940,卖盘
1133,11:22:47,5.42,0.02,4,2168,买盘
1134,11:22:41,5.4,-0.01,58,31320,卖盘
1135,11:22:35,5.41,--,19,10279,买盘
1136,11:22:26,5.41,-0.01,15,8115,中性盘
1137,11:22:20,5.42,0.01,168,91056,买盘
1138,11:22:17,5.41,--,104,56264,卖盘
1139,11:22:11,5.41,--,65,35165,卖盘
1140,11:22:05,5.41,--,100,54100,卖盘
1141,11:22:02,5.41,--,1782,964137,买盘
1142,11:21:56,5.41,0.01,326,176366,买盘
1143,11:21:50,5.4,-0.01,104,56160,卖盘
1144,11:21:47,5.41,--,60,32460,买盘
1145,11:21:41,5.41,--,259,140119,买盘
1146,11:21:35,5.41,--,1,541,买盘
1147,11:21:32,5.41,0.01,923,499343,买盘
1148,11:21:26,5.4,--,59,31860,卖盘
1149,11:21:20,5.4,-0.01,314,169560,卖盘
1150,11:21:02,5.41,0.01,3051,1650591,买盘
1151,11:20:56,5.4,--,15,8100,卖盘
1152,11:20:50,5.4,-0.01,685,369900,卖盘
1153,11:20:47,5.41,0.01,1,541,买盘
1154,11:20:35,5.4,-0.01,4,2160,卖盘
1155,11:20:32,5.41,--,12,6492,买盘
1156,11:20:20,5.41,--,114,61674,买盘
1157,11:20:17,5.41,0.01,2,1082,买盘
1158,11:20:11,5.4,--,52,28080,卖盘
1159,11:20:05,5.4,--,5,2700,卖盘
1160,11:19:56,5.4,--,50,27000,卖盘
1161,11:19:50,5.4,-0.01,104,56160,卖盘
1162,11:19:47,5.41,0.01,40,21640,买盘
1163,11:19:35,5.4,-0.01,4,2160,卖盘
1164,11:19:32,5.41,--,60,32460,买盘
1165,11:19:26,5.41,0.01,100,54100,买盘
1166,11:19:20,5.4,-0.01,142,76680,卖盘
1167,11:19:11,5.41,0.01,100,54100,买盘
1168,11:19:05,5.4,--,2,1080,卖盘
1169,11:19:02,5.4,--,50,27000,卖盘
1170,11:18:56,5.4,--,73,39420,卖盘
1171,11:18:50,5.4,-0.01,104,56160,卖盘
1172,11:18:47,5.41,0.01,32,17312,买盘
1173,11:18:41,5.4,--,312,168480,卖盘
1174,11:18:35,5.4,-0.01,5,2700,卖盘
1175,11:18:32,5.41,0.01,1,541,买盘
1176,11:18:26,5.4,--,13,7020,卖盘
1177,11:18:20,5.4,-0.01,104,56160,卖盘
1178,11:18:17,5.41,0.01,503,272123,买盘
1179,11:18:11,5.4,--,7,3780,卖盘
1180,11:18:05,5.4,-0.01,36,19440,卖盘
1181,11:18:02,5.41,0.01,72,38952,买盘
1182,11:17:56,5.4,--,20,10800,卖盘
1183,11:17:50,5.4,-0.01,135,72900,卖盘
1184,11:17:47,5.41,0.01,20,10820,买盘
1185,11:17:35,5.4,-0.01,3,1620,卖盘
1186,11:17:32,5.41,0.01,9,4869,买盘
1187,11:17:26,5.4,--,8,4320,卖盘
1188,11:17:20,5.4,-0.01,107,57780,卖盘
1189,11:17:11,5.41,0.01,7,3787,买盘
1190,11:17:05,5.4,--,9920,5356800,卖盘
1191,11:16:50,5.4,--,113,61020,卖盘
1192,11:16:35,5.4,-0.01,6,3240,卖盘
1193,11:16:31,5.41,--,50,27050,买盘
1194,11:16:26,5.41,0.01,329,177989,买盘
1195,11:16:20,5.4,--,104,56160,卖盘
1196,11:16:17,5.4,--,31,16740,卖盘
1197,11:16:11,5.4,--,28,15120,卖盘
1198,11:16:05,5.4,-0.01,564,304560,卖盘
1199,11:15:59,5.41,0.01,340,183940,买盘
1200,11:15:56,5.4,--,31,16740,卖盘
1201,11:15:50,5.4,--,255,137700,卖盘
1202,11:15:44,5.4,--,474,255960,卖盘
1203,11:15:41,5.4,--,218,117720,卖盘
1204,11:15:35,5.4,--,237,127980,卖盘
1205,11:15:29,5.4,--,77,41580,卖盘
1206,11:15:26,5.4,--,160,86400,卖盘
1207,11:15:20,5.4,-0.01,122,65880,卖盘
1208,11:15:11,5.41,0.01,87,47067,买盘
1209,11:15:05,5.4,--,5,2700,卖盘
1210,11:14:59,5.4,--,119,64260,卖盘
1211,11:14:50,5.4,-0.01,104,56160,卖盘
1212,11:14:44,5.41,--,536,289976,买盘
1213,11:14:41,5.41,0.01,39,21099,买盘
1214,11:14:35,5.4,--,10058,5431746,卖盘
1215,11:14:26,5.4,--,15,8100,卖盘
1216,11:14:20,5.4,-0.01,106,57240,卖盘
1217,11:14:11,5.41,0.01,2,1082,买盘
1218,11:14:05,5.4,-0.01,12,6480,卖盘
1219,11:13:56,5.41,--,15,8115,买盘
1220,11:13:50,5.41,0.01,66,35706,买盘
1221,11:13:35,5.4,-0.01,12,6480,卖盘
1222,11:13:29,5.41,--,3543,1917228,卖盘
1223,11:13:20,5.41,-0.01,449,242909,卖盘
1224,11:13:11,5.42,0.01,103,55826,买盘
1225,11:13:05,5.41,--,288,155808,卖盘
1226,11:12:50,5.41,--,274,148234,卖盘
1227,11:12:41,5.41,--,1060,573460,卖盘
1228,11:12:35,5.41,--,66,35706,卖盘
1229,11:12:29,5.41,--,10,5410,卖盘
1230,11:12:26,5.41,--,61,33001,卖盘
1231,11:12:20,5.41,-0.01,140,75740,卖盘
1232,11:12:14,5.42,0.01,897,486174,买盘
1233,11:12:11,5.41,--,339,183399,卖盘
1234,11:12:05,5.41,--,13,7033,卖盘
1235,11:11:59,5.41,--,304,164464,卖盘
1236,11:11:50,5.41,--,109,58969,卖盘
1237,11:11:44,5.41,--,54,29214,卖盘
1238,11:11:35,5.41,--,3,1623,卖盘
1239,11:11:26,5.41,--,2555,1382255,卖盘
1240,11:11:20,5.41,-0.01,104,56264,卖盘
1241,11:11:05,5.42,0.01,15,8130,买盘
1242,11:10:59,5.41,--,20,10820,卖盘
1243,11:10:50,5.41,--,133,71953,卖盘
1244,11:10:44,5.41,--,26,14066,卖盘
1245,11:10:41,5.41,-0.01,9,4869,卖盘
1246,11:10:35,5.42,--,6,3252,买盘
1247,11:10:20,5.42,0.01,193,104606,买盘
1248,11:10:14,5.41,-0.01,156,84396,卖盘
1249,11:10:10,5.42,--,80,43826,买盘
1250,11:10:05,5.42,0.01,73,39566,买盘
1251,11:09:50,5.41,-0.01,104,56264,卖盘
1252,11:09:44,5.42,0.01,282,152844,买盘
1253,11:09:29,5.41,--,8,4328,卖盘
1254,11:09:20,5.41,--,104,56264,卖盘
1255,11:09:05,5.41,--,5,2705,卖盘
1256,11:08:55,5.41,-0.01,305,165005,卖盘
1257,11:08:50,5.42,0.01,105,56910,买盘
1258,11:08:35,5.41,-0.01,4,2164,卖盘
1259,11:08:23,5.42,0.01,581,314902,买盘
1260,11:08:20,5.41,-0.01,104,56264,卖盘
1261,11:08:08,5.42,0.01,26,14092,买盘
1262,11:08:05,5.41,-0.01,10,5410,卖盘
1263,11:07:59,5.42,0.01,151,81842,买盘
1264,11:07:50,5.41,--,103,55723,卖盘
1265,11:07:38,5.41,--,143,77363,卖盘
1266,11:07:35,5.41,--,3,1623,卖盘
1267,11:07:20,5.41,-0.01,159,86019,卖盘
1268,11:07:14,5.42,0.01,251,136042,买盘
1269,11:07:05,5.41,--,54,29214,卖盘
1270,11:06:59,5.41,-0.01,3,1623,卖盘
1271,11:06:53,5.42,0.01,1,542,买盘
1272,11:06:50,5.41,-0.01,104,56264,卖盘
1273,11:06:44,5.42,0.01,73,39566,买盘
1274,11:06:35,5.41,--,9,4869,卖盘
1275,11:06:23,5.41,-0.01,101,54641,卖盘
1276,11:06:20,5.42,0.01,163,88346,买盘
1277,11:06:05,5.41,--,5,2705,卖盘
1278,11:05:50,5.41,--,105,56805,卖盘
1279,11:05:44,5.41,--,14,7595,卖盘
1280,11:05:38,5.41,--,5,2705,卖盘
1281,11:05:35,5.41,--,4,2164,卖盘
1282,11:05:29,5.41,--,675,365175,卖盘
1283,11:05:23,5.41,-0.01,8,4328,卖盘
1284,11:05:14,5.42,0.01,301,163142,买盘
1285,11:05:05,5.41,--,4,2164,卖盘
1286,11:04:59,5.41,--,109,58969,卖盘
1287,11:04:44,5.41,--,50,27050,卖盘
1288,11:04:38,5.41,--,26,14374,卖盘
1289,11:04:35,5.41,-0.01,105,56805,卖盘
1290,11:04:23,5.42,0.01,16,8672,买盘
1291,11:04:14,5.41,--,304,164464,卖盘
1292,11:04:05,5.41,--,5,2705,卖盘
1293,11:03:59,5.41,--,8,4328,卖盘
1294,11:03:53,5.41,--,100,54100,卖盘
1295,11:03:44,5.41,--,21,11523,卖盘
1296,11:03:38,5.41,--,14,7720,卖盘
1297,11:03:29,5.41,--,6,3246,卖盘
1298,11:03:23,5.41,--,150,81150,卖盘
1299,11:03:14,5.41,-0.01,128,69248,卖盘
1300,11:03:08,5.42,0.01,621,336582,买盘
1301,11:03:04,5.41,--,3,1623,卖盘
1302,11:02:59,5.41,--,250,135250,卖盘
1303,11:02:53,5.41,--,10,5534,卖盘
1304,11:02:44,5.41,--,140,75740,卖盘
1305,11:02:38,5.41,--,94,51037,卖盘
1306,11:02:34,5.41,--,475,256975,卖盘
1307,11:02:29,5.41,-0.01,226,122266,卖盘
1308,11:02:23,5.42,0.01,78,42276,买盘
1309,11:02:08,5.41,--,225,121725,卖盘
1310,11:02:04,5.41,-0.01,5,2705,卖盘
1311,11:01:44,5.42,0.01,30,16260,买盘
1312,11:01:38,5.41,--,150,81150,卖盘
1313,11:01:34,5.41,-0.01,25,13833,卖盘
1314,11:01:23,5.42,--,2,1084,买盘
1315,11:01:14,5.42,0.01,131,71413,买盘
1316,11:01:08,5.41,--,150,81150,卖盘
1317,11:01:04,5.41,--,3,1623,卖盘
1318,11:00:59,5.41,--,326,176571,卖盘
1319,11:00:53,5.41,--,10,5410,卖盘
1320,11:00:44,5.41,--,164,88826,卖盘
1321,11:00:38,5.41,--,1143,618774,卖盘
1322,11:00:32,5.41,--,3,1623,卖盘
1323,11:00:17,5.41,--,675,365175,卖盘
1324,11:00:14,5.41,--,683,369503,卖盘
1325,11:00:02,5.41,--,3,1623,卖盘
1326,10:59:59,5.41,--,50,27050,卖盘
1327,10:59:53,5.41,--,12,6675,卖盘
1328,10:59:47,5.41,--,170,91970,卖盘
1329,10:59:32,5.41,--,3,1623,卖盘
1330,10:59:29,5.41,--,14,7698,卖盘
1331,10:59:23,5.41,--,159,86019,卖盘
1332,10:59:14,5.41,-0.01,120,64920,卖盘
1333,10:59:08,5.42,0.01,1,542,买盘
1334,10:59:02,5.41,-0.01,3,1623,卖盘
1335,10:58:59,5.42,0.01,2,1084,买盘
1336,10:58:53,5.41,--,200,108200,卖盘
1337,10:58:47,5.41,--,2,1082,卖盘
1338,10:58:44,5.41,-0.01,100,54100,卖盘
1339,10:58:38,5.42,0.01,10,5420,买盘
1340,10:58:32,5.41,--,1,541,卖盘
1341,10:58:29,5.41,-0.01,174,94442,卖盘
1342,10:58:08,5.42,0.01,319,172898,买盘
1343,10:58:02,5.41,-0.01,289,156760,卖盘
1344,10:57:59,5.42,--,25,13550,买盘
1345,10:57:53,5.42,0.01,10,5420,买盘
1346,10:57:38,5.41,--,26,14066,卖盘
1347,10:57:32,5.41,--,264,142910,卖盘
1348,10:57:23,5.41,-0.01,1,541,卖盘
1349,10:57:08,5.42,0.01,153,82926,买盘
1350,10:57:02,5.41,--,2,1082,卖盘
1351,10:56:59,5.41,-0.01,64,34829,卖盘
1352,10:56:53,5.42,--,2,1084,买盘
1353,10:56:47,5.42,0.01,30,16260,买盘
1354,10:56:38,5.41,-0.01,174,94442,卖盘
1355,10:56:23,5.42,0.01,500,271000,买盘
1356,10:56:13,5.41,-0.01,150,81150,卖盘
1357,10:56:08,5.42,0.01,2,1084,买盘
1358,10:55:58,5.41,--,337,182317,卖盘
1359,10:55:53,5.41,--,494,267254,卖盘
1360,10:55:47,5.41,-0.01,160,86560,卖盘
1361,10:55:38,5.42,0.01,1,542,买盘
1362,10:55:28,5.41,--,10,5566,卖盘
1363,10:55:23,5.41,--,14,7725,卖盘
1364,10:55:17,5.41,-0.01,159,86019,卖盘
1365,10:55:08,5.42,--,110,59620,买盘
1366,10:55:02,5.42,0.01,11,5962,买盘
1367,10:54:53,5.41,--,150,81150,卖盘
1368,10:54:47,5.41,--,64,34829,卖盘
1369,10:54:38,5.41,--,271,146919,卖盘
1370,10:54:32,5.41,--,1,541,卖盘
1371,10:54:28,5.41,--,10,5410,卖盘
1372,10:54:23,5.41,-0.01,150,81150,卖盘
1373,10:54:08,5.42,--,64,34688,买盘
1374,10:53:58,5.42,0.01,151,81842,买盘
1375,10:53:38,5.41,-0.01,587,317875,卖盘
1376,10:53:32,5.42,0.01,153,82926,买盘
1377,10:53:28,5.41,-0.01,346,187186,卖盘
1378,10:53:13,5.42,--,64,34688,买盘
1379,10:53:08,5.42,0.01,1,542,买盘
1380,10:53:02,5.41,-0.01,150,81150,卖盘
1381,10:52:58,5.42,--,5,2710,买盘
1382,10:52:53,5.42,--,26,14092,买盘
1383,10:52:47,5.42,0.01,751,407042,买盘
1384,10:52:38,5.41,--,150,81150,卖盘
1385,10:52:23,5.41,--,24,13292,卖盘
1386,10:52:17,5.41,--,128,69659,卖盘
1387,10:52:08,5.41,-0.01,517,279697,卖盘
1388,10:51:47,5.42,0.01,1,542,买盘
1389,10:51:41,5.41,--,150,81150,卖盘
1390,10:51:38,5.41,--,128,69659,卖盘
1391,10:51:32,5.41,--,1010,546610,卖盘
1392,10:51:26,5.41,--,338,182858,卖盘
1393,10:51:23,5.41,--,14,7682,卖盘
1394,10:51:17,5.41,-0.01,160,86560,卖盘
1395,10:51:11,5.42,--,1,542,买盘
1396,10:51:08,5.42,0.01,1,542,买盘
1397,10:51:02,5.41,--,656,355296,卖盘
1398,10:50:56,5.41,-0.01,10,5410,卖盘
1399,10:50:53,5.42,0.01,90,48780,中性盘
1400,10:50:47,5.41,-0.02,160,86770,卖盘
1401,10:50:41,5.43,0.02,575,312225,买盘
1402,10:50:38,5.41,--,55,29852,卖盘
1403,10:50:32,5.41,-0.01,37,20017,卖盘
1404,10:50:26,5.42,0.01,6,3252,买盘
1405,10:50:23,5.41,--,528,285745,卖盘
1406,10:50:17,5.41,--,297,160677,卖盘
1407,10:50:11,5.41,--,112,60592,卖盘
1408,10:50:08,5.41,-0.01,55,29852,卖盘
1409,10:50:02,5.42,--,860,466120,卖盘
1410,10:49:56,5.42,0.01,468,253656,买盘
1411,10:49:53,5.41,--,95,51395,卖盘
1412,10:49:47,5.41,--,9,4869,卖盘
1413,10:49:41,5.41,--,430,232630,卖盘
1414,10:49:38,5.41,--,393,212710,卖盘
1415,10:49:26,5.41,--,150,81150,卖盘
1416,10:49:22,5.41,--,11,6107,卖盘
1417,10:49:17,5.41,--,306,165697,卖盘
1418,10:49:11,5.41,-0.01,70,37870,卖盘
1419,10:49:02,5.42,--,151,81842,买盘
1420,10:48:56,5.42,-0.01,18,10108,卖盘
1421,10:48:52,5.43,0.01,520,282360,买盘
1422,10:48:47,5.42,0.01,22,11924,买盘
1423,10:48:32,5.41,-0.01,150,81150,卖盘
1424,10:48:26,5.42,--,12,6504,买盘
1425,10:48:22,5.42,0.01,40,21820,买盘
1426,10:48:17,5.41,--,14,7741,卖盘
1427,10:48:11,5.41,--,139,75615,卖盘
1428,10:48:07,5.41,-0.01,150,81150,卖盘
1429,10:47:52,5.42,--,4,2168,买盘
1430,10:47:41,5.42,--,41,22455,卖盘
1431,10:47:32,5.42,--,21,11382,卖盘
1432,10:47:26,5.42,--,11,5962,卖盘
1433,10:47:22,5.42,--,11,5962,卖盘
1434,10:47:17,5.42,--,24,13316,卖盘
1435,10:47:11,5.42,--,169,91598,卖盘
1436,10:47:02,5.42,--,8,4336,卖盘
1437,10:46:52,5.42,--,1,542,卖盘
1438,10:46:47,5.42,--,150,81300,卖盘
1439,10:46:37,5.42,0.01,1,542,卖盘
1440,10:46:26,5.41,--,0,0,卖盘
1441,10:46:22,5.41,-0.02,1,541,卖盘
1442,10:46:17,5.43,0.02,326,177208,买盘
1443,10:46:11,5.41,-0.01,22,12021,卖盘
1444,10:46:07,5.42,--,108,58536,卖盘
1445,10:46:02,5.42,-0.01,9,4878,卖盘
1446,10:45:56,5.43,0.02,4,2172,买盘
1447,10:45:52,5.41,-0.01,171,92511,卖盘
1448,10:45:37,5.42,--,7,3794,卖盘
1449,10:45:32,5.42,--,35,19078,买盘
1450,10:45:26,5.42,--,125,67842,卖盘
1451,10:45:22,5.42,-0.01,15,8238,卖盘
1452,10:45:17,5.43,0.01,250,135750,买盘
1453,10:45:11,5.42,--,37,20054,买盘
1454,10:45:07,5.42,--,50,27100,买盘
1455,10:45:02,5.42,--,10,5420,买盘
1456,10:44:56,5.42,--,104,56368,卖盘
1457,10:44:52,5.42,--,50,27100,卖盘
1458,10:44:47,5.42,--,10,5420,卖盘
1459,10:44:41,5.42,-0.01,227,123034,卖盘
1460,10:44:37,5.43,0.02,593,321999,买盘
1461,10:44:32,5.41,--,153,82773,卖盘
1462,10:44:22,5.41,--,10,5593,卖盘
1463,10:44:17,5.41,--,14,7698,卖盘
1464,10:44:11,5.41,-0.01,101,54641,卖盘
1465,10:44:07,5.42,0.01,68,36856,中性盘
1466,10:44:02,5.41,--,150,81150,卖盘
1467,10:43:35,5.41,-0.02,150,81150,卖盘
1468,10:43:32,5.43,0.02,99,53757,买盘
1469,10:43:11,5.41,-0.02,174,94442,卖盘
1470,10:43:05,5.43,0.01,366,198738,买盘
1471,10:42:50,5.42,--,1,542,卖盘
1472,10:42:47,5.42,0.01,16,8672,中性盘
1473,10:42:41,5.41,-0.01,181,97921,卖盘
1474,10:42:35,5.42,--,20,10840,卖盘
1475,10:42:32,5.42,0.01,41,22222,买盘
1476,10:42:26,5.41,--,10,5588,卖盘
1477,10:42:17,5.41,--,164,88853,卖盘
1478,10:42:02,5.41,-0.01,46,24886,卖盘
1479,10:41:56,5.42,0.01,9,4878,买盘
1480,10:41:47,5.41,--,155,83855,卖盘
1481,10:41:35,5.41,-0.02,16,8856,卖盘
1482,10:41:31,5.43,0.01,484,262812,买盘
1483,10:41:26,5.42,0.01,418,226556,买盘
1484,10:41:20,5.41,-0.01,156,84396,卖盘
1485,10:41:16,5.42,0.01,188,101896,买盘
1486,10:41:11,5.41,--,29,15797,卖盘
1487,10:41:05,5.41,--,642,347322,卖盘
1488,10:41:01,5.41,--,15,8115,卖盘
1489,10:40:56,5.41,--,188,101708,卖盘
1490,10:40:50,5.41,-0.01,15,8115,卖盘
1491,10:40:46,5.42,0.01,65,35230,买盘
1492,10:40:41,5.41,--,15,8115,卖盘
1493,10:40:31,5.41,--,15,8115,卖盘
1494,10:40:26,5.41,--,151,81691,卖盘
1495,10:40:20,5.41,-0.01,15,8115,卖盘
1496,10:40:11,5.42,--,133,72086,买盘
1497,10:40:05,5.42,0.01,79,43126,买盘
1498,10:40:01,5.41,--,150,81150,卖盘
1499,10:39:56,5.41,--,15,8115,卖盘
1500,10:39:41,5.41,-0.01,255,137955,卖盘
1501,10:39:35,5.42,0.01,1,542,买盘
1502,10:39:31,5.41,-0.01,5,2705,卖盘
1503,10:39:26,5.42,0.01,8,4336,买盘
1504,10:39:20,5.41,--,20,10820,卖盘
1505,10:39:11,5.41,--,24,13292,卖盘
1506,10:39:05,5.41,-0.01,349,188809,卖盘
1507,10:39:01,5.42,--,7,3794,卖盘
1508,10:38:56,5.42,-0.01,30,16260,买盘
1509,10:38:41,5.43,0.02,1016,551688,买盘
1510,10:38:20,5.41,--,15,8115,卖盘
1511,10:38:11,5.41,--,160,86684,卖盘
1512,10:38:05,5.41,--,37,20017,卖盘
1513,10:38:01,5.41,-0.01,14,7757,卖盘
1514,10:37:56,5.42,0.01,101,54742,买盘
1515,10:37:46,5.41,-0.01,175,94675,卖盘
1516,10:37:35,5.42,--,141,76422,买盘
1517,10:37:26,5.42,0.01,8,4336,买盘
1518,10:37:20,5.41,--,3,1623,卖盘
1519,10:37:11,5.41,--,7,3787,卖盘
1520,10:37:05,5.41,--,0,0,卖盘
1521,10:37:01,5.41,--,24,13292,卖盘
1522,10:36:55,5.41,--,8,4328,卖盘
1523,10:36:49,5.41,-0.01,150,81150,卖盘
1524,10:36:46,5.42,--,1,542,卖盘
1525,10:36:41,5.42,--,5,2710,卖盘
1526,10:36:35,5.42,--,10,5420,买盘
1527,10:36:26,5.42,-0.01,152,82384,买盘
1528,10:36:20,5.43,0.01,290,157470,买盘
1529,10:36:16,5.42,--,100,54200,买盘
1530,10:36:11,5.42,0.01,33,17886,买盘
1531,10:35:56,5.41,--,170,91970,卖盘
1532,10:35:46,5.41,-0.01,178,96298,卖盘
1533,10:35:31,5.42,0.01,734,397828,买盘
1534,10:35:26,5.41,--,6,3246,卖盘
1535,10:35:20,5.41,--,49,26509,卖盘
1536,10:35:05,5.41,-0.01,150,81150,卖盘
1537,10:34:59,5.42,0.01,63,34146,买盘
1538,10:34:50,5.41,-0.01,90,48690,卖盘
1539,10:34:40,5.42,0.01,44,23848,买盘
1540,10:34:35,5.41,-0.01,152,82232,卖盘
1541,10:34:25,5.42,0.01,64,34688,买盘
1542,10:34:10,5.41,--,206,111446,卖盘
1543,10:34:05,5.41,--,35,18935,卖盘
1544,10:33:55,5.41,-0.01,211,114151,卖盘
1545,10:33:50,5.42,0.01,323,175066,买盘
1546,10:33:40,5.41,-0.01,150,81150,卖盘
1547,10:33:25,5.42,0.01,9,4878,买盘
1548,10:33:14,5.41,-0.01,150,81150,卖盘
1549,10:33:05,5.42,0.01,100,54200,买盘
1550,10:32:59,5.41,-0.01,86,46526,卖盘
1551,10:32:44,5.42,0.01,66,35772,买盘
1552,10:32:40,5.41,--,9,4869,卖盘
1553,10:32:35,5.41,-0.01,785,424685,卖盘
1554,10:32:29,5.42,--,10,5420,卖盘
1555,10:32:20,5.42,--,503,272626,卖盘
1556,10:32:14,5.42,-0.01,284,153928,卖盘
1557,10:32:10,5.43,0.01,551,299193,买盘
1558,10:31:55,5.42,--,150,81300,卖盘
1559,10:31:50,5.42,--,639,346338,卖盘
1560,10:31:35,5.42,--,58,31436,卖盘
1561,10:31:29,5.42,--,151,81842,卖盘
1562,10:31:05,5.42,--,146,79132,卖盘
1563,10:30:59,5.42,--,151,81842,卖盘
1564,10:30:55,5.42,-0.01,89,48238,卖盘
1565,10:30:50,5.43,0.01,294,159642,买盘
1566,10:30:44,5.42,--,22,11924,卖盘
1567,10:30:35,5.42,--,248,134416,卖盘
1568,10:30:20,5.42,--,121,65582,卖盘
1569,10:30:05,5.42,--,179,97018,卖盘
1570,10:29:44,5.42,--,3,1626,卖盘
1571,10:29:40,5.42,-0.01,150,81300,卖盘
1572,10:29:29,5.43,--,41,22263,买盘
1573,10:29:20,5.43,0.01,546,296478,买盘
1574,10:29:14,5.42,-0.01,180,97560,卖盘
1575,10:29:05,5.43,0.01,20,10860,买盘
1576,10:28:59,5.42,--,318,172356,卖盘
1577,10:28:50,5.42,--,18,9756,卖盘
1578,10:28:44,5.42,-0.01,328,177776,卖盘
1579,10:28:40,5.43,0.01,20,10860,买盘
1580,10:28:25,5.42,--,50,27100,卖盘
1581,10:28:20,5.42,--,150,81300,卖盘
1582,10:28:14,5.42,--,10,5420,卖盘
1583,10:27:59,5.42,--,937,507854,卖盘
1584,10:27:50,5.42,-0.01,150,81300,卖盘
1585,10:27:34,5.43,--,64,34752,买盘
1586,10:27:29,5.43,0.01,320,173760,买盘
1587,10:27:23,5.42,--,150,81300,卖盘
1588,10:27:14,5.42,--,10,5420,卖盘
1589,10:27:04,5.42,--,192,104064,买盘
1590,10:26:59,5.42,--,30,16260,买盘
1591,10:26:53,5.42,--,12,6504,卖盘
1592,10:26:44,5.42,0.01,7,3794,中性盘
1593,10:26:34,5.41,--,624,337584,卖盘
1594,10:26:29,5.41,-0.01,333,180153,卖盘
1595,10:26:23,5.42,--,1,542,卖盘
1596,10:26:19,5.42,0.01,24,13008,买盘
1597,10:26:14,5.41,-0.02,188,101708,卖盘
1598,10:26:08,5.43,0.01,194,105342,买盘
1599,10:26:04,5.42,--,152,82384,买盘
1600,10:25:44,5.42,0.01,19,10298,买盘
1601,10:25:34,5.41,--,150,81150,卖盘
1602,10:25:29,5.41,-0.01,114,61674,卖盘
1603,10:25:22,5.42,0.01,15,8130,买盘
1604,10:25:14,5.41,-0.01,50,27050,卖盘
1605,10:25:08,5.42,--,247,133874,买盘
1606,10:25:04,5.42,0.01,46,24932,买盘
1607,10:24:59,5.41,-0.01,2,1082,卖盘
1608,10:24:49,5.42,0.01,20,10840,买盘
1609,10:24:44,5.41,-0.01,150,81150,卖盘
1610,10:24:34,5.42,--,1,542,买盘
1611,10:24:29,5.42,0.01,97,52574,买盘
1612,10:24:19,5.41,--,119,64379,卖盘
1613,10:24:14,5.41,--,327,176907,卖盘
1614,10:24:08,5.41,--,80,43280,卖盘
1615,10:24:04,5.41,-0.02,80,43280,卖盘
1616,10:23:59,5.43,0.02,344,186792,买盘
1617,10:23:53,5.41,--,838,453358,卖盘
1618,10:23:49,5.41,-0.01,204,110364,卖盘
1619,10:23:44,5.42,--,297,160974,买盘
1620,10:23:37,5.42,0.01,69,37398,买盘
1621,10:23:34,5.41,-0.01,295,160130,卖盘
1622,10:23:29,5.42,--,215,116530,卖盘
1623,10:23:23,5.42,-0.01,566,306772,卖盘
1624,10:23:19,5.43,--,1,543,买盘
1625,10:23:14,5.43,0.01,500,271500,买盘
1626,10:23:08,5.42,-0.01,11,5962,卖盘
1627,10:23:04,5.43,0.01,279,151497,买盘
1628,10:22:59,5.42,--,49,26563,买盘
1629,10:22:53,5.42,--,141,76958,卖盘
1630,10:22:49,5.42,--,10,5420,卖盘
1631,10:22:38,5.42,--,20,10840,卖盘
1632,10:22:34,5.42,--,20,10840,卖盘
1633,10:22:29,5.42,--,154,83468,卖盘
1634,10:22:23,5.42,--,21,11382,卖盘
1635,10:22:19,5.42,--,23,12466,卖盘
1636,10:22:14,5.42,--,1,542,卖盘
1637,10:22:08,5.42,--,75,40650,卖盘
1638,10:21:59,5.42,--,204,110568,卖盘
1639,10:21:44,5.42,--,1,542,卖盘
1640,10:21:38,5.42,--,39,21138,卖盘
1641,10:21:33,5.42,-0.01,150,81300,卖盘
1642,10:21:29,5.43,--,13,7064,买盘
1643,10:21:23,5.43,--,0,0,买盘
1644,10:21:19,5.43,--,244,132492,买盘
1645,10:21:14,5.43,0.01,150,81450,买盘
1646,10:21:08,5.42,--,80,43544,卖盘
1647,10:20:59,5.42,--,84,45528,卖盘
1648,10:20:53,5.42,-0.01,11,5962,卖盘
1649,10:20:49,5.43,0.01,50,27150,买盘
1650,10:20:44,5.42,--,304,165125,卖盘
1651,10:20:38,5.42,--,150,81300,卖盘
1652,10:20:29,5.42,--,8,4336,卖盘
1653,10:20:23,5.42,--,1,542,卖盘
1654,10:20:18,5.42,-0.01,116,62872,买盘
1655,10:20:13,5.43,0.01,690,374670,买盘
1656,10:20:03,5.42,--,100,54200,卖盘
1657,10:19:58,5.42,--,56,30352,卖盘
1658,10:19:53,5.42,--,55,29810,卖盘
1659,10:19:44,5.42,--,150,81300,卖盘
1660,10:19:33,5.42,--,13,7046,卖盘
1661,10:19:18,5.42,-0.01,150,81300,卖盘
1662,10:19:13,5.43,--,303,164529,买盘
1663,10:19:03,5.43,--,26,14118,买盘
1664,10:18:58,5.43,--,0,0,买盘
1665,10:18:53,5.43,--,450,244458,买盘
1666,10:18:48,5.43,0.01,243,131949,买盘
1667,10:18:43,5.42,--,55,29810,卖盘
1668,10:18:38,5.42,--,58,31436,卖盘
1669,10:18:32,5.42,--,9,4878,卖盘
1670,10:18:28,5.42,--,7,3794,卖盘
1671,10:18:23,5.42,--,256,138752,卖盘
1672,10:18:17,5.42,--,8,4336,卖盘
1673,10:18:13,5.42,-0.01,1,542,卖盘
1674,10:18:07,5.43,0.01,32,17376,买盘
1675,10:18:02,5.42,--,1,542,卖盘
1676,10:17:58,5.42,--,205,111110,卖盘
1677,10:17:53,5.42,-0.01,362,196204,卖盘
1678,10:17:47,5.43,0.01,35,19005,买盘
1679,10:17:43,5.42,-0.01,8,4336,卖盘
1680,10:17:37,5.43,0.01,880,477840,买盘
1681,10:17:32,5.42,--,4,2168,卖盘
1682,10:17:28,5.42,--,151,81842,卖盘
1683,10:17:23,5.42,--,2,1084,卖盘
1684,10:17:17,5.42,--,8,4336,卖盘
1685,10:17:13,5.42,--,8,4336,卖盘
1686,10:17:08,5.42,--,163,88346,卖盘
1687,10:17:02,5.42,--,150,81300,卖盘
1688,10:16:58,5.42,--,135,73170,卖盘
1689,10:16:53,5.42,--,463,250946,卖盘
1690,10:16:47,5.42,--,3,1626,卖盘
1691,10:16:43,5.42,--,400,216800,卖盘
1692,10:16:38,5.42,--,288,156367,卖盘
1693,10:16:28,5.42,--,20,10840,卖盘
1694,10:16:13,5.42,--,100,54200,卖盘
1695,10:16:08,5.42,-0.01,159,86178,卖盘
1696,10:16:02,5.43,0.01,31,16833,买盘
1697,10:15:58,5.42,--,35,18970,卖盘
1698,10:15:53,5.42,--,3,1626,卖盘
1699,10:15:47,5.42,--,10,5420,卖盘
1700,10:15:43,5.42,-0.01,272,147424,卖盘
1701,10:15:38,5.43,0.01,215,116745,买盘
1702,10:15:27,5.42,-0.01,11,5962,卖盘
1703,10:15:23,5.43,--,218,118374,买盘
1704,10:15:17,5.43,0.01,386,209598,买盘
1705,10:15:08,5.42,--,152,82384,卖盘
1706,10:15:01,5.42,--,3,1626,卖盘
1707,10:14:47,5.42,--,287,155554,卖盘
1708,10:14:38,5.42,-0.01,605,327910,卖盘
1709,10:14:32,5.43,--,40,21720,买盘
1710,10:14:27,5.43,0.01,326,177018,买盘
1711,10:14:23,5.42,-0.01,251,136042,卖盘
1712,10:14:17,5.43,0.01,340,184620,买盘
1713,10:14:02,5.42,-0.01,500,271000,卖盘
1714,10:13:57,5.43,0.01,416,225888,买盘
1715,10:13:53,5.42,--,1198,649316,卖盘
1716,10:13:47,5.42,--,60,32520,卖盘
1717,10:13:38,5.42,--,56,30352,卖盘
1718,10:13:32,5.42,-0.01,2,1084,卖盘
1719,10:13:27,5.43,--,492,267156,买盘
1720,10:13:17,5.43,0.01,76,41268,买盘
1721,10:13:12,5.42,--,3,1626,卖盘
1722,10:13:02,5.42,--,150,81300,卖盘
1723,10:12:57,5.42,--,4,2168,卖盘
1724,10:12:53,5.42,-0.01,3,1626,卖盘
1725,10:12:47,5.43,--,51,27693,买盘
1726,10:12:32,5.43,--,562,305166,买盘
1727,10:12:22,5.43,--,55,29865,买盘
1728,10:12:17,5.43,0.01,3,1629,买盘
1729,10:12:07,5.42,-0.01,150,81300,卖盘
1730,10:12:02,5.43,0.01,327,177561,买盘
1731,10:11:57,5.42,-0.01,100,54200,卖盘
1732,10:11:47,5.43,0.01,389,211227,买盘
1733,10:11:37,5.42,--,359,194578,卖盘
1734,10:11:32,5.42,--,4,2168,卖盘
1735,10:11:27,5.42,--,8,4336,卖盘
1736,10:11:22,5.42,--,1,542,卖盘
1737,10:11:12,5.42,-0.01,150,81300,卖盘
1738,10:11:02,5.43,0.01,35,19005,买盘
1739,10:10:52,5.42,--,511,276962,卖盘
1740,10:10:47,5.42,--,1052,570184,卖盘
1741,10:10:37,5.42,--,84,45528,卖盘
1742,10:10:17,5.42,-0.01,150,81300,卖盘
1743,10:10:11,5.43,--,54,29322,买盘
1744,10:10:07,5.43,--,147,79821,买盘
1745,10:10:02,5.43,0.01,2128,1155504,买盘
1746,10:09:52,5.42,-0.01,5976,3238992,卖盘
1747,10:09:47,5.43,0.01,624,338832,买盘
1748,10:09:41,5.42,--,80,43360,卖盘
1749,10:09:37,5.42,--,140,75880,卖盘
1750,10:09:22,5.42,--,152,82384,卖盘
1751,10:09:17,5.42,-0.01,281,152302,卖盘
1752,10:09:10,5.43,0.01,4,2172,买盘
1753,10:09:07,5.42,--,299,162058,卖盘
1754,10:08:56,5.42,-0.01,150,81300,卖盘
1755,10:08:52,5.43,--,60,32580,买盘
1756,10:08:47,5.43,0.01,727,394761,买盘
1757,10:08:37,5.42,--,5,2710,卖盘
1758,10:08:32,5.42,--,160,86720,卖盘
1759,10:08:17,5.42,--,57,30894,卖盘
1760,10:08:07,5.42,--,8,4336,卖盘
1761,10:08:02,5.42,--,197,106936,卖盘
1762,10:07:52,5.42,-0.01,10,5420,卖盘
1763,10:07:47,5.43,0.01,613,332859,买盘
1764,10:07:41,5.42,--,148,80216,卖盘
1765,10:07:36,5.42,--,150,81300,卖盘
1766,10:07:32,5.42,--,741,401622,卖盘
1767,10:07:26,5.42,--,195,105690,卖盘
1768,10:07:22,5.42,--,1,542,卖盘
1769,10:07:16,5.42,--,25,13550,卖盘
1770,10:07:11,5.42,--,150,81300,卖盘
1771,10:07:01,5.42,-0.01,199,107858,卖盘
1772,10:06:56,5.43,0.01,100,54300,买盘
1773,10:06:51,5.42,-0.01,135,73170,卖盘
1774,10:06:47,5.43,0.01,560,304080,买盘
1775,10:06:41,5.42,--,188,101896,卖盘
1776,10:06:26,5.42,--,100,54200,卖盘
1777,10:06:17,5.42,--,250,135500,卖盘
1778,10:06:11,5.42,-0.01,8,4336,卖盘
1779,10:06:02,5.43,0.01,38,20634,买盘
1780,10:05:56,5.42,-0.01,108,58536,卖盘
1781,10:05:51,5.43,--,10,5430,买盘
1782,10:05:47,5.43,0.01,727,394761,买盘
1783,10:05:41,5.42,-0.01,201,108942,卖盘
1784,10:05:26,5.43,--,10,5430,买盘
1785,10:05:21,5.43,0.01,170,92310,买盘
1786,10:05:16,5.42,--,3,1626,卖盘
1787,10:05:11,5.42,--,1,542,卖盘
1788,10:05:06,5.42,-0.01,2,1084,卖盘
1789,10:05:01,5.43,0.01,405,219915,买盘
1790,10:04:56,5.42,-0.01,166,89972,卖盘
1791,10:04:46,5.43,0.01,615,333945,买盘
1792,10:04:26,5.42,--,190,102980,卖盘
1793,10:04:21,5.42,-0.01,11,5962,卖盘
1794,10:04:16,5.43,0.01,114,61902,买盘
1795,10:04:06,5.42,-0.01,65,35230,卖盘
1796,10:04:01,5.43,0.01,160,86880,买盘
1797,10:03:56,5.42,--,133,72086,卖盘
1798,10:03:46,5.42,--,643,348506,卖盘
1799,10:03:41,5.42,--,84,45528,卖盘
1800,10:03:36,5.42,--,111,60162,卖盘
1801,10:03:31,5.42,--,356,192952,卖盘
1802,10:03:26,5.42,--,80,43360,卖盘
1803,10:03:11,5.42,--,13,7046,卖盘
1804,10:03:05,5.42,-0.01,152,82384,卖盘
1805,10:03:01,5.43,0.01,31,16833,买盘
1806,10:02:56,5.42,-0.01,10,5420,卖盘
1807,10:02:46,5.43,--,560,304080,买盘
1808,10:02:41,5.43,0.01,183,99369,买盘
1809,10:02:36,5.42,-0.01,166,89972,卖盘
1810,10:02:31,5.43,0.01,513,278559,买盘
1811,10:02:25,5.42,--,196,106232,卖盘
1812,10:02:21,5.42,-0.01,5,2710,卖盘
1813,10:02:16,5.43,--,639,346977,买盘
1814,10:02:11,5.43,--,195,105885,买盘
1815,10:02:05,5.43,0.01,91,49413,买盘
1816,10:02:01,5.42,-0.01,83,44986,卖盘
1817,10:01:56,5.43,--,427,231861,买盘
1818,10:01:46,5.43,--,776,421368,买盘
1819,10:01:41,5.43,0.01,215,116745,买盘
1820,10:01:34,5.42,-0.01,43,23306,卖盘
1821,10:01:31,5.43,--,195,105885,买盘
1822,10:01:26,5.43,--,732,397476,买盘
1823,10:01:16,5.43,--,442,240006,买盘
1824,10:01:11,5.43,0.01,9,4887,买盘
1825,10:01:05,5.42,-0.01,4,2168,卖盘
1826,10:01:01,5.43,--,113,61359,买盘
1827,10:00:56,5.43,--,409,222087,买盘
1828,10:00:49,5.43,0.01,339,184077,买盘
1829,10:00:46,5.42,-0.01,864,468288,卖盘
1830,10:00:41,5.43,--,412,223716,买盘
1831,10:00:31,5.43,--,287,155841,买盘
1832,10:00:26,5.43,0.01,455,247065,买盘
1833,10:00:20,5.42,-0.01,380,205960,卖盘
1834,10:00:16,5.43,--,805,437115,买盘
1835,10:00:11,5.43,0.01,66,35838,买盘
1836,10:00:05,5.42,-0.01,3,1626,卖盘
1837,10:00:01,5.43,--,701,380643,买盘
1838,09:59:56,5.43,--,1721,934503,买盘
1839,09:59:46,5.43,0.01,656,356208,买盘
1840,09:59:41,5.42,--,58,31436,卖盘
1841,09:59:31,5.42,-0.01,151,81842,卖盘
1842,09:59:26,5.43,--,27,14661,买盘
1843,09:59:16,5.43,--,190,103170,买盘
1844,09:59:11,5.43,0.01,417,226431,买盘
1845,09:59:05,5.42,--,414,224388,卖盘
1846,09:59:01,5.42,-0.01,503,272626,卖盘
1847,09:58:56,5.43,0.01,197,106971,买盘
1848,09:58:49,5.42,-0.01,220,119240,卖盘
1849,09:58:45,5.43,0.01,570,309510,买盘
1850,09:58:40,5.42,--,548,297016,卖盘
1851,09:58:35,5.42,-0.01,284,153928,卖盘
1852,09:58:25,5.43,0.01,114,61902,买盘
1853,09:58:20,5.42,-0.01,95,51490,卖盘
1854,09:58:15,5.43,--,0,0,买盘
1855,09:58:10,5.43,0.02,498,270414,买盘
1856,09:58:05,5.41,-0.02,1623,878237,卖盘
1857,09:58:00,5.43,--,8,4344,买盘
1858,09:57:55,5.43,0.01,1044,566892,买盘
1859,09:57:50,5.42,-0.01,1532,830344,卖盘
1860,09:57:45,5.43,0.01,560,304080,买盘
1861,09:57:40,5.42,0.01,3206,1737998,买盘
1862,09:57:35,5.41,-0.01,57,30837,卖盘
1863,09:57:25,5.42,--,47,25474,买盘
1864,09:57:20,5.42,0.01,274,148508,买盘
1865,09:57:15,5.41,--,1,541,卖盘
1866,09:57:10,5.41,-0.01,677,366257,卖盘
1867,09:57:05,5.42,0.01,235,127370,买盘
1868,09:56:55,5.41,-0.01,283,153103,卖盘
1869,09:56:49,5.42,--,674,365308,买盘
1870,09:56:45,5.42,--,5,2710,买盘
1871,09:56:40,5.42,--,11,5962,买盘
1872,09:56:35,5.42,--,116,62872,买盘
1873,09:56:25,5.42,--,266,144172,买盘
1874,09:56:20,5.42,--,31,16802,买盘
1875,09:56:10,5.42,--,552,299184,买盘
1876,09:56:05,5.42,--,1641,889422,买盘
1877,09:56:00,5.42,--,30,16260,买盘
1878,09:55:55,5.42,--,321,173982,买盘
1879,09:55:50,5.42,--,670,363140,买盘
1880,09:55:40,5.42,--,227,123034,买盘
1881,09:55:35,5.42,--,90,48780,买盘
1882,09:55:25,5.42,--,133,72086,买盘
1883,09:55:20,5.42,--,160,86720,买盘
1884,09:55:10,5.42,--,149,80758,买盘
1885,09:55:05,5.42,0.01,194,105148,买盘
1886,09:55:00,5.41,--,36,19476,卖盘
1887,09:54:55,5.41,-0.01,354,191514,卖盘
1888,09:54:50,5.42,--,75,40650,买盘
1889,09:54:45,5.42,0.01,560,303520,买盘
1890,09:54:40,5.41,-0.01,214,115774,卖盘
1891,09:54:35,5.42,--,3,1626,买盘
1892,09:54:25,5.42,--,11,5962,买盘
1893,09:54:20,5.42,0.01,81,43902,买盘
1894,09:54:14,5.41,--,40,21640,卖盘
1895,09:54:10,5.41,-0.01,63,34083,卖盘
1896,09:54:05,5.42,0.01,309,167478,买盘
1897,09:53:59,5.41,--,10,5410,卖盘
1898,09:53:55,5.41,-0.01,123,66543,卖盘
1899,09:53:50,5.42,0.01,20,10840,买盘
1900,09:53:44,5.41,--,650,351650,卖盘
1901,09:53:40,5.41,--,8,4328,卖盘
1902,09:53:35,5.41,--,7,3787,卖盘
1903,09:53:20,5.41,--,12,6492,卖盘
1904,09:53:14,5.41,--,30,16230,卖盘
1905,09:53:05,5.41,--,1,541,卖盘
1906,09:52:59,5.41,-0.01,1,541,卖盘
1907,09:52:55,5.42,0.01,558,302436,买盘
1908,09:52:49,5.41,--,15,8115,卖盘
1909,09:52:39,5.41,--,17,9197,卖盘
1910,09:52:35,5.41,--,2,1082,卖盘
1911,09:52:29,5.41,--,2,1082,卖盘
1912,09:52:25,5.41,--,15,8115,卖盘
1913,09:52:20,5.41,--,38,20558,卖盘
1914,09:52:14,5.41,--,18,9738,卖盘
1915,09:52:09,5.41,--,200,108200,卖盘
1916,09:52:04,5.41,--,27,14607,卖盘
1917,09:51:54,5.41,-0.01,31,16771,卖盘
1918,09:51:49,5.42,--,74,40108,买盘
1919,09:51:44,5.42,0.01,513,278046,买盘
1920,09:51:39,5.41,--,410,221810,卖盘
1921,09:51:34,5.41,--,8,4328,卖盘
1922,09:51:29,5.41,--,15,8115,卖盘
1923,09:51:19,5.41,--,106,57346,卖盘
1924,09:51:14,5.41,--,15,8115,卖盘
1925,09:51:04,5.41,--,206,111446,卖盘
1926,09:50:59,5.41,--,101,54641,卖盘
1927,09:50:48,5.41,-0.01,62,33542,卖盘
1928,09:50:44,5.42,0.01,155,84010,买盘
1929,09:50:39,5.41,-0.01,115,62215,卖盘
1930,09:50:34,5.42,--,35,18970,买盘
1931,09:50:28,5.42,0.02,490,265580,买盘
1932,09:50:24,5.4,-0.01,57,30780,卖盘
1933,09:50:18,5.41,--,531,287271,买盘
1934,09:50:14,5.41,--,236,127676,买盘
1935,09:50:09,5.41,--,387,209367,卖盘
1936,09:50:04,5.41,--,31,16771,卖盘
1937,09:49:59,5.41,--,31,16771,卖盘
1938,09:49:54,5.41,--,60,32460,卖盘
1939,09:49:49,5.41,--,18,9738,买盘
1940,09:49:44,5.41,--,398,215318,买盘
1941,09:49:39,5.41,--,31,16771,买盘
1942,09:49:34,5.41,--,254,137414,买盘
1943,09:49:29,5.41,--,124,67084,买盘
1944,09:49:24,5.41,--,70,37870,买盘
1945,09:49:19,5.41,0.01,34,18394,买盘
1946,09:49:14,5.4,-0.01,18,9720,卖盘
1947,09:49:09,5.41,--,1000,541000,买盘
1948,09:49:04,5.41,--,93,50313,买盘
1949,09:48:59,5.41,--,107,57887,买盘
1950,09:48:54,5.41,--,10,5410,买盘
1951,09:48:49,5.41,--,469,253729,买盘
1952,09:48:39,5.41,--,152,82232,买盘
1953,09:48:33,5.41,--,213,115233,买盘
1954,09:48:29,5.41,--,8,4328,买盘
1955,09:48:24,5.41,--,5,2705,买盘
1956,09:48:18,5.41,--,20,10820,买盘
1957,09:48:14,5.41,0.01,230,124430,买盘
1958,09:48:04,5.4,--,12,6480,卖盘
1959,09:47:58,5.4,--,40,21600,卖盘
1960,09:47:48,5.4,-0.01,33,17820,卖盘
1961,09:47:44,5.41,--,80,43280,买盘
1962,09:47:39,5.41,--,25,13525,买盘
1963,09:47:34,5.41,--,26,14066,买盘
1964,09:47:29,5.41,0.01,81,43821,买盘
1965,09:47:18,5.4,-0.01,1050,567000,卖盘
1966,09:47:14,5.41,--,20,10820,买盘
1967,09:47:09,5.41,--,412,222919,买盘
1968,09:47:03,5.41,--,21,11361,买盘
1969,09:46:59,5.41,--,455,246582,买盘
1970,09:46:54,5.41,0.01,123,66543,买盘
1971,09:46:48,5.4,--,260,140400,卖盘
1972,09:46:44,5.4,-0.01,228,123120,卖盘
1973,09:46:39,5.41,--,56,30296,买盘
1974,09:46:33,5.41,--,10,5410,买盘
1975,09:46:29,5.41,0.01,126,68166,买盘
1976,09:46:18,5.4,--,30,16200,卖盘
1977,09:46:14,5.4,-0.01,417,225180,卖盘
1978,09:46:07,5.41,0.01,10,5410,买盘
1979,09:45:59,5.4,-0.01,105,56700,卖盘
1980,09:45:53,5.41,--,320,173120,买盘
1981,09:45:48,5.41,0.01,1153,623773,买盘
1982,09:45:44,5.4,--,40,21600,卖盘
1983,09:45:33,5.4,-0.01,132,71280,卖盘
1984,09:45:29,5.41,--,950,513950,买盘
1985,09:45:23,5.41,--,71,38411,买盘
1986,09:45:18,5.41,--,575,311075,买盘
1987,09:45:14,5.41,0.01,523,282943,买盘
1988,09:45:08,5.4,--,129,69660,卖盘
1989,09:45:03,5.4,-0.01,33,17820,卖盘
1990,09:44:58,5.41,--,380,205580,买盘
1991,09:44:53,5.41,--,10,5410,买盘
1992,09:44:48,5.41,0.01,80,43280,买盘
1993,09:44:42,5.4,-0.01,366,197640,卖盘
1994,09:44:38,5.41,--,17,9197,买盘
1995,09:44:33,5.41,--,100,54100,买盘
1996,09:44:27,5.41,0.01,70,37870,买盘
1997,09:44:23,5.4,-0.01,20,10800,卖盘
1998,09:44:18,5.41,--,205,110905,买盘
1999,09:44:12,5.41,--,20,10820,买盘
2000,09:44:03,5.41,0.01,10,5410,买盘
2001,09:43:53,5.4,-0.01,401,216540,卖盘
2002,09:43:48,5.41,--,19,10279,买盘
2003,09:43:38,5.41,0.01,1117,604297,买盘
2004,09:43:33,5.4,-0.01,700,378000,卖盘
2005,09:43:27,5.41,0.01,30,16230,买盘
2006,09:43:23,5.4,-0.01,30,16200,卖盘
2007,09:43:18,5.41,0.01,200,108200,买盘
2008,09:43:12,5.4,-0.01,116,62640,卖盘
2009,09:43:03,5.41,--,65,35165,买盘
2010,09:42:57,5.41,--,569,307829,买盘
2011,09:42:53,5.41,0.01,209,113069,买盘
2012,09:42:48,5.4,-0.01,10,5400,卖盘
2013,09:42:42,5.41,--,596,322436,买盘
2014,09:42:38,5.41,--,29,15689,买盘
2015,09:42:27,5.41,--,31,16771,买盘
2016,09:42:23,5.41,--,6,3246,买盘
2017,09:42:18,5.41,0.01,12,6492,买盘
2018,09:42:12,5.4,-0.01,116,62640,卖盘
2019,09:42:08,5.41,--,53,28673,买盘
2020,09:42:03,5.41,--,1,541,买盘
2021,09:41:57,5.41,--,30,16230,买盘
2022,09:41:53,5.41,--,29,15689,买盘
2023,09:41:42,5.41,--,523,282943,买盘
2024,09:41:38,5.41,--,11,5951,买盘
2025,09:41:33,5.41,--,36,19476,买盘
2026,09:41:27,5.41,--,5,2705,买盘
2027,09:41:08,5.41,0.01,36,19476,买盘
2028,09:41:03,5.4,--,40,21600,卖盘
2029,09:40:57,5.4,-0.01,1346,726840,卖盘
2030,09:40:53,5.41,--,57,30837,买盘
2031,09:40:48,5.41,--,20,10820,买盘
2032,09:40:42,5.41,--,205,110905,买盘
2033,09:40:38,5.41,--,10,5410,买盘
2034,09:40:33,5.41,--,61,33001,买盘
2035,09:40:27,5.41,--,424,229714,买盘
2036,09:40:23,5.41,--,300,162300,买盘
2037,09:40:12,5.41,--,67,36247,买盘
2038,09:40:08,5.41,--,643,347863,中性盘
2039,09:40:03,5.41,-0.01,20,10820,卖盘
2040,09:39:57,5.42,0.01,489,265038,买盘
2041,09:39:53,5.41,--,10,5410,买盘
2042,09:39:42,5.41,--,41,22181,买盘
2043,09:39:37,5.41,--,72,38952,买盘
2044,09:39:33,5.41,0.01,30,16230,买盘
2045,09:39:27,5.4,-0.01,384,207360,卖盘
2046,09:39:23,5.41,0.01,208,112528,卖盘
2047,09:39:17,5.4,-0.01,62,33480,卖盘
2048,09:39:12,5.41,--,1846,998686,卖盘
2049,09:39:08,5.41,--,125,67625,卖盘
2050,09:38:57,5.41,--,3047,1648427,卖盘
2051,09:38:47,5.41,--,270,146070,卖盘
2052,09:38:42,5.41,--,30,16230,卖盘
2053,09:38:32,5.41,--,19,10279,卖盘
2054,09:38:27,5.41,-0.01,2754,1489914,卖盘
2055,09:38:17,5.42,0.01,105,56910,买盘
2056,09:38:12,5.41,--,107,58119,卖盘
2057,09:38:06,5.41,--,1,541,卖盘
2058,09:38:02,5.41,--,361,195301,卖盘
2059,09:37:57,5.41,--,30,16230,卖盘
2060,09:37:51,5.41,--,20,10820,卖盘
2061,09:37:47,5.41,--,30,16230,卖盘
2062,09:37:42,5.41,--,213,115233,卖盘
2063,09:37:36,5.41,-0.01,100,54100,卖盘
2064,09:37:27,5.42,0.01,295,159890,买盘
2065,09:37:21,5.41,--,135,73446,卖盘
2066,09:37:17,5.41,--,360,194760,卖盘
2067,09:37:12,5.41,--,2573,1391993,卖盘
2068,09:37:06,5.41,--,423,228843,卖盘
2069,09:36:51,5.41,-0.01,145,78861,卖盘
2070,09:36:36,5.42,--,5,2710,买盘
2071,09:36:31,5.42,--,267,144714,买盘
2072,09:36:21,5.42,--,15,8130,买盘
2073,09:36:12,5.42,--,18,9756,买盘
2074,09:36:06,5.42,0.01,4,2168,买盘
2075,09:36:02,5.41,--,1,541,卖盘
2076,09:35:57,5.41,-0.01,35,18935,卖盘
2077,09:35:51,5.42,0.01,29,15718,买盘
2078,09:35:47,5.41,-0.01,5,2705,卖盘
2079,09:35:36,5.42,0.01,6,3252,买盘
2080,09:35:32,5.41,-0.01,20,10820,卖盘
2081,09:35:27,5.42,0.01,12,6504,买盘
2082,09:35:17,5.41,-0.01,68,36788,卖盘
2083,09:35:12,5.42,--,50,27100,买盘
2084,09:35:06,5.42,--,149,80758,买盘
2085,09:35:02,5.42,--,9,4878,买盘
2086,09:34:51,5.42,0.01,10,5420,买盘
2087,09:34:47,5.41,-0.01,921,498791,卖盘
2088,09:34:36,5.42,--,764,414326,买盘
2089,09:34:17,5.42,0.01,190,102980,买盘
2090,09:34:02,5.41,-0.01,699,378624,卖盘
2091,09:33:51,5.42,--,5,2710,买盘
2092,09:33:47,5.42,--,55,29810,买盘
2093,09:33:36,5.42,--,685,371665,买盘
2094,09:33:27,5.42,--,42,22764,买盘
2095,09:33:17,5.42,--,20,10840,买盘
2096,09:33:12,5.42,--,100,54200,买盘
2097,09:33:02,5.42,--,356,192952,买盘
2098,09:32:57,5.42,0.01,9,4878,买盘
2099,09:32:32,5.41,--,643,347863,卖盘
2100,09:32:26,5.41,-0.01,6,3246,卖盘
2101,09:32:17,5.42,--,16,8672,买盘
2102,09:32:11,5.42,0.01,144,78048,买盘
2103,09:31:56,5.41,--,219,118479,卖盘
2104,09:31:51,5.41,-0.01,18,9738,卖盘
2105,09:31:45,5.42,--,5,2710,买盘
2106,09:31:36,5.42,--,40,21680,买盘
2107,09:31:30,5.42,--,107,57994,买盘
2108,09:31:21,5.42,0.01,90,48780,买盘
2109,09:31:11,5.41,-0.01,1,541,卖盘
2110,09:31:06,5.42,--,2,1084,买盘
2111,09:30:21,5.42,--,64,34688,买盘
2112,09:30:15,5.42,--,20,10840,买盘
2113,09:30:11,5.42,--,20,10840,买盘
2114,09:30:06,5.42,--,1474,798908,买盘
2115,09:28:47,5.42,--,0,0,买盘
2116,09:25:07,5.42,5.42,1521,824382,买盘
