,time,price,change,volume,amount,type
0,15:00:21,5.42,0.01,4014,2175588,买盘
1,14:57:51,5.41,--,0,0,买盘
2,14:57:03,5.41,-0.01,160,86560,卖盘
3,14:56:57,5.42,0.01,14,7588,买盘
4,14:56:54,5.41,--,70,37870,卖盘
5,14:56:51,5.41,-0.01,1744,943504,卖盘
6,14:56:48,5.42,0.01,298,161516,买盘
7,14:56:42,5.41,-0.01,50,27050,卖盘
8,14:56:39,5.42,0.01,130,70460,买盘
9,14:56:36,5.41,-0.01,203,109823,卖盘
10,14:56:30,5.42,--,107,57994,买盘
11,14:56:24,5.42,0.01,209,113278,买盘
12,14:56:21,5.41,--,92,49772,卖盘
13,14:56:18,5.41,--,95,51395,卖盘
14,14:56:15,5.41,--,60,32460,卖盘
15,14:56:12,5.41,--,17,9197,卖盘
16,14:56:09,5.41,--,203,109823,卖盘
17,14:56:06,5.41,--,246,133086,卖盘
18,14:56:03,5.41,0.01,2087,1129240,买盘
19,14:55:57,5.4,-0.01,1552,838080,卖盘
20,14:55:57,5.41,--,64,34624,买盘
21,14:55:51,5.41,--,109,58969,买盘
22,14:55:48,5.41,--,2,1082,买盘
23,14:55:45,5.41,0.01,152,82232,买盘
24,14:55:42,5.4,--,60,32400,卖盘
25,14:55:36,5.4,-0.01,114,61560,卖盘
26,14:55:33,5.41,--,1130,611330,买盘
27,14:55:30,5.41,0.01,547,295927,买盘
28,14:55:27,5.4,-0.01,52,28080,卖盘
29,14:55:24,5.41,--,1051,568591,买盘
30,14:55:21,5.41,--,72,38952,买盘
31,14:55:12,5.41,0.01,124,67084,买盘
32,14:55:09,5.4,-0.01,408,220320,卖盘
33,14:55:06,5.41,--,46,24886,买盘
34,14:55:03,5.41,0.01,500,270500,买盘
35,14:54:57,5.4,-0.01,131,70740,卖盘
36,14:54:54,5.41,0.01,261,141201,买盘
37,14:54:51,5.4,-0.01,120,64800,卖盘
38,14:54:48,5.41,--,25,13525,买盘
39,14:54:45,5.41,0.01,21,11361,买盘
40,14:54:42,5.4,-0.01,40,21600,卖盘
41,14:54:39,5.41,--,365,197465,买盘
42,14:54:36,5.41,--,15,8115,买盘
43,14:54:33,5.41,0.01,287,155267,买盘
44,14:54:30,5.4,--,101,54540,卖盘
45,14:54:24,5.4,-0.01,29,15660,卖盘
46,14:54:18,5.41,--,40,21640,买盘
47,14:54:15,5.41,0.01,55,29755,买盘
48,14:54:06,5.4,--,1,540,卖盘
49,14:54:03,5.4,--,126,68040,卖盘
50,14:54:00,5.4,-0.01,60,32400,卖盘
51,14:53:57,5.41,0.01,76,41116,买盘
52,14:53:54,5.4,-0.01,114,61560,卖盘
53,14:53:51,5.41,0.01,211,114151,买盘
54,14:53:48,5.4,-0.01,57,30780,卖盘
55,14:53:45,5.41,--,20,10820,买盘
56,14:53:42,5.41,0.01,33,17853,买盘
57,14:53:39,5.4,--,56,30240,卖盘
58,14:53:36,5.4,--,18,9720,卖盘
59,14:53:33,5.4,-0.01,115,62100,卖盘
60,14:53:30,5.41,0.01,52,28132,买盘
61,14:53:27,5.4,-0.01,40,21600,卖盘
62,14:53:24,5.41,0.01,62,33542,买盘
63,14:53:18,5.4,--,185,99900,卖盘
64,14:53:15,5.4,-0.01,113,61020,卖盘
65,14:53:12,5.41,--,2,1082,买盘
66,14:53:09,5.41,0.01,2,1082,买盘
67,14:53:06,5.4,--,94,50760,卖盘
68,14:53:00,5.4,-0.01,10,5400,卖盘
69,14:52:57,5.41,0.01,35,18935,买盘
70,14:52:54,5.4,-0.01,63,34020,卖盘
71,14:52:51,5.41,--,184,99544,买盘
72,14:52:42,5.41,--,8,4328,买盘
73,14:52:39,5.41,--,328,177448,买盘
74,14:52:36,5.41,--,100,54100,买盘
75,14:52:33,5.41,--,32,17312,买盘
76,14:52:30,5.41,--,21,11361,买盘
77,14:52:27,5.41,0.01,21,11361,买盘
78,14:52:24,5.4,--,666,359640,卖盘
79,14:52:18,5.4,--,179,96660,卖盘
80,14:52:15,5.4,-0.01,741,400140,卖盘
81,14:52:09,5.41,--,22,11902,买盘
82,14:52:06,5.41,--,125,67625,买盘
83,14:52:00,5.41,--,100,54100,买盘
84,14:51:57,5.41,--,316,170956,买盘
85,14:51:54,5.41,--,13,7033,买盘
86,14:51:48,5.41,--,14,7574,买盘
87,14:51:45,5.41,--,3,1623,买盘
88,14:51:42,5.41,--,11,5951,买盘
89,14:51:39,5.41,--,20,10820,买盘
90,14:51:33,5.41,--,22,11902,买盘
91,14:51:30,5.41,--,5,2705,买盘
92,14:51:27,5.41,--,3,1623,买盘
93,14:51:18,5.41,0.01,59,31919,买盘
94,14:51:15,5.4,-0.01,5,2700,卖盘
95,14:51:12,5.41,--,45,24345,买盘
96,14:51:09,5.41,--,4,2164,买盘
97,14:51:06,5.41,--,24,12984,卖盘
98,14:51:03,5.41,--,33,17853,卖盘
99,14:51:00,5.41,--,10,5410,卖盘
100,14:50:57,5.41,-0.01,50,27050,卖盘
101,14:50:54,5.42,0.01,106,57452,买盘
102,14:50:51,5.41,--,105,56805,买盘
103,14:50:48,5.41,--,138,74658,卖盘
104,14:50:42,5.41,-0.01,452,244532,卖盘
105,14:50:39,5.42,0.01,335,181570,买盘
106,14:50:36,5.41,--,6,3246,卖盘
107,14:50:33,5.41,-0.01,355,192055,卖盘
108,14:50:30,5.42,0.01,265,143630,买盘
109,14:50:27,5.41,--,105,56805,卖盘
110,14:50:24,5.41,-0.01,192,103872,卖盘
111,14:50:18,5.42,0.01,12,6504,买盘
112,14:50:15,5.41,--,8,4328,卖盘
113,14:50:09,5.41,-0.01,1048,566968,卖盘
114,14:50:03,5.42,--,50,27100,买盘
115,14:50:00,5.42,--,87,47154,买盘
116,14:49:57,5.42,--,19,10298,买盘
117,14:49:54,5.42,--,165,89430,买盘
118,14:49:48,5.42,--,40,21680,买盘
119,14:49:45,5.42,0.01,12,6504,买盘
120,14:49:39,5.41,--,10,5410,卖盘
121,14:49:33,5.41,-0.01,110,59510,卖盘
122,14:49:30,5.42,0.01,51,27642,买盘
123,14:49:27,5.41,-0.01,100,54100,卖盘
124,14:49:24,5.42,0.01,17,9214,买盘
125,14:49:21,5.41,--,37,20017,卖盘
126,14:49:18,5.41,--,40,21640,卖盘
127,14:49:15,5.41,--,66,35706,卖盘
128,14:49:12,5.41,-0.01,74,40034,卖盘
129,14:49:09,5.42,--,256,138752,买盘
130,14:49:06,5.42,--,69,37398,买盘
131,14:49:03,5.42,0.01,20,10840,买盘
132,14:49:00,5.41,--,12,6492,卖盘
133,14:48:57,5.41,-0.01,10,5410,卖盘
134,14:48:54,5.42,0.01,55,29810,买盘
135,14:48:51,5.41,-0.01,20,10820,卖盘
136,14:48:48,5.42,--,137,74254,买盘
137,14:48:42,5.42,--,89,48238,买盘
138,14:48:39,5.42,0.01,10,5420,买盘
139,14:48:36,5.41,-0.01,22,11902,卖盘
140,14:48:21,5.42,--,25,13550,买盘
141,14:48:18,5.42,--,1,542,买盘
142,14:48:15,5.42,--,50,27100,买盘
143,14:48:12,5.42,--,25,13550,买盘
144,14:48:06,5.42,--,20,10840,买盘
145,14:48:03,5.42,--,2,1452,卖盘
146,14:48:00,5.42,--,176,95392,卖盘
147,14:47:57,5.42,--,64,34688,卖盘
148,14:47:54,5.42,--,20,10840,卖盘
149,14:47:51,5.42,-0.01,351,190523,卖盘
150,14:47:48,5.43,0.01,13,7059,买盘
151,14:47:45,5.42,--,5,2710,卖盘
152,14:47:42,5.42,--,190,102980,卖盘
153,14:47:39,5.42,--,28,15176,卖盘
154,14:47:33,5.42,--,6,3252,卖盘
155,14:47:30,5.42,--,52,28184,卖盘
156,14:47:27,5.42,-0.01,274,148508,卖盘
157,14:47:12,5.43,--,37,20091,买盘
158,14:47:09,5.43,0.01,19,10317,买盘
159,14:47:06,5.42,-0.01,62,33604,卖盘
160,14:47:03,5.43,0.01,98,53214,买盘
161,14:47:00,5.42,-0.01,81,43902,卖盘
162,14:46:54,5.43,--,771,418653,买盘
163,14:46:51,5.43,0.01,122,66246,买盘
164,14:46:48,5.42,-0.01,15,8130,卖盘
165,14:46:42,5.43,0.01,1,543,买盘
166,14:46:33,5.42,--,202,109484,卖盘
167,14:46:30,5.42,--,203,110026,卖盘
168,14:46:27,5.42,--,10,5420,卖盘
169,14:46:24,5.42,--,42,22764,卖盘
170,14:46:18,5.42,--,28,15176,卖盘
171,14:46:15,5.42,--,13,7046,卖盘
172,14:46:09,5.42,-0.01,120,65040,卖盘
173,14:46:06,5.43,0.01,20,10860,买盘
174,14:46:03,5.42,-0.01,262,142004,卖盘
175,14:46:00,5.43,--,86,46698,买盘
176,14:45:57,5.43,0.01,178,96654,买盘
177,14:45:54,5.42,--,50,27100,卖盘
178,14:45:51,5.42,-0.01,534,289428,卖盘
179,14:45:48,5.43,--,1102,598386,买盘
180,14:45:42,5.43,0.01,105,57015,买盘
181,14:45:39,5.42,-0.01,39,21138,卖盘
182,14:45:36,5.43,--,27,14661,买盘
183,14:45:30,5.43,--,283,153669,买盘
184,14:45:27,5.43,0.01,29,15747,买盘
185,14:45:24,5.42,-0.01,216,117072,卖盘
186,14:45:21,5.43,0.01,19,10317,买盘
187,14:45:15,5.42,-0.01,51,27642,卖盘
188,14:45:12,5.43,0.01,6,3258,买盘
189,14:45:09,5.42,--,233,126286,卖盘
190,14:45:06,5.42,--,9,4878,卖盘
191,14:45:00,5.42,--,50,27100,卖盘
192,14:44:57,5.42,--,134,72628,卖盘
193,14:44:54,5.42,--,11,5962,卖盘
194,14:44:51,5.42,--,50,27100,卖盘
195,14:44:48,5.42,--,55,29810,卖盘
196,14:44:45,5.42,--,50,27533,买盘
197,14:44:39,5.42,--,18,9756,买盘
198,14:44:36,5.42,--,76,41192,买盘
199,14:44:33,5.42,--,99,53766,卖盘
200,14:44:24,5.42,--,181,98102,卖盘
201,14:44:15,5.42,--,27,14634,卖盘
202,14:44:12,5.42,--,24,13441,买盘
203,14:44:09,5.42,--,126,68400,卖盘
204,14:44:06,5.42,--,5,3143,买盘
205,14:44:03,5.42,--,301,163250,卖盘
206,14:44:00,5.42,-0.01,215,116530,卖盘
207,14:43:54,5.43,0.01,31,16833,买盘
208,14:43:51,5.42,--,78,42276,卖盘
209,14:43:48,5.42,--,50,27100,卖盘
210,14:43:45,5.42,--,212,115185,卖盘
211,14:43:42,5.42,-0.01,12,6504,卖盘
212,14:43:39,5.43,0.01,38,20634,买盘
213,14:43:36,5.42,--,118,63956,卖盘
214,14:43:33,5.42,--,22,11924,卖盘
215,14:43:30,5.42,--,4,2168,卖盘
216,14:43:27,5.42,--,62,33604,卖盘
217,14:43:24,5.42,--,5,2710,卖盘
218,14:43:12,5.42,--,474,257059,买盘
219,14:43:09,5.42,--,68,36856,买盘
220,14:43:06,5.42,0.01,18,9756,买盘
221,14:43:03,5.41,-0.01,50,27050,卖盘
222,14:43:00,5.42,--,4,2168,买盘
223,14:42:53,5.42,--,129,69918,买盘
224,14:42:50,5.42,--,540,292680,买盘
225,14:42:47,5.42,--,54,29268,买盘
226,14:42:41,5.42,--,5,2710,买盘
227,14:42:38,5.42,--,51,27642,买盘
228,14:42:35,5.42,--,10,5420,买盘
229,14:42:32,5.42,--,21,11382,买盘
230,14:42:29,5.42,0.01,1422,770724,买盘
231,14:42:26,5.41,--,3,1623,卖盘
232,14:42:23,5.41,-0.01,18,9738,卖盘
233,14:42:20,5.42,0.01,25,13550,买盘
234,14:42:17,5.41,-0.01,2,1082,卖盘
235,14:42:14,5.42,--,6,3252,买盘
236,14:42:11,5.42,--,36,19512,买盘
237,14:42:08,5.42,0.01,24,13008,买盘
238,14:42:05,5.41,-0.01,15,8115,卖盘
239,14:42:02,5.42,--,133,72086,买盘
240,14:41:56,5.42,--,95,51490,买盘
241,14:41:50,5.42,0.01,33,17886,买盘
242,14:41:47,5.41,-0.01,52,28132,卖盘
243,14:41:44,5.42,0.01,518,280756,买盘
244,14:41:41,5.41,--,145,78445,卖盘
245,14:41:35,5.41,-0.01,183,99003,卖盘
246,14:41:32,5.42,--,37,20054,买盘
247,14:41:29,5.42,--,98,53116,买盘
248,14:41:26,5.42,0.01,629,340918,买盘
249,14:41:23,5.41,-0.01,6,3246,卖盘
250,14:41:17,5.42,--,30,16260,买盘
251,14:41:08,5.42,--,4,2168,买盘
252,14:41:05,5.42,0.01,4,2168,买盘
253,14:40:56,5.41,-0.01,100,54100,卖盘
254,14:40:53,5.42,--,20,10840,买盘
255,14:40:44,5.42,--,5,2710,买盘
256,14:40:41,5.42,--,57,30894,买盘
257,14:40:38,5.42,--,6,3252,买盘
258,14:40:35,5.42,--,190,102980,买盘
259,14:40:32,5.42,--,100,54200,买盘
260,14:40:23,5.42,--,1,542,买盘
261,14:40:20,5.42,0.01,502,272084,买盘
262,14:40:14,5.41,--,53,28673,卖盘
263,14:40:11,5.41,-0.01,43,23263,卖盘
264,14:40:08,5.42,--,2,1084,买盘
265,14:40:05,5.42,0.01,207,112194,买盘
266,14:40:02,5.41,-0.01,55,29755,卖盘
267,14:39:53,5.42,0.01,31,16802,买盘
268,14:39:47,5.41,-0.01,3,1623,卖盘
269,14:39:38,5.42,0.01,17,9214,买盘
270,14:39:35,5.41,-0.01,104,56264,卖盘
271,14:39:32,5.42,0.01,2,1084,买盘
272,14:39:29,5.41,-0.01,19,10279,卖盘
273,14:39:26,5.42,--,1,542,买盘
274,14:39:23,5.42,0.01,15,8130,买盘
275,14:39:17,5.41,--,2,1082,卖盘
276,14:39:08,5.41,-0.01,20,10820,卖盘
277,14:39:05,5.42,--,23,12466,买盘
278,14:38:59,5.42,0.01,60,32520,买盘
279,14:38:53,5.41,-0.01,1,541,卖盘
280,14:38:50,5.42,0.01,2,1084,买盘
281,14:38:44,5.41,--,4,2164,卖盘
282,14:38:38,5.41,--,67,36247,卖盘
283,14:38:32,5.41,-0.01,45,24345,卖盘
284,14:38:29,5.42,--,22,11924,买盘
285,14:38:26,5.42,--,33,17886,买盘
286,14:38:17,5.42,0.01,120,65040,买盘
287,14:38:05,5.41,-0.01,20,10820,卖盘
288,14:38:02,5.42,--,26,14092,买盘
289,14:37:59,5.42,0.01,29,15718,买盘
290,14:37:56,5.41,-0.01,22,11902,卖盘
291,14:37:53,5.42,--,50,27100,买盘
292,14:37:50,5.42,0.01,5,2710,买盘
293,14:37:47,5.41,--,10,5410,卖盘
294,14:37:44,5.41,-0.01,12,6492,卖盘
295,14:37:38,5.42,--,50,27100,买盘
296,14:37:32,5.42,0.01,40,21680,买盘
297,14:37:29,5.41,-0.01,123,66543,卖盘
298,14:37:26,5.42,--,12,6504,买盘
299,14:37:20,5.42,0.01,154,83468,买盘
300,14:37:17,5.41,--,73,39493,卖盘
301,14:37:14,5.41,--,3,1623,卖盘
302,14:37:11,5.41,--,198,107118,卖盘
303,14:37:02,5.41,-0.01,168,90888,卖盘
304,14:36:59,5.42,0.01,6,3252,买盘
305,14:36:56,5.41,--,5,2705,卖盘
306,14:36:53,5.41,--,40,21640,卖盘
307,14:36:50,5.41,--,12,6492,卖盘
308,14:36:47,5.41,-0.01,42,22722,卖盘
309,14:36:44,5.42,--,395,214090,买盘
310,14:36:41,5.42,0.01,3,1626,买盘
311,14:36:38,5.41,-0.01,2,1082,卖盘
312,14:36:35,5.42,0.01,10,5420,买盘
313,14:36:32,5.41,-0.01,3,1623,卖盘
314,14:36:26,5.42,--,412,223304,买盘
315,14:36:23,5.42,0.01,23,12466,买盘
316,14:36:20,5.41,--,237,128217,卖盘
317,14:36:17,5.41,--,3,1623,卖盘
318,14:36:11,5.41,-0.01,16,8656,卖盘
319,14:36:05,5.42,0.01,6,3252,买盘
320,14:36:02,5.41,-0.01,159,86019,卖盘
321,14:35:59,5.42,--,152,82384,买盘
322,14:35:53,5.42,--,5,2710,买盘
323,14:35:50,5.42,--,6,3252,买盘
324,14:35:47,5.42,0.01,300,162600,买盘
325,14:35:41,5.41,--,31,16771,卖盘
326,14:35:38,5.41,--,68,36788,买盘
327,14:35:35,5.41,--,10,5410,卖盘
328,14:35:32,5.41,-0.01,33,17853,卖盘
329,14:35:29,5.42,--,10,5420,买盘
330,14:35:26,5.42,0.02,150,81300,买盘
331,14:35:23,5.4,-0.01,80,43200,卖盘
332,14:35:20,5.41,--,20,10820,买盘
333,14:35:17,5.41,-0.01,23,12962,卖盘
334,14:35:14,5.42,0.01,79,42818,买盘
335,14:35:11,5.41,--,17,9197,卖盘
336,14:35:08,5.41,--,50,27050,卖盘
337,14:35:05,5.41,--,27,14628,买盘
338,14:35:02,5.41,--,95,51395,买盘
339,14:34:59,5.41,0.01,65,35165,卖盘
340,14:34:53,5.4,-0.01,110,59400,卖盘
341,14:34:50,5.41,--,28,15148,卖盘
342,14:34:44,5.41,--,33,18112,买盘
343,14:34:41,5.41,--,10,5410,买盘
344,14:34:38,5.41,0.01,103,55723,买盘
345,14:34:35,5.4,-0.01,47,25380,卖盘
346,14:34:32,5.41,0.01,90,48690,买盘
347,14:34:29,5.4,--,16,8640,卖盘
348,14:34:26,5.4,--,155,83700,卖盘
349,14:34:20,5.4,--,10,5400,卖盘
350,14:34:17,5.4,-0.01,23,12420,卖盘
351,14:34:14,5.41,--,43,23263,买盘
352,14:34:08,5.41,0.01,107,57887,买盘
353,14:33:59,5.4,--,65,35100,卖盘
354,14:33:56,5.4,--,12,6480,卖盘
355,14:33:53,5.4,--,25,13500,卖盘
356,14:33:50,5.4,-0.01,5,2700,卖盘
357,14:33:47,5.41,--,113,61133,买盘
358,14:33:44,5.41,--,12,6492,买盘
359,14:33:38,5.41,--,13,7033,买盘
360,14:33:35,5.41,--,105,56805,买盘
361,14:33:29,5.41,--,318,172038,买盘
362,14:33:26,5.41,--,23,12443,买盘
363,14:33:23,5.41,0.01,27,14607,买盘
364,14:33:20,5.4,-0.01,13,7020,卖盘
365,14:33:11,5.41,--,67,36247,买盘
366,14:33:08,5.41,--,3,1623,买盘
367,14:33:05,5.41,--,53,28673,买盘
368,14:32:59,5.41,--,67,36247,买盘
369,14:32:56,5.41,--,2,1082,买盘
370,14:32:53,5.41,--,118,63838,卖盘
371,14:32:50,5.41,--,10,5410,卖盘
372,14:32:47,5.41,-0.01,873,472293,卖盘
373,14:32:38,5.42,--,11,5962,买盘
374,14:32:35,5.42,--,58,31436,买盘
375,14:32:26,5.42,0.01,4,2168,买盘
376,14:32:23,5.41,-0.01,4,2164,卖盘
377,14:32:20,5.42,0.01,10,5420,买盘
378,14:32:17,5.41,-0.01,240,129840,卖盘
379,14:32:14,5.42,0.01,42,22764,买盘
380,14:32:08,5.41,-0.01,12,6492,卖盘
381,14:32:05,5.42,--,60,32520,买盘
382,14:32:02,5.42,--,320,173440,买盘
383,14:31:56,5.42,0.01,29,15718,买盘
384,14:31:50,5.41,--,38,20558,卖盘
385,14:31:47,5.41,--,112,60592,卖盘
386,14:31:44,5.41,--,91,49231,卖盘
387,14:31:38,5.41,-0.01,10,5410,卖盘
388,14:31:35,5.42,0.01,127,68834,买盘
389,14:31:32,5.41,--,13,7033,卖盘
390,14:31:29,5.41,--,27,14607,卖盘
391,14:31:26,5.41,--,30,16230,卖盘
392,14:31:20,5.41,--,2,1082,卖盘
393,14:31:17,5.41,--,131,70871,买盘
394,14:31:11,5.41,--,1,541,买盘
395,14:31:05,5.41,--,236,127676,买盘
396,14:30:59,5.41,--,70,37870,买盘
397,14:30:56,5.41,--,14,7574,买盘
398,14:30:53,5.41,--,4,2164,买盘
399,14:30:50,5.41,--,15,8115,卖盘
400,14:30:47,5.41,--,208,112528,卖盘
401,14:30:41,5.41,--,75,40575,买盘
402,14:30:38,5.41,--,49,26509,买盘
403,14:30:35,5.41,0.01,202,109282,买盘
404,14:30:32,5.4,--,1,540,卖盘
405,14:30:29,5.4,-0.01,6,3240,卖盘
406,14:30:26,5.41,--,115,62215,买盘
407,14:30:23,5.41,--,71,38411,买盘
408,14:30:14,5.41,--,16,8656,买盘
409,14:30:11,5.41,--,607,328387,卖盘
410,14:30:08,5.41,--,37,20017,卖盘
411,14:30:05,5.41,--,16,8656,卖盘
412,14:30:02,5.41,-0.01,20,10820,卖盘
413,14:29:59,5.42,--,4,2168,买盘
414,14:29:53,5.42,--,11,5962,买盘
415,14:29:50,5.42,0.01,46,24932,买盘
416,14:29:47,5.41,--,551,298091,卖盘
417,14:29:41,5.41,-0.01,10,5410,卖盘
418,14:29:32,5.42,--,37,20054,买盘
419,14:29:29,5.42,0.01,19,10298,买盘
420,14:29:23,5.41,-0.01,294,159054,卖盘
421,14:29:17,5.42,--,38,20596,买盘
422,14:29:14,5.42,--,51,27642,买盘
423,14:29:11,5.42,0.01,168,91056,买盘
424,14:29:08,5.41,-0.01,20,10820,卖盘
425,14:29:02,5.42,--,511,276962,买盘
426,14:28:59,5.42,--,343,185906,买盘
427,14:28:56,5.42,0.01,50,27100,买盘
428,14:28:53,5.41,-0.01,2,1082,卖盘
429,14:28:50,5.42,0.01,19,10298,买盘
430,14:28:47,5.41,-0.01,1032,558312,卖盘
431,14:28:44,5.42,0.01,22,11924,买盘
432,14:28:38,5.41,--,33,17853,卖盘
433,14:28:35,5.41,--,20,10820,卖盘
434,14:28:32,5.41,--,15,8115,卖盘
435,14:28:26,5.41,--,144,77904,买盘
436,14:28:23,5.41,--,52,28132,买盘
437,14:28:20,5.41,--,1,541,买盘
438,14:28:17,5.41,--,505,273205,买盘
439,14:28:14,5.41,--,4,2164,买盘
440,14:28:11,5.41,--,41,22181,买盘
441,14:28:08,5.41,0.01,11,5951,买盘
442,14:27:59,5.4,-0.01,20,10800,卖盘
443,14:27:53,5.41,--,4,2164,买盘
444,14:27:47,5.41,--,24,12984,买盘
445,14:27:44,5.41,--,56,30296,买盘
446,14:27:41,5.41,--,82,44362,买盘
447,14:27:35,5.41,--,115,62215,买盘
448,14:27:32,5.41,--,505,273205,买盘
449,14:27:29,5.41,--,167,90347,买盘
450,14:27:23,5.41,--,201,108741,买盘
451,14:27:20,5.41,0.01,1,541,买盘
452,14:27:17,5.4,-0.01,1,540,卖盘
453,14:27:08,5.41,--,65,35165,买盘
454,14:27:05,5.41,--,74,40034,买盘
455,14:27:02,5.41,--,32,17312,买盘
456,14:26:59,5.41,0.01,56,30296,买盘
457,14:26:56,5.4,-0.01,55,29700,卖盘
458,14:26:50,5.41,--,10,5410,买盘
459,14:26:47,5.41,0.01,22,11902,买盘
460,14:26:38,5.4,--,92,49680,买盘
461,14:26:35,5.4,--,13,7020,买盘
462,14:26:32,5.4,--,371,200340,买盘
463,14:26:29,5.4,--,425,229500,买盘
464,14:26:26,5.4,0.01,1,540,买盘
465,14:26:23,5.39,--,122,65758,卖盘
466,14:26:20,5.39,-0.01,20,10780,卖盘
467,14:26:14,5.4,--,12,6480,买盘
468,14:26:11,5.4,--,345,186300,买盘
469,14:26:05,5.4,--,402,217080,买盘
470,14:25:59,5.4,0.01,36,19440,买盘
471,14:25:53,5.39,--,100,53900,卖盘
472,14:25:50,5.39,--,35,18865,卖盘
473,14:25:47,5.39,--,52,28028,卖盘
474,14:25:44,5.39,-0.01,15,8084,卖盘
475,14:25:37,5.4,--,30,16200,买盘
476,14:25:34,5.4,--,64,34560,买盘
477,14:25:28,5.4,0.01,7,3780,买盘
478,14:25:25,5.39,-0.01,8,4312,卖盘
479,14:25:22,5.4,0.01,14,7560,买盘
480,14:25:16,5.39,-0.01,430,231770,卖盘
481,14:25:13,5.4,--,1,540,买盘
482,14:25:10,5.4,--,10,5400,买盘
483,14:25:07,5.4,0.01,100,54000,买盘
484,14:25:04,5.39,-0.01,3,1617,卖盘
485,14:25:01,5.4,--,50,27000,买盘
486,14:24:55,5.4,0.01,11,5940,买盘
487,14:24:49,5.39,--,3,1617,卖盘
488,14:24:43,5.39,--,20,10780,卖盘
489,14:24:40,5.39,-0.01,30,16169,卖盘
490,14:24:37,5.4,--,19,10260,买盘
491,14:24:34,5.4,--,19,10260,买盘
492,14:24:28,5.4,0.01,19,10260,买盘
493,14:24:25,5.39,-0.01,5,2695,卖盘
494,14:24:16,5.4,0.01,2,1080,买盘
495,14:24:10,5.39,-0.01,3,1617,卖盘
496,14:24:04,5.4,--,212,114480,买盘
497,14:23:58,5.4,0.01,211,113940,买盘
498,14:23:55,5.39,--,60,32339,卖盘
499,14:23:49,5.39,-0.01,50,26950,卖盘
500,14:23:46,5.4,0.01,12,6480,买盘
501,14:23:40,5.39,--,85,45815,卖盘
502,14:23:37,5.39,--,10,5390,卖盘
503,14:23:22,5.39,-0.01,4,2156,卖盘
504,14:23:13,5.4,--,24,12960,买盘
505,14:23:10,5.4,--,40,21600,买盘
506,14:23:07,5.4,0.01,89,48060,买盘
507,14:23:01,5.39,-0.01,2,1078,卖盘
508,14:22:55,5.4,--,2,1080,买盘
509,14:22:52,5.4,0.01,23,12420,买盘
510,14:22:49,5.39,-0.01,81,43659,卖盘
511,14:22:46,5.4,--,1,540,买盘
512,14:22:43,5.4,0.01,30,16200,买盘
513,14:22:40,5.39,-0.01,10,5390,卖盘
514,14:22:37,5.4,--,30,16200,买盘
515,14:22:34,5.4,--,48,25920,买盘
516,14:22:31,5.4,--,88,47520,买盘
517,14:22:28,5.4,0.01,165,89100,买盘
518,14:22:22,5.39,--,1,539,卖盘
519,14:22:19,5.39,-0.01,3,1617,卖盘
520,14:22:16,5.4,--,50,27000,买盘
521,14:22:10,5.4,0.01,14,7560,买盘
522,14:22:04,5.39,-0.01,45,24255,卖盘
523,14:22:01,5.4,0.01,150,81000,买盘
524,14:21:52,5.39,-0.01,6,3234,卖盘
525,14:21:49,5.4,0.01,188,101520,买盘
526,14:21:43,5.39,-0.01,7,3773,卖盘
527,14:21:40,5.4,0.01,130,70200,买盘
528,14:21:34,5.39,-0.01,72,38808,卖盘
529,14:21:28,5.4,--,901,486540,买盘
530,14:21:25,5.4,0.01,280,151200,买盘
531,14:21:22,5.39,--,1,539,卖盘
532,14:21:19,5.39,--,31,16709,卖盘
533,14:21:13,5.39,--,2,1078,卖盘
534,14:21:10,5.39,-0.01,3,1617,卖盘
535,14:21:07,5.4,0.01,100,54000,买盘
536,14:21:01,5.39,-0.01,2,1078,卖盘
537,14:20:52,5.4,--,1,540,买盘
538,14:20:49,5.4,--,101,54540,买盘
539,14:20:43,5.4,0.01,1,540,买盘
540,14:20:34,5.39,-0.01,13,7007,卖盘
541,14:20:31,5.4,0.01,24,12960,买盘
542,14:20:28,5.39,-0.01,10,5390,卖盘
543,14:20:22,5.4,0.01,20,10800,买盘
544,14:20:16,5.39,-0.01,20,10780,卖盘
545,14:20:10,5.4,0.01,64,34560,买盘
546,14:20:01,5.39,-0.01,100,53900,卖盘
547,14:19:52,5.4,0.01,7,3780,买盘
548,14:19:46,5.39,--,10,5390,卖盘
549,14:19:43,5.39,-0.01,24,12936,卖盘
550,14:19:40,5.4,0.01,63,34020,买盘
551,14:19:34,5.39,-0.01,16,8624,卖盘
552,14:19:28,5.4,--,10,5400,买盘
553,14:19:19,5.4,--,5,2700,买盘
554,14:19:07,5.4,--,19,10260,买盘
555,14:19:04,5.4,--,63,34020,买盘
556,14:19:01,5.4,--,101,54540,买盘
557,14:18:58,5.4,--,2,1080,买盘
558,14:18:52,5.4,--,132,71280,买盘
559,14:18:43,5.4,0.01,6,3240,买盘
560,14:18:40,5.39,-0.01,31,16709,卖盘
561,14:18:31,5.4,--,8,4320,买盘
562,14:18:25,5.4,--,510,275400,买盘
563,14:18:19,5.4,0.01,30,16200,买盘
564,14:18:07,5.39,-0.01,20,10780,卖盘
565,14:18:04,5.4,0.01,3,1620,买盘
566,14:17:52,5.39,-0.01,139,74921,卖盘
567,14:17:49,5.4,--,18,9720,买盘
568,14:17:40,5.4,--,4,2160,买盘
569,14:17:37,5.4,0.01,8,4320,买盘
570,14:17:31,5.39,-0.01,395,212905,卖盘
571,14:17:28,5.4,0.01,1,540,买盘
572,14:17:13,5.39,--,3,1617,卖盘
573,14:17:10,5.39,--,133,71687,买盘
574,14:17:04,5.39,0.01,379,204281,买盘
575,14:17:01,5.38,-0.01,37,19906,卖盘
576,14:16:55,5.39,--,22,11858,买盘
577,14:16:49,5.39,--,12,6468,买盘
578,14:16:46,5.39,--,44,23716,买盘
579,14:16:40,5.39,--,210,113190,买盘
580,14:16:34,5.39,--,5,2695,买盘
581,14:16:28,5.39,--,10,5390,买盘
582,14:16:22,5.39,0.01,20,10780,买盘
583,14:16:16,5.38,-0.01,10,5380,卖盘
584,14:16:13,5.39,--,72,38808,买盘
585,14:16:10,5.39,--,54,29106,买盘
586,14:16:07,5.39,--,5,2695,买盘
587,14:16:04,5.39,0.01,39,21021,买盘
588,14:16:01,5.38,-0.01,10,5380,卖盘
589,14:15:58,5.39,--,142,76538,买盘
590,14:15:55,5.39,--,95,51205,买盘
591,14:15:52,5.39,0.01,1,539,买盘
592,14:15:49,5.38,-0.01,6,3228,卖盘
593,14:15:46,5.39,--,4,2156,买盘
594,14:15:43,5.39,--,14,7546,买盘
595,14:15:40,5.39,--,76,40964,买盘
596,14:15:34,5.39,--,129,69531,买盘
597,14:15:31,5.39,0.01,103,55517,买盘
598,14:15:28,5.38,-0.01,5,2690,卖盘
599,14:15:25,5.39,--,6,3234,买盘
600,14:15:16,5.39,--,17,9163,买盘
601,14:15:10,5.39,--,33,17787,买盘
602,14:15:07,5.39,--,8,4312,买盘
603,14:15:04,5.39,--,157,84623,买盘
604,14:15:01,5.39,--,239,128820,买盘
605,14:14:58,5.39,0.01,520,280280,买盘
606,14:14:55,5.38,--,60,32280,卖盘
607,14:14:49,5.38,--,50,26900,卖盘
608,14:14:43,5.38,--,20,10760,卖盘
609,14:14:40,5.38,--,9,4842,卖盘
610,14:14:28,5.38,--,9,4842,卖盘
611,14:14:25,5.38,--,5,2690,卖盘
612,14:14:19,5.38,--,141,75858,卖盘
613,14:14:16,5.38,--,30,16140,卖盘
614,14:14:10,5.38,--,52,27976,卖盘
615,14:14:04,5.38,--,9,4842,卖盘
616,14:14:01,5.38,-0.01,87,46806,卖盘
617,14:13:58,5.39,0.01,8,4312,买盘
618,14:13:55,5.38,--,10,5380,卖盘
619,14:13:49,5.38,-0.01,20,10760,卖盘
620,14:13:46,5.39,--,3,1617,买盘
621,14:13:43,5.39,0.01,11,5929,买盘
622,14:13:37,5.38,-0.01,119,64022,卖盘
623,14:13:22,5.39,--,20,10780,买盘
624,14:13:19,5.39,--,1132,610148,卖盘
625,14:13:13,5.39,--,317,170863,卖盘
626,14:13:07,5.39,-0.01,98,52822,卖盘
627,14:13:01,5.4,--,38,20520,买盘
628,14:12:55,5.4,0.01,120,64800,买盘
629,14:12:52,5.39,-0.01,22,11858,卖盘
630,14:12:49,5.4,0.01,14,7560,买盘
631,14:12:46,5.39,--,1,539,卖盘
632,14:12:43,5.39,-0.01,15,8084,卖盘
633,14:12:40,5.4,0.01,50,27000,买盘
634,14:12:37,5.39,-0.01,10,5390,卖盘
635,14:12:34,5.4,0.01,4,2160,买盘
636,14:12:28,5.39,--,212,114268,卖盘
637,14:12:25,5.39,-0.01,17,9163,卖盘
638,14:12:22,5.4,0.01,122,65880,买盘
639,14:12:16,5.39,-0.01,257,138523,卖盘
640,14:12:13,5.4,0.01,3,1620,买盘
641,14:12:10,5.39,-0.01,42,22638,卖盘
642,14:12:07,5.4,--,16,8640,买盘
643,14:11:58,5.4,0.01,44,23760,买盘
644,14:11:52,5.39,-0.01,86,46354,卖盘
645,14:11:43,5.4,--,153,82620,买盘
646,14:11:28,5.4,--,1,540,买盘
647,14:11:16,5.4,--,19,10260,买盘
648,14:11:10,5.4,0.01,2,1080,买盘
649,14:11:01,5.39,--,182,98098,卖盘
650,14:10:58,5.39,--,23,12397,卖盘
651,14:10:49,5.39,-0.01,34,18326,卖盘
652,14:10:43,5.4,0.01,20,10800,买盘
653,14:10:40,5.39,--,16,8624,卖盘
654,14:10:37,5.39,-0.01,14,7546,卖盘
655,14:10:34,5.4,0.01,204,110160,买盘
656,14:10:31,5.39,--,2,1078,卖盘
657,14:10:28,5.39,-0.01,3,1617,卖盘
658,14:10:22,5.4,0.01,17,9180,买盘
659,14:10:19,5.39,--,5,2695,卖盘
660,14:10:16,5.39,-0.01,6,3234,卖盘
661,14:10:13,5.4,--,14,7560,买盘
662,14:10:10,5.4,0.01,21,11340,买盘
663,14:10:07,5.39,--,10,5390,卖盘
664,14:10:04,5.39,--,30,16169,卖盘
665,14:10:01,5.39,-0.01,10,5390,卖盘
666,14:09:55,5.4,--,3,1620,买盘
667,14:09:52,5.4,--,24,12960,买盘
668,14:09:49,5.4,0.01,7,3780,买盘
669,14:09:43,5.39,-0.01,47,25333,卖盘
670,14:09:40,5.4,0.01,1,540,买盘
671,14:09:34,5.39,--,146,78694,卖盘
672,14:09:25,5.39,--,40,21560,卖盘
673,14:09:22,5.39,-0.01,9,4851,卖盘
674,14:09:19,5.4,0.01,22,11880,买盘
675,14:09:16,5.39,--,2,1078,卖盘
676,14:09:13,5.39,-0.01,10,5390,卖盘
677,14:09:07,5.4,--,10,5400,买盘
678,14:09:01,5.4,0.01,23,12420,买盘
679,14:08:58,5.39,--,49,26411,买盘
680,14:08:55,5.39,--,50,26950,买盘
681,14:08:52,5.39,--,169,91091,卖盘
682,14:08:49,5.39,--,50,26950,卖盘
683,14:08:46,5.39,--,49,26411,卖盘
684,14:08:40,5.39,--,56,30184,买盘
685,14:08:37,5.39,--,2,1078,买盘
686,14:08:34,5.39,--,37,19943,买盘
687,14:08:31,5.39,-0.01,17,9163,卖盘
688,14:08:25,5.4,0.01,17,9180,买盘
689,14:08:19,5.39,--,62,33418,卖盘
690,14:08:16,5.39,-0.01,10,5390,卖盘
691,14:08:13,5.4,0.01,64,34560,买盘
692,14:08:10,5.39,--,176,94864,卖盘
693,14:08:07,5.39,--,19,10241,卖盘
694,14:08:04,5.39,--,3,1617,卖盘
695,14:08:01,5.39,--,180,97020,卖盘
696,14:07:58,5.39,--,30,16169,卖盘
697,14:07:55,5.39,--,100,53900,卖盘
698,14:07:48,5.39,-0.01,46,24794,卖盘
699,14:07:45,5.4,0.01,30,16200,买盘
700,14:07:42,5.39,--,52,28028,卖盘
701,14:07:39,5.39,--,3,1617,卖盘
702,14:07:36,5.39,--,13,7007,卖盘
703,14:07:33,5.39,--,2,1078,卖盘
704,14:07:30,5.39,--,57,30722,卖盘
705,14:07:27,5.39,--,5,2695,卖盘
706,14:07:24,5.39,-0.01,99,53361,卖盘
707,14:07:21,5.4,0.01,322,173880,买盘
708,14:07:15,5.39,--,28,15092,卖盘
709,14:07:12,5.39,--,100,53900,卖盘
710,14:07:09,5.39,--,235,126664,卖盘
711,14:07:06,5.39,--,180,97020,卖盘
712,14:07:03,5.39,--,549,295911,卖盘
713,14:07:00,5.39,--,6,3234,卖盘
714,14:06:57,5.39,--,142,76538,卖盘
715,14:06:54,5.39,-0.01,100,53900,卖盘
716,14:06:45,5.4,0.01,1,540,买盘
717,14:06:39,5.39,-0.01,50,26950,卖盘
718,14:06:30,5.4,--,42,22680,买盘
719,14:06:27,5.4,--,100,54000,买盘
720,14:06:21,5.4,--,8,4320,买盘
721,14:06:18,5.4,--,1,540,买盘
722,14:06:15,5.4,--,103,55620,卖盘
723,14:06:12,5.4,--,100,54000,卖盘
724,14:06:06,5.4,-0.01,204,110160,卖盘
725,14:06:03,5.41,0.01,103,55723,买盘
726,14:05:57,5.4,--,470,253800,卖盘
727,14:05:54,5.4,-0.01,137,73980,卖盘
728,14:05:48,5.41,--,50,27050,买盘
729,14:05:42,5.41,0.01,51,27591,买盘
730,14:05:36,5.4,-0.01,2,1080,卖盘
731,14:05:21,5.41,--,216,116856,买盘
732,14:05:12,5.41,--,2,1082,买盘
733,14:05:06,5.41,-0.01,1,541,中性盘
734,14:04:57,5.42,0.02,20,10840,买盘
735,14:04:54,5.4,-0.01,300,162000,卖盘
736,14:04:51,5.41,--,35,18935,卖盘
737,14:04:48,5.41,--,25,13525,卖盘
738,14:04:45,5.41,--,320,173120,卖盘
739,14:04:42,5.41,--,107,57887,卖盘
740,14:04:36,5.41,-0.01,310,167710,卖盘
741,14:04:30,5.42,--,1,542,买盘
742,14:04:27,5.42,--,26,14092,买盘
743,14:04:21,5.42,--,33,17886,买盘
744,14:04:12,5.42,0.01,4,2168,买盘
745,14:04:03,5.41,--,25,13525,卖盘
746,14:04:00,5.41,-0.01,228,123348,卖盘
747,14:03:57,5.42,0.01,17,9214,买盘
748,14:03:45,5.41,--,40,21640,卖盘
749,14:03:42,5.41,-0.01,16,8656,卖盘
750,14:03:33,5.42,--,2,1084,买盘
751,14:03:30,5.42,0.01,34,18428,买盘
752,14:03:27,5.41,-0.01,13,7033,卖盘
753,14:03:21,5.42,0.01,24,13008,买盘
754,14:03:18,5.41,--,651,352191,卖盘
755,14:03:12,5.41,--,9,4869,卖盘
756,14:03:00,5.41,--,128,69637,买盘
757,14:02:54,5.41,--,30,16230,买盘
758,14:02:51,5.41,--,10,5410,买盘
759,14:02:48,5.41,--,12,6492,买盘
760,14:02:42,5.41,--,359,194219,买盘
761,14:02:39,5.41,--,3,1623,买盘
762,14:02:36,5.41,--,2,1082,买盘
763,14:02:30,5.41,--,51,27591,买盘
764,14:02:27,5.41,--,2,1082,买盘
765,14:02:24,5.41,--,50,27050,买盘
766,14:02:18,5.41,--,100,54100,买盘
767,14:02:15,5.41,--,13,7033,买盘
768,14:02:06,5.41,0.01,5,2705,买盘
769,14:01:54,5.4,-0.01,1,540,卖盘
770,14:01:51,5.41,--,121,65461,买盘
771,14:01:48,5.41,--,6,3246,买盘
772,14:01:45,5.41,--,2,1082,买盘
773,14:01:42,5.41,--,205,110905,买盘
774,14:01:39,5.41,--,69,37329,买盘
775,14:01:30,5.41,--,3,1623,买盘
776,14:01:27,5.41,--,12,6492,买盘
777,14:01:24,5.41,0.01,5,2705,买盘
778,14:01:21,5.4,--,102,55080,卖盘
779,14:01:18,5.4,--,553,298620,卖盘
780,14:01:12,5.4,-0.01,44,23760,卖盘
781,14:01:09,5.41,--,8,4328,买盘
782,14:01:06,5.41,--,12,6492,买盘
783,14:01:03,5.41,--,35,18935,买盘
784,14:01:00,5.41,--,14,7574,买盘
785,14:00:51,5.41,--,130,70330,买盘
786,14:00:45,5.41,--,88,47608,买盘
787,14:00:39,5.41,0.01,31,16771,买盘
788,14:00:33,5.4,-0.01,20,10800,卖盘
789,14:00:30,5.41,--,354,191514,买盘
790,14:00:24,5.41,--,38,20558,买盘
791,14:00:21,5.41,--,34,18394,买盘
792,14:00:18,5.41,--,6,3246,买盘
793,14:00:15,5.41,--,22,11902,买盘
794,14:00:12,5.41,0.01,63,34083,买盘
795,14:00:09,5.4,-0.01,141,76140,卖盘
796,13:59:57,5.41,--,19,10279,买盘
797,13:59:48,5.41,--,36,19476,买盘
798,13:59:45,5.41,--,138,74658,买盘
799,13:59:42,5.41,--,159,86019,买盘
800,13:59:27,5.41,--,206,111446,买盘
801,13:59:18,5.41,--,1,541,买盘
802,13:59:12,5.41,--,32,17312,买盘
803,13:59:03,5.41,--,52,28132,卖盘
804,13:59:00,5.41,--,300,162300,卖盘
805,13:58:54,5.41,--,1,541,卖盘
806,13:58:51,5.41,--,2,1082,买盘
807,13:58:48,5.41,0.01,15,8115,中性盘
808,13:58:33,5.4,-0.01,220,118800,卖盘
809,13:58:30,5.41,--,66,35706,卖盘
810,13:58:24,5.41,--,9,4869,买盘
811,13:58:21,5.41,0.01,90,48690,买盘
812,13:58:18,5.4,-0.01,35,18900,卖盘
813,13:58:12,5.41,--,107,57887,买盘
814,13:58:09,5.41,--,4,2164,买盘
815,13:58:00,5.41,--,87,47067,买盘
816,13:57:57,5.41,--,50,27050,买盘
817,13:57:51,5.41,--,33,17853,买盘
818,13:57:45,5.41,0.01,91,49231,买盘
819,13:57:39,5.4,-0.01,10,5400,卖盘
820,13:57:30,5.41,0.01,10,5410,买盘
821,13:57:27,5.4,--,19,10260,卖盘
822,13:57:24,5.4,-0.01,11,5940,卖盘
823,13:57:18,5.41,0.01,1000,541000,买盘
824,13:57:09,5.4,--,177,95580,卖盘
825,13:57:03,5.4,--,5,2700,卖盘
826,13:56:54,5.4,--,829,447660,买盘
827,13:56:48,5.4,--,20,10800,买盘
828,13:56:36,5.4,0.01,1,540,买盘
829,13:56:30,5.39,-0.01,100,53900,卖盘
830,13:56:24,5.4,0.01,18,9720,买盘
831,13:56:15,5.39,-0.01,50,26950,卖盘
832,13:56:12,5.4,0.01,5,2700,买盘
833,13:56:03,5.39,-0.01,13,7007,卖盘
834,13:56:00,5.4,--,20,10800,买盘
835,13:55:57,5.4,--,1,540,买盘
836,13:55:54,5.4,--,8,4320,买盘
837,13:55:48,5.4,--,2,1080,买盘
838,13:55:45,5.4,--,500,270000,买盘
839,13:55:39,5.4,0.01,87,46980,买盘
840,13:55:30,5.39,-0.01,10,5390,卖盘
841,13:55:27,5.4,--,8,4320,买盘
842,13:55:24,5.4,--,3,1620,买盘
843,13:55:18,5.4,--,300,162000,买盘
844,13:55:15,5.4,--,10,5400,买盘
845,13:55:03,5.4,0.01,12,6480,买盘
846,13:55:00,5.39,--,51,27489,卖盘
847,13:54:57,5.39,-0.01,35,18865,卖盘
848,13:54:54,5.4,--,1,540,买盘
849,13:54:48,5.4,--,387,208980,买盘
850,13:54:39,5.4,0.01,10,5400,买盘
851,13:54:36,5.39,--,111,59829,卖盘
852,13:54:27,5.39,-0.01,24,12936,卖盘
853,13:54:24,5.4,0.01,20,10800,买盘
854,13:54:21,5.39,--,1,539,卖盘
855,13:54:18,5.39,-0.01,30,16169,卖盘
856,13:54:09,5.4,--,28,15120,买盘
857,13:54:06,5.4,--,115,62100,买盘
858,13:54:00,5.4,--,521,281340,卖盘
859,13:53:57,5.4,--,5,2700,卖盘
860,13:53:54,5.4,-0.01,1520,820800,卖盘
861,13:53:45,5.41,0.01,55,29755,买盘
862,13:53:39,5.4,--,122,65880,卖盘
863,13:53:36,5.4,--,7,3780,卖盘
864,13:53:30,5.4,-0.01,20,10800,卖盘
865,13:53:27,5.41,0.01,8,4328,买盘
866,13:53:24,5.4,--,4,2160,卖盘
867,13:53:21,5.4,--,8,4320,卖盘
868,13:53:18,5.4,--,35,18900,卖盘
869,13:53:12,5.4,-0.01,11,5940,卖盘
870,13:53:09,5.41,--,69,37329,买盘
871,13:53:06,5.41,0.01,58,31378,买盘
872,13:53:03,5.4,-0.01,70,37800,卖盘
873,13:52:57,5.41,0.01,1,541,买盘
874,13:52:54,5.4,--,1,540,卖盘
875,13:52:42,5.4,-0.01,116,62640,卖盘
876,13:52:33,5.41,0.01,48,25968,买盘
877,13:52:12,5.4,-0.01,41,22140,卖盘
878,13:52:03,5.41,--,29,15689,买盘
879,13:51:57,5.41,--,83,44903,买盘
880,13:51:54,5.41,0.01,110,59510,买盘
881,13:51:51,5.4,--,5,2700,卖盘
882,13:51:48,5.4,--,13,7020,卖盘
883,13:51:44,5.4,-0.01,16,8640,卖盘
884,13:51:41,5.41,--,3,1623,买盘
885,13:51:38,5.41,--,30,16230,买盘
886,13:51:35,5.41,0.01,4,2164,买盘
887,13:51:26,5.4,-0.01,140,75600,卖盘
888,13:51:17,5.41,--,13,7033,卖盘
889,13:51:11,5.41,--,50,27050,卖盘
890,13:51:08,5.41,0.01,76,41116,买盘
891,13:51:05,5.4,-0.01,2,1080,卖盘
892,13:51:02,5.41,--,9,4869,买盘
893,13:50:59,5.41,--,5,2705,买盘
894,13:50:53,5.41,--,2,1082,买盘
895,13:50:50,5.41,--,36,19476,卖盘
896,13:50:44,5.41,--,22,11902,卖盘
897,13:50:35,5.41,--,40,21640,买盘
898,13:50:29,5.41,0.01,59,31919,买盘
899,13:50:23,5.4,-0.01,49,26460,卖盘
900,13:50:14,5.41,--,1,541,买盘
901,13:50:11,5.41,--,20,10820,买盘
902,13:50:05,5.41,--,30,16230,买盘
903,13:50:02,5.41,--,33,17853,买盘
904,13:49:59,5.41,--,31,16771,买盘
905,13:49:53,5.41,--,63,34083,买盘
906,13:49:50,5.41,--,157,84937,买盘
907,13:49:47,5.41,--,106,57346,卖盘
908,13:49:41,5.41,-0.01,540,292140,卖盘
909,13:49:35,5.42,--,16,8672,买盘
910,13:49:33,5.42,0.01,102,55284,买盘
911,13:49:29,5.41,-0.01,84,45444,卖盘
912,13:49:26,5.42,0.01,11,5962,买盘
913,13:49:20,5.41,-0.01,10,5410,卖盘
914,13:49:14,5.42,--,30,16260,买盘
915,13:49:08,5.42,--,29,15718,买盘
916,13:49:02,5.42,--,50,27100,买盘
917,13:48:59,5.42,0.01,90,48780,买盘
918,13:48:53,5.41,--,266,143906,卖盘
919,13:48:50,5.41,-0.01,145,78445,卖盘
920,13:48:41,5.42,0.01,40,21680,买盘
921,13:48:38,5.41,-0.01,73,39493,卖盘
922,13:48:35,5.42,0.01,1,542,买盘
923,13:48:32,5.41,-0.01,8,4328,卖盘
924,13:48:23,5.42,--,11,5962,买盘
925,13:48:17,5.42,--,25,13550,买盘
926,13:48:14,5.42,0.01,23,12466,买盘
927,13:48:08,5.41,-0.01,13,7033,卖盘
928,13:48:05,5.42,0.01,12,6504,买盘
929,13:48:02,5.41,-0.01,1000,541000,卖盘
930,13:47:59,5.42,--,21,11382,卖盘
931,13:47:56,5.42,--,30,16260,卖盘
932,13:47:53,5.42,--,7,3794,卖盘
933,13:47:41,5.42,--,85,46070,买盘
934,13:47:35,5.42,--,20,10840,买盘
935,13:47:29,5.42,0.01,7,3794,买盘
936,13:47:26,5.41,-0.01,36,19476,卖盘
937,13:47:23,5.42,--,171,92682,买盘
938,13:47:17,5.42,--,32,17344,买盘
939,13:47:14,5.42,--,20,10840,买盘
940,13:47:11,5.42,0.01,43,23306,买盘
941,13:47:05,5.41,-0.01,48,25968,卖盘
942,13:47:02,5.42,--,10,5420,买盘
943,13:46:59,5.42,-0.01,50,27100,买盘
944,13:46:53,5.43,0.02,390,211770,买盘
945,13:46:50,5.41,-0.01,5,2705,卖盘
946,13:46:47,5.42,--,12,6764,卖盘
947,13:46:44,5.42,--,70,37940,卖盘
948,13:46:38,5.42,--,42,23045,买盘
949,13:46:35,5.42,--,1,542,买盘
950,13:46:26,5.42,--,332,179944,买盘
951,13:46:20,5.42,--,205,111110,卖盘
952,13:46:17,5.42,--,21,11382,卖盘
953,13:46:14,5.42,-0.01,5,2710,卖盘
954,13:46:08,5.43,0.01,3,1629,买盘
955,13:46:05,5.42,-0.01,22,11924,卖盘
956,13:46:02,5.43,0.01,30,16290,买盘
957,13:45:59,5.42,-0.01,19,10298,卖盘
958,13:45:53,5.43,--,5,2715,买盘
959,13:45:47,5.43,--,5,2715,买盘
960,13:45:44,5.43,0.01,86,46698,买盘
961,13:45:41,5.42,-0.01,20,10840,卖盘
962,13:45:38,5.43,--,14,7602,买盘
963,13:45:29,5.43,--,48,26064,卖盘
964,13:45:26,5.43,0.01,40,21720,卖盘
965,13:45:23,5.42,-0.01,97,52574,卖盘
966,13:45:20,5.43,--,10,5430,卖盘
967,13:45:17,5.43,0.03,30,16290,卖盘
968,13:45:14,5.4,-0.04,106,57240,卖盘
969,13:45:11,5.44,0.01,3950,2148800,买盘
970,13:45:08,5.43,--,10,5430,买盘
971,13:45:05,5.43,--,87,47241,买盘
972,13:45:02,5.43,--,82,44526,买盘
973,13:44:59,5.43,--,54,29322,买盘
974,13:44:56,5.43,0.01,210,114030,买盘
975,13:44:53,5.42,-0.01,10,5420,卖盘
976,13:44:47,5.43,--,95,51585,买盘
977,13:44:44,5.43,--,40,21720,买盘
978,13:44:38,5.43,--,58,31494,买盘
979,13:44:35,5.43,0.01,35,19005,买盘
980,13:44:32,5.42,--,54,29268,买盘
981,13:44:29,5.42,0.01,51,27642,中性盘
982,13:44:26,5.41,-0.02,3038,1643558,卖盘
983,13:44:20,5.43,--,55,29865,买盘
984,13:44:17,5.43,--,862,468066,买盘
985,13:44:14,5.43,--,54,29322,买盘
986,13:44:08,5.43,--,23,12489,买盘
987,13:43:59,5.43,0.01,61,33123,买盘
988,13:43:56,5.42,-0.01,74,40108,卖盘
989,13:43:53,5.43,--,300,162900,买盘
990,13:43:47,5.43,--,21,11403,买盘
991,13:43:44,5.43,--,54,29322,买盘
992,13:43:41,5.43,--,1,543,买盘
993,13:43:35,5.43,--,7,3801,买盘
994,13:43:32,5.43,--,4,2172,买盘
995,13:43:29,5.43,--,31,16833,买盘
996,13:43:26,5.43,0.01,75,40725,买盘
997,13:43:23,5.42,--,4,2168,卖盘
998,13:43:20,5.42,--,6,3252,卖盘
999,13:43:17,5.42,--,20,10840,卖盘
1000,13:43:11,5.42,--,122,66124,买盘
1001,13:43:05,5.42,--,21,11382,卖盘
1002,13:43:02,5.42,--,38,20596,卖盘
1003,13:42:59,5.42,--,30,16260,买盘
1004,13:42:56,5.42,--,50,27100,买盘
1005,13:42:53,5.42,--,25,13550,买盘
1006,13:42:50,5.42,--,117,63414,买盘
1007,13:42:47,5.42,--,70,37940,买盘
1008,13:42:44,5.42,--,18,9756,买盘
1009,13:42:41,5.42,--,119,64498,买盘
1010,13:42:38,5.42,--,10,5420,买盘
1011,13:42:32,5.42,--,9,4878,买盘
1012,13:42:29,5.42,--,36,19512,买盘
1013,13:42:26,5.42,-0.01,64,34688,卖盘
1014,13:42:20,5.43,0.01,2,1086,买盘
1015,13:42:17,5.42,--,110,59620,卖盘
1016,13:42:11,5.42,--,16,8672,卖盘
1017,13:42:08,5.42,--,110,59620,卖盘
1018,13:42:02,5.42,--,75,40650,卖盘
1019,13:41:59,5.42,--,34,18428,卖盘
1020,13:41:56,5.42,--,32,17344,卖盘
1021,13:41:53,5.42,0.01,1626,881292,买盘
1022,13:41:50,5.41,--,7,3787,卖盘
1023,13:41:44,5.41,--,42,22722,买盘
1024,13:41:41,5.41,--,11,5951,卖盘
1025,13:41:38,5.41,--,82,44362,买盘
1026,13:41:35,5.41,--,94,50854,卖盘
1027,13:41:32,5.41,--,65,35165,卖盘
1028,13:41:29,5.41,--,55,29755,卖盘
1029,13:41:26,5.41,--,47,25427,卖盘
1030,13:41:23,5.41,--,11,5951,卖盘
1031,13:41:20,5.41,--,51,27591,卖盘
1032,13:41:17,5.41,-0.01,35,18935,卖盘
1033,13:41:14,5.42,--,14,7588,买盘
1034,13:41:11,5.42,0.01,114,61788,买盘
1035,13:41:08,5.41,--,5,2705,卖盘
1036,13:41:05,5.41,-0.01,38,20558,卖盘
1037,13:41:02,5.42,0.01,32,17344,买盘
1038,13:40:56,5.41,--,195,105495,卖盘
1039,13:40:53,5.41,--,67,36247,卖盘
1040,13:40:50,5.41,--,8,4328,卖盘
1041,13:40:47,5.41,--,201,108741,卖盘
1042,13:40:41,5.41,-0.01,91,49231,卖盘
1043,13:40:38,5.42,--,52,28184,买盘
1044,13:40:35,5.42,--,10,5420,买盘
1045,13:40:32,5.42,0.01,151,81842,买盘
1046,13:40:23,5.41,-0.01,134,72494,卖盘
1047,13:40:20,5.42,0.01,122,66124,买盘
1048,13:40:17,5.41,--,31,16771,卖盘
1049,13:40:14,5.41,--,63,34083,卖盘
1050,13:40:08,5.41,--,100,54100,卖盘
1051,13:40:05,5.41,-0.01,230,124430,卖盘
1052,13:40:02,5.42,0.01,1,542,买盘
1053,13:39:59,5.41,--,51,27591,卖盘
1054,13:39:56,5.41,--,45,24345,卖盘
1055,13:39:47,5.41,--,525,284025,卖盘
1056,13:39:44,5.41,-0.01,5,2705,卖盘
1057,13:39:41,5.42,0.01,24,13008,买盘
1058,13:39:38,5.41,-0.01,9,4869,卖盘
1059,13:39:35,5.42,--,36,19512,买盘
1060,13:39:32,5.42,0.01,21,11382,买盘
1061,13:39:29,5.41,-0.01,81,43821,卖盘
1062,13:39:23,5.42,-0.01,892,483464,卖盘
1063,13:39:20,5.43,--,25,13575,买盘
1064,13:39:17,5.43,0.01,16,8688,买盘
1065,13:39:14,5.42,-0.01,166,89972,卖盘
1066,13:39:11,5.43,--,103,55929,买盘
1067,13:39:08,5.43,--,55,29865,买盘
1068,13:39:05,5.43,--,43,23349,卖盘
1069,13:39:02,5.43,--,135,73305,卖盘
1070,13:38:59,5.43,--,149,80907,买盘
1071,13:38:56,5.43,--,2424,1316232,买盘
1072,13:38:53,5.43,--,6,3258,买盘
1073,13:38:50,5.43,--,195,105885,买盘
1074,13:38:47,5.43,--,5,2715,买盘
1075,13:38:44,5.43,--,95,51585,买盘
1076,13:38:38,5.43,--,848,460464,卖盘
1077,13:38:35,5.43,--,226,122718,卖盘
1078,13:38:32,5.43,-0.01,170,92310,卖盘
1079,13:38:29,5.44,0.01,140,76160,买盘
1080,13:38:26,5.43,-0.01,468,254124,卖盘
1081,13:38:20,5.44,0.01,178,96832,买盘
1082,13:38:17,5.43,-0.01,500,271500,卖盘
1083,13:38:14,5.44,0.01,10,5440,买盘
1084,13:38:11,5.43,-0.01,28,15204,卖盘
1085,13:38:08,5.44,0.01,80,43520,买盘
1086,13:38:05,5.43,--,147,79821,卖盘
1087,13:38:02,5.43,-0.01,136,73848,卖盘
1088,13:37:59,5.44,--,1109,603296,买盘
1089,13:37:56,5.44,--,20,10880,买盘
1090,13:37:53,5.44,0.01,31,16864,买盘
1091,13:37:50,5.43,--,238,129234,卖盘
1092,13:37:47,5.43,-0.01,34,18462,卖盘
1093,13:37:44,5.44,0.01,104,56576,买盘
1094,13:37:41,5.43,-0.01,24,13032,卖盘
1095,13:37:38,5.44,--,523,284512,买盘
1096,13:37:35,5.44,0.01,293,159392,买盘
1097,13:37:29,5.43,--,20,10860,卖盘
1098,13:37:26,5.43,--,45,24435,卖盘
1099,13:37:23,5.43,--,827,449061,买盘
1100,13:37:20,5.43,0.01,403,218829,买盘
1101,13:37:14,5.42,-0.01,135,73170,卖盘
1102,13:37:11,5.43,--,154,83622,买盘
1103,13:37:08,5.43,--,78,42354,买盘
1104,13:37:05,5.43,--,271,147153,买盘
1105,13:37:02,5.43,--,182,98826,买盘
1106,13:36:59,5.43,--,27,14661,买盘
1107,13:36:56,5.43,--,204,110772,买盘
1108,13:36:53,5.43,--,98,53214,买盘
1109,13:36:50,5.43,--,40,21720,买盘
1110,13:36:47,5.43,--,271,147153,买盘
1111,13:36:44,5.43,--,88,47784,买盘
1112,13:36:41,5.43,--,151,81993,买盘
1113,13:36:38,5.43,--,195,105885,买盘
1114,13:36:35,5.43,--,334,181362,买盘
1115,13:36:32,5.43,--,42,22806,买盘
1116,13:36:29,5.43,--,36,19548,买盘
1117,13:36:26,5.43,--,225,122175,买盘
1118,13:36:23,5.43,--,160,86880,买盘
1119,13:36:17,5.43,--,51,27693,买盘
1120,13:36:14,5.43,0.01,71,38553,买盘
1121,13:36:11,5.42,-0.01,229,124118,卖盘
1122,13:36:08,5.43,0.01,138,74934,买盘
1123,13:36:05,5.42,--,65,35230,卖盘
1124,13:36:02,5.42,--,37,20054,卖盘
1125,13:35:59,5.42,0.01,2032,1101344,买盘
1126,13:35:56,5.41,--,220,119020,卖盘
1127,13:35:50,5.41,-0.01,20,10820,卖盘
1128,13:35:47,5.42,--,2,1084,买盘
1129,13:35:44,5.42,--,131,71002,买盘
1130,13:35:41,5.42,--,38,20596,买盘
1131,13:35:38,5.42,0.01,15,8130,买盘
1132,13:35:35,5.41,-0.01,66,35706,卖盘
1133,13:35:32,5.42,0.01,280,151760,买盘
1134,13:35:29,5.41,--,10,5410,卖盘
1135,13:35:26,5.41,-0.01,105,56805,卖盘
1136,13:35:23,5.42,0.01,273,147966,买盘
1137,13:35:17,5.41,-0.01,63,34083,卖盘
1138,13:35:11,5.42,--,96,52032,买盘
1139,13:35:08,5.42,0.01,48,26016,买盘
1140,13:35:05,5.41,--,40,21640,卖盘
1141,13:35:02,5.41,--,114,61674,卖盘
1142,13:34:59,5.41,--,80,43280,卖盘
1143,13:34:56,5.41,--,201,108741,买盘
1144,13:34:53,5.41,0.01,6,3246,买盘
1145,13:34:50,5.4,-0.01,153,82620,卖盘
1146,13:34:44,5.41,--,312,168792,买盘
1147,13:34:41,5.41,--,27,14607,买盘
1148,13:34:38,5.41,--,19,10279,买盘
1149,13:34:34,5.41,--,65,35165,买盘
1150,13:34:31,5.41,0.01,147,79527,买盘
1151,13:34:25,5.4,-0.01,52,28080,卖盘
1152,13:34:22,5.41,0.01,433,234253,买盘
1153,13:34:16,5.4,-0.01,200,108000,卖盘
1154,13:34:10,5.41,0.01,142,76822,买盘
1155,13:34:04,5.4,--,1,540,卖盘
1156,13:33:58,5.4,-0.01,42,22680,卖盘
1157,13:33:52,5.41,--,50,27050,买盘
1158,13:33:49,5.41,--,66,35706,买盘
1159,13:33:43,5.41,--,207,111987,买盘
1160,13:33:37,5.41,--,47,25427,买盘
1161,13:33:34,5.41,-0.01,92,49772,卖盘
1162,13:33:31,5.42,--,20,10840,买盘
1163,13:33:22,5.42,--,75,40650,买盘
1164,13:33:19,5.42,0.01,293,158806,买盘
1165,13:33:16,5.41,--,313,169592,卖盘
1166,13:33:13,5.41,-0.01,70,37870,卖盘
1167,13:33:10,5.42,--,90,48780,买盘
1168,13:33:07,5.42,--,144,78048,买盘
1169,13:33:01,5.42,0.01,130,70460,买盘
1170,13:32:58,5.41,-0.01,66,35706,卖盘
1171,13:32:55,5.42,--,34,18428,买盘
1172,13:32:49,5.42,--,960,520320,买盘
1173,13:32:46,5.42,--,117,63414,买盘
1174,13:32:43,5.42,--,141,76422,买盘
1175,13:32:37,5.42,--,16,8672,买盘
1176,13:32:34,5.42,--,17,9214,买盘
1177,13:32:31,5.42,--,149,80758,买盘
1178,13:32:28,5.42,0.01,31,16802,买盘
1179,13:32:25,5.41,-0.01,35,18935,卖盘
1180,13:32:22,5.42,--,1,542,买盘
1181,13:32:19,5.42,0.01,40,21680,买盘
1182,13:32:16,5.41,--,132,71693,买盘
1183,13:32:13,5.41,--,26,14066,买盘
1184,13:32:10,5.41,--,131,70871,买盘
1185,13:32:07,5.41,--,403,218023,买盘
1186,13:32:04,5.41,--,81,43821,买盘
1187,13:32:01,5.41,--,270,146070,买盘
1188,13:31:58,5.41,0.01,108,58428,买盘
1189,13:31:55,5.4,--,9,4860,卖盘
1190,13:31:52,5.4,--,27,14580,卖盘
1191,13:31:49,5.4,0.01,2281,1232010,买盘
1192,13:31:46,5.39,-0.01,25,13475,卖盘
1193,13:31:43,5.4,--,15,8100,买盘
1194,13:31:37,5.4,--,10,5400,买盘
1195,13:31:34,5.4,--,9,4860,买盘
1196,13:31:31,5.4,0.01,24,12960,买盘
1197,13:31:28,5.39,0.01,40,21560,买盘
1198,13:31:22,5.38,-0.02,82,44116,卖盘
1199,13:31:19,5.4,0.02,5,2700,买盘
1200,13:31:10,5.38,-0.02,100,53800,卖盘
1201,13:31:07,5.4,0.01,5160,2786400,买盘
1202,13:31:04,5.39,--,1,539,买盘
1203,13:30:52,5.39,0.01,31,16709,买盘
1204,13:30:46,5.38,-0.01,26,13988,卖盘
1205,13:30:40,5.39,0.01,8,4312,买盘
1206,13:30:37,5.38,--,120,64560,卖盘
1207,13:30:34,5.38,--,25,13450,卖盘
1208,13:30:28,5.38,--,61,32818,卖盘
1209,13:30:25,5.38,--,2004,1078152,卖盘
1210,13:30:16,5.38,--,201,108138,卖盘
1211,13:30:13,5.38,--,34,18292,卖盘
1212,13:30:10,5.38,--,28,15064,卖盘
1213,13:30:07,5.38,--,10,5380,卖盘
1214,13:29:58,5.38,--,40,21520,卖盘
1215,13:29:55,5.38,-0.01,102,54876,卖盘
1216,13:29:52,5.39,0.01,4,2156,买盘
1217,13:29:49,5.38,--,82,44352,买盘
1218,13:29:46,5.38,--,10,5380,买盘
1219,13:29:40,5.38,--,86,46268,买盘
1220,13:29:37,5.38,--,200,107600,买盘
1221,13:29:34,5.38,--,197,105986,买盘
1222,13:29:31,5.38,--,15,8070,买盘
1223,13:29:28,5.38,--,26,13988,买盘
1224,13:29:19,5.38,--,85,46031,卖盘
1225,13:29:16,5.38,--,5,2690,卖盘
1226,13:29:13,5.38,--,70,37660,卖盘
1227,13:29:07,5.38,--,224,120512,卖盘
1228,13:29:04,5.38,--,4,2152,卖盘
1229,13:29:01,5.38,--,4,2657,卖盘
1230,13:28:58,5.38,--,154,82852,卖盘
1231,13:28:55,5.38,--,638,343513,买盘
1232,13:28:46,5.38,--,5,2690,买盘
1233,13:28:43,5.38,--,2,1076,买盘
1234,13:28:40,5.38,--,1000,538000,买盘
1235,13:28:34,5.38,0.01,32,17216,买盘
1236,13:28:28,5.37,-0.01,122,65514,卖盘
1237,13:28:25,5.38,--,33,17754,买盘
1238,13:28:22,5.38,--,2,1076,买盘
1239,13:28:16,5.38,0.01,3,1614,买盘
1240,13:28:10,5.37,-0.01,28,15036,卖盘
1241,13:28:07,5.38,0.01,22,11836,买盘
1242,13:27:58,5.37,--,141,75717,卖盘
1243,13:27:55,5.37,-0.01,3,1611,卖盘
1244,13:27:52,5.38,0.01,150,80700,买盘
1245,13:27:40,5.37,-0.01,20,10740,卖盘
1246,13:27:37,5.38,0.01,11,5918,买盘
1247,13:27:34,5.37,-0.01,71,38127,卖盘
1248,13:27:31,5.38,--,37,19906,买盘
1249,13:27:19,5.38,--,46,24748,买盘
1250,13:27:07,5.38,--,43,23134,买盘
1251,13:26:58,5.38,0.01,1,538,买盘
1252,13:26:52,5.37,-0.01,32,17184,卖盘
1253,13:26:49,5.38,0.01,9,4842,买盘
1254,13:26:43,5.37,-0.01,5,2685,卖盘
1255,13:26:37,5.38,0.01,20,10760,买盘
1256,13:26:31,5.37,--,12,6444,卖盘
1257,13:26:22,5.37,-0.01,23,12351,卖盘
1258,13:26:19,5.38,--,20,10760,买盘
1259,13:26:13,5.38,0.01,7,3766,买盘
1260,13:26:07,5.37,-0.01,5,2685,卖盘
1261,13:26:01,5.38,0.01,10,5380,买盘
1262,13:25:58,5.37,-0.01,520,279240,卖盘
1263,13:25:52,5.38,0.01,7,3766,买盘
1264,13:25:40,5.37,--,9,4833,卖盘
1265,13:25:28,5.37,-0.01,25,13425,卖盘
1266,13:25:25,5.38,--,20,10760,买盘
1267,13:25:22,5.38,0.01,2,1076,买盘
1268,13:25:13,5.37,--,605,324885,卖盘
1269,13:25:07,5.37,--,30,16110,卖盘
1270,13:25:04,5.37,--,8,4296,卖盘
1271,13:25:01,5.37,--,34,18258,卖盘
1272,13:24:58,5.37,-0.01,7,3759,卖盘
1273,13:24:52,5.38,--,285,153330,买盘
1274,13:24:46,5.38,--,14,7532,买盘
1275,13:24:43,5.38,--,20,10760,买盘
1276,13:24:40,5.38,--,92,49496,买盘
1277,13:24:37,5.38,--,6,3228,买盘
1278,13:24:34,5.38,--,25,13450,买盘
1279,13:24:31,5.38,--,10,5380,买盘
1280,13:24:28,5.38,--,10,5380,买盘
1281,13:24:25,5.38,--,3,1614,买盘
1282,13:24:10,5.38,0.01,5,2690,买盘
1283,13:24:01,5.37,--,7,3759,卖盘
1284,13:23:55,5.37,-0.01,15,8055,卖盘
1285,13:23:52,5.38,--,20,10760,买盘
1286,13:23:40,5.38,--,21,11298,买盘
1287,13:23:34,5.38,--,3,1614,买盘
1288,13:23:31,5.38,--,10,5380,买盘
1289,13:23:28,5.38,0.01,114,61332,买盘
1290,13:23:22,5.37,--,800,429600,卖盘
1291,13:23:16,5.37,-0.01,40,21480,卖盘
1292,13:23:10,5.38,--,7,3766,买盘
1293,13:22:58,5.38,--,63,34163,卖盘
1294,13:22:55,5.38,--,10,5380,卖盘
1295,13:22:52,5.38,--,4,2152,卖盘
1296,13:22:49,5.38,--,10,5380,卖盘
1297,13:22:46,5.38,--,15,8070,卖盘
1298,13:22:43,5.38,--,32,17216,卖盘
1299,13:22:40,5.38,--,28,15064,卖盘
1300,13:22:37,5.38,--,20,10760,卖盘
1301,13:22:31,5.38,--,109,58642,卖盘
1302,13:22:25,5.38,--,14,7532,卖盘
1303,13:22:22,5.38,--,72,38736,卖盘
1304,13:22:16,5.38,--,203,109214,卖盘
1305,13:22:10,5.38,--,25,13450,卖盘
1306,13:22:07,5.38,-0.01,1001,538538,卖盘
1307,13:21:58,5.39,--,70,37730,买盘
1308,13:21:52,5.39,--,6,3234,买盘
1309,13:21:46,5.39,--,3,1617,买盘
1310,13:21:43,5.39,--,40,21560,买盘
1311,13:21:40,5.39,--,5,2695,买盘
1312,13:21:34,5.39,0.01,21,11319,买盘
1313,13:21:31,5.38,-0.01,15,8070,卖盘
1314,13:21:19,5.39,--,2,1078,买盘
1315,13:21:16,5.39,--,4,2156,买盘
1316,13:21:10,5.39,0.01,368,198352,买盘
1317,13:21:07,5.38,-0.01,5,2690,卖盘
1318,13:21:01,5.39,--,11,5929,买盘
1319,13:20:58,5.39,0.01,7,3773,买盘
1320,13:20:55,5.38,--,20,10760,卖盘
1321,13:20:52,5.38,-0.01,4,2152,卖盘
1322,13:20:49,5.39,--,21,11319,买盘
1323,13:20:46,5.39,--,23,12397,买盘
1324,13:20:43,5.39,--,10,5390,买盘
1325,13:20:40,5.39,--,8,4312,买盘
1326,13:20:37,5.39,--,4,2156,买盘
1327,13:20:28,5.39,--,6,3234,买盘
1328,13:20:22,5.39,--,15,8084,买盘
1329,13:20:10,5.39,--,21,11319,买盘
1330,13:20:07,5.39,0.01,1,539,买盘
1331,13:20:03,5.38,-0.01,6,3228,卖盘
1332,13:20:00,5.39,0.01,8,4312,买盘
1333,13:19:57,5.38,--,10,5380,卖盘
1334,13:19:42,5.38,--,25,13450,卖盘
1335,13:19:39,5.38,--,13,6994,卖盘
1336,13:19:36,5.38,--,109,58642,卖盘
1337,13:19:30,5.38,-0.01,20,10760,卖盘
1338,13:19:18,5.39,0.01,28,15092,买盘
1339,13:19:15,5.38,-0.01,7,3766,卖盘
1340,13:19:12,5.39,--,1,539,买盘
1341,13:19:03,5.39,0.01,13,7007,买盘
1342,13:18:54,5.38,-0.01,5,2690,卖盘
1343,13:18:51,5.39,--,40,21560,买盘
1344,13:18:48,5.39,0.01,29,15630,买盘
1345,13:18:42,5.38,--,30,16140,卖盘
1346,13:18:39,5.38,-0.01,100,53800,卖盘
1347,13:18:36,5.39,--,2,1078,买盘
1348,13:18:33,5.39,--,7,3773,买盘
1349,13:18:27,5.39,0.01,16,8624,买盘
1350,13:18:21,5.38,--,5,2690,卖盘
1351,13:18:18,5.38,--,50,26900,卖盘
1352,13:18:12,5.38,--,10,5380,卖盘
1353,13:18:06,5.38,--,28,15064,卖盘
1354,13:18:03,5.38,--,153,82583,买盘
1355,13:17:57,5.38,--,60,32280,买盘
1356,13:17:54,5.38,0.01,7,3766,买盘
1357,13:17:51,5.37,--,99,53163,卖盘
1358,13:17:48,5.37,-0.01,49,26313,卖盘
1359,13:17:45,5.38,0.01,14,7532,买盘
1360,13:17:42,5.37,-0.01,10,5370,卖盘
1361,13:17:39,5.38,--,67,36046,买盘
1362,13:17:27,5.38,--,10,5380,买盘
1363,13:17:24,5.38,--,29,15602,买盘
1364,13:17:21,5.38,--,64,34432,买盘
1365,13:17:18,5.38,--,13,6994,买盘
1366,13:17:15,5.38,--,115,61870,买盘
1367,13:17:12,5.38,--,80,43040,买盘
1368,13:17:09,5.38,--,31,16678,买盘
1369,13:17:06,5.38,--,10,5380,买盘
1370,13:16:57,5.38,--,50,26900,买盘
1371,13:16:48,5.38,--,70,37660,买盘
1372,13:16:45,5.38,--,42,22596,买盘
1373,13:16:36,5.38,--,55,29590,买盘
1374,13:16:33,5.38,--,5,2690,买盘
1375,13:16:30,5.38,--,8,4304,买盘
1376,13:16:27,5.38,--,10,5380,买盘
1377,13:16:24,5.38,0.01,60,32280,买盘
1378,13:16:21,5.37,-0.01,35,18795,卖盘
1379,13:16:18,5.38,--,251,135038,买盘
1380,13:16:15,5.38,--,6,3228,买盘
1381,13:16:12,5.38,--,1,538,买盘
1382,13:16:09,5.38,--,6,3228,买盘
1383,13:16:03,5.38,--,40,21520,买盘
1384,13:16:00,5.38,0.01,7,3766,买盘
1385,13:15:57,5.37,-0.01,17,9129,卖盘
1386,13:15:54,5.38,--,10,5380,买盘
1387,13:15:51,5.38,--,41,22058,买盘
1388,13:15:33,5.38,--,20,10760,买盘
1389,13:15:30,5.38,--,50,26900,买盘
1390,13:15:27,5.38,--,3,1614,买盘
1391,13:15:24,5.38,--,5,2690,买盘
1392,13:15:21,5.38,0.01,284,152792,买盘
1393,13:15:18,5.37,-0.01,75,40275,卖盘
1394,13:15:15,5.38,0.01,106,57028,买盘
1395,13:15:12,5.37,--,13,6981,卖盘
1396,13:15:09,5.37,-0.01,4,2148,卖盘
1397,13:14:57,5.38,0.01,230,123740,买盘
1398,13:14:48,5.37,-0.01,30,16110,卖盘
1399,13:14:45,5.38,0.01,10,5380,买盘
1400,13:14:42,5.37,-0.01,30,16110,卖盘
1401,13:14:39,5.38,--,100,53800,买盘
1402,13:14:30,5.38,--,6,3228,买盘
1403,13:14:24,5.38,0.01,60,32280,买盘
1404,13:14:21,5.37,-0.01,20,10740,卖盘
1405,13:14:18,5.38,--,108,58104,买盘
1406,13:14:15,5.38,--,75,40350,买盘
1407,13:14:09,5.38,0.01,50,26900,买盘
1408,13:14:03,5.37,--,335,179895,卖盘
1409,13:14:00,5.37,-0.01,4,2148,卖盘
1410,13:13:51,5.38,--,10,5380,买盘
1411,13:13:42,5.38,--,33,17754,买盘
1412,13:13:39,5.38,--,2,1076,买盘
1413,13:13:33,5.38,--,244,131272,买盘
1414,13:13:30,5.38,0.01,6,3228,买盘
1415,13:13:24,5.37,-0.01,46,24702,卖盘
1416,13:13:21,5.38,--,50,26900,买盘
1417,13:13:09,5.38,--,106,57028,买盘
1418,13:13:03,5.38,--,366,196918,卖盘
1419,13:13:00,5.38,--,50,26900,卖盘
1420,13:12:57,5.38,--,25,13450,卖盘
1421,13:12:51,5.38,-0.01,44,23672,卖盘
1422,13:12:48,5.39,0.01,226,121814,买盘
1423,13:12:39,5.38,--,130,69940,卖盘
1424,13:12:33,5.38,-0.01,6,3228,卖盘
1425,13:12:27,5.39,0.01,65,35035,买盘
1426,13:12:24,5.38,-0.01,33,17754,卖盘
1427,13:12:15,5.39,--,30,16169,买盘
1428,13:12:12,5.39,0.01,436,235004,买盘
1429,13:12:06,5.38,--,21,11298,卖盘
1430,13:11:57,5.38,-0.01,304,163552,卖盘
1431,13:11:54,5.39,--,21,11319,买盘
1432,13:11:51,5.39,0.01,38,20482,买盘
1433,13:11:48,5.38,-0.01,70,37660,卖盘
1434,13:11:42,5.39,--,109,58751,买盘
1435,13:11:39,5.39,--,240,129359,买盘
1436,13:11:33,5.39,--,20,10780,买盘
1437,13:11:30,5.39,--,10,5390,买盘
1438,13:11:27,5.39,--,50,26950,买盘
1439,13:11:21,5.39,--,35,18865,买盘
1440,13:11:18,5.39,0.01,9,4851,买盘
1441,13:11:15,5.38,--,167,89846,卖盘
1442,13:11:12,5.38,--,24,12912,卖盘
1443,13:11:03,5.38,-0.01,20,10760,卖盘
1444,13:10:57,5.39,0.01,10,5390,买盘
1445,13:10:54,5.38,-0.01,24,12912,卖盘
1446,13:10:51,5.39,0.01,9,4851,买盘
1447,13:10:48,5.38,-0.01,30,16140,卖盘
1448,13:10:45,5.39,0.01,1,539,买盘
1449,13:10:42,5.38,-0.01,19,10222,卖盘
1450,13:10:39,5.39,--,1,539,买盘
1451,13:10:33,5.39,--,40,21560,买盘
1452,13:10:30,5.39,--,78,42042,买盘
1453,13:10:27,5.39,--,10,5390,买盘
1454,13:10:24,5.39,--,116,62523,买盘
1455,13:10:21,5.39,--,20,10780,买盘
1456,13:10:15,5.39,0.01,6,3234,买盘
1457,13:10:12,5.38,-0.01,10,5380,卖盘
1458,13:10:09,5.39,0.01,3,1617,买盘
1459,13:10:06,5.38,--,10,5380,卖盘
1460,13:09:51,5.38,-0.01,262,140956,卖盘
1461,13:09:45,5.39,--,124,66836,买盘
1462,13:09:39,5.39,--,5,2695,买盘
1463,13:09:36,5.39,--,65,35035,买盘
1464,13:09:30,5.39,--,20,10780,买盘
1465,13:09:27,5.39,0.01,63,33957,买盘
1466,13:09:24,5.38,-0.01,15,8070,卖盘
1467,13:09:21,5.39,--,200,107800,买盘
1468,13:09:18,5.39,--,15,8084,买盘
1469,13:09:15,5.39,--,21,11319,买盘
1470,13:09:12,5.39,--,29,15630,买盘
1471,13:09:06,5.39,--,24,12936,买盘
1472,13:09:00,5.39,--,577,311261,卖盘
1473,13:08:57,5.39,-0.01,52,28028,卖盘
1474,13:08:48,5.4,--,13,7020,买盘
1475,13:08:45,5.4,0.01,4,2160,买盘
1476,13:08:36,5.39,--,15,8084,卖盘
1477,13:08:33,5.39,--,29,15630,卖盘
1478,13:08:27,5.39,--,207,111853,买盘
1479,13:08:24,5.39,--,223,120197,买盘
1480,13:08:18,5.39,--,382,205898,买盘
1481,13:08:15,5.39,--,32,17248,买盘
1482,13:08:09,5.39,--,2,1078,买盘
1483,13:08:06,5.39,--,47,25333,买盘
1484,13:08:00,5.39,--,43,23177,买盘
1485,13:07:57,5.39,--,30,16169,买盘
1486,13:07:54,5.39,--,267,143913,买盘
1487,13:07:51,5.39,--,25,13475,买盘
1488,13:07:48,5.39,--,70,37730,买盘
1489,13:07:39,5.39,0.01,14,7546,买盘
1490,13:07:36,5.38,-0.01,120,64560,卖盘
1491,13:07:33,5.39,--,24,12936,买盘
1492,13:07:30,5.39,--,30,16169,买盘
1493,13:07:24,5.39,0.01,1910,1029489,买盘
1494,13:07:21,5.38,--,55,29590,卖盘
1495,13:07:15,5.38,--,187,101133,买盘
1496,13:07:12,5.38,--,45,24210,买盘
1497,13:07:09,5.38,--,136,73168,买盘
1498,13:07:03,5.38,--,42,22596,买盘
1499,13:06:57,5.38,--,200,107600,买盘
1500,13:06:51,5.38,--,37,19906,买盘
1501,13:06:48,5.38,--,200,107600,买盘
1502,13:06:45,5.38,0.01,20,10760,买盘
1503,13:06:39,5.37,-0.01,21,11277,卖盘
1504,13:06:33,5.38,--,160,86080,买盘
1505,13:06:30,5.38,0.01,21,11298,买盘
1506,13:06:27,5.37,-0.01,50,26850,卖盘
1507,13:06:18,5.38,--,10,5380,买盘
1508,13:06:15,5.38,--,260,139880,买盘
1509,13:06:12,5.38,--,36,19368,买盘
1510,13:06:00,5.38,--,20,10760,买盘
1511,13:05:48,5.38,0.01,47,25286,买盘
1512,13:05:36,5.37,-0.01,11,5907,卖盘
1513,13:05:33,5.38,0.01,54,29052,买盘
1514,13:05:24,5.37,-0.01,195,104715,卖盘
1515,13:05:21,5.38,--,18,9684,买盘
1516,13:05:18,5.38,--,1,538,买盘
1517,13:05:15,5.38,--,22,11836,买盘
1518,13:05:12,5.38,--,28,15064,买盘
1519,13:05:06,5.38,--,5,2690,买盘
1520,13:04:57,5.38,0.01,15,8070,买盘
1521,13:04:54,5.37,-0.01,4,2148,卖盘
1522,13:04:51,5.38,0.01,80,43040,买盘
1523,13:04:48,5.37,-0.01,10,5370,卖盘
1524,13:04:42,5.38,0.01,2,1076,买盘
1525,13:04:36,5.37,-0.01,10,5370,卖盘
1526,13:04:33,5.38,--,1,538,买盘
1527,13:04:27,5.38,0.01,3,1614,买盘
1528,13:04:24,5.37,--,52,27924,买盘
1529,13:04:15,5.37,--,24,12888,买盘
1530,13:04:12,5.37,--,4,2148,卖盘
1531,13:04:09,5.37,--,36,19332,买盘
1532,13:04:06,5.37,--,51,27387,卖盘
1533,13:04:03,5.37,--,27,14499,买盘
1534,13:03:57,5.37,--,6,3222,买盘
1535,13:03:54,5.37,--,18,9666,买盘
1536,13:03:51,5.37,-0.01,812,436044,卖盘
1537,13:03:48,5.38,0.01,20,10760,买盘
1538,13:03:42,5.37,--,49,26313,卖盘
1539,13:03:33,5.37,-0.01,11,5907,卖盘
1540,13:03:29,5.38,0.01,2,1076,买盘
1541,13:03:20,5.37,-0.01,20,10740,卖盘
1542,13:03:17,5.38,--,8,4304,买盘
1543,13:03:14,5.38,0.01,15,8070,买盘
1544,13:03:08,5.37,-0.01,50,26850,卖盘
1545,13:02:59,5.38,--,62,33356,买盘
1546,13:02:53,5.38,--,3,1614,买盘
1547,13:02:50,5.38,0.01,8,4304,买盘
1548,13:02:44,5.37,-0.01,5,2685,卖盘
1549,13:02:38,5.38,--,5,2690,买盘
1550,13:02:35,5.38,--,4,2152,买盘
1551,13:02:32,5.38,--,24,12912,买盘
1552,13:02:20,5.38,0.01,152,81776,买盘
1553,13:02:14,5.37,-0.01,335,179895,卖盘
1554,13:02:08,5.38,--,23,12374,买盘
1555,13:02:05,5.38,--,56,30128,买盘
1556,13:01:50,5.38,--,10,5380,买盘
1557,13:01:47,5.38,--,4,2152,买盘
1558,13:01:44,5.38,--,40,21520,买盘
1559,13:01:41,5.38,--,4,2152,买盘
1560,13:01:38,5.38,--,27,14526,买盘
1561,13:01:35,5.38,--,23,12374,买盘
1562,13:01:32,5.38,--,2,1076,买盘
1563,13:01:26,5.38,--,41,22058,买盘
1564,13:01:23,5.38,--,15,8070,买盘
1565,13:01:08,5.38,--,14,7532,买盘
1566,13:01:05,5.38,0.01,23,12374,买盘
1567,13:00:50,5.37,-0.01,1,537,卖盘
1568,13:00:44,5.38,--,35,18830,买盘
1569,13:00:35,5.38,0.01,2,1076,买盘
1570,13:00:23,5.37,--,20,10740,买盘
1571,13:00:11,5.37,--,241,129417,买盘
1572,13:00:05,5.37,-0.01,2988,1604566,卖盘
1573,13:00:02,5.38,--,693,372834,买盘
1574,11:30:03,5.38,--,3,1614,买盘
1575,11:30:00,5.38,--,31,16678,买盘
1576,11:29:57,5.38,--,25,13450,买盘
1577,11:29:54,5.38,--,24,12912,买盘
1578,11:29:51,5.38,--,100,53800,买盘
1579,11:29:45,5.38,--,15,8070,买盘
1580,11:29:42,5.38,--,93,50034,买盘
1581,11:29:36,5.38,--,48,25824,买盘
1582,11:29:30,5.38,0.01,57,30666,买盘
1583,11:29:24,5.37,-0.01,1,537,卖盘
1584,11:29:18,5.38,0.01,48,25824,买盘
1585,11:29:09,5.37,-0.01,503,270111,卖盘
1586,11:29:06,5.38,--,4,2152,买盘
1587,11:29:03,5.38,--,11,5918,买盘
1588,11:29:00,5.38,--,10,5380,买盘
1589,11:28:57,5.38,--,20,10760,买盘
1590,11:28:51,5.38,--,31,16678,买盘
1591,11:28:45,5.38,--,10,5380,买盘
1592,11:28:42,5.38,--,40,21520,买盘
1593,11:28:39,5.38,--,33,17754,买盘
1594,11:28:36,5.38,--,10,5380,买盘
1595,11:28:30,5.38,0.01,61,32818,买盘
1596,11:28:24,5.37,-0.01,43,23091,卖盘
1597,11:28:21,5.38,--,60,32280,买盘
1598,11:28:15,5.38,--,200,107600,买盘
1599,11:28:12,5.38,--,120,64560,买盘
1600,11:28:03,5.38,0.01,9,4842,买盘
1601,11:27:57,5.37,--,2,1074,卖盘
1602,11:27:54,5.37,-0.01,18,9666,卖盘
1603,11:27:51,5.38,--,21,11298,买盘
1604,11:27:45,5.38,0.01,1,538,买盘
1605,11:27:42,5.37,-0.01,40,21480,卖盘
1606,11:27:39,5.38,--,13,6994,买盘
1607,11:27:36,5.38,--,37,19906,买盘
1608,11:27:27,5.38,--,46,24748,买盘
1609,11:27:21,5.38,--,4,2152,买盘
1610,11:27:18,5.38,--,130,69940,买盘
1611,11:27:03,5.38,--,1,538,买盘
1612,11:27:00,5.38,0.01,2,1076,买盘
1613,11:26:51,5.37,-0.01,58,31146,卖盘
1614,11:26:48,5.38,--,18,9684,买盘
1615,11:26:42,5.38,--,35,18830,买盘
1616,11:26:39,5.38,0.01,16,8608,买盘
1617,11:26:36,5.37,-0.01,40,21480,卖盘
1618,11:26:33,5.38,0.01,138,74244,买盘
1619,11:26:30,5.37,-0.01,45,24165,卖盘
1620,11:26:27,5.38,--,51,27438,买盘
1621,11:26:21,5.38,--,67,36046,买盘
1622,11:26:18,5.38,--,398,214124,买盘
1623,11:26:15,5.38,--,16,8608,买盘
1624,11:26:12,5.38,0.01,339,182382,买盘
1625,11:26:09,5.37,-0.01,766,411342,卖盘
1626,11:26:03,5.38,--,7,3766,买盘
1627,11:26:00,5.38,0.01,17,9146,买盘
1628,11:25:51,5.37,-0.01,56,30072,卖盘
1629,11:25:48,5.38,--,67,36046,买盘
1630,11:25:33,5.38,0.01,2,1076,买盘
1631,11:25:30,5.37,-0.01,20,10740,卖盘
1632,11:25:27,5.38,0.01,25,13450,买盘
1633,11:25:15,5.37,-0.01,5,2685,卖盘
1634,11:25:09,5.38,0.01,35,18830,买盘
1635,11:25:06,5.37,-0.01,5,2685,卖盘
1636,11:25:00,5.38,--,12,6456,买盘
1637,11:24:57,5.38,0.01,3,1614,买盘
1638,11:24:54,5.37,--,5,2685,卖盘
1639,11:24:51,5.37,--,209,112233,卖盘
1640,11:24:45,5.37,--,55,29535,卖盘
1641,11:24:39,5.37,--,50,26850,卖盘
1642,11:24:33,5.37,--,10,5370,卖盘
1643,11:24:30,5.37,--,10,5370,卖盘
1644,11:24:27,5.37,--,210,113296,买盘
1645,11:24:24,5.37,--,20,10740,买盘
1646,11:24:21,5.37,--,3,1611,买盘
1647,11:24:18,5.37,0.01,29,15573,买盘
1648,11:24:12,5.36,--,12,6432,卖盘
1649,11:24:06,5.36,-0.01,10,5360,卖盘
1650,11:24:03,5.37,--,4,2148,买盘
1651,11:24:00,5.37,--,52,27924,买盘
1652,11:23:57,5.37,--,100,53700,买盘
1653,11:23:54,5.37,0.01,10,5370,买盘
1654,11:23:42,5.36,--,1380,739680,卖盘
1655,11:23:36,5.36,-0.01,10,5360,卖盘
1656,11:23:33,5.37,0.01,1,537,买盘
1657,11:23:30,5.36,-0.01,4,2144,卖盘
1658,11:23:21,5.37,0.01,3,1611,买盘
1659,11:23:06,5.36,-0.01,40,21440,卖盘
1660,11:23:00,5.37,--,5,2685,买盘
1661,11:22:57,5.37,0.01,10,5370,买盘
1662,11:22:39,5.36,-0.01,200,107200,卖盘
1663,11:22:36,5.37,--,36,19332,买盘
1664,11:22:33,5.37,--,102,54774,买盘
1665,11:22:24,5.37,--,117,62829,买盘
1666,11:22:15,5.37,0.01,59,31683,买盘
1667,11:22:09,5.36,--,74,39664,卖盘
1668,11:22:06,5.36,-0.01,97,51992,卖盘
1669,11:22:03,5.37,--,20,10740,买盘
1670,11:21:57,5.37,--,30,16110,买盘
1671,11:21:54,5.37,--,3,1611,买盘
1672,11:21:45,5.37,0.01,134,71958,买盘
1673,11:21:39,5.36,-0.01,10,5360,卖盘
1674,11:21:36,5.37,0.01,5,2685,买盘
1675,11:21:30,5.36,-0.01,1,536,卖盘
1676,11:21:15,5.37,--,74,39738,买盘
1677,11:21:06,5.37,--,1,537,买盘
1678,11:21:00,5.37,--,103,55311,买盘
1679,11:20:57,5.37,0.01,30,16110,买盘
1680,11:20:54,5.36,-0.01,8,4288,卖盘
1681,11:20:45,5.37,0.01,2,1074,买盘
1682,11:20:42,5.36,--,10,5360,卖盘
1683,11:20:39,5.36,-0.01,11,5896,卖盘
1684,11:20:36,5.37,--,150,80550,买盘
1685,11:20:30,5.37,--,1,537,买盘
1686,11:20:27,5.37,--,1,537,买盘
1687,11:20:21,5.37,0.01,16,8592,买盘
1688,11:20:15,5.36,--,10,5360,卖盘
1689,11:20:09,5.36,--,7,3752,卖盘
1690,11:20:06,5.36,--,855,458280,买盘
1691,11:20:03,5.36,--,22,11792,买盘
1692,11:20:00,5.36,--,2,1072,买盘
1693,11:19:57,5.36,--,3,1608,买盘
1694,11:19:51,5.36,--,12,6432,买盘
1695,11:19:48,5.36,--,11,5896,买盘
1696,11:19:45,5.36,--,30,16080,买盘
1697,11:19:42,5.36,--,14,7504,买盘
1698,11:19:39,5.36,-0.01,192,102912,卖盘
1699,11:19:36,5.37,0.01,30,16110,买盘
1700,11:19:30,5.36,--,10,5360,卖盘
1701,11:19:27,5.36,--,59,31624,卖盘
1702,11:19:24,5.36,--,14,7504,卖盘
1703,11:19:21,5.36,--,2,1072,卖盘
1704,11:19:18,5.36,--,20,10720,卖盘
1705,11:19:12,5.36,--,2,1072,卖盘
1706,11:19:09,5.36,--,9,4824,卖盘
1707,11:19:00,5.36,--,20,10720,卖盘
1708,11:18:54,5.36,--,66,35804,买盘
1709,11:18:51,5.36,0.01,200,107200,买盘
1710,11:18:42,5.35,-0.01,141,75542,卖盘
1711,11:18:36,5.36,--,3,1608,卖盘
1712,11:18:33,5.36,--,13,6968,卖盘
1713,11:18:30,5.36,--,10,5360,卖盘
1714,11:18:27,5.36,--,13,7396,卖盘
1715,11:18:21,5.36,--,98,52528,买盘
1716,11:18:17,5.36,--,10,5360,买盘
1717,11:18:14,5.36,--,18,9648,买盘
1718,11:18:11,5.36,--,14,7504,买盘
1719,11:18:08,5.36,--,22,11792,买盘
1720,11:18:05,5.36,--,95,50920,买盘
1721,11:18:02,5.36,--,13,6968,买盘
1722,11:17:59,5.36,0.01,6,3216,买盘
1723,11:17:50,5.35,-0.01,25,13375,卖盘
1724,11:17:44,5.36,--,87,46632,买盘
1725,11:17:41,5.36,--,20,10720,买盘
1726,11:17:35,5.36,0.01,13,6968,买盘
1727,11:17:32,5.35,-0.01,260,139100,卖盘
1728,11:17:26,5.36,0.01,23,12328,买盘
1729,11:17:23,5.35,-0.01,340,181900,卖盘
1730,11:17:11,5.36,--,20,10720,买盘
1731,11:17:08,5.36,--,24,12864,买盘
1732,11:17:05,5.36,--,30,16080,买盘
1733,11:17:02,5.36,--,236,126496,买盘
1734,11:16:59,5.36,0.01,95,50920,买盘
1735,11:16:53,5.35,--,15,8024,卖盘
1736,11:16:44,5.35,-0.01,1030,551050,卖盘
1737,11:16:38,5.36,0.01,406,217616,买盘
1738,11:16:32,5.35,--,213,113954,卖盘
1739,11:16:29,5.35,-0.01,124,66340,卖盘
1740,11:16:26,5.36,0.01,100,53600,买盘
1741,11:16:23,5.35,--,21,11235,卖盘
1742,11:16:17,5.35,-0.01,36,19260,卖盘
1743,11:16:14,5.36,0.01,29,15544,买盘
1744,11:16:11,5.35,-0.01,35,18725,卖盘
1745,11:16:08,5.36,0.01,3,1608,买盘
1746,11:16:05,5.35,-0.01,2,1070,卖盘
1747,11:16:02,5.36,0.01,500,268000,买盘
1748,11:15:59,5.35,--,42,22470,卖盘
1749,11:15:53,5.35,--,50,26750,卖盘
1750,11:15:35,5.35,--,85,45475,卖盘
1751,11:15:32,5.35,-0.01,30,16049,卖盘
1752,11:15:29,5.36,--,1,536,买盘
1753,11:15:26,5.36,--,87,46632,买盘
1754,11:15:17,5.36,0.01,102,54672,买盘
1755,11:15:14,5.35,-0.01,377,201695,卖盘
1756,11:15:11,5.36,--,36,19296,买盘
1757,11:15:08,5.36,--,50,26800,买盘
1758,11:15:02,5.36,0.01,82,43952,买盘
1759,11:14:59,5.35,--,20,10700,卖盘
1760,11:14:56,5.35,-0.01,10,5350,卖盘
1761,11:14:50,5.36,0.01,105,56280,买盘
1762,11:14:47,5.35,-0.01,19,10165,卖盘
1763,11:14:41,5.36,--,60,32160,买盘
1764,11:14:38,5.36,0.01,50,26800,买盘
1765,11:14:32,5.35,-0.01,11,5885,卖盘
1766,11:14:23,5.36,0.01,60,32160,买盘
1767,11:14:20,5.35,--,20,10700,卖盘
1768,11:14:17,5.35,--,7,3744,卖盘
1769,11:14:11,5.35,-0.01,5,2675,卖盘
1770,11:14:08,5.36,--,2,1072,买盘
1771,11:14:02,5.36,--,155,83080,卖盘
1772,11:13:56,5.36,-0.01,409,219224,卖盘
1773,11:13:47,5.37,0.01,100,53700,买盘
1774,11:13:44,5.36,--,200,107200,卖盘
1775,11:13:41,5.36,-0.01,205,109880,卖盘
1776,11:13:38,5.37,--,40,21480,买盘
1777,11:13:35,5.37,--,5,2685,买盘
1778,11:13:32,5.37,0.01,180,96660,买盘
1779,11:13:29,5.36,--,20,10720,卖盘
1780,11:13:26,5.36,-0.01,14,7504,卖盘
1781,11:13:23,5.37,--,456,244872,买盘
1782,11:13:17,5.37,0.01,50,26850,买盘
1783,11:13:14,5.36,-0.01,30,16080,卖盘
1784,11:13:11,5.37,0.01,13,6981,买盘
1785,11:13:08,5.36,--,3,1608,卖盘
1786,11:13:05,5.36,--,120,64320,卖盘
1787,11:13:02,5.36,--,20,10720,卖盘
1788,11:12:59,5.36,-0.01,20,10720,卖盘
1789,11:12:53,5.37,0.01,40,21480,买盘
1790,11:12:50,5.36,-0.01,10,5360,卖盘
1791,11:12:47,5.37,0.01,110,59070,买盘
1792,11:12:41,5.36,-0.01,7,3752,卖盘
1793,11:12:35,5.37,--,20,10740,买盘
1794,11:12:29,5.37,--,1,537,买盘
1795,11:12:20,5.37,-0.01,702,376984,卖盘
1796,11:12:11,5.38,0.01,80,43040,买盘
1797,11:12:08,5.37,-0.01,61,32757,卖盘
1798,11:12:05,5.38,0.01,103,55414,买盘
1799,11:12:02,5.37,--,10,5370,卖盘
1800,11:11:59,5.37,--,296,158952,卖盘
1801,11:11:56,5.37,--,10,5370,卖盘
1802,11:11:53,5.37,--,100,53700,卖盘
1803,11:11:47,5.37,-0.01,202,108474,卖盘
1804,11:11:44,5.38,0.01,8,4304,买盘
1805,11:11:41,5.37,--,78,41886,卖盘
1806,11:11:35,5.37,--,60,32220,卖盘
1807,11:11:32,5.37,--,92,49404,卖盘
1808,11:11:29,5.37,--,109,58533,卖盘
1809,11:11:17,5.37,--,61,32757,卖盘
1810,11:11:14,5.37,--,15,8055,卖盘
1811,11:11:11,5.37,--,5,2685,卖盘
1812,11:11:08,5.37,--,165,88605,卖盘
1813,11:10:53,5.37,-0.01,60,32220,卖盘
1814,11:10:50,5.38,--,25,13450,买盘
1815,11:10:47,5.38,0.01,1,538,买盘
1816,11:10:44,5.37,-0.01,11,5907,卖盘
1817,11:10:41,5.38,0.01,11,5918,买盘
1818,11:10:29,5.37,-0.01,136,73032,卖盘
1819,11:10:26,5.38,0.01,10,5380,买盘
1820,11:10:23,5.37,-0.01,11,5907,卖盘
1821,11:10:20,5.38,--,7,3766,买盘
1822,11:10:17,5.38,--,18,9684,买盘
1823,11:10:11,5.38,0.01,53,28514,买盘
1824,11:10:08,5.37,-0.01,71,38127,卖盘
1825,11:10:05,5.38,--,38,20444,买盘
1826,11:10:02,5.38,--,3,1614,买盘
1827,11:09:59,5.38,--,127,68326,买盘
1828,11:09:53,5.38,--,22,11836,买盘
1829,11:09:50,5.38,--,23,12374,买盘
1830,11:09:47,5.38,--,75,40350,买盘
1831,11:09:44,5.38,0.01,41,22058,买盘
1832,11:09:41,5.37,-0.01,100,53700,卖盘
1833,11:09:38,5.38,--,27,14526,买盘
1834,11:09:32,5.38,--,5,2690,买盘
1835,11:09:29,5.38,0.01,100,53800,买盘
1836,11:09:23,5.37,-0.01,10,5370,卖盘
1837,11:09:20,5.38,--,14,7532,买盘
1838,11:09:17,5.38,0.01,22,11836,买盘
1839,11:09:14,5.37,--,192,103104,卖盘
1840,11:09:05,5.37,--,27,14499,卖盘
1841,11:09:02,5.37,-0.01,40,21480,卖盘
1842,11:08:59,5.38,0.01,102,54876,买盘
1843,11:08:56,5.37,--,50,26850,卖盘
1844,11:08:53,5.37,--,1,537,卖盘
1845,11:08:44,5.37,--,2,1074,卖盘
1846,11:08:41,5.37,--,60,32220,卖盘
1847,11:08:38,5.37,--,29,15573,卖盘
1848,11:08:35,5.37,-0.01,23,12351,卖盘
1849,11:08:29,5.38,0.01,180,96840,买盘
1850,11:08:23,5.37,--,17,9129,卖盘
1851,11:08:20,5.37,--,5,2685,卖盘
1852,11:08:17,5.37,--,1294,695404,买盘
1853,11:08:14,5.37,--,221,118677,买盘
1854,11:08:05,5.37,--,2,1074,买盘
1855,11:07:59,5.37,--,116,62292,买盘
1856,11:07:56,5.37,--,170,91290,买盘
1857,11:07:50,5.37,0.01,32,17184,买盘
1858,11:07:41,5.36,-0.01,13,6968,卖盘
1859,11:07:35,5.37,0.01,20,10740,买盘
1860,11:07:32,5.36,-0.01,5,2680,卖盘
1861,11:07:29,5.37,--,3,1611,买盘
1862,11:07:26,5.37,--,110,59070,买盘
1863,11:07:23,5.37,--,30,16110,买盘
1864,11:07:17,5.37,--,8,4296,买盘
1865,11:07:14,5.37,0.01,5,2685,买盘
1866,11:07:08,5.36,-0.01,8,4288,卖盘
1867,11:07:05,5.37,--,15,8055,买盘
1868,11:06:59,5.37,--,100,53700,买盘
1869,11:06:56,5.37,--,1,537,买盘
1870,11:06:53,5.37,--,49,26313,买盘
1871,11:06:47,5.37,--,56,30072,买盘
1872,11:06:44,5.37,0.01,6,3222,买盘
1873,11:06:38,5.36,-0.01,5,2680,卖盘
1874,11:06:32,5.37,0.01,20,10740,买盘
1875,11:06:20,5.36,-0.01,10,5360,卖盘
1876,11:06:14,5.37,0.01,50,26850,买盘
1877,11:06:08,5.36,-0.01,20,10720,卖盘
1878,11:06:05,5.37,--,30,16110,买盘
1879,11:05:59,5.37,0.01,200,107400,买盘
1880,11:05:53,5.36,-0.01,10,5360,卖盘
1881,11:05:50,5.37,--,88,47256,买盘
1882,11:05:44,5.37,0.01,5,2685,买盘
1883,11:05:41,5.36,--,5,2680,卖盘
1884,11:05:38,5.36,-0.01,50,26800,卖盘
1885,11:05:35,5.37,--,11,5907,买盘
1886,11:05:32,5.37,--,215,115455,买盘
1887,11:05:29,5.37,0.01,40,21480,买盘
1888,11:05:23,5.36,-0.01,166,88976,卖盘
1889,11:05:17,5.37,0.01,30,16110,买盘
1890,11:05:14,5.36,--,190,101840,卖盘
1891,11:05:08,5.36,--,119,63784,卖盘
1892,11:05:05,5.36,--,10,5360,卖盘
1893,11:04:56,5.36,-0.01,150,80400,卖盘
1894,11:04:53,5.37,--,30,16110,买盘
1895,11:04:47,5.37,--,73,39201,买盘
1896,11:04:41,5.37,--,50,26850,买盘
1897,11:04:38,5.37,0.01,25,13425,买盘
1898,11:04:32,5.36,--,50,26800,卖盘
1899,11:04:29,5.36,-0.01,10,5360,卖盘
1900,11:04:23,5.37,0.01,305,163785,买盘
1901,11:04:20,5.36,-0.01,30,16080,卖盘
1902,11:04:17,5.37,0.01,3,1611,买盘
1903,11:04:08,5.36,-0.01,10,5360,卖盘
1904,11:04:02,5.37,0.01,9,4833,买盘
1905,11:03:56,5.36,--,344,184737,卖盘
1906,11:03:53,5.36,-0.01,155,83080,卖盘
1907,11:03:50,5.37,--,593,318441,买盘
1908,11:03:44,5.37,0.01,371,199227,买盘
1909,11:03:41,5.36,--,5,2680,卖盘
1910,11:03:38,5.36,-0.01,2,1072,卖盘
1911,11:03:35,5.37,--,5,2685,买盘
1912,11:03:32,5.37,--,2,1074,买盘
1913,11:03:29,5.37,0.01,2,1074,买盘
1914,11:03:26,5.36,-0.01,8,4288,卖盘
1915,11:03:20,5.37,--,7,3759,买盘
1916,11:03:17,5.37,--,94,50478,买盘
1917,11:03:11,5.37,--,137,73569,买盘
1918,11:03:08,5.37,0.01,10,5370,买盘
1919,11:03:05,5.36,--,20,10720,卖盘
1920,11:02:59,5.36,-0.01,140,75040,卖盘
1921,11:02:53,5.37,--,13,6981,买盘
1922,11:02:50,5.37,--,11,5907,买盘
1923,11:02:47,5.37,--,37,19869,买盘
1924,11:02:44,5.37,--,53,28461,买盘
1925,11:02:38,5.37,--,50,26850,买盘
1926,11:02:35,5.37,--,12,6444,买盘
1927,11:02:32,5.37,--,24,12888,买盘
1928,11:02:29,5.37,--,266,142842,买盘
1929,11:02:26,5.37,--,38,20406,买盘
1930,11:02:20,5.37,--,100,53700,买盘
1931,11:02:17,5.37,--,204,109548,买盘
1932,11:02:14,5.37,--,20,10740,买盘
1933,11:02:11,5.37,--,30,16110,买盘
1934,11:02:08,5.37,0.01,159,85383,买盘
1935,11:02:05,5.36,-0.01,10,5360,卖盘
1936,11:01:56,5.37,--,111,59607,买盘
1937,11:01:50,5.37,--,73,39201,买盘
1938,11:01:47,5.37,--,101,54237,买盘
1939,11:01:41,5.37,0.01,22,11814,买盘
1940,11:01:35,5.36,--,14,7504,卖盘
1941,11:01:29,5.36,-0.01,139,74504,卖盘
1942,11:01:29,5.37,0.01,22,11814,买盘
1943,11:01:23,5.36,-0.01,263,140968,卖盘
1944,11:01:19,5.37,0.01,4,2148,买盘
1945,11:01:13,5.36,-0.01,10,5360,卖盘
1946,11:01:07,5.37,--,51,27387,买盘
1947,11:01:04,5.37,--,20,10740,买盘
1948,11:01:01,5.37,--,106,56922,买盘
1949,11:00:58,5.37,0.01,64,34368,买盘
1950,11:00:52,5.36,--,28,15008,卖盘
1951,11:00:46,5.36,-0.01,10,5360,卖盘
1952,11:00:40,5.37,0.01,11,5907,买盘
1953,11:00:31,5.36,--,5,2680,卖盘
1954,11:00:28,5.36,--,12,6432,卖盘
1955,11:00:07,5.36,--,140,75383,买盘
1956,11:00:04,5.36,--,8,4288,买盘
1957,11:00:01,5.36,--,30,16080,买盘
1958,10:59:58,5.36,--,384,205824,买盘
1959,10:59:55,5.36,--,4,2144,买盘
1960,10:59:52,5.36,-0.01,687,368424,卖盘
1961,10:59:46,5.37,0.01,597,320589,买盘
1962,10:59:43,5.36,--,50,26800,卖盘
1963,10:59:40,5.36,-0.01,10,5360,卖盘
1964,10:59:37,5.37,0.01,39,20943,买盘
1965,10:59:25,5.36,--,16,8576,卖盘
1966,10:59:13,5.36,--,6,3216,卖盘
1967,10:59:07,5.36,--,13,6968,卖盘
1968,10:59:04,5.36,-0.01,19,10184,卖盘
1969,10:59:01,5.37,0.01,5,2685,买盘
1970,10:58:58,5.36,--,1,536,卖盘
1971,10:58:55,5.36,--,105,56280,卖盘
1972,10:58:43,5.36,--,2,1072,卖盘
1973,10:58:40,5.36,--,2,1072,卖盘
1974,10:58:37,5.36,--,67,35912,卖盘
1975,10:58:34,5.36,--,1,536,卖盘
1976,10:58:31,5.36,--,44,23584,卖盘
1977,10:58:25,5.36,--,2,1072,卖盘
1978,10:58:16,5.36,--,30,16080,卖盘
1979,10:58:10,5.36,--,506,271559,买盘
1980,10:58:04,5.36,0.01,210,112560,买盘
1981,10:58:01,5.35,-0.01,10,5350,卖盘
1982,10:57:58,5.36,0.01,8,4288,买盘
1983,10:57:55,5.35,-0.01,111,59384,卖盘
1984,10:57:52,5.36,0.01,37,19832,买盘
1985,10:57:49,5.35,--,10,5350,卖盘
1986,10:57:43,5.35,-0.01,2,1070,卖盘
1987,10:57:40,5.36,--,9,4824,买盘
1988,10:57:37,5.36,--,270,144720,买盘
1989,10:57:34,5.36,--,24,12864,买盘
1990,10:57:31,5.36,--,493,264248,买盘
1991,10:57:28,5.36,0.01,300,160800,买盘
1992,10:57:25,5.35,-0.01,185,98975,卖盘
1993,10:57:16,5.36,0.01,252,135072,买盘
1994,10:57:10,5.35,-0.01,20,10700,卖盘
1995,10:57:01,5.36,0.01,25,13400,买盘
1996,10:56:58,5.35,--,30,16049,卖盘
1997,10:56:46,5.35,-0.01,26,13909,卖盘
1998,10:56:43,5.36,--,25,13400,买盘
1999,10:56:40,5.36,0.01,6,3216,买盘
2000,10:56:37,5.35,--,97,51895,卖盘
2001,10:56:31,5.35,-0.01,15,8024,卖盘
2002,10:56:25,5.36,--,23,12328,买盘
2003,10:56:19,5.36,--,60,32160,买盘
2004,10:56:07,5.36,--,9,4824,买盘
2005,10:55:58,5.36,0.01,30,16080,买盘
2006,10:55:55,5.35,-0.01,10,5350,卖盘
2007,10:55:49,5.36,0.01,100,53600,买盘
2008,10:55:46,5.35,--,320,171200,卖盘
2009,10:55:43,5.35,-0.01,22,11770,卖盘
2010,10:55:28,5.36,--,57,30552,买盘
2011,10:55:25,5.36,--,13,6968,买盘
2012,10:55:22,5.36,0.01,46,24656,买盘
2013,10:55:13,5.35,-0.01,17,9095,卖盘
2014,10:55:10,5.36,--,2,1072,买盘
2015,10:55:07,5.36,0.01,119,63784,买盘
2016,10:54:55,5.35,--,10,5350,卖盘
2017,10:54:52,5.35,--,10,5350,卖盘
2018,10:54:46,5.35,--,4,2140,卖盘
2019,10:54:43,5.35,-0.01,154,82390,卖盘
2020,10:54:40,5.36,--,132,70752,买盘
2021,10:54:37,5.36,0.01,128,68608,买盘
2022,10:54:31,5.35,-0.01,70,37450,卖盘
2023,10:54:25,5.36,0.01,20,10720,买盘
2024,10:54:13,5.35,-0.01,11,5885,卖盘
2025,10:54:10,5.36,0.01,11,5896,买盘
2026,10:54:01,5.35,-0.01,119,63664,卖盘
2027,10:53:58,5.36,0.01,786,421296,买盘
2028,10:53:46,5.35,--,4,2140,卖盘
2029,10:53:40,5.35,-0.01,20,10700,卖盘
2030,10:53:37,5.36,--,1,536,买盘
2031,10:53:34,5.36,0.01,16,8576,买盘
2032,10:53:31,5.35,--,30,16049,卖盘
2033,10:53:25,5.35,--,13,6954,卖盘
2034,10:53:22,5.35,--,494,264290,卖盘
2035,10:53:16,5.35,-0.01,8,4280,卖盘
2036,10:53:13,5.36,--,186,99696,买盘
2037,10:53:07,5.36,0.01,6,3216,买盘
2038,10:53:01,5.35,-0.01,32,17120,卖盘
2039,10:52:58,5.36,0.01,40,21440,买盘
2040,10:52:52,5.35,-0.01,41,21935,卖盘
2041,10:52:49,5.36,0.01,33,17688,买盘
2042,10:52:40,5.35,--,56,29959,卖盘
2043,10:52:37,5.35,--,80,42800,卖盘
2044,10:52:34,5.35,--,45,24075,卖盘
2045,10:52:28,5.35,--,6,3210,卖盘
2046,10:52:22,5.35,--,52,27819,卖盘
2047,10:52:19,5.35,--,4,2140,卖盘
2048,10:52:13,5.35,--,1,535,卖盘
2049,10:52:10,5.35,-0.01,20,10700,卖盘
2050,10:52:07,5.36,--,45,24120,买盘
2051,10:52:04,5.36,0.01,3,1608,买盘
2052,10:52:01,5.35,--,190,101650,卖盘
2053,10:51:49,5.35,--,6,3210,卖盘
2054,10:51:46,5.35,--,10,5350,卖盘
2055,10:51:31,5.35,-0.01,5,2675,卖盘
2056,10:51:28,5.36,--,41,21976,买盘
2057,10:51:22,5.36,--,59,31816,卖盘
2058,10:51:19,5.36,--,143,76648,卖盘
2059,10:51:16,5.36,--,62,33232,卖盘
2060,10:51:13,5.36,--,73,39128,卖盘
2061,10:51:10,5.36,--,326,174736,卖盘
2062,10:51:04,5.36,--,202,108272,卖盘
2063,10:51:01,5.36,--,210,112560,卖盘
2064,10:50:58,5.36,--,30,16080,卖盘
2065,10:50:55,5.36,-0.01,56,30016,卖盘
2066,10:50:52,5.37,0.01,16,8592,买盘
2067,10:50:49,5.36,--,94,50384,卖盘
2068,10:50:46,5.36,--,20,10720,卖盘
2069,10:50:43,5.36,--,34,18224,卖盘
2070,10:50:40,5.36,--,227,121672,卖盘
2071,10:50:25,5.36,--,113,60568,卖盘
2072,10:50:19,5.36,--,104,55744,卖盘
2073,10:50:16,5.36,-0.01,93,49848,卖盘
2074,10:50:04,5.37,0.01,17,9129,买盘
2075,10:49:58,5.36,-0.01,43,23048,卖盘
2076,10:49:55,5.37,0.01,58,31146,买盘
2077,10:49:37,5.36,--,1,536,卖盘
2078,10:49:28,5.36,-0.01,3,1608,卖盘
2079,10:49:25,5.37,--,1,537,买盘
2080,10:49:22,5.37,--,20,10740,买盘
2081,10:49:19,5.37,0.01,60,32220,买盘
2082,10:49:10,5.36,-0.01,2,1072,卖盘
2083,10:48:58,5.37,0.01,41,22017,买盘
2084,10:48:55,5.36,-0.01,153,82008,卖盘
2085,10:48:52,5.37,--,2,1074,买盘
2086,10:48:49,5.37,--,132,70884,买盘
2087,10:48:46,5.37,0.01,10,5370,买盘
2088,10:48:43,5.36,-0.01,21,11256,卖盘
2089,10:48:40,5.37,--,15,8055,买盘
2090,10:48:37,5.37,--,11,5907,买盘
2091,10:48:34,5.37,--,1,537,买盘
2092,10:48:31,5.37,--,5,2685,买盘
2093,10:48:25,5.37,--,375,201375,买盘
2094,10:48:13,5.37,--,20,10740,买盘
2095,10:48:10,5.37,--,4,2148,买盘
2096,10:48:04,5.37,--,26,13962,买盘
2097,10:48:01,5.37,--,176,94512,买盘
2098,10:47:58,5.37,0.01,22,11814,买盘
2099,10:47:55,5.36,-0.01,30,16080,卖盘
2100,10:47:52,5.37,0.01,6,3222,买盘
2101,10:47:49,5.36,-0.01,21,11256,卖盘
2102,10:47:46,5.37,--,25,13425,买盘
2103,10:47:40,5.37,--,15,8055,买盘
2104,10:47:37,5.37,--,20,10740,买盘
2105,10:47:28,5.37,0.01,82,44034,买盘
2106,10:47:22,5.36,-0.01,80,42880,卖盘
2107,10:47:16,5.37,--,22,11814,买盘
2108,10:47:10,5.37,--,63,33831,买盘
2109,10:47:07,5.37,--,5,2685,买盘
2110,10:47:04,5.37,0.01,40,21480,买盘
2111,10:46:58,5.36,-0.01,20,10720,卖盘
2112,10:46:55,5.37,0.01,31,16647,买盘
2113,10:46:52,5.36,-0.01,20,10720,卖盘
2114,10:46:49,5.37,--,25,13425,买盘
2115,10:46:40,5.37,0.01,6,3222,买盘
2116,10:46:37,5.36,--,2,1072,卖盘
2117,10:46:34,5.36,-0.01,20,10720,卖盘
2118,10:46:28,5.37,--,118,63366,买盘
2119,10:46:25,5.37,0.01,11,5907,买盘
2120,10:46:22,5.36,--,460,246560,卖盘
2121,10:46:19,5.36,-0.01,21,11256,卖盘
2122,10:46:16,5.37,--,2,1074,买盘
2123,10:46:13,5.37,--,196,105252,买盘
2124,10:46:04,5.37,0.01,3,1611,买盘
2125,10:46:01,5.36,--,10,5360,卖盘
2126,10:45:58,5.36,--,64,34304,卖盘
2127,10:45:55,5.36,--,3,1608,卖盘
2128,10:45:49,5.36,-0.01,1139,610504,卖盘
2129,10:45:37,5.37,0.01,1,537,买盘
2130,10:45:27,5.36,-0.01,15,8040,卖盘
2131,10:45:24,5.37,--,15,8055,买盘
2132,10:45:21,5.37,0.01,43,23091,买盘
2133,10:45:18,5.36,--,80,42880,卖盘
2134,10:45:15,5.36,--,10,5360,卖盘
2135,10:45:12,5.36,--,2,1072,卖盘
2136,10:45:06,5.36,0.01,246,132199,买盘
2137,10:45:03,5.35,-0.01,2,1070,卖盘
2138,10:44:57,5.36,--,480,257280,买盘
2139,10:44:54,5.36,--,10,5360,买盘
2140,10:44:51,5.36,--,16,8576,买盘
2141,10:44:48,5.36,--,41,21976,买盘
2142,10:44:45,5.36,--,25,13400,买盘
2143,10:44:39,5.36,0.01,460,246560,买盘
2144,10:44:33,5.35,-0.01,105,56174,卖盘
2145,10:44:30,5.36,0.01,14,7504,买盘
2146,10:44:27,5.35,-0.01,2,1070,卖盘
2147,10:44:24,5.36,--,109,58424,买盘
2148,10:44:21,5.36,--,10,5360,买盘
2149,10:44:18,5.36,--,40,21440,买盘
2150,10:44:15,5.36,--,3,1608,买盘
2151,10:44:12,5.36,0.01,20,10720,买盘
2152,10:44:06,5.35,-0.01,1,535,卖盘
2153,10:44:03,5.36,--,459,246024,买盘
2154,10:44:00,5.36,--,39,20904,买盘
2155,10:43:57,5.36,--,105,56280,买盘
2156,10:43:54,5.36,--,7,3752,买盘
2157,10:43:51,5.36,0.01,194,103984,买盘
2158,10:43:48,5.35,-0.01,50,26750,卖盘
2159,10:43:45,5.36,--,50,26800,买盘
2160,10:43:42,5.36,--,22,11792,买盘
2161,10:43:39,5.36,--,10,5360,买盘
2162,10:43:36,5.36,--,1,536,买盘
2163,10:43:30,5.36,--,193,103448,买盘
2164,10:43:24,5.36,--,15,8040,买盘
2165,10:43:21,5.36,--,8,4288,买盘
2166,10:43:18,5.36,0.01,24,12864,买盘
2167,10:43:12,5.35,--,14,7489,卖盘
2168,10:43:09,5.35,0.01,1535,821599,买盘
2169,10:43:00,5.34,-0.01,557,297438,卖盘
2170,10:42:48,5.35,--,20,10700,买盘
2171,10:42:45,5.35,--,4,2140,买盘
2172,10:42:42,5.35,--,7,3744,买盘
2173,10:42:36,5.35,--,8,4280,买盘
2174,10:42:33,5.35,--,500,267500,买盘
2175,10:42:30,5.35,--,11,5885,买盘
2176,10:42:27,5.35,0.01,2,1070,买盘
2177,10:42:18,5.34,-0.01,5,2670,卖盘
2178,10:42:15,5.35,--,34,18190,买盘
2179,10:42:00,5.35,--,2,1070,买盘
2180,10:41:51,5.35,0.01,115,61524,买盘
2181,10:41:48,5.34,--,10,5340,卖盘
2182,10:41:42,5.34,--,10,5340,卖盘
2183,10:41:36,5.34,--,65,34710,卖盘
2184,10:41:33,5.34,-0.01,5,2670,卖盘
2185,10:41:30,5.35,--,5,2675,买盘
2186,10:41:21,5.35,--,46,24610,买盘
2187,10:41:18,5.35,0.01,104,55639,买盘
2188,10:41:09,5.34,-0.01,31,16554,卖盘
2189,10:41:06,5.35,--,20,10700,买盘
2190,10:41:03,5.35,--,9,4815,买盘
2191,10:41:00,5.35,--,15,8024,买盘
2192,10:40:57,5.35,--,13,6954,买盘
2193,10:40:54,5.35,--,14,7489,买盘
2194,10:40:48,5.35,--,16,8560,买盘
2195,10:40:42,5.35,0.01,47,25145,买盘
2196,10:40:36,5.34,--,13,6942,卖盘
2197,10:40:33,5.34,-0.01,100,53400,卖盘
2198,10:40:30,5.35,0.01,38,20330,买盘
2199,10:40:27,5.34,-0.01,21,11214,卖盘
2200,10:40:21,5.35,--,2,1070,买盘
2201,10:40:18,5.35,0.01,10,5350,买盘
2202,10:40:15,5.34,--,5,2670,卖盘
2203,10:40:12,5.34,--,1,534,卖盘
2204,10:40:03,5.34,--,1,534,卖盘
2205,10:40:00,5.34,--,865,461910,买盘
2206,10:39:57,5.34,--,210,112140,买盘
2207,10:39:54,5.34,--,110,58740,买盘
2208,10:39:51,5.34,--,85,45390,买盘
2209,10:39:39,5.34,--,9,4806,买盘
2210,10:39:36,5.34,--,5,2670,买盘
2211,10:39:33,5.34,--,50,26700,买盘
2212,10:39:30,5.34,--,38,20292,买盘
2213,10:39:27,5.34,--,22,11748,买盘
2214,10:39:24,5.34,0.01,13,6942,买盘
2215,10:39:21,5.33,-0.01,50,26660,卖盘
2216,10:39:15,5.34,--,805,429870,买盘
2217,10:39:12,5.34,0.01,10,5340,买盘
2218,10:39:09,5.33,--,21,11193,卖盘
2219,10:39:06,5.33,--,59,31447,卖盘
2220,10:39:03,5.33,--,22,11726,卖盘
2221,10:38:57,5.33,--,438,233454,卖盘
2222,10:38:54,5.33,--,4,2132,卖盘
2223,10:38:42,5.33,--,93,49569,卖盘
2224,10:38:36,5.33,--,14,7462,卖盘
2225,10:38:33,5.33,-0.01,1,533,卖盘
2226,10:38:27,5.34,--,9,4806,买盘
2227,10:38:24,5.34,0.01,22,11748,买盘
2228,10:38:21,5.33,--,375,199875,卖盘
2229,10:38:18,5.33,-0.01,10,5799,卖盘
2230,10:38:15,5.34,0.01,34,18156,买盘
2231,10:38:12,5.33,-0.01,50,26650,卖盘
2232,10:38:09,5.34,--,91,48594,买盘
2233,10:38:06,5.34,--,132,70488,买盘
2234,10:38:00,5.34,--,110,58740,买盘
2235,10:37:57,5.34,--,101,53934,买盘
2236,10:37:54,5.34,-0.01,2092,1117128,卖盘
2237,10:37:48,5.35,--,20,10700,买盘
2238,10:37:42,5.35,--,56,29959,买盘
2239,10:37:39,5.35,--,1,535,买盘
2240,10:37:36,5.35,0.01,100,53500,买盘
2241,10:37:33,5.34,-0.01,13,6942,卖盘
2242,10:37:27,5.35,0.01,8,4280,买盘
2243,10:37:21,5.34,--,20,10680,卖盘
2244,10:37:15,5.34,-0.01,30,16020,卖盘
2245,10:37:09,5.35,--,36,19260,买盘
2246,10:37:06,5.35,--,70,37450,买盘
2247,10:37:03,5.35,--,19,10165,买盘
2248,10:36:57,5.35,--,9,4815,买盘
2249,10:36:51,5.35,--,20,10700,买盘
2250,10:36:48,5.35,--,34,18190,买盘
2251,10:36:42,5.35,--,35,18725,买盘
2252,10:36:39,5.35,--,36,19260,买盘
2253,10:36:36,5.35,0.01,30,16049,买盘
2254,10:36:33,5.34,-0.01,193,103062,卖盘
2255,10:36:24,5.35,0.01,428,228979,买盘
2256,10:36:21,5.34,-0.01,104,55536,卖盘
2257,10:36:18,5.35,0.01,1,535,买盘
2258,10:36:12,5.34,--,51,27234,卖盘
2259,10:36:03,5.34,--,104,55536,卖盘
2260,10:36:00,5.34,--,40,21360,卖盘
2261,10:35:57,5.34,--,137,73158,卖盘
2262,10:35:51,5.34,-0.01,105,56070,卖盘
2263,10:35:48,5.35,0.01,25,13375,买盘
2264,10:35:45,5.34,--,44,23496,买盘
2265,10:35:42,5.34,--,3,1602,买盘
2266,10:35:39,5.34,--,57,30438,卖盘
2267,10:35:33,5.34,0.01,32,17088,买盘
2268,10:35:27,5.33,-0.01,6,3198,卖盘
2269,10:35:21,5.34,-0.01,4,2136,中性盘
2270,10:35:18,5.35,0.01,40,21400,买盘
2271,10:35:15,5.34,--,5,2670,买盘
2272,10:35:12,5.34,--,30,16020,卖盘
2273,10:35:09,5.34,--,40,21360,卖盘
2274,10:35:06,5.34,--,123,65682,卖盘
2275,10:35:03,5.34,--,25,13350,卖盘
2276,10:35:00,5.34,--,120,64080,卖盘
2277,10:34:57,5.34,--,5,2670,卖盘
2278,10:34:51,5.34,-0.01,10,5340,卖盘
2279,10:34:45,5.35,0.01,62,33170,买盘
2280,10:34:39,5.34,--,20,10680,卖盘
2281,10:34:36,5.34,-0.01,1130,603420,卖盘
2282,10:34:27,5.35,0.01,6,3210,买盘
2283,10:34:24,5.34,--,15,8010,卖盘
2284,10:34:21,5.34,--,4,2146,卖盘
2285,10:34:18,5.34,-0.01,5,2670,卖盘
2286,10:34:15,5.35,0.01,3,1605,买盘
2287,10:34:09,5.34,--,62,33108,卖盘
2288,10:34:03,5.34,-0.01,53,28302,卖盘
2289,10:34:00,5.35,0.01,11,5885,买盘
2290,10:33:57,5.34,-0.01,69,36846,卖盘
2291,10:33:54,5.35,--,4,2140,买盘
2292,10:33:51,5.35,0.01,15,8024,买盘
2293,10:33:48,5.34,-0.01,70,37380,卖盘
2294,10:33:39,5.35,--,2,1070,买盘
2295,10:33:36,5.35,--,6,3210,买盘
2296,10:33:30,5.35,--,100,53500,买盘
2297,10:33:27,5.35,--,232,124280,卖盘
2298,10:33:18,5.35,--,698,373430,卖盘
2299,10:33:15,5.35,--,33,17655,卖盘
2300,10:33:09,5.35,--,50,26750,卖盘
2301,10:33:06,5.35,--,51,27285,卖盘
2302,10:33:03,5.35,--,68,36380,卖盘
2303,10:33:00,5.35,--,1,535,卖盘
2304,10:32:57,5.35,--,30,16049,卖盘
2305,10:32:54,5.35,--,230,123049,卖盘
2306,10:32:51,5.35,-0.01,8,4280,卖盘
2307,10:32:48,5.36,0.01,248,132928,买盘
2308,10:32:45,5.35,--,850,454749,卖盘
2309,10:32:42,5.35,--,60,32099,卖盘
2310,10:32:39,5.35,--,1116,597060,卖盘
2311,10:32:36,5.35,--,61,32634,卖盘
2312,10:32:30,5.35,--,35,18725,卖盘
2313,10:32:24,5.35,--,32,17120,卖盘
2314,10:32:21,5.35,--,43,23005,卖盘
2315,10:32:18,5.35,-0.01,14,7489,卖盘
2316,10:32:12,5.36,0.01,11,5896,买盘
2317,10:32:09,5.35,--,60,32099,卖盘
2318,10:32:06,5.35,--,126,67410,卖盘
2319,10:32:03,5.35,--,50,26750,卖盘
2320,10:32:00,5.35,--,93,49755,卖盘
2321,10:31:51,5.35,-0.01,306,163710,卖盘
2322,10:31:48,5.36,0.01,11,5896,买盘
2323,10:31:45,5.35,-0.01,10,5350,卖盘
2324,10:31:42,5.36,0.01,36,19296,买盘
2325,10:31:39,5.35,-0.01,204,109140,卖盘
2326,10:31:36,5.36,0.01,87,46632,买盘
2327,10:31:30,5.35,--,29,15514,卖盘
2328,10:31:27,5.35,-0.01,9,4815,卖盘
2329,10:31:24,5.36,--,8,4288,买盘
2330,10:31:21,5.36,0.01,6,3216,买盘
2331,10:31:18,5.35,-0.01,17,9095,卖盘
2332,10:31:15,5.36,--,7,3752,买盘
2333,10:31:12,5.36,0.01,10,5360,买盘
2334,10:31:06,5.35,-0.01,50,26750,卖盘
2335,10:31:03,5.36,--,6,3216,买盘
2336,10:31:00,5.36,--,110,58960,买盘
2337,10:30:54,5.36,--,133,71288,买盘
2338,10:30:48,5.36,0.01,8,4288,买盘
2339,10:30:42,5.35,-0.01,50,26750,卖盘
2340,10:30:36,5.36,--,28,15008,买盘
2341,10:30:33,5.36,--,200,107200,买盘
2342,10:30:30,5.36,--,94,50384,买盘
2343,10:30:27,5.36,--,40,21440,买盘
2344,10:30:21,5.36,--,380,203680,买盘
2345,10:30:15,5.36,0.01,15,8040,买盘
2346,10:30:03,5.35,-0.01,30,16424,卖盘
2347,10:29:54,5.36,--,9,4824,买盘
2348,10:29:51,5.36,--,11,5896,买盘
2349,10:29:48,5.36,--,89,47704,买盘
2350,10:29:45,5.36,--,55,29480,买盘
2351,10:29:42,5.36,--,2,1072,买盘
2352,10:29:39,5.36,--,174,93467,卖盘
2353,10:29:36,5.36,-0.01,135,72360,卖盘
2354,10:29:27,5.37,0.01,44,23628,买盘
2355,10:29:24,5.36,--,30,16080,卖盘
2356,10:29:21,5.36,-0.01,10,5360,卖盘
2357,10:29:18,5.37,0.01,2,1074,买盘
2358,10:29:15,5.36,-0.01,8,4288,卖盘
2359,10:29:12,5.37,0.01,1,537,买盘
2360,10:29:09,5.36,--,3,1608,卖盘
2361,10:29:03,5.36,--,60,32160,卖盘
2362,10:29:00,5.36,-0.01,5,2680,卖盘
2363,10:28:57,5.37,0.01,357,191709,买盘
2364,10:28:48,5.36,--,26,13936,卖盘
2365,10:28:45,5.36,--,102,54672,卖盘
2366,10:28:42,5.36,--,20,10720,卖盘
2367,10:28:36,5.36,--,86,46096,卖盘
2368,10:28:30,5.36,--,100,53600,卖盘
2369,10:28:15,5.36,--,13,6968,卖盘
2370,10:28:12,5.36,--,5,2680,卖盘
2371,10:28:09,5.36,--,20,10720,卖盘
2372,10:28:03,5.36,--,7,3752,卖盘
2373,10:28:00,5.36,--,511,274228,买盘
2374,10:27:57,5.36,0.01,6,3216,买盘
2375,10:27:51,5.35,--,312,166920,卖盘
2376,10:27:42,5.35,--,36,19260,卖盘
2377,10:27:39,5.35,-0.01,12,6420,卖盘
2378,10:27:36,5.36,0.01,72,38592,买盘
2379,10:27:33,5.35,-0.01,127,67945,卖盘
2380,10:27:27,5.36,--,51,27336,买盘
2381,10:27:24,5.36,0.01,2,1072,买盘
2382,10:27:21,5.35,-0.01,10,5350,卖盘
2383,10:27:18,5.36,--,10,5360,买盘
2384,10:27:15,5.36,0.01,10,5360,买盘
2385,10:27:12,5.35,--,20,10700,卖盘
2386,10:27:09,5.35,-0.01,6,3210,卖盘
2387,10:27:06,5.36,--,50,26800,买盘
2388,10:27:03,5.36,--,12,6432,买盘
2389,10:26:57,5.36,0.01,57,30552,买盘
2390,10:26:54,5.35,-0.01,5,2675,卖盘
2391,10:26:51,5.36,0.01,30,16080,买盘
2392,10:26:45,5.35,--,20,10700,卖盘
2393,10:26:36,5.35,-0.01,1,535,卖盘
2394,10:26:33,5.36,0.01,10,5360,买盘
2395,10:26:30,5.35,-0.01,10,5350,卖盘
2396,10:26:27,5.36,0.01,2,1072,买盘
2397,10:26:24,5.35,-0.01,13,6954,卖盘
2398,10:26:15,5.36,0.01,10,5360,买盘
2399,10:26:12,5.35,-0.01,2,1070,中性盘
2400,10:26:06,5.36,--,81,43416,买盘
2401,10:26:00,5.36,--,539,288904,买盘
2402,10:25:57,5.36,0.01,54,28944,买盘
2403,10:25:47,5.35,-0.01,70,37450,卖盘
2404,10:25:44,5.36,0.01,51,27336,买盘
2405,10:25:41,5.35,--,54,28889,买盘
2406,10:25:38,5.35,--,23,12305,买盘
2407,10:25:35,5.35,--,11,5885,买盘
2408,10:25:32,5.35,-0.01,70,37450,卖盘
2409,10:25:26,5.36,0.01,63,33768,买盘
2410,10:25:14,5.35,--,33,17655,卖盘
2411,10:25:08,5.35,--,49,26215,卖盘
2412,10:25:05,5.35,--,33,17655,卖盘
2413,10:25:02,5.35,--,20,10700,卖盘
2414,10:24:56,5.35,--,5,2675,卖盘
2415,10:24:53,5.35,--,7,3744,卖盘
2416,10:24:44,5.35,--,7,3744,买盘
2417,10:24:41,5.35,--,1,535,买盘
2418,10:24:32,5.35,--,39,20865,中性盘
2419,10:24:29,5.35,--,3,1605,买盘
2420,10:24:26,5.35,--,12,6420,买盘
2421,10:24:20,5.35,--,8,4280,买盘
2422,10:24:17,5.35,--,6,3210,买盘
2423,10:24:14,5.35,--,45,24075,买盘
2424,10:24:08,5.35,--,65,34775,买盘
2425,10:24:05,5.35,--,24,12840,买盘
2426,10:24:02,5.35,--,8,4740,卖盘
2427,10:23:59,5.35,--,70,37450,卖盘
2428,10:23:56,5.35,--,21,11235,卖盘
2429,10:23:53,5.35,--,90,48150,卖盘
2430,10:23:50,5.35,--,38,20330,卖盘
2431,10:23:41,5.35,--,208,111354,买盘
2432,10:23:38,5.35,0.01,2,1070,买盘
2433,10:23:35,5.34,-0.01,1,534,卖盘
2434,10:23:32,5.35,--,6,3210,买盘
2435,10:23:29,5.35,--,10,5350,买盘
2436,10:23:26,5.35,--,3,1605,买盘
2437,10:23:20,5.35,--,9,4815,买盘
2438,10:23:11,5.35,--,5,2675,买盘
2439,10:23:05,5.35,--,18,9630,买盘
2440,10:23:02,5.35,--,5,2675,买盘
2441,10:22:59,5.35,--,70,37450,买盘
2442,10:22:53,5.35,--,3006,1608210,买盘
2443,10:22:50,5.35,--,19,10165,买盘
2444,10:22:44,5.35,0.01,32,17120,买盘
2445,10:22:41,5.34,-0.01,1655,883770,卖盘
2446,10:22:35,5.35,0.01,3,1605,买盘
2447,10:22:29,5.34,-0.01,62,33108,卖盘
2448,10:22:26,5.35,--,45,24075,买盘
2449,10:22:23,5.35,0.01,4,2140,买盘
2450,10:22:20,5.34,-0.01,22,11748,卖盘
2451,10:22:17,5.35,--,2,1070,买盘
2452,10:22:14,5.35,--,1,535,买盘
2453,10:22:11,5.35,--,111,59384,买盘
2454,10:22:05,5.35,--,28,14979,买盘
2455,10:22:02,5.35,--,10,5350,买盘
2456,10:21:56,5.35,0.01,35,18725,买盘
2457,10:21:53,5.34,--,23,12282,卖盘
2458,10:21:50,5.34,-0.01,2,1068,卖盘
2459,10:21:47,5.35,--,15,8024,买盘
2460,10:21:44,5.35,--,37,19795,买盘
2461,10:21:41,5.35,--,20,10700,买盘
2462,10:21:38,5.35,--,10,5350,买盘
2463,10:21:35,5.35,0.01,10,5350,买盘
2464,10:21:32,5.34,-0.01,46,24564,卖盘
2465,10:21:26,5.35,--,40,21400,买盘
2466,10:21:23,5.35,--,26,13909,买盘
2467,10:21:17,5.35,--,30,16049,买盘
2468,10:21:08,5.35,0.01,5,2675,买盘
2469,10:21:05,5.34,-0.01,2,1068,卖盘
2470,10:20:56,5.35,--,150,80250,买盘
2471,10:20:50,5.35,--,212,113419,买盘
2472,10:20:47,5.35,0.01,10,5350,买盘
2473,10:20:44,5.34,-0.01,25,13350,卖盘
2474,10:20:41,5.35,0.01,476,254659,买盘
2475,10:20:35,5.34,-0.01,15,8010,卖盘
2476,10:20:32,5.35,0.01,34,18190,买盘
2477,10:20:29,5.34,-0.01,151,80634,卖盘
2478,10:20:26,5.35,--,16,8560,买盘
2479,10:20:23,5.35,--,118,63129,买盘
2480,10:20:20,5.35,--,59,31564,买盘
2481,10:20:11,5.35,--,231,123584,买盘
2482,10:20:08,5.35,--,835,446724,买盘
2483,10:20:05,5.35,--,10,5350,买盘
2484,10:20:02,5.35,--,25,13375,买盘
2485,10:19:59,5.35,--,30,16049,买盘
2486,10:19:50,5.35,--,30,16049,买盘
2487,10:19:41,5.35,--,2,1070,买盘
2488,10:19:35,5.35,--,26,13909,买盘
2489,10:19:32,5.35,--,40,21400,买盘
2490,10:19:29,5.35,--,3,1605,买盘
2491,10:19:26,5.35,0.01,50,26750,买盘
2492,10:19:23,5.34,-0.01,61,32574,卖盘
2493,10:19:20,5.35,--,15,8024,买盘
2494,10:19:17,5.35,--,158,84530,买盘
2495,10:19:14,5.35,--,6,3210,买盘
2496,10:19:08,5.35,--,5,2675,买盘
2497,10:19:02,5.35,0.01,2,1070,买盘
2498,10:18:59,5.34,-0.01,58,30972,卖盘
2499,10:18:53,5.35,0.01,4,2140,买盘
2500,10:18:50,5.34,-0.01,20,10680,卖盘
2501,10:18:47,5.35,--,1,535,买盘
2502,10:18:38,5.35,0.01,20,10700,买盘
2503,10:18:29,5.34,-0.01,322,171948,卖盘
2504,10:18:26,5.35,--,28,14979,买盘
2505,10:18:23,5.35,--,34,18190,买盘
2506,10:18:20,5.35,--,22,11770,买盘
2507,10:18:17,5.35,0.01,33,17655,买盘
2508,10:18:11,5.34,--,21,11214,卖盘
2509,10:18:02,5.34,-0.01,62,33108,卖盘
2510,10:17:56,5.35,0.01,11,5885,买盘
2511,10:17:53,5.34,-0.01,13,6942,卖盘
2512,10:17:44,5.35,--,10,5350,买盘
2513,10:17:41,5.35,0.01,2,1070,买盘
2514,10:17:35,5.34,-0.01,10,5340,卖盘
2515,10:17:32,5.35,0.01,4,2140,买盘
2516,10:17:29,5.34,--,50,26700,卖盘
2517,10:17:26,5.34,-0.01,16,8544,卖盘
2518,10:17:20,5.35,--,7,3744,买盘
2519,10:17:17,5.35,0.01,254,135890,买盘
2520,10:17:14,5.34,-0.01,15,8010,卖盘
2521,10:17:11,5.35,--,20,10700,买盘
2522,10:17:05,5.35,--,17,9095,买盘
2523,10:16:53,5.35,0.01,41,21935,买盘
2524,10:16:47,5.34,--,246,131364,卖盘
2525,10:16:44,5.34,--,20,10680,卖盘
2526,10:16:41,5.34,--,173,92382,买盘
2527,10:16:38,5.34,--,6,3204,买盘
2528,10:16:35,5.34,--,438,233892,买盘
2529,10:16:32,5.34,--,111,59274,买盘
2530,10:16:26,5.34,--,47,25098,买盘
2531,10:16:20,5.34,--,161,85974,买盘
2532,10:16:17,5.34,--,64,34176,买盘
2533,10:16:14,5.34,--,129,68886,买盘
2534,10:16:11,5.34,--,22,11748,买盘
2535,10:16:08,5.34,--,12,6408,买盘
2536,10:16:05,5.34,--,139,74226,买盘
2537,10:16:02,5.34,--,39,20826,买盘
2538,10:15:59,5.34,--,67,35778,买盘
2539,10:15:53,5.34,--,1,534,买盘
2540,10:15:50,5.34,--,106,56604,买盘
2541,10:15:47,5.34,--,86,45924,买盘
2542,10:15:44,5.34,--,128,68352,买盘
2543,10:15:41,5.34,--,237,126558,买盘
2544,10:15:38,5.34,--,41,21894,买盘
2545,10:15:35,5.34,0.01,627,335085,买盘
2546,10:15:32,5.33,-0.01,13,6929,卖盘
2547,10:15:29,5.34,--,50,26700,买盘
2548,10:15:26,5.34,0.01,30,16020,买盘
2549,10:15:05,5.33,--,5,2665,卖盘
2550,10:15:02,5.33,--,5,2665,卖盘
2551,10:14:59,5.33,-0.01,50,26650,卖盘
2552,10:14:50,5.34,0.01,146,77964,买盘
2553,10:14:47,5.33,--,764,407212,买盘
2554,10:14:38,5.33,--,37,19721,买盘
2555,10:14:35,5.33,--,265,141245,买盘
2556,10:14:32,5.33,0.01,25,13325,买盘
2557,10:14:29,5.32,-0.01,122,64904,卖盘
2558,10:14:23,5.33,--,253,134849,买盘
2559,10:14:20,5.33,--,124,66092,买盘
2560,10:14:17,5.33,--,10,5330,买盘
2561,10:14:08,5.33,--,144,76752,买盘
2562,10:14:05,5.33,--,7,3731,买盘
2563,10:14:02,5.33,--,102,54366,买盘
2564,10:13:59,5.33,--,41,21853,买盘
2565,10:13:56,5.33,--,92,49036,买盘
2566,10:13:53,5.33,--,138,73554,买盘
2567,10:13:50,5.33,--,219,116727,卖盘
2568,10:13:47,5.33,--,100,53300,卖盘
2569,10:13:44,5.33,--,870,463710,卖盘
2570,10:13:38,5.33,-0.01,31,16523,卖盘
2571,10:13:35,5.34,0.01,108,57672,买盘
2572,10:13:32,5.33,-0.01,24,12792,卖盘
2573,10:13:29,5.34,0.01,131,69954,买盘
2574,10:13:26,5.33,-0.01,310,165230,卖盘
2575,10:13:23,5.34,0.01,40,21360,买盘
2576,10:13:20,5.33,--,13,6929,卖盘
2577,10:13:14,5.33,--,600,319800,卖盘
2578,10:13:11,5.33,--,28,14924,卖盘
2579,10:13:05,5.33,--,77,41041,卖盘
2580,10:13:02,5.33,--,82,43706,卖盘
2581,10:12:59,5.33,-0.01,200,106600,卖盘
2582,10:12:56,5.34,0.01,5,2670,买盘
2583,10:12:53,5.33,-0.01,50,26650,卖盘
2584,10:12:47,5.34,--,21,11214,买盘
2585,10:12:44,5.34,0.01,2,1068,买盘
2586,10:12:41,5.33,-0.01,60,31980,卖盘
2587,10:12:35,5.34,--,9,4806,买盘
2588,10:12:32,5.34,--,7,3738,买盘
2589,10:12:29,5.34,0.01,5,2670,买盘
2590,10:12:26,5.33,--,20,10660,卖盘
2591,10:12:23,5.33,-0.01,100,53300,卖盘
2592,10:12:20,5.34,--,60,32040,买盘
2593,10:12:17,5.34,--,98,52332,买盘
2594,10:12:14,5.34,0.01,55,29370,买盘
2595,10:12:11,5.33,-0.01,83,44239,卖盘
2596,10:12:08,5.34,-0.01,1407,751338,卖盘
2597,10:12:05,5.35,0.01,2,1070,买盘
2598,10:12:02,5.34,-0.01,11,5874,卖盘
2599,10:11:56,5.35,--,2,1070,买盘
2600,10:11:53,5.35,--,44,23540,买盘
2601,10:11:47,5.35,0.01,49,26215,买盘
2602,10:11:44,5.34,-0.01,43,22962,卖盘
2603,10:11:38,5.35,0.01,107,57244,买盘
2604,10:11:35,5.34,--,13,6942,卖盘
2605,10:11:29,5.34,-0.01,26,13884,卖盘
2606,10:11:26,5.35,--,282,150870,买盘
2607,10:11:23,5.35,0.01,21,11235,买盘
2608,10:11:17,5.34,-0.01,20,10680,卖盘
2609,10:11:14,5.35,0.01,3,1605,买盘
2610,10:11:11,5.34,--,161,85974,卖盘
2611,10:10:59,5.34,--,30,16020,卖盘
2612,10:10:56,5.34,--,17,9078,卖盘
2613,10:10:53,5.34,-0.01,3,1602,卖盘
2614,10:10:44,5.35,--,104,55639,买盘
2615,10:10:35,5.35,--,1,535,买盘
2616,10:10:32,5.35,0.01,10,5350,买盘
2617,10:10:29,5.34,-0.01,5,2670,卖盘
2618,10:10:26,5.35,--,28,14979,买盘
2619,10:10:23,5.35,--,163,87205,买盘
2620,10:10:20,5.35,--,6,3210,买盘
2621,10:10:17,5.35,--,15,8024,买盘
2622,10:10:14,5.35,0.01,85,45475,买盘
2623,10:10:11,5.34,--,7,3738,卖盘
2624,10:10:08,5.34,-0.01,48,25632,卖盘
2625,10:09:59,5.35,--,20,10700,买盘
2626,10:09:56,5.35,--,89,47615,买盘
2627,10:09:53,5.35,0.01,29,15514,买盘
2628,10:09:50,5.34,--,3,1602,卖盘
2629,10:09:47,5.34,-0.01,5,2670,卖盘
2630,10:09:41,5.35,--,17,9095,买盘
2631,10:09:38,5.35,0.01,33,17655,买盘
2632,10:09:35,5.34,-0.01,20,10680,卖盘
2633,10:09:32,5.35,--,13,6954,买盘
2634,10:09:26,5.35,--,5,2675,买盘
2635,10:09:23,5.35,--,28,14979,买盘
2636,10:09:20,5.35,--,133,71155,买盘
2637,10:09:17,5.35,0.01,63,33705,买盘
2638,10:09:14,5.34,-0.01,45,24030,卖盘
2639,10:09:11,5.35,0.01,83,44405,买盘
2640,10:09:08,5.34,-0.01,42,22428,卖盘
2641,10:09:05,5.35,--,166,88810,买盘
2642,10:09:02,5.35,--,21,11235,买盘
2643,10:08:59,5.35,--,49,26215,买盘
2644,10:08:53,5.35,--,50,26750,买盘
2645,10:08:50,5.35,--,10,5350,买盘
2646,10:08:47,5.35,-0.01,120,64199,卖盘
2647,10:08:44,5.36,0.01,146,78256,买盘
2648,10:08:41,5.35,--,5,2675,卖盘
2649,10:08:32,5.35,--,10,5350,卖盘
2650,10:08:29,5.35,--,12,6420,买盘
2651,10:08:26,5.35,--,108,57779,买盘
2652,10:08:23,5.35,0.01,448,239679,买盘
2653,10:08:08,5.34,-0.01,32,17088,卖盘
2654,10:08:05,5.35,--,56,29959,买盘
2655,10:08:02,5.35,--,40,21400,买盘
2656,10:07:59,5.35,--,31,16585,买盘
2657,10:07:56,5.35,0.01,32,17120,买盘
2658,10:07:53,5.34,--,339,181026,卖盘
2659,10:07:50,5.34,-0.01,21,11214,卖盘
2660,10:07:47,5.35,--,365,195275,买盘
2661,10:07:44,5.35,--,51,27285,买盘
2662,10:07:41,5.35,--,12,6420,买盘
2663,10:07:38,5.35,--,103,55104,买盘
2664,10:07:35,5.35,--,40,21400,买盘
2665,10:07:32,5.35,0.01,20,10700,买盘
2666,10:07:26,5.34,--,24,12816,卖盘
2667,10:07:23,5.34,-0.01,86,45924,卖盘
2668,10:07:17,5.35,--,40,21400,买盘
2669,10:07:14,5.35,0.01,35,18725,买盘
2670,10:07:11,5.34,--,78,41652,卖盘
2671,10:07:08,5.34,-0.01,205,109470,卖盘
2672,10:07:05,5.35,0.01,224,119839,买盘
2673,10:07:02,5.34,-0.01,1,534,卖盘
2674,10:06:59,5.35,0.01,200,107000,买盘
2675,10:06:56,5.34,-0.01,100,53400,卖盘
2676,10:06:53,5.35,--,20,10700,买盘
2677,10:06:50,5.35,0.01,804,430140,买盘
2678,10:06:47,5.34,--,255,136170,卖盘
2679,10:06:44,5.34,--,124,66216,卖盘
2680,10:06:41,5.34,-0.01,286,152724,卖盘
2681,10:06:38,5.35,--,83,44405,买盘
2682,10:06:35,5.35,0.01,6,3210,买盘
2683,10:06:32,5.34,-0.01,423,225882,卖盘
2684,10:06:26,5.35,--,104,55639,买盘
2685,10:06:17,5.35,-0.01,2176,1164160,卖盘
2686,10:06:07,5.36,--,1,536,买盘
2687,10:06:04,5.36,--,13,6968,买盘
2688,10:06:01,5.36,--,201,107736,买盘
2689,10:05:58,5.36,--,187,100232,买盘
2690,10:05:52,5.36,--,10,5360,买盘
2691,10:05:46,5.36,--,600,321600,买盘
2692,10:05:43,5.36,--,123,65928,卖盘
2693,10:05:40,5.36,-0.01,196,105056,卖盘
2694,10:05:37,5.37,0.01,55,29535,买盘
2695,10:05:34,5.36,-0.01,59,31624,卖盘
2696,10:05:31,5.37,0.01,872,468264,买盘
2697,10:05:28,5.36,--,42,22512,卖盘
2698,10:05:25,5.36,-0.01,27,14472,卖盘
2699,10:05:22,5.37,--,15,8055,买盘
2700,10:05:16,5.37,0.01,23,12351,买盘
2701,10:05:13,5.36,--,280,150080,卖盘
2702,10:05:07,5.36,--,30,16080,卖盘
2703,10:05:04,5.36,-0.01,9,4824,卖盘
2704,10:05:01,5.37,0.01,17,9129,买盘
2705,10:04:58,5.36,-0.01,4,2144,卖盘
2706,10:04:55,5.37,--,514,276018,买盘
2707,10:04:52,5.37,0.01,65,34905,买盘
2708,10:04:49,5.36,-0.01,20,10720,卖盘
2709,10:04:46,5.37,--,160,85920,买盘
2710,10:04:40,5.37,--,10,5370,买盘
2711,10:04:37,5.37,--,84,45108,买盘
2712,10:04:34,5.37,--,14,7518,买盘
2713,10:04:25,5.37,--,39,20943,买盘
2714,10:04:22,5.37,--,53,28461,买盘
2715,10:04:19,5.37,--,130,69810,买盘
2716,10:04:16,5.37,--,49,26313,卖盘
2717,10:04:10,5.37,--,23,12351,卖盘
2718,10:04:07,5.37,-0.01,11,5907,卖盘
2719,10:04:01,5.38,0.01,123,66174,买盘
2720,10:03:58,5.37,-0.01,182,97734,卖盘
2721,10:03:52,5.38,0.01,8,4304,买盘
2722,10:03:49,5.37,--,127,68199,卖盘
2723,10:03:46,5.37,-0.01,10,5370,卖盘
2724,10:03:43,5.38,0.01,373,200674,买盘
2725,10:03:40,5.37,--,54,28998,卖盘
2726,10:03:37,5.37,-0.01,57,30609,卖盘
2727,10:03:31,5.38,0.01,38,20444,买盘
2728,10:03:28,5.37,-0.01,20,10740,卖盘
2729,10:03:25,5.38,--,402,216276,买盘
2730,10:03:13,5.38,--,863,464294,买盘
2731,10:03:07,5.38,--,260,139880,买盘
2732,10:03:04,5.38,0.01,12,6456,买盘
2733,10:03:01,5.37,-0.01,3,1611,卖盘
2734,10:02:58,5.38,0.01,65,34970,买盘
2735,10:02:52,5.37,-0.01,116,62292,卖盘
2736,10:02:49,5.38,0.01,83,44654,买盘
2737,10:02:46,5.37,--,6,3222,卖盘
2738,10:02:43,5.37,--,2,1074,卖盘
2739,10:02:37,5.37,--,734,394158,买盘
2740,10:02:34,5.37,--,1,537,买盘
2741,10:02:28,5.37,--,97,52089,买盘
2742,10:02:25,5.37,--,37,19869,买盘
2743,10:02:22,5.37,--,132,70884,买盘
2744,10:02:19,5.37,--,67,35979,买盘
2745,10:02:16,5.37,--,5,2685,买盘
2746,10:02:13,5.37,--,92,49404,买盘
2747,10:02:07,5.37,--,40,21480,买盘
2748,10:02:04,5.37,0.01,13,6981,买盘
2749,10:02:01,5.36,-0.01,52,27872,卖盘
2750,10:01:58,5.37,--,15,8055,买盘
2751,10:01:55,5.37,0.01,143,76791,买盘
2752,10:01:46,5.36,-0.01,76,40736,卖盘
2753,10:01:40,5.37,--,8,4296,买盘
2754,10:01:34,5.37,0.01,13,6981,买盘
2755,10:01:31,5.36,-0.01,40,21440,卖盘
2756,10:01:28,5.37,0.01,181,97197,买盘
2757,10:01:22,5.36,--,97,51992,买盘
2758,10:01:16,5.36,--,45,24120,卖盘
2759,10:01:13,5.36,--,3,1608,卖盘
2760,10:01:10,5.36,--,235,125960,卖盘
2761,10:01:07,5.36,--,17,9112,买盘
2762,10:01:04,5.36,--,58,31088,买盘
2763,10:01:01,5.36,--,38,20368,买盘
2764,10:00:58,5.36,--,22,11792,买盘
2765,10:00:55,5.36,--,27,14472,买盘
2766,10:00:52,5.36,--,338,181168,买盘
2767,10:00:49,5.36,--,95,50920,买盘
2768,10:00:46,5.36,--,127,68072,卖盘
2769,10:00:43,5.36,--,16,8576,买盘
2770,10:00:37,5.36,--,135,72360,买盘
2771,10:00:34,5.36,--,30,16080,买盘
2772,10:00:31,5.36,--,3,1608,买盘
2773,10:00:28,5.36,--,210,112560,卖盘
2774,10:00:25,5.36,--,73,39128,卖盘
2775,10:00:22,5.36,--,71,38056,卖盘
2776,10:00:13,5.36,--,295,158120,买盘
2777,10:00:10,5.36,0.01,73,39128,买盘
2778,10:00:07,5.35,-0.01,221,118234,卖盘
2779,10:00:04,5.36,--,35,18760,买盘
2780,10:00:01,5.36,--,44,23584,买盘
2781,09:59:58,5.36,--,322,172592,买盘
2782,09:59:52,5.36,--,78,41808,买盘
2783,09:59:49,5.36,--,50,26800,买盘
2784,09:59:46,5.36,--,12,6432,买盘
2785,09:59:43,5.36,--,50,26800,买盘
2786,09:59:40,5.36,-0.01,58,31088,卖盘
2787,09:59:37,5.37,0.01,14,7518,买盘
2788,09:59:31,5.36,-0.01,44,23584,卖盘
2789,09:59:28,5.37,0.01,1,537,买盘
2790,09:59:25,5.36,--,189,101304,卖盘
2791,09:59:22,5.36,--,27,14472,卖盘
2792,09:59:19,5.36,0.01,35,18760,买盘
2793,09:59:16,5.35,-0.01,51,27285,卖盘
2794,09:59:13,5.36,0.01,370,198320,买盘
2795,09:59:10,5.35,-0.01,100,53500,卖盘
2796,09:59:07,5.36,0.01,66,35376,买盘
2797,09:59:04,5.35,-0.01,21,11235,卖盘
2798,09:59:01,5.36,0.01,10,5360,买盘
2799,09:58:55,5.35,-0.01,104,55639,卖盘
2800,09:58:52,5.36,--,139,74504,买盘
2801,09:58:49,5.36,--,611,327496,买盘
2802,09:58:46,5.36,--,402,215472,买盘
2803,09:58:43,5.36,--,100,53600,买盘
2804,09:58:37,5.36,--,90,48240,卖盘
2805,09:58:31,5.36,-0.01,300,160800,卖盘
2806,09:58:28,5.37,--,248,133176,买盘
2807,09:58:22,5.37,0.01,64,34368,买盘
2808,09:58:19,5.36,--,11,5896,卖盘
2809,09:58:16,5.36,--,215,115240,卖盘
2810,09:58:13,5.36,-0.01,56,30016,卖盘
2811,09:58:10,5.37,--,20,10740,买盘
2812,09:58:07,5.37,--,26,13962,买盘
2813,09:58:04,5.37,0.01,41,22017,买盘
2814,09:58:01,5.36,-0.01,15,8040,卖盘
2815,09:57:58,5.37,--,112,60144,买盘
2816,09:57:55,5.37,--,257,138009,买盘
2817,09:57:52,5.37,--,168,90216,卖盘
2818,09:57:49,5.37,--,187,100419,买盘
2819,09:57:46,5.37,--,50,26850,买盘
2820,09:57:43,5.37,--,39,20943,买盘
2821,09:57:40,5.37,--,38,20406,买盘
2822,09:57:37,5.37,--,51,27387,买盘
2823,09:57:34,5.37,--,78,41886,买盘
2824,09:57:31,5.37,-0.01,84,45108,卖盘
2825,09:57:28,5.38,0.01,319,171622,买盘
2826,09:57:25,5.37,--,35,18795,买盘
2827,09:57:22,5.37,--,12,6444,买盘
2828,09:57:19,5.37,-0.01,27,14499,卖盘
2829,09:57:10,5.38,0.01,76,40888,买盘
2830,09:57:07,5.37,--,38,20406,卖盘
2831,09:57:04,5.37,--,10,5370,卖盘
2832,09:57:01,5.37,0.01,5,2685,中性盘
2833,09:56:58,5.36,-0.02,849,455064,卖盘
2834,09:56:55,5.38,0.01,60,32280,买盘
2835,09:56:52,5.37,-0.01,23,12351,卖盘
2836,09:56:49,5.38,0.01,463,249094,买盘
2837,09:56:46,5.37,--,421,226077,卖盘
2838,09:56:43,5.37,-0.01,29,15573,卖盘
2839,09:56:40,5.38,--,138,74244,买盘
2840,09:56:37,5.38,--,241,129658,买盘
2841,09:56:31,5.38,--,2,1076,买盘
2842,09:56:28,5.38,0.01,10,5380,买盘
2843,09:56:25,5.37,--,153,82161,买盘
2844,09:56:22,5.37,--,10,5370,买盘
2845,09:56:19,5.37,-0.01,46,24702,中性盘
2846,09:56:13,5.38,0.01,70,37660,买盘
2847,09:56:07,5.37,-0.01,21,11277,卖盘
2848,09:56:04,5.38,--,252,135576,买盘
2849,09:56:01,5.38,0.01,612,329256,买盘
2850,09:55:55,5.37,-0.01,20,10740,卖盘
2851,09:55:52,5.38,--,25,13450,买盘
2852,09:55:49,5.38,--,5143,2766934,买盘
2853,09:55:46,5.38,--,661,355618,买盘
2854,09:55:43,5.38,--,13,6994,买盘
2855,09:55:40,5.38,--,232,124816,买盘
2856,09:55:37,5.38,--,28,15064,买盘
2857,09:55:34,5.38,--,6,3228,买盘
2858,09:55:31,5.38,0.01,110,59180,买盘
2859,09:55:28,5.37,-0.01,55,29535,卖盘
2860,09:55:25,5.38,0.01,61,32818,买盘
2861,09:55:22,5.37,-0.01,30,16110,卖盘
2862,09:55:16,5.38,0.01,21,11298,买盘
2863,09:55:13,5.37,-0.01,7,3759,卖盘
2864,09:55:10,5.38,--,72,38736,买盘
2865,09:55:07,5.38,0.01,177,95226,买盘
2866,09:55:04,5.37,--,208,111696,卖盘
2867,09:54:58,5.37,-0.01,38,20406,卖盘
2868,09:54:55,5.38,--,326,175388,买盘
2869,09:54:52,5.38,0.01,84,45192,买盘
2870,09:54:49,5.37,-0.01,2,1074,卖盘
2871,09:54:46,5.38,0.01,32,17216,买盘
2872,09:54:43,5.37,-0.01,1,537,卖盘
2873,09:54:40,5.38,--,59,31742,买盘
2874,09:54:37,5.38,--,232,124816,卖盘
2875,09:54:34,5.38,--,428,230264,买盘
2876,09:54:31,5.38,0.01,59,31742,买盘
2877,09:54:28,5.37,--,44,23628,卖盘
2878,09:54:22,5.37,--,261,140157,卖盘
2879,09:54:16,5.37,-0.01,482,258834,卖盘
2880,09:54:10,5.38,0.01,60,32280,买盘
2881,09:54:07,5.37,-0.01,42,22554,卖盘
2882,09:54:04,5.38,0.01,40,21520,买盘
2883,09:54:01,5.37,-0.01,3,1611,卖盘
2884,09:53:58,5.38,--,62,33356,买盘
2885,09:53:52,5.38,0.01,24,12912,买盘
2886,09:53:49,5.37,--,125,67125,卖盘
2887,09:53:46,5.37,--,41,22017,卖盘
2888,09:53:40,5.37,-0.01,355,190635,卖盘
2889,09:53:37,5.38,--,46,24748,买盘
2890,09:53:34,5.38,0.01,50,26900,买盘
2891,09:53:31,5.37,-0.01,78,41886,卖盘
2892,09:53:28,5.38,0.01,66,35508,买盘
2893,09:53:25,5.37,-0.01,154,82698,卖盘
2894,09:53:22,5.38,--,155,83390,买盘
2895,09:53:19,5.38,--,26,13988,买盘
2896,09:53:16,5.38,--,4,2152,买盘
2897,09:53:13,5.38,--,20,10760,买盘
2898,09:53:10,5.38,-0.01,267,143646,卖盘
2899,09:53:07,5.39,0.01,105,56595,买盘
2900,09:53:04,5.38,-0.01,50,26900,卖盘
2901,09:53:01,5.39,--,176,94864,买盘
2902,09:52:55,5.39,--,299,161161,买盘
2903,09:52:52,5.39,--,37,19943,买盘
2904,09:52:49,5.39,--,440,237160,买盘
2905,09:52:43,5.39,--,164,88396,买盘
2906,09:52:40,5.39,0.01,14,7546,买盘
