,time,price,change,volume,amount,type
0,15:00:21,30.4,0.04,4317,13123680,买盘
1,14:57:51,30.36,--,0,0,买盘
2,14:57:03,30.36,--,12,36432,卖盘
3,14:56:57,30.36,--,35,106260,卖盘
4,14:56:54,30.36,--,167,509197,买盘
5,14:56:51,30.36,-0.03,16,48576,卖盘
6,14:56:48,30.39,0.03,228,692892,买盘
7,14:56:42,30.36,0.01,12,36432,买盘
8,14:56:39,30.35,-0.01,10,33263,卖盘
9,14:56:36,30.36,0.01,57,173173,买盘
10,14:56:30,30.35,--,2,6070,卖盘
11,14:56:24,30.35,--,4,12140,卖盘
12,14:56:21,30.35,--,6,18210,卖盘
13,14:56:18,30.35,0.02,248,755593,买盘
14,14:56:15,30.33,--,112,339696,卖盘
15,14:56:12,30.33,0.03,113,342850,买盘
16,14:56:09,30.3,-0.01,512,1552814,卖盘
17,14:56:06,30.31,--,643,1948933,卖盘
18,14:56:03,30.31,-0.01,12,36372,卖盘
19,14:55:57,30.32,--,203,615496,买盘
20,14:55:57,30.32,--,114,345648,买盘
21,14:55:51,30.32,--,14,42448,卖盘
22,14:55:48,30.32,-0.01,39,118248,卖盘
23,14:55:45,30.33,--,155,470115,买盘
24,14:55:42,30.33,0.01,208,630864,买盘
25,14:55:39,30.32,0.01,39,118248,买盘
26,14:55:36,30.31,-0.01,376,1139656,卖盘
27,14:55:33,30.32,--,28,84896,卖盘
28,14:55:30,30.32,--,105,318360,买盘
29,14:55:27,30.32,--,120,363840,卖盘
30,14:55:24,30.32,-0.01,22,66704,卖盘
31,14:55:21,30.33,0.01,100,303300,买盘
32,14:55:18,30.32,-0.01,45,136440,卖盘
33,14:55:12,30.33,0.01,157,476181,买盘
34,14:55:09,30.32,0.01,11,33352,中性盘
35,14:55:06,30.31,-0.01,26,78806,卖盘
36,14:55:03,30.32,--,96,291072,卖盘
37,14:55:00,30.32,--,27,81864,买盘
38,14:54:57,30.32,--,11,33352,买盘
39,14:54:54,30.32,0.01,12,36384,买盘
40,14:54:51,30.31,-0.02,15,48132,卖盘
41,14:54:48,30.33,--,7,21231,买盘
42,14:54:45,30.33,--,64,194112,卖盘
43,14:54:42,30.33,0.01,26,78858,买盘
44,14:54:39,30.32,-0.01,707,2143624,卖盘
45,14:54:36,30.33,--,222,673326,买盘
46,14:54:33,30.33,-0.01,292,885636,卖盘
47,14:54:30,30.34,0.01,28,84952,中性盘
48,14:54:24,30.33,-0.01,132,400356,卖盘
49,14:54:21,30.34,0.01,52,157768,中性盘
50,14:54:18,30.33,--,6,18198,卖盘
51,14:54:15,30.33,-0.02,41,124353,卖盘
52,14:54:06,30.35,--,55,166925,买盘
53,14:54:03,30.35,0.02,232,704120,买盘
54,14:54:00,30.33,--,94,285102,买盘
55,14:53:57,30.33,0.01,11,33363,中性盘
56,14:53:54,30.32,-0.03,44,133408,卖盘
57,14:53:51,30.35,0.02,11,33385,买盘
58,14:53:48,30.33,0.01,32,97056,买盘
59,14:53:45,30.32,-0.05,114,345648,卖盘
60,14:53:42,30.37,0.02,5,15185,买盘
61,14:53:39,30.35,--,21,63735,卖盘
62,14:53:36,30.35,-0.03,235,713225,卖盘
63,14:53:33,30.38,0.01,15,45570,买盘
64,14:53:30,30.37,0.02,6,18222,买盘
65,14:53:27,30.35,-0.02,46,139610,卖盘
66,14:53:24,30.37,-0.01,267,810879,卖盘
67,14:53:18,30.38,--,101,306838,买盘
68,14:53:15,30.38,0.03,5,15190,买盘
69,14:53:12,30.35,--,28,84980,卖盘
70,14:53:09,30.35,-0.02,7,21245,卖盘
71,14:53:06,30.37,0.02,12,36444,买盘
72,14:53:00,30.35,-0.05,10,30350,中性盘
73,14:52:57,30.4,0.01,62,188480,买盘
74,14:52:54,30.39,-0.01,96,291744,中性盘
75,14:52:51,30.4,0.05,73,221920,买盘
76,14:52:48,30.35,-0.05,164,498589,卖盘
77,14:52:45,30.4,--,84,255360,卖盘
78,14:52:42,30.4,--,10,30400,卖盘
79,14:52:39,30.4,--,6,18240,卖盘
80,14:52:36,30.4,--,83,252320,卖盘
81,14:52:33,30.4,--,96,291840,卖盘
82,14:52:30,30.4,--,42,127680,卖盘
83,14:52:27,30.4,0.05,603,1835308,买盘
84,14:52:24,30.35,--,22,66770,买盘
85,14:52:18,30.35,0.02,221,670735,买盘
86,14:52:15,30.33,-0.02,31,94023,中性盘
87,14:52:09,30.35,0.03,104,315640,买盘
88,14:52:06,30.32,-0.01,13,39416,卖盘
89,14:52:03,30.33,-0.02,4,12132,卖盘
90,14:52:00,30.35,-0.01,13,39455,买盘
91,14:51:57,30.36,0.01,76,230736,买盘
92,14:51:54,30.35,-0.01,29,88015,卖盘
93,14:51:48,30.36,0.04,55,166980,买盘
94,14:51:45,30.32,-0.03,89,269848,卖盘
95,14:51:42,30.35,--,4,12140,卖盘
96,14:51:39,30.35,0.03,23,69805,买盘
97,14:51:33,30.32,--,393,1191576,卖盘
98,14:51:30,30.32,0.01,6,18192,卖盘
99,14:51:27,30.31,-0.02,50,151550,卖盘
100,14:51:24,30.33,0.01,101,306333,买盘
101,14:51:18,30.32,--,1,3032,卖盘
102,14:51:15,30.32,0.01,262,794384,买盘
103,14:51:12,30.31,0.01,147,445557,买盘
104,14:51:09,30.3,-0.01,15,45450,卖盘
105,14:51:06,30.31,--,9,27279,买盘
106,14:51:03,30.31,--,17,51527,买盘
107,14:51:00,30.31,0.01,20,60620,买盘
108,14:50:57,30.3,0.01,164,496920,卖盘
109,14:50:54,30.29,-0.02,19,57551,卖盘
110,14:50:51,30.31,0.01,3,9093,买盘
111,14:50:48,30.3,0.01,20,60600,中性盘
112,14:50:42,30.29,-0.02,78,236262,卖盘
113,14:50:39,30.31,--,125,378875,卖盘
114,14:50:36,30.31,--,25,76381,买盘
115,14:50:33,30.31,--,11,33341,买盘
116,14:50:30,30.31,-0.01,138,420702,卖盘
117,14:50:27,30.32,--,310,939920,卖盘
118,14:50:24,30.32,--,149,452374,买盘
119,14:50:18,30.32,--,17,51544,买盘
120,14:50:15,30.32,0.01,342,1039369,买盘
121,14:50:12,30.31,--,31,93961,卖盘
122,14:50:09,30.31,-0.04,37,112147,卖盘
123,14:50:03,30.35,0.04,10,30350,买盘
124,14:50:00,30.31,-0.04,306,927486,卖盘
125,14:49:57,30.35,--,18,54630,买盘
126,14:49:54,30.35,-0.01,977,2965195,卖盘
127,14:49:48,30.36,-0.01,433,1316045,卖盘
128,14:49:45,30.37,--,11,33528,卖盘
129,14:49:42,30.37,--,18,57581,卖盘
130,14:49:39,30.37,0.01,197,599868,买盘
131,14:49:33,30.36,--,21,63756,买盘
132,14:49:30,30.36,--,220,667920,买盘
133,14:49:27,30.36,--,75,227700,买盘
134,14:49:24,30.36,-0.03,215,652740,卖盘
135,14:49:21,30.39,0.02,144,437616,买盘
136,14:49:18,30.37,--,30,91110,买盘
137,14:49:15,30.37,--,29,88073,买盘
138,14:49:12,30.37,--,5,15185,买盘
139,14:49:09,30.37,0.01,1043,3167591,买盘
140,14:49:06,30.36,--,18,54648,卖盘
141,14:49:03,30.36,-0.02,65,197340,卖盘
142,14:49:00,30.38,0.01,16,48608,买盘
143,14:48:57,30.37,0.01,37,112369,买盘
144,14:48:54,30.36,-0.01,12,36432,卖盘
145,14:48:51,30.37,-0.01,156,473772,卖盘
146,14:48:48,30.38,--,6,18228,买盘
147,14:48:42,30.38,--,146,444520,卖盘
148,14:48:39,30.38,--,50,151900,卖盘
149,14:48:36,30.38,-0.02,25,78015,卖盘
150,14:48:33,30.4,--,23,69920,买盘
151,14:48:27,30.4,0.01,23,69920,买盘
152,14:48:24,30.39,-0.01,12,36468,卖盘
153,14:48:21,30.4,-0.01,27,84512,卖盘
154,14:48:18,30.41,--,4,12164,买盘
155,14:48:15,30.41,--,32,97312,买盘
156,14:48:12,30.41,0.01,61,185501,买盘
157,14:48:09,30.4,--,138,419520,卖盘
158,14:48:06,30.4,--,21,63840,卖盘
159,14:48:03,30.4,--,21,63840,卖盘
160,14:48:00,30.4,--,91,276640,卖盘
161,14:47:57,30.4,0.02,182,553888,买盘
162,14:47:54,30.38,-0.01,13,39494,卖盘
163,14:47:51,30.39,0.03,16,48624,买盘
164,14:47:45,30.36,-0.04,91,276276,卖盘
165,14:47:42,30.4,0.01,128,391552,买盘
166,14:47:39,30.39,-0.01,109,331251,卖盘
167,14:47:36,30.4,0.01,37,112480,买盘
168,14:47:33,30.39,-0.01,121,367719,卖盘
169,14:47:30,30.4,--,165,501600,买盘
170,14:47:27,30.4,0.01,19,57760,买盘
171,14:47:21,30.39,--,94,287246,卖盘
172,14:47:15,30.39,--,29,89589,卖盘
173,14:47:12,30.39,-0.01,11,33429,卖盘
174,14:47:09,30.4,--,97,294880,买盘
175,14:47:06,30.4,0.01,14,42560,买盘
176,14:47:03,30.39,-0.01,22,66858,卖盘
177,14:47:00,30.4,0.02,124,377568,买盘
178,14:46:57,30.38,0.02,324,984312,买盘
179,14:46:54,30.36,0.01,9,27324,卖盘
180,14:46:51,30.35,--,87,264045,卖盘
181,14:46:48,30.35,-0.03,11,33385,卖盘
182,14:46:45,30.38,0.03,129,391902,买盘
183,14:46:42,30.35,0.03,106,321710,中性盘
184,14:46:36,30.32,--,10,30320,卖盘
185,14:46:33,30.32,-0.03,61,184952,卖盘
186,14:46:30,30.35,0.04,154,467997,买盘
187,14:46:27,30.31,--,27,81837,卖盘
188,14:46:24,30.31,--,7,21217,卖盘
189,14:46:21,30.31,-0.01,382,1157842,卖盘
190,14:46:18,30.32,0.01,3,9096,买盘
191,14:46:15,30.31,0.01,23,69713,卖盘
192,14:46:09,30.3,-0.01,291,881730,卖盘
193,14:46:06,30.31,--,57,172767,买盘
194,14:46:03,30.31,--,45,136395,买盘
195,14:46:00,30.31,-0.02,13,39403,卖盘
196,14:45:57,30.33,0.01,35,106155,买盘
197,14:45:54,30.32,--,3,9096,买盘
198,14:45:51,30.32,--,117,354744,买盘
199,14:45:48,30.32,0.02,638,1934416,买盘
200,14:45:42,30.3,-0.03,1161,3520254,卖盘
201,14:45:39,30.33,--,95,288135,买盘
202,14:45:36,30.33,0.02,124,376092,买盘
203,14:45:33,30.31,-0.01,48,145488,卖盘
204,14:45:30,30.32,--,211,639752,买盘
205,14:45:27,30.32,-0.01,1,3032,中性盘
206,14:45:24,30.33,--,42,127386,买盘
207,14:45:21,30.33,0.01,198,600534,买盘
208,14:45:15,30.32,0.02,52,157664,中性盘
209,14:45:12,30.3,--,89,269670,卖盘
210,14:45:09,30.3,--,66,199980,卖盘
211,14:45:06,30.3,--,41,124230,卖盘
212,14:45:00,30.3,-0.02,101,306030,卖盘
213,14:44:57,30.32,0.02,16,48512,卖盘
214,14:44:54,30.3,--,53,161196,买盘
215,14:44:51,30.3,-0.02,204,620544,卖盘
216,14:44:48,30.32,--,37,112184,买盘
217,14:44:45,30.32,0.02,44,133408,买盘
218,14:44:39,30.3,-0.02,101,306030,卖盘
219,14:44:36,30.32,0.02,156,473598,买盘
220,14:44:33,30.3,--,6,18180,卖盘
221,14:44:30,30.3,--,89,269670,卖盘
222,14:44:27,30.3,--,15,45450,卖盘
223,14:44:24,30.3,-0.02,566,1714980,卖盘
224,14:44:18,30.32,--,1,3032,买盘
225,14:44:15,30.32,0.02,41,124312,买盘
226,14:44:12,30.3,0.01,270,818100,买盘
227,14:44:06,30.29,--,60,181740,卖盘
228,14:44:03,30.29,--,107,324103,卖盘
229,14:44:00,30.29,-0.01,36,109044,买盘
230,14:43:54,30.3,0.01,37,112110,买盘
231,14:43:51,30.29,-0.01,345,1045005,卖盘
232,14:43:48,30.3,--,85,257550,买盘
233,14:43:45,30.3,--,27,81810,买盘
234,14:43:42,30.3,0.01,49,148470,买盘
235,14:43:39,30.29,--,34,104803,卖盘
236,14:43:36,30.29,-0.01,66,199914,卖盘
237,14:43:33,30.3,--,7,21210,买盘
238,14:43:30,30.3,0.01,290,878700,买盘
239,14:43:27,30.29,-0.01,349,1057121,卖盘
240,14:43:24,30.3,--,44,133320,买盘
241,14:43:21,30.3,--,49,148470,买盘
242,14:43:18,30.3,-0.03,741,2247654,卖盘
243,14:43:15,30.33,0.01,18,54594,买盘
244,14:43:12,30.32,0.02,99,300168,卖盘
245,14:43:09,30.3,-0.01,18,54540,卖盘
246,14:43:06,30.31,0.01,13,39403,中性盘
247,14:43:03,30.3,-0.02,101,306030,卖盘
248,14:43:00,30.32,0.01,43,130982,买盘
249,14:42:53,30.31,0.01,100,303100,中性盘
250,14:42:50,30.3,-0.02,87,263610,卖盘
251,14:42:47,30.32,0.02,20,60640,买盘
252,14:42:41,30.3,--,11,33330,卖盘
253,14:42:38,30.3,-0.01,119,360570,卖盘
254,14:42:35,30.31,0.03,181,548611,买盘
255,14:42:32,30.28,-0.02,29,87812,卖盘
256,14:42:29,30.3,--,16,48480,买盘
257,14:42:26,30.3,-0.01,481,1457430,卖盘
258,14:42:23,30.31,--,23,69713,买盘
259,14:42:20,30.31,--,53,160643,买盘
260,14:42:17,30.31,0.01,25,75775,买盘
261,14:42:14,30.3,--,72,218160,卖盘
262,14:42:11,30.3,--,151,457530,卖盘
263,14:42:08,30.3,-0.01,3,9090,卖盘
264,14:42:05,30.31,0.01,181,548611,买盘
265,14:42:02,30.3,--,98,296940,卖盘
266,14:41:59,30.3,--,4,12120,卖盘
267,14:41:56,30.3,-0.01,113,344814,卖盘
268,14:41:50,30.31,--,16,48496,卖盘
269,14:41:47,30.31,0.01,272,824432,买盘
270,14:41:44,30.3,--,106,321180,卖盘
271,14:41:41,30.3,--,590,1787700,卖盘
272,14:41:35,30.3,--,4,12120,卖盘
273,14:41:32,30.3,0.01,972,2945766,买盘
274,14:41:29,30.29,0.01,6,18174,买盘
275,14:41:26,30.28,--,81,245268,卖盘
276,14:41:23,30.28,-0.02,127,384556,卖盘
277,14:41:20,30.3,--,15,45450,买盘
278,14:41:17,30.3,--,27,81810,买盘
279,14:41:14,30.3,--,9,27270,买盘
280,14:41:11,30.3,--,32,96960,买盘
281,14:41:08,30.3,--,97,293910,买盘
282,14:41:05,30.3,--,12,36360,买盘
283,14:41:02,30.3,-0.02,871,2641554,卖盘
284,14:40:56,30.32,--,35,106120,买盘
285,14:40:53,30.32,--,20,60640,买盘
286,14:40:50,30.32,0.01,3,9096,买盘
287,14:40:47,30.31,-0.01,22,66682,卖盘
288,14:40:44,30.32,--,161,488152,卖盘
289,14:40:41,30.32,--,110,333520,卖盘
290,14:40:38,30.32,-0.01,16,48512,卖盘
291,14:40:35,30.33,--,24,72792,中性盘
292,14:40:32,30.33,-0.01,2,6066,买盘
293,14:40:26,30.34,0.04,4,12136,买盘
294,14:40:23,30.3,-0.01,5,15150,卖盘
295,14:40:20,30.31,-0.02,127,384937,卖盘
296,14:40:14,30.33,0.02,17,52167,买盘
297,14:40:11,30.31,-0.02,220,669244,卖盘
298,14:40:08,30.33,--,203,615699,卖盘
299,14:40:05,30.33,--,12,36396,卖盘
300,14:40:02,30.33,--,147,445851,卖盘
301,14:39:56,30.33,--,2,6066,卖盘
302,14:39:53,30.33,0.03,348,1056090,买盘
303,14:39:50,30.3,--,143,433290,卖盘
304,14:39:47,30.3,-0.02,136,412080,卖盘
305,14:39:44,30.32,0.02,207,627624,买盘
306,14:39:41,30.3,--,66,199980,卖盘
307,14:39:38,30.3,--,31,93930,卖盘
308,14:39:35,30.3,-0.01,385,1166550,卖盘
309,14:39:32,30.31,--,43,130333,买盘
310,14:39:29,30.31,-0.01,30,90930,中性盘
311,14:39:26,30.32,--,3,9096,买盘
312,14:39:23,30.32,0.01,43,130376,买盘
313,14:39:17,30.31,-0.02,14,42434,卖盘
314,14:39:11,30.33,0.02,29,87957,买盘
315,14:39:08,30.31,-0.01,112,339472,卖盘
316,14:39:05,30.32,--,38,115216,卖盘
317,14:39:02,30.32,0.02,11,33352,中性盘
318,14:38:59,30.3,--,1099,3329970,卖盘
319,14:38:53,30.3,-0.01,23,69690,卖盘
320,14:38:50,30.31,0.01,129,390999,买盘
321,14:38:44,30.3,-0.01,16,48480,卖盘
322,14:38:41,30.31,0.01,159,481929,买盘
323,14:38:38,30.3,--,302,915060,买盘
324,14:38:32,30.3,--,148,448440,买盘
325,14:38:29,30.3,--,7,21210,买盘
326,14:38:26,30.3,0.02,80,242400,买盘
327,14:38:20,30.28,-0.02,140,423920,卖盘
328,14:38:17,30.3,0.01,6,18180,买盘
329,14:38:14,30.29,--,9,27261,买盘
330,14:38:08,30.29,--,106,321074,买盘
331,14:38:05,30.29,--,15,45435,买盘
332,14:38:02,30.29,--,28,84812,买盘
333,14:37:59,30.29,0.03,114,345306,买盘
334,14:37:56,30.26,-0.02,14,42364,卖盘
335,14:37:53,30.28,0.02,7,21196,买盘
336,14:37:50,30.26,-0.01,109,329834,卖盘
337,14:37:47,30.27,0.01,14,42378,中性盘
338,14:37:44,30.26,0.01,15,45390,买盘
339,14:37:41,30.25,-0.01,88,266200,卖盘
340,14:37:38,30.26,0.01,14,42364,买盘
341,14:37:35,30.25,--,12,36300,卖盘
342,14:37:32,30.25,--,126,381150,买盘
343,14:37:29,30.25,0.01,1,3025,买盘
344,14:37:26,30.24,0.01,153,462672,中性盘
345,14:37:20,30.23,-0.01,106,320438,卖盘
346,14:37:17,30.24,--,123,371952,买盘
347,14:37:14,30.24,0.01,115,347760,买盘
348,14:37:11,30.23,-0.01,117,353691,卖盘
349,14:37:08,30.24,0.01,18,54432,买盘
350,14:37:02,30.23,0.01,286,865484,买盘
351,14:36:59,30.22,-0.01,115,347530,卖盘
352,14:36:56,30.23,--,5,15115,买盘
353,14:36:53,30.23,0.02,33,99759,买盘
354,14:36:50,30.21,-0.02,89,268869,卖盘
355,14:36:47,30.23,--,60,181380,买盘
356,14:36:44,30.23,0.01,5,15115,买盘
357,14:36:41,30.22,-0.01,250,757615,卖盘
358,14:36:38,30.23,0.01,112,338576,中性盘
359,14:36:35,30.22,--,10,30220,卖盘
360,14:36:32,30.22,--,133,401926,买盘
361,14:36:26,30.22,0.01,58,175276,买盘
362,14:36:23,30.21,-0.03,2,6042,卖盘
363,14:36:20,30.24,0.02,121,365904,买盘
364,14:36:17,30.22,-0.02,46,139012,卖盘
365,14:36:14,30.24,--,8,24192,买盘
366,14:36:11,30.24,0.02,29,88603,买盘
367,14:36:05,30.22,0.02,10,30220,买盘
368,14:36:02,30.2,-0.03,822,2484554,卖盘
369,14:35:59,30.23,-0.01,19,57437,卖盘
370,14:35:53,30.24,-0.01,25,75600,卖盘
371,14:35:50,30.25,0.04,164,496100,买盘
372,14:35:47,30.21,-0.03,8,24168,卖盘
373,14:35:44,30.24,0.03,55,166320,中性盘
374,14:35:41,30.21,-0.04,71,214491,卖盘
375,14:35:38,30.25,0.01,10,30250,买盘
376,14:35:35,30.24,--,13,39312,卖盘
377,14:35:32,30.24,0.04,33,100699,买盘
378,14:35:29,30.2,--,80,241600,买盘
379,14:35:26,30.2,--,40,120800,买盘
380,14:35:23,30.2,--,10,30200,买盘
381,14:35:20,30.2,--,17,51340,买盘
382,14:35:17,30.2,--,5,15100,买盘
383,14:35:14,30.2,--,21,63420,买盘
384,14:35:11,30.2,-0.01,900,2720114,卖盘
385,14:35:08,30.21,-0.07,400,1208400,卖盘
386,14:35:05,30.28,0.03,6,18168,买盘
387,14:35:02,30.25,--,20,60500,卖盘
388,14:34:59,30.25,0.01,33,99825,中性盘
389,14:34:53,30.24,-0.04,66,199584,卖盘
390,14:34:50,30.28,0.04,37,112036,买盘
391,14:34:44,30.24,-0.04,5,15120,卖盘
392,14:34:41,30.28,0.04,20,60560,买盘
393,14:34:38,30.24,-0.05,34,102816,卖盘
394,14:34:35,30.29,0.02,10,30290,买盘
395,14:34:32,30.27,-0.01,69,208863,卖盘
396,14:34:29,30.28,-0.01,147,445116,卖盘
397,14:34:26,30.29,--,15,45435,买盘
398,14:34:20,30.29,0.04,406,1230682,买盘
399,14:34:17,30.25,-0.02,569,1721225,卖盘
400,14:34:14,30.27,-0.01,99,301791,卖盘
401,14:34:08,30.28,-0.01,351,1062828,卖盘
402,14:34:02,30.29,--,100,302900,卖盘
403,14:33:59,30.29,--,4,12116,卖盘
404,14:33:56,30.29,--,15,45435,卖盘
405,14:33:53,30.29,-0.01,96,290784,卖盘
406,14:33:50,30.3,--,7,21210,买盘
407,14:33:47,30.3,0.01,24,72720,买盘
408,14:33:44,30.29,--,175,530075,买盘
409,14:33:38,30.29,-0.01,51,154479,卖盘
410,14:33:35,30.3,0.02,89,269670,买盘
411,14:33:29,30.28,-0.02,119,360332,卖盘
412,14:33:26,30.3,--,139,421170,买盘
413,14:33:23,30.3,--,45,136350,买盘
414,14:33:20,30.3,-0.02,516,1563480,中性盘
415,14:33:17,30.32,0.02,27,81864,买盘
416,14:33:14,30.3,0.02,308,934936,买盘
417,14:33:11,30.28,0.01,120,365600,买盘
418,14:33:08,30.27,-0.02,142,430621,卖盘
419,14:33:05,30.29,0.01,767,2323243,买盘
420,14:33:02,30.28,--,34,102952,买盘
421,14:32:59,30.28,0.01,52,157456,中性盘
422,14:32:56,30.27,-0.02,1060,3208620,卖盘
423,14:32:53,30.29,0.01,7,21203,买盘
424,14:32:50,30.28,-0.01,106,320968,卖盘
425,14:32:47,30.29,--,26,78754,买盘
426,14:32:41,30.29,--,155,469495,买盘
427,14:32:38,30.29,--,48,145392,买盘
428,14:32:35,30.29,--,40,121160,买盘
429,14:32:29,30.29,0.01,147,445263,买盘
430,14:32:26,30.28,-0.01,38,115064,卖盘
431,14:32:23,30.29,0.01,15,45435,卖盘
432,14:32:17,30.28,-0.01,116,351248,卖盘
433,14:32:14,30.29,--,182,551278,卖盘
434,14:32:08,30.29,0.03,145,441446,买盘
435,14:32:05,30.26,-0.01,25,75650,卖盘
436,14:32:02,30.27,-0.02,64,194515,卖盘
437,14:31:59,30.29,0.01,517,1565993,买盘
438,14:31:56,30.28,--,21,63588,买盘
439,14:31:53,30.28,0.01,10,30280,卖盘
440,14:31:50,30.27,-0.02,87,263349,卖盘
441,14:31:47,30.29,0.01,19,57551,买盘
442,14:31:44,30.28,--,175,529900,买盘
443,14:31:38,30.28,0.01,145,439060,买盘
444,14:31:35,30.27,-0.01,105,317835,卖盘
445,14:31:32,30.28,0.01,149,451172,买盘
446,14:31:29,30.27,--,77,235318,买盘
447,14:31:26,30.27,--,8,24216,买盘
448,14:31:20,30.27,--,30,90810,买盘
449,14:31:17,30.27,--,21,63567,买盘
450,14:31:14,30.27,0.01,521,1577067,买盘
451,14:31:11,30.26,--,12,36312,卖盘
452,14:31:08,30.26,--,15,45390,卖盘
453,14:31:05,30.26,0.01,28,84728,卖盘
454,14:30:59,30.25,-0.01,32,96800,卖盘
455,14:30:56,30.26,--,58,175508,买盘
456,14:30:53,30.26,-0.01,432,1309531,卖盘
457,14:30:50,30.27,0.01,75,227025,买盘
458,14:30:47,30.26,--,76,229976,卖盘
459,14:30:41,30.26,--,88,266288,卖盘
460,14:30:38,30.26,-0.02,46,139196,卖盘
461,14:30:35,30.28,--,113,342164,买盘
462,14:30:32,30.28,0.01,28,84784,买盘
463,14:30:29,30.27,-0.01,35,105945,卖盘
464,14:30:26,30.28,--,97,293716,买盘
465,14:30:23,30.28,--,23,69644,买盘
466,14:30:20,30.28,0.02,46,139288,买盘
467,14:30:14,30.26,-0.02,39,119284,卖盘
468,14:30:11,30.28,--,32,96896,买盘
469,14:30:08,30.28,0.01,63,190764,买盘
470,14:30:05,30.27,-0.01,70,211890,卖盘
471,14:30:02,30.28,--,221,671670,买盘
472,14:29:59,30.28,--,1,3028,买盘
473,14:29:56,30.28,--,5,15140,买盘
474,14:29:53,30.28,--,235,711580,买盘
475,14:29:50,30.28,-0.02,518,1570018,卖盘
476,14:29:47,30.3,--,129,390870,买盘
477,14:29:41,30.3,--,508,1539240,买盘
478,14:29:38,30.3,0.01,21,65145,买盘
479,14:29:35,30.29,--,8,24232,卖盘
480,14:29:32,30.29,-0.01,14,42406,卖盘
481,14:29:29,30.3,--,202,612060,买盘
482,14:29:26,30.3,0.01,367,1112010,买盘
483,14:29:23,30.29,--,632,1914328,买盘
484,14:29:17,30.29,--,55,166595,买盘
485,14:29:14,30.29,-0.01,5,15145,中性盘
486,14:29:11,30.3,--,32,96960,买盘
487,14:29:08,30.3,--,9,27270,买盘
488,14:29:02,30.3,0.02,64,193920,买盘
489,14:28:59,30.28,--,152,460256,买盘
490,14:28:56,30.28,--,35,105980,买盘
491,14:28:53,30.28,-0.04,220,666160,卖盘
492,14:28:50,30.32,0.02,110,333520,买盘
493,14:28:47,30.3,--,70,212100,买盘
494,14:28:44,30.3,--,153,466074,卖盘
495,14:28:41,30.3,--,31,94475,买盘
496,14:28:38,30.3,--,427,1293810,买盘
497,14:28:35,30.3,--,245,742350,买盘
498,14:28:32,30.3,0.01,164,496920,买盘
499,14:28:26,30.29,-0.01,217,659776,卖盘
500,14:28:23,30.3,-0.03,5,15150,卖盘
501,14:28:20,30.33,0.03,41,124353,买盘
502,14:28:17,30.3,--,689,2088215,买盘
503,14:28:14,30.3,--,214,648420,买盘
504,14:28:11,30.3,--,57,172710,买盘
505,14:28:08,30.3,--,1150,3484984,买盘
506,14:27:59,30.3,--,135,409050,买盘
507,14:27:53,30.3,0.01,68,206040,买盘
508,14:27:50,30.29,--,107,326586,卖盘
509,14:27:47,30.29,--,186,563939,卖盘
510,14:27:41,30.29,--,28,84812,买盘
511,14:27:35,30.29,--,20,60580,买盘
512,14:27:32,30.29,0.01,13,39377,买盘
513,14:27:29,30.28,--,49,148372,买盘
514,14:27:23,30.28,--,34,102952,买盘
515,14:27:20,30.28,0.01,11,33308,买盘
516,14:27:17,30.27,-0.03,601,1819227,卖盘
517,14:27:11,30.3,0.01,197,596910,买盘
518,14:27:08,30.29,-0.01,22,66638,中性盘
519,14:27:05,30.3,--,130,393900,买盘
520,14:27:02,30.3,--,30,90900,买盘
521,14:26:59,30.3,--,72,218160,买盘
522,14:26:56,30.3,--,77,233310,买盘
523,14:26:53,30.3,-0.01,416,1260480,卖盘
524,14:26:50,30.31,-0.01,662,2006522,中性盘
525,14:26:47,30.32,0.04,61,184952,买盘
526,14:26:41,30.28,-0.03,37,112036,卖盘
527,14:26:38,30.31,0.01,43,130333,买盘
528,14:26:35,30.3,0.02,5,15150,买盘
529,14:26:32,30.28,-0.02,17,51476,卖盘
530,14:26:29,30.3,--,107,326937,买盘
531,14:26:26,30.3,0.05,1083,3281490,买盘
532,14:26:23,30.25,--,160,484000,买盘
533,14:26:20,30.25,0.01,95,287375,买盘
534,14:26:17,30.24,-0.01,396,1197504,卖盘
535,14:26:14,30.25,--,6,18150,卖盘
536,14:26:11,30.25,-0.03,17,51425,卖盘
537,14:26:08,30.28,0.03,35,105980,买盘
538,14:26:05,30.25,0.04,769,2326225,买盘
539,14:25:59,30.21,-0.04,31,93651,卖盘
540,14:25:56,30.25,--,74,223850,买盘
541,14:25:53,30.25,--,73,220825,买盘
542,14:25:50,30.25,0.05,300,907802,买盘
543,14:25:47,30.2,--,302,912040,买盘
544,14:25:44,30.2,-0.04,445,1346618,卖盘
545,14:25:37,30.24,-0.01,13,39312,中性盘
546,14:25:34,30.25,0.04,1394,4216850,买盘
547,14:25:31,30.21,--,99,299079,卖盘
548,14:25:28,30.21,-0.03,56,169176,卖盘
549,14:25:25,30.24,--,43,130032,卖盘
550,14:25:22,30.24,0.04,273,825854,买盘
551,14:25:16,30.2,--,184,555680,买盘
552,14:25:13,30.2,-0.01,218,658360,卖盘
553,14:25:10,30.21,0.01,258,779418,买盘
554,14:25:07,30.2,0.01,181,546620,买盘
555,14:25:04,30.19,--,150,452850,卖盘
556,14:25:01,30.19,-0.01,191,576629,卖盘
557,14:24:58,30.2,0.01,35,105700,买盘
558,14:24:55,30.19,0.01,26,78494,中性盘
559,14:24:52,30.18,--,177,536238,卖盘
560,14:24:49,30.18,-0.01,250,754500,卖盘
561,14:24:46,30.19,0.01,994,3000886,买盘
562,14:24:43,30.18,-0.01,108,325944,卖盘
563,14:24:40,30.19,--,35,105665,买盘
564,14:24:37,30.19,0.02,62,187178,买盘
565,14:24:34,30.17,-0.01,49,147833,卖盘
566,14:24:28,30.18,--,62,187116,买盘
567,14:24:25,30.18,--,21,63378,买盘
568,14:24:22,30.18,--,82,247476,买盘
569,14:24:19,30.18,-0.01,90,271620,卖盘
570,14:24:16,30.19,--,40,120760,买盘
571,14:24:13,30.19,--,12,36228,买盘
572,14:24:10,30.19,0.01,83,250577,买盘
573,14:24:04,30.18,0.01,34,104422,卖盘
574,14:24:01,30.17,-0.02,77,232309,卖盘
575,14:23:58,30.19,--,49,147931,卖盘
576,14:23:55,30.19,0.02,108,327259,买盘
577,14:23:52,30.17,0.05,22,66374,中性盘
578,14:23:49,30.12,-0.07,1267,3816746,卖盘
579,14:23:46,30.19,0.01,48,144912,买盘
580,14:23:43,30.18,--,77,232386,卖盘
581,14:23:40,30.18,-0.01,85,256530,卖盘
582,14:23:37,30.19,0.01,74,223406,买盘
583,14:23:34,30.18,--,130,392340,买盘
584,14:23:31,30.18,0.02,267,805806,买盘
585,14:23:28,30.16,-0.02,278,838448,卖盘
586,14:23:25,30.18,-0.01,148,446664,卖盘
587,14:23:22,30.19,0.01,154,464926,买盘
588,14:23:16,30.18,-0.01,33,99594,卖盘
589,14:23:13,30.19,0.02,91,274729,买盘
590,14:23:10,30.17,-0.01,68,205156,卖盘
591,14:23:07,30.18,-0.01,76,229368,中性盘
592,14:23:01,30.19,--,55,166045,买盘
593,14:22:58,30.19,--,47,141893,买盘
594,14:22:55,30.19,--,62,187178,卖盘
595,14:22:52,30.19,--,246,742674,中性盘
596,14:22:49,30.19,--,29,87551,卖盘
597,14:22:46,30.19,-0.01,64,193216,卖盘
598,14:22:43,30.2,--,55,166100,买盘
599,14:22:40,30.2,--,127,383540,卖盘
600,14:22:37,30.2,-0.01,476,1437520,卖盘
601,14:22:34,30.21,0.01,59,178239,买盘
602,14:22:31,30.2,--,145,437900,卖盘
603,14:22:28,30.2,--,50,151000,卖盘
604,14:22:25,30.2,0.02,11,33220,买盘
605,14:22:22,30.18,-0.02,58,175044,卖盘
606,14:22:19,30.2,--,101,305020,买盘
607,14:22:16,30.2,--,27,81540,买盘
608,14:22:10,30.2,--,24,72480,买盘
609,14:22:07,30.2,--,43,129860,买盘
610,14:22:04,30.2,-0.03,1356,4095120,卖盘
611,14:22:01,30.23,-0.02,603,1822869,卖盘
612,14:21:55,30.25,--,65,196625,买盘
613,14:21:52,30.25,--,267,810095,卖盘
614,14:21:49,30.25,-0.03,720,2178000,卖盘
615,14:21:43,30.28,0.01,12,36336,中性盘
616,14:21:40,30.27,-0.02,778,2355006,卖盘
617,14:21:34,30.29,0.01,29,87841,中性盘
618,14:21:31,30.28,-0.02,212,641936,卖盘
619,14:21:25,30.3,--,25,75750,买盘
620,14:21:22,30.3,0.01,57,172710,买盘
621,14:21:19,30.29,0.01,96,290784,卖盘
622,14:21:13,30.28,-0.02,41,124148,卖盘
623,14:21:10,30.3,0.01,67,203010,买盘
624,14:21:07,30.29,-0.01,22,66638,中性盘
625,14:21:01,30.3,--,267,809010,买盘
626,14:20:58,30.3,--,21,63630,买盘
627,14:20:55,30.3,--,8,24240,买盘
628,14:20:52,30.3,0.01,176,533280,买盘
629,14:20:49,30.29,-0.01,720,2180880,卖盘
630,14:20:46,30.3,--,53,160590,买盘
631,14:20:43,30.3,--,47,142410,买盘
632,14:20:40,30.3,--,206,624180,卖盘
633,14:20:37,30.3,-0.01,68,206040,卖盘
634,14:20:34,30.31,--,112,339472,买盘
635,14:20:31,30.31,0.01,43,130333,买盘
636,14:20:28,30.3,--,58,175740,卖盘
637,14:20:22,30.3,--,6,18180,卖盘
638,14:20:19,30.3,0.01,16,48480,卖盘
639,14:20:16,30.29,--,368,1114672,卖盘
640,14:20:13,30.29,-0.01,57,172653,卖盘
641,14:20:10,30.3,0.01,42,127260,买盘
642,14:20:07,30.29,-0.01,17,51493,卖盘
643,14:20:04,30.3,--,14,42420,买盘
644,14:20:01,30.3,0.01,24,72720,买盘
645,14:19:52,30.29,--,61,184769,买盘
646,14:19:49,30.29,--,128,387712,买盘
647,14:19:46,30.29,--,22,66638,买盘
648,14:19:43,30.29,--,40,121160,买盘
649,14:19:40,30.29,-0.01,407,1232803,卖盘
650,14:19:37,30.3,--,1,3030,买盘
651,14:19:34,30.3,0.01,22,66660,买盘
652,14:19:31,30.29,--,22,66638,卖盘
653,14:19:28,30.29,--,7,21203,卖盘
654,14:19:25,30.29,--,41,124189,中性盘
655,14:19:22,30.29,--,207,627003,买盘
656,14:19:19,30.29,-0.01,47,142363,中性盘
657,14:19:16,30.3,--,21,63630,买盘
658,14:19:13,30.3,--,763,2311890,买盘
659,14:19:07,30.3,--,1,3030,买盘
660,14:19:04,30.3,--,26,78780,买盘
661,14:19:01,30.3,--,33,99990,买盘
662,14:18:58,30.3,0.01,83,251490,买盘
663,14:18:52,30.29,0.01,216,654264,买盘
664,14:18:49,30.28,-0.02,80,242240,卖盘
665,14:18:43,30.3,--,62,187860,买盘
666,14:18:40,30.3,0.02,4,12120,买盘
667,14:18:37,30.28,-0.01,64,193792,卖盘
668,14:18:34,30.29,-0.01,184,557336,卖盘
669,14:18:31,30.3,0.01,38,115140,买盘
670,14:18:28,30.29,0.01,305,924935,中性盘
671,14:18:25,30.28,-0.01,107,323996,卖盘
672,14:18:22,30.29,0.01,161,487669,买盘
673,14:18:19,30.28,-0.01,90,272520,卖盘
674,14:18:16,30.29,--,59,178711,卖盘
675,14:18:10,30.29,--,31,93899,卖盘
676,14:18:07,30.29,-0.01,2,6058,卖盘
677,14:18:04,30.3,0.01,37,112110,买盘
678,14:17:58,30.29,-0.01,13,39377,中性盘
679,14:17:55,30.3,0.01,139,421170,买盘
680,14:17:52,30.29,-0.01,24,72696,卖盘
681,14:17:49,30.3,0.01,179,542370,买盘
682,14:17:43,30.29,--,92,278668,买盘
683,14:17:40,30.29,-0.01,410,1241890,卖盘
684,14:17:37,30.3,--,128,387840,买盘
685,14:17:31,30.3,--,112,339360,买盘
686,14:17:28,30.3,0.01,2,6060,买盘
687,14:17:25,30.29,-0.01,40,121160,卖盘
688,14:17:22,30.3,--,26,78780,卖盘
689,14:17:19,30.3,--,22,66660,买盘
690,14:17:16,30.3,--,19,57570,买盘
691,14:17:13,30.3,0.01,54,163620,买盘
692,14:17:10,30.29,--,131,396799,卖盘
693,14:17:04,30.29,-0.01,638,1932502,卖盘
694,14:17:01,30.3,0.01,73,221190,买盘
695,14:16:58,30.29,-0.01,117,354393,卖盘
696,14:16:55,30.3,--,404,1224120,买盘
697,14:16:49,30.3,--,110,333300,买盘
698,14:16:46,30.3,--,333,1008990,买盘
699,14:16:43,30.3,--,388,1175640,买盘
700,14:16:40,30.3,--,331,1002930,买盘
701,14:16:34,30.3,--,672,2036160,买盘
702,14:16:28,30.3,0.01,320,969600,买盘
703,14:16:22,30.29,-0.01,120,363480,卖盘
704,14:16:19,30.3,--,87,263610,买盘
705,14:16:16,30.3,--,67,203010,买盘
706,14:16:13,30.3,--,136,412080,买盘
707,14:16:10,30.3,--,625,1893750,卖盘
708,14:16:07,30.3,--,1036,3139080,卖盘
709,14:16:04,30.3,0.01,594,1802365,买盘
710,14:16:01,30.29,-0.01,563,1705327,卖盘
711,14:15:58,30.3,--,147,445410,买盘
712,14:15:55,30.3,--,152,460560,买盘
713,14:15:52,30.3,--,317,960510,买盘
714,14:15:49,30.3,--,107,324210,买盘
715,14:15:46,30.3,--,720,2181600,买盘
716,14:15:43,30.3,--,455,1378650,买盘
717,14:15:40,30.3,--,103,312090,买盘
718,14:15:37,30.3,--,165,499950,买盘
719,14:15:34,30.3,--,47,142410,买盘
720,14:15:31,30.3,--,99,299970,买盘
721,14:15:28,30.3,--,226,684780,买盘
722,14:15:25,30.3,--,80,242400,买盘
723,14:15:19,30.3,-0.01,701,2124030,卖盘
724,14:15:16,30.31,0.01,409,1239679,买盘
725,14:15:10,30.3,--,377,1142310,买盘
726,14:15:07,30.3,--,490,1484700,买盘
727,14:15:04,30.3,--,62,187860,买盘
728,14:15:01,30.3,-0.01,784,2375520,卖盘
729,14:14:58,30.31,0.02,625,1894375,买盘
730,14:14:55,30.29,-0.01,706,2138474,卖盘
731,14:14:49,30.3,--,1605,4863150,买盘
732,14:14:46,30.3,--,156,472680,买盘
733,14:14:43,30.3,--,58,175740,买盘
734,14:14:40,30.3,--,53,160590,买盘
735,14:14:37,30.3,--,264,799920,买盘
736,14:14:34,30.3,0.02,874,2648220,买盘
737,14:14:31,30.28,-0.02,1059,3206652,卖盘
738,14:14:28,30.3,--,203,615090,卖盘
739,14:14:25,30.3,--,38,115140,卖盘
740,14:14:22,30.3,-0.03,1233,3735990,卖盘
741,14:14:19,30.33,0.04,121,366993,买盘
742,14:14:16,30.29,-0.01,89,269581,卖盘
743,14:14:10,30.3,--,51,154530,买盘
744,14:14:07,30.3,0.01,399,1208970,买盘
745,14:14:04,30.29,--,636,1926444,买盘
746,14:14:01,30.29,--,184,557336,买盘
747,14:13:58,30.29,-0.01,1276,3865004,卖盘
748,14:13:55,30.3,--,157,475710,买盘
749,14:13:52,30.3,--,194,587820,买盘
750,14:13:49,30.3,-0.01,819,2481570,卖盘
751,14:13:46,30.31,-0.02,49,148519,卖盘
752,14:13:43,30.33,--,125,379125,买盘
753,14:13:40,30.33,--,300,909900,买盘
754,14:13:37,30.33,--,2188,6636567,卖盘
755,14:13:22,30.33,--,576,1747008,卖盘
756,14:13:19,30.33,0.03,79,239607,买盘
757,14:13:16,30.3,--,66,199980,卖盘
758,14:13:13,30.3,--,212,642360,卖盘
759,14:13:10,30.3,0.01,152,460560,买盘
760,14:13:07,30.29,--,348,1054092,买盘
761,14:13:01,30.29,-0.01,830,2514070,卖盘
762,14:12:58,30.3,--,709,2148270,买盘
763,14:12:55,30.3,--,20,60600,买盘
764,14:12:52,30.3,--,65,196950,买盘
765,14:12:49,30.3,--,27,81810,买盘
766,14:12:46,30.3,-0.04,1136,3442080,卖盘
767,14:12:43,30.34,-0.01,73,221482,卖盘
768,14:12:40,30.35,--,4,12140,买盘
769,14:12:37,30.35,--,11,33385,买盘
770,14:12:34,30.35,--,21,63735,买盘
771,14:12:31,30.35,-0.03,824,2500840,卖盘
772,14:12:28,30.38,--,42,127596,卖盘
773,14:12:25,30.38,-0.01,32,97216,卖盘
774,14:12:22,30.39,-0.01,9,27351,卖盘
775,14:12:19,30.4,0.05,23,69920,买盘
776,14:12:16,30.35,-0.01,738,2239830,卖盘
777,14:12:13,30.36,-0.04,752,2283072,卖盘
778,14:12:10,30.4,0.01,64,194560,买盘
779,14:12:07,30.39,-0.01,84,255276,卖盘
780,14:12:01,30.4,--,47,142880,买盘
781,14:11:58,30.4,0.01,125,380000,买盘
782,14:11:52,30.39,--,84,255276,卖盘
783,14:11:49,30.39,-0.01,19,57741,卖盘
784,14:11:46,30.4,0.01,63,191520,买盘
785,14:11:43,30.39,-0.01,711,2160729,卖盘
786,14:11:28,30.4,--,160,486400,买盘
787,14:11:28,30.4,--,89,270560,买盘
788,14:11:25,30.4,--,590,1796275,卖盘
789,14:11:22,30.4,--,5,15200,卖盘
790,14:11:19,30.4,--,31,94240,卖盘
791,14:11:16,30.4,--,190,577964,买盘
792,14:11:13,30.4,--,39,118560,买盘
793,14:11:10,30.4,--,56,170240,买盘
794,14:11:07,30.4,--,101,307040,买盘
795,14:11:04,30.4,--,25,76000,买盘
796,14:11:01,30.4,--,11,33440,买盘
797,14:10:58,30.4,-0.02,657,1999955,卖盘
798,14:10:52,30.42,-0.01,17,51714,卖盘
799,14:10:49,30.43,0.02,5,15215,中性盘
800,14:10:43,30.41,-0.03,50,152050,卖盘
801,14:10:40,30.44,--,11,33484,买盘
802,14:10:37,30.44,--,15,45660,买盘
803,14:10:34,30.44,0.03,553,1683332,卖盘
804,14:10:31,30.41,-0.03,18,54738,卖盘
805,14:10:28,30.44,0.04,12,36528,买盘
806,14:10:25,30.4,--,41,124640,卖盘
807,14:10:22,30.4,--,64,194560,卖盘
808,14:10:19,30.4,--,42,127680,卖盘
809,14:10:16,30.4,0.02,286,869804,买盘
810,14:10:13,30.38,--,32,97216,买盘
811,14:10:10,30.38,--,55,167090,买盘
812,14:10:07,30.38,-0.02,81,246078,中性盘
813,14:10:04,30.4,--,287,872480,买盘
814,14:10:01,30.4,--,71,215840,买盘
815,14:09:58,30.4,--,37,112480,买盘
816,14:09:55,30.4,--,30,91200,买盘
817,14:09:52,30.4,--,49,148960,买盘
818,14:09:49,30.4,-0.05,500,1522675,卖盘
819,14:09:46,30.45,--,2,6455,买盘
820,14:09:43,30.45,0.05,72,219240,买盘
821,14:09:40,30.4,-0.05,2190,6657600,卖盘
822,14:09:34,30.45,--,1016,3093720,买盘
823,14:09:31,30.45,--,122,371490,买盘
824,14:09:25,30.45,-0.02,688,2097639,卖盘
825,14:09:22,30.47,0.02,20,60940,买盘
826,14:09:19,30.45,--,251,764660,买盘
827,14:09:16,30.45,--,139,423255,买盘
828,14:09:13,30.45,--,30,91350,买盘
829,14:09:10,30.45,--,299,913134,卖盘
830,14:09:07,30.45,--,45,137025,卖盘
831,14:09:04,30.45,--,11,33495,卖盘
832,14:09:01,30.45,--,275,837740,买盘
833,14:08:58,30.45,0.01,228,694260,买盘
834,14:08:55,30.44,-0.01,209,636196,卖盘
835,14:08:52,30.45,--,171,520695,买盘
836,14:08:49,30.45,0.01,30,91350,买盘
837,14:08:46,30.44,-0.01,67,203948,卖盘
838,14:08:43,30.45,--,43,130935,买盘
839,14:08:40,30.45,--,40,121800,买盘
840,14:08:37,30.45,--,36,109620,买盘
841,14:08:34,30.45,--,511,1558674,卖盘
842,14:08:31,30.45,-0.01,98,298410,卖盘
843,14:08:25,30.46,0.01,94,286689,买盘
844,14:08:22,30.45,--,70,213150,买盘
845,14:08:19,30.45,--,126,386349,卖盘
846,14:08:13,30.45,--,14,42630,卖盘
847,14:08:10,30.45,0.01,504,1535045,买盘
848,14:08:07,30.44,-0.01,61,185684,卖盘
849,14:08:04,30.45,0.01,31,94395,买盘
850,14:08:01,30.44,-0.01,49,149156,卖盘
851,14:07:58,30.45,--,118,359310,买盘
852,14:07:55,30.45,--,17,51765,买盘
853,14:07:51,30.45,--,115,350175,买盘
854,14:07:48,30.45,-0.03,742,2262069,卖盘
855,14:07:45,30.48,--,9,27432,买盘
856,14:07:42,30.48,--,244,743712,买盘
857,14:07:39,30.48,0.01,51,155448,买盘
858,14:07:36,30.47,-0.01,15,45705,卖盘
859,14:07:33,30.48,--,15,45720,买盘
860,14:07:30,30.48,0.02,42,128016,买盘
861,14:07:27,30.46,--,88,268048,卖盘
862,14:07:24,30.46,-0.02,117,356747,卖盘
863,14:07:21,30.48,--,104,316992,买盘
864,14:07:15,30.48,--,10,30480,买盘
865,14:07:12,30.48,-0.01,284,865936,卖盘
866,14:07:09,30.49,--,27,82323,卖盘
867,14:07:06,30.49,--,951,2899599,卖盘
868,14:07:03,30.49,--,35,106715,卖盘
869,14:07:00,30.49,-0.01,11,33539,卖盘
870,14:06:57,30.5,--,65,198250,买盘
871,14:06:54,30.5,-0.04,448,1368901,卖盘
872,14:06:48,30.54,--,6,18324,买盘
873,14:06:45,30.54,-0.01,3,9162,买盘
874,14:06:42,30.55,0.05,7,21385,中性盘
875,14:06:39,30.5,-0.05,2612,7966600,卖盘
876,14:06:36,30.55,-0.01,66,201630,卖盘
877,14:06:33,30.56,0.01,121,369776,买盘
878,14:06:30,30.55,-0.01,50,152750,卖盘
879,14:06:27,30.56,0.01,69,210864,买盘
880,14:06:21,30.55,-0.02,33,100815,卖盘
881,14:06:18,30.57,--,20,61140,买盘
882,14:06:15,30.57,0.02,2,6114,买盘
883,14:06:12,30.55,-0.02,125,381875,卖盘
884,14:06:06,30.57,--,21,64197,买盘
885,14:06:03,30.57,0.01,1,3057,买盘
886,14:06:00,30.56,--,7,21392,卖盘
887,14:05:57,30.56,-0.02,59,180304,卖盘
888,14:05:54,30.58,0.01,7,21406,买盘
889,14:05:51,30.57,--,83,253731,卖盘
890,14:05:48,30.57,--,73,223161,卖盘
891,14:05:42,30.57,--,8,24456,卖盘
892,14:05:39,30.57,--,31,94767,卖盘
893,14:05:36,30.57,-0.01,46,140622,卖盘
894,14:05:33,30.58,0.01,17,51986,买盘
895,14:05:30,30.57,-0.01,36,110052,卖盘
896,14:05:24,30.58,-0.01,30,91740,卖盘
897,14:05:21,30.59,0.02,4,12236,买盘
898,14:05:15,30.57,-0.02,40,122280,卖盘
899,14:05:12,30.59,--,3,9177,买盘
900,14:05:06,30.59,-0.01,37,113183,卖盘
901,14:05:03,30.6,--,39,119340,卖盘
902,14:04:57,30.6,0.01,371,1135260,买盘
903,14:04:54,30.59,--,22,67298,卖盘
904,14:04:51,30.59,--,49,149891,卖盘
905,14:04:48,30.59,--,71,217189,买盘
906,14:04:42,30.59,0.02,45,137655,买盘
907,14:04:39,30.57,-0.01,1,3057,卖盘
908,14:04:36,30.58,-0.01,5,15290,中性盘
909,14:04:33,30.59,--,22,67298,买盘
910,14:04:30,30.59,--,89,272251,买盘
911,14:04:27,30.59,0.02,74,226366,买盘
912,14:04:21,30.57,-0.01,87,265959,卖盘
913,14:04:18,30.58,0.02,28,85624,中性盘
914,14:04:15,30.56,--,22,67232,卖盘
915,14:04:12,30.56,-0.01,76,232256,卖盘
916,14:04:06,30.57,0.01,31,94767,卖盘
917,14:04:00,30.56,-0.02,54,165024,卖盘
918,14:03:57,30.58,0.01,13,39754,买盘
919,14:03:48,30.57,-0.01,7,21399,卖盘
920,14:03:45,30.58,-0.02,127,388366,卖盘
921,14:03:42,30.6,0.02,74,226440,买盘
922,14:03:36,30.58,-0.02,27,82566,卖盘
923,14:03:33,30.6,--,47,143820,买盘
924,14:03:30,30.6,--,38,116280,买盘
925,14:03:27,30.6,-0.01,426,1303560,卖盘
926,14:03:24,30.61,--,33,101013,卖盘
927,14:03:21,30.61,0.01,49,149989,买盘
928,14:03:18,30.6,-0.03,13,39780,卖盘
929,14:03:12,30.63,0.02,17,52071,买盘
930,14:03:09,30.61,-0.01,10,30610,卖盘
931,14:03:06,30.62,-0.01,55,168410,中性盘
932,14:02:57,30.63,0.02,7,21441,买盘
933,14:02:54,30.61,-0.02,136,416296,卖盘
934,14:02:51,30.63,0.01,14,42882,买盘
935,14:02:48,30.62,-0.01,35,107170,卖盘
936,14:02:42,30.63,0.01,59,180717,买盘
937,14:02:39,30.62,--,119,364378,卖盘
938,14:02:33,30.62,--,26,79612,买盘
939,14:02:30,30.62,--,40,122480,买盘
940,14:02:27,30.62,0.01,34,104108,买盘
941,14:02:24,30.61,--,5,15305,卖盘
942,14:02:18,30.61,--,30,91830,卖盘
943,14:02:15,30.61,--,36,110196,卖盘
944,14:02:12,30.61,0.01,4,12244,卖盘
945,14:02:09,30.6,-0.01,97,296820,卖盘
946,14:02:06,30.61,--,13,39793,买盘
947,14:02:03,30.61,0.01,20,61220,买盘
948,14:01:57,30.6,-0.01,27,82620,卖盘
949,14:01:54,30.61,--,13,39793,买盘
950,14:01:48,30.61,--,19,58159,卖盘
951,14:01:45,30.61,-0.01,5,15305,卖盘
952,14:01:42,30.62,-0.01,22,67364,卖盘
953,14:01:39,30.63,0.02,6,18378,买盘
954,14:01:33,30.61,-0.01,36,110196,卖盘
955,14:01:30,30.62,0.01,4,12248,中性盘
956,14:01:27,30.61,--,1,3061,买盘
957,14:01:24,30.61,--,39,119379,买盘
958,14:01:21,30.61,-0.01,87,266307,卖盘
959,14:01:18,30.62,-0.01,65,199030,中性盘
960,14:01:12,30.63,0.02,34,104142,中性盘
961,14:01:03,30.61,-0.02,71,217331,卖盘
962,14:01:00,30.63,--,33,101079,买盘
963,14:00:57,30.63,--,3,9189,买盘
964,14:00:54,30.63,--,30,91890,买盘
965,14:00:51,30.63,0.02,41,125583,买盘
966,14:00:48,30.61,-0.01,26,79586,卖盘
967,14:00:45,30.62,0.01,65,199030,买盘
968,14:00:36,30.61,--,2,6122,卖盘
969,14:00:33,30.61,0.01,16,48976,中性盘
970,14:00:30,30.6,-0.02,260,796824,卖盘
971,14:00:24,30.62,0.01,27,82674,买盘
972,14:00:21,30.61,0.01,15,45915,卖盘
973,14:00:18,30.6,-0.03,32,97920,卖盘
974,14:00:15,30.63,--,19,58197,买盘
975,14:00:12,30.63,0.01,4,12252,买盘
976,14:00:09,30.62,0.02,3,9186,卖盘
977,14:00:06,30.6,--,32,97920,中性盘
978,14:00:03,30.6,-0.02,11,33660,卖盘
979,14:00:00,30.62,0.02,2002,6130124,卖盘
980,13:59:57,30.6,-0.03,28,85680,卖盘
981,13:59:54,30.63,0.02,59,180717,买盘
982,13:59:48,30.61,0.02,15,45915,买盘
983,13:59:45,30.59,-0.04,53,162127,卖盘
984,13:59:42,30.63,0.03,12,36756,买盘
985,13:59:36,30.6,-0.01,30,91800,卖盘
986,13:59:33,30.61,0.01,18,55098,买盘
987,13:59:30,30.6,--,22,67320,买盘
988,13:59:24,30.6,--,65,198900,卖盘
989,13:59:18,30.6,--,10,30600,卖盘
990,13:59:12,30.6,--,103,315180,买盘
991,13:59:06,30.6,--,5,15300,买盘
992,13:59:03,30.6,0.01,162,495720,买盘
993,13:59:00,30.59,-0.04,56,171304,卖盘
994,13:58:54,30.63,0.01,6,18378,买盘
995,13:58:51,30.62,-0.01,40,122480,中性盘
996,13:58:48,30.63,0.02,10,30630,买盘
997,13:58:45,30.61,-0.02,6,18366,买盘
998,13:58:42,30.63,0.03,12,36756,买盘
999,13:58:39,30.6,-0.01,49,149940,卖盘
1000,13:58:33,30.61,-0.02,27,82647,卖盘
1001,13:58:30,30.63,--,33,101079,买盘
1002,13:58:27,30.63,--,1,3063,买盘
1003,13:58:24,30.63,0.02,12,36756,买盘
1004,13:58:18,30.61,--,40,122440,卖盘
1005,13:58:15,30.61,-0.04,4,12244,卖盘
1006,13:58:12,30.65,0.04,17,52105,买盘
1007,13:58:09,30.61,-0.03,32,97952,卖盘
1008,13:58:03,30.64,0.03,10,30640,买盘
1009,13:58:00,30.61,--,49,149989,卖盘
1010,13:57:54,30.61,-0.03,29,88769,卖盘
1011,13:57:51,30.64,0.04,2,6128,中性盘
1012,13:57:45,30.6,-0.04,31,94860,卖盘
1013,13:57:42,30.64,0.04,15,45960,中性盘
1014,13:57:39,30.6,-0.05,21,64260,卖盘
1015,13:57:33,30.65,0.03,91,278915,买盘
1016,13:57:30,30.62,0.01,4,12248,中性盘
1017,13:57:21,30.61,-0.03,71,217331,卖盘
1018,13:57:18,30.64,--,4,12256,卖盘
1019,13:57:12,30.64,0.02,70,214480,买盘
1020,13:57:09,30.62,-0.01,78,238836,卖盘
1021,13:57:06,30.63,0.01,1,3063,买盘
1022,13:57:03,30.62,--,40,122480,卖盘
1023,13:56:57,30.62,0.01,80,245511,买盘
1024,13:56:54,30.61,0.01,26,79586,中性盘
1025,13:56:48,30.6,-0.02,241,737460,卖盘
1026,13:56:45,30.62,0.01,207,633834,买盘
1027,13:56:42,30.61,--,15,45915,买盘
1028,13:56:39,30.61,-0.02,10,30610,卖盘
1029,13:56:36,30.63,--,40,122520,卖盘
1030,13:56:33,30.63,0.01,4,12252,卖盘
1031,13:56:27,30.62,-0.01,33,101046,买盘
1032,13:56:24,30.63,0.01,35,107205,买盘
1033,13:56:21,30.62,0.01,59,180658,中性盘
1034,13:56:15,30.61,-0.02,42,128562,卖盘
1035,13:56:12,30.63,0.01,11,33693,买盘
1036,13:56:09,30.62,--,148,453176,卖盘
1037,13:56:03,30.62,--,24,73488,买盘
1038,13:56:00,30.62,--,2,6124,买盘
1039,13:55:57,30.62,--,32,97984,买盘
1040,13:55:54,30.62,--,11,33682,买盘
1041,13:55:48,30.62,0.01,32,97984,中性盘
1042,13:55:42,30.61,-0.01,49,149989,卖盘
1043,13:55:39,30.62,--,14,42868,买盘
1044,13:55:33,30.62,-0.01,66,202092,卖盘
1045,13:55:30,30.63,0.01,36,110268,买盘
1046,13:55:27,30.62,-0.01,2,6124,买盘
1047,13:55:24,30.63,0.01,78,238914,中性盘
1048,13:55:18,30.62,-0.04,7,21434,卖盘
1049,13:55:15,30.66,0.03,37,113442,买盘
1050,13:55:12,30.63,--,53,162339,买盘
1051,13:55:06,30.63,0.01,2,6126,买盘
1052,13:55:03,30.62,-0.01,31,94922,中性盘
1053,13:55:00,30.63,--,46,140898,买盘
1054,13:54:54,30.63,0.01,11,33693,买盘
1055,13:54:51,30.62,-0.01,6,18372,卖盘
1056,13:54:48,30.63,-0.01,14,42882,卖盘
1057,13:54:39,30.64,0.03,6,18384,买盘
1058,13:54:36,30.61,-0.02,41,125501,卖盘
1059,13:54:33,30.63,--,47,143961,买盘
1060,13:54:30,30.63,--,36,110268,买盘
1061,13:54:27,30.63,0.01,3,9189,买盘
1062,13:54:24,30.62,-0.01,32,97984,卖盘
1063,13:54:21,30.63,--,15,45945,买盘
1064,13:54:18,30.63,--,8,24504,卖盘
1065,13:54:15,30.63,-0.04,230,704490,中性盘
1066,13:54:06,30.67,0.05,29,88943,买盘
1067,13:54:03,30.62,-0.01,241,737942,卖盘
1068,13:54:00,30.63,0.01,3,9189,买盘
1069,13:53:54,30.62,-0.01,592,1812704,卖盘
1070,13:53:48,30.63,--,25,76575,卖盘
1071,13:53:45,30.63,--,14,42882,卖盘
1072,13:53:42,30.63,--,43,131709,卖盘
1073,13:53:39,30.63,--,4,12252,卖盘
1074,13:53:36,30.63,--,28,85764,卖盘
1075,13:53:30,30.63,-0.03,28,85764,中性盘
1076,13:53:27,30.66,0.03,30,91980,买盘
1077,13:53:24,30.63,--,25,76575,买盘
1078,13:53:21,30.63,0.01,16,49008,买盘
1079,13:53:18,30.62,-0.04,37,113294,卖盘
1080,13:53:15,30.66,0.01,34,104244,买盘
1081,13:53:12,30.65,--,13,39845,买盘
1082,13:53:09,30.65,--,61,186965,买盘
1083,13:53:06,30.65,0.02,1,3065,买盘
1084,13:53:03,30.63,-0.02,24,73512,卖盘
1085,13:53:00,30.65,0.02,28,85820,买盘
1086,13:52:57,30.63,-0.02,41,125583,卖盘
1087,13:52:54,30.65,0.03,9,27585,买盘
1088,13:52:48,30.62,-0.03,30,91860,卖盘
1089,13:52:42,30.65,0.03,12,36780,买盘
1090,13:52:36,30.62,-0.03,33,101046,卖盘
1091,13:52:33,30.65,0.02,15,45975,中性盘
1092,13:52:27,30.63,-0.02,41,125583,卖盘
1093,13:52:21,30.65,-0.01,6,18390,中性盘
1094,13:52:18,30.66,0.03,3,9198,买盘
1095,13:52:12,30.63,-0.03,38,116394,卖盘
1096,13:52:06,30.66,--,12,36792,买盘
1097,13:52:03,30.66,0.03,86,263676,买盘
1098,13:52:00,30.63,-0.03,29,88827,卖盘
1099,13:51:57,30.66,-0.02,747,2290302,卖盘
1100,13:51:54,30.68,0.02,12,36816,买盘
1101,13:51:51,30.66,--,40,122640,卖盘
1102,13:51:48,30.66,-0.01,70,214620,卖盘
1103,13:51:44,30.67,-0.01,4,12268,卖盘
1104,13:51:41,30.68,0.01,51,156468,买盘
1105,13:51:38,30.67,0.01,29,88943,中性盘
1106,13:51:35,30.66,--,618,1894788,卖盘
1107,13:51:32,30.66,0.01,89,272874,买盘
1108,13:51:29,30.65,-0.01,28,85820,卖盘
1109,13:51:26,30.66,0.03,41,125706,买盘
1110,13:51:20,30.63,-0.02,35,107205,卖盘
1111,13:51:11,30.65,--,2,6130,买盘
1112,13:51:08,30.65,0.01,12,36780,买盘
1113,13:51:05,30.64,-0.02,31,94984,卖盘
1114,13:51:02,30.66,0.01,11,33726,买盘
1115,13:50:59,30.65,--,24,73560,卖盘
1116,13:50:56,30.65,--,30,91950,卖盘
1117,13:50:53,30.65,--,33,101145,买盘
1118,13:50:50,30.65,0.02,66,202290,买盘
1119,13:50:44,30.63,-0.02,55,168465,卖盘
1120,13:50:41,30.65,0.02,15,45975,买盘
1121,13:50:35,30.63,--,42,128646,卖盘
1122,13:50:29,30.63,-0.01,39,119457,卖盘
1123,13:50:26,30.64,0.02,1,3064,买盘
1124,13:50:23,30.62,-0.02,62,189844,卖盘
1125,13:50:20,30.64,0.02,32,98048,买盘
1126,13:50:17,30.62,-0.01,3,9186,卖盘
1127,13:50:14,30.63,-0.02,16,49008,卖盘
1128,13:50:11,30.65,0.01,31,95015,买盘
1129,13:50:05,30.64,0.01,20,61280,买盘
1130,13:50:02,30.63,0.01,13,39819,中性盘
1131,13:49:59,30.62,-0.01,36,110232,卖盘
1132,13:49:56,30.63,0.01,19,58197,买盘
1133,13:49:50,30.62,-0.01,37,113294,卖盘
1134,13:49:47,30.63,--,44,134772,卖盘
1135,13:49:41,30.63,--,51,156213,卖盘
1136,13:49:35,30.63,0.01,5,15315,买盘
1137,13:49:33,30.62,--,28,85736,卖盘
1138,13:49:29,30.62,-0.01,40,122480,卖盘
1139,13:49:26,30.63,--,35,107205,买盘
1140,13:49:23,30.63,--,8,24504,买盘
1141,13:49:20,30.63,0.01,13,39819,买盘
1142,13:49:17,30.62,-0.01,78,238836,中性盘
1143,13:49:11,30.63,0.01,17,52071,买盘
1144,13:49:08,30.62,-0.02,38,116356,卖盘
1145,13:49:05,30.64,0.01,27,82728,买盘
1146,13:49:02,30.63,-0.01,94,287922,卖盘
1147,13:48:59,30.64,0.01,23,70472,买盘
1148,13:48:53,30.63,-0.01,32,98016,卖盘
1149,13:48:50,30.64,0.01,13,39832,买盘
1150,13:48:44,30.63,--,3,9189,卖盘
1151,13:48:41,30.63,--,21,64323,卖盘
1152,13:48:38,30.63,-0.03,54,165402,卖盘
1153,13:48:35,30.66,--,40,122640,买盘
1154,13:48:32,30.66,0.01,19,58254,买盘
1155,13:48:26,30.65,--,11,33715,中性盘
1156,13:48:23,30.65,0.02,86,263590,卖盘
1157,13:48:17,30.63,0.01,30,91890,中性盘
1158,13:48:11,30.62,-0.01,36,110232,卖盘
1159,13:48:08,30.63,-0.02,26,79638,卖盘
1160,13:48:05,30.65,--,49,150185,买盘
1161,13:48:02,30.65,-0.01,52,159380,卖盘
1162,13:47:59,30.66,-0.01,23,70518,卖盘
1163,13:47:56,30.67,0.02,6,18402,买盘
1164,13:47:53,30.65,--,21,64365,卖盘
1165,13:47:47,30.65,--,78,239070,卖盘
1166,13:47:44,30.65,-0.03,57,174705,卖盘
1167,13:47:38,30.68,--,182,558376,买盘
1168,13:47:35,30.68,0.03,1,3068,中性盘
1169,13:47:29,30.65,--,138,422970,卖盘
1170,13:47:26,30.65,-0.03,139,426035,卖盘
1171,13:47:23,30.68,--,4,12272,卖盘
1172,13:47:20,30.68,0.06,46,141128,买盘
1173,13:47:17,30.62,-0.03,337,1031894,卖盘
1174,13:47:14,30.65,-0.03,17,52105,卖盘
1175,13:47:11,30.68,--,12,36816,买盘
1176,13:47:08,30.68,0.04,335,1027780,买盘
1177,13:47:05,30.64,-0.02,48,147072,卖盘
1178,13:47:02,30.66,0.01,21,64386,买盘
1179,13:46:59,30.65,--,9,27585,买盘
1180,13:46:56,30.65,-0.03,113,346345,卖盘
1181,13:46:53,30.68,-0.01,4,12272,中性盘
1182,13:46:50,30.69,0.01,70,214830,买盘
1183,13:46:47,30.68,0.02,4,12272,买盘
1184,13:46:44,30.66,-0.03,34,104244,卖盘
1185,13:46:38,30.69,0.02,36,110484,买盘
1186,13:46:32,30.67,0.04,267,818889,买盘
1187,13:46:29,30.63,-0.03,60,183780,卖盘
1188,13:46:26,30.66,-0.01,104,318864,卖盘
1189,13:46:23,30.67,0.04,18,55206,买盘
1190,13:46:20,30.63,-0.02,95,290985,卖盘
1191,13:46:17,30.65,-0.01,55,168575,卖盘
1192,13:46:14,30.66,--,51,156366,买盘
1193,13:46:08,30.66,-0.01,63,193158,卖盘
1194,13:46:05,30.67,0.02,3,9201,中性盘
1195,13:46:02,30.65,--,58,177770,卖盘
1196,13:45:59,30.65,-0.02,117,358605,卖盘
1197,13:45:56,30.67,0.01,46,141082,买盘
1198,13:45:53,30.66,-0.04,80,246629,卖盘
1199,13:45:50,30.7,--,75,230250,买盘
1200,13:45:47,30.7,--,89,273230,买盘
1201,13:45:44,30.7,--,80,245600,买盘
1202,13:45:41,30.7,0.01,71,217970,买盘
1203,13:45:38,30.69,-0.01,290,890010,卖盘
1204,13:45:29,30.7,0.03,242,742940,买盘
1205,13:45:26,30.67,--,72,220824,卖盘
1206,13:45:23,30.67,-0.01,149,456983,卖盘
1207,13:45:20,30.68,--,113,346684,买盘
1208,13:45:17,30.68,0.01,14,42952,买盘
1209,13:45:14,30.67,--,184,564328,卖盘
1210,13:45:11,30.67,--,17,52139,卖盘
1211,13:45:08,30.67,--,16,49072,卖盘
1212,13:45:05,30.67,--,31,95077,卖盘
1213,13:45:02,30.67,0.01,272,835941,买盘
1214,13:44:56,30.66,--,63,193158,买盘
1215,13:44:53,30.66,--,36,110376,买盘
1216,13:44:50,30.66,0.04,14,42924,买盘
1217,13:44:47,30.62,--,45,137790,卖盘
1218,13:44:44,30.62,-0.03,63,192906,卖盘
1219,13:44:41,30.65,--,7,21455,卖盘
1220,13:44:38,30.65,0.03,28,85820,卖盘
1221,13:44:32,30.62,-0.04,46,140852,卖盘
1222,13:44:29,30.66,0.05,148,453768,买盘
1223,13:44:26,30.61,0.01,29,88769,买盘
1224,13:44:20,30.6,-0.02,78,238680,卖盘
1225,13:44:17,30.62,--,43,131666,买盘
1226,13:44:14,30.62,0.01,26,79612,卖盘
1227,13:44:08,30.61,-0.04,60,183660,卖盘
1228,13:44:05,30.65,0.04,59,180835,买盘
1229,13:44:02,30.61,-0.04,22,67342,卖盘
1230,13:43:59,30.65,0.02,68,208420,买盘
1231,13:43:56,30.63,-0.02,5,15315,卖盘
1232,13:43:53,30.65,0.03,96,294240,买盘
1233,13:43:47,30.62,--,67,205154,卖盘
1234,13:43:44,30.62,--,4,12248,卖盘
1235,13:43:41,30.62,0.01,146,447052,卖盘
1236,13:43:38,30.61,-0.05,61,186721,卖盘
1237,13:43:35,30.66,0.05,47,144102,买盘
1238,13:43:32,30.61,-0.02,402,1230522,卖盘
1239,13:43:29,30.63,-0.01,2,6126,中性盘
1240,13:43:26,30.64,--,92,281888,买盘
1241,13:43:23,30.64,--,18,55152,买盘
1242,13:43:20,30.64,--,13,39832,买盘
1243,13:43:17,30.64,--,230,704720,买盘
1244,13:43:11,30.64,-0.01,397,1216408,卖盘
1245,13:43:05,30.65,-0.01,88,269720,卖盘
1246,13:43:02,30.66,0.01,69,211554,买盘
1247,13:42:59,30.65,--,94,288110,卖盘
1248,13:42:56,30.65,--,87,266655,卖盘
1249,13:42:50,30.65,0.04,593,1817545,买盘
1250,13:42:47,30.61,-0.01,53,162233,卖盘
1251,13:42:44,30.62,0.01,96,293952,中性盘
1252,13:42:41,30.61,-0.01,31,94891,卖盘
1253,13:42:35,30.62,0.01,257,786934,买盘
1254,13:42:32,30.61,--,22,67342,卖盘
1255,13:42:29,30.61,--,30,91830,卖盘
1256,13:42:26,30.61,--,505,1545805,买盘
1257,13:42:23,30.61,--,6,18366,买盘
1258,13:42:20,30.61,--,44,134684,买盘
1259,13:42:17,30.61,--,363,1111143,买盘
1260,13:42:11,30.61,0.01,26,79586,买盘
1261,13:42:08,30.6,-0.03,344,1052640,卖盘
1262,13:42:02,30.63,-0.01,88,269544,中性盘
1263,13:41:59,30.64,0.03,150,459600,买盘
1264,13:41:56,30.61,0.01,212,648932,中性盘
1265,13:41:53,30.6,-0.03,564,1725840,卖盘
1266,13:41:50,30.63,--,3,9189,买盘
1267,13:41:47,30.63,0.03,314,961782,买盘
1268,13:41:44,30.6,--,80,244800,卖盘
1269,13:41:41,30.6,--,18,55080,卖盘
1270,13:41:38,30.6,0.02,667,2041020,买盘
1271,13:41:35,30.58,-0.01,36,110088,卖盘
1272,13:41:32,30.59,-0.01,6,18354,中性盘
1273,13:41:29,30.6,0.01,59,180540,买盘
1274,13:41:26,30.59,--,72,220248,卖盘
1275,13:41:23,30.59,--,14,42826,卖盘
1276,13:41:20,30.59,--,62,189658,买盘
1277,13:41:17,30.59,0.02,8,24472,买盘
1278,13:41:14,30.57,-0.01,78,238446,卖盘
1279,13:41:11,30.58,-0.01,100,305800,卖盘
1280,13:41:08,30.59,--,280,856520,买盘
1281,13:41:05,30.59,0.01,23,70357,买盘
1282,13:41:02,30.58,--,42,128436,卖盘
1283,13:40:53,30.58,--,210,642180,买盘
1284,13:40:50,30.58,0.01,167,510686,买盘
1285,13:40:47,30.57,--,1,3057,卖盘
1286,13:40:44,30.57,--,97,296529,买盘
1287,13:40:41,30.57,--,3,9171,买盘
1288,13:40:38,30.57,0.01,58,177306,买盘
1289,13:40:35,30.56,--,12,36672,卖盘
1290,13:40:32,30.56,-0.01,46,140576,中性盘
1291,13:40:23,30.57,0.01,20,61140,买盘
1292,13:40:20,30.56,-0.02,13,39728,中性盘
1293,13:40:14,30.58,--,232,709456,买盘
1294,13:40:11,30.58,0.01,14,42812,买盘
1295,13:40:08,30.57,-0.01,41,125337,卖盘
1296,13:40:05,30.58,--,7,21406,买盘
1297,13:40:02,30.58,0.01,55,168862,买盘
1298,13:39:56,30.57,--,46,140622,卖盘
1299,13:39:53,30.57,--,22,67254,卖盘
1300,13:39:44,30.57,--,47,143679,卖盘
1301,13:39:41,30.57,-0.03,4,12228,卖盘
1302,13:39:38,30.6,0.03,14,42840,买盘
1303,13:39:32,30.57,-0.03,35,106995,卖盘
1304,13:39:29,30.6,0.03,512,1566720,买盘
1305,13:39:23,30.57,-0.02,32,97824,中性盘
1306,13:39:20,30.59,--,20,61180,买盘
1307,13:39:17,30.59,0.01,39,119301,买盘
1308,13:39:14,30.58,--,95,290510,卖盘
1309,13:39:11,30.58,--,78,238524,卖盘
1310,13:39:08,30.58,-0.01,9,27522,卖盘
1311,13:39:05,30.59,0.01,19,58121,买盘
1312,13:39:02,30.58,--,56,171248,卖盘
1313,13:38:59,30.58,-0.01,13,39754,卖盘
1314,13:38:56,30.59,0.01,32,97888,买盘
1315,13:38:53,30.58,--,4,12232,卖盘
1316,13:38:50,30.58,--,27,82566,卖盘
1317,13:38:47,30.58,--,25,76450,卖盘
1318,13:38:44,30.58,0.02,29,88682,中性盘
1319,13:38:38,30.56,-0.01,54,165024,卖盘
1320,13:38:35,30.57,--,7,21399,卖盘
1321,13:38:32,30.57,-0.02,3,9171,卖盘
1322,13:38:29,30.59,--,12,36708,买盘
1323,13:38:26,30.59,0.01,37,113183,买盘
1324,13:38:23,30.58,-0.01,14,42812,卖盘
1325,13:38:20,30.59,0.02,19,58121,买盘
1326,13:38:17,30.57,-0.02,31,94767,卖盘
1327,13:38:11,30.59,0.02,12,36708,买盘
1328,13:38:08,30.57,--,4,12228,卖盘
1329,13:38:05,30.57,-0.02,30,91710,卖盘
1330,13:38:02,30.59,--,11,33649,买盘
1331,13:37:59,30.59,--,22,67298,买盘
1332,13:37:56,30.59,-0.01,119,366407,卖盘
1333,13:37:50,30.6,--,14,42840,买盘
1334,13:37:47,30.6,-0.01,28,85680,买盘
1335,13:37:44,30.61,--,67,205087,卖盘
1336,13:37:41,30.61,0.01,54,165294,买盘
1337,13:37:35,30.6,--,79,241740,卖盘
1338,13:37:29,30.6,--,200,612673,买盘
1339,13:37:26,30.6,-0.01,45,140086,卖盘
1340,13:37:23,30.61,0.01,59,180599,买盘
1341,13:37:20,30.6,--,123,376380,卖盘
1342,13:37:11,30.6,--,140,428400,卖盘
1343,13:37:08,30.6,-0.01,73,223380,卖盘
1344,13:37:05,30.61,--,41,125501,卖盘
1345,13:37:02,30.61,-0.02,365,1117265,卖盘
1346,13:36:59,30.63,--,33,101079,买盘
1347,13:36:56,30.63,0.02,219,670797,买盘
1348,13:36:53,30.61,--,224,685664,卖盘
1349,13:36:50,30.61,--,31,94891,卖盘
1350,13:36:47,30.61,0.01,237,725457,买盘
1351,13:36:44,30.6,-0.03,20,61200,卖盘
1352,13:36:38,30.63,0.03,108,330804,买盘
1353,13:36:35,30.6,-0.03,300,918000,卖盘
1354,13:36:32,30.63,--,107,327741,买盘
1355,13:36:29,30.63,0.03,77,235851,买盘
1356,13:36:26,30.6,-0.03,148,452880,卖盘
1357,13:36:23,30.63,--,38,116394,卖盘
1358,13:36:17,30.63,--,46,140898,卖盘
1359,13:36:14,30.63,--,80,245040,卖盘
1360,13:36:11,30.63,0.03,263,806242,买盘
1361,13:36:05,30.6,--,31,94860,卖盘
1362,13:36:02,30.6,-0.02,108,330480,卖盘
1363,13:35:59,30.62,0.03,44,134728,买盘
1364,13:35:56,30.59,-0.01,269,822871,卖盘
1365,13:35:50,30.6,--,28,85680,买盘
1366,13:35:44,30.6,--,99,305326,卖盘
1367,13:35:41,30.6,--,78,238680,卖盘
1368,13:35:38,30.6,--,9,28213,买盘
1369,13:35:35,30.6,--,53,164566,卖盘
1370,13:35:32,30.6,--,37,113220,卖盘
1371,13:35:29,30.6,--,19,58140,卖盘
1372,13:35:26,30.6,--,127,388620,卖盘
1373,13:35:23,30.6,0.01,372,1138993,买盘
1374,13:35:17,30.59,--,3,9177,卖盘
1375,13:35:11,30.59,--,7,21413,卖盘
1376,13:35:08,30.59,--,32,97888,卖盘
1377,13:35:05,30.59,--,6,18354,卖盘
1378,13:35:02,30.59,--,17,52003,卖盘
1379,13:34:59,30.59,--,30,91770,卖盘
1380,13:34:56,30.59,--,100,305900,卖盘
1381,13:34:53,30.59,--,26,79534,卖盘
1382,13:34:50,30.59,--,9,27531,卖盘
1383,13:34:47,30.59,--,32,97888,卖盘
1384,13:34:41,30.59,0.01,86,263074,买盘
1385,13:34:38,30.58,-0.01,31,94798,卖盘
1386,13:34:25,30.59,-0.01,123,378643,卖盘
1387,13:34:22,30.6,--,32,97920,卖盘
1388,13:34:16,30.6,--,94,287640,卖盘
1389,13:34:13,30.6,-0.01,10,30600,卖盘
1390,13:34:10,30.61,-0.01,23,70403,中性盘
1391,13:34:04,30.62,--,91,278642,买盘
1392,13:33:58,30.62,0.02,35,107170,买盘
1393,13:33:52,30.6,--,110,336600,卖盘
1394,13:33:49,30.6,-0.01,44,134640,卖盘
1395,13:33:43,30.61,--,75,229575,卖盘
1396,13:33:37,30.61,--,13,39793,卖盘
1397,13:33:34,30.61,-0.01,54,165294,卖盘
1398,13:33:31,30.62,0.01,74,226588,买盘
1399,13:33:25,30.61,--,30,91830,卖盘
1400,13:33:22,30.61,-0.01,4,12244,卖盘
1401,13:33:19,30.62,0.02,110,336820,买盘
1402,13:33:16,30.6,-0.01,27,82620,卖盘
1403,13:33:13,30.61,--,12,36732,卖盘
1404,13:33:10,30.61,--,29,88769,卖盘
1405,13:33:07,30.61,--,111,339771,卖盘
1406,13:32:58,30.61,-0.01,68,208148,卖盘
1407,13:32:55,30.62,--,25,76550,卖盘
1408,13:32:49,30.62,--,15,45930,卖盘
1409,13:32:46,30.62,--,54,165348,卖盘
1410,13:32:43,30.62,0.01,54,165348,中性盘
1411,13:32:37,30.61,--,69,211209,卖盘
1412,13:32:34,30.61,--,120,367320,卖盘
1413,13:32:31,30.61,--,3,9183,卖盘
1414,13:32:28,30.61,--,10,30610,卖盘
1415,13:32:25,30.61,-0.01,36,110196,卖盘
1416,13:32:22,30.62,--,1,3062,中性盘
1417,13:32:19,30.62,0.01,54,165348,买盘
1418,13:32:16,30.61,-0.01,5,15305,卖盘
1419,13:32:13,30.62,0.01,44,134728,中性盘
1420,13:32:07,30.61,-0.01,69,211209,卖盘
1421,13:32:04,30.62,--,40,122480,买盘
1422,13:31:55,30.62,--,28,85736,卖盘
1423,13:31:52,30.62,-0.01,32,97984,卖盘
1424,13:31:49,30.63,0.01,16,49008,买盘
1425,13:31:46,30.62,--,13,39806,卖盘
1426,13:31:43,30.62,--,76,232712,卖盘
1427,13:31:37,30.62,--,2,6124,卖盘
1428,13:31:31,30.62,--,2,6124,卖盘
1429,13:31:28,30.62,--,29,88798,卖盘
1430,13:31:22,30.62,--,69,211278,买盘
1431,13:31:19,30.62,0.01,60,183720,买盘
1432,13:31:13,30.61,--,10,30610,卖盘
1433,13:31:07,30.61,-0.03,33,101013,卖盘
1434,13:31:04,30.64,0.03,29,88856,买盘
1435,13:31:01,30.61,-0.01,18,55098,卖盘
1436,13:30:58,30.62,-0.02,111,339882,卖盘
1437,13:30:52,30.64,0.02,10,30640,卖盘
1438,13:30:46,30.62,--,59,180658,卖盘
1439,13:30:40,30.62,--,447,1368714,卖盘
1440,13:30:37,30.62,--,30,91860,卖盘
1441,13:30:34,30.62,--,26,79612,卖盘
1442,13:30:28,30.62,0.01,63,192906,买盘
1443,13:30:25,30.61,-0.01,25,76525,卖盘
1444,13:30:22,30.62,0.01,33,101046,买盘
1445,13:30:16,30.61,--,30,91830,卖盘
1446,13:30:13,30.61,--,4,12244,卖盘
1447,13:30:10,30.61,-0.01,33,101013,卖盘
1448,13:30:07,30.62,--,3,9186,卖盘
1449,13:30:04,30.62,0.01,7,21434,中性盘
1450,13:30:01,30.61,-0.01,158,483638,卖盘
1451,13:29:58,30.62,--,10,30620,卖盘
1452,13:29:55,30.62,0.01,83,254146,买盘
1453,13:29:52,30.61,--,40,122440,卖盘
1454,13:29:49,30.61,--,32,97952,卖盘
1455,13:29:46,30.61,--,4,12244,卖盘
1456,13:29:40,30.61,--,107,327527,卖盘
1457,13:29:37,30.61,--,3,9183,卖盘
1458,13:29:34,30.61,-0.01,20,61220,卖盘
1459,13:29:31,30.62,0.01,8,24496,买盘
1460,13:29:28,30.61,-0.01,36,110196,卖盘
1461,13:29:19,30.62,0.01,4,12248,买盘
1462,13:29:16,30.61,-0.01,29,88769,卖盘
1463,13:29:13,30.62,0.01,1,3062,买盘
1464,13:29:07,30.61,-0.05,120,367320,卖盘
1465,13:29:04,30.66,0.03,306,938196,买盘
1466,13:29:01,30.63,--,18,55134,卖盘
1467,13:28:55,30.63,0.02,31,94953,中性盘
1468,13:28:52,30.61,-0.01,134,410174,卖盘
1469,13:28:49,30.62,-0.01,2,6124,中性盘
1470,13:28:46,30.63,0.03,2,6126,买盘
1471,13:28:43,30.6,-0.03,74,226440,卖盘
1472,13:28:40,30.63,--,46,140898,买盘
1473,13:28:34,30.63,0.01,34,104142,中性盘
1474,13:28:28,30.62,-0.01,2,6124,卖盘
1475,13:28:25,30.63,0.01,8,24504,中性盘
1476,13:28:22,30.62,-0.01,29,88798,卖盘
1477,13:28:19,30.63,--,21,64323,卖盘
1478,13:28:16,30.63,--,20,61260,卖盘
1479,13:28:10,30.63,-0.03,28,85764,卖盘
1480,13:28:07,30.66,0.01,13,39858,买盘
1481,13:28:04,30.65,0.02,16,49040,买盘
1482,13:28:01,30.63,-0.03,61,186843,卖盘
1483,13:27:58,30.66,--,93,285138,卖盘
1484,13:27:55,30.66,0.01,57,174762,买盘
1485,13:27:52,30.65,-0.01,69,211485,卖盘
1486,13:27:46,30.66,--,6,18396,卖盘
1487,13:27:43,30.66,--,159,487494,买盘
1488,13:27:40,30.66,--,24,73584,买盘
1489,13:27:37,30.66,--,246,754236,买盘
1490,13:27:34,30.66,--,5,15330,买盘
1491,13:27:31,30.66,--,139,426174,卖盘
1492,13:27:25,30.66,--,56,171696,卖盘
1493,13:27:22,30.66,0.06,55,168630,卖盘
1494,13:27:19,30.6,-0.06,499,1526940,卖盘
1495,13:27:07,30.66,0.04,218,668388,买盘
1496,13:27:01,30.62,-0.01,6,18372,卖盘
1497,13:26:52,30.63,-0.03,4,12252,卖盘
1498,13:26:49,30.66,-0.01,266,815556,卖盘
1499,13:26:46,30.67,0.01,21,64407,买盘
1500,13:26:43,30.66,--,85,260610,卖盘
1501,13:26:40,30.66,0.05,147,450702,买盘
1502,13:26:37,30.61,-0.01,510,1561110,卖盘
1503,13:26:34,30.62,--,9,27558,卖盘
1504,13:26:31,30.62,--,28,85736,卖盘
1505,13:26:25,30.62,--,6,18372,卖盘
1506,13:26:22,30.62,--,63,192906,买盘
1507,13:26:19,30.62,--,5,15310,买盘
1508,13:26:16,30.62,--,10,30620,买盘
1509,13:26:13,30.62,0.01,4,12248,买盘
1510,13:26:10,30.61,-0.01,29,88769,卖盘
1511,13:26:07,30.62,0.01,3,9186,买盘
1512,13:26:04,30.61,-0.05,7,21427,卖盘
1513,13:26:01,30.66,0.04,228,699048,买盘
1514,13:25:52,30.62,0.01,8,24496,中性盘
1515,13:25:49,30.61,--,9,27549,卖盘
1516,13:25:46,30.61,-0.04,38,116318,卖盘
1517,13:25:40,30.65,0.03,3,9195,买盘
1518,13:25:37,30.62,-0.03,33,101046,中性盘
1519,13:25:34,30.65,--,34,104210,买盘
1520,13:25:28,30.65,0.04,15,45975,中性盘
1521,13:25:25,30.61,0.01,32,97952,中性盘
1522,13:25:22,30.6,--,39,119340,卖盘
1523,13:25:13,30.6,-0.02,476,1456560,卖盘
1524,13:25:07,30.62,--,40,122480,买盘
1525,13:25:04,30.62,0.01,94,287828,买盘
1526,13:25:01,30.61,0.01,8,24488,卖盘
1527,13:24:55,30.6,-0.02,28,85680,卖盘
1528,13:24:52,30.62,0.02,34,104108,买盘
1529,13:24:46,30.6,-0.01,313,958453,卖盘
1530,13:24:43,30.61,--,214,655054,卖盘
1531,13:24:40,30.61,-0.01,30,91830,卖盘
1532,13:24:34,30.62,--,43,131666,买盘
1533,13:24:31,30.62,0.01,33,101046,买盘
1534,13:24:25,30.61,0.01,12,36732,买盘
1535,13:24:22,30.6,--,14,42840,卖盘
1536,13:24:19,30.6,-0.01,40,122400,卖盘
1537,13:24:13,30.61,0.01,18,55098,中性盘
1538,13:24:07,30.6,-0.04,24,73440,卖盘
1539,13:24:04,30.64,0.02,11,33704,买盘
1540,13:24:01,30.62,--,39,119418,卖盘
1541,13:23:55,30.62,--,4,12248,卖盘
1542,13:23:49,30.62,--,41,125542,买盘
1543,13:23:46,30.62,0.01,1,3062,买盘
1544,13:23:40,30.61,-0.01,5,15305,卖盘
1545,13:23:37,30.62,0.01,8,24496,中性盘
1546,13:23:34,30.61,--,191,584651,卖盘
1547,13:23:31,30.61,-0.03,6,18366,卖盘
1548,13:23:28,30.64,--,40,122560,买盘
1549,13:23:19,30.64,--,30,91920,买盘
1550,13:23:16,30.64,0.01,83,254312,买盘
1551,13:23:10,30.63,--,4,12252,买盘
1552,13:23:04,30.63,0.01,30,91890,中性盘
1553,13:23:01,30.62,--,28,85736,卖盘
1554,13:22:55,30.62,--,19,58178,卖盘
1555,13:22:52,30.62,-0.03,32,97984,卖盘
1556,13:22:46,30.65,--,1,3065,卖盘
1557,13:22:43,30.65,0.01,34,104210,买盘
1558,13:22:40,30.64,0.02,5,15320,买盘
1559,13:22:31,30.62,--,11,33682,卖盘
1560,13:22:28,30.62,-0.03,33,101046,卖盘
1561,13:22:25,30.65,--,11,33715,卖盘
1562,13:22:22,30.65,0.01,53,162445,买盘
1563,13:22:16,30.64,-0.02,10,30640,卖盘
1564,13:22:13,30.66,0.02,1,3066,中性盘
1565,13:22:10,30.64,--,10,30640,卖盘
1566,13:22:07,30.64,-0.02,35,107240,卖盘
1567,13:22:04,30.66,0.01,13,39858,买盘
1568,13:22:01,30.65,-0.02,50,153250,卖盘
1569,13:21:58,30.67,0.01,48,147216,买盘
1570,13:21:46,30.66,0.01,38,116508,买盘
1571,13:21:43,30.65,--,31,95015,卖盘
1572,13:21:40,30.65,--,3,9195,卖盘
1573,13:21:37,30.65,--,47,144055,卖盘
1574,13:21:34,30.65,-0.04,11,33715,卖盘
1575,13:21:31,30.69,0.01,87,267003,买盘
1576,13:21:28,30.68,0.02,50,153400,买盘
1577,13:21:22,30.66,-0.02,21,64386,卖盘
1578,13:21:19,30.68,0.01,10,30680,买盘
1579,13:21:13,30.67,-0.01,5,15335,卖盘
1580,13:21:04,30.68,--,18,55224,卖盘
1581,13:21:01,30.68,-0.01,12,36816,卖盘
1582,13:20:58,30.69,0.01,26,79794,买盘
1583,13:20:55,30.68,0.02,34,104312,买盘
1584,13:20:52,30.66,-0.01,33,101178,中性盘
1585,13:20:46,30.67,-0.01,3,9201,卖盘
1586,13:20:40,30.68,--,39,119652,买盘
1587,13:20:34,30.68,--,5,15340,买盘
1588,13:20:31,30.68,-0.01,37,113516,卖盘
1589,13:20:25,30.69,--,94,288486,卖盘
1590,13:20:22,30.69,--,6,18414,卖盘
1591,13:20:19,30.69,-0.01,61,187209,卖盘
1592,13:20:13,30.7,--,14,42980,买盘
1593,13:20:10,30.7,0.03,6,18420,买盘
1594,13:20:07,30.67,-0.01,29,88943,卖盘
1595,13:20:03,30.68,0.01,11,33748,中性盘
1596,13:20:00,30.67,-0.03,11,33737,卖盘
1597,13:19:57,30.7,0.02,28,85960,买盘
1598,13:19:54,30.68,-0.02,25,76700,卖盘
1599,13:19:51,30.7,--,13,39910,卖盘
1600,13:19:45,30.7,--,44,135080,卖盘
1601,13:19:42,30.7,-0.01,41,125870,中性盘
1602,13:19:39,30.71,0.02,34,104414,买盘
1603,13:19:36,30.69,--,40,122760,卖盘
1604,13:19:30,30.69,-0.01,52,159588,卖盘
1605,13:19:27,30.7,0.01,286,878020,买盘
1606,13:19:24,30.69,--,61,187209,卖盘
1607,13:19:21,30.69,--,15,46035,卖盘
1608,13:19:18,30.69,--,6,18414,卖盘
1609,13:19:15,30.69,--,13,39897,卖盘
1610,13:19:12,30.69,0.02,181,555489,买盘
1611,13:19:09,30.67,--,17,52139,卖盘
1612,13:19:03,30.67,-0.02,27,82809,卖盘
1613,13:19:00,30.69,--,50,153450,买盘
1614,13:18:57,30.69,--,1,3069,买盘
1615,13:18:54,30.69,--,22,67518,买盘
1616,13:18:51,30.69,0.01,1,3069,卖盘
1617,13:18:48,30.68,-0.02,36,110448,卖盘
1618,13:18:45,30.7,0.01,89,273230,买盘
1619,13:18:42,30.69,--,20,61380,买盘
1620,13:18:39,30.69,--,54,165726,买盘
1621,13:18:36,30.69,-0.02,1,3069,中性盘
1622,13:18:33,30.71,0.03,213,654123,买盘
1623,13:18:30,30.68,-0.01,77,236236,卖盘
1624,13:18:27,30.69,-0.01,34,104346,卖盘
1625,13:18:24,30.7,0.01,51,156570,买盘
1626,13:18:21,30.69,0.01,1,3069,卖盘
1627,13:18:18,30.68,-0.01,30,92040,卖盘
1628,13:18:15,30.69,0.01,171,524799,买盘
1629,13:18:12,30.68,-0.01,50,153400,卖盘
1630,13:18:09,30.69,0.01,13,39897,买盘
1631,13:18:06,30.68,-0.01,55,168740,卖盘
1632,13:18:03,30.69,--,103,316107,买盘
1633,13:17:54,30.69,--,34,104346,买盘
1634,13:17:51,30.69,0.01,38,116622,买盘
1635,13:17:48,30.68,--,28,85904,卖盘
1636,13:17:45,30.68,--,9,27612,卖盘
1637,13:17:42,30.68,--,90,276120,卖盘
1638,13:17:39,30.68,--,19,58292,买盘
1639,13:17:33,30.68,--,42,128856,买盘
1640,13:17:30,30.68,0.01,36,110448,买盘
1641,13:17:27,30.67,-0.02,12,36804,卖盘
1642,13:17:24,30.69,0.04,6,18414,买盘
1643,13:17:21,30.65,-0.01,40,122600,卖盘
1644,13:17:18,30.66,-0.04,15,45990,买盘
1645,13:17:15,30.7,0.05,16,49120,买盘
1646,13:17:12,30.65,0.01,1,3065,中性盘
1647,13:17:09,30.64,-0.04,45,137880,卖盘
1648,13:17:06,30.68,0.04,344,1055392,买盘
1649,13:17:00,30.64,-0.02,63,193032,卖盘
1650,13:16:57,30.66,0.02,17,52122,买盘
1651,13:16:48,30.64,--,105,321720,卖盘
1652,13:16:45,30.64,-0.02,31,94984,卖盘
1653,13:16:42,30.66,--,18,55188,买盘
1654,13:16:39,30.66,0.02,153,469098,买盘
1655,13:16:36,30.64,--,142,435088,卖盘
1656,13:16:33,30.64,-0.01,66,202224,卖盘
1657,13:16:30,30.65,0.01,69,211485,买盘
1658,13:16:27,30.64,--,10,30640,卖盘
1659,13:16:24,30.64,-0.01,34,104176,卖盘
1660,13:16:21,30.65,0.01,4,12260,买盘
1661,13:16:18,30.64,0.02,265,811960,买盘
1662,13:16:15,30.62,--,66,202092,卖盘
1663,13:16:12,30.62,0.01,59,180658,中性盘
1664,13:16:09,30.61,-0.02,189,578529,卖盘
1665,13:16:03,30.63,0.01,31,94953,买盘
1666,13:16:00,30.62,0.02,91,278642,买盘
1667,13:15:57,30.6,--,3,9180,卖盘
1668,13:15:54,30.6,-0.01,33,100980,卖盘
1669,13:15:51,30.61,0.01,20,61220,买盘
1670,13:15:48,30.6,--,34,104040,买盘
1671,13:15:45,30.6,--,149,455940,买盘
1672,13:15:39,30.6,0.02,60,183600,买盘
1673,13:15:36,30.58,--,19,58102,买盘
1674,13:15:33,30.58,0.03,40,122320,买盘
1675,13:15:30,30.55,-0.04,49,149695,卖盘
1676,13:15:27,30.59,--,5,15295,买盘
1677,13:15:24,30.59,0.03,12,36708,买盘
1678,13:15:21,30.56,-0.01,34,103904,卖盘
1679,13:15:18,30.57,-0.01,29,88653,卖盘
1680,13:15:15,30.58,--,9,27522,买盘
1681,13:15:12,30.58,--,112,342496,买盘
1682,13:15:09,30.58,--,76,232408,买盘
1683,13:15:03,30.58,0.03,21,64218,买盘
1684,13:15:00,30.55,--,46,140530,卖盘
1685,13:14:57,30.55,-0.03,39,119145,卖盘
1686,13:14:54,30.58,--,26,79508,买盘
1687,13:14:51,30.58,0.02,3,9174,买盘
1688,13:14:48,30.56,-0.02,43,131408,卖盘
1689,13:14:45,30.58,--,12,36696,买盘
1690,13:14:39,30.58,0.01,30,91740,买盘
1691,13:14:36,30.57,-0.01,53,162021,中性盘
1692,13:14:30,30.58,0.02,28,85624,买盘
1693,13:14:27,30.56,--,3,9168,卖盘
1694,13:14:24,30.56,-0.02,33,100848,卖盘
1695,13:14:21,30.58,--,12,36696,买盘
1696,13:14:18,30.58,0.02,69,211002,买盘
1697,13:14:12,30.56,-0.01,45,137520,卖盘
1698,13:14:09,30.57,--,26,79482,买盘
1699,13:14:03,30.57,--,85,259845,买盘
1700,13:14:00,30.57,0.01,19,58083,买盘
1701,13:13:57,30.56,-0.01,4,12224,卖盘
1702,13:13:54,30.57,0.02,16,48912,买盘
1703,13:13:51,30.55,-0.01,30,91650,卖盘
1704,13:13:48,30.56,-0.01,11,33616,卖盘
1705,13:13:45,30.57,--,16,48912,买盘
1706,13:13:42,30.57,0.01,33,100881,买盘
1707,13:13:39,30.56,0.01,18,55008,买盘
1708,13:13:36,30.55,-0.02,19,58045,卖盘
1709,13:13:33,30.57,0.02,24,73368,买盘
1710,13:13:30,30.55,-0.01,37,113035,卖盘
1711,13:13:24,30.56,-0.01,4,12224,卖盘
1712,13:13:21,30.57,0.02,24,73368,买盘
1713,13:13:18,30.55,-0.01,42,128310,卖盘
1714,13:13:15,30.56,--,25,76400,买盘
1715,13:13:12,30.56,0.01,22,67232,买盘
1716,13:13:09,30.55,-0.01,43,131365,卖盘
1717,13:13:03,30.56,0.01,12,36672,中性盘
1718,13:13:00,30.55,--,13,39715,卖盘
1719,13:12:57,30.55,-0.01,44,134420,卖盘
1720,13:12:54,30.56,0.01,6,18336,买盘
1721,13:12:45,30.55,-0.01,39,119145,卖盘
1722,13:12:42,30.56,0.01,13,39728,买盘
1723,13:12:39,30.55,--,80,244400,卖盘
1724,13:12:36,30.55,--,48,146640,卖盘
1725,13:12:33,30.55,--,64,195520,卖盘
1726,13:12:30,30.55,0.02,81,247455,买盘
1727,13:12:27,30.53,--,111,338883,卖盘
1728,13:12:24,30.53,--,27,82431,卖盘
1729,13:12:21,30.53,--,43,131279,卖盘
1730,13:12:15,30.53,--,122,372466,买盘
1731,13:12:12,30.53,--,49,149597,卖盘
1732,13:12:06,30.53,--,41,125173,买盘
1733,13:12:03,30.53,0.01,8,24424,买盘
1734,13:12:00,30.52,-0.01,11,33572,卖盘
1735,13:11:57,30.53,-0.01,59,180127,卖盘
1736,13:11:54,30.54,--,4,12216,卖盘
1737,13:11:51,30.54,-0.01,69,210726,卖盘
1738,13:11:48,30.55,0.02,13,39715,买盘
1739,13:11:42,30.53,--,10,30530,卖盘
1740,13:11:39,30.53,-0.02,46,140438,卖盘
1741,13:11:33,30.55,0.02,2,6110,买盘
1742,13:11:30,30.53,-0.02,53,161809,卖盘
1743,13:11:27,30.55,--,17,51935,买盘
1744,13:11:24,30.55,--,1,3055,买盘
1745,13:11:21,30.55,0.02,39,119145,买盘
1746,13:11:18,30.53,-0.02,57,174021,卖盘
1747,13:11:15,30.55,--,5,15275,买盘
1748,13:11:06,30.55,--,81,247455,买盘
1749,13:11:03,30.55,0.01,8,24440,买盘
1750,13:11:00,30.54,-0.02,11,33594,卖盘
1751,13:10:57,30.56,0.03,40,122240,买盘
1752,13:10:54,30.53,-0.02,50,152650,卖盘
1753,13:10:48,30.55,0.02,9,27495,买盘
1754,13:10:45,30.53,-0.03,30,91590,卖盘
1755,13:10:42,30.56,0.01,80,244480,买盘
1756,13:10:39,30.55,--,25,76375,买盘
1757,13:10:36,30.55,0.01,12,36660,买盘
1758,13:10:33,30.54,-0.01,61,186294,卖盘
1759,13:10:30,30.55,-0.01,13,39715,卖盘
1760,13:10:27,30.56,0.01,13,39728,买盘
1761,13:10:24,30.55,-0.01,55,168025,卖盘
1762,13:10:21,30.56,--,12,36672,买盘
1763,13:10:18,30.56,0.01,21,64176,买盘
1764,13:10:12,30.55,-0.01,46,140530,卖盘
1765,13:10:09,30.56,-0.02,56,171136,卖盘
1766,13:10:06,30.58,0.03,4,12232,买盘
1767,13:10:03,30.55,-0.01,49,149695,卖盘
1768,13:09:57,30.56,0.01,1,3056,买盘
1769,13:09:54,30.55,--,39,119145,卖盘
1770,13:09:51,30.55,-0.03,44,134420,卖盘
1771,13:09:45,30.58,--,6,18348,买盘
1772,13:09:39,30.58,-0.03,61,186538,卖盘
1773,13:09:36,30.61,0.02,34,104074,买盘
1774,13:09:30,30.59,--,15,45885,卖盘
1775,13:09:27,30.59,--,44,134596,卖盘
1776,13:09:24,30.59,-0.02,48,146832,卖盘
1777,13:09:18,30.61,--,349,1068289,卖盘
1778,13:09:15,30.61,--,104,318344,卖盘
1779,13:09:12,30.61,-0.03,83,254063,中性盘
1780,13:09:06,30.64,0.04,120,367680,买盘
1781,13:09:03,30.6,-0.04,22,67320,卖盘
1782,13:09:00,30.64,--,12,36768,买盘
1783,13:08:57,30.64,0.04,143,438152,买盘
1784,13:08:42,30.6,--,32,97920,卖盘
1785,13:08:39,30.6,--,135,413100,卖盘
1786,13:08:36,30.6,-0.03,54,165240,卖盘
1787,13:08:33,30.63,--,129,395127,买盘
1788,13:08:27,30.63,0.03,12,36756,买盘
1789,13:08:24,30.6,0.02,40,122400,中性盘
1790,13:08:21,30.58,-0.03,31,94798,卖盘
1791,13:08:18,30.61,0.01,15,45915,买盘
1792,13:08:15,30.6,0.02,35,107100,买盘
1793,13:08:12,30.58,--,65,198770,卖盘
1794,13:08:09,30.58,-0.02,45,137610,卖盘
1795,13:08:06,30.6,0.02,7,21420,买盘
1796,13:08:03,30.58,0.03,26,79508,中性盘
1797,13:08:00,30.55,-0.03,76,232180,卖盘
1798,13:07:57,30.58,--,116,354728,买盘
1799,13:07:51,30.58,-0.05,17,51986,卖盘
1800,13:07:45,30.63,0.04,51,156213,买盘
1801,13:07:39,30.59,-0.01,46,140714,卖盘
1802,13:07:36,30.6,-0.01,111,339660,卖盘
1803,13:07:33,30.61,0.01,8,24488,买盘
1804,13:07:30,30.6,--,59,180540,卖盘
1805,13:07:27,30.6,--,30,91800,卖盘
1806,13:07:24,30.6,0.03,434,1328040,买盘
1807,13:07:21,30.57,-0.01,8,24456,卖盘
1808,13:07:15,30.58,0.01,52,159016,买盘
1809,13:07:12,30.57,0.02,47,143679,买盘
1810,13:07:09,30.55,-0.02,53,161915,卖盘
1811,13:07:06,30.57,--,56,171192,买盘
1812,13:07:03,30.57,-0.01,35,106995,中性盘
1813,13:06:57,30.58,0.03,117,357786,买盘
1814,13:06:51,30.55,-0.02,83,253565,卖盘
1815,13:06:48,30.57,0.02,12,36684,中性盘
1816,13:06:45,30.55,--,32,97760,卖盘
1817,13:06:42,30.55,--,80,244400,卖盘
1818,13:06:39,30.55,--,3,9165,中性盘
1819,13:06:33,30.55,--,22,67210,买盘
1820,13:06:30,30.55,-0.03,80,244400,卖盘
1821,13:06:27,30.58,--,49,149842,买盘
1822,13:06:24,30.58,0.02,76,232408,买盘
1823,13:06:21,30.56,--,33,100848,卖盘
1824,13:06:18,30.56,-0.02,15,45840,卖盘
1825,13:06:15,30.58,0.02,1,3058,买盘
1826,13:06:12,30.56,0.01,43,131408,中性盘
1827,13:06:09,30.55,-0.01,67,204685,卖盘
1828,13:06:06,30.56,--,39,119184,买盘
1829,13:06:03,30.56,0.01,8,24448,买盘
1830,13:06:00,30.55,-0.01,52,158860,卖盘
1831,13:05:57,30.56,--,21,64176,卖盘
1832,13:05:54,30.56,--,40,122240,卖盘
1833,13:05:48,30.56,--,62,189472,买盘
1834,13:05:45,30.56,0.01,78,238368,买盘
1835,13:05:42,30.55,--,40,122200,卖盘
1836,13:05:39,30.55,-0.01,77,235235,卖盘
1837,13:05:36,30.56,--,25,76400,买盘
1838,13:05:33,30.56,--,13,39728,中性盘
1839,13:05:30,30.56,0.01,16,48896,卖盘
1840,13:05:24,30.55,--,93,284115,卖盘
1841,13:05:21,30.55,-0.02,43,131365,卖盘
1842,13:05:18,30.57,0.01,2,6114,买盘
1843,13:05:15,30.56,-0.01,31,94736,卖盘
1844,13:05:12,30.57,-0.01,118,360726,卖盘
1845,13:05:06,30.58,0.02,5,15290,买盘
1846,13:05:03,30.56,0.01,91,278096,买盘
1847,13:05:00,30.55,-0.03,18,54990,卖盘
1848,13:04:57,30.58,0.03,41,125378,买盘
1849,13:04:54,30.55,-0.03,76,232180,卖盘
1850,13:04:51,30.58,0.02,30,91740,买盘
1851,13:04:48,30.56,-0.01,26,79456,卖盘
1852,13:04:45,30.57,0.01,28,85596,买盘
1853,13:04:42,30.56,0.01,92,281152,买盘
1854,13:04:39,30.55,-0.01,36,109980,卖盘
1855,13:04:36,30.56,0.01,42,128352,买盘
1856,13:04:33,30.55,-0.01,40,122200,卖盘
1857,13:04:30,30.56,-0.01,10,30560,中性盘
1858,13:04:24,30.57,--,148,452436,卖盘
1859,13:04:15,30.57,--,39,119223,卖盘
1860,13:04:09,30.57,-0.01,106,324042,中性盘
1861,13:04:06,30.58,0.01,22,67276,买盘
1862,13:04:03,30.57,0.01,66,201762,中性盘
1863,13:03:57,30.56,-0.01,32,97792,卖盘
1864,13:03:54,30.57,0.01,43,131451,买盘
1865,13:03:51,30.56,--,3,9168,卖盘
1866,13:03:48,30.56,-0.01,30,91680,卖盘
1867,13:03:45,30.57,0.02,2,6114,中性盘
1868,13:03:42,30.55,--,35,106925,卖盘
1869,13:03:39,30.55,-0.01,37,113035,卖盘
1870,13:03:36,30.56,--,42,128352,买盘
1871,13:03:33,30.56,--,46,140576,买盘
1872,13:03:23,30.56,-0.01,23,70288,卖盘
1873,13:03:14,30.57,-0.01,31,94767,卖盘
1874,13:03:11,30.58,--,36,110088,卖盘
1875,13:03:08,30.58,-0.03,81,247698,卖盘
1876,13:03:02,30.61,0.03,1,3061,中性盘
1877,13:02:59,30.58,-0.03,67,204886,卖盘
1878,13:02:53,30.61,--,43,131623,卖盘
1879,13:02:50,30.61,-0.04,33,101013,卖盘
1880,13:02:47,30.65,0.01,1,3065,买盘
1881,13:02:44,30.64,0.03,2,6128,买盘
1882,13:02:41,30.61,--,69,211209,卖盘
1883,13:02:38,30.61,--,36,110196,卖盘
1884,13:02:35,30.61,--,2,6122,卖盘
1885,13:02:32,30.61,--,55,168355,卖盘
1886,13:02:23,30.61,--,38,116318,卖盘
1887,13:02:20,30.61,--,27,82647,卖盘
1888,13:02:17,30.61,--,39,119379,卖盘
1889,13:02:11,30.61,-0.04,36,110196,卖盘
1890,13:02:08,30.65,0.01,30,91950,买盘
1891,13:02:05,30.64,--,32,98048,买盘
1892,13:01:59,30.64,0.02,4,12256,买盘
1893,13:01:53,30.62,-0.02,37,113294,卖盘
1894,13:01:41,30.64,-0.02,3,9192,卖盘
1895,13:01:35,30.66,0.02,22,67452,买盘
1896,13:01:32,30.64,-0.01,11,33704,卖盘
1897,13:01:29,30.65,-0.01,15,45975,卖盘
1898,13:01:26,30.66,--,1,3066,买盘
1899,13:01:23,30.66,0.01,3,9198,买盘
1900,13:01:20,30.65,-0.01,7,21455,卖盘
1901,13:01:14,30.66,--,8,24528,买盘
1902,13:01:08,30.66,--,10,30660,卖盘
1903,13:01:05,30.66,--,58,177828,卖盘
1904,13:00:59,30.66,--,1,3066,卖盘
1905,13:00:53,30.66,-0.01,4,12264,卖盘
1906,13:00:50,30.67,--,10,30670,买盘
1907,13:00:41,30.67,-0.01,3,9201,卖盘
1908,13:00:38,30.68,0.01,33,101244,买盘
1909,13:00:35,30.67,--,19,58273,买盘
1910,13:00:32,30.67,0.01,13,39871,买盘
1911,13:00:29,30.66,--,21,64386,卖盘
1912,13:00:20,30.66,-0.02,100,306600,卖盘
1913,13:00:11,30.68,0.01,54,165672,买盘
1914,13:00:05,30.67,-0.01,1027,3150483,卖盘
1915,11:30:03,30.68,0.01,32,98176,买盘
1916,11:30:00,30.67,--,3,9201,卖盘
1917,11:29:57,30.67,-0.01,31,95077,卖盘
1918,11:29:54,30.68,--,5,15340,买盘
1919,11:29:51,30.68,--,27,82836,买盘
1920,11:29:48,30.68,--,10,30680,买盘
1921,11:29:45,30.68,0.01,3,9204,买盘
1922,11:29:42,30.67,--,4,12268,卖盘
1923,11:29:36,30.67,-0.01,16,49072,卖盘
1924,11:29:33,30.68,0.02,97,299989,买盘
1925,11:29:30,30.66,--,23,71192,卖盘
1926,11:29:24,30.66,--,25,76650,卖盘
1927,11:29:18,30.66,--,4,12264,卖盘
1928,11:29:12,30.66,--,3,11589,卖盘
1929,11:29:09,30.66,--,85,260610,买盘
1930,11:29:06,30.66,--,25,76650,买盘
1931,11:29:03,30.66,0.03,55,168630,买盘
1932,11:29:00,30.63,-0.03,11,33693,卖盘
1933,11:28:57,30.66,0.03,91,279006,买盘
1934,11:28:51,30.63,-0.03,41,125583,卖盘
1935,11:28:48,30.66,0.01,105,321930,买盘
1936,11:28:45,30.65,-0.01,254,778510,卖盘
1937,11:28:42,30.66,0.03,28,85848,买盘
1938,11:28:36,30.63,--,205,627915,卖盘
1939,11:28:33,30.63,-0.02,63,192969,卖盘
1940,11:28:30,30.65,0.02,78,239070,买盘
1941,11:28:24,30.63,--,2,6126,卖盘
1942,11:28:21,30.63,--,3,9189,卖盘
1943,11:28:18,30.63,--,13,39819,买盘
1944,11:28:15,30.63,--,3,9189,买盘
1945,11:28:06,30.63,0.03,15,45945,中性盘
1946,11:28:00,30.6,-0.05,102,312120,卖盘
1947,11:27:57,30.65,0.05,235,720275,买盘
1948,11:27:54,30.6,--,16,48960,买盘
1949,11:27:48,30.6,--,2,6120,买盘
1950,11:27:45,30.6,--,1,3060,买盘
1951,11:27:42,30.6,-0.05,269,823140,卖盘
1952,11:27:39,30.65,-0.01,297,910305,卖盘
1953,11:27:36,30.66,0.01,188,576408,买盘
1954,11:27:30,30.65,-0.01,11,33715,卖盘
1955,11:27:27,30.66,--,40,122640,买盘
1956,11:27:21,30.66,0.01,8,24528,买盘
1957,11:27:18,30.65,-0.01,85,260525,卖盘
1958,11:27:12,30.66,--,22,67452,买盘
1959,11:27:09,30.66,0.01,8,24528,买盘
1960,11:27:03,30.65,-0.01,4,12260,卖盘
1961,11:27:00,30.66,0.01,43,131838,买盘
1962,11:26:51,30.65,--,100,306500,买盘
1963,11:26:48,30.65,0.04,50,153250,买盘
1964,11:26:45,30.61,0.02,3,9183,买盘
1965,11:26:42,30.59,-0.04,9,27531,买盘
1966,11:26:36,30.63,-0.03,3,9189,买盘
1967,11:26:33,30.66,0.08,22,67452,买盘
1968,11:26:30,30.58,-0.03,45,137610,卖盘
1969,11:26:27,30.61,-0.04,1528,4677208,卖盘
1970,11:26:24,30.65,--,53,162445,卖盘
1971,11:26:21,30.65,0.02,182,560588,买盘
1972,11:26:18,30.63,0.02,100,306300,买盘
1973,11:26:15,30.61,-0.01,3,9183,卖盘
1974,11:26:12,30.62,0.02,60,183720,买盘
1975,11:26:09,30.6,--,60,183600,买盘
1976,11:26:06,30.6,--,7,21420,买盘
1977,11:26:03,30.6,-0.02,59,180540,中性盘
1978,11:26:00,30.62,0.02,70,214340,买盘
1979,11:25:54,30.6,-0.01,44,134640,卖盘
1980,11:25:51,30.61,--,29,88769,卖盘
1981,11:25:48,30.61,0.01,12,36732,中性盘
1982,11:25:45,30.6,-0.01,59,180540,卖盘
1983,11:25:42,30.61,0.01,6,18366,买盘
1984,11:25:39,30.6,--,1,3060,卖盘
1985,11:25:36,30.6,--,4,12240,卖盘
1986,11:25:33,30.6,0.01,50,153000,买盘
1987,11:25:30,30.59,-0.01,15,45885,卖盘
1988,11:25:27,30.6,--,30,91800,买盘
1989,11:25:21,30.6,0.01,54,165240,买盘
1990,11:25:15,30.59,--,7,21413,卖盘
1991,11:25:12,30.59,-0.01,25,76475,卖盘
1992,11:25:09,30.6,--,185,566100,买盘
1993,11:25:06,30.6,--,136,416160,买盘
1994,11:25:00,30.6,--,68,208080,买盘
1995,11:24:57,30.6,0.01,132,403920,买盘
1996,11:24:54,30.59,--,3,9177,卖盘
1997,11:24:45,30.59,-0.01,4,12236,卖盘
1998,11:24:42,30.6,0.01,57,174420,买盘
1999,11:24:36,30.59,--,12,36708,买盘
2000,11:24:33,30.59,0.01,34,104006,买盘
2001,11:24:30,30.58,-0.01,18,55044,卖盘
2002,11:24:27,30.59,0.01,23,70357,买盘
2003,11:24:21,30.58,-0.01,9,27522,卖盘
2004,11:24:18,30.59,0.01,50,152950,买盘
2005,11:24:12,30.58,--,3,9174,卖盘
2006,11:24:06,30.58,0.01,21,64218,卖盘
2007,11:24:03,30.57,-0.02,17,51969,卖盘
2008,11:24:00,30.59,0.02,100,305900,买盘
2009,11:23:57,30.57,-0.01,8,24456,卖盘
2010,11:23:54,30.58,0.01,35,107030,买盘
2011,11:23:51,30.57,-0.01,5,15285,卖盘
2012,11:23:48,30.58,0.01,5,15290,买盘
2013,11:23:45,30.57,-0.01,24,73368,卖盘
2014,11:23:42,30.58,0.02,10,30580,买盘
2015,11:23:36,30.56,-0.02,9,27504,中性盘
2016,11:23:30,30.58,--,58,177364,买盘
2017,11:23:21,30.58,--,102,311916,卖盘
2018,11:23:18,30.58,--,6,18348,卖盘
2019,11:23:15,30.58,--,5,15290,卖盘
2020,11:23:12,30.58,-0.01,2,6116,卖盘
2021,11:23:09,30.59,0.01,2,6118,买盘
2022,11:23:06,30.58,--,7,21406,卖盘
2023,11:23:03,30.58,0.02,13,39754,买盘
2024,11:23:00,30.56,-0.01,12,36672,中性盘
2025,11:22:57,30.57,0.02,130,397410,中性盘
2026,11:22:54,30.55,-0.02,9,27495,卖盘
2027,11:22:48,30.57,0.01,4,12228,中性盘
2028,11:22:45,30.56,--,1,4645,卖盘
2029,11:22:42,30.56,-0.01,3,9168,卖盘
2030,11:22:39,30.57,0.02,22,67254,买盘
2031,11:22:36,30.55,-0.02,6,18330,卖盘
2032,11:22:33,30.57,--,33,100881,买盘
2033,11:22:27,30.57,--,14,42798,买盘
2034,11:22:24,30.57,0.02,34,103938,买盘
2035,11:22:21,30.55,--,2,6110,卖盘
2036,11:22:18,30.55,--,9,27495,卖盘
2037,11:22:15,30.55,-0.02,6,18330,卖盘
2038,11:22:12,30.57,0.02,35,106995,买盘
2039,11:22:09,30.55,--,16,48880,卖盘
2040,11:22:06,30.55,--,4,12220,卖盘
2041,11:22:03,30.55,--,7,21385,卖盘
2042,11:22:00,30.55,--,23,70265,卖盘
2043,11:21:57,30.55,-0.02,9,27495,卖盘
2044,11:21:54,30.57,0.02,24,73368,买盘
2045,11:21:51,30.55,0.01,1,3055,买盘
2046,11:21:48,30.54,-0.01,7,21378,卖盘
2047,11:21:45,30.55,0.01,11,33605,买盘
2048,11:21:39,30.54,--,4,12216,卖盘
2049,11:21:36,30.54,0.01,15,45810,卖盘
2050,11:21:33,30.53,--,11,33583,卖盘
2051,11:21:30,30.53,-0.02,4,12212,卖盘
2052,11:21:24,30.55,0.01,245,748475,买盘
2053,11:21:18,30.54,0.01,11,33594,买盘
2054,11:21:15,30.53,0.01,5,15265,中性盘
2055,11:21:09,30.52,-0.01,67,204484,卖盘
2056,11:21:06,30.53,--,2,6106,买盘
2057,11:21:03,30.53,0.01,42,128226,买盘
2058,11:21:00,30.52,--,23,70196,卖盘
2059,11:20:57,30.52,-0.01,2,6104,卖盘
2060,11:20:54,30.53,--,21,64113,买盘
2061,11:20:51,30.53,0.01,4,12212,买盘
2062,11:20:48,30.52,--,23,70196,卖盘
2063,11:20:45,30.52,-0.01,60,183120,卖盘
2064,11:20:42,30.53,0.01,2,6106,买盘
2065,11:20:39,30.52,-0.02,19,57988,卖盘
2066,11:20:36,30.54,0.01,41,125214,买盘
2067,11:20:33,30.53,--,41,125173,买盘
2068,11:20:27,30.53,--,20,61060,买盘
2069,11:20:21,30.53,--,16,48848,卖盘
2070,11:20:18,30.53,0.01,145,442685,买盘
2071,11:20:15,30.52,-0.01,11,33572,卖盘
2072,11:20:09,30.53,--,21,64113,买盘
2073,11:20:06,30.53,--,1,3053,买盘
2074,11:20:03,30.53,0.01,22,67166,买盘
2075,11:20:00,30.52,-0.01,28,85456,卖盘
2076,11:19:57,30.53,--,1,3053,买盘
2077,11:19:54,30.53,--,14,42742,买盘
2078,11:19:51,30.53,--,60,183180,买盘
2079,11:19:48,30.53,--,1,3053,买盘
2080,11:19:45,30.53,--,220,671660,买盘
2081,11:19:42,30.53,--,7,21371,买盘
2082,11:19:39,30.53,--,3,9159,买盘
2083,11:19:36,30.53,--,40,122120,买盘
2084,11:19:30,30.53,--,15,45795,买盘
2085,11:19:27,30.53,--,7,21371,买盘
2086,11:19:24,30.53,--,10,30530,买盘
2087,11:19:21,30.53,--,1,3053,买盘
2088,11:19:18,30.53,-0.01,42,128226,卖盘
2089,11:19:15,30.54,0.01,88,268752,买盘
2090,11:19:09,30.53,--,14,42742,卖盘
2091,11:19:03,30.53,--,14,42742,卖盘
2092,11:19:00,30.53,--,16,48848,买盘
2093,11:18:57,30.53,0.01,30,91590,买盘
2094,11:18:54,30.52,--,6,18312,卖盘
2095,11:18:51,30.52,--,86,262472,卖盘
2096,11:18:45,30.52,--,4,12208,卖盘
2097,11:18:39,30.52,--,5,15260,卖盘
2098,11:18:36,30.52,--,69,210588,买盘
2099,11:18:33,30.52,0.02,22,67144,买盘
2100,11:18:30,30.5,-0.02,11,33550,卖盘
2101,11:18:27,30.52,0.02,21,64092,买盘
2102,11:18:24,30.5,-0.02,11,33550,卖盘
2103,11:18:21,30.52,0.02,10,30520,买盘
2104,11:18:17,30.5,--,11,33550,卖盘
2105,11:18:11,30.5,-0.02,11,33550,卖盘
2106,11:18:08,30.52,0.02,5,15260,买盘
2107,11:18:05,30.5,0.01,7,21350,卖盘
2108,11:18:02,30.49,--,193,588457,卖盘
2109,11:17:59,30.49,--,4,12196,卖盘
2110,11:17:53,30.49,-0.01,18,54882,卖盘
2111,11:17:50,30.5,0.01,129,393450,买盘
2112,11:17:47,30.49,--,2,6098,卖盘
2113,11:17:44,30.49,-0.01,8,24392,卖盘
2114,11:17:41,30.5,0.01,36,109800,买盘
2115,11:17:38,30.49,--,10,30490,卖盘
2116,11:17:35,30.49,0.01,7,21343,卖盘
2117,11:17:32,30.48,--,142,432816,卖盘
2118,11:17:26,30.48,--,15,45720,卖盘
2119,11:17:23,30.48,--,13,39624,卖盘
2120,11:17:11,30.48,0.01,15,45720,卖盘
2121,11:17:08,30.47,--,4,12188,卖盘
2122,11:17:05,30.47,-0.01,34,103598,卖盘
2123,11:17:02,30.48,0.01,48,147340,买盘
2124,11:16:59,30.47,--,11,33517,卖盘
2125,11:16:56,30.47,0.01,25,76175,买盘
2126,11:16:53,30.46,-0.01,58,176668,卖盘
2127,11:16:50,30.47,0.01,7,21329,买盘
2128,11:16:44,30.46,-0.01,59,179714,卖盘
2129,11:16:38,30.47,--,24,73128,买盘
2130,11:16:35,30.47,-0.01,6,18282,卖盘
2131,11:16:32,30.48,--,127,387096,买盘
2132,11:16:29,30.48,0.01,85,259080,买盘
2133,11:16:26,30.47,-0.01,127,389010,卖盘
2134,11:16:23,30.48,0.01,50,152400,买盘
2135,11:16:17,30.47,--,16,48752,卖盘
2136,11:16:14,30.47,-0.02,9,27423,卖盘
2137,11:16:11,30.49,0.01,8,24392,买盘
2138,11:16:08,30.48,--,63,193548,卖盘
2139,11:16:05,30.48,-0.01,186,566928,卖盘
2140,11:16:02,30.49,--,54,164646,买盘
2141,11:15:59,30.49,--,19,57931,买盘
2142,11:15:53,30.49,--,6,18294,买盘
2143,11:15:47,30.49,-0.01,2,6098,卖盘
2144,11:15:44,30.5,0.01,75,230275,买盘
2145,11:15:41,30.49,--,35,106715,买盘
2146,11:15:35,30.49,-0.02,4,12196,买盘
2147,11:15:32,30.51,0.01,22,67122,买盘
2148,11:15:29,30.5,0.01,22,67100,买盘
2149,11:15:26,30.49,--,41,125009,卖盘
2150,11:15:20,30.49,-0.01,78,237822,卖盘
2151,11:15:17,30.5,--,12,36600,卖盘
2152,11:15:14,30.5,--,6,18300,卖盘
2153,11:15:11,30.5,-0.02,4,12200,卖盘
2154,11:15:08,30.52,0.02,5,15260,买盘
2155,11:15:05,30.5,0.01,1,3050,中性盘
2156,11:15:02,30.49,0.02,50,152450,卖盘
2157,11:14:53,30.47,-0.02,274,834878,卖盘
2158,11:14:47,30.49,-0.03,58,176842,卖盘
2159,11:14:41,30.52,-0.02,11,33572,卖盘
2160,11:14:38,30.54,--,43,131322,买盘
2161,11:14:35,30.54,--,5,15270,卖盘
2162,11:14:32,30.54,0.02,54,164916,买盘
2163,11:14:26,30.52,-0.02,4,12208,卖盘
2164,11:14:23,30.54,--,1,3054,买盘
2165,11:14:20,30.54,0.03,6,18324,买盘
2166,11:14:17,30.51,-0.05,34,103734,卖盘
2167,11:14:11,30.56,0.05,71,216976,买盘
2168,11:14:08,30.51,-0.04,11,33561,卖盘
2169,11:14:05,30.55,0.04,35,106925,买盘
2170,11:14:02,30.51,-0.01,29,88479,卖盘
2171,11:13:59,30.52,--,11,33572,卖盘
2172,11:13:56,30.52,-0.03,12,36624,卖盘
2173,11:13:50,30.55,--,11,33605,买盘
2174,11:13:47,30.55,-0.01,254,775970,卖盘
2175,11:13:44,30.56,0.01,5,15280,买盘
2176,11:13:41,30.55,--,18,54990,卖盘
2177,11:13:38,30.55,--,15,45825,卖盘
2178,11:13:35,30.55,--,21,64155,卖盘
2179,11:13:32,30.55,--,19,58045,卖盘
2180,11:13:29,30.55,0.03,20,61100,买盘
2181,11:13:26,30.52,--,20,61040,卖盘
2182,11:13:17,30.52,--,8,24416,买盘
2183,11:13:14,30.52,--,7,21364,买盘
2184,11:13:08,30.52,0.01,1,3052,买盘
2185,11:13:05,30.51,--,11,33561,卖盘
2186,11:13:02,30.51,--,28,85428,卖盘
2187,11:12:59,30.51,0.01,11,33561,中性盘
2188,11:12:56,30.5,-0.07,597,1820850,卖盘
2189,11:12:50,30.57,-0.01,45,137565,中性盘
2190,11:12:47,30.58,0.01,618,1889844,买盘
2191,11:12:44,30.57,--,1,3057,卖盘
2192,11:12:41,30.57,--,1,3057,卖盘
2193,11:12:38,30.57,--,10,30570,卖盘
2194,11:12:35,30.57,--,2,6114,卖盘
2195,11:12:32,30.57,0.01,46,140622,买盘
2196,11:12:29,30.56,-0.02,59,180304,卖盘
2197,11:12:26,30.58,--,23,70334,买盘
2198,11:12:23,30.58,0.01,31,94798,买盘
2199,11:12:11,30.57,-0.02,7,21399,买盘
2200,11:12:08,30.59,0.02,129,394611,买盘
2201,11:12:05,30.57,-0.01,54,165078,卖盘
2202,11:12:02,30.58,0.01,57,174306,买盘
2203,11:11:59,30.57,--,25,76425,卖盘
2204,11:11:56,30.57,--,3,9171,卖盘
2205,11:11:53,30.57,-0.01,5,15285,卖盘
2206,11:11:47,30.58,--,1,3058,买盘
2207,11:11:41,30.58,0.01,4,12232,买盘
2208,11:11:38,30.57,-0.01,35,106995,卖盘
2209,11:11:35,30.58,-0.01,5,15290,卖盘
2210,11:11:32,30.59,--,34,104006,买盘
2211,11:11:29,30.59,--,4,12236,买盘
2212,11:11:26,30.59,--,14,42826,买盘
2213,11:11:23,30.59,--,1,3059,买盘
2214,11:11:20,30.59,0.01,9,27531,买盘
2215,11:11:14,30.58,-0.01,1,3058,卖盘
2216,11:11:08,30.59,-0.03,17,52003,卖盘
2217,11:11:02,30.62,0.04,38,116356,买盘
2218,11:10:59,30.58,-0.01,80,244640,卖盘
2219,11:10:56,30.59,--,2,6118,买盘
2220,11:10:53,30.59,--,1,3059,卖盘
2221,11:10:47,30.59,-0.01,14,42826,卖盘
2222,11:10:44,30.6,--,2,6120,卖盘
2223,11:10:41,30.6,--,3,9180,卖盘
2224,11:10:38,30.6,--,69,211140,卖盘
2225,11:10:35,30.6,--,1,3060,卖盘
2226,11:10:32,30.6,0.02,31,94860,买盘
2227,11:10:29,30.58,-0.02,9,27522,卖盘
2228,11:10:26,30.6,--,7,21420,买盘
2229,11:10:23,30.6,--,13,39780,买盘
2230,11:10:20,30.6,0.01,112,342720,买盘
2231,11:10:11,30.59,-0.02,25,76475,卖盘
2232,11:10:08,30.61,0.01,20,61220,买盘
2233,11:10:05,30.6,--,48,146880,买盘
2234,11:10:02,30.6,--,34,104040,买盘
2235,11:09:59,30.6,--,3,9180,卖盘
2236,11:09:53,30.6,--,30,91800,卖盘
2237,11:09:50,30.6,-0.03,2,6120,卖盘
2238,11:09:44,30.63,0.03,44,134772,买盘
2239,11:09:41,30.6,--,17,52020,卖盘
2240,11:09:38,30.6,-0.02,5,15300,卖盘
2241,11:09:32,30.62,0.02,115,352130,买盘
2242,11:09:26,30.6,-0.02,14,42840,卖盘
2243,11:09:23,30.62,0.01,12,36744,买盘
2244,11:09:20,30.61,--,3,9183,卖盘
2245,11:09:17,30.61,--,52,159172,卖盘
2246,11:09:08,30.61,0.01,74,226514,买盘
2247,11:09:05,30.6,0.01,18,55080,买盘
2248,11:09:02,30.59,0.01,15,45885,中性盘
2249,11:08:56,30.58,-0.02,46,140668,卖盘
2250,11:08:53,30.6,--,24,73440,买盘
2251,11:08:50,30.6,-0.01,15,45900,中性盘
2252,11:08:44,30.61,--,12,36732,买盘
2253,11:08:41,30.61,0.04,41,125501,买盘
2254,11:08:38,30.57,-0.03,13,39741,卖盘
2255,11:08:35,30.6,-0.01,4,12240,卖盘
2256,11:08:32,30.61,0.02,32,97952,买盘
2257,11:08:29,30.59,-0.01,23,70357,卖盘
2258,11:08:23,30.6,--,22,67320,买盘
2259,11:08:20,30.6,--,1,3060,买盘
2260,11:08:17,30.6,--,1,3060,买盘
2261,11:08:14,30.6,-0.01,40,122400,买盘
2262,11:08:02,30.61,0.01,79,241819,买盘
2263,11:07:59,30.6,--,240,736572,卖盘
2264,11:07:56,30.6,--,22,67320,卖盘
2265,11:07:53,30.6,--,25,76500,卖盘
2266,11:07:47,30.6,--,52,159120,卖盘
2267,11:07:44,30.6,0.03,241,737460,买盘
2268,11:07:35,30.57,-0.03,4,12228,卖盘
2269,11:07:32,30.6,0.04,622,1903320,买盘
2270,11:07:29,30.56,--,44,134464,买盘
2271,11:07:26,30.56,--,9,27504,买盘
2272,11:07:23,30.56,0.01,18,55008,买盘
2273,11:07:20,30.55,--,3,9165,卖盘
2274,11:07:17,30.55,--,49,149695,卖盘
2275,11:07:14,30.55,--,10,30550,卖盘
2276,11:07:11,30.55,0.01,208,636112,买盘
2277,11:07:08,30.54,0.03,1,3054,买盘
2278,11:07:02,30.51,-0.03,75,228825,卖盘
2279,11:06:59,30.54,0.03,2,6108,中性盘
2280,11:06:56,30.51,-0.04,1,3051,中性盘
2281,11:06:53,30.55,--,140,427700,买盘
2282,11:06:47,30.55,--,10,30550,买盘
2283,11:06:44,30.55,0.01,25,76375,买盘
2284,11:06:38,30.54,-0.01,10,30540,卖盘
2285,11:06:35,30.55,--,15,45825,买盘
2286,11:06:32,30.55,--,33,100815,买盘
2287,11:06:23,30.55,--,487,1490167,卖盘
2288,11:06:20,30.55,-0.01,9,27495,卖盘
2289,11:06:17,30.56,-0.01,26,79456,买盘
2290,11:06:14,30.57,0.01,21,64197,买盘
2291,11:06:08,30.56,--,5,15280,买盘
2292,11:06:02,30.56,0.01,89,271984,买盘
2293,11:05:59,30.55,--,7,21385,卖盘
2294,11:05:56,30.55,-0.01,63,192465,卖盘
2295,11:05:53,30.56,0.01,23,70288,买盘
2296,11:05:47,30.55,--,53,161915,卖盘
2297,11:05:44,30.55,--,69,210795,卖盘
2298,11:05:41,30.55,--,9,27495,卖盘
2299,11:05:38,30.55,0.05,453,1384587,买盘
2300,11:05:35,30.5,-0.01,123,375150,卖盘
2301,11:05:32,30.51,-0.01,39,118989,买盘
2302,11:05:26,30.52,0.03,11,33572,买盘
2303,11:05:23,30.49,--,10,30490,卖盘
2304,11:05:17,30.49,-0.02,68,208338,卖盘
2305,11:05:14,30.51,-0.02,161,491211,中性盘
2306,11:05:08,30.53,0.04,1,3053,买盘
2307,11:05:05,30.49,--,35,106715,卖盘
2308,11:05:02,30.49,--,39,118911,卖盘
2309,11:04:59,30.49,-0.02,16,48784,卖盘
2310,11:04:56,30.51,0.01,5,15255,卖盘
2311,11:04:53,30.5,-0.02,10,30500,卖盘
2312,11:04:50,30.52,--,47,143444,买盘
2313,11:04:47,30.52,-0.01,10,30520,中性盘
2314,11:04:44,30.53,0.03,45,137385,买盘
2315,11:04:41,30.5,--,1,3050,卖盘
2316,11:04:38,30.5,-0.02,17,51850,卖盘
2317,11:04:35,30.52,--,12,36624,买盘
2318,11:04:32,30.52,0.02,38,115976,买盘
2319,11:04:26,30.5,-0.01,40,122000,卖盘
2320,11:04:23,30.51,0.01,4,12204,卖盘
2321,11:04:20,30.5,--,4,12200,卖盘
2322,11:04:17,30.5,-0.02,88,268400,卖盘
2323,11:04:11,30.52,0.01,21,64092,买盘
2324,11:04:08,30.51,--,1,3051,买盘
2325,11:04:05,30.51,-0.02,15,45765,卖盘
2326,11:04:02,30.53,0.03,19,58007,买盘
2327,11:03:59,30.5,--,12,36600,卖盘
2328,11:03:56,30.5,-0.02,211,643550,卖盘
2329,11:03:53,30.52,0.02,45,137340,买盘
2330,11:03:50,30.5,-0.01,11,33550,卖盘
2331,11:03:44,30.51,-0.02,68,207468,卖盘
2332,11:03:41,30.53,--,20,61060,买盘
2333,11:03:38,30.53,--,5,15265,买盘
2334,11:03:35,30.53,--,42,128226,买盘
2335,11:03:32,30.53,0.01,40,122120,买盘
2336,11:03:29,30.52,--,4,12208,卖盘
2337,11:03:26,30.52,-0.01,9,27468,卖盘
2338,11:03:23,30.53,0.01,16,48848,买盘
2339,11:03:20,30.52,--,5,15260,卖盘
2340,11:03:17,30.52,-0.01,48,146496,卖盘
2341,11:03:14,30.53,--,13,39689,买盘
2342,11:03:11,30.53,--,1,3053,买盘
2343,11:03:08,30.53,-0.01,18,57335,卖盘
2344,11:03:05,30.54,0.01,40,122160,买盘
2345,11:02:59,30.53,--,91,278494,卖盘
2346,11:02:56,30.53,-0.01,81,247293,卖盘
2347,11:02:53,30.54,--,20,61080,买盘
2348,11:02:47,30.54,--,11,33594,买盘
2349,11:02:44,30.54,0.01,52,158808,买盘
2350,11:02:41,30.53,-0.01,316,964748,卖盘
2351,11:02:38,30.54,0.01,13,39702,买盘
2352,11:02:35,30.53,-0.01,18,54954,卖盘
2353,11:02:32,30.54,--,34,103836,买盘
2354,11:02:29,30.54,-0.01,2,6108,中性盘
2355,11:02:23,30.55,0.02,31,94705,买盘
2356,11:02:20,30.53,--,12,36636,卖盘
2357,11:02:17,30.53,--,42,128226,卖盘
2358,11:02:14,30.53,--,6,18318,买盘
2359,11:02:11,30.53,--,13,39689,买盘
2360,11:02:08,30.53,0.01,2,6106,买盘
2361,11:02:05,30.52,-0.03,7,21364,卖盘
2362,11:02:02,30.55,0.02,44,134420,买盘
2363,11:01:59,30.53,--,14,42742,卖盘
2364,11:01:47,30.53,--,10,30530,卖盘
2365,11:01:44,30.53,--,195,595335,卖盘
2366,11:01:41,30.53,-0.01,6,18318,卖盘
2367,11:01:35,30.54,0.01,3,9162,买盘
2368,11:01:29,30.53,0.01,80,244240,买盘
2369,11:01:29,30.52,-0.01,13,39676,卖盘
2370,11:01:23,30.53,0.01,66,201498,买盘
2371,11:01:19,30.52,--,11,33572,卖盘
2372,11:01:16,30.52,-0.01,43,131236,卖盘
2373,11:01:13,30.53,0.01,6,18318,买盘
2374,11:01:10,30.52,-0.01,14,42728,卖盘
2375,11:01:07,30.53,--,13,39689,买盘
2376,11:01:04,30.53,--,39,119067,买盘
2377,11:01:01,30.53,0.01,56,170968,买盘
2378,11:00:58,30.52,-0.01,6,18312,卖盘
2379,11:00:55,30.53,0.01,2,6106,买盘
2380,11:00:52,30.52,--,18,54936,买盘
2381,11:00:49,30.52,--,7,21364,买盘
2382,11:00:46,30.52,--,59,180068,买盘
2383,11:00:40,30.52,--,20,61040,买盘
2384,11:00:37,30.52,0.01,23,70196,买盘
2385,11:00:34,30.51,-0.01,36,109836,卖盘
2386,11:00:31,30.52,0.02,35,106820,买盘
2387,11:00:28,30.5,--,21,64050,卖盘
2388,11:00:22,30.5,--,13,39650,卖盘
2389,11:00:16,30.5,--,57,173850,卖盘
2390,11:00:10,30.5,--,3,9150,买盘
2391,11:00:07,30.5,--,1,3050,中性盘
2392,11:00:04,30.5,-0.02,7,21350,卖盘
2393,11:00:01,30.52,--,28,85456,中性盘
2394,10:59:58,30.52,0.03,30,91560,买盘
2395,10:59:52,30.49,-0.03,15,45735,卖盘
2396,10:59:49,30.52,0.02,6,18312,买盘
2397,10:59:46,30.5,0.01,48,146400,中性盘
2398,10:59:43,30.49,--,145,442105,买盘
2399,10:59:37,30.49,0.01,11,33539,买盘
2400,10:59:31,30.48,--,54,164592,卖盘
2401,10:59:28,30.48,--,12,36576,卖盘
2402,10:59:25,30.48,-0.01,42,128016,卖盘
2403,10:59:22,30.49,--,3,9147,买盘
2404,10:59:19,30.49,--,1,3049,买盘
2405,10:59:16,30.49,--,15,45735,买盘
2406,10:59:13,30.49,0.01,42,128058,买盘
2407,10:59:07,30.48,--,1,3048,买盘
2408,10:59:04,30.48,-0.01,1,3048,中性盘
2409,10:59:01,30.49,-0.01,98,298802,卖盘
2410,10:58:58,30.5,0.01,14,42700,买盘
2411,10:58:55,30.49,--,9,27441,卖盘
2412,10:58:52,30.49,-0.01,51,155499,卖盘
2413,10:58:49,30.5,0.01,2,6100,买盘
2414,10:58:46,30.49,0.01,25,76225,买盘
2415,10:58:43,30.48,--,2,6096,卖盘
2416,10:58:40,30.48,-0.01,10,30480,买盘
2417,10:58:37,30.49,--,2,6098,买盘
2418,10:58:34,30.49,0.02,22,67078,买盘
2419,10:58:31,30.47,-0.01,12,36564,卖盘
2420,10:58:25,30.48,--,23,70104,卖盘
2421,10:58:22,30.48,-0.01,14,42672,卖盘
2422,10:58:19,30.49,--,5,15245,卖盘
2423,10:58:16,30.49,-0.01,9,27441,卖盘
2424,10:58:13,30.5,0.01,38,115900,买盘
2425,10:58:10,30.49,-0.01,64,195136,中性盘
2426,10:58:04,30.5,0.02,29,88450,买盘
2427,10:58:01,30.48,--,43,131064,卖盘
2428,10:57:58,30.48,-0.01,4,12192,卖盘
2429,10:57:55,30.49,--,1,3049,买盘
2430,10:57:52,30.49,0.01,9,27441,卖盘
2431,10:57:49,30.48,--,4,12192,卖盘
2432,10:57:46,30.48,--,76,231648,卖盘
2433,10:57:40,30.48,--,7,21336,卖盘
2434,10:57:37,30.48,-0.02,1,3048,中性盘
2435,10:57:31,30.5,0.02,38,115900,买盘
2436,10:57:28,30.48,-0.01,9,27432,卖盘
2437,10:57:22,30.49,-0.01,6,18294,卖盘
2438,10:57:13,30.5,--,39,118950,买盘
2439,10:57:10,30.5,--,9,27450,买盘
2440,10:57:04,30.5,0.01,57,173850,买盘
2441,10:57:01,30.49,-0.05,39,118911,卖盘
2442,10:56:58,30.54,0.01,409,1249086,买盘
2443,10:56:55,30.53,-0.01,5,15265,卖盘
2444,10:56:49,30.54,0.01,65,198510,买盘
2445,10:56:46,30.53,--,38,116014,买盘
2446,10:56:43,30.53,0.01,37,112961,买盘
2447,10:56:37,30.52,-0.01,4,12208,中性盘
2448,10:56:31,30.53,--,52,158756,买盘
2449,10:56:25,30.53,--,33,100749,买盘
2450,10:56:22,30.53,0.03,84,256452,买盘
2451,10:56:19,30.5,--,49,149450,买盘
2452,10:56:13,30.5,0.02,7,21350,买盘
2453,10:56:07,30.48,-0.04,11,33528,卖盘
2454,10:56:04,30.52,0.04,10,30520,买盘
2455,10:56:01,30.48,--,45,137160,卖盘
2456,10:55:58,30.48,--,28,85344,卖盘
2457,10:55:55,30.48,-0.02,13,39624,卖盘
2458,10:55:49,30.5,0.02,4,12200,买盘
2459,10:55:46,30.48,--,8,24384,卖盘
2460,10:55:43,30.48,-0.01,49,149352,卖盘
2461,10:55:37,30.49,0.01,4,12196,卖盘
2462,10:55:31,30.48,--,66,201168,买盘
2463,10:55:28,30.48,--,57,173736,买盘
2464,10:55:25,30.48,--,74,225552,买盘
2465,10:55:19,30.48,--,13,39624,买盘
2466,10:55:13,30.48,--,7,21336,买盘
2467,10:55:10,30.48,--,8,24384,卖盘
2468,10:55:07,30.48,0.01,10,30480,中性盘
2469,10:55:01,30.47,-0.01,27,82269,卖盘
2470,10:54:58,30.48,--,30,91440,买盘
2471,10:54:55,30.48,-0.05,3,9144,卖盘
2472,10:54:52,30.53,0.04,69,210657,买盘
2473,10:54:46,30.49,-0.03,3,9147,卖盘
2474,10:54:43,30.52,0.04,3,9156,中性盘
2475,10:54:37,30.48,--,4,12192,卖盘
2476,10:54:31,30.48,0.01,13,39624,中性盘
2477,10:54:28,30.47,-0.06,4,12188,卖盘
2478,10:54:25,30.53,0.02,26,79378,买盘
2479,10:54:19,30.51,0.04,466,1421766,买盘
2480,10:54:16,30.47,--,19,57893,买盘
2481,10:54:13,30.47,--,2,6094,买盘
2482,10:54:10,30.47,--,34,103598,买盘
2483,10:54:07,30.47,-0.01,116,353452,卖盘
2484,10:54:01,30.48,0.01,17,51816,买盘
2485,10:53:58,30.47,--,10,30470,卖盘
2486,10:53:52,30.47,--,1,3047,卖盘
2487,10:53:49,30.47,0.01,157,478379,买盘
2488,10:53:46,30.46,--,9,27414,卖盘
2489,10:53:40,30.46,--,8,24368,卖盘
2490,10:53:37,30.46,--,24,73104,买盘
2491,10:53:31,30.46,--,74,225404,买盘
2492,10:53:28,30.46,0.01,91,277186,买盘
2493,10:53:25,30.45,-0.01,24,73080,卖盘
2494,10:53:22,30.46,-0.01,13,39598,卖盘
2495,10:53:19,30.47,0.02,26,79222,买盘
2496,10:53:16,30.45,-0.01,209,636405,卖盘
2497,10:53:13,30.46,--,69,210174,买盘
2498,10:53:07,30.46,--,76,231496,买盘
2499,10:53:01,30.46,--,36,109656,买盘
2500,10:52:58,30.46,-0.01,134,408164,卖盘
2501,10:52:55,30.47,0.01,53,161491,买盘
2502,10:52:52,30.46,-0.01,10,30460,卖盘
2503,10:52:49,30.47,--,9,27423,买盘
2504,10:52:43,30.47,0.01,20,60940,中性盘
2505,10:52:40,30.46,--,56,170576,卖盘
2506,10:52:37,30.46,--,102,310692,卖盘
2507,10:52:34,30.46,-0.01,2,6092,卖盘
2508,10:52:31,30.47,--,38,115786,卖盘
2509,10:52:28,30.47,--,30,91410,卖盘
2510,10:52:25,30.47,-0.01,13,39611,卖盘
2511,10:52:22,30.48,0.01,11,33528,买盘
2512,10:52:19,30.47,-0.01,68,207196,卖盘
2513,10:52:16,30.48,--,3,9144,买盘
2514,10:52:13,30.48,--,74,225552,买盘
2515,10:52:10,30.48,--,1,3048,买盘
2516,10:52:07,30.48,--,227,691896,卖盘
2517,10:52:04,30.48,--,40,121920,卖盘
2518,10:52:01,30.48,--,41,124968,卖盘
2519,10:51:55,30.48,--,24,73152,卖盘
2520,10:51:52,30.48,-0.01,51,155448,卖盘
2521,10:51:46,30.49,0.01,10,30490,买盘
2522,10:51:43,30.48,--,9,27432,卖盘
2523,10:51:40,30.48,-0.02,27,82296,卖盘
2524,10:51:31,30.5,0.02,84,256200,买盘
2525,10:51:28,30.48,-0.01,9,27432,卖盘
2526,10:51:22,30.49,--,99,301851,卖盘
2527,10:51:19,30.49,-0.01,10,30490,卖盘
2528,10:51:16,30.5,--,39,118950,买盘
2529,10:51:10,30.5,--,171,523929,卖盘
2530,10:51:04,30.5,-0.01,20,61000,卖盘
2531,10:51:01,30.51,0.01,33,100683,买盘
2532,10:50:58,30.5,--,2,6100,卖盘
2533,10:50:55,30.5,-0.02,64,195200,卖盘
2534,10:50:52,30.52,0.01,5,15260,买盘
2535,10:50:49,30.51,0.01,6,18306,买盘
2536,10:50:46,30.5,--,106,323300,卖盘
2537,10:50:43,30.5,-0.01,17,51850,卖盘
2538,10:50:37,30.51,-0.01,11,33561,中性盘
2539,10:50:34,30.52,0.01,34,103768,买盘
2540,10:50:31,30.51,--,27,82377,卖盘
2541,10:50:25,30.51,--,7,21357,卖盘
2542,10:50:22,30.51,--,6,18306,卖盘
2543,10:50:19,30.51,-0.01,22,67122,卖盘
2544,10:50:16,30.52,--,28,85456,买盘
2545,10:50:13,30.52,-0.01,33,100716,卖盘
2546,10:50:10,30.53,0.01,33,100749,买盘
2547,10:50:07,30.52,--,115,350980,买盘
2548,10:50:04,30.52,--,140,427280,卖盘
2549,10:49:58,30.52,--,4,12208,卖盘
2550,10:49:55,30.52,0.02,606,1849512,买盘
2551,10:49:52,30.5,--,42,128100,卖盘
2552,10:49:46,30.5,--,45,137250,卖盘
2553,10:49:43,30.5,-0.01,18,54900,卖盘
2554,10:49:40,30.51,--,10,30510,买盘
2555,10:49:37,30.51,0.01,4,12204,买盘
2556,10:49:34,30.5,--,72,219600,卖盘
2557,10:49:31,30.5,-0.01,21,64050,卖盘
2558,10:49:28,30.51,-0.01,4,12204,卖盘
2559,10:49:25,30.52,0.01,1,3052,买盘
2560,10:49:22,30.51,--,2,6102,卖盘
2561,10:49:19,30.51,0.01,2,6102,中性盘
2562,10:49:13,30.5,-0.02,5,15250,卖盘
2563,10:49:07,30.52,0.02,21,64092,中性盘
2564,10:49:01,30.5,-0.02,332,1014582,卖盘
2565,10:48:58,30.52,0.01,6,18312,买盘
2566,10:48:55,30.51,-0.01,100,306839,卖盘
2567,10:48:52,30.52,-0.01,14,42728,卖盘
2568,10:48:49,30.53,--,39,119067,买盘
2569,10:48:46,30.53,--,40,122120,买盘
2570,10:48:43,30.53,--,4,12212,买盘
2571,10:48:40,30.53,--,4,12212,买盘
2572,10:48:37,30.53,--,4,12212,买盘
2573,10:48:34,30.53,0.01,18,54954,买盘
2574,10:48:31,30.52,-0.02,13,39676,卖盘
2575,10:48:28,30.54,0.01,11,33594,买盘
2576,10:48:25,30.53,0.01,2,6106,买盘
2577,10:48:22,30.52,-0.01,42,128184,卖盘
2578,10:48:16,30.53,0.01,2,6106,中性盘
2579,10:48:10,30.52,-0.01,14,42728,卖盘
2580,10:48:04,30.53,0.01,8,24424,买盘
2581,10:48:01,30.52,--,12,36624,卖盘
2582,10:47:55,30.52,-0.02,11,33572,卖盘
2583,10:47:52,30.54,0.02,10,30540,买盘
2584,10:47:49,30.52,--,17,51884,卖盘
2585,10:47:46,30.52,--,13,39676,卖盘
2586,10:47:40,30.52,-0.02,18,54936,卖盘
2587,10:47:37,30.54,--,7,21378,买盘
2588,10:47:34,30.54,0.01,62,189348,买盘
2589,10:47:31,30.53,-0.02,26,79378,卖盘
2590,10:47:28,30.55,0.01,221,675155,买盘
2591,10:47:25,30.54,0.01,126,384804,买盘
2592,10:47:22,30.53,-0.01,12,36636,卖盘
2593,10:47:16,30.54,0.01,72,219888,买盘
2594,10:47:13,30.53,-0.01,25,76325,卖盘
2595,10:47:10,30.54,0.01,19,58026,买盘
2596,10:47:07,30.53,--,5,15265,卖盘
2597,10:47:04,30.53,-0.01,21,64113,卖盘
2598,10:46:58,30.54,--,13,39702,买盘
2599,10:46:55,30.54,-0.01,22,67188,卖盘
2600,10:46:49,30.55,--,3,9165,买盘
2601,10:46:46,30.55,0.01,15,45825,买盘
2602,10:46:40,30.54,--,8,24432,卖盘
2603,10:46:37,30.54,-0.01,37,112998,中性盘
2604,10:46:34,30.55,0.01,7,21385,买盘
2605,10:46:31,30.54,-0.01,13,39702,卖盘
2606,10:46:28,30.55,--,36,109980,买盘
2607,10:46:25,30.55,--,79,241345,卖盘
2608,10:46:22,30.55,--,137,418535,买盘
2609,10:46:19,30.55,0.02,300,916500,买盘
2610,10:46:13,30.53,-0.02,8,24424,卖盘
2611,10:46:10,30.55,0.02,13,39715,买盘
2612,10:46:04,30.53,-0.02,17,51901,卖盘
2613,10:46:01,30.55,--,16,48880,买盘
2614,10:45:58,30.55,--,30,91650,买盘
2615,10:45:55,30.55,--,16,48880,买盘
2616,10:45:49,30.55,--,4,12220,买盘
2617,10:45:46,30.55,--,251,766805,卖盘
2618,10:45:43,30.55,--,33,100815,卖盘
2619,10:45:40,30.55,--,74,226070,卖盘
2620,10:45:37,30.55,-0.01,6,18330,卖盘
2621,10:45:34,30.56,0.01,60,183360,买盘
2622,10:45:31,30.55,--,46,140530,卖盘
2623,10:45:27,30.55,--,36,109980,买盘
2624,10:45:24,30.55,0.01,19,58045,买盘
2625,10:45:21,30.54,-0.01,11,33594,卖盘
2626,10:45:18,30.55,--,9,27495,买盘
2627,10:45:15,30.55,--,42,128310,买盘
2628,10:45:12,30.55,--,16,48880,买盘
2629,10:45:09,30.55,--,4,12220,买盘
2630,10:45:06,30.55,0.01,39,119145,买盘
2631,10:45:03,30.54,--,8,24432,卖盘
2632,10:45:00,30.54,--,13,39702,卖盘
2633,10:44:57,30.54,-0.02,20,61080,卖盘
2634,10:44:51,30.56,0.01,4,12224,买盘
2635,10:44:48,30.55,0.01,45,137475,买盘
2636,10:44:45,30.54,--,23,70242,卖盘
2637,10:44:39,30.54,-0.01,90,274860,卖盘
2638,10:44:36,30.55,--,15,45825,买盘
2639,10:44:33,30.55,0.01,35,106925,买盘
2640,10:44:30,30.54,-0.01,12,36648,卖盘
2641,10:44:27,30.55,0.01,3,9165,买盘
2642,10:44:24,30.54,-0.01,41,125214,卖盘
2643,10:44:18,30.55,--,9,27495,买盘
2644,10:44:15,30.55,--,1,3055,买盘
2645,10:44:12,30.55,--,11,33605,买盘
2646,10:44:09,30.55,-0.01,48,146640,卖盘
2647,10:44:06,30.56,--,13,39728,买盘
2648,10:44:03,30.56,0.01,8,24448,买盘
2649,10:44:00,30.55,-0.01,73,223015,卖盘
2650,10:43:57,30.56,--,8,24448,买盘
2651,10:43:54,30.56,--,1,3056,买盘
2652,10:43:51,30.56,--,13,39728,买盘
2653,10:43:48,30.56,--,10,30560,买盘
2654,10:43:45,30.56,--,3,9168,买盘
2655,10:43:42,30.56,0.01,50,152800,买盘
2656,10:43:39,30.55,-0.02,4,12220,卖盘
2657,10:43:30,30.57,0.01,20,61140,买盘
2658,10:43:27,30.56,0.01,156,476736,中性盘
2659,10:43:24,30.55,-0.02,10,30550,卖盘
2660,10:43:21,30.57,--,2,6114,买盘
2661,10:43:18,30.57,0.02,22,67254,买盘
2662,10:43:15,30.55,-0.02,38,116090,卖盘
2663,10:43:12,30.57,--,41,125337,买盘
2664,10:43:09,30.57,--,2,6114,中性盘
2665,10:43:06,30.57,0.02,5,15285,中性盘
2666,10:43:03,30.55,--,11,33605,卖盘
2667,10:43:00,30.55,--,66,201630,卖盘
2668,10:42:54,30.55,--,2,6110,卖盘
2669,10:42:48,30.55,0.01,15,45825,中性盘
2670,10:42:42,30.54,-0.01,31,94674,卖盘
2671,10:42:39,30.55,0.01,74,226070,买盘
2672,10:42:36,30.54,--,18,54972,卖盘
2673,10:42:33,30.54,0.01,56,171024,买盘
2674,10:42:30,30.53,--,8,24424,卖盘
2675,10:42:27,30.53,--,103,314459,买盘
2676,10:42:21,30.53,0.02,17,51901,买盘
2677,10:42:18,30.51,-0.02,6,18306,卖盘
2678,10:42:15,30.53,0.02,10,30530,买盘
2679,10:42:09,30.51,--,5,15255,卖盘
2680,10:42:06,30.51,-0.02,3,9153,卖盘
2681,10:42:03,30.53,-0.01,285,870105,中性盘
2682,10:42:00,30.54,0.03,112,342048,买盘
2683,10:41:57,30.51,--,1,3051,卖盘
2684,10:41:54,30.51,--,9,27459,卖盘
2685,10:41:51,30.51,-0.02,8,24408,卖盘
2686,10:41:48,30.53,-0.01,10,30530,中性盘
2687,10:41:39,30.54,0.03,41,125214,买盘
2688,10:41:36,30.51,-0.02,19,57969,卖盘
2689,10:41:33,30.53,--,2,6106,卖盘
2690,10:41:30,30.53,-0.01,16,48848,中性盘
2691,10:41:21,30.54,0.04,24,73296,买盘
2692,10:41:12,30.5,-0.04,24,73200,卖盘
2693,10:41:06,30.54,0.01,163,497802,买盘
2694,10:41:03,30.53,0.03,13,39689,中性盘
2695,10:41:00,30.5,-0.03,12,36600,卖盘
2696,10:40:57,30.53,-0.01,612,1868436,卖盘
2697,10:40:54,30.54,0.03,68,207672,买盘
2698,10:40:48,30.51,--,12,36612,买盘
2699,10:40:45,30.51,-0.03,386,1177686,卖盘
2700,10:40:42,30.54,0.01,1,3054,买盘
2701,10:40:36,30.53,--,4,12212,卖盘
2702,10:40:33,30.53,0.01,23,70219,买盘
2703,10:40:30,30.52,--,63,192276,卖盘
2704,10:40:27,30.52,--,15,45780,卖盘
2705,10:40:24,30.52,0.01,155,473060,买盘
2706,10:40:21,30.51,--,64,195264,卖盘
2707,10:40:18,30.51,--,4,12204,卖盘
2708,10:40:15,30.51,--,6,18306,卖盘
2709,10:40:12,30.51,-0.01,11,33561,卖盘
2710,10:40:09,30.52,0.02,4,12208,中性盘
2711,10:40:00,30.5,-0.01,36,109800,卖盘
2712,10:39:57,30.51,-0.01,4,12204,卖盘
2713,10:39:54,30.52,0.02,11,33572,卖盘
2714,10:39:51,30.5,--,50,152500,卖盘
2715,10:39:48,30.5,-0.04,5,15250,卖盘
2716,10:39:45,30.54,0.04,36,109944,买盘
2717,10:39:42,30.5,-0.02,9,27450,卖盘
2718,10:39:36,30.52,--,17,51884,买盘
2719,10:39:33,30.52,0.02,1,3052,买盘
2720,10:39:30,30.5,-0.02,35,106750,卖盘
2721,10:39:27,30.52,--,12,36624,卖盘
2722,10:39:24,30.52,--,2,6104,卖盘
2723,10:39:21,30.52,--,17,51884,卖盘
2724,10:39:15,30.52,--,41,125132,卖盘
2725,10:39:12,30.52,-0.02,5,15260,中性盘
2726,10:39:09,30.54,0.04,33,100782,买盘
2727,10:39:06,30.5,-0.02,10,30500,卖盘
2728,10:39:03,30.52,0.01,21,64092,中性盘
2729,10:38:57,30.51,-0.03,32,97632,卖盘
2730,10:38:54,30.54,0.02,20,61080,买盘
2731,10:38:48,30.52,0.02,12,36624,买盘
2732,10:38:45,30.5,-0.04,111,338550,卖盘
2733,10:38:42,30.54,-0.01,7,21378,买盘
2734,10:38:36,30.55,0.03,10,30550,买盘
2735,10:38:33,30.52,--,2,6104,卖盘
2736,10:38:30,30.52,0.02,31,94612,中性盘
2737,10:38:27,30.5,-0.04,208,634400,卖盘
2738,10:38:24,30.54,--,25,76350,卖盘
2739,10:38:21,30.54,--,4,12216,买盘
2740,10:38:18,30.54,0.02,4,12216,中性盘
2741,10:38:15,30.52,-0.03,1,3052,卖盘
2742,10:38:09,30.55,0.01,13,39715,买盘
