,time,price,change,volume,amount,type
0,15:00:21,8.67,0.04,12158,10540986,买盘
1,14:57:51,8.63,--,0,0,买盘
2,14:57:03,8.63,--,170,146710,卖盘
3,14:56:57,8.63,-0.01,101,87163,中性盘
4,14:56:54,8.64,0.01,37,31968,买盘
5,14:56:51,8.63,--,206,177778,买盘
6,14:56:48,8.63,--,511,440993,买盘
7,14:56:42,8.63,--,228,196764,买盘
8,14:56:36,8.63,--,529,456527,卖盘
9,14:56:30,8.63,--,88,75944,卖盘
10,14:56:27,8.63,--,55,47465,卖盘
11,14:56:24,8.63,--,121,104423,卖盘
12,14:56:21,8.63,-0.01,79,68177,卖盘
13,14:56:18,8.64,--,20,17280,买盘
14,14:56:15,8.64,--,47,40608,买盘
15,14:56:12,8.64,--,22,19008,买盘
16,14:56:09,8.64,--,103,88992,买盘
17,14:56:06,8.64,-0.01,113,97632,卖盘
18,14:56:03,8.65,0.01,111,96015,买盘
19,14:55:57,8.64,--,26,22464,卖盘
20,14:55:57,8.64,--,90,77760,买盘
21,14:55:51,8.64,--,109,94176,中性盘
22,14:55:48,8.64,-0.01,152,131328,卖盘
23,14:55:45,8.65,0.01,10,8650,买盘
24,14:55:42,8.64,--,72,62208,卖盘
25,14:55:39,8.64,--,66,57024,买盘
26,14:55:36,8.64,-0.01,20,17280,买盘
27,14:55:33,8.65,--,18,16158,买盘
28,14:55:27,8.65,0.01,62,53630,中性盘
29,14:55:24,8.64,-0.01,1095,946356,卖盘
30,14:55:21,8.65,0.01,103,89095,买盘
31,14:55:18,8.64,-0.01,85,73440,卖盘
32,14:55:12,8.65,--,43,37195,买盘
33,14:55:09,8.65,0.01,121,104665,买盘
34,14:55:06,8.64,-0.01,93,80352,卖盘
35,14:55:03,8.65,--,110,95150,买盘
36,14:55:00,8.65,--,59,51035,买盘
37,14:54:57,8.65,--,37,32005,买盘
38,14:54:54,8.65,0.01,95,82175,买盘
39,14:54:51,8.64,0.01,151,130464,卖盘
40,14:54:48,8.63,-0.01,261,225243,卖盘
41,14:54:45,8.64,-0.01,19,16416,卖盘
42,14:54:42,8.65,--,194,167810,买盘
43,14:54:39,8.65,0.02,404,349460,买盘
44,14:54:36,8.63,-0.02,10,8630,卖盘
45,14:54:30,8.65,0.01,608,525920,买盘
46,14:54:21,8.64,0.02,52,44928,买盘
47,14:54:18,8.62,-0.01,120,103439,卖盘
48,14:54:15,8.63,--,58,50054,中性盘
49,14:54:09,8.63,-0.02,15,12945,中性盘
50,14:54:06,8.65,0.03,5014,4337110,买盘
51,14:54:03,8.62,--,32,27583,卖盘
52,14:54:00,8.62,--,10074,8683788,卖盘
53,14:53:57,8.62,--,62,53443,买盘
54,14:53:54,8.62,--,171,147402,买盘
55,14:53:51,8.62,0.01,21,18102,买盘
56,14:53:48,8.61,-0.01,4,3444,卖盘
57,14:53:45,8.62,0.01,138,118955,买盘
58,14:53:42,8.61,-0.01,266,229025,卖盘
59,14:53:39,8.62,0.01,218,187915,买盘
60,14:53:36,8.61,-0.01,160,137760,卖盘
61,14:53:33,8.62,--,17,14653,买盘
62,14:53:30,8.62,--,14,12067,买盘
63,14:53:27,8.62,--,13,11205,买盘
64,14:53:24,8.62,--,245,211189,买盘
65,14:53:21,8.62,0.01,88,75856,买盘
66,14:53:12,8.61,-0.01,51,43911,卖盘
67,14:53:09,8.62,--,20,17240,买盘
68,14:53:06,8.62,--,29,24997,卖盘
69,14:53:03,8.62,--,47,40513,买盘
70,14:53:00,8.62,0.01,13,11205,买盘
71,14:52:57,8.61,-0.03,10,8610,中性盘
72,14:52:51,8.64,0.03,5028,4344192,买盘
73,14:52:48,8.61,--,205,176505,卖盘
74,14:52:45,8.61,--,5,4305,卖盘
75,14:52:42,8.61,-0.01,4,3444,卖盘
76,14:52:39,8.62,--,65,56029,买盘
77,14:52:36,8.62,0.01,800,689599,买盘
78,14:52:33,8.61,--,45,38745,买盘
79,14:52:30,8.61,--,49,42189,买盘
80,14:52:27,8.61,0.01,37,31856,买盘
81,14:52:24,8.6,--,45,38700,卖盘
82,14:52:18,8.6,-0.02,390,335400,卖盘
83,14:52:15,8.62,0.02,1110,956819,买盘
84,14:52:09,8.6,-0.01,111,95460,卖盘
85,14:52:03,8.61,0.01,3,2583,中性盘
86,14:52:00,8.6,--,386,331960,卖盘
87,14:51:57,8.6,--,2,1720,卖盘
88,14:51:54,8.6,-0.02,92,79120,卖盘
89,14:51:48,8.62,0.01,400,344799,买盘
90,14:51:42,8.61,--,10,8610,买盘
91,14:51:39,8.61,--,111,95571,卖盘
92,14:51:33,8.61,--,10,8610,卖盘
93,14:51:30,8.61,--,81,69741,卖盘
94,14:51:24,8.61,--,64,55104,卖盘
95,14:51:15,8.61,--,35,30134,卖盘
96,14:51:12,8.61,--,21,18081,卖盘
97,14:51:09,8.61,--,351,302211,买盘
98,14:51:06,8.61,--,8,6888,买盘
99,14:51:03,8.61,--,235,202335,买盘
100,14:51:00,8.61,--,2,1722,买盘
101,14:50:54,8.61,--,5,4305,买盘
102,14:50:51,8.61,-0.01,22,18942,卖盘
103,14:50:48,8.62,0.01,57,49133,买盘
104,14:50:45,8.61,--,148,127427,卖盘
105,14:50:42,8.61,--,71,61130,卖盘
106,14:50:39,8.61,--,69,59408,卖盘
107,14:50:36,8.61,--,22,18942,卖盘
108,14:50:33,8.61,--,69,59408,卖盘
109,14:50:30,8.61,0.01,606,521765,买盘
110,14:50:27,8.6,--,10,8600,卖盘
111,14:50:24,8.6,--,87,74820,卖盘
112,14:50:18,8.6,--,28,24080,卖盘
113,14:50:15,8.6,--,10,8600,卖盘
114,14:50:12,8.6,--,33,28380,卖盘
115,14:50:09,8.6,--,14,12040,卖盘
116,14:50:03,8.6,--,29,24940,卖盘
117,14:50:00,8.6,--,30,25800,卖盘
118,14:49:57,8.6,-0.01,200,172000,卖盘
119,14:49:54,8.61,0.01,9,7748,买盘
120,14:49:45,8.6,-0.01,67,57620,卖盘
121,14:49:42,8.61,--,118,101598,卖盘
122,14:49:39,8.61,--,317,272937,买盘
123,14:49:36,8.61,0.01,4,3444,买盘
124,14:49:33,8.6,--,67,57620,卖盘
125,14:49:30,8.6,--,12,10320,卖盘
126,14:49:27,8.6,--,10,8600,卖盘
127,14:49:24,8.6,--,56,48160,卖盘
128,14:49:21,8.6,--,269,231340,卖盘
129,14:49:18,8.6,--,113,97180,卖盘
130,14:49:15,8.6,--,20,17200,卖盘
131,14:49:12,8.6,-0.01,115,98900,卖盘
132,14:49:09,8.61,--,158,136038,买盘
133,14:49:06,8.61,--,6,5166,买盘
134,14:49:03,8.61,0.01,351,302211,买盘
135,14:49:00,8.6,-0.01,50,43000,卖盘
136,14:48:57,8.61,0.01,59,50799,买盘
137,14:48:54,8.6,-0.01,4,3440,卖盘
138,14:48:51,8.61,0.01,10,8610,买盘
139,14:48:48,8.6,-0.01,7,6020,卖盘
140,14:48:42,8.61,0.01,14,12054,买盘
141,14:48:36,8.6,--,40,34400,卖盘
142,14:48:33,8.6,-0.01,67,57620,卖盘
143,14:48:30,8.61,--,6,5166,买盘
144,14:48:27,8.61,--,1,861,买盘
145,14:48:21,8.61,--,12,10332,买盘
146,14:48:18,8.61,-0.01,855,736155,卖盘
147,14:48:15,8.62,0.01,24,20687,买盘
148,14:48:12,8.61,-0.01,206,177366,卖盘
149,14:48:06,8.62,--,109,93957,买盘
150,14:48:03,8.62,0.01,10,8620,买盘
151,14:48:00,8.61,-0.01,20,17220,卖盘
152,14:47:54,8.62,--,50,43099,买盘
153,14:47:51,8.62,--,64,55167,买盘
154,14:47:48,8.62,--,90,77580,卖盘
155,14:47:45,8.62,--,75,64649,买盘
156,14:47:39,8.62,--,21,18102,买盘
157,14:47:36,8.62,--,99,85337,买盘
158,14:47:33,8.62,0.01,21,18102,买盘
159,14:47:27,8.61,-0.02,94,80934,卖盘
160,14:47:21,8.63,0.01,636,548868,买盘
161,14:47:15,8.62,0.01,185,159470,中性盘
162,14:47:09,8.61,-0.01,39,33579,卖盘
163,14:47:06,8.62,--,176,151712,卖盘
164,14:47:03,8.62,--,576,496511,买盘
165,14:47:00,8.62,0.01,3,2585,买盘
166,14:46:57,8.61,-0.01,8,6888,卖盘
167,14:46:51,8.62,--,1,861,买盘
168,14:46:48,8.62,0.01,10,8620,买盘
169,14:46:45,8.61,--,10,8610,卖盘
170,14:46:42,8.61,-0.01,33,28412,卖盘
171,14:46:36,8.62,--,9,7757,买盘
172,14:46:33,8.62,0.01,12,10343,买盘
173,14:46:30,8.61,-0.01,70,60269,卖盘
174,14:46:18,8.62,--,199,171537,买盘
175,14:46:15,8.62,--,27,23273,买盘
176,14:46:12,8.62,0.01,1231,1061122,买盘
177,14:46:09,8.61,--,15,12915,卖盘
178,14:46:06,8.61,--,16,13776,卖盘
179,14:46:03,8.61,-0.01,10,8610,卖盘
180,14:45:57,8.62,0.01,60,51719,买盘
181,14:45:51,8.61,--,258,222137,卖盘
182,14:45:48,8.61,--,10,8610,卖盘
183,14:45:42,8.61,-0.01,20,17220,卖盘
184,14:45:39,8.62,--,10,8620,买盘
185,14:45:36,8.62,0.01,26,22411,买盘
186,14:45:33,8.61,--,274,235913,卖盘
187,14:45:30,8.61,--,7,6027,卖盘
188,14:45:24,8.61,--,424,365064,卖盘
189,14:45:21,8.61,--,311,267771,买盘
190,14:45:15,8.61,--,3,2583,买盘
191,14:45:09,8.61,0.01,20,17220,买盘
192,14:45:06,8.6,-0.01,10,8600,卖盘
193,14:45:00,8.61,-0.01,75,64574,卖盘
194,14:44:57,8.62,0.01,160,137920,买盘
195,14:44:54,8.61,--,1,861,卖盘
196,14:44:51,8.61,--,700,602700,卖盘
197,14:44:48,8.61,--,10,8610,卖盘
198,14:44:45,8.61,--,30,25830,卖盘
199,14:44:39,8.61,--,5,4305,卖盘
200,14:44:36,8.61,--,23,19803,卖盘
201,14:44:33,8.61,--,131,112790,卖盘
202,14:44:30,8.61,--,6,5166,卖盘
203,14:44:27,8.61,-0.01,50,43050,卖盘
204,14:44:24,8.62,0.01,469,404277,买盘
205,14:44:18,8.61,--,112,96432,卖盘
206,14:44:15,8.61,-0.01,5,4305,卖盘
207,14:44:12,8.62,0.01,70,60339,买盘
208,14:44:09,8.61,--,216,185976,卖盘
209,14:44:00,8.61,--,10,8610,卖盘
210,14:43:57,8.61,--,218,187698,卖盘
211,14:43:54,8.61,0.01,597,514016,买盘
212,14:43:51,8.6,--,35,30100,卖盘
213,14:43:48,8.6,--,10,8600,卖盘
214,14:43:42,8.6,-0.01,81,69660,卖盘
215,14:43:39,8.61,0.01,52,44772,买盘
216,14:43:36,8.6,--,10,8600,卖盘
217,14:43:33,8.6,--,50,43000,卖盘
218,14:43:27,8.6,--,1381,1187660,卖盘
219,14:43:21,8.6,-0.01,50,43000,卖盘
220,14:43:18,8.61,--,72,61991,买盘
221,14:43:12,8.61,0.01,195,167895,买盘
222,14:43:06,8.6,-0.01,10,8600,卖盘
223,14:42:50,8.61,--,143,123122,买盘
224,14:42:47,8.61,-0.01,408,351288,卖盘
225,14:42:44,8.62,0.01,1,861,买盘
226,14:42:41,8.61,--,3,2583,卖盘
227,14:42:38,8.61,-0.01,47,40467,卖盘
228,14:42:35,8.62,0.01,369,318078,买盘
229,14:42:29,8.61,-0.01,110,94710,卖盘
230,14:42:26,8.62,0.01,370,318940,买盘
231,14:42:23,8.61,--,52,44772,卖盘
232,14:42:20,8.61,--,14,12054,卖盘
233,14:42:17,8.61,--,5,4305,卖盘
234,14:42:14,8.61,--,15,12915,卖盘
235,14:42:11,8.61,-0.01,17,14636,卖盘
236,14:42:05,8.62,0.01,7,6033,买盘
237,14:42:02,8.61,--,5,4305,卖盘
238,14:41:59,8.61,--,15,12915,卖盘
239,14:41:56,8.61,--,430,370230,买盘
240,14:41:50,8.61,--,4,3444,买盘
241,14:41:41,8.61,0.01,46,39606,买盘
242,14:41:38,8.6,-0.01,20,17200,卖盘
243,14:41:35,8.61,--,62,53382,买盘
244,14:41:26,8.61,--,150,129149,买盘
245,14:41:23,8.61,0.01,52,44772,买盘
246,14:41:20,8.6,--,20,17200,卖盘
247,14:41:14,8.6,--,24,20640,卖盘
248,14:41:11,8.6,-0.01,200,172000,卖盘
249,14:41:05,8.61,--,8,6888,卖盘
250,14:40:59,8.61,--,4,3444,卖盘
251,14:40:56,8.61,--,119,102459,卖盘
252,14:40:53,8.61,--,17,14636,卖盘
253,14:40:50,8.61,--,142,122261,卖盘
254,14:40:47,8.61,--,10,8610,卖盘
255,14:40:44,8.61,--,1007,867027,卖盘
256,14:40:38,8.61,0.01,34,29273,中性盘
257,14:40:29,8.6,-0.02,18,15480,卖盘
258,14:40:26,8.62,0.02,30,25859,买盘
259,14:40:23,8.6,-0.01,914,786040,卖盘
260,14:40:20,8.61,0.01,118,101598,买盘
261,14:40:14,8.6,-0.02,168,144480,卖盘
262,14:40:02,8.62,0.01,923,795625,买盘
263,14:39:56,8.61,--,48,41328,卖盘
264,14:39:53,8.61,-0.01,145,124844,卖盘
265,14:39:50,8.62,0.01,54,46547,买盘
266,14:39:47,8.61,--,56,48216,卖盘
267,14:39:44,8.61,--,49,42189,卖盘
268,14:39:41,8.61,--,16,13776,卖盘
269,14:39:35,8.61,--,150,129149,卖盘
270,14:39:32,8.61,--,78,67158,卖盘
271,14:39:29,8.61,--,1,861,卖盘
272,14:39:23,8.61,--,20,17220,卖盘
273,14:39:20,8.61,--,888,764568,买盘
274,14:39:17,8.61,0.01,23,19803,买盘
275,14:39:11,8.6,--,5,4300,卖盘
276,14:39:02,8.6,--,23,19780,卖盘
277,14:38:59,8.6,-0.01,33,28380,卖盘
278,14:38:53,8.61,0.01,30,25830,买盘
279,14:38:50,8.6,--,526,452360,卖盘
280,14:38:44,8.6,--,28,24080,卖盘
281,14:38:41,8.6,--,100,86000,卖盘
282,14:38:38,8.6,-0.01,71,61060,卖盘
283,14:38:32,8.61,0.01,30,25830,买盘
284,14:38:26,8.6,-0.02,123,105780,卖盘
285,14:38:14,8.62,0.02,83,71546,买盘
286,14:38:05,8.6,--,93,79980,买盘
287,14:38:02,8.6,-0.02,58,49880,卖盘
288,14:37:59,8.62,--,2,1723,买盘
289,14:37:56,8.62,-0.01,28,24135,卖盘
290,14:37:50,8.63,--,16,13808,买盘
291,14:37:47,8.63,--,528,455664,卖盘
292,14:37:44,8.63,--,93,80259,卖盘
293,14:37:41,8.63,-0.01,578,498814,卖盘
294,14:37:38,8.64,0.01,6,5184,买盘
295,14:37:35,8.63,--,85,73355,卖盘
296,14:37:32,8.63,--,574,495362,卖盘
297,14:37:29,8.63,-0.01,95,81985,卖盘
298,14:37:26,8.64,--,304,262656,买盘
299,14:37:20,8.64,--,187,161568,买盘
300,14:37:17,8.64,--,54,46656,买盘
301,14:37:14,8.64,--,11,9504,买盘
302,14:37:11,8.64,--,120,103680,买盘
303,14:37:05,8.64,-0.01,37,31968,中性盘
304,14:37:02,8.65,0.01,2300,1989500,买盘
305,14:36:59,8.64,0.01,29,25056,买盘
306,14:36:56,8.63,--,28,24164,卖盘
307,14:36:53,8.63,-0.01,62,53506,卖盘
308,14:36:50,8.64,--,68,58752,买盘
309,14:36:47,8.64,0.01,90,77760,买盘
310,14:36:44,8.63,0.01,13,11598,中性盘
311,14:36:41,8.62,-0.01,1059,912857,卖盘
312,14:36:38,8.63,--,1011,872493,买盘
313,14:36:35,8.63,0.01,27,23301,买盘
314,14:36:32,8.62,-0.01,686,591332,卖盘
315,14:36:26,8.63,--,8,6904,买盘
316,14:36:23,8.63,0.01,261,225450,买盘
317,14:36:20,8.62,-0.01,183,157746,卖盘
318,14:36:17,8.63,--,443,382309,买盘
319,14:36:11,8.63,--,170,146710,买盘
320,14:36:05,8.63,0.01,10,8630,买盘
321,14:36:02,8.62,--,8,6895,卖盘
322,14:35:56,8.62,--,10,8620,卖盘
323,14:35:53,8.62,--,25,21549,卖盘
324,14:35:50,8.62,--,5,4310,卖盘
325,14:35:47,8.62,0.02,1398,1205231,买盘
326,14:35:44,8.6,--,24,20640,买盘
327,14:35:41,8.6,0.01,48,41280,中性盘
328,14:35:32,8.59,-0.01,20,17180,卖盘
329,14:35:29,8.6,--,52,45476,买盘
330,14:35:20,8.6,0.01,11,9460,买盘
331,14:35:14,8.59,--,43,36937,卖盘
332,14:35:11,8.59,-0.01,40,34360,卖盘
333,14:35:05,8.6,0.01,116,99760,买盘
334,14:35:02,8.59,-0.01,10,8590,卖盘
335,14:34:59,8.6,--,152,130720,买盘
336,14:34:53,8.6,--,15,12900,买盘
337,14:34:47,8.6,0.02,20,17200,买盘
338,14:34:44,8.58,--,217,186186,卖盘
339,14:34:41,8.58,--,145,124410,卖盘
340,14:34:32,8.58,--,1646,1412268,卖盘
341,14:34:29,8.58,-0.02,5,4290,卖盘
342,14:34:26,8.6,0.01,1180,1014800,买盘
343,14:34:14,8.59,0.02,196,168364,买盘
344,14:34:08,8.57,--,16,13712,卖盘
345,14:33:59,8.57,-0.02,4,3428,卖盘
346,14:33:56,8.59,0.01,46,39514,买盘
347,14:33:50,8.58,--,7,6006,买盘
348,14:33:47,8.58,--,100,85902,卖盘
349,14:33:41,8.58,-0.01,1332,1142856,卖盘
350,14:33:38,8.59,--,54,46386,卖盘
351,14:33:35,8.59,0.01,687,590906,买盘
352,14:33:29,8.58,-0.01,869,746442,卖盘
353,14:33:17,8.59,--,80,68720,买盘
354,14:33:14,8.59,--,8,6872,买盘
355,14:33:11,8.59,--,10,8590,买盘
356,14:33:05,8.59,--,31,26629,买盘
357,14:32:59,8.59,--,4,3436,买盘
358,14:32:53,8.59,--,641,550704,卖盘
359,14:32:47,8.59,--,389,334924,卖盘
360,14:32:38,8.59,--,5,4295,卖盘
361,14:32:35,8.59,--,1,859,卖盘
362,14:32:29,8.59,--,102,87618,卖盘
363,14:32:23,8.59,--,20,17180,卖盘
364,14:32:20,8.59,--,5,4295,卖盘
365,14:32:17,8.59,--,39,33501,买盘
366,14:32:14,8.59,--,26,22334,买盘
367,14:32:05,8.59,--,2,1718,买盘
368,14:31:59,8.59,--,1,859,买盘
369,14:31:56,8.59,--,208,178672,卖盘
370,14:31:53,8.59,0.01,72,61848,买盘
371,14:31:50,8.58,-0.01,18,15444,卖盘
372,14:31:47,8.59,--,126,108234,买盘
373,14:31:44,8.59,--,7,6013,买盘
374,14:31:38,8.59,-0.01,11,9449,买盘
375,14:31:35,8.6,0.02,257,221020,买盘
376,14:31:32,8.58,-0.01,230,197340,卖盘
377,14:31:29,8.59,--,20,17180,买盘
378,14:31:23,8.59,-0.01,228,196556,卖盘
379,14:31:20,8.6,--,123,105780,买盘
380,14:31:17,8.6,0.01,78,67080,买盘
381,14:31:14,8.59,-0.01,10,8590,卖盘
382,14:31:11,8.6,0.01,10,8600,买盘
383,14:31:08,8.59,--,269,231071,卖盘
384,14:31:05,8.59,--,72,61848,卖盘
385,14:30:59,8.59,--,88,75592,卖盘
386,14:30:56,8.59,--,63,54271,买盘
387,14:30:47,8.59,0.01,10,8590,中性盘
388,14:30:41,8.58,-0.02,345,296010,卖盘
389,14:30:38,8.6,0.01,213,183180,买盘
390,14:30:35,8.59,-0.01,70,60130,卖盘
391,14:30:32,8.6,0.01,16,13760,买盘
392,14:30:29,8.59,-0.01,324,278316,卖盘
393,14:30:26,8.6,--,11,9460,买盘
394,14:30:20,8.6,--,20,17200,卖盘
395,14:30:14,8.6,--,100,86000,卖盘
396,14:30:11,8.6,--,54,46440,卖盘
397,14:30:08,8.6,--,17,14620,卖盘
398,14:30:05,8.6,--,25,21500,卖盘
399,14:30:02,8.6,0.01,93,79980,买盘
400,14:29:59,8.59,--,33,28347,买盘
401,14:29:56,8.59,--,16,13744,买盘
402,14:29:53,8.59,-0.01,4,3436,买盘
403,14:29:50,8.6,--,853,733580,卖盘
404,14:29:47,8.6,--,549,472140,买盘
405,14:29:38,8.6,--,26,22360,买盘
406,14:29:35,8.6,0.01,30,25800,买盘
407,14:29:32,8.59,--,5,4295,卖盘
408,14:29:29,8.59,-0.01,279,239661,卖盘
409,14:29:26,8.6,--,4,3440,卖盘
410,14:29:23,8.6,--,380,326800,买盘
411,14:29:17,8.6,--,15,12900,买盘
412,14:29:14,8.6,--,14,12040,卖盘
413,14:29:11,8.6,--,90,77400,买盘
414,14:29:08,8.6,--,19,16340,买盘
415,14:29:02,8.6,-0.01,13,11180,中性盘
416,14:28:59,8.61,0.01,150,129149,买盘
417,14:28:56,8.6,-0.01,20,17200,买盘
418,14:28:53,8.61,0.01,258,222137,买盘
419,14:28:50,8.6,0.01,25,21500,卖盘
420,14:28:47,8.59,-0.01,10,8590,卖盘
421,14:28:44,8.6,-0.01,31,26660,卖盘
422,14:28:41,8.61,-0.01,60,51660,中性盘
423,14:28:38,8.62,--,302,260323,买盘
424,14:28:35,8.62,--,44,37928,买盘
425,14:28:32,8.62,--,243,209465,买盘
426,14:28:26,8.62,--,521,449101,卖盘
427,14:28:23,8.62,--,103,88785,卖盘
428,14:28:20,8.62,--,100,86199,卖盘
429,14:28:17,8.62,--,119,102577,卖盘
430,14:28:14,8.62,-0.01,115,99129,卖盘
431,14:28:08,8.63,--,553,477239,卖盘
432,14:27:59,8.63,--,394,340022,卖盘
433,14:27:53,8.63,0.01,115,99245,中性盘
434,14:27:50,8.62,-0.02,491,423241,卖盘
435,14:27:47,8.64,--,29,25056,买盘
436,14:27:44,8.64,0.04,48,41472,买盘
437,14:27:41,8.6,-0.03,448,385280,卖盘
438,14:27:35,8.63,0.01,360,310680,买盘
439,14:27:32,8.62,--,66,56891,买盘
440,14:27:29,8.62,0.01,850,732699,买盘
441,14:27:23,8.61,0.01,5,4305,买盘
442,14:27:20,8.6,--,72,61920,卖盘
443,14:27:17,8.6,0.01,3551,3053860,买盘
444,14:27:11,8.59,0.02,684,587556,买盘
445,14:27:08,8.57,--,990,848430,卖盘
446,14:27:05,8.57,--,246,210822,卖盘
447,14:27:02,8.57,-0.01,310,265670,卖盘
448,14:26:59,8.58,--,176,151008,买盘
449,14:26:56,8.58,0.01,241,206778,买盘
450,14:26:53,8.57,-0.01,512,438784,卖盘
451,14:26:50,8.58,--,92,78936,买盘
452,14:26:47,8.58,--,57,48906,买盘
453,14:26:41,8.58,--,122,104676,买盘
454,14:26:38,8.58,--,104,89232,买盘
455,14:26:35,8.58,--,135,115830,买盘
456,14:26:26,8.58,0.02,29,24882,买盘
457,14:26:20,8.56,-0.01,320,273920,卖盘
458,14:26:17,8.57,--,643,551051,买盘
459,14:26:14,8.57,--,322,275954,买盘
460,14:26:11,8.57,--,559,479063,买盘
461,14:26:08,8.57,--,344,294808,买盘
462,14:26:05,8.57,--,629,539053,买盘
463,14:25:59,8.57,0.01,50,42850,买盘
464,14:25:56,8.56,-0.01,50,42800,卖盘
465,14:25:50,8.57,0.01,20,17140,买盘
466,14:25:47,8.56,--,163,139682,买盘
467,14:25:44,8.56,--,185,158360,买盘
468,14:25:37,8.56,0.01,285,243960,买盘
469,14:25:34,8.55,-0.01,131,112005,卖盘
470,14:25:31,8.56,--,575,492200,买盘
471,14:25:28,8.56,--,226,193456,买盘
472,14:25:25,8.56,--,128,109568,买盘
473,14:25:22,8.56,0.01,53,45368,买盘
474,14:25:16,8.55,--,5,4275,卖盘
475,14:25:13,8.55,--,414,353970,买盘
476,14:25:07,8.55,0.01,3,2565,买盘
477,14:25:04,8.54,--,56,47823,买盘
478,14:25:01,8.54,-0.01,6,5123,卖盘
479,14:24:58,8.55,--,11,9405,买盘
480,14:24:55,8.55,0.01,408,348840,买盘
481,14:24:52,8.54,--,94,80275,买盘
482,14:24:46,8.54,-0.01,16,13663,中性盘
483,14:24:43,8.55,0.01,216,184680,买盘
484,14:24:40,8.54,-0.01,10,8540,卖盘
485,14:24:37,8.55,--,201,171855,买盘
486,14:24:28,8.55,--,1,855,买盘
487,14:24:25,8.55,--,1,855,买盘
488,14:24:22,8.55,0.01,18,15390,买盘
489,14:24:19,8.54,-0.01,1,853,卖盘
490,14:24:16,8.55,0.01,143,122265,买盘
491,14:24:13,8.54,--,3,2561,卖盘
492,14:24:10,8.54,--,655,559370,卖盘
493,14:24:01,8.54,-0.01,23,19641,卖盘
494,14:23:58,8.55,--,30,25650,买盘
495,14:23:52,8.55,--,50,42750,买盘
496,14:23:43,8.55,-0.01,37,31635,卖盘
497,14:23:40,8.56,0.01,20,17120,买盘
498,14:23:37,8.55,--,40,34200,卖盘
499,14:23:31,8.55,-0.01,35,29925,卖盘
500,14:23:28,8.56,0.01,202,172912,买盘
501,14:23:25,8.55,--,1,855,卖盘
502,14:23:22,8.55,-0.01,20,17100,卖盘
503,14:23:16,8.56,0.01,60,51360,买盘
504,14:23:13,8.55,-0.01,218,186390,卖盘
505,14:23:10,8.56,--,9,7704,买盘
506,14:23:07,8.56,--,270,231120,买盘
507,14:23:01,8.56,--,246,210576,买盘
508,14:22:58,8.56,--,2,1712,买盘
509,14:22:55,8.56,-0.01,337,289173,卖盘
510,14:22:52,8.57,--,33,28281,买盘
511,14:22:49,8.57,--,234,200538,买盘
512,14:22:46,8.57,0.01,66,56562,买盘
513,14:22:43,8.56,--,1,856,卖盘
514,14:22:40,8.56,--,12,10272,卖盘
515,14:22:34,8.56,--,9,7704,卖盘
516,14:22:31,8.56,--,510,436714,买盘
517,14:22:28,8.56,--,68,58208,买盘
518,14:22:22,8.56,--,18,15408,买盘
519,14:22:19,8.56,0.01,359,307304,买盘
520,14:22:16,8.55,-0.01,10,8550,卖盘
521,14:22:07,8.56,0.01,104,89024,买盘
522,14:22:04,8.55,--,22,18810,买盘
523,14:22:01,8.55,--,178,152190,买盘
524,14:21:55,8.55,--,77,65835,买盘
525,14:21:52,8.55,0.01,50,42750,买盘
526,14:21:43,8.54,--,2,1707,卖盘
527,14:21:40,8.54,0.01,177,151157,买盘
528,14:21:34,8.53,--,9,7676,卖盘
529,14:21:31,8.53,-0.01,22,18766,卖盘
530,14:21:28,8.54,--,5,4270,买盘
531,14:21:25,8.54,--,14,11955,买盘
532,14:21:19,8.54,--,21,17934,买盘
533,14:21:13,8.54,0.01,80,68320,买盘
534,14:21:10,8.53,--,3,2559,卖盘
535,14:21:07,8.53,--,12,10236,卖盘
536,14:20:58,8.53,--,15,12794,卖盘
537,14:20:55,8.53,--,201,171453,卖盘
538,14:20:49,8.53,-0.01,32,27295,卖盘
539,14:20:43,8.54,--,7,5977,买盘
540,14:20:40,8.54,--,221,188733,买盘
541,14:20:34,8.54,-0.01,119,101625,卖盘
542,14:20:28,8.55,0.01,110,94050,买盘
543,14:20:16,8.54,-0.01,53,45261,卖盘
544,14:20:10,8.55,--,200,171000,买盘
545,14:20:07,8.55,0.01,85,72675,买盘
546,14:20:04,8.54,-0.01,86,73443,卖盘
547,14:20:01,8.55,0.01,32,27360,买盘
548,14:19:55,8.54,--,67,57217,卖盘
549,14:19:49,8.54,-0.02,2,1707,卖盘
550,14:19:46,8.56,0.01,306,261936,买盘
551,14:19:40,8.55,--,1,1692,卖盘
552,14:19:37,8.55,-0.01,165,141075,卖盘
553,14:19:34,8.56,0.01,114,97584,买盘
554,14:19:28,8.55,-0.01,108,92340,卖盘
555,14:19:22,8.56,--,58,49648,卖盘
556,14:19:19,8.56,--,329,281624,卖盘
557,14:19:16,8.56,--,9,7704,卖盘
558,14:19:13,8.56,-0.01,437,374072,卖盘
559,14:19:07,8.57,0.01,70,59990,买盘
560,14:19:04,8.56,-0.01,66,56496,卖盘
561,14:19:01,8.57,--,48,41136,买盘
562,14:18:58,8.57,0.01,172,147404,买盘
563,14:18:52,8.56,-0.01,40,34240,卖盘
564,14:18:49,8.57,--,52,44564,买盘
565,14:18:46,8.57,0.01,417,357369,买盘
566,14:18:40,8.56,-0.01,10,8560,卖盘
567,14:18:37,8.57,0.01,237,203109,买盘
568,14:18:34,8.56,--,88,75328,卖盘
569,14:18:31,8.56,-0.01,19,16264,卖盘
570,14:18:28,8.57,--,69,59133,买盘
571,14:18:25,8.57,0.01,797,683029,买盘
572,14:18:22,8.56,--,420,359520,卖盘
573,14:18:19,8.56,--,79,67624,买盘
574,14:18:16,8.56,--,114,97584,买盘
575,14:18:10,8.56,--,153,130968,卖盘
576,14:18:07,8.56,--,181,154936,卖盘
577,14:18:04,8.56,--,16,13696,卖盘
578,14:17:58,8.56,--,5,4280,卖盘
579,14:17:55,8.56,0.01,385,329560,买盘
580,14:17:52,8.55,--,173,147915,卖盘
581,14:17:49,8.55,--,149,127395,卖盘
582,14:17:43,8.55,--,243,207782,买盘
583,14:17:40,8.55,--,381,325755,买盘
584,14:17:37,8.55,--,169,144495,买盘
585,14:17:31,8.55,--,35,29925,买盘
586,14:17:28,8.55,--,170,145350,买盘
587,14:17:25,8.55,--,6,5130,买盘
588,14:17:22,8.55,--,348,297540,买盘
589,14:17:19,8.55,0.01,322,275310,买盘
590,14:17:16,8.54,--,101,86253,买盘
591,14:17:13,8.54,--,138,117851,买盘
592,14:17:10,8.54,--,192,163967,买盘
593,14:17:04,8.54,0.01,85,72590,买盘
594,14:17:01,8.53,--,310,264430,卖盘
595,14:16:58,8.53,-0.01,67,57150,卖盘
596,14:16:55,8.54,0.01,472,403087,买盘
597,14:16:49,8.53,--,1923,1640318,买盘
598,14:16:43,8.53,0.01,5,4265,买盘
599,14:16:40,8.52,--,18,15336,卖盘
600,14:16:34,8.52,--,928,791439,买盘
601,14:16:28,8.52,--,135,115020,买盘
602,14:16:22,8.52,--,69,58788,买盘
603,14:16:19,8.52,--,75,63900,买盘
604,14:16:16,8.52,--,122,103944,买盘
605,14:16:13,8.52,--,97,82644,买盘
606,14:16:10,8.52,--,108,92016,买盘
607,14:16:07,8.52,--,22,18744,买盘
608,14:16:04,8.52,--,49,42591,买盘
609,14:16:01,8.52,--,112,95424,买盘
610,14:15:58,8.52,0.01,1000,852000,买盘
611,14:15:55,8.51,--,4,3404,卖盘
612,14:15:52,8.51,-0.01,137,116587,卖盘
613,14:15:49,8.52,--,3,2556,买盘
614,14:15:46,8.52,0.02,530,451560,买盘
615,14:15:43,8.5,--,20,17000,卖盘
616,14:15:40,8.5,--,19,16150,卖盘
617,14:15:25,8.5,--,40,34000,卖盘
618,14:15:19,8.5,--,185,157250,买盘
619,14:15:16,8.5,--,76,64600,买盘
620,14:15:10,8.5,--,2,1700,买盘
621,14:15:07,8.5,--,119,101150,卖盘
622,14:15:04,8.5,--,25,21250,卖盘
623,14:15:01,8.5,0.01,786,668100,买盘
624,14:14:55,8.49,--,40,33960,卖盘
625,14:14:40,8.49,--,7,5943,卖盘
626,14:14:37,8.49,--,77,65373,买盘
627,14:14:34,8.49,--,283,240267,买盘
628,14:14:31,8.49,0.01,178,151122,买盘
629,14:14:28,8.48,-0.01,20,16960,卖盘
630,14:14:25,8.49,--,10,8490,买盘
631,14:14:22,8.49,--,8,6792,买盘
632,14:14:19,8.49,--,16,13584,买盘
633,14:14:13,8.49,--,25,21225,卖盘
634,14:14:10,8.49,-0.01,50,42450,卖盘
635,14:14:04,8.5,--,1,850,买盘
636,14:13:58,8.5,--,85,72250,卖盘
637,14:13:52,8.5,--,80,68000,卖盘
638,14:13:49,8.5,--,14,11900,卖盘
639,14:13:46,8.5,--,30,25500,卖盘
640,14:13:43,8.5,--,770,654500,卖盘
641,14:13:40,8.5,-0.01,10,8500,卖盘
642,14:13:37,8.51,--,335,285085,买盘
643,14:13:22,8.51,--,5,4255,买盘
644,14:13:19,8.51,--,55,46805,买盘
645,14:13:16,8.51,0.01,42,35742,买盘
646,14:13:13,8.5,--,140,119000,卖盘
647,14:13:10,8.5,-0.01,354,300900,卖盘
648,14:13:07,8.51,0.01,90,76590,买盘
649,14:13:04,8.5,--,36,30600,卖盘
650,14:13:01,8.5,--,308,261800,卖盘
651,14:12:55,8.5,-0.01,30,25500,卖盘
652,14:12:49,8.51,--,12,10212,买盘
653,14:12:46,8.51,--,10,8510,买盘
654,14:12:43,8.51,0.01,355,302105,买盘
655,14:12:40,8.5,-0.01,135,114750,卖盘
656,14:12:37,8.51,--,5,4255,买盘
657,14:12:34,8.51,0.01,112,95312,买盘
658,14:12:31,8.5,-0.01,5,4250,卖盘
659,14:12:28,8.51,0.01,9,7659,买盘
660,14:12:25,8.5,-0.01,38,32300,卖盘
661,14:12:22,8.51,0.01,56,47656,买盘
662,14:12:13,8.5,-0.01,25,21250,卖盘
663,14:12:10,8.51,0.01,170,144670,买盘
664,14:12:07,8.5,-0.01,64,54400,卖盘
665,14:12:01,8.51,0.01,516,439116,买盘
666,14:11:58,8.5,--,3,2550,卖盘
667,14:11:52,8.5,--,2,1700,卖盘
668,14:11:49,8.5,-0.02,10,8500,卖盘
669,14:11:43,8.52,--,763,650076,买盘
670,14:11:25,8.52,0.02,50,42600,买盘
671,14:11:22,8.5,-0.02,5,4250,中性盘
672,14:11:19,8.52,0.03,121,103092,买盘
673,14:11:16,8.49,--,1,849,卖盘
674,14:11:13,8.49,--,115,97635,买盘
675,14:11:10,8.49,0.01,50,42450,买盘
676,14:11:07,8.48,--,34,28832,卖盘
677,14:11:04,8.48,--,1,848,卖盘
678,14:11:01,8.48,0.01,20,16960,买盘
679,14:10:58,8.47,--,15,12705,卖盘
680,14:10:52,8.47,-0.01,203,171941,卖盘
681,14:10:46,8.48,0.01,5,4240,中性盘
682,14:10:43,8.47,--,2608,2208976,卖盘
683,14:10:34,8.47,-0.01,2336,1978592,卖盘
684,14:10:13,8.48,0.01,10,8480,卖盘
685,14:10:07,8.47,-0.01,200,169400,卖盘
686,14:10:04,8.48,-0.01,46,39008,卖盘
687,14:09:58,8.49,0.01,1,849,买盘
688,14:09:43,8.48,-0.01,13,11024,卖盘
689,14:09:40,8.49,--,39,33111,卖盘
690,14:09:34,8.49,--,20,16980,卖盘
691,14:09:16,8.49,--,49,41601,卖盘
692,14:09:10,8.49,0.01,387,328563,买盘
693,14:09:07,8.48,--,40,33920,卖盘
694,14:09:04,8.48,-0.01,940,797120,卖盘
695,14:08:58,8.49,0.01,89,75561,买盘
696,14:08:46,8.48,--,200,169600,卖盘
697,14:08:40,8.48,--,42,35616,卖盘
698,14:08:37,8.48,-0.01,11,9328,卖盘
699,14:08:34,8.49,0.01,14,11886,买盘
700,14:08:31,8.48,--,10,8480,卖盘
701,14:08:25,8.48,--,300,254400,卖盘
702,14:08:22,8.48,--,10,8480,卖盘
703,14:08:16,8.48,--,12,10176,卖盘
704,14:08:13,8.48,--,39,33072,卖盘
705,14:08:10,8.48,--,100,84800,卖盘
706,14:08:01,8.48,--,2,1696,卖盘
707,14:07:55,8.48,--,11,9328,卖盘
708,14:07:48,8.48,--,5,4240,卖盘
709,14:07:45,8.48,-0.01,58,49184,卖盘
710,14:07:42,8.49,0.01,62,52638,买盘
711,14:07:36,8.48,--,11,9328,卖盘
712,14:07:33,8.48,-0.01,85,72080,卖盘
713,14:07:30,8.49,0.01,30,25470,买盘
714,14:07:27,8.48,-0.01,50,42400,卖盘
715,14:07:24,8.49,--,200,169800,买盘
716,14:07:21,8.49,0.01,5,4245,买盘
717,14:07:15,8.48,--,46,39008,卖盘
718,14:07:06,8.48,--,32,27136,卖盘
719,14:07:03,8.48,--,51,43248,卖盘
720,14:07:00,8.48,--,5,4240,卖盘
721,14:06:57,8.48,--,95,80560,卖盘
722,14:06:54,8.48,--,79,66992,卖盘
723,14:06:51,8.48,-0.01,30,25440,卖盘
724,14:06:48,8.49,0.01,85,72165,买盘
725,14:06:45,8.48,-0.01,3,2544,卖盘
726,14:06:39,8.49,0.01,60,50940,买盘
727,14:06:33,8.48,--,10,8480,卖盘
728,14:06:30,8.48,--,1,848,卖盘
729,14:06:27,8.48,--,280,237440,卖盘
730,14:06:21,8.48,-0.01,8,6784,卖盘
731,14:06:18,8.49,0.01,83,70467,买盘
732,14:06:15,8.48,--,380,322240,卖盘
733,14:06:12,8.48,-0.02,10,8480,卖盘
734,14:06:06,8.5,--,80,68000,买盘
735,14:05:51,8.5,0.01,104,88400,买盘
736,14:05:48,8.49,--,243,206307,卖盘
737,14:05:42,8.49,-0.02,71,60279,卖盘
738,14:05:39,8.51,0.01,187,159137,买盘
739,14:05:36,8.5,0.01,632,537200,买盘
740,14:05:33,8.49,--,21,17829,卖盘
741,14:05:30,8.49,-0.01,200,169800,卖盘
742,14:05:24,8.5,--,45,38250,买盘
743,14:05:21,8.5,--,9,7650,买盘
744,14:05:12,8.5,--,17,14450,买盘
745,14:05:09,8.5,--,10,8500,买盘
746,14:05:06,8.5,--,58,49300,卖盘
747,14:05:03,8.5,-0.01,78,66300,卖盘
748,14:04:57,8.51,--,317,269767,买盘
749,14:04:54,8.51,0.01,49,41699,买盘
750,14:04:48,8.5,--,100,85000,卖盘
751,14:04:42,8.5,-0.01,10,8500,卖盘
752,14:04:39,8.51,0.01,29,24679,买盘
753,14:04:33,8.5,--,10,8500,卖盘
754,14:04:30,8.5,--,10,8500,卖盘
755,14:04:27,8.5,--,80,68000,卖盘
756,14:04:15,8.5,-0.02,2,1700,卖盘
757,14:04:12,8.52,0.01,172,146544,买盘
758,14:04:03,8.51,--,3,2553,卖盘
759,14:03:57,8.51,--,37,31487,卖盘
760,14:03:51,8.51,--,18,15318,卖盘
761,14:03:48,8.51,--,20,17020,卖盘
762,14:03:45,8.51,--,2,1702,卖盘
763,14:03:42,8.51,--,2,1702,卖盘
764,14:03:30,8.51,--,2,1702,卖盘
765,14:03:24,8.51,-0.02,3,2553,卖盘
766,14:03:21,8.53,0.02,200,170600,买盘
767,14:03:12,8.51,0.01,10,8510,中性盘
768,14:03:06,8.5,-0.02,35,29750,卖盘
769,14:03:00,8.52,-0.01,180,153360,中性盘
770,14:02:57,8.53,--,30,25589,买盘
771,14:02:51,8.53,--,160,136480,买盘
772,14:02:48,8.53,--,57,48620,买盘
773,14:02:45,8.53,--,5,4265,买盘
774,14:02:42,8.53,--,140,119419,买盘
775,14:02:36,8.53,--,308,262724,买盘
776,14:02:27,8.53,0.01,30,25589,买盘
777,14:02:18,8.52,-0.01,42,35784,卖盘
778,14:02:15,8.53,0.01,10,8530,买盘
779,14:02:12,8.52,--,27,23004,卖盘
780,14:02:09,8.52,0.02,1182,1007515,买盘
781,14:02:03,8.5,--,44,37400,卖盘
782,14:01:57,8.5,-0.01,60,51000,卖盘
783,14:01:54,8.51,--,50,42550,买盘
784,14:01:48,8.51,0.01,155,131905,买盘
785,14:01:45,8.5,-0.01,10,8500,卖盘
786,14:01:42,8.51,--,10,8510,买盘
787,14:01:39,8.51,0.01,20,17020,买盘
788,14:01:36,8.5,-0.01,30,25500,卖盘
789,14:01:33,8.51,--,3,2553,买盘
790,14:01:30,8.51,--,26,22126,买盘
791,14:01:27,8.51,--,25,21275,买盘
792,14:01:21,8.51,--,148,126347,卖盘
793,14:01:18,8.51,--,38,32338,卖盘
794,14:01:12,8.51,-0.01,13,11063,卖盘
795,14:01:09,8.52,0.01,20,17040,买盘
796,14:01:03,8.51,--,68,57868,卖盘
797,14:00:57,8.51,--,1,851,卖盘
798,14:00:54,8.51,0.01,719,612320,买盘
799,14:00:51,8.5,--,3,2550,卖盘
800,14:00:39,8.5,0.02,1095,930962,买盘
801,14:00:36,8.48,-0.01,5,4240,卖盘
802,14:00:27,8.49,--,24,20376,买盘
803,14:00:24,8.49,0.01,13,11037,买盘
804,14:00:21,8.48,-0.01,15,12720,卖盘
805,14:00:15,8.49,--,52,44148,买盘
806,14:00:09,8.49,--,60,50940,买盘
807,14:00:00,8.49,--,500,424500,买盘
808,13:59:57,8.49,0.01,18,15282,买盘
809,13:59:51,8.48,--,5,4240,卖盘
810,13:59:33,8.48,--,6,5088,卖盘
811,13:59:30,8.48,0.01,533,451984,买盘
812,13:59:27,8.47,--,115,97405,卖盘
813,13:59:24,8.47,--,43,36421,卖盘
814,13:59:21,8.47,--,2,1694,卖盘
815,13:59:18,8.47,--,51,43197,卖盘
816,13:59:15,8.47,--,14,11858,卖盘
817,13:59:12,8.47,-0.01,10,8470,卖盘
818,13:59:09,8.48,0.01,46,39008,买盘
819,13:59:03,8.47,-0.01,5,4235,卖盘
820,13:59:00,8.48,--,6,5088,买盘
821,13:58:54,8.48,--,40,33920,买盘
822,13:58:36,8.48,-0.01,270,228960,卖盘
823,13:58:33,8.49,--,8,6792,买盘
824,13:58:30,8.49,--,21,17829,买盘
825,13:58:27,8.49,--,254,215646,买盘
826,13:58:24,8.49,--,85,72165,买盘
827,13:58:06,8.49,--,332,281868,卖盘
828,13:58:03,8.49,--,27,22923,卖盘
829,13:57:54,8.49,--,61,51789,买盘
830,13:57:48,8.49,0.01,100,84900,买盘
831,13:57:42,8.48,-0.01,21,17808,卖盘
832,13:57:39,8.49,--,34,28866,买盘
833,13:57:33,8.49,--,20,16980,买盘
834,13:57:30,8.49,--,266,225834,买盘
835,13:57:27,8.49,--,69,58581,买盘
836,13:57:18,8.49,--,211,179139,买盘
837,13:57:09,8.49,--,31,26319,买盘
838,13:57:06,8.49,--,10,8490,买盘
839,13:57:03,8.49,--,9,7641,卖盘
840,13:57:00,8.49,--,11,9339,买盘
841,13:56:54,8.49,--,6,5094,卖盘
842,13:56:45,8.49,--,17,14433,买盘
843,13:56:36,8.49,--,18,15282,卖盘
844,13:56:30,8.49,--,1,849,卖盘
845,13:56:27,8.49,--,18,15282,卖盘
846,13:56:24,8.49,--,57,48393,卖盘
847,13:56:18,8.49,--,4,3396,卖盘
848,13:56:15,8.49,--,1,849,卖盘
849,13:56:09,8.49,--,21,17829,买盘
850,13:56:03,8.49,--,50,42450,买盘
851,13:55:45,8.49,--,15,12735,买盘
852,13:55:39,8.49,--,4,3396,买盘
853,13:55:30,8.49,--,23,19527,卖盘
854,13:55:15,8.49,--,24,20376,卖盘
855,13:55:12,8.49,--,110,93390,卖盘
856,13:54:57,8.49,--,80,67920,卖盘
857,13:54:48,8.49,--,100,84900,卖盘
858,13:54:42,8.49,--,7,5943,卖盘
859,13:54:36,8.49,--,53,44997,卖盘
860,13:54:33,8.49,--,12,10188,卖盘
861,13:54:15,8.49,-0.01,145,123105,卖盘
862,13:54:06,8.5,--,14,11900,买盘
863,13:53:57,8.5,--,4,3400,买盘
864,13:53:54,8.5,--,12,10200,买盘
865,13:53:30,8.5,--,710,603500,卖盘
866,13:53:12,8.5,--,247,209950,买盘
867,13:53:09,8.5,0.01,900,765000,买盘
868,13:53:03,8.49,0.01,12,10188,买盘
869,13:53:00,8.48,--,10,8480,卖盘
870,13:52:57,8.48,--,10,8480,卖盘
871,13:52:51,8.48,-0.01,67,56816,卖盘
872,13:52:42,8.49,--,38,32262,买盘
873,13:52:24,8.49,--,45,38205,买盘
874,13:52:21,8.49,--,10,8490,卖盘
875,13:52:18,8.49,--,6,5094,卖盘
876,13:52:12,8.49,--,4,3396,卖盘
877,13:52:03,8.49,--,4,3396,卖盘
878,13:51:57,8.49,-0.01,10,8490,卖盘
879,13:51:51,8.5,--,176,149600,买盘
880,13:51:44,8.5,0.01,2,1700,买盘
881,13:51:38,8.49,-0.01,30,25470,卖盘
882,13:51:35,8.5,0.01,70,59500,买盘
883,13:51:29,8.49,-0.01,11,9339,卖盘
884,13:51:26,8.5,0.01,68,57800,买盘
885,13:51:14,8.49,--,5,4245,卖盘
886,13:51:08,8.49,--,480,408292,买盘
887,13:50:59,8.49,0.01,24,20376,买盘
888,13:50:56,8.48,--,10,8480,卖盘
889,13:50:50,8.48,-0.01,10,8480,卖盘
890,13:50:35,8.49,--,152,129124,卖盘
891,13:50:29,8.49,--,10,8490,卖盘
892,13:50:26,8.49,--,1,849,卖盘
893,13:50:17,8.49,--,28,23772,卖盘
894,13:50:14,8.49,--,377,320845,卖盘
895,13:49:59,8.49,--,30,25470,卖盘
896,13:49:56,8.49,--,2,1698,卖盘
897,13:49:50,8.49,--,9,7641,卖盘
898,13:49:47,8.49,--,20,16980,卖盘
899,13:49:41,8.49,--,11,9339,卖盘
900,13:49:33,8.49,--,109,92541,卖盘
901,13:49:23,8.49,--,2,1698,卖盘
902,13:49:20,8.49,--,169,143481,卖盘
903,13:49:17,8.49,--,220,186780,卖盘
904,13:49:14,8.49,--,39,33111,卖盘
905,13:49:11,8.49,--,1,849,买盘
906,13:49:05,8.49,--,699,593451,卖盘
907,13:49:02,8.49,-0.01,30,25470,卖盘
908,13:48:53,8.5,--,5,4250,买盘
909,13:48:50,8.5,--,142,120700,卖盘
910,13:48:41,8.5,--,46,39100,卖盘
911,13:48:38,8.5,--,5,4250,卖盘
912,13:48:32,8.5,--,184,156400,卖盘
913,13:48:26,8.5,0.01,227,192950,买盘
914,13:48:23,8.49,-0.01,10,8490,卖盘
915,13:48:14,8.5,0.01,5,4250,买盘
916,13:48:08,8.49,-0.01,5,4245,卖盘
917,13:48:02,8.5,--,64,54400,买盘
918,13:47:56,8.5,--,29,24650,买盘
919,13:47:50,8.5,0.01,6,5100,买盘
920,13:47:47,8.49,-0.01,6,5094,卖盘
921,13:47:44,8.5,--,172,146200,卖盘
922,13:47:41,8.5,-0.01,85,72250,卖盘
923,13:47:35,8.51,--,2,1702,买盘
924,13:47:26,8.51,--,270,230169,卖盘
925,13:47:23,8.51,--,35,29785,卖盘
926,13:47:20,8.51,--,1,851,卖盘
927,13:47:17,8.51,--,5,4255,卖盘
928,13:47:14,8.51,--,103,87653,卖盘
929,13:47:11,8.51,-0.01,1,851,卖盘
930,13:47:08,8.52,0.01,101,86052,买盘
931,13:47:02,8.51,--,2,1702,卖盘
932,13:46:59,8.51,-0.01,2,1702,卖盘
933,13:46:56,8.52,--,30,25560,买盘
934,13:46:50,8.52,0.01,35,29820,买盘
935,13:46:47,8.51,-0.01,2,1702,卖盘
936,13:46:44,8.52,--,33,28116,卖盘
937,13:46:41,8.52,--,352,299904,卖盘
938,13:46:38,8.52,--,3,2556,卖盘
939,13:46:35,8.52,--,2,1704,卖盘
940,13:46:32,8.52,--,31,26412,卖盘
941,13:46:23,8.52,0.01,17,14484,买盘
942,13:46:20,8.51,-0.01,122,103822,卖盘
943,13:46:17,8.52,--,387,329724,卖盘
944,13:46:14,8.52,--,593,505236,买盘
945,13:46:05,8.52,0.01,30,25560,买盘
946,13:45:59,8.51,-0.01,22,18722,卖盘
947,13:45:56,8.52,--,60,51120,买盘
948,13:45:53,8.52,--,80,68160,买盘
949,13:45:50,8.52,0.01,3,2556,买盘
950,13:45:47,8.51,--,100,85100,卖盘
951,13:45:44,8.51,--,35,29785,卖盘
952,13:45:38,8.51,--,20,17020,卖盘
953,13:45:26,8.51,--,5,4255,卖盘
954,13:45:23,8.51,-0.01,2,1702,卖盘
955,13:45:20,8.52,0.01,37,31524,买盘
956,13:45:14,8.51,0.01,61,52362,买盘
957,13:45:11,8.5,-0.01,2,1700,卖盘
958,13:45:08,8.51,--,25,21674,卖盘
959,13:45:05,8.51,0.01,1121,954422,买盘
960,13:45:02,8.5,--,122,103700,卖盘
961,13:44:59,8.5,-0.01,30,25500,卖盘
962,13:44:56,8.51,0.01,107,91057,买盘
963,13:44:53,8.5,--,2,1700,卖盘
964,13:44:50,8.5,-0.01,52,44200,卖盘
965,13:44:47,8.51,0.01,510,434010,买盘
966,13:44:41,8.5,-0.01,10,8500,卖盘
967,13:44:38,8.51,--,28,23828,买盘
968,13:44:35,8.51,--,11,9361,买盘
969,13:44:32,8.51,--,5,4255,买盘
970,13:44:29,8.51,--,111,94461,卖盘
971,13:44:26,8.51,--,2,1702,卖盘
972,13:44:23,8.51,0.01,12,10212,卖盘
973,13:44:17,8.5,-0.02,1,850,卖盘
974,13:44:14,8.52,0.01,1064,906528,买盘
975,13:44:05,8.51,0.01,568,483368,买盘
976,13:44:02,8.5,--,57,48450,卖盘
977,13:43:59,8.5,-0.01,310,263500,卖盘
978,13:43:56,8.51,--,1,851,买盘
979,13:43:53,8.51,-0.01,131,111481,卖盘
980,13:43:47,8.52,--,57,48564,买盘
981,13:43:44,8.52,0.01,641,546132,买盘
982,13:43:41,8.51,-0.01,14,11914,卖盘
983,13:43:38,8.52,--,4,3408,买盘
984,13:43:35,8.52,--,10,8520,买盘
985,13:43:29,8.52,-0.01,480,408960,卖盘
986,13:43:26,8.53,--,527,449530,买盘
987,13:43:23,8.53,--,75,63974,买盘
988,13:43:20,8.53,--,10,8530,买盘
989,13:43:14,8.53,--,131,111742,买盘
990,13:43:11,8.53,--,219,186807,买盘
991,13:43:05,8.53,--,14,11942,买盘
992,13:42:56,8.53,--,35,29854,买盘
993,13:42:53,8.53,--,54,46062,卖盘
994,13:42:50,8.53,--,17,14500,卖盘
995,13:42:47,8.53,--,29,24736,卖盘
996,13:42:44,8.53,--,50,42650,卖盘
997,13:42:41,8.53,--,303,258458,卖盘
998,13:42:38,8.53,--,79,67387,卖盘
999,13:42:35,8.53,--,89,75917,买盘
1000,13:42:32,8.53,--,500,426499,买盘
1001,13:42:29,8.53,0.02,1179,1005686,买盘
1002,13:42:26,8.51,-0.02,50,42550,卖盘
1003,13:42:23,8.53,0.01,156,133068,买盘
1004,13:42:17,8.52,--,665,566580,买盘
1005,13:42:08,8.52,0.01,221,188292,买盘
1006,13:42:05,8.51,--,20,17020,买盘
1007,13:42:02,8.51,-0.01,6,5106,中性盘
1008,13:41:59,8.52,0.02,503,428556,买盘
1009,13:41:47,8.5,--,110,93500,卖盘
1010,13:41:44,8.5,-0.02,10,8500,卖盘
1011,13:41:41,8.52,0.02,515,438780,买盘
1012,13:41:38,8.5,--,70,59500,卖盘
1013,13:41:35,8.5,-0.01,47,39950,卖盘
1014,13:41:32,8.51,--,70,59570,买盘
1015,13:41:29,8.51,0.01,120,102120,买盘
1016,13:41:26,8.5,--,20,17000,卖盘
1017,13:41:23,8.5,-0.01,4,3400,中性盘
1018,13:41:20,8.51,0.01,1440,1225440,买盘
1019,13:41:17,8.5,0.01,11,9350,买盘
1020,13:41:14,8.49,-0.01,310,263190,卖盘
1021,13:41:08,8.5,0.01,19,16150,买盘
1022,13:41:02,8.49,--,30,25470,卖盘
1023,13:40:56,8.49,--,525,445725,买盘
1024,13:40:53,8.49,0.01,3,2547,买盘
1025,13:40:47,8.48,-0.01,300,254400,卖盘
1026,13:40:38,8.49,--,1,849,买盘
1027,13:40:32,8.49,--,1011,858339,卖盘
1028,13:40:20,8.49,--,50,42450,卖盘
1029,13:40:17,8.49,--,94,79806,买盘
1030,13:40:14,8.49,--,37,31413,买盘
1031,13:40:08,8.49,--,9,7641,买盘
1032,13:39:56,8.49,--,17,14433,买盘
1033,13:39:50,8.49,--,10,8490,买盘
1034,13:39:47,8.49,0.01,131,111219,买盘
1035,13:39:44,8.48,-0.01,16,13568,卖盘
1036,13:39:41,8.49,--,7,5943,买盘
1037,13:39:38,8.49,--,3,2547,买盘
1038,13:39:35,8.49,--,50,42450,买盘
1039,13:39:29,8.49,--,20,16980,买盘
1040,13:39:23,8.49,0.01,30,25470,买盘
1041,13:39:20,8.48,-0.01,463,392624,卖盘
1042,13:39:17,8.49,--,52,44148,卖盘
1043,13:39:14,8.49,-0.01,13,11037,卖盘
1044,13:39:11,8.5,0.01,50,42500,买盘
1045,13:38:59,8.49,-0.01,20,16980,中性盘
1046,13:38:53,8.5,0.01,600,510000,买盘
1047,13:38:50,8.49,--,4,3396,买盘
1048,13:38:47,8.49,--,146,123954,买盘
1049,13:38:35,8.49,-0.01,173,146877,卖盘
1050,13:38:29,8.5,--,60,51000,买盘
1051,13:38:26,8.5,0.01,472,401200,买盘
1052,13:38:20,8.49,-0.01,129,109521,卖盘
1053,13:38:14,8.5,--,194,164900,买盘
1054,13:38:11,8.5,--,9,7650,买盘
1055,13:38:08,8.5,--,30,25500,买盘
1056,13:38:05,8.5,--,50,42500,买盘
1057,13:38:02,8.5,--,223,189550,卖盘
1058,13:37:59,8.5,--,52,44200,卖盘
1059,13:37:50,8.5,--,10,8500,卖盘
1060,13:37:47,8.5,--,62,52700,买盘
1061,13:37:44,8.5,--,196,166600,买盘
1062,13:37:41,8.5,--,638,542300,买盘
1063,13:37:38,8.5,0.01,20,17000,买盘
1064,13:37:35,8.49,-0.01,180,152820,卖盘
1065,13:37:29,8.5,--,197,167450,买盘
1066,13:37:26,8.5,0.01,12,10200,买盘
1067,13:37:23,8.49,-0.01,20,16980,卖盘
1068,13:37:20,8.5,0.01,542,460700,买盘
1069,13:37:11,8.49,--,9,7641,卖盘
1070,13:37:05,8.49,0.01,568,482232,买盘
1071,13:37:02,8.48,-0.01,100,84800,卖盘
1072,13:36:53,8.49,0.01,3,2547,买盘
1073,13:36:50,8.48,--,10,8480,卖盘
1074,13:36:47,8.48,--,150,127200,卖盘
1075,13:36:44,8.48,--,52,44096,卖盘
1076,13:36:41,8.48,-0.01,103,87344,卖盘
1077,13:36:38,8.49,--,40,33960,买盘
1078,13:36:32,8.49,--,35,29715,买盘
1079,13:36:29,8.49,--,15,12735,买盘
1080,13:36:26,8.49,-0.01,168,142632,卖盘
1081,13:36:23,8.5,--,99,84150,买盘
1082,13:36:17,8.5,--,59,50150,卖盘
1083,13:36:14,8.5,-0.01,50,42500,中性盘
1084,13:36:11,8.51,0.01,97,82547,买盘
1085,13:36:08,8.5,--,20,17000,买盘
1086,13:36:02,8.5,-0.02,46,39100,卖盘
1087,13:35:59,8.52,--,25,21300,买盘
1088,13:35:56,8.52,0.01,290,247080,买盘
1089,13:35:50,8.51,-0.01,364,309764,卖盘
1090,13:35:47,8.52,--,185,157620,买盘
1091,13:35:44,8.52,--,584,497568,买盘
1092,13:35:41,8.52,-0.01,154,131208,中性盘
1093,13:35:38,8.53,--,1145,976684,卖盘
1094,13:35:35,8.53,--,253,215808,买盘
1095,13:35:32,8.53,--,223,190219,买盘
1096,13:35:29,8.53,--,27,23031,买盘
1097,13:35:26,8.53,--,141,120272,买盘
1098,13:35:23,8.53,--,541,461472,买盘
1099,13:35:17,8.53,--,53,45209,买盘
1100,13:35:11,8.53,--,44,37532,买盘
1101,13:35:08,8.53,0.01,280,238839,买盘
1102,13:35:05,8.52,0.02,843,718236,买盘
1103,13:35:02,8.5,--,75,63750,卖盘
1104,13:34:59,8.5,--,67,56950,卖盘
1105,13:34:53,8.5,0.04,5835,4960175,买盘
1106,13:34:50,8.46,--,34,28764,买盘
1107,13:34:47,8.46,-0.01,57,48222,卖盘
1108,13:34:44,8.47,-0.01,10,8470,卖盘
1109,13:34:41,8.48,0.02,1298,1100704,买盘
1110,13:34:38,8.46,--,19,16074,卖盘
1111,13:34:34,8.46,-0.01,603,510138,卖盘
1112,13:34:31,8.47,--,111,94017,买盘
1113,13:34:22,8.47,--,6,5082,买盘
1114,13:34:16,8.47,-0.01,234,198198,卖盘
1115,13:34:10,8.48,--,108,91584,买盘
1116,13:34:04,8.48,--,19,16112,买盘
1117,13:33:58,8.48,--,75,63600,买盘
1118,13:33:52,8.48,--,96,81408,卖盘
1119,13:33:49,8.48,-0.01,69,58512,卖盘
1120,13:33:43,8.49,0.01,14,11886,买盘
1121,13:33:37,8.48,0.02,380,322240,买盘
1122,13:33:34,8.46,-0.01,1208,1021968,卖盘
1123,13:33:31,8.47,--,97,82159,卖盘
1124,13:33:25,8.47,--,152,128744,卖盘
1125,13:33:22,8.47,-0.01,3,2541,卖盘
1126,13:33:19,8.48,0.01,500,424000,买盘
1127,13:33:16,8.47,0.01,180,152460,买盘
1128,13:33:13,8.46,-0.01,370,313020,卖盘
1129,13:33:10,8.47,--,100,84700,买盘
1130,13:33:07,8.47,--,37,31339,买盘
1131,13:32:58,8.47,--,138,116886,买盘
1132,13:32:55,8.47,--,6,5082,买盘
1133,13:32:52,8.47,--,94,79618,买盘
1134,13:32:49,8.47,0.01,49,41503,买盘
1135,13:32:46,8.46,-0.01,15,12690,卖盘
1136,13:32:43,8.47,0.01,27,22869,买盘
1137,13:32:37,8.46,-0.01,74,62604,卖盘
1138,13:32:31,8.47,0.01,505,427735,买盘
1139,13:32:28,8.46,--,1,846,买盘
1140,13:32:25,8.46,--,264,223344,买盘
1141,13:32:22,8.46,--,21,17766,买盘
1142,13:32:16,8.46,--,103,87138,买盘
1143,13:32:13,8.46,0.01,325,274950,买盘
1144,13:32:04,8.45,--,18,15209,卖盘
1145,13:31:58,8.45,--,180,152100,买盘
1146,13:31:55,8.45,--,270,228149,买盘
1147,13:31:52,8.45,0.01,373,315185,买盘
1148,13:31:49,8.44,--,2,1688,卖盘
1149,13:31:46,8.44,--,20,16880,卖盘
1150,13:31:43,8.44,-0.01,269,227036,卖盘
1151,13:31:37,8.45,0.01,12,10140,买盘
1152,13:31:31,8.44,--,320,270080,卖盘
1153,13:31:28,8.44,--,30,25320,卖盘
1154,13:31:22,8.44,--,5,4220,卖盘
1155,13:31:19,8.44,--,100,84400,卖盘
1156,13:31:13,8.44,0.01,258,217752,卖盘
1157,13:30:49,8.43,--,823,693789,卖盘
1158,13:30:46,8.43,-0.01,3,2529,卖盘
1159,13:30:34,8.44,0.01,5,4220,买盘
1160,13:30:31,8.43,-0.01,70,59010,卖盘
1161,13:30:28,8.44,--,12,10128,买盘
1162,13:30:16,8.44,--,2,1688,买盘
1163,13:30:13,8.44,0.01,106,89464,买盘
1164,13:30:07,8.43,--,5,4215,卖盘
1165,13:29:58,8.43,-0.01,50,42150,卖盘
1166,13:29:49,8.44,--,73,61612,买盘
1167,13:29:40,8.44,0.01,175,147700,买盘
1168,13:29:37,8.43,--,12,10116,卖盘
1169,13:29:31,8.43,-0.01,73,61539,卖盘
1170,13:29:25,8.44,0.01,120,101280,买盘
1171,13:29:22,8.43,--,1,843,卖盘
1172,13:29:19,8.43,--,65,54795,卖盘
1173,13:29:10,8.43,--,25,21075,卖盘
1174,13:29:07,8.43,--,5,4215,卖盘
1175,13:28:52,8.43,--,15,12645,卖盘
1176,13:28:49,8.43,-0.01,151,127293,卖盘
1177,13:28:37,8.44,--,4,3376,买盘
1178,13:28:34,8.44,--,20,16880,买盘
1179,13:28:25,8.44,--,203,171332,卖盘
1180,13:28:19,8.44,--,52,43888,卖盘
1181,13:28:16,8.44,--,20,16880,卖盘
1182,13:28:10,8.44,--,68,57392,买盘
1183,13:28:07,8.44,0.01,2,1688,中性盘
1184,13:28:04,8.43,-0.01,10,8430,卖盘
1185,13:28:01,8.44,-0.01,1,844,卖盘
1186,13:27:58,8.45,0.02,8,6759,买盘
1187,13:27:52,8.43,-0.01,1,843,卖盘
1188,13:27:43,8.44,-0.01,106,89464,买盘
1189,13:27:31,8.45,0.01,309,261104,买盘
1190,13:27:25,8.44,--,50,42200,卖盘
1191,13:27:10,8.44,--,3,2532,卖盘
1192,13:27:07,8.44,--,305,257419,卖盘
1193,13:27:01,8.44,--,37,31227,卖盘
1194,13:26:49,8.44,--,5,4220,卖盘
1195,13:26:40,8.44,--,31,26164,卖盘
1196,13:26:37,8.44,--,25,21100,卖盘
1197,13:26:34,8.44,--,2,1688,卖盘
1198,13:26:31,8.44,--,27,22788,卖盘
1199,13:26:28,8.44,0.01,600,506399,买盘
1200,13:26:25,8.43,--,101,85143,卖盘
1201,13:26:22,8.43,--,20,16860,卖盘
1202,13:26:16,8.43,--,115,96945,卖盘
1203,13:26:13,8.43,--,9,7587,卖盘
1204,13:26:04,8.43,--,33,27819,卖盘
1205,13:26:01,8.43,--,330,278190,卖盘
1206,13:25:46,8.43,-0.01,24,20232,卖盘
1207,13:25:34,8.44,--,50,42200,买盘
1208,13:25:28,8.44,0.01,43,36292,买盘
1209,13:25:25,8.43,-0.01,2,1686,卖盘
1210,13:25:19,8.44,--,10,8440,买盘
1211,13:25:13,8.44,--,43,36292,买盘
1212,13:25:07,8.44,--,3,2532,买盘
1213,13:25:01,8.44,--,5,4220,买盘
1214,13:24:58,8.44,-0.01,27,22788,中性盘
1215,13:24:52,8.45,0.01,60,50699,买盘
1216,13:24:46,8.44,--,194,163736,卖盘
1217,13:24:40,8.44,-0.01,700,590800,卖盘
1218,13:24:37,8.45,0.01,119,100554,买盘
1219,13:24:34,8.44,--,34,28696,卖盘
1220,13:24:22,8.44,--,12,10128,卖盘
1221,13:24:19,8.44,--,5,4220,卖盘
1222,13:24:16,8.44,--,10,8440,卖盘
1223,13:24:13,8.44,--,20,16880,卖盘
1224,13:24:10,8.44,--,6,5064,卖盘
1225,13:24:07,8.44,--,37,31227,卖盘
1226,13:24:04,8.44,0.01,600,506399,买盘
1227,13:24:01,8.43,-0.01,260,219180,卖盘
1228,13:23:49,8.44,--,60,50640,买盘
1229,13:23:46,8.44,--,10,8440,买盘
1230,13:23:43,8.44,--,10,8440,买盘
1231,13:23:40,8.44,--,17,14348,买盘
1232,13:23:37,8.44,--,11,9284,买盘
1233,13:23:31,8.44,--,10,8440,买盘
1234,13:23:10,8.44,0.01,33,27852,买盘
1235,13:23:01,8.43,-0.01,10,8430,卖盘
1236,13:22:52,8.44,--,5,4220,买盘
1237,13:22:49,8.44,--,5,4220,买盘
1238,13:22:43,8.44,--,80,67520,卖盘
1239,13:22:40,8.44,-0.01,63,53172,卖盘
1240,13:22:37,8.45,--,41,34645,买盘
1241,13:22:34,8.45,--,8,6759,买盘
1242,13:22:25,8.45,--,8,6759,买盘
1243,13:22:22,8.45,--,359,303355,卖盘
1244,13:22:16,8.45,--,75,63374,卖盘
1245,13:22:13,8.45,--,20,16900,卖盘
1246,13:22:10,8.45,--,14,11829,卖盘
1247,13:22:04,8.45,--,5,4225,卖盘
1248,13:22:01,8.45,-0.01,73,61684,卖盘
1249,13:21:58,8.46,--,40,33840,买盘
1250,13:21:52,8.46,--,22,18612,买盘
1251,13:21:49,8.46,0.01,36,30456,买盘
1252,13:21:43,8.45,-0.02,11,9295,卖盘
1253,13:21:34,8.47,0.01,352,298144,买盘
1254,13:21:31,8.46,--,10,8460,买盘
1255,13:21:25,8.46,--,254,214884,卖盘
1256,13:21:22,8.46,-0.01,12,10152,卖盘
1257,13:21:19,8.47,0.01,25,21175,买盘
1258,13:21:16,8.46,--,376,318096,卖盘
1259,13:21:13,8.46,--,17,14382,卖盘
1260,13:21:10,8.46,--,18,15228,卖盘
1261,13:21:07,8.46,-0.01,14,11844,中性盘
1262,13:21:04,8.47,0.02,1095,927465,买盘
1263,13:21:01,8.45,-0.01,63,53234,卖盘
1264,13:20:55,8.46,0.01,10,8460,买盘
1265,13:20:52,8.45,-0.01,10,8450,卖盘
1266,13:20:49,8.46,0.01,486,411156,买盘
1267,13:20:43,8.45,--,31,26194,卖盘
1268,13:20:37,8.45,--,25,21125,卖盘
1269,13:20:34,8.45,--,109,92104,买盘
1270,13:20:31,8.45,--,30,25349,买盘
1271,13:20:28,8.45,--,15,12674,买盘
1272,13:20:22,8.45,--,10,8450,买盘
1273,13:20:19,8.45,--,73,61684,卖盘
1274,13:20:16,8.45,--,934,789229,卖盘
1275,13:20:13,8.45,--,27,22814,卖盘
1276,13:20:10,8.45,--,606,512069,买盘
1277,13:20:03,8.45,--,100,84500,买盘
1278,13:20:00,8.45,--,10,8450,买盘
1279,13:19:57,8.45,0.01,81,68445,买盘
1280,13:19:54,8.44,-0.01,55,46420,卖盘
1281,13:19:51,8.45,0.01,110,92949,买盘
1282,13:19:45,8.44,--,28,23632,卖盘
1283,13:19:42,8.44,0.01,492,415256,买盘
1284,13:19:36,8.43,--,28,23604,卖盘
1285,13:19:30,8.43,--,5,4215,卖盘
1286,13:19:27,8.43,--,164,138252,卖盘
1287,13:19:18,8.43,-0.01,50,42150,卖盘
1288,13:19:03,8.44,0.01,279,235476,买盘
1289,13:19:00,8.43,--,19,16017,卖盘
1290,13:18:54,8.43,0.01,20,16860,中性盘
1291,13:18:39,8.42,-0.02,7,5894,卖盘
1292,13:18:33,8.44,0.01,10,8440,买盘
1293,13:18:30,8.43,0.01,47,39621,买盘
1294,13:18:24,8.42,-0.01,2,1684,卖盘
1295,13:18:21,8.43,--,789,665127,卖盘
1296,13:18:18,8.43,--,38,32034,卖盘
1297,13:18:15,8.43,--,85,71655,卖盘
1298,13:18:12,8.43,-0.01,102,85986,卖盘
1299,13:18:09,8.44,0.01,150,126599,买盘
1300,13:18:06,8.43,--,59,49737,卖盘
1301,13:18:03,8.43,--,68,57324,买盘
1302,13:17:48,8.43,--,558,470394,买盘
1303,13:17:45,8.43,--,100,84300,买盘
1304,13:17:39,8.43,0.01,50,42150,买盘
1305,13:17:33,8.42,-0.01,23,19366,卖盘
1306,13:17:30,8.43,0.01,185,155955,买盘
1307,13:17:24,8.42,--,11,9262,卖盘
1308,13:17:21,8.42,-0.01,190,159980,卖盘
1309,13:17:18,8.43,0.01,5,4215,买盘
1310,13:17:15,8.42,--,60,50520,卖盘
1311,13:17:12,8.42,--,19,15998,卖盘
1312,13:17:06,8.42,--,50,42100,卖盘
1313,13:17:00,8.42,--,60,50520,卖盘
1314,13:16:51,8.42,--,24,20208,卖盘
1315,13:16:48,8.42,--,11,9262,卖盘
1316,13:16:39,8.42,-0.01,6,5052,卖盘
1317,13:16:36,8.43,0.01,3,2529,买盘
1318,13:16:30,8.42,--,10,8420,卖盘
1319,13:16:21,8.42,--,23,19366,卖盘
1320,13:16:12,8.42,--,60,50520,买盘
1321,13:16:09,8.42,--,44,37048,买盘
1322,13:16:03,8.42,--,10,8420,买盘
1323,13:16:00,8.42,--,264,222288,卖盘
1324,13:15:57,8.42,--,16,13472,卖盘
1325,13:15:54,8.42,--,2,1684,卖盘
1326,13:15:51,8.42,--,11,9262,卖盘
1327,13:15:48,8.42,-0.01,16,13472,卖盘
1328,13:15:45,8.43,0.01,225,189675,买盘
1329,13:15:36,8.42,--,500,421000,卖盘
1330,13:15:33,8.42,--,15,12630,卖盘
1331,13:15:30,8.42,--,1,842,卖盘
1332,13:15:18,8.42,0.01,418,351956,买盘
1333,13:15:15,8.41,-0.01,53,44573,卖盘
1334,13:15:12,8.42,--,100,84200,买盘
1335,13:15:09,8.42,--,1,842,买盘
1336,13:15:03,8.42,--,107,90094,买盘
1337,13:14:57,8.42,--,28,23576,买盘
1338,13:14:51,8.42,--,9,7578,卖盘
1339,13:14:45,8.42,--,1,842,买盘
1340,13:14:42,8.42,-0.01,49,41258,中性盘
1341,13:14:36,8.43,--,7,5901,买盘
1342,13:14:33,8.43,0.01,209,176187,买盘
1343,13:14:30,8.42,-0.01,368,309856,卖盘
1344,13:14:27,8.43,--,31,26133,买盘
1345,13:14:12,8.43,-0.01,15,12645,中性盘
1346,13:14:09,8.44,0.01,60,50640,买盘
1347,13:14:03,8.43,-0.01,19,16017,卖盘
1348,13:13:57,8.44,0.01,14,11816,买盘
1349,13:13:54,8.43,--,4,3372,卖盘
1350,13:13:51,8.43,--,11,9273,卖盘
1351,13:13:48,8.43,--,10,8430,卖盘
1352,13:13:42,8.43,-0.01,5,4215,中性盘
1353,13:13:39,8.44,0.01,222,187368,买盘
1354,13:13:33,8.43,--,43,36249,买盘
1355,13:13:30,8.43,--,1,843,买盘
1356,13:13:27,8.43,--,40,33720,卖盘
1357,13:13:24,8.43,-0.01,250,210750,卖盘
1358,13:13:21,8.44,0.02,195,164580,买盘
1359,13:13:18,8.42,-0.01,30,25260,卖盘
1360,13:13:15,8.43,--,82,69126,买盘
1361,13:13:12,8.43,--,35,29505,买盘
1362,13:13:09,8.43,--,141,118863,买盘
1363,13:13:03,8.43,--,7,5901,买盘
1364,13:13:00,8.43,--,85,71655,买盘
1365,13:12:57,8.43,0.01,6,5058,买盘
1366,13:12:54,8.42,-0.01,1,842,卖盘
1367,13:12:48,8.43,0.01,13,10959,买盘
1368,13:12:45,8.42,--,11,9262,卖盘
1369,13:12:33,8.42,--,53,44626,卖盘
1370,13:12:30,8.42,--,25,21050,卖盘
1371,13:12:27,8.42,--,1,842,卖盘
1372,13:12:24,8.42,--,31,26102,买盘
1373,13:12:21,8.42,--,169,142298,卖盘
1374,13:12:18,8.42,--,2,1684,卖盘
1375,13:12:12,8.42,-0.01,185,155770,卖盘
1376,13:12:06,8.43,0.01,1,843,买盘
1377,13:12:03,8.42,--,40,33680,卖盘
1378,13:12:00,8.42,-0.01,3,2526,卖盘
1379,13:11:54,8.43,--,6,5058,买盘
1380,13:11:51,8.43,0.01,14,11802,买盘
1381,13:11:48,8.42,-0.02,26,21892,卖盘
1382,13:11:39,8.44,0.01,233,196652,买盘
1383,13:11:30,8.43,--,74,63216,卖盘
1384,13:11:27,8.43,-0.01,10,8430,卖盘
1385,13:11:24,8.44,--,79,66676,买盘
1386,13:11:21,8.44,--,49,41356,买盘
1387,13:11:18,8.44,--,5,4220,买盘
1388,13:11:15,8.44,--,31,26164,买盘
1389,13:11:12,8.44,--,160,135040,买盘
1390,13:11:09,8.44,-0.01,69,58236,卖盘
1391,13:11:06,8.45,--,40,33800,买盘
1392,13:11:03,8.45,0.01,32,27039,买盘
1393,13:11:00,8.44,--,65,54860,卖盘
1394,13:10:57,8.44,--,50,42200,卖盘
1395,13:10:54,8.44,-0.01,25,21100,卖盘
1396,13:10:51,8.45,--,190,160550,买盘
1397,13:10:48,8.45,0.01,51,43095,买盘
1398,13:10:45,8.44,-0.01,6,5064,卖盘
1399,13:10:42,8.45,0.01,27,22814,买盘
1400,13:10:39,8.44,--,5,4220,卖盘
1401,13:10:36,8.44,-0.01,157,132508,卖盘
1402,13:10:33,8.45,--,615,519674,买盘
1403,13:10:27,8.45,0.02,173,146185,买盘
1404,13:10:24,8.43,-0.01,94,79242,卖盘
1405,13:10:21,8.44,0.01,41,34604,买盘
1406,13:10:18,8.43,-0.01,480,404640,卖盘
1407,13:10:15,8.44,--,103,86932,卖盘
1408,13:10:12,8.44,--,470,396680,买盘
1409,13:10:09,8.44,0.01,107,90308,买盘
1410,13:10:06,8.43,--,10,8430,卖盘
1411,13:10:03,8.43,--,266,224246,买盘
1412,13:10:00,8.43,--,40,33720,买盘
1413,13:09:57,8.43,0.01,22,18546,买盘
1414,13:09:54,8.42,-0.01,66,55572,中性盘
1415,13:09:51,8.43,0.01,750,632250,买盘
1416,13:09:45,8.42,0.01,34,28628,买盘
1417,13:09:36,8.41,--,603,507123,买盘
1418,13:09:27,8.41,--,4,3364,买盘
1419,13:09:24,8.41,0.01,50,42050,买盘
1420,13:09:18,8.4,--,22,18480,卖盘
1421,13:09:12,8.4,--,26,21840,卖盘
1422,13:09:06,8.4,0.01,175,147000,买盘
1423,13:09:03,8.39,--,1159,972401,买盘
1424,13:08:51,8.39,--,40,33560,买盘
1425,13:08:48,8.39,--,100,83900,买盘
1426,13:08:45,8.39,--,159,133401,买盘
1427,13:08:21,8.39,--,22,18458,买盘
1428,13:08:15,8.39,--,10,8390,买盘
1429,13:08:09,8.39,--,49,41111,买盘
1430,13:08:06,8.39,--,1,839,买盘
1431,13:08:03,8.39,--,20,16780,买盘
1432,13:08:00,8.39,0.01,72,60408,买盘
1433,13:07:57,8.38,-0.01,23,19274,卖盘
1434,13:07:48,8.39,0.01,200,167800,买盘
1435,13:07:24,8.38,--,510,427380,卖盘
1436,13:07:18,8.38,--,36,30168,卖盘
1437,13:07:09,8.38,--,30,25140,卖盘
1438,13:07:06,8.38,--,103,87126,买盘
1439,13:07:03,8.38,--,76,63713,卖盘
1440,13:06:57,8.38,--,67,56146,卖盘
1441,13:06:45,8.38,-0.01,100,83800,卖盘
1442,13:06:24,8.39,0.01,10,8390,买盘
1443,13:06:21,8.38,-0.01,40,33520,卖盘
1444,13:06:00,8.39,0.01,15,12585,买盘
1445,13:05:57,8.38,--,10,8380,卖盘
1446,13:05:48,8.38,--,2,1676,卖盘
1447,13:05:39,8.38,--,330,277352,买盘
1448,13:05:33,8.38,--,17,14246,买盘
1449,13:05:27,8.38,--,50,41900,买盘
1450,13:05:18,8.38,--,4,3352,买盘
1451,13:05:03,8.38,--,2,1676,买盘
1452,13:05:00,8.38,--,3,2514,买盘
1453,13:04:57,8.38,--,8,6704,买盘
1454,13:04:48,8.38,--,26,21788,买盘
1455,13:04:42,8.38,0.01,45,37710,买盘
1456,13:04:36,8.37,-0.01,21,17769,卖盘
1457,13:04:15,8.38,0.01,20,16760,买盘
1458,13:04:03,8.37,-0.01,20,16740,卖盘
1459,13:03:54,8.38,--,37,31006,买盘
1460,13:03:48,8.38,--,200,167600,买盘
1461,13:03:29,8.38,--,297,248886,卖盘
1462,13:03:26,8.38,--,10,8380,卖盘
1463,13:03:23,8.38,--,2,1676,卖盘
1464,13:03:17,8.38,--,5,4190,卖盘
1465,13:03:14,8.38,--,35,29330,卖盘
1466,13:03:08,8.38,--,21,17598,卖盘
1467,13:02:59,8.38,-0.01,110,92180,卖盘
1468,13:02:50,8.39,0.01,5,4195,买盘
1469,13:02:44,8.38,-0.01,13,10894,卖盘
1470,13:02:38,8.39,--,50,41950,买盘
1471,13:02:32,8.39,0.01,12,10068,买盘
1472,13:02:26,8.38,-0.01,52,43576,卖盘
1473,13:02:08,8.39,--,30,25170,买盘
1474,13:02:05,8.39,--,10,8390,买盘
1475,13:01:59,8.39,0.01,92,77188,买盘
1476,13:01:53,8.38,-0.01,8,6704,卖盘
1477,13:01:50,8.39,0.01,115,96485,买盘
1478,13:01:32,8.38,-0.01,2,1676,卖盘
1479,13:01:23,8.39,--,7,5873,买盘
1480,13:01:17,8.39,--,199,166961,买盘
1481,13:01:11,8.39,0.01,10,8390,买盘
1482,13:00:53,8.38,--,52,43576,卖盘
1483,13:00:50,8.38,-0.01,10,8380,卖盘
1484,13:00:47,8.39,0.01,10,8390,买盘
1485,13:00:11,8.38,--,101,84638,卖盘
1486,13:00:02,8.38,--,640,536320,买盘
1487,11:30:00,8.38,0.01,119,99722,买盘
1488,11:29:57,8.37,--,12,10043,卖盘
1489,11:29:36,8.37,--,5,4185,卖盘
1490,11:29:30,8.37,--,69,57752,卖盘
1491,11:29:18,8.37,--,342,286254,卖盘
1492,11:29:09,8.37,-0.01,10,8370,卖盘
1493,11:29:00,8.38,--,19,15922,买盘
1494,11:28:57,8.38,--,31,25978,买盘
1495,11:28:51,8.38,--,13,10894,买盘
1496,11:28:39,8.38,--,30,25140,买盘
1497,11:28:36,8.38,--,150,125700,买盘
1498,11:28:30,8.38,--,4,3352,买盘
1499,11:28:24,8.38,--,9,7542,买盘
1500,11:28:21,8.38,--,5,4190,买盘
1501,11:28:12,8.38,--,19,15922,买盘
1502,11:27:57,8.38,--,140,117320,买盘
1503,11:27:54,8.38,--,100,83800,买盘
1504,11:27:42,8.38,0.01,19,15922,买盘
1505,11:27:39,8.37,--,3,2510,卖盘
1506,11:27:30,8.37,--,2,1673,卖盘
1507,11:27:27,8.37,-0.01,122,102113,卖盘
1508,11:27:21,8.38,0.01,104,87152,买盘
1509,11:27:18,8.37,--,363,303831,卖盘
1510,11:27:09,8.37,--,20,16740,卖盘
1511,11:27:03,8.37,--,58,48997,买盘
1512,11:26:54,8.37,--,205,171584,买盘
1513,11:26:48,8.37,--,5,4185,买盘
1514,11:26:45,8.37,--,20,16740,买盘
1515,11:26:39,8.37,--,2,1673,买盘
1516,11:26:30,8.37,--,8,6695,买盘
1517,11:26:18,8.37,--,320,267840,买盘
1518,11:26:09,8.37,--,42,35154,买盘
1519,11:26:06,8.37,--,5,4185,买盘
1520,11:26:00,8.37,--,38,31805,买盘
1521,11:25:54,8.37,0.01,20,16740,买盘
1522,11:25:36,8.36,-0.01,2,1672,卖盘
1523,11:25:27,8.37,0.01,110,92069,买盘
1524,11:25:12,8.36,-0.01,50,41800,卖盘
1525,11:25:06,8.37,0.01,100,83699,买盘
1526,11:24:57,8.36,-0.01,10,8360,卖盘
1527,11:24:48,8.37,--,10,8370,买盘
1528,11:24:39,8.37,--,100,83699,买盘
1529,11:24:36,8.37,--,10,8370,买盘
1530,11:24:24,8.37,--,57,47708,买盘
1531,11:24:21,8.37,0.01,51,42686,买盘
1532,11:24:18,8.36,--,133,111187,卖盘
1533,11:24:12,8.36,-0.01,210,175560,卖盘
1534,11:24:03,8.37,--,84,70308,买盘
1535,11:24:00,8.37,--,58,48545,买盘
1536,11:23:48,8.37,0.01,108,90395,买盘
1537,11:23:39,8.36,--,7,5852,卖盘
1538,11:23:33,8.36,-0.01,3,2508,卖盘
1539,11:23:30,8.37,0.01,2,1673,买盘
1540,11:23:24,8.36,-0.01,30,25080,卖盘
1541,11:23:09,8.37,0.01,9,7532,买盘
1542,11:22:45,8.36,--,30,25080,卖盘
1543,11:22:12,8.36,--,20,16720,卖盘
1544,11:22:06,8.36,--,20,16720,卖盘
1545,11:21:21,8.36,--,159,132924,买盘
1546,11:21:12,8.36,--,37,30931,买盘
1547,11:21:06,8.36,--,36,30095,卖盘
1548,11:21:03,8.36,--,230,192280,卖盘
1549,11:21:00,8.36,--,20,16720,卖盘
1550,11:20:42,8.36,--,15,12540,卖盘
1551,11:20:30,8.36,--,5,4180,卖盘
1552,11:20:21,8.36,--,45,37620,卖盘
1553,11:20:18,8.36,--,5,4180,卖盘
1554,11:20:12,8.36,--,200,167200,卖盘
1555,11:19:54,8.36,0.01,344,287584,买盘
1556,11:19:48,8.35,--,30,25050,卖盘
1557,11:19:45,8.35,-0.01,10,8350,卖盘
1558,11:19:36,8.36,--,5,4180,买盘
1559,11:19:24,8.36,--,53,44308,买盘
1560,11:19:18,8.36,0.01,10,8360,买盘
1561,11:19:15,8.35,-0.01,1,835,卖盘
1562,11:19:12,8.36,--,27,22572,买盘
1563,11:18:51,8.36,--,214,178904,买盘
1564,11:18:45,8.36,--,2,1672,买盘
1565,11:18:36,8.36,0.01,160,133760,买盘
1566,11:18:30,8.35,-0.01,8,6680,卖盘
1567,11:18:24,8.36,--,50,41800,买盘
1568,11:18:08,8.36,0.01,100,83600,买盘
1569,11:17:59,8.35,--,541,451743,买盘
1570,11:17:56,8.35,--,26,21710,买盘
1571,11:17:47,8.35,0.01,1002,836736,买盘
1572,11:17:41,8.34,--,209,174306,卖盘
1573,11:17:38,8.34,-0.01,5,4170,卖盘
1574,11:17:26,8.35,--,9,7515,买盘
1575,11:17:23,8.35,--,419,350691,卖盘
1576,11:17:14,8.35,--,66,55110,卖盘
1577,11:17:11,8.35,--,31,25885,卖盘
1578,11:17:05,8.35,--,79,65965,卖盘
1579,11:16:56,8.35,--,7,5845,卖盘
1580,11:16:44,8.35,--,527,440053,买盘
1581,11:16:38,8.35,--,200,167000,买盘
1582,11:16:35,8.35,--,20,16700,买盘
1583,11:16:26,8.35,--,2,1670,买盘
1584,11:16:23,8.35,0.01,69,57615,买盘
1585,11:16:14,8.34,--,53,44202,卖盘
1586,11:16:11,8.34,--,10,8340,卖盘
1587,11:16:08,8.34,--,62,52258,卖盘
1588,11:16:05,8.34,--,31,25854,卖盘
1589,11:15:59,8.34,--,192,160128,卖盘
1590,11:15:53,8.34,--,11,9365,卖盘
1591,11:15:47,8.34,--,26,21684,卖盘
1592,11:15:44,8.34,--,3,2502,卖盘
1593,11:15:41,8.34,--,8,6672,卖盘
1594,11:15:38,8.34,--,350,291900,卖盘
1595,11:15:26,8.34,-0.01,620,517488,卖盘
1596,11:15:20,8.35,--,16,13360,买盘
1597,11:15:11,8.35,0.01,100,83500,买盘
1598,11:15:02,8.34,-0.01,5,4170,卖盘
1599,11:14:32,8.35,0.01,100,83500,买盘
1600,11:14:29,8.34,-0.01,26,21684,卖盘
1601,11:14:26,8.35,0.01,20,16700,买盘
1602,11:14:23,8.34,-0.01,5,4170,卖盘
1603,11:14:08,8.35,--,100,83500,卖盘
1604,11:14:02,8.35,--,10,8350,卖盘
1605,11:13:56,8.35,--,46,38410,卖盘
1606,11:13:47,8.35,0.01,376,314335,买盘
1607,11:13:41,8.34,-0.01,3,3244,卖盘
1608,11:13:38,8.35,--,706,589969,卖盘
1609,11:13:32,8.35,--,1,835,卖盘
1610,11:13:29,8.35,--,5,4175,卖盘
1611,11:13:26,8.35,-0.01,23,19205,卖盘
1612,11:13:14,8.36,--,9,7523,买盘
1613,11:13:05,8.36,0.01,100,83600,买盘
1614,11:12:53,8.35,-0.01,25,20875,卖盘
1615,11:12:50,8.36,--,5,4180,买盘
1616,11:12:47,8.36,0.01,79,66044,买盘
1617,11:12:38,8.35,-0.01,10,8350,卖盘
1618,11:12:29,8.36,--,15,12540,卖盘
1619,11:12:20,8.36,--,93,77748,买盘
1620,11:12:08,8.36,--,27,22572,卖盘
1621,11:12:05,8.36,--,39,32603,卖盘
1622,11:11:53,8.36,--,50,41800,卖盘
1623,11:11:50,8.36,--,54,45737,卖盘
1624,11:11:44,8.36,--,4,3344,卖盘
1625,11:11:41,8.36,-0.01,57,47802,卖盘
1626,11:11:32,8.37,0.01,15,12554,买盘
1627,11:11:23,8.36,--,37,30931,卖盘
1628,11:11:05,8.36,--,51,42936,买盘
1629,11:11:02,8.36,--,10,8360,买盘
1630,11:10:59,8.36,--,20,16720,买盘
1631,11:10:56,8.36,--,198,165528,买盘
1632,11:10:53,8.36,--,2,1672,买盘
1633,11:10:41,8.36,-0.01,147,123427,卖盘
1634,11:10:35,8.37,0.01,36,30131,买盘
1635,11:10:32,8.36,-0.01,65,54339,卖盘
1636,11:10:20,8.37,--,2,1673,买盘
1637,11:10:11,8.37,0.01,1,836,买盘
1638,11:10:08,8.36,--,5,4180,卖盘
1639,11:10:05,8.36,-0.01,13,11495,卖盘
1640,11:09:59,8.37,0.01,12,10043,买盘
1641,11:09:56,8.36,--,25,20900,卖盘
1642,11:09:53,8.36,--,2,1789,卖盘
1643,11:09:32,8.36,0.01,15,12932,买盘
1644,11:09:23,8.35,-0.01,90,75150,卖盘
1645,11:09:20,8.36,--,24,20064,买盘
1646,11:09:14,8.36,--,1,836,买盘
1647,11:09:05,8.36,-0.01,135,113303,卖盘
1648,11:08:56,8.37,0.01,1,836,买盘
1649,11:08:53,8.36,--,30,25080,卖盘
1650,11:08:35,8.36,--,8,6688,卖盘
1651,11:08:32,8.36,0.01,286,239488,买盘
1652,11:08:14,8.35,--,10,8350,卖盘
1653,11:07:59,8.35,--,20,16700,卖盘
1654,11:07:38,8.35,--,3,3248,卖盘
1655,11:07:14,8.35,-0.01,15,12525,卖盘
1656,11:06:44,8.36,--,10,8360,买盘
1657,11:06:38,8.36,0.01,20,16720,买盘
1658,11:06:35,8.35,-0.01,50,41750,卖盘
1659,11:06:14,8.36,0.01,15,12540,买盘
1660,11:06:08,8.35,-0.01,30,25050,卖盘
1661,11:06:05,8.36,0.01,1,836,买盘
1662,11:06:02,8.35,--,1,835,卖盘
1663,11:05:59,8.35,--,1,1519,卖盘
1664,11:05:56,8.35,--,1,835,卖盘
1665,11:05:53,8.35,-0.01,18,15030,卖盘
1666,11:05:50,8.36,0.01,25,20900,买盘
1667,11:05:47,8.35,--,12,10078,卖盘
1668,11:05:32,8.35,--,60,50100,卖盘
1669,11:05:26,8.35,--,4,3340,卖盘
1670,11:05:23,8.35,-0.01,15,12525,卖盘
1671,11:05:20,8.36,--,30,25080,买盘
1672,11:05:14,8.36,0.01,10,8360,买盘
1673,11:05:08,8.35,-0.01,50,41750,卖盘
1674,11:04:59,8.36,--,50,42243,卖盘
1675,11:04:53,8.36,--,63,52668,卖盘
1676,11:04:50,8.36,--,3,2508,卖盘
1677,11:04:47,8.36,--,83,69780,买盘
1678,11:04:32,8.36,--,100,83600,买盘
1679,11:04:23,8.36,0.01,5,4180,买盘
1680,11:04:17,8.35,-0.01,10,8350,卖盘
1681,11:04:08,8.36,0.01,3,2508,买盘
1682,11:04:05,8.35,-0.01,5,4175,卖盘
1683,11:03:59,8.36,0.01,4,3344,买盘
1684,11:03:56,8.35,-0.01,1,1277,卖盘
1685,11:03:53,8.36,--,5,4180,买盘
1686,11:03:50,8.36,0.01,1,836,买盘
1687,11:03:44,8.35,-0.01,2,1970,卖盘
1688,11:03:41,8.36,--,10,8803,卖盘
1689,11:03:29,8.36,--,1,836,卖盘
1690,11:03:20,8.36,--,26,21736,卖盘
1691,11:03:17,8.36,--,62,52224,买盘
1692,11:03:11,8.36,--,37,31375,卖盘
1693,11:03:08,8.36,--,10,8360,卖盘
1694,11:03:05,8.36,--,20,16720,卖盘
1695,11:02:59,8.36,--,50,41800,卖盘
1696,11:02:50,8.36,--,50,41800,卖盘
1697,11:02:47,8.36,--,2,1672,卖盘
1698,11:02:44,8.36,--,20,16720,卖盘
1699,11:02:38,8.36,--,14,12096,买盘
1700,11:02:26,8.36,--,18,15047,买盘
1701,11:02:23,8.36,--,131,109515,买盘
1702,11:02:14,8.36,-0.01,3,2951,卖盘
1703,11:02:08,8.37,0.01,10,8370,买盘
1704,11:01:59,8.36,--,6,5408,买盘
1705,11:01:53,8.36,--,13,11311,卖盘
1706,11:01:35,8.36,--,83,70132,卖盘
1707,11:01:29,8.36,--,6,5016,卖盘
1708,11:01:19,8.36,--,11,9196,卖盘
1709,11:01:13,8.36,-0.01,210,175560,卖盘
1710,11:01:10,8.37,0.01,53,44360,买盘
1711,11:01:04,8.36,-0.01,3,2508,卖盘
1712,11:01:01,8.37,--,14,11717,买盘
1713,11:00:34,8.37,0.01,53,44360,买盘
1714,11:00:16,8.36,--,30,25080,卖盘
1715,11:00:10,8.36,--,15,13024,买盘
1716,11:00:04,8.36,--,31,26417,买盘
1717,11:00:01,8.36,0.01,50,41800,买盘
1718,10:59:49,8.35,--,2,1912,卖盘
1719,10:59:37,8.35,-0.01,5,4175,卖盘
1720,10:59:34,8.36,--,54,45144,买盘
1721,10:59:19,8.36,0.01,37,30931,买盘
1722,10:59:01,8.35,--,57,47595,卖盘
1723,10:58:55,8.35,--,66,55853,买盘
1724,10:58:46,8.35,--,2,1670,买盘
1725,10:58:37,8.35,--,1,835,买盘
1726,10:58:31,8.35,--,73,61046,卖盘
1727,10:58:19,8.35,--,200,167000,卖盘
1728,10:58:16,8.35,-0.01,5,4175,卖盘
1729,10:58:10,8.36,--,61,50996,买盘
1730,10:58:04,8.36,0.01,15,12540,买盘
1731,10:57:58,8.35,-0.01,1,1269,卖盘
1732,10:57:49,8.36,0.01,10,8360,买盘
1733,10:57:43,8.35,-0.01,2,1978,卖盘
1734,10:57:28,8.36,0.01,159,132924,买盘
1735,10:57:25,8.35,-0.01,40,33400,卖盘
1736,10:57:19,8.36,--,50,41800,买盘
1737,10:57:16,8.36,--,55,45980,买盘
1738,10:57:13,8.36,--,9,7523,买盘
1739,10:56:52,8.36,--,18,15047,买盘
1740,10:56:43,8.36,0.01,32,26752,买盘
1741,10:56:34,8.35,--,2,1670,卖盘
1742,10:56:31,8.35,-0.01,30,25050,卖盘
1743,10:56:25,8.36,--,1,836,买盘
1744,10:56:13,8.36,--,150,125399,买盘
1745,10:56:07,8.36,0.01,130,108679,买盘
1746,10:55:49,8.35,--,1,835,卖盘
1747,10:55:46,8.35,--,208,174289,买盘
1748,10:55:34,8.35,0.01,1000,835000,买盘
1749,10:55:31,8.34,-0.01,3,3244,卖盘
1750,10:55:25,8.35,--,1,835,买盘
1751,10:55:04,8.35,--,14,11915,卖盘
1752,10:54:55,8.35,--,23,19205,卖盘
1753,10:54:40,8.35,--,4,3340,卖盘
1754,10:54:37,8.35,--,15,12525,卖盘
1755,10:54:34,8.35,--,119,99365,卖盘
1756,10:54:07,8.35,0.01,107,89954,买盘
1757,10:54:01,8.34,--,4,3336,卖盘
1758,10:53:52,8.34,0.01,192,160128,买盘
1759,10:53:49,8.33,--,30,24990,卖盘
1760,10:53:37,8.33,--,38,32187,卖盘
1761,10:53:34,8.33,-0.01,2,1874,卖盘
1762,10:53:19,8.34,--,115,95910,买盘
1763,10:53:13,8.34,--,5,4170,买盘
1764,10:52:52,8.34,--,1,834,卖盘
1765,10:52:46,8.34,--,2,1668,买盘
1766,10:52:43,8.34,0.01,8,6672,买盘
1767,10:52:31,8.33,-0.01,10,8330,卖盘
1768,10:52:10,8.34,--,27,22518,卖盘
1769,10:51:49,8.34,-0.01,20,16680,卖盘
1770,10:51:46,8.35,0.01,30,25050,买盘
1771,10:51:43,8.34,-0.01,18,15545,卖盘
1772,10:51:37,8.35,0.01,10,8350,买盘
1773,10:51:31,8.34,-0.01,2,1876,卖盘
1774,10:51:28,8.35,--,130,108550,买盘
1775,10:51:19,8.35,--,13,10855,买盘
1776,10:51:16,8.35,--,7,5845,买盘
1777,10:51:04,8.35,--,24,20265,卖盘
1778,10:51:01,8.35,-0.01,30,25050,卖盘
1779,10:50:58,8.36,0.01,62,51832,买盘
1780,10:50:52,8.35,--,298,248830,卖盘
1781,10:50:40,8.35,--,50,41750,卖盘
1782,10:50:31,8.35,--,23,19205,卖盘
1783,10:50:28,8.35,--,41,34986,卖盘
1784,10:50:25,8.35,--,4,3340,卖盘
1785,10:50:22,8.35,--,73,61748,卖盘
1786,10:50:19,8.35,--,15,12525,卖盘
1787,10:50:16,8.35,-0.01,13,10855,卖盘
1788,10:50:10,8.36,--,1,836,买盘
1789,10:49:52,8.36,--,5,4180,买盘
1790,10:49:37,8.36,--,15,12540,买盘
1791,10:49:28,8.36,--,75,63051,卖盘
1792,10:49:25,8.36,0.01,24,20548,买盘
1793,10:49:22,8.35,-0.01,55,46718,卖盘
1794,10:49:16,8.36,--,10,8360,买盘
1795,10:49:07,8.36,--,30,25339,卖盘
1796,10:49:01,8.36,--,95,79420,卖盘
1797,10:48:58,8.36,--,20,16720,卖盘
1798,10:48:52,8.36,--,30,25080,卖盘
1799,10:48:49,8.36,--,10,8360,卖盘
1800,10:48:43,8.36,--,20,17514,卖盘
1801,10:48:40,8.36,--,5,4180,卖盘
1802,10:48:37,8.36,-0.01,6,5016,卖盘
1803,10:48:28,8.37,0.01,10,8370,买盘
1804,10:48:16,8.36,--,25,20900,卖盘
1805,10:48:10,8.36,--,5,4180,卖盘
1806,10:47:55,8.36,--,6,5016,卖盘
1807,10:47:52,8.36,--,1,1454,卖盘
1808,10:47:46,8.36,0.01,61,50996,买盘
1809,10:47:31,8.35,-0.01,2,1795,卖盘
1810,10:47:22,8.36,--,4,3344,买盘
1811,10:47:13,8.36,--,23,19228,卖盘
1812,10:47:07,8.36,--,1,836,卖盘
1813,10:46:58,8.36,--,76,63535,买盘
1814,10:46:55,8.36,--,100,83600,买盘
1815,10:46:37,8.36,0.01,10,8360,买盘
1816,10:46:31,8.35,--,1,835,卖盘
1817,10:46:28,8.35,-0.01,20,16700,卖盘
1818,10:46:22,8.36,--,50,41800,买盘
1819,10:46:19,8.36,0.01,3,2508,买盘
1820,10:46:13,8.35,-0.01,2,1670,卖盘
1821,10:46:04,8.36,0.01,66,55175,买盘
1822,10:45:58,8.35,-0.02,10,8350,卖盘
1823,10:45:49,8.37,0.02,10,8370,买盘
1824,10:45:40,8.35,-0.01,1,1486,卖盘
1825,10:45:37,8.36,0.01,50,41800,买盘
1826,10:45:34,8.35,-0.01,49,41006,卖盘
1827,10:45:27,8.36,--,53,44308,买盘
1828,10:45:18,8.36,--,20,16720,买盘
1829,10:44:36,8.36,--,55,45980,买盘
1830,10:44:27,8.36,--,50,41800,卖盘
1831,10:44:18,8.36,0.01,50,41800,卖盘
1832,10:44:06,8.35,-0.01,100,83500,卖盘
1833,10:44:03,8.36,--,53,44308,买盘
1834,10:43:57,8.36,0.01,100,83600,买盘
1835,10:43:51,8.35,-0.01,11,9185,卖盘
1836,10:43:33,8.36,0.01,5,4180,买盘
1837,10:43:21,8.35,-0.01,30,25793,卖盘
1838,10:43:15,8.36,0.01,100,83600,买盘
1839,10:43:12,8.35,-0.01,10,8350,卖盘
1840,10:43:09,8.36,0.01,100,83600,买盘
1841,10:43:06,8.35,--,70,58450,卖盘
1842,10:42:54,8.35,--,45,37575,卖盘
1843,10:42:51,8.35,--,30,25050,卖盘
1844,10:42:45,8.35,--,5,4175,卖盘
1845,10:42:42,8.35,--,366,305610,买盘
1846,10:41:51,8.35,0.01,1,835,买盘
1847,10:41:42,8.34,--,1,1592,卖盘
1848,10:41:36,8.34,--,63,52542,卖盘
1849,10:41:30,8.34,--,6,5821,卖盘
1850,10:41:24,8.34,-0.01,100,83400,卖盘
1851,10:41:21,8.35,--,38,31730,买盘
1852,10:41:18,8.35,--,63,52605,买盘
1853,10:41:06,8.35,0.01,160,133600,买盘
1854,10:40:48,8.34,--,20,16680,买盘
1855,10:40:45,8.34,--,8,6672,买盘
1856,10:40:42,8.34,--,10,8340,买盘
1857,10:40:18,8.34,0.01,1,834,买盘
1858,10:39:42,8.33,--,1,1457,卖盘
1859,10:39:27,8.33,-0.01,2,1782,卖盘
1860,10:39:24,8.34,-0.01,85,70890,卖盘
1861,10:39:21,8.35,0.01,11,9185,买盘
1862,10:38:36,8.34,-0.01,8,6672,卖盘
1863,10:38:33,8.35,--,21,17535,买盘
1864,10:38:24,8.35,0.01,11,9185,买盘
1865,10:38:21,8.34,--,13,10842,卖盘
1866,10:37:57,8.34,--,50,41700,卖盘
1867,10:37:45,8.34,--,32,26688,买盘
1868,10:37:42,8.34,0.01,3,2502,买盘
1869,10:37:39,8.33,--,205,170765,卖盘
1870,10:37:18,8.33,-0.01,3,3240,卖盘
1871,10:37:15,8.34,--,15,12510,买盘
1872,10:37:06,8.34,--,110,91740,买盘
1873,10:36:57,8.34,--,200,166800,买盘
1874,10:36:33,8.34,0.01,1,834,买盘
1875,10:36:27,8.33,--,62,51646,卖盘
1876,10:36:24,8.33,-0.01,47,39151,卖盘
1877,10:36:18,8.34,--,1,834,买盘
1878,10:36:12,8.34,--,1,834,买盘
1879,10:36:06,8.34,--,140,116760,买盘
1880,10:35:51,8.34,0.01,5,4170,买盘
1881,10:35:42,8.33,0.01,1,833,中性盘
1882,10:35:39,8.32,-0.01,835,694720,卖盘
1883,10:35:36,8.33,--,1,1499,卖盘
1884,10:35:27,8.33,--,2,1740,卖盘
1885,10:35:18,8.33,0.01,74,61833,买盘
1886,10:35:12,8.32,-0.01,6,4992,卖盘
1887,10:35:09,8.33,--,35,29155,买盘
1888,10:34:57,8.33,0.01,5,4165,买盘
1889,10:34:54,8.32,-0.01,42,35584,卖盘
1890,10:34:45,8.33,--,8,6855,买盘
1891,10:34:36,8.33,--,20,16660,买盘
1892,10:34:33,8.33,0.01,50,41650,买盘
1893,10:34:30,8.32,-0.01,80,66560,卖盘
1894,10:34:21,8.33,--,3,2499,买盘
1895,10:34:12,8.33,--,192,160577,卖盘
1896,10:34:03,8.33,--,20,16660,卖盘
1897,10:34:00,8.33,--,27,22682,买盘
1898,10:33:54,8.33,--,32,26656,买盘
1899,10:33:51,8.33,--,225,187516,卖盘
1900,10:33:48,8.33,--,67,55811,卖盘
1901,10:33:27,8.33,--,372,309876,卖盘
1902,10:33:24,8.33,--,20,16660,卖盘
1903,10:33:21,8.33,--,1,1249,卖盘
1904,10:33:18,8.33,-0.01,2,1990,卖盘
1905,10:33:15,8.34,0.01,21,17514,买盘
1906,10:33:12,8.33,--,10,8330,卖盘
1907,10:33:03,8.33,--,12,9996,卖盘
1908,10:33:00,8.33,--,10,8330,卖盘
1909,10:32:42,8.33,--,50,41650,卖盘
1910,10:32:24,8.33,--,20,16660,卖盘
1911,10:32:12,8.33,--,290,241570,卖盘
1912,10:32:06,8.33,-0.01,36,29988,卖盘
1913,10:31:42,8.34,--,5,4170,买盘
1914,10:31:39,8.34,--,934,779506,卖盘
1915,10:31:27,8.34,--,5,4170,卖盘
1916,10:31:24,8.34,--,105,87570,卖盘
1917,10:31:18,8.34,--,1,1351,卖盘
1918,10:31:15,8.34,--,2,1893,卖盘
1919,10:31:06,8.34,--,20,16680,卖盘
1920,10:31:00,8.34,--,10,8340,卖盘
1921,10:30:54,8.34,--,6,5004,卖盘
1922,10:30:51,8.34,--,40,33360,卖盘
1923,10:30:48,8.34,-0.01,26,22309,卖盘
1924,10:30:45,8.35,--,12,10020,买盘
1925,10:30:33,8.35,0.01,50,41750,买盘
1926,10:30:12,8.34,--,40,33360,卖盘
1927,10:30:06,8.34,-0.01,2,1668,卖盘
1928,10:29:54,8.35,--,30,25050,买盘
1929,10:29:42,8.35,--,5,4901,买盘
1930,10:29:39,8.35,0.01,6,5010,买盘
1931,10:29:36,8.34,--,30,25020,卖盘
1932,10:29:24,8.34,-0.01,2,1684,卖盘
1933,10:29:21,8.35,0.01,8,6680,买盘
1934,10:29:15,8.34,-0.01,5,4170,卖盘
1935,10:29:12,8.35,0.01,35,29225,买盘
1936,10:29:09,8.34,-0.01,7,5838,卖盘
1937,10:29:00,8.35,--,28,23380,买盘
1938,10:28:45,8.35,--,1,835,买盘
1939,10:28:36,8.35,0.01,4,3340,买盘
1940,10:28:21,8.34,-0.01,10,8340,卖盘
1941,10:28:06,8.35,--,50,41750,买盘
1942,10:27:51,8.35,0.01,2,1670,买盘
1943,10:27:33,8.34,-0.01,26,22359,卖盘
1944,10:27:27,8.35,--,1,835,买盘
1945,10:27:18,8.35,--,8,6888,卖盘
1946,10:27:15,8.35,--,2,1736,卖盘
1947,10:27:06,8.35,--,200,167000,卖盘
1948,10:27:03,8.35,--,28,23380,卖盘
1949,10:26:57,8.35,--,208,173680,卖盘
1950,10:26:45,8.35,--,109,91015,卖盘
1951,10:26:42,8.35,--,56,46760,卖盘
1952,10:26:33,8.35,-0.01,68,56780,卖盘
1953,10:26:15,8.36,0.01,16,13376,买盘
1954,10:26:06,8.35,--,15,12525,卖盘
1955,10:26:03,8.35,--,40,33400,卖盘
1956,10:26:00,8.35,--,10,8350,卖盘
1957,10:25:57,8.35,--,117,97695,卖盘
1958,10:25:47,8.35,--,169,141674,买盘
1959,10:25:41,8.35,--,11,9185,买盘
1960,10:25:20,8.35,-0.01,164,137215,卖盘
1961,10:25:17,8.36,0.01,10,8360,买盘
1962,10:25:14,8.35,--,49,41516,卖盘
1963,10:25:08,8.35,--,12,10161,卖盘
1964,10:25:02,8.35,--,193,161155,卖盘
1965,10:24:56,8.35,-0.01,3,2505,卖盘
1966,10:24:53,8.36,0.01,170,142120,买盘
1967,10:24:44,8.35,--,55,45925,卖盘
1968,10:24:38,8.35,-0.01,30,25050,卖盘
1969,10:24:11,8.36,--,18,15047,买盘
1970,10:24:02,8.36,--,20,16720,买盘
1971,10:23:56,8.36,--,4,3344,买盘
1972,10:23:47,8.36,--,107,89452,买盘
1973,10:23:41,8.36,--,41,34276,买盘
1974,10:23:32,8.36,--,5,4180,买盘
1975,10:23:29,8.36,0.01,11,9756,买盘
1976,10:23:20,8.35,--,7,5845,卖盘
1977,10:23:14,8.35,-0.01,40,33583,卖盘
1978,10:23:02,8.36,--,3,2508,买盘
1979,10:22:50,8.36,--,30,25080,买盘
1980,10:22:47,8.36,-0.01,232,194595,卖盘
1981,10:22:44,8.37,0.01,10,8370,买盘
1982,10:22:20,8.36,--,29,24244,卖盘
1983,10:22:17,8.36,--,23,19228,卖盘
1984,10:22:14,8.36,--,100,83600,卖盘
1985,10:21:53,8.36,--,209,174916,买盘
1986,10:21:47,8.36,0.01,34,28423,买盘
1987,10:21:44,8.35,-0.01,34,28390,卖盘
1988,10:21:41,8.36,0.01,40,33440,买盘
1989,10:21:26,8.35,--,1,1427,卖盘
1990,10:21:17,8.35,-0.01,56,46910,卖盘
1991,10:21:08,8.36,--,10,8360,买盘
1992,10:21:02,8.36,--,19,15883,买盘
1993,10:20:59,8.36,--,50,41800,买盘
1994,10:20:32,8.36,--,20,16720,买盘
1995,10:20:08,8.36,--,8,6688,买盘
1996,10:20:05,8.36,--,100,83600,买盘
1997,10:20:02,8.36,0.01,100,83600,买盘
1998,10:19:59,8.35,-0.01,58,48430,卖盘
1999,10:19:41,8.36,--,90,75240,买盘
2000,10:19:38,8.36,0.01,3,2508,买盘
2001,10:19:26,8.35,-0.01,10,8350,卖盘
2002,10:19:08,8.36,--,29,24244,买盘
2003,10:19:02,8.36,--,12,10032,买盘
2004,10:18:53,8.36,0.01,49,40964,买盘
2005,10:18:44,8.35,--,40,33400,卖盘
2006,10:18:41,8.35,--,16,13360,卖盘
2007,10:18:32,8.35,--,34,28390,卖盘
2008,10:18:26,8.35,--,10,8350,卖盘
2009,10:18:20,8.35,--,2,1670,卖盘
2010,10:18:11,8.35,--,55,45925,卖盘
2011,10:17:59,8.35,--,39,32565,卖盘
2012,10:17:44,8.35,--,419,349865,买盘
2013,10:17:41,8.35,--,4,3340,买盘
2014,10:17:38,8.35,--,58,48430,买盘
2015,10:17:35,8.35,--,36,30060,买盘
2016,10:17:23,8.35,--,6,5010,买盘
2017,10:17:14,8.35,--,10,8350,买盘
2018,10:17:08,8.35,--,10,8350,买盘
2019,10:16:50,8.35,--,5,4175,买盘
2020,10:16:44,8.35,--,10,8350,买盘
2021,10:16:35,8.35,--,20,16700,买盘
2022,10:16:29,8.35,--,27,22545,买盘
2023,10:16:26,8.35,--,2,1670,买盘
2024,10:16:17,8.35,--,128,106880,卖盘
2025,10:15:56,8.35,--,17,14195,卖盘
2026,10:15:50,8.35,0.01,906,756510,买盘
2027,10:15:44,8.34,--,230,191820,卖盘
2028,10:15:23,8.34,--,3,2502,卖盘
2029,10:14:59,8.34,-0.01,54,45036,卖盘
2030,10:14:56,8.35,0.01,60,50100,买盘
2031,10:14:38,8.34,--,40,33360,卖盘
2032,10:14:35,8.34,--,33,27522,卖盘
2033,10:14:32,8.34,--,160,133440,卖盘
2034,10:14:26,8.34,--,12,10008,卖盘
2035,10:14:23,8.34,--,30,25020,卖盘
2036,10:14:17,8.34,--,16,13344,卖盘
2037,10:14:14,8.34,-0.01,300,250200,卖盘
2038,10:13:59,8.35,-0.01,1,835,中性盘
2039,10:13:53,8.36,0.01,120,100320,买盘
2040,10:13:32,8.35,--,20,16700,卖盘
2041,10:13:29,8.35,--,100,83500,卖盘
2042,10:13:23,8.35,--,2,1670,卖盘
2043,10:13:20,8.35,--,40,33400,卖盘
2044,10:13:14,8.35,--,44,36740,卖盘
2045,10:13:02,8.35,--,469,391615,卖盘
2046,10:12:50,8.35,--,5,4175,卖盘
2047,10:12:44,8.35,--,10,8350,卖盘
2048,10:12:41,8.35,--,28,23380,卖盘
2049,10:12:35,8.35,--,7,5845,卖盘
2050,10:12:23,8.35,0.01,549,458415,买盘
2051,10:12:08,8.34,--,1,834,卖盘
2052,10:11:59,8.34,--,30,25020,卖盘
2053,10:11:56,8.34,--,10,8340,卖盘
2054,10:11:53,8.34,--,5,4170,卖盘
2055,10:11:50,8.34,--,1,834,卖盘
2056,10:11:38,8.34,--,21,17514,卖盘
2057,10:11:14,8.34,--,26,21684,卖盘
2058,10:11:08,8.34,--,10,8340,卖盘
2059,10:10:50,8.34,0.01,47,39198,买盘
2060,10:10:32,8.33,-0.01,400,333200,卖盘
2061,10:10:29,8.34,0.01,50,41700,买盘
2062,10:10:20,8.33,-0.01,18,14994,卖盘
2063,10:10:05,8.34,0.01,20,16680,买盘
2064,10:10:02,8.33,--,11,9163,卖盘
2065,10:09:56,8.33,-0.01,25,20825,卖盘
2066,10:09:44,8.34,--,35,29190,买盘
2067,10:09:41,8.34,--,189,157626,买盘
2068,10:09:38,8.34,--,582,485388,卖盘
2069,10:09:32,8.34,-0.01,300,250200,卖盘
2070,10:09:26,8.35,--,12,10020,买盘
2071,10:09:23,8.35,0.01,5,4175,买盘
2072,10:09:08,8.34,-0.01,30,25020,卖盘
2073,10:09:02,8.35,0.01,40,33400,买盘
2074,10:08:59,8.34,--,10,8340,卖盘
2075,10:08:47,8.34,-0.01,85,70890,卖盘
2076,10:08:41,8.35,0.01,10,8350,买盘
2077,10:08:35,8.34,-0.01,30,25020,卖盘
2078,10:08:32,8.35,0.01,140,116900,买盘
2079,10:08:23,8.34,--,134,111756,买盘
2080,10:08:08,8.34,--,47,39198,买盘
2081,10:07:59,8.34,--,50,41700,买盘
2082,10:07:56,8.34,--,50,41700,买盘
2083,10:07:53,8.34,-0.01,1098,915732,卖盘
2084,10:07:50,8.35,--,5,4175,中性盘
2085,10:07:38,8.35,--,10,8350,买盘
2086,10:07:29,8.35,--,40,33400,卖盘
2087,10:07:26,8.35,-0.01,30,25050,卖盘
2088,10:06:59,8.36,0.01,1,836,买盘
2089,10:06:53,8.35,--,120,100200,卖盘
2090,10:06:50,8.35,--,400,334000,卖盘
2091,10:06:41,8.35,-0.01,23,19205,卖盘
2092,10:06:38,8.36,0.01,8,6688,买盘
2093,10:06:32,8.35,-0.01,10,8350,卖盘
2094,10:06:26,8.36,0.01,99,82764,买盘
2095,10:06:17,8.35,--,21,17535,卖盘
2096,10:06:07,8.35,--,4,3340,卖盘
2097,10:06:04,8.35,--,15,12525,卖盘
2098,10:05:58,8.35,-0.01,150,125250,卖盘
2099,10:05:49,8.36,0.01,2,1672,买盘
2100,10:05:40,8.35,-0.01,64,53440,卖盘
2101,10:05:28,8.36,--,5,4180,卖盘
2102,10:05:22,8.36,--,120,100320,卖盘
2103,10:05:19,8.36,--,20,16720,卖盘
2104,10:05:16,8.36,--,20,16720,卖盘
2105,10:05:13,8.36,--,2,1672,卖盘
2106,10:05:10,8.36,--,22,18392,卖盘
2107,10:05:07,8.36,--,122,101992,卖盘
2108,10:05:01,8.36,--,442,369512,买盘
2109,10:04:40,8.36,0.01,17,14211,买盘
2110,10:04:37,8.35,--,8,6680,卖盘
2111,10:04:19,8.35,--,100,83500,卖盘
2112,10:04:16,8.35,-0.01,11,9185,卖盘
2113,10:04:13,8.36,--,49,40964,买盘
2114,10:04:07,8.36,--,11,9196,卖盘
2115,10:04:04,8.36,--,13,10868,买盘
2116,10:03:58,8.36,--,7,5852,卖盘
2117,10:03:55,8.36,--,1,836,卖盘
2118,10:03:49,8.36,--,50,41800,卖盘
2119,10:03:46,8.36,--,20,16720,卖盘
2120,10:03:40,8.36,--,4,3344,卖盘
2121,10:03:37,8.36,--,5,4180,卖盘
2122,10:03:28,8.36,--,100,83600,卖盘
2123,10:03:16,8.36,-0.01,3,2508,卖盘
2124,10:03:13,8.37,0.01,30,25109,买盘
2125,10:02:58,8.36,-0.01,240,200640,卖盘
2126,10:02:52,8.37,0.01,23,19251,买盘
2127,10:02:43,8.36,-0.01,10,8360,卖盘
2128,10:02:40,8.37,--,20,16740,买盘
2129,10:02:22,8.37,0.01,104,87047,买盘
2130,10:02:19,8.36,-0.01,4,3344,卖盘
2131,10:01:43,8.37,0.01,10,8370,买盘
2132,10:01:37,8.36,-0.01,5,4180,卖盘
2133,10:01:25,8.37,0.01,4,3347,买盘
2134,10:01:22,8.36,-0.01,110,91960,卖盘
2135,10:01:16,8.37,0.01,50,41849,买盘
2136,10:00:55,8.36,--,33,27587,买盘
2137,10:00:46,8.36,--,50,41800,买盘
2138,10:00:34,8.36,--,39,32603,买盘
2139,10:00:22,8.36,0.01,100,83600,买盘
2140,10:00:13,8.35,-0.01,19,15865,卖盘
2141,10:00:10,8.36,--,1,836,买盘
2142,09:59:58,8.36,0.01,1,836,买盘
2143,09:59:55,8.35,-0.01,2,1670,卖盘
2144,09:59:52,8.36,--,15,12540,买盘
2145,09:59:40,8.36,--,249,208164,卖盘
2146,09:59:31,8.36,--,56,46816,卖盘
2147,09:59:16,8.36,--,149,124563,买盘
2148,09:58:55,8.36,-0.01,288,240767,卖盘
2149,09:58:52,8.37,--,60,50219,买盘
2150,09:58:46,8.37,--,30,25109,买盘
2151,09:58:43,8.37,-0.01,81,67797,中性盘
2152,09:58:19,8.38,0.01,223,186874,买盘
2153,09:58:07,8.37,--,210,175769,卖盘
2154,09:57:55,8.37,-0.01,41,34317,卖盘
2155,09:57:46,8.38,0.01,5,4190,买盘
2156,09:57:25,8.37,--,10,8370,卖盘
2157,09:57:10,8.37,--,179,149823,买盘
2158,09:57:01,8.37,--,8,6695,买盘
2159,09:56:49,8.37,--,10,8370,买盘
2160,09:56:40,8.37,--,4,3347,买盘
2161,09:56:37,8.37,--,40,33480,买盘
2162,09:56:25,8.37,--,3,2510,买盘
2163,09:56:16,8.37,--,55,46034,买盘
2164,09:56:10,8.37,--,2,1673,买盘
2165,09:56:07,8.37,--,34,28457,买盘
2166,09:56:04,8.37,-0.01,341,285417,卖盘
2167,09:56:01,8.38,--,129,108102,买盘
2168,09:55:55,8.38,0.01,4,3352,买盘
2169,09:55:40,8.37,--,5,4185,卖盘
2170,09:55:34,8.37,--,51,42686,卖盘
2171,09:55:31,8.37,--,2,1673,卖盘
2172,09:55:22,8.37,-0.01,35,29294,卖盘
2173,09:55:16,8.38,--,138,115644,卖盘
2174,09:55:13,8.38,0.01,62,51956,买盘
2175,09:55:10,8.37,--,300,251099,卖盘
2176,09:55:07,8.37,--,15,12554,卖盘
2177,09:55:04,8.37,-0.01,26,21761,卖盘
2178,09:54:58,8.38,0.01,16,13408,买盘
2179,09:54:52,8.37,-0.01,20,16740,卖盘
2180,09:54:49,8.38,--,22,18436,买盘
2181,09:54:43,8.38,--,20,16760,买盘
2182,09:54:22,8.38,0.01,100,83800,买盘
2183,09:54:07,8.37,-0.01,68,56915,卖盘
2184,09:54:01,8.38,--,4,3352,买盘
2185,09:53:58,8.38,--,50,41900,买盘
2186,09:53:46,8.38,0.01,105,87990,买盘
2187,09:53:37,8.37,--,27,22598,卖盘
2188,09:53:25,8.37,-0.01,70,58589,卖盘
2189,09:53:22,8.38,0.01,26,21788,买盘
2190,09:53:16,8.37,--,4,3347,卖盘
2191,09:53:07,8.37,--,4,3347,卖盘
2192,09:53:04,8.37,--,5,4185,卖盘
2193,09:52:55,8.37,--,88,73656,买盘
2194,09:52:52,8.37,--,2,1673,买盘
2195,09:52:49,8.37,--,305,255284,买盘
2196,09:52:43,8.37,0.01,50,41849,买盘
2197,09:52:37,8.36,-0.01,41,34276,卖盘
2198,09:52:25,8.37,--,82,68634,买盘
2199,09:52:16,8.37,0.01,10,8370,买盘
2200,09:52:13,8.36,--,6,5016,卖盘
2201,09:52:07,8.36,--,20,16720,卖盘
2202,09:52:04,8.36,--,45,37620,卖盘
2203,09:51:55,8.36,--,88,73568,买盘
2204,09:51:52,8.36,--,20,16720,买盘
2205,09:51:46,8.36,--,10,8360,买盘
2206,09:51:40,8.36,0.01,21,17556,买盘
2207,09:51:34,8.35,--,3,2505,卖盘
2208,09:51:25,8.35,-0.01,1,835,卖盘
2209,09:51:22,8.36,--,11,9196,买盘
2210,09:51:19,8.36,--,1,836,买盘
2211,09:51:16,8.36,0.01,19,15883,买盘
2212,09:51:13,8.35,-0.01,10,8350,卖盘
2213,09:51:07,8.36,--,1,836,买盘
2214,09:50:58,8.36,--,48,40128,买盘
2215,09:50:52,8.36,-0.01,62,51832,卖盘
2216,09:50:49,8.37,0.01,30,25109,买盘
2217,09:50:46,8.36,-0.01,20,16720,卖盘
2218,09:50:43,8.37,0.01,20,16740,买盘
2219,09:50:37,8.36,-0.01,30,25080,卖盘
2220,09:50:34,8.37,0.01,379,317222,买盘
2221,09:50:22,8.36,-0.01,10,8360,卖盘
2222,09:50:19,8.37,--,2,1673,买盘
2223,09:50:16,8.37,--,1,836,买盘
2224,09:50:13,8.37,--,17,14228,买盘
2225,09:50:07,8.37,--,30,25109,买盘
2226,09:49:58,8.37,--,172,143964,卖盘
2227,09:49:46,8.37,--,116,97091,买盘
2228,09:49:40,8.37,0.01,15,12554,买盘
2229,09:49:37,8.36,-0.01,641,535876,卖盘
2230,09:49:25,8.37,0.01,386,323081,买盘
2231,09:49:19,8.36,--,5,4180,卖盘
2232,09:49:16,8.36,--,8,6688,卖盘
2233,09:49:10,8.36,--,20,16720,卖盘
2234,09:49:07,8.36,--,492,411312,买盘
2235,09:49:01,8.36,--,2,1672,买盘
2236,09:48:58,8.36,0.01,13,10868,买盘
2237,09:48:52,8.35,-0.01,31,25885,卖盘
2238,09:48:49,8.36,--,3,2508,买盘
2239,09:48:46,8.36,--,16,13376,买盘
2240,09:48:40,8.36,0.01,25,20900,买盘
2241,09:48:28,8.35,--,43,35905,买盘
2242,09:48:25,8.35,--,20,16700,买盘
2243,09:48:22,8.35,--,50,41750,买盘
2244,09:48:13,8.35,--,50,41750,卖盘
2245,09:48:04,8.35,--,585,488475,买盘
2246,09:47:58,8.35,0.01,10,8350,买盘
2247,09:47:36,8.34,-0.01,80,66720,卖盘
2248,09:47:30,8.35,0.01,5,4175,买盘
2249,09:47:24,8.34,-0.01,18,15012,卖盘
2250,09:47:12,8.35,-0.01,17,14195,卖盘
2251,09:47:06,8.36,0.01,6,5016,买盘
2252,09:46:54,8.35,-0.01,40,33400,卖盘
2253,09:46:51,8.36,--,3,2508,买盘
2254,09:46:45,8.36,0.01,26,21736,买盘
2255,09:46:42,8.35,-0.01,99,82665,中性盘
2256,09:46:39,8.36,0.01,65,54339,买盘
2257,09:46:33,8.35,-0.01,8,6680,卖盘
2258,09:46:21,8.36,--,40,33440,买盘
2259,09:46:18,8.36,--,10,8360,买盘
2260,09:46:12,8.36,0.01,395,330220,买盘
2261,09:46:09,8.35,-0.01,5,4175,卖盘
2262,09:46:06,8.36,--,8,6688,买盘
2263,09:46:03,8.36,--,100,83600,买盘
2264,09:45:57,8.36,0.01,330,275880,买盘
2265,09:45:42,8.35,0.01,376,313960,买盘
2266,09:45:12,8.34,--,1,834,卖盘
2267,09:45:06,8.34,0.01,121,100914,买盘
2268,09:45:03,8.33,-0.01,10,8330,卖盘
2269,09:45:00,8.34,--,50,41700,买盘
2270,09:44:57,8.34,--,1,834,买盘
2271,09:44:54,8.34,--,15,12510,买盘
2272,09:44:45,8.34,--,10,8340,买盘
2273,09:44:33,8.34,0.01,2,1668,买盘
2274,09:44:27,8.33,-0.01,5,4165,卖盘
2275,09:44:12,8.34,--,36,30024,买盘
2276,09:44:09,8.34,0.01,5,4170,买盘
2277,09:43:54,8.33,--,1,833,卖盘
2278,09:43:48,8.33,--,10,8330,卖盘
2279,09:43:39,8.33,--,10,8330,卖盘
2280,09:43:36,8.33,--,1,833,卖盘
2281,09:43:27,8.33,--,25,20825,卖盘
2282,09:43:18,8.33,--,20,16660,卖盘
2283,09:43:09,8.33,0.01,25,20825,买盘
2284,09:43:03,8.32,-0.01,2,1664,卖盘
2285,09:43:00,8.33,0.01,1,833,买盘
2286,09:42:33,8.32,--,23,19136,买盘
2287,09:42:30,8.32,--,7,5824,卖盘
2288,09:42:24,8.32,--,93,77376,买盘
2289,09:42:21,8.32,--,13,10816,买盘
2290,09:41:54,8.32,--,196,163072,卖盘
2291,09:41:03,8.32,0.01,31,25792,买盘
2292,09:40:42,8.31,0.01,66,54846,买盘
2293,09:40:39,8.3,-0.01,50,41500,卖盘
2294,09:40:36,8.31,--,100,83100,买盘
2295,09:40:33,8.31,--,100,83100,买盘
2296,09:40:30,8.31,--,63,52353,卖盘
2297,09:40:21,8.31,0.01,15,12465,中性盘
2298,09:40:15,8.3,-0.01,51,42330,卖盘
2299,09:40:12,8.31,0.01,78,64834,买盘
2300,09:40:06,8.3,-0.01,30,24900,卖盘
2301,09:39:51,8.31,0.01,123,102213,买盘
2302,09:39:30,8.3,-0.01,5,4150,卖盘
2303,09:39:18,8.31,0.01,100,83100,买盘
2304,09:39:15,8.3,--,9,7470,卖盘
2305,09:39:06,8.3,-0.01,114,95433,卖盘
2306,09:38:57,8.31,--,39,32425,卖盘
2307,09:38:54,8.31,--,3,2493,买盘
2308,09:38:51,8.31,--,3,2493,买盘
2309,09:38:48,8.31,0.01,15,12465,买盘
2310,09:38:42,8.3,-0.01,149,123670,卖盘
2311,09:38:39,8.31,0.01,20,16620,买盘
2312,09:38:27,8.3,--,3,2490,卖盘
2313,09:38:24,8.3,-0.01,1,830,卖盘
2314,09:38:21,8.31,--,10,8310,买盘
2315,09:38:06,8.31,--,131,108861,卖盘
2316,09:37:57,8.31,-0.01,130,108030,卖盘
2317,09:37:33,8.32,-0.01,72,59904,卖盘
2318,09:37:18,8.33,--,29,24157,卖盘
2319,09:37:12,8.33,--,2,1666,卖盘
2320,09:37:03,8.33,-0.01,30,24990,卖盘
2321,09:37:00,8.34,--,55,45870,买盘
2322,09:36:36,8.34,--,56,46704,买盘
2323,09:36:12,8.34,--,42,35028,买盘
2324,09:36:06,8.34,--,20,16680,买盘
2325,09:35:54,8.34,--,23,19182,买盘
2326,09:35:51,8.34,--,108,90072,卖盘
2327,09:35:48,8.34,--,54,45036,买盘
2328,09:35:45,8.34,--,102,85068,卖盘
2329,09:35:42,8.34,-0.01,30,25020,卖盘
2330,09:35:33,8.35,0.01,166,138610,买盘
2331,09:35:30,8.34,--,8,6672,买盘
2332,09:35:24,8.34,--,23,19182,买盘
2333,09:35:15,8.34,--,5,4170,买盘
2334,09:35:06,8.34,--,12,10008,买盘
2335,09:35:03,8.34,--,10,8340,买盘
2336,09:34:45,8.34,0.01,37,30858,买盘
2337,09:34:42,8.33,--,22,18326,卖盘
2338,09:34:36,8.33,--,1,833,卖盘
2339,09:34:30,8.33,-0.01,25,20825,卖盘
2340,09:34:24,8.34,0.01,10,8340,买盘
2341,09:34:21,8.33,--,65,54145,卖盘
2342,09:34:15,8.33,--,20,16660,卖盘
2343,09:34:06,8.33,--,65,54145,买盘
2344,09:34:00,8.33,--,1,833,买盘
2345,09:33:45,8.33,-0.01,15,12495,卖盘
2346,09:33:30,8.34,--,1,834,卖盘
2347,09:33:27,8.34,--,8,6672,卖盘
2348,09:33:21,8.34,0.01,21,17514,买盘
2349,09:33:15,8.33,-0.01,50,41650,中性盘
2350,09:32:51,8.34,--,50,41700,买盘
2351,09:32:48,8.34,0.03,5,4170,买盘
2352,09:32:45,8.31,-0.03,30,24930,卖盘
2353,09:32:21,8.34,-0.01,2,1668,中性盘
2354,09:32:15,8.35,0.01,780,651300,买盘
2355,09:32:12,8.34,--,100,83400,卖盘
2356,09:32:09,8.34,--,19,15846,卖盘
2357,09:32:06,8.34,--,62,51708,卖盘
2358,09:32:03,8.34,-0.01,22,18348,卖盘
2359,09:32:00,8.35,0.01,15,12525,买盘
2360,09:31:57,8.34,-0.01,20,16680,卖盘
2361,09:31:54,8.35,0.01,10,8350,买盘
2362,09:31:42,8.34,--,7,5838,卖盘
2363,09:31:33,8.34,--,30,25020,卖盘
2364,09:31:08,8.34,0.01,6,5004,卖盘
2365,09:30:50,8.33,--,5,4165,买盘
2366,09:30:47,8.33,-0.01,37,30821,卖盘
2367,09:30:44,8.34,--,4,3336,买盘
2368,09:30:32,8.34,0.01,20,16680,买盘
2369,09:30:17,8.33,--,20,16660,卖盘
2370,09:30:14,8.33,--,33,27489,卖盘
2371,09:30:05,8.33,0.03,112,93296,买盘
2372,09:30:02,8.3,-0.03,163,135290,卖盘
2373,09:25:38,8.33,--,0,0,买盘
2374,09:25:02,8.33,8.33,23,19159,买盘
