,time,price,change,volume,amount,type
0,15:00:21,16.41,--,2073,3401793,卖盘
1,14:57:51,16.41,--,0,0,买盘
2,14:57:03,16.41,--,10,16410,卖盘
3,14:56:57,16.41,--,45,73845,卖盘
4,14:56:54,16.41,--,71,116511,买盘
5,14:56:51,16.41,0.01,310,508710,买盘
6,14:56:48,16.4,--,184,301760,卖盘
7,14:56:42,16.4,--,79,129559,卖盘
8,14:56:39,16.4,-0.01,202,331280,卖盘
9,14:56:36,16.41,0.01,384,630144,买盘
10,14:56:30,16.4,-0.01,25,41000,卖盘
11,14:56:27,16.41,0.01,33,54153,买盘
12,14:56:24,16.4,--,30,49199,卖盘
13,14:56:21,16.4,0.01,231,378839,买盘
14,14:56:18,16.39,-0.01,21,34419,卖盘
15,14:56:15,16.4,--,14,22959,买盘
16,14:56:12,16.4,0.01,66,108239,买盘
17,14:56:09,16.39,--,63,103257,卖盘
18,14:56:06,16.39,--,55,90145,卖盘
19,14:56:03,16.39,--,69,113091,卖盘
20,14:55:57,16.39,--,104,170456,卖盘
21,14:55:51,16.39,-0.01,26,42614,卖盘
22,14:55:48,16.4,0.01,16,26239,买盘
23,14:55:45,16.39,--,218,357302,卖盘
24,14:55:39,16.39,--,19,31141,卖盘
25,14:55:36,16.39,--,46,76574,买盘
26,14:55:33,16.39,--,40,65560,买盘
27,14:55:30,16.39,--,36,59004,买盘
28,14:55:27,16.39,--,51,83589,买盘
29,14:55:24,16.39,-0.01,1279,2096739,卖盘
30,14:55:21,16.4,--,28,45919,卖盘
31,14:55:18,16.4,--,87,142680,卖盘
32,14:55:12,16.4,--,30,49199,卖盘
33,14:55:09,16.4,--,76,124639,买盘
34,14:55:06,16.4,--,35,57399,卖盘
35,14:55:03,16.4,0.01,119,195159,中性盘
36,14:55:00,16.39,-0.01,74,121286,卖盘
37,14:54:57,16.4,--,56,91839,卖盘
38,14:54:54,16.4,0.01,103,169575,买盘
39,14:54:51,16.39,--,2,3278,卖盘
40,14:54:42,16.39,-0.01,957,1568523,卖盘
41,14:54:39,16.4,--,9,14759,买盘
42,14:54:36,16.4,--,22,36080,买盘
43,14:54:33,16.4,--,1,1639,买盘
44,14:54:30,16.4,0.01,193,316520,买盘
45,14:54:24,16.39,--,95,155705,卖盘
46,14:54:21,16.39,-0.01,45,73755,卖盘
47,14:54:18,16.4,0.01,18,29519,买盘
48,14:54:15,16.39,-0.01,160,262240,卖盘
49,14:54:09,16.4,--,10,16400,买盘
50,14:54:06,16.4,--,135,221399,买盘
51,14:54:03,16.4,0.01,20,32800,买盘
52,14:54:00,16.39,-0.01,27,44253,卖盘
53,14:53:57,16.4,--,11,18040,买盘
54,14:53:54,16.4,0.01,117,191879,买盘
55,14:53:51,16.39,-0.01,58,95062,卖盘
56,14:53:48,16.4,--,86,141040,买盘
57,14:53:45,16.4,0.01,19,31159,买盘
58,14:53:42,16.39,-0.01,6,9834,卖盘
59,14:53:39,16.4,--,36,59039,卖盘
60,14:53:33,16.4,0.01,425,696999,中性盘
61,14:53:27,16.39,--,127,208153,卖盘
62,14:53:24,16.39,--,5,8195,卖盘
63,14:53:21,16.39,-0.01,363,594957,卖盘
64,14:53:18,16.4,--,163,267844,买盘
65,14:53:12,16.4,--,245,401799,买盘
66,14:53:09,16.4,0.01,51,83640,买盘
67,14:53:06,16.39,-0.01,38,62282,卖盘
68,14:53:03,16.4,0.01,22,36080,买盘
69,14:53:00,16.39,-0.02,401,657239,卖盘
70,14:52:57,16.41,0.01,18,29538,买盘
71,14:52:54,16.4,--,40,65600,卖盘
72,14:52:48,16.4,--,666,1092240,卖盘
73,14:52:45,16.4,-0.01,100,164000,卖盘
74,14:52:42,16.41,0.01,82,134562,买盘
75,14:52:36,16.4,--,203,332920,卖盘
76,14:52:33,16.4,--,3,4920,卖盘
77,14:52:30,16.4,--,316,518239,卖盘
78,14:52:24,16.4,-0.01,148,242719,卖盘
79,14:52:18,16.41,0.01,37,60717,买盘
80,14:52:15,16.4,--,548,898719,卖盘
81,14:52:09,16.4,--,30,49199,卖盘
82,14:52:06,16.4,-0.01,3,4920,卖盘
83,14:52:03,16.41,--,23,37743,买盘
84,14:52:00,16.41,--,78,127998,买盘
85,14:51:57,16.41,--,85,139485,买盘
86,14:51:54,16.41,--,220,361807,卖盘
87,14:51:48,16.41,--,29,47589,卖盘
88,14:51:45,16.41,-0.01,4,6564,卖盘
89,14:51:42,16.42,--,10,16420,买盘
90,14:51:39,16.42,0.01,168,275856,买盘
91,14:51:33,16.41,--,12,19692,卖盘
92,14:51:30,16.41,--,51,83691,卖盘
93,14:51:27,16.41,--,177,290457,卖盘
94,14:51:24,16.41,0.01,302,496435,买盘
95,14:51:15,16.4,--,8,13119,卖盘
96,14:51:12,16.4,--,20,32800,卖盘
97,14:51:09,16.4,-0.01,55,90199,卖盘
98,14:51:06,16.41,0.01,357,585837,买盘
99,14:51:03,16.4,--,30,49199,卖盘
100,14:51:00,16.4,-0.01,34,55759,卖盘
101,14:50:57,16.41,0.01,27,44307,买盘
102,14:50:54,16.4,-0.01,280,459199,卖盘
103,14:50:51,16.41,--,50,82050,买盘
104,14:50:48,16.41,--,97,159177,买盘
105,14:50:45,16.41,0.01,26,42666,买盘
106,14:50:42,16.4,-0.01,27,44279,卖盘
107,14:50:39,16.41,--,264,434011,卖盘
108,14:50:36,16.41,--,2,3282,卖盘
109,14:50:33,16.41,--,306,502999,卖盘
110,14:50:27,16.41,--,67,109947,卖盘
111,14:50:24,16.41,--,93,152613,卖盘
112,14:50:18,16.41,--,36,59076,买盘
113,14:50:15,16.41,--,1,1641,买盘
114,14:50:09,16.41,--,19,31179,买盘
115,14:50:00,16.41,--,141,231381,买盘
116,14:49:57,16.41,--,137,224817,卖盘
117,14:49:54,16.41,-0.01,245,402045,卖盘
118,14:49:48,16.42,0.01,502,824284,买盘
119,14:49:45,16.41,--,92,150972,卖盘
120,14:49:39,16.41,-0.01,45,73845,卖盘
121,14:49:36,16.42,--,12,19704,买盘
122,14:49:33,16.42,--,5,8210,买盘
123,14:49:30,16.42,0.01,17,27914,买盘
124,14:49:27,16.41,--,59,96819,卖盘
125,14:49:24,16.41,-0.01,193,316713,卖盘
126,14:49:21,16.42,0.01,20,32840,买盘
127,14:49:18,16.41,--,39,63999,卖盘
128,14:49:15,16.41,--,32,52512,卖盘
129,14:49:12,16.41,--,11,18051,卖盘
130,14:49:09,16.41,--,30,49230,卖盘
131,14:49:06,16.41,--,96,157536,卖盘
132,14:48:57,16.41,--,35,57435,卖盘
133,14:48:54,16.41,--,73,119793,卖盘
134,14:48:51,16.41,--,2,3282,卖盘
135,14:48:48,16.41,-0.01,72,118152,卖盘
136,14:48:42,16.42,--,224,367808,卖盘
137,14:48:39,16.42,--,25,41050,卖盘
138,14:48:36,16.42,-0.01,74,121508,卖盘
139,14:48:33,16.43,--,32,52576,买盘
140,14:48:30,16.43,--,8,13144,买盘
141,14:48:27,16.43,--,10,16430,买盘
142,14:48:24,16.43,--,55,90365,买盘
143,14:48:21,16.43,--,72,118296,卖盘
144,14:48:18,16.43,-0.01,20,32860,卖盘
145,14:48:15,16.44,0.01,285,468540,买盘
146,14:48:12,16.43,--,95,156085,卖盘
147,14:48:09,16.43,-0.01,63,103509,卖盘
148,14:48:06,16.44,0.01,38,62472,买盘
149,14:48:03,16.43,-0.01,30,49290,卖盘
150,14:48:00,16.44,0.01,52,85488,买盘
151,14:47:57,16.43,--,18,29574,卖盘
152,14:47:54,16.43,-0.01,15,24645,卖盘
153,14:47:45,16.44,--,39,64116,买盘
154,14:47:42,16.44,--,11,18084,买盘
155,14:47:39,16.44,-0.01,103,169332,卖盘
156,14:47:36,16.45,0.01,210,345450,买盘
157,14:47:33,16.44,--,131,215364,卖盘
158,14:47:30,16.44,--,45,73980,卖盘
159,14:47:27,16.44,--,209,343596,卖盘
160,14:47:21,16.44,-0.01,211,346884,卖盘
161,14:47:15,16.45,--,22,36190,买盘
162,14:47:12,16.45,--,125,205625,买盘
163,14:47:09,16.45,--,90,148050,买盘
164,14:47:06,16.45,-0.01,20,32900,买盘
165,14:47:03,16.46,0.01,379,623834,买盘
166,14:47:00,16.45,--,88,145549,卖盘
167,14:46:57,16.45,--,202,332290,卖盘
168,14:46:54,16.45,--,28,46060,卖盘
169,14:46:51,16.45,-0.01,41,67445,卖盘
170,14:46:48,16.46,--,52,85592,买盘
171,14:46:45,16.46,0.01,10,16460,买盘
172,14:46:42,16.45,-0.01,41,67445,卖盘
173,14:46:36,16.46,0.01,26,42796,买盘
174,14:46:33,16.45,--,368,605360,卖盘
175,14:46:30,16.45,--,23,37835,卖盘
176,14:46:27,16.45,--,20,32900,卖盘
177,14:46:24,16.45,-0.01,45,74025,卖盘
178,14:46:21,16.46,0.01,10,16460,买盘
179,14:46:18,16.45,--,34,55930,卖盘
180,14:46:15,16.45,--,25,41125,卖盘
181,14:46:12,16.45,--,61,100345,卖盘
182,14:46:09,16.45,--,76,125020,卖盘
183,14:46:06,16.45,--,130,213850,卖盘
184,14:46:03,16.45,--,101,167000,买盘
185,14:46:00,16.45,--,97,159565,买盘
186,14:45:57,16.45,0.01,5,8225,买盘
187,14:45:54,16.44,-0.01,73,120012,卖盘
188,14:45:51,16.45,0.01,8,13160,买盘
189,14:45:48,16.44,--,17,27948,卖盘
190,14:45:39,16.44,-0.01,28,46032,卖盘
191,14:45:36,16.45,0.01,29,47705,买盘
192,14:45:30,16.44,--,1,1644,卖盘
193,14:45:24,16.44,--,97,159468,卖盘
194,14:45:21,16.44,--,155,254820,买盘
195,14:45:15,16.44,--,11,18084,买盘
196,14:45:12,16.44,--,27,44388,买盘
197,14:45:09,16.44,0.01,108,177552,中性盘
198,14:45:06,16.43,-0.01,42,69006,卖盘
199,14:45:03,16.44,--,3,4932,卖盘
200,14:45:00,16.44,--,514,845016,卖盘
201,14:44:57,16.44,--,5,8220,卖盘
202,14:44:54,16.44,--,24,39456,买盘
203,14:44:51,16.44,--,8,13152,买盘
204,14:44:48,16.44,--,6,9864,卖盘
205,14:44:45,16.44,0.01,75,123300,中性盘
206,14:44:39,16.43,--,283,464969,卖盘
207,14:44:33,16.43,-0.01,202,331886,卖盘
208,14:44:30,16.44,--,10,16440,买盘
209,14:44:27,16.44,--,10,16440,买盘
210,14:44:24,16.44,0.01,32,52608,买盘
211,14:44:18,16.43,-0.01,2,3286,卖盘
212,14:44:15,16.44,--,30,49320,买盘
213,14:44:12,16.44,0.01,12,19728,买盘
214,14:44:09,16.43,-0.01,108,177444,卖盘
215,14:44:06,16.44,0.01,6,9864,买盘
216,14:44:00,16.43,--,109,179087,卖盘
217,14:43:57,16.43,--,14,23002,卖盘
218,14:43:54,16.43,--,56,92008,卖盘
219,14:43:51,16.43,--,2,3286,卖盘
220,14:43:48,16.43,--,35,57505,卖盘
221,14:43:45,16.43,--,10,16430,卖盘
222,14:43:42,16.43,--,3,4929,卖盘
223,14:43:39,16.43,--,82,134726,卖盘
224,14:43:36,16.43,--,31,50933,卖盘
225,14:43:33,16.43,--,115,188945,买盘
226,14:43:30,16.43,0.01,120,197160,买盘
227,14:43:27,16.42,--,7,11494,买盘
228,14:43:24,16.42,--,66,108372,买盘
229,14:43:21,16.42,--,30,49260,买盘
230,14:43:18,16.42,-0.01,97,159274,卖盘
231,14:43:12,16.43,--,3,4929,买盘
232,14:43:09,16.43,--,28,46004,卖盘
233,14:43:06,16.43,--,6,9858,卖盘
234,14:43:03,16.43,--,1,1643,卖盘
235,14:43:00,16.43,0.01,172,282596,买盘
236,14:42:53,16.42,-0.01,89,146138,卖盘
237,14:42:50,16.43,--,9,14787,买盘
238,14:42:47,16.43,0.02,9,14787,中性盘
239,14:42:44,16.41,-0.02,566,928806,卖盘
240,14:42:41,16.43,--,56,92008,卖盘
241,14:42:38,16.43,0.01,20,32860,中性盘
242,14:42:29,16.42,--,50,82100,卖盘
243,14:42:26,16.42,--,416,683072,卖盘
244,14:42:23,16.42,--,10,16420,卖盘
245,14:42:20,16.42,--,30,49260,卖盘
246,14:42:14,16.42,-0.01,12,19704,卖盘
247,14:42:11,16.43,0.01,374,614482,买盘
248,14:42:08,16.42,-0.01,2,3284,卖盘
249,14:42:05,16.43,--,52,85436,买盘
250,14:41:59,16.43,0.01,42,69006,买盘
251,14:41:56,16.42,--,63,103446,买盘
252,14:41:50,16.42,--,48,78816,买盘
253,14:41:47,16.42,--,50,82100,买盘
254,14:41:44,16.42,--,3,4926,买盘
255,14:41:41,16.42,--,17,27914,买盘
256,14:41:38,16.42,--,1,1642,买盘
257,14:41:35,16.42,--,58,95236,卖盘
258,14:41:32,16.42,--,1,1642,卖盘
259,14:41:29,16.42,--,8,13136,卖盘
260,14:41:26,16.42,--,10,16420,卖盘
261,14:41:23,16.42,--,1,1642,卖盘
262,14:41:17,16.42,--,25,41050,卖盘
263,14:41:14,16.42,--,8,13136,买盘
264,14:41:11,16.42,--,18,29556,卖盘
265,14:41:08,16.42,-0.01,41,67322,卖盘
266,14:41:05,16.43,0.01,17,27931,买盘
267,14:41:02,16.42,--,30,49260,卖盘
268,14:40:59,16.42,-0.01,34,55828,卖盘
269,14:40:56,16.43,0.01,53,87079,买盘
270,14:40:50,16.42,-0.01,13,21346,卖盘
271,14:40:44,16.43,0.01,12,19716,买盘
272,14:40:41,16.42,--,82,134644,卖盘
273,14:40:38,16.42,--,121,198682,买盘
274,14:40:35,16.42,-0.01,25,42363,卖盘
275,14:40:29,16.43,--,65,106795,买盘
276,14:40:26,16.43,--,193,317099,买盘
277,14:40:23,16.43,0.01,62,101866,买盘
278,14:40:20,16.42,-0.01,73,119866,卖盘
279,14:40:14,16.43,0.01,3,4929,买盘
280,14:40:08,16.42,--,20,32840,卖盘
281,14:40:05,16.42,--,10,16420,卖盘
282,14:40:02,16.42,-0.01,55,90310,卖盘
283,14:39:56,16.43,--,8,13144,买盘
284,14:39:53,16.43,--,6,9858,买盘
285,14:39:50,16.43,--,472,776251,卖盘
286,14:39:47,16.43,-0.01,72,118296,卖盘
287,14:39:41,16.44,0.01,35,57540,买盘
288,14:39:38,16.43,--,5,8215,卖盘
289,14:39:35,16.43,--,17,27931,卖盘
290,14:39:32,16.43,--,34,55862,卖盘
291,14:39:29,16.43,--,6,9858,卖盘
292,14:39:26,16.43,--,15,24645,卖盘
293,14:39:23,16.43,-0.01,60,98580,卖盘
294,14:39:20,16.44,0.01,8,13152,买盘
295,14:39:17,16.43,-0.01,87,142941,卖盘
296,14:39:11,16.44,0.01,13,21372,买盘
297,14:39:08,16.43,-0.01,5,8215,卖盘
298,14:39:05,16.44,--,107,175908,买盘
299,14:39:02,16.44,--,70,115573,卖盘
300,14:38:59,16.44,--,85,139740,卖盘
301,14:38:50,16.44,--,28,46032,卖盘
302,14:38:44,16.44,--,130,213720,卖盘
303,14:38:41,16.44,-0.01,20,32880,卖盘
304,14:38:26,16.45,0.01,33,54285,买盘
305,14:38:26,16.44,--,23,37812,卖盘
306,14:38:14,16.44,--,30,49320,卖盘
307,14:38:11,16.44,-0.01,128,210432,卖盘
308,14:38:08,16.45,0.01,19,31255,买盘
309,14:38:05,16.44,-0.01,18,29592,卖盘
310,14:37:59,16.45,--,43,70735,买盘
311,14:37:56,16.45,--,7,11515,买盘
312,14:37:53,16.45,0.01,6,9870,中性盘
313,14:37:50,16.44,-0.01,11,18084,卖盘
314,14:37:47,16.45,0.01,36,59220,中性盘
315,14:37:44,16.44,--,11,18084,卖盘
316,14:37:41,16.44,--,7,11508,卖盘
317,14:37:38,16.44,--,39,65266,卖盘
318,14:37:35,16.44,-0.01,143,235585,卖盘
319,14:37:32,16.45,--,69,114656,买盘
320,14:37:29,16.45,--,25,41190,买盘
321,14:37:26,16.45,--,24,39480,买盘
322,14:37:14,16.45,--,60,98700,买盘
323,14:37:11,16.45,--,21,36124,买盘
324,14:37:08,16.45,--,84,138180,买盘
325,14:37:05,16.45,0.01,78,128310,买盘
326,14:37:02,16.44,--,71,116724,卖盘
327,14:36:59,16.44,-0.01,9,14796,卖盘
328,14:36:53,16.45,0.02,61,100345,买盘
329,14:36:50,16.43,--,43,70649,卖盘
330,14:36:47,16.43,-0.01,67,110081,卖盘
331,14:36:44,16.44,-0.01,6,9864,卖盘
332,14:36:38,16.45,0.01,140,231188,买盘
333,14:36:35,16.44,--,25,41100,卖盘
334,14:36:32,16.44,--,18,29592,买盘
335,14:36:26,16.44,0.01,22,36168,买盘
336,14:36:23,16.43,--,13,21359,卖盘
337,14:36:20,16.43,-0.02,2,3286,卖盘
338,14:36:14,16.45,0.02,60,98700,买盘
339,14:36:11,16.43,--,52,85436,买盘
340,14:36:02,16.43,--,57,93651,买盘
341,14:35:56,16.43,--,10,16430,买盘
342,14:35:53,16.43,-0.01,4,6572,买盘
343,14:35:50,16.44,--,50,82200,买盘
344,14:35:47,16.44,--,15,24660,买盘
345,14:35:44,16.44,--,79,129876,买盘
346,14:35:41,16.44,0.01,51,83844,买盘
347,14:35:38,16.43,--,29,48139,卖盘
348,14:35:35,16.43,--,237,389391,卖盘
349,14:35:26,16.43,-0.01,10,16430,卖盘
350,14:35:23,16.44,--,12,19728,买盘
351,14:35:20,16.44,--,3,4932,买盘
352,14:35:17,16.44,0.01,10,16440,买盘
353,14:35:14,16.43,--,100,164300,卖盘
354,14:35:11,16.43,--,27,44361,卖盘
355,14:35:05,16.43,-0.01,61,100223,卖盘
356,14:35:02,16.44,0.01,40,65760,买盘
357,14:34:59,16.43,-0.01,335,551965,卖盘
358,14:34:53,16.44,--,261,429084,卖盘
359,14:34:47,16.44,--,74,121656,卖盘
360,14:34:44,16.44,--,14,23016,卖盘
361,14:34:41,16.44,--,31,51046,卖盘
362,14:34:35,16.44,--,70,115080,卖盘
363,14:34:32,16.44,--,4,6576,卖盘
364,14:34:29,16.44,--,106,175414,买盘
365,14:34:26,16.44,0.02,78,128232,买盘
366,14:34:20,16.42,-0.01,115,188830,卖盘
367,14:34:17,16.43,-0.01,20,32860,卖盘
368,14:34:14,16.44,0.01,280,460648,买盘
369,14:34:08,16.43,-0.01,87,142941,卖盘
370,14:34:02,16.44,--,500,822000,买盘
371,14:33:56,16.44,0.01,500,822000,买盘
372,14:33:53,16.43,--,21,34503,买盘
373,14:33:50,16.43,--,33,54219,买盘
374,14:33:44,16.43,--,106,174650,卖盘
375,14:33:41,16.43,-0.01,233,382819,卖盘
376,14:33:38,16.44,--,39,64116,买盘
377,14:33:35,16.44,--,305,501420,买盘
378,14:33:29,16.44,--,294,483336,买盘
379,14:33:26,16.44,--,9,14796,买盘
380,14:33:23,16.44,0.01,79,129876,买盘
381,14:33:20,16.43,-0.01,100,164300,卖盘
382,14:33:17,16.44,--,3,4932,买盘
383,14:33:14,16.44,0.01,10,16440,买盘
384,14:33:11,16.43,--,1,1643,卖盘
385,14:33:08,16.43,--,30,49290,卖盘
386,14:33:05,16.43,--,31,51261,卖盘
387,14:33:02,16.43,0.01,984,1617533,买盘
388,14:32:59,16.42,0.01,21,34482,买盘
389,14:32:53,16.41,0.01,2,3282,卖盘
390,14:32:47,16.4,--,100,164000,卖盘
391,14:32:41,16.4,--,58,96251,卖盘
392,14:32:38,16.4,--,73,119719,卖盘
393,14:32:35,16.4,--,234,383759,卖盘
394,14:32:20,16.4,--,126,207902,卖盘
395,14:32:17,16.4,--,101,165640,卖盘
396,14:32:14,16.4,0.01,169,277160,买盘
397,14:32:08,16.39,-0.01,91,149149,卖盘
398,14:32:05,16.4,0.01,98,160720,买盘
399,14:32:02,16.39,--,2,3278,卖盘
400,14:31:59,16.39,-0.01,10,16390,卖盘
401,14:31:53,16.4,--,27,44279,买盘
402,14:31:50,16.4,0.01,7,11479,买盘
403,14:31:47,16.39,-0.01,48,79589,卖盘
404,14:31:44,16.4,-0.01,6,9840,中性盘
405,14:31:38,16.41,--,156,255996,买盘
406,14:31:35,16.41,0.01,1,1641,买盘
407,14:31:29,16.4,-0.01,91,149240,卖盘
408,14:31:26,16.41,--,14,22974,买盘
409,14:31:23,16.41,0.01,63,103383,买盘
410,14:31:20,16.4,-0.01,30,49199,卖盘
411,14:31:17,16.41,--,53,86973,买盘
412,14:31:11,16.41,0.01,89,146049,买盘
413,14:31:08,16.4,--,44,72160,卖盘
414,14:31:05,16.4,-0.01,24,39360,卖盘
415,14:30:59,16.41,--,5,8205,买盘
416,14:30:56,16.41,--,102,167382,买盘
417,14:30:53,16.41,--,93,153121,卖盘
418,14:30:50,16.41,--,118,193638,卖盘
419,14:30:47,16.41,--,92,150972,卖盘
420,14:30:38,16.41,--,39,63999,卖盘
421,14:30:35,16.41,-0.01,7,11487,卖盘
422,14:30:29,16.42,--,39,64038,买盘
423,14:30:26,16.42,--,13,21346,买盘
424,14:30:23,16.42,0.01,30,49260,买盘
425,14:30:20,16.41,-0.01,12,20824,卖盘
426,14:30:17,16.42,--,254,417068,卖盘
427,14:30:14,16.42,--,2,3284,卖盘
428,14:30:11,16.42,--,10,16420,卖盘
429,14:30:08,16.42,--,24,39408,卖盘
430,14:30:05,16.42,--,81,133002,卖盘
431,14:30:02,16.42,--,8,13136,卖盘
432,14:29:59,16.42,--,90,147780,卖盘
433,14:29:56,16.42,--,12,19704,卖盘
434,14:29:53,16.42,--,35,57470,买盘
435,14:29:50,16.42,0.01,50,82100,买盘
436,14:29:47,16.41,-0.01,22,36102,卖盘
437,14:29:41,16.42,--,1,1642,买盘
438,14:29:35,16.42,--,165,270930,卖盘
439,14:29:32,16.42,-0.01,4,6568,卖盘
440,14:29:29,16.43,0.01,14,23002,买盘
441,14:29:26,16.42,-0.01,1,1642,卖盘
442,14:29:17,16.43,0.01,105,172515,买盘
443,14:29:11,16.42,--,5,8210,卖盘
444,14:29:08,16.42,0.01,20,32840,中性盘
445,14:29:05,16.41,-0.02,165,270765,卖盘
446,14:29:02,16.43,0.01,41,67363,买盘
447,14:28:59,16.42,-0.01,8,13136,中性盘
448,14:28:53,16.43,--,262,431698,买盘
449,14:28:50,16.43,--,9,14787,买盘
450,14:28:47,16.43,--,11,18073,卖盘
451,14:28:44,16.43,-0.01,19,31217,卖盘
452,14:28:41,16.44,0.02,96,157824,买盘
453,14:28:38,16.42,--,117,193706,卖盘
454,14:28:32,16.42,-0.01,182,298844,卖盘
455,14:28:26,16.43,--,204,335172,卖盘
456,14:28:23,16.43,--,30,49290,卖盘
457,14:28:20,16.43,--,17,27931,卖盘
458,14:28:17,16.43,--,186,305598,买盘
459,14:28:14,16.43,--,77,126511,买盘
460,14:28:08,16.43,--,552,906936,买盘
461,14:27:59,16.43,--,193,317099,买盘
462,14:27:53,16.43,0.01,16,26288,买盘
463,14:27:50,16.42,--,100,164200,卖盘
464,14:27:47,16.42,-0.01,29,47618,卖盘
465,14:27:44,16.43,0.01,23,37789,买盘
466,14:27:41,16.42,--,125,205250,卖盘
467,14:27:35,16.42,-0.01,64,105088,卖盘
468,14:27:32,16.43,0.01,8,13144,买盘
469,14:27:29,16.42,--,13,21346,卖盘
470,14:27:23,16.42,-0.01,7,11494,卖盘
471,14:27:20,16.43,0.01,10,16430,买盘
472,14:27:17,16.42,--,61,100621,卖盘
473,14:27:11,16.42,--,142,233164,买盘
474,14:27:08,16.42,--,49,80458,买盘
475,14:27:05,16.42,0.01,80,131360,买盘
476,14:26:59,16.41,-0.01,11,18051,卖盘
477,14:26:56,16.42,--,23,37766,买盘
478,14:26:53,16.42,0.01,104,170768,买盘
479,14:26:50,16.41,--,7,11487,卖盘
480,14:26:47,16.41,--,253,415173,买盘
481,14:26:41,16.41,--,87,142767,买盘
482,14:26:38,16.41,--,30,49230,买盘
483,14:26:35,16.41,--,10,16410,买盘
484,14:26:32,16.41,--,30,49230,买盘
485,14:26:26,16.41,0.01,6,9846,买盘
486,14:26:23,16.4,--,94,154160,卖盘
487,14:26:20,16.4,--,401,657640,买盘
488,14:26:17,16.4,0.01,50,82000,买盘
489,14:26:14,16.39,-0.01,5,8195,卖盘
490,14:26:11,16.4,--,17,29503,买盘
491,14:26:08,16.4,--,74,121359,买盘
492,14:26:05,16.4,0.01,117,191879,买盘
493,14:25:59,16.39,-0.01,174,285186,卖盘
494,14:25:56,16.4,0.01,46,75440,买盘
495,14:25:47,16.39,--,1,1639,卖盘
496,14:25:44,16.39,0.01,44,73263,买盘
497,14:25:40,16.38,-0.01,1,1638,卖盘
498,14:25:37,16.39,--,33,54087,买盘
499,14:25:31,16.39,0.01,262,429418,买盘
500,14:25:28,16.38,--,13,21294,卖盘
501,14:25:25,16.38,--,142,233693,买盘
502,14:25:22,16.38,0.01,59,96642,买盘
503,14:25:16,16.37,-0.01,2,3274,卖盘
504,14:25:13,16.38,--,13,21294,买盘
505,14:25:07,16.38,--,10,16379,买盘
506,14:25:04,16.38,--,3,4914,买盘
507,14:25:01,16.38,0.02,89,145782,买盘
508,14:24:58,16.36,-0.01,91,148876,卖盘
509,14:24:55,16.37,0.01,62,101494,买盘
510,14:24:52,16.36,-0.01,74,121064,中性盘
511,14:24:49,16.37,--,123,201351,买盘
512,14:24:43,16.37,--,63,103131,买盘
513,14:24:40,16.37,0.01,21,34377,买盘
514,14:24:37,16.36,0.01,5,8180,中性盘
515,14:24:34,16.35,-0.01,50,81750,卖盘
516,14:24:31,16.36,--,57,93252,卖盘
517,14:24:28,16.36,--,262,429057,买盘
518,14:24:25,16.36,0.01,30,49080,买盘
519,14:24:22,16.35,--,11,17985,卖盘
520,14:24:19,16.35,--,20,32700,卖盘
521,14:24:16,16.35,--,46,75210,卖盘
522,14:24:13,16.35,-0.01,13,21255,卖盘
523,14:24:10,16.36,--,44,71984,买盘
524,14:24:04,16.36,0.01,104,170144,买盘
525,14:24:01,16.35,--,30,49050,卖盘
526,14:23:58,16.35,--,31,50685,卖盘
527,14:23:52,16.35,-0.01,11,17985,卖盘
528,14:23:49,16.36,--,5,8180,买盘
529,14:23:46,16.36,--,25,40900,卖盘
530,14:23:43,16.36,--,3,4908,卖盘
531,14:23:40,16.36,-0.01,8,13088,卖盘
532,14:23:31,16.37,0.01,4,6548,买盘
533,14:23:28,16.36,--,46,75256,买盘
534,14:23:25,16.36,0.01,17,27812,买盘
535,14:23:22,16.35,-0.01,14,22890,卖盘
536,14:23:13,16.36,0.01,67,109612,买盘
537,14:23:10,16.35,-0.01,24,39240,卖盘
538,14:23:07,16.36,0.01,139,227404,买盘
539,14:23:01,16.35,-0.01,36,58860,卖盘
540,14:22:58,16.36,0.01,5,8180,买盘
541,14:22:55,16.35,-0.01,8,13080,卖盘
542,14:22:52,16.36,0.01,4,6544,中性盘
543,14:22:49,16.35,-0.01,41,67035,卖盘
544,14:22:46,16.36,--,3,4908,卖盘
545,14:22:43,16.36,0.01,12,19632,买盘
546,14:22:40,16.35,-0.01,40,65400,卖盘
547,14:22:37,16.36,--,10,16360,买盘
548,14:22:34,16.36,--,97,158692,买盘
549,14:22:28,16.36,--,1,1636,买盘
550,14:22:22,16.36,--,64,104704,买盘
551,14:22:19,16.36,--,15,24540,买盘
552,14:22:16,16.36,0.01,5,9619,买盘
553,14:22:10,16.35,-0.01,16,26160,卖盘
554,14:22:07,16.36,--,10,16360,买盘
555,14:22:04,16.36,--,212,346832,卖盘
556,14:22:01,16.36,--,1,1636,卖盘
557,14:21:55,16.36,-0.01,39,63804,卖盘
558,14:21:52,16.37,0.01,5,8185,买盘
559,14:21:49,16.36,--,4,6544,卖盘
560,14:21:40,16.36,--,206,337016,买盘
561,14:21:34,16.36,--,10,16360,买盘
562,14:21:31,16.36,0.01,1,1636,买盘
563,14:21:28,16.35,--,21,34335,卖盘
564,14:21:25,16.35,-0.01,41,67035,卖盘
565,14:21:22,16.36,--,51,83436,买盘
566,14:21:13,16.36,0.01,34,56229,买盘
567,14:21:04,16.35,-0.01,4,6540,卖盘
568,14:21:01,16.36,0.01,4,6544,买盘
569,14:20:58,16.35,-0.01,16,26160,卖盘
570,14:20:52,16.36,0.01,4,6544,买盘
571,14:20:43,16.35,-0.01,14,22890,卖盘
572,14:20:40,16.36,--,10,16360,买盘
573,14:20:37,16.36,--,19,31084,卖盘
574,14:20:34,16.36,0.01,3,4908,卖盘
575,14:20:31,16.35,-0.01,10,16350,卖盘
576,14:20:28,16.36,0.01,14,22904,卖盘
577,14:20:22,16.35,--,16,26160,卖盘
578,14:20:19,16.35,-0.01,11,17985,卖盘
579,14:20:16,16.36,0.01,1,1636,买盘
580,14:20:13,16.35,--,10,16350,卖盘
581,14:20:04,16.35,--,3,4905,卖盘
582,14:20:01,16.35,--,71,116085,卖盘
583,14:19:55,16.35,--,16,26160,卖盘
584,14:19:52,16.35,-0.01,52,85020,卖盘
585,14:19:49,16.36,--,1,1636,买盘
586,14:19:46,16.36,--,3,4908,买盘
587,14:19:43,16.36,--,20,32720,买盘
588,14:19:37,16.36,--,65,106340,买盘
589,14:19:34,16.36,0.01,15,24540,买盘
590,14:19:31,16.35,--,10,16350,卖盘
591,14:19:25,16.35,--,4,7978,卖盘
592,14:19:22,16.35,--,300,490500,卖盘
593,14:19:19,16.35,--,55,89925,卖盘
594,14:19:13,16.35,0.01,33,53955,买盘
595,14:19:07,16.34,-0.01,3,4902,卖盘
596,14:19:04,16.35,--,18,29430,买盘
597,14:18:52,16.35,--,13,21255,买盘
598,14:18:49,16.35,--,17,27795,买盘
599,14:18:43,16.35,0.01,8,13080,买盘
600,14:18:40,16.34,-0.01,27,44118,卖盘
601,14:18:37,16.35,--,97,158595,卖盘
602,14:18:31,16.35,--,23,37605,卖盘
603,14:18:28,16.35,--,67,110836,买盘
604,14:18:25,16.35,--,88,143880,买盘
605,14:18:22,16.35,0.01,10,16350,买盘
606,14:18:19,16.34,--,20,33284,卖盘
607,14:18:16,16.34,-0.01,207,338238,卖盘
608,14:18:10,16.35,--,10,16350,买盘
609,14:18:07,16.35,0.01,11,17985,买盘
610,14:18:04,16.34,-0.01,39,63726,卖盘
611,14:17:58,16.35,--,74,120990,买盘
612,14:17:55,16.35,--,214,350233,卖盘
613,14:17:52,16.35,-0.01,18,29430,卖盘
614,14:17:49,16.36,0.01,67,109612,买盘
615,14:17:43,16.35,--,73,119355,卖盘
616,14:17:40,16.35,-0.01,16,26160,卖盘
617,14:17:37,16.36,0.01,63,103068,买盘
618,14:17:28,16.35,--,4,6540,卖盘
619,14:17:19,16.35,-0.01,106,173310,卖盘
620,14:17:10,16.36,--,14,22904,买盘
621,14:17:04,16.36,0.01,50,81800,买盘
622,14:17:01,16.35,--,22,35970,卖盘
623,14:16:58,16.35,-0.01,10,16350,卖盘
624,14:16:55,16.36,0.01,17,27812,买盘
625,14:16:49,16.35,--,36,58860,卖盘
626,14:16:46,16.35,-0.01,20,34269,卖盘
627,14:16:43,16.36,--,14,24261,买盘
628,14:16:40,16.36,--,18,29448,买盘
629,14:16:34,16.36,--,8,13088,买盘
630,14:16:31,16.36,--,17,27812,买盘
631,14:16:28,16.36,0.01,23,37628,买盘
632,14:16:22,16.35,--,5,8175,卖盘
633,14:16:19,16.35,--,6,9810,卖盘
634,14:16:16,16.35,--,19,31065,卖盘
635,14:16:13,16.35,-0.01,66,107910,卖盘
636,14:16:10,16.36,--,5,8180,买盘
637,14:16:07,16.36,0.01,20,32720,买盘
638,14:16:04,16.35,-0.01,1,1635,卖盘
639,14:16:01,16.36,--,37,60532,买盘
640,14:15:58,16.36,--,31,50716,买盘
641,14:15:52,16.36,0.01,15,24540,买盘
642,14:15:49,16.35,--,3,4905,卖盘
643,14:15:46,16.35,--,22,35970,买盘
644,14:15:40,16.35,0.01,39,63765,买盘
645,14:15:37,16.34,-0.01,19,31046,卖盘
646,14:15:34,16.35,--,20,32700,买盘
647,14:15:25,16.35,--,41,67035,卖盘
648,14:15:22,16.35,0.01,4,7357,中性盘
649,14:15:19,16.34,-0.01,30,49020,卖盘
650,14:15:16,16.35,--,1,1635,卖盘
651,14:15:10,16.35,0.01,28,45780,买盘
652,14:15:04,16.34,--,6,10490,卖盘
653,14:15:01,16.34,-0.01,4,6536,卖盘
654,14:14:58,16.35,--,6,9810,买盘
655,14:14:55,16.35,--,17,27795,卖盘
656,14:14:49,16.35,0.01,1,1635,中性盘
657,14:14:46,16.34,-0.01,42,68628,卖盘
658,14:14:37,16.35,--,149,243615,买盘
659,14:14:34,16.35,--,2,3270,买盘
660,14:14:31,16.35,0.01,45,73575,买盘
661,14:14:25,16.34,-0.02,20,32680,卖盘
662,14:14:22,16.36,0.01,5,8180,买盘
663,14:14:16,16.35,--,5,8175,卖盘
664,14:14:13,16.35,0.01,8,13080,卖盘
665,14:14:10,16.34,--,3,4902,卖盘
666,14:14:07,16.34,-0.01,161,263074,卖盘
667,14:14:04,16.35,--,22,35970,买盘
668,14:13:58,16.35,0.01,5,8175,买盘
669,14:13:55,16.34,--,1,1634,卖盘
670,14:13:52,16.34,-0.02,39,63726,卖盘
671,14:13:49,16.36,0.01,49,80164,买盘
672,14:13:46,16.35,0.01,31,50685,买盘
673,14:13:43,16.34,--,4,6536,卖盘
674,14:13:40,16.34,--,8,13660,卖盘
675,14:13:37,16.34,--,47,76798,卖盘
676,14:13:19,16.34,--,20,32680,卖盘
677,14:13:13,16.34,-0.01,3,4902,卖盘
678,14:13:07,16.35,0.01,78,127530,买盘
679,14:13:04,16.34,--,1,1634,卖盘
680,14:13:01,16.34,--,25,40850,卖盘
681,14:12:58,16.34,--,16,26144,卖盘
682,14:12:52,16.34,-0.01,56,91504,卖盘
683,14:12:49,16.35,0.01,2,3270,买盘
684,14:12:46,16.34,--,20,32680,卖盘
685,14:12:43,16.34,--,16,26144,卖盘
686,14:12:37,16.34,--,171,280868,卖盘
687,14:12:31,16.34,--,3,4902,卖盘
688,14:12:28,16.34,--,28,45752,卖盘
689,14:12:25,16.34,--,2,3268,卖盘
690,14:12:22,16.34,--,24,39216,卖盘
691,14:12:19,16.34,-0.01,326,532684,卖盘
692,14:12:16,16.35,0.01,5,8175,买盘
693,14:12:13,16.34,--,28,45752,卖盘
694,14:12:10,16.34,-0.01,8,13072,卖盘
695,14:12:07,16.35,--,128,209280,卖盘
696,14:11:55,16.35,--,9,14715,卖盘
697,14:11:52,16.35,-0.01,17,27795,卖盘
698,14:11:49,16.36,0.02,50,81800,买盘
699,14:11:46,16.34,-0.01,5,8170,卖盘
700,14:11:43,16.35,--,25,41283,买盘
701,14:11:28,16.35,--,114,186390,买盘
702,14:11:25,16.35,-0.01,240,393626,卖盘
703,14:11:22,16.36,0.01,16,26176,买盘
704,14:11:19,16.35,-0.01,19,31065,卖盘
705,14:11:07,16.36,0.01,2,3272,买盘
706,14:11:01,16.35,--,33,53955,卖盘
707,14:10:58,16.35,-0.01,20,32700,卖盘
708,14:10:43,16.36,--,11,17996,买盘
709,14:10:37,16.36,0.01,1,1636,买盘
710,14:10:34,16.35,--,9,14715,卖盘
711,14:10:31,16.35,--,1,1635,卖盘
712,14:10:28,16.35,--,35,57225,卖盘
713,14:10:25,16.35,--,1,1635,卖盘
714,14:10:22,16.35,--,1,1635,卖盘
715,14:10:19,16.35,-0.01,23,37605,卖盘
716,14:10:16,16.36,0.01,10,16360,买盘
717,14:10:13,16.35,--,26,43016,卖盘
718,14:10:10,16.35,--,12,19620,卖盘
719,14:10:04,16.35,--,3,4905,卖盘
720,14:10:01,16.35,-0.01,56,93096,卖盘
721,14:09:52,16.36,0.01,1,1636,买盘
722,14:09:49,16.35,--,17,27795,卖盘
723,14:09:46,16.35,--,26,42510,卖盘
724,14:09:40,16.35,--,36,58860,卖盘
725,14:09:34,16.35,--,14,22890,卖盘
726,14:09:31,16.35,--,15,24525,卖盘
727,14:09:22,16.35,--,20,32700,卖盘
728,14:09:19,16.35,0.01,11,17985,中性盘
729,14:09:16,16.34,-0.01,63,102942,卖盘
730,14:09:13,16.35,--,54,88290,买盘
731,14:09:10,16.35,--,3,4905,买盘
732,14:09:07,16.35,--,65,106275,买盘
733,14:09:04,16.35,--,16,26160,买盘
734,14:09:01,16.35,--,145,237075,买盘
735,14:08:58,16.35,0.01,19,31065,买盘
736,14:08:55,16.34,-0.01,47,77010,卖盘
737,14:08:52,16.35,--,33,53955,买盘
738,14:08:49,16.35,--,20,32700,买盘
739,14:08:46,16.35,--,3,4905,买盘
740,14:08:43,16.35,--,10,16350,买盘
741,14:08:40,16.35,--,3,4905,买盘
742,14:08:37,16.35,--,10,16350,买盘
743,14:08:31,16.35,--,60,98100,买盘
744,14:08:25,16.35,--,26,42510,买盘
745,14:08:22,16.35,0.01,19,31065,买盘
746,14:08:19,16.34,-0.01,20,32680,卖盘
747,14:08:16,16.35,0.01,6,9810,买盘
748,14:08:07,16.34,-0.01,100,163400,卖盘
749,14:08:01,16.35,--,33,53955,买盘
750,14:07:58,16.35,--,59,96465,卖盘
751,14:07:55,16.35,--,82,134070,卖盘
752,14:07:51,16.35,--,9,14715,卖盘
753,14:07:48,16.35,-0.01,8,13080,卖盘
754,14:07:39,16.36,0.01,99,161964,买盘
755,14:07:36,16.35,0.01,10,16350,中性盘
756,14:07:33,16.34,-0.01,52,84968,卖盘
757,14:07:30,16.35,--,13,21255,买盘
758,14:07:27,16.35,--,49,80115,买盘
759,14:07:24,16.35,0.01,14,23020,买盘
760,14:07:15,16.34,-0.01,74,120916,卖盘
761,14:07:12,16.35,--,6,9810,买盘
762,14:07:09,16.35,--,39,63765,买盘
763,14:07:06,16.35,0.01,21,34335,买盘
764,14:07:03,16.34,--,34,55556,卖盘
765,14:07:00,16.34,--,31,50654,卖盘
766,14:06:57,16.34,-0.01,1,1634,卖盘
767,14:06:54,16.35,--,5,8175,买盘
768,14:06:51,16.35,--,6,9810,买盘
769,14:06:45,16.35,--,12,19620,卖盘
770,14:06:42,16.35,--,79,129165,卖盘
771,14:06:36,16.35,--,20,32700,卖盘
772,14:06:33,16.35,--,1,1635,卖盘
773,14:06:30,16.35,--,124,202740,卖盘
774,14:06:27,16.35,--,172,281220,卖盘
775,14:06:18,16.35,--,29,47415,卖盘
776,14:06:15,16.35,--,25,40875,卖盘
777,14:06:09,16.35,0.01,295,483943,买盘
778,14:06:06,16.34,--,34,55556,卖盘
779,14:06:00,16.34,--,26,42484,卖盘
780,14:05:57,16.34,-0.01,214,349953,卖盘
781,14:05:54,16.35,--,8,13080,买盘
782,14:05:51,16.35,0.01,62,101370,买盘
783,14:05:48,16.34,-0.01,8,13072,卖盘
784,14:05:45,16.35,--,664,1085656,卖盘
785,14:05:39,16.35,-0.01,1,1635,卖盘
786,14:05:36,16.36,--,52,85072,买盘
787,14:05:33,16.36,0.01,95,155420,买盘
788,14:05:30,16.35,-0.01,125,204375,卖盘
789,14:05:24,16.36,--,112,183232,买盘
790,14:05:21,16.36,--,61,101121,卖盘
791,14:05:09,16.36,--,21,34356,卖盘
792,14:05:03,16.36,-0.01,41,67076,卖盘
793,14:05:00,16.37,0.01,5,8185,买盘
794,14:04:57,16.36,-0.01,530,867080,卖盘
795,14:04:54,16.37,--,11,18007,买盘
796,14:04:51,16.37,--,11,18007,买盘
797,14:04:48,16.37,-0.01,39,64612,卖盘
798,14:04:45,16.38,0.01,127,208026,买盘
799,14:04:42,16.37,--,290,474730,卖盘
800,14:04:39,16.37,--,65,106405,卖盘
801,14:04:36,16.37,--,205,337123,卖盘
802,14:04:33,16.37,-0.01,14,22918,卖盘
803,14:04:30,16.38,--,5,8189,买盘
804,14:04:27,16.38,0.01,90,147420,买盘
805,14:04:21,16.37,--,26,42562,卖盘
806,14:04:15,16.37,-0.01,1,1637,卖盘
807,14:04:15,16.38,--,18,29484,买盘
808,14:04:12,16.38,--,48,79164,卖盘
809,14:04:06,16.38,--,42,68796,卖盘
810,14:04:03,16.38,--,21,34398,卖盘
811,14:04:00,16.38,--,86,140868,卖盘
812,14:03:57,16.38,--,41,67158,卖盘
813,14:03:51,16.38,--,68,111384,卖盘
814,14:03:48,16.38,--,15,24570,卖盘
815,14:03:45,16.38,--,27,44226,卖盘
816,14:03:42,16.38,--,12,19656,卖盘
817,14:03:36,16.38,-0.01,11,18018,卖盘
818,14:03:33,16.39,--,1,1639,买盘
819,14:03:27,16.39,0.01,16,26224,买盘
820,14:03:18,16.38,-0.01,254,416543,卖盘
821,14:03:18,16.39,--,50,81950,卖盘
822,14:03:12,16.39,--,15,25093,卖盘
823,14:03:09,16.39,-0.01,101,165539,卖盘
824,14:03:06,16.4,0.01,22,36080,买盘
825,14:03:00,16.39,--,6,9834,卖盘
826,14:02:57,16.39,-0.01,5,8195,卖盘
827,14:02:54,16.4,0.01,19,31159,买盘
828,14:02:51,16.39,-0.01,1,1639,卖盘
829,14:02:45,16.4,0.01,55,90199,买盘
830,14:02:42,16.39,-0.01,21,34419,卖盘
831,14:02:39,16.4,0.01,20,32800,买盘
832,14:02:36,16.39,-0.01,20,32780,卖盘
833,14:02:33,16.4,--,69,113159,买盘
834,14:02:30,16.4,--,21,34440,买盘
835,14:02:27,16.4,0.01,10,16400,买盘
836,14:02:24,16.39,-0.01,1,1639,卖盘
837,14:02:21,16.4,0.01,55,90199,买盘
838,14:02:15,16.39,--,10,16390,卖盘
839,14:02:12,16.39,-0.01,2,3278,卖盘
840,14:02:09,16.4,--,43,70520,买盘
841,14:02:06,16.4,0.01,15,24599,买盘
842,14:02:03,16.39,--,5,8195,卖盘
843,14:01:57,16.39,-0.01,10,16390,卖盘
844,14:01:54,16.4,0.01,105,172199,买盘
845,14:01:51,16.39,-0.01,55,90145,卖盘
846,14:01:48,16.4,0.01,10,16400,买盘
847,14:01:45,16.39,-0.01,6,9834,卖盘
848,14:01:42,16.4,--,16,27191,买盘
849,14:01:36,16.4,0.01,25,41000,买盘
850,14:01:30,16.39,--,8,13112,卖盘
851,14:01:24,16.39,--,5,8195,卖盘
852,14:01:21,16.39,-0.01,30,49170,卖盘
853,14:01:18,16.4,0.01,29,47559,买盘
854,14:01:09,16.39,--,38,62282,卖盘
855,14:01:06,16.39,--,7,11473,卖盘
856,14:01:03,16.39,0.01,171,281596,买盘
857,14:00:54,16.38,-0.01,47,76986,卖盘
858,14:00:48,16.39,0.01,6,9834,买盘
859,14:00:45,16.38,--,35,58427,卖盘
860,14:00:39,16.38,--,20,32759,卖盘
861,14:00:36,16.38,--,15,24570,卖盘
862,14:00:33,16.38,--,5,8189,卖盘
863,14:00:24,16.38,--,7,11466,买盘
864,14:00:21,16.38,--,316,517607,买盘
865,14:00:18,16.38,--,50,81900,买盘
866,14:00:12,16.38,0.01,80,131039,买盘
867,14:00:09,16.37,--,10,16370,卖盘
868,14:00:06,16.37,-0.01,35,57295,卖盘
869,14:00:00,16.38,--,55,90090,买盘
870,13:59:57,16.38,--,26,42588,买盘
871,13:59:54,16.38,--,8,13104,买盘
872,13:59:51,16.38,0.01,26,42588,买盘
873,13:59:45,16.37,-0.01,4,6548,卖盘
874,13:59:42,16.38,--,13,21294,买盘
875,13:59:39,16.38,--,15,24570,买盘
876,13:59:36,16.38,--,1,1638,买盘
877,13:59:33,16.38,0.01,40,65519,买盘
878,13:59:12,16.37,-0.02,6,9822,卖盘
879,13:59:09,16.39,0.01,13,21307,买盘
880,13:59:06,16.38,0.01,1,1638,买盘
881,13:59:03,16.37,-0.01,34,55658,卖盘
882,13:59:00,16.38,0.01,82,134316,买盘
883,13:58:54,16.37,-0.01,15,24555,卖盘
884,13:58:51,16.38,--,22,36036,买盘
885,13:58:48,16.38,0.01,6,9828,买盘
886,13:58:45,16.37,--,4,6548,卖盘
887,13:58:39,16.37,--,4,6548,卖盘
888,13:58:36,16.37,--,12,19644,卖盘
889,13:58:33,16.37,--,1,1637,卖盘
890,13:58:27,16.37,--,8,14061,买盘
891,13:58:24,16.37,0.01,11,18007,买盘
892,13:58:18,16.36,--,10,16360,卖盘
893,13:58:15,16.36,-0.01,15,25848,卖盘
894,13:58:12,16.37,0.01,30,49110,买盘
895,13:58:06,16.36,--,80,130880,卖盘
896,13:58:00,16.36,-0.01,1,1636,卖盘
897,13:57:57,16.37,0.01,58,94946,买盘
898,13:57:54,16.36,-0.01,5,8180,卖盘
899,13:57:51,16.37,0.01,33,54021,买盘
900,13:57:48,16.36,--,5,8180,卖盘
901,13:57:42,16.36,--,5,8180,卖盘
902,13:57:39,16.36,--,1,1636,卖盘
903,13:57:33,16.36,-0.01,50,81800,卖盘
904,13:57:30,16.37,--,22,36014,买盘
905,13:57:27,16.37,--,10,16370,买盘
906,13:57:24,16.37,0.01,7,11459,买盘
907,13:57:21,16.36,-0.01,97,159362,卖盘
908,13:57:18,16.37,--,6,9822,卖盘
909,13:57:12,16.37,--,2,3274,卖盘
910,13:57:09,16.37,-0.01,6,10558,卖盘
911,13:57:06,16.38,0.01,15,24570,买盘
912,13:57:03,16.37,--,14,22918,卖盘
913,13:56:57,16.37,--,40,65480,卖盘
914,13:56:54,16.37,-0.01,52,85124,卖盘
915,13:56:48,16.38,0.01,2,3276,买盘
916,13:56:45,16.37,-0.01,14,22918,卖盘
917,13:56:42,16.38,--,100,163800,买盘
918,13:56:39,16.38,0.01,1,1638,买盘
919,13:56:36,16.37,--,6,9822,卖盘
920,13:56:33,16.37,--,11,18007,卖盘
921,13:56:27,16.37,--,1,1637,卖盘
922,13:56:24,16.37,-0.01,3,4911,卖盘
923,13:56:21,16.38,0.01,1,1638,买盘
924,13:56:18,16.37,-0.01,65,106405,卖盘
925,13:56:15,16.38,0.01,5,8189,买盘
926,13:56:09,16.37,--,70,114590,卖盘
927,13:56:03,16.37,--,120,196440,卖盘
928,13:55:57,16.37,-0.01,1,1637,卖盘
929,13:55:48,16.38,0.01,8,13104,买盘
930,13:55:45,16.37,--,36,58932,卖盘
931,13:55:39,16.37,--,23,37651,卖盘
932,13:55:33,16.37,--,13,21281,卖盘
933,13:55:30,16.37,--,20,32740,卖盘
934,13:55:24,16.37,--,224,366688,卖盘
935,13:55:18,16.37,-0.01,7,11459,卖盘
936,13:55:15,16.38,--,34,55921,买盘
937,13:55:12,16.38,--,102,167076,卖盘
938,13:55:03,16.38,--,5,8189,卖盘
939,13:55:00,16.38,--,4,6552,卖盘
940,13:54:54,16.38,--,10,16379,卖盘
941,13:54:51,16.38,-0.01,30,49140,卖盘
942,13:54:48,16.39,0.01,41,67199,买盘
943,13:54:39,16.38,--,5,8189,卖盘
944,13:54:36,16.38,-0.01,12,19656,卖盘
945,13:54:33,16.39,0.01,9,14751,买盘
946,13:54:30,16.38,--,57,93366,卖盘
947,13:54:27,16.38,--,11,18018,卖盘
948,13:54:24,16.38,-0.01,5,8189,卖盘
949,13:54:21,16.39,0.01,13,21307,买盘
950,13:54:18,16.38,--,11,18018,卖盘
951,13:54:15,16.38,--,92,150696,卖盘
952,13:54:06,16.38,-0.01,2,3276,卖盘
953,13:54:03,16.39,--,245,401866,卖盘
954,13:54:00,16.39,--,13,21307,卖盘
955,13:53:54,16.39,--,11,18209,卖盘
956,13:53:48,16.39,-0.01,9,14751,卖盘
957,13:53:42,16.4,--,2,3279,买盘
958,13:53:39,16.4,0.01,14,22959,买盘
959,13:53:27,16.39,--,22,36058,卖盘
960,13:53:24,16.39,--,24,39336,卖盘
961,13:53:21,16.39,--,11,18029,卖盘
962,13:53:18,16.39,--,8,13112,卖盘
963,13:53:15,16.39,--,5,8195,卖盘
964,13:53:06,16.39,-0.01,13,21307,卖盘
965,13:53:03,16.4,--,21,34440,买盘
966,13:53:00,16.4,0.01,16,26239,买盘
967,13:52:57,16.39,--,25,40975,卖盘
968,13:52:54,16.39,-0.01,16,26224,卖盘
969,13:52:48,16.4,0.01,35,57399,买盘
970,13:52:45,16.39,-0.01,64,104896,卖盘
971,13:52:39,16.4,--,46,75440,买盘
972,13:52:33,16.4,--,99,162360,买盘
973,13:52:27,16.4,0.01,13,22599,买盘
974,13:52:18,16.39,--,8,13112,卖盘
975,13:52:09,16.39,--,98,160622,卖盘
976,13:52:03,16.39,0.01,27,45760,买盘
977,13:52:00,16.38,-0.02,11,18149,卖盘
978,13:51:51,16.4,0.01,43,70520,买盘
979,13:51:48,16.39,-0.01,51,83589,卖盘
980,13:51:44,16.4,0.01,5,8200,买盘
981,13:51:38,16.39,--,32,52448,卖盘
982,13:51:35,16.39,--,10,16390,卖盘
983,13:51:32,16.39,--,25,40975,卖盘
984,13:51:29,16.39,-0.01,11,18029,卖盘
985,13:51:20,16.4,0.01,1,1639,买盘
986,13:51:17,16.39,-0.01,11,18029,卖盘
987,13:51:11,16.4,--,10,16400,买盘
988,13:51:08,16.4,0.01,26,42639,卖盘
989,13:51:05,16.39,-0.02,6,10604,卖盘
990,13:50:59,16.41,0.01,5,8205,买盘
991,13:50:56,16.4,--,21,35178,买盘
992,13:50:50,16.4,-0.01,30,50101,卖盘
993,13:50:44,16.41,0.01,15,24615,买盘
994,13:50:41,16.4,-0.01,131,214839,卖盘
995,13:50:35,16.41,0.01,11,18051,买盘
996,13:50:29,16.4,--,1,1639,卖盘
997,13:50:26,16.4,-0.01,3,4920,卖盘
998,13:50:23,16.41,0.01,5,8205,买盘
999,13:50:20,16.4,-0.01,4,6559,卖盘
1000,13:50:17,16.41,0.01,1,1641,买盘
1001,13:50:14,16.4,--,1,1639,卖盘
1002,13:50:08,16.4,--,2,3279,卖盘
1003,13:50:02,16.4,--,1,1639,卖盘
1004,13:49:59,16.4,--,27,44279,卖盘
1005,13:49:56,16.4,--,8,13119,卖盘
1006,13:49:53,16.4,-0.01,20,32800,卖盘
1007,13:49:47,16.41,0.01,56,91896,买盘
1008,13:49:47,16.4,-0.01,211,346039,卖盘
1009,13:49:41,16.41,--,18,29587,买盘
1010,13:49:29,16.41,--,32,52512,买盘
1011,13:49:26,16.41,0.01,24,39384,买盘
1012,13:49:23,16.4,--,113,185319,卖盘
1013,13:49:11,16.4,--,28,45919,卖盘
1014,13:49:05,16.4,--,16,26239,卖盘
1015,13:49:02,16.4,--,1,1639,卖盘
1016,13:48:59,16.4,-0.01,15,24599,卖盘
1017,13:48:56,16.41,--,10,16410,买盘
1018,13:48:50,16.41,0.01,41,67281,买盘
1019,13:48:44,16.4,-0.01,1,1639,卖盘
1020,13:48:41,16.41,0.01,2,3282,买盘
1021,13:48:38,16.4,-0.01,7,11479,卖盘
1022,13:48:35,16.41,--,2,3282,买盘
1023,13:48:32,16.41,0.01,6,9846,中性盘
1024,13:48:26,16.4,-0.02,23,37720,卖盘
1025,13:48:23,16.42,0.01,96,157632,买盘
1026,13:48:20,16.41,-0.01,30,49591,卖盘
1027,13:48:17,16.42,--,20,32840,买盘
1028,13:48:14,16.42,0.02,23,37766,买盘
1029,13:48:08,16.4,-0.02,49,80360,卖盘
1030,13:48:02,16.42,--,6,9852,买盘
1031,13:47:53,16.42,--,548,899816,买盘
1032,13:47:50,16.42,0.01,10,16420,买盘
1033,13:47:47,16.41,-0.01,28,45948,卖盘
1034,13:47:41,16.42,--,27,44334,买盘
1035,13:47:35,16.42,--,37,60754,买盘
1036,13:47:29,16.42,-0.01,66,108372,卖盘
1037,13:47:26,16.43,0.01,4,6572,买盘
1038,13:47:17,16.42,--,10,16420,卖盘
1039,13:47:14,16.42,--,6,9852,卖盘
1040,13:47:08,16.42,0.01,32,52544,中性盘
1041,13:47:05,16.41,--,141,231381,卖盘
1042,13:47:02,16.41,-0.01,2,3282,卖盘
1043,13:46:59,16.42,0.01,71,116582,买盘
1044,13:46:56,16.41,--,10,16410,卖盘
1045,13:46:53,16.41,--,4,6564,卖盘
1046,13:46:50,16.41,--,179,293739,买盘
1047,13:46:47,16.41,--,17,27897,买盘
1048,13:46:44,16.41,0.01,2,3282,买盘
1049,13:46:41,16.4,-0.01,34,56514,卖盘
1050,13:46:35,16.41,--,40,65640,买盘
1051,13:46:32,16.41,-0.01,182,298662,卖盘
1052,13:46:26,16.42,--,99,162558,买盘
1053,13:46:23,16.42,0.01,4,6568,买盘
1054,13:46:20,16.41,--,47,77127,卖盘
1055,13:46:17,16.41,-0.01,22,36102,卖盘
1056,13:46:14,16.42,--,63,103446,买盘
1057,13:46:08,16.42,--,12,19704,买盘
1058,13:46:05,16.42,0.01,5,8210,买盘
1059,13:46:02,16.41,--,14,22974,卖盘
1060,13:45:59,16.41,0.01,21,34461,卖盘
1061,13:45:56,16.4,-0.01,40,65600,卖盘
1062,13:45:53,16.41,--,26,42666,卖盘
1063,13:45:50,16.41,-0.01,10,16410,卖盘
1064,13:45:47,16.42,--,42,68964,买盘
1065,13:45:41,16.42,0.01,6,9852,买盘
1066,13:45:38,16.41,-0.02,194,318354,卖盘
1067,13:45:32,16.43,0.01,26,42718,买盘
1068,13:45:29,16.42,-0.01,35,57470,买盘
1069,13:45:20,16.43,0.02,20,32860,买盘
1070,13:45:17,16.41,0.01,5,8205,买盘
1071,13:45:14,16.4,--,5,8200,卖盘
1072,13:45:11,16.4,--,8,13119,卖盘
1073,13:45:08,16.4,--,35,57399,卖盘
1074,13:45:05,16.4,-0.02,391,641240,卖盘
1075,13:45:02,16.42,--,13,21346,买盘
1076,13:44:59,16.42,0.01,174,285708,买盘
1077,13:44:56,16.41,--,6,9846,卖盘
1078,13:44:53,16.41,--,42,68922,卖盘
1079,13:44:47,16.41,-0.01,21,35757,卖盘
1080,13:44:44,16.42,0.01,127,208534,买盘
1081,13:44:41,16.41,-0.01,30,49230,卖盘
1082,13:44:38,16.42,--,2,3284,买盘
1083,13:44:32,16.42,--,229,376018,买盘
1084,13:44:29,16.42,--,7,11494,买盘
1085,13:44:26,16.42,--,10,16420,买盘
1086,13:44:23,16.42,--,15,24630,买盘
1087,13:44:20,16.42,--,31,50902,买盘
1088,13:44:14,16.42,0.01,34,55828,买盘
1089,13:44:08,16.41,--,24,39384,卖盘
1090,13:44:05,16.41,--,18,31096,买盘
1091,13:44:02,16.41,0.01,39,63999,买盘
1092,13:43:59,16.4,-0.01,12,19680,卖盘
1093,13:43:56,16.41,0.01,2,3282,买盘
1094,13:43:53,16.4,--,19,31159,卖盘
1095,13:43:44,16.4,--,4,6559,卖盘
1096,13:43:38,16.4,0.01,103,168919,买盘
1097,13:43:35,16.39,-0.01,1,1639,卖盘
1098,13:43:32,16.4,--,81,132840,买盘
1099,13:43:29,16.4,--,4,6559,买盘
1100,13:43:26,16.4,--,110,180399,买盘
1101,13:43:23,16.4,--,192,314880,买盘
1102,13:43:20,16.4,--,9,14759,买盘
1103,13:43:17,16.4,--,135,221399,买盘
1104,13:43:14,16.4,--,88,144320,买盘
1105,13:43:11,16.4,--,28,45919,买盘
1106,13:43:05,16.4,--,116,190403,买盘
1107,13:43:02,16.4,--,32,52479,买盘
1108,13:42:59,16.4,--,62,101679,买盘
1109,13:42:56,16.4,0.01,2,3279,买盘
1110,13:42:53,16.39,--,20,32780,卖盘
1111,13:42:50,16.39,--,9,14751,卖盘
1112,13:42:44,16.39,--,799,1311085,买盘
1113,13:42:41,16.39,--,26,42614,买盘
1114,13:42:38,16.39,--,16,26224,买盘
1115,13:42:35,16.39,--,111,181929,买盘
1116,13:42:32,16.39,0.01,2,3278,买盘
1117,13:42:23,16.38,--,8,13104,卖盘
1118,13:42:20,16.38,0.01,85,139230,买盘
1119,13:42:17,16.37,--,165,270105,卖盘
1120,13:42:11,16.37,-0.02,15,24555,卖盘
1121,13:42:08,16.39,--,32,52448,买盘
1122,13:42:05,16.39,--,1,1639,买盘
1123,13:42:02,16.39,0.01,44,72116,买盘
1124,13:41:56,16.38,--,26,42588,买盘
1125,13:41:53,16.38,0.01,62,101572,买盘
1126,13:41:44,16.37,-0.01,34,55903,卖盘
1127,13:41:38,16.38,--,3,4914,卖盘
1128,13:41:35,16.38,--,310,507779,卖盘
1129,13:41:29,16.38,--,15,24570,卖盘
1130,13:41:26,16.38,--,7,11466,卖盘
1131,13:41:17,16.38,0.01,23,37674,买盘
1132,13:41:14,16.37,-0.01,10,16370,卖盘
1133,13:41:11,16.38,--,25,40950,买盘
1134,13:41:08,16.38,--,15,24570,买盘
1135,13:41:05,16.38,0.01,46,75348,买盘
1136,13:41:02,16.37,--,7,11459,卖盘
1137,13:40:59,16.37,--,43,70391,卖盘
1138,13:40:56,16.37,-0.01,1,1637,卖盘
1139,13:40:47,16.38,0.01,10,16379,买盘
1140,13:40:44,16.37,--,10,16370,卖盘
1141,13:40:41,16.37,-0.01,2,3274,卖盘
1142,13:40:38,16.38,--,3,4914,买盘
1143,13:40:35,16.38,0.01,10,16379,买盘
1144,13:40:32,16.37,--,48,78576,卖盘
1145,13:40:17,16.37,--,21,34377,卖盘
1146,13:40:11,16.37,-0.01,21,34377,卖盘
1147,13:40:08,16.38,0.01,1,1638,买盘
1148,13:40:05,16.37,--,15,24555,卖盘
1149,13:40:02,16.37,--,59,97974,卖盘
1150,13:39:59,16.37,--,4,6548,卖盘
1151,13:39:50,16.37,--,79,129323,卖盘
1152,13:39:47,16.37,--,8,13096,卖盘
1153,13:39:44,16.37,-0.01,17,27829,卖盘
1154,13:39:38,16.38,--,2,3276,买盘
1155,13:39:35,16.38,0.01,2,3276,买盘
1156,13:39:32,16.37,--,3,4911,卖盘
1157,13:39:29,16.37,--,65,106405,卖盘
1158,13:39:23,16.37,--,45,73665,卖盘
1159,13:39:17,16.37,--,5,8185,卖盘
1160,13:39:14,16.37,0.01,459,751890,买盘
1161,13:39:11,16.36,--,11,17996,卖盘
1162,13:39:08,16.36,--,2,3272,卖盘
1163,13:39:05,16.36,--,1,1636,卖盘
1164,13:39:02,16.36,--,7,12106,卖盘
1165,13:38:53,16.36,--,10,16360,卖盘
1166,13:38:47,16.36,--,40,65440,卖盘
1167,13:38:44,16.36,-0.01,30,49080,卖盘
1168,13:38:38,16.37,0.01,2,3274,买盘
1169,13:38:35,16.36,--,14,22904,卖盘
1170,13:38:29,16.36,-0.01,1,1636,卖盘
1171,13:38:26,16.37,--,3,4911,买盘
1172,13:38:23,16.37,0.01,10,16370,买盘
1173,13:38:20,16.36,-0.01,164,269432,卖盘
1174,13:38:17,16.37,--,8,13096,卖盘
1175,13:38:14,16.37,-0.01,15,24555,卖盘
1176,13:38:05,16.38,--,12,19656,买盘
1177,13:38:02,16.38,--,1,1638,买盘
1178,13:37:59,16.38,0.01,2,3276,卖盘
1179,13:37:53,16.37,--,2,3274,卖盘
1180,13:37:50,16.37,-0.01,13,21281,卖盘
1181,13:37:47,16.38,--,6,9828,卖盘
1182,13:37:44,16.38,-0.01,1,1638,中性盘
1183,13:37:41,16.39,0.01,20,32780,买盘
1184,13:37:38,16.38,--,112,183701,买盘
1185,13:37:35,16.38,0.01,97,158886,买盘
1186,13:37:29,16.37,-0.01,6,9822,卖盘
1187,13:37:20,16.38,0.01,161,263718,买盘
1188,13:37:14,16.37,-0.01,4,6548,卖盘
1189,13:37:08,16.38,--,19,31121,买盘
1190,13:36:56,16.38,0.01,33,54054,买盘
1191,13:36:53,16.37,-0.01,106,173522,卖盘
1192,13:36:50,16.38,0.01,16,26208,买盘
1193,13:36:47,16.37,--,66,108042,卖盘
1194,13:36:44,16.37,-0.01,135,220995,卖盘
1195,13:36:41,16.38,0.01,1,1638,买盘
1196,13:36:38,16.37,-0.01,32,52384,卖盘
1197,13:36:32,16.38,0.01,112,183456,买盘
1198,13:36:29,16.37,--,4,6548,卖盘
1199,13:36:26,16.37,--,26,42562,卖盘
1200,13:36:23,16.37,--,77,126049,卖盘
1201,13:36:17,16.37,--,5,8185,卖盘
1202,13:36:11,16.37,-0.01,6,9822,卖盘
1203,13:36:08,16.38,0.01,2,3276,买盘
1204,13:36:05,16.37,--,13,21281,卖盘
1205,13:35:59,16.37,--,6,9985,卖盘
1206,13:35:56,16.37,--,2,3274,卖盘
1207,13:35:50,16.37,-0.01,5,8185,卖盘
1208,13:35:47,16.38,0.01,6,9828,买盘
1209,13:35:38,16.37,-0.01,4,6548,卖盘
1210,13:35:35,16.38,--,32,52416,买盘
1211,13:35:32,16.38,--,2,3276,买盘
1212,13:35:29,16.38,0.01,22,36036,买盘
1213,13:35:26,16.37,--,6,9822,卖盘
1214,13:35:23,16.37,--,35,57295,卖盘
1215,13:35:17,16.37,--,16,26192,卖盘
1216,13:35:11,16.37,--,1,1637,卖盘
1217,13:35:08,16.37,--,100,163700,卖盘
1218,13:34:56,16.37,--,15,24555,卖盘
1219,13:34:53,16.37,--,35,57393,买盘
1220,13:34:50,16.37,--,10,16370,买盘
1221,13:34:41,16.37,0.01,42,68754,买盘
1222,13:34:38,16.36,-0.01,3,5824,卖盘
1223,13:34:34,16.37,-0.01,91,150505,卖盘
1224,13:34:31,16.38,0.01,94,153972,买盘
1225,13:34:25,16.37,-0.01,10,16370,卖盘
1226,13:34:16,16.38,0.01,1,1638,买盘
1227,13:34:13,16.37,--,20,32740,卖盘
1228,13:34:10,16.37,--,42,68754,卖盘
1229,13:34:04,16.37,-0.01,19,31103,卖盘
1230,13:34:01,16.38,--,16,26208,买盘
1231,13:33:52,16.38,0.01,12,19656,买盘
1232,13:33:49,16.37,--,1,1637,卖盘
1233,13:33:43,16.37,-0.01,30,49110,卖盘
1234,13:33:37,16.38,--,7,11466,买盘
1235,13:33:34,16.38,--,1,1638,买盘
1236,13:33:31,16.38,0.01,29,47665,中性盘
1237,13:33:19,16.37,-0.01,49,80213,卖盘
1238,13:33:16,16.38,--,4,6552,卖盘
1239,13:33:13,16.38,--,18,30614,买盘
1240,13:33:07,16.38,0.01,55,90090,买盘
1241,13:33:01,16.37,--,5,8185,卖盘
1242,13:32:52,16.37,--,4,6548,卖盘
1243,13:32:49,16.37,--,130,212810,卖盘
1244,13:32:43,16.37,-0.02,70,114590,卖盘
1245,13:32:34,16.39,--,21,34419,买盘
1246,13:32:31,16.39,0.02,11,18029,买盘
1247,13:32:28,16.37,-0.02,4,6548,卖盘
1248,13:32:25,16.39,0.02,12,19668,买盘
1249,13:32:22,16.37,--,17,27829,卖盘
1250,13:32:16,16.37,--,30,49110,卖盘
1251,13:32:07,16.37,-0.02,2,3274,卖盘
1252,13:32:04,16.39,0.02,14,22946,买盘
1253,13:32:01,16.37,--,20,32740,卖盘
1254,13:31:58,16.37,--,123,201351,卖盘
1255,13:31:52,16.37,--,5,8185,卖盘
1256,13:31:49,16.37,--,10,16370,卖盘
1257,13:31:46,16.37,--,6,9822,卖盘
1258,13:31:43,16.37,--,10,16370,卖盘
1259,13:31:34,16.37,-0.02,2,3274,卖盘
1260,13:31:28,16.39,--,7,11473,买盘
1261,13:31:19,16.39,0.02,8,13112,买盘
1262,13:31:13,16.37,--,11,18448,卖盘
1263,13:31:10,16.37,-0.02,26,42562,卖盘
1264,13:31:07,16.39,--,44,72116,买盘
1265,13:30:58,16.39,0.01,10,16390,买盘
1266,13:30:52,16.38,--,18,29484,卖盘
1267,13:30:49,16.38,--,2,3276,卖盘
1268,13:30:46,16.38,0.01,82,134316,卖盘
1269,13:30:40,16.37,-0.01,6,9822,卖盘
1270,13:30:37,16.38,--,6,9828,买盘
1271,13:30:31,16.38,--,25,40950,买盘
1272,13:30:28,16.38,0.01,8,13104,买盘
1273,13:30:25,16.37,-0.01,14,22918,卖盘
1274,13:30:16,16.38,0.01,21,34398,买盘
1275,13:30:10,16.37,0.01,151,247187,买盘
1276,13:30:07,16.36,--,107,175052,卖盘
1277,13:30:04,16.36,--,10,16360,卖盘
1278,13:30:01,16.36,--,15,24540,卖盘
1279,13:29:58,16.36,--,17,27812,卖盘
1280,13:29:55,16.36,--,11,17996,卖盘
1281,13:29:49,16.36,--,2,3272,卖盘
1282,13:29:40,16.36,--,11,19599,卖盘
1283,13:29:37,16.36,--,50,81800,卖盘
1284,13:29:34,16.36,-0.01,30,49080,卖盘
1285,13:29:28,16.37,0.01,11,18007,买盘
1286,13:29:25,16.36,--,1,1636,卖盘
1287,13:29:22,16.36,--,40,65440,卖盘
1288,13:29:19,16.36,--,35,57260,卖盘
1289,13:29:16,16.36,--,4,6544,卖盘
1290,13:29:01,16.36,-0.01,61,99796,卖盘
1291,13:28:55,16.37,--,6,9822,卖盘
1292,13:28:52,16.37,--,27,44199,卖盘
1293,13:28:43,16.37,--,20,32740,卖盘
1294,13:28:40,16.37,--,15,24555,卖盘
1295,13:28:37,16.37,--,36,58932,卖盘
1296,13:28:34,16.37,--,20,32740,卖盘
1297,13:28:28,16.37,0.01,6,9822,买盘
1298,13:28:25,16.36,--,40,65440,卖盘
1299,13:28:19,16.36,-0.01,23,37889,卖盘
1300,13:28:16,16.37,0.01,13,21281,买盘
1301,13:28:10,16.36,-0.01,111,181596,卖盘
1302,13:28:07,16.37,0.01,12,19644,买盘
1303,13:28:01,16.36,-0.01,10,16360,卖盘
1304,13:27:58,16.37,-0.01,2,3274,卖盘
1305,13:27:55,16.38,0.02,10,16379,买盘
1306,13:27:52,16.36,-0.02,22,35992,卖盘
1307,13:27:46,16.38,0.01,87,142506,中性盘
1308,13:27:37,16.37,--,13,21281,卖盘
1309,13:27:31,16.37,--,62,101494,卖盘
1310,13:27:25,16.37,0.01,1,1637,卖盘
1311,13:27:22,16.36,--,33,54135,卖盘
1312,13:27:19,16.36,-0.01,29,47444,卖盘
1313,13:27:10,16.37,--,21,34377,卖盘
1314,13:27:01,16.37,--,18,29466,卖盘
1315,13:26:58,16.37,--,68,111316,买盘
1316,13:26:52,16.37,0.01,10,16370,买盘
1317,13:26:46,16.36,--,43,70348,卖盘
1318,13:26:43,16.36,-0.01,17,27812,卖盘
1319,13:26:40,16.37,--,3,4911,买盘
1320,13:26:37,16.37,--,11,18007,买盘
1321,13:26:34,16.37,-0.01,1,1637,买盘
1322,13:26:31,16.38,0.01,6,9828,买盘
1323,13:26:28,16.37,--,5,8185,买盘
1324,13:26:25,16.37,-0.01,20,32740,卖盘
1325,13:26:22,16.38,0.02,50,81900,买盘
1326,13:26:19,16.36,-0.02,16,26176,卖盘
1327,13:26:16,16.38,0.01,153,250613,买盘
1328,13:26:10,16.37,--,2,3274,卖盘
1329,13:26:07,16.37,--,6,9822,卖盘
1330,13:26:04,16.37,--,9,14733,卖盘
1331,13:25:58,16.37,-0.01,4,6548,卖盘
1332,13:25:49,16.38,0.01,5,8189,中性盘
1333,13:25:40,16.37,-0.01,60,98220,卖盘
1334,13:25:37,16.38,--,3,4914,卖盘
1335,13:25:34,16.38,--,13,21834,卖盘
1336,13:25:28,16.38,--,12,20098,买盘
1337,13:25:25,16.38,--,6,9828,买盘
1338,13:25:22,16.38,--,5,9385,卖盘
1339,13:25:19,16.38,--,10,16379,卖盘
1340,13:25:13,16.38,--,9,15184,买盘
1341,13:25:07,16.38,--,22,36036,买盘
1342,13:25:04,16.38,--,76,125683,卖盘
1343,13:25:01,16.38,--,100,163800,卖盘
1344,13:24:58,16.38,-0.01,2,3276,卖盘
1345,13:24:55,16.39,0.01,10,16390,买盘
1346,13:24:52,16.38,--,14,22932,卖盘
1347,13:24:49,16.38,--,3,4914,卖盘
1348,13:24:46,16.38,--,4,6552,卖盘
1349,13:24:37,16.38,-0.01,4,6552,卖盘
1350,13:24:34,16.39,0.01,15,24585,买盘
1351,13:24:28,16.38,--,20,32759,卖盘
1352,13:24:19,16.38,--,7,11466,卖盘
1353,13:24:13,16.38,-0.01,4,6552,卖盘
1354,13:24:10,16.39,--,49,80442,卖盘
1355,13:24:07,16.39,--,1,1639,卖盘
1356,13:24:04,16.39,--,18,29502,卖盘
1357,13:24:01,16.39,-0.01,105,172095,卖盘
1358,13:23:55,16.4,0.01,3,4920,卖盘
1359,13:23:52,16.39,--,6,11341,卖盘
1360,13:23:49,16.39,-0.01,18,29502,卖盘
1361,13:23:43,16.4,--,9,14759,买盘
1362,13:23:40,16.4,-0.01,1,1639,中性盘
1363,13:23:37,16.41,0.01,50,82050,买盘
1364,13:23:34,16.4,--,81,132840,卖盘
1365,13:23:31,16.4,-0.01,306,501839,卖盘
1366,13:23:28,16.41,0.01,6,9846,买盘
1367,13:23:22,16.4,--,5,8200,卖盘
1368,13:23:19,16.4,--,80,131200,卖盘
1369,13:23:16,16.4,--,100,164000,卖盘
1370,13:23:07,16.4,-0.01,28,45919,卖盘
1371,13:23:04,16.41,--,6,9846,买盘
1372,13:22:55,16.41,--,1,1641,买盘
1373,13:22:52,16.41,-0.01,26,42748,卖盘
1374,13:22:49,16.42,0.01,20,32840,买盘
1375,13:22:46,16.41,-0.01,14,22974,卖盘
1376,13:22:37,16.42,0.01,26,42692,买盘
1377,13:22:31,16.41,--,67,109947,卖盘
1378,13:22:28,16.41,--,5,8205,卖盘
1379,13:22:22,16.41,--,61,100281,卖盘
1380,13:22:13,16.41,--,1,1641,卖盘
1381,13:22:04,16.41,-0.01,1,1641,卖盘
1382,13:22:01,16.42,0.01,9,14778,买盘
1383,13:21:58,16.41,--,55,91633,买盘
1384,13:21:49,16.41,--,15,24615,买盘
1385,13:21:43,16.41,--,67,109947,买盘
1386,13:21:40,16.41,--,1,1641,买盘
1387,13:21:37,16.41,--,6,9846,买盘
1388,13:21:34,16.41,--,20,32820,买盘
1389,13:21:31,16.41,0.01,18,29538,买盘
1390,13:21:28,16.4,-0.01,33,54119,卖盘
1391,13:21:25,16.41,--,18,29538,买盘
1392,13:21:22,16.41,--,30,49230,买盘
1393,13:21:19,16.41,--,5,8205,买盘
1394,13:21:16,16.41,--,30,49230,买盘
1395,13:21:13,16.41,0.01,34,55794,买盘
1396,13:21:07,16.4,-0.01,34,55759,卖盘
1397,13:21:04,16.41,0.01,18,29538,买盘
1398,13:20:52,16.4,-0.01,23,37949,卖盘
1399,13:20:49,16.41,0.01,14,22974,买盘
1400,13:20:46,16.4,-0.01,10,16400,卖盘
1401,13:20:43,16.41,--,29,47589,买盘
1402,13:20:40,16.41,0.01,33,54153,买盘
1403,13:20:37,16.4,--,10,16400,卖盘
1404,13:20:34,16.4,-0.01,20,32800,卖盘
1405,13:20:28,16.41,--,1,1641,买盘
1406,13:20:25,16.41,--,2,3282,买盘
1407,13:20:19,16.41,--,85,139747,卖盘
1408,13:20:13,16.41,--,10,16426,卖盘
1409,13:19:57,16.41,-0.01,6,9846,卖盘
1410,13:19:54,16.42,-0.01,14,22988,卖盘
1411,13:19:51,16.43,-0.01,6,9858,卖盘
1412,13:19:45,16.44,0.01,18,29592,买盘
1413,13:19:33,16.43,0.01,8,13144,买盘
1414,13:19:30,16.42,0.01,13,21346,买盘
1415,13:19:27,16.41,-0.02,38,62358,卖盘
1416,13:19:21,16.43,-0.01,2,3286,中性盘
1417,13:19:15,16.44,--,20,32880,买盘
1418,13:19:12,16.44,0.03,9,14796,买盘
1419,13:19:06,16.41,--,5,8205,卖盘
1420,13:19:03,16.41,-0.01,14,23154,卖盘
1421,13:18:54,16.42,--,1,1642,卖盘
1422,13:18:45,16.42,-0.01,36,59112,卖盘
1423,13:18:39,16.43,-0.02,4,6572,卖盘
1424,13:18:24,16.45,--,10,16450,买盘
1425,13:18:18,16.45,0.03,11,18095,买盘
1426,13:18:15,16.42,--,5,8210,卖盘
1427,13:18:12,16.42,-0.03,1,1642,卖盘
1428,13:18:09,16.45,--,12,19740,买盘
1429,13:18:03,16.45,--,16,26320,买盘
1430,13:17:54,16.45,0.04,2,3290,买盘
1431,13:17:51,16.41,-0.04,17,27897,卖盘
1432,13:17:48,16.45,0.04,30,49350,买盘
1433,13:17:45,16.41,-0.05,32,52512,卖盘
1434,13:17:39,16.46,0.01,90,148140,买盘
1435,13:17:33,16.45,0.02,43,70965,买盘
1436,13:17:30,16.43,-0.02,3,4929,卖盘
1437,13:17:27,16.45,-0.01,10,16450,中性盘
1438,13:17:21,16.46,0.03,20,32920,买盘
1439,13:17:18,16.43,--,4,6572,卖盘
1440,13:17:15,16.43,-0.03,21,34503,卖盘
1441,13:17:12,16.46,0.01,30,49380,买盘
1442,13:17:09,16.45,--,14,23030,买盘
1443,13:17:06,16.45,0.01,47,77989,买盘
1444,13:17:00,16.44,-0.01,7,11508,卖盘
1445,13:16:57,16.45,--,60,98700,买盘
1446,13:16:51,16.45,--,57,93765,买盘
1447,13:16:45,16.45,--,15,24675,买盘
1448,13:16:42,16.45,--,36,59220,买盘
1449,13:16:39,16.45,--,30,49350,买盘
1450,13:16:36,16.45,--,52,85540,卖盘
1451,13:16:27,16.45,--,14,23030,买盘
1452,13:16:24,16.45,--,3,4935,卖盘
1453,13:16:18,16.45,0.01,44,72380,买盘
1454,13:16:12,16.44,-0.01,33,55221,卖盘
1455,13:16:09,16.45,0.01,27,44415,买盘
1456,13:16:03,16.44,--,35,57540,卖盘
1457,13:15:57,16.44,-0.01,12,19728,卖盘
1458,13:15:54,16.45,-0.01,70,115150,卖盘
1459,13:15:51,16.46,0.03,37,60902,买盘
1460,13:15:48,16.43,-0.01,39,65588,卖盘
1461,13:15:45,16.44,--,78,128232,卖盘
1462,13:15:39,16.44,-0.01,8,13152,卖盘
1463,13:15:36,16.45,--,35,57575,买盘
1464,13:15:33,16.45,0.01,69,113505,买盘
1465,13:15:30,16.44,--,45,73980,买盘
1466,13:15:27,16.44,--,10,16440,买盘
1467,13:15:21,16.44,--,18,29592,买盘
1468,13:15:18,16.44,--,85,139740,卖盘
1469,13:15:15,16.44,-0.01,14,23016,中性盘
1470,13:15:09,16.45,--,534,878430,买盘
1471,13:15:03,16.45,0.01,35,57575,买盘
1472,13:15:00,16.44,--,1,1644,卖盘
1473,13:14:57,16.44,--,6,10949,卖盘
1474,13:14:54,16.44,-0.01,15,24660,卖盘
1475,13:14:51,16.45,0.02,31,50995,买盘
1476,13:14:48,16.43,-0.01,30,49290,卖盘
1477,13:14:42,16.44,--,30,49320,买盘
1478,13:14:39,16.44,--,30,49320,卖盘
1479,13:14:36,16.44,0.01,31,50964,买盘
1480,13:14:33,16.43,--,37,60791,卖盘
1481,13:14:30,16.43,--,26,42718,卖盘
1482,13:14:27,16.43,-0.01,37,60791,卖盘
1483,13:14:24,16.44,0.02,188,309072,买盘
1484,13:14:21,16.42,-0.01,59,96878,卖盘
1485,13:14:15,16.43,--,162,266166,买盘
1486,13:14:09,16.43,0.01,32,52576,买盘
1487,13:14:03,16.42,0.04,34,55828,中性盘
1488,13:14:00,16.38,-0.05,504,825552,卖盘
1489,13:13:57,16.43,--,22,36146,买盘
1490,13:13:54,16.43,--,8,13144,卖盘
1491,13:13:51,16.43,0.01,57,93651,买盘
1492,13:13:42,16.42,-0.01,62,101804,卖盘
1493,13:13:39,16.43,--,5,8215,买盘
1494,13:13:36,16.43,0.01,30,49290,买盘
1495,13:13:27,16.42,-0.01,3,4926,中性盘
1496,13:13:21,16.43,0.01,44,72292,买盘
1497,13:13:15,16.42,--,1,1642,买盘
1498,13:13:12,16.42,--,30,49260,买盘
1499,13:13:03,16.42,0.01,36,59112,买盘
1500,13:13:00,16.41,--,11,18051,卖盘
1501,13:12:57,16.41,--,3,5267,卖盘
1502,13:12:54,16.41,-0.01,4,6564,卖盘
1503,13:12:45,16.42,0.01,30,49260,买盘
1504,13:12:42,16.41,--,35,57435,卖盘
1505,13:12:39,16.41,--,33,54218,买盘
1506,13:12:36,16.41,-0.01,1,3216,卖盘
1507,13:12:33,16.42,0.01,41,67322,买盘
1508,13:12:27,16.41,-0.01,8,13193,卖盘
1509,13:12:24,16.42,--,10,16420,买盘
1510,13:12:21,16.42,0.01,31,50902,买盘
1511,13:12:18,16.41,-0.01,12,19692,卖盘
1512,13:12:15,16.42,-0.01,23,37766,中性盘
1513,13:12:12,16.43,--,35,57505,买盘
1514,13:12:06,16.43,--,30,49290,买盘
1515,13:12:03,16.43,--,7,11501,卖盘
1516,13:11:57,16.43,--,1,1643,卖盘
1517,13:11:54,16.43,--,20,32860,卖盘
1518,13:11:51,16.43,0.01,109,179087,买盘
1519,13:11:48,16.42,0.02,33,54186,买盘
1520,13:11:45,16.4,--,1,1639,卖盘
1521,13:11:42,16.4,--,61,100039,卖盘
1522,13:11:39,16.4,--,10,16400,卖盘
1523,13:11:36,16.4,--,11,18040,卖盘
1524,13:11:33,16.4,--,74,121359,卖盘
1525,13:11:30,16.4,0.01,68,112651,买盘
1526,13:11:27,16.39,--,56,91784,卖盘
1527,13:11:24,16.39,-0.01,4,6556,卖盘
1528,13:11:21,16.4,--,31,50839,买盘
1529,13:11:15,16.4,--,100,164000,买盘
1530,13:11:12,16.4,0.01,51,83640,买盘
1531,13:11:09,16.39,-0.01,13,21307,卖盘
1532,13:11:06,16.4,--,61,100039,买盘
1533,13:11:03,16.4,--,2,3279,买盘
1534,13:11:00,16.4,--,9,14759,买盘
1535,13:10:57,16.4,--,10,16400,买盘
1536,13:10:54,16.4,--,15,24599,买盘
1537,13:10:48,16.4,--,37,60679,买盘
1538,13:10:45,16.4,0.01,2,3279,买盘
1539,13:10:42,16.39,-0.01,35,57365,卖盘
1540,13:10:36,16.4,--,54,88559,买盘
1541,13:10:33,16.4,0.01,33,54119,买盘
1542,13:10:30,16.39,-0.01,0,1376,卖盘
1543,13:10:27,16.4,--,78,127919,买盘
1544,13:10:24,16.4,0.01,14,22959,买盘
1545,13:10:21,16.39,-0.01,36,59004,卖盘
1546,13:10:15,16.4,--,29,47559,买盘
1547,13:10:12,16.4,--,31,50839,买盘
1548,13:10:06,16.4,--,80,131200,买盘
1549,13:10:03,16.4,0.01,3,4920,买盘
1550,13:10:00,16.39,-0.01,74,121581,卖盘
1551,13:09:57,16.4,0.01,21,34440,买盘
1552,13:09:54,16.39,-0.01,2,3278,卖盘
1553,13:09:51,16.4,0.01,64,104959,买盘
1554,13:09:45,16.39,-0.01,21,34419,卖盘
1555,13:09:39,16.4,--,80,131200,买盘
1556,13:09:36,16.4,0.01,48,78720,买盘
1557,13:09:24,16.39,--,5,8195,卖盘
1558,13:09:21,16.39,0.01,38,62282,中性盘
1559,13:09:15,16.38,-0.01,242,396396,卖盘
1560,13:09:12,16.39,--,15,24585,买盘
1561,13:09:06,16.39,--,19,31141,买盘
1562,13:09:03,16.39,0.01,71,116369,买盘
1563,13:09:00,16.38,-0.01,112,184782,卖盘
1564,13:08:57,16.39,--,33,54087,买盘
1565,13:08:51,16.39,--,45,73755,买盘
1566,13:08:48,16.39,--,2,3278,买盘
1567,13:08:45,16.39,--,7,11473,买盘
1568,13:08:42,16.39,--,12,19668,买盘
1569,13:08:33,16.39,--,9,14751,买盘
1570,13:08:27,16.39,0.01,9,14865,买盘
1571,13:08:18,16.38,--,514,842128,买盘
1572,13:08:15,16.38,--,5,8189,买盘
1573,13:08:12,16.38,--,33,54054,买盘
1574,13:08:09,16.38,--,123,201474,买盘
1575,13:08:06,16.38,--,5,8189,买盘
1576,13:08:03,16.38,--,21,34398,买盘
1577,13:08:00,16.38,--,201,329238,买盘
1578,13:07:57,16.38,--,13,21294,买盘
1579,13:07:54,16.38,--,7,11466,买盘
1580,13:07:51,16.38,--,73,119574,买盘
1581,13:07:48,16.38,0.01,158,258803,买盘
1582,13:07:45,16.37,--,84,137508,卖盘
1583,13:07:42,16.37,-0.01,14,22918,卖盘
1584,13:07:39,16.38,--,63,103194,买盘
1585,13:07:33,16.38,--,167,273546,买盘
1586,13:07:30,16.38,--,70,114660,买盘
1587,13:07:27,16.38,0.01,119,194922,买盘
1588,13:07:21,16.37,-0.01,27,44199,卖盘
1589,13:07:18,16.38,--,31,50778,买盘
1590,13:07:15,16.38,--,5,8189,买盘
1591,13:07:12,16.38,--,9,14742,买盘
1592,13:07:09,16.38,0.01,15,25389,买盘
1593,13:07:06,16.37,-0.01,17,27829,卖盘
1594,13:07:03,16.38,0.01,1408,2306304,买盘
1595,13:06:51,16.37,--,22,36014,卖盘
1596,13:06:48,16.37,--,84,137508,卖盘
1597,13:06:45,16.37,-0.01,2,3274,卖盘
1598,13:06:42,16.38,0.01,10,16379,买盘
1599,13:06:33,16.37,--,86,140782,卖盘
1600,13:06:30,16.37,--,10,16370,卖盘
1601,13:06:27,16.37,--,73,119501,卖盘
1602,13:06:24,16.37,-0.01,31,50747,卖盘
1603,13:06:21,16.38,0.01,6,9828,买盘
1604,13:06:12,16.37,--,2,3274,卖盘
1605,13:06:09,16.37,--,66,108614,买盘
1606,13:06:06,16.37,--,15,24555,买盘
1607,13:06:03,16.37,--,76,124412,买盘
1608,13:05:57,16.37,--,10,16370,买盘
1609,13:05:54,16.37,--,5,8185,买盘
1610,13:05:45,16.37,0.01,7,11459,买盘
1611,13:05:36,16.36,-0.01,9,14724,卖盘
1612,13:05:33,16.37,--,12,19644,买盘
1613,13:05:30,16.37,0.01,226,369962,买盘
1614,13:05:27,16.36,--,24,40491,卖盘
1615,13:05:21,16.36,--,9,14724,卖盘
1616,13:05:18,16.36,-0.01,1,1636,卖盘
1617,13:05:15,16.37,0.01,9,14733,买盘
1618,13:05:12,16.36,-0.01,2,3272,卖盘
1619,13:05:03,16.37,--,53,86761,买盘
1620,13:05:00,16.37,0.01,17,27829,买盘
1621,13:04:57,16.36,-0.01,2,3272,卖盘
1622,13:04:54,16.37,--,22,36014,买盘
1623,13:04:48,16.37,--,8,13096,买盘
1624,13:04:45,16.37,0.01,10,16370,买盘
1625,13:04:42,16.36,-0.01,5,8180,卖盘
1626,13:04:39,16.37,--,5,8185,买盘
1627,13:04:33,16.37,--,26,42562,买盘
1628,13:04:30,16.37,0.02,3,4911,买盘
1629,13:04:27,16.35,-0.02,63,104623,卖盘
1630,13:04:24,16.37,--,21,34377,买盘
1631,13:04:18,16.37,--,67,109679,买盘
1632,13:04:15,16.37,--,2,3274,买盘
1633,13:04:12,16.37,0.01,63,103131,买盘
1634,13:04:09,16.36,0.01,17,27812,买盘
1635,13:04:06,16.35,--,16,26160,卖盘
1636,13:04:03,16.35,--,10,16350,卖盘
1637,13:03:57,16.35,--,1,1635,卖盘
1638,13:03:51,16.35,-0.01,5,8175,卖盘
1639,13:03:45,16.36,0.01,21,34356,买盘
1640,13:03:42,16.35,--,2,3270,卖盘
1641,13:03:29,16.35,--,5,8175,卖盘
1642,13:03:23,16.35,0.01,2,3270,卖盘
1643,13:03:14,16.34,--,2,3268,卖盘
1644,13:03:05,16.34,--,4,6536,卖盘
1645,13:02:53,16.34,--,21,34314,卖盘
1646,13:02:44,16.34,--,2,3268,卖盘
1647,13:02:41,16.34,--,5,8170,卖盘
1648,13:02:38,16.34,-0.01,18,29836,卖盘
1649,13:02:32,16.35,0.01,22,35970,买盘
1650,13:02:23,16.34,--,2,3268,卖盘
1651,13:02:17,16.34,--,83,135622,卖盘
1652,13:02:11,16.34,-0.01,157,256538,卖盘
1653,13:02:05,16.35,--,10,16350,卖盘
1654,13:01:59,16.35,0.01,172,281220,买盘
1655,13:01:53,16.34,--,4,6536,卖盘
1656,13:01:50,16.34,--,45,73530,卖盘
1657,13:01:47,16.34,-0.01,100,163400,卖盘
1658,13:01:44,16.35,--,5,8175,买盘
1659,13:01:41,16.35,0.01,11,17985,买盘
1660,13:01:35,16.34,-0.01,18,29412,卖盘
1661,13:01:29,16.35,--,34,55590,买盘
1662,13:01:23,16.35,0.01,15,24525,买盘
1663,13:01:20,16.34,--,6,9804,卖盘
1664,13:01:05,16.34,--,99,161766,买盘
1665,13:00:59,16.34,--,30,49020,买盘
1666,13:00:53,16.34,0.01,40,65360,买盘
1667,13:00:47,16.33,-0.01,24,40465,卖盘
1668,13:00:44,16.34,0.01,50,81700,买盘
1669,13:00:38,16.33,--,3,4898,卖盘
1670,13:00:35,16.33,--,11,17962,卖盘
1671,13:00:23,16.33,-0.01,1,1632,卖盘
1672,13:00:14,16.34,--,1,1634,买盘
1673,13:00:11,16.34,--,59,96406,买盘
1674,13:00:05,16.34,-0.02,636,1039224,卖盘
1675,12:59:59,16.36,0.01,245,401883,买盘
1676,11:30:00,16.35,--,12,19620,卖盘
1677,11:29:57,16.35,-0.01,1,1635,卖盘
1678,11:29:45,16.36,0.01,5,8180,买盘
1679,11:29:42,16.35,--,5,8175,卖盘
1680,11:29:36,16.35,--,10,16350,卖盘
1681,11:29:33,16.35,--,4,6540,卖盘
1682,11:29:30,16.35,-0.01,21,34335,卖盘
1683,11:29:24,16.36,0.01,2,3272,买盘
1684,11:29:21,16.35,--,8,13848,卖盘
1685,11:29:18,16.35,--,51,83385,卖盘
1686,11:29:12,16.35,-0.01,60,98100,卖盘
1687,11:29:09,16.36,--,1,1636,买盘
1688,11:29:06,16.36,0.01,54,88344,买盘
1689,11:29:03,16.35,-0.01,99,161865,卖盘
1690,11:28:57,16.36,0.01,84,137424,买盘
1691,11:28:51,16.35,--,11,17985,卖盘
1692,11:28:48,16.35,--,12,19620,卖盘
1693,11:28:45,16.35,-0.01,4,6540,卖盘
1694,11:28:39,16.36,--,9,14724,买盘
1695,11:28:36,16.36,0.01,1,1636,买盘
1696,11:28:33,16.35,-0.01,3,6343,卖盘
1697,11:28:30,16.36,--,33,53988,买盘
1698,11:28:24,16.36,0.01,19,31084,买盘
1699,11:28:18,16.35,-0.01,7,11445,卖盘
1700,11:28:12,16.36,0.01,62,101432,买盘
1701,11:28:06,16.35,--,2,3270,卖盘
1702,11:28:03,16.35,--,6,9810,卖盘
1703,11:27:57,16.35,-0.01,6,9810,卖盘
1704,11:27:54,16.36,0.01,104,171256,买盘
1705,11:27:48,16.35,--,17,28334,卖盘
1706,11:27:45,16.35,--,65,106275,卖盘
1707,11:27:42,16.35,-0.01,4,6540,卖盘
1708,11:27:39,16.36,0.01,14,22904,买盘
1709,11:27:36,16.35,--,67,109545,卖盘
1710,11:27:27,16.35,--,2,3270,卖盘
1711,11:27:21,16.35,-0.01,21,34335,卖盘
1712,11:27:15,16.36,--,46,75256,买盘
1713,11:27:09,16.36,0.01,10,16360,买盘
1714,11:27:06,16.35,-0.01,4,6540,卖盘
1715,11:27:03,16.36,0.01,10,16360,买盘
1716,11:27:00,16.35,--,26,42510,卖盘
1717,11:26:54,16.35,--,12,20224,卖盘
1718,11:26:51,16.35,-0.01,1,1635,卖盘
1719,11:26:48,16.36,--,1,1636,买盘
1720,11:26:42,16.36,0.01,15,24540,买盘
1721,11:26:39,16.35,--,4,6540,卖盘
1722,11:26:36,16.35,--,2,3270,卖盘
1723,11:26:24,16.35,-0.01,16,26160,卖盘
1724,11:26:21,16.36,0.01,2,3272,买盘
1725,11:26:18,16.35,-0.01,11,17985,卖盘
1726,11:26:15,16.36,--,2,3272,买盘
1727,11:26:12,16.36,0.01,1,1636,买盘
1728,11:26:06,16.35,--,33,53955,卖盘
1729,11:26:03,16.35,--,4,6540,卖盘
1730,11:25:54,16.35,0.01,584,955330,买盘
1731,11:25:48,16.34,--,22,35948,卖盘
1732,11:25:45,16.34,-0.01,6,9804,卖盘
1733,11:25:39,16.35,0.01,32,52320,买盘
1734,11:25:36,16.34,--,2,3268,卖盘
1735,11:25:33,16.34,-0.01,15,24510,卖盘
1736,11:25:30,16.35,0.01,35,57225,买盘
1737,11:25:27,16.34,--,3,6454,卖盘
1738,11:25:21,16.34,--,91,148694,卖盘
1739,11:25:15,16.34,--,1,1634,卖盘
1740,11:25:09,16.34,--,6,9804,卖盘
1741,11:25:06,16.34,-0.01,35,57190,卖盘
1742,11:25:00,16.35,0.01,5,8175,买盘
1743,11:24:57,16.34,-0.01,8,13072,卖盘
1744,11:24:54,16.35,0.01,50,81750,买盘
1745,11:24:48,16.34,--,43,70262,卖盘
1746,11:24:45,16.34,--,110,179740,卖盘
1747,11:24:39,16.34,--,10,16340,卖盘
1748,11:24:36,16.34,--,50,81700,卖盘
1749,11:24:33,16.34,--,1,1634,卖盘
1750,11:24:27,16.34,--,4,6536,卖盘
1751,11:24:18,16.34,--,55,89870,买盘
1752,11:24:15,16.34,--,16,26144,买盘
1753,11:24:12,16.34,0.01,9,14706,买盘
1754,11:24:06,16.33,-0.01,13,21228,卖盘
1755,11:24:03,16.34,--,8,13072,买盘
1756,11:24:00,16.34,--,18,29412,买盘
1757,11:23:57,16.34,-0.01,29,47386,中性盘
1758,11:23:54,16.35,0.01,64,104640,买盘
1759,11:23:51,16.34,--,1,1634,买盘
1760,11:23:48,16.34,--,50,81700,买盘
1761,11:23:45,16.34,--,46,76307,卖盘
1762,11:23:36,16.34,--,1,1634,卖盘
1763,11:23:33,16.34,--,16,26634,买盘
1764,11:23:30,16.34,--,9,14706,买盘
1765,11:23:27,16.34,--,1,1634,买盘
1766,11:23:24,16.34,--,10,16340,买盘
1767,11:23:21,16.34,--,4,6536,买盘
1768,11:23:18,16.34,--,3,4902,买盘
1769,11:23:15,16.34,--,63,102942,买盘
1770,11:23:12,16.34,0.01,38,62092,买盘
1771,11:23:09,16.33,--,19,31026,卖盘
1772,11:23:06,16.33,-0.01,1,1632,卖盘
1773,11:23:00,16.34,0.01,12,19608,买盘
1774,11:22:57,16.33,-0.01,13,21228,卖盘
1775,11:22:54,16.34,0.01,42,68628,买盘
1776,11:22:51,16.33,--,9,14696,卖盘
1777,11:22:48,16.33,--,19,31026,卖盘
1778,11:22:45,16.33,--,4,6531,卖盘
1779,11:22:42,16.33,--,115,187794,卖盘
1780,11:22:39,16.33,--,24,39191,卖盘
1781,11:22:36,16.33,--,1,1632,卖盘
1782,11:22:30,16.33,--,6,9797,卖盘
1783,11:22:24,16.33,--,21,35632,买盘
1784,11:22:21,16.33,0.01,14,22861,买盘
1785,11:22:18,16.32,-0.01,146,238272,卖盘
1786,11:22:15,16.33,--,35,57448,卖盘
1787,11:22:12,16.33,--,3,6238,卖盘
1788,11:22:09,16.33,-0.01,1,1632,卖盘
1789,11:22:06,16.34,0.01,4,6536,买盘
1790,11:22:03,16.33,--,1,1632,卖盘
1791,11:21:57,16.33,--,36,58787,卖盘
1792,11:21:54,16.33,--,59,96346,买盘
1793,11:21:51,16.33,0.01,14,22861,买盘
1794,11:21:48,16.32,-0.01,134,218688,卖盘
1795,11:21:45,16.33,--,28,45723,买盘
1796,11:21:42,16.33,0.01,69,112676,买盘
1797,11:21:39,16.32,-0.01,14,22848,卖盘
1798,11:21:36,16.33,--,2,3265,买盘
1799,11:21:33,16.33,--,7,11430,买盘
1800,11:21:30,16.33,--,34,55521,买盘
1801,11:21:27,16.33,0.01,12,19595,买盘
1802,11:21:18,16.32,-0.01,8,13056,卖盘
1803,11:21:15,16.33,--,5,8164,买盘
1804,11:21:12,16.33,0.01,1,1632,买盘
1805,11:21:06,16.32,-0.01,4,6528,卖盘
1806,11:21:03,16.33,0.01,15,24494,买盘
1807,11:20:54,16.32,-0.01,25,40800,卖盘
1808,11:20:48,16.33,--,24,39894,卖盘
1809,11:20:45,16.33,--,7,11430,卖盘
1810,11:20:39,16.33,--,3,4898,卖盘
1811,11:20:36,16.33,-0.01,1,1632,卖盘
1812,11:20:33,16.34,--,2,3268,买盘
1813,11:20:27,16.34,-0.01,27,44118,卖盘
1814,11:20:15,16.35,--,18,29430,买盘
1815,11:20:06,16.35,0.01,1,1635,买盘
1816,11:20:03,16.34,-0.01,6,9804,卖盘
1817,11:19:57,16.35,--,40,65400,买盘
1818,11:19:54,16.35,0.02,3,4905,买盘
1819,11:19:48,16.33,-0.01,115,187794,卖盘
1820,11:19:42,16.34,0.01,2,3268,买盘
1821,11:19:39,16.33,-0.01,16,26127,卖盘
1822,11:19:36,16.34,0.01,21,34314,买盘
1823,11:19:30,16.33,-0.01,10,16329,卖盘
1824,11:19:27,16.34,0.01,3,4902,买盘
1825,11:19:24,16.33,-0.01,4,6531,卖盘
1826,11:19:21,16.34,-0.01,23,37582,中性盘
1827,11:19:18,16.35,0.02,2,3270,买盘
1828,11:19:15,16.33,--,23,38114,卖盘
1829,11:19:12,16.33,-0.01,15,24494,卖盘
1830,11:19:09,16.34,-0.01,19,31046,卖盘
1831,11:19:06,16.35,--,1,1635,卖盘
1832,11:19:00,16.35,0.01,1,1635,买盘
1833,11:18:57,16.34,--,9,14706,卖盘
1834,11:18:54,16.34,0.01,6,9804,卖盘
1835,11:18:45,16.33,-0.01,7,11430,卖盘
1836,11:18:42,16.34,0.01,78,128889,买盘
1837,11:18:39,16.33,-0.01,12,19595,卖盘
1838,11:18:33,16.34,-0.01,389,635822,卖盘
1839,11:18:30,16.35,--,27,44145,卖盘
1840,11:18:27,16.35,--,52,85297,买盘
1841,11:18:24,16.35,0.01,22,35970,买盘
1842,11:18:21,16.34,-0.01,70,114380,卖盘
1843,11:18:17,16.35,0.01,10,16350,买盘
1844,11:18:11,16.34,-0.01,45,73530,卖盘
1845,11:18:08,16.35,--,55,91282,卖盘
1846,11:18:05,16.35,0.01,18,29707,买盘
1847,11:17:56,16.34,-0.01,14,22876,卖盘
1848,11:17:53,16.35,--,12,19620,买盘
1849,11:17:44,16.35,0.01,30,49050,买盘
1850,11:17:41,16.34,--,4,6536,卖盘
1851,11:17:38,16.34,0.01,37,61618,买盘
1852,11:17:35,16.33,--,10,16329,卖盘
1853,11:17:32,16.33,--,53,86548,卖盘
1854,11:17:26,16.33,-0.01,11,17962,卖盘
1855,11:17:23,16.34,0.01,27,45604,买盘
1856,11:17:14,16.33,--,32,52255,卖盘
1857,11:17:11,16.33,--,52,84915,卖盘
1858,11:17:08,16.33,--,6,9797,卖盘
1859,11:17:05,16.33,--,286,467854,买盘
1860,11:17:02,16.33,--,5,8164,买盘
1861,11:16:59,16.33,0.01,12,19595,买盘
1862,11:16:56,16.32,--,39,63648,卖盘
1863,11:16:53,16.32,--,149,243168,卖盘
1864,11:16:50,16.32,--,149,243396,买盘
1865,11:16:47,16.32,--,73,119136,买盘
1866,11:16:44,16.32,--,128,208896,买盘
1867,11:16:38,16.32,--,98,159936,买盘
1868,11:16:35,16.32,--,6,9792,买盘
1869,11:16:29,16.32,--,28,45696,买盘
1870,11:16:26,16.32,--,94,153408,买盘
1871,11:16:23,16.32,0.01,297,484704,买盘
1872,11:16:17,16.31,--,47,76657,卖盘
1873,11:16:14,16.31,-0.01,27,44037,卖盘
1874,11:16:11,16.32,0.01,78,127296,买盘
1875,11:16:08,16.31,--,11,17941,卖盘
1876,11:16:05,16.31,--,16,26829,卖盘
1877,11:16:02,16.31,--,18,29357,卖盘
1878,11:15:59,16.31,-0.01,87,141897,卖盘
1879,11:15:53,16.32,0.01,66,107712,买盘
1880,11:15:50,16.31,-0.01,68,110907,卖盘
1881,11:15:44,16.32,0.01,108,176256,买盘
1882,11:15:41,16.31,--,58,94597,卖盘
1883,11:15:38,16.31,--,27,44037,卖盘
1884,11:15:35,16.31,--,50,81550,卖盘
1885,11:15:29,16.31,--,69,112538,卖盘
1886,11:15:26,16.31,--,170,277270,卖盘
1887,11:15:20,16.31,--,14,22834,卖盘
1888,11:15:17,16.31,--,52,84812,卖盘
1889,11:15:14,16.31,-0.01,38,61977,卖盘
1890,11:15:11,16.32,--,66,107712,买盘
1891,11:15:08,16.32,--,40,65280,买盘
1892,11:15:05,16.32,0.01,31,50592,买盘
1893,11:15:02,16.31,-0.01,128,210170,卖盘
1894,11:14:59,16.32,--,37,60384,卖盘
1895,11:14:56,16.32,--,36,58752,卖盘
1896,11:14:53,16.32,--,14,22848,卖盘
1897,11:14:50,16.32,--,68,110976,卖盘
1898,11:14:47,16.32,--,17,29049,卖盘
1899,11:14:44,16.32,--,66,107712,卖盘
1900,11:14:41,16.32,-0.01,298,486336,卖盘
1901,11:14:38,16.33,0.01,8,13063,买盘
1902,11:14:35,16.32,--,200,326400,卖盘
1903,11:14:32,16.32,--,52,84864,卖盘
1904,11:14:29,16.32,--,170,277994,卖盘
1905,11:14:26,16.32,--,49,79968,卖盘
1906,11:14:20,16.32,-0.01,24,39168,卖盘
1907,11:14:17,16.33,--,51,83282,买盘
1908,11:14:11,16.33,--,267,436827,卖盘
1909,11:14:08,16.33,--,20,32659,卖盘
1910,11:14:05,16.33,--,87,142070,卖盘
1911,11:14:02,16.33,--,4,6531,卖盘
1912,11:13:59,16.33,--,132,215555,卖盘
1913,11:13:56,16.33,--,19,31026,卖盘
1914,11:13:50,16.33,--,65,106683,卖盘
1915,11:13:47,16.33,-0.01,16,26127,卖盘
1916,11:13:44,16.34,--,8,13072,买盘
1917,11:13:38,16.34,--,45,74003,卖盘
1918,11:13:35,16.34,--,5,8170,卖盘
1919,11:13:32,16.34,-0.01,5,8170,卖盘
1920,11:13:29,16.35,0.01,8,13080,买盘
1921,11:13:26,16.34,--,2,3268,卖盘
1922,11:13:23,16.34,-0.02,310,506589,卖盘
1923,11:13:17,16.36,0.01,18,30200,买盘
1924,11:13:11,16.35,--,55,89925,卖盘
1925,11:13:08,16.35,-0.01,50,81750,卖盘
1926,11:13:05,16.36,0.01,109,178389,买盘
1927,11:13:02,16.35,--,180,294300,卖盘
1928,11:12:56,16.35,--,6,9810,卖盘
1929,11:12:50,16.35,--,290,474918,卖盘
1930,11:12:47,16.35,-0.01,4,6540,卖盘
1931,11:12:44,16.36,--,18,29448,买盘
1932,11:12:41,16.36,--,12,19632,买盘
1933,11:12:38,16.36,--,6,9816,买盘
1934,11:12:35,16.36,--,27,44172,买盘
1935,11:12:32,16.36,0.01,57,93252,买盘
1936,11:12:29,16.35,--,18,29430,卖盘
1937,11:12:26,16.35,-0.01,1,1635,卖盘
1938,11:12:20,16.36,-0.01,223,365711,卖盘
1939,11:12:14,16.37,0.01,5,8185,买盘
1940,11:12:11,16.36,-0.01,10,16360,卖盘
1941,11:12:08,16.37,0.01,10,16370,买盘
1942,11:12:02,16.36,--,1,1636,卖盘
1943,11:11:56,16.36,--,8,13088,卖盘
1944,11:11:53,16.36,--,4,6544,卖盘
1945,11:11:47,16.36,--,27,44172,卖盘
1946,11:11:44,16.36,-0.01,58,94888,卖盘
1947,11:11:35,16.37,0.01,10,16370,买盘
1948,11:11:29,16.36,-0.01,12,19632,卖盘
1949,11:11:26,16.37,--,14,22918,买盘
1950,11:11:23,16.37,0.01,3,4911,买盘
1951,11:11:20,16.36,--,7,11452,卖盘
1952,11:11:17,16.36,--,17,27812,卖盘
1953,11:11:14,16.36,--,6,10159,卖盘
1954,11:11:11,16.36,--,150,245400,卖盘
1955,11:11:08,16.36,--,13,21268,卖盘
1956,11:11:02,16.36,-0.01,11,17996,卖盘
1957,11:10:59,16.37,0.01,10,16370,买盘
1958,11:10:53,16.36,--,22,35992,卖盘
1959,11:10:50,16.36,-0.01,2,3272,卖盘
1960,11:10:41,16.37,0.01,20,32740,买盘
1961,11:10:38,16.36,--,3,5317,买盘
1962,11:10:35,16.36,-0.01,6,11043,卖盘
1963,11:10:26,16.37,0.01,9,14733,买盘
1964,11:10:23,16.36,--,10,16360,卖盘
1965,11:10:20,16.36,--,12,19632,卖盘
1966,11:10:17,16.36,--,40,65440,卖盘
1967,11:10:11,16.36,--,51,83436,卖盘
1968,11:10:05,16.36,--,56,91616,卖盘
1969,11:10:02,16.36,--,13,22854,卖盘
1970,11:09:53,16.36,-0.01,21,34356,卖盘
1971,11:09:47,16.37,0.01,30,49110,买盘
1972,11:09:38,16.36,-0.01,16,26176,卖盘
1973,11:09:32,16.37,0.01,2,3274,买盘
1974,11:09:23,16.36,-0.01,1,1636,卖盘
1975,11:09:20,16.37,--,54,88398,卖盘
1976,11:09:14,16.37,--,21,34377,卖盘
1977,11:09:05,16.37,0.01,62,101494,买盘
1978,11:09:02,16.36,--,6,10274,卖盘
1979,11:08:59,16.36,--,14,22904,卖盘
1980,11:08:56,16.36,-0.01,16,26176,卖盘
1981,11:08:50,16.37,0.01,44,72028,买盘
1982,11:08:47,16.36,-0.01,241,394276,卖盘
1983,11:08:41,16.37,0.01,1,1637,买盘
1984,11:08:38,16.36,--,14,22904,卖盘
1985,11:08:32,16.36,-0.01,5,8180,卖盘
1986,11:08:29,16.37,--,34,55658,卖盘
1987,11:08:23,16.37,--,50,81850,卖盘
1988,11:08:20,16.37,--,37,60569,卖盘
1989,11:08:17,16.37,-0.01,40,65480,卖盘
1990,11:08:14,16.38,0.01,39,63881,买盘
1991,11:08:02,16.37,--,4,6548,卖盘
1992,11:07:56,16.37,-0.01,4,6548,卖盘
1993,11:07:50,16.38,0.01,1,1638,买盘
1994,11:07:41,16.37,--,5,8185,卖盘
1995,11:07:35,16.37,--,1,1637,卖盘
1996,11:07:32,16.37,0.01,15,24555,中性盘
1997,11:07:29,16.36,--,25,40900,卖盘
1998,11:07:20,16.36,-0.01,10,17178,卖盘
1999,11:07:14,16.37,0.01,3,5729,中性盘
2000,11:07:08,16.36,--,5,8180,卖盘
2001,11:07:05,16.36,--,105,171780,卖盘
2002,11:07:02,16.36,-0.01,6,9816,卖盘
2003,11:06:59,16.37,--,3,4911,买盘
2004,11:06:56,16.37,--,121,198077,买盘
2005,11:06:53,16.37,0.01,29,47473,买盘
2006,11:06:44,16.36,--,4,6544,卖盘
2007,11:06:38,16.36,--,20,32720,卖盘
2008,11:06:35,16.36,-0.01,1,1636,卖盘
2009,11:06:29,16.37,0.01,3,4911,买盘
2010,11:06:23,16.36,-0.01,30,49080,卖盘
2011,11:06:20,16.37,--,70,114590,买盘
2012,11:06:14,16.37,--,433,709443,卖盘
2013,11:06:08,16.37,-0.01,25,40925,卖盘
2014,11:06:05,16.38,--,55,90090,买盘
2015,11:06:02,16.38,--,274,448812,买盘
2016,11:05:59,16.38,0.01,100,163800,买盘
2017,11:05:56,16.37,-0.01,4,6548,卖盘
2018,11:05:53,16.38,0.01,21,34398,买盘
2019,11:05:47,16.37,0.01,182,298948,买盘
2020,11:05:41,16.36,-0.01,6,9816,中性盘
2021,11:05:38,16.37,0.01,77,126261,买盘
2022,11:05:35,16.36,--,11,17996,卖盘
2023,11:05:32,16.36,--,2,3272,卖盘
2024,11:05:26,16.36,-0.01,11,17996,卖盘
2025,11:05:23,16.37,--,30,49110,买盘
2026,11:05:20,16.37,0.01,11,18007,买盘
2027,11:05:14,16.36,--,21,35583,卖盘
2028,11:05:05,16.36,--,24,39264,卖盘
2029,11:05:02,16.36,--,13,21268,卖盘
2030,11:04:59,16.36,--,232,379748,买盘
2031,11:04:50,16.36,0.02,32,52352,买盘
2032,11:04:47,16.34,-0.01,29,47386,卖盘
2033,11:04:44,16.35,--,57,94715,买盘
2034,11:04:38,16.35,0.01,6,9810,买盘
2035,11:04:35,16.34,-0.01,19,31046,卖盘
2036,11:04:32,16.35,0.01,26,42510,买盘
2037,11:04:29,16.34,--,6,9804,卖盘
2038,11:04:26,16.34,--,7,11438,卖盘
2039,11:04:23,16.34,-0.01,4,6536,卖盘
2040,11:04:20,16.35,0.01,25,40875,买盘
2041,11:04:14,16.34,--,3,4902,卖盘
2042,11:04:11,16.34,--,7,11438,卖盘
2043,11:04:05,16.34,--,5,8170,卖盘
2044,11:04:02,16.34,--,8,13072,卖盘
2045,11:03:59,16.34,--,4,6536,卖盘
2046,11:03:53,16.34,-0.01,7,11438,卖盘
2047,11:03:50,16.35,0.01,15,24525,买盘
2048,11:03:44,16.34,--,75,122550,卖盘
2049,11:03:41,16.34,--,8,13284,卖盘
2050,11:03:38,16.34,0.01,112,184070,买盘
2051,11:03:35,16.33,-0.01,20,32659,卖盘
2052,11:03:32,16.34,--,2,3268,买盘
2053,11:03:29,16.34,--,121,197714,买盘
2054,11:03:26,16.34,0.01,5,8170,买盘
2055,11:03:23,16.33,-0.01,83,135539,卖盘
2056,11:03:20,16.34,--,239,390803,买盘
2057,11:03:14,16.34,--,25,40850,买盘
2058,11:03:11,16.34,-0.01,44,73252,卖盘
2059,11:03:08,16.35,0.01,2,3270,买盘
2060,11:03:05,16.34,-0.01,23,37582,卖盘
2061,11:02:59,16.35,0.01,12,19620,买盘
2062,11:02:56,16.34,--,92,150328,卖盘
2063,11:02:53,16.34,-0.01,163,266342,卖盘
2064,11:02:50,16.35,--,5,8175,买盘
2065,11:02:38,16.35,--,44,72512,卖盘
2066,11:02:35,16.35,--,178,291030,卖盘
2067,11:02:32,16.35,--,57,93195,卖盘
2068,11:02:29,16.35,-0.01,42,68670,卖盘
2069,11:02:26,16.36,0.01,6,9816,买盘
2070,11:02:23,16.35,-0.01,42,68670,卖盘
2071,11:02:17,16.36,--,2,3272,买盘
2072,11:02:14,16.36,--,254,415544,卖盘
2073,11:02:08,16.36,--,7,11452,卖盘
2074,11:02:05,16.36,-0.01,32,52352,卖盘
2075,11:02:02,16.37,--,36,58932,买盘
2076,11:01:56,16.37,0.01,9,14733,买盘
2077,11:01:53,16.36,-0.01,393,642948,卖盘
2078,11:01:50,16.37,--,6,9822,买盘
2079,11:01:47,16.37,--,2,3274,买盘
2080,11:01:44,16.37,-0.01,38,62615,卖盘
2081,11:01:41,16.38,0.01,25,40950,买盘
2082,11:01:35,16.37,-0.01,11,18007,卖盘
2083,11:01:29,16.38,--,9,14742,买盘
2084,11:01:29,16.38,--,5,8189,买盘
2085,11:01:23,16.38,0.01,38,62243,买盘
2086,11:01:16,16.37,--,24,39288,卖盘
2087,11:01:10,16.37,--,1,1637,卖盘
2088,11:01:04,16.37,--,1,1637,卖盘
2089,11:01:01,16.37,0.01,3,6138,中性盘
2090,11:00:58,16.36,-0.01,420,687120,卖盘
2091,11:00:55,16.37,--,83,135871,买盘
2092,11:00:52,16.37,--,27,44199,买盘
2093,11:00:49,16.37,0.01,1,1637,买盘
2094,11:00:46,16.36,--,21,34356,卖盘
2095,11:00:43,16.36,-0.01,61,99796,卖盘
2096,11:00:37,16.37,0.01,58,94946,买盘
2097,11:00:34,16.36,-0.01,1,1636,卖盘
2098,11:00:31,16.37,0.01,2,3274,买盘
2099,11:00:28,16.36,-0.01,35,57260,卖盘
2100,11:00:22,16.37,--,48,79394,卖盘
2101,11:00:19,16.37,--,1,1637,卖盘
2102,11:00:16,16.37,--,78,127686,卖盘
2103,11:00:10,16.37,0.01,44,72846,买盘
2104,11:00:04,16.36,-0.01,16,26176,卖盘
2105,10:59:58,16.37,0.01,37,60569,买盘
2106,10:59:52,16.36,-0.01,1,1636,买盘
2107,10:59:49,16.37,0.01,5,8185,买盘
2108,10:59:46,16.36,--,16,26994,卖盘
2109,10:59:43,16.36,--,60,98160,卖盘
2110,10:59:40,16.36,--,19,31902,卖盘
2111,10:59:34,16.36,-0.01,6,9816,卖盘
2112,10:59:31,16.37,--,23,37651,买盘
2113,10:59:28,16.37,0.01,5,8185,买盘
2114,10:59:25,16.36,--,2,3272,卖盘
2115,10:59:22,16.36,--,9,14724,卖盘
2116,10:59:19,16.36,-0.01,4,6544,卖盘
2117,10:59:13,16.37,--,10,16370,买盘
2118,10:59:10,16.37,0.01,5,8185,买盘
2119,10:59:07,16.36,--,10,16360,卖盘
2120,10:59:04,16.36,--,1,1636,卖盘
2121,10:59:01,16.36,-0.01,2,3272,卖盘
2122,10:58:58,16.37,0.01,1,1637,中性盘
2123,10:58:46,16.36,-0.02,19,31084,卖盘
2124,10:58:43,16.38,0.01,21,34398,买盘
2125,10:58:40,16.37,-0.01,19,31103,卖盘
2126,10:58:37,16.38,--,105,171990,买盘
2127,10:58:34,16.38,0.01,89,145782,买盘
2128,10:58:28,16.37,--,6,9822,买盘
2129,10:58:25,16.37,0.01,100,163700,买盘
2130,10:58:22,16.36,-0.01,82,134152,卖盘
2131,10:58:19,16.37,--,54,88398,卖盘
2132,10:58:16,16.37,--,23,37651,买盘
2133,10:58:13,16.37,--,30,49110,买盘
2134,10:58:10,16.37,--,9,14733,卖盘
2135,10:58:04,16.37,--,10,16370,卖盘
2136,10:58:01,16.37,--,1,1637,卖盘
2137,10:57:55,16.37,--,1,1637,卖盘
2138,10:57:52,16.37,--,40,65480,卖盘
2139,10:57:49,16.37,--,4,6548,卖盘
2140,10:57:46,16.37,--,11,18007,卖盘
2141,10:57:43,16.37,0.01,49,81178,买盘
2142,10:57:40,16.36,--,16,26176,卖盘
2143,10:57:34,16.36,--,13,21268,卖盘
2144,10:57:31,16.36,--,6,9816,卖盘
2145,10:57:28,16.36,0.01,135,221448,买盘
2146,10:57:22,16.35,--,11,17985,卖盘
2147,10:57:19,16.35,--,16,26160,卖盘
2148,10:57:16,16.35,--,29,47415,卖盘
2149,10:57:13,16.35,-0.01,6,9810,卖盘
2150,10:57:10,16.36,0.01,21,34356,买盘
2151,10:57:04,16.35,--,1,1635,卖盘
2152,10:57:01,16.35,--,64,104640,卖盘
2153,10:56:58,16.35,-0.01,118,192930,卖盘
2154,10:56:52,16.36,0.01,10,16360,买盘
2155,10:56:49,16.35,--,1,1635,卖盘
2156,10:56:43,16.35,--,4,6540,卖盘
2157,10:56:40,16.35,--,35,57225,卖盘
2158,10:56:37,16.35,-0.01,20,32700,卖盘
2159,10:56:31,16.36,0.01,86,140696,买盘
2160,10:56:31,16.35,--,35,57225,卖盘
2161,10:56:25,16.35,-0.01,30,49050,卖盘
2162,10:56:22,16.36,--,289,472804,买盘
2163,10:56:19,16.36,0.01,21,34356,买盘
2164,10:56:13,16.35,-0.01,3,4905,卖盘
2165,10:56:10,16.36,0.01,18,30527,买盘
2166,10:56:07,16.35,-0.01,15,24525,卖盘
2167,10:56:04,16.36,--,28,45808,买盘
2168,10:56:01,16.36,--,4,6544,买盘
2169,10:55:58,16.36,--,11,17996,买盘
2170,10:55:55,16.36,--,13,21268,买盘
2171,10:55:49,16.36,--,21,34356,买盘
2172,10:55:43,16.36,--,14,22904,卖盘
2173,10:55:34,16.36,--,30,49080,卖盘
2174,10:55:31,16.36,-0.02,22,35992,卖盘
2175,10:55:25,16.38,0.03,21,34398,买盘
2176,10:55:19,16.35,-0.03,19,31065,卖盘
2177,10:55:13,16.38,0.03,1,1638,买盘
2178,10:55:10,16.35,-0.01,12,19685,卖盘
2179,10:55:07,16.36,-0.01,75,124270,卖盘
2180,10:55:04,16.37,0.01,1,1637,中性盘
2181,10:54:58,16.36,--,10,16360,卖盘
2182,10:54:55,16.36,-0.01,11,18126,卖盘
2183,10:54:52,16.37,--,23,37651,买盘
2184,10:54:46,16.37,--,20,32740,买盘
2185,10:54:43,16.37,-0.01,35,57295,卖盘
2186,10:54:31,16.38,--,285,466830,买盘
2187,10:54:28,16.38,0.02,241,394758,买盘
2188,10:54:25,16.36,-0.01,20,32720,卖盘
2189,10:54:22,16.37,--,17,27829,卖盘
2190,10:54:19,16.37,-0.01,6,9822,卖盘
2191,10:54:16,16.38,--,36,58968,买盘
2192,10:54:10,16.38,0.01,5,8189,买盘
2193,10:54:07,16.37,0.02,175,288046,买盘
2194,10:54:01,16.35,--,33,53955,卖盘
2195,10:53:58,16.35,--,199,325365,卖盘
2196,10:53:55,16.35,-0.02,1,1635,中性盘
2197,10:53:49,16.37,--,16,26192,买盘
2198,10:53:46,16.37,0.02,62,101494,买盘
2199,10:53:40,16.35,--,2,3270,卖盘
2200,10:53:37,16.35,--,7,11445,卖盘
2201,10:53:34,16.35,0.01,8,13357,中性盘
2202,10:53:22,16.34,0.01,57,93138,中性盘
2203,10:53:19,16.33,--,39,63686,卖盘
2204,10:53:16,16.33,-0.02,57,93080,中性盘
2205,10:53:13,16.35,0.02,179,292665,买盘
2206,10:53:07,16.33,--,122,199225,卖盘
2207,10:53:01,16.33,--,44,71851,卖盘
2208,10:52:55,16.33,--,17,27760,卖盘
2209,10:52:52,16.33,--,57,93080,卖盘
2210,10:52:49,16.33,-0.01,30,48989,卖盘
2211,10:52:43,16.34,0.01,25,40850,买盘
2212,10:52:40,16.33,0.01,16,26127,卖盘
2213,10:52:37,16.32,-0.01,31,50592,卖盘
2214,10:52:34,16.33,--,77,125740,卖盘
2215,10:52:31,16.33,--,29,47356,卖盘
2216,10:52:28,16.33,--,23,37558,卖盘
2217,10:52:25,16.33,0.01,181,295572,买盘
2218,10:52:22,16.32,--,107,175325,卖盘
2219,10:52:16,16.32,--,33,53856,卖盘
2220,10:52:10,16.32,--,227,370464,卖盘
2221,10:52:07,16.32,--,38,62016,卖盘
2222,10:52:04,16.32,--,1,1632,卖盘
2223,10:52:01,16.32,--,24,39168,卖盘
2224,10:51:58,16.32,-0.02,50,81600,卖盘
2225,10:51:55,16.34,0.02,25,40850,买盘
2226,10:51:52,16.32,-0.01,226,368832,卖盘
2227,10:51:49,16.33,-0.01,194,316801,卖盘
2228,10:51:46,16.34,0.01,157,256538,买盘
2229,10:51:43,16.33,--,22,35925,卖盘
2230,10:51:40,16.33,--,8,13063,卖盘
2231,10:51:37,16.33,-0.01,34,55521,卖盘
2232,10:51:34,16.34,--,32,52288,买盘
2233,10:51:31,16.34,--,10,16340,买盘
2234,10:51:28,16.34,--,317,519317,卖盘
2235,10:51:22,16.34,-0.01,70,114380,卖盘
2236,10:51:19,16.35,0.01,10,16350,买盘
2237,10:51:13,16.34,--,100,163400,卖盘
2238,10:51:10,16.34,-0.01,665,1086855,卖盘
2239,10:51:04,16.35,-0.01,122,199470,卖盘
2240,10:51:01,16.36,0.01,9,14724,买盘
2241,10:50:58,16.35,-0.01,50,81750,卖盘
2242,10:50:55,16.36,--,3,4908,买盘
2243,10:50:52,16.36,--,23,37628,买盘
2244,10:50:49,16.36,--,238,389433,卖盘
2245,10:50:46,16.36,--,12,19632,卖盘
2246,10:50:43,16.36,--,8,13088,卖盘
2247,10:50:40,16.36,-0.01,13,21268,卖盘
2248,10:50:37,16.37,0.01,12,19644,买盘
2249,10:50:34,16.36,--,12,19746,卖盘
2250,10:50:31,16.36,--,9,14724,卖盘
2251,10:50:28,16.36,--,63,103068,卖盘
2252,10:50:22,16.36,--,50,81800,卖盘
2253,10:50:19,16.36,--,12,19632,卖盘
2254,10:50:16,16.36,--,5,8180,卖盘
2255,10:50:13,16.36,--,21,34356,卖盘
2256,10:50:10,16.36,--,20,32720,卖盘
2257,10:50:07,16.36,--,2,3272,卖盘
2258,10:50:04,16.36,--,59,97767,卖盘
2259,10:49:55,16.36,--,54,88344,卖盘
2260,10:49:52,16.36,--,21,34356,卖盘
2261,10:49:49,16.36,--,23,37628,卖盘
2262,10:49:46,16.36,--,2,3272,卖盘
2263,10:49:43,16.36,--,42,68712,卖盘
2264,10:49:40,16.36,-0.01,66,107976,卖盘
2265,10:49:37,16.37,0.01,1,1637,买盘
2266,10:49:34,16.36,-0.01,5,8180,卖盘
2267,10:49:31,16.37,0.01,10,16370,买盘
2268,10:49:28,16.36,-0.01,50,81800,卖盘
2269,10:49:25,16.37,-0.01,126,206654,卖盘
2270,10:49:22,16.38,0.01,39,63881,买盘
2271,10:49:19,16.37,--,1,1637,卖盘
2272,10:49:13,16.37,--,4,6548,卖盘
2273,10:49:10,16.37,-0.01,6,9822,卖盘
2274,10:49:07,16.38,--,19,31121,买盘
2275,10:48:58,16.38,--,0,1228,卖盘
2276,10:48:55,16.38,--,90,147420,卖盘
2277,10:48:52,16.38,-0.01,57,93366,卖盘
2278,10:48:49,16.39,--,37,60643,买盘
2279,10:48:40,16.39,0.01,4,6556,买盘
2280,10:48:37,16.38,--,51,83538,卖盘
2281,10:48:34,16.38,--,2,3276,卖盘
2282,10:48:31,16.38,-0.01,2,3276,卖盘
2283,10:48:28,16.39,0.01,2,3278,中性盘
2284,10:48:25,16.38,-0.01,41,67158,卖盘
2285,10:48:13,16.39,0.01,5,8195,卖盘
2286,10:48:10,16.38,--,89,146404,卖盘
2287,10:48:04,16.38,-0.01,11,18018,卖盘
2288,10:48:01,16.39,0.01,8,13112,买盘
2289,10:47:58,16.38,-0.01,4,6552,卖盘
2290,10:47:55,16.39,0.01,23,37697,买盘
2291,10:47:52,16.38,-0.01,39,63881,卖盘
2292,10:47:49,16.39,--,15,24585,买盘
2293,10:47:46,16.39,0.01,22,36058,买盘
2294,10:47:40,16.38,--,10,16379,卖盘
2295,10:47:34,16.38,-0.01,9,14742,卖盘
2296,10:47:31,16.39,0.01,48,78672,买盘
2297,10:47:28,16.38,-0.01,75,122849,卖盘
2298,10:47:25,16.39,0.01,1,1639,买盘
2299,10:47:22,16.38,--,9,14742,卖盘
2300,10:47:16,16.38,--,10,17805,卖盘
2301,10:47:13,16.38,-0.02,31,50778,卖盘
2302,10:47:10,16.4,0.01,7,11479,买盘
2303,10:47:07,16.39,0.01,12,19668,买盘
2304,10:47:04,16.38,--,14,22932,卖盘
2305,10:47:01,16.38,-0.01,167,273546,卖盘
2306,10:46:58,16.39,0.01,6,9834,买盘
2307,10:46:55,16.38,--,27,44226,卖盘
2308,10:46:52,16.38,--,20,32759,卖盘
2309,10:46:46,16.38,--,14,22932,卖盘
2310,10:46:43,16.38,0.01,142,232596,买盘
2311,10:46:37,16.37,--,124,202988,卖盘
2312,10:46:34,16.37,--,5,8185,卖盘
2313,10:46:31,16.37,-0.01,10,16370,卖盘
2314,10:46:25,16.38,--,14,22932,买盘
2315,10:46:19,16.38,--,33,54054,买盘
2316,10:46:16,16.38,--,1,1638,买盘
2317,10:46:13,16.38,--,6,9828,买盘
2318,10:46:10,16.38,-0.01,16,26208,卖盘
2319,10:46:07,16.39,0.01,10,16390,买盘
2320,10:46:04,16.38,--,15,24570,买盘
2321,10:46:01,16.38,--,21,34398,卖盘
2322,10:45:58,16.38,0.01,5,8189,卖盘
2323,10:45:55,16.37,-0.01,30,49110,卖盘
2324,10:45:52,16.38,-0.01,5,8189,中性盘
2325,10:45:49,16.39,0.01,160,262240,买盘
2326,10:45:46,16.38,-0.01,26,42588,买盘
2327,10:45:40,16.39,0.01,26,42614,买盘
2328,10:45:37,16.38,--,326,534692,卖盘
2329,10:45:34,16.38,--,1,1638,卖盘
2330,10:45:31,16.38,--,14,22932,卖盘
2331,10:45:27,16.38,--,262,430089,买盘
2332,10:45:24,16.38,--,5,8189,买盘
2333,10:45:21,16.38,0.01,10,16379,买盘
2334,10:45:15,16.37,-0.01,7,11459,卖盘
2335,10:45:12,16.38,0.01,5,8189,买盘
2336,10:45:09,16.37,--,1,1637,卖盘
2337,10:45:06,16.37,--,1,1637,卖盘
2338,10:45:03,16.37,-0.01,3,4911,卖盘
2339,10:45:00,16.38,0.01,25,40950,买盘
2340,10:44:57,16.37,--,1,1637,卖盘
2341,10:44:54,16.37,-0.01,55,90035,卖盘
2342,10:44:51,16.38,--,30,49140,买盘
2343,10:44:45,16.38,--,22,36036,买盘
2344,10:44:42,16.38,--,8,13104,买盘
2345,10:44:36,16.38,0.01,93,152334,买盘
2346,10:44:33,16.37,-0.01,7,12703,卖盘
2347,10:44:27,16.38,--,3,4914,买盘
2348,10:44:21,16.38,0.01,10,16379,买盘
2349,10:44:18,16.37,--,6,9822,买盘
2350,10:44:15,16.37,--,2,3274,买盘
2351,10:44:12,16.37,--,11,18007,买盘
2352,10:44:06,16.37,--,4,6548,买盘
2353,10:44:00,16.37,0.01,36,58932,中性盘
2354,10:43:54,16.36,-0.01,24,39264,卖盘
2355,10:43:51,16.37,--,56,91884,买盘
2356,10:43:48,16.37,0.01,47,76939,买盘
2357,10:43:45,16.36,--,105,171780,卖盘
2358,10:43:42,16.36,--,9,14724,卖盘
2359,10:43:39,16.36,--,5,8180,卖盘
2360,10:43:36,16.36,--,25,40900,卖盘
2361,10:43:33,16.36,--,6,9816,卖盘
2362,10:43:30,16.36,--,63,103068,卖盘
2363,10:43:27,16.36,--,10,16360,卖盘
2364,10:43:24,16.36,-0.01,20,32720,卖盘
2365,10:43:21,16.37,0.01,25,40925,买盘
2366,10:43:18,16.36,--,120,196320,中性盘
2367,10:43:12,16.36,0.01,21,34356,中性盘
2368,10:43:09,16.35,-0.01,84,137340,卖盘
2369,10:43:06,16.36,--,87,142332,卖盘
2370,10:43:03,16.36,--,47,76892,买盘
2371,10:43:00,16.36,--,47,76892,买盘
2372,10:42:54,16.36,--,262,428632,买盘
2373,10:42:51,16.36,--,7,11452,买盘
2374,10:42:48,16.36,0.01,6,9816,买盘
2375,10:42:45,16.35,--,107,174945,卖盘
2376,10:42:42,16.35,--,3,5722,卖盘
2377,10:42:36,16.35,--,22,35970,卖盘
2378,10:42:33,16.35,0.01,66,108776,买盘
2379,10:42:30,16.34,-0.01,74,120916,卖盘
2380,10:42:27,16.35,--,45,73575,买盘
2381,10:42:24,16.35,0.01,21,34335,买盘
2382,10:42:21,16.34,-0.01,54,88236,卖盘
2383,10:42:18,16.35,0.01,296,483960,买盘
2384,10:42:15,16.34,--,66,107844,买盘
2385,10:42:12,16.34,--,81,132354,卖盘
2386,10:42:09,16.34,-0.01,24,39216,卖盘
2387,10:42:06,16.35,0.01,120,196200,买盘
2388,10:42:03,16.34,--,77,125818,卖盘
2389,10:42:00,16.34,--,52,84968,卖盘
2390,10:41:57,16.34,-0.01,10,16340,卖盘
2391,10:41:54,16.35,0.01,27,44145,买盘
2392,10:41:48,16.34,--,36,58824,卖盘
2393,10:41:45,16.34,-0.02,127,207926,卖盘
2394,10:41:42,16.36,--,172,282619,买盘
2395,10:41:39,16.36,0.01,1,1636,买盘
2396,10:41:36,16.35,-0.01,352,575520,卖盘
2397,10:41:33,16.36,0.01,5,8180,买盘
2398,10:41:30,16.35,-0.01,80,130800,卖盘
2399,10:41:24,16.36,--,143,233948,卖盘
2400,10:41:21,16.36,0.01,7,11452,卖盘
2401,10:41:18,16.35,--,4,6540,卖盘
2402,10:41:15,16.35,-0.02,262,428370,卖盘
2403,10:41:12,16.37,0.01,17,27829,买盘
2404,10:41:09,16.36,0.01,325,531700,买盘
2405,10:41:06,16.35,-0.02,415,678525,卖盘
2406,10:41:03,16.37,0.01,15,24555,买盘
2407,10:41:00,16.36,-0.01,65,106340,中性盘
2408,10:40:57,16.37,0.01,176,288112,买盘
2409,10:40:54,16.36,-0.01,9,14724,卖盘
2410,10:40:48,16.37,0.01,50,81850,买盘
2411,10:40:45,16.36,--,33,53988,卖盘
2412,10:40:36,16.36,--,30,49080,卖盘
2413,10:40:33,16.36,-0.01,12,19632,卖盘
2414,10:40:30,16.37,0.01,39,63843,买盘
2415,10:40:27,16.36,-0.01,8,13088,卖盘
2416,10:40:24,16.37,0.01,2,3274,买盘
2417,10:40:21,16.36,--,20,32720,卖盘
2418,10:40:18,16.36,-0.01,46,75256,卖盘
2419,10:40:15,16.37,0.01,34,55658,买盘
2420,10:40:12,16.36,--,108,176688,卖盘
2421,10:40:09,16.36,-0.01,8,13088,卖盘
2422,10:40:06,16.37,--,17,27829,买盘
2423,10:40:03,16.37,0.01,32,52384,买盘
2424,10:40:00,16.36,-0.01,114,186504,卖盘
2425,10:39:57,16.37,0.01,36,58932,买盘
2426,10:39:54,16.36,--,59,96524,卖盘
2427,10:39:51,16.36,-0.01,8,13088,卖盘
2428,10:39:48,16.37,0.01,12,19644,买盘
2429,10:39:45,16.36,--,34,55624,卖盘
2430,10:39:42,16.36,-0.01,5,8180,卖盘
2431,10:39:39,16.37,0.01,87,142419,买盘
2432,10:39:36,16.36,-0.01,31,50716,卖盘
2433,10:39:30,16.37,0.01,12,19644,买盘
2434,10:39:27,16.36,-0.01,50,81800,卖盘
2435,10:39:24,16.37,--,236,387559,卖盘
2436,10:39:21,16.37,--,6,9822,卖盘
2437,10:39:18,16.37,--,30,49110,卖盘
2438,10:39:15,16.37,-0.01,17,27829,卖盘
2439,10:39:12,16.38,0.01,10,16379,买盘
2440,10:39:09,16.37,-0.01,9,16189,卖盘
2441,10:39:06,16.38,0.01,5,8189,买盘
2442,10:39:03,16.37,--,6,9822,卖盘
2443,10:39:00,16.37,-0.02,82,134234,卖盘
2444,10:38:57,16.39,--,7,11473,买盘
2445,10:38:54,16.39,0.01,14,22946,买盘
2446,10:38:48,16.38,0.01,27,44226,中性盘
2447,10:38:45,16.37,-0.01,54,88398,卖盘
2448,10:38:42,16.38,--,31,51367,卖盘
2449,10:38:36,16.38,0.01,33,54054,买盘
2450,10:38:33,16.37,--,22,36014,卖盘
2451,10:38:30,16.37,-0.01,46,75302,卖盘
2452,10:38:27,16.38,--,80,131039,买盘
2453,10:38:21,16.38,--,56,91728,买盘
2454,10:38:18,16.38,--,10,16379,买盘
2455,10:38:15,16.38,--,39,63881,买盘
2456,10:38:12,16.38,--,28,45864,买盘
2457,10:38:09,16.38,--,5,8189,买盘
2458,10:38:06,16.38,0.01,5,8189,买盘
2459,10:38:03,16.37,-0.01,208,340496,卖盘
2460,10:38:00,16.38,--,27,44226,买盘
2461,10:37:57,16.38,--,4,6552,买盘
2462,10:37:54,16.38,--,5,8189,买盘
2463,10:37:48,16.38,--,119,194922,卖盘
2464,10:37:45,16.38,--,19,31121,卖盘
2465,10:37:42,16.38,--,48,78624,卖盘
2466,10:37:39,16.38,--,41,67158,卖盘
2467,10:37:33,16.38,--,21,34398,卖盘
2468,10:37:30,16.38,-0.01,26,42588,卖盘
2469,10:37:27,16.39,0.01,82,134398,买盘
2470,10:37:24,16.38,--,32,52416,卖盘
2471,10:37:21,16.38,-0.01,4,6552,卖盘
2472,10:37:18,16.39,0.01,10,16390,买盘
2473,10:37:12,16.38,--,10,16379,卖盘
2474,10:37:09,16.38,--,8,13104,卖盘
2475,10:37:06,16.38,-0.01,11,18018,卖盘
2476,10:37:03,16.39,0.01,33,54087,买盘
2477,10:36:57,16.38,--,34,55692,卖盘
2478,10:36:54,16.38,--,36,58968,卖盘
2479,10:36:51,16.38,--,37,60605,卖盘
2480,10:36:48,16.38,--,10,16379,卖盘
2481,10:36:45,16.38,--,4,6552,卖盘
2482,10:36:42,16.38,-0.01,46,75348,卖盘
2483,10:36:39,16.39,--,7,11473,买盘
2484,10:36:36,16.39,--,13,21307,买盘
2485,10:36:33,16.39,0.01,162,266747,买盘
2486,10:36:27,16.38,--,78,127763,卖盘
2487,10:36:24,16.38,-0.01,68,111384,卖盘
2488,10:36:21,16.39,0.01,40,65560,买盘
2489,10:36:18,16.38,--,18,29484,卖盘
2490,10:36:15,16.38,--,34,55692,卖盘
2491,10:36:12,16.38,-0.01,44,72072,卖盘
2492,10:36:03,16.39,0.01,16,27666,买盘
2493,10:36:00,16.38,-0.01,26,42588,卖盘
2494,10:35:57,16.39,0.01,44,72116,买盘
2495,10:35:51,16.38,--,2,3276,卖盘
2496,10:35:48,16.38,--,54,89058,卖盘
2497,10:35:45,16.38,0.01,368,602784,卖盘
2498,10:35:42,16.37,-0.01,83,135871,卖盘
2499,10:35:39,16.38,--,257,420966,买盘
2500,10:35:36,16.38,0.01,5,8189,买盘
2501,10:35:33,16.37,--,6,9822,中性盘
2502,10:35:27,16.37,0.01,24,39288,买盘
2503,10:35:24,16.36,--,291,476583,买盘
2504,10:35:21,16.36,0.01,22,35992,买盘
2505,10:35:18,16.35,--,348,568980,卖盘
2506,10:35:15,16.35,-0.01,83,135705,卖盘
2507,10:35:12,16.36,0.01,148,242128,买盘
2508,10:35:09,16.35,-0.01,98,160230,卖盘
2509,10:35:06,16.36,0.02,315,515340,买盘
2510,10:35:03,16.34,-0.01,28,45752,卖盘
2511,10:34:57,16.35,--,95,155325,买盘
2512,10:34:54,16.35,--,30,49050,买盘
2513,10:34:51,16.35,0.01,42,68670,买盘
2514,10:34:48,16.34,-0.02,65,106210,卖盘
2515,10:34:45,16.36,--,260,425360,买盘
2516,10:34:39,16.36,0.01,7,11452,买盘
2517,10:34:36,16.35,-0.01,48,78480,卖盘
2518,10:34:33,16.36,--,45,73620,买盘
2519,10:34:30,16.36,--,135,220860,买盘
2520,10:34:27,16.36,--,85,139060,买盘
2521,10:34:24,16.36,--,26,42536,买盘
2522,10:34:21,16.36,0.01,83,135788,买盘
2523,10:34:18,16.35,-0.01,140,228900,卖盘
2524,10:34:15,16.36,--,290,474440,买盘
2525,10:34:12,16.36,-0.01,150,246365,卖盘
2526,10:34:09,16.37,0.01,263,430531,买盘
2527,10:34:03,16.36,--,712,1164832,卖盘
2528,10:34:00,16.36,--,30,49080,卖盘
2529,10:33:57,16.36,-0.01,27,44172,卖盘
2530,10:33:54,16.37,0.01,94,153878,买盘
2531,10:33:48,16.36,-0.01,1324,2166064,卖盘
2532,10:33:45,16.37,-0.01,344,563799,卖盘
2533,10:33:39,16.38,--,54,88746,卖盘
2534,10:33:36,16.38,--,6,9828,卖盘
2535,10:33:33,16.38,--,34,55692,卖盘
2536,10:33:30,16.38,--,164,269975,卖盘
2537,10:33:27,16.38,--,171,280098,卖盘
2538,10:33:24,16.38,--,150,245699,卖盘
2539,10:33:21,16.38,--,20,32759,卖盘
2540,10:33:18,16.38,--,56,91728,卖盘
2541,10:33:12,16.38,-0.01,203,332514,卖盘
2542,10:33:09,16.39,-0.01,681,1116159,卖盘
2543,10:33:06,16.4,0.01,35,57399,买盘
2544,10:33:03,16.39,--,70,114730,卖盘
2545,10:33:00,16.39,-0.01,16,26224,卖盘
2546,10:32:57,16.4,0.01,34,55759,买盘
2547,10:32:54,16.39,-0.01,4,6556,卖盘
2548,10:32:48,16.4,-0.01,250,411590,卖盘
2549,10:32:45,16.41,0.01,39,63999,买盘
2550,10:32:39,16.4,--,267,437879,卖盘
2551,10:32:36,16.4,--,91,149240,卖盘
2552,10:32:33,16.4,--,28,45919,卖盘
2553,10:32:30,16.4,--,120,196799,卖盘
2554,10:32:27,16.4,--,365,598600,卖盘
2555,10:32:24,16.4,--,21,35817,卖盘
2556,10:32:21,16.4,-0.01,19,31471,卖盘
2557,10:32:18,16.41,0.01,30,49230,买盘
2558,10:32:15,16.4,-0.01,42,68880,卖盘
2559,10:32:12,16.41,--,20,33443,卖盘
2560,10:32:09,16.41,--,25,41025,卖盘
2561,10:32:03,16.41,-0.01,388,636708,卖盘
2562,10:32:00,16.42,0.01,26,42692,买盘
2563,10:31:54,16.41,-0.01,630,1033830,卖盘
2564,10:31:51,16.42,--,70,114940,买盘
2565,10:31:48,16.42,0.01,4,6568,买盘
2566,10:31:45,16.41,-0.01,4,6564,卖盘
2567,10:31:42,16.42,--,3,4926,买盘
2568,10:31:39,16.42,--,16,27503,卖盘
2569,10:31:36,16.42,--,20,32840,卖盘
2570,10:31:30,16.42,--,1,1642,卖盘
2571,10:31:24,16.42,--,85,139570,卖盘
2572,10:31:21,16.42,--,40,65680,卖盘
2573,10:31:18,16.42,--,70,114940,卖盘
2574,10:31:15,16.42,--,4,6568,卖盘
2575,10:31:12,16.42,--,2,3284,卖盘
2576,10:31:09,16.42,-0.01,47,77174,卖盘
2577,10:31:06,16.43,0.01,3,4929,买盘
2578,10:31:03,16.42,--,70,114940,卖盘
2579,10:31:00,16.42,--,97,159274,卖盘
2580,10:30:57,16.42,-0.01,3,4926,卖盘
2581,10:30:54,16.43,--,14,23002,买盘
2582,10:30:51,16.43,0.01,1,1643,买盘
2583,10:30:48,16.42,--,20,32840,卖盘
2584,10:30:45,16.42,--,16,26272,卖盘
2585,10:30:42,16.42,--,171,280782,卖盘
2586,10:30:36,16.42,-0.01,26,42692,卖盘
2587,10:30:33,16.43,0.01,3,4929,买盘
2588,10:30:30,16.42,--,31,50902,卖盘
2589,10:30:27,16.42,-0.01,61,100162,卖盘
2590,10:30:21,16.43,--,23,37789,买盘
2591,10:30:18,16.43,0.01,30,49290,买盘
2592,10:30:15,16.42,--,81,133002,卖盘
2593,10:30:12,16.42,--,14,22988,卖盘
2594,10:30:06,16.42,-0.01,10,16420,卖盘
2595,10:30:03,16.43,0.01,8,13144,买盘
2596,10:30:00,16.42,--,11,18062,卖盘
2597,10:29:57,16.42,--,50,82970,卖盘
2598,10:29:54,16.42,-0.01,35,57470,卖盘
2599,10:29:51,16.43,0.01,8,13144,买盘
2600,10:29:48,16.42,--,20,32840,卖盘
2601,10:29:45,16.42,--,6,11034,卖盘
2602,10:29:42,16.42,0.01,60,98520,买盘
2603,10:29:39,16.41,--,31,50871,卖盘
2604,10:29:36,16.41,-0.01,31,50871,卖盘
2605,10:29:30,16.42,--,5,8210,买盘
2606,10:29:27,16.42,--,76,124792,买盘
2607,10:29:21,16.42,--,43,70606,买盘
2608,10:29:18,16.42,--,3,4926,买盘
2609,10:29:12,16.42,0.01,13,21346,中性盘
2610,10:29:09,16.41,-0.01,35,57435,卖盘
2611,10:29:06,16.42,--,22,36124,卖盘
2612,10:29:00,16.42,--,88,144496,卖盘
2613,10:28:57,16.42,--,4,6568,卖盘
2614,10:28:54,16.42,-0.01,29,47618,卖盘
2615,10:28:51,16.43,0.01,23,37789,买盘
2616,10:28:48,16.42,0.01,2,3284,中性盘
2617,10:28:45,16.41,-0.01,4,7581,卖盘
2618,10:28:42,16.42,--,15,24630,买盘
2619,10:28:39,16.42,--,34,55828,买盘
2620,10:28:36,16.42,--,56,91952,买盘
2621,10:28:30,16.42,0.01,23,37766,买盘
2622,10:28:27,16.41,--,128,210048,卖盘
2623,10:28:24,16.41,-0.01,59,96819,卖盘
2624,10:28:21,16.42,0.01,15,24630,买盘
2625,10:28:18,16.41,-0.01,20,32820,卖盘
2626,10:28:15,16.42,0.01,24,39408,买盘
2627,10:28:12,16.41,-0.01,64,105024,卖盘
2628,10:28:09,16.42,--,98,160916,买盘
2629,10:28:03,16.42,0.01,38,62396,买盘
2630,10:28:00,16.41,-0.01,69,113229,卖盘
2631,10:27:57,16.42,0.01,40,65680,买盘
2632,10:27:54,16.41,-0.01,75,123075,卖盘
2633,10:27:51,16.42,--,71,117583,卖盘
2634,10:27:48,16.42,--,7,11494,卖盘
2635,10:27:45,16.42,--,86,141212,卖盘
2636,10:27:42,16.42,-0.01,4,6568,卖盘
2637,10:27:39,16.43,0.01,400,657200,买盘
2638,10:27:36,16.42,--,72,118224,卖盘
2639,10:27:33,16.42,--,8,13136,卖盘
2640,10:27:30,16.42,-0.01,43,70606,卖盘
2641,10:27:27,16.43,0.01,14,23002,买盘
2642,10:27:24,16.42,-0.02,96,157632,卖盘
2643,10:27:21,16.44,0.01,16,26304,买盘
2644,10:27:18,16.43,--,82,134726,卖盘
2645,10:27:15,16.43,--,245,402929,买盘
2646,10:27:12,16.43,--,66,108438,卖盘
2647,10:27:09,16.43,--,24,40253,卖盘
2648,10:27:06,16.43,--,45,73935,卖盘
2649,10:27:03,16.43,--,8,13144,卖盘
2650,10:26:54,16.43,--,22,36146,卖盘
2651,10:26:51,16.43,--,49,81509,卖盘
2652,10:26:45,16.43,--,2,3286,卖盘
2653,10:26:42,16.43,--,30,49290,卖盘
2654,10:26:39,16.43,--,41,67363,卖盘
2655,10:26:36,16.43,--,150,246515,卖盘
2656,10:26:33,16.43,--,66,108438,卖盘
2657,10:26:30,16.43,--,17,27931,卖盘
2658,10:26:27,16.43,--,118,193874,卖盘
2659,10:26:24,16.43,--,5,8215,卖盘
2660,10:26:21,16.43,-0.01,20,32860,卖盘
2661,10:26:06,16.44,--,24,40787,卖盘
2662,10:26:03,16.44,--,20,32880,卖盘
2663,10:26:00,16.44,--,12,19728,卖盘
2664,10:25:57,16.44,--,106,175316,卖盘
2665,10:25:50,16.44,--,9,14796,卖盘
2666,10:25:44,16.44,--,144,236736,卖盘
2667,10:25:41,16.44,--,67,110148,卖盘
2668,10:25:38,16.44,-0.01,3,4932,卖盘
2669,10:25:35,16.45,--,11,18095,买盘
2670,10:25:32,16.45,--,10,16450,买盘
2671,10:25:29,16.45,--,14,23030,买盘
2672,10:25:26,16.45,-0.01,189,312319,卖盘
2673,10:25:20,16.46,0.01,5,8230,买盘
2674,10:25:17,16.45,--,9,14805,卖盘
2675,10:25:14,16.45,--,73,120085,卖盘
2676,10:25:08,16.45,--,8,13160,卖盘
2677,10:25:05,16.45,--,2,3290,卖盘
2678,10:25:02,16.45,--,11,18095,卖盘
2679,10:24:56,16.45,--,155,254975,卖盘
2680,10:24:50,16.45,--,23,37835,卖盘
2681,10:24:44,16.45,-0.01,34,55930,卖盘
2682,10:24:41,16.46,--,1,1646,买盘
2683,10:24:35,16.46,--,35,57610,买盘
2684,10:24:32,16.46,-0.01,72,119878,卖盘
2685,10:24:29,16.47,0.01,7,11529,买盘
2686,10:24:23,16.46,--,129,212334,卖盘
2687,10:24:20,16.46,-0.01,28,46088,卖盘
2688,10:24:17,16.47,0.01,5,8235,买盘
2689,10:24:11,16.46,--,68,113244,卖盘
2690,10:24:08,16.46,--,3,5316,卖盘
2691,10:24:05,16.46,-0.01,6,9876,卖盘
2692,10:24:02,16.47,-0.01,10,16470,卖盘
2693,10:23:59,16.48,0.02,12,19776,买盘
2694,10:23:56,16.46,--,35,57610,卖盘
2695,10:23:53,16.46,-0.01,5,8230,卖盘
2696,10:23:50,16.47,0.01,12,19764,买盘
2697,10:23:47,16.46,-0.02,30,49380,卖盘
2698,10:23:44,16.48,0.01,30,49440,买盘
2699,10:23:41,16.47,-0.02,25,41175,卖盘
2700,10:23:35,16.49,0.02,56,92343,买盘
2701,10:23:26,16.47,-0.02,102,168026,卖盘
2702,10:23:14,16.49,0.01,50,82449,买盘
2703,10:23:11,16.48,0.01,8,13184,中性盘
2704,10:23:08,16.47,--,23,37881,卖盘
2705,10:23:05,16.47,-0.01,115,189405,卖盘
2706,10:23:02,16.48,--,1,1648,卖盘
2707,10:22:59,16.48,0.01,113,186224,买盘
2708,10:22:56,16.47,-0.01,3,4941,卖盘
2709,10:22:53,16.48,0.01,46,75808,买盘
2710,10:22:50,16.47,--,14,23058,卖盘
2711,10:22:47,16.47,-0.01,8,13176,卖盘
2712,10:22:44,16.48,--,189,311472,买盘
2713,10:22:41,16.48,--,5,8240,买盘
2714,10:22:35,16.48,--,8,13184,买盘
2715,10:22:32,16.48,--,48,79104,卖盘
2716,10:22:29,16.48,--,2,3296,买盘
2717,10:22:26,16.48,0.01,27,44496,卖盘
2718,10:22:23,16.47,-0.01,35,57644,卖盘
2719,10:22:17,16.48,--,14,23072,买盘
2720,10:22:14,16.48,--,12,19776,卖盘
2721,10:22:08,16.48,-0.01,2,3296,卖盘
2722,10:22:05,16.49,0.01,18,29681,买盘
2723,10:22:02,16.48,-0.01,1,1648,卖盘
2724,10:21:59,16.49,0.02,26,42873,买盘
2725,10:21:53,16.47,--,24,39528,卖盘
2726,10:21:50,16.47,-0.01,15,24705,卖盘
2727,10:21:47,16.48,0.01,9,14832,买盘
2728,10:21:44,16.47,-0.01,21,34587,卖盘
2729,10:21:41,16.48,--,7,11536,买盘
2730,10:21:38,16.48,0.01,120,197760,买盘
2731,10:21:35,16.47,--,11,18117,卖盘
2732,10:21:32,16.47,-0.01,31,51057,卖盘
2733,10:21:26,16.48,0.01,10,16480,买盘
2734,10:21:20,16.47,--,13,21411,卖盘
2735,10:21:17,16.47,--,6,9882,卖盘
2736,10:21:11,16.47,--,30,49410,卖盘
2737,10:21:08,16.47,--,91,150074,买盘
2738,10:21:05,16.47,0.01,6,9882,买盘
2739,10:21:02,16.46,-0.01,11,18106,卖盘
2740,10:20:59,16.47,0.01,14,23058,买盘
2741,10:20:56,16.46,--,5,8230,卖盘
2742,10:20:53,16.46,--,2,3292,卖盘
2743,10:20:50,16.46,--,6,9876,卖盘
2744,10:20:47,16.46,--,3,4938,卖盘
2745,10:20:44,16.46,0.01,11,18106,买盘
2746,10:20:41,16.45,--,6,9870,卖盘
2747,10:20:38,16.45,-0.01,40,65816,卖盘
2748,10:20:35,16.46,0.01,153,251838,买盘
2749,10:20:32,16.45,-0.01,4,6580,卖盘
2750,10:20:29,16.46,--,3,4938,买盘
2751,10:20:26,16.46,0.01,15,25085,买盘
2752,10:20:23,16.45,-0.01,7,11515,卖盘
2753,10:20:20,16.46,0.01,11,18106,买盘
2754,10:20:14,16.45,-0.01,79,129955,卖盘
2755,10:20:11,16.46,--,20,32920,买盘
2756,10:20:08,16.46,0.01,7,11522,买盘
2757,10:19:59,16.45,--,54,88830,卖盘
2758,10:19:56,16.45,-0.01,9,14805,卖盘
2759,10:19:53,16.46,0.01,6,9876,买盘
2760,10:19:50,16.45,-0.01,166,273070,卖盘
2761,10:19:44,16.46,0.01,22,36212,买盘
2762,10:19:41,16.45,-0.01,23,37835,卖盘
2763,10:19:35,16.46,--,29,47734,买盘
2764,10:19:32,16.46,--,104,171184,买盘
2765,10:19:26,16.46,--,24,39504,卖盘
2766,10:19:23,16.46,0.01,1,1646,中性盘
2767,10:19:20,16.45,-0.01,508,835660,卖盘
2768,10:19:17,16.46,--,50,82300,卖盘
2769,10:19:11,16.46,--,133,218918,卖盘
2770,10:19:08,16.46,--,18,29628,卖盘
2771,10:19:05,16.46,--,1,1646,卖盘
2772,10:19:02,16.46,--,33,54318,卖盘
2773,10:18:59,16.46,0.01,154,253484,买盘
2774,10:18:53,16.45,-0.01,1,1645,卖盘
2775,10:18:50,16.46,--,32,52672,买盘
2776,10:18:44,16.46,--,5,8230,买盘
2777,10:18:41,16.46,--,13,21398,买盘
2778,10:18:35,16.46,-0.01,27,44442,买盘
2779,10:18:32,16.47,0.01,171,283086,买盘
2780,10:18:29,16.46,-0.01,65,106990,卖盘
2781,10:18:26,16.47,--,36,59291,买盘
2782,10:18:23,16.47,0.01,2,3294,买盘
2783,10:18:20,16.46,-0.01,11,18106,卖盘
2784,10:18:17,16.47,0.02,37,61136,买盘
2785,10:18:11,16.45,-0.01,103,169435,卖盘
2786,10:18:08,16.46,-0.01,39,65642,卖盘
2787,10:18:05,16.47,0.01,8,13373,买盘
2788,10:17:59,16.46,--,10,16460,买盘
2789,10:17:56,16.46,0.01,5,8230,买盘
2790,10:17:53,16.45,-0.01,250,411250,卖盘
2791,10:17:50,16.46,-0.01,4,6584,卖盘
2792,10:17:44,16.47,0.01,10,16470,买盘
2793,10:17:41,16.46,--,5,8230,卖盘
2794,10:17:38,16.46,--,26,42796,卖盘
2795,10:17:35,16.46,-0.01,23,37858,卖盘
2796,10:17:32,16.47,0.01,26,42822,买盘
2797,10:17:26,16.46,--,14,23044,卖盘
2798,10:17:23,16.46,--,7,11735,卖盘
2799,10:17:20,16.46,--,36,59256,卖盘
2800,10:17:17,16.46,--,2,3292,卖盘
2801,10:17:14,16.46,--,79,130034,买盘
2802,10:17:11,16.46,--,96,158016,买盘
2803,10:17:08,16.46,0.01,23,37858,买盘
2804,10:17:05,16.45,-0.02,15,24675,卖盘
2805,10:16:59,16.47,--,18,29645,买盘
2806,10:16:56,16.47,0.01,5,8235,买盘
2807,10:16:53,16.46,--,7,11522,买盘
2808,10:16:50,16.46,--,77,126742,卖盘
2809,10:16:47,16.46,-0.02,5,8230,卖盘
