,time,price,change,volume,amount,type
0,15:00:00,17.82,0.01,0,0,买盘
1,15:00:00,17.81,--,5,8905,卖盘
2,14:59:59,17.81,0.01,162,288522,买盘
3,14:59:53,17.8,--,324,576720,卖盘
4,14:59:49,17.8,-0.02,393,699540,卖盘
5,14:59:44,17.82,--,1099,1958863,卖盘
6,14:59:38,17.82,--,2246,4002853,卖盘
7,14:59:34,17.82,--,160,285120,卖盘
8,14:59:29,17.82,--,1349,2403918,卖盘
9,14:59:23,17.82,-0.01,490,873180,卖盘
10,14:59:19,17.83,0.01,61,108762,买盘
11,14:59:14,17.82,--,266,474012,卖盘
12,14:59:08,17.82,--,278,495396,卖盘
13,14:59:04,17.82,--,81,144342,卖盘
14,14:58:59,17.82,-0.01,114,203771,卖盘
15,14:58:53,17.83,0.01,299,533117,买盘
16,14:58:49,17.82,--,158,281556,卖盘
17,14:58:44,17.82,-0.01,1176,2095632,卖盘
18,14:58:38,17.83,0.01,77,137291,买盘
19,14:58:34,17.82,--,135,240570,卖盘
20,14:58:29,17.82,--,102,181764,卖盘
21,14:58:23,17.82,-0.01,475,846450,卖盘
22,14:58:19,17.83,0.01,70,124809,买盘
23,14:58:14,17.82,--,15,26730,卖盘
24,14:58:08,17.82,-0.01,98,174636,卖盘
25,14:58:04,17.83,--,201,358382,买盘
26,14:57:59,17.83,--,175,312024,买盘
27,14:57:53,17.83,--,138,246053,买盘
28,14:57:49,17.83,0.01,330,588390,买盘
29,14:57:43,17.82,--,167,297594,卖盘
30,14:57:38,17.82,-0.01,98,175687,卖盘
31,14:57:34,17.83,0.01,60,106979,买盘
32,14:57:29,17.82,--,163,290466,卖盘
33,14:57:23,17.82,--,38,67716,卖盘
34,14:57:19,17.82,--,260,463320,卖盘
35,14:57:13,17.82,0.01,1848,3294098,买盘
36,14:57:08,17.81,0.01,33,58772,买盘
37,14:57:04,17.8,-0.01,60,106800,卖盘
38,14:56:58,17.81,--,136,242215,卖盘
39,14:56:53,17.81,--,214,381668,卖盘
40,14:56:49,17.81,--,1,1780,卖盘
41,14:56:43,17.81,-0.01,132,235091,卖盘
42,14:56:38,17.82,0.01,15,26730,买盘
43,14:56:33,17.81,--,39,69726,买盘
44,14:56:28,17.81,--,170,302770,买盘
45,14:56:23,17.81,--,47,83707,买盘
46,14:56:17,17.81,-0.04,1056,1881501,卖盘
47,14:56:13,17.85,0.03,4811,8588866,买盘
48,14:56:08,17.82,0.01,204,363528,买盘
49,14:56:02,17.81,-0.01,31,55210,卖盘
50,14:55:58,17.82,-0.01,54,96228,卖盘
51,14:55:53,17.83,0.01,39,69537,买盘
52,14:55:47,17.82,--,25,44550,卖盘
53,14:55:43,17.82,-0.04,112,200136,卖盘
54,14:55:38,17.86,0.03,4860,8679960,买盘
55,14:55:32,17.83,-0.01,22,40456,中性盘
56,14:55:28,17.84,--,18,32112,买盘
57,14:55:23,17.84,--,58,103472,买盘
58,14:55:17,17.84,--,578,1032775,卖盘
59,14:55:13,17.84,--,4978,8880752,卖盘
60,14:55:08,17.84,--,245,437080,卖盘
61,14:55:02,17.84,--,95,171103,卖盘
62,14:54:58,17.84,--,43,78139,卖盘
63,14:54:53,17.84,0.03,3794,6769173,买盘
64,14:54:47,17.81,--,24,42744,卖盘
65,14:54:43,17.81,--,143,256446,卖盘
66,14:54:38,17.81,--,224,399905,卖盘
67,14:54:32,17.81,-0.01,23,40963,卖盘
68,14:54:28,17.82,0.01,117,208494,买盘
69,14:54:23,17.81,0.01,3761,6698964,买盘
70,14:54:17,17.8,--,21,38341,买盘
71,14:54:13,17.8,--,49,87220,买盘
72,14:54:08,17.8,0.01,43,76540,买盘
73,14:53:58,17.79,-0.01,69,123711,卖盘
74,14:53:53,17.8,--,130,232094,卖盘
75,14:53:47,17.8,--,21,37380,卖盘
76,14:53:43,17.8,--,53,94340,卖盘
77,14:53:38,17.8,--,9,16999,卖盘
78,14:53:32,17.8,-0.01,156,277680,卖盘
79,14:53:28,17.81,0.01,31,55210,买盘
80,14:53:23,17.8,-0.01,107,191421,卖盘
81,14:53:17,17.81,0.01,225,401651,买盘
82,14:53:13,17.8,--,246,439517,卖盘
83,14:53:08,17.8,-0.01,371,660380,卖盘
84,14:53:02,17.81,--,115,205776,买盘
85,14:52:58,17.81,0.01,282,502241,买盘
86,14:52:53,17.8,--,540,961200,卖盘
87,14:52:47,17.8,--,127,226060,卖盘
88,14:52:43,17.8,--,16,28480,卖盘
89,14:52:38,17.8,-0.01,94,167320,卖盘
90,14:52:32,17.81,0.01,19,33839,买盘
91,14:52:28,17.8,0.01,70,125561,买盘
92,14:52:23,17.79,-0.01,32,56928,卖盘
93,14:52:17,17.8,-0.01,4,7120,卖盘
94,14:52:13,17.81,0.01,154,275093,买盘
95,14:52:08,17.8,-0.01,83,148701,卖盘
96,14:52:02,17.81,--,16,28495,买盘
97,14:51:58,17.81,--,31,55210,买盘
98,14:51:53,17.81,--,946,1685449,卖盘
99,14:51:47,17.81,--,228,406067,卖盘
100,14:51:43,17.81,-0.01,689,1227109,卖盘
101,14:51:38,17.82,--,124,221930,买盘
102,14:51:32,17.82,--,527,939114,买盘
103,14:51:28,17.82,0.01,73,130086,买盘
104,14:51:23,17.81,--,325,579786,卖盘
105,14:51:17,17.81,--,27,49048,卖盘
106,14:51:13,17.81,--,145,258244,卖盘
107,14:51:08,17.81,--,5,8905,卖盘
108,14:51:02,17.81,-0.01,1319,2349139,卖盘
109,14:50:58,17.82,0.01,26,46332,买盘
110,14:50:53,17.81,--,233,415934,卖盘
111,14:50:47,17.81,--,57,101516,卖盘
112,14:50:43,17.81,-0.01,7,12467,卖盘
113,14:50:38,17.82,0.01,72,128304,买盘
114,14:50:32,17.81,-0.01,86,154127,卖盘
115,14:50:26,17.82,0.01,445,792990,买盘
116,14:50:22,17.81,--,59,105078,卖盘
117,14:50:17,17.81,--,167,297427,卖盘
118,14:50:12,17.81,--,10,17810,卖盘
119,14:50:07,17.81,--,35,63314,卖盘
120,14:50:02,17.81,-0.01,212,377572,卖盘
121,14:49:56,17.82,0.01,278,495396,买盘
122,14:49:52,17.81,--,274,488955,卖盘
123,14:49:47,17.81,--,126,224405,卖盘
124,14:49:41,17.81,--,119,211938,卖盘
125,14:49:37,17.81,-0.01,73,130974,卖盘
126,14:49:32,17.82,--,199,355437,卖盘
127,14:49:26,17.82,-0.02,66,117612,卖盘
128,14:49:22,17.84,--,179,319336,买盘
129,14:49:17,17.84,0.02,137,244408,中性盘
130,14:49:11,17.82,-0.03,100,179162,卖盘
131,14:49:07,17.85,-0.01,1030,1840174,卖盘
132,14:49:02,17.86,--,2869,5124034,买盘
133,14:48:56,17.86,0.01,64,114304,买盘
134,14:48:52,17.85,-0.01,2654,4738353,卖盘
135,14:48:47,17.86,--,86,153596,买盘
136,14:48:41,17.86,0.01,58,103588,买盘
137,14:48:37,17.85,-0.01,118,210630,卖盘
138,14:48:32,17.86,--,432,771552,买盘
139,14:48:26,17.86,0.01,29,51794,买盘
140,14:48:22,17.85,--,3475,6203856,卖盘
141,14:48:17,17.85,0.01,645,1151325,买盘
142,14:48:11,17.84,0.01,10,17840,中性盘
143,14:48:07,17.83,--,84,149772,买盘
144,14:48:02,17.83,-0.02,333,593739,卖盘
145,14:47:56,17.85,-0.01,240,428489,卖盘
146,14:47:52,17.86,0.02,4642,8292308,买盘
147,14:47:47,17.84,--,597,1066171,卖盘
148,14:47:41,17.84,--,123,219432,卖盘
149,14:47:37,17.84,--,273,487995,卖盘
150,14:47:32,17.84,--,164,292576,卖盘
151,14:47:26,17.84,0.03,4178,7455032,买盘
152,14:47:22,17.81,--,461,822002,卖盘
153,14:47:17,17.81,--,30,53429,卖盘
154,14:47:11,17.81,-0.01,704,1253824,卖盘
155,14:47:07,17.82,0.01,273,486486,买盘
156,14:47:02,17.81,--,202,360260,卖盘
157,14:46:56,17.81,-0.01,86,154056,中性盘
158,14:46:52,17.82,0.03,305,544793,买盘
159,14:46:47,17.79,--,380,676020,卖盘
160,14:46:41,17.79,-0.01,661,1175919,卖盘
161,14:46:37,17.8,0.01,79,141599,买盘
162,14:46:32,17.79,0.02,754,1342949,买盘
163,14:46:26,17.77,--,33,58641,卖盘
164,14:46:22,17.77,--,1248,2218993,卖盘
165,14:46:17,17.77,--,13,24060,卖盘
166,14:46:11,17.77,--,3,5331,卖盘
167,14:46:07,17.77,0.02,805,1431515,买盘
168,14:46:02,17.75,-0.01,258,457950,卖盘
169,14:45:56,17.76,--,253,449328,买盘
170,14:45:52,17.76,0.01,155,276239,买盘
171,14:45:47,17.75,--,174,309897,卖盘
172,14:45:41,17.75,0.02,309,549025,买盘
173,14:45:37,17.73,--,64,114429,卖盘
174,14:45:32,17.73,--,10,17730,卖盘
175,14:45:26,17.73,--,29,51417,卖盘
176,14:45:22,17.73,--,126,223398,买盘
177,14:45:17,17.73,--,9,16914,买盘
178,14:45:11,17.73,0.01,424,751752,买盘
179,14:45:07,17.72,--,189,336130,卖盘
180,14:45:02,17.72,--,276,489071,卖盘
181,14:44:56,17.72,--,78,139172,卖盘
182,14:44:51,17.72,-0.01,200,354400,卖盘
183,14:44:47,17.73,0.01,26,46098,买盘
184,14:44:41,17.72,-0.01,14,25782,卖盘
185,14:44:37,17.73,0.01,7,12411,买盘
186,14:44:31,17.72,-0.02,20,35440,卖盘
187,14:44:26,17.74,--,26,46123,买盘
188,14:44:21,17.74,--,24,42575,买盘
189,14:44:16,17.74,--,222,394236,卖盘
190,14:44:11,17.74,--,101,179173,卖盘
191,14:44:06,17.74,--,1,1773,卖盘
192,14:44:01,17.74,--,166,294484,卖盘
193,14:43:56,17.74,--,4069,7218725,买盘
194,14:43:51,17.74,-0.02,102,180947,卖盘
195,14:43:46,17.76,0.02,14,24864,买盘
196,14:43:41,17.74,-0.01,119,211105,买盘
197,14:43:35,17.75,0.01,138,245908,买盘
198,14:43:31,17.74,--,133,235941,卖盘
199,14:43:26,17.74,-0.01,192,340607,卖盘
200,14:43:20,17.75,-0.01,29,51475,卖盘
201,14:43:16,17.76,--,6,11615,买盘
202,14:43:11,17.76,--,6,10656,买盘
203,14:43:05,17.76,--,2118,3762491,卖盘
204,14:43:01,17.76,--,110,196336,卖盘
205,14:42:56,17.76,-0.02,16,28416,卖盘
206,14:42:50,17.78,0.02,2,3556,买盘
207,14:42:46,17.76,-0.02,3904,6934818,卖盘
208,14:42:41,17.78,--,52,92456,卖盘
209,14:42:35,17.78,--,205,365450,卖盘
210,14:42:31,17.78,-0.01,122,216916,卖盘
211,14:42:26,17.79,--,204,362916,买盘
212,14:42:20,17.79,--,89,159149,卖盘
213,14:42:16,17.79,--,66,118374,卖盘
214,14:42:11,17.79,-0.01,60,106740,卖盘
215,14:42:05,17.8,--,25,44500,买盘
216,14:42:01,17.8,--,11,20541,买盘
217,14:41:56,17.8,--,447,797155,卖盘
218,14:41:50,17.8,--,800,1424000,卖盘
219,14:41:46,17.8,-0.01,27,48060,卖盘
220,14:41:41,17.81,--,1649,2936886,买盘
221,14:41:35,17.81,0.01,112,200433,买盘
222,14:41:31,17.8,--,120,213600,卖盘
223,14:41:26,17.8,--,212,377360,卖盘
224,14:41:20,17.8,--,20,35600,卖盘
225,14:41:16,17.8,--,27,49039,卖盘
226,14:41:11,17.8,-0.01,202,359560,卖盘
227,14:41:01,17.81,0.01,14,24934,卖盘
228,14:40:56,17.8,-0.03,211,376398,卖盘
229,14:40:50,17.83,--,26,46357,买盘
230,14:40:46,17.83,--,116,206827,买盘
231,14:40:40,17.83,0.01,28,49923,买盘
232,14:40:35,17.82,-0.01,8,15218,卖盘
233,14:40:31,17.83,--,961,1713801,卖盘
234,14:40:26,17.83,--,254,452881,卖盘
235,14:40:20,17.83,--,5286,9424938,卖盘
236,14:40:16,17.83,--,73,131121,卖盘
237,14:40:11,17.83,--,143,255272,卖盘
238,14:40:05,17.83,--,13,23178,卖盘
239,14:40:01,17.83,--,3703,6602680,卖盘
240,14:39:56,17.83,--,216,385127,卖盘
241,14:39:50,17.83,0.01,351,625832,买盘
242,14:39:46,17.82,0.01,46,81972,买盘
243,14:39:41,17.81,--,218,389237,卖盘
244,14:39:35,17.81,-0.03,141,251120,卖盘
245,14:39:31,17.84,-0.01,160,285440,中性盘
246,14:39:26,17.85,--,83,148155,买盘
247,14:39:20,17.85,--,0,0,买盘
248,14:39:16,17.85,--,257,458816,卖盘
249,14:39:11,17.85,--,2930,5230050,卖盘
250,14:39:05,17.85,--,173,308805,卖盘
251,14:39:01,17.85,-0.01,2525,4508088,卖盘
252,14:38:55,17.86,0.05,5189,9268304,买盘
253,14:38:50,17.81,-0.01,10,17810,卖盘
254,14:38:46,17.82,-0.02,865,1541697,卖盘
255,14:38:41,17.84,--,128,229315,卖盘
256,14:38:35,17.84,--,91,162344,卖盘
257,14:38:31,17.84,0.03,3974,7090918,买盘
258,14:38:26,17.81,0.01,373,664313,中性盘
259,14:38:20,17.8,-0.02,64,113920,卖盘
260,14:38:16,17.82,--,286,510543,卖盘
261,14:38:11,17.82,--,334,596079,买盘
262,14:38:05,17.82,--,47,83754,买盘
263,14:38:00,17.82,0.01,4880,8696160,买盘
264,14:37:55,17.81,-0.02,71,126450,卖盘
265,14:37:50,17.83,--,124,221091,买盘
266,14:37:45,17.83,--,108,192563,买盘
267,14:37:40,17.83,-0.01,468,835085,卖盘
268,14:37:35,17.84,0.01,178,318515,买盘
269,14:37:30,17.83,-0.02,120,213959,卖盘
270,14:37:25,17.85,--,531,948495,卖盘
271,14:37:20,17.85,--,1925,3437088,卖盘
272,14:37:16,17.85,0.02,3028,5405140,买盘
273,14:37:10,17.83,-0.01,661,1178563,卖盘
274,14:37:05,17.84,0.01,548,977632,中性盘
275,14:37:00,17.83,--,246,438617,卖盘
276,14:36:55,17.83,-0.02,263,469891,卖盘
277,14:36:50,17.85,--,693,1237005,买盘
278,14:36:45,17.85,0.02,2070,3694950,买盘
279,14:36:40,17.83,-0.01,230,411052,卖盘
280,14:36:35,17.84,0.02,2833,5054107,买盘
281,14:36:30,17.82,--,93,165726,卖盘
282,14:36:25,17.82,--,314,559548,卖盘
283,14:36:20,17.82,0.01,266,474992,买盘
284,14:36:14,17.81,--,252,449595,买盘
285,14:36:10,17.81,0.02,2660,4738492,买盘
286,14:36:05,17.79,0.01,1608,2860632,买盘
287,14:35:59,17.78,--,310,551180,卖盘
288,14:35:55,17.78,--,1310,2330140,卖盘
289,14:35:50,17.78,0.02,1306,2323383,买盘
290,14:35:44,17.76,-0.01,137,243312,卖盘
291,14:35:40,17.77,0.01,704,1252713,买盘
292,14:35:35,17.76,--,638,1133088,卖盘
293,14:35:29,17.76,--,10,17760,卖盘
294,14:35:25,17.76,0.03,881,1566201,买盘
295,14:35:20,17.73,-0.02,354,627642,卖盘
296,14:35:14,17.75,0.02,55,98583,买盘
297,14:35:10,17.73,-0.01,239,424456,卖盘
298,14:35:05,17.74,0.02,731,1296989,买盘
299,14:34:59,17.72,--,144,255167,买盘
300,14:34:54,17.72,0.01,336,596348,买盘
301,14:34:49,17.71,--,113,200123,卖盘
302,14:34:44,17.71,0.01,459,812889,买盘
303,14:34:40,17.7,--,243,430110,卖盘
304,14:34:35,17.7,0.02,1978,3502653,买盘
305,14:34:29,17.68,-0.01,9,15912,卖盘
306,14:34:25,17.69,0.01,143,252967,买盘
307,14:34:19,17.68,--,295,522514,卖盘
308,14:34:14,17.68,--,91,160888,卖盘
309,14:34:10,17.68,--,55,97240,卖盘
310,14:34:04,17.68,0.02,273,483760,买盘
311,14:33:59,17.66,--,13,22958,卖盘
312,14:33:55,17.66,0.01,78,138701,买盘
313,14:33:49,17.65,-0.01,101,178265,卖盘
314,14:33:44,17.66,0.01,50,88300,卖盘
315,14:33:40,17.65,-0.01,2434,4296963,卖盘
316,14:33:34,17.66,--,76,134216,买盘
317,14:33:29,17.66,--,10,17660,买盘
318,14:33:25,17.66,-0.03,115,203478,卖盘
319,14:33:20,17.69,--,137,243308,卖盘
320,14:33:14,17.69,0.02,2186,3867458,买盘
321,14:33:10,17.67,--,57,100719,买盘
322,14:33:05,17.67,--,1021,1805237,卖盘
323,14:32:59,17.67,--,146,257982,卖盘
324,14:32:55,17.67,--,285,504549,卖盘
325,14:32:50,17.67,--,3493,6172131,卖盘
326,14:32:44,17.67,--,537,949073,卖盘
327,14:32:40,17.67,--,499,881839,卖盘
328,14:32:35,17.67,--,114,202409,卖盘
329,14:32:29,17.67,--,132,233244,卖盘
330,14:32:25,17.67,-0.01,78,137826,卖盘
331,14:32:19,17.68,0.01,1844,3261146,买盘
332,14:32:14,17.67,--,46,81282,卖盘
333,14:32:09,17.67,--,120,212040,卖盘
334,14:32:04,17.67,--,4039,7136913,卖盘
335,14:31:59,17.67,--,9,15903,卖盘
336,14:31:55,17.67,--,209,370257,卖盘
337,14:31:49,17.67,-0.01,523,924141,卖盘
338,14:31:44,17.68,0.01,78,137904,买盘
339,14:31:40,17.67,--,300,530100,卖盘
340,14:31:34,17.67,--,31,55731,卖盘
341,14:31:29,17.67,--,80,141678,卖盘
342,14:31:24,17.67,-0.01,431,761577,卖盘
343,14:31:19,17.68,0.01,146,258128,买盘
344,14:31:14,17.67,--,83,147615,卖盘
345,14:31:09,17.67,-0.01,166,294876,卖盘
346,14:31:04,17.68,0.01,101,178568,买盘
347,14:30:59,17.67,--,64,113088,卖盘
348,14:30:54,17.67,--,85,151166,卖盘
349,14:30:49,17.67,--,25,44175,卖盘
350,14:30:44,17.67,--,55,97185,卖盘
351,14:30:39,17.67,-0.01,46,81282,卖盘
352,14:30:34,17.68,--,19,34546,买盘
353,14:30:29,17.68,--,47,83096,买盘
354,14:30:24,17.68,-0.01,11,19448,卖盘
355,14:30:19,17.69,0.01,65,115940,买盘
356,14:30:14,17.68,--,129,228072,卖盘
357,14:30:09,17.68,--,30,53040,卖盘
358,14:30:04,17.68,--,1101,1946568,卖盘
359,14:29:59,17.68,--,252,446490,买盘
360,14:29:54,17.68,0.01,49,87586,买盘
361,14:29:49,17.67,-0.01,514,908238,卖盘
362,14:29:44,17.68,--,10,17680,买盘
363,14:29:38,17.68,--,206,365693,卖盘
364,14:29:34,17.68,-0.01,94,167146,卖盘
365,14:29:29,17.69,--,434,767746,买盘
366,14:29:24,17.69,0.01,26,45994,买盘
367,14:29:19,17.68,-0.01,23,40664,卖盘
368,14:29:14,17.69,--,37,66425,买盘
369,14:29:08,17.69,0.01,39,68991,买盘
370,14:29:04,17.68,--,55,97240,卖盘
371,14:28:58,17.68,--,950,1679723,买盘
372,14:28:53,17.68,--,5,8840,买盘
373,14:28:49,17.68,0.01,45,80090,买盘
374,14:28:43,17.67,--,928,1639776,卖盘
375,14:28:38,17.67,--,27,49034,卖盘
376,14:28:34,17.67,--,76,135246,卖盘
377,14:28:28,17.67,-0.01,136,240312,卖盘
378,14:28:23,17.68,--,15,26520,买盘
379,14:28:19,17.68,--,138,244938,买盘
380,14:28:13,17.68,--,533,942344,买盘
381,14:28:08,17.68,0.01,62,109616,买盘
382,14:28:03,17.67,-0.01,67,118389,卖盘
383,14:27:58,17.68,--,281,497762,买盘
384,14:27:53,17.68,0.01,5,8840,买盘
385,14:27:48,17.67,-0.01,22,38874,卖盘
386,14:27:43,17.68,0.01,38,67184,买盘
387,14:27:38,17.67,--,42,74214,卖盘
388,14:27:33,17.67,--,663,1172492,卖盘
389,14:27:28,17.67,-0.01,12,21204,卖盘
390,14:27:23,17.68,--,12,21216,买盘
391,14:27:18,17.68,0.01,80,142253,买盘
392,14:27:14,17.67,--,79,140547,卖盘
393,14:27:08,17.67,--,18,31806,卖盘
394,14:27:03,17.67,--,51,90117,卖盘
395,14:26:58,17.67,-0.01,47,84003,卖盘
396,14:26:53,17.68,--,116,205088,买盘
397,14:26:48,17.68,0.01,260,459680,买盘
398,14:26:43,17.67,--,452,798684,卖盘
399,14:26:38,17.67,-0.01,215,380329,卖盘
400,14:26:33,17.68,--,55,98194,卖盘
401,14:26:28,17.68,--,26,45968,卖盘
402,14:26:23,17.68,--,150,265200,卖盘
403,14:26:18,17.68,-0.01,90,159120,卖盘
404,14:26:13,17.69,0.02,89,158396,买盘
405,14:26:08,17.67,-0.01,261,461187,卖盘
406,14:26:03,17.68,--,173,305864,买盘
407,14:25:58,17.68,0.01,248,438464,买盘
408,14:25:53,17.67,-0.01,39,69884,卖盘
409,14:25:48,17.68,0.01,335,592280,买盘
410,14:25:43,17.67,-0.01,337,595479,卖盘
411,14:25:38,17.68,--,5,9794,买盘
412,14:25:33,17.68,-0.01,163,288997,卖盘
413,14:25:28,17.69,0.01,265,468785,买盘
414,14:25:23,17.68,--,36,63648,卖盘
415,14:25:18,17.68,--,56,99962,卖盘
416,14:25:13,17.68,0.01,474,838032,买盘
417,14:25:08,17.67,--,45,79515,卖盘
418,14:25:03,17.67,0.01,205,362235,卖盘
419,14:24:58,17.66,-0.01,439,776227,卖盘
420,14:24:53,17.67,-0.01,311,549537,卖盘
421,14:24:48,17.68,0.01,338,597584,买盘
422,14:24:43,17.67,0.01,142,250914,买盘
423,14:24:38,17.66,0.01,840,1483440,买盘
424,14:24:33,17.65,0.02,2046,3612813,买盘
425,14:24:28,17.63,--,447,788061,买盘
426,14:24:23,17.63,--,30,52890,买盘
427,14:24:18,17.63,0.01,58,103223,买盘
428,14:24:13,17.62,0.03,6216,10953014,买盘
429,14:24:08,17.59,--,43,75637,卖盘
430,14:24:03,17.59,-0.01,163,286717,卖盘
431,14:23:58,17.6,--,188,331830,买盘
432,14:23:53,17.6,--,116,204160,买盘
433,14:23:48,17.6,0.01,79,139040,买盘
434,14:23:43,17.59,--,160,281440,买盘
435,14:23:33,17.59,0.02,17,30852,买盘
436,14:23:28,17.57,--,86,151102,卖盘
437,14:23:23,17.57,-0.03,34,59738,卖盘
438,14:23:18,17.6,0.03,7200,12672000,买盘
439,14:23:13,17.57,--,67,118667,买盘
440,14:23:08,17.57,--,132,231924,买盘
441,14:23:03,17.57,--,15,26355,卖盘
442,14:22:58,17.57,--,111,195975,买盘
443,14:22:53,17.57,--,50,87850,卖盘
444,14:22:47,17.57,--,8,14056,卖盘
445,14:22:43,17.57,--,26,45682,卖盘
446,14:22:38,17.57,--,102,180162,卖盘
447,14:22:33,17.57,--,20,35140,卖盘
448,14:22:28,17.57,--,141,247737,卖盘
449,14:22:22,17.57,--,116,203812,买盘
450,14:22:18,17.57,0.01,20,36106,买盘
451,14:22:13,17.56,--,98,172088,卖盘
452,14:22:07,17.56,--,69,121163,卖盘
453,14:22:02,17.56,--,14,24584,卖盘
454,14:21:58,17.56,--,82,143992,卖盘
455,14:21:52,17.56,-0.01,32,57140,卖盘
456,14:21:47,17.57,0.02,144,253008,买盘
457,14:21:43,17.55,-0.01,56,98280,卖盘
458,14:21:37,17.56,--,17,29851,卖盘
459,14:21:32,17.56,--,212,373220,卖盘
460,14:21:27,17.56,--,335,588260,买盘
461,14:21:22,17.56,0.01,11,19316,买盘
462,14:21:17,17.55,-0.01,66,116777,卖盘
463,14:21:13,17.56,0.01,2767,4859571,买盘
464,14:21:07,17.55,--,112,196560,卖盘
465,14:21:02,17.55,--,177,310635,卖盘
466,14:20:57,17.55,--,94,165917,卖盘
467,14:20:52,17.55,--,79,138645,卖盘
468,14:20:47,17.55,-0.01,7,12285,卖盘
469,14:20:42,17.56,--,10,17560,买盘
470,14:20:37,17.56,--,111,195881,买盘
471,14:20:32,17.56,--,11,19316,买盘
472,14:20:27,17.56,--,75,131700,买盘
473,14:20:22,17.56,-0.01,13,22828,中性盘
474,14:20:17,17.57,--,89,156373,买盘
475,14:20:12,17.57,0.02,155,273283,买盘
476,14:20:07,17.55,-0.02,9364,16433820,卖盘
477,14:20:02,17.57,--,37,65009,买盘
478,14:19:57,17.57,--,79,139751,买盘
479,14:19:52,17.57,--,25,43925,买盘
480,14:19:47,17.57,--,81,142317,买盘
481,14:19:42,17.57,--,29,50953,买盘
482,14:19:37,17.57,--,119,210031,买盘
483,14:19:32,17.57,--,63,110691,买盘
484,14:19:27,17.57,0.01,82,144074,买盘
485,14:19:22,17.56,-0.01,180,317028,卖盘
486,14:19:17,17.57,0.01,3,5271,买盘
487,14:19:12,17.56,--,158,277448,卖盘
488,14:19:07,17.56,--,19,33364,卖盘
489,14:19:02,17.56,-0.01,5,8780,卖盘
490,14:18:57,17.57,--,17,30835,买盘
491,14:18:52,17.57,--,13,22841,买盘
492,14:18:47,17.57,0.01,3,5271,买盘
493,14:18:42,17.56,--,50,87800,卖盘
494,14:18:37,17.56,-0.02,4507,7915450,卖盘
495,14:18:32,17.58,--,25,43949,买盘
496,14:18:27,17.58,0.02,67,117785,买盘
497,14:18:22,17.56,-0.01,61,107115,卖盘
498,14:18:17,17.57,0.01,3,6219,买盘
499,14:18:12,17.56,-0.01,24,42144,卖盘
500,14:18:07,17.57,--,9,15813,买盘
501,14:18:02,17.57,-0.01,11,19327,卖盘
502,14:17:57,17.58,--,7454,13105169,卖盘
503,14:17:52,17.58,--,25,43949,卖盘
504,14:17:47,17.58,-0.01,6,10547,卖盘
505,14:17:42,17.59,0.01,24,42216,买盘
506,14:17:37,17.58,--,47,82625,卖盘
507,14:17:32,17.58,-0.01,28,49223,卖盘
508,14:17:27,17.59,0.01,41,72119,买盘
509,14:17:22,17.58,--,24,42191,卖盘
510,14:17:17,17.58,--,6,10547,卖盘
511,14:17:12,17.58,-0.01,30,52739,卖盘
512,14:17:07,17.59,0.01,25,44502,买盘
513,14:17:02,17.58,-0.01,47,82625,卖盘
514,14:16:57,17.59,--,55,96745,买盘
515,14:16:52,17.59,--,159,279874,买盘
516,14:16:42,17.59,0.01,245,430955,买盘
517,14:16:37,17.58,-0.01,3,5273,卖盘
518,14:16:32,17.59,-0.01,107,188213,卖盘
519,14:16:27,17.6,0.01,20,35200,买盘
520,14:16:22,17.59,-0.01,22,38698,卖盘
521,14:16:17,17.6,0.01,28,49280,买盘
522,14:16:12,17.59,--,104,182936,买盘
523,14:16:07,17.59,--,78,137202,买盘
524,14:16:01,17.59,-0.01,77,135443,卖盘
525,14:15:57,17.6,0.01,17,29920,买盘
526,14:15:52,17.59,0.01,102,179418,买盘
527,14:15:46,17.58,-0.01,56,98447,卖盘
528,14:15:42,17.59,--,16,28144,买盘
529,14:15:37,17.59,-0.01,3,5277,买盘
530,14:15:31,17.6,--,124,218240,买盘
531,14:15:27,17.6,--,121,212960,买盘
532,14:15:22,17.6,--,16,28160,买盘
533,14:15:16,17.6,0.01,129,227040,买盘
534,14:15:12,17.59,0.01,11,19349,买盘
535,14:15:07,17.58,-0.01,30,52739,卖盘
536,14:15:01,17.59,-0.01,51,89709,中性盘
537,14:14:56,17.6,--,10031,17654560,买盘
538,14:14:52,17.6,0.01,327,575520,买盘
539,14:14:46,17.59,--,378,664902,卖盘
540,14:14:41,17.59,--,36,63324,卖盘
541,14:14:37,17.59,--,26,45734,卖盘
542,14:14:31,17.59,-0.01,422,742298,卖盘
543,14:14:26,17.6,--,48,84480,买盘
544,14:14:22,17.6,0.01,68,119680,买盘
545,14:14:16,17.59,--,625,1099375,卖盘
546,14:14:11,17.59,--,30,52770,卖盘
547,14:14:07,17.59,--,49,86191,卖盘
548,14:14:01,17.59,--,278,489002,买盘
549,14:13:56,17.59,--,25,43975,买盘
550,14:13:51,17.59,0.01,218,383462,买盘
551,14:13:46,17.58,-0.01,224,393791,卖盘
552,14:13:41,17.59,--,106,186454,买盘
553,14:13:36,17.59,--,55,96745,买盘
554,14:13:31,17.59,--,175,307825,买盘
555,14:13:26,17.59,0.01,26,45734,买盘
556,14:13:21,17.58,-0.01,50,87899,卖盘
557,14:13:16,17.59,--,437,768683,买盘
558,14:13:11,17.59,0.01,9,15831,买盘
559,14:13:06,17.58,--,19,33402,卖盘
560,14:13:01,17.58,0.02,4589,8068340,买盘
561,14:12:56,17.56,--,10,17560,卖盘
562,14:12:51,17.56,--,25,44251,卖盘
563,14:12:46,17.56,--,24,42144,卖盘
564,14:12:41,17.56,--,20,35120,卖盘
565,14:12:36,17.56,0.01,420,737520,买盘
566,14:12:31,17.55,-0.01,762,1337310,卖盘
567,14:12:26,17.56,0.01,58,101847,买盘
568,14:12:21,17.55,--,34,59670,卖盘
569,14:12:16,17.55,--,38,66690,卖盘
570,14:12:11,17.55,--,17,29835,卖盘
571,14:12:06,17.55,--,16,28080,卖盘
572,14:12:01,17.55,--,79,138645,卖盘
573,14:11:56,17.55,--,106,186030,卖盘
574,14:11:51,17.55,--,18,31590,卖盘
575,14:11:46,17.55,-0.01,13,22815,卖盘
576,14:11:41,17.56,0.01,10,17560,买盘
577,14:11:36,17.55,--,26,45630,卖盘
578,14:11:31,17.55,--,32,56160,卖盘
579,14:11:21,17.55,--,16,28080,卖盘
580,14:11:16,17.55,-0.01,8,14040,卖盘
581,14:11:11,17.56,0.01,10,17560,买盘
582,14:11:06,17.55,--,1,1755,卖盘
583,14:11:01,17.55,--,71,124605,卖盘
584,14:10:51,17.55,--,28,49140,卖盘
585,14:10:46,17.55,--,290,508950,卖盘
586,14:10:41,17.55,--,13,22815,卖盘
587,14:10:36,17.55,--,110,193050,卖盘
588,14:10:31,17.55,--,56,98280,卖盘
589,14:10:21,17.55,--,14,24570,卖盘
590,14:10:11,17.55,--,19,33345,卖盘
591,14:10:01,17.55,--,91,159705,卖盘
592,14:09:56,17.55,--,74,129870,卖盘
593,14:09:51,17.55,--,17,29835,卖盘
594,14:09:46,17.55,--,706,1239030,卖盘
595,14:09:41,17.55,--,16,28080,卖盘
596,14:09:36,17.55,--,0,947,卖盘
597,14:09:31,17.55,--,14,24570,卖盘
598,14:09:26,17.55,--,5,8775,卖盘
599,14:09:21,17.55,--,14,24570,卖盘
600,14:09:16,17.55,--,0,947,卖盘
601,14:09:10,17.55,--,485,851175,卖盘
602,14:09:06,17.55,--,574,1007370,卖盘
603,14:09:01,17.55,-0.01,138,242190,卖盘
604,14:08:51,17.56,0.01,79,139672,买盘
605,14:08:46,17.55,-0.01,23,40365,卖盘
606,14:08:40,17.56,0.01,14,24584,买盘
607,14:08:36,17.55,--,108,190487,卖盘
608,14:08:31,17.55,--,70,122850,卖盘
609,14:08:25,17.55,--,67,117585,卖盘
610,14:08:21,17.55,--,70,122850,卖盘
611,14:08:16,17.55,--,272,478325,卖盘
612,14:08:10,17.55,--,176,308880,卖盘
613,14:08:01,17.55,-0.01,25,44383,卖盘
614,14:07:51,17.56,0.01,10,17560,买盘
615,14:07:46,17.55,--,58,101790,卖盘
616,14:07:40,17.55,--,16,28080,卖盘
617,14:07:35,17.55,-0.01,7,13092,卖盘
618,14:07:31,17.56,--,51,90504,卖盘
619,14:07:25,17.56,--,74,129943,买盘
620,14:07:21,17.56,0.01,17,29851,买盘
621,14:07:16,17.55,-0.01,4,7020,卖盘
622,14:07:10,17.56,-0.01,31,54435,卖盘
623,14:07:05,17.57,0.01,18,31626,买盘
624,14:07:01,17.56,--,72,126431,卖盘
625,14:06:55,17.56,-0.01,4,7023,中性盘
626,14:06:50,17.57,0.02,10,17570,买盘
627,14:06:46,17.55,-0.02,16,28360,卖盘
628,14:06:40,17.57,0.01,17,29869,买盘
629,14:06:35,17.56,-0.01,42,73752,卖盘
630,14:06:30,17.57,0.01,10,17570,买盘
631,14:06:25,17.56,-0.01,4,7023,卖盘
632,14:06:20,17.57,0.01,11,20767,买盘
633,14:06:16,17.56,--,136,239132,买盘
634,14:06:10,17.56,0.01,30,52679,买盘
635,14:06:05,17.55,--,5,8775,卖盘
636,14:06:00,17.55,-0.01,45,80414,卖盘
637,14:05:55,17.56,-0.01,21,36876,卖盘
638,14:05:50,17.57,0.01,11,19327,买盘
639,14:05:45,17.56,--,23,40388,卖盘
640,14:05:40,17.56,-0.01,18,31607,卖盘
641,14:05:35,17.57,0.01,24,42168,买盘
642,14:05:30,17.56,--,66,115895,卖盘
643,14:05:25,17.56,-0.01,18,31924,卖盘
644,14:05:20,17.57,--,10,17570,买盘
645,14:05:15,17.57,0.01,76,133532,买盘
646,14:05:10,17.56,0.01,634,1113304,买盘
647,14:05:05,17.55,--,5,8775,卖盘
648,14:05:00,17.55,--,21,36855,卖盘
649,14:04:55,17.55,--,128,224640,卖盘
650,14:04:50,17.55,--,15,26325,卖盘
651,14:04:45,17.55,-0.01,4,7020,卖盘
652,14:04:40,17.56,0.01,10,17560,买盘
653,14:04:35,17.55,--,52,91260,卖盘
654,14:04:30,17.55,--,1088,1909440,买盘
655,14:04:25,17.55,--,614,1077570,卖盘
656,14:04:20,17.55,--,15,26325,卖盘
657,14:04:15,17.55,-0.01,5,8775,卖盘
658,14:04:10,17.56,--,35,61459,买盘
659,14:04:05,17.56,--,33,57947,买盘
660,14:04:00,17.56,0.01,42,73752,买盘
661,14:03:55,17.55,--,5,8775,卖盘
662,14:03:50,17.55,--,11,19305,卖盘
663,14:03:45,17.55,--,32,56160,卖盘
664,14:03:39,17.55,--,14,24570,卖盘
665,14:03:35,17.55,--,32,56160,卖盘
666,14:03:30,17.55,-0.01,15,26325,卖盘
667,14:03:25,17.56,0.01,311,546116,买盘
668,14:03:20,17.55,--,16,28080,卖盘
669,14:03:15,17.55,-0.01,39,68445,卖盘
670,14:03:10,17.56,0.01,16,28095,买盘
671,14:03:05,17.55,--,33,57915,卖盘
672,14:03:00,17.55,--,73,128115,卖盘
673,14:02:55,17.55,0.01,54,94770,买盘
674,14:02:50,17.54,-0.01,14,24556,卖盘
675,14:02:45,17.55,0.01,3,5265,买盘
676,14:02:40,17.54,-0.01,96,168384,卖盘
677,14:02:30,17.55,0.01,18,31590,买盘
678,14:02:25,17.54,--,8,14032,卖盘
679,14:02:20,17.54,-0.01,18,31572,卖盘
680,14:02:15,17.55,0.01,10,17550,买盘
681,14:02:10,17.54,--,15,26310,卖盘
682,14:02:04,17.54,--,1,1754,卖盘
683,14:02:00,17.54,-0.01,31,54374,卖盘
684,14:01:49,17.55,--,14,24570,卖盘
685,14:01:45,17.55,-0.01,2,3510,卖盘
686,14:01:40,17.56,0.02,22,40265,买盘
687,14:01:34,17.54,-0.01,47,82438,卖盘
688,14:01:30,17.55,--,52,92786,买盘
689,14:01:19,17.55,0.01,10,17550,买盘
690,14:01:15,17.54,--,9,15786,卖盘
691,14:01:09,17.54,-0.01,70,122780,卖盘
692,14:01:04,17.55,--,189,331923,卖盘
693,14:01:00,17.55,--,178,312390,卖盘
694,14:00:55,17.55,-0.01,4,7020,卖盘
695,14:00:49,17.56,0.01,16,28095,买盘
696,14:00:45,17.55,-0.01,6,10530,卖盘
697,14:00:39,17.56,0.01,15,26339,买盘
698,14:00:34,17.55,--,127,224411,买盘
699,14:00:30,17.55,0.01,10,17550,买盘
700,14:00:25,17.54,-0.01,25,43850,卖盘
701,14:00:19,17.55,0.01,16,28080,买盘
702,14:00:10,17.54,--,57,99978,卖盘
703,14:00:04,17.54,--,35,61390,卖盘
704,14:00:00,17.54,--,20,35080,卖盘
705,13:59:55,17.54,--,12,21048,卖盘
706,13:59:49,17.54,-0.01,41,73439,卖盘
707,13:59:45,17.55,--,31,54405,买盘
708,13:59:40,17.55,--,67,117585,买盘
709,13:59:34,17.55,0.01,122,214110,买盘
710,13:59:30,17.54,--,30,52620,卖盘
711,13:59:24,17.54,-0.01,4,7016,卖盘
712,13:59:19,17.55,0.01,12,21060,买盘
713,13:59:14,17.54,-0.01,29,50866,卖盘
714,13:59:10,17.55,0.01,24,42120,买盘
715,13:59:04,17.54,--,118,206972,卖盘
716,13:58:59,17.54,--,65,114010,卖盘
717,13:58:54,17.54,-0.01,77,135058,卖盘
718,13:58:49,17.55,0.01,10,17550,买盘
719,13:58:44,17.54,--,0,0,卖盘
720,13:58:40,17.54,-0.01,454,796316,卖盘
721,13:58:34,17.55,--,913,1602666,买盘
722,13:58:29,17.55,0.01,10,17550,买盘
723,13:58:24,17.54,-0.01,73,128042,卖盘
724,13:58:19,17.55,--,11,19305,买盘
725,13:58:14,17.55,0.01,1530,2685150,买盘
726,13:58:09,17.54,-0.01,16,28064,卖盘
727,13:58:04,17.55,--,434,761670,买盘
728,13:57:59,17.55,--,11,19305,买盘
729,13:57:54,17.55,--,2014,3534570,买盘
730,13:57:49,17.55,--,17,29835,买盘
731,13:57:44,17.55,0.01,152,266760,买盘
732,13:57:39,17.54,--,37,64898,卖盘
733,13:57:34,17.54,-0.01,8,14032,卖盘
734,13:57:29,17.55,0.01,20,35100,买盘
735,13:57:24,17.54,--,28,49112,卖盘
736,13:57:19,17.54,--,17,31045,卖盘
737,13:57:09,17.54,-0.01,424,743696,卖盘
738,13:57:03,17.55,0.01,201,352755,买盘
739,13:56:59,17.54,--,37,64898,卖盘
740,13:56:54,17.54,-0.01,159,278886,卖盘
741,13:56:48,17.55,0.01,12,21060,买盘
742,13:56:39,17.54,-0.01,26,45604,卖盘
743,13:56:33,17.55,0.01,6,10530,买盘
744,13:56:29,17.54,--,83,145582,卖盘
745,13:56:18,17.54,--,126,221004,卖盘
746,13:56:14,17.54,--,1,1754,卖盘
747,13:56:09,17.54,--,15,26310,卖盘
748,13:56:03,17.54,--,80,140320,卖盘
749,13:55:59,17.54,--,52,91208,卖盘
750,13:55:54,17.54,--,5,8770,卖盘
751,13:55:48,17.54,--,16,28064,卖盘
752,13:55:39,17.54,--,24,42096,卖盘
753,13:55:33,17.54,--,18,31572,卖盘
754,13:55:29,17.54,--,15,26310,卖盘
755,13:55:24,17.54,--,941,1650514,卖盘
756,13:55:18,17.54,--,24,42096,卖盘
757,13:55:13,17.54,--,58,101732,卖盘
758,13:55:09,17.54,--,75,131550,卖盘
759,13:55:03,17.54,--,5,8770,卖盘
760,13:54:58,17.54,-0.01,26,45604,卖盘
761,13:54:54,17.55,0.01,94,164970,买盘
762,13:54:48,17.54,--,21,36834,卖盘
763,13:54:39,17.54,--,25,43850,卖盘
764,13:54:33,17.54,--,209,366586,卖盘
765,13:54:28,17.54,--,30,52620,卖盘
766,13:54:24,17.54,--,10,17540,卖盘
767,13:54:18,17.54,--,21,36834,卖盘
768,13:54:13,17.54,--,26,45604,卖盘
769,13:54:09,17.54,--,70,122780,卖盘
770,13:54:03,17.54,--,51,89454,卖盘
771,13:53:58,17.54,--,57,99978,卖盘
772,13:53:54,17.54,--,13,22802,卖盘
773,13:53:48,17.54,-0.01,48,84192,卖盘
774,13:53:39,17.55,0.01,14,24570,买盘
775,13:53:33,17.54,-0.01,97,170138,卖盘
776,13:53:28,17.55,0.01,10,17550,买盘
777,13:53:24,17.54,--,57,99978,卖盘
778,13:53:18,17.54,--,561,983994,卖盘
779,13:53:13,17.54,-0.01,84,147336,卖盘
780,13:53:09,17.55,-0.01,53,93015,卖盘
781,13:53:03,17.56,--,121,212475,买盘
782,13:52:58,17.56,0.01,15,26339,买盘
783,13:52:54,17.55,-0.01,83,145665,卖盘
784,13:52:48,17.56,0.01,12,21072,买盘
785,13:52:43,17.55,-0.01,1439,2525445,卖盘
786,13:52:38,17.56,--,10,17560,买盘
787,13:52:33,17.56,--,175,307300,买盘
788,13:52:28,17.56,0.01,16,28095,买盘
789,13:52:23,17.55,-0.01,4,7020,卖盘
790,13:52:18,17.56,0.01,20,35120,买盘
791,13:52:13,17.55,-0.01,11,19305,卖盘
792,13:52:08,17.56,0.01,11,19316,买盘
793,13:52:03,17.55,--,312,547560,卖盘
794,13:51:58,17.55,--,133,233415,卖盘
795,13:51:53,17.55,--,4,7020,卖盘
796,13:51:48,17.55,--,203,356265,卖盘
797,13:51:43,17.55,-0.01,592,1038960,卖盘
798,13:51:38,17.56,0.01,64,112383,买盘
799,13:51:33,17.55,-0.01,89,156195,卖盘
800,13:51:28,17.56,0.01,11,19316,买盘
801,13:51:23,17.55,--,475,833625,卖盘
802,13:51:18,17.55,--,16,28080,卖盘
803,13:51:13,17.55,-0.01,5,8775,卖盘
804,13:51:08,17.56,0.01,9,15803,买盘
805,13:51:03,17.55,--,37,64935,卖盘
806,13:50:58,17.55,--,23,40365,卖盘
807,13:50:53,17.55,-0.01,5,8775,卖盘
808,13:50:48,17.56,0.01,11,19316,买盘
809,13:50:43,17.55,-0.01,4,7020,卖盘
810,13:50:38,17.56,0.01,241,423195,买盘
811,13:50:33,17.55,-0.01,21,36855,卖盘
812,13:50:28,17.56,0.01,420,737520,买盘
813,13:50:23,17.55,-0.01,15,26325,卖盘
814,13:50:18,17.56,0.01,217,381052,买盘
815,13:50:12,17.55,-0.01,19,33345,卖盘
816,13:50:08,17.56,--,20,35120,买盘
817,13:50:03,17.56,--,29,50923,买盘
818,13:49:57,17.56,0.01,17,29851,买盘
819,13:49:53,17.55,--,4,7020,卖盘
820,13:49:48,17.55,0.01,2412,4234306,买盘
821,13:49:42,17.54,-0.01,37,64898,卖盘
822,13:49:38,17.55,--,10,17550,买盘
823,13:49:33,17.55,--,21,36855,买盘
824,13:49:27,17.55,--,10,17550,买盘
825,13:49:18,17.55,0.01,188,329940,买盘
826,13:49:12,17.54,-0.01,9,15786,卖盘
827,13:49:08,17.55,0.01,10,17550,买盘
828,13:49:02,17.54,--,23,40342,卖盘
829,13:48:57,17.54,--,15,26310,卖盘
830,13:48:48,17.54,--,69,121026,卖盘
831,13:48:42,17.54,-0.01,59,103486,卖盘
832,13:48:38,17.55,--,20,35100,买盘
833,13:48:32,17.55,0.01,11,19305,买盘
834,13:48:27,17.54,--,420,736680,卖盘
835,13:48:22,17.54,--,497,871738,卖盘
836,13:48:18,17.54,-0.01,53,92962,卖盘
837,13:48:12,17.55,0.01,1,1755,买盘
838,13:48:07,17.54,--,51,89454,卖盘
839,13:48:03,17.54,--,16,28064,卖盘
840,13:47:57,17.54,--,16,28064,卖盘
841,13:47:48,17.54,--,37,64898,卖盘
842,13:47:42,17.54,-0.01,47,82438,卖盘
843,13:47:37,17.55,0.01,97,170235,买盘
844,13:47:33,17.54,-0.01,10,17540,卖盘
845,13:47:27,17.55,0.01,16,28080,买盘
846,13:47:22,17.54,-0.01,124,217496,卖盘
847,13:47:18,17.55,--,14,24570,买盘
848,13:47:07,17.55,--,15,26325,买盘
849,13:47:03,17.55,--,20,35100,买盘
850,13:46:57,17.55,--,16,28080,买盘
851,13:46:48,17.55,--,16,28080,买盘
852,13:46:42,17.55,--,9,15795,买盘
853,13:46:37,17.55,0.01,9,15795,买盘
854,13:46:33,17.54,-0.01,120,210480,卖盘
855,13:46:27,17.55,0.01,24,42120,买盘
856,13:46:22,17.54,--,332,582328,卖盘
857,13:46:18,17.54,-0.01,261,457794,卖盘
858,13:46:12,17.55,--,67,117585,买盘
859,13:46:07,17.55,0.01,11,19305,买盘
860,13:46:03,17.54,--,20,35080,卖盘
861,13:45:57,17.54,--,43,75422,卖盘
862,13:45:52,17.54,--,35,61390,卖盘
863,13:45:48,17.54,--,31,54374,卖盘
864,13:45:42,17.54,--,4,7016,卖盘
865,13:45:37,17.54,--,211,370094,卖盘
866,13:45:32,17.54,--,27,47358,卖盘
867,13:45:27,17.54,--,151,264854,卖盘
868,13:45:22,17.54,-0.01,59,103486,卖盘
869,13:45:17,17.55,0.01,44,77220,买盘
870,13:45:12,17.54,--,4,7016,卖盘
871,13:45:07,17.54,--,48,84192,卖盘
872,13:45:02,17.54,-0.01,4,7016,卖盘
873,13:44:57,17.55,0.01,17,29835,买盘
874,13:44:52,17.54,-0.01,29,50866,卖盘
875,13:44:47,17.55,0.01,10,17550,买盘
876,13:44:42,17.54,-0.01,6,10524,卖盘
877,13:44:37,17.55,0.01,21,36855,买盘
878,13:44:32,17.54,--,558,978732,卖盘
879,13:44:27,17.54,-0.01,406,712124,卖盘
880,13:44:22,17.55,--,44,77220,买盘
881,13:44:17,17.55,0.01,10,17550,买盘
882,13:44:12,17.54,-0.01,75,131550,卖盘
883,13:44:07,17.55,0.01,72,126360,买盘
884,13:44:02,17.54,-0.01,9,15786,卖盘
885,13:43:57,17.55,0.01,12,21060,买盘
886,13:43:52,17.54,-0.01,16,28064,卖盘
887,13:43:47,17.55,0.01,10,17550,买盘
888,13:43:42,17.54,--,4,7016,卖盘
889,13:43:37,17.54,--,77,135058,卖盘
890,13:43:32,17.54,--,4,7016,卖盘
891,13:43:27,17.54,--,29,50866,卖盘
892,13:43:22,17.54,-0.01,5,8770,卖盘
893,13:43:17,17.55,0.01,19,33345,买盘
894,13:43:12,17.54,-0.01,41,71914,卖盘
895,13:43:06,17.55,0.01,129,226395,买盘
896,13:43:02,17.54,--,9,15786,卖盘
897,13:42:57,17.54,--,257,452040,卖盘
898,13:42:51,17.54,--,4,7016,卖盘
899,13:42:47,17.54,--,158,277132,卖盘
900,13:42:42,17.54,-0.01,7,12278,卖盘
901,13:42:36,17.55,0.01,33,57915,买盘
902,13:42:27,17.54,--,31,54374,卖盘
903,13:42:21,17.54,-0.01,4,7016,卖盘
904,13:42:17,17.55,0.01,9,15795,买盘
905,13:42:12,17.54,-0.01,5,8770,卖盘
906,13:42:06,17.55,0.01,147,257985,买盘
907,13:42:02,17.54,--,134,235036,卖盘
908,13:41:57,17.54,--,26,45604,卖盘
909,13:41:51,17.54,-0.01,60,105240,卖盘
910,13:41:47,17.55,0.01,10,17550,买盘
911,13:41:42,17.54,--,15,26310,卖盘
912,13:41:36,17.54,--,25,43850,卖盘
913,13:41:31,17.54,--,110,192940,卖盘
914,13:41:27,17.54,--,267,468318,卖盘
915,13:41:21,17.54,--,7,12278,卖盘
916,13:41:16,17.54,--,43,75422,卖盘
917,13:41:11,17.54,--,185,324490,卖盘
918,13:41:06,17.54,--,24,42096,卖盘
919,13:41:01,17.54,--,11,19294,卖盘
920,13:40:57,17.54,--,18,31572,卖盘
921,13:40:51,17.54,--,54,94716,卖盘
922,13:40:46,17.54,--,50,87700,卖盘
923,13:40:41,17.54,--,143,250822,卖盘
924,13:40:36,17.54,--,212,371848,卖盘
925,13:40:31,17.54,--,128,224512,卖盘
926,13:40:27,17.54,--,88,154352,卖盘
927,13:40:21,17.54,--,198,347292,卖盘
928,13:40:16,17.54,-0.01,313,549002,卖盘
929,13:40:11,17.55,--,171,300105,买盘
930,13:40:06,17.55,0.01,26,45630,买盘
931,13:40:01,17.54,-0.01,5,8770,卖盘
932,13:39:57,17.55,--,135,236925,买盘
933,13:39:46,17.55,0.01,15,26325,买盘
934,13:39:41,17.54,--,108,189432,卖盘
935,13:39:36,17.54,-0.01,79,138566,卖盘
936,13:39:26,17.55,--,14,24570,买盘
937,13:39:21,17.55,--,1,1755,买盘
938,13:39:16,17.55,0.01,11,19305,买盘
939,13:39:11,17.54,-0.01,35,61390,中性盘
940,13:39:06,17.55,0.02,242,424710,买盘
941,13:39:01,17.53,--,4,7012,卖盘
942,13:38:56,17.53,-0.01,24,42072,卖盘
943,13:38:51,17.54,--,40,70160,买盘
944,13:38:46,17.54,0.01,11,19294,买盘
945,13:38:41,17.53,-0.01,6,10518,卖盘
946,13:38:36,17.54,--,33,57882,买盘
947,13:38:31,17.54,0.01,1,1754,买盘
948,13:38:26,17.53,-0.01,126,220878,卖盘
949,13:38:21,17.54,0.01,26,45604,买盘
950,13:38:16,17.53,--,66,115698,卖盘
951,13:38:11,17.53,--,91,159523,卖盘
952,13:38:06,17.53,--,41,71873,卖盘
953,13:38:01,17.53,-0.02,10,17530,卖盘
954,13:37:56,17.55,0.02,18,31590,买盘
955,13:37:51,17.53,--,134,234902,卖盘
956,13:37:46,17.53,--,14,24542,卖盘
957,13:37:41,17.53,--,5,8765,卖盘
958,13:37:36,17.53,-0.01,36,63108,卖盘
959,13:37:31,17.54,-0.01,5,8770,中性盘
960,13:37:26,17.55,0.01,17,29835,买盘
961,13:37:21,17.54,-0.01,1,1754,卖盘
962,13:37:16,17.55,0.01,24,42120,买盘
963,13:37:11,17.54,--,12,21048,买盘
964,13:37:06,17.54,0.01,500,877000,买盘
965,13:37:01,17.53,-0.01,58,101674,卖盘
966,13:36:56,17.54,0.01,10,17540,买盘
967,13:36:51,17.53,-0.01,5,8765,卖盘
968,13:36:46,17.54,--,16,28064,买盘
969,13:36:36,17.54,--,45,78930,卖盘
970,13:36:30,17.54,-0.01,4,7016,卖盘
971,13:36:26,17.55,0.01,11,19305,买盘
972,13:36:21,17.54,--,13,22802,卖盘
973,13:36:16,17.54,0.01,18,31992,买盘
974,13:36:11,17.53,-0.01,4,7012,卖盘
975,13:36:06,17.54,0.01,1741,3053714,买盘
976,13:36:00,17.53,-0.01,63,110439,卖盘
977,13:35:56,17.54,0.01,10,17540,买盘
978,13:35:51,17.53,--,69,121851,买盘
979,13:35:45,17.53,0.01,11,19283,买盘
980,13:35:36,17.52,-0.01,39,69186,卖盘
981,13:35:30,17.53,-0.01,7,12271,卖盘
982,13:35:26,17.54,0.01,64,112256,买盘
983,13:35:21,17.53,0.01,13,23683,买盘
984,13:35:15,17.52,--,14,24528,卖盘
985,13:35:11,17.52,--,1,1752,卖盘
986,13:35:05,17.52,--,1032,1808064,卖盘
987,13:35:00,17.52,-0.01,109,190968,卖盘
988,13:34:56,17.53,0.01,51,89403,买盘
989,13:34:50,17.52,--,7,12264,卖盘
990,13:34:45,17.52,--,252,443168,买盘
991,13:34:41,17.52,0.01,54,94608,买盘
992,13:34:35,17.51,--,22,38522,卖盘
993,13:34:30,17.51,-0.01,4,7004,卖盘
994,13:34:25,17.52,0.01,10,17520,买盘
995,13:34:20,17.51,--,1,1751,卖盘
996,13:34:15,17.51,-0.01,50,87550,卖盘
997,13:34:10,17.52,0.01,18,31536,买盘
998,13:34:05,17.51,--,123,215373,卖盘
999,13:34:00,17.51,-0.01,98,171685,卖盘
1000,13:33:55,17.52,--,15,26280,卖盘
1001,13:33:50,17.52,--,36,63072,卖盘
1002,13:33:45,17.52,--,37,64824,卖盘
1003,13:33:40,17.52,-0.01,30,52560,卖盘
1004,13:33:35,17.53,0.01,33,57849,买盘
1005,13:33:30,17.52,0.01,448,786560,买盘
1006,13:33:25,17.51,-0.01,23,40273,卖盘
1007,13:33:15,17.52,0.01,20,35040,买盘
1008,13:33:10,17.51,-0.01,4,7004,卖盘
1009,13:33:05,17.52,0.01,35,61320,买盘
1010,13:33:00,17.51,--,45,78795,卖盘
1011,13:32:55,17.51,--,29,50779,卖盘
1012,13:32:50,17.51,-0.01,5,8755,卖盘
1013,13:32:45,17.52,0.01,15,26280,买盘
1014,13:32:40,17.51,-0.01,5,8755,卖盘
1015,13:32:35,17.52,0.01,18,31536,买盘
1016,13:32:30,17.51,--,1007,1763257,卖盘
1017,13:32:25,17.51,--,18,31518,卖盘
1018,13:32:20,17.51,-0.01,29,50779,卖盘
1019,13:32:15,17.52,--,14,24528,买盘
1020,13:32:10,17.52,0.01,1500,2628000,买盘
1021,13:32:05,17.51,--,50,87550,卖盘
1022,13:32:00,17.51,-0.01,92,161092,卖盘
1023,13:31:55,17.52,0.01,10,17520,买盘
1024,13:31:50,17.51,-0.01,34,59534,卖盘
1025,13:31:45,17.52,0.01,19,33288,买盘
1026,13:31:35,17.51,--,220,385220,卖盘
1027,13:31:30,17.51,-0.01,15,26265,卖盘
1028,13:31:25,17.52,0.01,10,17520,买盘
1029,13:31:20,17.51,--,159,278409,卖盘
1030,13:31:15,17.51,--,125,218875,卖盘
1031,13:31:10,17.51,-0.01,5,8755,卖盘
1032,13:31:05,17.52,0.01,21,36792,买盘
1033,13:31:00,17.51,-0.01,24,42024,卖盘
1034,13:30:55,17.52,0.01,55,96360,买盘
1035,13:30:50,17.51,-0.01,5,8755,卖盘
1036,13:30:45,17.52,0.01,11,19272,买盘
1037,13:30:40,17.51,--,96,169829,卖盘
1038,13:30:35,17.51,--,36,63036,卖盘
1039,13:30:30,17.51,-0.01,84,147084,卖盘
1040,13:30:25,17.52,0.01,725,1270515,买盘
1041,13:30:20,17.51,--,31,54281,卖盘
1042,13:30:15,17.51,--,299,523549,卖盘
1043,13:30:10,17.51,--,953,1669018,卖盘
1044,13:30:05,17.51,--,10,17510,卖盘
1045,13:30:00,17.51,-0.01,33,57783,卖盘
1046,13:29:55,17.52,--,11,19272,买盘
1047,13:29:50,17.52,-0.01,470,823842,卖盘
1048,13:29:45,17.53,0.01,10,17530,买盘
1049,13:29:39,17.52,--,19,33288,卖盘
1050,13:29:35,17.52,--,3490,6114480,卖盘
1051,13:29:30,17.52,-0.01,4,7008,卖盘
1052,13:29:24,17.53,0.01,11,19283,买盘
1053,13:29:20,17.52,-0.01,6,10512,卖盘
1054,13:29:15,17.53,0.01,24,42072,买盘
1055,13:29:09,17.52,--,41,71832,卖盘
1056,13:29:00,17.52,-0.01,29,50808,卖盘
1057,13:28:54,17.53,0.01,14,24542,买盘
1058,13:28:50,17.52,-0.01,5,8760,卖盘
1059,13:28:45,17.53,--,11,19283,买盘
1060,13:28:39,17.53,0.01,43,75379,买盘
1061,13:28:30,17.52,-0.01,9,15768,卖盘
1062,13:28:24,17.53,0.01,37,66193,买盘
1063,13:28:20,17.52,-0.01,5,8760,卖盘
1064,13:28:15,17.53,0.01,10,17530,买盘
1065,13:28:09,17.52,-0.01,15,26280,卖盘
1066,13:28:04,17.53,0.01,13,22789,买盘
1067,13:28:00,17.52,-0.01,39,68328,卖盘
1068,13:27:54,17.53,0.01,10,17530,买盘
1069,13:27:49,17.52,--,14,24528,卖盘
1070,13:27:45,17.52,--,247,432744,卖盘
1071,13:27:39,17.52,-0.01,4,7008,卖盘
1072,13:27:34,17.53,0.01,10,17530,买盘
1073,13:27:29,17.52,--,8,14016,卖盘
1074,13:27:24,17.52,--,25,43800,卖盘
1075,13:27:19,17.52,--,400,700800,卖盘
1076,13:27:14,17.52,--,16,28032,卖盘
1077,13:27:09,17.52,-0.01,9,15768,卖盘
1078,13:27:04,17.53,0.01,10,17530,买盘
1079,13:26:59,17.52,--,5,8760,卖盘
1080,13:26:54,17.52,-0.01,45,78840,卖盘
1081,13:26:49,17.53,0.01,2042,3579626,买盘
1082,13:26:44,17.52,--,22,38544,卖盘
1083,13:26:39,17.52,-0.01,30,52560,卖盘
1084,13:26:34,17.53,--,124,217372,买盘
1085,13:26:29,17.53,--,1,1753,买盘
1086,13:26:24,17.53,0.01,18,31554,买盘
1087,13:26:19,17.52,-0.01,30,52560,卖盘
1088,13:26:14,17.53,0.01,37,64861,买盘
1089,13:26:09,17.52,-0.01,209,366168,卖盘
1090,13:26:04,17.53,0.01,34,59602,买盘
1091,13:25:59,17.52,-0.01,9,15768,卖盘
1092,13:25:54,17.53,--,24,42072,买盘
1093,13:25:44,17.53,--,22,38566,买盘
1094,13:25:39,17.53,-0.01,738,1293731,卖盘
1095,13:25:34,17.54,--,1524,2673096,买盘
1096,13:25:24,17.54,0.01,1523,2671342,买盘
1097,13:25:19,17.53,--,4,7012,卖盘
1098,13:25:14,17.53,-0.01,34,59602,卖盘
1099,13:25:09,17.54,--,12,21048,买盘
1100,13:25:04,17.54,0.01,26,45604,买盘
1101,13:24:59,17.53,-0.01,12,21036,卖盘
1102,13:24:54,17.54,0.01,53,94084,买盘
1103,13:24:44,17.53,--,25,43825,卖盘
1104,13:24:39,17.53,-0.01,4,7012,卖盘
1105,13:24:34,17.54,0.01,19,33326,买盘
1106,13:24:29,17.53,-0.01,5,8765,卖盘
1107,13:24:24,17.54,--,113,198202,买盘
1108,13:24:14,17.54,0.01,22,38588,买盘
1109,13:24:09,17.53,-0.01,119,209921,卖盘
1110,13:24:04,17.54,0.01,27,47358,买盘
1111,13:23:59,17.53,-0.01,18,31554,卖盘
1112,13:23:54,17.54,0.01,68,119272,买盘
1113,13:23:49,17.53,--,14,24542,卖盘
1114,13:23:44,17.53,--,11,19283,卖盘
1115,13:23:39,17.53,-0.01,15,26295,卖盘
1116,13:23:34,17.54,0.01,282,494628,买盘
1117,13:23:29,17.53,-0.01,91,159523,卖盘
1118,13:23:24,17.54,0.01,10,17540,买盘
1119,13:23:19,17.53,-0.01,6,10518,卖盘
1120,13:23:14,17.54,0.01,31,54374,买盘
1121,13:23:09,17.53,-0.01,11,19283,卖盘
1122,13:23:04,17.54,0.01,117,205218,买盘
1123,13:22:59,17.53,-0.01,45,78885,卖盘
1124,13:22:54,17.54,--,13,22802,买盘
1125,13:22:49,17.54,--,24,42096,买盘
1126,13:22:44,17.54,0.01,121,212234,买盘
1127,13:22:39,17.53,-0.01,152,266456,卖盘
1128,13:22:34,17.54,0.01,47,83367,买盘
1129,13:22:29,17.53,-0.01,11,19283,卖盘
1130,13:22:24,17.54,0.01,98,171892,买盘
1131,13:22:18,17.53,--,25,44876,卖盘
1132,13:22:14,17.53,-0.01,21,36813,卖盘
1133,13:22:09,17.54,0.01,11,19294,买盘
1134,13:22:03,17.53,--,50,87650,卖盘
1135,13:21:59,17.53,-0.01,4,7012,卖盘
1136,13:21:54,17.54,0.01,301,527954,买盘
1137,13:21:48,17.53,--,34,59602,卖盘
1138,13:21:39,17.53,-0.01,17,29801,卖盘
1139,13:21:33,17.54,0.01,225,394650,买盘
1140,13:21:29,17.53,-0.01,7,12271,卖盘
1141,13:21:24,17.54,0.01,16,28064,买盘
1142,13:21:18,17.53,0.01,1175,2060598,买盘
1143,13:21:14,17.52,--,1,1752,卖盘
1144,13:21:09,17.52,-0.01,5,8760,卖盘
1145,13:21:03,17.53,--,39,68367,买盘
1146,13:20:59,17.53,--,561,983433,买盘
1147,13:20:54,17.53,--,10,17530,买盘
1148,13:20:48,17.53,0.01,183,320799,买盘
1149,13:20:43,17.52,--,2305,4038360,卖盘
1150,13:20:39,17.52,-0.01,4,7008,卖盘
1151,13:20:33,17.53,0.01,20,35060,买盘
1152,13:20:28,17.52,--,150,262800,卖盘
1153,13:20:24,17.52,--,20,35040,卖盘
1154,13:20:18,17.52,--,75,131400,卖盘
1155,13:20:13,17.52,-0.01,7,12264,卖盘
1156,13:20:09,17.53,0.01,84,147252,买盘
1157,13:20:03,17.52,--,19,33288,卖盘
1158,13:19:58,17.52,--,12,21024,卖盘
1159,13:19:54,17.52,--,5,8760,卖盘
1160,13:19:48,17.52,--,124,217248,卖盘
1161,13:19:39,17.52,--,41,71832,卖盘
1162,13:19:33,17.52,--,15,26280,卖盘
1163,13:19:28,17.52,--,20,35040,卖盘
1164,13:19:23,17.52,--,159,278568,卖盘
1165,13:19:18,17.52,--,4,7008,卖盘
1166,13:19:13,17.52,--,5,8760,卖盘
1167,13:19:03,17.52,--,24,42048,卖盘
1168,13:18:53,17.52,--,9,15768,卖盘
1169,13:18:48,17.52,--,10,17520,卖盘
1170,13:18:43,17.52,--,5,8760,卖盘
1171,13:18:38,17.52,--,13,22846,卖盘
1172,13:18:33,17.52,--,35,61320,卖盘
1173,13:18:23,17.52,--,5,8760,卖盘
1174,13:18:18,17.52,--,20,35040,卖盘
1175,13:18:13,17.52,-0.01,9,15768,卖盘
1176,13:18:08,17.53,--,40,70120,买盘
1177,13:18:03,17.53,0.01,20,35060,买盘
1178,13:17:53,17.52,--,14,24528,卖盘
1179,13:17:43,17.52,--,30,52560,卖盘
1180,13:17:33,17.52,--,55,96360,卖盘
1181,13:17:23,17.52,--,14,24528,卖盘
1182,13:17:18,17.52,--,7,12264,卖盘
1183,13:17:08,17.52,--,27,47304,卖盘
1184,13:17:03,17.52,--,28,49056,卖盘
1185,13:16:53,17.52,--,4,7008,卖盘
1186,13:16:48,17.52,--,10,17520,卖盘
1187,13:16:38,17.52,--,5,8760,卖盘
1188,13:16:33,17.52,-0.01,13,22776,卖盘
1189,13:16:23,17.53,0.01,8,14024,买盘
1190,13:16:18,17.52,--,4,7008,卖盘
1191,13:16:13,17.52,-0.01,4,7008,卖盘
1192,13:16:08,17.53,0.01,51,89403,买盘
1193,13:16:03,17.52,--,39,68328,卖盘
1194,13:15:58,17.52,--,4,7008,卖盘
1195,13:15:48,17.52,--,6,10512,卖盘
1196,13:15:42,17.52,--,4,7008,卖盘
1197,13:15:38,17.52,--,10,17520,卖盘
1198,13:15:33,17.52,--,15,26280,卖盘
1199,13:15:27,17.52,--,55,96360,卖盘
1200,13:15:23,17.52,--,55,96360,卖盘
1201,13:15:18,17.52,--,9,15768,卖盘
1202,13:15:08,17.52,--,4,7008,卖盘
1203,13:15:03,17.52,--,34,59568,卖盘
1204,13:14:57,17.52,--,21,36792,卖盘
1205,13:14:53,17.52,--,288,504576,卖盘
1206,13:14:48,17.52,--,6,10512,卖盘
1207,13:14:42,17.52,--,7,12264,卖盘
1208,13:14:38,17.52,--,10,17520,卖盘
1209,13:14:33,17.52,--,16,28032,卖盘
1210,13:14:27,17.52,--,105,185659,卖盘
1211,13:14:23,17.52,--,29,50808,卖盘
1212,13:14:18,17.52,--,8,14016,卖盘
1213,13:14:08,17.52,--,5,8760,卖盘
1214,13:14:03,17.52,--,16,28032,卖盘
1215,13:13:57,17.52,--,65,113880,卖盘
1216,13:13:53,17.52,--,13,22776,卖盘
1217,13:13:48,17.52,-0.01,5,8760,卖盘
1218,13:13:42,17.53,--,192,336576,买盘
1219,13:13:38,17.53,--,5,8765,买盘
1220,13:13:33,17.53,0.01,10,17530,买盘
1221,13:13:27,17.52,--,5,8760,卖盘
1222,13:13:23,17.52,-0.01,5,8760,卖盘
1223,13:13:18,17.53,0.01,7,12271,买盘
1224,13:13:12,17.52,--,4,7008,卖盘
1225,13:13:02,17.52,--,9,15768,卖盘
1226,13:12:57,17.52,-0.01,95,167263,卖盘
1227,13:12:52,17.53,--,25,43825,卖盘
1228,13:12:48,17.53,0.01,40,71049,买盘
1229,13:12:42,17.52,-0.01,6,10512,卖盘
1230,13:12:37,17.53,0.01,323,566219,买盘
1231,13:12:33,17.52,--,59,103368,卖盘
1232,13:12:27,17.52,-0.01,4,7008,卖盘
1233,13:12:22,17.53,--,34,59602,买盘
1234,13:12:18,17.53,--,38,66684,卖盘
1235,13:12:12,17.53,--,97,170041,卖盘
1236,13:12:03,17.53,--,226,396178,卖盘
1237,13:11:52,17.53,--,4,7012,卖盘
1238,13:11:47,17.53,--,4,7012,卖盘
1239,13:11:42,17.53,--,47,82391,卖盘
1240,13:11:32,17.53,--,45,78885,卖盘
1241,13:11:27,17.53,--,24,42072,卖盘
1242,13:11:22,17.53,--,4,7012,卖盘
1243,13:11:17,17.53,--,114,199842,卖盘
1244,13:11:12,17.53,--,212,371636,卖盘
1245,13:11:07,17.53,--,682,1196773,卖盘
1246,13:11:02,17.53,--,19,33307,卖盘
1247,13:10:57,17.53,0.01,592,1038231,买盘
1248,13:10:52,17.52,--,141,247032,卖盘
1249,13:10:47,17.52,--,9,15768,卖盘
1250,13:10:42,17.52,-0.01,40,70080,卖盘
1251,13:10:37,17.53,0.01,205,359365,买盘
1252,13:10:32,17.52,--,17,29784,卖盘
1253,13:10:27,17.52,--,11,19272,卖盘
1254,13:10:22,17.52,--,21,36792,卖盘
1255,13:10:17,17.52,--,22,38544,卖盘
1256,13:10:12,17.52,--,6,10512,卖盘
1257,13:10:07,17.52,--,9,15768,卖盘
1258,13:10:02,17.52,--,46,80592,卖盘
1259,13:09:47,17.52,-0.01,4,7008,卖盘
1260,13:09:42,17.53,--,3,5259,中性盘
1261,13:09:37,17.53,--,3,5259,买盘
1262,13:09:32,17.53,-0.01,61,106933,中性盘
1263,13:09:22,17.54,0.02,348,610392,买盘
1264,13:09:17,17.52,--,40,70080,卖盘
1265,13:09:12,17.52,-0.01,12,21024,卖盘
1266,13:09:07,17.53,0.01,1,1753,买盘
1267,13:09:02,17.52,--,33,57816,卖盘
1268,13:08:57,17.52,--,10,17520,卖盘
1269,13:08:52,17.52,--,6,10512,卖盘
1270,13:08:47,17.52,--,5,8760,卖盘
1271,13:08:36,17.52,--,288,504576,卖盘
1272,13:08:27,17.52,--,4,7008,卖盘
1273,13:08:17,17.52,--,9,15768,卖盘
1274,13:08:12,17.52,--,1,1752,卖盘
1275,13:08:06,17.52,--,4,7008,卖盘
1276,13:08:02,17.52,--,1425,2496600,卖盘
1277,13:07:57,17.52,--,309,541368,卖盘
1278,13:07:47,17.52,-0.01,4,7008,卖盘
1279,13:07:42,17.53,0.01,10,17530,买盘
1280,13:07:36,17.52,--,34,59568,卖盘
1281,13:07:32,17.52,--,187,327624,卖盘
1282,13:07:26,17.52,--,10,17520,卖盘
1283,13:07:21,17.52,--,119,208488,卖盘
1284,13:07:17,17.52,--,11,19272,卖盘
1285,13:07:12,17.52,--,23,40296,卖盘
1286,13:07:06,17.52,--,5,8760,卖盘
1287,13:07:02,17.52,--,15,26280,卖盘
1288,13:06:56,17.52,--,4,7008,卖盘
1289,13:06:47,17.52,--,31,54312,卖盘
1290,13:06:41,17.52,--,10,17520,卖盘
1291,13:06:36,17.52,--,15,26280,卖盘
1292,13:06:32,17.52,--,8,14016,卖盘
1293,13:06:26,17.52,--,14,24528,卖盘
1294,13:06:17,17.52,--,5,8760,卖盘
1295,13:06:06,17.52,--,19,33288,卖盘
1296,13:06:02,17.52,--,15,26280,卖盘
1297,13:05:57,17.52,--,139,243528,卖盘
1298,13:05:51,17.52,0.01,268,469536,买盘
1299,13:05:47,17.51,--,4,7004,卖盘
1300,13:05:42,17.51,--,4,7004,卖盘
1301,13:05:36,17.51,--,2574,4507074,卖盘
1302,13:05:32,17.51,--,119,208369,卖盘
1303,13:05:26,17.51,--,4,7004,卖盘
1304,13:05:21,17.51,--,15,26265,卖盘
1305,13:05:16,17.51,--,70,122570,卖盘
1306,13:05:11,17.51,--,4,7004,卖盘
1307,13:05:06,17.51,--,253,443003,卖盘
1308,13:05:01,17.51,--,9,15759,卖盘
1309,13:04:56,17.51,--,276,483276,卖盘
1310,13:04:51,17.51,--,83,145333,卖盘
1311,13:04:46,17.51,--,10,17510,卖盘
1312,13:04:41,17.51,--,18,31518,卖盘
1313,13:04:36,17.51,--,108,189108,卖盘
1314,13:04:31,17.51,--,108,189108,卖盘
1315,13:04:26,17.51,--,237,414987,卖盘
1316,13:04:21,17.51,--,9,15759,卖盘
1317,13:04:11,17.51,--,20,35020,卖盘
1318,13:04:06,17.51,--,109,190859,卖盘
1319,13:04:01,17.51,--,29,50779,卖盘
1320,13:03:56,17.51,--,104,182104,卖盘
1321,13:03:51,17.51,--,136,238136,卖盘
1322,13:03:41,17.51,--,11,19261,卖盘
1323,13:03:36,17.51,--,74,129574,卖盘
1324,13:03:31,17.51,--,107,187357,卖盘
1325,13:03:26,17.51,--,10,17510,卖盘
1326,13:03:21,17.51,--,5,8755,卖盘
1327,13:03:16,17.51,--,105,183855,卖盘
1328,13:03:11,17.51,--,4,7004,卖盘
1329,13:03:06,17.51,--,68,119068,卖盘
1330,13:03:01,17.51,--,9,15759,卖盘
1331,13:02:56,17.51,-0.01,62,108562,卖盘
1332,13:02:51,17.52,--,66,115632,买盘
1333,13:02:46,17.52,0.01,4,7008,买盘
1334,13:02:41,17.51,--,19,33269,卖盘
1335,13:02:36,17.51,--,285,499035,卖盘
1336,13:02:31,17.51,--,1,1751,卖盘
1337,13:02:26,17.51,--,1070,1874042,卖盘
1338,13:02:21,17.51,--,77,134827,卖盘
1339,13:02:16,17.51,--,2,3502,卖盘
1340,13:02:11,17.51,--,22,38522,卖盘
1341,13:02:06,17.51,--,322,563822,卖盘
1342,13:02:01,17.51,--,5,8755,卖盘
1343,13:01:56,17.51,--,219,383469,卖盘
1344,13:01:51,17.51,--,87,152337,卖盘
1345,13:01:45,17.51,--,1,1751,卖盘
1346,13:01:41,17.51,--,163,285413,卖盘
1347,13:01:35,17.51,--,174,304674,卖盘
1348,13:01:30,17.51,--,121,211871,卖盘
1349,13:01:26,17.51,--,133,232883,卖盘
1350,13:01:21,17.51,--,1,1751,卖盘
1351,13:01:15,17.51,--,6,10506,卖盘
1352,13:01:11,17.51,--,77,136122,卖盘
1353,13:01:06,17.51,--,134,234634,卖盘
1354,13:01:00,17.51,-0.01,31,54281,卖盘
1355,13:00:56,17.52,--,421,737592,卖盘
1356,13:00:50,17.52,--,313,548376,卖盘
1357,13:00:45,17.52,--,31,54312,卖盘
1358,13:00:41,17.52,--,460,805920,卖盘
1359,13:00:35,17.52,--,46,80592,卖盘
1360,13:00:30,17.52,--,14,24528,卖盘
1361,13:00:26,17.52,--,1144,2004761,卖盘
1362,13:00:20,17.52,--,2274,3984994,卖盘
1363,13:00:15,17.52,--,222,388944,卖盘
1364,13:00:11,17.52,--,142,248784,卖盘
1365,13:00:05,17.52,-0.01,5098,8931696,卖盘
1366,11:30:00,17.53,--,0,0,卖盘
1367,11:30:00,17.53,--,0,0,卖盘
1368,11:29:57,17.53,--,5,8765,卖盘
1369,11:29:47,17.53,--,29,50837,卖盘
1370,11:29:42,17.53,--,10,17530,卖盘
1371,11:29:37,17.53,--,263,461039,买盘
1372,11:29:27,17.53,--,100,175300,买盘
1373,11:29:12,17.53,0.01,3,5259,买盘
1374,11:29:07,17.52,-0.01,45,78840,卖盘
1375,11:29:01,17.53,--,4,7012,卖盘
1376,11:28:57,17.53,--,16,28048,卖盘
1377,11:28:52,17.53,--,190,333070,卖盘
1378,11:28:37,17.53,--,75,131475,卖盘
1379,11:28:32,17.53,-0.01,10,17530,卖盘
1380,11:28:27,17.54,0.01,206,361324,买盘
1381,11:28:22,17.53,--,220,385660,卖盘
1382,11:28:12,17.53,--,51,89403,卖盘
1383,11:28:07,17.53,-0.01,120,210360,卖盘
1384,11:28:02,17.54,0.01,102,178908,买盘
1385,11:27:57,17.53,--,454,796913,卖盘
1386,11:27:52,17.53,--,500,876500,卖盘
1387,11:27:47,17.53,-0.01,71,124463,卖盘
1388,11:27:42,17.54,0.01,2,3508,买盘
1389,11:27:37,17.53,--,35,61355,卖盘
1390,11:27:27,17.53,-0.01,100,175300,卖盘
1391,11:27:17,17.54,0.01,7,12278,买盘
1392,11:27:12,17.53,--,65,113945,卖盘
1393,11:27:02,17.53,--,24,42072,卖盘
1394,11:26:52,17.53,--,205,359365,卖盘
1395,11:26:47,17.53,--,38,66614,卖盘
1396,11:26:32,17.53,--,121,212113,卖盘
1397,11:26:17,17.53,-0.01,14,24542,卖盘
1398,11:26:07,17.54,0.01,92,161368,买盘
1399,11:26:02,17.53,--,66,115698,卖盘
1400,11:25:57,17.53,--,29,51012,卖盘
1401,11:25:52,17.53,--,12,21036,卖盘
1402,11:25:47,17.53,--,7,12271,卖盘
1403,11:25:37,17.53,--,12,21036,卖盘
1404,11:25:32,17.53,--,5,8765,卖盘
1405,11:25:27,17.53,--,38,66614,卖盘
1406,11:25:21,17.53,--,111,194583,卖盘
1407,11:25:16,17.53,--,31,54343,卖盘
1408,11:25:11,17.53,--,165,289245,卖盘
1409,11:25:06,17.53,--,20,35060,卖盘
1410,11:25:01,17.53,--,108,189324,卖盘
1411,11:24:51,17.53,-0.01,23,40319,卖盘
1412,11:24:46,17.54,0.01,15,26310,买盘
1413,11:24:36,17.53,--,245,429485,卖盘
1414,11:24:31,17.53,--,122,213866,卖盘
1415,11:24:26,17.53,--,1,1753,卖盘
1416,11:24:21,17.53,--,21,36813,卖盘
1417,11:24:16,17.53,--,7,12271,卖盘
1418,11:24:11,17.53,--,29,50837,卖盘
1419,11:24:06,17.53,--,15,26295,卖盘
1420,11:24:01,17.53,-0.01,61,106933,卖盘
1421,11:23:56,17.54,0.01,1121,1966234,买盘
1422,11:23:51,17.53,--,15,26295,卖盘
1423,11:23:46,17.53,--,349,611797,卖盘
1424,11:23:40,17.53,--,5,8765,卖盘
1425,11:23:36,17.53,--,11,19283,卖盘
1426,11:23:30,17.53,--,14,24542,卖盘
1427,11:23:21,17.53,--,39,68980,卖盘
1428,11:23:15,17.53,--,471,825663,卖盘
1429,11:23:11,17.53,--,5,8765,卖盘
1430,11:23:06,17.53,--,10,17530,卖盘
1431,11:23:00,17.53,--,19,33307,卖盘
1432,11:22:51,17.53,-0.01,43,75379,卖盘
1433,11:22:46,17.54,0.01,19,33326,买盘
1434,11:22:41,17.53,--,10,17530,卖盘
1435,11:22:36,17.53,--,75,131475,卖盘
1436,11:22:31,17.53,--,75,131475,卖盘
1437,11:22:26,17.53,--,100,175300,卖盘
1438,11:22:21,17.53,--,11,19283,卖盘
1439,11:22:16,17.53,--,8,14024,卖盘
1440,11:22:11,17.53,--,4,7012,卖盘
1441,11:22:06,17.53,--,37,64861,卖盘
1442,11:22:01,17.53,--,48,84144,卖盘
1443,11:21:51,17.53,--,77,134981,卖盘
1444,11:21:46,17.53,--,55,96415,卖盘
1445,11:21:36,17.53,--,19,33307,卖盘
1446,11:21:30,17.53,--,15,26295,卖盘
1447,11:21:26,17.53,--,4,7012,卖盘
1448,11:21:21,17.53,--,12,21036,卖盘
1449,11:21:16,17.53,--,7,12271,卖盘
1450,11:21:11,17.53,--,116,203348,卖盘
1451,11:21:06,17.53,--,22,38566,卖盘
1452,11:21:01,17.53,--,104,182312,卖盘
1453,11:20:56,17.53,--,20,35060,卖盘
1454,11:20:51,17.53,--,71,124463,卖盘
1455,11:20:46,17.53,--,8,14024,卖盘
1456,11:20:41,17.53,--,4,7012,卖盘
1457,11:20:36,17.53,-0.01,7,12271,卖盘
1458,11:20:31,17.54,0.01,42,73668,买盘
1459,11:20:21,17.53,--,22,38566,卖盘
1460,11:20:16,17.53,--,20,35060,卖盘
1461,11:20:06,17.53,--,7,12271,卖盘
1462,11:20:01,17.53,-0.01,58,101674,卖盘
1463,11:19:56,17.54,0.01,48,84192,买盘
1464,11:19:51,17.53,-0.01,11,19283,卖盘
1465,11:19:46,17.54,0.01,31,54374,买盘
1466,11:19:36,17.53,-0.01,152,266456,卖盘
1467,11:19:31,17.54,0.01,103,180662,买盘
1468,11:19:26,17.53,--,18,32781,卖盘
1469,11:19:16,17.53,--,38,66614,卖盘
1470,11:19:11,17.53,--,17,29801,卖盘
1471,11:19:06,17.53,--,15,26295,卖盘
1472,11:19:01,17.53,--,9,15777,卖盘
1473,11:18:56,17.53,--,37,64861,卖盘
1474,11:18:45,17.53,0.01,198,347094,买盘
1475,11:18:41,17.52,--,802,1405104,卖盘
1476,11:18:36,17.52,--,11,19272,卖盘
1477,11:18:30,17.52,--,1,1752,卖盘
1478,11:18:26,17.52,--,8,14016,卖盘
1479,11:18:20,17.52,--,5,8760,卖盘
1480,11:18:15,17.52,--,7,12264,卖盘
1481,11:18:10,17.52,--,4,7008,卖盘
1482,11:18:05,17.52,--,7,12264,卖盘
1483,11:18:00,17.52,--,105,183960,卖盘
1484,11:17:55,17.52,--,153,268056,卖盘
1485,11:17:45,17.52,--,18,31536,卖盘
1486,11:17:40,17.52,--,49,85848,卖盘
1487,11:17:35,17.52,-0.01,29,50808,卖盘
1488,11:17:30,17.53,--,557,977595,卖盘
1489,11:17:25,17.53,--,24,42072,卖盘
1490,11:17:15,17.53,--,1077,1888454,卖盘
1491,11:17:10,17.53,--,443,776579,卖盘
1492,11:17:05,17.53,--,191,334823,卖盘
1493,11:17:00,17.53,--,138,241914,卖盘
1494,11:16:55,17.53,--,1076,1886701,卖盘
1495,11:16:50,17.53,--,159,278727,卖盘
1496,11:16:45,17.53,--,27,47331,卖盘
1497,11:16:40,17.53,--,55,96415,卖盘
1498,11:16:35,17.53,--,17,29801,卖盘
1499,11:16:30,17.53,--,54,94662,卖盘
1500,11:16:25,17.53,--,45,78885,卖盘
1501,11:16:20,17.53,--,557,976421,卖盘
1502,11:16:15,17.53,--,199,349267,卖盘
1503,11:16:10,17.53,--,110,192830,卖盘
1504,11:16:04,17.53,--,7,12271,卖盘
1505,11:16:00,17.53,--,12,21036,卖盘
1506,11:15:55,17.53,--,105,184345,卖盘
1507,11:15:50,17.53,--,4,7012,卖盘
1508,11:15:45,17.53,--,14,24542,卖盘
1509,11:15:40,17.53,--,90,157770,卖盘
1510,11:15:35,17.53,--,70,122710,卖盘
1511,11:15:25,17.53,--,49,85897,卖盘
1512,11:15:19,17.53,--,29,50837,卖盘
1513,11:15:15,17.53,--,82,143746,卖盘
1514,11:15:10,17.53,--,9,15777,卖盘
1515,11:15:05,17.53,--,7,12271,卖盘
1516,11:15:00,17.53,--,4,7012,卖盘
1517,11:14:55,17.53,--,26,45578,卖盘
1518,11:14:50,17.53,--,36,63108,卖盘
1519,11:14:45,17.53,-0.01,18,31554,卖盘
1520,11:14:40,17.54,0.01,69,121026,买盘
1521,11:14:35,17.53,--,27,47331,卖盘
1522,11:14:30,17.53,--,7,12271,卖盘
1523,11:14:25,17.53,--,37,64861,卖盘
1524,11:14:15,17.53,--,71,124463,卖盘
1525,11:14:10,17.53,--,23,40319,卖盘
1526,11:14:05,17.53,--,112,196336,卖盘
1527,11:14:00,17.53,0.01,3976,6970611,买盘
1528,11:13:55,17.52,--,11,19272,卖盘
1529,11:13:50,17.52,--,4,7008,卖盘
1530,11:13:45,17.52,--,15,26280,卖盘
1531,11:13:40,17.52,--,5,8760,卖盘
1532,11:13:35,17.52,--,27,47304,卖盘
1533,11:13:25,17.52,--,36,63072,卖盘
1534,11:13:20,17.52,--,8,14016,卖盘
1535,11:13:14,17.52,--,18,31536,卖盘
1536,11:13:10,17.52,--,300,525600,卖盘
1537,11:13:05,17.52,--,28,49056,卖盘
1538,11:13:00,17.52,--,8,14016,卖盘
1539,11:12:55,17.52,--,59,103368,卖盘
1540,11:12:50,17.52,--,129,226008,卖盘
1541,11:12:45,17.52,--,73,127896,卖盘
1542,11:12:40,17.52,--,2,3504,卖盘
1543,11:12:35,17.52,--,22,38544,卖盘
1544,11:12:30,17.52,--,20,35040,卖盘
1545,11:12:25,17.52,--,58,101616,卖盘
1546,11:12:20,17.52,--,100,175200,卖盘
1547,11:12:15,17.52,--,28,49056,卖盘
1548,11:12:10,17.52,--,10,17520,卖盘
1549,11:12:05,17.52,--,16,28032,卖盘
1550,11:11:59,17.52,--,50,87600,卖盘
1551,11:11:54,17.52,--,315,553176,卖盘
1552,11:11:50,17.52,--,65,113880,卖盘
1553,11:11:44,17.52,--,154,269808,卖盘
1554,11:11:39,17.52,--,164,287328,卖盘
1555,11:11:34,17.52,--,16,28032,卖盘
1556,11:11:24,17.52,--,87,152424,卖盘
1557,11:11:19,17.52,--,9,15768,卖盘
1558,11:11:14,17.52,--,15,26280,卖盘
1559,11:11:09,17.52,--,13,22776,卖盘
1560,11:11:04,17.52,--,31,54312,卖盘
1561,11:10:54,17.52,-0.01,11,19272,卖盘
1562,11:10:44,17.53,--,2056,3605237,卖盘
1563,11:10:39,17.53,--,146,255938,卖盘
1564,11:10:34,17.53,--,461,808956,卖盘
1565,11:10:29,17.53,--,34,59602,卖盘
1566,11:10:24,17.53,--,519,909807,卖盘
1567,11:10:19,17.53,--,85,149005,卖盘
1568,11:10:14,17.53,--,76,133228,卖盘
1569,11:10:09,17.53,--,235,411955,卖盘
1570,11:10:04,17.53,--,1100,1928773,卖盘
1571,11:09:59,17.53,--,14,24542,卖盘
1572,11:09:54,17.53,--,8,14024,卖盘
1573,11:09:49,17.53,--,4,7012,卖盘
1574,11:09:44,17.53,--,7,12271,卖盘
1575,11:09:39,17.53,-0.01,150,262950,卖盘
1576,11:09:34,17.54,--,132,231528,买盘
1577,11:09:29,17.54,--,4248,7451676,卖盘
1578,11:09:24,17.54,--,169,296426,卖盘
1579,11:09:14,17.54,--,17,29818,卖盘
1580,11:09:09,17.54,--,35,61390,卖盘
1581,11:09:04,17.54,--,25,43850,卖盘
1582,11:08:59,17.54,--,5,8770,卖盘
1583,11:08:54,17.54,--,39,68406,卖盘
1584,11:08:48,17.54,--,35,61390,卖盘
1585,11:08:44,17.54,--,11,19294,卖盘
1586,11:08:39,17.54,--,88,154352,卖盘
1587,11:08:34,17.54,--,445,780530,卖盘
1588,11:08:24,17.54,--,1075,1886023,卖盘
1589,11:08:19,17.54,--,25,43850,卖盘
1590,11:08:14,17.54,--,12,21048,卖盘
1591,11:08:09,17.54,--,62,108748,卖盘
1592,11:08:03,17.54,--,36,63144,卖盘
1593,11:07:54,17.54,--,35,61390,卖盘
1594,11:07:49,17.54,--,125,219250,卖盘
1595,11:07:44,17.54,--,20,35080,卖盘
1596,11:07:39,17.54,--,11,19294,卖盘
1597,11:07:33,17.54,--,124,217496,卖盘
1598,11:07:29,17.54,--,6,10524,卖盘
1599,11:07:23,17.54,--,131,229774,卖盘
1600,11:07:19,17.54,--,50,87700,卖盘
1601,11:07:14,17.54,--,11,19294,卖盘
1602,11:07:09,17.54,--,5,8770,卖盘
1603,11:07:04,17.54,--,52,91208,卖盘
1604,11:06:53,17.54,-0.01,7,12278,卖盘
1605,11:06:48,17.55,0.01,212,372060,买盘
1606,11:06:44,17.54,--,124,217496,卖盘
1607,11:06:39,17.54,--,11,19294,卖盘
1608,11:06:33,17.54,--,245,429730,卖盘
1609,11:06:23,17.54,--,20,35080,卖盘
1610,11:06:19,17.54,--,188,330453,卖盘
1611,11:06:14,17.54,--,7,12278,卖盘
1612,11:06:08,17.54,--,4,7016,卖盘
1613,11:06:03,17.54,--,1580,2772810,卖盘
1614,11:05:59,17.54,--,9,15786,卖盘
1615,11:05:53,17.54,--,7,12278,卖盘
1616,11:05:48,17.54,--,10,17540,卖盘
1617,11:05:42,17.54,--,12,21048,卖盘
1618,11:05:34,17.54,--,26,45604,卖盘
1619,11:05:24,17.54,--,7,12278,卖盘
1620,11:05:18,17.54,-0.01,15,26310,卖盘
1621,11:05:13,17.55,0.01,31,54405,买盘
1622,11:05:08,17.54,--,4,7016,卖盘
1623,11:05:03,17.54,--,8,14032,卖盘
1624,11:04:57,17.54,--,5,8770,卖盘
1625,11:04:53,17.54,--,14,24556,卖盘
1626,11:04:48,17.54,-0.01,10,17540,卖盘
1627,11:04:42,17.55,0.01,27,47385,买盘
1628,11:04:38,17.54,--,9,15786,卖盘
1629,11:04:33,17.54,--,11,20171,卖盘
1630,11:04:28,17.54,--,7,12278,卖盘
1631,11:04:23,17.54,--,7,12278,卖盘
1632,11:04:12,17.54,--,23,40342,卖盘
1633,11:04:03,17.54,--,45,78930,卖盘
1634,11:03:58,17.54,--,13,22802,卖盘
1635,11:03:53,17.54,--,7,12278,卖盘
1636,11:03:48,17.54,--,15,26310,卖盘
1637,11:03:42,17.54,--,7,12278,卖盘
1638,11:03:38,17.54,--,4,7016,卖盘
1639,11:03:33,17.54,--,127,222758,卖盘
1640,11:03:27,17.54,--,10,17540,卖盘
1641,11:03:23,17.54,--,10,17540,卖盘
1642,11:03:13,17.54,--,19,33326,卖盘
1643,11:03:07,17.54,-0.01,10,17540,卖盘
1644,11:03:03,17.55,0.01,25,43875,买盘
1645,11:02:58,17.54,--,34,59636,卖盘
1646,11:02:53,17.54,--,5,8770,卖盘
1647,11:02:48,17.54,--,5,8770,卖盘
1648,11:02:42,17.54,--,11,19294,卖盘
1649,11:02:33,17.54,-0.01,696,1220784,卖盘
1650,11:02:27,17.55,--,28,49140,买盘
1651,11:02:22,17.55,0.01,20,35100,买盘
1652,11:02:18,17.54,--,8,14032,卖盘
1653,11:02:12,17.54,--,9,15786,卖盘
1654,11:02:08,17.54,--,15,26310,卖盘
1655,11:02:03,17.54,--,44,77176,卖盘
1656,11:01:57,17.54,-0.01,18,31572,卖盘
1657,11:01:48,17.55,0.01,20,35100,买盘
1658,11:01:42,17.54,--,12,21048,卖盘
1659,11:01:32,17.54,--,133,233282,卖盘
1660,11:01:27,17.54,--,11,19294,卖盘
1661,11:01:17,17.54,--,13,22802,卖盘
1662,11:01:13,17.54,--,36,63144,卖盘
1663,11:01:02,17.54,--,17,29818,卖盘
1664,11:00:57,17.54,-0.01,61,106994,卖盘
1665,11:00:53,17.55,0.01,3,5265,买盘
1666,11:00:47,17.54,--,43,75422,卖盘
1667,11:00:42,17.54,--,95,166630,卖盘
1668,11:00:38,17.54,--,5,8770,卖盘
1669,11:00:32,17.54,-0.01,1007,1766278,卖盘
1670,11:00:28,17.55,0.01,367,644085,买盘
1671,11:00:23,17.54,-0.01,102,178908,卖盘
1672,11:00:17,17.55,0.01,58,101790,买盘
1673,11:00:13,17.54,-0.01,308,540232,卖盘
1674,11:00:08,17.55,0.01,159,279045,买盘
1675,11:00:02,17.54,--,410,719140,卖盘
1676,10:59:58,17.54,--,32,56128,卖盘
1677,10:59:52,17.54,--,13,22802,卖盘
1678,10:59:47,17.54,--,172,301688,卖盘
1679,10:59:43,17.54,--,106,185924,卖盘
1680,10:59:38,17.54,--,44,77176,卖盘
1681,10:59:32,17.54,--,12,21048,卖盘
1682,10:59:28,17.54,0.01,2822,4950822,买盘
1683,10:59:23,17.53,--,50,87650,卖盘
1684,10:59:17,17.53,--,20,35060,卖盘
1685,10:59:12,17.53,--,19,33307,卖盘
1686,10:59:08,17.53,--,16,29345,卖盘
1687,10:59:02,17.53,--,17,29801,卖盘
1688,10:58:57,17.53,-0.01,474,830922,卖盘
1689,10:58:53,17.54,0.01,81,142074,买盘
1690,10:58:47,17.53,--,5,8765,卖盘
1691,10:58:42,17.53,--,13,22789,卖盘
1692,10:58:37,17.53,--,110,192830,卖盘
1693,10:58:32,17.53,--,20,35060,卖盘
1694,10:58:27,17.53,--,25,43825,卖盘
1695,10:58:17,17.53,--,14,24542,卖盘
1696,10:58:12,17.53,-0.01,91,159523,卖盘
1697,10:58:06,17.54,0.01,242,424468,买盘
1698,10:58:02,17.53,-0.01,16,28048,卖盘
1699,10:57:57,17.54,--,77,135058,买盘
1700,10:57:52,17.54,0.01,91,159614,买盘
1701,10:57:47,17.53,--,343,601279,卖盘
1702,10:57:42,17.53,--,78,136734,卖盘
1703,10:57:37,17.53,--,5,8765,卖盘
1704,10:57:32,17.53,-0.01,624,1093872,卖盘
1705,10:57:27,17.54,0.01,227,398158,买盘
1706,10:57:22,17.53,--,65,113945,卖盘
1707,10:57:17,17.53,--,3,5259,卖盘
1708,10:57:12,17.53,--,21,36813,卖盘
1709,10:57:06,17.53,--,25,45350,卖盘
1710,10:57:02,17.53,--,38,66614,卖盘
1711,10:56:57,17.53,--,42,73626,卖盘
1712,10:56:51,17.53,--,152,266456,卖盘
1713,10:56:47,17.53,--,34,59602,卖盘
1714,10:56:42,17.53,--,212,371636,卖盘
1715,10:56:37,17.53,-0.01,22,38566,卖盘
1716,10:56:32,17.54,0.01,1802,3160708,买盘
1717,10:56:27,17.53,--,47,82391,卖盘
1718,10:56:21,17.53,--,546,957138,卖盘
1719,10:56:17,17.53,--,59,104952,卖盘
1720,10:56:12,17.53,--,620,1086860,卖盘
1721,10:56:07,17.53,--,158,276974,卖盘
1722,10:56:02,17.53,--,4,7012,卖盘
1723,10:55:57,17.53,--,722,1265981,卖盘
1724,10:55:51,17.53,--,114,199842,卖盘
1725,10:55:47,17.53,--,8,14024,卖盘
1726,10:55:42,17.53,--,202,354106,卖盘
1727,10:55:36,17.53,--,46,80638,卖盘
1728,10:55:27,17.53,--,170,298010,卖盘
1729,10:55:21,17.53,--,69,120957,卖盘
1730,10:55:17,17.53,--,4,7012,卖盘
1731,10:55:12,17.53,-0.01,2041,3578591,卖盘
1732,10:55:06,17.54,--,1460,2561155,卖盘
1733,10:55:02,17.54,--,22,38588,卖盘
1734,10:54:57,17.54,--,7,12278,卖盘
1735,10:54:51,17.54,--,64,112256,卖盘
1736,10:54:41,17.54,--,15,26310,卖盘
1737,10:54:36,17.54,--,26,45604,卖盘
1738,10:54:32,17.54,--,4,7016,卖盘
1739,10:54:26,17.54,--,19,33326,卖盘
1740,10:54:17,17.54,--,5,8770,卖盘
1741,10:54:11,17.54,--,11,19294,卖盘
1742,10:54:06,17.54,--,7,12278,卖盘
1743,10:54:02,17.54,--,9,15786,卖盘
1744,10:53:56,17.54,--,56,98224,卖盘
1745,10:53:51,17.54,--,10,17540,卖盘
1746,10:53:46,17.54,--,4,7016,卖盘
1747,10:53:41,17.54,--,8,14032,卖盘
1748,10:53:36,17.54,--,67,117518,卖盘
1749,10:53:31,17.54,--,100,175400,卖盘
1750,10:53:26,17.54,--,7,12278,卖盘
1751,10:53:21,17.54,--,5,8770,卖盘
1752,10:53:11,17.54,--,81,142074,卖盘
1753,10:53:06,17.54,--,24,42096,卖盘
1754,10:53:01,17.54,--,28,49112,卖盘
1755,10:52:56,17.54,--,12,21048,卖盘
1756,10:52:51,17.54,--,4,7016,卖盘
1757,10:52:46,17.54,--,35,61390,卖盘
1758,10:52:41,17.54,--,33,57882,卖盘
1759,10:52:36,17.54,--,7,12278,卖盘
1760,10:52:32,17.54,--,33,57882,卖盘
1761,10:52:26,17.54,--,107,187678,卖盘
1762,10:52:15,17.54,--,5,8770,卖盘
1763,10:52:11,17.54,--,12,21048,卖盘
1764,10:52:06,17.54,--,56,99276,卖盘
1765,10:52:00,17.54,--,108,189432,卖盘
1766,10:51:56,17.54,--,78,136812,卖盘
1767,10:51:51,17.54,--,6,10524,卖盘
1768,10:51:41,17.54,--,11,19294,卖盘
1769,10:51:36,17.54,--,61,106994,卖盘
1770,10:51:26,17.54,-0.01,841,1475166,卖盘
1771,10:51:21,17.55,0.01,61,107055,买盘
1772,10:51:11,17.54,--,12,21048,卖盘
1773,10:51:06,17.54,--,7,12278,卖盘
1774,10:51:00,17.54,--,4,7016,卖盘
1775,10:50:56,17.54,--,36,63144,卖盘
1776,10:50:51,17.54,--,20,35080,卖盘
1777,10:50:41,17.54,-0.01,7,12278,卖盘
1778,10:50:36,17.55,0.01,40,70200,买盘
1779,10:50:26,17.54,--,107,187678,卖盘
1780,10:50:21,17.54,--,5,8770,卖盘
1781,10:50:11,17.54,--,11,19294,卖盘
1782,10:50:06,17.54,--,126,221004,卖盘
1783,10:50:00,17.54,--,65,114010,卖盘
1784,10:49:56,17.54,-0.01,11,19294,卖盘
1785,10:49:51,17.55,0.01,12,21060,买盘
1786,10:49:45,17.54,-0.01,12,21048,卖盘
1787,10:49:41,17.55,0.01,8,14040,买盘
1788,10:49:36,17.54,-0.01,7,12278,卖盘
1789,10:49:30,17.55,0.01,34,59670,买盘
1790,10:49:26,17.54,-0.01,90,157860,卖盘
1791,10:49:21,17.55,--,22,38610,买盘
1792,10:49:15,17.55,0.01,37,64935,买盘
1793,10:49:06,17.54,--,56,98224,卖盘
1794,10:49:00,17.54,--,11,19294,卖盘
1795,10:48:56,17.54,-0.01,7,12278,卖盘
1796,10:48:51,17.55,--,114,200070,买盘
1797,10:48:45,17.55,--,15,26325,买盘
1798,10:48:41,17.55,0.01,76,133380,买盘
1799,10:48:36,17.54,--,34,59636,卖盘
1800,10:48:30,17.54,--,64,112256,卖盘
1801,10:48:25,17.54,--,7,12278,卖盘
1802,10:48:21,17.54,--,9,15786,卖盘
1803,10:48:15,17.54,--,36,63144,卖盘
1804,10:48:06,17.54,--,7,12278,卖盘
1805,10:48:00,17.54,--,10,17540,卖盘
1806,10:47:56,17.54,--,58,101732,卖盘
1807,10:47:51,17.54,--,4,7016,卖盘
1808,10:47:45,17.54,--,14,24556,卖盘
1809,10:47:36,17.54,--,12,21048,卖盘
1810,10:47:30,17.54,--,100,175400,卖盘
1811,10:47:25,17.54,--,7,12278,卖盘
1812,10:47:21,17.54,--,5,8770,卖盘
1813,10:47:15,17.54,--,12,21048,卖盘
1814,10:47:10,17.54,--,5,8770,卖盘
1815,10:47:06,17.54,--,16,28064,卖盘
1816,10:47:00,17.54,--,9,15786,卖盘
1817,10:46:55,17.54,--,7,12278,卖盘
1818,10:46:50,17.54,--,2,3508,卖盘
1819,10:46:45,17.54,--,13,22802,卖盘
1820,10:46:35,17.54,--,7,12278,卖盘
1821,10:46:30,17.54,--,33,57882,卖盘
1822,10:46:25,17.54,--,11,19294,卖盘
1823,10:46:20,17.54,--,4,7016,卖盘
1824,10:46:15,17.54,--,75,131550,卖盘
1825,10:46:05,17.54,--,12,21048,卖盘
1826,10:46:00,17.54,--,4,7016,卖盘
1827,10:45:55,17.54,--,7,12278,卖盘
1828,10:45:50,17.54,--,12,21048,卖盘
1829,10:45:45,17.54,--,7,12278,卖盘
1830,10:45:40,17.54,--,6,10524,卖盘
1831,10:45:35,17.54,-0.01,361,633194,卖盘
1832,10:45:30,17.55,0.01,64,112320,买盘
1833,10:45:25,17.54,-0.01,61,106994,卖盘
1834,10:45:20,17.55,--,21,36855,买盘
1835,10:45:15,17.55,0.01,16,28080,买盘
1836,10:45:05,17.54,--,7,12278,卖盘
1837,10:45:00,17.54,--,10,17540,卖盘
1838,10:44:54,17.54,--,9,15786,卖盘
1839,10:44:50,17.54,--,9,15786,卖盘
1840,10:44:45,17.54,--,7,12278,卖盘
1841,10:44:35,17.54,--,12,21048,卖盘
1842,10:44:30,17.54,-0.01,15,26310,卖盘
1843,10:44:24,17.55,--,7,12285,卖盘
1844,10:44:20,17.55,--,54,94770,卖盘
1845,10:44:15,17.55,--,1007,1767285,卖盘
1846,10:44:09,17.55,--,19,33345,卖盘
1847,10:44:05,17.55,--,9,15795,卖盘
1848,10:44:00,17.55,--,9,15795,卖盘
1849,10:43:54,17.55,--,27,47385,卖盘
1850,10:43:45,17.55,--,11,19305,卖盘
1851,10:43:35,17.55,--,8,14040,卖盘
1852,10:43:30,17.55,--,110,193050,卖盘
1853,10:43:24,17.55,--,8,14040,卖盘
1854,10:43:20,17.55,--,15,26325,卖盘
1855,10:43:15,17.55,--,7,12285,卖盘
1856,10:43:05,17.55,--,16,28080,卖盘
1857,10:43:00,17.55,--,48,84240,卖盘
1858,10:42:54,17.55,--,12,21060,卖盘
1859,10:42:50,17.55,--,73,128115,卖盘
1860,10:42:45,17.55,--,7,12285,卖盘
1861,10:42:39,17.55,--,23,40365,卖盘
1862,10:42:35,17.55,--,21,36855,卖盘
1863,10:42:30,17.55,--,12,21060,卖盘
1864,10:42:24,17.55,--,7,12285,卖盘
1865,10:42:15,17.55,-0.01,40,70200,卖盘
1866,10:42:05,17.56,0.01,17,29851,买盘
1867,10:42:00,17.55,--,19,33345,卖盘
1868,10:41:54,17.55,--,8,14040,卖盘
1869,10:41:50,17.55,-0.01,4,7020,卖盘
1870,10:41:45,17.56,0.01,12,21072,买盘
1871,10:41:39,17.55,--,56,98280,卖盘
1872,10:41:35,17.55,--,7,12285,卖盘
1873,10:41:30,17.55,--,10,17550,卖盘
1874,10:41:24,17.55,--,12,21060,卖盘
1875,10:41:15,17.55,--,56,98280,卖盘
1876,10:41:09,17.55,--,34,59670,卖盘
1877,10:41:05,17.55,--,8,14040,卖盘
1878,10:41:00,17.55,--,10,17550,卖盘
1879,10:40:54,17.55,--,7,12285,卖盘
1880,10:40:49,17.55,-0.01,81,142155,卖盘
1881,10:40:45,17.56,0.01,34,59703,买盘
1882,10:40:39,17.55,--,110,193611,卖盘
1883,10:40:34,17.55,--,62,108810,卖盘
1884,10:40:30,17.55,--,100,175500,卖盘
1885,10:40:24,17.55,--,13,22815,卖盘
1886,10:40:19,17.55,--,5,8775,卖盘
1887,10:40:15,17.55,--,7,12285,卖盘
1888,10:40:09,17.55,--,4,7020,卖盘
1889,10:40:04,17.55,--,11,19305,卖盘
1890,10:40:00,17.55,--,150,263250,卖盘
1891,10:39:54,17.55,--,15,26325,卖盘
1892,10:39:49,17.55,--,100,175500,卖盘
1893,10:39:45,17.55,--,26,45630,卖盘
1894,10:39:39,17.55,-0.01,8,14040,卖盘
1895,10:39:34,17.56,0.01,18,31607,买盘
1896,10:39:30,17.55,--,9,15795,卖盘
1897,10:39:24,17.55,--,7,12285,卖盘
1898,10:39:19,17.55,-0.01,27,47385,卖盘
1899,10:39:14,17.56,--,52,91312,买盘
1900,10:39:09,17.56,0.01,12,21072,买盘
1901,10:39:04,17.55,--,11,19305,卖盘
1902,10:38:59,17.55,--,69,121095,卖盘
1903,10:38:54,17.55,--,8,14040,卖盘
1904,10:38:49,17.55,--,6,10530,卖盘
1905,10:38:45,17.55,--,12,21060,卖盘
1906,10:38:39,17.55,--,4,7020,卖盘
1907,10:38:34,17.55,--,7,12285,卖盘
1908,10:38:29,17.55,--,7,12285,卖盘
1909,10:38:24,17.55,--,85,149175,卖盘
1910,10:38:19,17.55,--,6,10530,卖盘
1911,10:38:14,17.55,-0.01,12,21060,卖盘
1912,10:38:09,17.56,0.01,7,12292,买盘
1913,10:38:03,17.55,--,7,12285,卖盘
1914,10:37:59,17.55,--,13,22815,卖盘
1915,10:37:54,17.55,-0.01,57,100035,卖盘
1916,10:37:48,17.56,0.01,5,8780,买盘
1917,10:37:44,17.55,-0.01,70,122850,卖盘
1918,10:37:39,17.56,--,170,298520,买盘
1919,10:37:33,17.56,0.01,32,56191,买盘
1920,10:37:29,17.55,--,5,8775,卖盘
1921,10:37:24,17.55,--,192,336960,卖盘
1922,10:37:14,17.55,-0.01,17,29835,卖盘
1923,10:37:09,17.56,0.01,25,43900,买盘
1924,10:37:03,17.55,--,7,12285,卖盘
1925,10:36:59,17.55,--,4,7020,卖盘
1926,10:36:54,17.55,-0.01,38,66690,卖盘
1927,10:36:48,17.56,0.01,27,47412,买盘
1928,10:36:44,17.55,--,12,21060,卖盘
1929,10:36:39,17.55,--,5,8775,卖盘
1930,10:36:33,17.55,--,7,12285,卖盘
1931,10:36:29,17.55,--,4,7020,卖盘
1932,10:36:23,17.55,--,12,21060,卖盘
1933,10:36:14,17.55,--,49,87416,卖盘
1934,10:36:03,17.55,--,829,1455210,卖盘
1935,10:35:59,17.55,-0.01,805,1412775,卖盘
1936,10:35:54,17.56,0.01,112,196672,买盘
1937,10:35:48,17.55,--,629,1104526,买盘
1938,10:35:44,17.55,0.01,54,94770,买盘
1939,10:35:38,17.54,--,5,8770,卖盘
1940,10:35:33,17.54,--,18,31572,卖盘
1941,10:35:23,17.54,--,22,39956,卖盘
1942,10:35:18,17.54,--,31,54374,卖盘
1943,10:35:14,17.54,--,12,21048,卖盘
1944,10:35:03,17.54,--,9,15786,卖盘
1945,10:34:59,17.54,--,8,14032,卖盘
1946,10:34:54,17.54,--,12,21048,卖盘
1947,10:34:44,17.54,--,13,22802,卖盘
1948,10:34:39,17.54,--,58,101732,卖盘
1949,10:34:33,17.54,--,102,178908,卖盘
1950,10:34:29,17.54,0.01,17,29818,买盘
1951,10:34:23,17.53,--,4592,8049776,卖盘
1952,10:34:18,17.53,--,3,6310,卖盘
1953,10:34:14,17.53,--,7,12271,卖盘
1954,10:34:09,17.53,--,22,38566,卖盘
1955,10:34:03,17.53,--,7,12271,卖盘
1956,10:33:59,17.53,--,13,22789,卖盘
1957,10:33:53,17.53,--,83,145499,卖盘
1958,10:33:44,17.53,--,11,19283,卖盘
1959,10:33:33,17.53,--,12,21036,卖盘
1960,10:33:23,17.53,--,9,15777,卖盘
1961,10:33:18,17.53,--,8,14024,卖盘
1962,10:33:13,17.53,-0.01,7,12271,卖盘
1963,10:33:08,17.54,0.01,1,1754,买盘
1964,10:33:03,17.53,--,31,54343,卖盘
1965,10:32:53,17.53,-0.01,45,78885,卖盘
1966,10:32:48,17.54,0.01,53,92962,买盘
1967,10:32:43,17.53,--,7,12271,卖盘
1968,10:32:38,17.53,--,76,133228,卖盘
1969,10:32:33,17.53,--,164,287492,卖盘
1970,10:32:23,17.53,--,102,178806,卖盘
1971,10:32:13,17.53,--,11,19283,卖盘
1972,10:32:08,17.53,--,34,59602,卖盘
1973,10:32:03,17.53,--,21,36813,卖盘
1974,10:31:58,17.53,--,3,5259,卖盘
1975,10:31:53,17.53,--,7,12271,卖盘
1976,10:31:48,17.53,--,20,35060,卖盘
1977,10:31:43,17.53,-0.01,10,17530,卖盘
1978,10:31:38,17.54,0.01,37,64898,买盘
1979,10:31:33,17.53,--,21,36813,卖盘
1980,10:31:23,17.53,--,14,24542,卖盘
1981,10:31:18,17.53,--,100,175300,卖盘
1982,10:31:13,17.53,--,17,29801,卖盘
1983,10:31:08,17.53,--,14,24542,卖盘
1984,10:31:03,17.53,--,23,40319,卖盘
1985,10:30:58,17.53,--,17,29801,卖盘
1986,10:30:53,17.53,--,28,49084,卖盘
1987,10:30:42,17.53,--,161,282233,卖盘
1988,10:30:38,17.53,--,19,33307,卖盘
1989,10:30:33,17.53,-0.01,38,66614,卖盘
1990,10:30:27,17.54,0.01,3,5262,买盘
1991,10:30:23,17.53,--,21,36813,卖盘
1992,10:30:18,17.53,--,12,21036,卖盘
1993,10:30:12,17.53,--,165,289245,卖盘
1994,10:30:08,17.53,--,39,68367,卖盘
1995,10:30:03,17.53,--,64,112192,卖盘
1996,10:29:57,17.53,--,13,22789,卖盘
1997,10:29:53,17.53,-0.01,38,66614,卖盘
1998,10:29:48,17.54,0.01,2,3508,买盘
1999,10:29:42,17.53,--,12,21544,卖盘
2000,10:29:38,17.53,--,47,82391,卖盘
2001,10:29:32,17.53,--,127,223507,卖盘
2002,10:29:27,17.53,--,7,12271,卖盘
2003,10:29:23,17.53,-0.01,17,29801,卖盘
2004,10:29:17,17.54,0.01,30,52620,买盘
2005,10:29:12,17.53,--,398,697694,卖盘
2006,10:29:08,17.53,--,801,1404153,卖盘
2007,10:29:02,17.53,--,73,127969,卖盘
2008,10:28:53,17.53,--,231,404943,卖盘
2009,10:28:47,17.53,--,4,7012,卖盘
2010,10:28:42,17.53,-0.01,33,57849,卖盘
2011,10:28:38,17.54,0.01,5,8770,买盘
2012,10:28:32,17.53,--,140,245420,卖盘
2013,10:28:27,17.53,--,1,1753,卖盘
2014,10:28:23,17.53,--,40,70120,卖盘
2015,10:28:17,17.53,--,118,206854,卖盘
2016,10:28:12,17.53,--,7,12271,卖盘
2017,10:28:08,17.53,--,41,71873,卖盘
2018,10:28:02,17.53,--,13,22789,卖盘
2019,10:27:57,17.53,--,5,8765,卖盘
2020,10:27:53,17.53,-0.01,63,110439,卖盘
2021,10:27:47,17.54,--,14,24556,买盘
2022,10:27:42,17.54,--,352,618337,卖盘
2023,10:27:38,17.54,--,84,147336,卖盘
2024,10:27:32,17.54,--,141,247314,卖盘
2025,10:27:27,17.54,--,881,1545274,卖盘
2026,10:27:23,17.54,--,151,264854,卖盘
2027,10:27:17,17.54,--,75,131550,卖盘
2028,10:27:12,17.54,--,9,15786,卖盘
2029,10:27:08,17.54,--,1212,2125848,卖盘
2030,10:27:02,17.54,--,28,49112,卖盘
2031,10:26:57,17.54,--,69,121026,卖盘
2032,10:26:53,17.54,--,23,40342,卖盘
2033,10:26:42,17.54,--,7,12278,卖盘
2034,10:26:38,17.54,--,10,17540,卖盘
2035,10:26:32,17.54,--,61,106994,卖盘
2036,10:26:27,17.54,--,29,50866,卖盘
2037,10:26:17,17.54,--,5,8770,卖盘
2038,10:26:12,17.54,--,9,15786,卖盘
2039,10:26:02,17.54,--,27,47498,卖盘
2040,10:25:57,17.54,--,65,114010,卖盘
2041,10:25:52,17.54,--,124,217496,卖盘
2042,10:25:47,17.54,--,85,149090,卖盘
2043,10:25:42,17.54,-0.01,17,29818,卖盘
2044,10:25:37,17.55,0.01,27,47385,买盘
2045,10:25:32,17.54,--,16,28064,卖盘
2046,10:25:27,17.54,--,15,26310,卖盘
2047,10:25:12,17.54,-0.01,12,21048,卖盘
2048,10:25:07,17.55,0.01,23,40365,买盘
2049,10:25:02,17.54,--,42,73738,卖盘
2050,10:24:57,17.54,--,38,66652,卖盘
2051,10:24:47,17.54,--,23,40342,卖盘
2052,10:24:42,17.54,--,13,22802,卖盘
2053,10:24:36,17.54,--,17,29818,卖盘
2054,10:24:32,17.54,--,91,159614,卖盘
2055,10:24:27,17.54,--,40,70160,卖盘
2056,10:24:21,17.54,--,18,31572,卖盘
2057,10:24:17,17.54,--,28,49655,卖盘
2058,10:24:12,17.54,--,7,12278,卖盘
2059,10:24:06,17.54,--,4,7016,卖盘
2060,10:24:02,17.54,--,12,21048,卖盘
2061,10:23:57,17.54,--,12,21048,卖盘
2062,10:23:42,17.54,--,40,70160,卖盘
2063,10:23:36,17.54,--,4,7016,卖盘
2064,10:23:32,17.54,--,27,47358,卖盘
2065,10:23:26,17.54,--,12,21048,卖盘
2066,10:23:17,17.54,--,18,31572,卖盘
2067,10:23:11,17.54,--,23,40342,卖盘
2068,10:23:02,17.54,--,17,29818,卖盘
2069,10:22:56,17.54,--,8,14032,卖盘
2070,10:22:51,17.54,--,8,14032,卖盘
2071,10:22:47,17.54,--,88,154352,卖盘
2072,10:22:41,17.54,--,24,42096,卖盘
2073,10:22:36,17.54,--,5,8770,卖盘
2074,10:22:32,17.54,--,15,26310,卖盘
2075,10:22:26,17.54,--,21,36834,卖盘
2076,10:22:17,17.54,--,1,1754,卖盘
2077,10:22:11,17.54,--,20,35080,卖盘
2078,10:22:02,17.54,--,197,345538,卖盘
2079,10:21:56,17.54,--,46,80684,卖盘
2080,10:21:47,17.54,--,20,35080,卖盘
2081,10:21:41,17.54,--,7,12278,卖盘
2082,10:21:36,17.54,--,4,7016,卖盘
2083,10:21:32,17.54,--,22,38588,卖盘
2084,10:21:26,17.54,--,7,12278,卖盘
2085,10:21:17,17.54,--,4,7016,卖盘
2086,10:21:11,17.54,--,249,436746,卖盘
2087,10:21:06,17.54,--,5,8770,卖盘
2088,10:21:02,17.54,--,11,19294,卖盘
2089,10:20:56,17.54,--,232,406928,卖盘
2090,10:20:47,17.54,--,27,47358,卖盘
2091,10:20:41,17.54,-0.01,12,21048,卖盘
2092,10:20:36,17.55,0.01,3,5265,买盘
2093,10:20:32,17.54,--,107,187678,卖盘
2094,10:20:26,17.54,--,15,26310,卖盘
2095,10:20:17,17.54,--,4,7016,卖盘
2096,10:20:11,17.54,-0.01,13,23328,卖盘
2097,10:20:06,17.55,0.01,13,22815,买盘
2098,10:20:02,17.54,--,80,140320,卖盘
2099,10:19:56,17.54,--,127,222758,卖盘
2100,10:19:51,17.54,--,9,15786,卖盘
2101,10:19:47,17.54,--,59,103486,卖盘
2102,10:19:41,17.54,--,57,99978,卖盘
2103,10:19:36,17.54,--,5,8770,卖盘
2104,10:19:32,17.54,--,98,171892,卖盘
2105,10:19:26,17.54,--,48,84192,卖盘
2106,10:19:16,17.54,--,7,12278,卖盘
2107,10:19:11,17.54,--,53,92962,卖盘
2108,10:19:01,17.54,--,261,457794,卖盘
2109,10:18:56,17.54,--,283,496382,卖盘
2110,10:18:46,17.54,--,300,526200,卖盘
2111,10:18:41,17.54,--,7,12278,卖盘
2112,10:18:36,17.54,--,22,38588,卖盘
2113,10:18:31,17.54,-0.01,4,7016,卖盘
2114,10:18:26,17.55,0.01,109,191295,买盘
2115,10:18:21,17.54,--,4,7016,卖盘
2116,10:18:11,17.54,--,7,12278,卖盘
2117,10:18:06,17.54,-0.01,29,50866,卖盘
2118,10:18:01,17.55,--,90,158143,卖盘
2119,10:17:56,17.55,--,13,22815,卖盘
2120,10:17:51,17.55,--,34,59670,卖盘
2121,10:17:45,17.55,--,6,10530,卖盘
2122,10:17:41,17.55,--,241,422955,卖盘
2123,10:17:36,17.55,--,9,15795,卖盘
2124,10:17:30,17.55,--,169,296595,卖盘
2125,10:17:26,17.55,-0.01,122,214110,卖盘
2126,10:17:21,17.56,--,156,273936,买盘
2127,10:17:15,17.56,0.01,95,166820,买盘
2128,10:17:11,17.55,-0.01,67,118638,卖盘
2129,10:17:06,17.56,--,25,43900,买盘
2130,10:17:00,17.56,--,178,312568,买盘
2131,10:16:56,17.56,0.01,31,54435,买盘
2132,10:16:51,17.55,--,212,372060,卖盘
2133,10:16:45,17.55,--,2,3510,卖盘
2134,10:16:41,17.55,-0.01,61,107055,卖盘
2135,10:16:36,17.56,0.01,116,203695,买盘
2136,10:16:30,17.55,--,6,10530,卖盘
2137,10:16:26,17.55,-0.01,101,177255,卖盘
2138,10:16:21,17.56,0.01,6,10536,买盘
2139,10:16:11,17.55,-0.01,56,99333,卖盘
2140,10:16:06,17.56,0.01,12,21072,买盘
2141,10:16:00,17.55,--,5,8775,卖盘
2142,10:15:45,17.55,--,50,87750,卖盘
2143,10:15:35,17.55,-0.01,42,73710,卖盘
2144,10:15:30,17.56,0.01,17,29851,买盘
2145,10:15:20,17.55,--,33,57915,卖盘
2146,10:15:15,17.55,--,103,180765,卖盘
2147,10:15:10,17.55,--,25,44928,卖盘
2148,10:15:05,17.55,--,50,87750,卖盘
2149,10:15:00,17.55,--,9,15795,卖盘
2150,10:14:50,17.55,--,42,73710,卖盘
2151,10:14:45,17.55,--,5,8775,卖盘
2152,10:14:41,17.55,--,1,1755,卖盘
2153,10:14:35,17.55,--,3,5265,卖盘
2154,10:14:30,17.55,--,1,1755,卖盘
2155,10:14:20,17.55,--,2,3510,卖盘
2156,10:14:10,17.55,--,42,73710,卖盘
2157,10:14:05,17.55,--,692,1215513,卖盘
2158,10:13:56,17.55,--,5,8775,卖盘
2159,10:13:50,17.55,--,2,3510,卖盘
2160,10:13:41,17.55,--,6,10530,卖盘
2161,10:13:35,17.55,--,6,10530,卖盘
2162,10:13:25,17.55,--,35,61425,卖盘
2163,10:13:20,17.55,--,61,107055,卖盘
2164,10:13:10,17.55,--,19,33345,卖盘
2165,10:13:05,17.55,--,233,409968,卖盘
2166,10:13:00,17.55,--,4,7020,卖盘
2167,10:12:55,17.55,--,111,194805,卖盘
2168,10:12:50,17.55,--,10,17550,卖盘
2169,10:12:40,17.55,--,10,17550,卖盘
2170,10:12:35,17.55,-0.01,422,742171,卖盘
2171,10:12:30,17.56,0.01,73,128187,买盘
2172,10:12:25,17.55,--,4,7020,卖盘
2173,10:12:20,17.55,--,54,94770,卖盘
2174,10:12:15,17.55,--,8,14040,卖盘
2175,10:12:10,17.55,--,90,157950,卖盘
2176,10:12:05,17.55,--,60,106353,卖盘
2177,10:12:00,17.55,-0.01,10,17550,卖盘
2178,10:11:45,17.56,--,8,14047,买盘
2179,10:11:35,17.56,0.01,44,77264,买盘
2180,10:11:30,17.55,--,11,19305,卖盘
2181,10:11:25,17.55,--,4,7020,卖盘
2182,10:11:20,17.55,--,5,8775,卖盘
2183,10:11:15,17.55,--,2,3510,卖盘
2184,10:11:10,17.55,--,10,17550,卖盘
2185,10:11:05,17.55,--,30,53703,卖盘
2186,10:11:00,17.55,--,4,7020,卖盘
2187,10:10:50,17.55,-0.01,47,82485,卖盘
2188,10:10:45,17.56,0.01,1,1755,买盘
2189,10:10:35,17.55,--,4,8073,卖盘
2190,10:10:24,17.55,--,2,3510,卖盘
2191,10:10:20,17.55,-0.01,228,400140,卖盘
2192,10:10:15,17.56,0.01,60,105359,买盘
2193,10:10:09,17.55,--,4,7020,卖盘
2194,10:10:05,17.55,--,15,27378,卖盘
2195,10:09:50,17.55,-0.01,5,8775,卖盘
2196,10:09:39,17.56,0.01,1,1755,买盘
2197,10:09:24,17.55,--,520,912600,卖盘
2198,10:09:20,17.55,--,1,1755,卖盘
2199,10:09:14,17.55,-0.01,15,26325,卖盘
2200,10:09:05,17.56,0.01,44,78106,买盘
2201,10:08:59,17.55,--,11,19515,卖盘
2202,10:08:50,17.55,-0.01,5,8775,卖盘
2203,10:08:44,17.56,0.01,38,66728,买盘
2204,10:08:34,17.55,-0.01,60,105300,卖盘
2205,10:08:29,17.56,0.01,43,75508,买盘
2206,10:08:24,17.55,--,10,17550,卖盘
2207,10:08:19,17.55,-0.01,2,3510,卖盘
2208,10:08:14,17.56,--,10,17560,买盘
2209,10:08:09,17.56,0.01,20,35120,买盘
2210,10:07:59,17.55,-0.01,22,39663,卖盘
2211,10:07:54,17.56,--,26,45656,买盘
2212,10:07:44,17.56,0.01,13,22828,买盘
2213,10:07:34,17.55,-0.01,77,135135,卖盘
2214,10:07:29,17.56,--,10,17560,买盘
2215,10:07:14,17.56,--,171,300276,买盘
2216,10:07:04,17.56,0.01,277,486411,买盘
2217,10:06:59,17.55,-0.01,23,41418,卖盘
2218,10:06:54,17.56,0.01,10,17560,买盘
2219,10:06:49,17.55,-0.01,7,12285,卖盘
2220,10:06:39,17.56,0.01,10,17560,买盘
2221,10:06:34,17.55,--,20,35100,卖盘
2222,10:06:24,17.55,0.01,580,1019304,买盘
2223,10:06:19,17.54,--,1,1754,卖盘
2224,10:06:14,17.54,--,5,8770,卖盘
2225,10:05:59,17.54,--,15,27362,卖盘
2226,10:05:34,17.54,-0.01,4,7016,卖盘
2227,10:05:29,17.55,0.01,2,3510,买盘
2228,10:05:19,17.54,--,4,7016,卖盘
2229,10:05:14,17.54,--,16,28064,卖盘
2230,10:05:09,17.54,-0.01,4,7016,卖盘
2231,10:05:04,17.55,0.01,27,47385,买盘
2232,10:04:59,17.54,-0.01,15,27362,卖盘
2233,10:04:44,17.55,-0.01,24,42471,卖盘
2234,10:04:39,17.56,0.01,111,194916,买盘
2235,10:04:29,17.55,--,517,907335,卖盘
2236,10:04:14,17.55,--,100,175500,卖盘
2237,10:04:09,17.55,--,11,19305,卖盘
2238,10:04:04,17.55,--,59,103545,卖盘
2239,10:03:59,17.55,--,8,14742,卖盘
2240,10:03:54,17.55,--,75,131976,卖盘
2241,10:03:44,17.55,-0.01,22,38610,卖盘
2242,10:03:39,17.56,0.01,7,12292,买盘
2243,10:03:34,17.55,--,114,200070,卖盘
2244,10:03:29,17.55,--,39,68445,卖盘
2245,10:03:24,17.55,--,18,31590,卖盘
2246,10:03:14,17.55,--,16,28080,卖盘
2247,10:03:09,17.55,-0.01,10,17550,卖盘
2248,10:03:03,17.56,0.01,50,87800,买盘
2249,10:02:59,17.55,--,62,108810,卖盘
2250,10:02:53,17.55,--,14,25623,卖盘
2251,10:02:48,17.55,--,2,3510,卖盘
2252,10:02:44,17.55,--,83,145665,卖盘
2253,10:02:38,17.55,--,27,47385,卖盘
2254,10:02:33,17.55,-0.01,2,3510,卖盘
2255,10:02:29,17.56,0.01,5,8780,买盘
2256,10:02:23,17.55,-0.01,17,29835,卖盘
2257,10:02:14,17.56,0.01,55,96580,买盘
2258,10:02:08,17.55,-0.01,17,29835,卖盘
2259,10:02:03,17.56,0.01,132,231791,买盘
2260,10:01:59,17.55,--,5,8775,卖盘
2261,10:01:53,17.55,--,22,39663,卖盘
2262,10:01:48,17.55,-0.01,30,52650,卖盘
2263,10:01:44,17.56,--,318,558408,卖盘
2264,10:01:38,17.56,0.02,725,1273100,买盘
2265,10:01:29,17.54,-0.01,37,64898,卖盘
2266,10:01:23,17.55,--,9,15795,卖盘
2267,10:01:13,17.55,--,100,175500,卖盘
2268,10:01:08,17.55,-0.01,40,70200,卖盘
2269,10:01:03,17.56,0.01,18,31607,买盘
2270,10:00:58,17.55,-0.01,212,372060,卖盘
2271,10:00:53,17.56,0.01,74,130997,买盘
2272,10:00:48,17.55,-0.01,8,14040,卖盘
2273,10:00:38,17.56,--,6,10536,买盘
2274,10:00:28,17.56,0.01,3,5268,买盘
2275,10:00:23,17.55,--,11,19305,卖盘
2276,10:00:18,17.55,--,2,3510,卖盘
2277,10:00:08,17.55,-0.01,8,15338,卖盘
2278,10:00:03,17.56,0.01,35,61459,买盘
2279,09:59:58,17.55,--,4,7020,卖盘
2280,09:59:53,17.55,--,7,13127,卖盘
2281,09:59:48,17.55,--,11,19515,卖盘
2282,09:59:43,17.55,--,14,24570,卖盘
2283,09:59:38,17.55,--,160,280800,买盘
2284,09:59:28,17.55,-0.01,124,217620,卖盘
2285,09:59:23,17.56,--,10,17560,买盘
2286,09:59:13,17.56,0.01,19,33364,中性盘
2287,09:59:08,17.55,--,632,1109160,卖盘
2288,09:58:58,17.55,0.01,301,528255,买盘
2289,09:58:48,17.54,--,10,18592,卖盘
2290,09:58:43,17.54,--,15,26310,卖盘
2291,09:58:38,17.54,--,226,396404,买盘
2292,09:58:28,17.54,--,1,1754,买盘
2293,09:58:23,17.54,--,17,29818,买盘
2294,09:58:08,17.54,0.01,5,8770,买盘
2295,09:57:58,17.53,--,4,7012,卖盘
2296,09:57:48,17.53,-0.01,10,18581,卖盘
2297,09:57:43,17.54,0.01,1,1754,买盘
2298,09:57:38,17.53,--,10,17530,卖盘
2299,09:57:28,17.53,-0.01,300,525900,卖盘
2300,09:57:18,17.54,--,20,35080,买盘
2301,09:57:13,17.54,0.01,4,7016,买盘
2302,09:57:08,17.53,-0.01,18,31554,卖盘
2303,09:56:58,17.54,--,5,8770,卖盘
2304,09:56:53,17.54,--,16,28064,买盘
2305,09:56:48,17.54,--,11,19294,买盘
2306,09:56:38,17.54,-0.01,408,715632,买盘
2307,09:56:33,17.55,--,0,0,买盘
2308,09:56:28,17.55,0.01,21,36855,买盘
2309,09:56:23,17.54,0.01,55,96470,买盘
2310,09:56:18,17.53,-0.01,42,73626,卖盘
2311,09:56:13,17.54,--,6,10524,买盘
2312,09:56:08,17.54,-0.01,9,15786,卖盘
2313,09:56:03,17.55,--,2,3510,买盘
2314,09:55:58,17.55,--,35,61425,买盘
2315,09:55:53,17.55,--,58,101790,买盘
2316,09:55:43,17.55,--,4,7020,买盘
2317,09:55:38,17.55,0.01,20,35100,买盘
2318,09:55:32,17.54,-0.02,17,29818,卖盘
2319,09:55:27,17.56,--,0,0,买盘
2320,09:55:23,17.56,0.03,419,735764,买盘
2321,09:55:17,17.53,--,1,1753,卖盘
2322,09:55:13,17.53,-0.02,12,21036,卖盘
2323,09:55:08,17.55,0.03,87,152685,买盘
2324,09:55:02,17.52,-0.03,5,8760,卖盘
2325,09:54:57,17.55,0.03,5,8775,买盘
2326,09:54:53,17.52,-0.03,41,71832,卖盘
2327,09:54:47,17.55,--,18,31590,买盘
2328,09:54:42,17.55,-0.01,32,56160,买盘
2329,09:54:38,17.56,--,0,0,买盘
2330,09:54:32,17.56,0.03,29,50923,买盘
2331,09:54:27,17.53,-0.02,204,357612,卖盘
2332,09:54:23,17.55,--,28,49140,买盘
2333,09:54:17,17.55,--,0,0,买盘
2334,09:54:08,17.55,0.01,38,66690,买盘
2335,09:54:02,17.54,0.01,6,10524,卖盘
2336,09:53:53,17.53,-0.02,10,17530,卖盘
2337,09:53:47,17.55,0.04,300,526500,买盘
2338,09:53:32,17.51,0.01,73,127823,买盘
2339,09:53:27,17.5,-0.01,15,26250,卖盘
2340,09:53:23,17.51,0.01,37,64787,买盘
2341,09:53:17,17.5,--,51,89250,卖盘
2342,09:53:12,17.5,--,0,0,卖盘
2343,09:53:07,17.5,-0.04,82,143500,卖盘
2344,09:53:02,17.54,0.03,539,945406,买盘
2345,09:52:57,17.51,--,5,8755,卖盘
2346,09:52:52,17.51,0.01,209,365959,买盘
2347,09:52:47,17.5,-0.01,59,103250,卖盘
2348,09:52:37,17.51,--,57,99807,买盘
2349,09:52:32,17.51,--,12,21012,买盘
2350,09:52:22,17.51,0.01,50,87550,买盘
2351,09:52:17,17.5,-0.01,6,10500,卖盘
2352,09:52:12,17.51,--,10,17510,买盘
2353,09:52:07,17.51,0.01,32,56032,买盘
2354,09:52:02,17.5,--,24,42000,卖盘
2355,09:51:57,17.5,--,8,14000,卖盘
2356,09:51:52,17.5,--,10,17500,卖盘
2357,09:51:47,17.5,--,141,246750,买盘
2358,09:51:42,17.5,--,5,8750,买盘
2359,09:51:37,17.5,--,20,35000,买盘
2360,09:51:32,17.5,--,203,355250,买盘
2361,09:51:27,17.5,--,20,35000,买盘
2362,09:51:17,17.5,0.01,3,5250,买盘
2363,09:51:12,17.49,--,55,96194,卖盘
2364,09:51:07,17.49,-0.01,10,17490,卖盘
2365,09:51:02,17.5,0.01,19,33250,买盘
2366,09:50:57,17.49,-0.01,10,17490,卖盘
2367,09:50:52,17.5,--,5,8750,买盘
2368,09:50:42,17.5,--,41,71750,买盘
2369,09:50:32,17.5,0.01,59,103250,买盘
2370,09:50:22,17.49,-0.01,31,54218,卖盘
2371,09:50:17,17.5,--,5,8750,买盘
2372,09:50:12,17.5,--,66,115500,买盘
2373,09:50:07,17.5,0.01,803,1405250,买盘
2374,09:50:02,17.49,-0.01,55,96194,卖盘
2375,09:49:57,17.5,--,8,14000,买盘
2376,09:49:47,17.5,--,3,5250,买盘
2377,09:49:37,17.5,0.01,8,14000,买盘
2378,09:49:32,17.49,--,20,34980,卖盘
2379,09:49:27,17.49,-0.01,18,31481,卖盘
2380,09:49:22,17.5,--,6,10500,买盘
2381,09:49:17,17.5,0.01,4,7000,买盘
2382,09:49:07,17.49,-0.01,5,8745,卖盘
2383,09:49:02,17.5,0.01,107,187250,买盘
2384,09:48:56,17.49,--,3,5246,卖盘
2385,09:48:52,17.49,0.01,404,707243,买盘
2386,09:48:47,17.48,-0.01,51,89148,卖盘
2387,09:48:41,17.49,0.01,16,27983,买盘
2388,09:48:32,17.48,-0.01,10,17480,卖盘
2389,09:48:26,17.49,--,15,26234,买盘
2390,09:48:21,17.49,0.01,5,8745,买盘
2391,09:48:17,17.48,--,30,52440,卖盘
2392,09:48:11,17.48,--,6,10488,卖盘
2393,09:48:02,17.48,--,6,10488,卖盘
2394,09:47:56,17.48,-0.01,56,97888,卖盘
2395,09:47:51,17.49,0.01,50,87449,买盘
2396,09:47:47,17.48,-0.01,13,22724,卖盘
2397,09:47:41,17.49,0.01,70,122429,买盘
2398,09:47:36,17.48,-0.01,12,20976,卖盘
2399,09:47:32,17.49,--,5,8745,买盘
2400,09:47:26,17.49,--,9,15740,买盘
2401,09:47:17,17.49,--,2,3497,买盘
2402,09:47:11,17.49,--,34,59465,买盘
2403,09:47:02,17.49,--,17,29732,买盘
2404,09:46:56,17.49,--,13,22736,买盘
2405,09:46:51,17.49,--,116,202883,买盘
2406,09:46:47,17.49,--,3,5246,买盘
2407,09:46:41,17.49,0.01,10,17490,买盘
2408,09:46:36,17.48,-0.01,13,24349,卖盘
2409,09:46:32,17.49,--,1,1748,买盘
2410,09:46:21,17.49,--,1,1748,买盘
2411,09:46:16,17.49,--,10,17490,买盘
2412,09:46:11,17.49,0.01,5,8745,买盘
2413,09:46:06,17.48,--,86,150328,卖盘
2414,09:46:01,17.48,-0.01,44,76912,卖盘
2415,09:45:56,17.49,0.01,20,34980,买盘
2416,09:45:46,17.48,--,1,1748,卖盘
2417,09:45:41,17.48,0.01,596,1043241,买盘
2418,09:45:36,17.47,0.01,3,5241,买盘
2419,09:45:31,17.46,--,52,90792,卖盘
2420,09:45:26,17.46,--,100,174600,卖盘
2421,09:45:16,17.46,--,5,8730,卖盘
2422,09:45:11,17.46,-0.01,10,17460,卖盘
2423,09:45:06,17.47,--,500,873500,买盘
2424,09:45:01,17.47,0.01,16,27952,买盘
2425,09:44:56,17.46,--,30,52380,卖盘
2426,09:44:26,17.46,--,3,5238,卖盘
2427,09:44:16,17.46,-0.01,128,223488,卖盘
2428,09:44:11,17.47,0.01,2,3494,买盘
2429,09:44:01,17.46,-0.01,4,6984,卖盘
2430,09:43:56,17.47,--,2,3494,买盘
2431,09:43:46,17.47,0.01,110,192170,买盘
2432,09:43:41,17.46,--,84,146664,卖盘
2433,09:43:36,17.46,-0.01,3,5238,卖盘
2434,09:43:31,17.47,--,8,13976,买盘
2435,09:43:26,17.47,--,39,68133,买盘
2436,09:43:21,17.47,0.01,20,34940,买盘
2437,09:43:16,17.46,-0.01,10,17460,卖盘
2438,09:43:01,17.47,0.01,9,15722,买盘
2439,09:42:46,17.46,0.01,141,247478,买盘
2440,09:42:41,17.45,0.02,1,1745,买盘
2441,09:42:31,17.43,-0.03,100,174300,卖盘
2442,09:42:26,17.46,0.03,1006,1756476,买盘
2443,09:42:21,17.43,-0.01,13,22659,卖盘
2444,09:42:16,17.44,--,0,0,买盘
2445,09:42:10,17.44,0.02,31,54064,买盘
2446,09:42:01,17.42,-0.01,4,6968,卖盘
2447,09:41:55,17.43,--,302,526386,买盘
2448,09:41:50,17.43,--,3,5229,买盘
2449,09:41:46,17.43,--,34,59262,买盘
2450,09:41:31,17.43,--,27,47061,买盘
2451,09:41:25,17.43,--,3,5229,买盘
2452,09:41:16,17.43,0.01,50,87150,买盘
2453,09:41:10,17.42,--,6,10452,卖盘
2454,09:41:05,17.42,-0.01,393,684606,卖盘
2455,09:41:00,17.43,--,5,8715,卖盘
2456,09:40:55,17.43,--,20,34860,卖盘
2457,09:40:35,17.43,0.02,167,291081,买盘
2458,09:40:25,17.41,--,505,879205,卖盘
2459,09:40:20,17.41,--,0,0,卖盘
2460,09:40:15,17.41,-0.01,531,924471,卖盘
2461,09:40:05,17.42,--,39,68286,买盘
2462,09:40:00,17.42,0.01,3,5226,买盘
2463,09:39:45,17.41,--,50,87050,卖盘
2464,09:39:40,17.41,-0.01,5,8705,卖盘
2465,09:39:20,17.42,-0.01,70,123333,卖盘
2466,09:39:10,17.43,--,45,78435,买盘
2467,09:39:05,17.43,--,21,36603,买盘
2468,09:38:55,17.43,0.01,12,20916,买盘
2469,09:38:50,17.42,-0.01,29,50518,卖盘
2470,09:38:40,17.43,--,20,35208,买盘
2471,09:38:35,17.43,0.01,10,17430,买盘
2472,09:38:30,17.42,-0.01,45,78390,卖盘
2473,09:38:25,17.43,--,194,338142,买盘
2474,09:38:20,17.43,--,9,15687,买盘
2475,09:38:15,17.43,--,35,61005,买盘
2476,09:38:10,17.43,--,18,31374,买盘
2477,09:38:05,17.43,--,22,38346,买盘
2478,09:38:00,17.43,0.02,2,3486,买盘
2479,09:37:55,17.41,-0.02,2,3482,卖盘
2480,09:37:50,17.43,--,67,116781,买盘
2481,09:37:40,17.43,0.02,8,13944,中性盘
2482,09:37:35,17.41,--,34,59194,卖盘
2483,09:37:30,17.41,-0.02,100,174100,卖盘
2484,09:37:25,17.43,0.02,2,3486,买盘
2485,09:37:20,17.41,-0.02,2,3482,卖盘
2486,09:37:10,17.43,--,164,285852,买盘
2487,09:37:05,17.43,0.02,4,6972,买盘
2488,09:36:55,17.41,--,116,201956,买盘
2489,09:36:50,17.41,--,10,17410,买盘
2490,09:36:45,17.41,--,1,1741,买盘
2491,09:36:40,17.41,0.01,76,132316,买盘
2492,09:36:35,17.4,-0.01,41,71340,卖盘
2493,09:36:20,17.41,-0.02,22,38302,卖盘
2494,09:36:10,17.43,0.03,42,73206,买盘
2495,09:35:55,17.4,-0.01,32,55679,卖盘
2496,09:35:50,17.41,0.01,10,17410,买盘
2497,09:35:45,17.4,-0.01,50,87748,卖盘
2498,09:35:40,17.41,0.01,210,365610,买盘
2499,09:35:34,17.4,-0.01,16,27839,卖盘
2500,09:35:30,17.41,0.01,53,92273,买盘
2501,09:35:25,17.4,-0.01,10,17400,卖盘
2502,09:35:19,17.41,-0.03,56,97496,卖盘
2503,09:35:15,17.44,0.03,35,61040,买盘
2504,09:35:10,17.41,--,16,27856,买盘
2505,09:35:04,17.41,--,102,177582,买盘
2506,09:34:55,17.41,0.01,58,100978,买盘
2507,09:34:49,17.4,0.01,563,979619,买盘
2508,09:34:44,17.39,-0.01,5,8695,卖盘
2509,09:34:40,17.4,--,3,5220,买盘
2510,09:34:34,17.4,--,7,12179,买盘
2511,09:34:29,17.4,--,34,59159,买盘
2512,09:34:25,17.4,--,30,52199,买盘
2513,09:34:19,17.4,--,6,10440,买盘
2514,09:34:14,17.4,-0.01,39,67860,卖盘
2515,09:34:04,17.41,0.01,10,17410,买盘
2516,09:33:54,17.4,--,17,29579,买盘
2517,09:33:44,17.4,--,4,6959,买盘
2518,09:33:34,17.4,--,37,64379,买盘
2519,09:33:29,17.4,--,34,59159,买盘
2520,09:33:24,17.4,0.01,10,17400,买盘
2521,09:33:19,17.39,-0.01,44,76516,卖盘
2522,09:33:14,17.4,--,5,8700,买盘
2523,09:33:09,17.4,--,21,36540,买盘
2524,09:33:04,17.4,--,46,80040,买盘
2525,09:32:59,17.4,--,167,290580,买盘
2526,09:32:49,17.4,--,120,208799,买盘
2527,09:32:44,17.4,--,319,555060,买盘
2528,09:32:34,17.4,0.01,20,34800,买盘
2529,09:32:29,17.39,-0.01,5,8695,卖盘
2530,09:32:19,17.4,--,6,10440,买盘
2531,09:32:14,17.4,--,0,0,中性盘
2532,09:32:09,17.4,--,2,3479,买盘
2533,09:32:04,17.4,-0.01,31,53939,卖盘
2534,09:31:59,17.41,0.01,280,487480,买盘
2535,09:31:54,17.4,-0.01,50,87000,卖盘
2536,09:31:49,17.41,--,133,231553,买盘
2537,09:31:39,17.41,0.01,30,52230,买盘
2538,09:31:34,17.4,-0.01,46,80040,卖盘
2539,09:31:29,17.41,--,20,34820,买盘
2540,09:31:24,17.41,0.01,40,69640,买盘
2541,09:31:19,17.4,--,105,182699,卖盘
2542,09:31:14,17.4,-0.01,24,41760,卖盘
2543,09:31:09,17.41,--,30,52230,买盘
2544,09:31:04,17.41,--,5,8705,买盘
2545,09:30:49,17.41,--,11,19151,买盘
2546,09:30:44,17.41,0.01,19,33079,买盘
2547,09:30:29,17.4,--,13,22619,卖盘
2548,09:30:24,17.4,-0.01,23,40020,卖盘
2549,09:30:19,17.41,0.01,35,60935,买盘
2550,09:30:14,17.4,-0.01,45,78300,卖盘
2551,09:30:09,17.41,--,10,17410,买盘
2552,09:30:04,17.41,--,203,353423,买盘
2553,09:28:52,17.41,--,0,0,买盘
2554,09:25:06,17.41,17.41,246,428286,买盘
