,time,price,change,volume,amount,type
0,15:00:00,9.61,--,0,0,买盘
1,15:00:00,9.61,--,50,48050,买盘
2,14:59:59,9.61,0.01,63,60543,买盘
3,14:59:53,9.6,-0.01,210,201600,卖盘
4,14:59:49,9.61,--,303,291183,买盘
5,14:59:44,9.61,0.01,31,29791,买盘
6,14:59:38,9.6,--,20,19200,卖盘
7,14:59:34,9.6,-0.01,106,101760,卖盘
8,14:59:29,9.61,--,11,10571,买盘
9,14:59:23,9.61,--,30,28830,买盘
10,14:59:19,9.61,--,140,134540,买盘
11,14:59:14,9.61,--,20,19220,买盘
12,14:59:08,9.61,--,20,19220,买盘
13,14:59:04,9.61,--,10,9610,买盘
14,14:58:59,9.61,--,2,1922,买盘
15,14:58:53,9.61,--,271,260430,买盘
16,14:58:49,9.61,-0.01,35,33923,卖盘
17,14:58:44,9.62,0.01,19,18951,买盘
18,14:58:38,9.61,--,397,381805,卖盘
19,14:58:29,9.61,-0.01,2,1922,卖盘
20,14:58:23,9.62,--,13,12505,买盘
21,14:58:19,9.62,0.01,261,251081,买盘
22,14:58:14,9.61,-0.01,7,6727,卖盘
23,14:58:08,9.62,--,5,4810,买盘
24,14:57:59,9.62,0.01,50,48099,买盘
25,14:57:53,9.61,--,30,28830,卖盘
26,14:57:49,9.61,--,39,37479,卖盘
27,14:57:43,9.61,-0.01,4,3844,卖盘
28,14:57:38,9.62,--,10,9620,买盘
29,14:57:34,9.62,0.01,250,240499,买盘
30,14:57:23,9.61,--,180,172980,卖盘
31,14:57:19,9.61,--,77,73997,卖盘
32,14:57:14,9.61,--,37,35557,卖盘
33,14:57:08,9.61,--,2,1922,卖盘
34,14:57:04,9.61,0.01,142,137134,买盘
35,14:56:53,9.6,--,243,233280,卖盘
36,14:56:49,9.6,-0.01,94,90345,卖盘
37,14:56:38,9.61,--,10,9610,买盘
38,14:56:34,9.61,--,36,34596,买盘
39,14:56:23,9.61,0.01,123,118203,买盘
40,14:56:17,9.6,-0.01,9,8640,卖盘
41,14:56:13,9.61,0.01,52,49972,买盘
42,14:55:58,9.6,--,50,48000,卖盘
43,14:55:53,9.6,0.01,176,168960,买盘
44,14:55:38,9.59,--,42,40278,卖盘
45,14:55:32,9.59,0.01,48,46760,买盘
46,14:55:23,9.58,--,80,76640,卖盘
47,14:55:17,9.58,--,29,27782,卖盘
48,14:55:08,9.58,--,23,22034,卖盘
49,14:55:02,9.58,--,1,958,卖盘
50,14:54:58,9.58,-0.01,1,958,卖盘
51,14:54:53,9.59,--,86,82474,买盘
52,14:54:47,9.59,0.01,10,9590,买盘
53,14:54:38,9.58,-0.01,10,10403,卖盘
54,14:54:28,9.59,--,11,10549,买盘
55,14:54:23,9.59,--,10,9590,买盘
56,14:54:17,9.59,-0.01,134,128649,卖盘
57,14:54:13,9.6,--,59,57312,买盘
58,14:54:08,9.6,--,5,4800,买盘
59,14:54:02,9.6,--,20,20016,买盘
60,14:53:53,9.6,--,16,15648,卖盘
61,14:53:47,9.6,--,3,2880,卖盘
62,14:53:43,9.6,--,50,48672,买盘
63,14:53:38,9.6,--,20,19200,买盘
64,14:53:32,9.6,--,5,4800,买盘
65,14:53:28,9.6,--,24,23184,卖盘
66,14:53:23,9.6,--,6,5760,卖盘
67,14:53:17,9.6,--,238,229296,买盘
68,14:53:13,9.6,-0.01,26,25248,卖盘
69,14:53:08,9.61,--,2,1922,买盘
70,14:52:58,9.61,0.01,20,19220,买盘
71,14:52:53,9.6,-0.01,0,816,卖盘
72,14:52:47,9.61,0.01,20,19220,卖盘
73,14:52:43,9.6,-0.02,0,816,卖盘
74,14:52:38,9.62,--,55,52909,买盘
75,14:52:32,9.62,0.01,9,8658,买盘
76,14:52:28,9.61,--,2,2642,卖盘
77,14:52:23,9.61,--,8,7688,卖盘
78,14:52:17,9.61,--,10,9610,卖盘
79,14:52:13,9.61,--,13,13309,卖盘
80,14:52:02,9.61,0.01,319,306559,卖盘
81,14:51:58,9.6,--,146,140409,买盘
82,14:51:53,9.6,0.01,10,9600,买盘
83,14:51:47,9.59,-0.01,133,127547,卖盘
84,14:51:43,9.6,--,1278,1226880,买盘
85,14:51:38,9.6,--,16,16176,买盘
86,14:51:32,9.6,--,30,28800,买盘
87,14:51:28,9.6,--,62,59520,买盘
88,14:51:23,9.6,-0.03,382,367296,卖盘
89,14:51:17,9.63,0.01,10,10448,买盘
90,14:51:13,9.62,0.01,581,559595,买盘
91,14:51:08,9.61,--,2,1922,买盘
92,14:51:02,9.61,0.01,6,6582,买盘
93,14:50:58,9.6,--,13,12480,卖盘
94,14:50:43,9.6,-0.01,9,8640,卖盘
95,14:50:32,9.61,--,50,48338,卖盘
96,14:50:26,9.61,--,300,289116,卖盘
97,14:50:23,9.61,--,64,61504,卖盘
98,14:50:17,9.61,--,0,816,卖盘
99,14:50:13,9.61,0.01,8,7688,买盘
100,14:50:02,9.6,--,70,67200,卖盘
101,14:49:56,9.6,-0.01,342,329136,卖盘
102,14:49:52,9.61,--,20,19220,买盘
103,14:49:47,9.61,0.01,31,29791,买盘
104,14:49:41,9.6,-0.01,185,177600,卖盘
105,14:49:37,9.61,0.02,228,219357,买盘
106,14:49:32,9.59,-0.01,0,815,卖盘
107,14:49:26,9.6,--,10,9600,买盘
108,14:49:17,9.6,-0.01,518,497990,卖盘
109,14:49:11,9.61,--,110,106536,买盘
110,14:49:02,9.61,--,11,10571,买盘
111,14:48:56,9.61,0.01,43,42139,买盘
112,14:48:47,9.6,--,106,101760,卖盘
113,14:48:41,9.6,0.01,568,545808,买盘
114,14:48:37,9.59,--,64,61376,买盘
115,14:48:32,9.59,-0.01,56,53847,卖盘
116,14:48:26,9.6,0.01,23,22080,买盘
117,14:48:17,9.59,-0.01,6,6569,卖盘
118,14:48:02,9.6,--,0,0,买盘
119,14:47:56,9.6,0.01,531,510576,买盘
120,14:47:52,9.59,--,41,39319,买盘
121,14:47:47,9.59,--,7,6713,买盘
122,14:47:41,9.59,--,73,70007,买盘
123,14:47:37,9.59,0.01,38,37218,买盘
124,14:47:32,9.58,-0.01,172,164814,卖盘
125,14:47:22,9.59,--,28,27667,买盘
126,14:47:17,9.59,--,42,40278,买盘
127,14:47:11,9.59,--,3,2877,买盘
128,14:47:07,9.59,0.01,49,46991,买盘
129,14:47:02,9.58,--,78,74724,卖盘
130,14:46:56,9.58,-0.01,5,5604,卖盘
131,14:46:52,9.59,--,9,8631,买盘
132,14:46:47,9.59,--,27,25893,买盘
133,14:46:41,9.59,0.01,62,59458,买盘
134,14:46:37,9.58,-0.01,18,18058,卖盘
135,14:46:32,9.59,0.01,327,313593,买盘
136,14:46:26,9.58,--,15,14370,卖盘
137,14:46:22,9.58,--,16,16151,卖盘
138,14:46:17,9.58,--,5,4790,卖盘
139,14:46:11,9.58,--,55,52690,卖盘
140,14:46:07,9.58,--,10,9580,卖盘
141,14:46:02,9.58,-0.01,165,158070,卖盘
142,14:45:56,9.59,0.01,156,150419,买盘
143,14:45:52,9.58,--,21,20118,卖盘
144,14:45:47,9.58,--,131,125498,卖盘
145,14:45:41,9.58,--,66,63228,卖盘
146,14:45:37,9.58,--,0,814,卖盘
147,14:45:32,9.58,-0.01,10,9580,卖盘
148,14:45:26,9.59,0.01,26,24934,买盘
149,14:45:22,9.58,--,34,32572,卖盘
150,14:45:11,9.58,0.01,375,360064,买盘
151,14:45:07,9.57,--,6,5742,卖盘
152,14:45:02,9.57,--,218,208626,卖盘
153,14:44:56,9.57,--,0,813,卖盘
154,14:44:51,9.57,--,24,22968,卖盘
155,14:44:47,9.57,--,40,38280,卖盘
156,14:44:41,9.57,--,20,19953,卖盘
157,14:44:37,9.57,-0.01,10,9570,卖盘
158,14:44:31,9.58,--,4,3832,买盘
159,14:44:26,9.58,0.01,1,958,买盘
160,14:44:17,9.57,--,5,5598,卖盘
161,14:44:11,9.57,--,10,9570,卖盘
162,14:44:07,9.57,-0.02,22,21054,卖盘
163,14:43:56,9.59,0.02,230,220570,买盘
164,14:43:51,9.57,--,46,44835,卖盘
165,14:43:46,9.57,-0.01,2,1914,卖盘
166,14:43:41,9.58,0.01,89,85262,买盘
167,14:43:35,9.57,-0.01,403,386494,卖盘
168,14:43:31,9.58,--,86,82819,卖盘
169,14:43:26,9.58,-0.01,20,19160,卖盘
170,14:43:20,9.59,--,13,12467,买盘
171,14:43:16,9.59,0.01,34,32606,买盘
172,14:43:11,9.58,-0.01,0,814,卖盘
173,14:43:05,9.59,--,20,19180,买盘
174,14:43:01,9.59,0.01,13,12467,买盘
175,14:42:50,9.58,--,0,814,卖盘
176,14:42:41,9.58,--,80,76640,卖盘
177,14:42:35,9.58,0.01,0,814,卖盘
178,14:42:26,9.57,-0.02,6,5742,卖盘
179,14:42:20,9.59,0.02,42,40278,买盘
180,14:42:16,9.57,-0.02,20,19953,卖盘
181,14:42:11,9.59,0.01,161,154399,买盘
182,14:42:05,9.58,--,10,9580,买盘
183,14:42:01,9.58,--,188,180630,卖盘
184,14:41:56,9.58,--,24,23806,卖盘
185,14:41:50,9.58,--,26,24908,卖盘
186,14:41:46,9.58,-0.01,13,12454,卖盘
187,14:41:41,9.59,--,5,5610,买盘
188,14:41:31,9.59,--,9,8631,买盘
189,14:41:26,9.59,--,8,7672,买盘
190,14:41:20,9.59,0.01,60,58355,买盘
191,14:41:11,9.58,--,25,23950,卖盘
192,14:41:01,9.58,--,36,34488,卖盘
193,14:40:56,9.58,-0.01,47,45849,卖盘
194,14:40:50,9.59,0.01,2,1918,买盘
195,14:40:35,9.58,--,0,814,卖盘
196,14:40:31,9.58,--,10,9580,卖盘
197,14:40:20,9.58,0.01,143,137176,买盘
198,14:40:16,9.57,-0.01,0,813,卖盘
199,14:40:11,9.58,--,12,11496,买盘
200,14:40:05,9.58,0.01,21,20118,买盘
201,14:40:01,9.57,-0.01,10,10383,卖盘
202,14:39:50,9.58,--,47,45026,买盘
203,14:39:41,9.58,0.01,5,4790,买盘
204,14:39:35,9.57,-0.02,54,52309,卖盘
205,14:39:26,9.59,0.01,3,2877,买盘
206,14:39:20,9.58,--,0,814,卖盘
207,14:39:16,9.58,--,31,29698,卖盘
208,14:39:11,9.58,-0.01,5,4790,卖盘
209,14:39:05,9.59,0.01,247,236873,中性盘
210,14:39:01,9.58,--,8,8133,卖盘
211,14:38:55,9.58,-0.02,10,10394,卖盘
212,14:38:50,9.6,--,10,9600,买盘
213,14:38:46,9.6,--,17,16320,买盘
214,14:38:41,9.6,--,202,194054,卖盘
215,14:38:35,9.6,--,1178,1131504,卖盘
216,14:38:31,9.6,-0.01,12,11520,卖盘
217,14:38:26,9.61,0.01,121,116281,买盘
218,14:38:20,9.6,--,161,155385,卖盘
219,14:38:16,9.6,--,143,137280,卖盘
220,14:38:11,9.6,--,5,4800,卖盘
221,14:38:05,9.6,--,138,133104,卖盘
222,14:38:01,9.6,--,27,26736,卖盘
223,14:37:55,9.6,0.03,309,297456,买盘
224,14:37:50,9.57,0.01,20,19140,买盘
225,14:37:45,9.56,--,128,122368,卖盘
226,14:37:35,9.56,--,0,812,卖盘
227,14:37:30,9.56,0.01,22,21032,卖盘
228,14:37:26,9.55,--,9,8595,卖盘
229,14:37:20,9.55,0.01,0,811,卖盘
230,14:37:16,9.54,--,0,0,卖盘
231,14:37:10,9.54,-0.04,44,41975,卖盘
232,14:37:00,9.58,0.05,500,479000,买盘
233,14:36:55,9.53,--,0,810,卖盘
234,14:36:50,9.53,-0.01,46,43838,卖盘
235,14:36:45,9.54,-0.01,16,15263,卖盘
236,14:36:40,9.55,0.01,34,33281,买盘
237,14:36:35,9.54,--,30,29345,卖盘
238,14:36:20,9.54,--,16,16074,卖盘
239,14:36:10,9.54,-0.01,6,5723,卖盘
240,14:36:05,9.55,0.01,63,60165,买盘
241,14:35:59,9.54,--,28,27522,买盘
242,14:35:55,9.54,0.02,2,1907,买盘
243,14:35:50,9.52,-0.02,40,38080,卖盘
244,14:35:40,9.54,0.01,9,8586,买盘
245,14:35:35,9.53,-0.02,20,19879,卖盘
246,14:35:29,9.55,0.03,10,9550,买盘
247,14:35:25,9.52,--,0,0,卖盘
248,14:35:20,9.52,--,125,119000,卖盘
249,14:35:14,9.52,--,0,809,卖盘
250,14:35:10,9.52,--,21,19992,卖盘
251,14:35:05,9.52,-0.03,44,41888,卖盘
252,14:34:59,9.55,0.03,130,124961,买盘
253,14:34:54,9.52,--,18,17136,卖盘
254,14:34:49,9.52,--,30,28560,卖盘
255,14:34:44,9.52,--,2,1904,卖盘
256,14:34:40,9.52,--,41,39841,卖盘
257,14:34:35,9.52,--,0,0,卖盘
258,14:34:29,9.52,-0.01,53,50456,卖盘
259,14:34:25,9.53,0.01,10,9530,买盘
260,14:34:20,9.52,0.01,488,464576,中性盘
261,14:34:14,9.51,-0.02,747,711205,卖盘
262,14:34:10,9.53,--,442,421226,买盘
263,14:34:04,9.53,0.01,75,71475,买盘
264,14:33:59,9.52,0.01,110,105529,买盘
265,14:33:55,9.51,--,279,265329,卖盘
266,14:33:44,9.51,--,256,243456,买盘
267,14:33:40,9.51,0.01,176,167376,买盘
268,14:33:35,9.5,-0.01,0,807,卖盘
269,14:33:29,9.51,--,83,78933,买盘
270,14:33:25,9.51,--,1652,1571052,卖盘
271,14:33:20,9.51,--,13,12363,卖盘
272,14:33:14,9.51,-0.01,52,50260,卖盘
273,14:33:10,9.52,--,1190,1133546,买盘
274,14:33:05,9.52,--,5,4760,买盘
275,14:32:59,9.52,--,224,214066,买盘
276,14:32:55,9.52,--,571,543877,卖盘
277,14:32:44,9.52,--,67,63784,卖盘
278,14:32:40,9.52,--,2,2713,卖盘
279,14:32:29,9.52,--,25,23800,卖盘
280,14:32:14,9.52,-0.01,10,10329,卖盘
281,14:32:10,9.53,-0.02,555,529620,卖盘
282,14:32:04,9.55,--,277,264821,卖盘
283,14:31:59,9.55,--,64,61120,卖盘
284,14:31:55,9.55,--,15,15136,卖盘
285,14:31:49,9.55,-0.01,5,4775,卖盘
286,14:31:44,9.56,0.01,1,956,买盘
287,14:31:40,9.55,-0.01,0,811,卖盘
288,14:31:34,9.56,0.01,3,2868,买盘
289,14:31:29,9.55,-0.01,21,20055,卖盘
290,14:31:24,9.56,-0.01,207,198207,卖盘
291,14:31:19,9.57,0.01,253,242121,买盘
292,14:31:14,9.56,--,6,6548,卖盘
293,14:31:10,9.56,--,38,36328,卖盘
294,14:31:04,9.56,-0.01,9,8604,卖盘
295,14:30:59,9.57,0.01,10,9570,买盘
296,14:30:54,9.56,--,8,8460,卖盘
297,14:30:40,9.56,--,8,7648,卖盘
298,14:30:34,9.56,--,20,19932,卖盘
299,14:30:24,9.56,--,11,10516,卖盘
300,14:30:14,9.56,-0.01,0,822,卖盘
301,14:30:09,9.57,--,12,11818,卖盘
302,14:30:04,9.57,--,80,76560,卖盘
303,14:29:59,9.57,--,0,813,卖盘
304,14:29:54,9.57,--,6,5742,卖盘
305,14:29:49,9.57,--,5,4785,卖盘
306,14:29:44,9.57,--,177,169389,卖盘
307,14:29:34,9.57,--,13,13177,卖盘
308,14:29:29,9.57,-0.01,0,813,卖盘
309,14:29:24,9.58,0.01,15,14370,买盘
310,14:29:19,9.57,-0.01,0,813,卖盘
311,14:29:14,9.58,0.01,5,4790,买盘
312,14:28:59,9.57,--,20,19140,卖盘
313,14:28:53,9.57,--,19,18996,卖盘
314,14:28:49,9.57,--,19,18183,卖盘
315,14:28:43,9.57,-0.01,5,4785,卖盘
316,14:28:38,9.58,0.01,35,34344,买盘
317,14:28:19,9.57,--,20,19140,卖盘
318,14:28:13,9.57,--,1,1770,卖盘
319,14:28:08,9.57,--,53,50721,卖盘
320,14:28:03,9.57,--,76,73334,买盘
321,14:27:53,9.57,0.01,5,4785,买盘
322,14:27:48,9.56,--,1,956,卖盘
323,14:27:43,9.56,--,114,108984,卖盘
324,14:27:38,9.56,--,133,127970,卖盘
325,14:27:33,9.56,--,18,17208,卖盘
326,14:27:28,9.56,--,8,7648,卖盘
327,14:27:23,9.56,--,66,63096,卖盘
328,14:27:18,9.56,--,59,56404,卖盘
329,14:27:14,9.56,--,11,11328,卖盘
330,14:26:53,9.56,--,41,40008,卖盘
331,14:26:43,9.56,--,25,23900,卖盘
332,14:26:38,9.56,--,0,812,卖盘
333,14:26:23,9.56,--,16,15296,卖盘
334,14:26:18,9.56,0.01,312,298272,买盘
335,14:26:13,9.55,-0.01,8,8451,卖盘
336,14:26:03,9.56,0.01,44,42064,买盘
337,14:25:58,9.55,--,5,4775,卖盘
338,14:25:53,9.55,--,175,167650,买盘
339,14:25:48,9.55,--,114,108870,买盘
340,14:25:43,9.55,--,20,19100,买盘
341,14:25:38,9.55,--,10,10361,买盘
342,14:25:33,9.55,--,249,237795,买盘
343,14:25:28,9.55,--,70,66850,买盘
344,14:25:23,9.55,--,89,84995,买盘
345,14:25:18,9.55,--,9,9406,买盘
346,14:25:13,9.55,0.01,38,36290,买盘
347,14:25:08,9.54,-0.01,52,49607,卖盘
348,14:25:03,9.55,--,10,9550,买盘
349,14:24:58,9.55,--,22,21831,买盘
350,14:24:48,9.55,0.01,10,9550,买盘
351,14:24:38,9.54,-0.01,69,66636,卖盘
352,14:24:33,9.55,0.01,45,42975,买盘
353,14:24:23,9.54,--,20,19080,卖盘
354,14:24:18,9.54,-0.01,8,8442,卖盘
355,14:24:13,9.55,-0.01,16,15566,卖盘
356,14:24:08,9.56,0.01,147,140532,买盘
357,14:24:03,9.55,--,9,8595,卖盘
358,14:23:58,9.55,--,59,56345,卖盘
359,14:23:53,9.55,--,1,1766,卖盘
360,14:23:38,9.55,--,44,42020,卖盘
361,14:23:33,9.55,--,125,120186,卖盘
362,14:23:23,9.55,-0.01,190,181450,卖盘
363,14:23:18,9.56,0.01,126,121268,买盘
364,14:23:13,9.55,--,398,380090,卖盘
365,14:23:08,9.55,--,179,170945,卖盘
366,14:23:03,9.55,-0.01,26,25603,卖盘
367,14:22:58,9.56,0.01,10,9560,买盘
368,14:22:53,9.55,-0.01,25,24686,卖盘
369,14:22:48,9.56,0.01,60,57360,买盘
370,14:22:38,9.55,--,61,58255,卖盘
371,14:22:33,9.55,--,12,12271,卖盘
372,14:22:28,9.55,--,70,66850,卖盘
373,14:22:22,9.55,--,22,21010,卖盘
374,14:22:18,9.55,--,50,48571,卖盘
375,14:22:13,9.55,--,35,33425,卖盘
376,14:22:07,9.55,-0.01,2,1910,卖盘
377,14:22:02,9.56,--,279,266724,卖盘
378,14:21:58,9.56,--,25,24712,卖盘
379,14:21:47,9.56,--,0,0,卖盘
380,14:21:43,9.56,-0.01,952,910112,卖盘
381,14:21:37,9.57,--,1,957,卖盘
382,14:21:32,9.57,--,100,96513,卖盘
383,14:21:28,9.57,--,31,29667,卖盘
384,14:21:22,9.57,--,6,5742,卖盘
385,14:21:17,9.57,--,49,46893,卖盘
386,14:21:13,9.57,--,36,35265,卖盘
387,14:21:07,9.57,--,40,38280,卖盘
388,14:21:02,9.57,--,4,3828,卖盘
389,14:20:57,9.57,--,607,580899,卖盘
390,14:20:52,9.57,-0.01,5,5598,卖盘
391,14:20:42,9.58,0.01,21,20118,买盘
392,14:20:37,9.57,--,4,3828,卖盘
393,14:20:32,9.57,-0.01,11,11340,卖盘
394,14:20:17,9.58,0.01,6,6562,买盘
395,14:20:12,9.57,-0.01,16,15455,卖盘
396,14:20:07,9.58,--,0,814,买盘
397,14:20:02,9.58,--,99,94985,卖盘
398,14:19:57,9.58,0.01,0,814,中性盘
399,14:19:42,9.57,-0.01,7,6699,卖盘
400,14:19:32,9.58,-0.02,5,5642,卖盘
401,14:19:22,9.6,0.03,1,960,买盘
402,14:19:17,9.57,--,0,0,卖盘
403,14:19:12,9.57,--,92,88857,卖盘
404,14:19:02,9.57,--,20,19140,卖盘
405,14:18:57,9.57,--,0,813,卖盘
406,14:18:42,9.57,-0.03,8,7656,卖盘
407,14:18:37,9.6,0.03,66,63360,买盘
408,14:18:32,9.57,-0.02,300,287913,卖盘
409,14:18:22,9.59,--,9,8631,卖盘
410,14:18:17,9.59,--,100,96715,卖盘
411,14:18:12,9.59,--,35,33565,卖盘
412,14:18:07,9.59,-0.01,13,12467,卖盘
413,14:17:57,9.6,--,3,2880,买盘
414,14:17:37,9.6,0.01,1,960,买盘
415,14:17:32,9.59,--,509,488131,卖盘
416,14:17:27,9.59,-0.01,8,7672,卖盘
417,14:17:17,9.6,0.01,1,960,买盘
418,14:17:02,9.59,--,6,5754,卖盘
419,14:16:57,9.59,--,10,9590,卖盘
420,14:16:52,9.59,--,7,6713,卖盘
421,14:16:42,9.59,--,30,28770,卖盘
422,14:16:32,9.59,--,8,7672,卖盘
423,14:16:12,9.59,--,2,1918,卖盘
424,14:15:57,9.59,--,14,13426,买盘
425,14:15:47,9.59,--,405,388395,卖盘
426,14:15:42,9.59,-0.01,112,107408,卖盘
427,14:15:37,9.6,--,11,10560,买盘
428,14:15:31,9.6,--,20,19200,买盘
429,14:15:27,9.6,--,42,40320,买盘
430,14:15:22,9.6,--,4,3840,买盘
431,14:15:12,9.6,--,19,18240,买盘
432,14:15:01,9.6,0.01,20,19200,买盘
433,14:14:57,9.59,-0.01,13,12467,卖盘
434,14:14:52,9.6,0.01,35,33600,买盘
435,14:14:46,9.59,--,88,84392,卖盘
436,14:14:37,9.59,-0.01,14,13426,卖盘
437,14:14:31,9.6,0.01,8,7680,买盘
438,14:14:27,9.59,--,6,5754,卖盘
439,14:14:22,9.59,--,61,58499,卖盘
440,14:14:16,9.59,-0.01,11,10549,卖盘
441,14:14:11,9.6,0.01,23,22080,买盘
442,14:13:56,9.59,--,1,959,卖盘
443,14:13:52,9.59,--,10,9590,卖盘
444,14:13:41,9.59,--,24,23016,卖盘
445,14:13:26,9.59,--,15,14385,卖盘
446,14:13:22,9.59,--,10,9590,卖盘
447,14:12:56,9.59,--,10,9590,卖盘
448,14:12:41,9.59,--,14,13426,卖盘
449,14:12:36,9.59,--,10,9590,卖盘
450,14:12:06,9.59,-0.01,54,51786,卖盘
451,14:11:56,9.6,--,24,23040,买盘
452,14:11:51,9.6,--,553,531091,卖盘
453,14:11:46,9.6,--,50,48000,卖盘
454,14:11:41,9.6,--,22,21120,卖盘
455,14:11:36,9.6,-0.01,12,11520,卖盘
456,14:11:26,9.61,0.01,449,431489,买盘
457,14:11:16,9.6,-0.01,20,19593,卖盘
458,14:11:06,9.61,0.01,6,5766,买盘
459,14:11:01,9.6,--,0,0,卖盘
460,14:10:56,9.6,-0.02,43,41280,卖盘
461,14:10:46,9.62,--,55,52909,买盘
462,14:10:36,9.62,--,4,3847,买盘
463,14:10:26,9.62,0.02,32,30783,买盘
464,14:10:21,9.6,--,0,0,卖盘
465,14:10:11,9.6,-0.01,51,48960,卖盘
466,14:10:06,9.61,--,102,98022,买盘
467,14:10:01,9.61,0.01,292,280612,买盘
468,14:09:56,9.6,-0.01,20,19200,卖盘
469,14:09:41,9.61,0.01,5,4805,买盘
470,14:09:36,9.6,--,0,816,卖盘
471,14:09:31,9.6,-0.01,50,48000,卖盘
472,14:09:21,9.61,0.01,1,961,买盘
473,14:09:16,9.6,--,0,816,卖盘
474,14:09:11,9.6,--,331,317760,卖盘
475,14:09:06,9.6,-0.01,31,29760,卖盘
476,14:09:01,9.61,0.01,13,12493,买盘
477,14:08:51,9.6,-0.01,100,96825,卖盘
478,14:08:46,9.61,--,74,71114,买盘
479,14:08:41,9.61,0.01,26,24986,买盘
480,14:08:36,9.6,-0.01,0,816,卖盘
481,14:08:31,9.61,--,42,40362,买盘
482,14:08:21,9.61,0.01,7,7543,买盘
483,14:08:16,9.6,-0.01,60,57600,卖盘
484,14:08:10,9.61,0.01,20,19220,买盘
485,14:07:55,9.6,-0.01,0,816,卖盘
486,14:07:51,9.61,0.01,1,961,买盘
487,14:07:46,9.6,-0.01,11,11059,卖盘
488,14:07:40,9.61,-0.01,118,114214,卖盘
489,14:07:10,9.62,-0.01,359,345848,卖盘
490,14:07:05,9.63,0.01,10,9630,买盘
491,14:07:01,9.62,-0.01,61,58681,卖盘
492,14:06:50,9.63,--,5,4815,买盘
493,14:06:46,9.63,0.01,3,2889,买盘
494,14:06:40,9.62,-0.01,3,3347,卖盘
495,14:06:20,9.63,0.01,33,31779,买盘
496,14:06:16,9.62,--,82,78893,买盘
497,14:06:10,9.62,--,2,1923,买盘
498,14:06:05,9.62,0.01,245,235689,买盘
499,14:05:55,9.61,--,20,19220,卖盘
500,14:05:35,9.61,-0.01,65,62464,卖盘
501,14:05:30,9.62,0.01,5,4810,买盘
502,14:05:25,9.61,-0.01,4,3844,卖盘
503,14:05:20,9.62,--,6,5771,买盘
504,14:04:45,9.62,--,13,12505,买盘
505,14:04:40,9.62,0.01,46,44252,买盘
506,14:04:35,9.61,--,10,9610,卖盘
507,14:04:30,9.61,--,26,25889,买盘
508,14:04:25,9.61,0.01,41,39401,买盘
509,14:04:15,9.6,-0.01,10,9600,卖盘
510,14:04:05,9.61,--,2,1922,买盘
511,14:03:45,9.61,--,5,4805,买盘
512,14:03:40,9.61,--,5,4805,买盘
513,14:03:35,9.61,--,69,66309,买盘
514,14:03:20,9.61,--,100,96100,买盘
515,14:03:15,9.61,--,5,4805,买盘
516,14:03:05,9.61,0.01,100,96100,买盘
517,14:02:55,9.6,--,58,55680,卖盘
518,14:02:35,9.6,-0.01,20,19200,卖盘
519,14:02:25,9.61,0.01,65,62464,买盘
520,14:02:04,9.6,-0.01,2,1920,卖盘
521,14:02:00,9.61,0.01,2,1922,买盘
522,14:01:50,9.6,-0.01,25,24000,卖盘
523,14:01:34,9.61,0.01,100,96100,买盘
524,14:01:25,9.6,--,10,10377,卖盘
525,14:01:19,9.6,-0.01,1,1862,卖盘
526,14:01:09,9.61,0.01,21,20181,买盘
527,14:00:55,9.6,-0.01,210,201600,卖盘
528,14:00:45,9.61,--,10,9610,买盘
529,14:00:34,9.61,--,5,4805,买盘
530,14:00:30,9.61,--,85,81685,买盘
531,14:00:25,9.61,-0.01,31,29848,卖盘
532,14:00:15,9.62,--,8,7695,买盘
533,13:59:49,9.62,0.01,10,9620,买盘
534,13:59:40,9.61,-0.01,40,38440,卖盘
535,13:59:24,9.62,0.01,22,21164,买盘
536,13:59:19,9.61,-0.01,250,240250,卖盘
537,13:59:14,9.62,--,10,9620,买盘
538,13:58:54,9.62,0.01,5,4810,买盘
539,13:58:40,9.61,-0.01,8,7688,卖盘
540,13:58:24,9.62,--,50,48099,买盘
541,13:58:09,9.62,--,5,5714,买盘
542,13:57:39,9.62,--,2,1923,买盘
543,13:57:34,9.62,--,3,2885,买盘
544,13:57:14,9.62,--,10,9620,买盘
545,13:56:59,9.62,--,21,20202,买盘
546,13:56:54,9.62,0.02,4,3847,买盘
547,13:56:29,9.6,-0.01,214,205440,卖盘
548,13:56:24,9.61,0.01,32,30752,中性盘
549,13:56:18,9.6,-0.02,82,78720,卖盘
550,13:56:03,9.62,0.02,1,961,买盘
551,13:55:54,9.6,--,0,0,卖盘
552,13:55:44,9.6,--,0,0,卖盘
553,13:55:39,9.6,-0.02,170,163200,卖盘
554,13:55:14,9.62,--,1,1433,卖盘
555,13:55:09,9.62,--,4,3847,卖盘
556,13:55:03,9.62,0.02,228,219816,买盘
557,13:54:59,9.6,--,0,9,卖盘
558,13:54:54,9.6,--,9,8640,卖盘
559,13:54:33,9.6,-0.01,98,94080,卖盘
560,13:54:24,9.61,--,15,14415,卖盘
561,13:54:18,9.61,--,85,81685,买盘
562,13:54:03,9.61,--,10,9610,买盘
563,13:53:39,9.61,-0.01,222,213342,卖盘
564,13:53:24,9.62,--,9,9139,卖盘
565,13:53:18,9.62,--,43,41366,卖盘
566,13:53:03,9.62,--,0,480,卖盘
567,13:52:18,9.62,-0.01,6,5771,卖盘
568,13:52:03,9.63,--,29,27927,买盘
569,13:51:28,9.63,--,51,50027,卖盘
570,13:51:18,9.63,--,6,5778,卖盘
571,13:51:13,9.63,--,10,9630,卖盘
572,13:51:08,9.63,--,1,963,卖盘
573,13:51:03,9.63,-0.01,20,19260,卖盘
574,13:50:58,9.64,0.01,4,3856,买盘
575,13:50:48,9.63,0.01,69,66495,买盘
576,13:50:43,9.62,-0.01,50,48099,卖盘
577,13:50:33,9.63,--,81,78917,卖盘
578,13:50:28,9.63,--,20,19260,卖盘
579,13:50:18,9.63,--,18,17382,买盘
580,13:50:13,9.63,--,20,19260,买盘
581,13:50:08,9.63,--,10,9630,买盘
582,13:49:53,9.63,--,114,110696,卖盘
583,13:49:38,9.63,--,10,9630,卖盘
584,13:49:33,9.63,--,7,6741,卖盘
585,13:49:23,9.63,--,2,1926,卖盘
586,13:49:03,9.63,--,3,2889,卖盘
587,13:48:48,9.63,--,32,30816,卖盘
588,13:48:38,9.63,-0.01,12,11556,卖盘
589,13:48:33,9.64,0.01,10,9640,买盘
590,13:48:23,9.63,--,1,963,卖盘
591,13:48:07,9.63,--,105,101115,卖盘
592,13:48:03,9.63,--,2,1926,卖盘
593,13:47:57,9.63,--,13,12519,卖盘
594,13:47:33,9.63,--,2,1926,卖盘
595,13:47:18,9.63,-0.01,7,6741,卖盘
596,13:47:12,9.64,0.01,3,2892,买盘
597,13:47:07,9.63,--,5,4815,卖盘
598,13:47:03,9.63,--,2,1926,卖盘
599,13:46:42,9.63,--,30,28890,卖盘
600,13:46:33,9.63,--,2,1926,卖盘
601,13:46:12,9.63,--,2,1926,卖盘
602,13:46:03,9.63,-0.01,25,24075,卖盘
603,13:45:42,9.64,0.01,17,16388,买盘
604,13:45:27,9.63,--,21,20223,卖盘
605,13:45:17,9.63,-0.01,18,17334,卖盘
606,13:45:12,9.64,0.01,100,96400,买盘
607,13:45:02,9.63,--,3,2889,卖盘
608,13:44:57,9.63,--,216,208056,卖盘
609,13:44:47,9.63,--,15,14445,卖盘
610,13:44:37,9.63,-0.01,3,2889,卖盘
611,13:44:27,9.64,--,9,8676,买盘
612,13:44:22,9.64,--,168,162434,卖盘
613,13:44:17,9.64,--,49,47236,卖盘
614,13:44:12,9.64,-0.01,134,129176,卖盘
615,13:44:07,9.65,0.01,11,10615,买盘
616,13:44:02,9.64,--,45,43380,卖盘
617,13:43:52,9.64,--,100,96400,卖盘
618,13:43:47,9.64,--,100,96400,卖盘
619,13:43:37,9.64,--,277,267510,买盘
620,13:43:32,9.64,0.01,158,152312,买盘
621,13:43:17,9.63,-0.01,126,121338,卖盘
622,13:43:12,9.64,--,20,19280,买盘
623,13:43:02,9.64,--,1,964,买盘
624,13:42:57,9.64,--,25,24100,买盘
625,13:42:42,9.64,0.01,47,45308,买盘
626,13:42:17,9.63,--,25,24075,卖盘
627,13:42:06,9.63,--,1,963,卖盘
628,13:41:31,9.63,--,13,12519,卖盘
629,13:41:11,9.63,--,120,115560,卖盘
630,13:40:51,9.63,-0.01,20,19260,卖盘
631,13:40:46,9.64,0.01,9,8676,买盘
632,13:40:41,9.63,--,9,8667,卖盘
633,13:40:36,9.63,--,20,19260,卖盘
634,13:40:21,9.63,-0.01,6,5778,卖盘
635,13:40:11,9.64,--,16,15424,买盘
636,13:39:57,9.64,--,233,225094,卖盘
637,13:39:41,9.64,--,2,1928,卖盘
638,13:39:36,9.64,-0.01,4,3856,卖盘
639,13:39:31,9.65,0.01,47,45355,买盘
640,13:39:26,9.64,--,179,172556,卖盘
641,13:39:21,9.64,--,43,41452,卖盘
642,13:39:11,9.64,--,10,9640,卖盘
643,13:39:06,9.64,-0.01,510,491640,卖盘
644,13:38:46,9.65,--,1,965,买盘
645,13:38:41,9.65,--,25,24125,买盘
646,13:38:36,9.65,--,10,9650,买盘
647,13:38:31,9.65,--,10,9650,买盘
648,13:38:26,9.65,-0.01,41,39565,卖盘
649,13:38:21,9.66,0.01,66,63756,买盘
650,13:38:11,9.65,--,12,11580,卖盘
651,13:38:06,9.65,--,162,156330,买盘
652,13:37:56,9.65,--,112,108080,买盘
653,13:37:51,9.65,0.01,50,48250,买盘
654,13:37:41,9.64,--,20,19280,卖盘
655,13:37:36,9.64,--,108,104594,买盘
656,13:37:26,9.64,0.01,9,8676,买盘
657,13:37:16,9.63,--,175,168525,买盘
658,13:37:11,9.63,--,57,54891,买盘
659,13:37:06,9.63,--,30,28890,买盘
660,13:37:01,9.63,--,11,10593,买盘
661,13:36:56,9.63,--,5,4815,买盘
662,13:36:51,9.63,0.01,3,2889,买盘
663,13:36:41,9.62,--,27,25973,卖盘
664,13:36:26,9.62,0.01,169,162578,买盘
665,13:36:21,9.61,--,27,25947,买盘
666,13:36:16,9.61,0.01,44,42284,买盘
667,13:36:06,9.6,0.01,2,1920,买盘
668,13:35:51,9.59,--,10,10040,买盘
669,13:35:45,9.59,--,127,121793,买盘
670,13:35:41,9.59,--,39,37401,买盘
671,13:35:36,9.59,--,163,156317,买盘
672,13:35:21,9.59,--,190,182210,买盘
673,13:35:15,9.59,--,23,22057,买盘
674,13:35:11,9.59,0.01,35,33565,买盘
675,13:35:06,9.58,-0.01,28,26824,卖盘
676,13:34:56,9.59,0.01,578,554302,买盘
677,13:34:51,9.58,--,53,50774,买盘
678,13:34:45,9.58,--,122,116876,买盘
679,13:34:35,9.58,--,70,67060,买盘
680,13:34:30,9.58,--,2,1916,买盘
681,13:34:20,9.58,0.01,9,8622,买盘
682,13:34:15,9.57,-0.01,100,95700,卖盘
683,13:34:05,9.58,--,157,150406,买盘
684,13:34:00,9.58,0.01,8,7664,买盘
685,13:33:50,9.57,-0.01,101,96657,卖盘
686,13:33:45,9.58,--,46,44068,买盘
687,13:33:35,9.58,--,5,4790,买盘
688,13:33:20,9.58,--,134,128448,卖盘
689,13:33:15,9.58,--,50,47900,卖盘
690,13:33:10,9.58,--,24,22992,卖盘
691,13:33:05,9.58,0.01,106,102429,买盘
692,13:33:00,9.57,-0.01,20,19140,卖盘
693,13:32:50,9.58,--,31,29698,买盘
694,13:32:40,9.58,--,33,31690,卖盘
695,13:32:35,9.58,-0.01,671,642818,卖盘
696,13:32:25,9.59,--,5,4795,买盘
697,13:32:15,9.59,-0.01,17,16590,卖盘
698,13:32:10,9.6,0.01,11,10560,买盘
699,13:32:05,9.59,-0.01,10,9590,卖盘
700,13:31:55,9.6,0.01,10,9600,买盘
701,13:31:50,9.59,-0.01,683,654997,卖盘
702,13:31:45,9.6,--,27,25920,中性盘
703,13:31:40,9.6,--,6,5760,买盘
704,13:31:35,9.6,-0.01,40,38400,买盘
705,13:31:30,9.61,--,86,82646,买盘
706,13:31:20,9.61,0.01,28,26908,买盘
707,13:31:15,9.6,--,5,4800,买盘
708,13:31:05,9.6,--,131,126432,买盘
709,13:31:00,9.6,--,2,1920,买盘
710,13:30:55,9.6,--,4,3840,买盘
711,13:30:50,9.6,--,351,336960,买盘
712,13:30:45,9.6,0.01,6,5760,买盘
713,13:30:35,9.59,-0.01,111,106449,卖盘
714,13:30:30,9.6,0.01,100,96000,买盘
715,13:30:25,9.59,-0.01,3,2877,卖盘
716,13:30:20,9.6,0.01,8,7680,买盘
717,13:30:15,9.59,--,215,206185,卖盘
718,13:29:55,9.59,-0.01,50,47950,卖盘
719,13:29:50,9.6,0.01,49,47040,买盘
720,13:29:35,9.59,--,8,7672,买盘
721,13:29:30,9.59,--,20,19180,买盘
722,13:29:20,9.59,0.01,400,383600,买盘
723,13:29:00,9.58,--,34,33453,买盘
724,13:28:54,9.58,--,25,23950,买盘
725,13:28:50,9.58,--,5,4790,买盘
726,13:28:45,9.58,--,50,47900,买盘
727,13:28:39,9.58,--,10,9580,买盘
728,13:28:35,9.58,--,4,3832,买盘
729,13:28:30,9.58,--,100,95800,买盘
730,13:28:20,9.58,--,16,15328,买盘
731,13:28:15,9.58,--,9,8622,买盘
732,13:28:05,9.58,0.01,4,3832,买盘
733,13:28:00,9.57,-0.01,41,39237,卖盘
734,13:27:45,9.58,--,20,19160,买盘
735,13:27:39,9.58,--,212,203172,卖盘
736,13:27:34,9.58,--,110,105380,卖盘
737,13:27:24,9.58,--,500,479000,卖盘
738,13:27:19,9.58,-0.01,8,7664,卖盘
739,13:27:04,9.59,--,2,1918,买盘
740,13:27:00,9.59,--,33,31647,买盘
741,13:26:54,9.59,--,28,26852,卖盘
742,13:26:49,9.59,-0.01,2,1918,卖盘
743,13:26:44,9.6,0.01,204,195840,买盘
744,13:26:39,9.59,--,20,19180,买盘
745,13:26:29,9.59,--,457,438684,卖盘
746,13:26:04,9.59,-0.01,3,2877,卖盘
747,13:25:54,9.6,-0.01,25,24508,卖盘
748,13:25:49,9.61,0.01,15,14415,买盘
749,13:25:39,9.6,-0.01,77,73920,卖盘
750,13:25:34,9.61,0.01,5,4805,买盘
751,13:25:29,9.6,-0.01,6,5760,卖盘
752,13:25:24,9.61,--,50,48050,买盘
753,13:24:59,9.61,0.01,11,10571,买盘
754,13:24:54,9.6,--,20,19200,卖盘
755,13:24:44,9.6,--,50,48451,买盘
756,13:24:39,9.6,--,141,135360,买盘
757,13:23:59,9.6,--,128,122880,买盘
758,13:23:54,9.6,--,6,5760,买盘
759,13:23:39,9.6,--,55,52800,买盘
760,13:23:34,9.6,--,30,28800,买盘
761,13:23:24,9.6,--,12,11520,买盘
762,13:23:09,9.6,--,38,36480,买盘
763,13:22:44,9.6,--,5,4800,买盘
764,13:22:39,9.6,--,5,4800,买盘
765,13:22:34,9.6,--,25,24508,卖盘
766,13:22:29,9.6,--,80,76800,卖盘
767,13:22:19,9.6,--,1,960,卖盘
768,13:22:04,9.6,--,143,137731,买盘
769,13:21:59,9.6,--,21,20160,买盘
770,13:21:48,9.6,--,5,4800,买盘
771,13:21:33,9.6,--,15,14400,买盘
772,13:21:14,9.6,--,8,8150,买盘
773,13:21:09,9.6,0.01,27,26294,买盘
774,13:20:59,9.59,-0.01,209,200431,卖盘
775,13:20:54,9.6,0.01,15,14400,买盘
776,13:20:44,9.59,--,0,0,卖盘
777,13:20:24,9.59,-0.01,46,44114,卖盘
778,13:20:13,9.6,0.01,19,18240,买盘
779,13:20:09,9.59,-0.01,64,61913,卖盘
780,13:20:03,9.6,--,8,7680,买盘
781,13:19:58,9.6,--,20,19200,买盘
782,13:19:54,9.6,--,23,22080,买盘
783,13:19:48,9.6,--,1,960,买盘
784,13:19:39,9.6,--,20,19200,买盘
785,13:19:33,9.6,0.01,310,297600,买盘
786,13:19:08,9.59,--,42,40815,卖盘
787,13:19:03,9.59,--,26,25471,买盘
788,13:18:58,9.59,--,38,36442,买盘
789,13:18:48,9.59,--,53,50827,买盘
790,13:18:43,9.59,--,50,47950,买盘
791,13:18:38,9.59,--,21,20139,买盘
792,13:18:33,9.59,--,9,8631,买盘
793,13:18:28,9.59,--,17,16303,买盘
794,13:18:23,9.59,--,5,4795,买盘
795,13:18:18,9.59,0.01,57,54663,买盘
796,13:18:08,9.58,-0.01,544,521688,卖盘
797,13:17:58,9.59,--,26,24934,买盘
798,13:17:48,9.59,--,8,7672,买盘
799,13:17:38,9.59,0.01,10,9590,买盘
800,13:17:28,9.58,--,2,1916,卖盘
801,13:17:23,9.58,-0.01,101,96758,卖盘
802,13:17:13,9.59,0.01,13,12467,买盘
803,13:17:08,9.58,--,42,40772,卖盘
804,13:16:58,9.58,--,17,17052,买盘
805,13:16:53,9.58,--,5,4790,买盘
806,13:16:48,9.58,--,36,34488,买盘
807,13:16:38,9.58,-0.01,162,155196,卖盘
808,13:16:33,9.59,0.01,10,9590,买盘
809,13:16:23,9.58,-0.01,46,44068,卖盘
810,13:16:18,9.59,--,11,10549,买盘
811,13:16:08,9.59,0.01,34,33421,买盘
812,13:16:03,9.58,-0.01,72,69656,卖盘
813,13:15:53,9.59,--,7,6713,买盘
814,13:15:48,9.59,--,55,52745,买盘
815,13:15:43,9.59,0.01,6,5754,买盘
816,13:15:33,9.58,-0.01,100,95800,卖盘
817,13:15:23,9.59,0.01,1,959,买盘
818,13:15:18,9.58,--,9,8622,卖盘
819,13:15:13,9.58,--,3,2874,卖盘
820,13:15:08,9.58,--,115,110974,买盘
821,13:15:03,9.58,--,157,151095,买盘
822,13:14:48,9.58,--,10,9580,买盘
823,13:14:42,9.58,--,10,9580,买盘
824,13:14:38,9.58,--,33,31614,买盘
825,13:14:23,9.58,0.01,24,22992,买盘
826,13:14:18,9.57,--,3,2871,卖盘
827,13:14:03,9.57,-0.01,76,73267,卖盘
828,13:13:57,9.58,--,3,2874,买盘
829,13:13:53,9.58,0.01,1,958,买盘
830,13:13:38,9.57,-0.01,20,19140,卖盘
831,13:13:33,9.58,--,2,2682,买盘
832,13:13:27,9.58,--,6,5748,买盘
833,13:13:23,9.58,--,20,19160,买盘
834,13:13:18,9.58,0.01,1,958,买盘
835,13:13:12,9.57,-0.01,25,23925,卖盘
836,13:13:07,9.58,--,15,14370,买盘
837,13:13:02,9.58,--,53,51310,买盘
838,13:12:48,9.58,--,3,2874,买盘
839,13:12:42,9.58,--,229,219382,买盘
840,13:12:27,9.58,--,26,24908,买盘
841,13:12:03,9.58,0.01,18,18058,买盘
842,13:11:57,9.57,-0.01,60,58099,卖盘
843,13:11:52,9.58,--,30,28740,买盘
844,13:11:47,9.58,--,76,72999,卖盘
845,13:11:42,9.58,-0.01,3,2874,卖盘
846,13:11:37,9.59,0.01,1,959,买盘
847,13:11:32,9.58,--,50,47900,卖盘
848,13:11:27,9.58,--,42,40772,卖盘
849,13:11:17,9.58,-0.01,125,119750,卖盘
850,13:11:07,9.59,0.01,5,4795,买盘
851,13:11:02,9.58,--,22,21305,买盘
852,13:10:57,9.58,0.01,36,34488,买盘
853,13:10:52,9.57,--,100,95700,卖盘
854,13:10:47,9.57,--,1,957,卖盘
855,13:10:32,9.57,-0.01,9,8613,卖盘
856,13:10:27,9.58,0.01,3,2874,买盘
857,13:10:22,9.57,-0.01,138,132066,卖盘
858,13:10:17,9.58,--,46,44068,买盘
859,13:10:12,9.58,--,25,23950,买盘
860,13:10:07,9.58,--,20,19160,买盘
861,13:10:02,9.58,--,5,4790,买盘
862,13:09:52,9.58,--,15,14370,买盘
863,13:09:47,9.58,--,20,19160,买盘
864,13:09:42,9.58,--,20,19160,买盘
865,13:09:37,9.58,--,1,958,买盘
866,13:09:32,9.58,0.01,10,9580,买盘
867,13:09:27,9.57,--,12,11962,卖盘
868,13:09:22,9.57,--,40,38337,卖盘
869,13:09:12,9.57,-0.01,61,58377,卖盘
870,13:09:02,9.58,0.01,10,9580,买盘
871,13:08:57,9.57,-0.01,120,114840,卖盘
872,13:08:52,9.58,--,200,191600,买盘
873,13:08:47,9.58,--,84,80472,买盘
874,13:08:27,9.58,0.01,10,9580,买盘
875,13:08:17,9.57,-0.01,35,33495,卖盘
876,13:08:02,9.58,--,13,12454,买盘
877,13:07:57,9.58,--,65,62270,买盘
878,13:07:26,9.58,0.01,10,9580,买盘
879,13:07:21,9.57,-0.01,42,40729,卖盘
880,13:07:17,9.58,--,17,16286,买盘
881,13:07:12,9.58,--,49,46942,买盘
882,13:07:02,9.58,--,55,52690,买盘
883,13:06:56,9.58,--,30,28740,买盘
884,13:06:51,9.58,--,10,9580,买盘
885,13:06:47,9.58,--,25,24678,卖盘
886,13:06:41,9.58,-0.01,56,53648,卖盘
887,13:06:26,9.59,0.01,10,9590,买盘
888,13:06:21,9.58,--,18,17244,卖盘
889,13:06:17,9.58,--,2,1916,卖盘
890,13:06:12,9.58,--,1,958,卖盘
891,13:05:57,9.58,--,355,340090,卖盘
892,13:05:51,9.58,-0.01,20,19160,卖盘
893,13:05:42,9.59,--,3,2877,买盘
894,13:05:32,9.59,--,2,1918,买盘
895,13:05:26,9.59,0.01,5,4795,买盘
896,13:05:21,9.58,-0.01,42,40772,卖盘
897,13:05:16,9.59,--,33,31647,买盘
898,13:05:01,9.59,0.01,2,1918,买盘
899,13:04:56,9.58,-0.01,14,13412,卖盘
900,13:04:51,9.59,--,2,1918,买盘
901,13:04:46,9.59,--,10,9590,买盘
902,13:04:21,9.59,--,2,1918,买盘
903,13:03:26,9.59,--,13,12467,买盘
904,13:03:21,9.59,0.01,19,19064,买盘
905,13:03:16,9.58,-0.01,27,26517,卖盘
906,13:03:06,9.59,--,2,1918,买盘
907,13:03:01,9.59,--,20,19180,买盘
908,13:02:56,9.59,--,2,1918,买盘
909,13:02:51,9.59,--,2,1918,买盘
910,13:02:36,9.59,--,161,154820,卖盘
911,13:02:31,9.59,--,8,7672,卖盘
912,13:02:21,9.59,--,20,19180,卖盘
913,13:02:06,9.59,--,53,51364,买盘
914,13:02:01,9.59,--,5,4795,买盘
915,13:01:56,9.59,0.01,5,4795,买盘
916,13:01:51,9.58,-0.01,162,155196,卖盘
917,13:01:45,9.59,--,6,5754,买盘
918,13:01:41,9.59,--,46,44114,买盘
919,13:01:21,9.59,--,75,72030,卖盘
920,13:01:15,9.59,--,26,25787,卖盘
921,13:01:11,9.59,-0.01,5,4795,卖盘
922,13:01:06,9.6,--,27,25920,买盘
923,13:00:51,9.6,--,48,46080,卖盘
924,13:00:35,9.6,0.01,55,52800,买盘
925,13:00:26,9.59,-0.01,9,8631,卖盘
926,13:00:20,9.6,--,15,14400,卖盘
927,13:00:11,9.6,--,7,6720,卖盘
928,13:00:05,9.6,--,772,741830,卖盘
929,11:30:00,9.6,--,0,0,卖盘
930,11:30:00,9.6,--,0,0,卖盘
931,11:30:00,9.6,-0.01,60,57600,卖盘
932,11:29:52,9.61,0.01,40,38440,买盘
933,11:29:42,9.6,-0.01,5,4800,卖盘
934,11:29:32,9.61,0.01,10,9610,买盘
935,11:29:27,9.6,--,101,96960,卖盘
936,11:29:17,9.6,-0.01,42,40857,卖盘
937,11:29:12,9.61,0.01,1,961,买盘
938,11:29:01,9.6,--,10,9600,卖盘
939,11:28:47,9.6,--,15,14400,卖盘
940,11:28:37,9.6,--,8,7680,卖盘
941,11:28:32,9.6,--,4,3840,卖盘
942,11:28:27,9.6,--,44,42240,卖盘
943,11:28:16,9.6,--,4,3840,卖盘
944,11:28:12,9.6,--,143,137280,卖盘
945,11:27:47,9.6,-0.01,95,91200,卖盘
946,11:27:42,9.61,--,318,305598,买盘
947,11:27:32,9.61,0.01,10,9610,买盘
948,11:27:27,9.6,--,15,14400,卖盘
949,11:27:17,9.6,--,16,15436,卖盘
950,11:27:12,9.6,-0.01,31,30220,卖盘
951,11:26:57,9.61,--,11,10571,买盘
952,11:26:52,9.61,--,5,4805,买盘
953,11:26:47,9.61,--,27,25947,买盘
954,11:26:37,9.61,--,10,9610,买盘
955,11:26:32,9.61,0.01,1,961,买盘
956,11:26:27,9.6,-0.01,10,9600,卖盘
957,11:26:07,9.61,--,20,19220,买盘
958,11:26:02,9.61,-0.01,109,105171,卖盘
959,11:25:57,9.62,--,5,4810,买盘
960,11:25:52,9.62,--,1,961,买盘
961,11:25:32,9.62,--,4,3847,买盘
962,11:25:27,9.62,--,80,76960,买盘
963,11:25:11,9.62,0.01,46,44790,买盘
964,11:25:01,9.61,--,6,5766,卖盘
965,11:24:56,9.61,--,4,3844,卖盘
966,11:24:51,9.61,--,6,5766,卖盘
967,11:24:46,9.61,--,2,1922,买盘
968,11:24:41,9.61,0.01,30,28830,买盘
969,11:24:27,9.6,-0.01,57,54720,卖盘
970,11:24:21,9.61,--,51,49011,买盘
971,11:24:16,9.61,0.01,11,10571,买盘
972,11:24:11,9.6,-0.01,20,19200,卖盘
973,11:24:06,9.61,0.01,252,242172,买盘
974,11:24:01,9.6,-0.01,37,35520,卖盘
975,11:23:57,9.61,--,1,961,买盘
976,11:23:51,9.61,0.01,3,2883,买盘
977,11:23:41,9.6,-0.01,30,28800,卖盘
978,11:23:36,9.61,--,15,14415,买盘
979,11:23:31,9.61,0.01,1,961,买盘
980,11:23:11,9.6,-0.01,45,43737,卖盘
981,11:23:06,9.61,0.01,10,9610,买盘
982,11:23:01,9.6,--,49,47040,卖盘
983,11:22:56,9.6,--,10,9600,卖盘
984,11:22:51,9.6,--,57,55276,买盘
985,11:22:41,9.6,--,37,35520,买盘
986,11:22:31,9.6,0.01,105,100800,买盘
987,11:22:26,9.59,--,36,34524,卖盘
988,11:22:06,9.59,--,24,23016,卖盘
989,11:21:56,9.59,--,48,46032,买盘
990,11:21:51,9.59,--,40,38360,买盘
991,11:21:46,9.59,--,48,46032,买盘
992,11:21:36,9.59,--,25,23975,买盘
993,11:21:31,9.59,--,6,5754,买盘
994,11:21:26,9.59,--,15,14385,买盘
995,11:21:21,9.59,--,50,47950,买盘
996,11:21:16,9.59,0.01,10,9590,买盘
997,11:21:11,9.58,--,12,12444,卖盘
998,11:21:06,9.58,--,51,49404,卖盘
999,11:20:56,9.58,--,108,104000,买盘
1000,11:20:51,9.58,--,333,319014,买盘
1001,11:20:46,9.58,0.01,95,91010,买盘
1002,11:20:41,9.57,-0.01,21,20097,卖盘
1003,11:20:36,9.58,0.01,25,23950,买盘
1004,11:20:31,9.57,-0.01,7,6699,卖盘
1005,11:20:26,9.58,--,5,4790,买盘
1006,11:20:21,9.58,0.01,82,78556,买盘
1007,11:20:11,9.57,-0.01,260,248820,卖盘
1008,11:19:56,9.58,0.03,19,18202,中性盘
1009,11:19:51,9.55,-0.02,789,754239,卖盘
1010,11:19:46,9.57,--,1,957,买盘
1011,11:19:41,9.57,-0.01,102,98456,卖盘
1012,11:19:36,9.58,--,350,335836,买盘
1013,11:19:31,9.58,--,1,958,买盘
1014,11:19:26,9.58,0.01,10,9580,买盘
1015,11:19:21,9.57,-0.01,137,131109,卖盘
1016,11:19:16,9.58,0.01,10,9580,买盘
1017,11:19:11,9.57,--,15,14355,卖盘
1018,11:19:06,9.57,-0.01,93,89536,卖盘
1019,11:19:01,9.58,--,20,19160,买盘
1020,11:18:56,9.58,--,487,466546,卖盘
1021,11:18:51,9.58,-0.01,40,38320,卖盘
1022,11:18:45,9.59,--,59,56581,买盘
1023,11:18:41,9.59,--,15,14385,买盘
1024,11:18:36,9.59,--,13,12467,买盘
1025,11:18:26,9.59,--,13,12467,买盘
1026,11:18:21,9.59,--,614,589247,卖盘
1027,11:18:11,9.59,-0.01,2,1918,卖盘
1028,11:18:05,9.6,--,5,4800,买盘
1029,11:18:01,9.6,0.01,26,24960,买盘
1030,11:17:55,9.59,-0.01,5,4795,卖盘
1031,11:17:50,9.6,--,43,41280,买盘
1032,11:17:45,9.6,0.01,20,19200,买盘
1033,11:17:40,9.59,-0.01,112,107408,卖盘
1034,11:17:35,9.6,0.01,110,105600,买盘
1035,11:17:30,9.59,-0.01,140,134260,卖盘
1036,11:17:20,9.6,--,30,28800,买盘
1037,11:17:15,9.6,0.01,7,6720,买盘
1038,11:17:10,9.59,--,13,12687,卖盘
1039,11:17:05,9.59,-0.01,33,31963,卖盘
1040,11:17:00,9.6,--,98,94080,买盘
1041,11:16:55,9.6,--,50,48000,买盘
1042,11:16:50,9.6,0.01,10,9600,买盘
1043,11:16:45,9.59,--,20,19180,卖盘
1044,11:16:40,9.59,-0.01,27,25893,卖盘
1045,11:16:30,9.6,0.01,89,85440,买盘
1046,11:16:20,9.59,--,124,118916,卖盘
1047,11:16:15,9.59,-0.01,44,42196,卖盘
1048,11:16:10,9.6,0.01,30,28800,买盘
1049,11:16:05,9.59,-0.01,46,44114,卖盘
1050,11:16:00,9.6,--,45,43200,买盘
1051,11:15:55,9.6,--,1,960,买盘
1052,11:15:45,9.6,--,19,18240,买盘
1053,11:15:40,9.6,--,281,270163,卖盘
1054,11:15:30,9.6,-0.01,5,4800,卖盘
1055,11:15:25,9.61,0.01,1000,961000,买盘
1056,11:15:19,9.6,--,9,8640,卖盘
1057,11:15:15,9.6,--,119,114240,卖盘
1058,11:15:05,9.6,-0.01,172,165120,卖盘
1059,11:15:00,9.61,--,53,50933,卖盘
1060,11:14:55,9.61,--,150,144150,卖盘
1061,11:14:50,9.61,-0.01,2,1922,卖盘
1062,11:14:45,9.62,0.01,108,103895,买盘
1063,11:14:40,9.61,-0.01,6,5766,卖盘
1064,11:14:35,9.62,--,20,19240,买盘
1065,11:14:30,9.62,--,3,2885,买盘
1066,11:14:20,9.62,--,29,27897,卖盘
1067,11:14:15,9.62,--,108,103895,卖盘
1068,11:14:05,9.62,--,15,14429,卖盘
1069,11:13:50,9.62,0.01,12,11543,买盘
1070,11:13:45,9.61,-0.01,182,174902,卖盘
1071,11:13:40,9.62,--,10,9620,买盘
1072,11:13:35,9.62,--,2,1923,买盘
1073,11:13:30,9.62,--,41,39442,买盘
1074,11:13:20,9.62,--,11,10582,买盘
1075,11:13:15,9.62,--,5,4810,卖盘
1076,11:13:05,9.62,0.01,14,14179,中性盘
1077,11:13:00,9.61,--,39,38267,卖盘
1078,11:12:55,9.61,-0.02,10,9610,卖盘
1079,11:12:50,9.63,0.02,980,943740,买盘
1080,11:12:35,9.61,--,1,961,卖盘
1081,11:12:30,9.61,--,19,18278,买盘
1082,11:12:25,9.61,--,10,9610,买盘
1083,11:12:20,9.61,--,100,96100,买盘
1084,11:12:10,9.61,--,30,28830,买盘
1085,11:12:05,9.61,--,50,48050,买盘
1086,11:11:59,9.61,--,43,42264,卖盘
1087,11:11:54,9.61,--,78,74977,买盘
1088,11:11:50,9.61,0.01,69,66309,买盘
1089,11:11:45,9.6,--,20,19200,卖盘
1090,11:11:40,9.6,-0.01,10,9600,卖盘
1091,11:11:35,9.61,0.01,100,96100,买盘
1092,11:11:19,9.6,--,79,75840,买盘
1093,11:11:14,9.6,--,160,153600,买盘
1094,11:11:09,9.6,--,53,51014,卖盘
1095,11:11:04,9.6,-0.01,61,59136,卖盘
1096,11:10:59,9.61,--,77,74669,卖盘
1097,11:10:54,9.61,--,50,48050,卖盘
1098,11:10:49,9.61,--,287,276345,买盘
1099,11:10:44,9.61,--,806,774566,买盘
1100,11:10:34,9.61,--,25,24025,买盘
1101,11:10:29,9.61,--,50,48050,买盘
1102,11:10:24,9.61,0.01,195,187395,买盘
1103,11:10:14,9.6,--,25,24000,卖盘
1104,11:10:09,9.6,--,42,40320,卖盘
1105,11:10:04,9.6,-0.01,53,50880,卖盘
1106,11:09:59,9.61,--,107,102827,买盘
1107,11:09:54,9.61,--,26,24986,买盘
1108,11:09:49,9.61,--,113,109015,卖盘
1109,11:09:44,9.61,--,418,401698,卖盘
1110,11:09:34,9.61,-0.01,520,499719,卖盘
1111,11:09:29,9.62,--,20,19240,买盘
1112,11:09:24,9.62,0.01,6,5771,买盘
1113,11:09:19,9.61,-0.01,7,6727,卖盘
1114,11:09:14,9.62,0.01,68,65415,买盘
1115,11:09:09,9.61,--,10,9610,卖盘
1116,11:08:59,9.61,-0.01,228,219646,卖盘
1117,11:08:54,9.62,--,206,198171,卖盘
1118,11:08:44,9.62,-0.01,479,460797,卖盘
1119,11:08:39,9.63,--,10,9630,买盘
1120,11:08:29,9.63,--,75,72225,卖盘
1121,11:08:14,9.63,-0.01,114,109782,卖盘
1122,11:08:09,9.64,--,107,103148,买盘
1123,11:07:59,9.64,--,9,8676,买盘
1124,11:07:49,9.64,--,112,108392,卖盘
1125,11:07:44,9.64,-0.01,22,21208,卖盘
1126,11:07:29,9.65,--,47,45355,买盘
1127,11:07:24,9.65,--,1,965,买盘
1128,11:07:14,9.65,--,2,1930,买盘
1129,11:07:04,9.65,--,24,23497,卖盘
1130,11:06:59,9.65,--,75,72577,买盘
1131,11:06:49,9.65,--,7,6755,买盘
1132,11:06:39,9.65,--,10,9650,买盘
1133,11:06:33,9.65,--,4,3860,买盘
1134,11:06:23,9.65,--,77,74305,买盘
1135,11:06:19,9.65,0.01,29,27985,买盘
1136,11:06:14,9.64,-0.01,20,19280,卖盘
1137,11:06:08,9.65,0.01,13,12545,买盘
1138,11:05:59,9.64,-0.01,201,193764,卖盘
1139,11:05:53,9.65,0.01,333,321345,买盘
1140,11:05:43,9.64,-0.01,45,43380,卖盘
1141,11:05:39,9.65,--,1,965,买盘
1142,11:05:34,9.65,0.01,12,11580,买盘
1143,11:05:28,9.64,-0.01,101,97364,卖盘
1144,11:05:24,9.65,--,101,97465,买盘
1145,11:05:13,9.65,--,42,40530,买盘
1146,11:05:08,9.65,-0.01,63,61132,卖盘
1147,11:04:59,9.66,0.01,45,44010,买盘
1148,11:04:53,9.65,-0.01,61,58865,卖盘
1149,11:04:49,9.66,--,6,5796,买盘
1150,11:04:38,9.66,--,5,4830,买盘
1151,11:04:28,9.66,--,5,4830,买盘
1152,11:04:23,9.66,--,2,1932,买盘
1153,11:04:18,9.66,--,52,50232,买盘
1154,11:04:12,9.66,--,15,14490,买盘
1155,11:04:08,9.66,--,5,4830,买盘
1156,11:03:58,9.66,--,5,4830,买盘
1157,11:03:42,9.66,--,5,4830,买盘
1158,11:03:33,9.66,0.01,10,9660,买盘
1159,11:03:23,9.65,-0.01,20,19300,卖盘
1160,11:03:18,9.66,0.01,4,3864,买盘
1161,11:03:13,9.65,--,92,88866,买盘
1162,11:03:08,9.65,--,18,17370,买盘
1163,11:03:03,9.65,--,20,19300,买盘
1164,11:02:58,9.65,--,24,23613,买盘
1165,11:02:53,9.65,-0.01,224,216160,卖盘
1166,11:02:42,9.66,--,11,10626,买盘
1167,11:02:38,9.66,--,10,9660,买盘
1168,11:02:33,9.66,--,23,22218,买盘
1169,11:02:22,9.66,0.01,3,2898,买盘
1170,11:02:18,9.65,--,98,94570,卖盘
1171,11:02:08,9.65,--,25,24125,卖盘
1172,11:01:53,9.65,--,151,145715,卖盘
1173,11:01:48,9.65,--,8,7720,卖盘
1174,11:01:33,9.65,--,1,965,卖盘
1175,11:01:23,9.65,--,17,16405,买盘
1176,11:01:17,9.65,--,18,17370,卖盘
1177,11:01:08,9.65,--,9,8685,买盘
1178,11:00:58,9.65,0.01,8,7720,买盘
1179,11:00:53,9.64,-0.01,80,77659,卖盘
1180,11:00:47,9.65,--,23,22195,买盘
1181,11:00:38,9.65,--,382,368630,买盘
1182,11:00:32,9.65,--,81,78165,买盘
1183,11:00:28,9.65,--,33,31845,买盘
1184,11:00:23,9.65,--,169,163085,买盘
1185,11:00:17,9.65,--,57,55005,买盘
1186,11:00:13,9.65,--,30,28950,买盘
1187,11:00:08,9.65,--,4,3860,买盘
1188,11:00:02,9.65,--,267,257655,买盘
1189,10:59:58,9.65,--,159,153435,买盘
1190,10:59:52,9.65,--,13,12545,买盘
1191,10:59:47,9.65,0.01,117,112905,买盘
1192,10:59:43,9.64,-0.01,50,48200,卖盘
1193,10:59:38,9.65,--,143,138352,买盘
1194,10:59:32,9.65,0.01,162,156330,买盘
1195,10:59:28,9.64,-0.01,20,19280,卖盘
1196,10:59:23,9.65,0.01,20,19300,买盘
1197,10:59:17,9.64,--,396,381744,卖盘
1198,10:59:12,9.64,--,70,67480,卖盘
1199,10:59:08,9.64,--,750,723000,卖盘
1200,10:58:57,9.64,--,100,96400,卖盘
1201,10:58:53,9.64,--,72,69947,卖盘
1202,10:58:47,9.64,--,16,15424,卖盘
1203,10:58:37,9.64,-0.01,202,194728,卖盘
1204,10:58:32,9.65,0.01,7,6755,买盘
1205,10:58:27,9.64,--,20,19280,卖盘
1206,10:58:02,9.64,--,65,62660,卖盘
1207,10:57:57,9.64,--,17,16870,卖盘
1208,10:57:52,9.64,-0.01,215,207260,卖盘
1209,10:57:47,9.65,0.01,16,15440,买盘
1210,10:57:42,9.64,--,274,264136,卖盘
1211,10:57:37,9.64,--,29,27956,卖盘
1212,10:57:32,9.64,--,39,37596,卖盘
1213,10:57:17,9.64,-0.01,202,194728,卖盘
1214,10:57:12,9.65,--,26,25090,买盘
1215,10:57:06,9.65,--,13,13394,卖盘
1216,10:57:02,9.65,--,97,93605,卖盘
1217,10:56:57,9.65,--,100,96500,卖盘
1218,10:56:51,9.65,-0.01,115,111486,卖盘
1219,10:56:47,9.66,0.01,30,29008,买盘
1220,10:56:42,9.65,-0.01,102,98430,卖盘
1221,10:56:37,9.66,0.01,40,38640,买盘
1222,10:56:27,9.65,-0.01,22,21230,卖盘
1223,10:56:21,9.66,--,5,4830,买盘
1224,10:56:12,9.66,0.01,5,4830,买盘
1225,10:56:07,9.65,--,12,11580,卖盘
1226,10:56:02,9.65,--,2,1930,卖盘
1227,10:55:47,9.65,--,70,67550,卖盘
1228,10:55:42,9.65,-0.01,75,72375,卖盘
1229,10:55:32,9.66,0.01,25,24150,买盘
1230,10:55:27,9.65,-0.01,525,506625,卖盘
1231,10:55:17,9.66,0.01,73,70518,买盘
1232,10:55:12,9.65,-0.01,9,8685,卖盘
1233,10:55:06,9.66,--,7,6762,买盘
1234,10:55:02,9.66,-0.01,27,26082,卖盘
1235,10:54:57,9.67,--,2,1934,买盘
1236,10:54:51,9.67,0.01,176,170192,买盘
1237,10:54:47,9.66,--,42,41112,卖盘
1238,10:54:42,9.66,-0.01,58,56028,卖盘
1239,10:54:32,9.67,0.01,219,211773,买盘
1240,10:54:27,9.66,--,50,48300,卖盘
1241,10:54:21,9.66,--,400,386400,卖盘
1242,10:54:12,9.66,--,17,16422,卖盘
1243,10:54:06,9.66,-0.01,356,343896,卖盘
1244,10:54:02,9.67,0.01,23,22241,买盘
1245,10:53:56,9.66,-0.01,60,57960,卖盘
1246,10:53:51,9.67,--,1,967,买盘
1247,10:53:46,9.67,--,186,180171,卖盘
1248,10:53:41,9.67,--,74,71558,卖盘
1249,10:53:31,9.67,--,220,212740,卖盘
1250,10:53:26,9.67,--,286,276562,卖盘
1251,10:53:21,9.67,--,5,4835,卖盘
1252,10:53:17,9.67,--,5,4835,卖盘
1253,10:53:11,9.67,--,193,186631,卖盘
1254,10:53:06,9.67,-0.01,20,19340,卖盘
1255,10:53:01,9.68,0.01,26,25168,买盘
1256,10:52:46,9.67,-0.01,57,55660,卖盘
1257,10:52:41,9.68,--,671,650205,卖盘
1258,10:52:32,9.68,-0.01,200,193600,卖盘
1259,10:52:11,9.69,0.01,8,7752,买盘
1260,10:52:06,9.68,-0.01,4,3872,卖盘
1261,10:51:56,9.69,0.01,111,107559,买盘
1262,10:51:45,9.68,--,29,28362,买盘
1263,10:51:41,9.68,--,13,13261,卖盘
1264,10:51:36,9.68,--,1,968,卖盘
1265,10:51:26,9.68,-0.01,494,478443,卖盘
1266,10:51:15,9.69,0.01,1,969,买盘
1267,10:51:11,9.68,--,31,30472,卖盘
1268,10:51:06,9.68,--,62,60016,卖盘
1269,10:50:45,9.68,--,21,20763,卖盘
1270,10:50:41,9.68,--,56,54314,卖盘
1271,10:50:36,9.68,--,42,40656,卖盘
1272,10:50:06,9.68,--,90,87120,卖盘
1273,10:49:56,9.68,--,179,173272,买盘
1274,10:49:51,9.68,-0.01,138,133584,卖盘
1275,10:49:30,9.69,0.01,51,49419,买盘
1276,10:49:26,9.68,--,3,2904,买盘
1277,10:49:21,9.68,--,371,359747,卖盘
1278,10:49:06,9.68,--,10,9680,卖盘
1279,10:49:00,9.68,-0.01,6,5808,卖盘
1280,10:48:56,9.69,--,21,20349,买盘
1281,10:48:51,9.69,--,8,7752,买盘
1282,10:48:45,9.69,0.01,67,64932,买盘
1283,10:48:41,9.68,-0.01,27,26668,卖盘
1284,10:48:36,9.69,0.01,3,2907,买盘
1285,10:48:25,9.68,-0.01,13,12584,卖盘
1286,10:48:10,9.69,--,20,19380,买盘
1287,10:47:40,9.69,0.01,5,4845,买盘
1288,10:47:06,9.68,--,100,96800,卖盘
1289,10:46:50,9.68,--,100,96800,卖盘
1290,10:46:45,9.68,--,12,12535,卖盘
1291,10:46:40,9.68,--,242,234846,卖盘
1292,10:46:20,9.68,--,134,129712,卖盘
1293,10:46:15,9.68,--,20,19360,卖盘
1294,10:46:10,9.68,--,6,5808,卖盘
1295,10:45:40,9.68,-0.01,17,16456,卖盘
1296,10:45:35,9.69,--,46,44574,买盘
1297,10:45:30,9.69,--,10,9690,买盘
1298,10:45:25,9.69,0.01,20,19380,买盘
1299,10:45:20,9.68,-0.01,30,29040,卖盘
1300,10:45:15,9.69,--,28,27132,买盘
1301,10:45:10,9.69,0.01,10,9690,买盘
1302,10:45:05,9.68,--,59,57112,卖盘
1303,10:44:55,9.68,--,117,113256,卖盘
1304,10:44:40,9.68,-0.01,42,41198,卖盘
1305,10:44:25,9.69,0.01,75,72675,买盘
1306,10:44:20,9.68,-0.01,15,14520,卖盘
1307,10:44:05,9.69,--,51,49419,买盘
1308,10:43:54,9.69,--,11,10659,买盘
1309,10:43:39,9.69,0.01,16,15504,买盘
1310,10:43:35,9.68,-0.01,93,90024,卖盘
1311,10:43:30,9.69,--,10,9690,买盘
1312,10:43:24,9.69,--,10,9690,买盘
1313,10:43:20,9.69,--,18,17442,买盘
1314,10:43:15,9.69,--,148,143412,买盘
1315,10:43:05,9.69,--,4,3876,买盘
1316,10:42:50,9.69,--,1,969,买盘
1317,10:42:45,9.69,--,40,39341,买盘
1318,10:42:39,9.69,0.01,100,96900,买盘
1319,10:42:35,9.68,-0.01,27,27065,卖盘
1320,10:42:24,9.69,-0.01,19,18411,买盘
1321,10:42:20,9.7,0.01,1000,969999,买盘
1322,10:42:15,9.69,--,41,39729,买盘
1323,10:42:09,9.69,-0.01,453,439218,卖盘
1324,10:42:05,9.7,0.01,8,7759,买盘
1325,10:41:45,9.69,--,30,29070,卖盘
1326,10:41:20,9.69,--,63,61047,卖盘
1327,10:40:54,9.69,--,2,1938,卖盘
1328,10:40:45,9.69,--,97,94700,买盘
1329,10:40:39,9.69,0.01,51,50194,买盘
1330,10:40:35,9.68,-0.01,154,149807,卖盘
1331,10:40:30,9.69,0.01,35,33915,买盘
1332,10:40:24,9.68,-0.01,5,4840,卖盘
1333,10:40:20,9.69,--,24,23256,买盘
1334,10:40:15,9.69,--,17,16473,买盘
1335,10:40:09,9.69,--,25,24225,买盘
1336,10:40:00,9.69,--,41,39729,买盘
1337,10:39:54,9.69,--,15,14535,买盘
1338,10:39:49,9.69,--,7,6783,买盘
1339,10:39:45,9.69,--,73,70737,买盘
1340,10:39:39,9.69,0.01,50,48450,买盘
1341,10:39:34,9.68,--,73,70664,卖盘
1342,10:39:30,9.68,--,5,4840,卖盘
1343,10:39:24,9.68,-0.01,30,29040,卖盘
1344,10:39:19,9.69,0.01,61,59109,买盘
1345,10:39:09,9.68,-0.01,200,193600,卖盘
1346,10:38:54,9.69,--,4,3876,买盘
1347,10:38:49,9.69,0.01,11,10659,买盘
1348,10:38:34,9.68,--,142,137998,卖盘
1349,10:38:24,9.68,--,100,96800,卖盘
1350,10:38:19,9.68,--,1,968,卖盘
1351,10:38:09,9.68,--,60,58080,卖盘
1352,10:38:04,9.68,-0.01,26,25168,卖盘
1353,10:37:59,9.69,0.01,50,48450,买盘
1354,10:37:54,9.68,-0.01,70,67760,卖盘
1355,10:37:49,9.69,0.01,77,74613,买盘
1356,10:37:39,9.68,--,194,187792,卖盘
1357,10:37:34,9.68,-0.01,100,96800,卖盘
1358,10:37:24,9.69,--,13,12597,买盘
1359,10:37:18,9.69,0.01,30,29070,买盘
1360,10:37:14,9.68,-0.01,29,28072,卖盘
1361,10:37:03,9.69,--,5,4845,买盘
1362,10:36:48,9.69,--,9,8721,买盘
1363,10:36:44,9.69,--,63,61308,卖盘
1364,10:36:39,9.69,--,76,73963,卖盘
1365,10:36:33,9.69,--,27,26385,卖盘
1366,10:36:29,9.69,--,10,9690,卖盘
1367,10:36:14,9.69,--,5,4845,卖盘
1368,10:35:59,9.69,-0.01,23,22287,卖盘
1369,10:35:54,9.7,--,102,98940,买盘
1370,10:35:44,9.7,--,64,62079,买盘
1371,10:35:38,9.7,0.01,24,23444,买盘
1372,10:35:33,9.69,--,90,88014,卖盘
1373,10:35:29,9.69,--,76,73644,卖盘
1374,10:35:23,9.69,-0.01,10,9690,卖盘
1375,10:35:14,9.7,--,7,6789,买盘
1376,10:35:09,9.7,--,107,103789,买盘
1377,10:34:59,9.7,--,10,9700,买盘
1378,10:34:54,9.7,--,16,15519,买盘
1379,10:34:48,9.7,0.01,6,5820,买盘
1380,10:34:33,9.69,--,12,11899,卖盘
1381,10:34:29,9.69,-0.01,30,29341,卖盘
1382,10:34:23,9.7,--,99,96030,买盘
1383,10:34:14,9.7,0.01,30,29099,买盘
1384,10:34:09,9.69,-0.01,36,35475,卖盘
1385,10:33:53,9.7,0.01,1,969,买盘
1386,10:33:33,9.69,--,29,28101,卖盘
1387,10:33:29,9.69,--,9,8721,卖盘
1388,10:33:23,9.69,0.01,40,38760,中性盘
1389,10:33:14,9.68,-0.01,36,34848,卖盘
1390,10:33:08,9.69,0.01,9,8721,买盘
1391,10:33:03,9.68,--,29,28072,卖盘
1392,10:32:53,9.68,--,81,78408,买盘
1393,10:32:48,9.68,--,33,31944,买盘
1394,10:32:43,9.68,--,70,67760,买盘
1395,10:32:38,9.68,0.01,12,11616,买盘
1396,10:32:33,9.67,-0.01,14,13915,卖盘
1397,10:32:28,9.68,--,187,181180,卖盘
1398,10:32:23,9.68,0.01,110,107022,买盘
1399,10:32:18,9.67,--,50,48350,买盘
1400,10:32:13,9.67,--,70,67690,买盘
1401,10:32:03,9.67,--,40,38680,买盘
1402,10:31:58,9.67,-0.02,641,620272,卖盘
1403,10:31:53,9.69,--,46,44574,买盘
1404,10:31:43,9.69,-0.01,200,193800,卖盘
1405,10:31:38,9.7,0.01,18,17460,买盘
1406,10:31:33,9.69,-0.01,21,20349,卖盘
1407,10:31:28,9.7,0.01,3,2910,买盘
1408,10:31:23,9.69,--,50,48450,卖盘
1409,10:31:18,9.69,-0.01,5,4845,卖盘
1410,10:31:13,9.7,--,12,11640,买盘
1411,10:31:08,9.7,0.01,30,29099,买盘
1412,10:31:03,9.69,-0.01,10,9690,卖盘
1413,10:30:58,9.7,0.01,6,5820,买盘
1414,10:30:48,9.69,0.01,128,124032,买盘
1415,10:30:42,9.68,--,10,9680,卖盘
1416,10:30:38,9.68,--,205,198440,卖盘
1417,10:30:33,9.68,-0.01,192,186398,卖盘
1418,10:30:27,9.69,--,8,7752,买盘
1419,10:30:23,9.69,--,1,969,买盘
1420,10:30:18,9.69,--,92,89148,买盘
1421,10:30:12,9.69,--,1,969,买盘
1422,10:30:08,9.69,0.01,234,226746,买盘
1423,10:30:03,9.68,--,56,54208,卖盘
1424,10:29:57,9.68,--,46,44528,卖盘
1425,10:29:53,9.68,--,57,55176,卖盘
1426,10:29:48,9.68,-0.01,3,2904,卖盘
1427,10:29:38,9.69,--,70,67830,买盘
1428,10:29:23,9.69,--,346,335274,卖盘
1429,10:29:17,9.69,-0.01,108,104652,卖盘
1430,10:29:12,9.7,0.01,2,1939,买盘
1431,10:29:08,9.69,-0.01,21,20349,卖盘
1432,10:29:02,9.7,--,5,4850,买盘
1433,10:28:57,9.7,--,1517,1471916,卖盘
1434,10:28:53,9.7,--,82,79540,卖盘
1435,10:28:47,9.7,--,243,235709,卖盘
1436,10:28:42,9.7,--,100,97000,卖盘
1437,10:28:38,9.7,-0.01,15,14549,卖盘
1438,10:28:32,9.71,--,109,106382,买盘
1439,10:28:27,9.71,--,20,19420,买盘
1440,10:28:23,9.71,--,10,9710,买盘
1441,10:28:17,9.71,--,10,9710,买盘
1442,10:28:08,9.71,-0.01,1,971,卖盘
1443,10:28:02,9.72,0.01,137,133591,买盘
1444,10:27:53,9.71,--,60,58260,卖盘
1445,10:27:47,9.71,--,10,9710,卖盘
1446,10:27:42,9.71,--,110,106810,卖盘
1447,10:27:38,9.71,--,223,216533,卖盘
1448,10:27:32,9.71,-0.01,172,167012,卖盘
1449,10:27:27,9.72,0.01,10,9720,买盘
1450,10:27:23,9.71,-0.01,273,265083,卖盘
1451,10:27:17,9.72,0.01,145,140940,买盘
1452,10:27:12,9.71,-0.01,40,38840,卖盘
1453,10:27:02,9.72,--,10,9720,买盘
1454,10:26:53,9.72,--,181,176738,卖盘
1455,10:26:47,9.72,--,344,335194,卖盘
1456,10:26:42,9.72,-0.01,57,55404,卖盘
1457,10:26:38,9.73,0.01,1,973,买盘
1458,10:26:32,9.72,--,138,134136,卖盘
1459,10:26:27,9.72,--,12,12577,卖盘
1460,10:26:22,9.72,-0.01,129,125990,卖盘
1461,10:26:12,9.73,--,28,27244,买盘
1462,10:26:07,9.73,0.01,11,10703,买盘
1463,10:26:02,9.72,-0.01,21,20412,卖盘
1464,10:25:57,9.73,0.01,5,4865,买盘
1465,10:25:52,9.72,-0.01,1,972,卖盘
1466,10:25:37,9.73,--,16,15568,买盘
1467,10:25:07,9.73,0.01,75,72975,买盘
1468,10:24:57,9.72,-0.01,5,4860,卖盘
1469,10:24:37,9.73,--,71,69734,卖盘
1470,10:24:32,9.73,0.01,214,208543,买盘
1471,10:24:27,9.72,-0.01,74,72472,卖盘
1472,10:24:17,9.73,0.01,100,97300,买盘
1473,10:24:06,9.72,-0.01,22,21384,卖盘
1474,10:23:57,9.73,--,26,25492,买盘
1475,10:23:47,9.73,--,10,9730,买盘
1476,10:23:42,9.73,--,81,78813,买盘
1477,10:23:32,9.73,--,11,10703,买盘
1478,10:23:27,9.73,--,50,48650,买盘
1479,10:23:17,9.73,--,5,4865,买盘
1480,10:23:12,9.73,--,20,19460,买盘
1481,10:23:06,9.73,--,17,16541,买盘
1482,10:22:56,9.73,--,7,6811,买盘
1483,10:22:47,9.73,0.01,33,32109,买盘
1484,10:22:32,9.72,--,14,13744,卖盘
1485,10:22:26,9.72,-0.01,65,63588,卖盘
1486,10:22:21,9.73,--,6,5838,买盘
1487,10:22:17,9.73,--,90,87570,买盘
1488,10:22:02,9.73,--,5,4865,买盘
1489,10:21:56,9.73,--,20,19460,买盘
1490,10:21:51,9.73,0.01,13,12649,买盘
1491,10:21:47,9.72,-0.01,70,68040,卖盘
1492,10:21:41,9.73,--,31,30163,买盘
1493,10:21:36,9.73,0.01,3,2919,买盘
1494,10:21:32,9.72,-0.01,56,54432,卖盘
1495,10:21:21,9.73,--,9,8757,买盘
1496,10:21:11,9.73,--,1,973,买盘
1497,10:21:06,9.73,--,21,20433,买盘
1498,10:21:02,9.73,0.01,42,40866,买盘
1499,10:20:51,9.72,-0.01,34,33048,卖盘
1500,10:20:41,9.73,--,37,36652,卖盘
1501,10:20:32,9.73,--,50,48650,卖盘
1502,10:20:26,9.73,-0.01,42,41410,卖盘
1503,10:20:17,9.74,--,87,84738,买盘
1504,10:20:11,9.74,0.01,33,32142,买盘
1505,10:20:06,9.73,--,3,3395,卖盘
1506,10:19:51,9.73,--,12,11676,卖盘
1507,10:19:47,9.73,--,1286,1251550,买盘
1508,10:19:41,9.73,--,13,12649,买盘
1509,10:19:36,9.73,0.01,23,22379,买盘
1510,10:19:32,9.72,-0.01,15,14580,卖盘
1511,10:19:26,9.73,0.01,26,25298,买盘
1512,10:19:21,9.72,-0.01,8,7776,卖盘
1513,10:19:16,9.73,0.01,80,77840,买盘
1514,10:19:11,9.72,-0.01,50,48600,卖盘
1515,10:18:56,9.73,0.01,43,41839,买盘
1516,10:18:47,9.72,-0.01,20,19440,卖盘
1517,10:18:41,9.73,0.01,3,2919,买盘
1518,10:18:36,9.72,-0.01,100,97200,卖盘
1519,10:18:26,9.73,0.01,21,20598,买盘
1520,10:18:21,9.72,--,277,269623,卖盘
1521,10:18:16,9.72,--,128,124416,卖盘
1522,10:18:11,9.72,--,51,49572,卖盘
1523,10:18:01,9.72,--,35,34020,卖盘
1524,10:17:46,9.72,0.01,177,172899,买盘
1525,10:17:41,9.71,-0.01,25,24275,卖盘
1526,10:17:36,9.72,--,23,22356,买盘
1527,10:17:30,9.72,0.01,90,87480,买盘
1528,10:17:26,9.71,-0.01,151,146621,卖盘
1529,10:17:21,9.72,--,153,148716,买盘
1530,10:17:15,9.72,0.01,4,3888,买盘
1531,10:17:11,9.71,-0.01,150,145650,卖盘
1532,10:17:06,9.72,--,18,17496,买盘
1533,10:17:00,9.72,0.01,25,24300,买盘
1534,10:16:56,9.71,--,5,4855,卖盘
1535,10:16:51,9.71,-0.01,70,67970,卖盘
1536,10:16:45,9.72,0.01,42,40824,买盘
1537,10:16:41,9.71,-0.01,20,19420,卖盘
1538,10:16:36,9.72,--,64,62208,买盘
1539,10:16:30,9.72,0.01,2,1944,买盘
1540,10:16:26,9.71,-0.01,34,33256,卖盘
1541,10:16:21,9.72,--,152,148045,买盘
1542,10:16:15,9.72,--,1,972,买盘
1543,10:16:11,9.72,--,88,85652,卖盘
1544,10:16:06,9.72,--,3,2916,卖盘
1545,10:16:00,9.72,--,1320,1283040,卖盘
1546,10:15:56,9.72,--,302,293544,卖盘
1547,10:15:50,9.72,--,179,174542,卖盘
1548,10:15:45,9.72,--,54,53061,卖盘
1549,10:15:41,9.72,--,100,97200,卖盘
1550,10:15:35,9.72,--,144,140074,卖盘
1551,10:15:30,9.72,-0.01,1,972,卖盘
1552,10:15:26,9.73,0.01,355,345483,买盘
1553,10:15:20,9.72,--,39,37966,卖盘
1554,10:15:15,9.72,--,56,54490,卖盘
1555,10:15:10,9.72,--,64,62276,卖盘
1556,10:15:05,9.72,--,39,37976,卖盘
1557,10:14:56,9.72,--,39,37976,卖盘
1558,10:14:50,9.72,--,292,283960,卖盘
1559,10:14:41,9.72,--,61,59360,卖盘
1560,10:14:35,9.72,-0.01,15,14580,卖盘
1561,10:14:25,9.73,-0.01,569,554405,卖盘
1562,10:14:05,9.74,0.01,200,194800,买盘
1563,10:14:00,9.73,--,17,16541,卖盘
1564,10:13:56,9.73,--,39,38015,卖盘
1565,10:13:50,9.73,--,71,69151,卖盘
1566,10:13:45,9.73,--,39,38015,卖盘
1567,10:13:41,9.73,-0.01,20,19460,卖盘
1568,10:13:35,9.74,0.01,59,57466,买盘
1569,10:13:30,9.73,-0.01,35,34055,卖盘
1570,10:13:25,9.74,0.01,172,167528,买盘
1571,10:13:20,9.73,-0.01,2,1946,卖盘
1572,10:13:10,9.74,0.01,510,496740,买盘
1573,10:13:05,9.73,--,104,101192,卖盘
1574,10:12:55,9.73,-0.01,45,43785,卖盘
1575,10:12:50,9.74,--,7,6818,买盘
1576,10:12:40,9.74,--,24,23376,卖盘
1577,10:12:35,9.74,--,10,9740,卖盘
1578,10:12:25,9.74,--,4,3896,卖盘
1579,10:12:20,9.74,--,30,29220,卖盘
1580,10:12:05,9.74,--,2,1948,卖盘
1581,10:11:35,9.74,--,20,19480,卖盘
1582,10:11:10,9.74,--,300,292200,卖盘
1583,10:10:55,9.74,--,5,4870,卖盘
1584,10:10:50,9.74,-0.01,110,107140,卖盘
1585,10:10:45,9.75,--,20,19500,买盘
1586,10:10:35,9.75,--,5,4875,买盘
1587,10:10:00,9.75,0.01,25,24375,买盘
1588,10:09:45,9.74,-0.01,7,6818,卖盘
1589,10:09:30,9.75,0.01,2,1950,买盘
1590,10:08:59,9.74,-0.01,34,33116,卖盘
1591,10:08:54,9.75,--,3,2925,买盘
1592,10:08:50,9.75,--,19,18525,买盘
1593,10:08:44,9.75,0.01,50,48750,买盘
1594,10:08:34,9.74,--,518,504532,卖盘
1595,10:08:19,9.74,--,5,4870,卖盘
1596,10:08:14,9.74,--,48,46752,买盘
1597,10:08:09,9.74,--,55,53570,买盘
1598,10:08:05,9.74,0.01,50,48700,买盘
1599,10:07:59,9.73,--,19,18487,卖盘
1600,10:07:49,9.73,--,30,29190,卖盘
1601,10:07:44,9.73,--,10,9730,卖盘
1602,10:07:24,9.73,-0.01,100,97300,卖盘
1603,10:07:14,9.74,0.01,14,13636,买盘
1604,10:07:04,9.73,--,50,48650,卖盘
1605,10:06:49,9.73,0.01,165,160545,买盘
1606,10:06:44,9.72,-0.01,40,38880,卖盘
1607,10:06:39,9.73,--,50,48650,买盘
1608,10:06:34,9.73,0.01,20,19460,买盘
1609,10:06:29,9.72,--,5,4860,卖盘
1610,10:06:19,9.72,-0.01,123,119556,卖盘
1611,10:06:14,9.73,0.01,169,164437,买盘
1612,10:05:49,9.72,--,50,48600,卖盘
1613,10:05:44,9.72,-0.01,4,3888,卖盘
1614,10:05:34,9.73,--,50,48650,买盘
1615,10:05:19,9.73,-0.01,67,65191,卖盘
1616,10:05:09,9.74,0.01,200,194800,买盘
1617,10:05:04,9.73,--,15,14595,卖盘
1618,10:04:59,9.73,--,9,8757,卖盘
1619,10:04:49,9.73,--,516,502068,卖盘
1620,10:04:39,9.73,-0.01,29,28217,卖盘
1621,10:04:34,9.74,0.01,50,48700,买盘
1622,10:04:29,9.73,--,14,13622,卖盘
1623,10:04:24,9.73,--,30,29190,卖盘
1624,10:04:19,9.73,-0.01,3,2919,卖盘
1625,10:04:14,9.74,0.01,21,20454,买盘
1626,10:04:09,9.73,--,15,14595,卖盘
1627,10:03:59,9.73,--,15,14595,卖盘
1628,10:03:44,9.73,--,900,875700,卖盘
1629,10:03:39,9.73,--,10,9730,卖盘
1630,10:03:34,9.73,-0.01,10,9730,卖盘
1631,10:03:29,9.74,0.01,50,48700,买盘
1632,10:03:09,9.73,-0.01,73,71029,卖盘
1633,10:03:04,9.74,--,266,259230,卖盘
1634,10:02:44,9.74,-0.01,20,19480,卖盘
1635,10:02:39,9.75,0.01,20,19500,买盘
1636,10:02:33,9.74,--,200,194800,卖盘
1637,10:02:29,9.74,--,134,130516,卖盘
1638,10:02:08,9.74,-0.01,90,87660,卖盘
1639,10:02:03,9.75,0.01,5,4875,买盘
1640,10:01:59,9.74,--,2,1948,卖盘
1641,10:01:53,9.74,--,313,304862,卖盘
1642,10:01:44,9.74,--,9,8766,卖盘
1643,10:01:38,9.74,--,48,46752,卖盘
1644,10:01:33,9.74,--,4,3896,卖盘
1645,10:01:29,9.74,-0.01,11,10714,卖盘
1646,10:01:23,9.75,--,14,13650,买盘
1647,10:01:18,9.75,--,10,9750,买盘
1648,10:01:14,9.75,0.01,10,9750,买盘
1649,10:01:08,9.74,-0.01,30,29220,卖盘
1650,10:00:53,9.75,--,22,22278,买盘
1651,10:00:38,9.75,0.01,167,162825,买盘
1652,10:00:33,9.74,-0.01,100,97400,卖盘
1653,10:00:23,9.75,0.01,13,12675,买盘
1654,10:00:13,9.74,-0.01,8,7792,卖盘
1655,10:00:03,9.75,--,10,9750,买盘
1656,09:59:53,9.75,--,49,47775,买盘
1657,09:59:33,9.75,0.01,1,975,买盘
1658,09:59:28,9.74,-0.01,20,19480,卖盘
1659,09:59:23,9.75,--,10,9750,买盘
1660,09:59:08,9.75,--,20,19500,买盘
1661,09:58:48,9.75,--,25,24375,买盘
1662,09:58:28,9.75,0.01,119,116025,买盘
1663,09:58:23,9.74,-0.01,10,9740,卖盘
1664,09:58:18,9.75,0.01,3,2925,买盘
1665,09:58:03,9.74,--,10,9740,卖盘
1666,09:57:53,9.74,--,59,57466,卖盘
1667,09:57:43,9.74,-0.01,9,8766,卖盘
1668,09:57:28,9.75,0.01,8,7800,买盘
1669,09:57:23,9.74,-0.01,3,2922,卖盘
1670,09:57:18,9.75,0.01,50,48750,买盘
1671,09:57:08,9.74,--,21,20454,卖盘
1672,09:57:03,9.74,--,54,52596,卖盘
1673,09:56:28,9.74,--,12,11688,卖盘
1674,09:56:23,9.74,-0.01,49,47726,卖盘
1675,09:56:13,9.75,0.01,13,12675,买盘
1676,09:56:08,9.74,-0.01,35,34090,卖盘
1677,09:55:58,9.75,--,3,2925,买盘
1678,09:55:53,9.75,0.01,20,19500,买盘
1679,09:55:48,9.74,--,68,66232,卖盘
1680,09:55:43,9.74,-0.01,100,97400,卖盘
1681,09:55:18,9.75,--,10,9750,卖盘
1682,09:55:13,9.75,--,14,13650,卖盘
1683,09:54:57,9.75,--,100,97500,卖盘
1684,09:54:23,9.75,0.01,102,99450,买盘
1685,09:54:08,9.74,-0.01,306,298044,卖盘
1686,09:53:53,9.75,--,6,5850,买盘
1687,09:53:42,9.75,--,10,9750,买盘
1688,09:53:37,9.75,--,33,32175,卖盘
1689,09:53:32,9.75,-0.01,27,26325,卖盘
1690,09:53:27,9.76,0.01,48,46848,买盘
1691,09:53:23,9.75,-0.01,64,62400,卖盘
1692,09:53:17,9.76,--,20,19520,买盘
1693,09:53:07,9.76,--,13,12688,卖盘
1694,09:53:02,9.76,--,16,15616,买盘
1695,09:52:57,9.76,--,10,9760,买盘
1696,09:52:52,9.76,--,26,25376,买盘
1697,09:52:47,9.76,0.01,2,1952,买盘
1698,09:52:42,9.75,--,101,98475,卖盘
1699,09:52:22,9.75,--,5,4875,卖盘
1700,09:52:17,9.75,0.01,227,221325,买盘
1701,09:52:12,9.74,--,11,10714,卖盘
1702,09:51:52,9.74,--,49,47726,买盘
1703,09:51:47,9.74,--,66,64284,买盘
1704,09:51:42,9.74,--,50,48700,买盘
1705,09:51:37,9.74,--,14,13636,买盘
1706,09:51:32,9.74,--,15,14610,买盘
1707,09:51:27,9.74,--,45,43830,买盘
1708,09:51:22,9.74,--,59,57466,买盘
1709,09:51:17,9.74,--,109,106166,买盘
1710,09:51:12,9.74,0.01,122,118828,买盘
1711,09:51:02,9.73,--,253,246169,买盘
1712,09:50:57,9.73,--,104,101192,买盘
1713,09:50:52,9.73,--,58,56434,买盘
1714,09:50:47,9.73,--,75,72975,买盘
1715,09:50:37,9.73,--,10,9730,买盘
1716,09:50:32,9.73,--,50,48650,买盘
1717,09:50:27,9.73,--,160,155680,卖盘
1718,09:50:17,9.73,--,8,7784,卖盘
1719,09:50:12,9.73,--,5,4865,买盘
1720,09:50:07,9.73,--,2,1946,买盘
1721,09:50:02,9.73,--,9,8757,买盘
1722,09:49:57,9.73,--,6,5838,买盘
1723,09:49:52,9.73,--,20,19460,买盘
1724,09:49:47,9.73,--,1,973,买盘
1725,09:49:42,9.73,--,10,9730,买盘
1726,09:49:37,9.73,--,22,21406,买盘
1727,09:49:32,9.73,0.01,130,126490,买盘
1728,09:49:27,9.72,-0.01,20,19440,卖盘
1729,09:49:17,9.73,--,17,16541,买盘
1730,09:49:12,9.73,0.01,13,12649,买盘
1731,09:49:02,9.72,--,264,256608,卖盘
1732,09:48:52,9.72,-0.01,5,4860,卖盘
1733,09:48:47,9.73,0.01,110,107030,买盘
1734,09:48:42,9.72,-0.01,4,3888,卖盘
1735,09:48:37,9.73,0.01,5,4865,买盘
1736,09:48:32,9.72,--,30,29160,卖盘
1737,09:48:26,9.72,-0.01,30,29160,卖盘
1738,09:48:17,9.73,--,110,107030,买盘
1739,09:48:11,9.73,0.01,37,36001,买盘
1740,09:48:07,9.72,--,65,63180,卖盘
1741,09:48:02,9.72,-0.01,310,301320,卖盘
1742,09:47:56,9.73,0.01,5,4865,买盘
1743,09:47:47,9.72,-0.01,969,941868,卖盘
1744,09:47:41,9.73,--,11,10703,买盘
1745,09:47:36,9.73,0.01,46,44758,卖盘
1746,09:47:32,9.72,-0.01,251,243972,卖盘
1747,09:47:26,9.73,--,110,107030,买盘
1748,09:47:21,9.73,--,1,973,买盘
1749,09:47:17,9.73,0.01,36,35028,买盘
1750,09:47:11,9.72,-0.01,15,14580,卖盘
1751,09:47:02,9.73,--,46,44758,卖盘
1752,09:46:56,9.73,0.01,21,20433,卖盘
1753,09:46:51,9.72,-0.02,47,45684,卖盘
1754,09:46:47,9.74,0.01,17,16558,买盘
1755,09:46:41,9.73,-0.01,289,281197,卖盘
1756,09:46:21,9.74,0.01,5,4870,买盘
1757,09:46:17,9.73,-0.01,32,31136,卖盘
1758,09:46:02,9.74,0.01,1060,1032440,买盘
1759,09:45:56,9.73,-0.01,35,34055,卖盘
1760,09:45:51,9.74,--,100,97400,买盘
1761,09:45:46,9.74,-0.01,394,383756,卖盘
1762,09:45:31,9.75,0.01,3,2925,买盘
1763,09:45:16,9.74,--,71,69154,买盘
1764,09:45:11,9.74,--,64,62336,买盘
1765,09:45:06,9.74,--,18,17532,买盘
1766,09:45:01,9.74,--,34,33116,买盘
1767,09:44:56,9.74,--,24,23376,买盘
1768,09:44:51,9.74,--,163,158762,买盘
1769,09:44:46,9.74,--,18,17532,买盘
1770,09:44:41,9.74,--,18,17532,买盘
1771,09:44:36,9.74,--,15,14610,买盘
1772,09:44:31,9.74,0.01,5,4870,买盘
1773,09:44:21,9.73,-0.01,37,36001,卖盘
1774,09:44:16,9.74,--,10,9740,买盘
1775,09:44:11,9.74,--,20,19480,买盘
1776,09:44:06,9.74,--,80,77920,买盘
1777,09:44:01,9.74,0.01,34,33116,买盘
1778,09:43:56,9.73,-0.01,10,9730,卖盘
1779,09:43:51,9.74,--,103,100322,买盘
1780,09:43:41,9.74,--,58,56492,买盘
1781,09:43:26,9.74,0.01,3,2922,买盘
1782,09:43:11,9.73,--,4,3892,卖盘
1783,09:43:06,9.73,--,222,216006,买盘
1784,09:43:01,9.73,--,5,4865,买盘
1785,09:42:56,9.73,--,409,397957,买盘
1786,09:42:51,9.73,--,40,38920,买盘
1787,09:42:46,9.73,--,14,13622,买盘
1788,09:42:41,9.73,-0.02,351,341523,卖盘
1789,09:42:36,9.75,--,3,2925,买盘
1790,09:42:31,9.75,--,0,0,买盘
1791,09:42:26,9.75,0.02,32,31200,买盘
1792,09:42:21,9.73,-0.01,40,38920,卖盘
1793,09:42:16,9.74,--,5,4870,卖盘
1794,09:42:10,9.74,--,156,151944,买盘
1795,09:42:06,9.74,--,10,9740,买盘
1796,09:41:40,9.74,0.01,10,9740,买盘
1797,09:41:35,9.73,-0.01,338,328874,卖盘
1798,09:41:25,9.74,--,1,974,卖盘
1799,09:41:20,9.74,--,26,25324,卖盘
1800,09:41:16,9.74,--,38,37012,买盘
1801,09:41:10,9.74,0.01,35,34090,买盘
1802,09:41:05,9.73,-0.01,13,12649,卖盘
1803,09:41:01,9.74,--,21,20454,卖盘
1804,09:40:55,9.74,--,38,37012,卖盘
1805,09:40:50,9.74,0.01,24,23376,买盘
1806,09:40:46,9.73,-0.01,57,55461,卖盘
1807,09:40:40,9.74,--,7,6818,买盘
1808,09:40:30,9.74,--,5,4870,买盘
1809,09:40:25,9.74,-0.01,284,276616,卖盘
1810,09:40:20,9.75,0.01,5,4875,买盘
1811,09:40:05,9.74,--,283,275642,卖盘
1812,09:40:00,9.74,--,66,64284,买盘
1813,09:39:55,9.74,--,20,19480,买盘
1814,09:39:50,9.74,0.01,33,32142,买盘
1815,09:39:45,9.73,-0.01,2,1946,卖盘
1816,09:39:40,9.74,--,36,35064,买盘
1817,09:39:25,9.74,-0.01,241,234734,卖盘
1818,09:39:20,9.75,0.01,20,19500,买盘
1819,09:39:15,9.74,--,70,68180,卖盘
1820,09:39:10,9.74,--,130,126620,买盘
1821,09:39:05,9.74,--,10,9740,买盘
1822,09:39:00,9.74,--,8,7792,卖盘
1823,09:38:55,9.74,--,69,67206,卖盘
1824,09:38:50,9.74,0.01,15,14610,卖盘
1825,09:38:40,9.73,--,206,200438,卖盘
1826,09:38:35,9.73,-0.01,117,113841,卖盘
1827,09:38:30,9.74,--,31,30194,买盘
1828,09:38:25,9.74,--,31,30194,买盘
1829,09:38:20,9.74,--,20,19480,买盘
1830,09:38:15,9.74,0.01,4,3896,买盘
1831,09:38:10,9.73,--,68,66164,卖盘
1832,09:38:05,9.73,--,154,149842,买盘
1833,09:37:55,9.73,0.01,59,57407,买盘
1834,09:37:50,9.72,-0.01,105,102060,卖盘
1835,09:37:45,9.73,--,26,25298,买盘
1836,09:37:40,9.73,-0.01,117,113841,卖盘
1837,09:37:35,9.74,0.01,259,252266,买盘
1838,09:37:30,9.73,--,22,21406,买盘
1839,09:37:25,9.73,--,77,74921,卖盘
1840,09:37:20,9.73,--,218,212114,卖盘
1841,09:37:15,9.73,--,5,4865,卖盘
1842,09:37:10,9.73,--,33,32109,卖盘
1843,09:37:05,9.73,--,149,144977,卖盘
1844,09:37:00,9.73,--,57,55461,卖盘
1845,09:36:50,9.73,-0.01,200,194600,卖盘
1846,09:36:45,9.74,--,25,24350,买盘
1847,09:36:35,9.74,--,15,14610,买盘
1848,09:36:30,9.74,--,266,259084,卖盘
1849,09:36:25,9.74,--,39,37986,卖盘
1850,09:36:20,9.74,-0.01,106,103244,卖盘
1851,09:36:00,9.75,--,519,506025,卖盘
1852,09:35:55,9.75,--,22,21450,卖盘
1853,09:35:50,9.75,-0.01,11,10725,卖盘
1854,09:35:45,9.76,--,20,19520,卖盘
1855,09:35:40,9.76,--,5,4880,卖盘
1856,09:35:34,9.76,--,240,234240,卖盘
1857,09:35:30,9.76,--,50,48800,卖盘
1858,09:35:19,9.76,-0.01,102,99552,卖盘
1859,09:35:15,9.77,--,106,103562,卖盘
1860,09:35:10,9.77,-0.01,85,83045,卖盘
1861,09:35:04,9.78,--,54,52812,买盘
1862,09:34:59,9.78,--,52,50856,卖盘
1863,09:34:55,9.78,-0.01,100,97800,卖盘
1864,09:34:49,9.79,0.01,41,40139,买盘
1865,09:34:44,9.78,-0.01,40,39120,卖盘
1866,09:34:40,9.79,--,13,12726,买盘
1867,09:34:34,9.79,--,10,9790,买盘
1868,09:34:19,9.79,0.01,14,13705,买盘
1869,09:34:14,9.78,--,43,42054,卖盘
1870,09:34:04,9.78,--,27,26406,卖盘
1871,09:33:49,9.78,--,118,115403,卖盘
1872,09:33:40,9.78,--,14,13692,卖盘
1873,09:33:34,9.78,-0.01,18,17604,卖盘
1874,09:33:19,9.79,--,6,5873,买盘
1875,09:33:04,9.79,0.01,32,31327,买盘
1876,09:32:59,9.78,--,4,3911,买盘
1877,09:32:54,9.78,-0.01,134,131051,卖盘
1878,09:32:49,9.79,--,49,47970,买盘
1879,09:32:44,9.79,--,111,108668,买盘
1880,09:32:29,9.79,--,21,20559,买盘
1881,09:32:24,9.79,--,10,9790,买盘
1882,09:32:19,9.79,--,8,7831,买盘
1883,09:32:14,9.79,--,28,27411,买盘
1884,09:32:09,9.79,--,10,9790,买盘
1885,09:32:04,9.79,--,0,0,买盘
1886,09:31:59,9.79,0.01,25,24474,买盘
1887,09:31:54,9.78,--,2,1955,卖盘
1888,09:31:49,9.78,--,16,15647,卖盘
1889,09:31:44,9.78,--,8,7823,买盘
1890,09:31:34,9.78,0.01,151,147678,买盘
1891,09:31:29,9.77,-0.01,10,9770,卖盘
1892,09:31:24,9.78,0.01,4,3911,买盘
1893,09:31:19,9.77,--,40,39080,卖盘
1894,09:31:14,9.77,--,352,343904,卖盘
1895,09:31:09,9.77,-0.01,28,27356,卖盘
1896,09:30:59,9.78,0.01,28,27384,买盘
1897,09:30:54,9.77,-0.01,46,44942,卖盘
1898,09:30:44,9.78,--,27,26406,买盘
1899,09:30:24,9.78,-0.02,68,66504,卖盘
1900,09:30:19,9.8,0.02,4,3920,买盘
1901,09:30:14,9.78,--,65,63569,卖盘
1902,09:30:09,9.78,--,365,356970,买盘
1903,09:30:04,9.78,--,345,337410,买盘
1904,09:28:46,9.78,--,0,0,买盘
1905,09:25:06,9.78,9.78,723,707094,买盘
