,time,price,change,volume,amount,type
0,15:00:00,5.28,--,0,0,卖盘
1,15:00:00,5.28,--,0,0,卖盘
2,14:59:59,5.28,--,10477,5531856,卖盘
3,14:59:53,5.28,--,1926,1016928,卖盘
4,14:59:49,5.28,-0.01,284,149952,卖盘
5,14:59:44,5.29,0.01,1331,704099,买盘
6,14:59:38,5.28,--,2998,1582954,卖盘
7,14:59:34,5.28,--,242,127776,卖盘
8,14:59:29,5.28,--,901,475728,卖盘
9,14:59:23,5.28,--,408,215424,卖盘
10,14:59:19,5.28,--,293,154704,卖盘
11,14:59:14,5.28,--,937,494736,卖盘
12,14:59:08,5.28,--,199,105072,卖盘
13,14:59:04,5.28,--,504,266112,卖盘
14,14:58:59,5.28,-0.01,573,302544,卖盘
15,14:58:53,5.29,0.01,1615,854335,买盘
16,14:58:49,5.28,-0.01,50,26400,卖盘
17,14:58:44,5.29,--,556,294124,买盘
18,14:58:38,5.29,--,367,194143,买盘
19,14:58:34,5.29,0.01,35,18515,买盘
20,14:58:29,5.28,--,111,58608,卖盘
21,14:58:23,5.28,-0.01,446,235488,卖盘
22,14:58:19,5.29,--,136,71944,买盘
23,14:58:14,5.29,--,862,455998,买盘
24,14:58:08,5.29,--,246,130134,买盘
25,14:58:04,5.29,--,132,69828,买盘
26,14:57:59,5.29,--,1028,543812,买盘
27,14:57:53,5.29,--,95,50255,买盘
28,14:57:49,5.29,0.01,12,6348,买盘
29,14:57:43,5.28,--,11,5808,卖盘
30,14:57:38,5.28,--,574,303072,卖盘
31,14:57:34,5.28,--,132,69696,卖盘
32,14:57:28,5.28,--,60,31680,卖盘
33,14:57:23,5.28,--,75,39600,卖盘
34,14:57:13,5.28,-0.01,331,174768,卖盘
35,14:57:08,5.29,0.02,61,32269,买盘
36,14:57:04,5.27,-0.02,1734,913828,卖盘
37,14:56:58,5.29,--,194,102626,买盘
38,14:56:53,5.29,0.01,238,125902,买盘
39,14:56:49,5.28,-0.01,1536,811008,卖盘
40,14:56:43,5.29,--,46,24334,买盘
41,14:56:38,5.29,0.01,198,104742,买盘
42,14:56:33,5.28,-0.01,251,132528,卖盘
43,14:56:28,5.29,0.01,52,27508,买盘
44,14:56:23,5.28,--,141,74448,卖盘
45,14:56:17,5.28,-0.01,12855,6787450,卖盘
46,14:56:13,5.29,--,19,10051,买盘
47,14:56:08,5.29,--,1534,811538,卖盘
48,14:56:02,5.29,--,371,196259,卖盘
49,14:55:58,5.29,--,65,34385,卖盘
50,14:55:53,5.29,--,209,110561,卖盘
51,14:55:47,5.29,-0.01,94,49726,卖盘
52,14:55:43,5.3,0.01,11281,5978930,买盘
53,14:55:38,5.29,--,248,131192,卖盘
54,14:55:32,5.29,-0.01,275,145506,卖盘
55,14:55:28,5.3,0.01,463,245390,买盘
56,14:55:23,5.29,-0.01,262,138598,卖盘
57,14:55:17,5.3,0.02,9344,4952765,买盘
58,14:55:13,5.28,--,227,119856,卖盘
59,14:55:08,5.28,--,211,111408,卖盘
60,14:55:02,5.28,--,273,144144,卖盘
61,14:54:58,5.28,--,190,100320,卖盘
62,14:54:53,5.28,--,11439,6039792,买盘
63,14:54:47,5.28,--,50,26400,买盘
64,14:54:43,5.28,-0.01,1,528,买盘
65,14:54:38,5.29,0.01,230,122045,买盘
66,14:54:32,5.28,--,32,16896,卖盘
67,14:54:28,5.28,0.01,11225,5926800,买盘
68,14:54:23,5.27,--,178,94185,卖盘
69,14:54:17,5.27,--,147,77469,卖盘
70,14:54:13,5.27,--,968,510135,卖盘
71,14:54:08,5.27,--,158,83266,卖盘
72,14:54:02,5.27,--,136,72046,卖盘
73,14:53:58,5.27,-0.01,60,31619,卖盘
74,14:53:53,5.28,0.01,25,13200,买盘
75,14:53:47,5.27,--,74,39377,卖盘
76,14:53:43,5.27,--,116,61131,卖盘
77,14:53:38,5.27,-0.01,33,17391,卖盘
78,14:53:32,5.28,--,100,52800,买盘
79,14:53:23,5.28,--,264,139392,买盘
80,14:53:17,5.28,--,97,51590,买盘
81,14:53:13,5.28,--,22,11616,买盘
82,14:53:08,5.28,--,214,112992,买盘
83,14:53:02,5.28,--,299,157872,卖盘
84,14:52:58,5.28,--,110,58080,卖盘
85,14:52:53,5.28,--,252,133436,卖盘
86,14:52:47,5.28,--,475,250800,卖盘
87,14:52:43,5.28,--,50,26400,卖盘
88,14:52:38,5.28,-0.01,400,211200,卖盘
89,14:52:32,5.29,0.01,145,77080,买盘
90,14:52:28,5.28,--,147,77616,卖盘
91,14:52:23,5.28,-0.01,311,164208,卖盘
92,14:52:17,5.29,0.01,170,89930,买盘
93,14:52:13,5.28,--,202,107036,卖盘
94,14:52:08,5.28,--,329,173712,卖盘
95,14:52:02,5.28,--,1174,619872,卖盘
96,14:51:58,5.28,--,91,48048,卖盘
97,14:51:53,5.28,--,2012,1062710,卖盘
98,14:51:47,5.28,--,417,220176,卖盘
99,14:51:43,5.28,--,64,33792,卖盘
100,14:51:38,5.28,-0.01,139,73392,卖盘
101,14:51:32,5.29,--,93,49577,买盘
102,14:51:28,5.29,0.01,44,23276,买盘
103,14:51:23,5.28,-0.01,892,470976,卖盘
104,14:51:17,5.29,0.01,381,201924,买盘
105,14:51:12,5.28,--,172,90816,卖盘
106,14:51:08,5.28,--,288,152064,卖盘
107,14:51:02,5.28,-0.01,14,7766,卖盘
108,14:50:57,5.29,--,1733,916936,卖盘
109,14:50:53,5.29,--,1746,924004,卖盘
110,14:50:47,5.29,--,1233,652257,卖盘
111,14:50:43,5.29,--,1703,901019,卖盘
112,14:50:38,5.29,--,1173,620897,卖盘
113,14:50:32,5.29,--,1423,752767,卖盘
114,14:50:26,5.29,--,1101,582429,卖盘
115,14:50:22,5.29,--,480,253920,卖盘
116,14:50:17,5.29,--,489,259056,卖盘
117,14:50:12,5.29,--,281,148649,卖盘
118,14:50:07,5.29,--,374,197846,卖盘
119,14:50:02,5.29,--,917,485093,卖盘
120,14:49:56,5.29,--,1606,849574,卖盘
121,14:49:52,5.29,-0.01,799,423051,卖盘
122,14:49:47,5.3,0.01,1129,598370,买盘
123,14:49:41,5.29,--,682,360778,卖盘
124,14:49:37,5.29,-0.01,476,251804,卖盘
125,14:49:32,5.3,--,708,375648,买盘
126,14:49:26,5.3,--,5924,3139720,买盘
127,14:49:22,5.3,0.01,1425,755250,买盘
128,14:49:17,5.29,--,1467,776423,卖盘
129,14:49:11,5.29,--,339,179331,卖盘
130,14:49:07,5.29,--,4,2116,卖盘
131,14:49:02,5.29,-0.01,588,311052,卖盘
132,14:48:56,5.3,--,1406,745180,买盘
133,14:48:52,5.3,0.01,19,10070,买盘
134,14:48:47,5.29,-0.01,416,220439,卖盘
135,14:48:41,5.3,0.01,389,206170,买盘
136,14:48:37,5.29,--,798,422142,卖盘
137,14:48:32,5.29,-0.01,778,411562,卖盘
138,14:48:26,5.3,--,338,179140,买盘
139,14:48:22,5.3,0.01,930,492900,买盘
140,14:48:17,5.29,--,1410,746270,卖盘
141,14:48:11,5.29,--,296,156584,卖盘
142,14:48:07,5.29,--,20,10580,卖盘
143,14:48:02,5.29,--,3923,2075267,卖盘
144,14:47:56,5.29,--,353,187112,卖盘
145,14:47:52,5.29,--,3696,1955675,买盘
146,14:47:47,5.29,0.01,3927,2077684,买盘
147,14:47:41,5.28,-0.01,1666,880028,卖盘
148,14:47:37,5.29,0.01,628,332212,买盘
149,14:47:32,5.28,-0.01,262,138336,卖盘
150,14:47:26,5.29,--,13447,7113463,买盘
151,14:47:22,5.29,--,449,237521,买盘
152,14:47:17,5.29,0.01,228,120987,买盘
153,14:47:11,5.28,--,122,64416,卖盘
154,14:47:07,5.28,--,130,68640,卖盘
155,14:47:02,5.28,--,1251,660528,卖盘
156,14:46:56,5.28,0.01,1106,584348,买盘
157,14:46:52,5.27,-0.01,39,20553,卖盘
158,14:46:47,5.28,0.01,456,240768,买盘
159,14:46:41,5.27,-0.01,110,57969,卖盘
160,14:46:37,5.28,0.01,74,39072,买盘
161,14:46:32,5.27,--,11448,6033470,买盘
162,14:46:26,5.27,--,17,8959,买盘
163,14:46:22,5.27,0.01,213,112250,买盘
164,14:46:17,5.26,-0.01,112,59285,卖盘
165,14:46:11,5.27,-0.01,259,136493,中性盘
166,14:46:07,5.28,0.03,11210,5918880,买盘
167,14:46:02,5.25,-0.02,2901,1523403,卖盘
168,14:45:56,5.27,--,144,75888,买盘
169,14:45:52,5.27,--,20,10540,买盘
170,14:45:47,5.27,--,11483,6051540,买盘
171,14:45:41,5.27,0.01,16,8432,买盘
172,14:45:37,5.26,--,10,5260,卖盘
173,14:45:32,5.26,--,120,63493,卖盘
174,14:45:26,5.26,--,83,43658,卖盘
175,14:45:22,5.26,--,13,6838,卖盘
176,14:45:17,5.26,--,4,2482,卖盘
177,14:45:11,5.26,--,30,15780,卖盘
178,14:45:07,5.26,-0.01,30,15780,卖盘
179,14:45:02,5.27,0.01,99,52283,买盘
180,14:44:56,5.26,-0.01,300,157800,卖盘
181,14:44:51,5.27,0.01,466,245661,买盘
182,14:44:47,5.26,--,1067,561242,卖盘
183,14:44:41,5.26,-0.01,95,50348,卖盘
184,14:44:37,5.27,0.01,3,1580,买盘
185,14:44:31,5.26,--,43,22618,卖盘
186,14:44:26,5.26,-0.01,295,155170,卖盘
187,14:44:21,5.27,0.01,94,49537,买盘
188,14:44:16,5.26,--,21,11046,卖盘
189,14:44:11,5.26,--,224,118197,卖盘
190,14:44:01,5.26,-0.01,44,23144,卖盘
191,14:43:56,5.27,--,28,15135,买盘
192,14:43:46,5.27,--,116,61131,买盘
193,14:43:41,5.27,--,134,70618,买盘
194,14:43:35,5.27,-0.01,1243,655118,卖盘
195,14:43:31,5.28,0.01,305,161040,买盘
196,14:43:26,5.27,--,1559,821592,卖盘
197,14:43:20,5.27,-0.01,44,23187,卖盘
198,14:43:16,5.28,--,1598,844124,买盘
199,14:43:11,5.28,0.01,899,474672,买盘
200,14:43:05,5.27,--,74,38998,卖盘
201,14:43:01,5.27,-0.01,280,147934,卖盘
202,14:42:56,5.28,0.01,485,256080,买盘
203,14:42:50,5.27,--,778,410005,卖盘
204,14:42:46,5.27,--,340,179180,卖盘
205,14:42:41,5.27,--,123,65195,卖盘
206,14:42:35,5.27,--,170,89590,卖盘
207,14:42:31,5.27,-0.01,2261,1191547,卖盘
208,14:42:26,5.28,0.01,744,392832,买盘
209,14:42:20,5.27,-0.01,5085,2679795,卖盘
210,14:42:16,5.28,--,177,93836,买盘
211,14:42:11,5.28,0.01,867,457776,买盘
212,14:42:05,5.27,-0.01,70,36890,卖盘
213,14:42:01,5.28,--,46,24662,买盘
214,14:41:56,5.28,0.01,168,88704,买盘
215,14:41:50,5.27,-0.01,196,103291,卖盘
216,14:41:46,5.28,--,581,306768,买盘
217,14:41:41,5.28,0.01,5406,2854368,买盘
218,14:41:35,5.27,-0.01,3207,1690468,卖盘
219,14:41:31,5.28,--,202,106656,买盘
220,14:41:26,5.28,--,584,308352,买盘
221,14:41:20,5.28,0.01,179,94512,买盘
222,14:41:16,5.27,-0.01,5,3009,卖盘
223,14:41:11,5.28,--,357,188796,卖盘
224,14:41:05,5.28,--,2595,1370160,卖盘
225,14:41:01,5.28,--,147,77616,卖盘
226,14:40:56,5.28,--,385,203660,卖盘
227,14:40:50,5.28,--,165,87120,卖盘
228,14:40:46,5.28,--,11,5808,卖盘
229,14:40:40,5.28,--,657,346896,卖盘
230,14:40:35,5.28,--,1222,645590,卖盘
231,14:40:31,5.28,--,2102,1109856,卖盘
232,14:40:26,5.28,--,12511,6605808,买盘
233,14:40:20,5.28,0.01,596,314688,买盘
234,14:40:16,5.27,-0.01,683,360320,卖盘
235,14:40:11,5.28,0.01,1259,664752,买盘
236,14:40:05,5.27,--,792,417383,卖盘
237,14:40:01,5.27,-0.01,159,83793,卖盘
238,14:39:56,5.28,--,11430,6035414,买盘
239,14:39:50,5.28,--,383,202224,买盘
240,14:39:46,5.28,0.01,107,56496,买盘
241,14:39:41,5.27,-0.01,147,77469,卖盘
242,14:39:35,5.28,--,2825,1491980,买盘
243,14:39:31,5.28,0.01,241,127248,买盘
244,14:39:26,5.27,-0.01,284,149668,卖盘
245,14:39:20,5.28,0.01,700,369600,买盘
246,14:39:16,5.27,-0.01,121,63766,卖盘
247,14:39:11,5.28,--,500,264322,买盘
248,14:39:05,5.28,--,1712,903936,买盘
249,14:39:01,5.28,0.01,1855,979440,买盘
250,14:38:55,5.27,-0.01,982,517893,卖盘
251,14:38:50,5.28,--,467,246576,买盘
252,14:38:46,5.28,0.01,185,97680,买盘
253,14:38:41,5.27,--,659,347530,卖盘
254,14:38:35,5.27,0.01,6992,3685289,买盘
255,14:38:31,5.26,--,10,5260,买盘
256,14:38:26,5.26,--,198,104148,买盘
257,14:38:20,5.26,--,835,439210,买盘
258,14:38:15,5.26,0.01,151,79426,买盘
259,14:38:11,5.25,-0.01,6,3522,卖盘
260,14:38:05,5.26,--,11990,6306803,卖盘
261,14:38:00,5.26,--,592,311770,卖盘
262,14:37:55,5.26,-0.01,442,232497,卖盘
263,14:37:50,5.27,--,692,364683,买盘
264,14:37:45,5.27,--,40,21080,买盘
265,14:37:40,5.27,--,506,266662,买盘
266,14:37:35,5.27,--,86,45696,买盘
267,14:37:30,5.27,--,9021,4754067,买盘
268,14:37:25,5.27,--,958,505245,买盘
269,14:37:20,5.27,0.01,396,209071,买盘
270,14:37:16,5.26,--,392,206192,买盘
271,14:37:10,5.26,--,405,213030,买盘
272,14:37:05,5.26,--,394,207244,卖盘
273,14:37:00,5.26,-0.01,61,32086,中性盘
274,14:36:55,5.27,0.01,222,117141,买盘
275,14:36:50,5.26,--,113,59438,卖盘
276,14:36:45,5.26,-0.01,332,174632,卖盘
277,14:36:40,5.27,--,235,123844,买盘
278,14:36:35,5.27,0.02,11423,6020300,买盘
279,14:36:30,5.25,-0.01,6,3150,卖盘
280,14:36:25,5.26,--,172,90472,买盘
281,14:36:20,5.26,--,218,114668,买盘
282,14:36:14,5.26,--,20,10520,卖盘
283,14:36:10,5.26,--,11226,5904876,买盘
284,14:36:05,5.26,--,743,390818,买盘
285,14:35:59,5.26,--,540,284455,卖盘
286,14:35:55,5.26,--,591,310866,卖盘
287,14:35:50,5.26,0.01,10445,5494559,买盘
288,14:35:44,5.25,--,2090,1097250,卖盘
289,14:35:40,5.25,--,1458,765618,卖盘
290,14:35:35,5.25,--,178,93822,卖盘
291,14:35:29,5.25,--,11490,6032250,卖盘
292,14:35:25,5.25,--,30,15750,卖盘
293,14:35:20,5.25,--,381,200025,卖盘
294,14:35:14,5.25,--,201,105903,卖盘
295,14:35:10,5.25,--,300,157500,卖盘
296,14:35:05,5.25,0.01,5917,3106425,买盘
297,14:34:59,5.24,--,55,29192,卖盘
298,14:34:54,5.24,--,10,5240,卖盘
299,14:34:49,5.24,-0.01,222,116328,卖盘
300,14:34:44,5.25,0.01,225,118156,买盘
301,14:34:40,5.24,--,107,56068,卖盘
302,14:34:35,5.24,--,24,12953,卖盘
303,14:34:29,5.24,--,474,248376,卖盘
304,14:34:25,5.24,--,363,190212,卖盘
305,14:34:19,5.24,--,45,23580,卖盘
306,14:34:14,5.24,0.01,668,350404,买盘
307,14:34:10,5.23,--,89,46547,卖盘
308,14:34:04,5.23,--,5755,3009865,卖盘
309,14:33:59,5.23,--,24,12552,卖盘
310,14:33:55,5.23,-0.01,35,18676,卖盘
311,14:33:49,5.24,--,205,107828,卖盘
312,14:33:44,5.24,--,7201,3773324,卖盘
313,14:33:40,5.24,--,277,145525,卖盘
314,14:33:34,5.24,--,200,104800,卖盘
315,14:33:29,5.24,--,404,211696,卖盘
316,14:33:20,5.24,-0.01,257,135040,卖盘
317,14:33:14,5.25,--,5749,3018225,买盘
318,14:33:10,5.25,0.01,60,31500,买盘
319,14:33:05,5.24,-0.01,13021,6823349,卖盘
320,14:32:59,5.25,--,5966,3132150,卖盘
321,14:32:55,5.25,--,1963,1030575,卖盘
322,14:32:50,5.25,--,8584,4506978,卖盘
323,14:32:44,5.25,--,7489,3931725,卖盘
324,14:32:40,5.25,--,849,445725,卖盘
325,14:32:35,5.25,--,1047,550047,卖盘
326,14:32:29,5.25,--,4082,2143050,卖盘
327,14:32:25,5.25,--,4125,2165625,卖盘
328,14:32:19,5.25,--,155,81375,卖盘
329,14:32:14,5.25,--,298,156828,卖盘
330,14:32:09,5.25,--,205,107625,卖盘
331,14:32:04,5.25,--,284,149100,卖盘
332,14:31:59,5.25,--,1765,926997,卖盘
333,14:31:55,5.25,--,420,220500,卖盘
334,14:31:49,5.25,--,406,213150,卖盘
335,14:31:44,5.25,--,320,168000,卖盘
336,14:31:40,5.25,--,500,262500,卖盘
337,14:31:34,5.25,--,496,260778,卖盘
338,14:31:29,5.25,--,252,132300,卖盘
339,14:31:24,5.25,--,119,62475,卖盘
340,14:31:19,5.25,--,231,121647,卖盘
341,14:31:14,5.25,--,607,318675,卖盘
342,14:31:09,5.25,--,49,25725,卖盘
343,14:31:04,5.25,--,304,159600,卖盘
344,14:30:59,5.25,--,1804,947100,卖盘
345,14:30:54,5.25,--,637,334803,卖盘
346,14:30:49,5.25,--,173,90825,卖盘
347,14:30:44,5.25,--,241,126525,卖盘
348,14:30:39,5.25,--,100,52500,卖盘
349,14:30:34,5.25,--,343,180148,卖盘
350,14:30:29,5.25,--,330,173250,卖盘
351,14:30:24,5.25,--,223,117075,卖盘
352,14:30:19,5.25,--,424,222972,卖盘
353,14:30:14,5.25,--,114,59850,卖盘
354,14:30:09,5.25,--,43,22575,卖盘
355,14:30:04,5.25,--,165,86625,卖盘
356,14:29:59,5.25,--,1213,636825,卖盘
357,14:29:54,5.25,-0.01,308,162078,卖盘
358,14:29:49,5.26,0.01,1581,831606,买盘
359,14:29:44,5.25,--,253,132825,卖盘
360,14:29:38,5.25,--,846,444150,卖盘
361,14:29:34,5.25,--,425,223219,卖盘
362,14:29:29,5.25,--,50,26250,卖盘
363,14:29:23,5.25,--,14,7350,卖盘
364,14:29:19,5.25,--,106,55650,卖盘
365,14:29:13,5.25,--,213,112203,卖盘
366,14:29:08,5.25,-0.01,155,81375,卖盘
367,14:29:04,5.26,0.01,86,45236,买盘
368,14:28:58,5.25,--,732,384672,卖盘
369,14:28:53,5.25,--,10,5250,卖盘
370,14:28:48,5.25,--,150,78750,卖盘
371,14:28:43,5.25,--,144,75600,卖盘
372,14:28:38,5.25,-0.01,170,89250,卖盘
373,14:28:34,5.26,0.01,383,201836,买盘
374,14:28:28,5.25,-0.01,28,14700,卖盘
375,14:28:23,5.26,--,92,48392,买盘
376,14:28:19,5.26,0.01,55,29303,买盘
377,14:28:13,5.25,--,89,46725,卖盘
378,14:28:08,5.25,-0.01,6209,3259725,卖盘
379,14:28:03,5.26,0.01,1601,842126,买盘
380,14:27:58,5.25,--,148,78078,卖盘
381,14:27:53,5.25,-0.01,461,242025,卖盘
382,14:27:48,5.26,0.01,1,526,买盘
383,14:27:43,5.25,--,39,20475,卖盘
384,14:27:38,5.25,--,258,135822,卖盘
385,14:27:33,5.25,-0.01,98,51450,卖盘
386,14:27:28,5.26,--,32,16832,买盘
387,14:27:23,5.26,--,87,45762,买盘
388,14:27:14,5.26,--,175,92428,买盘
389,14:27:08,5.26,--,200,105200,买盘
390,14:27:03,5.26,0.01,80,42080,买盘
391,14:26:58,5.25,--,80,42000,卖盘
392,14:26:53,5.25,-0.01,49,26097,卖盘
393,14:26:48,5.26,0.01,542,285092,买盘
394,14:26:43,5.25,-0.01,1764,926100,卖盘
395,14:26:38,5.26,--,1521,800424,买盘
396,14:26:28,5.26,--,191,100466,买盘
397,14:26:23,5.26,0.01,418,219868,买盘
398,14:26:18,5.25,-0.01,126,66150,卖盘
399,14:26:13,5.26,--,104,55077,买盘
400,14:26:08,5.26,--,572,301066,卖盘
401,14:26:03,5.26,--,245,128870,卖盘
402,14:25:58,5.26,--,804,423277,卖盘
403,14:25:53,5.26,--,208,109891,买盘
404,14:25:48,5.26,--,388,204088,买盘
405,14:25:43,5.26,-0.01,1333,701200,卖盘
406,14:25:38,5.27,0.01,583,307725,买盘
407,14:25:33,5.26,-0.01,65,34190,卖盘
408,14:25:28,5.27,0.01,392,206583,买盘
409,14:25:23,5.26,--,731,384506,买盘
410,14:25:18,5.26,--,280,147280,卖盘
411,14:25:13,5.26,--,2607,1371655,买盘
412,14:25:08,5.26,--,639,336114,买盘
413,14:25:03,5.26,0.01,20,10520,买盘
414,14:24:58,5.25,-0.01,712,374178,卖盘
415,14:24:53,5.26,0.01,1310,689060,买盘
416,14:24:48,5.25,--,200,105000,卖盘
417,14:24:43,5.25,--,5136,2696400,卖盘
418,14:24:38,5.25,-0.01,2180,1144500,卖盘
419,14:24:33,5.26,0.01,310,163433,买盘
420,14:24:28,5.25,0.01,103,54075,买盘
421,14:24:23,5.24,--,786,412351,卖盘
422,14:24:18,5.24,--,137,72165,卖盘
423,14:24:13,5.24,--,34220,17931280,卖盘
424,14:24:08,5.24,--,422,221128,卖盘
425,14:24:03,5.24,-0.01,213,111612,卖盘
426,14:23:58,5.25,--,1058,555822,买盘
427,14:23:53,5.25,--,175,91875,买盘
428,14:23:48,5.25,--,255,133875,买盘
429,14:23:43,5.25,0.01,778,408450,买盘
430,14:23:38,5.24,--,323,169629,卖盘
431,14:23:33,5.24,--,100,52400,卖盘
432,14:23:28,5.24,--,510,267240,卖盘
433,14:23:23,5.24,--,230,120520,卖盘
434,14:23:18,5.24,0.01,11612,6085060,买盘
435,14:23:13,5.23,-0.01,1083,566409,卖盘
436,14:23:08,5.24,0.01,412,215888,买盘
437,14:23:03,5.23,--,136,71128,卖盘
438,14:22:58,5.23,-0.01,935,489334,卖盘
439,14:22:53,5.24,0.01,56,29344,买盘
440,14:22:47,5.23,--,389,203447,卖盘
441,14:22:43,5.23,--,318,166314,卖盘
442,14:22:38,5.23,--,364,190372,卖盘
443,14:22:33,5.23,--,109,57378,卖盘
444,14:22:28,5.23,--,65,33995,卖盘
445,14:22:22,5.23,--,160,83680,卖盘
446,14:22:17,5.23,--,1,523,卖盘
447,14:22:13,5.23,--,1039,543768,卖盘
448,14:22:07,5.23,--,9885,5170278,买盘
449,14:22:02,5.23,0.01,82,42886,买盘
450,14:21:58,5.22,--,295,154365,卖盘
451,14:21:52,5.22,-0.01,444,231992,卖盘
452,14:21:47,5.23,0.01,235,122905,买盘
453,14:21:43,5.22,--,1628,849816,卖盘
454,14:21:37,5.22,--,1015,529830,卖盘
455,14:21:32,5.22,--,730,381106,卖盘
456,14:21:27,5.22,-0.01,1240,647280,卖盘
457,14:21:22,5.23,0.01,180,94140,买盘
458,14:21:17,5.22,-0.01,4,2463,卖盘
459,14:21:12,5.23,0.01,33,17259,买盘
460,14:21:07,5.22,--,250,130500,卖盘
461,14:21:02,5.22,-0.01,495,258390,卖盘
462,14:20:57,5.23,0.01,16,8739,买盘
463,14:20:52,5.22,--,248,129456,卖盘
464,14:20:47,5.22,--,117,61074,卖盘
465,14:20:37,5.22,-0.01,404,211169,卖盘
466,14:20:32,5.23,0.01,164,85772,买盘
467,14:20:22,5.22,--,139,72558,卖盘
468,14:20:17,5.22,-0.01,491,256302,卖盘
469,14:20:12,5.23,--,38,20245,买盘
470,14:20:07,5.23,0.01,141,73743,买盘
471,14:20:02,5.22,--,734,383148,卖盘
472,14:19:57,5.22,-0.01,14,7683,卖盘
473,14:19:47,5.23,0.01,809,423107,买盘
474,14:19:37,5.22,-0.01,302,158014,卖盘
475,14:19:32,5.23,0.01,570,298350,买盘
476,14:19:22,5.22,--,126,65772,卖盘
477,14:19:17,5.22,--,146,76587,卖盘
478,14:19:12,5.22,--,124,64728,卖盘
479,14:19:07,5.22,--,145,75690,卖盘
480,14:19:02,5.22,--,70,36540,卖盘
481,14:18:57,5.22,-0.01,4,2458,卖盘
482,14:18:52,5.23,--,16,8368,买盘
483,14:18:47,5.23,0.01,79,41317,买盘
484,14:18:37,5.22,--,230,120435,卖盘
485,14:18:32,5.22,-0.01,45,23490,卖盘
486,14:18:27,5.23,--,142,74266,买盘
487,14:18:22,5.23,0.01,239,124997,买盘
488,14:18:17,5.22,--,4,2458,卖盘
489,14:18:07,5.22,-0.01,292,152424,卖盘
490,14:18:02,5.23,--,99,51777,买盘
491,14:17:57,5.23,--,1012,529276,买盘
492,14:17:47,5.23,--,204,106692,买盘
493,14:17:42,5.23,0.01,1384,723832,买盘
494,14:17:37,5.22,--,164,85608,卖盘
495,14:17:32,5.22,-0.01,51,26622,卖盘
496,14:17:17,5.23,--,24,12552,买盘
497,14:17:12,5.23,0.01,28,14644,买盘
498,14:17:07,5.22,--,126,65772,卖盘
499,14:17:02,5.22,-0.01,122,63684,卖盘
500,14:16:57,5.23,0.01,10,5230,买盘
501,14:16:52,5.22,-0.01,2409,1257498,卖盘
502,14:16:42,5.23,0.01,855,447165,买盘
503,14:16:37,5.22,--,140,73080,卖盘
504,14:16:32,5.22,-0.01,15,7830,卖盘
505,14:16:27,5.23,0.01,3,1569,买盘
506,14:16:22,5.22,-0.01,60,31320,卖盘
507,14:16:12,5.23,0.01,934,488482,买盘
508,14:16:07,5.22,--,126,65772,卖盘
509,14:16:01,5.22,--,287,149814,卖盘
510,14:15:57,5.22,--,126,65772,卖盘
511,14:15:52,5.22,--,35,18270,卖盘
512,14:15:46,5.22,--,124,64728,卖盘
513,14:15:42,5.22,--,40,20880,卖盘
514,14:15:37,5.22,--,1294,675468,卖盘
515,14:15:31,5.22,--,160,83520,卖盘
516,14:15:27,5.22,--,124,64728,卖盘
517,14:15:22,5.22,--,27,14094,卖盘
518,14:15:07,5.22,--,144,75168,卖盘
519,14:15:01,5.22,--,159,82998,卖盘
520,14:14:52,5.22,--,9,4698,卖盘
521,14:14:46,5.22,-0.01,20,10440,卖盘
522,14:14:41,5.23,0.01,24,12552,买盘
523,14:14:37,5.22,--,135,70470,卖盘
524,14:14:26,5.22,--,44,22968,卖盘
525,14:14:22,5.22,--,153,79866,卖盘
526,14:14:11,5.22,--,9249,4828327,买盘
527,14:14:07,5.22,--,146,76212,买盘
528,14:14:01,5.22,--,142,74124,买盘
529,14:13:56,5.22,0.01,918,479196,买盘
530,14:13:46,5.21,-0.01,5,2605,卖盘
531,14:13:41,5.22,0.01,157,81954,买盘
532,14:13:36,5.21,--,58,30218,卖盘
533,14:13:31,5.21,-0.01,64,33344,卖盘
534,14:13:26,5.22,0.01,149,78185,买盘
535,14:13:21,5.21,0.01,20,10420,买盘
536,14:13:16,5.2,--,18,9360,卖盘
537,14:13:11,5.2,--,235,122200,卖盘
538,14:13:06,5.2,-0.02,14,7280,卖盘
539,14:13:01,5.22,0.02,16982,8864604,买盘
540,14:12:56,5.2,-0.01,55,28600,卖盘
541,14:12:41,5.21,0.01,136,70856,买盘
542,14:12:31,5.2,-0.01,31,16120,卖盘
543,14:12:26,5.21,0.01,141,73461,买盘
544,14:12:16,5.2,--,15,7800,卖盘
545,14:12:11,5.2,-0.01,156,81120,卖盘
546,14:12:06,5.21,0.01,13,6773,买盘
547,14:12:01,5.2,--,39,20280,卖盘
548,14:11:46,5.2,--,170,88400,卖盘
549,14:11:41,5.2,--,226,117520,卖盘
550,14:11:31,5.2,-0.01,31,16120,卖盘
551,14:11:26,5.21,0.01,5,2605,买盘
552,14:11:21,5.2,--,37,19240,卖盘
553,14:11:16,5.2,--,186,97058,卖盘
554,14:11:11,5.2,--,135,70200,卖盘
555,14:11:06,5.2,--,44,22880,卖盘
556,14:11:01,5.2,--,102,53040,卖盘
557,14:10:56,5.2,-0.01,91,47320,卖盘
558,14:10:46,5.21,0.01,10,5210,买盘
559,14:10:41,5.2,--,450,234000,卖盘
560,14:10:36,5.2,-0.01,124,64480,卖盘
561,14:10:26,5.21,--,10,5210,买盘
562,14:10:21,5.21,--,100,52100,买盘
563,14:10:16,5.21,--,20,10420,买盘
564,14:10:11,5.21,--,128,66688,买盘
565,14:10:01,5.21,0.01,230,119830,买盘
566,14:09:56,5.2,--,184,95680,卖盘
567,14:09:41,5.2,-0.01,129,67449,卖盘
568,14:09:31,5.21,--,26,13546,买盘
569,14:09:26,5.21,0.01,240,125040,买盘
570,14:09:16,5.2,--,4,2454,卖盘
571,14:09:10,5.2,-0.01,126,65520,卖盘
572,14:09:06,5.21,0.01,151,78671,买盘
573,14:09:01,5.2,--,87,45240,卖盘
574,14:08:55,5.2,--,583,303529,卖盘
575,14:08:51,5.2,-0.01,124,64480,卖盘
576,14:08:46,5.21,0.01,17,8857,买盘
577,14:08:40,5.2,--,320,166400,卖盘
578,14:08:36,5.2,--,130,67974,卖盘
579,14:08:31,5.2,-0.01,124,64480,卖盘
580,14:08:25,5.21,0.01,258,134418,买盘
581,14:08:21,5.2,--,1523,791960,卖盘
582,14:08:16,5.2,--,145,75769,卖盘
583,14:08:10,5.2,--,590,307210,卖盘
584,14:08:01,5.2,--,56,29120,卖盘
585,14:07:55,5.2,--,4,2454,卖盘
586,14:07:46,5.2,-0.01,224,116480,卖盘
587,14:07:40,5.21,--,1053,548633,卖盘
588,14:07:35,5.21,--,14,7294,卖盘
589,14:07:31,5.21,--,18,9378,卖盘
590,14:07:25,5.21,--,144,75169,卖盘
591,14:07:21,5.21,--,3,1563,卖盘
592,14:07:16,5.21,--,300,156300,卖盘
593,14:07:05,5.21,--,102,53142,卖盘
594,14:07:01,5.21,--,79,41159,卖盘
595,14:06:55,5.21,-0.01,9,4923,卖盘
596,14:06:40,5.22,0.01,1,522,买盘
597,14:06:35,5.21,--,1,521,卖盘
598,14:06:30,5.21,-0.01,45,23445,卖盘
599,14:06:16,5.22,0.01,12,6264,买盘
600,14:06:10,5.21,--,2,1042,卖盘
601,14:06:05,5.21,--,80,41680,卖盘
602,14:06:00,5.21,--,39,20319,卖盘
603,14:05:45,5.21,--,13,6773,卖盘
604,14:05:35,5.21,--,41,21361,卖盘
605,14:05:20,5.21,--,103,53782,卖盘
606,14:05:05,5.21,--,56,29176,卖盘
607,14:05:00,5.21,--,89,46369,买盘
608,14:04:55,5.21,-0.01,2455,1279055,卖盘
609,14:04:50,5.22,--,224,116928,买盘
610,14:04:45,5.22,0.01,60,31320,买盘
611,14:04:40,5.21,--,14,7294,卖盘
612,14:04:35,5.21,--,46,23966,卖盘
613,14:04:20,5.21,-0.01,1,521,卖盘
614,14:04:10,5.22,0.01,111,57942,买盘
615,14:04:05,5.21,--,53,27613,卖盘
616,14:04:00,5.21,--,10,5210,卖盘
617,14:03:50,5.21,-0.01,69,35949,卖盘
618,14:03:45,5.22,0.01,22,11484,买盘
619,14:03:35,5.21,--,45,23445,卖盘
620,14:03:25,5.21,--,26,13546,卖盘
621,14:03:20,5.21,--,10,5210,卖盘
622,14:03:15,5.21,--,10,5210,卖盘
623,14:03:05,5.21,--,46,23966,卖盘
624,14:03:00,5.21,--,130,67730,卖盘
625,14:02:35,5.21,--,45,23445,卖盘
626,14:02:30,5.21,-0.01,200,104200,卖盘
627,14:02:25,5.22,0.01,38,19836,买盘
628,14:02:20,5.21,--,21,11451,卖盘
629,14:02:10,5.21,--,41,21361,卖盘
630,14:02:04,5.21,--,716,373098,买盘
631,14:02:00,5.21,--,56,29176,买盘
632,14:01:55,5.21,--,10,5210,买盘
633,14:01:49,5.21,--,270,140670,买盘
634,14:01:45,5.21,--,6,3126,买盘
635,14:01:40,5.21,0.01,36,18756,买盘
636,14:01:34,5.2,-0.01,98,50960,卖盘
637,14:01:25,5.21,--,111,57831,买盘
638,14:01:19,5.21,--,93,48479,买盘
639,14:01:09,5.21,--,11,5731,买盘
640,14:01:04,5.21,0.01,2917,1519757,买盘
641,14:01:00,5.2,-0.01,24,12480,卖盘
642,14:00:55,5.21,0.01,530,276130,买盘
643,14:00:49,5.2,--,3,1560,卖盘
644,14:00:39,5.2,--,501,260520,卖盘
645,14:00:34,5.2,-0.01,47,24440,卖盘
646,14:00:30,5.21,0.01,7,3647,买盘
647,14:00:25,5.2,-0.01,2,1040,卖盘
648,14:00:19,5.21,0.01,100,52100,买盘
649,14:00:15,5.2,-0.01,2,1040,卖盘
650,14:00:04,5.21,0.01,56,29176,买盘
651,14:00:00,5.2,-0.01,50,26000,卖盘
652,13:59:55,5.21,--,20,10420,买盘
653,13:59:49,5.21,--,1,521,买盘
654,13:59:40,5.21,--,132,68772,买盘
655,13:59:34,5.21,--,172,89612,买盘
656,13:59:30,5.21,0.01,224,116704,买盘
657,13:59:24,5.2,-0.01,172,89440,卖盘
658,13:59:10,5.21,--,210,109410,买盘
659,13:59:04,5.21,0.01,117,60957,买盘
660,13:58:59,5.2,--,149,77480,卖盘
661,13:58:54,5.2,-0.01,134,69680,卖盘
662,13:58:44,5.21,0.01,28,14588,买盘
663,13:58:40,5.2,-0.01,738,383760,卖盘
664,13:58:34,5.21,--,51,26571,买盘
665,13:58:29,5.21,--,31,16151,买盘
666,13:58:24,5.21,--,194,101074,买盘
667,13:58:19,5.21,--,12,6252,买盘
668,13:58:14,5.21,0.01,53,27613,买盘
669,13:58:09,5.2,--,182,95134,卖盘
670,13:58:04,5.2,--,29,15080,卖盘
671,13:57:59,5.2,-0.01,24,12480,卖盘
672,13:57:49,5.21,--,486,253206,买盘
673,13:57:44,5.21,0.01,348,181308,买盘
674,13:57:34,5.2,-0.01,7,3640,卖盘
675,13:57:29,5.21,--,257,133897,买盘
676,13:57:24,5.21,--,91,47411,买盘
677,13:57:03,5.21,0.01,1008,525168,买盘
678,13:56:59,5.2,--,132,68640,卖盘
679,13:56:48,5.2,-0.01,27,14040,卖盘
680,13:56:44,5.21,--,24,12504,买盘
681,13:56:39,5.21,0.01,11,5731,买盘
682,13:56:33,5.2,-0.01,50,26000,卖盘
683,13:56:29,5.21,0.01,1,521,买盘
684,13:56:18,5.2,-0.01,144,74880,卖盘
685,13:56:14,5.21,0.01,10,5210,买盘
686,13:56:03,5.2,--,84,43680,卖盘
687,13:55:59,5.2,--,26,13520,卖盘
688,13:55:48,5.2,--,81,42120,卖盘
689,13:55:44,5.2,--,4,2080,卖盘
690,13:55:33,5.2,--,114,59280,卖盘
691,13:55:24,5.2,--,134,69680,卖盘
692,13:55:18,5.2,--,25,13000,卖盘
693,13:55:13,5.2,--,124,64480,卖盘
694,13:55:09,5.2,--,126,65520,卖盘
695,13:55:03,5.2,--,2,1040,卖盘
696,13:54:58,5.2,--,53,27560,卖盘
697,13:54:48,5.2,--,31,16120,卖盘
698,13:54:43,5.2,--,27,14040,卖盘
699,13:54:39,5.2,--,17,8871,卖盘
700,13:54:33,5.2,--,16,8320,卖盘
701,13:54:24,5.2,--,165,85800,卖盘
702,13:54:13,5.2,--,186,96720,卖盘
703,13:54:09,5.2,--,42,21840,卖盘
704,13:54:03,5.2,--,335,174200,卖盘
705,13:53:58,5.2,--,24,12480,卖盘
706,13:53:54,5.2,--,1,748,卖盘
707,13:53:48,5.2,-0.01,10,5200,卖盘
708,13:53:43,5.21,0.01,54,28134,买盘
709,13:53:33,5.2,--,26,13520,卖盘
710,13:53:28,5.2,--,53,27560,卖盘
711,13:53:24,5.2,--,289,150280,卖盘
712,13:53:18,5.2,--,304,158080,卖盘
713,13:53:13,5.2,--,43,22360,卖盘
714,13:53:03,5.2,--,2,1040,卖盘
715,13:52:58,5.2,--,16,8320,卖盘
716,13:52:43,5.2,-0.01,124,64480,卖盘
717,13:52:38,5.21,0.01,20,10420,买盘
718,13:52:33,5.2,--,16,8320,卖盘
719,13:52:23,5.2,--,19,9880,卖盘
720,13:52:18,5.2,-0.01,145,75400,卖盘
721,13:52:13,5.21,0.01,200,104200,买盘
722,13:52:03,5.2,--,633,329160,卖盘
723,13:51:58,5.2,--,286,148720,卖盘
724,13:51:48,5.2,--,856,445120,卖盘
725,13:51:43,5.2,-0.01,248,128960,卖盘
726,13:51:38,5.21,0.01,268,139628,买盘
727,13:51:33,5.2,-0.01,126,65520,卖盘
728,13:51:18,5.21,--,40,20840,买盘
729,13:51:13,5.21,0.01,321,167241,买盘
730,13:51:03,5.2,--,145,75400,卖盘
731,13:50:58,5.2,-0.01,24,12480,卖盘
732,13:50:53,5.21,0.01,1,521,买盘
733,13:50:48,5.2,--,50,26000,卖盘
734,13:50:38,5.2,--,5,2600,卖盘
735,13:50:28,5.2,--,28,14560,卖盘
736,13:50:23,5.2,-0.01,300,156000,卖盘
737,13:50:12,5.21,0.01,200,104200,买盘
738,13:50:03,5.2,--,15,7800,卖盘
739,13:49:57,5.2,-0.01,64,33280,卖盘
740,13:49:42,5.21,0.01,50,26050,买盘
741,13:49:38,5.2,-0.01,14,7280,卖盘
742,13:49:33,5.21,0.01,1,521,买盘
743,13:49:23,5.2,-0.01,86,45063,卖盘
744,13:49:12,5.21,0.01,260,135460,买盘
745,13:49:02,5.2,--,14,7280,卖盘
746,13:48:57,5.2,-0.01,27,14040,卖盘
747,13:48:53,5.21,--,30,15630,买盘
748,13:48:42,5.21,0.01,199,103679,买盘
749,13:48:32,5.2,--,14,7280,卖盘
750,13:48:22,5.2,--,42,21840,卖盘
751,13:48:18,5.2,--,30,15600,卖盘
752,13:48:07,5.2,--,2,1040,卖盘
753,13:47:57,5.2,-0.01,33,17160,卖盘
754,13:47:52,5.21,0.01,33,17193,买盘
755,13:47:32,5.2,--,16,8320,卖盘
756,13:47:27,5.2,--,34,17680,卖盘
757,13:47:22,5.2,--,14,7280,卖盘
758,13:47:07,5.2,--,2,1040,卖盘
759,13:46:57,5.2,--,122,63440,卖盘
760,13:46:52,5.2,--,10,5200,卖盘
761,13:46:42,5.2,-0.01,2,1040,卖盘
762,13:46:37,5.21,0.01,128,66688,买盘
763,13:46:33,5.2,-0.01,14,7280,卖盘
764,13:46:27,5.21,0.01,21,10941,买盘
765,13:46:22,5.2,--,474,246480,卖盘
766,13:46:03,5.2,--,2,1040,卖盘
767,13:45:57,5.2,-0.01,40,20800,卖盘
768,13:45:52,5.21,--,339,176619,买盘
769,13:45:47,5.21,--,8,4168,买盘
770,13:45:42,5.21,0.01,227,118267,买盘
771,13:45:37,5.2,-0.01,2,1040,卖盘
772,13:45:32,5.21,0.01,2,1042,买盘
773,13:45:27,5.2,-0.01,2450,1274000,卖盘
774,13:45:22,5.21,--,324,168804,买盘
775,13:45:17,5.21,--,20,10420,买盘
776,13:45:12,5.21,--,24,12504,买盘
777,13:45:07,5.21,0.01,4,2084,买盘
778,13:44:57,5.2,--,39,20280,卖盘
779,13:44:37,5.2,-0.01,1,520,卖盘
780,13:44:27,5.21,--,234,121914,买盘
781,13:44:22,5.21,--,82,42722,卖盘
782,13:44:17,5.21,--,14,7294,卖盘
783,13:44:12,5.21,--,57,29697,卖盘
784,13:44:07,5.21,--,2,1042,卖盘
785,13:44:02,5.21,0.01,45,23445,买盘
786,13:43:57,5.2,-0.01,42,21840,卖盘
787,13:43:42,5.21,0.01,53,27613,买盘
788,13:43:37,5.2,-0.01,1,520,卖盘
789,13:43:32,5.21,--,42,21882,买盘
790,13:43:27,5.21,--,220,114620,买盘
791,13:43:12,5.21,--,36,18756,买盘
792,13:43:06,5.21,0.01,13,6773,买盘
793,13:43:02,5.2,--,124,64480,卖盘
794,13:42:57,5.2,-0.01,27,14040,卖盘
795,13:42:47,5.21,--,240,125040,卖盘
796,13:42:36,5.21,--,14,7294,卖盘
797,13:42:32,5.21,--,39,20319,卖盘
798,13:42:21,5.21,--,100,52100,卖盘
799,13:42:17,5.21,-0.01,82,42722,卖盘
800,13:42:06,5.22,0.01,140,73080,买盘
801,13:42:02,5.21,--,257,133897,卖盘
802,13:41:51,5.21,--,334,174014,买盘
803,13:41:47,5.21,--,813,423573,买盘
804,13:41:42,5.21,0.01,1,521,买盘
805,13:41:36,5.2,-0.01,2,1040,卖盘
806,13:41:31,5.21,--,1,521,买盘
807,13:41:21,5.21,--,1,521,买盘
808,13:41:16,5.21,--,140,72940,买盘
809,13:41:06,5.21,--,74,38554,买盘
810,13:41:01,5.21,--,80,41680,买盘
811,13:40:51,5.21,0.01,300,156300,买盘
812,13:40:46,5.2,--,82,42640,卖盘
813,13:40:41,5.2,--,204,106080,卖盘
814,13:40:36,5.2,--,266,138320,卖盘
815,13:40:31,5.2,--,537,279240,卖盘
816,13:40:21,5.2,-0.02,452,235040,卖盘
817,13:40:16,5.22,--,621,324162,买盘
818,13:40:06,5.22,0.01,28,14616,买盘
819,13:40:01,5.21,-0.01,50,26050,卖盘
820,13:39:57,5.22,--,2402,1253844,买盘
821,13:39:51,5.22,--,138,72036,买盘
822,13:39:46,5.22,0.01,2,1044,买盘
823,13:39:41,5.21,--,248,129208,卖盘
824,13:39:31,5.21,-0.01,165,85965,卖盘
825,13:39:21,5.22,--,13,6786,买盘
826,13:39:16,5.22,--,1,522,买盘
827,13:39:11,5.22,--,1,522,买盘
828,13:39:06,5.22,0.01,629,328338,买盘
829,13:39:01,5.21,--,26,13546,卖盘
830,13:38:56,5.21,-0.01,2,1042,卖盘
831,13:38:51,5.22,--,13,6786,买盘
832,13:38:46,5.22,0.01,1,522,买盘
833,13:38:41,5.21,--,51,26571,卖盘
834,13:38:36,5.21,--,111,57831,卖盘
835,13:38:31,5.21,-0.01,316,164636,卖盘
836,13:38:26,5.22,--,1,522,买盘
837,13:38:16,5.22,--,236,123192,买盘
838,13:38:06,5.22,--,30,15660,买盘
839,13:38:01,5.22,0.01,289,150858,买盘
840,13:37:56,5.21,-0.01,14,7294,卖盘
841,13:37:51,5.22,--,1,522,买盘
842,13:37:46,5.22,0.01,51,26622,买盘
843,13:37:41,5.21,--,17,8857,卖盘
844,13:37:36,5.21,-0.01,14,7294,卖盘
845,13:37:31,5.22,--,112,58464,买盘
846,13:37:21,5.22,--,40,20880,买盘
847,13:37:16,5.22,0.01,20,10440,买盘
848,13:37:06,5.21,--,45,23445,卖盘
849,13:37:01,5.21,--,241,125904,买盘
850,13:36:56,5.21,--,100,52100,买盘
851,13:36:51,5.21,--,332,172972,买盘
852,13:36:46,5.21,--,1101,573621,买盘
853,13:36:36,5.21,--,543,282903,买盘
854,13:36:30,5.21,--,11,5731,买盘
855,13:36:26,5.21,--,1,521,买盘
856,13:36:21,5.21,--,133,69293,买盘
857,13:36:16,5.21,--,798,415758,买盘
858,13:36:06,5.21,--,128,66688,买盘
859,13:36:00,5.21,--,167,87007,买盘
860,13:35:51,5.21,0.01,9,4689,买盘
861,13:35:41,5.2,--,32,16640,卖盘
862,13:35:36,5.2,-0.01,724,376480,卖盘
863,13:35:15,5.21,--,13,6773,买盘
864,13:35:05,5.21,0.01,845,440245,买盘
865,13:35:00,5.2,-0.01,242,125840,卖盘
866,13:34:55,5.21,0.01,160,83360,买盘
867,13:34:45,5.2,--,1925,1001000,买盘
868,13:34:40,5.2,--,240,124800,买盘
869,13:34:35,5.2,--,1608,836160,买盘
870,13:34:30,5.2,--,44,22880,买盘
871,13:34:20,5.2,--,201,104520,买盘
872,13:34:15,5.2,-0.01,525,273000,卖盘
873,13:34:10,5.21,--,157,81797,买盘
874,13:34:05,5.21,--,414,215694,买盘
875,13:34:00,5.21,0.01,1511,787231,买盘
876,13:33:55,5.2,--,8,4160,卖盘
877,13:33:45,5.2,--,31,16120,卖盘
878,13:33:40,5.2,--,34,17680,卖盘
879,13:33:35,5.2,--,66,34320,卖盘
880,13:33:30,5.2,--,162,84240,卖盘
881,13:33:20,5.2,-0.01,5,2600,卖盘
882,13:33:15,5.21,0.01,16,8336,买盘
883,13:33:10,5.2,--,81,42120,卖盘
884,13:33:05,5.2,--,16,8320,卖盘
885,13:33:00,5.2,--,11,5720,卖盘
886,13:32:55,5.2,--,155,80600,买盘
887,13:32:50,5.2,--,22,11440,买盘
888,13:32:40,5.2,0.01,230,119600,买盘
889,13:32:35,5.19,-0.01,61,31825,卖盘
890,13:32:30,5.2,0.01,2,1040,买盘
891,13:32:25,5.19,-0.01,109,56571,卖盘
892,13:32:10,5.2,0.01,8,4160,买盘
893,13:32:05,5.19,--,2,1038,卖盘
894,13:32:00,5.19,--,34,17646,卖盘
895,13:31:55,5.19,--,130,67470,卖盘
896,13:31:50,5.19,--,64,33216,卖盘
897,13:31:45,5.19,--,30,15570,卖盘
898,13:31:35,5.19,-0.01,15,7785,卖盘
899,13:31:30,5.2,--,29,15080,买盘
900,13:31:25,5.2,--,530,275953,卖盘
901,13:31:20,5.2,--,80,41600,卖盘
902,13:31:15,5.2,--,2401,1248520,卖盘
903,13:31:10,5.2,--,30,15600,卖盘
904,13:31:05,5.2,--,2,1040,卖盘
905,13:31:00,5.2,--,26,13520,卖盘
906,13:30:55,5.2,--,73,37960,卖盘
907,13:30:50,5.2,-0.01,10,5200,卖盘
908,13:30:45,5.21,0.01,262,136502,买盘
909,13:30:40,5.2,--,155,80600,卖盘
910,13:30:35,5.2,--,15,7800,卖盘
911,13:30:25,5.2,--,1022,531793,卖盘
912,13:30:20,5.2,--,47,24440,卖盘
913,13:30:15,5.2,-0.01,266,138320,卖盘
914,13:30:10,5.21,0.01,1360,708914,买盘
915,13:30:05,5.2,--,1,520,卖盘
916,13:30:00,5.2,-0.01,48,24960,卖盘
917,13:29:55,5.21,0.01,19,9899,买盘
918,13:29:50,5.2,-0.01,1012,526593,卖盘
919,13:29:45,5.21,--,10,5210,买盘
920,13:29:35,5.21,--,8,4168,买盘
921,13:29:15,5.21,0.01,37,19277,买盘
922,13:29:09,5.2,-0.01,160,83200,卖盘
923,13:29:00,5.21,--,54,28134,买盘
924,13:28:54,5.21,--,84,43941,卖盘
925,13:28:50,5.21,--,35,18235,卖盘
926,13:28:35,5.21,--,14,7294,卖盘
927,13:28:30,5.21,-0.01,97,50537,卖盘
928,13:28:24,5.22,0.01,49,25578,买盘
929,13:28:20,5.21,--,1600,833600,卖盘
930,13:28:09,5.21,--,23,11983,卖盘
931,13:28:04,5.21,--,24,12504,卖盘
932,13:28:00,5.21,-0.01,60,31260,卖盘
933,13:27:54,5.22,0.01,23,12006,买盘
934,13:27:49,5.21,--,6,3126,卖盘
935,13:27:45,5.21,--,332,172972,卖盘
936,13:27:34,5.21,-0.01,200,104200,卖盘
937,13:27:24,5.22,--,22,11484,买盘
938,13:27:19,5.22,0.01,77,40194,买盘
939,13:27:09,5.21,--,31,16151,卖盘
940,13:27:04,5.21,--,226,117746,卖盘
941,13:26:59,5.21,-0.01,14,7294,卖盘
942,13:26:54,5.22,0.01,22,11484,买盘
943,13:26:49,5.21,--,15,7815,卖盘
944,13:26:44,5.21,-0.01,261,135981,卖盘
945,13:26:19,5.22,0.01,22,11484,买盘
946,13:26:09,5.21,--,255,132855,卖盘
947,13:26:04,5.21,--,14,7294,卖盘
948,13:25:59,5.21,-0.01,10,5210,卖盘
949,13:25:49,5.22,0.01,569,297018,买盘
950,13:25:44,5.21,-0.01,256,133376,卖盘
951,13:25:39,5.22,0.01,527,275094,买盘
952,13:25:34,5.21,-0.01,299,155779,卖盘
953,13:25:19,5.22,0.01,93,48546,买盘
954,13:25:09,5.21,--,59,30739,卖盘
955,13:25:04,5.21,--,17,8857,卖盘
956,13:24:59,5.21,--,66,34386,卖盘
957,13:24:54,5.21,-0.01,96,50016,卖盘
958,13:24:49,5.22,0.01,222,115884,买盘
959,13:24:39,5.21,--,17,8857,卖盘
960,13:24:34,5.21,--,14,7294,卖盘
961,13:24:19,5.21,-0.01,43,22403,卖盘
962,13:24:14,5.22,--,202,105444,买盘
963,13:24:09,5.22,0.01,25,13050,买盘
964,13:24:04,5.21,--,114,59394,卖盘
965,13:23:59,5.21,-0.01,25,13025,卖盘
966,13:23:49,5.22,0.01,22,11484,买盘
967,13:23:34,5.21,--,490,255290,卖盘
968,13:23:24,5.21,-0.01,121,63041,卖盘
969,13:23:14,5.22,--,33,17226,买盘
970,13:23:09,5.22,0.01,21,10962,买盘
971,13:23:04,5.21,--,184,95864,卖盘
972,13:22:59,5.21,--,48,25008,卖盘
973,13:22:54,5.21,--,20,10420,卖盘
974,13:22:49,5.21,--,79,41159,卖盘
975,13:22:44,5.21,--,148,77108,卖盘
976,13:22:39,5.21,--,201,104721,卖盘
977,13:22:34,5.21,-0.01,63,32823,卖盘
978,13:22:14,5.22,--,22,11484,买盘
979,13:22:03,5.22,0.01,496,258912,买盘
980,13:21:59,5.21,-0.01,50,26050,卖盘
981,13:21:54,5.22,--,2,1044,买盘
982,13:21:48,5.22,0.01,24,12528,买盘
983,13:21:44,5.21,-0.01,62,32302,卖盘
984,13:21:33,5.22,0.01,814,424908,买盘
985,13:21:18,5.21,--,10,5210,卖盘
986,13:21:09,5.21,-0.01,205,107159,卖盘
987,13:21:03,5.22,0.01,800,417600,买盘
988,13:20:59,5.21,-0.01,75,39075,卖盘
989,13:20:39,5.22,0.01,90,46980,买盘
990,13:20:33,5.21,--,816,425136,卖盘
991,13:20:24,5.21,--,88,45848,卖盘
992,13:20:09,5.21,-0.01,227,118610,卖盘
993,13:20:03,5.22,0.01,810,422820,买盘
994,13:19:58,5.21,--,15,7815,卖盘
995,13:19:48,5.21,--,12,6252,卖盘
996,13:19:43,5.21,-0.01,172,89612,卖盘
997,13:19:33,5.22,--,814,424908,买盘
998,13:19:18,5.22,0.01,5,2610,买盘
999,13:19:13,5.21,--,70,36615,卖盘
1000,13:19:08,5.21,-0.01,158,82515,卖盘
1001,13:19:03,5.22,--,810,422820,买盘
1002,13:18:53,5.22,--,230,120060,买盘
1003,13:18:48,5.22,0.01,36,18792,买盘
1004,13:18:43,5.21,-0.01,30,15630,卖盘
1005,13:18:33,5.22,0.01,814,424908,买盘
1006,13:18:23,5.21,--,316,164636,卖盘
1007,13:18:13,5.21,--,65,34333,卖盘
1008,13:18:08,5.21,-0.01,161,84276,卖盘
1009,13:18:03,5.22,0.01,814,424908,买盘
1010,13:17:58,5.21,-0.01,125,65125,卖盘
1011,13:17:53,5.22,0.01,31,16182,买盘
1012,13:17:43,5.21,-0.01,442,230282,卖盘
1013,13:17:38,5.22,--,100,52200,买盘
1014,13:17:33,5.22,--,814,424908,买盘
1015,13:17:28,5.22,0.01,10,5220,买盘
1016,13:17:18,5.21,-0.01,276,143796,买盘
1017,13:17:13,5.22,--,0,0,买盘
1018,13:17:08,5.22,--,1027,536438,买盘
1019,13:17:03,5.22,0.01,1144,597168,买盘
1020,13:16:58,5.21,--,10,5210,卖盘
1021,13:16:53,5.21,--,2,1042,卖盘
1022,13:16:48,5.21,-0.01,30,15630,卖盘
1023,13:16:43,5.22,--,924,482328,买盘
1024,13:16:33,5.22,0.01,1626,848772,买盘
1025,13:16:28,5.21,--,10,5210,卖盘
1026,13:16:23,5.21,--,14,7294,卖盘
1027,13:16:18,5.21,-0.01,2,1042,中性盘
1028,13:16:13,5.22,0.02,74,38628,买盘
1029,13:16:08,5.2,-0.02,79,41444,卖盘
1030,13:16:03,5.22,0.02,575,300651,买盘
1031,13:15:58,5.2,-0.01,49,25480,卖盘
1032,13:15:42,5.21,--,76,39596,买盘
1033,13:15:38,5.21,--,350,182350,买盘
1034,13:15:33,5.21,--,42,21882,买盘
1035,13:15:27,5.21,0.01,11,5731,买盘
1036,13:15:18,5.2,-0.01,60,31200,卖盘
1037,13:15:08,5.21,--,382,199438,买盘
1038,13:15:03,5.21,--,1318,687126,买盘
1039,13:14:57,5.21,--,39,20319,买盘
1040,13:14:42,5.21,--,94,48974,买盘
1041,13:14:33,5.21,0.01,13,6773,买盘
1042,13:14:27,5.2,--,1600,832000,卖盘
1043,13:14:23,5.2,-0.01,41,21320,卖盘
1044,13:14:18,5.21,--,246,128166,卖盘
1045,13:14:12,5.21,--,178,92738,买盘
1046,13:14:08,5.21,--,704,366784,买盘
1047,13:14:03,5.21,0.01,310,161853,买盘
1048,13:13:57,5.2,--,105,54600,卖盘
1049,13:13:42,5.2,-0.01,100,52000,卖盘
1050,13:13:38,5.21,--,300,156300,买盘
1051,13:13:33,5.21,--,968,504328,买盘
1052,13:13:27,5.21,--,10,5210,买盘
1053,13:13:18,5.21,--,3,1563,买盘
1054,13:13:12,5.21,0.01,911,474631,买盘
1055,13:13:07,5.2,-0.01,6,3120,卖盘
1056,13:13:02,5.21,0.01,1256,654600,买盘
1057,13:12:57,5.2,--,173,90079,卖盘
1058,13:12:48,5.2,-0.01,3,1560,卖盘
1059,13:12:37,5.21,--,407,212047,买盘
1060,13:12:33,5.21,0.01,1030,536630,买盘
1061,13:12:27,5.2,-0.01,20,10400,卖盘
1062,13:12:22,5.21,0.01,20,10420,买盘
1063,13:12:12,5.2,-0.01,1,520,卖盘
1064,13:12:07,5.21,--,48,25008,买盘
1065,13:12:03,5.21,0.01,549,286341,买盘
1066,13:11:57,5.2,-0.01,161,83751,卖盘
1067,13:11:42,5.21,--,154,80234,买盘
1068,13:11:37,5.21,0.01,664,345944,买盘
1069,13:11:27,5.2,--,487,253583,卖盘
1070,13:11:22,5.2,--,20,10400,卖盘
1071,13:11:17,5.2,-0.01,161,83720,卖盘
1072,13:11:12,5.21,0.01,379,197459,买盘
1073,13:11:07,5.2,--,539,280280,卖盘
1074,13:10:57,5.2,--,10,5200,卖盘
1075,13:10:52,5.2,--,268,139360,卖盘
1076,13:10:47,5.2,--,13,6760,卖盘
1077,13:10:42,5.2,-0.01,62,32240,卖盘
1078,13:10:37,5.21,0.01,47,24487,买盘
1079,13:10:27,5.2,-0.01,19,9880,卖盘
1080,13:10:22,5.21,0.01,10,5210,买盘
1081,13:10:12,5.2,-0.01,65,33800,卖盘
1082,13:10:07,5.21,0.01,376,195896,买盘
1083,13:10:02,5.2,--,10,5200,卖盘
1084,13:09:57,5.2,-0.01,26,13520,卖盘
1085,13:09:52,5.21,0.01,200,104200,买盘
1086,13:09:47,5.2,-0.01,8,4160,卖盘
1087,13:09:37,5.21,--,209,108889,买盘
1088,13:09:27,5.21,0.01,275,143499,买盘
1089,13:09:22,5.2,-0.01,980,509719,卖盘
1090,13:09:12,5.21,--,629,327709,买盘
1091,13:09:07,5.21,0.01,1209,629889,买盘
1092,13:08:57,5.2,-0.01,420,218400,卖盘
1093,13:08:52,5.21,--,8,4168,买盘
1094,13:08:42,5.21,--,412,214652,买盘
1095,13:08:36,5.21,0.01,2327,1212367,买盘
1096,13:08:32,5.2,-0.01,20,10400,卖盘
1097,13:08:12,5.21,--,1083,564243,买盘
1098,13:08:06,5.21,0.01,1620,844020,买盘
1099,13:08:02,5.2,--,19,9880,卖盘
1100,13:07:57,5.2,--,11,5720,卖盘
1101,13:07:51,5.2,-0.01,20,10400,卖盘
1102,13:07:42,5.21,--,860,448060,买盘
1103,13:07:36,5.21,--,1614,840894,买盘
1104,13:07:26,5.21,0.02,40,20840,买盘
1105,13:07:21,5.19,-0.01,229,119193,卖盘
1106,13:07:12,5.2,--,119,61880,买盘
1107,13:07:06,5.2,0.01,79,41080,买盘
1108,13:07:02,5.19,--,10,5190,卖盘
1109,13:06:56,5.19,-0.01,21,10899,卖盘
1110,13:06:47,5.2,--,20,10400,买盘
1111,13:06:41,5.2,--,24,12480,买盘
1112,13:06:36,5.2,--,109,56680,买盘
1113,13:06:32,5.2,--,9,4680,买盘
1114,13:06:26,5.2,--,110,57200,买盘
1115,13:06:12,5.2,0.01,35,18200,买盘
1116,13:06:06,5.19,--,138,71622,卖盘
1117,13:05:57,5.19,--,24,12456,卖盘
1118,13:05:51,5.19,-0.01,409,212271,卖盘
1119,13:05:42,5.2,0.01,3,1560,买盘
1120,13:05:36,5.19,--,515,267285,卖盘
1121,13:05:32,5.19,--,180,93420,卖盘
1122,13:05:26,5.19,-0.01,2405,1248195,卖盘
1123,13:05:21,5.2,0.01,250,130343,买盘
1124,13:05:06,5.19,--,455,236145,卖盘
1125,13:05:01,5.19,--,254,131826,卖盘
1126,13:04:56,5.19,-0.01,89,46191,卖盘
1127,13:04:51,5.2,--,13,6760,买盘
1128,13:04:41,5.2,--,28,14560,买盘
1129,13:04:36,5.2,0.01,147,76440,买盘
1130,13:04:31,5.19,-0.01,374,194106,卖盘
1131,13:04:26,5.2,--,5,2600,买盘
1132,13:04:21,5.2,-0.01,99,51480,卖盘
1133,13:04:11,5.21,--,0,0,买盘
1134,13:04:06,5.21,0.02,214,111494,买盘
1135,13:04:01,5.19,--,10,5190,卖盘
1136,13:03:51,5.19,-0.02,2401,1246119,卖盘
1137,13:03:36,5.21,0.01,357,185997,买盘
1138,13:03:31,5.2,--,3,1560,卖盘
1139,13:03:21,5.2,--,78,41022,卖盘
1140,13:03:16,5.2,-0.01,513,267160,卖盘
1141,13:03:06,5.21,0.01,700,364700,买盘
1142,13:03:01,5.2,--,267,138840,卖盘
1143,13:02:46,5.2,--,467,242840,卖盘
1144,13:02:41,5.2,--,13,6760,买盘
1145,13:02:36,5.2,--,1178,612560,买盘
1146,13:02:31,5.2,-0.01,865,449800,卖盘
1147,13:02:26,5.21,0.01,1,521,买盘
1148,13:02:21,5.2,--,80,41600,卖盘
1149,13:02:16,5.2,--,803,417560,卖盘
1150,13:02:11,5.2,--,146,75920,买盘
1151,13:02:06,5.2,0.01,1908,992160,中性盘
1152,13:02:01,5.19,-0.02,3938,2043822,卖盘
1153,13:01:41,5.21,0.01,856,445976,买盘
1154,13:01:35,5.2,--,1577,820040,卖盘
1155,13:01:30,5.2,--,380,197600,卖盘
1156,13:01:26,5.2,--,163,84760,卖盘
1157,13:01:21,5.2,--,257,133640,卖盘
1158,13:01:15,5.2,-0.01,267,139183,卖盘
1159,13:01:06,5.21,0.01,541,281861,买盘
1160,13:01:00,5.2,-0.01,77,40040,卖盘
1161,13:00:56,5.21,0.01,6,3126,买盘
1162,13:00:50,5.2,--,62,32240,卖盘
1163,13:00:45,5.2,-0.01,696,361920,卖盘
1164,13:00:41,5.21,--,8,4168,买盘
1165,13:00:35,5.21,--,588,306348,买盘
1166,13:00:30,5.21,0.01,81,42201,买盘
1167,13:00:26,5.2,--,1599,831490,卖盘
1168,13:00:20,5.2,--,3465,1801820,卖盘
1169,13:00:15,5.2,--,217,112840,卖盘
1170,13:00:11,5.2,--,175,91000,卖盘
1171,13:00:05,5.2,--,6000,3120234,卖盘
1172,11:30:00,5.2,--,0,0,卖盘
1173,11:30:00,5.2,--,0,0,卖盘
1174,11:30:00,5.2,--,34,17680,卖盘
1175,11:29:47,5.2,--,30,15600,卖盘
1176,11:29:42,5.2,-0.01,890,462800,卖盘
1177,11:29:37,5.21,0.01,1632,850272,买盘
1178,11:29:32,5.2,--,127,66040,卖盘
1179,11:29:17,5.2,-0.01,270,140743,卖盘
1180,11:29:12,5.21,0.01,800,416800,买盘
1181,11:29:07,5.2,--,1902,989040,卖盘
1182,11:29:01,5.2,--,11,5720,卖盘
1183,11:28:42,5.2,-0.01,1,520,卖盘
1184,11:28:37,5.21,0.01,2480,1292080,买盘
1185,11:28:32,5.2,--,10,5200,卖盘
1186,11:28:27,5.2,-0.01,321,166920,卖盘
1187,11:28:22,5.21,0.01,40,20840,买盘
1188,11:28:16,5.2,-0.01,501,260520,卖盘
1189,11:28:12,5.21,0.01,800,416800,买盘
1190,11:28:07,5.2,-0.01,810,421200,卖盘
1191,11:28:02,5.21,0.01,1004,523084,买盘
1192,11:27:52,5.2,--,2,1040,卖盘
1193,11:27:47,5.2,-0.01,160,83200,卖盘
1194,11:27:42,5.21,--,800,416800,买盘
1195,11:27:37,5.21,--,1710,890910,买盘
1196,11:27:32,5.21,--,20,10420,买盘
1197,11:27:22,5.21,0.01,150,78150,买盘
1198,11:27:17,5.2,--,242,126183,卖盘
1199,11:27:07,5.2,-0.01,1635,850200,卖盘
1200,11:27:02,5.21,--,810,422010,买盘
1201,11:26:47,5.21,--,1,521,买盘
1202,11:26:41,5.21,0.01,38,19798,买盘
1203,11:26:37,5.2,-0.01,1719,894036,卖盘
1204,11:26:32,5.21,0.01,802,417956,买盘
1205,11:26:26,5.2,--,20,10400,卖盘
1206,11:26:22,5.2,-0.01,14,7529,卖盘
1207,11:26:17,5.21,--,11,5960,买盘
1208,11:26:11,5.21,--,800,416800,买盘
1209,11:26:07,5.21,0.01,1623,845583,买盘
1210,11:26:02,5.2,--,11,5720,卖盘
1211,11:25:52,5.2,--,20,10400,卖盘
1212,11:25:47,5.2,--,54,28163,卖盘
1213,11:25:42,5.2,--,92,47871,卖盘
1214,11:25:37,5.2,-0.01,2011,1046219,卖盘
1215,11:25:32,5.21,0.01,812,423052,买盘
1216,11:25:21,5.2,-0.01,1,520,卖盘
1217,11:25:16,5.21,0.01,158,82651,买盘
1218,11:25:11,5.2,--,141,73528,卖盘
1219,11:25:06,5.2,-0.01,4822,2507757,卖盘
1220,11:25:01,5.21,--,12,6252,卖盘
1221,11:24:56,5.21,--,546,284466,卖盘
1222,11:24:51,5.21,-0.01,10,5210,卖盘
1223,11:24:41,5.22,--,365,190530,买盘
1224,11:24:36,5.22,0.01,631,329382,买盘
1225,11:24:26,5.21,0.01,945,492579,买盘
1226,11:24:21,5.2,-0.01,10,5200,卖盘
1227,11:24:16,5.21,--,108,56268,买盘
1228,11:24:11,5.21,--,761,396481,买盘
1229,11:24:06,5.21,--,800,416800,买盘
1230,11:24:01,5.21,0.01,643,335003,买盘
1231,11:23:56,5.2,-0.01,15,7800,卖盘
1232,11:23:51,5.21,0.01,17,8857,买盘
1233,11:23:46,5.2,-0.01,2401,1248520,卖盘
1234,11:23:40,5.21,--,803,418363,买盘
1235,11:23:36,5.21,0.01,1600,833600,买盘
1236,11:23:30,5.2,-0.01,20,10400,卖盘
1237,11:23:26,5.21,0.01,12,6252,买盘
1238,11:23:21,5.2,--,40,20800,卖盘
1239,11:23:15,5.2,--,49,25480,卖盘
1240,11:23:11,5.2,-0.01,430,223943,卖盘
1241,11:23:06,5.21,--,496,258416,买盘
1242,11:23:00,5.21,--,26,13546,买盘
1243,11:22:46,5.21,--,200,104200,买盘
1244,11:22:41,5.21,--,1018,530857,买盘
1245,11:22:36,5.21,0.01,1779,927327,买盘
1246,11:22:31,5.2,-0.01,264,137680,卖盘
1247,11:22:26,5.21,--,163,84923,买盘
1248,11:22:21,5.21,0.01,76,39830,买盘
1249,11:22:16,5.2,-0.01,578,300788,卖盘
1250,11:22:11,5.21,0.01,1030,536921,买盘
1251,11:22:06,5.2,--,1658,862399,卖盘
1252,11:22:01,5.2,--,115,59800,卖盘
1253,11:21:56,5.2,--,11,5777,卖盘
1254,11:21:51,5.2,-0.01,13,6817,卖盘
1255,11:21:46,5.21,0.01,18,9378,买盘
1256,11:21:41,5.2,--,1,676,卖盘
1257,11:21:36,5.2,--,12,6557,卖盘
1258,11:21:30,5.2,-0.01,1655,860714,卖盘
1259,11:21:26,5.21,0.01,1500,781500,买盘
1260,11:21:11,5.2,-0.01,2634,1370023,卖盘
1261,11:21:01,5.21,--,810,422010,买盘
1262,11:20:56,5.21,0.01,32,16672,买盘
1263,11:20:51,5.2,--,30,15600,卖盘
1264,11:20:46,5.2,--,557,289853,买盘
1265,11:20:41,5.2,0.01,50,26000,买盘
1266,11:20:31,5.19,-0.01,820,425580,卖盘
1267,11:20:26,5.2,0.01,34,17680,买盘
1268,11:20:16,5.19,--,8,4152,卖盘
1269,11:20:11,5.19,-0.01,89,46538,卖盘
1270,11:20:06,5.2,--,839,436280,买盘
1271,11:20:01,5.2,0.01,18,9360,买盘
1272,11:19:56,5.19,-0.01,120,62280,卖盘
1273,11:19:46,5.2,--,30,15600,买盘
1274,11:19:41,5.2,--,66,34320,买盘
1275,11:19:36,5.2,0.01,294,152880,买盘
1276,11:19:26,5.19,--,148,77159,卖盘
1277,11:19:21,5.19,--,5,2885,卖盘
1278,11:19:16,5.19,--,54,28140,卖盘
1279,11:19:11,5.19,--,91,47675,卖盘
1280,11:19:05,5.19,-0.01,152,78893,卖盘
1281,11:19:01,5.2,--,810,421200,买盘
1282,11:18:56,5.2,--,42,21840,买盘
1283,11:18:51,5.2,--,60,31200,买盘
1284,11:18:41,5.2,--,3,1560,买盘
1285,11:18:36,5.2,--,229,119080,买盘
1286,11:18:30,5.2,--,91,47320,买盘
1287,11:18:26,5.2,--,35,18200,买盘
1288,11:18:15,5.2,--,114,59280,买盘
1289,11:18:10,5.2,--,65,33800,买盘
1290,11:18:05,5.2,--,62,32240,买盘
1291,11:18:00,5.2,--,813,422760,买盘
1292,11:17:55,5.2,--,40,20800,买盘
1293,11:17:40,5.2,0.01,1480,769600,买盘
1294,11:17:35,5.19,-0.01,53,27507,卖盘
1295,11:17:30,5.2,0.01,30,15610,买盘
1296,11:17:25,5.19,--,12,6456,卖盘
1297,11:17:19,5.19,--,6,3280,卖盘
1298,11:17:15,5.19,-0.01,1749,907928,卖盘
1299,11:17:10,5.2,--,283,147284,买盘
1300,11:17:05,5.2,0.01,163,84978,买盘
1301,11:17:00,5.19,-0.01,319,166048,卖盘
1302,11:16:55,5.2,--,1513,787077,卖盘
1303,11:16:50,5.2,--,132,68640,卖盘
1304,11:16:45,5.2,--,570,296400,卖盘
1305,11:16:40,5.2,--,162,84240,卖盘
1306,11:16:35,5.2,-0.01,11,5720,卖盘
1307,11:16:25,5.21,0.01,19,9899,买盘
1308,11:16:20,5.2,--,78,40560,卖盘
1309,11:16:15,5.2,0.01,1689,878633,买盘
1310,11:16:10,5.19,-0.01,334,173346,卖盘
1311,11:16:04,5.2,0.01,88,45760,买盘
1312,11:16:00,5.19,-0.01,41,21279,卖盘
1313,11:15:55,5.2,--,1813,942760,买盘
1314,11:15:50,5.2,--,105,54600,买盘
1315,11:15:45,5.2,--,50,26000,买盘
1316,11:15:40,5.2,--,396,205920,买盘
1317,11:15:35,5.2,--,484,251680,买盘
1318,11:15:30,5.2,--,16,8320,买盘
1319,11:15:25,5.2,--,12,6240,买盘
1320,11:15:19,5.2,--,1031,536120,买盘
1321,11:15:15,5.2,0.01,80,41600,买盘
1322,11:15:10,5.19,--,112,58128,卖盘
1323,11:15:05,5.19,--,257,133725,卖盘
1324,11:15:00,5.19,--,10,5190,卖盘
1325,11:14:55,5.19,-0.01,271,140649,卖盘
1326,11:14:50,5.2,--,134,69680,买盘
1327,11:14:40,5.2,--,881,458120,买盘
1328,11:14:35,5.2,0.01,74,38537,买盘
1329,11:14:30,5.19,--,21,10899,卖盘
1330,11:14:25,5.19,--,56,29297,卖盘
1331,11:14:20,5.19,-0.01,506,262785,卖盘
1332,11:14:15,5.2,--,65,33800,买盘
1333,11:14:10,5.2,0.01,45,23862,买盘
1334,11:14:05,5.19,--,71,37139,卖盘
1335,11:14:00,5.19,--,2698,1400391,卖盘
1336,11:13:55,5.19,-0.01,251,130627,卖盘
1337,11:13:50,5.2,0.01,76,39790,买盘
1338,11:13:45,5.19,-0.01,454,235812,卖盘
1339,11:13:40,5.2,0.01,296,154154,买盘
1340,11:13:35,5.19,--,1011,524771,卖盘
1341,11:13:30,5.19,-0.01,105,54842,卖盘
1342,11:13:25,5.2,0.01,270,140628,买盘
1343,11:13:20,5.19,-0.01,11,5901,卖盘
1344,11:13:14,5.2,0.01,6,3567,买盘
1345,11:13:10,5.19,--,12,6404,卖盘
1346,11:13:05,5.19,--,283,147250,卖盘
1347,11:13:00,5.19,--,17,8823,卖盘
1348,11:12:55,5.19,--,22,11537,卖盘
1349,11:12:50,5.19,-0.01,43,22374,卖盘
1350,11:12:45,5.2,--,57,29640,买盘
1351,11:12:40,5.2,0.01,19,10337,买盘
1352,11:12:35,5.19,--,83,43429,卖盘
1353,11:12:30,5.19,--,225,116889,卖盘
1354,11:12:25,5.19,--,200,103800,卖盘
1355,11:12:20,5.19,--,1901,986676,卖盘
1356,11:12:15,5.19,--,12,6342,卖盘
1357,11:12:10,5.19,-0.01,157,81597,卖盘
1358,11:12:05,5.2,0.01,126,65577,买盘
1359,11:11:59,5.19,--,76,39905,卖盘
1360,11:11:54,5.19,--,24,12575,卖盘
1361,11:11:50,5.19,--,72,37767,卖盘
1362,11:11:44,5.19,--,5,2885,卖盘
1363,11:11:39,5.19,-0.01,187,97457,卖盘
1364,11:11:34,5.2,0.01,141,73554,买盘
1365,11:11:30,5.19,-0.01,480,249120,卖盘
1366,11:11:24,5.2,0.01,658,342160,买盘
1367,11:11:19,5.19,--,27,14013,卖盘
1368,11:11:09,5.19,--,610,316590,卖盘
1369,11:11:04,5.19,--,1283,666219,卖盘
1370,11:10:59,5.19,--,10,5190,卖盘
1371,11:10:54,5.19,-0.01,21,10899,卖盘
1372,11:10:49,5.2,0.01,15,7800,买盘
1373,11:10:44,5.19,-0.01,756,392535,卖盘
1374,11:10:39,5.2,--,70,36400,买盘
1375,11:10:34,5.2,--,55,28600,买盘
1376,11:10:24,5.2,--,3407,1771972,卖盘
1377,11:10:19,5.2,--,1090,567262,卖盘
1378,11:10:14,5.2,--,534,277685,卖盘
1379,11:10:09,5.2,--,689,358519,卖盘
1380,11:10:04,5.2,--,1782,926811,卖盘
1381,11:09:59,5.2,--,84,44142,卖盘
1382,11:09:54,5.2,-0.01,85,44278,卖盘
1383,11:09:49,5.21,0.01,403,209963,买盘
1384,11:09:44,5.2,--,6,3120,卖盘
1385,11:09:39,5.2,--,112,58240,卖盘
1386,11:09:34,5.2,--,1522,791440,卖盘
1387,11:09:29,5.2,--,170,88400,卖盘
1388,11:09:24,5.2,--,603,313560,卖盘
1389,11:09:14,5.2,--,12,6240,卖盘
1390,11:09:09,5.2,--,22,11440,卖盘
1391,11:09:04,5.2,--,318,165360,卖盘
1392,11:08:59,5.2,--,322,167783,卖盘
1393,11:08:54,5.2,--,147,76440,卖盘
1394,11:08:48,5.2,--,80,41600,卖盘
1395,11:08:44,5.2,--,43,22360,卖盘
1396,11:08:39,5.2,--,124,64480,卖盘
1397,11:08:34,5.2,--,9,4680,卖盘
1398,11:08:29,5.2,--,122,63440,卖盘
1399,11:08:24,5.2,--,1519,789890,卖盘
1400,11:08:19,5.2,-0.01,99,51480,卖盘
1401,11:08:14,5.21,--,1,521,买盘
1402,11:08:03,5.21,0.01,40,20840,买盘
1403,11:07:59,5.2,--,61,31720,卖盘
1404,11:07:49,5.2,-0.01,100,52000,卖盘
1405,11:07:44,5.21,0.01,19,9899,买盘
1406,11:07:39,5.2,--,100,52000,卖盘
1407,11:07:33,5.2,--,316,164320,卖盘
1408,11:07:29,5.2,--,179,93080,卖盘
1409,11:07:23,5.2,-0.01,40,20800,卖盘
1410,11:07:19,5.21,--,7,3647,买盘
1411,11:07:14,5.21,--,61,31781,买盘
1412,11:07:04,5.21,0.01,2,1042,买盘
1413,11:06:59,5.2,-0.01,318,165703,卖盘
1414,11:06:48,5.21,0.01,14,7294,买盘
1415,11:06:44,5.2,-0.01,2535,1318200,卖盘
1416,11:06:39,5.21,0.01,105,54705,买盘
1417,11:06:33,5.2,--,348,180960,卖盘
1418,11:06:28,5.2,-0.01,902,469040,卖盘
1419,11:06:23,5.21,0.01,50,26050,买盘
1420,11:06:19,5.2,-0.01,351,182520,卖盘
1421,11:06:08,5.21,--,8,4168,买盘
1422,11:06:03,5.21,0.01,10,5210,买盘
1423,11:05:59,5.2,--,61,31980,卖盘
1424,11:05:48,5.2,-0.01,1,520,卖盘
1425,11:05:42,5.21,0.01,48,25008,买盘
1426,11:05:39,5.2,--,454,236080,卖盘
1427,11:05:34,5.2,-0.01,19,9880,卖盘
1428,11:05:28,5.21,0.01,52,27092,买盘
1429,11:05:24,5.2,-0.01,6,3120,卖盘
1430,11:05:18,5.21,--,5,2605,买盘
1431,11:05:13,5.21,--,7,3647,买盘
1432,11:05:08,5.21,0.01,10,5210,买盘
1433,11:05:03,5.2,--,114,59280,卖盘
1434,11:04:57,5.2,-0.01,1208,628570,卖盘
1435,11:04:53,5.21,--,180,93780,卖盘
1436,11:04:48,5.21,--,10,5210,卖盘
1437,11:04:38,5.21,--,4,2313,卖盘
1438,11:04:33,5.21,--,43,22408,卖盘
1439,11:04:28,5.21,--,59,30853,卖盘
1440,11:04:23,5.21,--,11,5783,卖盘
1441,11:04:18,5.21,--,114,59743,卖盘
1442,11:04:12,5.21,-0.01,165,86142,卖盘
1443,11:04:08,5.22,0.01,222,115998,买盘
1444,11:04:03,5.21,--,247,129150,卖盘
1445,11:03:58,5.21,-0.01,145,75951,卖盘
1446,11:03:53,5.22,0.01,213,111186,买盘
1447,11:03:48,5.21,--,7,3709,卖盘
1448,11:03:42,5.21,--,226,117855,卖盘
1449,11:03:38,5.21,--,2000,1042000,卖盘
1450,11:03:33,5.21,--,137,71778,卖盘
1451,11:03:27,5.21,--,3,1740,卖盘
1452,11:03:23,5.21,--,30,15640,卖盘
1453,11:03:18,5.21,--,59,30806,卖盘
1454,11:03:13,5.21,--,179,93639,卖盘
1455,11:03:03,5.21,--,54,28623,卖盘
1456,11:02:58,5.21,--,469,244703,卖盘
1457,11:02:53,5.21,--,191,99860,卖盘
1458,11:02:48,5.21,--,57,29816,卖盘
1459,11:02:42,5.21,--,28,14759,卖盘
1460,11:02:33,5.21,--,1,521,卖盘
1461,11:02:27,5.21,-0.01,148,77571,卖盘
1462,11:02:18,5.22,--,36,19068,买盘
1463,11:02:12,5.22,0.01,50,26100,买盘
1464,11:01:57,5.21,--,22,11462,卖盘
1465,11:01:53,5.21,-0.01,27,14067,卖盘
1466,11:01:48,5.22,--,29,15138,买盘
1467,11:01:42,5.22,0.01,6,3132,买盘
1468,11:01:38,5.21,--,2436,1269156,卖盘
1469,11:01:27,5.21,--,200,104200,卖盘
1470,11:01:23,5.21,-0.01,95,49495,卖盘
1471,11:01:17,5.22,0.01,29,15138,买盘
1472,11:00:57,5.21,--,117,61066,卖盘
1473,11:00:53,5.21,-0.01,260,135694,卖盘
1474,11:00:47,5.22,--,178,92916,买盘
1475,11:00:42,5.22,0.01,130,67860,买盘
1476,11:00:38,5.21,--,100,52105,卖盘
1477,11:00:32,5.21,-0.01,24,12504,卖盘
1478,11:00:28,5.22,0.01,998,520956,买盘
1479,11:00:23,5.21,--,114,59394,卖盘
1480,11:00:17,5.21,-0.01,39,20319,卖盘
1481,11:00:13,5.22,0.01,683,356526,买盘
1482,11:00:08,5.21,-0.01,629,327823,卖盘
1483,11:00:02,5.22,0.01,525,274164,买盘
1484,10:59:58,5.21,--,10,5689,卖盘
1485,10:59:52,5.21,-0.01,56,29426,卖盘
1486,10:59:47,5.22,0.01,513,267786,买盘
1487,10:59:43,5.21,--,244,127139,卖盘
1488,10:59:38,5.21,--,200,104200,卖盘
1489,10:59:32,5.21,-0.01,4,2323,卖盘
1490,10:59:28,5.22,0.01,64,33637,买盘
1491,10:59:23,5.21,--,34,17943,卖盘
1492,10:59:17,5.21,--,40,20897,卖盘
1493,10:59:12,5.21,-0.01,4,2255,卖盘
1494,10:59:08,5.22,0.01,732,382224,买盘
1495,10:59:02,5.21,-0.01,151,78671,卖盘
1496,10:58:57,5.22,0.01,615,321186,买盘
1497,10:58:53,5.21,--,639,333304,卖盘
1498,10:58:47,5.21,--,9,4876,卖盘
1499,10:58:42,5.21,--,247,129020,卖盘
1500,10:58:37,5.21,--,365,190524,卖盘
1501,10:58:32,5.21,--,503,262063,卖盘
1502,10:58:27,5.21,--,145,75951,卖盘
1503,10:58:22,5.21,--,108,56669,卖盘
1504,10:58:17,5.21,--,44,23163,卖盘
1505,10:58:12,5.21,--,49,25904,卖盘
1506,10:58:06,5.21,--,559,291322,卖盘
1507,10:58:02,5.21,--,1,635,卖盘
1508,10:57:57,5.21,--,33,17193,卖盘
1509,10:57:52,5.21,-0.01,185,96385,卖盘
1510,10:57:47,5.22,0.01,453,236466,买盘
1511,10:57:42,5.21,--,30,16093,卖盘
1512,10:57:37,5.21,-0.01,659,343453,卖盘
1513,10:57:27,5.22,0.01,601,313722,买盘
1514,10:57:17,5.21,--,15,8164,卖盘
1515,10:57:12,5.21,--,219,114567,卖盘
1516,10:57:06,5.21,--,281,146687,卖盘
1517,10:57:02,5.21,--,66,34500,卖盘
1518,10:56:57,5.21,--,77,40486,卖盘
1519,10:56:51,5.21,--,483,251710,卖盘
1520,10:56:42,5.21,--,938,488989,卖盘
1521,10:56:37,5.21,--,166,86538,卖盘
1522,10:56:32,5.21,--,16,8513,卖盘
1523,10:56:27,5.21,--,604,314918,卖盘
1524,10:56:21,5.21,--,350,182350,卖盘
1525,10:56:17,5.21,--,7,3761,卖盘
1526,10:56:12,5.21,--,169,88502,卖盘
1527,10:56:07,5.21,--,1367,712248,卖盘
1528,10:56:01,5.21,--,3,1635,卖盘
1529,10:55:57,5.21,--,1376,717297,卖盘
1530,10:55:51,5.21,--,302,157821,卖盘
1531,10:55:47,5.21,--,1630,849334,卖盘
1532,10:55:42,5.21,--,530,276244,卖盘
1533,10:55:36,5.21,--,61,31838,卖盘
1534,10:55:32,5.21,--,109,57242,卖盘
1535,10:55:27,5.21,--,826,430346,卖盘
1536,10:55:21,5.21,-0.01,212,110452,卖盘
1537,10:55:17,5.22,0.01,100,52200,买盘
1538,10:55:12,5.21,--,1430,745384,卖盘
1539,10:55:06,5.21,--,1284,669318,卖盘
1540,10:55:02,5.21,--,195,101595,卖盘
1541,10:54:57,5.21,--,106,55226,卖盘
1542,10:54:51,5.21,--,180,93920,卖盘
1543,10:54:47,5.21,-0.01,253,132016,卖盘
1544,10:54:41,5.22,0.01,35,18270,买盘
1545,10:54:36,5.21,-0.01,159,82839,卖盘
1546,10:54:32,5.22,--,18,9396,买盘
1547,10:54:21,5.22,0.01,1,522,买盘
1548,10:54:17,5.21,--,16,8336,卖盘
1549,10:54:11,5.21,--,29,15109,卖盘
1550,10:54:02,5.21,-0.01,14,7294,卖盘
1551,10:53:56,5.22,0.01,1,522,买盘
1552,10:53:51,5.21,-0.01,75,39241,卖盘
1553,10:53:36,5.22,0.01,172,89904,买盘
1554,10:53:31,5.21,--,70,36647,卖盘
1555,10:53:21,5.21,-0.01,164,85699,卖盘
1556,10:53:17,5.22,0.01,156,81432,买盘
1557,10:53:06,5.21,--,65,33865,卖盘
1558,10:53:01,5.21,--,10,5210,卖盘
1559,10:52:56,5.21,--,21,10941,卖盘
1560,10:52:51,5.21,--,116,60436,卖盘
1561,10:52:46,5.21,-0.01,227,118610,卖盘
1562,10:52:41,5.22,--,100,52200,买盘
1563,10:52:36,5.22,0.01,47,24534,买盘
1564,10:52:26,5.21,-0.01,13,6773,卖盘
1565,10:52:21,5.22,0.01,17,8874,买盘
1566,10:52:15,5.21,--,2,1042,卖盘
1567,10:52:06,5.21,--,158,82318,卖盘
1568,10:52:00,5.21,--,158,82318,卖盘
1569,10:51:51,5.21,-0.01,121,63041,卖盘
1570,10:51:45,5.22,0.01,118,61596,买盘
1571,10:51:41,5.21,--,183,95343,卖盘
1572,10:51:36,5.21,--,238,123998,卖盘
1573,10:51:30,5.21,--,1261,656981,卖盘
1574,10:51:21,5.21,--,3,1563,卖盘
1575,10:51:11,5.21,--,38,19798,卖盘
1576,10:51:00,5.21,--,12,6252,卖盘
1577,10:50:51,5.21,--,96,50016,卖盘
1578,10:50:45,5.21,-0.01,260,135803,卖盘
1579,10:50:36,5.22,--,20,10440,买盘
1580,10:50:30,5.22,--,10,5220,买盘
1581,10:50:26,5.22,--,20,10440,买盘
1582,10:50:21,5.22,--,42,21924,买盘
1583,10:50:11,5.22,0.01,20,10440,买盘
1584,10:50:06,5.21,--,2611,1360331,卖盘
1585,10:50:00,5.21,-0.01,10,5210,卖盘
1586,10:49:56,5.22,--,30,15660,买盘
1587,10:49:45,5.22,--,612,319464,买盘
1588,10:49:41,5.22,--,103,53766,买盘
1589,10:49:36,5.22,0.01,133,69885,买盘
1590,10:49:30,5.21,-0.01,337,175821,卖盘
1591,10:49:21,5.22,-0.01,65,33930,卖盘
1592,10:49:15,5.23,0.01,878,459194,买盘
1593,10:49:11,5.22,--,39,20358,卖盘
1594,10:49:06,5.22,--,10,5220,卖盘
1595,10:49:00,5.22,--,364,190008,卖盘
1596,10:48:51,5.22,0.01,505,263610,买盘
1597,10:48:45,5.21,-0.01,1053,548790,卖盘
1598,10:48:41,5.22,-0.01,9,4698,卖盘
1599,10:48:36,5.23,0.01,3608,1887496,买盘
1600,10:48:30,5.22,--,115,60531,卖盘
1601,10:48:25,5.22,--,20,10440,卖盘
1602,10:48:15,5.22,--,130,67860,卖盘
1603,10:48:06,5.22,--,16,8696,卖盘
1604,10:48:00,5.22,--,25,13112,卖盘
1605,10:47:56,5.22,--,146,76212,卖盘
1606,10:47:51,5.22,--,28,15080,卖盘
1607,10:47:45,5.22,--,100,52200,卖盘
1608,10:47:30,5.22,--,20,10826,卖盘
1609,10:47:25,5.22,-0.01,78,40768,卖盘
1610,10:47:21,5.23,0.01,1386,725249,买盘
1611,10:47:06,5.22,--,447,233568,卖盘
1612,10:47:00,5.22,--,40,21396,卖盘
1613,10:46:55,5.22,--,26,13864,卖盘
1614,10:46:50,5.22,--,5,2610,卖盘
1615,10:46:45,5.22,--,194,101351,卖盘
1616,10:46:40,5.22,--,153,79912,卖盘
1617,10:46:35,5.22,--,18,9396,卖盘
1618,10:46:30,5.22,--,73,38570,卖盘
1619,10:46:25,5.22,--,15,7830,卖盘
1620,10:46:15,5.22,--,139,72615,卖盘
1621,10:46:10,5.22,--,13,6843,卖盘
1622,10:46:00,5.22,--,10,5220,卖盘
1623,10:45:55,5.22,--,144,75402,卖盘
1624,10:45:50,5.22,--,0,20,卖盘
1625,10:45:45,5.22,--,8,4609,卖盘
1626,10:45:40,5.22,--,20,10575,卖盘
1627,10:45:35,5.22,--,0,31,卖盘
1628,10:45:30,5.22,--,49,25745,卖盘
1629,10:45:25,5.22,--,132,69211,卖盘
1630,10:45:20,5.22,--,126,66121,卖盘
1631,10:45:10,5.22,--,22,11640,卖盘
1632,10:45:05,5.22,--,22,11912,卖盘
1633,10:45:00,5.22,--,48,25170,卖盘
1634,10:44:45,5.22,--,102,53739,卖盘
1635,10:44:39,5.22,--,220,115304,卖盘
1636,10:44:35,5.22,--,58,30276,卖盘
1637,10:44:24,5.22,--,1,579,卖盘
1638,10:44:15,5.22,--,1,584,卖盘
1639,10:44:09,5.22,--,8,4348,卖盘
1640,10:44:05,5.22,--,76,39729,卖盘
1641,10:44:00,5.22,--,10,5220,卖盘
1642,10:43:54,5.22,--,32,16818,卖盘
1643,10:43:45,5.22,--,1,579,卖盘
1644,10:43:39,5.22,--,132,69018,卖盘
1645,10:43:35,5.22,--,100,52205,卖盘
1646,10:43:30,5.22,--,8,4577,卖盘
1647,10:43:24,5.22,--,39,20358,卖盘
1648,10:43:20,5.22,--,1,579,卖盘
1649,10:43:15,5.22,--,21,11019,卖盘
1650,10:43:09,5.22,--,36,19026,卖盘
1651,10:43:05,5.22,--,268,139896,卖盘
1652,10:43:00,5.22,--,54,28647,卖盘
1653,10:42:54,5.22,--,161,84104,卖盘
1654,10:42:50,5.22,--,177,92592,卖盘
1655,10:42:45,5.22,--,64,33799,卖盘
1656,10:42:39,5.22,--,379,197978,卖盘
1657,10:42:35,5.22,--,22,11598,卖盘
1658,10:42:30,5.22,--,172,89898,卖盘
1659,10:42:24,5.22,--,11,5799,卖盘
1660,10:42:20,5.22,--,0,5,卖盘
1661,10:42:15,5.22,--,333,173998,卖盘
1662,10:42:09,5.22,--,44,23197,卖盘
1663,10:42:00,5.22,--,72,37698,卖盘
1664,10:41:39,5.22,--,57,30161,卖盘
1665,10:41:30,5.22,--,65,34222,卖盘
1666,10:41:24,5.22,--,222,116004,卖盘
1667,10:41:20,5.22,--,1,631,卖盘
1668,10:41:15,5.22,--,1,522,卖盘
1669,10:41:05,5.22,--,1,579,卖盘
1670,10:41:00,5.22,--,10,5261,卖盘
1671,10:40:54,5.22,--,174,91021,卖盘
1672,10:40:45,5.22,--,82,42804,卖盘
1673,10:40:39,5.22,--,303,158259,卖盘
1674,10:40:24,5.22,--,31,16338,卖盘
1675,10:40:19,5.22,--,417,218096,卖盘
1676,10:40:15,5.22,--,2,1273,卖盘
1677,10:40:09,5.22,--,4,2088,卖盘
1678,10:40:00,5.22,--,11,5799,卖盘
1679,10:39:54,5.22,--,37,19721,卖盘
1680,10:39:45,5.22,--,10,5220,卖盘
1681,10:39:39,5.22,--,101,52774,卖盘
1682,10:39:30,5.22,--,45,23782,卖盘
1683,10:39:24,5.22,--,11,5956,卖盘
1684,10:39:19,5.22,--,0,250,卖盘
1685,10:39:14,5.22,--,27,14094,卖盘
1686,10:39:09,5.22,--,44,23202,卖盘
1687,10:39:04,5.22,--,46,24121,卖盘
1688,10:38:59,5.22,--,417,217736,卖盘
1689,10:38:54,5.22,--,120,62640,卖盘
1690,10:38:44,5.22,--,2,1158,卖盘
1691,10:38:39,5.22,--,91,47548,卖盘
1692,10:38:34,5.22,--,167,87398,卖盘
1693,10:38:29,5.22,--,30,15660,卖盘
1694,10:38:24,5.22,--,2,1158,卖盘
1695,10:38:14,5.22,-0.01,2,1158,卖盘
1696,10:38:09,5.23,0.01,20,10460,买盘
1697,10:38:03,5.22,--,2,1044,卖盘
1698,10:37:59,5.22,--,18,9396,卖盘
1699,10:37:48,5.22,--,323,169007,卖盘
1700,10:37:44,5.22,--,364,190008,卖盘
1701,10:37:39,5.22,--,10,5220,卖盘
1702,10:36:59,5.22,--,10,5220,卖盘
1703,10:36:54,5.22,--,99,51678,卖盘
1704,10:36:48,5.22,-0.01,200,104400,卖盘
1705,10:36:39,5.23,0.01,86,45338,买盘
1706,10:36:33,5.22,--,141,74108,卖盘
1707,10:36:29,5.22,--,27,14094,卖盘
1708,10:36:18,5.22,-0.01,1302,679644,卖盘
1709,10:36:03,5.23,0.01,1954,1022297,买盘
1710,10:35:59,5.22,--,11,5742,卖盘
1711,10:35:54,5.22,--,20,10440,卖盘
1712,10:35:48,5.22,--,195,101790,卖盘
1713,10:35:23,5.22,--,600,313200,卖盘
1714,10:35:18,5.22,--,353,184266,卖盘
1715,10:35:03,5.22,-0.01,10,5220,卖盘
1716,10:34:59,5.23,0.01,100,52300,买盘
1717,10:34:54,5.22,--,15,7830,卖盘
1718,10:34:44,5.22,--,195,101790,卖盘
1719,10:34:33,5.22,--,227,118838,卖盘
1720,10:34:29,5.22,-0.01,27,14094,卖盘
1721,10:34:23,5.23,--,75,39225,买盘
1722,10:34:09,5.23,0.01,5,2615,买盘
1723,10:34:03,5.22,--,184,96048,卖盘
1724,10:33:53,5.22,--,91,47543,卖盘
1725,10:33:44,5.22,-0.01,20,10440,卖盘
1726,10:33:33,5.23,0.01,1,523,买盘
1727,10:33:13,5.22,--,68,35496,卖盘
1728,10:33:03,5.22,--,10,5220,卖盘
1729,10:32:53,5.22,-0.01,8,4176,卖盘
1730,10:32:48,5.23,--,1,523,买盘
1731,10:32:43,5.23,0.01,15,7845,买盘
1732,10:32:33,5.22,--,173,90660,卖盘
1733,10:32:28,5.22,-0.01,152,79855,卖盘
1734,10:32:08,5.23,--,106,55438,买盘
1735,10:32:03,5.23,--,627,327921,买盘
1736,10:31:58,5.23,--,216,112968,买盘
1737,10:31:53,5.23,0.01,16,8368,买盘
1738,10:31:48,5.22,-0.01,99,51678,卖盘
1739,10:31:38,5.23,0.01,80,41840,买盘
1740,10:31:33,5.22,-0.01,29,15138,卖盘
1741,10:31:28,5.23,0.01,230,120290,买盘
1742,10:31:23,5.22,--,52,27144,卖盘
1743,10:31:18,5.22,--,389,203058,卖盘
1744,10:31:13,5.22,--,10,5220,卖盘
1745,10:31:08,5.22,-0.01,10,5220,卖盘
1746,10:31:03,5.23,0.01,152,79496,买盘
1747,10:30:58,5.22,--,298,155556,卖盘
1748,10:30:53,5.22,--,76,39672,卖盘
1749,10:30:48,5.22,--,13,6786,卖盘
1750,10:30:42,5.22,-0.01,98,51156,卖盘
1751,10:30:38,5.23,0.01,62,32426,买盘
1752,10:30:33,5.22,--,180,94210,卖盘
1753,10:30:27,5.22,--,365,190623,卖盘
1754,10:30:12,5.22,--,303,158166,卖盘
1755,10:30:08,5.22,-0.01,179,93438,卖盘
1756,10:30:03,5.23,0.01,168,87864,买盘
1757,10:29:57,5.22,-0.01,219,114318,卖盘
1758,10:29:48,5.23,0.01,644,336812,买盘
1759,10:29:32,5.22,-0.01,45,23490,卖盘
1760,10:29:27,5.23,0.01,100,52300,买盘
1761,10:29:17,5.22,-0.01,781,408198,卖盘
1762,10:29:12,5.23,0.01,471,246699,买盘
1763,10:29:08,5.22,-0.01,1574,821795,卖盘
1764,10:29:02,5.23,--,111,58053,卖盘
1765,10:28:57,5.23,--,542,283466,卖盘
1766,10:28:53,5.23,--,107,55961,卖盘
1767,10:28:47,5.23,--,194,101462,卖盘
1768,10:28:42,5.23,--,598,312754,卖盘
1769,10:28:38,5.23,--,42,21966,卖盘
1770,10:28:32,5.23,--,721,377150,卖盘
1771,10:28:27,5.23,--,252,132073,卖盘
1772,10:28:23,5.23,--,70,36610,卖盘
1773,10:28:17,5.23,--,297,155331,卖盘
1774,10:28:08,5.23,--,232,121336,卖盘
1775,10:28:02,5.23,-0.01,30,15690,卖盘
1776,10:27:57,5.24,0.01,44,23056,买盘
1777,10:27:47,5.23,--,167,87341,卖盘
1778,10:27:42,5.23,--,44,23012,卖盘
1779,10:27:38,5.23,--,43,22489,卖盘
1780,10:27:32,5.23,--,26,13598,卖盘
1781,10:27:27,5.23,--,154,80542,卖盘
1782,10:27:23,5.23,--,145,75835,卖盘
1783,10:27:17,5.23,--,38,19874,卖盘
1784,10:27:12,5.23,-0.01,159,83157,卖盘
1785,10:27:08,5.24,0.01,130,68120,买盘
1786,10:27:02,5.23,--,244,127612,卖盘
1787,10:26:57,5.23,--,130,67990,卖盘
1788,10:26:47,5.23,0.01,379,198546,买盘
1789,10:26:42,5.22,-0.01,1001,523007,卖盘
1790,10:26:38,5.23,--,6,3138,卖盘
1791,10:26:32,5.23,--,28,14743,卖盘
1792,10:26:27,5.23,--,1548,809656,卖盘
1793,10:26:17,5.23,--,511,267310,卖盘
1794,10:26:12,5.23,--,6,3310,卖盘
1795,10:26:02,5.23,--,223,116984,卖盘
1796,10:25:57,5.23,--,198,103784,卖盘
1797,10:25:52,5.23,--,362,189733,卖盘
1798,10:25:47,5.23,--,3117,1630191,卖盘
1799,10:25:42,5.23,--,6,3138,卖盘
1800,10:25:37,5.23,--,119,62237,卖盘
1801,10:25:32,5.23,--,6,3138,卖盘
1802,10:25:27,5.23,--,100,52300,卖盘
1803,10:25:22,5.23,--,71,37133,卖盘
1804,10:25:17,5.23,--,15,7845,卖盘
1805,10:25:12,5.23,--,6,3138,卖盘
1806,10:25:02,5.23,--,150,78450,卖盘
1807,10:24:57,5.23,--,205,107696,卖盘
1808,10:24:47,5.23,--,6,3138,卖盘
1809,10:24:42,5.23,--,76,39753,卖盘
1810,10:24:36,5.23,--,65,33995,卖盘
1811,10:24:27,5.23,-0.01,227,119066,卖盘
1812,10:24:21,5.24,0.01,747,391428,买盘
1813,10:24:17,5.23,-0.01,1,523,卖盘
1814,10:24:02,5.24,0.01,681,356844,买盘
1815,10:23:57,5.23,--,594,310662,卖盘
1816,10:23:51,5.23,-0.01,1125,588375,卖盘
1817,10:23:42,5.24,0.01,350,183400,买盘
1818,10:23:36,5.23,-0.01,156,81588,卖盘
1819,10:23:26,5.24,0.01,3,1572,买盘
1820,10:23:21,5.23,--,1,523,卖盘
1821,10:23:17,5.23,--,218,114014,卖盘
1822,10:23:11,5.23,-0.01,151,78973,卖盘
1823,10:23:06,5.24,0.01,4,2096,买盘
1824,10:23:02,5.23,--,11,5753,卖盘
1825,10:22:51,5.23,--,188,98324,卖盘
1826,10:22:47,5.23,-0.01,10,5230,卖盘
1827,10:22:41,5.24,0.01,671,351604,买盘
1828,10:22:36,5.23,--,78,40794,卖盘
1829,10:22:32,5.23,-0.01,82,42995,卖盘
1830,10:22:26,5.24,0.01,416,218219,买盘
1831,10:22:21,5.23,--,141,73743,卖盘
1832,10:22:17,5.23,--,39,20397,卖盘
1833,10:22:11,5.23,-0.01,78,40794,卖盘
1834,10:22:02,5.24,0.01,16,8384,买盘
1835,10:21:56,5.23,--,78,40794,卖盘
1836,10:21:36,5.23,--,88,46024,卖盘
1837,10:21:32,5.23,-0.01,10,5230,卖盘
1838,10:21:21,5.24,--,103,53972,买盘
1839,10:21:11,5.24,0.01,12,6288,买盘
1840,10:21:02,5.23,-0.01,11,5753,卖盘
1841,10:20:56,5.24,0.01,10,5240,买盘
1842,10:20:32,5.23,--,6,3148,卖盘
1843,10:20:26,5.23,--,133,69710,卖盘
1844,10:20:21,5.23,-0.01,200,104793,卖盘
1845,10:20:17,5.24,--,61,31964,买盘
1846,10:20:11,5.24,0.01,155,81220,买盘
1847,10:20:02,5.23,--,11,5753,卖盘
1848,10:19:56,5.23,--,29,15167,卖盘
1849,10:19:51,5.23,--,215,112445,卖盘
1850,10:19:47,5.23,--,231,120813,卖盘
1851,10:19:41,5.23,--,581,303863,卖盘
1852,10:19:36,5.23,--,819,428337,卖盘
1853,10:19:32,5.23,--,45,23535,卖盘
1854,10:19:26,5.23,-0.01,1129,590467,卖盘
1855,10:19:21,5.24,0.01,282,147768,买盘
1856,10:19:11,5.23,-0.01,39,20397,卖盘
1857,10:19:06,5.24,0.01,16,8384,买盘
1858,10:19:01,5.23,-0.01,10,5230,卖盘
1859,10:18:56,5.24,--,118,61832,买盘
1860,10:18:51,5.24,0.01,91,47684,买盘
1861,10:18:46,5.23,-0.01,65,33995,卖盘
1862,10:18:41,5.24,0.01,9,4716,买盘
1863,10:18:36,5.23,--,39,20397,卖盘
1864,10:18:26,5.23,--,86,45155,卖盘
1865,10:18:21,5.23,--,144,75479,卖盘
1866,10:18:16,5.23,-0.01,199,104077,卖盘
1867,10:18:11,5.24,0.01,44,23056,买盘
1868,10:18:06,5.23,--,25,13075,卖盘
1869,10:18:01,5.23,--,61,31903,卖盘
1870,10:17:56,5.23,-0.01,50,26150,卖盘
1871,10:17:51,5.24,0.01,16,8384,买盘
1872,10:17:45,5.23,--,39,20397,卖盘
1873,10:17:36,5.23,--,5,2615,卖盘
1874,10:17:26,5.23,-0.01,68,35564,卖盘
1875,10:17:21,5.24,0.01,6,3144,买盘
1876,10:17:11,5.23,--,57,30020,卖盘
1877,10:17:06,5.23,-0.01,21,10983,卖盘
1878,10:17:00,5.24,0.01,31,16244,买盘
1879,10:16:56,5.23,--,65,33995,卖盘
1880,10:16:51,5.23,--,10,5230,卖盘
1881,10:16:41,5.23,--,111,58053,卖盘
1882,10:16:36,5.23,--,65,33995,卖盘
1883,10:16:30,5.23,--,60,31380,卖盘
1884,10:16:26,5.23,0.01,458,239534,买盘
1885,10:16:21,5.22,-0.01,227,118838,卖盘
1886,10:16:11,5.23,--,23,12238,卖盘
1887,10:16:06,5.23,-0.01,79,41317,卖盘
1888,10:16:00,5.24,0.01,730,382520,买盘
1889,10:15:50,5.23,-0.01,10,5230,卖盘
1890,10:15:45,5.24,0.01,35,18340,买盘
1891,10:15:41,5.23,--,561,293403,买盘
1892,10:15:35,5.23,0.01,76,39748,买盘
1893,10:15:30,5.22,-0.01,89,46458,卖盘
1894,10:15:20,5.23,0.01,455,237965,买盘
1895,10:15:15,5.22,--,19,9918,卖盘
1896,10:15:10,5.22,--,379,198245,卖盘
1897,10:15:05,5.22,--,19,10241,卖盘
1898,10:15:00,5.22,-0.01,10,5220,卖盘
1899,10:14:50,5.23,--,578,302294,买盘
1900,10:14:45,5.23,0.01,145,75835,买盘
1901,10:14:35,5.22,-0.01,40,20880,卖盘
1902,10:14:30,5.23,--,21,10983,买盘
1903,10:14:20,5.23,0.01,217,113491,买盘
1904,10:14:05,5.22,--,34,17956,卖盘
1905,10:14:00,5.22,-0.01,15,7830,卖盘
1906,10:13:50,5.23,--,15,7845,买盘
1907,10:13:41,5.23,--,20,10460,买盘
1908,10:13:35,5.23,--,380,198740,买盘
1909,10:13:30,5.23,0.01,52,27196,买盘
1910,10:13:25,5.22,-0.02,14,7308,卖盘
1911,10:13:20,5.24,0.02,290,151960,买盘
1912,10:13:15,5.22,-0.01,290,151380,卖盘
1913,10:13:10,5.23,0.01,5,2615,买盘
1914,10:13:05,5.22,--,276,144280,卖盘
1915,10:13:00,5.22,--,150,78300,卖盘
1916,10:12:55,5.22,-0.01,27,14094,卖盘
1917,10:12:50,5.23,--,483,252609,买盘
1918,10:12:45,5.23,0.01,56,29288,买盘
1919,10:12:35,5.22,--,75,39150,卖盘
1920,10:12:30,5.22,--,0,0,卖盘
1921,10:12:20,5.22,-0.01,664,346608,卖盘
1922,10:12:15,5.23,--,180,94140,卖盘
1923,10:12:05,5.23,--,65,34204,卖盘
1924,10:12:00,5.23,--,22,11506,买盘
1925,10:11:55,5.23,--,28,14644,买盘
1926,10:11:50,5.23,0.01,56,29288,买盘
1927,10:11:45,5.22,-0.01,65,33930,卖盘
1928,10:11:35,5.23,--,50,26150,买盘
1929,10:11:25,5.23,-0.01,88,46024,中性盘
1930,10:11:20,5.24,0.01,46,24104,买盘
1931,10:11:15,5.23,0.01,84,43932,买盘
1932,10:11:10,5.22,--,78,40716,卖盘
1933,10:11:05,5.22,-0.01,101,52930,卖盘
1934,10:11:00,5.23,--,69,36087,买盘
1935,10:10:54,5.23,--,0,0,中性盘
1936,10:10:50,5.23,0.01,356,186188,买盘
1937,10:10:45,5.22,-0.01,10,5220,卖盘
1938,10:10:35,5.23,--,0,0,中性盘
1939,10:10:30,5.23,--,102,53346,中性盘
1940,10:10:24,5.23,--,41,21443,卖盘
1941,10:10:20,5.23,0.01,89,46547,买盘
1942,10:10:09,5.22,-0.01,40,20880,卖盘
1943,10:10:05,5.23,0.01,39,20606,买盘
1944,10:10:00,5.22,-0.01,11,5742,卖盘
1945,10:09:50,5.23,0.01,133,69559,买盘
1946,10:09:45,5.22,-0.01,30,15660,卖盘
1947,10:09:35,5.23,0.01,154,80542,买盘
1948,10:09:20,5.22,-0.02,100,52200,卖盘
1949,10:09:14,5.24,0.01,80,41920,买盘
1950,10:09:05,5.23,0.01,19,10355,买盘
1951,10:08:59,5.22,-0.01,23,12319,卖盘
1952,10:08:54,5.23,--,0,0,中性盘
1953,10:08:50,5.23,--,430,224890,买盘
1954,10:08:44,5.23,--,10,5230,买盘
1955,10:08:34,5.23,-0.01,1,523,卖盘
1956,10:08:29,5.24,--,0,0,买盘
1957,10:08:24,5.24,--,74,38776,买盘
1958,10:08:19,5.24,0.01,82,42968,买盘
1959,10:08:14,5.23,--,119,62237,买盘
1960,10:08:09,5.23,0.01,20,10460,买盘
1961,10:07:59,5.22,-0.01,133,69634,卖盘
1962,10:07:54,5.23,0.01,448,234304,买盘
1963,10:07:49,5.22,-0.01,100,52200,卖盘
1964,10:07:44,5.23,--,76,39748,买盘
1965,10:07:29,5.23,--,0,0,中性盘
1966,10:07:24,5.23,--,563,294449,买盘
1967,10:07:14,5.23,0.01,287,150101,买盘
1968,10:06:59,5.22,-0.01,334,174556,卖盘
1969,10:06:54,5.23,--,161,84203,买盘
1970,10:06:44,5.23,--,1,523,买盘
1971,10:06:24,5.23,0.01,500,261500,买盘
1972,10:05:59,5.22,-0.01,116,60760,卖盘
1973,10:05:54,5.23,--,497,259931,买盘
1974,10:05:39,5.23,--,204,106692,买盘
1975,10:05:34,5.23,--,1,523,买盘
1976,10:05:24,5.23,--,500,261500,买盘
1977,10:05:14,5.23,0.01,60,31380,买盘
1978,10:05:09,5.22,--,30,15660,卖盘
1979,10:04:59,5.22,--,19,10366,卖盘
1980,10:04:54,5.22,--,563,294167,卖盘
1981,10:04:39,5.22,--,23,12006,卖盘
1982,10:04:29,5.22,--,18,9396,卖盘
1983,10:04:24,5.22,--,142,74124,卖盘
1984,10:03:59,5.22,--,20,10440,卖盘
1985,10:03:54,5.22,-0.01,285,148978,卖盘
1986,10:03:44,5.23,0.01,4,2092,买盘
1987,10:03:34,5.22,-0.02,124,64728,卖盘
1988,10:03:29,5.24,--,0,0,买盘
1989,10:03:24,5.24,0.01,500,262000,买盘
1990,10:03:14,5.23,--,747,390681,买盘
1991,10:03:09,5.23,0.01,41,21443,买盘
1992,10:02:59,5.22,--,46,24012,卖盘
1993,10:02:53,5.22,--,110,57628,卖盘
1994,10:02:48,5.22,--,39,20358,卖盘
1995,10:02:44,5.22,--,70,36540,卖盘
1996,10:02:38,5.22,-0.01,156,81432,卖盘
1997,10:02:33,5.23,0.01,49,25627,买盘
1998,10:02:23,5.22,-0.01,174,90828,卖盘
1999,10:02:14,5.23,0.01,100,52300,买盘
2000,10:02:08,5.22,--,20,10440,卖盘
2001,10:01:59,5.22,--,292,152424,卖盘
2002,10:01:53,5.22,--,102,53452,卖盘
2003,10:01:48,5.22,--,62,32364,卖盘
2004,10:01:44,5.22,--,489,255258,卖盘
2005,10:01:38,5.22,--,610,318420,卖盘
2006,10:01:29,5.22,-0.01,85,44370,卖盘
2007,10:01:23,5.23,--,30,15690,买盘
2008,10:01:13,5.23,--,20,10460,买盘
2009,10:01:08,5.23,--,58,30647,卖盘
2010,10:01:03,5.23,--,11,5753,卖盘
2011,10:00:53,5.23,--,117,61400,卖盘
2012,10:00:48,5.23,--,85,44455,买盘
2013,10:00:33,5.23,--,3,1569,买盘
2014,10:00:28,5.23,0.01,21,10983,买盘
2015,10:00:23,5.22,-0.01,155,80910,卖盘
2016,10:00:18,5.23,0.01,20,10460,买盘
2017,10:00:13,5.22,-0.01,12,6264,卖盘
2018,10:00:08,5.23,0.01,139,72697,买盘
2019,10:00:03,5.22,-0.01,10,5220,卖盘
2020,09:59:53,5.23,0.01,506,264638,买盘
2021,09:59:48,5.22,-0.01,33,17434,卖盘
2022,09:59:43,5.23,--,28,14644,买盘
2023,09:59:33,5.23,-0.01,20,10460,买盘
2024,09:59:23,5.24,0.01,518,271432,买盘
2025,09:59:18,5.23,--,58,30517,卖盘
2026,09:59:08,5.23,0.01,13,7138,买盘
2027,09:59:03,5.22,-0.01,10,5220,卖盘
2028,09:58:58,5.23,0.01,12,6276,买盘
2029,09:58:53,5.22,--,110,57420,卖盘
2030,09:58:48,5.22,-0.01,27,14302,卖盘
2031,09:58:38,5.23,--,10,5230,买盘
2032,09:58:33,5.23,0.01,27,14121,买盘
2033,09:58:23,5.22,--,500,261015,卖盘
2034,09:58:08,5.22,--,5,2610,卖盘
2035,09:58:03,5.22,-0.01,11,5742,卖盘
2036,09:57:58,5.23,--,2,1046,买盘
2037,09:57:53,5.23,--,550,287650,买盘
2038,09:57:48,5.23,--,54,28634,卖盘
2039,09:57:43,5.23,--,30,15690,卖盘
2040,09:57:38,5.23,--,6,3138,卖盘
2041,09:57:33,5.23,--,105,54915,卖盘
2042,09:57:28,5.23,-0.01,45,23535,卖盘
2043,09:57:23,5.24,0.01,186,97464,买盘
2044,09:57:03,5.23,--,127,66421,买盘
2045,09:56:58,5.23,--,40,20920,买盘
2046,09:56:53,5.23,--,136,71128,买盘
2047,09:56:48,5.23,--,16,8368,买盘
2048,09:56:38,5.23,--,116,60668,卖盘
2049,09:56:23,5.23,--,60,31380,买盘
2050,09:56:18,5.23,--,8,4184,买盘
2051,09:56:08,5.23,--,2,1046,买盘
2052,09:56:03,5.23,--,21,10983,买盘
2053,09:55:53,5.23,--,409,213907,买盘
2054,09:55:42,5.23,--,1,523,买盘
2055,09:55:38,5.23,--,30,15690,买盘
2056,09:55:32,5.23,--,58,30334,买盘
2057,09:55:27,5.23,--,23,12510,买盘
2058,09:55:23,5.23,--,501,262530,买盘
2059,09:55:17,5.23,--,40,21317,买盘
2060,09:55:12,5.23,0.01,5,2735,买盘
2061,09:55:08,5.22,--,22,11489,卖盘
2062,09:55:02,5.22,-0.01,11,5742,卖盘
2063,09:54:57,5.23,0.01,57,30145,买盘
2064,09:54:53,5.22,-0.01,564,294413,卖盘
2065,09:54:47,5.23,0.01,96,50615,买盘
2066,09:54:42,5.22,-0.01,16,8409,卖盘
2067,09:54:38,5.23,--,455,237975,买盘
2068,09:54:32,5.23,-0.01,4006,2095138,卖盘
2069,09:54:23,5.24,0.01,500,262000,买盘
2070,09:54:17,5.23,-0.01,20,10460,卖盘
2071,09:54:08,5.24,0.01,538,281912,买盘
2072,09:54:02,5.23,--,108,56484,买盘
2073,09:53:57,5.23,--,174,91002,买盘
2074,09:53:53,5.23,--,537,280851,买盘
2075,09:53:47,5.23,--,24,12552,买盘
2076,09:53:42,5.23,--,10,5230,买盘
2077,09:53:37,5.23,--,105,54915,买盘
2078,09:53:32,5.23,--,5,2615,买盘
2079,09:53:27,5.23,--,1,523,买盘
2080,09:53:23,5.23,--,733,383359,买盘
2081,09:53:17,5.23,--,101,52823,买盘
2082,09:53:12,5.23,0.01,100,52300,买盘
2083,09:53:07,5.22,--,472,246384,卖盘
2084,09:53:02,5.22,-0.01,10,5220,卖盘
2085,09:52:57,5.23,--,12,6276,买盘
2086,09:52:52,5.23,--,435,227505,买盘
2087,09:52:47,5.23,0.01,60,31380,买盘
2088,09:52:42,5.22,--,7,3654,卖盘
2089,09:52:37,5.22,--,30,15660,卖盘
2090,09:52:32,5.22,--,210,110016,买盘
2091,09:52:27,5.22,-0.01,812,424213,卖盘
2092,09:52:22,5.23,0.01,5556,2906080,买盘
2093,09:52:17,5.22,-0.01,7776,4059113,卖盘
2094,09:52:12,5.23,0.01,42,22394,买盘
2095,09:52:07,5.22,--,330,172604,卖盘
2096,09:52:02,5.22,-0.01,2740,1430488,卖盘
2097,09:51:57,5.23,--,10235,5353040,买盘
2098,09:51:52,5.23,0.01,668,349782,买盘
2099,09:51:47,5.22,-0.01,132,69008,卖盘
2100,09:51:42,5.23,--,367,192348,买盘
2101,09:51:37,5.23,--,24,12552,买盘
2102,09:51:32,5.23,--,58,30334,买盘
2103,09:51:27,5.23,--,235,122905,买盘
2104,09:51:22,5.23,--,1378,720694,买盘
2105,09:51:17,5.23,-0.01,3441,1799643,卖盘
2106,09:51:12,5.24,--,137,71788,买盘
2107,09:51:07,5.24,--,126,66024,买盘
2108,09:51:02,5.24,0.01,33,17292,买盘
2109,09:50:57,5.23,-0.01,226,118198,卖盘
2110,09:50:52,5.24,--,500,262000,买盘
2111,09:50:37,5.24,--,13,6812,买盘
2112,09:50:32,5.24,--,2,1048,买盘
2113,09:50:27,5.24,--,206,107944,买盘
2114,09:50:22,5.24,--,500,262000,买盘
2115,09:50:17,5.24,0.01,45,23580,买盘
2116,09:50:12,5.23,--,20,10460,卖盘
2117,09:50:07,5.23,--,254,132842,卖盘
2118,09:50:02,5.23,-0.01,190,99370,卖盘
2119,09:49:52,5.24,0.01,501,262524,买盘
2120,09:49:47,5.23,--,6,3138,卖盘
2121,09:49:37,5.23,--,24,12552,卖盘
2122,09:49:32,5.23,-0.01,121,63690,卖盘
2123,09:49:27,5.24,0.01,319,167213,买盘
2124,09:49:22,5.23,--,2047,1070753,卖盘
2125,09:49:17,5.23,--,2017,1055074,卖盘
2126,09:49:12,5.23,-0.01,5,2615,卖盘
2127,09:49:02,5.24,0.01,70,36680,买盘
2128,09:48:56,5.23,-0.01,114,59622,卖盘
2129,09:48:52,5.24,--,500,262000,买盘
2130,09:48:47,5.24,--,108,56592,买盘
2131,09:48:36,5.24,0.01,83,43492,买盘
2132,09:48:32,5.23,--,39,20397,卖盘
2133,09:48:26,5.23,-0.01,1,523,卖盘
2134,09:48:21,5.24,0.01,500,262000,买盘
2135,09:48:11,5.23,--,100,52300,卖盘
2136,09:48:07,5.23,--,14,7489,卖盘
2137,09:48:02,5.23,--,268,140540,卖盘
2138,09:47:56,5.23,-0.01,2030,1062040,卖盘
2139,09:47:51,5.24,0.01,576,302059,买盘
2140,09:47:47,5.23,--,2152,1125830,卖盘
2141,09:47:32,5.23,--,195,101985,卖盘
2142,09:47:21,5.23,--,900,470700,卖盘
2143,09:47:11,5.23,--,1001,523523,卖盘
2144,09:47:02,5.23,--,53,27719,卖盘
2145,09:46:51,5.23,--,504,263592,卖盘
2146,09:46:32,5.23,-0.01,92,48116,卖盘
2147,09:46:21,5.24,0.01,500,262000,买盘
2148,09:46:16,5.23,--,76,39748,卖盘
2149,09:46:01,5.23,-0.01,142,74266,卖盘
2150,09:45:56,5.24,--,3,1572,买盘
2151,09:45:51,5.24,0.01,521,273276,买盘
2152,09:45:46,5.23,--,200,104657,卖盘
2153,09:45:41,5.23,-0.01,3,1684,卖盘
2154,09:45:36,5.24,0.01,98,51813,买盘
2155,09:45:26,5.23,-0.01,188,98324,卖盘
2156,09:45:21,5.24,0.01,500,262000,买盘
2157,09:45:11,5.23,--,15,7845,卖盘
2158,09:45:06,5.23,--,8,4644,卖盘
2159,09:45:01,5.23,--,14,7557,卖盘
2160,09:44:56,5.23,-0.01,197,103323,卖盘
2161,09:44:51,5.24,0.01,500,262000,买盘
2162,09:44:46,5.23,--,1,753,卖盘
2163,09:44:41,5.23,--,68,35679,卖盘
2164,09:44:36,5.23,-0.01,144,75772,卖盘
2165,09:44:31,5.24,0.01,33,17506,买盘
2166,09:44:26,5.23,-0.01,105,55045,卖盘
2167,09:44:21,5.24,--,736,385810,买盘
2168,09:44:16,5.24,0.01,26,13865,买盘
2169,09:44:11,5.23,--,1067,558428,卖盘
2170,09:44:06,5.23,--,330,173050,卖盘
2171,09:44:01,5.23,-0.01,10,5230,卖盘
2172,09:43:51,5.24,0.01,517,270908,买盘
2173,09:43:46,5.23,--,6,3138,卖盘
2174,09:43:41,5.23,--,74,38702,卖盘
2175,09:43:31,5.23,-0.01,38,20062,卖盘
2176,09:43:21,5.24,0.01,546,286104,买盘
2177,09:43:11,5.23,--,25,13075,卖盘
2178,09:43:01,5.23,--,1210,632830,卖盘
2179,09:42:55,5.23,-0.01,142,74266,卖盘
2180,09:42:51,5.24,0.01,555,290820,买盘
2181,09:42:40,5.23,--,107,55961,卖盘
2182,09:42:31,5.23,--,20,10460,卖盘
2183,09:42:26,5.23,-0.01,129,67467,卖盘
2184,09:42:21,5.24,0.01,507,265668,买盘
2185,09:42:16,5.23,-0.01,50,26150,卖盘
2186,09:42:10,5.24,0.01,38,19912,买盘
2187,09:42:05,5.23,--,5,2615,卖盘
2188,09:42:01,5.23,--,11,5753,卖盘
2189,09:41:55,5.23,-0.01,663,346749,卖盘
2190,09:41:50,5.24,--,564,295536,买盘
2191,09:41:40,5.24,--,110,57640,买盘
2192,09:41:35,5.24,--,32,16768,买盘
2193,09:41:25,5.24,--,1,524,买盘
2194,09:41:20,5.24,--,510,267240,买盘
2195,09:41:10,5.24,--,146,76504,买盘
2196,09:41:05,5.24,0.01,51,26724,买盘
2197,09:41:00,5.23,--,100,52300,卖盘
2198,09:40:50,5.23,--,644,337000,卖盘
2199,09:40:46,5.23,--,13,7133,卖盘
2200,09:40:40,5.23,--,13,6924,卖盘
2201,09:40:35,5.23,--,76,39946,卖盘
2202,09:40:30,5.23,--,4,2238,卖盘
2203,09:40:25,5.23,-0.01,277,145210,卖盘
2204,09:40:20,5.24,0.01,541,283777,买盘
2205,09:40:15,5.23,--,28,15109,卖盘
2206,09:40:10,5.23,--,27,14528,卖盘
2207,09:40:05,5.23,--,5,2615,卖盘
2208,09:40:00,5.23,--,46,24115,卖盘
2209,09:39:55,5.23,-0.01,65,34287,卖盘
2210,09:39:50,5.24,0.01,533,279464,买盘
2211,09:39:40,5.23,--,3,1788,卖盘
2212,09:39:35,5.23,-0.01,163,85379,卖盘
2213,09:39:30,5.24,--,10,5292,买盘
2214,09:39:25,5.24,--,76,40117,买盘
2215,09:39:20,5.24,0.01,505,264882,买盘
2216,09:39:15,5.23,--,173,90688,卖盘
2217,09:39:10,5.23,--,1214,635152,卖盘
2218,09:39:05,5.23,--,41,21443,卖盘
2219,09:39:00,5.23,--,9,4937,卖盘
2220,09:38:55,5.23,--,150,78507,卖盘
2221,09:38:50,5.23,--,505,264522,卖盘
2222,09:38:45,5.23,--,12,6631,卖盘
2223,09:38:40,5.23,--,62,32478,卖盘
2224,09:38:35,5.23,--,82,43016,卖盘
2225,09:38:30,5.23,-0.01,681,356560,卖盘
2226,09:38:25,5.24,--,665,348512,买盘
2227,09:38:20,5.24,--,891,466952,买盘
2228,09:38:15,5.24,0.01,87,45865,买盘
2229,09:38:10,5.23,--,97,51044,卖盘
2230,09:38:05,5.23,--,857,448211,卖盘
2231,09:37:55,5.23,--,289,151147,卖盘
2232,09:37:50,5.23,--,43,22489,卖盘
2233,09:37:45,5.23,--,215,112445,卖盘
2234,09:37:40,5.23,--,146,76358,卖盘
2235,09:37:35,5.23,--,1021,533983,卖盘
2236,09:37:30,5.23,--,303,158662,卖盘
2237,09:37:25,5.23,--,295,154373,卖盘
2238,09:37:20,5.23,--,18,9434,卖盘
2239,09:37:15,5.23,--,203,106556,卖盘
2240,09:37:10,5.23,-0.01,244,127685,卖盘
2241,09:37:05,5.24,0.01,889,465925,买盘
2242,09:37:00,5.23,--,1,580,卖盘
2243,09:36:50,5.23,--,1,638,卖盘
2244,09:36:45,5.23,--,95,49752,卖盘
2245,09:36:40,5.23,--,10,5486,卖盘
2246,09:36:35,5.23,-0.01,991,518496,卖盘
2247,09:36:30,5.24,0.01,230,121007,买盘
2248,09:36:25,5.23,--,28,15119,卖盘
2249,09:36:20,5.23,--,3094,1618460,卖盘
2250,09:36:15,5.23,-0.01,226,118198,卖盘
2251,09:36:10,5.24,--,31,16244,买盘
2252,09:36:05,5.24,--,800,419200,买盘
2253,09:36:00,5.24,0.01,6,3144,买盘
2254,09:35:55,5.23,--,295,154635,卖盘
2255,09:35:50,5.23,-0.01,5854,3061642,卖盘
2256,09:35:45,5.24,--,18,9432,买盘
2257,09:35:34,5.24,0.01,800,419200,买盘
2258,09:35:30,5.23,-0.01,616,322168,卖盘
2259,09:35:25,5.24,0.01,120,62880,买盘
2260,09:35:19,5.23,-0.01,20,10460,卖盘
2261,09:35:15,5.24,--,152,79648,买盘
2262,09:35:04,5.24,--,800,419200,买盘
2263,09:34:34,5.24,--,938,491512,买盘
2264,09:34:29,5.24,0.01,100,52400,买盘
2265,09:34:19,5.23,-0.01,28,14644,卖盘
2266,09:34:14,5.24,--,32,16768,买盘
2267,09:34:10,5.24,--,10,5240,买盘
2268,09:34:04,5.24,--,84,44016,买盘
2269,09:33:59,5.24,--,1,524,买盘
2270,09:33:49,5.24,0.01,11,5764,中性盘
2271,09:33:44,5.23,--,235,122905,卖盘
2272,09:33:39,5.23,--,0,0,卖盘
2273,09:33:34,5.23,--,352,184096,卖盘
2274,09:33:29,5.23,-0.01,167,87341,卖盘
2275,09:33:19,5.24,--,90,47160,买盘
2276,09:33:14,5.24,-0.01,12,6288,中性盘
2277,09:33:09,5.25,0.01,114,59850,买盘
2278,09:33:04,5.24,0.01,1079,565396,买盘
2279,09:32:59,5.23,-0.01,132,69036,卖盘
2280,09:32:54,5.24,--,223,116852,买盘
2281,09:32:49,5.24,--,256,134144,买盘
2282,09:32:44,5.24,0.01,674,353176,买盘
2283,09:32:39,5.23,--,62,32781,卖盘
2284,09:32:34,5.23,--,847,443122,卖盘
2285,09:32:29,5.23,--,80,42075,卖盘
2286,09:32:24,5.23,--,5,2615,卖盘
2287,09:32:14,5.23,--,9,5162,卖盘
2288,09:32:09,5.23,--,126,66201,卖盘
2289,09:32:04,5.23,-0.01,2205,1153429,卖盘
2290,09:31:59,5.24,--,10,5271,买盘
2291,09:31:54,5.24,0.01,2,1048,买盘
2292,09:31:49,5.23,-0.01,92,48283,卖盘
2293,09:31:44,5.24,0.01,234,122841,买盘
2294,09:31:39,5.23,-0.01,102,53346,卖盘
2295,09:31:34,5.24,0.01,806,422511,买盘
2296,09:31:29,5.23,-0.01,78,41065,卖盘
2297,09:31:24,5.24,0.01,156,81744,买盘
2298,09:31:14,5.23,-0.01,20,10475,卖盘
2299,09:31:09,5.24,0.01,924,484443,买盘
2300,09:31:04,5.23,--,172,89956,卖盘
2301,09:30:54,5.23,--,29,15376,卖盘
2302,09:30:49,5.23,--,3,1647,卖盘
2303,09:30:44,5.23,--,71,37650,卖盘
2304,09:30:39,5.23,--,876,458331,卖盘
2305,09:30:34,5.23,--,10,5308,卖盘
2306,09:30:29,5.23,-0.01,46,24058,卖盘
2307,09:30:24,5.24,--,8,4249,买盘
2308,09:30:19,5.24,0.01,80,41920,买盘
2309,09:30:14,5.23,--,175,91791,卖盘
2310,09:30:09,5.23,--,1386,724878,卖盘
2311,09:30:04,5.23,--,202,105646,卖盘
2312,09:28:46,5.23,--,0,0,卖盘
2313,09:25:06,5.23,5.23,2753,1439819,买盘
