,time,price,change,volume,amount,type
0,15:00:00,244.44,--,0,0,中性盘
1,15:00:00,244.44,0.03,25,611100,买盘
2,14:59:59,244.41,--,2,48882,买盘
3,14:59:53,244.41,--,29,708789,中性盘
4,14:59:49,244.41,--,29,708789,卖盘
5,14:59:44,244.41,-0.07,3,73323,买盘
6,14:59:38,244.48,--,6,146688,卖盘
7,14:59:34,244.48,0.07,15,366720,买盘
8,14:59:29,244.41,-0.09,1,24441,卖盘
9,14:59:23,244.5,0.02,66,1613700,买盘
10,14:59:19,244.48,-0.02,8,195584,中性盘
11,14:59:14,244.5,--,11,268950,买盘
12,14:59:08,244.5,--,41,1002450,买盘
13,14:59:04,244.5,--,23,562350,买盘
14,14:58:59,244.5,--,12,293400,买盘
15,14:58:53,244.5,--,18,440100,买盘
16,14:58:49,244.5,--,8,195600,买盘
17,14:58:44,244.5,--,1,24450,买盘
18,14:58:38,244.5,--,34,831300,买盘
19,14:58:33,244.5,0.02,17,415650,买盘
20,14:58:29,244.48,0.01,4,97792,中性盘
21,14:58:23,244.47,-0.03,9,220023,卖盘
22,14:58:19,244.5,--,92,2252823,买盘
23,14:58:14,244.5,--,48,1173600,买盘
24,14:58:08,244.5,0.02,6,146700,买盘
25,14:58:04,244.48,-0.02,5,122240,中性盘
26,14:57:58,244.5,--,16,391200,买盘
27,14:57:53,244.5,--,43,1051350,买盘
28,14:57:47,244.5,0.03,20,511005,买盘
29,14:57:43,244.47,-0.03,14,342258,卖盘
30,14:57:38,244.5,--,73,1784850,买盘
31,14:57:32,244.5,--,31,757950,买盘
32,14:57:28,244.5,--,23,562350,买盘
33,14:57:23,244.5,--,147,3594150,买盘
34,14:57:17,244.5,--,146,3569700,买盘
35,14:57:13,244.5,--,2,55012,买盘
36,14:57:08,244.5,--,6,146700,买盘
37,14:57:02,244.5,--,166,4076059,买盘
38,14:56:58,244.5,--,9,220050,买盘
39,14:56:53,244.5,--,25,611250,买盘
40,14:56:47,244.5,--,32,782400,买盘
41,14:56:43,244.5,-0.94,156,3821290,卖盘
42,14:56:38,245.44,0.94,2,49088,卖盘
43,14:56:32,244.5,--,38,946459,买盘
44,14:56:28,244.5,0.05,186,4547700,买盘
45,14:56:23,244.45,-0.02,60,1466700,卖盘
46,14:56:17,244.47,0.04,5,122235,中性盘
47,14:56:13,244.43,-0.07,19,464417,卖盘
48,14:56:08,244.5,--,8,195600,买盘
49,14:56:02,244.5,--,12,293400,买盘
50,14:55:58,244.5,--,6,146700,买盘
51,14:55:53,244.5,-1.3,325,7946250,卖盘
52,14:55:47,245.8,1.3,2,49160,买盘
53,14:55:38,244.5,-1.38,5,122250,卖盘
54,14:55:32,245.88,1.38,1,24588,买盘
55,14:55:28,244.5,--,120,2934000,买盘
56,14:55:23,244.5,--,17,415650,买盘
57,14:55:17,244.5,--,29,709050,买盘
58,14:55:13,244.5,--,15,366750,买盘
59,14:55:08,244.5,--,4,97800,买盘
60,14:55:02,244.5,0.06,89,2176050,买盘
61,14:54:58,244.44,-0.06,61,1491084,中性盘
62,14:54:53,244.5,-1.49,193,4718850,卖盘
63,14:54:47,245.99,1.49,2,49198,买盘
64,14:54:43,244.5,--,0,0,卖盘
65,14:54:38,244.5,--,0,0,卖盘
66,14:54:32,244.5,--,19,464550,买盘
67,14:54:28,244.5,--,202,4938900,买盘
68,14:54:23,244.5,--,2,48900,买盘
69,14:54:17,244.5,--,36,880200,买盘
70,14:54:13,244.5,--,62,1515900,卖盘
71,14:54:02,244.5,--,0,0,卖盘
72,14:53:58,244.5,0.11,10,244500,买盘
73,14:53:53,244.39,-0.13,61,1490779,卖盘
74,14:53:47,244.52,--,119,2909788,买盘
75,14:53:43,244.52,0.02,102,2494104,买盘
76,14:53:38,244.5,--,10,244500,卖盘
77,14:53:32,244.5,-0.02,136,3325200,卖盘
78,14:53:28,244.52,--,28,684656,买盘
79,14:53:23,244.52,--,20,489040,卖盘
80,14:53:17,244.52,-0.08,16,391232,卖盘
81,14:53:13,244.6,-0.31,16,391360,卖盘
82,14:53:08,244.91,--,110,2694010,买盘
83,14:53:02,244.91,-0.09,15,367365,卖盘
84,14:52:58,245.0,-0.1,27,661500,卖盘
85,14:52:53,245.1,--,6,147060,买盘
86,14:52:47,245.1,-0.2,11,269610,卖盘
87,14:52:43,245.3,-0.39,30,735900,卖盘
88,14:52:38,245.69,--,0,0,中性盘
89,14:52:32,245.69,-0.11,8,196552,卖盘
90,14:52:28,245.8,-0.1,3,73740,卖盘
91,14:52:23,245.9,--,5,122950,卖盘
92,14:52:17,245.9,-0.11,16,393440,卖盘
93,14:52:13,246.01,-0.49,18,445278,卖盘
94,14:52:08,246.5,-0.3,15,369750,卖盘
95,14:52:02,246.8,0.3,9,222120,买盘
96,14:51:57,246.5,--,3,73950,卖盘
97,14:51:53,246.5,-0.12,5,123250,卖盘
98,14:51:47,246.62,0.12,7,172634,买盘
99,14:51:42,246.5,-0.12,56,1380400,卖盘
100,14:51:38,246.62,--,1,24662,买盘
101,14:51:26,246.62,0.12,2,49324,买盘
102,14:51:23,246.5,-0.12,8,197200,卖盘
103,14:51:17,246.62,-0.18,2,49324,买盘
104,14:51:11,246.8,0.18,38,937840,买盘
105,14:51:07,246.62,--,1,24662,卖盘
106,14:51:02,246.62,--,3,73986,卖盘
107,14:50:56,246.62,-0.18,4,98648,卖盘
108,14:50:52,246.8,0.2,1,24680,买盘
109,14:50:32,246.6,--,14,345240,卖盘
110,14:50:26,246.6,--,0,0,卖盘
111,14:50:22,246.6,--,0,0,卖盘
112,14:50:17,246.6,--,0,0,卖盘
113,14:50:11,246.6,--,10,246600,卖盘
114,14:50:07,246.6,--,19,468540,卖盘
115,14:50:02,246.6,-0.27,11,271260,卖盘
116,14:49:56,246.87,0.31,10,246870,买盘
117,14:49:47,246.56,-0.14,3,73968,卖盘
118,14:49:41,246.7,0.12,17,419390,买盘
119,14:49:37,246.58,0.03,3,73974,买盘
120,14:49:32,246.55,-0.05,6,147930,卖盘
121,14:49:26,246.6,-0.21,17,419220,卖盘
122,14:49:22,246.81,0.2,16,394896,买盘
123,14:49:17,246.61,0.01,1,24661,中性盘
124,14:49:07,246.6,--,9,221940,买盘
125,14:48:56,246.6,--,23,567180,买盘
126,14:48:52,246.6,--,6,147960,买盘
127,14:48:47,246.6,--,1,24660,买盘
128,14:48:41,246.6,--,13,320580,买盘
129,14:48:37,246.6,--,1,24660,买盘
130,14:48:22,246.6,-0.2,7,172620,卖盘
131,14:48:11,246.8,0.2,2,49360,买盘
132,14:48:07,246.6,0.1,25,616500,买盘
133,14:48:02,246.5,--,2,49300,卖盘
134,14:47:52,246.5,--,10,246500,卖盘
135,14:47:46,246.5,0.5,106,2617830,买盘
136,14:47:41,246.0,--,4,98400,中性盘
137,14:47:37,246.0,-0.01,5,123000,卖盘
138,14:47:32,246.01,--,1,24601,买盘
139,14:47:26,246.01,--,2,49202,买盘
140,14:47:17,246.01,--,2,49202,买盘
141,14:47:11,246.01,--,6,147606,卖盘
142,14:47:07,246.01,--,0,0,卖盘
143,14:46:56,246.01,-0.24,17,418217,卖盘
144,14:46:46,246.25,0.24,5,123125,买盘
145,14:46:41,246.01,-0.19,4,98404,卖盘
146,14:46:37,246.2,--,3,73860,买盘
147,14:46:32,246.2,0.5,2,49240,买盘
148,14:46:22,245.7,-0.2,6,147420,卖盘
149,14:46:11,245.9,-0.1,7,172130,中性盘
150,14:46:07,246.0,--,27,664200,买盘
151,14:45:56,246.0,--,1,24600,买盘
152,14:45:51,246.0,0.25,3,73800,买盘
153,14:45:37,245.75,--,2,49150,卖盘
154,14:45:32,245.75,--,0,0,卖盘
155,14:45:26,245.75,-0.25,12,294900,卖盘
156,14:45:22,246.0,0.29,1,24600,买盘
157,14:45:17,245.71,-0.28,7,171997,卖盘
158,14:45:11,245.99,-0.21,1,24599,卖盘
159,14:45:06,246.2,0.5,8,196960,买盘
160,14:45:01,245.7,--,9,221130,卖盘
161,14:44:56,245.7,-0.3,3,73710,中性盘
162,14:44:50,246.0,0.01,3,73800,中性盘
163,14:44:41,245.99,-0.01,2,49198,卖盘
164,14:44:35,246.0,-0.37,4,98400,卖盘
165,14:44:31,246.37,0.37,4,98548,买盘
166,14:44:26,246.0,--,0,0,卖盘
167,14:44:20,246.0,-0.39,10,246000,卖盘
168,14:44:16,246.39,0.02,12,295668,买盘
169,14:44:11,246.37,0.57,1,24637,中性盘
170,14:44:01,245.8,-0.6,3,73740,买盘
171,14:43:56,246.4,--,2,49280,卖盘
172,14:43:50,246.4,-0.07,1,24640,卖盘
173,14:43:46,246.47,0.07,2,49294,买盘
174,14:43:41,246.4,--,16,394240,卖盘
175,14:43:35,246.4,0.78,15,369600,中性盘
176,14:43:31,245.62,-0.83,3,73686,卖盘
177,14:43:26,246.45,0.25,11,271095,买盘
178,14:43:20,246.2,-0.25,2,49240,买盘
179,14:43:15,246.45,-0.05,1,24645,买盘
180,14:43:11,246.5,--,30,739500,买盘
181,14:43:05,246.5,0.02,34,838100,买盘
182,14:43:01,246.48,0.03,5,123240,买盘
183,14:42:56,246.45,0.05,4,98580,买盘
184,14:42:50,246.4,0.4,2,49280,买盘
185,14:42:45,246.0,--,0,0,卖盘
186,14:42:41,246.0,-0.5,48,1180800,卖盘
187,14:42:35,246.5,0.5,31,764150,买盘
188,14:42:31,246.0,-0.4,23,565800,卖盘
189,14:42:26,246.4,0.1,86,2119040,买盘
190,14:42:20,246.3,-0.1,2,49260,中性盘
191,14:42:16,246.4,0.1,4,98560,买盘
192,14:42:11,246.3,-0.1,29,714270,中性盘
193,14:42:01,246.4,--,4,98560,买盘
194,14:41:50,246.4,0.4,14,344960,买盘
195,14:41:46,246.0,--,13,319800,买盘
196,14:41:41,246.0,--,18,442800,买盘
197,14:41:35,246.0,--,8,196800,买盘
198,14:41:31,246.0,--,42,1053126,买盘
199,14:41:26,246.0,0.05,10,246000,买盘
200,14:41:20,245.95,--,11,270545,卖盘
201,14:41:16,245.95,0.27,17,418115,买盘
202,14:41:11,245.68,-0.27,3,73704,卖盘
203,14:41:05,245.95,0.15,4,98380,买盘
204,14:41:01,245.8,0.21,1,24580,买盘
205,14:40:56,245.59,-0.01,6,147354,卖盘
206,14:40:50,245.6,0.03,3,73680,买盘
207,14:40:46,245.57,-0.03,3,73671,中性盘
208,14:40:40,245.6,0.1,3,73680,买盘
209,14:40:35,245.5,0.06,8,196400,中性盘
210,14:40:31,245.44,0.04,51,1251744,中性盘
211,14:40:20,245.4,-0.04,19,466260,卖盘
212,14:40:16,245.44,0.04,1,24544,买盘
213,14:40:11,245.4,-0.04,16,392640,卖盘
214,14:40:05,245.44,0.04,14,343616,买盘
215,14:40:01,245.4,--,1,24540,买盘
216,14:39:55,245.4,--,2,49080,卖盘
217,14:39:50,245.4,0.1,15,368100,买盘
218,14:39:46,245.3,--,7,171710,买盘
219,14:39:35,245.3,--,1,24530,买盘
220,14:39:31,245.3,0.4,1,24530,买盘
221,14:39:20,244.9,-0.4,12,293880,卖盘
222,14:39:15,245.3,0.4,6,147180,买盘
223,14:39:11,244.9,0.2,1,24490,买盘
224,14:39:05,244.7,-0.18,13,318110,卖盘
225,14:39:00,244.88,0.18,13,318344,买盘
226,14:38:50,244.7,-0.18,14,342580,中性盘
227,14:38:45,244.88,0.18,35,857080,买盘
228,14:38:35,244.7,--,14,342580,买盘
229,14:38:30,244.7,0.1,37,921295,买盘
230,14:38:25,244.6,--,27,660420,买盘
231,14:38:20,244.6,--,10,244600,买盘
232,14:38:15,244.6,0.06,12,293520,买盘
233,14:38:05,244.54,--,97,2372038,买盘
234,14:38:00,244.54,--,4,97816,买盘
235,14:37:50,244.54,-0.06,11,268994,卖盘
236,14:37:44,244.6,0.1,7,171220,买盘
237,14:37:40,244.5,-0.04,6,146700,卖盘
238,14:37:35,244.54,--,18,440172,买盘
239,14:37:29,244.54,--,20,489080,卖盘
240,14:37:25,244.54,-0.06,3,73362,卖盘
241,14:37:20,244.6,0.11,7,171220,买盘
242,14:37:14,244.49,-0.01,12,293388,卖盘
243,14:37:10,244.5,-0.1,12,293400,卖盘
244,14:37:05,244.6,--,8,195680,买盘
245,14:36:59,244.6,--,45,1100700,买盘
246,14:36:55,244.6,--,9,220140,买盘
247,14:36:50,244.6,--,0,0,买盘
248,14:36:44,244.6,--,10,244600,买盘
249,14:36:39,244.6,0.1,1,24460,买盘
250,14:36:35,244.5,--,20,506359,买盘
251,14:36:29,244.5,-0.1,26,642790,卖盘
252,14:36:25,244.6,0.11,19,464740,买盘
253,14:36:10,244.49,-0.01,44,1093114,卖盘
254,14:36:04,244.5,--,29,709050,买盘
255,14:35:59,244.5,0.12,24,586800,买盘
256,14:35:55,244.38,-0.12,31,757578,卖盘
257,14:35:49,244.5,--,1,24450,买盘
258,14:35:44,244.5,--,6,146700,买盘
259,14:35:39,244.5,--,5,122250,买盘
260,14:35:34,244.5,0.12,5,122250,买盘
261,14:35:29,244.38,-0.22,17,415446,卖盘
262,14:35:25,244.6,--,3,73380,买盘
263,14:35:19,244.6,0.1,5,122300,买盘
264,14:35:14,244.5,--,6,146700,卖盘
265,14:35:10,244.5,-0.2,2,48900,中性盘
266,14:35:05,244.7,0.36,28,685160,买盘
267,14:34:59,244.34,-0.16,84,2052456,卖盘
268,14:34:54,244.5,--,21,513450,卖盘
269,14:34:49,244.5,0.09,72,1760400,买盘
270,14:34:44,244.41,-0.09,7,171087,卖盘
271,14:34:40,244.5,--,102,2493900,买盘
272,14:34:29,244.5,0.1,3,73350,买盘
273,14:34:24,244.4,-0.1,14,342160,卖盘
274,14:34:19,244.5,0.1,8,195600,买盘
275,14:34:14,244.4,--,2,48880,卖盘
276,14:34:10,244.4,0.06,6,146640,中性盘
277,14:34:04,244.34,-0.16,1,24434,卖盘
278,14:33:59,244.5,--,2,48900,买盘
279,14:33:55,244.5,0.17,7,171150,买盘
280,14:33:49,244.33,-0.17,1,24433,买盘
281,14:33:44,244.5,--,0,0,买盘
282,14:33:40,244.5,0.16,2,48900,买盘
283,14:33:34,244.34,0.16,2,48868,卖盘
284,14:33:29,244.18,-0.02,19,463942,卖盘
285,14:33:25,244.2,-0.12,28,683760,卖盘
286,14:33:19,244.32,--,0,0,卖盘
287,14:33:14,244.32,--,78,1905696,买盘
288,14:33:10,244.32,--,0,0,买盘
289,14:32:59,244.32,0.13,5,122160,买盘
290,14:32:55,244.19,-0.11,13,317447,卖盘
291,14:32:50,244.3,-0.58,1,24430,卖盘
292,14:32:44,244.88,0.66,24,587712,买盘
293,14:32:39,244.22,-0.28,4,97688,卖盘
294,14:32:29,244.5,0.18,3,73350,中性盘
295,14:32:24,244.32,-0.68,14,342048,卖盘
296,14:32:14,245.0,0.4,4,98000,买盘
297,14:32:04,244.6,-0.4,8,195680,卖盘
298,14:31:59,245.0,-0.1,5,122500,卖盘
299,14:31:54,245.1,0.07,3,73530,买盘
300,14:31:49,245.03,-0.07,1,24503,卖盘
301,14:31:44,245.1,-0.2,11,269610,买盘
302,14:31:39,245.3,--,0,0,中性盘
303,14:31:34,245.3,0.2,6,147180,买盘
304,14:31:28,245.1,0.07,3,73530,卖盘
305,14:31:24,245.03,--,4,98012,买盘
306,14:31:14,245.03,0.03,2,49006,买盘
307,14:31:09,245.0,--,203,4973500,卖盘
308,14:31:04,245.0,--,2,49000,卖盘
309,14:30:59,245.0,0.41,318,7791000,买盘
310,14:30:54,244.59,--,8,195672,卖盘
311,14:30:49,244.59,-0.01,4,97836,卖盘
312,14:30:44,244.6,0.3,8,195680,买盘
313,14:30:39,244.3,-0.2,32,781760,卖盘
314,14:30:34,244.5,0.15,17,415650,中性盘
315,14:30:29,244.35,-0.15,12,293220,卖盘
316,14:30:22,244.5,--,5,122250,中性盘
317,14:30:19,244.5,-0.09,2,48900,卖盘
318,14:30:13,244.59,0.09,4,97836,买盘
319,14:30:08,244.5,-0.06,6,146700,卖盘
320,14:30:04,244.56,0.06,16,391296,买盘
321,14:29:58,244.5,--,0,0,卖盘
322,14:29:53,244.5,0.29,7,171150,买盘
323,14:29:49,244.21,-0.29,7,170947,卖盘
324,14:29:38,244.5,0.27,5,122250,买盘
325,14:29:33,244.23,-0.27,3,73269,中性盘
326,14:29:28,244.5,--,3,73350,买盘
327,14:29:23,244.5,--,9,220050,卖盘
328,14:29:18,244.5,--,0,0,卖盘
329,14:29:13,244.5,-0.1,1,24450,卖盘
330,14:29:08,244.6,0.1,12,293520,买盘
331,14:29:03,244.5,--,0,0,中性盘
332,14:28:58,244.5,0.3,4,97800,买盘
333,14:28:53,244.2,--,0,0,卖盘
334,14:28:48,244.2,--,22,537240,卖盘
335,14:28:43,244.2,0.01,169,4126980,买盘
336,14:28:38,244.19,--,17,417564,卖盘
337,14:28:33,244.19,0.03,9,219771,中性盘
338,14:28:22,244.16,--,10,244160,卖盘
339,14:28:18,244.16,-0.04,3,73248,中性盘
340,14:28:13,244.2,0.09,1,24420,买盘
341,14:28:08,244.11,-0.09,16,390576,卖盘
342,14:28:03,244.2,--,36,879120,买盘
343,14:27:53,244.2,--,1,24420,买盘
344,14:27:48,244.2,--,70,1709400,买盘
345,14:27:43,244.2,0.1,2,48840,买盘
346,14:27:33,244.1,-0.1,2,48820,卖盘
347,14:27:28,244.2,-0.1,1,24420,买盘
348,14:27:23,244.3,--,21,513030,买盘
349,14:27:18,244.3,0.3,10,244300,买盘
350,14:27:07,244.0,--,40,984784,买盘
351,14:27:03,244.0,0.04,9,219600,买盘
352,14:26:53,243.96,--,0,14393,买盘
353,14:26:48,243.96,--,15,365940,买盘
354,14:26:43,243.96,--,3,73188,卖盘
355,14:26:38,243.96,-0.03,11,268356,卖盘
356,14:26:33,243.99,--,2,58801,卖盘
357,14:26:28,243.99,--,4,111991,买盘
358,14:26:23,243.99,--,13,317187,买盘
359,14:26:18,243.99,-0.01,10,253993,卖盘
360,14:26:13,244.0,--,7,185196,买盘
361,14:26:08,244.0,--,5,122000,买盘
362,14:26:03,244.0,--,19,463600,买盘
363,14:25:58,244.0,0.01,10,244000,买盘
364,14:25:53,243.99,-0.01,20,487980,中性盘
365,14:25:48,244.0,0.01,34,829600,买盘
366,14:25:43,243.99,--,5,121995,买盘
367,14:25:38,243.99,--,11,268389,买盘
368,14:25:33,243.99,--,6,146394,卖盘
369,14:25:28,243.99,-0.01,1,24399,卖盘
370,14:25:23,244.0,0.05,4,97600,买盘
371,14:25:18,243.95,-0.04,6,146370,中性盘
372,14:25:13,243.99,--,6,146394,买盘
373,14:25:08,243.99,0.05,11,268389,中性盘
374,14:25:03,243.94,-0.06,2,48788,中性盘
375,14:24:58,244.0,--,5,122000,买盘
376,14:24:53,244.0,0.01,37,902800,买盘
377,14:24:48,243.99,--,0,0,买盘
378,14:24:43,243.99,0.01,1,24399,买盘
379,14:24:38,243.98,0.1,1,24398,买盘
380,14:24:33,243.88,-0.02,11,268268,卖盘
381,14:24:27,243.9,--,10,243900,买盘
382,14:24:23,243.9,--,1,24390,买盘
383,14:24:18,243.9,--,6,146340,买盘
384,14:24:08,243.9,--,2,48780,买盘
385,14:24:03,243.9,0.05,2,48780,买盘
386,14:23:48,243.85,0.03,2,48770,中性盘
387,14:23:43,243.82,-0.03,21,512022,卖盘
388,14:23:37,243.85,--,5,121925,买盘
389,14:23:33,243.85,-0.14,32,780320,卖盘
390,14:23:28,243.99,0.03,28,693907,中性盘
391,14:23:22,243.96,0.06,5,121980,卖盘
392,14:23:17,243.9,-0.09,13,317070,卖盘
393,14:23:13,243.99,0.09,15,379648,买盘
394,14:23:07,243.9,-0.05,1,24390,中性盘
395,14:23:02,243.95,0.05,19,463505,买盘
396,14:22:58,243.9,0.02,5,121950,买盘
397,14:22:52,243.88,-0.02,9,219492,卖盘
398,14:22:47,243.9,--,7,170730,买盘
399,14:22:37,243.9,-0.1,6,146340,卖盘
400,14:22:32,244.0,0.02,15,366000,买盘
401,14:22:27,243.98,-0.02,14,341572,中性盘
402,14:22:22,244.0,0.02,21,512400,买盘
403,14:22:17,243.98,-0.02,1,24398,中性盘
404,14:22:12,244.0,0.01,17,414800,买盘
405,14:22:02,243.99,-0.01,35,853965,卖盘
406,14:21:57,244.0,-0.5,77,1880996,卖盘
407,14:21:52,244.5,--,87,2127150,买盘
408,14:21:47,244.5,--,1,24450,买盘
409,14:21:42,244.5,--,47,1171399,卖盘
410,14:21:37,244.5,-0.1,17,415650,卖盘
411,14:21:32,244.6,0.1,23,562580,买盘
412,14:21:27,244.5,-0.09,18,440100,中性盘
413,14:21:22,244.59,0.17,3,73377,买盘
414,14:21:17,244.42,-0.18,15,366630,卖盘
415,14:21:12,244.6,0.12,26,635960,买盘
416,14:21:07,244.48,-0.12,3,73344,卖盘
417,14:21:01,244.6,0.1,32,782720,买盘
418,14:20:57,244.5,--,21,513450,卖盘
419,14:20:52,244.5,-0.1,6,146700,卖盘
420,14:20:47,244.6,--,23,562580,买盘
421,14:20:42,244.6,--,3,73380,买盘
422,14:20:37,244.6,--,7,171220,买盘
423,14:20:32,244.6,0.11,20,489200,买盘
424,14:20:27,244.49,-0.11,19,464531,卖盘
425,14:20:22,244.6,0.1,4,97840,买盘
426,14:20:17,244.5,-0.02,14,342300,卖盘
427,14:20:12,244.52,0.03,2,48904,卖盘
428,14:20:07,244.49,--,0,0,卖盘
429,14:20:01,244.49,--,41,1002409,买盘
430,14:19:57,244.49,-0.01,17,415633,买盘
431,14:19:52,244.5,0.02,1,24450,中性盘
432,14:19:47,244.48,-0.02,18,440064,卖盘
433,14:19:42,244.5,--,17,415650,买盘
434,14:19:37,244.5,0.01,1,24450,买盘
435,14:19:32,244.49,-0.01,84,2053716,中性盘
436,14:19:27,244.5,0.03,10,244500,买盘
437,14:19:22,244.47,0.12,1,24447,买盘
438,14:19:12,244.35,--,43,1050705,卖盘
439,14:19:02,244.35,0.25,6,146610,买盘
440,14:18:57,244.1,-0.25,7,170870,卖盘
441,14:18:42,244.35,0.35,1,24435,买盘
442,14:18:37,244.0,-0.06,20,488000,卖盘
443,14:18:32,244.06,-0.34,3,73218,卖盘
444,14:18:27,244.4,0.2,7,171080,中性盘
445,14:18:22,244.2,-0.28,6,146520,卖盘
446,14:18:17,244.48,0.13,11,268928,买盘
447,14:18:12,244.35,0.35,2,48870,卖盘
448,14:18:06,244.0,--,5,122000,卖盘
449,14:18:02,244.0,--,28,683200,卖盘
450,14:17:57,244.0,--,0,0,卖盘
451,14:17:52,244.0,--,17,414800,买盘
452,14:17:47,244.0,--,6,146400,买盘
453,14:17:42,244.0,--,11,268400,买盘
454,14:17:37,244.0,-0.4,119,2903600,卖盘
455,14:17:32,244.4,0.2,21,513240,买盘
456,14:17:27,244.2,-0.2,12,293040,卖盘
457,14:17:22,244.4,--,3,73320,买盘
458,14:17:16,244.4,-0.05,2,48880,买盘
459,14:17:12,244.45,-0.03,4,97780,卖盘
460,14:17:07,244.48,--,11,268928,卖盘
461,14:17:02,244.48,--,8,195584,卖盘
462,14:16:57,244.48,-0.02,12,293376,卖盘
463,14:16:52,244.5,--,5,122250,买盘
464,14:16:46,244.5,-0.01,45,1100250,卖盘
465,14:16:37,244.51,-0.07,19,464569,卖盘
466,14:16:31,244.58,--,8,195664,买盘
467,14:16:27,244.58,--,13,317954,买盘
468,14:16:22,244.58,0.08,4,97832,买盘
469,14:16:16,244.5,--,33,806850,卖盘
470,14:16:12,244.5,-0.04,21,513450,卖盘
471,14:16:07,244.54,0.03,9,220086,买盘
472,14:16:01,244.51,-0.07,8,195608,中性盘
473,14:15:57,244.58,0.04,101,2470258,买盘
474,14:15:52,244.54,0.03,13,317902,中性盘
475,14:15:46,244.51,-0.07,10,244510,卖盘
476,14:15:40,244.58,--,6,146748,买盘
477,14:15:37,244.58,--,4,97832,买盘
478,14:15:31,244.58,0.04,3,73374,买盘
479,14:15:26,244.54,-0.04,5,122270,卖盘
480,14:15:22,244.58,-0.1,13,317954,买盘
481,14:15:11,244.68,0.18,5,122340,买盘
482,14:15:07,244.5,0.06,105,2567250,买盘
483,14:15:01,244.44,-0.03,15,366660,卖盘
484,14:14:56,244.47,-0.03,11,268917,卖盘
485,14:14:52,244.5,-0.1,44,1075800,卖盘
486,14:14:41,244.6,--,0,0,中性盘
487,14:14:36,244.6,-0.17,62,1516520,卖盘
488,14:14:26,244.77,--,6,146862,买盘
489,14:14:21,244.77,--,3,73431,买盘
490,14:14:16,244.77,--,0,0,买盘
491,14:14:11,244.77,-0.03,6,146862,买盘
492,14:14:06,244.8,0.29,2,48960,卖盘
493,14:14:01,244.51,-0.29,94,2298394,卖盘
494,14:13:56,244.8,-0.16,22,538560,中性盘
495,14:13:51,244.96,0.16,13,318448,买盘
496,14:13:46,244.8,-0.18,2,48960,买盘
497,14:13:40,244.98,--,0,0,买盘
498,14:13:36,244.98,-0.01,4,97992,中性盘
499,14:13:31,244.99,0.79,1,24499,买盘
500,14:13:26,244.2,-0.76,13,317460,卖盘
501,14:13:21,244.96,1.08,2,48992,中性盘
502,14:13:16,243.88,-0.12,3,73164,卖盘
503,14:13:11,244.0,-1,2,48800,中性盘
504,14:13:06,245.0,1.14,108,2646000,买盘
505,14:13:01,243.86,-0.14,1,24386,卖盘
506,14:12:56,244.0,0.2,146,3562400,中性盘
507,14:12:51,243.8,0.16,3,73140,中性盘
508,14:12:46,243.64,0.04,1,24364,买盘
509,14:12:41,243.6,--,208,5066880,卖盘
510,14:12:36,243.6,0.1,8,194880,卖盘
511,14:12:31,243.5,-0.36,106,2581100,卖盘
512,14:12:26,243.86,0.66,11,268246,买盘
513,14:12:21,243.2,--,19,462080,卖盘
514,14:12:16,243.2,-0.4,2,48640,卖盘
515,14:12:11,243.6,0.43,29,727146,买盘
516,14:12:06,243.17,-0.03,6,149549,卖盘
517,14:12:01,243.2,-0.68,24,604352,卖盘
518,14:11:56,243.88,0.33,48,1170624,买盘
519,14:11:51,243.55,-0.33,9,219195,卖盘
520,14:11:46,243.88,--,50,1219400,买盘
521,14:11:41,243.88,-0.12,127,3097276,卖盘
522,14:11:36,244.0,-0.2,101,2464400,卖盘
523,14:11:30,244.2,-0.3,56,1367520,卖盘
524,14:11:26,244.5,--,16,391200,买盘
525,14:11:21,244.5,-0.05,35,855750,卖盘
526,14:11:16,244.55,-0.33,6,146730,卖盘
527,14:11:11,244.88,-0.07,89,2179432,中性盘
528,14:11:06,244.95,-0.05,39,955305,买盘
529,14:11:00,245.0,--,0,0,买盘
530,14:10:56,245.0,--,41,1004500,买盘
531,14:10:51,245.0,-0.2,164,4018000,卖盘
532,14:10:45,245.2,0.2,10,245200,买盘
533,14:10:41,245.0,-0.1,203,4973500,卖盘
534,14:10:36,245.1,-0.09,26,637260,卖盘
535,14:10:31,245.19,-0.01,15,367785,卖盘
536,14:10:26,245.2,-0.15,39,956280,卖盘
537,14:10:21,245.35,0.11,60,1472100,买盘
538,14:10:15,245.24,0.01,2,49048,中性盘
539,14:10:11,245.23,--,37,907351,卖盘
540,14:10:06,245.23,0.01,38,931874,买盘
541,14:10:01,245.22,--,14,343308,卖盘
542,14:09:55,245.22,-0.28,5,122610,卖盘
543,14:09:51,245.5,0.06,55,1350250,买盘
544,14:09:45,245.44,-0.06,12,315881,卖盘
545,14:09:40,245.5,--,19,466450,卖盘
546,14:09:36,245.5,-0.01,27,666041,卖盘
547,14:09:31,245.51,0.06,35,859285,买盘
548,14:09:25,245.45,--,2,49090,卖盘
549,14:09:21,245.45,--,69,1693605,买盘
550,14:09:16,245.45,--,16,392720,买盘
551,14:09:10,245.45,--,5,122725,中性盘
552,14:09:06,245.45,-0.03,10,245450,卖盘
553,14:09:01,245.48,-0.02,7,171836,卖盘
554,14:08:55,245.5,-0.03,15,368250,卖盘
555,14:08:51,245.53,-0.07,16,392848,卖盘
556,14:08:45,245.6,-0.14,11,270160,卖盘
557,14:08:40,245.74,-0.06,19,466906,卖盘
558,14:08:35,245.8,-0.03,18,442440,卖盘
559,14:08:31,245.83,-0.07,34,835822,卖盘
560,14:08:25,245.9,--,4,98360,买盘
561,14:08:21,245.9,-0.1,15,368850,卖盘
562,14:08:16,246.0,-0.02,86,2115600,卖盘
563,14:08:10,246.02,-0.01,5,123010,卖盘
564,14:08:06,246.03,-0.46,17,418251,卖盘
565,14:08:01,246.49,0.29,123,3034538,中性盘
566,14:07:55,246.2,-0.29,2,49240,卖盘
567,14:07:50,246.49,--,33,813417,卖盘
568,14:07:46,246.49,0.39,66,1648771,买盘
569,14:07:40,246.1,-0.04,2,49220,卖盘
570,14:07:35,246.14,0.04,8,196912,买盘
571,14:07:30,246.1,--,15,369150,卖盘
572,14:07:25,246.1,-0.01,3,73830,卖盘
573,14:07:20,246.11,-0.09,7,172277,中性盘
574,14:07:16,246.2,0.1,8,196960,买盘
575,14:07:10,246.1,-0.1,3,73830,卖盘
576,14:07:04,246.2,--,6,147720,买盘
577,14:07:01,246.2,--,6,147720,买盘
578,14:06:55,246.2,-0.1,8,196960,卖盘
579,14:06:50,246.3,-0.02,2,49260,买盘
580,14:06:45,246.32,-0.16,3,73896,中性盘
581,14:06:40,246.48,0.28,1,24648,买盘
582,14:06:35,246.2,--,2,49240,卖盘
583,14:06:30,246.2,-0.29,4,98480,卖盘
584,14:06:25,246.49,0.29,1,24649,买盘
585,14:06:20,246.2,-0.29,10,246200,卖盘
586,14:06:15,246.49,0.29,3,73947,买盘
587,14:06:05,246.2,--,10,246200,买盘
588,14:06:00,246.2,0.05,2,49240,买盘
589,14:05:55,246.15,-0.03,51,1255365,卖盘
590,14:05:50,246.18,0.04,206,5071308,买盘
591,14:05:45,246.14,-0.01,27,664578,卖盘
592,14:05:40,246.15,-0.03,21,516915,卖盘
593,14:05:35,246.18,-0.02,20,492360,卖盘
594,14:05:30,246.2,-0.08,100,2462000,卖盘
595,14:05:25,246.28,--,7,172396,买盘
596,14:05:20,246.28,--,10,256131,买盘
597,14:05:15,246.28,-0.22,20,492560,卖盘
598,14:05:10,246.5,0.2,4,98600,买盘
599,14:05:05,246.3,-0.2,100,2463000,卖盘
600,14:05:00,246.5,0.1,2,49300,买盘
601,14:04:55,246.4,--,9,221760,卖盘
602,14:04:50,246.4,-0.09,50,1232000,卖盘
603,14:04:45,246.49,-0.01,1,24649,买盘
604,14:04:35,246.5,--,0,0,买盘
605,14:04:30,246.5,-0.1,93,2292450,卖盘
606,14:04:19,246.6,--,15,369900,卖盘
607,14:04:15,246.6,-0.15,30,739800,卖盘
608,14:04:10,246.75,-0.03,1,24675,买盘
609,14:04:05,246.78,-0.02,6,148068,卖盘
610,14:04:00,246.8,--,24,592320,买盘
611,14:03:50,246.8,-0.2,7,192997,卖盘
612,14:03:45,247.0,0.2,19,469300,买盘
613,14:03:39,246.8,--,5,134506,卖盘
614,14:03:34,246.8,-0.2,14,345520,卖盘
615,14:03:30,247.0,0.19,1,24700,买盘
616,14:03:24,246.81,-0.09,2,49362,卖盘
617,14:03:19,246.9,-0.09,2,49380,卖盘
618,14:03:15,246.99,0.19,1,24699,买盘
619,14:03:09,246.8,--,0,0,卖盘
620,14:03:05,246.8,-0.01,2,49360,卖盘
621,14:02:54,246.81,-0.02,11,271491,卖盘
622,14:02:49,246.83,-0.17,6,151800,卖盘
623,14:02:45,247.0,--,7,172900,卖盘
624,14:02:39,247.0,--,89,2206451,买盘
625,14:02:30,247.0,0.16,2,49400,买盘
626,14:02:24,246.84,--,2,49368,买盘
627,14:02:19,246.84,0.01,1,24684,买盘
628,14:02:15,246.83,-0.01,8,197464,卖盘
629,14:02:09,246.84,-0.15,1,24684,卖盘
630,14:02:04,246.99,0.07,1,24699,中性盘
631,14:02:00,246.92,-0.08,2,49384,卖盘
632,14:01:49,247.0,--,90,2239549,卖盘
633,14:01:45,247.0,--,9,230451,买盘
634,14:01:39,247.0,0.17,2,49400,买盘
635,14:01:34,246.83,--,1,24683,卖盘
636,14:01:30,246.83,-0.17,3,74049,卖盘
637,14:01:24,247.0,0.09,3,74100,买盘
638,14:01:14,246.91,0.08,31,765421,中性盘
639,14:01:09,246.83,-0.17,14,347042,卖盘
640,14:01:04,247.0,0.09,27,666900,买盘
641,14:00:59,246.91,-0.09,5,141726,卖盘
642,14:00:54,247.0,--,1,24700,买盘
643,14:00:44,247.0,0.09,1,24700,买盘
644,14:00:39,246.91,--,11,271601,卖盘
645,14:00:34,246.91,-0.09,21,537523,卖盘
646,14:00:25,247.0,--,2,49400,买盘
647,14:00:09,247.0,-0.3,31,765700,卖盘
648,13:59:59,247.3,0.3,6,148380,买盘
649,13:59:54,247.0,--,52,1284400,卖盘
650,13:59:49,247.0,--,50,1235000,卖盘
651,13:59:44,247.0,-0.3,1,24700,卖盘
652,13:59:39,247.3,0.3,6,148380,买盘
653,13:59:34,247.0,-0.3,1,24700,卖盘
654,13:59:29,247.3,0.35,7,173110,买盘
655,13:59:24,246.95,-0.05,9,222255,卖盘
656,13:59:19,247.0,--,1,24700,买盘
657,13:59:13,247.0,--,3,74100,买盘
658,13:59:09,247.0,0.05,11,271700,买盘
659,13:59:04,246.95,-0.05,23,567985,卖盘
660,13:58:59,247.0,--,2,49400,买盘
661,13:58:54,247.0,0.1,27,666900,卖盘
662,13:58:49,246.9,--,0,0,卖盘
663,13:58:44,246.9,-0.6,24,592560,卖盘
664,13:58:39,247.5,0.5,102,2524500,买盘
665,13:58:34,247.0,--,0,0,卖盘
666,13:58:29,247.0,--,10,247000,卖盘
667,13:58:24,247.0,--,25,617500,买盘
668,13:58:19,247.0,--,1,24700,买盘
669,13:58:14,247.0,--,44,1086800,卖盘
670,13:58:09,247.0,-0.6,20,494000,卖盘
671,13:58:04,247.6,--,15,371400,买盘
672,13:57:54,247.6,--,19,470440,卖盘
673,13:57:48,247.6,-0.12,150,3714000,卖盘
674,13:57:44,247.72,0.72,95,2353340,买盘
675,13:57:39,247.0,--,16,395200,卖盘
676,13:57:34,247.0,-0.4,9,222300,卖盘
677,13:57:29,247.4,0.39,32,791680,买盘
678,13:57:24,247.01,-0.39,2,49402,卖盘
679,13:57:18,247.4,--,0,0,买盘
680,13:57:14,247.4,0.4,15,371100,买盘
681,13:57:09,247.0,-0.5,32,790400,卖盘
682,13:57:03,247.5,0.6,59,1460250,买盘
683,13:56:59,246.9,-0.5,32,790080,卖盘
684,13:56:54,247.4,0.33,1,24740,买盘
685,13:56:44,247.07,-0.03,5,130205,卖盘
686,13:56:39,247.1,-0.3,11,271810,卖盘
687,13:56:29,247.4,-0.1,52,1286480,买盘
688,13:56:18,247.5,0.45,3,74250,买盘
689,13:56:14,247.05,-0.12,8,197640,卖盘
690,13:56:09,247.17,--,4,98868,买盘
691,13:56:03,247.17,0.17,1,24717,买盘
692,13:55:58,247.0,--,0,0,卖盘
693,13:55:54,247.0,--,0,0,卖盘
694,13:55:48,247.0,-0.17,32,805961,卖盘
695,13:55:43,247.17,--,7,173019,买盘
696,13:55:39,247.17,0.17,1,24717,买盘
697,13:55:33,247.0,0.19,119,2940535,买盘
698,13:55:24,246.81,-0.19,23,587160,卖盘
699,13:55:18,247.0,0.19,24,592800,买盘
700,13:55:13,246.81,--,4,98724,卖盘
701,13:55:09,246.81,--,4,98724,卖盘
702,13:55:03,246.81,0.01,55,1357455,中性盘
703,13:54:58,246.8,-0.06,17,437576,卖盘
704,13:54:54,246.86,-0.03,6,148116,买盘
705,13:54:48,246.89,0.09,72,1777608,买盘
706,13:54:43,246.8,--,1,24680,买盘
707,13:54:39,246.8,-0.18,25,617000,卖盘
708,13:54:33,246.98,0.09,51,1259598,买盘
709,13:54:28,246.89,-0.01,30,740670,卖盘
710,13:54:24,246.9,0.01,3,74070,卖盘
711,13:54:18,246.89,--,0,0,卖盘
712,13:54:13,246.89,--,1,24689,卖盘
713,13:54:09,246.89,--,13,320957,卖盘
714,13:54:03,246.89,-0.01,1,24689,卖盘
715,13:53:53,246.9,-0.02,47,1177959,卖盘
716,13:53:48,246.92,--,0,0,卖盘
717,13:53:43,246.92,--,0,0,卖盘
718,13:53:38,246.92,-0.03,48,1185216,卖盘
719,13:53:33,246.95,--,1,24695,卖盘
720,13:53:28,246.95,-0.05,4,98780,卖盘
721,13:53:24,247.0,-0.09,126,3112200,卖盘
722,13:53:18,247.09,--,25,617725,卖盘
723,13:53:13,247.09,0.02,67,1655503,买盘
724,13:53:08,247.07,-0.01,10,247070,卖盘
725,13:53:03,247.08,0.01,4,98832,买盘
726,13:52:58,247.07,-0.01,3,74121,卖盘
727,13:52:54,247.08,-0.01,59,1457772,买盘
728,13:52:37,247.09,0.02,5,123545,卖盘
729,13:52:33,247.07,-0.09,10,247070,卖盘
730,13:52:13,247.16,0.08,2,49432,买盘
731,13:52:08,247.08,-0.07,9,222372,卖盘
732,13:52:03,247.15,--,10,247150,卖盘
733,13:51:58,247.15,-0.04,21,519015,卖盘
734,13:51:53,247.19,0.02,5,123595,卖盘
735,13:51:48,247.17,-0.01,4,98868,卖盘
736,13:51:43,247.18,-0.02,4,98872,卖盘
737,13:51:38,247.2,--,24,593280,卖盘
738,13:51:23,247.2,--,19,469680,卖盘
739,13:51:03,247.2,--,0,0,卖盘
740,13:50:53,247.2,-0.24,15,370800,卖盘
741,13:50:48,247.44,--,1,24744,买盘
742,13:50:42,247.44,0.21,2,49488,买盘
743,13:50:17,247.23,--,9,222507,卖盘
744,13:50:08,247.23,--,5,123615,卖盘
745,13:50:03,247.23,--,0,0,卖盘
746,13:49:53,247.23,0.08,1,24723,买盘
747,13:49:48,247.15,--,10,247150,卖盘
748,13:49:42,247.15,--,0,0,卖盘
749,13:49:38,247.15,-0.01,9,222435,卖盘
750,13:49:23,247.16,-0.07,1,24716,卖盘
751,13:49:17,247.23,0.08,2,49446,买盘
752,13:49:12,247.15,--,16,395440,卖盘
753,13:49:02,247.15,-0.08,4,98860,卖盘
754,13:48:57,247.23,--,1,24723,买盘
755,13:48:47,247.23,0.08,20,494460,买盘
756,13:48:42,247.15,--,3,74145,卖盘
757,13:48:32,247.15,-0.03,9,222435,卖盘
758,13:48:27,247.18,-0.05,21,519078,卖盘
759,13:48:07,247.23,0.05,7,173061,买盘
760,13:47:42,247.18,-0.03,16,395488,卖盘
761,13:47:27,247.21,--,1,24721,卖盘
762,13:47:17,247.21,0.03,3,74163,买盘
763,13:47:12,247.18,-0.03,9,222462,卖盘
764,13:47:07,247.21,--,0,0,买盘
765,13:47:02,247.21,-0.02,7,173047,卖盘
766,13:46:57,247.23,--,2,49446,买盘
767,13:46:48,247.23,0.03,5,123615,买盘
768,13:46:42,247.2,--,1,24720,卖盘
769,13:46:33,247.2,-0.01,3,74160,卖盘
770,13:46:22,247.21,--,15,370815,卖盘
771,13:46:17,247.21,-0.02,15,370815,卖盘
772,13:46:12,247.23,--,1,24723,卖盘
773,13:46:02,247.23,--,0,0,卖盘
774,13:45:57,247.23,-0.05,2,49446,卖盘
775,13:45:42,247.28,--,0,0,中性盘
776,13:45:32,247.28,-0.41,1,24728,买盘
777,13:45:27,247.69,0.47,23,569687,买盘
778,13:45:22,247.22,0.01,4,98888,卖盘
779,13:45:17,247.21,--,0,0,卖盘
780,13:45:12,247.21,-0.51,18,444978,卖盘
781,13:45:07,247.72,--,1,24772,买盘
782,13:45:02,247.72,0.5,3,74316,买盘
783,13:44:57,247.22,-0.51,3,74166,卖盘
784,13:44:47,247.73,--,0,0,买盘
785,13:44:37,247.73,0.52,1,24773,买盘
786,13:44:02,247.21,0.01,3,74163,卖盘
787,13:43:57,247.2,--,18,444960,卖盘
788,13:43:42,247.2,--,4,98880,卖盘
789,13:43:31,247.2,--,2,49440,卖盘
790,13:43:27,247.2,--,0,0,中性盘
791,13:43:17,247.2,--,4,98880,卖盘
792,13:43:12,247.2,--,0,0,中性盘
793,13:43:02,247.2,--,3,74160,卖盘
794,13:42:56,247.2,-0.33,2,49440,卖盘
795,13:42:46,247.53,0.33,5,123765,买盘
796,13:42:32,247.2,0.02,13,321360,卖盘
797,13:42:16,247.18,--,0,0,中性盘
798,13:42:11,247.18,--,0,0,卖盘
799,13:42:06,247.18,--,6,148308,买盘
800,13:42:01,247.18,--,3,74154,卖盘
801,13:41:51,247.18,0.03,3,74154,中性盘
802,13:41:42,247.15,-0.37,12,296580,卖盘
803,13:41:36,247.52,--,20,495040,买盘
804,13:41:31,247.52,0.37,9,222768,买盘
805,13:41:27,247.15,-0.37,3,74145,卖盘
806,13:41:21,247.52,0.02,5,123760,买盘
807,13:41:16,247.5,0.43,2,49500,买盘
808,13:41:11,247.07,--,0,0,卖盘
809,13:41:06,247.07,--,19,469433,卖盘
810,13:40:56,247.07,--,0,0,卖盘
811,13:40:51,247.07,0.05,4,98828,卖盘
812,13:40:46,247.02,-0.5,14,345828,中性盘
813,13:40:41,247.52,0.52,8,198016,买盘
814,13:40:36,247.0,-0.2,95,2353663,卖盘
815,13:40:31,247.2,0.11,1,24720,中性盘
816,13:40:27,247.09,-0.27,10,247090,卖盘
817,13:40:21,247.36,--,9,222624,卖盘
818,13:40:16,247.36,-0.42,12,296832,卖盘
819,13:40:11,247.78,--,2,49556,买盘
820,13:40:06,247.78,--,13,322114,中性盘
821,13:40:01,247.78,-0.01,1,24778,买盘
822,13:39:56,247.79,0.26,2,49558,买盘
823,13:39:51,247.53,-0.26,4,99012,卖盘
824,13:39:46,247.79,--,6,148674,买盘
825,13:39:41,247.79,--,2,49558,中性盘
826,13:39:36,247.79,-0.01,27,669033,卖盘
827,13:39:31,247.8,--,6,148680,买盘
828,13:39:26,247.8,-0.2,18,446040,卖盘
829,13:39:21,248.0,0.2,8,198400,买盘
830,13:39:11,247.8,--,51,1263780,卖盘
831,13:39:06,247.8,0.01,19,470820,买盘
832,13:39:01,247.79,--,0,0,买盘
833,13:38:51,247.79,0.29,1,24779,买盘
834,13:38:46,247.5,--,7,173250,卖盘
835,13:38:36,247.5,0.02,4,99000,卖盘
836,13:38:31,247.48,--,2,49496,买盘
837,13:38:26,247.48,-0.02,7,173236,卖盘
838,13:38:21,247.5,--,1,24750,买盘
839,13:38:16,247.5,-0.32,5,142312,卖盘
840,13:38:11,247.82,0.32,4,99128,买盘
841,13:38:06,247.5,0.42,42,1045687,买盘
842,13:38:01,247.08,-0.4,4,98832,卖盘
843,13:37:56,247.48,-0.04,6,148488,卖盘
844,13:37:51,247.52,-0.28,13,340340,卖盘
845,13:37:36,247.8,0.3,10,253995,买盘
846,13:37:31,247.5,--,6,167062,卖盘
847,13:37:26,247.5,-0.01,2,49500,卖盘
848,13:37:21,247.51,0.01,1,24751,买盘
849,13:37:15,247.5,--,2,49500,卖盘
850,13:37:11,247.5,0.63,92,2283187,买盘
851,13:37:06,246.87,-0.28,6,148122,卖盘
852,13:36:56,247.15,-0.28,2,49430,中性盘
853,13:36:51,247.43,0.43,48,1187664,买盘
854,13:36:45,247.0,--,1,24700,买盘
855,13:36:36,247.0,--,2,49400,买盘
856,13:36:20,247.0,--,1,24700,中性盘
857,13:36:15,247.0,--,0,0,中性盘
858,13:36:11,247.0,--,1,24700,买盘
859,13:36:06,247.0,0.2,6,148200,卖盘
860,13:35:56,246.8,-0.2,23,567640,卖盘
861,13:35:50,247.0,--,2,49400,买盘
862,13:35:41,247.0,--,7,172900,买盘
863,13:35:35,247.0,--,1,24700,买盘
864,13:35:30,247.0,--,3,74100,买盘
865,13:35:20,247.0,-0.4,38,938600,卖盘
866,13:35:15,247.4,0.05,6,148440,买盘
867,13:35:10,247.35,--,1,24735,买盘
868,13:35:05,247.35,0.35,2,49470,买盘
869,13:35:00,247.0,-0.35,43,1062100,卖盘
870,13:34:55,247.35,0.35,4,98940,买盘
871,13:34:50,247.0,-0.34,18,444600,卖盘
872,13:34:40,247.34,0.01,3,74202,买盘
873,13:34:35,247.33,0.63,6,148398,买盘
874,13:34:30,246.7,-0.1,12,296040,卖盘
875,13:34:25,246.8,--,11,271480,卖盘
876,13:34:20,246.8,-0.2,100,2468000,卖盘
877,13:34:15,247.0,0.1,7,172900,买盘
878,13:34:10,246.9,-0.1,1,24690,卖盘
879,13:34:05,247.0,0.2,9,222300,买盘
880,13:34:00,246.8,--,13,320840,买盘
881,13:33:50,246.8,0.2,1,24680,买盘
882,13:33:40,246.6,-0.2,77,1898820,卖盘
883,13:33:35,246.8,0.09,16,394880,卖盘
884,13:33:20,246.71,--,0,0,卖盘
885,13:33:15,246.71,0.13,13,320723,买盘
886,13:33:05,246.58,-0.13,10,246580,卖盘
887,13:33:00,246.71,--,0,0,买盘
888,13:32:55,246.71,0.13,1,24671,买盘
889,13:32:50,246.58,-0.12,20,493160,卖盘
890,13:32:45,246.7,0.07,2,49340,中性盘
891,13:32:35,246.63,-0.07,12,295956,卖盘
892,13:32:20,246.7,-0.01,1,24670,卖盘
893,13:32:15,246.71,-0.09,7,172697,中性盘
894,13:32:10,246.8,--,4,98720,买盘
895,13:32:05,246.8,--,0,0,买盘
896,13:32:00,246.8,0.09,4,98720,买盘
897,13:31:55,246.71,--,0,0,卖盘
898,13:31:50,246.71,-0.09,1,24671,卖盘
899,13:31:45,246.8,--,6,170538,卖盘
900,13:31:40,246.8,--,15,370200,卖盘
901,13:31:30,246.8,--,0,0,卖盘
902,13:31:25,246.8,--,0,0,卖盘
903,13:31:20,246.8,-0.03,26,641680,卖盘
904,13:31:15,246.83,--,2,49366,卖盘
905,13:31:10,246.83,-0.07,2,49366,卖盘
906,13:31:05,246.9,-0.1,1,24690,卖盘
907,13:31:00,247.0,--,0,0,买盘
908,13:30:55,247.0,0.16,9,222300,买盘
909,13:30:50,246.84,-0.06,1,24684,卖盘
910,13:30:45,246.9,-0.1,1,24690,卖盘
911,13:30:40,247.0,--,2,49400,买盘
912,13:30:34,247.0,--,5,123500,买盘
913,13:30:30,247.0,-0.4,14,365560,卖盘
914,13:30:24,247.4,--,0,0,买盘
915,13:30:20,247.4,0.4,50,1240463,买盘
916,13:30:15,247.0,-0.45,13,321100,卖盘
917,13:30:09,247.45,--,1,24745,买盘
918,13:30:05,247.45,--,2,49490,卖盘
919,13:30:00,247.45,-0.03,2,49490,卖盘
920,13:29:50,247.48,--,14,346472,中性盘
921,13:29:44,247.48,--,2,49496,卖盘
922,13:29:39,247.48,--,3,89092,买盘
923,13:29:34,247.48,--,1,24748,买盘
924,13:29:30,247.48,0.48,10,247480,买盘
925,13:29:20,247.0,-0.48,50,1235000,卖盘
926,13:29:15,247.48,0.29,1,24748,买盘
927,13:29:05,247.19,-0.13,1,24719,中性盘
928,13:29:00,247.32,0.32,1,24732,买盘
929,13:28:54,247.0,--,0,0,卖盘
930,13:28:49,247.0,--,0,0,卖盘
931,13:28:45,247.0,0.01,15,371982,买盘
932,13:28:39,246.99,0.09,26,642174,中性盘
933,13:28:30,246.9,-0.1,2,49380,卖盘
934,13:28:24,247.0,--,12,296400,买盘
935,13:28:14,247.0,0.19,15,370500,买盘
936,13:27:59,246.81,--,0,0,卖盘
937,13:27:54,246.81,-0.19,6,148086,卖盘
938,13:27:49,247.0,--,3,74100,买盘
939,13:27:44,247.0,-0.39,11,271700,卖盘
940,13:27:29,247.39,--,0,0,卖盘
941,13:27:24,247.39,0.07,1,25233,买盘
942,13:27:19,247.32,0.49,8,197856,卖盘
943,13:27:14,246.83,--,0,0,卖盘
944,13:27:09,246.83,--,0,0,卖盘
945,13:27:03,246.83,-0.27,13,320879,卖盘
946,13:26:59,247.1,0.29,38,938980,买盘
947,13:26:54,246.81,-0.02,200,4936200,卖盘
948,13:26:49,246.83,--,1,24683,卖盘
949,13:26:44,246.83,0.02,6,148098,买盘
950,13:26:29,246.81,0.15,42,1038823,买盘
951,13:26:24,246.66,-0.14,1,24666,中性盘
952,13:26:09,246.8,--,16,394880,卖盘
953,13:26:04,246.8,--,2,49360,卖盘
954,13:25:59,246.8,--,18,444240,卖盘
955,13:25:54,246.8,0.14,19,468920,买盘
956,13:25:49,246.66,-0.15,18,443988,卖盘
957,13:25:44,246.81,-0.02,2,49362,卖盘
958,13:25:39,246.83,--,1,24683,卖盘
959,13:25:29,246.83,--,2,49366,买盘
960,13:25:24,246.83,--,1,24683,买盘
961,13:25:14,246.83,--,16,394928,买盘
962,13:24:59,246.83,0.02,2,49366,买盘
963,13:24:54,246.81,-0.19,6,148086,卖盘
964,13:24:49,247.0,0.2,2,49400,买盘
965,13:24:44,246.8,-0.2,60,1480800,卖盘
966,13:24:29,247.0,--,0,0,买盘
967,13:24:24,247.0,--,9,222300,买盘
968,13:24:14,247.0,--,21,518700,卖盘
969,13:24:04,247.0,--,4,98800,卖盘
970,13:23:59,247.0,--,30,741000,卖盘
971,13:23:54,247.0,--,4,98800,卖盘
972,13:23:49,247.0,0.09,10,247000,买盘
973,13:23:44,246.91,-0.09,3,74073,卖盘
974,13:23:39,247.0,--,9,222300,中性盘
975,13:23:34,247.0,--,0,12350,卖盘
976,13:23:29,247.0,--,3,74100,卖盘
977,13:23:09,247.0,0.06,53,1321450,买盘
978,13:23:03,246.94,-0.06,2,49388,卖盘
979,13:22:54,247.0,-0.09,14,358150,卖盘
980,13:22:48,247.09,--,16,395344,买盘
981,13:22:39,247.09,-0.01,2,49418,卖盘
982,13:22:33,247.1,0.1,1,24710,买盘
983,13:22:29,247.0,--,6,148200,卖盘
984,13:22:18,247.0,--,0,0,卖盘
985,13:22:14,247.0,-0.35,0,12350,卖盘
986,13:22:09,247.35,0.26,24,593640,买盘
987,13:22:03,247.09,-0.21,1,24709,卖盘
988,13:21:59,247.3,0.21,2,49460,买盘
989,13:21:54,247.09,--,0,0,中性盘
990,13:21:44,247.09,0.09,1,24709,卖盘
991,13:21:39,247.0,--,15,370500,买盘
992,13:21:18,247.0,-0.3,43,1062100,卖盘
993,13:21:03,247.3,-0.09,21,519330,中性盘
994,13:20:54,247.39,0.19,17,420563,买盘
995,13:20:48,247.2,0.2,11,271920,买盘
996,13:20:43,247.0,0.15,4,98800,买盘
997,13:20:39,246.85,-0.48,41,1012085,卖盘
998,13:20:33,247.33,0.13,3,74199,买盘
999,13:20:28,247.2,--,2,49440,卖盘
1000,13:20:24,247.2,--,0,0,卖盘
1001,13:20:18,247.2,0.2,6,148320,中性盘
1002,13:20:13,247.0,--,0,0,卖盘
1003,13:20:03,247.0,--,38,938600,买盘
1004,13:19:58,247.0,0.1,1,24700,买盘
1005,13:19:53,246.9,-0.1,4,98760,中性盘
1006,13:19:48,247.0,--,6,148200,买盘
1007,13:19:38,247.0,--,19,469300,卖盘
1008,13:19:33,247.0,--,0,0,卖盘
1009,13:19:28,247.0,0.19,43,1062100,买盘
1010,13:19:18,246.81,--,3,74043,买盘
1011,13:19:13,246.81,--,1,24681,买盘
1012,13:19:08,246.81,--,1,24681,买盘
1013,13:19:03,246.81,0.01,6,148086,买盘
1014,13:18:53,246.8,-0.01,2,49360,卖盘
1015,13:18:48,246.81,--,49,1209369,卖盘
1016,13:18:43,246.81,-0.18,12,296172,卖盘
1017,13:18:33,246.99,0.19,16,395184,买盘
1018,13:18:23,246.8,-0.01,1,24680,卖盘
1019,13:18:18,246.81,0.18,1,24681,买盘
1020,13:18:13,246.63,--,10,246630,卖盘
1021,13:18:08,246.63,-0.37,20,493260,卖盘
1022,13:18:03,247.0,0.2,5,123500,买盘
1023,13:17:58,246.8,-0.2,2,49360,卖盘
1024,13:17:53,247.0,--,1,24700,买盘
1025,13:17:48,247.0,--,2,49400,买盘
1026,13:17:43,247.0,--,11,271700,卖盘
1027,13:17:38,247.0,--,0,0,卖盘
1028,13:17:23,247.0,--,15,370500,卖盘
1029,13:17:18,247.0,0.37,76,1877200,买盘
1030,13:17:08,246.63,-0.07,10,246630,卖盘
1031,13:17:03,246.7,--,22,542740,卖盘
1032,13:16:58,246.7,-0.3,70,1726900,卖盘
1033,13:16:53,247.0,--,1,24700,买盘
1034,13:16:48,247.0,0.25,1,24700,买盘
1035,13:16:43,246.75,--,0,0,卖盘
1036,13:16:33,246.75,0.05,10,246750,卖盘
1037,13:16:28,246.7,--,0,0,卖盘
1038,13:16:23,246.7,--,0,0,卖盘
1039,13:16:18,246.7,0.07,11,271370,买盘
1040,13:16:12,246.63,0.22,2,49326,卖盘
1041,13:16:08,246.41,--,0,0,中性盘
1042,13:16:03,246.41,0.05,1,24641,卖盘
1043,13:15:57,246.36,-1.01,2,49272,卖盘
1044,13:15:53,247.37,0.97,60,1484220,买盘
1045,13:15:48,246.4,--,4,98560,买盘
1046,13:15:42,246.4,0.07,1,24640,买盘
1047,13:15:38,246.33,-0.67,19,468027,卖盘
1048,13:15:33,247.0,0.52,72,1778400,买盘
1049,13:15:23,246.48,--,2,49296,卖盘
1050,13:15:08,246.48,0.2,5,123240,买盘
1051,13:14:53,246.28,-0.12,7,186926,卖盘
1052,13:14:47,246.4,--,1,29814,买盘
1053,13:14:42,246.4,--,4,98560,买盘
1054,13:14:38,246.4,0.1,6,162624,买盘
1055,13:14:32,246.3,-0.1,4,98520,中性盘
1056,13:14:27,246.4,0.14,8,197120,买盘
1057,13:14:23,246.26,-0.14,1,24626,卖盘
1058,13:14:18,246.4,--,16,394240,买盘
1059,13:14:12,246.4,-0.02,5,133056,卖盘
1060,13:14:08,246.42,--,1,24642,中性盘
1061,13:14:02,246.42,0.02,1,24642,买盘
1062,13:13:57,246.4,--,10,261184,卖盘
1063,13:13:52,246.4,-0.02,4,98560,卖盘
1064,13:13:48,246.42,-0.64,7,172494,卖盘
1065,13:13:42,247.06,-0.07,2,49412,卖盘
1066,13:13:32,247.13,-0.02,6,148278,中性盘
1067,13:13:27,247.15,--,0,0,中性盘
1068,13:13:22,247.15,--,4,98860,买盘
1069,13:13:17,247.15,0.75,4,98860,买盘
1070,13:13:12,246.4,--,0,0,卖盘
1071,13:13:07,246.4,0.15,51,1256640,买盘
1072,13:13:02,246.25,-0.15,4,98500,中性盘
1073,13:12:57,246.4,0.23,23,566720,买盘
1074,13:12:52,246.17,--,5,123085,卖盘
1075,13:12:48,246.17,-0.01,12,295404,卖盘
1076,13:12:42,246.18,-0.22,7,172326,卖盘
1077,13:12:32,246.4,0.03,5,123200,中性盘
1078,13:12:27,246.37,-1.03,7,172459,卖盘
1079,13:12:22,247.4,-0.08,8,197920,买盘
1080,13:12:17,247.48,1.11,51,1262148,买盘
1081,13:12:12,246.37,-0.03,66,1626042,卖盘
1082,13:12:07,246.4,-1.07,5,123200,买盘
1083,13:12:02,247.47,-0.03,3,74241,中性盘
1084,13:11:47,247.5,--,0,0,买盘
1085,13:11:37,247.5,1.13,1,24750,买盘
1086,13:11:32,246.37,-0.38,22,542014,卖盘
1087,13:11:27,246.75,0.62,158,3907286,买盘
1088,13:11:22,246.13,-0.01,1,24613,买盘
1089,13:11:17,246.14,0.01,3,73842,买盘
1090,13:11:12,246.13,-0.02,2,49226,卖盘
1091,13:11:07,246.15,-0.02,2,49230,卖盘
1092,13:11:02,246.17,-0.01,8,196936,卖盘
1093,13:10:57,246.18,--,1,24618,买盘
1094,13:10:52,246.18,-0.02,17,418506,卖盘
1095,13:10:47,246.2,-0.02,16,393920,卖盘
1096,13:10:42,246.22,--,3,73866,卖盘
1097,13:10:37,246.22,--,2,49244,卖盘
1098,13:10:32,246.22,0.02,2,49244,卖盘
1099,13:10:27,246.2,-0.01,4,98480,卖盘
1100,13:10:22,246.21,0.01,54,1329534,卖盘
1101,13:10:17,246.2,-0.02,11,270820,卖盘
1102,13:10:12,246.22,0.01,3,73866,买盘
1103,13:10:07,246.21,--,10,246210,买盘
1104,13:10:02,246.21,-0.01,7,172347,卖盘
1105,13:09:57,246.22,0.01,2,49244,买盘
1106,13:09:52,246.21,-0.04,1,24621,卖盘
1107,13:09:47,246.25,0.03,3,73875,买盘
1108,13:09:42,246.22,-0.03,2,49244,卖盘
1109,13:09:37,246.25,0.03,1,24625,买盘
1110,13:09:32,246.22,-0.04,3,73866,卖盘
1111,13:09:26,246.26,0.06,25,615650,中性盘
1112,13:09:21,246.2,-0.08,16,393920,卖盘
1113,13:09:17,246.28,0.02,4,98512,买盘
1114,13:09:12,246.26,-0.03,5,123130,卖盘
1115,13:09:06,246.29,0.01,7,172403,买盘
1116,13:09:02,246.28,--,4,98512,卖盘
1117,13:08:57,246.28,--,1,24628,中性盘
1118,13:08:51,246.28,-0.08,5,123140,卖盘
1119,13:08:47,246.36,0.06,6,147816,买盘
1120,13:08:42,246.3,-0.06,6,147780,中性盘
1121,13:08:36,246.36,0.06,1,24636,买盘
1122,13:08:32,246.3,--,1,24630,买盘
1123,13:08:27,246.3,-0.06,5,123150,卖盘
1124,13:08:17,246.36,--,10,246360,买盘
1125,13:08:11,246.36,-0.01,31,763716,卖盘
1126,13:08:06,246.37,0.01,3,73911,买盘
1127,13:08:02,246.36,-0.22,26,640536,卖盘
1128,13:07:56,246.58,0.21,2,49316,买盘
1129,13:07:47,246.37,-0.23,7,172459,卖盘
1130,13:07:41,246.6,-0.16,6,147960,卖盘
1131,13:07:36,246.76,--,1,24676,买盘
1132,13:07:31,246.76,0.06,65,1603940,买盘
1133,13:07:26,246.7,0.04,1,24670,买盘
1134,13:07:21,246.66,0.15,1,24666,中性盘
1135,13:07:17,246.51,-0.25,1,24651,中性盘
1136,13:07:12,246.76,0.01,3,74028,买盘
1137,13:07:06,246.75,-0.07,6,148050,卖盘
1138,13:07:01,246.82,--,1,24682,买盘
1139,13:06:56,246.82,0.09,17,419594,买盘
1140,13:06:51,246.73,0.23,1,24673,中性盘
1141,13:06:46,246.5,-0.25,50,1232500,卖盘
1142,13:06:41,246.75,-0.01,3,74025,卖盘
1143,13:06:36,246.76,0.01,1,24676,卖盘
1144,13:06:31,246.75,-0.07,2,49350,卖盘
1145,13:06:26,246.82,--,0,0,买盘
1146,13:06:21,246.82,0.06,53,1308146,买盘
1147,13:06:17,246.76,0.01,1,24676,买盘
1148,13:06:11,246.75,0.03,5,123375,买盘
1149,13:06:05,246.72,-0.04,12,296064,卖盘
1150,13:05:56,246.76,0.01,3,74028,买盘
1151,13:05:51,246.75,-0.03,10,254892,卖盘
1152,13:05:46,246.78,--,1,24678,买盘
1153,13:05:41,246.78,-0.02,2,49356,中性盘
1154,13:05:36,246.8,0.01,10,246800,卖盘
1155,13:05:31,246.79,-0.01,22,542938,卖盘
1156,13:05:26,246.8,-0.02,54,1332720,卖盘
1157,13:05:21,246.82,--,3,74046,买盘
1158,13:05:11,246.82,--,1,24682,买盘
1159,13:05:06,246.82,0.01,3,74046,买盘
1160,13:05:01,246.81,-0.01,1,24681,卖盘
1161,13:04:51,246.82,--,1,24682,买盘
1162,13:04:46,246.82,-0.08,6,148092,卖盘
1163,13:04:41,246.9,--,2,49380,买盘
1164,13:04:31,246.9,-0.59,2,49380,卖盘
1165,13:04:26,247.49,--,13,321737,卖盘
1166,13:04:20,247.49,--,0,0,中性盘
1167,13:04:11,247.49,0.68,1,24749,买盘
1168,13:04:06,246.81,0.01,2,49362,中性盘
1169,13:03:56,246.8,0.01,13,344532,中性盘
1170,13:03:51,246.79,-0.21,20,493580,卖盘
1171,13:03:41,247.0,0.2,4,98800,买盘
1172,13:03:36,246.8,--,1,24680,卖盘
1173,13:03:26,246.8,0.01,11,271480,卖盘
1174,13:03:16,246.79,-0.01,4,116238,卖盘
1175,13:03:11,246.8,--,3,74040,买盘
1176,13:03:06,246.8,--,2,49360,买盘
1177,13:03:01,246.8,--,3,74040,买盘
1178,13:02:56,246.8,--,2,49360,买盘
1179,13:02:50,246.8,--,6,148080,买盘
1180,13:02:46,246.8,--,2,49360,买盘
1181,13:02:41,246.8,--,7,172760,买盘
1182,13:02:36,246.8,0.04,24,592320,买盘
1183,13:02:31,246.76,-0.04,22,542872,卖盘
1184,13:02:26,246.8,-0.1,22,542960,卖盘
1185,13:02:20,246.9,--,0,0,买盘
1186,13:02:15,246.9,0.11,1,24690,买盘
1187,13:02:11,246.79,0.04,2,49358,买盘
1188,13:02:05,246.75,0.03,11,281295,中性盘
1189,13:02:00,246.72,-0.01,1,24672,卖盘
1190,13:01:56,246.73,0.01,5,133727,买盘
1191,13:01:51,246.72,0.02,1,24672,买盘
1192,13:01:45,246.7,-0.02,2,49340,卖盘
1193,13:01:41,246.72,-0.05,2,49344,中性盘
1194,13:01:35,246.77,0.04,18,458498,买盘
1195,13:01:29,246.73,0.01,1,24673,卖盘
1196,13:01:26,246.72,--,0,0,卖盘
1197,13:01:20,246.72,-0.05,3,74016,卖盘
1198,13:01:10,246.77,0.05,1,24677,买盘
1199,13:01:05,246.72,-0.16,5,123360,卖盘
1200,13:01:00,246.88,0.08,38,948512,买盘
1201,13:00:56,246.8,--,15,370200,卖盘
1202,13:00:50,246.8,--,65,1604200,卖盘
1203,13:00:45,246.8,-0.03,2,49360,买盘
1204,13:00:41,246.83,0.03,2,49366,买盘
1205,13:00:35,246.8,--,4,98720,卖盘
1206,13:00:30,246.8,-0.04,7,172760,卖盘
1207,13:00:26,246.84,-0.02,1,24684,卖盘
1208,13:00:20,246.86,-0.14,37,919306,卖盘
1209,13:00:15,247.0,--,30,741000,卖盘
1210,13:00:10,247.0,-0.5,4,98800,卖盘
1211,13:00:05,247.5,-0.3,296,7326000,卖盘
1212,11:30:00,247.8,--,0,0,买盘
1213,11:30:00,247.8,--,0,0,买盘
1214,11:30:00,247.8,--,0,0,买盘
1215,11:29:57,247.8,0.28,1,24780,买盘
1216,11:29:52,247.52,-0.28,11,272272,卖盘
1217,11:29:47,247.8,0.2,15,371700,中性盘
1218,11:29:42,247.6,-0.22,29,718040,卖盘
1219,11:29:37,247.82,0.01,1,24782,卖盘
1220,11:29:31,247.81,--,0,0,卖盘
1221,11:29:22,247.81,-0.04,2,49562,卖盘
1222,11:29:16,247.85,--,2,49570,买盘
1223,11:29:12,247.85,0.04,4,99140,中性盘
1224,11:29:07,247.81,-0.1,2,49562,卖盘
1225,11:29:01,247.91,0.09,1,24791,买盘
1226,11:28:57,247.82,--,1,24782,卖盘
1227,11:28:42,247.82,-0.01,4,99128,卖盘
1228,11:28:31,247.83,-0.17,8,198264,卖盘
1229,11:28:27,248.0,--,2,49600,卖盘
1230,11:28:22,248.0,-0.08,2,49600,卖盘
1231,11:28:12,248.08,0.08,2,49616,买盘
1232,11:28:02,248.0,--,0,0,卖盘
1233,11:27:57,248.0,--,5,124000,卖盘
1234,11:27:51,248.0,--,0,0,卖盘
1235,11:27:47,248.0,-0.1,4,99200,卖盘
1236,11:27:27,248.1,--,1,24810,买盘
1237,11:27:16,248.1,-0.05,62,1538220,卖盘
1238,11:27:07,248.15,--,2,49630,买盘
1239,11:27:02,248.15,-0.1,1,24815,卖盘
1240,11:26:46,248.25,--,1,24825,买盘
1241,11:26:41,248.25,--,12,297900,买盘
1242,11:26:31,248.25,--,0,0,买盘
1243,11:26:21,248.25,--,1,24825,买盘
1244,11:26:17,248.25,0.1,2,49650,买盘
1245,11:26:11,248.15,-0.1,8,198520,中性盘
1246,11:26:07,248.25,0.1,1,24825,买盘
1247,11:26:01,248.15,-0.1,2,49630,卖盘
1248,11:25:51,248.25,0.15,1,24825,买盘
1249,11:25:45,248.1,--,0,0,卖盘
1250,11:25:21,248.1,--,0,0,卖盘
1251,11:25:06,248.1,0.01,17,421770,买盘
1252,11:25:00,248.09,--,23,570607,买盘
1253,11:24:45,248.09,0.07,1,24809,买盘
1254,11:24:40,248.02,-0.06,20,496040,卖盘
1255,11:24:25,248.08,--,0,0,中性盘
1256,11:24:21,248.08,0.06,1,24808,买盘
1257,11:24:10,248.02,-0.06,1,24802,卖盘
1258,11:24:06,248.08,--,1,24808,买盘
1259,11:23:55,248.08,0.06,1,24808,买盘
1260,11:23:51,248.02,--,109,2719787,买盘
1261,11:23:46,248.02,--,2,49604,买盘
1262,11:23:40,248.02,--,5,124010,买盘
1263,11:23:36,248.02,--,11,289439,买盘
1264,11:23:30,248.02,0.01,5,124010,买盘
1265,11:23:25,248.01,-0.01,4,115820,卖盘
1266,11:23:21,248.02,--,5,124010,买盘
1267,11:23:15,248.02,-0.06,3,74406,买盘
1268,11:23:11,248.08,0.08,3,74424,买盘
1269,11:23:06,248.0,--,25,620000,卖盘
1270,11:22:55,248.0,--,20,514848,买盘
1271,11:22:40,248.0,0.01,6,148800,买盘
1272,11:22:36,247.99,-0.01,2,49598,中性盘
1273,11:22:30,248.0,--,9,223200,买盘
1274,11:22:21,248.0,--,0,0,买盘
1275,11:22:11,248.0,--,0,0,买盘
1276,11:22:01,248.0,0.1,30,744000,买盘
1277,11:21:56,247.9,-0.09,5,128908,卖盘
1278,11:21:51,247.99,-0.01,1,44638,中性盘
1279,11:21:46,248.0,0.01,27,669600,买盘
1280,11:21:40,247.99,--,1,24799,买盘
1281,11:21:36,247.99,--,5,123995,卖盘
1282,11:21:25,247.99,--,8,198392,卖盘
1283,11:21:20,247.99,-0.01,3,74397,卖盘
1284,11:21:15,248.0,--,6,148800,买盘
1285,11:21:11,248.0,--,24,595200,买盘
1286,11:21:06,248.0,-0.05,36,893792,卖盘
1287,11:21:00,248.05,0.04,2,49610,买盘
1288,11:20:56,248.01,-0.04,30,744030,卖盘
1289,11:20:51,248.05,-0.04,1,24805,卖盘
1290,11:20:36,248.09,0.09,2,49618,买盘
1291,11:20:31,248.0,-0.05,122,3041720,卖盘
1292,11:20:25,248.05,--,2,49610,买盘
1293,11:20:21,248.05,-0.04,5,124025,卖盘
1294,11:20:16,248.09,--,1,24809,买盘
1295,11:20:11,248.09,--,4,99236,买盘
1296,11:20:05,248.09,0.04,5,124045,买盘
1297,11:20:00,248.05,-0.01,1,24805,卖盘
1298,11:19:55,248.06,0.01,3,74418,中性盘
1299,11:19:50,248.05,0.04,2,49610,买盘
1300,11:19:46,248.01,-0.04,3,74403,卖盘
1301,11:19:40,248.05,--,4,99220,买盘
1302,11:19:36,248.05,--,7,173635,买盘
1303,11:19:25,248.05,--,2,49610,卖盘
1304,11:19:21,248.05,0.02,147,3646335,买盘
1305,11:19:16,248.03,0.02,1,24803,卖盘
1306,11:19:11,248.01,-0.08,104,2579304,卖盘
1307,11:19:05,248.09,--,0,0,买盘
1308,11:19:00,248.09,0.05,1,24809,买盘
1309,11:18:50,248.04,0.03,1,24804,卖盘
1310,11:18:45,248.01,-0.08,32,793632,卖盘
1311,11:18:40,248.09,-0.01,3,74427,买盘
1312,11:18:35,248.1,--,0,0,买盘
1313,11:18:30,248.1,--,2,49620,买盘
1314,11:18:25,248.1,--,16,396960,买盘
1315,11:18:20,248.1,--,2,49620,买盘
1316,11:18:15,248.1,--,0,0,买盘
1317,11:18:09,248.1,0.1,3,74430,中性盘
1318,11:18:05,248.0,-0.1,12,297600,卖盘
1319,11:18:00,248.1,--,9,223290,卖盘
1320,11:17:55,248.1,--,4,99240,卖盘
1321,11:17:50,248.1,0.1,1,24810,中性盘
1322,11:17:45,248.0,--,20,511128,卖盘
1323,11:17:40,248.0,--,1,24800,卖盘
1324,11:17:34,248.0,-0.25,10,265360,卖盘
1325,11:17:30,248.25,0.25,5,124125,买盘
1326,11:17:15,248.0,-0.25,89,2207200,卖盘
1327,11:17:10,248.25,-0.03,7,173775,卖盘
1328,11:17:05,248.28,-0.02,2,49656,卖盘
1329,11:17:00,248.3,-0.05,11,273130,卖盘
1330,11:16:55,248.35,--,3,74505,买盘
1331,11:16:49,248.35,-0.03,6,149010,卖盘
1332,11:16:45,248.38,-0.02,35,891684,卖盘
1333,11:16:39,248.4,-0.06,7,173880,卖盘
1334,11:16:30,248.46,0.06,3,74538,买盘
1335,11:16:19,248.4,-0.06,34,844560,卖盘
1336,11:16:15,248.46,--,4,99384,卖盘
1337,11:16:00,248.46,0.06,10,248460,买盘
1338,11:15:54,248.4,--,1,24840,卖盘
1339,11:15:49,248.4,--,1,24840,卖盘
1340,11:15:30,248.4,--,1,24840,卖盘
1341,11:15:24,248.4,--,2,49680,卖盘
1342,11:15:19,248.4,--,10,250884,买盘
1343,11:15:15,248.4,--,4,99360,买盘
1344,11:15:10,248.4,0.08,1,24840,买盘
1345,11:15:04,248.32,-0.18,19,471808,卖盘
1346,11:15:00,248.5,--,2,49700,买盘
1347,11:14:54,248.5,--,1,24850,买盘
1348,11:14:50,248.5,--,4,99400,买盘
1349,11:14:45,248.5,--,8,198800,买盘
1350,11:14:39,248.5,--,1,24850,买盘
1351,11:14:34,248.5,--,1,24850,买盘
1352,11:14:30,248.5,--,19,472150,买盘
1353,11:14:24,248.5,--,13,323050,买盘
1354,11:14:20,248.5,-0.2,21,521850,卖盘
1355,11:14:14,248.7,--,17,422790,买盘
1356,11:14:09,248.7,--,8,198960,买盘
1357,11:14:05,248.7,--,0,0,买盘
1358,11:13:59,248.7,0.01,1,24870,买盘
1359,11:13:55,248.69,0.06,3,74607,买盘
1360,11:13:50,248.63,0.03,1,24863,中性盘
1361,11:13:45,248.6,--,3,74580,中性盘
1362,11:13:34,248.6,--,2,49720,买盘
1363,11:13:30,248.6,0.1,3,74580,买盘
1364,11:13:19,248.5,0.08,2,49700,卖盘
1365,11:13:14,248.42,--,0,0,卖盘
1366,11:13:04,248.42,0.04,1,24842,卖盘
1367,11:13:00,248.38,--,0,0,卖盘
1368,11:12:54,248.38,0.01,1,24838,买盘
1369,11:12:40,248.37,0.01,3,74511,买盘
1370,11:12:34,248.36,-0.01,2,49672,中性盘
1371,11:12:29,248.37,--,7,173859,买盘
1372,11:12:24,248.37,0.07,2,49674,买盘
1373,11:12:19,248.3,0.02,9,228436,买盘
1374,11:12:09,248.28,0.04,6,148968,买盘
1375,11:11:59,248.24,-0.11,7,173768,卖盘
1376,11:11:54,248.35,0.05,2,49670,买盘
1377,11:11:48,248.3,--,2,49660,买盘
1378,11:11:43,248.3,0.06,6,148980,买盘
1379,11:11:39,248.24,--,9,231359,卖盘
1380,11:11:34,248.24,-0.06,6,165824,卖盘
1381,11:11:29,248.3,--,2,49660,买盘
1382,11:11:24,248.3,--,7,173810,买盘
1383,11:11:19,248.3,--,2,49660,买盘
1384,11:11:14,248.3,-0.07,7,173810,卖盘
1385,11:11:09,248.37,--,5,124185,买盘
1386,11:11:04,248.37,0.02,1,24837,买盘
1387,11:10:54,248.35,-0.03,5,124175,卖盘
1388,11:10:49,248.38,-0.03,1,24838,中性盘
1389,11:10:44,248.41,--,2,49682,买盘
1390,11:10:39,248.41,-0.14,4,99364,中性盘
1391,11:10:33,248.55,--,2,49710,买盘
1392,11:10:29,248.55,-0.14,5,124275,中性盘
1393,11:10:24,248.69,0.09,18,447642,买盘
1394,11:10:19,248.6,--,5,124300,买盘
1395,11:10:13,248.6,-0.1,2,49720,卖盘
1396,11:10:09,248.7,--,11,292471,卖盘
1397,11:10:03,248.7,--,0,0,卖盘
1398,11:09:58,248.7,-0.1,34,851548,卖盘
1399,11:09:48,248.8,--,3,74640,卖盘
1400,11:09:44,248.8,-0.1,2,49760,卖盘
1401,11:09:38,248.9,-0.03,1,24890,卖盘
1402,11:09:29,248.93,--,5,124465,买盘
1403,11:09:24,248.93,-0.02,2,49786,卖盘
1404,11:09:13,248.95,--,5,124475,卖盘
1405,11:09:08,248.95,-0.05,115,2875372,卖盘
1406,11:09:03,249.0,--,1,24900,卖盘
1407,11:08:59,249.0,--,52,1294800,卖盘
1408,11:08:54,249.0,-0.01,13,323700,卖盘
1409,11:08:48,249.01,-0.14,2,49802,卖盘
1410,11:08:39,249.15,-0.03,26,660247,卖盘
1411,11:08:33,249.18,0.03,1,24918,买盘
1412,11:08:29,249.15,-0.03,3,74745,卖盘
1413,11:08:23,249.18,-0.02,11,274098,卖盘
1414,11:08:19,249.2,--,23,573160,卖盘
1415,11:08:13,249.2,--,0,0,卖盘
1416,11:08:09,249.2,-0.04,6,149520,卖盘
1417,11:08:03,249.24,--,1,24924,买盘
1418,11:07:58,249.24,0.04,3,74772,买盘
1419,11:07:53,249.2,--,6,149520,卖盘
1420,11:07:48,249.2,-0.01,1,24920,卖盘
1421,11:07:43,249.21,--,1,24921,买盘
1422,11:07:38,249.21,0.01,2,49842,中性盘
1423,11:07:33,249.2,-0.1,23,573160,卖盘
1424,11:07:23,249.3,-0.05,6,162045,卖盘
1425,11:07:19,249.35,0.05,1,24935,买盘
1426,11:07:13,249.3,-0.05,2,49860,卖盘
1427,11:07:08,249.35,0.05,1,24935,买盘
1428,11:07:04,249.3,--,3,87255,卖盘
1429,11:06:58,249.3,--,3,74790,卖盘
1430,11:06:53,249.3,--,2,49860,卖盘
1431,11:06:43,249.3,-0.04,22,548460,卖盘
1432,11:06:38,249.34,--,1,24934,卖盘
1433,11:06:33,249.34,--,3,74802,卖盘
1434,11:06:28,249.34,-0.01,6,149604,卖盘
1435,11:06:23,249.35,-0.01,36,920101,卖盘
1436,11:06:13,249.36,--,0,0,卖盘
1437,11:06:08,249.36,--,1,24936,卖盘
1438,11:05:53,249.36,0.01,2,49872,卖盘
1439,11:05:48,249.35,--,0,0,卖盘
1440,11:05:18,249.35,-0.15,1,27428,卖盘
1441,11:05:13,249.5,0.1,1,24950,买盘
1442,11:05:08,249.4,-0.1,1,24940,卖盘
1443,11:05:02,249.5,--,0,0,买盘
1444,11:04:53,249.5,0.14,6,149700,买盘
1445,11:04:48,249.36,-0.11,10,249360,卖盘
1446,11:04:37,249.47,--,0,0,中性盘
1447,11:04:33,249.47,--,0,0,买盘
1448,11:04:12,249.47,0.11,1,24947,买盘
1449,11:04:07,249.36,-0.02,17,423912,卖盘
1450,11:04:03,249.38,-0.01,3,74814,卖盘
1451,11:03:57,249.39,-0.11,7,174573,卖盘
1452,11:03:53,249.5,0.01,1,24950,买盘
1453,11:03:47,249.49,-0.01,2,62871,中性盘
1454,11:03:42,249.5,0.03,4,99800,买盘
1455,11:03:27,249.47,-0.03,2,49894,卖盘
1456,11:03:18,249.5,0.03,3,74850,中性盘
1457,11:03:13,249.47,--,17,424099,卖盘
1458,11:03:02,249.47,--,0,0,卖盘
1459,11:02:58,249.47,--,0,0,卖盘
1460,11:02:53,249.47,--,10,249470,卖盘
1461,11:02:38,249.47,--,0,0,卖盘
1462,11:02:22,249.47,-0.06,19,473993,卖盘
1463,11:02:17,249.53,--,3,86836,买盘
1464,11:02:08,249.53,--,12,299436,买盘
1465,11:02:02,249.53,--,2,49906,买盘
1466,11:01:57,249.53,--,1,24953,买盘
1467,11:01:52,249.53,--,1,24953,买盘
1468,11:01:47,249.53,--,6,162693,卖盘
1469,11:01:17,249.53,0.06,16,399248,中性盘
1470,11:01:13,249.47,--,9,236497,买盘
1471,11:01:08,249.47,--,13,324311,买盘
1472,11:01:02,249.47,--,7,174629,买盘
1473,11:00:57,249.47,--,1,24947,买盘
1474,11:00:52,249.47,-0.03,5,124735,买盘
1475,11:00:47,249.5,--,0,0,买盘
1476,11:00:42,249.5,--,6,162674,卖盘
1477,11:00:37,249.5,--,10,249500,卖盘
1478,11:00:32,249.5,0.15,17,436126,买盘
1479,11:00:28,249.35,-0.15,5,124675,卖盘
1480,11:00:23,249.5,0.15,4,99800,买盘
1481,11:00:17,249.35,-0.15,3,74805,卖盘
1482,11:00:13,249.5,0.11,13,324350,买盘
1483,11:00:07,249.39,0.04,2,49878,买盘
1484,11:00:02,249.35,--,3,74805,买盘
1485,10:59:52,249.35,--,21,523635,买盘
1486,10:59:47,249.35,--,14,349090,买盘
1487,10:59:42,249.35,0.07,28,698180,买盘
1488,10:59:37,249.28,--,0,0,中性盘
1489,10:59:32,249.28,--,8,199424,买盘
1490,10:59:27,249.28,--,1,24928,买盘
1491,10:59:17,249.28,0.05,6,149568,卖盘
1492,10:59:02,249.23,-0.05,10,249230,卖盘
1493,10:58:57,249.28,--,14,348992,买盘
1494,10:58:47,249.28,--,2,49856,买盘
1495,10:58:42,249.28,-0.07,2,49856,卖盘
1496,10:58:37,249.35,--,10,249350,买盘
1497,10:58:32,249.35,-0.04,32,797920,卖盘
1498,10:58:27,249.39,0.03,1,24939,买盘
1499,10:58:21,249.36,-0.03,8,199488,卖盘
1500,10:58:11,249.39,0.03,12,299268,买盘
1501,10:58:02,249.36,0.01,11,274296,中性盘
1502,10:57:57,249.35,--,2,49870,卖盘
1503,10:57:47,249.35,0.07,13,324155,买盘
1504,10:57:42,249.28,-0.07,6,149568,卖盘
1505,10:57:37,249.35,--,1,24935,买盘
1506,10:57:32,249.35,0.05,2,49870,买盘
1507,10:57:27,249.3,--,1,24930,中性盘
1508,10:57:21,249.3,0.01,1,24930,买盘
1509,10:57:12,249.29,--,1,24929,买盘
1510,10:57:01,249.29,-0.05,5,124645,卖盘
1511,10:56:57,249.34,-0.01,2,49868,中性盘
1512,10:56:51,249.35,--,0,0,买盘
1513,10:56:46,249.35,0.01,3,74805,买盘
1514,10:56:42,249.34,-0.04,1,24934,卖盘
1515,10:56:31,249.38,-0.01,1,24938,卖盘
1516,10:56:27,249.39,--,1,24939,买盘
1517,10:56:21,249.39,--,1,24939,买盘
1518,10:56:16,249.39,--,2,49878,买盘
1519,10:56:12,249.39,-0.08,13,324207,卖盘
1520,10:56:01,249.47,-0.03,10,249470,卖盘
1521,10:55:57,249.5,-0.07,12,315867,卖盘
1522,10:55:51,249.57,--,23,574011,卖盘
1523,10:55:42,249.57,--,10,249570,卖盘
1524,10:55:32,249.57,-0.11,2,49914,卖盘
1525,10:55:27,249.68,--,1,24968,卖盘
1526,10:55:21,249.68,-0.02,3,74904,卖盘
1527,10:55:11,249.7,-0.1,5,124850,卖盘
1528,10:55:06,249.8,-0.02,6,149880,卖盘
1529,10:55:01,249.82,-0.03,1,24982,卖盘
1530,10:54:41,249.85,--,0,0,中性盘
1531,10:54:36,249.85,-0.01,1,24985,卖盘
1532,10:54:21,249.86,-0.01,7,174902,卖盘
1533,10:54:11,249.87,--,0,0,卖盘
1534,10:54:02,249.87,-0.12,1,24987,卖盘
1535,10:53:56,249.99,0.01,2,49998,买盘
1536,10:53:51,249.98,--,0,0,中性盘
1537,10:53:46,249.98,0.11,1,24998,买盘
1538,10:53:41,249.87,--,2,49974,卖盘
1539,10:53:36,249.87,-0.13,4,99948,卖盘
1540,10:53:21,250.0,--,0,0,买盘
1541,10:53:16,250.0,--,0,17250,卖盘
1542,10:53:11,250.0,--,1,25000,卖盘
1543,10:53:01,250.0,-0.1,10,250000,卖盘
1544,10:52:56,250.1,0.1,2,50020,买盘
1545,10:52:51,250.0,--,5,125000,卖盘
1546,10:52:41,250.0,--,5,130000,卖盘
1547,10:52:36,250.0,--,23,575000,卖盘
1548,10:52:21,250.0,--,15,398250,卖盘
1549,10:52:15,250.0,--,13,342250,卖盘
1550,10:52:11,250.0,-0.1,32,812250,卖盘
1551,10:52:06,250.1,-0.12,20,500200,卖盘
1552,10:51:41,250.22,0.02,10,250220,买盘
1553,10:51:35,250.2,-0.02,4,100080,卖盘
1554,10:51:26,250.22,-0.01,7,175154,卖盘
1555,10:51:20,250.23,--,2,50046,买盘
1556,10:50:56,250.23,0.01,1,25023,买盘
1557,10:50:51,250.22,-0.01,20,500440,卖盘
1558,10:50:45,250.23,--,2,50046,卖盘
1559,10:50:41,250.23,--,2,50046,卖盘
1560,10:50:35,250.23,--,1,25023,买盘
1561,10:50:30,250.23,0.01,2,50046,买盘
1562,10:50:10,250.22,-0.01,23,575506,卖盘
1563,10:50:06,250.23,--,1,25023,买盘
1564,10:49:56,250.23,-0.5,7,175161,卖盘
1565,10:49:51,250.73,--,2,50146,买盘
1566,10:49:30,250.73,--,4,100292,买盘
1567,10:49:21,250.73,--,3,75219,买盘
1568,10:49:15,250.73,-0.02,1,25073,卖盘
1569,10:49:10,250.75,0.02,14,351050,买盘
1570,10:49:06,250.73,--,6,150438,卖盘
1571,10:48:55,250.73,0.5,1,25073,买盘
1572,10:48:40,250.23,--,1,25023,卖盘
1573,10:48:30,250.23,-0.02,10,250230,卖盘
1574,10:48:21,250.25,0.01,10,250250,买盘
1575,10:48:15,250.24,--,7,175168,买盘
1576,10:48:10,250.24,0.01,2,50048,买盘
1577,10:48:06,250.23,-0.01,1,25023,卖盘
1578,10:48:00,250.24,--,3,75072,买盘
1579,10:47:55,250.24,--,1,25024,买盘
1580,10:47:40,250.24,--,29,725696,买盘
1581,10:47:25,250.24,--,1,25024,买盘
1582,10:47:20,250.24,-0.53,2,50048,卖盘
1583,10:47:10,250.77,--,0,0,买盘
1584,10:46:45,250.77,0.55,1,25077,买盘
1585,10:46:40,250.22,--,0,0,卖盘
1586,10:46:15,250.22,--,0,0,卖盘
1587,10:46:10,250.22,--,0,0,中性盘
1588,10:46:00,250.22,--,0,0,卖盘
1589,10:45:45,250.22,-0.06,2,62555,买盘
1590,10:45:35,250.28,-0.26,15,387934,卖盘
1591,10:45:24,250.54,-0.4,5,125270,卖盘
1592,10:45:20,250.94,--,2,50188,买盘
1593,10:45:05,250.94,--,0,0,买盘
1594,10:44:50,250.94,-0.01,54,1355076,卖盘
1595,10:44:39,250.95,--,0,0,买盘
1596,10:44:30,250.95,0.41,1,25095,买盘
1597,10:44:05,250.54,--,3,87689,买盘
1598,10:43:54,250.54,--,0,0,买盘
1599,10:43:50,250.54,--,1,25054,买盘
1600,10:43:30,250.54,--,1,25054,买盘
1601,10:43:14,250.54,0.04,1,25054,买盘
1602,10:43:05,250.5,-0.04,3,75150,卖盘
1603,10:42:39,250.54,--,0,0,买盘
1604,10:42:24,250.54,--,0,0,买盘
1605,10:42:19,250.54,-0.44,5,130280,卖盘
1606,10:42:15,250.98,--,0,0,买盘
1607,10:42:05,250.98,0.44,10,250980,买盘
1608,10:41:50,250.54,--,0,0,卖盘
1609,10:41:24,250.54,--,0,0,卖盘
1610,10:41:19,250.54,0.03,12,320691,买盘
1611,10:40:59,250.51,-0.03,2,50102,卖盘
1612,10:40:54,250.54,0.01,4,100216,买盘
1613,10:40:49,250.53,--,0,0,买盘
1614,10:40:45,250.53,--,0,0,中性盘
1615,10:40:39,250.53,--,0,0,中性盘
1616,10:40:34,250.53,0.23,3,75159,买盘
1617,10:40:29,250.3,--,0,0,卖盘
1618,10:40:24,250.3,-0.23,2,50060,卖盘
1619,10:40:14,250.53,-0.01,1,25053,中性盘
1620,10:39:54,250.54,--,0,0,买盘
1621,10:39:49,250.54,0.34,6,150324,买盘
1622,10:39:39,250.2,-0.34,1,40782,卖盘
1623,10:39:34,250.54,--,2,50108,买盘
1624,10:39:29,250.54,--,0,0,买盘
1625,10:39:19,250.54,0.01,1,25054,买盘
1626,10:39:14,250.53,--,2,50106,买盘
1627,10:39:09,250.53,--,0,0,买盘
1628,10:39:04,250.53,--,0,0,买盘
1629,10:38:59,250.53,--,2,50106,买盘
1630,10:38:54,250.53,--,1,25053,买盘
1631,10:38:48,250.53,0.09,3,75159,买盘
1632,10:38:33,250.44,0.14,1,25044,卖盘
1633,10:38:14,250.3,-0.02,9,228774,卖盘
1634,10:38:09,250.32,0.02,1,25032,买盘
1635,10:38:03,250.3,--,6,150180,卖盘
1636,10:37:59,250.3,--,2,50060,卖盘
1637,10:37:44,250.3,-0.02,1,25030,中性盘
1638,10:37:24,250.32,0.09,4,100128,买盘
1639,10:37:14,250.23,-0.07,2,50046,卖盘
1640,10:37:09,250.3,--,1,25030,买盘
1641,10:36:54,250.3,--,5,125150,买盘
1642,10:36:44,250.3,-0.02,1,25030,卖盘
1643,10:36:29,250.32,--,3,75096,买盘
1644,10:36:03,250.32,--,19,475608,卖盘
1645,10:35:59,250.32,--,0,0,卖盘
1646,10:35:54,250.32,0.02,11,275352,卖盘
1647,10:35:44,250.3,--,0,0,卖盘
1648,10:35:14,250.3,-0.23,5,125150,卖盘
1649,10:35:08,250.53,--,0,0,买盘
1650,10:35:03,250.53,--,0,0,买盘
1651,10:34:33,250.53,-0.01,1,25053,买盘
1652,10:34:29,250.54,--,0,0,买盘
1653,10:34:23,250.54,0.01,2,50108,买盘
1654,10:34:13,250.53,--,0,0,中性盘
1655,10:34:08,250.53,--,1,25053,卖盘
1656,10:34:03,250.53,-0.01,3,75159,卖盘
1657,10:33:58,250.54,0.01,2,50108,买盘
1658,10:33:43,250.53,--,39,977067,卖盘
1659,10:33:38,250.53,0.41,11,275583,买盘
1660,10:33:33,250.12,-0.16,9,225108,卖盘
1661,10:33:28,250.28,-0.03,5,125140,卖盘
1662,10:33:08,250.31,--,5,125155,卖盘
1663,10:33:03,250.31,--,2,50062,卖盘
1664,10:32:43,250.31,0.2,4,100124,买盘
1665,10:32:38,250.11,-0.16,24,600264,卖盘
1666,10:32:28,250.27,--,10,250270,买盘
1667,10:32:23,250.27,--,1,25027,买盘
1668,10:32:18,250.27,0.16,2,50054,买盘
1669,10:32:13,250.11,-0.29,1,25011,卖盘
1670,10:32:08,250.4,--,3,75120,买盘
1671,10:32:03,250.4,0.3,4,100160,买盘
1672,10:31:48,250.1,-0.2,6,150060,卖盘
1673,10:31:42,250.3,-0.1,1,25030,买盘
1674,10:31:38,250.4,0.05,3,75120,买盘
1675,10:31:33,250.35,--,0,0,买盘
1676,10:31:27,250.35,--,4,100140,买盘
1677,10:31:23,250.35,--,1,25035,买盘
1678,10:31:18,250.35,-0.05,14,350490,卖盘
1679,10:31:03,250.4,--,3,75120,卖盘
1680,10:30:57,250.4,0.09,2,50080,买盘
1681,10:30:38,250.31,0.01,10,250310,买盘
1682,10:30:32,250.3,--,1,25030,卖盘
1683,10:30:27,250.3,0.2,1,25030,买盘
1684,10:30:23,250.1,--,0,0,卖盘
1685,10:30:17,250.1,--,3,75030,卖盘
1686,10:30:12,250.1,-0.13,2,50020,卖盘
1687,10:30:08,250.23,0.13,1,25023,买盘
1688,10:30:02,250.1,-0.13,2,50020,卖盘
1689,10:29:57,250.23,--,4,100092,买盘
1690,10:29:38,250.23,0.23,1,25023,买盘
1691,10:29:32,250.0,--,0,0,卖盘
1692,10:29:23,250.0,-0.23,50,1250000,卖盘
1693,10:29:17,250.23,--,6,150138,买盘
1694,10:29:08,250.23,--,5,125115,卖盘
1695,10:29:02,250.23,0.23,7,175161,卖盘
1696,10:28:57,250.0,--,0,0,卖盘
1697,10:28:53,250.0,-0.21,81,2025000,卖盘
1698,10:28:47,250.21,-0.09,5,125105,卖盘
1699,10:28:42,250.3,--,2,50060,买盘
1700,10:28:38,250.3,--,3,75090,卖盘
1701,10:28:27,250.3,-0.23,2,50060,卖盘
1702,10:28:23,250.53,0.23,2,50106,买盘
1703,10:28:17,250.3,-0.13,10,250300,卖盘
1704,10:28:12,250.43,--,0,0,卖盘
1705,10:28:02,250.43,-0.02,1,25043,卖盘
1706,10:27:57,250.45,--,0,0,中性盘
1707,10:27:53,250.45,-0.08,14,350630,卖盘
1708,10:27:47,250.53,--,0,0,卖盘
1709,10:27:38,250.53,--,0,0,卖盘
1710,10:27:27,250.53,-0.24,80,2004240,卖盘
1711,10:27:23,250.77,-0.23,13,326001,卖盘
1712,10:27:17,251.0,0.22,1,25100,买盘
1713,10:27:02,250.78,-0.26,1,25078,卖盘
1714,10:26:57,251.04,-0.03,6,150624,卖盘
1715,10:26:52,251.07,0.03,14,351498,买盘
1716,10:26:47,251.04,--,4,100416,卖盘
1717,10:26:37,251.04,--,0,0,卖盘
1718,10:26:32,251.04,-0.04,37,928848,卖盘
1719,10:26:27,251.08,--,2,50216,买盘
1720,10:26:22,251.08,0.04,3,75324,买盘
1721,10:26:17,251.04,-0.04,1,25104,卖盘
1722,10:26:12,251.08,0.04,1,25108,买盘
1723,10:25:52,251.04,-0.15,6,150624,卖盘
1724,10:25:42,251.19,0.14,31,778689,买盘
1725,10:25:36,251.05,0.01,2,50210,买盘
1726,10:25:32,251.04,--,7,175728,卖盘
1727,10:25:26,251.04,--,12,301248,买盘
1728,10:25:12,251.04,-0.01,4,100416,卖盘
1729,10:25:06,251.05,0.01,2,50210,买盘
1730,10:25:02,251.04,-0.04,43,1079472,卖盘
1731,10:24:57,251.08,0.04,8,200864,卖盘
1732,10:24:51,251.04,--,0,0,卖盘
1733,10:24:47,251.04,--,0,0,卖盘
1734,10:24:21,251.04,-0.01,1,25104,卖盘
1735,10:24:02,251.05,--,8,200840,买盘
1736,10:23:56,251.05,--,17,426785,卖盘
1737,10:23:41,251.05,--,3,75315,卖盘
1738,10:23:36,251.05,0.01,2,50210,卖盘
1739,10:23:26,251.04,0.14,21,527184,买盘
1740,10:23:17,250.9,-0.15,4,100360,卖盘
1741,10:23:06,251.05,--,0,0,中性盘
1742,10:23:02,251.05,0.01,9,225945,买盘
1743,10:22:56,251.04,-0.01,14,351456,卖盘
1744,10:22:51,251.05,--,10,251050,卖盘
1745,10:22:46,251.05,0.05,6,150630,卖盘
1746,10:22:41,251.0,0.1,1,25100,买盘
1747,10:22:36,250.9,-0.14,5,125450,卖盘
1748,10:22:32,251.04,--,5,125520,卖盘
1749,10:22:26,251.04,0.04,15,376560,卖盘
1750,10:22:21,251.0,--,0,0,中性盘
1751,10:22:17,251.0,-0.04,25,627500,卖盘
1752,10:22:11,251.04,--,2,50208,卖盘
1753,10:22:01,251.04,-0.06,5,125520,卖盘
1754,10:21:51,251.1,0.1,2,50220,买盘
1755,10:21:41,251.0,--,6,150600,买盘
1756,10:21:36,251.0,--,7,175700,买盘
1757,10:21:21,251.0,0.1,108,2710800,买盘
1758,10:21:17,250.9,0.09,1,25090,买盘
1759,10:21:11,250.81,--,0,0,卖盘
1760,10:20:56,250.81,0.04,27,677187,买盘
1761,10:20:46,250.77,0.27,2,50154,买盘
1762,10:20:41,250.5,--,0,0,卖盘
1763,10:20:32,250.5,--,0,0,卖盘
1764,10:20:26,250.5,-0.25,2,50100,卖盘
1765,10:20:17,250.75,0.25,47,1178525,买盘
1766,10:20:01,250.5,--,11,285570,买盘
1767,10:19:56,250.5,--,2,50100,买盘
1768,10:19:46,250.5,0.1,40,1002000,卖盘
1769,10:19:31,250.4,-0.01,21,525840,买盘
1770,10:19:26,250.41,-0.34,29,726189,卖盘
1771,10:19:11,250.75,0.35,3,75225,买盘
1772,10:19:01,250.4,-0.35,70,1752800,卖盘
1773,10:18:56,250.75,0.25,5,125375,买盘
1774,10:18:51,250.5,--,28,701400,买盘
1775,10:18:46,250.5,--,3,75150,买盘
1776,10:18:41,250.5,--,2,50100,买盘
1777,10:18:30,250.5,--,81,2029050,买盘
1778,10:18:26,250.5,-0.25,2,50100,买盘
1779,10:18:21,250.75,--,17,426275,卖盘
1780,10:18:15,250.75,--,4,100300,卖盘
1781,10:18:11,250.75,--,4,100300,买盘
1782,10:18:06,250.75,0.25,6,150450,买盘
1783,10:18:00,250.5,-0.25,100,2505000,卖盘
1784,10:17:56,250.75,-0.02,7,175525,卖盘
1785,10:17:51,250.77,-0.04,10,250770,卖盘
1786,10:17:41,250.81,--,24,601944,卖盘
1787,10:17:36,250.81,0.01,4,100324,卖盘
1788,10:17:30,250.8,--,2,50160,买盘
1789,10:17:26,250.8,--,5,125400,买盘
1790,10:17:21,250.8,-0.01,124,3109920,卖盘
1791,10:17:15,250.81,-0.09,10,250810,卖盘
1792,10:17:11,250.9,--,16,401440,卖盘
1793,10:17:05,250.9,-0.01,2,50180,卖盘
1794,10:17:00,250.91,-0.09,1,25091,卖盘
1795,10:16:55,251.0,--,13,326300,买盘
1796,10:16:50,251.0,-0.1,4,100400,买盘
1797,10:16:45,251.1,0.19,2,50220,卖盘
1798,10:16:40,250.91,-0.36,4,100364,卖盘
1799,10:16:35,251.27,--,0,0,买盘
1800,10:16:30,251.27,0.27,3,75381,买盘
1801,10:16:25,251.0,-0.26,12,301200,卖盘
1802,10:16:20,251.26,--,0,0,买盘
1803,10:16:10,251.26,0.16,102,2562852,买盘
1804,10:16:00,251.1,--,1,25110,卖盘
1805,10:15:56,251.1,--,3,75330,卖盘
1806,10:15:50,251.1,--,1,25110,卖盘
1807,10:15:45,251.1,-0.01,1,25110,卖盘
1808,10:15:40,251.11,0.01,5,125555,中性盘
1809,10:15:35,251.1,--,5,125550,卖盘
1810,10:15:30,251.1,--,0,0,卖盘
1811,10:15:25,251.1,-0.12,18,451980,卖盘
1812,10:15:20,251.22,0.12,1,25122,中性盘
1813,10:15:10,251.1,--,4,100440,卖盘
1814,10:15:05,251.1,-0.17,8,200880,卖盘
1815,10:14:55,251.27,0.06,5,125635,买盘
1816,10:14:50,251.21,0.01,2,50242,卖盘
1817,10:14:40,251.2,--,2,50240,卖盘
1818,10:14:25,251.2,--,1,25120,卖盘
1819,10:14:20,251.2,--,2,50240,卖盘
1820,10:14:10,251.2,--,9,226080,买盘
1821,10:14:05,251.2,--,1,25120,买盘
1822,10:14:00,251.2,-0.18,96,2411520,卖盘
1823,10:13:55,251.38,0.11,16,402208,买盘
1824,10:13:50,251.27,-0.11,5,125635,卖盘
1825,10:13:40,251.38,-0.01,4,100552,卖盘
1826,10:13:10,251.39,--,5,125695,卖盘
1827,10:13:05,251.39,--,3,75417,卖盘
1828,10:13:00,251.39,--,1,25139,卖盘
1829,10:12:55,251.39,--,2,50278,卖盘
1830,10:12:40,251.39,-0.01,1,25139,卖盘
1831,10:12:35,251.4,-0.14,2,50280,卖盘
1832,10:12:30,251.54,0.14,3,75462,买盘
1833,10:12:20,251.4,-0.05,5,125700,卖盘
1834,10:12:15,251.45,-0.07,4,100580,卖盘
1835,10:12:05,251.52,--,5,125760,买盘
1836,10:12:00,251.52,0.07,2,50304,买盘
1837,10:11:45,251.45,-0.1,1,25145,卖盘
1838,10:11:30,251.55,--,0,0,中性盘
1839,10:11:24,251.55,0.1,1,25155,卖盘
1840,10:11:15,251.45,-0.1,3,75435,卖盘
1841,10:11:00,251.55,0.05,1,25155,买盘
1842,10:10:54,251.5,--,4,100600,买盘
1843,10:10:50,251.5,--,2,50300,买盘
1844,10:10:45,251.5,-0.07,1,25150,卖盘
1845,10:10:35,251.57,0.07,2,50314,买盘
1846,10:10:30,251.5,--,0,0,卖盘
1847,10:10:24,251.5,-0.08,5,125750,卖盘
1848,10:10:20,251.58,--,3,75474,买盘
1849,10:10:14,251.58,--,4,100632,买盘
1850,10:10:05,251.58,--,6,150948,买盘
1851,10:09:59,251.58,0.08,5,125790,买盘
1852,10:09:44,251.5,--,3,75450,卖盘
1853,10:09:39,251.5,0.02,9,226350,买盘
1854,10:09:35,251.48,0.09,4,100592,买盘
1855,10:09:29,251.39,-0.01,7,175973,卖盘
1856,10:09:24,251.4,--,1,25140,卖盘
1857,10:09:19,251.4,--,2,50280,买盘
1858,10:09:14,251.4,--,5,125700,买盘
1859,10:08:59,251.4,--,5,125700,买盘
1860,10:08:54,251.4,--,0,0,买盘
1861,10:08:49,251.4,0.02,4,100560,买盘
1862,10:08:44,251.38,--,3,75414,卖盘
1863,10:08:39,251.38,--,2,50276,卖盘
1864,10:08:34,251.38,--,5,125690,卖盘
1865,10:08:19,251.38,0.19,21,527898,买盘
1866,10:08:09,251.19,0.01,2,50238,卖盘
1867,10:08:04,251.18,--,32,803776,买盘
1868,10:07:59,251.18,--,4,100472,卖盘
1869,10:07:54,251.18,-0.17,2,50236,卖盘
1870,10:07:49,251.35,--,2,50270,买盘
1871,10:07:39,251.35,--,1,25135,买盘
1872,10:07:34,251.35,0.17,1,25135,买盘
1873,10:07:29,251.18,0.02,2,50236,卖盘
1874,10:07:19,251.16,--,0,0,卖盘
1875,10:07:14,251.16,--,1,25116,卖盘
1876,10:07:04,251.16,--,3,75348,卖盘
1877,10:06:59,251.16,--,0,0,卖盘
1878,10:06:44,251.16,-0.23,1,25116,卖盘
1879,10:06:34,251.39,--,0,0,买盘
1880,10:06:29,251.39,--,1,25139,买盘
1881,10:06:24,251.39,-0.01,1,25139,买盘
1882,10:06:19,251.4,--,14,351960,卖盘
1883,10:06:04,251.4,--,6,150840,买盘
1884,10:05:54,251.4,0.29,1,25140,买盘
1885,10:05:49,251.11,-0.32,1,25111,卖盘
1886,10:05:44,251.43,--,0,0,中性盘
1887,10:05:39,251.43,--,2,50286,卖盘
1888,10:05:34,251.43,0.03,6,150858,买盘
1889,10:05:29,251.4,--,0,0,卖盘
1890,10:05:24,251.4,--,1,25140,卖盘
1891,10:05:19,251.4,--,1,25140,卖盘
1892,10:05:09,251.4,--,1,25140,卖盘
1893,10:05:04,251.4,--,3,75420,卖盘
1894,10:04:59,251.4,0.3,25,628500,买盘
1895,10:04:49,251.1,--,1,25110,卖盘
1896,10:04:44,251.1,-0.27,1,25110,卖盘
1897,10:04:39,251.37,0.29,1,25137,买盘
1898,10:04:34,251.08,--,0,0,卖盘
1899,10:04:29,251.08,0.01,3,75324,中性盘
1900,10:04:24,251.07,--,1,25107,卖盘
1901,10:04:19,251.07,-0.31,1,25107,卖盘
1902,10:04:14,251.38,0.31,2,50276,中性盘
1903,10:04:09,251.07,--,1,25107,买盘
1904,10:04:03,251.07,--,1,25107,买盘
1905,10:03:59,251.07,--,1,25107,买盘
1906,10:03:54,251.07,-0.36,1,25107,买盘
1907,10:03:44,251.43,--,0,0,买盘
1908,10:03:39,251.43,--,0,0,买盘
1909,10:03:33,251.43,0.36,4,100572,买盘
1910,10:03:29,251.07,--,1,25107,卖盘
1911,10:03:23,251.07,-0.03,3,75321,卖盘
1912,10:03:18,251.1,--,0,0,中性盘
1913,10:03:14,251.1,0.1,2,50220,中性盘
1914,10:03:08,251.0,-0.48,23,577300,卖盘
1915,10:03:03,251.48,0.38,3,75444,买盘
1916,10:02:59,251.1,-0.35,4,100440,卖盘
1917,10:02:53,251.45,0.26,3,75435,买盘
1918,10:02:48,251.19,-0.29,3,75357,买盘
1919,10:02:43,251.48,--,0,0,买盘
1920,10:02:38,251.48,--,6,150888,卖盘
1921,10:02:28,251.48,-0.01,5,125740,卖盘
1922,10:02:23,251.49,-0.11,4,100596,卖盘
1923,10:02:18,251.6,--,0,0,买盘
1924,10:02:14,251.6,-0.04,44,1127922,卖盘
1925,10:02:08,251.64,--,4,105688,卖盘
1926,10:02:03,251.64,--,1,25164,卖盘
1927,10:01:58,251.64,-0.03,12,301968,卖盘
1928,10:01:53,251.67,0.02,4,100668,买盘
1929,10:01:43,251.65,0.01,6,150990,中性盘
1930,10:01:38,251.64,-0.12,47,1182708,卖盘
1931,10:01:28,251.76,-0.09,2,50352,卖盘
1932,10:01:23,251.85,0.09,5,125925,中性盘
1933,10:01:18,251.76,-0.09,5,125880,卖盘
1934,10:01:13,251.85,0.09,5,125925,买盘
1935,10:01:08,251.76,-0.09,2,50352,卖盘
1936,10:01:03,251.85,0.09,10,251850,买盘
1937,10:00:58,251.76,0.04,16,402816,卖盘
1938,10:00:48,251.72,0.08,9,226548,买盘
1939,10:00:43,251.64,--,3,75492,卖盘
1940,10:00:38,251.64,-0.08,10,251640,卖盘
1941,10:00:33,251.72,0.12,6,151032,买盘
1942,10:00:28,251.6,--,3,75480,卖盘
1943,10:00:23,251.6,0.1,12,301920,卖盘
1944,10:00:18,251.5,0.01,4,124995,买盘
1945,10:00:13,251.49,-0.01,8,201946,卖盘
1946,10:00:08,251.5,--,4,100600,卖盘
1947,10:00:03,251.5,--,2,50300,卖盘
1948,09:59:58,251.5,0.01,17,451945,买盘
1949,09:59:53,251.49,0.01,6,150894,买盘
1950,09:59:48,251.48,0.08,1,25148,卖盘
1951,09:59:43,251.4,--,16,402240,卖盘
1952,09:59:38,251.4,--,9,226260,卖盘
1953,09:59:33,251.4,0.35,1,25140,卖盘
1954,09:59:28,251.05,-0.43,1,25105,中性盘
1955,09:59:23,251.48,0.18,8,201184,买盘
1956,09:59:13,251.3,0.29,2,50260,买盘
1957,09:59:08,251.01,--,2,50202,卖盘
1958,09:59:03,251.01,0.09,1,25101,卖盘
1959,09:58:58,250.92,-0.28,2,50184,中性盘
1960,09:58:53,251.2,0.3,7,175840,买盘
1961,09:58:48,250.9,-0.1,1,25090,卖盘
1962,09:58:43,251.0,0.05,27,677700,买盘
1963,09:58:38,250.95,0.05,7,175665,买盘
1964,09:58:33,250.9,0.1,8,200720,买盘
1965,09:58:28,250.8,-0.1,1,25080,卖盘
1966,09:58:18,250.9,0.1,11,275990,买盘
1967,09:58:03,250.8,-0.1,2,50160,卖盘
1968,09:57:58,250.9,0.1,1,25090,买盘
1969,09:57:53,250.8,--,2,50160,卖盘
1970,09:57:48,250.8,-0.08,7,175560,卖盘
1971,09:57:43,250.88,0.08,2,50176,中性盘
1972,09:57:38,250.8,-0.1,11,275880,卖盘
1973,09:57:33,250.9,--,1,25090,买盘
1974,09:57:28,250.9,--,5,125450,卖盘
1975,09:57:23,250.9,-0.06,10,250900,卖盘
1976,09:57:18,250.96,0.02,6,150576,买盘
1977,09:57:13,250.94,-0.01,1,25094,买盘
1978,09:57:08,250.95,--,8,200760,买盘
1979,09:57:03,250.95,0.01,5,125475,买盘
1980,09:56:53,250.94,--,3,75282,中性盘
1981,09:56:48,250.94,0.19,5,125470,买盘
1982,09:56:38,250.75,--,2,50150,卖盘
1983,09:56:32,250.75,--,1,25075,卖盘
1984,09:56:27,250.75,-0.21,8,200600,卖盘
1985,09:56:23,250.96,0.46,13,326248,买盘
1986,09:56:17,250.5,-0.25,2,50100,卖盘
1987,09:56:12,250.75,-0.21,1,25075,卖盘
1988,09:56:08,250.96,0.22,23,577208,买盘
1989,09:56:02,250.74,--,5,125370,卖盘
1990,09:55:57,250.74,0.01,1,25074,买盘
1991,09:55:53,250.73,0.03,2,50146,买盘
1992,09:55:47,250.7,-0.05,1,25070,中性盘
1993,09:55:42,250.75,--,0,0,买盘
1994,09:55:38,250.75,0.45,3,75225,买盘
1995,09:55:32,250.3,-0.45,20,500600,卖盘
1996,09:55:23,250.75,--,4,100300,买盘
1997,09:55:17,250.75,--,0,0,买盘
1998,09:55:08,250.75,--,10,250750,买盘
1999,09:55:02,250.75,-0.09,18,451350,卖盘
2000,09:54:57,250.84,0.07,6,150504,卖盘
2001,09:54:53,250.77,-0.08,2,50154,中性盘
2002,09:54:47,250.85,0.1,5,125425,买盘
2003,09:54:42,250.75,-0.05,12,300900,卖盘
2004,09:54:32,250.8,0.05,5,125400,买盘
2005,09:54:27,250.75,--,2,50150,买盘
2006,09:54:22,250.75,0.56,1,25075,买盘
2007,09:54:12,250.19,--,1,25019,卖盘
2008,09:54:07,250.19,-0.39,5,125095,卖盘
2009,09:54:02,250.58,--,0,0,中性盘
2010,09:53:52,250.58,0.44,6,150348,买盘
2011,09:53:47,250.14,-0.02,18,450252,卖盘
2012,09:53:42,250.16,0.03,1,25016,买盘
2013,09:53:37,250.13,--,0,0,卖盘
2014,09:53:17,250.13,0.13,28,708618,买盘
2015,09:53:12,250.0,--,0,0,中性盘
2016,09:53:07,250.0,0.13,22,550000,买盘
2017,09:53:02,249.87,--,0,0,卖盘
2018,09:52:57,249.87,--,0,0,卖盘
2019,09:52:52,249.87,-0.03,4,99948,卖盘
2020,09:52:47,249.9,--,1,24990,买盘
2021,09:52:42,249.9,--,11,274890,买盘
2022,09:52:37,249.9,0.03,9,224910,买盘
2023,09:52:32,249.87,--,34,849558,买盘
2024,09:52:27,249.87,--,1,24987,买盘
2025,09:52:22,249.87,0.01,2,49974,买盘
2026,09:52:17,249.86,--,1,24986,卖盘
2027,09:52:07,249.86,0.03,9,227622,买盘
2028,09:52:02,249.83,--,0,0,买盘
2029,09:51:57,249.83,--,0,0,中性盘
2030,09:51:37,249.83,--,7,174881,卖盘
2031,09:51:32,249.83,0.03,1,24983,卖盘
2032,09:51:22,249.8,--,0,0,卖盘
2033,09:51:17,249.8,-0.06,4,99920,卖盘
2034,09:51:12,249.86,0.26,3,74958,买盘
2035,09:51:07,249.6,--,0,0,卖盘
2036,09:51:02,249.6,-0.2,1,24960,卖盘
2037,09:50:57,249.8,--,0,0,中性盘
2038,09:50:52,249.8,-0.02,4,99920,卖盘
2039,09:50:47,249.82,0.02,1,24982,卖盘
2040,09:50:27,249.8,--,0,0,卖盘
2041,09:50:17,249.8,-0.06,3,74940,卖盘
2042,09:50:11,249.86,0.03,7,174902,买盘
2043,09:50:02,249.83,-0.04,0,22234,卖盘
2044,09:49:57,249.87,--,0,0,买盘
2045,09:49:52,249.87,0.02,4,99948,买盘
2046,09:49:47,249.85,0.03,1,24985,买盘
2047,09:49:41,249.82,--,0,2748,买盘
2048,09:49:32,249.82,-0.05,14,371981,卖盘
2049,09:49:21,249.87,--,0,0,买盘
2050,09:49:17,249.87,--,1,24987,买盘
2051,09:48:47,249.87,--,3,74961,买盘
2052,09:48:36,249.87,--,1,24987,买盘
2053,09:48:31,249.87,--,1,24987,买盘
2054,09:48:26,249.87,--,1,24987,中性盘
2055,09:48:17,249.87,-0.03,10,249870,卖盘
2056,09:48:11,249.9,0.01,3,74970,买盘
2057,09:48:06,249.89,0.07,5,124945,买盘
2058,09:48:01,249.82,--,0,0,卖盘
2059,09:47:47,249.82,0.01,0,2748,卖盘
2060,09:47:41,249.81,0.01,1,24981,买盘
2061,09:47:32,249.8,--,0,0,中性盘
2062,09:47:26,249.8,--,6,149880,卖盘
2063,09:47:21,249.8,0.2,2,49960,买盘
2064,09:47:16,249.6,--,21,524160,卖盘
2065,09:46:56,249.6,0.03,1,24960,买盘
2066,09:46:51,249.57,--,1,24957,卖盘
2067,09:46:41,249.57,--,1,24957,卖盘
2068,09:46:36,249.57,0.07,4,99828,买盘
2069,09:46:31,249.5,--,0,0,卖盘
2070,09:46:16,249.5,0.03,43,1081333,买盘
2071,09:46:11,249.47,--,2,49894,买盘
2072,09:46:01,249.47,--,1,24947,买盘
2073,09:45:56,249.47,0.01,2,49894,买盘
2074,09:45:51,249.46,-0.01,3,74838,卖盘
2075,09:45:46,249.47,--,6,149682,买盘
2076,09:45:41,249.47,0.01,7,174629,买盘
2077,09:45:36,249.46,0.02,4,99784,卖盘
2078,09:45:21,249.44,-0.03,1,24944,卖盘
2079,09:45:16,249.47,0.03,2,49894,买盘
2080,09:45:06,249.44,0.01,1,24944,中性盘
2081,09:45:01,249.43,--,0,0,卖盘
2082,09:44:46,249.43,-0.04,1,24943,卖盘
2083,09:44:41,249.47,--,10,249470,买盘
2084,09:44:36,249.47,--,0,0,买盘
2085,09:44:31,249.47,--,4,99788,买盘
2086,09:44:26,249.47,--,1,24947,中性盘
2087,09:44:21,249.47,--,4,99788,买盘
2088,09:44:16,249.47,--,3,74841,卖盘
2089,09:44:11,249.47,--,6,149682,卖盘
2090,09:44:06,249.47,0.05,21,523887,中性盘
2091,09:43:56,249.42,-0.06,6,149652,卖盘
2092,09:43:40,249.48,--,5,124740,买盘
2093,09:43:36,249.48,0.06,7,174636,买盘
2094,09:43:16,249.42,0.26,2,49884,卖盘
2095,09:43:05,249.16,--,0,0,卖盘
2096,09:42:55,249.16,--,0,0,卖盘
2097,09:42:50,249.16,--,0,0,卖盘
2098,09:42:40,249.16,-0.33,1,24916,卖盘
2099,09:42:35,249.49,--,1,24949,买盘
2100,09:42:25,249.49,-0.01,2,49898,卖盘
2101,09:42:15,249.5,0.35,3,74850,买盘
2102,09:42:10,249.15,-0.34,9,224235,卖盘
2103,09:42:05,249.49,-0.01,2,49898,中性盘
2104,09:41:55,249.5,0.2,7,174650,买盘
2105,09:41:50,249.3,--,1,24930,买盘
2106,09:41:45,249.3,-0.2,4,99720,卖盘
2107,09:41:35,249.5,--,7,174650,买盘
2108,09:41:25,249.5,--,11,274450,买盘
2109,09:41:20,249.5,0.01,5,124750,买盘
2110,09:41:10,249.49,0.14,3,74847,卖盘
2111,09:41:05,249.35,0.26,1,24935,中性盘
2112,09:40:55,249.09,-0.26,8,199272,卖盘
2113,09:40:50,249.35,-0.01,2,49870,卖盘
2114,09:40:40,249.36,-0.14,2,49872,卖盘
2115,09:40:30,249.5,--,1,24950,买盘
2116,09:40:25,249.5,-0.02,3,91317,卖盘
2117,09:40:20,249.52,--,1,33435,卖盘
2118,09:40:15,249.52,0.01,4,99808,卖盘
2119,09:40:05,249.51,0.01,1,24951,中性盘
2120,09:39:55,249.5,0.14,2,49900,买盘
2121,09:39:50,249.36,-0.45,1,24936,卖盘
2122,09:39:45,249.81,--,0,0,买盘
2123,09:39:40,249.81,--,0,0,买盘
2124,09:39:35,249.81,0.46,5,124905,买盘
2125,09:39:30,249.35,-0.23,20,498700,卖盘
2126,09:39:25,249.58,--,8,199664,卖盘
2127,09:39:20,249.58,0.58,2,49916,卖盘
2128,09:39:00,249.0,--,12,298800,卖盘
2129,09:38:55,249.0,-0.58,50,1245000,卖盘
2130,09:38:50,249.58,0.01,1,24958,买盘
2131,09:38:45,249.57,-0.01,3,74871,买盘
2132,09:38:35,249.58,--,11,274538,买盘
2133,09:38:30,249.58,--,18,449244,买盘
2134,09:38:25,249.58,--,4,99832,买盘
2135,09:38:20,249.58,0.01,4,99832,买盘
2136,09:38:15,249.57,0.22,17,424269,买盘
2137,09:38:10,249.35,-0.23,40,997400,卖盘
2138,09:38:05,249.58,--,2,49916,买盘
2139,09:38:00,249.58,0.01,1,24958,买盘
2140,09:37:55,249.57,--,1,24957,买盘
2141,09:37:50,249.57,0.02,1,24957,买盘
2142,09:37:45,249.55,-0.01,20,499100,卖盘
2143,09:37:40,249.56,--,0,0,卖盘
2144,09:37:35,249.56,-0.02,8,199648,卖盘
2145,09:37:30,249.58,--,1,24958,买盘
2146,09:37:20,249.58,-0.27,6,149748,中性盘
2147,09:37:15,249.85,-0.01,28,699580,卖盘
2148,09:37:10,249.86,0.28,4,99944,买盘
2149,09:37:04,249.58,--,0,0,中性盘
2150,09:37:00,249.58,0.02,3,74874,买盘
2151,09:36:55,249.56,-0.02,2,49912,买盘
2152,09:36:49,249.58,0.02,2,49916,中性盘
2153,09:36:45,249.56,-0.31,26,648856,卖盘
2154,09:36:34,249.87,--,11,274857,卖盘
2155,09:36:25,249.87,0.31,1,24987,卖盘
2156,09:36:19,249.56,--,0,0,卖盘
2157,09:36:14,249.56,0.01,26,648856,卖盘
2158,09:36:04,249.55,--,0,0,卖盘
2159,09:35:55,249.55,--,0,0,卖盘
2160,09:35:49,249.55,-0.34,10,249550,卖盘
2161,09:35:44,249.89,0.34,47,1174483,买盘
2162,09:35:40,249.55,--,8,199640,卖盘
2163,09:35:34,249.55,--,0,0,卖盘
2164,09:35:25,249.55,--,10,249550,卖盘
2165,09:35:19,249.55,-0.34,2,49910,卖盘
2166,09:35:14,249.89,-0.01,3,74967,中性盘
2167,09:35:10,249.9,0.35,4,99960,买盘
2168,09:35:04,249.55,-0.4,6,149730,卖盘
2169,09:34:59,249.95,0.02,6,149970,买盘
2170,09:34:55,249.93,--,2,49986,卖盘
2171,09:34:49,249.93,-0.02,1,27492,卖盘
2172,09:34:44,249.95,0.4,1,29494,买盘
2173,09:34:34,249.55,-0.38,6,149730,卖盘
2174,09:34:29,249.93,0.4,2,49986,买盘
2175,09:34:14,249.53,-0.37,16,399248,卖盘
2176,09:34:09,249.9,--,20,499800,买盘
2177,09:34:04,249.9,0.37,2,49980,买盘
2178,09:33:59,249.53,--,0,0,卖盘
2179,09:33:54,249.53,-0.44,2,49906,卖盘
2180,09:33:44,249.97,0.45,6,149982,买盘
2181,09:33:39,249.52,-0.28,21,523992,卖盘
2182,09:33:34,249.8,0.28,1,24980,买盘
2183,09:33:29,249.52,-0.02,2,49904,卖盘
2184,09:33:24,249.54,--,1,24954,卖盘
2185,09:33:19,249.54,-0.37,11,274494,卖盘
2186,09:33:14,249.91,--,1,24991,买盘
2187,09:33:04,249.91,--,4,99964,买盘
2188,09:32:59,249.91,-0.02,7,174937,卖盘
2189,09:32:54,249.93,0.02,6,149958,买盘
2190,09:32:49,249.91,0.4,7,174937,买盘
2191,09:32:44,249.51,0.01,6,149706,中性盘
2192,09:32:39,249.5,-0.03,12,299400,卖盘
2193,09:32:34,249.53,0.03,2,49906,买盘
2194,09:32:29,249.5,-0.42,3,74850,卖盘
2195,09:32:24,249.92,0.42,2,49984,买盘
2196,09:32:19,249.5,-0.38,3,74850,卖盘
2197,09:32:14,249.88,-0.07,8,199904,卖盘
2198,09:32:09,249.95,0.03,20,499900,买盘
2199,09:32:04,249.92,0.04,6,149952,中性盘
2200,09:31:59,249.88,-0.05,33,824604,卖盘
2201,09:31:44,249.93,--,4,99972,卖盘
2202,09:31:39,249.93,0.04,5,124965,卖盘
2203,09:31:34,249.89,0.39,12,299868,买盘
2204,09:31:24,249.5,-0.4,6,149700,卖盘
2205,09:31:19,249.9,0.4,2,49980,买盘
2206,09:31:14,249.5,-0.44,9,224550,中性盘
2207,09:31:09,249.94,0.01,42,1049748,买盘
2208,09:31:04,249.93,0.03,11,274923,买盘
2209,09:30:59,249.9,-0.04,2,49980,卖盘
2210,09:30:54,249.94,--,1,24994,买盘
2211,09:30:49,249.94,--,1,24994,买盘
2212,09:30:44,249.94,0.74,2,49988,买盘
2213,09:30:39,249.2,0.1,7,174440,卖盘
2214,09:30:29,249.1,--,0,0,卖盘
2215,09:30:24,249.1,-0.85,3,74730,卖盘
2216,09:30:18,249.95,0.85,3,74985,买盘
2217,09:30:13,249.1,-0.78,14,348740,卖盘
2218,09:30:09,249.88,0.38,43,1074484,买盘
2219,09:30:04,249.5,0.42,7,174650,买盘
2220,09:28:46,249.08,--,0,0,卖盘
2221,09:25:03,249.08,249.08,23,572884,买盘
