,time,price,change,volume,amount,type
0,15:00:00,8.65,--,0,0,卖盘
1,15:00:00,8.65,-0.01,76,65740,卖盘
2,14:59:59,8.66,0.01,100,87024,买盘
3,14:59:53,8.65,-0.01,19,16841,卖盘
4,14:59:49,8.66,--,106,91796,买盘
5,14:59:44,8.66,0.02,94,81404,买盘
6,14:59:38,8.64,-0.02,74,63936,卖盘
7,14:59:34,8.66,0.02,98,84868,买盘
8,14:59:29,8.64,--,117,101088,卖盘
9,14:59:23,8.64,-0.02,31,26784,卖盘
10,14:59:19,8.66,0.02,280,242480,买盘
11,14:59:14,8.64,0.01,118,101952,买盘
12,14:59:08,8.63,-0.01,59,50917,卖盘
13,14:59:04,8.64,--,5,4320,卖盘
14,14:58:59,8.64,-0.01,79,68256,卖盘
15,14:58:53,8.65,--,62,53630,卖盘
16,14:58:49,8.65,0.01,63,54495,中性盘
17,14:58:44,8.64,-0.01,718,620352,卖盘
18,14:58:38,8.65,-0.01,17,14705,买盘
19,14:58:34,8.66,--,91,78806,买盘
20,14:58:29,8.66,--,563,487558,买盘
21,14:58:23,8.66,--,59,51094,买盘
22,14:58:19,8.66,--,116,100456,买盘
23,14:58:14,8.66,--,20,17320,买盘
24,14:58:08,8.66,--,3,2598,买盘
25,14:58:04,8.66,0.01,25,21650,买盘
26,14:57:59,8.65,--,31,26815,卖盘
27,14:57:53,8.65,-0.01,14,12110,中性盘
28,14:57:49,8.66,0.01,440,381040,买盘
29,14:57:43,8.65,--,290,250850,买盘
30,14:57:38,8.65,-0.01,357,309246,卖盘
31,14:57:34,8.66,--,107,93086,买盘
32,14:57:29,8.66,0.01,123,106518,买盘
33,14:57:23,8.65,--,41,35465,卖盘
34,14:57:19,8.65,--,23,19895,卖盘
35,14:57:14,8.65,0.01,53,45845,卖盘
36,14:57:08,8.64,--,0,0,卖盘
37,14:57:04,8.64,-0.01,8,6912,卖盘
38,14:56:58,8.65,--,104,89960,买盘
39,14:56:53,8.65,--,1,865,买盘
40,14:56:49,8.65,--,111,96015,买盘
41,14:56:43,8.65,-0.01,164,141860,卖盘
42,14:56:38,8.66,0.01,1,866,买盘
43,14:56:34,8.65,--,111,96015,卖盘
44,14:56:28,8.65,--,83,71795,卖盘
45,14:56:23,8.65,--,443,383195,卖盘
46,14:56:17,8.65,-0.01,37,32005,卖盘
47,14:56:13,8.66,--,49,42434,买盘
48,14:56:08,8.66,--,55,47630,买盘
49,14:56:02,8.66,--,55,47630,买盘
50,14:55:58,8.66,--,15,12990,买盘
51,14:55:53,8.66,--,249,215634,买盘
52,14:55:47,8.66,-0.01,597,517443,卖盘
53,14:55:43,8.67,0.01,56,48552,买盘
54,14:55:38,8.66,-0.01,359,310894,卖盘
55,14:55:32,8.67,--,36,31212,买盘
56,14:55:28,8.67,--,144,124848,买盘
57,14:55:23,8.67,0.01,227,197233,买盘
58,14:55:17,8.66,--,8,6928,卖盘
59,14:55:13,8.66,--,51,44166,卖盘
60,14:55:08,8.66,--,748,647768,买盘
61,14:55:02,8.66,--,256,221696,买盘
62,14:54:58,8.66,--,6,5196,买盘
63,14:54:53,8.66,--,16,13856,买盘
64,14:54:47,8.66,-0.01,149,129034,卖盘
65,14:54:43,8.67,0.01,11,9537,买盘
66,14:54:38,8.66,-0.01,78,67548,卖盘
67,14:54:28,8.67,--,20,17340,买盘
68,14:54:23,8.67,0.02,6,5202,中性盘
69,14:54:17,8.65,-0.03,111,96015,卖盘
70,14:54:13,8.68,0.03,63,54684,买盘
71,14:54:08,8.65,-0.03,52,44980,卖盘
72,14:53:58,8.68,0.02,57,49476,买盘
73,14:53:53,8.66,--,37,32042,买盘
74,14:53:47,8.66,-0.02,105,90930,卖盘
75,14:53:43,8.68,--,37,32116,买盘
76,14:53:38,8.68,--,170,147560,卖盘
77,14:53:32,8.68,-0.01,512,444416,卖盘
78,14:53:28,8.69,0.01,81,70389,买盘
79,14:53:23,8.68,--,172,149296,卖盘
80,14:53:17,8.68,-0.01,133,115444,卖盘
81,14:53:13,8.69,--,284,246796,卖盘
82,14:53:08,8.69,--,350,304150,卖盘
83,14:53:02,8.69,--,10,8690,卖盘
84,14:52:58,8.69,-0.01,415,360635,卖盘
85,14:52:53,8.7,0.01,177,153990,买盘
86,14:52:47,8.69,-0.01,119,103411,卖盘
87,14:52:43,8.7,--,168,146160,买盘
88,14:52:38,8.7,--,23,20010,买盘
89,14:52:32,8.7,0.01,21,18270,买盘
90,14:52:28,8.69,-0.01,57,49533,卖盘
91,14:52:23,8.7,0.01,88,76560,买盘
92,14:52:17,8.69,-0.02,127,110597,卖盘
93,14:52:13,8.71,--,60,52260,买盘
94,14:52:08,8.71,--,25,21775,买盘
95,14:52:02,8.71,0.01,51,44421,买盘
96,14:51:58,8.7,-0.01,103,89609,卖盘
97,14:51:53,8.71,0.01,123,107133,买盘
98,14:51:47,8.7,--,112,97439,卖盘
99,14:51:43,8.7,--,339,295565,买盘
100,14:51:38,8.7,0.01,50,43500,买盘
101,14:51:32,8.69,-0.01,262,227678,卖盘
102,14:51:28,8.7,--,135,117449,买盘
103,14:51:23,8.7,0.01,32,27839,买盘
104,14:51:17,8.69,-0.01,159,138171,卖盘
105,14:51:13,8.7,--,306,266220,买盘
106,14:51:08,8.7,0.01,102,88740,买盘
107,14:51:02,8.69,--,14,12166,卖盘
108,14:50:58,8.69,--,182,158158,买盘
109,14:50:53,8.69,--,15,13035,买盘
110,14:50:47,8.69,--,183,159027,买盘
111,14:50:43,8.69,--,81,70389,买盘
112,14:50:38,8.69,--,23,19987,买盘
113,14:50:32,8.69,--,194,168586,卖盘
114,14:50:26,8.69,--,10,8690,卖盘
115,14:50:22,8.69,0.01,46,39974,中性盘
116,14:50:17,8.68,-0.02,138,119784,卖盘
117,14:50:13,8.7,0.01,882,767339,买盘
118,14:50:07,8.69,--,107,92983,买盘
119,14:50:02,8.69,-0.01,16,13904,卖盘
120,14:49:52,8.7,0.02,47,40890,买盘
121,14:49:47,8.68,-0.02,124,107632,卖盘
122,14:49:41,8.7,0.01,16,13919,买盘
123,14:49:37,8.69,-0.01,162,140778,卖盘
124,14:49:32,8.7,--,152,132240,买盘
125,14:49:22,8.7,0.02,81,70470,买盘
126,14:49:17,8.68,-0.02,121,105028,卖盘
127,14:49:11,8.7,--,73,63509,买盘
128,14:49:07,8.7,--,95,83093,买盘
129,14:49:02,8.7,0.01,31,26969,买盘
130,14:48:56,8.69,--,15,13035,卖盘
131,14:48:52,8.69,0.01,301,261568,买盘
132,14:48:47,8.68,--,269,233492,卖盘
133,14:48:41,8.68,--,76,65968,买盘
134,14:48:37,8.68,0.01,198,171864,买盘
135,14:48:32,8.67,--,12,10404,卖盘
136,14:48:26,8.67,--,5,4335,卖盘
137,14:48:22,8.67,0.01,274,237558,买盘
138,14:48:17,8.66,--,197,170602,卖盘
139,14:48:07,8.66,--,35,30310,卖盘
140,14:48:02,8.66,0.01,107,92662,买盘
141,14:47:56,8.65,0.01,5,4325,买盘
142,14:47:52,8.64,--,97,83808,买盘
143,14:47:47,8.64,-0.02,85,73440,卖盘
144,14:47:41,8.66,0.01,1,866,买盘
145,14:47:32,8.65,--,21,18165,卖盘
146,14:47:26,8.65,0.02,1,865,买盘
147,14:47:22,8.63,0.01,113,97519,中性盘
148,14:47:17,8.62,--,267,230153,买盘
149,14:47:11,8.62,--,150,129299,买盘
150,14:47:07,8.62,-0.03,687,592194,卖盘
151,14:47:02,8.65,0.01,1253,1083845,买盘
152,14:46:52,8.64,0.03,150,129600,买盘
153,14:46:47,8.61,-0.01,341,293601,卖盘
154,14:46:37,8.62,-0.01,225,193949,卖盘
155,14:46:32,8.63,-0.01,4,3452,买盘
156,14:46:26,8.64,0.02,2,1728,买盘
157,14:46:22,8.62,0.01,36,31747,买盘
158,14:46:17,8.61,-0.01,131,112790,卖盘
159,14:46:11,8.62,--,139,119964,卖盘
160,14:46:07,8.62,-0.01,176,152427,卖盘
161,14:46:02,8.63,--,52,44876,买盘
162,14:45:56,8.63,--,1,863,买盘
163,14:45:52,8.63,0.01,240,207120,买盘
164,14:45:47,8.62,-0.03,657,566480,卖盘
165,14:45:41,8.65,0.01,305,263825,买盘
166,14:45:37,8.64,--,20,17997,卖盘
167,14:45:32,8.64,--,12,10368,卖盘
168,14:45:26,8.64,--,9,7776,卖盘
169,14:45:22,8.64,0.01,115,99360,买盘
170,14:45:17,8.63,--,296,255448,卖盘
171,14:45:07,8.63,--,15,12945,卖盘
172,14:45:02,8.63,0.01,180,155340,买盘
173,14:44:56,8.62,-0.01,2,1723,卖盘
174,14:44:47,8.63,-0.01,335,289105,卖盘
175,14:44:41,8.64,-0.01,50,43200,卖盘
176,14:44:37,8.65,--,200,173000,买盘
177,14:44:31,8.65,--,1,865,买盘
178,14:44:26,8.65,--,247,213802,卖盘
179,14:44:21,8.65,--,35,30275,卖盘
180,14:44:16,8.65,--,393,340662,卖盘
181,14:44:11,8.65,-0.01,58,50170,卖盘
182,14:44:07,8.66,0.02,20,17320,买盘
183,14:44:01,8.64,-0.02,11,9504,卖盘
184,14:43:56,8.66,--,1,1212,卖盘
185,14:43:51,8.66,0.01,610,528649,买盘
186,14:43:46,8.65,--,165,142725,卖盘
187,14:43:41,8.65,--,29,25214,卖盘
188,14:43:31,8.65,--,43,37195,卖盘
189,14:43:26,8.65,--,166,143590,卖盘
190,14:43:20,8.65,--,6,5190,卖盘
191,14:43:16,8.65,--,121,104665,卖盘
192,14:43:11,8.65,-0.01,210,181650,卖盘
193,14:43:01,8.66,--,143,123838,卖盘
194,14:42:56,8.66,0.01,48,41568,卖盘
195,14:42:46,8.65,-0.01,172,148780,卖盘
196,14:42:41,8.66,0.01,90,77940,买盘
197,14:42:35,8.65,-0.01,99,85635,卖盘
198,14:42:31,8.66,--,3,2598,买盘
199,14:42:26,8.66,--,10,8660,中性盘
200,14:42:16,8.66,0.01,205,177530,买盘
201,14:42:11,8.65,--,11,9515,卖盘
202,14:42:05,8.65,-0.01,700,605500,卖盘
203,14:42:01,8.66,--,21,18186,买盘
204,14:41:56,8.66,0.01,16,13856,买盘
205,14:41:50,8.65,--,50,43250,卖盘
206,14:41:46,8.65,-0.02,116,100340,卖盘
207,14:41:41,8.67,--,1,867,买盘
208,14:41:31,8.67,--,5,4335,买盘
209,14:41:26,8.67,0.01,100,86700,买盘
210,14:41:20,8.66,--,13,11258,买盘
211,14:41:16,8.66,-0.01,159,137694,卖盘
212,14:41:11,8.67,--,43,37281,卖盘
213,14:41:05,8.67,--,26,22542,卖盘
214,14:41:01,8.67,--,196,169932,卖盘
215,14:40:56,8.67,--,189,163863,买盘
216,14:40:50,8.67,0.02,17,14739,买盘
217,14:40:46,8.65,--,105,90825,卖盘
218,14:40:40,8.65,-0.02,25,21625,卖盘
219,14:40:35,8.67,--,4,3468,买盘
220,14:40:31,8.67,-0.01,16,13872,买盘
221,14:40:26,8.68,0.04,102,88536,买盘
222,14:40:20,8.64,-0.01,5,4320,卖盘
223,14:40:16,8.65,-0.02,130,113306,卖盘
224,14:40:11,8.67,--,10,8678,卖盘
225,14:40:01,8.67,0.03,680,589560,买盘
226,14:39:56,8.64,0.01,104,89856,卖盘
227,14:39:46,8.63,--,104,89752,卖盘
228,14:39:41,8.63,-0.01,47,40561,卖盘
229,14:39:35,8.64,--,0,0,买盘
230,14:39:31,8.64,0.01,48,41472,买盘
231,14:39:26,8.63,0.01,14,12082,卖盘
232,14:39:20,8.62,--,0,0,卖盘
233,14:39:16,8.62,--,378,325835,卖盘
234,14:39:11,8.62,--,34,29307,卖盘
235,14:39:05,8.62,--,2,1723,卖盘
236,14:39:01,8.62,--,17,14653,卖盘
237,14:38:55,8.62,--,151,130161,卖盘
238,14:38:46,8.62,-0.02,130,112059,卖盘
239,14:38:41,8.64,0.01,133,114912,买盘
240,14:38:31,8.63,--,10,8630,卖盘
241,14:38:26,8.63,-0.02,111,95793,卖盘
242,14:38:20,8.65,0.02,2,1730,买盘
243,14:38:16,8.63,-0.02,128,110464,卖盘
244,14:38:11,8.65,--,1,865,买盘
245,14:38:05,8.65,--,15,12975,买盘
246,14:38:01,8.65,-0.01,20,17300,买盘
247,14:37:55,8.66,0.04,272,235552,买盘
248,14:37:50,8.62,--,37,31893,卖盘
249,14:37:45,8.62,-0.04,109,93957,卖盘
250,14:37:40,8.66,0.04,140,121240,买盘
251,14:37:30,8.62,-0.04,35,30169,卖盘
252,14:37:25,8.66,0.04,22,19052,买盘
253,14:37:20,8.62,--,5,4310,卖盘
254,14:37:16,8.62,-0.05,120,103439,卖盘
255,14:37:10,8.67,0.05,496,430032,买盘
256,14:37:05,8.62,-0.03,99,85337,卖盘
257,14:37:00,8.65,0.04,421,364165,买盘
258,14:36:55,8.61,-0.01,16,13776,中性盘
259,14:36:50,8.62,0.02,164,141368,买盘
260,14:36:40,8.6,--,12,10320,买盘
261,14:36:35,8.6,0.01,423,363780,买盘
262,14:36:30,8.59,--,25,21475,买盘
263,14:36:25,8.59,0.02,64,54976,买盘
264,14:36:20,8.57,-0.02,124,106268,卖盘
265,14:36:14,8.59,-0.01,5,4295,买盘
266,14:36:10,8.6,0.02,57,49020,买盘
267,14:36:05,8.58,-0.01,236,202488,卖盘
268,14:35:55,8.59,--,25,21475,卖盘
269,14:35:50,8.59,0.03,329,282619,买盘
270,14:35:44,8.56,-0.03,120,102720,卖盘
271,14:35:40,8.59,0.03,17,14603,买盘
272,14:35:35,8.56,-0.03,4,3424,卖盘
273,14:35:29,8.59,--,30,25770,买盘
274,14:35:25,8.59,--,439,377101,买盘
275,14:35:20,8.59,0.04,85,73015,买盘
276,14:35:14,8.55,-0.04,50,42750,卖盘
277,14:35:10,8.59,--,140,120260,买盘
278,14:35:05,8.59,0.03,402,345318,买盘
279,14:34:59,8.56,--,78,66768,买盘
280,14:34:54,8.56,0.01,185,158360,买盘
281,14:34:49,8.55,--,167,143212,买盘
282,14:34:44,8.55,0.01,185,158175,买盘
283,14:34:40,8.54,-0.01,724,618295,中性盘
284,14:34:35,8.55,0.01,739,631845,买盘
285,14:34:29,8.54,-0.01,168,143472,卖盘
286,14:34:25,8.55,--,123,105165,买盘
287,14:34:19,8.55,0.01,258,220590,买盘
288,14:34:14,8.54,--,103,87961,买盘
289,14:34:10,8.54,0.01,332,283528,买盘
290,14:34:04,8.53,--,107,91271,卖盘
291,14:33:59,8.53,--,89,75917,卖盘
292,14:33:55,8.53,-0.02,158,134774,卖盘
293,14:33:49,8.55,--,93,79515,买盘
294,14:33:44,8.55,0.02,66,56430,买盘
295,14:33:40,8.53,--,86,73358,卖盘
296,14:33:35,8.53,-0.02,292,249075,卖盘
297,14:33:29,8.55,--,77,65835,卖盘
298,14:33:25,8.55,-0.01,68,58140,卖盘
299,14:33:20,8.56,--,44,37664,买盘
300,14:33:14,8.56,-0.02,179,153224,卖盘
301,14:33:10,8.58,-0.01,64,54912,中性盘
302,14:33:05,8.59,0.02,205,176095,买盘
303,14:32:59,8.57,-0.02,193,165401,卖盘
304,14:32:55,8.59,--,65,55835,买盘
305,14:32:50,8.59,--,409,351331,买盘
306,14:32:44,8.59,-0.01,146,125414,卖盘
307,14:32:40,8.6,0.01,111,95460,买盘
308,14:32:35,8.59,-0.01,141,121548,卖盘
309,14:32:29,8.6,--,79,67940,卖盘
310,14:32:25,8.6,--,213,183180,卖盘
311,14:32:19,8.6,0.01,661,568890,买盘
312,14:32:14,8.59,--,12,10308,卖盘
313,14:32:10,8.59,-0.01,25,21475,卖盘
314,14:32:04,8.6,-0.01,44,37840,中性盘
315,14:31:59,8.61,0.02,60,51660,买盘
316,14:31:55,8.59,--,84,72156,卖盘
317,14:31:49,8.59,-0.01,1281,1100379,卖盘
318,14:31:44,8.6,-0.03,87,74820,卖盘
319,14:31:40,8.63,--,0,0,买盘
320,14:31:34,8.63,--,815,703345,买盘
321,14:31:29,8.63,-0.02,248,214593,卖盘
322,14:31:24,8.65,0.01,128,110720,买盘
323,14:31:19,8.64,--,50,43200,卖盘
324,14:31:14,8.64,-0.01,1,864,卖盘
325,14:31:04,8.65,-0.01,547,473155,卖盘
326,14:30:59,8.66,-0.01,20,17320,卖盘
327,14:30:54,8.67,0.01,49,42483,买盘
328,14:30:49,8.66,--,2,1732,卖盘
329,14:30:44,8.66,-0.01,69,59754,卖盘
330,14:30:39,8.67,0.01,10,8670,卖盘
331,14:30:29,8.66,--,56,48496,卖盘
332,14:30:24,8.66,--,21,18186,卖盘
333,14:30:19,8.66,-0.01,135,116910,卖盘
334,14:30:14,8.67,--,131,113577,买盘
335,14:30:09,8.67,--,32,27744,买盘
336,14:30:04,8.67,--,12,10404,买盘
337,14:29:59,8.67,--,6,5314,卖盘
338,14:29:54,8.67,--,58,51040,卖盘
339,14:29:44,8.67,--,19,16473,卖盘
340,14:29:39,8.67,--,4,3468,卖盘
341,14:29:34,8.67,--,7,6069,卖盘
342,14:29:29,8.67,--,30,26010,卖盘
343,14:29:24,8.67,--,33,28611,卖盘
344,14:29:19,8.67,--,18,15606,卖盘
345,14:29:14,8.67,--,293,254031,卖盘
346,14:29:04,8.67,-0.01,18,15606,卖盘
347,14:28:59,8.68,--,1,868,买盘
348,14:28:49,8.68,0.01,6,5208,买盘
349,14:28:43,8.67,-0.01,2,1734,卖盘
350,14:28:38,8.68,--,1,868,买盘
351,14:28:34,8.68,--,35,30380,买盘
352,14:28:23,8.68,--,304,263872,卖盘
353,14:28:13,8.68,-0.01,35,30380,卖盘
354,14:28:03,8.69,0.01,14,12166,买盘
355,14:27:58,8.68,0.01,55,47740,买盘
356,14:27:48,8.67,--,8,6936,卖盘
357,14:27:43,8.67,--,67,58089,卖盘
358,14:27:38,8.67,--,50,43350,卖盘
359,14:27:28,8.67,--,340,294780,买盘
360,14:27:18,8.67,--,3,2601,买盘
361,14:27:14,8.67,--,59,51153,买盘
362,14:27:08,8.67,--,5,4335,买盘
363,14:27:03,8.67,-0.02,234,202878,卖盘
364,14:26:58,8.69,--,198,172062,买盘
365,14:26:48,8.69,--,0,0,买盘
366,14:26:43,8.69,0.01,151,131219,买盘
367,14:26:33,8.68,-0.01,4,3472,卖盘
368,14:26:28,8.69,--,3,2607,买盘
369,14:26:23,8.69,--,8,6952,买盘
370,14:26:13,8.69,-0.02,98,85162,卖盘
371,14:26:03,8.71,--,120,104520,卖盘
372,14:25:58,8.71,0.01,71,61841,买盘
373,14:25:53,8.7,--,10,8700,买盘
374,14:25:48,8.7,--,171,148770,卖盘
375,14:25:43,8.7,-0.01,302,262740,卖盘
376,14:25:38,8.71,0.02,24,20904,买盘
377,14:25:33,8.69,--,52,45188,买盘
378,14:25:28,8.69,-0.02,23,19987,卖盘
379,14:25:23,8.71,--,9,7839,卖盘
380,14:25:18,8.71,0.03,103,89713,买盘
381,14:25:13,8.68,-0.01,44,38973,卖盘
382,14:25:08,8.69,-0.02,1,869,卖盘
383,14:25:03,8.71,--,18,15678,买盘
384,14:24:58,8.71,--,0,0,买盘
385,14:24:53,8.71,0.04,78,67938,买盘
386,14:24:48,8.67,-0.03,89,77163,卖盘
387,14:24:43,8.7,0.03,120,104399,买盘
388,14:24:38,8.67,--,91,79330,卖盘
389,14:24:33,8.67,--,125,108375,买盘
390,14:24:28,8.67,0.02,52,45084,买盘
391,14:24:23,8.65,-0.02,12,10380,卖盘
392,14:24:18,8.67,0.01,97,84099,买盘
393,14:24:13,8.66,0.01,59,51094,买盘
394,14:24:08,8.65,-0.01,135,116775,卖盘
395,14:23:58,8.66,--,79,68414,买盘
396,14:23:53,8.66,--,237,205242,买盘
397,14:23:48,8.66,0.02,66,57156,买盘
398,14:23:43,8.64,0.01,99,85536,买盘
399,14:23:38,8.63,--,57,49191,卖盘
400,14:23:33,8.63,-0.01,37,31931,卖盘
401,14:23:28,8.64,--,118,101952,卖盘
402,14:23:23,8.64,0.01,285,246240,卖盘
403,14:23:18,8.63,--,0,0,卖盘
404,14:23:13,8.63,-0.04,282,243366,卖盘
405,14:23:08,8.67,0.03,461,399981,买盘
406,14:23:03,8.64,-0.02,1798,1554042,卖盘
407,14:22:58,8.66,-0.01,30,25980,卖盘
408,14:22:53,8.67,0.01,148,128316,买盘
409,14:22:48,8.66,-0.01,74,64084,卖盘
410,14:22:43,8.67,--,29,25888,买盘
411,14:22:38,8.67,--,99,85833,卖盘
412,14:22:33,8.67,0.01,12,10404,卖盘
413,14:22:28,8.66,-0.01,197,170602,卖盘
414,14:22:22,8.67,-0.01,134,116178,卖盘
415,14:22:18,8.68,--,15,13020,买盘
416,14:22:13,8.68,--,2,1736,卖盘
417,14:22:07,8.68,0.01,308,267344,买盘
418,14:22:02,8.67,-0.01,30,26010,卖盘
419,14:21:58,8.68,-0.02,84,72912,卖盘
420,14:21:52,8.7,0.02,10,8700,买盘
421,14:21:47,8.68,-0.02,171,148428,卖盘
422,14:21:43,8.7,--,75,65249,卖盘
423,14:21:37,8.7,--,81,70470,卖盘
424,14:21:28,8.7,-0.01,148,128759,卖盘
425,14:21:22,8.71,--,21,18291,卖盘
426,14:21:17,8.71,-0.02,204,177805,卖盘
427,14:21:13,8.73,--,90,79320,买盘
428,14:21:07,8.73,0.01,332,289836,买盘
429,14:21:02,8.72,-0.01,40,34880,卖盘
430,14:20:52,8.73,--,41,35793,买盘
431,14:20:37,8.73,-0.01,231,201785,卖盘
432,14:20:32,8.74,-0.01,5,4370,卖盘
433,14:20:22,8.75,--,30,26250,买盘
434,14:20:17,8.75,--,933,816375,卖盘
435,14:20:12,8.75,-0.01,263,230125,卖盘
436,14:20:07,8.76,--,27,23652,卖盘
437,14:20:02,8.76,--,55,48180,卖盘
438,14:19:57,8.76,--,66,57816,卖盘
439,14:19:42,8.76,-0.01,64,56064,卖盘
440,14:19:37,8.77,--,30,26310,买盘
441,14:19:22,8.77,--,0,0,买盘
442,14:19:12,8.77,0.01,188,164876,买盘
443,14:19:07,8.76,-0.01,12,10512,卖盘
444,14:18:57,8.77,0.01,6,5262,买盘
445,14:18:52,8.76,--,15,13140,卖盘
446,14:18:47,8.76,--,4,3504,卖盘
447,14:18:27,8.76,--,20,17520,卖盘
448,14:18:22,8.76,--,50,43800,卖盘
449,14:18:12,8.76,--,118,103368,买盘
450,14:18:07,8.76,0.01,10,8760,买盘
451,14:17:52,8.75,-0.01,150,131250,卖盘
452,14:17:47,8.76,--,17,14892,买盘
453,14:17:32,8.76,--,1,876,买盘
454,14:17:27,8.76,--,14,12264,买盘
455,14:17:22,8.76,-0.02,9,7884,卖盘
456,14:17:17,8.78,--,204,179112,买盘
457,14:16:57,8.78,0.01,4,3511,买盘
458,14:16:52,8.77,--,39,34203,买盘
459,14:16:47,8.77,--,3,2631,买盘
460,14:16:42,8.77,--,10,8770,买盘
461,14:16:37,8.77,-0.01,69,60513,买盘
462,14:16:22,8.78,--,0,0,买盘
463,14:16:17,8.78,0.01,188,165064,买盘
464,14:16:12,8.77,--,0,0,买盘
465,14:16:02,8.77,--,7,6139,买盘
466,14:15:37,8.77,--,106,93111,卖盘
467,14:15:27,8.77,--,24,21828,卖盘
468,14:15:22,8.77,0.02,56,49936,买盘
469,14:15:16,8.75,--,0,0,卖盘
470,14:15:12,8.75,-0.02,8,7000,卖盘
471,14:15:01,8.77,0.03,28,24556,买盘
472,14:14:56,8.74,--,0,0,卖盘
473,14:14:52,8.74,-0.03,400,349600,卖盘
474,14:14:46,8.77,0.01,22,19294,买盘
475,14:14:41,8.76,--,1,876,卖盘
476,14:14:37,8.76,--,5,4380,卖盘
477,14:14:31,8.76,--,5,4380,卖盘
478,14:14:22,8.76,--,77,67452,买盘
479,14:14:07,8.76,--,7,6132,买盘
480,14:14:01,8.76,0.01,22,19272,买盘
481,14:13:52,8.75,--,45,39375,卖盘
482,14:13:46,8.75,--,5,4375,卖盘
483,14:13:31,8.75,-0.02,100,87500,卖盘
484,14:13:26,8.77,--,30,26310,买盘
485,14:13:22,8.77,0.01,425,372725,买盘
486,14:13:01,8.76,-0.01,34,29784,卖盘
487,14:12:46,8.77,--,18,15786,买盘
488,14:12:41,8.77,--,9,7893,卖盘
489,14:12:36,8.77,--,69,60513,卖盘
490,14:12:26,8.77,0.01,110,96470,买盘
491,14:12:21,8.76,--,32,28032,卖盘
492,14:12:16,8.76,0.01,3,2628,卖盘
493,14:12:11,8.75,--,6,5250,卖盘
494,14:12:06,8.75,--,1,875,卖盘
495,14:12:01,8.75,--,47,41125,卖盘
496,14:11:56,8.75,-0.01,200,175000,卖盘
497,14:11:51,8.76,0.01,81,70956,买盘
498,14:11:46,8.75,--,158,138250,卖盘
499,14:11:26,8.75,--,5,4375,卖盘
500,14:11:16,8.75,--,5,4375,卖盘
501,14:11:11,8.75,0.01,22,20002,买盘
502,14:11:06,8.74,--,100,87400,卖盘
503,14:11:01,8.74,-0.01,30,26220,卖盘
504,14:10:51,8.75,--,2,1750,买盘
505,14:10:46,8.75,--,176,154122,卖盘
506,14:10:36,8.75,--,0,0,卖盘
507,14:10:31,8.75,--,382,334250,卖盘
508,14:10:26,8.75,-0.01,6,5250,卖盘
509,14:10:21,8.76,--,4,3504,买盘
510,14:10:11,8.76,--,164,143664,卖盘
511,14:10:01,8.76,-0.01,10,8760,卖盘
512,14:09:46,8.77,--,0,0,中性盘
513,14:09:36,8.77,-0.02,2,1754,卖盘
514,14:09:31,8.79,0.01,188,165251,买盘
515,14:09:26,8.78,0.01,50,43900,买盘
516,14:09:21,8.77,-0.01,10,8770,卖盘
517,14:09:16,8.78,-0.01,107,93946,卖盘
518,14:09:11,8.79,--,2,1757,买盘
519,14:09:06,8.79,-0.01,245,215354,卖盘
520,14:09:01,8.8,0.01,10,8800,买盘
521,14:08:56,8.79,-0.01,5,4395,卖盘
522,14:08:51,8.8,0.01,42,36960,买盘
523,14:08:46,8.79,-0.02,46,40433,卖盘
524,14:08:36,8.81,0.01,14,12334,买盘
525,14:08:31,8.8,--,195,171600,卖盘
526,14:08:25,8.8,--,103,90640,卖盘
527,14:08:16,8.8,--,3,2640,卖盘
528,14:08:10,8.8,--,34,29920,卖盘
529,14:08:06,8.8,--,5,4400,卖盘
530,14:08:01,8.8,--,20,17600,卖盘
531,14:07:46,8.8,-0.02,79,69520,卖盘
532,14:07:40,8.82,0.01,28,24696,买盘
533,14:07:36,8.81,--,4,3524,卖盘
534,14:07:31,8.81,0.01,128,112768,买盘
535,14:07:21,8.8,-0.01,221,194480,卖盘
536,14:07:16,8.81,--,27,23787,买盘
537,14:07:10,8.81,--,40,35240,买盘
538,14:07:01,8.81,--,56,49336,卖盘
539,14:06:55,8.81,--,114,100434,卖盘
540,14:06:50,8.81,--,1,881,卖盘
541,14:06:46,8.81,--,3,2643,卖盘
542,14:06:35,8.81,--,121,106601,买盘
543,14:06:25,8.81,0.01,10,8810,买盘
544,14:06:20,8.8,--,9,7920,卖盘
545,14:06:10,8.8,--,11,9680,卖盘
546,14:06:05,8.8,--,7,6160,卖盘
547,14:06:01,8.8,--,5,4400,卖盘
548,14:05:55,8.8,-0.01,20,17600,卖盘
549,14:05:50,8.81,0.01,8,7048,买盘
550,14:05:40,8.8,--,31,27280,卖盘
551,14:05:30,8.8,--,6,5280,卖盘
552,14:05:25,8.8,0.01,15,13200,买盘
553,14:05:20,8.79,--,0,0,卖盘
554,14:05:15,8.79,-0.03,37,32522,卖盘
555,14:05:10,8.82,0.02,200,176400,买盘
556,14:05:05,8.8,--,3,2640,买盘
557,14:05:00,8.8,-0.01,133,117040,卖盘
558,14:04:50,8.81,--,1,881,卖盘
559,14:04:40,8.81,0.01,180,158580,买盘
560,14:04:30,8.8,-0.01,10,8800,卖盘
561,14:04:25,8.81,--,747,658107,买盘
562,14:04:20,8.81,0.01,18,15858,买盘
563,14:04:15,8.8,--,101,88880,买盘
564,14:04:00,8.8,--,1,880,买盘
565,14:03:45,8.8,0.01,230,202400,买盘
566,14:03:39,8.79,0.01,12,10547,买盘
567,14:03:35,8.78,-0.01,11,9658,卖盘
568,14:03:30,8.79,--,60,52739,买盘
569,14:03:25,8.79,0.01,3,2636,买盘
570,14:03:20,8.78,--,10,8780,卖盘
571,14:02:45,8.78,-0.01,2,1755,卖盘
572,14:02:40,8.79,0.01,373,327866,买盘
573,14:02:35,8.78,--,37,32881,买盘
574,14:02:10,8.78,-0.01,36,31853,卖盘
575,14:01:40,8.79,0.01,195,171404,买盘
576,14:01:34,8.78,--,23,20194,卖盘
577,14:01:25,8.78,-0.01,5,4390,卖盘
578,14:01:19,8.79,--,62,54497,买盘
579,14:01:09,8.79,0.01,165,145035,买盘
580,14:01:04,8.78,--,2,1755,卖盘
581,14:00:45,8.78,--,159,140234,买盘
582,14:00:39,8.78,--,59,51801,买盘
583,14:00:30,8.78,--,16,14047,买盘
584,14:00:25,8.78,--,4,3511,买盘
585,14:00:15,8.78,0.01,19,16682,买盘
586,14:00:04,8.77,--,9,7893,卖盘
587,13:59:55,8.77,--,1,877,卖盘
588,13:59:49,8.77,--,30,26310,买盘
589,13:59:40,8.77,--,326,285902,买盘
590,13:59:34,8.77,0.02,72,63144,买盘
591,13:59:30,8.75,--,0,0,卖盘
592,13:59:24,8.75,-0.01,252,220500,卖盘
593,13:59:19,8.76,--,44,38544,卖盘
594,13:58:49,8.76,0.01,78,69081,买盘
595,13:58:40,8.75,-0.01,15,13125,卖盘
596,13:58:29,8.76,0.01,42,36792,买盘
597,13:58:19,8.75,-0.01,4,3500,卖盘
598,13:58:14,8.76,--,2,1752,买盘
599,13:58:09,8.76,0.01,106,92856,买盘
600,13:58:04,8.75,-0.01,1,875,卖盘
601,13:57:49,8.76,0.01,21,18396,买盘
602,13:57:39,8.75,--,1,875,卖盘
603,13:57:29,8.75,--,50,43750,买盘
604,13:57:24,8.75,--,5,4375,买盘
605,13:57:19,8.75,--,1,875,买盘
606,13:57:14,8.75,0.01,1,875,买盘
607,13:57:09,8.74,0.01,50,43700,买盘
608,13:57:03,8.73,-0.01,103,89919,卖盘
609,13:56:54,8.74,--,5,4370,买盘
610,13:56:49,8.74,--,201,175674,买盘
611,13:56:44,8.74,--,1,874,买盘
612,13:56:39,8.74,-0.01,203,177422,卖盘
613,13:56:33,8.75,0.01,2,1750,买盘
614,13:56:24,8.74,--,28,24472,卖盘
615,13:56:14,8.74,--,13,11362,卖盘
616,13:56:09,8.74,-0.01,52,45448,卖盘
617,13:56:03,8.75,0.01,8,7000,中性盘
618,13:55:59,8.74,--,4,3496,卖盘
619,13:55:54,8.74,--,191,166934,卖盘
620,13:55:48,8.74,-0.01,10,8740,卖盘
621,13:55:44,8.75,--,59,51625,卖盘
622,13:55:39,8.75,--,14,12250,卖盘
623,13:55:33,8.75,--,44,38500,卖盘
624,13:55:24,8.75,--,10,8750,卖盘
625,13:55:18,8.75,--,13,11375,卖盘
626,13:55:14,8.75,-0.01,54,47250,卖盘
627,13:55:03,8.76,-0.01,28,24528,卖盘
628,13:54:58,8.77,--,107,93839,买盘
629,13:54:54,8.77,--,225,197325,买盘
630,13:54:48,8.77,--,233,204341,卖盘
631,13:54:43,8.77,--,24,21048,卖盘
632,13:54:39,8.77,-0.01,6,5262,卖盘
633,13:54:28,8.78,--,314,275937,卖盘
634,13:54:24,8.78,--,139,122041,卖盘
635,13:54:18,8.78,--,15,13169,卖盘
636,13:54:13,8.78,--,67,58825,卖盘
637,13:54:03,8.78,--,107,93946,卖盘
638,13:53:58,8.78,--,291,255497,卖盘
639,13:53:48,8.78,-0.01,180,158040,卖盘
640,13:53:43,8.79,--,116,101963,卖盘
641,13:53:39,8.79,-0.01,201,176678,卖盘
642,13:53:33,8.8,0.01,13,11440,买盘
643,13:53:28,8.79,-0.01,17,14942,卖盘
644,13:53:24,8.8,-0.01,115,101200,卖盘
645,13:53:18,8.81,-0.01,30,26430,买盘
646,13:53:13,8.82,0.02,23,20286,买盘
647,13:53:03,8.8,-0.02,22,19360,卖盘
648,13:52:58,8.82,0.02,188,165816,买盘
649,13:52:43,8.8,-0.02,61,53680,卖盘
650,13:52:38,8.82,0.01,24,21168,买盘
651,13:52:33,8.81,--,43,37883,卖盘
652,13:52:28,8.81,--,41,36121,卖盘
653,13:52:13,8.81,--,10,8810,卖盘
654,13:52:03,8.81,--,4,3524,卖盘
655,13:51:58,8.81,0.01,98,86338,买盘
656,13:51:53,8.8,-0.01,5,4400,卖盘
657,13:51:43,8.81,0.01,21,18501,买盘
658,13:51:38,8.8,-0.01,10,8800,卖盘
659,13:51:33,8.81,0.01,35,30835,卖盘
660,13:51:28,8.8,-0.02,3,2640,卖盘
661,13:51:23,8.82,--,3,2646,买盘
662,13:51:18,8.82,0.01,13,11466,买盘
663,13:51:13,8.81,-0.01,89,78409,卖盘
664,13:51:08,8.82,-0.01,6,5292,买盘
665,13:51:03,8.83,0.01,188,166004,买盘
666,13:50:48,8.82,--,158,139356,卖盘
667,13:50:43,8.82,--,3,2646,卖盘
668,13:50:33,8.82,--,9,7938,卖盘
669,13:50:28,8.82,--,10,8820,卖盘
670,13:50:18,8.82,--,29,25578,卖盘
671,13:50:12,8.82,--,200,176400,卖盘
672,13:50:03,8.82,--,29,25578,买盘
673,13:49:53,8.82,--,90,79380,买盘
674,13:49:48,8.82,0.01,10,8820,买盘
675,13:49:42,8.81,-0.01,5,4405,卖盘
676,13:49:38,8.82,--,110,97020,卖盘
677,13:49:33,8.82,0.01,66,58212,买盘
678,13:49:27,8.81,--,65,57265,卖盘
679,13:49:23,8.81,-0.01,70,61670,卖盘
680,13:49:12,8.82,--,25,22050,买盘
681,13:49:08,8.82,-0.01,51,44982,中性盘
682,13:49:03,8.83,0.01,194,171302,买盘
683,13:48:57,8.82,0.01,2,1764,买盘
684,13:48:53,8.81,-0.01,409,360329,卖盘
685,13:48:42,8.82,--,15,13230,卖盘
686,13:48:38,8.82,0.01,93,82026,买盘
687,13:48:33,8.81,--,84,74004,卖盘
688,13:48:27,8.81,--,20,17620,卖盘
689,13:48:22,8.81,-0.01,5,4405,卖盘
690,13:48:12,8.82,--,46,40572,买盘
691,13:48:07,8.82,--,355,313110,买盘
692,13:48:03,8.82,--,2,1764,买盘
693,13:47:57,8.82,--,112,98784,卖盘
694,13:47:52,8.82,--,11,9702,卖盘
695,13:47:42,8.82,-0.01,21,18522,卖盘
696,13:47:37,8.83,0.01,54,47682,买盘
697,13:47:33,8.82,--,31,27342,卖盘
698,13:47:27,8.82,--,10,8820,卖盘
699,13:47:22,8.82,--,6,5292,卖盘
700,13:47:18,8.82,--,40,35280,卖盘
701,13:47:07,8.82,0.01,215,189630,买盘
702,13:47:03,8.81,--,26,22906,卖盘
703,13:46:57,8.81,--,19,16739,卖盘
704,13:46:52,8.81,--,74,65194,买盘
705,13:46:42,8.81,--,50,44050,买盘
706,13:46:37,8.81,--,20,17620,买盘
707,13:46:33,8.81,--,3,2643,买盘
708,13:46:27,8.81,--,19,16739,买盘
709,13:46:22,8.81,0.01,6,5286,中性盘
710,13:46:18,8.8,-0.01,60,52800,卖盘
711,13:46:12,8.81,--,266,234346,买盘
712,13:46:07,8.81,0.01,31,27311,买盘
713,13:45:57,8.8,--,45,39600,卖盘
714,13:45:52,8.8,-0.03,35,31257,卖盘
715,13:45:48,8.83,--,0,0,买盘
716,13:45:42,8.83,0.03,423,373509,买盘
717,13:45:37,8.8,-0.02,44,38720,卖盘
718,13:45:32,8.82,--,8,7056,卖盘
719,13:45:27,8.82,-0.01,365,321930,卖盘
720,13:45:22,8.83,0.01,330,291390,买盘
721,13:45:17,8.82,--,60,52920,买盘
722,13:45:12,8.82,--,190,167580,买盘
723,13:45:02,8.82,--,26,22932,买盘
724,13:44:57,8.82,--,20,17640,买盘
725,13:44:52,8.82,0.01,61,53802,买盘
726,13:44:47,8.81,-0.02,7,6167,卖盘
727,13:44:42,8.83,--,250,220750,买盘
728,13:44:37,8.83,--,58,51214,买盘
729,13:44:32,8.83,--,6,5298,买盘
730,13:44:27,8.83,--,11,9713,买盘
731,13:44:22,8.83,--,69,61350,卖盘
732,13:44:17,8.83,--,28,24724,卖盘
733,13:44:12,8.83,0.02,342,302445,买盘
734,13:44:07,8.81,-0.02,72,63432,卖盘
735,13:44:02,8.83,0.02,29,25607,买盘
736,13:43:57,8.81,-0.02,1,881,卖盘
737,13:43:52,8.83,0.01,51,45033,买盘
738,13:43:47,8.82,-0.01,37,32634,中性盘
739,13:43:42,8.83,--,79,69757,买盘
740,13:43:37,8.83,--,50,44150,买盘
741,13:43:32,8.83,0.01,20,17660,买盘
742,13:43:27,8.82,0.01,15,13230,买盘
743,13:43:22,8.81,--,50,44050,卖盘
744,13:43:12,8.81,-0.02,70,61670,卖盘
745,13:43:06,8.83,0.02,356,314348,买盘
746,13:42:57,8.81,--,3,2643,买盘
747,13:42:51,8.81,0.01,70,61670,买盘
748,13:42:42,8.8,--,241,212080,买盘
749,13:42:36,8.8,--,52,45760,买盘
750,13:42:27,8.8,--,20,17600,买盘
751,13:42:21,8.8,--,20,17600,买盘
752,13:42:17,8.8,0.01,7,6160,买盘
753,13:42:12,8.79,-0.01,25,21974,中性盘
754,13:42:06,8.8,0.01,31,27280,买盘
755,13:42:02,8.79,--,289,254030,买盘
756,13:41:57,8.79,0.01,3,2636,买盘
757,13:41:51,8.78,-0.01,30,26339,卖盘
758,13:41:47,8.79,--,561,493118,买盘
759,13:41:42,8.79,--,18,15821,买盘
760,13:41:36,8.79,--,7,6152,买盘
761,13:41:31,8.79,--,260,228539,买盘
762,13:41:27,8.79,--,5,4395,买盘
763,13:41:17,8.79,0.01,40,35160,买盘
764,13:41:06,8.78,--,22,19316,卖盘
765,13:41:01,8.78,--,168,148136,买盘
766,13:40:57,8.78,0.01,35,30729,买盘
767,13:40:51,8.77,--,25,21925,卖盘
768,13:40:46,8.77,--,32,28064,卖盘
769,13:40:41,8.77,--,59,51743,卖盘
770,13:40:36,8.77,0.01,27,23679,买盘
771,13:40:31,8.76,-0.01,5,4380,卖盘
772,13:40:27,8.77,-0.01,3,2631,买盘
773,13:40:21,8.78,--,189,165942,买盘
774,13:40:11,8.78,0.02,157,137846,买盘
775,13:40:06,8.76,-0.01,13,11388,卖盘
776,13:40:01,8.77,--,30,26310,卖盘
777,13:39:57,8.77,-0.01,24,21048,卖盘
778,13:39:51,8.78,0.02,2,1755,买盘
779,13:39:46,8.76,--,0,0,卖盘
780,13:39:41,8.76,-0.03,143,125513,卖盘
781,13:39:36,8.79,0.01,37,32522,买盘
782,13:39:31,8.78,--,22,19948,买盘
783,13:39:26,8.78,--,2,1755,买盘
784,13:39:21,8.78,0.02,249,218621,买盘
785,13:39:11,8.76,-0.01,145,127020,卖盘
786,13:39:06,8.77,-0.01,25,21925,中性盘
787,13:39:01,8.78,--,20,17560,买盘
788,13:38:56,8.78,0.01,21,18438,买盘
789,13:38:46,8.77,-0.01,77,67774,卖盘
790,13:38:41,8.78,--,15,13169,卖盘
791,13:38:36,8.78,--,30,26972,买盘
792,13:38:26,8.78,--,5,4390,买盘
793,13:38:21,8.78,0.01,1395,1224810,买盘
794,13:38:16,8.77,--,161,141197,买盘
795,13:38:11,8.77,--,40,35325,卖盘
796,13:38:06,8.77,--,3,2631,卖盘
797,13:38:01,8.77,--,43,37711,卖盘
798,13:37:46,8.77,--,20,17540,卖盘
799,13:37:36,8.77,0.01,146,128673,买盘
800,13:37:26,8.76,-0.01,6,5256,卖盘
801,13:37:21,8.77,0.02,93,81561,买盘
802,13:37:16,8.75,--,50,43750,买盘
803,13:37:11,8.75,-0.02,2,1995,卖盘
804,13:37:06,8.77,--,0,0,买盘
805,13:37:01,8.77,0.02,216,189432,买盘
806,13:36:56,8.75,-0.01,2,1750,卖盘
807,13:36:51,8.76,0.01,55,48180,买盘
808,13:36:46,8.75,--,109,96005,卖盘
809,13:36:36,8.75,-0.01,40,35000,卖盘
810,13:36:26,8.76,--,189,165564,买盘
811,13:36:21,8.76,--,30,26280,买盘
812,13:36:16,8.76,-0.01,1,876,中性盘
813,13:36:11,8.77,0.01,64,56128,买盘
814,13:36:06,8.76,--,49,42924,买盘
815,13:36:00,8.76,-0.01,67,58692,卖盘
816,13:35:51,8.77,0.02,75,65775,买盘
817,13:35:45,8.75,--,14,12250,卖盘
818,13:35:36,8.75,-0.01,84,73911,卖盘
819,13:35:30,8.76,0.03,30,26280,买盘
820,13:35:26,8.73,-0.01,9,7857,卖盘
821,13:35:21,8.74,-0.01,18,15732,卖盘
822,13:35:15,8.75,0.02,298,260750,买盘
823,13:35:11,8.73,-0.01,104,90792,卖盘
824,13:35:00,8.74,--,111,97014,买盘
825,13:34:56,8.74,0.01,238,208046,买盘
826,13:34:51,8.73,--,91,79443,买盘
827,13:34:45,8.73,0.01,75,65475,买盘
828,13:34:41,8.72,0.01,78,68016,买盘
829,13:34:35,8.71,--,1,871,买盘
830,13:34:30,8.71,0.01,66,57486,买盘
831,13:34:25,8.7,0.02,252,219239,买盘
832,13:34:20,8.68,--,10,8680,卖盘
833,13:34:15,8.68,-0.01,365,316820,卖盘
834,13:34:10,8.69,--,65,56485,买盘
835,13:34:05,8.69,-0.02,71,61699,买盘
836,13:34:00,8.71,0.01,284,247364,买盘
837,13:33:55,8.7,--,142,123539,买盘
838,13:33:50,8.7,--,10,8700,买盘
839,13:33:45,8.7,--,201,174870,卖盘
840,13:33:40,8.7,-0.01,10,8700,卖盘
841,13:33:35,8.71,--,0,0,买盘
842,13:33:30,8.71,--,218,189878,买盘
843,13:33:25,8.71,0.01,204,177684,买盘
844,13:33:20,8.7,--,20,17400,卖盘
845,13:33:15,8.7,--,50,43500,卖盘
846,13:33:10,8.7,0.01,86,74820,买盘
847,13:33:05,8.69,-0.01,7,6083,卖盘
848,13:33:00,8.7,--,17,14789,买盘
849,13:32:50,8.7,--,0,0,买盘
850,13:32:45,8.7,-0.01,23,20010,买盘
851,13:32:40,8.71,--,0,0,买盘
852,13:32:35,8.71,0.02,189,164619,买盘
853,13:32:30,8.69,-0.01,119,103411,卖盘
854,13:32:25,8.7,-0.01,53,46109,买盘
855,13:32:15,8.71,0.02,47,40937,买盘
856,13:32:10,8.69,-0.01,73,63437,卖盘
857,13:32:00,8.7,0.01,1,869,买盘
858,13:31:55,8.69,--,38,33022,卖盘
859,13:31:45,8.69,-0.02,1,869,卖盘
860,13:31:40,8.71,0.01,20,17420,买盘
861,13:31:30,8.7,--,1,869,买盘
862,13:31:25,8.7,--,121,105269,卖盘
863,13:31:15,8.7,0.01,45,39150,买盘
864,13:31:10,8.69,0.01,214,185966,买盘
865,13:31:00,8.68,-0.01,55,47740,卖盘
866,13:30:50,8.69,-0.01,232,201608,卖盘
867,13:30:30,8.7,--,1,869,买盘
868,13:30:25,8.7,--,5,4350,卖盘
869,13:30:15,8.7,--,8,6959,卖盘
870,13:30:10,8.7,--,9,7829,卖盘
871,13:30:05,8.7,--,68,59159,买盘
872,13:30:00,8.7,--,60,52199,买盘
873,13:29:55,8.7,--,145,126149,买盘
874,13:29:45,8.7,0.01,12,10440,买盘
875,13:29:09,8.69,--,10,8690,买盘
876,13:29:00,8.69,0.01,17,14773,买盘
877,13:28:54,8.68,-0.01,100,86800,卖盘
878,13:28:45,8.69,--,1,869,买盘
879,13:28:35,8.69,0.01,12,10428,买盘
880,13:28:30,8.68,--,14,12152,买盘
881,13:28:24,8.68,--,102,88536,买盘
882,13:28:20,8.68,--,25,21700,买盘
883,13:28:15,8.68,0.01,4,3472,买盘
884,13:28:04,8.67,-0.01,54,46818,卖盘
885,13:27:54,8.68,0.01,50,43400,买盘
886,13:27:49,8.67,--,110,95370,卖盘
887,13:27:45,8.67,-0.01,5,4335,卖盘
888,13:27:39,8.68,0.01,10,8680,买盘
889,13:27:34,8.67,-0.01,9,7803,卖盘
890,13:27:24,8.68,--,4,3472,买盘
891,13:27:19,8.68,0.01,62,53816,买盘
892,13:27:14,8.67,-0.01,39,33813,卖盘
893,13:27:09,8.68,0.01,1,868,买盘
894,13:27:04,8.67,--,4,3468,卖盘
895,13:26:59,8.67,--,96,83232,卖盘
896,13:26:54,8.67,--,181,156927,卖盘
897,13:26:49,8.67,-0.01,123,106641,卖盘
898,13:26:44,8.68,--,57,49476,卖盘
899,13:26:29,8.68,--,68,59024,买盘
900,13:26:19,8.68,--,10,8680,买盘
901,13:26:14,8.68,--,11,9548,买盘
902,13:26:09,8.68,--,8,6944,买盘
903,13:25:54,8.68,--,5,4340,买盘
904,13:25:49,8.68,-0.01,52,45552,卖盘
905,13:25:19,8.69,--,91,79079,买盘
906,13:25:09,8.69,-0.01,1,869,卖盘
907,13:24:54,8.7,--,3,2610,买盘
908,13:24:49,8.7,--,3,2610,买盘
909,13:24:44,8.7,--,5,4350,买盘
910,13:24:39,8.7,0.02,5,4350,买盘
911,13:24:34,8.68,--,50,43400,卖盘
912,13:24:24,8.68,-0.02,50,43400,卖盘
913,13:24:19,8.7,--,6,5220,买盘
914,13:24:14,8.7,--,13,11309,买盘
915,13:24:09,8.7,--,8,6959,买盘
916,13:23:59,8.7,--,4,3479,买盘
917,13:23:49,8.7,--,4,3479,买盘
918,13:23:44,8.7,--,13,11309,买盘
919,13:23:39,8.7,0.01,6,5220,买盘
920,13:23:34,8.69,-0.01,43,37367,卖盘
921,13:23:24,8.7,--,5,4350,买盘
922,13:23:19,8.7,--,2,1739,买盘
923,13:23:14,8.7,--,78,68034,卖盘
924,13:23:09,8.7,-0.01,30,26099,卖盘
925,13:23:04,8.71,--,25,21775,买盘
926,13:22:49,8.71,0.01,5,4355,买盘
927,13:22:39,8.7,--,87,75690,卖盘
928,13:22:34,8.7,--,10,8700,卖盘
929,13:22:14,8.7,--,53,46109,卖盘
930,13:22:09,8.7,-0.01,16,14755,卖盘
931,13:21:54,8.71,--,20,17663,卖盘
932,13:21:33,8.71,--,0,0,卖盘
933,13:21:29,8.71,-0.01,20,17420,卖盘
934,13:21:24,8.72,-0.01,100,87200,卖盘
935,13:21:18,8.73,0.01,10,8730,买盘
936,13:21:09,8.72,-0.01,26,23125,卖盘
937,13:21:03,8.73,--,30,26190,买盘
938,13:20:59,8.73,0.01,16,13968,买盘
939,13:20:43,8.72,--,46,40112,卖盘
940,13:20:39,8.72,--,4,3488,卖盘
941,13:20:33,8.72,-0.01,5,4360,卖盘
942,13:20:29,8.73,0.01,97,84681,买盘
943,13:20:13,8.72,0.02,24,21102,买盘
944,13:20:09,8.7,-0.02,16,14415,卖盘
945,13:20:03,8.72,--,7,6104,买盘
946,13:19:58,8.72,--,105,91560,买盘
947,13:19:48,8.72,--,3,2616,买盘
948,13:19:43,8.72,-0.01,148,129710,卖盘
949,13:19:39,8.73,0.01,56,48888,买盘
950,13:19:33,8.72,-0.01,34,29648,卖盘
951,13:19:28,8.73,--,20,17460,买盘
952,13:19:23,8.73,0.01,6,5238,买盘
953,13:19:18,8.72,--,10,8720,卖盘
954,13:19:13,8.72,0.02,7,6322,卖盘
955,13:19:08,8.7,-0.03,16,14154,卖盘
956,13:19:03,8.73,0.01,126,109998,买盘
957,13:18:58,8.72,--,1,872,买盘
958,13:18:54,8.72,0.02,115,100280,买盘
959,13:18:48,8.7,-0.02,92,80040,卖盘
960,13:18:38,8.72,0.01,137,119464,买盘
961,13:18:33,8.71,--,11,9581,买盘
962,13:18:28,8.71,--,54,47034,买盘
963,13:18:23,8.71,--,13,11323,买盘
964,13:18:18,8.71,--,5,4355,买盘
965,13:18:13,8.71,0.01,75,65473,买盘
966,13:18:08,8.7,--,35,30754,卖盘
967,13:18:03,8.7,--,51,44370,买盘
968,13:17:58,8.7,--,1,869,买盘
969,13:17:53,8.7,--,8,6959,买盘
970,13:17:48,8.7,--,26,22619,买盘
971,13:17:38,8.7,0.01,5,4350,买盘
972,13:17:33,8.69,-0.01,60,52140,卖盘
973,13:17:28,8.7,--,31,26969,买盘
974,13:17:23,8.7,--,0,0,买盘
975,13:17:18,8.7,0.02,201,174870,买盘
976,13:17:13,8.68,-0.01,14,12152,卖盘
977,13:17:08,8.69,0.01,12,11088,买盘
978,13:17:03,8.68,--,36,31907,卖盘
979,13:16:58,8.68,--,20,17360,卖盘
980,13:16:48,8.68,--,111,96348,买盘
981,13:16:43,8.68,--,93,80724,买盘
982,13:16:38,8.68,--,29,25172,卖盘
983,13:16:33,8.68,--,4,3472,买盘
984,13:16:18,8.68,--,270,234360,买盘
985,13:16:13,8.68,--,27,23436,买盘
986,13:16:08,8.68,--,20,17594,买盘
987,13:16:03,8.68,-0.01,66,57505,卖盘
988,13:15:58,8.69,0.01,13,11297,买盘
989,13:15:33,8.68,--,13,11284,卖盘
990,13:15:27,8.68,0.02,661,573782,买盘
991,13:15:23,8.66,-0.01,21,18186,卖盘
992,13:15:18,8.67,--,5,4335,买盘
993,13:15:12,8.67,0.01,320,277440,买盘
994,13:15:03,8.66,-0.01,24,21234,卖盘
995,13:14:57,8.67,0.01,15,13005,买盘
996,13:14:48,8.66,-0.01,59,51094,卖盘
997,13:14:42,8.67,--,8,6936,买盘
998,13:14:33,8.67,0.01,51,44217,买盘
999,13:14:23,8.66,--,20,17320,卖盘
1000,13:14:18,8.66,--,20,17320,卖盘
1001,13:14:12,8.66,--,7,6062,卖盘
1002,13:14:08,8.66,--,16,14150,卖盘
1003,13:14:03,8.66,--,20,17475,买盘
1004,13:13:57,8.66,0.01,9,8469,买盘
1005,13:13:53,8.65,-0.01,128,110720,卖盘
1006,13:13:48,8.66,--,10,8660,买盘
1007,13:13:42,8.66,0.01,21,18186,买盘
1008,13:13:38,8.65,-0.01,26,22490,卖盘
1009,13:13:27,8.66,0.01,1,866,买盘
1010,13:13:23,8.65,-0.01,41,35465,卖盘
1011,13:13:18,8.66,-0.01,42,36372,买盘
1012,13:13:07,8.67,0.02,20,17340,买盘
1013,13:13:02,8.65,--,12,10553,卖盘
1014,13:12:57,8.65,-0.01,112,97156,卖盘
1015,13:12:52,8.66,-0.01,9,8209,卖盘
1016,13:12:48,8.67,0.01,39,33813,买盘
1017,13:12:42,8.66,-0.01,12,10392,卖盘
1018,13:12:37,8.67,0.01,283,245361,买盘
1019,13:12:27,8.66,-0.01,2,1732,卖盘
1020,13:12:22,8.67,0.01,22,19074,买盘
1021,13:12:18,8.66,-0.01,66,57156,卖盘
1022,13:12:07,8.67,--,111,96653,卖盘
1023,13:12:03,8.67,--,10,8670,卖盘
1024,13:11:57,8.67,--,23,20391,卖盘
1025,13:11:52,8.67,--,19,16473,买盘
1026,13:11:47,8.67,--,14,12138,买盘
1027,13:11:42,8.67,--,20,17340,买盘
1028,13:11:32,8.67,--,32,27744,买盘
1029,13:11:27,8.67,--,80,69810,卖盘
1030,13:11:22,8.67,--,153,132651,卖盘
1031,13:11:07,8.67,--,111,96341,买盘
1032,13:10:57,8.67,--,38,33708,卖盘
1033,13:10:52,8.67,--,99,85833,卖盘
1034,13:10:47,8.67,--,20,17340,卖盘
1035,13:10:42,8.67,-0.01,36,31212,卖盘
1036,13:10:37,8.68,0.01,9,7812,买盘
1037,13:10:32,8.67,--,5,4335,卖盘
1038,13:10:27,8.67,--,21,18207,卖盘
1039,13:10:22,8.67,-0.01,10,8670,卖盘
1040,13:10:07,8.68,--,80,69440,卖盘
1041,13:10:02,8.68,--,5,4340,卖盘
1042,13:09:57,8.68,--,15,13020,买盘
1043,13:09:52,8.68,--,11,9548,卖盘
1044,13:09:42,8.68,0.01,50,43400,卖盘
1045,13:09:27,8.67,--,0,0,卖盘
1046,13:09:22,8.67,-0.01,23,20391,卖盘
1047,13:09:12,8.68,0.01,36,31768,买盘
1048,13:09:07,8.67,-0.01,17,14739,卖盘
1049,13:09:02,8.68,--,86,74648,买盘
1050,13:08:52,8.68,0.01,9,7812,买盘
1051,13:08:42,8.67,-0.01,47,40749,中性盘
1052,13:08:36,8.68,--,39,33852,买盘
1053,13:08:32,8.68,--,10,8680,买盘
1054,13:08:27,8.68,0.01,51,44268,买盘
1055,13:08:21,8.67,--,120,104872,卖盘
1056,13:08:06,8.67,-0.01,3,2601,卖盘
1057,13:07:57,8.68,0.01,5,4340,买盘
1058,13:07:51,8.67,--,29,25143,卖盘
1059,13:07:42,8.67,--,31,26877,卖盘
1060,13:07:21,8.67,--,34,29928,卖盘
1061,13:07:17,8.67,--,20,17340,卖盘
1062,13:07:12,8.67,--,8,6936,卖盘
1063,13:07:02,8.67,--,18,15606,卖盘
1064,13:06:51,8.67,-0.01,131,113577,卖盘
1065,13:06:47,8.68,--,12,10416,买盘
1066,13:06:36,8.68,--,10,8680,买盘
1067,13:06:32,8.68,--,10,8680,买盘
1068,13:06:26,8.68,--,10,9061,卖盘
1069,13:06:21,8.68,-0.01,36,31248,卖盘
1070,13:05:57,8.69,0.01,2,1738,买盘
1071,13:05:51,8.68,--,9,7812,卖盘
1072,13:05:42,8.68,-0.01,6,5208,卖盘
1073,13:05:26,8.69,0.01,5,4345,买盘
1074,13:05:21,8.68,-0.01,38,33435,卖盘
1075,13:05:11,8.69,--,0,0,中性盘
1076,13:05:01,8.69,--,0,0,买盘
1077,13:04:56,8.69,--,5,4345,买盘
1078,13:04:51,8.69,0.01,6,5214,买盘
1079,13:04:36,8.68,0.01,22,19130,买盘
1080,13:04:31,8.67,--,5,4335,卖盘
1081,13:04:21,8.67,--,100,86700,卖盘
1082,13:04:16,8.67,-0.01,13,11271,卖盘
1083,13:04:06,8.68,0.01,5,4340,买盘
1084,13:04:01,8.67,--,24,20808,卖盘
1085,13:03:56,8.67,--,13,11271,卖盘
1086,13:03:51,8.67,--,83,71961,卖盘
1087,13:03:46,8.67,--,108,93636,卖盘
1088,13:03:36,8.67,-0.01,127,110109,卖盘
1089,13:03:31,8.68,0.01,53,46004,买盘
1090,13:03:26,8.67,-0.01,7,6069,卖盘
1091,13:03:21,8.68,0.01,13,11874,买盘
1092,13:03:16,8.67,-0.01,16,14600,卖盘
1093,13:03:11,8.68,--,34,29512,买盘
1094,13:03:06,8.68,--,10,8680,买盘
1095,13:02:56,8.68,--,86,74648,买盘
1096,13:02:51,8.68,0.01,698,605864,买盘
1097,13:02:46,8.67,--,3,2601,卖盘
1098,13:02:36,8.67,-0.01,5,4335,卖盘
1099,13:02:31,8.68,0.01,13,11284,买盘
1100,13:02:26,8.67,--,35,30345,卖盘
1101,13:02:21,8.67,-0.01,10,8670,卖盘
1102,13:02:16,8.68,--,102,88536,买盘
1103,13:02:01,8.68,-0.01,164,143185,卖盘
1104,13:01:56,8.69,--,0,34,买盘
1105,13:01:51,8.69,--,6,5214,买盘
1106,13:01:45,8.69,--,13,12131,卖盘
1107,13:01:35,8.69,--,0,0,卖盘
1108,13:01:26,8.69,-0.03,9,7821,卖盘
1109,13:01:21,8.72,0.03,2,1744,买盘
1110,13:01:15,8.69,--,50,43901,卖盘
1111,13:00:56,8.69,0.02,63,55198,买盘
1112,13:00:45,8.67,-0.01,30,26426,卖盘
1113,13:00:41,8.68,--,86,74648,卖盘
1114,13:00:30,8.68,--,10,8680,卖盘
1115,13:00:11,8.68,-0.04,129,111972,卖盘
1116,13:00:05,8.72,0.03,624,544546,买盘
1117,13:00:00,8.69,-0.01,1,869,卖盘
1118,11:30:00,8.7,--,0,0,买盘
1119,11:30:00,8.7,--,0,0,买盘
1120,11:30:00,8.7,0.01,1,869,买盘
1121,11:29:57,8.69,--,20,17380,卖盘
1122,11:29:52,8.69,--,15,13035,卖盘
1123,11:29:42,8.69,--,296,257675,买盘
1124,11:29:37,8.69,--,14,12166,买盘
1125,11:29:32,8.69,--,52,45188,买盘
1126,11:29:17,8.69,--,10,8690,买盘
1127,11:29:12,8.69,-0.03,1300,1130117,卖盘
1128,11:29:07,8.72,--,52,45344,卖盘
1129,11:28:52,8.72,--,1,872,卖盘
1130,11:28:47,8.72,--,3,2616,卖盘
1131,11:28:32,8.72,--,88,76736,卖盘
1132,11:28:27,8.72,--,20,17440,卖盘
1133,11:28:22,8.72,--,4,3488,卖盘
1134,11:28:07,8.72,--,84,73248,买盘
1135,11:28:02,8.72,0.01,13,11336,买盘
1136,11:27:57,8.71,--,105,91455,卖盘
1137,11:27:52,8.71,-0.01,1,871,卖盘
1138,11:27:47,8.72,-0.01,2,1744,买盘
1139,11:27:42,8.73,0.01,31,27063,买盘
1140,11:27:37,8.72,--,49,42728,买盘
1141,11:27:32,8.72,0.01,700,610400,买盘
1142,11:27:27,8.71,-0.01,54,47034,卖盘
1143,11:27:22,8.72,--,10,8720,买盘
1144,11:27:17,8.72,--,107,94141,卖盘
1145,11:27:12,8.72,--,26,23125,卖盘
1146,11:27:07,8.72,-0.01,98,85456,卖盘
1147,11:27:02,8.73,--,34,29682,买盘
1148,11:26:52,8.73,0.01,16,13968,买盘
1149,11:26:47,8.72,--,10,8720,卖盘
1150,11:26:37,8.72,--,30,26160,卖盘
1151,11:26:27,8.72,--,11,9592,卖盘
1152,11:26:11,8.72,--,9,7848,卖盘
1153,11:26:07,8.72,-0.01,43,37496,卖盘
1154,11:25:47,8.73,--,47,41031,买盘
1155,11:25:27,8.73,0.01,11,9603,买盘
1156,11:25:21,8.72,--,16,13952,卖盘
1157,11:25:16,8.72,--,9,7848,卖盘
1158,11:25:11,8.72,-0.01,23,20509,卖盘
1159,11:25:07,8.73,--,1,873,买盘
1160,11:25:01,8.73,--,6,5238,买盘
1161,11:24:56,8.73,--,269,234837,买盘
1162,11:24:51,8.73,--,50,43650,买盘
1163,11:24:46,8.73,--,5,4365,买盘
1164,11:24:36,8.73,0.01,38,33174,买盘
1165,11:24:27,8.72,-0.01,2,1744,卖盘
1166,11:24:21,8.73,--,5,4365,买盘
1167,11:24:11,8.73,--,86,75078,买盘
1168,11:23:57,8.73,0.01,2,1746,买盘
1169,11:23:46,8.72,0.01,25,21800,买盘
1170,11:23:40,8.71,-0.01,10,8710,卖盘
1171,11:23:36,8.72,-0.01,18,15696,中性盘
1172,11:23:30,8.73,0.01,31,27063,买盘
1173,11:23:26,8.72,--,7,6104,买盘
1174,11:23:21,8.72,--,68,59296,买盘
1175,11:23:16,8.72,--,17,15103,买盘
1176,11:23:11,8.72,--,24,21102,买盘
1177,11:23:00,8.72,0.01,17,14824,买盘
1178,11:22:51,8.71,--,20,17420,卖盘
1179,11:22:46,8.71,-0.01,14,12194,卖盘
1180,11:22:41,8.72,--,1,872,买盘
1181,11:22:36,8.72,--,18,15696,卖盘
1182,11:22:21,8.72,0.01,183,159576,买盘
1183,11:22:16,8.71,--,1,871,买盘
1184,11:22:11,8.71,0.01,10,8710,买盘
1185,11:22:06,8.7,--,11,9570,卖盘
1186,11:22:01,8.7,-0.01,26,22619,卖盘
1187,11:21:56,8.71,--,1,871,买盘
1188,11:21:51,8.71,0.01,29,25259,买盘
1189,11:21:46,8.7,-0.01,58,50459,卖盘
1190,11:21:41,8.71,--,3,2613,买盘
1191,11:21:36,8.71,--,35,30485,买盘
1192,11:21:30,8.71,--,10,8710,买盘
1193,11:21:21,8.71,--,17,14807,买盘
1194,11:21:16,8.71,0.01,30,26130,买盘
1195,11:21:11,8.7,--,7,6116,卖盘
1196,11:21:06,8.7,--,16,14346,卖盘
1197,11:20:51,8.7,--,24,20880,卖盘
1198,11:20:46,8.7,--,228,198359,买盘
1199,11:20:36,8.7,--,1,869,买盘
1200,11:20:31,8.7,--,16,13919,买盘
1201,11:20:26,8.7,--,14,12179,买盘
1202,11:20:21,8.7,0.01,30,26099,买盘
1203,11:20:16,8.69,-0.01,23,19987,卖盘
1204,11:20:11,8.7,0.01,5,4350,买盘
1205,11:20:06,8.69,-0.01,85,73865,卖盘
1206,11:20:01,8.7,--,3,2610,买盘
1207,11:19:56,8.7,--,60,52199,买盘
1208,11:19:51,8.7,0.01,3,2610,买盘
1209,11:19:46,8.69,--,44,38236,买盘
1210,11:19:41,8.69,--,70,60830,买盘
1211,11:19:36,8.69,0.01,60,52140,买盘
1212,11:19:31,8.68,-0.01,61,52948,卖盘
1213,11:19:26,8.69,--,5,4345,卖盘
1214,11:19:21,8.69,0.01,2,1738,中性盘
1215,11:19:16,8.68,--,2,1736,卖盘
1216,11:19:11,8.68,--,19,16492,卖盘
1217,11:19:06,8.68,-0.02,65,56871,卖盘
1218,11:19:01,8.7,0.02,5,4350,买盘
1219,11:18:56,8.68,-0.02,25,21700,卖盘
1220,11:18:51,8.7,--,38,33060,买盘
1221,11:18:45,8.7,0.02,21,18270,买盘
1222,11:18:41,8.68,--,83,72044,卖盘
1223,11:18:36,8.68,-0.03,11,9548,卖盘
1224,11:18:30,8.71,--,0,0,买盘
1225,11:18:20,8.71,--,0,0,买盘
1226,11:18:16,8.71,-0.01,10,8710,卖盘
1227,11:18:10,8.72,0.04,203,177016,买盘
1228,11:18:05,8.68,--,159,138012,买盘
1229,11:18:01,8.68,-0.02,763,662284,卖盘
1230,11:17:55,8.7,-0.02,85,73950,卖盘
1231,11:17:50,8.72,0.01,10,8720,买盘
1232,11:17:45,8.71,--,229,199459,买盘
1233,11:17:40,8.71,0.01,18,15678,买盘
1234,11:17:35,8.7,-0.01,398,346260,卖盘
1235,11:17:30,8.71,--,42,36582,买盘
1236,11:17:25,8.71,--,35,30485,买盘
1237,11:17:20,8.71,-0.01,123,107551,卖盘
1238,11:17:15,8.72,--,156,136032,买盘
1239,11:17:10,8.72,0.01,6,5232,买盘
1240,11:17:05,8.71,-0.01,23,20485,卖盘
1241,11:17:00,8.72,--,47,40984,买盘
1242,11:16:55,8.72,--,47,40984,买盘
1243,11:16:50,8.72,--,5,4360,买盘
1244,11:16:45,8.72,-0.02,484,422048,卖盘
1245,11:16:40,8.74,0.01,14,12236,买盘
1246,11:16:35,8.73,--,18,15714,卖盘
1247,11:16:30,8.73,--,134,116982,买盘
1248,11:16:25,8.73,--,265,231345,买盘
1249,11:16:20,8.73,--,96,83808,卖盘
1250,11:16:15,8.73,--,16,13968,卖盘
1251,11:16:10,8.73,--,81,70713,卖盘
1252,11:16:00,8.73,--,156,136188,买盘
1253,11:15:50,8.73,0.01,15,13095,买盘
1254,11:15:45,8.72,-0.01,11,9592,卖盘
1255,11:15:40,8.73,0.02,55,48451,买盘
1256,11:15:35,8.71,-0.01,21,18291,卖盘
1257,11:15:30,8.72,-0.01,29,25288,卖盘
1258,11:15:25,8.73,--,48,41904,买盘
1259,11:15:15,8.73,0.01,1,873,买盘
1260,11:15:10,8.72,0.01,14,12992,买盘
1261,11:15:05,8.71,-0.02,26,23186,卖盘
1262,11:15:00,8.73,0.01,220,192060,买盘
1263,11:14:55,8.72,0.01,5,4360,买盘
1264,11:14:50,8.71,--,5,4520,买盘
1265,11:14:45,8.71,-0.01,148,129613,卖盘
1266,11:14:35,8.72,--,18,15696,买盘
1267,11:14:30,8.72,-0.01,153,133886,卖盘
1268,11:14:25,8.73,--,89,77697,买盘
1269,11:14:15,8.73,0.01,95,83336,买盘
1270,11:14:10,8.72,--,30,26160,卖盘
1271,11:13:55,8.72,--,115,100280,买盘
1272,11:13:45,8.72,--,65,56680,买盘
1273,11:13:40,8.72,--,51,44472,买盘
1274,11:13:35,8.72,--,0,0,中性盘
1275,11:13:30,8.72,--,3,2616,买盘
1276,11:13:25,8.72,--,158,137776,买盘
1277,11:13:20,8.72,--,13,11336,买盘
1278,11:13:14,8.72,0.01,37,32264,买盘
1279,11:13:05,8.71,--,15,13796,卖盘
1280,11:13:00,8.71,--,81,71143,卖盘
1281,11:12:55,8.71,--,24,20904,卖盘
1282,11:12:50,8.71,--,172,150395,买盘
1283,11:12:45,8.71,--,93,81003,买盘
1284,11:12:40,8.71,0.01,83,72293,买盘
1285,11:12:35,8.7,--,38,33060,卖盘
1286,11:12:30,8.7,--,53,46109,买盘
1287,11:12:25,8.7,0.01,107,93089,买盘
1288,11:12:20,8.69,-0.01,53,46057,卖盘
1289,11:12:15,8.7,0.01,13,11309,买盘
1290,11:12:10,8.69,--,204,177276,买盘
1291,11:12:05,8.69,--,71,61699,买盘
1292,11:11:59,8.69,-0.01,163,141647,中性盘
1293,11:11:54,8.7,0.01,276,240119,买盘
1294,11:11:45,8.69,0.01,31,26939,买盘
1295,11:11:40,8.68,--,83,72044,卖盘
1296,11:11:30,8.68,--,90,78120,买盘
1297,11:11:24,8.68,--,137,118916,买盘
1298,11:11:19,8.68,--,33,28644,买盘
1299,11:11:14,8.68,--,83,72044,买盘
1300,11:11:09,8.68,--,360,312480,买盘
1301,11:11:04,8.68,0.01,76,66523,买盘
1302,11:10:59,8.67,-0.01,260,226182,卖盘
1303,11:10:54,8.68,--,136,118048,买盘
1304,11:10:49,8.68,--,225,195300,买盘
1305,11:10:44,8.68,--,15,13020,买盘
1306,11:10:39,8.68,--,161,139748,卖盘
1307,11:10:34,8.68,-0.01,54,46872,卖盘
1308,11:10:29,8.69,--,80,69520,买盘
1309,11:10:24,8.69,-0.01,197,171193,卖盘
1310,11:10:19,8.7,-0.01,24,20880,中性盘
1311,11:10:14,8.71,0.01,10,8710,买盘
1312,11:10:09,8.7,--,193,168197,卖盘
1313,11:10:04,8.7,--,115,100049,卖盘
1314,11:09:59,8.7,-0.01,22,19140,卖盘
1315,11:09:54,8.71,--,86,74906,买盘
1316,11:09:49,8.71,0.01,88,76648,买盘
1317,11:09:44,8.7,-0.01,155,134850,卖盘
1318,11:09:39,8.71,0.01,10,8710,中性盘
1319,11:09:34,8.7,-0.01,236,205319,卖盘
1320,11:09:29,8.71,--,48,41808,卖盘
1321,11:09:24,8.71,--,141,122811,卖盘
1322,11:09:19,8.71,--,395,344045,卖盘
1323,11:09:14,8.71,0.01,216,188136,买盘
1324,11:09:09,8.7,-0.01,209,181960,卖盘
1325,11:09:04,8.71,0.01,103,89713,买盘
1326,11:08:59,8.7,-0.02,90,78752,卖盘
1327,11:08:54,8.72,0.01,58,50576,买盘
1328,11:08:48,8.71,--,62,54002,卖盘
1329,11:08:44,8.71,-0.02,109,94939,卖盘
1330,11:08:34,8.73,-0.01,27,23571,卖盘
1331,11:08:29,8.74,--,22,19228,卖盘
1332,11:08:24,8.74,0.01,9,7866,中性盘
1333,11:08:19,8.73,-0.02,200,174600,卖盘
1334,11:08:14,8.75,--,1,875,买盘
1335,11:08:09,8.75,-0.02,871,762125,卖盘
1336,11:08:03,8.77,-0.02,215,188555,卖盘
1337,11:07:59,8.79,0.01,73,64166,买盘
1338,11:07:54,8.78,0.01,104,91312,买盘
1339,11:07:49,8.77,-0.01,40,35080,卖盘
1340,11:07:39,8.78,--,146,129030,卖盘
1341,11:07:33,8.78,--,89,78142,卖盘
1342,11:07:24,8.78,--,81,71118,卖盘
1343,11:07:19,8.78,--,1,877,卖盘
1344,11:07:14,8.78,--,128,112383,卖盘
1345,11:07:09,8.78,--,7,6146,卖盘
1346,11:07:04,8.78,--,0,0,卖盘
1347,11:06:59,8.78,-0.01,7,6488,卖盘
1348,11:06:53,8.79,--,113,99441,卖盘
1349,11:06:48,8.79,-0.01,25,21974,卖盘
1350,11:06:39,8.8,0.01,5,4400,买盘
1351,11:06:33,8.79,-0.01,10,8790,卖盘
1352,11:06:28,8.8,--,29,25520,买盘
1353,11:06:23,8.8,--,145,127600,买盘
1354,11:06:19,8.8,--,68,59840,买盘
1355,11:06:08,8.8,--,207,182160,买盘
1356,11:06:03,8.8,--,21,18480,买盘
1357,11:05:48,8.8,--,21,18480,买盘
1358,11:05:34,8.8,0.01,5,4400,买盘
1359,11:05:18,8.79,-0.01,21,18459,卖盘
1360,11:05:13,8.8,0.01,3,2640,买盘
1361,11:05:03,8.79,--,46,40433,卖盘
1362,11:04:58,8.79,-0.01,9,8245,卖盘
1363,11:04:53,8.8,0.01,63,55563,买盘
1364,11:04:48,8.79,--,23,20216,买盘
1365,11:04:42,8.79,--,21,18459,卖盘
1366,11:04:38,8.79,-0.01,5,4395,卖盘
1367,11:04:28,8.8,0.01,2,1760,买盘
1368,11:04:08,8.79,-0.01,60,52739,卖盘
1369,11:04:03,8.8,0.01,3,2640,买盘
1370,11:03:53,8.79,--,61,53618,卖盘
1371,11:03:48,8.79,--,25,21974,卖盘
1372,11:03:42,8.79,--,70,61529,卖盘
1373,11:03:38,8.79,--,176,154703,买盘
1374,11:03:27,8.79,0.01,50,43949,买盘
1375,11:03:23,8.78,--,316,277904,买盘
1376,11:03:18,8.78,--,4,3511,买盘
1377,11:03:13,8.78,--,240,211141,卖盘
1378,11:02:58,8.78,-0.01,53,46990,卖盘
1379,11:02:48,8.79,--,160,140640,买盘
1380,11:02:42,8.79,--,39,34281,买盘
1381,11:02:38,8.79,0.01,1,878,买盘
1382,11:02:33,8.78,--,330,289740,卖盘
1383,11:02:27,8.78,--,20,17560,卖盘
1384,11:02:22,8.78,--,9,7901,卖盘
1385,11:02:18,8.78,--,42,36876,买盘
1386,11:02:12,8.78,--,124,108871,买盘
1387,11:02:08,8.78,--,6,5268,买盘
1388,11:02:03,8.78,0.01,5,4390,卖盘
1389,11:01:57,8.77,-0.01,142,124534,卖盘
1390,11:01:53,8.78,--,9,7901,买盘
1391,11:01:48,8.78,--,5,4390,买盘
1392,11:01:42,8.78,--,28,24584,卖盘
1393,11:01:38,8.78,--,13,11414,卖盘
1394,11:01:33,8.78,--,5,4390,卖盘
1395,11:01:27,8.78,0.01,17,14925,中性盘
1396,11:01:23,8.77,-0.01,56,49112,卖盘
1397,11:01:17,8.78,0.01,28,24584,买盘
1398,11:01:13,8.77,-0.01,51,44727,卖盘
1399,11:01:08,8.78,0.01,5,4390,买盘
1400,11:01:02,8.77,0.01,40,35080,卖盘
1401,11:00:57,8.76,-0.01,63,55608,卖盘
1402,11:00:53,8.77,--,68,59671,卖盘
1403,11:00:42,8.77,0.01,29,25433,买盘
1404,11:00:38,8.76,-0.01,17,14892,卖盘
1405,11:00:32,8.77,-0.01,218,191186,卖盘
1406,11:00:28,8.78,--,26,22828,卖盘
1407,11:00:23,8.78,0.01,44,38632,买盘
1408,11:00:13,8.77,-0.02,50,43850,卖盘
1409,11:00:08,8.79,--,0,0,买盘
1410,11:00:02,8.79,0.01,40,35160,买盘
1411,10:59:58,8.78,-0.01,8,7023,卖盘
1412,10:59:52,8.79,--,63,55376,买盘
1413,10:59:47,8.79,--,91,79988,买盘
1414,10:59:43,8.79,--,86,75593,买盘
1415,10:59:38,8.79,0.01,3,2636,买盘
1416,10:59:32,8.78,-0.01,214,187892,卖盘
1417,10:59:28,8.79,0.01,220,193379,买盘
1418,10:59:23,8.78,-0.01,20,17560,卖盘
1419,10:59:17,8.79,0.01,109,95810,买盘
1420,10:59:12,8.78,--,15,13169,卖盘
1421,10:59:02,8.78,0.01,223,195794,买盘
1422,10:58:57,8.77,--,6,5262,卖盘
1423,10:58:53,8.77,--,26,23293,卖盘
1424,10:58:47,8.77,0.01,616,541073,买盘
1425,10:58:42,8.76,-0.01,60,52560,卖盘
1426,10:58:32,8.77,0.02,46,40342,买盘
1427,10:58:27,8.75,-0.01,279,244125,卖盘
1428,10:58:22,8.76,--,99,86724,卖盘
1429,10:58:17,8.76,--,31,27156,卖盘
1430,10:58:12,8.76,0.01,78,68328,买盘
1431,10:58:06,8.75,--,43,37625,卖盘
1432,10:58:02,8.75,-0.01,96,84000,卖盘
1433,10:57:57,8.76,--,75,65700,买盘
1434,10:57:52,8.76,0.01,45,39420,中性盘
1435,10:57:47,8.75,-0.01,148,129500,卖盘
1436,10:57:42,8.76,--,256,224256,买盘
1437,10:57:32,8.76,--,246,215496,卖盘
1438,10:57:27,8.76,--,286,250536,卖盘
1439,10:57:22,8.76,0.01,483,423108,卖盘
1440,10:57:17,8.75,-0.01,254,222250,卖盘
1441,10:57:12,8.76,--,35,31115,买盘
1442,10:57:06,8.76,-0.01,93,81888,卖盘
1443,10:57:02,8.77,0.01,4,3508,卖盘
1444,10:56:57,8.76,-0.01,39,34164,卖盘
1445,10:56:51,8.77,-0.01,173,152177,卖盘
1446,10:56:42,8.78,-0.01,48,42144,卖盘
1447,10:56:37,8.79,--,139,122180,卖盘
1448,10:56:32,8.79,--,22,19337,卖盘
1449,10:56:27,8.79,--,728,639911,卖盘
1450,10:56:21,8.79,--,146,128333,卖盘
1451,10:56:17,8.79,-0.01,15,13184,卖盘
1452,10:56:12,8.8,--,41,36080,买盘
1453,10:56:07,8.8,--,145,127600,买盘
1454,10:55:57,8.8,--,2,1760,买盘
1455,10:55:51,8.8,--,271,239228,卖盘
1456,10:55:47,8.8,--,128,112640,卖盘
1457,10:55:42,8.8,--,826,726880,卖盘
1458,10:55:36,8.8,--,80,70400,卖盘
1459,10:55:32,8.8,--,170,149600,卖盘
1460,10:55:27,8.8,--,534,469920,卖盘
1461,10:55:21,8.8,--,54,47520,卖盘
1462,10:55:17,8.8,--,162,142692,买盘
1463,10:55:12,8.8,--,184,162668,卖盘
1464,10:55:06,8.8,--,118,103840,卖盘
1465,10:55:02,8.8,--,88,77440,卖盘
1466,10:54:57,8.8,--,79,69520,卖盘
1467,10:54:51,8.8,--,53,46701,卖盘
1468,10:54:47,8.8,--,23,20636,卖盘
1469,10:54:42,8.8,--,962,846560,卖盘
1470,10:54:36,8.8,--,48,42240,卖盘
1471,10:54:32,8.8,--,16,14080,卖盘
1472,10:54:27,8.8,0.01,562,495114,买盘
1473,10:54:21,8.79,-0.01,33,29006,卖盘
1474,10:54:12,8.8,--,330,290725,卖盘
1475,10:54:06,8.8,--,147,129360,卖盘
1476,10:54:02,8.8,-0.01,3,2640,卖盘
1477,10:53:56,8.81,0.01,185,162985,买盘
1478,10:53:51,8.8,--,442,389787,卖盘
1479,10:53:46,8.8,-0.01,186,163680,卖盘
1480,10:53:41,8.81,--,80,70480,买盘
1481,10:53:36,8.81,--,168,148008,买盘
1482,10:53:31,8.81,--,8,7048,卖盘
1483,10:53:26,8.81,0.01,74,65194,买盘
1484,10:53:21,8.8,--,798,702829,卖盘
1485,10:53:11,8.8,-0.02,315,277622,卖盘
1486,10:53:06,8.82,--,53,46746,卖盘
1487,10:53:01,8.82,--,99,87318,卖盘
1488,10:52:56,8.82,--,212,186984,卖盘
1489,10:52:51,8.82,--,17,15443,卖盘
1490,10:52:46,8.82,-0.01,16,14120,卖盘
1491,10:52:41,8.83,--,167,147461,买盘
1492,10:52:36,8.83,--,15,13245,买盘
1493,10:52:26,8.83,--,332,293208,卖盘
1494,10:52:21,8.83,--,45,40529,卖盘
1495,10:52:15,8.83,-0.01,16,14128,卖盘
1496,10:52:11,8.84,0.01,170,150280,买盘
1497,10:52:06,8.83,-0.01,15,13245,卖盘
1498,10:52:00,8.84,--,1,884,买盘
1499,10:51:51,8.84,0.01,47,41548,买盘
1500,10:51:36,8.83,-0.01,3,2649,卖盘
1501,10:51:26,8.84,0.01,47,41548,买盘
1502,10:51:21,8.83,--,39,34437,卖盘
1503,10:51:00,8.83,--,20,17660,卖盘
1504,10:50:51,8.83,--,10,8830,卖盘
1505,10:50:45,8.83,--,6,5730,卖盘
1506,10:50:41,8.83,-0.01,17,15037,卖盘
1507,10:50:36,8.84,-0.01,39,34900,卖盘
1508,10:50:30,8.85,0.01,37,32745,买盘
1509,10:50:21,8.84,--,6,5304,卖盘
1510,10:50:11,8.84,--,100,88400,卖盘
1511,10:49:56,8.84,--,106,93704,卖盘
1512,10:49:51,8.84,-0.01,100,88400,卖盘
1513,10:49:45,8.85,0.01,1,885,买盘
1514,10:49:41,8.84,-0.01,15,13260,卖盘
1515,10:49:36,8.85,--,16,14160,买盘
1516,10:49:21,8.85,0.01,53,46905,买盘
1517,10:49:15,8.84,-0.01,39,34476,卖盘
1518,10:49:11,8.85,0.01,20,17700,买盘
1519,10:49:00,8.84,--,26,22984,卖盘
1520,10:48:45,8.84,-0.01,23,20791,卖盘
1521,10:48:36,8.85,0.01,10,8850,买盘
1522,10:48:30,8.84,--,17,15028,卖盘
1523,10:48:21,8.84,--,16,14144,卖盘
1524,10:48:00,8.84,0.01,257,227188,买盘
1525,10:47:45,8.83,-0.01,25,22075,卖盘
1526,10:47:40,8.84,0.01,7,6188,买盘
1527,10:47:36,8.83,--,60,52980,卖盘
1528,10:47:30,8.83,--,62,54746,卖盘
1529,10:47:15,8.83,--,5,4415,卖盘
1530,10:47:10,8.83,--,10,8830,卖盘
1531,10:47:06,8.83,--,22,19426,卖盘
1532,10:46:55,8.83,--,2,1766,卖盘
1533,10:46:50,8.83,--,71,62693,卖盘
1534,10:46:45,8.83,--,47,41880,卖盘
1535,10:46:40,8.83,--,16,14207,卖盘
1536,10:46:35,8.83,--,13,11479,卖盘
1537,10:46:25,8.83,--,30,26490,卖盘
1538,10:46:20,8.83,-0.01,5,4415,卖盘
1539,10:46:15,8.84,0.01,5,4420,买盘
1540,10:46:10,8.83,--,0,0,卖盘
1541,10:46:05,8.83,-0.02,547,483001,卖盘
1542,10:46:00,8.85,0.01,2,1770,买盘
1543,10:45:55,8.84,--,103,91052,买盘
1544,10:45:50,8.84,--,46,40664,卖盘
1545,10:45:45,8.84,--,5,4420,卖盘
1546,10:45:35,8.84,--,16,14144,买盘
1547,10:45:30,8.84,--,0,0,中性盘
1548,10:45:20,8.84,0.01,107,94588,买盘
1549,10:45:05,8.83,-0.01,14,12362,卖盘
1550,10:44:54,8.84,0.01,5,4420,买盘
1551,10:44:50,8.83,-0.01,4,3532,卖盘
1552,10:44:45,8.84,0.01,45,39780,买盘
1553,10:44:39,8.83,-0.01,26,22993,卖盘
1554,10:44:30,8.84,--,12,10608,卖盘
1555,10:44:20,8.84,-0.01,2,1768,卖盘
1556,10:44:05,8.85,--,52,46020,买盘
1557,10:43:54,8.85,--,51,45135,卖盘
1558,10:43:50,8.85,--,105,92925,卖盘
1559,10:43:45,8.85,--,69,61065,卖盘
1560,10:43:39,8.85,-0.01,22,19470,卖盘
1561,10:43:35,8.86,0.01,133,117837,买盘
1562,10:43:30,8.85,--,102,90270,卖盘
1563,10:43:24,8.85,--,2,1770,卖盘
1564,10:43:20,8.85,-0.01,50,44250,卖盘
1565,10:43:15,8.86,0.01,2,1772,买盘
1566,10:43:09,8.85,--,100,88500,卖盘
1567,10:43:05,8.85,-0.01,5,4425,卖盘
1568,10:43:00,8.86,0.01,8,7088,买盘
1569,10:42:54,8.85,--,229,202665,卖盘
1570,10:42:45,8.85,0.01,544,481440,买盘
1571,10:42:39,8.84,-0.01,107,95047,卖盘
1572,10:42:30,8.85,--,25,22125,买盘
1573,10:42:24,8.85,0.01,275,243375,买盘
1574,10:42:20,8.84,--,46,40664,卖盘
1575,10:42:15,8.84,--,26,22984,卖盘
1576,10:42:09,8.84,--,75,66300,买盘
1577,10:42:05,8.84,--,12,10608,买盘
1578,10:42:00,8.84,0.01,118,104312,买盘
1579,10:41:54,8.83,-0.01,207,182781,卖盘
1580,10:41:50,8.84,--,5,4420,买盘
1581,10:41:45,8.84,--,9,7956,买盘
1582,10:41:39,8.84,--,10,8840,买盘
1583,10:41:35,8.84,0.01,2,1768,买盘
1584,10:41:24,8.83,-0.01,322,284326,卖盘
1585,10:41:15,8.84,0.01,10,8840,买盘
1586,10:41:00,8.83,--,110,97130,卖盘
1587,10:40:54,8.83,--,84,74172,买盘
1588,10:40:45,8.83,0.01,45,39735,买盘
1589,10:40:39,8.82,--,23,20744,卖盘
1590,10:40:34,8.82,-0.01,12,10584,卖盘
1591,10:40:30,8.83,--,1,883,买盘
1592,10:40:24,8.83,--,24,21192,买盘
1593,10:40:15,8.83,0.01,199,175717,卖盘
1594,10:40:09,8.82,-0.01,10,8820,卖盘
1595,10:40:04,8.83,--,125,110869,买盘
1596,10:40:00,8.83,--,3,2649,买盘
1597,10:39:54,8.83,0.01,78,68874,买盘
1598,10:39:49,8.82,--,13,11466,卖盘
1599,10:39:45,8.82,--,21,18522,卖盘
1600,10:39:39,8.82,--,10,8820,卖盘
1601,10:39:34,8.82,-0.01,6,5292,卖盘
1602,10:39:30,8.83,--,100,88300,买盘
1603,10:39:24,8.83,0.03,49,43267,买盘
1604,10:39:19,8.8,-0.03,231,203280,卖盘
1605,10:39:14,8.83,0.01,58,51214,买盘
1606,10:39:09,8.82,--,37,32634,卖盘
1607,10:38:59,8.82,--,10,8820,卖盘
1608,10:38:54,8.82,--,157,138474,买盘
1609,10:38:49,8.82,--,107,94374,买盘
1610,10:38:45,8.82,--,37,32634,买盘
1611,10:38:39,8.82,0.01,21,19315,买盘
1612,10:38:34,8.81,-0.01,25,22571,卖盘
1613,10:38:29,8.82,--,256,225792,买盘
1614,10:38:24,8.82,--,31,27342,买盘
1615,10:38:14,8.82,-0.01,69,60858,买盘
1616,10:38:09,8.83,0.01,56,49448,买盘
1617,10:38:03,8.82,--,5,4410,卖盘
1618,10:37:59,8.82,--,28,24696,卖盘
1619,10:37:54,8.82,--,46,40572,卖盘
1620,10:37:49,8.82,-0.01,10,8820,卖盘
1621,10:37:44,8.83,0.01,12,10596,买盘
1622,10:37:39,8.82,--,35,30870,卖盘
1623,10:37:33,8.82,--,8,7056,卖盘
1624,10:37:29,8.82,--,20,17640,卖盘
1625,10:37:24,8.82,-0.01,100,88200,卖盘
1626,10:37:18,8.83,--,10,8830,买盘
1627,10:37:14,8.83,--,31,27761,卖盘
1628,10:37:09,8.83,--,43,38463,买盘
1629,10:37:03,8.83,--,31,27761,卖盘
1630,10:36:59,8.83,-0.01,73,64459,卖盘
1631,10:36:44,8.84,0.01,36,31824,买盘
1632,10:36:39,8.83,--,9,8264,卖盘
1633,10:36:33,8.83,-0.02,16,14269,卖盘
1634,10:36:14,8.85,--,3,2655,卖盘
1635,10:36:09,8.85,--,106,93810,卖盘
1636,10:35:54,8.85,--,5,4425,卖盘
1637,10:35:44,8.85,-0.01,2,1770,卖盘
1638,10:35:38,8.86,--,0,0,买盘
1639,10:35:33,8.86,0.03,1,886,买盘
1640,10:35:29,8.83,-0.02,108,95364,卖盘
1641,10:35:23,8.85,--,12,10620,卖盘
1642,10:35:09,8.85,0.02,32,28320,卖盘
1643,10:34:59,8.83,-0.04,550,485650,卖盘
1644,10:34:54,8.87,0.02,220,195139,买盘
1645,10:34:48,8.85,--,9,7965,卖盘
1646,10:34:44,8.85,--,10,8850,卖盘
1647,10:34:39,8.85,--,37,32745,卖盘
1648,10:34:33,8.85,0.01,67,59755,买盘
1649,10:34:23,8.84,-0.01,95,83980,卖盘
1650,10:34:18,8.85,0.01,57,50445,买盘
1651,10:34:14,8.84,--,57,50388,买盘
1652,10:34:09,8.84,-0.01,107,94588,卖盘
1653,10:34:03,8.85,0.01,14,12390,买盘
1654,10:33:59,8.84,--,78,68952,卖盘
1655,10:33:53,8.84,-0.01,41,36244,卖盘
1656,10:33:48,8.85,--,13,11505,买盘
1657,10:33:44,8.85,--,2,1770,卖盘
1658,10:33:38,8.85,--,2,1770,卖盘
1659,10:33:33,8.85,--,26,23010,买盘
1660,10:33:29,8.85,-0.01,86,76110,卖盘
1661,10:33:23,8.86,--,21,18606,买盘
1662,10:33:18,8.86,--,406,360185,卖盘
1663,10:33:14,8.86,--,52,46072,卖盘
1664,10:33:08,8.86,--,29,25694,卖盘
1665,10:33:03,8.86,-0.01,45,39870,卖盘
1666,10:32:59,8.87,--,4,3547,买盘
1667,10:32:53,8.87,-0.01,170,151171,卖盘
1668,10:32:48,8.88,--,90,79920,买盘
1669,10:32:43,8.88,0.01,30,26640,买盘
1670,10:32:38,8.87,--,194,172077,卖盘
1671,10:32:33,8.87,-0.02,69,61708,卖盘
1672,10:32:28,8.89,0.01,45,40849,买盘
1673,10:32:23,8.88,--,41,36408,卖盘
1674,10:32:18,8.88,0.01,292,259757,买盘
1675,10:32:13,8.87,0.01,50,44349,买盘
1676,10:32:08,8.86,--,12,10632,卖盘
1677,10:32:03,8.86,0.01,163,144418,买盘
1678,10:31:53,8.85,0.01,131,115935,买盘
1679,10:31:48,8.84,--,19,16796,买盘
1680,10:31:43,8.84,0.01,22,19448,卖盘
1681,10:31:38,8.83,--,0,0,卖盘
1682,10:31:33,8.83,-0.01,182,160706,卖盘
1683,10:31:28,8.84,0.01,36,32283,买盘
1684,10:31:23,8.83,--,77,67991,卖盘
1685,10:31:18,8.83,--,110,97130,买盘
1686,10:31:13,8.83,0.01,15,13245,买盘
1687,10:31:08,8.82,--,52,45864,卖盘
1688,10:31:03,8.82,--,43,37926,卖盘
1689,10:30:53,8.82,-0.01,10,8820,卖盘
1690,10:30:48,8.83,0.01,12,10596,中性盘
1691,10:30:42,8.82,-0.01,154,135828,卖盘
1692,10:30:38,8.83,-0.01,496,438391,卖盘
1693,10:30:33,8.84,0.01,12,11050,买盘
1694,10:30:27,8.83,-0.01,33,29156,卖盘
1695,10:30:23,8.84,--,37,32708,卖盘
1696,10:30:18,8.84,--,110,97240,卖盘
1697,10:30:12,8.84,-0.01,41,36244,卖盘
1698,10:30:08,8.85,--,70,61950,买盘
1699,10:30:03,8.85,--,51,45135,买盘
1700,10:29:57,8.85,--,127,112395,买盘
1701,10:29:53,8.85,0.01,5,4425,买盘
1702,10:29:48,8.84,-0.01,101,89284,卖盘
1703,10:29:42,8.85,--,36,31860,买盘
1704,10:29:38,8.85,0.01,4,3540,买盘
1705,10:29:32,8.84,-0.01,6,5304,卖盘
1706,10:29:27,8.85,0.02,161,142485,买盘
1707,10:29:23,8.83,-0.01,29,25607,卖盘
1708,10:29:17,8.84,--,265,234260,买盘
1709,10:29:12,8.84,--,140,123760,买盘
1710,10:29:08,8.84,0.01,238,210392,买盘
1711,10:29:02,8.83,--,62,54746,卖盘
1712,10:28:57,8.83,0.01,252,222516,买盘
1713,10:28:53,8.82,-0.01,17,14994,卖盘
1714,10:28:47,8.83,--,55,48565,买盘
1715,10:28:42,8.83,0.01,43,37969,买盘
1716,10:28:38,8.82,--,40,35721,卖盘
1717,10:28:32,8.82,--,79,70163,买盘
1718,10:28:27,8.82,0.01,38,34371,中性盘
1719,10:28:23,8.81,-0.02,78,68718,卖盘
1720,10:28:17,8.83,0.02,73,64459,买盘
1721,10:28:12,8.81,--,81,71361,卖盘
1722,10:28:08,8.81,-0.01,252,222012,卖盘
1723,10:28:02,8.82,--,119,104958,卖盘
1724,10:27:57,8.82,-0.01,77,67914,卖盘
1725,10:27:47,8.83,-0.01,57,50331,卖盘
1726,10:27:42,8.84,--,80,70720,买盘
1727,10:27:38,8.84,--,58,51272,买盘
1728,10:27:32,8.84,--,393,347412,买盘
1729,10:27:27,8.84,--,89,78676,卖盘
1730,10:27:17,8.84,--,5,4420,卖盘
1731,10:27:12,8.84,-0.02,164,144976,卖盘
1732,10:27:08,8.86,--,3,2658,买盘
1733,10:27:02,8.86,--,100,88600,卖盘
1734,10:26:57,8.86,-0.01,25,22150,卖盘
1735,10:26:53,8.87,--,30,26609,买盘
1736,10:26:47,8.87,--,28,25261,卖盘
1737,10:26:42,8.87,-0.01,53,47010,卖盘
1738,10:26:38,8.88,0.02,154,137213,买盘
1739,10:26:32,8.86,-0.01,60,53585,卖盘
1740,10:26:27,8.87,0.01,115,102466,买盘
1741,10:26:22,8.86,-0.02,10,8860,卖盘
1742,10:26:17,8.88,0.02,11,9768,买盘
1743,10:26:12,8.86,-0.01,62,54932,卖盘
1744,10:26:07,8.87,--,10,8870,卖盘
1745,10:26:02,8.87,-0.03,305,271005,卖盘
1746,10:25:57,8.9,--,390,347322,买盘
1747,10:25:52,8.9,--,10,8900,买盘
1748,10:25:47,8.9,0.01,213,190193,买盘
1749,10:25:42,8.89,-0.01,3,2667,卖盘
1750,10:25:37,8.9,--,30,26700,买盘
1751,10:25:32,8.9,--,16,14240,买盘
1752,10:25:27,8.9,-0.01,104,92560,卖盘
1753,10:25:22,8.91,0.02,10,8910,买盘
1754,10:25:17,8.89,-0.01,106,94234,卖盘
1755,10:25:12,8.9,--,111,98790,卖盘
1756,10:25:02,8.9,--,93,82770,买盘
1757,10:24:57,8.9,--,178,158420,买盘
1758,10:24:51,8.9,--,47,41830,买盘
1759,10:24:47,8.9,--,7,6230,买盘
1760,10:24:42,8.9,--,27,24030,买盘
1761,10:24:37,8.9,--,104,92560,买盘
1762,10:24:32,8.9,0.02,212,189231,买盘
1763,10:24:27,8.88,--,27,24775,卖盘
1764,10:24:21,8.88,-0.02,100,88800,卖盘
1765,10:24:17,8.9,0.02,30,26700,买盘
1766,10:24:12,8.88,0.01,29,25752,中性盘
1767,10:24:06,8.87,-0.01,305,270535,卖盘
1768,10:24:02,8.88,--,2,1776,买盘
1769,10:23:57,8.88,-0.02,247,219336,卖盘
1770,10:23:51,8.9,0.02,41,36490,买盘
1771,10:23:47,8.88,-0.01,64,56832,卖盘
1772,10:23:42,8.89,-0.02,17,15113,买盘
1773,10:23:36,8.91,--,12,10692,买盘
1774,10:23:32,8.91,0.01,514,457974,买盘
1775,10:23:27,8.9,--,40,35600,卖盘
1776,10:23:21,8.9,--,20,17800,卖盘
1777,10:23:17,8.9,--,71,63190,卖盘
1778,10:23:12,8.9,--,136,121040,买盘
1779,10:23:06,8.9,--,11,9790,买盘
1780,10:23:02,8.9,-0.01,509,453010,卖盘
1781,10:22:56,8.91,--,22,19602,买盘
1782,10:22:51,8.91,-0.02,30,26730,卖盘
1783,10:22:47,8.93,0.01,371,331303,买盘
1784,10:22:41,8.92,--,124,111027,卖盘
1785,10:22:36,8.92,--,336,299712,卖盘
1786,10:22:32,8.92,--,135,120758,卖盘
1787,10:22:26,8.92,--,44,39372,卖盘
1788,10:22:21,8.92,--,93,82956,卖盘
1789,10:22:17,8.92,-0.02,150,133800,卖盘
1790,10:22:11,8.94,0.01,176,157344,买盘
1791,10:22:06,8.93,-0.01,409,365237,中性盘
1792,10:22:02,8.94,--,71,63474,买盘
1793,10:21:56,8.94,0.01,226,202044,中性盘
1794,10:21:51,8.93,-0.02,1280,1143040,卖盘
1795,10:21:47,8.95,0.01,135,120824,买盘
1796,10:21:41,8.94,--,52,46488,卖盘
1797,10:21:36,8.94,0.01,391,349554,买盘
1798,10:21:32,8.93,-0.01,119,106267,卖盘
1799,10:21:26,8.94,--,169,151086,买盘
1800,10:21:21,8.94,--,64,57216,买盘
1801,10:21:17,8.94,--,20,17880,买盘
1802,10:21:11,8.94,0.01,45,40230,买盘
1803,10:21:06,8.93,--,303,270579,买盘
1804,10:21:02,8.93,0.01,51,45543,买盘
1805,10:20:56,8.92,--,465,414780,卖盘
1806,10:20:51,8.92,0.02,1115,994588,买盘
1807,10:20:47,8.9,0.01,106,94340,买盘
1808,10:20:41,8.89,--,23,20447,买盘
1809,10:20:36,8.89,--,21,18669,买盘
1810,10:20:32,8.89,--,95,84792,卖盘
1811,10:20:26,8.89,--,1205,1071245,卖盘
1812,10:20:21,8.89,--,45,40129,卖盘
1813,10:20:17,8.89,--,30,26670,卖盘
1814,10:20:11,8.89,--,88,78232,买盘
1815,10:20:06,8.89,--,12,10668,买盘
1816,10:20:02,8.89,--,127,112903,买盘
1817,10:19:56,8.89,0.01,172,152908,买盘
1818,10:19:51,8.88,--,18,15984,买盘
1819,10:19:47,8.88,0.01,3,2664,买盘
1820,10:19:41,8.87,--,4,3547,卖盘
1821,10:19:36,8.87,--,45,39915,买盘
1822,10:19:26,8.87,0.01,1,886,买盘
1823,10:19:21,8.86,-0.03,4,3544,卖盘
1824,10:19:16,8.89,0.03,900,800100,买盘
1825,10:19:11,8.86,-0.01,117,103662,卖盘
1826,10:19:06,8.87,0.01,574,509137,买盘
1827,10:19:02,8.86,0.01,1,886,买盘
1828,10:18:56,8.85,--,60,53100,卖盘
1829,10:18:51,8.85,--,31,27435,卖盘
1830,10:18:46,8.85,--,10,8850,卖盘
1831,10:18:41,8.85,0.01,110,97819,买盘
1832,10:18:36,8.84,-0.01,60,53040,卖盘
1833,10:18:31,8.85,--,10,8850,买盘
1834,10:18:26,8.85,--,15,14151,买盘
1835,10:18:21,8.85,--,97,85845,卖盘
1836,10:18:16,8.85,0.01,172,152220,中性盘
1837,10:18:11,8.84,--,70,61880,卖盘
1838,10:18:06,8.84,-0.01,126,111384,卖盘
1839,10:18:01,8.85,-0.01,45,39825,卖盘
1840,10:17:56,8.86,--,5,4430,买盘
1841,10:17:51,8.86,0.01,115,101890,买盘
1842,10:17:41,8.85,-0.02,241,213285,卖盘
1843,10:17:36,8.87,0.01,274,243037,买盘
1844,10:17:26,8.86,0.01,197,175241,买盘
1845,10:17:21,8.85,-0.01,73,64790,卖盘
1846,10:17:15,8.86,-0.01,14,12404,卖盘
1847,10:17:11,8.87,--,23,20401,买盘
1848,10:17:06,8.87,--,51,45236,买盘
1849,10:17:00,8.87,0.01,10,8870,买盘
1850,10:16:56,8.86,--,351,311429,卖盘
1851,10:16:51,8.86,-0.01,103,91258,卖盘
1852,10:16:45,8.87,--,16,14191,买盘
1853,10:16:41,8.87,0.01,280,248359,买盘
1854,10:16:36,8.86,--,95,84170,卖盘
1855,10:16:26,8.86,--,385,341110,卖盘
1856,10:16:21,8.86,0.01,87,77542,买盘
1857,10:16:15,8.85,--,15,13275,卖盘
1858,10:16:11,8.85,-0.01,54,47790,卖盘
1859,10:16:06,8.86,--,23,20378,买盘
1860,10:16:00,8.86,0.01,12,10632,买盘
1861,10:15:56,8.85,0.01,22,19470,卖盘
1862,10:15:50,8.84,--,14,12376,卖盘
1863,10:15:45,8.84,--,14,12376,卖盘
1864,10:15:41,8.84,-0.01,30,26520,卖盘
1865,10:15:35,8.85,0.01,82,72570,买盘
1866,10:15:30,8.84,--,40,35360,卖盘
1867,10:15:26,8.84,0.01,158,139672,买盘
1868,10:15:20,8.83,0.01,47,41501,中性盘
1869,10:15:15,8.82,-0.02,70,61740,卖盘
1870,10:15:10,8.84,0.01,15,13260,买盘
1871,10:15:05,8.83,-0.01,35,30905,卖盘
1872,10:15:00,8.84,--,5,4420,买盘
1873,10:14:55,8.84,0.01,20,17680,买盘
1874,10:14:50,8.83,-0.01,132,116556,卖盘
1875,10:14:45,8.84,--,32,28288,卖盘
1876,10:14:41,8.84,-0.02,458,404872,卖盘
1877,10:14:35,8.86,-0.01,107,94802,卖盘
1878,10:14:30,8.87,-0.02,13,11530,中性盘
1879,10:14:25,8.89,0.01,85,75565,买盘
1880,10:14:20,8.88,--,360,319680,买盘
1881,10:14:15,8.88,--,31,27528,卖盘
1882,10:14:10,8.88,--,43,38184,卖盘
1883,10:14:05,8.88,--,24,21312,卖盘
1884,10:14:00,8.88,-0.01,79,70152,中性盘
1885,10:13:56,8.89,0.01,221,196469,买盘
1886,10:13:50,8.88,--,192,170496,买盘
1887,10:13:45,8.88,--,41,36408,买盘
1888,10:13:41,8.88,-0.01,323,286824,卖盘
1889,10:13:35,8.89,0.01,237,210693,买盘
1890,10:13:30,8.88,--,83,73704,卖盘
1891,10:13:25,8.88,-0.01,20,17760,卖盘
1892,10:13:20,8.89,0.01,145,128905,买盘
1893,10:13:15,8.88,--,116,103008,卖盘
1894,10:13:10,8.88,-0.02,182,161616,卖盘
1895,10:13:05,8.9,0.02,579,515310,买盘
1896,10:13:00,8.88,--,913,810744,买盘
1897,10:12:55,8.88,0.01,3,2664,中性盘
1898,10:12:50,8.87,-0.03,271,240811,卖盘
1899,10:12:45,8.9,0.03,288,256773,买盘
1900,10:12:40,8.87,-0.02,9,7982,卖盘
1901,10:12:35,8.89,0.02,418,371602,中性盘
1902,10:12:30,8.87,-0.02,603,534861,卖盘
1903,10:12:25,8.89,0.02,128,113792,买盘
1904,10:12:20,8.87,--,160,141920,卖盘
1905,10:12:10,8.87,-0.01,308,273196,卖盘
1906,10:12:05,8.88,--,72,63936,买盘
1907,10:12:00,8.88,-0.02,17,15096,买盘
1908,10:11:55,8.9,0.01,332,295480,买盘
1909,10:11:50,8.89,0.01,79,70231,中性盘
1910,10:11:45,8.88,-0.01,126,111888,卖盘
1911,10:11:40,8.89,--,159,141351,买盘
1912,10:11:35,8.89,--,385,342265,卖盘
1913,10:11:30,8.89,--,168,149352,买盘
1914,10:11:25,8.89,--,62,55118,买盘
1915,10:11:20,8.89,0.01,22,19558,买盘
1916,10:11:15,8.88,-0.01,275,244200,卖盘
1917,10:11:05,8.89,--,158,140462,卖盘
1918,10:11:00,8.89,-0.01,59,52451,买盘
1919,10:10:54,8.9,--,0,0,买盘
1920,10:10:50,8.9,0.03,524,466360,买盘
1921,10:10:45,8.87,--,342,303354,买盘
1922,10:10:39,8.87,-0.01,45,39915,买盘
1923,10:10:35,8.88,-0.01,70,62160,买盘
1924,10:10:30,8.89,0.01,838,744982,买盘
1925,10:10:20,8.88,-0.01,147,130536,中性盘
1926,10:10:15,8.89,-0.01,90,80010,买盘
1927,10:10:09,8.9,0.02,296,263440,买盘
1928,10:10:05,8.88,-0.02,93,82584,卖盘
1929,10:10:00,8.9,--,77,68530,买盘
1930,10:09:54,8.9,--,121,107690,卖盘
1931,10:09:50,8.9,--,259,230510,卖盘
1932,10:09:45,8.9,--,271,241190,卖盘
1933,10:09:39,8.9,--,1,890,卖盘
1934,10:09:35,8.9,--,716,637240,买盘
1935,10:09:29,8.9,--,324,288360,卖盘
1936,10:09:24,8.9,-0.01,330,293700,卖盘
1937,10:09:20,8.91,0.01,333,296703,买盘
1938,10:09:14,8.9,--,415,369350,买盘
1939,10:09:09,8.9,--,454,404060,卖盘
1940,10:09:05,8.9,--,277,246530,卖盘
1941,10:08:59,8.9,-0.01,116,103240,卖盘
1942,10:08:54,8.91,0.02,103,91773,买盘
1943,10:08:50,8.89,0.01,106,94234,中性盘
1944,10:08:44,8.88,--,47,42552,卖盘
1945,10:08:39,8.88,--,93,82584,卖盘
1946,10:08:34,8.88,--,63,55944,买盘
1947,10:08:29,8.88,--,1689,1499832,买盘
1948,10:08:24,8.88,0.02,127,112776,买盘
1949,10:08:19,8.86,0.01,4,3544,中性盘
1950,10:08:14,8.85,--,1050,929250,卖盘
1951,10:08:09,8.85,-0.01,56,49560,卖盘
1952,10:08:05,8.86,0.01,236,209096,买盘
1953,10:07:59,8.85,--,40,35400,买盘
1954,10:07:54,8.85,--,173,153105,买盘
1955,10:07:49,8.85,0.02,51,45135,买盘
1956,10:07:44,8.83,--,45,39735,卖盘
1957,10:07:39,8.83,-0.01,175,154525,卖盘
1958,10:07:34,8.84,--,30,26520,买盘
1959,10:07:29,8.84,--,89,78676,买盘
1960,10:07:24,8.84,--,226,199784,买盘
1961,10:07:19,8.84,0.01,46,40664,买盘
1962,10:07:14,8.83,--,457,403531,买盘
1963,10:07:09,8.83,--,43,37969,买盘
1964,10:07:04,8.83,--,96,84768,买盘
1965,10:06:59,8.83,0.01,239,211037,买盘
1966,10:06:54,8.82,-0.01,170,149940,中性盘
1967,10:06:49,8.83,--,31,27373,买盘
1968,10:06:44,8.83,--,85,75055,买盘
1969,10:06:39,8.83,--,272,240176,买盘
1970,10:06:34,8.83,--,5,4415,买盘
1971,10:06:29,8.83,--,42,37086,买盘
1972,10:06:24,8.83,0.01,25,22075,买盘
1973,10:06:19,8.82,0.01,403,355446,买盘
1974,10:06:14,8.81,--,61,53741,卖盘
1975,10:06:09,8.81,-0.01,129,113649,卖盘
1976,10:06:04,8.82,--,115,101430,买盘
1977,10:05:59,8.82,0.01,136,119952,买盘
1978,10:05:54,8.81,--,8,7048,卖盘
1979,10:05:49,8.81,--,314,276634,买盘
1980,10:05:44,8.81,0.01,26,22906,买盘
1981,10:05:39,8.8,-0.01,282,248160,卖盘
1982,10:05:34,8.81,0.01,115,101315,买盘
1983,10:05:29,8.8,--,51,44880,卖盘
1984,10:05:24,8.8,0.02,368,323840,买盘
1985,10:05:19,8.78,--,244,214231,卖盘
1986,10:05:14,8.78,-0.01,245,215109,卖盘
1987,10:05:09,8.79,--,7,6152,买盘
1988,10:05:04,8.79,0.01,3,2636,买盘
1989,10:04:59,8.78,--,100,87800,卖盘
1990,10:04:54,8.78,--,172,151016,买盘
1991,10:04:49,8.78,--,8,7023,买盘
1992,10:04:44,8.78,--,26,22828,买盘
1993,10:04:39,8.78,-0.02,21,18438,卖盘
1994,10:04:34,8.8,0.01,24,21120,买盘
1995,10:04:29,8.79,--,22,19337,买盘
1996,10:04:24,8.79,0.02,21,18459,中性盘
1997,10:04:19,8.77,-0.03,2,1754,卖盘
1998,10:04:14,8.8,--,2,1760,买盘
1999,10:04:09,8.8,--,20,17600,买盘
2000,10:03:59,8.8,--,59,51920,卖盘
2001,10:03:54,8.8,--,100,88000,卖盘
2002,10:03:44,8.8,0.04,865,761200,买盘
2003,10:03:39,8.76,--,32,28032,卖盘
2004,10:03:34,8.76,-0.01,2,1752,卖盘
2005,10:03:29,8.77,--,35,30695,买盘
2006,10:03:24,8.77,--,100,87700,买盘
2007,10:03:14,8.77,--,32,28064,买盘
2008,10:03:09,8.77,0.01,67,58759,买盘
2009,10:03:04,8.76,-0.01,6,5256,卖盘
2010,10:02:59,8.77,--,20,17540,买盘
2011,10:02:53,8.77,--,17,14909,买盘
2012,10:02:48,8.77,--,37,32449,买盘
2013,10:02:44,8.77,--,40,35080,卖盘
2014,10:02:39,8.77,--,10,8770,买盘
2015,10:02:29,8.77,--,317,278009,卖盘
2016,10:02:24,8.77,-0.01,139,121903,卖盘
2017,10:02:18,8.78,--,24,21072,买盘
2018,10:02:08,8.78,--,78,68484,卖盘
2019,10:02:03,8.78,-0.02,60,52679,卖盘
2020,10:01:59,8.8,0.02,6,5280,买盘
2021,10:01:53,8.78,--,20,17560,卖盘
2022,10:01:48,8.78,-0.02,11,9658,卖盘
2023,10:01:38,8.8,0.01,165,145200,买盘
2024,10:01:33,8.79,-0.01,326,286554,卖盘
2025,10:01:29,8.8,--,16,14080,卖盘
2026,10:01:23,8.8,-0.01,123,108240,卖盘
2027,10:01:18,8.81,0.01,177,155937,买盘
2028,10:01:08,8.8,-0.01,490,431200,卖盘
2029,10:01:03,8.81,--,45,39645,买盘
2030,10:00:59,8.81,--,18,15858,买盘
2031,10:00:53,8.81,-0.01,88,77528,卖盘
2032,10:00:48,8.82,--,30,26460,卖盘
2033,10:00:43,8.82,--,36,31752,卖盘
2034,10:00:38,8.82,--,32,28224,买盘
2035,10:00:33,8.82,--,92,81144,卖盘
2036,10:00:28,8.82,--,21,18522,买盘
2037,10:00:23,8.82,--,378,333396,买盘
2038,10:00:18,8.82,--,32,28224,买盘
2039,10:00:13,8.82,--,37,32634,买盘
2040,10:00:08,8.82,-0.01,229,201978,卖盘
2041,10:00:03,8.83,--,238,210154,买盘
2042,09:59:58,8.83,--,41,36203,买盘
2043,09:59:53,8.83,0.01,318,280794,买盘
2044,09:59:48,8.82,--,164,144648,卖盘
2045,09:59:43,8.82,--,45,39690,卖盘
2046,09:59:38,8.82,0.01,889,784098,买盘
2047,09:59:33,8.81,-0.01,267,235227,卖盘
2048,09:59:28,8.82,--,64,56448,买盘
2049,09:59:23,8.82,--,92,81144,买盘
2050,09:59:18,8.82,--,472,416304,买盘
2051,09:59:13,8.82,0.01,220,194040,买盘
2052,09:59:08,8.81,--,247,217607,卖盘
2053,09:59:03,8.81,--,212,186772,买盘
2054,09:58:58,8.81,0.01,143,125983,买盘
2055,09:58:53,8.8,--,455,400400,买盘
2056,09:58:48,8.8,-0.01,329,289520,卖盘
2057,09:58:43,8.81,0.01,53,46693,买盘
2058,09:58:38,8.8,--,408,359040,卖盘
2059,09:58:33,8.8,--,868,763840,买盘
2060,09:58:28,8.8,--,15,13200,买盘
2061,09:58:23,8.8,--,12,10560,买盘
2062,09:58:18,8.8,--,62,54560,卖盘
2063,09:58:13,8.8,--,26,22880,卖盘
2064,09:58:08,8.8,--,412,362560,买盘
2065,09:58:03,8.8,0.04,1020,897600,买盘
2066,09:57:58,8.76,--,20,17520,买盘
2067,09:57:53,8.76,0.01,249,218124,买盘
2068,09:57:48,8.75,--,118,103250,卖盘
2069,09:57:43,8.75,-0.01,6,5250,卖盘
2070,09:57:38,8.76,0.01,53,46428,买盘
2071,09:57:33,8.75,-0.01,8,7000,中性盘
2072,09:57:28,8.76,0.02,58,50808,买盘
2073,09:57:23,8.74,-0.02,25,21850,卖盘
2074,09:57:18,8.76,-0.01,140,122640,中性盘
2075,09:57:13,8.77,--,58,50866,卖盘
2076,09:57:08,8.77,-0.02,19,16663,买盘
2077,09:57:03,8.79,0.02,516,453563,买盘
2078,09:56:58,8.77,--,0,0,卖盘
2079,09:56:53,8.77,-0.02,37,32449,卖盘
2080,09:56:48,8.79,-0.01,268,235571,卖盘
2081,09:56:43,8.8,0.01,56,49280,买盘
2082,09:56:38,8.79,--,483,424556,卖盘
2083,09:56:33,8.79,-0.01,163,143277,卖盘
2084,09:56:28,8.8,--,69,60720,买盘
2085,09:56:23,8.8,-0.01,920,809600,买盘
2086,09:56:18,8.81,--,309,272229,买盘
2087,09:56:13,8.81,--,99,87219,买盘
2088,09:56:08,8.81,-0.01,203,178843,卖盘
2089,09:56:03,8.82,--,591,521262,买盘
2090,09:55:58,8.82,--,193,170226,卖盘
2091,09:55:53,8.82,--,726,640332,卖盘
2092,09:55:48,8.82,--,249,219618,卖盘
2093,09:55:43,8.82,--,213,187866,卖盘
2094,09:55:38,8.82,--,186,164052,买盘
2095,09:55:33,8.82,--,70,61740,买盘
2096,09:55:28,8.82,-0.01,57,50274,卖盘
2097,09:55:17,8.83,0.02,1537,1357171,买盘
2098,09:55:13,8.81,0.02,528,465168,买盘
2099,09:55:08,8.79,0.03,205,180194,买盘
2100,09:55:02,8.76,-0.02,216,189216,卖盘
2101,09:54:57,8.78,0.01,1060,930679,买盘
2102,09:54:53,8.77,0.01,43,37711,买盘
2103,09:54:47,8.76,--,311,272874,买盘
2104,09:54:42,8.76,--,10,8760,买盘
2105,09:54:38,8.76,--,25,21900,买盘
2106,09:54:32,8.76,0.01,1137,996012,买盘
2107,09:54:27,8.75,0.01,125,109375,买盘
2108,09:54:23,8.74,--,194,169556,买盘
2109,09:54:17,8.74,--,26,22724,买盘
2110,09:54:12,8.74,0.01,43,37582,卖盘
2111,09:54:02,8.73,-0.01,519,453087,中性盘
2112,09:53:57,8.74,--,187,163438,买盘
2113,09:53:53,8.74,--,125,109250,买盘
2114,09:53:47,8.74,0.01,115,100510,买盘
2115,09:53:42,8.73,-0.01,189,164997,卖盘
2116,09:53:32,8.74,--,50,43700,买盘
2117,09:53:27,8.74,--,411,359214,买盘
2118,09:53:23,8.74,--,0,0,买盘
2119,09:53:17,8.74,0.01,601,526139,买盘
2120,09:53:12,8.73,0.01,504,439992,买盘
2121,09:53:07,8.72,--,426,371472,买盘
2122,09:53:02,8.72,0.02,1246,1086512,买盘
2123,09:52:57,8.7,--,106,92219,卖盘
2124,09:52:52,8.7,--,1,869,卖盘
2125,09:52:47,8.7,--,235,204928,卖盘
2126,09:52:42,8.7,--,200,174000,买盘
2127,09:52:37,8.7,0.01,88,76560,买盘
2128,09:52:32,8.69,-0.01,20,17380,卖盘
2129,09:52:27,8.7,0.01,581,505469,买盘
2130,09:52:22,8.69,0.01,3,2607,买盘
2131,09:52:17,8.68,--,1,868,卖盘
2132,09:52:12,8.68,--,23,19964,卖盘
2133,09:52:07,8.68,--,79,68572,买盘
2134,09:52:02,8.68,-0.01,1,868,卖盘
2135,09:51:57,8.69,0.01,786,683034,买盘
2136,09:51:52,8.68,-0.01,106,92008,卖盘
2137,09:51:42,8.69,--,59,51271,买盘
2138,09:51:37,8.69,--,7,6083,买盘
2139,09:51:32,8.69,--,263,228547,卖盘
2140,09:51:27,8.69,-0.01,34,29546,卖盘
2141,09:51:22,8.7,--,31,26969,买盘
2142,09:51:17,8.7,0.01,58,50459,买盘
2143,09:51:12,8.69,--,228,198132,卖盘
2144,09:51:02,8.69,--,135,117315,卖盘
2145,09:50:57,8.69,--,1,869,卖盘
2146,09:50:52,8.69,--,19,16511,卖盘
2147,09:50:47,8.69,--,77,66913,买盘
2148,09:50:42,8.69,0.01,24,20856,买盘
2149,09:50:32,8.68,-0.01,65,56420,卖盘
2150,09:50:27,8.69,0.01,16,13904,买盘
2151,09:50:22,8.68,--,10,8680,卖盘
2152,09:50:17,8.68,--,150,130200,卖盘
2153,09:50:12,8.68,--,22,19096,卖盘
2154,09:50:07,8.68,0.01,245,212660,买盘
2155,09:50:02,8.67,--,115,99705,买盘
2156,09:49:57,8.67,--,63,54621,买盘
2157,09:49:52,8.67,--,97,84099,买盘
2158,09:49:47,8.67,--,88,76296,卖盘
2159,09:49:42,8.67,--,52,45084,卖盘
2160,09:49:37,8.67,0.01,1,867,卖盘
2161,09:49:32,8.66,-0.01,352,304832,卖盘
2162,09:49:27,8.67,--,55,47685,买盘
2163,09:49:22,8.67,--,29,25143,买盘
2164,09:49:17,8.67,--,88,76296,买盘
2165,09:49:12,8.67,--,106,91902,卖盘
2166,09:49:07,8.67,--,100,86700,卖盘
2167,09:48:57,8.67,--,37,32079,卖盘
2168,09:48:52,8.67,--,110,95370,卖盘
2169,09:48:47,8.67,--,53,45951,卖盘
2170,09:48:41,8.67,--,78,67626,卖盘
2171,09:48:37,8.67,-0.01,15,13005,卖盘
2172,09:48:32,8.68,--,5,4340,买盘
2173,09:48:11,8.68,-0.02,426,369768,卖盘
2174,09:48:07,8.7,0.01,270,234899,买盘
2175,09:47:56,8.69,-0.01,98,85162,卖盘
2176,09:47:51,8.7,0.01,126,109619,买盘
2177,09:47:41,8.69,-0.01,8,6952,卖盘
2178,09:47:36,8.7,0.01,11,9570,买盘
2179,09:47:32,8.69,-0.01,24,20856,卖盘
2180,09:47:26,8.7,--,106,92219,买盘
2181,09:47:21,8.7,--,35,30449,买盘
2182,09:47:17,8.7,--,47,40890,买盘
2183,09:47:06,8.7,--,128,111359,卖盘
2184,09:47:02,8.7,0.01,9,7829,卖盘
2185,09:46:56,8.69,-0.01,200,173800,卖盘
2186,09:46:51,8.7,--,2,1739,卖盘
2187,09:46:41,8.7,--,20,17400,卖盘
2188,09:46:36,8.7,0.01,140,121799,买盘
2189,09:46:32,8.69,-0.01,141,122529,卖盘
2190,09:46:26,8.7,--,134,116579,买盘
2191,09:46:21,8.7,--,295,256649,买盘
2192,09:46:17,8.7,0.01,26,22619,买盘
2193,09:46:11,8.69,--,26,22594,卖盘
2194,09:46:06,8.69,-0.01,45,39105,卖盘
2195,09:46:02,8.7,-0.02,159,138330,卖盘
2196,09:45:56,8.72,0.02,81,70632,买盘
2197,09:45:51,8.7,-0.01,297,258389,卖盘
2198,09:45:46,8.71,--,269,234299,卖盘
2199,09:45:41,8.71,-0.02,42,36582,卖盘
2200,09:45:36,8.73,-0.01,74,64602,卖盘
2201,09:45:31,8.74,--,132,115368,买盘
2202,09:45:21,8.74,--,813,710562,买盘
2203,09:45:16,8.74,-0.01,1,874,中性盘
2204,09:45:11,8.75,--,56,49000,买盘
2205,09:45:06,8.75,--,608,532000,买盘
2206,09:45:01,8.75,--,509,445812,卖盘
2207,09:44:56,8.75,0.01,363,318062,买盘
2208,09:44:51,8.74,-0.01,217,189658,卖盘
2209,09:44:46,8.75,0.01,69,60375,买盘
2210,09:44:41,8.74,--,43,37582,卖盘
2211,09:44:36,8.74,--,114,99636,卖盘
2212,09:44:31,8.74,-0.01,9,7866,卖盘
2213,09:44:26,8.75,0.01,28,24500,买盘
2214,09:44:21,8.74,--,109,95266,卖盘
2215,09:44:16,8.74,-0.01,332,290168,卖盘
2216,09:44:11,8.75,0.01,135,118125,买盘
2217,09:44:06,8.74,--,112,97888,卖盘
2218,09:44:01,8.74,--,29,25346,买盘
2219,09:43:56,8.74,--,93,81282,买盘
2220,09:43:51,8.74,0.01,79,69046,买盘
2221,09:43:46,8.73,-0.01,10,8730,卖盘
2222,09:43:41,8.74,0.01,7,6118,买盘
2223,09:43:36,8.73,0.02,567,494991,买盘
2224,09:43:31,8.71,--,60,52260,买盘
2225,09:43:26,8.71,0.01,45,39195,买盘
2226,09:43:21,8.7,--,95,82650,卖盘
2227,09:43:16,8.7,-0.02,4,3479,卖盘
2228,09:43:11,8.72,0.02,126,109872,买盘
2229,09:43:06,8.7,--,98,85260,买盘
2230,09:43:01,8.7,--,15,13049,买盘
2231,09:42:56,8.7,-0.01,36,31319,卖盘
2232,09:42:51,8.71,--,167,145457,卖盘
2233,09:42:46,8.71,0.01,100,87100,买盘
2234,09:42:41,8.7,0.02,41,35670,买盘
2235,09:42:36,8.68,--,203,176204,买盘
2236,09:42:31,8.68,0.01,4,3472,买盘
2237,09:42:26,8.67,--,12,10404,卖盘
2238,09:42:21,8.67,--,15,13005,卖盘
2239,09:42:16,8.67,0.01,396,343332,买盘
2240,09:42:10,8.66,--,2,1732,买盘
2241,09:42:06,8.66,-0.01,20,17320,买盘
2242,09:42:01,8.67,--,66,57222,买盘
2243,09:41:55,8.67,--,57,49419,买盘
2244,09:41:51,8.67,--,59,51153,买盘
2245,09:41:46,8.67,--,49,42483,卖盘
2246,09:41:40,8.67,-0.01,64,55488,卖盘
2247,09:41:35,8.68,0.01,1026,890568,买盘
2248,09:41:31,8.67,-0.01,60,52020,卖盘
2249,09:41:25,8.68,--,8,6944,买盘
2250,09:41:20,8.68,--,14,12152,买盘
2251,09:41:16,8.68,-0.01,184,159712,卖盘
2252,09:41:10,8.69,--,35,30415,买盘
2253,09:41:05,8.69,--,376,326744,买盘
2254,09:41:01,8.69,--,4,3476,买盘
2255,09:40:55,8.69,--,17,14773,买盘
2256,09:40:50,8.69,--,58,50402,卖盘
2257,09:40:46,8.69,-0.01,13,11297,卖盘
2258,09:40:35,8.7,--,43,37410,卖盘
2259,09:40:30,8.7,-0.01,126,109619,卖盘
2260,09:40:25,8.71,0.01,223,194233,买盘
2261,09:40:20,8.7,-0.01,177,153990,卖盘
2262,09:40:15,8.71,0.03,647,563537,买盘
2263,09:40:05,8.68,-0.02,12,10416,卖盘
2264,09:40:00,8.7,0.02,26,22619,中性盘
2265,09:39:55,8.68,-0.04,26,22568,卖盘
2266,09:39:50,8.72,0.02,245,213640,买盘
2267,09:39:45,8.7,-0.01,79,68730,卖盘
2268,09:39:40,8.71,--,4,3484,买盘
2269,09:39:35,8.71,0.03,126,109746,买盘
2270,09:39:30,8.68,-0.02,139,120652,卖盘
2271,09:39:25,8.7,0.02,293,254909,买盘
2272,09:39:20,8.68,--,12,10416,买盘
2273,09:39:15,8.68,0.01,21,18228,买盘
2274,09:39:10,8.67,--,25,21675,卖盘
2275,09:39:05,8.67,0.02,128,110976,买盘
2276,09:39:00,8.65,0.01,5,4325,中性盘
2277,09:38:55,8.64,-0.03,2,1728,卖盘
2278,09:38:50,8.67,0.03,285,247095,中性盘
2279,09:38:45,8.64,0.01,20,17280,中性盘
2280,09:38:40,8.63,-0.04,16,13808,卖盘
2281,09:38:35,8.67,0.04,28,24276,买盘
2282,09:38:30,8.63,0.01,166,143258,买盘
2283,09:38:25,8.62,-0.05,120,103439,卖盘
2284,09:38:20,8.67,0.05,49,42483,买盘
2285,09:38:15,8.62,0.01,572,493063,卖盘
2286,09:38:10,8.61,-0.01,540,464939,卖盘
2287,09:38:05,8.62,--,200,172399,买盘
2288,09:38:00,8.62,--,155,133610,卖盘
2289,09:37:55,8.62,--,11,9482,卖盘
2290,09:37:50,8.62,--,55,47409,买盘
2291,09:37:45,8.62,0.01,26,22411,中性盘
2292,09:37:40,8.61,--,214,184254,卖盘
2293,09:37:35,8.61,-0.03,118,101598,卖盘
2294,09:37:30,8.64,0.04,110,95040,买盘
2295,09:37:25,8.6,-0.02,332,285520,卖盘
2296,09:37:20,8.62,--,636,548232,卖盘
2297,09:37:15,8.62,-0.02,423,364625,中性盘
2298,09:37:10,8.64,--,161,139104,买盘
2299,09:37:05,8.64,0.03,150,129600,买盘
2300,09:37:00,8.61,-0.03,289,248828,卖盘
2301,09:36:55,8.64,-0.02,116,100224,卖盘
2302,09:36:50,8.66,-0.01,107,92662,中性盘
2303,09:36:45,8.67,--,91,78897,买盘
2304,09:36:40,8.67,0.01,7,6069,买盘
2305,09:36:35,8.66,-0.01,60,51960,卖盘
2306,09:36:30,8.67,-0.01,27,23409,卖盘
2307,09:36:25,8.68,-0.02,1,868,买盘
2308,09:36:20,8.7,0.01,415,361049,买盘
2309,09:36:15,8.69,-0.02,297,258092,卖盘
2310,09:36:10,8.71,--,40,34840,买盘
2311,09:36:05,8.71,--,205,178555,买盘
2312,09:36:00,8.71,0.01,13,11323,买盘
2313,09:35:55,8.7,-0.01,28,24359,卖盘
2314,09:35:50,8.71,0.01,20,17420,买盘
2315,09:35:45,8.7,0.03,594,516779,买盘
2316,09:35:40,8.67,--,120,104040,卖盘
2317,09:35:34,8.67,-0.02,69,59823,卖盘
2318,09:35:30,8.69,--,32,27808,卖盘
2319,09:35:25,8.69,0.03,155,134695,买盘
2320,09:35:19,8.66,0.02,81,70146,中性盘
2321,09:35:15,8.64,-0.01,191,165024,卖盘
2322,09:35:10,8.65,-0.01,216,186840,卖盘
2323,09:35:04,8.66,-0.02,488,422608,卖盘
2324,09:34:59,8.68,--,134,116312,卖盘
2325,09:34:55,8.68,--,665,577220,买盘
2326,09:34:49,8.68,-0.01,238,206584,卖盘
2327,09:34:44,8.69,--,48,41712,买盘
2328,09:34:40,8.69,-0.01,66,57354,卖盘
2329,09:34:34,8.7,-0.01,145,126149,卖盘
2330,09:34:29,8.71,0.01,226,196846,买盘
2331,09:34:25,8.7,-0.01,431,374969,卖盘
2332,09:34:19,8.71,--,224,195104,卖盘
2333,09:34:14,8.71,-0.03,178,155038,卖盘
2334,09:34:10,8.74,--,154,134596,买盘
2335,09:34:04,8.74,--,117,102258,卖盘
2336,09:33:59,8.74,-0.01,80,70357,卖盘
2337,09:33:54,8.75,--,86,75250,卖盘
2338,09:33:49,8.75,0.01,149,130812,买盘
2339,09:33:44,8.74,--,20,17480,卖盘
2340,09:33:40,8.74,0.01,150,131100,买盘
2341,09:33:34,8.73,--,12,10476,卖盘
2342,09:33:29,8.73,0.01,58,50634,买盘
2343,09:33:24,8.72,-0.01,215,187480,中性盘
2344,09:33:19,8.73,-0.05,25,21825,买盘
2345,09:33:14,8.78,0.04,525,460949,买盘
2346,09:33:09,8.74,0.04,41,35834,买盘
2347,09:32:59,8.7,0.02,233,202709,买盘
2348,09:32:54,8.68,-0.02,94,81592,卖盘
2349,09:32:44,8.7,0.02,60,52199,买盘
2350,09:32:39,8.68,0.02,57,49476,买盘
2351,09:32:34,8.66,--,4,3464,买盘
2352,09:32:29,8.66,--,220,190520,卖盘
2353,09:32:24,8.66,--,2,1732,卖盘
2354,09:32:19,8.66,--,33,28578,卖盘
2355,09:32:14,8.66,0.02,278,240748,买盘
2356,09:32:09,8.64,0.01,135,116640,买盘
2357,09:32:04,8.63,--,1,863,卖盘
2358,09:31:59,8.63,0.01,671,579073,买盘
2359,09:31:54,8.62,0.02,192,165503,卖盘
2360,09:31:49,8.6,-0.04,150,129000,卖盘
2361,09:31:44,8.64,0.02,95,82080,买盘
2362,09:31:39,8.62,0.02,249,214637,买盘
2363,09:31:34,8.6,--,94,80840,卖盘
2364,09:31:29,8.6,--,421,362825,买盘
2365,09:31:24,8.6,--,113,97180,买盘
2366,09:31:19,8.6,--,35,30100,买盘
2367,09:31:14,8.6,-0.02,185,159100,卖盘
2368,09:31:09,8.62,-0.04,1110,956819,卖盘
2369,09:31:04,8.66,0.01,6,5196,买盘
2370,09:30:59,8.65,0.01,136,117640,买盘
2371,09:30:54,8.64,--,508,438912,买盘
2372,09:30:49,8.64,--,98,84672,买盘
2373,09:30:44,8.64,0.01,79,68256,买盘
2374,09:30:39,8.63,--,100,86300,卖盘
2375,09:30:34,8.63,--,15,12945,卖盘
2376,09:30:29,8.63,-0.02,262,226106,中性盘
2377,09:30:24,8.65,0.03,15,12975,买盘
2378,09:30:19,8.62,-0.03,48,41375,卖盘
2379,09:30:14,8.65,--,9,7785,买盘
2380,09:30:09,8.65,-0.03,1220,1055300,卖盘
2381,09:30:04,8.68,0.02,1176,1020768,买盘
2382,09:28:46,8.66,--,0,0,卖盘
2383,09:25:06,8.66,8.66,1314,1137924,买盘
