,time,price,change,volume,amount,type
0,15:00:00,13.08,--,0,0,买盘
1,15:00:00,13.08,0.02,0,0,买盘
2,14:59:59,13.06,-0.02,4,5224,卖盘
3,14:59:53,13.08,0.01,206,269448,买盘
4,14:59:49,13.07,0.01,10,13070,买盘
5,14:59:44,13.06,--,8,10448,卖盘
6,14:59:38,13.06,-0.01,27,35262,卖盘
7,14:59:34,13.07,0.01,10,13070,买盘
8,14:59:29,13.06,-0.01,20,26120,卖盘
9,14:59:23,13.07,-0.01,44,57508,卖盘
10,14:59:14,13.08,--,514,672312,买盘
11,14:59:08,13.08,-0.05,329,430332,卖盘
12,14:58:59,13.13,--,38,49894,买盘
13,14:58:53,13.13,0.01,10,13130,买盘
14,14:58:49,13.12,--,5,6560,卖盘
15,14:58:44,13.12,--,59,77408,卖盘
16,14:58:38,13.12,0.01,24,31487,买盘
17,14:58:33,13.11,--,2,2622,买盘
18,14:58:28,13.11,-0.01,15,19665,卖盘
19,14:58:23,13.12,-0.01,199,261087,买盘
20,14:58:19,13.13,--,50,66949,买盘
21,14:58:14,13.13,0.01,10,13130,买盘
22,14:58:08,13.12,-0.01,2,2624,卖盘
23,14:58:04,13.13,--,21,27586,买盘
24,14:57:58,13.13,0.01,12,15756,买盘
25,14:57:53,13.12,--,5,6560,买盘
26,14:57:47,13.12,-0.01,11,14432,买盘
27,14:57:43,13.13,0.03,8,10504,买盘
28,14:57:38,13.1,-0.02,65,85150,卖盘
29,14:57:32,13.12,0.02,25,32800,买盘
30,14:57:28,13.1,--,0,0,卖盘
31,14:57:23,13.1,-0.01,100,131000,卖盘
32,14:57:17,13.11,0.01,10,13110,买盘
33,14:57:13,13.1,--,8,10480,卖盘
34,14:57:08,13.1,--,37,48470,卖盘
35,14:57:02,13.1,0.02,226,296060,买盘
36,14:56:58,13.08,--,7,9156,买盘
37,14:56:53,13.08,--,6,7848,买盘
38,14:56:47,13.08,--,39,51012,买盘
39,14:56:43,13.08,--,11,14388,买盘
40,14:56:38,13.08,-0.01,7,9156,买盘
41,14:56:32,13.09,--,41,53669,买盘
42,14:56:28,13.09,0.02,4,5236,买盘
43,14:56:23,13.07,--,19,24833,卖盘
44,14:56:17,13.07,-0.01,8,10456,卖盘
45,14:56:13,13.08,--,17,22236,卖盘
46,14:56:08,13.08,--,25,32700,卖盘
47,14:56:02,13.08,0.02,7,9156,买盘
48,14:55:53,13.06,--,1,1306,卖盘
49,14:55:47,13.06,--,7,9142,买盘
50,14:55:43,13.06,--,1,1306,买盘
51,14:55:38,13.06,--,19,24814,买盘
52,14:55:32,13.06,--,12,15672,中性盘
53,14:55:28,13.06,--,13,16978,卖盘
54,14:55:23,13.06,-0.01,2,2612,中性盘
55,14:55:17,13.07,0.01,72,94104,中性盘
56,14:55:13,13.06,-0.03,2,2612,卖盘
57,14:55:08,13.09,0.02,30,39270,买盘
58,14:55:02,13.07,0.02,3,3921,买盘
59,14:54:58,13.05,--,0,0,卖盘
60,14:54:53,13.05,-0.02,242,316018,卖盘
61,14:54:47,13.07,0.01,10,13070,买盘
62,14:54:43,13.06,--,21,27426,卖盘
63,14:54:38,13.06,--,32,41792,买盘
64,14:54:32,13.06,0.01,167,218102,买盘
65,14:54:28,13.05,--,6,7830,卖盘
66,14:54:23,13.05,--,51,66555,卖盘
67,14:54:17,13.05,--,23,30015,卖盘
68,14:54:13,13.05,--,10,13050,卖盘
69,14:54:08,13.05,--,49,63945,卖盘
70,14:54:02,13.05,0.01,61,79605,买盘
71,14:53:58,13.04,--,4,5216,卖盘
72,14:53:53,13.04,-0.01,30,39120,卖盘
73,14:53:47,13.05,0.01,69,90045,买盘
74,14:53:43,13.04,-0.01,8,10432,卖盘
75,14:53:38,13.05,--,16,20880,卖盘
76,14:53:32,13.05,0.01,24,31320,中性盘
77,14:53:28,13.04,-0.01,11,14343,卖盘
78,14:53:23,13.05,0.01,38,49590,买盘
79,14:53:17,13.04,--,3,3911,卖盘
80,14:53:13,13.04,-0.01,26,33904,卖盘
81,14:53:08,13.05,-0.01,8,10440,中性盘
82,14:53:02,13.06,--,36,47016,买盘
83,14:52:58,13.06,0.01,10,13060,买盘
84,14:52:53,13.05,-0.01,29,37845,卖盘
85,14:52:47,13.06,--,2,2612,买盘
86,14:52:43,13.06,-0.01,11,14366,卖盘
87,14:52:38,13.07,--,23,30061,买盘
88,14:52:32,13.07,0.01,52,67964,买盘
89,14:52:28,13.06,-0.01,1,1306,卖盘
90,14:52:23,13.07,--,50,65350,买盘
91,14:52:17,13.07,0.01,43,56201,买盘
92,14:52:13,13.06,-0.01,13,16978,卖盘
93,14:52:02,13.07,--,80,104560,买盘
94,14:51:57,13.07,-0.01,751,981557,卖盘
95,14:51:53,13.08,--,17,22236,卖盘
96,14:51:47,13.08,--,0,0,卖盘
97,14:51:38,13.08,--,78,102024,买盘
98,14:51:32,13.08,--,55,71940,买盘
99,14:51:26,13.08,--,3,3924,买盘
100,14:51:23,13.08,0.01,39,51012,买盘
101,14:51:17,13.07,-0.01,29,37903,卖盘
102,14:51:11,13.08,--,28,36624,买盘
103,14:51:07,13.08,--,43,56244,买盘
104,14:51:02,13.08,--,106,138648,买盘
105,14:50:56,13.08,0.01,64,83712,买盘
106,14:50:52,13.07,-0.01,21,27447,卖盘
107,14:50:47,13.08,--,373,487884,买盘
108,14:50:41,13.08,--,34,44472,买盘
109,14:50:37,13.08,--,1,1308,买盘
110,14:50:32,13.08,-0.02,337,440796,卖盘
111,14:50:26,13.1,-0.03,10,13100,卖盘
112,14:50:22,13.13,0.03,63,82719,买盘
113,14:50:11,13.1,--,17,22270,卖盘
114,14:50:07,13.1,--,5,6550,卖盘
115,14:50:02,13.1,--,48,62880,买盘
116,14:49:56,13.1,0.01,50,65500,买盘
117,14:49:52,13.09,--,17,22253,卖盘
118,14:49:47,13.09,0.02,15,19635,卖盘
119,14:49:41,13.07,-0.02,25,32675,卖盘
120,14:49:37,13.09,--,1,1309,买盘
121,14:49:32,13.09,--,30,39270,买盘
122,14:49:26,13.09,0.02,7,9163,买盘
123,14:49:22,13.07,-0.02,18,23526,卖盘
124,14:49:17,13.09,0.04,6,7854,中性盘
125,14:49:11,13.05,-0.02,17,22185,卖盘
126,14:49:07,13.07,0.01,3,3921,买盘
127,14:49:02,13.06,0.01,130,169780,买盘
128,14:48:56,13.05,-0.01,7,9135,中性盘
129,14:48:52,13.06,--,0,0,中性盘
130,14:48:47,13.06,--,20,26120,卖盘
131,14:48:41,13.06,0.02,17,22202,卖盘
132,14:48:32,13.04,-0.02,156,203424,卖盘
133,14:48:26,13.06,--,12,15672,买盘
134,14:48:22,13.06,0.01,37,48322,买盘
135,14:48:17,13.05,0.01,10,13050,买盘
136,14:48:11,13.04,--,23,29991,买盘
137,14:48:02,13.04,0.01,21,27384,买盘
138,14:47:56,13.03,0.01,26,33878,买盘
139,14:47:52,13.02,--,17,22134,卖盘
140,14:47:46,13.02,--,10,13020,卖盘
141,14:47:41,13.02,0.02,102,132804,买盘
142,14:47:37,13.0,--,24,31200,卖盘
143,14:47:32,13.0,--,35,45500,卖盘
144,14:47:26,13.0,--,188,244400,卖盘
145,14:47:22,13.0,-0.01,18,23400,卖盘
146,14:47:17,13.01,0.01,4,5204,买盘
147,14:47:11,13.0,--,36,46800,卖盘
148,14:47:07,13.0,-0.01,11,14300,卖盘
149,14:47:01,13.01,0.01,39,50739,买盘
150,14:46:56,13.0,0.02,86,111800,买盘
151,14:46:52,12.98,--,105,136290,卖盘
152,14:46:46,12.98,-0.01,8,10384,卖盘
153,14:46:36,12.99,0.01,4,5196,买盘
154,14:46:32,12.98,-0.01,22,28556,卖盘
155,14:46:26,12.99,0.01,20,25980,中性盘
156,14:46:22,12.98,-0.02,18,23364,卖盘
157,14:46:17,13.0,0.02,10,13000,买盘
158,14:46:11,12.98,--,18,23364,卖盘
159,14:46:02,12.98,-0.02,62,80476,卖盘
160,14:45:56,13.0,0.02,24,31200,买盘
161,14:45:51,12.98,-0.02,36,46728,卖盘
162,14:45:47,13.0,0.01,12,15600,买盘
163,14:45:41,12.99,-0.01,109,141591,卖盘
164,14:45:32,13.0,--,59,76700,卖盘
165,14:45:26,13.0,--,16,20800,卖盘
166,14:45:22,13.0,-0.01,18,23400,卖盘
167,14:45:17,13.01,0.01,13,16913,买盘
168,14:45:11,13.0,--,206,267800,买盘
169,14:45:06,13.0,0.01,16,20800,买盘
170,14:45:01,12.99,0.01,83,107817,买盘
171,14:44:56,12.98,--,3,3894,卖盘
172,14:44:50,12.98,-0.01,196,254408,卖盘
173,14:44:46,12.99,0.01,94,122106,买盘
174,14:44:41,12.98,--,41,53218,卖盘
175,14:44:34,12.98,--,1,1298,卖盘
176,14:44:31,12.98,--,148,192104,卖盘
177,14:44:26,12.98,--,6,7788,卖盘
178,14:44:20,12.98,--,23,29854,卖盘
179,14:44:16,12.98,-0.01,5,6490,卖盘
180,14:44:11,12.99,--,35,45465,买盘
181,14:44:01,12.99,-0.01,13,16887,卖盘
182,14:43:56,13.0,--,98,127400,卖盘
183,14:43:50,13.0,--,33,42900,卖盘
184,14:43:41,13.0,-0.01,235,305500,卖盘
185,14:43:35,13.01,0.01,13,16913,中性盘
186,14:43:31,13.0,--,25,32500,卖盘
187,14:43:26,13.0,--,26,33800,卖盘
188,14:43:20,13.0,-0.02,37,48100,卖盘
189,14:43:15,13.02,0.01,49,63798,买盘
190,14:43:11,13.01,-0.01,60,78060,卖盘
191,14:43:05,13.02,0.01,14,18228,买盘
192,14:43:01,13.01,--,6,7806,买盘
193,14:42:56,13.01,--,34,44234,卖盘
194,14:42:50,13.01,-0.02,64,83264,卖盘
195,14:42:45,13.03,0.01,28,36484,买盘
196,14:42:41,13.02,-0.01,1,1302,中性盘
197,14:42:35,13.03,0.02,16,20848,买盘
198,14:42:31,13.01,-0.02,17,22117,卖盘
199,14:42:26,13.03,0.02,29,37787,买盘
200,14:42:20,13.01,-0.01,91,118391,卖盘
201,14:42:15,13.02,0.01,2,2604,卖盘
202,14:42:11,13.01,-0.01,96,124896,卖盘
203,14:42:05,13.02,0.01,10,13020,买盘
204,14:42:01,13.01,-0.02,17,22117,卖盘
205,14:41:55,13.03,0.01,57,74271,买盘
206,14:41:50,13.02,0.01,79,102858,卖盘
207,14:41:46,13.01,0.01,22,28622,卖盘
208,14:41:41,13.0,-0.01,37,48100,卖盘
209,14:41:35,13.01,0.01,18,23418,买盘
210,14:41:31,13.0,-0.01,175,227500,卖盘
211,14:41:20,13.01,0.01,26,33826,买盘
212,14:41:11,13.0,--,18,23400,卖盘
213,14:41:00,13.0,--,17,22100,卖盘
214,14:40:56,13.0,0.02,161,209300,买盘
215,14:40:50,12.98,-0.01,154,199892,卖盘
216,14:40:46,12.99,0.01,15,19485,买盘
217,14:40:40,12.98,--,17,22066,卖盘
218,14:40:35,12.98,0.01,6,7788,买盘
219,14:40:31,12.97,--,68,88196,卖盘
220,14:40:26,12.97,-0.01,75,97275,卖盘
221,14:40:20,12.98,0.01,27,35046,买盘
222,14:40:11,12.97,--,43,55771,买盘
223,14:40:05,12.97,0.02,2,2594,买盘
224,14:40:01,12.95,--,17,22015,卖盘
225,14:39:55,12.95,--,363,470085,买盘
226,14:39:50,12.95,--,55,71225,买盘
227,14:39:46,12.95,--,45,58275,买盘
228,14:39:40,12.95,--,28,36260,买盘
229,14:39:35,12.95,-0.01,40,51800,卖盘
230,14:39:30,12.96,-0.02,7,9072,卖盘
231,14:39:26,12.98,0.02,18,23364,买盘
232,14:39:20,12.96,-0.02,23,29808,中性盘
233,14:39:11,12.98,0.02,66,85668,买盘
234,14:39:05,12.96,--,21,27216,卖盘
235,14:39:00,12.96,-0.01,53,68688,卖盘
236,14:38:50,12.97,0.01,23,29831,卖盘
237,14:38:45,12.96,--,0,0,卖盘
238,14:38:40,12.96,-0.01,36,46656,卖盘
239,14:38:30,12.97,--,31,40207,卖盘
240,14:38:25,12.97,0.01,22,28534,买盘
241,14:38:20,12.96,-0.01,76,98496,买盘
242,14:38:10,12.97,0.01,18,23346,买盘
243,14:38:05,12.96,--,3,3888,卖盘
244,14:38:00,12.96,--,17,22032,卖盘
245,14:37:55,12.96,0.01,60,77760,买盘
246,14:37:50,12.95,0.02,28,36260,买盘
247,14:37:40,12.93,-0.01,19,24567,卖盘
248,14:37:35,12.94,0.01,1,1294,买盘
249,14:37:29,12.93,--,17,21981,卖盘
250,14:37:25,12.93,0.01,3,3879,中性盘
251,14:37:20,12.92,--,50,64600,买盘
252,14:37:10,12.92,--,105,135660,买盘
253,14:37:05,12.92,-0.01,7,9044,中性盘
254,14:36:59,12.93,0.01,156,201708,买盘
255,14:36:55,12.92,--,2,2584,买盘
256,14:36:50,12.92,--,7,9044,卖盘
257,14:36:44,12.92,-0.01,28,36176,卖盘
258,14:36:39,12.93,--,3,3879,买盘
259,14:36:35,12.93,0.02,88,113784,买盘
260,14:36:29,12.91,--,104,134264,卖盘
261,14:36:25,12.91,--,0,0,卖盘
262,14:36:19,12.91,--,29,37439,卖盘
263,14:36:14,12.91,--,23,29693,卖盘
264,14:36:10,12.91,--,10,12910,卖盘
265,14:36:04,12.91,0.01,333,429903,买盘
266,14:35:59,12.9,--,82,105780,卖盘
267,14:35:49,12.9,--,393,506970,卖盘
268,14:35:44,12.9,0.02,29,37410,买盘
269,14:35:34,12.88,0.03,108,140211,买盘
270,14:35:29,12.85,--,170,218450,卖盘
271,14:35:24,12.85,--,20,25700,卖盘
272,14:35:19,12.85,--,124,159340,买盘
273,14:35:14,12.85,--,72,92520,买盘
274,14:35:10,12.85,--,11,14135,买盘
275,14:35:05,12.85,--,37,47545,买盘
276,14:34:59,12.85,0.02,10,14057,卖盘
277,14:34:54,12.83,-0.02,82,105206,卖盘
278,14:34:49,12.85,0.02,343,440832,买盘
279,14:34:44,12.83,-0.01,52,66716,卖盘
280,14:34:40,12.84,--,10,12840,买盘
281,14:34:34,12.84,0.02,34,43656,买盘
282,14:34:29,12.82,-0.02,116,148712,卖盘
283,14:34:24,12.84,--,27,34668,卖盘
284,14:34:19,12.84,0.02,113,145092,买盘
285,14:34:14,12.82,-0.01,13,16666,卖盘
286,14:34:10,12.83,-0.01,47,60301,卖盘
287,14:34:04,12.84,0.01,30,38520,买盘
288,14:33:58,12.83,--,423,542709,卖盘
289,14:33:55,12.83,--,19,24377,卖盘
290,14:33:49,12.83,--,31,39773,卖盘
291,14:33:44,12.83,-0.01,161,206563,卖盘
292,14:33:34,12.84,--,40,51360,买盘
293,14:33:29,12.84,-0.02,27,34668,卖盘
294,14:33:25,12.86,0.01,200,257200,买盘
295,14:33:19,12.85,--,57,73245,卖盘
296,14:33:14,12.85,-0.01,21,26985,卖盘
297,14:33:10,12.86,--,13,16718,买盘
298,14:33:04,12.86,--,10,12860,买盘
299,14:32:59,12.86,-0.03,154,198044,卖盘
300,14:32:54,12.89,-0.02,45,58005,卖盘
301,14:32:49,12.91,--,28,36148,买盘
302,14:32:44,12.91,--,26,33566,买盘
303,14:32:39,12.91,--,145,187195,卖盘
304,14:32:34,12.91,-0.01,16,20656,卖盘
305,14:32:29,12.92,0.01,22,28424,卖盘
306,14:32:24,12.91,--,0,0,卖盘
307,14:32:19,12.91,-0.02,19,24529,卖盘
308,14:32:14,12.93,--,16,20688,卖盘
309,14:32:09,12.93,--,30,38790,卖盘
310,14:32:04,12.93,-0.01,12,15516,卖盘
311,14:31:48,12.94,0.01,275,355850,买盘
312,14:31:44,12.93,0.01,58,74994,买盘
313,14:31:39,12.92,-0.01,20,25840,卖盘
314,14:31:34,12.93,0.01,18,23274,买盘
315,14:31:24,12.92,-0.01,12,15504,卖盘
316,14:31:19,12.93,--,66,85338,卖盘
317,14:31:09,12.93,0.01,50,64650,买盘
318,14:31:04,12.92,-0.01,20,25840,卖盘
319,14:30:59,12.93,0.01,1,1293,中性盘
320,14:30:49,12.92,-0.02,10,12920,卖盘
321,14:30:43,12.94,0.02,39,50466,买盘
322,14:30:39,12.92,--,0,0,卖盘
323,14:30:33,12.92,--,0,0,卖盘
324,14:30:29,12.92,-0.03,323,417316,卖盘
325,14:30:19,12.95,--,53,68635,买盘
326,14:30:13,12.95,-0.03,67,86765,卖盘
327,14:30:08,12.98,-0.01,12,15576,卖盘
328,14:29:58,12.99,0.01,78,101322,买盘
329,14:29:53,12.98,-0.01,20,25960,卖盘
330,14:29:49,12.99,0.01,18,23382,买盘
331,14:29:43,12.98,-0.01,21,27258,卖盘
332,14:29:38,12.99,0.01,34,44166,买盘
333,14:29:23,12.98,--,7,9086,买盘
334,14:29:13,12.98,0.01,200,259600,买盘
335,14:29:08,12.97,--,23,29831,卖盘
336,14:29:03,12.97,--,2,2594,买盘
337,14:28:58,12.97,--,35,45395,卖盘
338,14:28:52,12.97,-0.01,3,3891,卖盘
339,14:28:48,12.98,--,12,15576,买盘
340,14:28:43,12.98,--,21,27258,买盘
341,14:28:38,12.98,--,41,53218,卖盘
342,14:28:33,12.98,-0.01,2,2596,卖盘
343,14:28:28,12.99,0.01,32,41568,买盘
344,14:28:18,12.98,-0.01,14,18172,卖盘
345,14:28:13,12.99,--,1,1299,卖盘
346,14:28:08,12.99,0.01,15,19485,买盘
347,14:27:58,12.98,0.03,2,2596,买盘
348,14:27:48,12.95,--,60,77700,买盘
349,14:27:43,12.95,-0.04,242,313390,卖盘
350,14:27:38,12.99,-0.01,13,16887,中性盘
351,14:27:28,13.0,0.02,452,587600,买盘
352,14:27:23,12.98,--,5,6490,卖盘
353,14:27:13,12.98,--,9,11682,买盘
354,14:27:03,12.98,0.01,1,1298,买盘
355,14:26:52,12.97,0.01,9,11673,买盘
356,14:26:48,12.96,-0.01,19,24624,卖盘
357,14:26:43,12.97,-0.02,7,9079,买盘
358,14:26:38,12.99,0.03,50,64950,买盘
359,14:26:28,12.96,-0.01,200,259200,卖盘
360,14:26:18,12.97,-0.02,1,1297,卖盘
361,14:26:13,12.99,0.04,40,51960,买盘
362,14:26:08,12.95,--,0,0,卖盘
363,14:26:03,12.95,-0.01,43,55685,卖盘
364,14:25:58,12.96,0.01,3,3888,买盘
365,14:25:48,12.95,--,0,0,卖盘
366,14:25:43,12.95,0.03,5,6475,卖盘
367,14:25:38,12.92,-0.01,99,127908,卖盘
368,14:25:33,12.93,-0.02,3,3879,中性盘
369,14:25:28,12.95,0.03,2,2590,买盘
370,14:25:23,12.92,-0.03,10,12920,卖盘
371,14:25:18,12.95,0.03,15,19425,买盘
372,14:25:13,12.92,--,17,21964,买盘
373,14:25:08,12.92,0.01,67,86564,买盘
374,14:25:03,12.91,--,23,29693,卖盘
375,14:24:58,12.91,0.02,49,63259,中性盘
376,14:24:48,12.89,--,0,0,卖盘
377,14:24:43,12.89,0.05,147,189483,买盘
378,14:24:38,12.84,-0.05,893,1146612,卖盘
379,14:24:33,12.89,--,12,15468,卖盘
380,14:24:27,12.89,0.02,10,12890,买盘
381,14:24:23,12.87,-0.02,113,145431,卖盘
382,14:24:18,12.89,--,5,6445,买盘
383,14:24:13,12.89,0.02,8,10312,买盘
384,14:24:08,12.87,--,1,1287,卖盘
385,14:24:03,12.87,--,3,3860,卖盘
386,14:23:58,12.87,0.02,29,37323,买盘
387,14:23:53,12.85,0.01,115,147775,买盘
388,14:23:48,12.84,--,8,10272,卖盘
389,14:23:43,12.84,--,7,8988,卖盘
390,14:23:37,12.84,-0.01,262,336408,卖盘
391,14:23:33,12.85,--,10,12850,卖盘
392,14:23:28,12.85,0.01,192,246720,卖盘
393,14:23:22,12.84,0.01,89,114276,买盘
394,14:23:17,12.83,-0.01,14,17962,卖盘
395,14:23:13,12.84,--,90,115560,买盘
396,14:23:07,12.84,-0.05,44,56496,卖盘
397,14:23:02,12.89,--,189,243621,买盘
398,14:22:58,12.89,--,24,30936,买盘
399,14:22:52,12.89,--,1115,1437235,卖盘
400,14:22:47,12.89,-0.01,36,46404,卖盘
401,14:22:43,12.9,--,112,144480,买盘
402,14:22:37,12.9,-0.02,67,86430,卖盘
403,14:22:32,12.92,0.02,200,258400,买盘
404,14:22:27,12.9,-0.01,6,7740,卖盘
405,14:22:22,12.91,-0.01,237,305967,卖盘
406,14:22:17,12.92,0.01,97,125324,买盘
407,14:22:12,12.91,-0.01,86,111026,卖盘
408,14:22:07,12.92,0.01,168,217056,中性盘
409,14:22:02,12.91,-0.04,328,423448,卖盘
410,14:21:52,12.95,--,502,650090,卖盘
411,14:21:47,12.95,--,125,161875,卖盘
412,14:21:42,12.95,--,65,84175,卖盘
413,14:21:37,12.95,-0.01,247,319865,卖盘
414,14:21:32,12.96,-0.01,694,899424,卖盘
415,14:21:27,12.97,-0.01,53,68741,卖盘
416,14:21:22,12.98,--,181,234938,卖盘
417,14:21:17,12.98,-0.01,11,14278,卖盘
418,14:21:12,12.99,--,37,48063,卖盘
419,14:21:07,12.99,--,36,46764,卖盘
420,14:21:01,12.99,-0.01,83,107817,卖盘
421,14:20:57,13.0,-0.01,84,109850,卖盘
422,14:20:52,13.01,--,42,54642,卖盘
423,14:20:47,13.01,--,39,50739,卖盘
424,14:20:42,13.01,0.01,28,36428,买盘
425,14:20:37,13.0,-0.01,23,29900,卖盘
426,14:20:32,13.01,0.01,48,62448,买盘
427,14:20:27,13.0,-0.02,78,101400,卖盘
428,14:20:22,13.02,0.02,37,48825,买盘
429,14:20:17,13.0,-0.01,28,36400,卖盘
430,14:20:12,13.01,--,80,104080,卖盘
431,14:20:07,13.01,--,12,15612,卖盘
432,14:20:01,13.01,0.01,29,37729,卖盘
433,14:19:52,13.0,-0.03,46,59800,卖盘
434,14:19:47,13.03,0.02,133,173299,买盘
435,14:19:42,13.01,--,1,1301,买盘
436,14:19:37,13.01,--,167,217267,卖盘
437,14:19:32,13.01,--,28,36428,卖盘
438,14:19:27,13.01,--,31,40331,卖盘
439,14:19:22,13.01,--,40,52040,卖盘
440,14:19:17,13.01,--,10,13010,卖盘
441,14:19:07,13.01,-0.03,31,40331,卖盘
442,14:19:02,13.04,-0.03,106,138224,卖盘
443,14:18:52,13.07,--,18,23526,卖盘
444,14:18:46,13.07,0.06,26,33982,买盘
445,14:18:42,13.01,-0.01,65,84565,卖盘
446,14:18:36,13.02,--,200,260400,卖盘
447,14:18:27,13.02,--,0,0,卖盘
448,14:18:22,13.02,--,3,3906,卖盘
449,14:18:16,13.02,--,0,0,卖盘
450,14:18:12,13.02,--,12,15624,卖盘
451,14:18:06,13.02,--,29,37758,卖盘
452,14:18:02,13.02,--,63,82026,卖盘
453,14:17:57,13.02,-0.01,204,265608,卖盘
454,14:17:46,13.03,--,0,0,卖盘
455,14:17:42,13.03,--,0,0,卖盘
456,14:17:36,13.03,--,6,7818,卖盘
457,14:17:32,13.03,--,21,27363,卖盘
458,14:17:27,13.03,-0.05,57,74271,卖盘
459,14:17:22,13.08,0.03,2,2616,买盘
460,14:17:16,13.05,--,0,0,卖盘
461,14:17:12,13.05,-0.04,8,10440,卖盘
462,14:17:06,13.09,0.03,22,28798,买盘
463,14:17:02,13.06,-0.03,6,7836,卖盘
464,14:16:56,13.09,0.02,4,5236,买盘
465,14:16:52,13.07,--,16,20912,卖盘
466,14:16:46,13.07,--,35,45745,卖盘
467,14:16:42,13.07,--,10,13070,卖盘
468,14:16:37,13.07,0.01,32,41824,中性盘
469,14:16:31,13.06,-0.03,107,139742,卖盘
470,14:16:27,13.09,--,56,73304,买盘
471,14:16:22,13.09,--,17,22253,买盘
472,14:16:16,13.09,--,4,5236,买盘
473,14:16:12,13.09,--,1,1309,买盘
474,14:16:06,13.09,0.03,14,18326,买盘
475,14:16:01,13.06,--,7,9142,卖盘
476,14:15:57,13.06,--,6,7836,卖盘
477,14:15:52,13.06,--,8,10448,卖盘
478,14:15:40,13.06,0.03,1,1306,买盘
479,14:15:36,13.03,--,9,11727,卖盘
480,14:15:31,13.03,--,22,28666,卖盘
481,14:15:26,13.03,0.01,7,9121,中性盘
482,14:15:22,13.02,--,16,20832,卖盘
483,14:15:16,13.02,--,7,9114,卖盘
484,14:15:11,13.02,--,6,7812,卖盘
485,14:15:06,13.02,--,36,46872,买盘
486,14:15:01,13.02,--,4,5208,买盘
487,14:14:56,13.02,0.02,10,13020,买盘
488,14:14:52,13.0,--,149,193700,卖盘
489,14:14:46,13.0,--,28,36400,买盘
490,14:14:41,13.0,--,92,119600,卖盘
491,14:14:36,13.0,--,54,70200,买盘
492,14:14:31,13.0,--,195,253500,买盘
493,14:14:21,13.0,--,100,130000,买盘
494,14:14:16,13.0,0.03,85,110500,买盘
495,14:14:11,12.97,-0.03,385,499345,卖盘
496,14:14:06,13.0,0.02,5,6500,买盘
497,14:14:01,12.98,--,46,59708,买盘
498,14:13:56,12.98,--,23,29854,买盘
499,14:13:51,12.98,--,221,286858,卖盘
500,14:13:46,12.98,-0.02,81,105138,卖盘
501,14:13:40,13.0,0.01,304,395200,买盘
502,14:13:36,12.99,-0.01,8,10392,中性盘
503,14:13:31,13.0,0.02,45,58500,买盘
504,14:13:26,12.98,-0.02,366,475068,卖盘
505,14:13:21,13.0,--,20,26000,买盘
506,14:13:16,13.0,--,401,521300,买盘
507,14:13:11,13.0,--,3,3900,买盘
508,14:13:06,13.0,-0.02,898,1167400,卖盘
509,14:13:01,13.02,-0.04,85,110670,卖盘
510,14:12:56,13.06,--,34,44404,买盘
511,14:12:51,13.06,0.01,1,1306,买盘
512,14:12:46,13.05,-0.01,30,39150,卖盘
513,14:12:36,13.06,0.01,44,57464,买盘
514,14:12:31,13.05,0.05,30,39150,中性盘
515,14:12:26,13.0,--,159,206700,卖盘
516,14:12:21,13.0,--,617,802100,卖盘
517,14:12:16,13.0,-0.08,2056,2672800,卖盘
518,14:12:11,13.08,0.02,33,43164,买盘
519,14:12:06,13.06,--,21,27426,卖盘
520,14:12:01,13.06,--,42,54852,卖盘
521,14:11:56,13.06,-0.01,35,45710,卖盘
522,14:11:51,13.07,--,110,143770,卖盘
523,14:11:46,13.07,-0.03,357,466599,卖盘
524,14:11:41,13.1,--,88,115280,卖盘
525,14:11:36,13.1,0.02,17,22270,买盘
526,14:11:30,13.08,-0.02,20,26160,卖盘
527,14:11:26,13.1,0.02,11,14410,买盘
528,14:11:21,13.08,--,7,9156,买盘
529,14:11:16,13.08,0.01,20,26160,买盘
530,14:11:11,13.07,--,13,16991,卖盘
531,14:11:06,13.07,--,10,13070,卖盘
532,14:11:00,13.07,--,33,43131,买盘
533,14:10:55,13.07,--,54,70578,买盘
534,14:10:51,13.07,--,18,23526,买盘
535,14:10:45,13.07,--,32,41824,买盘
536,14:10:41,13.07,0.01,1,1307,中性盘
537,14:10:36,13.06,--,15,19590,卖盘
538,14:10:30,13.06,--,52,67912,卖盘
539,14:10:26,13.06,-0.07,171,223326,卖盘
540,14:10:21,13.13,0.01,360,472680,买盘
541,14:10:15,13.12,-0.01,6,7871,卖盘
542,14:10:10,13.13,0.01,80,105040,买盘
543,14:10:06,13.12,--,8,10496,卖盘
544,14:10:00,13.12,-0.01,28,36736,卖盘
545,14:09:55,13.13,--,71,93223,卖盘
546,14:09:40,13.13,--,6,7878,卖盘
547,14:09:36,13.13,--,0,0,卖盘
548,14:09:31,13.13,-0.04,6,7878,卖盘
549,14:09:25,13.17,0.03,3,3951,买盘
550,14:09:21,13.14,-0.03,9,11826,卖盘
551,14:09:16,13.17,--,6,7902,卖盘
552,14:09:10,13.17,--,4,5268,卖盘
553,14:09:01,13.17,0.03,3,3951,买盘
554,14:08:55,13.14,-0.02,6,7884,卖盘
555,14:08:51,13.16,-0.01,11,14476,卖盘
556,14:08:45,13.17,0.01,5,6585,买盘
557,14:08:31,13.16,0.02,1,1316,卖盘
558,14:08:25,13.14,--,0,0,卖盘
559,14:08:20,13.14,--,6,7884,卖盘
560,14:08:16,13.14,-0.01,11,14454,卖盘
561,14:08:10,13.15,-0.03,44,57860,卖盘
562,14:08:01,13.18,--,0,0,买盘
563,14:07:55,13.18,0.03,20,26360,买盘
564,14:07:50,13.15,-0.02,7,9205,卖盘
565,14:07:46,13.17,-0.01,4,5268,卖盘
566,14:07:40,13.18,--,26,34268,卖盘
567,14:07:35,13.18,--,5,6590,卖盘
568,14:07:25,13.18,-0.01,10,13180,卖盘
569,14:07:15,13.19,0.02,2,2638,买盘
570,14:07:10,13.17,-0.02,17,22389,卖盘
571,14:07:01,13.19,0.04,9,11871,买盘
572,14:06:55,13.15,--,12,15780,卖盘
573,14:06:50,13.15,-0.03,43,56545,卖盘
574,14:06:45,13.18,0.01,126,166068,买盘
575,14:06:35,13.17,-0.01,17,22389,卖盘
576,14:06:30,13.18,0.01,5,6590,买盘
577,14:06:05,13.17,0.05,8,10536,买盘
578,14:05:55,13.12,--,0,0,卖盘
579,14:05:50,13.12,--,0,0,卖盘
580,14:05:45,13.12,-0.01,7,9184,卖盘
581,14:05:40,13.13,-0.05,23,30199,卖盘
582,14:05:34,13.18,0.05,70,92260,买盘
583,14:05:25,13.13,-0.01,6,7878,卖盘
584,14:05:20,13.14,-0.01,20,26280,卖盘
585,14:05:10,13.15,0.01,60,78900,卖盘
586,14:05:05,13.14,--,0,0,卖盘
587,14:05:00,13.14,--,0,0,卖盘
588,14:04:55,13.14,--,7,9198,卖盘
589,14:04:50,13.14,--,5,6570,卖盘
590,14:04:35,13.14,0.01,15,19710,买盘
591,14:04:30,13.13,0.02,18,23634,买盘
592,14:04:24,13.11,-0.03,31,40641,卖盘
593,14:04:19,13.14,--,10,13140,买盘
594,14:04:14,13.14,--,0,0,买盘
595,14:04:09,13.14,0.02,10,13140,买盘
596,14:04:05,13.12,--,21,27552,卖盘
597,14:03:54,13.12,0.01,41,53792,卖盘
598,14:03:50,13.11,--,0,0,卖盘
599,14:03:39,13.11,--,10,13110,卖盘
600,14:03:34,13.11,--,20,26220,卖盘
601,14:03:30,13.11,--,12,15732,卖盘
602,14:03:24,13.11,--,25,32775,买盘
603,14:03:19,13.11,--,1,1311,买盘
604,14:03:14,13.11,0.01,8,10488,买盘
605,14:03:05,13.1,-0.01,6,7860,卖盘
606,14:02:54,13.11,-0.01,19,24909,卖盘
607,14:02:49,13.12,-0.02,169,221728,卖盘
608,14:02:39,13.14,--,0,0,中性盘
609,14:02:34,13.14,--,0,0,买盘
610,14:02:30,13.14,--,8,10512,买盘
611,14:02:24,13.14,--,24,31536,卖盘
612,14:02:19,13.14,0.01,56,73584,买盘
613,14:02:09,13.13,--,17,22321,卖盘
614,14:02:04,13.13,--,56,73528,卖盘
615,14:01:59,13.13,-0.01,21,27573,卖盘
616,14:01:54,13.14,--,20,26280,买盘
617,14:01:45,13.14,--,3,3942,买盘
618,14:01:34,13.14,0.01,1,1314,买盘
619,14:01:30,13.13,-0.01,2,2626,买盘
620,14:01:24,13.14,0.02,1,1314,卖盘
621,14:01:09,13.12,--,0,0,卖盘
622,14:01:04,13.12,-0.02,9,11808,卖盘
623,14:00:59,13.14,--,13,17082,买盘
624,14:00:54,13.14,--,1,1314,买盘
625,14:00:49,13.14,--,17,22338,买盘
626,14:00:44,13.14,--,35,45990,买盘
627,14:00:39,13.14,0.02,67,88038,买盘
628,14:00:34,13.12,--,0,0,卖盘
629,14:00:24,13.12,--,10,13120,卖盘
630,14:00:19,13.12,-0.02,36,47232,卖盘
631,14:00:14,13.14,-0.04,20,26280,卖盘
632,14:00:09,13.18,0.02,413,544334,买盘
633,14:00:04,13.16,-0.01,6,7896,卖盘
634,13:59:59,13.17,-0.02,12,15804,卖盘
635,13:59:54,13.19,0.02,77,101563,买盘
636,13:59:49,13.17,--,41,53997,卖盘
637,13:59:43,13.17,--,136,179112,卖盘
638,13:59:39,13.17,0.03,39,51363,买盘
639,13:59:34,13.14,--,0,0,卖盘
640,13:59:28,13.14,-0.02,9,11826,卖盘
641,13:59:24,13.16,--,15,19740,卖盘
642,13:59:19,13.16,--,7,9212,卖盘
643,13:59:04,13.16,0.02,3,3948,买盘
644,13:58:59,13.14,-0.02,6,7884,卖盘
645,13:58:49,13.16,--,6,7896,卖盘
646,13:58:44,13.16,--,3,3948,卖盘
647,13:58:34,13.16,0.01,3,3948,买盘
648,13:58:29,13.15,-0.01,10,13150,卖盘
649,13:58:24,13.16,0.02,18,23688,买盘
650,13:57:44,13.14,--,0,0,中性盘
651,13:57:39,13.14,-0.01,5,6570,卖盘
652,13:57:33,13.15,--,7,9205,卖盘
653,13:57:29,13.15,--,3,3945,中性盘
654,13:57:14,13.15,0.02,3,3945,买盘
655,13:56:59,13.13,0.01,13,17069,卖盘
656,13:56:53,13.12,0.01,7,9184,买盘
657,13:56:48,13.11,--,34,44574,卖盘
658,13:56:44,13.11,-0.01,42,55062,卖盘
659,13:56:39,13.12,--,41,53792,卖盘
660,13:56:33,13.12,0.01,16,20992,买盘
661,13:56:29,13.11,--,4,5244,卖盘
662,13:56:24,13.11,--,7,9177,卖盘
663,13:56:18,13.11,-0.01,21,27531,卖盘
664,13:56:14,13.12,0.02,17,22304,买盘
665,13:56:08,13.1,--,7,9170,卖盘
666,13:56:03,13.1,--,24,31440,卖盘
667,13:55:58,13.1,--,81,106110,买盘
668,13:55:54,13.1,--,50,65500,买盘
669,13:55:48,13.1,0.01,3,3930,买盘
670,13:55:43,13.09,-0.01,12,15708,卖盘
671,13:55:39,13.1,0.01,31,40610,买盘
672,13:55:33,13.09,--,11,14399,卖盘
673,13:55:28,13.09,-0.01,11,14399,卖盘
674,13:55:24,13.1,0.01,3,3930,卖盘
675,13:55:18,13.09,-0.01,10,13090,卖盘
676,13:55:13,13.1,0.02,13,17030,买盘
677,13:55:09,13.08,--,6,7848,卖盘
678,13:55:03,13.08,--,29,37932,卖盘
679,13:54:58,13.08,-0.02,22,28776,卖盘
680,13:54:54,13.1,0.02,40,52400,买盘
681,13:54:48,13.08,--,20,26160,卖盘
682,13:54:43,13.08,-0.02,29,37932,卖盘
683,13:54:33,13.1,0.02,22,28820,买盘
684,13:54:28,13.08,--,32,41856,卖盘
685,13:54:24,13.08,--,18,23544,买盘
686,13:54:18,13.08,--,42,54936,买盘
687,13:54:13,13.08,--,11,14388,买盘
688,13:54:03,13.08,0.02,21,27468,买盘
689,13:53:58,13.06,-0.02,27,35262,卖盘
690,13:53:53,13.08,-0.04,87,113796,卖盘
691,13:53:48,13.12,--,0,0,中性盘
692,13:53:43,13.12,0.01,507,665184,买盘
693,13:53:38,13.11,--,8,10488,卖盘
694,13:53:33,13.11,-0.01,28,36708,卖盘
695,13:53:28,13.12,-0.01,80,104960,卖盘
696,13:53:18,13.13,--,0,0,卖盘
697,13:53:13,13.13,--,0,0,卖盘
698,13:53:08,13.13,--,6,7878,卖盘
699,13:52:58,13.13,--,5,6565,卖盘
700,13:52:48,13.13,-0.05,6,7878,卖盘
701,13:52:43,13.18,--,12,15816,卖盘
702,13:52:37,13.18,--,20,26360,卖盘
703,13:52:33,13.18,--,67,88306,卖盘
704,13:52:28,13.18,--,37,48766,卖盘
705,13:52:18,13.18,0.06,5,6590,卖盘
706,13:52:13,13.12,--,1,1312,卖盘
707,13:52:08,13.12,--,18,23616,卖盘
708,13:52:03,13.12,-0.08,12,15743,卖盘
709,13:51:58,13.2,0.08,87,114840,买盘
710,13:51:53,13.12,-0.03,26,34112,卖盘
711,13:51:48,13.15,-0.01,45,59175,卖盘
712,13:51:43,13.16,--,8,10528,卖盘
713,13:51:38,13.16,0.01,20,26320,卖盘
714,13:51:13,13.15,--,0,0,卖盘
715,13:50:57,13.15,0.04,1,1315,卖盘
716,13:50:48,13.11,-0.01,8,10488,卖盘
717,13:50:42,13.12,0.01,10,13120,卖盘
718,13:50:38,13.11,--,0,0,卖盘
719,13:50:33,13.11,--,16,20976,卖盘
720,13:50:27,13.11,0.01,19,24909,卖盘
721,13:50:23,13.1,-0.01,62,81220,卖盘
722,13:50:17,13.11,--,6,7866,买盘
723,13:50:12,13.11,--,166,217626,买盘
724,13:50:07,13.11,-0.09,52,68172,卖盘
725,13:49:57,13.2,0.05,730,963600,买盘
726,13:49:53,13.15,-0.03,470,618050,卖盘
727,13:49:42,13.18,-0.01,27,35586,卖盘
728,13:49:37,13.19,-0.01,50,65950,卖盘
729,13:49:32,13.2,0.02,2,2640,买盘
730,13:49:07,13.18,--,0,0,卖盘
731,13:48:47,13.18,--,6,7908,卖盘
732,13:48:42,13.18,--,2,2636,卖盘
733,13:48:26,13.18,--,10,13180,卖盘
734,13:48:22,13.18,--,7,9226,卖盘
735,13:48:17,13.18,--,15,19770,卖盘
736,13:48:07,13.18,--,9,11862,卖盘
737,13:48:02,13.18,--,19,25042,卖盘
738,13:47:57,13.18,-0.01,61,80398,卖盘
739,13:47:52,13.19,--,2,2638,买盘
740,13:47:27,13.19,-0.01,9,11871,卖盘
741,13:47:22,13.2,0.02,5,6600,买盘
742,13:47:12,13.18,-0.02,15,19770,卖盘
743,13:47:07,13.2,-0.01,47,62040,卖盘
744,13:47:02,13.21,0.01,107,141347,卖盘
745,13:46:57,13.2,-0.03,23,30360,卖盘
746,13:46:52,13.23,0.03,66,87318,买盘
747,13:46:42,13.2,--,5,6600,卖盘
748,13:46:27,13.2,--,6,7920,卖盘
749,13:46:22,13.2,--,21,27720,卖盘
750,13:46:17,13.2,0.02,31,40920,买盘
751,13:45:57,13.18,--,0,0,卖盘
752,13:45:52,13.18,--,8,10544,卖盘
753,13:45:47,13.18,-0.02,28,36904,卖盘
754,13:45:42,13.2,0.02,63,83160,买盘
755,13:45:37,13.18,-0.02,30,39540,卖盘
756,13:45:32,13.2,0.02,50,66000,买盘
757,13:45:22,13.18,--,17,22406,卖盘
758,13:45:17,13.18,-0.02,56,73808,卖盘
759,13:45:12,13.2,-0.01,168,221760,卖盘
760,13:45:07,13.21,--,23,30383,买盘
761,13:44:52,13.21,-0.01,12,15852,卖盘
762,13:44:47,13.22,-0.02,34,44948,买盘
763,13:44:42,13.24,--,0,0,买盘
764,13:44:37,13.24,--,0,0,中性盘
765,13:44:32,13.24,--,17,22508,卖盘
766,13:44:27,13.24,0.03,42,55608,买盘
767,13:44:22,13.21,-0.03,14,18494,卖盘
768,13:44:17,13.24,--,46,60904,买盘
769,13:44:07,13.24,-0.01,46,60904,卖盘
770,13:43:51,13.25,0.01,70,92750,买盘
771,13:43:47,13.24,--,11,14564,卖盘
772,13:43:42,13.24,--,17,22508,卖盘
773,13:43:27,13.24,--,9,11916,买盘
774,13:43:06,13.24,0.03,1,1324,买盘
775,13:42:51,13.21,-0.04,2,2642,卖盘
776,13:42:32,13.25,0.01,100,132500,买盘
777,13:42:16,13.24,0.04,1,1324,买盘
778,13:42:11,13.2,--,102,134640,卖盘
779,13:42:06,13.2,--,5,6600,卖盘
780,13:42:01,13.2,--,10,13200,卖盘
781,13:41:51,13.2,--,11,14520,卖盘
782,13:41:31,13.2,-0.03,100,132000,卖盘
783,13:41:21,13.23,--,5,6615,卖盘
784,13:41:16,13.23,--,305,403515,买盘
785,13:41:06,13.23,--,5,6615,买盘
786,13:40:56,13.23,0.01,10,13230,买盘
787,13:40:51,13.22,--,30,39660,卖盘
788,13:40:41,13.22,-0.01,10,13220,卖盘
789,13:40:36,13.23,--,10,13230,买盘
790,13:40:31,13.23,--,64,84672,买盘
791,13:40:21,13.23,--,38,50274,买盘
792,13:40:16,13.23,-0.02,53,70119,卖盘
793,13:40:11,13.25,--,4,5300,买盘
794,13:40:06,13.25,-0.01,131,173575,卖盘
795,13:40:01,13.26,--,1,1326,买盘
796,13:39:56,13.26,--,13,17238,买盘
797,13:39:46,13.26,0.01,3,3978,买盘
798,13:39:41,13.25,--,25,33125,卖盘
799,13:39:31,13.25,--,459,608175,卖盘
800,13:39:26,13.25,--,54,71550,卖盘
801,13:39:21,13.25,--,22,29150,买盘
802,13:39:16,13.25,0.02,65,86125,买盘
803,13:39:06,13.23,-0.02,25,33075,卖盘
804,13:39:01,13.25,--,20,26500,买盘
805,13:38:56,13.25,0.01,10,13250,买盘
806,13:38:51,13.24,--,2,2648,买盘
807,13:38:46,13.24,0.04,15,19860,买盘
808,13:38:36,13.2,--,616,813120,卖盘
809,13:38:31,13.2,--,51,67320,买盘
810,13:38:26,13.2,--,114,150480,买盘
811,13:38:21,13.2,--,67,88440,买盘
812,13:38:11,13.2,--,46,60720,买盘
813,13:38:06,13.2,--,87,114840,买盘
814,13:38:01,13.2,0.01,10,13200,买盘
815,13:37:51,13.19,--,26,34294,卖盘
816,13:37:46,13.19,0.03,6,7914,买盘
817,13:37:36,13.16,--,97,127652,买盘
818,13:37:31,13.16,0.01,103,135548,买盘
819,13:37:21,13.15,--,16,21040,卖盘
820,13:37:15,13.15,--,374,491810,买盘
821,13:37:06,13.15,--,80,105200,买盘
822,13:37:00,13.15,--,109,143335,买盘
823,13:36:56,13.15,--,11,14465,买盘
824,13:36:51,13.15,-0.03,267,351105,卖盘
825,13:36:45,13.18,--,11,14498,买盘
826,13:36:41,13.18,--,7,9226,买盘
827,13:36:35,13.18,0.03,9,11862,买盘
828,13:36:30,13.15,--,12,15780,卖盘
829,13:36:26,13.15,--,0,0,卖盘
830,13:36:20,13.15,--,111,145965,买盘
831,13:36:15,13.15,0.01,56,73640,买盘
832,13:36:11,13.14,--,3,3942,买盘
833,13:36:06,13.14,-0.02,1,1314,买盘
834,13:36:00,13.16,0.03,13,17108,买盘
835,13:35:56,13.13,-0.02,58,76154,卖盘
836,13:35:45,13.15,0.01,65,85475,买盘
837,13:35:41,13.14,-0.01,4,5256,中性盘
838,13:35:30,13.15,--,19,24985,买盘
839,13:35:20,13.15,0.03,10,13150,买盘
840,13:35:15,13.12,--,3,3935,卖盘
841,13:35:10,13.12,0.02,8,10496,买盘
842,13:35:00,13.1,0.01,153,200430,买盘
843,13:34:55,13.09,0.01,4,5236,卖盘
844,13:34:50,13.08,--,0,0,卖盘
845,13:34:45,13.08,-0.01,208,272064,卖盘
846,13:34:40,13.09,0.01,24,31416,买盘
847,13:34:35,13.08,--,23,30084,卖盘
848,13:34:30,13.08,--,17,22236,卖盘
849,13:34:25,13.08,--,4,5232,买盘
850,13:34:20,13.08,--,4,5232,买盘
851,13:34:15,13.08,-0.02,265,346620,卖盘
852,13:34:10,13.1,--,63,82530,卖盘
853,13:34:05,13.1,--,200,262000,卖盘
854,13:34:00,13.1,--,15,19650,卖盘
855,13:33:55,13.1,--,12,15720,卖盘
856,13:33:50,13.1,0.01,14,18340,买盘
857,13:33:45,13.09,-0.01,37,48433,卖盘
858,13:33:40,13.1,0.01,39,51090,买盘
859,13:33:35,13.09,--,11,14399,卖盘
860,13:33:30,13.09,-0.01,25,32725,卖盘
861,13:33:25,13.1,--,46,60260,买盘
862,13:33:20,13.1,--,68,89080,买盘
863,13:33:15,13.1,-0.01,675,884250,卖盘
864,13:33:10,13.11,-0.04,19,24909,卖盘
865,13:33:00,13.15,--,5,6575,买盘
866,13:32:55,13.15,--,311,408965,买盘
867,13:32:50,13.15,-0.03,12,15780,卖盘
868,13:32:45,13.18,--,5,6590,买盘
869,13:32:40,13.18,-0.04,308,405944,买盘
870,13:32:35,13.22,--,0,0,买盘
871,13:32:30,13.22,0.07,19,25118,买盘
872,13:32:25,13.15,-0.05,300,394500,卖盘
873,13:32:10,13.2,-0.02,10,13200,买盘
874,13:32:05,13.22,--,0,0,买盘
875,13:32:00,13.22,0.04,96,126912,买盘
876,13:31:55,13.18,-0.05,100,131800,卖盘
877,13:31:45,13.23,0.03,10,13230,买盘
878,13:31:40,13.2,-0.03,55,72600,卖盘
879,13:31:25,13.23,--,0,0,买盘
880,13:31:15,13.23,--,24,31752,买盘
881,13:31:10,13.23,--,30,39690,买盘
882,13:31:05,13.23,--,0,0,中性盘
883,13:31:00,13.23,0.01,20,26460,买盘
884,13:30:45,13.22,0.02,5,6610,中性盘
885,13:30:40,13.2,-0.02,94,124080,卖盘
886,13:30:24,13.22,--,14,18508,买盘
887,13:30:09,13.22,--,27,35694,买盘
888,13:30:00,13.22,0.02,1,1322,买盘
889,13:29:53,13.2,-0.03,500,660000,卖盘
890,13:29:24,13.23,--,3,3969,卖盘
891,13:29:09,13.23,--,5,6615,卖盘
892,13:29:05,13.23,--,6,7938,卖盘
893,13:29:00,13.23,--,1,1323,卖盘
894,13:28:49,13.23,--,0,0,中性盘
895,13:28:44,13.23,--,5,6615,卖盘
896,13:28:09,13.23,--,2,2646,卖盘
897,13:27:54,13.23,--,5,6615,买盘
898,13:27:38,13.23,0.01,5,6615,买盘
899,13:27:24,13.22,-0.01,7,9254,卖盘
900,13:27:14,13.23,0.01,22,29106,买盘
901,13:27:03,13.22,0.01,19,25118,买盘
902,13:26:59,13.21,-0.01,1,1321,卖盘
903,13:26:54,13.22,-0.01,11,14542,卖盘
904,13:26:19,13.23,0.01,1,1323,买盘
905,13:26:09,13.22,--,2,2644,卖盘
906,13:26:04,13.22,--,41,54202,买盘
907,13:25:54,13.22,0.01,36,47592,买盘
908,13:25:49,13.21,--,12,15852,买盘
909,13:25:44,13.21,-0.01,3,3963,卖盘
910,13:25:34,13.22,0.01,5,6610,买盘
911,13:25:29,13.21,0.01,2,2642,卖盘
912,13:24:54,13.2,-0.02,100,132000,卖盘
913,13:24:49,13.22,--,68,89896,卖盘
914,13:24:34,13.22,--,4,5288,卖盘
915,13:24:19,13.22,-0.01,28,37016,买盘
916,13:23:54,13.23,--,0,0,买盘
917,13:23:49,13.23,--,5,6615,买盘
918,13:23:38,13.23,--,148,195804,买盘
919,13:23:34,13.23,--,21,27783,买盘
920,13:23:08,13.23,--,5,6615,买盘
921,13:22:59,13.23,--,13,17199,买盘
922,13:22:54,13.23,--,116,153468,卖盘
923,13:22:44,13.23,-0.01,56,74088,卖盘
924,13:22:39,13.24,--,48,63552,卖盘
925,13:22:29,13.24,-0.01,2,2648,卖盘
926,13:22:23,13.25,--,5,6625,买盘
927,13:22:03,13.25,--,61,80825,卖盘
928,13:21:54,13.25,-0.01,3,3975,卖盘
929,13:21:48,13.26,--,6,7956,买盘
930,13:21:44,13.26,--,13,17238,买盘
931,13:21:39,13.26,--,10,13260,买盘
932,13:21:08,13.26,--,39,51714,买盘
933,13:21:03,13.26,0.01,22,29172,买盘
934,13:20:53,13.25,--,13,17225,卖盘
935,13:20:43,13.25,-0.01,15,19875,卖盘
936,13:20:33,13.26,--,4,5304,买盘
937,13:20:24,13.26,0.01,8,10608,买盘
938,13:20:18,13.25,-0.01,41,54325,卖盘
939,13:20:13,13.26,--,20,26520,买盘
940,13:20:03,13.26,--,7,9282,买盘
941,13:19:58,13.26,--,210,278460,买盘
942,13:19:53,13.26,--,2,2652,买盘
943,13:19:48,13.26,0.01,92,121992,买盘
944,13:19:43,13.25,--,3,3975,卖盘
945,13:19:33,13.25,--,104,137800,卖盘
946,13:19:28,13.25,0.02,14,18550,买盘
947,13:19:18,13.23,-0.02,2,2646,卖盘
948,13:19:13,13.25,--,41,54325,买盘
949,13:18:43,13.25,--,91,120575,卖盘
950,13:18:33,13.25,-0.01,15,19875,卖盘
951,13:18:28,13.26,--,3,3978,买盘
952,13:18:18,13.26,--,92,121992,买盘
953,13:18:13,13.26,0.01,74,98124,买盘
954,13:18:08,13.25,-0.01,15,19875,卖盘
955,13:17:58,13.26,--,2,2652,买盘
956,13:17:48,13.26,--,1,1326,买盘
957,13:17:43,13.26,--,20,26520,买盘
958,13:17:32,13.26,--,11,14586,买盘
959,13:17:28,13.26,--,194,257244,买盘
960,13:17:18,13.26,--,10,14373,卖盘
961,13:17:13,13.26,--,497,659234,买盘
962,13:17:03,13.26,--,30,39780,买盘
963,13:16:58,13.26,--,10,13260,买盘
964,13:16:53,13.26,--,7,9282,买盘
965,13:16:48,13.26,--,100,132600,买盘
966,13:16:43,13.26,--,30,39780,买盘
967,13:16:33,13.26,--,15,19890,买盘
968,13:16:28,13.26,0.01,10,13260,买盘
969,13:16:23,13.25,-0.01,10,13250,卖盘
970,13:16:18,13.26,--,8,10608,买盘
971,13:16:12,13.26,--,1,1326,买盘
972,13:16:08,13.26,--,20,26520,买盘
973,13:16:03,13.26,--,10,13260,买盘
974,13:15:57,13.26,--,81,107406,买盘
975,13:15:53,13.26,--,2,2652,买盘
976,13:15:42,13.26,--,6,7956,买盘
977,13:15:38,13.26,--,200,265200,买盘
978,13:15:32,13.26,0.01,2,2652,买盘
979,13:15:27,13.25,-0.01,35,46375,卖盘
980,13:15:12,13.26,--,10,13260,买盘
981,13:15:02,13.26,0.01,84,111384,买盘
982,13:14:57,13.25,--,5,6625,卖盘
983,13:14:47,13.25,--,30,39750,卖盘
984,13:14:42,13.25,--,9,11925,卖盘
985,13:14:38,13.25,--,20,26500,卖盘
986,13:14:27,13.25,--,27,35775,买盘
987,13:14:18,13.25,0.04,9,11925,买盘
988,13:14:12,13.21,-0.04,113,149273,卖盘
989,13:14:02,13.25,0.01,3,3975,买盘
990,13:13:57,13.24,--,0,0,中性盘
991,13:13:42,13.24,--,2,2648,卖盘
992,13:13:32,13.24,--,1,1324,买盘
993,13:13:22,13.24,-0.01,12,15888,卖盘
994,13:13:17,13.25,--,13,17225,买盘
995,13:13:12,13.25,0.01,30,39750,买盘
996,13:12:57,13.24,0.03,60,79440,买盘
997,13:12:48,13.21,-0.02,7,9247,卖盘
998,13:12:42,13.23,--,34,44982,卖盘
999,13:12:37,13.23,0.03,16,21168,买盘
1000,13:12:27,13.2,--,0,0,卖盘
1001,13:12:22,13.2,-0.02,38,50160,卖盘
1002,13:12:12,13.22,--,6,7932,买盘
1003,13:12:07,13.22,--,3,3966,买盘
1004,13:11:57,13.22,--,11,14542,买盘
1005,13:11:47,13.22,-0.01,24,31728,卖盘
1006,13:11:42,13.23,--,26,34398,买盘
1007,13:11:32,13.23,--,5,6615,买盘
1008,13:11:27,13.23,--,10,13230,买盘
1009,13:11:22,13.23,0.03,2,2646,买盘
1010,13:11:17,13.2,--,0,0,卖盘
1011,13:11:12,13.2,-0.03,4,5280,卖盘
1012,13:11:07,13.23,0.01,19,25137,买盘
1013,13:10:57,13.22,--,2,2644,卖盘
1014,13:10:52,13.22,0.02,2,2644,中性盘
1015,13:10:47,13.2,-0.02,20,26400,卖盘
1016,13:10:42,13.22,0.01,11,14542,买盘
1017,13:10:32,13.21,0.01,8,10568,买盘
1018,13:10:22,13.2,--,33,43560,卖盘
1019,13:10:12,13.2,--,219,289080,买盘
1020,13:10:02,13.2,--,4,5280,买盘
1021,13:09:56,13.2,--,54,71280,买盘
1022,13:09:52,13.2,--,39,51480,买盘
1023,13:09:37,13.2,-0.01,7,9240,卖盘
1024,13:09:26,13.21,--,40,52840,买盘
1025,13:09:06,13.21,0.01,118,155878,买盘
1026,13:08:51,13.2,-0.01,6,7920,卖盘
1027,13:08:47,13.21,0.01,21,27741,买盘
1028,13:08:42,13.2,-0.01,20,26400,卖盘
1029,13:08:27,13.21,--,72,95112,卖盘
1030,13:08:21,13.21,-0.01,20,26420,卖盘
1031,13:08:11,13.22,--,1,1322,买盘
1032,13:08:06,13.22,--,1,1322,买盘
1033,13:07:51,13.22,0.01,20,26440,买盘
1034,13:07:41,13.21,--,1,1321,卖盘
1035,13:07:36,13.21,--,16,21136,买盘
1036,13:07:31,13.21,--,3,3963,买盘
1037,13:07:26,13.21,0.01,8,10568,买盘
1038,13:07:21,13.2,--,14,18480,卖盘
1039,13:07:05,13.2,--,15,19800,卖盘
1040,13:06:51,13.2,0.01,21,27720,买盘
1041,13:06:41,13.19,--,4,5276,买盘
1042,13:06:31,13.19,--,2,2638,买盘
1043,13:06:17,13.19,--,27,35613,卖盘
1044,13:06:11,13.19,--,52,68588,卖盘
1045,13:05:56,13.19,--,32,42208,买盘
1046,13:05:51,13.19,--,0,0,买盘
1047,13:05:46,13.19,0.03,3,3957,买盘
1048,13:05:41,13.16,--,68,89488,买盘
1049,13:05:36,13.16,0.01,18,23688,买盘
1050,13:05:31,13.15,-0.01,10,13150,卖盘
1051,13:05:26,13.16,0.01,1,1316,买盘
1052,13:05:11,13.15,--,0,0,卖盘
1053,13:05:01,13.15,0.02,38,50311,买盘
1054,13:04:56,13.13,-0.02,36,47268,卖盘
1055,13:04:50,13.15,0.02,29,38135,买盘
1056,13:04:46,13.13,-0.01,53,69589,卖盘
1057,13:04:41,13.14,--,12,15768,买盘
1058,13:04:35,13.14,0.01,30,39420,买盘
1059,13:04:31,13.13,-0.01,5,6565,卖盘
1060,13:04:26,13.14,--,2,2628,买盘
1061,13:04:20,13.14,0.01,37,48618,买盘
1062,13:04:16,13.13,--,32,42016,买盘
1063,13:04:11,13.13,--,53,69589,买盘
1064,13:04:06,13.13,-0.01,13,17069,买盘
1065,13:04:01,13.14,-0.01,6,7884,卖盘
1066,13:03:56,13.15,--,5,6575,买盘
1067,13:03:51,13.15,--,10,13150,买盘
1068,13:03:46,13.15,--,80,105200,买盘
1069,13:03:40,13.15,--,200,263000,买盘
1070,13:03:36,13.15,--,29,38135,买盘
1071,13:03:31,13.15,--,32,42080,买盘
1072,13:03:26,13.15,--,2,2630,买盘
1073,13:03:20,13.15,--,61,80215,买盘
1074,13:03:16,13.15,-0.07,154,203483,卖盘
1075,13:03:06,13.22,--,26,34372,卖盘
1076,13:03:01,13.22,--,275,363550,买盘
1077,13:02:50,13.22,--,23,30406,买盘
1078,13:02:46,13.22,0.02,20,26440,买盘
1079,13:02:36,13.2,--,2,2640,卖盘
1080,13:02:31,13.2,--,541,714463,卖盘
1081,13:02:25,13.2,0.01,12,15840,买盘
1082,13:02:20,13.19,--,8,10552,卖盘
1083,13:02:15,13.19,--,5,6595,卖盘
1084,13:02:11,13.19,-0.01,4,5276,卖盘
1085,13:02:05,13.2,0.01,18,23760,买盘
1086,13:01:56,13.19,--,15,19785,买盘
1087,13:01:51,13.19,--,42,55398,买盘
1088,13:01:45,13.19,--,7,9233,买盘
1089,13:01:41,13.19,0.01,7,9233,中性盘
1090,13:01:35,13.18,-0.02,61,80398,卖盘
1091,13:01:25,13.2,--,30,39600,买盘
1092,13:01:20,13.2,-0.05,671,886696,卖盘
1093,13:01:15,13.25,0.02,8,10600,中性盘
1094,13:01:10,13.23,-0.02,500,661500,卖盘
1095,13:01:05,13.25,--,2,2650,卖盘
1096,13:01:00,13.25,--,21,27825,卖盘
1097,13:00:50,13.25,-0.01,10,13250,卖盘
1098,13:00:45,13.26,--,12,15912,买盘
1099,13:00:30,13.26,--,2,2652,买盘
1100,13:00:20,13.26,--,13,17238,买盘
1101,13:00:05,13.26,-0.04,912,1209312,卖盘
1102,11:30:00,13.3,--,0,0,卖盘
1103,11:30:00,13.3,--,0,0,卖盘
1104,11:29:51,13.3,--,0,0,卖盘
1105,11:29:37,13.3,-0.03,29,38570,卖盘
1106,11:29:22,13.33,--,10,13330,买盘
1107,11:29:07,13.33,0.03,5,6665,买盘
1108,11:29:01,13.3,-0.04,59,78470,卖盘
1109,11:28:57,13.34,--,18,24012,买盘
1110,11:28:46,13.34,--,11,14674,买盘
1111,11:28:42,13.34,--,7,9671,卖盘
1112,11:28:36,13.34,-0.01,40,53360,卖盘
1113,11:28:16,13.35,--,12,16020,买盘
1114,11:28:12,13.35,0.01,21,28035,买盘
1115,11:28:07,13.34,--,28,37352,卖盘
1116,11:28:01,13.34,-0.01,14,18676,卖盘
1117,11:27:51,13.35,--,3,4005,买盘
1118,11:27:47,13.35,0.01,2,2670,买盘
1119,11:27:37,13.34,-0.01,46,61364,卖盘
1120,11:27:31,13.35,0.01,64,85440,买盘
1121,11:27:27,13.34,--,70,93380,卖盘
1122,11:27:21,13.34,--,20,27680,买盘
1123,11:27:16,13.34,--,50,66700,买盘
1124,11:27:07,13.34,0.01,10,13340,买盘
1125,11:26:52,13.33,--,3,3999,买盘
1126,11:26:46,13.33,--,15,19995,买盘
1127,11:26:41,13.33,0.03,1,1333,买盘
1128,11:26:31,13.3,--,0,0,卖盘
1129,11:26:26,13.3,--,31,41230,卖盘
1130,11:26:21,13.3,--,0,0,卖盘
1131,11:26:16,13.3,--,7,9310,卖盘
1132,11:26:11,13.3,--,0,0,卖盘
1133,11:26:06,13.3,0.01,384,510720,买盘
1134,11:26:01,13.29,-0.01,10,13290,卖盘
1135,11:25:45,13.3,0.01,2,2660,买盘
1136,11:25:41,13.29,--,1,1329,卖盘
1137,11:25:36,13.29,-0.01,28,37212,卖盘
1138,11:25:31,13.3,--,2,2660,买盘
1139,11:25:21,13.3,--,11,14630,买盘
1140,11:25:16,13.3,0.01,20,26600,买盘
1141,11:25:10,13.29,--,64,85056,卖盘
1142,11:25:00,13.29,-0.01,46,61133,卖盘
1143,11:24:56,13.3,--,100,133000,买盘
1144,11:24:51,13.3,0.01,42,55860,买盘
1145,11:24:45,13.29,-0.01,40,53160,卖盘
1146,11:24:40,13.3,--,36,47880,买盘
1147,11:24:30,13.3,--,10,13300,买盘
1148,11:24:25,13.3,--,120,159600,买盘
1149,11:24:21,13.3,--,1,1330,买盘
1150,11:24:09,13.3,-0.02,77,102410,卖盘
1151,11:24:06,13.32,-0.01,2,2664,卖盘
1152,11:24:00,13.33,0.01,1,1333,买盘
1153,11:23:55,13.32,--,7,9324,卖盘
1154,11:23:46,13.32,--,9,11988,买盘
1155,11:23:36,13.32,--,5,6660,买盘
1156,11:23:21,13.32,--,1,1332,买盘
1157,11:23:15,13.32,-0.02,30,39960,中性盘
1158,11:23:11,13.34,0.02,10,13673,买盘
1159,11:23:06,13.32,-0.01,23,31635,卖盘
1160,11:23:00,13.33,--,49,65317,买盘
1161,11:22:55,13.33,--,5,6665,买盘
1162,11:22:36,13.33,--,1,1333,卖盘
1163,11:22:30,13.33,--,204,271932,卖盘
1164,11:22:25,13.33,-0.01,72,95976,中性盘
1165,11:22:15,13.34,0.01,174,232116,买盘
1166,11:22:06,13.33,--,0,0,买盘
1167,11:22:01,13.33,-0.01,12,15996,卖盘
1168,11:21:55,13.34,--,4,5336,买盘
1169,11:21:40,13.34,--,6,8004,买盘
1170,11:21:30,13.34,--,0,0,买盘
1171,11:21:25,13.34,--,1,1667,卖盘
1172,11:21:15,13.34,0.06,28,38352,买盘
1173,11:21:11,13.28,--,72,95616,买盘
1174,11:21:05,13.28,--,102,135456,买盘
1175,11:21:00,13.28,-0.05,26,34528,卖盘
1176,11:20:55,13.33,0.06,564,752145,买盘
1177,11:20:45,13.27,--,0,0,卖盘
1178,11:20:40,13.27,-0.01,37,49099,卖盘
1179,11:20:36,13.28,--,23,31540,卖盘
1180,11:20:31,13.28,0.01,99,132468,买盘
1181,11:20:25,13.27,-0.01,5,6635,卖盘
1182,11:20:21,13.28,0.01,10,13280,买盘
1183,11:20:16,13.27,--,16,21232,卖盘
1184,11:20:10,13.27,--,50,66350,卖盘
1185,11:20:05,13.27,--,23,31516,卖盘
1186,11:19:55,13.27,--,94,125733,买盘
1187,11:19:50,13.27,0.01,32,42464,买盘
1188,11:19:46,13.26,--,25,33150,卖盘
1189,11:19:40,13.26,-0.01,5,6630,中性盘
1190,11:19:31,13.27,0.01,54,71658,买盘
1191,11:19:25,13.26,-0.02,33,43758,卖盘
1192,11:19:15,13.28,0.01,1,1328,买盘
1193,11:19:11,13.27,--,213,282651,卖盘
1194,11:19:05,13.27,--,47,63032,卖盘
1195,11:19:00,13.27,0.01,265,352650,买盘
1196,11:18:54,13.26,--,42,55692,买盘
1197,11:18:50,13.26,-0.01,64,84864,卖盘
1198,11:18:40,13.27,-0.01,3,4312,卖盘
1199,11:18:35,13.28,0.01,31,42164,买盘
1200,11:18:30,13.27,-0.01,6,7962,卖盘
1201,11:18:25,13.28,--,2,2656,买盘
1202,11:18:15,13.28,--,18,23904,买盘
1203,11:18:09,13.28,-0.02,143,190236,卖盘
1204,11:18:05,13.3,0.01,34,46217,买盘
1205,11:18:00,13.29,--,29,38541,卖盘
1206,11:17:55,13.29,-0.01,46,61133,卖盘
1207,11:17:40,13.3,-0.04,127,169907,卖盘
1208,11:17:30,13.34,-0.01,10,13673,卖盘
1209,11:17:25,13.35,0.01,24,32040,卖盘
1210,11:17:15,13.34,--,0,0,卖盘
1211,11:17:10,13.34,--,0,0,卖盘
1212,11:17:05,13.34,-0.01,23,31682,卖盘
1213,11:17:00,13.35,0.01,12,16020,买盘
1214,11:16:39,13.34,--,238,317492,买盘
1215,11:16:34,13.34,--,102,136068,买盘
1216,11:16:30,13.34,--,0,0,买盘
1217,11:16:25,13.34,--,233,310822,买盘
1218,11:16:19,13.34,--,28,37352,买盘
1219,11:16:15,13.34,--,10,13340,买盘
1220,11:16:09,13.34,0.01,20,26680,买盘
1221,11:16:04,13.33,-0.01,15,19995,中性盘
1222,11:15:54,13.34,-0.01,5,6670,买盘
1223,11:15:49,13.35,--,126,168877,卖盘
1224,11:15:39,13.35,--,0,0,卖盘
1225,11:15:35,13.35,--,34,46391,卖盘
1226,11:15:30,13.35,--,10,13350,卖盘
1227,11:15:24,13.35,0.01,68,91781,买盘
1228,11:15:04,13.34,0.03,7,9338,中性盘
1229,11:14:54,13.31,-0.01,200,266200,卖盘
1230,11:14:50,13.32,0.02,3,3996,买盘
1231,11:14:39,13.3,--,0,0,卖盘
1232,11:14:34,13.3,-0.01,27,36575,卖盘
1233,11:14:29,13.31,--,23,30613,买盘
1234,11:14:24,13.31,--,17,22627,买盘
1235,11:14:20,13.31,-0.04,169,225271,卖盘
1236,11:14:14,13.35,--,50,66750,卖盘
1237,11:14:09,13.35,0.05,31,42386,买盘
1238,11:14:05,13.3,-0.05,202,268660,卖盘
1239,11:13:55,13.35,0.04,223,297705,买盘
1240,11:13:40,13.31,0.01,24,32942,买盘
1241,11:13:34,13.3,--,56,75477,卖盘
1242,11:13:24,13.3,--,8,11637,买盘
1243,11:13:19,13.3,--,12,15960,买盘
1244,11:13:10,13.3,0.02,65,86450,买盘
1245,11:13:04,13.28,--,11,14608,卖盘
1246,11:12:49,13.28,0.01,340,452516,买盘
1247,11:12:44,13.27,--,24,31848,卖盘
1248,11:12:40,13.27,-0.01,54,71658,中性盘
1249,11:12:34,13.28,0.02,44,58432,买盘
1250,11:12:29,13.26,-0.01,131,173706,卖盘
1251,11:12:24,13.27,-0.01,2,2654,卖盘
1252,11:12:19,13.28,0.02,29,38512,买盘
1253,11:12:14,13.26,--,0,0,卖盘
1254,11:12:09,13.26,-0.01,52,68952,卖盘
1255,11:12:04,13.27,0.01,344,457483,买盘
1256,11:11:59,13.26,-0.01,17,22542,卖盘
1257,11:11:54,13.27,0.01,113,149951,买盘
1258,11:11:48,13.26,--,164,218127,买盘
1259,11:11:43,13.26,--,107,141882,买盘
1260,11:11:39,13.26,0.01,157,208182,买盘
1261,11:11:33,13.25,-0.01,185,246118,卖盘
1262,11:11:29,13.26,--,46,60996,买盘
1263,11:11:24,13.26,-0.02,55,73593,卖盘
1264,11:11:19,13.28,0.01,178,236384,买盘
1265,11:11:14,13.27,--,27,35829,买盘
1266,11:11:09,13.27,--,32,43459,卖盘
1267,11:11:04,13.27,-0.01,30,40805,卖盘
1268,11:10:58,13.28,--,3,3984,买盘
1269,11:10:54,13.28,--,81,107568,买盘
1270,11:10:49,13.28,--,46,61088,买盘
1271,11:10:44,13.28,0.02,7,9296,买盘
1272,11:10:39,13.26,-0.02,110,146191,卖盘
1273,11:10:33,13.28,--,413,549460,卖盘
1274,11:10:29,13.28,-0.01,95,126160,卖盘
1275,11:10:24,13.29,0.01,425,564825,买盘
1276,11:10:19,13.28,-0.01,69,91632,卖盘
1277,11:10:13,13.29,0.01,6,7973,买盘
1278,11:10:09,13.28,-0.01,183,243024,卖盘
1279,11:10:03,13.29,0.02,34,45186,买盘
1280,11:09:58,13.27,-0.02,43,57392,卖盘
1281,11:09:53,13.29,--,37,49173,卖盘
1282,11:09:48,13.29,0.01,160,213636,买盘
1283,11:09:44,13.28,-0.01,30,39840,卖盘
1284,11:09:33,13.29,0.01,36,47844,中性盘
1285,11:09:29,13.28,-0.02,53,70384,卖盘
1286,11:09:18,13.3,-0.01,369,490770,卖盘
1287,11:09:13,13.31,--,52,70210,买盘
1288,11:09:08,13.31,--,10,13310,买盘
1289,11:09:03,13.31,-0.01,61,81191,卖盘
1290,11:08:59,13.32,--,131,174492,买盘
1291,11:08:54,13.32,--,47,62604,买盘
1292,11:08:48,13.32,0.01,34,45288,买盘
1293,11:08:44,13.31,--,5,6655,卖盘
1294,11:08:38,13.31,--,54,71874,卖盘
1295,11:08:29,13.31,0.01,26,34606,买盘
1296,11:08:23,13.3,-0.01,10,13300,卖盘
1297,11:08:19,13.31,0.01,662,881122,卖盘
1298,11:08:09,13.3,--,0,0,卖盘
1299,11:07:58,13.3,-0.09,44,59185,卖盘
1300,11:07:53,13.39,0.09,2,2678,买盘
1301,11:07:48,13.3,--,0,0,卖盘
1302,11:07:43,13.3,-0.1,386,513380,卖盘
1303,11:07:38,13.4,--,41,54940,卖盘
1304,11:07:33,13.4,--,35,46900,卖盘
1305,11:07:28,13.4,--,0,0,卖盘
1306,11:07:23,13.4,-0.05,515,690100,卖盘
1307,11:07:19,13.45,0.02,47,63215,买盘
1308,11:07:08,13.43,-0.01,51,68493,卖盘
1309,11:07:04,13.44,--,23,31920,卖盘
1310,11:06:58,13.44,-0.01,62,83328,卖盘
1311,11:06:48,13.45,--,58,78010,买盘
1312,11:06:43,13.45,0.01,5,6725,买盘
1313,11:06:38,13.44,--,41,55104,卖盘
1314,11:06:33,13.44,--,0,0,卖盘
1315,11:06:28,13.44,-0.01,41,55104,卖盘
1316,11:06:18,13.45,--,41,55145,卖盘
1317,11:06:08,13.45,--,41,55145,卖盘
1318,11:06:03,13.45,--,0,0,卖盘
1319,11:05:57,13.45,--,40,53800,卖盘
1320,11:05:47,13.45,--,41,55145,卖盘
1321,11:05:42,13.45,--,0,0,卖盘
1322,11:05:38,13.45,-0.04,41,55145,卖盘
1323,11:05:33,13.49,--,0,0,买盘
1324,11:05:27,13.49,--,42,56658,买盘
1325,11:05:23,13.49,--,0,0,买盘
1326,11:05:18,13.49,-0.01,50,67450,买盘
1327,11:05:13,13.5,--,0,0,买盘
1328,11:05:08,13.5,0.05,46,62100,买盘
1329,11:04:57,13.45,--,41,55145,卖盘
1330,11:04:47,13.45,-0.05,50,67250,卖盘
1331,11:04:42,13.5,0.05,45,60750,买盘
1332,11:04:37,13.45,-0.02,41,55145,卖盘
1333,11:04:33,13.47,0.02,22,29634,买盘
1334,11:04:27,13.45,-0.05,43,57835,卖盘
1335,11:04:23,13.5,0.05,103,139050,买盘
1336,11:04:18,13.45,-0.05,41,55145,卖盘
1337,11:04:12,13.5,0.05,44,59400,买盘
1338,11:04:07,13.45,-0.05,51,68595,卖盘
1339,11:03:57,13.5,0.03,70,94500,买盘
1340,11:03:53,13.47,0.02,5,6735,买盘
1341,11:03:47,13.45,-0.05,51,68595,卖盘
1342,11:03:42,13.5,0.05,5,6750,买盘
1343,11:03:37,13.45,-0.03,41,55145,卖盘
1344,11:03:33,13.48,0.03,2,2696,买盘
1345,11:03:27,13.45,0.01,50,67250,卖盘
1346,11:03:17,13.44,-0.04,41,55104,卖盘
1347,11:03:13,13.48,0.03,30,40440,买盘
1348,11:03:07,13.45,--,41,55145,卖盘
1349,11:02:58,13.45,-0.03,41,55145,卖盘
1350,11:02:53,13.48,0.02,10,13480,买盘
1351,11:02:48,13.46,-0.02,41,55186,卖盘
1352,11:02:42,13.48,0.02,16,21568,买盘
1353,11:02:37,13.46,--,41,55186,卖盘
1354,11:02:27,13.46,--,49,65954,卖盘
1355,11:02:22,13.46,--,4,5384,卖盘
1356,11:02:17,13.46,--,35,47110,卖盘
1357,11:02:12,13.46,0.01,4,5384,中性盘
1358,11:02:08,13.45,--,49,65905,卖盘
1359,11:01:57,13.45,--,90,121050,卖盘
1360,11:01:52,13.45,--,12,16140,卖盘
1361,11:01:47,13.45,-0.01,41,55145,卖盘
1362,11:01:42,13.46,0.01,5,6730,买盘
1363,11:01:37,13.45,--,41,55145,卖盘
1364,11:01:27,13.45,-0.03,89,119705,卖盘
1365,11:01:22,13.48,0.02,18,24264,买盘
1366,11:01:17,13.46,-0.02,40,53840,卖盘
1367,11:01:13,13.48,0.02,9,12132,买盘
1368,11:01:08,13.46,-0.02,50,67300,卖盘
1369,11:01:02,13.48,--,8,10784,买盘
1370,11:00:57,13.48,--,30,40440,买盘
1371,11:00:52,13.48,--,47,63356,买盘
1372,11:00:47,13.48,--,27,36396,买盘
1373,11:00:37,13.48,0.01,138,186024,买盘
1374,11:00:32,13.47,--,26,35022,卖盘
1375,11:00:28,13.47,--,20,26940,卖盘
1376,11:00:17,13.47,0.02,18,24246,卖盘
1377,11:00:07,13.45,--,17,22865,卖盘
1378,10:59:57,13.45,-0.02,17,22865,卖盘
1379,10:59:52,13.47,0.02,117,157599,买盘
1380,10:59:47,13.45,0.01,17,22865,卖盘
1381,10:59:42,13.44,--,0,0,卖盘
1382,10:59:37,13.44,-0.01,17,22848,卖盘
1383,10:59:32,13.45,--,13,17485,买盘
1384,10:59:27,13.45,0.01,25,33625,中性盘
1385,10:59:21,13.44,0.01,30,40320,中性盘
1386,10:59:17,13.43,--,110,147730,卖盘
1387,10:59:12,13.43,--,0,0,卖盘
1388,10:59:06,13.43,-0.02,17,22831,卖盘
1389,10:59:02,13.45,0.03,12,16140,买盘
1390,10:58:57,13.42,-0.03,17,22814,卖盘
1391,10:58:51,13.45,0.03,1,1345,买盘
1392,10:58:47,13.42,-0.03,17,22814,卖盘
1393,10:58:41,13.45,0.03,26,34970,买盘
1394,10:58:37,13.42,-0.03,210,281820,卖盘
1395,10:58:32,13.45,-0.02,3,4035,买盘
1396,10:58:26,13.47,0.02,19,25593,买盘
1397,10:58:17,13.45,-0.02,17,22865,卖盘
1398,10:58:11,13.47,--,11,14817,买盘
1399,10:58:06,13.47,0.02,33,44451,买盘
1400,10:57:57,13.45,--,37,49765,卖盘
1401,10:57:51,13.45,0.03,33,44385,买盘
1402,10:57:47,13.42,-0.03,18,24156,卖盘
1403,10:57:42,13.45,0.03,1,1345,买盘
1404,10:57:37,13.42,-0.01,27,36234,卖盘
1405,10:57:32,13.43,0.01,17,22831,买盘
1406,10:57:27,13.42,--,17,22814,卖盘
1407,10:57:16,13.42,-0.01,17,22814,卖盘
1408,10:57:12,13.43,0.01,30,40290,买盘
1409,10:57:06,13.42,--,22,29524,买盘
1410,10:56:57,13.42,0.02,32,42944,买盘
1411,10:56:51,13.4,-0.02,60,80400,卖盘
1412,10:56:46,13.42,--,22,29524,买盘
1413,10:56:42,13.42,--,68,91256,卖盘
1414,10:56:37,13.42,--,85,114070,卖盘
1415,10:56:31,13.42,0.02,25,33550,买盘
1416,10:56:27,13.4,--,30,40200,买盘
1417,10:56:21,13.4,--,103,138020,卖盘
1418,10:56:16,13.4,-0.02,119,159460,卖盘
1419,10:56:12,13.42,0.02,10,13420,买盘
1420,10:56:07,13.4,--,35,46900,卖盘
1421,10:56:01,13.4,--,0,0,卖盘
1422,10:55:57,13.4,-0.01,91,121940,卖盘
1423,10:55:51,13.41,-0.02,3,4023,买盘
1424,10:55:42,13.43,0.03,1,1343,卖盘
1425,10:55:36,13.4,-0.05,79,105860,卖盘
1426,10:55:32,13.45,0.02,28,37660,买盘
1427,10:55:21,13.43,-0.02,5,6715,卖盘
1428,10:55:16,13.45,--,11,14795,卖盘
1429,10:55:01,13.45,-0.03,24,32280,卖盘
1430,10:54:51,13.48,-0.01,442,595816,卖盘
1431,10:54:46,13.49,--,27,36423,卖盘
1432,10:54:41,13.49,-0.01,5,6745,卖盘
1433,10:54:36,13.5,--,11,14850,买盘
1434,10:54:32,13.5,--,18,24300,卖盘
1435,10:54:26,13.5,-0.01,39,52650,卖盘
1436,10:54:21,13.51,--,26,35126,卖盘
1437,10:54:16,13.51,0.01,32,43232,买盘
1438,10:54:11,13.5,--,111,149850,卖盘
1439,10:54:06,13.5,--,26,35100,卖盘
1440,10:54:02,13.5,--,9,12150,卖盘
1441,10:53:56,13.5,-0.01,141,190350,卖盘
1442,10:53:51,13.51,0.01,43,58093,买盘
1443,10:53:46,13.5,-0.01,20,27000,卖盘
1444,10:53:36,13.51,-0.01,56,75656,卖盘
1445,10:53:26,13.52,--,9,12168,卖盘
1446,10:53:21,13.52,-0.01,41,55432,卖盘
1447,10:53:15,13.53,--,1,1353,买盘
1448,10:53:06,13.53,-0.01,7,9471,卖盘
1449,10:52:51,13.54,-0.01,118,159772,卖盘
1450,10:52:36,13.55,-0.02,120,162600,卖盘
1451,10:52:30,13.57,--,33,44781,卖盘
1452,10:52:21,13.57,--,1,1357,卖盘
1453,10:52:15,13.57,-0.01,5,6785,卖盘
1454,10:52:00,13.58,--,20,27160,买盘
1455,10:51:51,13.58,--,98,133084,卖盘
1456,10:51:41,13.58,-0.01,6,8148,卖盘
1457,10:51:35,13.59,0.01,20,27180,买盘
1458,10:51:26,13.58,-0.01,5,6790,卖盘
1459,10:51:20,13.59,--,5,6795,买盘
1460,10:51:11,13.59,--,6,8154,卖盘
1461,10:51:06,13.59,--,6,8154,卖盘
1462,10:51:00,13.59,--,5,6795,卖盘
1463,10:50:56,13.59,--,3,4077,买盘
1464,10:50:50,13.59,--,59,80181,买盘
1465,10:50:35,13.59,--,40,54360,买盘
1466,10:50:30,13.59,--,15,20385,买盘
1467,10:50:20,13.59,-0.01,26,35334,卖盘
1468,10:50:10,13.6,0.02,10,13600,买盘
1469,10:50:00,13.58,-0.02,6,8148,卖盘
1470,10:49:56,13.6,0.01,40,54400,买盘
1471,10:49:51,13.59,0.02,6,8154,中性盘
1472,10:49:45,13.57,-0.03,5,6785,卖盘
1473,10:49:40,13.6,--,0,0,买盘
1474,10:49:35,13.6,0.04,59,80240,买盘
1475,10:49:30,13.56,--,6,8136,卖盘
1476,10:49:20,13.56,--,3,4068,卖盘
1477,10:49:15,13.56,0.01,15,20340,买盘
1478,10:49:10,13.55,--,113,153115,卖盘
1479,10:49:06,13.55,-0.01,5,6775,卖盘
1480,10:49:00,13.56,--,8,10848,买盘
1481,10:48:55,13.56,--,78,105768,卖盘
1482,10:48:45,13.56,--,17,23052,卖盘
1483,10:48:36,13.56,--,56,75936,卖盘
1484,10:48:20,13.56,-0.04,6,8136,卖盘
1485,10:48:15,13.6,0.04,76,103360,买盘
1486,10:48:06,13.56,-0.03,10,13560,卖盘
1487,10:48:00,13.59,--,5,6795,买盘
1488,10:47:45,13.59,-0.01,3,4077,卖盘
1489,10:47:40,13.6,-0.01,12,16320,卖盘
1490,10:47:35,13.61,0.01,51,69411,买盘
1491,10:47:30,13.6,-0.01,6,8160,卖盘
1492,10:47:25,13.61,--,4,5444,卖盘
1493,10:47:15,13.61,--,12,16332,卖盘
1494,10:47:09,13.61,--,31,42191,卖盘
1495,10:47:05,13.61,-0.01,35,47635,卖盘
1496,10:47:00,13.62,0.01,7,9534,中性盘
1497,10:46:55,13.61,--,0,0,卖盘
1498,10:46:40,13.61,0.02,102,138822,买盘
1499,10:46:30,13.59,0.01,3,4077,中性盘
1500,10:46:25,13.58,-0.02,8,10864,卖盘
1501,10:46:20,13.6,0.02,13,17680,买盘
1502,10:46:10,13.58,0.02,8,10864,中性盘
1503,10:46:05,13.56,--,40,54240,卖盘
1504,10:45:54,13.56,--,5,6780,买盘
1505,10:45:50,13.56,--,1,1356,卖盘
1506,10:45:39,13.56,-0.04,157,212892,卖盘
1507,10:45:35,13.6,--,16,21760,卖盘
1508,10:45:30,13.6,-0.01,4,5440,中性盘
1509,10:45:24,13.61,--,24,32664,买盘
1510,10:45:20,13.61,0.01,20,27220,买盘
1511,10:45:15,13.6,--,2,2720,卖盘
1512,10:45:09,13.6,--,126,171360,卖盘
1513,10:45:00,13.6,-0.01,5,6800,卖盘
1514,10:44:54,13.61,0.01,4,5444,卖盘
1515,10:44:50,13.6,--,2,2720,卖盘
1516,10:44:45,13.6,-0.01,24,32640,卖盘
1517,10:44:39,13.61,--,179,243619,卖盘
1518,10:44:29,13.61,--,9,12249,卖盘
1519,10:44:24,13.61,-0.01,13,17693,卖盘
1520,10:44:20,13.62,--,26,35412,卖盘
1521,10:44:14,13.62,--,5,6810,卖盘
1522,10:44:05,13.62,--,0,0,卖盘
1523,10:43:59,13.62,--,21,28602,卖盘
1524,10:43:44,13.62,-0.01,20,27240,卖盘
1525,10:43:39,13.63,0.01,52,70876,中性盘
1526,10:43:35,13.62,--,5,6810,卖盘
1527,10:43:29,13.62,-0.02,13,17706,卖盘
1528,10:43:24,13.64,0.02,45,61380,买盘
1529,10:43:20,13.62,0.01,3,4085,卖盘
1530,10:43:14,13.61,-0.02,100,136100,卖盘
1531,10:43:09,13.63,-0.01,14,19082,中性盘
1532,10:42:59,13.64,--,3,4092,买盘
1533,10:42:54,13.64,-0.01,10,13640,卖盘
1534,10:42:49,13.65,-0.03,22,30030,卖盘
1535,10:42:45,13.68,--,70,95760,买盘
1536,10:42:39,13.68,0.02,50,68400,买盘
1537,10:42:35,13.66,--,0,0,中性盘
1538,10:42:29,13.66,-0.01,16,21856,卖盘
1539,10:42:24,13.67,--,23,31441,卖盘
1540,10:42:19,13.67,-0.01,4,5468,卖盘
1541,10:42:15,13.68,--,23,31464,买盘
1542,10:42:09,13.68,0.03,31,42408,买盘
1543,10:41:59,13.65,--,0,0,卖盘
1544,10:41:54,13.65,-0.02,10,13650,卖盘
1545,10:41:50,13.67,-0.01,7,9569,中性盘
1546,10:41:44,13.68,--,73,99864,买盘
1547,10:41:39,13.68,0.03,50,68400,买盘
1548,10:41:29,13.65,-0.03,270,368550,卖盘
1549,10:41:24,13.68,0.01,20,27360,买盘
1550,10:41:19,13.67,--,20,27340,卖盘
1551,10:41:14,13.67,0.02,18,24606,买盘
1552,10:41:04,13.65,--,0,0,卖盘
1553,10:40:59,13.65,-0.03,20,27300,卖盘
1554,10:40:54,13.68,0.02,61,83448,买盘
1555,10:40:48,13.66,--,1,1366,卖盘
1556,10:40:45,13.66,0.01,101,137966,买盘
1557,10:40:39,13.65,--,284,387660,卖盘
1558,10:40:34,13.65,0.01,832,1135680,买盘
1559,10:40:29,13.64,--,9,12276,卖盘
1560,10:40:24,13.64,0.01,12,16368,买盘
1561,10:40:19,13.63,-0.01,10,13630,卖盘
1562,10:40:14,13.64,0.01,23,31372,买盘
1563,10:40:09,13.63,-0.01,24,32712,卖盘
1564,10:40:00,13.64,-0.01,19,25916,买盘
1565,10:39:49,13.65,--,0,0,买盘
1566,10:39:44,13.65,0.01,70,95550,买盘
1567,10:39:39,13.64,0.02,50,68200,买盘
1568,10:39:33,13.62,--,0,0,买盘
1569,10:39:24,13.62,--,0,0,中性盘
1570,10:39:19,13.62,-0.01,1,1362,中性盘
1571,10:39:14,13.63,--,10,13630,买盘
1572,10:39:04,13.63,-0.01,3,4089,买盘
1573,10:38:48,13.64,0.03,70,95480,买盘
1574,10:38:44,13.61,--,3,4083,卖盘
1575,10:38:39,13.61,0.02,72,97992,买盘
1576,10:38:33,13.59,--,24,32616,卖盘
1577,10:38:18,13.59,--,0,0,卖盘
1578,10:38:09,13.59,--,0,0,卖盘
1579,10:37:59,13.59,-0.01,8,10872,卖盘
1580,10:37:48,13.6,--,79,107440,卖盘
1581,10:37:44,13.6,--,0,0,卖盘
1582,10:37:39,13.6,0.02,56,76160,买盘
1583,10:37:33,13.58,--,16,21728,卖盘
1584,10:37:29,13.58,--,67,90986,卖盘
1585,10:37:23,13.58,-0.02,1,1358,卖盘
1586,10:37:18,13.6,0.02,30,40800,买盘
1587,10:37:14,13.58,--,12,16296,买盘
1588,10:37:09,13.58,--,2,2716,买盘
1589,10:37:03,13.58,-0.02,24,32592,卖盘
1590,10:36:53,13.6,-0.03,2,2720,买盘
1591,10:36:48,13.63,0.03,74,100862,买盘
1592,10:36:38,13.6,--,55,74800,买盘
1593,10:36:33,13.6,--,10,13600,买盘
1594,10:36:28,13.6,--,3,4080,买盘
1595,10:36:18,13.6,--,0,0,中性盘
1596,10:36:14,13.6,--,5,6800,买盘
1597,10:36:08,13.6,--,6,8160,买盘
1598,10:36:03,13.6,--,4,5440,买盘
1599,10:35:54,13.6,--,17,23120,卖盘
1600,10:35:48,13.6,-0.01,122,165920,卖盘
1601,10:35:44,13.61,0.01,114,155154,买盘
1602,10:35:38,13.6,--,76,103360,卖盘
1603,10:35:23,13.6,-0.02,37,50320,卖盘
1604,10:35:14,13.62,--,2,2724,买盘
1605,10:35:03,13.62,--,4,5448,卖盘
1606,10:34:58,13.62,--,14,19068,卖盘
1607,10:34:53,13.62,-0.02,43,58566,卖盘
1608,10:34:48,13.64,--,104,141856,买盘
1609,10:34:38,13.64,--,70,95480,买盘
1610,10:34:33,13.64,--,10,13640,卖盘
1611,10:34:29,13.64,--,36,49104,卖盘
1612,10:34:23,13.64,-0.01,96,130944,卖盘
1613,10:34:18,13.65,--,123,167895,买盘
1614,10:34:13,13.65,--,10,13650,买盘
1615,10:34:08,13.65,-0.01,120,163800,卖盘
1616,10:34:03,13.66,--,41,56006,卖盘
1617,10:33:58,13.66,-0.01,80,109280,卖盘
1618,10:33:53,13.67,--,49,66983,卖盘
1619,10:33:48,13.67,0.01,141,192747,买盘
1620,10:33:38,13.66,-0.01,71,96986,卖盘
1621,10:33:33,13.67,0.01,2,2734,买盘
1622,10:33:28,13.66,0.01,10,13660,买盘
1623,10:33:18,13.65,-0.02,2,2730,中性盘
1624,10:33:13,13.67,0.03,6,8202,买盘
1625,10:33:03,13.64,--,9,12276,卖盘
1626,10:32:58,13.64,0.03,28,38192,买盘
1627,10:32:53,13.61,--,159,216399,买盘
1628,10:32:48,13.61,--,298,405578,卖盘
1629,10:32:43,13.61,--,23,31303,卖盘
1630,10:32:38,13.61,--,68,92548,卖盘
1631,10:32:33,13.61,0.01,80,108880,买盘
1632,10:32:28,13.6,--,28,38080,卖盘
1633,10:32:23,13.6,--,162,220320,卖盘
1634,10:32:18,13.6,--,246,334560,买盘
1635,10:32:13,13.6,0.02,100,136000,买盘
1636,10:32:08,13.58,--,0,0,中性盘
1637,10:32:03,13.58,0.01,10,13580,买盘
1638,10:31:57,13.57,--,491,666287,买盘
1639,10:31:53,13.57,0.02,20,27140,买盘
1640,10:31:48,13.55,-0.02,10,13550,卖盘
1641,10:31:42,13.57,--,18,24426,买盘
1642,10:31:38,13.57,0.03,50,67850,买盘
1643,10:31:33,13.54,--,3,4061,买盘
1644,10:31:27,13.54,--,54,73116,卖盘
1645,10:31:23,13.54,-0.01,10,13540,卖盘
1646,10:31:18,13.55,0.01,315,426825,买盘
1647,10:31:12,13.54,0.01,31,41974,买盘
1648,10:31:08,13.53,-0.01,175,236775,卖盘
1649,10:31:03,13.54,-0.03,59,79886,卖盘
1650,10:30:57,13.57,0.03,12,16284,买盘
1651,10:30:53,13.54,--,69,93426,卖盘
1652,10:30:47,13.54,-0.03,24,32495,卖盘
1653,10:30:38,13.57,0.04,51,69207,买盘
1654,10:30:32,13.53,--,0,0,卖盘
1655,10:30:27,13.53,-0.03,3,4059,卖盘
1656,10:30:23,13.56,--,2,2712,买盘
1657,10:30:17,13.56,-0.01,10,13560,买盘
1658,10:30:12,13.57,--,410,556370,买盘
1659,10:30:02,13.57,--,16,21712,买盘
1660,10:29:57,13.57,--,48,65136,买盘
1661,10:29:53,13.57,--,7,9499,卖盘
1662,10:29:47,13.57,-0.02,118,160126,卖盘
1663,10:29:42,13.59,0.02,5,6795,卖盘
1664,10:29:38,13.57,--,1,1357,卖盘
1665,10:29:32,13.57,--,118,160126,卖盘
1666,10:29:27,13.57,-0.01,18,24426,卖盘
1667,10:29:23,13.58,--,18,24444,买盘
1668,10:29:17,13.58,--,10,13580,买盘
1669,10:29:12,13.58,-0.01,40,54320,卖盘
1670,10:29:02,13.59,--,13,17667,卖盘
1671,10:28:57,13.59,-0.01,40,54360,卖盘
1672,10:28:53,13.6,--,28,38080,卖盘
1673,10:28:47,13.6,--,32,43520,卖盘
1674,10:28:42,13.6,--,107,145520,卖盘
1675,10:28:38,13.6,-0.01,267,363120,卖盘
1676,10:28:32,13.61,--,62,84382,卖盘
1677,10:28:27,13.61,-0.01,94,127934,卖盘
1678,10:28:17,13.62,0.01,18,24516,中性盘
1679,10:28:12,13.61,-0.02,61,83021,卖盘
1680,10:28:02,13.63,-0.05,15,20445,卖盘
1681,10:27:57,13.68,0.06,8,10944,买盘
1682,10:27:47,13.62,--,0,0,卖盘
1683,10:27:42,13.62,-0.06,15,20430,卖盘
1684,10:27:38,13.68,0.06,50,68400,买盘
1685,10:27:32,13.62,--,19,25878,卖盘
1686,10:27:26,13.62,-0.06,4,5448,中性盘
1687,10:27:23,13.68,0.06,57,77976,买盘
1688,10:27:17,13.62,-0.07,1,1362,卖盘
1689,10:27:08,13.69,--,0,0,买盘
1690,10:27:02,13.69,--,108,147852,买盘
1691,10:26:57,13.69,--,42,57498,买盘
1692,10:26:47,13.69,--,31,42439,卖盘
1693,10:26:42,13.69,--,9,12321,卖盘
1694,10:26:37,13.69,0.08,10,13690,买盘
1695,10:26:32,13.61,-0.06,30,40830,卖盘
1696,10:26:27,13.67,0.07,10,13670,买盘
1697,10:26:17,13.6,--,34,46240,卖盘
1698,10:26:07,13.6,--,18,24480,买盘
1699,10:26:02,13.6,--,130,176800,买盘
1700,10:25:57,13.6,--,35,47600,买盘
1701,10:25:47,13.6,--,33,44880,买盘
1702,10:25:42,13.6,0.01,50,68000,买盘
1703,10:25:36,13.59,-0.01,81,110079,卖盘
1704,10:25:32,13.6,--,625,850000,买盘
1705,10:25:21,13.6,--,1,1360,买盘
1706,10:25:17,13.6,-0.1,1035,1407600,卖盘
1707,10:25:12,13.7,--,10,13700,买盘
1708,10:25:02,13.7,-0.01,16,21920,卖盘
1709,10:24:51,13.71,0.01,5,6855,买盘
1710,10:24:47,13.7,-0.01,1,1370,卖盘
1711,10:24:42,13.71,--,6,8226,卖盘
1712,10:24:36,13.71,-0.02,56,76776,卖盘
1713,10:24:27,13.73,0.02,22,30206,买盘
1714,10:24:21,13.71,-0.02,86,117906,卖盘
1715,10:24:11,13.73,--,8,10984,买盘
1716,10:24:06,13.73,0.01,15,20595,买盘
1717,10:24:02,13.72,--,25,34300,买盘
1718,10:23:56,13.72,-0.01,6,8232,买盘
1719,10:23:51,13.73,--,15,20595,买盘
1720,10:23:47,13.73,-0.01,12,16476,买盘
1721,10:23:41,13.74,--,50,68700,买盘
1722,10:23:36,13.74,0.01,139,190986,买盘
1723,10:23:26,13.73,--,1,1373,买盘
1724,10:23:21,13.73,0.01,53,72769,买盘
1725,10:23:17,13.72,--,8,10976,卖盘
1726,10:23:06,13.72,--,167,229124,买盘
1727,10:22:56,13.72,--,64,87808,买盘
1728,10:22:51,13.72,--,45,61740,买盘
1729,10:22:46,13.72,0.01,3,4116,买盘
1730,10:22:41,13.71,-0.02,41,56211,卖盘
1731,10:22:36,13.73,0.02,57,78261,买盘
1732,10:22:26,13.71,--,59,80889,卖盘
1733,10:22:21,13.71,0.02,296,405816,买盘
1734,10:22:11,13.69,--,10,13690,买盘
1735,10:22:06,13.69,--,15,20535,卖盘
1736,10:22:01,13.69,--,5,6845,卖盘
1737,10:21:56,13.69,-0.01,40,54760,卖盘
1738,10:21:46,13.7,--,7,9590,买盘
1739,10:21:41,13.7,--,2,2740,买盘
1740,10:21:36,13.7,--,235,321950,卖盘
1741,10:21:32,13.7,--,10,13700,卖盘
1742,10:21:26,13.7,--,6,8220,卖盘
1743,10:21:21,13.7,-0.01,61,83570,卖盘
1744,10:21:17,13.71,--,70,95970,买盘
1745,10:21:02,13.71,-0.01,8,10968,卖盘
1746,10:20:56,13.72,--,98,134456,买盘
1747,10:20:51,13.72,--,63,86436,买盘
1748,10:20:46,13.72,--,42,57624,买盘
1749,10:20:41,13.72,-0.01,84,115248,卖盘
1750,10:20:36,13.73,0.01,66,90618,买盘
1751,10:20:26,13.72,--,0,0,卖盘
1752,10:20:21,13.72,-0.02,53,72716,卖盘
1753,10:20:16,13.74,0.02,8,10992,买盘
1754,10:20:11,13.72,-0.02,10,13720,卖盘
1755,10:20:06,13.74,--,37,50838,买盘
1756,10:20:01,13.74,0.02,50,68700,买盘
1757,10:19:56,13.72,-0.01,67,91924,卖盘
1758,10:19:51,13.73,0.01,192,263616,买盘
1759,10:19:46,13.72,--,26,35672,卖盘
1760,10:19:41,13.72,--,32,43904,买盘
1761,10:19:36,13.72,--,56,76832,买盘
1762,10:19:31,13.72,--,9,12348,买盘
1763,10:19:26,13.72,--,14,19208,买盘
1764,10:19:21,13.72,0.02,66,90552,买盘
1765,10:19:11,13.7,-0.01,3,4110,中性盘
1766,10:19:06,13.71,0.03,48,65808,买盘
1767,10:19:01,13.68,-0.02,41,56088,卖盘
1768,10:18:56,13.7,0.02,46,63020,买盘
1769,10:18:51,13.68,--,17,23256,卖盘
1770,10:18:41,13.68,0.01,146,199728,买盘
1771,10:18:36,13.67,--,3,4101,买盘
1772,10:18:30,13.67,--,6,8202,卖盘
1773,10:18:26,13.67,0.01,3,4101,中性盘
1774,10:18:21,13.66,0.01,125,170750,中性盘
1775,10:18:15,13.65,-0.01,50,68250,卖盘
1776,10:18:11,13.66,--,229,312814,买盘
1777,10:18:00,13.66,0.01,43,58738,买盘
1778,10:17:56,13.65,-0.01,7,9555,卖盘
1779,10:17:51,13.66,0.01,30,40980,买盘
1780,10:17:41,13.65,--,11,15015,卖盘
1781,10:17:36,13.65,--,5,6825,买盘
1782,10:17:30,13.65,--,8,10920,买盘
1783,10:17:26,13.65,--,5,6825,买盘
1784,10:17:21,13.65,0.03,32,43680,买盘
1785,10:17:15,13.62,0.01,7,9534,卖盘
1786,10:17:11,13.61,-0.04,46,62606,卖盘
1787,10:17:05,13.65,0.04,6,8190,买盘
1788,10:17:00,13.61,--,0,0,卖盘
1789,10:16:55,13.61,-0.04,12,16332,卖盘
1790,10:16:50,13.65,--,184,251160,卖盘
1791,10:16:45,13.65,0.03,1001,1367388,买盘
1792,10:16:40,13.62,--,2,2724,买盘
1793,10:16:35,13.62,--,35,47670,买盘
1794,10:16:30,13.62,--,40,54480,买盘
1795,10:16:25,13.62,--,28,38136,买盘
1796,10:16:20,13.62,0.01,2,2724,买盘
1797,10:16:15,13.61,-0.02,65,88465,卖盘
1798,10:16:10,13.63,--,0,0,买盘
1799,10:16:05,13.63,0.03,9,12267,买盘
1800,10:16:00,13.6,-0.03,138,187680,卖盘
1801,10:15:56,13.63,--,6,8178,卖盘
1802,10:15:50,13.63,-0.01,33,44979,卖盘
1803,10:15:45,13.64,-0.01,32,43648,卖盘
1804,10:15:40,13.65,--,6,8190,买盘
1805,10:15:35,13.65,--,15,20475,买盘
1806,10:15:30,13.65,-0.02,31,42315,卖盘
1807,10:15:25,13.67,0.02,15,20505,买盘
1808,10:15:20,13.65,-0.01,20,27300,卖盘
1809,10:15:15,13.66,--,10,13660,卖盘
1810,10:15:10,13.66,0.01,12,16392,买盘
1811,10:15:05,13.65,-0.01,48,65520,卖盘
1812,10:15:00,13.66,0.01,13,17758,买盘
1813,10:14:55,13.65,--,22,30030,卖盘
1814,10:14:50,13.65,-0.01,45,61425,卖盘
1815,10:14:45,13.66,0.01,126,172116,买盘
1816,10:14:35,13.65,--,100,136500,卖盘
1817,10:14:30,13.65,-0.04,236,322140,卖盘
1818,10:14:25,13.69,0.01,23,31487,买盘
1819,10:14:20,13.68,-0.01,84,114912,卖盘
1820,10:14:15,13.69,-0.02,2,2738,中性盘
1821,10:14:10,13.71,0.01,167,228957,买盘
1822,10:14:05,13.7,-0.02,610,835700,卖盘
1823,10:14:00,13.72,0.01,31,42532,买盘
1824,10:13:55,13.71,-0.01,169,231699,卖盘
1825,10:13:50,13.72,-0.01,156,214375,卖盘
1826,10:13:45,13.73,0.02,17,24370,买盘
1827,10:13:40,13.71,-0.01,58,79860,卖盘
1828,10:13:35,13.72,-0.01,78,107016,卖盘
1829,10:13:30,13.73,0.01,87,119451,买盘
1830,10:13:25,13.72,-0.01,4,5488,卖盘
1831,10:13:20,13.73,--,58,79634,买盘
1832,10:13:15,13.73,0.02,81,112242,买盘
1833,10:13:10,13.71,-0.01,7,9597,卖盘
1834,10:13:05,13.72,--,15,20580,买盘
1835,10:13:00,13.72,0.01,76,104272,买盘
1836,10:12:50,13.71,0.01,89,122019,买盘
1837,10:12:45,13.7,--,88,120560,买盘
1838,10:12:35,13.7,--,61,83912,卖盘
1839,10:12:30,13.7,--,5,6850,卖盘
1840,10:12:20,13.7,0.05,579,794257,买盘
1841,10:12:15,13.65,--,8,10920,买盘
1842,10:12:10,13.65,0.01,7,9555,中性盘
1843,10:12:05,13.64,-0.02,21,28644,卖盘
1844,10:12:00,13.66,0.01,25,34150,买盘
1845,10:11:54,13.65,--,48,65520,买盘
1846,10:11:50,13.65,-0.04,8,10920,卖盘
1847,10:11:45,13.69,0.03,48,65712,买盘
1848,10:11:35,13.66,-0.03,48,65568,卖盘
1849,10:11:30,13.69,-0.01,2,2738,买盘
1850,10:11:15,13.7,--,32,43840,买盘
1851,10:11:09,13.7,--,2,2740,买盘
1852,10:11:05,13.7,--,285,390792,卖盘
1853,10:11:00,13.7,--,10,13700,卖盘
1854,10:10:54,13.7,--,3,4110,卖盘
1855,10:10:50,13.7,0.05,796,1090520,买盘
1856,10:10:45,13.65,--,3,4095,买盘
1857,10:10:39,13.65,-0.01,1,1365,买盘
1858,10:10:35,13.66,-0.01,55,75130,中性盘
1859,10:10:30,13.67,0.01,120,164040,买盘
1860,10:10:24,13.66,--,17,23222,买盘
1861,10:10:20,13.66,0.01,10,13660,买盘
1862,10:10:14,13.65,-0.01,58,79170,卖盘
1863,10:10:09,13.66,--,15,20490,买盘
1864,10:09:54,13.66,0.02,281,383846,买盘
1865,10:09:49,13.64,--,57,77748,卖盘
1866,10:09:44,13.64,--,13,17732,卖盘
1867,10:09:39,13.64,--,29,39556,卖盘
1868,10:09:35,13.64,--,15,20460,卖盘
1869,10:09:29,13.64,--,32,44671,买盘
1870,10:09:14,13.64,-0.02,267,364529,卖盘
1871,10:09:09,13.66,0.01,30,40980,买盘
1872,10:09:04,13.65,--,43,58695,买盘
1873,10:08:58,13.65,0.01,56,76440,买盘
1874,10:08:54,13.64,-0.01,5,6820,卖盘
1875,10:08:49,13.65,0.01,1,1365,买盘
1876,10:08:39,13.64,0.01,52,71951,中性盘
1877,10:08:29,13.63,--,7,9541,卖盘
1878,10:08:24,13.63,-0.02,29,39527,卖盘
1879,10:08:14,13.65,0.02,60,81900,买盘
1880,10:08:09,13.63,-0.02,1,1363,卖盘
1881,10:08:04,13.65,0.02,43,58695,买盘
1882,10:07:59,13.63,-0.02,10,13630,卖盘
1883,10:07:54,13.65,0.03,60,81900,买盘
1884,10:07:49,13.62,--,0,0,卖盘
1885,10:07:44,13.62,-0.01,17,23154,卖盘
1886,10:07:39,13.63,--,35,47705,卖盘
1887,10:07:34,13.63,--,5,6815,卖盘
1888,10:07:29,13.63,--,18,24534,卖盘
1889,10:07:24,13.63,-0.01,23,31349,卖盘
1890,10:07:14,13.64,0.01,4,5456,买盘
1891,10:07:09,13.63,0.01,48,65424,买盘
1892,10:07:04,13.62,-0.01,11,14982,卖盘
1893,10:06:59,13.63,-0.01,15,20445,买盘
1894,10:06:54,13.64,--,0,0,买盘
1895,10:06:49,13.64,--,1,1364,买盘
1896,10:06:44,13.64,0.02,29,39556,买盘
1897,10:06:39,13.62,-0.01,23,31326,卖盘
1898,10:06:34,13.63,--,4,5452,卖盘
1899,10:06:29,13.63,--,22,29986,卖盘
1900,10:06:24,13.63,0.01,38,51794,买盘
1901,10:06:14,13.62,--,8,10896,买盘
1902,10:06:09,13.62,-0.01,111,151182,卖盘
1903,10:06:04,13.63,--,15,20445,卖盘
1904,10:05:59,13.63,--,50,68150,买盘
1905,10:05:49,13.63,--,14,19082,买盘
1906,10:05:44,13.63,-0.02,3,4089,中性盘
1907,10:05:39,13.65,0.02,390,532350,买盘
1908,10:05:34,13.63,--,13,17719,卖盘
1909,10:05:29,13.63,-0.01,187,254881,卖盘
1910,10:05:24,13.64,--,1,1364,卖盘
1911,10:05:19,13.64,--,235,320540,卖盘
1912,10:05:14,13.64,0.01,227,309628,买盘
1913,10:05:09,13.63,--,82,111766,买盘
1914,10:05:04,13.63,--,21,28623,买盘
1915,10:04:59,13.63,--,4,5452,买盘
1916,10:04:54,13.63,0.02,11,14993,买盘
1917,10:04:49,13.61,--,18,24498,卖盘
1918,10:04:44,13.61,-0.02,2,2722,卖盘
1919,10:04:39,13.63,0.02,14,19082,买盘
1920,10:04:24,13.61,0.03,51,70241,买盘
1921,10:04:14,13.58,0.01,19,25802,买盘
1922,10:04:09,13.57,-0.03,18,24426,卖盘
1923,10:03:59,13.6,--,133,182090,买盘
1924,10:03:54,13.6,--,10,13600,买盘
1925,10:03:48,13.6,0.02,183,248880,买盘
1926,10:03:38,13.58,--,2,2716,卖盘
1927,10:03:33,13.58,--,10,13580,卖盘
1928,10:03:29,13.58,0.01,27,36815,买盘
1929,10:03:22,13.57,--,235,318895,卖盘
1930,10:03:18,13.57,--,52,70564,卖盘
1931,10:03:14,13.57,-0.03,63,85491,卖盘
1932,10:03:08,13.6,0.03,71,96560,买盘
1933,10:02:59,13.57,--,10,13570,卖盘
1934,10:02:53,13.57,--,59,80063,买盘
1935,10:02:48,13.57,0.01,1,1357,买盘
1936,10:02:43,13.56,-0.01,9,12204,卖盘
1937,10:02:38,13.57,0.01,13,17641,买盘
1938,10:02:18,13.56,-0.01,4,5424,卖盘
1939,10:02:14,13.57,--,1,1357,卖盘
1940,10:02:08,13.57,0.02,2,2714,买盘
1941,10:01:58,13.55,--,0,0,卖盘
1942,10:01:53,13.55,--,44,59620,卖盘
1943,10:01:48,13.55,--,10,13550,卖盘
1944,10:01:43,13.55,-0.02,5,6775,卖盘
1945,10:01:38,13.57,--,10,13570,买盘
1946,10:01:32,13.57,0.02,13,17641,买盘
1947,10:01:28,13.55,-0.03,10,13550,卖盘
1948,10:01:23,13.58,0.02,28,38024,卖盘
1949,10:01:18,13.56,-0.03,300,406800,卖盘
1950,10:01:13,13.59,0.01,31,42129,买盘
1951,10:01:08,13.58,--,7,9506,卖盘
1952,10:01:03,13.58,--,10,13580,卖盘
1953,10:00:58,13.58,--,0,0,中性盘
1954,10:00:53,13.58,0.01,6,8148,买盘
1955,10:00:48,13.57,-0.02,11,14927,卖盘
1956,10:00:38,13.59,0.01,144,195696,买盘
1957,10:00:33,13.58,0.02,36,48888,卖盘
1958,10:00:23,13.56,-0.04,15,20340,卖盘
1959,10:00:18,13.6,--,88,119680,买盘
1960,10:00:13,13.6,--,0,0,买盘
1961,10:00:08,13.6,0.03,100,136000,买盘
1962,10:00:03,13.57,-0.03,9,12213,卖盘
1963,09:59:58,13.6,0.02,25,34000,买盘
1964,09:59:53,13.58,-0.02,26,35308,卖盘
1965,09:59:48,13.6,--,13,17680,买盘
1966,09:59:43,13.6,--,1,1360,买盘
1967,09:59:38,13.6,--,359,488920,卖盘
1968,09:59:33,13.6,-0.01,22,29920,卖盘
1969,09:59:28,13.61,0.01,9,12249,中性盘
1970,09:59:23,13.6,--,202,275400,卖盘
1971,09:59:18,13.6,--,2,2720,卖盘
1972,09:59:13,13.6,-0.04,1,1360,卖盘
1973,09:59:08,13.64,0.02,103,140492,买盘
1974,09:59:03,13.62,-0.02,4,5448,中性盘
1975,09:58:58,13.64,0.04,16,21824,买盘
1976,09:58:53,13.6,-0.04,26,35360,卖盘
1977,09:58:48,13.64,--,4,5456,买盘
1978,09:58:38,13.64,--,319,435116,买盘
1979,09:58:33,13.64,--,94,128216,卖盘
1980,09:58:28,13.64,-0.01,31,42284,卖盘
1981,09:58:23,13.65,0.01,119,162435,买盘
1982,09:58:18,13.64,-0.01,14,19096,卖盘
1983,09:58:13,13.65,--,30,40950,买盘
1984,09:58:08,13.65,--,4,5460,买盘
1985,09:58:03,13.65,--,9,12285,买盘
1986,09:57:53,13.65,0.03,106,144690,买盘
1987,09:57:48,13.62,--,90,122580,卖盘
1988,09:57:43,13.62,--,30,40860,卖盘
1989,09:57:38,13.62,0.01,31,42222,中性盘
1990,09:57:33,13.61,--,169,230009,卖盘
1991,09:57:28,13.61,-0.01,45,61245,卖盘
1992,09:57:23,13.62,--,19,25878,买盘
1993,09:57:18,13.62,--,237,322794,卖盘
1994,09:57:13,13.62,--,11,14982,卖盘
1995,09:57:08,13.62,--,96,130751,买盘
1996,09:57:03,13.62,0.01,131,178422,买盘
1997,09:56:58,13.61,--,60,81660,买盘
1998,09:56:53,13.61,--,41,55801,卖盘
1999,09:56:48,13.61,--,27,36747,卖盘
2000,09:56:43,13.61,--,27,36747,卖盘
2001,09:56:37,13.61,--,10,13610,卖盘
2002,09:56:32,13.61,0.01,151,205511,买盘
2003,09:56:27,13.6,--,4,5440,卖盘
2004,09:56:23,13.6,--,637,866320,买盘
2005,09:56:17,13.6,--,93,126480,买盘
2006,09:56:07,13.6,--,137,186320,买盘
2007,09:56:02,13.6,-0.03,418,568480,卖盘
2008,09:55:57,13.63,0.01,24,32712,买盘
2009,09:55:53,13.62,--,159,216558,卖盘
2010,09:55:47,13.62,-0.01,3,4085,卖盘
2011,09:55:38,13.63,-0.01,92,125396,卖盘
2012,09:55:32,13.64,0.01,27,36828,中性盘
2013,09:55:27,13.63,-0.02,16,21808,卖盘
2014,09:55:22,13.65,0.01,30,40950,买盘
2015,09:55:17,13.64,-0.02,124,169136,卖盘
2016,09:55:12,13.66,-0.02,3,4098,买盘
2017,09:55:08,13.68,--,395,540360,买盘
2018,09:55:02,13.68,--,40,54720,买盘
2019,09:54:53,13.68,--,50,68400,买盘
2020,09:54:47,13.68,--,188,257184,买盘
2021,09:54:42,13.68,--,40,54720,卖盘
2022,09:54:38,13.68,--,127,173736,卖盘
2023,09:54:32,13.68,--,126,172368,买盘
2024,09:54:27,13.68,--,173,236664,买盘
2025,09:54:22,13.68,--,13,17784,买盘
2026,09:54:17,13.68,--,198,270864,买盘
2027,09:54:12,13.68,--,63,86184,买盘
2028,09:54:07,13.68,0.01,51,69768,买盘
2029,09:54:02,13.67,0.01,44,60148,中性盘
2030,09:53:57,13.66,--,81,110646,卖盘
2031,09:53:52,13.66,--,63,86058,卖盘
2032,09:53:47,13.66,0.01,227,310082,买盘
2033,09:53:42,13.65,--,132,180180,卖盘
2034,09:53:37,13.65,-0.01,63,85995,卖盘
2035,09:53:32,13.66,0.01,38,51908,买盘
2036,09:53:27,13.65,-0.01,186,253890,卖盘
2037,09:53:22,13.66,0.01,30,40980,买盘
2038,09:53:17,13.65,0.02,92,125580,买盘
2039,09:53:12,13.63,-0.02,30,40890,卖盘
2040,09:53:07,13.65,0.01,6,8190,买盘
2041,09:53:02,13.64,0.01,25,34100,买盘
2042,09:52:57,13.63,0.02,90,122670,买盘
2043,09:52:52,13.61,--,0,0,中性盘
2044,09:52:47,13.61,0.01,52,70772,买盘
2045,09:52:42,13.6,--,43,58480,买盘
2046,09:52:37,13.6,--,97,131920,买盘
2047,09:52:32,13.6,--,127,172720,买盘
2048,09:52:27,13.6,0.02,59,80240,买盘
2049,09:52:22,13.58,--,57,77406,卖盘
2050,09:52:17,13.58,-0.02,32,43456,中性盘
2051,09:52:12,13.6,0.06,410,557600,买盘
2052,09:52:07,13.54,-0.03,119,161126,卖盘
2053,09:52:02,13.57,--,5,6785,卖盘
2054,09:51:57,13.57,0.01,294,398958,买盘
2055,09:51:52,13.56,-0.01,168,227808,卖盘
2056,09:51:47,13.57,0.01,168,227976,买盘
2057,09:51:42,13.56,-0.01,82,111192,卖盘
2058,09:51:37,13.57,0.01,58,78706,买盘
2059,09:51:32,13.56,--,42,56952,卖盘
2060,09:51:27,13.56,--,19,25764,卖盘
2061,09:51:17,13.56,--,28,37968,买盘
2062,09:51:12,13.56,0.03,41,55596,买盘
2063,09:51:02,13.53,-0.01,69,93357,卖盘
2064,09:50:57,13.54,-0.04,3,4061,卖盘
2065,09:50:52,13.58,0.05,205,278390,买盘
2066,09:50:47,13.53,-0.01,181,244893,卖盘
2067,09:50:42,13.54,--,72,97488,买盘
2068,09:50:37,13.54,--,48,64991,卖盘
2069,09:50:32,13.54,--,91,123213,卖盘
2070,09:50:27,13.54,--,46,62283,卖盘
2071,09:50:22,13.54,0.01,103,139462,卖盘
2072,09:50:17,13.53,0.03,174,235422,买盘
2073,09:50:11,13.5,-0.04,71,95850,卖盘
2074,09:50:02,13.54,--,0,0,买盘
2075,09:49:57,13.54,--,34,46036,买盘
2076,09:49:52,13.54,0.03,9,12186,买盘
2077,09:49:46,13.51,--,35,47285,买盘
2078,09:49:41,13.51,-0.03,14,18914,卖盘
2079,09:49:37,13.54,--,14,18956,买盘
2080,09:49:31,13.54,--,100,135400,卖盘
2081,09:49:17,13.54,0.05,909,1230786,买盘
2082,09:49:11,13.49,0.04,412,555788,买盘
2083,09:49:01,13.45,0.05,33,44385,买盘
2084,09:48:56,13.4,0.05,363,486420,买盘
2085,09:48:51,13.35,--,0,0,卖盘
2086,09:48:46,13.35,0.01,134,178890,卖盘
2087,09:48:41,13.34,--,0,0,卖盘
2088,09:48:31,13.34,0.01,125,166750,买盘
2089,09:48:26,13.33,0.03,6,7998,买盘
2090,09:48:21,13.3,-0.03,26,34580,卖盘
2091,09:48:17,13.33,--,150,199950,买盘
2092,09:48:11,13.33,0.03,4,5332,中性盘
2093,09:48:06,13.3,-0.04,30,39900,卖盘
2094,09:48:01,13.34,--,19,25346,卖盘
2095,09:47:56,13.34,-0.01,13,17342,卖盘
2096,09:47:51,13.35,--,51,68085,买盘
2097,09:47:41,13.35,-0.04,44,58740,卖盘
2098,09:47:36,13.39,--,10,13390,买盘
2099,09:47:32,13.39,-0.01,13,17407,卖盘
2100,09:47:26,13.4,0.01,5,6700,买盘
2101,09:47:21,13.39,-0.01,1,1339,卖盘
2102,09:47:16,13.4,0.04,150,201000,买盘
2103,09:47:11,13.36,-0.04,30,40080,卖盘
2104,09:47:06,13.4,--,45,60300,卖盘
2105,09:47:01,13.4,-0.01,19,25460,卖盘
2106,09:46:56,13.41,0.01,706,946746,买盘
2107,09:46:51,13.4,--,89,119260,卖盘
2108,09:46:41,13.4,-0.03,168,225120,卖盘
2109,09:46:36,13.43,0.02,40,53720,买盘
2110,09:46:31,13.41,--,106,142146,卖盘
2111,09:46:26,13.41,0.01,33,44253,中性盘
2112,09:46:21,13.4,--,172,230480,卖盘
2113,09:46:16,13.4,--,20,26800,卖盘
2114,09:46:11,13.4,--,5,6700,卖盘
2115,09:46:06,13.4,-0.01,11,14740,卖盘
2116,09:46:01,13.41,-0.02,35,46935,卖盘
2117,09:45:51,13.43,--,27,36261,买盘
2118,09:45:46,13.43,-0.04,207,278001,卖盘
2119,09:45:41,13.47,0.01,30,40410,买盘
2120,09:45:36,13.46,-0.01,12,16152,卖盘
2121,09:45:31,13.47,--,37,49839,买盘
2122,09:45:26,13.47,0.02,11,14817,中性盘
2123,09:45:21,13.45,--,139,186955,卖盘
2124,09:45:16,13.45,--,0,0,卖盘
2125,09:45:11,13.45,-0.02,718,965710,卖盘
2126,09:45:06,13.47,-0.01,5,6735,中性盘
2127,09:45:01,13.48,0.03,33,44484,买盘
2128,09:44:56,13.45,--,15,20175,买盘
2129,09:44:51,13.45,-0.01,8,10760,买盘
2130,09:44:46,13.46,0.02,25,33650,卖盘
2131,09:44:41,13.44,-0.03,45,60480,卖盘
2132,09:44:36,13.47,0.03,23,30981,买盘
2133,09:44:31,13.44,-0.03,16,21504,卖盘
2134,09:44:26,13.47,--,14,18858,买盘
2135,09:44:21,13.47,0.03,15,20205,中性盘
2136,09:44:16,13.44,0.03,68,91392,买盘
2137,09:44:11,13.41,-0.03,13,17433,卖盘
2138,09:44:06,13.44,0.03,82,110208,买盘
2139,09:44:01,13.41,0.01,5,6705,卖盘
2140,09:43:56,13.4,--,1,1340,卖盘
2141,09:43:51,13.4,--,20,26800,卖盘
2142,09:43:40,13.4,0.04,32,42880,买盘
2143,09:43:36,13.36,-0.02,51,68136,卖盘
2144,09:43:31,13.38,0.02,6,8028,买盘
2145,09:43:25,13.36,--,1,1336,卖盘
2146,09:43:21,13.36,--,20,26720,卖盘
2147,09:43:16,13.36,--,20,26720,卖盘
2148,09:43:10,13.36,0.01,181,241816,买盘
2149,09:43:05,13.35,--,21,28035,卖盘
2150,09:43:01,13.35,-0.01,9,12015,卖盘
2151,09:42:46,13.36,0.02,22,29392,买盘
2152,09:42:40,13.34,-0.01,23,30682,卖盘
2153,09:42:35,13.35,0.01,19,25365,买盘
2154,09:42:20,13.34,0.01,10,13340,中性盘
2155,09:42:15,13.33,0.06,2,2666,中性盘
2156,09:42:10,13.27,-0.06,21,27867,卖盘
2157,09:42:05,13.33,0.06,1,1333,买盘
2158,09:41:55,13.27,0.01,2,2654,中性盘
2159,09:41:50,13.26,-0.13,21,27846,卖盘
2160,09:41:45,13.39,--,0,0,买盘
2161,09:41:40,13.39,0.12,174,232986,买盘
2162,09:41:35,13.27,--,1,1327,买盘
2163,09:41:30,13.27,0.01,15,19905,买盘
2164,09:41:25,13.26,-0.01,27,35802,卖盘
2165,09:41:15,13.27,--,66,87582,买盘
2166,09:41:10,13.27,-0.02,139,184453,卖盘
2167,09:41:05,13.29,--,0,0,中性盘
2168,09:41:00,13.29,--,0,0,中性盘
2169,09:40:55,13.29,0.02,142,188718,中性盘
2170,09:40:50,13.27,0.01,18,23886,中性盘
2171,09:40:45,13.26,-0.07,5,6630,卖盘
2172,09:40:40,13.33,0.06,141,187953,买盘
2173,09:40:35,13.27,--,3,3981,买盘
2174,09:40:30,13.27,0.02,10,13270,买盘
2175,09:40:25,13.25,--,59,78175,买盘
2176,09:40:20,13.25,--,21,27825,卖盘
2177,09:40:15,13.25,0.02,39,51675,卖盘
2178,09:40:10,13.23,-0.02,92,121716,卖盘
2179,09:40:05,13.25,--,12,15900,卖盘
2180,09:40:00,13.25,0.02,59,78188,买盘
2181,09:39:55,13.23,0.01,24,31752,卖盘
2182,09:39:50,13.22,-0.01,177,233994,卖盘
2183,09:39:45,13.23,--,126,166698,买盘
2184,09:39:40,13.23,-0.02,31,41013,买盘
2185,09:39:35,13.25,0.02,59,78175,买盘
2186,09:39:30,13.23,-0.02,50,66150,卖盘
2187,09:39:25,13.25,0.03,2,2650,买盘
2188,09:39:20,13.22,-0.03,215,284230,卖盘
2189,09:39:15,13.25,0.03,337,446525,买盘
2190,09:39:10,13.22,-0.02,120,158640,卖盘
2191,09:39:05,13.24,0.02,128,169472,买盘
2192,09:39:00,13.22,-0.01,277,366326,卖盘
2193,09:38:55,13.23,--,6,7938,卖盘
2194,09:38:50,13.23,0.02,135,178605,买盘
2195,09:38:45,13.21,-0.01,159,210039,卖盘
2196,09:38:40,13.22,0.01,9,11898,中性盘
2197,09:38:35,13.21,-0.01,137,180977,卖盘
2198,09:38:30,13.22,-0.01,110,145420,卖盘
2199,09:38:25,13.23,0.01,6,7938,买盘
2200,09:38:20,13.22,--,80,105760,卖盘
2201,09:38:15,13.22,-0.01,25,33050,卖盘
2202,09:38:10,13.23,--,2,2646,卖盘
2203,09:38:05,13.23,-0.01,51,67473,买盘
2204,09:38:00,13.24,0.01,133,176092,买盘
2205,09:37:55,13.23,-0.02,17,22491,中性盘
2206,09:37:50,13.25,--,123,164167,买盘
2207,09:37:45,13.25,0.02,100,132500,买盘
2208,09:37:40,13.23,-0.02,1,1455,卖盘
2209,09:37:35,13.25,0.02,48,63600,中性盘
2210,09:37:30,13.23,-0.03,493,652239,卖盘
2211,09:37:25,13.26,--,9,11934,卖盘
2212,09:37:20,13.26,--,86,114036,卖盘
2213,09:37:15,13.26,--,1,1326,卖盘
2214,09:37:10,13.26,--,91,120666,买盘
2215,09:37:04,13.26,0.01,29,38454,买盘
2216,09:37:00,13.25,-0.02,45,59625,卖盘
2217,09:36:49,13.27,--,10,13270,买盘
2218,09:36:45,13.27,--,180,238860,买盘
2219,09:36:40,13.27,--,2,2654,买盘
2220,09:36:34,13.27,--,48,63696,卖盘
2221,09:36:30,13.27,--,39,51753,卖盘
2222,09:36:19,13.27,-0.01,8,10616,卖盘
2223,09:36:14,13.28,0.01,34,45152,买盘
2224,09:36:10,13.27,-0.01,19,25213,卖盘
2225,09:36:04,13.28,0.01,186,247008,买盘
2226,09:35:59,13.27,0.01,49,65023,买盘
2227,09:35:49,13.26,-0.03,33,43758,卖盘
2228,09:35:44,13.29,0.02,205,272445,买盘
2229,09:35:40,13.27,-0.02,33,43791,卖盘
2230,09:35:29,13.29,-0.05,196,260483,卖盘
2231,09:35:25,13.34,--,2,2668,买盘
2232,09:35:19,13.34,0.02,18,24012,买盘
2233,09:35:14,13.32,-0.02,34,45288,卖盘
2234,09:35:10,13.34,--,25,33350,买盘
2235,09:35:04,13.34,0.01,63,84042,买盘
2236,09:34:59,13.33,-0.01,63,83979,卖盘
2237,09:34:55,13.34,--,153,204102,买盘
2238,09:34:49,13.34,0.01,19,25346,买盘
2239,09:34:44,13.33,-0.01,156,207948,卖盘
2240,09:34:39,13.34,--,83,110722,卖盘
2241,09:34:34,13.34,-0.01,218,290812,卖盘
2242,09:34:29,13.35,--,31,41385,卖盘
2243,09:34:24,13.35,-0.01,23,30705,卖盘
2244,09:34:19,13.36,--,93,124248,卖盘
2245,09:34:14,13.36,0.01,92,122912,买盘
2246,09:34:09,13.35,0.01,30,40050,中性盘
2247,09:34:04,13.34,0.01,91,121394,中性盘
2248,09:33:59,13.33,-0.03,23,30659,卖盘
2249,09:33:54,13.36,0.02,43,57448,买盘
2250,09:33:49,13.34,-0.02,16,21344,卖盘
2251,09:33:44,13.36,0.03,487,650632,买盘
2252,09:33:39,13.33,--,6,7998,买盘
2253,09:33:34,13.33,0.03,48,63984,买盘
2254,09:33:29,13.3,-0.04,38,50540,卖盘
2255,09:33:24,13.34,--,5,6670,买盘
2256,09:33:19,13.34,0.01,144,192096,买盘
2257,09:33:14,13.33,--,13,17329,卖盘
2258,09:33:09,13.33,0.03,24,31992,买盘
2259,09:33:04,13.3,--,80,106400,卖盘
2260,09:32:59,13.3,--,57,75810,卖盘
2261,09:32:54,13.3,--,0,0,卖盘
2262,09:32:49,13.3,0.04,47,62510,卖盘
2263,09:32:44,13.26,--,115,152490,卖盘
2264,09:32:39,13.26,-0.07,99,131274,卖盘
2265,09:32:34,13.33,--,0,0,买盘
2266,09:32:29,13.33,0.07,47,62651,买盘
2267,09:32:24,13.26,0.01,110,145860,中性盘
2268,09:32:19,13.25,-0.03,171,226575,卖盘
2269,09:32:14,13.28,-0.02,1,1328,中性盘
2270,09:32:09,13.3,0.05,112,148960,买盘
2271,09:32:04,13.25,-0.01,17,22525,卖盘
2272,09:31:59,13.26,0.01,133,176358,中性盘
2273,09:31:54,13.25,--,58,76850,卖盘
2274,09:31:49,13.25,--,11,14575,卖盘
2275,09:31:44,13.25,0.02,51,67575,买盘
2276,09:31:39,13.23,--,149,197127,卖盘
2277,09:31:34,13.23,--,0,0,卖盘
2278,09:31:29,13.23,0.01,279,369117,买盘
2279,09:31:24,13.22,-0.02,37,48914,中性盘
2280,09:31:18,13.24,0.03,25,33100,买盘
2281,09:31:14,13.21,-0.04,398,525758,卖盘
2282,09:31:09,13.25,0.02,39,51675,买盘
2283,09:31:04,13.23,-0.02,16,21168,卖盘
2284,09:30:59,13.25,-0.05,177,234525,卖盘
2285,09:30:54,13.3,-0.01,34,45220,买盘
2286,09:30:49,13.31,0.01,94,125114,买盘
2287,09:30:44,13.3,-0.01,55,73150,卖盘
2288,09:30:39,13.31,0.01,81,107811,买盘
2289,09:30:34,13.3,-0.01,72,95760,卖盘
2290,09:30:29,13.31,--,162,215622,卖盘
2291,09:30:24,13.31,-0.03,10,13310,卖盘
2292,09:30:18,13.34,--,2,2668,买盘
2293,09:30:13,13.34,--,12,16008,买盘
2294,09:30:09,13.34,-0.01,389,518926,卖盘
2295,09:30:04,13.35,-0.01,205,273675,卖盘
2296,09:28:46,13.36,--,0,0,卖盘
2297,09:25:03,13.36,13.36,1098,1466928,买盘
