,time,price,change,volume,amount,type
0,15:00:00,4.35,--,0,0,卖盘
1,15:00:00,4.35,-0.01,0,0,卖盘
2,14:59:59,4.36,--,1,436,买盘
3,14:59:53,4.36,0.01,24,10464,买盘
4,14:59:49,4.35,-0.01,56,24359,卖盘
5,14:59:44,4.36,--,1,436,买盘
6,14:59:38,4.36,--,1,436,买盘
7,14:59:34,4.36,0.01,1,436,买盘
8,14:59:29,4.35,0.01,1268,551754,买盘
9,14:59:23,4.34,--,150,65100,卖盘
10,14:59:19,4.34,-0.01,670,290780,卖盘
11,14:59:14,4.35,--,1,434,买盘
12,14:59:08,4.35,--,62,26969,买盘
13,14:59:04,4.35,-0.01,1366,594471,卖盘
14,14:58:59,4.36,0.01,186,81096,买盘
15,14:58:53,4.35,-0.01,42,18270,卖盘
16,14:58:49,4.36,--,1,436,买盘
17,14:58:44,4.36,--,160,69760,买盘
18,14:58:38,4.36,0.01,65,28340,买盘
19,14:58:34,4.35,--,24,10440,卖盘
20,14:58:29,4.35,-0.01,136,59159,卖盘
21,14:58:23,4.36,0.01,1,436,买盘
22,14:58:19,4.35,--,4,1739,卖盘
23,14:58:14,4.35,0.01,20,8874,买盘
24,14:58:08,4.34,-0.01,64,27776,卖盘
25,14:58:04,4.35,--,112,48719,买盘
26,14:57:59,4.35,--,36,15659,买盘
27,14:57:53,4.35,--,30,13049,买盘
28,14:57:44,4.35,--,46,20010,买盘
29,14:57:38,4.35,--,127,55244,买盘
30,14:57:34,4.35,--,100,43500,买盘
31,14:57:29,4.35,--,51,22185,买盘
32,14:57:23,4.35,--,223,97004,买盘
33,14:57:19,4.35,-0.01,1859,808925,卖盘
34,14:57:08,4.36,--,20,8720,买盘
35,14:57:04,4.36,-0.01,1861,811400,卖盘
36,14:56:59,4.37,0.01,23,10051,卖盘
37,14:56:44,4.36,--,0,0,卖盘
38,14:56:38,4.36,-0.02,64,27904,卖盘
39,14:56:34,4.38,0.01,1,438,买盘
40,14:56:29,4.37,0.01,314,137292,买盘
41,14:56:23,4.36,-0.01,33,14388,卖盘
42,14:56:19,4.37,--,101,44137,买盘
43,14:56:14,4.37,--,17,7429,买盘
44,14:56:08,4.37,--,1,437,买盘
45,14:56:03,4.37,--,1,437,买盘
46,14:55:58,4.37,--,1,437,买盘
47,14:55:53,4.37,0.01,1,437,买盘
48,14:55:47,4.36,-0.01,33,14388,卖盘
49,14:55:44,4.37,--,1001,437437,买盘
50,14:55:38,4.37,0.01,14,6118,买盘
51,14:55:33,4.36,--,36,16053,卖盘
52,14:55:28,4.36,--,231,100716,卖盘
53,14:55:23,4.36,-0.01,55,23980,卖盘
54,14:55:18,4.37,0.01,292,127604,买盘
55,14:55:13,4.36,-0.01,155,67580,卖盘
56,14:55:08,4.37,0.02,1,437,买盘
57,14:55:02,4.35,-0.02,68,29579,卖盘
58,14:54:58,4.37,0.01,44,19302,买盘
59,14:54:53,4.36,--,22,9592,买盘
60,14:54:47,4.36,--,105,45854,买盘
61,14:54:43,4.36,--,115,50140,买盘
62,14:54:38,4.36,-0.01,136,59657,卖盘
63,14:54:32,4.37,0.01,1,437,买盘
64,14:54:28,4.36,--,5,2254,卖盘
65,14:54:23,4.36,--,179,78044,买盘
66,14:54:17,4.36,--,30,13080,买盘
67,14:54:13,4.36,--,14,6104,买盘
68,14:54:08,4.36,--,19,8284,买盘
69,14:53:58,4.36,0.01,24,10538,买盘
70,14:53:43,4.35,-0.01,4,1818,卖盘
71,14:53:38,4.36,0.01,5,2180,买盘
72,14:53:32,4.35,-0.01,55,23924,卖盘
73,14:53:28,4.36,0.02,1378,601117,买盘
74,14:53:23,4.34,--,86,37324,卖盘
75,14:53:17,4.34,--,277,120317,卖盘
76,14:53:08,4.34,-0.01,12,5208,卖盘
77,14:53:02,4.35,--,1,434,买盘
78,14:52:58,4.35,--,645,280701,卖盘
79,14:52:53,4.35,--,204,88813,卖盘
80,14:52:47,4.35,-0.01,1000,434999,卖盘
81,14:52:43,4.36,-0.01,313,136468,卖盘
82,14:52:38,4.37,--,35,15295,买盘
83,14:52:32,4.37,-0.01,163,71593,卖盘
84,14:52:28,4.38,--,12,5330,买盘
85,14:52:23,4.38,--,17,7446,买盘
86,14:52:17,4.38,-0.01,5,2190,中性盘
87,14:52:13,4.39,--,6,2708,买盘
88,14:52:08,4.39,--,99,43461,买盘
89,14:52:02,4.39,--,73,32046,买盘
90,14:51:58,4.39,--,11,4903,买盘
91,14:51:53,4.39,--,12,5268,买盘
92,14:51:43,4.39,--,21,9219,买盘
93,14:51:38,4.39,--,195,85679,买盘
94,14:51:32,4.39,--,106,46534,买盘
95,14:51:28,4.39,--,36,15803,买盘
96,14:51:23,4.39,0.01,7,3073,买盘
97,14:51:13,4.38,-0.01,21,9272,卖盘
98,14:51:08,4.39,0.01,123,53996,买盘
99,14:51:02,4.38,--,61,26792,买盘
100,14:50:58,4.38,--,1,438,买盘
101,14:50:53,4.38,0.01,81,35539,买盘
102,14:50:47,4.37,--,20,8740,买盘
103,14:50:43,4.37,--,83,36271,买盘
104,14:50:38,4.37,--,114,49818,买盘
105,14:50:32,4.37,--,107,46833,买盘
106,14:50:27,4.37,--,108,47196,买盘
107,14:50:23,4.37,--,52,22724,买盘
108,14:50:17,4.37,0.01,41,17995,买盘
109,14:50:13,4.36,0.01,68,29648,买盘
110,14:50:07,4.35,-0.01,8,3479,卖盘
111,14:50:02,4.36,0.01,59,25724,买盘
112,14:49:58,4.35,-0.01,4,1813,卖盘
113,14:49:53,4.36,0.01,449,195925,买盘
114,14:49:47,4.35,0.01,202,87870,买盘
115,14:49:42,4.34,-0.01,4,1809,卖盘
116,14:49:37,4.35,--,4,1739,买盘
117,14:49:32,4.35,--,3298,1434629,买盘
118,14:49:28,4.35,--,1,434,买盘
119,14:49:22,4.35,--,111,48284,买盘
120,14:49:17,4.35,0.01,2,869,买盘
121,14:49:12,4.34,--,94,40869,卖盘
122,14:49:07,4.34,-0.01,32,13888,中性盘
123,14:49:02,4.35,0.01,176,76633,买盘
124,14:48:56,4.34,--,90,39060,买盘
125,14:48:52,4.34,--,6,2604,买盘
126,14:48:47,4.34,--,4,1736,买盘
127,14:48:41,4.34,--,36,15624,买盘
128,14:48:37,4.34,--,117,50778,买盘
129,14:48:32,4.34,--,84,36529,买盘
130,14:48:26,4.34,0.01,113,49042,买盘
131,14:48:22,4.33,-0.01,896,388388,卖盘
132,14:48:17,4.34,--,68,29512,买盘
133,14:48:11,4.34,--,21,9114,买盘
134,14:48:07,4.34,--,124,53816,买盘
135,14:48:02,4.34,--,359,155879,买盘
136,14:47:56,4.34,--,13,5642,买盘
137,14:47:52,4.34,--,6,2604,买盘
138,14:47:47,4.34,--,105,45570,买盘
139,14:47:41,4.34,0.01,5,2170,买盘
140,14:47:37,4.33,-0.01,112,48569,卖盘
141,14:47:32,4.34,0.01,75,32550,买盘
142,14:47:22,4.33,-0.01,4,1805,卖盘
143,14:47:17,4.34,0.01,144,62496,买盘
144,14:47:07,4.33,-0.02,2,866,卖盘
145,14:47:02,4.35,0.01,114,49589,买盘
146,14:46:56,4.34,0.01,15,6510,买盘
147,14:46:52,4.33,-0.01,25,10902,卖盘
148,14:46:47,4.34,--,212,92294,卖盘
149,14:46:37,4.34,-0.01,4,1809,卖盘
150,14:46:32,4.35,0.01,143,62204,买盘
151,14:46:26,4.34,--,23,9982,卖盘
152,14:46:22,4.34,--,37,16131,买盘
153,14:46:17,4.34,--,52,22568,卖盘
154,14:46:11,4.34,-0.01,35,15190,卖盘
155,14:46:07,4.35,--,5,2175,买盘
156,14:46:02,4.35,0.01,111,48358,买盘
157,14:45:52,4.34,--,200,86800,卖盘
158,14:45:37,4.34,--,2,868,卖盘
159,14:45:32,4.34,--,81,35227,卖盘
160,14:45:22,4.34,--,4,1948,卖盘
161,14:45:17,4.34,--,14,6149,卖盘
162,14:45:07,4.34,-0.01,71,30814,卖盘
163,14:45:02,4.35,0.01,105,45674,买盘
164,14:44:56,4.34,--,198,85932,卖盘
165,14:44:52,4.34,-0.01,74,32189,卖盘
166,14:44:47,4.35,--,66,28709,买盘
167,14:44:37,4.35,-0.01,14,6364,卖盘
168,14:44:31,4.36,--,58,25288,买盘
169,14:44:21,4.36,0.01,2,1033,买盘
170,14:44:17,4.35,-0.02,300,130847,卖盘
171,14:44:11,4.37,--,1,437,买盘
172,14:44:07,4.37,--,2,874,买盘
173,14:44:01,4.37,0.01,62,27172,买盘
174,14:43:56,4.36,0.01,31,13516,买盘
175,14:43:51,4.35,--,15,6524,卖盘
176,14:43:46,4.35,-0.01,6,2610,卖盘
177,14:43:41,4.36,--,11,4796,买盘
178,14:43:37,4.36,--,5,2254,买盘
179,14:43:31,4.36,--,59,25724,买盘
180,14:43:26,4.36,--,14,6104,买盘
181,14:43:22,4.36,0.01,12,5232,买盘
182,14:43:16,4.35,-0.02,63,27478,卖盘
183,14:43:11,4.37,0.01,1,437,买盘
184,14:43:06,4.36,0.01,32,13952,中性盘
185,14:43:01,4.35,-0.01,62,27043,卖盘
186,14:42:56,4.36,--,1,436,买盘
187,14:42:50,4.36,--,1,436,买盘
188,14:42:46,4.36,--,24,10464,买盘
189,14:42:41,4.36,-0.01,5,2254,中性盘
190,14:42:35,4.37,--,1,437,买盘
191,14:42:31,4.37,0.01,98,43053,买盘
192,14:42:26,4.36,--,23,10237,买盘
193,14:42:20,4.36,0.01,1,436,买盘
194,14:42:16,4.35,-0.01,5,2248,卖盘
195,14:42:11,4.36,--,101,44036,买盘
196,14:42:05,4.36,--,48,20928,买盘
197,14:42:01,4.36,0.01,98,42802,买盘
198,14:41:56,4.35,-0.01,31,13484,卖盘
199,14:41:50,4.36,--,21,9156,买盘
200,14:41:41,4.36,0.01,145,63516,买盘
201,14:41:35,4.35,--,1,434,卖盘
202,14:41:31,4.35,-0.01,63,27478,卖盘
203,14:41:26,4.36,0.01,6,2616,买盘
204,14:41:16,4.35,--,9,3988,卖盘
205,14:41:11,4.35,-0.01,43,18705,卖盘
206,14:41:05,4.36,--,11,4796,买盘
207,14:41:01,4.36,0.01,69,30084,买盘
208,14:40:56,4.35,-0.01,4,1818,卖盘
209,14:40:50,4.36,0.01,1,436,买盘
210,14:40:46,4.35,-0.01,50,21750,卖盘
211,14:40:35,4.36,0.01,1,436,买盘
212,14:40:31,4.35,-0.01,62,27043,卖盘
213,14:40:26,4.36,--,1,436,买盘
214,14:40:20,4.36,--,51,22236,买盘
215,14:40:16,4.36,0.01,5,2254,买盘
216,14:40:11,4.35,-0.01,12,5220,卖盘
217,14:40:01,4.36,--,64,28026,买盘
218,14:39:56,4.36,--,11,4796,买盘
219,14:39:46,4.36,0.01,15,6540,买盘
220,14:39:41,4.35,--,53,23054,卖盘
221,14:39:35,4.35,-0.01,1,726,卖盘
222,14:39:31,4.36,--,63,27542,买盘
223,14:39:26,4.36,0.01,4,1744,买盘
224,14:39:16,4.35,--,9,4149,卖盘
225,14:39:11,4.35,--,2,869,卖盘
226,14:39:05,4.35,-0.02,3,1487,卖盘
227,14:39:01,4.37,0.02,70,30756,买盘
228,14:38:55,4.35,--,7,3414,买盘
229,14:38:50,4.35,--,75,32624,买盘
230,14:38:46,4.35,--,74,32551,卖盘
231,14:38:41,4.35,-0.01,5,2248,卖盘
232,14:38:35,4.36,-0.01,1,436,中性盘
233,14:38:31,4.37,0.02,147,64239,买盘
234,14:38:26,4.35,--,36,15659,卖盘
235,14:38:16,4.35,0.01,210,91423,买盘
236,14:38:05,4.34,-0.01,1,434,卖盘
237,14:38:01,4.35,0.01,97,42195,买盘
238,14:37:55,4.34,-0.01,6,2682,卖盘
239,14:37:50,4.35,0.01,20,8700,买盘
240,14:37:35,4.34,-0.01,5,2543,卖盘
241,14:37:31,4.35,0.01,59,25895,买盘
242,14:37:26,4.34,--,50,21700,买盘
243,14:37:16,4.34,--,6,2677,买盘
244,14:37:10,4.34,0.01,6,2604,买盘
245,14:37:00,4.33,0.01,124,53692,买盘
246,14:36:55,4.32,-0.01,4,1801,卖盘
247,14:36:50,4.33,0.01,20,8660,买盘
248,14:36:45,4.32,-0.01,150,64800,卖盘
249,14:36:40,4.33,--,146,63291,买盘
250,14:36:31,4.33,0.02,199,86167,买盘
251,14:36:20,4.31,-0.01,112,48405,卖盘
252,14:36:15,4.32,--,154,66804,买盘
253,14:36:10,4.32,--,25,10800,买盘
254,14:36:05,4.32,0.01,748,323136,买盘
255,14:36:00,4.31,-0.01,4,1797,卖盘
256,14:35:55,4.32,0.01,252,108864,买盘
257,14:35:50,4.31,--,323,139213,卖盘
258,14:35:45,4.31,--,30,12929,卖盘
259,14:35:35,4.31,-0.01,61,26364,卖盘
260,14:35:30,4.32,0.01,1,432,买盘
261,14:35:25,4.31,0.01,84,36268,买盘
262,14:35:20,4.3,-0.01,76,32753,卖盘
263,14:35:15,4.31,0.01,10,4310,买盘
264,14:35:10,4.3,-0.01,194,83420,卖盘
265,14:35:05,4.31,--,101,43530,买盘
266,14:35:00,4.31,--,15,6542,买盘
267,14:34:50,4.31,--,5,2155,买盘
268,14:34:44,4.31,--,72,31031,买盘
269,14:34:40,4.31,--,50,21623,买盘
270,14:34:35,4.31,--,71,30600,买盘
271,14:34:29,4.31,--,54,23273,买盘
272,14:34:25,4.31,--,41,18002,买盘
273,14:34:20,4.31,--,91,39221,买盘
274,14:34:14,4.31,-0.01,81,34919,卖盘
275,14:34:10,4.32,0.01,2,864,买盘
276,14:34:05,4.31,--,70,30169,卖盘
277,14:33:59,4.31,-0.01,10,4310,卖盘
278,14:33:55,4.32,0.01,710,306720,卖盘
279,14:33:49,4.31,--,0,0,卖盘
280,14:33:44,4.31,--,1009,434878,卖盘
281,14:33:40,4.31,--,183,79148,卖盘
282,14:33:35,4.31,-0.01,437,188420,卖盘
283,14:33:29,4.32,--,23,9936,买盘
284,14:33:25,4.32,--,197,85104,买盘
285,14:33:20,4.32,0.01,73,31536,买盘
286,14:33:14,4.31,-0.01,54,23347,卖盘
287,14:33:10,4.32,-0.02,871,376496,卖盘
288,14:33:05,4.34,0.02,57,24738,买盘
289,14:32:59,4.32,-0.01,78,33696,卖盘
290,14:32:55,4.33,--,147,63984,买盘
291,14:32:50,4.33,--,120,51960,买盘
292,14:32:44,4.33,0.01,14,6062,买盘
293,14:32:40,4.32,--,64,27833,卖盘
294,14:32:35,4.32,--,70,30240,卖盘
295,14:32:29,4.32,-0.01,1,432,卖盘
296,14:32:25,4.33,0.01,39,16887,买盘
297,14:32:19,4.32,--,6,2592,卖盘
298,14:32:14,4.32,-0.01,4,1801,卖盘
299,14:32:10,4.33,-0.01,65,28565,卖盘
300,14:32:04,4.34,0.01,57,24738,买盘
301,14:31:59,4.33,--,200,86600,卖盘
302,14:31:55,4.33,--,15,6572,卖盘
303,14:31:49,4.33,-0.01,161,69713,卖盘
304,14:31:44,4.34,0.01,5,2170,买盘
305,14:31:40,4.33,--,0,0,卖盘
306,14:31:34,4.33,-0.01,111,48136,卖盘
307,14:31:29,4.34,--,9,3906,卖盘
308,14:31:24,4.34,0.01,407,176638,买盘
309,14:31:19,4.33,-0.01,23,10032,卖盘
310,14:31:10,4.34,--,419,181846,买盘
311,14:31:04,4.34,0.01,95,41230,买盘
312,14:30:55,4.33,--,4,1805,卖盘
313,14:30:40,4.33,-0.01,4,1805,卖盘
314,14:30:34,4.34,0.01,56,24304,买盘
315,14:30:24,4.33,-0.01,10,4330,卖盘
316,14:30:19,4.34,0.01,1,434,买盘
317,14:30:14,4.33,--,4,1805,卖盘
318,14:30:09,4.33,-0.02,1,433,卖盘
319,14:30:04,4.35,0.01,80,35000,买盘
320,14:29:54,4.34,--,4,1809,卖盘
321,14:29:49,4.34,--,459,199206,卖盘
322,14:29:44,4.34,--,17,7378,卖盘
323,14:29:34,4.34,-0.01,81,35227,卖盘
324,14:29:19,4.35,--,14,6163,买盘
325,14:29:14,4.35,--,55,23924,买盘
326,14:29:04,4.35,--,57,24794,买盘
327,14:28:59,4.35,0.01,2,869,买盘
328,14:28:54,4.34,-0.01,4,1809,卖盘
329,14:28:49,4.35,--,4,1739,买盘
330,14:28:44,4.35,--,13,5654,买盘
331,14:28:39,4.35,--,1,434,买盘
332,14:28:34,4.35,--,67,29223,买盘
333,14:28:29,4.35,--,1,434,买盘
334,14:28:23,4.35,0.01,31,13484,买盘
335,14:28:19,4.34,-0.01,5,2243,卖盘
336,14:28:14,4.35,0.01,12,5220,买盘
337,14:28:08,4.34,-0.01,51,22134,卖盘
338,14:28:04,4.35,--,70,30449,买盘
339,14:27:59,4.35,--,34,14863,买盘
340,14:27:53,4.35,--,5,2175,买盘
341,14:27:49,4.35,--,37,16094,买盘
342,14:27:44,4.35,0.01,20,8700,买盘
343,14:27:38,4.34,-0.01,6,2604,卖盘
344,14:27:34,4.35,0.01,62,27043,买盘
345,14:27:28,4.34,-0.01,19,8246,卖盘
346,14:27:23,4.35,0.01,1,434,买盘
347,14:27:18,4.34,--,2,868,卖盘
348,14:27:14,4.34,-0.01,22,9621,卖盘
349,14:27:08,4.35,0.01,238,103529,买盘
350,14:27:03,4.34,-0.01,67,29451,卖盘
351,14:26:58,4.35,--,195,84885,卖盘
352,14:26:43,4.35,--,13,5654,卖盘
353,14:26:38,4.35,--,4,1813,卖盘
354,14:26:33,4.35,--,60,26099,卖盘
355,14:26:28,4.35,-0.01,10,4350,卖盘
356,14:26:23,4.36,0.01,10,4360,买盘
357,14:26:18,4.35,-0.01,7,3118,卖盘
358,14:26:08,4.36,0.01,4,1744,买盘
359,14:26:03,4.35,--,67,29144,卖盘
360,14:25:58,4.35,--,52,22693,卖盘
361,14:25:48,4.35,--,15,6524,卖盘
362,14:25:43,4.35,--,11,4785,卖盘
363,14:25:38,4.35,--,1,434,卖盘
364,14:25:33,4.35,--,111,48363,卖盘
365,14:25:13,4.35,--,10,4423,卖盘
366,14:25:08,4.35,--,126,54809,买盘
367,14:25:03,4.35,0.01,107,46544,买盘
368,14:24:58,4.34,--,4,1809,卖盘
369,14:24:53,4.34,-0.01,4,1736,卖盘
370,14:24:48,4.35,0.02,1,434,买盘
371,14:24:43,4.33,--,249,107817,卖盘
372,14:24:33,4.33,-0.01,72,31249,卖盘
373,14:24:28,4.34,0.01,76,32984,买盘
374,14:24:18,4.33,--,77,33341,买盘
375,14:24:13,4.33,-0.01,20,8733,卖盘
376,14:24:08,4.34,0.02,203,88362,买盘
377,14:24:03,4.32,-0.01,135,58320,卖盘
378,14:23:58,4.33,--,67,29011,买盘
379,14:23:53,4.33,--,6,2671,买盘
380,14:23:48,4.33,--,201,87033,买盘
381,14:23:43,4.33,--,87,37671,买盘
382,14:23:38,4.33,--,5,2165,买盘
383,14:23:33,4.33,--,163,70652,买盘
384,14:23:28,4.33,-0.01,591,256076,卖盘
385,14:23:23,4.34,0.01,48,20832,买盘
386,14:23:18,4.33,--,126,54631,卖盘
387,14:23:13,4.33,-0.01,63,27279,卖盘
388,14:23:03,4.34,0.01,118,51212,买盘
389,14:22:58,4.33,-0.01,654,283368,卖盘
390,14:22:53,4.34,--,54,23436,买盘
391,14:22:48,4.34,--,2,868,买盘
392,14:22:43,4.34,--,189,82321,卖盘
393,14:22:38,4.34,-0.01,102,44268,卖盘
394,14:22:33,4.35,--,67,29223,买盘
395,14:22:28,4.35,--,84,36540,买盘
396,14:22:23,4.35,--,1733,754142,卖盘
397,14:22:18,4.35,--,91,39658,卖盘
398,14:22:13,4.35,--,116,50459,卖盘
399,14:22:08,4.35,-0.01,1,434,卖盘
400,14:22:03,4.36,0.01,158,68888,买盘
401,14:21:58,4.35,-0.01,127,55318,卖盘
402,14:21:52,4.36,--,272,118879,卖盘
403,14:21:48,4.36,--,1,436,卖盘
404,14:21:43,4.36,--,138,60168,卖盘
405,14:21:38,4.36,-0.01,283,123388,卖盘
406,14:21:33,4.37,0.01,118,51640,买盘
407,14:21:28,4.36,--,16,6976,卖盘
408,14:21:23,4.36,--,128,55808,卖盘
409,14:21:17,4.36,--,8,3488,卖盘
410,14:21:13,4.36,-0.01,5,2254,卖盘
411,14:21:07,4.37,--,5,2185,买盘
412,14:21:02,4.37,0.01,57,24909,买盘
413,14:20:58,4.36,-0.01,656,286238,卖盘
414,14:20:43,4.37,--,1,437,卖盘
415,14:20:37,4.37,-0.01,4,1822,卖盘
416,14:20:32,4.38,--,157,69190,卖盘
417,14:20:28,4.38,--,15,6570,卖盘
418,14:20:17,4.38,-0.01,156,68402,卖盘
419,14:20:02,4.39,0.01,57,25022,买盘
420,14:19:52,4.38,--,64,28106,卖盘
421,14:19:37,4.38,-0.01,4,1830,卖盘
422,14:19:32,4.39,0.01,57,25022,买盘
423,14:19:27,4.38,-0.01,10,4380,卖盘
424,14:19:17,4.39,--,5,2195,买盘
425,14:19:12,4.39,--,5,2269,买盘
426,14:19:07,4.39,-0.01,7,3437,卖盘
427,14:19:02,4.4,0.01,58,25520,买盘
428,14:18:57,4.39,0.01,4,1830,卖盘
429,14:18:37,4.38,-0.02,6,2702,卖盘
430,14:18:32,4.4,0.02,57,25080,买盘
431,14:18:17,4.38,-0.01,4,1826,卖盘
432,14:18:07,4.39,-0.01,21,9219,中性盘
433,14:18:02,4.4,--,57,25080,买盘
434,14:17:57,4.4,0.02,1,440,买盘
435,14:17:52,4.38,-0.02,2,876,卖盘
436,14:17:42,4.4,0.02,1,440,买盘
437,14:17:37,4.38,-0.02,11,4818,卖盘
438,14:17:32,4.4,--,57,25080,买盘
439,14:17:27,4.4,--,14,6160,买盘
440,14:17:22,4.4,--,1,440,买盘
441,14:17:17,4.4,0.02,10,4400,买盘
442,14:17:12,4.38,-0.02,57,24966,卖盘
443,14:17:07,4.4,--,1,440,买盘
444,14:17:02,4.4,0.02,108,47520,买盘
445,14:16:37,4.38,-0.02,19,8322,卖盘
446,14:16:32,4.4,0.01,57,25080,买盘
447,14:16:27,4.39,0.01,5,2195,买盘
448,14:16:22,4.38,-0.01,100,43800,卖盘
449,14:16:12,4.39,--,47,20633,买盘
450,14:16:07,4.39,--,31,13608,买盘
451,14:16:02,4.39,--,57,25022,买盘
452,14:15:52,4.39,0.02,91,39949,买盘
453,14:15:47,4.37,--,0,0,卖盘
454,14:15:42,4.37,-0.02,2,874,卖盘
455,14:15:32,4.39,--,61,26778,买盘
456,14:15:27,4.39,0.01,2,877,买盘
457,14:15:22,4.38,-0.01,2,876,卖盘
458,14:15:12,4.39,0.02,1,438,买盘
459,14:15:07,4.37,-0.02,51,22287,卖盘
460,14:15:02,4.39,--,57,25022,买盘
461,14:14:57,4.39,--,1,438,买盘
462,14:14:52,4.39,--,1,438,买盘
463,14:14:47,4.39,--,1,438,买盘
464,14:14:42,4.39,0.02,1,438,买盘
465,14:14:37,4.37,-0.02,10,4370,卖盘
466,14:14:32,4.39,0.01,57,25022,买盘
467,14:14:27,4.38,0.01,1,438,买盘
468,14:14:22,4.37,-0.01,42,18354,卖盘
469,14:14:16,4.38,--,1,438,买盘
470,14:14:11,4.38,--,1,438,买盘
471,14:14:07,4.38,--,1,438,买盘
472,14:14:01,4.38,--,168,73584,买盘
473,14:13:56,4.38,0.01,1,438,买盘
474,14:13:52,4.37,-0.01,7,3059,卖盘
475,14:13:37,4.38,--,1,438,买盘
476,14:13:31,4.38,--,58,25404,买盘
477,14:13:26,4.38,--,2,876,买盘
478,14:13:22,4.38,--,61,26718,买盘
479,14:13:16,4.38,--,25,10950,买盘
480,14:13:01,4.38,0.01,58,25404,买盘
481,14:12:37,4.37,-0.02,32,13984,卖盘
482,14:12:31,4.39,0.01,57,25022,买盘
483,14:12:21,4.38,0.01,117,51246,买盘
484,14:12:11,4.37,--,0,139,卖盘
485,14:12:06,4.37,-0.02,1,437,卖盘
486,14:12:01,4.39,0.02,62,27217,买盘
487,14:11:56,4.37,--,0,0,卖盘
488,14:11:51,4.37,--,43,18791,卖盘
489,14:11:46,4.37,-0.01,199,86963,卖盘
490,14:11:41,4.38,-0.01,10,4380,卖盘
491,14:11:31,4.39,-0.01,257,112822,买盘
492,14:11:06,4.4,--,0,0,买盘
493,14:11:01,4.4,0.01,57,25080,买盘
494,14:10:51,4.39,-0.01,16,7388,卖盘
495,14:10:46,4.4,--,1,440,买盘
496,14:10:36,4.4,--,13,5720,买盘
497,14:10:31,4.4,--,78,34320,买盘
498,14:10:21,4.4,--,1,440,买盘
499,14:10:16,4.4,0.01,24,10634,买盘
500,14:10:11,4.39,--,1,803,卖盘
501,14:10:06,4.39,-0.01,2,877,卖盘
502,14:10:01,4.4,--,58,25520,买盘
503,14:09:51,4.4,0.01,1,440,买盘
504,14:09:46,4.39,-0.01,11,4829,卖盘
505,14:09:36,4.4,--,5,2274,买盘
506,14:09:31,4.4,0.01,70,30800,买盘
507,14:09:21,4.39,--,46,20194,买盘
508,14:09:16,4.39,-0.01,152,67066,卖盘
509,14:09:06,4.4,--,1,440,买盘
510,14:09:01,4.4,--,89,39160,买盘
511,14:08:56,4.4,0.01,5,2279,买盘
512,14:08:36,4.39,-0.01,4,1830,卖盘
513,14:08:31,4.4,0.01,57,25080,买盘
514,14:08:26,4.39,--,98,43022,卖盘
515,14:08:16,4.39,-0.01,11,4903,卖盘
516,14:08:01,4.4,--,116,51114,买盘
517,14:07:51,4.4,-0.01,3,1320,中性盘
518,14:07:40,4.41,0.01,5,2279,买盘
519,14:07:36,4.4,--,15,6930,买盘
520,14:07:31,4.4,--,114,50160,买盘
521,14:07:21,4.4,-0.01,20,8910,卖盘
522,14:07:16,4.41,--,1,441,买盘
523,14:07:10,4.41,--,1,441,买盘
524,14:07:05,4.41,--,4,2094,买盘
525,14:07:01,4.41,0.01,65,28665,买盘
526,14:06:55,4.4,--,6,2640,卖盘
527,14:06:51,4.4,-0.01,1,440,卖盘
528,14:06:40,4.41,0.01,1,441,买盘
529,14:06:36,4.4,-0.01,1,440,卖盘
530,14:06:31,4.41,--,58,25578,买盘
531,14:06:20,4.41,--,1,441,买盘
532,14:06:10,4.41,--,7,3087,买盘
533,14:06:05,4.41,0.01,57,25137,买盘
534,14:06:01,4.4,0.01,4,1760,买盘
535,14:05:55,4.39,-0.01,4,1755,卖盘
536,14:05:50,4.4,--,13,5720,买盘
537,14:05:45,4.4,--,1,440,买盘
538,14:05:40,4.4,--,2,880,买盘
539,14:05:31,4.4,--,58,25520,买盘
540,14:05:25,4.4,0.01,7,3080,买盘
541,14:05:20,4.39,-0.01,138,60581,卖盘
542,14:05:15,4.4,--,7,3080,买盘
543,14:05:00,4.4,--,108,47520,买盘
544,14:04:46,4.4,0.01,76,33440,卖盘
545,14:04:40,4.39,-0.02,10,4390,卖盘
546,14:04:30,4.41,0.01,66,29106,买盘
547,14:04:25,4.4,--,13,5720,买盘
548,14:04:15,4.4,--,27,11880,买盘
549,14:04:00,4.4,--,80,35200,卖盘
550,14:03:55,4.4,-0.01,10,4400,卖盘
551,14:03:40,4.41,--,1,441,买盘
552,14:03:30,4.41,--,58,25578,买盘
553,14:03:25,4.41,0.01,1,441,买盘
554,14:03:20,4.4,-0.01,1,440,卖盘
555,14:03:15,4.41,--,1,441,买盘
556,14:03:10,4.41,--,0,0,买盘
557,14:03:05,4.41,--,1,441,买盘
558,14:03:00,4.41,--,57,25137,买盘
559,14:02:55,4.41,--,1,441,买盘
560,14:02:45,4.41,0.01,10,4410,买盘
561,14:02:40,4.4,-0.01,1,440,买盘
562,14:02:35,4.41,--,0,0,买盘
563,14:02:30,4.41,--,57,25176,买盘
564,14:02:25,4.41,0.01,1,441,买盘
565,14:02:20,4.4,--,1,440,卖盘
566,14:02:15,4.4,-0.01,0,400,卖盘
567,14:02:10,4.41,--,0,0,买盘
568,14:02:00,4.41,0.02,65,28665,买盘
569,14:01:55,4.39,--,0,0,卖盘
570,14:01:45,4.39,--,5,2195,卖盘
571,14:01:35,4.39,-0.02,30,13169,卖盘
572,14:01:30,4.41,0.02,56,24696,买盘
573,14:01:25,4.39,--,105,46095,卖盘
574,14:01:20,4.39,--,1,438,卖盘
575,14:01:15,4.39,-0.01,401,176039,卖盘
576,14:01:05,4.4,--,62,27280,卖盘
577,14:01:00,4.4,--,21,9240,买盘
578,14:00:34,4.4,--,100,44000,买盘
579,14:00:30,4.4,--,131,57640,买盘
580,14:00:19,4.4,--,50,22000,卖盘
581,14:00:04,4.4,-0.01,1,440,卖盘
582,14:00:00,4.41,0.01,82,36162,买盘
583,13:59:45,4.4,-0.01,5,2200,卖盘
584,13:59:40,4.41,--,14,6174,买盘
585,13:59:34,4.41,--,13,5733,买盘
586,13:59:30,4.41,--,58,25578,买盘
587,13:59:25,4.41,--,4,1764,买盘
588,13:59:19,4.41,0.01,3,1323,买盘
589,13:59:15,4.4,-0.01,1,440,卖盘
590,13:59:10,4.41,0.01,3,1323,买盘
591,13:59:04,4.4,--,69,30360,买盘
592,13:59:00,4.4,0.01,1,440,买盘
593,13:58:54,4.39,-0.01,1,438,卖盘
594,13:58:45,4.4,-0.01,6,2640,买盘
595,13:58:40,4.41,--,1,441,买盘
596,13:58:34,4.41,0.01,57,25137,买盘
597,13:58:24,4.4,--,17,7480,买盘
598,13:58:19,4.4,--,1,440,买盘
599,13:58:09,4.4,--,2,880,买盘
600,13:58:04,4.4,--,56,24640,买盘
601,13:57:54,4.4,--,1,440,买盘
602,13:57:49,4.4,0.01,22,9680,买盘
603,13:57:44,4.39,-0.01,14,6146,卖盘
604,13:57:39,4.4,--,89,39160,买盘
605,13:57:34,4.4,--,58,25520,买盘
606,13:57:29,4.4,0.01,1,440,买盘
607,13:57:24,4.39,-0.01,4,1755,卖盘
608,13:57:19,4.4,--,1,440,买盘
609,13:57:09,4.4,0.01,2,880,买盘
610,13:57:04,4.39,-0.01,155,68045,卖盘
611,13:56:59,4.4,--,1,440,买盘
612,13:56:54,4.4,--,1,440,买盘
613,13:56:49,4.4,0.01,1,440,买盘
614,13:56:39,4.39,-0.01,1,438,卖盘
615,13:56:33,4.4,0.01,59,25960,买盘
616,13:56:29,4.39,-0.01,3,1317,卖盘
617,13:56:18,4.4,--,2,880,买盘
618,13:56:14,4.4,0.01,21,9240,买盘
619,13:56:09,4.39,--,6,2634,卖盘
620,13:56:04,4.39,-0.01,129,56630,卖盘
621,13:55:54,4.4,0.01,1,440,买盘
622,13:55:48,4.39,--,21,9219,卖盘
623,13:55:39,4.39,-0.01,128,56191,卖盘
624,13:55:33,4.4,--,60,26400,买盘
625,13:55:24,4.4,--,1,440,买盘
626,13:55:18,4.4,0.01,2,880,买盘
627,13:55:09,4.39,-0.01,57,25022,卖盘
628,13:55:03,4.4,--,64,28160,买盘
629,13:54:59,4.4,--,6,2640,买盘
630,13:54:48,4.4,--,1,440,买盘
631,13:54:44,4.4,--,1,440,买盘
632,13:54:33,4.4,--,57,25080,买盘
633,13:54:29,4.4,--,1,440,买盘
634,13:54:24,4.4,--,58,25520,买盘
635,13:54:18,4.4,--,2,880,买盘
636,13:54:14,4.4,--,9,3960,买盘
637,13:54:09,4.4,--,1,440,买盘
638,13:54:03,4.4,0.01,145,63800,买盘
639,13:53:58,4.39,-0.01,0,272,卖盘
640,13:53:48,4.4,--,9,3960,买盘
641,13:53:39,4.4,--,1,440,买盘
642,13:53:33,4.4,--,58,25520,买盘
643,13:53:28,4.4,--,12,5280,买盘
644,13:53:24,4.4,0.01,1,440,买盘
645,13:53:18,4.39,-0.01,35,15364,卖盘
646,13:53:09,4.4,--,1,440,买盘
647,13:53:03,4.4,0.01,58,25520,买盘
648,13:52:58,4.39,-0.01,27,11853,卖盘
649,13:52:54,4.4,--,1,440,买盘
650,13:52:48,4.4,--,81,35640,买盘
651,13:52:43,4.4,--,1,440,买盘
652,13:52:33,4.4,--,68,29920,买盘
653,13:52:28,4.4,-0.01,27,11880,卖盘
654,13:52:24,4.41,--,26,11466,买盘
655,13:52:18,4.41,--,1,441,买盘
656,13:52:09,4.41,--,1,441,买盘
657,13:52:03,4.41,0.01,58,25578,买盘
658,13:51:58,4.4,-0.01,1,440,卖盘
659,13:51:53,4.41,--,7,3087,买盘
660,13:51:48,4.41,--,1,441,买盘
661,13:51:38,4.41,--,1,441,买盘
662,13:51:33,4.41,--,61,26901,买盘
663,13:51:28,4.41,--,1,441,买盘
664,13:51:18,4.41,--,11,4851,买盘
665,13:51:13,4.41,0.01,1,441,买盘
666,13:51:08,4.4,-0.01,1,440,卖盘
667,13:51:03,4.41,0.01,58,25578,买盘
668,13:50:58,4.4,-0.01,23,10120,卖盘
669,13:50:53,4.41,--,0,0,买盘
670,13:50:48,4.41,--,53,23373,买盘
671,13:50:43,4.41,--,1,441,买盘
672,13:50:38,4.41,--,12,5292,买盘
673,13:50:33,4.41,--,58,25578,买盘
674,13:50:23,4.41,--,1,441,买盘
675,13:50:13,4.41,--,1,441,买盘
676,13:50:03,4.41,0.01,157,69237,买盘
677,13:49:58,4.4,--,1,440,买盘
678,13:49:53,4.4,--,1,440,买盘
679,13:49:48,4.4,--,1,440,买盘
680,13:49:42,4.4,--,1,440,买盘
681,13:49:38,4.4,--,1,440,买盘
682,13:49:33,4.4,--,57,25080,买盘
683,13:49:27,4.4,0.01,26,11440,买盘
684,13:49:23,4.39,-0.01,4,1755,卖盘
685,13:49:18,4.4,--,1,440,买盘
686,13:49:08,4.4,--,10,4400,卖盘
687,13:49:03,4.4,-0.01,60,26400,卖盘
688,13:48:57,4.41,0.01,3,1323,买盘
689,13:48:53,4.4,--,15,6600,买盘
690,13:48:48,4.4,-0.01,57,25080,卖盘
691,13:48:38,4.41,--,1,441,买盘
692,13:48:33,4.41,--,57,25137,买盘
693,13:48:18,4.41,--,1,441,买盘
694,13:48:12,4.41,0.01,1,441,买盘
695,13:48:08,4.4,--,13,5720,买盘
696,13:48:03,4.4,--,58,25520,买盘
697,13:47:57,4.4,--,1,440,买盘
698,13:47:48,4.4,--,14,6160,买盘
699,13:47:38,4.4,--,1,440,买盘
700,13:47:33,4.4,--,57,25080,买盘
701,13:47:27,4.4,--,1,440,买盘
702,13:47:23,4.4,--,1,440,买盘
703,13:47:18,4.4,--,1,440,买盘
704,13:47:12,4.4,--,3,1320,买盘
705,13:47:03,4.4,--,58,25520,买盘
706,13:46:57,4.4,--,6,2640,买盘
707,13:46:52,4.4,--,1,440,买盘
708,13:46:42,4.4,--,11,4840,买盘
709,13:46:37,4.4,--,1,440,买盘
710,13:46:33,4.4,--,57,25080,买盘
711,13:46:27,4.4,--,1,440,买盘
712,13:46:18,4.4,-0.01,1,440,买盘
713,13:46:12,4.41,--,0,0,买盘
714,13:46:03,4.41,0.01,64,28224,买盘
715,13:45:57,4.4,--,9,3960,买盘
716,13:45:52,4.4,0.01,11,4840,买盘
717,13:45:48,4.39,-0.01,74,32485,卖盘
718,13:45:32,4.4,--,57,25080,买盘
719,13:45:27,4.4,--,1,440,买盘
720,13:45:18,4.4,--,4,1760,买盘
721,13:45:12,4.4,--,1,440,买盘
722,13:45:03,4.4,--,68,29920,买盘
723,13:44:57,4.4,--,21,9240,买盘
724,13:44:48,4.4,--,1,440,买盘
725,13:44:42,4.4,--,12,5280,买盘
726,13:44:32,4.4,--,103,45320,买盘
727,13:44:27,4.4,--,6,2640,买盘
728,13:44:12,4.4,0.01,51,22440,买盘
729,13:44:07,4.39,-0.01,1,438,卖盘
730,13:44:02,4.4,--,57,25080,买盘
731,13:43:57,4.4,--,24,10560,买盘
732,13:43:42,4.4,--,1,440,买盘
733,13:43:37,4.4,--,58,25520,买盘
734,13:43:32,4.4,--,70,30800,买盘
735,13:43:27,4.4,--,14,6160,买盘
736,13:43:12,4.4,--,26,11440,买盘
737,13:43:07,4.4,--,58,25520,买盘
738,13:42:52,4.4,0.01,75,33000,买盘
739,13:42:42,4.39,-0.01,11,4829,卖盘
740,13:42:36,4.4,--,59,25960,买盘
741,13:42:27,4.4,--,3,1320,买盘
742,13:42:21,4.4,--,4,1760,买盘
743,13:42:12,4.4,--,1,440,买盘
744,13:42:07,4.4,--,61,26840,买盘
745,13:41:57,4.4,0.01,5,2200,买盘
746,13:41:51,4.39,-0.01,231,101408,卖盘
747,13:41:47,4.4,--,100,44000,买盘
748,13:41:42,4.4,--,1,440,买盘
749,13:41:36,4.4,--,59,25960,买盘
750,13:41:32,4.4,0.01,15,6600,买盘
751,13:41:27,4.39,-0.01,127,55752,卖盘
752,13:41:21,4.4,0.01,2,880,买盘
753,13:41:12,4.39,--,91,39949,卖盘
754,13:41:06,4.39,-0.01,163,71557,卖盘
755,13:40:57,4.4,0.01,6,2640,买盘
756,13:40:51,4.39,--,68,29851,卖盘
757,13:40:47,4.39,--,7,3073,卖盘
758,13:40:41,4.39,--,108,47412,卖盘
759,13:40:36,4.39,-0.01,172,75508,卖盘
760,13:40:27,4.4,--,12,5280,买盘
761,13:40:21,4.4,--,28,12320,买盘
762,13:40:16,4.4,--,3,1320,买盘
763,13:40:11,4.4,--,1,440,买盘
764,13:40:06,4.4,--,62,27280,买盘
765,13:40:01,4.4,--,1,440,买盘
766,13:39:51,4.4,--,1,440,买盘
767,13:39:47,4.4,--,12,5280,买盘
768,13:39:41,4.4,--,55,24200,买盘
769,13:39:36,4.4,--,58,25520,买盘
770,13:39:31,4.4,--,21,9240,买盘
771,13:39:26,4.4,--,69,30360,买盘
772,13:39:21,4.4,--,2,880,买盘
773,13:39:16,4.4,--,1,440,买盘
774,13:39:06,4.4,--,56,24640,买盘
775,13:39:01,4.4,0.01,13,5720,买盘
776,13:38:56,4.39,-0.01,1,438,卖盘
777,13:38:51,4.4,0.01,12,5280,买盘
778,13:38:46,4.39,-0.01,4,1755,卖盘
779,13:38:41,4.4,--,7,3080,买盘
780,13:38:36,4.4,--,67,29480,买盘
781,13:38:11,4.4,--,53,23320,买盘
782,13:38:06,4.4,--,57,25080,买盘
783,13:37:56,4.4,0.01,70,30800,买盘
784,13:37:51,4.39,--,2,877,卖盘
785,13:37:41,4.39,-0.01,57,25022,卖盘
786,13:37:36,4.4,--,102,44880,买盘
787,13:37:31,4.4,--,34,14960,买盘
788,13:37:26,4.4,--,241,106040,买盘
789,13:37:16,4.4,--,21,9240,买盘
790,13:37:06,4.4,--,61,26840,买盘
791,13:37:01,4.4,--,1021,449240,买盘
792,13:36:56,4.4,0.01,142,62480,买盘
793,13:36:46,4.39,--,10,4390,卖盘
794,13:36:36,4.39,--,399,175161,买盘
795,13:36:31,4.39,--,15,6584,买盘
796,13:36:16,4.39,--,0,0,买盘
797,13:36:06,4.39,0.02,113,49914,买盘
798,13:35:51,4.37,0.01,1100,480700,买盘
799,13:35:36,4.36,--,73,31828,卖盘
800,13:35:21,4.36,--,122,53192,买盘
801,13:35:15,4.36,--,790,344440,买盘
802,13:35:11,4.36,--,7,3052,买盘
803,13:35:06,4.36,0.01,82,35752,买盘
804,13:35:00,4.35,-0.01,9,3914,卖盘
805,13:34:56,4.36,0.01,55,23980,买盘
806,13:34:51,4.35,--,10,4350,卖盘
807,13:34:45,4.35,--,227,98875,中性盘
808,13:34:41,4.35,--,20,8700,买盘
809,13:34:36,4.35,--,79,34365,卖盘
810,13:34:30,4.35,0.01,3,1305,中性盘
811,13:34:26,4.34,-0.01,1000,434000,卖盘
812,13:34:21,4.35,0.01,6,2610,卖盘
813,13:34:15,4.34,-0.02,260,112840,卖盘
814,13:34:06,4.36,0.01,67,29212,买盘
815,13:33:56,4.35,--,99,43065,卖盘
816,13:33:45,4.35,--,64,27839,卖盘
817,13:33:40,4.35,--,606,263610,卖盘
818,13:33:35,4.35,-0.01,77,33495,卖盘
819,13:33:30,4.36,0.01,10,4360,买盘
820,13:33:25,4.35,--,140,60899,卖盘
821,13:33:20,4.35,-0.01,10,4350,卖盘
822,13:33:10,4.36,0.01,57,24852,买盘
823,13:33:06,4.35,-0.01,71,30884,卖盘
824,13:33:00,4.36,0.01,1,436,买盘
825,13:32:50,4.35,-0.01,10,4350,卖盘
826,13:32:45,4.36,--,105,45780,买盘
827,13:32:40,4.36,0.01,80,34880,买盘
828,13:32:35,4.35,-0.01,57,24794,卖盘
829,13:32:30,4.36,0.01,7,3052,买盘
830,13:32:25,4.35,--,58,25647,卖盘
831,13:32:20,4.35,--,13,5654,卖盘
832,13:32:15,4.35,--,37,16094,卖盘
833,13:32:10,4.35,-0.01,1027,446744,卖盘
834,13:32:05,4.36,0.01,57,24852,买盘
835,13:31:55,4.35,-0.01,7,3044,卖盘
836,13:31:50,4.36,--,73,31828,买盘
837,13:31:35,4.36,0.01,84,36624,买盘
838,13:31:30,4.35,--,11,4785,卖盘
839,13:31:20,4.35,-0.01,7,3044,卖盘
840,13:31:15,4.36,-0.01,1228,535408,卖盘
841,13:31:10,4.37,-0.03,1218,532397,卖盘
842,13:31:05,4.4,--,83,36520,买盘
843,13:30:55,4.4,--,50,22000,买盘
844,13:30:50,4.4,-0.01,1,440,买盘
845,13:30:35,4.41,0.01,57,25137,买盘
846,13:30:20,4.4,-0.01,15,6600,买盘
847,13:30:05,4.41,0.01,57,25137,买盘
848,13:29:55,4.4,-0.01,11,4840,买盘
849,13:29:35,4.41,0.02,56,24696,买盘
850,13:29:10,4.39,-0.02,6,2634,卖盘
851,13:29:05,4.41,0.01,67,29547,买盘
852,13:29:00,4.4,--,20,8800,买盘
853,13:28:54,4.4,-0.01,40,17600,卖盘
854,13:28:45,4.41,--,91,40131,买盘
855,13:28:39,4.41,--,92,40572,买盘
856,13:28:35,4.41,--,57,25137,买盘
857,13:28:30,4.41,0.01,40,17640,买盘
858,13:28:24,4.4,-0.01,10,4400,卖盘
859,13:28:20,4.41,--,0,0,买盘
860,13:28:09,4.41,--,10,4410,买盘
861,13:28:05,4.41,0.01,120,52920,买盘
862,13:28:00,4.4,--,1,440,卖盘
863,13:27:54,4.4,--,1,440,卖盘
864,13:27:50,4.4,--,8,3520,买盘
865,13:27:35,4.4,-0.01,57,25080,买盘
866,13:27:24,4.41,--,7,3087,买盘
867,13:27:20,4.41,--,44,19404,买盘
868,13:27:05,4.41,0.02,57,25137,买盘
869,13:26:54,4.39,0.01,2,877,买盘
870,13:26:39,4.38,-0.03,30,13140,卖盘
871,13:26:34,4.41,0.02,57,25137,买盘
872,13:26:29,4.39,--,4,1755,买盘
873,13:26:19,4.39,-0.02,1,438,中性盘
874,13:26:09,4.41,--,0,0,买盘
875,13:26:04,4.41,0.01,56,24696,买盘
876,13:25:49,4.4,--,3,1320,买盘
877,13:25:44,4.4,--,1,440,买盘
878,13:25:34,4.4,0.01,104,45760,买盘
879,13:25:29,4.39,--,33,14486,买盘
880,13:25:24,4.39,--,25,10975,卖盘
881,13:25:14,4.39,--,7,3073,卖盘
882,13:25:09,4.39,-0.01,1,438,中性盘
883,13:25:04,4.4,0.03,57,25080,买盘
884,13:24:59,4.37,--,1200,524400,卖盘
885,13:24:54,4.37,-0.03,1500,655500,卖盘
886,13:24:49,4.4,--,14,6160,买盘
887,13:24:39,4.4,--,40,17600,买盘
888,13:24:34,4.4,--,57,25080,买盘
889,13:24:29,4.4,--,153,67320,买盘
890,13:24:24,4.4,0.01,89,39160,买盘
891,13:24:19,4.39,--,3,1317,卖盘
892,13:24:14,4.39,-0.01,8,3511,卖盘
893,13:24:09,4.4,--,2,880,买盘
894,13:24:04,4.4,0.01,57,25080,买盘
895,13:23:59,4.39,0.02,348,152772,买盘
896,13:23:54,4.37,-0.02,2045,893665,卖盘
897,13:23:44,4.39,--,10,4390,买盘
898,13:23:39,4.39,--,92,40388,买盘
899,13:23:34,4.39,0.01,64,28095,买盘
900,13:23:29,4.38,--,22,9636,卖盘
901,13:23:24,4.38,--,1,438,卖盘
902,13:23:19,4.38,--,2,876,卖盘
903,13:23:14,4.38,-0.01,498,218124,卖盘
904,13:23:04,4.39,0.01,86,37754,买盘
905,13:22:54,4.38,--,4,2168,买盘
906,13:22:44,4.38,--,27,11826,买盘
907,13:22:34,4.38,0.01,77,33726,卖盘
908,13:22:29,4.37,--,0,0,卖盘
909,13:22:09,4.37,-0.02,3,1311,卖盘
910,13:22:04,4.39,--,57,25022,买盘
911,13:21:59,4.39,0.02,5,2195,买盘
912,13:21:44,4.37,--,155,68062,买盘
913,13:21:33,4.37,--,123,53751,买盘
914,13:21:29,4.37,--,10,4370,买盘
915,13:21:24,4.37,--,123,53751,买盘
916,13:21:18,4.37,--,12,5244,买盘
917,13:21:14,4.37,--,206,90022,买盘
918,13:21:09,4.37,--,99,43263,买盘
919,13:21:03,4.37,--,89,38893,买盘
920,13:20:59,4.37,--,9,3933,买盘
921,13:20:54,4.37,-0.02,775,338784,卖盘
922,13:20:44,4.39,-0.01,21,9219,卖盘
923,13:20:33,4.4,--,57,25080,买盘
924,13:20:29,4.4,--,1,440,买盘
925,13:20:24,4.4,-0.02,125,55000,卖盘
926,13:20:09,4.42,--,0,0,买盘
927,13:20:03,4.42,0.01,57,25194,买盘
928,13:19:59,4.41,--,176,77836,卖盘
929,13:19:48,4.41,--,12,5292,卖盘
930,13:19:44,4.41,-0.01,15,6615,卖盘
931,13:19:33,4.42,0.01,179,79118,买盘
932,13:19:28,4.41,--,30,13230,卖盘
933,13:19:18,4.41,--,110,48730,买盘
934,13:19:13,4.41,--,2,882,买盘
935,13:19:03,4.41,0.01,72,31752,买盘
936,13:18:48,4.4,--,182,80080,买盘
937,13:18:43,4.4,--,6,2640,买盘
938,13:18:38,4.4,--,10,4400,买盘
939,13:18:33,4.4,0.01,59,25960,买盘
940,13:18:28,4.39,-0.01,6,2634,卖盘
941,13:18:24,4.4,0.01,10,4400,买盘
942,13:18:18,4.39,-0.01,23,10097,卖盘
943,13:18:08,4.4,--,7,3080,买盘
944,13:18:03,4.4,--,57,25080,买盘
945,13:17:58,4.4,--,1,440,买盘
946,13:17:53,4.4,--,1,440,买盘
947,13:17:33,4.4,0.01,59,25960,买盘
948,13:17:28,4.39,-0.01,72,31607,卖盘
949,13:17:08,4.4,0.01,8,3520,买盘
950,13:17:03,4.39,-0.01,60,26339,卖盘
951,13:16:58,4.4,0.03,3,1320,买盘
952,13:16:53,4.37,-0.02,500,218500,卖盘
953,13:16:48,4.39,--,0,0,中性盘
954,13:16:43,4.39,--,0,0,卖盘
955,13:16:38,4.39,--,12,5268,买盘
956,13:16:33,4.39,0.01,65,28534,买盘
957,13:16:08,4.38,-0.01,2,876,卖盘
958,13:16:03,4.39,--,88,38632,买盘
959,13:15:48,4.39,-0.02,200,87800,卖盘
960,13:15:38,4.41,--,0,0,买盘
961,13:15:33,4.41,--,57,25137,买盘
962,13:15:23,4.41,--,0,0,买盘
963,13:15:18,4.41,0.02,230,101430,买盘
964,13:15:08,4.39,-0.02,18,7901,卖盘
965,13:15:03,4.41,0.01,85,37485,买盘
966,13:14:58,4.4,-0.01,3,1320,卖盘
967,13:14:53,4.41,--,86,37926,买盘
968,13:14:38,4.41,--,2,882,买盘
969,13:14:33,4.41,0.01,57,25137,买盘
970,13:14:12,4.4,-0.01,1,440,卖盘
971,13:14:08,4.41,--,15,6615,买盘
972,13:14:03,4.41,--,57,25137,买盘
973,13:13:48,4.41,0.01,10,4410,买盘
974,13:13:42,4.4,0.01,5,2200,卖盘
975,13:13:38,4.39,-0.02,7,3073,卖盘
976,13:13:33,4.41,0.01,102,44982,买盘
977,13:13:23,4.4,0.01,103,45320,买盘
978,13:13:18,4.39,-0.01,4,1755,卖盘
979,13:13:03,4.4,--,106,46640,买盘
980,13:12:57,4.4,--,26,11440,买盘
981,13:12:48,4.4,--,8,3520,买盘
982,13:12:33,4.4,--,96,42240,买盘
983,13:12:27,4.4,0.01,100,44000,买盘
984,13:12:18,4.39,--,8,3511,卖盘
985,13:12:03,4.39,-0.01,60,26339,卖盘
986,13:11:52,4.4,0.01,11,4840,买盘
987,13:11:37,4.39,-0.01,1,438,买盘
988,13:11:33,4.4,0.01,57,25080,买盘
989,13:11:18,4.39,0.01,410,179990,买盘
990,13:11:12,4.38,--,0,0,卖盘
991,13:11:07,4.38,-0.02,2,876,卖盘
992,13:11:02,4.4,0.02,58,25520,买盘
993,13:10:57,4.38,-0.01,10,4380,卖盘
994,13:10:52,4.39,--,9,3950,买盘
995,13:10:42,4.39,--,1,438,买盘
996,13:10:33,4.39,0.01,57,25022,买盘
997,13:10:12,4.38,--,0,0,卖盘
998,13:10:07,4.38,-0.02,1,438,卖盘
999,13:10:02,4.4,0.01,56,24640,买盘
1000,13:09:52,4.39,-0.01,4,1755,买盘
1001,13:09:42,4.4,--,0,0,买盘
1002,13:09:32,4.4,0.03,57,25080,买盘
1003,13:09:27,4.37,-0.02,100,43700,卖盘
1004,13:09:17,4.39,0.02,23,10097,买盘
1005,13:09:02,4.37,-0.02,59,25783,卖盘
1006,13:08:52,4.39,--,5,2195,买盘
1007,13:08:32,4.39,0.01,60,26339,买盘
1008,13:08:12,4.38,0.01,2,876,买盘
1009,13:08:06,4.37,-0.02,1,437,卖盘
1010,13:08:02,4.39,--,57,25022,买盘
1011,13:07:36,4.39,--,0,0,买盘
1012,13:07:32,4.39,0.02,57,25022,买盘
1013,13:07:21,4.37,-0.01,13,6008,卖盘
1014,13:07:17,4.38,0.01,18,7884,买盘
1015,13:07:12,4.37,-0.01,21,9177,卖盘
1016,13:07:02,4.38,--,56,24528,买盘
1017,13:06:32,4.38,0.01,57,24966,买盘
1018,13:06:21,4.37,--,1,437,卖盘
1019,13:06:17,4.37,--,85,37145,买盘
1020,13:06:12,4.37,--,5,2185,买盘
1021,13:06:06,4.37,-0.01,160,69920,卖盘
1022,13:06:02,4.38,0.01,57,24966,买盘
1023,13:05:57,4.37,--,77,33649,卖盘
1024,13:05:47,4.37,-0.01,34,14858,卖盘
1025,13:05:36,4.38,--,9,3942,买盘
1026,13:05:32,4.38,--,57,24966,买盘
1027,13:05:17,4.38,--,15,6570,买盘
1028,13:05:06,4.38,0.01,59,25842,买盘
1029,13:05:02,4.37,--,42,18354,卖盘
1030,13:04:56,4.37,--,91,39767,买盘
1031,13:04:51,4.37,-0.01,3,1311,中性盘
1032,13:04:41,4.38,--,53,23214,买盘
1033,13:04:36,4.38,0.02,57,24966,买盘
1034,13:04:21,4.36,-0.02,20,8720,卖盘
1035,13:04:11,4.38,--,1,438,买盘
1036,13:04:06,4.38,0.01,57,24966,买盘
1037,13:03:51,4.37,-0.01,1,437,中性盘
1038,13:03:36,4.38,0.02,56,24528,买盘
1039,13:03:26,4.36,--,4,1744,卖盘
1040,13:03:21,4.36,-0.02,1,436,卖盘
1041,13:03:06,4.38,--,82,35916,买盘
1042,13:03:01,4.38,0.02,30,13140,买盘
1043,13:02:56,4.36,-0.02,1500,654000,卖盘
1044,13:02:51,4.38,0.01,25,10950,买盘
1045,13:02:46,4.37,-0.01,5,2185,卖盘
1046,13:02:36,4.38,-0.01,104,45661,卖盘
1047,13:02:06,4.39,--,97,42583,买盘
1048,13:02:01,4.39,--,40,17560,买盘
1049,13:01:56,4.39,--,10,4390,买盘
1050,13:01:36,4.39,--,57,25022,买盘
1051,13:01:11,4.39,0.01,2,1207,买盘
1052,13:01:06,4.38,--,57,24966,买盘
1053,13:01:00,4.38,--,9,3942,买盘
1054,13:00:36,4.38,0.01,56,24528,买盘
1055,13:00:26,4.37,--,21,9177,卖盘
1056,13:00:21,4.37,--,9,3933,卖盘
1057,13:00:11,4.37,--,6,2622,卖盘
1058,13:00:06,4.37,--,559,244283,买盘
1059,11:30:00,4.37,--,0,0,买盘
1060,11:30:00,4.37,--,0,0,买盘
1061,11:30:00,4.37,--,10,4370,买盘
1062,11:29:57,4.37,0.02,4,1748,买盘
1063,11:29:52,4.35,-0.02,1500,652500,卖盘
1064,11:29:47,4.37,--,57,24909,买盘
1065,11:29:42,4.37,--,5,2185,买盘
1066,11:29:37,4.37,--,6,2622,买盘
1067,11:29:32,4.37,--,11,4807,买盘
1068,11:29:27,4.37,--,10,4370,买盘
1069,11:29:22,4.37,--,58,25346,买盘
1070,11:29:17,4.37,--,57,24909,买盘
1071,11:29:12,4.37,--,50,21850,买盘
1072,11:29:07,4.37,--,33,14421,买盘
1073,11:29:01,4.37,--,10,4370,买盘
1074,11:28:57,4.37,-0.01,7,3059,买盘
1075,11:28:52,4.38,--,0,0,买盘
1076,11:28:47,4.38,0.01,857,375366,买盘
1077,11:28:37,4.37,--,7,3059,卖盘
1078,11:28:32,4.37,0.01,7,3059,卖盘
1079,11:28:27,4.36,--,63,27489,卖盘
1080,11:28:22,4.36,-0.01,8,3488,卖盘
1081,11:28:16,4.37,-0.01,137,60284,卖盘
1082,11:28:07,4.38,0.01,37,16206,买盘
1083,11:28:02,4.37,-0.01,22,9614,卖盘
1084,11:27:57,4.38,0.01,93,40769,买盘
1085,11:27:52,4.37,--,83,36271,卖盘
1086,11:27:47,4.37,--,71,31027,卖盘
1087,11:27:37,4.37,--,7,3059,卖盘
1088,11:27:27,4.37,-0.01,35,15295,卖盘
1089,11:27:22,4.38,--,2,876,买盘
1090,11:27:17,4.38,--,56,24528,买盘
1091,11:27:12,4.38,0.01,4,1752,买盘
1092,11:27:07,4.37,-0.01,90,39330,卖盘
1093,11:26:52,4.38,--,40,17520,买盘
1094,11:26:47,4.38,0.01,57,24966,买盘
1095,11:26:42,4.37,--,20,9163,买盘
1096,11:26:37,4.37,--,10,4370,买盘
1097,11:26:32,4.37,0.01,19,8303,买盘
1098,11:26:27,4.36,-0.01,4,1744,卖盘
1099,11:26:22,4.37,--,101,44137,买盘
1100,11:26:17,4.37,--,73,31901,买盘
1101,11:26:12,4.37,--,11,4807,买盘
1102,11:25:57,4.37,--,370,161690,卖盘
1103,11:25:52,4.37,--,160,69920,买盘
1104,11:25:47,4.37,--,84,36708,买盘
1105,11:25:37,4.37,--,6,2622,买盘
1106,11:25:32,4.37,--,1,437,买盘
1107,11:25:27,4.37,0.01,4,1748,买盘
1108,11:25:21,4.36,--,16,6976,卖盘
1109,11:25:17,4.36,-0.01,67,29212,卖盘
1110,11:25:12,4.37,--,87,38019,买盘
1111,11:25:02,4.37,0.01,8,3496,中性盘
1112,11:24:56,4.36,-0.01,958,417688,卖盘
1113,11:24:51,4.37,-0.01,42,18354,卖盘
1114,11:24:47,4.38,0.01,129,56502,买盘
1115,11:24:36,4.37,--,10,4370,卖盘
1116,11:24:31,4.37,-0.01,39,17043,卖盘
1117,11:24:22,4.38,0.01,38,16644,买盘
1118,11:24:17,4.37,-0.01,57,24909,卖盘
1119,11:24:02,4.38,--,5,2190,买盘
1120,11:23:51,4.38,0.01,10,4380,买盘
1121,11:23:47,4.37,-0.01,67,29279,卖盘
1122,11:23:36,4.38,0.01,10,4380,买盘
1123,11:23:31,4.37,-0.01,596,260674,卖盘
1124,11:23:21,4.38,--,217,95317,买盘
1125,11:23:16,4.38,--,110,48180,买盘
1126,11:23:11,4.38,--,10,4380,买盘
1127,11:23:06,4.38,--,10,4380,买盘
1128,11:22:56,4.38,--,20,8760,买盘
1129,11:22:46,4.38,--,107,46866,买盘
1130,11:22:41,4.38,--,63,27594,买盘
1131,11:22:36,4.38,--,2,876,买盘
1132,11:22:16,4.38,--,57,24966,买盘
1133,11:22:06,4.38,0.01,10,4380,买盘
1134,11:21:56,4.37,-0.01,155,67735,卖盘
1135,11:21:51,4.38,-0.01,10,4380,卖盘
1136,11:21:46,4.39,0.01,57,25022,买盘
1137,11:21:36,4.38,--,9,3942,卖盘
1138,11:21:31,4.38,0.01,115,50370,买盘
1139,11:21:26,4.37,--,4,1748,卖盘
1140,11:21:16,4.37,--,371,162127,卖盘
1141,11:21:06,4.37,-0.01,20,8740,卖盘
1142,11:21:01,4.38,--,22,9636,买盘
1143,11:20:56,4.38,--,132,57816,买盘
1144,11:20:51,4.38,--,26,11388,买盘
1145,11:20:46,4.38,--,125,54750,买盘
1146,11:20:36,4.38,--,3,1314,买盘
1147,11:20:31,4.38,--,100,43800,买盘
1148,11:20:26,4.38,--,10,4380,买盘
1149,11:20:21,4.38,-0.01,2,876,买盘
1150,11:20:16,4.39,0.02,57,25022,买盘
1151,11:20:11,4.37,--,1,437,卖盘
1152,11:20:06,4.37,--,0,0,卖盘
1153,11:19:51,4.37,-0.02,12,5244,卖盘
1154,11:19:46,4.39,0.01,57,25022,买盘
1155,11:19:36,4.38,--,10,4380,买盘
1156,11:19:31,4.38,--,6,2628,买盘
1157,11:19:26,4.38,-0.01,8,3504,卖盘
1158,11:19:21,4.39,--,13,5707,买盘
1159,11:19:16,4.39,0.01,73,32046,买盘
1160,11:19:11,4.38,--,8,3504,卖盘
1161,11:19:06,4.38,0.01,25,10950,卖盘
1162,11:19:01,4.37,--,0,0,卖盘
1163,11:18:56,4.37,-0.02,2,874,卖盘
1164,11:18:46,4.39,0.01,57,25022,买盘
1165,11:18:36,4.38,-0.01,529,231702,买盘
1166,11:18:30,4.39,--,0,0,买盘
1167,11:18:21,4.39,--,0,0,买盘
1168,11:18:16,4.39,0.01,57,25022,买盘
1169,11:18:05,4.38,0.02,6,2628,卖盘
1170,11:18:01,4.36,-0.02,1000,436000,卖盘
1171,11:17:50,4.38,-0.01,200,87600,卖盘
1172,11:17:45,4.39,0.01,66,28973,买盘
1173,11:17:40,4.38,--,20,8760,买盘
1174,11:17:30,4.38,--,1,438,买盘
1175,11:17:26,4.38,--,1,438,买盘
1176,11:17:21,4.38,--,46,20148,买盘
1177,11:17:15,4.38,--,108,47304,买盘
1178,11:17:11,4.38,0.01,97,42486,买盘
1179,11:16:55,4.37,--,47,20539,买盘
1180,11:16:50,4.37,-0.01,190,83030,卖盘
1181,11:16:45,4.38,0.01,62,27156,买盘
1182,11:16:40,4.37,-0.01,11,4807,卖盘
1183,11:16:20,4.38,-0.01,18,8098,卖盘
1184,11:16:15,4.39,0.01,301,132520,买盘
1185,11:16:10,4.38,--,17,7446,卖盘
1186,11:16:05,4.38,--,5,2190,卖盘
1187,11:16:00,4.38,-0.01,5,2190,卖盘
1188,11:15:55,4.39,--,129,56666,买盘
1189,11:15:50,4.39,0.01,53,23267,买盘
1190,11:15:45,4.38,-0.01,124,54312,卖盘
1191,11:15:40,4.39,-0.01,415,182185,卖盘
1192,11:15:35,4.4,0.01,29,12760,买盘
1193,11:15:30,4.39,--,2,877,卖盘
1194,11:15:25,4.39,0.01,23,10097,卖盘
1195,11:15:19,4.38,-0.01,489,214427,卖盘
1196,11:15:15,4.39,--,177,77703,买盘
1197,11:15:10,4.39,--,5,2195,买盘
1198,11:15:05,4.39,--,40,17560,买盘
1199,11:15:00,4.39,--,67,29412,买盘
1200,11:14:55,4.39,--,95,41705,买盘
1201,11:14:45,4.39,--,73,32046,买盘
1202,11:14:40,4.39,0.01,50,21950,买盘
1203,11:14:30,4.38,--,2,876,卖盘
1204,11:14:25,4.38,--,1,438,卖盘
1205,11:14:20,4.38,--,44,19272,买盘
1206,11:14:15,4.38,--,77,33726,买盘
1207,11:14:10,4.38,--,51,22338,买盘
1208,11:14:05,4.38,0.01,21,9198,买盘
1209,11:14:00,4.37,-0.01,121,52877,卖盘
1210,11:13:55,4.38,0.01,32,14016,买盘
1211,11:13:50,4.37,-0.01,6,2622,卖盘
1212,11:13:45,4.38,0.01,93,40734,卖盘
1213,11:13:40,4.37,--,0,0,卖盘
1214,11:13:30,4.37,-0.01,124,54188,卖盘
1215,11:13:25,4.38,-0.01,88,38627,卖盘
1216,11:13:15,4.39,0.01,115,50840,买盘
1217,11:13:10,4.38,--,146,63948,买盘
1218,11:13:05,4.38,0.01,54,23652,买盘
1219,11:12:55,4.37,--,50,21850,卖盘
1220,11:12:50,4.37,-0.01,9,3933,卖盘
1221,11:12:45,4.38,--,57,24966,买盘
1222,11:12:40,4.38,0.02,115,50370,买盘
1223,11:12:35,4.36,-0.02,130,56680,卖盘
1224,11:12:30,4.38,0.02,16,7008,买盘
1225,11:12:25,4.36,-0.01,170,74120,卖盘
1226,11:12:20,4.37,0.01,249,108813,买盘
1227,11:12:15,4.36,-0.01,252,109872,卖盘
1228,11:12:10,4.37,--,44,19228,买盘
1229,11:12:05,4.37,--,15,6555,买盘
1230,11:12:00,4.37,0.01,4,1748,买盘
1231,11:11:54,4.36,--,27,11772,卖盘
1232,11:11:50,4.36,-0.01,72,31392,卖盘
1233,11:11:45,4.37,0.01,62,27094,买盘
1234,11:11:40,4.36,--,129,56244,买盘
1235,11:11:30,4.36,--,31,13516,买盘
1236,11:11:24,4.36,--,22,9592,买盘
1237,11:11:20,4.36,-0.01,1,436,中性盘
1238,11:11:15,4.37,0.01,675,294975,买盘
1239,11:11:10,4.36,-0.01,120,52320,卖盘
1240,11:11:05,4.37,0.01,56,24472,买盘
1241,11:10:59,4.36,-0.01,63,27468,卖盘
1242,11:10:54,4.37,--,6,2622,买盘
1243,11:10:44,4.37,--,212,92644,买盘
1244,11:10:39,4.37,--,10,4370,买盘
1245,11:10:35,4.37,--,2,874,买盘
1246,11:10:29,4.37,--,77,33649,买盘
1247,11:10:24,4.37,0.01,202,88274,买盘
1248,11:10:20,4.36,-0.01,232,101152,卖盘
1249,11:10:14,4.37,--,84,36708,买盘
1250,11:10:09,4.37,--,214,93518,卖盘
1251,11:10:04,4.37,--,84,36708,买盘
1252,11:09:59,4.37,--,1,437,买盘
1253,11:09:54,4.37,0.01,105,45885,买盘
1254,11:09:49,4.36,-0.01,150,65400,卖盘
1255,11:09:44,4.37,0.01,194,84778,买盘
1256,11:09:39,4.36,-0.01,50,21800,卖盘
1257,11:09:34,4.37,--,29,12673,买盘
1258,11:09:29,4.37,0.01,4,1748,买盘
1259,11:09:24,4.36,-0.01,306,133416,卖盘
1260,11:09:19,4.37,--,514,224618,卖盘
1261,11:09:09,4.37,-0.01,78,34086,卖盘
1262,11:09:04,4.38,--,1,438,买盘
1263,11:08:59,4.38,-0.01,225,98852,卖盘
1264,11:08:54,4.39,0.01,136,59703,买盘
1265,11:08:48,4.38,--,143,62634,卖盘
1266,11:08:44,4.38,--,15,6570,卖盘
1267,11:08:34,4.38,-0.01,16,7008,卖盘
1268,11:08:29,4.39,--,34,14925,卖盘
1269,11:08:24,4.39,--,5,2195,卖盘
1270,11:08:19,4.39,--,186,81654,卖盘
1271,11:08:14,4.39,-0.01,50,21950,卖盘
1272,11:08:09,4.4,0.02,135,59400,买盘
1273,11:08:04,4.38,-0.01,22,9636,卖盘
1274,11:07:54,4.39,--,19,8341,中性盘
1275,11:07:49,4.39,--,390,171210,买盘
1276,11:07:44,4.39,-0.01,655,287545,卖盘
1277,11:07:39,4.4,--,2,880,买盘
1278,11:07:34,4.4,0.01,13,5720,买盘
1279,11:07:24,4.39,-0.01,117,51362,中性盘
1280,11:07:19,4.4,0.02,459,201960,买盘
1281,11:07:09,4.38,--,91,39858,卖盘
1282,11:07:04,4.38,--,951,416673,卖盘
1283,11:06:53,4.38,-0.01,262,114756,卖盘
1284,11:06:49,4.39,--,996,437243,卖盘
1285,11:06:44,4.39,-0.01,1,438,卖盘
1286,11:06:39,4.4,0.01,2115,930600,买盘
1287,11:06:33,4.39,-0.01,119,52240,卖盘
1288,11:06:29,4.4,--,8,3520,买盘
1289,11:06:23,4.4,-0.01,2326,1023440,卖盘
1290,11:06:19,4.41,-0.01,135,59535,卖盘
1291,11:06:08,4.42,0.02,91,40222,买盘
1292,11:06:03,4.4,-0.01,20,8800,卖盘
1293,11:05:59,4.41,--,12,5292,买盘
1294,11:05:53,4.41,--,43,18963,卖盘
1295,11:05:49,4.41,-0.01,117,51597,卖盘
1296,11:05:43,4.42,0.01,9,3978,买盘
1297,11:05:34,4.41,-0.01,3,1323,卖盘
1298,11:05:28,4.42,--,0,0,买盘
1299,11:05:24,4.42,--,65,28730,买盘
1300,11:05:18,4.42,0.01,146,64532,买盘
1301,11:05:08,4.41,-0.03,1544,681062,卖盘
1302,11:04:59,4.44,--,1,444,买盘
1303,11:04:49,4.44,0.02,56,24864,买盘
1304,11:04:34,4.42,-0.01,7,3094,卖盘
1305,11:04:23,4.43,--,64,28635,买盘
1306,11:04:18,4.43,--,310,137330,买盘
1307,11:04:14,4.43,--,15,6645,买盘
1308,11:04:08,4.43,--,3,1329,卖盘
1309,11:04:03,4.43,--,129,57146,买盘
1310,11:03:58,4.43,--,200,88600,买盘
1311,11:03:53,4.43,--,1053,466478,买盘
1312,11:03:48,4.43,--,120,53160,买盘
1313,11:03:28,4.43,--,5,2215,买盘
1314,11:03:23,4.43,--,1511,669373,买盘
1315,11:03:18,4.43,--,57,25251,买盘
1316,11:03:13,4.43,0.01,195,86385,买盘
1317,11:03:08,4.42,-0.01,7,3094,卖盘
1318,11:02:58,4.43,--,10,4430,买盘
1319,11:02:53,4.43,--,109,48287,卖盘
1320,11:02:48,4.43,--,67,29680,卖盘
1321,11:02:38,4.43,-0.01,1,443,卖盘
1322,11:02:33,4.44,0.01,12,5328,买盘
1323,11:02:28,4.43,--,14,6202,卖盘
1324,11:02:22,4.43,-0.01,1,443,卖盘
1325,11:02:18,4.44,0.01,58,25752,买盘
1326,11:02:12,4.43,-0.01,1,443,卖盘
1327,11:02:08,4.44,--,3,1332,买盘
1328,11:01:57,4.44,-0.01,7,3108,买盘
1329,11:01:53,4.45,--,0,0,买盘
1330,11:01:48,4.45,0.03,56,24920,买盘
1331,11:01:33,4.42,--,0,0,卖盘
1332,11:01:18,4.42,--,125,55373,买盘
1333,11:01:13,4.42,--,1652,730524,卖盘
1334,11:01:03,4.42,-0.01,6,2652,卖盘
1335,11:00:58,4.43,0.01,3,1329,买盘
1336,11:00:53,4.42,-0.01,73,32367,卖盘
1337,11:00:48,4.43,0.01,57,25251,买盘
1338,11:00:42,4.42,--,19,8398,卖盘
1339,11:00:38,4.42,--,43,19006,卖盘
1340,11:00:33,4.42,--,60,26520,卖盘
1341,11:00:28,4.42,-0.01,187,82654,卖盘
1342,11:00:18,4.43,--,57,25251,买盘
1343,11:00:13,4.43,--,1,443,买盘
1344,11:00:08,4.43,-0.01,303,134229,卖盘
1345,11:00:02,4.44,--,1,444,买盘
1346,10:59:52,4.44,-0.01,3,1332,卖盘
1347,10:59:47,4.45,--,108,48060,卖盘
1348,10:59:43,4.45,--,0,0,中性盘
1349,10:59:32,4.45,--,16,7120,卖盘
1350,10:59:28,4.45,-0.01,1,445,卖盘
1351,10:59:17,4.46,0.01,62,27652,买盘
1352,10:59:12,4.45,--,1,445,卖盘
1353,10:59:08,4.45,--,41,18245,卖盘
1354,10:59:02,4.45,0.02,196,87220,买盘
1355,10:58:57,4.43,-0.02,30,13290,卖盘
1356,10:58:53,4.45,--,0,0,买盘
1357,10:58:47,4.45,--,207,92115,买盘
1358,10:58:42,4.45,0.01,359,159755,买盘
1359,10:58:37,4.44,0.01,2,888,卖盘
1360,10:58:32,4.43,--,21,9303,卖盘
1361,10:58:27,4.43,-0.01,45,19935,卖盘
1362,10:58:22,4.44,0.01,21,9324,买盘
1363,10:58:17,4.43,-0.01,70,31009,卖盘
1364,10:58:12,4.44,--,17,7548,买盘
1365,10:58:07,4.44,0.01,6,2664,买盘
1366,10:58:02,4.43,--,675,299025,卖盘
1367,10:57:57,4.43,-0.01,19,8417,卖盘
1368,10:57:47,4.44,--,57,25308,买盘
1369,10:57:43,4.44,0.02,7,3108,买盘
1370,10:57:27,4.42,-0.03,115,50830,卖盘
1371,10:57:22,4.45,0.02,309,137505,买盘
1372,10:57:17,4.43,-0.01,293,129798,卖盘
1373,10:57:12,4.44,--,40,17760,卖盘
1374,10:57:02,4.44,0.02,159,70596,买盘
1375,10:56:57,4.42,-0.01,455,201110,卖盘
1376,10:56:47,4.43,--,111,49173,卖盘
1377,10:56:42,4.43,--,1081,478882,买盘
1378,10:56:37,4.43,--,34,15061,买盘
1379,10:56:32,4.43,0.01,20,8860,买盘
1380,10:56:27,4.42,-0.01,34,15028,卖盘
1381,10:56:17,4.43,--,62,27466,买盘
1382,10:56:12,4.43,--,98,43414,卖盘
1383,10:56:07,4.43,--,122,54046,卖盘
1384,10:56:02,4.43,--,6,2658,卖盘
1385,10:55:57,4.43,--,3,1329,卖盘
1386,10:55:51,4.43,-0.01,20,8860,卖盘
1387,10:55:47,4.44,--,440,195360,卖盘
1388,10:55:42,4.44,--,52,23088,卖盘
1389,10:55:36,4.44,-0.01,35,15540,卖盘
1390,10:55:27,4.45,--,15,6675,买盘
1391,10:55:17,4.45,0.01,56,24920,买盘
1392,10:55:12,4.44,-0.01,71,31524,卖盘
1393,10:55:06,4.45,-0.01,3,1335,买盘
1394,10:54:51,4.46,--,0,0,买盘
1395,10:54:47,4.46,0.01,57,25422,买盘
1396,10:54:42,4.45,--,1087,483715,卖盘
1397,10:54:36,4.45,--,50,22250,卖盘
1398,10:54:21,4.45,-0.01,42,18690,卖盘
1399,10:54:17,4.46,--,57,25422,买盘
1400,10:54:12,4.46,0.01,149,66454,买盘
1401,10:54:06,4.45,-0.01,92,40940,卖盘
1402,10:53:57,4.46,-0.01,82,36572,卖盘
1403,10:53:46,4.47,0.01,57,25479,中性盘
1404,10:53:42,4.46,--,20,8920,卖盘
1405,10:53:27,4.46,-0.02,25,11150,卖盘
1406,10:53:21,4.48,--,0,0,买盘
1407,10:53:17,4.48,0.02,60,26880,买盘
1408,10:53:11,4.46,--,0,0,中性盘
1409,10:53:06,4.46,0.01,10,4460,买盘
1410,10:53:01,4.45,--,111,49395,卖盘
1411,10:52:56,4.45,-0.03,18,8010,卖盘
1412,10:52:46,4.48,0.03,57,25536,买盘
1413,10:52:41,4.45,--,0,0,卖盘
1414,10:52:32,4.45,-0.01,44,19580,卖盘
1415,10:52:26,4.46,-0.03,10,4460,买盘
1416,10:52:21,4.49,--,0,0,买盘
1417,10:52:16,4.49,0.04,56,25144,买盘
1418,10:52:06,4.45,-0.02,1587,706215,卖盘
1419,10:52:01,4.47,--,54,24138,买盘
1420,10:51:45,4.47,--,57,25479,买盘
1421,10:51:31,4.47,0.01,371,165837,买盘
1422,10:51:26,4.46,-0.01,182,81172,卖盘
1423,10:51:21,4.47,--,62,27714,买盘
1424,10:51:16,4.47,--,57,25479,买盘
1425,10:50:51,4.47,--,13,5811,买盘
1426,10:50:45,4.47,--,57,25479,买盘
1427,10:50:36,4.47,0.01,10,4470,买盘
1428,10:50:30,4.46,-0.01,2,892,卖盘
1429,10:50:26,4.47,--,3,1341,买盘
1430,10:50:15,4.47,--,57,25479,买盘
1431,10:50:06,4.47,--,100,44700,买盘
1432,10:49:56,4.47,0.01,1,447,买盘
1433,10:49:51,4.46,-0.01,32,14272,卖盘
1434,10:49:45,4.47,--,57,25479,买盘
1435,10:49:41,4.47,--,7,3129,买盘
1436,10:49:36,4.47,--,22,9834,买盘
1437,10:49:30,4.47,0.01,31,13857,买盘
1438,10:49:21,4.46,--,1,446,卖盘
1439,10:49:15,4.46,-0.01,58,25868,卖盘
1440,10:49:11,4.47,0.01,5,2235,买盘
1441,10:49:06,4.46,--,139,61994,买盘
1442,10:48:56,4.46,--,38,16948,卖盘
1443,10:48:45,4.46,-0.01,92,41032,卖盘
1444,10:48:41,4.47,0.01,1,447,买盘
1445,10:48:36,4.46,--,13,5798,卖盘
1446,10:48:26,4.46,--,9,4014,卖盘
1447,10:48:21,4.46,-0.01,74,33004,卖盘
1448,10:48:15,4.47,--,77,34419,买盘
1449,10:47:45,4.47,--,57,25479,买盘
1450,10:47:40,4.47,0.01,1,447,买盘
1451,10:47:30,4.46,--,83,37018,卖盘
1452,10:47:25,4.46,--,10,4460,卖盘
1453,10:47:21,4.46,-0.01,50,22300,卖盘
1454,10:47:15,4.47,0.02,57,25479,买盘
1455,10:47:06,4.45,--,0,0,卖盘
1456,10:47:00,4.45,-0.01,488,217160,卖盘
1457,10:46:55,4.46,--,1,446,卖盘
1458,10:46:51,4.46,-0.01,4,1784,卖盘
1459,10:46:45,4.47,--,57,25479,买盘
1460,10:46:25,4.47,--,53,23691,买盘
1461,10:46:21,4.47,-0.02,111,49617,卖盘
1462,10:46:15,4.49,--,57,25593,买盘
1463,10:46:00,4.49,0.03,15,6735,买盘
1464,10:45:51,4.46,-0.03,5,2230,卖盘
1465,10:45:45,4.49,0.03,56,25144,买盘
1466,10:45:30,4.46,--,17,7582,买盘
1467,10:45:15,4.46,--,57,25422,买盘
1468,10:45:05,4.46,--,230,102580,卖盘
1469,10:45:00,4.46,-0.04,307,136922,卖盘
1470,10:44:55,4.5,--,22,9900,买盘
1471,10:44:45,4.5,0.01,63,28350,买盘
1472,10:44:40,4.49,--,10,4490,卖盘
1473,10:44:30,4.49,-0.01,9,4041,卖盘
1474,10:44:15,4.5,--,57,25650,买盘
1475,10:44:05,4.5,--,44,19800,买盘
1476,10:43:50,4.5,-0.01,4,1800,卖盘
1477,10:43:45,4.51,0.01,57,25707,买盘
1478,10:43:40,4.5,--,175,78750,卖盘
1479,10:43:20,4.5,-0.01,86,38700,卖盘
1480,10:43:15,4.51,0.01,59,26609,买盘
1481,10:43:05,4.5,--,50,22500,卖盘
1482,10:43:00,4.5,-0.01,7,3150,卖盘
1483,10:42:50,4.51,--,57,25707,买盘
1484,10:42:45,4.51,0.01,60,27060,买盘
1485,10:42:39,4.5,--,88,39600,买盘
1486,10:42:30,4.5,--,20,9000,买盘
1487,10:42:15,4.5,0.01,56,25200,买盘
1488,10:42:05,4.49,0.01,5,2245,卖盘
1489,10:41:54,4.48,--,0,0,卖盘
1490,10:41:50,4.48,-0.02,128,57344,卖盘
1491,10:41:45,4.5,0.01,57,25650,买盘
1492,10:41:35,4.49,-0.01,5,2245,中性盘
1493,10:41:30,4.5,--,63,28350,买盘
1494,10:41:24,4.5,0.01,20,9000,买盘
1495,10:41:20,4.49,-0.01,3,1347,卖盘
1496,10:41:15,4.5,--,57,25650,买盘
1497,10:41:00,4.5,--,0,0,买盘
1498,10:40:50,4.5,--,0,0,买盘
1499,10:40:45,4.5,0.03,57,25650,买盘
1500,10:40:24,4.47,-0.02,30,13410,卖盘
1501,10:40:15,4.49,0.02,120,53880,买盘
1502,10:40:05,4.47,--,68,30396,买盘
1503,10:40:00,4.47,0.01,16,7152,买盘
1504,10:39:49,4.46,-0.01,10,4460,卖盘
1505,10:39:45,4.47,--,57,25479,买盘
1506,10:39:24,4.47,0.01,73,32631,买盘
1507,10:39:15,4.46,-0.01,243,108378,卖盘
1508,10:39:09,4.47,--,15,6705,买盘
1509,10:39:00,4.47,0.02,7,3129,买盘
1510,10:38:54,4.45,-0.01,260,115700,卖盘
1511,10:38:49,4.46,-0.01,13,5798,买盘
1512,10:38:45,4.47,0.02,70,31290,买盘
1513,10:38:39,4.45,--,11,4895,卖盘
1514,10:38:34,4.45,-0.01,69,30705,卖盘
1515,10:38:19,4.46,0.01,6,2676,买盘
1516,10:38:15,4.45,-0.01,308,137060,卖盘
1517,10:38:09,4.46,--,26,11596,买盘
1518,10:38:04,4.46,0.01,100,44600,买盘
1519,10:37:59,4.45,--,37,16465,卖盘
1520,10:37:54,4.45,--,122,54290,卖盘
1521,10:37:49,4.45,-0.01,11,4895,卖盘
1522,10:37:44,4.46,0.01,535,238610,买盘
1523,10:37:39,4.45,-0.01,418,186010,卖盘
1524,10:37:19,4.46,--,7,3122,买盘
1525,10:37:14,4.46,-0.01,272,121312,卖盘
1526,10:37:09,4.47,--,1,447,买盘
1527,10:37:04,4.47,--,62,27714,买盘
1528,10:36:54,4.47,--,10,4470,买盘
1529,10:36:44,4.47,0.01,57,25479,买盘
1530,10:36:39,4.46,-0.01,12,5352,卖盘
1531,10:36:24,4.47,-0.03,46,20562,卖盘
1532,10:36:19,4.5,--,0,0,买盘
1533,10:36:14,4.5,0.05,57,25650,买盘
1534,10:36:09,4.45,-0.03,235,104575,卖盘
1535,10:35:54,4.48,0.03,5,2240,中性盘
1536,10:35:48,4.45,-0.04,1500,667500,卖盘
1537,10:35:44,4.49,0.02,66,29634,买盘
1538,10:35:29,4.47,-0.02,201,89847,卖盘
1539,10:35:18,4.49,--,0,0,买盘
1540,10:35:14,4.49,0.01,57,25593,买盘
1541,10:35:09,4.48,--,35,15680,卖盘
1542,10:35:03,4.48,--,15,6720,买盘
1543,10:34:59,4.48,--,5,2240,买盘
1544,10:34:54,4.48,--,67,30016,买盘
1545,10:34:44,4.48,0.01,57,25536,买盘
1546,10:34:33,4.47,-0.01,2,894,卖盘
1547,10:34:29,4.48,0.01,5,2240,买盘
1548,10:34:23,4.47,-0.02,1,447,卖盘
1549,10:34:14,4.49,0.02,57,25593,买盘
1550,10:34:09,4.47,--,200,89400,卖盘
1551,10:33:59,4.47,-0.01,109,48723,卖盘
1552,10:33:53,4.48,--,18,8064,卖盘
1553,10:33:48,4.48,-0.01,1,448,卖盘
1554,10:33:44,4.49,0.02,150,67350,买盘
1555,10:33:38,4.47,-0.01,356,159132,卖盘
1556,10:33:33,4.48,--,1,448,买盘
1557,10:33:29,4.48,--,3,1344,买盘
1558,10:33:23,4.48,-0.01,190,85120,卖盘
1559,10:33:18,4.49,--,1,449,买盘
1560,10:33:14,4.49,0.01,57,25593,买盘
1561,10:32:53,4.48,-0.01,29,12992,卖盘
1562,10:32:43,4.49,0.01,56,25144,买盘
1563,10:32:38,4.48,--,20,8960,买盘
1564,10:32:29,4.48,0.02,41,18368,买盘
1565,10:32:23,4.46,-0.01,306,136476,卖盘
1566,10:32:18,4.47,0.01,209,93423,买盘
1567,10:32:13,4.46,-0.01,113,50398,卖盘
1568,10:32:03,4.47,0.01,100,44700,买盘
1569,10:31:58,4.46,--,108,48168,卖盘
1570,10:31:53,4.46,-0.01,136,60656,卖盘
1571,10:31:48,4.47,--,119,53193,买盘
1572,10:31:43,4.47,--,7,3129,买盘
1573,10:31:38,4.47,--,12,5364,买盘
1574,10:31:33,4.47,--,51,22797,买盘
1575,10:31:28,4.47,--,22,9834,买盘
1576,10:31:23,4.47,0.01,4,1788,买盘
1577,10:31:18,4.46,--,139,61994,卖盘
1578,10:31:08,4.46,--,58,25868,卖盘
1579,10:31:03,4.46,--,24,10704,卖盘
1580,10:30:53,4.46,-0.01,42,18732,卖盘
1581,10:30:48,4.47,--,64,28608,买盘
1582,10:30:43,4.47,--,2,894,买盘
1583,10:30:38,4.47,--,210,93870,卖盘
1584,10:30:33,4.47,-0.01,131,58557,卖盘
1585,10:30:28,4.48,--,6,2688,买盘
1586,10:30:23,4.48,0.01,15,6720,买盘
1587,10:30:18,4.47,--,93,41571,卖盘
1588,10:30:13,4.47,--,20,8940,卖盘
1589,10:30:08,4.47,--,133,59451,卖盘
1590,10:30:03,4.47,--,118,52746,卖盘
1591,10:29:58,4.47,0.01,100,44700,买盘
1592,10:29:53,4.46,-0.01,41,18286,卖盘
1593,10:29:48,4.47,0.01,162,72414,中性盘
1594,10:29:43,4.46,-0.01,22,9812,卖盘
1595,10:29:38,4.47,0.01,191,85377,买盘
1596,10:29:32,4.46,--,1,446,卖盘
1597,10:29:27,4.46,--,6,2676,卖盘
1598,10:29:23,4.46,-0.01,105,46830,卖盘
1599,10:29:18,4.47,0.01,80,35760,中性盘
1600,10:29:12,4.46,--,24,10704,卖盘
1601,10:29:08,4.46,-0.01,181,80726,卖盘
1602,10:29:02,4.47,--,646,288762,中性盘
1603,10:28:57,4.47,--,0,0,买盘
1604,10:28:53,4.47,-0.01,12,5364,买盘
1605,10:28:47,4.48,0.02,57,25536,买盘
1606,10:28:42,4.46,-0.01,136,60656,卖盘
1607,10:28:38,4.47,-0.02,87,38889,卖盘
1608,10:28:32,4.49,0.02,5,2245,买盘
1609,10:28:27,4.47,-0.01,212,94764,卖盘
1610,10:28:23,4.48,--,94,42112,卖盘
1611,10:28:17,4.48,--,205,91840,卖盘
1612,10:28:12,4.48,0.01,72,32256,卖盘
1613,10:28:08,4.47,--,0,0,卖盘
1614,10:28:02,4.47,-0.01,1200,536400,卖盘
1615,10:27:53,4.48,0.01,116,51968,中性盘
1616,10:27:47,4.47,-0.01,665,297255,卖盘
1617,10:27:42,4.48,0.01,6,2688,买盘
1618,10:27:38,4.47,--,100,44700,卖盘
1619,10:27:32,4.47,-0.03,450,201150,卖盘
1620,10:27:27,4.5,0.01,11,4950,买盘
1621,10:27:23,4.49,--,209,93841,买盘
1622,10:27:17,4.49,--,728,326872,卖盘
1623,10:27:08,4.49,-0.01,2,898,卖盘
1624,10:27:02,4.5,--,33,14850,卖盘
1625,10:26:57,4.5,--,21,9450,卖盘
1626,10:26:53,4.5,--,39,17550,卖盘
1627,10:26:47,4.5,--,79,35550,卖盘
1628,10:26:42,4.5,--,106,47700,卖盘
1629,10:26:38,4.5,--,29,13050,卖盘
1630,10:26:32,4.5,--,50,22500,卖盘
1631,10:26:23,4.5,--,18,8100,卖盘
1632,10:26:17,4.5,--,58,26100,卖盘
1633,10:26:12,4.5,-0.01,22,9900,卖盘
1634,10:26:07,4.51,--,124,55924,买盘
1635,10:26:02,4.51,--,754,340054,买盘
1636,10:25:57,4.51,-0.01,689,310739,卖盘
1637,10:25:53,4.52,0.01,3,1355,卖盘
1638,10:25:47,4.51,--,77,34727,卖盘
1639,10:25:22,4.51,-0.02,56,25256,卖盘
1640,10:25:17,4.53,0.01,57,25821,买盘
1641,10:25:12,4.52,0.01,2,903,卖盘
1642,10:24:57,4.51,--,0,0,卖盘
1643,10:24:52,4.51,-0.02,100,45100,卖盘
1644,10:24:47,4.53,0.02,59,26727,买盘
1645,10:24:32,4.51,--,0,0,卖盘
1646,10:24:27,4.51,-0.01,15,6765,卖盘
1647,10:24:22,4.52,-0.01,100,45199,卖盘
1648,10:24:17,4.53,0.02,57,25821,买盘
1649,10:24:12,4.51,-0.02,5,2255,卖盘
1650,10:23:57,4.53,--,1,453,卖盘
1651,10:23:52,4.53,-0.01,5,2265,卖盘
1652,10:23:47,4.54,0.01,57,25878,买盘
1653,10:23:42,4.53,-0.01,1,453,中性盘
1654,10:23:37,4.54,0.03,300,136200,买盘
1655,10:23:32,4.51,--,3,1353,卖盘
1656,10:23:17,4.51,--,66,29766,卖盘
1657,10:23:12,4.51,-0.02,6,2706,卖盘
1658,10:23:02,4.53,0.01,2,906,买盘
1659,10:22:51,4.52,--,0,0,卖盘
1660,10:22:47,4.52,0.01,361,163171,买盘
1661,10:22:41,4.51,--,1,451,卖盘
1662,10:22:36,4.51,-0.01,100,45100,卖盘
1663,10:22:32,4.52,--,20,9040,买盘
1664,10:22:27,4.52,--,546,246791,买盘
1665,10:22:21,4.52,0.01,10,4520,买盘
1666,10:22:17,4.51,--,154,69454,卖盘
1667,10:21:56,4.51,-0.01,46,20746,买盘
1668,10:21:47,4.52,0.01,65,29379,买盘
1669,10:21:41,4.51,-0.01,173,78023,卖盘
1670,10:21:36,4.52,0.01,14,6327,买盘
1671,10:21:32,4.51,-0.01,1,451,卖盘
1672,10:21:26,4.52,0.01,2,903,买盘
1673,10:21:21,4.51,-0.01,4,1804,中性盘
1674,10:21:17,4.52,0.01,57,25763,买盘
1675,10:21:11,4.51,-0.01,43,19393,卖盘
1676,10:21:02,4.52,0.01,9,4067,买盘
1677,10:20:51,4.51,-0.01,70,31570,卖盘
1678,10:20:47,4.52,0.01,57,25763,买盘
1679,10:20:41,4.51,--,6,2706,卖盘
1680,10:20:36,4.51,--,1,451,卖盘
1681,10:20:26,4.51,-0.01,45,20295,卖盘
1682,10:20:21,4.52,--,134,60567,买盘
1683,10:20:17,4.52,--,57,25763,买盘
1684,10:20:11,4.52,--,41,18532,买盘
1685,10:20:06,4.52,--,1,451,买盘
1686,10:20:02,4.52,0.01,1,451,买盘
1687,10:19:56,4.51,-0.01,1,451,卖盘
1688,10:19:47,4.52,0.01,95,42939,买盘
1689,10:19:41,4.51,--,31,13981,卖盘
1690,10:19:32,4.51,-0.01,4,1804,卖盘
1691,10:19:16,4.52,--,57,25763,买盘
1692,10:19:11,4.52,--,62,28023,买盘
1693,10:19:06,4.52,--,100,45199,卖盘
1694,10:18:47,4.52,0.01,62,28023,卖盘
1695,10:18:41,4.51,--,215,96965,卖盘
1696,10:18:36,4.51,-0.02,100,45100,卖盘
1697,10:18:32,4.53,0.02,2,906,买盘
1698,10:18:26,4.51,--,72,32472,卖盘
1699,10:18:21,4.51,--,0,0,卖盘
1700,10:18:16,4.51,--,59,26609,卖盘
1701,10:18:11,4.51,--,1,451,卖盘
1702,10:18:06,4.51,-0.02,100,45100,卖盘
1703,10:18:01,4.53,0.02,58,26274,买盘
1704,10:17:56,4.51,-0.01,2,902,卖盘
1705,10:17:46,4.52,--,57,25763,买盘
1706,10:17:41,4.52,--,5,2260,买盘
1707,10:17:36,4.52,--,7,3163,卖盘
1708,10:17:26,4.52,--,40,18080,买盘
1709,10:17:21,4.52,-0.01,6,2711,中性盘
1710,10:17:16,4.53,0.01,57,25821,买盘
1711,10:17:11,4.52,--,1,451,买盘
1712,10:17:06,4.52,0.01,44,19887,买盘
1713,10:17:01,4.51,-0.01,26,11726,卖盘
1714,10:16:56,4.52,--,73,32996,买盘
1715,10:16:51,4.52,--,145,65540,买盘
1716,10:16:46,4.52,0.01,56,25311,买盘
1717,10:16:41,4.51,--,108,48708,卖盘
1718,10:16:36,4.51,-0.01,90,40590,卖盘
1719,10:16:31,4.52,0.01,103,46555,买盘
1720,10:16:26,4.51,--,18,8118,卖盘
1721,10:16:21,4.51,-0.01,257,115907,卖盘
1722,10:16:16,4.52,0.01,890,402279,买盘
1723,10:16:11,4.51,-0.01,54,24354,卖盘
1724,10:16:06,4.52,0.01,100,45199,买盘
1725,10:16:00,4.51,-0.01,18,8118,卖盘
1726,10:15:56,4.52,0.01,194,87687,买盘
1727,10:15:50,4.51,-0.01,518,233618,卖盘
1728,10:15:45,4.52,--,57,25763,买盘
1729,10:15:41,4.52,--,7,3163,买盘
1730,10:15:36,4.52,0.01,70,31639,买盘
1731,10:15:30,4.51,-0.01,6,2706,卖盘
1732,10:15:26,4.52,--,350,158199,买盘
1733,10:15:15,4.52,--,127,57403,卖盘
1734,10:15:11,4.52,--,43,19435,卖盘
1735,10:15:05,4.52,--,140,63279,卖盘
1736,10:14:56,4.52,-0.01,27,12203,卖盘
1737,10:14:45,4.53,--,57,25821,买盘
1738,10:14:26,4.53,--,86,38958,卖盘
1739,10:14:20,4.53,-0.01,20,9060,卖盘
1740,10:14:15,4.54,0.01,57,25878,买盘
1741,10:14:10,4.53,--,3,1359,卖盘
1742,10:13:56,4.53,--,50,22650,卖盘
1743,10:13:50,4.53,-0.01,30,13590,卖盘
1744,10:13:45,4.54,--,56,25424,买盘
1745,10:13:41,4.54,0.01,37,16798,买盘
1746,10:13:30,4.53,--,8,3624,卖盘
1747,10:13:20,4.53,-0.01,10,4530,卖盘
1748,10:13:15,4.54,0.01,59,26786,买盘
1749,10:13:10,4.53,--,20,9060,卖盘
1750,10:12:55,4.53,-0.01,4,1812,卖盘
1751,10:12:50,4.54,-0.01,75,34050,卖盘
1752,10:12:45,4.55,0.01,72,32760,买盘
1753,10:12:40,4.54,--,10,4540,卖盘
1754,10:12:35,4.54,--,50,22700,卖盘
1755,10:12:25,4.54,-0.01,30,13620,卖盘
1756,10:12:20,4.55,--,61,27755,买盘
1757,10:12:15,4.55,0.01,58,26390,买盘
1758,10:12:05,4.54,-0.01,3,1362,卖盘
1759,10:11:55,4.55,--,5,2275,买盘
1760,10:11:50,4.55,--,2,910,买盘
1761,10:11:45,4.55,--,57,25935,买盘
1762,10:11:40,4.55,-0.01,13,5915,买盘
1763,10:11:25,4.56,--,2,911,买盘
1764,10:11:20,4.56,--,0,0,买盘
1765,10:11:15,4.56,--,57,25991,买盘
1766,10:11:10,4.56,--,30,13679,买盘
1767,10:11:05,4.56,--,10,4560,买盘
1768,10:11:00,4.56,--,5,2280,买盘
1769,10:10:55,4.56,--,2,911,买盘
1770,10:10:45,4.56,0.01,72,32832,买盘
1771,10:10:40,4.55,--,6,2730,卖盘
1772,10:10:35,4.55,--,108,49140,买盘
1773,10:10:25,4.55,--,294,133770,买盘
1774,10:10:20,4.55,--,73,33215,买盘
1775,10:10:15,4.55,--,78,35490,买盘
1776,10:09:45,4.55,0.01,67,30485,买盘
1777,10:09:39,4.54,--,7,3178,卖盘
1778,10:09:30,4.54,--,24,10896,卖盘
1779,10:09:20,4.54,-0.01,21,9534,卖盘
1780,10:09:15,4.55,0.01,71,32305,买盘
1781,10:09:05,4.54,--,7,3178,卖盘
1782,10:09:00,4.54,--,10,4540,卖盘
1783,10:08:50,4.54,--,22,9988,买盘
1784,10:08:44,4.54,--,57,25878,买盘
1785,10:08:39,4.54,--,70,31780,买盘
1786,10:08:30,4.54,--,11,4994,买盘
1787,10:08:24,4.54,-0.01,55,24970,卖盘
1788,10:08:19,4.55,--,8,3640,买盘
1789,10:08:14,4.55,0.01,79,35945,买盘
1790,10:08:05,4.54,-0.01,20,9080,卖盘
1791,10:07:50,4.55,--,7,3185,买盘
1792,10:07:44,4.55,0.01,57,25935,买盘
1793,10:07:39,4.54,0.01,5,2270,买盘
1794,10:07:35,4.53,-0.02,217,98301,中性盘
1795,10:07:29,4.55,0.02,50,22750,买盘
1796,10:07:24,4.53,-0.01,1,453,卖盘
1797,10:07:14,4.54,0.01,81,36774,买盘
1798,10:07:09,4.53,--,9,4077,买盘
1799,10:06:44,4.53,--,99,44847,买盘
1800,10:06:39,4.53,0.01,100,45300,买盘
1801,10:06:29,4.52,-0.01,9,4067,卖盘
1802,10:06:14,4.53,0.01,65,29445,买盘
1803,10:06:04,4.52,0.01,84,37968,买盘
1804,10:05:49,4.51,-0.01,16,7216,卖盘
1805,10:05:44,4.52,--,68,30735,买盘
1806,10:05:39,4.52,--,10,4520,买盘
1807,10:05:34,4.52,-0.01,15,6779,卖盘
1808,10:05:19,4.53,--,0,0,买盘
1809,10:05:14,4.53,0.01,101,45753,买盘
1810,10:05:09,4.52,--,4,1807,卖盘
1811,10:05:04,4.52,--,8,3615,卖盘
1812,10:04:54,4.52,--,21,9492,卖盘
1813,10:04:49,4.52,--,74,33448,买盘
1814,10:04:44,4.52,--,57,25763,买盘
1815,10:04:39,4.52,--,17,7683,买盘
1816,10:04:34,4.52,--,114,51527,买盘
1817,10:04:19,4.52,--,5,2260,买盘
1818,10:04:14,4.52,0.01,71,32091,买盘
1819,10:04:09,4.51,-0.01,109,49159,卖盘
1820,10:04:04,4.52,0.01,102,46103,买盘
1821,10:03:59,4.51,--,25,11275,卖盘
1822,10:03:54,4.51,--,300,135300,卖盘
1823,10:03:49,4.51,-0.02,5,2255,卖盘
1824,10:03:44,4.53,0.01,179,81087,买盘
1825,10:03:34,4.52,0.01,300,135600,买盘
1826,10:03:29,4.51,--,8,3608,卖盘
1827,10:03:24,4.51,--,1,451,卖盘
1828,10:03:19,4.51,-0.01,5,2255,卖盘
1829,10:03:14,4.52,--,97,43843,买盘
1830,10:03:09,4.52,--,22,9943,买盘
1831,10:03:04,4.52,--,80,36160,买盘
1832,10:02:59,4.52,0.01,32,14463,买盘
1833,10:02:49,4.51,-0.01,10,4510,卖盘
1834,10:02:44,4.52,--,58,26215,买盘
1835,10:02:34,4.52,--,7,3163,买盘
1836,10:02:24,4.52,--,20,9040,买盘
1837,10:02:14,4.52,--,102,46103,买盘
1838,10:01:59,4.52,--,137,61923,卖盘
1839,10:01:54,4.52,-0.01,9,4067,卖盘
1840,10:01:48,4.53,-0.01,1,453,中性盘
1841,10:01:44,4.54,0.01,130,59020,买盘
1842,10:01:38,4.53,0.01,59,26727,买盘
1843,10:01:33,4.52,--,10,4520,卖盘
1844,10:01:23,4.52,-0.01,1,451,卖盘
1845,10:01:14,4.53,0.01,57,25821,买盘
1846,10:01:08,4.52,--,2,903,卖盘
1847,10:01:03,4.52,--,5,2260,卖盘
1848,10:00:59,4.52,--,201,90851,卖盘
1849,10:00:53,4.52,--,9,4067,买盘
1850,10:00:44,4.52,0.01,699,315947,买盘
1851,10:00:38,4.51,-0.01,40,18040,卖盘
1852,10:00:33,4.52,--,10,4520,买盘
1853,10:00:23,4.52,--,6,2711,买盘
1854,10:00:14,4.52,0.01,57,25763,买盘
1855,10:00:08,4.51,--,2,902,卖盘
1856,10:00:03,4.51,-0.01,21,9471,卖盘
1857,09:59:58,4.52,0.01,24,10847,买盘
1858,09:59:48,4.51,-0.01,6,2706,卖盘
1859,09:59:43,4.52,0.01,79,35708,买盘
1860,09:59:38,4.51,-0.01,27,12177,卖盘
1861,09:59:33,4.52,--,9,4067,买盘
1862,09:59:28,4.52,0.01,8,3615,买盘
1863,09:59:23,4.51,-0.01,2,902,卖盘
1864,09:59:13,4.52,0.01,57,25763,买盘
1865,09:58:58,4.51,-0.01,39,17589,卖盘
1866,09:58:43,4.52,0.02,62,28023,买盘
1867,09:58:38,4.5,--,521,234450,卖盘
1868,09:58:33,4.5,--,2,900,卖盘
1869,09:58:28,4.5,-0.01,213,95850,卖盘
1870,09:58:13,4.51,0.01,60,27060,买盘
1871,09:58:08,4.5,-0.01,325,146250,卖盘
1872,09:57:58,4.51,--,9,4059,买盘
1873,09:57:53,4.51,--,75,33825,卖盘
1874,09:57:48,4.51,-0.01,156,70356,卖盘
1875,09:57:43,4.52,0.01,56,25311,买盘
1876,09:57:28,4.51,--,209,94259,卖盘
1877,09:57:23,4.51,-0.01,56,25256,卖盘
1878,09:57:13,4.52,0.01,50,22599,买盘
1879,09:57:08,4.51,-0.01,118,53218,卖盘
1880,09:56:58,4.52,-0.01,468,211535,卖盘
1881,09:56:48,4.53,--,24,10872,买盘
1882,09:56:38,4.53,--,10,4530,买盘
1883,09:56:33,4.53,0.01,35,15855,买盘
1884,09:56:28,4.52,--,100,45199,卖盘
1885,09:56:18,4.52,-0.01,13,5875,卖盘
1886,09:56:13,4.53,--,67,30351,买盘
1887,09:56:08,4.53,0.01,19,8607,买盘
1888,09:55:58,4.52,-0.01,94,42487,卖盘
1889,09:55:43,4.53,0.01,147,66591,中性盘
1890,09:55:33,4.52,-0.01,51,23051,卖盘
1891,09:55:28,4.53,0.01,243,110079,买盘
1892,09:55:13,4.52,0.01,125,56499,买盘
1893,09:55:08,4.51,-0.01,14,6314,卖盘
1894,09:55:02,4.52,0.01,1,451,买盘
1895,09:54:58,4.51,--,3,1353,卖盘
1896,09:54:53,4.51,--,57,25707,买盘
1897,09:54:48,4.51,0.01,43,19393,买盘
1898,09:54:43,4.5,--,76,34200,卖盘
1899,09:54:38,4.5,--,104,46800,卖盘
1900,09:54:32,4.5,--,41,18450,卖盘
1901,09:54:27,4.5,--,2,900,卖盘
1902,09:54:23,4.5,-0.01,9,4050,卖盘
1903,09:54:12,4.51,0.01,150,67650,买盘
1904,09:54:08,4.5,--,130,58500,卖盘
1905,09:54:02,4.5,-0.01,130,58500,卖盘
1906,09:53:53,4.51,--,129,58179,买盘
1907,09:53:47,4.51,--,139,62689,买盘
1908,09:53:42,4.51,--,100,45100,买盘
1909,09:53:38,4.51,--,108,48708,买盘
1910,09:53:32,4.51,0.01,227,102377,买盘
1911,09:53:27,4.5,--,177,79650,卖盘
1912,09:53:23,4.5,-0.01,33,14850,卖盘
1913,09:53:17,4.51,--,460,207460,买盘
1914,09:53:12,4.51,--,160,72160,买盘
1915,09:53:08,4.51,--,280,126280,卖盘
1916,09:52:47,4.51,0.01,18,8118,买盘
1917,09:52:38,4.5,--,36,16200,卖盘
1918,09:52:27,4.5,--,123,55350,买盘
1919,09:52:23,4.5,0.01,78,35100,买盘
1920,09:52:17,4.49,-0.01,2,898,卖盘
1921,09:52:12,4.5,--,135,60750,买盘
1922,09:52:07,4.5,--,18,8100,买盘
1923,09:52:02,4.5,--,193,86850,卖盘
1924,09:51:52,4.5,--,22,9900,卖盘
1925,09:51:38,4.5,--,34,15300,卖盘
1926,09:51:32,4.5,--,25,11250,卖盘
1927,09:51:27,4.5,-0.01,14,6300,卖盘
1928,09:51:17,4.51,0.01,10,4510,买盘
1929,09:51:12,4.5,-0.01,51,22950,卖盘
1930,09:51:07,4.51,--,45,20295,卖盘
1931,09:51:02,4.51,-0.01,21,9471,卖盘
1932,09:50:52,4.52,0.01,33,14915,买盘
1933,09:50:42,4.51,--,30,13530,卖盘
1934,09:50:37,4.51,--,36,16236,卖盘
1935,09:50:32,4.51,--,50,22550,卖盘
1936,09:50:22,4.51,--,52,23452,卖盘
1937,09:50:17,4.51,--,70,31570,卖盘
1938,09:50:12,4.51,--,70,31570,卖盘
1939,09:50:07,4.51,--,74,33374,卖盘
1940,09:50:02,4.51,-0.01,14,6314,卖盘
1941,09:49:57,4.52,--,12,5423,买盘
1942,09:49:52,4.52,0.01,20,9040,买盘
1943,09:49:47,4.51,0.01,6,2706,卖盘
1944,09:49:42,4.5,--,0,0,卖盘
1945,09:49:37,4.5,--,40,18000,卖盘
1946,09:49:32,4.5,--,70,31500,卖盘
1947,09:49:27,4.5,--,10,4500,卖盘
1948,09:49:22,4.5,--,10,4500,卖盘
1949,09:49:17,4.5,-0.02,9,4050,卖盘
1950,09:49:12,4.52,0.02,5,2260,买盘
1951,09:49:02,4.5,--,10,4500,卖盘
1952,09:48:57,4.5,0.01,699,314550,买盘
1953,09:48:47,4.49,--,24,10776,买盘
1954,09:48:42,4.49,--,215,96535,卖盘
1955,09:48:37,4.49,--,90,40410,卖盘
1956,09:48:27,4.49,--,29,13021,卖盘
1957,09:48:22,4.49,--,73,32777,卖盘
1958,09:48:17,4.49,-0.03,713,320137,卖盘
1959,09:48:07,4.52,--,5,2260,卖盘
1960,09:47:52,4.52,--,1045,472339,买盘
1961,09:47:47,4.52,--,100,45199,买盘
1962,09:47:37,4.52,--,60,27119,买盘
1963,09:47:32,4.52,--,189,85427,买盘
1964,09:47:26,4.52,--,12,5423,买盘
1965,09:47:22,4.52,--,656,296512,卖盘
1966,09:47:17,4.52,--,11,4971,卖盘
1967,09:47:11,4.52,--,58,26215,卖盘
1968,09:47:02,4.52,-0.02,40,18080,卖盘
1969,09:46:56,4.54,0.01,25,11350,买盘
1970,09:46:51,4.53,--,7,3171,卖盘
1971,09:46:47,4.53,-0.01,78,35334,卖盘
1972,09:46:41,4.54,--,1,454,买盘
1973,09:46:36,4.54,--,42,19068,买盘
1974,09:46:32,4.54,0.01,5,2270,卖盘
1975,09:46:26,4.53,-0.01,108,48924,卖盘
1976,09:46:17,4.54,-0.01,76,34504,卖盘
1977,09:46:11,4.55,0.02,72,32760,买盘
1978,09:46:02,4.53,-0.02,45,20385,卖盘
1979,09:45:56,4.55,--,30,13650,卖盘
1980,09:45:51,4.55,--,11,5005,卖盘
1981,09:45:47,4.55,--,66,30030,买盘
1982,09:45:41,4.55,0.01,5,2275,买盘
1983,09:45:36,4.54,--,2,908,卖盘
1984,09:45:31,4.54,--,1,454,中性盘
1985,09:45:26,4.54,0.01,1,454,中性盘
1986,09:45:21,4.53,--,61,27660,卖盘
1987,09:45:11,4.53,--,1476,668628,卖盘
1988,09:45:06,4.53,--,189,85617,买盘
1989,09:45:01,4.53,--,21,9513,买盘
1990,09:44:56,4.53,0.01,13,5889,买盘
1991,09:44:46,4.52,--,625,282500,卖盘
1992,09:44:41,4.52,--,85,38420,卖盘
1993,09:44:36,4.52,--,4,1807,卖盘
1994,09:44:26,4.52,0.01,2,903,中性盘
1995,09:44:21,4.51,--,120,54120,卖盘
1996,09:44:16,4.51,-0.01,55,24805,卖盘
1997,09:44:11,4.52,0.01,45,20339,买盘
1998,09:44:06,4.51,--,6,2706,卖盘
1999,09:44:01,4.51,--,5,2255,卖盘
2000,09:43:56,4.51,--,22,9922,卖盘
2001,09:43:46,4.51,--,44,19844,卖盘
2002,09:43:41,4.51,--,1,451,卖盘
2003,09:43:31,4.51,--,35,15875,买盘
2004,09:43:26,4.51,--,10,4510,买盘
2005,09:43:21,4.51,--,83,37793,卖盘
2006,09:43:16,4.51,-0.01,4,1804,卖盘
2007,09:43:11,4.52,0.01,59,26667,买盘
2008,09:43:06,4.51,--,1,451,卖盘
2009,09:43:01,4.51,-0.01,39,17679,卖盘
2010,09:42:56,4.52,0.01,11,4971,买盘
2011,09:42:51,4.51,-0.01,20,9020,卖盘
2012,09:42:46,4.52,0.01,119,53787,买盘
2013,09:42:41,4.51,--,10,4510,卖盘
2014,09:42:36,4.51,--,63,28413,卖盘
2015,09:42:31,4.51,0.01,174,78474,买盘
2016,09:42:26,4.5,-0.01,60,27000,卖盘
2017,09:42:21,4.51,0.01,77,34727,买盘
2018,09:42:16,4.5,--,15,6750,卖盘
2019,09:42:11,4.5,--,5,2250,卖盘
2020,09:42:06,4.5,--,2,900,卖盘
2021,09:42:01,4.5,-0.01,8,3600,卖盘
2022,09:41:56,4.51,-0.01,150,67650,卖盘
2023,09:41:51,4.52,--,66,29831,卖盘
2024,09:41:46,4.52,--,8,3615,卖盘
2025,09:41:41,4.52,0.01,172,77743,买盘
2026,09:41:36,4.51,-0.01,67,30217,卖盘
2027,09:41:31,4.52,0.01,43,19435,买盘
2028,09:41:20,4.51,-0.01,119,53669,卖盘
2029,09:41:16,4.52,--,47,21243,卖盘
2030,09:41:11,4.52,0.01,13,5875,中性盘
2031,09:41:06,4.51,--,18,8118,卖盘
2032,09:41:01,4.51,--,58,26158,卖盘
2033,09:40:55,4.51,--,90,40590,卖盘
2034,09:40:46,4.51,--,167,75317,卖盘
2035,09:40:40,4.51,0.01,52,23452,买盘
2036,09:40:35,4.5,--,141,63450,卖盘
2037,09:40:31,4.5,--,2,900,卖盘
2038,09:40:20,4.5,-0.04,72,32400,卖盘
2039,09:40:10,4.54,0.03,433,196582,买盘
2040,09:40:05,4.51,-0.01,1,451,买盘
2041,09:40:01,4.52,--,203,91755,买盘
2042,09:39:55,4.52,0.02,50,22599,买盘
2043,09:39:50,4.5,--,50,22500,卖盘
2044,09:39:46,4.5,-0.02,1,450,卖盘
2045,09:39:40,4.52,0.02,7,3163,买盘
2046,09:39:35,4.5,-0.01,73,32850,卖盘
2047,09:39:31,4.51,0.02,25,11275,买盘
2048,09:39:25,4.49,--,21,9429,卖盘
2049,09:39:20,4.49,-0.01,141,63309,卖盘
2050,09:39:15,4.5,--,1,450,卖盘
2051,09:39:10,4.5,0.01,170,76500,买盘
2052,09:39:05,4.49,-0.01,101,45349,卖盘
2053,09:38:55,4.5,0.01,107,48150,买盘
2054,09:38:50,4.49,--,328,147272,卖盘
2055,09:38:45,4.49,--,10,4490,卖盘
2056,09:38:40,4.49,--,158,70942,买盘
2057,09:38:35,4.49,--,234,105066,卖盘
2058,09:38:30,4.49,-0.01,45,20205,中性盘
2059,09:38:25,4.5,0.01,131,58950,买盘
2060,09:38:20,4.49,-0.01,60,26940,卖盘
2061,09:38:15,4.5,0.02,37,16650,买盘
2062,09:38:10,4.48,-0.01,84,37632,买盘
2063,09:38:05,4.49,-0.01,1205,541045,卖盘
2064,09:38:00,4.5,--,157,70650,买盘
2065,09:37:55,4.5,0.01,670,301500,买盘
2066,09:37:50,4.49,--,167,74983,卖盘
2067,09:37:45,4.49,--,450,202050,买盘
2068,09:37:40,4.49,0.01,69,30981,买盘
2069,09:37:35,4.48,--,41,18368,卖盘
2070,09:37:25,4.48,-0.02,344,154112,卖盘
2071,09:37:20,4.5,0.01,120,54000,买盘
2072,09:37:15,4.49,--,20,8980,买盘
2073,09:37:10,4.49,-0.01,158,70942,卖盘
2074,09:37:05,4.5,0.01,256,115200,买盘
2075,09:37:00,4.49,--,42,18858,卖盘
2076,09:36:55,4.49,-0.01,137,61513,卖盘
2077,09:36:50,4.5,--,48,21600,卖盘
2078,09:36:45,4.5,-0.01,318,143100,卖盘
2079,09:36:40,4.51,0.01,406,183106,买盘
2080,09:36:35,4.5,-0.01,173,77850,卖盘
2081,09:36:30,4.51,--,20,9020,买盘
2082,09:36:25,4.51,0.01,550,248050,买盘
2083,09:36:20,4.5,-0.02,707,318150,卖盘
2084,09:36:10,4.52,0.01,286,129271,买盘
2085,09:36:05,4.51,-0.02,714,322014,卖盘
2086,09:35:55,4.53,--,487,220611,卖盘
2087,09:35:50,4.53,--,77,34881,卖盘
2088,09:35:45,4.53,--,207,93771,卖盘
2089,09:35:40,4.53,--,240,108720,卖盘
2090,09:35:35,4.53,-0.01,34,15402,卖盘
2091,09:35:30,4.54,--,5,2270,买盘
2092,09:35:25,4.54,--,472,214288,卖盘
2093,09:35:20,4.54,-0.01,67,30418,卖盘
2094,09:35:15,4.55,--,45,20475,卖盘
2095,09:35:10,4.55,--,1,455,卖盘
2096,09:35:05,4.55,-0.01,14,6370,卖盘
2097,09:35:00,4.56,0.01,250,113999,买盘
2098,09:34:55,4.55,-0.02,27,12712,卖盘
2099,09:34:50,4.57,0.01,3,1371,买盘
2100,09:34:45,4.56,--,31,14135,卖盘
2101,09:34:40,4.56,--,17,7751,卖盘
2102,09:34:34,4.56,--,212,96671,卖盘
2103,09:34:30,4.56,--,99,45143,卖盘
2104,09:34:25,4.56,0.02,145,66147,买盘
2105,09:34:19,4.54,-0.01,454,206116,卖盘
2106,09:34:14,4.55,--,158,71890,卖盘
2107,09:34:10,4.55,--,152,69160,卖盘
2108,09:34:04,4.55,--,383,174265,买盘
2109,09:33:59,4.55,-0.01,29,13195,中性盘
2110,09:33:55,4.56,0.01,70,31919,买盘
2111,09:33:49,4.55,0.01,89,40495,买盘
2112,09:33:44,4.54,--,9,4086,卖盘
2113,09:33:40,4.54,-0.02,75,34050,卖盘
2114,09:33:34,4.56,-0.01,177,80712,买盘
2115,09:33:29,4.57,0.02,302,138014,买盘
2116,09:33:25,4.55,-0.02,184,83720,卖盘
2117,09:33:19,4.57,0.03,101,46157,买盘
2118,09:33:14,4.54,-0.02,45,20430,卖盘
2119,09:33:09,4.56,--,618,281808,卖盘
2120,09:33:04,4.56,--,132,60191,买盘
2121,09:32:55,4.56,0.03,129,58823,买盘
2122,09:32:49,4.53,-0.04,383,173499,卖盘
2123,09:32:44,4.57,--,400,182800,买盘
2124,09:32:39,4.57,--,0,0,买盘
2125,09:32:34,4.57,0.02,459,209763,买盘
2126,09:32:29,4.55,--,19,8645,卖盘
2127,09:32:19,4.55,0.03,24,10920,买盘
2128,09:32:14,4.52,-0.02,81,36612,卖盘
2129,09:32:09,4.54,-0.01,68,30872,卖盘
2130,09:32:04,4.55,-0.02,210,95550,卖盘
2131,09:31:59,4.57,--,0,0,买盘
2132,09:31:54,4.57,0.03,500,228500,买盘
2133,09:31:49,4.54,--,58,26332,卖盘
2134,09:31:44,4.54,0.03,760,345040,买盘
2135,09:31:39,4.51,--,26,11726,卖盘
2136,09:31:34,4.51,--,184,82984,卖盘
2137,09:31:29,4.51,--,151,68101,卖盘
2138,09:31:24,4.51,--,85,38335,卖盘
2139,09:31:19,4.51,0.01,243,109593,中性盘
2140,09:31:14,4.5,--,139,62550,卖盘
2141,09:31:09,4.5,-0.01,17,7650,卖盘
2142,09:31:04,4.51,--,2207,995357,买盘
2143,09:30:59,4.51,-0.01,472,212872,中性盘
2144,09:30:54,4.52,0.02,212,95823,买盘
2145,09:30:49,4.5,-0.01,1415,636750,卖盘
2146,09:30:44,4.51,--,188,84788,卖盘
2147,09:30:39,4.51,0.01,143,64493,买盘
2148,09:30:34,4.5,-0.02,172,77400,卖盘
2149,09:30:29,4.52,0.01,171,77291,买盘
2150,09:30:24,4.51,--,29,13079,卖盘
2151,09:30:19,4.51,--,220,99220,卖盘
2152,09:30:14,4.51,-0.01,278,125378,卖盘
2153,09:30:09,4.52,0.01,273,123395,买盘
2154,09:30:04,4.51,-0.01,3619,1632169,卖盘
2155,09:28:46,4.52,--,0,0,卖盘
2156,09:25:06,4.52,4.52,4296,1941791,买盘
