,time,price,change,volume,amount,type
0,15:00:00,29.37,--,0,0,买盘
1,15:00:00,29.37,0.02,0,0,买盘
2,14:59:59,29.35,-0.09,287,843753,卖盘
3,14:59:53,29.44,--,0,0,买盘
4,14:59:49,29.44,0.05,123,362112,买盘
5,14:59:44,29.39,0.04,41,120499,买盘
6,14:59:38,29.35,-0.05,13,38155,卖盘
7,14:59:34,29.4,0.01,54,158760,买盘
8,14:59:29,29.39,--,26,76766,卖盘
9,14:59:23,29.39,-0.01,3,8817,卖盘
10,14:59:19,29.4,0.01,16,47040,买盘
11,14:59:14,29.39,0.04,73,217133,买盘
12,14:59:04,29.35,--,15,44025,卖盘
13,14:58:59,29.35,--,10,29350,卖盘
14,14:58:53,29.35,0.15,165,485801,买盘
15,14:58:49,29.2,--,9,26280,卖盘
16,14:58:38,29.2,--,6,17520,卖盘
17,14:58:34,29.2,0.01,50,146817,买盘
18,14:58:23,29.19,-0.01,5,14595,卖盘
19,14:58:19,29.2,0.01,37,108040,买盘
20,14:58:14,29.19,0.01,16,46704,买盘
21,14:58:08,29.18,-0.01,9,26262,卖盘
22,14:58:04,29.19,--,3,8757,买盘
23,14:57:59,29.19,0.01,8,23352,卖盘
24,14:57:53,29.18,--,5,14590,卖盘
25,14:57:49,29.18,-0.01,11,32098,卖盘
26,14:57:43,29.19,0.01,13,37947,买盘
27,14:57:38,29.18,--,3,8754,卖盘
28,14:57:34,29.18,-0.02,101,294718,卖盘
29,14:57:28,29.2,--,150,438000,买盘
30,14:57:23,29.2,--,1,2920,买盘
31,14:57:19,29.2,--,26,75920,买盘
32,14:57:13,29.2,-0.01,20,60502,卖盘
33,14:57:03,29.21,-0.03,1,2921,卖盘
34,14:56:58,29.24,0.04,30,87983,买盘
35,14:56:53,29.2,--,0,0,卖盘
36,14:56:49,29.2,-0.03,23,67160,卖盘
37,14:56:43,29.23,0.03,13,37999,卖盘
38,14:56:38,29.2,--,0,0,卖盘
39,14:56:33,29.2,-0.03,54,159607,卖盘
40,14:56:28,29.23,--,86,252371,卖盘
41,14:56:23,29.23,-0.03,4,11692,卖盘
42,14:56:17,29.26,0.03,9,26334,买盘
43,14:56:13,29.23,--,10,29230,卖盘
44,14:56:08,29.23,--,21,63282,卖盘
45,14:56:02,29.23,--,1,2923,卖盘
46,14:55:58,29.23,-0.02,35,102305,卖盘
47,14:55:53,29.25,0.02,8,23400,买盘
48,14:55:47,29.23,--,11,32153,卖盘
49,14:55:43,29.23,-0.02,15,44897,卖盘
50,14:55:38,29.25,--,31,90675,卖盘
51,14:55:28,29.25,-0.01,30,87750,卖盘
52,14:55:23,29.26,--,4,11704,买盘
53,14:55:17,29.26,--,10,29260,卖盘
54,14:55:13,29.26,-0.01,3,8778,卖盘
55,14:55:08,29.27,0.01,10,29270,买盘
56,14:55:02,29.26,--,1,2926,卖盘
57,14:54:58,29.26,-0.02,7,20482,卖盘
58,14:54:53,29.28,0.03,9,26352,买盘
59,14:54:47,29.25,-0.02,21,61425,卖盘
60,14:54:43,29.27,--,0,0,卖盘
61,14:54:38,29.27,-0.01,10,31845,卖盘
62,14:54:32,29.28,0.02,2,5856,买盘
63,14:54:28,29.26,-0.01,1,2926,卖盘
64,14:54:23,29.27,-0.01,3,11356,卖盘
65,14:54:13,29.28,--,3,10189,卖盘
66,14:54:08,29.28,-0.05,6,17568,卖盘
67,14:54:02,29.33,--,0,0,买盘
68,14:53:58,29.33,0.03,13,39888,买盘
69,14:53:43,29.3,-0.04,19,55670,卖盘
70,14:53:38,29.34,--,18,52812,买盘
71,14:53:32,29.34,0.04,7,23119,买盘
72,14:53:23,29.3,-0.04,21,61530,卖盘
73,14:53:17,29.34,--,10,29340,卖盘
74,14:53:13,29.34,--,1,5515,卖盘
75,14:53:08,29.34,--,1,2934,卖盘
76,14:53:02,29.34,--,12,37789,卖盘
77,14:52:58,29.34,-0.01,48,140832,卖盘
78,14:52:53,29.35,0.01,77,225995,买盘
79,14:52:47,29.34,--,11,32274,卖盘
80,14:52:43,29.34,--,7,20538,卖盘
81,14:52:32,29.34,--,27,79218,卖盘
82,14:52:28,29.34,--,3,11383,卖盘
83,14:52:23,29.34,--,11,32274,卖盘
84,14:52:17,29.34,0.01,54,161017,买盘
85,14:52:13,29.33,--,1,5514,买盘
86,14:52:08,29.33,0.04,11,32614,中性盘
87,14:52:02,29.29,-0.04,65,190385,卖盘
88,14:51:58,29.33,0.03,35,105236,买盘
89,14:51:53,29.3,-0.03,8,23791,卖盘
90,14:51:47,29.33,--,3,11380,卖盘
91,14:51:43,29.33,-0.01,9,26397,卖盘
92,14:51:38,29.34,0.05,17,49878,买盘
93,14:51:32,29.29,0.01,5,14645,中性盘
94,14:51:28,29.28,--,8,26000,卖盘
95,14:51:23,29.28,-0.05,2,5856,卖盘
96,14:51:12,29.33,0.05,25,73325,买盘
97,14:51:08,29.28,--,7,23072,卖盘
98,14:51:02,29.28,-0.06,0,2576,卖盘
99,14:50:57,29.34,--,2,5868,买盘
100,14:50:53,29.34,0.06,23,67482,买盘
101,14:50:47,29.28,-0.06,3,8784,卖盘
102,14:50:43,29.34,0.06,22,64548,买盘
103,14:50:38,29.28,0.01,10,31856,中性盘
104,14:50:32,29.27,-0.01,92,269284,卖盘
105,14:50:26,29.28,-0.02,6,17568,卖盘
106,14:50:22,29.3,0.02,24,70320,买盘
107,14:50:17,29.28,--,1,5533,卖盘
108,14:50:12,29.28,--,6,17568,买盘
109,14:50:07,29.28,--,1,2928,买盘
110,14:50:02,29.28,0.01,40,119345,买盘
111,14:49:52,29.27,--,2,5854,买盘
112,14:49:47,29.27,0.01,21,61467,买盘
113,14:49:41,29.26,0.01,13,38038,买盘
114,14:49:37,29.25,--,29,84825,卖盘
115,14:49:32,29.25,--,40,117000,卖盘
116,14:49:26,29.25,--,2,5850,卖盘
117,14:49:22,29.25,0.02,0,2574,卖盘
118,14:49:17,29.23,-0.03,13,37999,卖盘
119,14:49:11,29.26,0.03,12,35112,买盘
120,14:49:02,29.23,0.03,11,32153,买盘
121,14:48:56,29.2,--,0,2569,卖盘
122,14:48:52,29.2,--,5,16498,买盘
123,14:48:37,29.2,0.02,13,37960,买盘
124,14:48:32,29.18,0.01,0,2567,卖盘
125,14:48:22,29.17,-0.01,7,20419,卖盘
126,14:48:17,29.18,0.02,15,43770,买盘
127,14:48:11,29.16,-0.02,3,8748,卖盘
128,14:48:07,29.18,0.02,16,46688,买盘
129,14:48:02,29.16,0.01,3,8748,卖盘
130,14:47:56,29.15,--,0,0,卖盘
131,14:47:52,29.15,0.01,181,530325,买盘
132,14:47:47,29.14,0.02,66,192324,买盘
133,14:47:37,29.12,0.04,45,132233,买盘
134,14:47:32,29.08,-0.02,2,5816,卖盘
135,14:47:22,29.1,0.02,11,33174,买盘
136,14:47:17,29.08,--,2,5816,买盘
137,14:47:11,29.08,--,1,2908,买盘
138,14:47:07,29.08,--,5,14540,买盘
139,14:47:02,29.08,--,65,189717,卖盘
140,14:46:56,29.08,--,4,11632,卖盘
141,14:46:52,29.08,-0.01,56,165407,卖盘
142,14:46:47,29.09,0.01,15,43635,买盘
143,14:46:37,29.08,-0.02,4,14191,中性盘
144,14:46:32,29.1,--,29,84390,买盘
145,14:46:22,29.1,-0.02,5,15248,卖盘
146,14:46:17,29.12,0.02,8,25858,买盘
147,14:46:07,29.1,--,1,2910,卖盘
148,14:45:56,29.1,-0.02,16,47927,卖盘
149,14:45:52,29.12,0.02,28,83079,买盘
150,14:45:47,29.1,-0.02,6,17460,卖盘
151,14:45:41,29.12,0.02,5,14560,买盘
152,14:45:37,29.1,-0.04,3,9399,卖盘
153,14:45:32,29.14,0.02,2,5828,买盘
154,14:45:22,29.12,-0.02,2,8386,卖盘
155,14:45:17,29.14,--,3,8742,卖盘
156,14:45:11,29.14,0.02,15,43710,买盘
157,14:45:02,29.12,--,0,0,卖盘
158,14:44:56,29.12,-0.02,49,145279,卖盘
159,14:44:47,29.14,--,23,69790,卖盘
160,14:44:41,29.14,--,10,29140,卖盘
161,14:44:37,29.14,-0.01,8,25876,卖盘
162,14:44:31,29.15,--,51,148665,买盘
163,14:44:26,29.15,0.01,30,87450,买盘
164,14:44:16,29.14,-0.01,6,20048,卖盘
165,14:44:11,29.15,--,17,49555,买盘
166,14:44:05,29.15,0.01,6,17490,买盘
167,14:44:01,29.14,0.01,1,2914,卖盘
168,14:43:56,29.13,--,4,12147,买盘
169,14:43:46,29.13,-0.01,19,57415,卖盘
170,14:43:41,29.14,0.01,16,49188,买盘
171,14:43:35,29.13,--,25,72825,卖盘
172,14:43:31,29.13,--,8,23304,卖盘
173,14:43:26,29.13,--,3,8739,卖盘
174,14:43:16,29.13,--,11,34606,卖盘
175,14:43:11,29.13,0.01,3,10282,买盘
176,14:43:05,29.12,-0.01,5,14560,卖盘
177,14:43:01,29.13,0.06,17,49521,买盘
178,14:42:56,29.07,-0.03,11,34535,卖盘
179,14:42:50,29.1,--,25,72750,卖盘
180,14:42:46,29.1,--,7,20370,卖盘
181,14:42:35,29.1,0.03,0,2560,中性盘
182,14:42:31,29.07,-0.03,10,29070,卖盘
183,14:42:26,29.1,0.01,1,3142,买盘
184,14:42:16,29.09,-0.01,3,11286,中性盘
185,14:42:11,29.1,--,2,5820,买盘
186,14:42:01,29.1,0.02,110,320100,买盘
187,14:41:56,29.08,-0.02,73,213563,卖盘
188,14:41:41,29.1,0.01,13,40390,买盘
189,14:41:31,29.09,--,2,5818,卖盘
190,14:41:26,29.09,0.01,88,255992,买盘
191,14:41:20,29.08,-0.01,24,72351,卖盘
192,14:41:16,29.09,--,22,63998,买盘
193,14:41:11,29.09,--,31,90179,买盘
194,14:41:01,29.09,0.01,63,185826,买盘
195,14:40:56,29.08,0.03,35,104106,买盘
196,14:40:50,29.05,--,10,29050,卖盘
197,14:40:46,29.05,--,24,69865,买盘
198,14:40:40,29.05,--,17,49385,买盘
199,14:40:35,29.05,--,2,8366,买盘
200,14:40:31,29.05,--,12,34860,买盘
201,14:40:26,29.05,--,142,412510,买盘
202,14:40:20,29.05,0.03,3,8715,买盘
203,14:40:16,29.02,--,6,19994,卖盘
204,14:40:11,29.02,--,30,87060,卖盘
205,14:40:01,29.02,-0.03,1,2902,卖盘
206,14:39:56,29.05,0.03,2,8366,买盘
207,14:39:46,29.02,-0.03,5,14510,卖盘
208,14:39:41,29.05,--,2,5810,买盘
209,14:39:35,29.05,--,10,31606,买盘
210,14:39:31,29.05,-0.01,130,380061,卖盘
211,14:39:26,29.06,--,4,11624,买盘
212,14:39:20,29.06,--,1,5463,买盘
213,14:39:16,29.06,-0.02,27,78810,卖盘
214,14:39:11,29.08,0.02,14,43271,买盘
215,14:39:05,29.06,-0.01,27,78810,卖盘
216,14:39:01,29.07,0.01,11,34535,卖盘
217,14:38:55,29.06,0.01,7,20342,中性盘
218,14:38:50,29.05,-0.03,74,214970,卖盘
219,14:38:46,29.08,0.02,4,12824,买盘
220,14:38:41,29.06,--,20,58468,卖盘
221,14:38:35,29.06,-0.02,0,2557,卖盘
222,14:38:31,29.08,--,26,75956,卖盘
223,14:38:15,29.08,--,20,60719,卖盘
224,14:38:11,29.08,0.03,6,17448,买盘
225,14:38:05,29.05,-0.03,1,2905,卖盘
226,14:38:00,29.08,--,11,31987,买盘
227,14:37:55,29.08,--,14,43271,买盘
228,14:37:45,29.08,--,13,37804,买盘
229,14:37:40,29.08,0.06,213,619404,买盘
230,14:37:35,29.02,-0.06,0,2553,卖盘
231,14:37:25,29.08,0.03,50,145400,买盘
232,14:37:20,29.05,0.03,15,43575,买盘
233,14:37:16,29.02,-0.06,13,40279,卖盘
234,14:37:05,29.08,0.08,2,5816,买盘
235,14:37:00,29.0,--,0,0,卖盘
236,14:36:55,29.0,-0.02,11,34452,卖盘
237,14:36:50,29.02,0.02,1,2902,中性盘
238,14:36:40,29.0,0.02,5,17052,买盘
239,14:36:35,28.98,-0.02,8,23184,卖盘
240,14:36:25,29.0,0.02,4,11600,买盘
241,14:36:20,28.98,0.01,130,379290,买盘
242,14:36:14,28.97,-0.01,0,2549,卖盘
243,14:36:10,28.98,-0.02,44,127859,卖盘
244,14:36:05,29.0,--,66,191400,卖盘
245,14:35:59,29.0,--,0,2552,卖盘
246,14:35:55,29.0,--,51,147900,买盘
247,14:35:50,29.0,0.03,11,31900,买盘
248,14:35:40,28.97,-0.01,6,17382,卖盘
249,14:35:35,28.98,-0.02,152,443046,中性盘
250,14:35:29,29.0,0.03,1,2900,买盘
251,14:35:25,28.97,0.04,25,72425,买盘
252,14:35:20,28.93,0.02,17,49181,中性盘
253,14:35:14,28.91,-0.03,0,2572,卖盘
254,14:35:10,28.94,0.04,2,5788,买盘
255,14:35:05,28.9,--,21,60690,卖盘
256,14:34:59,28.9,--,3,8670,卖盘
257,14:34:54,28.9,--,9,28553,卖盘
258,14:34:49,28.9,--,35,101150,卖盘
259,14:34:44,28.9,--,45,130050,卖盘
260,14:34:40,28.9,0.03,30,87567,买盘
261,14:34:35,28.87,-0.02,4,14088,卖盘
262,14:34:29,28.89,0.03,28,80892,买盘
263,14:34:25,28.86,--,64,187243,卖盘
264,14:34:19,28.86,0.01,56,164155,中性盘
265,14:34:14,28.85,-0.01,4,11540,卖盘
266,14:34:10,28.86,-0.01,13,37518,卖盘
267,14:34:04,28.87,-0.03,156,450718,卖盘
268,14:33:59,28.9,0.02,25,72250,买盘
269,14:33:55,28.88,--,132,383122,卖盘
270,14:33:49,28.88,-0.01,48,138624,卖盘
271,14:33:44,28.89,-0.01,43,124227,买盘
272,14:33:40,28.9,-0.05,17,49130,卖盘
273,14:33:34,28.95,0.05,50,147297,买盘
274,14:33:29,28.9,--,51,147390,买盘
275,14:33:25,28.9,-0.05,44,129125,卖盘
276,14:33:20,28.95,0.05,39,112905,买盘
277,14:33:14,28.9,--,10,31443,卖盘
278,14:33:10,28.9,--,183,530141,买盘
279,14:33:05,28.9,0.01,40,116871,买盘
280,14:32:59,28.89,-0.01,3,11209,卖盘
281,14:32:55,28.9,0.01,22,63580,买盘
282,14:32:50,28.89,-0.07,21,61015,卖盘
283,14:32:44,28.96,--,1,2896,买盘
284,14:32:40,28.96,0.06,4,11584,买盘
285,14:32:35,28.9,-0.06,10,31443,中性盘
286,14:32:25,28.96,-0.04,17,50390,卖盘
287,14:32:19,29.0,0.11,16,47212,买盘
288,14:32:14,28.89,-0.11,1,2889,卖盘
289,14:32:09,29.0,--,6,17400,买盘
290,14:32:04,29.0,0.1,10,29000,买盘
291,14:31:59,28.9,-0.1,39,112710,卖盘
292,14:31:55,29.0,-0.01,185,537892,卖盘
293,14:31:49,29.01,-0.09,39,113139,卖盘
294,14:31:44,29.1,--,0,0,买盘
295,14:31:40,29.1,0.07,8,23629,买盘
296,14:31:34,29.03,0.01,0,2554,卖盘
297,14:31:29,29.02,-0.08,30,87060,卖盘
298,14:31:24,29.1,-0.01,41,120008,卖盘
299,14:31:19,29.11,--,13,40404,卖盘
300,14:31:14,29.11,-0.01,5,14555,卖盘
301,14:31:04,29.12,--,2,5824,买盘
302,14:30:59,29.12,--,50,147347,卖盘
303,14:30:54,29.12,-0.01,0,2562,卖盘
304,14:30:44,29.13,0.01,11,32043,买盘
305,14:30:39,29.12,-0.01,6,20354,卖盘
306,14:30:29,29.13,-0.01,10,29130,卖盘
307,14:30:24,29.14,0.01,7,20398,买盘
308,14:30:19,29.13,--,2,8418,卖盘
309,14:30:14,29.13,-0.02,222,646686,卖盘
310,14:30:04,29.15,0.03,8,23320,买盘
311,14:29:59,29.12,-0.03,0,2562,卖盘
312,14:29:54,29.15,0.03,5,14575,卖盘
313,14:29:49,29.12,-0.04,4,11648,卖盘
314,14:29:44,29.16,0.01,8,23328,买盘
315,14:29:34,29.15,-0.01,14,40810,卖盘
316,14:29:29,29.16,-0.01,1,3265,卖盘
317,14:29:23,29.17,0.01,16,46672,买盘
318,14:29:13,29.16,0.01,5,17146,中性盘
319,14:29:08,29.15,--,7,20405,卖盘
320,14:29:04,29.15,--,14,40810,卖盘
321,14:28:58,29.15,-0.02,1,5480,卖盘
322,14:28:48,29.17,--,4,11668,买盘
323,14:28:43,29.17,0.05,12,35004,买盘
324,14:28:38,29.12,-0.05,14,41466,卖盘
325,14:28:33,29.17,--,1,2917,买盘
326,14:28:28,29.17,--,5,14585,买盘
327,14:28:18,29.17,0.02,3,8751,买盘
328,14:28:13,29.15,-0.02,9,28800,卖盘
329,14:28:03,29.17,0.02,1,2917,买盘
330,14:27:58,29.15,-0.02,0,2565,卖盘
331,14:27:48,29.17,--,18,52506,买盘
332,14:27:43,29.17,0.02,15,43755,买盘
333,14:27:33,29.15,-0.02,26,75790,卖盘
334,14:27:28,29.17,--,4,11668,卖盘
335,14:27:18,29.17,0.06,5,17151,买盘
336,14:27:14,29.11,-0.06,0,2561,卖盘
337,14:27:03,29.17,0.01,6,17502,买盘
338,14:26:58,29.16,-0.01,14,40824,中性盘
339,14:26:53,29.17,0.02,9,26253,买盘
340,14:26:48,29.15,0.04,14,40810,卖盘
341,14:26:38,29.11,-0.06,153,445383,卖盘
342,14:26:33,29.17,0.02,1,5483,中性盘
343,14:26:28,29.15,-0.04,10,29150,卖盘
344,14:26:23,29.19,0.01,4,14244,买盘
345,14:26:18,29.18,--,7,20426,买盘
346,14:26:13,29.18,--,11,34665,买盘
347,14:26:03,29.18,-0.01,31,90458,中性盘
348,14:25:58,29.19,--,6,17514,买盘
349,14:25:53,29.19,-0.01,13,37947,中性盘
350,14:25:48,29.2,--,12,35040,买盘
351,14:25:43,29.2,--,52,152862,卖盘
352,14:25:38,29.2,--,0,2598,卖盘
353,14:25:23,29.2,--,36,105120,卖盘
354,14:25:18,29.2,0.09,144,422699,买盘
355,14:25:13,29.11,--,0,0,卖盘
356,14:25:08,29.11,-0.04,7,20377,卖盘
357,14:25:03,29.15,0.09,22,64130,买盘
358,14:24:58,29.06,-0.03,33,98106,卖盘
359,14:24:53,29.09,0.21,10,29090,买盘
360,14:24:48,28.88,-0.18,500,1444000,卖盘
361,14:24:38,29.06,0.03,51,150414,买盘
362,14:24:33,29.03,0.03,3,8709,中性盘
363,14:24:28,29.0,-0.05,176,510400,卖盘
364,14:24:23,29.05,0.02,10,29050,买盘
365,14:24:18,29.03,-0.04,15,46099,卖盘
366,14:24:13,29.07,--,0,0,买盘
367,14:24:08,29.07,0.05,15,43605,买盘
368,14:24:03,29.02,--,22,63844,卖盘
369,14:23:58,29.02,-0.04,71,208595,卖盘
370,14:23:53,29.06,0.02,50,145300,卖盘
371,14:23:48,29.04,-0.02,22,63888,卖盘
372,14:23:43,29.06,0.05,30,87180,买盘
373,14:23:38,29.01,-0.03,237,688581,卖盘
374,14:23:33,29.04,-0.02,6,19979,卖盘
375,14:23:28,29.06,0.03,12,34872,买盘
376,14:23:23,29.03,0.03,29,84187,卖盘
377,14:23:18,29.0,-0.04,414,1203152,卖盘
378,14:23:13,29.04,--,21,60984,买盘
379,14:23:08,29.04,-0.02,232,673728,卖盘
380,14:23:03,29.06,0.02,5,14530,中性盘
381,14:22:58,29.04,-0.04,87,254680,中性盘
382,14:22:53,29.08,0.02,3,8724,买盘
383,14:22:47,29.06,-0.02,13,37778,中性盘
384,14:22:43,29.08,-0.01,301,875308,中性盘
385,14:22:38,29.09,0.01,35,101815,买盘
386,14:22:28,29.08,-0.02,99,287892,卖盘
387,14:22:22,29.1,--,20,58200,买盘
388,14:22:17,29.1,-0.08,39,113839,卖盘
389,14:22:13,29.18,--,17,49606,买盘
390,14:22:07,29.18,--,27,78786,买盘
391,14:22:02,29.18,0.08,12,35016,中性盘
392,14:21:58,29.1,-0.08,415,1210210,卖盘
393,14:21:52,29.18,-0.02,16,46688,卖盘
394,14:21:37,29.2,-0.04,56,163520,卖盘
395,14:21:32,29.24,-0.02,24,70176,卖盘
396,14:21:27,29.26,-0.02,4,11704,卖盘
397,14:21:17,29.28,--,17,51649,卖盘
398,14:21:12,29.28,-0.02,50,148976,卖盘
399,14:21:07,29.3,-0.01,62,181660,卖盘
400,14:21:02,29.31,0.01,2,5862,买盘
401,14:20:57,29.3,--,1,2930,卖盘
402,14:20:52,29.3,-0.01,160,471378,卖盘
403,14:20:47,29.31,--,13,39480,卖盘
404,14:20:37,29.31,-0.04,49,144996,卖盘
405,14:20:32,29.35,--,0,0,买盘
406,14:20:27,29.35,0.03,2,5870,买盘
407,14:20:22,29.32,-0.02,25,73300,卖盘
408,14:20:17,29.34,-0.01,0,2581,卖盘
409,14:20:12,29.35,-0.01,56,166942,卖盘
410,14:20:02,29.36,-0.01,8,23488,卖盘
411,14:19:57,29.37,--,5,17269,买盘
412,14:19:52,29.37,-0.01,51,150139,卖盘
413,14:19:32,29.38,-0.01,2,6581,卖盘
414,14:19:27,29.39,--,6,17986,卖盘
415,14:19:17,29.39,--,0,0,卖盘
416,14:19:12,29.39,--,0,2586,卖盘
417,14:18:57,29.39,0.01,4,14342,买盘
418,14:18:52,29.38,-0.01,3,8814,卖盘
419,14:18:42,29.39,0.01,1,2939,买盘
420,14:18:37,29.38,0.01,0,2585,卖盘
421,14:18:22,29.37,--,0,0,卖盘
422,14:18:17,29.37,-0.06,0,2584,卖盘
423,14:18:12,29.43,0.07,2,5886,买盘
424,14:17:27,29.36,--,0,0,卖盘
425,14:17:17,29.36,--,2,5872,卖盘
426,14:17:07,29.36,--,2,5872,卖盘
427,14:17:02,29.36,--,0,0,卖盘
428,14:16:52,29.36,-0.03,8,23488,卖盘
429,14:16:47,29.39,--,1,2939,卖盘
430,14:16:42,29.39,0.01,1,4467,买盘
431,14:16:37,29.38,-0.01,6,17628,中性盘
432,14:16:27,29.39,0.04,1,2939,买盘
433,14:16:22,29.35,-0.03,106,311814,卖盘
434,14:16:17,29.38,-0.01,10,29380,卖盘
435,14:16:07,29.39,0.01,18,52902,买盘
436,14:15:57,29.38,--,10,29380,买盘
437,14:15:52,29.38,--,3,8814,买盘
438,14:15:42,29.38,0.02,5,14690,买盘
439,14:15:31,29.36,--,2,5872,买盘
440,14:15:22,29.36,--,5,14680,买盘
441,14:15:16,29.36,0.02,1,2936,买盘
442,14:14:56,29.34,--,3,8802,买盘
443,14:14:52,29.34,--,2,5868,买盘
444,14:14:46,29.34,--,5,14670,买盘
445,14:14:37,29.34,--,0,0,买盘
446,14:14:31,29.34,0.02,2,5868,买盘
447,14:14:22,29.32,--,9,26388,买盘
448,14:14:16,29.32,--,25,73300,买盘
449,14:14:11,29.32,--,2,5864,买盘
450,14:14:07,29.32,--,11,32252,买盘
451,14:14:01,29.32,0.02,32,93824,买盘
452,14:13:51,29.3,-0.02,30,87900,卖盘
453,14:13:46,29.32,-0.02,13,38116,卖盘
454,14:13:41,29.34,--,2,5868,买盘
455,14:13:36,29.34,--,110,322740,卖盘
456,14:13:31,29.34,--,4,11736,卖盘
457,14:13:16,29.34,--,1,5222,卖盘
458,14:13:06,29.34,0.01,7,20538,买盘
459,14:13:01,29.33,-0.01,7,20531,卖盘
460,14:12:51,29.34,--,3,8802,卖盘
461,14:12:46,29.34,-0.01,13,38142,卖盘
462,14:12:36,29.35,-0.01,28,82180,卖盘
463,14:12:31,29.36,--,10,29360,卖盘
464,14:12:16,29.36,-0.01,41,120376,卖盘
465,14:12:11,29.37,-0.01,5,14685,卖盘
466,14:12:06,29.38,--,30,88140,卖盘
467,14:12:01,29.38,-0.01,30,88140,卖盘
468,14:11:56,29.39,-0.01,45,134988,卖盘
469,14:11:46,29.4,--,5,17287,卖盘
470,14:11:41,29.4,--,100,294000,卖盘
471,14:11:36,29.4,--,5,14700,卖盘
472,14:11:26,29.4,--,30,88200,卖盘
473,14:11:16,29.4,--,25,73588,卖盘
474,14:11:11,29.4,-0.01,17,49980,卖盘
475,14:11:06,29.41,0.01,6,17646,买盘
476,14:11:01,29.4,--,6,17640,卖盘
477,14:10:56,29.4,-0.01,4,11760,卖盘
478,14:10:41,29.41,--,2,5882,买盘
479,14:10:36,29.41,--,2,5882,买盘
480,14:10:31,29.41,--,12,37056,卖盘
481,14:10:01,29.41,--,10,31645,卖盘
482,14:09:56,29.41,--,30,88230,卖盘
483,14:09:41,29.41,-0.01,20,61408,卖盘
484,14:09:16,29.42,--,1,5177,买盘
485,14:09:01,29.42,-0.01,7,20594,卖盘
486,14:08:55,29.43,--,5,15068,卖盘
487,14:08:40,29.43,-0.02,1,5532,卖盘
488,14:08:31,29.45,--,9,27211,卖盘
489,14:08:25,29.45,--,21,61845,卖盘
490,14:08:16,29.45,-0.01,1,5536,卖盘
491,14:08:10,29.46,--,0,353,卖盘
492,14:07:55,29.46,0.01,0,2592,中性盘
493,14:07:35,29.45,-0.02,0,2591,卖盘
494,14:07:31,29.47,--,1,2947,买盘
495,14:07:25,29.47,--,8,23576,卖盘
496,14:07:05,29.47,0.01,52,153244,买盘
497,14:07:01,29.46,--,1,2946,卖盘
498,14:06:55,29.46,--,4,11784,卖盘
499,14:06:46,29.46,--,0,0,卖盘
500,14:06:40,29.46,--,10,29460,卖盘
501,14:06:30,29.46,-0.02,10,29460,卖盘
502,14:06:16,29.48,0.02,3,8844,买盘
503,14:06:00,29.46,-0.02,50,147300,卖盘
504,14:05:55,29.48,--,3,8844,买盘
505,14:05:45,29.48,--,1,2948,卖盘
506,14:05:15,29.48,-0.01,19,56012,买盘
507,14:05:00,29.49,--,0,0,买盘
508,14:04:55,29.49,0.04,13,38337,买盘
509,14:04:45,29.45,-0.01,1,2945,卖盘
510,14:04:40,29.46,--,57,167922,买盘
511,14:04:30,29.46,0.01,5,14730,买盘
512,14:04:25,29.45,-0.01,2,5890,卖盘
513,14:04:20,29.46,--,12,35352,买盘
514,14:04:15,29.46,--,1,2946,买盘
515,14:04:10,29.46,0.01,2,5892,买盘
516,14:03:55,29.45,0.03,5,14725,买盘
517,14:03:50,29.42,-0.01,1,2942,卖盘
518,14:03:45,29.43,--,0,0,买盘
519,14:03:35,29.43,--,3,8829,买盘
520,14:03:25,29.43,--,2,5886,买盘
521,14:03:20,29.43,0.03,27,79461,买盘
522,14:03:10,29.4,--,1,2940,卖盘
523,14:03:05,29.4,--,9,26460,卖盘
524,14:03:00,29.4,--,6,17640,卖盘
525,14:02:45,29.4,--,0,0,卖盘
526,14:02:40,29.4,-0.04,150,441000,卖盘
527,14:02:25,29.44,-0.01,10,29440,卖盘
528,14:01:40,29.45,-0.01,2,8746,卖盘
529,14:01:25,29.46,--,8,23568,买盘
530,14:01:19,29.46,--,10,29460,卖盘
531,14:01:09,29.46,--,10,29460,卖盘
532,14:00:19,29.46,--,10,29460,买盘
533,14:00:15,29.46,--,0,0,中性盘
534,14:00:04,29.46,-0.03,1,2946,卖盘
535,13:59:49,29.49,--,0,0,买盘
536,13:59:40,29.49,-0.01,10,29490,买盘
537,13:59:14,29.5,--,0,0,买盘
538,13:59:10,29.5,0.01,14,41300,买盘
539,13:58:54,29.49,0.04,20,58980,买盘
540,13:58:49,29.45,-0.04,2,5890,卖盘
541,13:58:40,29.49,0.06,4,11796,买盘
542,13:58:34,29.43,--,0,0,卖盘
543,13:58:29,29.43,-0.02,0,2825,卖盘
544,13:58:09,29.45,-0.04,5,14725,卖盘
545,13:58:04,29.49,0.06,2,5898,买盘
546,13:57:44,29.43,--,0,0,卖盘
547,13:57:29,29.43,-0.04,19,55917,卖盘
548,13:57:19,29.47,0.05,8,23576,买盘
549,13:56:48,29.42,--,0,0,卖盘
550,13:56:39,29.42,--,7,20594,卖盘
551,13:56:18,29.42,-0.01,6,17652,卖盘
552,13:56:14,29.43,--,0,0,中性盘
553,13:56:03,29.43,--,7,20601,卖盘
554,13:55:59,29.43,0.01,28,82404,中性盘
555,13:55:48,29.42,--,18,52956,卖盘
556,13:55:44,29.42,--,0,0,卖盘
557,13:55:39,29.42,-0.01,37,108854,卖盘
558,13:55:33,29.43,--,2,5886,买盘
559,13:55:09,29.43,0.02,2,5886,买盘
560,13:55:03,29.41,--,0,0,卖盘
561,13:54:58,29.41,-0.04,8,23528,卖盘
562,13:54:48,29.45,-0.01,38,111910,卖盘
563,13:54:43,29.46,-0.01,9,26514,卖盘
564,13:54:33,29.47,--,6,17682,卖盘
565,13:54:28,29.47,-0.03,15,44205,卖盘
566,13:54:13,29.5,--,1,2950,卖盘
567,13:54:03,29.5,--,3,8850,卖盘
568,13:53:54,29.5,--,9,26550,买盘
569,13:53:48,29.5,-0.04,1,2950,卖盘
570,13:53:28,29.54,--,25,73850,卖盘
571,13:53:24,29.54,--,16,47264,卖盘
572,13:53:09,29.54,-0.01,10,29540,卖盘
573,13:53:03,29.55,-0.01,29,85695,卖盘
574,13:52:58,29.56,--,5,14780,买盘
575,13:52:54,29.56,0.01,2,5912,买盘
576,13:52:43,29.55,-0.01,2,5910,卖盘
577,13:52:38,29.56,--,0,0,买盘
578,13:52:33,29.56,0.02,31,91636,买盘
579,13:52:18,29.54,-0.04,11,32494,卖盘
580,13:52:13,29.58,0.03,12,35496,买盘
581,13:52:03,29.55,--,5,14775,中性盘
582,13:51:58,29.55,--,5,14775,买盘
583,13:51:48,29.55,--,4,11820,买盘
584,13:51:43,29.55,-0.04,21,62055,卖盘
585,13:51:38,29.59,0.04,46,136114,买盘
586,13:51:18,29.55,--,36,106380,买盘
587,13:51:13,29.55,0.01,1,2955,买盘
588,13:50:58,29.54,0.08,96,283584,买盘
589,13:50:43,29.46,--,9,26514,买盘
590,13:50:28,29.46,--,4,11784,买盘
591,13:50:18,29.46,--,39,114894,买盘
592,13:49:57,29.46,--,11,32406,买盘
593,13:49:27,29.46,--,6,17676,买盘
594,13:49:18,29.46,-0.03,20,58920,卖盘
595,13:49:12,29.49,--,11,32439,买盘
596,13:49:08,29.49,0.02,8,23592,买盘
597,13:48:48,29.47,-0.01,5,14735,卖盘
598,13:48:42,29.48,0.01,1,2948,买盘
599,13:48:27,29.47,--,0,0,卖盘
600,13:48:18,29.47,-0.02,3,8841,卖盘
601,13:47:42,29.49,--,2,5898,买盘
602,13:47:22,29.49,--,10,29490,买盘
603,13:47:18,29.49,-0.01,109,321441,卖盘
604,13:47:03,29.5,--,1,2950,卖盘
605,13:46:57,29.5,0.01,1,2950,卖盘
606,13:46:52,29.49,--,0,0,卖盘
607,13:46:42,29.49,--,0,0,卖盘
608,13:46:37,29.49,--,15,44235,卖盘
609,13:46:18,29.49,--,2,5898,卖盘
610,13:46:07,29.49,--,1,2949,卖盘
611,13:45:52,29.49,-0.01,1,2949,卖盘
612,13:45:42,29.5,--,8,23600,卖盘
613,13:45:22,29.5,--,2,5900,卖盘
614,13:45:17,29.5,--,1,2950,卖盘
615,13:45:07,29.5,--,5,14750,卖盘
616,13:44:57,29.5,--,8,23600,卖盘
617,13:44:52,29.5,-0.02,1,2950,卖盘
618,13:44:42,29.52,0.02,10,29520,买盘
619,13:44:17,29.5,-0.02,7,20650,卖盘
620,13:44:02,29.52,0.02,2,5904,买盘
621,13:43:52,29.5,-0.04,10,29500,卖盘
622,13:43:47,29.54,--,0,0,买盘
623,13:43:37,29.54,--,0,0,买盘
624,13:43:32,29.54,0.01,6,17724,买盘
625,13:43:22,29.53,--,2,5906,买盘
626,13:43:12,29.53,-0.01,51,150603,卖盘
627,13:43:06,29.54,--,27,79758,卖盘
628,13:42:51,29.54,0.01,6,17724,买盘
629,13:42:32,29.53,-0.01,15,44295,卖盘
630,13:42:27,29.54,0.01,7,20678,买盘
631,13:42:17,29.53,--,3,8859,卖盘
632,13:42:02,29.53,0.01,5,14765,买盘
633,13:41:57,29.52,--,17,50184,卖盘
634,13:41:47,29.52,0.01,1,2952,中性盘
635,13:41:36,29.51,--,6,17706,卖盘
636,13:41:31,29.51,--,0,0,卖盘
637,13:41:21,29.51,0.01,23,67873,买盘
638,13:41:16,29.5,--,1,2950,卖盘
639,13:41:01,29.5,-0.01,14,41300,卖盘
640,13:40:46,29.51,-0.01,18,53118,卖盘
641,13:40:41,29.52,0.01,3,8856,卖盘
642,13:40:36,29.51,-0.01,14,41314,卖盘
643,13:40:27,29.52,0.02,2,5904,买盘
644,13:40:21,29.5,--,1,2950,卖盘
645,13:40:11,29.5,--,9,26550,卖盘
646,13:40:06,29.5,-0.02,24,70800,卖盘
647,13:39:57,29.52,0.02,5,14760,买盘
648,13:39:36,29.5,--,3,8850,卖盘
649,13:39:31,29.5,--,8,23600,买盘
650,13:39:21,29.5,0.01,22,64900,买盘
651,13:39:16,29.49,--,11,32439,卖盘
652,13:39:11,29.49,--,2,5898,卖盘
653,13:39:06,29.49,-0.01,9,26541,卖盘
654,13:38:51,29.5,--,8,23600,买盘
655,13:38:46,29.5,--,1,2950,买盘
656,13:38:36,29.5,--,46,135700,卖盘
657,13:38:31,29.5,--,0,0,卖盘
658,13:38:21,29.5,--,5,14750,卖盘
659,13:38:16,29.5,--,8,23600,买盘
660,13:38:06,29.5,0.01,20,59000,买盘
661,13:38:01,29.49,-0.01,5,14745,买盘
662,13:37:51,29.5,0.01,27,79650,买盘
663,13:37:46,29.49,--,2,5898,卖盘
664,13:37:36,29.49,0.01,7,20643,买盘
665,13:37:31,29.48,--,25,73700,买盘
666,13:37:21,29.48,--,9,26532,买盘
667,13:37:16,29.48,0.02,1,2948,买盘
668,13:36:51,29.46,--,4,11784,买盘
669,13:36:46,29.46,--,11,32406,买盘
670,13:36:30,29.46,-0.02,15,44190,卖盘
671,13:36:16,29.48,--,0,0,买盘
672,13:36:06,29.48,--,0,0,买盘
673,13:36:00,29.48,--,5,14740,卖盘
674,13:35:51,29.48,--,4,11792,卖盘
675,13:35:45,29.48,0.03,51,150348,买盘
676,13:35:36,29.45,-0.02,1,2945,卖盘
677,13:35:30,29.47,-0.01,21,61887,买盘
678,13:35:15,29.48,--,0,0,买盘
679,13:35:11,29.48,0.07,68,200464,买盘
680,13:35:00,29.41,--,2,5882,买盘
681,13:34:55,29.41,0.02,4,11764,买盘
682,13:34:50,29.39,-0.01,100,293900,卖盘
683,13:34:45,29.4,-0.01,1,2940,卖盘
684,13:34:40,29.41,--,9,26469,买盘
685,13:34:35,29.41,--,2,5882,买盘
686,13:34:30,29.41,--,44,129404,卖盘
687,13:34:25,29.41,--,0,0,卖盘
688,13:34:00,29.41,--,10,29410,卖盘
689,13:33:40,29.41,--,9,26469,卖盘
690,13:33:30,29.41,-0.04,10,29410,卖盘
691,13:33:15,29.45,0.04,18,53010,买盘
692,13:32:55,29.41,-0.04,51,149991,卖盘
693,13:32:45,29.45,--,10,29450,买盘
694,13:32:35,29.45,--,0,0,买盘
695,13:32:30,29.45,0.02,25,73625,买盘
696,13:32:25,29.43,--,10,29430,买盘
697,13:32:10,29.43,--,3,8829,买盘
698,13:32:05,29.43,--,0,0,买盘
699,13:32:00,29.43,--,1,2943,卖盘
700,13:31:55,29.43,0.02,1,2943,卖盘
701,13:31:35,29.41,--,0,0,卖盘
702,13:31:30,29.41,--,0,0,卖盘
703,13:31:15,29.41,--,1,2941,卖盘
704,13:31:10,29.41,--,11,32351,卖盘
705,13:31:05,29.41,--,0,0,卖盘
706,13:31:00,29.41,0.01,1,2941,买盘
707,13:30:55,29.4,--,11,32340,卖盘
708,13:30:50,29.4,-0.01,28,82320,卖盘
709,13:30:30,29.41,0.01,7,20587,买盘
710,13:30:25,29.4,-0.01,9,26460,卖盘
711,13:30:20,29.41,0.01,10,29410,买盘
712,13:30:05,29.4,-0.01,1,2940,卖盘
713,13:29:45,29.41,--,5,14705,买盘
714,13:29:39,29.41,--,4,11764,买盘
715,13:29:35,29.41,--,4,11764,买盘
716,13:29:30,29.41,--,5,14705,买盘
717,13:29:00,29.41,--,4,11764,买盘
718,13:28:54,29.41,--,5,14705,买盘
719,13:28:50,29.41,0.01,15,44115,买盘
720,13:28:24,29.4,-0.01,5,14700,卖盘
721,13:28:04,29.41,0.01,1,2941,买盘
722,13:27:39,29.4,--,4,11760,买盘
723,13:27:34,29.4,-0.01,5,14700,买盘
724,13:27:29,29.41,--,0,0,买盘
725,13:27:24,29.41,0.01,4,11764,买盘
726,13:27:19,29.4,--,1,2940,买盘
727,13:27:14,29.4,-0.01,6,17640,卖盘
728,13:27:04,29.41,--,18,52938,买盘
729,13:26:54,29.41,0.01,43,126463,买盘
730,13:26:49,29.4,-0.01,1,2940,卖盘
731,13:26:44,29.41,0.01,5,14705,买盘
732,13:26:39,29.4,-0.01,4,11760,卖盘
733,13:26:19,29.41,--,6,17646,买盘
734,13:26:14,29.41,--,9,26469,买盘
735,13:25:54,29.41,--,5,14705,买盘
736,13:25:49,29.41,0.01,30,88230,买盘
737,13:25:44,29.4,-0.01,4,11760,卖盘
738,13:25:39,29.41,--,2,5882,买盘
739,13:25:34,29.41,--,2,5882,买盘
740,13:25:19,29.41,--,9,26469,买盘
741,13:25:14,29.41,--,1,2941,买盘
742,13:25:09,29.41,-0.06,38,111758,卖盘
743,13:25:04,29.47,--,2,5894,买盘
744,13:24:54,29.47,--,2,5894,卖盘
745,13:24:49,29.47,--,67,197449,买盘
746,13:24:44,29.47,--,0,0,买盘
747,13:24:39,29.47,--,0,0,买盘
748,13:24:24,29.47,0.06,2,5894,买盘
749,13:24:09,29.41,-0.08,10,29410,卖盘
750,13:23:54,29.49,--,0,0,买盘
751,13:23:09,29.49,--,0,0,买盘
752,13:22:54,29.49,--,0,0,买盘
753,13:22:49,29.49,0.1,3,8847,买盘
754,13:22:29,29.39,--,0,0,卖盘
755,13:22:24,29.39,-0.01,11,33004,卖盘
756,13:22:14,29.4,--,5,14700,买盘
757,13:22:09,29.4,--,1,2940,买盘
758,13:21:59,29.4,-0.01,6,19903,卖盘
759,13:21:54,29.41,0.01,0,676,买盘
760,13:21:48,29.4,-0.01,5,14700,卖盘
761,13:21:33,29.41,--,2,5882,买盘
762,13:21:24,29.41,--,1,2941,买盘
763,13:21:18,29.41,-0.03,96,284600,卖盘
764,13:21:14,29.44,--,1,2944,中性盘
765,13:20:59,29.44,--,6,17664,买盘
766,13:20:48,29.44,--,4,11776,买盘
767,13:20:43,29.44,--,5,14720,买盘
768,13:20:28,29.44,--,13,38272,买盘
769,13:20:24,29.44,--,5,14720,买盘
770,13:20:18,29.44,--,8,23552,买盘
771,13:20:13,29.44,--,4,11776,买盘
772,13:20:03,29.44,-0.02,10,29440,卖盘
773,13:19:58,29.46,-0.04,4,11784,卖盘
774,13:19:54,29.5,--,2,5900,买盘
775,13:19:48,29.5,--,1,2950,买盘
776,13:19:28,29.5,-0.01,2,5900,买盘
777,13:19:23,29.51,--,0,0,买盘
778,13:19:03,29.51,--,0,0,买盘
779,13:18:58,29.51,0.08,2,5902,买盘
780,13:18:48,29.43,-0.08,2,5886,卖盘
781,13:18:28,29.51,--,24,70824,买盘
782,13:18:23,29.51,--,2,5902,买盘
783,13:18:18,29.51,--,2,5902,买盘
784,13:17:48,29.51,--,1,2951,买盘
785,13:17:43,29.51,--,0,0,买盘
786,13:17:23,29.51,--,5,14755,卖盘
787,13:17:18,29.51,-0.02,35,103285,卖盘
788,13:17:13,29.53,--,0,0,买盘
789,13:17:03,29.53,0.02,23,67919,买盘
790,13:16:58,29.51,--,11,32461,卖盘
791,13:16:48,29.51,0.04,13,38363,买盘
792,13:16:43,29.47,-0.03,1,2947,卖盘
793,13:16:38,29.5,0.03,10,29500,买盘
794,13:16:33,29.47,-0.01,1,3624,卖盘
795,13:16:28,29.48,--,3,8844,买盘
796,13:16:23,29.48,-0.04,1,2948,买盘
797,13:16:18,29.52,--,0,0,买盘
798,13:16:13,29.52,--,0,0,买盘
799,13:16:08,29.52,--,0,0,买盘
800,13:16:03,29.52,--,0,0,中性盘
801,13:15:58,29.52,0.1,4,11808,买盘
802,13:15:53,29.42,--,0,0,卖盘
803,13:15:48,29.42,--,0,0,卖盘
804,13:15:42,29.42,--,0,0,卖盘
805,13:15:33,29.42,-0.11,10,29420,卖盘
806,13:15:27,29.53,0.03,10,29530,买盘
807,13:15:12,29.5,--,0,0,买盘
808,13:15:08,29.5,0.08,4,11800,买盘
809,13:15:03,29.42,0.03,4,11768,买盘
810,13:14:38,29.39,--,32,94048,买盘
811,13:14:33,29.39,--,5,14695,买盘
812,13:14:23,29.39,-0.01,7,20573,卖盘
813,13:14:12,29.4,0.01,4,11760,买盘
814,13:14:08,29.39,-0.01,9,26451,卖盘
815,13:13:57,29.4,--,2,5880,买盘
816,13:13:48,29.4,--,2,5880,买盘
817,13:13:42,29.4,-0.02,4,11760,卖盘
818,13:13:38,29.42,0.02,1,2942,买盘
819,13:13:27,29.4,-0.02,24,70560,卖盘
820,13:13:18,29.42,--,3,8826,买盘
821,13:13:12,29.42,--,1,2942,买盘
822,13:13:07,29.42,0.01,100,294200,买盘
823,13:13:02,29.41,--,1,2941,买盘
824,13:12:57,29.41,--,61,179401,买盘
825,13:12:52,29.41,--,3,8823,买盘
826,13:12:37,29.41,--,16,47056,买盘
827,13:12:33,29.41,--,20,58820,买盘
828,13:12:27,29.41,0.02,2,5882,买盘
829,13:12:18,29.39,-0.02,9,26451,卖盘
830,13:12:12,29.41,0.02,18,52938,买盘
831,13:11:57,29.39,--,4,11756,卖盘
832,13:11:47,29.39,0.01,3,8817,买盘
833,13:11:42,29.38,--,39,114582,卖盘
834,13:11:27,29.38,--,10,29380,卖盘
835,13:11:22,29.38,0.02,138,407970,买盘
836,13:11:12,29.36,-0.01,1,2936,卖盘
837,13:11:07,29.37,--,4,11748,买盘
838,13:11:02,29.37,--,3,8811,买盘
839,13:10:57,29.37,--,33,96921,买盘
840,13:10:47,29.37,--,3,8811,买盘
841,13:10:42,29.37,--,3,8811,买盘
842,13:10:37,29.37,--,1,2937,买盘
843,13:10:32,29.37,--,2,5874,买盘
844,13:10:27,29.37,--,12,35244,买盘
845,13:10:12,29.37,--,5,14685,买盘
846,13:10:07,29.37,--,37,108669,卖盘
847,13:10:02,29.37,--,5,14685,卖盘
848,13:09:57,29.37,--,84,246708,卖盘
849,13:09:52,29.37,--,5,14685,卖盘
850,13:09:47,29.37,0.02,86,252582,买盘
851,13:09:42,29.35,-0.02,6,17610,卖盘
852,13:09:37,29.37,-0.01,17,49929,卖盘
853,13:09:27,29.38,--,8,23504,卖盘
854,13:09:22,29.38,0.01,2,5876,中性盘
855,13:09:12,29.37,-0.01,137,402369,卖盘
856,13:09:07,29.38,-0.01,60,176280,卖盘
857,13:08:52,29.39,--,45,132255,卖盘
858,13:08:47,29.39,-0.01,15,44085,卖盘
859,13:08:36,29.4,--,13,38220,买盘
860,13:08:21,29.4,--,10,29400,买盘
861,13:08:12,29.4,-0.01,197,579180,卖盘
862,13:08:06,29.41,--,15,44115,卖盘
863,13:08:02,29.41,--,3,8823,卖盘
864,13:07:42,29.41,--,59,173519,卖盘
865,13:07:32,29.41,--,20,58820,卖盘
866,13:07:26,29.41,-0.01,20,58820,卖盘
867,13:07:17,29.42,-0.01,49,144158,卖盘
868,13:07:06,29.43,--,1,2943,买盘
869,13:07:02,29.43,--,1,2943,卖盘
870,13:06:51,29.43,--,3,8829,卖盘
871,13:06:32,29.43,--,5,14715,卖盘
872,13:06:21,29.43,--,2,5886,卖盘
873,13:06:17,29.43,-0.01,2,5886,卖盘
874,13:06:02,29.44,--,2,5888,买盘
875,13:05:57,29.44,0.01,1,2944,买盘
876,13:05:51,29.43,-0.01,3,8829,卖盘
877,13:05:46,29.44,-0.06,12,35328,卖盘
878,13:05:36,29.5,--,0,0,买盘
879,13:05:32,29.5,0.07,8,23600,买盘
880,13:05:11,29.43,-0.07,24,70632,卖盘
881,13:04:46,29.5,--,56,165200,卖盘
882,13:04:36,29.5,-0.02,3,8850,卖盘
883,13:04:16,29.52,0.01,1,2952,买盘
884,13:04:11,29.51,-0.01,5,14755,卖盘
885,13:04:06,29.52,-0.02,14,41328,卖盘
886,13:03:51,29.54,--,20,59080,卖盘
887,13:03:46,29.54,-0.01,200,590800,卖盘
888,13:03:36,29.55,0.01,22,65010,中性盘
889,13:03:31,29.54,--,30,88620,卖盘
890,13:03:16,29.54,--,26,76804,卖盘
891,13:03:01,29.54,--,20,59080,卖盘
892,13:02:46,29.54,--,1,2954,卖盘
893,13:02:21,29.54,--,0,0,卖盘
894,13:02:16,29.54,-0.02,14,41356,卖盘
895,13:02:06,29.56,0.02,2,5912,买盘
896,13:02:01,29.54,-0.02,8,23632,卖盘
897,13:01:51,29.56,0.02,12,35472,买盘
898,13:01:45,29.54,--,30,88620,卖盘
899,13:01:41,29.54,--,0,0,卖盘
900,13:01:35,29.54,-0.02,3,8862,卖盘
901,13:01:21,29.56,--,0,0,买盘
902,13:01:06,29.56,--,11,32516,卖盘
903,13:00:56,29.56,--,7,20692,卖盘
904,13:00:45,29.56,0.02,2,5912,卖盘
905,13:00:41,29.54,--,0,0,卖盘
906,13:00:30,29.54,--,1,2954,卖盘
907,13:00:26,29.54,--,3,8862,卖盘
908,13:00:20,29.54,--,1,2954,卖盘
909,13:00:15,29.54,-0.03,3,8862,卖盘
910,13:00:11,29.57,0.02,9,26613,买盘
911,13:00:05,29.55,-0.02,74,218670,中性盘
912,11:30:00,29.57,--,0,0,买盘
913,11:30:00,29.57,--,0,0,买盘
914,11:30:00,29.57,0.03,3,8871,买盘
915,11:29:57,29.54,--,40,118160,卖盘
916,11:29:52,29.54,--,42,124068,卖盘
917,11:29:47,29.54,--,60,177240,卖盘
918,11:29:42,29.54,0.02,10,29540,买盘
919,11:29:37,29.52,-0.01,1,2952,卖盘
920,11:29:27,29.53,0.01,3,8859,买盘
921,11:29:22,29.52,-0.01,11,32472,卖盘
922,11:29:12,29.53,0.01,3,8859,买盘
923,11:28:47,29.52,--,0,0,卖盘
924,11:28:42,29.52,-0.01,52,153504,卖盘
925,11:28:37,29.53,--,2,5906,卖盘
926,11:28:27,29.53,-0.04,10,29530,卖盘
927,11:28:22,29.57,-0.01,1,2957,卖盘
928,11:28:07,29.58,--,1,2958,买盘
929,11:28:02,29.58,-0.01,1,2958,卖盘
930,11:27:57,29.59,0.01,5,14795,买盘
931,11:27:47,29.58,-0.01,7,20706,卖盘
932,11:27:37,29.59,0.02,34,100606,买盘
933,11:27:07,29.57,0.02,1,2957,买盘
934,11:26:52,29.55,--,7,20685,买盘
935,11:26:41,29.55,--,0,0,买盘
936,11:26:22,29.55,--,12,35460,买盘
937,11:26:11,29.55,0.04,3,8865,买盘
938,11:25:52,29.51,--,11,32461,买盘
939,11:25:47,29.51,--,15,44265,买盘
940,11:25:37,29.51,0.01,17,50167,买盘
941,11:25:21,29.5,--,53,156350,买盘
942,11:24:56,29.5,--,17,50150,买盘
943,11:24:51,29.5,-0.07,40,118000,卖盘
944,11:24:36,29.57,--,0,0,买盘
945,11:24:26,29.57,--,15,44355,卖盘
946,11:24:16,29.57,-0.01,10,29570,卖盘
947,11:24:01,29.58,--,5,14790,买盘
948,11:23:51,29.58,--,4,11832,买盘
949,11:23:46,29.58,--,6,17748,买盘
950,11:23:36,29.58,0.01,5,14790,买盘
951,11:23:30,29.57,-0.01,5,14785,卖盘
952,11:23:21,29.58,--,1,2958,买盘
953,11:23:00,29.58,0.01,6,17748,买盘
954,11:22:51,29.57,--,10,29570,买盘
955,11:22:46,29.57,0.05,1,2957,买盘
956,11:22:41,29.52,--,0,0,中性盘
957,11:22:36,29.52,--,6,17712,卖盘
958,11:22:26,29.52,--,1,2952,卖盘
959,11:22:21,29.52,0.01,5,14760,卖盘
960,11:22:16,29.51,--,35,103285,买盘
961,11:22:06,29.51,--,5,14755,买盘
962,11:22:01,29.51,0.01,10,29510,卖盘
963,11:21:46,29.5,--,0,0,卖盘
964,11:21:36,29.5,--,10,29500,卖盘
965,11:21:30,29.5,-0.05,8,23600,卖盘
966,11:21:21,29.55,0.05,7,20685,买盘
967,11:21:16,29.5,--,7,20650,卖盘
968,11:21:06,29.5,--,15,44250,卖盘
969,11:20:56,29.5,0.04,24,70800,买盘
970,11:20:46,29.46,--,3,8838,卖盘
971,11:20:16,29.46,-0.04,7,20622,卖盘
972,11:20:11,29.5,--,4,11800,买盘
973,11:20:06,29.5,0.05,8,23600,买盘
974,11:19:56,29.45,-0.01,4,11780,卖盘
975,11:19:51,29.46,0.01,2,5892,中性盘
976,11:19:46,29.45,--,11,32395,卖盘
977,11:19:36,29.45,--,0,0,卖盘
978,11:19:31,29.45,-0.01,7,20615,卖盘
979,11:19:21,29.46,--,2,5892,买盘
980,11:19:16,29.46,--,5,14730,买盘
981,11:19:01,29.46,--,11,32406,买盘
982,11:18:56,29.46,0.01,2,5892,买盘
983,11:18:41,29.45,0.01,6,17670,卖盘
984,11:18:30,29.44,0.01,11,32384,中性盘
985,11:18:26,29.43,--,20,58860,卖盘
986,11:18:20,29.43,-0.02,5,14715,卖盘
987,11:18:15,29.45,-0.01,12,35340,卖盘
988,11:18:10,29.46,--,0,0,买盘
989,11:18:05,29.46,--,14,41244,买盘
990,11:18:00,29.46,--,0,0,买盘
991,11:17:50,29.46,-0.04,1,2946,卖盘
992,11:17:45,29.5,0.03,5,14750,买盘
993,11:17:40,29.47,--,1,2947,买盘
994,11:17:30,29.47,-0.03,15,44205,卖盘
995,11:17:25,29.5,--,7,20650,买盘
996,11:17:19,29.5,--,1,2950,买盘
997,11:17:15,29.5,--,4,11800,买盘
998,11:17:10,29.5,--,11,32450,卖盘
999,11:17:00,29.5,--,2,5900,卖盘
1000,11:16:55,29.5,--,2,5900,卖盘
1001,11:16:45,29.5,0.03,2,5900,卖盘
1002,11:16:35,29.47,--,0,0,卖盘
1003,11:16:30,29.47,-0.01,11,32417,卖盘
1004,11:16:20,29.48,0.01,7,20636,中性盘
1005,11:16:15,29.47,-0.01,8,23576,卖盘
1006,11:16:10,29.48,0.01,12,35376,买盘
1007,11:15:55,29.47,0.05,1,2947,买盘
1008,11:15:50,29.42,--,7,20594,卖盘
1009,11:15:45,29.42,--,0,0,卖盘
1010,11:15:40,29.42,-0.13,14,41188,卖盘
1011,11:15:35,29.55,--,0,0,买盘
1012,11:15:30,29.55,--,0,0,买盘
1013,11:15:25,29.55,0.15,51,150705,买盘
1014,11:15:10,29.4,--,0,0,卖盘
1015,11:15:05,29.4,-0.1,1,2940,卖盘
1016,11:15:00,29.5,0.1,1,2950,买盘
1017,11:14:55,29.4,--,0,0,卖盘
1018,11:14:45,29.4,--,20,58800,买盘
1019,11:14:30,29.4,-0.1,572,1681680,卖盘
1020,11:14:25,29.5,-0.05,20,59000,买盘
1021,11:14:15,29.55,--,0,0,买盘
1022,11:14:10,29.55,--,0,0,中性盘
1023,11:14:05,29.55,--,2,5910,买盘
1024,11:14:00,29.55,0.11,21,62055,买盘
1025,11:13:45,29.44,-0.11,59,173696,卖盘
1026,11:13:30,29.55,0.09,19,56145,买盘
1027,11:13:14,29.46,--,4,11784,买盘
1028,11:13:10,29.46,-0.04,24,70704,卖盘
1029,11:13:05,29.5,--,14,41300,卖盘
1030,11:13:00,29.5,0.04,205,604750,买盘
1031,11:12:55,29.46,0.01,7,20622,买盘
1032,11:12:45,29.45,0.01,13,38285,中性盘
1033,11:12:40,29.44,-0.01,9,26496,卖盘
1034,11:12:35,29.45,0.03,4,11780,中性盘
1035,11:12:30,29.42,-0.03,18,52956,卖盘
1036,11:12:25,29.45,0.03,103,303335,买盘
1037,11:12:20,29.42,--,58,170636,买盘
1038,11:12:15,29.42,--,8,23536,卖盘
1039,11:12:10,29.42,--,15,44130,卖盘
1040,11:12:05,29.42,--,0,0,卖盘
1041,11:11:59,29.42,--,75,223062,买盘
1042,11:11:54,29.42,0.02,10,29420,买盘
1043,11:11:44,29.4,--,2,5880,卖盘
1044,11:11:39,29.4,--,64,188160,卖盘
1045,11:11:30,29.4,--,144,423360,买盘
1046,11:11:19,29.4,--,10,29400,买盘
1047,11:11:14,29.4,-0.02,12,35280,中性盘
1048,11:11:09,29.42,0.01,118,347685,买盘
1049,11:11:04,29.41,--,16,47056,卖盘
1050,11:10:59,29.41,-0.01,52,152932,中性盘
1051,11:10:54,29.42,0.02,2,5884,买盘
1052,11:10:49,29.4,--,98,288120,卖盘
1053,11:10:44,29.4,0.02,133,393430,买盘
1054,11:10:39,29.38,-0.02,9,26442,卖盘
1055,11:10:34,29.4,0.02,21,61740,买盘
1056,11:10:29,29.38,-0.02,12,35256,卖盘
1057,11:10:24,29.4,--,3,8820,买盘
1058,11:10:19,29.4,--,41,121069,卖盘
1059,11:10:14,29.4,--,56,164640,卖盘
1060,11:10:09,29.4,--,27,81790,卖盘
1061,11:10:04,29.4,--,24,70560,卖盘
1062,11:09:59,29.4,--,2,5880,卖盘
1063,11:09:54,29.4,--,103,302820,买盘
1064,11:09:49,29.4,--,6,17640,买盘
1065,11:09:39,29.4,--,13,38220,卖盘
1066,11:09:34,29.4,-0.02,39,114660,卖盘
1067,11:09:24,29.42,-0.01,1,2942,卖盘
1068,11:09:19,29.43,--,236,694548,买盘
1069,11:09:14,29.43,--,1,2943,买盘
1070,11:09:09,29.43,-0.02,32,94176,卖盘
1071,11:09:04,29.45,--,26,76570,卖盘
1072,11:08:59,29.45,-0.01,3,8835,卖盘
1073,11:08:54,29.46,0.01,18,53028,中性盘
1074,11:08:48,29.45,-0.01,4,11780,卖盘
1075,11:08:44,29.46,--,11,32406,卖盘
1076,11:08:39,29.46,-0.01,36,106056,卖盘
1077,11:08:34,29.47,--,6,17682,买盘
1078,11:08:29,29.47,-0.02,68,200396,卖盘
1079,11:08:24,29.49,-0.01,6,17694,卖盘
1080,11:08:09,29.5,--,63,185850,卖盘
1081,11:08:03,29.5,-0.01,80,236000,卖盘
1082,11:07:59,29.51,-0.02,64,188864,卖盘
1083,11:07:54,29.53,-0.01,16,47248,卖盘
1084,11:07:49,29.54,--,11,32494,买盘
1085,11:07:39,29.54,--,3,8862,卖盘
1086,11:07:33,29.54,--,6,17724,卖盘
1087,11:07:29,29.54,--,7,20678,卖盘
1088,11:07:19,29.54,--,0,0,卖盘
1089,11:07:14,29.54,-0.02,20,59080,卖盘
1090,11:07:09,29.56,0.01,14,41384,中性盘
1091,11:07:04,29.55,-0.03,1,2955,卖盘
1092,11:06:53,29.58,0.02,5,14790,买盘
1093,11:06:48,29.56,--,0,0,中性盘
1094,11:06:39,29.56,-0.04,57,168492,卖盘
1095,11:06:23,29.6,-0.01,45,133200,卖盘
1096,11:06:19,29.61,-0.01,7,20727,卖盘
1097,11:06:14,29.62,--,20,59240,买盘
1098,11:06:08,29.62,--,3,8886,买盘
1099,11:06:03,29.62,--,9,26658,买盘
1100,11:05:53,29.62,-0.04,32,94784,卖盘
1101,11:05:48,29.66,--,2,5932,买盘
1102,11:05:42,29.66,--,5,14830,买盘
1103,11:05:39,29.66,--,5,14830,买盘
1104,11:05:34,29.66,0.01,2,5932,买盘
1105,11:05:24,29.65,0.02,3,8895,买盘
1106,11:05:03,29.63,--,1,2963,买盘
1107,11:04:53,29.63,--,2,5926,买盘
1108,11:04:42,29.63,--,10,29630,买盘
1109,11:04:38,29.63,--,0,0,买盘
1110,11:04:12,29.63,0.02,6,17778,买盘
1111,11:04:03,29.61,-0.02,41,121401,卖盘
1112,11:03:58,29.63,0.02,10,29630,买盘
1113,11:03:48,29.61,0.01,6,17766,买盘
1114,11:03:42,29.6,-0.01,4,11840,卖盘
1115,11:03:33,29.61,--,6,17766,买盘
1116,11:03:23,29.61,--,2,5922,买盘
1117,11:03:18,29.61,-0.02,2,5922,卖盘
1118,11:03:13,29.63,--,41,121483,卖盘
1119,11:03:07,29.63,--,12,35556,买盘
1120,11:03:03,29.63,--,10,29630,买盘
1121,11:02:58,29.63,--,142,420746,买盘
1122,11:02:48,29.63,--,6,17778,买盘
1123,11:02:42,29.63,--,40,118520,卖盘
1124,11:02:33,29.63,--,2,5926,卖盘
1125,11:02:18,29.63,0.01,9,26667,买盘
1126,11:01:48,29.62,0.01,2,5924,卖盘
1127,11:01:42,29.61,--,0,0,卖盘
1128,11:01:32,29.61,-0.05,25,74025,卖盘
1129,11:01:27,29.66,--,20,59320,买盘
1130,11:01:17,29.66,--,0,0,买盘
1131,11:01:13,29.66,--,4,11864,买盘
1132,11:01:02,29.66,0.05,2,5932,买盘
1133,11:00:47,29.61,-0.01,25,74025,卖盘
1134,11:00:42,29.62,-0.04,30,88860,卖盘
1135,11:00:38,29.66,-0.02,10,29660,买盘
1136,11:00:32,29.68,-0.01,18,53424,卖盘
1137,11:00:28,29.69,--,6,17814,买盘
1138,11:00:23,29.69,--,1,2969,买盘
1139,11:00:17,29.69,--,12,35628,买盘
1140,11:00:13,29.69,--,7,20783,买盘
1141,11:00:02,29.69,0.01,12,35628,买盘
1142,10:59:47,29.68,--,16,47488,卖盘
1143,10:59:32,29.68,--,6,17808,卖盘
1144,10:59:28,29.68,0.05,68,201824,买盘
1145,10:59:23,29.63,0.02,4,11852,买盘
1146,10:59:12,29.61,--,21,62181,买盘
1147,10:59:08,29.61,0.01,2,5922,买盘
1148,10:59:02,29.6,--,14,41440,卖盘
1149,10:58:57,29.6,--,10,29600,卖盘
1150,10:58:53,29.6,--,3,8880,卖盘
1151,10:58:42,29.6,-0.01,56,165760,卖盘
1152,10:58:32,29.61,--,8,23688,卖盘
1153,10:58:27,29.61,--,23,68103,卖盘
1154,10:58:17,29.61,--,10,29610,卖盘
1155,10:58:12,29.61,--,5,14805,卖盘
1156,10:58:06,29.61,--,3,8883,卖盘
1157,10:57:52,29.61,-0.06,10,29610,卖盘
1158,10:57:47,29.67,0.07,7,20769,买盘
1159,10:57:27,29.6,--,7,20720,卖盘
1160,10:57:22,29.6,--,12,35520,买盘
1161,10:57:17,29.6,0.02,64,189440,买盘
1162,10:57:12,29.58,--,16,47328,买盘
1163,10:57:06,29.58,0.01,41,121278,卖盘
1164,10:57:02,29.57,--,1,2957,卖盘
1165,10:56:57,29.57,--,19,56183,卖盘
1166,10:56:51,29.57,--,81,239517,卖盘
1167,10:56:47,29.57,-0.03,1,2957,卖盘
1168,10:56:42,29.6,0.03,22,65120,买盘
1169,10:56:37,29.57,--,50,147850,买盘
1170,10:56:27,29.57,--,8,23656,买盘
1171,10:56:21,29.57,-0.04,114,337098,卖盘
1172,10:56:17,29.61,0.01,1,2961,买盘
1173,10:56:12,29.6,--,2,5920,卖盘
1174,10:56:07,29.6,--,3,8880,卖盘
1175,10:55:57,29.6,-0.01,5,14800,卖盘
1176,10:55:51,29.61,--,0,0,卖盘
1177,10:55:47,29.61,-0.09,20,59220,卖盘
1178,10:55:42,29.7,--,98,291060,买盘
1179,10:55:36,29.7,--,1,2970,买盘
1180,10:55:32,29.7,--,16,49777,卖盘
1181,10:55:27,29.7,--,24,71280,卖盘
1182,10:55:21,29.7,--,16,47520,卖盘
1183,10:55:17,29.7,-0.01,3,8910,卖盘
1184,10:55:12,29.71,-0.03,18,53478,卖盘
1185,10:55:06,29.74,0.02,14,41636,买盘
1186,10:54:57,29.72,-0.02,8,23776,卖盘
1187,10:54:51,29.74,-0.01,13,38662,卖盘
1188,10:54:47,29.75,0.01,3,8925,买盘
1189,10:54:41,29.74,--,13,38662,卖盘
1190,10:54:36,29.74,-0.01,57,169518,卖盘
1191,10:54:32,29.75,-0.02,42,125485,卖盘
1192,10:54:26,29.77,0.02,41,122057,买盘
1193,10:54:21,29.75,-0.04,4,11900,卖盘
1194,10:54:17,29.79,0.04,1,2979,买盘
1195,10:54:11,29.75,-0.04,21,62475,卖盘
1196,10:54:06,29.79,--,15,44685,卖盘
1197,10:53:56,29.79,0.04,5,14895,买盘
1198,10:53:46,29.75,--,14,41650,卖盘
1199,10:53:36,29.75,--,0,0,卖盘
1200,10:53:26,29.75,--,12,35700,卖盘
1201,10:53:21,29.75,--,21,64914,卖盘
1202,10:52:56,29.75,-0.05,31,92225,卖盘
1203,10:52:46,29.8,0.05,3,8940,买盘
1204,10:52:36,29.75,-0.05,4,11900,卖盘
1205,10:52:21,29.8,--,12,35760,卖盘
1206,10:52:15,29.8,-0.01,45,134100,卖盘
1207,10:52:11,29.81,--,0,0,中性盘
1208,10:52:06,29.81,--,0,0,卖盘
1209,10:52:00,29.81,-0.03,8,23848,卖盘
1210,10:51:56,29.84,--,31,92504,卖盘
1211,10:51:41,29.84,--,23,68632,买盘
1212,10:51:36,29.84,--,0,0,买盘
1213,10:51:30,29.84,--,5,14920,买盘
1214,10:51:26,29.84,0.01,15,44760,买盘
1215,10:51:21,29.83,-0.01,17,50711,卖盘
1216,10:51:15,29.84,0.01,4,11936,买盘
1217,10:51:00,29.83,--,1,2983,卖盘
1218,10:50:56,29.83,--,30,89490,买盘
1219,10:50:45,29.83,--,18,53694,买盘
1220,10:50:36,29.83,--,20,59660,买盘
1221,10:50:21,29.83,--,33,98439,卖盘
1222,10:50:15,29.83,--,43,128268,卖盘
1223,10:50:06,29.83,-0.01,20,59660,卖盘
1224,10:50:00,29.84,0.01,3,8952,买盘
1225,10:49:51,29.83,0.03,122,363926,买盘
1226,10:49:45,29.8,0.03,58,172840,买盘
1227,10:49:36,29.77,-0.03,49,145873,卖盘
1228,10:49:30,29.8,--,0,0,买盘
1229,10:49:21,29.8,0.05,5,14900,买盘
1230,10:49:11,29.75,-0.05,3,8925,卖盘
1231,10:49:06,29.8,0.04,40,119200,买盘
1232,10:49:00,29.76,0.01,1,2976,卖盘
1233,10:48:51,29.75,--,0,0,卖盘
1234,10:48:45,29.75,-0.05,10,29750,卖盘
1235,10:48:30,29.8,--,0,0,买盘
1236,10:48:21,29.8,--,0,0,买盘
1237,10:48:10,29.8,--,6,17880,买盘
1238,10:48:06,29.8,--,1,2980,买盘
1239,10:47:56,29.8,--,3,8940,买盘
1240,10:47:51,29.8,--,2,5960,买盘
1241,10:47:45,29.8,--,5,14900,买盘
1242,10:47:40,29.8,--,0,0,中性盘
1243,10:47:36,29.8,--,0,0,卖盘
1244,10:47:15,29.8,--,13,38740,买盘
1245,10:46:55,29.8,--,0,0,买盘
1246,10:46:50,29.8,0.01,23,68540,买盘
1247,10:46:20,29.79,0.07,8,23832,买盘
1248,10:45:50,29.72,-0.08,28,83216,卖盘
1249,10:45:45,29.8,--,5,14900,卖盘
1250,10:45:35,29.8,0.01,65,193700,买盘
1251,10:45:25,29.79,0.07,2,5958,买盘
1252,10:45:20,29.72,0.01,8,23776,卖盘
1253,10:44:50,29.71,-0.09,10,29710,卖盘
1254,10:44:45,29.8,0.1,1,2980,买盘
1255,10:44:35,29.7,-0.1,107,320463,卖盘
1256,10:44:24,29.8,0.09,2,5960,买盘
1257,10:44:05,29.71,-0.1,234,695214,卖盘
1258,10:44:00,29.81,--,1,2981,买盘
1259,10:43:50,29.81,0.01,1,2981,买盘
1260,10:43:45,29.8,-0.01,3,8940,卖盘
1261,10:43:24,29.81,-0.02,15,44715,卖盘
1262,10:43:09,29.83,-0.01,59,175997,卖盘
1263,10:43:05,29.84,--,12,35808,买盘
1264,10:42:54,29.84,--,2,5968,买盘
1265,10:42:30,29.84,0.01,1,2984,买盘
1266,10:42:24,29.83,--,13,38779,买盘
1267,10:42:20,29.83,-0.02,17,50711,卖盘
1268,10:42:15,29.85,--,6,17910,买盘
1269,10:41:54,29.85,--,4,11940,买盘
1270,10:41:50,29.85,-0.01,4,11940,买盘
1271,10:41:45,29.86,--,15,44819,卖盘
1272,10:41:39,29.86,--,29,89550,买盘
1273,10:41:35,29.86,--,30,89580,买盘
1274,10:41:24,29.86,--,12,35832,买盘
1275,10:41:20,29.86,--,7,20902,买盘
1276,10:41:15,29.86,0.02,29,86594,买盘
1277,10:41:09,29.84,--,3,8952,卖盘
1278,10:41:05,29.84,--,1,2984,卖盘
1279,10:41:00,29.84,-0.02,2,5968,卖盘
1280,10:40:54,29.86,--,2,5972,买盘
1281,10:40:49,29.86,0.02,159,474774,买盘
1282,10:40:39,29.84,0.01,2,5968,买盘
1283,10:40:30,29.83,--,3,8949,买盘
1284,10:40:24,29.83,--,0,0,中性盘
1285,10:40:19,29.83,0.03,19,56677,买盘
1286,10:40:15,29.8,--,1,2980,卖盘
1287,10:40:09,29.8,--,20,59600,卖盘
1288,10:40:04,29.8,-0.04,10,29800,卖盘
1289,10:40:00,29.84,--,0,0,买盘
1290,10:39:54,29.84,--,3,8952,买盘
1291,10:39:45,29.84,0.01,7,20888,买盘
1292,10:39:39,29.83,-0.02,7,20881,卖盘
1293,10:39:34,29.85,--,23,68655,买盘
1294,10:39:24,29.85,--,27,80595,买盘
1295,10:39:14,29.85,--,3,8955,买盘
1296,10:39:09,29.85,--,17,50745,卖盘
1297,10:38:59,29.85,-0.01,19,56715,卖盘
1298,10:38:54,29.86,0.01,24,71664,买盘
1299,10:38:49,29.85,0.02,5,14925,买盘
1300,10:38:44,29.83,-0.02,1,2983,卖盘
1301,10:38:39,29.85,--,66,197010,买盘
1302,10:38:34,29.85,--,24,71640,卖盘
1303,10:38:29,29.85,--,62,185070,买盘
1304,10:38:14,29.85,--,0,0,买盘
1305,10:38:09,29.85,--,8,23880,买盘
1306,10:37:59,29.85,0.05,48,143280,买盘
1307,10:37:54,29.8,-0.05,9,26820,卖盘
1308,10:37:44,29.85,-0.02,28,83609,卖盘
1309,10:37:39,29.87,0.01,59,176233,买盘
1310,10:37:33,29.86,-0.01,3,8958,卖盘
1311,10:37:29,29.87,0.01,60,179220,买盘
1312,10:37:24,29.86,--,23,68678,卖盘
1313,10:37:18,29.86,--,32,97851,买盘
1314,10:37:14,29.86,0.01,23,68678,买盘
1315,10:37:09,29.85,-0.01,5,14925,卖盘
1316,10:37:03,29.86,0.01,3,8958,买盘
1317,10:36:59,29.85,0.06,95,284231,买盘
1318,10:36:48,29.79,--,1,3366,买盘
1319,10:36:44,29.79,--,5,14895,买盘
1320,10:36:39,29.79,-0.03,120,360071,卖盘
1321,10:36:33,29.82,0.03,117,349281,买盘
1322,10:36:29,29.79,--,1,2979,买盘
1323,10:36:23,29.79,--,8,23832,买盘
1324,10:36:18,29.79,--,2,5958,中性盘
1325,10:36:14,29.79,--,0,0,中性盘
1326,10:36:09,29.79,-0.01,3,8937,中性盘
1327,10:36:03,29.8,0.05,7,20860,买盘
1328,10:35:59,29.75,-0.05,100,297500,卖盘
1329,10:35:54,29.8,--,42,125160,买盘
1330,10:35:44,29.8,--,7,20860,买盘
1331,10:35:33,29.8,--,6,17880,买盘
1332,10:35:29,29.8,--,12,35760,卖盘
1333,10:35:18,29.8,0.02,9,26820,买盘
1334,10:35:09,29.78,--,5,14890,卖盘
1335,10:35:03,29.78,0.02,18,53604,买盘
1336,10:34:39,29.76,--,5,14880,卖盘
1337,10:34:29,29.76,--,1,2976,卖盘
1338,10:34:23,29.76,--,6,17856,买盘
1339,10:34:09,29.76,--,1,2976,买盘
1340,10:34:03,29.76,--,10,29760,卖盘
1341,10:33:59,29.76,-0.04,2,5952,卖盘
1342,10:33:53,29.8,--,5,14900,买盘
1343,10:33:48,29.8,--,3,8940,卖盘
1344,10:33:44,29.8,0.04,13,38740,卖盘
1345,10:33:33,29.76,-0.04,24,71424,卖盘
1346,10:33:23,29.8,--,10,32124,卖盘
1347,10:33:18,29.8,--,8,24495,买盘
1348,10:33:08,29.8,--,43,128140,买盘
1349,10:33:03,29.8,--,157,468873,买盘
1350,10:32:58,29.8,--,1,2980,买盘
1351,10:32:53,29.8,--,2,5960,买盘
1352,10:32:48,29.8,0.04,154,458920,买盘
1353,10:32:43,29.76,--,9,26784,买盘
1354,10:32:38,29.76,-0.01,11,32736,卖盘
1355,10:32:33,29.77,-0.02,9,26793,卖盘
1356,10:32:28,29.79,--,2,5958,买盘
1357,10:32:18,29.79,0.03,12,35748,买盘
1358,10:32:13,29.76,-0.02,6,17856,卖盘
1359,10:32:08,29.78,0.03,2,5956,中性盘
1360,10:32:03,29.75,-0.01,64,190400,卖盘
1361,10:31:53,29.76,--,2,5952,买盘
1362,10:31:43,29.76,--,3,8928,买盘
1363,10:31:38,29.76,0.01,1,2976,买盘
1364,10:31:33,29.75,0.03,21,62475,买盘
1365,10:31:23,29.72,-0.03,1,2972,买盘
1366,10:31:18,29.75,--,0,0,买盘
1367,10:31:08,29.75,0.04,11,32725,买盘
1368,10:31:03,29.71,-0.01,18,53478,卖盘
1369,10:30:58,29.72,0.01,4,11888,中性盘
1370,10:30:53,29.71,-0.01,23,68333,卖盘
1371,10:30:48,29.72,-0.02,19,56468,卖盘
1372,10:30:38,29.74,-0.01,3,8922,买盘
1373,10:30:27,29.75,--,3,8925,中性盘
1374,10:30:23,29.75,--,3,8925,卖盘
1375,10:30:18,29.75,--,11,32725,卖盘
1376,10:30:12,29.75,--,2,5950,卖盘
1377,10:30:08,29.75,0.03,22,65450,买盘
1378,10:30:03,29.72,-0.03,60,178320,卖盘
1379,10:29:57,29.75,0.03,36,107100,买盘
1380,10:29:42,29.72,--,0,0,卖盘
1381,10:29:38,29.72,--,0,0,中性盘
1382,10:29:32,29.72,-0.03,31,92132,卖盘
1383,10:29:27,29.75,--,5,14875,卖盘
1384,10:29:23,29.75,0.03,6,17850,买盘
1385,10:29:17,29.72,0.01,11,32692,买盘
1386,10:29:02,29.71,-0.04,2,5942,卖盘
1387,10:28:57,29.75,0.05,31,92225,买盘
1388,10:28:47,29.7,-0.02,80,237600,卖盘
1389,10:28:42,29.72,0.02,113,335836,买盘
1390,10:28:38,29.7,--,1,2970,卖盘
1391,10:28:32,29.7,-0.02,8,23760,卖盘
1392,10:28:27,29.72,0.02,6,17832,买盘
1393,10:28:17,29.7,--,33,98010,卖盘
1394,10:28:12,29.7,--,13,38610,卖盘
1395,10:28:08,29.7,-0.02,5,14850,卖盘
1396,10:28:02,29.72,-0.03,94,279368,卖盘
1397,10:27:53,29.75,--,9,26775,卖盘
1398,10:27:47,29.75,--,3,8925,卖盘
1399,10:27:38,29.75,--,0,0,卖盘
1400,10:27:32,29.75,-0.05,52,154700,卖盘
1401,10:27:17,29.8,-0.03,20,59600,卖盘
1402,10:27:12,29.83,--,150,447450,买盘
1403,10:27:08,29.83,--,26,77558,卖盘
1404,10:27:02,29.83,--,89,265487,卖盘
1405,10:26:57,29.83,--,34,101422,卖盘
1406,10:26:53,29.83,--,32,95456,卖盘
1407,10:26:47,29.83,-0.01,42,125286,卖盘
1408,10:26:42,29.84,--,3,8952,买盘
1409,10:26:32,29.84,--,160,477440,卖盘
1410,10:26:27,29.84,-0.01,238,710192,卖盘
1411,10:26:22,29.85,--,31,92535,买盘
1412,10:26:17,29.85,--,66,197995,卖盘
1413,10:26:12,29.85,--,30,91729,卖盘
1414,10:26:07,29.85,-0.01,2,5970,卖盘
1415,10:26:02,29.86,0.01,12,35832,买盘
1416,10:25:47,29.85,0.01,33,101310,买盘
1417,10:25:42,29.84,--,1,2984,卖盘
1418,10:25:37,29.84,0.04,121,361064,买盘
1419,10:25:32,29.8,--,0,0,中性盘
1420,10:25:27,29.8,--,10,29800,卖盘
1421,10:25:12,29.8,--,2,5960,卖盘
1422,10:24:47,29.8,--,9,26820,买盘
1423,10:24:42,29.8,--,0,0,中性盘
1424,10:24:36,29.8,0.05,11,32780,买盘
1425,10:24:32,29.75,-0.05,6,17850,卖盘
1426,10:24:27,29.8,--,28,83440,卖盘
1427,10:24:21,29.8,--,0,0,卖盘
1428,10:24:17,29.8,0.04,87,259260,买盘
1429,10:24:06,29.76,-0.01,13,38688,卖盘
1430,10:24:02,29.77,-0.03,13,38701,卖盘
1431,10:23:57,29.8,--,0,0,买盘
1432,10:23:42,29.8,0.03,8,23840,买盘
1433,10:23:36,29.77,-0.05,10,29770,卖盘
1434,10:23:32,29.82,--,1,2982,卖盘
1435,10:23:26,29.82,0.02,157,468174,买盘
1436,10:23:21,29.8,--,92,274160,买盘
1437,10:23:17,29.8,-0.01,19,56620,卖盘
1438,10:23:11,29.81,--,0,0,中性盘
1439,10:23:06,29.81,-0.01,9,26829,卖盘
1440,10:23:02,29.82,--,47,140154,卖盘
1441,10:22:56,29.82,--,1,2982,卖盘
1442,10:22:51,29.82,--,10,29820,卖盘
1443,10:22:47,29.82,-0.02,10,29820,卖盘
1444,10:22:41,29.84,--,23,68632,买盘
1445,10:22:36,29.84,-0.01,15,44760,卖盘
1446,10:22:26,29.85,--,23,68684,卖盘
1447,10:22:21,29.85,--,125,376080,卖盘
1448,10:22:17,29.85,--,7,20895,卖盘
1449,10:22:11,29.85,--,4,11940,卖盘
1450,10:22:06,29.85,--,67,199995,卖盘
1451,10:22:02,29.85,-0.01,10,29850,卖盘
1452,10:21:56,29.86,--,27,80622,买盘
1453,10:21:51,29.86,0.01,21,62706,买盘
1454,10:21:41,29.85,--,40,119400,买盘
1455,10:21:36,29.85,--,5,14925,买盘
1456,10:21:32,29.85,--,1,2985,买盘
1457,10:21:26,29.85,-0.01,25,74625,卖盘
1458,10:21:21,29.86,0.01,16,47776,买盘
1459,10:21:17,29.85,--,3,8955,买盘
1460,10:21:11,29.85,0.04,10,29850,买盘
1461,10:21:06,29.81,-0.02,32,95392,卖盘
1462,10:21:02,29.83,0.02,6,17898,买盘
1463,10:20:56,29.81,0.01,112,333872,买盘
1464,10:20:47,29.8,0.03,23,68540,买盘
1465,10:20:32,29.77,--,4,11908,买盘
1466,10:20:26,29.77,0.02,42,125034,买盘
1467,10:20:21,29.75,0.03,5,14875,买盘
1468,10:20:11,29.72,0.02,6,17832,买盘
1469,10:20:06,29.7,--,10,29700,卖盘
1470,10:19:56,29.7,0.01,27,80190,买盘
1471,10:19:51,29.69,0.01,3,8907,买盘
1472,10:19:36,29.68,--,7,20776,买盘
1473,10:19:16,29.68,--,2,5936,买盘
1474,10:19:11,29.68,0.01,7,20776,买盘
1475,10:18:56,29.67,0.04,4,11868,买盘
1476,10:18:46,29.63,-0.03,30,88890,卖盘
1477,10:18:41,29.66,0.04,15,44490,买盘
1478,10:18:36,29.62,--,10,29620,卖盘
1479,10:18:21,29.62,0.02,4,11848,卖盘
1480,10:18:16,29.6,--,0,0,卖盘
1481,10:18:11,29.6,--,0,0,卖盘
1482,10:17:56,29.6,--,25,74000,卖盘
1483,10:17:45,29.6,--,12,35520,卖盘
1484,10:17:36,29.6,--,15,44400,买盘
1485,10:17:30,29.6,--,10,29600,买盘
1486,10:17:26,29.6,--,8,23680,买盘
1487,10:17:21,29.6,--,1,2960,买盘
1488,10:17:15,29.6,--,25,74000,卖盘
1489,10:17:11,29.6,--,2,5920,卖盘
1490,10:17:06,29.6,0.03,11,32560,卖盘
1491,10:16:45,29.57,-0.03,45,133065,卖盘
1492,10:16:41,29.6,-0.06,125,370000,卖盘
1493,10:16:36,29.66,0.06,4,11864,买盘
1494,10:16:30,29.6,-0.05,15,44400,卖盘
1495,10:16:26,29.65,0.05,7,20755,买盘
1496,10:16:15,29.6,-0.03,30,88800,卖盘
1497,10:16:11,29.63,-0.02,6,17778,卖盘
1498,10:16:06,29.65,--,31,91915,买盘
1499,10:16:00,29.65,-0.02,25,74125,卖盘
1500,10:15:56,29.67,0.01,26,77142,买盘
1501,10:15:50,29.66,-0.01,10,29660,卖盘
1502,10:15:45,29.67,-0.01,10,29670,买盘
1503,10:15:35,29.68,0.03,11,32648,买盘
1504,10:15:30,29.65,-0.03,15,44475,卖盘
1505,10:15:20,29.68,--,20,59360,卖盘
1506,10:15:15,29.68,--,14,41552,卖盘
1507,10:15:00,29.68,-0.01,2,5936,卖盘
1508,10:14:55,29.69,--,3,8907,买盘
1509,10:14:45,29.69,--,1,2969,买盘
1510,10:14:41,29.69,-0.01,1,2969,卖盘
1511,10:14:30,29.7,-0.01,49,147757,卖盘
1512,10:14:25,29.71,--,1,2971,卖盘
1513,10:14:20,29.71,--,19,56449,卖盘
1514,10:14:15,29.71,--,20,59420,卖盘
1515,10:14:10,29.71,-0.01,3,8913,卖盘
1516,10:14:05,29.72,0.01,1,2972,买盘
1517,10:14:00,29.71,-0.01,6,17826,卖盘
1518,10:13:56,29.72,--,29,86188,卖盘
1519,10:13:45,29.72,--,13,38636,卖盘
1520,10:13:30,29.72,--,10,29720,卖盘
1521,10:13:15,29.72,-0.04,26,77272,卖盘
1522,10:13:05,29.76,--,35,104160,卖盘
1523,10:13:00,29.76,--,1,2976,卖盘
1524,10:12:55,29.76,--,29,86304,卖盘
1525,10:12:50,29.76,--,9,26784,卖盘
1526,10:12:45,29.76,--,10,29760,卖盘
1527,10:12:35,29.76,-0.01,16,47616,卖盘
1528,10:12:25,29.77,0.01,22,65494,买盘
1529,10:12:20,29.76,-0.01,6,17856,卖盘
1530,10:12:10,29.77,--,4,11908,买盘
1531,10:12:05,29.77,-0.01,13,38701,卖盘
1532,10:12:00,29.78,0.01,3,8934,买盘
1533,10:11:50,29.77,--,13,38701,卖盘
1534,10:11:45,29.77,-0.01,14,41678,卖盘
1535,10:11:40,29.78,--,1,2978,买盘
1536,10:11:30,29.78,0.01,5,14890,买盘
1537,10:11:25,29.77,-0.01,6,17862,卖盘
1538,10:11:20,29.78,--,2,5956,买盘
1539,10:11:05,29.78,--,3,8934,卖盘
1540,10:11:00,29.78,--,58,172724,卖盘
1541,10:10:54,29.78,-0.02,10,29780,卖盘
1542,10:10:50,29.8,--,12,35760,买盘
1543,10:10:35,29.8,0.02,1,2980,买盘
1544,10:10:24,29.78,0.02,15,44670,买盘
1545,10:10:20,29.76,-0.02,19,56544,卖盘
1546,10:10:15,29.78,--,1,2978,买盘
1547,10:10:05,29.78,--,0,0,买盘
1548,10:10:00,29.78,0.01,28,83384,买盘
1549,10:09:45,29.77,0.01,7,20839,买盘
1550,10:09:35,29.76,0.01,22,65472,买盘
1551,10:09:24,29.75,--,7,20825,卖盘
1552,10:09:20,29.75,--,1,2975,卖盘
1553,10:09:14,29.75,0.01,1,2975,买盘
1554,10:09:09,29.74,--,2,5948,卖盘
1555,10:09:05,29.74,--,2,5948,卖盘
1556,10:08:59,29.74,-0.01,1,2974,卖盘
1557,10:08:54,29.75,-0.01,14,41650,买盘
1558,10:08:44,29.76,--,0,0,买盘
1559,10:08:39,29.76,0.02,1,2976,买盘
1560,10:08:29,29.74,-0.01,40,118960,卖盘
1561,10:08:24,29.75,--,39,116025,买盘
1562,10:08:14,29.75,0.01,10,29750,买盘
1563,10:08:09,29.74,0.02,2,5948,卖盘
1564,10:07:59,29.72,-0.02,5,14860,卖盘
1565,10:07:54,29.74,0.02,1,2974,买盘
1566,10:07:49,29.72,--,15,44580,卖盘
1567,10:07:44,29.72,--,2,5944,卖盘
1568,10:07:39,29.72,--,34,102920,买盘
1569,10:07:34,29.72,--,3,8916,买盘
1570,10:07:14,29.72,--,43,128895,卖盘
1571,10:07:04,29.72,--,2,5944,卖盘
1572,10:06:59,29.72,-0.02,10,29720,卖盘
1573,10:06:54,29.74,0.02,5,16743,买盘
1574,10:06:39,29.72,-0.02,14,41608,卖盘
1575,10:06:34,29.74,-0.01,2,5948,买盘
1576,10:06:24,29.75,0.04,18,53550,买盘
1577,10:06:19,29.71,--,0,0,卖盘
1578,10:06:14,29.71,-0.01,27,80217,卖盘
1579,10:06:09,29.72,--,11,32692,买盘
1580,10:05:49,29.72,--,7,20804,卖盘
1581,10:05:44,29.72,-0.03,5,14860,卖盘
1582,10:05:39,29.75,0.03,5,14875,买盘
1583,10:05:29,29.72,--,40,118880,卖盘
1584,10:05:24,29.72,-0.03,10,29720,卖盘
1585,10:05:14,29.75,--,36,107100,买盘
1586,10:05:09,29.75,--,1,2975,买盘
1587,10:04:59,29.75,--,0,0,买盘
1588,10:04:44,29.75,--,4,11900,买盘
1589,10:04:09,29.75,-0.01,73,217175,卖盘
1590,10:04:04,29.76,--,6,17856,买盘
1591,10:03:59,29.76,0.05,3,8928,买盘
1592,10:03:54,29.71,-0.04,4,11884,卖盘
1593,10:03:49,29.75,0.04,1,2975,买盘
1594,10:03:44,29.71,--,31,92101,卖盘
1595,10:03:39,29.71,--,22,65362,卖盘
1596,10:03:29,29.71,--,9,26739,卖盘
1597,10:03:24,29.71,0.01,13,38623,买盘
1598,10:03:18,29.7,--,39,115830,卖盘
1599,10:03:14,29.7,--,5,14850,卖盘
1600,10:03:09,29.7,--,20,59400,卖盘
1601,10:03:03,29.7,0.05,48,143302,买盘
1602,10:02:59,29.65,-0.03,25,74125,卖盘
1603,10:02:53,29.68,--,1,2968,卖盘
1604,10:02:48,29.68,--,2,5936,卖盘
1605,10:02:44,29.68,-0.02,7,20776,卖盘
1606,10:02:38,29.7,--,29,86130,买盘
1607,10:02:29,29.7,--,23,68310,买盘
1608,10:02:23,29.7,-0.06,89,266557,卖盘
1609,10:02:18,29.76,0.01,1,2976,买盘
1610,10:02:08,29.75,--,1,2975,卖盘
1611,10:02:03,29.75,-0.02,5,14875,卖盘
1612,10:01:59,29.77,--,15,44655,买盘
1613,10:01:53,29.77,--,3,8931,买盘
1614,10:01:48,29.77,--,29,86333,卖盘
1615,10:01:38,29.77,-0.03,1,2977,卖盘
1616,10:01:33,29.8,0.02,21,62580,买盘
1617,10:01:23,29.78,--,13,38714,卖盘
1618,10:01:18,29.78,-0.02,10,29780,卖盘
1619,10:01:13,29.8,--,0,0,买盘
1620,10:01:03,29.8,0.01,9,26820,买盘
1621,10:00:58,29.79,-0.01,6,17874,卖盘
1622,10:00:53,29.8,--,10,29800,卖盘
1623,10:00:48,29.8,--,50,149000,卖盘
1624,10:00:43,29.8,--,229,682420,卖盘
1625,10:00:38,29.8,--,11,32780,卖盘
1626,10:00:33,29.8,-0.01,4,11920,卖盘
1627,10:00:28,29.81,0.01,9,26829,买盘
1628,10:00:23,29.8,-0.01,200,596000,卖盘
1629,10:00:18,29.81,--,11,32791,卖盘
1630,10:00:08,29.81,-0.02,5,14905,卖盘
1631,09:59:58,29.83,--,0,0,买盘
1632,09:59:53,29.83,--,2,5966,卖盘
1633,09:59:48,29.83,0.02,2,5966,卖盘
1634,09:59:43,29.81,-0.01,6,17886,卖盘
1635,09:59:38,29.82,--,16,47712,卖盘
1636,09:59:33,29.82,--,0,0,卖盘
1637,09:59:28,29.82,0.01,33,98406,中性盘
1638,09:59:23,29.81,-0.04,30,89430,卖盘
1639,09:59:18,29.85,0.03,3,8955,买盘
1640,09:59:13,29.82,-0.03,12,35784,卖盘
1641,09:59:08,29.85,--,49,146265,卖盘
1642,09:58:53,29.85,0.01,19,56715,买盘
1643,09:58:48,29.84,-0.01,52,155168,卖盘
1644,09:58:43,29.85,--,10,29850,买盘
1645,09:58:38,29.85,--,3,8955,买盘
1646,09:58:33,29.85,--,186,555210,卖盘
1647,09:58:28,29.85,--,5,14925,卖盘
1648,09:58:23,29.85,--,1,2985,卖盘
1649,09:58:18,29.85,0.01,110,328350,买盘
1650,09:58:13,29.84,-0.01,6,17904,卖盘
1651,09:58:08,29.85,0.01,26,77610,买盘
1652,09:58:03,29.84,--,67,199928,卖盘
1653,09:57:58,29.84,--,21,62664,卖盘
1654,09:57:53,29.84,--,19,56696,卖盘
1655,09:57:48,29.84,--,2,5968,卖盘
1656,09:57:38,29.84,--,3,8952,买盘
1657,09:57:33,29.84,0.02,27,80568,买盘
1658,09:57:28,29.82,--,0,0,中性盘
1659,09:57:23,29.82,-0.02,2,5964,中性盘
1660,09:57:18,29.84,0.02,10,29840,买盘
1661,09:57:13,29.82,0.01,11,32802,买盘
1662,09:57:08,29.81,0.01,19,56639,买盘
1663,09:57:03,29.8,-0.01,23,68540,卖盘
1664,09:56:58,29.81,0.01,10,29810,买盘
1665,09:56:53,29.8,--,1,2980,卖盘
1666,09:56:48,29.8,-0.01,12,35760,中性盘
1667,09:56:43,29.81,0.01,16,47696,买盘
1668,09:56:38,29.8,-0.01,11,32780,买盘
1669,09:56:33,29.81,--,7,20867,买盘
1670,09:56:28,29.81,0.02,1,2981,买盘
1671,09:56:23,29.79,-0.02,16,47664,卖盘
1672,09:56:18,29.81,0.01,15,44715,买盘
1673,09:56:08,29.8,--,1,2980,买盘
1674,09:56:03,29.8,--,18,53640,卖盘
1675,09:55:58,29.8,-0.01,10,29800,卖盘
1676,09:55:53,29.81,--,13,38753,买盘
1677,09:55:47,29.81,--,77,229537,买盘
1678,09:55:38,29.81,--,3,8943,买盘
1679,09:55:32,29.81,-0.04,24,71544,卖盘
1680,09:55:27,29.85,0.03,14,41790,买盘
1681,09:55:12,29.82,-0.03,21,62622,中性盘
1682,09:55:08,29.85,0.01,206,614910,买盘
1683,09:55:02,29.84,0.01,20,59680,中性盘
1684,09:54:57,29.83,-0.01,16,47728,卖盘
1685,09:54:53,29.84,--,5,14920,卖盘
1686,09:54:47,29.84,--,54,161136,卖盘
1687,09:54:42,29.84,0.01,8,23872,买盘
1688,09:54:38,29.83,-0.01,15,44745,卖盘
1689,09:54:32,29.84,0.01,40,119360,买盘
1690,09:54:27,29.83,--,49,146167,卖盘
1691,09:54:23,29.83,-0.01,9,26847,卖盘
1692,09:54:17,29.84,0.02,12,35808,买盘
1693,09:54:12,29.82,-0.02,12,35784,卖盘
1694,09:54:08,29.84,0.01,18,53712,买盘
1695,09:54:02,29.83,--,11,32813,买盘
1696,09:53:57,29.83,-0.01,22,65626,卖盘
1697,09:53:53,29.84,-0.01,8,23872,中性盘
1698,09:53:47,29.85,0.01,38,113430,买盘
1699,09:53:42,29.84,-0.01,7,20888,买盘
1700,09:53:37,29.85,--,32,95520,买盘
1701,09:53:32,29.85,0.05,18,53730,买盘
1702,09:53:27,29.8,0.03,11,32780,卖盘
1703,09:53:22,29.77,-0.03,23,68471,卖盘
1704,09:53:17,29.8,0.03,38,115624,买盘
1705,09:53:12,29.77,--,66,196482,买盘
1706,09:53:07,29.77,-0.09,74,220298,卖盘
1707,09:53:02,29.86,0.06,30,89580,买盘
1708,09:52:57,29.8,0.03,72,214560,买盘
1709,09:52:52,29.77,--,7,20839,买盘
1710,09:52:47,29.77,--,22,65494,买盘
1711,09:52:42,29.77,--,4,11908,买盘
1712,09:52:37,29.77,--,0,0,买盘
1713,09:52:32,29.77,0.04,4,11908,买盘
1714,09:52:27,29.73,0.02,33,98109,买盘
1715,09:52:22,29.71,-0.06,1,2971,卖盘
1716,09:52:17,29.77,0.06,32,95264,买盘
1717,09:52:12,29.71,0.01,7,20797,卖盘
1718,09:52:07,29.7,--,26,77962,卖盘
1719,09:52:02,29.7,-0.01,47,139590,卖盘
1720,09:51:57,29.71,--,46,136666,买盘
1721,09:51:52,29.71,--,11,32681,买盘
1722,09:51:47,29.71,-0.03,86,257734,卖盘
1723,09:51:42,29.74,--,17,50558,买盘
1724,09:51:37,29.74,0.03,1,2974,买盘
1725,09:51:32,29.71,--,10,30452,卖盘
1726,09:51:27,29.71,--,29,86159,买盘
1727,09:51:17,29.71,--,17,50507,买盘
1728,09:51:12,29.71,0.01,10,29710,买盘
1729,09:51:02,29.7,0.05,104,308880,买盘
1730,09:50:57,29.65,--,26,77090,买盘
1731,09:50:47,29.65,0.01,60,177900,买盘
1732,09:50:42,29.64,--,4,11856,卖盘
1733,09:50:32,29.64,--,1,2964,卖盘
1734,09:50:27,29.64,0.04,53,157092,买盘
1735,09:50:17,29.6,-0.03,10,29600,卖盘
1736,09:50:12,29.63,0.02,19,56297,买盘
1737,09:50:07,29.61,--,16,47376,买盘
1738,09:50:02,29.61,0.01,17,50337,买盘
1739,09:49:57,29.6,--,13,38480,卖盘
1740,09:49:52,29.6,--,5,14800,卖盘
1741,09:49:47,29.6,0.04,55,162800,买盘
1742,09:49:42,29.56,-0.04,71,211649,卖盘
1743,09:49:37,29.6,0.02,12,35520,买盘
1744,09:49:27,29.58,--,6,17748,卖盘
1745,09:49:22,29.58,--,0,0,卖盘
1746,09:49:17,29.58,0.01,19,56202,卖盘
1747,09:49:02,29.57,-0.01,9,26613,卖盘
1748,09:48:41,29.58,-0.02,1,2958,买盘
1749,09:48:36,29.6,-0.03,13,38480,卖盘
1750,09:48:26,29.63,0.03,17,50371,买盘
1751,09:48:11,29.6,--,9,26640,卖盘
1752,09:47:56,29.6,--,2,5920,买盘
1753,09:47:51,29.6,--,8,23680,买盘
1754,09:47:47,29.6,--,0,0,买盘
1755,09:47:41,29.6,0.01,17,50320,买盘
1756,09:47:36,29.59,-0.01,24,71016,中性盘
1757,09:47:32,29.6,--,22,65120,买盘
1758,09:47:26,29.6,--,3,8880,买盘
1759,09:47:21,29.6,--,46,136160,买盘
1760,09:47:17,29.6,--,0,0,买盘
1761,09:47:11,29.6,--,10,29600,买盘
1762,09:47:06,29.6,0.08,4,11840,买盘
1763,09:47:02,29.52,--,8,23616,卖盘
1764,09:46:56,29.52,--,20,59040,卖盘
1765,09:46:47,29.52,--,4,11808,卖盘
1766,09:46:41,29.52,-0.03,1,2952,卖盘
1767,09:46:36,29.55,0.03,1,2955,买盘
1768,09:46:26,29.52,0.01,142,419184,买盘
1769,09:46:21,29.51,0.01,50,147550,中性盘
1770,09:46:11,29.5,-0.02,23,67850,卖盘
1771,09:46:06,29.52,0.02,7,20664,买盘
1772,09:45:56,29.5,--,3,8850,卖盘
1773,09:45:51,29.5,0.06,99,292050,买盘
1774,09:45:46,29.44,--,5,14720,卖盘
1775,09:45:41,29.44,0.01,68,200192,买盘
1776,09:45:36,29.43,--,14,41202,买盘
1777,09:45:31,29.43,-0.01,1,2943,卖盘
1778,09:45:26,29.44,--,2,5888,买盘
1779,09:45:21,29.44,--,6,17664,买盘
1780,09:45:16,29.44,-0.02,7,20608,卖盘
1781,09:45:11,29.46,--,29,85434,买盘
1782,09:45:06,29.46,--,18,53028,买盘
1783,09:45:01,29.46,--,6,17676,买盘
1784,09:44:36,29.46,0.01,16,47136,买盘
1785,09:44:26,29.45,0.02,2,5890,买盘
1786,09:44:16,29.43,-0.02,1,2943,卖盘
1787,09:44:11,29.45,0.02,5,14725,买盘
1788,09:44:06,29.43,--,2,5886,中性盘
1789,09:44:01,29.43,--,11,32373,卖盘
1790,09:43:56,29.43,--,10,29430,卖盘
1791,09:43:51,29.43,0.01,28,82404,买盘
1792,09:43:46,29.42,--,11,34509,卖盘
1793,09:43:41,29.42,--,12,35304,卖盘
1794,09:43:26,29.42,0.01,7,20594,买盘
1795,09:43:11,29.41,0.01,10,29410,买盘
1796,09:42:51,29.4,--,33,97020,买盘
1797,09:42:40,29.4,-0.01,10,29400,卖盘
1798,09:42:26,29.41,-0.04,23,67643,卖盘
1799,09:42:21,29.45,0.04,3,8835,买盘
1800,09:42:16,29.41,--,0,0,中性盘
1801,09:42:10,29.41,-0.05,5,14705,卖盘
1802,09:42:01,29.46,0.01,203,598038,买盘
1803,09:41:55,29.45,0.04,1,2945,买盘
1804,09:41:50,29.41,0.01,1,2941,卖盘
1805,09:41:40,29.4,0.03,1,2940,买盘
1806,09:41:25,29.37,--,0,0,卖盘
1807,09:41:20,29.37,-0.09,26,76362,卖盘
1808,09:41:15,29.46,--,0,0,买盘
1809,09:41:10,29.46,--,30,89175,卖盘
1810,09:41:05,29.46,--,10,29460,卖盘
1811,09:41:00,29.46,--,46,137666,卖盘
1812,09:40:50,29.46,--,4,11784,卖盘
1813,09:40:40,29.46,--,4,11784,卖盘
1814,09:40:30,29.46,0.12,110,324060,买盘
1815,09:40:25,29.34,-0.03,50,146700,卖盘
1816,09:40:20,29.37,--,15,44055,卖盘
1817,09:40:15,29.37,0.02,20,58740,中性盘
1818,09:40:10,29.35,-0.05,10,29350,卖盘
1819,09:40:05,29.4,0.05,26,76440,买盘
1820,09:40:00,29.35,-0.02,35,102725,卖盘
1821,09:39:55,29.37,--,28,82236,卖盘
1822,09:39:50,29.37,-0.01,7,20559,卖盘
1823,09:39:45,29.38,0.01,8,23504,买盘
1824,09:39:35,29.37,0.02,20,58740,中性盘
1825,09:39:30,29.35,-0.02,19,55765,卖盘
1826,09:39:25,29.37,0.01,31,91047,买盘
1827,09:39:20,29.36,0.01,13,38168,中性盘
1828,09:39:15,29.35,-0.02,8,23480,卖盘
1829,09:39:10,29.37,-0.01,5,14685,买盘
1830,09:39:05,29.38,0.04,4,11752,买盘
1831,09:39:00,29.34,-0.01,38,111492,卖盘
1832,09:38:55,29.35,--,0,0,卖盘
1833,09:38:50,29.35,--,51,149685,买盘
1834,09:38:45,29.35,--,7,20545,买盘
1835,09:38:40,29.35,-0.02,17,49895,卖盘
1836,09:38:35,29.37,0.02,58,170346,买盘
1837,09:38:30,29.35,--,25,73375,卖盘
1838,09:38:25,29.35,--,1,2935,卖盘
1839,09:38:20,29.35,--,5,14675,卖盘
1840,09:38:15,29.35,-0.01,9,26415,卖盘
1841,09:38:10,29.36,0.05,1,2936,买盘
1842,09:38:05,29.31,-0.05,72,211032,卖盘
1843,09:38:00,29.36,-0.02,7,20552,卖盘
1844,09:37:50,29.38,--,15,44070,买盘
1845,09:37:45,29.38,0.02,21,61698,买盘
1846,09:37:40,29.36,0.01,1,2936,买盘
1847,09:37:35,29.35,-0.03,51,149685,卖盘
1848,09:37:30,29.38,-0.02,15,44070,卖盘
1849,09:37:20,29.4,-0.05,6,17640,卖盘
1850,09:37:15,29.45,0.05,80,235600,买盘
1851,09:37:10,29.4,-0.06,7,20580,卖盘
1852,09:37:05,29.46,--,0,0,买盘
1853,09:37:00,29.46,--,5,14730,卖盘
1854,09:36:50,29.46,--,26,76596,卖盘
1855,09:36:45,29.46,0.09,43,126678,买盘
1856,09:36:40,29.37,0.01,3,8811,买盘
1857,09:36:35,29.36,-0.02,10,29360,卖盘
1858,09:36:30,29.38,--,8,23504,卖盘
1859,09:36:25,29.38,-0.02,24,70512,卖盘
1860,09:36:15,29.4,0.01,91,267540,买盘
1861,09:36:05,29.39,0.01,1,2939,买盘
1862,09:36:00,29.38,0.02,22,64636,中性盘
1863,09:35:55,29.36,-0.02,30,88080,卖盘
1864,09:35:49,29.38,0.01,10,29380,卖盘
1865,09:35:45,29.37,--,72,211464,卖盘
1866,09:35:40,29.37,-0.01,31,91047,卖盘
1867,09:35:30,29.38,0.01,1,2938,中性盘
1868,09:35:25,29.37,-0.02,34,99858,卖盘
1869,09:35:19,29.39,--,3,8817,买盘
1870,09:35:15,29.39,-0.01,34,99926,中性盘
1871,09:35:10,29.4,--,79,232260,买盘
1872,09:35:04,29.4,0.01,26,76440,买盘
1873,09:34:55,29.39,-0.01,8,23512,卖盘
1874,09:34:49,29.4,--,1,2940,买盘
1875,09:34:44,29.4,-0.05,80,235200,卖盘
1876,09:34:40,29.45,--,87,256215,买盘
1877,09:34:34,29.45,0.01,71,209095,买盘
1878,09:34:29,29.44,-0.02,20,58880,卖盘
1879,09:34:25,29.46,--,6,17676,买盘
1880,09:34:19,29.46,--,5,14730,买盘
1881,09:34:14,29.46,-0.03,46,135516,卖盘
1882,09:34:10,29.49,--,21,61929,买盘
1883,09:34:04,29.49,-0.01,8,24388,卖盘
1884,09:33:59,29.5,--,32,94400,卖盘
1885,09:33:54,29.5,--,4,11800,卖盘
1886,09:33:49,29.5,-0.01,15,44250,卖盘
1887,09:33:44,29.51,--,18,53118,买盘
1888,09:33:39,29.51,0.01,30,88530,中性盘
1889,09:33:34,29.5,0.01,1,2950,卖盘
1890,09:33:29,29.49,-0.01,11,32439,卖盘
1891,09:33:24,29.5,0.05,7,22803,买盘
1892,09:33:19,29.45,-0.05,15,44175,卖盘
1893,09:33:09,29.5,0.01,34,100300,买盘
1894,09:33:04,29.49,--,14,41286,买盘
1895,09:32:59,29.49,0.04,30,88470,买盘
1896,09:32:54,29.45,0.01,15,44175,中性盘
1897,09:32:49,29.44,--,22,64768,卖盘
1898,09:32:44,29.44,--,0,0,卖盘
1899,09:32:39,29.44,--,34,100096,卖盘
1900,09:32:29,29.44,0.03,8,23552,买盘
1901,09:32:14,29.41,0.03,14,41174,中性盘
1902,09:32:09,29.38,--,99,290862,买盘
1903,09:32:04,29.38,--,3,8814,买盘
1904,09:31:59,29.38,0.01,5,14690,买盘
1905,09:31:54,29.37,0.01,6,17622,买盘
1906,09:31:49,29.36,-0.01,2,5872,卖盘
1907,09:31:44,29.37,0.06,25,75304,买盘
1908,09:31:39,29.31,-0.07,47,138812,卖盘
1909,09:31:34,29.38,0.01,35,102830,买盘
1910,09:31:29,29.37,--,15,44055,卖盘
1911,09:31:24,29.37,--,11,32307,卖盘
1912,09:31:19,29.37,-0.03,1,2937,卖盘
1913,09:31:14,29.4,0.03,11,32340,买盘
1914,09:31:09,29.37,-0.03,94,276078,卖盘
1915,09:30:59,29.4,0.03,4,11760,买盘
1916,09:30:54,29.37,--,12,35244,卖盘
1917,09:30:44,29.37,-0.03,13,38181,卖盘
1918,09:30:39,29.4,0.06,70,205800,买盘
1919,09:30:34,29.34,-0.06,7,20538,卖盘
1920,09:30:29,29.4,--,0,0,买盘
1921,09:30:24,29.4,-0.04,7,20580,卖盘
1922,09:30:19,29.44,--,1,2944,买盘
1923,09:30:14,29.44,--,11,32384,买盘
1924,09:30:09,29.44,0.02,90,266844,买盘
1925,09:30:04,29.42,-0.08,52,152984,卖盘
1926,09:28:46,29.5,--,0,0,买盘
1927,09:25:06,29.5,29.5,179,528050,买盘
