,time,price,change,volume,amount,type
0,15:00:00,3.06,--,0,0,卖盘
1,15:00:00,3.06,-0.01,201,61506,卖盘
2,14:59:59,3.07,--,1,307,买盘
3,14:59:53,3.07,--,2634,808638,买盘
4,14:59:49,3.07,--,2571,789297,买盘
5,14:59:44,3.07,0.01,410,125870,买盘
6,14:59:38,3.06,-0.01,3983,1219042,卖盘
7,14:59:34,3.07,0.01,68,20876,买盘
8,14:59:29,3.06,-0.01,1324,405144,卖盘
9,14:59:23,3.07,0.01,397,121879,买盘
10,14:59:19,3.06,-0.01,638,195228,卖盘
11,14:59:14,3.07,0.01,11,3377,买盘
12,14:59:08,3.06,--,556,170136,卖盘
13,14:59:04,3.06,-0.01,257,78642,卖盘
14,14:58:59,3.07,--,91,27937,买盘
15,14:58:53,3.07,--,306,93942,买盘
16,14:58:49,3.07,--,3,921,买盘
17,14:58:44,3.07,0.01,69,21183,买盘
18,14:58:38,3.06,--,133,40698,卖盘
19,14:58:34,3.06,-0.01,304,93024,卖盘
20,14:58:29,3.07,0.01,5,1535,买盘
21,14:58:23,3.06,-0.01,164,50184,卖盘
22,14:58:19,3.07,--,85,26095,买盘
23,14:58:14,3.07,0.01,1,307,买盘
24,14:58:08,3.06,-0.01,166,50796,卖盘
25,14:58:04,3.07,--,1003,307921,买盘
26,14:57:59,3.07,--,1715,526505,买盘
27,14:57:53,3.07,--,101,31007,买盘
28,14:57:49,3.07,--,684,209988,买盘
29,14:57:44,3.07,--,11,3377,买盘
30,14:57:38,3.07,--,915,280905,买盘
31,14:57:34,3.07,--,254,77978,买盘
32,14:57:29,3.07,--,2,614,买盘
33,14:57:23,3.07,--,1,307,买盘
34,14:57:19,3.07,--,36483,11200281,买盘
35,14:57:14,3.07,--,305,93635,买盘
36,14:57:08,3.07,0.01,287,88109,买盘
37,14:57:04,3.06,--,3377,1033606,卖盘
38,14:56:59,3.06,-0.01,403,123318,卖盘
39,14:56:53,3.07,0.01,704,216128,买盘
40,14:56:49,3.06,--,16,4896,卖盘
41,14:56:44,3.06,--,4,1224,卖盘
42,14:56:38,3.06,-0.01,310,94860,卖盘
43,14:56:34,3.07,0.01,1378,423046,买盘
44,14:56:28,3.06,-0.01,87,26622,卖盘
45,14:56:23,3.07,0.01,11,3377,买盘
46,14:56:17,3.06,--,21603,6610762,卖盘
47,14:56:14,3.06,--,31,9486,卖盘
48,14:56:08,3.06,--,23,7038,卖盘
49,14:56:02,3.06,--,116,35496,卖盘
50,14:55:58,3.06,--,60,18360,卖盘
51,14:55:53,3.06,-0.01,2,612,卖盘
52,14:55:47,3.07,0.01,46,14122,买盘
53,14:55:43,3.06,--,18052,5523912,卖盘
54,14:55:38,3.06,--,51,15841,卖盘
55,14:55:32,3.06,-0.01,281,85986,卖盘
56,14:55:28,3.07,--,51,15657,买盘
57,14:55:23,3.07,0.01,92,28244,买盘
58,14:55:17,3.06,--,18092,5536152,卖盘
59,14:55:13,3.06,-0.01,10,3060,卖盘
60,14:55:08,3.07,--,4,1228,买盘
61,14:55:02,3.07,0.01,217,66619,买盘
62,14:54:58,3.06,-0.01,67,20502,卖盘
63,14:54:53,3.07,0.01,18112,5560384,买盘
64,14:54:47,3.06,-0.01,12,3672,卖盘
65,14:54:38,3.07,0.01,210,64470,买盘
66,14:54:32,3.06,-0.01,175,53669,卖盘
67,14:54:28,3.07,--,3,921,买盘
68,14:54:23,3.07,--,59,18113,买盘
69,14:54:17,3.07,0.01,78,23946,买盘
70,14:54:08,3.06,--,428,130968,卖盘
71,14:54:02,3.06,--,58,17806,卖盘
72,14:53:58,3.06,--,125,38250,卖盘
73,14:53:53,3.06,-0.01,161,49266,卖盘
74,14:53:47,3.07,0.01,467,143369,买盘
75,14:53:43,3.06,--,22,6793,卖盘
76,14:53:38,3.06,--,51,15606,卖盘
77,14:53:32,3.06,--,79,24174,卖盘
78,14:53:28,3.06,-0.01,296,90576,卖盘
79,14:53:23,3.07,0.01,2,614,买盘
80,14:53:17,3.06,--,1242,380217,卖盘
81,14:53:13,3.06,-0.01,281,86044,卖盘
82,14:53:08,3.07,--,863,264941,买盘
83,14:53:02,3.07,0.01,27,8347,买盘
84,14:52:58,3.06,--,502,153612,卖盘
85,14:52:53,3.06,--,60,18360,卖盘
86,14:52:47,3.06,--,9,2754,卖盘
87,14:52:43,3.06,--,22,6793,卖盘
88,14:52:38,3.06,--,40,12240,卖盘
89,14:52:32,3.06,--,94,28764,卖盘
90,14:52:28,3.06,-0.01,108,33048,卖盘
91,14:52:23,3.07,--,4,1228,买盘
92,14:52:17,3.07,0.01,2,614,买盘
93,14:52:13,3.06,--,899,275152,卖盘
94,14:52:08,3.06,-0.01,217,66402,卖盘
95,14:52:02,3.07,0.01,2,614,买盘
96,14:51:58,3.06,-0.01,232,70992,卖盘
97,14:51:53,3.07,--,27,8350,买盘
98,14:51:47,3.07,0.01,488,149816,买盘
99,14:51:43,3.06,-0.01,231,70686,卖盘
100,14:51:38,3.07,0.01,6,1842,买盘
101,14:51:32,3.06,-0.01,1388,424786,卖盘
102,14:51:28,3.07,0.01,55,16885,买盘
103,14:51:23,3.06,--,622,190332,卖盘
104,14:51:17,3.06,-0.01,188,57589,卖盘
105,14:51:13,3.07,--,492,151044,买盘
106,14:51:02,3.07,--,20,6198,买盘
107,14:50:58,3.07,0.01,4,1228,买盘
108,14:50:53,3.06,-0.01,249,76194,卖盘
109,14:50:47,3.07,--,4,1228,买盘
110,14:50:43,3.07,0.01,132,40524,买盘
111,14:50:38,3.06,-0.01,1,306,卖盘
112,14:50:32,3.07,--,107,32910,买盘
113,14:50:27,3.07,0.01,17,5219,买盘
114,14:50:23,3.06,-0.01,1,306,卖盘
115,14:50:17,3.07,--,9,2821,买盘
116,14:50:13,3.07,0.01,45,13815,买盘
117,14:50:02,3.06,--,126,38556,卖盘
118,14:49:57,3.06,-0.01,443,135558,卖盘
119,14:49:53,3.07,--,18,5584,买盘
120,14:49:47,3.07,--,213,65391,买盘
121,14:49:42,3.07,--,318,97626,买盘
122,14:49:37,3.07,0.01,1,307,买盘
123,14:49:32,3.06,-0.01,684,209365,卖盘
124,14:49:26,3.07,0.01,629,193103,买盘
125,14:49:22,3.06,--,1395,426870,卖盘
126,14:49:17,3.06,-0.01,1570,480420,卖盘
127,14:49:11,3.07,--,20,6198,买盘
128,14:49:07,3.07,0.01,4,1228,买盘
129,14:49:02,3.06,-0.01,421,128826,卖盘
130,14:48:56,3.07,--,35,10806,买盘
131,14:48:52,3.07,--,1,307,买盘
132,14:48:47,3.07,--,501,153807,买盘
133,14:48:41,3.07,--,205,62935,买盘
134,14:48:37,3.07,0.01,29,8903,买盘
135,14:48:32,3.06,-0.01,163,49878,卖盘
136,14:48:26,3.07,--,379,116353,买盘
137,14:48:22,3.07,0.01,203,62321,买盘
138,14:48:17,3.06,-0.01,220,67378,卖盘
139,14:48:11,3.07,--,30,9210,买盘
140,14:48:07,3.07,0.01,2,614,买盘
141,14:48:02,3.06,--,257,78642,卖盘
142,14:47:56,3.06,--,117,35863,卖盘
143,14:47:52,3.06,-0.01,878,268668,卖盘
144,14:47:47,3.07,0.01,96,29472,买盘
145,14:47:41,3.06,-0.01,339,104006,卖盘
146,14:47:37,3.07,0.01,206,63242,买盘
147,14:47:32,3.06,--,56,17194,卖盘
148,14:47:26,3.06,--,12616,3860496,买盘
149,14:47:22,3.06,0.01,1586,485377,买盘
150,14:47:17,3.05,-0.01,18,5490,卖盘
151,14:47:11,3.06,--,723,221238,买盘
152,14:47:07,3.06,--,457,139842,买盘
153,14:47:02,3.06,0.01,17,5202,买盘
154,14:46:56,3.05,-0.01,10285,3136982,卖盘
155,14:46:52,3.06,0.01,572,175032,买盘
156,14:46:47,3.05,-0.01,391,119255,卖盘
157,14:46:41,3.06,0.01,1141,349146,买盘
158,14:46:37,3.05,-0.01,1050,320307,卖盘
159,14:46:32,3.06,--,18035,5518710,买盘
160,14:46:26,3.06,0.01,2017,617202,买盘
161,14:46:22,3.05,-0.01,19,5856,卖盘
162,14:46:17,3.06,--,208,63648,买盘
163,14:46:11,3.06,--,546,167076,买盘
164,14:46:07,3.06,--,18318,5605308,买盘
165,14:46:02,3.06,0.01,318,97308,买盘
166,14:45:56,3.05,--,57,17442,卖盘
167,14:45:52,3.05,-0.01,147,44835,卖盘
168,14:45:47,3.06,--,213,65178,买盘
169,14:45:41,3.06,0.01,10,3060,买盘
170,14:45:37,3.05,-0.01,85,25986,卖盘
171,14:45:32,3.06,0.01,24,7344,买盘
172,14:45:26,3.05,-0.01,22,6710,卖盘
173,14:45:22,3.06,--,202,61812,买盘
174,14:45:17,3.06,--,9,2812,买盘
175,14:45:11,3.06,--,13,3978,买盘
176,14:45:07,3.06,0.01,12,3672,买盘
177,14:45:02,3.05,--,34,10370,卖盘
178,14:44:56,3.05,-0.01,126,38491,卖盘
179,14:44:51,3.06,--,2,612,买盘
180,14:44:47,3.06,--,1,306,买盘
181,14:44:41,3.06,0.01,31,9486,买盘
182,14:44:37,3.05,--,157,47942,卖盘
183,14:44:31,3.05,-0.01,34,10370,卖盘
184,14:44:26,3.06,0.01,197,60282,买盘
185,14:44:21,3.05,--,120,36600,卖盘
186,14:44:17,3.05,--,9715,2963075,卖盘
187,14:44:11,3.05,-0.01,220,67157,卖盘
188,14:44:07,3.06,--,59,18054,买盘
189,14:44:01,3.06,0.01,22,6732,买盘
190,14:43:56,3.05,--,39,11956,卖盘
191,14:43:51,3.05,-0.01,66,20130,卖盘
192,14:43:46,3.06,--,1,306,买盘
193,14:43:41,3.06,--,111,33966,买盘
194,14:43:36,3.06,0.01,456,139594,买盘
195,14:43:31,3.05,--,405,123525,卖盘
196,14:43:26,3.05,--,123,37515,卖盘
197,14:43:21,3.05,-0.01,97,29585,卖盘
198,14:43:16,3.06,0.01,9,2815,买盘
199,14:43:11,3.05,-0.01,650,198250,卖盘
200,14:43:06,3.06,0.01,33,10098,买盘
201,14:43:01,3.05,--,33,10065,卖盘
202,14:42:56,3.05,-0.01,79,24152,卖盘
203,14:42:50,3.06,0.01,225,68850,买盘
204,14:42:46,3.05,--,577,175985,卖盘
205,14:42:41,3.05,--,19,5856,卖盘
206,14:42:35,3.05,--,3,915,卖盘
207,14:42:31,3.05,--,213,64964,卖盘
208,14:42:26,3.05,-0.01,10,3050,卖盘
209,14:42:20,3.06,--,4,1224,买盘
210,14:42:16,3.06,0.01,9,2812,买盘
211,14:42:11,3.05,-0.01,678,206790,卖盘
212,14:42:05,3.06,0.01,31,9486,买盘
213,14:42:01,3.05,--,40,12200,卖盘
214,14:41:56,3.05,--,59,18056,卖盘
215,14:41:50,3.05,-0.01,283,86315,卖盘
216,14:41:46,3.06,0.01,3,918,买盘
217,14:41:41,3.05,--,430,131150,卖盘
218,14:41:35,3.05,--,419,127852,卖盘
219,14:41:31,3.05,-0.01,34,10370,卖盘
220,14:41:26,3.06,0.01,563,172278,买盘
221,14:41:20,3.05,--,188,57397,卖盘
222,14:41:16,3.05,-0.01,146,44530,卖盘
223,14:41:11,3.06,0.01,236,72216,买盘
224,14:41:05,3.05,--,250,76250,卖盘
225,14:41:01,3.05,--,7341,2239005,卖盘
226,14:40:56,3.05,--,17,5246,卖盘
227,14:40:50,3.05,-0.01,160,48800,卖盘
228,14:40:46,3.06,0.01,102,31212,买盘
229,14:40:41,3.05,-0.01,10,3050,卖盘
230,14:40:35,3.06,--,1727,528520,买盘
231,14:40:31,3.06,0.01,137,41922,买盘
232,14:40:26,3.05,-0.01,10,3050,卖盘
233,14:40:20,3.06,0.01,1,306,买盘
234,14:40:16,3.05,--,120,36661,卖盘
235,14:40:11,3.05,--,224,68320,卖盘
236,14:40:05,3.05,-0.01,233,71065,卖盘
237,14:40:01,3.06,0.01,274,83844,买盘
238,14:39:56,3.05,--,69,21102,卖盘
239,14:39:50,3.05,-0.01,29,8845,卖盘
240,14:39:46,3.06,0.01,11,3366,买盘
241,14:39:41,3.05,-0.01,10,3050,卖盘
242,14:39:35,3.06,0.01,468,143269,买盘
243,14:39:31,3.05,-0.01,366,111630,卖盘
244,14:39:26,3.06,0.01,44,13464,买盘
245,14:39:20,3.05,--,81,24705,卖盘
246,14:39:16,3.05,--,70,21407,卖盘
247,14:39:11,3.05,--,9,2745,卖盘
248,14:39:05,3.05,-0.01,654,199470,卖盘
249,14:39:01,3.06,0.01,320,97920,买盘
250,14:38:55,3.05,-0.01,42,12810,卖盘
251,14:38:50,3.06,--,86,26377,买盘
252,14:38:46,3.06,0.01,2,612,买盘
253,14:38:41,3.05,--,15,4575,卖盘
254,14:38:35,3.05,--,136,41537,卖盘
255,14:38:31,3.05,--,18,5490,卖盘
256,14:38:26,3.05,-0.01,220,67100,卖盘
257,14:38:20,3.06,0.01,3,918,买盘
258,14:38:16,3.05,--,238,72647,卖盘
259,14:38:11,3.05,-0.01,11,3355,卖盘
260,14:38:05,3.06,0.01,525,160650,买盘
261,14:38:01,3.05,-0.01,275,83875,卖盘
262,14:37:55,3.06,0.01,51,15606,买盘
263,14:37:50,3.05,-0.01,258,78751,卖盘
264,14:37:45,3.06,0.01,29,8874,买盘
265,14:37:41,3.05,-0.01,435,132732,卖盘
266,14:37:35,3.06,0.01,65,19890,买盘
267,14:37:30,3.05,--,14,4270,卖盘
268,14:37:26,3.05,--,324,98820,卖盘
269,14:37:20,3.05,--,271,82655,卖盘
270,14:37:16,3.05,-0.01,322,98271,卖盘
271,14:37:10,3.06,0.01,5567,1703502,买盘
272,14:37:05,3.05,--,18,5490,卖盘
273,14:37:00,3.05,--,47,14335,卖盘
274,14:36:55,3.05,-0.01,6847,2088334,卖盘
275,14:36:50,3.06,0.01,587,179680,买盘
276,14:36:45,3.05,--,1030,314150,卖盘
277,14:36:40,3.05,--,84,25620,卖盘
278,14:36:35,3.05,--,18097,5519646,卖盘
279,14:36:31,3.05,--,321,97905,卖盘
280,14:36:25,3.05,-0.01,40,12200,卖盘
281,14:36:20,3.06,--,71,21784,买盘
282,14:36:15,3.06,--,36,11016,买盘
283,14:36:10,3.06,0.01,126,38556,买盘
284,14:36:05,3.05,--,43,13115,卖盘
285,14:36:00,3.05,--,71,21716,卖盘
286,14:35:55,3.05,--,201,61305,卖盘
287,14:35:50,3.05,-0.01,20,6100,卖盘
288,14:35:44,3.06,0.01,1,306,买盘
289,14:35:40,3.05,--,9,2745,卖盘
290,14:35:35,3.05,--,474,144627,卖盘
291,14:35:29,3.05,--,77,23485,卖盘
292,14:35:25,3.05,-0.01,10,3050,卖盘
293,14:35:20,3.06,0.01,27,8262,买盘
294,14:35:14,3.05,--,129,39402,卖盘
295,14:35:10,3.05,--,110,33550,卖盘
296,14:35:05,3.05,--,22,6710,卖盘
297,14:34:59,3.05,-0.01,107,32634,卖盘
298,14:34:55,3.06,0.01,210,64260,买盘
299,14:34:50,3.05,-0.01,1336,407541,卖盘
300,14:34:44,3.06,0.01,353,108018,买盘
301,14:34:40,3.05,-0.01,131,39955,卖盘
302,14:34:35,3.06,0.01,18312,5603530,买盘
303,14:34:29,3.05,--,446,136030,卖盘
304,14:34:25,3.05,--,963,293715,卖盘
305,14:34:20,3.05,--,195,59475,卖盘
306,14:34:14,3.05,-0.01,698,212951,卖盘
307,14:34:10,3.06,0.01,191,58446,买盘
308,14:34:04,3.05,--,260,79300,卖盘
309,14:33:59,3.05,-0.01,527,160735,卖盘
310,14:33:55,3.06,--,1067,326560,买盘
311,14:33:49,3.06,--,22,6732,买盘
312,14:33:44,3.06,0.01,9154,2801124,买盘
313,14:33:40,3.05,-0.01,193,58926,卖盘
314,14:33:35,3.06,0.01,31,9486,买盘
315,14:33:29,3.05,--,92,28060,卖盘
316,14:33:25,3.05,--,61,18605,卖盘
317,14:33:20,3.05,--,95,28975,卖盘
318,14:33:14,3.05,--,1157,352942,卖盘
319,14:33:10,3.05,--,18,5490,卖盘
320,14:33:05,3.05,-0.01,81,24705,卖盘
321,14:32:59,3.06,0.01,401,122767,买盘
322,14:32:55,3.05,--,9122,2782210,卖盘
323,14:32:50,3.05,--,877,267485,卖盘
324,14:32:44,3.05,--,2113,644705,卖盘
325,14:32:40,3.05,-0.01,439,133952,卖盘
326,14:32:35,3.06,--,282,86292,买盘
327,14:32:29,3.06,--,108,33048,买盘
328,14:32:25,3.06,--,171,52326,买盘
329,14:32:19,3.06,0.01,128,39226,买盘
330,14:32:14,3.05,--,1812,552660,卖盘
331,14:32:10,3.05,-0.01,84,25620,卖盘
332,14:32:04,3.06,0.01,1,306,买盘
333,14:31:59,3.05,--,300,91500,卖盘
334,14:31:55,3.05,--,50,15311,卖盘
335,14:31:49,3.05,--,11,3355,卖盘
336,14:31:44,3.05,-0.01,392,119560,卖盘
337,14:31:40,3.06,--,295,90328,买盘
338,14:31:34,3.06,0.01,131,40086,买盘
339,14:31:29,3.05,--,87,26535,卖盘
340,14:31:24,3.05,-0.01,35,10675,卖盘
341,14:31:19,3.06,0.01,1,306,买盘
342,14:31:14,3.05,--,72,22021,卖盘
343,14:31:10,3.05,--,331,100955,卖盘
344,14:31:04,3.05,--,22,6710,卖盘
345,14:30:59,3.05,--,286,87230,卖盘
346,14:30:54,3.05,--,145,44282,卖盘
347,14:30:49,3.05,--,101,30805,卖盘
348,14:30:44,3.05,-0.01,251,76555,卖盘
349,14:30:40,3.06,0.01,18,5508,买盘
350,14:30:34,3.05,--,43,13176,卖盘
351,14:30:29,3.05,--,228,69540,卖盘
352,14:30:24,3.05,--,84,25620,卖盘
353,14:30:19,3.05,--,71,21655,卖盘
354,14:30:14,3.05,-0.01,606,184887,卖盘
355,14:30:09,3.06,0.01,47,14382,买盘
356,14:30:04,3.05,-0.01,32,9760,卖盘
357,14:29:59,3.06,0.01,259,79315,买盘
358,14:29:54,3.05,--,2740,835700,卖盘
359,14:29:49,3.05,--,17,5185,卖盘
360,14:29:44,3.05,-0.01,59,17995,卖盘
361,14:29:39,3.06,0.01,311,95166,买盘
362,14:29:34,3.05,-0.01,313,95522,卖盘
363,14:29:29,3.06,0.01,7,2142,买盘
364,14:29:24,3.05,--,64,19520,卖盘
365,14:29:19,3.05,--,1713,522522,卖盘
366,14:29:14,3.05,-0.01,62,18910,卖盘
367,14:29:08,3.06,0.01,263,80478,买盘
368,14:29:04,3.05,-0.01,32,9760,卖盘
369,14:28:59,3.06,0.01,87,26622,买盘
370,14:28:53,3.05,--,22,6771,卖盘
371,14:28:49,3.05,-0.01,113,34465,卖盘
372,14:28:44,3.06,0.01,203,62118,买盘
373,14:28:39,3.05,--,275,83932,卖盘
374,14:28:34,3.05,-0.01,76,23180,卖盘
375,14:28:29,3.06,0.01,191,58446,买盘
376,14:28:23,3.05,--,114,34770,卖盘
377,14:28:19,3.05,-0.01,1,305,卖盘
378,14:28:14,3.06,--,927,283723,买盘
379,14:28:08,3.06,0.01,1338,409428,买盘
380,14:28:04,3.05,--,217,66185,卖盘
381,14:27:58,3.05,--,175,53375,卖盘
382,14:27:53,3.05,-0.01,92,28117,卖盘
383,14:27:48,3.06,--,2607,797742,买盘
384,14:27:43,3.06,--,1,306,买盘
385,14:27:38,3.06,0.01,230,70380,买盘
386,14:27:34,3.05,-0.01,29,8906,卖盘
387,14:27:28,3.06,0.01,37,11322,买盘
388,14:27:23,3.05,--,18,5490,卖盘
389,14:27:18,3.05,--,267,81492,卖盘
390,14:27:14,3.05,-0.01,280,85400,卖盘
391,14:27:08,3.06,0.01,382,116892,买盘
392,14:27:03,3.05,--,167,50935,卖盘
393,14:26:58,3.05,--,106,32329,卖盘
394,14:26:53,3.05,--,339,103452,卖盘
395,14:26:48,3.05,--,850,259249,卖盘
396,14:26:43,3.05,--,405,123525,卖盘
397,14:26:38,3.05,--,1106,337330,卖盘
398,14:26:33,3.05,-0.01,3042,927871,卖盘
399,14:26:28,3.06,0.01,37,11322,买盘
400,14:26:23,3.05,--,130,39650,卖盘
401,14:26:18,3.05,-0.01,52,15859,卖盘
402,14:26:13,3.06,--,214,65542,买盘
403,14:26:08,3.06,0.01,370,113220,买盘
404,14:26:03,3.05,--,716,218380,卖盘
405,14:25:58,3.05,-0.01,133,40565,卖盘
406,14:25:53,3.06,0.01,48,14749,买盘
407,14:25:48,3.05,-0.01,149,45445,卖盘
408,14:25:38,3.06,0.01,836,255874,买盘
409,14:25:33,3.05,-0.01,59,17995,卖盘
410,14:25:28,3.06,0.01,126,38556,买盘
411,14:25:23,3.05,--,525,160125,卖盘
412,14:25:18,3.05,-0.01,884,269681,卖盘
413,14:25:13,3.06,--,19,5814,买盘
414,14:25:08,3.06,0.01,1463,447678,买盘
415,14:25:03,3.05,-0.01,54270,16552349,卖盘
416,14:24:58,3.06,--,86,26316,买盘
417,14:24:53,3.06,0.01,2636,806674,买盘
418,14:24:48,3.05,-0.01,345,105225,卖盘
419,14:24:43,3.06,--,1277,390762,买盘
420,14:24:38,3.06,0.01,1237,378583,买盘
421,14:24:33,3.05,--,51165,15605520,买盘
422,14:24:28,3.05,0.01,112,34160,买盘
423,14:24:23,3.04,-0.01,300,91200,卖盘
424,14:24:18,3.05,0.01,9,2802,买盘
425,14:24:13,3.04,-0.01,15,4560,卖盘
426,14:24:08,3.05,0.01,235,71675,买盘
427,14:24:03,3.04,--,179,54416,卖盘
428,14:23:58,3.04,--,291,88521,卖盘
429,14:23:53,3.04,-0.01,88,26752,卖盘
430,14:23:48,3.05,--,398,121390,买盘
431,14:23:43,3.05,--,345,105225,买盘
432,14:23:38,3.05,0.01,256,78141,买盘
433,14:23:33,3.04,-0.01,255,77520,卖盘
434,14:23:28,3.05,--,142,43310,买盘
435,14:23:23,3.05,0.01,4432,1351760,买盘
436,14:23:18,3.04,-0.01,91,27721,卖盘
437,14:23:13,3.05,--,2109,643245,买盘
438,14:23:08,3.05,0.01,230,70150,买盘
439,14:23:03,3.04,-0.01,291,88464,卖盘
440,14:22:58,3.05,0.01,716,218380,买盘
441,14:22:53,3.04,--,900,273660,卖盘
442,14:22:48,3.04,-0.01,89,27056,卖盘
443,14:22:38,3.05,--,230,70150,买盘
444,14:22:33,3.05,0.01,120,36657,买盘
445,14:22:28,3.04,--,28,8512,卖盘
446,14:22:22,3.04,--,14,4256,卖盘
447,14:22:18,3.04,--,29,8876,卖盘
448,14:22:13,3.04,--,130,39520,卖盘
449,14:22:08,3.04,--,253,76912,卖盘
450,14:22:02,3.04,--,52,15808,卖盘
451,14:21:58,3.04,-0.01,245,74537,卖盘
452,14:21:52,3.05,0.01,14,4270,买盘
453,14:21:48,3.04,-0.01,286,86944,卖盘
454,14:21:43,3.05,0.01,558,170251,买盘
455,14:21:37,3.04,--,216,65664,卖盘
456,14:21:32,3.04,--,1034,314336,卖盘
457,14:21:28,3.04,--,1963,596752,卖盘
458,14:21:22,3.04,--,119,36176,卖盘
459,14:21:17,3.04,-0.01,430,130777,卖盘
460,14:21:13,3.05,0.01,28,8540,买盘
461,14:21:07,3.04,--,417,126768,卖盘
462,14:21:02,3.04,--,934,283936,卖盘
463,14:20:58,3.04,-0.01,471,143241,卖盘
464,14:20:52,3.05,0.01,4,1220,买盘
465,14:20:47,3.04,-0.01,261,79344,卖盘
466,14:20:43,3.05,0.01,13,3964,买盘
467,14:20:37,3.04,--,225,68460,卖盘
468,14:20:32,3.04,--,5,1520,卖盘
469,14:20:28,3.04,-0.01,412,125248,卖盘
470,14:20:17,3.05,0.01,804,245277,买盘
471,14:20:12,3.04,--,29,8816,卖盘
472,14:20:07,3.04,--,217,65968,卖盘
473,14:20:02,3.04,--,121,36784,卖盘
474,14:19:57,3.04,--,365,111020,卖盘
475,14:19:52,3.04,-0.01,70,21280,卖盘
476,14:19:47,3.05,--,601,183305,买盘
477,14:19:42,3.05,0.01,1822,555710,买盘
478,14:19:37,3.04,--,299,90953,卖盘
479,14:19:32,3.04,--,608,184832,卖盘
480,14:19:27,3.04,-0.01,210,63840,卖盘
481,14:19:22,3.05,--,5,1525,买盘
482,14:19:17,3.05,0.01,3,915,买盘
483,14:19:12,3.04,--,592,180028,卖盘
484,14:19:07,3.04,--,216,65664,卖盘
485,14:19:02,3.04,--,140,42560,卖盘
486,14:18:57,3.04,--,106,32224,卖盘
487,14:18:52,3.04,-0.01,8,2489,卖盘
488,14:18:47,3.05,--,4,1220,买盘
489,14:18:42,3.05,0.01,148,45140,买盘
490,14:18:37,3.04,--,225,68460,卖盘
491,14:18:32,3.04,--,57,17328,卖盘
492,14:18:27,3.04,-0.01,226,68704,卖盘
493,14:18:22,3.05,--,408,124440,买盘
494,14:18:17,3.05,0.01,112,34217,买盘
495,14:18:12,3.04,--,21,6384,卖盘
496,14:18:07,3.04,--,418,127072,卖盘
497,14:18:02,3.04,--,103,31312,卖盘
498,14:17:57,3.04,-0.01,1688,513152,卖盘
499,14:17:47,3.05,--,303,92415,买盘
500,14:17:42,3.05,0.01,14,4270,买盘
501,14:17:37,3.04,--,216,65664,卖盘
502,14:17:32,3.04,--,204,62016,卖盘
503,14:17:27,3.04,-0.01,25,7600,卖盘
504,14:17:22,3.05,--,2,610,买盘
505,14:17:17,3.05,--,27,8235,买盘
506,14:17:12,3.05,0.01,13,3964,买盘
507,14:17:07,3.04,--,217,65968,卖盘
508,14:17:02,3.04,--,86,26144,卖盘
509,14:16:57,3.04,-0.01,1362,414048,卖盘
510,14:16:47,3.05,--,121,36905,买盘
511,14:16:42,3.05,0.01,13,3964,买盘
512,14:16:37,3.04,--,217,65968,卖盘
513,14:16:32,3.04,--,99,30096,卖盘
514,14:16:27,3.04,-0.01,14,4256,卖盘
515,14:16:17,3.05,--,19,5795,买盘
516,14:16:12,3.05,0.01,1583,482815,买盘
517,14:16:07,3.04,--,239,72656,卖盘
518,14:16:02,3.04,--,231,70224,卖盘
519,14:15:57,3.04,-0.01,276,83904,卖盘
520,14:15:52,3.05,0.01,3,915,买盘
521,14:15:47,3.04,--,201,61104,卖盘
522,14:15:42,3.04,--,34,10336,卖盘
523,14:15:37,3.04,--,217,65968,卖盘
524,14:15:31,3.04,--,101,30704,卖盘
525,14:15:27,3.04,--,310,94240,卖盘
526,14:15:22,3.04,-0.01,75,22800,卖盘
527,14:15:17,3.05,0.01,4,1220,买盘
528,14:15:12,3.04,--,33,10032,卖盘
529,14:15:07,3.04,--,216,65664,卖盘
530,14:15:01,3.04,--,79,24016,卖盘
531,14:14:57,3.04,-0.01,33,10032,卖盘
532,14:14:52,3.05,--,4,1220,买盘
533,14:14:42,3.05,0.01,13,3964,买盘
534,14:14:37,3.04,-0.01,299,90896,卖盘
535,14:14:31,3.05,--,44,13420,买盘
536,14:14:27,3.05,--,10,3050,买盘
537,14:14:22,3.05,--,3,915,买盘
538,14:14:11,3.05,0.01,18,5490,买盘
539,14:14:07,3.04,--,414,125856,卖盘
540,14:14:01,3.04,--,163,49552,卖盘
541,14:13:56,3.04,--,1654,502816,卖盘
542,14:13:52,3.04,--,14,4256,卖盘
543,14:13:41,3.04,--,37,11248,卖盘
544,14:13:37,3.04,-0.01,416,126464,卖盘
545,14:13:31,3.05,0.01,5,1525,买盘
546,14:13:26,3.04,--,13,3952,卖盘
547,14:13:22,3.04,--,133,40432,卖盘
548,14:13:11,3.04,--,88,26752,卖盘
549,14:13:06,3.04,--,27316,8304064,卖盘
550,14:13:01,3.04,--,87,26448,卖盘
551,14:12:56,3.04,--,40,12160,卖盘
552,14:12:51,3.04,--,24,7296,卖盘
553,14:12:46,3.04,-0.01,230,69920,卖盘
554,14:12:41,3.05,0.01,12,3660,买盘
555,14:12:36,3.04,--,514,156256,卖盘
556,14:12:31,3.04,-0.01,27,8208,卖盘
557,14:12:26,3.05,--,222,67710,买盘
558,14:12:21,3.05,0.01,8,2440,买盘
559,14:12:11,3.04,--,27030,8217120,卖盘
560,14:12:06,3.04,--,256,77824,卖盘
561,14:12:01,3.04,--,20,6080,卖盘
562,14:11:56,3.04,-0.01,14,4256,卖盘
563,14:11:51,3.05,0.01,3,915,买盘
564,14:11:41,3.04,--,37,11248,卖盘
565,14:11:36,3.04,--,434,131936,卖盘
566,14:11:31,3.04,-0.01,53,16112,卖盘
567,14:11:26,3.05,0.01,150,45750,买盘
568,14:11:21,3.04,--,24,7296,卖盘
569,14:11:16,3.04,--,27,8208,卖盘
570,14:11:11,3.04,--,613,186352,卖盘
571,14:11:06,3.04,--,334,101536,卖盘
572,14:11:01,3.04,--,190,57760,卖盘
573,14:10:56,3.04,--,9,2736,卖盘
574,14:10:51,3.04,--,11,3344,卖盘
575,14:10:41,3.04,--,34,10336,卖盘
576,14:10:36,3.04,-0.01,643,195472,卖盘
577,14:10:31,3.05,0.01,4,1220,买盘
578,14:10:26,3.04,--,47,14288,卖盘
579,14:10:21,3.04,--,97,29488,卖盘
580,14:10:11,3.04,--,217,65968,卖盘
581,14:10:06,3.04,--,339,103056,卖盘
582,14:10:01,3.04,--,87,26448,卖盘
583,14:09:56,3.04,--,295,89680,卖盘
584,14:09:51,3.04,-0.01,20,6080,卖盘
585,14:09:41,3.05,0.01,13,3964,买盘
586,14:09:36,3.04,--,219,66576,卖盘
587,14:09:31,3.04,-0.01,12,3705,卖盘
588,14:09:26,3.05,0.01,10,3050,买盘
589,14:09:21,3.04,--,29,8816,卖盘
590,14:09:11,3.04,--,22,6748,卖盘
591,14:09:06,3.04,--,316,96064,卖盘
592,14:09:01,3.04,-0.01,83,25232,卖盘
593,14:08:56,3.05,0.01,251,76612,买盘
594,14:08:51,3.04,--,303,92112,卖盘
595,14:08:41,3.04,--,38,11612,卖盘
596,14:08:36,3.04,--,454,138016,卖盘
597,14:08:31,3.04,-0.01,201,61104,卖盘
598,14:08:26,3.05,0.01,427,130234,买盘
599,14:08:21,3.04,--,334,101536,卖盘
600,14:08:16,3.04,--,8,2489,卖盘
601,14:08:10,3.04,--,640,194560,卖盘
602,14:08:06,3.04,--,515,156560,卖盘
603,14:08:01,3.04,--,217,65968,卖盘
604,14:07:55,3.04,-0.01,42,12828,卖盘
605,14:07:51,3.05,0.01,204,62220,买盘
606,14:07:46,3.04,--,1,304,卖盘
607,14:07:40,3.04,--,237,72048,卖盘
608,14:07:36,3.04,--,172,52345,卖盘
609,14:07:31,3.04,--,4,1216,卖盘
610,14:07:25,3.04,-0.01,437,133015,卖盘
611,14:07:21,3.05,0.01,4,1220,买盘
612,14:07:16,3.04,--,1,304,卖盘
613,14:07:10,3.04,--,34,10336,卖盘
614,14:07:05,3.04,--,103,31312,卖盘
615,14:07:01,3.04,--,116,35264,卖盘
616,14:06:55,3.04,--,9,2736,卖盘
617,14:06:50,3.04,--,248,75613,卖盘
618,14:06:46,3.04,--,16,4864,卖盘
619,14:06:40,3.04,--,12,3648,卖盘
620,14:06:36,3.04,-0.01,117,35568,卖盘
621,14:06:31,3.05,0.01,27,8235,买盘
622,14:06:25,3.04,-0.01,10,3040,卖盘
623,14:06:20,3.05,0.01,4,1220,买盘
624,14:06:10,3.04,-0.01,13,3952,卖盘
625,14:06:05,3.05,0.01,53,16164,买盘
626,14:06:01,3.04,--,132,40128,卖盘
627,14:05:55,3.04,-0.01,10,3040,卖盘
628,14:05:50,3.05,0.01,34,10370,买盘
629,14:05:40,3.04,--,12,3648,卖盘
630,14:05:35,3.04,-0.01,96,29184,卖盘
631,14:05:31,3.05,0.01,4,1220,买盘
632,14:05:25,3.04,-0.01,88,26752,卖盘
633,14:05:20,3.05,--,3,915,买盘
634,14:05:15,3.05,--,247,75335,买盘
635,14:05:10,3.05,0.01,130,39650,买盘
636,14:05:05,3.04,--,23,6992,卖盘
637,14:05:00,3.04,--,86,26144,卖盘
638,14:04:55,3.04,--,322,97888,卖盘
639,14:04:50,3.04,--,89,27056,卖盘
640,14:04:40,3.04,--,12,3648,卖盘
641,14:04:35,3.04,--,95,28880,卖盘
642,14:04:30,3.04,--,1522,462688,卖盘
643,14:04:25,3.04,--,10,3040,卖盘
644,14:04:20,3.04,--,43,13072,卖盘
645,14:04:15,3.04,--,30,9272,卖盘
646,14:04:10,3.04,-0.01,13,3952,卖盘
647,14:04:05,3.05,--,176,53680,买盘
648,14:04:00,3.05,0.01,256,78080,买盘
649,14:03:55,3.04,-0.01,9,2736,卖盘
650,14:03:50,3.05,0.01,4,1220,买盘
651,14:03:45,3.04,--,18,5472,卖盘
652,14:03:40,3.04,-0.01,32,9728,卖盘
653,14:03:35,3.05,0.01,108,32940,买盘
654,14:03:30,3.04,--,7,2128,卖盘
655,14:03:25,3.04,-0.01,29,8816,卖盘
656,14:03:20,3.05,0.01,3,915,买盘
657,14:03:15,3.04,--,116,35264,卖盘
658,14:03:10,3.04,-0.01,13,3952,卖盘
659,14:03:05,3.05,0.01,116,35380,买盘
660,14:03:00,3.04,-0.01,115,34960,卖盘
661,14:02:55,3.05,0.01,110,33550,买盘
662,14:02:50,3.04,--,71,21584,卖盘
663,14:02:45,3.04,--,2,608,卖盘
664,14:02:40,3.04,--,86,26144,卖盘
665,14:02:35,3.04,-0.01,18,5472,卖盘
666,14:02:30,3.05,0.01,3,915,买盘
667,14:02:25,3.04,--,9,2736,卖盘
668,14:02:20,3.04,--,267,81450,卖盘
669,14:02:10,3.04,--,12,3648,卖盘
670,14:02:04,3.04,--,564,171456,卖盘
671,14:02:00,3.04,--,51,15504,卖盘
672,14:01:55,3.04,--,9,2736,卖盘
673,14:01:50,3.04,--,225,68400,卖盘
674,14:01:45,3.04,--,39,11856,卖盘
675,14:01:40,3.04,--,62,18848,卖盘
676,14:01:34,3.04,--,66,20064,卖盘
677,14:01:30,3.04,--,105,31920,卖盘
678,14:01:25,3.04,-0.01,10,3040,卖盘
679,14:01:19,3.05,0.01,3,915,买盘
680,14:01:15,3.04,--,23,6992,卖盘
681,14:01:09,3.04,-0.01,44,13376,卖盘
682,14:01:04,3.05,0.01,977,297985,买盘
683,14:01:00,3.04,--,65,19760,卖盘
684,14:00:55,3.04,-0.01,39,11856,卖盘
685,14:00:49,3.05,0.01,4,1220,买盘
686,14:00:40,3.04,--,23,6992,卖盘
687,14:00:34,3.04,--,97,29488,卖盘
688,14:00:30,3.04,--,278,84512,卖盘
689,14:00:25,3.04,-0.01,49,14896,卖盘
690,14:00:19,3.05,--,14,4270,买盘
691,14:00:10,3.05,0.01,17,5185,买盘
692,14:00:04,3.04,-0.01,69,20976,卖盘
693,14:00:00,3.05,0.01,52,15859,买盘
694,13:59:55,3.04,-0.01,10,3040,卖盘
695,13:59:49,3.05,--,3,915,买盘
696,13:59:45,3.05,--,3,915,买盘
697,13:59:40,3.05,0.01,415,126574,买盘
698,13:59:34,3.04,-0.01,1030,313120,卖盘
699,13:59:30,3.05,0.01,494,150670,买盘
700,13:59:25,3.04,-0.01,9,2736,卖盘
701,13:59:19,3.05,0.01,4,1220,买盘
702,13:59:15,3.04,--,23,6992,卖盘
703,13:59:10,3.04,--,13,3952,卖盘
704,13:59:04,3.04,--,40,12160,卖盘
705,13:59:00,3.04,--,251,76304,卖盘
706,13:58:54,3.04,-0.01,210,63840,卖盘
707,13:58:49,3.05,0.01,7,2135,买盘
708,13:58:45,3.04,--,992,301568,卖盘
709,13:58:40,3.04,--,385,117040,卖盘
710,13:58:34,3.04,-0.01,30,9120,卖盘
711,13:58:29,3.05,0.01,12,3660,买盘
712,13:58:24,3.04,-0.01,211,64144,卖盘
713,13:58:19,3.05,0.01,3,915,买盘
714,13:58:14,3.04,-0.01,1413,429552,卖盘
715,13:58:09,3.05,--,14,4270,买盘
716,13:57:59,3.05,0.01,183,55815,买盘
717,13:57:54,3.04,--,16,4864,卖盘
718,13:57:49,3.04,--,5,1520,卖盘
719,13:57:39,3.04,-0.01,80,24320,卖盘
720,13:57:34,3.05,--,32,9760,买盘
721,13:57:29,3.05,0.01,23,7015,买盘
722,13:57:24,3.04,--,78,23712,卖盘
723,13:57:19,3.04,-0.01,81,24624,卖盘
724,13:57:14,3.05,0.01,2,610,买盘
725,13:57:09,3.04,-0.01,617,187568,卖盘
726,13:57:04,3.05,0.01,827,252234,买盘
727,13:56:59,3.04,--,50,15200,卖盘
728,13:56:54,3.04,-0.01,90,27360,卖盘
729,13:56:49,3.05,0.01,4,1220,买盘
730,13:56:44,3.04,--,4,1216,卖盘
731,13:56:39,3.04,--,14,4256,卖盘
732,13:56:33,3.04,-0.01,29,8816,卖盘
733,13:56:29,3.05,0.01,17,5185,买盘
734,13:56:24,3.04,-0.01,574,174496,卖盘
735,13:56:18,3.05,0.01,204,62220,买盘
736,13:56:09,3.04,-0.01,13,3952,卖盘
737,13:56:03,3.05,0.01,197,60085,买盘
738,13:55:59,3.04,--,482,146528,卖盘
739,13:55:54,3.04,--,69,20976,卖盘
740,13:55:48,3.04,--,54,16416,卖盘
741,13:55:44,3.04,--,240,72960,卖盘
742,13:55:39,3.04,0.01,12816,3896064,买盘
743,13:55:33,3.03,-0.01,31,9393,卖盘
744,13:55:29,3.04,0.01,14,4256,买盘
745,13:55:24,3.03,-0.01,10,3030,卖盘
746,13:55:18,3.04,--,4,1216,买盘
747,13:55:14,3.04,0.01,263,79952,买盘
748,13:55:09,3.03,--,213,64538,卖盘
749,13:55:03,3.03,--,2,606,卖盘
750,13:54:59,3.03,-0.01,50,15149,卖盘
751,13:54:54,3.04,--,89,27165,买盘
752,13:54:48,3.04,0.01,3,912,买盘
753,13:54:39,3.03,--,217,65823,卖盘
754,13:54:33,3.03,-0.01,332,100596,卖盘
755,13:54:28,3.04,0.01,247,75088,买盘
756,13:54:24,3.03,-0.01,9,2727,卖盘
757,13:54:18,3.04,0.01,4,1216,买盘
758,13:54:13,3.03,--,191,57872,卖盘
759,13:54:09,3.03,--,324,98408,卖盘
760,13:54:03,3.03,--,19,5757,卖盘
761,13:53:58,3.03,-0.01,36,10908,卖盘
762,13:53:54,3.04,--,30,9123,买盘
763,13:53:48,3.04,--,3,912,买盘
764,13:53:43,3.04,--,2,608,买盘
765,13:53:39,3.04,0.01,32,9728,买盘
766,13:53:33,3.03,-0.01,469,142107,卖盘
767,13:53:28,3.04,0.01,3,912,买盘
768,13:53:24,3.03,--,645,195438,卖盘
769,13:53:18,3.03,--,591,179073,卖盘
770,13:53:13,3.03,-0.01,179,54237,卖盘
771,13:53:09,3.04,0.01,224,68096,买盘
772,13:53:03,3.03,--,18,5454,卖盘
773,13:52:58,3.03,-0.01,254,76962,卖盘
774,13:52:54,3.04,--,710,215840,卖盘
775,13:52:48,3.04,--,2137,649648,卖盘
776,13:52:43,3.04,--,2104,639616,卖盘
777,13:52:39,3.04,--,37,11248,卖盘
778,13:52:33,3.04,-0.01,32,9728,卖盘
779,13:52:28,3.05,--,5,1525,买盘
780,13:52:24,3.05,0.01,25,7625,买盘
781,13:52:18,3.04,--,124,37696,卖盘
782,13:52:13,3.04,-0.01,1,304,卖盘
783,13:52:09,3.05,0.01,616,187880,买盘
784,13:52:03,3.04,--,846,257184,卖盘
785,13:51:58,3.04,--,287,87248,卖盘
786,13:51:53,3.04,--,632,192128,卖盘
787,13:51:48,3.04,--,225,68400,卖盘
788,13:51:43,3.04,--,202,61408,卖盘
789,13:51:38,3.04,--,2117,643568,卖盘
790,13:51:33,3.04,-0.01,49,14896,卖盘
791,13:51:28,3.05,0.01,3,915,买盘
792,13:51:23,3.04,--,9,2736,卖盘
793,13:51:18,3.04,--,2810,854240,卖盘
794,13:51:08,3.04,--,13,3952,卖盘
795,13:51:03,3.04,-0.01,541,164464,卖盘
796,13:50:58,3.05,0.01,4,1220,买盘
797,13:50:53,3.04,-0.01,9,2736,卖盘
798,13:50:48,3.05,0.01,26,7929,买盘
799,13:50:43,3.04,-0.01,1,304,卖盘
800,13:50:38,3.05,0.01,62,18910,买盘
801,13:50:33,3.04,-0.01,30,9120,卖盘
802,13:50:28,3.05,--,4,1220,买盘
803,13:50:23,3.05,--,23,7015,买盘
804,13:50:18,3.05,0.01,8,2440,买盘
805,13:50:08,3.04,--,13,3952,卖盘
806,13:50:03,3.04,--,121,36784,卖盘
807,13:49:58,3.04,-0.01,33,10032,卖盘
808,13:49:53,3.05,--,23,7015,买盘
809,13:49:48,3.05,0.01,4,1220,买盘
810,13:49:38,3.04,-0.01,36,10944,卖盘
811,13:49:27,3.05,0.01,4,1220,买盘
812,13:49:23,3.04,-0.01,209,63536,卖盘
813,13:49:18,3.05,0.01,14,4270,买盘
814,13:49:08,3.04,--,12,3648,卖盘
815,13:49:03,3.04,-0.01,77,23408,卖盘
816,13:48:57,3.05,--,4,1220,买盘
817,13:48:53,3.05,--,117,35685,买盘
818,13:48:48,3.05,0.01,36,10980,买盘
819,13:48:42,3.04,--,201,61104,卖盘
820,13:48:38,3.04,-0.01,15,4560,卖盘
821,13:48:27,3.05,0.01,32,9760,买盘
822,13:48:23,3.04,-0.01,382,116128,卖盘
823,13:48:18,3.05,0.01,7,2135,买盘
824,13:48:07,3.04,--,23,6992,卖盘
825,13:48:03,3.04,--,50,15200,卖盘
826,13:47:57,3.04,-0.01,33,10032,卖盘
827,13:47:53,3.05,--,91,27755,买盘
828,13:47:48,3.05,--,3,915,买盘
829,13:47:42,3.05,0.01,141,43005,买盘
830,13:47:37,3.04,--,230,69920,卖盘
831,13:47:33,3.04,-0.01,2,608,卖盘
832,13:47:27,3.05,--,20,6100,买盘
833,13:47:18,3.05,0.01,4,1220,买盘
834,13:47:12,3.04,-0.01,32,9728,卖盘
835,13:47:07,3.05,0.01,4,1220,买盘
836,13:47:03,3.04,--,49,14896,卖盘
837,13:46:57,3.04,--,42,12768,卖盘
838,13:46:48,3.04,--,7,2128,卖盘
839,13:46:42,3.04,-0.01,20,6080,卖盘
840,13:46:37,3.05,0.01,3,915,买盘
841,13:46:33,3.04,-0.01,649,197296,卖盘
842,13:46:27,3.05,0.01,40,12200,买盘
843,13:46:22,3.04,--,2992,909568,卖盘
844,13:46:18,3.04,--,1406,427424,卖盘
845,13:46:12,3.04,-0.01,9,2736,卖盘
846,13:46:07,3.05,0.01,3,915,买盘
847,13:46:03,3.04,--,38,11552,卖盘
848,13:45:57,3.04,--,66,20064,卖盘
849,13:45:52,3.04,--,150,45600,卖盘
850,13:45:48,3.04,--,14,4256,卖盘
851,13:45:42,3.04,-0.01,84,25536,卖盘
852,13:45:37,3.05,0.01,1107,337635,买盘
853,13:45:32,3.04,--,32,9728,卖盘
854,13:45:27,3.04,--,511,155344,卖盘
855,13:45:22,3.04,--,202,61408,卖盘
856,13:45:17,3.04,--,299,90896,卖盘
857,13:45:12,3.04,-0.01,10,3040,卖盘
858,13:45:07,3.05,0.01,4,1220,买盘
859,13:45:02,3.04,-0.01,17,5168,卖盘
860,13:44:57,3.05,--,13,3964,买盘
861,13:44:47,3.05,0.01,4,1220,买盘
862,13:44:42,3.04,-0.01,32,9728,卖盘
863,13:44:37,3.05,0.01,8,2440,买盘
864,13:44:32,3.04,-0.01,31,9424,卖盘
865,13:44:27,3.05,--,29,8845,买盘
866,13:44:17,3.05,--,23,7015,买盘
867,13:44:12,3.05,--,54,16470,买盘
868,13:44:07,3.05,0.01,4,1220,买盘
869,13:44:02,3.04,-0.01,78,23712,卖盘
870,13:43:57,3.05,--,12,3660,买盘
871,13:43:47,3.05,0.01,4,1220,买盘
872,13:43:42,3.04,-0.01,11,3344,卖盘
873,13:43:37,3.05,0.01,77,23485,买盘
874,13:43:32,3.04,-0.01,40,12160,卖盘
875,13:43:27,3.05,0.01,28,8540,买盘
876,13:43:17,3.04,--,558,169632,卖盘
877,13:43:12,3.04,-0.01,9,2736,卖盘
878,13:43:07,3.05,0.01,4,1220,买盘
879,13:43:02,3.04,-0.01,279,84816,卖盘
880,13:42:57,3.05,0.01,12,3660,买盘
881,13:42:47,3.04,-0.01,469,142576,卖盘
882,13:42:42,3.05,--,10,3050,买盘
883,13:42:36,3.05,--,4,1220,买盘
884,13:42:32,3.05,--,20,6100,买盘
885,13:42:27,3.05,0.01,12,3660,买盘
886,13:42:17,3.04,-0.01,81,24624,卖盘
887,13:42:12,3.05,0.01,17,5185,买盘
888,13:42:06,3.04,--,203,61712,卖盘
889,13:42:02,3.04,-0.01,78,23712,卖盘
890,13:41:57,3.05,0.01,53,16164,买盘
891,13:41:51,3.04,--,201,61104,卖盘
892,13:41:47,3.04,-0.01,13,3952,卖盘
893,13:41:42,3.05,0.01,308,93940,买盘
894,13:41:36,3.04,-0.01,40,12160,卖盘
895,13:41:31,3.05,--,7,2135,买盘
896,13:41:27,3.05,0.01,22,6710,买盘
897,13:41:17,3.04,--,93,28272,卖盘
898,13:41:06,3.04,--,560,170240,卖盘
899,13:41:01,3.04,--,49,14896,卖盘
900,13:40:57,3.04,-0.01,42,12768,卖盘
901,13:40:51,3.05,0.01,30,9150,买盘
902,13:40:46,3.04,--,337,102448,卖盘
903,13:40:41,3.04,--,543,165072,卖盘
904,13:40:36,3.04,--,750,228000,卖盘
905,13:40:31,3.04,--,280,85120,卖盘
906,13:40:27,3.04,--,621,188784,卖盘
907,13:40:21,3.04,-0.01,584,177536,卖盘
908,13:40:16,3.05,0.01,1209,368745,买盘
909,13:40:11,3.04,-0.01,19,5776,卖盘
910,13:40:06,3.05,0.01,34,10370,买盘
911,13:40:01,3.04,-0.01,47,14288,卖盘
912,13:39:57,3.05,--,878,267790,买盘
913,13:39:51,3.05,--,98,29890,买盘
914,13:39:46,3.05,0.01,5,1525,买盘
915,13:39:41,3.04,-0.01,9,2736,卖盘
916,13:39:36,3.05,--,46,14030,买盘
917,13:39:26,3.05,--,36,10980,买盘
918,13:39:16,3.05,--,4,1220,买盘
919,13:39:11,3.05,--,101,30805,买盘
920,13:39:06,3.05,0.01,3,915,买盘
921,13:39:01,3.04,-0.01,47,14288,卖盘
922,13:38:56,3.05,0.01,5,1525,买盘
923,13:38:51,3.04,-0.01,109,33136,卖盘
924,13:38:46,3.05,0.01,4,1220,买盘
925,13:38:41,3.04,--,9,2736,卖盘
926,13:38:36,3.04,--,52,15808,卖盘
927,13:38:31,3.04,--,87,26448,卖盘
928,13:38:26,3.04,--,567,172368,卖盘
929,13:38:21,3.04,-0.01,59,17936,卖盘
930,13:38:16,3.05,0.01,205,62524,买盘
931,13:38:11,3.04,-0.01,33,10032,卖盘
932,13:38:06,3.05,--,269,82045,买盘
933,13:38:01,3.05,0.01,32,9760,买盘
934,13:37:56,3.04,--,590,179360,卖盘
935,13:37:51,3.04,-0.01,1,304,卖盘
936,13:37:46,3.05,0.01,5,1525,买盘
937,13:37:41,3.04,-0.01,62,18848,卖盘
938,13:37:36,3.05,--,34,10370,买盘
939,13:37:31,3.05,--,1,305,买盘
940,13:37:26,3.05,--,202,61610,买盘
941,13:37:21,3.05,--,1,305,买盘
942,13:37:16,3.05,--,4,1220,买盘
943,13:37:11,3.05,--,10,3050,买盘
944,13:37:06,3.05,--,109,33245,买盘
945,13:37:01,3.05,0.01,18,5490,买盘
946,13:36:56,3.04,-0.01,47,14288,卖盘
947,13:36:46,3.05,0.01,4,1220,买盘
948,13:36:41,3.04,-0.01,11,3344,卖盘
949,13:36:36,3.05,0.01,234,71370,买盘
950,13:36:31,3.04,-0.01,171,51984,卖盘
951,13:36:26,3.05,0.01,85,25925,买盘
952,13:36:21,3.04,-0.01,449,136496,卖盘
953,13:36:16,3.05,0.01,4,1220,买盘
954,13:36:11,3.04,-0.01,64,19456,卖盘
955,13:36:06,3.05,0.01,221,67405,买盘
956,13:36:01,3.04,-0.01,22,6688,卖盘
957,13:35:56,3.05,0.01,8,2440,买盘
958,13:35:51,3.04,-0.01,10,3040,卖盘
959,13:35:45,3.05,0.01,26,7929,买盘
960,13:35:41,3.04,--,92,28044,买盘
961,13:35:36,3.04,--,194,58976,买盘
962,13:35:30,3.04,--,4,1216,买盘
963,13:35:26,3.04,--,1162,353248,买盘
964,13:35:21,3.04,--,622,189088,买盘
965,13:35:15,3.04,0.01,4,1216,买盘
966,13:35:11,3.03,--,120,36360,卖盘
967,13:35:06,3.03,--,164,49692,卖盘
968,13:35:00,3.03,-0.01,251,76053,卖盘
969,13:34:56,3.04,--,463,140752,买盘
970,13:34:51,3.04,--,799,242896,买盘
971,13:34:45,3.04,--,3,912,买盘
972,13:34:41,3.04,--,210,63840,买盘
973,13:34:36,3.04,0.01,190,57760,买盘
974,13:34:30,3.03,-0.01,3,908,卖盘
975,13:34:26,3.04,0.01,15,4560,买盘
976,13:34:15,3.03,-0.01,3453,1046258,卖盘
977,13:34:11,3.04,0.01,460,139840,买盘
978,13:34:05,3.03,--,439,133017,卖盘
979,13:34:00,3.03,-0.01,108,32723,卖盘
980,13:33:55,3.04,--,10077,3063408,买盘
981,13:33:50,3.04,--,26,7904,买盘
982,13:33:45,3.04,0.01,10004,3041216,买盘
983,13:33:40,3.03,-0.01,9,2727,卖盘
984,13:33:35,3.04,--,5,1520,买盘
985,13:33:30,3.04,--,200,60800,买盘
986,13:33:25,3.04,0.01,4,1216,买盘
987,13:33:20,3.03,-0.01,288,87264,卖盘
988,13:33:15,3.04,0.01,4,1216,买盘
989,13:33:10,3.03,--,9,2727,卖盘
990,13:33:05,3.03,--,137,41511,卖盘
991,13:33:00,3.03,-0.01,47,14240,卖盘
992,13:32:55,3.04,0.01,24,7296,买盘
993,13:32:50,3.03,-0.01,9,2727,卖盘
994,13:32:45,3.04,0.01,3,912,买盘
995,13:32:40,3.03,-0.01,32,9696,卖盘
996,13:32:35,3.04,0.01,55,16720,买盘
997,13:32:30,3.03,-0.01,201,60902,卖盘
998,13:32:25,3.04,--,139,42256,买盘
999,13:32:15,3.04,0.01,3,912,买盘
1000,13:32:05,3.03,--,16,4848,卖盘
1001,13:32:00,3.03,-0.01,247,74841,卖盘
1002,13:31:55,3.04,--,14,4256,买盘
1003,13:31:50,3.04,--,10,3040,买盘
1004,13:31:45,3.04,0.01,11,3344,买盘
1005,13:31:35,3.03,-0.01,86,26058,卖盘
1006,13:31:30,3.04,--,30,9120,买盘
1007,13:31:25,3.04,--,13,3952,买盘
1008,13:31:20,3.04,--,464,141056,买盘
1009,13:31:15,3.04,--,13,3952,买盘
1010,13:31:10,3.04,--,209,63536,买盘
1011,13:31:05,3.04,0.01,8,2432,买盘
1012,13:31:00,3.03,-0.01,159,48177,卖盘
1013,13:30:55,3.04,--,12,3648,买盘
1014,13:30:50,3.04,--,2,608,买盘
1015,13:30:45,3.04,--,4,1216,买盘
1016,13:30:40,3.04,--,10,3040,买盘
1017,13:30:35,3.04,--,21,6384,买盘
1018,13:30:30,3.04,--,100,30400,买盘
1019,13:30:25,3.04,0.01,14,4256,买盘
1020,13:30:20,3.03,--,2305,698475,卖盘
1021,13:30:15,3.03,--,611,185133,卖盘
1022,13:30:10,3.03,--,695,210585,卖盘
1023,13:30:05,3.03,--,2223,673629,卖盘
1024,13:30:00,3.03,-0.01,23,6969,卖盘
1025,13:29:55,3.04,0.01,403,122512,买盘
1026,13:29:50,3.03,-0.01,2136,647268,卖盘
1027,13:29:45,3.04,0.01,69,20976,买盘
1028,13:29:40,3.03,--,9,2727,卖盘
1029,13:29:35,3.03,-0.01,43,13029,卖盘
1030,13:29:30,3.04,--,5,1520,买盘
1031,13:29:25,3.04,0.01,102,31008,买盘
1032,13:29:20,3.03,-0.01,12,3635,卖盘
1033,13:29:15,3.04,0.01,156,47424,买盘
1034,13:29:10,3.03,--,8,2424,卖盘
1035,13:29:05,3.03,-0.01,24,7271,卖盘
1036,13:29:00,3.04,--,80,24320,买盘
1037,13:28:54,3.04,--,13,3952,买盘
1038,13:28:50,3.04,--,7,2128,买盘
1039,13:28:45,3.04,--,54,16416,买盘
1040,13:28:39,3.04,--,39,11856,买盘
1041,13:28:35,3.04,--,34,10336,买盘
1042,13:28:30,3.04,--,145,44080,买盘
1043,13:28:24,3.04,0.01,184,56112,买盘
1044,13:28:20,3.03,-0.01,99,29996,卖盘
1045,13:28:15,3.04,--,7,2128,买盘
1046,13:28:09,3.04,--,109,33136,买盘
1047,13:28:05,3.04,--,4,1216,买盘
1048,13:28:00,3.04,--,205,62320,买盘
1049,13:27:54,3.04,0.01,37,11248,买盘
1050,13:27:50,3.03,-0.01,49,14846,卖盘
1051,13:27:45,3.04,0.01,691,210064,买盘
1052,13:27:39,3.03,-0.01,210,63629,卖盘
1053,13:27:34,3.04,0.01,4,1216,买盘
1054,13:27:30,3.03,-0.01,17,5151,卖盘
1055,13:27:24,3.04,--,51,15504,买盘
1056,13:27:19,3.04,--,1,304,买盘
1057,13:27:15,3.04,--,5,1520,买盘
1058,13:27:09,3.04,--,46,13984,买盘
1059,13:27:04,3.04,0.01,4,1216,买盘
1060,13:27:00,3.03,-0.01,148,44844,卖盘
1061,13:26:54,3.04,--,45,13680,买盘
1062,13:26:49,3.04,--,10,3040,买盘
1063,13:26:44,3.04,0.01,204,62016,买盘
1064,13:26:39,3.03,-0.01,12,3635,卖盘
1065,13:26:29,3.04,--,115,34960,买盘
1066,13:26:24,3.04,--,45,13680,买盘
1067,13:26:19,3.04,--,1,304,买盘
1068,13:26:14,3.04,0.01,3,912,买盘
1069,13:26:09,3.03,-0.01,1009,305727,卖盘
1070,13:26:04,3.04,0.01,21,6384,买盘
1071,13:25:59,3.03,-0.01,17,5151,卖盘
1072,13:25:54,3.04,--,50,15200,买盘
1073,13:25:49,3.04,--,10,3040,买盘
1074,13:25:44,3.04,--,799,242896,买盘
1075,13:25:39,3.04,0.01,133,40432,买盘
1076,13:25:34,3.03,-0.01,30,9090,卖盘
1077,13:25:29,3.04,--,51,15504,买盘
1078,13:25:24,3.04,--,73,22192,买盘
1079,13:25:19,3.04,--,33,10032,买盘
1080,13:25:14,3.04,--,3,912,买盘
1081,13:25:09,3.04,--,124,37696,买盘
1082,13:25:04,3.04,--,3,912,买盘
1083,13:24:59,3.04,--,130,39748,卖盘
1084,13:24:54,3.04,--,219,66576,卖盘
1085,13:24:49,3.04,--,92,27968,卖盘
1086,13:24:44,3.04,--,53,16112,卖盘
1087,13:24:39,3.04,--,14,4256,卖盘
1088,13:24:34,3.04,-0.01,29,8816,卖盘
1089,13:24:29,3.05,--,1,305,买盘
1090,13:24:24,3.05,--,13,3964,买盘
1091,13:24:19,3.05,0.01,32,9760,买盘
1092,13:24:14,3.04,--,550,167200,卖盘
1093,13:24:09,3.04,-0.01,109,33136,卖盘
1094,13:24:04,3.05,--,3,915,买盘
1095,13:23:59,3.05,--,129,39345,买盘
1096,13:23:54,3.05,--,102,31110,买盘
1097,13:23:49,3.05,--,1,305,买盘
1098,13:23:44,3.05,0.01,745,227225,买盘
1099,13:23:39,3.04,-0.01,32,9728,卖盘
1100,13:23:34,3.05,0.01,900,274500,买盘
1101,13:23:29,3.04,-0.01,264,80256,卖盘
1102,13:23:24,3.05,0.01,13,3964,买盘
1103,13:23:19,3.04,--,105,31920,卖盘
1104,13:23:14,3.04,--,183,55632,卖盘
1105,13:23:09,3.04,-0.01,10,3040,卖盘
1106,13:23:04,3.05,0.01,332,101260,买盘
1107,13:22:59,3.04,-0.01,71,21584,卖盘
1108,13:22:54,3.05,0.01,12,3660,买盘
1109,13:22:49,3.04,-0.01,535,162640,卖盘
1110,13:22:44,3.05,0.01,365,111325,买盘
1111,13:22:39,3.04,-0.01,418,127072,卖盘
1112,13:22:34,3.05,0.01,191,58383,买盘
1113,13:22:29,3.04,-0.01,63,19152,卖盘
1114,13:22:24,3.05,--,13,3964,买盘
1115,13:22:14,3.05,0.01,115,35075,买盘
1116,13:22:09,3.04,-0.01,4394,1335776,卖盘
1117,13:22:04,3.05,0.01,33,10065,买盘
1118,13:21:59,3.04,-0.01,111,33744,卖盘
1119,13:21:54,3.05,0.01,13,3964,买盘
1120,13:21:44,3.04,--,156,47424,卖盘
1121,13:21:39,3.04,-0.01,10,3040,卖盘
1122,13:21:33,3.05,0.01,4,1220,买盘
1123,13:21:29,3.04,-0.01,537,163248,卖盘
1124,13:21:24,3.05,0.01,12,3660,买盘
1125,13:21:18,3.04,-0.01,275,83600,卖盘
1126,13:21:14,3.05,0.01,14,4270,买盘
1127,13:21:09,3.04,-0.01,724,220096,卖盘
1128,13:21:03,3.05,0.01,34,10370,买盘
1129,13:20:59,3.04,-0.01,506,153824,卖盘
1130,13:20:54,3.05,--,18,5490,买盘
1131,13:20:44,3.05,0.01,4,1220,买盘
1132,13:20:39,3.04,-0.01,9,2736,卖盘
1133,13:20:33,3.05,--,15,4575,买盘
1134,13:20:24,3.05,--,66,20130,买盘
1135,13:20:18,3.05,0.01,29,8845,买盘
1136,13:20:09,3.04,--,87,26448,卖盘
1137,13:20:03,3.04,-0.01,100,30400,卖盘
1138,13:19:54,3.05,0.01,39,11895,买盘
1139,13:19:48,3.04,--,456,138624,卖盘
1140,13:19:39,3.04,--,9,2736,卖盘
1141,13:19:33,3.04,--,486,147744,卖盘
1142,13:19:24,3.04,--,19,5776,卖盘
1143,13:19:18,3.04,--,50,15200,卖盘
1144,13:19:13,3.04,--,1,304,卖盘
1145,13:19:09,3.04,--,88,26752,卖盘
1146,13:19:03,3.04,-0.01,195,59280,卖盘
1147,13:18:54,3.05,--,22,6710,买盘
1148,13:18:48,3.05,0.01,16,4880,买盘
1149,13:18:43,3.04,--,100,30400,卖盘
1150,13:18:38,3.04,--,11,3344,卖盘
1151,13:18:33,3.04,--,60,18240,卖盘
1152,13:18:23,3.04,--,70,21280,卖盘
1153,13:18:18,3.04,--,200,60800,卖盘
1154,13:18:08,3.04,--,86,26144,卖盘
1155,13:18:03,3.04,--,274,83296,卖盘
1156,13:17:58,3.04,--,66,20064,卖盘
1157,13:17:53,3.04,-0.01,9,2736,卖盘
1158,13:17:48,3.05,--,1,305,买盘
1159,13:17:43,3.05,0.01,82,25010,买盘
1160,13:17:38,3.04,--,32,9728,卖盘
1161,13:17:33,3.04,--,327,99408,卖盘
1162,13:17:23,3.04,--,241,73264,卖盘
1163,13:17:18,3.04,-0.01,42,12768,卖盘
1164,13:17:13,3.05,0.01,10,3050,买盘
1165,13:17:08,3.04,--,639,194256,卖盘
1166,13:17:03,3.04,-0.01,123,37392,卖盘
1167,13:16:58,3.05,0.01,12,3660,买盘
1168,13:16:53,3.04,-0.01,44,13376,卖盘
1169,13:16:48,3.05,0.01,97,29585,买盘
1170,13:16:43,3.04,--,357,108528,卖盘
1171,13:16:38,3.04,--,47,14288,卖盘
1172,13:16:33,3.04,-0.01,30,9120,卖盘
1173,13:16:23,3.05,0.01,26,7929,买盘
1174,13:16:18,3.04,--,21,6384,卖盘
1175,13:16:13,3.04,--,462,140448,卖盘
1176,13:16:08,3.04,--,1287,391248,卖盘
1177,13:16:03,3.04,--,47,14288,卖盘
1178,13:15:53,3.04,-0.01,119,36176,卖盘
1179,13:15:48,3.05,0.01,6,1830,买盘
1180,13:15:38,3.04,--,9,2736,卖盘
1181,13:15:33,3.04,-0.01,29,8816,卖盘
1182,13:15:28,3.05,0.01,32,9760,买盘
1183,13:15:23,3.04,--,134,40736,卖盘
1184,13:15:18,3.04,--,2,608,卖盘
1185,13:15:13,3.04,--,125,38000,卖盘
1186,13:15:08,3.04,--,271,82384,卖盘
1187,13:15:03,3.04,--,60,18240,卖盘
1188,13:14:57,3.04,--,81,24624,卖盘
1189,13:14:53,3.04,--,16,4864,卖盘
1190,13:14:48,3.04,--,316,96064,卖盘
1191,13:14:38,3.04,--,10,3040,卖盘
1192,13:14:33,3.04,--,40,12160,卖盘
1193,13:14:27,3.04,--,1,304,卖盘
1194,13:14:23,3.04,--,107,32528,卖盘
1195,13:14:18,3.04,--,539,163856,卖盘
1196,13:14:12,3.04,-0.01,2145,652080,卖盘
1197,13:14:08,3.05,0.01,139,42395,买盘
1198,13:14:03,3.04,--,99,30096,卖盘
1199,13:13:57,3.04,--,2,608,卖盘
1200,13:13:53,3.04,--,219,66576,卖盘
1201,13:13:48,3.04,--,1,304,卖盘
1202,13:13:42,3.04,--,1,304,卖盘
1203,13:13:38,3.04,--,210,63840,卖盘
1204,13:13:33,3.04,--,76,23104,卖盘
1205,13:13:27,3.04,--,197,59888,卖盘
1206,13:13:18,3.04,--,1154,350816,卖盘
1207,13:13:12,3.04,--,445,135280,卖盘
1208,13:13:08,3.04,--,86,26144,卖盘
1209,13:13:03,3.04,--,251,76304,卖盘
1210,13:12:52,3.04,-0.01,33,10032,卖盘
1211,13:12:48,3.05,0.01,1,305,买盘
1212,13:12:37,3.04,--,9,2736,卖盘
1213,13:12:33,3.04,--,932,283328,卖盘
1214,13:12:27,3.04,--,311,94544,卖盘
1215,13:12:22,3.04,--,210,63840,卖盘
1216,13:12:18,3.04,--,50,15200,卖盘
1217,13:12:12,3.04,--,77,23408,卖盘
1218,13:12:07,3.04,--,19,5776,卖盘
1219,13:12:03,3.04,--,552,167808,卖盘
1220,13:11:57,3.04,0.01,5090,1547612,买盘
1221,13:11:52,3.03,-0.01,20,6060,卖盘
1222,13:11:48,3.04,0.01,958,291232,买盘
1223,13:11:42,3.03,--,12,3635,卖盘
1224,13:11:37,3.03,--,310,93930,卖盘
1225,13:11:33,3.03,-0.01,30,9090,卖盘
1226,13:11:27,3.04,--,2,608,买盘
1227,13:11:22,3.04,0.01,158,48032,买盘
1228,13:11:18,3.03,-0.01,338,102414,卖盘
1229,13:11:12,3.04,0.01,5622,1709088,买盘
1230,13:11:07,3.03,--,5564,1685892,卖盘
1231,13:11:02,3.03,-0.01,24,7271,卖盘
1232,13:10:57,3.04,0.01,5174,1572896,买盘
1233,13:10:52,3.03,--,5414,1640442,卖盘
1234,13:10:47,3.03,--,77,23331,卖盘
1235,13:10:42,3.03,--,69,20907,卖盘
1236,13:10:37,3.03,--,9,2727,卖盘
1237,13:10:32,3.03,--,1069,323907,卖盘
1238,13:10:27,3.03,--,1028,311484,卖盘
1239,13:10:22,3.03,-0.01,9,2727,卖盘
1240,13:10:17,3.04,--,1143,347472,买盘
1241,13:10:12,3.04,0.01,1383,420432,买盘
1242,13:10:07,3.03,--,122,36966,卖盘
1243,13:10:02,3.03,--,1175,356025,卖盘
1244,13:09:57,3.03,--,31,9393,卖盘
1245,13:09:52,3.03,--,311,94233,卖盘
1246,13:09:47,3.03,--,65,19695,卖盘
1247,13:09:42,3.03,--,174,52722,卖盘
1248,13:09:37,3.03,--,9,2727,卖盘
1249,13:09:32,3.03,--,148,44844,卖盘
1250,13:09:27,3.03,--,41,12423,卖盘
1251,13:09:22,3.03,-0.01,1009,305727,卖盘
1252,13:09:17,3.04,0.01,1,304,买盘
1253,13:09:12,3.03,--,200,60599,卖盘
1254,13:09:07,3.03,--,86,26058,卖盘
1255,13:09:02,3.03,-0.01,97,29390,卖盘
1256,13:08:57,3.04,0.01,16,4864,买盘
1257,13:08:52,3.03,--,9,2727,卖盘
1258,13:08:47,3.03,--,21,6363,卖盘
1259,13:08:42,3.03,--,1,303,卖盘
1260,13:08:37,3.03,-0.01,32,9696,卖盘
1261,13:08:32,3.04,0.01,1,304,买盘
1262,13:08:22,3.03,-0.01,20,6060,卖盘
1263,13:08:12,3.04,0.01,301,91504,买盘
1264,13:08:06,3.03,--,160,48480,卖盘
1265,13:08:02,3.03,-0.01,299,90597,卖盘
1266,13:07:57,3.04,0.01,11,3344,买盘
1267,13:07:51,3.03,--,9,2727,卖盘
1268,13:07:47,3.03,--,200,60599,卖盘
1269,13:07:42,3.03,--,83,25149,卖盘
1270,13:07:36,3.03,--,10,3030,卖盘
1271,13:07:32,3.03,-0.01,31,9393,卖盘
1272,13:07:26,3.04,0.01,326,99104,买盘
1273,13:07:21,3.03,--,32,9696,卖盘
1274,13:07:12,3.03,--,30,9090,卖盘
1275,13:07:06,3.03,--,86,26058,卖盘
1276,13:07:02,3.03,--,101,30602,卖盘
1277,13:06:51,3.03,--,10,3030,卖盘
1278,13:06:47,3.03,--,10,3030,卖盘
1279,13:06:41,3.03,--,593,179679,卖盘
1280,13:06:36,3.03,--,39,11817,卖盘
1281,13:06:32,3.03,--,35,10605,卖盘
1282,13:06:21,3.03,--,385,116654,卖盘
1283,13:06:12,3.03,--,50,15149,卖盘
1284,13:06:06,3.03,--,210,63629,卖盘
1285,13:06:02,3.03,--,151,45753,卖盘
1286,13:05:51,3.03,--,693,209979,卖盘
1287,13:05:42,3.03,--,11,3333,卖盘
1288,13:05:36,3.03,--,1411,427533,卖盘
1289,13:05:32,3.03,--,314,95142,卖盘
1290,13:05:21,3.03,--,10,3030,卖盘
1291,13:05:06,3.03,--,608,184224,卖盘
1292,13:05:02,3.03,--,47,14240,卖盘
1293,13:04:56,3.03,--,23,6969,卖盘
1294,13:04:51,3.03,-0.01,9,2727,卖盘
1295,13:04:47,3.04,0.01,15,4560,买盘
1296,13:04:36,3.03,--,48,14543,卖盘
1297,13:04:31,3.03,--,352,106656,卖盘
1298,13:04:26,3.03,--,694,210282,卖盘
1299,13:04:21,3.03,-0.01,15,4545,卖盘
1300,13:04:16,3.04,--,103,31312,买盘
1301,13:04:11,3.04,0.01,1,304,买盘
1302,13:04:06,3.03,--,86,26058,卖盘
1303,13:04:01,3.03,-0.01,17,5151,卖盘
1304,13:03:56,3.04,0.01,88,26752,买盘
1305,13:03:51,3.03,--,362,109686,卖盘
1306,13:03:41,3.03,--,23,6969,卖盘
1307,13:03:36,3.03,--,300,90900,卖盘
1308,13:03:31,3.03,-0.01,6,1817,卖盘
1309,13:03:26,3.04,0.01,40,12160,买盘
1310,13:03:21,3.03,-0.01,9,2727,卖盘
1311,13:03:16,3.04,0.01,356,108224,买盘
1312,13:03:06,3.03,--,152,46056,卖盘
1313,13:03:01,3.03,--,58,17574,卖盘
1314,13:02:51,3.03,--,212,64235,卖盘
1315,13:02:41,3.03,-0.01,289,87567,卖盘
1316,13:02:36,3.04,--,141,42864,买盘
1317,13:02:26,3.04,0.01,3275,995843,买盘
1318,13:02:21,3.03,--,9,2727,卖盘
1319,13:02:16,3.03,--,8,2424,卖盘
1320,13:02:11,3.03,--,56,16968,卖盘
1321,13:02:06,3.03,--,1158,350874,卖盘
1322,13:02:01,3.03,--,45,13635,卖盘
1323,13:01:56,3.03,--,7360,2230080,卖盘
1324,13:01:51,3.03,--,16,4848,卖盘
1325,13:01:45,3.03,-0.01,46,13938,卖盘
1326,13:01:41,3.04,0.01,98,29792,买盘
1327,13:01:36,3.03,--,257,77871,卖盘
1328,13:01:30,3.03,-0.01,360,109080,卖盘
1329,13:01:26,3.04,0.01,531,161424,买盘
1330,13:01:21,3.03,--,56,16968,卖盘
1331,13:01:15,3.03,--,174,52722,卖盘
1332,13:01:11,3.03,--,90,27270,卖盘
1333,13:01:06,3.03,--,486,147258,卖盘
1334,13:01:00,3.03,--,184,55752,卖盘
1335,13:00:56,3.03,--,264,79992,卖盘
1336,13:00:51,3.03,--,561,169983,卖盘
1337,13:00:45,3.03,-0.01,100,30299,卖盘
1338,13:00:41,3.04,--,3822,1162122,卖盘
1339,13:00:36,3.04,--,540,164160,卖盘
1340,13:00:30,3.04,--,416,126464,卖盘
1341,13:00:26,3.04,--,3379,1027459,卖盘
1342,13:00:20,3.04,--,7289,2216038,卖盘
1343,13:00:15,3.04,--,635,193040,卖盘
1344,13:00:11,3.04,--,1329,404016,卖盘
1345,13:00:06,3.04,--,138654,42150816,卖盘
1346,11:30:00,3.04,--,0,0,卖盘
1347,11:30:00,3.04,--,1,304,卖盘
1348,11:30:00,3.04,--,47,14288,卖盘
1349,11:29:57,3.04,-0.01,9,2736,卖盘
1350,11:29:47,3.05,0.01,1102,336110,买盘
1351,11:29:42,3.04,--,202,61408,卖盘
1352,11:29:37,3.04,--,15,4560,卖盘
1353,11:29:32,3.04,-0.01,1,304,卖盘
1354,11:29:27,3.05,0.01,19,5795,买盘
1355,11:29:12,3.04,--,9,2736,卖盘
1356,11:29:07,3.04,--,77,23408,卖盘
1357,11:29:01,3.04,--,150,45600,卖盘
1358,11:28:57,3.04,-0.01,9,2736,卖盘
1359,11:28:47,3.05,0.01,8,2440,买盘
1360,11:28:42,3.04,--,23,6992,卖盘
1361,11:28:32,3.04,--,279,84816,卖盘
1362,11:28:27,3.04,--,529,160816,卖盘
1363,11:28:22,3.04,-0.01,130,39520,卖盘
1364,11:28:16,3.05,0.01,2,610,买盘
1365,11:28:12,3.04,--,11,3344,卖盘
1366,11:28:07,3.04,--,77,23408,卖盘
1367,11:28:02,3.04,-0.01,16,4864,卖盘
1368,11:27:57,3.05,0.01,369,112792,买盘
1369,11:27:47,3.04,--,261,79344,卖盘
1370,11:27:42,3.04,--,9,2736,卖盘
1371,11:27:37,3.04,--,11,3344,卖盘
1372,11:27:32,3.04,-0.01,130,39520,卖盘
1373,11:27:27,3.05,0.01,494,150670,买盘
1374,11:27:17,3.04,--,21,6384,卖盘
1375,11:27:12,3.04,--,207,62928,卖盘
1376,11:27:07,3.04,--,77,23408,卖盘
1377,11:27:02,3.04,--,17,5168,卖盘
1378,11:26:57,3.04,--,9,2736,卖盘
1379,11:26:42,3.04,-0.01,11,3344,卖盘
1380,11:26:37,3.05,0.01,2,610,买盘
1381,11:26:32,3.04,--,99,30096,卖盘
1382,11:26:27,3.04,--,9,2736,卖盘
1383,11:26:22,3.04,-0.01,50,15200,卖盘
1384,11:26:17,3.05,0.01,1,305,买盘
1385,11:26:11,3.04,--,124,37696,卖盘
1386,11:26:07,3.04,--,77,23408,卖盘
1387,11:26:02,3.04,--,17,5168,卖盘
1388,11:25:57,3.04,--,371,112960,卖盘
1389,11:25:42,3.04,-0.01,10,3040,卖盘
1390,11:25:37,3.05,0.01,1,305,买盘
1391,11:25:32,3.04,--,10,3040,卖盘
1392,11:25:27,3.04,--,9,2736,卖盘
1393,11:25:21,3.04,--,105,31920,卖盘
1394,11:25:11,3.04,--,10,3040,卖盘
1395,11:25:07,3.04,--,80,24320,卖盘
1396,11:25:01,3.04,--,17,5168,卖盘
1397,11:24:56,3.04,-0.01,9,2736,卖盘
1398,11:24:51,3.05,0.01,10,3050,买盘
1399,11:24:46,3.04,--,102,31008,卖盘
1400,11:24:41,3.04,--,58,17632,卖盘
1401,11:24:31,3.04,--,102,31008,卖盘
1402,11:24:27,3.04,--,210,63840,卖盘
1403,11:24:16,3.04,--,295,89680,卖盘
1404,11:24:11,3.04,--,128,38912,卖盘
1405,11:24:06,3.04,--,426,129504,卖盘
1406,11:24:01,3.04,--,16,4864,卖盘
1407,11:23:57,3.04,--,9,2736,卖盘
1408,11:23:51,3.04,--,105,31920,卖盘
1409,11:23:46,3.04,-0.01,316,96064,卖盘
1410,11:23:41,3.05,0.01,162,49410,买盘
1411,11:23:26,3.04,--,427,129808,卖盘
1412,11:23:21,3.04,--,231,70342,卖盘
1413,11:23:16,3.04,--,2,608,卖盘
1414,11:23:11,3.04,--,83,25232,卖盘
1415,11:23:06,3.04,--,77,23408,卖盘
1416,11:23:01,3.04,--,17,5168,卖盘
1417,11:22:56,3.04,-0.01,464,141056,卖盘
1418,11:22:41,3.05,0.01,87,26535,买盘
1419,11:22:36,3.04,--,184,55936,卖盘
1420,11:22:31,3.04,--,2,608,卖盘
1421,11:22:26,3.04,--,9,2736,卖盘
1422,11:22:21,3.04,--,357,108528,卖盘
1423,11:22:11,3.04,--,122,37088,卖盘
1424,11:22:06,3.04,--,78,23712,卖盘
1425,11:22:01,3.04,--,17,5168,卖盘
1426,11:21:56,3.04,-0.01,315,95760,卖盘
1427,11:21:51,3.05,0.01,20,6100,买盘
1428,11:21:46,3.04,--,600,182400,卖盘
1429,11:21:41,3.04,--,10,3040,卖盘
1430,11:21:26,3.04,-0.01,9,2736,卖盘
1431,11:21:16,3.05,0.01,125,38125,买盘
1432,11:21:11,3.04,--,332,100928,卖盘
1433,11:21:06,3.04,-0.01,151,45904,卖盘
1434,11:21:01,3.05,0.01,61,18605,买盘
1435,11:20:56,3.04,--,13,3952,卖盘
1436,11:20:51,3.04,--,100,30400,卖盘
1437,11:20:46,3.04,-0.01,22,6688,卖盘
1438,11:20:41,3.05,0.01,16,4880,买盘
1439,11:20:36,3.04,--,14,4256,卖盘
1440,11:20:31,3.04,--,1,304,卖盘
1441,11:20:26,3.04,-0.01,9,2736,卖盘
1442,11:20:21,3.05,0.01,82,25010,买盘
1443,11:20:16,3.04,--,84,25536,卖盘
1444,11:20:11,3.04,--,62,18848,卖盘
1445,11:20:06,3.04,--,82,24928,卖盘
1446,11:20:01,3.04,-0.01,16,4864,卖盘
1447,11:19:56,3.05,0.01,29,8845,买盘
1448,11:19:51,3.04,-0.01,20,6080,卖盘
1449,11:19:41,3.05,0.01,10,3050,买盘
1450,11:19:31,3.04,--,16,4864,卖盘
1451,11:19:26,3.04,--,11,3344,卖盘
1452,11:19:21,3.04,--,13,3952,卖盘
1453,11:19:11,3.04,--,9,2736,卖盘
1454,11:19:06,3.04,--,330,100320,卖盘
1455,11:19:01,3.04,-0.01,17,5168,卖盘
1456,11:18:56,3.05,0.01,85,25925,买盘
1457,11:18:51,3.04,--,939,285456,卖盘
1458,11:18:41,3.04,--,60,18240,卖盘
1459,11:18:36,3.04,--,8,2432,卖盘
1460,11:18:26,3.04,-0.01,29,8816,卖盘
1461,11:18:16,3.05,0.01,2,610,买盘
1462,11:18:11,3.04,--,14,4256,卖盘
1463,11:18:05,3.04,--,77,23408,卖盘
1464,11:18:01,3.04,--,17,5168,卖盘
1465,11:17:56,3.04,--,11,3344,卖盘
1466,11:17:50,3.04,--,101,30704,卖盘
1467,11:17:40,3.04,-0.01,109,33136,卖盘
1468,11:17:35,3.05,0.01,6,1830,买盘
1469,11:17:30,3.04,--,1,304,卖盘
1470,11:17:25,3.04,-0.01,9,2736,卖盘
1471,11:17:15,3.05,0.01,1,305,买盘
1472,11:17:10,3.04,-0.01,3395,1032323,卖盘
1473,11:17:05,3.05,0.01,205,62524,买盘
1474,11:17:00,3.04,-0.01,565,171760,卖盘
1475,11:16:55,3.05,0.01,3086,941230,买盘
1476,11:16:50,3.04,--,3438,1045395,卖盘
1477,11:16:45,3.04,--,292,88768,卖盘
1478,11:16:40,3.04,--,9,2736,卖盘
1479,11:16:35,3.04,--,3299,1002896,卖盘
1480,11:16:25,3.04,--,10,3040,卖盘
1481,11:16:15,3.04,--,3452,1049629,卖盘
1482,11:16:10,3.04,--,207,62928,卖盘
1483,11:16:05,3.04,--,177,53808,卖盘
1484,11:16:00,3.04,-0.01,66,20064,卖盘
1485,11:15:55,3.05,--,3468,1057740,买盘
1486,11:15:50,3.05,--,164,50300,买盘
1487,11:15:45,3.05,0.01,3,915,买盘
1488,11:15:40,3.04,-0.01,84,25536,卖盘
1489,11:15:35,3.05,0.01,3257,993385,买盘
1490,11:15:30,3.04,--,11,3344,卖盘
1491,11:15:25,3.04,--,304,92416,卖盘
1492,11:15:19,3.04,--,87,26448,卖盘
1493,11:15:15,3.04,-0.01,3312,1006848,卖盘
1494,11:15:10,3.05,0.01,12,3660,买盘
1495,11:15:05,3.04,--,97,29488,卖盘
1496,11:15:00,3.04,--,69,20976,卖盘
1497,11:14:55,3.04,-0.01,10,3040,卖盘
1498,11:14:50,3.05,0.01,3436,1047979,买盘
1499,11:14:40,3.04,-0.01,1026,311904,卖盘
1500,11:14:35,3.05,--,1622,494710,买盘
1501,11:14:30,3.05,0.01,3408,1039439,买盘
1502,11:14:25,3.04,--,11,3344,卖盘
1503,11:14:20,3.04,--,98,29792,卖盘
1504,11:14:15,3.04,-0.01,32,9728,卖盘
1505,11:14:10,3.05,0.01,528,161040,买盘
1506,11:14:05,3.04,-0.01,213,64752,卖盘
1507,11:14:00,3.05,0.01,546,166530,买盘
1508,11:13:55,3.04,--,9,2736,卖盘
1509,11:13:45,3.04,--,244,74176,卖盘
1510,11:13:40,3.04,-0.01,9,2736,卖盘
1511,11:13:35,3.05,0.01,55,16775,买盘
1512,11:13:30,3.04,--,1,304,卖盘
1513,11:13:25,3.04,--,10,3040,卖盘
1514,11:13:20,3.04,--,44,13376,卖盘
1515,11:13:15,3.04,--,100,30400,卖盘
1516,11:13:10,3.04,--,30,9120,卖盘
1517,11:13:05,3.04,--,77,23408,卖盘
1518,11:13:00,3.04,--,17,5168,卖盘
1519,11:12:55,3.04,--,10,3040,卖盘
1520,11:12:50,3.04,-0.01,1,304,卖盘
1521,11:12:45,3.05,0.01,98,29890,买盘
1522,11:12:40,3.04,--,9,2736,卖盘
1523,11:12:35,3.04,-0.01,612,186048,卖盘
1524,11:12:30,3.05,0.01,2,610,买盘
1525,11:12:25,3.04,-0.01,23,6992,卖盘
1526,11:12:20,3.05,--,3,915,买盘
1527,11:12:15,3.05,0.01,1,305,买盘
1528,11:12:10,3.04,--,24,7296,卖盘
1529,11:12:05,3.04,--,117,35568,卖盘
1530,11:11:59,3.04,--,42,12768,卖盘
1531,11:11:54,3.04,-0.01,10,3040,卖盘
1532,11:11:50,3.05,0.01,2730,832650,买盘
1533,11:11:45,3.04,--,3,912,卖盘
1534,11:11:40,3.04,-0.01,9,2736,卖盘
1535,11:11:35,3.05,--,111,33855,买盘
1536,11:11:30,3.05,0.01,61,18605,买盘
1537,11:11:24,3.04,--,129,39216,卖盘
1538,11:11:19,3.04,--,71,21584,卖盘
1539,11:11:14,3.04,--,50,15200,卖盘
1540,11:11:10,3.04,-0.01,9,2736,卖盘
1541,11:11:04,3.05,0.01,180,54900,买盘
1542,11:10:59,3.04,-0.01,159,48336,卖盘
1543,11:10:54,3.05,0.01,511,155855,买盘
1544,11:10:49,3.04,--,49,14896,卖盘
1545,11:10:44,3.04,-0.01,15,4560,卖盘
1546,11:10:39,3.05,0.01,395,120475,买盘
1547,11:10:34,3.04,-0.01,100,30400,卖盘
1548,11:10:29,3.05,0.01,90,27450,买盘
1549,11:10:24,3.04,--,280,85120,卖盘
1550,11:10:19,3.04,-0.01,1,304,卖盘
1551,11:10:14,3.05,0.01,69,21045,买盘
1552,11:10:09,3.04,--,3261,991587,卖盘
1553,11:10:04,3.04,-0.01,34,10336,卖盘
1554,11:09:59,3.05,0.01,166,50630,买盘
1555,11:09:54,3.04,--,9,2736,卖盘
1556,11:09:44,3.04,--,14,4256,卖盘
1557,11:09:39,3.04,--,578,175712,卖盘
1558,11:09:34,3.04,--,39,11856,卖盘
1559,11:09:29,3.04,--,155,47120,卖盘
1560,11:09:24,3.04,-0.01,9,2736,卖盘
1561,11:09:14,3.05,0.01,9,2745,买盘
1562,11:09:09,3.04,--,88,26752,卖盘
1563,11:08:59,3.04,--,628,190912,卖盘
1564,11:08:54,3.04,--,130,39520,卖盘
1565,11:08:44,3.04,-0.01,483,146990,卖盘
1566,11:08:39,3.05,--,1304,397720,卖盘
1567,11:08:34,3.05,--,981,299205,卖盘
1568,11:08:29,3.05,--,506,154330,卖盘
1569,11:08:24,3.05,--,3335,1017418,卖盘
1570,11:08:19,3.05,--,785,239425,卖盘
1571,11:08:14,3.05,--,81,24705,卖盘
1572,11:08:09,3.05,--,2547,776835,卖盘
1573,11:08:04,3.05,--,1245,379725,卖盘
1574,11:07:59,3.05,--,2218,676490,卖盘
1575,11:07:54,3.05,--,2129,649345,卖盘
1576,11:07:49,3.05,-0.01,5485,1672925,卖盘
1577,11:07:44,3.06,0.01,2169,663714,买盘
1578,11:07:39,3.05,--,1207,368135,卖盘
1579,11:07:34,3.05,--,791,241255,卖盘
1580,11:07:29,3.05,--,4262,1299910,卖盘
1581,11:07:24,3.05,--,555,169275,卖盘
1582,11:07:19,3.05,--,585,178425,卖盘
1583,11:07:14,3.05,--,663,202215,卖盘
1584,11:07:09,3.05,--,1349,411445,卖盘
1585,11:07:04,3.05,--,100,30500,卖盘
1586,11:06:59,3.05,--,265,80849,卖盘
1587,11:06:53,3.05,--,3794,1157170,卖盘
1588,11:06:49,3.05,--,1500,457500,卖盘
1589,11:06:44,3.05,--,3443,1050115,卖盘
1590,11:06:39,3.05,--,178,54290,卖盘
1591,11:06:33,3.05,--,402,122610,卖盘
1592,11:06:29,3.05,--,1729,527345,卖盘
1593,11:06:23,3.05,--,3726,1136430,卖盘
1594,11:06:19,3.05,--,1,305,卖盘
1595,11:06:14,3.05,--,4577,1395985,卖盘
1596,11:06:08,3.05,--,313,95465,卖盘
1597,11:06:03,3.05,--,2655,809775,卖盘
1598,11:05:59,3.05,--,2672,814960,卖盘
1599,11:05:53,3.05,--,9,2745,卖盘
1600,11:05:43,3.05,--,23,7015,卖盘
1601,11:05:39,3.05,--,8,2440,卖盘
1602,11:05:34,3.05,-0.01,1,305,卖盘
1603,11:05:28,3.06,0.01,120,36720,买盘
1604,11:05:24,3.05,-0.01,34,10370,卖盘
1605,11:05:08,3.06,--,122,37332,买盘
1606,11:05:03,3.06,0.01,183,55998,买盘
1607,11:04:59,3.05,-0.01,28,8540,卖盘
1608,11:04:53,3.06,0.01,51,15606,买盘
1609,11:04:49,3.05,--,125,38125,卖盘
1610,11:04:38,3.05,--,43,13115,卖盘
1611,11:04:34,3.05,--,134,40870,卖盘
1612,11:04:28,3.05,-0.01,70,21350,卖盘
1613,11:04:23,3.06,0.01,360,110160,买盘
1614,11:04:18,3.05,-0.01,674,205570,卖盘
1615,11:04:13,3.06,0.01,15,4590,买盘
1616,11:04:08,3.05,--,84,25620,卖盘
1617,11:04:03,3.05,--,110,33550,卖盘
1618,11:03:53,3.05,--,85,25925,卖盘
1619,11:03:48,3.05,-0.01,94,28670,卖盘
1620,11:03:42,3.06,0.01,89,27234,买盘
1621,11:03:38,3.05,--,118,35990,卖盘
1622,11:03:33,3.05,--,212,64659,卖盘
1623,11:03:28,3.05,-0.01,160,48800,卖盘
1624,11:03:23,3.06,--,256,78336,买盘
1625,11:03:18,3.06,0.01,22,6732,买盘
1626,11:03:13,3.05,-0.01,303,92415,卖盘
1627,11:03:08,3.06,0.01,866,264996,买盘
1628,11:03:03,3.05,--,117,35685,卖盘
1629,11:02:58,3.05,-0.01,264,80520,卖盘
1630,11:02:53,3.06,0.01,71,21726,买盘
1631,11:02:48,3.05,--,63,19215,卖盘
1632,11:02:42,3.05,-0.01,1,305,卖盘
1633,11:02:38,3.06,--,24,7344,买盘
1634,11:02:33,3.06,0.01,13,3978,买盘
1635,11:02:28,3.05,--,125,38125,卖盘
1636,11:02:22,3.05,--,324,98820,卖盘
1637,11:02:18,3.05,--,14,4270,卖盘
1638,11:02:12,3.05,--,691,210755,卖盘
1639,11:02:08,3.05,--,86,26230,卖盘
1640,11:02:03,3.05,--,17,5185,卖盘
1641,11:01:57,3.05,--,10,3050,卖盘
1642,11:01:53,3.05,-0.01,160,48800,卖盘
1643,11:01:48,3.06,0.01,42,12852,买盘
1644,11:01:42,3.05,--,337,102785,卖盘
1645,11:01:38,3.05,--,54,16470,卖盘
1646,11:01:33,3.05,--,313,95465,卖盘
1647,11:01:27,3.05,--,100,30500,卖盘
1648,11:01:23,3.05,--,158,48190,卖盘
1649,11:01:18,3.05,--,111,33855,卖盘
1650,11:01:13,3.05,-0.01,104,31719,卖盘
1651,11:01:08,3.06,0.01,87,26622,买盘
1652,11:01:03,3.05,--,17,5185,卖盘
1653,11:00:53,3.05,--,269,82045,卖盘
1654,11:00:48,3.05,--,223,68015,卖盘
1655,11:00:42,3.05,--,175,53375,卖盘
1656,11:00:38,3.05,--,260,79300,卖盘
1657,11:00:33,3.05,--,1400,427000,卖盘
1658,11:00:28,3.05,--,151,46055,卖盘
1659,11:00:23,3.05,-0.01,113,34465,卖盘
1660,11:00:18,3.06,0.01,42,12852,买盘
1661,11:00:13,3.05,--,1031,314455,卖盘
1662,11:00:08,3.05,-0.01,1207,368135,卖盘
1663,11:00:02,3.06,0.01,176,53856,买盘
1664,10:59:58,3.05,--,100,30500,卖盘
1665,10:59:52,3.05,--,323,98515,卖盘
1666,10:59:47,3.05,--,702,214110,卖盘
1667,10:59:38,3.05,--,9,2745,卖盘
1668,10:59:32,3.05,--,100,30500,卖盘
1669,10:59:23,3.05,--,9,2745,卖盘
1670,10:59:17,3.05,--,612,186660,卖盘
1671,10:59:12,3.05,--,38,11590,卖盘
1672,10:59:08,3.05,--,86,26230,卖盘
1673,10:59:02,3.05,-0.01,1476,450180,卖盘
1674,10:58:57,3.06,0.01,760,232560,买盘
1675,10:58:53,3.05,--,563,171715,卖盘
1676,10:58:47,3.05,-0.01,142,43310,卖盘
1677,10:58:42,3.06,0.01,120,36720,买盘
1678,10:58:37,3.05,--,281,85705,卖盘
1679,10:58:32,3.05,--,58,17690,卖盘
1680,10:58:22,3.05,--,149,45445,卖盘
1681,10:58:17,3.05,--,443,135115,卖盘
1682,10:58:06,3.05,--,897,273585,卖盘
1683,10:58:02,3.05,--,234,71370,卖盘
1684,10:57:57,3.05,-0.01,103,31414,卖盘
1685,10:57:52,3.06,0.01,350,107100,买盘
1686,10:57:47,3.05,-0.01,1207,368135,卖盘
1687,10:57:42,3.06,0.01,184,56304,买盘
1688,10:57:37,3.05,--,84,25620,卖盘
1689,10:57:32,3.05,--,928,283040,卖盘
1690,10:57:27,3.05,--,148,45140,卖盘
1691,10:57:17,3.05,--,360,109800,卖盘
1692,10:57:12,3.05,--,555,169275,卖盘
1693,10:57:06,3.05,--,93,28365,卖盘
1694,10:57:02,3.05,--,1266,386130,卖盘
1695,10:56:57,3.05,--,749,228445,卖盘
1696,10:56:51,3.05,--,120,36600,卖盘
1697,10:56:47,3.05,-0.01,101,30805,卖盘
1698,10:56:42,3.06,0.01,219,67014,买盘
1699,10:56:37,3.05,--,5,1525,卖盘
1700,10:56:32,3.05,--,100,30500,卖盘
1701,10:56:27,3.05,--,329,100345,卖盘
1702,10:56:21,3.05,--,114,34770,卖盘
1703,10:56:17,3.05,--,250,76250,卖盘
1704,10:56:12,3.05,--,114,34770,卖盘
1705,10:56:07,3.05,-0.01,224,68320,卖盘
1706,10:56:02,3.06,0.01,309,94554,买盘
1707,10:55:57,3.05,--,3604,1099281,卖盘
1708,10:55:47,3.05,--,605,184525,卖盘
1709,10:55:42,3.05,--,470,143350,卖盘
1710,10:55:36,3.05,--,1,305,卖盘
1711,10:55:32,3.05,--,282,86010,卖盘
1712,10:55:27,3.05,--,190,57950,卖盘
1713,10:55:21,3.05,--,301,91805,卖盘
1714,10:55:17,3.05,--,20,6100,卖盘
1715,10:55:12,3.05,--,2611,796416,卖盘
1716,10:55:06,3.05,--,2606,794891,卖盘
1717,10:55:02,3.05,--,472,143960,卖盘
1718,10:54:57,3.05,--,109,33245,卖盘
1719,10:54:47,3.05,--,279,85095,卖盘
1720,10:54:42,3.05,--,691,210755,卖盘
1721,10:54:27,3.05,--,68,20740,卖盘
1722,10:54:17,3.05,--,50,15250,卖盘
1723,10:54:12,3.05,--,9,2745,卖盘
1724,10:54:06,3.05,--,76,23180,卖盘
1725,10:54:02,3.05,--,110,33550,卖盘
1726,10:53:57,3.05,--,101,30805,卖盘
1727,10:53:51,3.05,-0.01,100,30500,卖盘
1728,10:53:42,3.06,0.01,110,33660,买盘
1729,10:53:36,3.05,--,271,82655,卖盘
1730,10:53:31,3.05,--,1,305,卖盘
1731,10:53:26,3.05,--,185,56425,卖盘
1732,10:53:11,3.05,--,77,23485,卖盘
1733,10:53:06,3.05,--,223,68015,卖盘
1734,10:53:01,3.05,--,112,34160,卖盘
1735,10:52:56,3.05,--,108,32940,卖盘
1736,10:52:46,3.05,--,301,91805,卖盘
1737,10:52:41,3.05,--,31,9455,卖盘
1738,10:52:36,3.05,--,86,26230,卖盘
1739,10:52:32,3.05,--,4,1220,卖盘
1740,10:52:26,3.05,--,12,3660,卖盘
1741,10:52:21,3.05,--,1,305,卖盘
1742,10:52:16,3.05,--,50,15250,卖盘
1743,10:52:11,3.05,--,10,3050,卖盘
1744,10:52:06,3.05,--,207,63134,卖盘
1745,10:52:01,3.05,--,193,58865,卖盘
1746,10:51:56,3.05,--,309,94245,卖盘
1747,10:51:51,3.05,--,19,5795,卖盘
1748,10:51:45,3.05,--,141,43005,卖盘
1749,10:51:41,3.05,--,9,2745,卖盘
1750,10:51:36,3.05,--,214,65269,卖盘
1751,10:51:30,3.05,--,8,2440,卖盘
1752,10:51:26,3.05,-0.01,126,38463,卖盘
1753,10:51:21,3.06,0.01,239,73134,买盘
1754,10:51:11,3.05,-0.01,83,25315,卖盘
1755,10:51:06,3.06,0.01,1,306,买盘
1756,10:51:00,3.05,--,16,4880,卖盘
1757,10:50:56,3.05,-0.01,39,11895,卖盘
1758,10:50:51,3.06,0.01,8,2448,买盘
1759,10:50:41,3.05,--,9,2745,卖盘
1760,10:50:30,3.05,--,500,152500,卖盘
1761,10:50:26,3.05,--,9,2745,卖盘
1762,10:50:21,3.05,--,1000,305000,卖盘
1763,10:50:11,3.05,-0.01,18,5490,卖盘
1764,10:50:06,3.06,0.01,368,112608,买盘
1765,10:50:00,3.05,-0.01,17,5185,卖盘
1766,10:49:56,3.06,--,273,83538,买盘
1767,10:49:45,3.06,0.01,12,3672,买盘
1768,10:49:41,3.05,--,101,30805,卖盘
1769,10:49:36,3.05,--,430,131150,卖盘
1770,10:49:26,3.05,-0.01,9,2745,卖盘
1771,10:49:21,3.06,0.01,1242,380052,买盘
1772,10:49:11,3.05,--,8,2440,卖盘
1773,10:49:06,3.05,-0.01,74,22570,卖盘
1774,10:49:00,3.06,0.01,67,20502,买盘
1775,10:48:56,3.05,--,9,2745,卖盘
1776,10:48:51,3.05,--,1117,340685,卖盘
1777,10:48:41,3.05,-0.01,1025,312625,卖盘
1778,10:48:36,3.06,--,48,14688,买盘
1779,10:48:30,3.06,0.01,1,306,买盘
1780,10:48:26,3.05,--,9,2745,卖盘
1781,10:48:21,3.05,-0.01,264,80520,卖盘
1782,10:48:10,3.06,0.01,564,172584,买盘
1783,10:48:06,3.05,--,31,9455,卖盘
1784,10:48:00,3.05,--,18,5490,卖盘
1785,10:47:56,3.05,-0.01,79,24095,卖盘
1786,10:47:51,3.06,0.01,13,3978,买盘
1787,10:47:45,3.05,--,3,915,卖盘
1788,10:47:40,3.05,--,194,59170,卖盘
1789,10:47:36,3.05,--,107,32634,卖盘
1790,10:47:25,3.05,--,11,3355,卖盘
1791,10:47:21,3.05,--,106,32329,卖盘
1792,10:47:10,3.05,--,58,17690,卖盘
1793,10:47:00,3.05,--,24,7320,卖盘
1794,10:46:55,3.05,--,141,43005,卖盘
1795,10:46:40,3.05,--,335,102175,卖盘
1796,10:46:35,3.05,--,301,91805,卖盘
1797,10:46:25,3.05,--,155,47275,卖盘
1798,10:46:10,3.05,--,210,64049,卖盘
1799,10:46:06,3.05,--,6,1830,卖盘
1800,10:46:00,3.05,--,17,5185,卖盘
1801,10:45:55,3.05,--,8,2440,卖盘
1802,10:45:51,3.05,--,299,91195,卖盘
1803,10:45:40,3.05,--,110,33550,卖盘
1804,10:45:35,3.05,--,955,291275,卖盘
1805,10:45:25,3.05,-0.01,209,63744,卖盘
1806,10:45:20,3.06,--,52,15912,买盘
1807,10:45:15,3.06,--,52,15912,买盘
1808,10:45:10,3.06,0.01,13,3978,买盘
1809,10:45:00,3.05,--,17,5185,卖盘
1810,10:44:55,3.05,--,92,28060,卖盘
1811,10:44:50,3.05,--,20,6100,卖盘
1812,10:44:40,3.05,-0.01,109,33245,卖盘
1813,10:44:35,3.06,0.01,199,60894,买盘
1814,10:44:25,3.05,-0.01,50,15250,卖盘
1815,10:44:15,3.06,0.01,8,2448,买盘
1816,10:44:09,3.05,--,9,2745,卖盘
1817,10:44:05,3.05,--,90,27450,卖盘
1818,10:44:00,3.05,--,19,5795,卖盘
1819,10:43:54,3.05,--,8,2440,卖盘
1820,10:43:50,3.05,--,61,18605,卖盘
1821,10:43:45,3.05,--,35,10675,卖盘
1822,10:43:39,3.05,--,109,33245,卖盘
1823,10:43:35,3.05,--,708,215940,卖盘
1824,10:43:24,3.05,--,8,2440,卖盘
1825,10:43:09,3.05,--,110,33550,卖盘
1826,10:43:05,3.05,--,178,54290,卖盘
1827,10:43:00,3.05,--,107,32634,卖盘
1828,10:42:54,3.05,--,209,63744,卖盘
1829,10:42:50,3.05,--,294,89670,卖盘
1830,10:42:45,3.05,--,9,2745,卖盘
1831,10:42:39,3.05,--,83,25315,卖盘
1832,10:42:35,3.05,--,215,65575,卖盘
1833,10:42:30,3.05,--,148,45140,卖盘
1834,10:42:24,3.05,-0.01,9,2745,卖盘
1835,10:42:20,3.06,0.01,20,6120,买盘
1836,10:42:15,3.05,--,12,3660,卖盘
1837,10:42:09,3.05,--,8,2440,卖盘
1838,10:42:00,3.05,--,62,18910,卖盘
1839,10:41:54,3.05,--,9,2745,卖盘
1840,10:41:50,3.05,--,31,9455,卖盘
1841,10:41:39,3.05,--,8,2440,卖盘
1842,10:41:35,3.05,--,52,15859,卖盘
1843,10:41:24,3.05,--,9,2745,卖盘
1844,10:41:15,3.05,--,11,3355,卖盘
1845,10:41:09,3.05,--,13,3964,卖盘
1846,10:41:00,3.05,--,18,5490,卖盘
1847,10:40:54,3.05,--,10,3050,卖盘
1848,10:40:50,3.05,--,10,3050,卖盘
1849,10:40:45,3.05,--,4,1220,卖盘
1850,10:40:39,3.05,--,8,2440,卖盘
1851,10:40:35,3.05,--,50,15250,卖盘
1852,10:40:30,3.05,--,78,23790,卖盘
1853,10:40:24,3.05,--,59,17995,卖盘
1854,10:40:20,3.05,-0.01,21,6405,卖盘
1855,10:40:15,3.06,0.01,68,20808,买盘
1856,10:40:09,3.05,-0.01,108,32940,卖盘
1857,10:40:04,3.06,0.01,17,5202,买盘
1858,10:40:00,3.05,--,38,11590,卖盘
1859,10:39:54,3.05,--,9,2745,卖盘
1860,10:39:49,3.05,--,4,1220,卖盘
1861,10:39:45,3.05,--,20,6100,卖盘
1862,10:39:39,3.05,--,13,3964,卖盘
1863,10:39:34,3.05,--,126,38430,卖盘
1864,10:39:30,3.05,--,10,3050,卖盘
1865,10:39:24,3.05,--,109,33245,卖盘
1866,10:39:14,3.05,--,1,305,卖盘
1867,10:39:09,3.05,--,8,2440,卖盘
1868,10:39:00,3.05,--,146,44530,卖盘
1869,10:38:54,3.05,--,17,5185,卖盘
1870,10:38:39,3.05,-0.01,8,2440,卖盘
1871,10:38:34,3.06,0.01,2,612,买盘
1872,10:38:30,3.05,--,84,25620,卖盘
1873,10:38:24,3.05,--,9,2745,卖盘
1874,10:38:09,3.05,--,16,4880,卖盘
1875,10:38:04,3.05,--,2,610,卖盘
1876,10:37:59,3.05,--,61,18605,卖盘
1877,10:37:54,3.05,--,8,2440,卖盘
1878,10:37:49,3.05,-0.01,2,610,卖盘
1879,10:37:44,3.06,0.01,815,249390,买盘
1880,10:37:39,3.05,--,9,2745,卖盘
1881,10:37:34,3.05,--,32,9760,卖盘
1882,10:37:29,3.05,--,202,61610,卖盘
1883,10:37:24,3.05,--,8,2440,卖盘
1884,10:37:18,3.05,-0.01,210,64049,卖盘
1885,10:37:14,3.06,0.01,2,612,买盘
1886,10:37:09,3.05,--,9,2745,卖盘
1887,10:36:59,3.05,--,247,75335,卖盘
1888,10:36:54,3.05,--,306,93330,卖盘
1889,10:36:48,3.05,-0.01,210,64049,卖盘
1890,10:36:44,3.06,0.01,10,3060,买盘
1891,10:36:39,3.05,-0.01,9,2745,卖盘
1892,10:36:29,3.06,0.01,11,3366,买盘
1893,10:36:24,3.05,-0.01,28,8540,卖盘
1894,10:36:18,3.06,--,20,6120,买盘
1895,10:36:14,3.06,0.01,475,145350,买盘
1896,10:36:09,3.05,--,219,66795,卖盘
1897,10:36:03,3.05,--,2318,707051,卖盘
1898,10:35:59,3.05,--,18,5490,卖盘
1899,10:35:54,3.05,--,15,4575,卖盘
1900,10:35:44,3.05,--,23,7015,卖盘
1901,10:35:39,3.05,--,9,2745,卖盘
1902,10:35:33,3.05,--,1,305,卖盘
1903,10:35:29,3.05,--,60,18300,卖盘
1904,10:35:23,3.05,--,89,27145,卖盘
1905,10:35:18,3.05,--,294,89670,卖盘
1906,10:35:14,3.05,--,3,915,卖盘
1907,10:35:09,3.05,--,762,232410,卖盘
1908,10:35:03,3.05,--,15,4575,卖盘
1909,10:34:59,3.05,--,16,4880,卖盘
1910,10:34:54,3.05,-0.01,728,222250,卖盘
1911,10:34:48,3.06,--,3,918,买盘
1912,10:34:44,3.06,0.01,1,306,买盘
1913,10:34:39,3.05,--,9,2745,卖盘
1914,10:34:33,3.05,--,1,305,卖盘
1915,10:34:23,3.05,--,29,8845,卖盘
1916,10:34:14,3.05,--,388,118340,卖盘
1917,10:34:09,3.05,--,103,31414,卖盘
1918,10:34:03,3.05,-0.01,295,89975,卖盘
1919,10:33:59,3.06,0.01,309,94554,买盘
1920,10:33:53,3.05,--,1153,351665,卖盘
1921,10:33:48,3.05,--,10,3050,卖盘
1922,10:33:44,3.05,-0.01,60,18300,卖盘
1923,10:33:38,3.06,--,11,3366,买盘
1924,10:33:33,3.06,0.01,3,918,买盘
1925,10:33:23,3.05,-0.01,28,8540,卖盘
1926,10:33:18,3.06,0.01,1,306,买盘
1927,10:33:14,3.05,--,148,45140,卖盘
1928,10:33:08,3.05,--,14,4270,卖盘
1929,10:32:59,3.05,--,17,5185,卖盘
1930,10:32:53,3.05,-0.01,37,11285,卖盘
1931,10:32:48,3.06,0.01,38,11628,买盘
1932,10:32:43,3.05,--,173,52765,卖盘
1933,10:32:38,3.05,--,133,40565,卖盘
1934,10:32:33,3.05,--,307,93635,卖盘
1935,10:32:29,3.05,--,504,153720,卖盘
1936,10:32:23,3.05,--,341,104005,卖盘
1937,10:32:13,3.05,-0.01,29,8845,卖盘
1938,10:32:08,3.06,0.01,143,43758,买盘
1939,10:32:03,3.05,-0.01,60,18300,卖盘
1940,10:31:58,3.06,0.01,406,124236,买盘
1941,10:31:53,3.05,--,46,14030,卖盘
1942,10:31:38,3.05,--,302,92110,卖盘
1943,10:31:33,3.05,-0.01,164,50020,卖盘
1944,10:31:28,3.06,0.01,393,120258,买盘
1945,10:31:23,3.05,--,37,11285,卖盘
1946,10:31:18,3.05,-0.01,50,15250,卖盘
1947,10:31:13,3.06,0.01,1117,341802,买盘
1948,10:31:08,3.05,--,55,16775,卖盘
1949,10:31:03,3.05,--,388,118340,卖盘
1950,10:30:58,3.05,--,383,116815,卖盘
1951,10:30:53,3.05,--,197,60085,卖盘
1952,10:30:43,3.05,--,30,9150,卖盘
1953,10:30:38,3.05,--,1253,382165,卖盘
1954,10:30:33,3.05,-0.01,100,30500,卖盘
1955,10:30:28,3.06,0.01,321,98226,买盘
1956,10:30:23,3.05,--,23,7015,卖盘
1957,10:30:18,3.05,--,276,84180,卖盘
1958,10:30:12,3.05,-0.01,474,144570,卖盘
1959,10:30:08,3.06,0.01,534,163404,买盘
1960,10:30:03,3.05,-0.01,845,257724,卖盘
1961,10:29:57,3.06,0.01,267,81702,买盘
1962,10:29:53,3.05,--,207,63134,卖盘
1963,10:29:48,3.05,--,1055,321775,卖盘
1964,10:29:42,3.05,--,841,256504,卖盘
1965,10:29:38,3.05,--,132,40260,卖盘
1966,10:29:32,3.05,--,171,52155,卖盘
1967,10:29:23,3.05,--,77,23485,卖盘
1968,10:29:18,3.05,--,3291,1003754,卖盘
1969,10:29:08,3.05,--,162,49410,卖盘
1970,10:29:02,3.05,--,117,35685,卖盘
1971,10:28:57,3.05,--,1,305,卖盘
1972,10:28:53,3.05,--,118,35990,卖盘
1973,10:28:47,3.05,-0.01,30,9150,卖盘
1974,10:28:42,3.06,0.01,101,30906,买盘
1975,10:28:38,3.05,--,146,44530,卖盘
1976,10:28:32,3.05,-0.01,10,3050,卖盘
1977,10:28:27,3.06,0.01,492,150552,买盘
1978,10:28:23,3.05,--,171,52155,卖盘
1979,10:28:17,3.05,--,80,24400,卖盘
1980,10:28:12,3.05,--,109,33245,卖盘
1981,10:28:08,3.05,--,627,191235,卖盘
1982,10:28:02,3.05,--,18,5490,卖盘
1983,10:27:57,3.05,--,7,2135,卖盘
1984,10:27:53,3.05,--,187,57035,卖盘
1985,10:27:47,3.05,-0.01,87,26779,卖盘
1986,10:27:42,3.06,0.01,1,306,买盘
1987,10:27:38,3.05,--,132,40260,卖盘
1988,10:27:32,3.05,--,77,23485,卖盘
1989,10:27:27,3.05,--,201,61305,卖盘
1990,10:27:23,3.05,-0.01,338,103090,卖盘
1991,10:27:17,3.06,0.01,1,306,买盘
1992,10:27:12,3.05,--,535,163175,卖盘
1993,10:27:08,3.05,--,60,18300,卖盘
1994,10:27:02,3.05,--,426,129929,卖盘
1995,10:26:57,3.05,--,59,17995,卖盘
1996,10:26:53,3.05,--,81,24705,卖盘
1997,10:26:47,3.05,--,14,4270,卖盘
1998,10:26:38,3.05,--,202,61610,卖盘
1999,10:26:32,3.05,--,344,104920,卖盘
2000,10:26:27,3.05,--,418,127489,卖盘
2001,10:26:22,3.05,--,10,3050,卖盘
2002,10:26:17,3.05,--,15,4575,卖盘
2003,10:26:07,3.05,--,125,38125,卖盘
2004,10:26:02,3.05,--,312,95160,卖盘
2005,10:25:57,3.05,--,147,44835,卖盘
2006,10:25:53,3.05,--,602,183610,卖盘
2007,10:25:47,3.05,--,148,45140,卖盘
2008,10:25:42,3.05,--,12,3660,卖盘
2009,10:25:37,3.05,--,8,2440,卖盘
2010,10:25:32,3.05,-0.01,89,27145,卖盘
2011,10:25:27,3.06,--,20,6120,买盘
2012,10:25:22,3.06,0.01,178,54468,买盘
2013,10:25:17,3.05,--,10,3050,卖盘
2014,10:25:12,3.05,--,64,19648,卖盘
2015,10:25:07,3.05,--,24,7320,卖盘
2016,10:25:02,3.05,-0.01,329,100345,卖盘
2017,10:24:57,3.06,--,282,86567,买盘
2018,10:24:52,3.06,0.01,111,33966,买盘
2019,10:24:47,3.05,--,14,4270,卖盘
2020,10:24:37,3.05,--,157,47888,卖盘
2021,10:24:32,3.05,-0.01,27,8235,卖盘
2022,10:24:27,3.06,0.01,1,306,买盘
2023,10:24:21,3.05,--,1159,353495,卖盘
2024,10:24:12,3.05,--,8,2440,卖盘
2025,10:24:02,3.05,--,18,5490,卖盘
2026,10:23:52,3.05,-0.01,190,57950,卖盘
2027,10:23:47,3.06,0.01,2,612,买盘
2028,10:23:42,3.05,--,196,59780,卖盘
2029,10:23:36,3.05,--,176,53680,卖盘
2030,10:23:32,3.05,-0.01,250,76250,卖盘
2031,10:23:27,3.06,0.01,11,3366,买盘
2032,10:23:21,3.05,--,10,3050,卖盘
2033,10:23:17,3.05,-0.01,520,158600,卖盘
2034,10:23:12,3.06,0.01,335,102510,买盘
2035,10:23:06,3.05,-0.01,6,1830,卖盘
2036,10:23:02,3.06,0.01,17,5202,买盘
2037,10:22:57,3.05,--,39,11895,卖盘
2038,10:22:51,3.05,--,925,282125,卖盘
2039,10:22:47,3.05,--,20,6100,卖盘
2040,10:22:41,3.05,--,8,2440,卖盘
2041,10:22:36,3.05,--,180,54900,卖盘
2042,10:22:27,3.05,--,185,56425,卖盘
2043,10:22:21,3.05,--,29,8845,卖盘
2044,10:22:17,3.05,--,70,21350,卖盘
2045,10:22:11,3.05,--,337,102785,卖盘
2046,10:22:06,3.05,-0.01,20,6100,卖盘
2047,10:22:02,3.06,0.01,32,9792,买盘
2048,10:21:56,3.05,--,188,57340,卖盘
2049,10:21:51,3.05,--,8,2440,卖盘
2050,10:21:47,3.05,--,195,59475,卖盘
2051,10:21:41,3.05,--,59,17995,卖盘
2052,10:21:36,3.05,--,176,53680,卖盘
2053,10:21:32,3.05,--,201,61305,卖盘
2054,10:21:26,3.05,--,9,2745,卖盘
2055,10:21:21,3.05,--,103,31414,卖盘
2056,10:21:17,3.05,--,8,2440,卖盘
2057,10:21:11,3.05,--,10,3050,卖盘
2058,10:21:02,3.05,-0.01,17,5185,卖盘
2059,10:20:56,3.06,0.01,9,2754,买盘
2060,10:20:41,3.05,--,9,2745,卖盘
2061,10:20:36,3.05,-0.01,150,45750,卖盘
2062,10:20:32,3.06,0.01,68,20954,买盘
2063,10:20:26,3.05,--,177,53985,卖盘
2064,10:20:21,3.05,--,2,610,卖盘
2065,10:20:17,3.05,--,144,43920,卖盘
2066,10:20:11,3.05,--,417,127184,卖盘
2067,10:20:06,3.05,-0.01,100,30500,卖盘
2068,10:20:02,3.06,0.01,18,5508,买盘
2069,10:19:56,3.05,--,167,50935,卖盘
2070,10:19:51,3.05,-0.01,34,10370,卖盘
2071,10:19:47,3.06,0.01,419,128214,买盘
2072,10:19:41,3.05,--,9,2745,卖盘
2073,10:19:32,3.05,--,7,2135,卖盘
2074,10:19:26,3.05,--,44,13420,卖盘
2075,10:19:16,3.05,--,102,31110,卖盘
2076,10:19:11,3.05,--,321,97905,卖盘
2077,10:19:02,3.05,--,25,7625,卖盘
2078,10:18:56,3.05,--,1558,475190,卖盘
2079,10:18:47,3.05,--,8,2440,卖盘
2080,10:18:41,3.05,--,10,3050,卖盘
2081,10:18:31,3.05,--,30,9150,卖盘
2082,10:18:26,3.05,--,9,2745,卖盘
2083,10:18:21,3.05,-0.01,947,288835,卖盘
2084,10:18:16,3.06,0.01,818,250308,买盘
2085,10:18:11,3.05,--,93,28365,卖盘
2086,10:18:06,3.05,--,88,26840,卖盘
2087,10:18:01,3.05,--,17,5185,卖盘
2088,10:17:56,3.05,-0.01,8,2440,卖盘
2089,10:17:46,3.06,--,1,306,买盘
2090,10:17:41,3.06,0.01,29,8874,买盘
2091,10:17:36,3.05,--,1,305,卖盘
2092,10:17:31,3.05,--,56,17080,卖盘
2093,10:17:26,3.05,--,226,68930,卖盘
2094,10:17:21,3.05,--,15,4575,卖盘
2095,10:17:16,3.05,--,245,74725,卖盘
2096,10:17:11,3.05,-0.01,207,63134,卖盘
2097,10:17:06,3.06,0.01,110,33660,买盘
2098,10:17:01,3.05,--,102,31110,卖盘
2099,10:16:56,3.05,--,178,54290,卖盘
2100,10:16:51,3.05,--,69,21045,卖盘
2101,10:16:45,3.05,--,29,8845,卖盘
2102,10:16:41,3.05,--,833,254064,卖盘
2103,10:16:36,3.05,--,427,130234,卖盘
2104,10:16:30,3.05,-0.01,148,45140,卖盘
2105,10:16:26,3.06,0.01,16,4896,买盘
2106,10:16:21,3.05,-0.01,100,30500,卖盘
2107,10:16:15,3.06,0.01,7,2142,买盘
2108,10:16:11,3.05,--,8,2440,卖盘
2109,10:16:06,3.05,--,776,236680,卖盘
2110,10:16:00,3.05,-0.01,17,5185,卖盘
2111,10:15:56,3.06,--,12,3672,买盘
2112,10:15:50,3.06,--,1,306,买盘
2113,10:15:41,3.06,0.01,198,60588,买盘
2114,10:15:36,3.05,--,1091,332755,卖盘
2115,10:15:30,3.05,--,176,53680,卖盘
2116,10:15:26,3.05,--,9,2745,卖盘
2117,10:15:21,3.05,--,4,1220,卖盘
2118,10:15:11,3.05,--,167,50935,卖盘
2119,10:15:05,3.05,--,51,15555,卖盘
2120,10:15:00,3.05,--,16,4880,卖盘
2121,10:14:56,3.05,-0.01,83,25315,卖盘
2122,10:14:50,3.06,0.01,206,63036,买盘
2123,10:14:41,3.05,--,8,2440,卖盘
2124,10:14:35,3.05,--,2127,648735,卖盘
2125,10:14:25,3.05,--,26,7929,卖盘
2126,10:14:20,3.05,--,1,305,卖盘
2127,10:14:15,3.05,--,7,2135,卖盘
2128,10:14:10,3.05,--,29,8845,卖盘
2129,10:14:05,3.05,--,20,6100,卖盘
2130,10:14:00,3.05,--,1,305,卖盘
2131,10:13:56,3.05,--,293,89365,卖盘
2132,10:13:45,3.05,--,41,12505,卖盘
2133,10:13:41,3.05,-0.01,42,12810,卖盘
2134,10:13:35,3.06,0.01,1,306,买盘
2135,10:13:30,3.05,--,1,305,卖盘
2136,10:13:25,3.05,-0.01,44,13420,卖盘
2137,10:13:20,3.06,0.01,1,306,买盘
2138,10:13:15,3.05,--,847,258334,卖盘
2139,10:13:10,3.05,--,40,12200,卖盘
2140,10:13:05,3.05,--,206,62829,卖盘
2141,10:13:00,3.05,--,298,90890,卖盘
2142,10:12:55,3.05,--,126,38430,卖盘
2143,10:12:40,3.05,--,13,3964,卖盘
2144,10:12:35,3.05,--,87,26535,卖盘
2145,10:12:25,3.05,--,96,29280,卖盘
2146,10:12:20,3.05,--,301,91805,卖盘
2147,10:12:15,3.05,--,1,305,卖盘
2148,10:12:10,3.05,--,14,4270,卖盘
2149,10:12:05,3.05,--,100,30500,卖盘
2150,10:12:00,3.05,--,55,16775,卖盘
2151,10:11:55,3.05,--,12,3660,卖盘
2152,10:11:50,3.05,--,67,20435,卖盘
2153,10:11:45,3.05,--,147,44835,卖盘
2154,10:11:40,3.05,--,9,2745,卖盘
2155,10:11:35,3.05,--,41,12505,卖盘
2156,10:11:25,3.05,-0.01,317,96685,卖盘
2157,10:11:20,3.06,0.01,23,7038,买盘
2158,10:11:15,3.05,--,98,29890,卖盘
2159,10:11:10,3.05,--,399,121695,卖盘
2160,10:11:05,3.05,--,4,1220,卖盘
2161,10:11:00,3.05,--,16,4880,卖盘
2162,10:10:55,3.05,--,137,41785,卖盘
2163,10:10:50,3.05,--,27,8235,卖盘
2164,10:10:40,3.05,-0.01,83,25315,卖盘
2165,10:10:35,3.06,--,4,1224,买盘
2166,10:10:30,3.06,0.01,10,3060,买盘
2167,10:10:25,3.05,--,2697,822585,卖盘
2168,10:10:20,3.05,--,148,45140,卖盘
2169,10:10:09,3.05,--,9,2745,卖盘
2170,10:10:00,3.05,-0.01,19,5795,卖盘
2171,10:09:54,3.06,--,15,4590,买盘
2172,10:09:50,3.06,0.01,30,9180,买盘
2173,10:09:45,3.05,--,101,30805,卖盘
2174,10:09:39,3.05,-0.01,9,2745,卖盘
2175,10:09:30,3.06,0.01,22,6732,买盘
2176,10:09:24,3.05,-0.01,10,3050,卖盘
2177,10:09:20,3.06,--,1499,458694,买盘
2178,10:09:15,3.06,0.01,4691,1435446,买盘
2179,10:09:09,3.05,-0.01,10,3050,卖盘
2180,10:09:05,3.06,0.01,32,9792,买盘
2181,10:08:59,3.05,-0.01,17,5185,卖盘
2182,10:08:54,3.06,0.01,156,47736,买盘
2183,10:08:50,3.05,-0.01,10,3050,卖盘
2184,10:08:44,3.06,0.01,14,4284,买盘
2185,10:08:39,3.05,-0.01,9,2745,卖盘
2186,10:08:35,3.06,0.01,20,6120,买盘
2187,10:08:29,3.05,--,75,22875,卖盘
2188,10:08:24,3.05,-0.01,9,2745,卖盘
2189,10:08:19,3.06,--,167,51102,买盘
2190,10:08:14,3.06,--,285,87210,买盘
2191,10:08:09,3.06,0.01,69,21114,买盘
2192,10:08:05,3.05,--,1,305,卖盘
2193,10:07:59,3.05,--,19,5795,卖盘
2194,10:07:54,3.05,-0.01,9,2745,卖盘
2195,10:07:49,3.06,--,273,83538,买盘
2196,10:07:44,3.06,0.01,10,3060,买盘
2197,10:07:39,3.05,-0.01,13,3964,卖盘
2198,10:07:34,3.06,--,2,612,买盘
2199,10:07:29,3.06,0.01,238,72828,买盘
2200,10:07:24,3.05,-0.01,9,2745,卖盘
2201,10:07:19,3.06,--,211,64566,买盘
2202,10:07:14,3.06,0.01,468,143208,买盘
2203,10:07:09,3.05,--,8,2440,卖盘
2204,10:07:04,3.05,-0.01,1,305,卖盘
2205,10:06:59,3.06,0.01,181,55386,买盘
2206,10:06:54,3.05,--,185,56425,卖盘
2207,10:06:44,3.05,--,11,3355,卖盘
2208,10:06:39,3.05,-0.01,68,20740,卖盘
2209,10:06:29,3.06,0.01,402,123012,买盘
2210,10:06:24,3.05,--,16,4880,卖盘
2211,10:06:19,3.05,-0.01,475,144875,卖盘
2212,10:06:14,3.06,0.01,500,153000,买盘
2213,10:06:09,3.05,-0.01,8,2440,卖盘
2214,10:06:04,3.06,--,5,1530,买盘
2215,10:05:59,3.06,0.01,1304,399024,买盘
2216,10:05:54,3.05,-0.01,9,2745,卖盘
2217,10:05:44,3.06,--,1083,331398,买盘
2218,10:05:39,3.06,0.01,309,94554,买盘
2219,10:05:34,3.05,-0.01,177,53985,卖盘
2220,10:05:29,3.06,0.01,3462,1059372,买盘
2221,10:05:24,3.05,-0.01,9,2745,卖盘
2222,10:05:19,3.06,--,10144,3104064,买盘
2223,10:05:09,3.06,--,10,3060,买盘
2224,10:05:04,3.06,0.01,1,306,买盘
2225,10:04:59,3.05,--,142,43310,卖盘
2226,10:04:54,3.05,-0.01,10,3050,卖盘
2227,10:04:49,3.06,--,1,306,买盘
2228,10:04:44,3.06,0.01,399,122094,买盘
2229,10:04:39,3.05,-0.01,9,2745,卖盘
2230,10:04:34,3.06,--,34,10404,买盘
2231,10:04:24,3.06,0.01,9,2754,买盘
2232,10:04:19,3.05,-0.01,103,31414,卖盘
2233,10:04:14,3.06,0.01,1,306,买盘
2234,10:04:09,3.05,--,9,2745,卖盘
2235,10:04:04,3.05,--,86,26230,卖盘
2236,10:03:59,3.05,--,354,107970,卖盘
2237,10:03:54,3.05,--,8,2440,卖盘
2238,10:03:49,3.05,--,638,194590,卖盘
2239,10:03:39,3.05,--,32,9760,卖盘
2240,10:03:34,3.05,-0.01,348,106140,卖盘
2241,10:03:29,3.06,0.01,562,171972,买盘
2242,10:03:24,3.05,--,1164,355020,卖盘
2243,10:03:19,3.05,--,9,2745,卖盘
2244,10:03:14,3.05,--,617,188185,卖盘
2245,10:03:09,3.05,--,62,18910,卖盘
2246,10:03:04,3.05,--,400,122000,卖盘
2247,10:02:59,3.05,-0.01,227,69235,卖盘
2248,10:02:54,3.06,0.01,24,7344,买盘
2249,10:02:49,3.05,--,129,39345,卖盘
2250,10:02:44,3.05,--,138,42090,卖盘
2251,10:02:39,3.05,--,363,110715,卖盘
2252,10:02:33,3.05,--,89,27145,卖盘
2253,10:02:29,3.05,--,1,305,卖盘
2254,10:02:24,3.05,--,96,29280,卖盘
2255,10:02:18,3.05,--,1,305,卖盘
2256,10:02:14,3.05,--,1,305,卖盘
2257,10:02:08,3.05,--,9,2745,卖盘
2258,10:02:03,3.05,--,1,305,卖盘
2259,10:01:59,3.05,-0.01,17,5185,卖盘
2260,10:01:53,3.06,0.01,362,110772,买盘
2261,10:01:44,3.05,-0.01,1037,316285,卖盘
2262,10:01:38,3.06,0.01,110,33660,买盘
2263,10:01:29,3.05,--,169,51545,卖盘
2264,10:01:23,3.05,-0.01,8,2440,卖盘
2265,10:01:18,3.06,--,20,6120,买盘
2266,10:01:14,3.06,--,103,31518,买盘
2267,10:01:08,3.06,0.01,132,40392,买盘
2268,10:01:03,3.05,--,20,6100,卖盘
2269,10:00:59,3.05,--,84,25620,卖盘
2270,10:00:53,3.05,--,10,3050,卖盘
2271,10:00:38,3.05,--,9,2745,卖盘
2272,10:00:33,3.05,-0.01,21,6405,卖盘
2273,10:00:23,3.06,--,127,38862,买盘
2274,10:00:08,3.06,0.01,13362,4088772,买盘
2275,09:59:58,3.05,--,19,5795,卖盘
2276,09:59:53,3.05,--,357,108885,卖盘
2277,09:59:38,3.05,--,90,27450,卖盘
2278,09:59:33,3.05,--,2,610,卖盘
2279,09:59:28,3.05,--,5,1525,卖盘
2280,09:59:23,3.05,--,12,3660,卖盘
2281,09:59:18,3.05,--,10,3050,卖盘
2282,09:59:13,3.05,--,2,610,卖盘
2283,09:59:08,3.05,--,9,2745,卖盘
2284,09:59:03,3.05,--,19,5795,卖盘
2285,09:58:58,3.05,-0.01,16,4880,卖盘
2286,09:58:53,3.06,--,436,133416,买盘
2287,09:58:43,3.06,0.01,18,5508,买盘
2288,09:58:38,3.05,--,1326,404430,卖盘
2289,09:58:28,3.05,--,2,610,卖盘
2290,09:58:23,3.05,--,201,61305,卖盘
2291,09:58:18,3.05,--,70,21350,卖盘
2292,09:58:13,3.05,-0.01,6,1830,卖盘
2293,09:58:08,3.06,--,96,29376,买盘
2294,09:58:03,3.06,0.01,2,612,买盘
2295,09:57:58,3.05,--,24,7320,卖盘
2296,09:57:53,3.05,--,11,3355,卖盘
2297,09:57:48,3.05,--,1,305,卖盘
2298,09:57:43,3.05,--,2,610,卖盘
2299,09:57:38,3.05,--,194,59170,卖盘
2300,09:57:33,3.05,-0.01,303,92415,卖盘
2301,09:57:28,3.06,0.01,4,1224,买盘
2302,09:57:23,3.05,--,36,10980,卖盘
2303,09:57:13,3.05,--,7,2135,卖盘
2304,09:57:08,3.05,--,93,28365,卖盘
2305,09:57:03,3.05,--,1,305,卖盘
2306,09:56:58,3.05,--,117,35685,卖盘
2307,09:56:53,3.05,-0.01,10,3050,卖盘
2308,09:56:48,3.06,0.01,8,2448,买盘
2309,09:56:43,3.05,--,23,7015,卖盘
2310,09:56:38,3.05,--,79,24095,卖盘
2311,09:56:33,3.05,--,71,21655,卖盘
2312,09:56:23,3.05,--,92,28060,卖盘
2313,09:56:18,3.05,--,1,305,卖盘
2314,09:56:13,3.05,--,101,30805,卖盘
2315,09:56:08,3.05,--,10,3050,卖盘
2316,09:56:03,3.05,--,536,163480,卖盘
2317,09:55:58,3.05,--,22,6710,卖盘
2318,09:55:53,3.05,--,283,86315,卖盘
2319,09:55:48,3.05,-0.01,2274,693570,卖盘
2320,09:55:43,3.06,0.01,10,3060,买盘
2321,09:55:38,3.05,-0.01,55,16775,卖盘
2322,09:55:33,3.06,0.01,88,26928,买盘
2323,09:55:28,3.05,--,10,3050,卖盘
2324,09:55:23,3.05,-0.01,34,10370,卖盘
2325,09:55:18,3.06,0.01,7,2142,买盘
2326,09:55:08,3.05,--,89,27145,卖盘
2327,09:55:02,3.05,-0.01,16,4880,卖盘
2328,09:54:53,3.06,0.01,142,43452,买盘
2329,09:54:48,3.05,--,131,39955,卖盘
2330,09:54:38,3.05,-0.01,9,2745,卖盘
2331,09:54:32,3.06,0.01,99,30294,买盘
2332,09:54:27,3.05,--,1,305,卖盘
2333,09:54:23,3.05,--,38,11590,卖盘
2334,09:54:17,3.05,--,82,25010,卖盘
2335,09:54:08,3.05,--,9,2745,卖盘
2336,09:54:02,3.05,-0.01,18,5490,卖盘
2337,09:53:53,3.06,0.01,10,3060,买盘
2338,09:53:47,3.05,-0.01,280,85400,卖盘
2339,09:53:38,3.06,--,190,58140,买盘
2340,09:53:32,3.06,0.01,590,180540,买盘
2341,09:53:27,3.05,--,66,20130,卖盘
2342,09:53:23,3.05,--,120,36600,卖盘
2343,09:53:17,3.05,-0.01,81,24705,卖盘
2344,09:53:12,3.06,0.01,8,2448,买盘
2345,09:53:08,3.05,-0.01,148,45140,卖盘
2346,09:53:02,3.06,0.01,46,14076,买盘
2347,09:52:52,3.05,--,64,19520,卖盘
2348,09:52:47,3.05,-0.01,201,61305,卖盘
2349,09:52:42,3.06,0.01,40,12240,买盘
2350,09:52:37,3.05,-0.01,559,170495,卖盘
2351,09:52:32,3.06,0.01,459,140454,买盘
2352,09:52:27,3.05,--,12,3660,卖盘
2353,09:52:23,3.05,--,9,2745,卖盘
2354,09:52:17,3.05,-0.01,644,196420,卖盘
2355,09:52:12,3.06,0.01,10,3060,买盘
2356,09:52:07,3.05,--,1009,307745,卖盘
2357,09:52:02,3.05,--,17,5185,卖盘
2358,09:51:52,3.05,-0.01,53,16164,卖盘
2359,09:51:47,3.06,0.01,64,19584,买盘
2360,09:51:37,3.05,-0.01,97,29585,卖盘
2361,09:51:32,3.06,0.01,6,1836,买盘
2362,09:51:27,3.05,--,30,9150,卖盘
2363,09:51:22,3.05,-0.01,9,2745,卖盘
2364,09:51:17,3.06,--,2,612,买盘
2365,09:51:12,3.06,0.01,201,61506,买盘
2366,09:51:07,3.05,--,9,2745,卖盘
2367,09:51:02,3.05,--,48,14640,卖盘
2368,09:50:52,3.05,-0.01,9,2745,卖盘
2369,09:50:47,3.06,0.01,105,32130,买盘
2370,09:50:42,3.05,-0.01,10,3050,卖盘
2371,09:50:37,3.06,0.01,109,33354,买盘
2372,09:50:32,3.05,-0.01,63,19215,卖盘
2373,09:50:27,3.06,0.01,1,306,买盘
2374,09:50:22,3.05,--,10,3050,卖盘
2375,09:50:07,3.05,--,504,153720,卖盘
2376,09:50:02,3.05,--,85,25925,卖盘
2377,09:49:57,3.05,--,9,2745,卖盘
2378,09:49:52,3.05,--,304,92720,卖盘
2379,09:49:42,3.05,--,8,2440,卖盘
2380,09:49:37,3.05,--,15,4575,卖盘
2381,09:49:27,3.05,--,313,95465,卖盘
2382,09:49:22,3.05,--,1,305,卖盘
2383,09:49:17,3.05,--,529,161448,卖盘
2384,09:49:12,3.05,--,1,305,卖盘
2385,09:49:07,3.05,--,8,2440,卖盘
2386,09:49:02,3.05,-0.01,17,5185,卖盘
2387,09:48:57,3.06,--,10,3060,买盘
2388,09:48:47,3.06,0.01,188,57528,买盘
2389,09:48:37,3.05,-0.01,8,2440,卖盘
2390,09:48:27,3.06,--,39,11934,买盘
2391,09:48:17,3.06,--,967,295902,买盘
2392,09:48:12,3.06,--,1009,308754,买盘
2393,09:48:02,3.06,--,1147,350982,买盘
2394,09:47:56,3.06,0.01,1000,306000,买盘
2395,09:47:52,3.05,-0.01,899,274195,卖盘
2396,09:47:47,3.06,--,1002,306612,买盘
2397,09:47:41,3.06,0.01,1053,322218,买盘
2398,09:47:37,3.05,--,530,161650,卖盘
2399,09:47:32,3.05,--,10,3050,卖盘
2400,09:47:26,3.05,-0.01,60,18300,卖盘
2401,09:47:21,3.06,0.01,20,6120,买盘
2402,09:47:17,3.05,--,20,6100,卖盘
2403,09:47:11,3.05,--,329,100345,卖盘
2404,09:47:06,3.05,--,166,50630,卖盘
2405,09:47:02,3.05,--,3360,1024799,卖盘
2406,09:46:56,3.05,--,41,12505,卖盘
2407,09:46:51,3.05,--,8,2440,卖盘
2408,09:46:47,3.05,--,2,610,卖盘
2409,09:46:41,3.05,--,15,4575,卖盘
2410,09:46:36,3.05,-0.01,10,3050,卖盘
2411,09:46:32,3.06,0.01,10722,3280932,买盘
2412,09:46:26,3.05,--,30,9150,卖盘
2413,09:46:21,3.05,--,18,5490,卖盘
2414,09:46:17,3.05,--,501,152805,卖盘
2415,09:46:11,3.05,--,1,305,卖盘
2416,09:46:06,3.05,--,1059,322995,卖盘
2417,09:46:02,3.05,--,243,74115,卖盘
2418,09:45:56,3.05,--,87,26535,卖盘
2419,09:45:51,3.05,--,775,236375,卖盘
2420,09:45:46,3.05,--,233,71065,卖盘
2421,09:45:41,3.05,--,114,34770,卖盘
2422,09:45:36,3.05,--,10,3050,卖盘
2423,09:45:31,3.05,--,8000,2440000,卖盘
2424,09:45:26,3.05,--,8,2440,卖盘
2425,09:45:16,3.05,--,200,61000,卖盘
2426,09:45:11,3.05,--,971,296155,卖盘
2427,09:45:06,3.05,-0.01,4,1220,卖盘
2428,09:45:01,3.06,--,360,110160,买盘
2429,09:44:56,3.06,0.01,1426,436356,买盘
2430,09:44:46,3.05,--,531,161955,卖盘
2431,09:44:41,3.05,--,12,3660,卖盘
2432,09:44:36,3.05,-0.01,7,2135,卖盘
2433,09:44:26,3.06,0.01,10,3060,买盘
2434,09:44:21,3.05,-0.01,1730,527650,卖盘
2435,09:44:16,3.06,0.01,40,12240,买盘
2436,09:44:11,3.05,--,10,3050,卖盘
2437,09:44:01,3.05,--,133,40565,卖盘
2438,09:43:56,3.05,--,612,186660,卖盘
2439,09:43:51,3.05,--,50,15250,卖盘
2440,09:43:46,3.05,--,2,610,卖盘
2441,09:43:41,3.05,--,156,47580,卖盘
2442,09:43:36,3.05,-0.01,208,63439,卖盘
2443,09:43:31,3.06,0.01,6,1836,买盘
2444,09:43:26,3.05,--,268,81740,卖盘
2445,09:43:21,3.05,-0.01,19,5795,卖盘
2446,09:43:11,3.06,0.01,9,2754,买盘
2447,09:43:06,3.05,-0.01,1,305,卖盘
2448,09:43:01,3.06,0.01,22,6732,买盘
2449,09:42:56,3.05,--,19,5795,卖盘
2450,09:42:51,3.05,-0.01,601,183305,卖盘
2451,09:42:46,3.06,0.01,1,306,买盘
2452,09:42:41,3.05,--,536,163480,卖盘
2453,09:42:36,3.05,--,38,11590,卖盘
2454,09:42:31,3.05,-0.01,43,13115,卖盘
2455,09:42:26,3.06,0.01,196,59976,买盘
2456,09:42:21,3.05,-0.01,51,15555,卖盘
2457,09:42:16,3.06,0.01,5,1530,买盘
2458,09:42:10,3.05,--,235,71675,卖盘
2459,09:42:06,3.05,--,3,915,卖盘
2460,09:42:01,3.05,-0.01,1396,425780,卖盘
2461,09:41:55,3.06,0.01,692,211752,买盘
2462,09:41:51,3.05,--,237,72285,卖盘
2463,09:41:46,3.05,--,613,186965,卖盘
2464,09:41:40,3.05,--,67,20435,卖盘
2465,09:41:36,3.05,--,10,3050,卖盘
2466,09:41:31,3.05,--,11,3355,卖盘
2467,09:41:25,3.05,--,412,125659,卖盘
2468,09:41:20,3.05,--,9,2745,卖盘
2469,09:41:10,3.05,--,409,124745,卖盘
2470,09:41:06,3.05,-0.01,301,91805,卖盘
2471,09:41:01,3.06,0.01,2018,617508,买盘
2472,09:40:55,3.05,--,38,11590,卖盘
2473,09:40:50,3.05,--,409,124745,卖盘
2474,09:40:46,3.05,--,19,5795,卖盘
2475,09:40:40,3.05,--,163,49715,卖盘
2476,09:40:35,3.05,--,123,37515,卖盘
2477,09:40:25,3.05,--,31,9455,卖盘
2478,09:40:20,3.05,--,411,125354,卖盘
2479,09:40:10,3.05,-0.01,738,225090,卖盘
2480,09:40:05,3.06,--,44,13464,买盘
2481,09:40:00,3.06,0.01,4,1224,买盘
2482,09:39:55,3.05,--,398,121390,卖盘
2483,09:39:50,3.05,--,20,6100,卖盘
2484,09:39:45,3.05,--,50,15250,卖盘
2485,09:39:40,3.05,--,157,47885,卖盘
2486,09:39:35,3.05,--,201,61305,卖盘
2487,09:39:30,3.05,-0.01,620,189100,卖盘
2488,09:39:25,3.06,0.01,581,177786,买盘
2489,09:39:20,3.05,--,108,32940,卖盘
2490,09:39:15,3.05,--,333,101565,卖盘
2491,09:39:10,3.05,--,81,24705,卖盘
2492,09:39:05,3.05,--,299,91195,卖盘
2493,09:38:55,3.05,--,59,17995,卖盘
2494,09:38:50,3.05,--,49,14945,卖盘
2495,09:38:45,3.05,--,57,17385,卖盘
2496,09:38:40,3.05,-0.01,431,131455,卖盘
2497,09:38:30,3.06,--,130,39780,买盘
2498,09:38:25,3.06,0.01,1218,372708,买盘
2499,09:38:20,3.05,-0.01,1902,580110,卖盘
2500,09:38:15,3.06,0.01,735,224910,买盘
2501,09:38:10,3.05,--,10256,3128080,卖盘
2502,09:38:05,3.05,-0.01,739,225660,卖盘
2503,09:38:00,3.06,0.01,208,63648,买盘
2504,09:37:55,3.05,--,84,25620,卖盘
2505,09:37:50,3.05,--,10122,3087210,卖盘
2506,09:37:45,3.05,-0.01,32,9760,卖盘
2507,09:37:40,3.06,0.01,916,280296,买盘
2508,09:37:35,3.05,-0.01,47,14335,卖盘
2509,09:37:30,3.06,0.01,25,7650,买盘
2510,09:37:25,3.05,--,2416,736880,卖盘
2511,09:37:20,3.05,--,314,95770,卖盘
2512,09:37:15,3.05,-0.01,17,5185,卖盘
2513,09:37:10,3.06,0.01,451,138006,买盘
2514,09:37:05,3.05,--,91,27755,卖盘
2515,09:37:00,3.05,--,210,64049,卖盘
2516,09:36:55,3.05,-0.01,2,610,卖盘
2517,09:36:50,3.06,0.01,227,69462,买盘
2518,09:36:45,3.05,-0.01,3,915,卖盘
2519,09:36:40,3.06,0.01,9,2754,买盘
2520,09:36:35,3.05,-0.01,581,177205,卖盘
2521,09:36:30,3.06,0.01,18,5508,买盘
2522,09:36:25,3.05,--,163,49715,卖盘
2523,09:36:20,3.05,--,4409,1344745,卖盘
2524,09:36:15,3.05,--,413,125964,卖盘
2525,09:36:10,3.05,--,10001,3050305,卖盘
2526,09:36:05,3.05,--,12,3660,卖盘
2527,09:36:00,3.05,--,36,10980,卖盘
2528,09:35:55,3.05,--,22,6710,卖盘
2529,09:35:50,3.05,-0.01,100,30500,卖盘
2530,09:35:45,3.06,0.01,26,7956,买盘
2531,09:35:40,3.05,--,257,78385,卖盘
2532,09:35:34,3.05,--,220,67100,卖盘
2533,09:35:30,3.05,--,228,69540,卖盘
2534,09:35:25,3.05,-0.01,208,63439,卖盘
2535,09:35:19,3.06,0.01,13,3978,买盘
2536,09:35:15,3.05,--,157,47885,卖盘
2537,09:35:10,3.05,--,21,6405,卖盘
2538,09:35:04,3.05,--,209,63744,卖盘
2539,09:35:00,3.05,--,1,305,卖盘
2540,09:34:55,3.05,--,8,2440,卖盘
2541,09:34:49,3.05,--,214,65269,卖盘
2542,09:34:44,3.05,--,58,17690,卖盘
2543,09:34:40,3.05,--,245,74725,卖盘
2544,09:34:34,3.05,--,59,17995,卖盘
2545,09:34:30,3.05,--,1,305,卖盘
2546,09:34:25,3.05,--,260,79300,卖盘
2547,09:34:19,3.05,--,25,7625,卖盘
2548,09:34:14,3.05,--,769,234545,卖盘
2549,09:34:10,3.05,-0.01,176,53680,卖盘
2550,09:34:04,3.06,--,208,63648,买盘
2551,09:33:55,3.06,0.01,10,3060,买盘
2552,09:33:49,3.05,-0.01,8,2440,卖盘
2553,09:33:44,3.06,--,53,16218,买盘
2554,09:33:40,3.06,--,108,33048,买盘
2555,09:33:34,3.06,0.01,16,4896,买盘
2556,09:33:29,3.05,--,91,27755,卖盘
2557,09:33:19,3.05,-0.01,161,49105,卖盘
2558,09:33:09,3.06,0.01,211,64566,买盘
2559,09:33:04,3.05,--,1641,500504,卖盘
2560,09:32:59,3.05,-0.01,744,226920,卖盘
2561,09:32:55,3.06,0.01,345,105570,买盘
2562,09:32:49,3.05,-0.01,435,132675,卖盘
2563,09:32:44,3.06,0.01,1099,336294,买盘
2564,09:32:39,3.05,-0.01,8,2440,卖盘
2565,09:32:34,3.06,0.01,11,3366,买盘
2566,09:32:24,3.05,--,101,30805,卖盘
2567,09:32:19,3.05,--,264,80520,卖盘
2568,09:32:14,3.05,--,1266,386130,卖盘
2569,09:32:09,3.05,--,342,104310,卖盘
2570,09:32:04,3.05,--,27,8235,卖盘
2571,09:31:54,3.05,--,200,61000,卖盘
2572,09:31:49,3.05,-0.01,579,176595,卖盘
2573,09:31:44,3.06,0.01,19,5814,买盘
2574,09:31:39,3.05,--,24,7320,卖盘
2575,09:31:34,3.05,--,14,4270,卖盘
2576,09:31:29,3.05,--,100,30500,卖盘
2577,09:31:24,3.05,-0.01,304,92720,卖盘
2578,09:31:19,3.06,--,153,46818,买盘
2579,09:31:09,3.06,0.01,73,22338,买盘
2580,09:31:04,3.05,--,123,37515,卖盘
2581,09:30:59,3.05,--,30,9150,卖盘
2582,09:30:49,3.05,-0.01,51,15555,卖盘
2583,09:30:44,3.06,0.01,56,17136,买盘
2584,09:30:39,3.05,-0.01,112,34160,卖盘
2585,09:30:34,3.06,0.01,1,306,买盘
2586,09:30:29,3.05,--,6,1830,卖盘
2587,09:30:24,3.05,-0.01,26,7929,卖盘
2588,09:30:19,3.06,--,630,192780,买盘
2589,09:30:14,3.06,0.01,163,49878,买盘
2590,09:30:09,3.05,--,1145,349225,卖盘
2591,09:30:04,3.05,--,68,20740,卖盘
2592,09:28:46,3.05,--,0,0,卖盘
2593,09:25:06,3.05,3.05,1273,388265,买盘
