,time,price,change,volume,amount,type
0,15:00:03,6.39,--,56,35784,卖盘
1,14:57:00,6.39,--,0,0,卖盘
2,14:56:51,6.39,0.03,10,6390,买盘
3,14:56:42,6.36,-0.01,100,63600,卖盘
4,14:56:27,6.37,--,3,1911,买盘
5,14:56:24,6.37,--,50,31850,买盘
6,14:56:12,6.37,-0.03,316,201292,卖盘
7,14:55:57,6.4,0.02,10,6400,买盘
8,14:55:48,6.38,--,15,9570,卖盘
9,14:55:24,6.38,-0.01,48,30624,卖盘
10,14:55:18,6.39,0.01,175,111825,买盘
11,14:55:15,6.38,-0.01,27,17226,卖盘
12,14:55:12,6.39,0.01,2,1278,买盘
13,14:55:06,6.38,--,5,3190,卖盘
14,14:54:51,6.38,--,69,44022,买盘
15,14:54:36,6.38,--,20,12760,买盘
16,14:54:21,6.38,--,2,1276,买盘
17,14:53:42,6.38,--,20,12760,买盘
18,14:53:33,6.38,0.01,30,19140,买盘
19,14:53:24,6.37,-0.01,28,17836,卖盘
20,14:53:18,6.38,--,1,638,买盘
21,14:53:12,6.38,0.01,5,3190,买盘
22,14:53:09,6.37,-0.01,9,5733,卖盘
23,14:53:00,6.38,--,51,32538,买盘
24,14:52:54,6.38,0.01,35,22330,买盘
25,14:52:45,6.37,-0.01,17,10829,卖盘
26,14:52:39,6.38,0.01,3,1914,买盘
27,14:52:30,6.37,--,30,19110,卖盘
28,14:52:27,6.37,0.01,229,145873,买盘
29,14:52:24,6.36,--,3,1908,买盘
30,14:52:15,6.36,-0.01,236,150096,卖盘
31,14:52:03,6.37,--,16,10192,买盘
32,14:52:00,6.37,--,38,24206,买盘
33,14:51:48,6.37,--,17,10829,卖盘
34,14:51:33,6.37,--,18,11466,买盘
35,14:51:18,6.37,--,77,49049,买盘
36,14:51:09,6.37,--,27,17199,买盘
37,14:51:00,6.37,0.01,5,3185,买盘
38,14:50:39,6.36,--,20,12720,卖盘
39,14:50:27,6.36,--,8,5088,卖盘
40,14:50:12,6.36,--,3,1908,买盘
41,14:49:54,6.36,--,7,4452,买盘
42,14:49:48,6.36,--,10,6360,买盘
43,14:49:42,6.36,--,10,6360,买盘
44,14:49:21,6.36,--,1,636,买盘
45,14:49:09,6.36,--,15,9540,买盘
46,14:49:06,6.36,--,10,6360,买盘
47,14:49:03,6.36,--,8,5088,买盘
48,14:48:57,6.36,-0.01,36,22896,卖盘
49,14:48:54,6.37,--,10,6370,买盘
50,14:48:27,6.37,--,1,637,买盘
51,14:48:24,6.37,--,10,6370,买盘
52,14:48:12,6.37,0.01,1,637,买盘
53,14:47:42,6.36,0.01,22,13992,买盘
54,14:47:21,6.35,--,146,92710,买盘
55,14:47:03,6.35,--,30,19050,买盘
56,14:46:54,6.35,0.01,20,12700,买盘
57,14:46:27,6.34,--,78,49452,买盘
58,14:46:24,6.34,--,3,1902,买盘
59,14:45:57,6.34,-0.01,3,1902,卖盘
60,14:45:42,6.35,0.01,2,1270,买盘
61,14:45:27,6.34,--,15,9510,卖盘
62,14:45:24,6.34,--,6,3804,卖盘
63,14:45:21,6.34,--,10,6340,卖盘
64,14:45:18,6.34,--,12,7608,卖盘
65,14:45:03,6.34,--,40,25360,卖盘
66,14:44:33,6.34,-0.01,20,12680,卖盘
67,14:44:27,6.35,--,1,635,买盘
68,14:44:00,6.35,--,20,12700,买盘
69,14:43:39,6.35,--,17,10795,买盘
70,14:43:24,6.35,--,1,635,买盘
71,14:43:15,6.35,--,15,9525,买盘
72,14:43:00,6.35,--,20,12700,买盘
73,14:42:21,6.35,--,114,72390,买盘
74,14:41:45,6.35,-0.01,1,635,中性盘
75,14:41:39,6.36,0.02,2,1272,买盘
76,14:40:51,6.34,--,6,3804,买盘
77,14:40:48,6.34,--,10,6340,买盘
78,14:40:42,6.34,--,20,12680,买盘
79,14:40:30,6.34,--,3,1902,买盘
80,14:40:24,6.34,--,34,21556,买盘
81,14:40:18,6.34,0.01,3,1902,买盘
82,14:40:09,6.33,-0.01,12,7596,卖盘
83,14:39:54,6.34,--,20,12680,买盘
84,14:39:45,6.34,--,7,4438,买盘
85,14:39:33,6.34,--,7,4438,买盘
86,14:39:24,6.34,--,5,3170,买盘
87,14:39:21,6.34,-0.01,163,103342,卖盘
88,14:39:15,6.35,0.01,23,14605,中性盘
89,14:38:24,6.34,--,31,19654,卖盘
90,14:38:21,6.34,-0.01,20,12680,卖盘
91,14:38:18,6.35,0.01,2,1270,买盘
92,14:38:00,6.34,--,11,6974,买盘
93,14:37:39,6.34,0.02,2,1268,买盘
94,14:37:36,6.32,-0.01,50,31600,卖盘
95,14:37:30,6.33,-0.01,11,6963,卖盘
96,14:37:27,6.34,0.01,5,3170,买盘
97,14:37:18,6.33,0.01,0,576,中性盘
98,14:36:57,6.32,-0.01,35,22120,卖盘
99,14:36:54,6.33,0.01,6,3798,买盘
100,14:36:36,6.32,-0.01,5,3160,卖盘
101,14:36:27,6.33,0.01,6,3798,买盘
102,14:36:09,6.32,--,20,12640,买盘
103,14:36:00,6.32,--,12,7584,买盘
104,14:35:57,6.32,--,113,71416,买盘
105,14:35:51,6.32,0.01,75,47400,买盘
106,14:35:33,6.31,--,38,23978,卖盘
107,14:35:30,6.31,-0.01,8,5048,卖盘
108,14:35:27,6.32,0.01,15,9480,买盘
109,14:35:24,6.31,--,44,27764,卖盘
110,14:35:12,6.31,--,1,631,卖盘
111,14:34:54,6.31,-0.01,25,15774,卖盘
112,14:34:48,6.32,0.01,1,632,中性盘
113,14:34:36,6.31,-0.01,57,35967,卖盘
114,14:34:30,6.32,--,60,37920,卖盘
115,14:34:24,6.32,-0.01,73,46136,卖盘
116,14:34:15,6.33,0.01,15,9495,买盘
117,14:34:09,6.32,-0.01,879,555528,卖盘
118,14:34:03,6.33,--,3,1899,买盘
119,14:33:51,6.33,--,5,3165,买盘
120,14:33:39,6.33,--,113,71529,卖盘
121,14:33:36,6.33,-0.01,30,18990,卖盘
122,14:33:33,6.34,0.01,3,1902,买盘
123,14:33:30,6.33,--,626,396258,卖盘
124,14:33:21,6.33,--,20,12660,卖盘
125,14:33:18,6.33,--,6,3798,卖盘
126,14:33:06,6.33,--,24,15192,卖盘
127,14:32:54,6.33,--,59,37347,卖盘
128,14:32:51,6.33,--,7,4431,卖盘
129,14:32:21,6.33,-0.01,6,3798,卖盘
130,14:31:57,6.34,--,31,19654,卖盘
131,14:31:21,6.34,--,19,12046,买盘
132,14:31:18,6.34,--,10,6340,买盘
133,14:31:03,6.34,--,21,13314,买盘
134,14:30:48,6.34,0.01,2,1268,买盘
135,14:30:45,6.33,-0.01,169,106977,卖盘
136,14:30:30,6.34,0.01,7,4438,买盘
137,14:30:24,6.33,--,1,633,卖盘
138,14:30:03,6.33,-0.01,80,50640,卖盘
139,14:29:57,6.34,--,50,31700,卖盘
140,14:28:51,6.34,--,30,19020,卖盘
141,14:28:48,6.34,-0.01,6,3804,卖盘
142,14:28:45,6.35,--,3,1905,买盘
143,14:28:39,6.35,0.01,5,3175,中性盘
144,14:28:33,6.34,-0.01,133,84322,卖盘
145,14:28:30,6.35,-0.01,135,85725,卖盘
146,14:28:15,6.36,--,5,3180,买盘
147,14:27:57,6.36,--,3,1908,买盘
148,14:27:48,6.36,--,21,13356,买盘
149,14:27:03,6.36,--,8,5088,买盘
150,14:26:57,6.36,--,65,41340,卖盘
151,14:26:39,6.36,--,96,61056,卖盘
152,14:26:15,6.36,--,122,77592,买盘
153,14:26:12,6.36,--,3,1908,买盘
154,14:26:06,6.36,--,1,636,买盘
155,14:26:03,6.36,--,8,5088,买盘
156,14:25:48,6.36,0.01,4,2544,买盘
157,14:25:27,6.35,--,10,6350,卖盘
158,14:25:24,6.35,--,5,3175,卖盘
159,14:25:15,6.35,0.01,14,8890,买盘
160,14:24:00,6.34,--,3,1902,卖盘
161,14:23:30,6.34,--,26,16484,卖盘
162,14:23:24,6.34,--,7,4438,买盘
163,14:23:21,6.34,0.01,10,6340,中性盘
164,14:23:18,6.33,-0.01,111,70263,卖盘
165,14:23:06,6.34,--,6,3804,买盘
166,14:23:00,6.34,0.01,48,30432,买盘
167,14:22:51,6.33,--,45,28485,卖盘
168,14:22:42,6.33,--,7,4431,卖盘
169,14:22:27,6.33,--,2,1266,卖盘
170,14:22:21,6.33,-0.01,30,18990,卖盘
171,14:22:06,6.34,--,201,127434,买盘
172,14:21:54,6.34,--,7,4438,卖盘
173,14:21:36,6.34,-0.01,269,170546,卖盘
174,14:21:27,6.35,-0.01,10,6350,卖盘
175,14:21:18,6.36,--,3,1908,买盘
176,14:21:00,6.36,--,71,45156,卖盘
177,14:20:54,6.36,--,20,12720,卖盘
178,14:20:51,6.36,--,30,19080,卖盘
179,14:20:48,6.36,-0.01,20,12720,卖盘
180,14:20:36,6.37,-0.01,22,14014,卖盘
181,14:20:12,6.38,-0.01,29,18502,卖盘
182,14:19:51,6.39,--,193,123710,卖盘
183,14:19:42,6.39,--,117,74763,卖盘
184,14:19:30,6.39,--,11,7029,卖盘
185,14:19:12,6.39,-0.01,24,15336,卖盘
186,14:18:57,6.4,--,30,19200,买盘
187,14:18:45,6.4,--,342,219232,卖盘
188,14:18:36,6.4,-0.01,5,3200,卖盘
189,14:17:30,6.41,--,4,2564,买盘
190,14:17:27,6.41,-0.01,10,6410,卖盘
191,14:17:03,6.42,--,5,3210,买盘
192,14:16:15,6.42,--,9,5778,卖盘
193,14:16:00,6.42,0.02,52,33384,买盘
194,14:15:54,6.4,-0.02,2,1280,卖盘
195,14:15:51,6.42,--,10,6420,买盘
196,14:15:39,6.42,0.02,7,4494,买盘
197,14:14:45,6.4,-0.01,50,32000,卖盘
198,14:14:27,6.41,--,1,897,买盘
199,14:14:03,6.41,0.01,14,8974,买盘
200,14:13:27,6.4,--,42,26880,卖盘
201,14:13:21,6.4,--,15,9600,卖盘
202,14:13:15,6.4,--,340,217600,卖盘
203,14:13:12,6.4,-0.01,10,6400,卖盘
204,14:13:06,6.41,0.01,2,1282,买盘
205,14:12:51,6.4,--,100,64000,卖盘
206,14:12:48,6.4,--,4,2560,卖盘
207,14:12:18,6.4,--,24,15392,卖盘
208,14:11:57,6.4,--,5,3200,卖盘
209,14:11:48,6.4,-0.01,4,2560,卖盘
210,14:11:45,6.41,0.01,5,3205,买盘
211,14:11:36,6.4,--,50,32000,卖盘
212,14:11:18,6.4,--,20,12800,卖盘
213,14:10:33,6.4,--,10,6400,卖盘
214,14:09:45,6.4,-0.01,100,64000,卖盘
215,14:09:42,6.41,-0.01,316,202940,卖盘
216,14:09:15,6.42,--,5,3210,买盘
217,14:08:54,6.42,--,10,6420,买盘
218,14:07:57,6.42,--,15,9630,买盘
219,14:07:54,6.42,--,92,59064,卖盘
220,14:07:21,6.42,--,11,7062,卖盘
221,14:07:12,6.42,-0.01,1,642,卖盘
222,14:07:03,6.43,--,15,9645,买盘
223,14:05:54,6.43,0.02,2,1286,买盘
224,14:03:21,6.41,--,13,8333,卖盘
225,14:02:54,6.41,--,2,1282,卖盘
226,14:02:06,6.41,-0.01,2,1282,卖盘
227,14:01:42,6.42,0.01,18,11556,买盘
228,14:00:39,6.41,--,40,25896,买盘
229,13:59:48,6.41,--,3,1923,买盘
230,13:59:39,6.41,--,7,4487,买盘
231,13:59:18,6.41,--,30,19230,买盘
232,13:58:12,6.41,0.01,5,3205,买盘
233,13:57:45,6.4,-0.01,10,6400,卖盘
234,13:57:33,6.41,0.01,6,3846,买盘
235,13:57:03,6.4,--,10,6400,卖盘
236,13:56:54,6.4,-0.01,20,12800,卖盘
237,13:56:27,6.41,--,32,20896,卖盘
238,13:56:09,6.41,-0.01,50,32050,卖盘
239,13:56:06,6.42,--,10,6420,买盘
240,13:55:57,6.42,--,2,1284,买盘
241,13:55:39,6.42,--,18,11556,卖盘
242,13:55:03,6.42,--,40,25680,卖盘
243,13:54:45,6.42,--,10,6420,卖盘
244,13:53:51,6.42,--,1,642,卖盘
245,13:53:39,6.42,-0.01,100,64200,卖盘
246,13:53:21,6.43,--,13,8359,卖盘
247,13:53:03,6.43,0.01,1,643,中性盘
248,13:52:03,6.42,-0.02,96,61632,卖盘
249,13:51:42,6.44,0.01,80,51520,买盘
250,13:50:15,6.43,0.01,175,112525,买盘
251,13:49:51,6.42,--,15,9630,卖盘
252,13:49:48,6.42,--,50,32100,卖盘
253,13:49:36,6.42,--,6,3852,卖盘
254,13:48:48,6.42,-0.01,39,25038,卖盘
255,13:48:30,6.43,0.01,20,12860,买盘
256,13:48:21,6.42,--,13,8346,卖盘
257,13:48:09,6.42,-0.01,30,19260,卖盘
258,13:47:36,6.43,--,20,12860,买盘
259,13:46:42,6.43,--,10,6430,买盘
260,13:46:36,6.43,--,1,643,买盘
261,13:46:12,6.43,--,44,28292,卖盘
262,13:46:00,6.43,--,10,6430,卖盘
263,13:44:51,6.43,--,5,3215,卖盘
264,13:44:12,6.43,0.01,8,5144,买盘
265,13:44:09,6.42,--,10,6420,中性盘
266,13:43:21,6.42,--,13,8346,卖盘
267,13:42:54,6.42,--,10,6420,卖盘
268,13:42:42,6.42,-0.01,102,65484,卖盘
269,13:42:39,6.43,--,10,6430,买盘
270,13:42:24,6.43,0.01,1,643,买盘
271,13:42:09,6.42,--,13,8346,卖盘
272,13:41:54,6.42,-0.01,6,3852,卖盘
273,13:41:21,6.43,--,20,12860,买盘
274,13:41:15,6.43,--,32,20576,卖盘
275,13:41:06,6.43,-0.01,156,100308,卖盘
276,13:40:51,6.44,-0.01,62,39928,卖盘
277,13:40:48,6.45,0.01,10,6450,买盘
278,13:40:39,6.44,--,130,83720,卖盘
279,13:40:30,6.44,--,1,644,卖盘
280,13:39:57,6.44,--,5,3220,卖盘
281,13:39:24,6.44,--,36,23184,买盘
282,13:39:03,6.44,--,36,23184,买盘
283,13:38:33,6.44,0.01,1,644,买盘
284,13:38:21,6.43,--,13,8359,卖盘
285,13:37:54,6.43,0.01,76,48868,买盘
286,13:37:51,6.42,-0.01,25,16050,卖盘
287,13:37:39,6.43,--,17,10931,买盘
288,13:37:36,6.43,--,42,27006,买盘
289,13:37:18,6.43,--,7,4501,买盘
290,13:37:03,6.43,0.01,10,6430,买盘
291,13:36:30,6.42,--,1,642,买盘
292,13:36:24,6.42,--,5,3210,买盘
293,13:36:15,6.42,--,55,35310,买盘
294,13:36:00,6.42,--,8,5136,买盘
295,13:35:39,6.42,--,60,38520,买盘
296,13:35:03,6.42,0.01,1,642,买盘
297,13:33:36,6.41,--,16,10256,卖盘
298,13:33:30,6.41,--,15,9615,卖盘
299,13:33:21,6.41,--,14,8974,卖盘
300,13:32:57,6.41,-0.01,1,641,卖盘
301,13:32:36,6.42,0.01,3,1926,买盘
302,13:32:27,6.41,-0.01,20,12820,卖盘
303,13:32:15,6.42,--,2,1284,买盘
304,13:32:09,6.42,--,28,17976,卖盘
305,13:31:33,6.42,--,14,8988,买盘
306,13:31:12,6.42,--,20,12840,买盘
307,13:31:09,6.42,--,30,19260,买盘
308,13:31:03,6.42,--,15,9630,买盘
309,13:30:27,6.42,0.01,18,11556,买盘
310,13:29:27,6.41,--,39,24999,卖盘
311,13:29:09,6.41,0.01,1,897,买盘
312,13:28:45,6.4,-0.01,10,6400,卖盘
313,13:28:21,6.41,--,12,8076,卖盘
314,13:27:21,6.41,--,10,6410,卖盘
315,13:27:09,6.41,--,1,641,卖盘
316,13:26:45,6.41,--,6,4102,买盘
317,13:25:42,6.41,0.01,20,12820,买盘
318,13:25:30,6.4,--,12,7680,卖盘
319,13:25:15,6.4,-0.01,23,14720,卖盘
320,13:24:00,6.41,--,5,3205,买盘
321,13:23:42,6.41,-0.01,123,78843,卖盘
322,13:22:51,6.42,--,68,43656,卖盘
323,13:22:42,6.42,-0.01,20,12840,卖盘
324,13:21:57,6.43,--,30,19290,买盘
325,13:21:33,6.43,--,30,19290,买盘
326,13:21:03,6.43,--,8,5144,买盘
327,13:20:42,6.43,--,3,1929,买盘
328,13:20:39,6.43,0.01,23,14789,买盘
329,13:20:24,6.42,--,9,5778,卖盘
330,13:20:15,6.42,--,32,20544,买盘
331,13:19:09,6.42,--,4,2568,买盘
332,13:19:06,6.42,--,22,14124,买盘
333,13:18:45,6.42,--,4,2568,买盘
334,13:18:42,6.42,-0.01,1,642,卖盘
335,13:18:06,6.43,--,2,1286,买盘
336,13:17:57,6.43,--,44,28292,买盘
337,13:17:45,6.43,0.02,61,39223,买盘
338,13:16:48,6.41,-0.01,5,3205,卖盘
339,13:16:12,6.42,--,5,3210,卖盘
340,13:16:06,6.42,0.01,11,7062,买盘
341,13:16:03,6.41,-0.01,13,8333,卖盘
342,13:15:51,6.42,--,32,20544,买盘
343,13:15:15,6.42,0.01,4,2568,买盘
344,13:14:48,6.41,--,4,2564,买盘
345,13:14:15,6.41,--,11,7051,卖盘
346,13:13:51,6.41,--,1,641,卖盘
347,13:13:39,6.41,--,9,5769,买盘
348,13:13:21,6.41,0.01,2,1282,买盘
349,13:12:57,6.4,-0.01,27,17280,卖盘
350,13:12:03,6.41,0.02,5,3205,中性盘
351,13:11:03,6.39,-0.01,10,6390,卖盘
352,13:10:48,6.4,-0.02,7,4480,卖盘
353,13:10:36,6.42,0.02,11,7062,买盘
354,13:09:42,6.4,-0.02,5,3200,卖盘
355,13:09:12,6.42,0.02,3,1926,买盘
356,13:08:57,6.4,--,1,640,卖盘
357,13:07:45,6.4,--,2,1280,买盘
358,13:07:21,6.4,0.01,50,32000,买盘
359,13:06:57,6.39,-0.01,23,14697,卖盘
360,13:05:57,6.4,--,4,2560,买盘
361,13:05:30,6.4,0.01,5,3200,买盘
362,13:04:45,6.39,-0.01,15,9585,卖盘
363,13:03:27,6.4,0.01,2,1280,买盘
364,13:03:24,6.39,-0.01,52,33228,卖盘
365,13:02:36,6.4,--,15,9600,买盘
366,13:02:30,6.4,0.01,20,12800,买盘
367,13:01:36,6.39,--,23,14952,卖盘
368,13:01:30,6.39,--,1,639,卖盘
369,13:01:24,6.39,--,6,3834,买盘
370,13:01:12,6.39,--,4,2556,卖盘
371,13:00:30,6.39,-0.01,1,639,卖盘
372,13:00:06,6.4,--,743,475520,卖盘
373,13:00:03,6.4,--,328,209920,卖盘
374,13:00:00,6.4,--,0,0,卖盘
375,11:30:00,6.4,--,0,0,卖盘
376,11:29:54,6.4,-0.01,5,3200,卖盘
377,11:29:51,6.41,0.01,19,12179,买盘
378,11:29:45,6.4,--,5,3200,卖盘
379,11:29:39,6.4,--,7,4480,卖盘
380,11:29:36,6.4,--,5,3200,卖盘
381,11:29:27,6.4,--,5,3200,卖盘
382,11:29:21,6.4,--,1,640,卖盘
383,11:29:12,6.4,-0.01,5,3200,卖盘
384,11:28:39,6.41,-0.01,226,144866,卖盘
385,11:28:33,6.42,--,1,642,买盘
386,11:28:18,6.42,--,2,1284,买盘
387,11:28:03,6.42,-0.01,2,1284,卖盘
388,11:27:57,6.43,--,2,1286,买盘
389,11:27:45,6.43,0.01,291,187113,卖盘
390,11:27:09,6.42,--,210,134820,买盘
391,11:27:03,6.42,--,17,10914,买盘
392,11:26:51,6.42,--,12,7704,买盘
393,11:26:48,6.42,--,22,14124,卖盘
394,11:26:24,6.42,-0.02,100,64200,卖盘
395,11:25:39,6.44,--,60,38640,买盘
396,11:25:27,6.44,0.01,3,1932,买盘
397,11:25:24,6.43,0.01,5,3215,中性盘
398,11:24:33,6.42,-0.01,123,78966,卖盘
399,11:24:27,6.43,--,1,643,卖盘
400,11:24:24,6.43,--,40,25720,买盘
401,11:24:18,6.43,--,2,1286,买盘
402,11:24:09,6.43,--,14,9002,卖盘
403,11:24:00,6.43,--,68,44109,卖盘
404,11:23:36,6.43,--,3,1929,卖盘
405,11:22:30,6.43,-0.01,58,37294,卖盘
406,11:22:06,6.44,0.01,30,19320,买盘
407,11:22:03,6.43,--,100,64300,卖盘
408,11:21:48,6.43,--,20,12860,卖盘
409,11:21:21,6.43,--,38,24691,买盘
410,11:21:03,6.43,--,10,6430,买盘
411,11:21:00,6.43,--,5,3215,买盘
412,11:20:42,6.43,--,3,1929,买盘
413,11:20:36,6.43,--,123,79474,卖盘
414,11:20:21,6.43,--,2,1286,卖盘
415,11:20:00,6.43,--,14,9259,买盘
416,11:19:57,6.43,--,30,19290,买盘
417,11:19:48,6.43,--,100,64300,买盘
418,11:19:39,6.43,--,4,2957,卖盘
419,11:19:36,6.43,--,5,3215,卖盘
420,11:19:18,6.43,--,30,19290,卖盘
421,11:19:12,6.43,--,60,38837,买盘
422,11:18:45,6.43,--,101,64943,买盘
423,11:18:36,6.43,--,0,385,卖盘
424,11:18:21,6.43,--,22,14146,卖盘
425,11:18:00,6.43,0.01,77,49768,买盘
426,11:17:51,6.42,--,1,642,卖盘
427,11:17:36,6.42,-0.01,2,1284,卖盘
428,11:17:03,6.43,--,54,35107,卖盘
429,11:16:48,6.43,0.01,10,6687,买盘
430,11:16:24,6.42,--,73,46866,卖盘
431,11:16:18,6.42,0.01,6,3852,买盘
432,11:16:03,6.41,-0.02,5,3205,卖盘
433,11:15:36,6.43,--,131,84618,卖盘
434,11:15:33,6.43,--,3,1929,卖盘
435,11:15:30,6.43,--,6,3858,卖盘
436,11:15:21,6.43,-0.01,32,20833,卖盘
437,11:15:00,6.44,0.01,2,1288,卖盘
438,11:14:54,6.43,--,20,12860,卖盘
439,11:14:51,6.43,-0.01,81,52083,卖盘
440,11:14:45,6.44,--,24,15456,买盘
441,11:14:24,6.44,--,6,3864,卖盘
442,11:14:03,6.44,--,25,16100,买盘
443,11:14:00,6.44,0.01,5,3220,买盘
444,11:13:54,6.43,0.02,8,5144,中性盘
445,11:13:48,6.41,--,2,1282,卖盘
446,11:13:27,6.41,--,3,1923,买盘
447,11:13:18,6.41,0.01,8,5128,买盘
448,11:13:06,6.4,-0.01,67,42880,卖盘
449,11:12:48,6.41,0.01,19,12179,买盘
450,11:12:42,6.4,-0.01,200,128000,卖盘
451,11:12:33,6.41,--,81,51921,买盘
452,11:12:24,6.41,--,60,38460,卖盘
453,11:12:18,6.41,--,19,12179,卖盘
454,11:12:15,6.41,--,10,6410,卖盘
455,11:12:12,6.41,--,75,48075,卖盘
456,11:11:42,6.41,--,281,180121,卖盘
457,11:11:18,6.41,--,6,3846,卖盘
458,11:11:15,6.41,--,200,128200,卖盘
459,11:11:12,6.41,--,100,64100,卖盘
460,11:11:09,6.41,-0.01,16,10256,卖盘
461,11:11:06,6.42,--,20,12840,买盘
462,11:11:03,6.42,--,10,6420,买盘
463,11:11:00,6.42,0.01,60,38520,买盘
464,11:10:39,6.41,--,159,101919,卖盘
465,11:10:33,6.41,--,10,6410,卖盘
466,11:10:30,6.41,-0.01,38,24358,卖盘
467,11:10:27,6.42,--,10,6420,买盘
468,11:10:24,6.42,0.01,10,6420,买盘
469,11:10:21,6.41,--,17,10897,卖盘
470,11:10:15,6.41,--,10,6410,卖盘
471,11:10:06,6.41,--,28,17948,卖盘
472,11:09:54,6.41,-0.01,16,10256,卖盘
473,11:09:30,6.42,--,211,135462,买盘
474,11:09:24,6.42,--,16,10272,买盘
475,11:09:12,6.42,--,565,362730,卖盘
476,11:09:09,6.42,--,3,1926,卖盘
477,11:09:06,6.42,--,65,41730,卖盘
478,11:09:03,6.42,--,68,43656,卖盘
479,11:08:57,6.42,-0.04,14,8988,卖盘
480,11:08:45,6.46,0.04,19,12274,买盘
481,11:08:42,6.42,-0.01,577,370434,卖盘
482,11:08:33,6.43,-0.03,50,32150,卖盘
483,11:08:21,6.46,0.03,20,12920,买盘
484,11:08:09,6.43,-0.03,26,16718,卖盘
485,11:08:06,6.46,--,72,46512,卖盘
486,11:07:45,6.46,--,22,14212,买盘
487,11:07:42,6.46,--,10,6460,买盘
488,11:07:36,6.46,0.04,100,64600,买盘
489,11:07:30,6.42,--,32,20544,卖盘
490,11:07:12,6.42,-0.04,4125,2648250,卖盘
491,11:07:03,6.46,--,339,218994,卖盘
492,11:06:45,6.46,-0.01,160,103360,卖盘
493,11:06:36,6.47,--,54,34938,卖盘
494,11:06:30,6.47,--,203,131341,卖盘
495,11:06:21,6.47,--,50,32350,卖盘
496,11:06:15,6.47,-0.01,60,38820,卖盘
497,11:06:12,6.48,--,33,21384,卖盘
498,11:05:48,6.48,-0.01,6,3888,卖盘
499,11:05:24,6.49,0.01,15,9735,买盘
500,11:04:39,6.48,--,2,1296,买盘
501,11:04:24,6.48,-0.01,10,6480,中性盘
502,11:03:45,6.49,0.02,18,11682,买盘
503,11:03:39,6.47,-0.01,600,388200,卖盘
504,11:03:27,6.48,0.01,2,1296,中性盘
505,11:03:09,6.47,--,32,20704,卖盘
506,11:02:57,6.47,-0.03,30,19410,卖盘
507,11:02:12,6.5,0.03,61,39650,买盘
508,11:02:06,6.47,--,20,12940,卖盘
509,11:01:15,6.47,-0.03,89,57583,卖盘
510,11:01:12,6.5,0.02,21,13650,买盘
511,11:01:09,6.48,-0.02,50,32400,卖盘
512,11:01:00,6.5,0.02,10,6500,买盘
513,11:00:51,6.48,--,10,6480,卖盘
514,11:00:42,6.48,-0.01,18,11664,卖盘
515,11:00:39,6.49,0.01,94,61006,买盘
516,11:00:27,6.48,--,55,35640,卖盘
517,11:00:21,6.48,-0.01,50,32400,卖盘
518,11:00:15,6.49,--,41,26609,卖盘
519,11:00:12,6.49,--,9,5841,买盘
520,11:00:03,6.49,0.01,27,17523,买盘
521,11:00:00,6.48,-0.01,5,3240,卖盘
522,10:59:45,6.49,0.01,50,32450,买盘
523,10:59:36,6.48,--,13,8424,卖盘
524,10:58:48,6.48,--,20,12960,卖盘
525,10:58:39,6.48,--,7,4536,卖盘
526,10:58:27,6.48,--,8,5184,卖盘
527,10:58:12,6.48,--,109,70632,卖盘
528,10:57:54,6.48,-0.01,28,18144,卖盘
529,10:57:51,6.49,--,30,19470,卖盘
530,10:57:45,6.49,0.01,47,30503,买盘
531,10:57:36,6.48,--,10,6480,卖盘
532,10:57:30,6.48,--,49,31752,卖盘
533,10:57:27,6.48,--,15,9720,卖盘
534,10:57:18,6.48,--,11,7128,卖盘
535,10:57:15,6.48,--,46,30086,卖盘
536,10:57:09,6.48,--,10,6480,卖盘
537,10:57:06,6.48,--,8,5184,卖盘
538,10:57:00,6.48,--,64,41472,卖盘
539,10:56:51,6.48,--,147,95515,买盘
540,10:56:36,6.48,-0.01,252,163684,卖盘
541,10:56:33,6.49,--,34,22066,卖盘
542,10:56:30,6.49,0.01,56,36344,中性盘
543,10:56:24,6.48,--,16,10368,卖盘
544,10:56:18,6.48,-0.01,60,38880,卖盘
545,10:56:06,6.49,0.01,44,28880,买盘
546,10:56:03,6.48,--,10,6480,卖盘
547,10:55:54,6.48,--,4,2592,卖盘
548,10:55:51,6.48,--,17,11016,卖盘
549,10:55:48,6.48,-0.01,3,1944,卖盘
550,10:55:45,6.49,0.01,116,75284,买盘
551,10:55:36,6.48,--,21,13608,卖盘
552,10:55:33,6.48,--,20,12960,卖盘
553,10:55:27,6.48,--,106,68688,卖盘
554,10:55:15,6.48,-0.01,160,103680,卖盘
555,10:55:09,6.49,--,47,30827,卖盘
556,10:55:06,6.49,--,84,54516,卖盘
557,10:55:00,6.49,--,48,31152,卖盘
558,10:54:54,6.49,-0.02,30,19470,卖盘
559,10:54:51,6.51,0.03,90,58915,买盘
560,10:54:48,6.48,--,30,19440,卖盘
561,10:54:39,6.48,-0.02,108,69984,卖盘
562,10:54:18,6.5,--,126,81900,卖盘
563,10:54:15,6.5,0.02,303,197535,买盘
564,10:54:06,6.48,-0.01,15,9720,卖盘
565,10:54:03,6.49,0.01,31,20119,中性盘
566,10:54:00,6.48,-0.01,869,563112,卖盘
567,10:53:51,6.49,0.01,42,27258,买盘
568,10:53:39,6.48,-0.01,27,17496,卖盘
569,10:53:33,6.49,--,827,536723,卖盘
570,10:53:18,6.49,--,16,10384,卖盘
571,10:53:06,6.49,--,18,11682,卖盘
572,10:53:03,6.49,--,6,3894,卖盘
573,10:52:54,6.49,-0.02,700,454559,卖盘
574,10:52:51,6.51,0.01,57,37107,买盘
575,10:52:48,6.5,--,30,19500,卖盘
576,10:52:42,6.5,--,62,40300,卖盘
577,10:52:39,6.5,--,17,11050,卖盘
578,10:52:33,6.5,--,8,5200,卖盘
579,10:52:06,6.5,--,20,13000,卖盘
580,10:51:54,6.5,--,32,20800,卖盘
581,10:51:27,6.5,-0.01,160,104000,卖盘
582,10:51:21,6.51,0.01,10,6510,买盘
583,10:51:15,6.5,--,50,32500,卖盘
584,10:51:09,6.5,-0.01,200,130000,卖盘
585,10:51:00,6.51,--,10,6510,买盘
586,10:50:51,6.51,0.01,3,1953,买盘
587,10:50:36,6.5,-0.01,39,25350,卖盘
588,10:50:24,6.51,0.01,2,1302,买盘
589,10:49:42,6.5,--,51,33150,卖盘
590,10:49:30,6.5,-0.01,14,9100,卖盘
591,10:49:21,6.51,--,20,13020,买盘
592,10:49:00,6.51,0.01,51,33201,中性盘
593,10:48:36,6.5,--,20,13000,卖盘
594,10:48:21,6.5,--,30,19500,卖盘
595,10:48:18,6.5,--,10,6500,卖盘
596,10:47:39,6.5,-0.02,32,20800,卖盘
597,10:47:30,6.52,0.01,10,6520,买盘
598,10:47:12,6.51,--,5,3255,卖盘
599,10:47:06,6.51,0.01,1,651,买盘
600,10:46:54,6.5,--,6,3900,卖盘
601,10:46:42,6.5,--,23,14950,卖盘
602,10:46:30,6.5,--,16,10400,卖盘
603,10:45:51,6.5,--,32,20800,卖盘
604,10:44:57,6.5,-0.02,69,44850,卖盘
605,10:44:30,6.52,--,13,8476,买盘
606,10:44:15,6.52,0.01,16,10432,买盘
607,10:44:06,6.51,-0.01,10,6510,卖盘
608,10:43:48,6.52,0.01,2,1304,买盘
609,10:43:36,6.51,-0.01,30,19530,卖盘
610,10:43:30,6.52,--,61,39772,买盘
611,10:43:18,6.52,0.01,1,652,中性盘
612,10:43:03,6.51,--,19,12369,卖盘
613,10:42:54,6.51,--,10,6510,卖盘
614,10:42:48,6.51,-0.01,40,26040,卖盘
615,10:42:36,6.52,--,64,41728,卖盘
616,10:42:33,6.52,--,64,41728,卖盘
617,10:42:30,6.52,-0.02,18,11736,卖盘
618,10:42:21,6.54,0.02,2,1308,买盘
619,10:41:57,6.52,-0.01,180,117359,卖盘
620,10:41:42,6.53,--,1,653,卖盘
621,10:41:36,6.53,--,250,163250,卖盘
622,10:41:33,6.53,--,176,114928,买盘
623,10:41:18,6.53,0.01,150,98341,买盘
624,10:39:39,6.52,--,42,27384,买盘
625,10:39:24,6.52,--,23,14995,买盘
626,10:38:48,6.52,0.02,5,3260,买盘
627,10:38:42,6.5,-0.02,10,6500,卖盘
628,10:38:15,6.52,0.01,89,58027,买盘
629,10:38:09,6.51,--,30,19530,买盘
630,10:37:54,6.51,--,27,17577,卖盘
631,10:37:51,6.51,0.01,3,1953,中性盘
632,10:37:42,6.5,--,32,20800,卖盘
633,10:36:54,6.5,-0.01,44,28600,卖盘
634,10:36:51,6.51,--,20,13020,卖盘
635,10:36:48,6.51,--,10,6510,卖盘
636,10:36:30,6.51,0.01,10,6510,中性盘
637,10:36:03,6.5,-0.01,20,13000,卖盘
638,10:35:57,6.51,--,9,5859,买盘
639,10:35:48,6.51,--,20,13020,买盘
640,10:35:39,6.51,-0.01,113,73563,卖盘
641,10:35:36,6.52,0.01,1,652,买盘
642,10:35:18,6.51,-0.01,32,20832,卖盘
643,10:35:00,6.52,--,20,13040,买盘
644,10:34:12,6.52,0.02,7,4564,买盘
645,10:34:03,6.5,-0.01,32,20800,卖盘
646,10:33:57,6.51,--,5,3255,卖盘
647,10:33:54,6.51,-0.01,10,6510,卖盘
648,10:33:48,6.52,0.01,1,652,买盘
649,10:33:45,6.51,--,1,651,中性盘
650,10:33:30,6.51,--,8,5208,卖盘
651,10:33:12,6.51,-0.01,16,10416,中性盘
652,10:32:57,6.52,--,149,97148,买盘
653,10:32:51,6.52,0.01,2,1304,买盘
654,10:32:48,6.51,-0.01,5,3255,卖盘
655,10:32:27,6.52,--,30,19560,买盘
656,10:32:12,6.52,0.01,5,3260,买盘
657,10:32:09,6.51,--,15,9771,买盘
658,10:32:06,6.51,0.01,1,651,买盘
659,10:31:57,6.5,-0.01,15,9750,卖盘
660,10:31:51,6.51,--,5,3255,买盘
661,10:31:42,6.51,0.01,6,3906,买盘
662,10:31:39,6.5,-0.01,35,22750,卖盘
663,10:31:24,6.51,--,5,3255,买盘
664,10:31:18,6.51,--,7,4557,买盘
665,10:31:12,6.51,--,6,3906,买盘
666,10:31:09,6.51,--,564,367808,卖盘
667,10:31:03,6.51,-0.01,32,20832,卖盘
668,10:31:00,6.52,0.01,50,32599,买盘
669,10:30:51,6.51,--,6,3906,卖盘
670,10:30:45,6.51,-0.01,13,8463,卖盘
671,10:30:42,6.52,0.01,6,3911,买盘
672,10:30:33,6.51,--,41,26691,卖盘
673,10:30:30,6.51,--,32,20832,卖盘
674,10:30:15,6.51,--,20,13020,卖盘
675,10:30:12,6.51,--,40,26040,卖盘
676,10:30:09,6.51,--,60,39060,卖盘
677,10:29:57,6.51,-0.01,7,4557,卖盘
678,10:29:54,6.52,0.01,2,1304,买盘
679,10:29:42,6.51,--,25,16275,卖盘
680,10:29:21,6.51,-0.01,102,66402,卖盘
681,10:29:15,6.52,0.01,16,10432,买盘
682,10:29:12,6.51,--,7,4557,卖盘
683,10:29:06,6.51,--,10,6510,卖盘
684,10:29:03,6.51,--,77,50127,卖盘
685,10:29:00,6.51,--,5,3255,卖盘
686,10:28:48,6.51,--,50,32550,卖盘
687,10:28:42,6.51,--,10,6516,卖盘
688,10:28:36,6.51,--,2,1302,卖盘
689,10:28:33,6.51,--,6,3906,卖盘
690,10:28:24,6.51,--,16,10416,卖盘
691,10:28:09,6.51,-0.01,40,26040,卖盘
692,10:28:00,6.52,--,16,10432,卖盘
693,10:27:57,6.52,--,23,14995,卖盘
694,10:27:54,6.52,--,7,4564,卖盘
695,10:27:48,6.52,--,10,6520,卖盘
696,10:27:45,6.52,--,494,322088,卖盘
697,10:27:33,6.52,--,10,6520,卖盘
698,10:27:30,6.52,--,5,3260,卖盘
699,10:27:21,6.52,--,62,40424,卖盘
700,10:27:15,6.52,--,114,74328,卖盘
701,10:27:03,6.52,--,14,9128,卖盘
702,10:27:00,6.52,--,30,19560,卖盘
703,10:26:57,6.52,--,4,2608,卖盘
704,10:26:51,6.52,--,15,9780,卖盘
705,10:26:42,6.52,--,20,13040,卖盘
706,10:26:39,6.52,--,32,20864,卖盘
707,10:26:36,6.52,-0.01,20,13040,卖盘
708,10:26:30,6.53,--,2,1306,卖盘
709,10:26:15,6.53,--,1,653,卖盘
710,10:26:00,6.53,--,34,22202,卖盘
711,10:25:54,6.53,--,19,12407,卖盘
712,10:25:45,6.53,-0.01,16,10448,卖盘
713,10:25:39,6.54,--,5,3270,卖盘
714,10:25:24,6.54,0.01,5,3270,买盘
715,10:25:21,6.53,--,16,10448,卖盘
716,10:25:03,6.53,-0.01,32,20896,卖盘
717,10:25:00,6.54,--,3,1962,中性盘
718,10:24:45,6.54,0.01,10,6540,买盘
719,10:24:36,6.53,--,30,19590,卖盘
720,10:24:33,6.53,--,16,10448,卖盘
721,10:24:18,6.53,--,16,10448,卖盘
722,10:24:12,6.53,--,16,10448,卖盘
723,10:24:00,6.53,--,5,3265,卖盘
724,10:23:39,6.53,--,20,13060,卖盘
725,10:23:36,6.53,-0.01,40,26120,卖盘
726,10:23:30,6.54,--,5,3270,卖盘
727,10:23:27,6.54,0.01,8,5232,买盘
728,10:23:24,6.53,--,2,1306,卖盘
729,10:23:18,6.53,--,3,1959,卖盘
730,10:23:15,6.53,--,52,33956,卖盘
731,10:23:12,6.53,--,32,20896,卖盘
732,10:23:00,6.53,--,19,12407,卖盘
733,10:22:57,6.53,--,5,3265,卖盘
734,10:22:51,6.53,--,32,20896,卖盘
735,10:22:45,6.53,--,5,3265,卖盘
736,10:22:42,6.53,--,10,6530,卖盘
737,10:22:36,6.53,--,20,13060,卖盘
738,10:22:21,6.53,--,20,13060,卖盘
739,10:22:18,6.53,--,3,1959,卖盘
740,10:22:09,6.53,--,20,13060,卖盘
741,10:21:54,6.53,-0.01,20,13060,卖盘
742,10:21:48,6.54,0.01,5,3270,买盘
743,10:21:36,6.53,--,20,13060,卖盘
744,10:21:12,6.53,--,10,6530,卖盘
745,10:20:24,6.53,--,1,653,卖盘
746,10:20:21,6.53,--,16,10448,卖盘
747,10:20:12,6.53,-0.01,20,13060,卖盘
748,10:20:06,6.54,0.01,1,654,买盘
749,10:20:03,6.53,--,20,13060,卖盘
750,10:19:48,6.53,0.01,16,10448,卖盘
751,10:19:42,6.52,-0.02,16,10432,卖盘
752,10:19:36,6.54,0.01,8,5232,买盘
753,10:19:12,6.53,--,10,6530,卖盘
754,10:19:09,6.53,--,10,6530,卖盘
755,10:19:06,6.53,--,18,11754,卖盘
756,10:19:00,6.53,--,20,13060,卖盘
757,10:18:42,6.53,--,52,33956,买盘
758,10:18:36,6.53,0.01,9,5877,买盘
759,10:18:21,6.52,-0.01,6,3911,卖盘
760,10:18:15,6.53,--,1,653,买盘
761,10:18:06,6.53,--,18,11754,买盘
762,10:17:57,6.53,--,46,30038,买盘
763,10:17:54,6.53,--,5,3265,中性盘
764,10:17:36,6.53,0.01,30,19590,买盘
765,10:17:12,6.52,--,30,19560,卖盘
766,10:16:45,6.52,-0.01,4,2608,卖盘
767,10:16:36,6.53,0.01,10,6530,买盘
768,10:16:30,6.52,--,42,27384,卖盘
769,10:16:00,6.52,-0.01,20,13040,卖盘
770,10:15:57,6.53,0.01,13,8489,买盘
771,10:15:42,6.52,-0.01,6,3911,卖盘
772,10:15:36,6.53,0.01,6,3918,买盘
773,10:15:27,6.52,--,18,11736,卖盘
774,10:15:06,6.52,-0.01,39,25428,卖盘
775,10:15:03,6.53,0.01,69,45057,买盘
776,10:15:00,6.52,--,3,1955,卖盘
777,10:14:45,6.52,-0.01,20,13040,卖盘
778,10:14:36,6.53,--,6,3918,买盘
779,10:14:33,6.53,--,52,33956,卖盘
780,10:13:57,6.53,--,16,10448,卖盘
781,10:13:48,6.53,-0.02,14,9142,卖盘
782,10:13:45,6.55,0.02,11,7205,买盘
783,10:13:12,6.53,-0.01,32,20896,卖盘
784,10:13:09,6.54,0.01,5,3270,买盘
785,10:12:42,6.53,--,27,17631,卖盘
786,10:12:33,6.53,--,8,5224,卖盘
787,10:12:21,6.53,--,10,6530,卖盘
788,10:11:24,6.53,--,36,23508,卖盘
789,10:11:12,6.53,-0.01,30,19590,卖盘
790,10:11:09,6.54,-0.01,20,13080,卖盘
791,10:10:42,6.55,0.01,18,11790,买盘
792,10:10:33,6.54,--,10,6540,卖盘
793,10:10:21,6.54,--,10,6540,卖盘
794,10:10:15,6.54,--,5,3270,卖盘
795,10:10:06,6.54,--,28,18312,卖盘
796,10:10:00,6.54,--,3,1962,卖盘
797,10:09:57,6.54,--,16,10464,卖盘
798,10:09:51,6.54,--,1,654,卖盘
799,10:09:09,6.54,--,23,15042,卖盘
800,10:08:21,6.54,--,30,19620,卖盘
801,10:08:00,6.54,--,2,1308,卖盘
802,10:07:00,6.54,0.01,10,6540,买盘
803,10:06:54,6.53,--,14,9142,卖盘
804,10:06:51,6.53,--,20,13060,卖盘
805,10:06:36,6.53,0.01,36,23508,中性盘
806,10:06:27,6.52,--,15,9780,卖盘
807,10:06:15,6.52,--,50,32599,卖盘
808,10:06:06,6.52,--,48,31295,卖盘
809,10:06:00,6.52,-0.01,3,1955,卖盘
810,10:05:54,6.53,--,20,13060,卖盘
811,10:05:42,6.53,0.01,20,13060,买盘
812,10:05:33,6.52,-0.01,20,13040,卖盘
813,10:05:03,6.53,--,44,28732,买盘
814,10:04:33,6.53,--,38,24814,卖盘
815,10:04:27,6.53,--,8,5224,卖盘
816,10:04:21,6.53,--,6,3918,卖盘
817,10:04:09,6.53,--,12,7836,卖盘
818,10:04:03,6.53,--,10,6530,卖盘
819,10:03:36,6.53,--,2,1306,卖盘
820,10:03:21,6.53,--,5,3265,卖盘
821,10:03:12,6.53,--,53,34609,卖盘
822,10:03:06,6.53,--,2,1306,卖盘
823,10:02:54,6.53,-0.01,3,1959,卖盘
824,10:02:51,6.54,--,78,51012,卖盘
825,10:02:48,6.54,--,11,7194,卖盘
826,10:02:45,6.54,--,10,6540,卖盘
827,10:02:39,6.54,--,20,13080,卖盘
828,10:02:36,6.54,--,22,14388,卖盘
829,10:02:33,6.54,--,10,6540,卖盘
830,10:02:30,6.54,--,8,5232,卖盘
831,10:02:24,6.54,--,10,6540,卖盘
832,10:01:54,6.54,-0.01,63,41202,卖盘
833,10:01:33,6.55,--,5,3275,卖盘
834,10:01:21,6.55,--,10,6550,卖盘
835,10:01:12,6.55,-0.01,1,655,卖盘
836,10:00:48,6.56,--,34,22304,买盘
837,10:00:36,6.56,0.01,2,1312,买盘
838,10:00:12,6.55,-0.01,25,16375,卖盘
839,09:59:54,6.56,--,1,656,买盘
840,09:59:42,6.56,0.01,2,1312,中性盘
841,09:59:06,6.55,0.01,20,13100,买盘
842,09:59:03,6.54,-0.02,6,3924,卖盘
843,09:58:15,6.56,0.03,1,656,中性盘
844,09:57:15,6.53,--,834,544602,卖盘
845,09:56:39,6.53,--,32,20896,买盘
846,09:56:24,6.53,--,24,15672,卖盘
847,09:56:03,6.53,--,39,25467,卖盘
848,09:55:57,6.53,0.01,10,6530,中性盘
849,09:55:18,6.52,--,10,6520,卖盘
850,09:55:09,6.52,-0.01,56,36512,卖盘
851,09:54:42,6.53,--,10,6530,买盘
852,09:54:33,6.53,--,118,77054,买盘
853,09:54:30,6.53,--,46,30038,买盘
854,09:54:24,6.53,--,100,65300,买盘
855,09:54:18,6.53,--,50,32650,买盘
856,09:54:12,6.53,--,50,32650,买盘
857,09:54:03,6.53,--,135,88155,买盘
858,09:53:45,6.53,--,1,653,买盘
859,09:53:42,6.53,--,42,27426,买盘
860,09:53:39,6.53,--,100,65300,买盘
861,09:53:36,6.53,--,28,18284,买盘
862,09:53:24,6.53,--,2,1306,买盘
863,09:53:21,6.53,0.01,5,3265,买盘
864,09:53:15,6.52,-0.01,1,652,卖盘
865,09:53:12,6.53,0.01,5,3265,买盘
866,09:53:03,6.52,-0.01,9,5868,卖盘
867,09:53:00,6.53,0.01,19,12407,买盘
868,09:52:48,6.52,-0.01,17,11084,卖盘
869,09:52:45,6.53,--,20,13060,买盘
870,09:52:21,6.53,0.01,14,9142,买盘
871,09:52:03,6.52,--,8,5216,卖盘
872,09:51:57,6.52,-0.01,5,3260,卖盘
873,09:51:33,6.53,-0.01,65,42445,卖盘
874,09:51:24,6.54,--,16,10464,买盘
875,09:51:15,6.54,--,10,6540,买盘
876,09:51:06,6.54,--,9,5886,买盘
877,09:51:00,6.54,--,10,6540,卖盘
878,09:50:51,6.54,0.01,10,6540,买盘
879,09:50:42,6.53,-0.01,10,6530,卖盘
880,09:50:36,6.54,0.01,6,3924,买盘
881,09:50:12,6.53,-0.01,9,5877,卖盘
882,09:50:06,6.54,--,6,3924,买盘
883,09:50:03,6.54,-0.01,12,7848,卖盘
884,09:49:39,6.55,--,6,3930,买盘
885,09:49:03,6.55,0.01,1,655,买盘
886,09:48:51,6.54,--,3,1962,卖盘
887,09:48:18,6.54,-0.01,25,16350,卖盘
888,09:48:06,6.55,--,113,74015,卖盘
889,09:47:33,6.55,-0.01,48,31440,卖盘
890,09:47:27,6.56,--,3,1967,买盘
891,09:47:03,6.56,--,46,30176,卖盘
892,09:47:00,6.56,-0.01,12,7871,卖盘
893,09:46:54,6.57,0.01,2,1314,买盘
894,09:46:36,6.56,--,1,656,卖盘
895,09:46:33,6.56,0.01,41,26896,买盘
896,09:46:24,6.55,-0.01,15,9825,卖盘
897,09:46:15,6.56,0.01,50,32800,买盘
898,09:46:03,6.55,--,15,9825,卖盘
899,09:45:42,6.55,--,6,3930,卖盘
900,09:45:24,6.55,--,6,3930,卖盘
901,09:45:21,6.55,--,212,138860,买盘
902,09:45:06,6.55,0.01,37,24235,买盘
903,09:45:03,6.54,-0.01,144,94176,卖盘
904,09:44:57,6.55,0.01,94,61570,买盘
905,09:44:39,6.54,-0.01,15,9810,卖盘
906,09:44:36,6.55,0.01,55,36025,买盘
907,09:44:27,6.54,--,37,24198,卖盘
908,09:44:18,6.54,--,24,15696,卖盘
909,09:43:57,6.54,--,4,2616,买盘
910,09:43:54,6.54,--,10,6540,买盘
911,09:43:51,6.54,0.01,8,5232,买盘
912,09:43:39,6.53,-0.01,16,10448,卖盘
913,09:43:27,6.54,-0.01,80,52320,中性盘
914,09:43:12,6.55,0.02,203,132965,买盘
915,09:42:51,6.53,--,2,1306,卖盘
916,09:42:48,6.53,--,3,1959,买盘
917,09:42:42,6.53,0.01,7,4571,买盘
918,09:42:33,6.52,-0.01,55,35860,卖盘
919,09:42:30,6.53,--,2,1306,买盘
920,09:42:21,6.53,--,25,16325,买盘
921,09:42:03,6.53,--,68,44404,卖盘
922,09:42:00,6.53,-0.01,29,18937,卖盘
923,09:41:51,6.54,--,5,3270,买盘
924,09:41:39,6.54,-0.02,5,3270,买盘
925,09:41:36,6.56,0.01,4,2624,买盘
926,09:41:24,6.55,-0.01,31,20305,卖盘
927,09:41:18,6.56,--,14,9184,买盘
928,09:41:12,6.56,--,3,1967,中性盘
929,09:40:57,6.56,--,58,38048,卖盘
930,09:40:39,6.56,0.01,80,52480,买盘
931,09:40:33,6.55,--,5,3275,买盘
932,09:40:30,6.55,0.02,45,29475,中性盘
933,09:40:24,6.53,-0.02,147,95991,卖盘
934,09:40:21,6.55,0.01,41,26855,买盘
935,09:40:06,6.54,--,22,14446,买盘
936,09:40:03,6.54,--,6,3924,买盘
937,09:39:57,6.54,0.02,33,21582,买盘
938,09:39:54,6.52,--,10,6520,卖盘
939,09:39:45,6.52,--,30,19560,卖盘
940,09:39:39,6.52,--,241,157132,买盘
941,09:39:36,6.52,--,2,1304,买盘
942,09:39:33,6.52,0.01,6,3911,买盘
943,09:39:27,6.51,-0.01,100,65100,卖盘
944,09:39:24,6.52,0.01,5,3260,买盘
945,09:39:06,6.51,-0.01,2,1302,卖盘
946,09:39:03,6.52,0.01,66,43032,买盘
947,09:38:57,6.51,--,23,14973,卖盘
948,09:38:54,6.51,--,30,19530,卖盘
949,09:38:51,6.51,--,51,33201,卖盘
950,09:38:48,6.51,--,5,3255,卖盘
951,09:38:42,6.51,--,53,34503,买盘
952,09:38:30,6.51,--,10,6510,买盘
953,09:38:24,6.51,--,57,37107,卖盘
954,09:38:21,6.51,--,1,651,卖盘
955,09:38:12,6.51,-0.01,18,11718,卖盘
956,09:38:06,6.52,0.02,130,84760,买盘
957,09:38:00,6.5,-0.03,40,26000,卖盘
958,09:37:51,6.53,0.03,100,65300,买盘
959,09:37:48,6.5,-0.02,399,259876,卖盘
960,09:37:45,6.52,--,1,652,卖盘
961,09:37:39,6.52,--,10,6520,卖盘
962,09:37:36,6.52,--,1,652,卖盘
963,09:37:33,6.52,--,127,82804,卖盘
964,09:37:30,6.52,--,4,2608,卖盘
965,09:37:27,6.52,--,90,58679,卖盘
966,09:37:24,6.52,--,17,11084,卖盘
967,09:37:12,6.52,-0.01,20,13040,卖盘
968,09:37:09,6.53,0.01,8,5224,买盘
969,09:37:06,6.52,--,4,2608,卖盘
970,09:37:00,6.52,--,21,13692,卖盘
971,09:36:45,6.52,--,19,12388,卖盘
972,09:36:39,6.52,-0.01,78,50856,卖盘
973,09:36:36,6.53,--,1,653,买盘
974,09:36:33,6.53,--,26,16978,买盘
975,09:36:27,6.53,-0.01,19,13001,卖盘
976,09:36:24,6.54,0.01,28,18370,买盘
977,09:36:21,6.53,--,12,7836,卖盘
978,09:36:18,6.53,--,21,13713,卖盘
979,09:36:00,6.53,-0.01,8,5224,卖盘
980,09:35:57,6.54,-0.01,10,6540,买盘
981,09:35:54,6.55,0.02,50,32750,买盘
982,09:35:48,6.53,-0.02,20,13060,卖盘
983,09:35:45,6.55,0.02,11,7205,买盘
984,09:35:42,6.53,--,4,2612,卖盘
985,09:35:39,6.53,--,1,653,卖盘
986,09:35:18,6.53,--,6,3918,卖盘
987,09:35:15,6.53,--,192,125376,卖盘
988,09:35:00,6.53,--,5,3265,卖盘
989,09:34:39,6.53,-0.02,457,298421,卖盘
990,09:34:36,6.55,--,5,3275,卖盘
991,09:34:06,6.55,-0.02,74,48470,卖盘
992,09:33:57,6.57,-0.01,20,13140,卖盘
993,09:33:54,6.58,0.02,11,7238,买盘
994,09:33:48,6.56,-0.01,42,27552,卖盘
995,09:33:45,6.57,--,8,5256,卖盘
996,09:33:42,6.57,-0.01,40,26280,卖盘
997,09:33:39,6.58,0.01,20,13160,买盘
998,09:33:36,6.57,--,28,18396,卖盘
999,09:33:33,6.57,-0.01,15,9855,卖盘
1000,09:33:27,6.58,--,5,3290,买盘
1001,09:33:06,6.58,--,20,13160,买盘
1002,09:32:54,6.58,0.01,20,13160,买盘
1003,09:32:51,6.57,-0.01,1,657,卖盘
1004,09:32:48,6.58,--,6,3948,卖盘
1005,09:32:45,6.58,--,14,9212,买盘
1006,09:32:39,6.58,--,6,3948,卖盘
1007,09:32:36,6.58,--,5,3290,卖盘
1008,09:32:30,6.58,--,6,3948,卖盘
1009,09:32:09,6.58,-0.02,25,16450,卖盘
1010,09:32:03,6.6,0.01,23,15180,买盘
1011,09:31:36,6.59,--,30,19770,买盘
1012,09:31:33,6.59,0.02,10,6590,买盘
1013,09:31:30,6.57,-0.02,98,64386,卖盘
1014,09:31:24,6.59,--,17,11203,卖盘
1015,09:31:06,6.59,-0.01,23,15157,卖盘
1016,09:31:03,6.6,0.01,60,39600,买盘
1017,09:31:00,6.59,--,1,659,卖盘
1018,09:30:48,6.59,-0.02,10,6590,中性盘
1019,09:30:33,6.61,0.01,74,48914,买盘
1020,09:30:24,6.6,--,72,47520,卖盘
1021,09:30:18,6.6,-0.02,25,16500,卖盘
1022,09:30:12,6.62,0.02,9,5958,买盘
1023,09:30:03,6.6,-0.03,96,63360,卖盘
1024,09:30:00,6.63,--,0,0,中性盘
1025,09:25:03,6.63,6.63,96,63648,买盘
