,time,price,change,volume,amount,type
0,15:00:03,40.65,-0.03,306,1245800,中性盘
1,14:57:00,40.68,0.08,26,105768,买盘
2,14:56:48,40.6,-0.08,27,109620,卖盘
3,14:56:45,40.68,0.05,4,16272,买盘
4,14:56:42,40.63,--,1,4063,买盘
5,14:56:39,40.63,-0.05,11,44693,卖盘
6,14:56:36,40.68,--,9,36612,买盘
7,14:56:33,40.68,--,7,28476,买盘
8,14:56:30,40.68,--,32,130176,买盘
9,14:56:27,40.68,--,23,93564,买盘
10,14:56:24,40.68,--,2,8136,买盘
11,14:56:21,40.68,-0.02,41,168822,卖盘
12,14:56:18,40.7,0.02,131,533170,买盘
13,14:56:15,40.68,--,7,28476,卖盘
14,14:56:09,40.68,--,9,36612,卖盘
15,14:55:57,40.68,--,5,20340,卖盘
16,14:55:51,40.68,0.05,1,4068,卖盘
17,14:55:45,40.63,--,17,71102,买盘
18,14:55:42,40.63,--,1,4063,买盘
19,14:55:36,40.63,-0.07,14,58913,卖盘
20,14:55:30,40.7,0.02,37,150590,买盘
21,14:55:27,40.68,0.05,4,16272,买盘
22,14:55:24,40.63,--,3,12189,卖盘
23,14:55:15,40.63,--,50,203150,卖盘
24,14:55:12,40.63,--,1,4063,卖盘
25,14:55:09,40.63,-0.01,57,231591,卖盘
26,14:54:39,40.64,--,18,73152,买盘
27,14:54:33,40.64,-0.04,107,434848,卖盘
28,14:54:30,40.68,0.02,3,12204,买盘
29,14:54:27,40.66,0.02,1,4065,买盘
30,14:54:24,40.64,-0.04,5,20320,卖盘
31,14:54:18,40.68,--,7,28476,卖盘
32,14:54:12,40.68,0.05,3,12204,买盘
33,14:53:54,40.63,-0.01,1,4063,卖盘
34,14:53:51,40.64,--,3,12192,卖盘
35,14:53:48,40.64,0.01,14,58928,买盘
36,14:53:42,40.63,-0.01,3,12189,卖盘
37,14:53:39,40.64,0.01,2,8128,买盘
38,14:53:33,40.63,--,11,44693,卖盘
39,14:53:30,40.63,-0.01,10,40630,卖盘
40,14:53:27,40.64,--,2,8128,买盘
41,14:53:24,40.64,--,1,4064,买盘
42,14:53:15,40.64,--,10,40640,买盘
43,14:53:12,40.64,--,26,107696,卖盘
44,14:53:06,40.64,-0.06,2,8128,卖盘
45,14:53:00,40.7,--,22,89540,买盘
46,14:52:57,40.7,0.06,1,4070,买盘
47,14:52:54,40.64,--,1,4064,卖盘
48,14:52:48,40.64,-0.06,50,203200,卖盘
49,14:52:45,40.7,--,27,109890,卖盘
50,14:52:39,40.7,-0.04,1,6105,卖盘
51,14:52:36,40.74,0.04,1,4074,买盘
52,14:52:33,40.7,-0.04,4,16280,卖盘
53,14:52:27,40.74,0.04,1,4074,买盘
54,14:52:24,40.7,--,2,8140,卖盘
55,14:52:21,40.7,-0.05,16,65120,卖盘
56,14:52:15,40.75,--,1,4075,买盘
57,14:52:09,40.75,-0.04,1,4075,卖盘
58,14:52:06,40.79,--,18,73422,中性盘
59,14:51:54,40.79,--,5,20395,卖盘
60,14:51:48,40.79,--,50,203950,卖盘
61,14:51:45,40.79,0.01,2,8158,卖盘
62,14:51:42,40.78,0.08,15,61170,买盘
63,14:51:36,40.7,-0.07,15,61050,卖盘
64,14:51:33,40.77,0.02,3,12231,中性盘
65,14:51:30,40.75,-0.05,8,32600,中性盘
66,14:51:18,40.8,0.05,7,28559,买盘
67,14:51:15,40.75,-0.03,3,12225,买盘
68,14:51:12,40.78,-0.02,14,57092,卖盘
69,14:51:09,40.8,0.02,1,4079,中性盘
70,14:51:03,40.78,0.06,36,146808,买盘
71,14:50:54,40.72,-0.06,1,4072,卖盘
72,14:50:48,40.78,0.13,17,69326,买盘
73,14:50:45,40.65,-0.13,10,40650,卖盘
74,14:50:42,40.78,0.08,2,8156,买盘
75,14:50:39,40.7,-0.15,1,4070,中性盘
76,14:50:30,40.85,0.22,3,12255,买盘
77,14:50:24,40.63,-0.22,30,121890,卖盘
78,14:50:21,40.85,--,4,16340,卖盘
79,14:50:18,40.85,--,6,24510,卖盘
80,14:50:12,40.85,0.05,12,49020,买盘
81,14:50:06,40.8,-0.05,9,36720,卖盘
82,14:50:03,40.85,0.05,3,12255,买盘
83,14:50:00,40.8,--,1,4079,买盘
84,14:49:57,40.8,0.02,35,142800,买盘
85,14:49:54,40.78,-0.02,5,20390,卖盘
86,14:49:48,40.8,--,2,8159,买盘
87,14:49:42,40.8,0.02,3,12240,买盘
88,14:49:39,40.78,--,2,8156,卖盘
89,14:49:36,40.78,0.15,14,57092,买盘
90,14:49:27,40.63,0.03,2,8126,买盘
91,14:49:24,40.6,-0.03,1,4060,卖盘
92,14:49:21,40.63,0.05,14,56882,买盘
93,14:49:18,40.58,--,1,4058,买盘
94,14:49:12,40.58,0.05,6,24348,买盘
95,14:49:09,40.53,--,15,60795,卖盘
96,14:49:06,40.53,-0.05,3,12159,卖盘
97,14:49:03,40.58,0.05,2,8116,买盘
98,14:49:00,40.53,0.02,12,48636,买盘
99,14:48:54,40.51,--,1,4051,卖盘
100,14:48:51,40.51,0.01,1,4051,中性盘
101,14:48:48,40.5,0.04,92,372600,买盘
102,14:48:45,40.46,--,1,4046,买盘
103,14:48:42,40.46,-0.01,2,8092,中性盘
104,14:48:27,40.47,0.08,12,48564,买盘
105,14:48:24,40.39,--,1,4039,卖盘
106,14:48:21,40.39,0.01,7,28273,中性盘
107,14:48:15,40.38,0.05,1,4038,买盘
108,14:48:09,40.33,-0.05,11,44363,卖盘
109,14:48:06,40.38,-0.09,3,12114,买盘
110,14:48:00,40.47,0.09,3,12141,买盘
111,14:47:51,40.38,-0.01,35,143349,卖盘
112,14:47:48,40.39,0.06,10,42409,买盘
113,14:47:39,40.33,--,10,40330,卖盘
114,14:47:24,40.33,0.09,15,60495,买盘
115,14:47:21,40.24,-0.06,36,144864,卖盘
116,14:47:15,40.3,0.09,11,44330,买盘
117,14:47:00,40.21,--,5,21592,卖盘
118,14:46:57,40.21,-0.03,2,8042,卖盘
119,14:46:54,40.24,--,1,4024,卖盘
120,14:46:51,40.24,--,41,164984,买盘
121,14:46:48,40.24,--,2,8048,买盘
122,14:46:45,40.24,--,3,12072,买盘
123,14:46:42,40.24,0.03,1,4024,买盘
124,14:46:39,40.21,-0.03,6,24126,卖盘
125,14:46:36,40.24,--,4,16096,买盘
126,14:46:33,40.24,--,5,20120,买盘
127,14:46:27,40.24,0.03,32,128768,买盘
128,14:46:24,40.21,--,2,8042,买盘
129,14:46:21,40.21,0.02,1,4021,买盘
130,14:46:18,40.19,0.01,1,4019,买盘
131,14:46:12,40.18,-0.01,1,4018,卖盘
132,14:46:06,40.19,0.01,3,12057,买盘
133,14:46:00,40.18,--,5,20090,买盘
134,14:45:57,40.18,0.07,1,4018,买盘
135,14:45:54,40.11,--,1,4011,卖盘
136,14:45:48,40.11,-0.07,9,36099,卖盘
137,14:45:42,40.18,0.07,3,12054,买盘
138,14:45:39,40.11,--,4,16044,买盘
139,14:45:24,40.11,0.01,2,8022,买盘
140,14:45:18,40.1,--,2,8020,卖盘
141,14:45:12,40.1,--,1,4010,买盘
142,14:45:06,40.1,--,2,8020,买盘
143,14:45:03,40.1,0.03,27,108270,买盘
144,14:44:57,40.07,--,9,36063,卖盘
145,14:44:54,40.07,-0.03,1,4007,卖盘
146,14:44:51,40.1,0.03,2,8020,买盘
147,14:44:39,40.07,--,14,56098,卖盘
148,14:44:36,40.07,0.02,37,148259,买盘
149,14:44:27,40.05,--,14,56069,卖盘
150,14:44:21,40.05,-0.02,4,16019,卖盘
151,14:44:12,40.07,0.02,2,8014,买盘
152,14:44:09,40.05,--,23,92115,买盘
153,14:44:03,40.05,--,6,24030,买盘
154,14:43:57,40.05,0.05,6,24030,买盘
155,14:43:54,40.0,--,1,4000,卖盘
156,14:43:51,40.0,-0.05,5,20000,卖盘
157,14:43:48,40.05,--,1,4004,买盘
158,14:43:42,40.05,--,1,4004,买盘
159,14:43:39,40.05,0.05,1,4004,买盘
160,14:43:36,40.0,-0.05,4,16000,卖盘
161,14:43:33,40.05,--,3,12015,买盘
162,14:43:30,40.05,0.06,1,4004,买盘
163,14:43:27,39.99,0.01,3,11997,买盘
164,14:43:24,39.98,-0.01,20,79960,卖盘
165,14:43:21,39.99,-0.06,78,311922,卖盘
166,14:43:18,40.05,0.05,2,8009,卖盘
167,14:43:15,40.0,--,9,36000,买盘
168,14:43:12,40.0,0.01,22,88000,买盘
169,14:43:09,39.99,-0.01,1,3999,卖盘
170,14:43:03,40.0,--,3,12000,买盘
171,14:42:57,40.0,0.05,6,24000,买盘
172,14:42:54,39.95,-0.04,12,47940,卖盘
173,14:42:51,39.99,--,101,403899,买盘
174,14:42:45,39.99,--,12,47988,买盘
175,14:42:42,39.99,-0.01,42,167958,卖盘
176,14:42:39,40.0,--,10,40000,卖盘
177,14:42:36,40.0,--,15,60000,卖盘
178,14:42:30,40.0,--,2,8000,买盘
179,14:42:24,40.0,0.01,11,44000,买盘
180,14:42:18,39.99,0.01,50,199950,买盘
181,14:42:06,39.98,--,1,3997,买盘
182,14:42:03,39.98,--,2,7995,买盘
183,14:42:00,39.98,--,7,27985,买盘
184,14:41:57,39.98,0.05,3,11993,买盘
185,14:41:54,39.93,--,3,11979,卖盘
186,14:41:51,39.93,-0.03,4,15972,卖盘
187,14:41:48,39.96,0.03,1,3996,买盘
188,14:41:30,39.93,--,141,563013,买盘
189,14:41:27,39.93,0.03,2,7986,买盘
190,14:41:24,39.9,--,3,11970,卖盘
191,14:41:18,39.9,-0.03,14,55860,卖盘
192,14:41:12,39.93,0.03,30,119790,买盘
193,14:41:00,39.9,--,1,3990,卖盘
194,14:40:54,39.9,0.05,92,367080,买盘
195,14:40:48,39.85,--,10,39850,卖盘
196,14:40:42,39.85,-0.03,17,67745,卖盘
197,14:40:39,39.88,0.02,96,382848,买盘
198,14:40:36,39.86,--,3,11958,买盘
199,14:40:33,39.86,0.01,2,7972,买盘
200,14:40:30,39.85,--,64,255040,卖盘
201,14:40:24,39.85,--,1,3985,卖盘
202,14:40:21,39.85,--,94,376622,买盘
203,14:40:18,39.85,0.03,1,3985,买盘
204,14:40:15,39.82,0.02,0,1991,中性盘
205,14:40:00,39.8,--,3,11940,买盘
206,14:39:57,39.8,0.01,7,27859,买盘
207,14:39:54,39.79,-0.01,81,322299,卖盘
208,14:39:51,39.8,--,21,83580,买盘
209,14:39:48,39.8,--,4,15919,买盘
210,14:39:45,39.8,--,85,338300,买盘
211,14:39:42,39.8,--,23,91540,买盘
212,14:39:39,39.8,0.01,7,27859,买盘
213,14:39:36,39.79,-0.01,16,66051,卖盘
214,14:39:33,39.8,0.01,1,3979,买盘
215,14:39:27,39.79,0.01,1,3979,买盘
216,14:39:24,39.78,-0.01,1,3978,卖盘
217,14:39:21,39.79,--,3,11937,买盘
218,14:39:15,39.79,--,7,27853,买盘
219,14:39:12,39.79,--,3,11937,买盘
220,14:39:09,39.79,-0.01,5,19895,中性盘
221,14:39:06,39.8,--,60,238799,买盘
222,14:39:03,39.8,-0.02,16,63679,卖盘
223,14:38:54,39.82,--,4,15928,买盘
224,14:38:48,39.82,-0.03,6,23892,卖盘
225,14:38:45,39.85,0.07,1,3985,买盘
226,14:38:42,39.78,-0.04,223,888287,卖盘
227,14:38:39,39.82,-0.01,38,151316,卖盘
228,14:38:36,39.83,0.01,2,7966,中性盘
229,14:38:33,39.82,-0.02,19,75658,卖盘
230,14:38:30,39.84,0.01,4,15936,买盘
231,14:38:24,39.83,-0.02,1,3983,卖盘
232,14:38:21,39.85,--,6,23910,买盘
233,14:38:18,39.85,--,2,7970,买盘
234,14:38:15,39.85,0.02,1,3985,中性盘
235,14:38:12,39.83,-0.05,5,19915,卖盘
236,14:38:09,39.88,--,6,23928,买盘
237,14:38:06,39.88,--,8,31904,买盘
238,14:38:03,39.88,--,12,47856,买盘
239,14:38:00,39.88,--,1,3988,买盘
240,14:37:54,39.88,--,9,35892,买盘
241,14:37:51,39.88,--,17,67796,买盘
242,14:37:48,39.88,0.06,1,3988,买盘
243,14:37:45,39.82,-0.06,27,107514,卖盘
244,14:37:39,39.88,--,4,15952,买盘
245,14:37:36,39.88,--,47,187436,买盘
246,14:37:33,39.88,--,24,95712,买盘
247,14:37:30,39.88,-0.02,7,27916,卖盘
248,14:37:24,39.9,0.02,2,7980,买盘
249,14:37:18,39.88,0.08,9,35892,买盘
250,14:37:15,39.8,-0.03,6,23880,卖盘
251,14:37:12,39.83,0.03,2,7966,买盘
252,14:37:09,39.8,--,7,27859,买盘
253,14:37:06,39.8,--,20,79600,买盘
254,14:37:03,39.8,--,10,39800,买盘
255,14:37:00,39.8,--,6,23880,买盘
256,14:36:57,39.8,0.02,66,262680,买盘
257,14:36:54,39.78,-0.02,1,3978,中性盘
258,14:36:48,39.8,0.02,23,91540,买盘
259,14:36:45,39.78,0.01,20,79560,买盘
260,14:36:33,39.77,-0.01,8,31816,中性盘
261,14:36:27,39.78,0.16,2,7956,买盘
262,14:36:24,39.62,-0.06,1,3961,卖盘
263,14:36:21,39.68,0.08,1,3968,买盘
264,14:36:09,39.6,--,104,411840,买盘
265,14:36:06,39.6,--,335,1326600,买盘
266,14:36:03,39.6,--,10,39600,买盘
267,14:35:57,39.6,--,3,11880,买盘
268,14:35:54,39.6,0.04,25,99000,买盘
269,14:35:51,39.56,0.06,1,3956,买盘
270,14:35:48,39.5,--,24,94800,买盘
271,14:35:45,39.5,0.04,2,7900,买盘
272,14:35:42,39.46,-0.04,3,11838,卖盘
273,14:35:39,39.5,0.05,11,43450,买盘
274,14:35:36,39.45,--,55,216975,买盘
275,14:35:33,39.45,--,121,477345,买盘
276,14:35:30,39.45,--,3,11835,买盘
277,14:35:27,39.45,--,4,15780,买盘
278,14:35:24,39.45,0.05,8,31560,卖盘
279,14:35:21,39.4,--,115,453100,卖盘
280,14:35:18,39.4,--,8,31520,卖盘
281,14:35:15,39.4,0.02,92,362480,买盘
282,14:35:12,39.38,-0.02,12,47256,卖盘
283,14:35:09,39.4,0.02,5,19700,买盘
284,14:35:06,39.38,--,31,123062,买盘
285,14:35:03,39.38,--,10,39380,买盘
286,14:35:00,39.38,--,8,31504,卖盘
287,14:34:57,39.38,0.08,41,161458,买盘
288,14:34:54,39.3,--,47,184710,卖盘
289,14:34:51,39.3,--,9,35370,卖盘
290,14:34:48,39.3,-0.08,9,35370,卖盘
291,14:34:45,39.38,0.18,24,94512,买盘
292,14:34:42,39.2,-0.1,13,50960,卖盘
293,14:34:39,39.3,--,1,3929,买盘
294,14:34:36,39.3,--,52,204359,买盘
295,14:34:33,39.3,--,18,70740,买盘
296,14:34:30,39.3,--,2,7859,买盘
297,14:34:27,39.3,--,7,27509,买盘
298,14:34:24,39.3,-0.1,22,86460,卖盘
299,14:34:21,39.4,--,14,55160,卖盘
300,14:34:18,39.4,--,13,51220,买盘
301,14:34:15,39.4,--,4,15760,买盘
302,14:34:12,39.4,--,13,51220,买盘
303,14:34:09,39.4,0.24,12,47280,买盘
304,14:34:06,39.16,-0.3,179,700963,卖盘
305,14:34:03,39.46,--,24,94704,卖盘
306,14:34:00,39.46,--,8,31568,卖盘
307,14:33:57,39.46,--,4,15784,卖盘
308,14:33:54,39.46,-0.04,2,7892,卖盘
309,14:33:51,39.5,--,3,11850,买盘
310,14:33:48,39.5,--,38,150100,买盘
311,14:33:45,39.5,--,1,3950,买盘
312,14:33:42,39.5,-0.06,204,805800,卖盘
313,14:33:39,39.56,0.01,1,3956,买盘
314,14:33:36,39.55,-0.11,41,162155,卖盘
315,14:33:33,39.66,0.1,1,3965,买盘
316,14:33:30,39.56,-0.04,1,3956,卖盘
317,14:33:24,39.6,0.06,32,126720,买盘
318,14:33:18,39.54,-0.12,3,11862,卖盘
319,14:33:15,39.66,-0.02,12,47591,卖盘
320,14:33:06,39.68,0.08,58,230144,买盘
321,14:33:03,39.6,-0.1,11,43560,卖盘
322,14:32:57,39.7,--,3,11910,买盘
323,14:32:54,39.7,0.02,23,91310,买盘
324,14:32:51,39.68,-0.02,58,230144,卖盘
325,14:32:48,39.7,-0.08,12,47640,卖盘
326,14:32:42,39.78,--,10,39780,买盘
327,14:32:39,39.78,--,17,67626,卖盘
328,14:32:36,39.78,-0.02,118,469404,卖盘
329,14:32:33,39.8,--,1,3979,买盘
330,14:32:30,39.8,0.02,35,139300,买盘
331,14:32:27,39.78,--,1,3978,卖盘
332,14:32:24,39.78,-0.05,151,600678,卖盘
333,14:32:21,39.83,-0.02,10,39830,中性盘
334,14:32:18,39.85,--,1,3985,买盘
335,14:32:15,39.85,--,1,3985,买盘
336,14:32:12,39.85,0.05,8,31880,买盘
337,14:32:06,39.8,-0.05,16,63679,卖盘
338,14:32:03,39.85,--,7,27895,买盘
339,14:32:00,39.85,--,11,43835,买盘
340,14:31:57,39.85,--,4,15940,买盘
341,14:31:54,39.85,--,7,27895,买盘
342,14:31:51,39.85,-0.03,201,800985,卖盘
343,14:31:42,39.88,--,8,31904,卖盘
344,14:31:39,39.88,--,10,39880,卖盘
345,14:31:36,39.88,-0.01,5,19940,卖盘
346,14:31:33,39.89,0.01,3,11967,卖盘
347,14:31:30,39.88,--,5,19940,卖盘
348,14:31:27,39.88,--,6,23928,卖盘
349,14:31:24,39.88,--,1,3988,卖盘
350,14:31:21,39.88,0.03,6,23928,中性盘
351,14:31:18,39.85,-0.05,350,1394750,卖盘
352,14:31:15,39.9,--,25,99750,买盘
353,14:31:09,39.9,0.02,44,175560,买盘
354,14:31:06,39.88,--,5,19940,卖盘
355,14:31:03,39.88,--,2,7976,卖盘
356,14:31:00,39.88,-0.02,7,27916,卖盘
357,14:30:57,39.9,--,6,23940,买盘
358,14:30:54,39.9,--,146,582540,卖盘
359,14:30:51,39.9,0.01,4,15960,中性盘
360,14:30:48,39.89,-0.01,36,143604,卖盘
361,14:30:45,39.9,--,12,47880,买盘
362,14:30:42,39.9,--,10,39900,买盘
363,14:30:33,39.9,0.01,1,3990,买盘
364,14:30:27,39.89,-0.02,70,279230,卖盘
365,14:30:24,39.91,--,3,11972,卖盘
366,14:30:21,39.91,0.01,50,199549,卖盘
367,14:30:03,39.9,-0.03,26,103740,卖盘
368,14:30:00,39.93,-0.02,8,31944,卖盘
369,14:29:57,39.95,--,3,11985,买盘
370,14:29:54,39.95,0.02,172,687140,买盘
371,14:29:48,39.93,-0.02,6,23958,卖盘
372,14:29:45,39.95,--,98,391510,买盘
373,14:29:42,39.95,--,1,3995,买盘
374,14:29:39,39.95,-0.01,189,755055,卖盘
375,14:29:33,39.96,-0.01,54,215784,卖盘
376,14:29:30,39.97,0.01,1,3997,买盘
377,14:29:27,39.96,--,20,79920,卖盘
378,14:29:24,39.96,--,1,3996,卖盘
379,14:29:15,39.96,--,8,31968,买盘
380,14:29:12,39.96,--,18,71928,卖盘
381,14:29:09,39.96,-0.01,8,31968,卖盘
382,14:29:06,39.97,-0.01,5,19985,中性盘
383,14:28:57,39.98,-0.01,1,3997,买盘
384,14:28:54,39.99,0.02,48,191952,买盘
385,14:28:51,39.97,-0.02,10,39970,卖盘
386,14:28:48,39.99,0.02,9,35991,买盘
387,14:28:45,39.97,-0.03,5,19985,卖盘
388,14:28:42,40.0,--,6,24000,买盘
389,14:28:39,40.0,--,16,64000,买盘
390,14:28:33,40.0,--,2,8000,买盘
391,14:28:30,40.0,--,22,88000,买盘
392,14:28:27,40.0,--,30,120000,买盘
393,14:28:24,40.0,--,17,68000,买盘
394,14:28:18,40.0,--,1,4000,买盘
395,14:28:15,40.0,-0.05,41,164000,卖盘
396,14:28:12,40.05,0.05,3,12015,买盘
397,14:28:06,40.0,--,5,20000,卖盘
398,14:28:00,40.0,--,4,16000,买盘
399,14:27:57,40.0,--,1,4000,买盘
400,14:27:54,40.0,--,6,24000,买盘
401,14:27:51,40.0,--,10,40000,买盘
402,14:27:48,40.0,--,1,4000,买盘
403,14:27:45,40.0,--,41,164000,买盘
404,14:27:42,40.0,--,2,8000,买盘
405,14:27:36,40.0,--,2,8000,买盘
406,14:27:33,40.0,0.02,17,68000,买盘
407,14:27:24,39.98,-0.02,3,11993,卖盘
408,14:27:21,40.0,--,11,44000,买盘
409,14:27:18,40.0,--,23,92000,卖盘
410,14:27:15,40.0,--,3,12000,买盘
411,14:27:12,40.0,--,5,20000,买盘
412,14:27:09,40.0,0.05,10,40000,买盘
413,14:27:06,39.95,-0.05,142,567290,卖盘
414,14:27:03,40.0,--,1,4000,买盘
415,14:27:00,40.0,0.01,217,868000,买盘
416,14:26:57,39.99,--,5,19995,买盘
417,14:26:54,39.99,-0.01,274,1095726,卖盘
418,14:26:51,40.0,--,104,416000,卖盘
419,14:26:42,40.0,--,7,28000,卖盘
420,14:26:39,40.0,--,29,116000,买盘
421,14:26:36,40.0,--,332,1328000,买盘
422,14:26:33,40.0,--,1,4000,买盘
423,14:26:24,40.0,-0.06,155,620000,卖盘
424,14:26:21,40.06,0.08,6,24036,买盘
425,14:26:15,39.98,-0.01,10,39980,卖盘
426,14:26:12,39.99,--,48,191952,买盘
427,14:26:09,39.99,--,222,887778,买盘
428,14:26:06,39.99,--,2,7998,买盘
429,14:26:03,39.99,--,4,15996,买盘
430,14:26:00,39.99,--,69,275931,买盘
431,14:25:57,39.99,--,1,3999,买盘
432,14:25:54,39.99,-0.01,119,475881,卖盘
433,14:25:51,40.0,--,5,20000,买盘
434,14:25:48,40.0,--,10,40000,买盘
435,14:25:45,40.0,0.02,13,52000,买盘
436,14:25:42,39.98,--,15,59969,买盘
437,14:25:39,39.98,-0.01,10,39980,买盘
438,14:25:36,39.99,-0.01,18,71982,卖盘
439,14:25:33,40.0,--,7,28000,买盘
440,14:25:30,40.0,0.01,62,248000,买盘
441,14:25:27,39.99,0.03,5,19995,买盘
442,14:25:24,39.96,-0.03,41,163836,卖盘
443,14:25:21,39.99,--,22,87978,买盘
444,14:25:18,39.99,-0.01,9,35991,卖盘
445,14:25:15,40.0,--,3,12000,买盘
446,14:25:09,40.0,0.01,18,72000,买盘
447,14:25:06,39.99,0.04,1,3999,中性盘
448,14:25:03,39.95,-0.04,101,403495,卖盘
449,14:25:00,39.99,--,9,35991,买盘
450,14:24:57,39.99,0.04,2,7998,买盘
451,14:24:51,39.95,--,5,19975,买盘
452,14:24:48,39.95,--,12,47940,买盘
453,14:24:42,39.95,-0.05,17,67915,卖盘
454,14:24:39,40.0,0.01,2,8000,买盘
455,14:24:36,39.99,-0.01,6,23994,卖盘
456,14:24:33,40.0,--,20,80000,买盘
457,14:24:30,40.0,--,10,40000,买盘
458,14:24:27,40.0,--,1,4000,买盘
459,14:24:24,40.0,--,24,96000,买盘
460,14:24:21,40.0,--,21,84000,买盘
461,14:24:18,40.0,-0.02,315,1260000,卖盘
462,14:24:15,40.02,--,11,44022,买盘
463,14:24:12,40.02,0.01,19,76038,买盘
464,14:24:09,40.01,-0.01,3,12003,卖盘
465,14:24:06,40.02,--,6,24012,买盘
466,14:24:03,40.02,--,2,8004,买盘
467,14:24:00,40.02,--,1,4002,买盘
468,14:23:57,40.02,-0.05,295,1180590,卖盘
469,14:23:54,40.07,0.02,3,12021,买盘
470,14:23:51,40.05,-0.02,3,12015,卖盘
471,14:23:48,40.07,0.02,17,68119,买盘
472,14:23:45,40.05,--,1,4004,买盘
473,14:23:42,40.05,-0.02,100,400500,卖盘
474,14:23:39,40.07,0.01,1,4007,中性盘
475,14:23:36,40.06,-0.01,20,80120,卖盘
476,14:23:33,40.07,--,2,8014,中性盘
477,14:23:30,40.07,--,1,4007,卖盘
478,14:23:27,40.07,-0.03,3,12021,卖盘
479,14:23:24,40.1,--,6,24060,买盘
480,14:23:21,40.1,0.02,2,8020,买盘
481,14:23:18,40.08,0.01,16,64128,中性盘
482,14:23:12,40.07,-0.03,3,12021,卖盘
483,14:23:09,40.1,--,26,107187,卖盘
484,14:23:06,40.1,-0.02,35,141432,卖盘
485,14:23:00,40.12,--,5,20060,买盘
486,14:22:57,40.12,--,44,176528,卖盘
487,14:22:48,40.12,-0.03,49,196588,卖盘
488,14:22:45,40.15,-0.05,16,64240,卖盘
489,14:22:39,40.2,--,2,8040,买盘
490,14:22:36,40.2,--,2,8040,买盘
491,14:22:27,40.2,-0.02,53,213060,卖盘
492,14:22:24,40.22,-0.03,1,4022,卖盘
493,14:22:18,40.25,--,19,76475,买盘
494,14:22:15,40.25,-0.04,64,257600,卖盘
495,14:22:12,40.29,--,5,20145,卖盘
496,14:22:06,40.29,-0.01,4,16116,卖盘
497,14:22:03,40.3,0.01,10,40300,买盘
498,14:22:00,40.29,-0.01,1,4029,卖盘
499,14:21:57,40.3,--,3,12090,买盘
500,14:21:54,40.3,--,17,68510,买盘
501,14:21:51,40.3,--,9,36270,卖盘
502,14:21:48,40.3,-0.01,76,306280,卖盘
503,14:21:42,40.31,--,1,4031,买盘
504,14:21:36,40.31,-0.02,16,64496,卖盘
505,14:21:30,40.33,-0.02,1,4033,买盘
506,14:21:24,40.35,--,3,12105,卖盘
507,14:21:18,40.35,-0.05,1,4035,卖盘
508,14:21:15,40.4,0.05,1,4040,买盘
509,14:21:06,40.35,-0.05,45,181575,卖盘
510,14:20:54,40.4,--,1,4040,卖盘
511,14:20:51,40.4,-0.07,50,202000,卖盘
512,14:20:45,40.47,--,7,28329,买盘
513,14:20:24,40.47,--,7,28329,买盘
514,14:20:15,40.47,--,1,4047,中性盘
515,14:20:12,40.47,-0.01,2,8094,卖盘
516,14:20:03,40.48,--,2,8095,买盘
517,14:19:57,40.48,--,80,323840,卖盘
518,14:19:54,40.48,--,8,32383,卖盘
519,14:19:45,40.48,--,12,48575,买盘
520,14:19:42,40.48,--,1,4047,买盘
521,14:19:21,40.48,0.08,1,4047,买盘
522,14:19:12,40.4,0.05,155,626200,买盘
523,14:19:09,40.35,--,5,20175,卖盘
524,14:18:54,40.35,-0.05,1,4035,卖盘
525,14:18:51,40.4,0.05,7,28280,买盘
526,14:18:36,40.35,-0.05,6,24210,卖盘
527,14:18:33,40.4,--,12,48480,卖盘
528,14:18:30,40.4,--,1,4040,买盘
529,14:18:27,40.4,0.01,1,4040,买盘
530,14:18:24,40.39,-0.01,2,8078,卖盘
531,14:18:18,40.4,--,1,4040,买盘
532,14:18:15,40.4,-0.01,16,64640,卖盘
533,14:18:09,40.41,-0.08,235,949634,卖盘
534,14:18:00,40.49,0.07,103,417047,买盘
535,14:17:54,40.42,-0.03,30,121260,卖盘
536,14:17:45,40.45,-0.04,16,64720,卖盘
537,14:17:33,40.49,--,4,16196,买盘
538,14:17:30,40.49,0.03,1,4049,买盘
539,14:17:27,40.46,-0.03,1,4046,卖盘
540,14:17:24,40.49,--,3,12147,买盘
541,14:17:21,40.49,-0.01,121,489929,卖盘
542,14:17:18,40.5,--,1,4050,买盘
543,14:17:12,40.5,0.01,7,28350,买盘
544,14:17:09,40.49,-0.01,1,4049,中性盘
545,14:17:03,40.5,0.01,8,32400,买盘
546,14:17:00,40.49,-0.01,11,44539,卖盘
547,14:16:57,40.5,0.01,3,12150,买盘
548,14:16:54,40.49,-0.01,1,4049,卖盘
549,14:16:51,40.5,--,24,97200,买盘
550,14:16:45,40.5,0.02,10,40500,买盘
551,14:16:42,40.48,-0.01,3,12143,卖盘
552,14:16:39,40.49,--,13,52637,买盘
553,14:16:36,40.49,--,2,8098,买盘
554,14:16:33,40.49,0.06,1,4049,买盘
555,14:16:24,40.43,0.01,1,4043,中性盘
556,14:16:21,40.42,0.02,2,8084,卖盘
557,14:16:09,40.4,0.01,13,52520,买盘
558,14:16:06,40.39,-0.01,2,8078,卖盘
559,14:16:00,40.4,0.01,2,8080,买盘
560,14:15:54,40.39,--,31,125209,买盘
561,14:15:51,40.39,--,10,40390,买盘
562,14:15:45,40.39,0.04,3,12117,买盘
563,14:15:33,40.35,0.06,1,4035,买盘
564,14:15:24,40.29,--,2,8058,卖盘
565,14:15:21,40.29,-0.01,10,40290,卖盘
566,14:15:18,40.3,0.01,8,35786,买盘
567,14:15:15,40.29,--,117,471393,买盘
568,14:15:12,40.29,--,13,52377,买盘
569,14:15:09,40.29,--,15,60435,买盘
570,14:15:06,40.29,--,16,64464,买盘
571,14:15:03,40.29,--,7,28203,买盘
572,14:15:00,40.29,--,329,1326024,卖盘
573,14:14:54,40.29,--,104,422561,买盘
574,14:14:51,40.29,--,128,515712,卖盘
575,14:14:48,40.29,--,2,8058,中性盘
576,14:14:42,40.29,--,53,213537,买盘
577,14:14:39,40.29,--,14,56406,买盘
578,14:14:33,40.29,--,5,20145,买盘
579,14:14:30,40.29,--,3,12087,买盘
580,14:14:27,40.29,--,37,149073,买盘
581,14:14:24,40.29,--,41,165189,买盘
582,14:14:21,40.29,-0.01,95,382755,卖盘
583,14:14:18,40.3,0.01,15,60449,买盘
584,14:14:15,40.29,-0.01,5,20145,卖盘
585,14:14:12,40.3,--,3,12090,买盘
586,14:14:09,40.3,--,120,483599,买盘
587,14:14:06,40.3,--,18,72540,买盘
588,14:14:03,40.3,--,11,44330,买盘
589,14:14:00,40.3,--,25,100750,买盘
590,14:13:57,40.3,--,1,4029,买盘
591,14:13:54,40.3,-0.05,74,298220,卖盘
592,14:13:48,40.35,0.02,10,40350,买盘
593,14:13:45,40.33,0.03,8,32264,中性盘
594,14:13:42,40.3,-0.05,98,394940,卖盘
595,14:13:39,40.35,0.02,4,16140,买盘
596,14:13:36,40.33,-0.02,7,28231,卖盘
597,14:13:33,40.35,0.04,3,12105,买盘
598,14:13:27,40.31,-0.04,2,8062,卖盘
599,14:13:24,40.35,0.04,13,52455,买盘
600,14:13:18,40.31,-0.04,15,60465,卖盘
601,14:13:09,40.35,0.04,12,48420,买盘
602,14:13:03,40.31,0.01,5,20155,中性盘
603,14:12:54,40.3,-0.09,1,4029,卖盘
604,14:12:48,40.39,--,3,12117,买盘
605,14:12:36,40.39,0.09,5,20195,中性盘
606,14:12:33,40.3,--,2,8059,买盘
607,14:12:30,40.3,-0.1,47,189410,卖盘
608,14:12:18,40.4,0.02,15,60600,买盘
609,14:12:15,40.38,--,7,28266,买盘
610,14:12:12,40.38,-0.02,30,121140,卖盘
611,14:12:09,40.4,--,11,44440,买盘
612,14:12:06,40.4,0.02,2,8080,买盘
613,14:12:00,40.38,--,10,40380,卖盘
614,14:11:57,40.38,--,2,8076,卖盘
615,14:11:54,40.38,--,1,4038,卖盘
616,14:11:51,40.38,--,6,24228,卖盘
617,14:11:48,40.38,0.03,11,44418,买盘
618,14:11:45,40.35,--,1000,4035000,卖盘
619,14:11:42,40.35,--,60,242100,卖盘
620,14:11:39,40.35,0.06,14,56490,买盘
621,14:11:36,40.29,-0.06,60,241740,卖盘
622,14:11:33,40.35,0.05,19,76665,买盘
623,14:11:30,40.3,--,34,137020,买盘
624,14:11:27,40.3,--,25,100750,买盘
625,14:11:24,40.3,-0.05,52,209559,卖盘
626,14:11:18,40.35,-0.03,6,24210,卖盘
627,14:11:12,40.38,--,1,4038,买盘
628,14:11:09,40.38,-0.02,38,153444,卖盘
629,14:11:06,40.4,--,1,4040,买盘
630,14:11:03,40.4,--,2,8080,买盘
631,14:11:00,40.4,-0.09,53,214120,卖盘
632,14:10:57,40.49,--,7,28343,卖盘
633,14:10:54,40.49,0.02,18,72882,卖盘
634,14:10:51,40.47,-0.03,10,40470,卖盘
635,14:10:48,40.5,--,1,4050,买盘
636,14:10:45,40.5,--,2,8100,买盘
637,14:10:42,40.5,--,30,121500,买盘
638,14:10:39,40.5,--,8,32400,买盘
639,14:10:36,40.5,--,227,919350,卖盘
640,14:10:33,40.5,-0.05,182,737100,卖盘
641,14:10:30,40.55,--,3,12165,买盘
642,14:10:27,40.55,--,6,24330,买盘
643,14:10:24,40.55,0.04,1,4054,买盘
644,14:10:21,40.51,-0.04,14,56714,卖盘
645,14:10:18,40.55,--,68,275740,买盘
646,14:10:15,40.55,--,8,32439,买盘
647,14:10:12,40.55,--,1,4054,买盘
648,14:10:09,40.55,--,3,12165,卖盘
649,14:10:06,40.55,-0.02,2,8109,卖盘
650,14:10:03,40.57,--,21,85197,买盘
651,14:10:00,40.57,-0.01,9,36513,买盘
652,14:09:54,40.58,-0.07,54,219132,卖盘
653,14:09:48,40.65,--,2,8130,买盘
654,14:09:45,40.65,--,3,12195,买盘
655,14:09:42,40.65,-0.14,50,203250,卖盘
656,14:09:33,40.79,0.09,1,4079,买盘
657,14:09:30,40.7,--,3,12210,买盘
658,14:09:27,40.7,0.01,8,32560,卖盘
659,14:09:24,40.69,-0.01,17,69173,卖盘
660,14:09:18,40.7,--,33,134310,卖盘
661,14:09:12,40.7,-0.1,197,801790,卖盘
662,14:09:06,40.8,--,4,16319,卖盘
663,14:09:03,40.8,0.08,15,61199,中性盘
664,14:09:00,40.72,-0.08,56,228032,卖盘
665,14:08:51,40.8,-0.01,11,44880,卖盘
666,14:08:45,40.81,-0.01,10,40810,卖盘
667,14:08:42,40.82,0.01,1,4082,卖盘
668,14:08:36,40.81,-0.04,13,53053,卖盘
669,14:08:30,40.85,--,12,49020,买盘
670,14:08:24,40.85,--,55,224675,卖盘
671,14:08:18,40.85,-0.05,1,4085,卖盘
672,14:08:15,40.9,0.05,2,8180,买盘
673,14:07:54,40.85,--,1,4085,卖盘
674,14:07:48,40.85,--,1,4085,卖盘
675,14:07:36,40.85,-0.05,2,8170,卖盘
676,14:07:30,40.9,0.05,1,4090,买盘
677,14:07:27,40.85,-0.03,36,147060,卖盘
678,14:07:24,40.88,-0.04,113,461944,卖盘
679,14:07:12,40.92,--,15,61380,卖盘
680,14:07:06,40.92,--,10,40920,卖盘
681,14:06:57,40.92,-0.07,2,8184,卖盘
682,14:06:39,40.99,--,5,20495,买盘
683,14:06:36,40.99,0.07,1,4099,买盘
684,14:06:24,40.92,0.02,1,4092,卖盘
685,14:06:03,40.9,--,5,20450,卖盘
686,14:05:57,40.9,--,6,24540,卖盘
687,14:05:54,40.9,--,32,130880,买盘
688,14:05:51,40.9,--,18,73620,卖盘
689,14:05:42,40.9,--,40,163600,卖盘
690,14:05:39,40.9,--,11,44990,卖盘
691,14:05:33,40.9,-0.02,108,441720,卖盘
692,14:05:27,40.92,0.02,12,49104,买盘
693,14:05:24,40.9,-0.02,1,4090,卖盘
694,14:05:21,40.92,--,31,126852,买盘
695,14:05:18,40.92,--,1,4092,买盘
696,14:05:15,40.92,-0.08,7,28644,卖盘
697,14:05:12,41.0,--,15,61500,买盘
698,14:05:09,41.0,--,8,32800,买盘
699,14:05:00,41.0,0.01,4,16400,买盘
700,14:04:57,40.99,0.09,10,40990,卖盘
701,14:04:39,40.9,--,23,94070,买盘
702,14:04:36,40.9,0.01,3,12270,买盘
703,14:04:33,40.89,-0.01,9,36801,卖盘
704,14:04:30,40.9,--,7,28630,买盘
705,14:04:27,40.9,0.04,6,24540,买盘
706,14:04:24,40.86,-0.04,1,4086,卖盘
707,14:04:21,40.9,--,20,81800,买盘
708,14:04:18,40.9,0.04,37,151330,买盘
709,14:04:12,40.86,--,2,8172,买盘
710,14:04:09,40.86,--,20,81720,买盘
711,14:04:03,40.86,0.01,5,20430,买盘
712,14:04:00,40.85,--,10,40850,卖盘
713,14:03:57,40.85,--,14,60294,买盘
714,14:03:54,40.85,--,6,24510,买盘
715,14:03:51,40.85,0.04,1,4085,买盘
716,14:03:36,40.81,0.1,2,8162,买盘
717,14:03:33,40.71,-0.09,42,170982,卖盘
718,14:03:27,40.8,--,51,208080,卖盘
719,14:03:24,40.8,0.1,15,61199,买盘
720,14:03:21,40.7,-0.1,18,73260,卖盘
721,14:03:15,40.8,0.11,2,8159,买盘
722,14:03:12,40.69,-0.11,5,20345,卖盘
723,14:03:03,40.8,0.1,50,204000,买盘
724,14:02:57,40.7,--,1,4070,买盘
725,14:02:54,40.7,-0.1,38,154660,卖盘
726,14:02:51,40.8,-0.05,20,81600,卖盘
727,14:02:48,40.85,-0.01,38,155230,中性盘
728,14:02:45,40.86,--,1,4086,买盘
729,14:02:42,40.86,--,4,16344,买盘
730,14:02:39,40.86,0.01,18,73548,买盘
731,14:02:36,40.85,-0.01,4,16340,卖盘
732,14:02:33,40.86,-0.02,395,1613970,卖盘
733,14:02:30,40.88,-0.01,19,77672,卖盘
734,14:02:27,40.89,--,7,28623,买盘
735,14:02:24,40.89,--,10,40890,卖盘
736,14:02:21,40.89,-0.01,6,24534,卖盘
737,14:02:18,40.9,--,1,4090,买盘
738,14:02:06,40.9,-0.1,59,241310,卖盘
739,14:02:00,41.0,0.04,21,86100,买盘
740,14:01:57,40.96,-0.04,15,61440,卖盘
741,14:01:54,41.0,--,5,20500,买盘
742,14:01:51,41.0,--,1,4100,买盘
743,14:01:48,41.0,0.01,1,4100,买盘
744,14:01:45,40.99,-0.01,1,4099,中性盘
745,14:01:39,41.0,--,53,217300,买盘
746,14:01:30,41.0,--,2,8200,买盘
747,14:01:27,41.0,-0.06,880,3608000,卖盘
748,14:01:24,41.06,--,5,20530,买盘
749,14:01:21,41.06,-0.04,17,72306,卖盘
750,14:01:15,41.1,--,5,20550,买盘
751,14:01:06,41.1,0.01,10,41100,买盘
752,14:01:03,41.09,-0.01,77,320132,卖盘
753,14:01:00,41.1,--,10,41100,卖盘
754,14:00:54,41.1,--,1,4110,卖盘
755,14:00:42,41.1,--,1,4110,卖盘
756,14:00:33,41.1,-0.02,100,411000,卖盘
757,14:00:30,41.12,0.01,8,32896,买盘
758,14:00:24,41.11,-0.01,1,4111,卖盘
759,14:00:21,41.12,-0.02,24,98688,卖盘
760,14:00:15,41.14,--,10,41140,买盘
761,14:00:09,41.14,--,1,4114,买盘
762,14:00:06,41.14,--,6,24684,买盘
763,14:00:00,41.14,--,1,4114,买盘
764,13:59:57,41.14,-0.01,15,61710,卖盘
765,13:59:54,41.15,--,1,4115,买盘
766,13:59:36,41.15,0.01,4,16460,买盘
767,13:59:33,41.14,-0.01,2,8228,卖盘
768,13:59:27,41.15,--,2,8230,买盘
769,13:59:24,41.15,--,11,45265,买盘
770,13:59:21,41.15,--,1,4115,买盘
771,13:59:03,41.15,-0.05,3,12345,卖盘
772,13:59:00,41.2,0.05,10,41200,买盘
773,13:58:54,41.15,-0.05,1,4115,卖盘
774,13:58:48,41.2,0.02,1,4120,买盘
775,13:58:45,41.18,-0.02,2,8236,卖盘
776,13:58:39,41.2,-0.02,19,78280,卖盘
777,13:58:33,41.22,-0.03,1,4122,卖盘
778,13:58:30,41.25,--,1,4125,中性盘
779,13:58:24,41.25,-0.01,4,16500,卖盘
780,13:58:00,41.26,-0.01,20,82520,卖盘
781,13:57:54,41.27,--,2,8254,买盘
782,13:57:51,41.27,--,1,4127,买盘
783,13:57:39,41.27,--,17,70159,卖盘
784,13:57:24,41.27,-0.01,3,12381,卖盘
785,13:57:21,41.28,-0.05,1,4128,卖盘
786,13:56:57,41.33,0.05,1,4133,中性盘
787,13:56:54,41.28,-0.08,1,4128,卖盘
788,13:56:45,41.36,--,2,8272,买盘
789,13:56:36,41.36,0.01,19,78584,买盘
790,13:56:30,41.35,--,3,12405,买盘
791,13:56:12,41.35,--,2,8270,中性盘
792,13:56:00,41.35,0.07,1,4135,买盘
793,13:55:54,41.28,-0.07,1,4128,卖盘
794,13:55:45,41.35,--,10,41350,卖盘
795,13:55:42,41.35,--,1,4135,卖盘
796,13:55:39,41.35,--,14,57890,卖盘
797,13:55:36,41.35,--,6,24810,卖盘
798,13:55:24,41.35,--,1,4135,卖盘
799,13:55:18,41.35,-0.01,4,16540,卖盘
800,13:55:12,41.36,--,35,144760,卖盘
801,13:55:09,41.36,-0.01,16,66176,卖盘
802,13:54:54,41.37,-0.08,1,4137,卖盘
803,13:54:48,41.45,--,6,24870,卖盘
804,13:54:42,41.45,--,2,8290,卖盘
805,13:54:33,41.45,--,9,37305,卖盘
806,13:54:12,41.45,0.02,24,99480,买盘
807,13:54:03,41.43,--,11,45573,卖盘
808,13:54:00,41.43,--,4,16572,卖盘
809,13:53:54,41.43,--,2,8286,卖盘
810,13:53:51,41.43,0.08,19,78717,买盘
811,13:53:36,41.35,--,12,49620,卖盘
812,13:53:33,41.35,--,10,41350,卖盘
813,13:53:30,41.35,--,1,4135,卖盘
814,13:53:24,41.35,-0.03,3,12405,卖盘
815,13:53:21,41.38,--,3,12414,卖盘
816,13:53:15,41.38,-0.06,1,4138,卖盘
817,13:53:06,41.44,0.07,11,45584,买盘
818,13:52:54,41.37,--,1,4137,卖盘
819,13:52:51,41.37,0.01,1,4137,买盘
820,13:52:30,41.36,-0.01,40,165440,卖盘
821,13:52:24,41.37,0.02,1,4137,买盘
822,13:51:54,41.35,--,1,4135,卖盘
823,13:51:51,41.35,-0.06,1,4135,卖盘
824,13:51:45,41.41,--,2,8282,卖盘
825,13:51:42,41.41,--,1,4141,卖盘
826,13:51:39,41.41,0.04,32,132512,买盘
827,13:51:30,41.37,-0.04,1,4137,中性盘
828,13:51:27,41.41,0.05,1,4141,买盘
829,13:51:24,41.36,0.01,1,4136,中性盘
830,13:50:54,41.35,-0.06,1,4135,卖盘
831,13:50:45,41.41,0.06,8,33128,买盘
832,13:50:42,41.35,-0.06,1,4135,卖盘
833,13:50:33,41.41,--,3,12422,买盘
834,13:50:24,41.41,0.06,5,20705,买盘
835,13:50:21,41.35,-0.06,93,384555,卖盘
836,13:50:06,41.41,0.02,3,12422,买盘
837,13:50:00,41.39,--,1,4139,卖盘
838,13:49:54,41.39,-0.02,1,4139,卖盘
839,13:49:51,41.41,0.01,5,20705,买盘
840,13:49:42,41.4,0.01,4,16560,买盘
841,13:49:30,41.39,-0.01,9,37251,卖盘
842,13:49:27,41.4,0.01,2,8280,买盘
843,13:49:24,41.39,--,1,4139,卖盘
844,13:49:18,41.39,--,1,4139,卖盘
845,13:49:06,41.39,-0.01,1,4139,卖盘
846,13:48:45,41.4,-0.01,5,20700,中性盘
847,13:48:33,41.41,--,1,4141,卖盘
848,13:48:27,41.41,--,1,4141,卖盘
849,13:48:24,41.41,-0.01,1,4141,卖盘
850,13:48:09,41.42,--,1,4142,买盘
851,13:47:57,41.42,0.01,3,12426,买盘
852,13:47:54,41.41,--,1,4141,卖盘
853,13:47:42,41.41,--,2,8282,买盘
854,13:47:30,41.41,-0.01,2,8282,卖盘
855,13:47:24,41.42,0.01,9,37278,买盘
856,13:47:12,41.41,-0.01,2,8282,卖盘
857,13:47:03,41.42,0.01,1,4142,买盘
858,13:46:54,41.41,--,2,8282,卖盘
859,13:46:27,41.41,-0.01,1,4141,卖盘
860,13:46:24,41.42,0.01,5,20710,买盘
861,13:46:15,41.41,--,1,4141,卖盘
862,13:46:09,41.41,--,2,8282,卖盘
863,13:46:06,41.41,--,13,53832,卖盘
864,13:45:54,41.41,--,1,4141,卖盘
865,13:45:48,41.41,--,14,57973,卖盘
866,13:45:42,41.41,--,1,4141,卖盘
867,13:45:36,41.41,-0.01,2,8282,卖盘
868,13:45:21,41.42,0.01,3,12426,买盘
869,13:45:06,41.41,0.01,15,62114,买盘
870,13:45:00,41.4,--,6,24840,卖盘
871,13:44:54,41.4,-0.01,2,8280,卖盘
872,13:44:45,41.41,--,6,24845,买盘
873,13:44:36,41.41,0.01,1,4141,买盘
874,13:44:30,41.4,--,10,41400,卖盘
875,13:44:24,41.4,-0.01,1,4140,卖盘
876,13:44:18,41.41,0.01,1,4141,买盘
877,13:44:15,41.4,--,2,8280,卖盘
878,13:44:09,41.4,0.01,4,16560,买盘
879,13:43:57,41.39,--,7,28973,买盘
880,13:43:45,41.39,0.01,1,4139,买盘
881,13:43:24,41.38,--,1,4138,卖盘
882,13:43:18,41.38,--,18,74484,买盘
883,13:42:57,41.38,0.08,1,4138,买盘
884,13:42:54,41.3,--,1,4130,卖盘
885,13:42:39,41.3,0.03,3,12390,中性盘
886,13:42:24,41.27,--,1,4127,卖盘
887,13:42:18,41.27,-0.03,1,4127,卖盘
888,13:41:24,41.3,-0.03,1,4130,中性盘
889,13:41:12,41.33,-0.07,1,4133,卖盘
890,13:41:00,41.4,0.1,5,20700,买盘
891,13:40:54,41.3,-0.1,1,4130,卖盘
892,13:40:42,41.4,--,10,41400,买盘
893,13:40:36,41.4,0.13,1,4140,买盘
894,13:40:30,41.27,-0.11,51,210477,卖盘
895,13:40:24,41.38,0.1,10,41380,买盘
896,13:40:00,41.28,--,7,28896,买盘
897,13:39:45,41.28,--,2,8256,中性盘
898,13:39:33,41.28,--,2,8256,卖盘
899,13:39:24,41.28,-0.07,1,4128,卖盘
900,13:39:18,41.35,-0.04,1,4135,中性盘
901,13:39:03,41.39,--,4,16556,卖盘
902,13:38:54,41.39,-0.02,1,4139,卖盘
903,13:38:48,41.41,--,20,82820,买盘
904,13:38:45,41.41,--,9,37269,买盘
905,13:38:42,41.41,--,7,28986,卖盘
906,13:38:27,41.41,-0.02,8,33128,卖盘
907,13:38:18,41.43,-0.01,3,12429,中性盘
908,13:38:15,41.44,0.03,3,12432,买盘
909,13:38:03,41.41,--,2,8282,买盘
910,13:37:54,41.41,0.01,8,33128,买盘
911,13:37:42,41.4,0.01,19,80481,买盘
912,13:37:36,41.39,--,1,4139,买盘
913,13:37:33,41.39,--,5,20695,买盘
914,13:37:30,41.39,--,2,8278,买盘
915,13:37:27,41.39,0.06,2,8278,买盘
916,13:37:24,41.33,-0.07,1,4133,卖盘
917,13:37:15,41.4,0.14,2,8280,买盘
918,13:37:06,41.26,-0.14,2,8252,卖盘
919,13:37:03,41.4,0.14,8,33120,买盘
920,13:36:54,41.26,--,1,4126,卖盘
921,13:36:51,41.26,--,10,41260,卖盘
922,13:36:48,41.26,-0.14,5,22940,卖盘
923,13:36:45,41.4,0.18,93,385020,买盘
924,13:36:24,41.22,--,3,14014,买盘
925,13:36:21,41.22,0.02,8,32976,买盘
926,13:36:18,41.2,0.03,6,24720,买盘
927,13:36:15,41.17,-0.03,2,8234,卖盘
928,13:36:12,41.2,--,5,20600,买盘
929,13:36:06,41.2,-0.02,27,113712,卖盘
930,13:36:00,41.22,0.02,1,4122,买盘
931,13:35:54,41.2,-0.02,3,12360,卖盘
932,13:35:51,41.22,0.02,2,8244,买盘
933,13:35:45,41.2,0.05,26,108768,买盘
934,13:35:24,41.15,-0.05,1,4115,卖盘
935,13:35:09,41.2,--,2,8240,买盘
936,13:35:00,41.2,--,1,4120,买盘
937,13:34:54,41.2,0.06,2,8240,买盘
938,13:34:51,41.14,-0.01,2,8228,卖盘
939,13:34:48,41.15,--,3,12345,买盘
940,13:34:45,41.15,--,4,16460,买盘
941,13:34:42,41.15,--,1,4115,买盘
942,13:34:39,41.15,0.02,1,4115,买盘
943,13:34:27,41.13,0.01,1,4113,买盘
944,13:34:24,41.12,-0.01,1,4112,卖盘
945,13:34:15,41.13,0.01,1,4113,买盘
946,13:34:12,41.12,-0.01,7,28784,中性盘
947,13:34:06,41.13,0.02,2,8226,买盘
948,13:34:03,41.11,-0.01,44,180884,卖盘
949,13:33:54,41.12,--,1,4112,卖盘
950,13:33:51,41.12,0.01,1,4112,卖盘
951,13:33:45,41.11,-0.04,80,328880,卖盘
952,13:33:42,41.15,0.03,1,4115,买盘
953,13:33:39,41.12,-0.01,30,123359,卖盘
954,13:33:24,41.13,-0.02,1,4113,卖盘
955,13:33:15,41.15,-0.03,70,288050,卖盘
956,13:33:00,41.18,-0.01,5,20590,卖盘
957,13:32:51,41.19,--,3,12357,买盘
958,13:32:48,41.19,--,3,12357,买盘
959,13:32:45,41.19,-0.01,138,570893,卖盘
960,13:32:39,41.2,--,4,16480,卖盘
961,13:32:27,41.2,--,6,24720,卖盘
962,13:32:24,41.2,--,1,4120,卖盘
963,13:32:00,41.2,--,13,53560,卖盘
964,13:31:54,41.2,-0.02,38,156560,卖盘
965,13:31:51,41.22,0.02,2,8244,买盘
966,13:31:24,41.2,-0.02,1,4120,卖盘
967,13:31:09,41.22,--,1,4122,买盘
968,13:31:03,41.22,--,1,4122,卖盘
969,13:30:54,41.22,--,1,4122,卖盘
970,13:30:42,41.22,--,3,12366,买盘
971,13:30:30,41.22,--,1,4122,买盘
972,13:30:27,41.22,--,6,24732,买盘
973,13:30:24,41.22,0.02,2,8244,中性盘
974,13:30:03,41.2,--,1,4120,卖盘
975,13:29:54,41.2,-0.05,5,20600,卖盘
976,13:29:36,41.25,0.06,1,4125,买盘
977,13:28:54,41.19,--,1,4119,卖盘
978,13:28:24,41.19,-0.06,1,4119,卖盘
979,13:28:21,41.25,0.06,1,4125,买盘
980,13:28:03,41.19,--,1,5766,买盘
981,13:27:57,41.19,0.04,1,4119,买盘
982,13:27:54,41.15,-0.04,21,86415,卖盘
983,13:27:48,41.19,--,1,4119,买盘
984,13:27:24,41.19,0.06,1,4119,买盘
985,13:27:21,41.13,--,1,4113,卖盘
986,13:27:12,41.13,-0.02,10,41130,卖盘
987,13:27:03,41.15,0.02,8,32920,买盘
988,13:26:54,41.13,--,1,4113,卖盘
989,13:26:48,41.13,-0.02,18,74034,卖盘
990,13:26:45,41.15,--,10,41150,买盘
991,13:26:42,41.15,--,2,8230,买盘
992,13:26:33,41.15,--,1,4115,买盘
993,13:26:30,41.15,0.02,10,41150,买盘
994,13:26:24,41.13,-0.02,2,8226,卖盘
995,13:26:09,41.15,0.02,1,4115,买盘
996,13:25:57,41.13,--,1,4113,卖盘
997,13:25:51,41.13,-0.02,2,8226,卖盘
998,13:25:45,41.15,0.02,1,4115,买盘
999,13:25:42,41.13,--,5,21305,买盘
1000,13:25:39,41.13,--,25,102825,卖盘
1001,13:25:24,41.13,-0.02,1,4113,卖盘
1002,13:25:15,41.15,--,1,4115,买盘
1003,13:25:09,41.15,--,3,12345,卖盘
1004,13:24:54,41.15,-0.03,1,4115,卖盘
1005,13:24:42,41.18,-0.01,113,465375,卖盘
1006,13:24:33,41.19,--,5,20595,买盘
1007,13:24:24,41.19,--,16,69858,卖盘
1008,13:24:18,41.19,-0.01,17,70023,卖盘
1009,13:24:15,41.2,0.01,1,4120,买盘
1010,13:24:12,41.19,-0.01,2,8402,卖盘
1011,13:23:57,41.2,--,9,39716,卖盘
1012,13:23:27,41.2,-0.01,2,8240,卖盘
1013,13:23:24,41.21,-0.04,1,4121,中性盘
1014,13:23:15,41.25,--,62,259503,卖盘
1015,13:23:12,41.25,-0.01,4,16871,卖盘
1016,13:23:06,41.26,--,2,8252,卖盘
1017,13:22:54,41.26,-0.04,1,4126,卖盘
1018,13:22:51,41.3,0.05,1,4130,买盘
1019,13:22:48,41.25,-0.05,3,12375,卖盘
1020,13:22:24,41.3,0.1,2,8260,买盘
1021,13:22:12,41.2,--,1,6180,卖盘
1022,13:22:09,41.2,-0.05,3,14790,卖盘
1023,13:22:00,41.25,--,2,8250,买盘
1024,13:21:57,41.25,0.03,1,4125,买盘
1025,13:21:54,41.22,-0.03,1,4122,卖盘
1026,13:21:42,41.25,-0.15,1,4125,卖盘
1027,13:21:36,41.4,0.1,31,128340,买盘
1028,13:21:33,41.3,--,1,4130,买盘
1029,13:21:27,41.3,--,1,7929,卖盘
1030,13:21:24,41.3,--,1,4130,卖盘
1031,13:21:21,41.3,-0.01,8,33040,卖盘
1032,13:21:15,41.31,0.01,1,4131,卖盘
1033,13:21:12,41.3,--,1,6649,卖盘
1034,13:21:09,41.3,0.02,6,26762,卖盘
1035,13:20:57,41.28,0.06,60,251766,买盘
1036,13:20:54,41.22,-0.03,1,4122,卖盘
1037,13:20:45,41.25,0.02,5,20625,买盘
1038,13:20:42,41.23,--,17,70091,卖盘
1039,13:20:36,41.23,-0.02,1,4123,卖盘
1040,13:20:30,41.25,--,13,53625,卖盘
1041,13:20:27,41.25,--,1,4125,卖盘
1042,13:20:12,41.25,0.02,3,12375,买盘
1043,13:20:09,41.23,--,1,6761,卖盘
1044,13:20:06,41.23,-0.02,2,10101,卖盘
1045,13:20:03,41.25,--,21,86625,买盘
1046,13:19:57,41.25,0.02,1,4125,买盘
1047,13:19:54,41.23,-0.02,1,4123,卖盘
1048,13:19:51,41.25,0.02,3,12375,买盘
1049,13:19:24,41.23,-0.02,1,4123,卖盘
1050,13:19:18,41.25,0.02,1,4125,买盘
1051,13:19:09,41.23,--,1,5689,卖盘
1052,13:19:06,41.23,-0.03,2,11173,卖盘
1053,13:19:03,41.26,--,7,28882,买盘
1054,13:19:00,41.26,--,1,4126,买盘
1055,13:18:48,41.26,--,1,4126,买盘
1056,13:18:45,41.26,--,5,20630,买盘
1057,13:18:42,41.26,--,2,8252,买盘
1058,13:18:27,41.26,0.04,1,4126,买盘
1059,13:18:24,41.22,-0.04,2,8244,卖盘
1060,13:18:21,41.26,0.04,4,16504,买盘
1061,13:18:12,41.22,--,1,4122,卖盘
1062,13:18:09,41.22,--,2,10552,卖盘
1063,13:18:06,41.22,-0.04,2,10428,卖盘
1064,13:18:03,41.26,0.04,2,8252,买盘
1065,13:17:54,41.22,-0.04,1,4122,卖盘
1066,13:17:51,41.26,--,35,144410,买盘
1067,13:17:45,41.26,0.04,1,4126,买盘
1068,13:17:27,41.22,0.04,4,16488,买盘
1069,13:17:24,41.18,-0.04,1,4118,卖盘
1070,13:17:21,41.22,0.04,1,4122,买盘
1071,13:17:06,41.18,--,1,6218,卖盘
1072,13:17:03,41.18,--,2,10624,卖盘
1073,13:16:57,41.18,--,1,4118,卖盘
1074,13:16:48,41.18,--,7,28826,卖盘
1075,13:16:45,41.18,--,14,57652,卖盘
1076,13:16:36,41.18,--,9,37062,卖盘
1077,13:16:27,41.18,--,9,37062,卖盘
1078,13:16:24,41.18,--,1,4118,卖盘
1079,13:16:15,41.18,-0.02,9,37062,卖盘
1080,13:16:06,41.2,0.01,1,5108,中性盘
1081,13:16:03,41.19,-0.01,2,11739,卖盘
1082,13:15:57,41.2,--,5,20600,卖盘
1083,13:15:54,41.2,-0.06,1,4120,中性盘
1084,13:15:42,41.26,0.08,8,33008,买盘
1085,13:15:39,41.18,-0.02,30,123540,卖盘
1086,13:15:36,41.2,0.02,4,16480,买盘
1087,13:15:24,41.18,--,37,155701,买盘
1088,13:15:21,41.18,--,2,8236,买盘
1089,13:15:18,41.18,--,1,4118,买盘
1090,13:15:15,41.18,--,5,21372,卖盘
1091,13:15:03,41.18,--,1,5806,卖盘
1092,13:15:00,41.18,--,2,11036,卖盘
1093,13:14:54,41.18,-0.08,13,53534,卖盘
1094,13:14:45,41.26,0.08,22,90772,买盘
1095,13:14:33,41.18,-0.02,21,86478,卖盘
1096,13:14:27,41.2,0.02,11,45320,买盘
1097,13:14:15,41.18,--,21,86519,卖盘
1098,13:14:06,41.18,--,3,12354,卖盘
1099,13:14:03,41.18,0.03,33,138817,买盘
1100,13:14:00,41.15,--,9,37405,卖盘
1101,13:13:57,41.15,--,21,86415,卖盘
1102,13:13:54,41.15,--,1,4115,卖盘
1103,13:13:45,41.15,--,4,16460,买盘
1104,13:13:42,41.15,--,2,8230,买盘
1105,13:13:39,41.15,0.03,9,37035,买盘
1106,13:13:36,41.12,-0.03,30,123359,卖盘
1107,13:13:33,41.15,0.02,1,4115,买盘
1108,13:13:30,41.13,0.01,0,1521,买盘
1109,13:13:27,41.12,-0.01,6,24672,卖盘
1110,13:13:21,41.13,--,1,4113,买盘
1111,13:13:09,41.13,-0.02,1,6704,卖盘
1112,13:13:06,41.15,0.02,1,4115,买盘
1113,13:13:00,41.13,0.02,1,5634,中性盘
1114,13:12:57,41.11,-0.01,2,11181,卖盘
1115,13:12:54,41.12,0.01,1,4112,中性盘
1116,13:12:51,41.11,-0.01,58,238438,卖盘
1117,13:12:39,41.12,--,1,4112,买盘
1118,13:12:30,41.12,0.01,2,8224,买盘
1119,13:12:24,41.11,--,1,4111,卖盘
1120,13:12:18,41.11,--,4,16444,买盘
1121,13:12:09,41.11,0.01,1,4111,买盘
1122,13:11:57,41.1,--,4,16809,卖盘
1123,13:11:54,41.1,--,1,4110,卖盘
1124,13:11:48,41.1,0.01,2,8220,买盘
1125,13:11:42,41.09,-0.01,1,4109,卖盘
1126,13:11:36,41.1,0.02,2,8220,买盘
1127,13:11:30,41.08,0.02,6,27893,买盘
1128,13:11:27,41.06,--,1,5337,卖盘
1129,13:11:24,41.06,--,13,53378,卖盘
1130,13:11:15,41.06,-0.04,50,205300,卖盘
1131,13:11:09,41.1,0.04,1,4110,买盘
1132,13:10:57,41.06,-0.02,50,205300,卖盘
1133,13:10:54,41.08,--,1,4108,卖盘
1134,13:10:48,41.08,--,15,61620,卖盘
1135,13:10:45,41.08,--,1,4108,卖盘
1136,13:10:42,41.08,0.02,20,82529,买盘
1137,13:10:36,41.06,-0.02,15,61590,卖盘
1138,13:10:33,41.08,--,2,8216,买盘
1139,13:10:30,41.08,--,1,4108,买盘
1140,13:10:27,41.08,0.01,3,12324,买盘
1141,13:10:24,41.07,-0.01,1,4107,卖盘
1142,13:10:21,41.08,--,5,20540,买盘
1143,13:10:15,41.08,--,21,90006,卖盘
1144,13:10:09,41.08,-0.02,15,61620,卖盘
1145,13:10:06,41.1,--,9,36990,卖盘
1146,13:10:03,41.1,--,0,369,买盘
1147,13:10:00,41.1,--,2,8220,买盘
1148,13:09:57,41.1,--,1,4110,买盘
1149,13:09:54,41.1,--,1,4110,买盘
1150,13:09:45,41.1,--,1,4110,买盘
1151,13:09:36,41.1,--,14,61280,卖盘
1152,13:09:24,41.1,--,63,259299,卖盘
1153,13:09:15,41.1,-0.05,33,135630,卖盘
1154,13:09:12,41.15,--,1,4115,买盘
1155,13:09:09,41.15,--,2,8230,买盘
1156,13:09:03,41.15,--,1,4115,买盘
1157,13:08:54,41.15,-0.02,89,366235,卖盘
1158,13:08:51,41.17,--,3,12351,买盘
1159,13:08:48,41.17,-0.01,5,21778,卖盘
1160,13:08:45,41.18,--,2,8236,买盘
1161,13:08:39,41.18,0.01,2,8236,买盘
1162,13:08:33,41.17,-0.01,12,52327,卖盘
1163,13:08:27,41.18,--,1,4118,买盘
1164,13:08:24,41.18,-0.01,1,4118,卖盘
1165,13:08:00,41.19,-0.01,8,32952,卖盘
1166,13:07:45,41.2,-0.01,79,325480,卖盘
1167,13:07:36,41.21,--,6,24726,卖盘
1168,13:07:27,41.21,--,2,8242,卖盘
1169,13:07:24,41.21,0.01,202,834626,中性盘
1170,13:07:21,41.2,-0.02,2,10547,卖盘
1171,13:07:12,41.22,0.02,1,4122,买盘
1172,13:07:09,41.2,--,10,41200,卖盘
1173,13:07:00,41.2,-0.02,3,12360,卖盘
1174,13:06:54,41.22,-0.04,1,4122,卖盘
1175,13:06:33,41.26,0.05,4,16504,买盘
1176,13:06:27,41.21,-0.05,265,1092065,卖盘
1177,13:06:24,41.26,--,1,4126,买盘
1178,13:06:21,41.26,0.04,16,66016,买盘
1179,13:05:54,41.22,-0.04,2,8244,卖盘
1180,13:05:51,41.26,0.01,2,8252,买盘
1181,13:05:45,41.25,-0.01,4,16500,卖盘
1182,13:05:27,41.26,--,22,90772,买盘
1183,13:05:24,41.26,--,14,58960,卖盘
1184,13:05:21,41.26,--,2,10273,卖盘
1185,13:05:18,41.26,--,2,10727,卖盘
1186,13:05:12,41.26,--,12,52070,卖盘
1187,13:05:09,41.26,--,10,41260,卖盘
1188,13:04:57,41.26,--,20,82520,卖盘
1189,13:04:54,41.26,--,1,4126,卖盘
1190,13:04:45,41.26,--,27,111402,买盘
1191,13:04:30,41.26,--,2,8252,卖盘
1192,13:04:09,41.26,0.05,3,12378,卖盘
1193,13:03:57,41.21,--,58,239018,卖盘
1194,13:03:54,41.21,--,1,4121,卖盘
1195,13:03:39,41.21,-0.02,3,12363,卖盘
1196,13:03:30,41.23,--,2,8246,买盘
1197,13:03:27,41.23,0.03,2,8246,买盘
1198,13:03:24,41.2,--,1,4120,卖盘
1199,13:03:21,41.2,-0.03,58,238960,卖盘
1200,13:03:18,41.23,--,1,4865,卖盘
1201,13:03:15,41.23,-0.05,2,11997,中性盘
1202,13:03:09,41.28,-0.01,5,20640,卖盘
1203,13:03:03,41.29,--,1,4129,买盘
1204,13:02:54,41.29,-0.01,3,12387,卖盘
1205,13:02:51,41.3,--,5,20650,买盘
1206,13:02:48,41.3,--,6,24780,买盘
1207,13:02:42,41.3,--,1,4130,买盘
1208,13:02:36,41.3,--,11,49188,卖盘
1209,13:02:09,41.3,-0.1,13,53689,卖盘
1210,13:02:06,41.4,0.07,3,12420,买盘
1211,13:01:54,41.33,--,6,24798,卖盘
1212,13:01:51,41.33,--,1,4133,卖盘
1213,13:01:24,41.33,--,1,4133,卖盘
1214,13:01:18,41.33,-0.05,4,18846,卖盘
1215,13:01:15,41.38,0.03,5,22883,买盘
1216,13:01:12,41.35,--,2,8270,买盘
1217,13:01:06,41.35,--,1,4135,买盘
1218,13:01:00,41.35,--,29,119915,卖盘
1219,13:00:54,41.35,--,6,24810,卖盘
1220,13:00:24,41.35,-0.05,9,37215,卖盘
1221,13:00:06,41.4,--,5,20700,买盘
1222,13:00:03,41.4,-0.08,65,271749,卖盘
1223,13:00:00,41.48,--,0,0,买盘
1224,11:30:00,41.48,--,0,0,买盘
1225,11:29:57,41.48,0.07,8,33184,买盘
1226,11:29:54,41.41,--,2,8282,卖盘
1227,11:29:42,41.41,--,40,165640,卖盘
1228,11:29:33,41.41,-0.07,1,4141,卖盘
1229,11:29:30,41.48,-0.01,0,3774,卖盘
1230,11:29:24,41.49,0.01,1,4149,中性盘
1231,11:29:15,41.48,--,1,5599,卖盘
1232,11:29:12,41.48,-0.02,2,11365,卖盘
1233,11:29:09,41.5,--,1,4150,买盘
1234,11:28:42,41.5,--,16,67977,卖盘
1235,11:28:24,41.5,--,1,4150,卖盘
1236,11:27:57,41.5,-0.01,36,149400,卖盘
1237,11:27:54,41.51,--,1,4151,卖盘
1238,11:27:48,41.51,-0.09,2,8302,卖盘
1239,11:27:42,41.6,-0.09,10,41600,中性盘
1240,11:27:27,41.69,0.18,3,12507,买盘
1241,11:27:24,41.51,0.01,1,4151,中性盘
1242,11:27:12,41.5,--,1,6474,卖盘
1243,11:27:09,41.5,-0.1,2,10499,卖盘
1244,11:26:54,41.6,--,1,4160,卖盘
1245,11:26:45,41.6,0.1,7,31324,买盘
1246,11:26:42,41.5,--,5,20750,卖盘
1247,11:26:24,41.5,-0.1,1,4150,卖盘
1248,11:25:54,41.6,--,1,6115,卖盘
1249,11:25:51,41.6,--,2,8320,卖盘
1250,11:25:27,41.6,-0.1,3,13936,卖盘
1251,11:25:24,41.7,0.1,20,83400,买盘
1252,11:25:21,41.6,--,2,8320,卖盘
1253,11:25:15,41.6,-0.1,36,149760,卖盘
1254,11:25:12,41.7,0.1,5,21225,买盘
1255,11:25:09,41.6,--,1,4160,卖盘
1256,11:24:54,41.6,--,51,212534,买盘
1257,11:24:36,41.6,0.1,1,4160,买盘
1258,11:24:24,41.5,-0.1,1,4150,卖盘
1259,11:24:21,41.6,0.12,16,66560,买盘
1260,11:23:57,41.48,-0.12,2,8296,卖盘
1261,11:23:51,41.6,--,2,8320,买盘
1262,11:23:45,41.6,--,1,7904,卖盘
1263,11:23:33,41.6,--,21,87360,卖盘
1264,11:23:27,41.6,0.1,57,237161,买盘
1265,11:23:24,41.5,--,1,4150,卖盘
1266,11:23:21,41.5,--,6,24900,卖盘
1267,11:23:12,41.5,--,1,6308,卖盘
1268,11:23:09,41.5,--,2,10665,卖盘
1269,11:23:00,41.5,--,2,8300,卖盘
1270,11:22:54,41.5,-0.1,1,4150,中性盘
1271,11:22:45,41.6,--,1,4160,买盘
1272,11:22:27,41.6,--,1,4160,卖盘
1273,11:22:24,41.6,--,1,4160,卖盘
1274,11:22:15,41.6,--,1,4160,卖盘
1275,11:22:12,41.6,--,1,4160,卖盘
1276,11:21:57,41.6,--,2,8320,卖盘
1277,11:21:54,41.6,-0.01,16,69264,卖盘
1278,11:21:51,41.61,0.01,5,20805,买盘
1279,11:21:48,41.6,--,3,13561,卖盘
1280,11:21:24,41.6,-0.01,1,4160,卖盘
1281,11:21:09,41.61,0.01,3,13564,买盘
1282,11:21:06,41.6,--,2,11772,卖盘
1283,11:21:03,41.6,--,3,12480,卖盘
1284,11:20:54,41.6,--,2,8320,卖盘
1285,11:20:48,41.6,--,5,20800,卖盘
1286,11:20:36,41.6,0.15,23,95680,买盘
1287,11:20:27,41.45,0.03,6,25947,买盘
1288,11:20:24,41.42,-0.03,56,235389,卖盘
1289,11:20:15,41.45,--,1,4145,买盘
1290,11:20:12,41.45,--,1,4145,买盘
1291,11:19:51,41.45,0.03,4,17284,买盘
1292,11:19:48,41.42,--,2,8284,买盘
1293,11:19:45,41.42,--,6,24852,买盘
1294,11:19:42,41.42,--,3,12426,买盘
1295,11:19:39,41.42,0.02,20,82840,买盘
1296,11:19:36,41.4,-0.01,14,57960,卖盘
1297,11:19:24,41.41,-0.01,15,65552,卖盘
1298,11:19:18,41.42,--,1,4142,卖盘
1299,11:19:12,41.42,--,4,16568,卖盘
1300,11:19:09,41.42,0.01,40,166384,买盘
1301,11:19:06,41.41,--,35,146798,卖盘
1302,11:19:03,41.41,-0.01,2,10932,卖盘
1303,11:18:57,41.42,0.01,1,4142,买盘
1304,11:18:54,41.41,-0.01,1,4141,卖盘
1305,11:18:51,41.42,-0.01,12,52727,卖盘
1306,11:18:45,41.43,--,1,4143,买盘
1307,11:18:24,41.43,--,0,3770,卖盘
1308,11:18:15,41.43,--,1,4143,卖盘
1309,11:17:57,41.43,-0.01,1,4515,卖盘
1310,11:17:54,41.44,-0.02,1,4144,卖盘
1311,11:17:48,41.46,-0.03,2,8292,买盘
1312,11:17:36,41.49,--,1,4149,买盘
1313,11:17:33,41.49,0.06,22,95053,买盘
1314,11:17:24,41.43,-0.06,1,4143,卖盘
1315,11:17:12,41.49,0.02,1,4149,中性盘
1316,11:17:06,41.47,--,1,4851,卖盘
1317,11:17:03,41.47,-0.02,2,12109,卖盘
1318,11:16:57,41.49,0.02,18,74682,买盘
1319,11:16:54,41.47,-0.02,3,12441,卖盘
1320,11:16:33,41.49,0.02,3,12447,买盘
1321,11:16:30,41.47,0.04,14,58058,买盘
1322,11:16:18,41.43,--,7,29001,卖盘
1323,11:16:15,41.43,-0.04,2,8286,卖盘
1324,11:16:12,41.47,0.04,1,4147,中性盘
1325,11:15:54,41.43,-0.06,1,4143,卖盘
1326,11:15:51,41.49,-0.01,4,16596,买盘
1327,11:15:48,41.5,0.08,3,12450,买盘
1328,11:15:36,41.42,-0.01,3,13171,卖盘
1329,11:15:33,41.43,-0.01,1,4143,卖盘
1330,11:15:27,41.44,0.01,1,4144,买盘
1331,11:15:24,41.43,--,3,12429,卖盘
1332,11:15:21,41.43,--,2,8286,卖盘
1333,11:15:03,41.43,-0.08,6,25230,中性盘
1334,11:14:30,41.51,-0.03,4,16604,卖盘
1335,11:14:27,41.54,--,19,78926,买盘
1336,11:14:24,41.54,0.03,2,8308,买盘
1337,11:13:54,41.51,-0.03,2,8302,卖盘
1338,11:13:51,41.54,-0.01,7,29078,中性盘
1339,11:13:33,41.55,0.01,5,20775,买盘
1340,11:13:30,41.54,--,1,7934,卖盘
1341,11:13:18,41.54,--,5,20770,卖盘
1342,11:13:06,41.54,--,8,33232,卖盘
1343,11:13:03,41.54,--,1,5857,卖盘
1344,11:13:00,41.54,--,7,31902,卖盘
1345,11:12:57,41.54,--,2,8308,卖盘
1346,11:12:45,41.54,0.03,30,124620,买盘
1347,11:12:39,41.51,0.1,2,8302,中性盘
1348,11:12:36,41.41,-0.09,50,207049,卖盘
1349,11:12:24,41.5,--,1,4150,卖盘
1350,11:12:15,41.5,--,6,24900,卖盘
1351,11:12:12,41.5,-0.04,25,103750,卖盘
1352,11:12:03,41.54,0.04,1,4154,买盘
1353,11:11:54,41.5,--,1,4150,卖盘
1354,11:11:51,41.5,--,24,99600,卖盘
1355,11:11:45,41.5,-0.04,7,29050,卖盘
1356,11:11:42,41.54,0.04,15,62310,买盘
1357,11:11:33,41.5,-0.02,48,199947,卖盘
1358,11:11:30,41.52,--,5,20760,卖盘
1359,11:11:24,41.52,0.02,14,58128,买盘
1360,11:11:18,41.5,--,60,249000,卖盘
1361,11:11:12,41.5,-0.02,5,20750,卖盘
1362,11:11:03,41.52,0.02,3,13244,买盘
1363,11:11:00,41.5,-0.01,13,57685,卖盘
1364,11:10:42,41.51,-0.03,7,29057,卖盘
1365,11:10:36,41.54,-0.01,5,20770,中性盘
1366,11:10:30,41.55,--,2,8310,买盘
1367,11:10:27,41.55,0.01,5,23641,买盘
1368,11:10:24,41.54,--,1,4154,卖盘
1369,11:10:21,41.54,--,3,12462,卖盘
1370,11:10:18,41.54,-0.02,11,45694,卖盘
1371,11:10:09,41.56,0.02,4,16624,买盘
1372,11:10:06,41.54,-0.04,40,168777,卖盘
1373,11:09:57,41.58,0.03,4,16632,买盘
1374,11:09:54,41.55,-0.01,1,4155,卖盘
1375,11:09:51,41.56,--,3,12468,卖盘
1376,11:09:48,41.56,-0.02,20,83120,卖盘
1377,11:09:42,41.58,-0.01,10,41580,卖盘
1378,11:09:39,41.59,--,28,120236,卖盘
1379,11:09:30,41.59,--,3,12477,卖盘
1380,11:09:27,41.59,--,5,20795,卖盘
1381,11:09:24,41.59,--,5,20795,卖盘
1382,11:09:21,41.59,--,1,4159,卖盘
1383,11:09:18,41.59,--,9,37431,卖盘
1384,11:09:15,41.59,--,10,41590,卖盘
1385,11:09:12,41.59,--,34,141406,卖盘
1386,11:09:06,41.59,--,1,4159,卖盘
1387,11:09:00,41.59,--,1,6238,卖盘
1388,11:08:57,41.59,-0.01,2,10771,卖盘
1389,11:08:54,41.6,-0.01,28,120099,卖盘
1390,11:08:51,41.61,0.01,10,41610,买盘
1391,11:08:48,41.6,-0.01,3,12480,卖盘
1392,11:08:36,41.61,--,10,44689,卖盘
1393,11:08:27,41.61,--,2,8322,卖盘
1394,11:08:24,41.61,-0.09,1,4161,卖盘
1395,11:08:15,41.7,--,5,20850,卖盘
1396,11:08:12,41.7,--,1,4170,卖盘
1397,11:08:00,41.7,--,1,4170,卖盘
1398,11:07:57,41.7,--,42,175140,卖盘
1399,11:07:54,41.7,-0.1,1,4170,卖盘
1400,11:07:36,41.8,--,0,250,卖盘
1401,11:07:21,41.8,0.1,4,20649,买盘
1402,11:07:09,41.7,0.09,1,4170,中性盘
1403,11:06:57,41.61,-0.09,4,17018,卖盘
1404,11:06:54,41.7,--,1,4170,卖盘
1405,11:06:42,41.7,--,3,12510,卖盘
1406,11:06:24,41.7,--,1,4170,卖盘
1407,11:06:21,41.7,-0.01,25,104250,卖盘
1408,11:06:09,41.71,--,7,32617,卖盘
1409,11:05:36,41.71,--,1,4171,卖盘
1410,11:05:24,41.71,--,1,4171,卖盘
1411,11:04:57,41.71,-0.01,1,4796,卖盘
1412,11:04:54,41.72,-0.08,3,16437,卖盘
1413,11:04:27,41.8,--,0,250,卖盘
1414,11:04:24,41.8,--,2,12456,卖盘
1415,11:04:18,41.8,-0.1,1,8192,中性盘
1416,11:03:48,41.9,0.18,2,8380,买盘
1417,11:03:42,41.72,--,2,8344,卖盘
1418,11:03:24,41.72,-0.18,1,4172,中性盘
1419,11:03:00,41.9,0.19,1,4190,买盘
1420,11:02:54,41.71,--,2,10552,卖盘
1421,11:02:51,41.71,-0.01,2,10677,卖盘
1422,11:02:24,41.72,0.01,1,4172,中性盘
1423,11:01:54,41.71,0.01,1,4171,卖盘
1424,11:01:48,41.7,--,1,4170,卖盘
1425,11:01:36,41.7,0.1,1,4878,买盘
1426,11:01:24,41.6,--,1,4160,卖盘
1427,11:01:00,41.6,--,1,4160,卖盘
1428,11:00:54,41.6,-0.1,1,4160,卖盘
1429,11:00:51,41.7,-0.23,4,19640,卖盘
1430,11:00:30,41.93,--,0,1761,买盘
1431,11:00:09,41.93,0.35,15,62895,买盘
1432,10:59:54,41.58,--,11,45738,卖盘
1433,10:59:45,41.58,0.02,5,23617,卖盘
1434,10:59:42,41.56,--,12,49872,买盘
1435,10:59:30,41.56,--,4,16624,卖盘
1436,10:59:24,41.56,-0.02,1,4156,卖盘
1437,10:59:18,41.58,-0.04,5,22120,卖盘
1438,10:59:15,41.62,0.02,7,31964,买盘
1439,10:59:09,41.6,-0.02,82,342825,卖盘
1440,10:59:06,41.62,--,11,45782,买盘
1441,10:59:00,41.62,-0.02,0,3787,卖盘
1442,10:58:57,41.64,0.02,1,4164,买盘
1443,10:58:51,41.62,--,4,17022,中性盘
1444,10:58:42,41.62,-0.02,10,41620,卖盘
1445,10:58:39,41.64,--,14,58296,买盘
1446,10:58:33,41.64,-0.01,2,8328,买盘
1447,10:58:30,41.65,-0.01,13,54145,卖盘
1448,10:58:27,41.66,--,18,74988,买盘
1449,10:58:24,41.66,0.05,2,8332,买盘
1450,10:58:21,41.61,--,2,8322,卖盘
1451,10:58:18,41.61,-0.07,23,95703,卖盘
1452,10:58:00,41.68,0.07,20,83360,买盘
1453,10:57:51,41.61,0.01,4,16644,中性盘
1454,10:57:39,41.6,-0.01,280,1166921,卖盘
1455,10:57:36,41.61,0.01,1,4161,中性盘
1456,10:57:33,41.6,--,6,24960,卖盘
1457,10:57:30,41.6,--,41,170560,卖盘
1458,10:57:27,41.6,-0.01,40,166400,卖盘
1459,10:57:24,41.61,0.01,1,4161,买盘
1460,10:57:18,41.6,--,8,33280,卖盘
1461,10:57:15,41.6,--,4,16640,卖盘
1462,10:57:12,41.6,-0.01,24,99840,卖盘
1463,10:57:09,41.61,0.01,9,37449,买盘
1464,10:57:06,41.6,--,100,416000,卖盘
1465,10:56:57,41.6,-0.01,20,83200,卖盘
1466,10:56:51,41.61,-0.01,1,5326,卖盘
1467,10:56:39,41.62,-0.03,12,53356,卖盘
1468,10:56:36,41.65,-0.05,1,4165,卖盘
1469,10:56:21,41.7,-0.03,1,4170,卖盘
1470,10:56:12,41.73,-0.02,1,4173,卖盘
1471,10:56:00,41.75,--,32,136564,卖盘
1472,10:55:54,41.75,--,2,8350,卖盘
1473,10:55:51,41.75,--,5,20875,卖盘
1474,10:55:48,41.75,-0.01,23,96025,卖盘
1475,10:55:30,41.76,-0.01,25,104400,卖盘
1476,10:55:27,41.77,--,8,33416,卖盘
1477,10:55:24,41.77,--,1,4177,卖盘
1478,10:55:21,41.77,--,12,50124,卖盘
1479,10:55:18,41.77,--,36,150372,卖盘
1480,10:55:15,41.77,--,1,4177,卖盘
1481,10:55:09,41.77,--,5,20885,卖盘
1482,10:54:57,41.77,--,6,25062,卖盘
1483,10:54:54,41.77,-0.03,31,129487,卖盘
1484,10:54:51,41.8,-0.01,1,4180,卖盘
1485,10:54:48,41.81,--,2,8362,买盘
1486,10:54:45,41.81,-0.01,7,30730,卖盘
1487,10:54:42,41.82,--,3,14344,卖盘
1488,10:54:33,41.82,--,2,9953,卖盘
1489,10:54:24,41.82,--,2,8364,卖盘
1490,10:54:18,41.82,-0.03,10,44161,卖盘
1491,10:54:09,41.85,--,8,37413,卖盘
1492,10:54:03,41.85,--,10,42226,卖盘
1493,10:53:54,41.85,--,3,12555,卖盘
1494,10:53:51,41.85,-0.13,24,100440,卖盘
1495,10:53:39,41.98,-0.12,1,4198,中性盘
1496,10:53:33,42.1,0.16,5,21050,买盘
1497,10:53:30,41.94,--,10,42652,卖盘
1498,10:53:24,41.94,--,1,4194,卖盘
1499,10:53:21,41.94,--,1,4445,卖盘
1500,10:53:15,41.94,--,0,1593,卖盘
1501,10:53:06,41.94,-0.06,0,1635,卖盘
1502,10:52:54,42.0,--,1,4200,卖盘
1503,10:52:51,42.0,--,1,6468,卖盘
1504,10:52:45,42.0,0.06,4,17178,卖盘
1505,10:52:42,41.94,0.01,2,10275,买盘
1506,10:52:39,41.93,0.11,1,5031,买盘
1507,10:52:30,41.82,--,5,20910,卖盘
1508,10:52:27,41.82,--,0,878,卖盘
1509,10:52:24,41.82,--,1,4182,卖盘
1510,10:52:18,41.82,--,3,14093,卖盘
1511,10:52:09,41.82,--,0,1547,卖盘
1512,10:52:00,41.82,--,6,28395,卖盘
1513,10:51:54,41.82,0.01,6,26346,中性盘
1514,10:51:45,41.81,-0.13,5,22870,卖盘
1515,10:51:36,41.94,--,9,37829,卖盘
1516,10:51:30,41.94,-0.16,12,51502,卖盘
1517,10:51:27,42.1,--,37,155770,卖盘
1518,10:51:24,42.1,0.16,14,58940,买盘
1519,10:51:21,41.94,--,11,50202,卖盘
1520,10:51:15,41.94,--,1,4194,卖盘
1521,10:51:12,41.94,--,3,15140,卖盘
1522,10:51:06,41.94,0.04,3,14301,卖盘
1523,10:51:03,41.9,--,12,53254,买盘
1524,10:50:54,41.9,0.09,6,25140,买盘
1525,10:50:45,41.81,--,1,6689,卖盘
1526,10:50:42,41.81,-0.09,2,10410,卖盘
1527,10:50:33,41.9,--,9,41229,卖盘
1528,10:50:27,41.9,--,12,50280,卖盘
1529,10:50:24,41.9,--,36,151552,卖盘
1530,10:50:21,41.9,--,1,4190,卖盘
1531,10:50:18,41.9,--,35,146859,卖盘
1532,10:50:09,41.9,0.02,4,20237,卖盘
1533,10:50:06,41.88,0.02,34,142852,买盘
1534,10:49:57,41.86,-0.02,55,231904,卖盘
1535,10:49:54,41.88,--,5,22908,卖盘
1536,10:49:45,41.88,0.01,0,2680,买盘
1537,10:49:39,41.87,0.01,2,8834,买盘
1538,10:49:36,41.86,-0.01,0,1590,卖盘
1539,10:49:27,41.87,0.01,1,4187,买盘
1540,10:49:24,41.86,-0.01,1,4186,卖盘
1541,10:49:21,41.87,-0.01,4,19804,卖盘
1542,10:49:18,41.88,0.01,0,83,买盘
1543,10:49:15,41.87,--,7,32072,卖盘
1544,10:49:06,41.87,--,7,31779,卖盘
1545,10:48:57,41.87,0.07,1,4187,卖盘
1546,10:48:54,41.8,--,1,4180,卖盘
1547,10:48:51,41.8,-0.08,2,11871,卖盘
1548,10:48:42,41.88,0.02,4,20688,买盘
1549,10:48:36,41.86,-0.01,3,14860,卖盘
1550,10:48:33,41.87,--,1,8332,卖盘
1551,10:48:27,41.87,--,1,6824,卖盘
1552,10:48:24,41.87,--,1,4187,卖盘
1553,10:48:21,41.87,0.01,0,1046,买盘
1554,10:48:18,41.86,--,1,7199,卖盘
1555,10:48:09,41.86,--,0,1172,卖盘
1556,10:48:03,41.86,--,0,1213,卖盘
1557,10:47:54,41.86,-0.15,1,4186,卖盘
1558,10:47:48,42.01,0.15,1,4201,买盘
1559,10:47:45,41.86,-0.01,0,3055,卖盘
1560,10:47:39,41.87,0.01,0,1381,买盘
1561,10:47:24,41.86,--,1,4186,卖盘
1562,10:47:15,41.86,-0.01,0,2093,卖盘
1563,10:47:06,41.87,0.01,1,4521,卖盘
1564,10:47:03,41.86,0.01,3,15278,买盘
1565,10:46:57,41.85,--,2,10546,卖盘
1566,10:46:54,41.85,--,1,4185,卖盘
1567,10:46:42,41.85,-0.01,1,5942,卖盘
1568,10:46:39,41.86,--,5,24404,卖盘
1569,10:46:33,41.86,--,4,17957,卖盘
1570,10:46:24,41.86,-0.01,5,22813,卖盘
1571,10:46:12,41.87,--,1,8164,卖盘
1572,10:46:09,41.87,-0.03,0,3182,卖盘
1573,10:46:06,41.9,0.03,3,13785,买盘
1574,10:45:54,41.87,-0.03,1,4187,卖盘
1575,10:45:51,41.9,--,0,2346,卖盘
1576,10:45:45,41.9,--,1,4399,卖盘
1577,10:45:36,41.9,--,0,209,卖盘
1578,10:45:30,41.9,0.04,1,5614,买盘
1579,10:45:24,41.86,-0.03,1,4186,卖盘
1580,10:45:21,41.89,-0.01,0,167,卖盘
1581,10:45:12,41.9,--,1,7709,卖盘
1582,10:45:03,41.9,--,3,13910,卖盘
1583,10:44:57,41.9,0.01,10,45587,买盘
1584,10:44:54,41.89,--,1,4189,卖盘
1585,10:44:48,41.89,--,11,49220,卖盘
1586,10:44:39,41.89,0.03,4,17133,中性盘
1587,10:44:24,41.86,-0.04,2,8372,卖盘
1588,10:44:18,41.9,--,0,1089,卖盘
1589,10:44:15,41.9,--,0,2304,卖盘
1590,10:44:09,41.9,--,0,2346,卖盘
1591,10:43:54,41.9,--,1,4190,卖盘
1592,10:43:51,41.9,--,1,6117,卖盘
1593,10:43:45,41.9,--,1,7709,卖盘
1594,10:43:36,41.9,--,1,4231,卖盘
1595,10:43:27,41.9,0.04,0,1340,中性盘
1596,10:43:24,41.86,-0.02,1,4186,卖盘
1597,10:43:21,41.88,--,0,2680,卖盘
1598,10:43:12,41.88,--,0,3266,卖盘
1599,10:43:06,41.88,0.02,0,1675,中性盘
1600,10:42:57,41.86,-0.01,3,15823,卖盘
1601,10:42:54,41.87,0.01,1,4187,卖盘
1602,10:42:48,41.86,0.01,5,21306,中性盘
1603,10:42:39,41.85,--,1,5859,卖盘
1604,10:42:36,41.85,-0.01,5,21803,卖盘
1605,10:42:33,41.86,--,0,1130,卖盘
1606,10:42:24,41.86,-0.01,1,7451,卖盘
1607,10:42:18,41.87,0.01,1,4187,买盘
1608,10:42:15,41.86,--,14,59817,卖盘
1609,10:42:09,41.86,-0.01,8,34157,卖盘
1610,10:42:03,41.87,0.01,1,4187,买盘
1611,10:42:00,41.86,-0.01,2,10465,卖盘
1612,10:41:57,41.87,0.02,5,21730,买盘
1613,10:41:51,41.85,--,3,15777,买盘
1614,10:41:36,41.85,--,1,4185,买盘
1615,10:41:30,41.85,-0.02,12,50220,卖盘
1616,10:41:24,41.87,0.12,1,4187,中性盘
1617,10:41:21,41.75,-0.13,109,455075,卖盘
1618,10:41:12,41.88,0.01,1,4188,卖盘
1619,10:41:06,41.87,--,3,15491,卖盘
1620,10:41:03,41.87,0.02,1,4187,中性盘
1621,10:40:57,41.85,--,53,224650,买盘
1622,10:40:54,41.85,--,22,92070,买盘
1623,10:40:51,41.85,0.03,7,29295,买盘
1624,10:40:48,41.82,-0.03,5,24339,卖盘
1625,10:40:45,41.85,0.01,61,255285,买盘
1626,10:40:42,41.84,0.02,0,3221,中性盘
1627,10:40:36,41.82,-0.01,4,17104,卖盘
1628,10:40:33,41.83,-0.02,1,4768,卖盘
1629,10:40:30,41.85,--,10,41850,买盘
1630,10:40:27,41.85,0.04,14,58590,买盘
1631,10:40:24,41.81,--,2,12250,卖盘
1632,10:40:18,41.81,-0.04,2,8654,卖盘
1633,10:40:12,41.85,0.05,1,4185,买盘
1634,10:40:09,41.8,0.04,2,8443,卖盘
1635,10:39:54,41.76,-0.04,1,4176,卖盘
1636,10:39:51,41.8,-0.05,0,3218,中性盘
1637,10:39:33,41.85,0.05,3,12555,买盘
1638,10:39:30,41.8,--,2,8360,卖盘
1639,10:39:24,41.8,--,5,21401,卖盘
1640,10:39:12,41.8,-0.05,4,17848,卖盘
1641,10:39:09,41.85,0.05,46,192510,买盘
1642,10:39:03,41.8,--,6,27629,卖盘
1643,10:38:54,41.8,--,1,4180,卖盘
1644,10:38:48,41.8,0.04,2,8360,买盘
1645,10:38:42,41.76,0.01,1,4176,中性盘
1646,10:38:36,41.75,--,1,5302,卖盘
1647,10:38:33,41.75,--,3,15948,卖盘
1648,10:38:24,41.75,-0.05,1,4175,卖盘
1649,10:38:18,41.8,--,2,8360,买盘
1650,10:38:09,41.8,--,5,20900,买盘
1651,10:38:00,41.8,--,2,8360,买盘
1652,10:37:57,41.8,0.03,6,25080,买盘
1653,10:37:54,41.77,-0.03,3,13199,卖盘
1654,10:37:30,41.8,--,4,18810,卖盘
1655,10:37:24,41.8,-0.01,1,4180,卖盘
1656,10:37:15,41.81,--,3,16055,卖盘
1657,10:37:12,41.81,--,2,10536,卖盘
1658,10:37:03,41.81,--,1,5644,卖盘
1659,10:36:57,41.81,0.01,2,9574,卖盘
1660,10:36:54,41.8,-0.04,1,4180,卖盘
1661,10:36:48,41.84,0.03,8,35564,买盘
1662,10:36:39,41.81,-0.04,2,12041,卖盘
1663,10:36:36,41.85,0.04,2,9039,买盘
1664,10:36:33,41.81,--,9,41642,卖盘
1665,10:36:24,41.81,--,1,4181,卖盘
1666,10:36:21,41.81,-0.04,1,4181,卖盘
1667,10:36:15,41.85,0.04,16,66960,买盘
1668,10:36:12,41.81,-0.04,5,20905,卖盘
1669,10:36:03,41.85,0.04,10,41850,买盘
1670,10:35:54,41.81,--,1,4181,卖盘
1671,10:35:45,41.81,-0.04,6,25086,中性盘
1672,10:35:33,41.85,--,10,41850,买盘
1673,10:35:30,41.85,0.04,3,12555,买盘
1674,10:35:24,41.81,-0.04,1,4181,卖盘
1675,10:35:21,41.85,--,21,87885,买盘
1676,10:35:00,41.85,0.08,10,41850,买盘
1677,10:34:54,41.77,-0.04,1,4177,卖盘
1678,10:34:48,41.81,-0.04,0,3804,卖盘
1679,10:34:45,41.85,0.04,10,41850,买盘
1680,10:34:33,41.81,--,1,6187,卖盘
1681,10:34:30,41.81,--,2,10912,卖盘
1682,10:34:24,41.81,-0.04,2,8362,卖盘
1683,10:34:21,41.85,0.04,60,251100,买盘
1684,10:34:18,41.81,--,9,37629,买盘
1685,10:34:03,41.81,--,1,4181,卖盘
1686,10:33:54,41.81,--,1,4181,卖盘
1687,10:33:51,41.81,-0.04,2,8362,卖盘
1688,10:33:45,41.85,0.1,15,62775,买盘
1689,10:33:24,41.75,-0.04,1,4175,卖盘
1690,10:33:21,41.79,-0.01,7,29253,卖盘
1691,10:33:18,41.8,--,1,4180,买盘
1692,10:33:15,41.8,0.05,2,8360,中性盘
1693,10:33:09,41.75,-0.05,50,208750,卖盘
1694,10:33:03,41.8,-0.05,9,37620,卖盘
1695,10:33:00,41.85,0.05,1,4185,买盘
1696,10:32:57,41.8,0.01,1,4180,买盘
1697,10:32:54,41.79,-0.01,1,4179,卖盘
1698,10:32:48,41.8,--,2,8360,买盘
1699,10:32:42,41.8,--,1,4180,买盘
1700,10:32:39,41.8,--,19,79420,买盘
1701,10:32:36,41.8,--,1,4180,买盘
1702,10:32:33,41.8,0.02,18,75240,买盘
1703,10:32:30,41.78,-0.02,1,5682,卖盘
1704,10:32:27,41.8,0.02,7,32311,买盘
1705,10:32:24,41.78,-0.02,1,4178,中性盘
1706,10:32:12,41.8,--,35,146300,买盘
1707,10:32:00,41.8,--,2,8360,买盘
1708,10:31:54,41.8,0.1,37,154660,买盘
1709,10:31:51,41.7,--,1,4170,卖盘
1710,10:31:39,41.7,0.05,16,66720,买盘
1711,10:31:36,41.65,-0.01,6,24990,卖盘
1712,10:31:33,41.66,--,4,16664,卖盘
1713,10:31:24,41.66,0.01,7,29161,中性盘
1714,10:31:15,41.65,-0.06,15,62475,卖盘
1715,10:31:12,41.71,0.06,7,29197,买盘
1716,10:31:06,41.65,--,1,4165,卖盘
1717,10:31:03,41.65,-0.03,1,4165,卖盘
1718,10:30:54,41.68,--,7,29176,卖盘
1719,10:30:48,41.68,--,38,158384,卖盘
1720,10:30:42,41.68,--,6,25008,卖盘
1721,10:30:39,41.68,--,3,12504,卖盘
1722,10:30:36,41.68,--,2,8336,卖盘
1723,10:30:33,41.68,0.03,1,4168,买盘
1724,10:30:30,41.65,--,1,5706,卖盘
1725,10:30:27,41.65,--,2,11328,卖盘
1726,10:30:15,41.65,-0.13,93,387345,卖盘
1727,10:30:09,41.78,--,5,20890,买盘
1728,10:30:06,41.78,--,1,4178,中性盘
1729,10:30:03,41.78,-0.02,3,12534,卖盘
1730,10:29:57,41.8,--,1,4180,买盘
1731,10:29:54,41.8,--,9,37620,买盘
1732,10:29:51,41.8,--,3,12540,买盘
1733,10:29:42,41.8,-0.03,65,273748,卖盘
1734,10:29:30,41.83,-0.04,8,33464,买盘
1735,10:29:24,41.87,--,52,217724,买盘
1736,10:29:06,41.87,-0.01,11,46057,卖盘
1737,10:28:57,41.88,0.05,1,4188,买盘
1738,10:28:54,41.83,0.01,1,4183,卖盘
1739,10:28:42,41.82,0.02,14,58548,买盘
1740,10:28:39,41.8,-0.02,2,8360,卖盘
1741,10:28:30,41.82,-0.06,1,6816,卖盘
1742,10:28:27,41.88,--,2,10302,卖盘
1743,10:28:24,41.88,0.01,1,4188,卖盘
1744,10:28:21,41.87,0.03,1,4187,买盘
1745,10:28:18,41.84,-0.16,216,903744,卖盘
1746,10:28:15,42.0,0.05,2,8400,买盘
1747,10:28:12,41.95,0.07,5,20975,买盘
1748,10:27:57,41.88,0.01,4,16752,买盘
1749,10:27:54,41.87,-0.01,1,4187,卖盘
1750,10:27:42,41.88,-0.07,1,4188,卖盘
1751,10:27:39,41.95,--,6,25170,卖盘
1752,10:27:36,41.95,--,6,25170,卖盘
1753,10:27:33,41.95,0.05,4,20513,买盘
1754,10:27:27,41.9,--,1,4190,买盘
1755,10:27:24,41.9,--,2,8840,卖盘
1756,10:27:09,41.9,0.03,12,54009,买盘
1757,10:26:54,41.87,-0.03,1,4187,卖盘
1758,10:26:51,41.9,0.03,10,41900,买盘
1759,10:26:42,41.87,-0.03,4,16748,卖盘
1760,10:26:36,41.9,0.04,2,8380,买盘
1761,10:26:27,41.86,--,1,5190,卖盘
1762,10:26:24,41.86,-0.04,3,16116,卖盘
1763,10:26:21,41.9,0.04,1,4190,买盘
1764,10:26:18,41.86,-0.04,2,8372,卖盘
1765,10:26:15,41.9,--,5,20950,买盘
1766,10:26:09,41.9,-0.03,22,92640,卖盘
1767,10:26:03,41.93,-0.02,3,12579,卖盘
1768,10:26:00,41.95,0.02,2,8390,买盘
1769,10:25:54,41.93,-0.02,1,4193,卖盘
1770,10:25:39,41.95,--,2,8390,买盘
1771,10:25:36,41.95,--,5,20975,买盘
1772,10:25:27,41.95,0.05,20,83900,买盘
1773,10:25:24,41.9,-0.05,1,4190,卖盘
1774,10:25:15,41.95,0.05,20,83900,买盘
1775,10:25:12,41.9,--,1,4190,卖盘
1776,10:25:06,41.9,--,10,41900,卖盘
1777,10:25:03,41.9,--,1,4190,卖盘
1778,10:25:00,41.9,--,5,20950,卖盘
1779,10:24:57,41.9,0.04,22,95909,买盘
1780,10:24:54,41.86,-0.04,1,4186,卖盘
1781,10:24:48,41.9,0.04,9,37710,买盘
1782,10:24:27,41.86,--,1,6906,卖盘
1783,10:24:24,41.86,--,6,26957,买盘
1784,10:24:21,41.86,0.01,1,4186,买盘
1785,10:24:15,41.85,-0.01,1,4185,卖盘
1786,10:24:06,41.86,0.01,8,33488,中性盘
1787,10:23:54,41.85,--,3,12555,卖盘
1788,10:23:39,41.85,-0.05,2,8370,卖盘
1789,10:23:33,41.9,--,6,25140,买盘
1790,10:23:30,41.9,0.05,2,8380,买盘
1791,10:23:24,41.85,-0.05,1,4185,卖盘
1792,10:23:21,41.9,0.05,3,12570,买盘
1793,10:23:18,41.85,-0.05,2,8370,卖盘
1794,10:23:15,41.9,--,5,20950,买盘
1795,10:23:06,41.9,0.05,13,54470,买盘
1796,10:22:54,41.85,--,1,4185,卖盘
1797,10:22:51,41.85,0.01,1,4185,卖盘
1798,10:22:33,41.84,0.03,2,10920,买盘
1799,10:22:30,41.81,--,1,6187,卖盘
1800,10:22:24,41.81,-0.09,1,4181,卖盘
1801,10:22:21,41.9,0.09,1,4190,买盘
1802,10:22:12,41.81,-0.09,52,217412,卖盘
1803,10:22:09,41.9,--,2,8380,买盘
1804,10:21:57,41.9,0.01,6,25140,买盘
1805,10:21:54,41.89,-0.01,1,4189,卖盘
1806,10:21:51,41.9,--,140,586600,买盘
1807,10:21:48,41.9,--,13,54470,买盘
1808,10:21:42,41.9,--,5,20950,买盘
1809,10:21:33,41.9,--,5,20950,买盘
1810,10:21:24,41.9,--,2,8380,买盘
1811,10:21:18,41.9,--,29,121510,买盘
1812,10:21:09,41.9,0.09,137,574030,买盘
1813,10:20:54,41.81,-0.08,1,4181,卖盘
1814,10:20:51,41.89,0.05,1,4189,买盘
1815,10:20:33,41.84,0.04,1,4184,买盘
1816,10:20:27,41.8,-0.04,1,5183,卖盘
1817,10:20:24,41.84,0.04,11,46024,买盘
1818,10:20:21,41.8,-0.04,2,11913,卖盘
1819,10:20:18,41.84,--,20,83680,买盘
1820,10:20:12,41.84,--,3,12552,买盘
1821,10:20:09,41.84,--,6,25104,买盘
1822,10:20:06,41.84,-0.05,1,4184,卖盘
1823,10:20:03,41.89,0.05,1,4189,中性盘
1824,10:19:54,41.84,-0.05,1,4184,卖盘
1825,10:19:51,41.89,-0.01,2,8378,卖盘
1826,10:19:45,41.9,--,46,192740,买盘
1827,10:19:39,41.9,--,2,8380,买盘
1828,10:19:33,41.9,-0.05,7,29330,中性盘
1829,10:19:27,41.95,0.17,10,41950,买盘
1830,10:19:24,41.78,-0.17,1,4178,卖盘
1831,10:19:09,41.95,0.11,5,20975,买盘
1832,10:19:00,41.84,0.01,7,29288,卖盘
1833,10:18:57,41.83,--,0,376,买盘
1834,10:18:54,41.83,--,2,8366,买盘
1835,10:18:36,41.83,0.05,2,8366,买盘
1836,10:18:24,41.78,-0.05,1,4178,卖盘
1837,10:18:21,41.83,-0.13,1,4183,卖盘
1838,10:18:15,41.96,--,3,12588,卖盘
1839,10:18:03,41.96,--,21,88116,买盘
1840,10:17:57,41.96,--,2,8392,买盘
1841,10:17:54,41.96,-0.01,9,37764,中性盘
1842,10:17:48,41.97,0.28,1,4197,买盘
1843,10:17:36,41.69,-0.29,4,16676,卖盘
1844,10:17:33,41.98,0.29,6,25187,买盘
1845,10:17:27,41.69,-0.01,150,625350,卖盘
1846,10:17:24,41.7,--,1,4170,卖盘
1847,10:17:15,41.7,-0.1,2,8340,卖盘
1848,10:17:09,41.8,-0.03,1,4180,中性盘
1849,10:17:06,41.83,0.14,1,4183,买盘
1850,10:17:03,41.69,--,1,4169,中性盘
1851,10:16:57,41.69,0.01,10,41690,中性盘
1852,10:16:54,41.68,--,1,4168,卖盘
1853,10:16:45,41.68,--,20,83360,卖盘
1854,10:16:36,41.68,--,14,58352,买盘
1855,10:16:30,41.68,0.01,1,4168,买盘
1856,10:16:27,41.67,--,2,8334,买盘
1857,10:16:24,41.67,-0.01,8,33336,中性盘
1858,10:16:21,41.68,0.02,8,34260,买盘
1859,10:16:18,41.66,--,2,11956,卖盘
1860,10:16:15,41.66,-0.02,6,24995,卖盘
1861,10:16:12,41.68,0.03,2,8336,买盘
1862,10:16:09,41.65,-0.01,15,62475,卖盘
1863,10:15:57,41.66,-0.01,5,20830,卖盘
1864,10:15:54,41.67,-0.01,1,4167,中性盘
1865,10:15:48,41.68,-0.02,66,275088,卖盘
1866,10:15:45,41.7,-0.1,4,16680,卖盘
1867,10:15:33,41.8,--,3,12540,卖盘
1868,10:15:30,41.8,-0.03,2,8360,卖盘
1869,10:15:24,41.83,--,6,25098,买盘
1870,10:15:18,41.83,-0.15,20,83660,卖盘
1871,10:15:09,41.98,-0.01,1,4198,买盘
1872,10:15:06,41.99,-0.01,2,8398,买盘
1873,10:14:54,42.0,--,2,8400,买盘
1874,10:14:51,42.0,--,2,8400,买盘
1875,10:14:45,42.0,-0.02,67,281400,卖盘
1876,10:14:42,42.02,0.01,2,8404,买盘
1877,10:14:39,42.01,--,1,4201,卖盘
1878,10:14:33,42.01,--,8,33608,卖盘
1879,10:14:30,42.01,--,23,96623,卖盘
1880,10:14:24,42.01,-0.01,4,16804,卖盘
1881,10:14:15,42.02,--,5,21010,买盘
1882,10:14:09,42.02,-0.03,14,58828,卖盘
1883,10:14:06,42.05,0.03,1,4205,买盘
1884,10:14:03,42.02,-0.02,15,63030,卖盘
1885,10:14:00,42.04,--,3,12612,卖盘
1886,10:13:54,42.04,-0.01,1,4204,卖盘
1887,10:13:51,42.05,--,26,109329,买盘
1888,10:13:36,42.05,-0.14,35,147175,卖盘
1889,10:13:24,42.19,-0.01,2,8438,中性盘
1890,10:13:15,42.2,0.06,3,12660,买盘
1891,10:13:09,42.14,--,11,46354,卖盘
1892,10:12:57,42.14,--,1,4214,卖盘
1893,10:12:54,42.14,-0.06,1,4214,卖盘
1894,10:12:51,42.2,0.06,2,8440,买盘
1895,10:12:36,42.14,0.03,1,4214,中性盘
1896,10:12:24,42.11,-0.09,1,4211,卖盘
1897,10:12:09,42.2,0.09,3,12660,买盘
1898,10:12:06,42.11,-0.09,2,8422,卖盘
1899,10:11:57,42.2,0.05,10,42200,买盘
1900,10:11:54,42.15,-0.05,9,37935,卖盘
1901,10:11:51,42.2,--,4,16880,买盘
1902,10:11:30,42.2,--,5,21100,买盘
1903,10:11:24,42.2,--,51,215220,买盘
1904,10:11:18,42.2,0.01,1,4220,买盘
1905,10:11:15,42.19,-0.01,6,25314,卖盘
1906,10:11:00,42.2,0.06,8,33760,买盘
1907,10:10:57,42.14,--,1,4214,卖盘
1908,10:10:54,42.14,-0.06,1,4214,卖盘
1909,10:10:45,42.2,--,2,8440,买盘
1910,10:10:39,42.2,--,2,8440,买盘
1911,10:10:27,42.2,0.07,46,194120,买盘
1912,10:10:24,42.13,-0.07,1,4213,卖盘
1913,10:10:06,42.2,-0.01,1,4220,卖盘
1914,10:10:03,42.21,0.01,13,54873,买盘
1915,10:10:00,42.2,0.09,1,4220,卖盘
1916,10:09:54,42.11,-0.09,1,4211,中性盘
1917,10:09:27,42.2,--,77,324940,卖盘
1918,10:09:24,42.2,--,3,12660,卖盘
1919,10:09:03,42.2,--,22,92840,买盘
1920,10:08:54,42.2,-0.01,2,8440,买盘
1921,10:08:45,42.21,--,22,92862,卖盘
1922,10:08:42,42.21,0.01,1,4221,卖盘
1923,10:08:39,42.2,--,11,46420,买盘
1924,10:08:27,42.2,0.01,1,4220,买盘
1925,10:08:24,42.19,-0.01,1,4219,卖盘
1926,10:08:21,42.2,-0.12,18,75960,卖盘
1927,10:08:18,42.32,0.1,15,63480,买盘
1928,10:08:15,42.22,0.02,1,4222,买盘
1929,10:08:06,42.2,0.1,15,63300,买盘
1930,10:08:03,42.1,-0.08,3,12630,卖盘
1931,10:07:54,42.18,0.08,3,12654,买盘
1932,10:07:42,42.1,-0.1,1,4210,中性盘
1933,10:07:30,42.2,0.2,4,16880,买盘
1934,10:07:24,42.0,-0.01,1,4200,卖盘
1935,10:07:21,42.01,-0.02,40,168040,卖盘
1936,10:07:00,42.03,0.02,41,172323,中性盘
1937,10:06:54,42.01,-0.19,11,46211,卖盘
1938,10:06:45,42.2,--,8,33760,买盘
1939,10:06:42,42.2,-0.02,3,12660,中性盘
1940,10:06:39,42.22,0.02,33,139326,买盘
1941,10:06:27,42.2,0.19,13,54860,买盘
1942,10:06:24,42.01,0.01,1,4201,中性盘
1943,10:06:15,42.0,-0.01,12,50400,卖盘
1944,10:06:12,42.01,--,2,8402,卖盘
1945,10:06:06,42.01,0.01,2,8402,中性盘
1946,10:05:57,42.0,-0.01,25,105000,卖盘
1947,10:05:54,42.01,-0.19,8,33608,卖盘
1948,10:05:48,42.2,--,33,139260,买盘
1949,10:05:39,42.2,0.02,75,316500,买盘
1950,10:05:36,42.18,--,1,4218,卖盘
1951,10:05:30,42.18,--,1,4218,卖盘
1952,10:05:24,42.18,--,1,4218,卖盘
1953,10:05:12,42.18,-0.02,8,33744,卖盘
1954,10:05:06,42.2,-0.01,2,8440,卖盘
1955,10:05:03,42.21,0.01,2,8442,买盘
1956,10:05:00,42.2,-0.01,6,25320,卖盘
1957,10:04:54,42.21,-0.01,1,4221,卖盘
1958,10:04:42,42.22,--,3,12666,卖盘
1959,10:04:30,42.22,-0.08,2,8444,卖盘
1960,10:04:24,42.3,0.01,2,8460,买盘
1961,10:04:18,42.29,0.04,1,4229,中性盘
1962,10:04:09,42.25,-0.05,4,16900,卖盘
1963,10:04:03,42.3,0.05,1,4230,买盘
1964,10:04:00,42.25,-0.09,1,4225,中性盘
1965,10:03:51,42.34,0.02,100,423400,买盘
1966,10:03:48,42.32,--,5,21160,买盘
1967,10:03:39,42.32,--,6,25392,卖盘
1968,10:03:36,42.32,--,4,16928,卖盘
1969,10:03:30,42.32,--,18,76176,卖盘
1970,10:03:27,42.32,--,3,12696,卖盘
1971,10:03:24,42.32,--,1,4232,卖盘
1972,10:03:21,42.32,0.07,19,80408,买盘
1973,10:03:15,42.25,-0.05,4,16900,卖盘
1974,10:03:12,42.3,--,2,8460,买盘
1975,10:03:09,42.3,--,4,16920,买盘
1976,10:03:00,42.3,-0.05,22,93060,卖盘
1977,10:02:57,42.35,0.03,14,59290,买盘
1978,10:02:54,42.32,--,14,59248,买盘
1979,10:02:51,42.32,--,3,12696,买盘
1980,10:02:48,42.32,-0.02,34,143888,中性盘
1981,10:02:33,42.34,0.03,7,29638,买盘
1982,10:02:30,42.31,-0.03,5,21155,卖盘
1983,10:02:21,42.34,--,13,55042,买盘
1984,10:02:15,42.34,0.03,9,38106,中性盘
1985,10:02:12,42.31,-0.04,15,63465,卖盘
1986,10:02:06,42.35,0.04,10,42350,买盘
1987,10:02:03,42.31,-0.04,1,4231,卖盘
1988,10:02:00,42.35,0.04,10,42350,买盘
1989,10:01:57,42.31,--,1,4231,卖盘
1990,10:01:54,42.31,--,1,4231,卖盘
1991,10:01:48,42.31,-0.01,16,67696,卖盘
1992,10:01:45,42.32,0.01,2,8464,卖盘
1993,10:01:42,42.31,--,2,8462,卖盘
1994,10:01:39,42.31,--,28,118468,买盘
1995,10:01:30,42.31,--,2,8462,买盘
1996,10:01:24,42.31,-0.03,3,12693,中性盘
1997,10:01:15,42.34,-0.01,7,29638,中性盘
1998,10:01:12,42.35,0.14,13,55055,买盘
1999,10:01:09,42.21,--,4,16884,买盘
2000,10:01:06,42.21,-0.14,14,59094,卖盘
2001,10:01:03,42.35,0.05,1,4235,买盘
2002,10:01:00,42.3,--,2,8460,买盘
2003,10:00:57,42.3,--,2,8460,卖盘
2004,10:00:51,42.3,--,17,71910,买盘
2005,10:00:48,42.3,--,1,4230,买盘
2006,10:00:45,42.3,--,13,54989,买盘
2007,10:00:42,42.3,0.01,4,16920,买盘
2008,10:00:39,42.29,--,10,42290,中性盘
2009,10:00:36,42.29,0.03,2,8458,中性盘
2010,10:00:30,42.26,-0.03,10,42260,卖盘
2011,10:00:21,42.29,0.03,16,67664,买盘
2012,10:00:03,42.26,0.08,2,8452,买盘
2013,09:59:33,42.18,-0.01,10,42180,卖盘
2014,09:59:30,42.19,-0.07,3,12657,卖盘
2015,09:59:27,42.26,0.08,50,211300,买盘
2016,09:59:24,42.18,--,16,67488,卖盘
2017,09:59:21,42.18,-0.01,4,16872,卖盘
2018,09:59:18,42.19,0.01,14,59066,买盘
2019,09:59:15,42.18,-0.01,4,16872,卖盘
2020,09:59:09,42.19,0.01,4,16876,买盘
2021,09:59:06,42.18,--,17,71706,卖盘
2022,09:59:00,42.18,-0.02,6,25308,卖盘
2023,09:58:57,42.2,0.02,3,12660,买盘
2024,09:58:51,42.18,--,10,42180,卖盘
2025,09:58:48,42.18,-0.02,12,50616,卖盘
2026,09:58:45,42.2,--,8,33760,买盘
2027,09:58:39,42.2,--,34,143480,买盘
2028,09:58:36,42.2,--,3,12660,卖盘
2029,09:58:33,42.2,-0.01,2,8440,卖盘
2030,09:58:30,42.21,0.01,1,4221,买盘
2031,09:58:24,42.2,-0.01,13,54860,卖盘
2032,09:58:12,42.21,-0.01,10,42210,卖盘
2033,09:58:09,42.22,-0.05,2,8444,卖盘
2034,09:58:06,42.27,--,11,46497,卖盘
2035,09:58:03,42.27,0.02,5,21135,买盘
2036,09:58:00,42.25,-0.02,9,38025,中性盘
2037,09:57:57,42.27,--,3,12681,买盘
2038,09:57:54,42.27,-0.01,5,21135,买盘
2039,09:57:51,42.28,--,10,42280,买盘
2040,09:57:48,42.28,0.02,23,97244,买盘
2041,09:57:45,42.26,-0.01,20,84520,卖盘
2042,09:57:42,42.27,-0.01,5,21135,卖盘
2043,09:57:39,42.28,0.01,5,21140,买盘
2044,09:57:33,42.27,-0.01,11,46497,卖盘
2045,09:57:30,42.28,-0.02,3,12684,卖盘
2046,09:57:27,42.3,--,1,4230,买盘
2047,09:57:24,42.3,0.03,20,84600,买盘
2048,09:57:21,42.27,-0.01,3,12681,卖盘
2049,09:57:18,42.28,-0.02,1,4228,卖盘
2050,09:57:15,42.3,--,7,29609,买盘
2051,09:57:12,42.3,0.02,13,54989,买盘
2052,09:57:09,42.28,-0.01,11,46508,卖盘
2053,09:57:06,42.29,--,10,42290,买盘
2054,09:57:03,42.29,0.01,26,109954,中性盘
2055,09:56:57,42.28,-0.02,7,29596,卖盘
2056,09:56:54,42.3,0.02,10,42300,买盘
2057,09:56:42,42.28,0.02,28,118384,买盘
2058,09:56:39,42.26,--,10,42260,卖盘
2059,09:56:36,42.26,0.07,4,16904,买盘
2060,09:56:27,42.19,-0.01,10,42190,卖盘
2061,09:56:24,42.2,0.01,7,29540,买盘
2062,09:56:21,42.19,--,1,4219,卖盘
2063,09:56:15,42.19,0.01,66,278454,买盘
2064,09:56:12,42.18,--,1,4218,卖盘
2065,09:56:09,42.18,-0.01,25,105450,卖盘
2066,09:56:06,42.19,0.04,25,105475,买盘
2067,09:55:57,42.15,0.15,5,21075,买盘
2068,09:55:48,42.0,--,15,63000,买盘
2069,09:55:42,42.0,--,10,42000,买盘
2070,09:55:39,42.0,0.09,5,21000,买盘
2071,09:55:36,41.91,-0.09,1,4191,卖盘
2072,09:55:33,42.0,--,2,8400,买盘
2073,09:55:24,42.0,--,10,42000,买盘
2074,09:55:15,42.0,0.1,11,46200,买盘
2075,09:55:12,41.9,-0.09,15,62850,卖盘
2076,09:55:09,41.99,0.09,4,16796,买盘
2077,09:55:00,41.9,--,1,4190,卖盘
2078,09:54:57,41.9,0.01,44,184360,买盘
2079,09:54:54,41.89,--,3,12567,卖盘
2080,09:54:51,41.89,0.09,1,4189,买盘
2081,09:54:48,41.8,-0.08,2,8360,卖盘
2082,09:54:45,41.88,--,10,41880,中性盘
2083,09:54:42,41.88,--,6,25128,买盘
2084,09:54:33,41.88,0.08,13,54444,买盘
2085,09:54:24,41.8,-0.08,2,8360,卖盘
2086,09:54:21,41.88,0.08,5,20940,买盘
2087,09:54:15,41.8,-0.08,2,8360,卖盘
2088,09:54:12,41.88,--,7,29316,买盘
2089,09:54:03,41.88,--,3,12564,买盘
2090,09:53:54,41.88,--,5,20940,买盘
2091,09:53:48,41.88,--,19,79572,买盘
2092,09:53:42,41.88,--,2,8376,买盘
2093,09:53:39,41.88,--,2,8376,买盘
2094,09:53:27,41.88,-0.02,1,4188,卖盘
2095,09:53:21,41.9,--,10,41900,买盘
2096,09:53:18,41.9,--,5,20950,买盘
2097,09:53:15,41.9,0.02,1,4190,买盘
2098,09:52:57,41.88,0.2,3,12564,买盘
2099,09:52:33,41.68,--,2,8336,买盘
2100,09:52:30,41.68,-0.22,3,12504,卖盘
2101,09:52:24,41.9,0.22,10,41900,买盘
2102,09:52:21,41.68,-0.22,3,12504,中性盘
2103,09:52:06,41.9,--,3,12570,买盘
2104,09:51:54,41.9,-0.09,2,8380,中性盘
2105,09:51:48,41.99,0.34,9,37791,买盘
2106,09:51:42,41.65,--,1,4165,卖盘
2107,09:51:39,41.65,--,1,4165,买盘
2108,09:51:36,41.65,-0.35,2,8330,卖盘
2109,09:51:33,42.0,--,3,12600,买盘
2110,09:51:27,42.0,--,16,67200,买盘
2111,09:51:18,42.0,--,4,16800,买盘
2112,09:51:15,42.0,0.2,18,75600,买盘
2113,09:51:12,41.8,--,2,8360,买盘
2114,09:51:09,41.8,--,2,8360,卖盘
2115,09:51:06,41.8,-0.1,8,33440,卖盘
2116,09:50:54,41.9,0.1,13,54470,买盘
2117,09:50:51,41.8,0.19,23,96140,买盘
2118,09:50:45,41.61,0.01,8,33288,中性盘
2119,09:50:39,41.6,0.05,16,69888,买盘
2120,09:50:33,41.55,0.01,18,74790,买盘
2121,09:50:24,41.54,0.04,4,16616,买盘
2122,09:50:15,41.5,0.01,15,62250,买盘
2123,09:50:00,41.49,--,14,58086,买盘
2124,09:49:57,41.49,--,1,4149,买盘
2125,09:49:54,41.49,--,12,49788,买盘
2126,09:49:48,41.49,0.04,5,20745,买盘
2127,09:49:36,41.45,0.01,10,41450,卖盘
2128,09:49:33,41.44,0.02,1,4144,买盘
2129,09:49:21,41.42,0.01,12,49704,买盘
2130,09:49:18,41.41,--,1,4141,卖盘
2131,09:49:09,41.41,0.01,3,12422,买盘
2132,09:49:06,41.4,--,3,12420,卖盘
2133,09:49:00,41.4,-0.01,2,8280,卖盘
2134,09:48:48,41.41,-0.01,8,33128,卖盘
2135,09:48:42,41.42,--,13,53846,买盘
2136,09:48:30,41.42,--,4,16568,买盘
2137,09:48:27,41.42,--,2,8284,买盘
2138,09:48:24,41.42,--,1,4142,卖盘
2139,09:48:21,41.42,-0.02,1,4142,中性盘
2140,09:47:51,41.44,--,4,16576,卖盘
2141,09:47:33,41.44,0.02,1,4144,卖盘
2142,09:47:30,41.42,--,3,12426,买盘
2143,09:47:27,41.42,--,3,12426,买盘
2144,09:47:21,41.42,-0.08,3,12426,卖盘
2145,09:47:09,41.5,0.09,1,4150,卖盘
2146,09:47:06,41.41,-0.09,1,4141,卖盘
2147,09:47:03,41.5,--,6,24900,中性盘
2148,09:46:54,41.5,-0.05,1,4150,中性盘
2149,09:46:36,41.55,--,3,12465,买盘
2150,09:46:30,41.55,--,32,132960,卖盘
2151,09:46:24,41.55,--,1,4155,卖盘
2152,09:46:21,41.55,--,1,4155,卖盘
2153,09:46:12,41.55,-0.01,2,8310,买盘
2154,09:46:09,41.56,0.2,20,83120,买盘
2155,09:46:06,41.36,-0.19,2,8272,卖盘
2156,09:46:03,41.55,-0.01,1,4155,卖盘
2157,09:45:57,41.56,--,20,83120,买盘
2158,09:45:54,41.56,0.21,3,12468,买盘
2159,09:45:48,41.35,-0.2,15,62025,卖盘
2160,09:45:45,41.55,-0.01,5,20775,卖盘
2161,09:45:42,41.56,0.01,22,91432,买盘
2162,09:45:39,41.55,-0.03,1,4155,卖盘
2163,09:45:36,41.58,0.02,14,58212,买盘
2164,09:45:33,41.56,--,8,33248,卖盘
2165,09:45:30,41.56,--,5,20780,卖盘
2166,09:45:27,41.56,-0.02,4,16624,卖盘
2167,09:45:18,41.58,0.03,26,108108,买盘
2168,09:45:03,41.55,0.01,8,33240,买盘
2169,09:44:57,41.54,0.23,1,4154,买盘
2170,09:44:54,41.31,0.01,1,4131,中性盘
2171,09:44:48,41.3,--,11,45430,卖盘
2172,09:44:45,41.3,--,31,128029,买盘
2173,09:44:42,41.3,0.01,16,66080,买盘
2174,09:44:33,41.29,-0.01,4,16516,卖盘
2175,09:44:30,41.3,0.01,10,41300,买盘
2176,09:44:27,41.29,--,1,4129,买盘
2177,09:44:24,41.29,0.08,23,94967,买盘
2178,09:44:21,41.21,-0.01,1,4121,卖盘
2179,09:44:18,41.22,-0.07,82,338004,卖盘
2180,09:44:06,41.29,--,1,4129,买盘
2181,09:44:03,41.29,--,3,12387,买盘
2182,09:44:00,41.29,--,3,12387,买盘
2183,09:43:57,41.29,-0.01,1,4129,买盘
2184,09:43:54,41.3,--,12,49560,买盘
2185,09:43:51,41.3,0.11,20,82600,买盘
2186,09:43:48,41.19,-0.01,46,189474,卖盘
2187,09:43:42,41.2,-0.1,6,24720,卖盘
2188,09:43:36,41.3,--,45,185850,买盘
2189,09:43:30,41.3,0.1,3,12390,买盘
2190,09:43:27,41.2,0.01,10,41200,卖盘
2191,09:43:24,41.19,-0.01,10,41190,卖盘
2192,09:43:21,41.2,--,12,49440,买盘
2193,09:43:18,41.2,0.01,8,32960,买盘
2194,09:43:15,41.19,-0.01,3,12357,卖盘
2195,09:43:12,41.2,0.03,10,41200,买盘
2196,09:43:09,41.17,-0.03,21,86457,卖盘
2197,09:43:06,41.2,0.01,31,127720,买盘
2198,09:43:03,41.19,-0.01,2,8238,中性盘
2199,09:43:00,41.2,0.01,2,8240,买盘
2200,09:42:57,41.19,-0.01,10,41190,中性盘
2201,09:42:51,41.2,--,13,53560,买盘
2202,09:42:48,41.2,--,12,49440,买盘
2203,09:42:45,41.2,--,1,4120,买盘
2204,09:42:42,41.2,0.01,2,8240,买盘
2205,09:42:39,41.19,-0.01,3,12357,卖盘
2206,09:42:36,41.2,--,6,24720,买盘
2207,09:42:30,41.2,0.01,8,32960,买盘
2208,09:42:27,41.19,0.06,4,16476,卖盘
2209,09:42:24,41.13,-0.07,44,180972,卖盘
2210,09:42:21,41.2,--,5,20600,买盘
2211,09:42:18,41.2,--,6,24720,买盘
2212,09:42:12,41.2,0.01,11,45320,买盘
2213,09:42:09,41.19,-0.01,6,24714,卖盘
2214,09:42:06,41.2,--,12,49440,买盘
2215,09:42:03,41.2,0.05,9,37080,买盘
2216,09:42:00,41.15,-0.05,85,349775,卖盘
2217,09:41:57,41.2,--,15,61800,买盘
2218,09:41:54,41.2,0.06,10,41200,买盘
2219,09:41:51,41.14,-0.01,1,4114,卖盘
2220,09:41:48,41.15,0.02,5,20575,买盘
2221,09:41:45,41.13,-0.02,1,4113,卖盘
2222,09:41:39,41.15,0.02,5,20575,买盘
2223,09:41:36,41.13,--,5,20565,卖盘
2224,09:41:33,41.13,--,18,74034,买盘
2225,09:41:30,41.13,--,26,106938,买盘
2226,09:41:27,41.13,--,1,4113,买盘
2227,09:41:24,41.13,--,21,86373,买盘
2228,09:41:21,41.13,--,2,8226,买盘
2229,09:41:18,41.13,0.02,15,61695,买盘
2230,09:41:15,41.11,--,14,57554,中性盘
2231,09:41:12,41.11,0.06,4,16444,买盘
2232,09:41:09,41.05,--,5,20525,买盘
2233,09:41:06,41.05,-0.06,8,32840,买盘
2234,09:41:03,41.11,--,25,102775,买盘
2235,09:41:00,41.11,-0.02,4,16444,中性盘
2236,09:40:57,41.13,0.05,27,111051,买盘
2237,09:40:54,41.08,-0.02,2,8216,卖盘
2238,09:40:51,41.1,-0.03,24,98640,卖盘
2239,09:40:48,41.13,0.03,10,41130,中性盘
2240,09:40:42,41.1,-0.1,11,45210,卖盘
2241,09:40:36,41.2,0.07,1,4120,买盘
2242,09:40:33,41.13,-0.07,81,333153,卖盘
2243,09:40:30,41.2,--,1,4120,买盘
2244,09:40:27,41.2,--,1,4120,买盘
2245,09:40:24,41.2,-0.18,46,189520,卖盘
2246,09:40:18,41.38,-0.02,15,62070,中性盘
2247,09:40:15,41.4,--,4,16560,买盘
2248,09:40:12,41.4,--,1,4140,买盘
2249,09:40:06,41.4,--,3,12420,中性盘
2250,09:40:03,41.4,--,5,20700,买盘
2251,09:40:00,41.4,--,3,12420,卖盘
2252,09:39:54,41.4,-0.01,15,62100,卖盘
2253,09:39:51,41.41,--,19,78679,买盘
2254,09:39:48,41.41,-0.14,160,662560,卖盘
2255,09:39:45,41.55,--,3,12465,买盘
2256,09:39:42,41.55,--,1,4155,买盘
2257,09:39:39,41.55,0.03,10,41550,买盘
2258,09:39:33,41.52,-0.01,17,70584,卖盘
2259,09:39:30,41.53,-0.02,9,37377,卖盘
2260,09:39:27,41.55,0.03,1,4155,中性盘
2261,09:39:21,41.52,-0.01,13,53976,卖盘
2262,09:39:18,41.53,-0.02,4,16612,卖盘
2263,09:39:12,41.55,--,1,4155,卖盘
2264,09:39:06,41.55,0.02,7,29084,买盘
2265,09:38:57,41.53,-0.02,7,29071,卖盘
2266,09:38:54,41.55,--,2,8310,买盘
2267,09:38:51,41.55,0.02,3,12465,中性盘
2268,09:38:48,41.53,-0.05,2,8306,卖盘
2269,09:38:45,41.58,0.06,3,12474,买盘
2270,09:38:42,41.52,-0.03,5,20760,卖盘
2271,09:38:39,41.55,-0.03,22,91410,卖盘
2272,09:38:30,41.58,0.04,1,4158,买盘
2273,09:38:27,41.54,-0.04,7,29078,卖盘
2274,09:38:24,41.58,0.01,9,37422,买盘
2275,09:38:21,41.57,0.05,7,29099,买盘
2276,09:38:18,41.52,--,1,4152,卖盘
2277,09:38:15,41.52,-0.03,6,24912,卖盘
2278,09:38:12,41.55,0.01,3,12465,买盘
2279,09:38:09,41.54,--,57,236778,买盘
2280,09:38:06,41.54,--,93,386322,卖盘
2281,09:37:57,41.54,-0.01,15,62310,卖盘
2282,09:37:54,41.55,--,2,8310,买盘
2283,09:37:48,41.55,--,1,4986,卖盘
2284,09:37:45,41.55,--,2,8310,卖盘
2285,09:37:42,41.55,-0.03,12,49860,卖盘
2286,09:37:39,41.58,0.03,1,4158,买盘
2287,09:37:36,41.55,-0.03,24,99720,卖盘
2288,09:37:33,41.58,--,1,4158,买盘
2289,09:37:27,41.58,--,6,24948,卖盘
2290,09:37:24,41.58,-0.01,4,16632,卖盘
2291,09:37:18,41.59,--,23,95657,买盘
2292,09:37:15,41.59,0.01,5,20795,买盘
2293,09:37:09,41.58,--,3,12474,卖盘
2294,09:37:06,41.58,--,14,61538,中性盘
2295,09:37:03,41.58,-0.01,3,12474,卖盘
2296,09:36:57,41.59,0.01,2,8318,买盘
2297,09:36:51,41.58,--,4,16632,卖盘
2298,09:36:48,41.58,--,21,87318,卖盘
2299,09:36:45,41.58,-0.01,9,37422,卖盘
2300,09:36:39,41.59,0.01,31,128929,买盘
2301,09:36:36,41.58,--,9,37422,卖盘
2302,09:36:33,41.58,-0.01,3,12474,卖盘
2303,09:36:30,41.59,--,19,79021,卖盘
2304,09:36:27,41.59,-0.01,19,79021,卖盘
2305,09:36:24,41.6,0.01,1,4160,买盘
2306,09:36:21,41.59,--,3,12477,卖盘
2307,09:36:18,41.59,-0.01,8,33272,卖盘
2308,09:36:15,41.6,-0.02,10,41600,卖盘
2309,09:36:06,41.62,-0.07,13,54106,卖盘
2310,09:35:54,41.69,0.01,1,4169,中性盘
2311,09:35:51,41.68,-0.02,10,41680,卖盘
2312,09:35:48,41.7,0.01,6,25020,中性盘
2313,09:35:45,41.69,--,1,4169,卖盘
2314,09:35:42,41.69,-0.05,1,4169,卖盘
2315,09:35:39,41.74,0.05,15,62610,买盘
2316,09:35:36,41.69,-0.06,14,58366,卖盘
2317,09:35:30,41.75,0.01,10,41750,买盘
2318,09:35:21,41.74,-0.01,56,233744,卖盘
2319,09:35:18,41.75,--,5,20875,卖盘
2320,09:35:03,41.75,-0.15,16,66800,卖盘
2321,09:34:57,41.9,-0.01,4,16760,卖盘
2322,09:34:54,41.91,0.01,2,8382,中性盘
2323,09:34:48,41.9,-0.01,2,8380,中性盘
2324,09:34:39,41.91,-0.08,1,4191,卖盘
2325,09:34:33,41.99,0.08,12,50388,买盘
2326,09:34:27,41.91,-0.04,5,20955,卖盘
2327,09:34:24,41.95,-0.01,19,79705,卖盘
2328,09:34:21,41.96,0.01,1,4196,中性盘
2329,09:34:18,41.95,--,1,4195,卖盘
2330,09:34:15,41.95,--,3,12585,卖盘
2331,09:34:12,41.95,-0.04,4,16780,卖盘
2332,09:34:09,41.99,0.04,58,243542,买盘
2333,09:34:06,41.95,--,2,8390,卖盘
2334,09:33:57,41.95,--,1,4195,卖盘
2335,09:33:54,41.95,--,24,100680,买盘
2336,09:33:45,41.95,0.25,1,4195,买盘
2337,09:33:39,41.7,-0.21,30,125100,卖盘
2338,09:33:30,41.91,-0.02,1,4191,买盘
2339,09:33:27,41.93,--,4,16772,卖盘
2340,09:33:21,41.93,--,11,46123,买盘
2341,09:33:12,41.93,--,1,4193,买盘
2342,09:33:09,41.93,0.23,20,83860,买盘
2343,09:33:06,41.7,0.01,5,20850,中性盘
2344,09:33:03,41.69,--,10,41690,卖盘
2345,09:33:00,41.69,--,32,133408,卖盘
2346,09:32:57,41.69,--,26,108394,卖盘
2347,09:32:42,41.69,-0.22,1,4169,中性盘
2348,09:32:36,41.91,0.32,30,125729,买盘
2349,09:32:30,41.59,--,3,12477,卖盘
2350,09:32:24,41.59,--,4,16636,卖盘
2351,09:32:21,41.59,--,3,12477,卖盘
2352,09:32:12,41.59,-0.1,5,20795,卖盘
2353,09:32:06,41.69,0.1,28,116732,中性盘
2354,09:32:03,41.59,-0.11,1,4159,中性盘
2355,09:31:54,41.7,0.12,2,8340,买盘
2356,09:31:51,41.58,-0.12,1,4158,卖盘
2357,09:31:48,41.7,0.12,10,41700,买盘
2358,09:31:42,41.58,-0.35,2,8316,卖盘
2359,09:31:36,41.93,0.23,54,226422,买盘
2360,09:31:33,41.7,-0.23,5,20850,卖盘
2361,09:31:30,41.93,0.23,9,37737,买盘
2362,09:31:24,41.7,--,1,4170,卖盘
2363,09:31:21,41.7,-0.25,4,16680,卖盘
2364,09:31:15,41.95,0.25,2,8390,买盘
2365,09:31:12,41.7,-0.25,3,12510,卖盘
2366,09:31:09,41.95,-0.12,41,171995,卖盘
2367,09:31:06,42.07,0.55,26,111359,买盘
2368,09:31:03,41.52,-0.46,32,132864,卖盘
2369,09:31:00,41.98,0.46,5,20990,买盘
2370,09:30:54,41.52,-0.48,20,83040,卖盘
2371,09:30:51,42.0,0.49,7,29400,买盘
2372,09:30:42,41.51,-0.01,20,83020,卖盘
2373,09:30:39,41.52,-0.48,5,20760,卖盘
2374,09:30:36,42.0,0.3,26,109200,买盘
2375,09:30:33,41.7,0.19,1,4170,买盘
2376,09:30:27,41.51,-0.19,2,8302,卖盘
2377,09:30:21,41.7,--,2,8340,买盘
2378,09:30:18,41.7,-0.1,1,4170,买盘
2379,09:30:09,41.8,-0.18,43,179740,卖盘
2380,09:30:06,41.98,0.08,29,121741,买盘
2381,09:30:03,41.9,-0.22,123,515370,卖盘
2382,09:30:00,42.12,--,0,0,买盘
2383,09:25:03,42.12,42.12,30,126359,买盘
