,time,price,change,volume,amount,type
0,15:00:03,23.89,-0.01,2397,5726433,卖盘
1,14:57:00,23.9,--,0,0,卖盘
2,14:56:57,23.9,0.03,120,286800,买盘
3,14:56:54,23.87,--,141,336567,买盘
4,14:56:51,23.87,--,1,2387,买盘
5,14:56:48,23.87,-0.01,9,21483,买盘
6,14:56:45,23.88,--,57,136116,卖盘
7,14:56:42,23.88,--,57,136116,卖盘
8,14:56:39,23.88,0.01,179,427452,买盘
9,14:56:36,23.87,-0.01,11,26257,中性盘
10,14:56:30,23.88,0.02,10,23880,买盘
11,14:56:27,23.86,--,202,481972,卖盘
12,14:56:24,23.86,-0.01,38,90668,卖盘
13,14:56:21,23.87,--,151,360437,买盘
14,14:56:18,23.87,0.01,38,90706,买盘
15,14:56:15,23.86,-0.01,13,31018,卖盘
16,14:56:12,23.87,--,11,26257,买盘
17,14:56:09,23.87,--,51,121737,买盘
18,14:56:06,23.87,0.01,28,66836,买盘
19,14:56:03,23.86,--,407,971603,卖盘
20,14:56:00,23.86,--,9,21474,卖盘
21,14:55:57,23.86,-0.02,2,4772,卖盘
22,14:55:54,23.88,0.02,39,93132,买盘
23,14:55:45,23.86,0.01,16,38176,卖盘
24,14:55:42,23.85,-0.03,20,47700,卖盘
25,14:55:39,23.88,0.02,38,90744,买盘
26,14:55:36,23.86,--,1,2386,买盘
27,14:55:33,23.86,--,10,23860,买盘
28,14:55:30,23.86,--,9,21474,买盘
29,14:55:27,23.86,--,18,42948,卖盘
30,14:55:24,23.86,--,5,11930,卖盘
31,14:55:21,23.86,--,17,40562,卖盘
32,14:55:18,23.86,--,1,2386,卖盘
33,14:55:12,23.86,--,19,45334,买盘
34,14:55:09,23.86,--,184,439024,买盘
35,14:55:06,23.86,--,32,76352,卖盘
36,14:55:03,23.86,--,6,14316,卖盘
37,14:55:00,23.86,0.01,2,4772,卖盘
38,14:54:57,23.85,--,144,343440,卖盘
39,14:54:54,23.85,-0.01,2,4770,卖盘
40,14:54:51,23.86,0.01,10,23860,买盘
41,14:54:48,23.85,--,11,26235,卖盘
42,14:54:45,23.85,--,384,915840,卖盘
43,14:54:42,23.85,--,4,9540,卖盘
44,14:54:39,23.85,--,21,50085,卖盘
45,14:54:36,23.85,-0.01,393,937305,卖盘
46,14:54:30,23.86,0.01,85,202810,买盘
47,14:54:27,23.85,--,30,71550,卖盘
48,14:54:21,23.85,--,36,85860,卖盘
49,14:54:18,23.85,--,182,434070,买盘
50,14:54:15,23.85,--,213,508005,卖盘
51,14:54:12,23.85,--,4,9540,卖盘
52,14:54:09,23.85,--,20,47700,卖盘
53,14:54:06,23.85,--,43,102555,买盘
54,14:54:03,23.85,--,68,162180,买盘
55,14:54:00,23.85,0.01,70,166950,买盘
56,14:53:54,23.84,-0.01,12,28608,卖盘
57,14:53:51,23.85,0.01,1,2385,买盘
58,14:53:48,23.84,-0.01,32,76288,卖盘
59,14:53:42,23.85,-0.01,236,562860,卖盘
60,14:53:33,23.86,--,3,7158,买盘
61,14:53:27,23.86,--,2,4772,买盘
62,14:53:24,23.86,--,31,73966,卖盘
63,14:53:21,23.86,-0.02,70,167020,卖盘
64,14:53:15,23.88,--,1,2388,买盘
65,14:53:09,23.88,--,20,47760,买盘
66,14:53:03,23.88,--,1,2388,买盘
67,14:52:57,23.88,--,474,1131912,买盘
68,14:52:54,23.88,--,123,293724,卖盘
69,14:52:51,23.88,-0.01,1,2388,卖盘
70,14:52:48,23.89,0.01,13,31057,买盘
71,14:52:42,23.88,-0.01,5,11940,卖盘
72,14:52:39,23.89,--,9,21501,买盘
73,14:52:36,23.89,--,3,7167,买盘
74,14:52:33,23.89,0.01,39,93171,买盘
75,14:52:30,23.88,-0.01,5,11940,卖盘
76,14:52:27,23.89,--,164,391796,卖盘
77,14:52:21,23.89,--,548,1309172,卖盘
78,14:52:18,23.89,--,116,277124,卖盘
79,14:52:15,23.89,--,93,222177,卖盘
80,14:52:12,23.89,0.01,143,341627,买盘
81,14:52:06,23.88,--,11,26268,买盘
82,14:52:03,23.88,--,31,74028,买盘
83,14:52:00,23.88,0.02,67,159996,买盘
84,14:51:57,23.86,--,11,26246,卖盘
85,14:51:45,23.86,--,15,35790,卖盘
86,14:51:42,23.86,-0.03,8,19088,中性盘
87,14:51:33,23.89,0.04,60,143340,买盘
88,14:51:24,23.85,-0.03,202,481770,卖盘
89,14:51:21,23.88,0.02,4,9552,买盘
90,14:51:18,23.86,--,169,403234,买盘
91,14:51:15,23.86,--,1,2386,买盘
92,14:51:12,23.86,--,22,52492,买盘
93,14:51:09,23.86,--,62,147932,卖盘
94,14:51:03,23.86,-0.02,4,9544,卖盘
95,14:50:57,23.88,-0.02,27,64476,卖盘
96,14:50:45,23.9,--,1,2390,买盘
97,14:50:42,23.9,--,29,69310,买盘
98,14:50:39,23.9,-0.02,627,1498530,卖盘
99,14:50:36,23.92,--,23,55016,买盘
100,14:50:30,23.92,-0.01,126,301392,卖盘
101,14:50:24,23.93,-0.02,21,50253,卖盘
102,14:50:21,23.95,--,17,40715,买盘
103,14:50:18,23.95,0.01,5,11975,买盘
104,14:50:12,23.94,--,3,7182,买盘
105,14:50:06,23.94,-0.02,112,268128,卖盘
106,14:50:03,23.96,--,1,2396,卖盘
107,14:50:00,23.96,0.01,234,560664,买盘
108,14:49:57,23.95,--,30,71850,买盘
109,14:49:54,23.95,--,35,83825,买盘
110,14:49:48,23.95,--,66,158070,卖盘
111,14:49:45,23.95,--,10,23950,卖盘
112,14:49:42,23.95,--,94,225130,卖盘
113,14:49:39,23.95,0.03,158,378410,买盘
114,14:49:36,23.92,--,10,23920,买盘
115,14:49:33,23.92,-0.03,16,38272,卖盘
116,14:49:30,23.95,--,49,117355,买盘
117,14:49:27,23.95,--,12,28740,买盘
118,14:49:24,23.95,--,1,2395,买盘
119,14:49:21,23.95,-0.02,229,548455,卖盘
120,14:49:18,23.97,--,10,23970,买盘
121,14:49:12,23.97,0.02,152,364344,买盘
122,14:49:06,23.95,-0.03,35,83825,卖盘
123,14:49:03,23.98,0.03,64,153472,买盘
124,14:48:57,23.95,--,20,47900,卖盘
125,14:48:54,23.95,--,147,352065,买盘
126,14:48:48,23.95,--,107,256265,买盘
127,14:48:45,23.95,0.05,27,64665,买盘
128,14:48:39,23.9,--,169,403910,卖盘
129,14:48:36,23.9,-0.03,5,11950,卖盘
130,14:48:33,23.93,0.03,50,119650,买盘
131,14:48:27,23.9,0.01,119,284410,买盘
132,14:48:24,23.89,-0.01,2,4778,卖盘
133,14:48:21,23.9,--,50,119500,买盘
134,14:48:18,23.9,--,38,90820,买盘
135,14:48:12,23.9,0.01,67,160130,买盘
136,14:48:03,23.89,--,22,52558,买盘
137,14:48:00,23.89,0.01,165,394185,买盘
138,14:47:54,23.88,--,80,191040,买盘
139,14:47:48,23.88,0.02,32,76416,买盘
140,14:47:42,23.86,--,131,312566,买盘
141,14:47:39,23.86,--,20,47720,买盘
142,14:47:36,23.86,--,50,119300,买盘
143,14:47:33,23.86,0.01,4,9544,买盘
144,14:47:30,23.85,-0.01,2,4770,卖盘
145,14:47:27,23.86,0.01,20,47720,买盘
146,14:47:21,23.85,--,14,33390,卖盘
147,14:47:18,23.85,0.01,176,419760,买盘
148,14:47:15,23.84,--,159,379056,买盘
149,14:47:12,23.84,-0.01,26,61984,卖盘
150,14:47:09,23.85,--,5,11925,买盘
151,14:47:06,23.85,--,25,59625,买盘
152,14:47:00,23.85,0.01,2,4770,买盘
153,14:46:48,23.84,--,11,26224,买盘
154,14:46:45,23.84,0.02,10,23840,买盘
155,14:46:30,23.82,--,12,28584,卖盘
156,14:46:27,23.82,--,500,1191000,卖盘
157,14:46:24,23.82,--,10,23820,卖盘
158,14:46:21,23.82,0.01,114,271548,买盘
159,14:46:18,23.81,0.01,126,302101,买盘
160,14:46:12,23.8,--,45,107100,买盘
161,14:46:09,23.8,--,798,1899240,卖盘
162,14:46:06,23.8,-0.01,70,166600,卖盘
163,14:46:03,23.81,0.01,49,116669,买盘
164,14:46:00,23.8,--,153,364140,卖盘
165,14:45:57,23.8,--,131,311780,卖盘
166,14:45:54,23.8,-0.01,14,33320,卖盘
167,14:45:51,23.81,0.02,36,85716,买盘
168,14:45:48,23.79,0.01,8,19032,买盘
169,14:45:45,23.78,-0.01,3,7134,卖盘
170,14:45:39,23.79,-0.01,34,80886,卖盘
171,14:45:36,23.8,--,18,42840,买盘
172,14:45:30,23.8,0.02,17,40460,买盘
173,14:45:27,23.78,-0.02,35,83230,卖盘
174,14:45:24,23.8,--,11,26180,卖盘
175,14:45:21,23.8,0.01,9,21420,买盘
176,14:45:18,23.79,-0.01,40,95160,卖盘
177,14:45:15,23.8,0.02,10,23800,买盘
178,14:45:12,23.78,-0.02,59,141919,卖盘
179,14:45:03,23.8,--,15,35700,买盘
180,14:44:54,23.8,0.01,5,11900,买盘
181,14:44:51,23.79,--,10,23790,卖盘
182,14:44:48,23.79,--,15,35685,卖盘
183,14:44:42,23.79,--,23,54717,卖盘
184,14:44:39,23.79,--,30,71370,卖盘
185,14:44:36,23.79,--,8,19032,卖盘
186,14:44:33,23.79,--,31,73749,卖盘
187,14:44:30,23.79,--,18,42822,卖盘
188,14:44:27,23.79,0.01,133,316407,买盘
189,14:44:24,23.78,--,52,123656,卖盘
190,14:44:21,23.78,--,165,392370,卖盘
191,14:44:18,23.78,--,68,161704,卖盘
192,14:44:15,23.78,-0.01,160,380480,卖盘
193,14:44:12,23.79,--,180,428220,买盘
194,14:44:09,23.79,--,10,23790,买盘
195,14:44:06,23.79,0.01,3,7137,中性盘
196,14:44:03,23.78,-0.01,19,45182,卖盘
197,14:44:00,23.79,-0.02,10,23790,卖盘
198,14:43:57,23.81,0.02,1,2381,买盘
199,14:43:54,23.79,-0.01,1,2379,卖盘
200,14:43:51,23.8,-0.01,10,23800,中性盘
201,14:43:48,23.81,0.01,10,23810,买盘
202,14:43:45,23.8,-0.01,4,9520,卖盘
203,14:43:42,23.81,--,70,166670,买盘
204,14:43:36,23.81,--,9,21429,买盘
205,14:43:33,23.81,-0.01,1011,2407191,卖盘
206,14:43:24,23.82,--,823,1960386,卖盘
207,14:43:18,23.82,-0.01,1507,3589674,卖盘
208,14:43:15,23.83,-0.02,6,14297,卖盘
209,14:43:12,23.85,--,317,756045,买盘
210,14:43:09,23.85,--,2,4770,买盘
211,14:43:03,23.85,--,700,1669500,买盘
212,14:42:57,23.85,-0.01,152,362520,卖盘
213,14:42:54,23.86,--,6,14316,买盘
214,14:42:51,23.86,0.01,1,2386,买盘
215,14:42:48,23.85,--,230,548550,卖盘
216,14:42:45,23.85,-0.01,3,7155,卖盘
217,14:42:42,23.86,0.01,1,2386,中性盘
218,14:42:36,23.85,-0.01,402,958770,卖盘
219,14:42:33,23.86,--,6,14316,卖盘
220,14:42:24,23.86,-0.01,88,209968,中性盘
221,14:42:21,23.87,--,16,38192,买盘
222,14:42:18,23.87,0.02,45,107415,买盘
223,14:42:12,23.85,-0.03,6,14310,卖盘
224,14:41:54,23.88,0.02,1,2388,中性盘
225,14:41:51,23.86,--,17,40562,卖盘
226,14:41:48,23.86,-0.03,123,293478,卖盘
227,14:41:45,23.89,--,35,83615,买盘
228,14:41:42,23.89,-0.01,28,66892,卖盘
229,14:41:39,23.9,-0.01,10,23900,买盘
230,14:41:36,23.91,--,50,119550,买盘
231,14:41:30,23.91,0.01,103,246273,买盘
232,14:41:27,23.9,--,2,4780,卖盘
233,14:41:24,23.9,--,9,21510,卖盘
234,14:41:21,23.9,--,1,2390,卖盘
235,14:41:18,23.9,--,42,100380,卖盘
236,14:41:09,23.9,0.01,36,86040,买盘
237,14:41:06,23.89,0.01,38,90782,买盘
238,14:41:03,23.88,--,10,23880,卖盘
239,14:41:00,23.88,-0.01,53,126564,卖盘
240,14:40:51,23.89,--,11,26279,买盘
241,14:40:48,23.89,0.03,9,21501,买盘
242,14:40:45,23.86,-0.02,106,252916,卖盘
243,14:40:33,23.88,0.02,2,4776,买盘
244,14:40:27,23.86,-0.01,7,16702,卖盘
245,14:40:18,23.87,0.01,46,109802,买盘
246,14:40:15,23.86,--,1,2386,卖盘
247,14:40:12,23.86,--,15,35790,买盘
248,14:40:09,23.86,0.01,5,11930,买盘
249,14:40:03,23.85,--,99,236115,卖盘
250,14:39:54,23.85,-0.01,5,11925,卖盘
251,14:39:51,23.86,0.01,689,1643954,买盘
252,14:39:48,23.85,0.01,12,28620,买盘
253,14:39:45,23.84,-0.01,76,182376,卖盘
254,14:39:42,23.85,0.01,100,238500,买盘
255,14:39:39,23.84,-0.01,28,66752,卖盘
256,14:39:36,23.85,--,23,54855,买盘
257,14:39:30,23.85,--,10,23850,买盘
258,14:39:27,23.85,-0.01,381,908685,卖盘
259,14:39:24,23.86,--,18,42948,买盘
260,14:39:18,23.86,--,41,97826,卖盘
261,14:39:15,23.86,--,316,753976,卖盘
262,14:39:12,23.86,-0.03,65,155090,卖盘
263,14:39:09,23.89,0.03,41,97949,买盘
264,14:39:06,23.86,--,1,2386,卖盘
265,14:39:03,23.86,--,20,47720,卖盘
266,14:39:00,23.86,0.01,62,147932,买盘
267,14:38:57,23.85,-0.01,22,52470,卖盘
268,14:38:51,23.86,0.01,30,71580,买盘
269,14:38:48,23.85,--,20,47700,卖盘
270,14:38:45,23.85,--,43,102555,卖盘
271,14:38:42,23.85,0.01,7,16695,买盘
272,14:38:36,23.84,--,1,2384,卖盘
273,14:38:33,23.84,--,79,188336,买盘
274,14:38:30,23.84,--,20,47680,买盘
275,14:38:21,23.84,-0.01,39,92976,卖盘
276,14:38:18,23.85,0.01,38,90630,买盘
277,14:38:15,23.84,--,151,359984,卖盘
278,14:38:12,23.84,--,1,2384,卖盘
279,14:38:09,23.84,--,22,52448,买盘
280,14:38:03,23.84,--,22,52448,买盘
281,14:38:00,23.84,0.01,23,54832,买盘
282,14:37:54,23.83,--,1,2383,卖盘
283,14:37:51,23.83,--,25,59574,卖盘
284,14:37:48,23.83,--,6,14297,买盘
285,14:37:45,23.83,0.01,4,9532,买盘
286,14:37:42,23.82,-0.01,20,47640,卖盘
287,14:37:39,23.83,--,10,23830,买盘
288,14:37:36,23.83,--,25,59574,买盘
289,14:37:33,23.83,0.02,2,4766,买盘
290,14:37:30,23.81,-0.02,10,23810,卖盘
291,14:37:27,23.83,--,10,23830,买盘
292,14:37:24,23.83,0.02,32,76256,买盘
293,14:37:18,23.81,0.01,42,100002,中性盘
294,14:37:12,23.8,--,4,9520,卖盘
295,14:37:09,23.8,--,22,52360,卖盘
296,14:37:06,23.8,--,5,11900,卖盘
297,14:37:03,23.8,0.02,79,188020,买盘
298,14:37:00,23.78,-0.02,80,190240,卖盘
299,14:36:51,23.8,0.01,6,14280,买盘
300,14:36:48,23.79,--,229,545837,买盘
301,14:36:45,23.79,--,5,11895,买盘
302,14:36:42,23.79,--,29,68991,买盘
303,14:36:39,23.79,0.01,1,2379,买盘
304,14:36:36,23.78,--,111,263958,卖盘
305,14:36:33,23.78,--,53,126034,卖盘
306,14:36:30,23.78,-0.01,5,11890,卖盘
307,14:36:24,23.79,0.02,198,471042,买盘
308,14:36:21,23.77,--,13,30901,买盘
309,14:36:18,23.77,--,202,480154,买盘
310,14:36:15,23.77,--,23,54671,卖盘
311,14:36:12,23.77,0.01,146,347042,买盘
312,14:36:09,23.76,-0.01,148,351648,卖盘
313,14:36:06,23.77,--,84,199668,买盘
314,14:36:03,23.77,0.01,205,487285,买盘
315,14:35:57,23.76,--,5,11880,卖盘
316,14:35:54,23.76,-0.02,67,159192,卖盘
317,14:35:51,23.78,0.01,114,271092,买盘
318,14:35:48,23.77,--,2,4754,卖盘
319,14:35:45,23.77,-0.01,26,61802,卖盘
320,14:35:42,23.78,0.02,69,164082,买盘
321,14:35:39,23.76,--,5,11880,卖盘
322,14:35:36,23.76,-0.02,12,28512,卖盘
323,14:35:33,23.78,--,80,190240,买盘
324,14:35:30,23.78,0.03,55,130790,买盘
325,14:35:27,23.75,-0.01,30,71250,卖盘
326,14:35:24,23.76,--,2,4752,买盘
327,14:35:21,23.76,0.01,33,78408,买盘
328,14:35:18,23.75,0.01,38,90250,买盘
329,14:35:12,23.74,0.02,26,61723,买盘
330,14:35:09,23.72,0.01,90,213480,买盘
331,14:35:06,23.71,--,1,2371,卖盘
332,14:35:03,23.71,0.01,3,7113,买盘
333,14:34:57,23.7,0.01,38,90060,买盘
334,14:34:51,23.69,--,56,132664,卖盘
335,14:34:48,23.69,--,19,45011,买盘
336,14:34:45,23.69,--,2,4738,买盘
337,14:34:39,23.69,--,55,130295,买盘
338,14:34:30,23.69,-0.01,53,125557,卖盘
339,14:34:27,23.7,0.03,156,369720,买盘
340,14:34:24,23.67,-0.02,63,149121,卖盘
341,14:34:21,23.69,0.02,2,4738,卖盘
342,14:34:18,23.67,--,72,170424,卖盘
343,14:34:15,23.67,0.02,15,35505,中性盘
344,14:34:12,23.65,0.01,23,54395,中性盘
345,14:34:09,23.64,-0.02,42,99288,卖盘
346,14:34:06,23.66,-0.03,1,2366,中性盘
347,14:34:03,23.69,0.05,430,1018670,买盘
348,14:34:00,23.64,-0.02,11,26004,卖盘
349,14:33:57,23.66,--,4,9464,买盘
350,14:33:54,23.66,0.03,9,21294,买盘
351,14:33:51,23.63,--,5,11815,卖盘
352,14:33:48,23.63,0.01,18,42534,中性盘
353,14:33:45,23.62,--,4,9448,卖盘
354,14:33:36,23.62,--,13,30706,卖盘
355,14:33:33,23.62,--,14,33068,卖盘
356,14:33:30,23.62,0.02,562,1329735,买盘
357,14:33:27,23.6,--,1,2360,买盘
358,14:33:24,23.6,0.05,35,82600,买盘
359,14:33:18,23.55,-0.05,40,94200,中性盘
360,14:33:15,23.6,--,2247,5303344,买盘
361,14:33:12,23.6,-0.02,3,7080,卖盘
362,14:33:09,23.62,0.02,1000,2362000,买盘
363,14:33:06,23.6,-0.02,5,11800,卖盘
364,14:33:03,23.62,0.02,10,23620,买盘
365,14:32:57,23.6,-0.02,56,132160,卖盘
366,14:32:54,23.62,--,329,777168,卖盘
367,14:32:51,23.62,--,274,647188,卖盘
368,14:32:48,23.62,--,3,7086,卖盘
369,14:32:45,23.62,0.08,393,930557,买盘
370,14:32:42,23.54,--,50,117700,买盘
371,14:32:39,23.54,--,9,21186,买盘
372,14:32:36,23.54,-0.06,359,846333,卖盘
373,14:32:33,23.6,--,10,23600,买盘
374,14:32:30,23.6,--,10,23600,买盘
375,14:32:27,23.6,0.02,8,18880,买盘
376,14:32:24,23.58,--,25,58949,卖盘
377,14:32:21,23.58,--,23,54233,卖盘
378,14:32:18,23.58,-0.02,194,457451,卖盘
379,14:32:15,23.6,--,11,25960,卖盘
380,14:32:12,23.6,--,336,794682,买盘
381,14:32:06,23.6,--,100,236000,买盘
382,14:32:03,23.6,--,4,9440,买盘
383,14:32:00,23.6,-0.03,65,154037,卖盘
384,14:31:57,23.63,0.03,206,488526,买盘
385,14:31:54,23.6,-0.06,4,9440,卖盘
386,14:31:51,23.66,0.05,138,327123,买盘
387,14:31:48,23.61,-0.01,510,1205857,卖盘
388,14:31:45,23.62,0.01,9,21258,中性盘
389,14:31:42,23.61,-0.05,22,51942,卖盘
390,14:31:30,23.66,--,3,7098,买盘
391,14:31:24,23.66,--,58,137228,卖盘
392,14:31:18,23.66,-0.04,44,104104,卖盘
393,14:31:12,23.7,0.1,23,54510,买盘
394,14:31:06,23.6,-0.11,500,1180000,卖盘
395,14:31:03,23.71,0.01,54,128034,中性盘
396,14:31:00,23.7,--,36,85320,卖盘
397,14:30:57,23.7,--,94,222780,卖盘
398,14:30:54,23.7,0.02,121,289116,买盘
399,14:30:51,23.68,--,71,169312,卖盘
400,14:30:45,23.68,--,2,4736,卖盘
401,14:30:33,23.68,-0.01,103,243904,卖盘
402,14:30:30,23.69,--,27,63963,卖盘
403,14:30:24,23.69,0.01,5,13029,买盘
404,14:30:21,23.68,-0.01,39,92352,卖盘
405,14:30:18,23.69,--,83,197811,卖盘
406,14:30:15,23.69,--,42,100682,买盘
407,14:30:09,23.69,0.01,30,71070,买盘
408,14:30:03,23.68,--,16,37888,卖盘
409,14:29:57,23.68,--,41,97088,卖盘
410,14:29:51,23.68,0.01,20,47360,买盘
411,14:29:45,23.67,--,1,2367,买盘
412,14:29:33,23.67,0.03,5,11835,买盘
413,14:29:30,23.64,--,54,127656,卖盘
414,14:29:18,23.64,--,1,2364,卖盘
415,14:29:15,23.64,0.03,246,581544,买盘
416,14:29:12,23.61,-0.03,850,2006850,卖盘
417,14:29:06,23.64,--,21,49644,买盘
418,14:29:00,23.64,-0.05,351,829764,卖盘
419,14:28:57,23.69,--,8,18952,买盘
420,14:28:54,23.69,0.02,17,40273,买盘
421,14:28:51,23.67,-0.02,41,97047,卖盘
422,14:28:48,23.69,-0.03,3,7107,买盘
423,14:28:45,23.72,--,63,150622,卖盘
424,14:28:42,23.72,--,207,491004,卖盘
425,14:28:39,23.72,0.02,286,679578,买盘
426,14:28:36,23.7,0.03,44,104280,买盘
427,14:28:33,23.67,-0.03,31,73377,卖盘
428,14:28:30,23.7,-0.01,22,52140,卖盘
429,14:28:27,23.71,0.02,21,49791,买盘
430,14:28:24,23.69,-0.02,29,68701,卖盘
431,14:28:21,23.71,0.01,98,232358,买盘
432,14:28:18,23.7,--,10,23700,买盘
433,14:28:15,23.7,--,1,2370,买盘
434,14:28:09,23.7,--,13,30810,买盘
435,14:28:06,23.7,-0.02,116,274920,卖盘
436,14:28:03,23.72,0.02,120,284640,买盘
437,14:28:00,23.7,-0.02,409,969330,卖盘
438,14:27:57,23.72,0.01,8,18976,买盘
439,14:27:54,23.71,-0.01,10,23710,卖盘
440,14:27:51,23.72,--,3,7116,买盘
441,14:27:48,23.72,0.02,100,237200,买盘
442,14:27:45,23.7,-0.02,112,265440,卖盘
443,14:27:42,23.72,--,6,14232,买盘
444,14:27:39,23.72,--,33,78276,买盘
445,14:27:36,23.72,--,5,11860,买盘
446,14:27:30,23.72,0.02,4,9488,买盘
447,14:27:27,23.7,-0.02,7,16590,卖盘
448,14:27:24,23.72,0.01,128,303616,买盘
449,14:27:21,23.71,--,246,583266,买盘
450,14:27:18,23.71,0.01,50,118550,买盘
451,14:27:15,23.7,--,262,620940,买盘
452,14:27:12,23.7,-0.01,90,213300,卖盘
453,14:27:09,23.71,0.01,43,101953,买盘
454,14:27:06,23.7,--,2,4740,卖盘
455,14:27:00,23.7,--,11,26070,卖盘
456,14:26:57,23.7,0.01,1,2370,卖盘
457,14:26:54,23.69,-0.01,100,236900,卖盘
458,14:26:51,23.7,--,15,35550,卖盘
459,14:26:48,23.7,--,10,23700,卖盘
460,14:26:45,23.7,--,16,37920,买盘
461,14:26:42,23.7,--,24,56880,买盘
462,14:26:39,23.7,--,22,52140,买盘
463,14:26:36,23.7,--,10,23700,买盘
464,14:26:33,23.7,--,1,2370,买盘
465,14:26:30,23.7,-0.02,130,308100,卖盘
466,14:26:27,23.72,--,40,94880,买盘
467,14:26:24,23.72,--,10,23720,买盘
468,14:26:21,23.72,--,1,2372,买盘
469,14:26:18,23.72,0.02,5,11860,买盘
470,14:26:12,23.7,-0.02,39,92430,卖盘
471,14:26:06,23.72,0.02,3,7116,买盘
472,14:26:00,23.7,--,18,42660,卖盘
473,14:25:54,23.7,0.01,155,367350,买盘
474,14:25:51,23.69,--,88,208472,卖盘
475,14:25:48,23.69,-0.01,243,575667,卖盘
476,14:25:45,23.7,--,98,232260,买盘
477,14:25:42,23.7,0.01,18,42660,买盘
478,14:25:36,23.69,--,4,9476,卖盘
479,14:25:33,23.69,--,5,11845,卖盘
480,14:25:30,23.69,--,57,135056,买盘
481,14:25:27,23.69,0.01,4,9476,买盘
482,14:25:24,23.68,--,11,26048,卖盘
483,14:25:21,23.68,-0.01,88,208384,卖盘
484,14:25:15,23.69,0.01,8,18952,买盘
485,14:25:09,23.68,--,10,23680,卖盘
486,14:25:06,23.68,--,1,2368,卖盘
487,14:25:03,23.68,--,24,56832,买盘
488,14:25:00,23.68,--,5,11840,买盘
489,14:24:57,23.68,0.03,44,104192,买盘
490,14:24:54,23.65,--,20,47300,卖盘
491,14:24:51,23.65,-0.03,10,23650,卖盘
492,14:24:48,23.68,--,11,26048,买盘
493,14:24:45,23.68,0.03,41,97088,买盘
494,14:24:39,23.65,--,2,4730,卖盘
495,14:24:36,23.65,--,6,14190,卖盘
496,14:24:33,23.65,--,9,21285,卖盘
497,14:24:30,23.65,0.01,83,196295,卖盘
498,14:24:27,23.64,-0.01,59,140799,卖盘
499,14:24:24,23.65,--,18,42570,卖盘
500,14:24:18,23.65,0.01,68,160820,买盘
501,14:24:15,23.64,-0.01,30,70920,卖盘
502,14:24:12,23.65,0.01,30,70950,买盘
503,14:24:09,23.64,-0.01,32,75648,卖盘
504,14:24:03,23.65,0.02,211,499014,买盘
505,14:24:00,23.63,-0.02,55,129965,卖盘
506,14:23:57,23.65,--,5,11825,买盘
507,14:23:54,23.65,0.02,15,35475,买盘
508,14:23:48,23.63,0.01,2,4726,中性盘
509,14:23:45,23.62,-0.01,20,47240,卖盘
510,14:23:42,23.63,--,81,191403,买盘
511,14:23:39,23.63,--,26,61438,买盘
512,14:23:36,23.63,0.01,52,122876,买盘
513,14:23:33,23.62,--,56,132272,卖盘
514,14:23:30,23.62,-0.01,1,2362,卖盘
515,14:23:27,23.63,--,25,59075,买盘
516,14:23:24,23.63,0.02,90,212670,买盘
517,14:23:21,23.61,--,2,4722,卖盘
518,14:23:18,23.61,--,15,35415,卖盘
519,14:23:15,23.61,-0.01,47,110967,卖盘
520,14:23:12,23.62,0.01,14,33068,买盘
521,14:23:09,23.61,-0.02,2,4722,卖盘
522,14:23:06,23.63,--,7,16541,买盘
523,14:23:03,23.63,0.02,1,2363,买盘
524,14:23:00,23.61,-0.02,27,63747,卖盘
525,14:22:57,23.63,--,162,382806,买盘
526,14:22:54,23.63,0.02,5,11815,买盘
527,14:22:51,23.61,0.01,29,68469,买盘
528,14:22:48,23.6,--,49,115640,卖盘
529,14:22:45,23.6,-0.01,5,11800,卖盘
530,14:22:42,23.61,-0.02,17,40137,卖盘
531,14:22:39,23.63,0.03,4,9452,买盘
532,14:22:36,23.6,-0.03,68,160480,卖盘
533,14:22:33,23.63,0.02,5,11815,买盘
534,14:22:30,23.61,--,31,73191,卖盘
535,14:22:27,23.61,0.01,4,9444,中性盘
536,14:22:24,23.6,--,16,37760,卖盘
537,14:22:21,23.6,0.03,6,14160,中性盘
538,14:22:18,23.57,0.01,348,820236,卖盘
539,14:22:15,23.56,-0.01,9,21204,卖盘
540,14:22:12,23.57,0.01,45,107809,买盘
541,14:22:09,23.56,-0.02,313,737428,卖盘
542,14:22:06,23.58,-0.02,45,106109,买盘
543,14:22:03,23.6,0.05,723,1706280,买盘
544,14:22:00,23.55,-0.05,200,471000,卖盘
545,14:21:57,23.6,0.03,7,16520,买盘
546,14:21:54,23.57,-0.01,11,25927,卖盘
547,14:21:51,23.58,--,33,77814,卖盘
548,14:21:48,23.58,--,14,33012,卖盘
549,14:21:45,23.58,-0.02,22,51875,卖盘
550,14:21:42,23.6,--,9,21240,买盘
551,14:21:39,23.6,-0.05,96,226560,卖盘
552,14:21:36,23.65,0.02,67,158455,买盘
553,14:21:33,23.63,-0.01,609,1439067,卖盘
554,14:21:30,23.64,0.01,152,359328,中性盘
555,14:21:27,23.63,--,40,94520,卖盘
556,14:21:24,23.63,-0.04,2,4726,卖盘
557,14:21:21,23.67,0.04,5,11835,买盘
558,14:21:18,23.63,--,11,25993,卖盘
559,14:21:15,23.63,-0.06,1001,2365363,卖盘
560,14:21:12,23.69,-0.01,3,7107,卖盘
561,14:21:09,23.7,--,40,94800,买盘
562,14:21:06,23.7,--,25,59250,买盘
563,14:21:03,23.7,-0.02,608,1440960,卖盘
564,14:20:57,23.72,-0.04,10,23720,卖盘
565,14:20:54,23.76,-0.03,1,2376,卖盘
566,14:20:51,23.79,0.03,6,14274,买盘
567,14:20:48,23.76,--,3,7128,卖盘
568,14:20:45,23.76,0.04,1,2376,卖盘
569,14:20:42,23.72,-0.06,404,958288,卖盘
570,14:20:39,23.78,--,5,11890,卖盘
571,14:20:36,23.78,-0.01,1,2378,卖盘
572,14:20:33,23.79,0.01,5,11895,买盘
573,14:20:30,23.78,--,11,26158,卖盘
574,14:20:27,23.78,-0.02,16,38048,卖盘
575,14:20:24,23.8,--,7,16660,买盘
576,14:20:12,23.8,-0.03,222,528978,卖盘
577,14:20:09,23.83,--,158,376514,卖盘
578,14:20:00,23.83,0.01,4,9532,中性盘
579,14:19:57,23.82,-0.01,20,47640,卖盘
580,14:19:54,23.83,-0.01,2,4766,卖盘
581,14:19:45,23.84,0.01,10,23840,买盘
582,14:19:42,23.83,-0.01,4,9532,卖盘
583,14:19:39,23.84,--,10,23840,买盘
584,14:19:27,23.84,-0.01,19,45296,卖盘
585,14:19:18,23.85,-0.02,1,2385,卖盘
586,14:19:15,23.87,0.01,156,372372,买盘
587,14:19:12,23.86,-0.02,14,33404,卖盘
588,14:19:06,23.88,0.01,3,7164,买盘
589,14:19:03,23.87,-0.01,7,16709,卖盘
590,14:18:54,23.88,--,6,14328,买盘
591,14:18:45,23.88,--,9,21492,卖盘
592,14:18:39,23.88,-0.01,11,26268,卖盘
593,14:18:33,23.89,0.01,17,40613,买盘
594,14:18:30,23.88,-0.01,5,11940,卖盘
595,14:18:24,23.89,--,5,11945,买盘
596,14:18:21,23.89,--,19,45391,卖盘
597,14:18:18,23.89,--,202,482578,卖盘
598,14:18:15,23.89,--,10,23890,卖盘
599,14:18:09,23.89,--,8,19112,卖盘
600,14:18:06,23.89,0.01,2,4778,卖盘
601,14:18:03,23.88,--,109,260292,买盘
602,14:18:00,23.88,--,391,933708,卖盘
603,14:17:57,23.88,-0.02,5,11940,卖盘
604,14:17:54,23.9,0.02,106,253339,买盘
605,14:17:45,23.88,-0.02,6,14328,卖盘
606,14:17:42,23.9,0.02,10,23900,买盘
607,14:17:39,23.88,--,13,31044,卖盘
608,14:17:36,23.88,--,10,23880,卖盘
609,14:17:30,23.88,--,8,19104,卖盘
610,14:17:27,23.88,--,49,117012,买盘
611,14:17:18,23.88,--,2,4776,买盘
612,14:17:15,23.88,--,62,148056,买盘
613,14:17:09,23.88,0.01,283,675804,买盘
614,14:17:06,23.87,--,10,23870,买盘
615,14:17:03,23.87,--,1,2387,买盘
616,14:17:00,23.87,--,3,7161,卖盘
617,14:16:54,23.87,-0.01,51,121737,卖盘
618,14:16:51,23.88,--,142,339096,买盘
619,14:16:45,23.88,--,106,253128,买盘
620,14:16:39,23.88,--,63,150444,买盘
621,14:16:33,23.88,--,100,238800,买盘
622,14:16:27,23.88,-0.02,205,489540,卖盘
623,14:16:24,23.9,--,2,4780,卖盘
624,14:16:21,23.9,0.01,195,466050,买盘
625,14:16:18,23.89,0.01,1,2389,买盘
626,14:16:15,23.88,0.02,20,47760,买盘
627,14:16:12,23.86,--,5,11930,卖盘
628,14:16:06,23.86,--,17,40562,买盘
629,14:16:03,23.86,--,10,23860,买盘
630,14:16:00,23.86,0.01,1,2386,买盘
631,14:15:57,23.85,0.02,20,47700,卖盘
632,14:15:51,23.83,-0.02,34,81022,卖盘
633,14:15:48,23.85,--,10,23850,卖盘
634,14:15:45,23.85,--,2,5962,买盘
635,14:15:39,23.85,--,12,28620,买盘
636,14:15:36,23.85,0.03,4,9540,买盘
637,14:15:33,23.82,-0.01,107,254874,卖盘
638,14:15:30,23.83,--,46,111381,买盘
639,14:15:27,23.83,--,5,11915,买盘
640,14:15:24,23.83,-0.02,57,136450,卖盘
641,14:15:18,23.85,--,3,7155,买盘
642,14:15:15,23.85,--,10,23850,买盘
643,14:15:12,23.85,--,2,4770,买盘
644,14:15:06,23.85,-0.01,18,44122,卖盘
645,14:15:03,23.86,0.01,2,4772,买盘
646,14:14:57,23.85,--,2,5962,买盘
647,14:14:54,23.85,0.02,5,11925,买盘
648,14:14:51,23.83,--,10,23830,卖盘
649,14:14:45,23.83,--,10,23830,卖盘
650,14:14:42,23.83,--,21,50043,卖盘
651,14:14:39,23.83,--,16,38128,卖盘
652,14:14:36,23.83,--,13,32742,买盘
653,14:14:27,23.83,0.03,9,21447,买盘
654,14:14:21,23.8,--,150,357000,卖盘
655,14:14:18,23.8,-0.03,30,71400,卖盘
656,14:14:15,23.83,0.03,4,9532,买盘
657,14:14:06,23.8,-0.03,16,38080,中性盘
658,14:14:00,23.83,0.03,455,1084265,买盘
659,14:13:54,23.8,--,5,11900,买盘
660,14:13:51,23.8,-0.03,1354,3222520,卖盘
661,14:13:48,23.83,0.02,168,400344,买盘
662,14:13:45,23.81,-0.02,12,28572,卖盘
663,14:13:39,23.83,0.02,22,52425,买盘
664,14:13:33,23.81,--,15,35715,卖盘
665,14:13:27,23.81,--,14,33334,卖盘
666,14:13:24,23.81,-0.02,23,54763,卖盘
667,14:13:21,23.83,--,6,14297,买盘
668,14:13:15,23.83,0.02,22,52425,买盘
669,14:13:06,23.81,-0.02,5,11905,卖盘
670,14:13:03,23.83,-0.01,324,772092,卖盘
671,14:13:00,23.84,0.01,12,28608,买盘
672,14:12:54,23.83,-0.01,2,4766,卖盘
673,14:12:51,23.84,0.01,21,50064,买盘
674,14:12:48,23.83,--,168,400344,买盘
675,14:12:45,23.83,--,1,2383,买盘
676,14:12:42,23.83,0.02,74,176342,中性盘
677,14:12:36,23.81,-0.02,500,1190500,卖盘
678,14:12:33,23.83,--,16,38128,卖盘
679,14:12:30,23.83,-0.02,1,2383,卖盘
680,14:12:27,23.85,0.01,28,66780,买盘
681,14:12:21,23.84,0.01,71,169264,卖盘
682,14:12:12,23.83,-0.02,7,16681,卖盘
683,14:12:09,23.85,--,6,14310,买盘
684,14:12:00,23.85,--,7,16695,买盘
685,14:11:57,23.85,--,5,11925,买盘
686,14:11:48,23.85,--,312,744716,卖盘
687,14:11:45,23.85,--,2,4770,卖盘
688,14:11:42,23.85,--,1,2385,卖盘
689,14:11:39,23.85,--,18,42930,卖盘
690,14:11:27,23.85,--,8,20868,卖盘
691,14:11:21,23.85,--,10,23850,卖盘
692,14:11:18,23.85,0.03,105,250425,买盘
693,14:11:15,23.82,-0.01,89,211998,卖盘
694,14:11:09,23.83,--,2,4766,卖盘
695,14:11:06,23.83,0.01,41,97703,中性盘
696,14:10:54,23.82,-0.03,102,242964,卖盘
697,14:10:51,23.85,0.03,5,11925,买盘
698,14:10:42,23.82,--,11,26202,卖盘
699,14:10:39,23.82,-0.03,80,190560,卖盘
700,14:10:36,23.85,0.05,1,2385,买盘
701,14:10:30,23.8,0.01,30,71400,卖盘
702,14:10:18,23.79,--,201,478179,买盘
703,14:10:15,23.79,--,10,23790,买盘
704,14:10:12,23.79,--,5,11895,买盘
705,14:10:09,23.79,--,7,16653,买盘
706,14:10:06,23.79,--,2,4758,买盘
707,14:10:03,23.79,-0.06,277,658983,卖盘
708,14:10:00,23.85,0.05,2,4770,卖盘
709,14:09:57,23.8,-0.05,104,247520,卖盘
710,14:09:54,23.85,0.05,1,2385,买盘
711,14:09:51,23.8,-0.06,1000,2380000,卖盘
712,14:09:48,23.86,--,7,16702,卖盘
713,14:09:45,23.86,-0.03,5,11930,买盘
714,14:09:39,23.89,0.04,50,119450,买盘
715,14:09:36,23.85,--,60,143100,卖盘
716,14:09:33,23.85,0.03,118,281430,买盘
717,14:09:30,23.82,--,15,35730,买盘
718,14:09:27,23.82,--,1,2382,买盘
719,14:09:24,23.82,-0.01,44,104808,卖盘
720,14:09:21,23.83,-0.03,372,886475,卖盘
721,14:09:18,23.86,0.01,21,50106,买盘
722,14:09:15,23.85,--,50,119250,卖盘
723,14:09:06,23.85,-0.04,107,255195,卖盘
724,14:09:03,23.89,-0.01,23,54947,买盘
725,14:08:54,23.9,0.04,50,119500,买盘
726,14:08:48,23.86,-0.04,360,858960,卖盘
727,14:08:36,23.9,-0.01,10,23900,卖盘
728,14:08:33,23.91,--,4,9564,买盘
729,14:08:15,23.91,--,10,23910,买盘
730,14:08:09,23.91,0.03,13,31083,买盘
731,14:08:06,23.88,-0.03,2,4776,卖盘
732,14:08:03,23.91,--,1,2391,买盘
733,14:08:00,23.91,-0.01,6,14346,卖盘
734,14:07:57,23.92,--,24,57408,买盘
735,14:07:54,23.92,0.03,10,23920,买盘
736,14:07:48,23.89,-0.03,265,633945,卖盘
737,14:07:42,23.92,--,16,38272,买盘
738,14:07:30,23.92,-0.01,29,69368,卖盘
739,14:07:27,23.93,--,2,4786,买盘
740,14:07:24,23.93,--,10,23930,卖盘
741,14:07:21,23.93,0.01,5,11965,中性盘
742,14:07:15,23.92,-0.02,15,35880,卖盘
743,14:07:12,23.94,--,4,9576,买盘
744,14:07:00,23.94,--,19,45486,卖盘
745,14:06:57,23.94,-0.01,1,2394,中性盘
746,14:06:51,23.95,--,73,174835,买盘
747,14:06:48,23.95,0.02,50,119750,买盘
748,14:06:45,23.93,--,27,64611,卖盘
749,14:06:42,23.93,-0.02,1,2393,卖盘
750,14:06:39,23.95,0.02,21,50295,买盘
751,14:06:21,23.93,-0.03,244,584490,卖盘
752,14:06:18,23.96,-0.01,21,50316,中性盘
753,14:06:06,23.97,0.01,5,11985,买盘
754,14:05:57,23.96,--,1,2396,买盘
755,14:05:45,23.96,0.01,401,960796,买盘
756,14:05:42,23.95,0.02,15,37721,买盘
757,14:05:39,23.93,-0.02,54,129222,卖盘
758,14:05:36,23.95,--,15,35925,买盘
759,14:05:33,23.95,--,24,57480,买盘
760,14:05:27,23.95,--,45,107775,买盘
761,14:05:15,23.95,--,6,14370,买盘
762,14:05:12,23.95,0.01,17,40715,买盘
763,14:05:03,23.94,--,8,19152,卖盘
764,14:05:00,23.94,-0.01,1,2394,中性盘
765,14:04:57,23.95,0.03,600,1437000,买盘
766,14:04:51,23.92,--,7,16744,买盘
767,14:04:48,23.92,--,7,16744,买盘
768,14:04:45,23.92,--,10,23920,买盘
769,14:04:39,23.92,--,1,2392,买盘
770,14:04:36,23.92,-0.02,24,58006,卖盘
771,14:04:27,23.94,--,1,2394,买盘
772,14:04:24,23.94,0.02,2,4788,买盘
773,14:04:21,23.92,--,4,9568,卖盘
774,14:04:18,23.92,-0.02,11,26312,卖盘
775,14:04:06,23.94,0.02,10,23940,买盘
776,14:04:00,23.92,--,5,11960,卖盘
777,14:03:57,23.92,-0.02,61,145912,卖盘
778,14:03:45,23.94,--,5,11970,买盘
779,14:03:42,23.94,-0.01,22,52668,卖盘
780,14:03:39,23.95,0.01,8,19160,买盘
781,14:03:36,23.94,--,10,23940,卖盘
782,14:03:33,23.94,--,20,47880,卖盘
783,14:03:24,23.94,--,2,4788,卖盘
784,14:03:21,23.94,--,1,2394,卖盘
785,14:03:18,23.94,--,18,43092,卖盘
786,14:03:15,23.94,0.02,128,306432,买盘
787,14:03:12,23.92,0.02,73,176410,买盘
788,14:03:06,23.9,--,74,176860,买盘
789,14:03:03,23.9,0.01,40,95600,买盘
790,14:03:00,23.89,-0.01,5,11945,卖盘
791,14:02:57,23.9,0.01,10,23900,买盘
792,14:02:51,23.89,-0.01,16,38224,卖盘
793,14:02:48,23.9,--,32,76480,买盘
794,14:02:39,23.9,0.01,4,9560,买盘
795,14:02:36,23.89,0.01,4,11084,买盘
796,14:02:33,23.88,-0.01,52,124176,卖盘
797,14:02:27,23.89,--,23,54947,买盘
798,14:02:21,23.89,0.01,2,4778,买盘
799,14:02:18,23.88,-0.01,100,238800,卖盘
800,14:02:15,23.89,-0.02,74,177646,卖盘
801,14:02:12,23.91,0.01,5,11955,买盘
802,14:02:09,23.9,0.01,173,414999,买盘
803,14:02:06,23.89,-0.01,11,26279,卖盘
804,14:02:03,23.9,--,5,11950,买盘
805,14:01:54,23.9,--,6,14340,买盘
806,14:01:51,23.9,--,3,8030,卖盘
807,14:01:48,23.9,--,4,9560,卖盘
808,14:01:42,23.9,--,36,86040,卖盘
809,14:01:36,23.9,-0.01,8,19120,卖盘
810,14:01:33,23.91,0.01,5,11955,买盘
811,14:01:27,23.9,-0.01,5,11950,卖盘
812,14:01:12,23.91,0.01,5,11955,买盘
813,14:01:09,23.9,-0.02,303,724170,卖盘
814,14:01:06,23.92,--,1,2392,买盘
815,14:01:00,23.92,--,2,4784,买盘
816,14:00:54,23.92,--,9,21528,买盘
817,14:00:51,23.92,--,30,71760,买盘
818,14:00:48,23.92,--,25,59800,买盘
819,14:00:36,23.92,-0.01,31,74152,卖盘
820,14:00:33,23.93,--,13,31109,卖盘
821,14:00:30,23.93,--,4,9572,卖盘
822,14:00:12,23.93,0.01,315,753795,买盘
823,14:00:09,23.92,-0.01,5,11960,卖盘
824,14:00:06,23.93,-0.01,63,150759,中性盘
825,13:59:54,23.94,0.01,292,699048,买盘
826,13:59:51,23.93,-0.01,2,4786,卖盘
827,13:59:48,23.94,--,120,287280,买盘
828,13:59:45,23.94,0.02,5,11970,买盘
829,13:59:42,23.92,0.01,5,11960,卖盘
830,13:59:33,23.91,--,1,3921,卖盘
831,13:59:30,23.91,--,4,9564,卖盘
832,13:59:27,23.91,--,56,133896,卖盘
833,13:59:24,23.91,0.01,55,131505,买盘
834,13:59:15,23.9,--,1,2390,卖盘
835,13:59:09,23.9,--,134,320260,买盘
836,13:59:06,23.9,--,3,7170,买盘
837,13:59:03,23.9,--,32,76480,买盘
838,13:58:57,23.9,--,16,38240,买盘
839,13:58:54,23.9,--,23,54970,买盘
840,13:58:51,23.9,--,125,298750,卖盘
841,13:58:48,23.9,-0.01,3,7170,卖盘
842,13:58:45,23.91,--,10,23910,买盘
843,13:58:42,23.91,--,25,59775,买盘
844,13:58:39,23.91,0.01,15,35865,买盘
845,13:58:36,23.9,-0.01,40,95600,卖盘
846,13:58:30,23.91,--,63,150633,买盘
847,13:58:27,23.91,0.01,30,71730,买盘
848,13:58:24,23.9,-0.01,5,11950,卖盘
849,13:58:21,23.91,0.01,11,26301,买盘
850,13:58:15,23.9,--,5,11950,卖盘
851,13:58:09,23.9,--,15,35850,卖盘
852,13:58:03,23.9,-0.01,66,157740,卖盘
853,13:58:00,23.91,0.01,4,9564,买盘
854,13:57:54,23.9,--,3,7170,卖盘
855,13:57:51,23.9,--,15,35850,卖盘
856,13:57:45,23.9,--,40,95600,卖盘
857,13:57:39,23.9,0.02,141,336990,买盘
858,13:57:36,23.88,--,820,1958160,卖盘
859,13:57:33,23.88,-0.01,10,23880,卖盘
860,13:57:27,23.89,--,23,54947,卖盘
861,13:57:21,23.89,0.01,37,88393,卖盘
862,13:57:15,23.88,-0.01,19,45372,卖盘
863,13:57:12,23.89,--,56,133784,卖盘
864,13:57:09,23.89,-0.01,10,23890,卖盘
865,13:57:06,23.9,0.01,8,19120,买盘
866,13:57:00,23.89,-0.01,1,2389,卖盘
867,13:56:57,23.9,--,100,239000,买盘
868,13:56:54,23.9,--,20,47800,买盘
869,13:56:45,23.9,0.01,1,2390,买盘
870,13:56:42,23.89,-0.01,15,35835,卖盘
871,13:56:36,23.9,--,65,155350,卖盘
872,13:56:27,23.9,0.01,103,246169,买盘
873,13:56:24,23.89,0.01,2,4778,卖盘
874,13:56:21,23.88,--,91,217308,买盘
875,13:56:18,23.88,-0.01,9,21492,卖盘
876,13:56:12,23.89,--,20,47780,卖盘
877,13:56:09,23.89,--,29,69281,买盘
878,13:56:06,23.89,0.02,16,38224,买盘
879,13:56:03,23.87,-0.02,61,145607,卖盘
880,13:56:00,23.89,0.02,68,162452,买盘
881,13:55:57,23.87,--,2,4774,卖盘
882,13:55:54,23.87,-0.01,250,596750,卖盘
883,13:55:48,23.88,0.01,314,749832,买盘
884,13:55:42,23.87,0.02,3,7161,买盘
885,13:55:36,23.85,-0.02,14,33390,卖盘
886,13:55:33,23.87,0.02,6,14322,买盘
887,13:55:30,23.85,0.02,215,512775,买盘
888,13:55:24,23.83,-0.02,2,4766,卖盘
889,13:55:21,23.85,0.03,27,64395,买盘
890,13:55:18,23.82,--,100,238200,卖盘
891,13:55:12,23.82,--,5,11910,卖盘
892,13:55:09,23.82,0.01,170,404940,买盘
893,13:55:06,23.81,--,19,45239,卖盘
894,13:55:03,23.81,--,11,26191,卖盘
895,13:55:00,23.81,--,57,135717,卖盘
896,13:54:57,23.81,--,113,269053,买盘
897,13:54:54,23.81,0.01,148,352388,买盘
898,13:54:51,23.8,--,25,59500,买盘
899,13:54:48,23.8,--,149,354620,卖盘
900,13:54:45,23.8,--,119,283220,卖盘
901,13:54:42,23.8,-0.01,2,4760,卖盘
902,13:54:39,23.81,0.01,341,811921,买盘
903,13:54:36,23.8,-0.01,297,706860,卖盘
904,13:54:30,23.81,-0.06,467,1111927,卖盘
905,13:54:27,23.87,0.02,20,47740,买盘
906,13:54:24,23.85,0.04,8,19080,买盘
907,13:54:21,23.81,--,58,138098,卖盘
908,13:54:18,23.81,-0.08,370,880970,卖盘
909,13:54:15,23.89,-0.01,1,2389,卖盘
910,13:54:12,23.9,--,1,2390,买盘
911,13:54:09,23.9,0.02,721,1723190,买盘
912,13:54:06,23.88,-0.01,92,219696,卖盘
913,13:54:03,23.89,-0.01,1,2389,卖盘
914,13:54:00,23.9,--,798,1907220,卖盘
915,13:53:57,23.9,--,257,614230,卖盘
916,13:53:51,23.9,--,103,246169,卖盘
917,13:53:45,23.9,-0.03,100,239000,卖盘
918,13:53:42,23.93,-0.01,9,21537,卖盘
919,13:53:39,23.94,0.03,4,9576,买盘
920,13:53:36,23.91,-0.03,240,573840,卖盘
921,13:53:33,23.94,0.01,16,38304,买盘
922,13:53:30,23.93,--,3,7179,卖盘
923,13:53:24,23.93,--,21,50253,卖盘
924,13:53:21,23.93,-0.01,29,69397,卖盘
925,13:53:18,23.94,--,24,57456,买盘
926,13:53:15,23.94,--,25,59850,卖盘
927,13:53:12,23.94,--,9,21546,卖盘
928,13:53:09,23.94,-0.01,1,2394,卖盘
929,13:53:00,23.95,--,250,598750,卖盘
930,13:52:51,23.95,--,58,138910,卖盘
931,13:52:48,23.95,--,94,225130,买盘
932,13:52:39,23.95,0.03,2,4790,买盘
933,13:52:33,23.92,-0.01,100,239200,卖盘
934,13:52:30,23.93,0.01,6,14358,中性盘
935,13:52:24,23.92,-0.01,318,760656,卖盘
936,13:52:18,23.93,--,12,28716,卖盘
937,13:52:15,23.93,--,3,7179,买盘
938,13:52:12,23.93,0.01,65,155545,买盘
939,13:52:09,23.92,-0.01,105,251160,卖盘
940,13:52:06,23.93,--,1,2393,买盘
941,13:52:03,23.93,--,1,2393,买盘
942,13:51:57,23.93,--,5,11965,买盘
943,13:51:54,23.93,-0.03,28,67004,卖盘
944,13:51:48,23.96,--,6,14376,买盘
945,13:51:45,23.96,--,3,7188,买盘
946,13:51:42,23.96,0.03,10,23960,买盘
947,13:51:39,23.93,-0.04,420,1005060,卖盘
948,13:51:36,23.97,0.01,10,23970,中性盘
949,13:51:30,23.96,-0.01,300,718800,卖盘
950,13:51:27,23.97,--,1,2397,卖盘
951,13:51:18,23.97,--,14,33558,买盘
952,13:51:12,23.97,--,10,23970,买盘
953,13:51:03,23.97,-0.01,82,196554,卖盘
954,13:51:00,23.98,0.01,20,47960,买盘
955,13:50:57,23.97,-0.01,4,9588,卖盘
956,13:50:54,23.98,--,10,23980,买盘
957,13:50:51,23.98,--,2,4796,买盘
958,13:50:42,23.98,--,66,159155,卖盘
959,13:50:39,23.98,--,68,163064,卖盘
960,13:50:24,23.98,-0.02,12,28776,卖盘
961,13:50:18,24.0,--,5,12000,买盘
962,13:50:12,24.0,--,30,72000,买盘
963,13:50:00,24.0,--,2,4800,买盘
964,13:49:54,24.0,0.02,3,7200,卖盘
965,13:49:27,23.98,-0.02,80,191840,卖盘
966,13:49:21,24.0,--,55,132000,买盘
967,13:49:15,24.0,--,15,36000,卖盘
968,13:48:51,24.0,0.01,29,69600,买盘
969,13:48:39,23.99,--,30,71970,卖盘
970,13:48:33,23.99,-0.01,10,23990,中性盘
971,13:48:24,24.0,0.01,62,148800,买盘
972,13:48:21,23.99,--,6,14393,买盘
973,13:48:18,23.99,--,57,136743,卖盘
974,13:48:12,23.99,--,3,7196,卖盘
975,13:48:09,23.99,--,7,16793,卖盘
976,13:48:03,23.99,-0.01,10,23990,卖盘
977,13:47:57,24.0,--,1,2400,买盘
978,13:47:45,24.0,0.01,10,24000,买盘
979,13:47:39,23.99,-0.03,1,2399,卖盘
980,13:47:36,24.02,0.02,92,220984,买盘
981,13:47:33,24.0,--,1,2400,买盘
982,13:47:30,24.0,--,72,172800,卖盘
983,13:47:27,24.0,-0.01,10,24000,卖盘
984,13:47:21,24.01,0.01,10,24010,买盘
985,13:47:18,24.0,--,1,2400,卖盘
986,13:47:15,24.0,-0.01,14,33600,卖盘
987,13:47:12,24.01,--,1,2401,买盘
988,13:47:09,24.01,--,1,2401,买盘
989,13:47:06,24.01,0.01,4,9604,中性盘
990,13:46:54,24.0,-0.02,2,4800,卖盘
991,13:46:33,24.02,--,21,50442,买盘
992,13:46:30,24.02,--,10,24020,买盘
993,13:46:21,24.02,--,1,2402,买盘
994,13:46:12,24.02,0.04,1,2402,买盘
995,13:46:09,23.98,--,12,28776,卖盘
996,13:46:06,23.98,--,50,119900,卖盘
997,13:45:57,23.98,-0.04,14,34435,卖盘
998,13:45:51,24.02,--,4,11145,卖盘
999,13:45:45,24.02,--,2,4804,卖盘
1000,13:45:42,24.02,0.04,16,38432,买盘
1001,13:45:36,23.98,-0.02,200,479600,卖盘
1002,13:45:33,24.0,-0.02,1,2400,卖盘
1003,13:45:30,24.02,0.02,2,4804,买盘
1004,13:45:24,24.0,-0.03,3,7200,中性盘
1005,13:45:03,24.03,0.03,10,24030,买盘
1006,13:45:00,24.0,-0.03,747,1792800,卖盘
1007,13:44:48,24.03,0.02,10,24030,买盘
1008,13:44:45,24.01,-0.02,50,120050,卖盘
1009,13:44:42,24.03,--,4,9612,买盘
1010,13:44:39,24.03,0.02,1,2403,买盘
1011,13:44:36,24.01,-0.02,98,235298,卖盘
1012,13:44:30,24.03,--,16,38448,买盘
1013,13:44:27,24.03,--,2,4806,买盘
1014,13:44:24,24.03,--,10,24030,买盘
1015,13:44:12,24.03,0.01,17,40851,买盘
1016,13:44:09,24.02,-0.01,4,9608,卖盘
1017,13:44:03,24.03,--,1,2403,买盘
1018,13:43:42,24.03,-0.02,132,317196,卖盘
1019,13:43:39,24.05,0.02,1,2405,买盘
1020,13:43:36,24.03,--,30,72090,卖盘
1021,13:43:21,24.03,-0.02,30,72090,卖盘
1022,13:43:18,24.05,--,22,52910,买盘
1023,13:43:15,24.05,0.02,3,7215,买盘
1024,13:43:12,24.03,-0.02,13,31239,卖盘
1025,13:43:06,24.05,0.02,35,84175,买盘
1026,13:42:54,24.03,--,7,16821,卖盘
1027,13:42:51,24.03,--,2,4806,卖盘
1028,13:42:42,24.03,--,8,19224,买盘
1029,13:42:36,24.03,0.01,12,28836,买盘
1030,13:42:33,24.02,--,15,36030,卖盘
1031,13:42:27,24.02,-0.01,41,98482,卖盘
1032,13:42:21,24.03,--,3,7209,买盘
1033,13:42:18,24.03,--,5,12015,买盘
1034,13:42:15,24.03,--,15,36045,买盘
1035,13:42:12,24.03,--,3,7209,买盘
1036,13:42:09,24.03,--,2,4806,买盘
1037,13:42:06,24.03,--,56,134568,买盘
1038,13:42:00,24.03,--,5,12015,买盘
1039,13:41:57,24.03,--,11,26433,买盘
1040,13:41:51,24.03,0.01,1,2403,买盘
1041,13:41:48,24.02,-0.01,91,218582,卖盘
1042,13:41:45,24.03,--,9,21627,买盘
1043,13:41:42,24.03,--,12,28836,卖盘
1044,13:41:30,24.03,0.01,19,45657,买盘
1045,13:41:21,24.02,--,4,9608,卖盘
1046,13:41:18,24.02,--,20,48040,买盘
1047,13:41:12,24.02,0.01,1,2402,买盘
1048,13:41:09,24.01,-0.01,8,19208,卖盘
1049,13:41:06,24.02,--,10,24020,买盘
1050,13:41:03,24.02,--,1,2402,买盘
1051,13:41:00,24.02,0.01,16,38432,买盘
1052,13:40:57,24.01,-0.01,2,4802,卖盘
1053,13:40:48,24.02,--,10,24020,买盘
1054,13:40:45,24.02,--,11,26422,买盘
1055,13:40:42,24.02,--,10,24020,买盘
1056,13:40:36,24.02,--,20,48040,买盘
1057,13:40:33,24.02,--,8,19216,买盘
1058,13:40:30,24.02,-0.01,221,530842,卖盘
1059,13:40:27,24.03,-0.02,12,28836,卖盘
1060,13:40:24,24.05,--,20,48100,买盘
1061,13:40:18,24.05,0.02,4,9620,买盘
1062,13:40:15,24.03,--,10,24030,卖盘
1063,13:40:12,24.03,-0.03,2,4806,卖盘
1064,13:40:06,24.06,0.01,200,481200,买盘
1065,13:40:03,24.05,--,1,2405,买盘
1066,13:40:00,24.05,--,14,33670,买盘
1067,13:39:54,24.05,--,5,12025,买盘
1068,13:39:48,24.05,--,5,12025,买盘
1069,13:39:24,24.05,--,23,55315,买盘
1070,13:39:21,24.05,-0.01,7,16835,中性盘
1071,13:39:18,24.06,--,5,12030,买盘
1072,13:39:15,24.06,0.04,8,19248,买盘
1073,13:39:12,24.02,-0.04,34,81668,卖盘
1074,13:39:09,24.06,--,5,12030,买盘
1075,13:39:06,24.06,0.01,4,9624,买盘
1076,13:39:03,24.05,-0.01,16,38480,卖盘
1077,13:39:00,24.06,-0.01,5,12030,卖盘
1078,13:38:54,24.07,--,16,38512,买盘
1079,13:38:51,24.07,--,1,2407,买盘
1080,13:38:45,24.07,--,5,12035,买盘
1081,13:38:42,24.07,--,1,2407,买盘
1082,13:38:39,24.07,0.04,21,50547,买盘
1083,13:38:36,24.03,-0.04,14,33642,卖盘
1084,13:38:33,24.07,--,1,2407,买盘
1085,13:38:30,24.07,--,7,16849,买盘
1086,13:38:27,24.07,0.01,32,77024,买盘
1087,13:38:24,24.06,-0.01,7,16842,卖盘
1088,13:38:21,24.07,--,2,4814,买盘
1089,13:38:18,24.07,0.03,50,120350,买盘
1090,13:38:12,24.04,-0.03,10,24040,卖盘
1091,13:37:57,24.07,0.02,11,26477,买盘
1092,13:37:54,24.05,-0.02,56,134680,卖盘
1093,13:37:51,24.07,--,28,67396,买盘
1094,13:37:48,24.07,--,31,74617,买盘
1095,13:37:45,24.07,0.01,100,240700,买盘
1096,13:37:39,24.06,-0.01,216,519696,卖盘
1097,13:37:36,24.07,0.01,63,151641,买盘
1098,13:37:33,24.06,--,304,731424,卖盘
1099,13:37:30,24.06,--,300,721800,卖盘
1100,13:37:27,24.06,--,2,4812,卖盘
1101,13:37:21,24.06,--,2,4812,卖盘
1102,13:37:18,24.06,0.01,277,666462,买盘
1103,13:37:12,24.05,-0.01,5,12025,卖盘
1104,13:37:09,24.06,--,50,120300,买盘
1105,13:37:06,24.06,--,30,72180,买盘
1106,13:37:03,24.06,--,40,96240,买盘
1107,13:36:57,24.06,0.01,4,9624,买盘
1108,13:36:54,24.05,-0.01,7,16835,中性盘
1109,13:36:51,24.06,--,50,120300,买盘
1110,13:36:48,24.06,--,12,28872,买盘
1111,13:36:45,24.06,0.05,50,120300,买盘
1112,13:36:42,24.01,-0.03,133,319333,卖盘
1113,13:36:33,24.04,-0.01,1,2404,卖盘
1114,13:36:27,24.05,0.01,10,24050,买盘
1115,13:36:21,24.04,--,7,16828,买盘
1116,13:36:18,24.04,--,5,12020,买盘
1117,13:36:15,24.04,0.01,23,55292,买盘
1118,13:36:09,24.03,--,49,117747,卖盘
1119,13:36:03,24.03,-0.01,23,55269,卖盘
1120,13:36:00,24.04,0.04,27,64908,买盘
1121,13:35:54,24.0,-0.01,30,72000,卖盘
1122,13:35:51,24.01,--,12,28812,买盘
1123,13:35:48,24.01,0.01,1,2401,买盘
1124,13:35:42,24.0,--,9,21600,卖盘
1125,13:35:33,24.0,--,69,165600,买盘
1126,13:35:30,24.0,--,59,141600,买盘
1127,13:35:27,24.0,0.01,100,240000,买盘
1128,13:35:24,23.99,--,1,2399,卖盘
1129,13:35:21,23.99,--,13,32698,买盘
1130,13:35:15,23.99,0.01,10,23990,买盘
1131,13:35:12,23.98,-0.01,5,11990,卖盘
1132,13:35:09,23.99,0.01,5,11995,买盘
1133,13:35:06,23.98,-0.01,21,50358,卖盘
1134,13:35:00,23.99,0.01,4,9596,买盘
1135,13:34:54,23.98,--,1,2398,卖盘
1136,13:34:51,23.98,0.01,6,14388,买盘
1137,13:34:48,23.97,--,45,107865,卖盘
1138,13:34:45,23.97,0.01,3,7191,买盘
1139,13:34:33,23.96,--,38,91048,卖盘
1140,13:34:30,23.96,--,1,2396,卖盘
1141,13:34:27,23.96,0.03,114,273144,买盘
1142,13:34:24,23.93,--,42,100506,卖盘
1143,13:34:12,23.93,--,15,35895,卖盘
1144,13:34:09,23.93,--,25,59825,卖盘
1145,13:34:06,23.93,--,125,299125,卖盘
1146,13:34:03,23.93,0.02,18,43074,买盘
1147,13:34:00,23.91,-0.02,229,547539,卖盘
1148,13:33:57,23.93,--,72,172296,卖盘
1149,13:33:51,23.93,--,44,105292,买盘
1150,13:33:48,23.93,0.01,10,23930,买盘
1151,13:33:45,23.92,-0.01,10,23920,卖盘
1152,13:33:36,23.93,0.01,5,11965,买盘
1153,13:33:30,23.92,-0.01,30,71760,卖盘
1154,13:33:27,23.93,-0.01,21,50253,卖盘
1155,13:33:21,23.94,--,103,246582,买盘
1156,13:33:09,23.94,-0.02,36,87572,卖盘
1157,13:33:03,23.96,0.02,11,26356,中性盘
1158,13:33:00,23.94,-0.02,502,1201788,卖盘
1159,13:32:54,23.96,--,43,103028,卖盘
1160,13:32:51,23.96,--,6,14376,卖盘
1161,13:32:45,23.96,--,120,287520,买盘
1162,13:32:39,23.96,--,42,100632,买盘
1163,13:32:33,23.96,--,14,33544,买盘
1164,13:32:30,23.96,--,3,7188,买盘
1165,13:32:24,23.96,--,2,4792,买盘
1166,13:32:21,23.96,--,1,2396,买盘
1167,13:32:18,23.96,--,5,11980,买盘
1168,13:32:12,23.96,--,20,47920,卖盘
1169,13:32:00,23.96,--,31,74276,卖盘
1170,13:31:48,23.96,--,15,35940,卖盘
1171,13:31:45,23.96,-0.03,30,71880,卖盘
1172,13:31:42,23.99,0.01,100,239899,买盘
1173,13:31:39,23.98,--,23,55154,买盘
1174,13:31:30,23.98,--,1,2398,买盘
1175,13:31:27,23.98,--,2,4796,买盘
1176,13:31:24,23.98,-0.02,123,295841,卖盘
1177,13:31:21,24.0,--,7,16800,买盘
1178,13:31:18,24.0,--,302,724800,买盘
1179,13:31:15,24.0,0.01,16,38400,买盘
1180,13:31:12,23.99,--,27,64772,卖盘
1181,13:31:09,23.99,--,2,4798,卖盘
1182,13:31:03,23.99,-0.01,50,119949,卖盘
1183,13:31:00,24.0,--,5,12000,卖盘
1184,13:30:54,24.0,--,18,43200,卖盘
1185,13:30:51,24.0,0.01,102,246312,买盘
1186,13:30:42,23.99,-0.01,59,141541,卖盘
1187,13:30:39,24.0,--,12,28800,买盘
1188,13:30:30,24.0,-0.01,302,725688,卖盘
1189,13:30:21,24.01,--,59,141659,卖盘
1190,13:30:18,24.01,--,41,98441,卖盘
1191,13:30:15,24.01,-0.01,20,48020,卖盘
1192,13:30:09,24.02,--,5,12010,买盘
1193,13:30:00,24.02,--,3,7206,买盘
1194,13:29:57,24.02,-0.01,57,136914,卖盘
1195,13:29:54,24.03,-0.01,3,7209,卖盘
1196,13:29:51,24.04,0.01,5,12020,中性盘
1197,13:29:39,24.03,--,5,12015,卖盘
1198,13:29:30,24.03,--,2,4806,卖盘
1199,13:29:21,24.03,-0.02,2,4806,卖盘
1200,13:29:18,24.05,0.02,5,12025,买盘
1201,13:29:15,24.03,--,29,69687,卖盘
1202,13:29:12,24.03,--,8,19224,卖盘
1203,13:29:09,24.03,--,5,12015,买盘
1204,13:29:06,24.03,0.01,6,14418,买盘
1205,13:29:03,24.02,-0.01,4,9608,卖盘
1206,13:28:54,24.03,0.01,3,7209,买盘
1207,13:28:51,24.02,-0.01,80,192160,卖盘
1208,13:28:45,24.03,--,3,7209,买盘
1209,13:28:36,24.03,--,5,12015,卖盘
1210,13:28:33,24.03,-0.02,5,12015,卖盘
1211,13:28:24,24.05,--,3,7215,买盘
1212,13:28:15,24.05,--,1,2405,买盘
1213,13:28:12,24.05,--,42,101010,买盘
1214,13:27:54,24.05,-0.02,16,39081,卖盘
1215,13:27:51,24.07,0.02,5,12035,买盘
1216,13:27:48,24.05,--,5,12025,卖盘
1217,13:27:45,24.05,--,10,24050,卖盘
1218,13:27:24,24.05,--,2,4810,卖盘
1219,13:27:21,24.05,--,22,52910,卖盘
1220,13:27:15,24.05,0.01,63,153318,买盘
1221,13:27:06,24.04,-0.01,4,9616,中性盘
1222,13:26:51,24.05,0.01,3,7215,买盘
1223,13:26:48,24.04,--,7,17429,卖盘
1224,13:26:45,24.04,0.04,14,35459,买盘
1225,13:26:39,24.0,-0.04,746,1790400,卖盘
1226,13:26:36,24.04,--,7,16828,卖盘
1227,13:26:30,24.04,--,49,117796,卖盘
1228,13:26:27,24.04,--,1,2404,卖盘
1229,13:26:24,24.04,--,13,31252,买盘
1230,13:26:21,24.04,0.01,3,7212,买盘
1231,13:26:18,24.03,-0.01,129,309987,卖盘
1232,13:26:09,24.04,--,5,12020,买盘
1233,13:26:03,24.04,-0.01,19,45676,卖盘
1234,13:26:00,24.05,0.01,6,14430,买盘
1235,13:25:51,24.04,-0.01,10,24040,卖盘
1236,13:25:48,24.05,--,3,7215,买盘
1237,13:25:39,24.05,--,52,125060,卖盘
1238,13:25:33,24.05,--,3,7215,买盘
1239,13:25:30,24.05,--,2,4810,买盘
1240,13:25:27,24.05,--,1,2405,卖盘
1241,13:25:24,24.05,--,25,60125,卖盘
1242,13:25:21,24.05,-0.01,2,4810,卖盘
1243,13:25:18,24.06,0.01,23,55338,中性盘
1244,13:25:12,24.05,-0.01,11,26455,卖盘
1245,13:25:09,24.06,--,10,24060,买盘
1246,13:24:57,24.06,--,1,2406,买盘
1247,13:24:51,24.06,-0.01,8,19248,卖盘
1248,13:24:48,24.07,-0.01,4,9628,买盘
1249,13:24:30,24.08,0.02,200,481599,买盘
1250,13:24:27,24.06,-0.02,2,4812,卖盘
1251,13:24:15,24.08,--,6,14447,买盘
1252,13:24:03,24.08,--,1,2408,买盘
1253,13:24:00,24.08,--,162,390384,卖盘
1254,13:23:57,24.08,--,100,240799,卖盘
1255,13:23:54,24.08,-0.01,20,48160,卖盘
1256,13:23:48,24.09,0.03,133,322516,买盘
1257,13:23:45,24.06,-0.01,718,1728590,卖盘
1258,13:23:42,24.07,0.01,155,373085,买盘
1259,13:23:39,24.06,-0.01,14,33684,卖盘
1260,13:23:36,24.07,0.01,2,4814,买盘
1261,13:23:30,24.06,--,10,24060,卖盘
1262,13:23:24,24.06,--,43,103458,卖盘
1263,13:23:21,24.06,0.01,205,494553,买盘
1264,13:23:15,24.05,0.01,3,7215,买盘
1265,13:23:12,24.04,--,29,69716,买盘
1266,13:23:06,24.04,--,1,2404,买盘
1267,13:23:03,24.04,--,4,9616,卖盘
1268,13:23:00,24.04,--,2,4808,卖盘
1269,13:22:51,24.04,--,54,129816,卖盘
1270,13:22:48,24.04,-0.01,1,2404,卖盘
1271,13:22:45,24.05,--,9,21645,买盘
1272,13:22:42,24.05,0.01,7,16835,买盘
1273,13:22:36,24.04,-0.01,10,24040,卖盘
1274,13:22:30,24.05,--,18,44372,卖盘
1275,13:22:21,24.05,-0.01,20,48100,卖盘
1276,13:22:12,24.06,0.01,6,14436,买盘
1277,13:22:09,24.05,--,8,20562,卖盘
1278,13:22:03,24.05,-0.02,136,327080,卖盘
1279,13:22:00,24.07,--,20,48140,买盘
1280,13:21:54,24.07,--,100,240700,买盘
1281,13:21:51,24.07,0.02,1,2407,买盘
1282,13:21:48,24.05,-0.01,10,24050,卖盘
1283,13:21:45,24.06,-0.01,1,2406,卖盘
1284,13:21:42,24.07,--,10,24070,买盘
1285,13:21:39,24.07,--,18,43326,买盘
1286,13:21:33,24.07,--,46,110722,买盘
1287,13:21:30,24.07,--,5,12035,买盘
1288,13:21:27,24.07,-0.03,137,329759,卖盘
1289,13:21:18,24.1,--,22,53020,买盘
1290,13:21:15,24.1,-0.01,4,10531,卖盘
1291,13:21:12,24.11,0.01,7,18540,买盘
1292,13:21:09,24.1,--,12,30173,卖盘
1293,13:21:06,24.1,--,5,12050,卖盘
1294,13:20:57,24.1,--,240,578400,卖盘
1295,13:20:54,24.1,0.05,519,1251802,买盘
1296,13:20:36,24.05,--,9,21645,买盘
1297,13:20:27,24.05,--,4,9620,买盘
1298,13:20:15,24.05,--,5,12025,买盘
1299,13:20:12,24.05,--,312,751754,卖盘
1300,13:20:09,24.05,--,1005,2418804,卖盘
1301,13:20:06,24.05,-0.01,16,39610,卖盘
1302,13:20:03,24.06,--,26,62556,卖盘
1303,13:20:00,24.06,-0.01,2,4812,卖盘
1304,13:19:51,24.07,0.01,50,120350,买盘
1305,13:19:48,24.06,0.01,10,24060,买盘
1306,13:19:45,24.05,-0.02,62,149110,卖盘
1307,13:19:42,24.07,0.01,14,33698,买盘
1308,13:19:36,24.06,--,1,2406,卖盘
1309,13:19:30,24.06,--,40,98212,买盘
1310,13:19:21,24.06,--,10,24060,买盘
1311,13:19:15,24.06,0.01,8,19248,买盘
1312,13:19:09,24.05,--,12,29797,买盘
1313,13:19:06,24.05,--,5,12025,买盘
1314,13:19:03,24.05,--,10,24050,买盘
1315,13:19:00,24.05,-0.01,73,175565,卖盘
1316,13:18:54,24.06,-0.02,1,2406,卖盘
1317,13:18:51,24.08,0.02,195,469559,买盘
1318,13:18:48,24.06,--,6,14436,买盘
1319,13:18:42,24.06,-0.02,1,2406,中性盘
1320,13:18:30,24.08,0.03,5,12040,买盘
1321,13:18:27,24.05,--,31,74555,买盘
1322,13:18:21,24.05,--,16,38480,买盘
1323,13:18:18,24.05,--,10,24050,买盘
1324,13:18:12,24.05,0.02,5,12025,买盘
1325,13:18:09,24.03,-0.02,10,25736,卖盘
1326,13:18:06,24.05,-0.03,11,27657,中性盘
1327,13:18:00,24.08,0.03,20,48160,买盘
1328,13:17:57,24.05,--,6,14430,买盘
1329,13:17:54,24.05,-0.04,236,567796,卖盘
1330,13:17:51,24.09,0.01,101,243309,买盘
1331,13:17:45,24.08,--,8,19264,买盘
1332,13:17:42,24.08,-0.02,1,2408,中性盘
1333,13:17:30,24.1,0.05,200,482000,买盘
1334,13:17:24,24.05,--,3,7215,卖盘
1335,13:17:21,24.05,0.02,188,454328,买盘
1336,13:17:18,24.03,-0.02,10,24030,卖盘
1337,13:17:15,24.05,0.01,20,48100,买盘
1338,13:17:06,24.04,0.02,45,108348,买盘
1339,13:17:03,24.02,--,11,26758,卖盘
1340,13:16:45,24.02,-0.02,35,84070,卖盘
1341,13:16:36,24.04,0.02,21,50484,买盘
1342,13:16:15,24.02,-0.01,116,278632,卖盘
1343,13:16:06,24.03,0.01,3,7209,买盘
1344,13:16:03,24.02,--,16,38936,卖盘
1345,13:16:00,24.02,--,1,2402,卖盘
1346,13:15:57,24.02,0.01,5,12010,买盘
1347,13:15:42,24.01,-0.01,1,2401,卖盘
1348,13:15:33,24.02,0.01,11,26422,买盘
1349,13:15:30,24.01,--,13,31213,买盘
1350,13:15:27,24.01,--,81,194481,买盘
1351,13:15:18,24.01,--,15,36015,买盘
1352,13:15:06,24.01,--,63,153159,卖盘
1353,13:15:03,24.01,--,4,11980,卖盘
1354,13:15:00,24.01,-0.01,11,26939,卖盘
1355,13:14:57,24.02,--,2,4804,买盘
1356,13:14:54,24.02,0.01,3,7206,买盘
1357,13:14:45,24.01,--,5,12005,卖盘
1358,13:14:39,24.01,-0.01,1,2401,卖盘
1359,13:14:36,24.02,0.01,4,9608,买盘
1360,13:14:33,24.01,--,24,57624,买盘
1361,13:14:09,24.01,--,1,2401,买盘
1362,13:14:06,24.01,0.01,5,12005,买盘
1363,13:14:03,24.0,-0.01,5,14064,卖盘
1364,13:14:00,24.01,0.01,17,41657,买盘
1365,13:13:54,24.0,-0.01,20,48000,卖盘
1366,13:13:45,24.01,0.01,72,172872,买盘
1367,13:13:39,24.0,--,1,2400,卖盘
1368,13:13:36,24.0,-0.01,10,24000,卖盘
1369,13:13:33,24.01,--,1,2401,买盘
1370,13:13:30,24.01,--,5,12005,买盘
1371,13:13:27,24.01,--,10,24010,买盘
1372,13:13:21,24.01,0.01,51,122451,买盘
1373,13:13:18,24.0,--,3,8400,卖盘
1374,13:13:15,24.0,--,12,28800,卖盘
1375,13:13:06,24.0,--,15,36000,卖盘
1376,13:13:00,24.0,--,6,15264,卖盘
1377,13:12:57,24.0,--,13,33240,卖盘
1378,13:12:54,24.0,--,12,28800,卖盘
1379,13:12:48,24.0,--,13,31200,卖盘
1380,13:12:45,24.0,--,1,2400,卖盘
1381,13:12:39,24.0,-0.01,31,74400,卖盘
1382,13:12:36,24.01,0.01,2,4802,买盘
1383,13:12:30,24.0,--,3,7704,买盘
1384,13:12:24,24.0,--,0,1896,卖盘
1385,13:12:21,24.0,--,8,19200,卖盘
1386,13:12:15,24.0,--,15,36000,卖盘
1387,13:12:12,24.0,--,15,36000,卖盘
1388,13:12:00,24.0,--,5,13368,卖盘
1389,13:11:57,24.0,-0.01,40,97536,卖盘
1390,13:11:48,24.01,--,2,4802,买盘
1391,13:11:45,24.01,0.01,10,24010,买盘
1392,13:11:42,24.0,--,4,9600,卖盘
1393,13:11:39,24.0,-0.02,10,24000,卖盘
1394,13:11:33,24.02,0.03,45,108090,买盘
1395,13:11:27,23.99,--,4,11611,卖盘
1396,13:11:24,23.99,-0.01,11,27276,卖盘
1397,13:11:18,24.0,0.01,28,67200,买盘
1398,13:11:15,23.99,-0.01,22,52778,卖盘
1399,13:11:09,24.0,--,12,28800,买盘
1400,13:11:03,24.0,--,5,12000,买盘
1401,13:11:00,24.0,--,26,62400,卖盘
1402,13:10:48,24.0,--,15,36000,卖盘
1403,13:10:45,24.0,--,20,48000,卖盘
1404,13:10:42,24.0,--,7,16800,卖盘
1405,13:10:36,24.0,--,63,151200,买盘
1406,13:10:33,24.0,0.01,5,12000,买盘
1407,13:10:30,23.99,--,38,91162,卖盘
1408,13:10:27,23.99,--,3,7196,卖盘
1409,13:10:24,23.99,--,10,23990,卖盘
1410,13:10:21,23.99,--,93,223107,买盘
1411,13:10:18,23.99,--,35,83965,买盘
1412,13:10:12,23.99,0.01,20,47980,买盘
1413,13:10:09,23.98,-0.01,1,2398,卖盘
1414,13:10:06,23.99,0.01,3,7196,买盘
1415,13:10:00,23.98,-0.02,1,2398,中性盘
1416,13:09:54,24.0,0.06,50,120000,买盘
1417,13:09:51,23.94,-0.06,1300,3112200,卖盘
1418,13:09:45,24.0,0.02,2,4800,买盘
1419,13:09:42,23.98,--,5,11990,卖盘
1420,13:09:39,23.98,--,8,19184,卖盘
1421,13:09:36,23.98,--,300,719400,卖盘
1422,13:09:24,23.98,--,5,12253,卖盘
1423,13:09:21,23.98,-0.01,161,386317,卖盘
1424,13:09:15,23.99,--,27,64772,卖盘
1425,13:09:12,23.99,0.01,25,59974,买盘
1426,13:09:03,23.98,--,9,21582,卖盘
1427,13:09:00,23.98,--,67,160666,卖盘
1428,13:08:54,23.98,-0.01,1,2398,卖盘
1429,13:08:51,23.99,0.01,1,2399,买盘
1430,13:08:48,23.98,--,6,14388,卖盘
1431,13:08:45,23.98,-0.01,2,4796,卖盘
1432,13:08:39,23.99,--,1,2399,中性盘
1433,13:08:33,23.99,--,20,47980,卖盘
1434,13:08:27,23.99,--,6,14393,卖盘
1435,13:08:24,23.99,--,22,52778,卖盘
1436,13:08:21,23.99,--,27,64772,卖盘
1437,13:08:09,23.99,--,35,83965,卖盘
1438,13:07:54,23.99,--,1,2399,卖盘
1439,13:07:51,23.99,--,1,2399,买盘
1440,13:07:48,23.99,0.01,1,2399,买盘
1441,13:07:45,23.98,--,2,4796,卖盘
1442,13:07:36,23.98,--,19,45562,买盘
1443,13:07:33,23.98,0.04,2,4796,买盘
1444,13:07:30,23.94,--,5,11970,卖盘
1445,13:07:27,23.94,-0.04,5,11970,卖盘
1446,13:07:24,23.98,0.04,9,21582,买盘
1447,13:07:21,23.94,--,6,16374,卖盘
1448,13:07:18,23.94,--,11,27219,卖盘
1449,13:07:15,23.94,--,3,7182,卖盘
1450,13:07:12,23.94,0.03,43,102942,买盘
1451,13:07:09,23.91,--,7,16737,卖盘
1452,13:07:03,23.91,0.01,5,11955,卖盘
1453,13:07:00,23.9,-0.01,212,506679,卖盘
1454,13:06:57,23.91,--,15,35865,买盘
1455,13:06:48,23.91,-0.03,432,1032912,卖盘
1456,13:06:42,23.94,-0.01,17,40698,卖盘
1457,13:06:39,23.95,0.01,5,11975,买盘
1458,13:06:36,23.94,-0.01,13,31122,卖盘
1459,13:06:33,23.95,--,28,67060,买盘
1460,13:06:30,23.95,--,313,751024,卖盘
1461,13:06:27,23.95,--,8,19160,卖盘
1462,13:06:21,23.95,-0.01,5,11975,卖盘
1463,13:06:15,23.96,-0.02,300,718800,卖盘
1464,13:06:09,23.98,-0.02,2,4796,卖盘
1465,13:05:57,24.0,--,206,494400,买盘
1466,13:05:51,24.0,--,53,128856,卖盘
1467,13:05:48,24.0,--,85,204000,卖盘
1468,13:05:39,24.0,--,10,24000,卖盘
1469,13:05:36,24.0,--,10,24000,卖盘
1470,13:05:33,24.0,--,7,16800,卖盘
1471,13:05:30,24.0,--,1,2400,卖盘
1472,13:05:24,24.0,0.01,98,235944,买盘
1473,13:05:21,23.99,--,5,12570,卖盘
1474,13:05:18,23.99,-0.01,15,38312,卖盘
1475,13:05:09,24.0,--,2,4800,买盘
1476,13:05:06,24.0,--,110,265656,卖盘
1477,13:05:00,24.0,-0.02,12,28800,卖盘
1478,13:04:57,24.02,--,1,2402,买盘
1479,13:04:54,24.02,--,30,72060,买盘
1480,13:04:39,24.02,--,11,26422,买盘
1481,13:04:36,24.02,-0.03,273,655746,卖盘
1482,13:04:24,24.05,0.01,6,14430,买盘
1483,13:04:12,24.04,--,29,69716,卖盘
1484,13:04:09,24.04,--,13,31252,买盘
1485,13:04:06,24.04,--,10,24040,买盘
1486,13:03:57,24.04,0.02,2,4808,中性盘
1487,13:03:30,24.02,--,19,45638,买盘
1488,13:03:21,24.02,0.02,1,2402,买盘
1489,13:03:18,24.0,-0.01,5,12120,卖盘
1490,13:03:15,24.01,-0.01,41,98825,卖盘
1491,13:03:12,24.02,0.01,2,4804,买盘
1492,13:03:09,24.01,--,1,2401,卖盘
1493,13:03:00,24.01,0.01,2,4802,中性盘
1494,13:02:51,24.0,--,20,48000,卖盘
1495,13:02:45,24.0,-0.03,100,240000,卖盘
1496,13:02:42,24.03,--,1,2403,卖盘
1497,13:02:39,24.03,--,50,120150,卖盘
1498,13:02:36,24.03,--,10,24030,卖盘
1499,13:02:27,24.03,--,2,4806,卖盘
1500,13:02:24,24.03,0.02,12,28836,买盘
1501,13:02:15,24.01,0.01,31,74431,中性盘
1502,13:02:06,24.0,-0.02,106,254400,卖盘
1503,13:02:03,24.02,--,5,12010,卖盘
1504,13:02:00,24.02,0.02,1,2642,买盘
1505,13:01:54,24.0,-0.02,20,48000,卖盘
1506,13:01:51,24.02,0.04,30,72060,买盘
1507,13:01:48,23.98,--,10,23980,卖盘
1508,13:01:45,23.98,-0.03,10,23980,卖盘
1509,13:01:36,24.01,--,2,4802,卖盘
1510,13:01:33,24.01,0.03,15,36519,买盘
1511,13:01:27,23.98,--,17,42660,卖盘
1512,13:01:24,23.98,-0.02,18,43164,卖盘
1513,13:01:21,24.0,0.02,20,48000,买盘
1514,13:01:18,23.98,--,9,21582,卖盘
1515,13:01:15,23.98,--,79,189945,卖盘
1516,13:01:12,23.98,--,49,117502,卖盘
1517,13:01:09,23.98,--,3,7194,卖盘
1518,13:01:06,23.98,--,28,67144,卖盘
1519,13:01:03,23.98,--,5,11990,卖盘
1520,13:01:00,23.98,-0.02,4,9592,卖盘
1521,13:00:54,24.0,--,32,76800,卖盘
1522,13:00:45,24.0,-0.01,3,7200,卖盘
1523,13:00:42,24.01,0.02,21,50421,买盘
1524,13:00:39,23.99,-0.02,5,11995,中性盘
1525,13:00:33,24.01,--,13,31213,买盘
1526,13:00:27,24.01,--,8,19208,卖盘
1527,13:00:24,24.01,--,2,4802,卖盘
1528,13:00:18,24.01,--,2,4802,卖盘
1529,13:00:15,24.01,-0.01,5,12005,卖盘
1530,13:00:12,24.02,0.02,171,410742,买盘
1531,13:00:09,24.0,-0.02,1194,2867760,卖盘
1532,13:00:06,24.02,--,774,1859388,买盘
1533,13:00:03,24.02,-0.01,220,528440,卖盘
1534,13:00:00,24.03,--,0,0,中性盘
1535,11:30:00,24.03,--,0,0,中性盘
1536,11:29:54,24.03,-0.03,238,573812,卖盘
1537,11:29:48,24.06,0.01,1,2406,买盘
1538,11:29:45,24.05,--,10,24050,卖盘
1539,11:29:39,24.05,-0.01,15,36580,卖盘
1540,11:29:24,24.06,--,11,28366,卖盘
1541,11:29:15,24.06,--,5,13593,卖盘
1542,11:29:12,24.06,-0.01,20,49467,卖盘
1543,11:29:03,24.07,--,23,55361,买盘
1544,11:29:00,24.07,-0.01,13,31291,卖盘
1545,11:28:45,24.08,--,2,4816,买盘
1546,11:28:42,24.08,-0.02,2,4816,卖盘
1547,11:28:33,24.1,--,1,2410,买盘
1548,11:28:27,24.1,--,1,2410,买盘
1549,11:28:24,24.1,0.03,9,21690,买盘
1550,11:28:21,24.07,--,2,4814,卖盘
1551,11:28:15,24.07,-0.03,5,12035,卖盘
1552,11:28:03,24.1,0.03,30,72300,中性盘
1553,11:28:00,24.07,-0.03,2,4814,卖盘
1554,11:27:51,24.1,--,6,14460,买盘
1555,11:27:48,24.1,--,4,9640,买盘
1556,11:27:45,24.1,-0.01,811,1956413,卖盘
1557,11:27:36,24.11,0.01,14,33754,买盘
1558,11:27:30,24.1,--,18,43380,卖盘
1559,11:27:27,24.1,-0.01,4,9640,卖盘
1560,11:27:24,24.11,0.01,1,2411,买盘
1561,11:27:21,24.1,-0.01,7,16870,卖盘
1562,11:27:18,24.11,0.01,3,7233,买盘
1563,11:27:15,24.1,--,12,31064,卖盘
1564,11:27:12,24.1,-0.01,16,39331,卖盘
1565,11:27:09,24.11,0.01,4,9644,买盘
1566,11:27:06,24.1,-0.01,24,57840,卖盘
1567,11:27:00,24.11,--,2,4822,买盘
1568,11:26:54,24.11,0.04,5,12055,买盘
1569,11:26:42,24.07,-0.05,965,2324656,卖盘
1570,11:26:39,24.12,0.03,5,12060,买盘
1571,11:26:36,24.09,-0.03,49,119944,卖盘
1572,11:26:33,24.12,0.03,2,4824,买盘
1573,11:26:27,24.09,-0.03,10,24090,卖盘
1574,11:26:12,24.12,-0.01,2,4824,中性盘
1575,11:26:03,24.13,--,5,12065,买盘
1576,11:26:00,24.13,0.03,100,241300,买盘
1577,11:25:57,24.1,--,4,9640,买盘
1578,11:25:54,24.1,-0.02,163,392998,卖盘
1579,11:25:51,24.12,-0.01,6,14472,卖盘
1580,11:25:48,24.13,--,5,12065,买盘
1581,11:25:45,24.13,-0.03,137,330581,卖盘
1582,11:25:42,24.16,--,27,65232,买盘
1583,11:25:33,24.16,-0.01,13,31408,卖盘
1584,11:25:27,24.17,--,42,101514,卖盘
1585,11:25:24,24.17,--,52,125684,买盘
1586,11:25:21,24.17,0.01,55,132935,买盘
1587,11:25:18,24.16,--,10,24160,卖盘
1588,11:25:12,24.16,0.01,7,17999,买盘
1589,11:25:09,24.15,--,12,30815,卖盘
1590,11:25:06,24.15,0.01,86,207690,买盘
1591,11:25:03,24.14,--,14,33796,买盘
1592,11:25:00,24.14,--,10,24140,买盘
1593,11:24:57,24.14,--,24,57936,卖盘
1594,11:24:54,24.14,0.01,1,2414,卖盘
1595,11:24:42,24.13,-0.01,30,72390,卖盘
1596,11:24:39,24.14,0.01,13,31382,买盘
1597,11:24:33,24.13,--,8,19304,卖盘
1598,11:24:24,24.13,0.01,37,89281,买盘
1599,11:24:21,24.12,0.01,13,31356,买盘
1600,11:24:18,24.11,-0.01,2,4822,卖盘
1601,11:24:15,24.12,--,6,14472,买盘
1602,11:24:12,24.12,--,1,2412,买盘
1603,11:24:09,24.12,-0.01,10,24120,卖盘
1604,11:24:06,24.13,--,12,28956,买盘
1605,11:24:00,24.13,0.02,1,2413,买盘
1606,11:23:48,24.11,--,17,40987,买盘
1607,11:23:45,24.11,--,1,2411,买盘
1608,11:23:42,24.11,0.01,2,4822,买盘
1609,11:23:30,24.1,--,8,19280,卖盘
1610,11:23:27,24.1,--,261,631251,买盘
1611,11:23:24,24.1,0.01,110,265606,买盘
1612,11:23:21,24.09,0.02,3,7227,买盘
1613,11:23:12,24.07,--,7,18919,卖盘
1614,11:23:09,24.07,--,11,27319,卖盘
1615,11:23:03,24.07,--,5,12035,卖盘
1616,11:23:00,24.07,-0.02,2,4814,卖盘
1617,11:22:57,24.09,0.02,39,93951,买盘
1618,11:22:54,24.07,0.01,31,74617,买盘
1619,11:22:51,24.06,--,5,12030,买盘
1620,11:22:48,24.06,--,4,9624,买盘
1621,11:22:45,24.06,--,5,12030,买盘
1622,11:22:36,24.06,-0.01,15,36090,卖盘
1623,11:22:33,24.07,--,2,4814,买盘
1624,11:22:30,24.07,--,18,43326,买盘
1625,11:22:27,24.07,--,10,24070,买盘
1626,11:22:24,24.07,--,3,7221,买盘
1627,11:22:21,24.07,--,2,4814,买盘
1628,11:22:18,24.07,-0.01,20,48140,卖盘
1629,11:22:15,24.08,--,8,19264,卖盘
1630,11:22:06,24.08,0.02,9,21672,买盘
1631,11:22:03,24.06,-0.02,15,36090,卖盘
1632,11:22:00,24.08,0.02,8,19264,买盘
1633,11:21:57,24.06,--,1,2406,卖盘
1634,11:21:54,24.06,--,5,12030,卖盘
1635,11:21:45,24.06,--,4,9624,买盘
1636,11:21:42,24.06,--,4,9624,买盘
1637,11:21:36,24.06,--,63,151578,买盘
1638,11:21:30,24.06,--,15,36090,买盘
1639,11:21:15,24.06,0.03,53,127518,买盘
1640,11:21:12,24.03,--,27,64881,买盘
1641,11:21:09,24.03,--,69,166359,买盘
1642,11:21:06,24.03,--,175,422879,卖盘
1643,11:20:57,24.03,--,6,14418,卖盘
1644,11:20:54,24.03,-0.05,40,96120,卖盘
1645,11:20:51,24.08,0.05,20,48160,买盘
1646,11:20:42,24.03,--,14,33642,卖盘
1647,11:20:33,24.03,--,13,31239,买盘
1648,11:20:30,24.03,0.01,30,72090,买盘
1649,11:20:27,24.02,-0.01,14,33628,卖盘
1650,11:20:24,24.03,--,209,502227,买盘
1651,11:20:21,24.03,-0.03,244,586332,卖盘
1652,11:20:18,24.06,0.01,6,14436,买盘
1653,11:20:15,24.05,0.02,147,353535,买盘
1654,11:20:12,24.03,-0.01,26,62478,卖盘
1655,11:20:09,24.04,0.01,42,100968,买盘
1656,11:20:06,24.03,--,19,45657,卖盘
1657,11:20:03,24.03,--,40,96120,买盘
1658,11:19:57,24.03,--,22,52866,卖盘
1659,11:19:54,24.03,-0.02,3,7209,卖盘
1660,11:19:48,24.05,--,1,2405,买盘
1661,11:19:45,24.05,0.02,3,7215,买盘
1662,11:19:42,24.03,0.02,10,24030,卖盘
1663,11:19:39,24.01,-0.01,534,1282134,卖盘
1664,11:19:36,24.02,-0.02,134,321868,卖盘
1665,11:19:33,24.04,--,10,24040,卖盘
1666,11:19:30,24.04,0.02,34,81736,买盘
1667,11:19:27,24.02,--,890,2138572,卖盘
1668,11:19:18,24.02,-0.01,3,7206,卖盘
1669,11:19:15,24.03,0.01,86,206658,买盘
1670,11:19:12,24.02,-0.01,48,115296,卖盘
1671,11:19:09,24.03,0.02,6,14418,买盘
1672,11:19:06,24.01,--,18,45402,卖盘
1673,11:19:03,24.01,-0.02,874,2099194,卖盘
1674,11:19:00,24.03,--,100,240300,买盘
1675,11:18:57,24.03,0.01,2,4806,买盘
1676,11:18:54,24.02,-0.01,8,19216,卖盘
1677,11:18:51,24.03,0.01,11,26433,买盘
1678,11:18:48,24.02,-0.01,150,360300,卖盘
1679,11:18:45,24.03,--,285,685720,卖盘
1680,11:18:39,24.03,--,12,28836,卖盘
1681,11:18:36,24.03,-0.01,30,72090,卖盘
1682,11:18:30,24.04,-0.01,2,4808,买盘
1683,11:18:24,24.05,0.01,4,9620,买盘
1684,11:18:21,24.04,--,4,9616,买盘
1685,11:18:18,24.04,--,59,141836,卖盘
1686,11:18:15,24.04,--,1,2404,卖盘
1687,11:18:12,24.04,-0.01,18,43272,卖盘
1688,11:18:09,24.05,--,5,12025,买盘
1689,11:18:06,24.05,0.01,200,481000,买盘
1690,11:18:03,24.04,--,2,4808,卖盘
1691,11:18:00,24.04,--,21,50484,卖盘
1692,11:17:57,24.04,-0.01,22,52888,卖盘
1693,11:17:48,24.05,--,2,4810,买盘
1694,11:17:45,24.05,--,1,2405,买盘
1695,11:17:39,24.05,--,107,257335,卖盘
1696,11:17:33,24.05,-0.01,29,69745,卖盘
1697,11:17:27,24.06,--,3,7218,卖盘
1698,11:17:24,24.06,--,30,72180,卖盘
1699,11:17:18,24.06,--,17,40902,卖盘
1700,11:17:12,24.06,-0.01,10,24060,卖盘
1701,11:17:09,24.07,--,1,2407,买盘
1702,11:17:06,24.07,--,2,4814,买盘
1703,11:17:03,24.07,-0.01,148,356452,卖盘
1704,11:17:00,24.08,--,51,122807,卖盘
1705,11:16:57,24.08,--,20,48160,卖盘
1706,11:16:54,24.08,--,139,334712,卖盘
1707,11:16:48,24.08,-0.01,4,9632,卖盘
1708,11:16:45,24.09,--,14,33726,买盘
1709,11:16:39,24.09,0.01,1,2409,买盘
1710,11:16:36,24.08,--,20,48160,卖盘
1711,11:16:27,24.08,--,4,9632,卖盘
1712,11:16:21,24.08,-0.01,5,12040,卖盘
1713,11:16:18,24.09,--,6,14454,买盘
1714,11:16:15,24.09,--,10,24090,买盘
1715,11:16:12,24.09,--,5,12045,买盘
1716,11:16:09,24.09,--,1,2409,买盘
1717,11:16:06,24.09,--,23,57310,卖盘
1718,11:16:03,24.09,--,7,16863,卖盘
1719,11:16:00,24.09,-0.01,1,2409,卖盘
1720,11:15:57,24.1,--,9,21690,买盘
1721,11:15:54,24.1,0.01,1,2410,买盘
1722,11:15:51,24.09,--,1,2409,卖盘
1723,11:15:39,24.09,-0.01,4,9636,卖盘
1724,11:15:33,24.1,0.01,5,12050,买盘
1725,11:15:27,24.09,-0.01,10,24090,卖盘
1726,11:15:21,24.1,0.01,139,334990,买盘
1727,11:15:18,24.09,-0.01,2,4818,卖盘
1728,11:15:12,24.1,0.01,6,14460,买盘
1729,11:15:09,24.09,--,7,16863,卖盘
1730,11:15:06,24.09,-0.01,15,36833,卖盘
1731,11:15:00,24.1,0.01,152,368537,买盘
1732,11:14:54,24.09,-0.01,20,48180,卖盘
1733,11:14:48,24.1,--,10,24100,买盘
1734,11:14:42,24.1,--,19,45790,买盘
1735,11:14:39,24.1,0.01,1,2410,买盘
1736,11:14:36,24.09,-0.01,30,72270,卖盘
1737,11:14:33,24.1,--,2,4820,买盘
1738,11:14:27,24.1,0.01,2,4820,买盘
1739,11:14:24,24.09,--,8,19272,买盘
1740,11:14:21,24.09,--,40,96360,卖盘
1741,11:14:18,24.09,-0.01,5,12045,卖盘
1742,11:14:15,24.1,0.01,23,55430,买盘
1743,11:14:09,24.09,-0.01,42,101178,卖盘
1744,11:14:03,24.1,0.01,1,2410,买盘
1745,11:14:00,24.09,--,12,28908,卖盘
1746,11:13:57,24.09,--,10,24090,卖盘
1747,11:13:54,24.09,--,13,31317,买盘
1748,11:13:48,24.09,--,2,4818,买盘
1749,11:13:45,24.09,--,13,31317,买盘
1750,11:13:42,24.09,--,5,12045,买盘
1751,11:13:39,24.09,--,5,12045,买盘
1752,11:13:36,24.09,--,1,2409,买盘
1753,11:13:33,24.09,--,10,24090,买盘
1754,11:13:30,24.09,--,10,24090,买盘
1755,11:13:27,24.09,0.01,191,460119,买盘
1756,11:13:21,24.08,--,7,16856,卖盘
1757,11:13:18,24.08,--,52,125215,卖盘
1758,11:13:15,24.08,0.03,90,218911,买盘
1759,11:13:12,24.05,--,13,31265,卖盘
1760,11:13:06,24.05,--,5,12025,卖盘
1761,11:13:03,24.05,--,16,38985,卖盘
1762,11:12:57,24.05,--,40,96200,买盘
1763,11:12:54,24.05,-0.02,2,4810,买盘
1764,11:12:45,24.07,0.03,201,483807,买盘
1765,11:12:36,24.04,-0.01,22,52888,卖盘
1766,11:12:33,24.05,--,30,72150,卖盘
1767,11:12:30,24.05,--,8,19240,卖盘
1768,11:12:27,24.05,--,161,387205,买盘
1769,11:12:24,24.05,0.01,17,40885,买盘
1770,11:12:21,24.04,--,17,40868,卖盘
1771,11:12:18,24.04,-0.01,29,69716,卖盘
1772,11:12:15,24.05,--,11,26455,买盘
1773,11:12:09,24.05,0.01,8,19240,买盘
1774,11:12:06,24.04,-0.01,3,7212,卖盘
1775,11:12:03,24.05,0.01,6,14430,买盘
1776,11:12:00,24.04,--,6,14424,卖盘
1777,11:11:57,24.04,--,1,2404,买盘
1778,11:11:54,24.04,--,5,12020,中性盘
1779,11:11:51,24.04,--,31,74524,买盘
1780,11:11:48,24.04,--,13,31252,买盘
1781,11:11:45,24.04,-0.01,2,4808,卖盘
1782,11:11:42,24.05,0.01,18,43290,买盘
1783,11:11:39,24.04,--,31,74524,卖盘
1784,11:11:36,24.04,--,19,45676,卖盘
1785,11:11:33,24.04,--,91,218764,卖盘
1786,11:11:30,24.04,-0.01,3,7212,卖盘
1787,11:11:27,24.05,--,134,322270,买盘
1788,11:11:24,24.05,0.01,65,156325,买盘
1789,11:11:21,24.04,0.01,33,79332,中性盘
1790,11:11:18,24.03,-0.01,12,28836,卖盘
1791,11:11:15,24.04,0.01,2,4808,中性盘
1792,11:11:12,24.03,-0.02,52,124956,卖盘
1793,11:11:09,24.05,--,50,120250,买盘
1794,11:11:06,24.05,--,115,276575,买盘
1795,11:11:03,24.05,0.01,270,650071,买盘
1796,11:11:00,24.04,-0.01,194,466376,卖盘
1797,11:10:54,24.05,--,359,863395,卖盘
1798,11:10:45,24.05,--,75,180375,卖盘
1799,11:10:39,24.05,0.01,30,72150,买盘
1800,11:10:36,24.04,0.01,5,12020,买盘
1801,11:10:33,24.03,--,8,20041,买盘
1802,11:10:30,24.03,--,5,12015,买盘
1803,11:10:27,24.03,--,17,40851,买盘
1804,11:10:24,24.03,--,5,12015,买盘
1805,11:10:21,24.03,--,30,72090,卖盘
1806,11:10:18,24.03,--,18,43254,卖盘
1807,11:10:12,24.03,0.02,29,69687,卖盘
1808,11:10:09,24.01,-0.02,508,1219708,卖盘
1809,11:10:06,24.03,--,86,206658,卖盘
1810,11:10:03,24.03,--,12,28836,卖盘
1811,11:10:00,24.03,--,30,72090,卖盘
1812,11:09:51,24.03,0.01,8,19224,卖盘
1813,11:09:48,24.02,--,189,453978,卖盘
1814,11:09:42,24.02,-0.03,90,216180,卖盘
1815,11:09:39,24.05,0.03,42,101010,买盘
1816,11:09:36,24.02,-0.03,24,57648,卖盘
1817,11:09:33,24.05,0.01,2,4810,买盘
1818,11:09:30,24.04,0.02,9,21636,中性盘
1819,11:09:27,24.02,--,3,7206,卖盘
1820,11:09:24,24.02,--,16,38432,卖盘
1821,11:09:21,24.02,0.01,2,4804,中性盘
1822,11:09:18,24.01,--,700,1680700,卖盘
1823,11:09:15,24.01,-0.06,500,1200500,卖盘
1824,11:09:12,24.07,0.06,5,12035,买盘
1825,11:09:09,24.01,-0.06,500,1200500,卖盘
1826,11:09:03,24.07,0.01,1054,2536978,买盘
1827,11:09:00,24.06,--,33,81683,卖盘
1828,11:08:57,24.06,0.01,24,58369,中性盘
1829,11:08:51,24.05,--,9,21645,卖盘
1830,11:08:45,24.05,--,22,52910,卖盘
1831,11:08:42,24.05,-0.01,33,79365,卖盘
1832,11:08:36,24.06,-0.02,3,7218,卖盘
1833,11:08:33,24.08,0.02,2,4816,买盘
1834,11:08:30,24.06,0.02,322,774732,买盘
1835,11:08:27,24.04,-0.04,40,96160,卖盘
1836,11:08:24,24.08,--,10,24080,卖盘
1837,11:08:21,24.08,--,2,4816,卖盘
1838,11:08:18,24.08,0.03,3,7223,买盘
1839,11:08:12,24.05,0.03,50,120250,中性盘
1840,11:08:09,24.02,-0.06,910,2185820,卖盘
1841,11:08:06,24.08,0.02,7,16856,中性盘
1842,11:08:03,24.06,--,27,64962,卖盘
1843,11:08:00,24.06,-0.04,503,1210218,卖盘
1844,11:07:57,24.1,0.01,6,14460,买盘
1845,11:07:54,24.09,--,11,26499,买盘
1846,11:07:51,24.09,-0.01,37,91036,卖盘
1847,11:07:45,24.1,0.01,5,12050,中性盘
1848,11:07:42,24.09,-0.01,70,168630,卖盘
1849,11:07:39,24.1,--,20,48200,卖盘
1850,11:07:36,24.1,--,254,612646,买盘
1851,11:07:33,24.1,--,13,31330,买盘
1852,11:07:27,24.1,--,165,399553,卖盘
1853,11:07:24,24.1,--,1,2410,卖盘
1854,11:07:15,24.1,-0.05,402,968820,卖盘
1855,11:07:09,24.15,0.03,1,2415,买盘
1856,11:07:00,24.12,-0.03,76,184566,卖盘
1857,11:06:57,24.15,--,11,28231,卖盘
1858,11:06:54,24.15,-0.01,27,65204,卖盘
1859,11:06:51,24.16,-0.01,4,9664,买盘
1860,11:06:39,24.17,0.01,20,48340,买盘
1861,11:06:36,24.16,-0.01,5,12080,卖盘
1862,11:06:33,24.17,--,8,19336,买盘
1863,11:06:30,24.17,--,6,14502,买盘
1864,11:06:21,24.17,-0.03,255,618461,卖盘
1865,11:06:18,24.2,0.01,5,12100,买盘
1866,11:06:09,24.19,-0.01,23,55637,卖盘
1867,11:06:03,24.2,0.01,1,2420,买盘
1868,11:06:00,24.19,--,1,2419,买盘
1869,11:05:57,24.19,-0.01,1,2419,中性盘
1870,11:05:51,24.2,0.01,892,2158640,买盘
1871,11:05:48,24.19,--,15,36285,买盘
1872,11:05:45,24.19,--,4,9676,买盘
1873,11:05:42,24.19,--,62,149978,买盘
1874,11:05:36,24.19,0.01,8,19352,买盘
1875,11:05:33,24.18,--,5,12090,卖盘
1876,11:05:24,24.18,--,33,79794,卖盘
1877,11:05:21,24.18,0.01,12,29040,买盘
1878,11:05:15,24.17,-0.01,1,2417,卖盘
1879,11:05:12,24.18,0.01,10,24180,买盘
1880,11:05:09,24.17,--,10,24170,卖盘
1881,11:05:06,24.17,-0.01,23,55591,卖盘
1882,11:05:03,24.18,0.01,2,4836,买盘
1883,11:04:57,24.17,--,32,78649,卖盘
1884,11:04:54,24.17,--,56,136971,卖盘
1885,11:04:51,24.17,-0.01,6,14502,卖盘
1886,11:04:42,24.18,--,1,2418,买盘
1887,11:04:39,24.18,--,6,14508,买盘
1888,11:04:36,24.18,--,14,33852,买盘
1889,11:04:33,24.18,--,9,21762,卖盘
1890,11:04:30,24.18,--,20,48360,卖盘
1891,11:04:27,24.18,--,3,7254,卖盘
1892,11:04:21,24.18,--,15,36270,卖盘
1893,11:04:18,24.18,--,10,26356,买盘
1894,11:04:15,24.18,--,5,12090,买盘
1895,11:04:12,24.18,--,33,79794,买盘
1896,11:04:09,24.18,--,2,4836,买盘
1897,11:04:06,24.18,--,1,2418,买盘
1898,11:04:03,24.18,0.01,2,4836,买盘
1899,11:04:00,24.17,--,33,79761,卖盘
1900,11:03:51,24.17,--,104,251368,卖盘
1901,11:03:48,24.17,0.01,54,130518,买盘
1902,11:03:45,24.16,--,3,7248,买盘
1903,11:03:42,24.16,--,558,1348128,卖盘
1904,11:03:39,24.16,-0.01,1,2416,卖盘
1905,11:03:36,24.17,0.01,49,118433,买盘
1906,11:03:30,24.16,--,10,24160,卖盘
1907,11:03:21,24.16,--,11,26576,买盘
1908,11:03:18,24.16,--,61,147376,买盘
1909,11:03:06,24.16,0.02,100,241600,买盘
1910,11:03:03,24.14,-0.01,9,22232,买盘
1911,11:02:54,24.15,-0.01,7,16905,卖盘
1912,11:02:48,24.16,--,6,14496,买盘
1913,11:02:45,24.16,-0.01,15,36240,中性盘
1914,11:02:39,24.17,0.04,37,89429,买盘
1915,11:02:36,24.13,-0.03,32,77216,卖盘
1916,11:02:33,24.16,0.03,60,144960,中性盘
1917,11:02:27,24.13,-0.02,32,77216,卖盘
1918,11:02:24,24.15,-0.01,10,24150,卖盘
1919,11:02:21,24.16,-0.01,60,144960,卖盘
1920,11:02:18,24.17,--,3,7251,买盘
1921,11:02:15,24.17,--,82,198194,买盘
1922,11:02:12,24.17,--,25,60425,买盘
1923,11:02:09,24.17,0.02,27,65259,买盘
1924,11:02:03,24.15,-0.02,46,111090,卖盘
1925,11:02:00,24.17,--,5,12085,买盘
1926,11:01:57,24.17,--,10,24170,买盘
1927,11:01:48,24.17,0.01,4,9668,中性盘
1928,11:01:39,24.16,-0.01,32,77312,卖盘
1929,11:01:33,24.17,0.01,22,53174,买盘
1930,11:01:30,24.16,0.01,10,24160,买盘
1931,11:01:27,24.15,-0.01,3,7245,卖盘
1932,11:01:24,24.16,0.03,8,19328,中性盘
1933,11:01:18,24.13,-0.05,199,480187,卖盘
1934,11:01:15,24.18,0.02,57,137826,买盘
1935,11:01:12,24.16,--,47,113552,卖盘
1936,11:01:09,24.16,-0.01,5,12080,卖盘
1937,11:01:06,24.17,--,7,16919,买盘
1938,11:01:03,24.17,--,2,4834,买盘
1939,11:01:00,24.17,0.01,184,444728,买盘
1940,11:00:57,24.16,0.01,0,1908,买盘
1941,11:00:54,24.15,-0.01,34,83124,卖盘
1942,11:00:51,24.16,-0.01,53,128048,卖盘
1943,11:00:45,24.17,0.01,3,7251,买盘
1944,11:00:42,24.16,0.01,16,38656,买盘
1945,11:00:39,24.15,-0.02,2,4830,买盘
1946,11:00:36,24.17,0.02,43,103931,买盘
1947,11:00:33,24.15,--,10,24150,买盘
1948,11:00:30,24.15,-0.01,8,19320,卖盘
1949,11:00:27,24.16,--,2,4832,买盘
1950,11:00:18,24.16,0.03,10,24160,买盘
1951,11:00:15,24.13,--,76,183388,卖盘
1952,11:00:12,24.13,--,22,53086,卖盘
1953,11:00:03,24.13,--,116,279908,卖盘
1954,10:59:57,24.13,-0.04,152,366776,卖盘
1955,10:59:54,24.17,--,10,24170,买盘
1956,10:59:51,24.17,0.01,5,12085,买盘
1957,10:59:48,24.16,--,1,2416,买盘
1958,10:59:45,24.16,0.03,7,16912,中性盘
1959,10:59:39,24.13,-0.03,200,482600,卖盘
1960,10:59:36,24.16,-0.01,6,14496,卖盘
1961,10:59:33,24.17,--,56,137068,卖盘
1962,10:59:30,24.17,--,25,61125,买盘
1963,10:59:27,24.17,0.01,8,19336,买盘
1964,10:59:24,24.16,--,15,36240,买盘
1965,10:59:21,24.16,-0.01,170,412435,卖盘
1966,10:59:15,24.17,--,85,205445,卖盘
1967,10:59:12,24.17,--,3,7251,卖盘
1968,10:59:09,24.17,--,22,53174,买盘
1969,10:59:06,24.17,--,8,19336,卖盘
1970,10:59:03,24.17,--,6,14502,卖盘
1971,10:59:00,24.17,--,9,21753,买盘
1972,10:58:57,24.17,-0.01,10,24170,卖盘
1973,10:58:54,24.18,0.01,17,41106,买盘
1974,10:58:51,24.17,--,44,106855,买盘
1975,10:58:48,24.17,--,1,2417,买盘
1976,10:58:45,24.17,-0.01,22,53174,卖盘
1977,10:58:42,24.18,--,6,14508,买盘
1978,10:58:36,24.18,0.01,50,120900,买盘
1979,10:58:33,24.17,-0.01,8,19336,卖盘
1980,10:58:30,24.18,0.01,18,43524,买盘
1981,10:58:27,24.17,--,19,45923,卖盘
1982,10:58:24,24.17,-0.01,6,14502,卖盘
1983,10:58:15,24.18,0.01,51,123318,买盘
1984,10:58:12,24.17,-0.01,7,16919,卖盘
1985,10:58:09,24.18,0.01,7,16926,买盘
1986,10:58:06,24.17,0.01,32,77344,买盘
1987,10:58:03,24.16,--,312,753792,卖盘
1988,10:58:00,24.16,--,26,62816,卖盘
1989,10:57:57,24.16,-0.01,200,483200,卖盘
1990,10:57:54,24.17,--,10,24170,卖盘
1991,10:57:51,24.17,--,21,50757,卖盘
1992,10:57:42,24.17,--,76,183885,买盘
1993,10:57:39,24.17,0.01,5,12085,买盘
1994,10:57:36,24.16,-0.01,3,7248,卖盘
1995,10:57:30,24.17,0.04,10,24170,买盘
1996,10:57:27,24.13,--,11,26543,卖盘
1997,10:57:24,24.13,0.01,20,48260,卖盘
1998,10:57:15,24.12,--,116,279792,卖盘
1999,10:57:12,24.12,--,83,200196,卖盘
2000,10:57:09,24.12,--,3,7236,卖盘
2001,10:57:06,24.12,0.01,25,60300,买盘
2002,10:57:03,24.11,0.01,16,38576,卖盘
2003,10:57:00,24.1,-0.02,12,28920,卖盘
2004,10:56:57,24.12,0.02,51,124290,买盘
2005,10:56:54,24.1,0.01,36,86760,买盘
2006,10:56:51,24.09,-0.01,81,196261,卖盘
2007,10:56:48,24.1,0.01,26,63166,中性盘
2008,10:56:45,24.09,-0.01,18,43362,卖盘
2009,10:56:42,24.1,--,8,19280,卖盘
2010,10:56:39,24.1,--,77,185570,卖盘
2011,10:56:36,24.1,0.02,26,62660,买盘
2012,10:56:33,24.08,0.01,42,101136,买盘
2013,10:56:30,24.07,0.01,29,69803,买盘
2014,10:56:27,24.06,-0.02,70,168420,卖盘
2015,10:56:24,24.08,-0.02,16,38528,卖盘
2016,10:56:21,24.1,0.01,13,31330,买盘
2017,10:56:18,24.09,-0.01,5,12045,中性盘
2018,10:56:15,24.1,--,61,147010,买盘
2019,10:56:12,24.1,0.02,5,12050,买盘
2020,10:56:09,24.08,-0.05,382,919855,卖盘
2021,10:56:06,24.13,-0.02,58,139954,买盘
2022,10:56:03,24.15,0.02,79,190785,买盘
2023,10:56:00,24.13,-0.02,50,120650,卖盘
2024,10:55:57,24.15,0.02,10,24150,买盘
2025,10:55:54,24.13,-0.02,42,101346,卖盘
2026,10:55:51,24.15,0.01,171,412965,买盘
2027,10:55:48,24.14,-0.02,142,342788,卖盘
2028,10:55:45,24.16,-0.01,48,115968,中性盘
2029,10:55:42,24.17,--,20,48340,买盘
2030,10:55:39,24.17,--,3,7251,买盘
2031,10:55:36,24.17,--,15,36255,卖盘
2032,10:55:33,24.17,0.01,105,253785,卖盘
2033,10:55:30,24.16,-0.04,502,1212832,卖盘
2034,10:55:27,24.2,0.02,10,24200,买盘
2035,10:55:24,24.18,-0.01,140,338520,卖盘
2036,10:55:18,24.19,-0.01,9,21771,卖盘
2037,10:55:15,24.2,-0.03,1595,3860335,卖盘
2038,10:55:12,24.23,0.01,20,48460,买盘
2039,10:55:09,24.22,-0.01,102,247044,卖盘
2040,10:55:06,24.23,0.01,2,4846,买盘
2041,10:55:03,24.22,-0.02,1072,2598370,卖盘
2042,10:54:57,24.24,--,16,38784,买盘
2043,10:54:51,24.24,-0.01,1,2424,中性盘
2044,10:54:48,24.25,-0.03,514,1246450,买盘
2045,10:54:45,24.28,0.02,250,607000,买盘
2046,10:54:42,24.26,0.01,8,19408,卖盘
2047,10:54:39,24.25,--,30,72750,卖盘
2048,10:54:33,24.25,--,10,24250,卖盘
2049,10:54:30,24.25,--,44,106700,卖盘
2050,10:54:24,24.25,--,101,244925,卖盘
2051,10:54:18,24.25,--,27,65475,买盘
2052,10:54:15,24.25,--,60,145500,买盘
2053,10:54:12,24.25,0.01,2,4850,买盘
2054,10:54:09,24.24,--,222,538128,卖盘
2055,10:54:03,24.24,--,43,104232,卖盘
2056,10:54:00,24.24,-0.01,9,21816,卖盘
2057,10:53:57,24.25,0.01,5,12125,中性盘
2058,10:53:54,24.24,-0.01,87,210888,卖盘
2059,10:53:51,24.25,0.01,67,162475,买盘
2060,10:53:48,24.24,--,37,89688,卖盘
2061,10:53:42,24.24,--,27,65447,卖盘
2062,10:53:39,24.24,-0.02,163,395112,卖盘
2063,10:53:36,24.26,0.01,9,21834,中性盘
2064,10:53:33,24.25,-0.03,4,9700,卖盘
2065,10:53:30,24.28,0.03,12,29136,买盘
2066,10:53:27,24.25,0.01,25,60625,卖盘
2067,10:53:21,24.24,-0.04,33,79992,卖盘
2068,10:53:18,24.28,--,205,497740,买盘
2069,10:53:12,24.28,0.03,26,63128,买盘
2070,10:53:09,24.25,--,1,2425,买盘
2071,10:53:06,24.25,-0.03,473,1148383,卖盘
2072,10:53:03,24.28,0.01,1,2428,买盘
2073,10:53:00,24.27,--,14,33978,卖盘
2074,10:52:57,24.27,-0.03,100,242700,卖盘
2075,10:52:54,24.3,0.02,29,70470,买盘
2076,10:52:48,24.28,--,26,63128,卖盘
2077,10:52:45,24.28,--,28,68493,卖盘
2078,10:52:42,24.28,-0.02,354,860070,卖盘
2079,10:52:39,24.3,--,6,14580,买盘
2080,10:52:36,24.3,--,59,143370,买盘
2081,10:52:33,24.3,--,5,12150,买盘
2082,10:52:30,24.3,--,172,418203,卖盘
2083,10:52:27,24.3,--,160,388800,卖盘
2084,10:52:15,24.3,-0.01,34,82620,卖盘
2085,10:52:09,24.31,--,92,223652,卖盘
2086,10:52:00,24.31,--,100,243100,卖盘
2087,10:51:48,24.31,-0.03,83,201773,卖盘
2088,10:51:39,24.34,-0.01,7,17038,卖盘
2089,10:51:33,24.35,0.05,6,14610,中性盘
2090,10:51:27,24.3,-0.05,1678,4077540,卖盘
2091,10:51:24,24.35,--,28,68277,买盘
2092,10:51:21,24.35,--,3,7305,买盘
2093,10:51:12,24.35,0.01,1,2435,买盘
2094,10:51:00,24.34,0.01,10,24340,卖盘
2095,10:50:51,24.33,-0.02,1,2433,卖盘
2096,10:50:48,24.35,0.01,10,24350,买盘
2097,10:50:45,24.34,--,50,123282,买盘
2098,10:50:42,24.34,--,14,35439,买盘
2099,10:50:39,24.34,--,7,17038,买盘
2100,10:50:33,24.34,--,4,9736,买盘
2101,10:50:30,24.34,--,21,51114,买盘
2102,10:50:24,24.34,-0.01,142,345628,卖盘
2103,10:50:21,24.35,--,7,17045,买盘
2104,10:50:12,24.35,--,10,24350,买盘
2105,10:50:09,24.35,0.01,20,48700,买盘
2106,10:49:57,24.34,--,97,236098,买盘
2107,10:49:54,24.34,--,25,60850,买盘
2108,10:49:42,24.34,--,7,17038,卖盘
2109,10:49:39,24.34,0.01,10,24340,买盘
2110,10:49:30,24.33,-0.01,4,9732,卖盘
2111,10:49:27,24.34,--,18,43812,买盘
2112,10:49:24,24.34,--,21,51114,中性盘
2113,10:49:18,24.34,--,200,486800,买盘
2114,10:49:15,24.34,--,16,38944,买盘
2115,10:49:12,24.34,--,100,243400,买盘
2116,10:49:09,24.34,0.01,23,55982,买盘
2117,10:49:06,24.33,-0.01,44,107051,卖盘
2118,10:49:00,24.34,0.01,15,36510,买盘
2119,10:48:54,24.33,--,4,9732,卖盘
2120,10:48:51,24.33,--,18,43794,卖盘
2121,10:48:45,24.33,--,5,12165,卖盘
2122,10:48:42,24.33,--,6,15692,卖盘
2123,10:48:39,24.33,-0.01,11,28612,卖盘
2124,10:48:36,24.34,--,23,55982,买盘
2125,10:48:30,24.34,-0.01,82,199588,卖盘
2126,10:48:27,24.35,0.01,2,4870,买盘
2127,10:48:24,24.34,-0.01,5,12170,卖盘
2128,10:48:21,24.35,0.01,15,36525,买盘
2129,10:48:18,24.34,--,1,2434,卖盘
2130,10:48:15,24.34,-0.01,15,36510,卖盘
2131,10:48:09,24.35,--,3,7305,买盘
2132,10:48:03,24.35,0.01,57,138795,买盘
2133,10:47:54,24.34,--,22,53548,卖盘
2134,10:47:51,24.34,--,9,21906,卖盘
2135,10:47:48,24.34,0.02,167,406478,买盘
2136,10:47:45,24.32,-0.01,2,4864,卖盘
2137,10:47:42,24.33,0.01,11,26762,买盘
2138,10:47:36,24.32,--,1,2432,卖盘
2139,10:47:33,24.32,--,14,34048,卖盘
2140,10:47:30,24.32,-0.01,114,277248,卖盘
2141,10:47:27,24.33,0.01,21,51093,买盘
2142,10:47:24,24.32,0.01,10,24320,买盘
2143,10:47:21,24.31,-0.02,10,24310,卖盘
2144,10:47:15,24.33,0.01,21,51093,中性盘
2145,10:47:09,24.32,--,110,267520,卖盘
2146,10:47:03,24.32,-0.02,324,787968,卖盘
2147,10:47:00,24.34,0.02,3,7302,买盘
2148,10:46:57,24.32,--,8,19456,卖盘
2149,10:46:51,24.32,-0.02,50,121600,卖盘
2150,10:46:45,24.34,0.02,5,12170,买盘
2151,10:46:42,24.32,--,6,15151,卖盘
2152,10:46:39,24.32,-0.01,98,240719,卖盘
2153,10:46:36,24.33,--,125,304125,卖盘
2154,10:46:30,24.33,-0.01,78,189774,卖盘
2155,10:46:27,24.34,--,11,26774,买盘
2156,10:46:18,24.34,0.01,8,19496,买盘
2157,10:46:12,24.33,-0.01,2,4866,卖盘
2158,10:46:06,24.34,--,6,14604,买盘
2159,10:46:00,24.34,--,10,24340,买盘
2160,10:45:57,24.34,-0.01,55,133870,卖盘
2161,10:45:42,24.35,--,5,12175,买盘
2162,10:45:39,24.35,--,59,146002,卖盘
2163,10:45:36,24.35,-0.01,2,4870,卖盘
2164,10:45:33,24.36,--,1,2436,买盘
2165,10:45:30,24.36,0.01,2,4872,买盘
2166,10:45:27,24.35,--,1,2435,卖盘
2167,10:45:15,24.35,--,2,4870,卖盘
2168,10:45:12,24.35,--,141,343432,买盘
2169,10:45:06,24.35,--,28,70517,卖盘
2170,10:44:57,24.35,--,10,24350,卖盘
2171,10:44:54,24.35,--,6,14610,卖盘
2172,10:44:51,24.35,0.01,60,146197,买盘
2173,10:44:48,24.34,--,10,24340,卖盘
2174,10:44:45,24.34,--,44,107096,买盘
2175,10:44:42,24.34,--,6,15188,买盘
2176,10:44:39,24.34,--,40,99720,买盘
2177,10:44:36,24.34,--,25,60850,买盘
2178,10:44:33,24.34,--,12,29208,买盘
2179,10:44:30,24.34,--,40,97360,卖盘
2180,10:44:27,24.34,-0.01,30,73020,卖盘
2181,10:44:21,24.35,--,50,121750,买盘
2182,10:44:18,24.35,0.01,3,7305,买盘
2183,10:44:15,24.34,0.02,2,4868,买盘
2184,10:44:12,24.32,-0.01,20,49248,卖盘
2185,10:44:09,24.33,-0.02,80,195686,卖盘
2186,10:44:06,24.35,0.01,10,24350,买盘
2187,10:44:03,24.34,--,3,7302,买盘
2188,10:44:00,24.34,0.01,1,2434,中性盘
2189,10:43:54,24.33,-0.01,127,309209,卖盘
2190,10:43:51,24.34,-0.01,13,31642,卖盘
2191,10:43:42,24.35,0.01,2,4870,买盘
2192,10:43:39,24.34,-0.01,20,49215,卖盘
2193,10:43:36,24.35,--,32,80257,卖盘
2194,10:43:30,24.35,--,22,53570,卖盘
2195,10:43:27,24.35,--,29,70615,卖盘
2196,10:43:24,24.35,--,27,66256,卖盘
2197,10:43:21,24.35,--,4,12150,卖盘
2198,10:43:18,24.35,--,11,26785,卖盘
2199,10:43:15,24.35,--,11,26785,卖盘
2200,10:43:09,24.35,--,44,109185,卖盘
2201,10:43:03,24.35,--,31,75485,卖盘
2202,10:43:00,24.35,0.01,21,51135,买盘
2203,10:42:57,24.34,0.02,15,37021,买盘
2204,10:42:54,24.32,-0.02,217,528449,卖盘
2205,10:42:48,24.34,--,2,4868,买盘
2206,10:42:45,24.34,0.01,1,2434,买盘
2207,10:42:39,24.33,-0.01,65,160164,卖盘
2208,10:42:36,24.34,--,10,24340,卖盘
2209,10:42:30,24.34,-0.02,2,4868,中性盘
2210,10:42:24,24.36,--,382,931307,买盘
2211,10:42:21,24.36,0.01,6,14616,买盘
2212,10:42:15,24.35,-0.01,34,82790,中性盘
2213,10:42:12,24.36,0.02,201,489636,买盘
2214,10:42:09,24.34,-0.01,22,54156,卖盘
2215,10:42:06,24.35,-0.01,1,2435,卖盘
2216,10:42:03,24.36,--,54,131544,买盘
2217,10:42:00,24.36,--,11,28330,卖盘
2218,10:41:57,24.36,-0.02,84,206743,卖盘
2219,10:41:42,24.38,0.01,5,12190,买盘
2220,10:41:39,24.37,0.04,10,25588,中性盘
2221,10:41:33,24.33,-0.04,27,65812,卖盘
2222,10:41:30,24.37,0.03,7,17059,买盘
2223,10:41:24,24.34,-0.03,12,29208,卖盘
2224,10:41:21,24.37,--,35,85295,买盘
2225,10:41:18,24.37,-0.01,7,17059,买盘
2226,10:41:15,24.38,0.02,10,24380,买盘
2227,10:41:12,24.36,0.03,5,12180,卖盘
2228,10:41:09,24.33,-0.03,414,1009281,卖盘
2229,10:41:03,24.36,--,104,253344,买盘
2230,10:41:00,24.36,0.04,2,4872,买盘
2231,10:40:54,24.32,-0.04,358,872844,卖盘
2232,10:40:48,24.36,--,60,146160,买盘
2233,10:40:45,24.36,0.04,12,29232,买盘
2234,10:40:42,24.32,-0.04,3,7296,卖盘
2235,10:40:39,24.36,--,579,1411199,买盘
2236,10:40:36,24.36,0.04,37,90497,买盘
2237,10:40:33,24.32,--,1,2432,卖盘
2238,10:40:27,24.32,0.01,1,2432,中性盘
2239,10:40:21,24.31,0.01,5,12155,中性盘
2240,10:40:15,24.3,-0.06,58,140940,卖盘
2241,10:40:12,24.36,--,4,9744,卖盘
2242,10:40:09,24.36,0.06,98,241115,买盘
2243,10:40:06,24.3,--,64,155520,买盘
2244,10:40:03,24.3,--,221,537030,买盘
2245,10:40:00,24.3,--,26,63180,买盘
2246,10:39:57,24.3,--,70,170100,买盘
2247,10:39:54,24.3,-0.04,1751,4256849,卖盘
2248,10:39:51,24.34,-0.02,78,189852,卖盘
2249,10:39:45,24.36,--,344,837984,买盘
2250,10:39:42,24.36,0.01,10,24360,买盘
2251,10:39:39,24.35,-0.01,102,248857,卖盘
2252,10:39:36,24.36,--,46,112104,卖盘
2253,10:39:24,24.36,--,128,313586,卖盘
2254,10:39:21,24.36,0.01,34,82824,买盘
2255,10:39:12,24.35,--,25,60875,买盘
2256,10:39:09,24.35,--,224,546048,买盘
2257,10:39:06,24.35,--,233,567355,卖盘
2258,10:39:03,24.35,--,61,148778,买盘
2259,10:39:00,24.35,--,12,29220,买盘
2260,10:38:57,24.35,--,12,29220,买盘
2261,10:38:54,24.35,--,19,46265,卖盘
2262,10:38:51,24.35,-0.02,86,209410,卖盘
2263,10:38:48,24.37,0.02,35,85295,买盘
2264,10:38:42,24.35,--,16,38960,买盘
2265,10:38:39,24.35,-0.01,368,897589,卖盘
2266,10:38:36,24.36,--,4,11668,卖盘
2267,10:38:33,24.36,-0.01,21,52179,卖盘
2268,10:38:30,24.37,0.01,3,7311,买盘
2269,10:38:27,24.36,0.01,2,4872,买盘
2270,10:38:24,24.35,--,71,174857,卖盘
2271,10:38:21,24.35,0.03,165,402651,买盘
2272,10:38:15,24.32,0.02,421,1024480,买盘
2273,10:38:12,24.3,--,381,925830,卖盘
2274,10:38:09,24.3,-0.01,447,1086282,卖盘
2275,10:38:06,24.31,-0.01,94,228514,卖盘
2276,10:38:03,24.32,0.01,10,24320,买盘
2277,10:38:00,24.31,-0.01,77,188718,卖盘
2278,10:37:54,24.32,--,8,19456,买盘
2279,10:37:51,24.32,-0.02,91,221312,卖盘
2280,10:37:48,24.34,--,1005,2447119,买盘
2281,10:37:45,24.34,--,12,29208,买盘
2282,10:37:42,24.34,--,2,4868,买盘
2283,10:37:39,24.34,0.03,93,226362,中性盘
2284,10:37:36,24.31,-0.05,1288,3132756,卖盘
2285,10:37:24,24.36,-0.01,42,102921,中性盘
2286,10:37:12,24.37,0.04,1,2437,买盘
2287,10:37:09,24.33,-0.01,528,1286911,卖盘
2288,10:37:06,24.34,-0.03,14,34076,卖盘
2289,10:37:03,24.37,--,5,12185,买盘
2290,10:37:00,24.37,0.04,20,48740,买盘
2291,10:36:54,24.33,-0.04,187,456795,卖盘
2292,10:36:45,24.37,0.04,36,87732,买盘
2293,10:36:39,24.33,-0.04,94,230916,卖盘
2294,10:36:36,24.37,-0.01,13,31681,中性盘
2295,10:36:33,24.38,-0.03,30,73140,卖盘
2296,10:36:30,24.41,0.08,20,48820,买盘
2297,10:36:27,24.33,-0.05,1000,2433000,卖盘
2298,10:36:24,24.38,-0.02,198,483601,卖盘
2299,10:36:21,24.4,-0.01,2,4880,中性盘
2300,10:36:12,24.41,0.03,1,2441,买盘
2301,10:36:09,24.38,-0.04,140,341929,卖盘
2302,10:36:06,24.42,--,33,80586,买盘
2303,10:36:03,24.42,--,10,24420,买盘
2304,10:35:57,24.42,0.05,2,4884,中性盘
2305,10:35:48,24.37,-0.06,1000,2437000,卖盘
2306,10:35:45,24.43,0.01,5,12215,买盘
2307,10:35:42,24.42,-0.01,14,34188,卖盘
2308,10:35:36,24.43,--,39,95277,买盘
2309,10:35:30,24.43,-0.01,252,616075,卖盘
2310,10:35:27,24.44,--,53,129532,卖盘
2311,10:35:24,24.44,-0.01,4,9776,卖盘
2312,10:35:21,24.45,--,22,53790,买盘
2313,10:35:18,24.45,--,9,22005,买盘
2314,10:35:15,24.45,--,16,39120,买盘
2315,10:35:12,24.45,0.01,8,19560,买盘
2316,10:35:09,24.44,-0.02,3,7332,卖盘
2317,10:35:06,24.46,--,17,41582,买盘
2318,10:35:03,24.46,--,10,24460,买盘
2319,10:35:00,24.46,0.01,52,127192,买盘
2320,10:34:57,24.45,--,7,18288,卖盘
2321,10:34:54,24.45,-0.01,15,36675,卖盘
2322,10:34:48,24.46,--,4,9784,买盘
2323,10:34:45,24.46,0.01,47,114962,买盘
2324,10:34:42,24.45,--,3,7335,卖盘
2325,10:34:33,24.45,0.01,6,15941,卖盘
2326,10:34:30,24.44,-0.02,9,23682,卖盘
2327,10:34:27,24.46,--,40,97840,买盘
2328,10:34:18,24.46,--,1,4671,卖盘
2329,10:34:15,24.46,0.02,148,362228,买盘
2330,10:34:12,24.44,-0.01,51,126868,卖盘
2331,10:34:09,24.45,0.01,123,300955,买盘
2332,10:34:06,24.44,--,2,4888,卖盘
2333,10:34:03,24.44,-0.01,12,29328,卖盘
2334,10:34:00,24.45,0.01,17,41565,买盘
2335,10:33:57,24.44,--,5,12220,卖盘
2336,10:33:54,24.44,--,6,14664,卖盘
2337,10:33:51,24.44,--,10,24440,卖盘
2338,10:33:48,24.44,-0.01,18,43992,卖盘
2339,10:33:45,24.45,0.01,18,44010,买盘
2340,10:33:42,24.44,--,2,4888,卖盘
2341,10:33:39,24.44,--,10,24757,买盘
2342,10:33:36,24.44,--,68,166192,买盘
2343,10:33:30,24.44,--,11,26884,买盘
2344,10:33:27,24.44,--,2,4888,买盘
2345,10:33:24,24.44,--,8,21678,卖盘
2346,10:33:21,24.44,--,11,27201,买盘
2347,10:33:06,24.44,0.01,47,114868,买盘
2348,10:33:03,24.43,0.01,1,2443,买盘
2349,10:33:00,24.42,0.01,55,134310,买盘
2350,10:32:57,24.41,-0.01,6,14646,中性盘
2351,10:32:51,24.42,0.02,3,7326,买盘
2352,10:32:45,24.4,0.01,4,9760,买盘
2353,10:32:42,24.39,--,72,175608,卖盘
2354,10:32:36,24.39,-0.01,18,43902,卖盘
2355,10:32:33,24.4,0.01,89,217160,卖盘
2356,10:32:30,24.39,--,4,11463,卖盘
2357,10:32:27,24.39,--,50,123389,卖盘
2358,10:32:24,24.39,--,4,9756,卖盘
2359,10:32:18,24.39,--,24,58536,买盘
2360,10:32:15,24.39,0.01,7,17073,买盘
2361,10:32:12,24.38,--,10,24380,卖盘
2362,10:32:09,24.38,--,12,29256,卖盘
2363,10:32:06,24.38,--,53,129214,卖盘
2364,10:32:03,24.38,--,167,409535,买盘
2365,10:32:00,24.38,--,6,14628,买盘
2366,10:31:57,24.38,--,62,151156,买盘
2367,10:31:54,24.38,--,124,302312,买盘
2368,10:31:51,24.38,-0.01,750,1828500,卖盘
2369,10:31:48,24.39,--,641,1563399,买盘
2370,10:31:45,24.39,--,47,114633,买盘
2371,10:31:42,24.39,--,15,36585,买盘
2372,10:31:39,24.39,0.01,118,287802,买盘
2373,10:31:33,24.38,--,4,9752,卖盘
2374,10:31:30,24.38,--,74,180412,卖盘
2375,10:31:27,24.38,0.01,156,380328,买盘
2376,10:31:24,24.37,-0.01,24,58488,卖盘
2377,10:31:21,24.38,0.01,28,68264,买盘
2378,10:31:12,24.37,-0.01,13,31681,卖盘
2379,10:31:09,24.38,0.01,29,70702,买盘
2380,10:31:06,24.37,-0.01,124,302188,卖盘
2381,10:31:03,24.38,--,14,34132,买盘
2382,10:31:00,24.38,--,11,26818,买盘
2383,10:30:57,24.38,--,96,234048,买盘
2384,10:30:54,24.38,--,63,153594,买盘
2385,10:30:51,24.38,--,111,270618,买盘
2386,10:30:45,24.38,-0.01,57,138966,中性盘
2387,10:30:39,24.39,--,87,212193,买盘
2388,10:30:33,24.39,0.03,1,2439,买盘
2389,10:30:30,24.36,-0.02,6,15030,卖盘
2390,10:30:27,24.38,0.02,15,36667,买盘
2391,10:30:24,24.36,-0.02,10,24360,卖盘
2392,10:30:21,24.38,--,2,4876,买盘
2393,10:30:18,24.38,-0.01,6,14628,中性盘
2394,10:30:15,24.39,0.03,80,195120,买盘
2395,10:30:12,24.36,0.01,4,9744,买盘
2396,10:30:09,24.35,-0.03,110,267850,卖盘
2397,10:30:06,24.38,0.01,25,60950,卖盘
2398,10:30:03,24.37,0.01,119,290003,中性盘
2399,10:30:00,24.36,-0.01,316,769776,卖盘
2400,10:29:57,24.37,--,4,9748,卖盘
2401,10:29:54,24.37,0.01,5,12185,卖盘
2402,10:29:48,24.36,-0.02,3,7308,卖盘
2403,10:29:45,24.38,0.03,42,102396,买盘
2404,10:29:42,24.35,-0.01,134,326290,卖盘
2405,10:29:39,24.36,-0.02,8,19488,卖盘
2406,10:29:36,24.38,--,20,48760,买盘
2407,10:29:30,24.38,--,8,19504,买盘
2408,10:29:27,24.38,--,14,34132,卖盘
2409,10:29:24,24.38,0.02,1,2438,卖盘
2410,10:29:21,24.36,-0.02,109,265524,卖盘
2411,10:29:18,24.38,-0.01,4,9752,卖盘
2412,10:29:15,24.39,--,16,39024,买盘
2413,10:29:09,24.39,--,18,43902,卖盘
2414,10:29:06,24.39,-0.01,45,109755,卖盘
2415,10:29:03,24.4,--,5,12200,买盘
2416,10:29:00,24.4,--,9,21960,买盘
2417,10:28:57,24.4,--,59,146204,卖盘
2418,10:28:54,24.4,-0.01,303,739320,卖盘
2419,10:28:51,24.41,0.01,51,124491,中性盘
2420,10:28:48,24.4,-0.01,64,156160,卖盘
2421,10:28:45,24.41,--,15,36615,卖盘
2422,10:28:42,24.41,--,55,134450,买盘
2423,10:28:39,24.41,--,15,36615,买盘
2424,10:28:36,24.41,--,5,12205,买盘
2425,10:28:33,24.41,0.01,2,4882,中性盘
2426,10:28:27,24.4,-0.01,251,612440,卖盘
2427,10:28:24,24.41,--,6,14646,卖盘
2428,10:28:21,24.41,-0.02,207,505287,卖盘
2429,10:28:15,24.43,0.01,1,2443,买盘
2430,10:28:12,24.42,--,20,48840,卖盘
2431,10:28:09,24.42,-0.01,105,256410,卖盘
2432,10:28:06,24.43,--,100,244300,卖盘
2433,10:28:03,24.43,-0.01,10,24430,卖盘
2434,10:28:00,24.44,0.01,3,7332,买盘
2435,10:27:54,24.43,-0.02,3,7329,卖盘
2436,10:27:51,24.45,0.02,55,134475,买盘
2437,10:27:48,24.43,-0.02,53,129479,卖盘
2438,10:27:45,24.45,--,44,107580,买盘
2439,10:27:36,24.45,--,142,347190,卖盘
2440,10:27:33,24.45,--,47,114915,卖盘
2441,10:27:30,24.45,--,20,48900,卖盘
2442,10:27:24,24.45,-0.01,112,273840,卖盘
2443,10:27:21,24.46,--,4,9784,买盘
2444,10:27:18,24.46,--,27,66042,卖盘
2445,10:27:15,24.46,--,8,19568,卖盘
2446,10:27:06,24.46,--,30,73380,卖盘
2447,10:27:03,24.46,-0.01,10,24460,卖盘
2448,10:27:00,24.47,0.01,23,56281,买盘
2449,10:26:57,24.46,-0.01,117,286182,卖盘
2450,10:26:54,24.47,0.01,5,12235,买盘
2451,10:26:51,24.46,-0.01,2,4892,卖盘
2452,10:26:48,24.47,0.01,10,24470,买盘
2453,10:26:45,24.46,-0.01,150,366900,卖盘
2454,10:26:42,24.47,--,1,2447,买盘
2455,10:26:39,24.47,--,5,12235,买盘
2456,10:26:36,24.47,--,75,185751,卖盘
2457,10:26:27,24.47,-0.02,6,14682,卖盘
2458,10:26:24,24.49,-0.01,5,12245,卖盘
2459,10:26:21,24.5,-0.02,36,88200,卖盘
2460,10:26:18,24.52,0.02,3,7356,买盘
2461,10:26:15,24.5,--,4,9800,卖盘
2462,10:26:12,24.5,--,1,2450,卖盘
2463,10:26:06,24.5,-0.03,29,71050,卖盘
2464,10:26:03,24.53,0.03,3,7359,买盘
2465,10:25:51,24.5,--,3,7350,卖盘
2466,10:25:48,24.5,--,5,12250,卖盘
2467,10:25:45,24.5,0.03,5,12250,中性盘
2468,10:25:42,24.47,--,13,31811,卖盘
2469,10:25:27,24.47,--,10,24470,卖盘
2470,10:25:24,24.47,-0.08,5,12235,卖盘
2471,10:25:21,24.55,0.07,277,680035,买盘
2472,10:25:18,24.48,--,11,26928,买盘
2473,10:25:15,24.48,--,17,41616,买盘
2474,10:25:12,24.48,0.01,3,7344,买盘
2475,10:25:09,24.47,-0.01,91,222677,卖盘
2476,10:25:06,24.48,--,21,51408,买盘
2477,10:25:03,24.48,--,13,31824,买盘
2478,10:25:00,24.48,--,10,24480,买盘
2479,10:24:57,24.48,-0.05,26,64725,卖盘
2480,10:24:51,24.53,0.03,200,490600,买盘
2481,10:24:48,24.5,--,38,93100,卖盘
2482,10:24:45,24.5,--,3,7350,卖盘
2483,10:24:42,24.5,-0.03,5,12250,卖盘
2484,10:24:39,24.53,0.05,163,399839,买盘
2485,10:24:33,24.48,-0.02,5,12240,卖盘
2486,10:24:30,24.5,0.02,8,19600,买盘
2487,10:24:27,24.48,0.01,5,13610,中性盘
2488,10:24:24,24.47,--,10,26060,卖盘
2489,10:24:21,24.47,-0.06,6,14682,卖盘
2490,10:24:12,24.53,0.06,17,41701,买盘
2491,10:24:09,24.47,--,15,36705,卖盘
2492,10:24:03,24.47,0.01,199,488029,买盘
2493,10:23:57,24.46,0.01,6,14676,中性盘
2494,10:23:54,24.45,-0.02,300,733500,卖盘
2495,10:23:51,24.47,--,24,58728,买盘
2496,10:23:48,24.47,--,1,2447,买盘
2497,10:23:45,24.47,--,2,4894,买盘
2498,10:23:42,24.47,--,46,112562,买盘
2499,10:23:39,24.47,-0.07,363,889631,卖盘
2500,10:23:36,24.54,0.02,64,157056,买盘
2501,10:23:33,24.52,--,67,164284,买盘
2502,10:23:30,24.52,--,9,22068,买盘
2503,10:23:27,24.52,0.01,4,9808,买盘
2504,10:23:21,24.51,-0.03,145,355395,卖盘
2505,10:23:18,24.54,0.02,8,19632,买盘
2506,10:23:06,24.52,--,10,24520,卖盘
2507,10:23:03,24.52,0.02,257,630164,买盘
2508,10:23:00,24.5,0.01,32,78400,买盘
2509,10:22:57,24.49,--,3,7346,卖盘
2510,10:22:54,24.49,--,5,12245,卖盘
2511,10:22:48,24.49,--,11,26939,卖盘
2512,10:22:45,24.49,0.01,7,17143,卖盘
2513,10:22:39,24.48,-0.03,15,36720,卖盘
2514,10:22:36,24.51,0.03,41,100491,买盘
2515,10:22:33,24.48,-0.01,100,245363,卖盘
2516,10:22:30,24.49,-0.01,14,35388,买盘
2517,10:22:27,24.5,0.02,802,1964900,买盘
2518,10:22:21,24.48,--,39,97332,卖盘
2519,10:22:15,24.48,-0.01,30,73440,卖盘
2520,10:22:12,24.49,--,53,129796,买盘
2521,10:22:00,24.49,-0.01,126,308574,卖盘
2522,10:21:57,24.5,0.01,100,245000,买盘
2523,10:21:51,24.49,-0.01,5,12245,卖盘
2524,10:21:48,24.5,--,23,56350,买盘
2525,10:21:42,24.5,--,43,105350,买盘
2526,10:21:36,24.5,--,11,26950,买盘
2527,10:21:30,24.5,--,7,17150,买盘
2528,10:21:27,24.5,0.01,213,521850,买盘
2529,10:21:24,24.49,-0.01,12,29387,卖盘
2530,10:21:21,24.5,0.01,4,9800,买盘
2531,10:21:18,24.49,-0.01,10,24490,卖盘
2532,10:21:09,24.5,--,43,105350,买盘
2533,10:21:06,24.5,-0.01,161,396385,卖盘
2534,10:21:03,24.51,0.01,2,4902,买盘
2535,10:21:00,24.5,--,1,2450,卖盘
2536,10:20:57,24.5,--,9,22050,卖盘
2537,10:20:51,24.5,--,1,2450,卖盘
2538,10:20:48,24.5,--,10,24500,卖盘
2539,10:20:45,24.5,0.01,75,184264,买盘
2540,10:20:42,24.49,--,59,144491,买盘
2541,10:20:36,24.49,-0.01,10,26424,卖盘
2542,10:20:33,24.5,0.01,2,4900,买盘
2543,10:20:30,24.49,--,2,5412,买盘
2544,10:20:27,24.49,--,10,26743,卖盘
2545,10:20:24,24.49,-0.01,20,49175,卖盘
2546,10:20:15,24.5,--,1,2450,买盘
2547,10:20:12,24.5,--,32,78400,买盘
2548,10:20:09,24.5,--,1,2450,买盘
2549,10:20:06,24.5,0.01,27,66150,买盘
2550,10:20:03,24.49,-0.01,29,71021,卖盘
2551,10:20:00,24.5,--,10,24500,买盘
2552,10:19:57,24.5,--,99,242550,卖盘
2553,10:19:45,24.5,--,1,2450,卖盘
2554,10:19:42,24.5,0.01,105,257250,买盘
2555,10:19:36,24.49,--,132,323268,买盘
2556,10:19:33,24.49,0.01,5,12245,买盘
2557,10:19:30,24.48,-0.01,30,73440,卖盘
2558,10:19:27,24.49,--,20,48980,买盘
2559,10:19:24,24.49,--,1,2449,买盘
2560,10:19:21,24.49,0.01,12,29387,买盘
2561,10:19:18,24.48,-0.01,6,14688,卖盘
2562,10:19:15,24.49,--,13,31836,买盘
2563,10:19:12,24.49,0.01,4,9796,买盘
2564,10:19:09,24.48,-0.01,2,4896,卖盘
2565,10:19:00,24.49,--,1,2449,买盘
2566,10:18:57,24.49,--,2,4898,买盘
2567,10:18:54,24.49,--,5,12245,买盘
2568,10:18:51,24.49,0.01,78,191022,买盘
2569,10:18:48,24.48,--,4,9792,卖盘
2570,10:18:45,24.48,-0.01,1,2448,卖盘
2571,10:18:42,24.49,0.01,116,284084,买盘
2572,10:18:39,24.48,-0.01,10,24480,卖盘
2573,10:18:36,24.49,0.01,8,19592,买盘
2574,10:18:30,24.48,--,20,48960,卖盘
2575,10:18:24,24.48,--,15,37503,卖盘
2576,10:18:21,24.48,--,79,195570,买盘
2577,10:18:18,24.48,--,1,2448,买盘
2578,10:18:15,24.48,--,30,73440,买盘
2579,10:18:12,24.48,--,5,12240,买盘
2580,10:18:09,24.48,--,42,102816,买盘
2581,10:18:06,24.48,--,13,31824,买盘
2582,10:18:03,24.48,--,4,9792,买盘
2583,10:17:57,24.48,--,7,17136,买盘
2584,10:17:51,24.48,0.02,34,83232,买盘
2585,10:17:45,24.46,--,27,66042,卖盘
2586,10:17:42,24.46,-0.01,7,17122,卖盘
2587,10:17:39,24.47,--,105,256935,买盘
2588,10:17:36,24.47,0.01,10,24470,买盘
2589,10:17:33,24.46,--,117,286695,买盘
2590,10:17:30,24.46,0.01,21,51366,买盘
2591,10:17:27,24.45,-0.01,228,557460,卖盘
2592,10:17:24,24.46,--,135,330210,买盘
2593,10:17:21,24.46,0.01,12,29352,买盘
2594,10:17:18,24.45,-0.01,46,112470,卖盘
2595,10:17:15,24.46,--,20,48920,买盘
2596,10:17:12,24.46,--,4,9784,买盘
2597,10:17:06,24.46,--,42,102732,买盘
2598,10:17:03,24.46,-0.01,54,134016,卖盘
2599,10:17:00,24.47,0.01,14,34258,买盘
2600,10:16:57,24.46,--,1,2446,卖盘
2601,10:16:54,24.46,-0.01,28,68488,卖盘
2602,10:16:51,24.47,--,6,14682,买盘
2603,10:16:48,24.47,0.01,10,24470,买盘
2604,10:16:45,24.46,--,11,26906,卖盘
2605,10:16:42,24.46,-0.01,27,66042,卖盘
2606,10:16:39,24.47,--,8,19576,买盘
2607,10:16:36,24.47,0.01,75,183525,买盘
2608,10:16:33,24.46,--,3,7338,卖盘
2609,10:16:30,24.46,--,2,4892,卖盘
2610,10:16:27,24.46,-0.01,20,48920,卖盘
2611,10:16:24,24.47,0.01,2,4894,买盘
2612,10:16:21,24.46,--,17,41851,卖盘
2613,10:16:18,24.46,-0.01,20,49164,卖盘
2614,10:16:06,24.47,--,50,122350,卖盘
2615,10:16:03,24.47,--,10,24470,卖盘
2616,10:15:57,24.47,--,110,269170,卖盘
2617,10:15:54,24.47,-0.01,1,2447,卖盘
2618,10:15:51,24.48,--,10,24480,买盘
2619,10:15:48,24.48,0.01,13,31824,买盘
2620,10:15:45,24.47,-0.01,34,83198,卖盘
2621,10:15:42,24.48,--,30,73440,买盘
2622,10:15:39,24.48,--,7,17136,买盘
2623,10:15:36,24.48,--,20,48960,买盘
2624,10:15:33,24.48,--,8,19584,买盘
2625,10:15:30,24.48,--,1,2448,买盘
2626,10:15:27,24.48,--,17,41616,买盘
2627,10:15:24,24.48,-0.02,229,560592,卖盘
2628,10:15:21,24.5,0.02,8,19600,买盘
2629,10:15:18,24.48,-0.02,4,9792,卖盘
2630,10:15:15,24.5,0.02,22,53900,买盘
2631,10:15:12,24.48,--,124,303552,卖盘
2632,10:15:09,24.48,-0.02,7,17136,卖盘
2633,10:15:06,24.5,0.02,1,2450,中性盘
2634,10:14:57,24.48,-0.02,158,386784,卖盘
2635,10:14:51,24.5,-0.01,116,284200,卖盘
2636,10:14:48,24.51,--,64,156864,卖盘
2637,10:14:45,24.51,-0.01,73,178923,卖盘
2638,10:14:36,24.52,0.01,33,80916,卖盘
2639,10:14:30,24.51,-0.01,76,186276,卖盘
2640,10:14:27,24.52,-0.01,5,12260,卖盘
2641,10:14:24,24.53,0.01,3,7359,买盘
2642,10:14:21,24.52,--,57,139764,卖盘
2643,10:14:18,24.52,--,64,156928,卖盘
2644,10:14:09,24.52,--,15,36780,卖盘
2645,10:14:06,24.52,-0.01,31,76012,卖盘
2646,10:14:03,24.53,--,21,53107,卖盘
2647,10:14:00,24.53,--,2,4906,卖盘
2648,10:13:57,24.53,-0.01,5,12265,卖盘
2649,10:13:54,24.54,--,2,4908,买盘
2650,10:13:51,24.54,0.01,10,24540,买盘
2651,10:13:48,24.53,--,29,71137,卖盘
2652,10:13:45,24.53,--,37,90761,卖盘
2653,10:13:42,24.53,--,10,24530,卖盘
2654,10:13:39,24.53,-0.01,10,24530,卖盘
2655,10:13:33,24.54,0.01,3,7362,买盘
2656,10:13:30,24.53,-0.01,59,145585,卖盘
2657,10:13:27,24.54,--,22,53988,卖盘
2658,10:13:24,24.54,-0.02,34,83436,卖盘
2659,10:13:21,24.56,0.01,37,90872,买盘
2660,10:13:15,24.55,--,2,4910,买盘
2661,10:13:12,24.55,--,1,2455,买盘
2662,10:13:09,24.55,--,16,39280,买盘
2663,10:13:06,24.55,--,3,7365,买盘
2664,10:13:03,24.55,-0.01,84,206220,卖盘
2665,10:12:57,24.56,0.01,6,14736,中性盘
2666,10:12:54,24.55,-0.02,65,159575,卖盘
2667,10:12:51,24.57,0.01,10,24570,买盘
2668,10:12:42,24.56,--,4,9824,买盘
2669,10:12:39,24.56,--,5,12280,买盘
2670,10:12:36,24.56,--,1,2456,买盘
2671,10:12:33,24.56,-0.01,11,27016,卖盘
2672,10:12:27,24.57,--,5,12285,卖盘
2673,10:12:18,24.57,-0.02,6,14742,卖盘
2674,10:12:12,24.59,0.02,10,24590,买盘
2675,10:12:09,24.57,-0.03,10,24570,卖盘
2676,10:12:06,24.6,0.05,1,2460,买盘
2677,10:12:03,24.55,--,186,457857,买盘
2678,10:12:00,24.55,-0.02,313,769642,卖盘
2679,10:11:57,24.57,--,29,72481,卖盘
2680,10:11:51,24.57,--,1004,2466828,卖盘
2681,10:11:42,24.57,-0.01,20,49140,卖盘
2682,10:11:39,24.58,--,122,299876,买盘
2683,10:11:36,24.58,0.01,3,7373,买盘
2684,10:11:21,24.57,--,25,61425,卖盘
2685,10:11:15,24.57,0.01,181,444717,买盘
2686,10:11:12,24.56,-0.01,21,51576,卖盘
2687,10:11:09,24.57,0.01,13,31941,买盘
2688,10:11:06,24.56,-0.01,5,12280,卖盘
2689,10:11:03,24.57,--,1,2457,买盘
2690,10:10:57,24.57,0.01,46,113022,买盘
2691,10:10:54,24.56,--,4,9824,卖盘
2692,10:10:51,24.56,--,25,61400,买盘
2693,10:10:48,24.56,-0.01,13,31928,卖盘
2694,10:10:45,24.57,0.01,41,100737,买盘
2695,10:10:42,24.56,-0.01,39,95784,卖盘
2696,10:10:33,24.57,--,38,93366,买盘
2697,10:10:30,24.57,0.01,9,22113,买盘
2698,10:10:27,24.56,-0.01,24,58944,卖盘
2699,10:10:24,24.57,0.01,9,22113,买盘
2700,10:10:18,24.56,--,10,24560,卖盘
2701,10:10:15,24.56,--,12,29472,卖盘
2702,10:10:09,24.56,0.01,15,36840,中性盘
2703,10:10:06,24.55,-0.01,15,36825,卖盘
2704,10:10:03,24.56,0.01,13,32984,买盘
2705,10:10:00,24.55,--,1,2455,卖盘
2706,10:09:57,24.55,-0.01,6,14730,卖盘
2707,10:09:54,24.56,0.02,5,12280,买盘
2708,10:09:51,24.54,--,7,17178,买盘
2709,10:09:48,24.54,0.01,3,7362,买盘
2710,10:09:45,24.53,-0.02,12,29436,卖盘
2711,10:09:42,24.55,0.01,87,213585,买盘
2712,10:09:39,24.54,--,50,122700,买盘
2713,10:09:36,24.54,--,4,9816,买盘
2714,10:09:33,24.54,-0.02,196,480984,卖盘
2715,10:09:30,24.56,-0.01,81,200335,卖盘
2716,10:09:27,24.57,--,1,2457,卖盘
2717,10:09:24,24.57,-0.01,4,9828,中性盘
2718,10:09:18,24.58,0.01,35,86030,买盘
2719,10:09:15,24.57,--,45,110565,卖盘
2720,10:09:12,24.57,-0.01,17,41769,卖盘
2721,10:09:09,24.58,--,1,2458,买盘
2722,10:09:06,24.58,--,25,61449,买盘
2723,10:09:03,24.58,--,48,117983,买盘
2724,10:09:00,24.58,-0.01,2,4916,卖盘
2725,10:08:57,24.59,--,60,147540,买盘
2726,10:08:54,24.59,--,31,76229,买盘
2727,10:08:51,24.59,--,9,22131,买盘
2728,10:08:48,24.59,--,7,17213,买盘
2729,10:08:45,24.59,-0.01,109,268031,卖盘
2730,10:08:42,24.6,--,22,54120,买盘
2731,10:08:39,24.6,--,51,125460,买盘
2732,10:08:36,24.6,--,35,86100,买盘
2733,10:08:33,24.6,--,6,14760,买盘
2734,10:08:30,24.6,--,261,642060,买盘
2735,10:08:27,24.6,--,59,145140,买盘
2736,10:08:24,24.6,--,2,4920,买盘
2737,10:08:21,24.6,--,173,425580,买盘
2738,10:08:18,24.6,--,11,27060,买盘
2739,10:08:15,24.6,--,43,105780,买盘
2740,10:08:12,24.6,--,31,76260,卖盘
2741,10:08:06,24.6,--,57,140220,买盘
2742,10:08:00,24.6,0.02,29,71340,买盘
2743,10:07:57,24.58,-0.01,34,83572,卖盘
2744,10:07:51,24.59,--,20,49180,买盘
2745,10:07:48,24.59,--,33,81147,买盘
2746,10:07:45,24.59,--,3,7377,买盘
2747,10:07:42,24.59,0.01,18,44262,买盘
2748,10:07:39,24.58,-0.01,3,7373,卖盘
2749,10:07:36,24.59,--,21,51639,买盘
2750,10:07:33,24.59,0.03,39,95901,买盘
2751,10:07:30,24.56,-0.02,31,76136,卖盘
2752,10:07:21,24.58,0.01,14,34412,买盘
2753,10:07:18,24.57,--,15,36855,卖盘
2754,10:07:15,24.57,--,50,122850,卖盘
2755,10:07:12,24.57,--,3,8427,买盘
2756,10:07:09,24.57,--,15,36855,买盘
2757,10:07:06,24.57,--,200,491400,买盘
2758,10:07:00,24.57,0.01,1,2457,买盘
2759,10:06:48,24.56,--,9,22104,买盘
2760,10:06:45,24.56,--,3,7368,买盘
2761,10:06:42,24.56,0.01,3,7368,买盘
2762,10:06:39,24.55,-0.01,10,24550,卖盘
2763,10:06:36,24.56,--,68,167008,买盘
2764,10:06:33,24.56,--,23,56488,买盘
2765,10:06:30,24.56,--,3,7368,买盘
2766,10:06:27,24.56,--,67,164552,买盘
2767,10:06:24,24.56,--,29,71224,买盘
2768,10:06:21,24.56,--,13,31928,买盘
2769,10:06:18,24.56,-0.01,50,122800,中性盘
2770,10:06:15,24.57,-0.02,32,78624,卖盘
2771,10:06:12,24.59,0.01,47,115573,买盘
2772,10:06:09,24.58,0.01,4,9832,中性盘
2773,10:06:06,24.57,0.02,15,36855,中性盘
2774,10:06:00,24.55,-0.03,67,164485,卖盘
2775,10:05:57,24.58,0.02,60,147480,买盘
2776,10:05:54,24.56,-0.01,30,73680,卖盘
2777,10:05:51,24.57,--,73,179361,卖盘
2778,10:05:48,24.57,-0.01,8,19656,中性盘
2779,10:05:45,24.58,--,29,71282,买盘
2780,10:05:42,24.58,--,20,49160,买盘
2781,10:05:39,24.58,--,11,27037,买盘
2782,10:05:33,24.58,0.03,1,2458,买盘
2783,10:05:27,24.55,-0.03,5,12275,卖盘
2784,10:05:21,24.58,0.05,40,98320,买盘
2785,10:05:18,24.53,--,5,12265,买盘
2786,10:05:15,24.53,--,22,53966,买盘
2787,10:05:09,24.53,-0.02,59,144727,卖盘
2788,10:05:06,24.55,--,51,125205,买盘
2789,10:05:00,24.55,--,138,338790,卖盘
2790,10:04:57,24.55,0.02,33,81015,中性盘
2791,10:04:54,24.53,-0.02,52,127556,卖盘
2792,10:04:51,24.55,0.01,8,19640,买盘
2793,10:04:45,24.54,-0.01,8,19632,中性盘
2794,10:04:42,24.55,0.01,14,34370,买盘
2795,10:04:39,24.54,0.01,12,29448,卖盘
2796,10:04:36,24.53,-0.02,10,24530,卖盘
2797,10:04:33,24.55,0.01,5,12275,买盘
2798,10:04:24,24.54,0.01,10,24540,中性盘
2799,10:04:15,24.53,-0.05,15,36795,卖盘
