,time,price,change,volume,amount,type
0,15:00:03,14.85,0.02,2048,3041280,买盘
1,14:57:00,14.83,-0.02,38,56354,卖盘
2,14:56:57,14.85,0.01,36,53460,买盘
3,14:56:48,14.84,--,59,87556,买盘
4,14:56:45,14.84,--,60,89040,买盘
5,14:56:42,14.84,--,10,14840,买盘
6,14:56:39,14.84,0.01,129,191436,买盘
7,14:56:36,14.83,-0.01,27,40041,卖盘
8,14:56:33,14.84,--,29,43036,买盘
9,14:56:30,14.84,--,179,265636,买盘
10,14:56:27,14.84,--,71,105364,买盘
11,14:56:24,14.84,--,1,1484,买盘
12,14:56:21,14.84,0.01,6,8904,买盘
13,14:56:18,14.83,--,76,112708,卖盘
14,14:56:15,14.83,-0.01,61,90463,卖盘
15,14:56:12,14.84,--,26,38584,买盘
16,14:56:09,14.84,--,4,5936,买盘
17,14:56:06,14.84,0.01,91,135044,买盘
18,14:56:03,14.83,-0.01,58,86014,卖盘
19,14:56:00,14.84,--,382,566888,买盘
20,14:55:54,14.84,--,45,66780,买盘
21,14:55:51,14.84,0.01,127,188468,买盘
22,14:55:48,14.83,-0.01,10,14830,卖盘
23,14:55:45,14.84,0.01,66,97944,买盘
24,14:55:42,14.83,-0.01,54,80082,卖盘
25,14:55:39,14.84,0.01,32,47488,买盘
26,14:55:36,14.83,-0.01,55,81565,卖盘
27,14:55:33,14.84,--,184,273174,买盘
28,14:55:30,14.84,0.01,11,16324,买盘
29,14:55:27,14.83,--,94,139402,卖盘
30,14:55:24,14.83,--,30,44490,卖盘
31,14:55:18,14.83,-0.01,21,31143,卖盘
32,14:55:15,14.84,--,109,161756,买盘
33,14:55:12,14.84,0.01,129,191436,买盘
34,14:55:06,14.83,-0.01,78,115674,卖盘
35,14:55:03,14.84,0.01,40,59360,买盘
36,14:55:00,14.83,--,98,145334,卖盘
37,14:54:54,14.83,--,68,100844,卖盘
38,14:54:51,14.83,--,78,115674,卖盘
39,14:54:48,14.83,--,22,32626,卖盘
40,14:54:42,14.83,0.01,58,86014,买盘
41,14:54:39,14.82,--,138,205849,卖盘
42,14:54:36,14.82,--,2,2964,卖盘
43,14:54:33,14.82,-0.01,22,32604,卖盘
44,14:54:30,14.83,0.01,64,94912,买盘
45,14:54:27,14.82,--,50,74100,卖盘
46,14:54:24,14.82,-0.01,59,87438,卖盘
47,14:54:21,14.83,0.01,3,4449,买盘
48,14:54:18,14.82,--,15,23548,卖盘
49,14:54:15,14.82,--,33,48906,卖盘
50,14:54:12,14.82,-0.01,93,137826,卖盘
51,14:54:09,14.83,0.01,5,7415,买盘
52,14:54:06,14.82,--,150,222300,卖盘
53,14:54:03,14.82,--,1,1482,卖盘
54,14:54:00,14.82,--,105,155610,卖盘
55,14:53:57,14.82,-0.01,10,16153,卖盘
56,14:53:54,14.83,--,14,20762,买盘
57,14:53:51,14.83,--,9,13347,买盘
58,14:53:48,14.83,0.01,81,120123,买盘
59,14:53:45,14.82,--,2,2964,卖盘
60,14:53:42,14.82,--,30,44460,卖盘
61,14:53:39,14.82,--,20,29640,卖盘
62,14:53:36,14.82,-0.01,5,8728,卖盘
63,14:53:33,14.83,0.01,4,5932,中性盘
64,14:53:27,14.82,-0.01,72,106704,卖盘
65,14:53:24,14.83,0.01,8,11864,买盘
66,14:53:21,14.82,-0.01,10,14820,卖盘
67,14:53:18,14.83,0.01,49,72667,买盘
68,14:53:15,14.82,--,6,10225,卖盘
69,14:53:12,14.82,-0.01,25,37050,卖盘
70,14:53:09,14.83,--,1,1483,卖盘
71,14:53:06,14.83,--,78,115674,买盘
72,14:53:03,14.83,--,5,7415,买盘
73,14:52:57,14.83,0.01,87,130340,买盘
74,14:52:51,14.82,--,6,8892,卖盘
75,14:52:48,14.82,-0.01,3,4446,卖盘
76,14:52:45,14.83,-0.01,5,7415,卖盘
77,14:52:42,14.84,0.01,105,157155,买盘
78,14:52:39,14.83,-0.01,29,43007,卖盘
79,14:52:30,14.84,-0.01,9,14498,卖盘
80,14:52:27,14.85,0.01,15,22275,买盘
81,14:52:24,14.84,-0.01,114,169176,卖盘
82,14:52:21,14.85,0.01,5,7425,买盘
83,14:52:18,14.84,-0.01,111,164724,卖盘
84,14:52:12,14.85,--,24,35640,卖盘
85,14:52:09,14.85,--,48,72601,卖盘
86,14:52:06,14.85,--,37,54945,卖盘
87,14:52:03,14.85,--,42,62370,卖盘
88,14:52:00,14.85,--,64,95040,卖盘
89,14:51:57,14.85,--,71,105435,卖盘
90,14:51:54,14.85,-0.01,155,231511,卖盘
91,14:51:51,14.86,0.01,13,19318,买盘
92,14:51:48,14.85,--,10,14850,卖盘
93,14:51:45,14.85,--,31,46035,卖盘
94,14:51:42,14.85,-0.01,10,14850,卖盘
95,14:51:39,14.86,0.01,108,161810,买盘
96,14:51:36,14.85,-0.01,65,96525,卖盘
97,14:51:33,14.86,0.01,10,14860,买盘
98,14:51:30,14.85,--,53,78705,卖盘
99,14:51:27,14.85,-0.01,53,78705,卖盘
100,14:51:24,14.86,0.01,42,62412,买盘
101,14:51:21,14.85,--,52,77220,卖盘
102,14:51:15,14.85,--,35,51975,卖盘
103,14:51:12,14.85,--,19,29551,卖盘
104,14:51:09,14.85,--,3,4455,卖盘
105,14:51:06,14.85,--,2,2970,卖盘
106,14:51:03,14.85,--,35,53296,买盘
107,14:51:00,14.85,--,16,23760,买盘
108,14:50:57,14.85,0.01,10,14850,买盘
109,14:50:54,14.84,-0.01,8,11872,卖盘
110,14:50:48,14.85,--,7,10395,买盘
111,14:50:45,14.85,--,7,10395,买盘
112,14:50:42,14.85,--,7,10395,买盘
113,14:50:39,14.85,-0.01,40,59400,卖盘
114,14:50:36,14.86,-0.01,14,20804,买盘
115,14:50:33,14.87,0.01,34,51896,买盘
116,14:50:30,14.86,0.01,235,349210,买盘
117,14:50:27,14.85,--,23,34155,买盘
118,14:50:24,14.85,--,20,29700,卖盘
119,14:50:21,14.85,--,204,302940,卖盘
120,14:50:18,14.85,--,8,13201,卖盘
121,14:50:15,14.85,-0.01,15,22275,卖盘
122,14:50:12,14.86,0.01,9,13374,买盘
123,14:50:09,14.85,--,10,14850,卖盘
124,14:50:06,14.85,--,20,29700,卖盘
125,14:50:00,14.85,--,62,92070,卖盘
126,14:49:57,14.85,-0.01,58,87466,卖盘
127,14:49:51,14.86,0.02,32,47552,买盘
128,14:49:48,14.84,-0.01,72,106848,卖盘
129,14:49:45,14.85,--,123,182655,卖盘
130,14:49:42,14.85,--,7,10395,卖盘
131,14:49:39,14.85,--,25,38446,卖盘
132,14:49:36,14.85,--,23,34155,卖盘
133,14:49:33,14.85,--,16,23760,卖盘
134,14:49:30,14.85,-0.01,8,11880,卖盘
135,14:49:27,14.86,0.01,34,50524,买盘
136,14:49:24,14.85,--,17,25245,卖盘
137,14:49:21,14.85,--,28,41580,买盘
138,14:49:18,14.85,--,55,83011,买盘
139,14:49:15,14.85,--,44,65340,买盘
140,14:49:09,14.85,--,9,13365,买盘
141,14:49:00,14.85,--,1,1485,买盘
142,14:48:57,14.85,0.01,29,44386,买盘
143,14:48:54,14.84,-0.01,116,173568,卖盘
144,14:48:51,14.85,0.01,96,142560,买盘
145,14:48:48,14.84,--,61,90524,卖盘
146,14:48:45,14.84,--,2,2968,卖盘
147,14:48:42,14.84,-0.01,21,31164,卖盘
148,14:48:39,14.85,0.01,1,1485,买盘
149,14:48:36,14.84,-0.01,22,32648,卖盘
150,14:48:33,14.85,--,20,29700,买盘
151,14:48:18,14.85,0.01,21,31185,买盘
152,14:48:15,14.84,--,26,39919,买盘
153,14:48:12,14.84,0.01,53,78652,买盘
154,14:48:09,14.83,--,7,10381,卖盘
155,14:48:06,14.83,-0.01,21,32017,卖盘
156,14:48:03,14.84,--,25,37100,买盘
157,14:48:00,14.84,--,60,89040,买盘
158,14:47:57,14.84,0.02,47,69748,买盘
159,14:47:54,14.82,-0.01,40,60598,卖盘
160,14:47:51,14.83,--,7,10381,买盘
161,14:47:48,14.83,--,10,14830,买盘
162,14:47:45,14.83,--,41,60803,卖盘
163,14:47:42,14.83,--,10,14830,卖盘
164,14:47:39,14.83,--,56,83048,买盘
165,14:47:36,14.83,0.01,5,7415,买盘
166,14:47:33,14.82,--,25,38383,卖盘
167,14:47:30,14.82,0.01,104,154128,买盘
168,14:47:27,14.81,-0.01,21,31101,卖盘
169,14:47:24,14.82,0.01,109,161538,买盘
170,14:47:21,14.81,-0.01,18,26658,卖盘
171,14:47:15,14.82,--,15,23563,买盘
172,14:47:12,14.82,0.01,25,37050,买盘
173,14:47:09,14.81,-0.01,24,35544,卖盘
174,14:47:06,14.82,--,4,5928,买盘
175,14:47:00,14.82,0.01,16,23712,买盘
176,14:46:57,14.81,-0.01,35,51835,卖盘
177,14:46:54,14.82,0.01,44,65208,买盘
178,14:46:51,14.81,-0.01,5,8723,卖盘
179,14:46:48,14.82,0.01,6,8892,买盘
180,14:46:45,14.81,0.01,7,10367,卖盘
181,14:46:39,14.8,-0.01,3,4440,卖盘
182,14:46:36,14.81,--,48,72420,买盘
183,14:46:33,14.81,--,26,38506,买盘
184,14:46:30,14.81,0.01,34,50354,买盘
185,14:46:27,14.8,--,20,29600,卖盘
186,14:46:24,14.8,--,10,14800,卖盘
187,14:46:21,14.8,0.01,209,309778,买盘
188,14:46:18,14.79,--,20,29580,卖盘
189,14:46:15,14.79,--,24,35496,卖盘
190,14:46:12,14.79,--,8,13148,卖盘
191,14:46:09,14.79,--,6,8874,卖盘
192,14:46:06,14.79,-0.01,4,5916,卖盘
193,14:46:00,14.8,0.01,4,5920,买盘
194,14:45:57,14.79,--,15,23516,卖盘
195,14:45:51,14.79,0.01,11,17437,买盘
196,14:45:48,14.78,--,74,109372,卖盘
197,14:45:45,14.78,-0.01,3,4434,卖盘
198,14:45:42,14.79,--,10,14790,买盘
199,14:45:39,14.79,0.01,1,1479,买盘
200,14:45:36,14.78,--,55,82605,卖盘
201,14:45:33,14.78,--,15,22170,卖盘
202,14:45:30,14.78,--,4,5912,卖盘
203,14:45:27,14.78,--,103,152234,卖盘
204,14:45:24,14.78,--,2,2956,卖盘
205,14:45:21,14.78,-0.01,10,14780,卖盘
206,14:45:18,14.79,--,2,2958,买盘
207,14:45:15,14.79,0.01,10,16121,买盘
208,14:45:12,14.78,--,51,75378,卖盘
209,14:45:09,14.78,--,130,192140,卖盘
210,14:45:06,14.78,--,120,177360,卖盘
211,14:45:03,14.78,-0.01,10,14780,卖盘
212,14:45:00,14.79,0.01,70,103530,买盘
213,14:44:57,14.78,-0.01,61,90158,卖盘
214,14:44:54,14.79,--,46,69350,买盘
215,14:44:51,14.79,0.01,48,70992,买盘
216,14:44:42,14.78,--,5,7390,卖盘
217,14:44:36,14.78,-0.01,61,90158,卖盘
218,14:44:33,14.79,0.01,37,56054,买盘
219,14:44:30,14.78,--,5,7390,卖盘
220,14:44:27,14.78,--,6,8868,卖盘
221,14:44:21,14.78,-0.01,36,53208,卖盘
222,14:44:18,14.79,0.01,1,1479,买盘
223,14:44:15,14.78,-0.01,15,22170,卖盘
224,14:44:12,14.79,0.01,6,10190,买盘
225,14:44:09,14.78,--,54,79812,卖盘
226,14:44:06,14.78,--,64,94592,卖盘
227,14:44:03,14.78,--,182,268996,卖盘
228,14:44:00,14.78,-0.01,4,5912,卖盘
229,14:43:57,14.79,0.01,22,32537,买盘
230,14:43:54,14.78,--,8,13154,卖盘
231,14:43:51,14.78,-0.01,64,94592,卖盘
232,14:43:45,14.79,0.01,2,2958,买盘
233,14:43:42,14.78,--,5,7390,卖盘
234,14:43:33,14.78,-0.01,113,168329,卖盘
235,14:43:27,14.79,--,11,16268,买盘
236,14:43:24,14.79,--,4,5916,买盘
237,14:43:21,14.79,--,51,75429,买盘
238,14:43:18,14.79,--,57,84613,卖盘
239,14:43:15,14.79,--,67,99093,卖盘
240,14:43:12,14.79,-0.01,51,76760,卖盘
241,14:43:06,14.8,--,5,7400,买盘
242,14:43:03,14.8,0.01,1,1480,买盘
243,14:43:00,14.79,--,11,16268,卖盘
244,14:42:57,14.79,-0.01,9,14627,卖盘
245,14:42:54,14.8,--,12,17760,买盘
246,14:42:51,14.8,0.02,1,1480,买盘
247,14:42:48,14.78,-0.02,8,11824,卖盘
248,14:42:42,14.8,0.01,51,75480,买盘
249,14:42:39,14.79,--,25,36975,卖盘
250,14:42:36,14.79,-0.02,75,111797,卖盘
251,14:42:33,14.81,0.01,39,57759,买盘
252,14:42:30,14.8,--,46,68080,卖盘
253,14:42:24,14.8,--,3,4440,卖盘
254,14:42:21,14.8,-0.01,58,85840,卖盘
255,14:42:18,14.81,0.01,43,63683,买盘
256,14:42:15,14.8,-0.01,3,4440,卖盘
257,14:42:12,14.81,0.01,9,14647,买盘
258,14:42:09,14.8,--,4,5920,卖盘
259,14:42:06,14.8,--,5,7400,卖盘
260,14:42:03,14.8,--,3,4440,卖盘
261,14:42:00,14.8,--,15,23532,卖盘
262,14:41:54,14.8,--,33,48840,卖盘
263,14:41:48,14.8,-0.01,33,48840,卖盘
264,14:41:45,14.81,0.01,77,114037,买盘
265,14:41:42,14.8,--,5,7400,卖盘
266,14:41:39,14.8,--,14,20720,卖盘
267,14:41:36,14.8,--,8,13157,卖盘
268,14:41:30,14.8,-0.01,81,119880,卖盘
269,14:41:27,14.81,--,20,29620,买盘
270,14:41:24,14.81,0.01,8,11848,买盘
271,14:41:21,14.8,-0.01,44,65120,卖盘
272,14:41:18,14.81,0.01,11,16291,买盘
273,14:41:15,14.8,--,5,7400,卖盘
274,14:41:12,14.8,--,5,8732,卖盘
275,14:41:09,14.8,--,7,10360,卖盘
276,14:41:06,14.8,--,13,19240,卖盘
277,14:41:00,14.8,--,3,4440,卖盘
278,14:40:57,14.8,--,15,23517,卖盘
279,14:40:51,14.8,--,23,35283,买盘
280,14:40:48,14.8,0.01,7,10360,买盘
281,14:40:45,14.79,--,7,10353,卖盘
282,14:40:42,14.79,-0.01,15,22185,中性盘
283,14:40:39,14.8,0.01,412,609760,买盘
284,14:40:36,14.79,-0.01,24,36827,卖盘
285,14:40:30,14.8,--,46,68080,买盘
286,14:40:27,14.8,--,287,424760,买盘
287,14:40:24,14.8,0.01,92,136160,买盘
288,14:40:21,14.79,--,41,60639,卖盘
289,14:40:18,14.79,--,35,53096,卖盘
290,14:40:15,14.79,--,8,11832,卖盘
291,14:40:12,14.79,--,79,116841,买盘
292,14:40:09,14.79,--,8,11832,买盘
293,14:40:06,14.79,0.01,41,60639,买盘
294,14:40:03,14.78,--,10,14780,卖盘
295,14:40:00,14.78,-0.01,81,119718,卖盘
296,14:39:57,14.79,0.01,9,13311,买盘
297,14:39:54,14.78,--,30,45655,卖盘
298,14:39:51,14.78,--,7,10346,卖盘
299,14:39:48,14.78,-0.01,30,44340,卖盘
300,14:39:45,14.79,0.01,2,2958,买盘
301,14:39:42,14.78,--,23,33994,卖盘
302,14:39:39,14.78,--,33,48774,卖盘
303,14:39:33,14.78,-0.01,18,27934,卖盘
304,14:39:30,14.79,0.01,303,448137,买盘
305,14:39:27,14.78,--,73,107894,卖盘
306,14:39:24,14.78,--,24,35472,卖盘
307,14:39:21,14.78,-0.01,21,31038,卖盘
308,14:39:18,14.79,0.01,77,113883,买盘
309,14:39:15,14.78,-0.01,15,22332,卖盘
310,14:39:12,14.79,--,5,8711,卖盘
311,14:39:09,14.79,-0.01,17,25143,卖盘
312,14:39:06,14.8,--,29,42920,买盘
313,14:39:03,14.8,0.01,27,39960,买盘
314,14:38:57,14.79,--,700,1036468,卖盘
315,14:38:54,14.79,--,6,10205,卖盘
316,14:38:51,14.79,-0.01,19,28101,卖盘
317,14:38:48,14.8,0.02,35,51800,买盘
318,14:38:45,14.78,--,37,54686,卖盘
319,14:38:42,14.78,--,28,41384,卖盘
320,14:38:39,14.78,--,162,239436,卖盘
321,14:38:33,14.78,--,98,146159,卖盘
322,14:38:30,14.78,-0.01,40,59120,卖盘
323,14:38:27,14.79,--,158,233682,买盘
324,14:38:24,14.79,--,1,1479,买盘
325,14:38:21,14.79,0.01,20,29580,买盘
326,14:38:18,14.78,--,37,56016,卖盘
327,14:38:15,14.78,-0.01,21,31038,卖盘
328,14:38:12,14.79,0.01,8,11832,买盘
329,14:38:09,14.78,--,145,214310,买盘
330,14:38:06,14.78,0.01,38,56164,买盘
331,14:38:03,14.77,-0.01,3,4431,卖盘
332,14:38:00,14.78,--,60,88680,买盘
333,14:37:57,14.78,--,3,4434,买盘
334,14:37:54,14.78,--,7,11661,买盘
335,14:37:51,14.78,--,13,19214,买盘
336,14:37:42,14.78,0.01,17,25126,买盘
337,14:37:39,14.77,--,60,88620,卖盘
338,14:37:36,14.77,--,15,22155,卖盘
339,14:37:33,14.77,0.01,184,273097,买盘
340,14:37:30,14.76,--,39,57564,卖盘
341,14:37:27,14.76,--,5,7380,卖盘
342,14:37:24,14.76,--,23,33948,卖盘
343,14:37:21,14.76,--,27,39852,卖盘
344,14:37:18,14.76,--,55,81180,买盘
345,14:37:15,14.76,0.01,79,116604,买盘
346,14:37:12,14.75,-0.01,5,8687,卖盘
347,14:37:09,14.76,0.01,10,14760,买盘
348,14:37:06,14.75,--,41,60475,卖盘
349,14:37:00,14.75,--,3,4425,卖盘
350,14:36:54,14.75,0.01,58,85550,买盘
351,14:36:51,14.74,-0.01,146,216530,卖盘
352,14:36:48,14.75,--,17,25075,买盘
353,14:36:45,14.75,0.01,66,97350,买盘
354,14:36:42,14.74,-0.01,6,8844,卖盘
355,14:36:39,14.75,--,16,23600,买盘
356,14:36:36,14.75,0.01,21,30975,买盘
357,14:36:33,14.74,--,41,61745,卖盘
358,14:36:30,14.74,--,25,36850,卖盘
359,14:36:27,14.74,--,4,5896,卖盘
360,14:36:24,14.74,--,32,47168,买盘
361,14:36:21,14.74,0.01,18,26532,买盘
362,14:36:18,14.73,-0.01,56,83666,卖盘
363,14:36:15,14.74,--,40,58960,买盘
364,14:36:09,14.74,--,1,1474,买盘
365,14:36:03,14.74,0.01,80,117920,买盘
366,14:36:00,14.73,--,42,61866,卖盘
367,14:35:57,14.73,--,5,8675,卖盘
368,14:35:51,14.73,--,13,19149,卖盘
369,14:35:48,14.73,--,4,5892,卖盘
370,14:35:45,14.73,--,98,144354,卖盘
371,14:35:42,14.73,0.01,179,263667,买盘
372,14:35:39,14.72,--,5,7360,买盘
373,14:35:36,14.72,--,55,82284,买盘
374,14:35:30,14.72,0.01,29,42688,买盘
375,14:35:24,14.71,-0.02,16,23536,卖盘
376,14:35:21,14.73,--,30,44190,买盘
377,14:35:18,14.73,0.02,86,127988,买盘
378,14:35:12,14.71,--,41,60311,卖盘
379,14:35:09,14.71,-0.02,95,139745,卖盘
380,14:35:06,14.73,--,43,63339,买盘
381,14:35:03,14.73,--,51,75123,买盘
382,14:35:00,14.73,0.02,71,104583,买盘
383,14:34:57,14.71,--,30,44130,卖盘
384,14:34:54,14.71,--,6,8826,卖盘
385,14:34:51,14.71,-0.02,145,214618,卖盘
386,14:34:48,14.73,0.03,433,638972,买盘
387,14:34:45,14.7,--,4,5880,买盘
388,14:34:42,14.7,0.01,15,22050,买盘
389,14:34:39,14.69,-0.01,18,27749,卖盘
390,14:34:36,14.7,--,105,154350,买盘
391,14:34:30,14.7,0.01,345,507150,买盘
392,14:34:27,14.69,-0.01,9,13221,卖盘
393,14:34:24,14.7,0.01,25,36750,买盘
394,14:34:21,14.69,--,46,67574,卖盘
395,14:34:18,14.69,0.01,472,694748,买盘
396,14:34:15,14.68,--,5,8661,卖盘
397,14:34:12,14.68,--,41,60188,卖盘
398,14:34:09,14.68,--,56,82208,卖盘
399,14:34:06,14.68,--,497,729596,卖盘
400,14:34:03,14.68,--,114,167352,卖盘
401,14:34:00,14.68,--,169,248092,卖盘
402,14:33:57,14.68,--,40,58720,卖盘
403,14:33:54,14.68,--,543,797916,买盘
404,14:33:51,14.68,--,78,114504,买盘
405,14:33:48,14.68,--,36,52848,买盘
406,14:33:45,14.68,0.01,64,93952,买盘
407,14:33:39,14.67,--,43,63081,卖盘
408,14:33:36,14.67,--,6,10122,卖盘
409,14:33:33,14.67,--,20,29340,卖盘
410,14:33:30,14.67,--,365,536393,买盘
411,14:33:27,14.67,0.01,47,68949,买盘
412,14:33:24,14.66,--,23,33718,卖盘
413,14:33:21,14.66,--,20,29320,卖盘
414,14:33:18,14.66,--,10,14660,卖盘
415,14:33:15,14.66,--,5,8634,卖盘
416,14:33:12,14.66,--,220,322520,卖盘
417,14:33:09,14.66,--,84,123144,卖盘
418,14:33:06,14.66,--,97,142202,买盘
419,14:33:03,14.66,0.01,10,14660,买盘
420,14:33:00,14.65,--,50,74041,卖盘
421,14:32:57,14.65,--,41,60065,卖盘
422,14:32:54,14.65,--,20,30618,卖盘
423,14:32:51,14.65,--,4,5860,卖盘
424,14:32:48,14.65,--,538,789166,卖盘
425,14:32:45,14.65,0.02,401,588768,买盘
426,14:32:42,14.63,--,29,42427,卖盘
427,14:32:33,14.63,--,3,4389,卖盘
428,14:32:30,14.63,-0.01,55,80479,卖盘
429,14:32:27,14.64,--,47,68808,卖盘
430,14:32:21,14.64,--,21,30744,卖盘
431,14:32:18,14.64,--,2,2928,卖盘
432,14:32:15,14.64,-0.01,21,30744,卖盘
433,14:32:12,14.65,-0.02,256,375347,卖盘
434,14:32:09,14.67,--,2,2934,买盘
435,14:32:06,14.67,0.01,6,8802,买盘
436,14:32:03,14.66,-0.01,20,29320,卖盘
437,14:32:00,14.67,--,118,173634,卖盘
438,14:31:57,14.67,--,71,105477,卖盘
439,14:31:54,14.67,--,100,146700,卖盘
440,14:31:51,14.67,--,370,542790,卖盘
441,14:31:45,14.67,--,271,397557,卖盘
442,14:31:42,14.67,-0.01,195,286065,卖盘
443,14:31:39,14.68,--,89,130652,买盘
444,14:31:36,14.68,0.01,91,133588,买盘
445,14:31:33,14.67,-0.01,28,42381,卖盘
446,14:31:30,14.68,--,10,14680,买盘
447,14:31:27,14.68,--,2,2936,买盘
448,14:31:24,14.68,--,20,29360,买盘
449,14:31:18,14.68,0.01,14,20552,买盘
450,14:31:15,14.67,--,20,29340,卖盘
451,14:31:12,14.67,--,20,30660,卖盘
452,14:31:09,14.67,--,16,23472,卖盘
453,14:31:03,14.67,--,50,73350,卖盘
454,14:31:00,14.67,-0.01,41,60147,卖盘
455,14:30:57,14.68,0.01,14,21711,买盘
456,14:30:54,14.67,--,31,45477,卖盘
457,14:30:51,14.67,-0.01,41,61452,卖盘
458,14:30:48,14.68,0.01,12,17616,买盘
459,14:30:45,14.67,-0.01,115,168705,卖盘
460,14:30:42,14.68,--,76,111568,买盘
461,14:30:39,14.68,0.01,21,30828,买盘
462,14:30:36,14.67,--,57,84939,卖盘
463,14:30:30,14.67,--,151,221517,卖盘
464,14:30:27,14.67,--,33,48411,卖盘
465,14:30:24,14.67,-0.01,1,1467,卖盘
466,14:30:21,14.68,0.01,16,23488,买盘
467,14:30:18,14.67,--,228,335781,卖盘
468,14:30:15,14.67,-0.01,5,7335,卖盘
469,14:30:12,14.68,0.01,1,1468,买盘
470,14:30:09,14.67,--,20,29340,卖盘
471,14:30:06,14.67,--,11,16137,卖盘
472,14:30:00,14.67,--,10,14670,卖盘
473,14:29:57,14.67,--,106,156822,卖盘
474,14:29:54,14.67,--,35,51345,卖盘
475,14:29:51,14.67,-0.01,24,35208,卖盘
476,14:29:48,14.68,--,1,1468,买盘
477,14:29:42,14.68,0.01,141,206988,买盘
478,14:29:36,14.67,-0.01,43,64386,卖盘
479,14:29:33,14.68,--,36,52848,买盘
480,14:29:30,14.68,0.01,40,58720,买盘
481,14:29:24,14.67,-0.01,3,4401,卖盘
482,14:29:18,14.68,--,8,13065,买盘
483,14:29:15,14.68,--,21,30828,买盘
484,14:29:12,14.68,--,44,64900,卖盘
485,14:29:06,14.68,-0.01,59,86612,卖盘
486,14:29:03,14.69,--,48,70512,买盘
487,14:28:57,14.69,--,21,32156,买盘
488,14:28:54,14.69,-0.01,4,5876,买盘
489,14:28:51,14.7,0.02,77,113190,买盘
490,14:28:48,14.68,-0.02,31,45508,卖盘
491,14:28:42,14.7,0.02,15,22050,买盘
492,14:28:39,14.68,-0.02,63,92484,卖盘
493,14:28:36,14.7,0.02,54,79380,买盘
494,14:28:33,14.68,-0.02,10,16001,卖盘
495,14:28:30,14.7,--,10,14700,买盘
496,14:28:27,14.7,0.01,131,192570,买盘
497,14:28:18,14.69,--,43,63167,卖盘
498,14:28:15,14.69,0.01,33,48477,买盘
499,14:28:12,14.68,--,30,44040,卖盘
500,14:28:09,14.68,--,33,49750,卖盘
501,14:28:06,14.68,-0.01,22,32296,卖盘
502,14:28:03,14.69,--,60,88140,买盘
503,14:28:00,14.69,0.01,26,38194,买盘
504,14:27:57,14.68,--,5,8661,卖盘
505,14:27:51,14.68,--,70,102760,卖盘
506,14:27:45,14.68,--,4,5872,买盘
507,14:27:42,14.68,0.01,215,315620,买盘
508,14:27:39,14.67,-0.01,9,13203,卖盘
509,14:27:36,14.68,--,15,22020,买盘
510,14:27:33,14.68,--,30,45346,买盘
511,14:27:27,14.68,0.01,41,60188,买盘
512,14:27:24,14.67,--,16,23472,卖盘
513,14:27:18,14.67,0.01,41,61467,买盘
514,14:27:15,14.66,--,12,17738,卖盘
515,14:27:12,14.66,-0.01,20,30639,卖盘
516,14:27:09,14.67,0.01,30,44010,买盘
517,14:27:06,14.66,-0.01,14,20524,卖盘
518,14:27:03,14.67,--,1,1467,买盘
519,14:27:00,14.67,--,22,32274,买盘
520,14:26:57,14.67,0.02,7,10269,买盘
521,14:26:54,14.65,-0.02,8,11720,卖盘
522,14:26:51,14.67,0.01,14,21843,买盘
523,14:26:48,14.66,-0.01,5,7330,卖盘
524,14:26:45,14.67,--,49,71883,买盘
525,14:26:42,14.67,0.02,15,22005,买盘
526,14:26:39,14.65,--,150,219750,卖盘
527,14:26:36,14.65,--,9,13185,卖盘
528,14:26:33,14.65,--,46,67390,卖盘
529,14:26:30,14.65,-0.02,13,20363,卖盘
530,14:26:27,14.67,0.02,12,17604,买盘
531,14:26:21,14.65,--,13,19045,卖盘
532,14:26:18,14.65,0.01,10,14650,中性盘
533,14:26:15,14.64,-0.01,99,146238,卖盘
534,14:26:12,14.65,--,7,10255,买盘
535,14:26:09,14.65,--,10,14650,买盘
536,14:26:06,14.65,--,17,24905,买盘
537,14:26:03,14.65,0.02,11,16115,买盘
538,14:26:00,14.63,-0.02,6,8778,卖盘
539,14:25:57,14.65,0.01,42,62848,买盘
540,14:25:54,14.64,--,15,21960,卖盘
541,14:25:51,14.64,0.01,16,23819,买盘
542,14:25:48,14.63,-0.01,37,54131,中性盘
543,14:25:42,14.64,--,100,146400,买盘
544,14:25:39,14.64,0.01,535,783240,买盘
545,14:25:36,14.63,--,421,616069,卖盘
546,14:25:33,14.63,-0.01,12,18872,卖盘
547,14:25:30,14.64,--,13,19032,买盘
548,14:25:27,14.64,0.01,67,98088,买盘
549,14:25:24,14.63,--,5,7315,买盘
550,14:25:21,14.63,--,25,36575,卖盘
551,14:25:18,14.63,0.01,21,30723,卖盘
552,14:25:15,14.62,-0.02,36,53933,卖盘
553,14:25:12,14.64,--,92,134688,买盘
554,14:25:09,14.64,0.01,14,20496,买盘
555,14:25:06,14.63,-0.01,34,49742,中性盘
556,14:25:03,14.64,0.02,56,81984,买盘
557,14:25:00,14.62,-0.02,19,27778,卖盘
558,14:24:57,14.64,0.02,22,33525,买盘
559,14:24:54,14.62,-0.02,8,11696,卖盘
560,14:24:51,14.64,0.02,68,99552,买盘
561,14:24:48,14.62,-0.01,35,52091,卖盘
562,14:24:45,14.63,0.01,3,4930,买盘
563,14:24:42,14.62,-0.01,365,534551,卖盘
564,14:24:36,14.63,0.01,9,13167,卖盘
565,14:24:33,14.62,-0.02,5,8611,卖盘
566,14:24:27,14.64,0.02,43,62952,买盘
567,14:24:24,14.62,-0.01,111,162282,卖盘
568,14:24:21,14.63,--,42,61446,买盘
569,14:24:18,14.63,--,17,26187,买盘
570,14:24:15,14.63,--,12,17556,买盘
571,14:24:12,14.63,--,18,26334,买盘
572,14:24:06,14.63,0.01,34,49742,买盘
573,14:24:00,14.62,-0.01,8,11696,卖盘
574,14:23:57,14.63,--,22,32186,买盘
575,14:23:54,14.63,--,9,14469,买盘
576,14:23:51,14.63,--,14,20482,买盘
577,14:23:48,14.63,-0.01,96,140448,卖盘
578,14:23:45,14.64,--,72,105408,买盘
579,14:23:42,14.64,0.02,21,30744,买盘
580,14:23:39,14.62,-0.02,47,68714,卖盘
581,14:23:36,14.64,0.01,267,392205,买盘
582,14:23:33,14.63,--,11,16093,卖盘
583,14:23:30,14.63,-0.01,111,162393,卖盘
584,14:23:27,14.64,0.01,51,74664,买盘
585,14:23:24,14.63,--,101,147763,买盘
586,14:23:21,14.63,-0.01,166,242858,中性盘
587,14:23:18,14.64,0.01,25,36600,买盘
588,14:23:15,14.63,--,20,29260,买盘
589,14:23:12,14.63,--,176,257795,卖盘
590,14:23:09,14.63,--,55,80465,卖盘
591,14:23:06,14.63,--,600,877800,卖盘
592,14:23:03,14.63,--,297,434511,卖盘
593,14:23:00,14.63,-0.01,57,83391,卖盘
594,14:22:57,14.64,0.01,66,97634,买盘
595,14:22:54,14.63,--,78,114421,卖盘
596,14:22:51,14.63,--,23,33649,卖盘
597,14:22:48,14.63,-0.01,4,5852,卖盘
598,14:22:45,14.64,0.01,40,59716,买盘
599,14:22:42,14.63,--,63,92476,卖盘
600,14:22:39,14.63,-0.01,83,121429,卖盘
601,14:22:36,14.64,0.01,20,29280,买盘
602,14:22:33,14.63,--,16,24710,卖盘
603,14:22:30,14.63,--,121,177023,卖盘
604,14:22:27,14.63,--,7,10241,卖盘
605,14:22:24,14.63,--,111,162393,卖盘
606,14:22:21,14.63,--,58,84854,卖盘
607,14:22:18,14.63,--,107,157857,卖盘
608,14:22:15,14.63,--,207,302841,买盘
609,14:22:12,14.63,--,25,36575,中性盘
610,14:22:09,14.63,--,5,7315,买盘
611,14:22:06,14.63,--,202,295526,卖盘
612,14:22:03,14.63,--,9,13167,卖盘
613,14:22:00,14.63,--,3,4389,卖盘
614,14:21:57,14.63,-0.01,234,342342,卖盘
615,14:21:54,14.64,--,25,37902,买盘
616,14:21:51,14.64,--,13,19032,买盘
617,14:21:48,14.64,0.01,44,64416,买盘
618,14:21:45,14.63,-0.04,785,1148601,卖盘
619,14:21:42,14.67,--,1007,1477269,买盘
620,14:21:39,14.67,0.01,2,2934,买盘
621,14:21:36,14.66,--,15,23309,卖盘
622,14:21:33,14.66,-0.01,269,394354,卖盘
623,14:21:30,14.67,--,96,140832,卖盘
624,14:21:27,14.67,--,37,54279,卖盘
625,14:21:21,14.67,--,42,61614,卖盘
626,14:21:18,14.67,-0.01,29,42543,卖盘
627,14:21:15,14.68,--,265,389328,卖盘
628,14:21:12,14.68,--,17,26262,卖盘
629,14:21:09,14.68,--,10,14680,卖盘
630,14:21:06,14.68,--,14,20552,卖盘
631,14:21:03,14.68,--,142,208456,卖盘
632,14:21:00,14.68,-0.01,14,20552,卖盘
633,14:20:57,14.69,--,45,66105,买盘
634,14:20:54,14.69,0.01,3,4407,买盘
635,14:20:51,14.68,--,25,38021,卖盘
636,14:20:48,14.68,-0.01,58,85144,卖盘
637,14:20:45,14.69,--,49,72142,卖盘
638,14:20:42,14.69,--,5,7345,卖盘
639,14:20:39,14.69,--,5,7345,卖盘
640,14:20:36,14.69,-0.01,52,76388,卖盘
641,14:20:33,14.7,0.01,5,7350,买盘
642,14:20:30,14.69,--,17,26280,卖盘
643,14:20:27,14.69,-0.01,11,16159,卖盘
644,14:20:21,14.7,--,201,295470,卖盘
645,14:20:15,14.7,-0.01,29,43953,卖盘
646,14:20:12,14.71,--,15,22373,卖盘
647,14:20:09,14.71,--,268,395390,卖盘
648,14:20:06,14.71,--,9,13239,卖盘
649,14:20:03,14.71,--,13,19123,卖盘
650,14:20:00,14.71,--,45,66195,卖盘
651,14:19:54,14.71,--,5,7355,卖盘
652,14:19:51,14.71,--,5,8664,卖盘
653,14:19:45,14.71,-0.01,21,30891,卖盘
654,14:19:42,14.72,0.01,1,1472,买盘
655,14:19:39,14.71,-0.01,4,5884,卖盘
656,14:19:36,14.72,--,33,48885,卖盘
657,14:19:33,14.72,--,1,1472,卖盘
658,14:19:30,14.72,--,5,8684,卖盘
659,14:19:24,14.72,--,150,220800,卖盘
660,14:19:18,14.72,-0.01,21,31059,卖盘
661,14:19:12,14.73,--,1,1473,卖盘
662,14:19:09,14.73,--,51,75123,卖盘
663,14:19:06,14.73,--,38,55974,卖盘
664,14:19:03,14.73,-0.01,2,2946,卖盘
665,14:18:57,14.74,0.01,7,11644,买盘
666,14:18:45,14.73,--,55,81015,卖盘
667,14:18:42,14.73,--,3,4419,卖盘
668,14:18:36,14.73,--,14,21932,卖盘
669,14:18:33,14.73,-0.01,9,13257,卖盘
670,14:18:27,14.74,-0.01,48,70899,卖盘
671,14:18:18,14.75,0.01,23,33925,买盘
672,14:18:12,14.74,--,19,29332,卖盘
673,14:18:09,14.74,-0.01,12,17688,卖盘
674,14:18:06,14.75,--,19,28025,买盘
675,14:18:03,14.75,0.01,10,14750,买盘
676,14:18:00,14.74,-0.01,30,44220,卖盘
677,14:17:54,14.75,0.01,5,7375,买盘
678,14:17:48,14.74,-0.01,4,5896,卖盘
679,14:17:42,14.75,--,1,1475,买盘
680,14:17:36,14.75,--,11,16225,买盘
681,14:17:30,14.75,--,1,1475,买盘
682,14:17:27,14.75,--,3,4425,买盘
683,14:17:24,14.75,--,62,91450,卖盘
684,14:17:18,14.75,0.01,14,20650,买盘
685,14:17:12,14.74,-0.01,4,5896,卖盘
686,14:17:09,14.75,--,1,1475,卖盘
687,14:17:06,14.75,0.01,36,53100,买盘
688,14:17:03,14.74,-0.01,10,14740,卖盘
689,14:16:57,14.75,--,5,7375,买盘
690,14:16:54,14.75,0.01,21,30975,买盘
691,14:16:51,14.74,--,20,29480,卖盘
692,14:16:48,14.74,-0.01,50,73700,卖盘
693,14:16:45,14.75,0.01,19,28025,买盘
694,14:16:39,14.74,-0.01,4,5896,卖盘
695,14:16:36,14.75,0.01,29,42775,买盘
696,14:16:27,14.74,-0.01,74,109076,卖盘
697,14:16:24,14.75,--,2,2950,买盘
698,14:16:21,14.75,0.01,12,17700,买盘
699,14:16:15,14.74,--,1,1474,卖盘
700,14:16:09,14.74,-0.01,19,28006,卖盘
701,14:16:06,14.75,--,61,89975,买盘
702,14:16:03,14.75,--,1,1475,买盘
703,14:16:00,14.75,--,31,45725,买盘
704,14:15:42,14.75,0.01,6,8850,买盘
705,14:15:36,14.74,-0.01,9,13266,卖盘
706,14:15:33,14.75,--,1,1475,买盘
707,14:15:27,14.75,0.01,18,26550,买盘
708,14:15:24,14.74,--,0,1326,买盘
709,14:15:21,14.74,--,5,7370,买盘
710,14:15:18,14.74,--,1,1474,买盘
711,14:15:12,14.74,0.01,1,1474,买盘
712,14:15:09,14.73,--,1,1473,卖盘
713,14:15:06,14.73,--,71,104583,买盘
714,14:15:03,14.73,--,27,39771,买盘
715,14:15:00,14.73,0.01,10,14730,买盘
716,14:14:57,14.72,--,13,19136,卖盘
717,14:14:51,14.72,-0.01,5,7360,卖盘
718,14:14:48,14.73,0.01,5,7365,买盘
719,14:14:45,14.72,--,23,33856,卖盘
720,14:14:39,14.72,--,17,25024,买盘
721,14:14:36,14.72,0.01,119,175168,买盘
722,14:14:33,14.71,--,5,7355,卖盘
723,14:14:30,14.71,--,4,5884,卖盘
724,14:14:24,14.71,--,6,8826,卖盘
725,14:14:18,14.71,--,8,11768,卖盘
726,14:14:06,14.71,--,9,13239,卖盘
727,14:14:03,14.71,-0.01,24,35304,卖盘
728,14:14:00,14.72,0.01,21,30912,买盘
729,14:13:57,14.71,0.01,7,10297,买盘
730,14:13:54,14.7,--,23,33810,卖盘
731,14:13:51,14.7,-0.01,5,7350,卖盘
732,14:13:48,14.71,--,22,32362,买盘
733,14:13:39,14.71,0.01,46,67666,买盘
734,14:13:36,14.7,-0.01,9,13230,卖盘
735,14:13:27,14.71,0.01,30,44130,买盘
736,14:13:24,14.7,--,5,7350,卖盘
737,14:13:21,14.7,-0.02,20,29400,卖盘
738,14:13:09,14.72,0.02,3,4416,买盘
739,14:13:06,14.7,-0.02,10,14700,卖盘
740,14:13:03,14.72,0.02,14,20608,买盘
741,14:13:00,14.7,-0.02,25,36750,卖盘
742,14:12:57,14.72,--,61,89792,买盘
743,14:12:45,14.72,--,107,157504,卖盘
744,14:12:42,14.72,--,1,1472,卖盘
745,14:12:39,14.72,0.02,52,76544,买盘
746,14:12:36,14.7,-0.02,1808,2657760,卖盘
747,14:12:33,14.72,--,20,29440,买盘
748,14:12:30,14.72,--,1,1472,买盘
749,14:12:27,14.72,--,27,39744,买盘
750,14:12:24,14.72,--,20,29440,买盘
751,14:12:21,14.72,--,116,170752,买盘
752,14:12:18,14.72,--,15,22080,买盘
753,14:12:15,14.72,0.01,12,17664,买盘
754,14:12:12,14.71,-0.01,10,14710,卖盘
755,14:12:09,14.72,0.01,5,7360,买盘
756,14:12:06,14.71,-0.01,9,13239,卖盘
757,14:12:03,14.72,--,10,14720,买盘
758,14:11:54,14.72,0.01,4,5888,买盘
759,14:11:51,14.71,-0.01,464,682544,卖盘
760,14:11:42,14.72,-0.02,7,10304,卖盘
761,14:11:39,14.74,0.02,10,14740,买盘
762,14:11:36,14.72,-0.01,9,13248,卖盘
763,14:11:30,14.73,--,31,45810,卖盘
764,14:11:27,14.73,--,10,14730,卖盘
765,14:11:24,14.73,-0.01,3,4419,卖盘
766,14:11:15,14.74,0.01,4,5896,买盘
767,14:11:09,14.73,--,100,147300,卖盘
768,14:11:06,14.73,--,9,13257,卖盘
769,14:11:03,14.73,-0.01,3,4419,卖盘
770,14:10:48,14.74,--,1,1474,买盘
771,14:10:42,14.74,--,51,75174,买盘
772,14:10:39,14.74,0.01,2,2948,中性盘
773,14:10:36,14.73,-0.01,12,17676,卖盘
774,14:10:30,14.74,--,38,56012,卖盘
775,14:10:27,14.74,--,14,20636,卖盘
776,14:10:24,14.74,--,53,78122,卖盘
777,14:10:21,14.74,-0.01,11,16214,卖盘
778,14:10:15,14.75,--,1,1475,买盘
779,14:10:12,14.75,0.01,5,7375,买盘
780,14:10:06,14.74,-0.01,8,11792,卖盘
781,14:10:00,14.75,--,2,2950,买盘
782,14:09:57,14.75,0.01,2,2950,买盘
783,14:09:54,14.74,--,5,7370,卖盘
784,14:09:51,14.74,--,2,2948,卖盘
785,14:09:42,14.74,-0.01,31,45694,卖盘
786,14:09:39,14.75,0.01,5,7375,买盘
787,14:09:36,14.74,--,9,13266,卖盘
788,14:09:33,14.74,-0.01,5,8696,卖盘
789,14:09:30,14.75,--,1,1475,买盘
790,14:09:27,14.75,--,7,10384,卖盘
791,14:09:18,14.75,--,3,4425,卖盘
792,14:09:15,14.75,--,5,8687,卖盘
793,14:09:12,14.75,--,32,47200,卖盘
794,14:09:06,14.75,--,33,48675,卖盘
795,14:09:03,14.75,--,21,30975,卖盘
796,14:09:00,14.75,--,1,1475,卖盘
797,14:08:54,14.75,--,25,38202,卖盘
798,14:08:51,14.75,--,14,20650,卖盘
799,14:08:36,14.75,-0.01,44,66212,卖盘
800,14:08:27,14.76,-0.01,43,63777,卖盘
801,14:08:24,14.77,0.01,1,1477,买盘
802,14:08:21,14.76,--,21,30996,卖盘
803,14:08:12,14.76,--,5,8708,卖盘
804,14:08:06,14.76,--,13,19188,卖盘
805,14:08:03,14.76,-0.01,21,30996,卖盘
806,14:07:57,14.77,--,56,82712,卖盘
807,14:07:54,14.77,--,5,8699,卖盘
808,14:07:45,14.77,-0.02,53,79344,卖盘
809,14:07:42,14.79,0.01,10,14790,买盘
810,14:07:39,14.78,--,8,11824,卖盘
811,14:07:33,14.78,--,5,8720,卖盘
812,14:07:24,14.78,-0.01,12,17736,卖盘
813,14:07:21,14.79,0.01,5,7395,买盘
814,14:07:18,14.78,--,7,10346,卖盘
815,14:07:03,14.78,--,40,59120,卖盘
816,14:06:39,14.78,-0.01,2,3517,卖盘
817,14:06:36,14.79,--,1,1479,买盘
818,14:06:33,14.79,--,2,2958,买盘
819,14:06:12,14.79,--,46,68034,卖盘
820,14:06:09,14.79,--,7,10353,卖盘
821,14:06:03,14.79,--,22,32537,卖盘
822,14:06:00,14.79,--,10,14790,卖盘
823,14:05:57,14.79,0.01,13,19227,买盘
824,14:05:45,14.78,-0.02,2,2956,卖盘
825,14:05:33,14.8,0.02,5,7400,买盘
826,14:05:24,14.78,-0.01,17,25126,卖盘
827,14:05:18,14.79,-0.01,1,1479,中性盘
828,14:05:03,14.8,--,3,4440,买盘
829,14:04:54,14.8,--,75,111000,买盘
830,14:04:51,14.8,0.02,10,14800,买盘
831,14:04:48,14.78,-0.02,20,29560,卖盘
832,14:04:39,14.8,--,2,2960,买盘
833,14:04:36,14.8,--,100,148000,买盘
834,14:04:27,14.8,0.02,1,1480,买盘
835,14:04:24,14.78,-0.03,1,1478,卖盘
836,14:04:18,14.81,0.03,13,19253,买盘
837,14:04:09,14.78,-0.02,25,36950,卖盘
838,14:04:06,14.8,0.01,181,267880,买盘
839,14:04:00,14.79,--,3,4437,买盘
840,14:03:54,14.79,--,21,31059,买盘
841,14:03:45,14.79,--,21,31059,买盘
842,14:03:42,14.79,0.01,21,31059,买盘
843,14:03:39,14.78,0.02,9,13302,买盘
844,14:03:30,14.76,-0.01,16,23616,卖盘
845,14:03:27,14.77,--,10,14770,卖盘
846,14:03:21,14.77,-0.03,7,10339,卖盘
847,14:03:18,14.8,0.02,34,50320,买盘
848,14:03:15,14.78,0.01,2,2956,买盘
849,14:03:12,14.77,--,5,7385,卖盘
850,14:03:00,14.77,-0.03,4,5908,卖盘
851,14:02:57,14.8,0.02,21,31080,买盘
852,14:02:51,14.78,--,5,7390,买盘
853,14:02:39,14.78,--,1,1478,买盘
854,14:02:33,14.78,-0.02,6,8868,卖盘
855,14:02:21,14.8,0.03,1,1480,买盘
856,14:02:06,14.77,--,10,14770,卖盘
857,14:01:57,14.77,--,16,23632,卖盘
858,14:01:54,14.77,--,31,45787,买盘
859,14:01:45,14.77,0.01,50,73850,买盘
860,14:01:42,14.76,--,10,14760,卖盘
861,14:01:33,14.76,-0.01,1,1476,卖盘
862,14:01:27,14.77,0.01,100,147700,买盘
863,14:01:21,14.76,--,8,12221,买盘
864,14:01:12,14.76,--,23,33948,卖盘
865,14:01:09,14.76,-0.01,1,1476,卖盘
866,14:01:06,14.77,--,120,177240,买盘
867,14:01:03,14.77,--,23,33971,买盘
868,14:00:54,14.77,0.01,8,11816,买盘
869,14:00:36,14.76,0.01,10,14760,买盘
870,14:00:33,14.75,-0.01,5,7375,卖盘
871,14:00:27,14.76,-0.01,20,29520,卖盘
872,14:00:24,14.77,0.01,5,7385,买盘
873,14:00:18,14.76,--,25,36900,卖盘
874,14:00:15,14.76,-0.01,15,22140,卖盘
875,14:00:12,14.77,--,1,1477,买盘
876,14:00:03,14.77,--,111,163947,买盘
877,14:00:00,14.77,0.01,3,4431,买盘
878,13:59:54,14.76,-0.01,234,345384,卖盘
879,13:59:51,14.77,0.01,12,17724,买盘
880,13:59:48,14.76,-0.01,7,10332,卖盘
881,13:59:39,14.77,0.01,5,7385,买盘
882,13:59:33,14.76,--,10,14760,卖盘
883,13:59:30,14.76,0.01,5,7380,中性盘
884,13:59:03,14.75,--,63,92925,买盘
885,13:58:57,14.75,0.01,23,33925,中性盘
886,13:58:21,14.74,--,5,7370,卖盘
887,13:58:18,14.74,--,10,14740,卖盘
888,13:58:06,14.74,-0.01,20,29480,卖盘
889,13:58:03,14.75,--,32,48247,买盘
890,13:58:00,14.75,--,5,7375,买盘
891,13:57:57,14.75,0.02,45,66375,买盘
892,13:57:51,14.73,-0.02,35,51555,卖盘
893,13:57:48,14.75,--,3,4425,买盘
894,13:57:39,14.75,--,10,14750,买盘
895,13:57:33,14.75,0.02,4,5900,买盘
896,13:57:30,14.73,-0.04,256,377515,卖盘
897,13:57:24,14.77,0.02,10,14770,中性盘
898,13:57:06,14.75,-0.05,18,26550,卖盘
899,13:57:03,14.8,0.05,36,53280,买盘
900,13:56:57,14.75,--,1,1475,卖盘
901,13:56:54,14.75,0.02,41,61522,买盘
902,13:56:51,14.73,-0.02,150,220950,卖盘
903,13:56:48,14.75,--,5,7375,买盘
904,13:56:45,14.75,--,60,88500,买盘
905,13:56:42,14.75,--,3,4425,买盘
906,13:56:36,14.75,-0.01,11,16225,卖盘
907,13:56:33,14.76,0.01,8,12236,卖盘
908,13:56:30,14.75,-0.01,35,51625,卖盘
909,13:56:27,14.76,0.01,1,1476,买盘
910,13:56:24,14.75,--,1,1475,卖盘
911,13:56:21,14.75,--,1,1475,卖盘
912,13:56:18,14.75,--,18,26550,卖盘
913,13:56:03,14.75,-0.02,6,8850,卖盘
914,13:56:00,14.77,0.02,1,1477,买盘
915,13:55:51,14.75,--,21,30975,卖盘
916,13:55:48,14.75,--,37,54575,卖盘
917,13:55:36,14.75,--,6,8850,卖盘
918,13:55:33,14.75,0.01,52,77747,买盘
919,13:55:24,14.74,--,36,53064,中性盘
920,13:55:15,14.74,-0.01,20,29480,卖盘
921,13:55:12,14.75,--,41,60475,买盘
922,13:55:06,14.75,0.01,10,14750,买盘
923,13:55:03,14.74,-0.01,7,10318,卖盘
924,13:55:00,14.75,--,0,427,卖盘
925,13:54:57,14.75,0.01,3,5472,中性盘
926,13:54:48,14.74,-0.01,10,14740,卖盘
927,13:54:33,14.75,-0.03,59,87025,卖盘
928,13:54:24,14.78,--,195,288210,卖盘
929,13:54:12,14.78,-0.02,41,60598,卖盘
930,13:54:09,14.8,-0.01,9,13320,卖盘
931,13:54:06,14.81,0.01,13,19253,买盘
932,13:54:03,14.8,-0.01,55,81400,卖盘
933,13:54:00,14.81,0.01,16,23696,买盘
934,13:53:57,14.8,--,60,88800,卖盘
935,13:53:51,14.8,--,10,14800,卖盘
936,13:53:48,14.8,-0.01,10,14800,卖盘
937,13:53:42,14.81,0.01,5,7405,买盘
938,13:53:39,14.8,-0.01,21,31080,卖盘
939,13:53:27,14.81,--,51,76952,卖盘
940,13:53:24,14.81,--,60,88860,卖盘
941,13:53:21,14.81,--,42,62202,卖盘
942,13:53:18,14.81,--,58,85898,卖盘
943,13:53:15,14.81,--,10,14810,卖盘
944,13:53:12,14.81,-0.01,21,31101,卖盘
945,13:53:03,14.82,0.01,10,14820,买盘
946,13:53:00,14.81,-0.01,10,15209,卖盘
947,13:52:57,14.82,-0.01,19,28158,卖盘
948,13:52:39,14.83,-0.01,10,14830,卖盘
949,13:52:36,14.84,0.01,1,1484,买盘
950,13:52:30,14.83,--,2,2966,卖盘
951,13:52:24,14.83,--,7,10381,卖盘
952,13:52:21,14.83,0.01,1,1483,中性盘
953,13:52:15,14.82,--,30,44460,卖盘
954,13:52:09,14.82,-0.02,21,31122,卖盘
955,13:52:06,14.84,--,23,34132,买盘
956,13:52:00,14.84,0.02,1,1484,买盘
957,13:51:57,14.82,--,58,85956,卖盘
958,13:51:54,14.82,-0.01,42,62244,卖盘
959,13:51:51,14.83,--,21,31143,卖盘
960,13:51:48,14.83,--,21,31143,卖盘
961,13:51:45,14.83,-0.01,22,32626,卖盘
962,13:51:27,14.84,--,45,66780,买盘
963,13:51:24,14.84,--,2,2968,买盘
964,13:51:12,14.84,--,5,7420,卖盘
965,13:51:09,14.84,--,1,1484,卖盘
966,13:50:57,14.84,--,1,1484,卖盘
967,13:50:54,14.84,--,3,4452,卖盘
968,13:50:48,14.84,0.01,9,13356,买盘
969,13:50:45,14.83,-0.01,18,26694,卖盘
970,13:50:36,14.84,--,10,14840,买盘
971,13:50:33,14.84,--,1,1484,买盘
972,13:50:30,14.84,0.01,15,22260,买盘
973,13:50:27,14.83,-0.01,12,17796,卖盘
974,13:50:24,14.84,0.01,2,2968,买盘
975,13:50:15,14.83,-0.01,5,7415,卖盘
976,13:50:09,14.84,--,7,10388,买盘
977,13:50:06,14.84,0.01,7,10388,中性盘
978,13:50:00,14.83,-0.02,19,28177,卖盘
979,13:49:54,14.85,0.01,50,74250,买盘
980,13:49:51,14.84,0.02,4,5936,买盘
981,13:49:39,14.82,--,6,8892,卖盘
982,13:49:30,14.82,-0.02,8,11856,卖盘
983,13:49:27,14.84,0.01,21,31164,买盘
984,13:49:15,14.83,0.01,1,1483,买盘
985,13:49:12,14.82,-0.01,6,8892,卖盘
986,13:49:09,14.83,--,5,7415,买盘
987,13:49:03,14.83,0.01,1,1483,买盘
988,13:49:00,14.82,--,7,10374,卖盘
989,13:48:36,14.82,--,10,14820,买盘
990,13:48:33,14.82,--,3,4446,买盘
991,13:48:30,14.82,--,2,2964,买盘
992,13:48:27,14.82,0.01,70,103740,买盘
993,13:48:18,14.81,-0.01,50,74050,卖盘
994,13:48:12,14.82,0.01,50,74100,买盘
995,13:48:06,14.81,--,93,138873,买盘
996,13:48:00,14.81,--,5,7405,买盘
997,13:47:57,14.81,--,20,29620,买盘
998,13:47:51,14.81,--,71,105491,卖盘
999,13:47:45,14.81,--,5,7405,卖盘
1000,13:47:39,14.81,--,3,4443,卖盘
1001,13:47:36,14.81,--,30,44430,卖盘
1002,13:47:30,14.81,--,4,5924,卖盘
1003,13:47:27,14.81,-0.01,35,51835,卖盘
1004,13:47:24,14.82,--,1,1482,买盘
1005,13:47:18,14.82,--,3,4446,买盘
1006,13:47:09,14.82,-0.03,218,323076,卖盘
1007,13:46:54,14.85,--,2,2970,卖盘
1008,13:46:45,14.85,--,120,178200,卖盘
1009,13:46:30,14.85,--,10,14850,卖盘
1010,13:46:27,14.85,--,57,84645,卖盘
1011,13:46:21,14.85,--,5,7425,卖盘
1012,13:46:09,14.85,0.01,16,23760,买盘
1013,13:46:03,14.84,-0.01,7,10388,卖盘
1014,13:46:00,14.85,--,6,8910,买盘
1015,13:45:57,14.85,--,28,41580,买盘
1016,13:45:48,14.85,--,1,1485,买盘
1017,13:45:45,14.85,--,70,103950,卖盘
1018,13:45:39,14.85,--,10,14850,卖盘
1019,13:45:36,14.85,-0.01,10,14850,卖盘
1020,13:45:33,14.86,0.01,57,84702,买盘
1021,13:45:24,14.85,-0.01,1,1485,卖盘
1022,13:45:18,14.86,--,1,1486,买盘
1023,13:45:03,14.86,--,1,1486,买盘
1024,13:45:00,14.86,-0.01,116,172376,卖盘
1025,13:44:54,14.87,0.02,25,37175,买盘
1026,13:44:48,14.85,-0.02,24,35640,卖盘
1027,13:44:45,14.87,--,14,20818,买盘
1028,13:44:42,14.87,0.01,18,26766,买盘
1029,13:44:39,14.86,-0.01,1,1486,卖盘
1030,13:44:30,14.87,0.01,5,7435,买盘
1031,13:44:27,14.86,-0.01,1,1486,卖盘
1032,13:44:21,14.87,0.01,52,77324,买盘
1033,13:44:18,14.86,--,13,19318,卖盘
1034,13:44:12,14.86,--,43,63898,卖盘
1035,13:44:09,14.86,--,10,14860,卖盘
1036,13:44:06,14.86,--,11,16346,卖盘
1037,13:44:03,14.86,-0.01,100,148600,卖盘
1038,13:44:00,14.87,--,13,19331,买盘
1039,13:43:57,14.87,0.01,1,1487,买盘
1040,13:43:51,14.86,--,3,4458,卖盘
1041,13:43:36,14.86,--,5,7430,卖盘
1042,13:43:33,14.86,-0.01,7,10402,卖盘
1043,13:43:30,14.87,--,5,7435,买盘
1044,13:43:27,14.87,--,3,4461,中性盘
1045,13:43:21,14.87,-0.01,3,4461,卖盘
1046,13:43:18,14.88,0.01,2,2976,买盘
1047,13:43:15,14.87,--,10,14870,卖盘
1048,13:43:09,14.87,-0.01,10,14870,卖盘
1049,13:43:06,14.88,0.01,13,19344,买盘
1050,13:43:03,14.87,--,2,2974,卖盘
1051,13:42:54,14.87,--,10,14870,卖盘
1052,13:42:48,14.87,--,4,5948,卖盘
1053,13:42:45,14.87,--,14,20818,卖盘
1054,13:42:42,14.87,0.01,45,66915,买盘
1055,13:42:39,14.86,-0.01,5,7430,卖盘
1056,13:42:36,14.87,--,9,13383,买盘
1057,13:42:33,14.87,--,1,1487,买盘
1058,13:42:21,14.87,0.01,1,1487,买盘
1059,13:42:15,14.86,--,6,8916,卖盘
1060,13:42:12,14.86,-0.01,10,14860,卖盘
1061,13:42:06,14.87,0.01,4,5948,买盘
1062,13:42:00,14.86,-0.01,15,22290,卖盘
1063,13:41:57,14.87,--,1,1487,买盘
1064,13:41:54,14.87,0.01,54,80298,买盘
1065,13:41:51,14.86,-0.01,25,37150,卖盘
1066,13:41:48,14.87,0.01,3,4461,买盘
1067,13:41:45,14.86,-0.01,1,1486,卖盘
1068,13:41:39,14.87,--,65,96655,买盘
1069,13:41:36,14.87,--,86,127882,卖盘
1070,13:41:30,14.87,--,5,7435,卖盘
1071,13:41:27,14.87,--,13,19331,卖盘
1072,13:41:21,14.87,--,10,14870,卖盘
1073,13:41:18,14.87,--,17,25279,卖盘
1074,13:41:15,14.87,--,39,57993,卖盘
1075,13:41:09,14.87,--,20,29740,卖盘
1076,13:41:06,14.87,--,8,11896,卖盘
1077,13:41:00,14.87,-0.01,8,11896,卖盘
1078,13:40:57,14.88,0.01,2,2976,买盘
1079,13:40:51,14.87,--,21,31227,卖盘
1080,13:40:42,14.87,--,42,62454,卖盘
1081,13:40:39,14.87,--,21,31227,卖盘
1082,13:40:36,14.87,-0.01,95,141265,卖盘
1083,13:40:27,14.88,--,71,105648,卖盘
1084,13:40:24,14.88,--,21,31248,卖盘
1085,13:40:18,14.88,-0.02,8,11904,卖盘
1086,13:40:15,14.9,--,47,70030,买盘
1087,13:40:12,14.9,0.01,13,19370,买盘
1088,13:40:09,14.89,--,91,135499,卖盘
1089,13:40:03,14.89,--,20,29780,卖盘
1090,13:39:57,14.89,-0.01,50,74450,卖盘
1091,13:39:54,14.9,0.01,121,180290,买盘
1092,13:39:51,14.89,-0.01,7,10423,卖盘
1093,13:39:48,14.9,0.01,35,52150,买盘
1094,13:39:45,14.89,--,105,156345,卖盘
1095,13:39:42,14.89,-0.01,31,46159,卖盘
1096,13:39:39,14.9,0.01,16,23840,买盘
1097,13:39:36,14.89,-0.01,10,14890,卖盘
1098,13:39:33,14.9,0.01,9,13410,买盘
1099,13:39:30,14.89,-0.01,3,4467,卖盘
1100,13:39:27,14.9,--,50,74500,买盘
1101,13:39:21,14.9,0.01,22,32780,买盘
1102,13:39:18,14.89,-0.01,37,55093,卖盘
1103,13:39:15,14.9,--,49,73010,卖盘
1104,13:39:03,14.9,-0.02,4,5960,中性盘
1105,13:39:00,14.92,0.02,200,298400,买盘
1106,13:38:54,14.9,--,1,1490,买盘
1107,13:38:51,14.9,--,2,2980,买盘
1108,13:38:48,14.9,--,1,1490,买盘
1109,13:38:45,14.9,-0.02,3,4470,中性盘
1110,13:38:36,14.92,0.01,35,52220,买盘
1111,13:38:33,14.91,0.03,29,43239,买盘
1112,13:38:30,14.88,-0.03,110,163680,卖盘
1113,13:38:27,14.91,--,6,8946,买盘
1114,13:38:24,14.91,0.01,16,23856,中性盘
1115,13:38:21,14.9,-0.01,50,74500,卖盘
1116,13:38:18,14.91,--,11,16401,卖盘
1117,13:38:12,14.91,--,9,13419,买盘
1118,13:38:09,14.91,--,6,8946,买盘
1119,13:38:06,14.91,--,9,13419,买盘
1120,13:38:03,14.91,--,36,53676,买盘
1121,13:37:57,14.91,0.03,28,41748,买盘
1122,13:37:51,14.88,-0.02,40,59520,卖盘
1123,13:37:48,14.9,--,20,29800,买盘
1124,13:37:45,14.9,0.01,40,59600,买盘
1125,13:37:36,14.89,0.01,10,14890,买盘
1126,13:37:30,14.88,--,32,47616,买盘
1127,13:37:27,14.88,--,6,8928,买盘
1128,13:37:24,14.88,--,3,4464,买盘
1129,13:37:21,14.88,0.01,15,22320,买盘
1130,13:37:15,14.87,-0.01,12,17844,卖盘
1131,13:37:12,14.88,--,8,11904,买盘
1132,13:37:03,14.88,0.01,1,1488,买盘
1133,13:37:00,14.87,--,10,14870,卖盘
1134,13:36:57,14.87,--,99,147213,买盘
1135,13:36:51,14.87,0.01,23,34201,买盘
1136,13:36:45,14.86,--,4,5944,卖盘
1137,13:36:42,14.86,--,2,2972,卖盘
1138,13:36:36,14.86,--,8,11888,买盘
1139,13:36:33,14.86,--,11,16346,买盘
1140,13:36:30,14.86,--,44,65384,买盘
1141,13:36:21,14.86,-0.01,8,11888,卖盘
1142,13:36:18,14.87,--,44,65428,买盘
1143,13:36:15,14.87,--,40,59480,买盘
1144,13:36:12,14.87,0.02,42,62454,买盘
1145,13:36:09,14.85,-0.02,100,148500,卖盘
1146,13:36:06,14.87,--,16,23792,买盘
1147,13:36:03,14.87,0.01,1,1487,买盘
1148,13:36:00,14.86,-0.01,10,14860,卖盘
1149,13:35:51,14.87,--,20,29740,买盘
1150,13:35:48,14.87,--,20,29740,买盘
1151,13:35:45,14.87,0.02,28,41636,买盘
1152,13:35:42,14.85,-0.01,55,81675,卖盘
1153,13:35:39,14.86,-0.01,45,66870,卖盘
1154,13:35:36,14.87,--,34,50558,买盘
1155,13:35:33,14.87,--,8,11896,买盘
1156,13:35:30,14.87,--,5,7435,买盘
1157,13:35:24,14.87,--,2,2974,买盘
1158,13:35:21,14.87,--,105,156135,买盘
1159,13:35:15,14.87,-0.01,20,29740,中性盘
1160,13:35:12,14.88,--,53,78864,买盘
1161,13:35:09,14.88,0.02,63,93744,买盘
1162,13:35:06,14.86,--,2,2972,卖盘
1163,13:35:03,14.86,--,95,141170,卖盘
1164,13:35:00,14.86,-0.02,8,11888,卖盘
1165,13:34:57,14.88,--,26,38688,买盘
1166,13:34:54,14.88,--,42,62496,买盘
1167,13:34:51,14.88,0.02,83,123504,买盘
1168,13:34:48,14.86,--,21,31206,买盘
1169,13:34:45,14.86,--,42,62412,买盘
1170,13:34:42,14.86,0.01,71,105506,买盘
1171,13:34:39,14.85,-0.01,10,14850,中性盘
1172,13:34:36,14.86,0.02,389,578054,买盘
1173,13:34:33,14.84,-0.01,59,87556,买盘
1174,13:34:30,14.85,-0.01,153,227205,卖盘
1175,13:34:27,14.86,0.01,64,95104,买盘
1176,13:34:24,14.85,-0.01,1,1485,中性盘
1177,13:34:15,14.86,0.01,151,224386,买盘
1178,13:34:12,14.85,--,52,77220,买盘
1179,13:34:09,14.85,0.03,48,71280,买盘
1180,13:34:06,14.82,-0.03,62,91884,卖盘
1181,13:34:03,14.85,--,103,152955,买盘
1182,13:34:00,14.85,0.03,21,31185,买盘
1183,13:33:57,14.82,-0.01,55,81510,卖盘
1184,13:33:54,14.83,0.01,26,38558,买盘
1185,13:33:42,14.82,-0.01,3,4446,卖盘
1186,13:33:36,14.83,--,1,1483,买盘
1187,13:33:33,14.83,-0.01,193,286219,卖盘
1188,13:33:30,14.84,-0.02,16,23744,卖盘
1189,13:33:15,14.86,--,4,5944,买盘
1190,13:33:12,14.86,-0.01,99,147114,卖盘
1191,13:33:09,14.87,0.01,68,101116,买盘
1192,13:33:03,14.86,-0.01,20,29720,卖盘
1193,13:33:00,14.87,0.01,22,32714,买盘
1194,13:32:57,14.86,--,3,4458,卖盘
1195,13:32:54,14.86,0.03,130,193180,买盘
1196,13:32:48,14.83,--,20,29660,卖盘
1197,13:32:45,14.83,-0.02,1,1483,买盘
1198,13:32:42,14.85,0.02,15,22275,买盘
1199,13:32:36,14.83,-0.02,14,20762,卖盘
1200,13:32:33,14.85,--,15,22275,买盘
1201,13:32:30,14.85,--,10,14850,买盘
1202,13:32:27,14.85,-0.01,38,56430,卖盘
1203,13:32:24,14.86,0.01,1,1486,买盘
1204,13:32:18,14.85,0.04,2,2970,买盘
1205,13:32:09,14.81,-0.07,100,148100,卖盘
1206,13:32:03,14.88,0.06,71,105648,买盘
1207,13:32:00,14.82,-0.06,9,13338,卖盘
1208,13:31:57,14.88,0.06,30,44640,买盘
1209,13:31:51,14.82,-0.03,22,32604,卖盘
1210,13:31:48,14.85,-0.01,28,41580,卖盘
1211,13:31:45,14.86,-0.02,4,5944,卖盘
1212,13:31:42,14.88,--,13,19344,买盘
1213,13:31:39,14.88,-0.01,67,99696,中性盘
1214,13:31:36,14.89,--,40,59560,买盘
1215,13:31:33,14.89,--,12,17868,买盘
1216,13:31:30,14.89,-0.01,1,1489,中性盘
1217,13:31:27,14.9,0.01,21,31290,买盘
1218,13:31:24,14.89,--,130,193570,卖盘
1219,13:31:21,14.89,-0.02,2,2978,卖盘
1220,13:31:18,14.91,0.01,40,59640,买盘
1221,13:31:15,14.9,-0.01,338,503620,卖盘
1222,13:31:12,14.91,-0.01,13,19383,卖盘
1223,13:31:09,14.92,0.01,87,129804,买盘
1224,13:31:06,14.91,-0.01,87,129717,卖盘
1225,13:31:03,14.92,0.02,17,25364,买盘
1226,13:31:00,14.9,-0.01,28,41720,卖盘
1227,13:30:57,14.91,--,53,79023,买盘
1228,13:30:54,14.91,--,36,53676,买盘
1229,13:30:51,14.91,--,24,35784,买盘
1230,13:30:48,14.91,-0.02,150,223650,卖盘
1231,13:30:45,14.93,0.01,337,503141,买盘
1232,13:30:42,14.92,--,69,102948,买盘
1233,13:30:39,14.92,0.01,82,122344,买盘
1234,13:30:36,14.91,-0.01,19,28329,卖盘
1235,13:30:33,14.92,0.01,11,16412,买盘
1236,13:30:30,14.91,--,50,74550,卖盘
1237,13:30:27,14.91,--,10,14910,卖盘
1238,13:30:24,14.91,--,70,104370,卖盘
1239,13:30:21,14.91,0.01,130,194202,买盘
1240,13:30:18,14.9,-0.01,35,52150,卖盘
1241,13:30:15,14.91,--,39,58149,买盘
1242,13:30:12,14.91,--,4,5964,买盘
1243,13:30:09,14.91,--,19,28329,买盘
1244,13:30:06,14.91,0.01,14,20874,买盘
1245,13:30:03,14.9,--,95,141550,卖盘
1246,13:30:00,14.9,0.01,52,77480,买盘
1247,13:29:57,14.89,--,46,68494,卖盘
1248,13:29:54,14.89,--,52,77428,卖盘
1249,13:29:51,14.89,-0.01,159,236751,卖盘
1250,13:29:48,14.9,--,20,29800,买盘
1251,13:29:45,14.9,--,46,68540,买盘
1252,13:29:42,14.9,-0.02,173,257770,卖盘
1253,13:29:39,14.92,--,127,189484,买盘
1254,13:29:36,14.92,-0.01,201,299892,卖盘
1255,13:29:33,14.93,--,75,111975,买盘
1256,13:29:30,14.93,--,24,35832,买盘
1257,13:29:27,14.93,--,49,73157,买盘
1258,13:29:24,14.93,-0.02,6,8958,卖盘
1259,13:29:18,14.95,0.05,20,29900,买盘
1260,13:29:12,14.9,0.01,271,403790,买盘
1261,13:29:09,14.89,--,214,318646,卖盘
1262,13:29:06,14.89,--,103,153367,买盘
1263,13:29:03,14.89,0.02,82,122500,买盘
1264,13:29:00,14.87,-0.01,96,142752,中性盘
1265,13:28:57,14.88,0.01,44,65472,买盘
1266,13:28:54,14.87,-0.01,110,163570,中性盘
1267,13:28:51,14.88,0.02,296,440448,买盘
1268,13:28:48,14.86,0.02,292,433912,买盘
1269,13:28:45,14.84,0.01,129,191436,买盘
1270,13:28:42,14.83,--,5,7415,卖盘
1271,13:28:39,14.83,0.01,361,536504,买盘
1272,13:28:36,14.82,0.02,84,124488,买盘
1273,13:28:33,14.8,--,28,41440,卖盘
1274,13:28:30,14.8,-0.02,25,37000,买盘
1275,13:28:24,14.82,0.02,305,452010,买盘
1276,13:28:21,14.8,--,1,1480,买盘
1277,13:28:18,14.8,0.01,78,115440,买盘
1278,13:28:15,14.79,0.02,321,474759,买盘
1279,13:28:12,14.77,--,14,20678,买盘
1280,13:28:03,14.77,0.02,87,128499,买盘
1281,13:28:00,14.75,--,35,51625,卖盘
1282,13:27:57,14.75,--,31,45725,买盘
1283,13:27:54,14.75,--,116,171100,买盘
1284,13:27:51,14.75,--,6,8850,买盘
1285,13:27:48,14.75,0.01,13,19175,买盘
1286,13:27:42,14.74,--,167,246158,买盘
1287,13:27:39,14.74,0.01,161,237314,买盘
1288,13:27:33,14.73,--,29,42717,卖盘
1289,13:27:30,14.73,--,60,88380,卖盘
1290,13:27:24,14.73,--,1,1473,卖盘
1291,13:27:21,14.73,--,15,22095,卖盘
1292,13:27:18,14.73,--,1,1473,买盘
1293,13:27:15,14.73,--,4,5892,买盘
1294,13:27:12,14.73,--,25,36825,买盘
1295,13:27:09,14.73,--,1,1473,买盘
1296,13:27:03,14.73,--,45,66285,卖盘
1297,13:27:00,14.73,--,4,5892,卖盘
1298,13:26:57,14.73,--,1,1473,卖盘
1299,13:26:54,14.73,-0.01,1,1473,卖盘
1300,13:26:51,14.74,0.01,60,88440,买盘
1301,13:26:42,14.73,-0.01,21,30933,卖盘
1302,13:26:39,14.74,--,14,20636,买盘
1303,13:26:36,14.74,0.01,10,14740,买盘
1304,13:26:33,14.73,-0.01,5,7365,卖盘
1305,13:26:30,14.74,--,3,4422,买盘
1306,13:26:24,14.74,--,48,70752,卖盘
1307,13:26:18,14.74,--,16,23584,买盘
1308,13:26:15,14.74,--,20,29480,买盘
1309,13:26:12,14.74,-0.01,18,26532,卖盘
1310,13:26:03,14.75,--,15,22125,买盘
1311,13:26:00,14.75,0.01,3,4425,中性盘
1312,13:25:54,14.74,-0.01,22,32428,卖盘
1313,13:25:48,14.75,-0.01,39,57525,卖盘
1314,13:25:45,14.76,--,15,22140,买盘
1315,13:25:42,14.76,0.01,35,51660,买盘
1316,13:25:39,14.75,-0.01,1,1475,卖盘
1317,13:25:36,14.76,--,25,36900,买盘
1318,13:25:33,14.76,-0.01,1,1476,中性盘
1319,13:25:27,14.77,0.01,60,88620,买盘
1320,13:25:24,14.76,-0.01,85,125460,卖盘
1321,13:25:18,14.77,0.01,15,22155,买盘
1322,13:25:15,14.76,--,10,14760,卖盘
1323,13:25:12,14.76,0.01,66,97416,买盘
1324,13:25:06,14.75,0.02,8,11800,买盘
1325,13:24:51,14.73,-0.02,271,399183,卖盘
1326,13:24:48,14.75,--,245,361375,买盘
1327,13:24:42,14.75,0.02,250,368750,买盘
1328,13:24:33,14.73,0.01,51,75123,买盘
1329,13:24:27,14.72,-0.02,5,7360,中性盘
1330,13:24:18,14.74,--,28,41272,买盘
1331,13:24:15,14.74,--,5,7370,买盘
1332,13:24:09,14.74,0.03,1,1474,买盘
1333,13:24:03,14.71,--,22,32362,卖盘
1334,13:23:57,14.71,-0.03,1,1471,中性盘
1335,13:23:54,14.74,0.03,465,685410,买盘
1336,13:23:51,14.71,--,67,98557,买盘
1337,13:23:48,14.71,--,2,2942,买盘
1338,13:23:45,14.71,0.01,26,38246,买盘
1339,13:23:39,14.7,--,9,13230,卖盘
1340,13:23:33,14.7,--,10,14700,卖盘
1341,13:23:30,14.7,-0.01,10,14700,卖盘
1342,13:23:27,14.71,0.01,27,39717,买盘
1343,13:23:24,14.7,-0.01,9,13230,卖盘
1344,13:23:12,14.71,0.01,12,17652,买盘
1345,13:23:03,14.7,-0.01,41,60270,卖盘
1346,13:23:00,14.71,0.01,5,7355,买盘
1347,13:22:57,14.7,-0.01,24,35280,卖盘
1348,13:22:51,14.71,--,9,13239,买盘
1349,13:22:42,14.71,0.01,6,8826,买盘
1350,13:22:33,14.7,-0.01,10,14700,卖盘
1351,13:22:27,14.71,--,1,1471,买盘
1352,13:22:24,14.71,--,120,176520,买盘
1353,13:22:21,14.71,--,6,8826,买盘
1354,13:22:15,14.71,--,4,5884,买盘
1355,13:22:12,14.71,--,17,25007,买盘
1356,13:22:06,14.71,--,1,1471,买盘
1357,13:22:03,14.71,--,1,1471,买盘
1358,13:21:57,14.71,-0.01,86,126506,卖盘
1359,13:21:54,14.72,--,5,7360,买盘
1360,13:21:48,14.72,--,22,32384,买盘
1361,13:21:45,14.72,--,2,2944,买盘
1362,13:21:42,14.72,--,25,36800,买盘
1363,13:21:30,14.72,--,8,11776,买盘
1364,13:21:24,14.72,--,1,1472,买盘
1365,13:21:21,14.72,--,16,23552,买盘
1366,13:21:15,14.72,--,3,4416,买盘
1367,13:21:06,14.72,--,20,29440,买盘
1368,13:21:00,14.72,0.01,30,44160,买盘
1369,13:20:57,14.71,-0.01,21,30891,卖盘
1370,13:20:51,14.72,--,21,30912,买盘
1371,13:20:48,14.72,0.01,3,4416,买盘
1372,13:20:45,14.71,-0.01,21,30891,中性盘
1373,13:20:39,14.72,0.01,38,55936,买盘
1374,13:20:36,14.71,-0.01,60,88260,卖盘
1375,13:20:27,14.72,0.01,91,133952,中性盘
1376,13:20:21,14.71,-0.01,2,2942,卖盘
1377,13:20:18,14.72,-0.01,4,5888,卖盘
1378,13:20:15,14.73,0.01,44,64812,买盘
1379,13:20:12,14.72,--,8,11776,买盘
1380,13:20:09,14.72,--,2,2944,买盘
1381,13:20:00,14.72,0.01,5,7360,中性盘
1382,13:19:57,14.71,--,10,14710,买盘
1383,13:19:51,14.71,--,10,14710,买盘
1384,13:19:45,14.71,--,10,14710,买盘
1385,13:19:39,14.71,0.01,10,14710,买盘
1386,13:19:36,14.7,--,7,10290,卖盘
1387,13:19:27,14.7,--,3,4410,卖盘
1388,13:19:21,14.7,--,29,43820,买盘
1389,13:19:15,14.7,--,60,88200,买盘
1390,13:19:12,14.7,--,46,67620,买盘
1391,13:19:09,14.7,--,1,1470,买盘
1392,13:19:06,14.7,--,26,38220,买盘
1393,13:19:00,14.7,--,43,63210,买盘
1394,13:18:57,14.7,--,30,44100,买盘
1395,13:18:54,14.7,--,36,52920,买盘
1396,13:18:42,14.7,--,10,14700,买盘
1397,13:18:36,14.7,--,11,16170,买盘
1398,13:18:21,14.7,--,6,8820,买盘
1399,13:18:18,14.7,0.01,12,17640,买盘
1400,13:18:15,14.69,--,14,20566,买盘
1401,13:18:12,14.69,-0.01,33,48477,卖盘
1402,13:18:09,14.7,0.01,36,52920,买盘
1403,13:18:03,14.69,-0.01,10,14690,卖盘
1404,13:18:00,14.7,--,1,1470,买盘
1405,13:17:57,14.7,--,5,7350,买盘
1406,13:17:54,14.7,0.01,95,139650,买盘
1407,13:17:45,14.69,0.01,15,22035,买盘
1408,13:17:39,14.68,--,35,51380,买盘
1409,13:17:36,14.68,--,55,80740,买盘
1410,13:17:33,14.68,--,8,11744,买盘
1411,13:17:30,14.68,-0.01,40,58720,卖盘
1412,13:17:24,14.69,--,9,13221,卖盘
1413,13:17:21,14.69,--,1,1469,卖盘
1414,13:17:18,14.69,--,12,17628,买盘
1415,13:17:15,14.69,0.01,1,1469,买盘
1416,13:17:12,14.68,--,25,36700,中性盘
1417,13:16:48,14.68,--,15,22020,买盘
1418,13:16:45,14.68,--,2,2936,买盘
1419,13:16:42,14.68,0.01,11,16148,买盘
1420,13:16:39,14.67,-0.01,17,24939,卖盘
1421,13:16:36,14.68,--,50,73400,买盘
1422,13:16:33,14.68,--,12,17616,买盘
1423,13:16:30,14.68,--,6,8808,买盘
1424,13:16:27,14.68,0.01,10,14680,买盘
1425,13:16:18,14.67,-0.01,4,5868,卖盘
1426,13:16:15,14.68,0.01,13,19084,买盘
1427,13:16:12,14.67,-0.01,53,77751,卖盘
1428,13:16:09,14.68,--,10,14680,买盘
1429,13:16:06,14.68,--,5,7340,买盘
1430,13:16:00,14.68,--,5,7340,买盘
1431,13:15:51,14.68,--,2,2936,买盘
1432,13:15:48,14.68,0.01,4,5872,买盘
1433,13:15:42,14.67,-0.01,96,140832,卖盘
1434,13:15:39,14.68,--,6,8808,买盘
1435,13:15:30,14.68,0.01,10,14680,买盘
1436,13:15:21,14.67,-0.01,6,8802,中性盘
1437,13:15:18,14.68,--,50,73400,买盘
1438,13:15:15,14.68,0.01,100,146800,买盘
1439,13:15:12,14.67,-0.01,35,51345,卖盘
1440,13:15:09,14.68,0.01,6,8808,买盘
1441,13:15:06,14.67,-0.01,14,20538,卖盘
1442,13:14:57,14.68,0.01,1,1468,买盘
1443,13:14:54,14.67,--,14,20538,卖盘
1444,13:14:42,14.67,-0.01,28,41076,卖盘
1445,13:14:39,14.68,--,26,38168,买盘
1446,13:14:27,14.68,0.02,6,8808,买盘
1447,13:14:12,14.66,--,9,13194,卖盘
1448,13:14:09,14.66,-0.02,4,5864,卖盘
1449,13:14:03,14.68,--,56,82208,买盘
1450,13:13:57,14.68,--,1,1468,买盘
1451,13:13:54,14.68,--,7,10276,买盘
1452,13:13:48,14.68,0.02,9,13212,买盘
1453,13:13:42,14.66,--,73,107751,买盘
1454,13:13:39,14.66,--,25,36650,买盘
1455,13:13:36,14.66,--,5,7330,买盘
1456,13:13:33,14.66,--,110,161993,卖盘
1457,13:13:21,14.66,--,5,7330,卖盘
1458,13:13:18,14.66,--,18,26388,卖盘
1459,13:13:12,14.66,--,15,22723,买盘
1460,13:13:09,14.66,--,5,7330,买盘
1461,13:13:06,14.66,0.01,5,7330,买盘
1462,13:13:03,14.65,--,25,36625,卖盘
1463,13:13:00,14.65,-0.01,11,16115,卖盘
1464,13:12:54,14.66,0.01,13,19058,买盘
1465,13:12:51,14.65,--,10,14650,卖盘
1466,13:12:42,14.65,-0.01,32,46880,卖盘
1467,13:12:39,14.66,0.01,10,14660,买盘
1468,13:12:36,14.65,-0.01,92,134780,卖盘
1469,13:12:33,14.66,--,9,13194,买盘
1470,13:12:30,14.66,0.01,5,7330,买盘
1471,13:12:27,14.65,-0.01,47,68855,卖盘
1472,13:12:21,14.66,0.01,2,2932,买盘
1473,13:12:15,14.65,-0.01,1,1465,卖盘
1474,13:12:12,14.66,--,1,1466,买盘
1475,13:12:09,14.66,--,1,1466,买盘
1476,13:12:00,14.66,--,18,26388,买盘
1477,13:11:57,14.66,--,3,4398,买盘
1478,13:11:54,14.66,--,10,14660,买盘
1479,13:11:51,14.66,0.01,9,13194,买盘
1480,13:11:48,14.65,0.01,12,17580,中性盘
1481,13:11:42,14.64,-0.01,81,118584,卖盘
1482,13:11:39,14.65,-0.01,7,10255,卖盘
1483,13:11:33,14.66,0.01,3,4398,买盘
1484,13:11:30,14.65,--,109,159685,卖盘
1485,13:11:27,14.65,-0.01,3,4395,卖盘
1486,13:11:24,14.66,0.01,37,54242,买盘
1487,13:11:21,14.65,--,20,29300,卖盘
1488,13:11:12,14.65,--,19,27835,卖盘
1489,13:11:09,14.65,-0.01,2,2930,卖盘
1490,13:11:06,14.66,0.02,60,87960,买盘
1491,13:11:03,14.64,--,108,158112,卖盘
1492,13:11:00,14.64,-0.01,10,14640,卖盘
1493,13:10:57,14.65,--,13,19045,买盘
1494,13:10:51,14.65,--,10,14650,买盘
1495,13:10:48,14.65,--,5,7325,买盘
1496,13:10:45,14.65,-0.01,552,809412,卖盘
1497,13:10:42,14.66,-0.02,1,1466,卖盘
1498,13:10:39,14.68,0.02,10,14680,买盘
1499,13:10:33,14.66,--,1,1466,卖盘
1500,13:10:27,14.66,-0.02,15,22723,卖盘
1501,13:10:15,14.68,0.02,5,7340,买盘
1502,13:10:12,14.66,-0.02,50,73300,卖盘
1503,13:10:09,14.68,--,23,33764,买盘
1504,13:10:06,14.68,--,5,7340,买盘
1505,13:10:00,14.68,--,50,73400,买盘
1506,13:09:57,14.68,--,7,10276,买盘
1507,13:09:54,14.68,-0.01,101,148708,卖盘
1508,13:09:48,14.69,0.01,11,16159,买盘
1509,13:09:39,14.68,-0.01,0,1027,卖盘
1510,13:09:33,14.69,0.01,7,10283,买盘
1511,13:09:27,14.68,-0.01,12,17616,卖盘
1512,13:09:21,14.69,--,50,73450,买盘
1513,13:09:18,14.69,--,30,44070,买盘
1514,13:09:15,14.69,--,34,49946,买盘
1515,13:09:12,14.69,--,4,5876,买盘
1516,13:09:06,14.69,--,3,4407,买盘
1517,13:08:51,14.69,--,2,2938,卖盘
1518,13:08:33,14.69,0.02,47,69043,买盘
1519,13:08:27,14.67,0.02,1,1467,买盘
1520,13:08:21,14.65,-0.01,85,124525,卖盘
1521,13:08:18,14.66,-0.01,24,35184,卖盘
1522,13:08:15,14.67,0.01,1,1467,买盘
1523,13:08:03,14.66,-0.02,32,46912,卖盘
1524,13:08:00,14.68,0.02,21,30828,买盘
1525,13:07:57,14.66,0.01,15,21990,中性盘
1526,13:07:54,14.65,-0.01,210,307650,卖盘
1527,13:07:51,14.66,--,8,11728,买盘
1528,13:07:48,14.66,--,18,26388,买盘
1529,13:07:45,14.66,--,10,14660,买盘
1530,13:07:42,14.66,0.01,55,80630,买盘
1531,13:07:39,14.65,-0.01,7,10255,卖盘
1532,13:07:36,14.66,0.01,2,2932,买盘
1533,13:07:33,14.65,-0.01,1,1465,卖盘
1534,13:07:27,14.66,--,5,7330,买盘
1535,13:07:24,14.66,0.01,21,30786,买盘
1536,13:07:21,14.65,--,8,11720,买盘
1537,13:07:18,14.65,--,2,2930,买盘
1538,13:07:15,14.65,--,2,2930,买盘
1539,13:07:12,14.65,--,10,14650,买盘
1540,13:07:06,14.65,--,5,7325,买盘
1541,13:07:03,14.65,-0.02,393,575745,卖盘
1542,13:07:00,14.67,--,10,14670,买盘
1543,13:06:54,14.67,0.01,13,19071,买盘
1544,13:06:45,14.66,--,25,36650,卖盘
1545,13:06:42,14.66,--,4,5864,买盘
1546,13:06:39,14.66,--,5,7330,买盘
1547,13:06:36,14.66,0.01,20,29320,买盘
1548,13:06:30,14.65,-0.01,5,7325,卖盘
1549,13:06:27,14.66,--,20,29320,买盘
1550,13:06:24,14.66,0.01,6,8796,买盘
1551,13:06:21,14.65,-0.01,26,38090,卖盘
1552,13:06:18,14.66,0.01,8,11728,买盘
1553,13:06:12,14.65,--,1,1465,卖盘
1554,13:06:00,14.65,--,10,14650,卖盘
1555,13:05:57,14.65,0.01,21,30765,买盘
1556,13:05:54,14.64,--,19,27816,卖盘
1557,13:05:48,14.64,-0.01,29,42456,卖盘
1558,13:05:45,14.65,--,8,11720,买盘
1559,13:05:39,14.65,--,11,16115,买盘
1560,13:05:36,14.65,--,191,279815,卖盘
1561,13:05:21,14.65,-0.01,6,8790,卖盘
1562,13:05:18,14.66,0.01,48,70368,买盘
1563,13:05:15,14.65,--,30,43950,卖盘
1564,13:05:06,14.65,--,3,4395,卖盘
1565,13:05:03,14.65,-0.01,30,43950,卖盘
1566,13:05:00,14.66,--,3,4398,买盘
1567,13:04:54,14.66,--,5,7330,买盘
1568,13:04:51,14.66,--,2,2932,买盘
1569,13:04:48,14.66,--,42,61572,买盘
1570,13:04:45,14.66,0.02,3,4398,买盘
1571,13:04:42,14.64,-0.01,100,146400,卖盘
1572,13:04:39,14.65,--,16,23440,卖盘
1573,13:04:36,14.65,-0.01,1,1465,卖盘
1574,13:04:33,14.66,0.01,365,535090,买盘
1575,13:04:30,14.65,--,27,39555,买盘
1576,13:04:27,14.65,-0.01,246,360390,卖盘
1577,13:04:24,14.66,0.01,20,29320,买盘
1578,13:04:12,14.65,--,8,11720,卖盘
1579,13:04:09,14.65,--,210,307650,卖盘
1580,13:04:06,14.65,--,24,35160,卖盘
1581,13:04:03,14.65,-0.01,18,26370,卖盘
1582,13:04:00,14.66,--,30,43980,买盘
1583,13:03:57,14.66,--,17,24922,买盘
1584,13:03:54,14.66,0.01,37,54242,买盘
1585,13:03:51,14.65,-0.01,184,269560,卖盘
1586,13:03:48,14.66,0.01,25,36650,买盘
1587,13:03:45,14.65,-0.01,202,295930,卖盘
1588,13:03:42,14.66,--,2,2932,买盘
1589,13:03:36,14.66,--,3,4398,买盘
1590,13:03:33,14.66,--,4,5864,买盘
1591,13:03:30,14.66,--,23,33718,买盘
1592,13:03:27,14.66,--,1,1466,买盘
1593,13:03:24,14.66,--,1,1466,买盘
1594,13:03:18,14.66,--,3,4398,买盘
1595,13:03:15,14.66,-0.01,1155,1693230,卖盘
1596,13:03:12,14.67,-0.01,1,1467,中性盘
1597,13:03:09,14.68,0.02,13,19084,买盘
1598,13:03:03,14.66,-0.01,29,42514,卖盘
1599,13:03:00,14.67,--,9,13203,买盘
1600,13:02:54,14.67,0.01,1,1467,中性盘
1601,13:02:42,14.66,-0.02,80,117280,卖盘
1602,13:02:39,14.68,0.01,10,14680,买盘
1603,13:02:33,14.67,-0.01,13,19071,卖盘
1604,13:02:30,14.68,0.01,1,1468,买盘
1605,13:02:24,14.67,--,24,35208,卖盘
1606,13:02:18,14.67,--,20,29340,卖盘
1607,13:02:15,14.67,-0.01,12,17604,卖盘
1608,13:02:12,14.68,-0.01,27,39636,卖盘
1609,13:02:09,14.69,--,20,29380,买盘
1610,13:02:06,14.69,--,8,11752,买盘
1611,13:02:03,14.69,--,2,2938,买盘
1612,13:02:00,14.69,0.02,21,30849,买盘
1613,13:01:54,14.67,-0.02,37,54279,卖盘
1614,13:01:51,14.69,--,6,8814,买盘
1615,13:01:45,14.69,--,21,30849,买盘
1616,13:01:36,14.69,0.03,21,30849,中性盘
1617,13:01:27,14.66,-0.01,50,73300,卖盘
1618,13:01:24,14.67,--,46,67482,卖盘
1619,13:01:18,14.67,-0.03,31,45477,买盘
1620,13:01:15,14.7,0.03,42,61740,买盘
1621,13:01:12,14.67,0.01,21,30807,买盘
1622,13:01:06,14.66,-0.01,1,1466,卖盘
1623,13:01:00,14.67,--,4,5868,买盘
1624,13:00:54,14.67,--,152,222984,卖盘
1625,13:00:48,14.67,--,4,5868,卖盘
1626,13:00:45,14.67,-0.03,20,29340,卖盘
1627,13:00:42,14.7,0.03,4,5880,买盘
1628,13:00:33,14.67,--,21,30807,卖盘
1629,13:00:30,14.67,--,20,29340,卖盘
1630,13:00:24,14.67,--,5,7335,卖盘
1631,13:00:21,14.67,-0.03,7,10269,卖盘
1632,13:00:18,14.7,--,20,29400,买盘
1633,13:00:15,14.7,0.02,3,4410,买盘
1634,13:00:12,14.68,-0.02,826,1212568,卖盘
1635,13:00:09,14.7,0.01,624,917280,买盘
1636,13:00:06,14.69,-0.03,1127,1655563,卖盘
1637,13:00:03,14.72,0.02,299,440407,买盘
1638,13:00:00,14.7,--,0,0,卖盘
1639,11:30:00,14.7,-0.01,172,252840,卖盘
1640,11:29:54,14.71,--,28,41188,买盘
1641,11:29:51,14.71,0.01,26,38246,买盘
1642,11:29:48,14.7,-0.01,200,294000,卖盘
1643,11:29:45,14.71,--,3,4413,买盘
1644,11:29:42,14.71,--,6,8826,买盘
1645,11:29:36,14.71,-0.01,27,39717,中性盘
1646,11:29:18,14.72,0.01,200,294400,买盘
1647,11:29:15,14.71,--,95,139745,卖盘
1648,11:29:03,14.71,-0.01,2,2942,卖盘
1649,11:29:00,14.72,0.01,2,2944,买盘
1650,11:28:48,14.71,-0.01,10,14710,卖盘
1651,11:28:45,14.72,--,1,1472,买盘
1652,11:28:42,14.72,--,10,14720,买盘
1653,11:28:39,14.72,0.01,50,73600,买盘
1654,11:28:36,14.71,--,2,2942,卖盘
1655,11:28:30,14.71,-0.01,30,44130,卖盘
1656,11:28:27,14.72,0.01,20,29440,买盘
1657,11:28:24,14.71,-0.01,3,4413,卖盘
1658,11:28:21,14.72,0.01,10,14720,买盘
1659,11:28:18,14.71,--,24,35304,卖盘
1660,11:28:15,14.71,-0.01,26,38246,卖盘
1661,11:28:12,14.72,--,23,33856,买盘
1662,11:28:09,14.72,--,3,4416,买盘
1663,11:28:06,14.72,--,88,129536,卖盘
1664,11:28:03,14.72,--,8,11776,卖盘
1665,11:28:00,14.72,--,5,7360,卖盘
1666,11:27:27,14.72,-0.01,10,14720,卖盘
1667,11:27:24,14.73,--,4,5892,买盘
1668,11:27:21,14.73,0.01,5,7365,买盘
1669,11:27:15,14.72,--,40,58880,卖盘
1670,11:27:09,14.72,-0.01,1,1472,卖盘
1671,11:27:00,14.73,0.01,15,22095,买盘
1672,11:26:57,14.72,--,8,11776,卖盘
1673,11:26:48,14.72,--,26,38272,卖盘
1674,11:26:45,14.72,-0.01,4,5888,卖盘
1675,11:26:39,14.73,--,80,117840,买盘
1676,11:26:21,14.73,0.01,615,905895,买盘
1677,11:26:18,14.72,--,3,4416,买盘
1678,11:26:06,14.72,--,29,42688,买盘
1679,11:25:57,14.72,--,1,1472,买盘
1680,11:25:54,14.72,--,4,5888,买盘
1681,11:25:45,14.72,--,24,35328,卖盘
1682,11:25:42,14.72,0.01,12,17664,买盘
1683,11:25:39,14.71,--,21,30891,卖盘
1684,11:25:36,14.71,-0.01,7,10297,卖盘
1685,11:25:33,14.72,0.01,7,10304,买盘
1686,11:25:30,14.71,-0.01,7,10297,卖盘
1687,11:25:24,14.72,-0.01,13,19136,中性盘
1688,11:25:12,14.73,0.01,6,8838,买盘
1689,11:25:06,14.72,-0.01,2,2944,中性盘
1690,11:24:51,14.73,0.02,53,78069,买盘
1691,11:24:48,14.71,--,3,4413,买盘
1692,11:24:45,14.71,--,10,14710,买盘
1693,11:24:39,14.71,--,20,29420,买盘
1694,11:24:36,14.71,--,31,45601,买盘
1695,11:24:27,14.71,-0.02,82,121136,卖盘
1696,11:24:24,14.73,--,10,14730,卖盘
1697,11:24:18,14.73,--,5,7365,卖盘
1698,11:24:12,14.73,0.01,2,3903,买盘
1699,11:24:09,14.72,0.01,2,2944,中性盘
1700,11:24:00,14.71,-0.02,50,73550,卖盘
1701,11:23:54,14.73,0.02,3,4419,买盘
1702,11:23:48,14.71,-0.01,11,16181,卖盘
1703,11:23:39,14.72,--,15,22080,买盘
1704,11:23:36,14.72,--,34,50048,买盘
1705,11:23:33,14.72,--,45,66240,卖盘
1706,11:23:24,14.72,-0.01,88,129536,卖盘
1707,11:23:18,14.73,--,7,10311,买盘
1708,11:23:15,14.73,--,3,4419,买盘
1709,11:23:09,14.73,--,54,79542,买盘
1710,11:23:00,14.73,0.02,9,13257,买盘
1711,11:22:51,14.71,--,2,2942,卖盘
1712,11:22:48,14.71,-0.01,38,55898,卖盘
1713,11:22:45,14.72,--,7,10304,买盘
1714,11:22:33,14.72,0.02,20,29440,买盘
1715,11:22:30,14.7,-0.01,33,48510,卖盘
1716,11:22:27,14.71,--,5,7355,买盘
1717,11:22:21,14.71,--,5,7355,买盘
1718,11:22:18,14.71,--,2,2942,买盘
1719,11:22:12,14.71,--,10,14710,买盘
1720,11:22:09,14.71,0.01,34,51205,买盘
1721,11:22:06,14.7,--,139,204609,卖盘
1722,11:22:03,14.7,--,10,14700,卖盘
1723,11:21:54,14.7,--,80,117600,卖盘
1724,11:21:48,14.7,--,13,19110,卖盘
1725,11:21:33,14.7,--,198,292250,买盘
1726,11:21:30,14.7,0.01,5,7350,买盘
1727,11:21:27,14.69,-0.01,20,29380,卖盘
1728,11:21:24,14.7,--,15,22050,买盘
1729,11:21:21,14.7,--,100,147000,买盘
1730,11:21:15,14.7,--,8,11760,买盘
1731,11:21:09,14.7,-0.03,290,426300,卖盘
1732,11:21:00,14.73,--,1,1473,买盘
1733,11:20:57,14.73,--,43,63339,买盘
1734,11:20:48,14.73,--,11,16203,买盘
1735,11:20:45,14.73,--,5,7365,买盘
1736,11:20:36,14.73,--,59,86907,卖盘
1737,11:20:24,14.73,0.03,43,63339,买盘
1738,11:20:21,14.7,-0.03,22,32340,卖盘
1739,11:20:12,14.73,--,14,20622,买盘
1740,11:20:09,14.73,-0.01,11,16203,买盘
1741,11:20:00,14.74,0.04,49,72226,买盘
1742,11:19:51,14.7,--,25,36750,买盘
1743,11:19:48,14.7,-0.04,100,147000,卖盘
1744,11:19:45,14.74,0.04,21,30954,买盘
1745,11:19:42,14.7,--,22,32340,卖盘
1746,11:19:39,14.7,-0.03,23,33810,卖盘
1747,11:19:36,14.73,0.03,42,61866,买盘
1748,11:19:33,14.7,--,53,77910,卖盘
1749,11:19:30,14.7,--,10,14700,卖盘
1750,11:19:27,14.7,0.01,31,45570,买盘
1751,11:19:24,14.69,--,24,35256,卖盘
1752,11:19:21,14.69,--,36,52884,买盘
1753,11:19:18,14.69,-0.01,105,154245,卖盘
1754,11:19:09,14.7,0.01,21,30870,买盘
1755,11:19:03,14.69,--,13,19097,卖盘
1756,11:18:57,14.69,--,15,22035,卖盘
1757,11:18:51,14.69,-0.01,6,8814,卖盘
1758,11:18:48,14.7,0.02,5,7350,买盘
1759,11:18:39,14.68,--,1,1468,卖盘
1760,11:18:33,14.68,--,10,14680,卖盘
1761,11:18:30,14.68,--,6,8808,卖盘
1762,11:18:27,14.68,-0.01,80,117440,卖盘
1763,11:18:24,14.69,0.01,2,2938,买盘
1764,11:18:21,14.68,--,382,560776,买盘
1765,11:18:18,14.68,--,34,49912,买盘
1766,11:18:15,14.68,--,9,13212,买盘
1767,11:18:06,14.68,--,20,29360,买盘
1768,11:18:03,14.68,-0.02,140,205520,卖盘
1769,11:18:00,14.7,0.02,49,72030,买盘
1770,11:17:54,14.68,-0.01,10,14680,卖盘
1771,11:17:51,14.69,--,22,32318,中性盘
1772,11:17:42,14.69,--,10,14690,买盘
1773,11:17:33,14.69,-0.01,18,26442,中性盘
1774,11:17:30,14.7,0.01,14,20580,买盘
1775,11:17:24,14.69,-0.01,5,7345,卖盘
1776,11:17:15,14.7,0.01,12,17640,买盘
1777,11:17:12,14.69,--,10,14690,卖盘
1778,11:17:09,14.69,--,17,24973,卖盘
1779,11:17:06,14.69,--,2,2938,卖盘
1780,11:17:03,14.69,--,15,22035,卖盘
1781,11:17:00,14.69,--,16,23504,卖盘
1782,11:16:57,14.69,-0.01,11,16159,卖盘
1783,11:16:54,14.7,--,43,63210,买盘
1784,11:16:51,14.7,--,1,1470,买盘
1785,11:16:48,14.7,0.01,9,13230,买盘
1786,11:16:45,14.69,--,10,14690,卖盘
1787,11:16:42,14.69,0.01,6,8814,买盘
1788,11:16:39,14.68,--,12,17616,卖盘
1789,11:16:36,14.68,-0.01,26,38168,卖盘
1790,11:16:33,14.69,--,2,2938,买盘
1791,11:16:30,14.69,0.01,17,24973,买盘
1792,11:16:27,14.68,-0.01,9,13212,卖盘
1793,11:16:24,14.69,0.01,152,223288,买盘
1794,11:16:18,14.68,-0.01,5,7340,卖盘
1795,11:16:15,14.69,--,1,1469,买盘
1796,11:16:12,14.69,--,10,14690,买盘
1797,11:16:09,14.69,--,30,44070,买盘
1798,11:16:03,14.69,--,30,44070,买盘
1799,11:15:57,14.69,-0.01,18,26442,卖盘
1800,11:15:54,14.7,--,22,32340,买盘
1801,11:15:51,14.7,--,15,22050,买盘
1802,11:15:48,14.7,0.01,1,1470,买盘
1803,11:15:45,14.69,-0.01,3,4407,卖盘
1804,11:15:42,14.7,--,6,8820,买盘
1805,11:15:36,14.7,--,7,10290,买盘
1806,11:15:33,14.7,--,18,26460,买盘
1807,11:15:30,14.7,--,20,29400,买盘
1808,11:15:27,14.7,--,7,10290,卖盘
1809,11:15:24,14.7,--,2,2940,卖盘
1810,11:15:21,14.7,--,40,58800,卖盘
1811,11:15:18,14.7,--,4,5880,卖盘
1812,11:15:06,14.7,0.02,12,17640,卖盘
1813,11:15:03,14.68,-0.06,437,641516,卖盘
1814,11:14:57,14.74,0.04,100,147400,买盘
1815,11:14:54,14.7,--,16,23520,买盘
1816,11:14:51,14.7,0.01,14,20580,买盘
1817,11:14:48,14.69,-0.01,6,8814,卖盘
1818,11:14:45,14.7,--,2,2940,买盘
1819,11:14:39,14.7,0.01,12,17640,买盘
1820,11:14:36,14.69,--,4,5876,卖盘
1821,11:14:30,14.69,--,69,101361,买盘
1822,11:14:27,14.69,--,93,136617,买盘
1823,11:14:24,14.69,0.01,17,24973,买盘
1824,11:14:21,14.68,-0.01,4,5872,卖盘
1825,11:14:18,14.69,--,5,7345,买盘
1826,11:14:12,14.69,0.01,58,85202,买盘
1827,11:14:09,14.68,--,13,19084,卖盘
1828,11:14:06,14.68,-0.01,10,14680,卖盘
1829,11:14:03,14.69,0.01,62,91078,买盘
1830,11:14:00,14.68,--,11,16148,卖盘
1831,11:13:54,14.68,--,47,68996,买盘
1832,11:13:51,14.68,0.01,50,73400,买盘
1833,11:13:48,14.67,-0.01,77,112959,卖盘
1834,11:13:45,14.68,--,40,58720,买盘
1835,11:13:42,14.68,--,2,2936,买盘
1836,11:13:39,14.68,--,33,48444,买盘
1837,11:13:36,14.68,--,22,32296,买盘
1838,11:13:33,14.68,--,6,8808,买盘
1839,11:13:30,14.68,--,49,71932,买盘
1840,11:13:27,14.68,--,55,80740,买盘
1841,11:13:24,14.68,-0.01,463,679684,卖盘
1842,11:13:18,14.69,--,109,160121,买盘
1843,11:13:15,14.69,--,17,24973,买盘
1844,11:13:12,14.69,0.01,7,10283,买盘
1845,11:13:09,14.68,--,15,22020,卖盘
1846,11:13:06,14.68,--,1,1468,卖盘
1847,11:13:03,14.68,--,28,41104,卖盘
1848,11:12:57,14.68,--,11,16148,买盘
1849,11:12:54,14.68,0.01,61,89548,买盘
1850,11:12:51,14.67,-0.01,154,225918,卖盘
1851,11:12:48,14.68,0.01,44,64592,买盘
1852,11:12:42,14.67,--,15,22005,卖盘
1853,11:12:39,14.67,-0.01,42,61614,卖盘
1854,11:12:36,14.68,0.02,100,146800,买盘
1855,11:12:30,14.66,-0.02,64,93824,卖盘
1856,11:12:27,14.68,--,7,10276,买盘
1857,11:12:21,14.68,0.01,32,46976,买盘
1858,11:12:18,14.67,--,107,156969,买盘
1859,11:12:15,14.67,0.02,94,137898,买盘
1860,11:12:12,14.65,--,29,42485,卖盘
1861,11:12:09,14.65,--,25,36625,卖盘
1862,11:12:06,14.65,--,27,39555,卖盘
1863,11:12:03,14.65,-0.01,251,367715,卖盘
1864,11:12:00,14.66,--,23,33718,买盘
1865,11:11:57,14.66,--,25,36650,买盘
1866,11:11:54,14.66,--,8,11728,买盘
1867,11:11:51,14.66,--,42,61572,买盘
1868,11:11:48,14.66,-0.02,324,474984,卖盘
1869,11:11:45,14.68,0.01,2,2936,中性盘
1870,11:11:42,14.67,--,46,67482,卖盘
1871,11:11:39,14.67,-0.02,56,82152,卖盘
1872,11:11:36,14.69,0.01,3,4407,买盘
1873,11:11:33,14.68,--,29,42572,买盘
1874,11:11:30,14.68,0.01,5,7340,买盘
1875,11:11:27,14.67,-0.02,531,778977,卖盘
1876,11:11:24,14.69,--,17,24973,买盘
1877,11:11:21,14.69,0.01,36,52884,买盘
1878,11:11:18,14.68,--,5,7340,买盘
1879,11:11:15,14.68,-0.01,45,66060,卖盘
1880,11:11:12,14.69,--,238,349622,卖盘
1881,11:11:09,14.69,-0.01,12,17628,卖盘
1882,11:11:06,14.7,-0.01,178,261660,卖盘
1883,11:11:03,14.71,0.01,11,16181,买盘
1884,11:11:00,14.7,--,4,5880,卖盘
1885,11:10:57,14.7,-0.05,48,70560,卖盘
1886,11:10:54,14.75,0.01,66,97350,买盘
1887,11:10:51,14.74,0.04,21,30954,买盘
1888,11:10:48,14.7,-0.01,100,147000,卖盘
1889,11:10:45,14.71,--,15,22065,卖盘
1890,11:10:42,14.71,--,49,72079,买盘
1891,11:10:39,14.71,0.01,53,77963,买盘
1892,11:10:36,14.7,--,48,70560,卖盘
1893,11:10:33,14.7,0.02,866,1273020,买盘
1894,11:10:30,14.68,-0.01,70,102760,卖盘
1895,11:10:27,14.69,--,14,20566,卖盘
1896,11:10:24,14.69,-0.01,10,14690,卖盘
1897,11:10:21,14.7,0.01,101,148470,买盘
1898,11:10:15,14.69,--,8,11752,卖盘
1899,11:10:12,14.69,-0.01,8,11752,卖盘
1900,11:10:09,14.7,--,10,14700,买盘
1901,11:10:06,14.7,-0.01,994,1461180,卖盘
1902,11:10:03,14.71,--,20,29420,买盘
1903,11:10:00,14.71,0.01,99,145629,买盘
1904,11:09:57,14.7,--,86,126420,卖盘
1905,11:09:54,14.7,--,73,107310,卖盘
1906,11:09:51,14.7,-0.01,144,211680,卖盘
1907,11:09:48,14.71,0.01,44,64724,买盘
1908,11:09:45,14.7,-0.01,18,26460,卖盘
1909,11:09:42,14.71,--,11,16181,买盘
1910,11:09:39,14.71,--,1,1471,买盘
1911,11:09:36,14.71,--,10,14710,买盘
1912,11:09:33,14.71,-0.03,14,20594,买盘
1913,11:09:30,14.74,0.04,3,4422,买盘
1914,11:09:27,14.7,-0.03,1036,1522920,卖盘
1915,11:09:24,14.73,--,116,170868,卖盘
1916,11:09:21,14.73,--,108,159084,卖盘
1917,11:09:18,14.73,-0.02,3,4419,卖盘
1918,11:09:15,14.75,0.01,18,26550,买盘
1919,11:09:12,14.74,--,20,29480,卖盘
1920,11:09:09,14.74,-0.01,116,170984,卖盘
1921,11:09:06,14.75,--,10,14750,买盘
1922,11:09:03,14.75,--,75,110625,卖盘
1923,11:09:00,14.75,--,117,172575,卖盘
1924,11:08:57,14.75,--,311,458725,卖盘
1925,11:08:54,14.75,-0.01,141,207975,卖盘
1926,11:08:51,14.76,0.01,39,57564,买盘
1927,11:08:48,14.75,--,8,11800,卖盘
1928,11:08:45,14.75,--,20,29500,卖盘
1929,11:08:42,14.75,-0.01,205,302375,卖盘
1930,11:08:39,14.76,--,87,128412,卖盘
1931,11:08:36,14.76,--,1000,1476000,卖盘
1932,11:08:33,14.76,--,4,5904,卖盘
1933,11:08:30,14.76,-0.01,60,88560,卖盘
1934,11:08:24,14.77,--,41,60557,买盘
1935,11:08:18,14.77,--,82,121114,卖盘
1936,11:08:15,14.77,--,68,100436,卖盘
1937,11:08:12,14.77,-0.01,72,106344,卖盘
1938,11:08:09,14.78,0.01,26,38428,买盘
1939,11:08:06,14.77,--,10,14770,卖盘
1940,11:08:03,14.77,-0.01,30,44310,卖盘
1941,11:08:00,14.78,0.01,110,162580,买盘
1942,11:07:57,14.77,-0.01,30,44310,卖盘
1943,11:07:54,14.78,0.01,27,39906,中性盘
1944,11:07:51,14.77,-0.01,85,125545,卖盘
1945,11:07:48,14.78,--,22,32516,买盘
1946,11:07:36,14.78,0.01,25,36950,买盘
1947,11:07:30,14.77,-0.01,193,285061,卖盘
1948,11:07:24,14.78,--,37,54686,买盘
1949,11:07:18,14.78,--,10,14780,买盘
1950,11:07:15,14.78,--,59,87202,买盘
1951,11:07:12,14.78,--,4,5912,买盘
1952,11:07:09,14.78,-0.01,51,75378,卖盘
1953,11:07:06,14.79,--,50,73950,卖盘
1954,11:07:03,14.79,--,5,7395,卖盘
1955,11:07:00,14.79,--,350,517649,卖盘
1956,11:06:57,14.79,--,9,13311,卖盘
1957,11:06:51,14.79,--,112,165648,卖盘
1958,11:06:48,14.79,--,6,8874,卖盘
1959,11:06:45,14.79,0.01,50,73950,买盘
1960,11:06:42,14.78,-0.01,8,11824,卖盘
1961,11:06:39,14.79,--,25,36975,买盘
1962,11:06:36,14.79,0.01,6,8874,买盘
1963,11:06:27,14.78,--,26,38428,卖盘
1964,11:06:24,14.78,--,22,32516,卖盘
1965,11:06:21,14.78,--,28,41384,卖盘
1966,11:06:12,14.78,-0.01,24,35472,卖盘
1967,11:06:06,14.79,-0.01,15,22185,中性盘
1968,11:06:03,14.8,0.02,10,14800,买盘
1969,11:06:00,14.78,-0.02,30,44340,卖盘
1970,11:05:57,14.8,0.01,8,11840,买盘
1971,11:05:54,14.79,--,33,48807,卖盘
1972,11:05:48,14.79,--,21,31059,卖盘
1973,11:05:24,14.79,--,2,2958,卖盘
1974,11:05:18,14.79,--,1,1479,卖盘
1975,11:05:15,14.79,-0.01,17,25143,卖盘
1976,11:05:12,14.8,0.01,2,2960,买盘
1977,11:05:09,14.79,-0.01,7,10353,卖盘
1978,11:05:06,14.8,0.01,3,4440,买盘
1979,11:05:03,14.79,--,953,1409487,买盘
1980,11:05:00,14.79,--,17,25143,买盘
1981,11:04:57,14.79,--,4,5916,买盘
1982,11:04:54,14.79,--,7,10353,买盘
1983,11:04:45,14.79,0.01,72,106488,买盘
1984,11:04:42,14.78,--,5,7390,卖盘
1985,11:04:39,14.78,-0.01,10,14780,卖盘
1986,11:04:36,14.79,--,28,41412,买盘
1987,11:04:30,14.79,--,5,7395,买盘
1988,11:04:24,14.79,--,106,156774,卖盘
1989,11:04:21,14.79,--,42,62118,卖盘
1990,11:04:15,14.79,--,4,5916,卖盘
1991,11:04:09,14.79,--,1,1479,卖盘
1992,11:04:03,14.79,0.01,2,2958,买盘
1993,11:04:00,14.78,-0.01,6,8868,卖盘
1994,11:03:57,14.79,--,21,31059,买盘
1995,11:03:54,14.79,--,2,2958,买盘
1996,11:03:51,14.79,--,23,34017,买盘
1997,11:03:45,14.79,0.01,10,14790,买盘
1998,11:03:39,14.78,--,41,60598,卖盘
1999,11:03:27,14.78,-0.01,100,147800,卖盘
2000,11:03:24,14.79,--,22,32537,买盘
2001,11:03:21,14.79,--,9,13311,买盘
2002,11:03:18,14.79,--,47,69513,卖盘
2003,11:03:12,14.79,--,3,4437,卖盘
2004,11:03:06,14.79,--,3,4437,买盘
2005,11:03:03,14.79,-0.01,16,23664,卖盘
2006,11:03:00,14.8,--,1,1480,买盘
2007,11:02:57,14.8,0.01,100,148000,买盘
2008,11:02:54,14.79,-0.01,2,2958,买盘
2009,11:02:51,14.8,--,11,16280,买盘
2010,11:02:48,14.8,0.01,41,60680,买盘
2011,11:02:42,14.79,--,3,4437,买盘
2012,11:02:39,14.79,--,43,63596,卖盘
2013,11:02:36,14.79,-0.01,40,59160,卖盘
2014,11:02:33,14.8,0.01,1,1480,买盘
2015,11:02:30,14.79,-0.01,22,32537,卖盘
2016,11:02:27,14.8,0.01,27,39960,买盘
2017,11:02:24,14.79,-0.01,9,13311,卖盘
2018,11:02:18,14.8,--,7,10360,买盘
2019,11:02:15,14.8,0.01,2,2960,买盘
2020,11:02:12,14.79,--,131,193749,卖盘
2021,11:02:09,14.79,-0.01,4,5916,卖盘
2022,11:02:00,14.8,--,2,2960,买盘
2023,11:01:57,14.8,--,5,7400,买盘
2024,11:01:54,14.8,0.01,10,14800,买盘
2025,11:01:51,14.79,-0.01,6,8874,卖盘
2026,11:01:48,14.8,0.01,73,108040,买盘
2027,11:01:45,14.79,--,22,32537,卖盘
2028,11:01:39,14.79,-0.01,46,68034,卖盘
2029,11:01:36,14.8,0.01,94,139120,买盘
2030,11:01:30,14.79,-0.01,66,97614,卖盘
2031,11:01:27,14.8,--,6,8880,买盘
2032,11:01:24,14.8,0.01,10,14800,买盘
2033,11:01:18,14.79,--,14,20706,卖盘
2034,11:01:12,14.79,--,128,189312,买盘
2035,11:01:09,14.79,--,8,11832,买盘
2036,11:01:03,14.79,0.01,5,7395,买盘
2037,11:01:00,14.78,-0.02,34,50252,卖盘
2038,11:00:57,14.8,0.01,16,23680,买盘
2039,11:00:51,14.79,--,12,17748,买盘
2040,11:00:48,14.79,--,12,17748,买盘
2041,11:00:42,14.79,--,5,7395,买盘
2042,11:00:39,14.79,--,5,7395,买盘
2043,11:00:36,14.79,0.01,10,14790,买盘
2044,11:00:33,14.78,-0.01,6,8868,卖盘
2045,11:00:30,14.79,--,4,5916,买盘
2046,11:00:27,14.79,--,30,44370,买盘
2047,11:00:24,14.79,--,9,13311,买盘
2048,11:00:21,14.79,--,5,7395,买盘
2049,11:00:18,14.79,-0.01,95,140505,卖盘
2050,11:00:15,14.8,--,19,28120,买盘
2051,11:00:12,14.8,--,3,4440,买盘
2052,11:00:09,14.8,--,20,29600,买盘
2053,11:00:06,14.8,--,47,69560,买盘
2054,11:00:03,14.8,--,15,22200,买盘
2055,11:00:00,14.8,--,1,1480,买盘
2056,10:59:57,14.8,0.01,112,165760,买盘
2057,10:59:48,14.79,-0.01,39,57681,卖盘
2058,10:59:45,14.8,--,6,8880,买盘
2059,10:59:42,14.8,0.01,22,32560,买盘
2060,10:59:39,14.79,--,5,7395,买盘
2061,10:59:36,14.79,--,14,20706,买盘
2062,10:59:30,14.79,0.02,10,14790,买盘
2063,10:59:15,14.77,--,89,131453,卖盘
2064,10:59:12,14.77,--,15,22155,卖盘
2065,10:59:09,14.77,--,55,81235,买盘
2066,10:59:06,14.77,--,8,11816,买盘
2067,10:59:03,14.77,--,33,48741,买盘
2068,10:59:00,14.77,0.01,7,10339,买盘
2069,10:58:57,14.76,-0.03,89,131364,卖盘
2070,10:58:54,14.79,0.02,63,93177,买盘
2071,10:58:51,14.77,0.01,14,20678,卖盘
2072,10:58:39,14.76,-0.01,49,72324,卖盘
2073,10:58:36,14.77,--,34,50218,卖盘
2074,10:58:33,14.77,0.01,68,100436,买盘
2075,10:58:30,14.76,-0.01,57,84132,卖盘
2076,10:58:27,14.77,--,2,2954,买盘
2077,10:58:24,14.77,0.01,21,31017,买盘
2078,10:58:21,14.76,--,20,29520,买盘
2079,10:58:18,14.76,--,106,156456,买盘
2080,10:58:15,14.76,--,17,25092,卖盘
2081,10:58:12,14.76,--,20,29520,卖盘
2082,10:58:09,14.76,-0.01,108,159408,卖盘
2083,10:58:06,14.77,0.01,33,48741,买盘
2084,10:58:03,14.76,--,40,59040,卖盘
2085,10:58:00,14.76,--,27,39852,卖盘
2086,10:57:57,14.76,--,10,14760,卖盘
2087,10:57:54,14.76,-0.01,27,39852,卖盘
2088,10:57:51,14.77,0.01,41,60557,买盘
2089,10:57:48,14.76,-0.01,40,59040,卖盘
2090,10:57:45,14.77,--,42,62034,买盘
2091,10:57:42,14.77,0.01,2,2954,买盘
2092,10:57:39,14.76,-0.01,121,178596,卖盘
2093,10:57:36,14.77,--,4,5908,卖盘
2094,10:57:30,14.77,-0.02,16,23632,卖盘
2095,10:57:27,14.79,0.02,62,91698,买盘
2096,10:57:21,14.77,0.01,3,4431,卖盘
2097,10:57:18,14.76,-0.01,15,22140,卖盘
2098,10:57:15,14.77,--,87,128499,买盘
2099,10:57:12,14.77,--,3,4431,买盘
2100,10:57:09,14.77,-0.02,11,16247,卖盘
2101,10:57:06,14.79,0.03,2,2958,买盘
2102,10:57:03,14.76,--,29,42804,卖盘
2103,10:57:00,14.76,--,11,16236,卖盘
2104,10:56:54,14.76,-0.03,6,8856,中性盘
2105,10:56:48,14.79,0.04,53,78387,买盘
2106,10:56:45,14.75,-0.02,76,112100,卖盘
2107,10:56:42,14.77,-0.01,1,1477,卖盘
2108,10:56:39,14.78,0.02,118,174404,买盘
2109,10:56:36,14.76,0.01,9,13284,买盘
2110,10:56:33,14.75,-0.02,32,47200,卖盘
2111,10:56:30,14.77,0.01,63,93051,买盘
2112,10:56:27,14.76,-0.01,21,30996,卖盘
2113,10:56:21,14.77,0.01,1,1477,买盘
2114,10:56:18,14.76,--,7,10332,卖盘
2115,10:56:15,14.76,--,98,144648,买盘
2116,10:56:12,14.76,0.01,45,66420,买盘
2117,10:56:09,14.75,-0.02,160,236000,卖盘
2118,10:56:06,14.77,0.01,93,137361,卖盘
2119,10:56:03,14.76,--,101,149076,卖盘
2120,10:56:00,14.76,-0.01,65,95940,卖盘
2121,10:55:45,14.77,-0.01,238,351526,卖盘
2122,10:55:42,14.78,--,302,446356,卖盘
2123,10:55:39,14.78,-0.01,100,147800,卖盘
2124,10:55:33,14.79,--,117,173043,卖盘
2125,10:55:30,14.79,-0.01,145,214455,卖盘
2126,10:55:27,14.8,0.01,77,113960,买盘
2127,10:55:24,14.79,--,34,50286,卖盘
2128,10:55:21,14.79,-0.01,20,29580,卖盘
2129,10:55:18,14.8,0.01,10,14800,买盘
2130,10:55:15,14.79,--,61,90219,卖盘
2131,10:55:12,14.79,--,119,176001,卖盘
2132,10:55:09,14.79,-0.01,32,47328,卖盘
2133,10:55:03,14.8,--,66,98020,卖盘
2134,10:55:00,14.8,--,393,582779,卖盘
2135,10:54:57,14.8,--,47,69560,卖盘
2136,10:54:54,14.8,--,1005,1487400,卖盘
2137,10:54:51,14.8,--,170,251600,卖盘
2138,10:54:48,14.8,-0.01,28,41440,卖盘
2139,10:54:45,14.81,0.01,102,151062,买盘
2140,10:54:42,14.8,--,196,290080,卖盘
2141,10:54:36,14.8,--,30,44400,卖盘
2142,10:54:33,14.8,--,115,170200,卖盘
2143,10:54:30,14.8,--,317,469160,卖盘
2144,10:54:27,14.8,--,26,38480,卖盘
2145,10:54:24,14.8,-0.01,50,74000,卖盘
2146,10:54:21,14.81,--,31,45911,买盘
2147,10:54:18,14.81,0.01,3,4443,买盘
2148,10:54:15,14.8,-0.01,55,81400,卖盘
2149,10:54:12,14.81,0.01,1,1481,买盘
2150,10:54:09,14.8,-0.01,15,22200,卖盘
2151,10:54:06,14.81,--,2,2962,买盘
2152,10:54:00,14.81,-0.02,26,38506,卖盘
2153,10:53:54,14.83,--,2,2966,买盘
2154,10:53:45,14.83,0.03,11,16313,买盘
2155,10:53:39,14.8,--,25,37000,卖盘
2156,10:53:36,14.8,-0.04,4000,5920000,卖盘
2157,10:53:27,14.84,0.01,23,34132,买盘
2158,10:53:24,14.83,--,8,11864,卖盘
2159,10:53:21,14.83,-0.01,20,29660,卖盘
2160,10:53:15,14.84,--,1,1484,买盘
2161,10:53:12,14.84,--,5,7420,买盘
2162,10:53:06,14.84,--,42,62402,卖盘
2163,10:53:03,14.84,--,7,10388,卖盘
2164,10:53:00,14.84,-0.01,186,276024,卖盘
2165,10:52:57,14.85,0.01,38,56430,买盘
2166,10:52:54,14.84,-0.01,5,7420,卖盘
2167,10:52:42,14.85,--,10,14850,买盘
2168,10:52:39,14.85,0.01,16,23760,中性盘
2169,10:52:27,14.84,-0.02,514,762776,卖盘
2170,10:52:24,14.86,--,2,2972,买盘
2171,10:52:21,14.86,--,20,29720,买盘
2172,10:52:18,14.86,--,87,129668,卖盘
2173,10:52:12,14.86,--,7,10402,卖盘
2174,10:52:09,14.86,-0.01,30,44580,卖盘
2175,10:52:06,14.87,0.01,10,14870,买盘
2176,10:52:03,14.86,--,134,199124,卖盘
2177,10:51:54,14.86,--,6,10015,卖盘
2178,10:51:51,14.86,0.01,225,334350,买盘
2179,10:51:48,14.85,--,28,41580,卖盘
2180,10:51:39,14.85,--,21,31185,卖盘
2181,10:51:36,14.85,--,14,20790,卖盘
2182,10:51:33,14.85,-0.01,10,14850,卖盘
2183,10:51:21,14.86,--,1,1486,买盘
2184,10:51:18,14.86,--,10,14860,买盘
2185,10:51:12,14.86,--,8,11888,买盘
2186,10:51:09,14.86,--,10,14860,买盘
2187,10:51:00,14.86,0.01,4,5944,买盘
2188,10:50:57,14.85,-0.01,11,16335,卖盘
2189,10:50:48,14.86,--,20,29720,买盘
2190,10:50:39,14.86,--,1,1486,买盘
2191,10:50:33,14.86,0.01,1,1486,买盘
2192,10:50:27,14.85,-0.01,10,14850,卖盘
2193,10:50:21,14.86,0.01,2,2972,买盘
2194,10:50:03,14.85,--,9,13365,卖盘
2195,10:50:00,14.85,-0.01,10,14850,中性盘
2196,10:49:57,14.86,0.02,1,1486,买盘
2197,10:49:54,14.84,-0.01,200,296800,卖盘
2198,10:49:48,14.85,-0.01,26,38610,卖盘
2199,10:49:45,14.86,--,5,7430,买盘
2200,10:49:42,14.86,--,13,19318,买盘
2201,10:49:39,14.86,--,46,68356,买盘
2202,10:49:30,14.86,--,8,11888,买盘
2203,10:49:27,14.86,0.01,20,29720,买盘
2204,10:49:15,14.85,--,30,44550,卖盘
2205,10:49:12,14.85,-0.01,5,7425,卖盘
2206,10:49:09,14.86,0.01,6,8916,买盘
2207,10:49:06,14.85,-0.01,10,14850,卖盘
2208,10:48:54,14.86,--,3,4458,买盘
2209,10:48:51,14.86,--,1,1486,买盘
2210,10:48:39,14.86,--,1,1486,买盘
2211,10:48:33,14.86,0.01,14,20804,买盘
2212,10:48:30,14.85,-0.01,14,20790,卖盘
2213,10:48:27,14.86,0.01,7,10402,买盘
2214,10:48:18,14.85,-0.01,1,1485,卖盘
2215,10:48:15,14.86,0.01,4,5944,买盘
2216,10:48:12,14.85,-0.01,21,31199,卖盘
2217,10:48:09,14.86,0.01,2,2972,买盘
2218,10:47:57,14.85,--,80,118800,买盘
2219,10:47:51,14.85,--,11,16335,买盘
2220,10:47:48,14.85,--,5,7425,买盘
2221,10:47:45,14.85,--,50,74250,买盘
2222,10:47:42,14.85,--,1,1485,买盘
2223,10:47:39,14.85,--,8,11880,买盘
2224,10:47:30,14.85,--,10,14850,买盘
2225,10:47:27,14.85,-0.01,16,23760,卖盘
2226,10:47:24,14.86,--,7,10402,买盘
2227,10:47:21,14.86,0.01,53,78758,买盘
2228,10:47:18,14.85,--,21,31185,卖盘
2229,10:47:15,14.85,--,3,4455,卖盘
2230,10:47:09,14.85,-0.01,21,31185,卖盘
2231,10:47:06,14.86,--,1,1486,买盘
2232,10:47:00,14.86,0.01,8,11888,买盘
2233,10:46:54,14.85,--,7,10395,卖盘
2234,10:46:51,14.85,--,50,74250,卖盘
2235,10:46:48,14.85,--,10,14850,卖盘
2236,10:46:33,14.85,-0.03,21,31185,卖盘
2237,10:46:30,14.88,0.02,2,2976,买盘
2238,10:46:27,14.86,-0.02,58,86188,卖盘
2239,10:46:24,14.88,0.02,5,7440,买盘
2240,10:46:09,14.86,-0.01,200,297200,卖盘
2241,10:46:06,14.87,-0.01,30,44610,卖盘
2242,10:46:03,14.88,--,10,14880,买盘
2243,10:45:57,14.88,--,184,273792,卖盘
2244,10:45:54,14.88,-0.01,40,59520,卖盘
2245,10:45:51,14.89,0.01,20,29780,买盘
2246,10:45:48,14.88,--,4,5952,卖盘
2247,10:45:42,14.88,--,21,31248,卖盘
2248,10:45:30,14.88,--,5,7440,卖盘
2249,10:45:24,14.88,--,21,31248,卖盘
2250,10:45:21,14.88,--,1,1488,卖盘
2251,10:45:00,14.88,--,10,14880,卖盘
2252,10:44:57,14.88,--,62,92256,卖盘
2253,10:44:54,14.88,--,9,13392,卖盘
2254,10:44:51,14.88,0.01,88,130944,买盘
2255,10:44:42,14.87,-0.01,56,83272,卖盘
2256,10:44:30,14.88,--,100,148800,买盘
2257,10:44:24,14.88,--,11,16368,买盘
2258,10:44:18,14.88,0.01,5,7440,买盘
2259,10:44:09,14.87,-0.01,5,7435,卖盘
2260,10:44:06,14.88,0.01,2,2976,买盘
2261,10:43:57,14.87,--,3,4461,卖盘
2262,10:43:42,14.87,-0.01,5,7435,卖盘
2263,10:43:39,14.88,--,10,14880,买盘
2264,10:43:30,14.88,--,1,1488,买盘
2265,10:43:27,14.88,--,3,4464,买盘
2266,10:43:24,14.88,0.01,3,4464,买盘
2267,10:43:21,14.87,-0.01,5,7435,卖盘
2268,10:43:12,14.88,0.01,2,2976,中性盘
2269,10:42:57,14.87,-0.01,10,14870,卖盘
2270,10:42:54,14.88,-0.01,5,7440,中性盘
2271,10:42:51,14.89,--,19,28291,买盘
2272,10:42:48,14.89,--,202,300778,买盘
2273,10:42:45,14.89,--,12,17868,买盘
2274,10:42:39,14.89,--,79,117631,买盘
2275,10:42:36,14.89,--,30,44670,买盘
2276,10:42:27,14.89,--,2,2978,买盘
2277,10:42:12,14.89,--,21,31269,买盘
2278,10:42:00,14.89,0.01,15,22335,买盘
2279,10:41:57,14.88,--,26,38688,卖盘
2280,10:41:51,14.88,--,7,10416,卖盘
2281,10:41:42,14.88,-0.01,22,32736,卖盘
2282,10:41:39,14.89,0.01,11,16379,买盘
2283,10:41:30,14.88,--,41,61008,买盘
2284,10:41:27,14.88,0.01,1,1488,买盘
2285,10:41:24,14.87,-0.01,50,74350,卖盘
2286,10:41:21,14.88,--,5,7440,买盘
2287,10:41:18,14.88,--,2,2976,买盘
2288,10:41:15,14.88,--,5,7440,买盘
2289,10:41:09,14.88,--,53,78864,买盘
2290,10:41:00,14.88,0.01,35,52080,买盘
2291,10:40:48,14.87,--,16,23792,买盘
2292,10:40:42,14.87,--,68,101116,买盘
2293,10:40:36,14.87,--,3,4461,买盘
2294,10:40:33,14.87,0.01,30,44610,买盘
2295,10:40:18,14.86,--,5,7430,卖盘
2296,10:40:09,14.86,--,20,29720,买盘
2297,10:39:57,14.86,--,33,49038,买盘
2298,10:39:48,14.86,--,21,31206,买盘
2299,10:39:45,14.86,--,3,4458,买盘
2300,10:39:42,14.86,0.01,20,29720,买盘
2301,10:39:33,14.85,-0.01,6,8910,卖盘
2302,10:39:30,14.86,--,20,29720,买盘
2303,10:39:24,14.86,-0.01,32,47552,卖盘
2304,10:39:12,14.87,0.02,9,13383,买盘
2305,10:39:00,14.85,--,25,37125,卖盘
2306,10:38:57,14.85,-0.01,52,77220,卖盘
2307,10:38:51,14.86,0.02,41,60926,买盘
2308,10:38:42,14.84,-0.01,38,56392,卖盘
2309,10:38:39,14.85,0.01,17,25245,买盘
2310,10:38:36,14.84,-0.01,3,4452,卖盘
2311,10:38:33,14.85,--,5,7425,买盘
2312,10:38:27,14.85,0.01,5,7425,买盘
2313,10:38:24,14.84,-0.01,15,22260,卖盘
2314,10:38:18,14.85,--,2,2970,买盘
2315,10:38:15,14.85,0.01,10,14850,买盘
2316,10:38:12,14.84,-0.01,10,14840,卖盘
2317,10:38:09,14.85,0.01,39,57915,买盘
2318,10:38:06,14.84,-0.01,27,40068,卖盘
2319,10:38:03,14.85,--,10,14850,买盘
2320,10:38:00,14.85,0.01,64,95040,买盘
2321,10:37:57,14.84,-0.01,5,7420,卖盘
2322,10:37:48,14.85,--,106,157410,买盘
2323,10:37:42,14.85,0.01,14,20790,买盘
2324,10:37:39,14.84,--,10,14840,卖盘
2325,10:37:36,14.84,--,3,4452,卖盘
2326,10:37:27,14.84,-0.01,10,14840,卖盘
2327,10:37:24,14.85,--,2,2970,买盘
2328,10:37:21,14.85,--,39,57915,买盘
2329,10:37:15,14.85,--,2,2970,买盘
2330,10:37:09,14.85,0.01,52,77220,买盘
2331,10:37:06,14.84,-0.01,10,14840,卖盘
2332,10:37:00,14.85,--,16,23760,买盘
2333,10:36:57,14.85,--,25,37125,买盘
2334,10:36:54,14.85,0.01,10,14850,买盘
2335,10:36:51,14.84,--,5,7420,卖盘
2336,10:36:48,14.84,-0.01,9,13356,卖盘
2337,10:36:45,14.85,--,1,1485,买盘
2338,10:36:42,14.85,0.01,12,17820,买盘
2339,10:36:39,14.84,-0.01,12,17808,卖盘
2340,10:36:27,14.85,-0.01,20,29700,卖盘
2341,10:36:24,14.86,0.01,11,16346,买盘
2342,10:36:18,14.85,--,70,103950,卖盘
2343,10:36:12,14.85,--,43,63855,买盘
2344,10:36:06,14.85,--,30,44550,买盘
2345,10:36:00,14.85,--,40,59400,买盘
2346,10:35:54,14.85,--,10,14850,买盘
2347,10:35:51,14.85,--,2,2970,买盘
2348,10:35:45,14.85,--,10,14850,买盘
2349,10:35:39,14.85,--,10,14850,卖盘
2350,10:35:36,14.85,--,90,133650,买盘
2351,10:35:33,14.85,0.01,5,7425,买盘
2352,10:35:30,14.84,-0.01,52,77168,卖盘
2353,10:35:27,14.85,0.01,3,4455,买盘
2354,10:35:24,14.84,--,20,31074,买盘
2355,10:35:21,14.84,-0.01,10,14929,卖盘
2356,10:35:15,14.85,0.01,4,5940,买盘
2357,10:35:12,14.84,-0.01,10,14840,卖盘
2358,10:35:09,14.85,--,160,237600,买盘
2359,10:35:06,14.85,--,125,187020,买盘
2360,10:35:00,14.85,--,8,11880,买盘
2361,10:34:57,14.85,--,10,14850,买盘
2362,10:34:54,14.85,--,2,2970,买盘
2363,10:34:51,14.85,--,1,1485,买盘
2364,10:34:48,14.85,--,5,7425,买盘
2365,10:34:45,14.85,--,5,7425,买盘
2366,10:34:36,14.85,--,4,5940,买盘
2367,10:34:33,14.85,0.01,4,5940,买盘
2368,10:34:30,14.84,--,31,46004,卖盘
2369,10:34:15,14.84,--,5,7420,买盘
2370,10:34:12,14.84,--,25,37100,买盘
2371,10:34:09,14.84,--,50,74200,买盘
2372,10:34:06,14.84,--,50,74200,买盘
2373,10:34:00,14.84,--,5,7420,买盘
2374,10:33:51,14.84,0.01,2,2968,买盘
2375,10:33:39,14.83,--,9,13347,买盘
2376,10:33:36,14.83,--,13,19279,买盘
2377,10:33:33,14.83,--,12,17796,买盘
2378,10:33:30,14.83,--,26,38558,买盘
2379,10:33:27,14.83,0.01,131,194273,买盘
2380,10:33:24,14.82,-0.01,20,29640,卖盘
2381,10:33:18,14.83,--,5,7415,买盘
2382,10:33:15,14.83,--,5,7415,买盘
2383,10:33:12,14.83,0.01,15,22245,买盘
2384,10:33:09,14.82,-0.01,4,5928,卖盘
2385,10:33:06,14.83,--,12,17796,买盘
2386,10:33:03,14.83,--,10,14830,买盘
2387,10:32:57,14.83,0.01,33,48939,买盘
2388,10:32:54,14.82,-0.01,35,51870,卖盘
2389,10:32:51,14.83,--,29,43007,买盘
2390,10:32:48,14.83,--,49,72667,买盘
2391,10:32:39,14.83,0.01,2,2966,买盘
2392,10:32:33,14.82,-0.01,37,54834,卖盘
2393,10:32:30,14.83,--,16,23728,买盘
2394,10:32:27,14.83,--,23,34109,买盘
2395,10:32:24,14.83,0.01,38,56354,买盘
2396,10:32:21,14.82,--,8,11856,卖盘
2397,10:32:15,14.82,--,25,37050,卖盘
2398,10:32:09,14.82,0.01,11,16302,中性盘
2399,10:32:06,14.81,-0.02,288,426528,卖盘
2400,10:32:03,14.83,--,9,13347,买盘
2401,10:31:57,14.83,--,17,25211,买盘
2402,10:31:54,14.83,--,42,62286,买盘
2403,10:31:51,14.83,--,10,14830,买盘
2404,10:31:48,14.83,0.02,9,13347,买盘
2405,10:31:42,14.81,-0.01,128,189568,卖盘
2406,10:31:39,14.82,--,68,100776,卖盘
2407,10:31:36,14.82,--,47,69654,买盘
2408,10:31:33,14.82,0.01,10,14820,买盘
2409,10:31:30,14.81,-0.01,5,7405,卖盘
2410,10:31:27,14.82,0.01,72,108171,买盘
2411,10:31:24,14.81,--,23,34063,卖盘
2412,10:31:21,14.81,--,33,48873,卖盘
2413,10:31:18,14.81,--,8,11848,卖盘
2414,10:31:15,14.81,-0.01,940,1392140,卖盘
2415,10:31:12,14.82,0.01,53,78546,买盘
2416,10:31:06,14.81,-0.01,138,204378,卖盘
2417,10:31:03,14.82,0.01,31,45942,买盘
2418,10:31:00,14.81,--,20,29620,卖盘
2419,10:30:57,14.81,--,10,14810,卖盘
2420,10:30:54,14.81,-0.01,35,51835,卖盘
2421,10:30:51,14.82,--,22,32604,买盘
2422,10:30:48,14.82,--,5,7410,买盘
2423,10:30:45,14.82,--,38,56316,买盘
2424,10:30:39,14.82,0.01,23,34086,卖盘
2425,10:30:33,14.81,-0.01,202,299162,卖盘
2426,10:30:27,14.82,-0.01,5,7410,卖盘
2427,10:30:24,14.83,0.01,15,22660,买盘
2428,10:30:21,14.82,0.01,5,7410,买盘
2429,10:30:18,14.81,-0.01,2,2962,卖盘
2430,10:30:15,14.82,--,44,66275,卖盘
2431,10:30:12,14.82,--,12,17784,卖盘
2432,10:30:09,14.82,--,14,20748,卖盘
2433,10:30:06,14.82,--,60,89334,买盘
2434,10:30:03,14.82,--,44,65208,买盘
2435,10:30:00,14.82,--,4,5928,买盘
2436,10:29:57,14.82,--,21,31122,买盘
2437,10:29:54,14.82,--,61,90402,买盘
2438,10:29:51,14.82,0.01,174,257868,买盘
2439,10:29:45,14.81,--,28,41468,卖盘
2440,10:29:42,14.81,-0.01,201,297681,卖盘
2441,10:29:39,14.82,0.01,215,318630,买盘
2442,10:29:36,14.81,-0.01,42,62202,卖盘
2443,10:29:30,14.82,0.01,49,72618,买盘
2444,10:29:27,14.81,--,5,7405,卖盘
2445,10:29:24,14.81,-0.01,11,16291,卖盘
2446,10:29:21,14.82,0.01,34,50388,买盘
2447,10:29:18,14.81,-0.01,159,235479,卖盘
2448,10:29:15,14.82,0.01,138,204516,买盘
2449,10:29:12,14.81,-0.01,1,1481,卖盘
2450,10:29:09,14.82,--,11,16302,买盘
2451,10:29:06,14.82,0.01,635,941070,买盘
2452,10:29:03,14.81,-0.01,10,14810,卖盘
2453,10:29:00,14.82,--,30,44460,买盘
2454,10:28:57,14.82,--,35,51870,买盘
2455,10:28:54,14.82,--,114,168948,买盘
2456,10:28:51,14.82,--,59,87438,买盘
2457,10:28:48,14.82,--,14,20748,买盘
2458,10:28:45,14.82,--,77,114114,买盘
2459,10:28:42,14.82,--,30,44460,买盘
2460,10:28:39,14.82,0.01,26,38532,买盘
2461,10:28:36,14.81,--,126,186606,卖盘
2462,10:28:33,14.81,--,323,478363,卖盘
2463,10:28:30,14.81,--,160,236960,卖盘
2464,10:28:27,14.81,-0.01,53,78493,卖盘
2465,10:28:24,14.82,--,1,1482,买盘
2466,10:28:21,14.82,--,79,117078,买盘
2467,10:28:18,14.82,--,110,163020,买盘
2468,10:28:15,14.82,--,100,148200,买盘
2469,10:28:12,14.82,--,21,31122,买盘
2470,10:28:09,14.82,--,188,279949,卖盘
2471,10:28:03,14.82,-0.01,593,878974,卖盘
2472,10:28:00,14.83,0.01,80,118640,买盘
2473,10:27:57,14.82,-0.01,15,22230,卖盘
2474,10:27:54,14.83,--,31,45973,买盘
2475,10:27:51,14.83,--,4,5932,买盘
2476,10:27:48,14.83,0.01,13,19279,买盘
2477,10:27:45,14.82,-0.01,125,185250,卖盘
2478,10:27:42,14.83,--,7,10381,买盘
2479,10:27:36,14.83,--,8,11864,买盘
2480,10:27:33,14.83,--,45,66735,买盘
2481,10:27:30,14.83,--,18,26694,卖盘
2482,10:27:27,14.83,--,7,10381,卖盘
2483,10:27:24,14.83,--,7,10381,卖盘
2484,10:27:21,14.83,-0.01,36,53388,卖盘
2485,10:27:09,14.84,--,5,7420,买盘
2486,10:27:03,14.84,--,212,314608,卖盘
2487,10:27:00,14.84,--,17,25228,卖盘
2488,10:26:54,14.84,0.01,9,13356,买盘
2489,10:26:51,14.83,-0.01,60,88980,卖盘
2490,10:26:45,14.84,--,203,301252,买盘
2491,10:26:42,14.84,--,10,14840,买盘
2492,10:26:39,14.84,--,64,94976,买盘
2493,10:26:33,14.84,--,55,81620,买盘
2494,10:26:30,14.84,--,2,2968,买盘
2495,10:26:27,14.84,0.01,8,11872,买盘
2496,10:26:24,14.83,-0.01,22,32626,卖盘
2497,10:26:21,14.84,--,4,5936,买盘
2498,10:26:18,14.84,--,25,37100,卖盘
2499,10:26:15,14.84,-0.01,8,11872,卖盘
2500,10:26:12,14.85,--,5,7425,买盘
2501,10:26:09,14.85,--,20,29700,卖盘
2502,10:26:06,14.85,--,20,29700,卖盘
2503,10:26:00,14.85,-0.01,8,11880,卖盘
2504,10:25:51,14.86,-0.01,22,34029,卖盘
2505,10:25:48,14.87,0.01,209,310783,买盘
2506,10:25:45,14.86,--,42,62412,卖盘
2507,10:25:39,14.86,-0.01,6,8916,卖盘
2508,10:25:36,14.87,0.01,2,2974,买盘
2509,10:25:33,14.86,--,11,16346,卖盘
2510,10:25:30,14.86,--,10,14860,卖盘
2511,10:25:27,14.86,--,10,14860,卖盘
2512,10:25:24,14.86,0.02,110,163608,买盘
2513,10:25:21,14.84,--,36,53424,买盘
2514,10:25:18,14.84,--,1,1484,买盘
2515,10:25:15,14.84,--,10,14840,买盘
2516,10:25:12,14.84,--,2,2968,买盘
2517,10:25:09,14.84,--,1,1484,买盘
2518,10:25:06,14.84,--,2,2968,买盘
2519,10:25:00,14.84,--,6,8904,买盘
2520,10:24:54,14.84,--,2,2968,买盘
2521,10:24:51,14.84,-0.01,72,106848,卖盘
2522,10:24:48,14.85,0.01,1,1485,买盘
2523,10:24:45,14.84,-0.01,18,26712,卖盘
2524,10:24:39,14.85,0.01,9,13365,买盘
2525,10:24:36,14.84,-0.01,8,11872,卖盘
2526,10:24:33,14.85,0.01,38,56430,买盘
2527,10:24:27,14.84,--,39,57876,买盘
2528,10:24:21,14.84,-0.01,2,2968,买盘
2529,10:24:18,14.85,--,235,348975,买盘
2530,10:24:12,14.85,--,1,1485,买盘
2531,10:24:09,14.85,--,22,32670,买盘
2532,10:24:06,14.85,--,201,298945,买盘
2533,10:24:00,14.85,0.01,102,151470,买盘
2534,10:23:57,14.84,--,12,18475,卖盘
2535,10:23:54,14.84,-0.01,5,7420,卖盘
2536,10:23:51,14.85,0.01,6,8910,买盘
2537,10:23:45,14.84,0.01,3,4452,中性盘
2538,10:23:39,14.83,-0.01,66,97878,卖盘
2539,10:23:36,14.84,-0.01,74,109816,买盘
2540,10:23:33,14.85,0.01,40,59400,买盘
2541,10:23:27,14.84,--,5,7420,买盘
2542,10:23:21,14.84,--,3,4452,买盘
2543,10:23:18,14.84,-0.02,32,47488,卖盘
2544,10:23:15,14.86,0.01,9,13374,买盘
2545,10:23:12,14.85,--,14,20790,买盘
2546,10:23:09,14.85,--,1,1485,买盘
2547,10:23:06,14.85,--,328,487080,买盘
2548,10:23:03,14.85,0.01,72,106920,买盘
2549,10:23:00,14.84,-0.01,5,7420,卖盘
2550,10:22:57,14.85,--,10,14850,买盘
2551,10:22:54,14.85,--,1,1485,买盘
2552,10:22:48,14.85,--,6,8910,买盘
2553,10:22:45,14.85,-0.01,211,313335,卖盘
2554,10:22:42,14.86,--,832,1236352,买盘
2555,10:22:39,14.86,--,1,1486,买盘
2556,10:22:36,14.86,--,6,8916,买盘
2557,10:22:24,14.86,--,10,14860,买盘
2558,10:22:21,14.86,--,10,14860,买盘
2559,10:22:15,14.86,--,584,867824,卖盘
2560,10:22:12,14.86,-0.01,20,29720,卖盘
2561,10:22:06,14.87,--,55,81785,买盘
2562,10:22:00,14.87,--,9,13383,买盘
2563,10:21:54,14.87,-0.01,154,229087,卖盘
2564,10:21:51,14.88,--,27,40176,买盘
2565,10:21:45,14.88,--,5,7440,买盘
2566,10:21:42,14.88,0.01,34,50592,买盘
2567,10:21:39,14.87,-0.01,31,46097,卖盘
2568,10:21:36,14.88,0.01,3,4464,买盘
2569,10:21:27,14.87,--,3,4461,卖盘
2570,10:21:24,14.87,-0.01,60,89220,卖盘
2571,10:21:21,14.88,--,20,29760,买盘
2572,10:21:18,14.88,0.01,49,72912,买盘
2573,10:20:57,14.87,-0.01,8,11896,卖盘
2574,10:20:54,14.88,--,9,13392,买盘
2575,10:20:45,14.88,--,12,17856,买盘
2576,10:20:42,14.88,0.01,7,10416,买盘
2577,10:20:39,14.87,--,9,13383,卖盘
2578,10:20:33,14.87,-0.01,12,17844,卖盘
2579,10:20:30,14.88,--,2,2976,买盘
2580,10:20:27,14.88,0.01,35,52080,买盘
2581,10:20:24,14.87,-0.01,80,118960,卖盘
2582,10:20:15,14.88,0.01,54,80352,买盘
2583,10:20:12,14.87,--,6,8922,卖盘
2584,10:20:03,14.87,--,1,2884,卖盘
2585,10:20:00,14.87,--,8,11896,卖盘
2586,10:19:57,14.87,--,10,14870,卖盘
2587,10:19:54,14.87,--,7,10409,买盘
2588,10:19:51,14.87,--,50,74350,买盘
2589,10:19:45,14.87,--,28,41636,卖盘
2590,10:19:39,14.87,--,10,14870,卖盘
2591,10:19:36,14.87,--,5,7435,卖盘
2592,10:19:33,14.87,--,21,31227,买盘
2593,10:19:30,14.87,0.01,1,1487,买盘
2594,10:19:27,14.86,-0.01,1,1486,卖盘
2595,10:19:24,14.87,--,14,20818,买盘
2596,10:19:18,14.87,--,1,1487,买盘
2597,10:19:15,14.87,-0.01,52,77324,卖盘
2598,10:19:12,14.88,--,73,108624,买盘
2599,10:19:09,14.88,0.01,29,43152,买盘
2600,10:19:06,14.87,0.01,200,297400,卖盘
2601,10:19:03,14.86,-0.01,36,53496,卖盘
2602,10:18:57,14.87,--,30,44610,买盘
2603,10:18:54,14.87,--,1,1487,卖盘
2604,10:18:51,14.87,0.01,19,28253,买盘
2605,10:18:39,14.86,--,2,2972,卖盘
2606,10:18:33,14.86,--,33,49038,买盘
2607,10:18:30,14.86,--,2,2972,买盘
2608,10:18:27,14.86,--,73,108478,买盘
2609,10:18:24,14.86,--,4,5944,买盘
2610,10:18:21,14.86,--,26,38636,买盘
2611,10:18:18,14.86,--,11,16346,买盘
2612,10:18:15,14.86,--,8,11888,买盘
2613,10:18:12,14.86,0.01,36,53496,买盘
2614,10:18:09,14.85,-0.01,4,5940,卖盘
2615,10:18:06,14.86,--,5,7430,买盘
2616,10:18:03,14.86,--,84,124824,卖盘
2617,10:18:00,14.86,--,67,99562,买盘
2618,10:17:57,14.86,--,1,1486,买盘
2619,10:17:54,14.86,0.01,7,10402,买盘
2620,10:17:51,14.85,--,10,14850,卖盘
2621,10:17:48,14.85,-0.01,26,38610,卖盘
2622,10:17:45,14.86,--,26,38636,买盘
2623,10:17:42,14.86,0.01,11,16346,买盘
2624,10:17:39,14.85,-0.01,52,77220,卖盘
2625,10:17:36,14.86,--,10,14860,买盘
2626,10:17:33,14.86,--,62,92132,买盘
2627,10:17:27,14.86,--,56,83216,卖盘
2628,10:17:24,14.86,-0.01,5,7430,卖盘
2629,10:17:21,14.87,--,34,50558,买盘
2630,10:17:18,14.87,0.01,5,7435,买盘
2631,10:17:15,14.86,-0.01,13,19318,卖盘
2632,10:17:09,14.87,--,18,26766,买盘
2633,10:17:06,14.87,0.01,7,10409,买盘
2634,10:17:03,14.86,-0.01,104,154544,卖盘
2635,10:17:00,14.87,0.01,51,75837,买盘
2636,10:16:54,14.86,-0.01,27,40122,卖盘
2637,10:16:51,14.87,0.01,13,19331,买盘
2638,10:16:48,14.86,--,3,4458,卖盘
2639,10:16:42,14.86,-0.01,128,190208,卖盘
2640,10:16:39,14.87,0.01,43,63941,买盘
2641,10:16:36,14.86,--,148,219928,卖盘
2642,10:16:30,14.86,--,2,2972,卖盘
2643,10:16:27,14.86,-0.01,44,65384,卖盘
2644,10:16:21,14.87,0.01,20,29740,买盘
2645,10:16:18,14.86,-0.01,33,49038,卖盘
2646,10:16:15,14.87,--,25,37175,买盘
2647,10:16:12,14.87,0.01,5,7435,买盘
2648,10:16:09,14.86,--,152,225872,卖盘
2649,10:16:03,14.86,--,55,81730,卖盘
2650,10:16:00,14.86,-0.01,11,16346,卖盘
2651,10:15:57,14.87,--,8,11896,买盘
2652,10:15:54,14.87,--,15,22305,买盘
2653,10:15:51,14.87,--,16,23792,买盘
2654,10:15:48,14.87,0.01,2,2974,买盘
2655,10:15:42,14.86,--,137,203582,卖盘
2656,10:15:39,14.86,--,17,25262,卖盘
2657,10:15:36,14.86,-0.01,88,130768,卖盘
2658,10:15:30,14.87,--,10,14870,买盘
2659,10:15:27,14.87,0.01,18,26766,买盘
2660,10:15:21,14.86,--,9,13374,卖盘
2661,10:15:15,14.86,--,45,66870,卖盘
2662,10:15:12,14.86,--,22,32692,卖盘
2663,10:15:09,14.86,--,45,66870,卖盘
2664,10:15:03,14.86,--,22,32692,卖盘
2665,10:15:00,14.86,-0.01,6,8916,卖盘
2666,10:14:57,14.87,0.01,28,41650,买盘
2667,10:14:54,14.86,--,357,530502,卖盘
2668,10:14:45,14.86,-0.01,2,2972,卖盘
2669,10:14:42,14.87,--,17,25279,买盘
2670,10:14:39,14.87,--,4,5948,买盘
2671,10:14:36,14.87,--,23,34201,买盘
2672,10:14:33,14.87,0.01,12,17844,买盘
2673,10:14:30,14.86,--,41,60926,卖盘
2674,10:14:27,14.86,-0.01,41,60926,卖盘
2675,10:14:18,14.87,--,20,29740,买盘
2676,10:14:12,14.87,--,54,81770,卖盘
2677,10:14:09,14.87,--,10,14870,卖盘
2678,10:14:00,14.87,--,20,29740,卖盘
2679,10:13:57,14.87,-0.02,35,52045,卖盘
2680,10:13:51,14.89,0.02,100,148900,买盘
2681,10:13:42,14.87,-0.02,255,379185,卖盘
2682,10:13:39,14.89,--,35,52115,买盘
2683,10:13:30,14.89,0.01,11,16379,买盘
2684,10:13:27,14.88,--,34,50592,卖盘
2685,10:13:24,14.88,--,135,200880,卖盘
2686,10:13:21,14.88,--,44,65472,卖盘
2687,10:13:18,14.88,--,54,80352,卖盘
2688,10:13:15,14.88,--,94,139872,卖盘
2689,10:13:12,14.88,-0.01,123,183024,卖盘
2690,10:13:06,14.89,0.01,13,19357,买盘
2691,10:13:03,14.88,--,64,95232,卖盘
2692,10:13:00,14.88,--,226,336288,卖盘
2693,10:12:57,14.88,--,24,35712,卖盘
2694,10:12:54,14.88,-0.01,17,25296,卖盘
2695,10:12:51,14.89,-0.01,27,40203,卖盘
2696,10:12:48,14.9,0.01,2,2980,买盘
2697,10:12:45,14.89,-0.01,1,1489,卖盘
2698,10:12:42,14.9,--,5,7450,买盘
2699,10:12:39,14.9,--,207,309458,卖盘
2700,10:12:36,14.9,--,21,31290,卖盘
2701,10:12:24,14.9,--,21,31290,卖盘
2702,10:12:21,14.9,--,4,5960,卖盘
2703,10:12:18,14.9,--,196,292040,卖盘
2704,10:12:15,14.9,--,3,4470,卖盘
2705,10:12:12,14.9,0.01,1243,1852531,买盘
2706,10:12:09,14.89,--,2,2978,买盘
2707,10:12:06,14.89,--,6,10274,卖盘
2708,10:12:03,14.89,--,64,95296,卖盘
2709,10:12:00,14.89,-0.01,84,125076,卖盘
2710,10:11:57,14.9,0.01,5,7450,买盘
2711,10:11:51,14.89,--,15,22335,卖盘
2712,10:11:48,14.89,-0.01,14,20994,卖盘
2713,10:11:42,14.9,--,11,16390,买盘
2714,10:11:33,14.9,--,127,189230,卖盘
2715,10:11:09,14.9,--,3,4470,卖盘
2716,10:11:06,14.9,--,17,25330,卖盘
2717,10:11:00,14.9,--,5,7450,卖盘
2718,10:10:57,14.9,0.01,266,396340,买盘
2719,10:10:51,14.89,--,40,59560,卖盘
2720,10:10:36,14.89,-0.01,47,69983,卖盘
2721,10:10:24,14.9,0.01,3,4470,买盘
2722,10:10:18,14.89,--,40,59560,卖盘
2723,10:10:15,14.89,--,11,16379,卖盘
2724,10:10:09,14.89,-0.01,2,2978,卖盘
2725,10:10:06,14.9,0.01,95,141550,买盘
2726,10:09:57,14.89,-0.02,47,69983,卖盘
2727,10:09:54,14.91,--,7,10437,买盘
2728,10:09:51,14.91,--,9,13419,买盘
2729,10:09:45,14.91,0.01,1,1491,买盘
2730,10:09:42,14.9,-0.01,4,5960,卖盘
2731,10:09:39,14.91,0.02,3,4473,买盘
2732,10:09:36,14.89,-0.01,187,278443,卖盘
2733,10:09:30,14.9,--,6,8940,中性盘
2734,10:09:21,14.9,--,3,4470,买盘
2735,10:09:18,14.9,--,2,2980,买盘
2736,10:09:15,14.9,0.01,25,37250,买盘
2737,10:09:12,14.89,-0.01,30,44670,卖盘
2738,10:09:09,14.9,--,5,7450,卖盘
2739,10:09:06,14.9,0.01,23,34270,买盘
2740,10:09:00,14.89,-0.01,62,92318,卖盘
2741,10:08:57,14.9,0.01,2,2980,买盘
2742,10:08:54,14.89,-0.01,10,14890,卖盘
2743,10:08:51,14.9,-0.01,16,23840,卖盘
2744,10:08:48,14.91,--,6,8946,买盘
2745,10:08:45,14.91,0.01,37,55167,买盘
2746,10:08:42,14.9,--,6,8940,卖盘
2747,10:08:36,14.9,--,6,8940,卖盘
2748,10:08:30,14.9,--,51,75990,买盘
2749,10:08:24,14.9,0.01,6,8940,买盘
2750,10:08:21,14.89,-0.01,8,11912,卖盘
2751,10:08:15,14.9,0.01,6,8940,买盘
2752,10:08:12,14.89,-0.01,37,55093,卖盘
2753,10:08:09,14.9,0.01,30,44700,买盘
2754,10:08:06,14.89,--,22,32758,卖盘
2755,10:08:03,14.89,-0.01,15,22335,卖盘
2756,10:08:00,14.9,0.01,9,13410,买盘
2757,10:07:57,14.89,--,41,61049,卖盘
2758,10:07:54,14.89,--,111,165279,买盘
2759,10:07:51,14.89,--,15,22335,买盘
2760,10:07:45,14.89,--,32,47648,买盘
2761,10:07:42,14.89,--,13,19357,买盘
2762,10:07:36,14.89,0.01,52,77428,买盘
2763,10:07:33,14.88,--,8,11904,卖盘
2764,10:07:30,14.88,--,5,7440,卖盘
2765,10:07:24,14.88,-0.01,6,8928,卖盘
2766,10:07:18,14.89,0.01,1,1489,买盘
2767,10:07:15,14.88,--,24,35712,卖盘
2768,10:07:12,14.88,--,2,2976,卖盘
2769,10:07:09,14.88,-0.01,27,40176,卖盘
2770,10:07:06,14.89,0.01,9,13401,买盘
2771,10:07:03,14.88,--,1,1488,卖盘
2772,10:07:00,14.88,--,63,93758,买盘
2773,10:06:57,14.88,--,18,26784,买盘
2774,10:06:54,14.88,0.01,10,14880,买盘
2775,10:06:51,14.87,-0.01,43,63941,卖盘
2776,10:06:48,14.88,0.01,22,32736,买盘
2777,10:06:45,14.87,-0.01,37,55019,卖盘
2778,10:06:39,14.88,--,1,1488,买盘
2779,10:06:36,14.88,--,13,19344,买盘
2780,10:06:33,14.88,--,16,23808,买盘
2781,10:06:27,14.88,--,18,28257,卖盘
2782,10:06:24,14.88,--,38,56544,卖盘
2783,10:06:21,14.88,--,2,2990,卖盘
2784,10:06:18,14.88,--,100,148800,卖盘
2785,10:06:15,14.88,--,205,305040,卖盘
2786,10:06:12,14.88,-0.01,30,44640,卖盘
2787,10:06:09,14.89,0.01,2,2978,买盘
2788,10:06:06,14.88,-0.01,5,7440,卖盘
2789,10:06:03,14.89,--,40,59560,买盘
2790,10:06:00,14.89,0.01,2,2978,买盘
2791,10:05:57,14.88,-0.01,18,26784,卖盘
2792,10:05:54,14.89,0.01,172,256108,买盘
2793,10:05:48,14.88,--,7,10416,卖盘
2794,10:05:45,14.88,--,17,25296,卖盘
2795,10:05:42,14.88,--,177,263376,卖盘
2796,10:05:36,14.88,-0.01,270,401760,卖盘
2797,10:05:33,14.89,0.01,10,14890,中性盘
2798,10:05:24,14.88,-0.01,10,14880,卖盘
2799,10:05:21,14.89,0.01,96,142944,买盘
2800,10:05:15,14.88,-0.01,37,55056,卖盘
2801,10:05:12,14.89,0.01,5,7445,买盘
2802,10:05:09,14.88,-0.01,10,14880,卖盘
2803,10:05:06,14.89,--,1,1489,买盘
2804,10:04:57,14.89,0.01,12,17868,买盘
2805,10:04:54,14.88,--,126,187488,卖盘
2806,10:04:51,14.88,--,2,2976,卖盘
2807,10:04:48,14.88,-0.01,75,111600,卖盘
2808,10:04:45,14.89,0.01,1,1489,买盘
2809,10:04:42,14.88,-0.01,5,7440,卖盘
2810,10:04:39,14.89,0.01,10,14890,买盘
2811,10:04:30,14.88,--,10,14880,卖盘
2812,10:04:27,14.88,--,177,263376,卖盘
2813,10:04:24,14.88,--,7,10416,卖盘
2814,10:04:21,14.88,--,75,111600,卖盘
2815,10:04:18,14.88,--,17,25296,卖盘
2816,10:04:15,14.88,--,10,14880,卖盘
2817,10:04:12,14.88,-0.01,19,28272,卖盘
2818,10:04:09,14.89,0.01,15,22335,买盘
2819,10:04:06,14.88,--,24,35712,卖盘
2820,10:04:03,14.88,--,195,290160,卖盘
2821,10:04:00,14.88,--,120,178560,卖盘
