,time,price,change,volume,amount,type
0,15:00:03,20.95,0.01,671,1405745,买盘
1,14:57:00,20.94,0.01,6,12564,买盘
2,14:56:57,20.93,-0.01,5,10465,卖盘
3,14:56:51,20.94,--,2,4188,买盘
4,14:56:48,20.94,--,12,25128,买盘
5,14:56:45,20.94,--,17,35598,卖盘
6,14:56:42,20.94,-0.01,38,79572,卖盘
7,14:56:39,20.95,--,15,31425,买盘
8,14:56:36,20.95,--,1,2095,买盘
9,14:56:33,20.95,--,1,2095,买盘
10,14:56:30,20.95,--,56,117320,买盘
11,14:56:27,20.95,--,26,54470,买盘
12,14:56:21,20.95,--,60,125700,买盘
13,14:56:18,20.95,--,5,10475,买盘
14,14:56:15,20.95,-0.01,140,295374,卖盘
15,14:56:09,20.96,--,5,10480,买盘
16,14:56:06,20.96,0.01,4,8384,买盘
17,14:56:03,20.95,-0.01,15,31425,卖盘
18,14:55:54,20.96,--,13,27248,买盘
19,14:55:51,20.96,0.01,3,6288,买盘
20,14:55:45,20.95,--,1,2095,卖盘
21,14:55:42,20.95,-0.01,5,10475,卖盘
22,14:55:39,20.96,0.01,50,104800,买盘
23,14:55:36,20.95,--,20,41920,买盘
24,14:55:33,20.95,--,81,171769,卖盘
25,14:55:30,20.95,--,4,8380,卖盘
26,14:55:27,20.95,--,79,165525,买盘
27,14:55:24,20.95,0.02,4,8380,买盘
28,14:55:12,20.93,-0.02,10,20930,卖盘
29,14:55:03,20.95,--,10,20950,买盘
30,14:54:57,20.95,--,1,2095,买盘
31,14:54:51,20.95,--,14,29330,买盘
32,14:54:45,20.95,--,2,4190,买盘
33,14:54:42,20.95,0.02,45,94275,买盘
34,14:54:39,20.93,--,31,64883,卖盘
35,14:54:36,20.93,-0.02,30,62790,卖盘
36,14:54:33,20.95,--,2,4190,买盘
37,14:54:27,20.95,--,44,92180,买盘
38,14:54:24,20.95,--,8,16760,买盘
39,14:54:21,20.95,--,61,127795,卖盘
40,14:54:18,20.95,-0.01,3,6285,卖盘
41,14:54:15,20.96,--,5,10480,买盘
42,14:54:12,20.96,--,3,6288,买盘
43,14:54:09,20.96,--,7,14672,买盘
44,14:54:06,20.96,--,36,75456,买盘
45,14:53:57,20.96,0.01,1,2096,买盘
46,14:53:51,20.95,-0.01,12,25140,卖盘
47,14:53:45,20.96,--,5,10480,买盘
48,14:53:42,20.96,--,2,4192,买盘
49,14:53:39,20.96,--,8,16768,卖盘
50,14:53:36,20.96,-0.01,15,31440,卖盘
51,14:53:33,20.97,--,6,12582,买盘
52,14:53:30,20.97,0.01,16,33552,买盘
53,14:53:27,20.96,-0.01,7,14672,卖盘
54,14:53:21,20.97,0.01,1,2097,买盘
55,14:53:18,20.96,--,35,73360,卖盘
56,14:53:15,20.96,-0.01,30,62880,卖盘
57,14:53:12,20.97,0.01,27,56619,买盘
58,14:53:09,20.96,-0.01,25,52400,卖盘
59,14:53:06,20.97,--,13,27261,买盘
60,14:53:03,20.97,--,12,25164,买盘
61,14:53:00,20.97,0.01,2,4194,买盘
62,14:52:54,20.96,-0.01,70,146720,中性盘
63,14:52:48,20.97,--,1,2097,买盘
64,14:52:45,20.97,-0.01,23,48231,中性盘
65,14:52:39,20.98,-0.01,54,113292,卖盘
66,14:52:36,20.99,-0.01,8,16792,买盘
67,14:52:33,21.0,0.02,54,113400,买盘
68,14:52:27,20.98,--,6,14308,卖盘
69,14:52:24,20.98,--,33,69611,买盘
70,14:52:21,20.98,--,1,2098,买盘
71,14:52:18,20.98,-0.01,54,115012,卖盘
72,14:52:15,20.99,--,1,2099,买盘
73,14:52:09,20.99,0.01,10,20990,买盘
74,14:52:06,20.98,-0.01,15,31847,卖盘
75,14:52:03,20.99,--,77,161623,卖盘
76,14:52:00,20.99,--,10,20990,卖盘
77,14:51:57,20.99,-0.01,2,4198,卖盘
78,14:51:54,21.0,--,18,37800,买盘
79,14:51:51,21.0,0.01,13,27300,买盘
80,14:51:48,20.99,--,10,20990,卖盘
81,14:51:45,20.99,-0.01,1,2099,卖盘
82,14:51:42,21.0,--,45,94500,买盘
83,14:51:39,21.0,0.01,5,10500,买盘
84,14:51:36,20.99,-0.01,3,6296,中性盘
85,14:51:33,21.0,0.02,29,60900,买盘
86,14:51:30,20.98,-0.02,20,41960,卖盘
87,14:51:27,21.0,--,30,63861,卖盘
88,14:51:24,21.0,0.01,41,88179,中性盘
89,14:51:18,20.99,-0.01,16,33584,卖盘
90,14:51:15,21.0,--,0,1260,买盘
91,14:51:12,21.0,0.01,101,212100,买盘
92,14:51:03,20.99,--,35,73465,卖盘
93,14:51:00,20.99,--,2,4198,买盘
94,14:50:57,20.99,0.03,11,23089,买盘
95,14:50:54,20.96,-0.03,105,220080,卖盘
96,14:50:48,20.99,0.01,4,8396,买盘
97,14:50:45,20.98,--,5,10490,卖盘
98,14:50:39,20.98,--,2,4196,卖盘
99,14:50:36,20.98,0.01,34,71332,买盘
100,14:50:33,20.97,-0.01,15,31455,卖盘
101,14:50:30,20.98,0.01,46,96508,买盘
102,14:50:27,20.97,0.01,23,48231,买盘
103,14:50:24,20.96,-0.01,1,2096,卖盘
104,14:50:21,20.97,--,4,8388,买盘
105,14:50:15,20.97,-0.01,6,12582,中性盘
106,14:50:12,20.98,--,5,10490,买盘
107,14:50:09,20.98,--,1,2098,买盘
108,14:50:03,20.98,--,5,10490,卖盘
109,14:50:00,20.98,--,9,18882,卖盘
110,14:49:54,20.98,--,4,8392,买盘
111,14:49:48,20.98,--,10,20980,买盘
112,14:49:45,20.98,--,2,4196,买盘
113,14:49:42,20.98,0.02,10,20980,买盘
114,14:49:39,20.96,0.03,16,33536,中性盘
115,14:49:36,20.93,-0.02,8,16744,卖盘
116,14:49:33,20.95,0.02,47,98465,买盘
117,14:49:24,20.93,--,4,8372,卖盘
118,14:49:21,20.93,--,2,4186,买盘
119,14:49:18,20.93,--,12,25116,买盘
120,14:49:15,20.93,--,10,20930,买盘
121,14:49:09,20.93,--,1,2093,买盘
122,14:49:06,20.93,0.01,10,20930,买盘
123,14:49:00,20.92,--,18,37656,买盘
124,14:48:57,20.92,--,17,35564,买盘
125,14:48:51,20.92,0.02,3,6276,买盘
126,14:48:33,20.9,-0.01,2,4180,卖盘
127,14:48:30,20.91,0.01,10,20910,买盘
128,14:48:27,20.9,0.01,4,8360,卖盘
129,14:48:24,20.89,--,18,37602,卖盘
130,14:48:21,20.89,-0.02,26,54314,卖盘
131,14:48:18,20.91,0.01,76,158916,买盘
132,14:48:09,20.9,0.03,11,22990,买盘
133,14:48:06,20.87,-0.02,5,10435,卖盘
134,14:48:00,20.89,0.02,98,204722,买盘
135,14:47:57,20.87,0.01,256,534522,买盘
136,14:47:54,20.86,-0.01,14,29204,卖盘
137,14:47:51,20.87,0.01,10,20870,买盘
138,14:47:48,20.86,-0.01,21,43806,卖盘
139,14:47:45,20.87,0.01,7,14609,买盘
140,14:47:42,20.86,--,11,22946,卖盘
141,14:47:39,20.86,-0.01,2,4172,卖盘
142,14:47:36,20.87,--,4,8348,买盘
143,14:47:33,20.87,--,1,2087,买盘
144,14:47:30,20.87,--,6,12522,买盘
145,14:47:27,20.87,0.01,39,81393,买盘
146,14:47:24,20.86,--,11,22946,买盘
147,14:47:21,20.86,-0.01,11,22946,中性盘
148,14:47:18,20.87,0.01,48,100176,买盘
149,14:47:15,20.86,-0.01,90,187740,卖盘
150,14:47:12,20.87,0.01,10,20870,买盘
151,14:47:09,20.86,--,10,20860,卖盘
152,14:47:06,20.86,-0.01,4,8344,卖盘
153,14:47:03,20.87,--,5,10435,买盘
154,14:47:00,20.87,--,15,31305,买盘
155,14:46:57,20.87,0.01,6,12522,买盘
156,14:46:51,20.86,-0.01,25,52150,卖盘
157,14:46:48,20.87,--,149,310963,买盘
158,14:46:45,20.87,--,5,10435,买盘
159,14:46:42,20.87,--,80,166960,买盘
160,14:46:36,20.87,-0.02,87,183405,卖盘
161,14:46:33,20.89,--,2,4178,买盘
162,14:46:27,20.89,0.02,62,129518,买盘
163,14:46:24,20.87,-0.02,74,154438,卖盘
164,14:46:21,20.89,--,1,2089,买盘
165,14:46:18,20.89,0.01,6,12534,买盘
166,14:46:12,20.88,--,21,43848,卖盘
167,14:46:09,20.88,0.01,26,54538,买盘
168,14:46:06,20.87,--,1,2087,卖盘
169,14:46:03,20.87,--,5,10435,买盘
170,14:46:00,20.87,-0.01,24,50088,卖盘
171,14:45:51,20.88,--,40,83520,买盘
172,14:45:48,20.88,--,6,12528,买盘
173,14:45:42,20.88,0.01,1,2088,买盘
174,14:45:39,20.87,-0.01,4,8348,卖盘
175,14:45:36,20.88,-0.01,11,24805,卖盘
176,14:45:33,20.89,0.01,10,20890,买盘
177,14:45:27,20.88,-0.01,20,41760,卖盘
178,14:45:21,20.89,-0.01,214,448027,卖盘
179,14:45:12,20.9,--,3,6270,卖盘
180,14:45:06,20.9,--,10,20900,卖盘
181,14:45:03,20.9,--,15,31349,卖盘
182,14:45:00,20.9,--,79,165110,买盘
183,14:44:57,20.9,--,12,25080,买盘
184,14:44:54,20.9,0.01,21,43890,买盘
185,14:44:48,20.89,--,7,14623,卖盘
186,14:44:42,20.89,--,30,62670,卖盘
187,14:44:39,20.89,--,7,14623,卖盘
188,14:44:30,20.89,--,25,52225,卖盘
189,14:44:18,20.89,--,2,4178,卖盘
190,14:44:12,20.89,--,26,54314,卖盘
191,14:44:09,20.89,--,30,62670,卖盘
192,14:44:06,20.89,-0.01,27,56403,卖盘
193,14:44:00,20.9,0.01,5,10450,买盘
194,14:43:57,20.89,-0.01,8,16712,卖盘
195,14:43:54,20.9,--,3,6270,买盘
196,14:43:48,20.9,--,15,31349,买盘
197,14:43:39,20.9,--,8,16720,买盘
198,14:43:36,20.9,-0.01,31,64789,卖盘
199,14:43:33,20.91,0.01,2,4182,买盘
200,14:43:30,20.9,--,39,81510,卖盘
201,14:43:27,20.9,--,19,39710,卖盘
202,14:43:24,20.9,-0.01,3,6270,卖盘
203,14:43:21,20.91,--,6,12546,买盘
204,14:43:18,20.91,0.01,13,27183,买盘
205,14:43:12,20.9,--,9,18810,卖盘
206,14:43:06,20.9,--,2,4180,卖盘
207,14:43:03,20.9,0.01,9,19917,买盘
208,14:43:00,20.89,-0.01,4,8356,卖盘
209,14:42:57,20.9,--,20,41800,买盘
210,14:42:51,20.9,0.01,2,4180,买盘
211,14:42:45,20.89,--,5,10445,卖盘
212,14:42:36,20.89,-0.01,4,8356,卖盘
213,14:42:33,20.9,--,13,28152,卖盘
214,14:42:30,20.9,--,20,41800,卖盘
215,14:42:21,20.9,--,10,20900,卖盘
216,14:42:18,20.9,-0.02,122,254979,卖盘
217,14:42:09,20.92,0.02,4,8368,买盘
218,14:42:03,20.9,-0.02,12,26187,卖盘
219,14:41:57,20.92,0.03,10,20920,买盘
220,14:41:54,20.89,-0.01,45,94005,卖盘
221,14:41:51,20.9,0.01,3,6270,买盘
222,14:41:48,20.89,-0.01,46,96094,卖盘
223,14:41:42,20.9,-0.01,10,20900,卖盘
224,14:41:39,20.91,0.01,18,37638,买盘
225,14:41:33,20.9,--,50,104500,卖盘
226,14:41:30,20.9,-0.01,5,10450,卖盘
227,14:41:27,20.91,--,6,12546,买盘
228,14:41:24,20.91,--,7,14637,买盘
229,14:41:21,20.91,0.01,13,27183,买盘
230,14:41:18,20.9,-0.01,50,104500,卖盘
231,14:41:06,20.91,-0.01,37,77367,卖盘
232,14:41:00,20.92,0.01,14,29288,买盘
233,14:40:57,20.91,--,23,48093,卖盘
234,14:40:54,20.91,-0.02,10,20910,卖盘
235,14:40:48,20.93,0.02,5,10465,买盘
236,14:40:42,20.91,--,1,2091,卖盘
237,14:40:39,20.91,0.01,27,56457,买盘
238,14:40:36,20.9,--,2,4180,卖盘
239,14:40:33,20.9,-0.01,2,4180,卖盘
240,14:40:30,20.91,0.01,70,146370,买盘
241,14:40:27,20.9,--,78,163020,卖盘
242,14:40:24,20.9,-0.01,10,20900,卖盘
243,14:40:21,20.91,--,5,10455,买盘
244,14:40:18,20.91,0.01,9,18819,买盘
245,14:40:15,20.9,-0.01,7,14629,卖盘
246,14:40:12,20.91,--,8,16728,买盘
247,14:40:09,20.91,--,10,20910,买盘
248,14:40:06,20.91,-0.02,123,257193,卖盘
249,14:40:03,20.93,0.01,1,2093,买盘
250,14:40:00,20.92,--,11,23012,买盘
251,14:39:57,20.92,0.01,7,14644,买盘
252,14:39:54,20.91,-0.01,2,4182,卖盘
253,14:39:51,20.92,--,7,14644,买盘
254,14:39:48,20.92,--,2,4184,买盘
255,14:39:45,20.92,--,44,92048,卖盘
256,14:39:42,20.92,-0.01,9,18828,卖盘
257,14:39:39,20.93,0.01,1,2093,买盘
258,14:39:36,20.92,--,7,14644,买盘
259,14:39:33,20.92,0.01,15,31380,买盘
260,14:39:27,20.91,--,3,6273,卖盘
261,14:39:24,20.91,--,3,6273,卖盘
262,14:39:18,20.91,0.01,1,2091,买盘
263,14:39:09,20.9,--,8,16720,买盘
264,14:39:06,20.9,--,4,8360,买盘
265,14:39:03,20.9,0.01,4,8360,买盘
266,14:38:57,20.89,-0.01,2,4178,卖盘
267,14:38:54,20.9,--,3,6270,买盘
268,14:38:51,20.9,0.01,2,4180,买盘
269,14:38:48,20.89,--,17,35513,买盘
270,14:38:45,20.89,-0.01,3,6267,买盘
271,14:38:42,20.9,0.02,3,6270,买盘
272,14:38:39,20.88,-0.01,31,64978,卖盘
273,14:38:36,20.89,0.01,10,20890,买盘
274,14:38:30,20.88,-0.01,25,52200,卖盘
275,14:38:27,20.89,0.02,20,41780,买盘
276,14:38:24,20.87,--,30,62610,卖盘
277,14:38:09,20.87,-0.02,2,4174,卖盘
278,14:38:06,20.89,0.02,10,20890,买盘
279,14:38:03,20.87,--,10,20870,卖盘
280,14:37:57,20.87,--,1,2087,卖盘
281,14:37:54,20.87,0.02,2,4174,买盘
282,14:37:48,20.85,-0.01,15,31275,卖盘
283,14:37:39,20.86,-0.01,3,6258,中性盘
284,14:37:36,20.87,0.02,1,2087,买盘
285,14:37:33,20.85,--,12,25020,卖盘
286,14:37:24,20.85,--,17,35445,买盘
287,14:37:21,20.85,--,30,62550,买盘
288,14:37:18,20.85,--,13,27105,买盘
289,14:37:15,20.85,--,13,27105,买盘
290,14:37:09,20.85,--,68,141780,买盘
291,14:37:06,20.85,--,1,2085,买盘
292,14:37:03,20.85,0.01,7,14595,买盘
293,14:37:00,20.84,-0.01,19,39596,中性盘
294,14:36:57,20.85,0.01,219,456615,买盘
295,14:36:54,20.84,-0.01,17,35428,卖盘
296,14:36:51,20.85,--,20,41700,买盘
297,14:36:48,20.85,0.02,23,47955,买盘
298,14:36:45,20.83,-0.02,1,2083,卖盘
299,14:36:42,20.85,0.01,23,47955,买盘
300,14:36:39,20.84,--,1,2084,买盘
301,14:36:33,20.84,--,10,20840,买盘
302,14:36:30,20.84,-0.03,12,25008,买盘
303,14:36:27,20.87,0.02,10,20870,买盘
304,14:36:24,20.85,--,20,41700,卖盘
305,14:36:18,20.85,--,54,112590,买盘
306,14:36:15,20.85,0.03,1,2085,买盘
307,14:36:12,20.82,-0.02,49,102018,卖盘
308,14:36:09,20.84,-0.01,9,18756,中性盘
309,14:36:03,20.85,0.02,25,52125,买盘
310,14:36:00,20.83,-0.02,3,6248,卖盘
311,14:35:57,20.85,--,5,10425,买盘
312,14:35:54,20.85,--,18,37530,买盘
313,14:35:51,20.85,0.01,2,4170,买盘
314,14:35:48,20.84,-0.01,10,20840,中性盘
315,14:35:42,20.85,--,2,4170,买盘
316,14:35:39,20.85,0.03,10,20850,买盘
317,14:35:36,20.82,--,23,49364,买盘
318,14:35:33,20.82,--,34,70788,买盘
319,14:35:30,20.82,-0.02,59,122838,卖盘
320,14:35:27,20.84,--,22,45848,卖盘
321,14:35:24,20.84,0.02,279,581436,买盘
322,14:35:21,20.82,0.01,15,31230,中性盘
323,14:35:18,20.81,--,30,62429,卖盘
324,14:35:15,20.81,-0.01,7,14567,卖盘
325,14:35:12,20.82,--,36,74952,买盘
326,14:35:09,20.82,--,18,37476,买盘
327,14:35:03,20.82,0.01,24,49968,买盘
328,14:35:00,20.81,--,22,45782,卖盘
329,14:34:57,20.81,--,60,124859,卖盘
330,14:34:54,20.81,-0.01,8,16648,卖盘
331,14:34:51,20.82,--,34,70788,买盘
332,14:34:48,20.82,0.01,7,14574,买盘
333,14:34:45,20.81,0.01,44,91564,中性盘
334,14:34:42,20.8,--,80,166400,卖盘
335,14:34:39,20.8,-0.01,278,578468,卖盘
336,14:34:36,20.81,--,129,268449,买盘
337,14:34:33,20.81,0.01,23,47863,买盘
338,14:34:30,20.8,--,20,41600,卖盘
339,14:34:27,20.8,--,45,93600,卖盘
340,14:34:24,20.8,-0.01,153,318240,卖盘
341,14:34:21,20.81,--,21,43701,买盘
342,14:34:18,20.81,--,6,12486,买盘
343,14:34:15,20.81,--,23,47863,买盘
344,14:34:12,20.81,--,6,12486,买盘
345,14:34:09,20.81,0.01,5,10405,买盘
346,14:34:06,20.8,-0.01,20,41600,卖盘
347,14:34:03,20.81,-0.01,23,47863,买盘
348,14:34:00,20.82,0.02,3,6246,买盘
349,14:33:54,20.8,-0.01,267,555360,卖盘
350,14:33:51,20.81,-0.01,99,206019,卖盘
351,14:33:45,20.82,-0.02,9,18738,卖盘
352,14:33:42,20.84,0.01,16,33344,买盘
353,14:33:39,20.83,-0.01,3,6248,卖盘
354,14:33:36,20.84,--,18,37512,买盘
355,14:33:33,20.84,0.01,6,12504,买盘
356,14:33:30,20.83,-0.01,3,6248,卖盘
357,14:33:27,20.84,--,15,31260,卖盘
358,14:33:24,20.84,-0.01,17,35428,卖盘
359,14:33:21,20.85,0.01,16,33360,买盘
360,14:33:18,20.84,-0.01,10,20840,卖盘
361,14:33:15,20.85,--,5,10425,买盘
362,14:33:12,20.85,--,24,50040,买盘
363,14:33:09,20.85,--,72,150120,卖盘
364,14:33:06,20.85,-0.01,10,20850,卖盘
365,14:33:03,20.86,0.01,8,16688,买盘
366,14:33:00,20.85,-0.02,52,108420,卖盘
367,14:32:54,20.87,-0.01,21,43827,买盘
368,14:32:45,20.88,0.02,55,114840,买盘
369,14:32:42,20.86,--,25,52150,卖盘
370,14:32:36,20.86,-0.02,41,85526,卖盘
371,14:32:30,20.88,-0.02,141,294408,卖盘
372,14:32:15,20.9,--,114,238866,卖盘
373,14:32:12,20.9,--,21,43890,卖盘
374,14:32:09,20.9,--,24,50160,卖盘
375,14:32:06,20.9,--,10,20900,卖盘
376,14:32:03,20.9,--,20,41800,卖盘
377,14:32:00,20.9,-0.01,113,236169,卖盘
378,14:31:57,20.91,--,11,23001,买盘
379,14:31:54,20.91,0.01,8,16728,买盘
380,14:31:51,20.9,--,52,108679,卖盘
381,14:31:48,20.9,--,20,41800,卖盘
382,14:31:45,20.9,--,2,4180,卖盘
383,14:31:42,20.9,-0.01,10,20900,卖盘
384,14:31:39,20.91,--,1,2091,买盘
385,14:31:30,20.91,0.01,1,2091,买盘
386,14:31:15,20.9,-0.02,6,12540,卖盘
387,14:31:12,20.92,--,2,4184,买盘
388,14:31:09,20.92,--,11,23012,买盘
389,14:31:03,20.92,--,9,20689,卖盘
390,14:31:00,20.92,--,20,41840,卖盘
391,14:30:57,20.92,-0.01,66,138072,卖盘
392,14:30:54,20.93,0.01,20,41860,买盘
393,14:30:51,20.92,--,3,6276,卖盘
394,14:30:48,20.92,-0.01,2,4184,卖盘
395,14:30:45,20.93,--,12,25116,买盘
396,14:30:42,20.93,--,3,6279,买盘
397,14:30:33,20.93,0.01,19,39767,买盘
398,14:30:24,20.92,-0.01,32,66944,卖盘
399,14:30:21,20.93,--,20,41860,买盘
400,14:30:15,20.93,0.01,4,8372,买盘
401,14:30:09,20.92,--,31,64852,卖盘
402,14:30:06,20.92,--,25,52300,卖盘
403,14:30:00,20.92,--,4,8368,卖盘
404,14:29:57,20.92,--,2,4184,卖盘
405,14:29:48,20.92,--,8,16966,买盘
406,14:29:45,20.92,--,61,127612,买盘
407,14:29:42,20.92,0.01,13,27196,买盘
408,14:29:36,20.91,--,20,41820,卖盘
409,14:29:33,20.91,-0.01,6,14030,卖盘
410,14:29:30,20.92,--,1,2092,买盘
411,14:29:27,20.92,--,21,43932,买盘
412,14:29:24,20.92,0.01,3,6276,买盘
413,14:29:12,20.91,--,49,102459,卖盘
414,14:29:09,20.91,--,20,41820,买盘
415,14:29:03,20.91,--,17,35547,卖盘
416,14:28:54,20.91,-0.01,4,8364,卖盘
417,14:28:45,20.92,0.01,3,6276,买盘
418,14:28:42,20.91,--,3,6273,卖盘
419,14:28:33,20.91,--,35,73185,卖盘
420,14:28:24,20.91,-0.02,34,71094,卖盘
421,14:28:09,20.93,0.01,1,2093,买盘
422,14:28:06,20.92,--,10,20920,买盘
423,14:28:03,20.92,--,1,2092,买盘
424,14:28:00,20.92,0.01,19,39748,买盘
425,14:27:57,20.91,-0.01,4,8364,卖盘
426,14:27:48,20.92,--,2,4184,买盘
427,14:27:45,20.92,--,44,92048,卖盘
428,14:27:42,20.92,-0.01,6,12552,中性盘
429,14:27:36,20.93,0.01,5,10465,买盘
430,14:27:24,20.92,--,5,10460,买盘
431,14:27:21,20.92,-0.01,13,27196,卖盘
432,14:27:15,20.93,--,10,20930,买盘
433,14:27:12,20.93,0.01,1,2093,买盘
434,14:27:09,20.92,--,7,14644,卖盘
435,14:27:03,20.92,--,16,33472,卖盘
436,14:26:57,20.92,-0.01,13,27196,卖盘
437,14:26:48,20.93,--,1,2093,买盘
438,14:26:39,20.93,0.01,2,4186,买盘
439,14:26:36,20.92,--,5,10460,卖盘
440,14:26:33,20.92,-0.01,6,12552,卖盘
441,14:26:27,20.93,0.01,200,418600,买盘
442,14:26:24,20.92,--,4,8368,买盘
443,14:26:21,20.92,--,2,4184,买盘
444,14:26:18,20.92,0.02,1,2092,买盘
445,14:26:15,20.9,-0.02,4,8360,卖盘
446,14:25:57,20.92,-0.03,1,2092,中性盘
447,14:25:48,20.95,--,32,67040,卖盘
448,14:25:42,20.95,0.02,88,184360,买盘
449,14:25:36,20.93,-0.02,5,10465,卖盘
450,14:25:30,20.95,0.05,17,35615,买盘
451,14:25:24,20.9,-0.02,2,4180,卖盘
452,14:25:18,20.92,0.04,2,4184,买盘
453,14:25:15,20.88,-0.01,40,83520,卖盘
454,14:25:12,20.89,-0.03,5,10445,卖盘
455,14:25:06,20.92,0.04,110,230120,买盘
456,14:25:03,20.88,--,3,6264,卖盘
457,14:25:00,20.88,--,2,4176,买盘
458,14:24:57,20.88,-0.01,12,25056,卖盘
459,14:24:54,20.89,--,1,2089,卖盘
460,14:24:51,20.89,0.01,63,131607,买盘
461,14:24:48,20.88,0.01,22,45936,买盘
462,14:24:42,20.87,--,17,35479,买盘
463,14:24:39,20.87,--,3,6261,买盘
464,14:24:33,20.87,0.02,1,2087,买盘
465,14:24:30,20.85,-0.02,74,154290,卖盘
466,14:24:27,20.87,--,21,43827,买盘
467,14:24:24,20.87,--,5,10435,买盘
468,14:24:21,20.87,--,1,2087,买盘
469,14:24:18,20.87,-0.01,40,83480,卖盘
470,14:24:15,20.88,--,4,8352,卖盘
471,14:24:12,20.88,-0.01,2,4176,卖盘
472,14:24:09,20.89,-0.01,5,10445,中性盘
473,14:24:06,20.9,0.02,3,6270,买盘
474,14:24:03,20.88,--,8,16704,卖盘
475,14:24:00,20.88,-0.02,50,104400,卖盘
476,14:23:57,20.9,0.02,1,2090,买盘
477,14:23:54,20.88,--,17,35496,卖盘
478,14:23:51,20.88,-0.02,10,20880,卖盘
479,14:23:48,20.9,--,41,85690,买盘
480,14:23:45,20.9,0.01,142,296780,买盘
481,14:23:42,20.89,--,1,2089,买盘
482,14:23:36,20.89,--,43,89827,买盘
483,14:23:33,20.89,--,12,25068,买盘
484,14:23:27,20.89,--,10,20890,买盘
485,14:23:24,20.89,--,11,22979,买盘
486,14:23:21,20.89,-0.01,5,10445,卖盘
487,14:23:18,20.9,--,27,56429,买盘
488,14:23:12,20.9,--,2,4180,买盘
489,14:23:03,20.9,--,5,12163,卖盘
490,14:23:00,20.9,--,243,508246,卖盘
491,14:22:57,20.9,--,1,2090,卖盘
492,14:22:54,20.9,--,3,6270,卖盘
493,14:22:51,20.9,-0.01,119,248709,卖盘
494,14:22:45,20.91,-0.01,62,129642,卖盘
495,14:22:36,20.92,-0.02,106,221752,卖盘
496,14:22:33,20.94,0.01,4,8376,买盘
497,14:22:30,20.93,-0.01,8,16744,卖盘
498,14:22:27,20.94,--,1,2094,买盘
499,14:22:21,20.94,-0.01,40,85623,卖盘
500,14:22:18,20.95,-0.01,3,6285,卖盘
501,14:22:12,20.96,0.01,20,41920,买盘
502,14:22:09,20.95,--,18,37940,卖盘
503,14:22:03,20.95,-0.01,177,370815,卖盘
504,14:22:00,20.96,--,11,23056,卖盘
505,14:21:57,20.96,--,28,58688,卖盘
506,14:21:54,20.96,--,2,4192,卖盘
507,14:21:48,20.96,-0.01,5,10480,卖盘
508,14:21:45,20.97,-0.01,43,90171,卖盘
509,14:21:39,20.98,0.01,8,16784,卖盘
510,14:21:33,20.97,-0.02,2,4194,卖盘
511,14:21:30,20.99,--,3,8165,买盘
512,14:21:24,20.99,0.01,1,2099,买盘
513,14:21:21,20.98,-0.01,185,388130,卖盘
514,14:21:18,20.99,0.01,2,4198,买盘
515,14:21:15,20.98,--,22,46156,卖盘
516,14:21:12,20.98,--,3,6294,卖盘
517,14:21:09,20.98,--,20,41960,卖盘
518,14:21:06,20.98,--,13,27274,卖盘
519,14:21:03,20.98,-0.02,16,33568,卖盘
520,14:21:00,21.0,0.02,6,12600,买盘
521,14:20:57,20.98,--,110,230780,卖盘
522,14:20:45,20.98,-0.01,90,188820,卖盘
523,14:20:42,20.99,-0.01,46,96554,卖盘
524,14:20:39,21.0,--,5,10500,卖盘
525,14:20:36,21.0,--,8,18396,卖盘
526,14:20:33,21.0,-0.01,24,50400,卖盘
527,14:20:21,21.01,0.01,13,27313,买盘
528,14:20:15,21.0,--,30,63000,卖盘
529,14:20:12,21.0,--,3,6300,卖盘
530,14:20:09,21.0,-0.02,38,79800,卖盘
531,14:20:06,21.02,0.01,19,39938,买盘
532,14:19:54,21.01,--,10,21010,卖盘
533,14:19:51,21.01,-0.01,9,18909,卖盘
534,14:19:48,21.02,0.01,1,2102,买盘
535,14:19:45,21.01,-0.02,2,4202,卖盘
536,14:19:39,21.03,0.01,24,50472,买盘
537,14:19:36,21.02,-0.01,5,10951,卖盘
538,14:19:33,21.03,0.01,1,2103,买盘
539,14:19:30,21.02,--,1,3762,中性盘
540,14:19:24,21.02,0.01,2,4204,买盘
541,14:19:18,21.01,--,3,6303,卖盘
542,14:19:15,21.01,-0.01,15,31515,卖盘
543,14:19:12,21.02,-0.01,1,2102,中性盘
544,14:18:48,21.03,0.02,7,14721,买盘
545,14:18:45,21.01,-0.01,3,6303,卖盘
546,14:18:39,21.02,0.01,54,113508,中性盘
547,14:18:24,21.01,0.01,571,1200406,买盘
548,14:18:15,21.0,-0.01,3,6300,卖盘
549,14:18:12,21.01,--,5,10505,买盘
550,14:18:06,21.01,--,10,21010,买盘
551,14:18:03,21.01,--,62,130262,买盘
552,14:17:57,21.01,--,6,12606,买盘
553,14:17:54,21.01,--,1,2101,买盘
554,14:17:51,21.01,-0.02,17,35717,卖盘
555,14:17:42,21.03,0.02,12,25236,买盘
556,14:17:39,21.01,-0.02,1,2101,卖盘
557,14:17:33,21.03,--,5,10515,卖盘
558,14:17:30,21.03,--,2,4206,卖盘
559,14:17:18,21.03,0.02,2,4206,中性盘
560,14:17:12,21.01,--,8,16808,买盘
561,14:17:06,21.01,--,2,4202,卖盘
562,14:16:54,21.01,-0.04,3,6303,卖盘
563,14:16:51,21.05,--,100,210500,买盘
564,14:16:48,21.05,--,2,4210,买盘
565,14:16:36,21.05,--,1,2105,买盘
566,14:16:30,21.05,--,3,6315,买盘
567,14:16:27,21.05,--,5,10525,买盘
568,14:16:24,21.05,--,270,568350,买盘
569,14:16:21,21.05,-0.01,32,67360,卖盘
570,14:16:18,21.06,0.01,9,18954,买盘
571,14:16:12,21.05,--,5,10525,卖盘
572,14:16:00,21.05,0.02,10,21050,卖盘
573,14:15:57,21.03,-0.02,3,6309,卖盘
574,14:15:48,21.05,--,10,21050,买盘
575,14:15:36,21.05,0.02,1,2105,买盘
576,14:15:33,21.03,0.01,33,71480,买盘
577,14:15:30,21.02,--,1,2102,卖盘
578,14:15:27,21.02,-0.01,3,6306,卖盘
579,14:15:21,21.03,--,7,14742,卖盘
580,14:15:12,21.03,--,4,10493,买盘
581,14:15:09,21.03,--,5,10515,买盘
582,14:15:06,21.03,--,10,21030,买盘
583,14:15:03,21.03,0.01,10,21030,买盘
584,14:15:00,21.02,-0.01,11,23122,卖盘
585,14:14:57,21.03,--,10,21030,买盘
586,14:14:54,21.03,--,20,42060,买盘
587,14:14:30,21.03,--,50,105150,买盘
588,14:14:18,21.03,0.01,100,210300,买盘
589,14:14:09,21.02,-0.01,25,52550,卖盘
590,14:14:06,21.03,--,3,6309,买盘
591,14:14:03,21.03,--,3,6309,买盘
592,14:13:45,21.03,0.01,6,12618,买盘
593,14:13:33,21.02,-0.01,131,275362,卖盘
594,14:13:27,21.03,--,40,84120,买盘
595,14:13:24,21.03,0.01,22,46266,买盘
596,14:13:12,21.02,--,46,96692,卖盘
597,14:13:03,21.02,--,41,86182,卖盘
598,14:13:00,21.02,--,7,14714,卖盘
599,14:12:54,21.02,--,1,2102,卖盘
600,14:12:45,21.02,--,8,16816,卖盘
601,14:12:36,21.02,--,44,92488,卖盘
602,14:12:30,21.02,-0.01,10,21020,卖盘
603,14:12:27,21.03,0.01,12,25236,买盘
604,14:12:15,21.02,-0.01,10,21020,卖盘
605,14:12:06,21.03,--,1,2103,买盘
606,14:11:54,21.03,--,32,67317,卖盘
607,14:11:51,21.03,-0.01,31,65193,卖盘
608,14:11:48,21.04,0.01,2,4208,买盘
609,14:11:42,21.03,--,142,298626,卖盘
610,14:11:33,21.03,-0.01,6,12618,卖盘
611,14:11:30,21.04,0.01,12,25248,买盘
612,14:11:18,21.03,--,2,4206,卖盘
613,14:11:15,21.03,--,0,1556,卖盘
614,14:10:57,21.03,-0.01,1,2103,卖盘
615,14:10:42,21.04,0.01,3,6312,卖盘
616,14:10:21,21.03,-0.01,29,60987,卖盘
617,14:10:12,21.04,--,5,10520,卖盘
618,14:10:06,21.04,0.01,9,19504,买盘
619,14:09:54,21.03,--,15,32238,卖盘
620,14:09:42,21.03,--,2,4206,卖盘
621,14:09:24,21.03,--,2,4206,卖盘
622,14:09:15,21.03,-0.01,3,6309,卖盘
623,14:09:09,21.04,-0.01,54,115151,卖盘
624,14:09:06,21.05,-0.01,73,153665,卖盘
625,14:09:00,21.06,0.01,40,84240,买盘
626,14:08:57,21.05,--,10,21050,卖盘
627,14:08:54,21.05,--,50,105250,卖盘
628,14:08:51,21.05,--,10,21050,卖盘
629,14:08:45,21.05,-0.01,7,14735,卖盘
630,14:08:30,21.06,-0.01,18,37908,卖盘
631,14:08:24,21.07,--,48,101136,卖盘
632,14:08:06,21.07,0.01,5,10535,买盘
633,14:08:00,21.06,-0.01,71,149526,卖盘
634,14:07:54,21.07,--,5,10535,买盘
635,14:07:45,21.07,--,1,2107,买盘
636,14:07:42,21.07,0.01,1,2107,买盘
637,14:07:33,21.06,--,106,223236,卖盘
638,14:07:18,21.06,0.01,30,63179,买盘
639,14:07:15,21.05,-0.01,18,37890,卖盘
640,14:06:57,21.06,0.01,2,4212,买盘
641,14:06:54,21.05,-0.01,2,4210,卖盘
642,14:06:51,21.06,0.01,1,2106,买盘
643,14:06:12,21.05,0.02,16,34248,买盘
644,14:06:00,21.03,--,2,4206,卖盘
645,14:05:54,21.03,--,2,4206,卖盘
646,14:05:18,21.03,-0.01,3,6309,卖盘
647,14:05:15,21.04,0.01,59,124136,买盘
648,14:05:12,21.03,-0.01,5,10515,卖盘
649,14:05:09,21.04,--,5,10520,买盘
650,14:04:54,21.04,-0.01,8,16832,卖盘
651,14:04:45,21.05,--,2,4210,买盘
652,14:04:39,21.05,--,8,16840,买盘
653,14:04:21,21.05,0.01,2,4210,买盘
654,14:04:12,21.04,--,4,8416,卖盘
655,14:04:09,21.04,--,15,31560,买盘
656,14:04:06,21.04,0.01,7,14728,买盘
657,14:04:00,21.03,-0.01,6,12618,卖盘
658,14:03:57,21.04,--,1,2104,买盘
659,14:03:54,21.04,--,10,21040,买盘
660,14:03:48,21.04,--,2,4208,买盘
661,14:03:39,21.04,--,30,63120,买盘
662,14:03:27,21.04,-0.01,153,321912,卖盘
663,14:03:24,21.05,--,19,39995,买盘
664,14:03:15,21.05,--,2,4210,买盘
665,14:03:12,21.05,--,84,176820,买盘
666,14:03:06,21.05,--,4,8420,买盘
667,14:03:00,21.05,--,27,56835,买盘
668,14:02:48,21.05,--,1,2105,买盘
669,14:02:33,21.05,--,9,18945,买盘
670,14:02:24,21.05,--,50,105250,买盘
671,14:02:09,21.05,--,3,6315,买盘
672,14:02:06,21.05,--,2,4210,买盘
673,14:01:57,21.05,--,10,21050,买盘
674,14:01:42,21.05,0.02,1,2105,买盘
675,14:01:33,21.03,--,5,10515,卖盘
676,14:01:30,21.03,--,24,50472,卖盘
677,14:01:27,21.03,-0.02,6,12618,卖盘
678,14:01:24,21.05,0.02,3,6315,买盘
679,14:00:36,21.03,-0.01,17,35751,卖盘
680,14:00:30,21.04,0.01,3,6312,卖盘
681,14:00:24,21.03,--,7,14721,卖盘
682,14:00:18,21.03,--,18,37854,卖盘
683,14:00:15,21.03,-0.01,5,11881,卖盘
684,14:00:06,21.04,--,12,25248,买盘
685,14:00:03,21.04,--,50,105200,买盘
686,14:00:00,21.04,--,1,2104,买盘
687,13:59:42,21.04,--,7,14728,买盘
688,13:59:33,21.04,0.01,5,10520,买盘
689,13:59:15,21.03,-0.01,10,21030,卖盘
690,13:59:12,21.04,--,2,4208,买盘
691,13:59:03,21.04,--,1,2104,买盘
692,13:58:54,21.04,-0.01,46,96784,卖盘
693,13:58:36,21.05,0.01,5,10525,买盘
694,13:58:06,21.04,--,9,18936,买盘
695,13:57:57,21.04,--,3,6312,买盘
696,13:57:54,21.04,--,8,16832,买盘
697,13:57:51,21.04,--,2,4208,买盘
698,13:57:45,21.04,--,11,23144,买盘
699,13:57:42,21.04,-0.01,101,212504,卖盘
700,13:57:39,21.05,--,2,4210,买盘
701,13:57:33,21.05,--,5,10525,买盘
702,13:57:30,21.05,--,7,14735,买盘
703,13:57:27,21.05,--,2,4210,买盘
704,13:57:24,21.05,--,46,98366,卖盘
705,13:57:06,21.05,0.01,41,86873,买盘
706,13:57:03,21.04,-0.01,4,8416,卖盘
707,13:56:57,21.05,--,2,4210,买盘
708,13:56:54,21.05,--,1,2105,买盘
709,13:56:48,21.05,0.01,5,10525,买盘
710,13:56:45,21.04,-0.01,13,27352,卖盘
711,13:56:36,21.05,--,2,4210,买盘
712,13:56:21,21.05,--,3,6315,买盘
713,13:56:12,21.05,0.01,6,12630,买盘
714,13:56:09,21.04,-0.01,1,2104,卖盘
715,13:56:06,21.05,--,1,2105,买盘
716,13:56:03,21.05,--,42,88410,买盘
717,13:56:00,21.05,0.01,3,6315,买盘
718,13:55:57,21.04,--,5,10520,卖盘
719,13:55:42,21.04,-0.01,5,10520,卖盘
720,13:55:33,21.05,0.01,10,21050,买盘
721,13:55:30,21.04,--,33,69432,买盘
722,13:55:15,21.04,--,2,4208,卖盘
723,13:55:09,21.04,--,8,16832,卖盘
724,13:54:45,21.04,-0.01,2,4208,卖盘
725,13:54:39,21.05,--,6,14166,卖盘
726,13:54:36,21.05,--,40,84200,卖盘
727,13:54:33,21.05,--,31,65255,卖盘
728,13:54:30,21.05,--,6,12630,卖盘
729,13:54:24,21.05,--,12,25260,卖盘
730,13:54:15,21.05,-0.01,1,2105,卖盘
731,13:54:12,21.06,--,3,8297,卖盘
732,13:54:06,21.06,--,53,111618,卖盘
733,13:53:57,21.06,--,30,63179,卖盘
734,13:53:51,21.06,--,1,2106,卖盘
735,13:53:48,21.06,-0.01,8,16848,卖盘
736,13:53:39,21.07,--,2,4214,中性盘
737,13:53:30,21.07,--,10,21070,卖盘
738,13:53:27,21.07,-0.01,15,31605,卖盘
739,13:53:24,21.08,0.01,33,69564,买盘
740,13:53:21,21.07,--,10,21070,卖盘
741,13:53:18,21.07,--,2,4214,卖盘
742,13:53:15,21.07,0.01,2,4214,买盘
743,13:53:12,21.06,--,0,126,买盘
744,13:53:00,21.06,-0.02,2,6191,卖盘
745,13:52:51,21.08,0.02,35,73780,买盘
746,13:52:48,21.06,--,2,4212,卖盘
747,13:52:42,21.06,--,3,6318,卖盘
748,13:52:36,21.06,--,10,21060,卖盘
749,13:52:30,21.06,--,8,16848,卖盘
750,13:52:24,21.06,--,19,40140,卖盘
751,13:52:15,21.06,--,6,12636,卖盘
752,13:51:51,21.06,-0.02,2,4212,卖盘
753,13:51:24,21.08,--,8,16864,买盘
754,13:51:18,21.08,-0.01,56,120029,卖盘
755,13:50:51,21.09,--,1,2109,买盘
756,13:50:45,21.09,--,1,2109,买盘
757,13:50:42,21.09,--,10,21090,买盘
758,13:50:39,21.09,--,12,25308,买盘
759,13:50:36,21.09,--,6,12654,卖盘
760,13:50:30,21.09,--,1,2109,卖盘
761,13:50:18,21.09,--,17,35853,卖盘
762,13:49:54,21.09,--,5,10545,卖盘
763,13:49:51,21.09,0.01,2,4218,中性盘
764,13:49:48,21.08,-0.01,10,21080,卖盘
765,13:49:45,21.09,--,31,65379,买盘
766,13:49:33,21.09,--,10,21090,买盘
767,13:49:24,21.09,--,5,10545,买盘
768,13:49:21,21.09,--,2,4218,买盘
769,13:49:12,21.09,--,10,21090,买盘
770,13:49:03,21.09,-0.03,17,35853,卖盘
771,13:48:54,21.12,0.03,1,2112,买盘
772,13:48:48,21.09,-0.03,2,4218,卖盘
773,13:48:12,21.12,0.03,10,21120,买盘
774,13:48:00,21.09,--,4,8436,卖盘
775,13:47:39,21.09,-0.03,1,2109,卖盘
776,13:47:21,21.12,0.03,2,4224,买盘
777,13:46:39,21.09,-0.03,5,10545,中性盘
778,13:46:30,21.12,--,1,2112,卖盘
779,13:46:27,21.12,0.04,4,8448,买盘
780,13:46:15,21.08,--,8,16864,卖盘
781,13:46:12,21.08,--,1,2234,买盘
782,13:46:00,21.08,-0.05,6,14629,卖盘
783,13:45:54,21.13,0.03,23,48599,买盘
784,13:45:42,21.1,-0.02,46,98558,卖盘
785,13:45:30,21.12,-0.01,2,4224,卖盘
786,13:45:09,21.13,--,1,2113,买盘
787,13:44:57,21.13,--,45,95085,卖盘
788,13:44:54,21.13,--,10,21130,卖盘
789,13:44:51,21.13,-0.01,80,169040,卖盘
790,13:44:39,21.14,0.01,38,80332,买盘
791,13:44:21,21.13,--,2,4226,卖盘
792,13:44:12,21.13,--,6,12678,卖盘
793,13:43:48,21.13,--,10,21130,买盘
794,13:43:39,21.13,--,1,2113,卖盘
795,13:43:18,21.13,-0.01,2,4226,卖盘
796,13:42:57,21.14,--,5,10570,买盘
797,13:42:51,21.14,--,2,4228,买盘
798,13:42:45,21.14,-0.01,38,80332,卖盘
799,13:42:42,21.15,--,2,4230,买盘
800,13:42:36,21.15,0.01,3,6345,买盘
801,13:42:33,21.14,--,11,23254,卖盘
802,13:42:30,21.14,--,20,42280,卖盘
803,13:42:12,21.14,-0.01,20,42280,卖盘
804,13:42:06,21.15,0.01,1,2115,买盘
805,13:42:03,21.14,--,1,2114,卖盘
806,13:41:54,21.14,--,67,141638,卖盘
807,13:41:51,21.14,--,13,27482,卖盘
808,13:41:48,21.14,0.01,60,126840,买盘
809,13:41:33,21.13,--,6,12678,卖盘
810,13:41:27,21.13,--,5,10565,卖盘
811,13:41:24,21.13,-0.01,5,10565,卖盘
812,13:41:21,21.14,0.01,9,19026,买盘
813,13:41:12,21.13,--,10,21130,卖盘
814,13:41:09,21.13,-0.01,3,6339,卖盘
815,13:41:03,21.14,--,6,12684,买盘
816,13:41:00,21.14,--,2,4228,买盘
817,13:40:57,21.14,--,11,23254,买盘
818,13:40:45,21.14,--,3,6342,卖盘
819,13:40:36,21.14,0.01,2,4228,卖盘
820,13:40:30,21.13,-0.01,94,198622,卖盘
821,13:40:27,21.14,0.01,8,16912,买盘
822,13:40:24,21.13,--,11,23243,卖盘
823,13:40:21,21.13,--,15,31695,卖盘
824,13:40:18,21.13,-0.01,119,251447,卖盘
825,13:40:15,21.14,0.01,12,25368,买盘
826,13:40:12,21.13,--,19,40147,卖盘
827,13:40:03,21.13,--,2,4226,卖盘
828,13:39:57,21.13,--,16,33808,买盘
829,13:39:51,21.13,--,2,4226,买盘
830,13:39:48,21.13,--,5,10565,买盘
831,13:39:39,21.13,--,4,8452,卖盘
832,13:39:36,21.13,-0.01,1,2113,卖盘
833,13:39:30,21.14,0.01,2,4228,买盘
834,13:39:24,21.13,-0.01,7,14791,卖盘
835,13:39:12,21.14,0.04,3,6342,中性盘
836,13:39:06,21.1,-0.03,68,143480,卖盘
837,13:39:03,21.13,--,6,12678,卖盘
838,13:39:00,21.13,--,3,6339,买盘
839,13:38:48,21.13,0.02,2,4226,买盘
840,13:38:45,21.11,--,10,21110,卖盘
841,13:38:39,21.11,-0.02,5,10555,卖盘
842,13:38:36,21.13,0.03,10,21130,买盘
843,13:38:30,21.1,--,6,13271,买盘
844,13:38:27,21.1,--,26,54860,买盘
845,13:38:24,21.1,-0.01,109,229990,卖盘
846,13:38:18,21.11,0.01,5,10555,买盘
847,13:38:09,21.1,0.02,21,44310,买盘
848,13:38:06,21.08,--,4,8558,卖盘
849,13:38:00,21.08,0.03,10,21080,中性盘
850,13:37:48,21.05,-0.01,53,113501,卖盘
851,13:37:33,21.06,0.01,6,12636,买盘
852,13:37:27,21.05,--,6,13198,卖盘
853,13:37:21,21.05,--,79,166463,买盘
854,13:37:18,21.05,--,75,157875,买盘
855,13:37:15,21.05,--,20,42100,买盘
856,13:37:12,21.05,--,10,21050,买盘
857,13:37:09,21.05,0.03,20,42100,买盘
858,13:37:06,21.02,-0.03,51,108841,卖盘
859,13:37:03,21.05,--,7,14735,买盘
860,13:37:00,21.05,0.03,60,126300,买盘
861,13:36:57,21.02,-0.03,151,317402,卖盘
862,13:36:54,21.05,0.05,5,10525,买盘
863,13:36:51,21.0,--,10,21000,卖盘
864,13:36:48,21.0,-0.04,30,63273,卖盘
865,13:36:45,21.04,--,5,10520,卖盘
866,13:36:42,21.04,0.02,142,299988,买盘
867,13:36:39,21.02,--,35,73570,卖盘
868,13:36:30,21.02,--,6,14587,买盘
869,13:36:27,21.02,-0.01,14,29932,卖盘
870,13:36:24,21.03,0.01,14,31355,买盘
871,13:36:21,21.02,-0.01,15,31530,卖盘
872,13:36:18,21.03,--,8,16824,买盘
873,13:36:15,21.03,--,3,6309,买盘
874,13:36:12,21.03,0.01,1,2103,买盘
875,13:36:06,21.02,--,10,22596,卖盘
876,13:36:03,21.02,-0.01,3,6306,卖盘
877,13:36:00,21.03,--,3,6309,买盘
878,13:35:57,21.03,--,8,16824,买盘
879,13:35:54,21.03,0.01,14,29442,买盘
880,13:35:51,21.02,--,17,35734,卖盘
881,13:35:48,21.02,--,16,33842,卖盘
882,13:35:42,21.02,--,24,50448,买盘
883,13:35:39,21.02,--,3,6306,买盘
884,13:35:36,21.02,--,1,2102,买盘
885,13:35:33,21.02,0.01,3,6306,买盘
886,13:35:27,21.01,--,4,8950,卖盘
887,13:35:21,21.01,--,7,14707,卖盘
888,13:35:18,21.01,--,2,4202,买盘
889,13:35:12,21.01,0.01,5,10505,买盘
890,13:35:09,21.0,0.01,39,82845,买盘
891,13:35:06,20.99,-0.01,30,62969,中性盘
892,13:35:00,21.0,--,7,14700,买盘
893,13:34:57,21.0,--,10,21000,买盘
894,13:34:54,21.0,0.01,22,46200,买盘
895,13:34:51,20.99,-0.01,1,2099,卖盘
896,13:34:48,21.0,0.02,5,10500,买盘
897,13:34:45,20.98,-0.01,49,102802,卖盘
898,13:34:42,20.99,--,2,4198,买盘
899,13:34:39,20.99,0.02,3,6296,买盘
900,13:34:36,20.97,-0.01,30,62910,卖盘
901,13:34:30,20.98,--,11,23078,买盘
902,13:34:27,20.98,0.01,1,2098,买盘
903,13:34:18,20.97,-0.01,7,14679,卖盘
904,13:34:12,20.98,--,2,4196,买盘
905,13:34:09,20.98,--,2,4196,买盘
906,13:34:00,20.98,--,5,10490,卖盘
907,13:33:57,20.98,0.01,25,52450,中性盘
908,13:33:36,20.97,-0.01,3,6291,卖盘
909,13:33:30,20.98,--,10,20980,卖盘
910,13:33:21,20.98,-0.01,3,6294,买盘
911,13:33:18,20.99,0.01,10,20990,买盘
912,13:33:12,20.98,0.01,5,10490,买盘
913,13:33:09,20.97,-0.01,6,12582,卖盘
914,13:33:00,20.98,--,5,10490,买盘
915,13:32:57,20.98,--,13,28427,卖盘
916,13:32:54,20.98,--,5,10490,卖盘
917,13:32:48,20.98,--,13,27274,卖盘
918,13:32:39,20.98,--,3,6294,卖盘
919,13:32:36,20.98,-0.01,5,10490,卖盘
920,13:32:27,20.99,0.01,4,8396,中性盘
921,13:32:12,20.98,-0.01,64,134272,卖盘
922,13:32:03,20.99,--,14,29595,买盘
923,13:31:57,20.99,0.01,11,23089,买盘
924,13:31:54,20.98,-0.01,5,10490,卖盘
925,13:31:51,20.99,--,2,4198,买盘
926,13:31:48,20.99,--,10,20990,买盘
927,13:31:45,20.99,0.01,1,2099,买盘
928,13:31:42,20.98,--,23,48254,卖盘
929,13:31:30,20.98,--,30,62940,卖盘
930,13:31:27,20.98,--,24,51086,卖盘
931,13:31:15,20.98,--,7,14686,卖盘
932,13:31:12,20.98,--,130,272740,卖盘
933,13:31:06,20.98,-0.01,11,23078,卖盘
934,13:31:03,20.99,0.01,5,10495,买盘
935,13:31:00,20.98,-0.01,24,50352,卖盘
936,13:30:54,20.99,--,61,129928,卖盘
937,13:30:48,20.99,-0.01,5,10495,卖盘
938,13:30:42,21.0,0.01,2,4200,买盘
939,13:30:36,20.99,--,19,39881,卖盘
940,13:30:30,20.99,--,70,146930,卖盘
941,13:30:24,20.99,-0.01,28,58771,卖盘
942,13:30:21,21.0,--,64,134400,买盘
943,13:30:12,21.0,--,11,23100,买盘
944,13:30:09,21.0,--,15,31500,卖盘
945,13:30:06,21.0,-0.01,6,12600,卖盘
946,13:29:57,21.01,-0.01,1,2101,买盘
947,13:29:54,21.02,0.02,29,60958,买盘
948,13:29:48,21.0,--,21,45276,卖盘
949,13:29:42,21.0,-0.02,100,210000,卖盘
950,13:29:33,21.02,0.02,2,4204,中性盘
951,13:29:24,21.0,-0.02,30,63000,卖盘
952,13:29:18,21.02,--,1,2102,卖盘
953,13:29:06,21.02,-0.01,0,1660,卖盘
954,13:29:00,21.03,--,4,8412,买盘
955,13:28:48,21.03,0.01,2,4206,买盘
956,13:28:45,21.02,-0.01,2,4897,卖盘
957,13:28:42,21.03,--,1,2103,买盘
958,13:28:39,21.03,--,2,4206,买盘
959,13:28:30,21.03,0.01,15,31545,买盘
960,13:28:27,21.02,-0.01,3,7798,中性盘
961,13:28:15,21.03,0.01,1,2103,买盘
962,13:28:12,21.02,--,0,441,卖盘
963,13:28:06,21.02,--,0,294,卖盘
964,13:27:45,21.02,-0.01,0,504,卖盘
965,13:27:36,21.03,--,1,2103,买盘
966,13:27:30,21.03,--,20,42060,买盘
967,13:27:27,21.03,--,1,2965,买盘
968,13:27:24,21.03,--,7,14721,买盘
969,13:27:18,21.03,--,12,25236,买盘
970,13:27:06,21.03,-0.01,3,7865,卖盘
971,13:27:03,21.04,0.01,2,4208,买盘
972,13:27:00,21.03,--,1,2103,卖盘
973,13:26:51,21.03,-0.01,1,2103,卖盘
974,13:26:45,21.04,--,4,9846,买盘
975,13:26:30,21.04,0.01,3,6312,买盘
976,13:26:27,21.03,--,4,9148,卖盘
977,13:26:12,21.03,--,9,18927,卖盘
978,13:26:09,21.03,0.01,75,158208,买盘
979,13:26:06,21.02,-0.01,23,50132,卖盘
980,13:25:39,21.03,--,4,9694,卖盘
981,13:25:36,21.03,0.01,0,820,买盘
982,13:25:33,21.02,--,1,2102,卖盘
983,13:25:24,21.02,-0.01,2,4204,卖盘
984,13:25:21,21.03,0.01,1,2103,中性盘
985,13:25:06,21.02,--,37,79119,卖盘
986,13:25:00,21.02,--,20,42040,卖盘
987,13:24:45,21.02,--,100,211629,卖盘
988,13:24:33,21.02,0.01,13,28187,买盘
989,13:24:30,21.01,--,4,8404,卖盘
990,13:24:27,21.01,-0.01,20,43952,卖盘
991,13:24:09,21.02,0.01,3,6306,买盘
992,13:24:06,21.01,-0.01,39,83535,卖盘
993,13:24:03,21.02,0.01,9,18918,买盘
994,13:23:45,21.01,--,67,142678,卖盘
995,13:23:39,21.01,--,10,21010,卖盘
996,13:23:30,21.01,--,44,93368,买盘
997,13:23:27,21.01,--,45,94545,买盘
998,13:23:15,21.01,0.01,20,42020,买盘
999,13:23:12,21.0,--,191,401415,卖盘
1000,13:23:06,21.0,-0.01,4,8400,卖盘
1001,13:23:00,21.01,-0.01,16,33616,卖盘
1002,13:22:51,21.02,-0.01,13,28566,卖盘
1003,13:22:48,21.03,0.01,4,8412,买盘
1004,13:22:42,21.02,-0.01,3,6306,卖盘
1005,13:22:36,21.03,-0.01,17,36003,卖盘
1006,13:22:30,21.04,0.01,2,4208,买盘
1007,13:22:27,21.03,-0.01,11,24920,卖盘
1008,13:22:12,21.04,--,1,2104,买盘
1009,13:22:06,21.04,-0.01,1,2104,卖盘
1010,13:21:57,21.05,--,10,21050,买盘
1011,13:21:51,21.05,0.01,3,6315,买盘
1012,13:21:45,21.04,--,7,15485,卖盘
1013,13:21:42,21.04,--,5,10520,卖盘
1014,13:21:39,21.04,-0.01,5,10520,卖盘
1015,13:21:36,21.05,0.01,5,10525,买盘
1016,13:21:24,21.04,-0.01,7,14854,卖盘
1017,13:21:15,21.05,--,10,21050,买盘
1018,13:21:12,21.05,--,1,2105,买盘
1019,13:21:09,21.05,0.01,7,14735,买盘
1020,13:21:06,21.04,--,5,11740,卖盘
1021,13:20:57,21.04,--,25,52600,买盘
1022,13:20:54,21.04,--,2,4208,买盘
1023,13:20:51,21.04,0.01,5,10520,买盘
1024,13:20:48,21.03,--,6,12618,卖盘
1025,13:20:45,21.03,--,9,20651,卖盘
1026,13:20:39,21.03,--,2,4206,卖盘
1027,13:20:27,21.03,--,2,4647,卖盘
1028,13:20:21,21.03,--,8,16824,卖盘
1029,13:20:18,21.03,--,6,12618,买盘
1030,13:20:15,21.03,0.01,50,105150,买盘
1031,13:20:06,21.02,-0.01,1,3447,卖盘
1032,13:20:03,21.03,--,7,14721,买盘
1033,13:19:54,21.03,0.01,10,21030,买盘
1034,13:19:48,21.02,--,1,2102,卖盘
1035,13:19:45,21.02,-0.01,1,3720,卖盘
1036,13:19:42,21.03,--,5,10515,买盘
1037,13:19:39,21.03,--,2,4206,买盘
1038,13:19:36,21.03,--,10,21030,买盘
1039,13:19:33,21.03,--,3,6309,买盘
1040,13:19:30,21.03,--,3,6309,买盘
1041,13:19:24,21.03,--,69,146684,买盘
1042,13:19:21,21.03,--,30,63090,买盘
1043,13:19:15,21.03,0.03,3,6309,买盘
1044,13:19:06,21.0,-0.03,2,5124,卖盘
1045,13:19:03,21.03,--,16,33648,买盘
1046,13:18:57,21.03,0.03,5,10515,买盘
1047,13:18:54,21.0,-0.03,34,71400,卖盘
1048,13:18:51,21.03,--,1,2103,买盘
1049,13:18:48,21.03,0.03,2,4206,买盘
1050,13:18:45,21.0,-0.03,12,26229,卖盘
1051,13:18:42,21.03,--,12,25236,买盘
1052,13:18:39,21.03,--,20,42060,买盘
1053,13:18:30,21.03,0.03,1,2103,买盘
1054,13:18:27,21.0,--,30,63357,卖盘
1055,13:18:18,21.0,-0.03,20,42000,卖盘
1056,13:18:15,21.03,0.03,10,21030,买盘
1057,13:18:03,21.0,0.01,9,20916,买盘
1058,13:18:00,20.99,-0.01,61,128038,卖盘
1059,13:17:54,21.0,--,30,63000,买盘
1060,13:17:51,21.0,--,11,23100,买盘
1061,13:17:45,21.0,--,31,65100,买盘
1062,13:17:36,21.0,--,27,56700,买盘
1063,13:17:33,21.0,--,3,6300,买盘
1064,13:17:30,21.0,--,10,21000,买盘
1065,13:17:27,21.0,--,7,14700,买盘
1066,13:17:24,21.0,--,7,14700,买盘
1067,13:17:21,21.0,--,11,23100,买盘
1068,13:17:18,21.0,--,30,63000,买盘
1069,13:17:15,21.0,--,5,10500,买盘
1070,13:17:12,21.0,--,18,37800,买盘
1071,13:17:09,21.0,--,10,21000,买盘
1072,13:17:06,21.0,--,4,8400,买盘
1073,13:17:00,21.0,--,17,35700,买盘
1074,13:16:57,21.0,--,3,6300,买盘
1075,13:16:54,21.0,--,13,27300,买盘
1076,13:16:51,21.0,--,11,23100,买盘
1077,13:16:48,21.0,--,9,18900,买盘
1078,13:16:45,21.0,--,55,115500,买盘
1079,13:16:42,21.0,--,5,10500,买盘
1080,13:16:39,21.0,--,10,21000,买盘
1081,13:16:36,21.0,--,26,54600,买盘
1082,13:16:33,21.0,--,10,21000,买盘
1083,13:16:27,21.0,--,7,14700,买盘
1084,13:16:09,21.0,--,10,21000,买盘
1085,13:16:06,21.0,0.01,4,8400,买盘
1086,13:16:03,20.99,-0.01,3,6296,卖盘
1087,13:16:00,21.0,--,8,16800,买盘
1088,13:15:57,21.0,--,3,6300,买盘
1089,13:15:51,21.0,0.01,51,107100,买盘
1090,13:15:48,20.99,-0.01,38,79762,卖盘
1091,13:15:45,21.0,--,10,21000,买盘
1092,13:15:36,21.0,--,10,21000,买盘
1093,13:15:30,21.0,--,5,10500,买盘
1094,13:15:27,21.0,0.01,22,46200,买盘
1095,13:15:24,20.99,-0.01,10,20990,卖盘
1096,13:15:18,21.0,0.01,25,52500,买盘
1097,13:15:15,20.99,--,8,16792,卖盘
1098,13:15:12,20.99,-0.01,78,163722,卖盘
1099,13:14:57,21.0,--,5,10500,买盘
1100,13:14:54,21.0,--,21,44100,买盘
1101,13:14:48,21.0,0.01,1,2100,买盘
1102,13:14:30,20.99,--,2,4198,卖盘
1103,13:14:27,20.99,--,7,14692,卖盘
1104,13:14:15,20.99,--,9,18891,卖盘
1105,13:14:12,20.99,--,5,10495,卖盘
1106,13:14:09,20.99,--,10,20990,卖盘
1107,13:13:57,20.99,--,18,37991,买盘
1108,13:13:54,20.99,--,13,27286,买盘
1109,13:13:48,20.99,--,60,125939,买盘
1110,13:13:36,20.99,-0.01,114,241175,卖盘
1111,13:13:33,21.0,0.01,3,6300,买盘
1112,13:13:27,20.99,-0.01,2,4198,卖盘
1113,13:13:09,21.0,0.01,20,42210,买盘
1114,13:13:03,20.99,--,12,25187,买盘
1115,13:13:00,20.99,--,6,12593,买盘
1116,13:12:57,20.99,--,10,20990,买盘
1117,13:12:54,20.99,--,1,2099,买盘
1118,13:12:51,20.99,--,10,20990,买盘
1119,13:12:42,20.99,--,1,2099,买盘
1120,13:12:33,20.99,--,15,31484,买盘
1121,13:12:30,20.99,--,5,12384,卖盘
1122,13:12:27,20.99,--,12,25187,卖盘
1123,13:12:03,20.99,-0.01,20,41980,卖盘
1124,13:11:42,21.0,0.01,8,17010,买盘
1125,13:11:39,20.99,0.01,5,10495,买盘
1126,13:11:36,20.98,-0.01,19,39862,卖盘
1127,13:11:33,20.99,--,25,52474,买盘
1128,13:11:30,20.99,--,10,20990,买盘
1129,13:11:27,20.99,--,2,4198,买盘
1130,13:11:24,20.99,--,1,2099,买盘
1131,13:11:21,20.99,0.01,18,37782,买盘
1132,13:11:09,20.98,-0.01,5,10490,卖盘
1133,13:11:00,20.99,0.01,5,10495,买盘
1134,13:10:51,20.98,-0.01,21,44058,卖盘
1135,13:10:45,20.99,--,2,4198,买盘
1136,13:10:30,20.99,-0.01,1,3988,卖盘
1137,13:10:27,21.0,--,2,4200,买盘
1138,13:10:21,21.0,0.01,5,10500,买盘
1139,13:10:15,20.99,-0.01,1,2099,卖盘
1140,13:10:12,21.0,--,20,42000,买盘
1141,13:10:09,21.0,0.01,1,2100,买盘
1142,13:09:51,20.99,--,3,6296,卖盘
1143,13:09:42,20.99,--,8,17001,买盘
1144,13:09:39,20.99,0.01,13,27286,买盘
1145,13:09:36,20.98,--,45,94410,卖盘
1146,13:09:24,20.98,-0.01,5,10490,卖盘
1147,13:09:21,20.99,0.01,13,27286,买盘
1148,13:09:18,20.98,--,5,10490,卖盘
1149,13:09:15,20.98,-0.01,12,25176,卖盘
1150,13:08:57,20.99,0.01,10,20990,买盘
1151,13:08:54,20.98,-0.01,13,27274,卖盘
1152,13:08:48,20.99,--,3,6296,买盘
1153,13:08:45,20.99,0.01,10,20990,买盘
1154,13:08:42,20.98,-0.01,2,4196,卖盘
1155,13:08:33,20.99,0.01,5,10495,买盘
1156,13:08:27,20.98,--,14,29372,卖盘
1157,13:08:21,20.98,-0.01,51,106998,卖盘
1158,13:08:18,20.99,--,5,10495,卖盘
1159,13:08:15,20.99,-0.01,10,20990,卖盘
1160,13:08:12,21.0,--,10,21000,买盘
1161,13:08:06,21.0,0.01,10,21000,买盘
1162,13:07:54,20.99,-0.01,3,6296,卖盘
1163,13:07:51,21.0,--,5,10500,买盘
1164,13:07:39,21.0,--,11,23100,买盘
1165,13:07:36,21.0,-0.03,499,1047984,卖盘
1166,13:07:33,21.03,--,10,21030,买盘
1167,13:07:27,21.03,0.02,5,10515,买盘
1168,13:07:21,21.01,--,3,6303,卖盘
1169,13:07:18,21.01,--,1,2101,卖盘
1170,13:07:03,21.01,-0.02,4,8404,卖盘
1171,13:06:33,21.03,--,4,8412,买盘
1172,13:06:27,21.03,--,18,37854,买盘
1173,13:06:03,21.03,0.02,7,14721,买盘
1174,13:05:48,21.01,--,19,39919,卖盘
1175,13:05:45,21.01,0.01,4,8404,买盘
1176,13:05:39,21.0,-0.01,52,109200,卖盘
1177,13:05:36,21.01,0.01,1,2101,买盘
1178,13:05:33,21.0,-0.01,32,67200,卖盘
1179,13:05:24,21.01,--,11,23111,买盘
1180,13:05:09,21.01,--,6,12606,卖盘
1181,13:05:03,21.01,-0.04,1,2101,卖盘
1182,13:05:00,21.05,0.05,5,10525,买盘
1183,13:04:36,21.0,-0.05,261,548100,卖盘
1184,13:04:30,21.05,--,10,21050,买盘
1185,13:04:15,21.05,--,3,6315,买盘
1186,13:04:09,21.05,0.01,25,52625,买盘
1187,13:04:06,21.04,-0.01,6,12624,卖盘
1188,13:04:03,21.05,--,8,16840,买盘
1189,13:03:42,21.05,--,1,2105,买盘
1190,13:03:33,21.05,--,4,8420,买盘
1191,13:03:27,21.05,0.01,2,4210,买盘
1192,13:03:24,21.04,-0.01,1,2104,卖盘
1193,13:03:21,21.05,--,6,12630,买盘
1194,13:03:18,21.05,--,80,168400,买盘
1195,13:03:12,21.05,--,1,2105,买盘
1196,13:03:03,21.05,0.01,10,21050,买盘
1197,13:02:57,21.04,-0.01,5,10520,卖盘
1198,13:02:54,21.05,--,11,23155,买盘
1199,13:02:48,21.05,0.01,2,4210,买盘
1200,13:02:45,21.04,0.01,8,16832,卖盘
1201,13:02:21,21.03,0.03,5,10515,买盘
1202,13:02:12,21.0,--,5,10500,卖盘
1203,13:02:06,21.0,-0.01,20,42000,卖盘
1204,13:02:03,21.01,0.01,3,6303,中性盘
1205,13:01:42,21.0,--,43,92316,卖盘
1206,13:01:36,21.0,--,20,42000,卖盘
1207,13:01:33,21.0,--,20,42000,卖盘
1208,13:01:18,21.0,-0.01,30,63000,卖盘
1209,13:01:15,21.01,--,10,21010,买盘
1210,13:01:12,21.01,--,3,6303,买盘
1211,13:01:06,21.01,--,4,8404,买盘
1212,13:01:00,21.01,--,37,77821,卖盘
1213,13:00:36,21.01,--,10,21010,卖盘
1214,13:00:18,21.01,--,9,18909,卖盘
1215,13:00:12,21.01,-0.04,65,136565,卖盘
1216,13:00:09,21.05,--,40,84200,买盘
1217,13:00:06,21.05,0.03,40,84200,买盘
1218,13:00:03,21.02,-0.03,134,281668,卖盘
1219,13:00:00,21.05,--,0,0,卖盘
1220,11:30:00,21.05,--,0,0,卖盘
1221,11:29:33,21.05,--,1,2105,卖盘
1222,11:29:27,21.05,-0.01,6,12630,卖盘
1223,11:29:06,21.06,--,1,2106,买盘
1224,11:28:57,21.06,-0.03,1,2106,中性盘
1225,11:28:48,21.09,0.02,60,126540,买盘
1226,11:28:45,21.07,--,1,2107,买盘
1227,11:28:30,21.07,-0.02,10,21070,卖盘
1228,11:28:18,21.09,0.07,2,4218,中性盘
1229,11:28:09,21.02,-0.08,1,2102,卖盘
1230,11:28:06,21.1,0.08,174,367140,买盘
1231,11:28:03,21.02,-0.08,73,153446,卖盘
1232,11:27:21,21.1,--,46,97060,卖盘
1233,11:27:18,21.1,--,18,37980,卖盘
1234,11:27:12,21.1,--,8,16880,卖盘
1235,11:27:09,21.1,--,10,21100,卖盘
1236,11:27:00,21.1,--,2,4220,卖盘
1237,11:26:57,21.1,--,10,21100,卖盘
1238,11:26:42,21.1,-0.01,3,6330,卖盘
1239,11:25:51,21.11,--,5,10555,买盘
1240,11:25:39,21.11,0.01,5,10555,买盘
1241,11:25:36,21.1,--,3,6330,卖盘
1242,11:25:33,21.1,--,1,2110,卖盘
1243,11:25:30,21.1,--,7,14770,卖盘
1244,11:25:27,21.1,-0.01,10,21100,卖盘
1245,11:25:21,21.11,0.01,2,4222,买盘
1246,11:25:18,21.1,--,8,16880,卖盘
1247,11:25:12,21.1,--,3,6330,卖盘
1248,11:25:09,21.1,-0.01,10,21100,卖盘
1249,11:25:03,21.11,0.01,1,2111,买盘
1250,11:25:00,21.1,--,30,63300,卖盘
1251,11:24:48,21.1,-0.01,10,21100,卖盘
1252,11:24:27,21.11,0.01,30,63330,买盘
1253,11:24:24,21.1,-0.01,20,42200,卖盘
1254,11:24:06,21.11,--,5,10555,买盘
1255,11:24:00,21.11,--,13,27443,买盘
1256,11:23:54,21.11,--,13,27443,买盘
1257,11:23:51,21.11,--,1,2111,买盘
1258,11:23:48,21.11,--,10,21110,买盘
1259,11:23:39,21.11,--,2,4222,买盘
1260,11:23:33,21.11,0.01,5,10555,买盘
1261,11:23:30,21.1,--,27,56970,卖盘
1262,11:23:24,21.1,-0.01,1,2110,卖盘
1263,11:23:15,21.11,0.01,1,2111,买盘
1264,11:23:03,21.1,0.01,1,2110,卖盘
1265,11:23:00,21.09,0.02,49,103341,买盘
1266,11:22:57,21.07,-0.01,4,8428,卖盘
1267,11:22:54,21.08,0.02,1,2108,买盘
1268,11:22:51,21.06,-0.02,1,2106,卖盘
1269,11:22:45,21.08,0.01,41,86428,买盘
1270,11:22:42,21.07,--,10,21070,买盘
1271,11:22:39,21.07,--,12,25284,买盘
1272,11:22:33,21.07,--,7,14749,买盘
1273,11:22:24,21.07,0.01,2,4214,买盘
1274,11:22:12,21.06,--,1,2106,卖盘
1275,11:22:09,21.06,--,5,10530,卖盘
1276,11:22:06,21.06,--,58,123727,买盘
1277,11:21:54,21.06,--,5,10530,买盘
1278,11:21:48,21.06,--,32,67392,买盘
1279,11:21:36,21.06,0.04,4,8424,买盘
1280,11:21:33,21.02,--,0,441,买盘
1281,11:21:30,21.02,--,2,4204,买盘
1282,11:21:24,21.02,--,2,4204,买盘
1283,11:21:21,21.02,-0.03,85,180330,卖盘
1284,11:21:18,21.05,--,1,2105,买盘
1285,11:21:15,21.05,0.03,5,10525,买盘
1286,11:21:00,21.02,-0.02,10,21020,卖盘
1287,11:20:57,21.04,0.02,2,4208,卖盘
1288,11:20:54,21.02,-0.03,14,29428,卖盘
1289,11:20:51,21.05,0.02,5,10525,买盘
1290,11:20:48,21.03,-0.01,5,10515,买盘
1291,11:20:42,21.04,-0.01,15,31560,卖盘
1292,11:20:39,21.05,--,5,10525,买盘
1293,11:20:36,21.05,0.01,8,16840,买盘
1294,11:20:33,21.04,--,2,4208,卖盘
1295,11:20:30,21.04,-0.01,1,2104,卖盘
1296,11:20:27,21.05,0.01,6,12630,买盘
1297,11:20:18,21.04,-0.01,1,2104,卖盘
1298,11:20:09,21.05,--,7,14735,买盘
1299,11:20:00,21.05,--,41,86831,卖盘
1300,11:19:57,21.05,-0.02,8,16840,卖盘
1301,11:19:51,21.07,--,2,4214,买盘
1302,11:19:45,21.07,0.02,28,60576,买盘
1303,11:19:42,21.05,--,2,4210,买盘
1304,11:19:33,21.05,--,6,12630,买盘
1305,11:19:30,21.05,--,123,258915,买盘
1306,11:19:24,21.05,--,5,10525,买盘
1307,11:19:18,21.05,--,3,6315,买盘
1308,11:19:15,21.05,--,1,2105,买盘
1309,11:19:09,21.05,--,10,21050,买盘
1310,11:19:06,21.05,--,4,8420,买盘
1311,11:19:03,21.05,--,75,157875,买盘
1312,11:18:57,21.05,0.02,1,2105,买盘
1313,11:18:54,21.03,-0.01,4,8412,卖盘
1314,11:18:51,21.04,--,10,21040,卖盘
1315,11:18:45,21.04,--,7,14728,买盘
1316,11:18:42,21.04,0.02,4,8416,买盘
1317,11:18:30,21.02,--,3,6306,卖盘
1318,11:17:51,21.02,--,10,21020,卖盘
1319,11:17:48,21.02,0.01,71,149683,买盘
1320,11:17:45,21.01,--,3,6303,卖盘
1321,11:17:42,21.01,-0.01,10,21010,卖盘
1322,11:17:36,21.02,--,2,4204,买盘
1323,11:17:33,21.02,--,1,2102,买盘
1324,11:17:30,21.02,--,2,4204,买盘
1325,11:17:27,21.02,--,4,10068,卖盘
1326,11:17:24,21.02,--,79,166058,卖盘
1327,11:17:21,21.02,-0.01,10,21020,卖盘
1328,11:17:09,21.03,--,5,10515,买盘
1329,11:17:03,21.03,--,1,2103,买盘
1330,11:17:00,21.03,--,10,21030,买盘
1331,11:16:57,21.03,--,17,35751,买盘
1332,11:16:54,21.03,--,21,44163,卖盘
1333,11:16:51,21.03,--,10,21030,卖盘
1334,11:16:45,21.03,-0.02,1,2103,卖盘
1335,11:16:36,21.05,0.02,11,23155,买盘
1336,11:16:30,21.03,-0.01,8,16824,卖盘
1337,11:16:27,21.04,--,7,14728,卖盘
1338,11:16:24,21.04,--,2,4208,买盘
1339,11:16:21,21.04,-0.01,17,35768,卖盘
1340,11:16:12,21.05,0.01,25,52625,买盘
1341,11:16:06,21.04,-0.01,11,23144,卖盘
1342,11:16:00,21.05,--,4,8420,买盘
1343,11:15:57,21.05,--,1,2105,买盘
1344,11:15:42,21.05,--,10,21050,买盘
1345,11:15:33,21.05,0.01,17,35785,买盘
1346,11:15:30,21.04,--,2,4208,卖盘
1347,11:15:21,21.04,--,2,4208,卖盘
1348,11:15:18,21.04,-0.01,10,21040,中性盘
1349,11:15:12,21.05,0.03,38,79990,买盘
1350,11:15:03,21.02,-0.02,30,63060,卖盘
1351,11:14:57,21.04,--,2,4208,卖盘
1352,11:14:54,21.04,--,1,2104,买盘
1353,11:14:51,21.04,0.02,2,4208,买盘
1354,11:14:42,21.02,-0.01,12,25224,卖盘
1355,11:14:36,21.03,--,2,4206,买盘
1356,11:14:33,21.03,--,1,2103,买盘
1357,11:14:30,21.03,--,2,4206,买盘
1358,11:14:27,21.03,--,1,2103,买盘
1359,11:14:24,21.03,-0.01,4,8412,买盘
1360,11:14:21,21.04,0.02,40,84160,买盘
1361,11:14:15,21.02,-0.02,23,48346,卖盘
1362,11:14:12,21.04,--,20,42080,买盘
1363,11:14:06,21.04,0.02,23,48392,买盘
1364,11:14:03,21.02,--,2,4204,卖盘
1365,11:14:00,21.02,--,6,12612,卖盘
1366,11:13:54,21.02,--,1,2102,卖盘
1367,11:13:45,21.02,--,92,193825,买盘
1368,11:13:42,21.02,0.01,5,10510,买盘
1369,11:13:30,21.01,--,20,42020,卖盘
1370,11:13:27,21.01,0.01,31,65131,买盘
1371,11:13:15,21.0,--,5,10500,卖盘
1372,11:13:03,21.0,--,17,35700,买盘
1373,11:12:57,21.0,--,68,142800,买盘
1374,11:12:54,21.0,0.01,121,254100,买盘
1375,11:12:51,20.99,-0.01,4,8396,卖盘
1376,11:12:48,21.0,--,34,71400,买盘
1377,11:12:45,21.0,0.01,3,6300,买盘
1378,11:12:42,20.99,-0.01,5,10495,卖盘
1379,11:12:39,21.0,--,14,29400,买盘
1380,11:12:36,21.0,--,48,100800,买盘
1381,11:12:33,21.0,--,3,6300,买盘
1382,11:12:30,21.0,--,7,14700,买盘
1383,11:12:27,21.0,--,1,2100,买盘
1384,11:12:24,21.0,--,22,46200,买盘
1385,11:12:21,21.0,0.01,3,6300,买盘
1386,11:12:18,20.99,-0.01,49,102850,卖盘
1387,11:12:15,21.0,--,13,27300,买盘
1388,11:12:12,21.0,--,7,14700,买盘
1389,11:12:09,21.0,--,3,6300,买盘
1390,11:12:03,21.0,--,15,31500,买盘
1391,11:12:00,21.0,0.01,40,84000,买盘
1392,11:11:57,20.99,--,61,128038,买盘
1393,11:11:54,20.99,--,23,48277,买盘
1394,11:11:51,20.99,--,3,6296,买盘
1395,11:11:48,20.99,--,5,10495,买盘
1396,11:11:45,20.99,0.01,8,16792,中性盘
1397,11:11:42,20.98,-0.01,110,230780,卖盘
1398,11:11:36,20.99,--,3,6296,卖盘
1399,11:11:33,20.99,--,16,33584,卖盘
1400,11:11:30,20.99,--,4,8396,卖盘
1401,11:11:27,20.99,--,8,16792,卖盘
1402,11:11:24,20.99,--,23,48277,卖盘
1403,11:11:21,20.99,--,32,67168,买盘
1404,11:11:18,20.99,--,1,2099,买盘
1405,11:11:15,20.99,-0.01,28,58771,卖盘
1406,11:11:12,21.0,--,9,18900,买盘
1407,11:11:06,21.0,--,10,21000,买盘
1408,11:11:03,21.0,--,24,50400,买盘
1409,11:11:00,21.0,-0.01,290,609000,卖盘
1410,11:10:51,21.01,0.01,2,4202,买盘
1411,11:10:48,21.0,--,164,344400,卖盘
1412,11:10:45,21.0,--,60,126000,卖盘
1413,11:10:42,21.0,--,51,107100,卖盘
1414,11:10:39,21.0,--,125,262500,卖盘
1415,11:10:36,21.0,-0.01,229,480900,卖盘
1416,11:10:33,21.01,--,104,218504,买盘
1417,11:10:30,21.01,0.01,2,4202,买盘
1418,11:10:27,21.0,--,53,111300,卖盘
1419,11:10:21,21.0,-0.02,14,29400,卖盘
1420,11:10:18,21.02,0.01,124,260648,买盘
1421,11:10:15,21.01,-0.01,311,653411,卖盘
1422,11:10:12,21.02,--,77,161854,卖盘
1423,11:10:09,21.02,-0.01,5,10510,卖盘
1424,11:10:03,21.03,0.01,25,52575,买盘
1425,11:10:00,21.02,-0.01,10,21020,卖盘
1426,11:09:57,21.03,-0.01,66,138798,卖盘
1427,11:09:54,21.04,0.01,38,79952,买盘
1428,11:09:51,21.03,-0.01,19,39957,卖盘
1429,11:09:48,21.04,--,2,4208,买盘
1430,11:09:42,21.04,-0.01,30,63120,卖盘
1431,11:09:36,21.05,--,5,10525,买盘
1432,11:09:27,21.05,-0.01,14,29470,卖盘
1433,11:09:24,21.06,-0.01,9,18954,买盘
1434,11:09:18,21.07,0.02,3,6321,买盘
1435,11:09:15,21.05,-0.02,12,25260,卖盘
1436,11:09:12,21.07,0.01,83,174881,买盘
1437,11:09:09,21.06,--,13,27378,卖盘
1438,11:09:06,21.06,-0.01,20,42120,卖盘
1439,11:09:00,21.07,0.01,5,10535,买盘
1440,11:08:51,21.06,-0.01,68,143208,卖盘
1441,11:08:48,21.07,--,24,50568,卖盘
1442,11:08:42,21.07,--,30,63210,卖盘
1443,11:08:39,21.07,-0.01,2,4214,卖盘
1444,11:08:33,21.08,--,1,2108,买盘
1445,11:08:27,21.08,-0.02,4,8432,买盘
1446,11:08:24,21.1,0.01,25,52750,买盘
1447,11:08:21,21.09,--,15,31635,卖盘
1448,11:08:15,21.09,-0.01,5,10545,卖盘
1449,11:08:12,21.1,--,5,10550,买盘
1450,11:08:03,21.1,--,106,223660,卖盘
1451,11:08:00,21.1,--,23,48530,卖盘
1452,11:07:39,21.1,-0.02,5,10550,卖盘
1453,11:07:33,21.12,--,5,10560,买盘
1454,11:07:27,21.12,0.02,1,2112,买盘
1455,11:07:18,21.1,--,21,44310,卖盘
1456,11:07:15,21.1,--,15,31650,卖盘
1457,11:07:12,21.1,--,263,554930,卖盘
1458,11:07:09,21.1,-0.01,20,42200,卖盘
1459,11:07:06,21.11,--,7,14777,买盘
1460,11:07:03,21.11,--,18,37998,买盘
1461,11:06:57,21.11,--,11,23221,买盘
1462,11:06:36,21.11,--,83,175213,卖盘
1463,11:06:33,21.11,-0.01,90,189990,卖盘
1464,11:06:30,21.12,--,2,4224,买盘
1465,11:06:24,21.12,--,5,10560,买盘
1466,11:06:15,21.12,--,44,92928,买盘
1467,11:06:12,21.12,0.01,4,8448,买盘
1468,11:06:09,21.11,-0.01,23,48553,卖盘
1469,11:06:06,21.12,--,13,27456,买盘
1470,11:05:48,21.12,--,2,4224,买盘
1471,11:05:42,21.12,-0.03,10,21120,卖盘
1472,11:05:39,21.15,0.04,1,2115,买盘
1473,11:05:27,21.11,-0.04,2,4222,卖盘
1474,11:05:24,21.15,0.03,11,23265,买盘
1475,11:05:18,21.12,--,9,19008,买盘
1476,11:05:12,21.12,-0.05,113,240556,卖盘
1477,11:05:00,21.17,0.02,2,4234,买盘
1478,11:04:54,21.15,--,3,6345,卖盘
1479,11:04:39,21.15,--,5,10575,买盘
1480,11:04:21,21.15,--,3,6345,买盘
1481,11:04:18,21.15,0.02,2,4230,买盘
1482,11:04:03,21.13,-0.03,2,4226,卖盘
1483,11:03:57,21.16,0.03,4,8464,买盘
1484,11:03:36,21.13,--,1,2113,买盘
1485,11:03:30,21.13,--,4,8452,买盘
1486,11:03:18,21.13,0.01,10,21130,卖盘
1487,11:03:03,21.12,-0.05,101,213523,卖盘
1488,11:02:57,21.17,0.04,64,135488,买盘
1489,11:02:45,21.13,--,75,158475,卖盘
1490,11:02:39,21.13,--,10,21130,卖盘
1491,11:02:30,21.13,--,27,57051,买盘
1492,11:02:27,21.13,--,4,8452,买盘
1493,11:02:21,21.13,--,79,166927,买盘
1494,11:02:09,21.13,-0.02,31,65503,卖盘
1495,11:02:06,21.15,--,4,8460,买盘
1496,11:01:51,21.15,--,4,8460,买盘
1497,11:01:45,21.15,-0.01,12,25380,卖盘
1498,11:01:39,21.16,0.01,7,14812,买盘
1499,11:01:33,21.15,--,9,19035,卖盘
1500,11:01:27,21.15,-0.01,5,10575,卖盘
1501,11:01:21,21.16,0.01,10,21160,买盘
1502,11:01:18,21.15,--,6,12690,卖盘
1503,11:01:12,21.15,--,5,10575,卖盘
1504,11:01:03,21.15,0.02,2,4230,买盘
1505,11:00:51,21.13,0.01,3,6339,中性盘
1506,11:00:42,21.12,-0.01,56,118272,卖盘
1507,11:00:39,21.13,0.01,10,21130,买盘
1508,11:00:27,21.12,-0.01,9,19008,中性盘
1509,11:00:18,21.13,0.01,53,111989,买盘
1510,11:00:15,21.12,--,51,107712,买盘
1511,11:00:12,21.12,--,4,8448,买盘
1512,11:00:09,21.12,--,3,6336,买盘
1513,11:00:06,21.12,0.01,5,10560,买盘
1514,11:00:03,21.11,-0.01,63,132993,卖盘
1515,11:00:00,21.12,--,1,2112,买盘
1516,10:59:57,21.12,--,5,10560,买盘
1517,10:59:54,21.12,--,6,12672,买盘
1518,10:59:42,21.12,--,5,10560,买盘
1519,10:59:39,21.12,--,31,65472,买盘
1520,10:59:33,21.12,--,5,10560,买盘
1521,10:59:30,21.12,0.01,21,44352,买盘
1522,10:59:24,21.11,--,4,8444,卖盘
1523,10:59:18,21.11,-0.01,14,29554,卖盘
1524,10:59:12,21.12,--,25,52800,买盘
1525,10:59:09,21.12,--,9,19008,买盘
1526,10:59:06,21.12,0.01,6,12672,买盘
1527,10:59:03,21.11,-0.02,22,46442,卖盘
1528,10:59:00,21.13,--,5,10565,买盘
1529,10:58:57,21.13,--,3,6339,买盘
1530,10:58:54,21.13,0.01,3,6339,买盘
1531,10:58:51,21.12,-0.01,8,16896,卖盘
1532,10:58:48,21.13,0.02,60,126780,买盘
1533,10:58:45,21.11,-0.01,35,73885,卖盘
1534,10:58:36,21.12,-0.01,3,6336,卖盘
1535,10:58:30,21.13,0.02,4,8452,买盘
1536,10:58:27,21.11,--,11,23221,买盘
1537,10:58:24,21.11,--,10,21110,买盘
1538,10:58:21,21.11,-0.01,48,101328,卖盘
1539,10:58:18,21.12,--,6,12672,买盘
1540,10:58:15,21.12,--,2,4224,买盘
1541,10:58:12,21.12,0.01,5,10560,买盘
1542,10:58:06,21.11,--,5,10555,卖盘
1543,10:58:03,21.11,0.01,8,16888,中性盘
1544,10:57:51,21.1,--,6,12660,卖盘
1545,10:57:45,21.1,--,3,6330,卖盘
1546,10:57:36,21.1,--,25,52750,卖盘
1547,10:57:21,21.1,-0.01,10,21100,卖盘
1548,10:57:18,21.11,--,9,18999,买盘
1549,10:57:15,21.11,--,1,2111,买盘
1550,10:57:12,21.11,--,2,4222,买盘
1551,10:57:09,21.11,--,4,8444,买盘
1552,10:56:54,21.11,--,4,8444,卖盘
1553,10:56:51,21.11,--,53,111883,卖盘
1554,10:56:48,21.11,--,16,33776,卖盘
1555,10:56:45,21.11,--,56,118216,卖盘
1556,10:56:39,21.11,--,52,109772,卖盘
1557,10:56:36,21.11,0.01,6,12666,卖盘
1558,10:56:27,21.1,-0.01,123,259530,卖盘
1559,10:56:24,21.11,--,30,63330,卖盘
1560,10:56:15,21.11,--,50,105550,买盘
1561,10:56:12,21.11,0.01,10,21110,买盘
1562,10:56:09,21.1,-0.01,62,130820,卖盘
1563,10:56:06,21.11,-0.01,1,2111,中性盘
1564,10:56:00,21.12,0.01,10,21120,买盘
1565,10:55:51,21.11,0.01,1,2111,中性盘
1566,10:55:48,21.1,-0.01,30,63300,卖盘
1567,10:55:45,21.11,--,5,10555,卖盘
1568,10:55:42,21.11,0.01,5,10555,买盘
1569,10:55:36,21.1,--,6,12660,卖盘
1570,10:55:27,21.1,-0.01,16,33760,卖盘
1571,10:55:24,21.11,--,5,10555,中性盘
1572,10:55:18,21.11,0.01,25,52775,买盘
1573,10:55:15,21.1,-0.01,4,8440,卖盘
1574,10:55:03,21.11,--,1,2111,买盘
1575,10:55:00,21.11,0.01,1,2111,中性盘
1576,10:54:51,21.1,-0.02,200,422000,卖盘
1577,10:54:48,21.12,--,33,69696,卖盘
1578,10:54:42,21.12,--,118,249216,卖盘
1579,10:54:39,21.12,--,54,114048,卖盘
1580,10:54:33,21.12,--,2,4224,卖盘
1581,10:54:30,21.12,-0.01,46,97152,卖盘
1582,10:54:15,21.13,-0.01,58,122554,卖盘
1583,10:54:12,21.14,0.01,5,10570,买盘
1584,10:54:09,21.13,-0.01,30,63390,卖盘
1585,10:54:06,21.14,--,1,2114,买盘
1586,10:53:57,21.14,--,25,54097,卖盘
1587,10:53:51,21.14,-0.02,267,564438,卖盘
1588,10:53:42,21.16,-0.01,10,21160,卖盘
1589,10:53:30,21.17,--,35,74095,买盘
1590,10:53:27,21.17,-0.01,4,8468,卖盘
1591,10:53:03,21.18,--,15,31770,买盘
1592,10:52:48,21.18,-0.02,12,25416,卖盘
1593,10:52:39,21.2,-0.01,115,243800,卖盘
1594,10:52:30,21.21,--,10,21210,买盘
1595,10:52:15,21.21,--,30,63630,买盘
1596,10:52:00,21.21,--,44,93324,卖盘
1597,10:51:51,21.21,-0.01,25,53025,卖盘
1598,10:51:36,21.22,0.02,1,2122,买盘
1599,10:51:21,21.2,--,10,21200,卖盘
1600,10:51:15,21.2,-0.01,2,4240,卖盘
1601,10:51:06,21.21,--,5,10605,买盘
1602,10:51:03,21.21,--,2,4242,买盘
1603,10:50:57,21.21,0.01,12,25452,买盘
1604,10:50:54,21.2,-0.01,8,16960,卖盘
1605,10:50:33,21.21,-0.01,2,4242,中性盘
1606,10:50:18,21.22,0.01,5,10610,买盘
1607,10:50:09,21.21,--,5,10605,买盘
1608,10:50:06,21.21,--,1,2121,买盘
1609,10:50:03,21.21,--,7,14847,买盘
1610,10:50:00,21.21,--,5,10605,卖盘
1611,10:49:27,21.21,--,2,4242,卖盘
1612,10:49:15,21.21,-0.01,10,21210,卖盘
1613,10:49:03,21.22,0.01,11,23342,买盘
1614,10:48:57,21.21,-0.01,3,6363,中性盘
1615,10:48:48,21.22,--,1,2122,买盘
1616,10:48:42,21.22,--,10,21220,买盘
1617,10:48:24,21.22,--,5,10610,买盘
1618,10:48:09,21.22,0.02,12,25464,买盘
1619,10:47:51,21.2,-0.02,4,8480,卖盘
1620,10:47:45,21.22,--,4,8488,买盘
1621,10:47:24,21.22,0.02,25,53050,买盘
1622,10:47:09,21.2,-0.02,1,2120,卖盘
1623,10:46:54,21.22,0.01,5,10610,买盘
1624,10:46:51,21.21,--,5,10605,买盘
1625,10:46:45,21.21,--,1,2121,买盘
1626,10:46:15,21.21,0.01,1,2121,中性盘
1627,10:46:06,21.2,-0.02,6,12720,卖盘
1628,10:46:03,21.22,--,1,2122,买盘
1629,10:46:00,21.22,0.01,7,14854,买盘
1630,10:45:57,21.21,-0.01,1,2121,卖盘
1631,10:45:54,21.22,0.01,7,14854,买盘
1632,10:45:45,21.21,--,40,84840,卖盘
1633,10:45:39,21.21,-0.01,10,21210,卖盘
1634,10:45:36,21.22,0.01,5,10610,买盘
1635,10:45:15,21.21,-0.01,8,16968,卖盘
1636,10:45:06,21.22,--,10,21220,买盘
1637,10:45:03,21.22,--,1,2122,买盘
1638,10:44:48,21.22,--,5,10610,买盘
1639,10:44:27,21.22,--,2,4244,买盘
1640,10:44:24,21.22,--,20,42440,中性盘
1641,10:44:09,21.22,--,6,12732,中性盘
1642,10:43:54,21.22,--,8,16976,卖盘
1643,10:43:36,21.22,--,2,4244,买盘
1644,10:43:27,21.22,--,2,4244,买盘
1645,10:43:18,21.22,--,6,12732,卖盘
1646,10:43:15,21.22,--,6,12732,卖盘
1647,10:43:12,21.22,-0.01,5,10610,卖盘
1648,10:43:09,21.23,--,2,4246,买盘
1649,10:43:06,21.23,0.01,10,21230,买盘
1650,10:43:00,21.22,-0.01,2,4244,卖盘
1651,10:42:57,21.23,0.01,50,106150,买盘
1652,10:42:39,21.22,--,13,27586,卖盘
1653,10:42:24,21.22,0.02,12,25464,买盘
1654,10:42:12,21.2,-0.01,69,146280,卖盘
1655,10:42:09,21.21,--,5,10605,买盘
1656,10:42:06,21.21,--,10,21210,买盘
1657,10:42:03,21.21,--,5,10605,买盘
1658,10:41:57,21.21,--,5,10605,买盘
1659,10:41:54,21.21,--,5,10605,买盘
1660,10:41:48,21.21,--,6,12726,买盘
1661,10:41:39,21.21,-0.01,25,53025,卖盘
1662,10:41:36,21.22,--,1,2122,买盘
1663,10:41:24,21.22,0.01,3,6366,买盘
1664,10:41:21,21.21,0.05,6,12726,买盘
1665,10:41:18,21.16,-0.04,235,497260,卖盘
1666,10:41:12,21.2,--,35,74200,买盘
1667,10:41:09,21.2,--,5,10600,买盘
1668,10:41:06,21.2,-0.01,49,103880,卖盘
1669,10:41:00,21.21,--,9,19089,买盘
1670,10:40:57,21.21,0.01,3,6363,买盘
1671,10:40:54,21.2,-0.01,4,8480,卖盘
1672,10:40:51,21.21,--,59,125139,买盘
1673,10:40:45,21.21,--,2,4242,买盘
1674,10:40:39,21.21,--,7,14847,买盘
1675,10:40:36,21.21,0.01,3,6363,买盘
1676,10:40:30,21.2,--,14,29680,买盘
1677,10:40:27,21.2,--,10,21200,买盘
1678,10:40:21,21.2,0.01,12,25440,买盘
1679,10:40:18,21.19,-0.01,50,105950,卖盘
1680,10:40:12,21.2,--,1,2120,买盘
1681,10:40:09,21.2,--,1,2120,买盘
1682,10:40:06,21.2,0.02,21,44520,买盘
1683,10:40:00,21.18,-0.02,65,137670,卖盘
1684,10:39:54,21.2,--,12,25440,买盘
1685,10:39:51,21.2,0.01,200,424000,买盘
1686,10:39:48,21.19,--,14,29666,买盘
1687,10:39:45,21.19,--,12,25428,买盘
1688,10:39:42,21.19,--,1,2119,买盘
1689,10:39:39,21.19,0.01,10,21190,买盘
1690,10:39:36,21.18,-0.01,43,91074,卖盘
1691,10:39:27,21.19,-0.01,12,25428,中性盘
1692,10:39:24,21.2,--,21,44520,买盘
1693,10:39:00,21.2,--,15,31800,买盘
1694,10:38:57,21.2,--,6,12720,买盘
1695,10:38:54,21.2,0.03,8,17829,买盘
1696,10:38:51,21.17,--,34,71978,买盘
1697,10:38:48,21.17,--,5,10585,买盘
1698,10:38:45,21.17,--,23,49940,卖盘
1699,10:38:42,21.17,--,3,6351,卖盘
1700,10:38:36,21.17,-0.02,121,257024,卖盘
1701,10:38:33,21.19,0.01,10,21190,买盘
1702,10:38:27,21.18,--,9,19062,卖盘
1703,10:38:24,21.18,0.01,75,158850,买盘
1704,10:38:18,21.17,--,1,2117,卖盘
1705,10:38:12,21.17,0.01,8,16936,买盘
1706,10:38:03,21.16,--,14,29624,卖盘
1707,10:38:00,21.16,-0.02,1,2116,卖盘
1708,10:37:48,21.18,0.01,30,63540,买盘
1709,10:37:39,21.17,-0.01,11,23287,卖盘
1710,10:37:36,21.18,--,1,2118,买盘
1711,10:37:33,21.18,--,3,6354,买盘
1712,10:37:15,21.18,-0.01,45,95310,卖盘
1713,10:37:12,21.19,0.01,10,21190,买盘
1714,10:37:09,21.18,-0.01,24,50832,卖盘
1715,10:37:03,21.19,--,5,10595,买盘
1716,10:36:57,21.19,0.01,1,2119,买盘
1717,10:36:51,21.18,--,15,31770,卖盘
1718,10:36:45,21.18,-0.01,5,10590,卖盘
1719,10:36:42,21.19,0.01,20,42380,买盘
1720,10:36:36,21.18,-0.01,1,2118,卖盘
1721,10:36:27,21.19,--,5,10595,卖盘
1722,10:36:09,21.19,-0.01,5,10595,卖盘
1723,10:35:57,21.2,-0.01,16,33920,卖盘
1724,10:35:54,21.21,--,4,8484,买盘
1725,10:35:45,21.21,--,54,114534,买盘
1726,10:35:39,21.21,--,30,63630,卖盘
1727,10:35:18,21.21,-0.01,3,6363,卖盘
1728,10:35:09,21.22,0.01,15,31830,买盘
1729,10:35:00,21.21,-0.01,5,10605,卖盘
1730,10:34:45,21.22,--,21,44562,买盘
1731,10:34:33,21.22,--,5,10610,买盘
1732,10:34:30,21.22,--,5,10610,买盘
1733,10:34:27,21.22,--,4,8488,买盘
1734,10:34:12,21.22,--,15,31830,买盘
1735,10:34:09,21.22,-0.01,33,70026,卖盘
1736,10:34:03,21.23,--,9,19107,买盘
1737,10:34:00,21.23,0.01,1,2123,买盘
1738,10:33:48,21.22,-0.01,1,2122,卖盘
1739,10:33:30,21.23,--,10,21230,买盘
1740,10:33:24,21.23,0.01,16,33968,买盘
1741,10:33:18,21.22,--,3,6366,卖盘
1742,10:33:09,21.22,--,18,38196,卖盘
1743,10:33:06,21.22,--,2,4244,卖盘
1744,10:33:00,21.22,-0.01,5,10610,卖盘
1745,10:32:48,21.23,--,6,12738,卖盘
1746,10:32:36,21.23,--,24,50952,卖盘
1747,10:32:30,21.23,--,28,59444,买盘
1748,10:32:27,21.23,--,30,63690,买盘
1749,10:32:21,21.23,0.01,4,8492,买盘
1750,10:32:15,21.22,0.02,1,2122,中性盘
1751,10:32:03,21.2,-0.03,17,36040,卖盘
1752,10:32:00,21.23,0.03,2,4246,买盘
1753,10:31:51,21.2,--,19,40280,买盘
1754,10:31:42,21.2,0.02,11,23320,中性盘
1755,10:31:33,21.18,--,148,313464,卖盘
1756,10:31:30,21.18,--,10,21180,卖盘
1757,10:31:24,21.18,-0.02,3,6354,卖盘
1758,10:31:21,21.2,--,4,8480,买盘
1759,10:31:18,21.2,0.02,10,21200,买盘
1760,10:31:12,21.18,--,5,10590,卖盘
1761,10:31:09,21.18,--,10,21180,卖盘
1762,10:31:03,21.18,--,19,41703,买盘
1763,10:30:51,21.18,0.02,56,118608,买盘
1764,10:30:48,21.16,-0.02,9,19044,卖盘
1765,10:30:45,21.18,0.02,15,31770,买盘
1766,10:30:33,21.16,-0.02,10,21160,卖盘
1767,10:30:30,21.18,0.02,2,4236,买盘
1768,10:30:27,21.16,-0.02,10,21160,卖盘
1769,10:30:15,21.18,0.03,96,203328,买盘
1770,10:30:09,21.15,--,4,8460,卖盘
1771,10:30:06,21.15,--,20,42300,卖盘
1772,10:30:00,21.15,0.01,46,97290,买盘
1773,10:29:54,21.14,-0.01,6,12684,卖盘
1774,10:29:51,21.15,0.01,3,6345,买盘
1775,10:29:48,21.14,--,3,6342,卖盘
1776,10:29:45,21.14,-0.01,6,12684,卖盘
1777,10:29:42,21.15,0.01,1,2115,买盘
1778,10:29:39,21.14,-0.01,9,19026,卖盘
1779,10:29:36,21.15,--,10,21150,买盘
1780,10:29:24,21.15,--,3,6345,买盘
1781,10:29:21,21.15,-0.01,22,46530,中性盘
1782,10:29:09,21.16,0.01,37,78292,买盘
1783,10:29:06,21.15,--,14,29609,卖盘
1784,10:29:03,21.15,-0.01,42,88830,卖盘
1785,10:29:00,21.16,0.01,10,21160,买盘
1786,10:28:57,21.15,--,169,358492,卖盘
1787,10:28:54,21.15,-0.01,2,4230,卖盘
1788,10:28:51,21.16,--,10,21160,买盘
1789,10:28:48,21.16,0.01,413,873908,买盘
1790,10:28:45,21.15,-0.01,60,126899,卖盘
1791,10:28:42,21.16,--,86,181976,买盘
1792,10:28:39,21.16,0.01,1,2116,买盘
1793,10:28:36,21.15,-0.01,32,67680,卖盘
1794,10:28:33,21.16,--,8,16928,买盘
1795,10:28:30,21.16,--,5,10580,买盘
1796,10:28:24,21.16,0.01,10,21160,买盘
1797,10:28:21,21.15,--,3,6345,卖盘
1798,10:28:18,21.15,-0.01,32,68272,卖盘
1799,10:28:12,21.16,--,5,10580,卖盘
1800,10:28:09,21.16,0.01,2,5755,中性盘
1801,10:28:00,21.15,-0.01,66,139590,卖盘
1802,10:27:57,21.16,-0.01,63,133308,卖盘
1803,10:27:54,21.17,--,6,12702,买盘
1804,10:27:51,21.17,0.01,1,2117,买盘
1805,10:27:48,21.16,--,9,19044,卖盘
1806,10:27:45,21.16,-0.01,1,2116,卖盘
1807,10:27:42,21.17,--,3,6351,买盘
1808,10:27:39,21.17,--,19,40223,买盘
1809,10:27:36,21.17,0.01,3,6351,买盘
1810,10:27:33,21.16,-0.02,13,27508,中性盘
1811,10:27:27,21.18,0.02,119,252042,买盘
1812,10:27:21,21.16,0.01,215,454940,买盘
1813,10:27:15,21.15,-0.03,114,241109,卖盘
1814,10:27:12,21.18,--,20,42360,买盘
1815,10:27:09,21.18,0.01,21,44478,买盘
1816,10:27:03,21.17,0.02,10,22228,中性盘
1817,10:27:00,21.15,-0.03,230,486449,卖盘
1818,10:26:54,21.18,0.01,5,10590,买盘
1819,10:26:51,21.17,-0.01,45,95921,卖盘
1820,10:26:48,21.18,--,150,317700,卖盘
1821,10:26:45,21.18,--,2,4236,卖盘
1822,10:26:42,21.18,--,70,148260,卖盘
1823,10:26:36,21.18,-0.02,38,80484,卖盘
1824,10:26:33,21.2,--,2,4240,买盘
1825,10:26:30,21.2,0.02,7,14840,买盘
1826,10:26:24,21.18,-0.02,73,154614,卖盘
1827,10:26:21,21.2,--,32,67840,卖盘
1828,10:26:18,21.2,--,10,21200,卖盘
1829,10:26:12,21.2,-0.01,5,10600,卖盘
1830,10:26:09,21.21,--,5,10605,买盘
1831,10:26:06,21.21,0.01,27,57267,买盘
1832,10:26:03,21.2,-0.01,7,14840,卖盘
1833,10:26:00,21.21,--,10,21210,买盘
1834,10:25:51,21.21,0.01,4,8484,买盘
1835,10:25:42,21.2,--,13,27560,卖盘
1836,10:25:39,21.2,-0.01,8,16960,卖盘
1837,10:25:30,21.21,--,5,10605,买盘
1838,10:25:21,21.21,-0.02,37,79070,卖盘
1839,10:25:15,21.23,0.02,3,6369,买盘
1840,10:25:06,21.21,--,15,31815,卖盘
1841,10:25:03,21.21,--,6,12726,卖盘
1842,10:24:54,21.21,-0.01,11,23331,卖盘
1843,10:24:51,21.22,--,3,6366,卖盘
1844,10:24:45,21.22,--,1,3649,买盘
1845,10:24:42,21.22,0.01,20,42440,买盘
1846,10:24:39,21.21,--,7,14847,卖盘
1847,10:24:36,21.21,-0.01,20,42420,卖盘
1848,10:24:27,21.22,0.01,47,99734,买盘
1849,10:23:54,21.21,-0.01,6,12726,卖盘
1850,10:23:51,21.22,--,58,123670,卖盘
1851,10:23:27,21.22,-0.01,80,169760,卖盘
1852,10:23:21,21.23,0.01,4,10020,买盘
1853,10:23:18,21.22,-0.01,10,21220,卖盘
1854,10:23:06,21.23,0.01,2,4246,买盘
1855,10:23:00,21.22,-0.01,7,15448,卖盘
1856,10:22:54,21.23,--,2,5774,买盘
1857,10:22:51,21.23,--,2,4246,买盘
1858,10:22:36,21.23,0.01,9,19107,买盘
1859,10:22:21,21.22,-0.01,25,53050,卖盘
1860,10:22:18,21.23,--,2,4246,买盘
1861,10:22:15,21.23,--,1,2123,买盘
1862,10:22:12,21.23,--,3,6369,买盘
1863,10:22:03,21.23,0.01,13,27599,买盘
1864,10:21:54,21.22,-0.01,14,29708,卖盘
1865,10:21:48,21.23,--,5,10615,买盘
1866,10:21:42,21.23,--,5,10615,买盘
1867,10:21:33,21.23,--,6,12738,买盘
1868,10:21:30,21.23,0.01,5,10615,买盘
1869,10:21:21,21.22,-0.01,5,10610,卖盘
1870,10:21:06,21.23,--,7,14861,买盘
1871,10:20:51,21.23,0.01,32,67936,买盘
1872,10:20:48,21.22,--,7,14854,买盘
1873,10:20:45,21.22,--,1,2122,买盘
1874,10:20:42,21.22,--,14,29708,卖盘
1875,10:20:39,21.22,--,11,23342,卖盘
1876,10:20:27,21.22,--,1,2122,卖盘
1877,10:20:24,21.22,--,1,2122,买盘
1878,10:20:21,21.22,--,5,10610,买盘
1879,10:20:15,21.22,--,1,2122,买盘
1880,10:20:00,21.22,--,5,10610,买盘
1881,10:19:54,21.22,-0.01,5,10610,卖盘
1882,10:19:42,21.23,--,43,91883,卖盘
1883,10:19:36,21.23,--,40,84920,卖盘
1884,10:19:30,21.23,--,54,114642,卖盘
1885,10:19:21,21.23,-0.01,10,21230,卖盘
1886,10:19:09,21.24,--,5,10620,卖盘
1887,10:19:06,21.24,0.01,3,6371,买盘
1888,10:19:03,21.23,-0.01,1,2123,卖盘
1889,10:18:54,21.24,0.01,18,38232,买盘
1890,10:18:51,21.23,-0.01,3,6369,卖盘
1891,10:18:48,21.24,--,60,127439,买盘
1892,10:18:45,21.24,--,50,106199,买盘
1893,10:18:36,21.24,--,15,31859,买盘
1894,10:18:30,21.24,--,15,31859,买盘
1895,10:18:27,21.24,0.01,16,33984,买盘
1896,10:18:18,21.23,--,2,4246,卖盘
1897,10:18:15,21.23,--,7,14861,卖盘
1898,10:18:12,21.23,-0.01,56,118888,卖盘
1899,10:18:09,21.24,0.01,4,8496,买盘
1900,10:18:06,21.23,--,41,88571,卖盘
1901,10:18:00,21.23,0.01,27,57321,买盘
1902,10:17:45,21.22,--,18,38196,买盘
1903,10:17:42,21.22,--,1,2122,买盘
1904,10:17:39,21.22,0.01,7,14854,买盘
1905,10:17:36,21.21,--,12,25452,卖盘
1906,10:17:24,21.21,--,10,21210,卖盘
1907,10:17:21,21.21,0.01,1,2121,买盘
1908,10:17:15,21.2,--,14,29680,卖盘
1909,10:17:09,21.2,--,21,44520,卖盘
1910,10:17:06,21.2,0.02,179,379480,买盘
1911,10:17:03,21.18,-0.02,2,4236,卖盘
1912,10:16:54,21.2,--,3,6360,买盘
1913,10:16:48,21.2,--,1,2120,买盘
1914,10:16:45,21.2,0.02,13,27560,买盘
1915,10:16:42,21.18,-0.02,50,105900,卖盘
1916,10:16:39,21.2,-0.01,101,214120,卖盘
1917,10:16:36,21.21,0.01,1,2121,买盘
1918,10:16:30,21.2,--,82,173840,卖盘
1919,10:16:27,21.2,-0.01,15,31800,卖盘
1920,10:16:21,21.21,-0.01,128,271488,卖盘
1921,10:16:09,21.22,-0.01,7,14854,买盘
1922,10:16:03,21.23,--,12,25476,卖盘
1923,10:15:54,21.23,--,6,12738,卖盘
1924,10:15:51,21.23,--,30,63690,中性盘
1925,10:15:45,21.23,0.03,2,4246,买盘
1926,10:15:42,21.2,-0.02,450,954000,卖盘
1927,10:15:39,21.22,--,50,106100,卖盘
1928,10:15:21,21.22,-0.03,80,169760,卖盘
1929,10:15:18,21.25,0.02,5,10625,买盘
1930,10:15:09,21.23,-0.01,20,42460,卖盘
1931,10:15:06,21.24,--,37,78588,卖盘
1932,10:15:03,21.24,0.02,10,21240,中性盘
1933,10:14:51,21.22,-0.03,38,80636,卖盘
1934,10:14:45,21.25,--,1,2125,卖盘
1935,10:14:42,21.25,-0.01,40,85000,卖盘
1936,10:14:33,21.26,--,13,27638,买盘
1937,10:14:30,21.26,0.04,4,8504,中性盘
1938,10:14:24,21.22,-0.04,210,445620,卖盘
1939,10:14:21,21.26,--,19,40394,卖盘
1940,10:14:15,21.26,--,25,53150,卖盘
1941,10:14:12,21.26,--,13,27638,卖盘
1942,10:14:09,21.26,--,10,21260,卖盘
1943,10:14:06,21.26,--,12,25512,卖盘
1944,10:14:03,21.26,--,10,21260,卖盘
1945,10:13:54,21.26,--,3,6378,卖盘
1946,10:13:51,21.26,--,30,63780,卖盘
1947,10:13:48,21.26,-0.01,41,87166,卖盘
1948,10:13:36,21.27,-0.01,17,36541,卖盘
1949,10:13:30,21.28,--,50,106400,买盘
1950,10:13:27,21.28,--,68,144704,卖盘
1951,10:13:18,21.28,-0.01,10,21280,卖盘
1952,10:13:15,21.29,--,12,25548,买盘
1953,10:13:09,21.29,--,2,4258,卖盘
1954,10:13:00,21.29,-0.01,82,174578,卖盘
1955,10:12:57,21.3,0.01,64,136320,买盘
1956,10:12:54,21.29,-0.01,48,102192,卖盘
1957,10:12:48,21.3,--,1,2130,买盘
1958,10:12:45,21.3,--,22,46860,卖盘
1959,10:12:39,21.3,-0.01,4,8520,卖盘
1960,10:12:36,21.31,--,10,21310,卖盘
1961,10:12:30,21.31,--,2,4262,卖盘
1962,10:12:27,21.31,--,1,2131,买盘
1963,10:12:21,21.31,0.01,10,21310,买盘
1964,10:12:12,21.3,-0.01,1,2130,卖盘
1965,10:12:00,21.31,-0.01,18,38358,卖盘
1966,10:11:45,21.32,0.01,1,2132,买盘
1967,10:11:42,21.31,--,10,21310,卖盘
1968,10:11:33,21.31,--,29,61798,卖盘
1969,10:11:30,21.31,-0.01,3,6393,卖盘
1970,10:11:09,21.32,0.01,2,4264,买盘
1971,10:10:48,21.31,--,6,12786,卖盘
1972,10:10:42,21.31,--,54,115074,买盘
1973,10:10:36,21.31,--,3,6393,买盘
1974,10:10:21,21.31,--,13,27703,买盘
1975,10:10:18,21.31,--,31,66061,卖盘
1976,10:10:15,21.31,0.01,39,83109,买盘
1977,10:10:12,21.3,--,20,42600,卖盘
1978,10:10:09,21.3,-0.01,17,36210,卖盘
1979,10:10:03,21.31,0.01,2,4262,中性盘
1980,10:09:42,21.3,--,10,21300,卖盘
1981,10:09:36,21.3,-0.01,4,8520,卖盘
1982,10:09:33,21.31,0.01,9,19179,买盘
1983,10:09:18,21.3,--,5,10650,卖盘
1984,10:09:12,21.3,--,22,46860,买盘
1985,10:09:09,21.3,--,6,12780,买盘
1986,10:09:06,21.3,--,8,17040,买盘
1987,10:09:03,21.3,--,2,4260,买盘
1988,10:08:57,21.3,--,5,10650,买盘
1989,10:08:51,21.3,0.01,2,4260,买盘
1990,10:08:48,21.29,-0.01,2,4258,卖盘
1991,10:08:42,21.3,--,1,2130,买盘
1992,10:08:36,21.3,--,35,74550,买盘
1993,10:08:30,21.3,0.02,20,42600,买盘
1994,10:08:24,21.28,0.01,10,21280,中性盘
1995,10:08:18,21.27,--,10,21270,卖盘
1996,10:08:15,21.27,-0.01,15,31905,卖盘
1997,10:08:09,21.28,--,1,3872,买盘
1998,10:08:06,21.28,0.02,37,78736,买盘
1999,10:08:03,21.26,-0.02,20,42520,卖盘
2000,10:07:54,21.28,0.01,6,12768,买盘
2001,10:07:51,21.27,--,10,21270,卖盘
2002,10:07:48,21.27,--,16,34032,卖盘
2003,10:07:45,21.27,0.01,5,10635,买盘
2004,10:07:42,21.26,-0.01,7,14882,卖盘
2005,10:07:39,21.27,--,8,17016,买盘
2006,10:07:30,21.27,0.01,9,19143,买盘
2007,10:07:27,21.26,--,73,155198,卖盘
2008,10:07:15,21.26,--,3,6378,卖盘
2009,10:07:12,21.26,--,75,161299,买盘
2010,10:07:09,21.26,0.01,10,21260,买盘
2011,10:07:06,21.25,--,3,6375,卖盘
2012,10:07:00,21.25,-0.01,60,127500,卖盘
2013,10:06:57,21.26,0.01,1,2126,买盘
2014,10:06:48,21.25,-0.01,20,42500,卖盘
2015,10:06:39,21.26,--,11,23386,买盘
2016,10:06:36,21.26,--,10,21536,卖盘
2017,10:06:33,21.26,-0.01,4,8504,卖盘
2018,10:06:30,21.27,0.01,37,78699,买盘
2019,10:06:18,21.26,--,1,2126,卖盘
2020,10:06:09,21.26,--,19,40394,卖盘
2021,10:06:06,21.26,0.01,3,8227,买盘
2022,10:06:03,21.25,-0.01,3,6375,卖盘
2023,10:06:00,21.26,0.01,10,21260,买盘
2024,10:05:48,21.25,--,14,29750,卖盘
2025,10:05:45,21.25,-0.01,12,25500,卖盘
2026,10:05:33,21.26,0.01,13,27638,买盘
2027,10:05:30,21.25,--,18,38250,卖盘
2028,10:05:21,21.25,--,62,131750,卖盘
2029,10:05:09,21.25,--,2,4250,买盘
2030,10:05:06,21.25,--,1,2125,买盘
2031,10:04:57,21.25,--,20,42500,买盘
2032,10:04:54,21.25,--,20,42500,买盘
2033,10:04:42,21.25,--,2,4250,买盘
2034,10:04:39,21.25,--,2,4250,买盘
2035,10:04:33,21.25,-0.01,20,42500,卖盘
2036,10:04:24,21.26,0.01,23,48898,买盘
2037,10:04:21,21.25,--,21,44625,卖盘
2038,10:04:18,21.25,--,8,17000,卖盘
2039,10:04:09,21.25,-0.01,2,4250,卖盘
2040,10:03:57,21.26,--,20,42520,买盘
2041,10:03:51,21.26,--,5,10630,买盘
2042,10:03:45,21.26,-0.01,35,74686,卖盘
2043,10:03:42,21.27,0.01,28,60257,买盘
2044,10:03:39,21.26,-0.01,1,2126,卖盘
2045,10:03:36,21.27,0.01,10,21270,买盘
2046,10:03:33,21.26,--,2,4252,卖盘
2047,10:03:27,21.26,-0.01,70,148820,卖盘
2048,10:03:15,21.27,--,41,87207,买盘
2049,10:03:09,21.27,0.01,2,4254,买盘
2050,10:03:06,21.26,--,40,85040,卖盘
2051,10:02:54,21.26,-0.02,60,127560,卖盘
2052,10:02:48,21.28,--,62,131936,卖盘
2053,10:02:30,21.28,--,34,72352,买盘
2054,10:02:21,21.28,--,5,10640,买盘
2055,10:02:18,21.28,-0.02,22,46816,卖盘
2056,10:02:12,21.3,--,2,4260,买盘
2057,10:02:09,21.3,--,6,12780,买盘
2058,10:02:00,21.3,--,15,31950,卖盘
2059,10:01:57,21.3,-0.01,2,4260,卖盘
2060,10:01:42,21.31,--,15,31964,买盘
2061,10:01:33,21.31,0.01,1,2131,买盘
2062,10:01:27,21.3,--,26,55380,卖盘
2063,10:01:09,21.3,-0.01,6,12780,卖盘
2064,10:01:06,21.31,--,8,17048,买盘
2065,10:01:03,21.31,0.01,12,25572,买盘
2066,10:00:54,21.3,--,110,234300,卖盘
2067,10:00:51,21.3,-0.01,10,21300,卖盘
2068,10:00:48,21.31,--,2,4262,买盘
2069,10:00:45,21.31,--,4,8524,买盘
2070,10:00:42,21.31,0.01,47,100157,买盘
2071,10:00:30,21.3,--,7,14910,卖盘
2072,10:00:15,21.3,--,5,10650,卖盘
2073,10:00:03,21.3,--,5,10650,卖盘
2074,09:59:57,21.3,--,2,4260,卖盘
2075,09:59:54,21.3,-0.01,3,6390,卖盘
2076,09:59:51,21.31,0.01,10,21310,买盘
2077,09:59:42,21.3,--,6,12780,卖盘
2078,09:59:39,21.3,--,5,10650,卖盘
2079,09:59:36,21.3,--,14,29820,卖盘
2080,09:59:30,21.3,--,1,2130,卖盘
2081,09:59:09,21.3,--,18,38340,买盘
2082,09:58:48,21.3,0.02,2,4260,买盘
2083,09:58:36,21.28,--,1,2128,买盘
2084,09:58:27,21.28,--,2,4256,卖盘
2085,09:58:21,21.28,--,2,4256,买盘
2086,09:58:15,21.28,--,8,17024,卖盘
2087,09:58:12,21.28,0.01,2,4256,中性盘
2088,09:58:09,21.27,-0.01,50,107073,卖盘
2089,09:58:03,21.28,--,2,5234,买盘
2090,09:57:57,21.28,--,5,10640,买盘
2091,09:57:51,21.28,0.01,130,276640,买盘
2092,09:57:48,21.27,-0.01,5,11911,卖盘
2093,09:57:42,21.28,0.01,3,6384,买盘
2094,09:57:39,21.27,-0.01,3,7019,卖盘
2095,09:57:36,21.28,0.01,235,500080,买盘
2096,09:57:33,21.27,-0.01,1,2127,卖盘
2097,09:57:30,21.28,0.01,4,8788,买盘
2098,09:57:27,21.27,-0.01,11,23397,卖盘
2099,09:57:24,21.28,--,18,38304,买盘
2100,09:57:21,21.28,0.01,5,10640,买盘
2101,09:57:18,21.27,-0.01,6,12932,卖盘
2102,09:57:12,21.28,--,22,46816,买盘
2103,09:57:06,21.28,-0.02,34,73501,卖盘
2104,09:56:54,21.3,0.01,13,27690,买盘
2105,09:56:48,21.29,-0.01,7,16286,卖盘
2106,09:56:39,21.3,-0.01,5,11778,卖盘
2107,09:56:36,21.31,0.01,5,10655,买盘
2108,09:56:30,21.3,--,66,141006,卖盘
2109,09:56:27,21.3,-0.01,10,21300,卖盘
2110,09:56:24,21.31,0.03,121,258426,买盘
2111,09:56:18,21.28,--,42,90227,卖盘
2112,09:56:12,21.28,--,90,191520,卖盘
2113,09:56:09,21.28,--,18,39474,卖盘
2114,09:56:00,21.28,--,40,85673,卖盘
2115,09:55:57,21.28,-0.01,20,42560,卖盘
2116,09:55:54,21.29,--,3,6387,买盘
2117,09:55:51,21.29,0.01,14,29976,买盘
2118,09:55:48,21.28,--,19,41538,卖盘
2119,09:55:45,21.28,--,22,46816,卖盘
2120,09:55:42,21.28,0.01,19,40432,买盘
2121,09:55:39,21.27,--,1,3190,卖盘
2122,09:55:36,21.27,-0.01,12,25524,卖盘
2123,09:55:33,21.28,0.01,13,27664,买盘
2124,09:55:30,21.27,-0.01,20,44050,卖盘
2125,09:55:21,21.28,0.01,3,6384,买盘
2126,09:55:18,21.27,--,13,28544,买盘
2127,09:55:15,21.27,--,28,59556,买盘
2128,09:55:06,21.27,--,2,4254,买盘
2129,09:55:03,21.27,--,4,8508,买盘
2130,09:55:00,21.27,--,8,17611,卖盘
2131,09:54:48,21.27,--,17,36392,卖盘
2132,09:54:39,21.27,--,10,23077,卖盘
2133,09:54:33,21.27,-0.02,20,42540,卖盘
2134,09:54:30,21.29,--,18,39641,卖盘
2135,09:54:21,21.29,--,4,9325,卖盘
2136,09:54:18,21.29,0.02,9,19161,卖盘
2137,09:54:12,21.27,--,6,14867,卖盘
2138,09:54:09,21.27,--,42,90695,卖盘
2139,09:54:00,21.27,-0.02,17,37711,卖盘
2140,09:53:54,21.29,0.02,2,4258,买盘
2141,09:53:51,21.27,--,59,126620,卖盘
2142,09:53:48,21.27,--,34,73296,卖盘
2143,09:53:45,21.27,--,1,2127,卖盘
2144,09:53:39,21.27,--,15,31905,卖盘
2145,09:53:30,21.27,--,32,68936,卖盘
2146,09:53:27,21.27,--,17,36159,买盘
2147,09:53:24,21.27,--,11,23397,买盘
2148,09:53:21,21.27,0.02,8,18228,买盘
2149,09:53:18,21.25,-0.01,26,55292,卖盘
2150,09:53:15,21.26,--,17,36609,买盘
2151,09:53:12,21.26,0.01,13,27638,买盘
2152,09:53:09,21.25,-0.01,10,21483,卖盘
2153,09:53:06,21.26,--,5,10821,买盘
2154,09:53:03,21.26,0.01,10,21260,买盘
2155,09:53:00,21.25,-0.01,38,80750,卖盘
2156,09:52:57,21.26,0.01,19,42328,卖盘
2157,09:52:45,21.25,-0.01,69,146625,卖盘
2158,09:52:39,21.26,--,21,44646,买盘
2159,09:52:36,21.26,0.01,12,25512,买盘
2160,09:52:33,21.25,--,9,19125,卖盘
2161,09:52:27,21.25,--,71,150875,卖盘
2162,09:52:24,21.25,-0.03,1,2125,卖盘
2163,09:52:21,21.28,0.02,10,21280,买盘
2164,09:52:18,21.26,--,7,14882,买盘
2165,09:52:15,21.26,-0.02,1,2126,卖盘
2166,09:52:09,21.28,0.01,4,8512,买盘
2167,09:52:03,21.27,-0.02,11,24354,卖盘
2168,09:51:57,21.29,0.01,10,21290,买盘
2169,09:51:54,21.28,-0.01,23,48944,卖盘
2170,09:51:45,21.29,--,5,10645,买盘
2171,09:51:39,21.29,--,17,36512,卖盘
2172,09:51:36,21.29,--,13,29146,卖盘
2173,09:51:24,21.29,--,7,15243,卖盘
2174,09:51:21,21.29,0.02,9,19161,买盘
2175,09:51:15,21.27,-0.01,11,23886,卖盘
2176,09:51:09,21.28,0.01,10,21960,买盘
2177,09:51:03,21.27,--,2,5211,卖盘
2178,09:51:00,21.27,--,12,25524,卖盘
2179,09:50:54,21.27,0.02,10,22439,中性盘
2180,09:50:51,21.25,--,1,2125,卖盘
2181,09:50:48,21.25,-0.02,10,21250,卖盘
2182,09:50:45,21.27,--,13,27842,卖盘
2183,09:50:42,21.27,0.03,2,4254,买盘
2184,09:50:33,21.24,-0.01,26,55627,卖盘
2185,09:50:24,21.25,0.01,9,19465,买盘
2186,09:50:15,21.24,--,43,91799,卖盘
2187,09:50:09,21.24,0.01,8,17671,买盘
2188,09:50:03,21.23,-0.01,80,170752,卖盘
2189,09:50:00,21.24,--,4,8496,买盘
2190,09:49:57,21.24,--,2,4248,买盘
2191,09:49:54,21.24,-0.02,119,254603,卖盘
2192,09:49:51,21.26,0.02,1,2126,买盘
2193,09:49:45,21.24,--,38,81519,卖盘
2194,09:49:42,21.24,--,123,261251,卖盘
2195,09:49:39,21.24,--,1,2124,卖盘
2196,09:49:33,21.24,--,45,97173,卖盘
2197,09:49:30,21.24,--,27,57347,卖盘
2198,09:49:24,21.24,0.01,16,35046,买盘
2199,09:49:21,21.23,--,10,21230,卖盘
2200,09:49:18,21.23,0.01,65,137995,买盘
2201,09:49:15,21.22,-0.01,5,10610,卖盘
2202,09:49:09,21.23,--,22,46706,买盘
2203,09:49:03,21.23,--,9,19107,买盘
2204,09:48:57,21.23,-0.01,21,44583,卖盘
2205,09:48:54,21.24,--,10,21240,买盘
2206,09:48:48,21.24,--,45,95580,买盘
2207,09:48:27,21.24,0.03,8,16992,买盘
2208,09:48:24,21.21,-0.02,20,42420,卖盘
2209,09:48:21,21.23,-0.01,10,21230,卖盘
2210,09:48:18,21.24,0.01,200,424799,买盘
2211,09:48:12,21.23,0.02,26,55198,卖盘
2212,09:48:03,21.21,-0.02,1,2121,卖盘
2213,09:47:57,21.23,--,52,110396,买盘
2214,09:47:51,21.23,--,7,14861,买盘
2215,09:47:48,21.23,--,10,21230,买盘
2216,09:47:45,21.23,--,3,6369,买盘
2217,09:47:42,21.23,--,1,2123,买盘
2218,09:47:39,21.23,-0.01,30,63690,卖盘
2219,09:47:36,21.24,--,20,42480,买盘
2220,09:47:33,21.24,-0.01,1,2124,中性盘
2221,09:47:30,21.25,0.05,1,2125,买盘
2222,09:47:27,21.2,-0.06,116,245920,卖盘
2223,09:47:15,21.26,0.01,19,40394,买盘
2224,09:47:12,21.25,-0.01,4,8500,卖盘
2225,09:47:06,21.26,--,20,42520,买盘
2226,09:47:00,21.26,--,1,2126,买盘
2227,09:46:51,21.26,-0.01,8,17008,卖盘
2228,09:46:48,21.27,0.01,61,129747,买盘
2229,09:46:45,21.26,-0.01,10,21260,卖盘
2230,09:46:33,21.27,-0.01,3,6381,卖盘
2231,09:46:21,21.28,-0.01,5,10640,卖盘
2232,09:46:15,21.29,--,12,25548,买盘
2233,09:46:12,21.29,--,8,17032,买盘
2234,09:46:09,21.29,--,3,6387,买盘
2235,09:46:06,21.29,-0.01,3,6387,卖盘
2236,09:45:45,21.3,--,74,157620,卖盘
2237,09:45:36,21.3,--,55,117150,卖盘
2238,09:45:33,21.3,-0.02,6,12780,卖盘
2239,09:45:21,21.32,--,113,240916,买盘
2240,09:45:12,21.32,--,20,42640,买盘
2241,09:45:06,21.32,-0.02,20,42640,卖盘
2242,09:45:03,21.34,0.01,6,12804,买盘
2243,09:45:00,21.33,0.01,11,23462,买盘
2244,09:44:48,21.32,-0.01,136,289952,卖盘
2245,09:44:39,21.33,0.01,50,106649,买盘
2246,09:44:33,21.32,--,12,25584,卖盘
2247,09:44:30,21.32,-0.01,40,85280,卖盘
2248,09:44:27,21.33,--,38,81054,买盘
2249,09:44:24,21.33,--,7,14930,买盘
2250,09:44:21,21.33,--,6,12797,买盘
2251,09:44:12,21.33,-0.01,28,59723,卖盘
2252,09:44:06,21.34,--,3,6402,买盘
2253,09:44:03,21.34,0.01,7,14938,中性盘
2254,09:44:00,21.33,--,2,4266,卖盘
2255,09:43:54,21.33,0.01,24,51191,买盘
2256,09:43:48,21.32,-0.01,3,6396,卖盘
2257,09:43:42,21.33,0.01,3,6398,买盘
2258,09:43:27,21.32,0.02,12,25584,买盘
2259,09:43:09,21.3,--,26,55380,买盘
2260,09:43:06,21.3,0.04,5,10650,买盘
2261,09:42:45,21.26,0.01,4,8504,买盘
2262,09:42:36,21.25,0.02,39,82875,买盘
2263,09:42:33,21.23,-0.02,71,150733,卖盘
2264,09:42:27,21.25,--,17,36125,买盘
2265,09:42:15,21.25,0.03,10,21250,买盘
2266,09:42:03,21.22,-0.01,20,42440,卖盘
2267,09:42:00,21.23,--,2,4246,买盘
2268,09:41:54,21.23,0.01,23,48829,买盘
2269,09:41:51,21.22,0.01,28,59416,买盘
2270,09:41:48,21.21,-0.01,7,14847,卖盘
2271,09:41:39,21.22,-0.01,5,10610,买盘
2272,09:41:36,21.23,--,20,42460,买盘
2273,09:41:30,21.23,0.03,20,42460,买盘
2274,09:41:27,21.2,-0.02,163,345560,卖盘
2275,09:41:24,21.22,-0.01,4,8488,卖盘
2276,09:41:18,21.23,0.01,40,84920,买盘
2277,09:41:15,21.22,--,10,21220,买盘
2278,09:41:12,21.22,--,16,33952,买盘
2279,09:41:09,21.22,--,4,8488,卖盘
2280,09:41:06,21.22,--,31,65782,卖盘
2281,09:41:03,21.22,--,2,4244,卖盘
2282,09:40:54,21.22,-0.03,5,10610,卖盘
2283,09:40:51,21.25,0.02,75,159375,买盘
2284,09:40:48,21.23,-0.02,4,8492,中性盘
2285,09:40:42,21.25,0.03,7,14875,买盘
2286,09:40:36,21.22,--,51,108222,卖盘
2287,09:40:33,21.22,-0.04,83,176126,卖盘
2288,09:40:30,21.26,0.04,2,4252,买盘
2289,09:40:27,21.22,-0.01,32,67904,卖盘
2290,09:40:24,21.23,0.01,2,4246,买盘
2291,09:40:21,21.22,-0.01,22,46684,卖盘
2292,09:40:18,21.23,0.01,5,10615,中性盘
2293,09:40:15,21.22,--,29,61538,卖盘
2294,09:40:12,21.22,-0.03,31,65782,卖盘
2295,09:40:09,21.25,--,1,2125,买盘
2296,09:40:06,21.25,-0.01,11,23375,中性盘
2297,09:40:03,21.26,0.03,5,10630,买盘
2298,09:40:00,21.23,-0.03,45,95535,卖盘
2299,09:39:57,21.26,0.01,6,12756,买盘
2300,09:39:54,21.25,-0.01,10,21250,卖盘
2301,09:39:51,21.26,-0.01,10,21260,买盘
2302,09:39:48,21.27,--,1,2127,买盘
2303,09:39:45,21.27,--,2,4254,买盘
2304,09:39:42,21.27,--,10,21270,买盘
2305,09:39:36,21.27,--,1,2127,买盘
2306,09:39:33,21.27,0.01,2,4254,买盘
2307,09:39:30,21.26,--,3,6378,卖盘
2308,09:39:27,21.26,-0.02,14,29764,卖盘
2309,09:39:24,21.28,--,9,19152,买盘
2310,09:39:21,21.28,--,7,14896,买盘
2311,09:39:18,21.28,--,19,40432,卖盘
2312,09:39:15,21.28,-0.02,35,74480,卖盘
2313,09:39:12,21.3,--,1,2130,买盘
2314,09:39:09,21.3,0.01,30,63900,买盘
2315,09:39:06,21.29,--,7,14903,买盘
2316,09:39:03,21.29,0.01,2,4258,买盘
2317,09:39:00,21.28,-0.02,31,65968,卖盘
2318,09:38:57,21.3,--,1,2130,买盘
2319,09:38:54,21.3,--,117,249210,买盘
2320,09:38:51,21.3,0.02,2,4260,买盘
2321,09:38:48,21.28,--,1,2128,卖盘
2322,09:38:45,21.28,0.03,121,257488,买盘
2323,09:38:30,21.25,0.02,1,2125,买盘
2324,09:38:24,21.23,0.01,95,201685,买盘
2325,09:38:21,21.22,0.01,3,6366,买盘
2326,09:38:18,21.21,--,4,8484,卖盘
2327,09:38:15,21.21,0.03,37,78477,买盘
2328,09:38:12,21.18,--,13,27534,卖盘
2329,09:38:09,21.18,--,6,12708,卖盘
2330,09:38:06,21.18,--,3,6354,买盘
2331,09:38:03,21.18,--,2,4236,卖盘
2332,09:38:00,21.18,0.03,10,21180,买盘
2333,09:37:57,21.15,-0.05,30,63449,卖盘
2334,09:37:54,21.2,0.01,38,80560,买盘
2335,09:37:51,21.19,0.01,12,25428,中性盘
2336,09:37:48,21.18,-0.02,10,21180,卖盘
2337,09:37:45,21.2,0.02,100,212000,买盘
2338,09:37:42,21.18,--,8,16944,卖盘
2339,09:37:39,21.18,--,25,52950,卖盘
2340,09:37:36,21.18,-0.02,47,99546,卖盘
2341,09:37:33,21.2,0.01,38,80560,买盘
2342,09:37:30,21.19,-0.01,5,10595,卖盘
2343,09:37:27,21.2,--,10,21200,买盘
2344,09:37:24,21.2,--,23,48760,买盘
2345,09:37:21,21.2,--,7,14840,买盘
2346,09:37:18,21.2,--,15,31800,买盘
2347,09:37:15,21.2,--,98,207760,卖盘
2348,09:37:12,21.2,-0.01,19,40280,卖盘
2349,09:37:09,21.21,0.01,6,12726,买盘
2350,09:37:06,21.2,-0.01,202,428240,卖盘
2351,09:37:03,21.21,-0.04,307,651147,卖盘
2352,09:36:57,21.25,--,1,2125,买盘
2353,09:36:54,21.25,--,7,14875,买盘
2354,09:36:51,21.25,--,4,8500,买盘
2355,09:36:48,21.25,--,12,25500,买盘
2356,09:36:42,21.25,-0.01,89,189125,卖盘
2357,09:36:36,21.26,0.01,4,8504,买盘
2358,09:36:33,21.25,-0.01,12,25500,卖盘
2359,09:36:30,21.26,--,54,114804,卖盘
2360,09:36:27,21.26,--,45,95670,卖盘
2361,09:36:21,21.26,-0.02,3,6378,卖盘
2362,09:36:18,21.28,0.02,6,12768,中性盘
2363,09:36:15,21.26,--,3,6378,卖盘
2364,09:36:12,21.26,--,8,17008,卖盘
2365,09:36:09,21.26,-0.01,30,63780,卖盘
2366,09:36:06,21.27,-0.02,190,404130,卖盘
2367,09:36:03,21.29,-0.01,13,27677,卖盘
2368,09:35:57,21.3,-0.02,11,23430,卖盘
2369,09:35:51,21.32,0.02,2,4264,中性盘
2370,09:35:45,21.3,-0.02,20,42600,卖盘
2371,09:35:42,21.32,-0.01,50,106600,卖盘
2372,09:35:36,21.33,--,5,10665,卖盘
2373,09:35:33,21.33,--,10,21330,卖盘
2374,09:35:30,21.33,0.03,159,339147,买盘
2375,09:35:27,21.3,--,7,14910,卖盘
2376,09:35:24,21.3,-0.01,39,83070,卖盘
2377,09:35:18,21.31,0.02,13,27703,中性盘
2378,09:35:12,21.29,-0.02,263,559927,卖盘
2379,09:35:09,21.31,0.01,8,17048,买盘
2380,09:35:06,21.3,--,10,21300,卖盘
2381,09:35:03,21.3,--,25,53250,卖盘
2382,09:35:00,21.3,-0.01,4,8520,卖盘
2383,09:34:57,21.31,--,5,10655,买盘
2384,09:34:54,21.31,--,48,102288,卖盘
2385,09:34:51,21.31,--,55,117205,卖盘
2386,09:34:48,21.31,--,63,134253,卖盘
2387,09:34:45,21.31,-0.05,17,36227,卖盘
2388,09:34:39,21.36,0.05,99,211464,买盘
2389,09:34:36,21.31,--,97,206707,买盘
2390,09:34:33,21.31,--,16,34096,买盘
2391,09:34:30,21.31,--,18,38358,买盘
2392,09:34:27,21.31,--,1,2131,买盘
2393,09:34:24,21.31,--,30,63929,买盘
2394,09:34:21,21.31,--,1,2131,买盘
2395,09:34:18,21.31,-0.01,39,83109,卖盘
2396,09:34:15,21.32,-0.04,6,12792,卖盘
2397,09:34:09,21.36,0.06,3,6408,买盘
2398,09:34:03,21.3,-0.01,56,119280,卖盘
2399,09:33:57,21.31,--,10,21310,卖盘
2400,09:33:54,21.31,0.01,20,42620,中性盘
2401,09:33:48,21.3,--,3,6390,卖盘
2402,09:33:45,21.3,--,54,115020,卖盘
2403,09:33:36,21.3,-0.01,66,140580,卖盘
2404,09:33:33,21.31,--,46,98026,买盘
2405,09:33:30,21.31,0.01,23,49013,买盘
2406,09:33:24,21.3,--,68,144840,卖盘
2407,09:33:21,21.3,-0.01,8,17040,卖盘
2408,09:33:18,21.31,--,10,21310,买盘
2409,09:33:15,21.31,--,6,12786,买盘
2410,09:33:12,21.31,--,36,76716,买盘
2411,09:33:09,21.31,0.01,5,10655,买盘
2412,09:33:06,21.3,--,3,6390,卖盘
2413,09:33:03,21.3,-0.01,32,68160,卖盘
2414,09:33:00,21.31,--,5,10655,买盘
2415,09:32:54,21.31,--,55,117205,买盘
2416,09:32:51,21.31,0.01,56,119336,买盘
2417,09:32:48,21.3,--,9,19170,买盘
2418,09:32:45,21.3,0.02,8,17040,买盘
2419,09:32:42,21.28,-0.03,95,202160,卖盘
2420,09:32:39,21.31,--,12,25572,买盘
2421,09:32:36,21.31,--,2,4262,买盘
2422,09:32:33,21.31,0.01,10,21310,买盘
2423,09:32:30,21.3,--,21,44730,卖盘
2424,09:32:27,21.3,-0.01,11,23430,卖盘
2425,09:32:24,21.31,0.01,20,42620,买盘
2426,09:32:21,21.3,--,93,198090,卖盘
2427,09:32:18,21.3,-0.01,2,4260,中性盘
2428,09:32:15,21.31,--,17,36227,买盘
2429,09:32:12,21.31,0.01,4,8524,买盘
2430,09:32:09,21.3,--,38,80940,卖盘
2431,09:32:03,21.3,-0.01,20,42600,卖盘
2432,09:32:00,21.31,--,1,2131,买盘
2433,09:31:57,21.31,--,2,4262,买盘
2434,09:31:54,21.31,--,23,49013,买盘
2435,09:31:51,21.31,-0.07,3,6393,卖盘
2436,09:31:36,21.38,--,3,6414,买盘
2437,09:31:30,21.38,0.13,4,8552,买盘
2438,09:31:18,21.25,-0.13,34,72250,卖盘
2439,09:31:15,21.38,--,5,10690,买盘
2440,09:31:12,21.38,--,5,10690,买盘
2441,09:31:09,21.38,--,23,49174,买盘
2442,09:31:06,21.38,0.12,15,32070,买盘
2443,09:31:03,21.26,--,51,108426,买盘
2444,09:31:00,21.26,--,18,38268,买盘
2445,09:30:57,21.26,--,1,2126,买盘
2446,09:30:51,21.26,-0.04,5,10630,卖盘
2447,09:30:42,21.3,0.1,1,2130,买盘
2448,09:30:39,21.2,-0.05,111,235320,卖盘
2449,09:30:36,21.25,-0.13,13,27625,卖盘
2450,09:30:27,21.38,0.03,50,106900,买盘
2451,09:30:24,21.35,--,42,89670,买盘
2452,09:30:21,21.35,--,2,4270,买盘
2453,09:30:18,21.35,0.01,10,21350,买盘
2454,09:30:15,21.34,0.04,39,83226,买盘
2455,09:30:12,21.3,-0.01,23,48990,卖盘
2456,09:30:09,21.31,--,31,66061,买盘
2457,09:30:06,21.31,-0.07,81,172611,卖盘
2458,09:30:03,21.38,-0.01,273,583674,中性盘
2459,09:30:00,21.39,--,0,0,买盘
2460,09:25:03,21.39,21.39,335,716565,买盘
