,time,price,change,volume,amount,type
0,15:00:03,2.65,--,3784,1002972,卖盘
1,14:57:00,2.65,-0.01,12,3180,卖盘
2,14:56:57,2.66,--,10,2660,买盘
3,14:56:54,2.66,--,2,532,买盘
4,14:56:51,2.66,0.01,33,8778,买盘
5,14:56:48,2.65,-0.01,1,265,卖盘
6,14:56:45,2.66,--,29,7714,买盘
7,14:56:36,2.66,0.01,20,5320,买盘
8,14:56:33,2.65,-0.01,30,7950,卖盘
9,14:56:15,2.66,0.01,12,3192,买盘
10,14:56:12,2.65,-0.01,55,14575,卖盘
11,14:56:09,2.66,0.01,22,5852,买盘
12,14:56:06,2.65,-0.01,972,257686,卖盘
13,14:56:03,2.66,0.01,11,2926,买盘
14,14:56:00,2.65,--,94,24963,卖盘
15,14:55:57,2.65,-0.01,15,3975,卖盘
16,14:55:54,2.66,0.01,257,68362,买盘
17,14:55:51,2.65,-0.01,96,25440,卖盘
18,14:55:48,2.66,0.01,8,2128,买盘
19,14:55:45,2.65,-0.01,100,26500,卖盘
20,14:55:42,2.66,0.01,6,1596,买盘
21,14:55:36,2.65,--,7,1908,卖盘
22,14:55:30,2.65,-0.01,5,1431,卖盘
23,14:55:27,2.66,0.01,2,532,买盘
24,14:55:21,2.65,-0.01,4,1272,卖盘
25,14:55:18,2.66,--,4,1064,买盘
26,14:55:09,2.66,--,5,1330,买盘
27,14:55:03,2.66,0.01,15,3990,买盘
28,14:55:00,2.65,--,72,19080,卖盘
29,14:54:54,2.65,-0.01,21,5724,卖盘
30,14:54:48,2.66,0.01,1,266,买盘
31,14:54:42,2.65,--,47,12455,卖盘
32,14:54:39,2.65,--,38,10070,卖盘
33,14:54:36,2.65,-0.01,100,26500,卖盘
34,14:54:24,2.66,--,2,532,买盘
35,14:54:18,2.66,0.01,21,5586,买盘
36,14:54:15,2.65,-0.01,90,23850,卖盘
37,14:54:12,2.66,--,12,3192,买盘
38,14:54:09,2.66,--,3,798,买盘
39,14:54:06,2.66,0.01,480,127680,买盘
40,14:54:03,2.65,--,16,4293,卖盘
41,14:53:57,2.65,-0.01,24,6360,卖盘
42,14:53:54,2.66,0.01,50,13300,买盘
43,14:53:48,2.65,--,54,14310,卖盘
44,14:53:45,2.65,-0.01,87,23108,卖盘
45,14:53:39,2.66,0.01,1,266,买盘
46,14:53:33,2.65,-0.01,12,3180,卖盘
47,14:53:30,2.66,--,40,10640,买盘
48,14:53:27,2.66,0.01,24,6543,买盘
49,14:53:18,2.65,--,21,5565,卖盘
50,14:53:15,2.65,-0.01,1,265,卖盘
51,14:53:12,2.66,--,5,1330,买盘
52,14:53:03,2.66,--,3,798,买盘
53,14:53:00,2.66,--,41,10906,买盘
54,14:52:51,2.66,--,1,266,买盘
55,14:52:45,2.66,--,14,3724,买盘
56,14:52:42,2.66,--,201,53466,买盘
57,14:52:39,2.66,--,25,6650,买盘
58,14:52:36,2.66,--,51,13566,买盘
59,14:52:33,2.66,--,18,4788,买盘
60,14:52:24,2.66,--,200,53200,买盘
61,14:52:15,2.66,--,10,2660,买盘
62,14:52:09,2.66,--,19,5054,买盘
63,14:52:06,2.66,--,20,5320,买盘
64,14:52:00,2.66,--,20,5320,买盘
65,14:51:51,2.66,--,16,4256,买盘
66,14:51:48,2.66,--,11,2926,买盘
67,14:51:45,2.66,--,235,62510,买盘
68,14:51:42,2.66,--,51,13566,买盘
69,14:51:36,2.66,--,20,5320,买盘
70,14:51:24,2.66,--,1097,291802,买盘
71,14:51:21,2.66,--,114,30324,买盘
72,14:51:18,2.66,--,338,89908,买盘
73,14:51:12,2.66,--,90,23940,买盘
74,14:51:09,2.66,--,12,3192,买盘
75,14:50:54,2.66,--,202,53732,买盘
76,14:50:51,2.66,--,106,28196,买盘
77,14:50:45,2.66,--,14,3724,买盘
78,14:50:42,2.66,0.01,1005,267330,买盘
79,14:50:39,2.65,-0.01,121,32065,卖盘
80,14:50:36,2.66,--,42,11172,买盘
81,14:50:30,2.66,--,30,7980,买盘
82,14:50:27,2.66,0.01,230,61180,买盘
83,14:50:24,2.65,-0.01,9,2385,卖盘
84,14:50:09,2.66,0.01,43,11438,买盘
85,14:50:06,2.65,-0.01,40,10600,卖盘
86,14:50:03,2.66,--,30,7980,买盘
87,14:50:00,2.66,--,9,2394,买盘
88,14:49:54,2.66,--,155,41230,买盘
89,14:49:45,2.66,--,10,2660,买盘
90,14:49:42,2.66,--,3,798,买盘
91,14:49:33,2.66,--,1,266,买盘
92,14:49:30,2.66,--,10,2660,买盘
93,14:49:21,2.66,0.01,10,2660,买盘
94,14:49:09,2.65,--,70,18550,卖盘
95,14:48:54,2.65,--,142,37630,卖盘
96,14:48:45,2.65,--,101,26818,买盘
97,14:48:42,2.65,--,24,6360,买盘
98,14:48:36,2.65,--,308,81620,买盘
99,14:48:33,2.65,--,1023,271095,买盘
100,14:48:30,2.65,--,10,2650,买盘
101,14:48:27,2.65,--,9,2385,买盘
102,14:48:21,2.65,0.01,2,530,买盘
103,14:48:18,2.64,-0.01,1,264,卖盘
104,14:48:15,2.65,--,8,2120,买盘
105,14:48:09,2.65,--,20,5300,买盘
106,14:48:03,2.65,--,30,7950,买盘
107,14:48:00,2.65,0.01,1,265,买盘
108,14:47:57,2.64,-0.01,358,94512,卖盘
109,14:47:51,2.65,--,16,4240,买盘
110,14:47:48,2.65,0.01,40,10600,买盘
111,14:47:39,2.64,--,14,3696,卖盘
112,14:47:36,2.64,-0.01,15,4118,卖盘
113,14:47:33,2.65,--,280,74200,买盘
114,14:47:24,2.65,--,30,7950,买盘
115,14:47:12,2.65,--,2,530,买盘
116,14:47:09,2.65,--,30,7950,买盘
117,14:46:51,2.65,--,10,2650,买盘
118,14:46:48,2.65,--,186,49290,买盘
119,14:46:30,2.65,0.01,97,25705,买盘
120,14:46:09,2.64,-0.01,1042,275140,卖盘
121,14:46:06,2.65,0.01,37,9805,买盘
122,14:45:51,2.64,--,2,528,卖盘
123,14:45:48,2.64,--,228,60350,卖盘
124,14:45:45,2.64,--,34,8976,卖盘
125,14:45:36,2.64,-0.01,273,72072,卖盘
126,14:45:27,2.65,0.01,10,2650,买盘
127,14:45:15,2.64,--,10,2851,卖盘
128,14:45:12,2.64,-0.01,23,6072,卖盘
129,14:45:03,2.65,--,1,265,买盘
130,14:45:00,2.65,--,11,2915,买盘
131,14:44:51,2.65,--,71,18815,买盘
132,14:44:48,2.65,0.01,1,265,买盘
133,14:44:45,2.64,-0.01,100,26400,卖盘
134,14:44:42,2.65,--,10,2650,买盘
135,14:44:36,2.65,--,103,27295,买盘
136,14:44:33,2.65,--,10,2650,买盘
137,14:44:30,2.65,0.01,18,4770,买盘
138,14:44:27,2.64,-0.01,5,1320,卖盘
139,14:44:24,2.65,0.01,68,18020,买盘
140,14:44:15,2.64,-0.01,50,13200,卖盘
141,14:44:12,2.65,--,54,14310,买盘
142,14:44:03,2.65,--,14,3710,卖盘
143,14:44:00,2.65,--,94,24910,买盘
144,14:43:54,2.65,--,10,2650,买盘
145,14:43:48,2.65,--,10,2650,买盘
146,14:43:45,2.65,--,10,2650,买盘
147,14:43:42,2.65,--,100,26500,买盘
148,14:43:30,2.65,--,184,48760,卖盘
149,14:43:27,2.65,--,90,23850,卖盘
150,14:43:24,2.65,--,100,26500,卖盘
151,14:43:21,2.65,--,27,7155,卖盘
152,14:43:15,2.65,--,0,212,卖盘
153,14:43:09,2.65,--,67,17755,卖盘
154,14:42:54,2.65,--,25,6625,卖盘
155,14:42:48,2.65,0.01,336,89146,买盘
156,14:42:45,2.64,-0.01,10,2640,卖盘
157,14:42:42,2.65,0.01,51,13515,买盘
158,14:42:39,2.64,-0.01,1,264,卖盘
159,14:42:36,2.65,0.01,89,23585,买盘
160,14:42:33,2.64,-0.01,39,10454,卖盘
161,14:42:27,2.65,--,3,795,买盘
162,14:42:15,2.65,--,79,20935,买盘
163,14:42:12,2.65,--,476,126140,买盘
164,14:42:06,2.65,--,10,2650,买盘
165,14:42:03,2.65,--,2,530,买盘
166,14:42:00,2.65,--,49,12985,买盘
167,14:41:54,2.65,--,31,8215,买盘
168,14:41:48,2.65,--,173,45845,买盘
169,14:41:42,2.65,0.01,36,9540,买盘
170,14:41:39,2.64,-0.01,0,52,卖盘
171,14:41:36,2.65,0.01,20,5300,买盘
172,14:41:33,2.64,-0.01,7,1900,卖盘
173,14:41:30,2.65,--,32,8480,买盘
174,14:41:27,2.65,--,89,23585,买盘
175,14:41:18,2.65,--,10,2650,买盘
176,14:41:15,2.65,--,8,2120,买盘
177,14:41:12,2.65,--,131,34715,买盘
178,14:41:09,2.65,0.01,1,265,买盘
179,14:41:06,2.64,-0.01,300,79200,卖盘
180,14:41:03,2.65,--,5,1325,买盘
181,14:40:57,2.65,--,20,5300,买盘
182,14:40:54,2.65,--,15,3975,买盘
183,14:40:45,2.65,--,112,29680,买盘
184,14:40:39,2.65,--,30,7950,买盘
185,14:40:36,2.65,0.01,31,8215,买盘
186,14:40:33,2.64,-0.01,13,3432,卖盘
187,14:40:30,2.65,--,62,16430,买盘
188,14:40:27,2.65,--,21,5565,买盘
189,14:40:21,2.65,--,40,10600,买盘
190,14:40:18,2.65,--,548,145220,买盘
191,14:40:15,2.65,--,163,43195,买盘
192,14:40:12,2.65,--,114,30210,买盘
193,14:40:09,2.65,--,4,1060,买盘
194,14:40:03,2.65,--,1,265,买盘
195,14:39:54,2.65,--,243,64395,买盘
196,14:39:48,2.65,--,44,11660,买盘
197,14:39:42,2.65,--,8,2120,买盘
198,14:39:39,2.65,--,218,57770,买盘
199,14:39:36,2.65,--,1,265,买盘
200,14:39:33,2.65,--,10,2650,买盘
201,14:39:30,2.65,--,5,1325,买盘
202,14:39:27,2.65,--,20,5300,买盘
203,14:39:24,2.65,--,7,1855,买盘
204,14:39:21,2.65,--,100,26500,买盘
205,14:39:15,2.65,--,27,7155,买盘
206,14:39:06,2.65,--,1,265,买盘
207,14:39:00,2.65,0.01,172,45580,买盘
208,14:38:57,2.64,-0.01,15,3960,卖盘
209,14:38:54,2.65,0.01,23,6095,买盘
210,14:38:48,2.64,-0.01,26,6864,卖盘
211,14:38:45,2.65,--,1,265,买盘
212,14:38:39,2.65,--,1,265,买盘
213,14:38:33,2.65,--,3,795,买盘
214,14:38:30,2.65,--,10,2650,买盘
215,14:38:24,2.65,--,1,265,买盘
216,14:38:21,2.65,--,14,3922,买盘
217,14:38:18,2.65,--,50,13250,买盘
218,14:38:15,2.65,--,6,1590,买盘
219,14:38:12,2.65,--,4,1060,买盘
220,14:38:03,2.65,--,1,265,买盘
221,14:38:00,2.65,--,10,2650,买盘
222,14:37:57,2.65,--,27,7155,买盘
223,14:37:48,2.65,--,2,530,买盘
224,14:37:45,2.65,0.01,10,2650,买盘
225,14:37:42,2.64,--,100,26400,卖盘
226,14:37:39,2.64,--,1076,284222,卖盘
227,14:37:36,2.64,--,43,11352,卖盘
228,14:37:33,2.64,-0.01,36,9504,卖盘
229,14:37:30,2.65,--,70,18550,买盘
230,14:37:27,2.65,0.01,2,530,买盘
231,14:37:18,2.64,--,11,2904,卖盘
232,14:37:15,2.64,--,160,42240,卖盘
233,14:37:06,2.64,--,60,15840,卖盘
234,14:37:03,2.64,--,13,3537,卖盘
235,14:36:51,2.64,-0.01,3,950,卖盘
236,14:36:45,2.65,0.01,107,28355,买盘
237,14:36:42,2.64,--,101,26716,买盘
238,14:36:39,2.64,--,105,27720,买盘
239,14:36:36,2.64,--,239,63096,买盘
240,14:36:33,2.64,0.01,73,19483,买盘
241,14:36:30,2.63,-0.01,5,1420,卖盘
242,14:36:27,2.64,--,29,7656,买盘
243,14:36:24,2.64,--,82,21648,买盘
244,14:36:18,2.64,0.01,417,110088,买盘
245,14:36:15,2.63,-0.01,57,15096,卖盘
246,14:36:12,2.64,--,41,10824,买盘
247,14:36:09,2.64,--,1,264,买盘
248,14:36:06,2.64,--,5,1320,买盘
249,14:36:03,2.64,--,30,7920,买盘
250,14:36:00,2.64,--,10,2640,买盘
251,14:35:57,2.64,--,90,23760,买盘
252,14:35:54,2.64,--,2,528,买盘
253,14:35:51,2.64,--,47,12408,买盘
254,14:35:48,2.64,--,27,7128,买盘
255,14:35:45,2.64,--,2,528,买盘
256,14:35:42,2.64,--,111,29356,买盘
257,14:35:39,2.64,--,3,792,买盘
258,14:35:33,2.64,0.01,20,5280,买盘
259,14:35:30,2.63,--,698,183679,卖盘
260,14:35:21,2.63,--,22,5786,卖盘
261,14:35:18,2.63,-0.01,20,5260,卖盘
262,14:35:15,2.64,--,16,4224,买盘
263,14:35:12,2.64,0.01,10,2640,买盘
264,14:35:09,2.63,--,32,8521,卖盘
265,14:35:06,2.63,--,38,9994,卖盘
266,14:35:03,2.63,--,24,6312,卖盘
267,14:35:00,2.63,-0.01,36,9468,卖盘
268,14:34:54,2.64,0.01,4,1056,买盘
269,14:34:51,2.63,-0.01,20,5260,卖盘
270,14:34:48,2.64,--,54,14256,买盘
271,14:34:42,2.64,--,35,9451,买盘
272,14:34:36,2.64,--,5,1320,买盘
273,14:34:33,2.64,--,12,3168,买盘
274,14:34:30,2.64,--,46,12144,买盘
275,14:34:24,2.64,--,1620,427838,卖盘
276,14:34:21,2.64,-0.01,81,21384,卖盘
277,14:34:18,2.65,0.01,5,1325,买盘
278,14:34:15,2.64,--,25,6600,卖盘
279,14:34:12,2.64,--,198,52272,卖盘
280,14:34:09,2.64,--,545,143880,卖盘
281,14:34:06,2.64,--,51,13464,卖盘
282,14:34:03,2.64,--,1,264,卖盘
283,14:33:57,2.64,--,1,264,卖盘
284,14:33:54,2.64,--,73,19272,卖盘
285,14:33:51,2.64,--,100,26400,卖盘
286,14:33:45,2.64,--,9,2376,卖盘
287,14:33:42,2.64,--,23,6177,卖盘
288,14:33:39,2.64,-0.01,1002,264528,卖盘
289,14:33:33,2.65,--,45,11925,买盘
290,14:33:30,2.65,--,19,5035,买盘
291,14:33:24,2.65,--,138,36689,卖盘
292,14:33:21,2.65,--,124,32860,卖盘
293,14:33:15,2.65,--,802,212530,卖盘
294,14:33:09,2.65,--,35,9275,卖盘
295,14:33:06,2.65,-0.01,33,8745,卖盘
296,14:33:03,2.66,--,110,29260,买盘
297,14:33:00,2.66,0.01,16,4256,买盘
298,14:32:54,2.65,--,5,1325,卖盘
299,14:32:51,2.65,--,10,2650,卖盘
300,14:32:45,2.65,-0.01,11,2915,卖盘
301,14:32:33,2.66,--,21,5586,买盘
302,14:32:27,2.66,0.01,47,12502,买盘
303,14:32:24,2.65,-0.01,400,106000,卖盘
304,14:32:21,2.66,--,1,266,买盘
305,14:32:15,2.66,--,102,27132,买盘
306,14:32:03,2.66,--,4,1064,买盘
307,14:32:00,2.66,0.01,28,7448,买盘
308,14:31:54,2.65,--,3,1007,卖盘
309,14:31:45,2.65,-0.01,17,4505,卖盘
310,14:31:42,2.66,--,10,2660,买盘
311,14:31:30,2.66,0.01,1,266,买盘
312,14:31:27,2.65,-0.01,223,59307,卖盘
313,14:30:45,2.66,--,57,15162,买盘
314,14:30:42,2.66,--,4,1064,买盘
315,14:30:30,2.66,--,1,266,买盘
316,14:30:24,2.66,0.01,10,2660,买盘
317,14:30:21,2.65,--,39,10335,卖盘
318,14:30:18,2.65,--,20,5300,卖盘
319,14:30:15,2.65,--,32,8480,卖盘
320,14:29:45,2.65,--,28,7526,卖盘
321,14:29:30,2.65,--,24,6360,卖盘
322,14:29:18,2.65,-0.01,9,2385,卖盘
323,14:29:15,2.66,0.01,30,7980,买盘
324,14:29:09,2.65,-0.01,3,795,卖盘
325,14:29:06,2.66,0.01,16,4256,买盘
326,14:29:00,2.65,--,201,53424,卖盘
327,14:28:54,2.65,--,51,13727,卖盘
328,14:28:51,2.65,--,8,2279,卖盘
329,14:28:45,2.65,--,1,477,卖盘
330,14:28:39,2.65,--,34,9010,卖盘
331,14:28:36,2.65,--,34,9063,卖盘
332,14:28:21,2.65,-0.01,3,954,卖盘
333,14:28:15,2.66,0.01,50,13300,买盘
334,14:28:09,2.65,-0.01,135,35775,卖盘
335,14:27:54,2.66,0.01,5,1330,买盘
336,14:27:48,2.65,-0.01,1000,265000,卖盘
337,14:27:42,2.66,--,10,2660,买盘
338,14:27:39,2.66,--,179,47614,买盘
339,14:27:36,2.66,--,86,22876,买盘
340,14:27:33,2.66,0.01,1,266,买盘
341,14:27:27,2.65,-0.01,120,31800,卖盘
342,14:27:12,2.66,0.01,22,5852,买盘
343,14:27:06,2.65,-0.01,9,2385,卖盘
344,14:27:03,2.66,--,38,10108,买盘
345,14:27:00,2.66,--,8,2128,买盘
346,14:26:54,2.66,--,50,13300,买盘
347,14:26:51,2.66,--,10,2660,买盘
348,14:26:33,2.66,--,1,266,买盘
349,14:26:21,2.66,--,52,13832,买盘
350,14:26:06,2.66,--,39,10374,买盘
351,14:26:00,2.66,0.01,51,13566,买盘
352,14:25:48,2.65,-0.01,6,1590,卖盘
353,14:25:45,2.66,--,2,532,买盘
354,14:25:42,2.66,--,20,5320,买盘
355,14:25:24,2.66,0.01,20,5320,买盘
356,14:25:21,2.65,--,13,3445,卖盘
357,14:25:18,2.65,--,50,13250,卖盘
358,14:25:15,2.65,-0.01,5,1431,卖盘
359,14:25:06,2.66,0.01,2,532,买盘
360,14:25:00,2.65,--,7,1908,卖盘
361,14:24:51,2.65,-0.01,180,47700,卖盘
362,14:24:48,2.66,0.01,68,18088,买盘
363,14:24:45,2.65,--,10,2650,卖盘
364,14:24:33,2.65,--,9,2385,卖盘
365,14:24:27,2.65,--,44,11805,卖盘
366,14:24:18,2.65,--,1090,288850,卖盘
367,14:24:09,2.65,--,50,13250,卖盘
368,14:23:57,2.65,-0.01,15,3975,卖盘
369,14:23:54,2.66,0.01,17,4522,买盘
370,14:23:51,2.65,--,22,5830,卖盘
371,14:23:45,2.65,--,3,795,卖盘
372,14:23:42,2.65,--,20,5300,卖盘
373,14:23:39,2.65,--,80,21200,卖盘
374,14:23:36,2.65,--,30,7950,卖盘
375,14:23:33,2.65,-0.01,55,14575,卖盘
376,14:23:27,2.66,0.01,4,1064,买盘
377,14:23:15,2.65,-0.01,162,42930,卖盘
378,14:23:09,2.66,--,440,117199,卖盘
379,14:23:03,2.66,--,5,1330,卖盘
380,14:23:00,2.66,--,17,4522,卖盘
381,14:22:57,2.66,--,696,185295,卖盘
382,14:22:54,2.66,--,74,19684,卖盘
383,14:22:51,2.66,--,86,22876,卖盘
384,14:22:39,2.66,--,22,5958,卖盘
385,14:22:36,2.66,--,83,22078,卖盘
386,14:22:30,2.66,--,73,19418,卖盘
387,14:22:27,2.66,--,483,128478,卖盘
388,14:22:21,2.66,--,50,13300,卖盘
389,14:22:18,2.66,--,22,5852,卖盘
390,14:22:12,2.66,--,354,94164,卖盘
391,14:22:03,2.66,--,30,7980,卖盘
392,14:22:00,2.66,--,5,1330,卖盘
393,14:21:57,2.66,--,6,1596,卖盘
394,14:21:39,2.66,--,700,186200,卖盘
395,14:21:36,2.66,--,93,24950,卖盘
396,14:21:06,2.66,-0.01,231,61446,卖盘
397,14:21:03,2.67,0.01,5,1335,买盘
398,14:20:48,2.66,-0.01,36,9576,卖盘
399,14:20:45,2.67,--,43,11481,买盘
400,14:20:36,2.67,0.01,250,66750,买盘
401,14:20:33,2.66,--,80,21280,卖盘
402,14:20:24,2.66,--,567,150822,卖盘
403,14:20:21,2.66,--,5,1330,卖盘
404,14:20:09,2.66,--,1,266,卖盘
405,14:20:00,2.66,--,5,1330,卖盘
406,14:19:54,2.66,--,20,5320,卖盘
407,14:19:39,2.66,-0.01,1,478,卖盘
408,14:19:27,2.67,--,10,2670,买盘
409,14:19:12,2.67,0.01,150,40050,买盘
410,14:18:57,2.66,--,2,638,卖盘
411,14:18:48,2.66,-0.01,135,35910,卖盘
412,14:18:03,2.67,0.01,10,2670,买盘
413,14:17:48,2.66,--,10,2660,卖盘
414,14:17:42,2.66,-0.01,64,17236,卖盘
415,14:17:39,2.67,0.01,1,267,买盘
416,14:17:27,2.66,-0.01,27,7341,卖盘
417,14:17:00,2.67,0.01,9,2403,买盘
418,14:16:33,2.66,-0.01,5,1330,卖盘
419,14:16:27,2.67,--,20,5340,买盘
420,14:16:24,2.67,0.01,22,5874,买盘
421,14:16:18,2.66,--,30,7980,卖盘
422,14:16:15,2.66,-0.01,13,3670,卖盘
423,14:16:12,2.67,--,111,29637,买盘
424,14:15:51,2.67,0.01,1,267,买盘
425,14:15:45,2.66,-0.01,9,2394,卖盘
426,14:15:39,2.67,--,12,3204,买盘
427,14:15:30,2.67,--,4,1068,买盘
428,14:14:57,2.67,0.01,20,5340,买盘
429,14:14:39,2.66,-0.01,53,14098,卖盘
430,14:14:27,2.67,--,6,1602,买盘
431,14:14:21,2.67,0.01,2,534,买盘
432,14:14:15,2.66,--,10,2660,卖盘
433,14:14:06,2.66,-0.01,100,26600,卖盘
434,14:13:57,2.67,0.01,24,6408,买盘
435,14:13:51,2.66,--,1,478,卖盘
436,14:13:33,2.66,-0.01,40,10640,卖盘
437,14:13:30,2.67,--,1,267,买盘
438,14:13:27,2.67,--,4,1068,买盘
439,14:13:24,2.67,0.01,10,2670,买盘
440,14:13:21,2.66,--,52,13832,卖盘
441,14:13:06,2.66,--,20,5320,卖盘
442,14:12:57,2.66,--,12,3192,卖盘
443,14:12:54,2.66,--,10,2660,卖盘
444,14:12:48,2.66,-0.01,2,532,卖盘
445,14:12:39,2.67,0.01,50,13350,买盘
446,14:12:30,2.66,--,6,1596,卖盘
447,14:12:18,2.66,--,2,532,卖盘
448,14:12:03,2.66,--,20,5320,卖盘
449,14:11:51,2.66,--,50,13406,卖盘
450,14:11:48,2.66,--,44,11704,卖盘
451,14:11:39,2.66,-0.01,40,10640,卖盘
452,14:11:33,2.67,0.01,1,267,买盘
453,14:11:27,2.66,--,27,7182,卖盘
454,14:11:18,2.66,-0.01,9,2394,卖盘
455,14:11:00,2.67,--,1,267,买盘
456,14:10:39,2.67,--,1291,344803,卖盘
457,14:10:36,2.67,--,60,16020,卖盘
458,14:10:27,2.67,--,50,13350,卖盘
459,14:10:12,2.67,--,144,38448,卖盘
460,14:10:00,2.67,--,588,157049,卖盘
461,14:09:48,2.67,--,340,90993,卖盘
462,14:09:33,2.67,-0.01,200,53400,卖盘
463,14:09:30,2.68,0.01,745,199660,买盘
464,14:09:27,2.67,--,19,5286,卖盘
465,14:08:39,2.67,-0.01,2,534,卖盘
466,14:08:30,2.68,--,4,1072,买盘
467,14:08:06,2.68,--,30,8040,买盘
468,14:08:00,2.68,--,50,13400,买盘
469,14:07:36,2.68,--,9,2412,买盘
470,14:07:33,2.68,--,3,804,买盘
471,14:07:00,2.68,0.01,58,15544,买盘
472,14:06:45,2.67,--,22,5874,卖盘
473,14:06:36,2.67,-0.01,3,801,卖盘
474,14:06:30,2.68,--,1,268,买盘
475,14:06:27,2.68,--,8,2144,买盘
476,14:06:15,2.68,--,22,5896,买盘
477,14:06:09,2.68,0.01,57,15410,买盘
478,14:06:00,2.67,-0.01,651,173817,卖盘
479,14:05:39,2.68,--,20,5360,买盘
480,14:05:15,2.68,--,4,1072,买盘
481,14:05:12,2.68,--,4,1072,买盘
482,14:05:09,2.68,--,41,10988,买盘
483,14:05:06,2.68,--,6,1608,买盘
484,14:04:57,2.68,--,2,536,买盘
485,14:04:51,2.68,--,1063,284884,买盘
486,14:04:45,2.68,--,2,536,买盘
487,14:04:39,2.68,--,36,9648,买盘
488,14:04:27,2.68,--,6,1608,买盘
489,14:04:24,2.68,--,2,536,买盘
490,14:03:54,2.68,0.01,11,2948,买盘
491,14:03:39,2.67,--,1,480,卖盘
492,14:03:30,2.67,-0.01,40,10680,卖盘
493,14:03:27,2.68,--,6,1608,买盘
494,14:03:18,2.68,--,9,2412,买盘
495,14:03:09,2.68,--,105,28140,买盘
496,14:03:00,2.68,--,34,9112,买盘
497,14:02:45,2.68,0.01,135,36180,买盘
498,14:02:24,2.67,--,0,133,卖盘
499,14:02:03,2.67,-0.01,10,2670,卖盘
500,14:02:00,2.68,0.01,200,53600,买盘
501,14:01:54,2.67,--,3,801,卖盘
502,14:01:51,2.67,--,41,10947,卖盘
503,14:01:33,2.67,-0.01,3,801,卖盘
504,14:01:21,2.68,--,11,2948,买盘
505,14:00:48,2.68,--,2,536,买盘
506,14:00:33,2.68,0.01,234,62712,买盘
507,14:00:09,2.67,-0.01,12,3204,卖盘
508,14:00:00,2.68,--,10,2680,买盘
509,13:59:27,2.68,--,76,20368,买盘
510,13:59:06,2.68,--,350,93800,买盘
511,13:57:57,2.68,--,36,9648,买盘
512,13:57:54,2.68,--,100,26800,买盘
513,13:57:33,2.68,--,10,2680,买盘
514,13:56:54,2.68,0.01,1,268,买盘
515,13:56:48,2.67,--,400,106800,卖盘
516,13:56:45,2.67,-0.01,3,801,卖盘
517,13:56:33,2.68,0.01,347,92996,买盘
518,13:56:27,2.67,-0.01,3,801,卖盘
519,13:56:24,2.68,0.01,1,268,买盘
520,13:56:15,2.67,--,68,18156,卖盘
521,13:55:51,2.67,--,1,267,卖盘
522,13:55:48,2.67,--,10,2670,卖盘
523,13:55:24,2.67,--,5,1335,卖盘
524,13:55:09,2.67,--,9,2403,卖盘
525,13:54:57,2.67,-0.01,18,4806,卖盘
526,13:54:51,2.68,0.01,1,268,买盘
527,13:54:42,2.67,-0.01,27,7209,卖盘
528,13:54:24,2.68,0.01,4,1072,买盘
529,13:54:06,2.67,-0.01,3,801,卖盘
530,13:53:51,2.68,--,5,1340,买盘
531,13:53:48,2.68,--,40,10720,买盘
532,13:53:42,2.68,--,5,1340,买盘
533,13:53:36,2.68,--,100,26800,买盘
534,13:53:18,2.68,--,177,47436,卖盘
535,13:53:03,2.68,-0.01,12,3376,卖盘
536,13:53:00,2.69,--,5,1345,买盘
537,13:52:27,2.69,--,3,807,买盘
538,13:52:24,2.69,0.01,1,269,买盘
539,13:52:21,2.68,-0.01,50,13400,卖盘
540,13:52:09,2.69,--,1,269,买盘
541,13:52:06,2.69,0.01,18,4842,买盘
542,13:51:57,2.68,--,311,83514,卖盘
543,13:51:54,2.68,-0.01,5,1340,卖盘
544,13:51:45,2.69,0.01,20,5380,买盘
545,13:51:39,2.68,--,100,26800,卖盘
546,13:51:36,2.68,--,200,53600,卖盘
547,13:51:15,2.68,--,30,8040,卖盘
548,13:51:12,2.68,-0.01,0,160,卖盘
549,13:51:03,2.69,--,8,2152,买盘
550,13:50:06,2.69,0.01,1,269,买盘
551,13:50:03,2.68,--,100,26800,卖盘
552,13:49:33,2.68,0.01,10,2680,中性盘
553,13:48:48,2.67,-0.01,38,10146,卖盘
554,13:48:42,2.68,--,62,16616,买盘
555,13:48:39,2.68,--,6,1608,买盘
556,13:48:30,2.68,--,12,3216,买盘
557,13:48:21,2.68,--,1297,347596,买盘
558,13:47:42,2.68,--,32,8576,买盘
559,13:46:57,2.68,0.01,6,1608,买盘
560,13:46:45,2.67,-0.01,143,38181,卖盘
561,13:46:39,2.68,--,4,1072,买盘
562,13:46:36,2.68,--,130,34840,买盘
563,13:46:27,2.68,--,20,5360,买盘
564,13:46:09,2.68,-0.01,17,4556,卖盘
565,13:46:06,2.69,0.01,16,4304,买盘
566,13:45:42,2.68,-0.01,19,5092,卖盘
567,13:45:39,2.69,0.01,14,3766,买盘
568,13:45:15,2.68,--,15,4180,卖盘
569,13:45:12,2.68,-0.01,15,4020,卖盘
570,13:45:06,2.69,--,156,41964,买盘
571,13:45:00,2.69,--,1,269,买盘
572,13:44:48,2.69,--,8,2152,买盘
573,13:44:42,2.69,--,5,1345,买盘
574,13:44:36,2.69,--,22,5918,买盘
575,13:44:27,2.69,0.01,13,3497,买盘
576,13:44:24,2.68,--,20,5360,卖盘
577,13:44:21,2.68,--,65,17420,卖盘
578,13:43:54,2.68,--,3,964,卖盘
579,13:43:45,2.68,--,50,13400,卖盘
580,13:43:39,2.68,--,1027,275450,买盘
581,13:43:33,2.68,0.01,3,804,买盘
582,13:42:36,2.67,-0.01,20,5340,卖盘
583,13:42:27,2.68,--,10,2680,买盘
584,13:42:15,2.68,--,11,2948,买盘
585,13:41:54,2.68,--,500,134000,买盘
586,13:41:51,2.68,--,1200,321600,买盘
587,13:41:42,2.68,0.01,4,1072,买盘
588,13:41:36,2.67,-0.01,105,28035,卖盘
589,13:41:27,2.68,--,10,2680,买盘
590,13:41:24,2.68,--,104,27872,买盘
591,13:41:21,2.68,--,1,268,买盘
592,13:41:18,2.68,--,354,94872,买盘
593,13:41:09,2.68,0.01,20,5360,买盘
594,13:40:45,2.67,-0.01,1,267,卖盘
595,13:40:24,2.68,0.01,994,266392,买盘
596,13:40:21,2.67,-0.01,25,6675,卖盘
597,13:40:18,2.68,--,44,11792,买盘
598,13:40:09,2.68,--,55,14740,买盘
599,13:39:57,2.68,--,3,804,买盘
600,13:39:42,2.68,--,1,268,买盘
601,13:39:33,2.68,0.01,20,5360,买盘
602,13:39:30,2.67,-0.01,3,801,卖盘
603,13:39:12,2.68,--,1,268,买盘
604,13:38:54,2.68,0.01,1,268,买盘
605,13:38:45,2.67,--,9,2403,卖盘
606,13:38:33,2.67,--,44,11748,卖盘
607,13:38:30,2.67,--,5,1335,卖盘
608,13:38:21,2.67,--,1,267,卖盘
609,13:38:09,2.67,--,4,1174,买盘
610,13:38:06,2.67,--,100,26700,买盘
611,13:38:03,2.67,--,100,26700,买盘
612,13:38:00,2.67,--,359,95853,买盘
613,13:37:57,2.67,--,20,5340,买盘
614,13:37:54,2.67,--,167,44589,买盘
615,13:37:51,2.67,--,511,136437,买盘
616,13:37:45,2.67,--,2,534,买盘
617,13:37:42,2.67,--,10,2670,买盘
618,13:37:36,2.67,--,10,2670,买盘
619,13:37:21,2.67,--,22,5874,买盘
620,13:37:09,2.67,--,32,8544,买盘
621,13:37:00,2.67,--,20,5340,买盘
622,13:36:57,2.67,--,4,1068,买盘
623,13:36:54,2.67,--,2,534,买盘
624,13:36:48,2.67,--,16,4272,买盘
625,13:36:42,2.67,0.01,74,19758,买盘
626,13:36:15,2.66,--,10,2872,卖盘
627,13:36:09,2.66,--,60,15960,卖盘
628,13:36:06,2.66,--,55,14630,卖盘
629,13:35:54,2.66,--,1,372,卖盘
630,13:35:51,2.66,-0.01,20,5320,卖盘
631,13:35:39,2.67,0.01,146,38982,买盘
632,13:35:18,2.66,-0.01,1,478,卖盘
633,13:35:15,2.67,0.01,5,1335,买盘
634,13:35:03,2.66,--,900,239400,卖盘
635,13:34:54,2.66,--,4,1064,卖盘
636,13:34:51,2.66,--,18,4788,卖盘
637,13:34:45,2.66,--,7,1915,卖盘
638,13:34:42,2.66,--,1,266,卖盘
639,13:34:30,2.66,--,331,88258,卖盘
640,13:34:27,2.66,--,4,1064,卖盘
641,13:34:21,2.66,--,12,3298,卖盘
642,13:34:06,2.66,--,590,156940,卖盘
643,13:33:51,2.66,--,1181,314146,卖盘
644,13:33:33,2.66,--,5,1436,卖盘
645,13:33:27,2.66,--,2,532,卖盘
646,13:33:03,2.66,-0.01,60,16172,卖盘
647,13:32:51,2.67,0.01,10,2670,买盘
648,13:32:48,2.66,-0.01,25,6650,卖盘
649,13:32:27,2.67,--,4,1068,买盘
650,13:32:03,2.67,0.01,56,14952,买盘
651,13:31:48,2.66,-0.01,10,2660,卖盘
652,13:31:45,2.67,--,2,534,买盘
653,13:31:39,2.67,0.01,10,2670,买盘
654,13:31:30,2.66,-0.01,10,2660,卖盘
655,13:31:24,2.67,--,5,1335,买盘
656,13:31:18,2.67,0.01,138,36846,买盘
657,13:31:15,2.66,-0.01,37,10054,卖盘
658,13:31:12,2.67,--,18,4806,买盘
659,13:31:09,2.67,--,20,5340,买盘
660,13:30:54,2.67,0.01,3,801,买盘
661,13:30:51,2.66,-0.01,7,1862,卖盘
662,13:30:45,2.67,--,36,9612,买盘
663,13:30:39,2.67,--,60,16020,买盘
664,13:30:30,2.67,--,2059,549753,买盘
665,13:30:24,2.67,--,13,3471,买盘
666,13:30:15,2.67,--,52,13884,买盘
667,13:29:48,2.67,--,10,2670,买盘
668,13:29:39,2.67,--,20,5340,买盘
669,13:29:36,2.67,--,100,26700,买盘
670,13:29:30,2.67,0.01,120,32040,买盘
671,13:29:27,2.66,-0.01,1,478,卖盘
672,13:29:21,2.67,--,1,373,买盘
673,13:29:18,2.67,--,2,534,买盘
674,13:29:15,2.67,0.01,1,267,买盘
675,13:29:06,2.66,-0.01,42,11172,卖盘
676,13:29:03,2.67,--,18,4806,买盘
677,13:28:57,2.67,--,9,2403,买盘
678,13:28:54,2.67,0.01,5,1335,买盘
679,13:28:51,2.66,--,2,532,卖盘
680,13:28:45,2.66,-0.01,5,1330,卖盘
681,13:28:18,2.67,0.01,3,801,买盘
682,13:28:12,2.66,-0.01,7,1862,卖盘
683,13:27:57,2.67,--,519,138573,买盘
684,13:27:45,2.67,0.01,100,26700,买盘
685,13:27:42,2.66,-0.01,6,1596,卖盘
686,13:27:39,2.67,--,1,267,买盘
687,13:27:30,2.67,0.01,50,13350,买盘
688,13:27:21,2.66,--,1,425,卖盘
689,13:27:18,2.66,-0.01,2,532,卖盘
690,13:27:12,2.67,0.01,208,55536,买盘
691,13:27:00,2.66,0.01,494,131404,买盘
692,13:26:48,2.65,-0.01,39,10335,卖盘
693,13:26:45,2.66,--,20,5320,买盘
694,13:26:36,2.66,--,44,11704,买盘
695,13:26:27,2.66,0.01,341,90812,买盘
696,13:26:24,2.65,-0.01,4,1060,卖盘
697,13:26:21,2.66,--,46,12236,买盘
698,13:26:18,2.66,--,100,26600,买盘
699,13:26:12,2.66,--,1,266,买盘
700,13:26:09,2.66,0.01,8,2128,买盘
701,13:26:00,2.65,-0.01,222,58830,卖盘
702,13:25:57,2.66,--,11,2926,买盘
703,13:25:51,2.66,0.01,100,26600,买盘
704,13:25:48,2.65,-0.01,16,4240,卖盘
705,13:25:33,2.66,0.01,37,9842,买盘
706,13:25:30,2.65,-0.01,9,2385,卖盘
707,13:25:27,2.66,--,12,3351,买盘
708,13:25:21,2.66,0.01,88,23408,买盘
709,13:25:15,2.65,-0.01,10,2650,卖盘
710,13:25:12,2.66,--,14,3724,买盘
711,13:25:06,2.66,--,103,27398,买盘
712,13:24:48,2.66,0.01,200,53200,买盘
713,13:24:45,2.65,--,1091,289115,卖盘
714,13:24:42,2.65,-0.01,14,3816,卖盘
715,13:24:39,2.66,--,29,7714,买盘
716,13:24:36,2.66,--,80,21280,买盘
717,13:24:21,2.66,--,2,532,买盘
718,13:24:06,2.66,0.01,11,2926,买盘
719,13:23:39,2.65,--,100,26500,卖盘
720,13:23:30,2.65,-0.01,17,4717,卖盘
721,13:23:21,2.66,0.01,1,266,买盘
722,13:23:09,2.65,--,2,530,卖盘
723,13:23:03,2.65,-0.01,9,2385,卖盘
724,13:22:54,2.66,0.01,1,266,买盘
725,13:22:48,2.65,-0.01,5,1325,卖盘
726,13:22:42,2.66,--,1,266,买盘
727,13:22:36,2.66,--,1,266,买盘
728,13:22:21,2.66,0.01,10,2660,买盘
729,13:21:54,2.65,--,6,1590,卖盘
730,13:21:27,2.65,-0.01,31,8215,卖盘
731,13:20:45,2.66,--,43,11650,买盘
732,13:20:42,2.66,--,30,7980,买盘
733,13:20:27,2.66,0.01,10,2660,买盘
734,13:20:12,2.65,--,10,2862,卖盘
735,13:19:24,2.65,--,11,2915,卖盘
736,13:19:18,2.65,-0.01,60,15900,卖盘
737,13:19:09,2.66,--,2,532,买盘
738,13:19:06,2.66,0.01,5,1330,买盘
739,13:18:57,2.65,-0.01,11,2915,卖盘
740,13:18:48,2.66,0.01,9,2394,买盘
741,13:18:45,2.65,--,7,1855,中性盘
742,13:18:33,2.65,--,130,34450,买盘
743,13:18:30,2.65,--,70,18550,卖盘
744,13:18:24,2.65,--,24,6360,买盘
745,13:18:18,2.65,--,70,18550,买盘
746,13:18:06,2.65,--,12,3180,买盘
747,13:18:03,2.65,--,932,246980,卖盘
748,13:17:57,2.65,-0.01,7,1855,卖盘
749,13:17:45,2.66,--,10,2660,买盘
750,13:17:30,2.66,--,4,1064,买盘
751,13:17:27,2.66,--,20,5320,买盘
752,13:17:18,2.66,--,1,266,买盘
753,13:17:12,2.66,--,9,2394,买盘
754,13:17:09,2.66,--,1,266,买盘
755,13:17:06,2.66,--,4,1064,买盘
756,13:16:54,2.66,0.01,30,7980,买盘
757,13:16:51,2.65,--,102,27030,卖盘
758,13:16:45,2.65,-0.01,12,3180,卖盘
759,13:16:39,2.66,0.01,1,266,买盘
760,13:16:30,2.65,-0.01,0,53,卖盘
761,13:16:06,2.66,--,2,532,买盘
762,13:16:03,2.66,--,9,2394,买盘
763,13:16:00,2.66,--,1,266,买盘
764,13:15:51,2.66,0.01,100,26600,买盘
765,13:15:45,2.65,--,53,14151,卖盘
766,13:15:36,2.65,-0.01,1,265,卖盘
767,13:15:30,2.66,0.01,10,2660,买盘
768,13:15:27,2.65,--,18,4770,卖盘
769,13:15:24,2.65,--,9,2385,卖盘
770,13:15:18,2.65,--,81,21465,卖盘
771,13:15:15,2.65,--,9,2385,卖盘
772,13:15:12,2.65,-0.01,16,4240,卖盘
773,13:15:09,2.66,--,30,7980,买盘
774,13:15:06,2.66,0.01,3,798,买盘
775,13:14:51,2.65,--,30,8109,卖盘
776,13:14:45,2.65,-0.01,9,2385,卖盘
777,13:14:42,2.66,0.01,10,2660,买盘
778,13:14:39,2.65,--,1,265,卖盘
779,13:14:36,2.65,--,611,162127,买盘
780,13:13:57,2.65,--,5,1325,买盘
781,13:13:54,2.65,0.01,39,10335,买盘
782,13:13:51,2.64,-0.01,1,264,卖盘
783,13:13:48,2.65,0.01,10,2650,买盘
784,13:13:45,2.64,-0.01,5,1320,卖盘
785,13:13:42,2.65,--,21,5565,买盘
786,13:13:30,2.65,0.01,6,1590,买盘
787,13:13:27,2.64,-0.01,506,133584,卖盘
788,13:13:21,2.65,--,5,1325,买盘
789,13:13:18,2.65,--,2,530,买盘
790,13:13:15,2.65,--,15,3975,买盘
791,13:13:12,2.65,--,11,2915,买盘
792,13:13:06,2.65,--,146,38690,卖盘
793,13:12:51,2.65,-0.01,865,229426,卖盘
794,13:12:42,2.66,0.01,75,20056,买盘
795,13:12:24,2.65,-0.01,210,55650,卖盘
796,13:12:18,2.66,0.01,30,7980,买盘
797,13:12:15,2.65,-0.01,1140,302259,卖盘
798,13:12:06,2.66,0.01,1,266,买盘
799,13:11:48,2.65,--,66,17490,卖盘
800,13:11:42,2.65,--,48,12720,卖盘
801,13:11:36,2.65,--,10,2650,卖盘
802,13:11:27,2.65,--,9,2385,卖盘
803,13:11:24,2.65,-0.01,18,4770,卖盘
804,13:11:21,2.66,0.01,20,5320,买盘
805,13:11:15,2.65,--,60,16059,卖盘
806,13:10:54,2.65,-0.01,40,10600,卖盘
807,13:10:48,2.66,--,1,266,买盘
808,13:10:36,2.66,0.01,38,10108,买盘
809,13:10:33,2.65,-0.01,9,2385,卖盘
810,13:10:30,2.66,0.01,8,2128,买盘
811,13:10:21,2.65,--,22,5830,卖盘
812,13:10:12,2.65,--,9,2385,卖盘
813,13:09:57,2.65,-0.01,5,1325,卖盘
814,13:09:48,2.66,0.01,4,1064,买盘
815,13:08:48,2.65,-0.01,37,9805,卖盘
816,13:08:42,2.66,0.01,4,1064,买盘
817,13:08:30,2.65,--,37,9805,卖盘
818,13:08:24,2.65,--,80,21200,卖盘
819,13:08:18,2.65,--,31,8215,卖盘
820,13:08:12,2.65,-0.01,100,26500,卖盘
821,13:08:03,2.66,0.01,52,13832,买盘
822,13:07:48,2.65,-0.01,1,265,卖盘
823,13:07:45,2.66,--,3,798,买盘
824,13:07:39,2.66,--,1,266,买盘
825,13:07:27,2.66,--,30,7980,买盘
826,13:07:00,2.66,--,9,2394,买盘
827,13:06:36,2.66,--,1,266,买盘
828,13:06:30,2.66,0.01,36,9576,买盘
829,13:06:27,2.65,--,4,1060,卖盘
830,13:05:54,2.65,-0.01,126,33390,卖盘
831,13:05:30,2.66,--,21,5586,买盘
832,13:05:27,2.66,--,10,2660,买盘
833,13:05:12,2.66,--,20,5320,买盘
834,13:05:06,2.66,--,5,1330,买盘
835,13:05:03,2.66,0.01,10,2660,买盘
836,13:04:57,2.65,-0.01,27,7155,卖盘
837,13:04:51,2.66,0.01,70,18620,买盘
838,13:04:48,2.65,-0.01,61,16218,卖盘
839,13:04:15,2.66,0.01,13,3458,买盘
840,13:04:03,2.65,-0.01,73,19398,卖盘
841,13:03:45,2.66,0.01,28,7448,买盘
842,13:03:42,2.65,-0.01,33,8745,卖盘
843,13:03:36,2.66,--,10,2660,买盘
844,13:03:33,2.66,--,1,266,买盘
845,13:03:21,2.66,--,50,13300,买盘
846,13:02:33,2.66,0.01,56,14896,买盘
847,13:02:24,2.65,-0.01,10,2650,卖盘
848,13:02:15,2.66,0.01,57,15162,买盘
849,13:01:51,2.65,--,6,1590,卖盘
850,13:01:45,2.65,--,1,265,卖盘
851,13:01:15,2.65,--,9,2385,卖盘
852,13:01:09,2.65,--,2,530,卖盘
853,13:01:00,2.65,-0.01,132,34980,卖盘
854,13:00:45,2.66,0.01,1,266,买盘
855,13:00:30,2.65,-0.01,1,265,卖盘
856,13:00:18,2.66,0.01,2,744,买盘
857,13:00:12,2.65,-0.01,23,6307,卖盘
858,13:00:09,2.66,--,453,120498,卖盘
859,13:00:06,2.66,--,224,59584,卖盘
860,13:00:03,2.66,--,231,61446,中性盘
861,13:00:00,2.66,--,0,0,中性盘
862,11:30:00,2.66,--,0,0,中性盘
863,11:29:54,2.66,-0.01,1,266,中性盘
864,11:29:45,2.67,0.01,535,142845,买盘
865,11:29:39,2.66,--,6,1596,卖盘
866,11:29:24,2.66,--,7,1862,卖盘
867,11:29:15,2.66,--,532,141724,买盘
868,11:28:45,2.66,0.01,2,532,买盘
869,11:28:18,2.65,-0.01,110,29362,卖盘
870,11:28:15,2.66,0.01,11,2926,买盘
871,11:27:18,2.65,-0.01,8,2120,卖盘
872,11:27:15,2.66,0.01,3,798,买盘
873,11:27:09,2.65,-0.01,1,265,卖盘
874,11:27:06,2.66,--,18,4788,买盘
875,11:27:03,2.66,--,5,1330,买盘
876,11:26:54,2.66,--,445,118370,买盘
877,11:26:21,2.66,--,3,798,买盘
878,11:26:18,2.66,0.01,50,13300,买盘
879,11:26:15,2.65,--,60,15900,卖盘
880,11:26:09,2.65,-0.01,1,265,卖盘
881,11:26:00,2.66,--,19,5054,买盘
882,11:25:57,2.66,--,4,1064,买盘
883,11:25:48,2.66,0.01,23,6118,买盘
884,11:25:42,2.65,-0.01,1,265,卖盘
885,11:25:33,2.66,--,36,9576,买盘
886,11:25:30,2.66,--,9,2394,买盘
887,11:25:18,2.66,--,4,1064,买盘
888,11:25:15,2.66,--,1,266,买盘
889,11:25:12,2.66,--,6,1596,买盘
890,11:25:06,2.66,--,10,2660,买盘
891,11:25:03,2.66,--,50,13300,买盘
892,11:24:51,2.66,--,672,178752,买盘
893,11:24:15,2.66,0.01,20,5320,买盘
894,11:23:51,2.65,--,11,2915,卖盘
895,11:23:27,2.65,--,1,265,卖盘
896,11:23:21,2.65,--,9,2385,卖盘
897,11:22:57,2.65,--,397,105258,买盘
898,11:22:54,2.65,--,2,530,买盘
899,11:22:51,2.65,--,277,73405,买盘
900,11:22:45,2.65,0.01,51,13674,买盘
901,11:22:36,2.64,-0.01,9,2376,卖盘
902,11:22:33,2.65,--,100,26500,买盘
903,11:22:30,2.65,--,12,3180,买盘
904,11:22:27,2.65,--,10,2650,买盘
905,11:22:24,2.65,--,200,53000,买盘
906,11:22:21,2.65,--,8,2120,买盘
907,11:22:18,2.65,--,41,10865,买盘
908,11:22:03,2.65,--,38,10070,买盘
909,11:22:00,2.65,--,22,5830,买盘
910,11:21:51,2.65,--,69,18285,买盘
911,11:21:48,2.65,--,114,30210,买盘
912,11:21:45,2.65,--,18,4770,买盘
913,11:21:36,2.65,--,239,63547,卖盘
914,11:21:33,2.65,--,62,16483,买盘
915,11:21:30,2.65,-0.01,95,25281,卖盘
916,11:21:15,2.66,--,324,86184,买盘
917,11:21:06,2.66,0.01,24,6384,买盘
918,11:20:36,2.65,--,1,477,卖盘
919,11:20:27,2.65,--,22,5989,卖盘
920,11:20:21,2.65,--,8,2120,卖盘
921,11:20:15,2.65,-0.01,15,4187,卖盘
922,11:20:09,2.66,0.01,1,266,买盘
923,11:20:03,2.65,--,100,26500,卖盘
924,11:20:00,2.65,--,29,7791,买盘
925,11:19:57,2.65,--,60,16059,卖盘
926,11:19:51,2.65,-0.01,10,2650,卖盘
927,11:19:45,2.66,0.01,1,266,买盘
928,11:19:42,2.65,--,19,5035,卖盘
929,11:19:30,2.65,-0.01,8,2120,卖盘
930,11:19:27,2.66,0.01,9,2394,买盘
931,11:19:18,2.65,--,117,31005,卖盘
932,11:19:15,2.65,-0.01,1,477,卖盘
933,11:19:06,2.66,--,13,3458,买盘
934,11:19:03,2.66,0.01,1,266,买盘
935,11:18:54,2.65,--,10,2650,卖盘
936,11:18:45,2.65,-0.01,222,59042,卖盘
937,11:18:33,2.66,--,2,532,买盘
938,11:18:27,2.66,--,4,1064,买盘
939,11:18:24,2.66,0.01,3,798,买盘
940,11:18:18,2.65,--,14,3816,卖盘
941,11:18:06,2.65,--,30,7950,卖盘
942,11:18:00,2.65,--,18,4982,卖盘
943,11:17:57,2.65,--,99,26235,卖盘
944,11:17:51,2.65,--,79,20988,卖盘
945,11:17:48,2.65,--,933,247351,卖盘
946,11:17:42,2.65,-0.01,20,5300,卖盘
947,11:17:36,2.66,0.01,35,9310,买盘
948,11:17:33,2.65,--,272,72292,卖盘
949,11:17:21,2.65,-0.01,5,1431,卖盘
950,11:17:15,2.66,0.01,50,13300,买盘
951,11:17:06,2.65,--,220,58300,卖盘
952,11:17:00,2.65,--,370,98050,卖盘
953,11:16:51,2.65,-0.01,3,795,卖盘
954,11:16:45,2.66,--,5,1330,买盘
955,11:16:36,2.66,--,40,10640,买盘
956,11:16:21,2.66,0.01,200,53200,买盘
957,11:16:09,2.65,--,243,64395,卖盘
958,11:16:06,2.65,--,5,1325,卖盘
959,11:15:48,2.65,--,10,2862,卖盘
960,11:15:45,2.65,-0.01,7,1908,卖盘
961,11:15:39,2.66,--,10,2660,买盘
962,11:15:36,2.66,--,19,5054,买盘
963,11:15:18,2.66,--,180,48092,买盘
964,11:15:03,2.66,--,20,5320,买盘
965,11:14:51,2.66,--,2,532,买盘
966,11:14:36,2.66,0.01,1,266,买盘
967,11:14:30,2.65,-0.01,1,265,卖盘
968,11:14:27,2.66,--,76,20216,买盘
969,11:14:24,2.66,--,6,1596,买盘
970,11:14:18,2.66,0.01,6,1596,买盘
971,11:14:15,2.65,-0.01,86,22896,卖盘
972,11:14:09,2.66,0.01,3,798,买盘
973,11:14:00,2.65,-0.01,80,21200,卖盘
974,11:13:57,2.66,0.01,4,1064,买盘
975,11:13:54,2.65,--,3,954,卖盘
976,11:13:51,2.65,--,18,4770,卖盘
977,11:13:48,2.65,--,37,9805,卖盘
978,11:13:45,2.65,--,88,23320,买盘
979,11:13:42,2.65,--,209,55385,卖盘
980,11:13:33,2.65,--,100,26500,卖盘
981,11:13:15,2.65,--,56,14840,卖盘
982,11:13:12,2.65,--,246,65190,卖盘
983,11:13:06,2.65,--,19,5035,卖盘
984,11:13:03,2.65,--,60,15900,卖盘
985,11:13:00,2.65,--,188,49820,买盘
986,11:12:57,2.65,0.01,50,13250,买盘
987,11:12:51,2.64,--,219,57816,卖盘
988,11:12:48,2.64,-0.01,909,239976,卖盘
989,11:12:45,2.65,0.01,21,5565,买盘
990,11:12:36,2.64,-0.01,380,100320,卖盘
991,11:12:33,2.65,--,100,26500,买盘
992,11:12:30,2.65,0.01,110,29150,买盘
993,11:12:27,2.64,--,9,2376,卖盘
994,11:12:24,2.64,--,34,9081,卖盘
995,11:12:21,2.64,--,110,29040,卖盘
996,11:12:15,2.64,-0.01,13,3432,卖盘
997,11:12:12,2.65,--,135,35775,买盘
998,11:12:09,2.65,--,5,1325,买盘
999,11:12:06,2.65,0.01,12,3180,买盘
1000,11:12:03,2.64,--,2014,531748,卖盘
1001,11:11:54,2.64,--,1058,279312,卖盘
1002,11:11:51,2.64,--,317,83688,卖盘
1003,11:11:48,2.64,--,905,238920,卖盘
1004,11:11:45,2.64,--,25,6600,卖盘
1005,11:11:42,2.64,-0.01,160,42240,卖盘
1006,11:11:39,2.65,0.01,5,1325,买盘
1007,11:11:36,2.64,--,815,215160,卖盘
1008,11:11:30,2.64,--,1,264,卖盘
1009,11:11:27,2.64,--,63,16632,卖盘
1010,11:11:24,2.64,-0.01,53,13992,卖盘
1011,11:11:21,2.65,--,1344,356266,卖盘
1012,11:11:18,2.65,--,499,132235,卖盘
1013,11:11:15,2.65,--,268,71020,卖盘
1014,11:11:09,2.65,--,60,15900,卖盘
1015,11:11:06,2.65,--,604,160060,卖盘
1016,11:11:03,2.65,-0.01,1000,265000,卖盘
1017,11:11:00,2.66,0.01,181,48146,买盘
1018,11:10:48,2.65,--,35,9275,卖盘
1019,11:10:45,2.65,--,78,20670,卖盘
1020,11:10:39,2.65,--,81,21465,卖盘
1021,11:10:36,2.65,--,1050,278250,卖盘
1022,11:10:30,2.65,--,611,161915,卖盘
1023,11:10:27,2.65,--,110,29150,卖盘
1024,11:10:24,2.65,--,90,23850,卖盘
1025,11:10:21,2.65,--,100,26500,卖盘
1026,11:10:15,2.65,-0.01,60,15900,卖盘
1027,11:10:12,2.66,0.01,1357,361174,买盘
1028,11:10:09,2.65,--,799,211735,卖盘
1029,11:10:06,2.65,--,98,25970,卖盘
1030,11:10:03,2.65,--,26,7102,卖盘
1031,11:10:00,2.65,--,30,7950,卖盘
1032,11:09:54,2.65,--,21,5565,卖盘
1033,11:09:48,2.65,--,5,1325,卖盘
1034,11:09:42,2.65,--,27,7155,卖盘
1035,11:09:39,2.65,--,1,265,卖盘
1036,11:09:36,2.65,--,67,17755,卖盘
1037,11:09:33,2.65,--,24,6360,卖盘
1038,11:09:30,2.65,--,173,45845,卖盘
1039,11:09:18,2.65,-0.01,1,477,卖盘
1040,11:09:12,2.66,0.01,3599,957334,买盘
1041,11:09:06,2.65,--,100,26500,卖盘
1042,11:09:03,2.65,--,135,35775,卖盘
1043,11:08:54,2.65,-0.01,2,530,卖盘
1044,11:08:51,2.66,0.01,80,21280,买盘
1045,11:08:45,2.65,-0.01,1291,342327,卖盘
1046,11:08:39,2.66,--,10,2660,买盘
1047,11:08:36,2.66,0.01,50,13300,买盘
1048,11:08:33,2.65,--,484,128260,卖盘
1049,11:08:30,2.65,-0.01,7,1855,卖盘
1050,11:08:18,2.66,--,2,532,买盘
1051,11:08:15,2.66,0.01,4,1064,买盘
1052,11:08:12,2.65,-0.01,5,1325,卖盘
1053,11:08:09,2.66,--,30,7980,买盘
1054,11:08:06,2.66,0.01,5,1330,买盘
1055,11:07:51,2.65,--,214,56710,卖盘
1056,11:07:48,2.65,-0.01,130,34450,卖盘
1057,11:07:42,2.66,--,4,1064,买盘
1058,11:07:39,2.66,--,5,1330,买盘
1059,11:07:33,2.66,--,25,6650,买盘
1060,11:07:30,2.66,--,3,798,买盘
1061,11:07:27,2.66,0.01,15,3990,买盘
1062,11:07:24,2.65,-0.01,4,1060,卖盘
1063,11:07:09,2.66,--,7,1862,买盘
1064,11:07:06,2.66,--,963,256158,卖盘
1065,11:06:51,2.66,--,100,26600,卖盘
1066,11:06:48,2.66,--,196,52189,卖盘
1067,11:06:21,2.66,--,126,33516,卖盘
1068,11:06:18,2.66,-0.01,9,2394,卖盘
1069,11:06:12,2.67,--,100,26700,买盘
1070,11:06:09,2.67,0.01,2,534,买盘
1071,11:06:06,2.66,-0.01,270,71820,卖盘
1072,11:05:57,2.67,0.01,100,26700,买盘
1073,11:05:45,2.66,--,53,14098,卖盘
1074,11:05:42,2.66,-0.01,5,1436,卖盘
1075,11:05:39,2.67,0.01,3,801,买盘
1076,11:05:36,2.66,-0.01,3,798,卖盘
1077,11:05:30,2.67,0.01,2,534,买盘
1078,11:05:15,2.66,--,22,6011,卖盘
1079,11:05:06,2.66,-0.01,9,2606,卖盘
1080,11:04:54,2.67,--,3,801,买盘
1081,11:04:51,2.67,--,14,3738,买盘
1082,11:03:54,2.67,--,1,267,买盘
1083,11:03:48,2.67,0.01,15,4005,买盘
1084,11:03:39,2.66,-0.01,520,138320,卖盘
1085,11:03:21,2.67,--,45,12015,买盘
1086,11:03:12,2.67,0.02,10,2670,买盘
1087,11:03:06,2.65,-0.01,988,261820,卖盘
1088,11:03:03,2.66,-0.01,60,15960,卖盘
1089,11:02:57,2.67,--,410,109470,买盘
1090,11:02:51,2.67,0.01,5,1335,买盘
1091,11:02:48,2.66,--,14,3883,卖盘
1092,11:02:45,2.66,--,28,7448,卖盘
1093,11:02:42,2.66,--,69,18354,卖盘
1094,11:02:39,2.66,-0.01,5,1330,卖盘
1095,11:02:36,2.67,0.01,74,19758,买盘
1096,11:02:15,2.66,--,51,13619,卖盘
1097,11:02:09,2.66,--,3,957,卖盘
1098,11:01:54,2.66,-0.01,50,13300,卖盘
1099,11:01:48,2.67,0.01,4,1068,买盘
1100,11:01:45,2.66,--,11,2926,卖盘
1101,11:01:42,2.66,--,170,45220,卖盘
1102,11:01:36,2.66,-0.01,8,2128,卖盘
1103,11:01:33,2.67,--,10,2670,买盘
1104,11:01:30,2.67,0.01,5,1335,买盘
1105,11:01:21,2.66,-0.01,226,60328,卖盘
1106,11:01:12,2.67,0.01,150,40050,买盘
1107,11:01:06,2.66,-0.01,70,18832,卖盘
1108,11:00:42,2.67,--,20,5340,买盘
1109,11:00:39,2.67,0.01,1,267,买盘
1110,11:00:36,2.66,--,2,532,卖盘
1111,11:00:33,2.66,--,100,26600,卖盘
1112,11:00:27,2.66,-0.01,2,532,卖盘
1113,11:00:24,2.67,0.01,55,14791,买盘
1114,11:00:21,2.66,-0.01,23,6224,卖盘
1115,11:00:15,2.67,--,230,61410,买盘
1116,11:00:12,2.67,0.01,20,5340,买盘
1117,11:00:09,2.66,--,60,15960,卖盘
1118,10:59:57,2.66,--,52,13832,卖盘
1119,10:59:48,2.66,-0.01,42,11331,卖盘
1120,10:59:36,2.67,--,45,12015,买盘
1121,10:59:27,2.67,--,1,267,买盘
1122,10:59:12,2.67,0.01,43,11481,买盘
1123,10:59:00,2.66,--,10,2660,卖盘
1124,10:58:57,2.66,--,360,95760,卖盘
1125,10:58:45,2.66,--,189,50274,卖盘
1126,10:58:42,2.66,--,88,23408,卖盘
1127,10:58:30,2.66,-0.01,66,17556,卖盘
1128,10:58:27,2.67,0.01,4,1068,买盘
1129,10:58:21,2.66,-0.01,11,3032,卖盘
1130,10:58:18,2.67,0.01,2,534,买盘
1131,10:58:09,2.66,--,71,18886,卖盘
1132,10:58:03,2.66,--,507,134862,买盘
1133,10:57:57,2.66,0.01,115,30590,买盘
1134,10:57:54,2.65,-0.01,22,5830,卖盘
1135,10:57:51,2.66,--,50,13300,买盘
1136,10:57:48,2.66,--,210,55860,买盘
1137,10:57:45,2.66,--,3,798,买盘
1138,10:57:42,2.66,--,4,1064,买盘
1139,10:57:39,2.66,--,4,1064,买盘
1140,10:57:36,2.66,--,189,50274,买盘
1141,10:57:33,2.66,--,30,7980,买盘
1142,10:57:30,2.66,--,8029,2135767,卖盘
1143,10:57:27,2.66,--,12,3351,卖盘
1144,10:57:18,2.66,-0.01,71,18886,卖盘
1145,10:57:12,2.67,--,3,801,买盘
1146,10:57:09,2.67,0.01,2,534,买盘
1147,10:57:06,2.66,-0.01,1,266,卖盘
1148,10:57:03,2.67,0.01,1,267,买盘
1149,10:56:57,2.66,--,318,84800,卖盘
1150,10:56:51,2.66,--,540,143640,卖盘
1151,10:56:45,2.66,--,43,11438,卖盘
1152,10:56:30,2.66,--,804,213864,卖盘
1153,10:56:27,2.66,--,4,1064,卖盘
1154,10:56:21,2.66,--,100,26600,卖盘
1155,10:56:06,2.66,--,49,13034,卖盘
1156,10:56:03,2.66,-0.01,834,221844,卖盘
1157,10:55:51,2.67,0.01,5,1335,买盘
1158,10:55:48,2.66,-0.01,7,1915,卖盘
1159,10:55:39,2.67,--,17,4539,买盘
1160,10:55:30,2.67,--,10,2670,买盘
1161,10:55:27,2.67,--,3646,973583,卖盘
1162,10:55:24,2.67,--,5,1441,卖盘
1163,10:55:21,2.67,--,158,42186,卖盘
1164,10:55:15,2.67,-0.01,12,3204,卖盘
1165,10:55:12,2.68,0.01,1,268,买盘
1166,10:55:06,2.67,--,54,14418,卖盘
1167,10:55:03,2.67,--,124,33108,卖盘
1168,10:55:00,2.67,--,1141,304647,卖盘
1169,10:54:54,2.67,--,480,128160,卖盘
1170,10:54:51,2.67,--,17,4539,卖盘
1171,10:54:48,2.67,--,286,76362,卖盘
1172,10:54:45,2.67,--,50,13350,卖盘
1173,10:54:39,2.67,--,557,148719,卖盘
1174,10:54:33,2.67,--,172,45924,卖盘
1175,10:54:30,2.67,--,33,8811,卖盘
1176,10:54:27,2.67,--,3,801,卖盘
1177,10:54:18,2.67,--,18,4806,卖盘
1178,10:54:15,2.67,--,516,137932,卖盘
1179,10:54:12,2.67,--,51,13830,卖盘
1180,10:54:09,2.67,--,78,20826,卖盘
1181,10:54:06,2.67,--,10,2670,卖盘
1182,10:54:03,2.67,--,344,91901,卖盘
1183,10:54:00,2.67,--,20,5340,卖盘
1184,10:53:57,2.67,--,300,80100,卖盘
1185,10:53:51,2.67,--,36,9612,卖盘
1186,10:53:48,2.67,--,27,7209,卖盘
1187,10:53:42,2.67,--,38,10146,卖盘
1188,10:53:30,2.67,--,31,8277,卖盘
1189,10:53:24,2.67,--,41,10947,卖盘
1190,10:53:21,2.67,--,100,26700,卖盘
1191,10:53:18,2.67,--,3,801,卖盘
1192,10:53:03,2.67,-0.01,22,5874,卖盘
1193,10:52:57,2.68,0.01,60,16080,买盘
1194,10:52:39,2.67,--,6,1607,卖盘
1195,10:52:33,2.67,--,100,26700,卖盘
1196,10:52:18,2.67,--,51,13617,卖盘
1197,10:52:15,2.67,-0.01,12,3204,卖盘
1198,10:52:09,2.68,--,7,1876,买盘
1199,10:52:06,2.68,0.01,96,25728,买盘
1200,10:52:03,2.67,-0.01,18,4806,卖盘
1201,10:51:57,2.68,--,4,1072,买盘
1202,10:51:51,2.68,--,1,268,买盘
1203,10:51:42,2.68,--,40,10720,买盘
1204,10:51:30,2.68,--,10,2680,买盘
1205,10:51:21,2.68,0.01,4,1072,买盘
1206,10:51:15,2.67,--,86,22962,卖盘
1207,10:51:12,2.67,--,40,10786,卖盘
1208,10:51:09,2.67,--,4,1068,卖盘
1209,10:51:00,2.67,--,242,64614,卖盘
1210,10:50:54,2.67,--,7,1922,卖盘
1211,10:50:48,2.67,--,6,1602,卖盘
1212,10:50:45,2.67,-0.01,16,4272,卖盘
1213,10:50:36,2.68,--,11,2948,买盘
1214,10:50:33,2.68,0.01,38,10184,买盘
1215,10:50:30,2.67,--,13,3471,卖盘
1216,10:50:24,2.67,-0.01,7,1869,卖盘
1217,10:50:18,2.68,--,23,6164,买盘
1218,10:50:00,2.68,--,4,1072,买盘
1219,10:49:57,2.68,--,4,1072,买盘
1220,10:49:51,2.68,0.01,2,536,买盘
1221,10:49:42,2.67,--,77,20559,卖盘
1222,10:49:36,2.67,--,8,2136,卖盘
1223,10:49:30,2.67,-0.01,14,3738,卖盘
1224,10:49:27,2.68,--,200,53600,买盘
1225,10:49:24,2.68,--,4,1072,买盘
1226,10:49:12,2.68,--,28,7504,买盘
1227,10:49:06,2.68,0.01,5,1340,买盘
1228,10:48:51,2.67,-0.01,6,1602,卖盘
1229,10:48:39,2.68,0.01,4,1072,买盘
1230,10:48:36,2.67,-0.01,14,3738,卖盘
1231,10:48:18,2.68,--,1,268,买盘
1232,10:47:42,2.68,0.01,17,4556,买盘
1233,10:47:15,2.67,--,1,267,卖盘
1234,10:47:12,2.67,--,167,44589,卖盘
1235,10:47:06,2.67,-0.01,501,133767,卖盘
1236,10:46:39,2.68,0.01,1,268,买盘
1237,10:46:36,2.67,-0.01,50,13350,卖盘
1238,10:46:33,2.68,0.01,2,536,买盘
1239,10:46:30,2.67,-0.01,168,44856,卖盘
1240,10:46:24,2.68,0.01,200,53600,买盘
1241,10:46:21,2.67,--,4,1068,卖盘
1242,10:46:15,2.67,--,12,3364,卖盘
1243,10:46:12,2.67,-0.01,0,106,卖盘
1244,10:46:09,2.68,0.01,1,268,买盘
1245,10:45:54,2.67,--,2,534,卖盘
1246,10:45:48,2.67,--,11,2937,卖盘
1247,10:45:42,2.67,--,42,11214,卖盘
1248,10:45:24,2.67,-0.01,45,12015,卖盘
1249,10:45:18,2.68,0.01,2,536,买盘
1250,10:45:03,2.67,-0.01,1,267,卖盘
1251,10:44:54,2.68,--,2,536,买盘
1252,10:44:48,2.68,0.01,4,1072,买盘
1253,10:44:36,2.67,--,30,8010,卖盘
1254,10:44:33,2.67,-0.01,216,57778,卖盘
1255,10:44:30,2.68,0.01,1,268,买盘
1256,10:44:21,2.67,--,14,3844,卖盘
1257,10:44:15,2.67,-0.01,20,5340,卖盘
1258,10:44:12,2.68,--,1,268,买盘
1259,10:44:00,2.68,--,52,13936,买盘
1260,10:43:45,2.68,--,5,1340,买盘
1261,10:43:33,2.68,--,10,2680,买盘
1262,10:43:15,2.68,--,5,1340,买盘
1263,10:43:09,2.68,--,23,6164,买盘
1264,10:42:42,2.68,--,100,26800,买盘
1265,10:42:30,2.68,--,26,6968,买盘
1266,10:42:21,2.68,0.01,1,268,买盘
1267,10:42:15,2.67,-0.01,36,9665,卖盘
1268,10:42:03,2.68,--,100,26800,买盘
1269,10:42:00,2.68,0.01,7,1876,买盘
1270,10:41:45,2.67,-0.01,97,25952,卖盘
1271,10:41:39,2.68,--,3,804,买盘
1272,10:41:36,2.68,--,5,1340,买盘
1273,10:41:30,2.68,--,24,6432,买盘
1274,10:41:27,2.68,0.01,5,1340,买盘
1275,10:41:24,2.67,--,9,2403,卖盘
1276,10:41:15,2.67,-0.01,91,24297,卖盘
1277,10:41:12,2.68,--,2,536,买盘
1278,10:41:06,2.68,--,30,8040,买盘
1279,10:41:03,2.68,0.01,24,6432,买盘
1280,10:40:57,2.67,-0.01,2,694,卖盘
1281,10:40:54,2.68,--,2,536,买盘
1282,10:40:51,2.68,0.01,1,268,买盘
1283,10:40:48,2.67,-0.01,2,534,卖盘
1284,10:40:39,2.68,--,6,1608,买盘
1285,10:40:33,2.68,0.01,1,268,买盘
1286,10:40:30,2.67,-0.01,80,21360,卖盘
1287,10:40:06,2.68,0.01,50,13400,买盘
1288,10:39:51,2.67,--,20,5340,卖盘
1289,10:39:42,2.67,--,14,3844,卖盘
1290,10:39:24,2.67,--,65,17568,卖盘
1291,10:39:18,2.67,--,18,4806,卖盘
1292,10:39:06,2.67,--,1,480,卖盘
1293,10:38:48,2.67,--,3,801,卖盘
1294,10:38:33,2.67,--,80,21360,卖盘
1295,10:38:18,2.67,-0.01,217,57939,卖盘
1296,10:38:15,2.68,0.01,9,2412,买盘
1297,10:38:06,2.67,--,37,9932,卖盘
1298,10:38:03,2.67,-0.01,15,4005,卖盘
1299,10:37:57,2.68,--,7,1876,买盘
1300,10:37:54,2.68,0.01,5,1340,买盘
1301,10:37:45,2.67,--,200,53400,卖盘
1302,10:37:42,2.67,-0.01,6,1602,卖盘
1303,10:37:39,2.68,0.01,2,536,买盘
1304,10:37:36,2.67,--,2,640,卖盘
1305,10:37:33,2.67,--,80,21360,卖盘
1306,10:37:24,2.67,-0.01,16,4272,卖盘
1307,10:37:18,2.68,--,51,13668,买盘
1308,10:36:57,2.68,--,22,6056,买盘
1309,10:36:51,2.68,0.01,1,268,买盘
1310,10:36:33,2.67,-0.01,18,4806,卖盘
1311,10:36:24,2.68,0.01,40,10720,买盘
1312,10:36:18,2.67,-0.01,18,4806,卖盘
1313,10:36:09,2.68,--,20,5360,买盘
1314,10:36:00,2.68,--,2,536,买盘
1315,10:35:54,2.68,0.01,2,536,买盘
1316,10:35:48,2.67,--,292,78177,卖盘
1317,10:35:42,2.67,-0.01,85,22748,卖盘
1318,10:35:30,2.68,0.01,100,26800,买盘
1319,10:35:24,2.67,--,6,1602,卖盘
1320,10:35:12,2.67,-0.01,14,3738,卖盘
1321,10:35:06,2.68,0.01,1,428,买盘
1322,10:35:00,2.67,--,20,5340,卖盘
1323,10:34:57,2.67,--,57,15379,卖盘
1324,10:34:48,2.67,--,8,2242,卖盘
1325,10:34:45,2.67,--,16,4272,卖盘
1326,10:34:36,2.67,--,79,21199,买盘
1327,10:34:24,2.67,-0.01,407,108829,卖盘
1328,10:34:18,2.68,0.01,5,1340,买盘
1329,10:34:09,2.67,--,200,53400,卖盘
1330,10:33:57,2.67,--,20,5340,卖盘
1331,10:33:51,2.67,--,7,1869,卖盘
1332,10:33:48,2.67,--,1,267,卖盘
1333,10:33:33,2.67,--,7,1869,卖盘
1334,10:33:30,2.67,--,89,23869,买盘
1335,10:33:27,2.67,--,17,4539,买盘
1336,10:33:21,2.67,--,71,18957,买盘
1337,10:33:18,2.67,--,94,25098,买盘
1338,10:33:09,2.67,--,80,21360,买盘
1339,10:33:06,2.67,--,128,34389,买盘
1340,10:33:03,2.67,--,220,58740,买盘
1341,10:32:57,2.67,--,15,4005,买盘
1342,10:32:54,2.67,--,1196,319332,买盘
1343,10:32:51,2.67,--,1,267,买盘
1344,10:32:48,2.67,--,13,3471,买盘
1345,10:32:45,2.67,--,202,53934,买盘
1346,10:32:42,2.67,--,1,267,买盘
1347,10:32:36,2.67,--,873,233091,买盘
1348,10:32:33,2.67,--,10,2670,买盘
1349,10:32:30,2.67,--,20,5340,买盘
1350,10:32:27,2.67,--,3,801,买盘
1351,10:32:24,2.67,0.01,4,1068,买盘
1352,10:32:12,2.66,--,30,7980,卖盘
1353,10:32:09,2.66,--,7,1862,卖盘
1354,10:32:06,2.66,-0.01,32,8618,卖盘
1355,10:31:54,2.67,0.01,54,14418,买盘
1356,10:31:42,2.66,--,10,2766,卖盘
1357,10:31:33,2.66,-0.01,221,58786,卖盘
1358,10:31:27,2.67,--,50,13350,买盘
1359,10:31:24,2.67,0.01,5,1335,买盘
1360,10:31:18,2.66,--,7,1915,卖盘
1361,10:31:15,2.66,--,59,15694,卖盘
1362,10:31:12,2.66,--,35,9310,卖盘
1363,10:31:09,2.66,-0.01,47,12714,卖盘
1364,10:31:00,2.67,0.01,1,267,买盘
1365,10:30:54,2.66,--,33,8778,卖盘
1366,10:30:45,2.66,--,7,1915,卖盘
1367,10:30:42,2.66,--,108,28728,卖盘
1368,10:30:36,2.66,--,152,40538,卖盘
1369,10:30:33,2.66,-0.01,150,39900,卖盘
1370,10:30:30,2.67,0.01,1,267,买盘
1371,10:30:27,2.66,--,42,11172,卖盘
1372,10:30:21,2.66,--,16,4256,卖盘
1373,10:30:18,2.66,--,17,4522,卖盘
1374,10:30:15,2.66,--,177,47082,卖盘
1375,10:30:12,2.66,--,195,51870,卖盘
1376,10:30:09,2.66,--,1,266,卖盘
1377,10:30:06,2.66,--,80,21280,卖盘
1378,10:30:00,2.66,-0.01,10,2660,卖盘
1379,10:29:54,2.67,0.01,140,37380,买盘
1380,10:29:45,2.66,-0.01,50,13300,卖盘
1381,10:29:39,2.67,0.01,10,2670,买盘
1382,10:29:36,2.66,-0.01,26,6916,卖盘
1383,10:29:30,2.67,--,2,534,买盘
1384,10:29:24,2.67,--,1,267,买盘
1385,10:29:15,2.67,0.01,125,33375,买盘
1386,10:29:12,2.66,--,122,32452,卖盘
1387,10:29:06,2.66,-0.01,365,97090,卖盘
1388,10:29:03,2.67,0.01,4,1068,买盘
1389,10:29:00,2.66,-0.01,80,21280,卖盘
1390,10:28:54,2.67,--,2,534,买盘
1391,10:28:48,2.67,--,1,267,买盘
1392,10:28:42,2.67,--,15,4005,买盘
1393,10:28:36,2.67,--,2,534,买盘
1394,10:28:30,2.67,--,63,16821,卖盘
1395,10:28:27,2.67,--,50,13350,卖盘
1396,10:28:24,2.67,--,80,21360,卖盘
1397,10:28:21,2.67,--,4126,1101642,卖盘
1398,10:28:18,2.67,--,139,37113,卖盘
1399,10:28:12,2.67,--,7,2029,卖盘
1400,10:28:09,2.67,--,745,198968,卖盘
1401,10:28:06,2.67,--,30,8010,卖盘
1402,10:28:00,2.67,--,305,81435,卖盘
1403,10:27:57,2.67,-0.01,421,112407,卖盘
1404,10:27:54,2.68,--,1,268,买盘
1405,10:27:51,2.68,0.01,9,2412,买盘
1406,10:27:48,2.67,--,150,40050,卖盘
1407,10:27:45,2.67,--,4,1068,卖盘
1408,10:27:39,2.67,--,1403,374601,卖盘
1409,10:27:24,2.67,--,115,30705,卖盘
1410,10:27:18,2.67,-0.01,32,8650,卖盘
1411,10:27:15,2.68,0.01,19,5092,买盘
1412,10:27:12,2.67,--,23,6141,卖盘
1413,10:27:09,2.67,--,5,1335,卖盘
1414,10:27:06,2.67,--,255,68085,卖盘
1415,10:27:00,2.67,--,20,5340,卖盘
1416,10:26:57,2.67,-0.01,162,43254,卖盘
1417,10:26:48,2.68,--,2,536,买盘
1418,10:26:45,2.68,0.01,2,536,买盘
1419,10:26:42,2.67,--,394,105251,卖盘
1420,10:26:39,2.67,-0.01,2,534,卖盘
1421,10:26:36,2.68,0.01,10,2680,买盘
1422,10:26:30,2.67,-0.01,180,48060,卖盘
1423,10:26:27,2.68,0.01,2,536,买盘
1424,10:26:03,2.67,-0.01,68,18156,卖盘
1425,10:26:00,2.68,--,10,2680,买盘
1426,10:25:57,2.68,--,321,86028,买盘
1427,10:25:33,2.68,0.01,2,536,买盘
1428,10:25:21,2.67,-0.01,0,53,卖盘
1429,10:25:09,2.68,--,1,268,买盘
1430,10:25:03,2.68,--,4,1072,买盘
1431,10:25:00,2.68,0.01,14,3752,买盘
1432,10:24:51,2.67,-0.01,15,4005,卖盘
1433,10:24:48,2.68,--,11,2948,买盘
1434,10:24:33,2.68,--,49,13188,卖盘
1435,10:24:27,2.68,--,302,80936,卖盘
1436,10:24:21,2.68,--,347,92996,卖盘
1437,10:24:18,2.68,--,69,18492,卖盘
1438,10:24:15,2.68,--,237,63516,卖盘
1439,10:23:54,2.68,-0.01,100,26800,卖盘
1440,10:23:51,2.69,0.01,10,2690,买盘
1441,10:23:45,2.68,--,57,15276,卖盘
1442,10:23:36,2.68,--,3,804,卖盘
1443,10:23:24,2.68,-0.01,3,964,卖盘
1444,10:23:21,2.69,0.01,3,807,买盘
1445,10:23:18,2.68,-0.01,90,24120,卖盘
1446,10:23:15,2.69,--,22,5918,买盘
1447,10:22:42,2.69,--,1,269,买盘
1448,10:22:39,2.69,--,5,1345,买盘
1449,10:22:36,2.69,0.01,10,2690,买盘
1450,10:22:27,2.68,-0.01,12,3430,卖盘
1451,10:22:24,2.69,0.01,10,2690,买盘
1452,10:22:21,2.68,--,97,26156,卖盘
1453,10:22:12,2.68,-0.01,105,28140,卖盘
1454,10:21:57,2.69,0.01,10,2690,买盘
1455,10:21:51,2.68,--,5,1340,卖盘
1456,10:21:48,2.68,--,227,60836,卖盘
1457,10:21:45,2.68,-0.01,44,11792,卖盘
1458,10:21:42,2.69,--,362,97378,买盘
1459,10:21:39,2.69,0.01,11,2959,买盘
1460,10:21:36,2.68,--,18,4824,卖盘
1461,10:21:33,2.68,-0.01,1,268,卖盘
1462,10:21:30,2.69,0.01,101,27169,买盘
1463,10:21:24,2.68,--,22,5896,卖盘
1464,10:21:15,2.68,--,1599,428692,卖盘
1465,10:21:06,2.68,--,17,4556,卖盘
1466,10:21:00,2.68,-0.01,34,9165,卖盘
1467,10:20:54,2.69,0.01,7,1883,买盘
1468,10:20:51,2.68,--,239,64159,卖盘
1469,10:20:45,2.68,--,11,3108,卖盘
1470,10:20:42,2.68,--,3,964,卖盘
1471,10:20:39,2.68,-0.01,35,9380,卖盘
1472,10:20:36,2.69,0.01,1,269,买盘
1473,10:20:27,2.68,--,26,6968,卖盘
1474,10:20:24,2.68,--,1,268,卖盘
1475,10:20:15,2.68,-0.01,69,18599,卖盘
1476,10:20:09,2.69,0.01,4,1076,买盘
1477,10:20:06,2.68,--,13,3484,卖盘
1478,10:20:03,2.68,--,2,536,卖盘
1479,10:19:57,2.68,--,5,1340,卖盘
1480,10:19:54,2.68,-0.01,100,26800,卖盘
1481,10:19:51,2.69,--,12,3228,买盘
1482,10:19:48,2.69,0.01,281,75589,买盘
1483,10:19:45,2.68,--,5,1340,卖盘
1484,10:19:36,2.68,-0.01,16,4288,卖盘
1485,10:19:27,2.69,0.01,1,269,买盘
1486,10:19:09,2.68,--,2,536,卖盘
1487,10:19:06,2.68,--,1,268,卖盘
1488,10:18:57,2.68,--,16,4341,卖盘
1489,10:18:48,2.68,--,50,13560,卖盘
1490,10:18:45,2.68,--,10,2680,卖盘
1491,10:18:39,2.68,--,35,9380,卖盘
1492,10:18:15,2.68,--,4,1072,卖盘
1493,10:18:12,2.68,-0.01,30,8093,卖盘
1494,10:18:09,2.69,0.01,10,2690,买盘
1495,10:18:03,2.68,--,12,3216,卖盘
1496,10:17:51,2.68,--,45,12060,卖盘
1497,10:17:39,2.68,--,17,4556,卖盘
1498,10:17:33,2.68,--,300,80400,卖盘
1499,10:17:30,2.68,-0.01,13,3484,卖盘
1500,10:17:27,2.69,0.01,4,1076,买盘
1501,10:17:21,2.68,-0.01,12,3216,卖盘
1502,10:17:18,2.69,0.01,4,1076,买盘
1503,10:17:03,2.68,--,41,10988,卖盘
1504,10:17:00,2.68,--,93,24924,卖盘
1505,10:16:57,2.68,--,89,23852,卖盘
1506,10:16:30,2.68,--,100,26800,卖盘
1507,10:16:27,2.68,--,80,21440,卖盘
1508,10:16:18,2.68,--,14,3859,卖盘
1509,10:16:15,2.68,-0.01,5,1500,卖盘
1510,10:16:09,2.69,0.01,11,2959,买盘
1511,10:15:57,2.68,--,400,107250,卖盘
1512,10:15:54,2.68,--,15,4020,卖盘
1513,10:15:51,2.68,--,73,19564,卖盘
1514,10:15:48,2.68,--,327,87636,卖盘
1515,10:15:39,2.68,--,54,14525,卖盘
1516,10:15:36,2.68,--,252,67589,卖盘
1517,10:15:30,2.68,--,16,4288,卖盘
1518,10:15:27,2.68,--,300,80400,卖盘
1519,10:15:12,2.68,-0.01,2210,592280,卖盘
1520,10:15:06,2.69,0.01,20,5380,买盘
1521,10:15:03,2.68,--,45,12060,卖盘
1522,10:14:54,2.68,-0.01,80,21440,卖盘
1523,10:14:51,2.69,--,23,6187,买盘
1524,10:14:45,2.69,--,23,6187,买盘
1525,10:14:42,2.69,--,1,269,买盘
1526,10:14:36,2.69,0.01,23,6187,买盘
1527,10:14:33,2.68,--,20,5360,卖盘
1528,10:14:30,2.68,-0.01,26,7021,卖盘
1529,10:14:18,2.69,0.01,30,8070,买盘
1530,10:13:45,2.68,-0.01,9,2412,卖盘
1531,10:13:33,2.69,--,1,269,买盘
1532,10:13:30,2.69,0.01,3,807,买盘
1533,10:13:27,2.68,-0.01,197,53010,卖盘
1534,10:13:24,2.69,--,20,5380,买盘
1535,10:13:21,2.69,0.01,21,5649,买盘
1536,10:13:18,2.68,-0.01,4,1072,卖盘
1537,10:12:57,2.69,--,1,269,买盘
1538,10:12:36,2.69,--,65,17485,买盘
1539,10:12:30,2.69,--,5,1345,买盘
1540,10:12:24,2.69,--,4,1076,买盘
1541,10:12:21,2.69,--,1,269,买盘
1542,10:12:12,2.69,0.01,6,1614,买盘
1543,10:11:57,2.68,--,156,41968,卖盘
1544,10:11:51,2.68,-0.01,18,4824,卖盘
1545,10:11:45,2.69,0.01,4,1076,买盘
1546,10:11:24,2.68,-0.01,0,160,卖盘
1547,10:11:15,2.69,0.01,2,538,买盘
1548,10:11:06,2.68,--,63,16884,卖盘
1549,10:10:51,2.68,--,14,3752,卖盘
1550,10:10:48,2.68,-0.01,36,9648,卖盘
1551,10:10:42,2.69,0.01,2,538,买盘
1552,10:10:39,2.68,-0.01,5,1447,卖盘
1553,10:10:36,2.69,0.01,37,9953,买盘
1554,10:10:33,2.68,-0.01,1,268,卖盘
1555,10:10:27,2.69,--,10,2690,买盘
1556,10:10:18,2.69,0.01,31,8339,买盘
1557,10:10:00,2.68,-0.01,100,26800,卖盘
1558,10:09:57,2.69,--,30,8070,买盘
1559,10:09:54,2.69,0.01,50,13450,买盘
1560,10:09:48,2.68,-0.01,25,6700,卖盘
1561,10:09:45,2.69,--,21,5649,买盘
1562,10:09:39,2.69,0.01,50,13450,买盘
1563,10:09:36,2.68,--,70,18760,卖盘
1564,10:09:33,2.68,-0.01,1,482,卖盘
1565,10:09:30,2.69,0.01,300,80700,买盘
1566,10:09:27,2.68,-0.01,33,8844,卖盘
1567,10:09:21,2.69,0.01,10,2690,买盘
1568,10:09:18,2.68,--,18,4824,卖盘
1569,10:09:12,2.68,--,18,4824,卖盘
1570,10:09:06,2.68,--,900,241200,卖盘
1571,10:08:51,2.68,--,0,214,卖盘
1572,10:08:42,2.68,--,3,964,卖盘
1573,10:08:39,2.68,-0.01,13,3484,卖盘
1574,10:08:36,2.69,--,270,72630,买盘
1575,10:08:33,2.69,0.01,37,9953,买盘
1576,10:08:30,2.68,-0.01,20,5360,卖盘
1577,10:08:06,2.69,0.01,14,3766,买盘
1578,10:08:03,2.68,-0.01,12,3216,卖盘
1579,10:07:57,2.69,--,50,13450,买盘
1580,10:07:54,2.69,0.01,20,5380,买盘
1581,10:07:42,2.68,--,36,9648,卖盘
1582,10:07:39,2.68,--,76,20368,卖盘
1583,10:07:36,2.68,-0.01,1,268,卖盘
1584,10:07:33,2.69,--,2,538,买盘
1585,10:07:30,2.69,0.01,12,3228,买盘
1586,10:07:24,2.68,--,227,60836,卖盘
1587,10:07:21,2.68,-0.01,12,3216,卖盘
1588,10:07:09,2.69,--,40,10760,买盘
1589,10:06:57,2.69,--,10,2690,买盘
1590,10:06:54,2.69,0.01,30,8070,买盘
1591,10:06:45,2.68,-0.01,30,8040,卖盘
1592,10:06:12,2.69,0.01,10,2690,买盘
1593,10:06:06,2.68,--,80,21440,卖盘
1594,10:06:00,2.68,--,52,13936,卖盘
1595,10:05:45,2.68,--,100,26800,卖盘
1596,10:05:39,2.68,--,10,2680,卖盘
1597,10:05:36,2.68,--,1,482,卖盘
1598,10:05:30,2.68,-0.01,118,31838,卖盘
1599,10:05:24,2.69,--,30,8070,买盘
1600,10:05:21,2.69,0.01,78,20982,买盘
1601,10:05:18,2.68,--,4,1072,卖盘
1602,10:05:03,2.68,-0.01,26,7128,卖盘
1603,10:04:57,2.69,0.01,34,9146,买盘
1604,10:04:48,2.68,--,1,268,卖盘
1605,10:04:42,2.68,--,86,23048,卖盘
1606,10:04:30,2.68,--,114,30552,卖盘
1607,10:04:21,2.68,--,220,58960,卖盘
1608,10:04:18,2.68,--,12,3216,卖盘
1609,10:04:15,2.68,-0.01,23,6164,卖盘
1610,10:04:09,2.69,0.01,1,269,买盘
1611,10:04:06,2.68,--,62,16616,卖盘
1612,10:04:00,2.68,-0.01,144,38592,卖盘
1613,10:03:57,2.69,0.01,86,23134,买盘
1614,10:03:51,2.68,--,280,75040,卖盘
1615,10:03:45,2.68,--,48,12864,卖盘
1616,10:03:42,2.68,--,14,3752,卖盘
1617,10:03:24,2.68,-0.01,61,16401,卖盘
1618,10:03:15,2.69,0.01,13,3497,买盘
1619,10:03:09,2.68,--,9,2412,卖盘
1620,10:02:54,2.68,-0.01,136,36662,卖盘
1621,10:02:48,2.69,--,1,269,买盘
1622,10:02:42,2.69,0.01,2,538,买盘
1623,10:02:33,2.68,-0.01,14,3752,卖盘
1624,10:02:24,2.69,--,100,26900,买盘
1625,10:02:21,2.69,--,1,269,买盘
1626,10:02:15,2.69,0.01,4,1076,买盘
1627,10:02:09,2.68,--,14,3752,卖盘
1628,10:02:03,2.68,--,1,482,卖盘
1629,10:02:00,2.68,--,100,26800,卖盘
1630,10:01:57,2.68,-0.01,23,6164,卖盘
1631,10:01:51,2.69,--,6,1614,买盘
1632,10:01:33,2.69,0.01,30,8070,买盘
1633,10:01:30,2.68,--,1,268,卖盘
1634,10:01:15,2.68,-0.01,70,18760,卖盘
1635,10:00:51,2.69,0.01,13,3497,买盘
1636,10:00:45,2.68,--,52,14150,卖盘
1637,10:00:36,2.68,--,10,2680,卖盘
1638,10:00:33,2.68,-0.01,90,24120,卖盘
1639,10:00:27,2.69,0.01,1,269,买盘
1640,10:00:12,2.68,--,87,23316,卖盘
1641,10:00:09,2.68,--,2,750,卖盘
1642,09:59:54,2.68,--,8,2144,卖盘
1643,09:59:51,2.68,-0.01,6,1608,卖盘
1644,09:59:45,2.69,0.01,1,269,买盘
1645,09:59:33,2.68,--,54,14472,卖盘
1646,09:59:27,2.68,--,72,19296,卖盘
1647,09:59:24,2.68,--,27,7236,卖盘
1648,09:59:09,2.68,--,1201,321868,卖盘
1649,09:59:03,2.68,-0.01,50,13400,卖盘
1650,09:58:45,2.69,--,30,8070,买盘
1651,09:58:42,2.69,0.01,20,5380,买盘
1652,09:58:36,2.68,--,6,1608,卖盘
1653,09:58:27,2.68,--,50,13400,卖盘
1654,09:58:21,2.68,--,9,2412,卖盘
1655,09:58:15,2.68,-0.01,508,136144,卖盘
1656,09:58:12,2.69,0.01,2,538,买盘
1657,09:58:09,2.68,-0.01,2,536,卖盘
1658,09:58:06,2.69,0.01,50,13450,买盘
1659,09:57:57,2.68,-0.01,1,482,卖盘
1660,09:57:51,2.69,--,9,2421,买盘
1661,09:57:39,2.69,--,2,538,买盘
1662,09:57:36,2.69,0.01,25,6725,买盘
1663,09:57:24,2.68,--,19,5092,卖盘
1664,09:57:09,2.68,--,60,16080,卖盘
1665,09:57:00,2.68,-0.01,80,21440,卖盘
1666,09:56:57,2.69,--,46,12535,买盘
1667,09:56:54,2.69,--,530,142570,买盘
1668,09:56:51,2.69,0.01,54,14526,买盘
1669,09:56:45,2.68,--,18,4824,卖盘
1670,09:56:24,2.68,--,30,8040,卖盘
1671,09:56:21,2.68,--,9,2412,卖盘
1672,09:56:18,2.68,-0.01,3,964,卖盘
1673,09:56:12,2.69,0.01,97,26093,买盘
1674,09:56:09,2.68,--,86,23048,卖盘
1675,09:56:06,2.68,-0.01,13,3618,卖盘
1676,09:56:03,2.69,--,20,5380,买盘
1677,09:55:57,2.69,0.01,1,269,买盘
1678,09:55:54,2.68,-0.01,8,2197,卖盘
1679,09:55:45,2.69,0.01,6,1614,买盘
1680,09:55:42,2.68,--,1,268,卖盘
1681,09:55:39,2.68,-0.01,2,536,卖盘
1682,09:55:36,2.69,0.01,4,1076,买盘
1683,09:55:30,2.68,-0.01,3,804,卖盘
1684,09:55:27,2.69,--,8,2152,买盘
1685,09:55:18,2.69,--,9,2421,买盘
1686,09:55:09,2.69,--,50,13450,买盘
1687,09:55:06,2.69,--,19,5111,买盘
1688,09:55:03,2.69,--,20,5380,买盘
1689,09:55:00,2.69,--,2,538,买盘
1690,09:54:57,2.69,--,146,39274,买盘
1691,09:54:48,2.69,--,23,6187,买盘
1692,09:54:39,2.69,0.01,24,6456,买盘
1693,09:54:36,2.68,-0.01,9,2465,卖盘
1694,09:54:24,2.69,0.01,5,1345,买盘
1695,09:54:21,2.68,--,28,7718,卖盘
1696,09:54:18,2.68,--,159,42719,卖盘
1697,09:54:15,2.68,--,504,135072,卖盘
1698,09:54:12,2.68,-0.01,55,14847,卖盘
1699,09:54:06,2.69,--,2,538,买盘
1700,09:54:03,2.69,--,28,7532,买盘
1701,09:53:54,2.69,0.01,5,1345,买盘
1702,09:53:51,2.68,-0.01,3,804,卖盘
1703,09:53:48,2.69,0.01,20,5380,买盘
1704,09:53:42,2.68,--,18,4824,卖盘
1705,09:53:39,2.68,--,10,2680,卖盘
1706,09:53:30,2.68,--,3,804,卖盘
1707,09:53:24,2.68,--,5,1340,卖盘
1708,09:53:15,2.68,--,43,11524,卖盘
1709,09:53:09,2.68,--,40,10720,卖盘
1710,09:53:03,2.68,--,66,17822,买盘
1711,09:53:00,2.68,--,105,28140,买盘
1712,09:52:57,2.68,--,50,13400,买盘
1713,09:52:54,2.68,--,57,15276,买盘
1714,09:52:51,2.68,--,265,71020,买盘
1715,09:52:39,2.68,--,53,14204,买盘
1716,09:52:36,2.68,--,50,13400,买盘
1717,09:52:33,2.68,--,500,134000,买盘
1718,09:52:30,2.68,--,100,26800,买盘
1719,09:52:27,2.68,0.01,6,1608,买盘
1720,09:52:24,2.67,-0.01,1,267,卖盘
1721,09:52:21,2.68,--,36,9648,买盘
1722,09:52:18,2.68,--,20,5360,买盘
1723,09:52:09,2.68,-0.01,1468,393504,卖盘
1724,09:52:06,2.69,--,24,6456,买盘
1725,09:52:03,2.69,--,9,2421,买盘
1726,09:52:00,2.69,--,501,134769,买盘
1727,09:51:57,2.69,--,30,8070,买盘
1728,09:51:45,2.69,--,5,1345,买盘
1729,09:51:24,2.69,0.01,160,43093,买盘
1730,09:51:15,2.68,-0.01,36,9648,卖盘
1731,09:51:06,2.69,0.01,31,8392,买盘
1732,09:51:03,2.68,--,14,3752,卖盘
1733,09:50:51,2.68,--,12,3216,卖盘
1734,09:50:48,2.68,-0.01,5,1340,卖盘
1735,09:50:42,2.69,0.01,6,1614,买盘
1736,09:50:36,2.68,--,14,3752,卖盘
1737,09:50:33,2.68,--,230,61640,卖盘
1738,09:50:18,2.68,-0.01,83,22244,卖盘
1739,09:50:15,2.69,0.01,3,807,买盘
1740,09:50:12,2.68,--,10,2680,卖盘
1741,09:50:06,2.68,-0.01,15,4180,卖盘
1742,09:50:03,2.69,0.01,1,269,买盘
1743,09:49:57,2.68,--,2010,538680,卖盘
1744,09:49:45,2.68,--,12,3216,卖盘
1745,09:49:42,2.68,--,0,214,卖盘
1746,09:49:39,2.68,-0.01,215,57727,卖盘
1747,09:49:36,2.69,--,3,807,买盘
1748,09:49:24,2.69,--,16,4304,买盘
1749,09:49:12,2.69,0.01,249,66981,买盘
1750,09:49:03,2.68,-0.01,44,11792,卖盘
1751,09:49:00,2.69,--,1,269,买盘
1752,09:48:57,2.69,0.01,10,2690,买盘
1753,09:48:54,2.68,--,152,40736,卖盘
1754,09:48:51,2.68,-0.01,2,536,卖盘
1755,09:48:45,2.69,--,67,18023,买盘
1756,09:48:30,2.69,--,1,269,买盘
1757,09:48:21,2.69,--,7,1883,买盘
1758,09:48:15,2.69,--,100,26900,买盘
1759,09:48:09,2.69,--,2,538,买盘
1760,09:48:03,2.69,--,12,3228,买盘
1761,09:47:51,2.69,--,9,2421,买盘
1762,09:47:45,2.69,--,99,26846,卖盘
1763,09:47:42,2.69,--,208,56167,卖盘
1764,09:47:36,2.69,--,156,41964,卖盘
1765,09:47:33,2.69,--,10,2690,卖盘
1766,09:47:24,2.69,--,410,110290,卖盘
1767,09:47:18,2.69,--,15,4035,卖盘
1768,09:47:15,2.69,--,248,66819,卖盘
1769,09:47:06,2.69,--,50,13450,卖盘
1770,09:47:03,2.69,--,99,26631,卖盘
1771,09:47:00,2.69,--,9,2421,卖盘
1772,09:46:51,2.69,--,8,2313,卖盘
1773,09:46:45,2.69,--,2,645,买盘
1774,09:46:42,2.69,--,8,2152,买盘
1775,09:46:39,2.69,--,7,2044,卖盘
1776,09:46:36,2.69,--,446,119974,卖盘
1777,09:46:33,2.69,-0.01,100,26900,卖盘
1778,09:46:27,2.7,0.01,30,8100,买盘
1779,09:46:24,2.69,--,16,4304,卖盘
1780,09:46:12,2.69,--,68,18292,卖盘
1781,09:46:06,2.69,--,6,1614,卖盘
1782,09:45:57,2.69,-0.01,70,18830,卖盘
1783,09:45:54,2.7,0.01,1,270,买盘
1784,09:45:51,2.69,--,20,5380,卖盘
1785,09:45:48,2.69,-0.01,60,16247,卖盘
1786,09:45:45,2.7,0.01,4,1080,买盘
1787,09:45:33,2.69,--,11,3120,卖盘
1788,09:45:21,2.69,--,116,31204,买盘
1789,09:45:18,2.69,--,19,5111,买盘
1790,09:45:15,2.69,--,2,538,买盘
1791,09:45:12,2.69,--,19,5111,买盘
1792,09:45:03,2.69,--,99,26631,卖盘
1793,09:44:57,2.69,--,12,3228,买盘
1794,09:44:54,2.69,0.01,37,9953,中性盘
1795,09:44:48,2.68,-0.01,139,37252,卖盘
1796,09:44:42,2.69,--,24,6456,卖盘
1797,09:44:36,2.69,--,14,3927,买盘
1798,09:44:33,2.69,0.01,75,20282,买盘
1799,09:44:30,2.68,--,880,235840,卖盘
1800,09:44:27,2.68,-0.01,40,10827,卖盘
1801,09:44:21,2.69,--,100,26900,买盘
1802,09:44:18,2.69,--,10,2690,买盘
1803,09:44:12,2.69,--,118,31742,买盘
1804,09:44:09,2.69,0.01,50,13450,买盘
1805,09:44:06,2.68,-0.01,10,2680,卖盘
1806,09:44:03,2.69,--,19,5111,买盘
1807,09:44:00,2.69,0.01,6,1614,买盘
1808,09:43:54,2.68,--,16,4502,卖盘
1809,09:43:51,2.68,--,540,144720,卖盘
1810,09:43:42,2.68,--,60,16187,卖盘
1811,09:43:39,2.68,--,235,63194,卖盘
1812,09:43:33,2.68,--,1,482,卖盘
1813,09:43:30,2.68,--,35,9380,卖盘
1814,09:43:24,2.68,--,20,5360,卖盘
1815,09:43:21,2.68,--,14,3752,卖盘
1816,09:43:18,2.68,0.01,123,33044,买盘
1817,09:43:15,2.67,-0.01,195,52065,卖盘
1818,09:43:12,2.68,--,409,109612,买盘
1819,09:43:09,2.68,--,10,2680,买盘
1820,09:43:06,2.68,--,20,5360,买盘
1821,09:43:03,2.68,--,3,804,买盘
1822,09:43:00,2.68,--,39,10452,买盘
1823,09:42:57,2.68,--,380,101947,卖盘
1824,09:42:54,2.68,--,23,6378,卖盘
1825,09:42:51,2.68,--,7,1876,卖盘
1826,09:42:42,2.68,--,258,69251,卖盘
1827,09:42:33,2.68,--,2,643,买盘
1828,09:42:30,2.68,--,20,5360,买盘
1829,09:42:27,2.68,--,97,25996,买盘
1830,09:42:21,2.68,--,10,2680,买盘
1831,09:42:18,2.68,--,346,92728,卖盘
1832,09:42:03,2.68,--,214,57459,卖盘
1833,09:41:54,2.68,0.01,48,13024,买盘
1834,09:41:51,2.67,-0.02,88,23496,卖盘
1835,09:41:48,2.69,--,18,4842,卖盘
1836,09:41:45,2.69,--,104,27976,卖盘
1837,09:41:39,2.69,--,59,15871,买盘
1838,09:41:36,2.69,0.02,60,16140,买盘
1839,09:41:33,2.67,-0.01,7013,1872471,卖盘
1840,09:41:30,2.68,-0.01,107,28729,卖盘
1841,09:41:21,2.69,0.01,7,1883,买盘
1842,09:41:18,2.68,--,4,1072,卖盘
1843,09:41:15,2.68,-0.01,241,64588,卖盘
1844,09:41:09,2.69,--,24,6456,买盘
1845,09:41:06,2.69,--,6,1614,买盘
1846,09:41:03,2.69,--,40,10760,买盘
1847,09:40:57,2.69,--,610,164090,买盘
1848,09:40:54,2.69,--,40,10760,买盘
1849,09:40:51,2.69,--,7,1883,买盘
1850,09:40:48,2.69,--,2,538,买盘
1851,09:40:42,2.69,--,72,19368,买盘
1852,09:40:39,2.69,--,111,29912,卖盘
1853,09:40:33,2.69,--,60,16140,卖盘
1854,09:40:30,2.69,--,73,19852,买盘
1855,09:40:27,2.69,0.01,134,36046,买盘
1856,09:40:24,2.68,-0.01,357,95676,卖盘
1857,09:40:21,2.69,--,46,12374,买盘
1858,09:40:18,2.69,0.01,10,2690,中性盘
1859,09:40:15,2.68,-0.01,2100,562800,卖盘
1860,09:40:12,2.69,--,3,807,卖盘
1861,09:40:06,2.69,-0.01,1800,484200,卖盘
1862,09:40:03,2.7,0.01,2,540,买盘
1863,09:39:57,2.69,--,20,5380,卖盘
1864,09:39:48,2.69,--,354,95279,买盘
1865,09:39:45,2.69,--,20,5380,买盘
1866,09:39:42,2.69,--,100,26900,买盘
1867,09:39:39,2.69,--,1091,293479,买盘
1868,09:39:36,2.69,--,2,538,买盘
1869,09:39:33,2.69,--,110,29590,买盘
1870,09:39:30,2.69,0.01,2,538,买盘
1871,09:39:27,2.68,-0.01,85,22780,卖盘
1872,09:39:24,2.69,--,6,1614,买盘
1873,09:39:18,2.69,--,7,1883,买盘
1874,09:39:15,2.69,--,50,13450,买盘
1875,09:39:09,2.69,--,5,1345,买盘
1876,09:39:06,2.69,0.01,50,13450,买盘
1877,09:39:03,2.68,-0.01,100,26800,卖盘
1878,09:38:57,2.69,--,190,51110,买盘
1879,09:38:54,2.69,0.01,15,4035,买盘
1880,09:38:51,2.68,--,53,14204,卖盘
1881,09:38:45,2.68,--,147,39556,买盘
1882,09:38:42,2.68,--,1058,283651,卖盘
1883,09:38:30,2.68,--,9,2412,卖盘
1884,09:38:27,2.68,-0.01,9,2626,卖盘
1885,09:38:24,2.69,0.01,25,6725,买盘
1886,09:38:21,2.68,--,8,2144,卖盘
1887,09:38:18,2.68,--,30,8040,卖盘
1888,09:38:12,2.68,0.01,24,6646,买盘
1889,09:38:09,2.67,--,10,2670,卖盘
1890,09:38:06,2.67,-0.01,1011,269937,卖盘
1891,09:38:03,2.68,0.01,47,12596,买盘
1892,09:38:00,2.67,-0.01,15,4005,卖盘
1893,09:37:57,2.68,0.01,34,9112,买盘
1894,09:37:54,2.67,-0.01,65,17355,卖盘
1895,09:37:51,2.68,--,205,54940,买盘
1896,09:37:48,2.68,0.01,2,536,买盘
1897,09:37:45,2.67,--,96,25632,卖盘
1898,09:37:42,2.67,-0.01,524,140014,卖盘
1899,09:37:39,2.68,0.01,4,1072,买盘
1900,09:37:36,2.67,-0.01,100,26700,卖盘
1901,09:37:33,2.68,--,32,8576,买盘
1902,09:37:30,2.68,--,261,69948,买盘
1903,09:37:27,2.68,--,21,5628,买盘
1904,09:37:24,2.68,--,677,181543,卖盘
1905,09:37:21,2.68,--,1818,487224,卖盘
1906,09:37:18,2.68,--,404,108272,卖盘
1907,09:37:15,2.68,--,75,20260,卖盘
1908,09:37:12,2.68,--,900,241200,卖盘
1909,09:37:09,2.68,-0.01,537,143916,卖盘
1910,09:37:06,2.69,0.01,50,13450,买盘
1911,09:37:03,2.68,-0.01,25,6700,卖盘
1912,09:37:00,2.69,--,552,148488,买盘
1913,09:36:57,2.69,--,21,5649,卖盘
1914,09:36:54,2.69,-0.01,143,38467,卖盘
1915,09:36:48,2.7,0.01,47,12690,买盘
1916,09:36:45,2.69,--,1058,284602,卖盘
1917,09:36:42,2.69,--,22,5918,卖盘
1918,09:36:39,2.69,-0.01,205,55145,卖盘
1919,09:36:36,2.7,--,215,58050,买盘
1920,09:36:33,2.7,--,5,1350,买盘
1921,09:36:30,2.7,--,501,135270,买盘
1922,09:36:27,2.7,--,3,810,买盘
1923,09:36:24,2.7,--,132,35640,卖盘
1924,09:36:21,2.7,-0.01,3399,917730,卖盘
1925,09:36:18,2.71,0.01,4,1084,买盘
1926,09:36:00,2.7,-0.01,147,39690,卖盘
1927,09:35:57,2.71,--,2478,671619,卖盘
1928,09:35:51,2.71,--,15,4065,卖盘
1929,09:35:48,2.71,-0.01,358,97018,卖盘
1930,09:35:45,2.72,0.01,111,30192,买盘
1931,09:35:39,2.71,-0.01,542,146882,卖盘
1932,09:35:36,2.72,--,31,8432,买盘
1933,09:35:33,2.72,0.01,60,16320,买盘
1934,09:35:30,2.71,--,607,164497,卖盘
1935,09:35:27,2.71,-0.01,89,24281,卖盘
1936,09:35:24,2.72,0.01,5,1523,买盘
1937,09:35:12,2.71,--,3,975,卖盘
1938,09:35:06,2.71,--,18,4878,卖盘
1939,09:35:03,2.71,-0.01,10,2926,卖盘
1940,09:34:57,2.72,0.01,20,5440,买盘
1941,09:34:54,2.71,--,72,19512,卖盘
1942,09:34:48,2.71,--,302,82004,卖盘
1943,09:34:45,2.71,--,200,54200,卖盘
1944,09:34:42,2.71,--,36,9756,卖盘
1945,09:34:39,2.71,-0.01,80,21680,卖盘
1946,09:34:24,2.72,--,2,544,买盘
1947,09:34:21,2.72,0.01,33,8976,买盘
1948,09:34:18,2.71,--,149,40379,卖盘
1949,09:34:09,2.71,-0.01,55,14905,卖盘
1950,09:34:06,2.72,0.01,20,5440,买盘
1951,09:34:03,2.71,--,11,2981,卖盘
1952,09:34:00,2.71,-0.01,9,2439,卖盘
1953,09:33:57,2.72,--,11,2992,买盘
1954,09:33:54,2.72,--,146,39712,买盘
1955,09:33:51,2.72,0.01,10,2720,买盘
1956,09:33:48,2.71,-0.01,87,23577,卖盘
1957,09:33:45,2.72,--,14,3808,买盘
1958,09:33:39,2.72,--,1,272,买盘
1959,09:33:36,2.72,--,10,2720,买盘
1960,09:33:27,2.72,0.01,2,544,买盘
1961,09:33:21,2.71,--,3,813,卖盘
1962,09:33:15,2.71,--,17,4607,卖盘
1963,09:33:12,2.71,--,110,29810,卖盘
1964,09:33:09,2.71,-0.01,15,4065,卖盘
1965,09:33:06,2.72,0.01,3,816,买盘
1966,09:33:03,2.71,-0.01,128,34688,卖盘
1967,09:33:00,2.72,0.01,9,2448,买盘
1968,09:32:51,2.71,--,22,5962,卖盘
1969,09:32:48,2.71,--,62,16802,卖盘
1970,09:32:45,2.71,--,323,87533,卖盘
1971,09:32:42,2.71,-0.01,189,51273,卖盘
1972,09:32:36,2.72,0.01,72,19584,买盘
1973,09:32:33,2.71,--,50,13550,卖盘
1974,09:32:24,2.71,--,10,2710,卖盘
1975,09:32:21,2.71,--,30,8130,卖盘
1976,09:32:18,2.71,--,5,1355,卖盘
1977,09:32:15,2.71,-0.01,75,20541,卖盘
1978,09:32:09,2.72,0.01,11,2992,买盘
1979,09:32:03,2.71,-0.01,23,6233,卖盘
1980,09:32:00,2.72,--,213,58153,买盘
1981,09:31:48,2.72,0.01,101,27472,买盘
1982,09:31:45,2.71,--,100,27100,卖盘
1983,09:31:42,2.71,--,2,542,卖盘
1984,09:31:36,2.71,-0.01,269,72899,卖盘
1985,09:31:27,2.72,0.01,45,12240,买盘
1986,09:31:15,2.71,--,6,1626,卖盘
1987,09:31:09,2.71,--,21,5826,卖盘
1988,09:31:06,2.71,--,338,91814,卖盘
1989,09:31:03,2.71,--,41,11219,卖盘
1990,09:30:57,2.71,--,250,67750,卖盘
1991,09:30:48,2.71,--,56,15176,卖盘
1992,09:30:45,2.71,--,79,21409,卖盘
1993,09:30:39,2.71,--,100,27100,卖盘
1994,09:30:36,2.71,-0.01,10,2710,卖盘
1995,09:30:30,2.72,-0.01,20,5440,中性盘
1996,09:30:09,2.73,0.01,19,5187,买盘
1997,09:30:06,2.72,--,206,56032,卖盘
1998,09:30:03,2.72,-0.01,1134,308448,卖盘
1999,09:30:00,2.73,--,0,0,买盘
2000,09:25:03,2.73,2.73,1134,309582,买盘
