,time,price,change,volume,amount,type
0,15:00:03,4.66,0.02,4708,2194067,买盘
1,14:57:00,4.64,--,0,0,买盘
2,14:56:57,4.64,0.01,46,21344,买盘
3,14:56:54,4.63,--,4,1852,卖盘
4,14:56:51,4.63,--,1,463,卖盘
5,14:56:48,4.63,-0.01,26,12038,卖盘
6,14:56:45,4.64,--,105,48720,买盘
7,14:56:36,4.64,--,110,51040,买盘
8,14:56:33,4.64,0.01,39,18096,买盘
9,14:56:30,4.63,--,16,7408,卖盘
10,14:56:24,4.63,-0.01,10,4630,卖盘
11,14:56:18,4.64,--,10,4640,买盘
12,14:56:15,4.64,0.01,108,50112,买盘
13,14:56:12,4.63,--,10,4630,卖盘
14,14:56:06,4.63,--,152,70376,卖盘
15,14:56:03,4.63,-0.01,1,463,卖盘
16,14:56:00,4.64,0.01,35,16239,买盘
17,14:55:57,4.63,-0.01,88,40744,卖盘
18,14:55:48,4.64,0.01,6,2784,买盘
19,14:55:45,4.63,--,67,31021,卖盘
20,14:55:33,4.63,-0.01,30,13890,卖盘
21,14:55:30,4.64,--,14,6496,买盘
22,14:55:24,4.64,0.01,33,15311,买盘
23,14:55:21,4.63,--,20,9260,卖盘
24,14:55:18,4.63,--,5,2315,卖盘
25,14:55:09,4.63,-0.01,46,21298,卖盘
26,14:55:06,4.64,0.01,31,14383,买盘
27,14:55:03,4.63,--,106,49078,卖盘
28,14:55:00,4.63,--,9,4167,卖盘
29,14:54:57,4.63,--,50,23150,卖盘
30,14:54:51,4.63,-0.01,2,926,卖盘
31,14:54:39,4.64,0.01,20,9280,买盘
32,14:54:36,4.63,--,10,4630,卖盘
33,14:54:27,4.63,--,8,3704,卖盘
34,14:54:21,4.63,--,12,5556,卖盘
35,14:54:18,4.63,-0.01,36,16668,卖盘
36,14:54:12,4.64,--,80,37120,买盘
37,14:54:03,4.64,--,100,46400,买盘
38,14:54:00,4.64,--,40,18560,买盘
39,14:53:54,4.64,--,12,5568,买盘
40,14:53:42,4.64,0.01,5,2320,买盘
41,14:53:30,4.63,--,268,124084,卖盘
42,14:53:27,4.63,-0.01,25,11575,卖盘
43,14:53:09,4.64,--,10,4640,买盘
44,14:53:06,4.64,0.01,13,6032,买盘
45,14:53:03,4.63,--,13,6019,卖盘
46,14:53:00,4.63,-0.01,105,48615,卖盘
47,14:52:51,4.64,--,12,5568,买盘
48,14:52:45,4.64,0.01,10,4640,买盘
49,14:52:39,4.63,--,9,4167,卖盘
50,14:52:36,4.63,--,1,463,卖盘
51,14:52:33,4.63,-0.01,193,89359,卖盘
52,14:52:27,4.64,--,293,135952,买盘
53,14:52:09,4.64,--,36,16704,买盘
54,14:52:06,4.64,0.01,1,463,买盘
55,14:51:54,4.63,--,68,31484,卖盘
56,14:51:42,4.63,--,3,1389,卖盘
57,14:51:33,4.63,--,74,34262,卖盘
58,14:51:27,4.63,-0.01,261,120843,卖盘
59,14:51:21,4.64,--,10,4640,买盘
60,14:51:15,4.64,--,3,1392,买盘
61,14:51:09,4.64,--,46,21344,卖盘
62,14:50:57,4.64,--,12,5568,卖盘
63,14:50:51,4.64,--,1,463,卖盘
64,14:50:48,4.64,0.01,20,9280,中性盘
65,14:50:39,4.63,-0.02,1,463,卖盘
66,14:50:27,4.65,--,27,12555,卖盘
67,14:50:24,4.65,-0.01,2,930,卖盘
68,14:50:21,4.66,0.01,115,53590,买盘
69,14:50:18,4.65,--,58,27295,卖盘
70,14:50:09,4.65,--,50,23250,卖盘
71,14:50:06,4.65,--,3,1395,卖盘
72,14:49:51,4.65,--,1388,645559,买盘
73,14:49:42,4.65,--,17,7905,买盘
74,14:49:39,4.65,--,32,14880,买盘
75,14:49:36,4.65,--,10,4650,买盘
76,14:49:30,4.65,--,20,9300,买盘
77,14:49:27,4.65,--,1144,532285,卖盘
78,14:49:21,4.65,--,9,4185,卖盘
79,14:49:12,4.65,--,100,46500,卖盘
80,14:49:09,4.65,0.02,2372,1103119,买盘
81,14:49:03,4.63,--,26,12038,买盘
82,14:49:00,4.63,--,161,74543,买盘
83,14:48:54,4.63,--,74,34262,买盘
84,14:48:51,4.63,--,218,100934,买盘
85,14:48:48,4.63,0.01,23,10649,买盘
86,14:48:36,4.62,--,20,9240,卖盘
87,14:48:30,4.62,--,40,18480,卖盘
88,14:48:12,4.62,--,964,445368,买盘
89,14:48:09,4.62,0.01,30,13860,买盘
90,14:47:57,4.61,--,1,461,卖盘
91,14:47:51,4.61,--,924,425964,买盘
92,14:47:48,4.61,0.01,1,461,买盘
93,14:47:45,4.6,--,12,5520,卖盘
94,14:47:36,4.6,--,10,4600,卖盘
95,14:47:15,4.6,-0.01,6,2760,卖盘
96,14:47:12,4.61,--,13,5993,买盘
97,14:47:09,4.61,0.01,10,4610,买盘
98,14:47:06,4.6,-0.01,270,124199,卖盘
99,14:47:03,4.61,0.01,21,9681,买盘
100,14:47:00,4.6,--,20,9200,卖盘
101,14:46:54,4.6,--,5,2300,卖盘
102,14:46:51,4.6,--,43,19780,卖盘
103,14:46:45,4.6,--,29,13339,卖盘
104,14:46:42,4.6,--,507,233219,买盘
105,14:46:39,4.6,--,4,1839,买盘
106,14:46:36,4.6,--,50,23000,买盘
107,14:46:30,4.6,--,50,23000,买盘
108,14:46:27,4.6,0.01,100,46000,买盘
109,14:46:21,4.59,-0.01,51,23409,卖盘
110,14:46:15,4.6,0.01,7,3219,买盘
111,14:46:12,4.59,--,20,9180,卖盘
112,14:46:03,4.59,--,20,9180,卖盘
113,14:45:51,4.59,--,35,16065,卖盘
114,14:45:48,4.59,--,4,1836,卖盘
115,14:45:45,4.59,--,2,918,卖盘
116,14:45:36,4.59,--,31,14229,卖盘
117,14:45:33,4.59,--,5,2295,卖盘
118,14:45:30,4.59,-0.01,3,1377,卖盘
119,14:45:27,4.6,0.01,5,2300,买盘
120,14:45:21,4.59,-0.01,13,5967,卖盘
121,14:45:18,4.6,0.01,2,919,买盘
122,14:45:09,4.59,--,5,2295,卖盘
123,14:45:00,4.59,--,3,1377,卖盘
124,14:44:57,4.59,--,281,128988,买盘
125,14:44:42,4.59,--,243,111986,卖盘
126,14:44:36,4.59,--,100,45900,卖盘
127,14:44:30,4.59,--,54,24795,卖盘
128,14:44:15,4.59,-0.01,5,2295,卖盘
129,14:44:03,4.6,--,4,1839,买盘
130,14:44:00,4.6,--,22,10120,买盘
131,14:43:54,4.6,0.01,4,1839,买盘
132,14:43:51,4.59,-0.01,1000,459000,卖盘
133,14:43:45,4.6,0.01,28,12879,买盘
134,14:43:42,4.59,-0.01,1000,459000,卖盘
135,14:43:33,4.6,--,38,17480,卖盘
136,14:43:30,4.6,--,10,4600,卖盘
137,14:43:21,4.6,--,5,2300,卖盘
138,14:43:18,4.6,--,14,6439,卖盘
139,14:43:15,4.6,0.01,3,1380,买盘
140,14:43:12,4.59,-0.01,26,11934,卖盘
141,14:43:09,4.6,--,63,28979,买盘
142,14:43:06,4.6,--,20,9200,买盘
143,14:43:03,4.6,--,58,26679,买盘
144,14:43:00,4.6,--,4,1839,买盘
145,14:42:57,4.6,0.01,83,38180,买盘
146,14:42:54,4.59,-0.01,15,6885,卖盘
147,14:42:48,4.6,--,20,9200,买盘
148,14:42:42,4.6,-0.01,4,1839,卖盘
149,14:42:39,4.61,0.01,10,4610,买盘
150,14:42:33,4.6,-0.01,1,459,中性盘
151,14:42:27,4.61,0.02,10,4610,买盘
152,14:42:24,4.59,-0.02,3000,1377000,卖盘
153,14:42:21,4.61,--,117,53937,买盘
154,14:42:18,4.61,--,70,32270,买盘
155,14:42:15,4.61,--,10,4610,买盘
156,14:42:06,4.61,--,50,23050,买盘
157,14:42:03,4.61,--,2,922,买盘
158,14:42:00,4.61,--,11,5071,买盘
159,14:41:48,4.61,--,100,46100,买盘
160,14:41:45,4.61,--,2,922,卖盘
161,14:41:27,4.61,--,51,23511,买盘
162,14:41:24,4.61,--,47,21667,买盘
163,14:41:15,4.61,0.01,2,922,买盘
164,14:41:12,4.6,-0.01,60,27599,卖盘
165,14:41:09,4.61,-0.01,25,11525,卖盘
166,14:41:06,4.62,--,5,2310,买盘
167,14:40:51,4.62,--,195,90090,买盘
168,14:40:45,4.62,--,104,48048,买盘
169,14:40:39,4.62,0.02,2,924,买盘
170,14:40:36,4.6,-0.01,3000,1380000,卖盘
171,14:40:33,4.61,-0.01,101,46561,卖盘
172,14:40:30,4.62,--,1,462,买盘
173,14:40:24,4.62,--,80,36960,买盘
174,14:40:21,4.62,--,1,462,买盘
175,14:40:12,4.62,0.01,1,462,买盘
176,14:40:09,4.61,-0.01,100,46100,卖盘
177,14:40:00,4.62,0.01,6,2772,买盘
178,14:39:54,4.61,-0.01,1,461,卖盘
179,14:39:39,4.62,--,2,924,买盘
180,14:39:27,4.62,0.01,20,9240,买盘
181,14:39:21,4.61,-0.01,93,42873,卖盘
182,14:39:09,4.62,0.01,56,25872,买盘
183,14:39:06,4.61,--,1,461,卖盘
184,14:39:03,4.61,--,52,23972,买盘
185,14:39:00,4.61,--,16,7376,买盘
186,14:38:51,4.61,--,8,3688,买盘
187,14:38:45,4.61,--,10,4610,买盘
188,14:38:39,4.61,0.01,210,96810,买盘
189,14:38:36,4.6,--,22,10120,卖盘
190,14:38:33,4.6,-0.02,108,49679,卖盘
191,14:38:24,4.62,0.01,5,2310,买盘
192,14:38:21,4.61,--,106,48866,买盘
193,14:38:15,4.61,--,35,16135,卖盘
194,14:38:12,4.61,--,9,4149,买盘
195,14:38:09,4.61,0.01,21,9681,买盘
196,14:38:06,4.6,-0.01,31,14259,卖盘
197,14:38:03,4.61,--,30,13830,买盘
198,14:37:57,4.61,--,105,48405,买盘
199,14:37:54,4.61,0.01,100,46100,买盘
200,14:37:51,4.6,--,85,39100,卖盘
201,14:37:48,4.6,--,303,139380,卖盘
202,14:37:39,4.6,-0.01,1,459,卖盘
203,14:37:30,4.61,0.01,10,4610,买盘
204,14:37:12,4.6,--,23,10580,卖盘
205,14:37:09,4.6,--,1285,591100,买盘
206,14:37:06,4.6,0.01,2,919,买盘
207,14:37:03,4.59,-0.01,10,4590,卖盘
208,14:37:00,4.6,--,65,29899,买盘
209,14:36:57,4.6,--,20,9200,买盘
210,14:36:51,4.6,0.01,26,11959,买盘
211,14:36:48,4.59,-0.01,15,6885,卖盘
212,14:36:45,4.6,--,20,9200,买盘
213,14:36:42,4.6,--,4,1839,买盘
214,14:36:39,4.6,--,32,14719,买盘
215,14:36:36,4.6,--,5,2300,买盘
216,14:36:30,4.6,--,140,64399,买盘
217,14:36:18,4.6,0.01,3,1380,买盘
218,14:36:15,4.59,--,189,86751,卖盘
219,14:36:09,4.59,--,113,51867,卖盘
220,14:36:06,4.59,--,20,9180,卖盘
221,14:36:00,4.59,-0.01,50,22950,卖盘
222,14:35:54,4.6,--,12,5520,买盘
223,14:35:51,4.6,--,20,9200,买盘
224,14:35:36,4.6,--,6,2760,买盘
225,14:35:30,4.6,0.01,2,919,买盘
226,14:35:18,4.59,-0.01,70,32130,卖盘
227,14:35:15,4.6,0.01,300,138000,买盘
228,14:35:09,4.59,--,164,75276,卖盘
229,14:35:06,4.59,--,95,43605,卖盘
230,14:35:03,4.59,-0.01,13,5967,卖盘
231,14:35:00,4.6,--,24,11040,买盘
232,14:34:48,4.6,0.01,1,459,买盘
233,14:34:45,4.59,--,2,918,卖盘
234,14:34:39,4.59,0.01,477,218943,买盘
235,14:34:36,4.58,--,93,42594,卖盘
236,14:34:33,4.58,--,467,213886,卖盘
237,14:34:27,4.58,--,17,7786,卖盘
238,14:34:24,4.58,-0.01,1181,540898,卖盘
239,14:34:21,4.59,--,23,10557,卖盘
240,14:34:18,4.59,--,213,98212,买盘
241,14:34:15,4.59,--,20,9180,买盘
242,14:34:12,4.59,0.01,622,285498,买盘
243,14:34:09,4.58,-0.01,20,9160,卖盘
244,14:34:06,4.59,--,100,45900,买盘
245,14:34:03,4.59,--,3,1377,买盘
246,14:34:00,4.59,--,5,2295,买盘
247,14:33:57,4.59,--,249,114304,卖盘
248,14:33:54,4.59,--,1,459,卖盘
249,14:33:51,4.59,-0.01,83,38097,卖盘
250,14:33:48,4.6,0.01,19,8740,中性盘
251,14:33:39,4.59,-0.01,1429,656356,卖盘
252,14:33:36,4.6,--,400,184000,卖盘
253,14:33:33,4.6,--,428,196879,卖盘
254,14:33:30,4.6,--,4,1839,卖盘
255,14:33:27,4.6,--,1089,500939,卖盘
256,14:33:24,4.6,--,8,3679,卖盘
257,14:33:21,4.6,-0.01,20,9200,卖盘
258,14:33:15,4.61,--,501,230961,卖盘
259,14:33:12,4.61,--,81,37341,卖盘
260,14:33:06,4.61,-0.01,500,230500,卖盘
261,14:33:03,4.62,--,37,17094,买盘
262,14:32:57,4.62,--,51,23705,卖盘
263,14:32:54,4.62,--,740,341880,卖盘
264,14:32:51,4.62,--,1965,908259,卖盘
265,14:32:48,4.62,--,150,69300,卖盘
266,14:32:45,4.62,--,75,34650,卖盘
267,14:32:42,4.62,--,528,243936,卖盘
268,14:32:39,4.62,--,89,41118,卖盘
269,14:32:36,4.62,--,201,92862,卖盘
270,14:32:33,4.62,--,23,10626,卖盘
271,14:32:30,4.62,--,206,95172,卖盘
272,14:32:27,4.62,--,5,2310,卖盘
273,14:32:21,4.62,--,20,9240,卖盘
274,14:32:03,4.62,-0.01,1,462,卖盘
275,14:31:54,4.63,--,22,10186,买盘
276,14:31:48,4.63,0.01,1,463,买盘
277,14:31:45,4.62,-0.01,20,9240,卖盘
278,14:31:42,4.63,0.01,11,5093,买盘
279,14:31:27,4.62,-0.01,12,5544,卖盘
280,14:31:21,4.63,--,26,12038,卖盘
281,14:31:12,4.63,--,65,30095,卖盘
282,14:31:00,4.63,--,580,268540,卖盘
283,14:30:57,4.63,-0.01,50,23150,卖盘
284,14:30:48,4.64,0.01,10,4640,买盘
285,14:30:45,4.63,--,23,10649,卖盘
286,14:30:42,4.63,--,15,6945,卖盘
287,14:30:39,4.63,-0.01,113,52319,卖盘
288,14:30:33,4.64,0.01,2,927,买盘
289,14:30:27,4.63,--,624,288912,卖盘
290,14:30:24,4.63,--,20,9260,卖盘
291,14:30:15,4.63,--,14,6482,卖盘
292,14:30:12,4.63,--,7,3241,卖盘
293,14:30:09,4.63,--,69,31947,卖盘
294,14:30:06,4.63,--,5,2315,卖盘
295,14:30:00,4.63,--,14,6482,卖盘
296,14:29:51,4.63,--,16,7408,卖盘
297,14:29:45,4.63,--,5,2315,卖盘
298,14:29:42,4.63,--,7,3241,卖盘
299,14:29:30,4.63,-0.01,200,92600,卖盘
300,14:29:27,4.64,0.01,100,46400,买盘
301,14:29:21,4.63,--,79,36577,卖盘
302,14:29:18,4.63,--,25,11575,卖盘
303,14:29:12,4.63,--,5,2315,卖盘
304,14:29:09,4.63,--,35,16205,卖盘
305,14:29:06,4.63,--,331,153253,买盘
306,14:29:03,4.63,--,260,120380,卖盘
307,14:28:57,4.63,--,112,51856,卖盘
308,14:28:48,4.63,--,60,27780,卖盘
309,14:28:33,4.63,--,198,91674,卖盘
310,14:28:30,4.63,--,15,6945,卖盘
311,14:28:27,4.63,-0.01,9,4167,卖盘
312,14:28:15,4.64,0.01,87,40368,买盘
313,14:28:09,4.63,-0.01,6,2778,卖盘
314,14:28:06,4.64,0.01,205,95120,买盘
315,14:27:57,4.63,--,40,18520,卖盘
316,14:27:36,4.63,-0.01,43,19909,卖盘
317,14:27:30,4.64,--,250,115999,买盘
318,14:27:27,4.64,0.01,5,2320,买盘
319,14:27:24,4.63,-0.01,5,2315,卖盘
320,14:27:09,4.64,0.01,4,1855,买盘
321,14:26:48,4.63,-0.01,20,9260,卖盘
322,14:26:45,4.64,0.01,21,9744,买盘
323,14:26:33,4.63,-0.01,25,11575,卖盘
324,14:26:15,4.64,0.01,15,6959,买盘
325,14:26:03,4.63,0.01,379,175477,买盘
326,14:25:51,4.62,--,50,23100,卖盘
327,14:25:48,4.62,-0.01,100,46200,卖盘
328,14:25:39,4.63,--,191,88433,买盘
329,14:25:36,4.63,--,40,18520,买盘
330,14:25:33,4.63,0.01,239,110657,买盘
331,14:25:30,4.62,--,140,64680,卖盘
332,14:25:15,4.62,--,3,1386,卖盘
333,14:25:12,4.62,--,5,2310,卖盘
334,14:25:09,4.62,-0.01,79,36498,卖盘
335,14:24:57,4.63,--,2,926,买盘
336,14:24:54,4.63,0.01,21,9723,买盘
337,14:24:51,4.62,--,3,1386,卖盘
338,14:24:48,4.62,-0.01,26,12012,卖盘
339,14:24:45,4.63,--,14,6482,买盘
340,14:24:36,4.63,0.01,35,16205,买盘
341,14:24:33,4.62,--,30,13860,卖盘
342,14:24:30,4.62,--,115,53130,卖盘
343,14:24:27,4.62,--,30,13860,卖盘
344,14:24:21,4.62,--,2,924,卖盘
345,14:24:18,4.62,-0.01,26,12012,卖盘
346,14:24:12,4.63,0.01,236,109268,买盘
347,14:24:09,4.62,0.01,386,178683,买盘
348,14:24:06,4.61,--,110,50710,卖盘
349,14:24:03,4.61,-0.01,220,101420,卖盘
350,14:24:00,4.62,--,9,4158,买盘
351,14:23:57,4.62,0.01,60,27720,买盘
352,14:23:54,4.61,--,16,7376,卖盘
353,14:23:51,4.61,--,12,5532,卖盘
354,14:23:48,4.61,--,102,47022,卖盘
355,14:23:45,4.61,-0.01,16,7376,卖盘
356,14:23:42,4.62,0.01,69,31878,买盘
357,14:23:39,4.61,--,982,452702,卖盘
358,14:23:36,4.61,-0.01,10,4610,卖盘
359,14:23:33,4.62,--,795,367400,卖盘
360,14:23:30,4.62,--,327,151074,卖盘
361,14:23:27,4.62,--,500,231000,卖盘
362,14:23:24,4.62,--,52,24024,卖盘
363,14:23:21,4.62,-0.01,428,197736,卖盘
364,14:23:15,4.63,--,84,38892,卖盘
365,14:23:12,4.63,--,1936,896368,卖盘
366,14:23:09,4.63,--,4,1852,卖盘
367,14:23:06,4.63,--,45,20835,卖盘
368,14:23:03,4.63,--,319,147697,卖盘
369,14:22:57,4.63,--,276,127788,卖盘
370,14:22:54,4.63,-0.01,7,3241,卖盘
371,14:22:45,4.64,--,50,23200,买盘
372,14:22:39,4.64,--,1470,682080,卖盘
373,14:22:30,4.64,--,665,308560,卖盘
374,14:22:27,4.64,--,36,16704,卖盘
375,14:22:24,4.64,--,156,72384,卖盘
376,14:22:21,4.64,--,6,2784,卖盘
377,14:22:18,4.64,--,128,59391,卖盘
378,14:22:15,4.64,--,147,68208,卖盘
379,14:22:12,4.64,--,18,8352,卖盘
380,14:22:09,4.64,-0.01,50,23200,卖盘
381,14:22:06,4.65,0.01,8,3720,买盘
382,14:22:03,4.64,-0.01,2,927,卖盘
383,14:22:00,4.65,0.01,228,106020,买盘
384,14:21:57,4.64,--,23,10672,卖盘
385,14:21:54,4.64,--,72,33408,卖盘
386,14:21:45,4.64,--,327,151728,卖盘
387,14:21:39,4.64,--,300,139200,卖盘
388,14:21:36,4.64,--,31,14383,卖盘
389,14:21:33,4.64,-0.01,158,73312,卖盘
390,14:21:30,4.65,0.01,20,9300,买盘
391,14:21:27,4.64,--,60,27839,卖盘
392,14:21:24,4.64,--,2,927,卖盘
393,14:21:21,4.64,--,10,4640,卖盘
394,14:21:12,4.64,--,1,463,卖盘
395,14:21:09,4.64,--,150,69600,卖盘
396,14:21:06,4.64,--,10,4640,卖盘
397,14:21:00,4.64,--,21,9744,卖盘
398,14:20:54,4.64,-0.01,1,463,卖盘
399,14:20:51,4.65,--,6,2790,买盘
400,14:20:48,4.65,0.01,4,1860,买盘
401,14:20:45,4.64,--,390,180960,卖盘
402,14:20:36,4.64,--,34,15775,卖盘
403,14:20:30,4.64,-0.01,20,9280,卖盘
404,14:20:06,4.65,--,163,75795,卖盘
405,14:20:03,4.65,-0.01,57,26505,卖盘
406,14:19:57,4.66,0.01,1,466,买盘
407,14:19:54,4.65,-0.01,150,69750,卖盘
408,14:19:51,4.66,0.01,30,13980,买盘
409,14:19:48,4.65,--,8,3720,卖盘
410,14:19:42,4.65,-0.01,213,99045,卖盘
411,14:19:36,4.66,0.01,1,466,买盘
412,14:19:33,4.65,--,58,26970,卖盘
413,14:19:30,4.65,--,20,9300,卖盘
414,14:19:27,4.65,--,241,112065,卖盘
415,14:19:21,4.65,--,71,33015,卖盘
416,14:19:18,4.65,--,30,13950,卖盘
417,14:19:15,4.65,--,189,87885,卖盘
418,14:19:12,4.65,-0.01,20,9300,卖盘
419,14:19:09,4.66,0.01,100,46600,买盘
420,14:18:51,4.65,--,23,10695,卖盘
421,14:18:45,4.65,--,50,23250,卖盘
422,14:18:36,4.65,--,7,3255,卖盘
423,14:18:30,4.65,--,100,46500,卖盘
424,14:18:15,4.65,--,51,23715,卖盘
425,14:18:12,4.65,0.01,162,75330,买盘
426,14:17:57,4.64,--,18,8352,卖盘
427,14:17:48,4.64,-0.01,50,23200,卖盘
428,14:17:18,4.65,--,172,79980,卖盘
429,14:17:12,4.65,--,34,15810,卖盘
430,14:16:51,4.65,0.01,928,431520,买盘
431,14:16:39,4.64,--,512,237567,买盘
432,14:16:33,4.64,--,2,927,买盘
433,14:16:27,4.64,--,198,91872,卖盘
434,14:16:21,4.64,--,3,1392,卖盘
435,14:16:09,4.64,--,26,12064,卖盘
436,14:15:51,4.64,--,16,7423,卖盘
437,14:15:39,4.64,-0.01,10,4640,卖盘
438,14:15:30,4.65,0.01,514,239010,买盘
439,14:15:03,4.64,--,200,92800,卖盘
440,14:14:54,4.64,-0.01,28,12992,卖盘
441,14:14:51,4.65,0.01,25,11625,买盘
442,14:14:30,4.64,--,2,927,卖盘
443,14:14:24,4.64,0.01,628,291392,买盘
444,14:14:03,4.63,--,85,39355,买盘
445,14:14:00,4.63,--,21,9723,买盘
446,14:13:57,4.63,--,96,44448,买盘
447,14:13:54,4.63,0.01,20,9260,买盘
448,14:13:39,4.62,-0.01,59,27258,卖盘
449,14:13:36,4.63,--,5,2315,买盘
450,14:13:33,4.63,--,50,23150,买盘
451,14:13:27,4.63,0.01,10,4630,卖盘
452,14:13:18,4.62,-0.02,5,2310,卖盘
453,14:13:09,4.64,0.02,115,53359,买盘
454,14:13:03,4.62,-0.02,15,6930,卖盘
455,14:13:00,4.64,0.02,50,23200,中性盘
456,14:12:48,4.62,-0.03,6164,2848096,卖盘
457,14:12:33,4.65,--,1,465,买盘
458,14:12:30,4.65,0.01,38,17670,买盘
459,14:12:24,4.64,-0.01,26,12064,卖盘
460,14:12:21,4.65,0.01,30,13950,买盘
461,14:12:15,4.64,-0.01,100,46400,卖盘
462,14:12:12,4.65,--,1,465,买盘
463,14:12:03,4.65,--,10,4650,买盘
464,14:11:54,4.65,--,120,55800,卖盘
465,14:11:39,4.65,-0.01,822,382230,卖盘
466,14:11:18,4.66,0.01,16,7456,买盘
467,14:11:06,4.65,--,10,4650,卖盘
468,14:11:00,4.65,--,20,9300,卖盘
469,14:10:24,4.65,--,83,38595,卖盘
470,14:10:21,4.65,--,410,190650,卖盘
471,14:10:15,4.65,--,26,12090,卖盘
472,14:10:12,4.65,--,80,37200,卖盘
473,14:10:09,4.65,--,25,11625,卖盘
474,14:10:00,4.65,--,4,1860,卖盘
475,14:09:54,4.65,--,10,4650,卖盘
476,14:09:42,4.65,-0.01,3,1395,卖盘
477,14:09:36,4.66,--,10,4660,买盘
478,14:09:06,4.66,--,90,41940,卖盘
479,14:09:00,4.66,--,40,18640,卖盘
480,14:08:45,4.66,-0.01,150,69900,卖盘
481,14:08:39,4.67,0.01,2,934,买盘
482,14:08:36,4.66,--,2,932,买盘
483,14:08:30,4.66,--,198,92268,卖盘
484,14:08:27,4.66,--,195,90870,买盘
485,14:08:18,4.66,--,2,932,买盘
486,14:08:15,4.66,--,50,23300,买盘
487,14:08:12,4.66,--,2,932,买盘
488,14:08:00,4.66,0.01,64,29824,买盘
489,14:07:57,4.65,-0.01,8,3720,卖盘
490,14:07:39,4.66,--,10,4660,买盘
491,14:07:06,4.66,0.01,8,3728,买盘
492,14:06:57,4.65,-0.01,5,2325,卖盘
493,14:06:48,4.66,--,11,5126,买盘
494,14:06:36,4.66,--,42,19572,买盘
495,14:05:51,4.66,--,30,13980,买盘
496,14:05:39,4.66,--,5,2330,买盘
497,14:05:36,4.66,0.01,20,9320,买盘
498,14:05:30,4.65,-0.01,67,31155,卖盘
499,14:05:21,4.66,--,20,9320,买盘
500,14:05:03,4.66,--,10,4660,买盘
501,14:04:39,4.66,--,81,37746,买盘
502,14:04:15,4.66,--,66,30756,卖盘
503,14:03:33,4.66,--,6,2796,买盘
504,14:03:30,4.66,0.01,1000,466000,买盘
505,14:02:42,4.65,--,30,13950,卖盘
506,14:02:30,4.65,-0.01,120,55800,卖盘
507,14:02:24,4.66,0.01,5,2330,买盘
508,14:02:15,4.65,--,17,7905,卖盘
509,14:01:27,4.65,-0.01,1,465,卖盘
510,14:01:12,4.66,--,9,4194,买盘
511,14:00:57,4.66,-0.01,534,248844,卖盘
512,14:00:54,4.67,--,2,934,买盘
513,13:59:27,4.67,--,66,30822,买盘
514,13:59:06,4.67,0.01,33,15411,买盘
515,13:58:51,4.66,--,9,4194,卖盘
516,13:58:33,4.66,--,10,4660,卖盘
517,13:58:09,4.66,--,485,226010,买盘
518,13:58:03,4.66,--,10,4660,买盘
519,13:57:54,4.66,--,24,11184,买盘
520,13:57:51,4.66,0.01,100,46600,买盘
521,13:57:48,4.65,-0.01,1,465,卖盘
522,13:57:36,4.66,--,10,4660,买盘
523,13:57:27,4.66,--,3,1398,买盘
524,13:56:24,4.66,0.01,1,466,买盘
525,13:55:48,4.65,--,2,930,卖盘
526,13:55:39,4.65,--,36,16740,卖盘
527,13:55:36,4.65,--,2,930,卖盘
528,13:55:33,4.65,--,80,37200,卖盘
529,13:55:15,4.65,--,15,6975,卖盘
530,13:54:24,4.65,-0.01,123,57195,卖盘
531,13:54:18,4.66,0.01,262,122092,中性盘
532,13:54:12,4.65,-0.01,52,24180,卖盘
533,13:53:54,4.66,0.01,62,28892,买盘
534,13:53:51,4.65,-0.01,20,9300,卖盘
535,13:53:33,4.66,--,506,235796,卖盘
536,13:53:27,4.66,--,5,2330,卖盘
537,13:53:18,4.66,--,103,47998,卖盘
538,13:53:12,4.66,--,300,139800,卖盘
539,13:53:09,4.66,--,2,932,卖盘
540,13:53:03,4.66,--,2,932,卖盘
541,13:52:51,4.66,--,383,178478,买盘
542,13:52:45,4.66,--,2,932,买盘
543,13:52:24,4.66,0.01,2,932,买盘
544,13:52:21,4.65,-0.01,43,19995,卖盘
545,13:52:18,4.66,--,1,466,卖盘
546,13:52:15,4.66,--,274,127684,买盘
547,13:52:09,4.66,--,7,3262,买盘
548,13:52:03,4.66,--,3,1398,买盘
549,13:52:00,4.66,--,19,8854,买盘
550,13:51:51,4.66,--,1,466,买盘
551,13:51:45,4.66,--,6,2796,买盘
552,13:51:42,4.66,--,10,4660,买盘
553,13:51:39,4.66,--,200,93200,买盘
554,13:51:27,4.66,--,19,8854,买盘
555,13:51:09,4.66,--,100,46600,买盘
556,13:51:00,4.66,0.01,21,9786,买盘
557,13:50:36,4.65,-0.01,17,7905,卖盘
558,13:50:33,4.66,--,100,46600,买盘
559,13:50:24,4.66,0.01,30,13980,买盘
560,13:50:00,4.65,-0.01,29,13485,卖盘
561,13:49:57,4.66,0.01,5,2330,买盘
562,13:49:48,4.65,-0.01,20,9300,卖盘
563,13:49:24,4.66,--,46,21436,买盘
564,13:49:21,4.66,--,20,9320,买盘
565,13:49:18,4.66,0.01,10,4660,买盘
566,13:49:15,4.65,-0.01,15,6975,卖盘
567,13:49:06,4.66,0.01,20,9320,买盘
568,13:48:54,4.65,-0.01,4,1860,卖盘
569,13:48:48,4.66,0.01,20,9320,买盘
570,13:47:45,4.65,-0.01,50,23250,卖盘
571,13:47:09,4.66,--,1,466,买盘
572,13:47:03,4.66,--,23,10718,买盘
573,13:46:54,4.66,--,20,9320,买盘
574,13:46:42,4.66,--,16,7456,买盘
575,13:46:39,4.66,--,25,11650,买盘
576,13:46:21,4.66,--,16,7456,买盘
577,13:45:21,4.66,0.01,5,2330,买盘
578,13:45:15,4.65,-0.01,20,9300,卖盘
579,13:44:57,4.66,--,25,11650,买盘
580,13:44:54,4.66,--,2,932,买盘
581,13:44:51,4.66,--,5,2330,买盘
582,13:44:42,4.66,--,108,50328,买盘
583,13:44:21,4.66,--,20,9320,买盘
584,13:44:18,4.66,--,4,1864,买盘
585,13:44:06,4.66,--,1,466,买盘
586,13:44:03,4.66,--,5,2330,买盘
587,13:44:00,4.66,--,48,22368,卖盘
588,13:43:45,4.66,--,6,2796,卖盘
589,13:43:33,4.66,--,15,6990,买盘
590,13:43:15,4.66,--,20,9320,买盘
591,13:43:03,4.66,--,4,1864,买盘
592,13:42:54,4.66,0.01,5,2330,买盘
593,13:42:45,4.65,--,10,4650,卖盘
594,13:42:18,4.65,--,1,465,卖盘
595,13:42:15,4.65,--,4,1860,买盘
596,13:42:06,4.65,0.01,10,4650,买盘
597,13:42:03,4.64,--,42,19488,卖盘
598,13:41:54,4.64,--,32,14847,卖盘
599,13:41:51,4.64,--,494,229215,卖盘
600,13:41:39,4.64,--,671,311367,买盘
601,13:41:30,4.64,--,141,65423,买盘
602,13:41:27,4.64,--,246,114143,买盘
603,13:41:24,4.64,-0.02,3675,1705640,卖盘
604,13:41:21,4.66,0.01,55,25630,买盘
605,13:41:12,4.65,-0.01,139,64635,卖盘
606,13:41:06,4.66,0.01,37,17242,买盘
607,13:40:51,4.65,--,10,4650,卖盘
608,13:40:39,4.65,-0.01,1,465,卖盘
609,13:40:33,4.66,--,6,2796,买盘
610,13:40:27,4.66,0.01,65,30290,中性盘
611,13:40:18,4.65,-0.02,454,211110,卖盘
612,13:40:12,4.67,0.01,230,107410,买盘
613,13:40:00,4.66,--,90,41940,卖盘
614,13:39:39,4.66,-0.01,107,49862,卖盘
615,13:39:36,4.67,0.01,10,4670,买盘
616,13:39:30,4.66,-0.01,113,52658,卖盘
617,13:39:24,4.67,--,1,467,买盘
618,13:39:18,4.67,--,3,1401,买盘
619,13:39:09,4.67,--,5,2335,买盘
620,13:38:48,4.67,--,54,25218,买盘
621,13:38:45,4.67,--,31,14477,买盘
622,13:38:12,4.67,--,50,23350,买盘
623,13:37:42,4.67,--,10,4670,买盘
624,13:37:39,4.67,--,2,934,买盘
625,13:37:27,4.67,--,20,9340,买盘
626,13:37:21,4.67,--,10,4670,买盘
627,13:37:09,4.67,--,10,4670,买盘
628,13:37:06,4.67,--,1,467,买盘
629,13:37:03,4.67,--,96,44832,买盘
630,13:36:57,4.67,0.01,150,70050,买盘
631,13:36:54,4.66,-0.01,5,2330,卖盘
632,13:36:48,4.67,0.01,30,14010,买盘
633,13:36:39,4.66,--,3,1398,买盘
634,13:36:30,4.66,--,620,288920,买盘
635,13:36:27,4.66,0.01,127,59182,买盘
636,13:36:12,4.65,--,109,50685,卖盘
637,13:36:03,4.65,--,172,79980,买盘
638,13:36:00,4.65,--,18,8370,买盘
639,13:35:51,4.65,--,15,6975,买盘
640,13:35:48,4.65,--,174,80910,卖盘
641,13:35:45,4.65,--,336,156240,买盘
642,13:35:42,4.65,--,55,25575,买盘
643,13:35:39,4.65,--,233,108345,买盘
644,13:35:36,4.65,--,30,13950,买盘
645,13:35:33,4.65,0.01,20,9300,买盘
646,13:35:27,4.64,--,40,18560,卖盘
647,13:35:21,4.64,-0.01,158,73312,卖盘
648,13:35:18,4.65,--,67,31155,买盘
649,13:35:09,4.65,0.01,2,930,买盘
650,13:35:06,4.64,-0.01,7,3248,卖盘
651,13:35:03,4.65,0.01,127,59055,买盘
652,13:34:48,4.64,--,1,463,卖盘
653,13:34:45,4.64,-0.01,8,3711,卖盘
654,13:34:27,4.65,0.01,600,279000,买盘
655,13:34:24,4.64,--,10,4640,卖盘
656,13:34:09,4.64,--,20,9280,卖盘
657,13:34:06,4.64,--,30,13919,卖盘
658,13:34:00,4.64,--,28,12992,卖盘
659,13:33:54,4.64,--,60,27839,卖盘
660,13:33:39,4.64,--,600,278400,卖盘
661,13:33:36,4.64,-0.01,50,23200,卖盘
662,13:32:39,4.65,0.01,2,930,买盘
663,13:32:36,4.64,-0.01,55,25520,卖盘
664,13:32:33,4.65,--,25,11625,买盘
665,13:32:30,4.65,--,5,2325,买盘
666,13:32:27,4.65,0.01,5,2325,买盘
667,13:32:21,4.64,--,590,273760,卖盘
668,13:32:15,4.64,--,148,68672,卖盘
669,13:32:12,4.64,--,619,287216,卖盘
670,13:32:00,4.64,--,16,7423,卖盘
671,13:31:12,4.64,--,18,8352,卖盘
672,13:31:00,4.64,-0.01,50,23200,卖盘
673,13:30:42,4.65,0.01,5,2325,买盘
674,13:30:39,4.64,--,6,2784,卖盘
675,13:30:24,4.64,-0.01,30,13919,卖盘
676,13:30:18,4.65,0.01,24,11160,买盘
677,13:30:06,4.64,-0.01,1,463,卖盘
678,13:30:03,4.65,--,100,46500,买盘
679,13:29:45,4.65,--,18,8370,卖盘
680,13:29:42,4.65,--,22,10230,卖盘
681,13:29:33,4.65,--,176,81840,买盘
682,13:29:30,4.65,0.01,72,33480,买盘
683,13:29:21,4.64,-0.01,1,463,卖盘
684,13:29:15,4.65,--,31,14415,买盘
685,13:28:51,4.65,--,30,13950,买盘
686,13:28:48,4.65,--,2,930,买盘
687,13:28:42,4.65,--,100,46500,买盘
688,13:28:39,4.65,--,5,2325,买盘
689,13:28:33,4.65,--,10,4650,买盘
690,13:28:03,4.65,--,40,18600,买盘
691,13:28:00,4.65,--,5,2325,买盘
692,13:27:54,4.65,0.01,68,31620,买盘
693,13:27:42,4.64,--,1,463,卖盘
694,13:27:27,4.64,-0.01,50,23200,卖盘
695,13:27:21,4.65,0.01,19,8835,买盘
696,13:27:12,4.64,--,38,17632,卖盘
697,13:27:09,4.64,-0.01,5,2320,卖盘
698,13:26:51,4.65,--,100,46500,买盘
699,13:26:03,4.65,0.01,30,13950,买盘
700,13:25:57,4.64,--,76,35264,卖盘
701,13:25:51,4.64,-0.01,20,9280,卖盘
702,13:25:03,4.65,-0.01,380,176700,卖盘
703,13:25:00,4.66,0.01,1,466,买盘
704,13:24:36,4.65,--,18,8370,卖盘
705,13:24:33,4.65,--,600,279000,卖盘
706,13:24:21,4.65,--,7,3255,卖盘
707,13:24:12,4.65,--,5,2325,卖盘
708,13:23:57,4.65,-0.01,46,21390,卖盘
709,13:23:51,4.66,--,13,6058,买盘
710,13:23:12,4.66,--,11,5126,买盘
711,13:22:45,4.66,0.01,10,4660,买盘
712,13:22:30,4.65,-0.01,4,1860,卖盘
713,13:22:24,4.66,0.01,2,932,买盘
714,13:22:09,4.65,-0.01,4,1860,卖盘
715,13:22:03,4.66,0.01,39,18174,买盘
716,13:22:00,4.65,-0.01,63,29295,卖盘
717,13:21:57,4.66,--,5,2330,买盘
718,13:21:51,4.66,--,20,9320,买盘
719,13:21:48,4.66,0.01,5,2330,买盘
720,13:21:45,4.65,--,567,263655,卖盘
721,13:21:42,4.65,-0.01,20,9300,卖盘
722,13:21:39,4.66,--,13,6058,买盘
723,13:21:21,4.66,--,20,9320,买盘
724,13:21:12,4.66,--,5,2330,买盘
725,13:21:09,4.66,--,57,26562,卖盘
726,13:20:45,4.66,-0.01,300,139800,卖盘
727,13:20:42,4.67,--,9,4203,买盘
728,13:20:39,4.67,--,4,1868,买盘
729,13:20:36,4.67,--,5,2335,买盘
730,13:20:33,4.67,--,2,934,买盘
731,13:20:27,4.67,--,1000,467000,买盘
732,13:20:15,4.67,--,5,2335,买盘
733,13:20:12,4.67,0.01,100,46700,买盘
734,13:19:33,4.66,--,3,1398,卖盘
735,13:19:30,4.66,--,1,466,卖盘
736,13:19:24,4.66,--,6,2796,卖盘
737,13:18:57,4.66,--,257,119762,买盘
738,13:18:54,4.66,--,10,4660,买盘
739,13:18:48,4.66,--,100,46600,买盘
740,13:18:42,4.66,--,70,32620,买盘
741,13:18:30,4.66,--,37,17242,买盘
742,13:18:09,4.66,--,21,9786,买盘
743,13:18:06,4.66,0.01,22,10252,买盘
744,13:17:54,4.65,-0.01,33,15345,卖盘
745,13:17:36,4.66,0.01,20,9320,买盘
746,13:17:27,4.65,--,37,17205,卖盘
747,13:17:18,4.65,--,254,118110,卖盘
748,13:17:12,4.65,--,17,7905,卖盘
749,13:16:57,4.65,-0.01,43,19995,卖盘
750,13:16:54,4.66,--,30,13980,买盘
751,13:16:36,4.66,0.01,6,2796,买盘
752,13:16:30,4.65,-0.01,2,930,卖盘
753,13:16:12,4.66,0.01,150,69900,买盘
754,13:16:09,4.65,-0.01,4,1860,卖盘
755,13:15:42,4.66,--,5,2330,买盘
756,13:15:36,4.66,--,5,2330,买盘
757,13:15:24,4.66,--,141,65706,买盘
758,13:14:51,4.66,0.01,2,932,买盘
759,13:14:45,4.65,--,135,62775,卖盘
760,13:14:30,4.65,--,26,12090,卖盘
761,13:14:24,4.65,--,419,194835,买盘
762,13:14:18,4.65,--,3,1395,买盘
763,13:14:15,4.65,0.01,7,3255,买盘
764,13:14:03,4.64,--,25,11600,卖盘
765,13:13:57,4.64,-0.01,48,22272,卖盘
766,13:13:54,4.65,0.01,302,140430,买盘
767,13:13:45,4.64,--,85,39440,卖盘
768,13:13:39,4.64,--,19,8816,卖盘
769,13:13:33,4.64,-0.01,10,4640,卖盘
770,13:13:27,4.65,0.01,85,39525,买盘
771,13:13:12,4.64,-0.01,106,49184,卖盘
772,13:12:54,4.65,--,100,46500,买盘
773,13:12:45,4.65,--,10,4650,买盘
774,13:12:42,4.65,--,5,2325,买盘
775,13:12:36,4.65,--,20,9300,买盘
776,13:12:27,4.65,--,10,4650,买盘
777,13:11:57,4.65,--,120,55800,买盘
778,13:11:48,4.65,--,3,1395,买盘
779,13:11:42,4.65,--,51,23715,买盘
780,13:11:36,4.65,--,35,16275,买盘
781,13:11:33,4.65,0.01,1,465,买盘
782,13:11:30,4.64,-0.01,30,13919,卖盘
783,13:11:27,4.65,--,20,9300,买盘
784,13:11:12,4.65,--,1,465,买盘
785,13:11:09,4.65,--,16,7440,买盘
786,13:10:51,4.65,-0.01,64,29760,卖盘
787,13:10:15,4.66,0.01,1,466,买盘
788,13:10:00,4.65,--,49,22785,卖盘
789,13:09:45,4.65,--,52,24180,卖盘
790,13:09:27,4.65,--,184,85560,卖盘
791,13:09:21,4.65,--,57,26505,卖盘
792,13:09:09,4.65,--,6,2790,卖盘
793,13:09:00,4.65,--,230,106950,买盘
794,13:08:36,4.65,--,2,930,买盘
795,13:08:15,4.65,--,1,465,买盘
796,13:08:09,4.65,0.01,70,32550,买盘
797,13:08:06,4.64,--,48,22272,卖盘
798,13:08:03,4.64,--,100,46400,卖盘
799,13:08:00,4.64,--,10,4640,卖盘
800,13:07:42,4.64,--,10,4640,卖盘
801,13:07:39,4.64,-0.01,104,48256,卖盘
802,13:07:03,4.65,--,2,930,买盘
803,13:06:54,4.65,--,3,1395,买盘
804,13:06:51,4.65,--,4,1860,买盘
805,13:06:48,4.65,--,124,57660,卖盘
806,13:06:30,4.65,--,48,22320,卖盘
807,13:06:24,4.65,--,10,4650,卖盘
808,13:06:18,4.65,--,18,8370,买盘
809,13:06:12,4.65,--,260,120900,卖盘
810,13:05:48,4.65,--,19,8835,卖盘
811,13:05:36,4.65,-0.01,4,1860,卖盘
812,13:05:21,4.66,0.01,1,466,买盘
813,13:04:54,4.65,--,15,6975,卖盘
814,13:04:39,4.65,--,5,2325,卖盘
815,13:04:36,4.65,--,2,930,卖盘
816,13:04:30,4.65,--,20,9300,卖盘
817,13:04:27,4.65,-0.01,1,465,卖盘
818,13:04:12,4.66,--,5,2330,买盘
819,13:03:57,4.66,--,1,466,买盘
820,13:03:48,4.66,0.01,1,466,买盘
821,13:03:33,4.65,-0.01,100,46500,卖盘
822,13:03:21,4.66,0.01,1,466,买盘
823,13:03:09,4.65,--,10,4650,卖盘
824,13:02:12,4.65,--,80,37200,卖盘
825,13:02:09,4.65,--,20,9300,卖盘
826,13:01:42,4.65,--,78,36270,卖盘
827,13:01:18,4.65,--,8,3720,卖盘
828,13:01:09,4.65,--,409,190185,卖盘
829,13:01:06,4.65,--,10,4650,卖盘
830,13:01:00,4.65,--,40,18600,卖盘
831,13:00:36,4.65,-0.01,23,10695,卖盘
832,13:00:24,4.66,--,51,23766,买盘
833,13:00:15,4.66,0.01,1,466,买盘
834,13:00:12,4.65,--,10,4650,卖盘
835,13:00:09,4.65,--,57,26505,卖盘
836,13:00:06,4.65,-0.01,309,143685,卖盘
837,13:00:03,4.66,0.01,348,162168,买盘
838,13:00:00,4.65,-0.01,20,9300,卖盘
839,11:30:00,4.66,--,0,0,买盘
840,11:29:51,4.66,--,53,24698,买盘
841,11:29:39,4.66,0.01,5,2330,买盘
842,11:29:27,4.65,--,55,25575,卖盘
843,11:29:12,4.65,-0.01,10,4650,卖盘
844,11:29:00,4.66,0.01,265,123490,买盘
845,11:28:33,4.65,-0.01,100,46500,卖盘
846,11:28:15,4.66,0.01,21,9786,买盘
847,11:28:00,4.65,--,100,46500,卖盘
848,11:27:54,4.65,-0.01,160,74400,卖盘
849,11:27:51,4.66,0.01,3,1398,买盘
850,11:27:33,4.65,--,3,1395,卖盘
851,11:27:18,4.65,-0.01,25,11625,卖盘
852,11:27:06,4.66,0.01,34,15844,买盘
853,11:27:00,4.65,-0.01,5,2325,卖盘
854,11:26:57,4.66,0.01,50,23300,买盘
855,11:26:48,4.65,-0.01,8,3720,卖盘
856,11:26:42,4.66,--,119,55454,买盘
857,11:26:39,4.66,0.01,10,4660,买盘
858,11:26:33,4.65,--,3,1395,卖盘
859,11:26:18,4.65,--,4,1860,卖盘
860,11:26:15,4.65,-0.01,239,111135,卖盘
861,11:26:03,4.66,--,19,8854,买盘
862,11:25:33,4.66,--,10,4660,买盘
863,11:25:27,4.66,--,20,9320,买盘
864,11:25:18,4.66,0.01,51,23766,买盘
865,11:25:12,4.65,--,6,2790,卖盘
866,11:25:09,4.65,--,33,15345,卖盘
867,11:24:48,4.65,--,2,930,卖盘
868,11:24:30,4.65,--,10,4650,卖盘
869,11:24:15,4.65,-0.01,89,41385,卖盘
870,11:24:03,4.66,0.01,8,3728,买盘
871,11:24:00,4.65,-0.01,98,45570,卖盘
872,11:23:51,4.66,0.01,1,466,买盘
873,11:23:48,4.65,--,2,930,卖盘
874,11:23:42,4.65,--,5,2325,卖盘
875,11:23:21,4.65,--,2,930,卖盘
876,11:23:15,4.65,-0.01,6,2790,卖盘
877,11:23:12,4.66,--,3,1398,买盘
878,11:22:48,4.66,--,20,9320,买盘
879,11:22:24,4.66,--,5,2330,买盘
880,11:22:21,4.66,0.01,1,466,买盘
881,11:22:00,4.65,--,200,93000,卖盘
882,11:21:54,4.65,--,18,8370,买盘
883,11:21:36,4.65,--,1,465,买盘
884,11:21:33,4.65,--,5,2325,买盘
885,11:21:21,4.65,-0.01,16,7440,中性盘
886,11:21:15,4.66,0.02,200,93200,买盘
887,11:21:06,4.64,-0.02,1000,463999,卖盘
888,11:21:03,4.66,0.01,51,23766,买盘
889,11:20:36,4.65,-0.01,7,3255,卖盘
890,11:20:33,4.66,0.01,7,3262,买盘
891,11:20:18,4.65,--,23,10695,卖盘
892,11:20:12,4.65,-0.01,30,13950,卖盘
893,11:20:09,4.66,--,100,46600,买盘
894,11:19:54,4.66,0.01,66,30756,买盘
895,11:19:36,4.65,-0.01,10,4650,卖盘
896,11:19:30,4.66,--,9,4194,买盘
897,11:19:27,4.66,0.01,100,46600,买盘
898,11:19:24,4.65,-0.01,100,46500,卖盘
899,11:19:12,4.66,0.01,14,6524,买盘
900,11:19:03,4.65,--,64,29760,卖盘
901,11:18:51,4.65,--,77,35805,卖盘
902,11:18:45,4.65,--,52,24180,卖盘
903,11:18:42,4.65,-0.01,6,2790,卖盘
904,11:18:36,4.66,0.01,2,932,买盘
905,11:18:30,4.65,--,18,8370,卖盘
906,11:18:27,4.65,--,10,4650,卖盘
907,11:18:24,4.65,--,11,5115,卖盘
908,11:18:15,4.65,--,10,4650,卖盘
909,11:17:48,4.65,-0.01,10,4650,卖盘
910,11:17:33,4.66,--,11,5126,买盘
911,11:17:24,4.66,0.01,5,2330,买盘
912,11:17:15,4.65,--,19,8835,卖盘
913,11:17:12,4.65,--,7,3255,卖盘
914,11:16:48,4.65,-0.01,14,6510,卖盘
915,11:16:45,4.66,0.01,5,2330,买盘
916,11:16:30,4.65,--,3,1395,卖盘
917,11:16:15,4.65,--,2,930,卖盘
918,11:16:12,4.65,-0.01,2,930,卖盘
919,11:16:09,4.66,--,1,466,买盘
920,11:16:06,4.66,--,16,7456,买盘
921,11:15:42,4.66,--,3,1398,买盘
922,11:15:24,4.66,0.01,1,466,买盘
923,11:15:21,4.65,--,11,5115,卖盘
924,11:15:06,4.65,--,3,1395,卖盘
925,11:15:03,4.65,--,28,13020,卖盘
926,11:14:57,4.65,--,25,11625,卖盘
927,11:14:54,4.65,--,6,2790,卖盘
928,11:14:42,4.65,--,10,4650,卖盘
929,11:14:27,4.65,--,40,18600,卖盘
930,11:14:21,4.65,--,40,18600,卖盘
931,11:14:15,4.65,--,12,5580,卖盘
932,11:14:06,4.65,--,295,137175,卖盘
933,11:14:00,4.65,--,2,930,卖盘
934,11:13:54,4.65,-0.01,6,2790,卖盘
935,11:13:51,4.66,0.01,20,9320,买盘
936,11:13:36,4.65,--,23,10695,卖盘
937,11:13:30,4.65,--,500,232500,卖盘
938,11:13:27,4.65,--,40,18600,卖盘
939,11:13:18,4.65,--,5,2325,卖盘
940,11:13:09,4.65,--,200,93000,卖盘
941,11:13:00,4.65,-0.01,49,22785,卖盘
942,11:12:45,4.66,0.01,2,932,买盘
943,11:12:39,4.65,--,220,102300,卖盘
944,11:12:36,4.65,--,15,6975,卖盘
945,11:12:33,4.65,-0.01,123,57195,卖盘
946,11:12:30,4.66,0.01,20,9320,买盘
947,11:12:27,4.65,--,10,4650,卖盘
948,11:12:24,4.65,--,20,9300,卖盘
949,11:12:15,4.65,--,20,9300,卖盘
950,11:12:09,4.65,--,22,10230,卖盘
951,11:12:06,4.65,--,2,930,卖盘
952,11:12:00,4.65,--,100,46500,卖盘
953,11:11:57,4.65,--,25,11625,卖盘
954,11:11:51,4.65,-0.01,1,465,卖盘
955,11:11:45,4.66,--,26,12116,买盘
956,11:11:42,4.66,0.01,1,466,买盘
957,11:11:36,4.65,-0.01,115,53475,卖盘
958,11:11:33,4.66,--,55,25630,买盘
959,11:11:27,4.66,0.01,394,183604,买盘
960,11:11:24,4.65,--,20,9300,卖盘
961,11:11:21,4.65,--,16,7440,卖盘
962,11:11:15,4.65,--,10,4650,卖盘
963,11:11:12,4.65,--,103,47895,卖盘
964,11:11:09,4.65,--,5,2325,卖盘
965,11:11:03,4.65,--,4,1860,卖盘
966,11:11:00,4.65,--,133,61845,卖盘
967,11:10:57,4.65,0.01,7,3255,中性盘
968,11:10:48,4.64,-0.01,1117,518287,卖盘
969,11:10:45,4.65,--,101,46965,卖盘
970,11:10:42,4.65,--,3,1395,卖盘
971,11:10:36,4.65,--,55,25575,卖盘
972,11:10:33,4.65,--,682,317130,卖盘
973,11:10:30,4.65,--,14,6510,卖盘
974,11:10:27,4.65,--,20,9300,卖盘
975,11:10:21,4.65,0.01,226,105113,买盘
976,11:10:18,4.64,--,30,13919,卖盘
977,11:10:09,4.64,--,104,48256,卖盘
978,11:10:06,4.64,--,206,95584,卖盘
979,11:10:00,4.64,--,5,2320,卖盘
980,11:09:57,4.64,--,10,4640,卖盘
981,11:09:51,4.64,-0.01,3,1392,卖盘
982,11:09:45,4.65,--,50,23250,买盘
983,11:09:42,4.65,0.01,5,2325,买盘
984,11:09:39,4.64,--,1,463,卖盘
985,11:09:36,4.64,--,3,1392,卖盘
986,11:09:33,4.64,--,186,86304,卖盘
987,11:09:30,4.64,-0.01,28,12992,卖盘
988,11:09:27,4.65,--,112,52080,买盘
989,11:09:18,4.65,0.01,5,2325,买盘
990,11:09:15,4.64,-0.01,194,90016,卖盘
991,11:09:06,4.65,--,13,6045,买盘
992,11:09:03,4.65,--,30,14391,卖盘
993,11:09:00,4.65,--,15,6975,卖盘
994,11:08:57,4.65,-0.01,120,55800,卖盘
995,11:08:54,4.66,0.01,110,51260,买盘
996,11:08:51,4.65,--,32,14880,卖盘
997,11:08:42,4.65,--,447,207864,卖盘
998,11:08:39,4.65,--,177,82305,卖盘
999,11:08:27,4.65,-0.01,2039,948153,卖盘
1000,11:08:24,4.66,0.01,100,46600,买盘
1001,11:08:21,4.65,--,9,4185,卖盘
1002,11:08:18,4.65,-0.01,5,2325,卖盘
1003,11:08:09,4.66,0.01,2,932,买盘
1004,11:08:00,4.65,-0.01,172,79980,卖盘
1005,11:07:57,4.66,--,40,18640,卖盘
1006,11:07:54,4.66,0.01,97,45202,买盘
1007,11:07:51,4.65,--,4,1860,卖盘
1008,11:07:48,4.65,-0.01,2,930,卖盘
1009,11:07:45,4.66,0.01,30,13980,买盘
1010,11:07:42,4.65,--,1,465,卖盘
1011,11:07:39,4.65,-0.01,10,4650,卖盘
1012,11:07:36,4.66,0.01,20,9320,买盘
1013,11:07:33,4.65,--,25,11625,卖盘
1014,11:07:30,4.65,--,160,74400,卖盘
1015,11:07:24,4.65,--,59,27435,卖盘
1016,11:07:18,4.65,--,50,23250,卖盘
1017,11:07:12,4.65,--,13,6045,卖盘
1018,11:07:03,4.65,--,70,32550,卖盘
1019,11:06:51,4.65,-0.02,1252,582180,卖盘
1020,11:06:48,4.67,--,3,1401,买盘
1021,11:06:45,4.67,0.01,48,22416,中性盘
1022,11:06:24,4.66,-0.01,118,54988,卖盘
1023,11:06:21,4.67,--,69,32223,卖盘
1024,11:06:18,4.67,--,10,4670,卖盘
1025,11:06:12,4.67,--,34,15878,买盘
1026,11:06:09,4.67,0.01,36,16812,中性盘
1027,11:06:03,4.66,-0.01,752,350432,卖盘
1028,11:05:57,4.67,--,37,17279,卖盘
1029,11:05:39,4.67,--,10,4670,卖盘
1030,11:05:09,4.67,-0.01,10,4670,卖盘
1031,11:04:51,4.68,0.01,4,1872,买盘
1032,11:04:33,4.67,-0.01,5,2335,卖盘
1033,11:04:30,4.68,0.01,10,4680,买盘
1034,11:04:18,4.67,--,31,14477,卖盘
1035,11:04:09,4.67,--,60,28020,卖盘
1036,11:03:48,4.67,-0.01,83,38761,卖盘
1037,11:03:24,4.68,0.01,140,65519,买盘
1038,11:03:12,4.67,--,57,26619,卖盘
1039,11:03:03,4.67,--,115,53705,买盘
1040,11:02:57,4.67,--,135,63045,卖盘
1041,11:02:42,4.67,--,50,23350,卖盘
1042,11:02:36,4.67,--,10,4670,卖盘
1043,11:02:15,4.67,--,23,10741,买盘
1044,11:02:12,4.67,--,130,60710,买盘
1045,11:02:06,4.67,--,3,1401,买盘
1046,11:01:57,4.67,--,1,467,买盘
1047,11:01:48,4.67,0.01,10,4670,买盘
1048,11:01:33,4.66,-0.01,36,16776,卖盘
1049,11:01:24,4.67,0.01,121,56507,买盘
1050,11:01:21,4.66,-0.01,134,62444,卖盘
1051,11:01:18,4.67,--,135,63045,买盘
1052,11:01:12,4.67,0.01,1,467,买盘
1053,11:01:09,4.66,--,41,19106,卖盘
1054,11:01:06,4.66,-0.01,38,17708,卖盘
1055,11:01:00,4.67,--,11,5137,买盘
1056,11:00:54,4.67,0.01,200,93400,买盘
1057,11:00:48,4.66,--,10,4660,卖盘
1058,11:00:42,4.66,--,1,466,卖盘
1059,11:00:36,4.66,--,10,4660,卖盘
1060,11:00:30,4.66,--,33,15378,卖盘
1061,11:00:24,4.66,-0.01,180,83880,卖盘
1062,11:00:21,4.67,--,5,2335,买盘
1063,11:00:18,4.67,--,9,4203,买盘
1064,11:00:06,4.67,--,105,49035,卖盘
1065,10:59:57,4.67,--,588,274596,卖盘
1066,10:59:48,4.67,--,20,9340,卖盘
1067,10:59:45,4.67,--,10,4670,卖盘
1068,10:59:39,4.67,--,166,77522,买盘
1069,10:59:33,4.67,0.01,46,21482,买盘
1070,10:59:30,4.66,--,6,2796,卖盘
1071,10:59:27,4.66,-0.01,1,466,卖盘
1072,10:59:24,4.67,0.01,2,934,买盘
1073,10:59:21,4.66,-0.01,20,9320,卖盘
1074,10:59:18,4.67,0.01,5,2335,买盘
1075,10:59:15,4.66,-0.01,48,22368,卖盘
1076,10:59:06,4.67,--,200,93400,买盘
1077,10:58:57,4.67,0.01,1,467,买盘
1078,10:58:48,4.66,--,2,932,卖盘
1079,10:58:33,4.66,-0.01,5,2330,卖盘
1080,10:58:24,4.67,--,47,21949,卖盘
1081,10:58:21,4.67,--,102,47634,卖盘
1082,10:58:18,4.67,--,10,4670,卖盘
1083,10:58:12,4.67,-0.01,28,13076,卖盘
1084,10:57:54,4.68,0.01,7,3276,买盘
1085,10:57:33,4.67,0.01,169,78923,买盘
1086,10:57:21,4.66,--,155,72230,卖盘
1087,10:57:18,4.66,--,2,932,卖盘
1088,10:57:12,4.66,--,14,6524,卖盘
1089,10:57:06,4.66,--,300,139800,买盘
1090,10:57:03,4.66,0.01,396,184536,买盘
1091,10:56:57,4.65,--,38,17670,卖盘
1092,10:56:54,4.65,--,50,23250,卖盘
1093,10:56:51,4.65,-0.01,130,60450,卖盘
1094,10:56:48,4.66,0.01,10,4660,买盘
1095,10:56:45,4.65,--,130,60450,卖盘
1096,10:56:33,4.65,-0.01,288,134380,卖盘
1097,10:56:21,4.66,--,1238,576908,卖盘
1098,10:56:18,4.66,--,135,62910,卖盘
1099,10:56:15,4.66,--,70,32620,卖盘
1100,10:56:12,4.66,--,57,26562,卖盘
1101,10:56:09,4.66,--,38,17708,卖盘
1102,10:56:03,4.66,--,70,32620,卖盘
1103,10:56:00,4.66,--,101,47066,卖盘
1104,10:55:57,4.66,--,20,9320,卖盘
1105,10:55:51,4.66,--,56,26096,卖盘
1106,10:55:45,4.66,--,45,20970,卖盘
1107,10:55:39,4.66,-0.01,46,21436,卖盘
1108,10:55:33,4.67,--,5,2335,买盘
1109,10:55:30,4.67,--,1124,524908,卖盘
1110,10:55:24,4.67,--,80,37360,卖盘
1111,10:55:21,4.67,--,50,23350,卖盘
1112,10:55:18,4.67,--,12,5604,卖盘
1113,10:55:15,4.67,--,33,15411,卖盘
1114,10:55:09,4.67,--,19,8873,卖盘
1115,10:55:06,4.67,--,1120,523040,卖盘
1116,10:55:03,4.67,--,24,11208,卖盘
1117,10:54:57,4.67,--,10,4670,卖盘
1118,10:54:51,4.67,--,30,14010,卖盘
1119,10:54:42,4.67,--,20,9340,卖盘
1120,10:54:39,4.67,--,60,28020,卖盘
1121,10:54:33,4.67,-0.01,10,4670,卖盘
1122,10:54:09,4.68,--,2,936,买盘
1123,10:54:06,4.68,--,70,32759,卖盘
1124,10:54:03,4.68,--,300,140400,卖盘
1125,10:53:57,4.68,--,662,309816,卖盘
1126,10:53:54,4.68,--,420,196560,卖盘
1127,10:53:51,4.68,--,25,11700,卖盘
1128,10:53:45,4.68,--,52,24336,卖盘
1129,10:53:42,4.68,--,20,9360,卖盘
1130,10:53:33,4.68,--,36,16848,卖盘
1131,10:53:24,4.68,--,10,4680,卖盘
1132,10:53:21,4.68,--,2,936,卖盘
1133,10:53:09,4.68,--,72,33696,卖盘
1134,10:53:03,4.68,--,30,14040,卖盘
1135,10:53:00,4.68,--,106,49608,卖盘
1136,10:52:33,4.68,--,7,3276,卖盘
1137,10:52:15,4.68,-0.01,40,18720,卖盘
1138,10:52:12,4.69,--,64,30016,买盘
1139,10:52:09,4.69,0.01,1,469,买盘
1140,10:52:03,4.68,--,12,5616,卖盘
1141,10:51:57,4.68,--,1,468,卖盘
1142,10:51:36,4.68,--,3,1404,卖盘
1143,10:51:27,4.68,--,20,9360,卖盘
1144,10:51:21,4.68,-0.01,20,9360,卖盘
1145,10:51:12,4.69,0.01,5,2345,买盘
1146,10:51:00,4.68,--,45,21060,卖盘
1147,10:50:57,4.68,-0.01,20,9360,卖盘
1148,10:50:39,4.69,--,709,332521,卖盘
1149,10:50:12,4.69,--,20,9380,卖盘
1150,10:50:00,4.69,--,1,469,卖盘
1151,10:49:51,4.69,--,1,469,卖盘
1152,10:49:42,4.69,--,1,469,卖盘
1153,10:49:27,4.69,--,10,4690,卖盘
1154,10:49:24,4.69,0.01,261,122409,买盘
1155,10:49:15,4.68,-0.01,1,468,卖盘
1156,10:49:09,4.69,--,5,2345,买盘
1157,10:49:03,4.69,--,4,1876,买盘
1158,10:48:24,4.69,0.01,1,469,买盘
1159,10:48:12,4.68,-0.01,74,34632,卖盘
1160,10:48:03,4.69,0.01,10,4690,买盘
1161,10:48:00,4.68,--,54,25272,卖盘
1162,10:47:42,4.68,-0.01,2,936,卖盘
1163,10:47:27,4.69,0.01,7,3283,买盘
1164,10:47:09,4.68,--,4,1872,卖盘
1165,10:46:57,4.68,-0.01,12,5616,卖盘
1166,10:46:15,4.69,--,259,121471,卖盘
1167,10:46:12,4.69,--,40,18760,卖盘
1168,10:46:03,4.69,--,1,469,卖盘
1169,10:45:54,4.69,--,1,469,卖盘
1170,10:45:45,4.69,--,250,117250,卖盘
1171,10:45:42,4.69,--,24,11256,卖盘
1172,10:45:27,4.69,--,1,469,卖盘
1173,10:45:15,4.69,--,10,4690,卖盘
1174,10:45:00,4.69,--,4,1876,卖盘
1175,10:44:54,4.69,--,9,4221,卖盘
1176,10:44:51,4.69,--,20,9380,卖盘
1177,10:44:45,4.69,--,28,13132,卖盘
1178,10:44:36,4.69,--,11,5159,卖盘
1179,10:44:24,4.69,--,30,14070,卖盘
1180,10:44:21,4.69,0.01,372,174468,买盘
1181,10:43:54,4.68,-0.01,15,7020,卖盘
1182,10:43:27,4.69,--,28,13132,买盘
1183,10:43:15,4.69,0.01,15,7035,买盘
1184,10:43:12,4.68,--,24,11232,卖盘
1185,10:43:00,4.68,--,3,1404,卖盘
1186,10:42:54,4.68,--,10,4680,卖盘
1187,10:42:48,4.68,-0.01,1,468,中性盘
1188,10:42:33,4.69,--,47,22043,买盘
1189,10:42:30,4.69,0.02,25,11725,买盘
1190,10:42:21,4.67,-0.02,267,124689,卖盘
1191,10:41:57,4.69,--,347,162743,买盘
1192,10:41:36,4.69,--,6,2814,买盘
1193,10:41:33,4.69,0.01,5,2345,买盘
1194,10:41:27,4.68,-0.01,320,149760,卖盘
1195,10:41:12,4.69,--,3,1407,买盘
1196,10:40:36,4.69,--,90,42210,买盘
1197,10:40:33,4.69,0.01,3,1407,买盘
1198,10:40:24,4.68,-0.01,29,13572,卖盘
1199,10:40:15,4.69,0.01,5,2345,买盘
1200,10:40:06,4.68,--,13,6084,卖盘
1201,10:39:30,4.68,--,175,81900,卖盘
1202,10:39:27,4.68,--,6,2808,卖盘
1203,10:39:24,4.68,-0.01,14,6552,卖盘
1204,10:39:12,4.69,0.01,50,23450,买盘
1205,10:39:09,4.68,--,20,9360,卖盘
1206,10:38:57,4.68,-0.01,10,4680,卖盘
1207,10:38:51,4.69,--,2,938,买盘
1208,10:38:45,4.69,--,5,2345,买盘
1209,10:38:36,4.69,--,5,2345,买盘
1210,10:38:27,4.69,--,2,938,买盘
1211,10:38:18,4.69,--,124,58156,买盘
1212,10:38:15,4.69,--,39,18291,买盘
1213,10:38:03,4.69,0.01,2,938,买盘
1214,10:37:51,4.68,--,1,468,卖盘
1215,10:37:48,4.68,--,144,67392,买盘
1216,10:37:45,4.68,0.01,13,6084,买盘
1217,10:37:42,4.67,-0.01,10,4670,卖盘
1218,10:37:18,4.68,-0.01,164,76752,卖盘
1219,10:37:03,4.69,0.01,12,5628,买盘
1220,10:36:51,4.68,--,30,14040,卖盘
1221,10:36:45,4.68,--,2,936,卖盘
1222,10:36:42,4.68,--,2,936,卖盘
1223,10:36:30,4.68,--,360,168480,卖盘
1224,10:36:27,4.68,--,1,468,卖盘
1225,10:36:24,4.68,--,5,2340,卖盘
1226,10:35:45,4.68,-0.01,11,5148,卖盘
1227,10:35:03,4.69,--,2,938,买盘
1228,10:34:51,4.69,--,129,60501,卖盘
1229,10:34:27,4.69,-0.01,20,9380,卖盘
1230,10:34:18,4.7,0.01,15,7050,买盘
1231,10:34:06,4.69,0.01,28,13132,买盘
1232,10:34:00,4.68,-0.01,1,468,卖盘
1233,10:33:45,4.69,--,50,23450,买盘
1234,10:33:42,4.69,0.01,100,46900,买盘
1235,10:33:33,4.68,-0.01,38,17784,卖盘
1236,10:33:30,4.69,0.01,20,9380,买盘
1237,10:33:27,4.68,-0.01,15,7020,卖盘
1238,10:33:24,4.69,0.01,2,938,买盘
1239,10:33:15,4.68,--,2,936,卖盘
1240,10:33:00,4.68,--,5,2340,卖盘
1241,10:32:54,4.68,--,43,20124,买盘
1242,10:32:51,4.68,0.01,2,936,买盘
1243,10:32:24,4.67,-0.01,353,164851,卖盘
1244,10:32:21,4.68,--,13,6084,买盘
1245,10:32:18,4.68,-0.01,61,28548,卖盘
1246,10:32:06,4.69,0.01,13,6097,买盘
1247,10:32:00,4.68,--,18,8424,卖盘
1248,10:31:54,4.68,--,240,112320,卖盘
1249,10:31:51,4.68,--,4,1872,卖盘
1250,10:31:45,4.68,-0.01,1,468,卖盘
1251,10:31:42,4.69,0.01,1,469,买盘
1252,10:31:36,4.68,--,216,101088,卖盘
1253,10:31:27,4.68,--,10,4680,卖盘
1254,10:31:18,4.68,0.01,547,255995,买盘
1255,10:31:12,4.67,--,30,14010,卖盘
1256,10:31:06,4.67,-0.01,92,42964,卖盘
1257,10:31:03,4.68,--,21,9828,买盘
1258,10:30:54,4.68,--,10,4680,买盘
1259,10:30:51,4.68,0.01,64,29952,买盘
1260,10:30:48,4.67,--,25,11675,卖盘
1261,10:30:45,4.67,--,10,4670,卖盘
1262,10:30:33,4.67,--,5,2335,卖盘
1263,10:30:30,4.67,--,15,7005,卖盘
1264,10:30:27,4.67,-0.01,12,5604,卖盘
1265,10:30:24,4.68,0.01,100,46800,买盘
1266,10:30:21,4.67,-0.01,58,27086,卖盘
1267,10:30:18,4.68,0.01,2,936,买盘
1268,10:30:15,4.67,--,14,6538,卖盘
1269,10:30:12,4.67,--,227,106009,卖盘
1270,10:30:00,4.67,--,26,12142,卖盘
1271,10:29:57,4.67,--,75,35025,卖盘
1272,10:29:51,4.67,--,51,23817,卖盘
1273,10:29:48,4.67,-0.01,260,121420,卖盘
1274,10:29:45,4.68,0.01,14,6552,买盘
1275,10:29:39,4.67,--,200,93400,卖盘
1276,10:29:33,4.67,--,46,21482,卖盘
1277,10:29:30,4.67,-0.01,21,9807,卖盘
1278,10:29:24,4.68,--,29,13572,买盘
1279,10:29:21,4.68,0.01,8,3744,买盘
1280,10:29:15,4.67,-0.01,1,467,卖盘
1281,10:29:12,4.68,--,102,47736,卖盘
1282,10:29:09,4.68,--,10,4680,卖盘
1283,10:29:03,4.68,--,228,106704,买盘
1284,10:28:54,4.68,--,3,1404,买盘
1285,10:28:51,4.68,--,74,34632,卖盘
1286,10:28:48,4.68,--,100,46800,卖盘
1287,10:28:45,4.68,--,95,44460,卖盘
1288,10:28:42,4.68,--,36,16848,买盘
1289,10:28:39,4.68,--,4,1872,卖盘
1290,10:28:36,4.68,--,100,46800,卖盘
1291,10:28:33,4.68,--,100,46800,卖盘
1292,10:28:30,4.68,-0.01,6,2808,卖盘
1293,10:28:24,4.69,0.01,42,19698,买盘
1294,10:28:18,4.68,--,5,2340,卖盘
1295,10:28:15,4.68,--,57,26676,卖盘
1296,10:28:06,4.68,--,50,23400,卖盘
1297,10:28:03,4.68,--,15,7020,卖盘
1298,10:28:00,4.68,--,50,23400,卖盘
1299,10:27:51,4.68,--,180,84240,卖盘
1300,10:27:48,4.68,--,15,7020,卖盘
1301,10:27:45,4.68,--,1,468,买盘
1302,10:27:42,4.68,--,43,20124,买盘
1303,10:27:33,4.68,--,76,35568,卖盘
1304,10:27:30,4.68,--,42,19656,卖盘
1305,10:27:18,4.68,0.01,2,936,中性盘
1306,10:27:15,4.67,--,600,280200,卖盘
1307,10:27:12,4.67,-0.01,495,231165,卖盘
1308,10:27:06,4.68,--,12,5901,买盘
1309,10:27:00,4.68,--,9,4212,买盘
1310,10:26:48,4.68,--,644,301574,卖盘
1311,10:26:39,4.68,--,37,17316,卖盘
1312,10:26:36,4.68,--,26,12168,卖盘
1313,10:26:33,4.68,--,3,1404,卖盘
1314,10:26:30,4.68,--,85,39780,卖盘
1315,10:26:21,4.68,--,320,149760,卖盘
1316,10:26:12,4.68,-0.01,51,23868,卖盘
1317,10:25:57,4.69,--,81,37989,买盘
1318,10:25:54,4.69,--,21,9849,买盘
1319,10:25:42,4.69,--,21,9849,买盘
1320,10:25:39,4.69,-0.01,263,123347,卖盘
1321,10:25:27,4.7,0.01,50,23500,买盘
1322,10:25:24,4.69,--,65,30485,卖盘
1323,10:25:21,4.69,--,1,469,卖盘
1324,10:25:15,4.69,--,100,46900,卖盘
1325,10:25:12,4.69,-0.01,3,1407,卖盘
1326,10:25:06,4.7,0.01,41,19270,买盘
1327,10:25:03,4.69,--,103,48307,卖盘
1328,10:24:57,4.69,--,12,5628,卖盘
1329,10:24:54,4.69,--,10,4690,卖盘
1330,10:24:45,4.69,-0.01,500,234500,卖盘
1331,10:24:30,4.7,-0.01,328,154465,卖盘
1332,10:24:24,4.71,0.01,9,4239,买盘
1333,10:24:06,4.7,--,20,9400,卖盘
1334,10:24:00,4.7,--,18,8460,卖盘
1335,10:23:54,4.7,--,12,5640,卖盘
1336,10:23:48,4.7,--,613,288110,卖盘
1337,10:23:45,4.7,--,12,5640,卖盘
1338,10:23:36,4.7,-0.01,30,14100,卖盘
1339,10:23:33,4.71,0.01,4,1884,买盘
1340,10:23:15,4.7,-0.01,5,2350,卖盘
1341,10:23:09,4.71,0.01,20,9420,买盘
1342,10:23:06,4.7,-0.01,21,9870,卖盘
1343,10:23:00,4.71,0.01,50,23550,买盘
1344,10:22:42,4.7,--,10,4700,卖盘
1345,10:22:39,4.7,-0.01,25,11750,卖盘
1346,10:22:30,4.71,--,1,471,买盘
1347,10:22:24,4.71,0.01,3,1413,买盘
1348,10:22:18,4.7,-0.01,1,470,卖盘
1349,10:22:06,4.71,0.01,10,4710,买盘
1350,10:22:00,4.7,--,8,3760,卖盘
1351,10:21:30,4.7,-0.01,10,4700,卖盘
1352,10:21:27,4.71,--,191,89961,买盘
1353,10:21:21,4.71,--,20,9420,买盘
1354,10:21:12,4.71,0.01,40,18840,买盘
1355,10:21:06,4.7,--,10,4700,卖盘
1356,10:20:57,4.7,--,5,2350,卖盘
1357,10:20:51,4.7,--,1,470,卖盘
1358,10:20:48,4.7,--,6,2820,卖盘
1359,10:20:42,4.7,--,49,23194,买盘
1360,10:20:39,4.7,--,6,2820,买盘
1361,10:20:30,4.7,--,14,6580,买盘
1362,10:20:24,4.7,--,40,18800,买盘
1363,10:20:21,4.7,--,12,5640,买盘
1364,10:20:06,4.7,--,20,9400,买盘
1365,10:20:03,4.7,0.01,1,470,买盘
1366,10:19:42,4.69,0.01,163,76447,买盘
1367,10:19:39,4.68,--,1,468,卖盘
1368,10:19:36,4.68,-0.01,11,5148,卖盘
1369,10:19:33,4.69,0.01,240,112560,买盘
1370,10:19:12,4.68,-0.01,1,753,卖盘
1371,10:18:51,4.69,--,3,1407,买盘
1372,10:18:48,4.69,0.01,10,4690,买盘
1373,10:18:45,4.68,-0.01,10,4680,卖盘
1374,10:18:30,4.69,0.01,82,38458,买盘
1375,10:18:27,4.68,--,38,17784,卖盘
1376,10:18:15,4.68,-0.01,235,109980,卖盘
1377,10:18:06,4.69,0.01,59,27671,买盘
1378,10:17:57,4.68,--,3,1404,卖盘
1379,10:17:54,4.68,-0.01,17,7955,卖盘
1380,10:17:51,4.69,0.01,7,3283,买盘
1381,10:17:45,4.68,-0.01,2,936,卖盘
1382,10:17:42,4.69,0.01,60,28140,买盘
1383,10:17:36,4.68,--,41,19188,卖盘
1384,10:17:30,4.68,--,36,16848,卖盘
1385,10:17:24,4.68,--,10,4680,卖盘
1386,10:17:21,4.68,--,10,4680,卖盘
1387,10:17:18,4.68,-0.01,100,46800,卖盘
1388,10:17:15,4.69,0.01,9,4221,买盘
1389,10:17:09,4.68,--,47,21996,卖盘
1390,10:17:00,4.68,--,15,7020,卖盘
1391,10:16:57,4.68,--,35,16379,卖盘
1392,10:16:54,4.68,--,16,7488,卖盘
1393,10:16:48,4.68,--,15,7020,卖盘
1394,10:16:39,4.68,--,10,4680,卖盘
1395,10:16:36,4.68,--,36,16848,卖盘
1396,10:16:33,4.68,--,108,50544,卖盘
1397,10:16:27,4.68,--,68,31823,卖盘
1398,10:16:24,4.68,--,200,93600,卖盘
1399,10:16:15,4.68,--,100,46800,卖盘
1400,10:16:12,4.68,--,80,37440,卖盘
1401,10:16:09,4.68,--,2,936,卖盘
1402,10:16:03,4.68,--,34,15911,卖盘
1403,10:15:51,4.68,--,114,53352,卖盘
1404,10:15:48,4.68,--,23,10764,卖盘
1405,10:15:42,4.68,--,39,18252,卖盘
1406,10:15:39,4.68,--,107,50076,卖盘
1407,10:15:36,4.68,-0.01,30,14040,卖盘
1408,10:15:33,4.69,0.01,3,1407,买盘
1409,10:15:30,4.68,--,28,13104,卖盘
1410,10:15:24,4.68,-0.01,30,14040,卖盘
1411,10:15:15,4.69,--,514,241066,卖盘
1412,10:15:12,4.69,--,15,7035,卖盘
1413,10:15:06,4.69,--,20,9380,卖盘
1414,10:14:57,4.69,--,64,30016,卖盘
1415,10:14:54,4.69,--,63,29547,卖盘
1416,10:14:51,4.69,--,10,4690,卖盘
1417,10:14:48,4.69,--,10,4690,卖盘
1418,10:14:21,4.69,--,100,46900,卖盘
1419,10:14:18,4.69,--,244,114436,卖盘
1420,10:14:09,4.69,--,100,46900,卖盘
1421,10:14:03,4.69,--,6,2814,卖盘
1422,10:13:57,4.69,--,494,231686,卖盘
1423,10:13:54,4.69,-0.01,58,27202,卖盘
1424,10:13:51,4.7,0.01,11,5170,买盘
1425,10:13:42,4.69,--,50,23450,卖盘
1426,10:13:39,4.69,-0.01,300,140700,卖盘
1427,10:13:33,4.7,--,43,20210,买盘
1428,10:13:18,4.7,--,49,23030,买盘
1429,10:13:15,4.7,--,77,36495,卖盘
1430,10:13:12,4.7,--,19,8930,卖盘
1431,10:13:03,4.7,--,10,4700,卖盘
1432,10:12:57,4.7,--,97,45754,买盘
1433,10:12:42,4.7,--,428,201465,卖盘
1434,10:12:24,4.7,--,8,3760,卖盘
1435,10:12:15,4.7,--,10,4700,卖盘
1436,10:11:39,4.7,-0.01,336,158084,卖盘
1437,10:11:36,4.71,--,68,32028,买盘
1438,10:11:30,4.71,--,23,10833,卖盘
1439,10:11:21,4.71,-0.01,300,141300,卖盘
1440,10:11:18,4.72,--,12,5664,买盘
1441,10:11:03,4.72,0.01,14,6608,买盘
1442,10:10:51,4.71,--,333,156843,卖盘
1443,10:10:42,4.71,--,80,37680,卖盘
1444,10:10:36,4.71,--,10,4710,卖盘
1445,10:10:33,4.71,--,2,942,卖盘
1446,10:10:24,4.71,--,255,120105,买盘
1447,10:10:18,4.71,--,189,89019,买盘
1448,10:10:15,4.71,--,996,469116,买盘
1449,10:10:09,4.71,--,9,4239,买盘
1450,10:10:00,4.71,-0.01,19,8949,卖盘
1451,10:09:57,4.72,--,20,9440,买盘
1452,10:09:54,4.72,--,5,2360,买盘
1453,10:09:45,4.72,0.01,34,16048,买盘
1454,10:09:36,4.71,-0.01,6,2826,卖盘
1455,10:09:33,4.72,0.01,10,4720,买盘
1456,10:09:24,4.71,--,3,1413,卖盘
1457,10:09:18,4.71,--,301,141771,买盘
1458,10:09:12,4.71,--,46,21666,买盘
1459,10:09:09,4.71,--,5,2355,买盘
1460,10:09:03,4.71,--,301,141771,买盘
1461,10:09:00,4.71,--,50,23550,买盘
1462,10:08:54,4.71,--,3,1413,买盘
1463,10:08:45,4.71,0.01,9,4239,买盘
1464,10:08:39,4.7,--,9,4230,卖盘
1465,10:08:36,4.7,-0.01,100,47000,卖盘
1466,10:08:33,4.71,0.01,10,4710,买盘
1467,10:08:27,4.7,-0.01,228,107160,卖盘
1468,10:08:21,4.71,--,5,2355,买盘
1469,10:08:15,4.71,--,8,3768,买盘
1470,10:08:12,4.71,0.01,12,5652,买盘
1471,10:08:06,4.7,--,20,9400,卖盘
1472,10:08:03,4.7,-0.01,26,12220,卖盘
1473,10:08:00,4.71,0.01,5,2355,买盘
1474,10:07:57,4.7,--,20,9400,卖盘
1475,10:07:42,4.7,0.01,171,80370,买盘
1476,10:07:24,4.69,-0.01,2,938,卖盘
1477,10:07:21,4.7,--,20,9400,买盘
1478,10:07:18,4.7,--,2,940,买盘
1479,10:07:12,4.7,--,71,33370,卖盘
1480,10:07:09,4.7,--,120,56400,卖盘
1481,10:07:06,4.7,--,4,1880,卖盘
1482,10:07:00,4.7,--,40,18800,卖盘
1483,10:06:54,4.7,0.01,338,158860,买盘
1484,10:06:48,4.69,--,83,38927,卖盘
1485,10:06:27,4.69,-0.01,1,469,卖盘
1486,10:06:24,4.7,--,22,10340,买盘
1487,10:06:18,4.7,--,20,9400,买盘
1488,10:06:09,4.7,--,14,6580,买盘
1489,10:06:00,4.7,--,3,1410,买盘
1490,10:05:51,4.7,--,10,4700,买盘
1491,10:05:48,4.7,0.01,111,52170,买盘
1492,10:05:36,4.69,-0.01,8,3752,卖盘
1493,10:05:33,4.7,0.01,92,43240,买盘
1494,10:05:30,4.69,-0.01,113,52997,卖盘
1495,10:05:21,4.7,--,22,10340,买盘
1496,10:05:18,4.7,--,102,47940,买盘
1497,10:05:15,4.7,0.01,50,23500,买盘
1498,10:05:06,4.69,-0.01,20,9380,卖盘
1499,10:05:03,4.7,0.01,21,9870,买盘
1500,10:04:57,4.69,-0.01,5,2345,卖盘
1501,10:04:54,4.7,0.01,936,439920,买盘
1502,10:04:42,4.69,0.01,327,153363,买盘
1503,10:04:36,4.68,-0.01,10,4680,卖盘
1504,10:04:33,4.69,0.01,61,28609,买盘
1505,10:04:15,4.68,-0.01,30,14040,卖盘
1506,10:04:09,4.69,0.01,27,12663,买盘
1507,10:03:57,4.68,--,3,1404,卖盘
1508,10:03:54,4.68,--,10,4680,卖盘
1509,10:03:45,4.68,--,65,30419,买盘
1510,10:03:33,4.68,--,10,4680,买盘
1511,10:03:24,4.68,--,8,3744,买盘
1512,10:03:21,4.68,--,3,1404,买盘
1513,10:03:09,4.68,--,5,2340,中性盘
1514,10:02:51,4.68,-0.01,117,54756,卖盘
1515,10:02:45,4.69,0.01,7,3283,买盘
1516,10:02:39,4.68,--,30,14040,卖盘
1517,10:02:33,4.68,-0.01,1,468,卖盘
1518,10:02:30,4.69,--,20,9380,买盘
1519,10:02:27,4.69,--,36,16884,中性盘
1520,10:02:12,4.69,0.01,50,23450,中性盘
1521,10:01:51,4.68,--,10,4680,卖盘
1522,10:01:36,4.68,-0.02,389,182052,卖盘
1523,10:01:33,4.7,--,10,4700,卖盘
1524,10:01:27,4.7,0.02,2214,1040580,买盘
1525,10:01:21,4.68,-0.01,174,81432,卖盘
1526,10:01:18,4.69,0.01,10,4690,买盘
1527,10:01:12,4.68,--,15,7020,卖盘
1528,10:01:03,4.68,0.01,199,93132,买盘
1529,10:00:33,4.67,--,3,1401,卖盘
1530,10:00:30,4.67,--,84,39228,卖盘
1531,10:00:21,4.67,--,10,4670,卖盘
1532,10:00:06,4.67,--,100,46700,卖盘
1533,09:59:57,4.67,--,128,59776,卖盘
1534,09:59:54,4.67,--,1,467,卖盘
1535,09:59:48,4.67,-0.01,37,17279,卖盘
1536,09:59:45,4.68,0.01,10,4680,买盘
1537,09:59:39,4.67,-0.01,147,68649,卖盘
1538,09:59:36,4.68,0.01,1,468,买盘
1539,09:59:33,4.67,-0.01,9,4203,卖盘
1540,09:59:30,4.68,--,20,9360,买盘
1541,09:59:21,4.68,0.01,389,182052,买盘
1542,09:59:18,4.67,-0.01,28,13076,卖盘
1543,09:59:15,4.68,--,59,27612,买盘
1544,09:59:06,4.68,--,2,936,买盘
1545,09:59:03,4.68,--,423,197964,卖盘
1546,09:59:00,4.68,--,200,93600,卖盘
1547,09:58:42,4.68,-0.01,103,48204,卖盘
1548,09:58:39,4.69,--,94,44086,买盘
1549,09:58:30,4.69,0.01,21,9849,买盘
1550,09:58:24,4.68,--,11,5148,卖盘
1551,09:58:21,4.68,--,6,2808,卖盘
1552,09:58:18,4.68,--,29,13572,卖盘
1553,09:58:09,4.68,--,140,65519,卖盘
1554,09:58:03,4.68,-0.01,100,46800,卖盘
1555,09:58:00,4.69,0.01,19,8911,买盘
1556,09:57:57,4.68,--,11,5148,卖盘
1557,09:57:51,4.68,-0.01,145,67860,卖盘
1558,09:57:39,4.69,0.01,13,6097,买盘
1559,09:57:24,4.68,--,5,2340,卖盘
1560,09:57:21,4.68,-0.01,3,1404,卖盘
1561,09:57:06,4.69,--,50,23450,买盘
1562,09:57:00,4.69,--,16,7504,买盘
1563,09:56:45,4.69,--,10,4690,买盘
1564,09:56:42,4.69,0.01,500,234500,买盘
1565,09:56:39,4.68,-0.01,90,42120,卖盘
1566,09:56:21,4.69,--,90,42210,买盘
1567,09:56:12,4.69,--,30,14070,卖盘
1568,09:56:09,4.69,--,360,168840,卖盘
1569,09:56:03,4.69,-0.01,41,19229,卖盘
1570,09:56:00,4.7,0.01,35,16450,买盘
1571,09:55:57,4.69,--,11,5159,卖盘
1572,09:55:54,4.69,--,31,14539,卖盘
1573,09:55:48,4.69,--,133,62377,卖盘
1574,09:55:33,4.69,--,214,100366,买盘
1575,09:55:30,4.69,--,286,134134,卖盘
1576,09:55:27,4.69,--,80,37520,买盘
1577,09:55:24,4.69,--,86,40334,买盘
1578,09:55:18,4.69,0.01,51,23919,买盘
1579,09:55:15,4.68,-0.01,3,1404,卖盘
1580,09:55:12,4.69,--,25,11725,买盘
1581,09:55:09,4.69,--,410,192290,买盘
1582,09:55:00,4.69,--,3,1407,买盘
1583,09:54:57,4.69,--,702,329238,买盘
1584,09:54:54,4.69,--,210,98490,买盘
1585,09:54:51,4.69,--,4,1876,买盘
1586,09:54:48,4.69,--,10,4690,买盘
1587,09:54:39,4.69,--,115,53935,买盘
1588,09:54:27,4.69,--,99,46431,买盘
1589,09:54:24,4.69,--,30,14070,买盘
1590,09:54:21,4.69,--,50,23450,买盘
1591,09:54:18,4.69,--,89,41741,买盘
1592,09:54:12,4.69,--,14,6566,买盘
1593,09:54:09,4.69,0.01,50,23450,买盘
1594,09:54:06,4.68,--,1,468,卖盘
1595,09:53:54,4.68,-0.01,31,14508,卖盘
1596,09:53:51,4.69,0.01,25,11725,买盘
1597,09:53:42,4.68,-0.01,37,17316,卖盘
1598,09:53:36,4.69,--,200,93800,买盘
1599,09:53:30,4.69,--,13,6097,买盘
1600,09:53:27,4.69,--,1,469,买盘
1601,09:53:24,4.69,--,2,938,买盘
1602,09:53:21,4.69,0.01,182,85358,买盘
1603,09:53:15,4.68,--,8,3744,卖盘
1604,09:53:12,4.68,-0.01,147,68796,卖盘
1605,09:53:06,4.69,0.01,10,4690,买盘
1606,09:53:00,4.68,--,2,936,卖盘
1607,09:52:54,4.68,--,10,4680,卖盘
1608,09:52:51,4.68,--,23,10764,卖盘
1609,09:52:45,4.68,--,18,8424,卖盘
1610,09:52:42,4.68,--,19,8892,买盘
1611,09:52:36,4.68,0.01,369,172692,买盘
1612,09:52:33,4.67,-0.01,208,97136,卖盘
1613,09:52:27,4.68,0.01,5,2340,买盘
1614,09:52:24,4.67,--,15,7005,卖盘
1615,09:52:18,4.67,-0.01,300,140100,卖盘
1616,09:52:15,4.68,--,10,4680,买盘
1617,09:52:12,4.68,0.01,219,102492,买盘
1618,09:52:09,4.67,--,200,93400,卖盘
1619,09:52:06,4.67,--,5,2335,卖盘
1620,09:52:00,4.67,-0.01,10,4670,卖盘
1621,09:51:57,4.68,0.01,9,4212,买盘
1622,09:51:54,4.67,-0.01,10,4670,卖盘
1623,09:51:51,4.68,--,20,9360,买盘
1624,09:51:45,4.68,--,1,468,买盘
1625,09:51:39,4.68,0.01,1,468,买盘
1626,09:51:36,4.67,--,6,2802,卖盘
1627,09:51:33,4.67,-0.01,30,14010,卖盘
1628,09:51:30,4.68,0.01,36,16848,买盘
1629,09:51:24,4.67,--,499,233033,卖盘
1630,09:51:18,4.67,--,32,14944,卖盘
1631,09:51:12,4.67,--,10,4670,卖盘
1632,09:51:09,4.67,--,9,4203,卖盘
1633,09:51:06,4.67,--,178,83126,卖盘
1634,09:51:03,4.67,--,161,75187,买盘
1635,09:51:00,4.67,--,3,1401,买盘
1636,09:50:57,4.67,0.01,223,104141,买盘
1637,09:50:54,4.66,--,3,1398,卖盘
1638,09:50:51,4.66,-0.01,13,6058,卖盘
1639,09:50:48,4.67,0.01,17,7939,买盘
1640,09:50:45,4.66,--,10,4660,卖盘
1641,09:50:42,4.66,--,10,4660,卖盘
1642,09:50:39,4.66,0.01,381,177546,买盘
1643,09:50:30,4.65,--,30,13950,卖盘
1644,09:50:27,4.65,--,41,19065,卖盘
1645,09:50:24,4.65,--,203,94395,卖盘
1646,09:50:21,4.65,--,47,21855,买盘
1647,09:50:18,4.65,--,112,52080,卖盘
1648,09:50:06,4.65,--,439,204135,卖盘
1649,09:50:00,4.65,0.01,69,32085,买盘
1650,09:49:57,4.64,-0.01,3,1392,卖盘
1651,09:49:54,4.65,--,360,167400,买盘
1652,09:49:51,4.65,0.01,65,30225,买盘
1653,09:49:48,4.64,-0.01,1,463,卖盘
1654,09:49:45,4.65,--,105,48825,买盘
1655,09:49:42,4.65,--,95,44175,买盘
1656,09:49:39,4.65,--,30,13950,买盘
1657,09:49:36,4.65,-0.01,404,187860,卖盘
1658,09:49:30,4.66,0.01,1,466,买盘
1659,09:49:27,4.65,--,8,3720,卖盘
1660,09:49:24,4.65,--,45,20925,卖盘
1661,09:49:21,4.65,--,29,13485,卖盘
1662,09:49:18,4.65,-0.01,620,288300,卖盘
1663,09:49:15,4.66,0.01,4,1864,买盘
1664,09:49:09,4.65,-0.01,6,2790,卖盘
1665,09:49:06,4.66,--,7,3262,买盘
1666,09:49:03,4.66,--,100,46600,买盘
1667,09:48:57,4.66,--,27,12582,买盘
1668,09:48:54,4.66,0.01,5,2330,买盘
1669,09:48:51,4.65,-0.01,20,9300,卖盘
1670,09:48:48,4.66,--,166,77356,买盘
1671,09:48:33,4.66,0.01,94,43804,中性盘
1672,09:48:24,4.65,-0.01,200,93000,卖盘
1673,09:48:21,4.66,--,3,1398,卖盘
1674,09:48:18,4.66,0.01,42,19572,买盘
1675,09:48:15,4.65,--,8,3720,卖盘
1676,09:48:12,4.65,-0.01,86,39990,卖盘
1677,09:48:09,4.66,0.01,43,20038,中性盘
1678,09:48:03,4.65,-0.01,226,105090,卖盘
1679,09:47:48,4.66,--,104,48464,卖盘
1680,09:47:45,4.66,--,130,60580,买盘
1681,09:47:39,4.66,--,26,12116,买盘
1682,09:47:36,4.66,--,18,8388,卖盘
1683,09:47:33,4.66,--,88,41008,卖盘
1684,09:47:30,4.66,--,16,7456,卖盘
1685,09:47:24,4.66,--,71,33086,卖盘
1686,09:47:18,4.66,--,10,4660,卖盘
1687,09:47:15,4.66,-0.01,25,11650,卖盘
1688,09:47:00,4.67,--,8,3736,卖盘
1689,09:46:54,4.67,0.01,4,1868,中性盘
1690,09:46:45,4.66,-0.02,13,6058,卖盘
1691,09:46:42,4.68,0.02,201,94068,买盘
1692,09:46:39,4.66,-0.01,1,466,卖盘
1693,09:46:33,4.67,--,1,467,买盘
1694,09:46:27,4.67,--,2,934,买盘
1695,09:46:24,4.67,0.01,10,4670,买盘
1696,09:46:15,4.66,-0.02,643,299638,卖盘
1697,09:46:12,4.68,--,17,7955,买盘
1698,09:46:06,4.68,0.01,22,10296,买盘
1699,09:46:03,4.67,--,220,102740,卖盘
1700,09:46:00,4.67,-0.01,17,7939,卖盘
1701,09:45:51,4.68,--,49,22932,买盘
1702,09:45:48,4.68,--,15,7020,买盘
1703,09:45:45,4.68,--,3,1404,买盘
1704,09:45:42,4.68,-0.01,50,23400,卖盘
1705,09:45:39,4.69,0.01,50,23450,买盘
1706,09:45:36,4.68,--,12,5616,卖盘
1707,09:45:33,4.68,-0.01,220,102960,卖盘
1708,09:45:30,4.69,0.01,44,20636,买盘
1709,09:45:27,4.68,-0.01,86,40248,卖盘
1710,09:45:21,4.69,0.01,1,469,买盘
1711,09:45:18,4.68,-0.01,100,46800,卖盘
1712,09:45:15,4.69,0.01,269,126161,买盘
1713,09:45:09,4.68,-0.01,51,23868,卖盘
1714,09:45:00,4.69,0.01,43,20167,买盘
1715,09:44:54,4.68,--,2,936,卖盘
1716,09:44:51,4.68,-0.01,105,49140,卖盘
1717,09:44:48,4.69,0.01,1,469,买盘
1718,09:44:45,4.68,-0.01,26,12168,卖盘
1719,09:44:42,4.69,0.01,50,23450,买盘
1720,09:44:39,4.68,--,11,5148,卖盘
1721,09:44:36,4.68,-0.01,10,4680,卖盘
1722,09:44:33,4.69,--,9,4221,买盘
1723,09:44:30,4.69,0.01,36,16884,买盘
1724,09:44:27,4.68,--,3,1404,卖盘
1725,09:44:24,4.68,-0.01,200,93600,卖盘
1726,09:44:21,4.69,0.01,20,9380,买盘
1727,09:44:18,4.68,-0.01,46,21528,卖盘
1728,09:44:12,4.69,0.01,7,3283,买盘
1729,09:44:03,4.68,--,110,51480,买盘
1730,09:44:00,4.68,--,1,468,买盘
1731,09:43:57,4.68,--,75,35100,买盘
1732,09:43:54,4.68,--,118,55224,买盘
1733,09:43:42,4.68,0.01,26,12168,买盘
1734,09:43:33,4.67,-0.01,27,12609,卖盘
1735,09:43:30,4.68,--,1,468,买盘
1736,09:43:27,4.68,0.01,27,12636,买盘
1737,09:43:24,4.67,-0.01,19,8873,卖盘
1738,09:43:18,4.68,0.01,65,30419,买盘
1739,09:43:12,4.67,--,71,33157,卖盘
1740,09:43:09,4.67,0.01,75,35025,买盘
1741,09:43:06,4.66,-0.01,330,153780,卖盘
1742,09:43:03,4.67,--,50,23350,买盘
1743,09:43:00,4.67,0.01,123,57441,买盘
1744,09:42:57,4.66,--,24,11184,卖盘
1745,09:42:54,4.66,-0.01,262,122092,卖盘
1746,09:42:51,4.67,0.01,53,24751,买盘
1747,09:42:42,4.66,-0.01,200,93200,卖盘
1748,09:42:39,4.67,0.01,1,467,买盘
1749,09:42:33,4.66,--,70,32620,卖盘
1750,09:42:30,4.66,--,147,68502,卖盘
1751,09:42:27,4.66,--,40,18640,卖盘
1752,09:42:21,4.66,--,16,7456,卖盘
1753,09:42:18,4.66,--,20,9320,卖盘
1754,09:42:15,4.66,--,85,39610,卖盘
1755,09:42:09,4.66,--,10,4660,卖盘
1756,09:41:57,4.66,--,5,2330,卖盘
1757,09:41:54,4.66,--,22,10252,卖盘
1758,09:41:48,4.66,--,147,68502,买盘
1759,09:41:45,4.66,--,14,6524,买盘
1760,09:41:39,4.66,--,26,12116,买盘
1761,09:41:33,4.66,-0.01,34,15844,卖盘
1762,09:41:30,4.67,--,1,467,买盘
1763,09:41:27,4.67,--,10,4670,买盘
1764,09:41:24,4.67,--,571,266657,买盘
1765,09:41:21,4.67,--,6,2802,买盘
1766,09:41:18,4.67,--,196,91532,卖盘
1767,09:41:12,4.67,--,60,28020,卖盘
1768,09:41:09,4.67,--,85,39695,卖盘
1769,09:41:06,4.67,--,4,1868,卖盘
1770,09:41:00,4.67,--,39,18213,卖盘
1771,09:40:57,4.67,--,22,10274,卖盘
1772,09:40:54,4.67,-0.01,1,467,卖盘
1773,09:40:51,4.68,0.01,18,8424,买盘
1774,09:40:45,4.67,-0.01,56,26152,卖盘
1775,09:40:42,4.68,--,3,1404,买盘
1776,09:40:39,4.68,0.01,5,2340,买盘
1777,09:40:33,4.67,--,300,140100,卖盘
1778,09:40:30,4.67,--,72,33624,卖盘
1779,09:40:27,4.67,0.01,304,141968,买盘
1780,09:40:24,4.66,-0.01,250,116500,卖盘
1781,09:40:21,4.67,--,322,150374,买盘
1782,09:40:15,4.67,--,179,83593,买盘
1783,09:40:12,4.67,0.01,206,96202,买盘
1784,09:40:09,4.66,--,117,54522,卖盘
1785,09:40:06,4.66,-0.01,10,4660,卖盘
1786,09:40:03,4.67,--,1,467,买盘
1787,09:40:00,4.67,--,30,14010,买盘
1788,09:39:54,4.67,--,1,467,买盘
1789,09:39:51,4.67,0.01,4,1868,买盘
1790,09:39:48,4.66,--,69,32154,卖盘
1791,09:39:36,4.66,--,38,17708,买盘
1792,09:39:33,4.66,--,132,61512,买盘
1793,09:39:30,4.66,--,13,6058,买盘
1794,09:39:27,4.66,0.01,10,4660,买盘
1795,09:39:24,4.65,-0.01,27,12555,卖盘
1796,09:39:21,4.66,--,63,29358,买盘
1797,09:39:18,4.66,0.01,220,102520,买盘
1798,09:39:15,4.65,--,100,46500,卖盘
1799,09:39:12,4.65,--,64,29760,卖盘
1800,09:39:09,4.65,-0.01,377,175305,卖盘
1801,09:39:06,4.66,--,10,4660,买盘
1802,09:39:03,4.66,0.01,20,9320,买盘
1803,09:39:00,4.65,-0.01,52,24180,卖盘
1804,09:38:57,4.66,0.01,29,13514,买盘
1805,09:38:54,4.65,--,48,22320,卖盘
1806,09:38:51,4.65,--,74,34410,卖盘
1807,09:38:48,4.65,-0.01,325,151125,卖盘
1808,09:38:45,4.66,0.01,100,46600,买盘
1809,09:38:42,4.65,-0.01,62,28830,卖盘
1810,09:38:39,4.66,--,803,374198,卖盘
1811,09:38:30,4.66,--,63,29358,卖盘
1812,09:38:24,4.66,--,310,144460,卖盘
1813,09:38:21,4.66,--,219,102054,买盘
1814,09:38:18,4.66,--,30,13980,买盘
1815,09:38:15,4.66,--,10,4660,买盘
1816,09:38:12,4.66,-0.01,54,25164,卖盘
1817,09:38:09,4.67,0.01,5,2335,买盘
1818,09:38:06,4.66,--,105,48930,买盘
1819,09:38:03,4.66,--,145,67570,卖盘
1820,09:38:00,4.66,-0.01,300,139800,卖盘
1821,09:37:57,4.67,0.01,4,1868,买盘
1822,09:37:54,4.66,--,3,1398,卖盘
1823,09:37:51,4.66,--,6,2796,卖盘
1824,09:37:48,4.66,--,6,2796,卖盘
1825,09:37:45,4.66,--,75,34950,卖盘
1826,09:37:42,4.66,-0.01,160,74560,卖盘
1827,09:37:39,4.67,0.01,39,18213,买盘
1828,09:37:33,4.66,--,410,191060,买盘
1829,09:37:30,4.66,-0.01,623,290318,卖盘
1830,09:37:27,4.67,--,154,71918,卖盘
1831,09:37:24,4.67,--,104,48568,卖盘
1832,09:37:21,4.67,--,94,43898,买盘
1833,09:37:18,4.67,--,137,63979,买盘
1834,09:37:15,4.67,--,45,21015,买盘
1835,09:37:12,4.67,-0.01,152,70984,卖盘
1836,09:37:09,4.68,0.01,200,93600,买盘
1837,09:37:06,4.67,--,45,21015,买盘
1838,09:37:03,4.67,--,27,12609,卖盘
1839,09:37:00,4.67,--,1003,468401,卖盘
1840,09:36:57,4.67,--,21,9807,卖盘
1841,09:36:54,4.67,--,32,14944,卖盘
1842,09:36:51,4.67,--,58,27086,卖盘
1843,09:36:48,4.67,0.01,123,57441,买盘
1844,09:36:45,4.66,--,18,8388,买盘
1845,09:36:42,4.66,--,1,466,买盘
1846,09:36:39,4.66,--,103,47998,卖盘
1847,09:36:36,4.66,-0.01,208,96928,卖盘
1848,09:36:33,4.67,--,305,142435,买盘
1849,09:36:30,4.67,0.01,140,65380,买盘
1850,09:36:27,4.66,-0.01,10,4660,卖盘
1851,09:36:24,4.67,--,1,467,买盘
1852,09:36:21,4.67,--,40,18680,买盘
1853,09:36:18,4.67,--,35,16345,买盘
1854,09:36:15,4.67,--,255,119085,卖盘
1855,09:36:09,4.67,--,23,10741,卖盘
1856,09:36:06,4.67,-0.01,4,1868,卖盘
1857,09:36:03,4.68,0.06,75,35100,买盘
1858,09:36:00,4.62,--,2,924,卖盘
1859,09:35:57,4.62,-0.04,759,350658,卖盘
1860,09:35:54,4.66,--,34,15844,买盘
1861,09:35:51,4.66,-0.04,1346,627236,卖盘
1862,09:35:48,4.7,--,20,9400,买盘
1863,09:35:45,4.7,--,116,54520,买盘
1864,09:35:42,4.7,0.01,4,1880,买盘
1865,09:35:39,4.69,--,6,2814,卖盘
1866,09:35:36,4.69,-0.01,30,14070,卖盘
1867,09:35:33,4.7,--,530,249100,买盘
1868,09:35:30,4.7,--,1581,743070,卖盘
1869,09:35:27,4.7,-0.01,98,46060,卖盘
1870,09:35:21,4.71,-0.01,1014,477594,卖盘
1871,09:35:18,4.72,--,21,9912,卖盘
1872,09:35:15,4.72,--,37,17464,卖盘
1873,09:35:12,4.72,-0.01,64,30208,卖盘
1874,09:35:09,4.73,0.01,437,206701,买盘
1875,09:35:03,4.72,-0.01,25,11800,卖盘
1876,09:35:00,4.73,--,151,71423,卖盘
1877,09:34:57,4.73,-0.01,10,4730,卖盘
1878,09:34:54,4.74,0.01,1,474,买盘
1879,09:34:51,4.73,--,926,437998,卖盘
1880,09:34:45,4.73,-0.01,37,17501,卖盘
1881,09:34:42,4.74,-0.01,170,80580,卖盘
1882,09:34:39,4.75,0.01,410,194750,买盘
1883,09:34:36,4.74,--,7,3318,卖盘
1884,09:34:24,4.74,-0.01,20,9480,卖盘
1885,09:34:21,4.75,0.01,10,4750,买盘
1886,09:34:18,4.74,-0.01,7,3318,卖盘
1887,09:34:09,4.75,--,11,5225,买盘
1888,09:34:00,4.75,--,52,24700,买盘
1889,09:33:57,4.75,--,66,31350,买盘
1890,09:33:54,4.75,-0.01,67,31825,卖盘
1891,09:33:48,4.76,0.02,7,3332,买盘
1892,09:33:39,4.74,--,20,9480,卖盘
1893,09:33:33,4.74,-0.01,410,194340,卖盘
1894,09:33:30,4.75,0.01,636,302100,买盘
1895,09:33:27,4.74,-0.01,115,54510,卖盘
1896,09:33:24,4.75,0.01,20,9500,买盘
1897,09:33:21,4.74,-0.01,4,1896,卖盘
1898,09:33:18,4.75,--,100,47500,买盘
1899,09:33:06,4.75,--,7,3325,买盘
1900,09:32:57,4.75,0.01,7,3325,买盘
1901,09:32:54,4.74,--,221,104754,买盘
1902,09:32:51,4.74,0.01,40,18960,买盘
1903,09:32:48,4.73,--,32,15136,卖盘
1904,09:32:45,4.73,--,94,44462,卖盘
1905,09:32:42,4.73,--,24,11352,卖盘
1906,09:32:39,4.73,--,106,50138,卖盘
1907,09:32:36,4.73,--,26,12298,卖盘
1908,09:32:30,4.73,0.01,213,100749,买盘
1909,09:32:27,4.72,-0.01,451,212872,卖盘
1910,09:32:24,4.73,--,411,194403,卖盘
1911,09:32:18,4.73,--,1,473,卖盘
1912,09:32:15,4.73,0.01,5,2365,卖盘
1913,09:32:12,4.72,-0.01,100,47200,卖盘
1914,09:32:09,4.73,--,10,4730,买盘
1915,09:32:06,4.73,--,30,14190,卖盘
1916,09:32:03,4.73,--,19,8987,卖盘
1917,09:32:00,4.73,0.01,6,2838,买盘
1918,09:31:57,4.72,-0.02,88,41536,卖盘
1919,09:31:54,4.74,0.01,152,72048,买盘
1920,09:31:51,4.73,-0.01,10,4730,卖盘
1921,09:31:48,4.74,0.01,111,52614,买盘
1922,09:31:45,4.73,--,167,78991,卖盘
1923,09:31:42,4.73,--,240,113520,卖盘
1924,09:31:39,4.73,-0.01,310,146630,卖盘
1925,09:31:36,4.74,0.01,20,9480,买盘
1926,09:31:33,4.73,--,10,4730,卖盘
1927,09:31:30,4.73,-0.01,8,3784,卖盘
1928,09:31:27,4.74,0.01,44,20856,买盘
1929,09:31:21,4.73,--,11,5203,卖盘
1930,09:31:18,4.73,--,25,11825,卖盘
1931,09:31:12,4.73,--,6,2838,卖盘
1932,09:31:09,4.73,-0.01,39,18447,卖盘
1933,09:31:06,4.74,0.01,5,2370,中性盘
1934,09:31:03,4.73,-0.02,10,4730,卖盘
1935,09:31:00,4.75,0.01,109,51775,买盘
1936,09:30:54,4.74,--,46,21804,卖盘
1937,09:30:51,4.74,--,52,24648,卖盘
1938,09:30:45,4.74,0.02,373,176802,买盘
1939,09:30:42,4.72,-0.01,516,243552,卖盘
1940,09:30:36,4.73,0.01,81,38313,买盘
1941,09:30:33,4.72,--,24,11328,买盘
1942,09:30:30,4.72,--,30,14160,买盘
1943,09:30:27,4.72,0.01,26,12272,中性盘
1944,09:30:24,4.71,-0.02,415,195465,卖盘
1945,09:30:21,4.73,0.02,54,25542,买盘
1946,09:30:18,4.71,-0.01,128,60288,卖盘
1947,09:30:15,4.72,-0.01,15,7080,卖盘
1948,09:30:12,4.73,--,18,8514,买盘
1949,09:30:09,4.73,0.02,18,8514,买盘
1950,09:30:06,4.71,-0.03,190,89490,卖盘
1951,09:30:03,4.74,-0.02,941,446034,卖盘
1952,09:30:00,4.76,--,0,0,卖盘
1953,09:25:03,4.76,4.76,984,468384,买盘
