,time,price,change,volume,amount,type
0,15:00:00,3.55,--,0,0,买盘
1,15:00:00,3.55,0.01,0,0,买盘
2,14:59:59,3.54,-0.01,102,36108,卖盘
3,14:59:57,3.55,0.01,120,42600,买盘
4,14:59:51,3.54,--,146,51684,卖盘
5,14:59:45,3.54,--,86,30444,卖盘
6,14:59:42,3.54,-0.01,197,69738,卖盘
7,14:59:36,3.55,--,60,21300,买盘
8,14:59:30,3.55,--,223,79165,买盘
9,14:59:27,3.55,--,530,188150,买盘
10,14:59:21,3.55,--,381,135255,买盘
11,14:59:16,3.55,0.01,393,139515,买盘
12,14:59:06,3.54,-0.01,7,2478,卖盘
13,14:59:00,3.55,--,50,17750,买盘
14,14:58:55,3.55,--,20,7100,买盘
15,14:58:51,3.55,--,136,48280,买盘
16,14:58:45,3.55,--,5,1775,买盘
17,14:58:40,3.55,--,10,3550,买盘
18,14:58:36,3.55,--,76,26980,买盘
19,14:58:30,3.55,--,32,11360,买盘
20,14:58:25,3.55,--,136,48280,买盘
21,14:58:15,3.55,0.01,4,1420,买盘
22,14:58:06,3.54,-0.01,1,354,卖盘
23,14:58:00,3.55,--,2,710,买盘
24,14:57:54,3.55,--,124,44020,买盘
25,14:57:51,3.55,0.01,3,1065,买盘
26,14:57:36,3.54,-0.01,1,354,卖盘
27,14:57:21,3.55,--,1,355,买盘
28,14:57:15,3.55,0.01,13,4615,买盘
29,14:57:01,3.54,-0.01,100,35400,卖盘
30,14:56:54,3.55,--,3,1065,买盘
31,14:56:45,3.55,--,34,12070,买盘
32,14:56:36,3.55,--,5,1775,买盘
33,14:56:30,3.55,--,10,3550,买盘
34,14:56:09,3.55,--,476,168980,买盘
35,14:56:06,3.55,--,5,1775,买盘
36,14:56:00,3.55,--,600,213000,买盘
37,14:55:45,3.55,--,276,97980,买盘
38,14:55:39,3.55,0.01,4,1420,买盘
39,14:55:36,3.54,-0.01,2,708,卖盘
40,14:55:21,3.55,0.01,217,77035,买盘
41,14:55:16,3.54,-0.01,50,17700,卖盘
42,14:55:06,3.55,--,20,7100,买盘
43,14:55:00,3.55,--,526,186730,买盘
44,14:54:51,3.55,--,200,71000,买盘
45,14:54:39,3.55,0.01,248,88040,买盘
46,14:54:36,3.54,--,3,1062,卖盘
47,14:54:30,3.54,--,37,13098,卖盘
48,14:54:24,3.54,--,45,15930,卖盘
49,14:54:21,3.54,-0.01,53,18762,卖盘
50,14:54:09,3.55,0.01,207,73485,买盘
51,14:54:06,3.54,--,3,1062,卖盘
52,14:53:54,3.54,--,1,354,卖盘
53,14:53:51,3.54,-0.01,91,32214,卖盘
54,14:53:45,3.55,--,207,73485,买盘
55,14:53:36,3.55,--,12,4260,买盘
56,14:53:30,3.55,0.01,20,7100,买盘
57,14:53:21,3.54,--,208,73632,卖盘
58,14:53:11,3.54,--,196,69384,卖盘
59,14:53:06,3.54,--,2505,886770,卖盘
60,14:53:00,3.54,--,117,41418,卖盘
61,14:52:54,3.54,--,221,78234,卖盘
62,14:52:51,3.54,--,45,15930,卖盘
63,14:52:45,3.54,--,172,60888,卖盘
64,14:52:39,3.54,-0.01,300,106200,卖盘
65,14:52:36,3.55,0.01,217,77035,买盘
66,14:52:30,3.54,--,269,95226,卖盘
67,14:52:25,3.54,--,1,354,卖盘
68,14:52:21,3.54,--,3,1062,卖盘
69,14:52:15,3.54,--,7,2478,卖盘
70,14:52:06,3.54,--,136,48144,卖盘
71,14:52:00,3.54,-0.01,350,124169,卖盘
72,14:51:54,3.55,--,7,2485,买盘
73,14:51:45,3.55,0.01,6,2130,买盘
74,14:51:40,3.54,-0.01,781,276778,卖盘
75,14:51:33,3.55,--,27,9585,买盘
76,14:51:24,3.55,0.01,1,355,买盘
77,14:51:15,3.54,--,15,5310,卖盘
78,14:51:03,3.54,--,2,708,卖盘
79,14:51:00,3.54,-0.01,50,17700,卖盘
80,14:50:54,3.55,--,30,10650,买盘
81,14:50:48,3.55,0.01,87,30885,买盘
82,14:50:39,3.54,--,16,5664,卖盘
83,14:50:33,3.54,--,46,16284,卖盘
84,14:50:30,3.54,--,275,97350,卖盘
85,14:50:24,3.54,-0.01,119,42126,卖盘
86,14:50:18,3.55,0.01,366,129930,买盘
87,14:50:09,3.54,--,48,16992,卖盘
88,14:50:03,3.54,-0.01,13,4602,卖盘
89,14:49:48,3.55,--,86,30530,买盘
90,14:49:45,3.55,--,9,3195,买盘
91,14:49:39,3.55,0.01,84,29820,买盘
92,14:49:33,3.54,-0.01,3,1062,卖盘
93,14:49:30,3.55,--,12,4260,买盘
94,14:49:24,3.55,--,64,22720,买盘
95,14:49:18,3.55,0.01,88,31240,买盘
96,14:49:15,3.54,--,293,103722,卖盘
97,14:49:09,3.54,--,271,95934,卖盘
98,14:49:03,3.54,-0.01,20,7080,卖盘
99,14:49:00,3.55,--,785,278675,买盘
100,14:48:48,3.55,--,137,48635,买盘
101,14:48:39,3.55,0.01,165,58575,买盘
102,14:48:33,3.54,-0.01,2,708,卖盘
103,14:48:30,3.55,--,2,710,买盘
104,14:48:18,3.55,--,86,30530,买盘
105,14:48:15,3.55,0.01,104,36920,买盘
106,14:48:09,3.54,--,65,23010,卖盘
107,14:48:03,3.54,--,9,3186,卖盘
108,14:48:00,3.54,-0.01,194,68676,卖盘
109,14:47:48,3.55,0.01,86,30530,买盘
110,14:47:39,3.54,--,10,3540,卖盘
111,14:47:35,3.54,--,258,91332,卖盘
112,14:47:29,3.54,-0.01,608,215423,卖盘
113,14:47:18,3.55,0.01,86,30530,买盘
114,14:47:15,3.54,--,39,13806,卖盘
115,14:47:09,3.54,--,1,354,卖盘
116,14:47:02,3.54,--,14,4956,卖盘
117,14:47:00,3.54,--,90,31860,卖盘
118,14:46:54,3.54,--,44,15576,卖盘
119,14:46:48,3.54,--,135,47790,卖盘
120,14:46:45,3.54,--,75,26550,卖盘
121,14:46:39,3.54,--,1,354,卖盘
122,14:46:33,3.54,--,3,1062,卖盘
123,14:46:24,3.54,--,37,13101,卖盘
124,14:46:18,3.54,--,122,43188,卖盘
125,14:46:15,3.54,--,517,183018,卖盘
126,14:46:09,3.54,--,24,8496,卖盘
127,14:46:03,3.54,-0.01,2,708,卖盘
128,14:46:00,3.55,0.01,1,355,买盘
129,14:45:54,3.54,-0.01,148,52392,卖盘
130,14:45:49,3.55,0.01,354,125670,买盘
131,14:45:45,3.54,-0.01,1750,619730,卖盘
132,14:45:39,3.55,0.01,428,151940,买盘
133,14:45:33,3.54,--,3,1062,卖盘
134,14:45:30,3.54,--,41,14514,卖盘
135,14:45:24,3.54,-0.01,9,3186,卖盘
136,14:45:18,3.55,0.01,86,30530,买盘
137,14:45:09,3.54,--,50,17700,卖盘
138,14:45:03,3.54,--,420,148680,卖盘
139,14:44:57,3.54,--,570,201780,卖盘
140,14:44:54,3.54,-0.01,1709,605262,卖盘
141,14:44:42,3.55,0.01,5,1775,买盘
142,14:44:39,3.54,--,1,354,卖盘
143,14:44:33,3.54,--,60,21240,卖盘
144,14:44:18,3.54,--,25,8850,卖盘
145,14:44:12,3.54,--,33,11682,卖盘
146,14:44:09,3.54,--,1,354,卖盘
147,14:44:03,3.54,--,6,2124,卖盘
148,14:43:56,3.54,--,6,2124,卖盘
149,14:43:54,3.54,--,14,4956,卖盘
150,14:43:48,3.54,--,35,12390,卖盘
151,14:43:43,3.54,--,86,30444,卖盘
152,14:43:39,3.54,--,198,70092,卖盘
153,14:43:33,3.54,--,2,708,卖盘
154,14:43:27,3.54,--,1,354,卖盘
155,14:43:09,3.54,--,15,5310,卖盘
156,14:43:03,3.54,-0.01,3,1062,卖盘
157,14:42:38,3.55,0.01,31,11005,买盘
158,14:42:33,3.54,--,2,708,卖盘
159,14:42:18,3.54,--,11,3894,卖盘
160,14:42:09,3.54,--,23,8142,卖盘
161,14:42:03,3.54,--,53,18762,卖盘
162,14:41:57,3.54,--,1,354,卖盘
163,14:41:54,3.54,-0.01,46,16284,卖盘
164,14:41:48,3.55,0.01,8,2840,买盘
165,14:41:42,3.54,--,1,354,卖盘
166,14:41:39,3.54,--,275,97350,卖盘
167,14:41:33,3.54,-0.01,45,15930,卖盘
168,14:41:27,3.55,--,519,184245,买盘
169,14:41:18,3.55,--,57,20235,卖盘
170,14:41:12,3.55,--,2,710,卖盘
171,14:41:08,3.55,0.01,41,14555,买盘
172,14:41:03,3.54,-0.01,14,4956,卖盘
173,14:40:57,3.55,0.01,15,5325,买盘
174,14:40:48,3.54,-0.01,8,2832,卖盘
175,14:40:39,3.55,--,27,9585,卖盘
176,14:40:33,3.55,--,254,90170,卖盘
177,14:40:27,3.55,--,36,12780,卖盘
178,14:40:23,3.55,--,5,1775,卖盘
179,14:40:09,3.55,--,43,15265,卖盘
180,14:40:03,3.55,--,240,85200,卖盘
181,14:39:57,3.55,--,10,3550,卖盘
182,14:39:54,3.55,--,1217,432035,卖盘
183,14:39:48,3.55,--,1088,386240,卖盘
184,14:39:39,3.55,--,148,52540,卖盘
185,14:39:33,3.55,--,389,138095,卖盘
186,14:39:09,3.55,--,175,62125,卖盘
187,14:39:03,3.55,--,407,144485,卖盘
188,14:38:48,3.55,--,5,1775,卖盘
189,14:38:42,3.55,--,4,1420,卖盘
190,14:38:39,3.55,--,11,3905,卖盘
191,14:38:33,3.55,--,7,2485,卖盘
192,14:38:27,3.55,--,12,4260,卖盘
193,14:38:23,3.55,--,30,10650,卖盘
194,14:38:18,3.55,--,40,14200,卖盘
195,14:38:13,3.55,--,95,33725,卖盘
196,14:38:06,3.55,--,25,8875,卖盘
197,14:38:03,3.55,--,73,25915,卖盘
198,14:37:57,3.55,--,14,4970,卖盘
199,14:37:48,3.55,-0.01,83,29465,卖盘
200,14:37:42,3.56,0.01,568,202208,买盘
201,14:37:36,3.55,--,327,116085,卖盘
202,14:37:33,3.55,0.01,1774,629770,买盘
203,14:37:12,3.54,--,1,354,卖盘
204,14:37:06,3.54,--,2,708,卖盘
205,14:37:03,3.54,--,128,45312,卖盘
206,14:36:57,3.54,-0.01,197,69738,卖盘
207,14:36:51,3.55,--,463,164365,买盘
208,14:36:48,3.55,0.01,218,77390,买盘
209,14:36:36,3.54,--,372,131688,卖盘
210,14:36:33,3.54,--,25,8850,卖盘
211,14:36:27,3.54,-0.01,6,2124,卖盘
212,14:36:18,3.55,--,13,4615,买盘
213,14:36:12,3.55,--,41,14555,卖盘
214,14:36:06,3.55,--,15,5325,卖盘
215,14:36:03,3.55,0.01,150,53250,买盘
216,14:35:57,3.54,-0.01,226,80004,卖盘
217,14:35:52,3.55,--,511,181405,买盘
218,14:35:48,3.55,--,103,36565,买盘
219,14:35:37,3.55,0.01,19,6745,买盘
220,14:35:33,3.54,--,98,34692,卖盘
221,14:35:27,3.54,-0.01,101,35754,卖盘
222,14:35:21,3.55,--,274,97270,卖盘
223,14:35:18,3.55,-0.01,50,17750,卖盘
224,14:35:03,3.56,0.01,145,51620,买盘
225,14:34:56,3.55,--,20,7100,卖盘
226,14:34:51,3.55,--,500,177500,卖盘
227,14:34:33,3.55,--,197,69935,卖盘
228,14:34:27,3.55,-0.01,70,24850,卖盘
229,14:34:18,3.56,0.01,12,4272,买盘
230,14:34:03,3.55,-0.01,597,211935,卖盘
231,14:33:57,3.56,--,100,35600,买盘
232,14:33:48,3.56,0.01,3,1068,买盘
233,14:33:42,3.55,--,141,50055,卖盘
234,14:33:33,3.55,--,132,46860,卖盘
235,14:33:27,3.55,--,625,221875,卖盘
236,14:33:21,3.55,--,1000,355000,卖盘
237,14:33:12,3.55,--,22,7810,卖盘
238,14:33:06,3.55,--,170,60350,卖盘
239,14:33:03,3.55,--,97,34435,卖盘
240,14:32:56,3.55,--,20,7100,卖盘
241,14:32:42,3.55,--,1381,490255,卖盘
242,14:32:36,3.55,--,70,24850,卖盘
243,14:32:33,3.55,-0.01,239,84845,卖盘
244,14:32:27,3.56,--,485,172660,买盘
245,14:32:17,3.56,--,0,0,买盘
246,14:32:12,3.56,0.01,482,171592,买盘
247,14:32:03,3.55,--,108,38340,买盘
248,14:31:48,3.55,--,513,182115,买盘
249,14:31:41,3.55,--,11,3905,买盘
250,14:31:36,3.55,0.01,100,35500,买盘
251,14:31:32,3.54,-0.01,99,35046,卖盘
252,14:31:21,3.55,0.01,544,193120,买盘
253,14:31:17,3.54,--,4,1416,卖盘
254,14:31:12,3.54,--,979,346566,卖盘
255,14:31:06,3.54,-0.01,369,130626,卖盘
256,14:31:02,3.55,0.01,490,173950,买盘
257,14:30:57,3.54,-0.01,10,3540,卖盘
258,14:30:51,3.55,--,13,4615,买盘
259,14:30:42,3.55,0.01,1162,412510,买盘
260,14:30:36,3.54,-0.01,98,34692,卖盘
261,14:30:32,3.55,0.01,10,3550,买盘
262,14:30:26,3.54,--,46,16284,卖盘
263,14:30:21,3.54,--,7,2478,卖盘
264,14:30:16,3.54,--,69,24426,卖盘
265,14:30:12,3.54,--,436,154344,卖盘
266,14:30:06,3.54,--,2275,805350,卖盘
267,14:30:00,3.54,--,64,22656,卖盘
268,14:29:56,3.54,-0.01,1,354,卖盘
269,14:29:42,3.55,0.01,100,35500,买盘
270,14:29:35,3.54,--,5,1770,卖盘
271,14:29:31,3.54,--,11,3894,卖盘
272,14:29:27,3.54,--,143,50622,卖盘
273,14:29:21,3.54,--,224,79296,卖盘
274,14:29:06,3.54,--,3,1062,卖盘
275,14:28:36,3.54,--,2,708,卖盘
276,14:28:30,3.54,-0.01,20,7080,卖盘
277,14:28:26,3.55,0.01,103,36565,买盘
278,14:28:15,3.54,--,9,3186,卖盘
279,14:28:12,3.54,--,393,139122,卖盘
280,14:28:06,3.54,--,3,1062,卖盘
281,14:28:00,3.54,-0.01,30,10620,卖盘
282,14:27:51,3.55,--,171,60705,买盘
283,14:27:42,3.55,0.01,6,2130,买盘
284,14:27:35,3.54,--,13,4602,卖盘
285,14:27:27,3.54,--,11,3894,卖盘
286,14:27:11,3.54,--,38,13452,卖盘
287,14:27:06,3.54,-0.01,100,35400,卖盘
288,14:26:57,3.55,0.01,328,116440,买盘
289,14:26:51,3.54,-0.01,8,2832,卖盘
290,14:26:41,3.55,0.01,371,131705,买盘
291,14:26:35,3.54,--,58,20532,卖盘
292,14:26:21,3.54,--,121,42834,卖盘
293,14:26:11,3.54,--,11,3894,卖盘
294,14:26:06,3.54,-0.01,61,21594,卖盘
295,14:25:57,3.55,0.01,5,1775,买盘
296,14:25:51,3.54,-0.01,53,18762,卖盘
297,14:25:41,3.55,0.01,2,710,买盘
298,14:25:36,3.54,-0.01,57,20178,卖盘
299,14:25:31,3.55,0.01,1107,392985,买盘
300,14:25:27,3.54,-0.01,878,310812,卖盘
301,14:25:11,3.55,--,78,27690,买盘
302,14:25:06,3.55,--,198,70290,买盘
303,14:24:51,3.55,--,35,12425,买盘
304,14:24:41,3.55,--,3,1065,买盘
305,14:24:35,3.55,0.01,342,121410,买盘
306,14:24:30,3.54,-0.01,1,354,卖盘
307,14:24:26,3.55,--,98,34790,买盘
308,14:24:21,3.55,--,2,710,买盘
309,14:24:14,3.55,0.01,186,66030,买盘
310,14:24:06,3.54,-0.01,58,20532,卖盘
311,14:24:00,3.55,--,1050,372750,买盘
312,14:23:56,3.55,--,4,1420,买盘
313,14:23:51,3.55,--,82,29110,买盘
314,14:23:45,3.55,--,286,101530,买盘
315,14:23:40,3.55,--,30,10650,买盘
316,14:23:36,3.55,--,519,184245,买盘
317,14:23:30,3.55,--,1127,400085,买盘
318,14:23:21,3.55,--,4902,1740210,买盘
319,14:23:15,3.55,--,12,4260,买盘
320,14:23:06,3.55,--,119,42245,买盘
321,14:22:44,3.55,--,30,10650,买盘
322,14:22:39,3.55,0.01,71,25205,买盘
323,14:22:36,3.54,-0.01,1057,374178,卖盘
324,14:22:29,3.55,0.01,17,6035,买盘
325,14:22:24,3.54,--,1,354,卖盘
326,14:22:05,3.54,-0.01,60,21240,卖盘
327,14:21:59,3.55,0.01,5,1775,买盘
328,14:21:53,3.54,-0.01,2,708,卖盘
329,14:21:50,3.55,--,155,55025,买盘
330,14:21:44,3.55,--,60,21300,买盘
331,14:21:36,3.55,--,305,108275,买盘
332,14:21:30,3.55,--,17,6035,买盘
333,14:21:15,3.55,--,162,57510,买盘
334,14:21:09,3.55,0.01,160,56800,买盘
335,14:21:05,3.54,-0.01,397,140538,卖盘
336,14:20:59,3.55,--,39,13845,买盘
337,14:20:54,3.55,--,158,56090,买盘
338,14:20:51,3.55,--,151,53605,买盘
339,14:20:45,3.55,--,140,49700,买盘
340,14:20:40,3.55,--,147,52185,买盘
341,14:20:36,3.55,0.01,777,275835,买盘
342,14:20:29,3.54,-0.01,503,178062,卖盘
343,14:20:24,3.55,--,86,30530,买盘
344,14:20:20,3.55,--,91,32305,买盘
345,14:20:08,3.55,--,179,63545,买盘
346,14:20:06,3.55,0.01,102,36210,买盘
347,14:19:59,3.54,-0.01,254,89916,卖盘
348,14:19:53,3.55,0.01,30,10650,买盘
349,14:19:44,3.54,-0.01,10,3540,卖盘
350,14:19:39,3.55,0.01,93,33015,买盘
351,14:19:35,3.54,-0.01,3,1062,卖盘
352,14:19:29,3.55,0.01,10,3550,买盘
353,14:19:20,3.54,--,20,7080,卖盘
354,14:19:14,3.54,--,20,7080,卖盘
355,14:19:05,3.54,-0.01,30,10620,卖盘
356,14:18:51,3.55,0.01,42,14910,买盘
357,14:18:44,3.54,-0.01,1,354,卖盘
358,14:18:36,3.55,0.01,203,72065,买盘
359,14:18:29,3.54,-0.01,1,354,卖盘
360,14:18:14,3.55,0.01,14,4970,买盘
361,14:18:05,3.54,--,3,1062,卖盘
362,14:17:39,3.54,--,209,73986,卖盘
363,14:17:34,3.54,-0.01,2,708,卖盘
364,14:17:24,3.55,--,54,19170,买盘
365,14:17:15,3.55,0.01,1315,466825,买盘
366,14:17:08,3.54,--,65,23010,卖盘
367,14:17:05,3.54,--,3,1062,卖盘
368,14:17:00,3.54,--,22,7788,卖盘
369,14:16:48,3.54,--,30,10620,卖盘
370,14:16:35,3.54,--,2,708,卖盘
371,14:16:29,3.54,-0.01,3,1062,卖盘
372,14:16:24,3.55,0.01,197,69935,买盘
373,14:16:14,3.54,--,31,10974,卖盘
374,14:16:08,3.54,--,50,17700,卖盘
375,14:16:05,3.54,--,3,1062,卖盘
376,14:15:53,3.54,--,362,128148,卖盘
377,14:15:35,3.54,--,3,1062,卖盘
378,14:15:29,3.54,--,12,4248,卖盘
379,14:15:05,3.54,--,11,3894,卖盘
380,14:15:00,3.54,--,1,354,卖盘
381,14:14:33,3.54,-0.01,4,1416,卖盘
382,14:14:29,3.55,--,108,38340,买盘
383,14:14:23,3.55,0.01,6,2130,买盘
384,14:14:15,3.54,--,681,241074,卖盘
385,14:14:09,3.54,--,1,354,卖盘
386,14:14:03,3.54,--,2,708,卖盘
387,14:14:00,3.54,--,20,7080,卖盘
388,14:13:44,3.54,-0.01,322,113988,卖盘
389,14:13:38,3.55,0.01,15,5325,买盘
390,14:13:32,3.54,-0.01,3,1062,卖盘
391,14:13:24,3.55,--,51,18105,买盘
392,14:13:14,3.55,--,222,78810,买盘
393,14:13:09,3.55,--,1,355,买盘
394,14:13:04,3.55,--,33,11715,买盘
395,14:12:59,3.55,--,10,3550,买盘
396,14:12:53,3.55,0.01,18,6390,买盘
397,14:12:45,3.54,--,225,79650,卖盘
398,14:12:32,3.54,-0.01,2,708,卖盘
399,14:12:23,3.55,--,32,11360,买盘
400,14:12:14,3.55,0.01,48,17040,买盘
401,14:12:04,3.54,-0.01,9,3186,卖盘
402,14:11:44,3.55,0.01,52,18460,买盘
403,14:11:32,3.54,-0.01,30,10620,卖盘
404,14:11:15,3.55,--,46,16330,买盘
405,14:11:09,3.55,--,35,12425,买盘
406,14:11:02,3.55,0.01,29,10295,买盘
407,14:10:47,3.54,-0.01,7,2478,卖盘
408,14:10:44,3.55,0.01,40,14200,买盘
409,14:10:32,3.54,--,3,1062,卖盘
410,14:10:29,3.54,--,100,35400,卖盘
411,14:10:23,3.54,-0.01,11,3894,卖盘
412,14:10:17,3.55,--,1,355,买盘
413,14:10:14,3.55,0.01,39,13845,买盘
414,14:10:02,3.54,-0.01,14,4956,卖盘
415,14:09:53,3.55,--,1,355,买盘
416,14:09:48,3.55,--,12,4260,买盘
417,14:09:43,3.55,--,90,31950,买盘
418,14:09:38,3.55,0.01,27,9585,买盘
419,14:09:33,3.54,-0.01,354,125316,卖盘
420,14:09:23,3.55,0.01,102,36210,买盘
421,14:09:17,3.54,-0.01,1293,457722,卖盘
422,14:09:14,3.55,--,40,14200,买盘
423,14:09:08,3.55,--,5,1775,买盘
424,14:09:02,3.55,--,370,131350,买盘
425,14:08:59,3.55,0.01,118,41890,买盘
426,14:08:47,3.54,-0.01,40,14160,卖盘
427,14:08:43,3.55,0.01,40,14200,买盘
428,14:08:33,3.54,--,77,27258,卖盘
429,14:08:23,3.54,--,70,24780,卖盘
430,14:08:17,3.54,-0.01,72,25488,卖盘
431,14:08:14,3.55,0.01,39,13845,买盘
432,14:08:02,3.54,--,3,1062,卖盘
433,14:07:47,3.54,-0.01,1,354,卖盘
434,14:07:43,3.55,0.01,47,16685,买盘
435,14:07:32,3.54,--,83,29382,卖盘
436,14:07:23,3.54,-0.01,81,28674,卖盘
437,14:07:13,3.55,0.01,40,14200,买盘
438,14:07:03,3.54,-0.01,31,10974,卖盘
439,14:06:47,3.55,--,10,3550,买盘
440,14:06:41,3.55,0.01,40,14200,买盘
441,14:06:32,3.54,-0.01,2,708,卖盘
442,14:06:26,3.55,0.01,14,4970,买盘
443,14:06:23,3.54,--,83,29382,卖盘
444,14:06:17,3.54,-0.01,104,36816,卖盘
445,14:06:12,3.55,0.01,39,13845,买盘
446,14:06:08,3.54,--,45,15930,卖盘
447,14:06:02,3.54,-0.01,7,2478,卖盘
448,14:05:47,3.55,--,60,21300,买盘
449,14:05:41,3.55,0.01,1040,369200,买盘
450,14:05:38,3.54,--,10,3540,卖盘
451,14:05:32,3.54,--,4,1416,卖盘
452,14:05:26,3.54,--,22,7788,卖盘
453,14:05:17,3.54,-0.01,168,59472,卖盘
454,14:05:13,3.55,0.01,52,18460,买盘
455,14:05:08,3.54,--,306,108324,卖盘
456,14:05:02,3.54,-0.01,700,247800,卖盘
457,14:04:53,3.55,--,2,710,买盘
458,14:04:41,3.55,0.01,40,14200,买盘
459,14:04:32,3.54,-0.01,3,1062,卖盘
460,14:04:23,3.55,--,10,3550,买盘
461,14:04:11,3.55,0.01,39,13845,买盘
462,14:04:03,3.54,-0.01,443,156822,卖盘
463,14:03:41,3.55,0.01,40,14200,买盘
464,14:03:32,3.54,-0.01,8,2832,卖盘
465,14:03:11,3.55,0.01,40,14200,买盘
466,14:03:02,3.54,--,3,1062,卖盘
467,14:02:56,3.54,-0.01,4,1416,卖盘
468,14:02:47,3.55,--,55,19525,买盘
469,14:02:41,3.55,0.01,45,15975,买盘
470,14:02:32,3.54,--,2,708,卖盘
471,14:02:17,3.54,-0.01,20,7080,卖盘
472,14:02:11,3.55,--,41,14555,买盘
473,14:02:07,3.55,0.01,1,355,买盘
474,14:02:02,3.54,-0.01,5,1770,卖盘
475,14:01:56,3.55,--,4,1420,买盘
476,14:01:52,3.55,--,140,49700,买盘
477,14:01:47,3.55,--,3,1065,买盘
478,14:01:41,3.55,--,1,355,买盘
479,14:01:32,3.55,--,5,1775,买盘
480,14:01:26,3.55,--,23,8165,买盘
481,14:01:23,3.55,--,2,710,买盘
482,14:01:17,3.55,--,252,89460,买盘
483,14:01:11,3.55,--,2,710,买盘
484,14:01:07,3.55,0.01,562,199510,买盘
485,14:01:02,3.54,-0.01,15,5310,卖盘
486,14:00:56,3.55,--,35,12425,买盘
487,14:00:52,3.55,--,2,710,买盘
488,14:00:47,3.55,--,73,25915,买盘
489,14:00:41,3.55,--,286,101530,买盘
490,14:00:38,3.55,0.01,1000,355000,买盘
491,14:00:32,3.54,-0.01,963,340902,卖盘
492,14:00:26,3.55,--,49,17395,买盘
493,14:00:22,3.55,--,44,15620,买盘
494,14:00:17,3.55,--,231,82005,买盘
495,14:00:11,3.55,0.01,1580,560900,买盘
496,14:00:08,3.54,--,4148,1468392,买盘
497,14:00:02,3.54,--,1095,387630,买盘
498,13:59:56,3.54,--,589,208506,买盘
499,13:59:51,3.54,--,150,53100,买盘
500,13:59:47,3.54,--,21,7434,买盘
501,13:59:41,3.54,0.01,497,175938,买盘
502,13:59:32,3.53,-0.01,1003,354059,卖盘
503,13:59:17,3.54,0.01,185,65490,买盘
504,13:59:11,3.53,-0.01,70,24710,卖盘
505,13:59:05,3.54,0.01,3,1062,买盘
506,13:59:02,3.53,-0.01,41,14473,卖盘
507,13:58:56,3.54,0.01,20,7080,买盘
508,13:58:47,3.53,-0.01,50,17650,卖盘
509,13:58:41,3.54,0.01,71,25134,买盘
510,13:58:32,3.53,-0.01,13,4589,卖盘
511,13:58:26,3.54,--,10,3540,买盘
512,13:58:17,3.54,--,147,52038,买盘
513,13:58:05,3.54,0.01,15,5310,买盘
514,13:58:02,3.53,--,3,1059,卖盘
515,13:57:56,3.53,-0.01,10,3530,卖盘
516,13:57:50,3.54,--,54,19116,买盘
517,13:57:41,3.54,0.01,86,30444,买盘
518,13:57:32,3.53,--,44,15532,卖盘
519,13:57:26,3.53,--,95,33535,卖盘
520,13:57:11,3.53,--,1,353,卖盘
521,13:57:06,3.53,--,1,353,卖盘
522,13:57:02,3.53,--,4,1412,卖盘
523,13:56:56,3.53,--,1,353,卖盘
524,13:56:50,3.53,--,2,706,卖盘
525,13:56:41,3.53,--,7,2471,卖盘
526,13:56:35,3.53,--,24,8472,卖盘
527,13:56:26,3.53,-0.01,29,10237,卖盘
528,13:56:20,3.54,0.01,95,33630,买盘
529,13:56:11,3.53,--,26,9178,卖盘
530,13:56:05,3.53,--,4,1412,卖盘
531,13:55:50,3.53,-0.01,50,17650,卖盘
532,13:55:35,3.54,0.01,34,12036,买盘
533,13:55:26,3.53,-0.01,9,3177,卖盘
534,13:55:20,3.54,0.01,24,8496,买盘
535,13:55:11,3.53,--,91,32123,卖盘
536,13:55:05,3.53,--,19,6707,卖盘
537,13:54:56,3.53,-0.01,6,2118,卖盘
538,13:54:41,3.54,0.01,100,35400,买盘
539,13:54:35,3.53,-0.01,3,1059,卖盘
540,13:54:20,3.54,0.01,94,33276,买盘
541,13:54:05,3.53,-0.01,32,11296,卖盘
542,13:53:56,3.54,--,1,354,买盘
543,13:53:46,3.54,0.01,877,310458,买盘
544,13:53:41,3.53,-0.01,44,15532,卖盘
545,13:53:35,3.54,0.01,103,36462,买盘
546,13:53:26,3.53,--,1,353,卖盘
547,13:53:05,3.53,-0.01,3,1059,卖盘
548,13:52:56,3.54,--,70,24780,买盘
549,13:52:50,3.54,--,6,2124,买盘
550,13:52:41,3.54,0.01,86,30444,买盘
551,13:52:35,3.53,-0.01,2,706,卖盘
552,13:52:26,3.54,0.01,49,17346,买盘
553,13:52:05,3.53,--,4,1412,卖盘
554,13:51:50,3.53,--,5,1765,卖盘
555,13:51:41,3.53,--,1,353,卖盘
556,13:51:35,3.53,--,19,6707,卖盘
557,13:51:20,3.53,--,74,26122,卖盘
558,13:51:11,3.53,--,7,2471,卖盘
559,13:51:05,3.53,-0.01,104,36712,卖盘
560,13:50:59,3.54,0.01,50,17700,买盘
561,13:50:50,3.53,--,9,3177,卖盘
562,13:50:35,3.53,--,12,4236,卖盘
563,13:50:30,3.53,--,55,19415,卖盘
564,13:50:05,3.53,-0.01,14,4942,卖盘
565,13:50:01,3.54,0.01,3,1062,买盘
566,13:49:35,3.53,--,3,1059,卖盘
567,13:49:28,3.53,--,1,353,卖盘
568,13:49:25,3.53,--,10,3530,卖盘
569,13:49:05,3.53,-0.01,2,706,卖盘
570,13:48:50,3.54,0.01,300,106200,买盘
571,13:48:35,3.53,-0.01,3,1059,卖盘
572,13:48:29,3.54,--,119,42126,买盘
573,13:48:14,3.54,--,6,2124,买盘
574,13:48:05,3.54,0.01,11,3894,买盘
575,13:47:59,3.53,--,20,7060,卖盘
576,13:47:50,3.53,--,20,7060,卖盘
577,13:47:35,3.53,-0.01,3,1059,卖盘
578,13:47:14,3.54,0.01,12,4248,买盘
579,13:47:05,3.53,--,16,5648,卖盘
580,13:46:59,3.53,--,222,78366,卖盘
581,13:46:35,3.53,--,2,706,卖盘
582,13:46:29,3.53,--,6,2118,卖盘
583,13:46:23,3.53,--,200,70600,卖盘
584,13:46:20,3.53,--,74,26122,卖盘
585,13:46:14,3.53,--,10,3530,卖盘
586,13:46:05,3.53,-0.01,3,1059,卖盘
587,13:45:59,3.54,0.01,5,1770,买盘
588,13:45:50,3.53,--,50,17650,卖盘
589,13:45:44,3.53,--,129,45537,卖盘
590,13:45:40,3.53,--,148,52244,卖盘
591,13:45:35,3.53,--,4,1412,卖盘
592,13:45:20,3.53,-0.01,130,45890,卖盘
593,13:45:14,3.54,--,103,36462,买盘
594,13:45:10,3.54,0.01,2,708,买盘
595,13:45:05,3.53,--,308,108724,卖盘
596,13:44:59,3.53,--,24,8472,卖盘
597,13:44:56,3.53,-0.01,5,1765,卖盘
598,13:44:44,3.54,0.01,62,21948,买盘
599,13:44:35,3.53,--,35,12355,卖盘
600,13:44:20,3.53,-0.01,117,41301,卖盘
601,13:44:08,3.54,0.01,1,354,买盘
602,13:44:05,3.53,-0.01,35,12355,卖盘
603,13:43:59,3.54,0.01,49,17346,买盘
604,13:43:50,3.53,-0.01,250,88250,卖盘
605,13:43:44,3.54,--,166,58764,买盘
606,13:43:39,3.54,0.01,2,708,买盘
607,13:43:35,3.53,-0.01,733,258749,卖盘
608,13:43:20,3.54,--,3,1062,买盘
609,13:43:05,3.54,--,43,15222,买盘
610,13:42:59,3.54,--,3,1062,买盘
611,13:42:44,3.54,--,75,26550,买盘
612,13:42:35,3.54,--,35,12390,买盘
613,13:42:29,3.54,--,60,21240,买盘
614,13:42:20,3.54,--,2,708,买盘
615,13:42:14,3.54,0.01,1,354,买盘
616,13:42:08,3.53,--,2,706,卖盘
617,13:42:04,3.53,-0.01,34,12002,卖盘
618,13:41:59,3.54,--,79,27966,买盘
619,13:41:53,3.54,--,12,4248,买盘
620,13:41:44,3.54,0.01,50,17700,买盘
621,13:41:38,3.53,--,100,35300,卖盘
622,13:41:34,3.53,--,333,117549,卖盘
623,13:41:23,3.53,--,74,26122,卖盘
624,13:41:14,3.53,--,2,706,卖盘
625,13:41:04,3.53,--,36,12708,卖盘
626,13:40:59,3.53,-0.01,7,2471,卖盘
627,13:40:44,3.54,0.01,1,354,买盘
628,13:40:38,3.53,--,3,1059,卖盘
629,13:40:34,3.53,--,41,14473,卖盘
630,13:40:23,3.53,-0.01,4,1412,卖盘
631,13:40:18,3.54,0.01,1512,535248,买盘
632,13:40:14,3.53,--,12,4236,卖盘
633,13:40:08,3.53,--,54,19062,卖盘
634,13:40:05,3.53,--,36,12708,卖盘
635,13:39:53,3.53,-0.01,277,97781,卖盘
636,13:39:44,3.54,0.01,14,4956,买盘
637,13:39:38,3.53,--,1,353,卖盘
638,13:39:32,3.53,--,36,12708,卖盘
639,13:39:23,3.53,--,259,91427,卖盘
640,13:39:03,3.53,--,33,11649,卖盘
641,13:38:58,3.53,-0.01,45,15885,卖盘
642,13:38:44,3.54,0.01,60,21240,买盘
643,13:38:34,3.53,-0.01,34,12002,卖盘
644,13:38:29,3.54,--,90,31860,买盘
645,13:38:14,3.54,--,202,71508,买盘
646,13:38:08,3.54,0.01,10,3540,买盘
647,13:38:03,3.53,-0.01,36,12708,卖盘
648,13:37:59,3.54,0.01,45,15930,买盘
649,13:37:34,3.53,-0.01,70,24710,卖盘
650,13:37:23,3.54,--,40,14160,买盘
651,13:37:14,3.54,--,375,132750,买盘
652,13:37:08,3.54,0.01,15,5310,买盘
653,13:37:02,3.53,-0.01,35,12355,卖盘
654,13:36:48,3.54,0.01,2,708,买盘
655,13:36:44,3.53,--,82,28946,卖盘
656,13:36:34,3.53,--,52,18356,卖盘
657,13:36:29,3.53,-0.01,186,65658,卖盘
658,13:36:18,3.54,0.01,798,282492,买盘
659,13:36:04,3.53,-0.01,62,21886,卖盘
660,13:35:59,3.54,--,1148,406392,买盘
661,13:35:53,3.54,--,30,10620,买盘
662,13:35:44,3.54,0.01,3,1062,买盘
663,13:35:32,3.53,--,33,11649,卖盘
664,13:35:29,3.53,--,2,706,卖盘
665,13:35:02,3.53,-0.01,34,12002,卖盘
666,13:34:53,3.54,--,10,3540,买盘
667,13:34:47,3.54,--,10,3540,买盘
668,13:34:43,3.54,--,90,31860,买盘
669,13:34:38,3.54,0.01,11,3894,买盘
670,13:34:32,3.53,-0.01,251,88603,卖盘
671,13:34:23,3.54,--,165,58410,买盘
672,13:34:17,3.54,0.01,63,22302,买盘
673,13:34:13,3.53,--,138,48714,卖盘
674,13:34:08,3.53,--,10,3530,卖盘
675,13:34:02,3.53,-0.01,165,58245,卖盘
676,13:33:58,3.54,--,7,2478,买盘
677,13:33:53,3.54,0.01,152,53808,买盘
678,13:33:43,3.53,-0.01,100,35300,卖盘
679,13:33:38,3.54,0.01,32,11328,买盘
680,13:33:32,3.53,-0.01,34,12002,卖盘
681,13:33:28,3.54,--,54,19116,买盘
682,13:33:23,3.54,--,54,19116,买盘
683,13:33:14,3.54,--,1,354,买盘
684,13:33:08,3.54,0.01,106,37524,买盘
685,13:33:02,3.53,-0.01,33,11649,卖盘
686,13:32:53,3.54,0.01,3,1062,买盘
687,13:32:47,3.53,-0.01,13,4589,卖盘
688,13:32:43,3.54,0.01,29,10266,买盘
689,13:32:32,3.53,-0.01,44,15532,卖盘
690,13:32:17,3.54,--,633,224082,买盘
691,13:32:08,3.54,0.01,2,708,买盘
692,13:32:02,3.53,--,38,13414,卖盘
693,13:31:58,3.53,--,37,13061,卖盘
694,13:31:47,3.53,--,5,1765,卖盘
695,13:31:32,3.53,-0.01,35,12355,卖盘
696,13:31:28,3.54,--,1,354,买盘
697,13:31:23,3.54,0.01,478,169212,买盘
698,13:31:17,3.53,--,10,3530,卖盘
699,13:31:02,3.53,--,34,12002,卖盘
700,13:30:41,3.53,--,20,7060,卖盘
701,13:30:32,3.53,--,467,164851,卖盘
702,13:30:27,3.53,--,100,35300,卖盘
703,13:30:23,3.53,-0.01,18,6354,卖盘
704,13:30:17,3.54,0.01,18,6372,买盘
705,13:30:02,3.53,--,34,12002,卖盘
706,13:29:32,3.53,--,106,37418,卖盘
707,13:29:08,3.53,--,20,7060,卖盘
708,13:29:02,3.53,-0.01,2,706,卖盘
709,13:28:43,3.54,0.01,54,19116,买盘
710,13:28:32,3.53,-0.01,3,1059,卖盘
711,13:28:23,3.54,0.01,30,10620,买盘
712,13:28:08,3.53,--,1,353,卖盘
713,13:28:02,3.53,-0.01,2,706,卖盘
714,13:27:53,3.54,0.01,10,3540,买盘
715,13:27:32,3.53,--,8,2824,卖盘
716,13:27:28,3.53,--,1,353,卖盘
717,13:27:02,3.53,--,3,1059,卖盘
718,13:26:52,3.53,--,10,3530,卖盘
719,13:26:35,3.53,--,10,3530,卖盘
720,13:26:32,3.53,--,2,706,卖盘
721,13:26:22,3.53,--,69,24357,卖盘
722,13:26:11,3.53,--,85,30005,卖盘
723,13:26:02,3.53,--,3,1059,卖盘
724,13:25:56,3.53,--,177,62481,卖盘
725,13:25:51,3.53,--,41,14473,卖盘
726,13:25:32,3.53,--,5,1765,卖盘
727,13:25:26,3.53,-0.01,86,30358,卖盘
728,13:25:15,3.54,0.01,28,9912,买盘
729,13:25:02,3.53,-0.01,3,1059,卖盘
730,13:24:41,3.54,0.01,63,22302,买盘
731,13:24:32,3.53,--,13,4589,卖盘
732,13:24:26,3.53,--,163,57539,卖盘
733,13:24:21,3.53,-0.01,13,4589,卖盘
734,13:24:16,3.54,--,67,23718,买盘
735,13:24:06,3.54,0.01,85,30090,买盘
736,13:24:02,3.53,-0.01,2,706,卖盘
737,13:23:56,3.54,--,83,29382,买盘
738,13:23:50,3.54,0.01,10,3540,买盘
739,13:23:47,3.53,--,2,706,卖盘
740,13:23:32,3.53,-0.01,3,1059,卖盘
741,13:23:17,3.54,0.01,297,105138,买盘
742,13:23:02,3.53,-0.01,2,706,卖盘
743,13:22:56,3.54,0.01,1,354,买盘
744,13:22:40,3.53,--,129,45537,卖盘
745,13:22:32,3.53,-0.01,6,2118,卖盘
746,13:22:22,3.54,0.01,1,354,买盘
747,13:22:17,3.53,--,122,43066,卖盘
748,13:22:02,3.53,--,10,3530,卖盘
749,13:21:56,3.53,-0.01,21,7413,卖盘
750,13:21:41,3.54,0.01,10,3540,买盘
751,13:21:32,3.53,-0.01,66,23298,卖盘
752,13:21:26,3.54,--,5,1770,买盘
753,13:21:17,3.54,0.01,1,354,买盘
754,13:21:02,3.53,-0.01,3,1059,卖盘
755,13:20:51,3.54,--,510,180540,买盘
756,13:20:47,3.54,0.01,11,3894,买盘
757,13:20:32,3.53,-0.01,2,706,卖盘
758,13:20:26,3.54,0.01,200,70800,买盘
759,13:20:21,3.53,--,98,34594,卖盘
760,13:20:11,3.53,--,50,17650,卖盘
761,13:20:02,3.53,-0.01,3,1059,卖盘
762,13:19:44,3.54,0.01,3,1062,买盘
763,13:19:35,3.53,-0.01,2,706,卖盘
764,13:19:06,3.54,0.01,206,72924,买盘
765,13:18:56,3.53,-0.01,400,141200,卖盘
766,13:18:37,3.54,--,29,10266,买盘
767,13:18:20,3.54,--,20,7080,买盘
768,13:18:11,3.54,0.01,200,70800,买盘
769,13:18:05,3.53,--,2,706,卖盘
770,13:17:50,3.53,-0.01,1,353,卖盘
771,13:17:35,3.54,--,36,12744,买盘
772,13:17:26,3.54,0.01,454,160716,买盘
773,13:17:16,3.53,--,292,103076,卖盘
774,13:17:05,3.53,-0.01,52,18356,卖盘
775,13:17:00,3.54,--,27,9558,买盘
776,13:16:56,3.54,0.01,7,2478,买盘
777,13:16:35,3.53,-0.01,53,18709,卖盘
778,13:16:11,3.54,--,33,11682,买盘
779,13:16:05,3.54,0.01,206,72924,买盘
780,13:15:35,3.53,-0.01,2,706,卖盘
781,13:15:31,3.54,0.01,27,9558,买盘
782,13:15:26,3.53,--,40,14120,卖盘
783,13:15:05,3.53,-0.01,3,1059,卖盘
784,13:15:00,3.54,0.01,1,354,买盘
785,13:14:50,3.53,-0.01,100,35300,卖盘
786,13:14:45,3.54,0.01,32,11328,买盘
787,13:14:41,3.53,--,30,10590,卖盘
788,13:14:35,3.53,--,2,706,卖盘
789,13:14:20,3.53,--,9,3177,卖盘
790,13:14:05,3.53,-0.01,3,1059,卖盘
791,13:14:01,3.54,--,32,11328,买盘
792,13:13:56,3.54,--,1,354,买盘
793,13:13:50,3.54,0.01,19,6726,买盘
794,13:13:35,3.53,--,47,16591,卖盘
795,13:13:31,3.53,--,16,5648,卖盘
796,13:13:26,3.53,--,2,706,卖盘
797,13:13:20,3.53,--,67,23651,卖盘
798,13:13:05,3.53,-0.01,2,706,卖盘
799,13:13:01,3.54,0.01,32,11328,买盘
800,13:12:35,3.53,-0.01,3,1059,卖盘
801,13:12:20,3.54,--,20,7080,买盘
802,13:12:16,3.54,--,32,11328,买盘
803,13:12:05,3.54,--,121,42834,买盘
804,13:12:00,3.54,0.01,100,35400,买盘
805,13:11:54,3.53,-0.01,1000,353000,卖盘
806,13:11:50,3.54,0.01,1,354,买盘
807,13:11:44,3.53,--,41,14473,卖盘
808,13:11:35,3.53,-0.01,3,1059,卖盘
809,13:11:20,3.54,--,5,1770,买盘
810,13:11:16,3.54,--,127,44958,买盘
811,13:11:10,3.54,0.01,2,708,买盘
812,13:11:05,3.53,--,3,1059,卖盘
813,13:11:00,3.53,-0.01,137,48361,卖盘
814,13:10:54,3.54,0.01,10,3540,买盘
815,13:10:44,3.53,--,10,3530,卖盘
816,13:10:35,3.53,-0.01,2,706,卖盘
817,13:10:31,3.54,--,10,3540,买盘
818,13:10:24,3.54,--,36,12744,买盘
819,13:10:20,3.54,0.01,11,3894,买盘
820,13:10:14,3.53,-0.01,49,17297,卖盘
821,13:10:10,3.54,0.01,10,3540,买盘
822,13:10:05,3.53,-0.01,3,1059,卖盘
823,13:09:40,3.54,0.01,14,4956,买盘
824,13:09:35,3.53,--,7,2471,卖盘
825,13:09:29,3.53,-0.01,50,17650,卖盘
826,13:09:14,3.54,0.01,86,30444,买盘
827,13:09:05,3.53,-0.01,3,1059,卖盘
828,13:08:50,3.54,0.01,14,4956,买盘
829,13:08:44,3.53,--,2,706,卖盘
830,13:08:40,3.53,--,264,93192,卖盘
831,13:08:35,3.53,--,6,2118,卖盘
832,13:08:14,3.53,--,20,7060,卖盘
833,13:08:09,3.53,--,30,10590,卖盘
834,13:08:05,3.53,--,3,1059,卖盘
835,13:07:59,3.53,--,222,78366,卖盘
836,13:07:40,3.53,--,140,49420,卖盘
837,13:07:35,3.53,--,3,1059,卖盘
838,13:07:29,3.53,-0.01,13,4589,卖盘
839,13:07:23,3.54,0.01,30,10620,买盘
840,13:07:20,3.53,-0.01,20,7060,卖盘
841,13:07:10,3.54,0.01,21,7434,买盘
842,13:07:05,3.53,--,6,2118,卖盘
843,13:06:35,3.53,--,3,1059,卖盘
844,13:06:20,3.53,--,20,7060,卖盘
845,13:06:14,3.53,--,12,4236,卖盘
846,13:06:04,3.53,--,208,73424,卖盘
847,13:05:59,3.53,-0.01,59,20827,卖盘
848,13:05:53,3.54,0.01,75,26550,买盘
849,13:05:44,3.53,--,20,7060,卖盘
850,13:05:38,3.53,--,40,14120,卖盘
851,13:05:33,3.53,--,2,706,卖盘
852,13:05:19,3.53,--,384,135552,卖盘
853,13:05:10,3.53,--,301,106253,卖盘
854,13:05:02,3.53,--,3,1059,卖盘
855,13:04:54,3.53,-0.01,300,105900,卖盘
856,13:04:39,3.54,0.01,21,7434,买盘
857,13:04:33,3.53,-0.01,2,706,卖盘
858,13:04:29,3.54,0.01,1,354,买盘
859,13:04:14,3.53,--,20000,7060000,卖盘
860,13:04:04,3.53,--,3,1059,卖盘
861,13:03:33,3.53,-0.01,3,1059,卖盘
862,13:03:23,3.54,0.01,50,17700,买盘
863,13:03:19,3.53,--,20,7060,卖盘
864,13:03:09,3.53,--,30,10590,卖盘
865,13:03:04,3.53,-0.01,15,5295,卖盘
866,13:02:59,3.54,0.01,28,9912,买盘
867,13:02:49,3.53,--,29,10237,卖盘
868,13:02:33,3.53,-0.01,3,1059,卖盘
869,13:02:24,3.54,0.01,1,354,买盘
870,13:02:03,3.53,-0.01,2,706,卖盘
871,13:01:44,3.54,0.01,28,9912,买盘
872,13:01:34,3.53,--,3,1059,卖盘
873,13:01:29,3.53,-0.01,20,7060,卖盘
874,13:01:23,3.54,--,8,2832,买盘
875,13:01:08,3.54,0.01,20,7080,买盘
876,13:01:03,3.53,--,3,1059,卖盘
877,13:00:32,3.53,--,2,706,卖盘
878,13:00:08,3.53,--,2870,1013110,卖盘
879,13:00:04,3.53,--,190,67070,卖盘
880,11:30:00,3.53,--,0,0,卖盘
881,11:29:59,3.53,--,0,0,卖盘
882,11:29:50,3.53,--,5,1765,卖盘
883,11:29:41,3.53,-0.01,2,706,卖盘
884,11:29:26,3.54,0.01,277,98058,买盘
885,11:29:10,3.53,--,27,9531,卖盘
886,11:28:58,3.53,-0.01,19,6707,卖盘
887,11:28:50,3.54,0.01,21,7434,买盘
888,11:28:40,3.53,--,3,1059,卖盘
889,11:28:33,3.53,-0.01,101,35653,卖盘
890,11:28:26,3.54,0.01,35,12390,买盘
891,11:28:20,3.53,--,31,10943,卖盘
892,11:28:10,3.53,-0.01,176,62128,卖盘
893,11:27:55,3.54,--,15,5310,买盘
894,11:27:50,3.54,0.01,1,354,买盘
895,11:27:43,3.53,--,3,1059,卖盘
896,11:27:35,3.53,--,2,706,卖盘
897,11:27:29,3.53,-0.01,434,153202,卖盘
898,11:27:23,3.54,0.01,1,354,买盘
899,11:27:13,3.53,--,2,706,卖盘
900,11:26:49,3.53,-0.01,20,7060,卖盘
901,11:26:44,3.54,0.01,27,9558,买盘
902,11:26:38,3.53,--,1,353,卖盘
903,11:26:34,3.53,--,8,2824,卖盘
904,11:26:14,3.53,--,3,1059,卖盘
905,11:26:08,3.53,--,20,7060,卖盘
906,11:25:44,3.53,-0.01,2,706,卖盘
907,11:25:34,3.54,--,41,14514,买盘
908,11:25:29,3.54,0.01,24,8496,买盘
909,11:25:14,3.53,--,23,8119,卖盘
910,11:25:04,3.53,--,174,61422,卖盘
911,11:24:59,3.53,--,262,92486,卖盘
912,11:24:53,3.53,--,36,12708,卖盘
913,11:24:50,3.53,--,36,12708,卖盘
914,11:24:44,3.53,--,2,706,卖盘
915,11:24:38,3.53,--,40,14120,卖盘
916,11:24:13,3.53,-0.01,4,1412,卖盘
917,11:23:49,3.54,--,25,8850,买盘
918,11:23:44,3.54,0.01,5,1770,买盘
919,11:23:13,3.53,--,2,706,卖盘
920,11:23:05,3.53,--,1,353,卖盘
921,11:22:59,3.53,--,40,14120,卖盘
922,11:22:44,3.53,-0.01,7,2471,卖盘
923,11:22:33,3.54,0.01,30,10620,买盘
924,11:22:29,3.53,--,16,5648,卖盘
925,11:22:19,3.53,--,171,60363,卖盘
926,11:22:13,3.53,--,2,706,卖盘
927,11:22:07,3.53,--,29,10237,卖盘
928,11:21:59,3.53,--,16,5648,卖盘
929,11:21:44,3.53,--,33,11649,卖盘
930,11:21:29,3.53,--,16,5648,卖盘
931,11:21:14,3.53,--,8,2824,卖盘
932,11:21:07,3.53,-0.01,10,3530,卖盘
933,11:21:05,3.54,--,5,1770,买盘
934,11:20:44,3.54,--,3,1062,买盘
935,11:20:29,3.54,--,87,30798,买盘
936,11:20:23,3.54,0.01,187,66198,买盘
937,11:20:14,3.53,-0.01,3,1059,卖盘
938,11:19:58,3.54,0.01,24,8496,买盘
939,11:19:44,3.53,--,2,706,卖盘
940,11:19:32,3.53,--,49,17297,卖盘
941,11:19:17,3.53,--,7,2471,卖盘
942,11:19:14,3.53,-0.01,3,1059,卖盘
943,11:19:08,3.54,0.01,11,3894,买盘
944,11:19:01,3.53,--,90,31770,卖盘
945,11:18:53,3.53,--,88,31064,卖盘
946,11:18:43,3.53,-0.01,20,7060,卖盘
947,11:18:38,3.54,0.01,80,28320,买盘
948,11:18:32,3.53,--,219,77307,卖盘
949,11:18:23,3.53,--,11,3883,卖盘
950,11:18:17,3.53,--,11,3883,卖盘
951,11:18:01,3.53,--,49,17297,卖盘
952,11:17:58,3.53,--,11,3883,卖盘
953,11:17:51,3.53,-0.01,11,3883,卖盘
954,11:17:44,3.54,--,12,4248,买盘
955,11:17:38,3.54,0.01,120,42480,买盘
956,11:17:29,3.53,-0.01,177,62481,卖盘
957,11:17:03,3.54,0.01,49,17346,买盘
958,11:16:59,3.53,--,179,63187,卖盘
959,11:16:47,3.53,-0.01,54,19062,卖盘
960,11:16:38,3.54,--,18,6372,买盘
961,11:15:53,3.54,--,1,354,买盘
962,11:15:48,3.54,0.01,22,7788,买盘
963,11:15:44,3.53,-0.01,9,3177,卖盘
964,11:14:56,3.54,--,22,7788,买盘
965,11:14:52,3.54,--,5,1770,买盘
966,11:14:47,3.54,--,14,4956,买盘
967,11:14:32,3.54,--,8,2832,买盘
968,11:14:08,3.54,0.01,8,2832,买盘
969,11:14:02,3.53,-0.01,5,1765,卖盘
970,11:13:58,3.54,0.01,5036,1782744,买盘
971,11:13:53,3.53,--,79,27887,卖盘
972,11:13:47,3.53,--,7,2471,卖盘
973,11:13:29,3.53,--,1,353,卖盘
974,11:13:17,3.53,-0.01,80,28240,卖盘
975,11:13:13,3.54,0.01,81,28674,买盘
976,11:13:08,3.53,--,743,262279,卖盘
977,11:12:53,3.53,--,82,28946,卖盘
978,11:12:47,3.53,--,1,353,卖盘
979,11:12:41,3.53,--,3,1059,卖盘
980,11:12:38,3.53,--,1,353,卖盘
981,11:12:32,3.53,-0.01,153,54009,卖盘
982,11:12:27,3.54,--,22,7788,买盘
983,11:12:17,3.54,--,296,104784,买盘
984,11:12:02,3.54,0.01,9,3186,买盘
985,11:11:47,3.53,--,24,8472,卖盘
986,11:11:11,3.53,--,10,3530,卖盘
987,11:10:47,3.53,--,92,32476,卖盘
988,11:10:17,3.53,-0.01,114,40242,卖盘
989,11:10:07,3.54,0.01,2,708,买盘
990,11:10:01,3.53,-0.01,286,100958,卖盘
991,11:09:57,3.54,0.01,33,11682,买盘
992,11:09:53,3.53,-0.01,76,26828,卖盘
993,11:09:32,3.54,--,18,6372,买盘
994,11:09:06,3.54,0.01,18,6372,买盘
995,11:08:47,3.53,--,236,83399,卖盘
996,11:08:43,3.53,-0.01,10,3530,卖盘
997,11:08:17,3.54,--,33,11682,买盘
998,11:07:53,3.54,--,309,109386,买盘
999,11:07:38,3.54,--,3,1062,买盘
1000,11:07:08,3.54,0.01,1,354,买盘
1001,11:07:02,3.53,-0.01,71,25063,卖盘
1002,11:06:56,3.54,0.01,50,17700,买盘
1003,11:06:32,3.53,-0.01,51,18003,卖盘
1004,11:06:26,3.54,--,200,70800,买盘
1005,11:06:17,3.54,0.01,500,177000,买盘
1006,11:06:11,3.53,--,20,7060,卖盘
1007,11:06:02,3.53,--,1,353,卖盘
1008,11:05:56,3.53,-0.01,23,8119,卖盘
1009,11:05:31,3.54,0.01,43,15222,买盘
1010,11:05:26,3.53,-0.01,153,54009,卖盘
1011,11:05:21,3.54,0.01,70,24780,买盘
1012,11:05:05,3.53,-0.01,60,21180,卖盘
1013,11:05:01,3.54,0.01,25,8850,买盘
1014,11:04:31,3.53,--,106,37418,卖盘
1015,11:04:10,3.53,-0.01,29,10237,卖盘
1016,11:04:06,3.54,--,84,29736,买盘
1017,11:04:02,3.54,0.01,647,229186,买盘
1018,11:03:55,3.53,--,1000,353000,买盘
1019,11:03:32,3.53,--,42,14826,买盘
1020,11:03:26,3.53,--,100,35300,买盘
1021,11:03:19,3.53,--,10,3530,买盘
1022,11:03:16,3.53,0.01,18,6354,买盘
1023,11:03:10,3.52,--,50,17600,卖盘
1024,11:02:55,3.52,--,10,3520,卖盘
1025,11:02:50,3.52,--,201,70752,卖盘
1026,11:02:47,3.52,--,51,17952,卖盘
1027,11:02:40,3.52,--,81,28512,卖盘
1028,11:02:32,3.52,-0.01,2160,760524,卖盘
1029,11:02:26,3.53,--,434,153350,买盘
1030,11:02:10,3.53,0.01,16,5648,买盘
1031,11:02:05,3.52,-0.01,7,2464,卖盘
1032,11:01:50,3.53,--,51,18003,买盘
1033,11:01:47,3.53,--,307,108371,买盘
1034,11:01:41,3.53,--,1,353,买盘
1035,11:01:34,3.53,--,335,118459,卖盘
1036,11:01:26,3.53,--,309,109077,卖盘
1037,11:01:17,3.53,--,1000,353000,卖盘
1038,11:01:11,3.53,-0.01,12,4236,卖盘
1039,11:01:06,3.54,0.01,9,3186,买盘
1040,11:01:02,3.53,--,500,176500,卖盘
1041,11:00:56,3.53,--,20,7060,卖盘
1042,11:00:41,3.53,-0.01,100,35300,卖盘
1043,11:00:35,3.54,0.01,1,354,买盘
1044,11:00:31,3.53,--,2065,728945,卖盘
1045,11:00:26,3.53,-0.01,153,54009,卖盘
1046,11:00:17,3.54,0.01,2,708,买盘
1047,11:00:11,3.53,--,195,68835,卖盘
1048,11:00:05,3.53,--,2122,749066,卖盘
1049,11:00:01,3.53,--,131,46243,卖盘
1050,10:59:50,3.53,--,48,16944,卖盘
1051,10:59:46,3.53,--,386,136258,卖盘
1052,10:59:30,3.53,--,7816,2759196,卖盘
1053,10:59:26,3.53,--,10000,3530000,卖盘
1054,10:59:19,3.53,--,51,18003,卖盘
1055,10:59:14,3.53,--,3,1059,卖盘
1056,10:59:11,3.53,-0.01,213,75189,卖盘
1057,10:58:50,3.54,--,1,354,买盘
1058,10:58:46,3.54,--,15,5310,买盘
1059,10:58:41,3.54,--,183,64782,买盘
1060,10:58:34,3.54,0.01,2,708,买盘
1061,10:58:20,3.53,-0.01,10,3530,卖盘
1062,10:58:14,3.54,--,20,7080,买盘
1063,10:58:11,3.54,0.01,185,65490,买盘
1064,10:58:04,3.53,-0.01,1,353,卖盘
1065,10:57:40,3.54,0.01,183,64782,买盘
1066,10:57:30,3.53,--,18,6354,卖盘
1067,10:57:26,3.53,--,248,87544,卖盘
1068,10:57:19,3.53,-0.01,18,6354,卖盘
1069,10:57:05,3.54,--,22,7788,买盘
1070,10:56:59,3.54,0.01,210,74340,买盘
1071,10:56:41,3.53,-0.01,1,353,卖盘
1072,10:56:35,3.54,0.01,80,28320,买盘
1073,10:56:28,3.53,--,50,17650,卖盘
1074,10:56:26,3.53,--,70,24710,卖盘
1075,10:56:20,3.53,-0.01,31,10943,卖盘
1076,10:56:14,3.54,0.01,52,18408,买盘
1077,10:55:56,3.53,--,60,21180,卖盘
1078,10:55:43,3.53,--,8,2824,卖盘
1079,10:55:41,3.53,--,1,353,卖盘
1080,10:55:35,3.53,-0.01,2,706,卖盘
1081,10:55:26,3.54,0.01,54,19116,买盘
1082,10:55:20,3.53,--,142,50126,卖盘
1083,10:55:13,3.53,--,1,353,卖盘
1084,10:55:11,3.53,-0.01,7,2471,卖盘
1085,10:54:56,3.54,--,20,7080,买盘
1086,10:54:50,3.54,0.01,30,10620,买盘
1087,10:54:40,3.53,-0.01,80,28240,卖盘
1088,10:54:25,3.54,--,41,14514,买盘
1089,10:54:19,3.54,--,1431,506804,卖盘
1090,10:54:15,3.54,--,2781,984474,卖盘
1091,10:54:11,3.54,--,301,106554,卖盘
1092,10:54:04,3.54,--,265,93810,卖盘
1093,10:53:59,3.54,--,169,59826,卖盘
1094,10:53:55,3.54,--,27,9558,卖盘
1095,10:53:49,3.54,--,65,23010,卖盘
1096,10:53:43,3.54,--,12,4248,卖盘
1097,10:53:40,3.54,--,109,38586,卖盘
1098,10:53:34,3.54,--,609,215586,卖盘
1099,10:53:29,3.54,--,14,4956,卖盘
1100,10:53:25,3.54,-0.01,292,103368,卖盘
1101,10:53:19,3.55,0.01,30,10650,买盘
1102,10:53:13,3.54,-0.01,31,10974,卖盘
1103,10:53:04,3.55,0.01,819,290745,买盘
1104,10:52:59,3.54,--,788,278952,卖盘
1105,10:52:55,3.54,--,70,24780,卖盘
1106,10:52:50,3.54,--,40,14160,卖盘
1107,10:52:44,3.54,--,141,49914,卖盘
1108,10:52:34,3.54,--,108,38232,卖盘
1109,10:52:29,3.54,--,290,102660,卖盘
1110,10:52:25,3.54,--,110,38940,卖盘
1111,10:52:19,3.54,--,1455,515070,卖盘
1112,10:52:13,3.54,--,257,90978,卖盘
1113,10:52:10,3.54,--,77,27258,卖盘
1114,10:52:04,3.54,-0.01,206,72924,卖盘
1115,10:51:59,3.55,0.01,185,65675,买盘
1116,10:51:50,3.54,--,51,18054,卖盘
1117,10:51:44,3.54,--,150,53100,卖盘
1118,10:51:40,3.54,--,16,5858,卖盘
1119,10:51:35,3.54,--,36,12744,卖盘
1120,10:51:28,3.54,--,166,58764,卖盘
1121,10:51:20,3.54,--,45,15930,卖盘
1122,10:51:14,3.54,--,670,237180,卖盘
1123,10:51:10,3.54,--,25,8850,卖盘
1124,10:50:59,3.54,--,120,42480,卖盘
1125,10:50:55,3.54,--,86,30444,卖盘
1126,10:50:49,3.54,-0.01,19,6726,卖盘
1127,10:50:43,3.55,0.01,122,43310,买盘
1128,10:50:38,3.54,--,55,19470,卖盘
1129,10:50:34,3.54,--,38,13452,卖盘
1130,10:50:28,3.54,--,482,170628,卖盘
1131,10:50:19,3.54,--,25,8850,卖盘
1132,10:50:05,3.54,-0.01,10,3540,卖盘
1133,10:49:59,3.55,--,18,6390,买盘
1134,10:49:43,3.55,0.01,108,38340,买盘
1135,10:49:35,3.54,--,5,1770,卖盘
1136,10:49:19,3.54,-0.01,10,3540,卖盘
1137,10:49:08,3.55,--,25,8875,买盘
1138,10:49:04,3.55,0.01,20,7100,买盘
1139,10:48:52,3.54,-0.01,3,1062,卖盘
1140,10:48:49,3.55,0.01,18,6390,买盘
1141,10:48:37,3.54,--,55,19470,卖盘
1142,10:48:29,3.54,-0.01,31,10974,卖盘
1143,10:48:23,3.55,0.01,5,1775,买盘
1144,10:47:33,3.54,-0.01,4,1416,卖盘
1145,10:47:28,3.55,0.01,165,58575,买盘
1146,10:46:50,3.54,-0.01,100,35400,卖盘
1147,10:46:29,3.55,0.01,36,12780,买盘
1148,10:46:22,3.54,--,310,109740,卖盘
1149,10:46:04,3.54,--,50,17700,卖盘
1150,10:45:37,3.54,-0.01,8,2832,卖盘
1151,10:45:29,3.55,0.01,5,1775,买盘
1152,10:45:14,3.54,-0.01,60,21240,卖盘
1153,10:45:04,3.55,0.01,1,355,买盘
1154,10:44:58,3.54,--,64,22656,卖盘
1155,10:44:48,3.54,--,2,708,卖盘
1156,10:44:43,3.54,--,10,3540,卖盘
1157,10:44:37,3.54,--,101,35754,卖盘
1158,10:44:32,3.54,-0.01,15,5310,卖盘
1159,10:44:22,3.55,--,121,42955,买盘
1160,10:44:07,3.55,--,53,18815,买盘
1161,10:44:04,3.55,0.01,100,35500,买盘
1162,10:43:59,3.54,--,100,35400,卖盘
1163,10:43:43,3.54,-0.01,150,53100,卖盘
1164,10:43:37,3.55,0.01,37,13135,买盘
1165,10:43:28,3.54,--,100,35400,卖盘
1166,10:43:07,3.54,--,10,3540,卖盘
1167,10:42:37,3.54,--,1,354,卖盘
1168,10:42:31,3.54,--,1,354,卖盘
1169,10:42:29,3.54,--,50,17700,卖盘
1170,10:42:16,3.54,-0.01,38,13452,卖盘
1171,10:42:13,3.55,0.01,116,41180,买盘
1172,10:41:58,3.54,--,1,354,卖盘
1173,10:41:52,3.54,--,100,35400,卖盘
1174,10:41:47,3.54,-0.01,30,10620,卖盘
1175,10:41:32,3.55,0.01,1,355,买盘
1176,10:41:23,3.54,--,100,35400,卖盘
1177,10:41:07,3.54,--,20,7080,卖盘
1178,10:40:46,3.54,--,200,70800,卖盘
1179,10:40:29,3.54,-0.01,40,14160,卖盘
1180,10:40:16,3.55,0.01,1,355,买盘
1181,10:40:07,3.54,--,3,1062,卖盘
1182,10:39:59,3.54,-0.01,1145,405330,卖盘
1183,10:39:44,3.55,--,132,46860,买盘
1184,10:39:37,3.55,0.01,25,8875,买盘
1185,10:38:37,3.54,-0.01,32,11328,卖盘
1186,10:38:31,3.55,0.01,42,14910,买盘
1187,10:38:12,3.54,--,6,2124,卖盘
1188,10:37:16,3.54,--,20,7080,卖盘
1189,10:36:37,3.54,--,127,44958,卖盘
1190,10:36:31,3.54,--,31,10974,卖盘
1191,10:36:11,3.54,--,1,354,卖盘
1192,10:36:01,3.54,--,10,3540,卖盘
1193,10:35:56,3.54,--,700,247800,卖盘
1194,10:35:52,3.54,--,97,34338,卖盘
1195,10:35:37,3.54,-0.01,45,15930,卖盘
1196,10:35:22,3.55,--,2,710,买盘
1197,10:35:16,3.55,--,2,710,买盘
1198,10:34:25,3.55,--,186,66030,买盘
1199,10:34:22,3.55,0.01,185,65675,买盘
1200,10:34:16,3.54,--,144,50976,卖盘
1201,10:34:10,3.54,--,20,7080,卖盘
1202,10:33:52,3.54,--,527,186558,卖盘
1203,10:33:16,3.54,--,10,3540,卖盘
1204,10:33:08,3.54,-0.01,47,16638,卖盘
1205,10:33:01,3.55,0.01,1037,368135,买盘
1206,10:32:52,3.54,--,13,4602,卖盘
1207,10:32:40,3.54,--,161,56994,卖盘
1208,10:32:31,3.54,--,530,187620,卖盘
1209,10:32:21,3.54,--,50,17700,卖盘
1210,10:32:16,3.54,--,40,14160,卖盘
1211,10:32:10,3.54,--,30,10620,卖盘
1212,10:32:07,3.54,--,207,73278,卖盘
1213,10:31:55,3.54,--,100,35400,卖盘
1214,10:31:46,3.54,--,49,17346,卖盘
1215,10:31:40,3.54,-0.01,55,19470,卖盘
1216,10:31:31,3.55,--,244,86620,买盘
1217,10:31:25,3.55,0.01,2,710,买盘
1218,10:31:19,3.54,-0.01,330,116820,卖盘
1219,10:31:16,3.55,0.01,101,35855,买盘
1220,10:31:07,3.54,--,46,16284,卖盘
1221,10:30:46,3.54,-0.01,50,17700,卖盘
1222,10:30:25,3.55,0.01,83,29465,买盘
1223,10:30:17,3.54,--,671,237534,卖盘
1224,10:30:06,3.54,--,405,143370,卖盘
1225,10:30:01,3.54,--,1714,606756,卖盘
1226,10:29:55,3.54,--,34,12036,卖盘
1227,10:29:40,3.54,--,22,7788,卖盘
1228,10:29:25,3.54,--,10,3540,卖盘
1229,10:29:21,3.54,--,24,8496,卖盘
1230,10:29:16,3.54,-0.01,10,3540,卖盘
1231,10:29:10,3.55,0.01,260,92300,买盘
1232,10:28:46,3.54,--,200,70800,卖盘
1233,10:28:40,3.54,--,37,13098,卖盘
1234,10:28:36,3.54,--,1030,364620,卖盘
1235,10:28:16,3.54,-0.01,1,354,卖盘
1236,10:28:01,3.55,--,72,25560,买盘
1237,10:27:49,3.55,0.01,30,10650,买盘
1238,10:27:46,3.54,--,1,354,卖盘
1239,10:27:40,3.54,-0.01,2,708,卖盘
1240,10:27:16,3.55,--,1,355,买盘
1241,10:27:10,3.55,--,1,355,买盘
1242,10:27:01,3.55,0.01,32,11360,买盘
1243,10:26:10,3.54,--,64,22656,卖盘
1244,10:26:04,3.54,--,5,1770,卖盘
1245,10:26:01,3.54,--,1,354,卖盘
1246,10:25:55,3.54,--,91,32214,卖盘
1247,10:25:49,3.54,--,214,75756,卖盘
1248,10:25:34,3.54,-0.01,80,28320,卖盘
1249,10:25:30,3.55,0.01,127,45085,买盘
1250,10:25:10,3.54,--,59,20886,卖盘
1251,10:25:04,3.54,--,15,5310,卖盘
1252,10:25:01,3.54,--,40,14160,卖盘
1253,10:24:55,3.54,--,11,3894,卖盘
1254,10:24:49,3.54,--,111,39294,卖盘
1255,10:24:34,3.54,--,87,30798,卖盘
1256,10:24:29,3.54,--,45,15930,卖盘
1257,10:24:25,3.54,--,56,19824,卖盘
1258,10:24:19,3.54,--,31,10974,卖盘
1259,10:24:10,3.54,--,411,145494,卖盘
1260,10:24:04,3.54,--,317,112218,卖盘
1261,10:24:00,3.54,--,10,3540,卖盘
1262,10:23:55,3.54,--,12,4248,卖盘
1263,10:23:49,3.54,--,65,23010,卖盘
1264,10:23:40,3.54,--,4,1416,卖盘
1265,10:23:34,3.54,--,911,322494,卖盘
1266,10:23:30,3.54,--,30,10620,卖盘
1267,10:23:25,3.54,--,533,188682,卖盘
1268,10:23:19,3.54,--,80,28320,卖盘
1269,10:23:10,3.54,--,1,354,卖盘
1270,10:23:04,3.54,--,14,4956,卖盘
1271,10:22:49,3.54,--,70,24780,卖盘
1272,10:22:44,3.54,-0.01,116,41064,卖盘
1273,10:22:40,3.55,0.01,58,20774,买盘
1274,10:22:34,3.54,--,100,35400,卖盘
1275,10:22:31,3.54,--,84,29736,卖盘
1276,10:22:24,3.54,--,958,339132,卖盘
1277,10:22:19,3.54,--,50,17700,卖盘
1278,10:22:13,3.54,--,106,37524,卖盘
1279,10:22:04,3.54,--,10,3540,卖盘
1280,10:21:55,3.54,--,6,2124,卖盘
1281,10:21:49,3.54,--,572,202488,卖盘
1282,10:21:45,3.54,--,10,3540,卖盘
1283,10:21:40,3.54,--,10,3540,卖盘
1284,10:21:34,3.54,--,103,36462,卖盘
1285,10:21:25,3.54,--,10100,3575484,卖盘
1286,10:21:15,3.54,-0.01,100,35400,卖盘
1287,10:21:10,3.55,0.01,23,8165,买盘
1288,10:21:04,3.54,--,300,106200,卖盘
1289,10:21:00,3.54,--,34,12036,卖盘
1290,10:20:49,3.54,-0.01,88,31152,卖盘
1291,10:20:40,3.55,0.01,49,17480,买盘
1292,10:20:34,3.54,--,10,3540,卖盘
1293,10:20:28,3.54,-0.01,200,70800,卖盘
1294,10:20:25,3.55,0.01,31,11005,买盘
1295,10:20:19,3.54,-0.01,156,55224,卖盘
1296,10:20:10,3.55,0.01,60,21300,买盘
1297,10:20:04,3.54,-0.01,20,7080,卖盘
1298,10:19:58,3.55,0.01,72,25560,买盘
1299,10:19:55,3.54,--,153,54162,卖盘
1300,10:19:49,3.54,-0.01,33,11682,卖盘
1301,10:19:40,3.55,0.01,197,69935,买盘
1302,10:19:28,3.54,-0.01,42,14868,卖盘
1303,10:19:24,3.55,--,3,1065,买盘
1304,10:19:13,3.55,0.01,5,1775,买盘
1305,10:18:58,3.54,--,117,41418,卖盘
1306,10:18:49,3.54,-0.01,100,35400,卖盘
1307,10:18:43,3.55,0.01,15,5325,买盘
1308,10:18:34,3.54,--,121,42834,卖盘
1309,10:18:28,3.54,--,3,1062,卖盘
1310,10:18:13,3.54,--,10,3540,卖盘
1311,10:18:04,3.54,-0.01,6,2124,卖盘
1312,10:17:54,3.55,0.01,31,11005,买盘
1313,10:17:49,3.54,-0.01,2,708,卖盘
1314,10:17:43,3.55,--,35,12425,买盘
1315,10:17:39,3.55,0.01,2,710,买盘
1316,10:17:34,3.54,--,131,46374,卖盘
1317,10:17:28,3.54,-0.01,36,12744,卖盘
1318,10:17:04,3.55,0.01,50,17750,买盘
1319,10:16:28,3.54,--,58,20532,卖盘
1320,10:16:19,3.54,-0.01,14,4956,卖盘
1321,10:16:13,3.55,0.01,65,23075,买盘
1322,10:16:04,3.54,-0.01,86,30444,卖盘
1323,10:15:58,3.55,0.01,553,196315,买盘
1324,10:15:52,3.54,-0.01,738,261252,卖盘
1325,10:15:49,3.55,0.01,200,71000,买盘
1326,10:15:43,3.54,--,92,32568,卖盘
1327,10:15:28,3.54,--,29,10266,卖盘
1328,10:15:23,3.54,-0.01,10,3540,卖盘
1329,10:15:09,3.55,0.01,1,355,买盘
1330,10:15:04,3.54,-0.01,17,6018,卖盘
1331,10:14:58,3.55,--,809,287195,买盘
1332,10:14:54,3.55,--,136,48280,买盘
1333,10:14:43,3.55,--,53,18815,买盘
1334,10:14:39,3.55,--,1,355,买盘
1335,10:14:34,3.55,--,589,209095,买盘
1336,10:14:24,3.55,0.01,94,33370,买盘
1337,10:14:19,3.54,--,390,138060,卖盘
1338,10:14:13,3.54,--,9,3186,卖盘
1339,10:14:09,3.54,-0.01,25,8850,卖盘
1340,10:14:04,3.55,--,87,30885,买盘
1341,10:13:54,3.55,--,1,355,买盘
1342,10:13:43,3.55,--,10,3550,买盘
1343,10:13:28,3.55,0.01,57,20235,买盘
1344,10:13:22,3.54,--,98,34692,卖盘
1345,10:13:19,3.54,--,106,37524,卖盘
1346,10:13:13,3.54,--,50,17700,卖盘
1347,10:12:58,3.54,--,216,76464,卖盘
1348,10:12:52,3.54,--,342,121068,卖盘
1349,10:12:43,3.54,--,2,708,卖盘
1350,10:12:34,3.54,--,3,1062,卖盘
1351,10:12:28,3.54,-0.01,66,23364,卖盘
1352,10:12:22,3.55,--,47,16685,买盘
1353,10:12:18,3.55,--,31,11005,买盘
1354,10:12:13,3.55,--,51,18105,买盘
1355,10:12:07,3.55,--,330,117150,买盘
1356,10:12:04,3.55,--,1,355,买盘
1357,10:11:52,3.55,--,211,74905,买盘
1358,10:11:49,3.55,0.01,1000,355000,买盘
1359,10:11:43,3.54,--,60,21240,卖盘
1360,10:11:33,3.54,--,47,16638,卖盘
1361,10:11:28,3.54,--,130,46020,卖盘
1362,10:11:22,3.54,-0.01,9,3186,卖盘
1363,10:11:18,3.55,--,60,21300,买盘
1364,10:11:13,3.55,0.01,488,173240,买盘
1365,10:11:07,3.54,-0.01,211,74694,卖盘
1366,10:11:03,3.55,0.01,763,270865,买盘
1367,10:10:58,3.54,-0.01,1357,480378,卖盘
1368,10:10:52,3.55,--,1007,357485,买盘
1369,10:10:43,3.55,0.01,32,11360,买盘
1370,10:10:37,3.54,--,724,256296,卖盘
1371,10:10:28,3.54,--,7,2478,卖盘
1372,10:10:22,3.54,--,161,56994,卖盘
1373,10:10:18,3.54,--,100,35400,卖盘
1374,10:10:13,3.54,--,147,52038,卖盘
1375,10:10:07,3.54,--,827,292758,卖盘
1376,10:10:03,3.54,--,753,266562,卖盘
1377,10:09:58,3.54,--,277,98058,卖盘
1378,10:09:52,3.54,--,84,29736,卖盘
1379,10:09:48,3.54,-0.01,25,8850,卖盘
1380,10:09:43,3.55,0.01,294,104370,买盘
1381,10:09:37,3.54,--,85,30090,卖盘
1382,10:09:28,3.54,--,181,64074,卖盘
1383,10:09:22,3.54,--,104,36816,卖盘
1384,10:09:18,3.54,-0.01,5,1770,卖盘
1385,10:09:13,3.55,--,11,3905,买盘
1386,10:09:07,3.55,0.01,201,71355,买盘
1387,10:08:58,3.54,-0.01,7050,2495700,卖盘
1388,10:08:52,3.55,--,32,11360,买盘
1389,10:08:43,3.55,0.01,179,63545,买盘
1390,10:08:37,3.54,--,64,22656,卖盘
1391,10:08:28,3.54,--,170,60180,卖盘
1392,10:08:22,3.54,--,23,8142,卖盘
1393,10:08:18,3.54,-0.01,40,14160,卖盘
1394,10:08:13,3.55,0.01,1,355,买盘
1395,10:08:07,3.54,--,141,49914,卖盘
1396,10:07:58,3.54,--,94,33276,卖盘
1397,10:07:52,3.54,-0.01,5,1770,卖盘
1398,10:07:43,3.55,0.01,20,7100,买盘
1399,10:07:37,3.54,--,178,63012,卖盘
1400,10:07:22,3.54,--,33,11682,卖盘
1401,10:07:18,3.54,-0.01,15,5310,卖盘
1402,10:07:13,3.55,--,211,74905,买盘
1403,10:07:07,3.55,--,1,355,买盘
1404,10:06:58,3.55,0.01,530,188434,买盘
1405,10:06:48,3.54,-0.01,20,7080,卖盘
1406,10:06:37,3.55,0.01,60,21300,买盘
1407,10:06:28,3.54,--,6,2124,卖盘
1408,10:06:22,3.54,--,55,19470,卖盘
1409,10:06:17,3.54,--,501,177354,卖盘
1410,10:06:12,3.54,--,2037,721098,卖盘
1411,10:06:07,3.54,-0.01,6,2124,卖盘
1412,10:06:01,3.55,--,801,284355,买盘
1413,10:05:57,3.55,0.01,2,710,买盘
1414,10:05:52,3.54,--,10,3540,卖盘
1415,10:05:46,3.54,--,21,7434,卖盘
1416,10:05:37,3.54,--,24,8496,卖盘
1417,10:05:16,3.54,--,822,290988,卖盘
1418,10:05:12,3.54,--,105,37170,卖盘
1419,10:05:01,3.54,-0.01,43,15222,卖盘
1420,10:04:57,3.55,0.01,185,65675,买盘
1421,10:04:52,3.54,--,10,3540,卖盘
1422,10:04:46,3.54,-0.01,5,1770,卖盘
1423,10:04:31,3.55,--,979,347545,买盘
1424,10:04:28,3.55,0.01,185,65675,买盘
1425,10:04:22,3.54,-0.01,216,76464,卖盘
1426,10:04:15,3.55,0.01,1,355,买盘
1427,10:04:12,3.54,--,22,7788,卖盘
1428,10:04:01,3.54,-0.01,1100,389400,卖盘
1429,10:03:52,3.55,--,543,192765,买盘
1430,10:03:46,3.55,0.01,558,198090,买盘
1431,10:03:43,3.54,-0.01,40,14160,卖盘
1432,10:03:37,3.55,--,53,18815,买盘
1433,10:03:31,3.55,0.01,83,29465,买盘
1434,10:03:28,3.54,-0.01,70,24780,卖盘
1435,10:03:22,3.55,0.01,216,76680,买盘
1436,10:03:16,3.54,--,44,15576,卖盘
1437,10:03:12,3.54,-0.01,493,174522,卖盘
1438,10:03:07,3.55,--,67,23785,买盘
1439,10:03:01,3.55,0.01,1882,668110,买盘
1440,10:02:57,3.54,--,196,69384,卖盘
1441,10:02:52,3.54,-0.01,3437,1216698,卖盘
1442,10:02:46,3.55,0.01,293,104015,买盘
1443,10:02:43,3.54,-0.01,186,65844,卖盘
1444,10:02:37,3.55,--,732,259860,买盘
1445,10:02:31,3.55,--,140,49700,买盘
1446,10:02:27,3.55,0.01,2065,733075,买盘
1447,10:02:22,3.54,-0.01,5,1770,卖盘
1448,10:02:16,3.55,--,657,233235,买盘
1449,10:02:12,3.55,--,122,43310,买盘
1450,10:02:07,3.55,--,723,256665,买盘
1451,10:02:01,3.55,--,148,52540,买盘
1452,10:01:57,3.55,0.01,184,65320,买盘
1453,10:01:52,3.54,-0.01,543,192222,卖盘
1454,10:01:46,3.55,--,593,210515,买盘
1455,10:01:42,3.55,0.01,162,57510,买盘
1456,10:01:37,3.54,--,2076,734904,卖盘
1457,10:01:31,3.54,-0.01,638,225852,卖盘
1458,10:01:27,3.55,0.01,2249,798395,买盘
1459,10:01:22,3.54,--,122,43188,卖盘
1460,10:01:16,3.54,-0.01,7877,2788458,卖盘
1461,10:01:12,3.55,--,20,7100,买盘
1462,10:01:07,3.55,--,67,23785,买盘
1463,10:01:01,3.55,0.01,59,20945,买盘
1464,10:00:57,3.54,-0.01,320,113280,卖盘
1465,10:00:52,3.55,0.01,164,58220,买盘
1466,10:00:46,3.54,--,10,3540,卖盘
1467,10:00:42,3.54,-0.01,625,221250,卖盘
1468,10:00:37,3.55,0.01,17,6035,买盘
1469,10:00:31,3.54,-0.01,1684,596136,卖盘
1470,10:00:27,3.55,0.01,66,23430,买盘
1471,10:00:16,3.54,--,24,8496,卖盘
1472,10:00:12,3.54,--,45,15930,卖盘
1473,10:00:01,3.54,-0.01,17,6018,卖盘
1474,09:59:57,3.55,--,102,36210,买盘
1475,09:59:42,3.55,--,398,141290,买盘
1476,09:59:31,3.55,--,1071,380205,买盘
1477,09:59:27,3.55,0.01,79,28045,买盘
1478,09:59:21,3.54,-0.01,17,6018,卖盘
1479,09:59:16,3.55,0.01,312,110760,买盘
1480,09:59:10,3.54,-0.01,8,2832,卖盘
1481,09:59:06,3.55,0.01,20,7100,买盘
1482,09:59:01,3.54,-0.01,33,11682,卖盘
1483,09:58:55,3.55,--,53,18815,买盘
1484,09:58:51,3.55,--,28,9940,买盘
1485,09:58:46,3.55,0.01,68,24140,买盘
1486,09:58:40,3.54,-0.01,131,46374,卖盘
1487,09:58:36,3.55,0.01,73,25915,买盘
1488,09:58:31,3.54,--,1,354,卖盘
1489,09:58:25,3.54,--,133,47082,卖盘
1490,09:58:16,3.54,--,13,4602,卖盘
1491,09:58:10,3.54,--,23,8142,卖盘
1492,09:58:07,3.54,-0.01,48,16992,卖盘
1493,09:58:01,3.55,--,53,18815,买盘
1494,09:57:55,3.55,0.01,182,64610,买盘
1495,09:57:51,3.54,--,79,27966,卖盘
1496,09:57:46,3.54,-0.01,667,236118,卖盘
1497,09:57:40,3.55,--,53,18815,买盘
1498,09:57:36,3.55,0.01,1,355,买盘
1499,09:57:31,3.54,-0.01,19,6726,卖盘
1500,09:57:25,3.55,0.01,28,9940,买盘
1501,09:57:22,3.54,-0.01,38,13452,卖盘
1502,09:57:16,3.55,0.01,90,31950,买盘
1503,09:57:10,3.54,-0.01,20,7080,卖盘
1504,09:57:01,3.55,--,71,25205,买盘
1505,09:56:55,3.55,--,186,66030,买盘
1506,09:56:51,3.55,0.01,91,32305,买盘
1507,09:56:46,3.54,-0.01,1,354,卖盘
1508,09:56:40,3.55,--,357,126735,买盘
1509,09:56:37,3.55,0.01,83,29465,买盘
1510,09:56:31,3.54,--,68,24072,卖盘
1511,09:56:25,3.54,-0.01,11,3894,卖盘
1512,09:56:21,3.55,--,19,6745,买盘
1513,09:56:16,3.55,--,39,13845,买盘
1514,09:56:10,3.55,0.01,73,25915,买盘
1515,09:56:06,3.54,-0.01,21,7434,卖盘
1516,09:56:01,3.55,0.01,15,5325,买盘
1517,09:55:55,3.54,-0.01,1,354,卖盘
1518,09:55:51,3.55,--,44,15620,买盘
1519,09:55:46,3.55,0.01,16,5680,买盘
1520,09:55:40,3.54,-0.01,175,61950,卖盘
1521,09:55:31,3.55,0.01,141,50055,买盘
1522,09:55:21,3.54,-0.01,1,354,卖盘
1523,09:55:16,3.55,--,1,355,买盘
1524,09:55:10,3.55,--,312,110760,买盘
1525,09:55:06,3.55,--,464,164720,卖盘
1526,09:55:01,3.55,--,1724,612020,卖盘
1527,09:54:55,3.55,--,150,53250,卖盘
1528,09:54:51,3.55,--,50,17750,卖盘
1529,09:54:46,3.55,--,451,160105,卖盘
1530,09:54:40,3.55,-0.01,391,138805,卖盘
1531,09:54:36,3.56,0.01,288,102528,买盘
1532,09:54:31,3.55,--,1422,504810,卖盘
1533,09:54:25,3.55,-0.01,2885,1024175,卖盘
1534,09:54:21,3.56,0.01,60,21360,买盘
1535,09:54:16,3.55,--,343,121765,卖盘
1536,09:54:10,3.55,--,289,102595,卖盘
1537,09:54:05,3.55,--,86,30530,卖盘
1538,09:54:01,3.55,--,111,39405,卖盘
1539,09:53:55,3.55,--,10288,3652240,卖盘
1540,09:53:40,3.55,--,350,124250,卖盘
1541,09:53:35,3.55,--,80,28400,卖盘
1542,09:53:31,3.55,--,2,710,卖盘
1543,09:53:25,3.55,--,1385,491675,卖盘
1544,09:53:21,3.55,-0.01,137,48635,卖盘
1545,09:53:15,3.56,0.01,30,10680,买盘
1546,09:53:10,3.55,--,86,30530,卖盘
1547,09:53:06,3.55,--,50,17750,卖盘
1548,09:53:00,3.55,--,1,355,卖盘
1549,09:52:55,3.55,--,340,120700,卖盘
1550,09:52:51,3.55,--,1,355,卖盘
1551,09:52:40,3.55,--,84,29820,卖盘
1552,09:52:36,3.55,--,23,8165,卖盘
1553,09:52:30,3.55,--,170,60350,卖盘
1554,09:52:25,3.55,--,587,208385,卖盘
1555,09:52:20,3.55,--,10,3550,卖盘
1556,09:52:15,3.55,--,41,14555,卖盘
1557,09:52:10,3.55,--,1269,450495,卖盘
1558,09:52:04,3.55,--,62,22010,卖盘
1559,09:51:55,3.55,--,50,17750,卖盘
1560,09:51:49,3.55,--,1,355,卖盘
1561,09:51:40,3.55,--,130,46150,卖盘
1562,09:51:34,3.55,--,70,24850,卖盘
1563,09:51:30,3.55,--,53,18815,卖盘
1564,09:51:19,3.55,--,41,14555,卖盘
1565,09:51:15,3.55,--,70,24850,卖盘
1566,09:51:10,3.55,--,141,50055,卖盘
1567,09:51:04,3.55,--,1,355,卖盘
1568,09:50:55,3.55,--,49,17395,卖盘
1569,09:50:49,3.55,--,60,21300,卖盘
1570,09:50:45,3.55,--,58,20590,卖盘
1571,09:50:40,3.55,--,3671,1303205,卖盘
1572,09:50:34,3.55,--,93,33015,卖盘
1573,09:50:30,3.55,--,7,2485,卖盘
1574,09:50:25,3.55,--,1,355,卖盘
1575,09:50:19,3.55,-0.01,20,7100,卖盘
1576,09:50:15,3.56,0.01,6,2136,买盘
1577,09:50:10,3.55,--,74,26270,卖盘
1578,09:50:04,3.55,--,1001,355355,卖盘
1579,09:50:00,3.55,--,4,1420,卖盘
1580,09:49:55,3.55,--,2,710,卖盘
1581,09:49:49,3.55,--,98,34790,卖盘
1582,09:49:40,3.55,--,276,97980,卖盘
1583,09:49:34,3.55,--,52,18460,卖盘
1584,09:49:25,3.55,--,34,12070,卖盘
1585,09:49:19,3.55,-0.01,11,3905,卖盘
1586,09:49:15,3.56,0.01,1,356,买盘
1587,09:49:10,3.55,--,87,30885,卖盘
1588,09:49:04,3.55,--,2,710,卖盘
1589,09:48:55,3.55,--,1,355,卖盘
1590,09:48:49,3.55,--,51,18105,卖盘
1591,09:48:45,3.55,-0.01,1,355,卖盘
1592,09:48:40,3.56,0.01,74,26344,买盘
1593,09:48:34,3.55,--,21,7455,卖盘
1594,09:48:25,3.55,--,101,35855,卖盘
1595,09:48:19,3.55,-0.01,47,16685,卖盘
1596,09:48:15,3.56,--,1,356,买盘
1597,09:48:10,3.56,0.01,112,39872,买盘
1598,09:47:58,3.55,-0.01,1,355,卖盘
1599,09:47:55,3.56,0.01,413,147028,买盘
1600,09:47:49,3.55,--,2,710,卖盘
1601,09:47:45,3.55,-0.01,20,7100,卖盘
1602,09:47:40,3.56,0.01,74,26344,买盘
1603,09:47:34,3.55,--,1,355,卖盘
1604,09:47:25,3.55,-0.01,1,355,卖盘
1605,09:47:19,3.56,--,860,306160,买盘
1606,09:47:13,3.56,--,242,86152,买盘
1607,09:47:09,3.56,--,78,27768,买盘
1608,09:47:04,3.56,0.01,71,25276,买盘
1609,09:46:54,3.55,-0.01,6,2130,卖盘
1610,09:46:47,3.56,0.01,1014,360984,买盘
1611,09:46:45,3.55,-0.01,4,1420,卖盘
1612,09:46:40,3.56,0.01,74,26344,买盘
1613,09:46:34,3.55,-0.01,2284,810820,卖盘
1614,09:46:24,3.56,--,156,55536,买盘
1615,09:46:18,3.56,--,1064,378784,买盘
1616,09:46:15,3.56,--,61,21716,买盘
1617,09:46:09,3.56,--,74,26344,买盘
1618,09:46:04,3.56,0.01,10,3560,买盘
1619,09:45:55,3.55,-0.01,20,7100,卖盘
1620,09:45:43,3.56,--,20,7120,买盘
1621,09:45:39,3.56,--,74,26344,买盘
1622,09:45:34,3.56,0.01,2,712,买盘
1623,09:45:29,3.55,-0.01,51,18105,卖盘
1624,09:45:19,3.56,--,144,51264,买盘
1625,09:45:15,3.56,0.01,58,20648,买盘
1626,09:45:09,3.55,-0.01,146,51830,卖盘
1627,09:45:04,3.56,--,386,137416,买盘
1628,09:44:58,3.56,--,363,129228,买盘
1629,09:44:54,3.56,0.01,51,18156,买盘
1630,09:44:49,3.55,--,116,41180,卖盘
1631,09:44:43,3.55,-0.01,1,355,卖盘
1632,09:44:39,3.56,--,129,45924,买盘
1633,09:44:34,3.56,--,11,3916,买盘
1634,09:44:28,3.56,0.01,403,143468,买盘
1635,09:44:24,3.55,-0.01,52,18460,卖盘
1636,09:44:13,3.56,--,66,23496,买盘
1637,09:44:09,3.56,--,129,45924,买盘
1638,09:44:04,3.56,--,31,11036,买盘
1639,09:43:58,3.56,--,363,129228,买盘
1640,09:43:49,3.56,0.01,3,1068,买盘
1641,09:43:39,3.55,-0.01,183,64965,卖盘
1642,09:43:34,3.56,--,90,32040,买盘
1643,09:43:28,3.56,--,719,255964,买盘
1644,09:43:19,3.56,--,200,71200,买盘
1645,09:43:13,3.56,--,1,356,买盘
1646,09:43:09,3.56,--,128,45568,买盘
1647,09:42:58,3.56,--,28,9968,买盘
1648,09:42:53,3.56,0.01,94,33464,买盘
1649,09:42:49,3.55,-0.01,34,12070,卖盘
1650,09:42:43,3.56,--,408,145248,买盘
1651,09:42:38,3.56,0.01,54,19224,买盘
1652,09:42:34,3.55,-0.01,915,324825,卖盘
1653,09:42:28,3.56,0.01,206,73336,买盘
1654,09:42:24,3.55,-0.01,100,35500,卖盘
1655,09:42:19,3.56,--,50,17800,买盘
1656,09:42:13,3.56,--,1709,608404,买盘
1657,09:42:09,3.56,0.01,82,29192,买盘
1658,09:41:54,3.55,--,19,6745,卖盘
1659,09:41:49,3.55,-0.01,137,48635,卖盘
1660,09:41:43,3.56,--,420,149520,买盘
1661,09:41:39,3.56,--,156,55536,买盘
1662,09:41:34,3.56,--,116,41296,买盘
1663,09:41:28,3.56,0.01,1022,363832,买盘
1664,09:41:24,3.55,-0.01,1,355,卖盘
1665,09:41:19,3.56,--,432,153792,买盘
1666,09:41:13,3.56,--,673,239588,买盘
1667,09:41:07,3.56,--,55,19580,买盘
1668,09:41:04,3.56,--,160,56960,买盘
1669,09:40:58,3.56,--,2021,719476,买盘
1670,09:40:53,3.56,--,257,91492,买盘
1671,09:40:49,3.56,--,270,96120,买盘
1672,09:40:43,3.56,--,631,224636,买盘
1673,09:40:39,3.56,--,189,67284,买盘
1674,09:40:33,3.56,--,881,313636,买盘
1675,09:40:28,3.56,--,881,313636,买盘
1676,09:40:23,3.56,--,953,339268,买盘
1677,09:40:18,3.56,--,86,30616,买盘
1678,09:40:13,3.56,--,269,95764,买盘
1679,09:40:08,3.56,--,3750,1335000,买盘
1680,09:40:03,3.56,--,308,109648,买盘
1681,09:39:58,3.56,--,277,98612,买盘
1682,09:39:54,3.56,--,7,2492,买盘
1683,09:39:48,3.56,--,3,1068,买盘
1684,09:39:43,3.56,--,323,114988,买盘
1685,09:39:39,3.56,0.01,511,181916,买盘
1686,09:39:33,3.55,-0.01,6,2130,卖盘
1687,09:39:28,3.56,0.01,54,19224,买盘
1688,09:39:23,3.55,-0.01,164,58220,卖盘
1689,09:39:18,3.56,0.01,86,30616,买盘
1690,09:39:13,3.55,-0.01,1202,426710,卖盘
1691,09:39:09,3.56,0.01,505,179780,买盘
1692,09:39:03,3.55,--,8,2840,卖盘
1693,09:38:58,3.55,-0.01,86,30530,卖盘
1694,09:38:53,3.56,--,11,3916,买盘
1695,09:38:48,3.56,--,3,1068,买盘
1696,09:38:39,3.56,0.01,417,148452,买盘
1697,09:38:33,3.55,-0.01,97,34435,卖盘
1698,09:38:28,3.56,--,157,55892,买盘
1699,09:38:13,3.56,--,36,12816,买盘
1700,09:38:09,3.56,--,418,148808,买盘
1701,09:38:03,3.56,--,128,45568,买盘
1702,09:37:58,3.56,--,146,51976,买盘
1703,09:37:53,3.56,0.01,54,19224,买盘
1704,09:37:48,3.55,-0.01,80,28400,卖盘
1705,09:37:43,3.56,--,1,356,买盘
1706,09:37:39,3.56,--,450,160200,买盘
1707,09:37:33,3.56,0.01,1,356,买盘
1708,09:37:28,3.55,-0.01,30,10650,卖盘
1709,09:37:22,3.56,--,857,305092,买盘
1710,09:37:13,3.56,--,167,59452,买盘
1711,09:37:07,3.56,--,64,22784,买盘
1712,09:37:03,3.56,--,212,75472,买盘
1713,09:36:58,3.56,--,309,110004,买盘
1714,09:36:52,3.56,--,360,128160,买盘
1715,09:36:48,3.56,--,21,7476,买盘
1716,09:36:43,3.56,--,124,44144,买盘
1717,09:36:37,3.56,0.01,314,111784,买盘
1718,09:36:33,3.55,-0.01,133,47215,卖盘
1719,09:36:28,3.56,--,154,54824,买盘
1720,09:36:22,3.56,--,188,66928,买盘
1721,09:36:18,3.56,--,21,7476,买盘
1722,09:36:13,3.56,--,1080,384480,买盘
1723,09:36:07,3.56,0.01,222,79032,买盘
1724,09:36:03,3.55,-0.01,500,177500,卖盘
1725,09:35:58,3.56,--,2,712,买盘
1726,09:35:52,3.56,0.01,173,61588,买盘
1727,09:35:47,3.55,-0.01,181,64255,卖盘
1728,09:35:43,3.56,--,5,1780,买盘
1729,09:35:37,3.56,--,420,149520,买盘
1730,09:35:28,3.56,--,1731,616236,买盘
1731,09:35:22,3.56,--,39,13884,买盘
1732,09:35:18,3.56,--,114,40584,买盘
1733,09:35:13,3.56,0.01,529,188324,买盘
1734,09:35:07,3.55,--,351,124605,卖盘
1735,09:35:03,3.55,-0.01,110,39050,卖盘
1736,09:34:58,3.56,--,779,277324,买盘
1737,09:34:52,3.56,--,114,40584,买盘
1738,09:34:47,3.56,--,343,122108,买盘
1739,09:34:43,3.56,0.01,259,92204,买盘
1740,09:34:37,3.55,--,67,23785,卖盘
1741,09:34:33,3.55,--,2,710,卖盘
1742,09:34:27,3.55,--,88,31240,卖盘
1743,09:34:22,3.55,-0.01,30,10650,卖盘
1744,09:34:13,3.56,0.01,360,128160,买盘
1745,09:34:07,3.55,--,489,173595,卖盘
1746,09:33:58,3.55,--,100,35500,卖盘
1747,09:33:42,3.55,--,7,2485,卖盘
1748,09:33:37,3.55,0.01,128,45440,买盘
1749,09:33:33,3.54,--,105,37170,卖盘
1750,09:33:27,3.54,-0.01,2,708,卖盘
1751,09:33:22,3.55,--,94,33370,买盘
1752,09:33:16,3.55,0.01,1,355,买盘
1753,09:33:03,3.54,--,2,708,卖盘
1754,09:32:52,3.54,-0.01,684,242136,卖盘
1755,09:32:31,3.55,0.01,401,142355,买盘
1756,09:32:26,3.54,-0.01,78,27612,卖盘
1757,09:32:22,3.55,--,1060,376300,买盘
1758,09:32:16,3.55,--,156,55380,买盘
1759,09:32:12,3.55,--,305,108275,买盘
1760,09:32:07,3.55,--,50,17750,买盘
1761,09:32:03,3.55,0.01,40,14200,买盘
1762,09:31:51,3.54,--,72,25488,卖盘
1763,09:31:47,3.54,-0.01,1,354,卖盘
1764,09:31:42,3.55,0.01,1,355,买盘
1765,09:31:37,3.54,--,46,16284,卖盘
1766,09:31:32,3.54,-0.01,135,47790,卖盘
1767,09:31:22,3.55,--,36,12780,买盘
1768,09:31:18,3.55,--,687,243885,买盘
1769,09:31:11,3.55,--,1,355,买盘
1770,09:31:07,3.55,--,34,12070,买盘
1771,09:31:02,3.55,0.01,21,7455,买盘
1772,09:30:52,3.54,--,8,2832,卖盘
1773,09:30:46,3.54,-0.01,8,2832,卖盘
1774,09:30:42,3.55,--,189,67095,买盘
1775,09:30:37,3.55,--,1876,665980,买盘
1776,09:30:32,3.55,--,3,1065,买盘
1777,09:30:26,3.55,--,11,3905,买盘
1778,09:30:22,3.55,--,90,31950,买盘
1779,09:30:12,3.55,0.01,4,1420,买盘
1780,09:30:07,3.54,-0.01,200,70800,卖盘
1781,09:28:45,3.55,--,0,0,买盘
1782,09:25:02,3.55,3.55,689,244595,买盘
