,time,price,change,volume,amount,type
0,15:00:00,3.1,--,0,0,卖盘
1,15:00:00,3.1,-0.01,203,62930,卖盘
2,14:59:57,3.11,--,622,193442,买盘
3,14:59:52,3.11,0.01,10,3110,买盘
4,14:59:47,3.1,-0.01,202,62620,卖盘
5,14:59:42,3.11,--,433,134663,买盘
6,14:59:37,3.11,--,162,50382,买盘
7,14:59:32,3.11,0.01,477,148347,买盘
8,14:59:27,3.1,--,2,620,卖盘
9,14:59:22,3.1,--,11,3410,卖盘
10,14:59:17,3.1,-0.01,2,620,卖盘
11,14:59:12,3.11,0.01,67,20837,买盘
12,14:59:07,3.1,--,14,4340,卖盘
13,14:58:57,3.1,-0.01,122,37820,卖盘
14,14:58:47,3.11,0.01,343,106673,买盘
15,14:58:42,3.1,--,181,56110,卖盘
16,14:58:37,3.1,-0.01,218,67580,卖盘
17,14:58:32,3.11,0.01,211,65621,买盘
18,14:58:27,3.1,-0.01,2122,657820,卖盘
19,14:58:22,3.11,0.01,6,1866,买盘
20,14:58:17,3.1,-0.01,184,57040,卖盘
21,14:58:12,3.11,--,30,9330,买盘
22,14:58:07,3.11,0.01,40,12440,买盘
23,14:58:02,3.1,-0.01,19,5890,卖盘
24,14:57:57,3.11,0.01,26,8086,买盘
25,14:57:52,3.1,--,2,620,卖盘
26,14:57:47,3.1,--,17,5270,卖盘
27,14:57:41,3.1,--,8,2480,卖盘
28,14:57:32,3.1,--,406,125860,卖盘
29,14:57:27,3.1,-0.01,50,15500,卖盘
30,14:57:22,3.11,--,24,7464,买盘
31,14:57:17,3.11,--,1,311,买盘
32,14:57:12,3.11,--,50,15550,买盘
33,14:57:07,3.11,--,60,18660,买盘
34,14:57:01,3.11,0.01,2,622,买盘
35,14:56:56,3.1,-0.01,229,70990,卖盘
36,14:56:52,3.11,0.01,300,93300,买盘
37,14:56:47,3.1,--,2,620,卖盘
38,14:56:41,3.1,--,34,10540,卖盘
39,14:56:37,3.1,--,420,130200,卖盘
40,14:56:26,3.1,--,66,20460,卖盘
41,14:56:21,3.1,--,23,7130,卖盘
42,14:56:16,3.1,-0.01,17,5270,卖盘
43,14:56:11,3.11,0.01,657,204327,买盘
44,14:56:07,3.1,-0.01,17,5270,卖盘
45,14:55:56,3.11,--,100,31100,买盘
46,14:55:51,3.11,--,77,23947,买盘
47,14:55:46,3.11,--,606,188466,买盘
48,14:55:36,3.11,0.01,32,9952,买盘
49,14:55:31,3.1,-0.01,1,310,卖盘
50,14:55:26,3.11,--,113,35146,买盘
51,14:55:21,3.11,0.01,586,182246,买盘
52,14:55:11,3.1,-0.01,40,12400,卖盘
53,14:55:06,3.11,--,50,15550,买盘
54,14:55:01,3.11,--,11,3421,买盘
55,14:54:56,3.11,0.01,1089,338679,买盘
56,14:54:51,3.1,--,60,18600,卖盘
57,14:54:46,3.1,-0.01,2,620,卖盘
58,14:54:41,3.11,0.01,546,169806,买盘
59,14:54:36,3.1,--,28,8680,卖盘
60,14:54:31,3.1,--,72,22320,卖盘
61,14:54:26,3.1,-0.01,95,29450,卖盘
62,14:54:21,3.11,--,63,19593,买盘
63,14:54:16,3.11,--,13,4043,买盘
64,14:54:11,3.11,--,544,169184,买盘
65,14:54:06,3.11,0.01,109,33899,买盘
66,14:54:01,3.1,-0.01,40,12400,卖盘
67,14:53:56,3.11,--,170,52870,买盘
68,14:53:51,3.11,0.01,54,16794,买盘
69,14:53:46,3.1,--,109,33790,卖盘
70,14:53:41,3.1,--,597,185070,卖盘
71,14:53:36,3.1,-0.01,153,47430,卖盘
72,14:53:26,3.11,--,11,3421,买盘
73,14:53:21,3.11,0.01,544,169184,买盘
74,14:53:16,3.1,--,21,6510,卖盘
75,14:53:06,3.1,-0.01,101,31310,卖盘
76,14:52:56,3.11,--,544,169184,买盘
77,14:52:51,3.11,0.01,3,933,买盘
78,14:52:46,3.1,--,50,15500,卖盘
79,14:52:41,3.1,--,224,69440,卖盘
80,14:52:36,3.1,--,225,69750,卖盘
81,14:52:21,3.1,-0.01,29,8990,卖盘
82,14:52:16,3.11,0.01,50,15550,买盘
83,14:52:11,3.1,--,1,310,卖盘
84,14:52:06,3.1,--,202,62620,卖盘
85,14:51:56,3.1,--,368,114197,卖盘
86,14:51:51,3.1,--,55,17050,卖盘
87,14:51:36,3.1,--,723,224427,卖盘
88,14:51:30,3.1,--,1,310,卖盘
89,14:51:26,3.1,--,37,11470,卖盘
90,14:51:21,3.1,-0.01,22,6820,卖盘
91,14:51:11,3.11,--,44,13684,买盘
92,14:51:06,3.11,0.01,288,89568,买盘
93,14:51:00,3.1,-0.01,1,310,卖盘
94,14:50:50,3.11,--,459,142749,买盘
95,14:50:40,3.11,0.01,67,20837,买盘
96,14:50:35,3.1,--,210,65100,卖盘
97,14:50:25,3.1,-0.01,61,18910,卖盘
98,14:50:20,3.11,--,239,74329,买盘
99,14:50:15,3.11,--,28,8708,买盘
100,14:50:10,3.11,0.01,2,622,买盘
101,14:50:05,3.1,-0.01,100,31000,卖盘
102,14:50:00,3.11,0.01,51,15861,买盘
103,14:49:55,3.1,-0.01,20,6200,卖盘
104,14:49:50,3.11,--,237,73707,买盘
105,14:49:45,3.11,0.01,140,43540,买盘
106,14:49:35,3.1,--,101,31310,卖盘
107,14:49:30,3.1,-0.01,31,9610,卖盘
108,14:49:25,3.11,--,18,5598,买盘
109,14:49:20,3.11,0.01,239,74329,买盘
110,14:49:15,3.1,--,191,59210,卖盘
111,14:49:05,3.1,--,102,31620,卖盘
112,14:49:00,3.1,-0.01,61,18910,卖盘
113,14:48:50,3.11,0.01,6186,1923846,买盘
114,14:48:35,3.1,--,1584,491040,卖盘
115,14:48:30,3.1,-0.01,11,3410,卖盘
116,14:48:20,3.11,0.01,342,106362,买盘
117,14:48:15,3.1,--,83,25730,卖盘
118,14:48:05,3.1,-0.01,215,66650,卖盘
119,14:48:00,3.11,--,10,3110,买盘
120,14:47:50,3.11,--,325,101075,买盘
121,14:47:45,3.11,0.01,2,622,买盘
122,14:47:35,3.1,--,105,32550,卖盘
123,14:47:30,3.1,--,661,205127,卖盘
124,14:47:25,3.1,-0.01,7,2170,卖盘
125,14:47:20,3.11,--,241,74951,买盘
126,14:47:15,3.11,--,1,311,买盘
127,14:47:10,3.11,0.01,196,60956,买盘
128,14:47:05,3.1,--,100,31000,卖盘
129,14:47:00,3.1,--,33,10230,卖盘
130,14:46:55,3.1,-0.01,4,1240,卖盘
131,14:46:50,3.11,--,233,72463,买盘
132,14:46:45,3.11,--,38,11818,买盘
133,14:46:35,3.11,--,1,311,买盘
134,14:46:30,3.11,--,16,4976,买盘
135,14:46:25,3.11,--,1,311,买盘
136,14:46:20,3.11,0.01,227,70597,买盘
137,14:46:15,3.1,--,100,31000,卖盘
138,14:46:10,3.1,-0.01,15,4650,卖盘
139,14:46:05,3.11,--,52,16172,买盘
140,14:45:50,3.11,0.01,650,202150,买盘
141,14:45:45,3.1,-0.01,694,215161,卖盘
142,14:45:40,3.11,--,1,311,买盘
143,14:45:35,3.11,--,1157,359827,买盘
144,14:45:30,3.11,--,1,311,买盘
145,14:45:20,3.11,--,227,70597,买盘
146,14:45:15,3.11,0.01,22,6842,买盘
147,14:45:09,3.1,-0.01,12,3720,卖盘
148,14:45:05,3.11,0.01,73,22703,买盘
149,14:45:00,3.1,-0.01,2148,666093,卖盘
150,14:44:54,3.11,0.01,1,311,买盘
151,14:44:50,3.1,-0.01,1,310,卖盘
152,14:44:45,3.11,0.01,23,7153,买盘
153,14:44:39,3.1,--,1,310,卖盘
154,14:44:35,3.1,--,30,9300,卖盘
155,14:44:30,3.1,-0.01,124,38440,卖盘
156,14:44:15,3.11,0.01,62,19282,买盘
157,14:44:09,3.1,--,1,310,卖盘
158,14:44:04,3.1,--,6,1860,卖盘
159,14:43:54,3.1,--,500,155000,卖盘
160,14:43:50,3.1,-0.01,60,18600,卖盘
161,14:43:44,3.11,0.01,3,933,买盘
162,14:43:39,3.1,--,2,620,卖盘
163,14:43:29,3.1,--,11,3410,卖盘
164,14:43:19,3.1,--,31,9610,卖盘
165,14:43:15,3.1,--,82,25420,卖盘
166,14:43:04,3.1,-0.01,3,930,卖盘
167,14:42:59,3.11,0.01,64,19904,买盘
168,14:42:54,3.1,-0.01,203,62930,卖盘
169,14:42:39,3.11,--,101,31411,买盘
170,14:42:29,3.11,--,10,3110,买盘
171,14:42:24,3.11,0.01,13,4043,买盘
172,14:42:19,3.1,-0.01,337,104470,卖盘
173,14:42:09,3.11,--,7,2177,买盘
174,14:42:04,3.11,--,16,4976,买盘
175,14:41:59,3.11,0.01,20,6220,买盘
176,14:41:54,3.1,-0.01,100,31000,卖盘
177,14:41:49,3.11,--,26,8086,买盘
178,14:41:44,3.11,--,2,622,买盘
179,14:41:39,3.11,0.01,22,6842,买盘
180,14:41:34,3.1,--,4,1240,卖盘
181,14:41:19,3.1,--,18,5580,卖盘
182,14:41:14,3.1,-0.01,19,5890,卖盘
183,14:41:09,3.11,0.01,50,15550,买盘
184,14:41:04,3.1,-0.01,1,310,卖盘
185,14:40:59,3.11,--,37,11507,买盘
186,14:40:54,3.11,0.01,1,311,买盘
187,14:40:49,3.1,--,128,39680,卖盘
188,14:40:44,3.1,-0.01,1,310,卖盘
189,14:40:39,3.11,0.01,278,86458,买盘
190,14:40:29,3.1,-0.01,146,45260,卖盘
191,14:40:24,3.11,--,81,25191,买盘
192,14:40:14,3.11,--,48,14928,买盘
193,14:40:09,3.11,0.01,1,311,买盘
194,14:39:59,3.1,-0.01,1,310,卖盘
195,14:39:54,3.11,--,1023,318153,买盘
196,14:39:44,3.11,0.01,4,1244,买盘
197,14:39:39,3.1,-0.01,10,3100,卖盘
198,14:39:29,3.11,--,8,2488,买盘
199,14:39:24,3.11,0.01,15,4665,买盘
200,14:39:19,3.1,--,4,1240,卖盘
201,14:39:14,3.1,-0.01,28,8680,卖盘
202,14:39:04,3.11,--,2,622,买盘
203,14:38:59,3.11,--,28,8708,买盘
204,14:38:54,3.11,--,3,933,买盘
205,14:38:39,3.11,--,37,11507,买盘
206,14:38:29,3.11,0.01,37,11507,买盘
207,14:38:24,3.1,-0.01,41,12710,卖盘
208,14:38:14,3.11,--,79,24569,买盘
209,14:38:09,3.11,0.01,6,1866,买盘
210,14:38:03,3.1,-0.01,30,9300,卖盘
211,14:37:59,3.11,0.01,41,12751,买盘
212,14:37:54,3.1,-0.01,17,5270,卖盘
213,14:37:48,3.11,0.01,1,311,买盘
214,14:37:44,3.1,--,102,31620,卖盘
215,14:37:39,3.1,--,1,310,卖盘
216,14:37:29,3.1,-0.01,38,11780,卖盘
217,14:37:24,3.11,--,14,4354,买盘
218,14:37:13,3.11,--,34,10574,买盘
219,14:37:03,3.11,--,2,622,买盘
220,14:36:58,3.11,0.01,70,21770,买盘
221,14:36:43,3.1,--,92,28520,卖盘
222,14:36:39,3.1,-0.01,6,1860,卖盘
223,14:36:28,3.11,--,1,311,买盘
224,14:36:24,3.11,0.01,31,9641,买盘
225,14:36:13,3.1,--,175,54250,卖盘
226,14:36:08,3.1,-0.01,170,52700,卖盘
227,14:35:58,3.11,0.01,2,622,买盘
228,14:35:53,3.1,-0.01,99,30690,卖盘
229,14:35:48,3.11,--,10,3110,买盘
230,14:35:43,3.11,--,10,3110,买盘
231,14:35:38,3.11,--,6,1866,买盘
232,14:35:33,3.11,--,249,77439,买盘
233,14:35:18,3.11,--,90,27990,买盘
234,14:35:03,3.11,--,448,139328,买盘
235,14:34:58,3.11,--,1,311,买盘
236,14:34:53,3.11,--,506,157366,买盘
237,14:34:43,3.11,--,107,33277,买盘
238,14:34:37,3.11,--,139,43229,买盘
239,14:34:33,3.11,--,249,77439,买盘
240,14:34:28,3.11,0.01,2,622,买盘
241,14:34:23,3.1,-0.01,2,620,卖盘
242,14:34:03,3.11,--,317,98587,买盘
243,14:33:58,3.11,0.01,1,311,买盘
244,14:33:53,3.1,-0.01,50,15500,卖盘
245,14:33:48,3.11,--,203,63133,买盘
246,14:33:43,3.11,0.01,7,2177,买盘
247,14:33:38,3.1,-0.01,544,168640,卖盘
248,14:33:33,3.11,0.01,266,82726,买盘
249,14:33:28,3.1,--,21,6510,卖盘
250,14:33:18,3.1,-0.01,6,1860,卖盘
251,14:33:13,3.11,0.01,33,10263,买盘
252,14:33:08,3.1,-0.01,13,4030,卖盘
253,14:33:03,3.11,--,249,77439,买盘
254,14:32:53,3.11,--,34,10574,买盘
255,14:32:48,3.11,--,118,36698,买盘
256,14:32:33,3.11,--,557,173227,买盘
257,14:32:28,3.11,--,565,175715,买盘
258,14:32:23,3.11,--,103,32033,买盘
259,14:32:08,3.11,--,3,933,买盘
260,14:32:03,3.11,0.01,258,80238,买盘
261,14:31:53,3.1,-0.01,39,12090,卖盘
262,14:31:48,3.11,--,564,175404,买盘
263,14:31:38,3.11,--,600,186600,买盘
264,14:31:33,3.11,--,251,78061,买盘
265,14:31:23,3.11,0.01,565,175715,买盘
266,14:31:18,3.1,--,18,5580,卖盘
267,14:31:12,3.1,--,124,38440,卖盘
268,14:31:08,3.1,-0.01,1,310,卖盘
269,14:31:03,3.11,--,272,84592,买盘
270,14:30:53,3.11,--,39,12129,买盘
271,14:30:42,3.11,--,108,33588,买盘
272,14:30:38,3.11,--,2,622,买盘
273,14:30:33,3.11,--,277,86147,买盘
274,14:30:22,3.11,0.01,3,933,买盘
275,14:30:18,3.1,-0.01,30,9300,卖盘
276,14:30:12,3.11,0.01,144,44784,买盘
277,14:30:08,3.1,--,51,15810,卖盘
278,14:30:02,3.1,-0.01,3,930,卖盘
279,14:29:47,3.11,--,18,5598,买盘
280,14:29:42,3.11,--,3,933,买盘
281,14:29:37,3.11,0.01,4,1244,买盘
282,14:29:32,3.1,--,52,16120,卖盘
283,14:29:27,3.1,-0.01,215,66650,卖盘
284,14:29:22,3.11,--,1,311,买盘
285,14:29:17,3.11,0.01,148,46028,买盘
286,14:29:12,3.1,-0.01,81,25110,卖盘
287,14:29:07,3.11,0.01,2,622,买盘
288,14:29:02,3.1,--,1,310,卖盘
289,14:28:57,3.1,-0.01,67,20770,卖盘
290,14:28:47,3.11,0.01,47,14617,买盘
291,14:28:42,3.1,--,633,196230,卖盘
292,14:28:32,3.1,-0.01,11,3410,卖盘
293,14:28:27,3.11,0.01,275,85525,买盘
294,14:28:22,3.1,-0.01,11,3410,卖盘
295,14:28:17,3.11,--,1,311,买盘
296,14:28:07,3.11,0.01,135,41985,买盘
297,14:28:02,3.1,-0.01,111,34410,卖盘
298,14:27:57,3.11,--,52,16172,买盘
299,14:27:52,3.11,--,449,139639,买盘
300,14:27:46,3.11,--,13,4043,买盘
301,14:27:42,3.11,0.01,2,622,买盘
302,14:27:32,3.1,-0.01,4,1240,卖盘
303,14:27:27,3.11,--,183,56913,买盘
304,14:27:17,3.11,0.01,33,10263,买盘
305,14:27:12,3.1,-0.01,3,930,卖盘
306,14:27:02,3.11,--,176,54736,买盘
307,14:26:57,3.11,--,13,4043,买盘
308,14:26:52,3.11,--,40,12440,买盘
309,14:26:47,3.11,--,3,933,买盘
310,14:26:42,3.11,--,4,1244,买盘
311,14:26:32,3.11,0.01,198,61578,买盘
312,14:26:27,3.1,-0.01,1005,311550,卖盘
313,14:26:22,3.11,--,6,1866,买盘
314,14:26:02,3.11,--,169,52559,买盘
315,14:25:52,3.11,--,622,193442,买盘
316,14:25:47,3.11,0.01,306,95166,买盘
317,14:25:42,3.1,-0.01,12,3720,卖盘
318,14:25:37,3.11,--,40,12440,买盘
319,14:25:31,3.11,--,245,76195,买盘
320,14:25:22,3.11,--,50,15550,买盘
321,14:25:17,3.11,--,6,1866,买盘
322,14:25:12,3.11,--,69,21459,买盘
323,14:25:02,3.11,--,225,69975,买盘
324,14:24:57,3.11,--,30,9330,买盘
325,14:24:52,3.11,--,6,1866,买盘
326,14:24:47,3.11,--,65,20215,买盘
327,14:24:42,3.11,--,10011,3113421,买盘
328,14:24:36,3.11,--,500,155500,买盘
329,14:24:31,3.11,--,181,56291,买盘
330,14:24:27,3.11,--,103,32033,买盘
331,14:24:21,3.11,--,130,40430,买盘
332,14:24:17,3.11,--,10002,3110622,买盘
333,14:24:01,3.11,--,146,45406,买盘
334,14:23:57,3.11,--,20,6220,买盘
335,14:23:47,3.11,--,205,63755,买盘
336,14:23:42,3.11,--,6,1866,买盘
337,14:23:36,3.11,--,3,933,买盘
338,14:23:32,3.11,--,166,51626,买盘
339,14:23:26,3.11,--,3,933,买盘
340,14:23:11,3.11,0.01,1,311,买盘
341,14:23:06,3.1,-0.01,43,13330,卖盘
342,14:23:01,3.11,0.01,144,44784,买盘
343,14:22:56,3.1,--,10,3100,卖盘
344,14:22:51,3.1,--,204,63240,卖盘
345,14:22:46,3.1,-0.01,5,1550,卖盘
346,14:22:41,3.11,--,2,622,买盘
347,14:22:36,3.11,0.01,154,47894,买盘
348,14:22:26,3.1,--,130,40300,卖盘
349,14:22:21,3.1,-0.01,30,9300,卖盘
350,14:22:16,3.11,--,1,311,买盘
351,14:22:06,3.11,0.01,144,44784,买盘
352,14:22:01,3.1,-0.01,1,310,卖盘
353,14:21:56,3.11,0.01,121,37631,买盘
354,14:21:51,3.1,-0.01,5,1550,卖盘
355,14:21:41,3.11,0.01,1,311,买盘
356,14:21:36,3.1,-0.01,406,125860,卖盘
357,14:21:31,3.11,--,1,311,买盘
358,14:21:26,3.11,--,10,3110,买盘
359,14:21:21,3.11,--,200,62200,买盘
360,14:21:11,3.11,--,124,38564,买盘
361,14:21:06,3.11,--,935,290785,买盘
362,14:21:01,3.11,--,3,933,买盘
363,14:20:56,3.11,--,515,160165,买盘
364,14:20:51,3.11,--,561,174471,买盘
365,14:20:46,3.11,--,217,67487,买盘
366,14:20:40,3.11,--,170,52870,买盘
367,14:20:36,3.11,--,137,42607,买盘
368,14:20:26,3.11,0.01,1367,425137,买盘
369,14:20:21,3.1,-0.01,301,93310,卖盘
370,14:20:16,3.11,--,48,14928,买盘
371,14:20:10,3.11,--,352,109472,买盘
372,14:20:06,3.11,0.01,1032,320952,买盘
373,14:20:01,3.1,--,4,1240,卖盘
374,14:19:56,3.1,--,4,1240,卖盘
375,14:19:51,3.1,--,20,6200,卖盘
376,14:19:41,3.1,--,3,930,卖盘
377,14:19:36,3.1,-0.01,1,310,卖盘
378,14:19:31,3.11,--,2,622,买盘
379,14:19:26,3.11,0.01,2,622,买盘
380,14:19:21,3.1,--,10,3100,卖盘
381,14:19:11,3.1,-0.01,1,310,卖盘
382,14:19:06,3.11,0.01,1,311,买盘
383,14:18:56,3.1,--,83,25730,卖盘
384,14:18:41,3.1,--,9,2790,卖盘
385,14:18:36,3.1,-0.01,9,2790,卖盘
386,14:18:31,3.11,--,2,622,买盘
387,14:18:25,3.11,0.01,28,8708,买盘
388,14:18:20,3.1,--,5,1550,卖盘
389,14:18:15,3.1,--,4200,1302000,卖盘
390,14:18:10,3.1,--,1,310,卖盘
391,14:18:01,3.1,--,1,310,卖盘
392,14:17:51,3.1,-0.01,1,310,卖盘
393,14:17:45,3.11,0.01,35,10885,买盘
394,14:17:40,3.1,--,246,76260,卖盘
395,14:17:35,3.1,--,29,9114,卖盘
396,14:17:30,3.1,--,12,3720,卖盘
397,14:17:26,3.1,--,101,31310,卖盘
398,14:17:20,3.1,-0.01,378,117180,卖盘
399,14:16:50,3.11,0.01,101,31411,买盘
400,14:16:45,3.1,-0.01,1,310,卖盘
401,14:16:40,3.11,--,7,2177,买盘
402,14:16:35,3.11,0.01,2,622,买盘
403,14:16:20,3.1,-0.01,1,310,卖盘
404,14:16:10,3.11,0.01,1,311,买盘
405,14:16:00,3.1,--,2,620,卖盘
406,14:15:50,3.1,-0.01,1,310,卖盘
407,14:15:45,3.11,--,16,4976,买盘
408,14:15:35,3.11,0.01,1,311,买盘
409,14:15:20,3.1,--,13,4030,卖盘
410,14:15:15,3.1,-0.01,85,26350,卖盘
411,14:15:05,3.11,0.01,250,77750,买盘
412,14:15:00,3.1,--,1,310,卖盘
413,14:14:55,3.1,-0.01,26,8060,卖盘
414,14:14:50,3.11,0.01,30,9330,买盘
415,14:14:45,3.1,-0.01,167,51770,卖盘
416,14:14:35,3.11,--,9,2799,买盘
417,14:14:30,3.11,--,211,65621,买盘
418,14:14:15,3.11,--,90,27990,买盘
419,14:14:05,3.11,--,6,1866,买盘
420,14:14:00,3.11,--,121,37631,买盘
421,14:13:50,3.11,--,6,1866,买盘
422,14:13:45,3.11,0.01,149,46339,买盘
423,14:13:40,3.1,--,87,26970,卖盘
424,14:13:30,3.1,-0.01,1,310,卖盘
425,14:13:25,3.11,0.01,4,1244,买盘
426,14:13:20,3.1,-0.01,17,5270,卖盘
427,14:13:15,3.11,0.01,104,32344,买盘
428,14:13:10,3.1,-0.01,88,27280,卖盘
429,14:12:45,3.11,--,125,38875,买盘
430,14:12:35,3.11,0.01,16,4976,买盘
431,14:12:30,3.1,-0.01,93,28830,卖盘
432,14:12:25,3.11,--,1,311,买盘
433,14:12:19,3.11,--,13,4043,买盘
434,14:12:15,3.11,--,129,40119,买盘
435,14:12:04,3.11,0.01,17,5287,买盘
436,14:12:00,3.1,-0.01,1,310,卖盘
437,14:11:55,3.11,--,273,84903,买盘
438,14:11:45,3.11,--,105,32655,买盘
439,14:11:34,3.11,0.01,5,1555,买盘
440,14:11:25,3.1,-0.01,2636,817160,卖盘
441,14:11:19,3.11,--,87,27057,买盘
442,14:11:15,3.11,0.01,120,37320,买盘
443,14:11:04,3.1,--,18,5580,卖盘
444,14:11:00,3.1,-0.01,2,620,卖盘
445,14:10:49,3.11,--,100,31100,买盘
446,14:10:45,3.11,0.01,107,33277,买盘
447,14:10:39,3.1,--,2,620,卖盘
448,14:10:35,3.1,--,2,620,卖盘
449,14:10:29,3.1,--,4,1240,卖盘
450,14:10:24,3.1,--,20,6200,卖盘
451,14:10:19,3.1,-0.01,107,33170,卖盘
452,14:10:15,3.11,0.01,135,41985,买盘
453,14:09:59,3.1,--,8,2480,卖盘
454,14:09:54,3.1,-0.01,40,12400,卖盘
455,14:09:49,3.11,0.01,97,30167,买盘
456,14:09:44,3.1,-0.01,118,36580,卖盘
457,14:09:39,3.11,0.01,29,9019,买盘
458,14:09:34,3.1,-0.01,208,64480,卖盘
459,14:09:29,3.11,0.01,41,12751,买盘
460,14:09:24,3.1,-0.01,20,6200,卖盘
461,14:09:19,3.11,--,87,27057,买盘
462,14:09:14,3.11,--,106,32966,买盘
463,14:09:09,3.11,--,15,4665,买盘
464,14:08:59,3.11,--,261,81171,买盘
465,14:08:54,3.11,0.01,1,311,买盘
466,14:08:44,3.1,-0.01,321,99510,卖盘
467,14:08:39,3.11,--,8,2488,买盘
468,14:08:33,3.11,0.01,1,311,买盘
469,14:08:29,3.1,-0.01,3,930,卖盘
470,14:08:24,3.11,--,141,43851,买盘
471,14:08:14,3.11,0.01,122,37942,买盘
472,14:08:09,3.1,--,49,15190,卖盘
473,14:08:04,3.1,--,56,17360,卖盘
474,14:07:59,3.1,-0.01,5,1550,卖盘
475,14:07:54,3.11,--,61,18971,买盘
476,14:07:44,3.11,--,135,41985,买盘
477,14:07:39,3.11,--,56,17416,买盘
478,14:07:34,3.11,--,62,19282,买盘
479,14:07:29,3.11,--,229,71219,买盘
480,14:07:24,3.11,--,46,14306,买盘
481,14:07:19,3.11,--,27,8397,买盘
482,14:07:14,3.11,--,160,49760,买盘
483,14:07:09,3.11,--,27,8397,买盘
484,14:06:59,3.11,0.01,78,24258,买盘
485,14:06:54,3.1,-0.01,18,5580,卖盘
486,14:06:44,3.11,--,160,49760,买盘
487,14:06:39,3.11,--,60,18660,买盘
488,14:06:29,3.11,0.01,1,311,买盘
489,14:06:24,3.1,-0.01,1,310,卖盘
490,14:06:14,3.11,--,105,32655,买盘
491,14:06:09,3.11,0.01,35,10885,买盘
492,14:06:04,3.1,--,11,3410,卖盘
493,14:05:59,3.1,-0.01,2,620,卖盘
494,14:05:54,3.11,--,9,2799,买盘
495,14:05:44,3.11,0.01,105,32655,买盘
496,14:05:39,3.1,-0.01,11,3410,卖盘
497,14:05:24,3.11,0.01,79,24569,买盘
498,14:05:13,3.1,--,305,94550,卖盘
499,14:05:09,3.1,--,1,310,卖盘
500,14:05:04,3.1,-0.01,793,245830,卖盘
501,14:04:43,3.11,--,105,32655,买盘
502,14:04:39,3.11,--,1,311,买盘
503,14:04:34,3.11,--,3,933,买盘
504,14:04:28,3.11,0.01,43,13373,买盘
505,14:04:24,3.1,-0.01,14,4340,卖盘
506,14:04:13,3.11,--,117,36387,买盘
507,14:03:58,3.11,0.01,2,622,买盘
508,14:03:49,3.1,-0.01,1,310,卖盘
509,14:03:43,3.11,--,148,46028,买盘
510,14:03:39,3.11,0.01,36,11196,买盘
511,14:03:33,3.1,-0.01,100,31000,卖盘
512,14:03:28,3.11,0.01,3,933,买盘
513,14:03:24,3.1,--,82,25420,卖盘
514,14:03:18,3.1,-0.01,1,310,卖盘
515,14:03:13,3.11,0.01,107,33277,买盘
516,14:03:03,3.1,--,1,310,卖盘
517,14:02:58,3.1,--,1,310,卖盘
518,14:02:54,3.1,--,10038,3111780,卖盘
519,14:02:48,3.1,--,2,620,卖盘
520,14:02:43,3.1,--,116,35960,卖盘
521,14:02:38,3.1,--,4,1240,卖盘
522,14:02:33,3.1,--,39,12090,卖盘
523,14:02:28,3.1,--,2,620,卖盘
524,14:02:23,3.1,--,15,4650,卖盘
525,14:02:13,3.1,-0.01,122,37820,卖盘
526,14:02:08,3.11,0.01,8,2488,买盘
527,14:02:03,3.1,-0.01,1,310,卖盘
528,14:01:58,3.11,0.01,10011,3113421,买盘
529,14:01:53,3.1,--,2,620,卖盘
530,14:01:48,3.1,-0.01,29,8990,卖盘
531,14:01:43,3.11,0.01,10000,3110000,买盘
532,14:01:38,3.1,--,10,3100,卖盘
533,14:01:33,3.1,-0.01,1,310,卖盘
534,14:01:28,3.11,0.01,25,7775,买盘
535,14:01:23,3.1,--,10003,3100930,卖盘
536,14:01:18,3.1,--,32,9920,卖盘
537,14:01:13,3.1,-0.01,3,930,卖盘
538,14:01:08,3.11,0.01,22,6842,买盘
539,14:01:02,3.1,--,122,37820,卖盘
540,14:00:58,3.1,--,40,12400,卖盘
541,14:00:53,3.1,--,45,13950,卖盘
542,14:00:48,3.1,-0.01,250,77500,卖盘
543,14:00:42,3.11,--,43,13373,买盘
544,14:00:38,3.11,--,293,91123,买盘
545,14:00:32,3.11,0.01,359,111649,买盘
546,14:00:28,3.1,-0.01,1,310,卖盘
547,14:00:23,3.11,--,631,196241,买盘
548,14:00:18,3.11,--,908,282388,买盘
549,14:00:13,3.11,--,1197,372267,买盘
550,14:00:08,3.11,0.01,991,308201,买盘
551,14:00:02,3.1,-0.01,640,198400,卖盘
552,13:59:58,3.11,--,34,10574,买盘
553,13:59:53,3.11,--,3,933,买盘
554,13:59:47,3.11,--,7,2177,买盘
555,13:59:38,3.11,--,92,28612,买盘
556,13:59:32,3.11,0.01,1,311,买盘
557,13:59:23,3.1,-0.01,88,27280,卖盘
558,13:59:13,3.11,--,22,6842,买盘
559,13:59:02,3.11,--,108,33588,买盘
560,13:58:53,3.11,0.01,100,31100,买盘
561,13:58:47,3.1,--,41,12710,卖盘
562,13:58:28,3.1,-0.01,10,3100,卖盘
563,13:58:17,3.11,0.01,2,622,买盘
564,13:58:02,3.1,-0.01,52,16120,卖盘
565,13:57:52,3.11,0.01,150,46650,买盘
566,13:57:47,3.1,-0.01,1,310,卖盘
567,13:57:37,3.11,--,201,62511,买盘
568,13:57:32,3.11,--,90,27990,买盘
569,13:57:22,3.11,--,103,32033,买盘
570,13:57:17,3.11,--,1,311,买盘
571,13:57:12,3.11,0.01,1,311,买盘
572,13:57:02,3.1,-0.01,348,107880,卖盘
573,13:56:56,3.11,--,10,3110,买盘
574,13:56:52,3.11,--,3,933,买盘
575,13:56:22,3.11,0.01,14,4354,买盘
576,13:56:17,3.1,--,27,8370,卖盘
577,13:56:11,3.1,-0.01,86,26660,卖盘
578,13:56:02,3.11,0.01,39,12129,买盘
579,13:55:52,3.1,--,8,2480,卖盘
580,13:55:47,3.1,-0.01,1,310,卖盘
581,13:55:41,3.11,0.01,1,311,买盘
582,13:55:37,3.1,--,50,15500,卖盘
583,13:55:26,3.1,--,1,310,卖盘
584,13:55:17,3.1,-0.01,6,1860,卖盘
585,13:55:11,3.11,--,3,933,买盘
586,13:55:02,3.11,--,1,311,买盘
587,13:54:56,3.11,0.01,1,311,买盘
588,13:54:52,3.1,-0.01,61,18910,卖盘
589,13:54:32,3.11,0.01,17,5287,买盘
590,13:54:26,3.1,-0.01,20,6200,卖盘
591,13:54:17,3.11,--,41,12751,买盘
592,13:54:11,3.11,0.01,43,13373,买盘
593,13:54:06,3.1,-0.01,31,9610,卖盘
594,13:54:02,3.11,--,1,311,买盘
595,13:53:52,3.11,0.01,252,78372,买盘
596,13:53:41,3.1,-0.01,5,1550,卖盘
597,13:53:32,3.11,--,750,233250,买盘
598,13:53:26,3.11,0.01,1,311,买盘
599,13:53:21,3.1,--,100,31000,卖盘
600,13:53:17,3.1,-0.01,220,68200,卖盘
601,13:53:07,3.11,--,103,32033,买盘
602,13:53:02,3.11,--,81,25191,买盘
603,13:52:56,3.11,0.01,1,311,买盘
604,13:52:51,3.1,-0.01,124,38440,卖盘
605,13:52:47,3.11,--,201,62511,买盘
606,13:52:41,3.11,--,12,3732,买盘
607,13:52:32,3.11,0.01,119,37009,买盘
608,13:52:26,3.1,--,100,31000,卖盘
609,13:52:21,3.1,--,19,5890,卖盘
610,13:52:17,3.1,--,2,620,卖盘
611,13:52:02,3.1,-0.01,182,56420,卖盘
612,13:51:56,3.11,0.01,62,19282,买盘
613,13:51:47,3.1,--,10,3100,卖盘
614,13:51:41,3.1,-0.01,27,8370,卖盘
615,13:51:36,3.11,--,100,31100,买盘
616,13:51:32,3.11,0.01,95,29545,买盘
617,13:51:26,3.1,--,198,61380,卖盘
618,13:51:22,3.1,-0.01,10,3100,卖盘
619,13:51:11,3.11,0.01,1,311,买盘
620,13:51:06,3.1,-0.01,7,2170,卖盘
621,13:51:02,3.11,--,19,5909,买盘
622,13:50:51,3.11,--,4,1244,买盘
623,13:50:47,3.11,--,37,11507,买盘
624,13:50:41,3.11,0.01,76,23636,买盘
625,13:50:32,3.1,-0.01,8,2480,卖盘
626,13:50:27,3.11,0.01,1,311,买盘
627,13:50:16,3.1,-0.01,46,14260,卖盘
628,13:50:11,3.11,0.01,103,32033,买盘
629,13:50:07,3.1,--,50,15500,卖盘
630,13:50:01,3.1,--,10,3100,卖盘
631,13:49:56,3.1,--,200,62000,卖盘
632,13:49:51,3.1,-0.01,1,310,卖盘
633,13:49:46,3.11,0.01,1,311,买盘
634,13:49:41,3.1,--,5,1550,卖盘
635,13:49:36,3.1,-0.01,10,3100,卖盘
636,13:49:26,3.11,0.01,3,933,买盘
637,13:49:21,3.1,-0.01,5,1550,卖盘
638,13:49:16,3.11,--,1,311,买盘
639,13:49:05,3.11,0.01,1,311,买盘
640,13:48:56,3.1,-0.01,52,16120,卖盘
641,13:48:45,3.11,--,1,311,买盘
642,13:48:41,3.11,0.01,2,622,买盘
643,13:48:30,3.1,--,2,620,卖盘
644,13:48:26,3.1,--,41,12710,卖盘
645,13:48:20,3.1,--,20,6200,卖盘
646,13:48:11,3.1,--,3,930,卖盘
647,13:48:05,3.1,--,13,4030,卖盘
648,13:48:01,3.1,-0.01,41,12710,卖盘
649,13:47:45,3.11,0.01,1,311,买盘
650,13:47:35,3.1,--,69,21390,卖盘
651,13:47:31,3.1,--,102,31620,卖盘
652,13:47:26,3.1,-0.01,6,1860,卖盘
653,13:47:15,3.11,0.01,2,622,买盘
654,13:47:11,3.1,-0.01,102,31620,卖盘
655,13:47:05,3.11,--,203,63133,买盘
656,13:47:00,3.11,--,1,311,买盘
657,13:46:56,3.11,--,1,311,买盘
658,13:46:50,3.11,--,2,622,买盘
659,13:46:45,3.11,--,2,622,买盘
660,13:46:41,3.11,0.01,1,311,买盘
661,13:46:35,3.1,-0.01,2,620,卖盘
662,13:46:31,3.11,--,9,2799,买盘
663,13:46:11,3.11,--,50,15550,买盘
664,13:46:05,3.11,--,5,1555,买盘
665,13:46:00,3.11,--,16,4976,买盘
666,13:45:56,3.11,0.01,103,32033,买盘
667,13:45:45,3.1,--,56,17360,卖盘
668,13:45:41,3.1,--,657,203670,卖盘
669,13:45:35,3.1,--,502,155620,卖盘
670,13:45:26,3.1,-0.01,1,310,卖盘
671,13:45:15,3.11,--,3,933,买盘
672,13:45:10,3.11,0.01,2,622,买盘
673,13:45:05,3.1,--,2,620,卖盘
674,13:44:56,3.1,-0.01,13,4030,卖盘
675,13:44:41,3.11,--,1,311,买盘
676,13:44:35,3.11,0.01,777,241647,买盘
677,13:44:30,3.1,-0.01,1,310,卖盘
678,13:44:20,3.11,--,1,311,买盘
679,13:44:05,3.11,0.01,86,26746,买盘
680,13:44:00,3.1,--,3,930,卖盘
681,13:43:56,3.1,-0.01,1228,380680,卖盘
682,13:43:41,3.11,--,3,933,买盘
683,13:43:35,3.11,0.01,412,128132,买盘
684,13:43:26,3.1,-0.01,1,310,卖盘
685,13:43:20,3.11,--,12,3732,买盘
686,13:43:16,3.11,0.01,5,1555,买盘
687,13:43:10,3.1,-0.01,82,25420,卖盘
688,13:43:05,3.11,--,82,25502,买盘
689,13:42:56,3.11,--,174,54114,买盘
690,13:42:40,3.11,--,3,933,买盘
691,13:42:35,3.11,0.01,356,110716,买盘
692,13:42:30,3.1,--,1,310,卖盘
693,13:42:25,3.1,--,35,10850,卖盘
694,13:42:20,3.1,-0.01,39,12090,卖盘
695,13:42:05,3.11,0.01,82,25502,买盘
696,13:41:55,3.1,-0.01,181,56110,卖盘
697,13:41:50,3.11,--,291,90501,买盘
698,13:41:40,3.11,0.01,1,311,买盘
699,13:41:35,3.1,-0.01,861,266910,卖盘
700,13:41:24,3.11,--,1,311,买盘
701,13:41:20,3.11,--,1,311,买盘
702,13:41:14,3.11,0.01,1,311,买盘
703,13:41:10,3.1,-0.01,67,20770,卖盘
704,13:41:05,3.11,--,84,26124,买盘
705,13:40:54,3.11,0.01,86,26746,买盘
706,13:40:44,3.1,-0.01,100,31000,卖盘
707,13:40:35,3.11,0.01,83,25813,买盘
708,13:40:29,3.1,-0.01,26,8060,卖盘
709,13:40:20,3.11,0.01,3,933,买盘
710,13:40:09,3.1,--,130,40300,卖盘
711,13:40:05,3.1,-0.01,89,27590,卖盘
712,13:39:59,3.11,0.01,9722,3023542,买盘
713,13:39:54,3.1,--,373,115630,卖盘
714,13:39:50,3.1,--,80,24800,卖盘
715,13:39:44,3.1,--,24,7440,卖盘
716,13:39:35,3.1,--,284,88040,卖盘
717,13:39:29,3.1,--,332,102920,卖盘
718,13:39:24,3.1,-0.01,328,101680,卖盘
719,13:39:09,3.11,0.01,2,622,买盘
720,13:39:05,3.1,-0.01,101,31310,卖盘
721,13:38:59,3.11,0.01,1,311,买盘
722,13:38:50,3.1,-0.01,6,1860,卖盘
723,13:38:39,3.11,--,3,933,买盘
724,13:38:34,3.11,--,82,25502,买盘
725,13:38:24,3.11,--,1,311,买盘
726,13:38:20,3.11,0.01,1,311,买盘
727,13:38:14,3.1,-0.01,9,2790,卖盘
728,13:38:04,3.11,--,159,49449,买盘
729,13:37:54,3.11,--,33,10263,买盘
730,13:37:50,3.11,--,34,10574,买盘
731,13:37:44,3.11,--,1,311,买盘
732,13:37:39,3.11,--,429,133419,买盘
733,13:37:34,3.11,0.01,84,26124,买盘
734,13:37:29,3.1,-0.01,2,620,卖盘
735,13:37:20,3.11,0.01,1,311,买盘
736,13:37:14,3.1,-0.01,3,930,卖盘
737,13:37:09,3.11,--,48,14928,买盘
738,13:37:04,3.11,0.01,83,25813,买盘
739,13:36:54,3.1,-0.01,10,3100,卖盘
740,13:36:49,3.11,0.01,128,39808,买盘
741,13:36:44,3.1,--,47,14570,卖盘
742,13:36:34,3.1,-0.01,682,211420,卖盘
743,13:36:24,3.11,0.01,1,311,买盘
744,13:36:19,3.1,-0.01,300,93000,卖盘
745,13:36:04,3.11,0.01,83,25813,买盘
746,13:35:49,3.1,-0.01,8,2480,卖盘
747,13:35:44,3.11,--,27,8397,买盘
748,13:35:39,3.11,--,11,3421,买盘
749,13:35:34,3.11,0.01,82,25502,买盘
750,13:35:29,3.1,-0.01,2,620,卖盘
751,13:35:14,3.11,--,2,622,买盘
752,13:35:09,3.11,--,1,311,买盘
753,13:35:04,3.11,--,90,27990,买盘
754,13:34:49,3.11,0.01,30,9330,买盘
755,13:34:44,3.1,-0.01,50,15500,卖盘
756,13:34:34,3.11,0.01,84,26124,买盘
757,13:34:19,3.1,-0.01,273,84630,卖盘
758,13:34:14,3.11,0.01,1,311,买盘
759,13:34:08,3.1,-0.01,1,310,卖盘
760,13:34:04,3.11,0.01,266,82726,买盘
761,13:33:59,3.1,-0.01,1,310,卖盘
762,13:33:53,3.11,0.01,21,6531,买盘
763,13:33:49,3.1,--,110,34100,卖盘
764,13:33:44,3.1,-0.01,3,930,卖盘
765,13:33:38,3.11,--,23,7153,买盘
766,13:33:33,3.11,0.01,83,25813,买盘
767,13:33:29,3.1,-0.01,1145,354950,卖盘
768,13:33:23,3.11,0.01,150,46650,买盘
769,13:33:14,3.1,-0.01,18,5580,卖盘
770,13:33:08,3.11,--,203,63133,买盘
771,13:33:03,3.11,0.01,83,25813,买盘
772,13:32:44,3.1,-0.01,1,310,卖盘
773,13:32:38,3.11,--,1,311,买盘
774,13:32:33,3.11,0.01,82,25502,买盘
775,13:32:29,3.1,--,20,6200,卖盘
776,13:32:23,3.1,--,34,10540,卖盘
777,13:32:18,3.1,--,1,310,卖盘
778,13:32:14,3.1,--,1,310,卖盘
779,13:32:08,3.1,-0.01,1,310,卖盘
780,13:32:03,3.11,0.01,102,31722,买盘
781,13:31:53,3.1,--,2,620,卖盘
782,13:31:48,3.1,-0.01,4,1240,卖盘
783,13:31:44,3.11,0.01,1,311,买盘
784,13:31:38,3.1,-0.01,30,9300,卖盘
785,13:31:33,3.11,0.01,83,25813,买盘
786,13:31:29,3.1,--,2,620,卖盘
787,13:31:23,3.1,--,1,310,卖盘
788,13:31:18,3.1,--,30,9300,卖盘
789,13:31:08,3.1,-0.01,3,930,卖盘
790,13:31:03,3.11,0.01,81,25191,买盘
791,13:30:58,3.1,--,101,31310,卖盘
792,13:30:48,3.1,-0.01,33,10230,卖盘
793,13:30:44,3.11,0.01,1,311,买盘
794,13:30:38,3.1,-0.01,30,9300,卖盘
795,13:30:33,3.11,0.01,527,163897,买盘
796,13:30:18,3.1,-0.01,1,310,卖盘
797,13:30:08,3.11,--,4,1244,买盘
798,13:30:03,3.11,0.01,81,25191,买盘
799,13:29:58,3.1,-0.01,1000,310000,卖盘
800,13:29:53,3.11,0.01,1,311,买盘
801,13:29:48,3.1,--,30,9300,卖盘
802,13:29:43,3.1,-0.01,141,43710,卖盘
803,13:29:38,3.11,--,1,311,买盘
804,13:29:28,3.11,--,273,84903,买盘
805,13:29:13,3.11,0.01,64,19904,买盘
806,13:29:08,3.1,--,40,12400,卖盘
807,13:29:03,3.1,-0.01,48,14880,卖盘
808,13:28:58,3.11,0.01,1,311,买盘
809,13:28:53,3.1,-0.01,54,16740,卖盘
810,13:28:43,3.11,0.01,131,40741,买盘
811,13:28:38,3.1,--,200,62000,卖盘
812,13:28:33,3.1,--,1,310,卖盘
813,13:28:13,3.1,--,50,15500,卖盘
814,13:28:08,3.1,--,4,1240,卖盘
815,13:28:03,3.1,-0.01,1,310,卖盘
816,13:27:58,3.11,0.01,1,311,买盘
817,13:27:53,3.1,--,2,620,卖盘
818,13:27:43,3.1,--,161,49910,卖盘
819,13:27:38,3.1,-0.01,100,31000,卖盘
820,13:27:33,3.11,0.01,216,67176,买盘
821,13:27:28,3.1,--,50,15500,卖盘
822,13:26:58,3.1,--,21,6510,卖盘
823,13:26:53,3.1,--,31,9610,卖盘
824,13:26:32,3.1,--,21,6510,卖盘
825,13:26:28,3.1,--,3,930,卖盘
826,13:26:17,3.1,--,39,12090,卖盘
827,13:26:13,3.1,--,177,54870,卖盘
828,13:26:08,3.1,--,16,4960,卖盘
829,13:26:02,3.1,-0.01,1,310,卖盘
830,13:25:58,3.11,--,1,311,买盘
831,13:25:53,3.11,0.01,208,64688,买盘
832,13:25:47,3.1,-0.01,10,3100,卖盘
833,13:25:42,3.11,--,8,2488,买盘
834,13:25:38,3.11,0.01,1,311,买盘
835,13:25:32,3.1,--,8,2480,卖盘
836,13:25:27,3.1,--,216,66960,卖盘
837,13:25:17,3.1,--,28,8680,卖盘
838,13:25:08,3.1,--,152,47120,卖盘
839,13:25:02,3.1,--,492,152520,卖盘
840,13:24:57,3.1,-0.01,66,20460,卖盘
841,13:24:53,3.11,0.01,1,311,买盘
842,13:24:42,3.1,--,20,6200,卖盘
843,13:24:38,3.1,--,25,7750,卖盘
844,13:24:32,3.1,--,16,4960,卖盘
845,13:24:27,3.1,--,413,128030,卖盘
846,13:24:23,3.1,-0.01,34,10540,卖盘
847,13:24:17,3.11,0.01,183,56913,买盘
848,13:24:12,3.1,--,108,33480,卖盘
849,13:24:08,3.1,--,359,111290,卖盘
850,13:24:02,3.1,--,447,138570,卖盘
851,13:23:57,3.1,--,65,20150,卖盘
852,13:23:53,3.1,--,55,17050,卖盘
853,13:23:38,3.1,--,1000,310000,卖盘
854,13:23:17,3.1,--,1102,341620,卖盘
855,13:23:12,3.1,--,10,3100,卖盘
856,13:23:08,3.1,--,40,12400,卖盘
857,13:23:02,3.1,--,1,310,卖盘
858,13:22:57,3.1,--,50,15500,卖盘
859,13:22:53,3.1,--,200,62000,卖盘
860,13:22:47,3.1,--,115,35650,卖盘
861,13:22:38,3.1,--,428,132680,卖盘
862,13:22:32,3.1,--,7,2170,卖盘
863,13:22:23,3.1,--,312,96720,卖盘
864,13:22:17,3.1,--,70,21700,卖盘
865,13:22:08,3.1,--,179,55490,卖盘
866,13:22:02,3.1,--,321,99510,卖盘
867,13:21:57,3.1,--,54,16740,卖盘
868,13:21:53,3.1,-0.01,20,6200,卖盘
869,13:21:37,3.11,0.01,10,3110,买盘
870,13:21:32,3.1,--,82,25420,卖盘
871,13:21:22,3.1,-0.01,1,310,卖盘
872,13:21:07,3.11,0.01,113,35143,买盘
873,13:21:02,3.1,--,2,620,卖盘
874,13:20:57,3.1,--,35,10850,卖盘
875,13:20:52,3.1,--,1,310,卖盘
876,13:20:37,3.1,--,937,290470,卖盘
877,13:20:32,3.1,--,11,3410,卖盘
878,13:20:17,3.1,--,10,3100,卖盘
879,13:20:07,3.1,--,53,16430,卖盘
880,13:19:47,3.1,--,29,8990,卖盘
881,13:19:37,3.1,--,300,93000,卖盘
882,13:19:32,3.1,-0.01,20,6200,卖盘
883,13:19:27,3.11,--,1,311,买盘
884,13:19:22,3.11,0.01,1,311,买盘
885,13:19:17,3.1,--,1,310,卖盘
886,13:19:02,3.1,--,55,17050,卖盘
887,13:18:57,3.1,--,15,4650,卖盘
888,13:18:47,3.1,--,50,15500,卖盘
889,13:18:32,3.1,--,101,31310,卖盘
890,13:18:17,3.1,--,1100,341000,卖盘
891,13:18:07,3.1,--,42,13020,卖盘
892,13:18:02,3.1,-0.01,278,86180,卖盘
893,13:17:26,3.11,0.01,200,62200,买盘
894,13:17:16,3.1,--,134,41540,卖盘
895,13:17:11,3.1,-0.01,70,21700,卖盘
896,13:17:02,3.11,0.01,1,311,买盘
897,13:16:56,3.1,--,98,30380,卖盘
898,13:16:32,3.1,-0.01,1,310,卖盘
899,13:16:17,3.11,0.01,11,3421,买盘
900,13:16:11,3.1,--,166,51460,卖盘
901,13:16:02,3.1,-0.01,846,262260,卖盘
902,13:15:56,3.11,--,201,62511,买盘
903,13:15:41,3.11,--,100,31100,买盘
904,13:15:26,3.11,0.01,1,311,买盘
905,13:15:21,3.1,--,5,1550,卖盘
906,13:15:17,3.1,-0.01,13,4030,卖盘
907,13:15:11,3.11,--,3,933,买盘
908,13:15:06,3.11,0.01,1,311,买盘
909,13:15:02,3.1,--,2,620,卖盘
910,13:14:56,3.1,--,18,5580,卖盘
911,13:14:31,3.1,--,1,310,卖盘
912,13:14:21,3.1,--,383,118730,卖盘
913,13:14:16,3.1,--,29,8990,卖盘
914,13:14:11,3.1,--,500,155000,卖盘
915,13:14:06,3.1,--,11,3410,卖盘
916,13:14:01,3.1,--,101,31310,卖盘
917,13:13:56,3.1,--,2,620,卖盘
918,13:13:51,3.1,--,200,62000,卖盘
919,13:13:46,3.1,--,2,620,卖盘
920,13:13:41,3.1,--,1,310,卖盘
921,13:13:36,3.1,--,161,49910,卖盘
922,13:13:31,3.1,--,52,16120,卖盘
923,13:13:26,3.1,--,173,53630,卖盘
924,13:13:21,3.1,--,105,32550,卖盘
925,13:13:16,3.1,--,20,6200,卖盘
926,13:13:11,3.1,-0.01,51,15810,卖盘
927,13:13:06,3.11,0.01,1,311,买盘
928,13:13:01,3.1,--,2,620,卖盘
929,13:12:56,3.1,-0.01,1,310,卖盘
930,13:12:46,3.11,0.01,48,14928,买盘
931,13:12:41,3.1,-0.01,108,33480,卖盘
932,13:12:31,3.11,0.01,1,311,买盘
933,13:12:26,3.1,--,1839,570090,卖盘
934,13:12:16,3.1,--,1,310,卖盘
935,13:12:06,3.1,--,5,1550,卖盘
936,13:12:01,3.1,--,1,310,卖盘
937,13:11:56,3.1,--,40,12400,卖盘
938,13:11:46,3.1,-0.01,91,28210,卖盘
939,13:11:35,3.11,0.01,14,4354,买盘
940,13:11:26,3.1,-0.01,1,310,卖盘
941,13:11:20,3.11,--,11,3421,买盘
942,13:11:11,3.11,--,31,9641,买盘
943,13:11:05,3.11,--,2,622,买盘
944,13:11:01,3.11,0.01,2,622,买盘
945,13:10:56,3.1,-0.01,1,310,卖盘
946,13:10:50,3.11,--,22,6842,买盘
947,13:10:46,3.11,0.01,2,622,买盘
948,13:10:25,3.1,-0.01,8,2480,卖盘
949,13:10:11,3.11,--,57,17727,买盘
950,13:10:05,3.11,--,109,33899,买盘
951,13:10:01,3.11,--,1,311,买盘
952,13:09:46,3.11,0.01,1,311,买盘
953,13:09:40,3.1,--,10,3100,卖盘
954,13:09:35,3.1,--,40,12400,卖盘
955,13:09:31,3.1,-0.01,11,3410,卖盘
956,13:09:26,3.11,--,1,311,买盘
957,13:09:20,3.11,--,75,23325,买盘
958,13:09:16,3.11,0.01,201,62511,买盘
959,13:09:11,3.1,--,16,4960,卖盘
960,13:09:05,3.1,--,21,6510,卖盘
961,13:09:00,3.1,--,30,9300,卖盘
962,13:08:56,3.1,-0.01,41,12710,卖盘
963,13:08:50,3.11,0.01,2,622,买盘
964,13:08:46,3.1,--,1,310,卖盘
965,13:08:30,3.1,-0.01,20,6200,卖盘
966,13:08:25,3.11,0.01,105,32655,买盘
967,13:08:20,3.1,-0.01,86,26660,卖盘
968,13:08:15,3.11,--,101,31411,买盘
969,13:08:10,3.11,--,151,46961,买盘
970,13:08:05,3.11,0.01,2563,797093,买盘
971,13:08:00,3.1,--,948,293880,卖盘
972,13:07:50,3.1,--,157,48670,卖盘
973,13:07:40,3.1,-0.01,1,310,卖盘
974,13:07:25,3.11,--,8,2488,买盘
975,13:07:20,3.11,--,2,622,买盘
976,13:07:15,3.11,--,1,311,买盘
977,13:07:10,3.11,--,2,622,买盘
978,13:07:05,3.11,--,3,933,买盘
979,13:06:55,3.11,--,6,1866,买盘
980,13:06:45,3.11,--,1,311,买盘
981,13:06:40,3.11,--,72,22392,买盘
982,13:06:35,3.11,0.01,1,311,买盘
983,13:06:30,3.1,-0.01,30,9300,卖盘
984,13:06:25,3.11,--,1,311,买盘
985,13:06:20,3.11,--,264,82104,买盘
986,13:06:10,3.11,0.01,2,622,买盘
987,13:06:05,3.1,--,548,169880,卖盘
988,13:05:55,3.1,-0.01,10,3100,卖盘
989,13:05:40,3.11,--,137,42607,买盘
990,13:05:35,3.11,--,2,622,买盘
991,13:05:30,3.11,0.01,1,311,买盘
992,13:05:20,3.1,-0.01,133,41230,卖盘
993,13:05:15,3.11,0.01,16,4976,买盘
994,13:05:10,3.1,-0.01,329,101990,卖盘
995,13:05:04,3.11,--,52,16172,买盘
996,13:04:55,3.11,--,6,1866,买盘
997,13:04:49,3.11,0.01,12,3732,买盘
998,13:04:44,3.1,-0.01,31,9610,卖盘
999,13:04:40,3.11,--,17,5287,买盘
1000,13:04:35,3.11,0.01,2,622,买盘
1001,13:04:20,3.1,--,7,2170,卖盘
1002,13:04:14,3.1,--,7,2170,卖盘
1003,13:04:10,3.1,-0.01,371,115010,卖盘
1004,13:03:44,3.11,0.01,80,24880,买盘
1005,13:03:29,3.1,--,50,15500,卖盘
1006,13:03:25,3.1,-0.01,10,3100,卖盘
1007,13:03:19,3.11,0.01,1,311,买盘
1008,13:03:14,3.1,--,15,4650,卖盘
1009,13:03:04,3.1,--,2,620,卖盘
1010,13:02:59,3.1,-0.01,1672,518320,卖盘
1011,13:02:44,3.11,--,2,622,买盘
1012,13:02:40,3.11,0.01,1,311,买盘
1013,13:02:34,3.1,--,15,4650,卖盘
1014,13:02:29,3.1,--,422,130820,卖盘
1015,13:02:25,3.1,--,476,147560,卖盘
1016,13:02:14,3.1,--,100,31000,卖盘
1017,13:02:04,3.1,-0.01,100,31000,卖盘
1018,13:01:59,3.11,0.01,33,10263,买盘
1019,13:01:49,3.1,--,324,100440,卖盘
1020,13:01:44,3.1,--,51,15810,卖盘
1021,13:01:34,3.1,-0.01,5,1550,卖盘
1022,13:01:29,3.11,--,1,311,买盘
1023,13:01:24,3.11,0.01,11,3421,买盘
1024,13:01:19,3.1,--,500,155000,卖盘
1025,13:01:09,3.1,--,401,124310,卖盘
1026,13:01:04,3.1,-0.01,6,1860,卖盘
1027,13:00:49,3.11,0.01,713,221743,买盘
1028,13:00:44,3.1,--,106,32860,卖盘
1029,13:00:34,3.1,--,100,31000,卖盘
1030,13:00:29,3.1,--,21,6510,卖盘
1031,13:00:24,3.1,--,994,308140,卖盘
1032,13:00:19,3.1,--,414,128340,卖盘
1033,13:00:14,3.1,-0.01,2011,623472,卖盘
1034,13:00:09,3.11,0.01,605,188155,买盘
1035,13:00:04,3.1,--,96237,29833727,卖盘
1036,11:30:00,3.1,--,0,0,卖盘
1037,11:29:59,3.1,--,100,31000,卖盘
1038,11:29:56,3.1,--,10,3100,卖盘
1039,11:29:41,3.1,--,80,24800,卖盘
1040,11:29:35,3.1,-0.01,291,90210,卖盘
1041,11:29:31,3.11,--,1,311,买盘
1042,11:29:26,3.11,0.01,23,7153,买盘
1043,11:29:11,3.1,-0.01,390,120900,卖盘
1044,11:29:06,3.11,0.01,7,2177,买盘
1045,11:29:01,3.1,-0.01,2,620,卖盘
1046,11:28:56,3.11,--,3,933,买盘
1047,11:28:51,3.11,--,10,3110,买盘
1048,11:28:46,3.11,0.01,40,12440,买盘
1049,11:28:36,3.1,-0.01,566,175460,卖盘
1050,11:28:31,3.11,0.01,3,933,买盘
1051,11:28:26,3.1,--,923,286130,卖盘
1052,11:28:16,3.1,--,306,94860,卖盘
1053,11:28:11,3.1,-0.01,41,12710,卖盘
1054,11:28:06,3.11,0.01,2,622,买盘
1055,11:28:01,3.1,-0.01,113,35030,卖盘
1056,11:27:56,3.11,--,2,622,买盘
1057,11:27:51,3.11,--,8,2488,买盘
1058,11:27:46,3.11,0.01,47,14617,买盘
1059,11:27:41,3.1,-0.01,15,4650,卖盘
1060,11:27:36,3.11,--,4,1244,买盘
1061,11:27:30,3.11,--,1,311,买盘
1062,11:27:26,3.11,--,25,7775,买盘
1063,11:27:21,3.11,0.01,19,5909,买盘
1064,11:27:15,3.1,-0.01,50,15500,卖盘
1065,11:27:10,3.11,--,42,13062,买盘
1066,11:27:06,3.11,--,502,156122,买盘
1067,11:27:00,3.11,--,1,311,买盘
1068,11:26:55,3.11,0.01,1,311,买盘
1069,11:26:51,3.1,-0.01,3,930,卖盘
1070,11:26:44,3.11,0.01,11,3421,买盘
1071,11:26:36,3.1,--,42,13020,卖盘
1072,11:26:25,3.1,-0.01,213,66030,卖盘
1073,11:26:21,3.11,--,1,311,买盘
1074,11:26:15,3.11,--,1,311,买盘
1075,11:26:10,3.11,--,2,622,买盘
1076,11:26:05,3.11,--,19,5909,买盘
1077,11:26:00,3.11,--,21,6531,买盘
1078,11:25:55,3.11,0.01,98,30478,买盘
1079,11:25:51,3.1,-0.01,21,6510,卖盘
1080,11:25:44,3.11,0.01,1,311,买盘
1081,11:25:40,3.1,--,92,28520,卖盘
1082,11:25:35,3.1,--,1460,452600,卖盘
1083,11:25:20,3.1,--,92,28520,卖盘
1084,11:25:14,3.1,--,4,1240,卖盘
1085,11:25:10,3.1,-0.01,269,83390,卖盘
1086,11:25:05,3.11,0.01,332,103252,买盘
1087,11:25:00,3.1,-0.01,1244,385640,卖盘
1088,11:24:55,3.11,0.01,88,27368,买盘
1089,11:24:50,3.1,--,88,27280,卖盘
1090,11:24:45,3.1,--,3,930,卖盘
1091,11:24:40,3.1,-0.01,20,6200,卖盘
1092,11:24:35,3.11,--,57,17727,买盘
1093,11:24:30,3.11,0.01,1,311,买盘
1094,11:24:25,3.1,--,39,12090,卖盘
1095,11:24:20,3.1,-0.01,21,6510,卖盘
1096,11:24:14,3.11,0.01,30,9330,买盘
1097,11:24:10,3.1,-0.01,22,6820,卖盘
1098,11:24:05,3.11,--,2,622,买盘
1099,11:24:00,3.11,0.01,1,311,买盘
1100,11:23:55,3.1,-0.01,10,3100,卖盘
1101,11:23:50,3.11,--,5,1555,买盘
1102,11:23:44,3.11,--,1,311,买盘
1103,11:23:40,3.11,--,2,622,买盘
1104,11:23:35,3.11,--,1,311,买盘
1105,11:23:30,3.11,--,1,311,买盘
1106,11:23:25,3.11,0.01,1,311,买盘
1107,11:23:20,3.1,-0.01,50,15500,卖盘
1108,11:23:10,3.11,0.01,100,31100,买盘
1109,11:23:05,3.1,--,6,1860,卖盘
1110,11:23:00,3.1,--,30,9300,卖盘
1111,11:22:55,3.1,-0.01,27,8370,卖盘
1112,11:22:50,3.11,--,1,311,买盘
1113,11:22:45,3.11,--,16,4976,买盘
1114,11:22:40,3.11,--,13,4043,买盘
1115,11:22:35,3.11,0.01,4,1244,买盘
1116,11:22:29,3.1,--,40,12400,卖盘
1117,11:22:25,3.1,-0.01,4,1240,卖盘
1118,11:22:20,3.11,--,2,622,买盘
1119,11:22:15,3.11,0.01,1,311,买盘
1120,11:22:10,3.1,-0.01,462,143282,卖盘
1121,11:21:55,3.11,--,12,3732,买盘
1122,11:21:50,3.11,0.01,10,3110,买盘
1123,11:21:40,3.1,--,16,4960,卖盘
1124,11:21:35,3.1,--,10,3100,卖盘
1125,11:21:29,3.1,-0.01,21,6510,卖盘
1126,11:21:25,3.11,--,51,15861,买盘
1127,11:21:20,3.11,--,32,9952,买盘
1128,11:21:10,3.11,0.01,21,6531,买盘
1129,11:21:05,3.1,-0.01,1,310,卖盘
1130,11:21:00,3.11,--,1,311,买盘
1131,11:20:50,3.11,0.01,1,311,买盘
1132,11:20:40,3.1,-0.01,8,2480,卖盘
1133,11:20:35,3.11,--,201,62511,买盘
1134,11:20:25,3.11,0.01,104,32344,买盘
1135,11:20:20,3.1,-0.01,10,3100,卖盘
1136,11:20:15,3.11,0.01,1,311,买盘
1137,11:20:10,3.1,-0.01,111,34410,卖盘
1138,11:20:00,3.11,--,1,311,买盘
1139,11:19:44,3.11,0.01,92,28612,买盘
1140,11:19:34,3.1,--,92,28520,卖盘
1141,11:19:30,3.1,-0.01,155,48050,卖盘
1142,11:19:24,3.11,0.01,3,933,买盘
1143,11:19:19,3.1,-0.01,307,95170,卖盘
1144,11:19:09,3.11,0.01,2,622,买盘
1145,11:19:04,3.1,-0.01,152,47120,卖盘
1146,11:19:00,3.11,0.01,1,311,买盘
1147,11:18:54,3.1,-0.01,2,620,卖盘
1148,11:18:49,3.11,0.01,15,4665,买盘
1149,11:18:45,3.1,--,47,14570,卖盘
1150,11:18:34,3.1,--,271,84010,卖盘
1151,11:18:24,3.1,-0.01,276,85560,卖盘
1152,11:18:19,3.11,0.01,355,110405,买盘
1153,11:18:04,3.1,-0.01,292,90520,卖盘
1154,11:18:00,3.11,0.01,276,85836,买盘
1155,11:17:54,3.1,--,66,20460,卖盘
1156,11:17:44,3.1,-0.01,242,75020,卖盘
1157,11:17:38,3.11,--,1,311,买盘
1158,11:17:34,3.11,--,128,39808,买盘
1159,11:17:29,3.11,0.01,26,8086,买盘
1160,11:17:24,3.1,--,147,45570,卖盘
1161,11:17:19,3.1,--,11,3410,卖盘
1162,11:17:14,3.1,--,3,930,卖盘
1163,11:17:09,3.1,--,11,3410,卖盘
1164,11:17:04,3.1,-0.01,38,11780,卖盘
1165,11:16:49,3.11,--,1,311,买盘
1166,11:16:44,3.11,--,1,311,买盘
1167,11:16:39,3.11,0.01,1,311,买盘
1168,11:16:34,3.1,-0.01,15,4650,卖盘
1169,11:16:19,3.11,0.01,22,6842,买盘
1170,11:16:14,3.1,-0.01,100,31000,卖盘
1171,11:16:04,3.11,--,15,4665,买盘
1172,11:15:59,3.11,--,2,622,买盘
1173,11:15:54,3.11,0.01,701,218011,买盘
1174,11:15:49,3.1,--,9,2790,卖盘
1175,11:15:34,3.1,--,172,53320,卖盘
1176,11:15:29,3.1,--,4,1240,卖盘
1177,11:15:14,3.1,-0.01,37,11470,卖盘
1178,11:15:04,3.11,--,40,12440,买盘
1179,11:14:59,3.11,0.01,1,311,买盘
1180,11:14:53,3.1,--,9,2790,卖盘
1181,11:14:49,3.1,--,17,5270,卖盘
1182,11:14:44,3.1,-0.01,143,44469,卖盘
1183,11:14:38,3.11,--,9,2799,买盘
1184,11:14:24,3.11,--,40,12440,买盘
1185,11:14:19,3.11,--,152,47474,买盘
1186,11:13:59,3.11,0.01,369,114759,买盘
1187,11:13:49,3.1,-0.01,42,13020,卖盘
1188,11:13:44,3.11,0.01,12,3732,买盘
1189,11:13:39,3.1,--,7,2170,卖盘
1190,11:13:29,3.1,-0.01,10,3100,卖盘
1191,11:13:24,3.11,--,31,9641,买盘
1192,11:13:19,3.11,0.01,43,13373,买盘
1193,11:13:14,3.1,--,159,49290,卖盘
1194,11:13:08,3.1,-0.01,2227,690370,卖盘
1195,11:13:02,3.11,0.01,1,311,买盘
1196,11:12:59,3.1,--,124,38440,卖盘
1197,11:12:54,3.1,--,145,44950,卖盘
1198,11:12:49,3.1,-0.01,197,61070,卖盘
1199,11:12:44,3.11,0.01,71,22081,买盘
1200,11:12:38,3.1,--,8,2480,卖盘
1201,11:12:29,3.1,--,31,9610,卖盘
1202,11:12:23,3.1,--,2,620,卖盘
1203,11:12:14,3.1,-0.01,691,214210,卖盘
1204,11:12:09,3.11,--,25,7775,买盘
1205,11:11:58,3.11,0.01,21,6531,买盘
1206,11:11:47,3.1,--,100,31000,卖盘
1207,11:11:43,3.1,--,52,16120,卖盘
1208,11:11:28,3.1,-0.01,30,9300,卖盘
1209,11:11:23,3.11,0.01,6,1866,买盘
1210,11:11:13,3.1,--,1,310,卖盘
1211,11:11:02,3.1,--,1,310,卖盘
1212,11:10:58,3.1,--,430,133300,卖盘
1213,11:10:53,3.1,--,51,15810,卖盘
1214,11:10:43,3.1,--,10,3100,卖盘
1215,11:10:38,3.1,-0.01,16,4960,卖盘
1216,11:10:32,3.11,--,1,311,买盘
1217,11:10:28,3.11,0.01,54,16794,买盘
1218,11:10:23,3.1,--,81,25110,卖盘
1219,11:10:17,3.1,--,37,11470,卖盘
1220,11:10:13,3.1,--,227,70370,卖盘
1221,11:09:58,3.1,--,322,99820,卖盘
1222,11:09:53,3.1,-0.01,32,9920,卖盘
1223,11:09:47,3.11,0.01,1,311,买盘
1224,11:09:43,3.1,-0.01,9,2790,卖盘
1225,11:09:38,3.11,0.01,1,311,买盘
1226,11:09:32,3.1,-0.01,179,55490,卖盘
1227,11:09:17,3.11,0.01,1,311,买盘
1228,11:09:13,3.1,--,8,2480,卖盘
1229,11:09:08,3.1,-0.01,352,109120,卖盘
1230,11:09:02,3.11,0.01,1,311,买盘
1231,11:08:53,3.1,--,1,310,卖盘
1232,11:08:43,3.1,-0.01,8,2480,卖盘
1233,11:08:28,3.11,--,2,622,买盘
1234,11:08:23,3.11,0.01,5,1555,买盘
1235,11:08:13,3.1,--,41,12710,卖盘
1236,11:08:08,3.1,--,321,99510,卖盘
1237,11:08:02,3.1,--,50,15500,卖盘
1238,11:07:58,3.1,--,301,93310,卖盘
1239,11:07:53,3.1,--,56,17360,卖盘
1240,11:07:47,3.1,--,224,69440,卖盘
1241,11:07:32,3.1,--,150,46698,卖盘
1242,11:07:28,3.1,-0.01,11,3410,卖盘
1243,11:07:17,3.11,0.01,111,34521,买盘
1244,11:07:13,3.1,--,31,9610,卖盘
1245,11:07:08,3.1,--,290,89900,卖盘
1246,11:06:58,3.1,--,3,930,卖盘
1247,11:06:53,3.1,--,5,1550,卖盘
1248,11:06:47,3.1,--,25,7750,卖盘
1249,11:06:43,3.1,--,5,1550,卖盘
1250,11:06:38,3.1,--,1,310,卖盘
1251,11:06:27,3.1,--,4,1240,卖盘
1252,11:06:23,3.1,--,34,10540,卖盘
1253,11:06:17,3.1,--,35,10850,卖盘
1254,11:06:08,3.1,--,9,2790,卖盘
1255,11:06:02,3.1,--,30,9300,卖盘
1256,11:05:53,3.1,--,60,18600,卖盘
1257,11:05:41,3.1,--,200,62000,卖盘
1258,11:05:38,3.1,--,1,310,卖盘
1259,11:05:26,3.1,--,4,1240,卖盘
1260,11:05:23,3.1,-0.01,5,1550,卖盘
1261,11:05:11,3.11,0.01,1,311,买盘
1262,11:05:08,3.1,--,22,6820,卖盘
1263,11:05:02,3.1,-0.01,174,53940,卖盘
1264,11:04:56,3.11,0.01,202,62822,买盘
1265,11:04:53,3.1,--,9,2790,卖盘
1266,11:04:41,3.1,-0.01,8,2480,卖盘
1267,11:04:37,3.11,0.01,22,6842,买盘
1268,11:04:32,3.1,--,1477,457870,卖盘
1269,11:04:22,3.1,--,526,163060,卖盘
1270,11:04:17,3.1,--,325,100750,卖盘
1271,11:04:11,3.1,--,20,6200,卖盘
1272,11:04:07,3.1,-0.01,120,37200,卖盘
1273,11:04:02,3.11,0.01,251,78061,买盘
1274,11:03:47,3.1,--,30,9300,卖盘
1275,11:03:41,3.1,--,100,31000,卖盘
1276,11:03:32,3.1,--,91,28210,卖盘
1277,11:03:22,3.1,--,26,8060,卖盘
1278,11:03:17,3.1,-0.01,33,10230,卖盘
1279,11:03:07,3.11,0.01,1,311,买盘
1280,11:03:02,3.1,--,41,12710,卖盘
1281,11:02:56,3.1,--,50,15500,卖盘
1282,11:02:52,3.1,--,20,6200,卖盘
1283,11:02:37,3.1,--,153,47430,卖盘
1284,11:02:32,3.1,-0.01,442,137020,卖盘
1285,11:02:22,3.11,0.01,1,311,买盘
1286,11:02:17,3.1,-0.01,5,1550,卖盘
1287,11:02:11,3.11,0.01,22,6842,买盘
1288,11:02:07,3.1,--,1,310,卖盘
1289,11:02:02,3.1,--,50,15500,卖盘
1290,11:01:52,3.1,--,222,68820,卖盘
1291,11:01:47,3.1,-0.01,100,31000,卖盘
1292,11:01:41,3.11,0.01,105,32655,买盘
1293,11:01:37,3.1,--,48,14880,卖盘
1294,11:01:32,3.1,--,1,310,卖盘
1295,11:01:26,3.1,--,42,13020,卖盘
1296,11:01:22,3.1,--,27,8370,卖盘
1297,11:01:17,3.1,-0.01,64,19840,卖盘
1298,11:01:07,3.11,0.01,1,311,买盘
1299,11:01:02,3.1,--,17,5270,卖盘
1300,11:00:56,3.1,--,100,31000,卖盘
1301,11:00:52,3.1,-0.01,31,9610,卖盘
1302,11:00:47,3.11,0.01,9,2799,买盘
1303,11:00:41,3.1,-0.01,10,3100,卖盘
1304,11:00:37,3.11,0.01,10,3110,买盘
1305,11:00:32,3.1,--,8,2480,卖盘
1306,11:00:26,3.1,-0.01,3,930,卖盘
1307,11:00:17,3.11,0.01,11,3421,买盘
1308,11:00:11,3.1,--,331,102610,卖盘
1309,11:00:07,3.1,-0.01,332,102920,卖盘
1310,11:00:02,3.11,--,163,50693,买盘
1311,10:59:56,3.11,0.01,1,311,买盘
1312,10:59:52,3.1,--,101,31310,卖盘
1313,10:59:47,3.1,--,152,47120,卖盘
1314,10:59:37,3.1,--,40,12400,卖盘
1315,10:59:32,3.1,-0.01,355,110050,卖盘
1316,10:59:26,3.11,--,4,1244,买盘
1317,10:59:21,3.11,0.01,302,93922,买盘
1318,10:59:17,3.1,--,1,310,卖盘
1319,10:59:11,3.1,-0.01,54,16740,卖盘
1320,10:59:05,3.11,0.01,34,10574,买盘
1321,10:59:02,3.1,--,213,66030,卖盘
1322,10:58:56,3.1,-0.01,12,3720,卖盘
1323,10:58:50,3.11,0.01,1,311,买盘
1324,10:58:47,3.1,--,24,7440,卖盘
1325,10:58:41,3.1,--,105,32550,卖盘
1326,10:58:35,3.1,--,1,310,卖盘
1327,10:58:31,3.1,--,295,91450,卖盘
1328,10:58:26,3.1,--,73,22630,卖盘
1329,10:58:20,3.1,--,160,49600,卖盘
1330,10:58:16,3.1,-0.01,31,9610,卖盘
1331,10:58:11,3.11,0.01,5,1555,买盘
1332,10:58:05,3.1,--,1,310,卖盘
1333,10:58:01,3.1,--,68,21080,卖盘
1334,10:57:56,3.1,--,689,213704,卖盘
1335,10:57:46,3.1,-0.01,88,27280,卖盘
1336,10:57:41,3.11,--,365,113515,买盘
1337,10:57:35,3.11,0.01,1,311,买盘
1338,10:57:31,3.1,--,68,21142,卖盘
1339,10:57:26,3.1,-0.01,111,34534,卖盘
1340,10:57:20,3.11,0.01,45,13995,买盘
1341,10:57:16,3.1,--,77,23870,卖盘
1342,10:57:11,3.1,--,226,70060,卖盘
1343,10:57:05,3.1,--,30,9300,卖盘
1344,10:57:01,3.1,--,110,34100,卖盘
1345,10:56:56,3.1,--,57,17670,卖盘
1346,10:56:50,3.1,--,71,22010,卖盘
1347,10:56:46,3.1,-0.01,78,24180,卖盘
1348,10:56:41,3.11,0.01,102,31722,买盘
1349,10:56:35,3.1,--,3885,1204350,卖盘
1350,10:56:31,3.1,-0.01,79,24490,卖盘
1351,10:56:26,3.11,0.01,185,57535,买盘
1352,10:56:16,3.1,--,192,59520,卖盘
1353,10:56:11,3.1,--,65,20150,卖盘
1354,10:56:05,3.1,--,57,17825,卖盘
1355,10:56:01,3.1,--,61,18910,卖盘
1356,10:55:56,3.1,--,75,23250,卖盘
1357,10:55:50,3.1,--,9,2790,卖盘
1358,10:55:46,3.1,--,160,49600,卖盘
1359,10:55:41,3.1,--,35,10850,卖盘
1360,10:55:35,3.1,--,421,130510,卖盘
1361,10:55:31,3.1,-0.01,46,14260,卖盘
1362,10:55:26,3.11,0.01,182,56602,买盘
1363,10:55:20,3.1,--,9,2790,卖盘
1364,10:55:16,3.1,--,50,15500,卖盘
1365,10:55:11,3.1,--,46,14260,卖盘
1366,10:55:05,3.1,--,45,13950,卖盘
1367,10:55:01,3.1,--,253,78430,卖盘
1368,10:54:56,3.1,--,38,11780,卖盘
1369,10:54:50,3.1,--,26,8060,卖盘
1370,10:54:46,3.1,--,291,90327,卖盘
1371,10:54:41,3.1,--,542,168020,卖盘
1372,10:54:35,3.1,--,109,33790,卖盘
1373,10:54:31,3.1,--,295,91450,卖盘
1374,10:54:26,3.1,--,3,930,卖盘
1375,10:54:20,3.1,--,27,8370,卖盘
1376,10:54:16,3.1,-0.01,184,57040,卖盘
1377,10:54:11,3.11,0.01,135,41985,买盘
1378,10:54:05,3.1,-0.01,27,8370,卖盘
1379,10:54:01,3.11,0.01,1276,396836,买盘
1380,10:53:56,3.1,--,241,74710,卖盘
1381,10:53:50,3.1,--,25,7750,卖盘
1382,10:53:46,3.1,--,70,21700,卖盘
1383,10:53:41,3.1,--,241,74710,卖盘
1384,10:53:31,3.1,--,47,14570,卖盘
1385,10:53:26,3.1,-0.01,241,74710,卖盘
1386,10:53:20,3.11,0.01,14,4354,买盘
1387,10:53:16,3.1,--,114,35340,卖盘
1388,10:53:11,3.1,--,268,83080,卖盘
1389,10:53:01,3.1,-0.01,421,130510,卖盘
1390,10:52:56,3.11,0.01,221,68731,买盘
1391,10:52:50,3.1,--,44,13640,卖盘
1392,10:52:46,3.1,--,513,159030,卖盘
1393,10:52:41,3.1,--,80,24800,卖盘
1394,10:52:35,3.1,--,109,33790,卖盘
1395,10:52:30,3.1,--,32,9920,卖盘
1396,10:52:25,3.1,--,170,52700,卖盘
1397,10:52:20,3.1,--,28,8680,卖盘
1398,10:52:15,3.1,--,60,18600,卖盘
1399,10:52:10,3.1,--,91,28210,卖盘
1400,10:52:05,3.1,-0.01,26,8060,卖盘
1401,10:51:59,3.11,0.01,185,57535,买盘
1402,10:51:56,3.1,--,56,17360,卖盘
1403,10:51:50,3.1,--,95,29450,卖盘
1404,10:51:44,3.1,-0.01,25,7750,卖盘
1405,10:51:40,3.11,0.01,39,12129,买盘
1406,10:51:35,3.1,-0.01,25,7750,卖盘
1407,10:51:29,3.11,0.01,21,6531,买盘
1408,10:51:25,3.1,--,92,28520,卖盘
1409,10:51:20,3.1,--,52,16120,卖盘
1410,10:51:10,3.1,--,60,18600,卖盘
1411,10:51:05,3.1,--,147,45570,卖盘
1412,10:50:59,3.1,--,25,7750,卖盘
1413,10:50:55,3.1,--,328,101680,卖盘
1414,10:50:50,3.1,--,72,22320,卖盘
1415,10:50:44,3.1,--,21,6510,卖盘
1416,10:50:40,3.1,--,315,97650,卖盘
1417,10:50:35,3.1,--,192,59520,卖盘
1418,10:50:29,3.1,--,328,101680,卖盘
1419,10:50:25,3.1,--,528,163680,卖盘
1420,10:50:20,3.1,-0.01,27,8370,卖盘
1421,10:50:10,3.11,0.01,13,4043,买盘
1422,10:50:05,3.1,--,35,10850,卖盘
1423,10:49:55,3.1,-0.01,32,9920,卖盘
1424,10:49:44,3.11,0.01,342,106362,买盘
1425,10:49:40,3.1,--,533,165230,卖盘
1426,10:49:35,3.1,-0.01,30,9300,卖盘
1427,10:49:29,3.11,0.01,1,311,买盘
1428,10:49:25,3.1,--,2,620,卖盘
1429,10:49:20,3.1,-0.01,1,310,卖盘
1430,10:49:14,3.11,0.01,20,6220,买盘
1431,10:49:10,3.1,--,81,25110,卖盘
1432,10:49:05,3.1,--,23,7130,卖盘
1433,10:48:55,3.1,-0.01,2,620,卖盘
1434,10:48:50,3.11,0.01,1,311,买盘
1435,10:48:44,3.1,--,33,10230,卖盘
1436,10:48:40,3.1,-0.01,22,6820,卖盘
1437,10:48:35,3.11,0.01,9,2799,买盘
1438,10:48:29,3.1,--,1,310,卖盘
1439,10:48:25,3.1,--,302,93620,卖盘
1440,10:48:20,3.1,--,41,12710,卖盘
1441,10:48:14,3.1,--,34,10540,卖盘
1442,10:48:10,3.1,--,112,34720,卖盘
1443,10:48:05,3.1,--,2,620,卖盘
1444,10:47:59,3.1,--,2,620,卖盘
1445,10:47:55,3.1,-0.01,110,34100,卖盘
1446,10:47:50,3.11,0.01,2,622,买盘
1447,10:47:40,3.1,-0.01,8,2480,卖盘
1448,10:47:35,3.11,0.01,1,311,买盘
1449,10:47:29,3.1,--,30,9300,卖盘
1450,10:47:25,3.1,-0.01,2,620,卖盘
1451,10:47:20,3.11,--,1,311,买盘
1452,10:47:10,3.11,0.01,55,17105,买盘
1453,10:47:05,3.1,-0.01,73,22630,卖盘
1454,10:46:59,3.11,0.01,1,311,买盘
1455,10:46:55,3.1,-0.01,4,1240,卖盘
1456,10:46:50,3.11,0.01,2,622,买盘
1457,10:46:44,3.1,--,7,2170,卖盘
1458,10:46:38,3.1,--,160,49600,卖盘
1459,10:46:25,3.1,--,102,31620,卖盘
1460,10:46:20,3.1,-0.01,60,18600,卖盘
1461,10:46:10,3.11,0.01,350,108850,买盘
1462,10:45:59,3.1,--,1,310,卖盘
1463,10:45:53,3.1,--,5,1550,卖盘
1464,10:45:44,3.1,-0.01,31,9610,卖盘
1465,10:45:34,3.11,0.01,1,311,买盘
1466,10:45:29,3.1,--,6,1860,卖盘
1467,10:45:23,3.1,-0.01,200,62000,卖盘
1468,10:45:19,3.11,0.01,1,311,买盘
1469,10:45:14,3.1,--,62,19220,卖盘
1470,10:45:08,3.1,--,5,1550,卖盘
1471,10:45:04,3.1,--,10,3100,卖盘
1472,10:44:59,3.1,--,626,194060,卖盘
1473,10:44:49,3.1,-0.01,11,3410,卖盘
1474,10:44:44,3.11,--,22,6842,买盘
1475,10:44:34,3.11,0.01,125,38875,买盘
1476,10:44:23,3.1,--,50,15500,卖盘
1477,10:44:19,3.1,--,30,9300,卖盘
1478,10:44:14,3.1,--,130,40300,卖盘
1479,10:44:08,3.1,--,20,6200,卖盘
1480,10:44:04,3.1,--,200,62000,卖盘
1481,10:43:59,3.1,--,38,11780,卖盘
1482,10:43:49,3.1,--,10,3100,卖盘
1483,10:43:44,3.1,--,262,81220,卖盘
1484,10:43:38,3.1,--,10,3100,卖盘
1485,10:43:19,3.1,-0.01,40,12400,卖盘
1486,10:43:14,3.11,--,1,311,买盘
1487,10:43:08,3.11,--,570,177270,买盘
1488,10:43:04,3.11,0.01,1,311,买盘
1489,10:42:49,3.1,--,229,70990,卖盘
1490,10:42:44,3.1,--,30,9300,卖盘
1491,10:42:38,3.1,--,100,31000,卖盘
1492,10:42:34,3.1,--,209,64790,卖盘
1493,10:42:29,3.1,--,648,200880,卖盘
1494,10:42:23,3.1,--,406,125860,卖盘
1495,10:42:19,3.1,--,12,3720,卖盘
1496,10:42:14,3.1,-0.01,206,63860,卖盘
1497,10:42:04,3.11,0.01,1,311,买盘
1498,10:41:59,3.1,--,216,66960,卖盘
1499,10:41:53,3.1,--,30,9300,卖盘
1500,10:41:49,3.1,--,230,71300,卖盘
1501,10:41:44,3.1,--,210,65100,卖盘
1502,10:41:34,3.1,--,206,63860,卖盘
1503,10:41:29,3.1,--,226,70060,卖盘
1504,10:41:23,3.1,--,207,64170,卖盘
1505,10:41:19,3.1,--,1,310,卖盘
1506,10:41:04,3.1,--,28,8680,卖盘
1507,10:40:59,3.1,--,9,2790,卖盘
1508,10:40:53,3.1,--,2,620,卖盘
1509,10:40:49,3.1,-0.01,206,63860,卖盘
1510,10:40:44,3.11,0.01,3,933,买盘
1511,10:40:29,3.1,--,3,930,卖盘
1512,10:40:23,3.1,--,30,9300,卖盘
1513,10:40:19,3.1,--,185,57350,卖盘
1514,10:40:08,3.1,--,39,12090,卖盘
1515,10:40:04,3.1,--,163,50530,卖盘
1516,10:39:59,3.1,--,131,40610,卖盘
1517,10:39:53,3.1,-0.01,90,27900,卖盘
1518,10:39:49,3.11,0.01,2,622,买盘
1519,10:39:44,3.1,--,118,36580,卖盘
1520,10:39:38,3.1,--,60,18600,卖盘
1521,10:39:33,3.1,--,30,9300,卖盘
1522,10:39:29,3.1,--,105,32550,卖盘
1523,10:39:23,3.1,--,516,159960,卖盘
1524,10:39:19,3.1,--,236,73246,买盘
1525,10:39:14,3.1,--,1,310,买盘
1526,10:39:08,3.1,--,3,930,买盘
1527,10:38:53,3.1,--,175,54290,卖盘
1528,10:38:47,3.1,--,401,124310,卖盘
1529,10:38:43,3.1,--,576,178560,卖盘
1530,10:38:38,3.1,--,169,52390,卖盘
1531,10:38:32,3.1,--,8689,2693859,买盘
1532,10:38:28,3.1,--,6,1860,买盘
1533,10:38:23,3.1,--,1,310,买盘
1534,10:38:17,3.1,0.01,2,620,买盘
1535,10:38:13,3.09,--,41,12669,卖盘
1536,10:38:08,3.09,--,1,309,卖盘
1537,10:38:02,3.09,-0.01,40,12360,卖盘
1538,10:37:58,3.1,--,25,7750,买盘
1539,10:37:53,3.1,--,2,620,买盘
1540,10:37:43,3.1,0.01,13,4030,买盘
1541,10:37:38,3.09,-0.01,2,618,卖盘
1542,10:37:28,3.1,0.01,1,310,买盘
1543,10:37:23,3.09,--,131,40479,卖盘
1544,10:37:13,3.09,--,3,927,卖盘
1545,10:36:53,3.09,--,1,309,卖盘
1546,10:36:43,3.09,--,6,1854,卖盘
1547,10:36:28,3.09,-0.01,2,618,卖盘
1548,10:36:17,3.1,0.01,15,4650,买盘
1549,10:36:13,3.09,--,2,618,卖盘
1550,10:36:02,3.09,--,1,309,卖盘
1551,10:35:58,3.09,-0.01,3,927,卖盘
1552,10:35:53,3.1,0.01,101,31310,买盘
1553,10:35:43,3.09,--,2,618,卖盘
1554,10:35:37,3.09,--,40,12360,卖盘
1555,10:35:32,3.09,-0.01,253,78177,卖盘
1556,10:35:28,3.1,0.01,23,7130,买盘
1557,10:35:22,3.09,-0.01,1,309,卖盘
1558,10:35:17,3.1,0.01,2,620,买盘
1559,10:35:13,3.09,--,100,30900,卖盘
1560,10:35:07,3.09,--,4,1236,卖盘
1561,10:35:02,3.09,-0.01,50,15450,卖盘
1562,10:34:58,3.1,--,2,620,买盘
1563,10:34:53,3.1,--,3,930,买盘
1564,10:34:43,3.1,0.01,1501,465310,买盘
1565,10:34:37,3.09,--,1,309,卖盘
1566,10:34:28,3.09,-0.01,218,67362,卖盘
1567,10:34:23,3.1,--,4,1240,买盘
1568,10:34:17,3.1,--,1,310,买盘
1569,10:34:13,3.1,0.01,26,8060,买盘
1570,10:34:07,3.09,-0.01,2,618,卖盘
1571,10:33:58,3.1,0.01,9,2790,买盘
1572,10:33:53,3.09,-0.01,453,139977,卖盘
1573,10:33:47,3.1,0.01,712,220720,买盘
1574,10:33:43,3.09,-0.01,1,309,卖盘
1575,10:33:37,3.1,0.01,800,248000,买盘
1576,10:33:28,3.09,--,76,23484,卖盘
1577,10:33:23,3.09,--,804,248436,卖盘
1578,10:33:13,3.09,-0.01,100,30900,卖盘
1579,10:33:08,3.1,0.01,801,248310,买盘
1580,10:32:57,3.09,-0.01,92,28428,卖盘
1581,10:32:52,3.1,0.01,801,248310,买盘
1582,10:32:47,3.09,--,1,309,卖盘
1583,10:32:43,3.09,-0.01,93,28737,卖盘
1584,10:32:22,3.1,--,500,155000,买盘
1585,10:32:11,3.1,--,18,5580,买盘
1586,10:32:07,3.1,0.01,501,155310,买盘
1587,10:32:02,3.09,--,3,927,卖盘
1588,10:31:56,3.09,-0.01,1,309,卖盘
1589,10:31:52,3.1,0.01,134,41540,买盘
1590,10:31:37,3.09,--,69,21321,卖盘
1591,10:31:22,3.09,--,40,12360,卖盘
1592,10:31:17,3.09,--,1,309,卖盘
1593,10:31:07,3.09,--,1,309,卖盘
1594,10:31:02,3.09,-0.01,2,618,卖盘
1595,10:30:52,3.1,0.01,15,4650,买盘
1596,10:30:47,3.09,-0.01,3,927,卖盘
1597,10:30:41,3.1,--,1,310,买盘
1598,10:30:37,3.1,--,3,930,买盘
1599,10:30:32,3.1,--,4,1240,买盘
1600,10:30:22,3.1,0.01,60,18600,买盘
1601,10:30:17,3.09,--,69,21321,卖盘
1602,10:30:11,3.09,-0.01,1,309,卖盘
1603,10:30:07,3.1,0.01,147,45570,买盘
1604,10:30:02,3.09,-0.01,179,55311,卖盘
1605,10:29:52,3.1,0.01,27,8370,买盘
1606,10:29:47,3.09,-0.01,5,1545,卖盘
1607,10:29:17,3.1,0.01,2,620,买盘
1608,10:29:07,3.09,--,12,3708,卖盘
1609,10:28:56,3.09,-0.01,1,309,卖盘
1610,10:28:52,3.1,0.01,10000,3100000,买盘
1611,10:28:46,3.09,--,16,4944,卖盘
1612,10:28:41,3.09,--,6,1854,卖盘
1613,10:28:31,3.09,-0.01,2,618,卖盘
1614,10:28:16,3.1,0.01,350,108500,买盘
1615,10:28:11,3.09,-0.01,10,3090,卖盘
1616,10:28:07,3.1,0.01,100,31000,买盘
1617,10:27:52,3.09,--,226,69834,卖盘
1618,10:27:46,3.09,--,1,309,卖盘
1619,10:27:41,3.09,--,100,30900,卖盘
1620,10:27:37,3.09,--,122,37698,卖盘
1621,10:27:31,3.09,-0.01,300,92700,卖盘
1622,10:27:22,3.1,0.01,1,310,买盘
1623,10:27:16,3.09,--,31,9579,卖盘
1624,10:27:07,3.09,--,4,1236,卖盘
1625,10:26:56,3.09,--,20,6180,卖盘
1626,10:26:52,3.09,--,2,618,卖盘
1627,10:26:46,3.09,--,50,15450,卖盘
1628,10:26:37,3.09,--,2,618,卖盘
1629,10:26:31,3.09,--,100,30900,卖盘
1630,10:26:21,3.09,--,1,309,卖盘
1631,10:26:16,3.09,--,16,4944,卖盘
1632,10:26:11,3.09,-0.01,78,24102,卖盘
1633,10:26:06,3.1,0.01,1,310,买盘
1634,10:25:50,3.09,--,1,309,卖盘
1635,10:25:46,3.09,-0.01,59,18231,卖盘
1636,10:25:35,3.1,--,2,620,买盘
1637,10:25:31,3.1,0.01,293,90830,买盘
1638,10:25:26,3.09,--,60,18540,卖盘
1639,10:25:16,3.09,--,101,31209,卖盘
1640,10:24:56,3.09,--,29,8961,卖盘
1641,10:24:46,3.09,-0.01,18,5562,卖盘
1642,10:24:41,3.1,0.01,2,620,买盘
1643,10:24:31,3.09,--,30,9270,卖盘
1644,10:24:26,3.09,--,686,211974,卖盘
1645,10:24:16,3.09,--,28,8652,卖盘
1646,10:24:01,3.09,--,2,618,卖盘
1647,10:23:46,3.09,-0.01,1,309,卖盘
1648,10:23:41,3.1,--,16,4960,买盘
1649,10:23:35,3.1,0.01,1,310,买盘
1650,10:23:26,3.09,-0.01,1,309,卖盘
1651,10:23:16,3.1,0.01,11,3410,买盘
1652,10:23:11,3.09,--,68,21012,卖盘
1653,10:23:05,3.09,--,1,309,卖盘
1654,10:23:01,3.09,--,20,6180,卖盘
1655,10:22:56,3.09,-0.01,86,26574,卖盘
1656,10:22:50,3.1,0.01,10,3100,买盘
1657,10:22:41,3.09,-0.01,3,927,卖盘
1658,10:22:11,3.1,0.01,418,129580,买盘
1659,10:22:01,3.09,--,15,4635,卖盘
1660,10:21:55,3.09,--,1,309,卖盘
1661,10:21:50,3.09,--,30,9270,卖盘
1662,10:21:40,3.09,--,8,2472,卖盘
1663,10:21:31,3.09,--,21,6489,卖盘
1664,10:21:25,3.09,--,1,309,卖盘
1665,10:21:16,3.09,--,13,4017,卖盘
1666,10:21:10,3.09,--,46,14214,卖盘
1667,10:21:01,3.09,-0.01,60,18540,卖盘
1668,10:20:46,3.1,0.01,13,4030,买盘
1669,10:20:40,3.09,--,47,14523,卖盘
1670,10:20:31,3.09,--,32,9888,卖盘
1671,10:20:25,3.09,--,11,3399,卖盘
1672,10:20:20,3.09,-0.01,10,3090,卖盘
1673,10:20:16,3.1,0.01,57,17670,买盘
1674,10:20:10,3.09,--,6,1854,卖盘
1675,10:20:01,3.09,-0.01,4,1236,卖盘
1676,10:19:55,3.1,0.01,197,61070,买盘
1677,10:19:40,3.09,--,67,20703,卖盘
1678,10:19:30,3.09,-0.01,1,309,卖盘
1679,10:19:25,3.1,--,70,21700,买盘
1680,10:19:10,3.1,0.01,30,9300,买盘
1681,10:18:55,3.09,--,1,309,卖盘
1682,10:18:45,3.09,--,185,57165,卖盘
1683,10:18:40,3.09,--,102,31518,卖盘
1684,10:18:35,3.09,--,2,618,卖盘
1685,10:18:20,3.09,--,507,156663,卖盘
1686,10:18:14,3.09,-0.01,1,309,卖盘
1687,10:18:10,3.1,0.01,557,172670,买盘
1688,10:18:05,3.09,-0.01,216,66744,卖盘
1689,10:17:59,3.1,0.01,25,7750,买盘
1690,10:17:55,3.09,--,217,67053,卖盘
1691,10:17:50,3.09,--,74,22866,卖盘
1692,10:17:44,3.09,--,292,90228,卖盘
1693,10:17:40,3.09,-0.01,11116,3434844,卖盘
1694,10:17:35,3.1,0.01,1,310,买盘
1695,10:17:29,3.09,--,86,26574,卖盘
1696,10:17:25,3.09,--,7,2163,卖盘
1697,10:17:20,3.09,-0.01,12,3708,卖盘
1698,10:17:14,3.1,--,1,310,买盘
1699,10:17:10,3.1,--,2,620,买盘
1700,10:17:05,3.1,--,1,310,买盘
1701,10:16:59,3.1,--,2,620,买盘
1702,10:16:50,3.1,--,3,930,买盘
1703,10:16:44,3.1,--,3,930,买盘
1704,10:16:29,3.1,--,1,310,买盘
1705,10:16:25,3.1,--,14,4340,买盘
1706,10:16:20,3.1,0.01,1,310,买盘
1707,10:16:10,3.09,-0.01,943,291387,卖盘
1708,10:16:05,3.1,0.01,3,930,买盘
1709,10:15:59,3.09,--,11,3399,卖盘
1710,10:15:49,3.09,-0.01,2,618,卖盘
1711,10:15:44,3.1,--,1,310,买盘
1712,10:15:40,3.1,0.01,206,63860,买盘
1713,10:15:34,3.09,-0.01,3,927,卖盘
1714,10:15:29,3.1,0.01,2,620,买盘
1715,10:15:25,3.09,--,969,299421,卖盘
1716,10:15:19,3.09,-0.01,16,4944,卖盘
1717,10:15:14,3.1,0.01,2,620,买盘
1718,10:15:10,3.09,--,18,5562,卖盘
1719,10:14:59,3.09,--,385,118965,卖盘
1720,10:14:55,3.09,--,1010,312090,卖盘
1721,10:14:49,3.09,-0.01,151,46659,卖盘
1722,10:14:44,3.1,--,22,6820,买盘
1723,10:14:40,3.1,0.01,1485,460350,买盘
1724,10:14:34,3.09,--,30,9270,卖盘
1725,10:14:25,3.09,-0.01,1,309,卖盘
1726,10:14:14,3.1,--,3,930,买盘
1727,10:14:10,3.1,--,1,310,买盘
1728,10:14:04,3.1,--,31,9610,买盘
1729,10:13:59,3.1,--,2,620,买盘
1730,10:13:55,3.1,--,17,5270,买盘
1731,10:13:49,3.1,--,4,1240,买盘
1732,10:13:40,3.1,--,982,304420,买盘
1733,10:13:34,3.1,--,201,62310,买盘
1734,10:13:29,3.1,--,1,310,买盘
1735,10:13:25,3.1,--,63,19530,买盘
1736,10:13:19,3.1,--,1,310,买盘
1737,10:13:14,3.1,--,1,310,买盘
1738,10:12:49,3.1,--,1062,329220,买盘
1739,10:12:39,3.1,0.01,13,4030,买盘
1740,10:12:34,3.09,--,10001,3090309,卖盘
1741,10:12:25,3.09,-0.01,87,26883,卖盘
1742,10:12:19,3.1,0.01,1102,341620,买盘
1743,10:12:14,3.09,-0.01,739,228351,卖盘
1744,10:12:04,3.1,--,427,132370,买盘
1745,10:11:59,3.1,--,364,112840,买盘
1746,10:11:49,3.1,0.01,1001,310310,买盘
1747,10:11:44,3.09,-0.01,154,47586,卖盘
1748,10:11:39,3.1,--,3,930,买盘
1749,10:11:34,3.1,--,90,27900,买盘
1750,10:11:29,3.1,--,1552,481120,买盘
1751,10:11:24,3.1,0.01,584,181040,买盘
1752,10:11:19,3.09,-0.01,66,20394,卖盘
1753,10:11:14,3.1,0.01,1560,483600,买盘
1754,10:11:08,3.09,-0.01,1,309,卖盘
1755,10:11:04,3.1,0.01,1295,401450,买盘
1756,10:10:59,3.09,-0.01,1070,330630,卖盘
1757,10:10:53,3.1,--,1001,310310,买盘
1758,10:10:49,3.1,0.01,331,102610,买盘
1759,10:10:44,3.09,--,20,6180,卖盘
1760,10:10:38,3.09,--,58,17922,卖盘
1761,10:10:34,3.09,-0.01,381,117729,卖盘
1762,10:10:29,3.1,--,24,7440,买盘
1763,10:10:19,3.1,0.01,64,19840,买盘
1764,10:10:14,3.09,--,63,19467,卖盘
1765,10:10:08,3.09,-0.01,50,15450,卖盘
1766,10:10:04,3.1,0.01,1231,381610,买盘
1767,10:09:59,3.09,--,303,93627,卖盘
1768,10:09:53,3.09,--,36,11124,卖盘
1769,10:09:49,3.09,-0.01,11,3399,卖盘
1770,10:09:44,3.1,0.01,462,143220,买盘
1771,10:09:38,3.09,-0.01,10,3090,卖盘
1772,10:09:29,3.1,--,27,8370,买盘
1773,10:09:23,3.1,0.01,260,80600,买盘
1774,10:09:19,3.09,--,269,83121,卖盘
1775,10:09:13,3.09,-0.01,16,4944,卖盘
1776,10:09:08,3.1,0.01,3,930,买盘
1777,10:09:04,3.09,--,100,30900,卖盘
1778,10:08:53,3.09,-0.01,20,6180,卖盘
1779,10:08:43,3.1,--,92,28520,买盘
1780,10:08:33,3.1,0.01,13,4030,买盘
1781,10:08:28,3.09,--,2,618,卖盘
1782,10:08:23,3.09,-0.01,20,6180,卖盘
1783,10:08:19,3.1,--,10021,3106510,买盘
1784,10:08:13,3.1,0.01,54,16740,买盘
1785,10:08:03,3.09,--,1,309,卖盘
1786,10:07:58,3.09,--,1,309,卖盘
1787,10:07:49,3.09,--,33,10197,卖盘
1788,10:07:43,3.09,--,2,618,卖盘
1789,10:07:38,3.09,--,22,6798,卖盘
1790,10:07:34,3.09,--,1,309,卖盘
1791,10:07:23,3.09,--,247,76323,卖盘
1792,10:07:19,3.09,--,14,4326,卖盘
1793,10:07:08,3.09,--,50,15450,卖盘
1794,10:07:04,3.09,--,140,43260,卖盘
1795,10:06:58,3.09,--,2,618,卖盘
1796,10:06:53,3.09,--,1001,309309,卖盘
1797,10:06:49,3.09,--,53,16377,卖盘
1798,10:06:43,3.09,--,1,309,卖盘
1799,10:06:34,3.09,--,20,6180,卖盘
1800,10:06:28,3.09,-0.01,4,1236,卖盘
1801,10:06:23,3.1,0.01,16,4960,买盘
1802,10:06:18,3.09,-0.01,21,6489,卖盘
1803,10:06:13,3.1,0.01,5,1550,买盘
1804,10:06:04,3.09,--,29,8961,卖盘
1805,10:05:58,3.09,--,10098,3120282,卖盘
1806,10:05:53,3.09,-0.01,42,12978,卖盘
1807,10:05:48,3.1,--,6,1860,买盘
1808,10:05:43,3.1,0.01,15,4650,买盘
1809,10:05:38,3.09,--,142,43878,卖盘
1810,10:05:28,3.09,--,2,618,卖盘
1811,10:05:23,3.09,--,1352,417768,卖盘
1812,10:05:18,3.09,--,1,309,卖盘
1813,10:05:13,3.09,--,1168,360912,卖盘
1814,10:05:08,3.09,--,1,309,卖盘
1815,10:05:03,3.09,-0.01,100,30900,卖盘
1816,10:04:58,3.1,0.01,2,620,买盘
1817,10:04:53,3.09,-0.01,349,107841,卖盘
1818,10:04:48,3.1,0.01,4,1240,买盘
1819,10:04:43,3.09,--,41,12669,卖盘
1820,10:04:38,3.09,--,1,309,卖盘
1821,10:04:28,3.09,-0.01,55,16995,卖盘
1822,10:04:23,3.1,0.01,750,232500,买盘
1823,10:04:18,3.09,--,124,38316,卖盘
1824,10:04:13,3.09,--,3745,1157205,卖盘
1825,10:04:08,3.09,-0.01,2,618,卖盘
1826,10:04:02,3.1,0.01,40,12400,买盘
1827,10:03:58,3.09,--,114,35226,卖盘
1828,10:03:53,3.09,--,51,15759,卖盘
1829,10:03:43,3.09,--,63,19467,卖盘
1830,10:03:38,3.09,--,50021,15456489,卖盘
1831,10:03:28,3.09,-0.01,120,37080,卖盘
1832,10:03:23,3.1,0.01,130,40300,买盘
1833,10:03:17,3.09,-0.01,55,16995,卖盘
1834,10:03:13,3.1,0.01,94,29140,买盘
1835,10:03:08,3.09,--,182,56238,卖盘
1836,10:02:58,3.09,--,29,8961,卖盘
1837,10:02:53,3.09,--,7,2163,卖盘
1838,10:02:47,3.09,--,162,50058,卖盘
1839,10:02:43,3.09,-0.01,2119,654771,卖盘
1840,10:02:37,3.1,0.01,556,172360,买盘
1841,10:02:32,3.09,--,160,49440,卖盘
1842,10:02:28,3.09,--,18,5562,卖盘
1843,10:02:22,3.09,-0.01,61,18849,卖盘
1844,10:02:17,3.1,--,547,169570,买盘
1845,10:02:13,3.1,0.01,173,53630,买盘
1846,10:02:07,3.09,--,22,6798,卖盘
1847,10:02:02,3.09,--,10,3090,卖盘
1848,10:01:58,3.09,--,34,10506,卖盘
1849,10:01:52,3.09,--,9,2781,卖盘
1850,10:01:47,3.09,-0.01,166,51294,卖盘
1851,10:01:43,3.1,--,1,310,买盘
1852,10:01:37,3.1,--,1390,430900,买盘
1853,10:01:32,3.1,--,1120,347200,买盘
1854,10:01:27,3.1,0.01,71,22010,买盘
1855,10:01:22,3.09,--,57,17613,卖盘
1856,10:01:17,3.09,--,2002,618618,卖盘
1857,10:01:13,3.09,--,2,618,卖盘
1858,10:01:07,3.09,-0.01,300,92700,卖盘
1859,10:00:52,3.1,0.01,100,31000,买盘
1860,10:00:47,3.09,-0.01,1075,332175,卖盘
1861,10:00:43,3.1,0.01,11,3410,买盘
1862,10:00:37,3.09,--,98,30282,卖盘
1863,10:00:27,3.09,--,27,8343,卖盘
1864,10:00:17,3.09,-0.01,3,927,卖盘
1865,10:00:13,3.1,0.01,100,31000,买盘
1866,09:59:52,3.09,-0.01,516,159444,卖盘
1867,09:59:47,3.1,--,3,930,买盘
1868,09:59:43,3.1,0.01,3,930,买盘
1869,09:59:37,3.09,-0.01,2,618,卖盘
1870,09:59:32,3.1,--,1221,378510,买盘
1871,09:59:22,3.1,0.01,1,310,买盘
1872,09:59:17,3.09,--,78,24102,卖盘
1873,09:59:12,3.09,--,52,16068,卖盘
1874,09:59:07,3.09,--,60,18540,卖盘
1875,09:58:52,3.09,-0.01,1,309,卖盘
1876,09:58:47,3.1,0.01,79,24490,买盘
1877,09:58:37,3.09,-0.01,82,25338,卖盘
1878,09:58:32,3.1,--,58,17980,买盘
1879,09:58:27,3.1,0.01,55,17050,买盘
1880,09:58:22,3.09,--,1,309,卖盘
1881,09:58:17,3.09,--,103,31827,卖盘
1882,09:58:12,3.09,--,146,45114,卖盘
1883,09:58:07,3.09,--,222,68598,卖盘
1884,09:58:02,3.09,-0.01,110,33990,卖盘
1885,09:57:57,3.1,0.01,62,19220,买盘
1886,09:57:52,3.09,-0.01,60,18540,卖盘
1887,09:57:47,3.1,0.01,136,42160,买盘
1888,09:57:37,3.09,--,12,3708,卖盘
1889,09:57:32,3.09,--,3,927,卖盘
1890,09:57:22,3.09,-0.01,3,927,卖盘
1891,09:57:17,3.1,0.01,3,930,买盘
1892,09:57:11,3.09,--,18519,5722371,卖盘
1893,09:57:07,3.09,-0.01,1,309,卖盘
1894,09:57:02,3.1,0.01,2,620,买盘
1895,09:56:56,3.09,--,2,618,卖盘
1896,09:56:47,3.09,-0.01,59,18231,卖盘
1897,09:56:41,3.1,--,1,310,买盘
1898,09:56:37,3.1,0.01,245,75950,买盘
1899,09:56:32,3.09,-0.01,31,9579,卖盘
1900,09:56:26,3.1,--,6,1860,买盘
1901,09:56:22,3.1,--,4,1240,买盘
1902,09:56:16,3.1,0.01,4,1240,买盘
1903,09:56:11,3.09,-0.01,1,309,卖盘
1904,09:56:07,3.1,0.01,486,150660,买盘
1905,09:55:52,3.09,--,74,22866,卖盘
1906,09:55:46,3.09,-0.01,10,3090,卖盘
1907,09:55:41,3.1,--,6,1860,买盘
1908,09:55:37,3.1,0.01,195,60450,买盘
1909,09:55:31,3.09,--,3,927,卖盘
1910,09:55:22,3.09,-0.01,5,1545,卖盘
1911,09:55:16,3.1,--,4,1240,买盘
1912,09:55:11,3.1,0.01,1,310,买盘
1913,09:55:07,3.09,-0.01,266,82194,卖盘
1914,09:55:01,3.1,0.01,247,76570,买盘
1915,09:54:56,3.09,--,110,33990,卖盘
1916,09:54:46,3.09,-0.01,8,2472,卖盘
1917,09:54:37,3.1,--,637,197470,买盘
1918,09:54:31,3.1,0.01,141,43710,买盘
1919,09:54:26,3.09,--,2,618,卖盘
1920,09:54:16,3.09,-0.01,126,38934,卖盘
1921,09:54:07,3.1,--,318,98580,买盘
1922,09:54:01,3.1,0.01,11,3410,买盘
1923,09:53:56,3.09,--,1,309,卖盘
1924,09:53:51,3.09,--,158,48822,卖盘
1925,09:53:46,3.09,--,1,309,卖盘
1926,09:53:41,3.09,-0.01,2,618,卖盘
1927,09:53:36,3.1,0.01,268,83080,买盘
1928,09:53:31,3.09,--,2,618,卖盘
1929,09:53:26,3.09,-0.01,5,1545,卖盘
1930,09:53:21,3.1,0.01,243,75330,买盘
1931,09:53:16,3.09,--,74,22866,卖盘
1932,09:53:06,3.09,--,201,62109,卖盘
1933,09:52:56,3.09,-0.01,16,4944,卖盘
1934,09:52:46,3.1,0.01,11,3410,买盘
1935,09:52:41,3.09,--,200,61803,卖盘
1936,09:52:36,3.09,-0.01,103,31827,卖盘
1937,09:52:31,3.1,--,5,1550,买盘
1938,09:52:26,3.1,0.01,673,208630,买盘
1939,09:52:21,3.09,-0.01,30,9270,卖盘
1940,09:52:16,3.1,--,4,1240,买盘
1941,09:52:11,3.1,0.01,251,77810,买盘
1942,09:52:01,3.09,-0.01,4,1236,卖盘
1943,09:51:56,3.1,0.01,1,310,买盘
1944,09:51:51,3.09,--,2,618,卖盘
1945,09:51:46,3.09,--,30,9270,卖盘
1946,09:51:41,3.09,-0.01,197,60873,卖盘
1947,09:51:36,3.1,0.01,495,153450,买盘
1948,09:51:31,3.09,--,194,59946,卖盘
1949,09:51:21,3.09,-0.01,62,19158,卖盘
1950,09:51:16,3.1,0.01,3,930,买盘
1951,09:51:11,3.09,-0.01,298,92082,卖盘
1952,09:51:06,3.1,0.01,290,89900,买盘
1953,09:51:01,3.09,--,2,618,卖盘
1954,09:50:56,3.09,-0.01,22,6798,卖盘
1955,09:50:46,3.1,--,42,13020,买盘
1956,09:50:41,3.1,0.01,272,84320,买盘
1957,09:50:36,3.09,-0.01,2,618,卖盘
1958,09:50:31,3.1,--,209,64790,买盘
1959,09:50:26,3.1,--,12,3720,买盘
1960,09:50:21,3.1,--,155,48050,买盘
1961,09:50:16,3.1,0.01,573,177630,买盘
1962,09:50:11,3.09,-0.01,3722,1150098,卖盘
1963,09:50:01,3.1,--,303,93930,卖盘
1964,09:49:55,3.1,--,112,34720,卖盘
1965,09:49:50,3.1,--,63,19530,卖盘
1966,09:49:46,3.1,--,20,6200,卖盘
1967,09:49:40,3.1,-0.01,200,62000,卖盘
1968,09:49:35,3.11,0.01,31,9641,买盘
1969,09:49:31,3.1,-0.01,23,7130,卖盘
1970,09:49:25,3.11,--,546,169806,买盘
1971,09:49:20,3.11,0.01,200,62200,买盘
1972,09:49:16,3.1,-0.01,867,268770,卖盘
1973,09:49:10,3.11,0.01,195,60645,买盘
1974,09:49:05,3.1,--,120,37200,卖盘
1975,09:49:01,3.1,0.01,89,27590,中性盘
1976,09:48:55,3.09,-0.02,500,154500,卖盘
1977,09:48:50,3.11,0.01,387,120357,买盘
1978,09:48:46,3.1,--,1240,384570,卖盘
1979,09:48:40,3.1,--,926,287060,卖盘
1980,09:48:35,3.1,--,2,620,卖盘
1981,09:48:31,3.1,-0.01,20,6200,卖盘
1982,09:48:25,3.11,--,11,3421,买盘
1983,09:48:20,3.11,0.01,647,201217,买盘
1984,09:48:16,3.1,--,1033,320230,卖盘
1985,09:48:10,3.1,--,119,37029,买盘
1986,09:48:05,3.1,0.01,58,17980,买盘
1987,09:48:01,3.09,-0.01,46,14214,卖盘
1988,09:47:55,3.1,--,56,17360,买盘
1989,09:47:50,3.1,0.01,571,177010,买盘
1990,09:47:46,3.09,-0.01,1015,313635,卖盘
1991,09:47:40,3.1,0.01,196,60760,买盘
1992,09:47:35,3.09,-0.01,1,309,卖盘
1993,09:47:30,3.1,--,102,31620,买盘
1994,09:47:25,3.1,--,237,73470,买盘
1995,09:47:20,3.1,--,721,223510,买盘
1996,09:47:15,3.1,0.01,1045,323950,买盘
1997,09:47:10,3.09,--,196,60564,卖盘
1998,09:47:05,3.09,-0.01,60,18540,卖盘
1999,09:47:00,3.1,0.01,1,310,买盘
2000,09:46:55,3.09,-0.01,2,618,卖盘
2001,09:46:45,3.1,0.01,1026,318060,买盘
2002,09:46:40,3.09,--,196,60564,卖盘
2003,09:46:35,3.09,-0.01,6364,1966596,卖盘
2004,09:46:25,3.1,--,206,63860,买盘
2005,09:46:20,3.1,0.01,1202,372620,买盘
2006,09:46:15,3.09,-0.01,2,772,卖盘
2007,09:46:10,3.1,--,410,127100,买盘
2008,09:46:05,3.1,0.01,59,18290,买盘
2009,09:46:00,3.09,-0.01,16,4944,卖盘
2010,09:45:55,3.1,--,210,65100,买盘
2011,09:45:50,3.1,0.01,301,93310,买盘
2012,09:45:45,3.09,-0.01,10,3090,卖盘
2013,09:45:40,3.1,0.01,205,63550,买盘
2014,09:45:30,3.09,--,248,76632,卖盘
2015,09:45:20,3.09,-0.01,218,67362,卖盘
2016,09:45:15,3.1,0.01,1069,331390,买盘
2017,09:45:10,3.09,-0.01,927,286443,卖盘
2018,09:45:05,3.1,0.01,102,31620,买盘
2019,09:44:55,3.09,-0.01,49,15141,卖盘
2020,09:44:50,3.1,--,1,310,买盘
2021,09:44:39,3.1,--,341,105710,买盘
2022,09:44:35,3.1,--,150,46500,买盘
2023,09:44:24,3.1,--,182,56420,买盘
2024,09:44:20,3.1,--,480,148800,买盘
2025,09:44:15,3.1,0.01,3,930,买盘
2026,09:44:09,3.09,--,340,105060,卖盘
2027,09:44:05,3.09,-0.01,76,23484,卖盘
2028,09:43:54,3.1,--,15,4650,买盘
2029,09:43:45,3.1,--,2,620,买盘
2030,09:43:39,3.1,--,413,128030,买盘
2031,09:43:35,3.1,--,221,68510,买盘
2032,09:43:30,3.1,--,120,37200,买盘
2033,09:43:24,3.1,--,3,930,买盘
2034,09:43:19,3.1,--,45,13950,买盘
2035,09:43:15,3.1,--,2,620,买盘
2036,09:43:09,3.1,0.01,354,109740,买盘
2037,09:43:05,3.09,--,65,20085,卖盘
2038,09:43:00,3.09,-0.01,25,7725,卖盘
2039,09:42:54,3.1,--,22,6820,买盘
2040,09:42:49,3.1,0.01,89,27590,买盘
2041,09:42:39,3.09,-0.01,145,44805,卖盘
2042,09:42:34,3.1,0.01,74,22940,买盘
2043,09:42:29,3.09,-0.01,1,309,卖盘
2044,09:42:24,3.1,0.01,195,60450,买盘
2045,09:42:19,3.09,--,1,309,卖盘
2046,09:42:14,3.09,-0.01,4489,1387101,卖盘
2047,09:42:09,3.1,--,444,137640,买盘
2048,09:42:04,3.1,--,67,20770,买盘
2049,09:41:54,3.1,--,2,620,买盘
2050,09:41:49,3.1,0.01,351,108810,买盘
2051,09:41:44,3.09,-0.01,17,5253,卖盘
2052,09:41:39,3.1,0.01,810,251100,买盘
2053,09:41:34,3.09,-0.01,138,42642,卖盘
2054,09:41:29,3.1,--,502,155620,买盘
2055,09:41:24,3.1,--,61,18910,买盘
2056,09:41:19,3.1,--,1192,369520,买盘
2057,09:41:09,3.1,--,4021,1246510,买盘
2058,09:41:04,3.1,--,198,61380,买盘
2059,09:40:59,3.1,--,4483,1389730,买盘
2060,09:40:54,3.1,--,206,63860,买盘
2061,09:40:49,3.1,0.01,355,110050,买盘
2062,09:40:39,3.09,-0.01,276,85284,卖盘
2063,09:40:34,3.1,--,3210,995100,买盘
2064,09:40:29,3.1,--,5142,1594020,买盘
2065,09:40:24,3.1,--,647,200570,买盘
2066,09:40:19,3.1,--,4296,1331760,买盘
2067,09:40:14,3.1,0.01,224,69440,买盘
2068,09:40:09,3.09,-0.01,1366,422094,卖盘
2069,09:40:04,3.1,0.01,1291,400210,买盘
2070,09:39:59,3.09,-0.01,224,69216,卖盘
2071,09:39:49,3.1,--,240,74400,买盘
2072,09:39:44,3.1,0.01,96,29760,买盘
2073,09:39:39,3.09,--,593,183237,卖盘
2074,09:39:29,3.09,-0.01,311,96099,卖盘
2075,09:39:19,3.1,--,2326,721060,买盘
2076,09:39:14,3.1,--,191,59210,买盘
2077,09:39:09,3.1,--,144,44640,买盘
2078,09:39:03,3.1,0.01,79,24490,买盘
2079,09:38:59,3.09,-0.01,1,309,卖盘
2080,09:38:54,3.1,--,5,1550,买盘
2081,09:38:48,3.1,0.01,10,3100,买盘
2082,09:38:44,3.09,--,30,9270,卖盘
2083,09:38:39,3.09,-0.01,145,44805,卖盘
2084,09:38:33,3.1,--,114,35340,买盘
2085,09:38:29,3.1,0.01,875,271250,买盘
2086,09:38:24,3.09,--,3200,988800,卖盘
2087,09:38:18,3.09,--,1,309,卖盘
2088,09:38:14,3.09,-0.01,3,927,卖盘
2089,09:38:09,3.1,--,144,44640,买盘
2090,09:38:03,3.1,--,283,87730,买盘
2091,09:37:59,3.1,0.01,347,107570,买盘
2092,09:37:48,3.09,-0.01,2,618,卖盘
2093,09:37:44,3.1,--,2005,621550,买盘
2094,09:37:39,3.1,--,145,44950,买盘
2095,09:37:33,3.1,0.01,3652,1132120,买盘
2096,09:37:29,3.09,--,282,87138,卖盘
2097,09:37:18,3.09,-0.01,219,67671,卖盘
2098,09:37:14,3.1,--,94,29140,买盘
2099,09:37:09,3.1,--,144,44640,买盘
2100,09:37:03,3.1,--,263,81530,买盘
2101,09:36:59,3.1,--,417,129270,买盘
2102,09:36:54,3.1,0.01,631,195610,买盘
2103,09:36:48,3.09,-0.01,278,85902,卖盘
2104,09:36:44,3.1,--,344,106640,买盘
2105,09:36:39,3.1,--,432,133920,买盘
2106,09:36:33,3.1,--,356,110360,买盘
2107,09:36:28,3.1,--,882,273420,买盘
2108,09:36:24,3.1,--,122,37820,买盘
2109,09:36:18,3.1,--,1270,393700,买盘
2110,09:36:13,3.1,--,1821,564510,买盘
2111,09:36:09,3.1,--,2335,723850,买盘
2112,09:36:03,3.1,--,62,19220,买盘
2113,09:35:58,3.1,--,2,620,买盘
2114,09:35:48,3.1,0.01,6802,2108620,买盘
2115,09:35:43,3.09,-0.01,4,1236,卖盘
2116,09:35:39,3.1,--,490,151900,买盘
2117,09:35:33,3.1,--,357,110670,买盘
2118,09:35:28,3.1,0.01,4658,1443980,买盘
2119,09:35:24,3.09,-0.01,2,618,卖盘
2120,09:35:18,3.1,--,1124,348440,买盘
2121,09:35:13,3.1,--,1104,342240,买盘
2122,09:35:08,3.1,--,326,101060,买盘
2123,09:35:03,3.1,--,1156,358360,买盘
2124,09:34:58,3.1,--,3980,1233800,买盘
2125,09:34:53,3.1,--,224,69440,买盘
2126,09:34:48,3.1,0.01,2785,863350,买盘
2127,09:34:43,3.09,--,109,33681,卖盘
2128,09:34:38,3.09,-0.01,2,618,卖盘
2129,09:34:33,3.1,--,276,85560,买盘
2130,09:34:28,3.1,0.01,57,17670,买盘
2131,09:34:18,3.09,--,2,618,卖盘
2132,09:34:13,3.09,--,3,927,卖盘
2133,09:34:08,3.09,-0.01,2,618,卖盘
2134,09:34:03,3.1,--,62,19220,买盘
2135,09:33:58,3.1,0.01,63,19530,买盘
2136,09:33:53,3.09,--,59,18231,卖盘
2137,09:33:48,3.09,-0.01,39,12051,卖盘
2138,09:33:43,3.1,0.01,860,266600,买盘
2139,09:33:33,3.09,-0.01,47,14523,卖盘
2140,09:33:28,3.1,--,89,27590,买盘
2141,09:33:18,3.1,--,27,8370,买盘
2142,09:33:13,3.1,0.01,19,5890,买盘
2143,09:33:08,3.09,--,1,309,卖盘
2144,09:33:03,3.09,--,81,25029,卖盘
2145,09:32:58,3.09,-0.01,185,57165,卖盘
2146,09:32:53,3.1,0.01,111,34410,买盘
2147,09:32:43,3.09,--,11,3399,卖盘
2148,09:32:33,3.09,-0.01,14,4326,卖盘
2149,09:32:18,3.1,--,696,215760,买盘
2150,09:32:12,3.1,--,2464,763840,买盘
2151,09:32:08,3.1,0.01,57,17670,买盘
2152,09:32:03,3.09,--,33,10197,卖盘
2153,09:31:48,3.09,--,450,139050,卖盘
2154,09:31:38,3.09,-0.01,400,123600,卖盘
2155,09:31:23,3.1,--,60,18600,买盘
2156,09:31:12,3.1,0.01,2,620,买盘
2157,09:31:08,3.09,-0.01,25,7725,卖盘
2158,09:30:57,3.1,--,322,99820,买盘
2159,09:30:53,3.1,0.01,42,13020,买盘
2160,09:30:42,3.09,--,848,262032,卖盘
2161,09:30:38,3.09,-0.01,4568,1411512,卖盘
2162,09:30:27,3.1,0.01,99,30690,买盘
2163,09:30:23,3.09,-0.01,330,101970,卖盘
2164,09:30:18,3.1,0.01,1,310,买盘
2165,09:30:08,3.09,-0.01,13850,4279650,卖盘
2166,09:28:54,3.1,--,0,0,买盘
2167,09:25:07,3.1,3.1,852,264120,买盘
