,time,price,change,volume,amount,type
0,15:00:00,10.0,--,0,0,卖盘
1,15:00:00,10.0,-0.01,29,29000,卖盘
2,14:59:57,10.01,--,63,63063,买盘
3,14:59:47,10.01,0.01,46,46046,买盘
4,14:59:42,10.0,--,91,91000,卖盘
5,14:59:37,10.0,--,26,26000,卖盘
6,14:59:32,10.0,--,1,1000,卖盘
7,14:59:27,10.0,--,62,62000,卖盘
8,14:59:17,10.0,0.01,15,15000,买盘
9,14:59:12,9.99,-0.01,10,9990,卖盘
10,14:59:07,10.0,0.01,14,14000,买盘
11,14:59:02,9.99,-0.01,75,74925,卖盘
12,14:58:57,10.0,--,440,440000,买盘
13,14:58:47,10.0,--,15,15000,买盘
14,14:58:42,10.0,--,11,11000,买盘
15,14:58:37,10.0,--,18,18000,买盘
16,14:58:32,10.0,--,7,7000,买盘
17,14:58:26,10.0,--,5,5000,买盘
18,14:58:22,10.0,--,200,200000,买盘
19,14:58:16,10.0,--,120,120000,买盘
20,14:58:11,10.0,--,79,79000,买盘
21,14:58:07,10.0,0.01,28,28000,买盘
22,14:58:01,9.99,-0.01,18,17982,卖盘
23,14:57:56,10.0,--,15,15000,买盘
24,14:57:52,10.0,--,90,90000,买盘
25,14:57:46,10.0,--,50,50000,买盘
26,14:57:31,10.0,--,34,34000,买盘
27,14:57:26,10.0,--,103,103000,买盘
28,14:57:21,10.0,0.01,5,5000,买盘
29,14:57:16,9.99,-0.01,10,9990,卖盘
30,14:57:11,10.0,--,6,6000,买盘
31,14:57:01,10.0,--,44,44000,买盘
32,14:56:56,10.0,0.01,201,201000,买盘
33,14:56:51,9.99,--,5,4995,卖盘
34,14:56:46,9.99,-0.01,13,12987,卖盘
35,14:56:40,10.0,0.01,15,15000,买盘
36,14:56:36,9.99,--,14,13986,卖盘
37,14:56:31,9.99,-0.01,10,9990,卖盘
38,14:56:26,10.0,0.01,4,4000,买盘
39,14:56:16,9.99,-0.01,30,29970,卖盘
40,14:56:11,10.0,0.01,132,132000,买盘
41,14:56:06,9.99,--,19,18981,卖盘
42,14:55:56,9.99,-0.01,1,999,卖盘
43,14:55:51,10.0,--,187,187000,买盘
44,14:55:46,10.0,--,11,11000,买盘
45,14:55:40,10.0,--,31,31000,买盘
46,14:55:31,10.0,0.01,10,10000,买盘
47,14:55:26,9.99,--,86,85914,卖盘
48,14:55:21,9.99,--,24,23976,卖盘
49,14:55:11,9.99,--,28,27972,卖盘
50,14:55:06,9.99,-0.01,3,2997,卖盘
51,14:55:01,10.0,0.01,165,165000,买盘
52,14:54:56,9.99,-0.01,18,17982,卖盘
53,14:54:51,10.0,0.01,98,98000,买盘
54,14:54:46,9.99,-0.01,6,5994,卖盘
55,14:54:41,10.0,--,23,23000,买盘
56,14:54:36,10.0,0.01,16,16000,买盘
57,14:54:31,9.99,--,6,5994,卖盘
58,14:54:26,9.99,-0.01,1,999,卖盘
59,14:54:21,10.0,--,4,4000,买盘
60,14:54:11,10.0,0.01,25,25000,买盘
61,14:54:01,9.99,-0.01,34,33966,卖盘
62,14:53:56,10.0,--,10,10000,买盘
63,14:53:51,10.0,0.01,4,4000,买盘
64,14:53:46,9.99,--,4,3996,卖盘
65,14:53:36,9.99,--,6,5994,卖盘
66,14:53:21,9.99,--,7,6993,卖盘
67,14:53:16,9.99,-0.01,76,75924,卖盘
68,14:53:11,10.0,--,1,1000,买盘
69,14:53:06,10.0,--,1,1000,买盘
70,14:53:01,10.0,0.01,10,10000,买盘
71,14:52:51,9.99,--,260,259740,卖盘
72,14:52:45,9.99,-0.01,14,13986,卖盘
73,14:52:41,10.0,0.01,1,1000,买盘
74,14:52:36,9.99,-0.01,5,4995,卖盘
75,14:52:30,10.0,--,10,10000,买盘
76,14:52:26,10.0,0.01,4,4000,买盘
77,14:52:11,9.99,--,20,19980,卖盘
78,14:52:06,9.99,--,88,87912,卖盘
79,14:52:00,9.99,--,10,9990,卖盘
80,14:51:56,9.99,--,2,1998,卖盘
81,14:51:46,9.99,0.01,53,52947,买盘
82,14:51:41,9.98,-0.01,6,5988,卖盘
83,14:51:35,9.99,--,125,124875,买盘
84,14:51:30,9.99,--,8,7992,买盘
85,14:51:26,9.99,--,10,9990,买盘
86,14:51:10,9.99,--,4,3996,买盘
87,14:51:05,9.99,--,54,53946,买盘
88,14:50:55,9.99,0.01,2,1998,买盘
89,14:50:49,9.98,--,0,0,卖盘
90,14:50:45,9.98,-0.01,50,49900,卖盘
91,14:50:40,9.99,--,29,28971,卖盘
92,14:50:34,9.99,--,19,18981,卖盘
93,14:50:30,9.99,--,22,21978,卖盘
94,14:50:25,9.99,--,25,24975,卖盘
95,14:50:05,9.99,-0.01,1,999,中性盘
96,14:49:55,10.0,0.02,143,143000,买盘
97,14:49:50,9.98,-0.01,16,15968,卖盘
98,14:49:40,9.99,--,107,106893,买盘
99,14:49:34,9.99,--,10,9990,买盘
100,14:49:25,9.99,0.01,5,4995,买盘
101,14:49:20,9.98,-0.01,10,9980,卖盘
102,14:49:10,9.99,0.01,347,346653,买盘
103,14:49:04,9.98,-0.01,5,4990,卖盘
104,14:49:00,9.99,--,49,48951,买盘
105,14:48:50,9.99,--,74,73926,买盘
106,14:48:40,9.99,--,41,40959,买盘
107,14:48:34,9.99,0.01,6,5994,买盘
108,14:48:25,9.98,-0.01,5,4990,卖盘
109,14:48:19,9.99,--,32,31968,买盘
110,14:48:10,9.99,--,1,999,买盘
111,14:47:55,9.99,--,5,4995,买盘
112,14:47:50,9.99,--,13,12987,买盘
113,14:47:45,9.99,--,47,47452,卖盘
114,14:47:19,9.99,--,1,999,卖盘
115,14:47:15,9.99,--,39,39460,买盘
116,14:47:10,9.99,--,56,55944,买盘
117,14:47:05,9.99,--,41,40959,买盘
118,14:47:00,9.99,--,43,42957,买盘
119,14:46:50,9.99,--,14,13986,买盘
120,14:46:45,9.99,--,11,10989,买盘
121,14:46:40,9.99,0.01,20,19980,买盘
122,14:46:34,9.98,-0.01,10,9980,卖盘
123,14:46:30,9.99,0.01,20,19980,买盘
124,14:46:25,9.98,--,140,139720,卖盘
125,14:46:20,9.98,-0.01,28,27944,卖盘
126,14:46:15,9.99,--,53,52947,买盘
127,14:46:10,9.99,--,11,10989,买盘
128,14:45:54,9.99,--,58,57942,买盘
129,14:45:49,9.99,--,2,1998,买盘
130,14:45:45,9.99,--,1,999,买盘
131,14:45:30,9.99,0.01,10,9990,买盘
132,14:45:24,9.98,-0.01,2,1996,卖盘
133,14:45:20,9.99,--,46,45954,买盘
134,14:45:15,9.99,--,12,11988,买盘
135,14:45:05,9.99,--,30,29970,买盘
136,14:45:00,9.99,0.01,50,49950,买盘
137,14:44:54,9.98,--,18,17964,卖盘
138,14:44:49,9.98,0.01,33,32934,买盘
139,14:44:45,9.97,-0.01,40,39880,卖盘
140,14:44:39,9.98,--,2,1996,买盘
141,14:44:34,9.98,--,11,10978,卖盘
142,14:44:29,9.98,-0.01,35,34930,卖盘
143,14:44:24,9.99,0.01,78,77922,买盘
144,14:44:19,9.98,--,92,91816,卖盘
145,14:44:13,9.98,--,107,106786,卖盘
146,14:44:04,9.98,--,4,3992,卖盘
147,14:43:54,9.98,--,12,11976,卖盘
148,14:43:49,9.98,--,12,11976,卖盘
149,14:43:44,9.98,--,337,336326,卖盘
150,14:43:39,9.98,--,203,202594,卖盘
151,14:43:34,9.98,--,14,13972,卖盘
152,14:43:29,9.98,-0.01,20,19960,卖盘
153,14:43:19,9.99,--,28,27972,买盘
154,14:43:09,9.99,0.01,1,999,买盘
155,14:43:04,9.98,-0.01,5,4990,卖盘
156,14:42:54,9.99,0.01,3,2997,买盘
157,14:42:49,9.98,--,1,998,卖盘
158,14:42:44,9.98,-0.01,20,19960,卖盘
159,14:42:39,9.99,0.01,30,29970,买盘
160,14:42:34,9.98,--,15,14970,卖盘
161,14:42:24,9.98,-0.01,20,19960,卖盘
162,14:42:14,9.99,0.01,3,2997,买盘
163,14:42:04,9.98,-0.01,4,3992,卖盘
164,14:41:54,9.99,--,4,3996,买盘
165,14:41:49,9.99,--,43,42957,卖盘
166,14:41:44,9.99,--,3,2997,卖盘
167,14:41:39,9.99,-0.01,10,9990,卖盘
168,14:41:34,10.0,0.01,15,15000,买盘
169,14:41:29,9.99,--,14,13986,卖盘
170,14:41:24,9.99,--,10,9990,卖盘
171,14:41:19,9.99,--,10,9990,卖盘
172,14:41:14,9.99,-0.01,10,9990,卖盘
173,14:40:59,10.0,--,14,14000,买盘
174,14:40:54,10.0,0.01,2,2000,买盘
175,14:40:49,9.99,-0.01,5,4995,卖盘
176,14:40:43,10.0,0.01,9,9000,买盘
177,14:40:34,9.99,0.01,11,10989,买盘
178,14:40:29,9.98,-0.01,17,16966,卖盘
179,14:40:19,9.99,-0.01,5,4995,买盘
180,14:40:13,10.0,--,2,2000,买盘
181,14:40:09,10.0,0.01,21,21000,买盘
182,14:40:04,9.99,-0.01,27,26973,卖盘
183,14:39:54,10.0,--,10,10000,买盘
184,14:39:49,10.0,--,5,5000,买盘
185,14:39:39,10.0,--,10,10000,买盘
186,14:39:29,10.0,0.02,10,10000,买盘
187,14:39:24,9.98,-0.02,4,3992,卖盘
188,14:39:19,10.0,--,50,50000,买盘
189,14:39:13,10.0,--,21,21000,买盘
190,14:39:04,10.0,--,14,14000,卖盘
191,14:38:59,10.0,--,6,6000,卖盘
192,14:38:48,10.0,0.02,397,397000,买盘
193,14:38:43,9.98,-0.02,10,9980,卖盘
194,14:38:39,10.0,--,0,0,买盘
195,14:38:33,10.0,0.02,155,155000,买盘
196,14:38:24,9.98,--,10,9980,卖盘
197,14:38:13,9.98,--,4,3992,卖盘
198,14:38:03,9.98,0.01,387,386226,买盘
199,14:37:58,9.97,-0.01,15,14955,卖盘
200,14:37:54,9.98,0.01,50,49900,买盘
201,14:37:48,9.97,--,20,19940,卖盘
202,14:37:43,9.97,-0.01,6,5982,卖盘
203,14:37:38,9.98,0.01,23,22954,买盘
204,14:37:33,9.97,--,20,19940,卖盘
205,14:37:23,9.97,--,24,23928,卖盘
206,14:37:09,9.97,--,58,57826,卖盘
207,14:37:03,9.97,--,5,4985,卖盘
208,14:36:52,9.97,--,10,9970,卖盘
209,14:36:43,9.97,--,9,8973,卖盘
210,14:36:38,9.97,--,11,10967,卖盘
211,14:36:28,9.97,--,3,2991,卖盘
212,14:36:23,9.97,-0.01,36,35892,卖盘
213,14:36:18,9.98,0.01,10,9980,买盘
214,14:36:08,9.97,-0.01,10,9970,卖盘
215,14:36:03,9.98,--,10,9980,买盘
216,14:35:58,9.98,--,20,19960,买盘
217,14:35:52,9.98,--,57,56886,卖盘
218,14:35:48,9.98,--,3,2994,卖盘
219,14:35:43,9.98,--,55,54890,卖盘
220,14:35:38,9.98,--,41,40918,卖盘
221,14:35:33,9.98,--,3,2994,卖盘
222,14:35:23,9.98,--,13,12974,卖盘
223,14:35:18,9.98,--,88,87824,卖盘
224,14:35:13,9.98,--,3,2994,卖盘
225,14:35:07,9.98,--,52,51896,卖盘
226,14:34:58,9.98,--,17,16966,卖盘
227,14:34:53,9.98,--,25,24950,卖盘
228,14:34:43,9.98,--,106,105788,卖盘
229,14:34:37,9.98,--,92,91816,卖盘
230,14:34:33,9.98,--,4,3992,卖盘
231,14:34:28,9.98,-0.01,5,4990,卖盘
232,14:34:18,9.99,--,15,14985,买盘
233,14:34:13,9.99,--,107,106893,卖盘
234,14:34:07,9.99,--,55,54945,卖盘
235,14:34:03,9.99,-0.01,32,31968,卖盘
236,14:33:58,10.0,0.01,17,17000,买盘
237,14:33:53,9.99,--,34,33966,卖盘
238,14:33:48,9.99,--,3,2997,卖盘
239,14:33:43,9.99,--,10,9990,卖盘
240,14:33:38,9.99,--,23,22977,买盘
241,14:33:33,9.99,--,14,13986,买盘
242,14:33:23,9.99,--,27,26973,买盘
243,14:33:18,9.99,0.01,3,2997,买盘
244,14:33:13,9.98,--,3,2994,卖盘
245,14:33:07,9.98,-0.01,7,6986,卖盘
246,14:33:03,9.99,--,7,6993,买盘
247,14:32:58,9.99,--,30,29970,买盘
248,14:32:53,9.99,--,36,35964,买盘
249,14:32:48,9.99,--,5,4995,买盘
250,14:32:43,9.99,--,12,11988,买盘
251,14:32:37,9.99,0.01,87,86913,买盘
252,14:32:33,9.98,--,50,49900,卖盘
253,14:32:27,9.98,--,20,19960,卖盘
254,14:32:23,9.98,--,112,111776,卖盘
255,14:32:07,9.98,--,48,47904,买盘
256,14:32:03,9.98,0.01,33,32934,买盘
257,14:31:57,9.97,-0.01,101,100697,卖盘
258,14:31:48,9.98,0.01,5,4990,买盘
259,14:31:42,9.97,--,16,16111,买盘
260,14:31:38,9.97,--,23,23768,卖盘
261,14:31:23,9.97,--,38,38045,买盘
262,14:31:17,9.97,--,20,19940,买盘
263,14:31:07,9.97,0.01,95,94715,买盘
264,14:31:03,9.96,-0.01,20,19920,卖盘
265,14:30:57,9.97,--,6,5982,买盘
266,14:30:47,9.97,0.01,86,85742,买盘
267,14:30:42,9.96,--,32,31872,买盘
268,14:30:37,9.96,--,3,2988,买盘
269,14:30:32,9.96,0.01,27,26892,买盘
270,14:30:27,9.95,-0.01,10,9950,卖盘
271,14:30:22,9.96,0.01,3,2988,买盘
272,14:30:17,9.95,--,328,326360,买盘
273,14:30:12,9.95,--,35,34825,买盘
274,14:30:07,9.95,--,36,35820,买盘
275,14:30:02,9.95,--,33,32835,买盘
276,14:29:47,9.95,--,103,102484,买盘
277,14:29:27,9.95,--,0,0,买盘
278,14:29:22,9.95,0.01,34,33830,买盘
279,14:29:16,9.94,0.01,4,3976,买盘
280,14:29:07,9.93,-0.02,61,60573,卖盘
281,14:29:01,9.95,0.01,5,4975,买盘
282,14:28:57,9.94,--,10,9940,卖盘
283,14:28:52,9.94,--,76,75544,买盘
284,14:28:46,9.94,--,15,14910,买盘
285,14:28:42,9.94,--,14,13916,买盘
286,14:28:32,9.94,--,6,5964,买盘
287,14:28:22,9.94,--,11,10934,卖盘
288,14:28:17,9.94,--,7,6958,卖盘
289,14:28:07,9.94,--,51,50694,买盘
290,14:27:46,9.94,--,23,22862,买盘
291,14:27:37,9.94,-0.01,1,994,卖盘
292,14:27:32,9.95,0.02,6,5970,买盘
293,14:27:17,9.93,--,59,58587,买盘
294,14:27:02,9.93,-0.02,26,25818,卖盘
295,14:26:52,9.95,--,3,2985,买盘
296,14:26:47,9.95,--,3,2985,买盘
297,14:26:42,9.95,--,3,2985,买盘
298,14:26:37,9.95,0.01,127,126364,买盘
299,14:26:31,9.94,0.01,2,1988,买盘
300,14:26:27,9.93,-0.02,185,183705,卖盘
301,14:26:22,9.95,--,13,12934,买盘
302,14:26:16,9.95,--,22,21890,中性盘
303,14:26:12,9.95,-0.01,225,223874,卖盘
304,14:26:07,9.96,0.01,32,31872,买盘
305,14:26:01,9.95,-0.01,5,4975,卖盘
306,14:25:57,9.96,0.01,22,21912,卖盘
307,14:25:52,9.95,--,23,22885,卖盘
308,14:25:47,9.95,-0.01,104,103479,卖盘
309,14:25:37,9.96,-0.01,2,1992,卖盘
310,14:25:27,9.97,--,92,91724,买盘
311,14:25:21,9.97,--,3,2991,买盘
312,14:25:17,9.97,--,88,87736,买盘
313,14:25:12,9.97,--,40,39880,买盘
314,14:25:06,9.97,0.01,12,11964,买盘
315,14:25:02,9.96,-0.01,85,84660,卖盘
316,14:24:57,9.97,--,2,1994,买盘
317,14:24:51,9.97,--,19,18943,买盘
318,14:24:47,9.97,--,36,35892,买盘
319,14:24:42,9.97,0.01,66,65802,买盘
320,14:24:36,9.96,-0.01,50,49800,卖盘
321,14:24:31,9.97,--,306,305082,买盘
322,14:24:26,9.97,--,62,61814,买盘
323,14:24:21,9.97,0.01,21,20937,买盘
324,14:24:16,9.96,-0.01,25,24900,卖盘
325,14:24:11,9.97,--,1,997,买盘
326,14:23:56,9.97,0.01,80,79760,买盘
327,14:23:51,9.96,--,10,9960,买盘
328,14:23:46,9.96,--,75,74700,买盘
329,14:23:41,9.96,-0.01,35,34860,中性盘
330,14:23:36,9.97,0.01,9,8973,买盘
331,14:23:31,9.96,-0.01,140,139440,卖盘
332,14:23:26,9.97,0.02,53,52841,买盘
333,14:23:21,9.95,-0.01,240,238799,卖盘
334,14:23:16,9.96,0.01,159,158364,买盘
335,14:23:01,9.95,--,1,994,卖盘
336,14:22:56,9.95,--,37,37481,买盘
337,14:22:46,9.95,0.01,85,84575,买盘
338,14:22:41,9.94,0.01,47,46718,买盘
339,14:22:31,9.93,--,4,3972,卖盘
340,14:22:26,9.93,0.02,1,993,买盘
341,14:22:21,9.91,-0.02,33,32703,卖盘
342,14:22:16,9.93,--,29,28797,买盘
343,14:22:11,9.93,0.02,24,23832,买盘
344,14:22:01,9.91,-0.01,94,93154,卖盘
345,14:21:55,9.92,0.02,282,279744,买盘
346,14:21:51,9.9,--,175,173250,买盘
347,14:21:46,9.9,--,59,58410,买盘
348,14:21:41,9.9,--,101,99990,买盘
349,14:21:31,9.9,0.01,84,83160,买盘
350,14:21:26,9.89,--,72,71208,买盘
351,14:21:21,9.89,0.01,40,39560,买盘
352,14:21:16,9.88,--,170,167960,买盘
353,14:21:11,9.88,--,11,10868,买盘
354,14:21:06,9.88,--,33,32604,买盘
355,14:21:01,9.88,--,6,5928,买盘
356,14:20:56,9.88,--,61,60268,买盘
357,14:20:51,9.88,0.01,211,208468,买盘
358,14:20:46,9.87,--,426,420461,买盘
359,14:20:40,9.87,--,182,179634,买盘
360,14:20:36,9.87,--,31,30596,买盘
361,14:20:31,9.87,0.01,19,18753,买盘
362,14:20:25,9.86,0.01,5,4930,买盘
363,14:20:20,9.85,--,0,0,卖盘
364,14:20:16,9.85,-0.01,11,10835,卖盘
365,14:20:10,9.86,--,9,8874,买盘
366,14:20:06,9.86,--,29,28594,买盘
367,14:20:01,9.86,--,27,26622,买盘
368,14:19:55,9.86,--,19,18734,买盘
369,14:19:51,9.86,--,6,5916,买盘
370,14:19:40,9.86,--,2,1972,买盘
371,14:19:31,9.86,--,3,2958,买盘
372,14:19:26,9.86,--,4,3944,买盘
373,14:19:21,9.86,--,1,986,买盘
374,14:19:11,9.86,--,4,3944,买盘
375,14:18:41,9.86,0.01,9,8874,买盘
376,14:18:36,9.85,-0.01,43,42355,卖盘
377,14:18:10,9.86,--,1,986,买盘
378,14:18:05,9.86,--,12,11832,买盘
379,14:18:00,9.86,--,109,107474,卖盘
380,14:17:55,9.86,--,79,77894,卖盘
381,14:17:50,9.86,--,16,15776,卖盘
382,14:17:40,9.86,-0.01,8,7888,卖盘
383,14:17:35,9.87,0.01,6,5921,买盘
384,14:17:30,9.86,-0.01,1,986,卖盘
385,14:17:25,9.87,0.01,33,32570,买盘
386,14:17:20,9.86,--,5,4930,卖盘
387,14:17:15,9.86,-0.01,300,295800,卖盘
388,14:17:10,9.87,--,1,986,买盘
389,14:17:05,9.87,--,14,13817,买盘
390,14:17:00,9.87,--,50,49349,买盘
391,14:16:55,9.87,--,10,9870,买盘
392,14:16:40,9.87,--,2,1973,买盘
393,14:16:35,9.87,--,35,34545,买盘
394,14:16:30,9.87,0.01,2,1973,买盘
395,14:16:20,9.86,-0.01,6,5916,卖盘
396,14:16:05,9.87,0.01,10,9870,买盘
397,14:15:50,9.86,--,5,4930,卖盘
398,14:15:35,9.86,--,81,79866,买盘
399,14:15:30,9.86,--,7,6902,买盘
400,14:15:25,9.86,--,11,10846,买盘
401,14:15:20,9.86,--,10,9860,买盘
402,14:15:10,9.86,-0.01,229,225794,卖盘
403,14:15:05,9.87,0.01,44,43428,买盘
404,14:15:00,9.86,-0.01,20,19720,卖盘
405,14:14:55,9.87,--,3,2960,买盘
406,14:14:49,9.87,--,20,19740,买盘
407,14:14:34,9.87,0.01,7,6908,买盘
408,14:14:30,9.86,-0.01,30,29580,卖盘
409,14:14:25,9.87,0.01,5,4935,买盘
410,14:14:19,9.86,-0.01,9,8874,卖盘
411,14:14:15,9.87,--,10,9870,买盘
412,14:14:00,9.87,0.01,20,19740,买盘
413,14:13:55,9.86,-0.01,241,237626,卖盘
414,14:13:40,9.87,--,5,4935,买盘
415,14:13:34,9.87,--,10,9870,买盘
416,14:13:30,9.87,--,3,2960,买盘
417,14:13:25,9.87,--,13,12830,买盘
418,14:13:19,9.87,--,15,14804,买盘
419,14:13:10,9.87,--,7,6908,买盘
420,14:13:04,9.87,--,1,986,买盘
421,14:12:55,9.87,--,9,8883,买盘
422,14:12:49,9.87,0.01,24,23687,买盘
423,14:12:40,9.86,-0.01,3,2958,卖盘
424,14:12:24,9.87,0.01,10,9870,买盘
425,14:12:04,9.86,-0.01,342,337212,卖盘
426,14:11:55,9.87,--,19,18753,买盘
427,14:11:49,9.87,--,10,9870,买盘
428,14:11:44,9.87,0.01,15,14804,买盘
429,14:11:39,9.86,-0.01,51,50286,卖盘
430,14:11:34,9.87,--,77,75999,买盘
431,14:11:24,9.87,--,10,9870,买盘
432,14:11:19,9.87,--,50,49349,买盘
433,14:11:04,9.87,--,6,5921,买盘
434,14:10:59,9.87,--,16,15791,买盘
435,14:10:54,9.87,--,7,6908,买盘
436,14:10:49,9.87,--,42,41454,买盘
437,14:10:39,9.87,--,5,4935,买盘
438,14:10:34,9.87,--,16,15791,买盘
439,14:10:29,9.87,0.01,6,5921,买盘
440,14:10:14,9.86,--,4,3944,卖盘
441,14:10:04,9.86,0.01,8,7888,买盘
442,14:09:59,9.85,-0.01,14,13790,卖盘
443,14:09:44,9.86,--,251,247486,买盘
444,14:09:29,9.86,--,81,79866,卖盘
445,14:09:19,9.86,--,37,36482,卖盘
446,14:09:14,9.86,--,9,8874,买盘
447,14:09:09,9.86,--,24,23664,买盘
448,14:09:04,9.86,--,1,986,买盘
449,14:08:59,9.86,--,40,39440,买盘
450,14:08:49,9.86,--,30,29580,买盘
451,14:08:44,9.86,--,26,25636,买盘
452,14:08:24,9.86,--,50,49300,买盘
453,14:08:18,9.86,--,10,9860,买盘
454,14:08:14,9.86,-0.01,132,130151,卖盘
455,14:07:49,9.87,0.01,1,986,买盘
456,14:07:29,9.86,-0.01,10,9860,卖盘
457,14:07:23,9.87,--,60,59219,买盘
458,14:07:14,9.87,--,5,4935,买盘
459,14:07:09,9.87,--,66,65141,卖盘
460,14:06:59,9.87,--,49,48362,卖盘
461,14:06:54,9.87,-0.01,4,3947,卖盘
462,14:06:49,9.88,--,6,5928,买盘
463,14:06:34,9.88,--,5,4940,买盘
464,14:06:24,9.88,--,10,9880,买盘
465,14:06:19,9.88,--,5,4940,卖盘
466,14:06:13,9.88,-0.01,20,19760,卖盘
467,14:05:58,9.89,0.01,6,5934,买盘
468,14:05:28,9.88,--,301,297388,买盘
469,14:05:19,9.88,--,10,9880,买盘
470,14:05:04,9.88,--,50,49400,卖盘
471,14:04:59,9.88,-0.01,200,197600,卖盘
472,14:04:43,9.89,0.01,5,4945,买盘
473,14:04:33,9.88,--,133,131404,买盘
474,14:04:24,9.88,--,4,3952,买盘
475,14:04:18,9.88,--,24,23712,买盘
476,14:04:13,9.88,--,9,8892,买盘
477,14:04:09,9.88,--,29,28652,买盘
478,14:04:03,9.88,--,3,2964,买盘
479,14:03:58,9.88,--,17,16796,买盘
480,14:03:53,9.88,--,19,18772,买盘
481,14:03:43,9.88,0.01,1,988,买盘
482,14:03:38,9.87,-0.01,115,113504,卖盘
483,14:03:23,9.88,--,21,20748,买盘
484,14:03:13,9.88,--,12,11856,买盘
485,14:03:08,9.88,--,9,8892,买盘
486,14:02:58,9.88,0.01,2,1976,买盘
487,14:02:53,9.87,-0.01,30,29609,卖盘
488,14:02:43,9.88,--,6,5928,买盘
489,14:02:38,9.88,--,22,21736,买盘
490,14:02:32,9.88,--,1,988,买盘
491,14:02:28,9.88,--,15,14820,买盘
492,14:02:18,9.88,--,50,49400,买盘
493,14:02:13,9.88,--,7,6916,买盘
494,14:02:03,9.88,-0.01,181,178828,卖盘
495,14:01:58,9.89,--,3,2967,买盘
496,14:01:53,9.89,0.01,3,2967,买盘
497,14:01:48,9.88,--,12,11856,卖盘
498,14:01:43,9.88,-0.01,5,4940,卖盘
499,14:01:38,9.89,--,2,1978,买盘
500,14:01:28,9.89,--,50,49450,买盘
501,14:01:23,9.89,--,28,27692,买盘
502,14:01:18,9.89,--,38,37582,买盘
503,14:01:13,9.89,--,10,9890,买盘
504,14:01:08,9.89,--,2,1978,买盘
505,14:01:02,9.89,--,60,59340,买盘
506,14:00:53,9.89,--,11,10879,买盘
507,14:00:48,9.89,0.01,51,50439,买盘
508,14:00:42,9.88,-0.01,37,36556,卖盘
509,14:00:38,9.89,--,23,22747,买盘
510,14:00:32,9.89,--,16,15824,买盘
511,14:00:28,9.89,--,17,16813,买盘
512,14:00:23,9.89,0.01,24,23736,买盘
513,14:00:18,9.88,-0.01,15,14820,卖盘
514,14:00:13,9.89,--,64,63296,买盘
515,14:00:08,9.89,0.01,50,49450,买盘
516,14:00:02,9.88,-0.01,20,19760,卖盘
517,13:59:58,9.89,0.01,2,1978,买盘
518,13:59:43,9.88,--,39,38532,买盘
519,13:59:38,9.88,--,58,57304,买盘
520,13:59:28,9.88,--,83,82004,买盘
521,13:59:23,9.88,--,8,7904,买盘
522,13:59:08,9.88,--,0,0,买盘
523,13:58:58,9.88,--,3,2964,买盘
524,13:58:53,9.88,0.02,32,31616,买盘
525,13:58:32,9.86,-0.01,18,17748,卖盘
526,13:58:28,9.87,--,10,9870,买盘
527,13:58:22,9.87,--,62,61193,买盘
528,13:58:17,9.87,--,1,986,买盘
529,13:57:58,9.87,-0.02,96,94751,卖盘
530,13:57:52,9.89,--,0,0,买盘
531,13:57:47,9.89,0.01,30,29670,买盘
532,13:57:42,9.88,--,47,46436,买盘
533,13:57:37,9.88,0.01,17,16796,买盘
534,13:57:27,9.87,-0.01,8,7895,卖盘
535,13:57:22,9.88,0.01,56,55328,买盘
536,13:57:07,9.87,--,1,986,买盘
537,13:56:51,9.87,--,12,11843,买盘
538,13:56:36,9.87,--,2,1973,买盘
539,13:56:32,9.87,0.01,1,986,买盘
540,13:56:26,9.86,--,5,4930,卖盘
541,13:55:56,9.86,-0.01,1,986,卖盘
542,13:55:51,9.87,0.01,1,986,买盘
543,13:55:47,9.86,-0.01,60,59160,卖盘
544,13:55:36,9.87,--,18,17766,买盘
545,13:55:06,9.87,--,1,986,买盘
546,13:55:02,9.87,--,15,14804,卖盘
547,13:54:36,9.87,--,1,986,买盘
548,13:54:32,9.87,--,10,9870,买盘
549,13:54:26,9.87,--,10,9870,买盘
550,13:54:06,9.87,--,2,1973,买盘
551,13:54:02,9.87,--,60,59219,买盘
552,13:53:47,9.87,--,5,4935,买盘
553,13:53:36,9.87,--,1,986,买盘
554,13:53:21,9.87,--,8,7895,买盘
555,13:53:17,9.87,--,3,2960,买盘
556,13:53:06,9.87,--,1,986,买盘
557,13:52:56,9.87,--,2,1973,买盘
558,13:52:41,9.87,0.01,5,4935,买盘
559,13:52:02,9.86,0.01,142,140012,买盘
560,13:51:22,9.85,--,3,2955,卖盘
561,13:51:16,9.85,-0.01,1,985,卖盘
562,13:51:06,9.86,0.01,5,4930,买盘
563,13:50:31,9.85,--,1,985,卖盘
564,13:50:20,9.85,0.01,4,3940,买盘
565,13:50:16,9.84,--,0,0,卖盘
566,13:50:11,9.84,--,0,0,卖盘
567,13:49:50,9.84,--,2,1968,卖盘
568,13:49:46,9.84,-0.03,5,4920,卖盘
569,13:49:41,9.87,0.02,25,24674,买盘
570,13:49:26,9.85,-0.02,10,9850,卖盘
571,13:49:00,9.87,--,0,0,买盘
572,13:48:56,9.87,--,0,0,买盘
573,13:48:26,9.87,0.02,37,36519,买盘
574,13:48:20,9.85,--,11,10835,卖盘
575,13:48:11,9.85,--,10,9850,卖盘
576,13:48:05,9.85,--,2,1970,卖盘
577,13:47:56,9.85,--,35,34475,卖盘
578,13:47:31,9.85,-0.02,6,5910,卖盘
579,13:47:26,9.87,--,0,0,买盘
580,13:47:20,9.87,--,14,13817,卖盘
581,13:47:15,9.87,-0.01,50,49349,卖盘
582,13:46:45,9.88,--,10,9880,买盘
583,13:46:16,9.88,--,4,3952,买盘
584,13:46:00,9.88,--,218,215384,卖盘
585,13:45:45,9.88,--,30,29640,卖盘
586,13:45:31,9.88,-0.01,10,9880,卖盘
587,13:45:25,9.89,0.01,10,9890,买盘
588,13:45:15,9.88,-0.01,10,9880,卖盘
589,13:45:10,9.89,0.01,4,3956,买盘
590,13:45:05,9.88,--,5,4940,卖盘
591,13:45:01,9.88,--,1,988,卖盘
592,13:44:56,9.88,0.01,415,410020,买盘
593,13:44:45,9.87,-0.01,11,10857,卖盘
594,13:44:41,9.88,--,2,1976,买盘
595,13:44:30,9.88,--,100,98800,买盘
596,13:43:50,9.88,0.01,4,3952,买盘
597,13:43:16,9.87,--,158,155946,买盘
598,13:43:10,9.87,0.02,20,19740,买盘
599,13:43:00,9.85,-0.03,8,7880,卖盘
600,13:42:55,9.88,--,0,0,买盘
601,13:41:35,9.88,--,5,4940,买盘
602,13:40:59,9.88,--,100,98800,买盘
603,13:40:54,9.88,--,0,0,买盘
604,13:40:39,9.88,--,444,438672,卖盘
605,13:40:24,9.88,-0.01,20,19760,卖盘
606,13:40:20,9.89,0.01,50,49450,买盘
607,13:40:14,9.88,--,20,19760,卖盘
608,13:39:59,9.88,--,6,5928,卖盘
609,13:39:39,9.88,--,124,122512,买盘
610,13:39:24,9.88,--,5,4940,买盘
611,13:39:20,9.88,--,1,988,买盘
612,13:38:54,9.88,--,100,98800,买盘
613,13:38:34,9.88,0.03,292,288496,买盘
614,13:38:19,9.85,--,0,0,中性盘
615,13:38:09,9.85,--,0,0,买盘
616,13:38:04,9.85,--,2,1970,买盘
617,13:37:54,9.85,-0.02,237,233445,卖盘
618,13:37:49,9.87,0.01,21,20727,买盘
619,13:37:44,9.86,--,1,986,卖盘
620,13:37:34,9.86,-0.01,20,19720,卖盘
621,13:37:14,9.87,-0.01,23,22701,卖盘
622,13:37:09,9.88,--,4,3952,买盘
623,13:36:49,9.88,0.01,5,4940,买盘
624,13:36:34,9.87,--,8,7895,卖盘
625,13:36:29,9.87,--,35,34545,买盘
626,13:36:24,9.87,--,4,3947,买盘
627,13:36:19,9.87,--,34,33558,卖盘
628,13:36:14,9.87,-0.01,30,29609,卖盘
629,13:36:09,9.88,0.03,4,3952,买盘
630,13:35:54,9.85,--,0,0,卖盘
631,13:35:49,9.85,-0.02,30,29550,卖盘
632,13:35:44,9.87,0.01,50,49349,买盘
633,13:35:34,9.86,-0.01,18,17748,卖盘
634,13:35:29,9.87,--,50,49349,买盘
635,13:35:24,9.87,--,2,1973,买盘
636,13:35:08,9.87,--,5,4935,买盘
637,13:35:04,9.87,0.01,60,59219,买盘
638,13:34:59,9.86,0.01,20,19720,买盘
639,13:34:29,9.85,--,24,23640,买盘
640,13:34:18,9.85,0.01,5,4925,买盘
641,13:34:08,9.84,-0.01,9,8856,卖盘
642,13:34:03,9.85,--,16,15760,买盘
643,13:33:59,9.85,0.02,57,56145,买盘
644,13:33:53,9.83,--,0,0,卖盘
645,13:33:38,9.83,--,0,0,卖盘
646,13:33:23,9.83,--,9,8856,买盘
647,13:33:03,9.83,--,50,49150,买盘
648,13:32:48,9.83,--,18,17694,买盘
649,13:32:13,9.83,--,5,4915,买盘
650,13:31:58,9.83,--,32,31456,买盘
651,13:31:53,9.83,0.01,4,3932,买盘
652,13:31:23,9.82,-0.01,5,4910,卖盘
653,13:30:33,9.83,--,2,1966,买盘
654,13:30:28,9.83,-0.01,6,5898,中性盘
655,13:30:23,9.84,--,2,1968,卖盘
656,13:30:18,9.84,0.01,8,7872,买盘
657,13:30:13,9.83,-0.01,20,19660,卖盘
658,13:30:03,9.84,--,20,19680,买盘
659,13:29:58,9.84,0.01,50,49200,买盘
660,13:29:48,9.83,-0.01,40,39320,卖盘
661,13:29:43,9.84,--,1,984,买盘
662,13:29:33,9.84,--,30,29520,买盘
663,13:29:23,9.84,--,20,19680,买盘
664,13:29:08,9.84,--,7,6888,买盘
665,13:28:38,9.84,--,0,0,买盘
666,13:27:43,9.84,--,2,1968,买盘
667,13:27:23,9.84,0.02,33,32472,买盘
668,13:27:13,9.82,-0.01,10,9820,卖盘
669,13:27:08,9.83,--,3,2949,卖盘
670,13:26:47,9.83,--,5,4915,卖盘
671,13:26:43,9.83,0.01,12,11796,买盘
672,13:26:32,9.82,--,6,5892,卖盘
673,13:26:27,9.82,--,15,14730,卖盘
674,13:26:08,9.82,--,13,12766,卖盘
675,13:25:53,9.82,--,2,1964,卖盘
676,13:25:27,9.82,--,15,14730,买盘
677,13:25:23,9.82,--,3,2946,买盘
678,13:25:17,9.82,--,25,24550,买盘
679,13:25:02,9.82,--,134,131588,卖盘
680,13:24:53,9.82,-0.01,9,8838,卖盘
681,13:24:47,9.83,--,18,17694,买盘
682,13:24:27,9.83,0.01,2,1966,买盘
683,13:24:08,9.82,--,26,25532,卖盘
684,13:23:42,9.82,-0.01,20,19640,卖盘
685,13:23:27,9.83,--,12,11796,买盘
686,13:22:52,9.83,0.01,5,4915,买盘
687,13:22:42,9.82,-0.01,20,19640,卖盘
688,13:22:17,9.83,0.01,10,9830,买盘
689,13:22:12,9.82,--,0,0,卖盘
690,13:21:37,9.82,-0.01,100,98200,卖盘
691,13:21:32,9.83,--,6,5898,买盘
692,13:21:12,9.83,--,4,3932,买盘
693,13:21:02,9.83,0.01,57,56031,买盘
694,13:20:57,9.82,-0.01,13,12766,卖盘
695,13:20:52,9.83,--,6,5898,买盘
696,13:20:42,9.83,--,30,29490,买盘
697,13:20:27,9.83,-0.01,29,28507,卖盘
698,13:20:22,9.84,0.02,10,9840,买盘
699,13:20:11,9.82,--,10,9820,卖盘
700,13:20:02,9.82,-0.01,3,2946,卖盘
701,13:19:47,9.83,--,9,8847,买盘
702,13:19:32,9.83,--,101,99283,卖盘
703,13:19:26,9.83,--,7,6881,卖盘
704,13:19:07,9.83,-0.01,5,4915,卖盘
705,13:18:47,9.84,--,50,49200,买盘
706,13:18:32,9.84,--,5,4920,买盘
707,13:18:16,9.84,--,1,984,买盘
708,13:18:06,9.84,--,0,0,买盘
709,13:17:47,9.84,0.01,106,104304,买盘
710,13:17:36,9.83,--,40,39320,卖盘
711,13:17:16,9.83,-0.01,10,9830,卖盘
712,13:17:11,9.84,--,5,4920,买盘
713,13:17:06,9.84,--,25,24600,买盘
714,13:16:46,9.84,0.01,74,72816,买盘
715,13:16:36,9.83,-0.01,49,48167,卖盘
716,13:15:26,9.84,0.01,10,9840,买盘
717,13:15:21,9.83,--,1,983,卖盘
718,13:15:16,9.83,-0.01,5,4915,卖盘
719,13:15:11,9.84,--,100,98400,买盘
720,13:15:01,9.84,0.01,60,59040,买盘
721,13:14:46,9.83,--,1,983,卖盘
722,13:14:36,9.83,--,26,25558,买盘
723,13:14:26,9.83,--,9,8847,买盘
724,13:14:21,9.83,0.01,3,2949,买盘
725,13:14:06,9.82,--,0,0,卖盘
726,13:13:46,9.82,-0.02,40,39280,卖盘
727,13:13:41,9.84,--,30,29520,买盘
728,13:13:36,9.84,--,30,29520,买盘
729,13:13:26,9.84,0.01,5,4920,买盘
730,13:13:11,9.83,-0.01,57,56031,买盘
731,13:12:56,9.84,--,0,0,买盘
732,13:12:35,9.84,--,5,4920,买盘
733,13:12:11,9.84,--,21,20664,买盘
734,13:12:01,9.84,0.02,6,5904,买盘
735,13:11:40,9.82,-0.02,30,29460,卖盘
736,13:11:31,9.84,--,60,59040,买盘
737,13:11:20,9.84,0.03,10,9840,买盘
738,13:10:55,9.81,--,0,0,卖盘
739,13:10:50,9.81,-0.03,29,28449,卖盘
740,13:10:31,9.84,0.02,111,109224,买盘
741,13:10:25,9.82,--,5,4910,买盘
742,13:10:20,9.82,--,5,4910,买盘
743,13:10:15,9.82,--,2,1964,买盘
744,13:10:11,9.82,--,37,36334,买盘
745,13:09:30,9.82,--,141,138462,买盘
746,13:09:26,9.82,--,5,4910,买盘
747,13:09:20,9.82,--,25,24550,卖盘
748,13:09:15,9.82,-0.01,100,98200,卖盘
749,13:09:10,9.83,--,51,50133,买盘
750,13:09:00,9.83,--,10,9830,买盘
751,13:08:56,9.83,-0.01,5,4915,卖盘
752,13:08:40,9.84,0.01,24,23616,买盘
753,13:08:25,9.83,-0.01,10,9830,卖盘
754,13:08:15,9.84,0.02,2,1968,买盘
755,13:08:00,9.82,--,0,0,卖盘
756,13:07:40,9.82,-0.02,2,1964,卖盘
757,13:07:30,9.84,--,9,8856,买盘
758,13:07:20,9.84,--,1,984,买盘
759,13:07:15,9.84,-0.01,6,5904,卖盘
760,13:07:05,9.85,0.01,10,9850,买盘
761,13:06:55,9.84,--,5,4920,中性盘
762,13:06:30,9.84,--,1,984,买盘
763,13:06:25,9.84,--,4,3936,买盘
764,13:06:15,9.84,0.02,8,7872,中性盘
765,13:05:55,9.82,-0.03,25,24550,卖盘
766,13:05:29,9.85,0.01,15,14775,买盘
767,13:05:14,9.84,--,8,7872,卖盘
768,13:04:59,9.84,0.01,22,21648,买盘
769,13:04:55,9.83,-0.01,79,77657,卖盘
770,13:04:49,9.84,0.01,5,4920,买盘
771,13:04:19,9.83,-0.01,4,3932,卖盘
772,13:03:59,9.84,--,20,19680,买盘
773,13:03:55,9.84,--,62,61008,卖盘
774,13:03:10,9.84,--,5,4920,卖盘
775,13:03:04,9.84,-0.02,1,984,卖盘
776,13:01:44,9.86,0.02,12,11832,买盘
777,13:00:59,9.84,--,21,20664,卖盘
778,13:00:24,9.84,-0.01,85,83640,卖盘
779,13:00:19,9.85,0.02,5,4925,卖盘
780,13:00:09,9.83,--,0,0,卖盘
781,13:00:04,9.83,-0.01,78,76674,卖盘
782,11:30:00,9.84,--,0,0,买盘
783,11:29:59,9.84,--,0,0,买盘
784,11:29:56,9.84,--,10,9840,买盘
785,11:29:41,9.84,--,2,1968,买盘
786,11:29:35,9.84,--,1,984,买盘
787,11:29:31,9.84,0.01,63,61992,买盘
788,11:29:01,9.83,-0.01,20,19660,卖盘
789,11:28:46,9.84,0.01,3,2952,买盘
790,11:28:36,9.83,-0.01,6,5898,卖盘
791,11:28:31,9.84,--,9,8856,买盘
792,11:28:21,9.84,--,20,19680,买盘
793,11:27:59,9.84,--,2,1968,买盘
794,11:27:06,9.84,-0.01,35,34440,卖盘
795,11:26:51,9.85,0.01,9,8865,买盘
796,11:26:10,9.84,--,32,31488,买盘
797,11:25:50,9.84,--,2,1968,买盘
798,11:24:40,9.84,--,18,17712,卖盘
799,11:24:24,9.84,--,10,9840,卖盘
800,11:24:20,9.84,--,0,0,卖盘
801,11:24:05,9.84,--,10,9840,卖盘
802,11:24:00,9.84,--,67,65928,卖盘
803,11:23:55,9.84,--,1,984,卖盘
804,11:23:44,9.84,-0.01,7,6888,卖盘
805,11:23:14,9.85,--,3,2955,买盘
806,11:23:10,9.85,--,3,2955,卖盘
807,11:23:00,9.85,--,1,985,卖盘
808,11:22:55,9.85,--,2,1970,买盘
809,11:22:44,9.85,--,3,2955,买盘
810,11:21:59,9.85,--,5,4925,卖盘
811,11:21:50,9.85,--,2,1970,卖盘
812,11:21:40,9.85,--,1,985,卖盘
813,11:21:35,9.85,--,10,9850,卖盘
814,11:21:23,9.85,--,9,8865,卖盘
815,11:21:00,9.85,--,10,9850,卖盘
816,11:20:54,9.85,0.01,25,24625,买盘
817,11:20:00,9.84,-0.01,11,10824,卖盘
818,11:19:53,9.85,--,28,27580,买盘
819,11:19:44,9.85,0.01,1,985,买盘
820,11:19:38,9.84,-0.01,20,19680,卖盘
821,11:18:54,9.85,--,8,7880,卖盘
822,11:18:44,9.85,--,60,59100,卖盘
823,11:18:34,9.85,--,1,985,卖盘
824,11:18:23,9.85,--,2,1970,卖盘
825,11:17:38,9.85,-0.01,20,19700,卖盘
826,11:17:23,9.86,--,13,12818,卖盘
827,11:17:09,9.86,--,48,47328,买盘
828,11:16:34,9.86,--,4,3944,买盘
829,11:16:29,9.86,--,10,9860,卖盘
830,11:15:44,9.86,--,30,29580,卖盘
831,11:15:34,9.86,--,11,10846,卖盘
832,11:15:23,9.86,--,152,149872,买盘
833,11:15:14,9.86,0.01,6,5916,买盘
834,11:15:09,9.85,-0.01,5,4925,卖盘
835,11:15:04,9.86,--,1,986,买盘
836,11:14:49,9.86,--,1,986,买盘
837,11:14:44,9.86,--,1,986,买盘
838,11:14:38,9.86,--,2,1972,买盘
839,11:14:08,9.86,0.02,5,4930,买盘
840,11:13:59,9.84,--,0,0,卖盘
841,11:13:47,9.84,-0.01,50,49200,卖盘
842,11:13:39,9.85,-0.01,2,1970,卖盘
843,11:13:32,9.86,0.02,5,4930,买盘
844,11:12:38,9.84,--,10,9840,卖盘
845,11:12:03,9.84,--,20,19680,卖盘
846,11:11:47,9.84,--,20,19680,卖盘
847,11:11:43,9.84,--,20,19680,卖盘
848,11:11:17,9.84,--,10,9840,卖盘
849,11:11:02,9.84,-0.02,10,9840,卖盘
850,11:10:32,9.86,0.02,3,2958,买盘
851,11:10:28,9.84,-0.02,1,984,卖盘
852,11:10:13,9.86,--,8,7888,买盘
853,11:10:02,9.86,--,30,29580,买盘
854,11:09:38,9.86,0.02,5,4930,买盘
855,11:09:23,9.84,-0.02,10,9840,卖盘
856,11:09:17,9.86,0.02,1,986,买盘
857,11:09:12,9.84,-0.02,94,92496,卖盘
858,11:08:43,9.86,0.01,30,29580,买盘
859,11:08:32,9.85,-0.01,4,3940,卖盘
860,11:08:28,9.86,0.01,2,1972,买盘
861,11:08:13,9.85,--,12,11820,卖盘
862,11:08:08,9.85,--,10,9850,卖盘
863,11:08:02,9.85,--,1,985,卖盘
864,11:07:43,9.85,-0.01,5,4925,卖盘
865,11:07:28,9.86,0.01,1,986,买盘
866,11:07:13,9.85,-0.01,5,4925,卖盘
867,11:07:02,9.86,--,54,53244,买盘
868,11:06:47,9.86,0.01,10,9860,买盘
869,11:06:23,9.85,0.01,4,3940,买盘
870,11:06:02,9.84,-0.01,3,2952,卖盘
871,11:05:56,9.85,--,10,9850,买盘
872,11:05:47,9.85,0.01,20,19700,买盘
873,11:05:26,9.84,--,3,2952,买盘
874,11:05:17,9.84,--,3,2952,买盘
875,11:05:02,9.84,--,16,15744,买盘
876,11:04:56,9.84,--,2,1968,买盘
877,11:04:47,9.84,--,10,9840,买盘
878,11:04:32,9.84,--,0,0,买盘
879,11:04:26,9.84,--,38,37392,买盘
880,11:04:21,9.84,--,6,5904,买盘
881,11:04:17,9.84,0.01,6,5904,买盘
882,11:04:11,9.83,0.03,81,80114,买盘
883,11:04:07,9.8,--,115,112700,买盘
884,11:04:02,9.8,0.01,40,39200,买盘
885,11:03:56,9.79,-0.01,1,978,卖盘
886,11:03:52,9.8,--,22,21560,买盘
887,11:03:41,9.8,-0.01,63,62230,卖盘
888,11:03:32,9.81,0.01,14,13734,买盘
889,11:03:26,9.8,--,21,20580,卖盘
890,11:03:17,9.8,--,10,9800,卖盘
891,11:02:56,9.8,--,300,294000,卖盘
892,11:02:52,9.8,--,86,84280,卖盘
893,11:02:47,9.8,--,32,31360,卖盘
894,11:02:37,9.8,-0.01,10,9800,卖盘
895,11:02:17,9.81,--,5,4905,买盘
896,11:02:11,9.81,-0.03,20,19620,卖盘
897,11:02:07,9.84,0.02,34,33456,买盘
898,11:01:47,9.82,--,8,7856,卖盘
899,11:01:41,9.82,--,0,0,卖盘
900,11:01:26,9.82,--,25,24550,买盘
901,11:01:22,9.82,--,2,1964,买盘
902,11:01:11,9.82,--,4,3928,卖盘
903,11:01:07,9.82,--,30,29460,卖盘
904,11:01:02,9.82,-0.01,80,78560,卖盘
905,11:00:51,9.83,0.01,25,24575,买盘
906,11:00:47,9.82,--,5,4910,卖盘
907,11:00:11,9.82,--,0,0,卖盘
908,11:00:02,9.82,--,3,2946,卖盘
909,10:59:56,9.82,--,57,55974,买盘
910,10:59:41,9.82,0.02,2,1964,买盘
911,10:59:35,9.8,--,3,2940,卖盘
912,10:59:31,9.8,--,10,9800,卖盘
913,10:59:26,9.8,-0.02,13,12740,卖盘
914,10:58:56,9.82,--,18,17676,买盘
915,10:58:35,9.82,0.02,62,60884,买盘
916,10:58:26,9.8,-0.02,3,2940,卖盘
917,10:57:56,9.82,--,31,30442,买盘
918,10:57:50,9.82,--,7,6874,买盘
919,10:57:41,9.82,--,2,1964,买盘
920,10:57:26,9.82,--,5,4910,买盘
921,10:57:20,9.82,-0.01,143,140426,卖盘
922,10:57:16,9.83,--,4,3932,卖盘
923,10:57:11,9.83,0.01,46,45218,买盘
924,10:57:05,9.82,-0.01,8,7856,卖盘
925,10:57:01,9.83,0.01,10,9830,买盘
926,10:56:56,9.82,--,1,982,卖盘
927,10:56:45,9.82,--,35,34370,买盘
928,10:56:35,9.82,--,10,9820,买盘
929,10:56:31,9.82,0.02,40,39280,买盘
930,10:56:26,9.8,--,1,980,卖盘
931,10:56:20,9.8,--,5,4900,卖盘
932,10:56:16,9.8,--,38,37730,买盘
933,10:56:11,9.8,--,36,35280,买盘
934,10:56:05,9.8,0.01,5,4900,买盘
935,10:56:01,9.79,0.01,10,9790,卖盘
936,10:55:46,9.78,-0.02,10,9780,卖盘
937,10:55:41,9.8,0.01,16,15680,买盘
938,10:55:35,9.79,--,60,58739,买盘
939,10:55:31,9.79,--,106,103773,买盘
940,10:55:26,9.79,--,19,18601,买盘
941,10:55:20,9.79,0.01,20,19580,买盘
942,10:55:16,9.78,--,32,31295,卖盘
943,10:55:05,9.78,0.01,21,20538,卖盘
944,10:55:01,9.77,-0.01,208,203460,卖盘
945,10:54:56,9.78,--,8,7823,买盘
946,10:54:50,9.78,0.01,29,28361,买盘
947,10:54:46,9.77,--,20,19540,卖盘
948,10:54:35,9.77,--,115,112355,买盘
949,10:54:31,9.77,--,116,113332,买盘
950,10:54:26,9.77,--,13,12701,买盘
951,10:54:20,9.77,--,135,131895,买盘
952,10:54:16,9.77,-0.01,73,71321,卖盘
953,10:54:05,9.78,--,33,32273,买盘
954,10:54:01,9.78,--,26,25428,买盘
955,10:53:56,9.78,--,8,7823,买盘
956,10:53:50,9.78,-0.01,244,238631,卖盘
957,10:53:45,9.79,0.01,34,33286,买盘
958,10:53:41,9.78,-0.01,1,977,卖盘
959,10:53:35,9.79,0.01,3,2936,买盘
960,10:53:30,9.78,-0.01,184,179952,卖盘
961,10:53:26,9.79,-0.01,57,55802,卖盘
962,10:53:20,9.8,--,50,49000,买盘
963,10:53:15,9.8,--,21,20580,买盘
964,10:53:05,9.8,--,6,5880,买盘
965,10:52:59,9.8,--,3,2940,买盘
966,10:52:55,9.8,--,27,26460,买盘
967,10:52:50,9.8,-0.03,2327,2280950,卖盘
968,10:52:44,9.83,--,126,123858,买盘
969,10:52:25,9.83,0.02,10,9830,买盘
970,10:52:20,9.81,--,116,113796,卖盘
971,10:52:14,9.81,-0.01,46,45126,卖盘
972,10:52:05,9.82,0.01,14,13748,买盘
973,10:51:59,9.81,--,10,10300,卖盘
974,10:51:50,9.81,--,325,318825,卖盘
975,10:51:44,9.81,-0.01,22,21582,卖盘
976,10:51:40,9.82,--,10,9820,卖盘
977,10:51:35,9.82,0.01,48,47136,买盘
978,10:51:29,9.81,-0.01,43,42183,卖盘
979,10:51:25,9.82,--,15,14730,买盘
980,10:51:20,9.82,--,16,15712,买盘
981,10:51:14,9.82,0.01,20,19640,买盘
982,10:51:10,9.81,-0.01,50,49050,卖盘
983,10:50:59,9.82,--,92,90344,买盘
984,10:50:55,9.82,--,57,55974,卖盘
985,10:50:50,9.82,-0.01,60,58920,卖盘
986,10:50:44,9.83,0.01,8,7864,买盘
987,10:50:40,9.82,--,27,26514,卖盘
988,10:50:35,9.82,--,72,70704,卖盘
989,10:50:25,9.82,-0.01,13,12766,卖盘
990,10:50:10,9.83,--,30,29490,买盘
991,10:50:05,9.83,--,10,9830,买盘
992,10:49:54,9.83,--,30,29490,卖盘
993,10:49:44,9.83,--,25,24575,买盘
994,10:49:40,9.83,0.01,7,6881,买盘
995,10:49:35,9.82,-0.01,10,9820,卖盘
996,10:49:29,9.83,--,5,4915,买盘
997,10:49:24,9.83,--,31,30473,买盘
998,10:49:10,9.83,0.01,10,9830,买盘
999,10:49:05,9.82,-0.01,5,4910,卖盘
1000,10:48:55,9.83,--,12,11796,买盘
1001,10:48:50,9.83,0.01,10,9830,买盘
1002,10:48:44,9.82,--,7,6874,卖盘
1003,10:48:35,9.82,--,2,1964,买盘
1004,10:48:29,9.82,--,5,4910,卖盘
1005,10:48:25,9.82,--,2,1964,卖盘
1006,10:47:59,9.82,--,10,9820,卖盘
1007,10:47:55,9.82,--,516,506712,买盘
1008,10:47:50,9.82,--,1,982,买盘
1009,10:47:44,9.82,--,110,108020,买盘
1010,10:47:40,9.82,--,4,3928,买盘
1011,10:47:29,9.82,--,8,7856,买盘
1012,10:47:23,9.82,--,2,1964,买盘
1013,10:47:19,9.82,0.01,2,1964,买盘
1014,10:47:14,9.81,-0.01,429,420849,卖盘
1015,10:47:08,9.82,-0.01,474,465468,卖盘
1016,10:47:04,9.83,-0.01,103,101249,卖盘
1017,10:46:59,9.84,--,4,3936,买盘
1018,10:46:53,9.84,--,1,984,买盘
1019,10:46:50,9.84,0.02,5,4920,买盘
1020,10:46:38,9.82,-0.01,310,304420,卖盘
1021,10:46:29,9.83,--,100,98300,卖盘
1022,10:46:23,9.83,--,30,29490,卖盘
1023,10:46:04,9.83,-0.01,1,983,卖盘
1024,10:45:59,9.84,--,297,292248,买盘
1025,10:45:49,9.84,-0.01,26,25584,卖盘
1026,10:45:34,9.85,0.01,10,9850,买盘
1027,10:45:29,9.84,--,30,29520,卖盘
1028,10:45:23,9.84,-0.01,16,15744,卖盘
1029,10:45:19,9.85,--,2,1970,卖盘
1030,10:45:04,9.85,--,0,0,中性盘
1031,10:44:59,9.85,--,21,20685,买盘
1032,10:44:49,9.85,0.01,3,2955,买盘
1033,10:44:29,9.84,-0.01,35,34440,卖盘
1034,10:44:23,9.85,--,2,1970,买盘
1035,10:44:19,9.85,--,2,1970,买盘
1036,10:44:14,9.85,-0.01,442,435370,卖盘
1037,10:44:04,9.86,--,2,1972,卖盘
1038,10:43:59,9.86,--,1,986,买盘
1039,10:43:53,9.86,-0.01,35,34510,卖盘
1040,10:43:44,9.87,0.01,3,2960,买盘
1041,10:43:38,9.86,--,20,19720,卖盘
1042,10:43:23,9.86,--,90,88740,卖盘
1043,10:43:08,9.86,--,7,6902,卖盘
1044,10:42:49,9.86,--,20,19720,卖盘
1045,10:42:38,9.86,-0.01,30,29580,卖盘
1046,10:42:23,9.87,--,2,1973,买盘
1047,10:42:14,9.87,--,206,203321,卖盘
1048,10:42:03,9.87,--,40,39480,卖盘
1049,10:41:49,9.87,-0.01,6,5921,卖盘
1050,10:41:38,9.88,--,1,988,买盘
1051,10:41:19,9.88,--,24,23712,买盘
1052,10:40:59,9.88,--,193,190684,卖盘
1053,10:40:44,9.88,-0.01,30,29640,卖盘
1054,10:40:14,9.89,--,1,989,买盘
1055,10:40:08,9.89,0.01,1,989,买盘
1056,10:40:02,9.88,--,0,0,卖盘
1057,10:39:53,9.88,-0.01,193,190684,卖盘
1058,10:39:38,9.89,--,6,5934,买盘
1059,10:39:32,9.89,--,1,989,买盘
1060,10:39:28,9.89,--,87,86043,买盘
1061,10:39:02,9.89,0.01,110,108790,买盘
1062,10:38:53,9.88,--,10,9880,卖盘
1063,10:38:47,9.88,--,61,60268,卖盘
1064,10:38:38,9.88,--,30,29640,卖盘
1065,10:38:32,9.88,--,30,29640,卖盘
1066,10:38:28,9.88,--,10,9880,卖盘
1067,10:38:17,9.88,0.01,28,27664,买盘
1068,10:38:08,9.87,--,71,70077,卖盘
1069,10:38:02,9.87,-0.01,2,1973,卖盘
1070,10:37:53,9.88,0.01,4,3952,买盘
1071,10:37:43,9.87,--,13,12830,卖盘
1072,10:37:13,9.87,--,7,6908,买盘
1073,10:37:08,9.87,--,114,112517,买盘
1074,10:37:02,9.87,--,22,21714,卖盘
1075,10:36:43,9.87,-0.01,48,47375,卖盘
1076,10:36:32,9.88,0.01,28,27664,买盘
1077,10:36:17,9.87,--,70,69090,卖盘
1078,10:36:07,9.87,-0.01,1,986,卖盘
1079,10:35:52,9.88,--,10,9880,买盘
1080,10:35:43,9.88,--,15,14820,买盘
1081,10:35:37,9.88,--,17,16796,买盘
1082,10:35:32,9.88,--,35,34580,买盘
1083,10:35:28,9.88,--,6,5928,买盘
1084,10:35:17,9.88,--,20,19760,买盘
1085,10:35:13,9.88,--,1,988,买盘
1086,10:34:53,9.88,0.02,2,1976,买盘
1087,10:34:47,9.86,-0.02,60,59160,卖盘
1088,10:34:43,9.88,--,3,2964,买盘
1089,10:34:32,9.88,0.01,16,15808,买盘
1090,10:34:17,9.87,-0.01,20,19740,中性盘
1091,10:34:02,9.88,0.02,10,9880,买盘
1092,10:33:58,9.86,--,3,2958,买盘
1093,10:33:47,9.86,-0.01,189,186354,卖盘
1094,10:33:41,9.87,0.01,4,3947,卖盘
1095,10:33:37,9.86,--,0,0,卖盘
1096,10:33:23,9.86,-0.01,20,19720,卖盘
1097,10:33:17,9.87,--,1,986,买盘
1098,10:33:11,9.87,--,52,51323,买盘
1099,10:33:08,9.87,--,25,24674,买盘
1100,10:33:02,9.87,--,2,1973,买盘
1101,10:32:56,9.87,0.01,20,19740,买盘
1102,10:32:47,9.86,--,30,29580,卖盘
1103,10:32:41,9.86,-0.01,3,2958,卖盘
1104,10:32:37,9.87,--,5,4935,买盘
1105,10:32:32,9.87,0.01,79,77973,买盘
1106,10:32:26,9.86,-0.01,31,30566,卖盘
1107,10:32:22,9.87,--,10,9870,买盘
1108,10:32:11,9.87,--,101,99686,卖盘
1109,10:31:47,9.87,-0.01,4,3947,卖盘
1110,10:31:32,9.88,-0.01,20,19760,买盘
1111,10:31:26,9.89,--,0,0,买盘
1112,10:31:22,9.89,0.01,54,53406,买盘
1113,10:31:17,9.88,-0.01,101,99788,卖盘
1114,10:30:47,9.89,0.01,1,989,买盘
1115,10:30:41,9.88,--,35,34580,卖盘
1116,10:30:26,9.88,-0.01,1,988,卖盘
1117,10:30:11,9.89,--,5,4945,买盘
1118,10:30:07,9.89,-0.01,108,106812,卖盘
1119,10:30:01,9.9,0.01,23,22770,买盘
1120,10:29:52,9.89,-0.01,25,24725,卖盘
1121,10:29:41,9.9,--,53,52470,买盘
1122,10:29:37,9.9,0.01,2,1980,买盘
1123,10:29:26,9.89,--,20,19780,卖盘
1124,10:29:11,9.89,0.01,62,61318,买盘
1125,10:28:56,9.88,-0.01,18,17784,卖盘
1126,10:28:52,9.89,--,5,4945,买盘
1127,10:28:46,9.89,--,14,13846,买盘
1128,10:28:41,9.89,--,24,23736,买盘
1129,10:28:37,9.89,--,7,6923,买盘
1130,10:28:26,9.89,0.01,33,32637,买盘
1131,10:28:07,9.88,--,33,32604,买盘
1132,10:28:01,9.88,--,6,5928,买盘
1133,10:27:56,9.88,--,20,19760,买盘
1134,10:27:41,9.88,--,9,8892,买盘
1135,10:27:37,9.88,0.01,5,4940,买盘
1136,10:27:26,9.87,--,10,9870,卖盘
1137,10:27:22,9.87,--,70,69090,买盘
1138,10:27:11,9.87,0.02,6,5921,买盘
1139,10:26:46,9.85,-0.01,15,14775,卖盘
1140,10:26:35,9.86,0.01,19,18734,买盘
1141,10:26:20,9.85,-0.01,3,2955,卖盘
1142,10:26:05,9.86,0.01,10,9860,买盘
1143,10:25:56,9.85,--,24,23640,买盘
1144,10:25:46,9.85,0.01,36,35460,卖盘
1145,10:25:31,9.84,--,0,0,卖盘
1146,10:25:26,9.84,-0.01,103,101352,卖盘
1147,10:25:20,9.85,--,6,6008,买盘
1148,10:25:11,9.85,--,200,197000,买盘
1149,10:24:56,9.85,--,2,1970,买盘
1150,10:24:46,9.85,--,20,19700,买盘
1151,10:24:41,9.85,--,10,9850,买盘
1152,10:24:35,9.85,--,1,985,买盘
1153,10:24:31,9.85,0.01,1,985,买盘
1154,10:24:26,9.84,-0.01,306,301104,卖盘
1155,10:24:16,9.85,--,1,985,买盘
1156,10:24:11,9.85,--,613,603805,买盘
1157,10:24:05,9.85,--,24,23640,买盘
1158,10:24:01,9.85,--,10,9850,买盘
1159,10:23:56,9.85,0.01,31,30535,买盘
1160,10:23:50,9.84,-0.01,10,9840,卖盘
1161,10:23:46,9.85,--,2,1970,买盘
1162,10:23:41,9.85,--,15,14775,买盘
1163,10:23:35,9.85,--,55,54175,买盘
1164,10:23:31,9.85,0.01,9,8865,买盘
1165,10:23:26,9.84,-0.01,2,1968,卖盘
1166,10:23:20,9.85,0.01,3,2955,买盘
1167,10:23:10,9.84,--,13,12792,卖盘
1168,10:22:55,9.84,-0.01,6,5904,卖盘
1169,10:22:50,9.85,--,46,45310,买盘
1170,10:22:46,9.85,--,10,9850,买盘
1171,10:22:40,9.85,--,21,20685,买盘
1172,10:22:31,9.85,0.02,4,3940,买盘
1173,10:22:25,9.83,--,0,0,卖盘
1174,10:22:20,9.83,--,12,11796,卖盘
1175,10:22:16,9.83,--,14,13762,卖盘
1176,10:22:05,9.83,-0.01,28,27524,卖盘
1177,10:22:01,9.84,--,5,4920,买盘
1178,10:21:55,9.84,0.01,10,9840,买盘
1179,10:21:35,9.83,--,5,4915,卖盘
1180,10:21:31,9.83,-0.01,7,6881,卖盘
1181,10:21:20,9.84,--,272,267648,买盘
1182,10:21:16,9.84,--,23,22632,买盘
1183,10:21:10,9.84,0.01,7,6888,买盘
1184,10:21:05,9.83,-0.01,1,983,卖盘
1185,10:21:01,9.84,0.01,42,41328,买盘
1186,10:20:50,9.83,-0.01,51,50133,卖盘
1187,10:20:46,9.84,--,2,1968,卖盘
1188,10:20:35,9.84,--,57,56088,中性盘
1189,10:20:31,9.84,0.01,5,4920,买盘
1190,10:20:25,9.83,--,6,5898,卖盘
1191,10:20:15,9.83,-0.02,14,13762,卖盘
1192,10:20:05,9.85,0.02,12,11820,买盘
1193,10:20:01,9.83,-0.01,3,2949,卖盘
1194,10:19:50,9.84,0.01,69,67896,买盘
1195,10:19:44,9.83,--,22,21626,卖盘
1196,10:19:40,9.83,-0.01,25,24575,卖盘
1197,10:19:35,9.84,0.01,22,21648,买盘
1198,10:19:29,9.83,--,22,21626,卖盘
1199,10:19:25,9.83,--,29,28507,卖盘
1200,10:19:20,9.83,--,151,148433,卖盘
1201,10:19:14,9.83,--,6,5898,卖盘
1202,10:19:10,9.83,-0.01,2,1966,卖盘
1203,10:19:05,9.84,0.01,2,1968,买盘
1204,10:18:59,9.83,--,65,63895,卖盘
1205,10:18:55,9.83,-0.01,60,58980,卖盘
1206,10:18:50,9.84,--,1,984,买盘
1207,10:18:44,9.84,--,28,27552,卖盘
1208,10:18:40,9.84,--,10,9840,卖盘
1209,10:18:35,9.84,-0.01,50,49200,卖盘
1210,10:18:29,9.85,0.01,5,4925,买盘
1211,10:18:20,9.84,-0.01,6,5904,卖盘
1212,10:18:14,9.85,--,21,20685,买盘
1213,10:18:05,9.85,-0.01,180,178038,卖盘
1214,10:17:59,9.86,--,37,36482,买盘
1215,10:17:55,9.86,--,401,395386,买盘
1216,10:17:44,9.86,--,15,14790,卖盘
1217,10:17:35,9.86,-0.01,103,101558,卖盘
1218,10:17:29,9.87,--,20,19740,买盘
1219,10:17:04,9.87,--,3,2960,买盘
1220,10:16:59,9.87,0.01,24,23687,买盘
1221,10:16:50,9.86,--,4,3944,卖盘
1222,10:16:40,9.86,--,14,13804,卖盘
1223,10:16:25,9.86,--,5,4930,卖盘
1224,10:16:19,9.86,--,16,15776,买盘
1225,10:16:10,9.86,--,2,1972,中性盘
1226,10:16:04,9.86,--,0,0,中性盘
1227,10:15:59,9.86,-0.01,6,5916,卖盘
1228,10:15:55,9.87,--,5,4935,卖盘
1229,10:15:44,9.87,--,3,2960,买盘
1230,10:15:40,9.87,--,10,9870,买盘
1231,10:15:29,9.87,-0.01,21,20727,买盘
1232,10:15:19,9.88,0.01,31,30628,买盘
1233,10:15:14,9.87,-0.01,1,986,中性盘
1234,10:15:04,9.88,0.01,102,100776,买盘
1235,10:14:59,9.87,--,5,4935,买盘
1236,10:14:55,9.87,-0.01,69,68428,卖盘
1237,10:14:44,9.88,0.01,27,26676,买盘
1238,10:14:40,9.87,--,5,4935,卖盘
1239,10:14:29,9.87,--,100,98699,卖盘
1240,10:14:25,9.87,-0.01,2,1973,卖盘
1241,10:14:19,9.88,0.01,1,988,卖盘
1242,10:14:14,9.87,-0.01,15,14804,卖盘
1243,10:14:10,9.88,--,31,31289,买盘
1244,10:13:59,9.88,--,23,22724,买盘
1245,10:13:54,9.88,--,31,30628,买盘
1246,10:13:49,9.88,0.01,4,3952,买盘
1247,10:13:44,9.87,--,20,19740,卖盘
1248,10:13:39,9.87,--,6,5921,卖盘
1249,10:13:29,9.87,0.02,42,41454,买盘
1250,10:13:14,9.85,--,0,0,卖盘
1251,10:13:09,9.85,--,24,23640,卖盘
1252,10:12:59,9.85,--,10,9850,卖盘
1253,10:12:49,9.85,--,359,353861,买盘
1254,10:12:44,9.85,--,16,15760,买盘
1255,10:12:39,9.85,0.01,68,66980,买盘
1256,10:12:34,9.84,--,7,6888,卖盘
1257,10:12:29,9.84,-0.01,32,31488,卖盘
1258,10:12:23,9.85,--,3,2955,买盘
1259,10:12:19,9.85,0.01,5,4925,买盘
1260,10:12:14,9.84,-0.01,74,72816,卖盘
1261,10:12:08,9.85,--,19,18715,买盘
1262,10:11:59,9.85,0.02,43,42355,买盘
1263,10:11:49,9.83,--,0,0,卖盘
1264,10:11:44,9.83,-0.01,145,142535,卖盘
1265,10:11:38,9.84,--,19,18696,买盘
1266,10:11:34,9.84,0.01,28,27552,买盘
1267,10:11:29,9.83,-0.01,17,16711,卖盘
1268,10:11:23,9.84,--,22,21648,买盘
1269,10:11:19,9.84,0.01,22,21648,买盘
1270,10:11:14,9.83,--,80,78640,卖盘
1271,10:11:08,9.83,-0.01,16,15728,卖盘
1272,10:11:04,9.84,--,3,2952,买盘
1273,10:10:53,9.84,0.01,13,12792,买盘
1274,10:10:49,9.83,--,12,11796,卖盘
1275,10:10:44,9.83,--,182,178906,买盘
1276,10:10:38,9.83,--,54,53082,买盘
1277,10:10:29,9.83,--,60,58980,买盘
1278,10:10:23,9.83,0.01,74,72742,买盘
1279,10:10:19,9.82,0.01,5,4910,中性盘
1280,10:10:14,9.81,--,56,54936,卖盘
1281,10:10:08,9.81,-0.01,108,105948,卖盘
1282,10:10:04,9.82,0.01,16,15712,买盘
1283,10:09:58,9.81,-0.01,11,10791,卖盘
1284,10:09:53,9.82,-0.01,42,41244,卖盘
1285,10:09:49,9.83,--,328,322424,买盘
1286,10:09:43,9.83,--,30,29490,买盘
1287,10:09:38,9.83,0.03,25,24575,买盘
1288,10:09:34,9.8,-0.03,1910,1871800,卖盘
1289,10:09:28,9.83,-0.01,122,119926,卖盘
1290,10:09:23,9.84,0.01,13,12792,买盘
1291,10:09:19,9.83,-0.02,11,10813,卖盘
1292,10:09:08,9.85,0.01,39,38415,买盘
1293,10:09:04,9.84,-0.01,6,5904,中性盘
1294,10:08:58,9.85,0.01,40,39400,买盘
1295,10:08:53,9.84,-0.01,45,44280,卖盘
1296,10:08:49,9.85,--,96,94560,买盘
1297,10:08:43,9.85,--,10,9850,买盘
1298,10:08:38,9.85,--,79,77815,买盘
1299,10:08:33,9.85,--,145,142825,卖盘
1300,10:08:28,9.85,--,7,6895,卖盘
1301,10:08:23,9.85,--,9,8865,卖盘
1302,10:08:19,9.85,--,16,15760,卖盘
1303,10:08:08,9.85,--,4,3940,卖盘
1304,10:08:03,9.85,-0.01,76,74860,卖盘
1305,10:07:53,9.86,0.01,50,49300,卖盘
1306,10:07:49,9.85,--,44,43340,卖盘
1307,10:07:43,9.85,--,14,13790,卖盘
1308,10:07:38,9.85,--,30,29550,卖盘
1309,10:07:33,9.85,--,34,33490,卖盘
1310,10:07:28,9.85,-0.01,5,4925,卖盘
1311,10:07:23,9.86,0.01,57,56202,买盘
1312,10:07:18,9.85,--,21,20685,卖盘
1313,10:07:13,9.85,--,30,29550,卖盘
1314,10:07:08,9.85,-0.01,64,63040,卖盘
1315,10:07:03,9.86,--,175,172550,买盘
1316,10:06:53,9.86,-0.01,70,69020,卖盘
1317,10:06:48,9.87,--,105,103634,买盘
1318,10:06:43,9.87,--,10,9870,买盘
1319,10:06:38,9.87,--,50,49349,卖盘
1320,10:06:33,9.87,-0.01,64,63167,卖盘
1321,10:06:28,9.88,--,28,27664,买盘
1322,10:06:23,9.88,--,105,103740,卖盘
1323,10:06:13,9.88,--,13,12844,卖盘
1324,10:06:08,9.88,--,22,21736,卖盘
1325,10:06:03,9.88,--,69,68172,买盘
1326,10:05:58,9.88,--,5,4940,买盘
1327,10:05:53,9.88,--,80,79040,买盘
1328,10:05:43,9.88,0.01,28,27664,买盘
1329,10:05:38,9.87,0.01,25,24674,买盘
1330,10:05:23,9.86,0.01,51,50286,买盘
1331,10:05:17,9.85,--,56,55160,卖盘
1332,10:05:08,9.85,--,11,10835,卖盘
1333,10:05:02,9.85,--,47,46295,买盘
1334,10:04:58,9.85,--,36,35460,买盘
1335,10:04:53,9.85,--,38,37430,买盘
1336,10:04:43,9.85,--,125,123125,卖盘
1337,10:04:37,9.85,--,338,332930,买盘
1338,10:04:32,9.85,--,59,58115,买盘
1339,10:04:28,9.85,--,40,39400,买盘
1340,10:04:23,9.85,0.02,38,37430,买盘
1341,10:04:17,9.83,-0.02,17,16711,卖盘
1342,10:04:13,9.85,--,3,2955,买盘
1343,10:04:08,9.85,0.04,28,27580,中性盘
1344,10:04:02,9.81,-0.03,643,630783,卖盘
1345,10:03:53,9.84,-0.02,13,12792,卖盘
1346,10:03:47,9.86,0.01,30,29580,买盘
1347,10:03:43,9.85,-0.01,12,11820,中性盘
1348,10:03:37,9.86,--,8,7888,买盘
1349,10:03:32,9.86,0.06,1,986,买盘
1350,10:03:28,9.8,-0.06,501,490980,卖盘
1351,10:03:22,9.86,-0.02,79,77894,卖盘
1352,10:03:17,9.88,--,4,3952,买盘
1353,10:03:13,9.88,--,41,40508,买盘
1354,10:03:07,9.88,0.02,1,988,买盘
1355,10:03:02,9.86,-0.03,40,39440,卖盘
1356,10:02:58,9.89,0.09,67,66263,买盘
1357,10:02:52,9.8,-0.09,1000,980000,卖盘
1358,10:02:47,9.89,--,6,5934,买盘
1359,10:02:43,9.89,--,130,128570,卖盘
1360,10:02:37,9.89,0.03,128,126592,买盘
1361,10:02:32,9.86,-0.03,619,610334,卖盘
1362,10:02:28,9.89,--,32,31648,买盘
1363,10:02:17,9.89,-0.01,77,76153,卖盘
1364,10:02:13,9.9,0.01,157,155430,买盘
1365,10:02:07,9.89,-0.01,27,26703,卖盘
1366,10:02:02,9.9,--,16,15840,买盘
1367,10:01:58,9.9,--,33,32670,买盘
1368,10:01:47,9.9,--,472,467280,卖盘
1369,10:01:42,9.9,--,31,30690,卖盘
1370,10:01:37,9.9,--,15,14850,卖盘
1371,10:01:32,9.9,--,291,288090,卖盘
1372,10:01:27,9.9,-0.01,131,129690,卖盘
1373,10:01:22,9.91,0.01,15,14865,买盘
1374,10:01:17,9.9,--,197,195030,卖盘
1375,10:01:12,9.9,-0.01,86,85140,卖盘
1376,10:01:07,9.91,0.01,10,9910,买盘
1377,10:01:02,9.9,-0.02,130,128700,卖盘
1378,10:00:58,9.92,-0.01,15,14880,卖盘
1379,10:00:52,9.93,--,0,0,买盘
1380,10:00:47,9.93,-0.01,105,104265,卖盘
1381,10:00:42,9.94,-0.01,7,6958,卖盘
1382,10:00:37,9.95,--,30,29849,买盘
1383,10:00:27,9.95,--,172,171140,卖盘
1384,10:00:12,9.95,-0.01,147,146265,卖盘
1385,10:00:02,9.96,--,47,46812,卖盘
1386,09:59:57,9.96,-0.01,21,20916,卖盘
1387,09:59:52,9.97,0.01,35,34895,买盘
1388,09:59:47,9.96,-0.01,43,42828,卖盘
1389,09:59:37,9.97,--,7,6979,卖盘
1390,09:59:32,9.97,--,114,113658,卖盘
1391,09:59:27,9.97,--,13,12961,卖盘
1392,09:59:17,9.97,--,0,0,卖盘
1393,09:59:12,9.97,-0.01,21,20937,卖盘
1394,09:59:02,9.98,--,80,79840,卖盘
1395,09:58:57,9.98,--,7,6986,卖盘
1396,09:58:47,9.98,0.01,13,12974,卖盘
1397,09:58:42,9.97,--,50,49850,卖盘
1398,09:58:37,9.97,--,76,75772,卖盘
1399,09:58:32,9.97,--,13,12961,卖盘
1400,09:58:26,9.97,--,40,39880,卖盘
1401,09:58:17,9.97,--,52,51844,卖盘
1402,09:58:11,9.97,--,11,10967,卖盘
1403,09:58:02,9.97,-0.01,31,30907,卖盘
1404,09:57:56,9.98,-0.01,12,12724,卖盘
1405,09:57:52,9.99,--,79,78921,买盘
1406,09:57:47,9.99,--,21,20979,买盘
1407,09:57:41,9.99,0.01,76,75924,买盘
1408,09:57:26,9.98,-0.01,4,3992,卖盘
1409,09:57:17,9.99,0.01,10,9990,买盘
1410,09:57:11,9.98,-0.01,19,18962,卖盘
1411,09:57:01,9.99,--,31,30969,买盘
1412,09:56:56,9.99,--,25,24975,买盘
1413,09:56:52,9.99,0.01,33,32967,买盘
1414,09:56:37,9.98,--,31,30938,卖盘
1415,09:56:31,9.98,--,15,15219,买盘
1416,09:56:26,9.98,--,40,39920,买盘
1417,09:56:22,9.98,--,5,4990,买盘
1418,09:56:16,9.98,--,2,1996,买盘
1419,09:56:06,9.98,--,11,10978,买盘
1420,09:56:01,9.98,--,27,26946,买盘
1421,09:55:56,9.98,0.01,58,58632,买盘
1422,09:55:52,9.97,--,82,81754,卖盘
1423,09:55:41,9.97,0.01,15,15204,买盘
1424,09:55:37,9.96,-0.01,25,24900,卖盘
1425,09:55:31,9.97,0.01,6,5982,买盘
1426,09:55:26,9.96,-0.01,32,31872,卖盘
1427,09:55:16,9.97,--,5,4985,买盘
1428,09:55:07,9.97,0.01,13,12961,买盘
1429,09:54:56,9.96,-0.01,11,10956,买盘
1430,09:54:51,9.97,--,0,0,买盘
1431,09:54:46,9.97,0.01,24,23928,买盘
1432,09:54:41,9.96,--,3,2988,卖盘
1433,09:54:36,9.96,0.01,4,3984,中性盘
1434,09:54:26,9.95,--,20,19900,卖盘
1435,09:54:21,9.95,-0.01,4,3979,卖盘
1436,09:54:11,9.96,--,3,2988,卖盘
1437,09:54:06,9.96,-0.01,185,184260,卖盘
1438,09:54:01,9.97,--,2,1994,买盘
1439,09:53:56,9.97,--,26,25922,买盘
1440,09:53:51,9.97,--,5,4985,买盘
1441,09:53:46,9.97,--,53,52841,买盘
1442,09:53:41,9.97,--,20,19940,卖盘
1443,09:53:36,9.97,-0.01,38,37886,卖盘
1444,09:53:31,9.98,0.01,26,25948,买盘
1445,09:53:26,9.97,-0.01,4,3988,卖盘
1446,09:53:11,9.98,0.01,47,46906,买盘
1447,09:53:06,9.97,-0.01,9,8973,卖盘
1448,09:52:56,9.98,--,33,32934,买盘
1449,09:52:51,9.98,--,3,2994,买盘
1450,09:52:46,9.98,--,6,5988,买盘
1451,09:52:41,9.98,--,6,5988,买盘
1452,09:52:36,9.98,-0.01,158,157684,卖盘
1453,09:52:31,9.99,--,20,19980,买盘
1454,09:52:26,9.99,--,36,35964,买盘
1455,09:52:21,9.99,0.01,25,24975,买盘
1456,09:52:16,9.98,--,19,18962,卖盘
1457,09:52:11,9.98,-0.01,13,12974,卖盘
1458,09:51:56,9.99,--,4,3996,买盘
1459,09:51:51,9.99,-0.01,96,95904,卖盘
1460,09:51:41,10.0,--,12,12000,卖盘
1461,09:51:36,10.0,--,23,23000,卖盘
1462,09:51:26,10.0,--,47,47000,买盘
1463,09:51:10,10.0,0.01,33,33000,买盘
1464,09:51:01,9.99,-0.02,25,24975,卖盘
1465,09:50:56,10.01,--,0,0,买盘
1466,09:50:50,10.01,0.01,4,4004,买盘
1467,09:50:46,10.0,--,18,18000,卖盘
1468,09:50:35,10.0,--,23,23000,卖盘
1469,09:50:31,10.0,--,21,21000,卖盘
1470,09:50:20,10.0,-0.01,153,153000,卖盘
1471,09:50:16,10.01,--,5,5005,卖盘
1472,09:50:05,10.01,--,2,2002,卖盘
1473,09:50:01,10.01,--,18,18018,卖盘
1474,09:49:55,10.01,--,1,1001,卖盘
1475,09:49:50,10.01,--,13,13013,卖盘
1476,09:49:46,10.01,--,15,15015,卖盘
1477,09:49:35,10.01,--,38,38038,卖盘
1478,09:49:30,10.01,--,1,1001,卖盘
1479,09:49:20,10.01,--,0,0,卖盘
1480,09:49:16,10.01,-0.01,47,47047,卖盘
1481,09:49:05,10.02,--,100,100200,卖盘
1482,09:49:01,10.02,--,47,47094,卖盘
1483,09:48:50,10.02,-0.01,5,5010,卖盘
1484,09:48:35,10.03,0.01,6,6018,买盘
1485,09:48:30,10.02,-0.01,15,15030,卖盘
1486,09:48:20,10.03,--,6,6018,卖盘
1487,09:48:15,10.03,-0.01,12,12036,卖盘
1488,09:48:00,10.04,--,68,68272,卖盘
1489,09:47:50,10.04,-0.01,20,20080,卖盘
1490,09:47:45,10.05,0.01,1,1005,买盘
1491,09:47:35,10.04,-0.01,263,264052,卖盘
1492,09:47:30,10.05,-0.01,57,57285,卖盘
1493,09:47:15,10.06,--,297,299616,卖盘
1494,09:47:10,10.06,--,13,13078,卖盘
1495,09:47:05,10.06,--,18,18108,卖盘
1496,09:47:00,10.06,--,42,42755,卖盘
1497,09:46:55,10.06,--,3,3018,卖盘
1498,09:46:50,10.06,--,79,79474,卖盘
1499,09:46:45,10.06,--,9,9054,卖盘
1500,09:46:35,10.06,-0.01,22,22132,卖盘
1501,09:46:20,10.07,0.01,24,24168,买盘
1502,09:46:15,10.06,--,13,13078,卖盘
1503,09:46:09,10.06,--,1,1006,卖盘
1504,09:45:45,10.06,--,30,30180,卖盘
1505,09:45:40,10.06,--,1,1006,卖盘
1506,09:45:35,10.06,--,56,56336,卖盘
1507,09:45:30,10.06,-0.01,15,15090,卖盘
1508,09:45:20,10.07,--,30,30210,买盘
1509,09:45:09,10.07,--,6,6042,买盘
1510,09:45:05,10.07,--,1,1007,中性盘
1511,09:45:00,10.07,--,176,177232,卖盘
1512,09:44:55,10.07,--,46,46322,卖盘
1513,09:44:50,10.07,--,40,40280,卖盘
1514,09:44:45,10.07,--,73,73511,卖盘
1515,09:44:35,10.07,0.01,157,158099,买盘
1516,09:44:19,10.06,-0.01,25,25150,卖盘
1517,09:44:14,10.07,0.01,15,15105,买盘
1518,09:43:59,10.06,--,1,1006,卖盘
1519,09:43:44,10.06,-0.01,14,14084,卖盘
1520,09:43:29,10.07,--,97,97679,卖盘
1521,09:43:14,10.07,--,16,16112,卖盘
1522,09:43:09,10.07,0.01,99,99693,买盘
1523,09:42:59,10.06,--,20,20120,卖盘
1524,09:42:54,10.06,--,34,34204,卖盘
1525,09:42:44,10.06,--,56,56336,卖盘
1526,09:42:29,10.06,-0.01,62,62372,卖盘
1527,09:42:24,10.07,0.01,5,5035,买盘
1528,09:42:19,10.06,-0.01,77,77462,卖盘
1529,09:42:14,10.07,--,37,37259,买盘
1530,09:41:44,10.07,--,12,12084,买盘
1531,09:41:34,10.07,--,12,12084,卖盘
1532,09:41:29,10.07,-0.01,84,84588,卖盘
1533,09:41:24,10.08,0.01,261,263088,买盘
1534,09:41:14,10.07,--,81,81567,买盘
1535,09:41:09,10.07,--,9,9063,买盘
1536,09:40:59,10.07,--,10,10070,买盘
1537,09:40:54,10.07,0.01,7,7049,买盘
1538,09:40:49,10.06,-0.01,4,4024,卖盘
1539,09:40:44,10.07,--,16,16112,买盘
1540,09:40:39,10.07,--,41,41287,买盘
1541,09:40:34,10.07,-0.01,4,4028,卖盘
1542,09:40:29,10.08,--,62,62496,买盘
1543,09:40:24,10.08,0.02,41,41328,买盘
1544,09:40:18,10.06,-0.01,75,75450,卖盘
1545,09:40:14,10.07,--,30,30210,卖盘
1546,09:39:59,10.07,0.01,19,19133,买盘
1547,09:39:54,10.06,-0.01,2,2012,卖盘
1548,09:39:48,10.07,--,7,7049,买盘
1549,09:39:44,10.07,--,30,30210,买盘
1550,09:39:39,10.07,--,20,20140,买盘
1551,09:39:29,10.07,--,30,30210,买盘
1552,09:39:24,10.07,-0.01,46,46322,买盘
1553,09:39:18,10.08,--,0,0,买盘
1554,09:39:14,10.08,0.01,66,66528,买盘
1555,09:39:09,10.07,-0.01,77,77539,卖盘
1556,09:39:03,10.08,0.01,3,3024,买盘
1557,09:38:59,10.07,--,34,34238,卖盘
1558,09:38:54,10.07,--,78,78546,卖盘
1559,09:38:48,10.07,--,1,1007,卖盘
1560,09:38:44,10.07,0.01,70,70490,买盘
1561,09:38:39,10.06,-0.01,104,104624,卖盘
1562,09:38:33,10.07,--,100,100700,买盘
1563,09:38:29,10.07,--,6,6042,卖盘
1564,09:38:24,10.07,--,119,119833,买盘
1565,09:38:14,10.07,--,10,10070,买盘
1566,09:38:09,10.07,0.01,46,46322,中性盘
1567,09:37:59,10.06,--,86,87190,卖盘
1568,09:37:54,10.06,--,136,136816,卖盘
1569,09:37:48,10.06,--,20,20120,卖盘
1570,09:37:39,10.06,--,82,82492,买盘
1571,09:37:33,10.06,0.01,3,3018,买盘
1572,09:37:28,10.05,--,20,20100,卖盘
1573,09:37:24,10.05,-0.01,3,3015,卖盘
1574,09:37:13,10.06,0.01,18,18108,买盘
1575,09:37:09,10.05,-0.01,77,77385,卖盘
1576,09:36:58,10.06,0.01,13,13078,买盘
1577,09:36:54,10.05,--,55,55275,买盘
1578,09:36:48,10.05,--,46,46230,买盘
1579,09:36:43,10.05,--,1,1005,卖盘
1580,09:36:38,10.05,--,9,9045,买盘
1581,09:36:28,10.05,0.01,2,2010,买盘
1582,09:36:23,10.04,-0.01,10,10040,卖盘
1583,09:36:18,10.05,0.01,9,9045,买盘
1584,09:36:13,10.04,-0.03,9,9036,卖盘
1585,09:36:08,10.07,0.02,254,255778,买盘
1586,09:36:03,10.05,--,76,76380,买盘
1587,09:35:58,10.05,--,2,2010,买盘
1588,09:35:53,10.05,--,2,2010,买盘
1589,09:35:48,10.05,--,20,20100,买盘
1590,09:35:38,10.05,0.01,3,3015,买盘
1591,09:35:33,10.04,-0.01,12,12047,卖盘
1592,09:35:28,10.05,--,1,1005,买盘
1593,09:35:23,10.05,0.01,31,31155,买盘
1594,09:35:18,10.04,--,73,73292,买盘
1595,09:35:13,10.04,--,15,15059,买盘
1596,09:35:08,10.04,--,134,134536,买盘
1597,09:35:03,10.04,--,0,0,买盘
1598,09:34:53,10.04,0.01,26,26103,买盘
1599,09:34:38,10.03,0.01,63,63188,买盘
1600,09:34:33,10.02,-0.01,5,5010,卖盘
1601,09:34:23,10.03,0.01,23,23069,买盘
1602,09:34:08,10.02,0.01,144,144288,买盘
1603,09:34:03,10.01,0.01,201,201201,买盘
1604,09:33:53,10.0,-0.01,327,327000,卖盘
1605,09:33:48,10.01,--,81,81081,卖盘
1606,09:33:38,10.01,0.01,20,20020,买盘
1607,09:33:33,10.0,--,58,58000,卖盘
1608,09:33:28,10.0,--,29,29000,卖盘
1609,09:33:13,10.0,-0.01,6,6000,卖盘
1610,09:33:08,10.01,--,15,15015,买盘
1611,09:33:03,10.01,--,62,62062,买盘
1612,09:32:57,10.01,--,12,12012,买盘
1613,09:32:53,10.01,--,11,11011,买盘
1614,09:32:38,10.01,-0.01,4,4004,卖盘
1615,09:32:33,10.02,0.01,19,19038,买盘
1616,09:32:23,10.01,--,10,10010,卖盘
1617,09:32:03,10.01,-0.01,10,10010,卖盘
1618,09:31:57,10.02,--,4,4008,买盘
1619,09:31:53,10.02,0.01,2,2004,买盘
1620,09:31:48,10.01,-0.01,5,5005,买盘
1621,09:31:42,10.02,--,3,3006,买盘
1622,09:31:23,10.02,0.01,30,30060,买盘
1623,09:31:18,10.01,--,0,0,买盘
1624,09:31:08,10.01,-0.01,4,4004,卖盘
1625,09:31:03,10.02,0.01,21,21042,买盘
1626,09:30:53,10.01,-0.01,6,6006,卖盘
1627,09:30:48,10.02,-0.01,6,6012,卖盘
1628,09:30:42,10.03,0.01,15,15044,买盘
1629,09:30:33,10.02,--,6,6012,卖盘
1630,09:30:22,10.02,0.02,76,76152,买盘
1631,09:30:18,10.0,-0.02,1,1000,中性盘
1632,09:30:07,10.02,--,58,58116,买盘
1633,09:30:03,10.02,-0.01,12,12024,中性盘
1634,09:28:51,10.03,--,0,0,买盘
1635,09:25:07,10.03,10.03,84,84252,买盘
