,time,price,change,volume,amount,type
0,15:00:00,4.34,--,0,0,买盘
1,15:00:00,4.34,--,0,0,买盘
2,14:59:57,4.34,--,155,67270,买盘
3,14:59:52,4.34,--,31,13454,买盘
4,14:59:47,4.34,--,140,60760,买盘
5,14:59:42,4.34,0.01,231,100254,买盘
6,14:59:37,4.33,-0.01,60,25980,卖盘
7,14:59:32,4.34,--,29,12586,买盘
8,14:59:27,4.34,--,131,56854,买盘
9,14:59:22,4.34,--,467,202678,买盘
10,14:59:12,4.34,0.01,1,434,买盘
11,14:59:07,4.33,-0.01,57,24681,卖盘
12,14:58:57,4.34,0.01,16,6944,买盘
13,14:58:52,4.33,--,32,13856,卖盘
14,14:58:47,4.33,-0.01,20,8660,卖盘
15,14:58:42,4.34,--,4,1736,买盘
16,14:58:37,4.34,--,110,47740,买盘
17,14:58:32,4.34,0.01,5,2170,买盘
18,14:58:27,4.33,-0.01,5,2165,卖盘
19,14:58:22,4.34,0.01,25,10850,买盘
20,14:58:17,4.33,--,3,1299,卖盘
21,14:58:12,4.33,--,10,4330,卖盘
22,14:58:07,4.33,--,72,31176,卖盘
23,14:57:52,4.33,--,271,117343,买盘
24,14:57:41,4.33,--,10,4330,买盘
25,14:57:37,4.33,0.01,90,38970,买盘
26,14:57:27,4.32,--,1,432,卖盘
27,14:57:22,4.32,-0.01,143,61776,卖盘
28,14:57:17,4.33,--,421,182293,买盘
29,14:57:12,4.33,--,21,9093,买盘
30,14:57:01,4.33,--,72,31176,卖盘
31,14:56:56,4.33,--,46,19918,买盘
32,14:56:52,4.33,--,2,866,买盘
33,14:56:41,4.33,--,10,4330,买盘
34,14:56:37,4.33,--,88,38104,卖盘
35,14:56:32,4.33,--,110,47630,卖盘
36,14:56:27,4.33,--,100,43300,卖盘
37,14:56:17,4.33,--,22,9526,卖盘
38,14:56:11,4.33,--,31,13423,卖盘
39,14:56:07,4.33,--,119,51527,买盘
40,14:56:02,4.33,-0.01,10,4330,买盘
41,14:55:51,4.34,--,0,0,买盘
42,14:55:41,4.34,0.02,1,434,买盘
43,14:55:37,4.32,-0.02,50,21600,卖盘
44,14:55:26,4.34,--,10,4340,买盘
45,14:55:21,4.34,--,19,8246,买盘
46,14:55:16,4.34,--,23,9982,买盘
47,14:55:06,4.34,--,4,1736,买盘
48,14:55:01,4.34,--,50,21700,买盘
49,14:54:51,4.34,--,0,0,买盘
50,14:54:31,4.34,-0.01,49,21400,中性盘
51,14:54:26,4.35,0.03,3027,1316745,买盘
52,14:54:11,4.32,--,4,1728,买盘
53,14:54:06,4.32,--,1,432,买盘
54,14:53:56,4.32,0.01,163,70416,买盘
55,14:53:46,4.31,-0.01,22,9482,卖盘
56,14:53:41,4.32,0.01,200,86400,买盘
57,14:53:31,4.31,--,61,26290,卖盘
58,14:53:26,4.31,--,10,4310,卖盘
59,14:53:06,4.31,--,51,21980,卖盘
60,14:53:01,4.31,--,5,2155,卖盘
61,14:52:51,4.31,--,44,18964,买盘
62,14:52:46,4.31,--,166,71546,买盘
63,14:52:36,4.31,--,34,14653,买盘
64,14:52:31,4.31,--,19,8188,买盘
65,14:52:21,4.31,--,34,14653,买盘
66,14:52:16,4.31,--,41,17671,卖盘
67,14:52:06,4.31,-0.01,14,6033,卖盘
68,14:52:01,4.32,0.01,20,8640,买盘
69,14:51:56,4.31,--,50,21549,卖盘
70,14:51:36,4.31,--,19,8188,买盘
71,14:51:31,4.31,0.01,24,10343,买盘
72,14:51:21,4.3,-0.01,18,7740,卖盘
73,14:51:16,4.31,--,2,861,买盘
74,14:51:01,4.31,--,2,861,卖盘
75,14:50:56,4.31,--,4,1723,卖盘
76,14:50:45,4.31,--,212,91371,卖盘
77,14:50:40,4.31,--,84,36204,买盘
78,14:50:36,4.31,0.01,10,4310,买盘
79,14:50:30,4.3,-0.01,18,7740,卖盘
80,14:50:25,4.31,--,354,152574,买盘
81,14:50:15,4.31,--,70,30169,买盘
82,14:50:11,4.31,0.01,83,35773,买盘
83,14:50:00,4.3,-0.01,3,1290,卖盘
84,14:49:56,4.31,--,112,48271,买盘
85,14:49:50,4.31,0.01,70,30169,买盘
86,14:49:35,4.3,-0.01,45,19350,卖盘
87,14:49:30,4.31,--,43,18533,买盘
88,14:49:26,4.31,0.01,46,19826,买盘
89,14:49:10,4.3,--,10,4300,卖盘
90,14:48:50,4.3,-0.01,24,10320,卖盘
91,14:48:40,4.31,0.01,25,10774,买盘
92,14:48:30,4.3,-0.01,2,860,卖盘
93,14:48:25,4.31,0.01,34,14653,买盘
94,14:48:10,4.3,-0.01,3,1290,卖盘
95,14:48:05,4.31,--,15,6788,买盘
96,14:47:45,4.31,0.01,4,1723,买盘
97,14:47:30,4.3,--,1,430,卖盘
98,14:47:25,4.3,-0.01,1,430,卖盘
99,14:47:05,4.31,--,50,21549,买盘
100,14:46:55,4.31,--,30,12929,买盘
101,14:46:45,4.31,0.01,2,861,买盘
102,14:46:40,4.3,--,212,91160,卖盘
103,14:46:30,4.3,-0.01,45,19350,卖盘
104,14:46:10,4.31,--,74,31893,买盘
105,14:45:55,4.31,--,10,4310,买盘
106,14:45:50,4.31,--,126,54305,买盘
107,14:45:40,4.31,--,21,9051,买盘
108,14:45:35,4.31,--,61,26290,买盘
109,14:45:30,4.31,--,46,19826,买盘
110,14:45:15,4.31,--,5,2155,买盘
111,14:45:10,4.31,0.01,1,430,买盘
112,14:44:55,4.3,--,5,2150,卖盘
113,14:44:45,4.3,--,106,45580,卖盘
114,14:44:20,4.3,-0.01,70,30100,卖盘
115,14:44:09,4.31,0.01,20,8620,买盘
116,14:44:05,4.3,--,184,79120,卖盘
117,14:44:00,4.3,--,12,5160,卖盘
118,14:43:54,4.3,--,752,323360,卖盘
119,14:43:45,4.3,-0.01,200,86000,卖盘
120,14:43:39,4.31,--,64,27583,买盘
121,14:43:19,4.31,0.01,11,4741,卖盘
122,14:43:09,4.3,--,0,0,卖盘
123,14:43:04,4.3,-0.01,116,49880,卖盘
124,14:42:59,4.31,--,61,26290,卖盘
125,14:42:49,4.31,--,33,14222,买盘
126,14:42:39,4.31,--,66,28445,买盘
127,14:42:35,4.31,0.01,158,68098,买盘
128,14:42:24,4.3,-0.01,1,430,卖盘
129,14:42:19,4.31,--,112,48271,买盘
130,14:42:04,4.31,-0.01,96,41375,卖盘
131,14:41:54,4.32,0.01,16,6912,买盘
132,14:41:39,4.31,--,68,29307,买盘
133,14:41:29,4.31,-0.01,46,19826,卖盘
134,14:41:19,4.32,0.01,1,432,买盘
135,14:41:04,4.31,-0.01,8,3447,卖盘
136,14:40:54,4.32,0.01,12,5184,买盘
137,14:40:49,4.31,--,83,35773,买盘
138,14:40:34,4.31,-0.01,78,33618,卖盘
139,14:40:09,4.32,--,2,864,买盘
140,14:39:49,4.32,--,58,25056,买盘
141,14:39:24,4.32,--,376,162432,买盘
142,14:39:19,4.32,--,1,432,买盘
143,14:38:39,4.32,--,1,432,买盘
144,14:38:24,4.32,0.01,30,12960,买盘
145,14:38:19,4.31,-0.01,20,8620,卖盘
146,14:38:09,4.32,0.01,267,115344,买盘
147,14:37:54,4.31,-0.01,528,227567,卖盘
148,14:37:48,4.32,0.01,18,7776,买盘
149,14:37:39,4.31,--,0,232,卖盘
150,14:37:33,4.31,-0.01,200,86199,卖盘
151,14:36:58,4.32,0.01,15,6480,买盘
152,14:36:53,4.31,--,30,12929,卖盘
153,14:36:39,4.31,--,5,2155,卖盘
154,14:36:24,4.31,-0.01,1,430,卖盘
155,14:36:18,4.32,-0.01,3,1296,中性盘
156,14:36:09,4.33,0.01,108,46764,买盘
157,14:35:58,4.32,--,473,204336,买盘
158,14:35:54,4.32,--,3,1296,买盘
159,14:35:33,4.32,--,8,3456,买盘
160,14:35:18,4.32,--,20,8640,买盘
161,14:35:13,4.32,--,100,43200,买盘
162,14:34:38,4.32,0.01,25,10800,买盘
163,14:34:33,4.31,--,205,88354,卖盘
164,14:34:18,4.31,-0.01,28,12067,卖盘
165,14:34:03,4.32,0.01,31,13392,买盘
166,14:33:33,4.31,-0.01,5,2155,卖盘
167,14:33:28,4.32,--,610,263520,买盘
168,14:33:23,4.32,0.01,15,6480,买盘
169,14:33:18,4.31,-0.01,205,88354,卖盘
170,14:33:08,4.32,--,125,54000,买盘
171,14:32:18,4.32,0.01,75,32400,买盘
172,14:31:58,4.31,--,30,12929,卖盘
173,14:31:53,4.31,--,405,174554,买盘
174,14:31:43,4.31,--,80,34480,买盘
175,14:31:33,4.31,--,30,12929,买盘
176,14:31:13,4.31,0.01,20,8620,买盘
177,14:30:58,4.3,--,1,430,卖盘
178,14:30:38,4.3,-0.01,6,2580,卖盘
179,14:30:27,4.31,--,57,24566,买盘
180,14:30:13,4.31,--,7,3016,买盘
181,14:29:57,4.31,0.01,1,430,买盘
182,14:29:17,4.3,--,3,1290,卖盘
183,14:29:12,4.3,--,5,2150,卖盘
184,14:28:57,4.3,-0.01,6,2580,卖盘
185,14:28:52,4.31,0.01,2,861,买盘
186,14:28:42,4.3,--,20,8600,卖盘
187,14:28:17,4.3,--,53,22790,卖盘
188,14:28:12,4.3,--,18,7740,卖盘
189,14:28:07,4.3,-0.01,200,86000,卖盘
190,14:27:57,4.31,0.01,10,4310,买盘
191,14:27:27,4.3,-0.01,10,4300,卖盘
192,14:27:07,4.31,--,39,16809,卖盘
193,14:27:02,4.31,--,30,12929,卖盘
194,14:26:57,4.31,--,85,36635,卖盘
195,14:26:52,4.31,-0.01,13,5602,卖盘
196,14:26:42,4.32,0.01,17,7344,买盘
197,14:26:37,4.31,-0.01,40,17240,卖盘
198,14:26:22,4.32,0.01,150,64800,买盘
199,14:26:12,4.31,--,20,8620,卖盘
200,14:26:07,4.31,-0.01,25,10774,卖盘
201,14:26:02,4.32,0.01,8,3456,买盘
202,14:25:52,4.31,--,10,4310,卖盘
203,14:25:42,4.31,--,10,4310,卖盘
204,14:25:37,4.31,-0.01,10,4310,卖盘
205,14:25:27,4.32,--,2,864,买盘
206,14:25:17,4.32,--,3,1296,买盘
207,14:25:12,4.32,--,35,15120,卖盘
208,14:25:07,4.32,-0.01,10,4320,卖盘
209,14:24:57,4.33,0.01,37,16021,买盘
210,14:24:52,4.32,--,10,4320,卖盘
211,14:24:42,4.32,--,110,47520,买盘
212,14:24:37,4.32,0.01,50,21600,买盘
213,14:24:27,4.31,-0.01,13,5602,卖盘
214,14:24:21,4.32,--,10,4320,买盘
215,14:23:57,4.32,0.01,121,52272,买盘
216,14:23:52,4.31,--,63,27152,买盘
217,14:23:36,4.31,--,13,5602,买盘
218,14:23:27,4.31,0.01,25,10774,买盘
219,14:23:16,4.3,--,9,3870,买盘
220,14:23:11,4.3,--,734,315620,买盘
221,14:23:06,4.3,--,780,335400,买盘
222,14:23:01,4.3,--,9,3870,买盘
223,14:22:51,4.3,--,281,120830,买盘
224,14:22:41,4.3,--,383,164690,买盘
225,14:22:26,4.3,--,967,415810,买盘
226,14:22:21,4.3,--,10,4300,买盘
227,14:22:16,4.3,--,183,78690,买盘
228,14:21:56,4.3,0.01,20,8600,买盘
229,14:21:41,4.29,--,691,296439,买盘
230,14:21:36,4.29,--,105,45045,买盘
231,14:21:26,4.29,--,86,36894,买盘
232,14:21:21,4.29,--,26,11154,买盘
233,14:21:11,4.29,0.01,4,1716,买盘
234,14:21:01,4.28,--,52,22256,买盘
235,14:20:56,4.28,--,29,12412,买盘
236,14:20:51,4.28,--,14,5992,买盘
237,14:20:46,4.28,--,12,5136,买盘
238,14:20:41,4.28,--,7,2996,买盘
239,14:20:36,4.28,--,507,216996,买盘
240,14:20:31,4.28,--,0,0,买盘
241,14:20:21,4.28,--,7,2996,买盘
242,14:20:16,4.28,--,9,3852,买盘
243,14:20:06,4.28,0.02,10,4280,买盘
244,14:19:06,4.26,-0.01,175,74550,卖盘
245,14:19:01,4.27,-0.01,98,41845,卖盘
246,14:18:46,4.28,--,32,13696,买盘
247,14:18:31,4.28,--,5,2140,买盘
248,14:18:15,4.28,--,65,27820,卖盘
249,14:17:46,4.28,--,35,14980,买盘
250,14:17:35,4.28,--,15,6420,卖盘
251,14:17:30,4.28,-0.01,100,42800,卖盘
252,14:17:26,4.29,0.01,2,858,买盘
253,14:17:20,4.28,-0.01,170,72760,卖盘
254,14:17:05,4.29,--,59,25311,买盘
255,14:17:00,4.29,0.01,2,858,买盘
256,14:16:35,4.28,--,10,4280,卖盘
257,14:16:30,4.28,-0.01,1,428,卖盘
258,14:16:25,4.29,0.01,10,4290,买盘
259,14:16:20,4.28,--,100,42800,卖盘
260,14:15:50,4.28,-0.01,70,29960,卖盘
261,14:15:20,4.29,--,300,128700,买盘
262,14:15:15,4.29,--,4,1716,买盘
263,14:15:00,4.29,--,477,204633,卖盘
264,14:14:45,4.29,--,45,19305,卖盘
265,14:14:20,4.29,--,86,36894,卖盘
266,14:14:15,4.29,-0.01,20,8580,卖盘
267,14:14:00,4.3,0.01,105,45150,买盘
268,14:13:40,4.29,--,10,4290,卖盘
269,14:13:30,4.29,--,1437,616473,买盘
270,14:13:20,4.29,0.01,5,2145,买盘
271,14:13:10,4.28,--,114,48792,卖盘
272,14:13:00,4.28,--,35,14980,卖盘
273,14:12:55,4.28,--,80,34240,卖盘
274,14:12:30,4.28,--,25,10700,卖盘
275,14:12:15,4.28,-0.01,12,5136,卖盘
276,14:11:34,4.29,--,1,429,买盘
277,14:11:25,4.29,--,13,5577,买盘
278,14:11:10,4.29,--,100,42900,买盘
279,14:10:39,4.29,0.01,100,42900,买盘
280,14:10:15,4.28,--,98,41944,买盘
281,14:10:09,4.28,--,31,13268,买盘
282,14:10:04,4.28,--,16,6848,买盘
283,14:09:54,4.28,--,50,21400,买盘
284,14:09:15,4.28,--,150,64200,买盘
285,14:09:04,4.28,--,72,30816,买盘
286,14:08:59,4.28,0.01,14,5992,买盘
287,14:08:19,4.27,--,1,426,卖盘
288,14:08:14,4.27,--,4,1707,买盘
289,14:08:09,4.27,--,62,26473,买盘
290,14:08:04,4.27,--,5,2135,买盘
291,14:07:39,4.27,--,2,853,买盘
292,14:07:24,4.27,--,5,2135,买盘
293,14:07:09,4.27,--,29,12382,卖盘
294,14:06:14,4.27,--,23,9820,买盘
295,14:05:59,4.27,--,2,853,买盘
296,14:05:54,4.27,-0.01,37,15798,卖盘
297,14:05:39,4.28,--,5,2140,买盘
298,14:05:29,4.28,--,26,11128,买盘
299,14:04:49,4.28,--,124,53072,买盘
300,14:04:39,4.28,--,19,8132,买盘
301,14:04:34,4.28,0.01,64,27392,买盘
302,14:04:24,4.27,-0.01,61,26046,卖盘
303,14:04:14,4.28,--,2,856,买盘
304,14:03:49,4.28,--,5,2140,买盘
305,14:03:43,4.28,--,55,23540,卖盘
306,14:03:39,4.28,-0.01,1,428,卖盘
307,14:03:33,4.29,0.01,20,8580,买盘
308,14:03:19,4.28,--,318,136104,买盘
309,14:03:09,4.28,-0.01,20,8560,中性盘
310,14:03:03,4.29,0.01,603,258687,买盘
311,14:02:54,4.28,--,100,42800,买盘
312,14:02:38,4.28,0.01,59,25252,买盘
313,14:02:23,4.27,--,38,16225,买盘
314,14:02:18,4.27,0.01,12,5123,买盘
315,14:02:08,4.26,--,1,426,卖盘
316,14:02:03,4.26,--,110,46860,买盘
317,14:01:58,4.26,0.01,318,135468,买盘
318,14:01:53,4.25,-0.01,616,261800,卖盘
319,14:01:48,4.26,--,137,58362,买盘
320,14:01:38,4.26,--,75,31950,买盘
321,14:01:33,4.26,--,13,5538,买盘
322,14:01:28,4.26,--,20,8520,买盘
323,14:01:18,4.26,0.01,128,54638,买盘
324,14:01:13,4.25,--,174,73950,买盘
325,14:01:08,4.25,--,349,148325,买盘
326,14:01:02,4.25,--,421,178925,买盘
327,14:00:58,4.25,--,71,30175,买盘
328,14:00:53,4.25,--,150,63750,买盘
329,14:00:48,4.25,--,105,44625,买盘
330,14:00:42,4.25,--,105,44625,买盘
331,14:00:38,4.25,--,187,79475,买盘
332,14:00:32,4.25,--,367,155975,买盘
333,14:00:28,4.25,--,124,52700,买盘
334,14:00:23,4.25,--,267,113475,买盘
335,14:00:18,4.25,-0.02,614,261341,卖盘
336,14:00:13,4.27,0.01,413,176350,买盘
337,14:00:08,4.26,--,37,15762,买盘
338,14:00:02,4.26,--,60,25560,买盘
339,13:59:53,4.26,0.01,444,189144,买盘
340,13:59:28,4.25,--,91,38709,买盘
341,13:59:23,4.25,--,383,162775,买盘
342,13:59:17,4.25,--,60,25500,买盘
343,13:59:08,4.25,0.01,100,42500,买盘
344,13:59:02,4.24,-0.01,164,69536,卖盘
345,13:58:58,4.25,--,500,212500,买盘
346,13:58:53,4.25,--,10,4250,买盘
347,13:58:47,4.25,--,2,850,买盘
348,13:58:43,4.25,0.01,113,48025,买盘
349,13:58:38,4.24,-0.01,300,127200,卖盘
350,13:58:32,4.25,--,1,425,买盘
351,13:58:28,4.25,--,240,102391,卖盘
352,13:58:23,4.25,--,1043,443275,卖盘
353,13:58:17,4.25,-0.01,300,127500,卖盘
354,13:58:13,4.26,0.01,102,43452,买盘
355,13:58:08,4.25,-0.01,358,152150,卖盘
356,13:58:02,4.26,--,27,11502,买盘
357,13:57:58,4.26,--,60,25560,买盘
358,13:57:53,4.26,0.01,7,2982,买盘
359,13:57:38,4.25,--,194,82484,买盘
360,13:57:27,4.25,--,3,1275,买盘
361,13:57:23,4.25,--,1000,425000,买盘
362,13:57:17,4.25,--,100,42500,买盘
363,13:57:12,4.25,--,206,87550,买盘
364,13:56:42,4.25,--,466,198050,买盘
365,13:56:32,4.25,--,9,3825,买盘
366,13:56:22,4.25,--,5,2125,买盘
367,13:56:17,4.25,--,20,8500,买盘
368,13:56:12,4.25,--,27,11475,买盘
369,13:56:07,4.25,--,33,14025,买盘
370,13:55:56,4.25,--,454,192950,买盘
371,13:55:47,4.25,--,10,4250,买盘
372,13:55:41,4.25,--,8,3400,买盘
373,13:55:37,4.25,--,92,39100,买盘
374,13:55:32,4.25,--,47,19975,买盘
375,13:55:26,4.25,--,105,44625,卖盘
376,13:55:17,4.25,--,45,19125,买盘
377,13:55:11,4.25,--,301,127925,买盘
378,13:55:07,4.25,--,680,289000,买盘
379,13:54:56,4.25,--,12,5100,买盘
380,13:54:47,4.25,--,20,8500,买盘
381,13:54:37,4.25,--,121,51425,买盘
382,13:54:32,4.25,--,5,2125,买盘
383,13:54:26,4.25,--,50,21250,买盘
384,13:54:22,4.25,--,25,10625,买盘
385,13:54:17,4.25,--,30,12750,买盘
386,13:54:11,4.25,--,45,19125,买盘
387,13:54:06,4.25,--,5,2125,买盘
388,13:53:56,4.25,--,20,8500,买盘
389,13:53:52,4.25,--,24,10200,买盘
390,13:53:47,4.25,--,103,43775,买盘
391,13:53:41,4.25,--,25,10625,买盘
392,13:53:36,4.25,--,132,56100,买盘
393,13:53:32,4.25,--,6,2550,买盘
394,13:53:26,4.25,--,32,13600,买盘
395,13:53:21,4.25,--,329,139825,卖盘
396,13:53:17,4.25,--,500,212500,卖盘
397,13:52:56,4.25,--,1442,612850,买盘
398,13:52:52,4.25,--,13,5525,买盘
399,13:52:32,4.25,--,10,4250,买盘
400,13:52:26,4.25,--,5,2125,买盘
401,13:52:11,4.25,--,10,4250,买盘
402,13:52:02,4.25,--,28,11900,买盘
403,13:51:51,4.25,--,13,5525,买盘
404,13:51:32,4.25,0.01,8,3400,买盘
405,13:51:26,4.24,--,200,84800,卖盘
406,13:51:11,4.24,--,5,2120,卖盘
407,13:50:47,4.24,-0.01,15,6360,卖盘
408,13:50:32,4.25,0.01,1,425,买盘
409,13:50:27,4.24,-0.01,50,21200,卖盘
410,13:49:56,4.25,--,298,126650,卖盘
411,13:49:51,4.25,--,20,8500,卖盘
412,13:49:46,4.25,--,630,267750,卖盘
413,13:49:41,4.25,--,355,150875,卖盘
414,13:49:36,4.25,--,200,85000,卖盘
415,13:49:11,4.25,--,300,127500,卖盘
416,13:49:06,4.25,--,203,86275,买盘
417,13:48:56,4.25,--,71,30175,买盘
418,13:48:51,4.25,--,1004,426700,买盘
419,13:48:41,4.25,--,38,16150,买盘
420,13:48:16,4.25,--,592,251600,卖盘
421,13:48:11,4.25,--,46,19550,卖盘
422,13:48:05,4.25,--,7,2975,卖盘
423,13:48:01,4.25,0.02,365,155125,买盘
424,13:47:50,4.23,-0.01,50,21150,卖盘
425,13:47:41,4.24,-0.01,419,177656,卖盘
426,13:47:35,4.25,--,3,1275,买盘
427,13:47:20,4.25,--,10,4250,买盘
428,13:47:05,4.25,-0.01,305,129625,卖盘
429,13:46:56,4.26,0.01,4,1704,买盘
430,13:46:41,4.25,--,77,32725,卖盘
431,13:46:35,4.25,0.02,8,3400,买盘
432,13:46:31,4.23,--,0,0,卖盘
433,13:46:26,4.23,--,0,0,卖盘
434,13:46:20,4.23,-0.01,197,83749,卖盘
435,13:46:11,4.24,--,188,79712,买盘
436,13:46:05,4.24,--,118,50032,买盘
437,13:46:00,4.24,--,89,37736,买盘
438,13:45:56,4.24,--,192,81408,买盘
439,13:45:50,4.24,--,1090,462160,买盘
440,13:45:45,4.24,--,923,391352,卖盘
441,13:45:41,4.24,-0.01,200,84800,卖盘
442,13:45:35,4.25,--,131,55675,买盘
443,13:45:26,4.25,--,326,138550,买盘
444,13:45:20,4.25,--,56,23800,买盘
445,13:45:15,4.25,0.01,30,12750,买盘
446,13:45:10,4.24,-0.01,50,21200,卖盘
447,13:45:05,4.25,--,180,76500,买盘
448,13:45:01,4.25,--,10,4250,买盘
449,13:44:56,4.25,--,52,22100,买盘
450,13:44:50,4.25,--,28,11900,买盘
451,13:44:45,4.25,--,50,21250,买盘
452,13:44:35,4.25,--,39,16575,买盘
453,13:44:30,4.25,--,75,31875,买盘
454,13:44:26,4.25,--,5,2125,买盘
455,13:44:20,4.25,--,7,2975,买盘
456,13:44:15,4.25,--,4,1700,买盘
457,13:44:11,4.25,--,65,27625,买盘
458,13:44:05,4.25,--,3,1275,买盘
459,13:44:00,4.25,--,3,1275,买盘
460,13:43:56,4.25,--,8,3400,买盘
461,13:43:50,4.25,--,47,19975,买盘
462,13:43:45,4.25,--,10,4250,买盘
463,13:43:41,4.25,0.01,70,29750,买盘
464,13:43:35,4.24,-0.01,215,91160,卖盘
465,13:43:30,4.25,--,50,21250,买盘
466,13:43:20,4.25,0.01,345,146625,买盘
467,13:43:16,4.24,-0.01,26,11024,卖盘
468,13:43:10,4.25,--,100,42500,买盘
469,13:43:05,4.25,--,55,23375,买盘
470,13:43:00,4.25,--,20,8500,买盘
471,13:42:50,4.25,0.01,52,22100,买盘
472,13:42:46,4.24,-0.01,150,63600,卖盘
473,13:42:41,4.25,--,125,53125,买盘
474,13:42:35,4.25,0.01,40,17000,卖盘
475,13:42:30,4.24,-0.01,120,50880,卖盘
476,13:42:25,4.25,--,146,62050,买盘
477,13:42:20,4.25,--,25,10625,买盘
478,13:42:16,4.25,--,11,4675,买盘
479,13:42:11,4.25,--,64,27200,买盘
480,13:42:05,4.25,--,4,1700,买盘
481,13:41:55,4.25,--,10,4250,买盘
482,13:41:50,4.25,--,78,33150,买盘
483,13:41:45,4.25,-0.01,93,39525,买盘
484,13:41:40,4.26,0.01,220,93720,买盘
485,13:41:35,4.25,-0.01,445,189125,卖盘
486,13:41:30,4.26,--,394,167844,买盘
487,13:41:25,4.26,--,111,47286,买盘
488,13:41:10,4.26,--,56,23856,买盘
489,13:41:00,4.26,--,5,2130,买盘
490,13:40:50,4.26,0.01,50,21300,买盘
491,13:40:35,4.25,0.01,16,6800,买盘
492,13:40:29,4.24,-0.01,194,82256,卖盘
493,13:40:20,4.25,--,100,42500,买盘
494,13:40:15,4.25,0.01,15,6375,买盘
495,13:40:09,4.24,-0.01,7,2968,卖盘
496,13:40:05,4.25,--,3,1275,买盘
497,13:39:59,4.25,--,10,4250,买盘
498,13:39:50,4.25,--,112,47600,卖盘
499,13:39:44,4.25,--,240,102000,卖盘
500,13:39:39,4.25,--,120,51000,卖盘
501,13:39:35,4.25,--,240,102000,卖盘
502,13:39:29,4.25,--,240,102000,卖盘
503,13:39:24,4.25,--,120,51000,卖盘
504,13:39:20,4.25,--,254,107950,卖盘
505,13:39:14,4.25,--,120,51000,卖盘
506,13:39:09,4.25,--,50,21250,卖盘
507,13:39:05,4.25,-0.01,305,129625,卖盘
508,13:38:59,4.26,--,17,7242,卖盘
509,13:38:54,4.26,--,150,63900,卖盘
510,13:38:50,4.26,--,370,157620,卖盘
511,13:38:44,4.26,--,220,93720,卖盘
512,13:38:39,4.26,--,60,25560,卖盘
513,13:38:34,4.26,--,264,112464,买盘
514,13:38:29,4.26,--,216,92016,卖盘
515,13:38:24,4.26,--,60,25560,卖盘
516,13:38:20,4.26,--,240,102240,卖盘
517,13:38:14,4.26,--,60,25560,卖盘
518,13:38:09,4.26,--,120,51120,卖盘
519,13:38:05,4.26,--,240,102240,卖盘
520,13:37:59,4.26,--,240,102240,卖盘
521,13:37:54,4.26,--,60,25560,卖盘
522,13:37:50,4.26,-0.01,60,25560,卖盘
523,13:37:39,4.27,--,172,73443,卖盘
524,13:37:34,4.27,--,240,102479,卖盘
525,13:37:29,4.27,-0.01,175,74724,卖盘
526,13:37:24,4.28,0.01,257,109996,买盘
527,13:37:20,4.27,-0.01,160,68320,卖盘
528,13:37:14,4.28,0.01,50,21400,买盘
529,13:36:59,4.27,--,98,41845,买盘
530,13:36:44,4.27,0.01,6,2561,买盘
531,13:36:19,4.26,--,4,1704,卖盘
532,13:36:14,4.26,0.01,149,63474,买盘
533,13:36:04,4.25,--,30,12750,卖盘
534,13:35:59,4.25,--,24,10200,买盘
535,13:35:54,4.25,--,465,197625,买盘
536,13:35:49,4.25,--,159,67575,买盘
537,13:35:44,4.25,--,103,43775,买盘
538,13:35:39,4.25,--,83,35275,买盘
539,13:35:34,4.25,--,226,96050,卖盘
540,13:35:29,4.25,0.01,24,10200,买盘
541,13:35:24,4.24,-0.01,101,42824,卖盘
542,13:35:19,4.25,--,18,7650,买盘
543,13:35:14,4.25,--,25,10625,买盘
544,13:35:09,4.25,--,38,16150,卖盘
545,13:35:04,4.25,--,200,85000,卖盘
546,13:34:59,4.25,--,390,165750,卖盘
547,13:34:54,4.25,--,100,42500,卖盘
548,13:34:49,4.25,--,200,85000,卖盘
549,13:34:44,4.25,--,210,89250,卖盘
550,13:34:39,4.25,--,100,42500,卖盘
551,13:34:34,4.25,-0.01,255,108375,卖盘
552,13:34:29,4.26,0.01,374,159324,买盘
553,13:34:24,4.25,-0.01,100,42500,卖盘
554,13:34:19,4.26,0.01,175,74550,买盘
555,13:34:14,4.25,--,177,75225,卖盘
556,13:34:09,4.25,--,242,102850,卖盘
557,13:34:04,4.25,--,147,62475,卖盘
558,13:33:59,4.25,--,61,25925,卖盘
559,13:33:54,4.25,--,50,21250,卖盘
560,13:33:49,4.25,--,154,65747,卖盘
561,13:33:44,4.25,-0.01,85,36252,卖盘
562,13:33:38,4.26,--,24,10522,买盘
563,13:33:29,4.26,--,77,32802,买盘
564,13:33:23,4.26,0.01,7,2982,买盘
565,13:33:19,4.25,-0.01,200,85000,卖盘
566,13:32:53,4.26,--,5,2130,买盘
567,13:32:48,4.26,--,1,426,买盘
568,13:32:23,4.26,--,59,25134,买盘
569,13:32:18,4.26,0.01,23,9798,买盘
570,13:32:14,4.25,--,98,41650,卖盘
571,13:32:08,4.25,--,204,86700,卖盘
572,13:32:03,4.25,--,50,21250,卖盘
573,13:31:59,4.25,-0.01,100,42500,卖盘
574,13:31:53,4.26,0.01,105,44730,买盘
575,13:31:48,4.25,--,50,21250,卖盘
576,13:31:44,4.25,-0.01,50,21250,卖盘
577,13:31:38,4.26,0.01,1,426,买盘
578,13:31:23,4.25,-0.01,50,21250,卖盘
579,13:31:14,4.26,--,30,12780,买盘
580,13:31:08,4.26,--,20,8520,买盘
581,13:30:59,4.26,--,1,426,买盘
582,13:30:53,4.26,--,6,2556,买盘
583,13:30:44,4.26,--,22,9372,买盘
584,13:30:29,4.26,0.01,114,48564,买盘
585,13:30:18,4.25,-0.01,10,4250,卖盘
586,13:30:14,4.26,--,15,6390,买盘
587,13:29:59,4.26,--,2003,853278,买盘
588,13:29:53,4.26,--,7,2982,买盘
589,13:29:28,4.26,--,37,15889,卖盘
590,13:29:23,4.26,--,50,21300,卖盘
591,13:29:18,4.26,--,129,55252,买盘
592,13:29:08,4.26,--,223,95125,卖盘
593,13:29:03,4.26,--,50,21300,卖盘
594,13:28:58,4.26,--,50,21300,卖盘
595,13:28:53,4.26,--,100,42600,卖盘
596,13:28:48,4.26,--,100,42600,卖盘
597,13:28:43,4.26,--,42,18190,买盘
598,13:28:28,4.26,--,120,51120,买盘
599,13:28:23,4.26,--,11,4686,买盘
600,13:28:13,4.26,--,5,2130,买盘
601,13:27:58,4.26,--,5,2130,买盘
602,13:27:53,4.26,--,63,26838,买盘
603,13:27:43,4.26,--,25,10650,买盘
604,13:27:38,4.26,--,10,4260,买盘
605,13:27:23,4.26,--,40,17040,买盘
606,13:27:08,4.26,--,29,12354,买盘
607,13:26:58,4.26,0.01,50,21300,买盘
608,13:26:53,4.25,-0.01,1,425,卖盘
609,13:26:08,4.26,--,6,2556,买盘
610,13:25:58,4.26,--,1,426,买盘
611,13:25:47,4.26,0.01,10,4260,买盘
612,13:25:42,4.25,-0.01,1,425,卖盘
613,13:25:38,4.26,--,21,8946,买盘
614,13:25:27,4.26,--,48,20575,卖盘
615,13:25:23,4.26,--,100,42600,卖盘
616,13:24:47,4.26,--,134,57382,买盘
617,13:24:23,4.26,--,20,8520,买盘
618,13:24:17,4.26,--,7,2982,买盘
619,13:24:12,4.26,0.01,9,3834,买盘
620,13:24:08,4.25,-0.01,43,18275,卖盘
621,13:24:02,4.26,--,50,21300,买盘
622,13:23:57,4.26,--,29,12481,卖盘
623,13:23:53,4.26,--,60,25560,卖盘
624,13:23:47,4.26,--,80,34080,卖盘
625,13:23:42,4.26,--,10,4260,卖盘
626,13:23:38,4.26,--,20,8520,卖盘
627,13:23:32,4.26,--,54,23302,买盘
628,13:23:23,4.26,--,11,4686,买盘
629,13:23:08,4.26,--,105,44857,卖盘
630,13:23:02,4.26,--,100,42600,卖盘
631,13:22:57,4.26,--,50,21300,卖盘
632,13:22:53,4.26,--,152,64752,卖盘
633,13:22:47,4.26,--,100,42600,卖盘
634,13:22:42,4.26,-0.01,50,21300,卖盘
635,13:22:27,4.27,--,119,50812,买盘
636,13:22:23,4.27,0.01,61,26046,买盘
637,13:22:17,4.26,--,100,42600,卖盘
638,13:22:12,4.26,--,50,21300,卖盘
639,13:22:08,4.26,--,50,21300,卖盘
640,13:22:02,4.26,-0.01,44,18957,卖盘
641,13:21:42,4.27,--,1,426,买盘
642,13:21:32,4.27,--,55,23484,买盘
643,13:21:27,4.27,--,29,12382,买盘
644,13:21:22,4.27,--,5,2135,买盘
645,13:20:57,4.27,--,5,2135,卖盘
646,13:20:52,4.27,--,230,98209,卖盘
647,13:20:47,4.27,--,50,21349,卖盘
648,13:20:42,4.27,--,100,42699,卖盘
649,13:20:37,4.27,--,200,85399,卖盘
650,13:20:32,4.27,--,150,64049,卖盘
651,13:20:27,4.27,--,100,42699,卖盘
652,13:20:22,4.27,--,330,140910,卖盘
653,13:20:17,4.27,--,100,42699,卖盘
654,13:20:12,4.27,--,50,21349,卖盘
655,13:20:07,4.27,-0.01,100,42699,卖盘
656,13:20:02,4.28,--,82,35096,买盘
657,13:19:47,4.28,--,64,27392,卖盘
658,13:19:12,4.28,--,67,28676,卖盘
659,13:18:52,4.28,--,48,20544,卖盘
660,13:18:42,4.28,-0.01,55,23540,卖盘
661,13:18:22,4.29,--,33,14157,买盘
662,13:17:52,4.29,--,21,9009,买盘
663,13:17:37,4.29,--,49,21021,买盘
664,13:17:32,4.29,--,1,429,买盘
665,13:17:16,4.29,--,1,429,买盘
666,13:16:52,4.29,0.01,15,6435,买盘
667,13:16:47,4.28,-0.01,31,13268,卖盘
668,13:16:26,4.29,0.01,1,429,买盘
669,13:16:02,4.28,-0.01,1,428,卖盘
670,13:15:52,4.29,--,4,1716,买盘
671,13:15:26,4.29,--,11,4719,买盘
672,13:15:17,4.29,--,5,2145,买盘
673,13:14:56,4.29,0.01,74,31746,买盘
674,13:14:41,4.28,--,2,856,买盘
675,13:14:36,4.28,--,70,29960,买盘
676,13:14:11,4.28,--,11,4708,买盘
677,13:14:01,4.28,--,50,21400,卖盘
678,13:13:56,4.28,--,10,4280,卖盘
679,13:13:26,4.28,--,0,0,中性盘
680,13:13:21,4.28,--,147,62916,买盘
681,13:12:41,4.28,--,19,8132,卖盘
682,13:12:26,4.28,0.01,181,77468,买盘
683,13:11:51,4.27,--,12,5123,卖盘
684,13:11:41,4.27,0.01,71,30316,买盘
685,13:11:36,4.26,-0.01,234,99684,卖盘
686,13:11:26,4.27,0.01,332,141764,买盘
687,13:11:16,4.26,-0.01,89,37914,卖盘
688,13:10:56,4.27,--,1,426,买盘
689,13:10:50,4.27,-0.01,249,106322,卖盘
690,13:10:41,4.28,0.01,10,4280,买盘
691,13:10:25,4.27,-0.01,10,4270,卖盘
692,13:10:16,4.28,0.01,10,4280,买盘
693,13:09:55,4.27,--,526,224601,卖盘
694,13:09:46,4.27,--,1,426,卖盘
695,13:09:26,4.27,--,19,8112,卖盘
696,13:09:16,4.27,--,4,1707,卖盘
697,13:09:05,4.27,--,7,2988,卖盘
698,13:08:40,4.27,--,5,2135,卖盘
699,13:08:20,4.27,--,0,0,卖盘
700,13:07:55,4.27,--,52,22203,卖盘
701,13:07:45,4.27,--,67,28608,卖盘
702,13:07:35,4.27,-0.01,67,28608,卖盘
703,13:07:20,4.28,--,11,4708,卖盘
704,13:06:35,4.28,--,3,1284,卖盘
705,13:06:25,4.28,--,5,2140,卖盘
706,13:06:05,4.28,--,8,3424,中性盘
707,13:05:10,4.28,--,0,0,买盘
708,13:04:59,4.28,--,13,5564,卖盘
709,13:04:55,4.28,--,1,428,卖盘
710,13:04:49,4.28,--,0,0,中性盘
711,13:04:25,4.28,--,0,0,买盘
712,13:04:20,4.28,-0.01,10,4280,卖盘
713,13:04:00,4.29,--,0,0,买盘
714,13:03:55,4.29,0.02,101,43329,买盘
715,13:03:49,4.27,-0.01,1,426,卖盘
716,13:03:45,4.28,--,0,0,买盘
717,13:03:34,4.28,--,88,37664,卖盘
718,13:03:10,4.28,--,46,19688,卖盘
719,13:02:25,4.28,--,23,9844,卖盘
720,13:02:10,4.28,--,40,17120,买盘
721,13:01:59,4.28,--,10,4280,买盘
722,13:01:25,4.28,--,16,6848,卖盘
723,13:01:10,4.28,--,30,12840,卖盘
724,13:00:40,4.28,--,14,5992,买盘
725,13:00:24,4.28,0.01,30,12840,买盘
726,13:00:14,4.27,-0.01,10,4270,卖盘
727,13:00:10,4.28,0.01,110,47080,卖盘
728,13:00:04,4.27,--,376,160551,卖盘
729,11:30:00,4.27,--,0,0,卖盘
730,11:29:59,4.27,--,0,0,卖盘
731,11:29:56,4.27,--,20,8540,卖盘
732,11:29:51,4.27,-0.01,60,25619,卖盘
733,11:29:06,4.28,--,0,0,买盘
734,11:28:51,4.28,--,10,4280,买盘
735,11:28:41,4.28,--,25,10700,买盘
736,11:28:11,4.28,0.02,60,25680,买盘
737,11:28:06,4.26,-0.02,196,83496,卖盘
738,11:28:01,4.28,0.01,5,2140,买盘
739,11:26:51,4.27,--,94,40223,买盘
740,11:26:36,4.27,0.01,2,853,买盘
741,11:26:30,4.26,-0.01,10,4260,卖盘
742,11:25:55,4.27,--,370,158331,卖盘
743,11:25:40,4.27,-0.01,18,7685,卖盘
744,11:25:14,4.28,--,5,2140,买盘
745,11:25:05,4.28,0.01,3,1284,买盘
746,11:24:50,4.27,-0.01,9,3842,卖盘
747,11:24:05,4.28,--,2,856,买盘
748,11:24:00,4.28,--,3,1284,买盘
749,11:23:25,4.28,0.01,5,2140,买盘
750,11:23:10,4.27,--,2,853,卖盘
751,11:23:05,4.27,--,100,42699,卖盘
752,11:22:45,4.27,-0.01,90,38429,卖盘
753,11:22:40,4.28,0.01,44,18832,买盘
754,11:22:10,4.27,-0.01,9,3979,卖盘
755,11:22:00,4.28,-0.01,167,71476,卖盘
756,11:21:45,4.29,0.01,1,429,买盘
757,11:21:35,4.28,--,152,65056,卖盘
758,11:21:25,4.28,--,20,8560,卖盘
759,11:21:14,4.28,-0.01,5,2140,卖盘
760,11:21:00,4.29,--,4,1716,买盘
761,11:20:55,4.29,--,1,429,买盘
762,11:20:45,4.29,0.01,247,105963,买盘
763,11:20:10,4.28,--,85,36380,卖盘
764,11:20:00,4.28,--,10,4280,卖盘
765,11:19:20,4.28,--,5,2140,卖盘
766,11:19:04,4.28,-0.01,7,2996,卖盘
767,11:18:38,4.29,--,20,8580,买盘
768,11:18:24,4.29,--,5,2145,买盘
769,11:18:00,4.29,0.01,413,177177,买盘
770,11:17:44,4.28,--,10,4280,卖盘
771,11:17:38,4.28,--,16,6848,卖盘
772,11:16:23,4.28,--,1,428,卖盘
773,11:14:19,4.28,--,49,21348,卖盘
774,11:13:59,4.28,--,4,1712,卖盘
775,11:13:53,4.28,--,8,3424,卖盘
776,11:13:19,4.28,--,1,428,卖盘
777,11:13:14,4.28,--,8,3424,卖盘
778,11:12:54,4.28,--,8,3424,卖盘
779,11:12:29,4.28,--,10,4280,卖盘
780,11:12:14,4.28,--,10,4280,卖盘
781,11:12:04,4.28,--,2,856,卖盘
782,11:11:53,4.28,--,10,4280,卖盘
783,11:10:47,4.28,--,100,42800,卖盘
784,11:10:28,4.28,-0.01,100,42800,卖盘
785,11:10:23,4.29,0.01,1,429,买盘
786,11:10:17,4.28,--,173,74044,卖盘
787,11:10:02,4.28,--,8,3424,卖盘
788,11:09:58,4.28,0.01,362,154936,买盘
789,11:09:53,4.27,-0.01,347,148168,卖盘
790,11:09:23,4.28,--,1,428,买盘
791,11:09:13,4.28,--,10,4280,买盘
792,11:09:08,4.28,0.01,10,4280,买盘
793,11:08:53,4.27,--,9,3842,卖盘
794,11:08:43,4.27,--,30,12809,卖盘
795,11:08:38,4.27,--,65,27754,卖盘
796,11:08:32,4.27,--,279,119132,卖盘
797,11:08:23,4.27,--,126,53801,卖盘
798,11:08:17,4.27,-0.01,60,25619,卖盘
799,11:08:02,4.28,--,40,17120,买盘
800,11:07:58,4.28,0.01,5,2140,买盘
801,11:07:53,4.27,--,5,2135,卖盘
802,11:07:32,4.27,--,50,21443,卖盘
803,11:06:43,4.27,--,32,13663,买盘
804,11:06:32,4.27,--,3,1280,买盘
805,11:05:58,4.27,--,1,426,买盘
806,11:05:47,4.27,--,5,2135,买盘
807,11:05:43,4.27,--,41,17507,买盘
808,11:05:38,4.27,--,3,1280,买盘
809,11:05:23,4.27,--,3,1280,卖盘
810,11:05:11,4.27,--,10,4270,买盘
811,11:05:08,4.27,0.01,10,4270,买盘
812,11:04:53,4.26,--,242,103092,买盘
813,11:04:47,4.26,--,46,19596,买盘
814,11:04:43,4.26,--,51,21726,买盘
815,11:04:38,4.26,--,100,42600,买盘
816,11:04:32,4.26,--,231,98406,买盘
817,11:04:26,4.26,--,10,4260,买盘
818,11:04:22,4.26,--,110,46860,买盘
819,11:04:07,4.26,--,38,16188,买盘
820,11:04:02,4.26,--,14,5964,买盘
821,11:03:53,4.26,--,69,29394,买盘
822,11:03:22,4.26,0.01,7,2982,买盘
823,11:03:17,4.25,-0.01,55,23375,卖盘
824,11:03:02,4.26,--,86,36636,卖盘
825,11:02:56,4.26,0.01,47,20022,买盘
826,11:02:41,4.25,-0.01,21,8925,卖盘
827,11:02:37,4.26,--,31,13376,卖盘
828,11:02:32,4.26,--,110,46860,卖盘
829,11:02:26,4.26,--,40,17040,卖盘
830,11:01:26,4.26,--,85,36210,卖盘
831,11:01:22,4.26,--,0,0,卖盘
832,11:01:17,4.26,--,85,36210,卖盘
833,11:01:11,4.26,--,0,0,卖盘
834,11:01:02,4.26,-0.01,156,66456,卖盘
835,11:00:56,4.27,--,0,0,买盘
836,11:00:47,4.27,0.01,20,8540,卖盘
837,11:00:32,4.26,--,0,0,卖盘
838,11:00:26,4.26,--,47,20022,卖盘
839,11:00:11,4.26,--,31,13206,卖盘
840,11:00:02,4.26,-0.01,200,85200,卖盘
841,10:59:56,4.27,--,113,48250,卖盘
842,10:59:41,4.27,--,401,171226,买盘
843,10:59:37,4.27,--,3,1280,买盘
844,10:59:32,4.27,0.01,1,426,买盘
845,10:59:26,4.26,-0.01,3,1278,卖盘
846,10:59:11,4.27,0.01,20,8540,买盘
847,10:59:07,4.26,-0.01,25,10650,卖盘
848,10:58:47,4.27,--,194,82837,买盘
849,10:58:37,4.27,--,5,2135,买盘
850,10:58:31,4.27,--,74,31597,买盘
851,10:57:56,4.27,--,5,2135,买盘
852,10:57:46,4.27,--,3,1280,买盘
853,10:57:35,4.27,0.01,10,4270,买盘
854,10:57:31,4.26,--,25,10735,卖盘
855,10:57:26,4.26,--,2,937,卖盘
856,10:57:20,4.26,--,2,937,卖盘
857,10:56:56,4.26,-0.01,94,40044,卖盘
858,10:56:35,4.27,--,10,4270,买盘
859,10:56:26,4.27,0.01,400,170799,买盘
860,10:56:11,4.26,--,70,29820,卖盘
861,10:56:01,4.26,--,117,49842,买盘
862,10:55:56,4.26,--,20,8520,买盘
863,10:55:41,4.26,--,18,7668,买盘
864,10:55:31,4.26,-0.01,25,10650,卖盘
865,10:55:26,4.27,0.01,7,2988,买盘
866,10:55:20,4.26,--,195,83070,卖盘
867,10:55:05,4.26,--,83,35358,买盘
868,10:55:01,4.26,--,2,852,买盘
869,10:54:56,4.26,--,155,66030,买盘
870,10:54:50,4.26,--,1,426,买盘
871,10:54:46,4.26,--,105,44730,买盘
872,10:54:41,4.26,--,616,262416,买盘
873,10:54:35,4.26,--,39,16614,买盘
874,10:54:31,4.26,--,10,4260,买盘
875,10:54:11,4.26,--,26,11076,买盘
876,10:54:05,4.26,0.01,27,11502,买盘
877,10:54:01,4.25,--,14,5950,买盘
878,10:53:56,4.25,--,22,9350,买盘
879,10:53:50,4.25,--,420,178500,卖盘
880,10:53:35,4.25,--,98,41650,卖盘
881,10:53:26,4.25,-0.01,40,17000,卖盘
882,10:53:20,4.26,--,40,17040,买盘
883,10:53:16,4.26,0.01,5,2130,买盘
884,10:53:11,4.25,-0.01,27,11475,卖盘
885,10:53:05,4.26,0.01,893,380418,买盘
886,10:53:01,4.25,-0.01,518,220150,卖盘
887,10:52:56,4.26,--,7,2982,买盘
888,10:52:50,4.26,0.01,21,8946,买盘
889,10:52:46,4.25,-0.01,100,42500,卖盘
890,10:52:41,4.26,--,8,3408,买盘
891,10:52:35,4.26,--,10,4260,买盘
892,10:52:31,4.26,0.01,1,426,买盘
893,10:52:25,4.25,-0.01,1120,476000,卖盘
894,10:52:20,4.26,-0.01,139,59214,卖盘
895,10:52:15,4.27,-0.01,898,383445,卖盘
896,10:52:11,4.28,--,1,428,买盘
897,10:52:05,4.28,--,7,2996,买盘
898,10:51:56,4.28,--,833,356528,卖盘
899,10:51:40,4.28,--,37,15836,卖盘
900,10:51:35,4.28,--,5,2140,卖盘
901,10:51:20,4.28,-0.01,240,102720,卖盘
902,10:51:14,4.29,--,159,68211,卖盘
903,10:51:10,4.29,--,229,98241,卖盘
904,10:50:55,4.29,--,19,8151,卖盘
905,10:50:50,4.29,--,70,30030,卖盘
906,10:50:44,4.29,--,25,10725,卖盘
907,10:50:40,4.29,--,69,29601,卖盘
908,10:50:35,4.29,--,34,14586,卖盘
909,10:50:29,4.29,--,22,9438,卖盘
910,10:50:25,4.29,-0.01,31,13299,卖盘
911,10:50:10,4.3,--,5,2150,买盘
912,10:49:50,4.3,--,1,430,买盘
913,10:49:44,4.3,--,9,3870,买盘
914,10:49:40,4.3,0.01,17,7310,买盘
915,10:47:05,4.29,--,57,24877,买盘
916,10:46:50,4.29,0.01,20,8580,买盘
917,10:46:44,4.28,-0.01,91,38948,卖盘
918,10:46:35,4.29,--,52,22308,买盘
919,10:46:29,4.29,--,239,102535,卖盘
920,10:45:59,4.29,--,60,25740,卖盘
921,10:45:49,4.29,--,1,429,卖盘
922,10:45:34,4.29,--,20,8580,卖盘
923,10:45:29,4.29,--,80,34320,卖盘
924,10:45:24,4.29,--,40,17160,卖盘
925,10:45:20,4.29,--,58,24882,卖盘
926,10:45:14,4.29,--,42,18018,卖盘
927,10:45:08,4.29,--,20,8580,卖盘
928,10:45:04,4.29,--,65,27885,卖盘
929,10:44:59,4.29,-0.01,24,10296,卖盘
930,10:44:53,4.3,0.01,23,9890,买盘
931,10:44:49,4.29,-0.01,22,9438,卖盘
932,10:44:19,4.3,--,2,860,买盘
933,10:43:59,4.3,0.01,19,8170,买盘
934,10:43:53,4.29,-0.01,32,13728,卖盘
935,10:43:34,4.3,0.01,1,430,买盘
936,10:43:14,4.29,--,10,4290,卖盘
937,10:43:08,4.29,-0.01,90,38610,卖盘
938,10:42:34,4.3,0.01,2,860,买盘
939,10:42:14,4.29,--,5,2145,卖盘
940,10:41:29,4.29,-0.01,50,21450,卖盘
941,10:40:59,4.3,--,85,36550,买盘
942,10:40:38,4.3,--,30,12900,买盘
943,10:40:34,4.3,--,5,2150,买盘
944,10:40:23,4.3,--,2,860,买盘
945,10:40:14,4.3,--,457,196725,卖盘
946,10:40:08,4.3,--,1,430,卖盘
947,10:39:29,4.3,--,300,129000,卖盘
948,10:39:14,4.3,-0.01,100,43000,卖盘
949,10:38:59,4.31,--,29,12498,卖盘
950,10:38:53,4.31,--,31,13360,卖盘
951,10:38:29,4.31,-0.01,1,430,卖盘
952,10:38:23,4.32,--,2,864,买盘
953,10:38:13,4.32,--,6,2592,买盘
954,10:37:47,4.32,--,10,4320,买盘
955,10:37:32,4.32,0.01,1,432,买盘
956,10:37:23,4.31,-0.01,74,31893,卖盘
957,10:37:17,4.32,0.01,50,21600,买盘
958,10:36:53,4.31,--,50,21549,卖盘
959,10:35:58,4.31,0.01,415,178864,买盘
960,10:35:43,4.3,--,5,2150,卖盘
961,10:35:17,4.3,--,389,167485,买盘
962,10:35:07,4.3,--,5,2150,买盘
963,10:34:47,4.3,0.01,23,9890,买盘
964,10:34:28,4.29,-0.01,22,9438,卖盘
965,10:34:23,4.3,--,5,2150,买盘
966,10:33:53,4.3,0.01,40,17200,买盘
967,10:33:43,4.29,-0.01,4,1716,卖盘
968,10:33:23,4.3,--,6,2580,买盘
969,10:33:17,4.3,--,7,3010,买盘
970,10:33:08,4.3,--,1,430,买盘
971,10:32:47,4.3,--,6,2580,买盘
972,10:32:22,4.3,--,20,8600,买盘
973,10:32:17,4.3,--,46,19780,买盘
974,10:32:07,4.3,--,15,6450,买盘
975,10:32:02,4.3,--,18,7740,卖盘
976,10:31:47,4.3,0.01,2,860,买盘
977,10:31:37,4.29,-0.01,2,858,卖盘
978,10:31:22,4.3,--,18,7740,卖盘
979,10:31:17,4.3,-0.01,12,5160,卖盘
980,10:31:07,4.31,0.01,2,861,买盘
981,10:30:41,4.3,--,2,860,卖盘
982,10:30:32,4.3,--,40,17200,买盘
983,10:30:26,4.3,0.01,60,25800,买盘
984,10:30:22,4.29,--,10,4290,卖盘
985,10:30:11,4.29,--,2,858,卖盘
986,10:30:02,4.29,--,0,0,卖盘
987,10:29:47,4.29,--,0,0,卖盘
988,10:29:17,4.29,--,0,0,卖盘
989,10:28:52,4.29,--,29,12865,买盘
990,10:28:47,4.29,--,22,9438,买盘
991,10:28:37,4.29,--,60,25740,买盘
992,10:28:26,4.29,--,444,190480,卖盘
993,10:28:16,4.29,--,0,0,卖盘
994,10:27:41,4.29,--,0,0,卖盘
995,10:27:16,4.29,-0.01,50,21450,卖盘
996,10:27:11,4.3,--,0,0,中性盘
997,10:27:01,4.3,--,29,12470,卖盘
998,10:26:52,4.3,0.01,55,23650,买盘
999,10:26:37,4.29,-0.01,20,8580,卖盘
1000,10:26:31,4.3,0.01,2,860,买盘
1001,10:26:26,4.29,-0.01,200,85800,卖盘
1002,10:26:16,4.3,--,5,2150,买盘
1003,10:26:07,4.3,0.01,1,430,买盘
1004,10:25:37,4.29,-0.01,1,429,卖盘
1005,10:25:26,4.3,0.01,7,3010,买盘
1006,10:25:11,4.29,--,370,158730,卖盘
1007,10:24:56,4.29,--,1,429,卖盘
1008,10:24:46,4.29,--,5,2145,卖盘
1009,10:24:26,4.29,-0.01,196,84084,卖盘
1010,10:24:16,4.3,--,3,1290,买盘
1011,10:24:11,4.3,--,3,1290,买盘
1012,10:23:46,4.3,--,82,35260,买盘
1013,10:23:41,4.3,0.01,20,8600,买盘
1014,10:23:26,4.29,-0.01,9,3861,卖盘
1015,10:23:05,4.3,0.01,17,7310,买盘
1016,10:22:56,4.29,--,52,22308,卖盘
1017,10:22:26,4.29,--,10,4290,卖盘
1018,10:22:16,4.29,--,40,17160,卖盘
1019,10:22:11,4.29,--,50,21450,卖盘
1020,10:22:01,4.29,0.01,67,29167,买盘
1021,10:21:56,4.28,-0.01,19,8136,卖盘
1022,10:21:41,4.29,--,12,5572,买盘
1023,10:21:31,4.29,--,10,4290,买盘
1024,10:21:25,4.29,0.01,100,42900,买盘
1025,10:21:20,4.28,-0.01,183,78324,卖盘
1026,10:21:16,4.29,--,15,6435,买盘
1027,10:21:10,4.29,--,7,3007,卖盘
1028,10:21:05,4.29,--,13,5577,卖盘
1029,10:20:55,4.29,0.01,104,45040,买盘
1030,10:20:50,4.28,--,10,4280,卖盘
1031,10:20:46,4.28,--,90,38520,卖盘
1032,10:20:40,4.28,--,46,19688,卖盘
1033,10:20:31,4.28,--,10,4280,卖盘
1034,10:20:25,4.28,--,40,17120,卖盘
1035,10:20:20,4.28,--,13,5564,买盘
1036,10:20:16,4.28,--,27,11556,卖盘
1037,10:20:10,4.28,--,81,34668,买盘
1038,10:20:01,4.28,--,102,43656,买盘
1039,10:19:55,4.28,--,983,420724,卖盘
1040,10:19:50,4.28,--,19,8132,卖盘
1041,10:19:46,4.28,--,10,4280,卖盘
1042,10:19:40,4.28,--,2,856,卖盘
1043,10:19:35,4.28,-0.01,333,142524,卖盘
1044,10:19:25,4.29,--,384,164740,卖盘
1045,10:19:16,4.29,--,306,131274,卖盘
1046,10:19:10,4.29,--,15,6435,卖盘
1047,10:18:55,4.29,--,151,64779,卖盘
1048,10:18:45,4.29,-0.01,407,174603,卖盘
1049,10:18:40,4.3,--,4,1720,买盘
1050,10:18:31,4.3,--,143,61490,卖盘
1051,10:18:20,4.3,--,109,47295,买盘
1052,10:18:16,4.3,--,542,233064,卖盘
1053,10:18:10,4.3,--,236,101480,卖盘
1054,10:18:05,4.3,--,100,43000,卖盘
1055,10:17:55,4.3,--,235,101050,卖盘
1056,10:17:50,4.3,-0.01,12,5160,卖盘
1057,10:17:40,4.31,0.01,116,49995,买盘
1058,10:17:35,4.3,--,161,69230,卖盘
1059,10:17:29,4.3,--,4,1720,卖盘
1060,10:17:25,4.3,--,172,73960,卖盘
1061,10:17:20,4.3,--,183,78690,卖盘
1062,10:17:10,4.3,-0.01,100,43000,卖盘
1063,10:16:59,4.31,--,24,10343,买盘
1064,10:16:55,4.31,0.01,5,2155,买盘
1065,10:16:44,4.3,--,72,30960,卖盘
1066,10:16:40,4.3,-0.01,68,29240,卖盘
1067,10:16:35,4.31,--,4,1723,买盘
1068,10:16:25,4.31,--,100,43099,买盘
1069,10:16:20,4.31,--,1,430,买盘
1070,10:16:14,4.31,--,4,1723,买盘
1071,10:16:10,4.31,--,8,3447,买盘
1072,10:16:05,4.31,0.01,5,2155,中性盘
1073,10:15:59,4.3,-0.02,2,860,卖盘
1074,10:15:40,4.32,0.01,317,136944,买盘
1075,10:15:35,4.31,--,131,56460,卖盘
1076,10:15:25,4.31,-0.01,119,51288,卖盘
1077,10:15:19,4.32,--,79,34128,买盘
1078,10:15:14,4.32,0.01,2,864,买盘
1079,10:15:10,4.31,--,160,68960,卖盘
1080,10:15:05,4.31,--,66,28445,卖盘
1081,10:14:55,4.31,--,200,86199,卖盘
1082,10:14:49,4.31,-0.01,37,15946,卖盘
1083,10:14:14,4.32,--,292,126144,买盘
1084,10:14:10,4.32,--,34,14688,买盘
1085,10:13:59,4.32,--,10,4320,买盘
1086,10:13:55,4.32,--,99,42768,卖盘
1087,10:13:49,4.32,0.01,474,204768,买盘
1088,10:13:44,4.31,-0.01,77,33187,卖盘
1089,10:13:34,4.32,--,105,45360,买盘
1090,10:13:19,4.32,0.01,1,432,买盘
1091,10:13:04,4.31,0.01,756,325835,买盘
1092,10:12:59,4.3,-0.01,231,99330,卖盘
1093,10:12:55,4.31,0.01,133,57322,买盘
1094,10:12:49,4.3,-0.01,100,43000,卖盘
1095,10:12:40,4.31,--,4,1723,买盘
1096,10:12:34,4.31,--,118,50857,买盘
1097,10:12:25,4.31,--,310,133610,买盘
1098,10:12:09,4.31,0.01,54,23273,买盘
1099,10:12:04,4.3,--,43,18490,卖盘
1100,10:11:59,4.3,--,145,62350,卖盘
1101,10:11:39,4.3,--,47,20210,卖盘
1102,10:11:34,4.3,--,322,138460,卖盘
1103,10:11:24,4.3,--,308,132440,卖盘
1104,10:11:19,4.3,--,300,129000,卖盘
1105,10:10:59,4.3,--,30,12900,卖盘
1106,10:10:54,4.3,--,100,43000,卖盘
1107,10:10:49,4.3,--,299,128995,买盘
1108,10:10:44,4.3,--,71,30530,买盘
1109,10:10:39,4.3,--,61,26230,买盘
1110,10:10:34,4.3,--,32,13760,买盘
1111,10:10:29,4.3,--,180,77400,买盘
1112,10:10:23,4.3,--,2,860,买盘
1113,10:10:19,4.3,--,157,67510,买盘
1114,10:10:14,4.3,--,250,107500,买盘
1115,10:10:08,4.3,--,25,10750,买盘
1116,10:10:04,4.3,0.01,44,18920,买盘
1117,10:09:59,4.29,-0.01,213,91377,卖盘
1118,10:09:53,4.3,--,1,430,买盘
1119,10:09:49,4.3,--,305,131150,买盘
1120,10:09:44,4.3,0.01,22,9460,买盘
1121,10:09:38,4.29,-0.01,20,8580,卖盘
1122,10:09:34,4.3,--,120,51600,买盘
1123,10:09:29,4.3,--,14,6020,买盘
1124,10:09:19,4.3,0.01,7,3010,买盘
1125,10:09:14,4.29,-0.01,55,23595,卖盘
1126,10:09:04,4.3,--,80,34400,买盘
1127,10:08:59,4.3,0.01,5,2150,买盘
1128,10:08:49,4.29,-0.01,144,61776,卖盘
1129,10:08:44,4.3,--,1,430,买盘
1130,10:08:34,4.3,-0.01,389,167274,卖盘
1131,10:08:23,4.31,0.01,1809,780101,买盘
1132,10:08:19,4.3,-0.01,296,127280,卖盘
1133,10:08:14,4.31,--,11,4741,买盘
1134,10:08:08,4.31,0.01,322,138782,买盘
1135,10:08:04,4.3,--,1,430,卖盘
1136,10:07:53,4.3,--,34,14620,卖盘
1137,10:07:49,4.3,-0.01,140,60200,卖盘
1138,10:07:34,4.31,0.01,31,13360,买盘
1139,10:07:28,4.3,--,116,49880,卖盘
1140,10:07:23,4.3,--,402,172860,卖盘
1141,10:07:19,4.3,--,4,1720,卖盘
1142,10:07:13,4.3,--,9,3870,卖盘
1143,10:07:08,4.3,--,227,97610,卖盘
1144,10:06:58,4.3,-0.01,50,21500,卖盘
1145,10:06:53,4.31,--,10,4310,买盘
1146,10:06:49,4.31,0.01,10,4310,中性盘
1147,10:06:43,4.3,-0.01,660,283804,卖盘
1148,10:06:34,4.31,--,204,87923,卖盘
1149,10:06:28,4.31,--,96,41375,卖盘
1150,10:06:23,4.31,--,300,129299,卖盘
1151,10:06:19,4.31,-0.01,4,1723,卖盘
1152,10:06:13,4.32,0.01,67,28944,买盘
1153,10:06:04,4.31,-0.01,10,4310,卖盘
1154,10:05:58,4.32,--,1,432,买盘
1155,10:05:53,4.32,--,13,5616,买盘
1156,10:05:48,4.32,0.01,39,16848,买盘
1157,10:05:43,4.31,--,114,49133,卖盘
1158,10:05:34,4.31,--,100,43099,卖盘
1159,10:05:28,4.31,-0.01,100,43099,卖盘
1160,10:05:18,4.32,0.01,2,864,买盘
1161,10:05:13,4.31,-0.01,60,25859,卖盘
1162,10:05:08,4.32,--,100,43200,买盘
1163,10:04:58,4.32,--,62,26784,买盘
1164,10:04:48,4.32,--,18,7776,买盘
1165,10:04:43,4.32,--,0,427,卖盘
1166,10:04:38,4.32,--,45,19444,买盘
1167,10:04:33,4.32,--,71,30672,买盘
1168,10:04:28,4.32,--,272,117504,买盘
1169,10:04:18,4.32,0.01,7,3024,买盘
1170,10:03:58,4.31,--,35,15084,卖盘
1171,10:03:53,4.31,-0.01,6,2585,卖盘
1172,10:03:43,4.32,0.01,140,60480,买盘
1173,10:03:38,4.31,--,24,10343,卖盘
1174,10:03:33,4.31,-0.01,12,5171,卖盘
1175,10:03:28,4.32,--,156,67392,买盘
1176,10:03:23,4.32,0.01,27,11664,买盘
1177,10:03:17,4.31,-0.01,14,6033,卖盘
1178,10:03:08,4.32,--,1,432,买盘
1179,10:02:58,4.32,--,143,62203,卖盘
1180,10:02:53,4.32,--,91,39316,买盘
1181,10:02:47,4.32,--,7,3024,买盘
1182,10:02:43,4.32,--,124,53568,买盘
1183,10:02:38,4.32,-0.01,27,12091,卖盘
1184,10:02:32,4.33,0.01,7,3031,买盘
1185,10:02:28,4.32,--,99,42768,卖盘
1186,10:02:23,4.32,--,68,29376,卖盘
1187,10:02:17,4.32,0.01,207,89428,买盘
1188,10:02:13,4.31,--,634,273254,卖盘
1189,10:02:08,4.31,-0.01,20,8620,卖盘
1190,10:01:58,4.32,-0.01,159,69115,卖盘
1191,10:01:53,4.33,0.01,491,212603,买盘
1192,10:01:47,4.32,--,35,15120,卖盘
1193,10:01:43,4.32,--,77,33264,卖盘
1194,10:01:37,4.32,--,287,123984,卖盘
1195,10:01:32,4.32,--,5,2160,卖盘
1196,10:01:28,4.32,--,14,6048,卖盘
1197,10:01:22,4.32,--,95,41040,卖盘
1198,10:01:17,4.32,--,26,11232,卖盘
1199,10:01:13,4.32,--,182,78624,卖盘
1200,10:01:07,4.32,--,405,174960,卖盘
1201,10:00:52,4.32,--,90,38880,卖盘
1202,10:00:43,4.32,-0.01,50,21600,卖盘
1203,10:00:37,4.33,0.01,36,15588,买盘
1204,10:00:32,4.32,--,10,4320,卖盘
1205,10:00:28,4.32,--,40,17280,卖盘
1206,10:00:22,4.32,--,40,17280,卖盘
1207,10:00:13,4.32,--,23,9936,卖盘
1208,09:59:57,4.32,--,116,50112,卖盘
1209,09:59:52,4.32,--,361,155952,卖盘
1210,09:59:47,4.32,--,12,5184,卖盘
1211,09:59:43,4.32,-0.01,40,17280,卖盘
1212,09:59:37,4.33,0.01,34,14722,买盘
1213,09:59:27,4.32,-0.01,10,4320,卖盘
1214,09:59:17,4.33,0.01,20,8660,买盘
1215,09:59:12,4.32,-0.01,160,69120,卖盘
1216,09:59:02,4.33,--,8,3464,买盘
1217,09:58:57,4.33,--,21,9093,买盘
1218,09:58:42,4.33,--,352,152416,卖盘
1219,09:58:37,4.33,--,1,433,卖盘
1220,09:58:27,4.33,--,19,8227,卖盘
1221,09:58:22,4.33,--,138,59754,买盘
1222,09:58:07,4.33,--,69,29877,买盘
1223,09:58:02,4.33,0.01,4,1732,买盘
1224,09:57:52,4.32,-0.01,105,45360,卖盘
1225,09:57:42,4.33,--,4,1732,买盘
1226,09:57:37,4.33,--,31,13423,买盘
1227,09:57:32,4.33,--,4,1732,买盘
1228,09:57:27,4.33,--,2,866,卖盘
1229,09:57:22,4.33,--,100,43300,卖盘
1230,09:57:02,4.33,--,6,2598,卖盘
1231,09:56:52,4.33,--,72,31176,卖盘
1232,09:56:47,4.33,--,20,8660,卖盘
1233,09:56:41,4.33,-0.01,30,12990,卖盘
1234,09:56:37,4.34,0.01,62,26908,买盘
1235,09:56:26,4.33,--,200,86600,卖盘
1236,09:56:22,4.33,--,72,31176,卖盘
1237,09:56:17,4.33,--,200,86600,卖盘
1238,09:56:07,4.33,--,1,433,卖盘
1239,09:56:01,4.33,--,560,242480,买盘
1240,09:55:56,4.33,--,40,17320,卖盘
1241,09:55:52,4.33,--,79,34207,买盘
1242,09:55:41,4.33,--,12,5196,买盘
1243,09:55:37,4.33,-0.02,59,25547,卖盘
1244,09:55:31,4.35,0.01,831,361911,买盘
1245,09:55:26,4.34,0.01,90,39060,买盘
1246,09:55:22,4.33,--,355,153715,卖盘
1247,09:55:17,4.33,-0.01,30,12990,卖盘
1248,09:55:07,4.34,0.01,346,150164,买盘
1249,09:55:01,4.33,0.01,67,29011,买盘
1250,09:54:56,4.32,-0.01,9,3888,卖盘
1251,09:54:52,4.33,0.01,35,15155,买盘
1252,09:54:41,4.32,-0.01,10,4320,卖盘
1253,09:54:37,4.33,--,7,3031,买盘
1254,09:54:31,4.33,--,115,49795,买盘
1255,09:54:26,4.33,--,20,8660,买盘
1256,09:54:22,4.33,--,15,6495,买盘
1257,09:54:16,4.33,0.01,70,30310,买盘
1258,09:54:11,4.32,-0.01,200,86400,卖盘
1259,09:54:07,4.33,0.01,10,4330,买盘
1260,09:54:01,4.32,--,255,110160,卖盘
1261,09:53:52,4.32,-0.01,259,111888,卖盘
1262,09:53:46,4.33,0.01,15,6495,买盘
1263,09:53:41,4.32,--,300,129600,卖盘
1264,09:53:37,4.32,-0.01,32,13824,卖盘
1265,09:53:07,4.33,0.01,50,21650,买盘
1266,09:52:56,4.32,-0.01,57,24628,卖盘
1267,09:52:31,4.33,--,40,17320,买盘
1268,09:52:21,4.33,--,50,21650,买盘
1269,09:52:16,4.33,0.01,5,2165,买盘
1270,09:52:01,4.32,-0.01,35,15120,卖盘
1271,09:51:56,4.33,--,125,54125,买盘
1272,09:51:51,4.33,-0.01,170,73610,卖盘
1273,09:51:46,4.34,0.01,152,65968,买盘
1274,09:51:41,4.33,--,30,12990,卖盘
1275,09:51:36,4.33,--,32,13856,卖盘
1276,09:51:31,4.33,--,30,12990,卖盘
1277,09:51:26,4.33,0.01,318,137694,买盘
1278,09:51:21,4.32,0.01,100,43200,中性盘
1279,09:51:11,4.31,--,20,8620,卖盘
1280,09:51:06,4.31,--,133,57322,卖盘
1281,09:51:01,4.31,-0.02,91,39221,卖盘
1282,09:50:56,4.33,0.02,1,433,买盘
1283,09:50:51,4.31,--,0,0,卖盘
1284,09:50:46,4.31,-0.02,1322,569782,卖盘
1285,09:50:31,4.33,-0.01,6,2598,卖盘
1286,09:50:26,4.34,0.01,130,56420,买盘
1287,09:50:21,4.33,-0.01,170,73610,卖盘
1288,09:49:56,4.34,--,5,2170,买盘
1289,09:49:46,4.34,--,20,8680,买盘
1290,09:49:41,4.34,--,76,32984,卖盘
1291,09:49:35,4.34,--,40,17360,卖盘
1292,09:49:31,4.34,--,66,28644,卖盘
1293,09:49:26,4.34,--,64,27776,卖盘
1294,09:49:20,4.34,--,40,17360,卖盘
1295,09:49:16,4.34,--,60,26040,卖盘
1296,09:49:11,4.34,--,73,31682,卖盘
1297,09:49:05,4.34,--,20,8680,卖盘
1298,09:49:01,4.34,-0.01,136,59024,卖盘
1299,09:48:25,4.35,--,170,73950,卖盘
1300,09:48:20,4.35,--,200,87000,卖盘
1301,09:48:10,4.35,-0.01,316,137460,卖盘
1302,09:48:05,4.36,0.01,20,8720,买盘
1303,09:47:55,4.35,-0.01,69,30014,卖盘
1304,09:47:50,4.36,--,5,2180,买盘
1305,09:47:46,4.36,--,698,304328,卖盘
1306,09:47:40,4.36,--,100,43600,卖盘
1307,09:47:30,4.36,--,2,872,卖盘
1308,09:47:25,4.36,-0.01,70,30520,卖盘
1309,09:46:55,4.37,--,21,9177,买盘
1310,09:46:35,4.37,--,100,43700,买盘
1311,09:46:10,4.37,0.01,42,18354,买盘
1312,09:45:40,4.36,-0.01,6,2616,卖盘
1313,09:45:35,4.37,0.01,30,13110,买盘
1314,09:45:30,4.36,--,77,33572,卖盘
1315,09:45:25,4.36,-0.01,189,82404,卖盘
1316,09:45:15,4.37,--,2,874,买盘
1317,09:45:10,4.37,0.01,7,3059,买盘
1318,09:45:05,4.36,--,2,872,卖盘
1319,09:44:50,4.36,-0.01,16,6976,卖盘
1320,09:44:15,4.37,0.01,1,437,买盘
1321,09:44:00,4.36,--,110,47960,卖盘
1322,09:43:50,4.36,-0.01,50,21800,卖盘
1323,09:43:35,4.37,--,11,4807,买盘
1324,09:43:24,4.37,--,3,1311,买盘
1325,09:43:20,4.37,--,14,6126,卖盘
1326,09:43:15,4.37,--,500,218500,卖盘
1327,09:43:09,4.37,--,34,14858,卖盘
1328,09:42:39,4.37,--,20,8740,卖盘
1329,09:42:29,4.37,-0.01,100,43700,卖盘
1330,09:42:24,4.38,--,110,48180,买盘
1331,09:42:14,4.38,--,3,1314,买盘
1332,09:41:54,4.38,0.01,34,14892,买盘
1333,09:41:44,4.37,-0.01,10,4370,卖盘
1334,09:41:39,4.38,--,3,1314,买盘
1335,09:41:29,4.38,--,2,876,买盘
1336,09:41:19,4.38,0.01,21,9198,买盘
1337,09:41:14,4.37,0.01,36,16160,买盘
1338,09:41:04,4.36,-0.01,274,119464,卖盘
1339,09:40:54,4.37,--,5,2185,买盘
1340,09:40:49,4.37,--,95,41515,买盘
1341,09:40:39,4.37,--,7,3059,买盘
1342,09:40:34,4.37,--,22,9614,买盘
1343,09:40:29,4.37,--,8,3496,买盘
1344,09:40:24,4.37,--,16,6992,买盘
1345,09:40:19,4.37,0.01,160,69920,买盘
1346,09:40:14,4.36,--,1,436,买盘
1347,09:40:09,4.36,-0.01,635,276860,卖盘
1348,09:39:59,4.37,--,7,3059,买盘
1349,09:39:39,4.37,--,51,22287,买盘
1350,09:39:19,4.37,--,100,43700,买盘
1351,09:39:04,4.37,--,256,111872,买盘
1352,09:38:54,4.37,--,3,1311,买盘
1353,09:38:48,4.37,0.01,1,437,买盘
1354,09:38:33,4.36,-0.01,19,8284,卖盘
1355,09:38:29,4.37,--,4,1748,买盘
1356,09:38:24,4.37,--,30,13110,买盘
1357,09:38:18,4.37,0.01,229,100073,买盘
1358,09:38:14,4.36,-0.01,20,8720,卖盘
1359,09:38:09,4.37,--,104,45448,买盘
1360,09:38:03,4.37,0.01,579,253023,买盘
1361,09:37:59,4.36,-0.01,21,9156,卖盘
1362,09:37:48,4.37,--,1,437,买盘
1363,09:37:39,4.37,--,123,53751,卖盘
1364,09:37:33,4.37,-0.01,45,19665,卖盘
1365,09:37:24,4.38,--,30,13140,买盘
1366,09:37:18,4.38,--,92,40296,买盘
1367,09:37:09,4.38,--,166,72708,买盘
1368,09:37:03,4.38,--,314,137532,卖盘
1369,09:36:54,4.38,0.01,186,81468,买盘
1370,09:36:39,4.37,-0.01,1109,484633,卖盘
1371,09:36:24,4.38,--,41,17958,买盘
1372,09:36:14,4.38,--,91,39858,买盘
1373,09:36:09,4.38,0.01,20,8760,买盘
1374,09:36:03,4.37,--,200,87400,卖盘
1375,09:35:54,4.37,--,143,62491,买盘
1376,09:35:48,4.37,--,151,65987,买盘
1377,09:35:43,4.37,--,120,52440,买盘
1378,09:35:33,4.37,0.01,15,6555,买盘
1379,09:35:18,4.36,--,317,138212,买盘
1380,09:35:14,4.36,0.01,3,1308,买盘
1381,09:35:09,4.35,--,1,434,买盘
1382,09:35:03,4.35,--,49,21315,买盘
1383,09:34:54,4.35,--,9,3914,买盘
1384,09:34:48,4.35,0.01,72,31319,买盘
1385,09:34:43,4.34,-0.01,660,286440,卖盘
1386,09:34:38,4.35,--,65,28274,买盘
1387,09:33:58,4.35,--,177,76995,卖盘
1388,09:33:43,4.35,--,51,22185,买盘
1389,09:33:28,4.35,--,520,226199,买盘
1390,09:33:18,4.35,--,50,21750,买盘
1391,09:33:13,4.35,--,55,23924,买盘
1392,09:33:08,4.35,--,50,21750,买盘
1393,09:32:58,4.35,--,20,8700,买盘
1394,09:32:48,4.35,--,200,87000,买盘
1395,09:32:43,4.35,--,4,1739,买盘
1396,09:32:28,4.35,0.01,100,43500,买盘
1397,09:31:57,4.34,-0.01,115,49910,卖盘
1398,09:31:48,4.35,--,2,869,买盘
1399,09:31:33,4.35,--,53,23054,买盘
1400,09:31:27,4.35,--,210,91349,买盘
1401,09:31:23,4.35,--,10,4350,买盘
1402,09:31:18,4.35,--,14,6089,卖盘
1403,09:31:12,4.35,--,9,3914,卖盘
1404,09:31:08,4.35,--,16,6959,卖盘
1405,09:30:57,4.35,--,5,2175,卖盘
1406,09:30:42,4.35,--,0,0,卖盘
1407,09:30:38,4.35,--,6,2610,买盘
1408,09:30:23,4.35,--,7,3044,买盘
1409,09:30:12,4.35,-0.01,19,8265,卖盘
1410,09:30:08,4.36,4.36,100,43600,买盘
