,time,price,change,volume,amount,type
0,15:00:00,8.84,--,0,0,买盘
1,15:00:00,8.84,--,0,0,买盘
2,14:59:57,8.84,--,288,255034,买盘
3,14:59:52,8.84,--,20,17680,买盘
4,14:59:42,8.84,-0.01,67,59228,卖盘
5,14:59:36,8.85,--,46,40710,买盘
6,14:59:32,8.85,0.01,110,97350,买盘
7,14:59:27,8.84,--,5,4420,卖盘
8,14:59:22,8.84,0.01,77,68068,买盘
9,14:59:02,8.83,--,20,17660,卖盘
10,14:58:52,8.83,0.01,34,30463,买盘
11,14:58:37,8.82,--,14,12348,卖盘
12,14:58:25,8.82,--,16,14112,卖盘
13,14:58:06,8.82,--,3,2646,卖盘
14,14:57:51,8.82,--,5,4410,卖盘
15,14:57:40,8.82,-0.01,10,8820,卖盘
16,14:57:36,8.83,--,18,15894,买盘
17,14:57:31,8.83,-0.01,125,110816,卖盘
18,14:57:25,8.84,--,77,68068,买盘
19,14:57:16,8.84,--,3,2652,买盘
20,14:57:01,8.84,--,10,8840,买盘
21,14:56:51,8.84,0.01,5,4420,买盘
22,14:56:46,8.83,-0.01,21,18543,卖盘
23,14:56:40,8.84,-0.01,1,884,买盘
24,14:56:36,8.85,0.01,560,495600,买盘
25,14:56:26,8.84,--,19,16796,买盘
26,14:56:11,8.84,-0.01,17,15028,卖盘
27,14:56:06,8.85,--,0,0,买盘
28,14:55:56,8.85,0.02,50,44250,买盘
29,14:55:51,8.83,--,9,7947,卖盘
30,14:55:46,8.83,-0.02,123,109050,卖盘
31,14:55:40,8.85,0.01,44,38940,买盘
32,14:55:36,8.84,--,3,2652,买盘
33,14:55:31,8.84,-0.01,2,1768,卖盘
34,14:55:21,8.85,--,0,0,买盘
35,14:55:10,8.85,0.01,50,44250,买盘
36,14:54:55,8.84,0.01,3,2652,买盘
37,14:54:46,8.83,-0.02,20,17660,卖盘
38,14:54:41,8.85,0.01,56,49560,买盘
39,14:54:36,8.84,--,4,3536,买盘
40,14:54:31,8.84,0.01,9,7956,买盘
41,14:54:26,8.83,--,3,2649,卖盘
42,14:54:21,8.83,-0.01,3,2649,卖盘
43,14:54:06,8.84,0.02,8,7072,买盘
44,14:53:51,8.82,--,2,1764,卖盘
45,14:53:40,8.82,--,0,0,卖盘
46,14:53:36,8.82,0.01,2,1764,卖盘
47,14:53:30,8.81,--,0,0,卖盘
48,14:53:21,8.81,--,0,0,卖盘
49,14:53:11,8.81,--,20,17620,卖盘
50,14:53:00,8.81,-0.05,10,8810,卖盘
51,14:52:56,8.86,0.05,2500,2215000,买盘
52,14:52:51,8.81,--,30,26430,卖盘
53,14:52:21,8.81,0.01,3,2643,买盘
54,14:52:10,8.8,--,8,7040,卖盘
55,14:51:55,8.8,--,0,0,卖盘
56,14:51:41,8.8,-0.01,239,210320,卖盘
57,14:51:30,8.81,--,3,2643,卖盘
58,14:51:25,8.81,--,36,31716,卖盘
59,14:51:04,8.81,--,49,43169,卖盘
60,14:50:55,8.81,-0.01,1,881,卖盘
61,14:50:49,8.82,0.01,21,18522,买盘
62,14:50:45,8.81,--,20,17620,卖盘
63,14:50:34,8.81,--,3,2643,卖盘
64,14:50:30,8.81,--,3,2643,卖盘
65,14:50:10,8.81,-0.01,2,1762,卖盘
66,14:50:04,8.82,--,61,53802,买盘
67,14:49:34,8.82,0.01,31,27342,买盘
68,14:49:19,8.81,--,90,79290,卖盘
69,14:49:04,8.81,--,12,10572,卖盘
70,14:49:00,8.81,--,3,2643,卖盘
71,14:48:45,8.81,-0.01,2,1762,卖盘
72,14:48:40,8.82,--,5,4410,买盘
73,14:48:30,8.82,--,9,7938,买盘
74,14:48:19,8.82,0.01,31,27342,买盘
75,14:48:15,8.81,-0.01,61,53741,卖盘
76,14:47:49,8.82,0.01,8,7056,买盘
77,14:47:45,8.81,-0.01,1,881,卖盘
78,14:47:15,8.82,--,46,40572,买盘
79,14:47:04,8.82,0.01,8,7056,买盘
80,14:47:00,8.81,--,71,62551,卖盘
81,14:46:34,8.81,--,50,44050,卖盘
82,14:46:20,8.81,--,1,881,卖盘
83,14:46:04,8.81,--,2,1762,卖盘
84,14:46:00,8.81,--,39,34359,卖盘
85,14:45:54,8.81,--,40,35240,卖盘
86,14:45:49,8.81,--,3,2643,卖盘
87,14:45:39,8.81,--,20,17620,卖盘
88,14:45:19,8.81,--,5,4405,卖盘
89,14:44:58,8.81,--,5,4405,卖盘
90,14:44:54,8.81,--,1,881,卖盘
91,14:44:39,8.81,--,5,4405,卖盘
92,14:44:29,8.81,--,59,51979,卖盘
93,14:44:13,8.81,-0.01,3,2643,卖盘
94,14:43:54,8.82,0.01,5,4410,买盘
95,14:43:49,8.81,--,3,2643,卖盘
96,14:43:43,8.81,--,7,6167,卖盘
97,14:43:34,8.81,--,1,881,卖盘
98,14:43:24,8.81,--,51,44931,卖盘
99,14:42:58,8.81,--,30,26430,卖盘
100,14:42:09,8.81,--,61,53741,卖盘
101,14:41:43,8.81,--,3,2643,卖盘
102,14:41:39,8.81,-0.01,6,5286,卖盘
103,14:41:24,8.82,--,53,46746,卖盘
104,14:41:19,8.82,--,3,2646,卖盘
105,14:40:54,8.82,--,55,48510,卖盘
106,14:40:39,8.82,--,10,8820,卖盘
107,14:40:24,8.82,--,79,69678,买盘
108,14:40:13,8.82,0.01,7,6174,买盘
109,14:40:09,8.81,-0.01,1,881,卖盘
110,14:39:28,8.82,-0.01,2,1764,卖盘
111,14:39:13,8.83,0.01,25,22075,买盘
112,14:38:59,8.82,--,42,37044,卖盘
113,14:38:54,8.82,--,5,4410,卖盘
114,14:38:48,8.82,--,20,17640,卖盘
115,14:38:24,8.82,--,9,7938,卖盘
116,14:38:13,8.82,--,27,23814,买盘
117,14:37:18,8.82,--,281,247842,卖盘
118,14:37:03,8.82,-0.01,10,8820,卖盘
119,14:36:18,8.83,0.01,5,4415,买盘
120,14:36:13,8.82,-0.01,50,44100,卖盘
121,14:36:03,8.83,0.01,6,5298,买盘
122,14:35:57,8.82,-0.01,20,17640,卖盘
123,14:35:48,8.83,0.01,35,30905,买盘
124,14:35:07,8.82,-0.01,10,8820,卖盘
125,14:34:33,8.83,0.01,50,44150,买盘
126,14:33:48,8.82,-0.01,32,28224,卖盘
127,14:33:43,8.83,--,80,70640,买盘
128,14:33:28,8.83,--,50,44150,买盘
129,14:33:17,8.83,--,89,78587,买盘
130,14:32:57,8.83,0.01,20,17660,买盘
131,14:32:53,8.82,--,10,8820,卖盘
132,14:32:47,8.82,--,84,74088,卖盘
133,14:32:42,8.82,--,10,8820,卖盘
134,14:32:33,8.82,-0.01,5,4410,卖盘
135,14:32:27,8.83,--,20,17660,买盘
136,14:32:22,8.83,--,213,188079,买盘
137,14:32:07,8.83,--,9,7947,买盘
138,14:32:03,8.83,0.01,18,15894,买盘
139,14:31:52,8.82,--,17,14994,买盘
140,14:31:48,8.82,--,20,17640,买盘
141,14:31:33,8.82,--,2,1764,买盘
142,14:31:22,8.82,--,30,26460,买盘
143,14:31:06,8.82,--,15,13230,买盘
144,14:30:42,8.82,0.01,21,18522,买盘
145,14:30:32,8.81,-0.01,5,4405,卖盘
146,14:30:27,8.82,--,11,9702,买盘
147,14:30:22,8.82,--,50,44100,买盘
148,14:30:01,8.82,0.01,40,35280,买盘
149,14:29:57,8.81,-0.01,40,35240,卖盘
150,14:29:46,8.82,--,50,44100,买盘
151,14:29:16,8.82,0.01,3,2646,买盘
152,14:29:01,8.81,--,15,13215,卖盘
153,14:28:27,8.81,-0.01,1,881,卖盘
154,14:28:12,8.82,0.01,10,8820,买盘
155,14:27:57,8.81,--,10,8810,卖盘
156,14:27:46,8.81,--,1,881,卖盘
157,14:27:32,8.81,-0.01,3,2643,卖盘
158,14:27:27,8.82,0.01,1,882,买盘
159,14:27:22,8.81,-0.01,11,9691,卖盘
160,14:27:17,8.82,0.01,10,8820,买盘
161,14:27:11,8.81,--,64,56384,卖盘
162,14:27:01,8.81,-0.01,8,7048,卖盘
163,14:26:41,8.82,--,33,29106,买盘
164,14:26:31,8.82,--,105,92610,买盘
165,14:26:12,8.82,--,5,4410,买盘
166,14:26:01,8.82,--,50,44100,买盘
167,14:25:46,8.82,--,9,7938,买盘
168,14:25:27,8.82,0.01,102,89964,买盘
169,14:25:16,8.81,--,34,29954,卖盘
170,14:24:57,8.81,-0.01,1,881,卖盘
171,14:24:47,8.82,--,50,44100,买盘
172,14:24:41,8.82,--,10,8820,买盘
173,14:24:36,8.82,0.01,10,8820,买盘
174,14:24:21,8.81,-0.01,20,17620,卖盘
175,14:24:16,8.82,0.02,20,17640,买盘
176,14:24:11,8.8,--,0,0,卖盘
177,14:23:26,8.8,-0.02,15,13200,中性盘
178,14:23:06,8.82,-0.01,17,14994,买盘
179,14:22:51,8.83,--,0,0,买盘
180,14:22:36,8.83,--,50,44150,买盘
181,14:22:16,8.83,--,50,44150,买盘
182,14:21:55,8.83,0.02,390,344370,买盘
183,14:21:51,8.81,0.05,5,4405,买盘
184,14:21:25,8.76,-0.05,500,438000,卖盘
185,14:21:06,8.81,0.03,215,189415,买盘
186,14:20:46,8.78,--,332,291496,买盘
187,14:20:36,8.78,--,4,3511,买盘
188,14:20:06,8.78,0.01,24,21072,买盘
189,14:19:46,8.77,0.01,100,87700,买盘
190,14:19:20,8.76,--,8,7008,卖盘
191,14:18:51,8.76,--,246,215496,买盘
192,14:18:15,8.76,0.01,50,43800,买盘
193,14:17:50,8.75,-0.01,1,875,卖盘
194,14:17:35,8.76,--,9,7884,买盘
195,14:17:29,8.76,-0.01,110,96360,卖盘
196,14:17:10,8.77,0.01,3,2631,买盘
197,14:17:05,8.76,--,1,876,卖盘
198,14:16:50,8.76,--,2,1752,卖盘
199,14:15:40,8.76,--,17,14892,卖盘
200,14:15:15,8.76,--,60,52560,卖盘
201,14:14:49,8.76,0.01,1,876,卖盘
202,14:14:34,8.75,--,0,0,卖盘
203,14:13:54,8.75,--,6,5250,买盘
204,14:13:44,8.75,--,50,43750,买盘
205,14:13:34,8.75,--,25,21875,买盘
206,14:13:29,8.75,--,25,21875,买盘
207,14:13:19,8.75,-0.03,194,169750,卖盘
208,14:12:45,8.78,--,0,0,买盘
209,14:12:39,8.78,0.01,15,13169,买盘
210,14:12:15,8.77,0.02,48,42096,买盘
211,14:11:34,8.75,--,0,0,卖盘
212,14:11:09,8.75,0.01,10,8750,卖盘
213,14:10:49,8.74,--,0,0,卖盘
214,14:10:18,8.74,--,140,122770,买盘
215,14:10:14,8.74,--,24,20976,买盘
216,14:10:09,8.74,--,5,4370,买盘
217,14:09:53,8.74,-0.02,446,390267,卖盘
218,14:09:19,8.76,-0.01,1,876,卖盘
219,14:08:54,8.77,--,10,8770,买盘
220,14:07:13,8.77,--,14,12278,买盘
221,14:06:43,8.77,0.01,1,877,买盘
222,14:06:38,8.76,--,0,0,卖盘
223,14:06:28,8.76,-0.01,102,89352,买盘
224,14:06:13,8.77,--,20,17540,卖盘
225,14:06:08,8.77,0.01,305,267485,买盘
226,14:05:58,8.76,--,20,17520,卖盘
227,14:05:43,8.76,0.01,50,43800,卖盘
228,14:05:13,8.75,--,0,0,卖盘
229,14:04:28,8.75,-0.02,60,52500,卖盘
230,14:04:23,8.77,0.01,15,13155,买盘
231,14:04:03,8.76,--,15,13140,买盘
232,14:03:32,8.76,--,10,8760,卖盘
233,14:02:32,8.76,--,10,8760,买盘
234,14:02:23,8.76,--,10,8760,买盘
235,14:02:02,8.76,--,10,8760,买盘
236,14:01:13,8.76,--,7,6132,买盘
237,14:01:08,8.76,--,24,21024,买盘
238,14:00:58,8.76,--,10,8760,买盘
239,14:00:53,8.76,--,170,148920,买盘
240,14:00:47,8.76,--,30,26280,买盘
241,14:00:38,8.76,--,15,13140,买盘
242,14:00:32,8.76,0.01,6,5256,买盘
243,14:00:23,8.75,-0.01,20,17500,卖盘
244,13:59:53,8.76,--,9,7884,买盘
245,13:59:38,8.76,--,11,9636,买盘
246,13:59:02,8.76,0.01,5,4380,买盘
247,13:58:52,8.75,--,4,3500,卖盘
248,13:58:17,8.75,--,10,8750,卖盘
249,13:58:12,8.75,--,144,126411,买盘
250,13:57:52,8.75,--,6,5250,买盘
251,13:55:56,8.75,--,20,17500,买盘
252,13:55:11,8.75,--,4,3500,卖盘
253,13:55:06,8.75,--,2,1750,卖盘
254,13:54:17,8.75,--,1,875,卖盘
255,13:53:47,8.75,--,7,6125,卖盘
256,13:53:16,8.75,--,1,875,卖盘
257,13:53:06,8.75,0.01,45,39375,买盘
258,13:52:47,8.74,0.01,1,874,卖盘
259,13:52:41,8.73,--,0,0,卖盘
260,13:51:36,8.73,-0.01,5,4365,卖盘
261,13:51:32,8.74,0.01,6,5934,买盘
262,13:50:45,8.73,-0.01,5,4365,卖盘
263,13:49:11,8.74,--,10,8740,买盘
264,13:48:35,8.74,0.01,6,5244,买盘
265,13:48:26,8.73,--,30,26190,卖盘
266,13:48:01,8.73,-0.01,10,8730,卖盘
267,13:47:41,8.74,--,6,5427,卖盘
268,13:47:35,8.74,--,50,43700,卖盘
269,13:47:30,8.74,-0.01,50,43700,卖盘
270,13:46:50,8.75,--,10,8750,卖盘
271,13:46:35,8.75,--,19,16625,卖盘
272,13:45:05,8.75,0.01,72,63000,买盘
273,13:44:26,8.74,--,100,87400,卖盘
274,13:43:56,8.74,--,5,4370,卖盘
275,13:43:40,8.74,--,58,51382,买盘
276,13:43:25,8.74,--,4,3496,买盘
277,13:43:05,8.74,--,25,21850,买盘
278,13:42:05,8.74,-0.01,42,36708,卖盘
279,13:41:14,8.75,--,20,17500,买盘
280,13:40:49,8.75,--,5,4375,买盘
281,13:39:34,8.75,--,14,12250,买盘
282,13:38:44,8.75,--,1,875,买盘
283,13:38:29,8.75,--,7,6125,买盘
284,13:38:19,8.75,--,14,12250,买盘
285,13:38:14,8.75,--,35,30625,买盘
286,13:37:59,8.75,--,30,26250,买盘
287,13:37:54,8.75,--,200,175000,买盘
288,13:37:49,8.75,--,10,8750,买盘
289,13:37:34,8.75,--,73,63875,买盘
290,13:37:29,8.75,0.01,25,21875,买盘
291,13:36:59,8.74,-0.01,7,6118,卖盘
292,13:36:53,8.75,0.01,5,4375,买盘
293,13:36:44,8.74,--,20,17480,卖盘
294,13:35:38,8.74,--,54,47196,买盘
295,13:35:34,8.74,--,6,5244,买盘
296,13:35:29,8.74,--,31,27094,买盘
297,13:35:19,8.74,0.01,14,12236,买盘
298,13:35:03,8.73,--,25,21825,卖盘
299,13:34:43,8.73,--,25,21825,买盘
300,13:34:03,8.73,--,11,9603,买盘
301,13:33:38,8.73,--,64,55872,卖盘
302,13:33:33,8.73,--,10,8730,卖盘
303,13:33:14,8.73,--,40,34920,买盘
304,13:33:03,8.73,--,5,4365,买盘
305,13:32:43,8.73,--,84,73332,卖盘
306,13:32:23,8.73,--,11,9603,卖盘
307,13:32:18,8.73,-0.01,10,8730,卖盘
308,13:30:58,8.74,--,4,3496,买盘
309,13:30:43,8.74,--,2,1748,买盘
310,13:29:08,8.74,0.01,15,13110,买盘
311,13:28:28,8.73,--,10,8730,卖盘
312,13:26:02,8.73,--,2,1746,买盘
313,13:25:27,8.73,-0.01,41,35793,卖盘
314,13:24:47,8.74,0.01,50,43700,买盘
315,13:24:27,8.73,-0.01,30,26190,卖盘
316,13:23:17,8.74,--,3,2622,买盘
317,13:18:31,8.74,0.01,14,12236,买盘
318,13:18:02,8.73,--,11,9603,卖盘
319,13:16:26,8.73,--,10,8730,卖盘
320,13:16:05,8.73,--,0,0,中性盘
321,13:15:56,8.73,--,2,1746,买盘
322,13:15:41,8.73,--,5,4365,卖盘
323,13:15:21,8.73,--,2,1746,卖盘
324,13:15:01,8.73,0.01,6,5238,买盘
325,13:14:36,8.72,--,15,13080,卖盘
326,13:14:16,8.72,-0.01,1,872,卖盘
327,13:14:11,8.73,--,2,1746,买盘
328,13:13:11,8.73,-0.01,6,5238,卖盘
329,13:11:25,8.74,0.01,10,8740,买盘
330,13:10:55,8.73,--,7,6111,买盘
331,13:10:35,8.73,--,10,8730,买盘
332,13:10:20,8.73,--,1,873,买盘
333,13:10:10,8.73,0.01,8,6984,买盘
334,13:09:50,8.72,-0.01,1,872,卖盘
335,13:08:40,8.73,--,6,5238,买盘
336,13:08:30,8.73,0.02,8,6984,买盘
337,13:07:50,8.71,--,1,871,卖盘
338,13:07:10,8.71,--,0,0,卖盘
339,13:06:50,8.71,--,20,17420,卖盘
340,13:06:24,8.71,--,379,330109,卖盘
341,13:06:20,8.71,-0.01,10,8710,卖盘
342,13:05:29,8.72,-0.02,221,192712,卖盘
343,13:05:14,8.74,0.02,10,8740,买盘
344,13:05:04,8.72,-0.02,13,11336,卖盘
345,13:04:39,8.74,--,0,0,买盘
346,13:01:34,8.74,--,0,0,买盘
347,13:00:44,8.74,-0.01,1,874,买盘
348,13:00:09,8.75,--,10,8750,买盘
349,13:00:04,8.75,--,37,32375,买盘
350,11:30:00,8.75,--,0,0,买盘
351,11:29:59,8.75,--,0,0,买盘
352,11:29:50,8.75,0.01,7,6125,买盘
353,11:29:26,8.74,--,1,874,买盘
354,11:29:20,8.74,--,80,69920,买盘
355,11:29:05,8.74,--,5,4370,买盘
356,11:28:45,8.74,--,0,0,买盘
357,11:28:05,8.74,0.03,27,23598,买盘
358,11:27:10,8.71,--,15,13065,卖盘
359,11:26:51,8.71,--,0,0,卖盘
360,11:26:29,8.71,--,182,158609,买盘
361,11:26:25,8.71,-0.03,117,102690,卖盘
362,11:26:20,8.74,--,10,8740,买盘
363,11:25:20,8.74,0.01,3,2622,买盘
364,11:25:10,8.73,--,4,3492,卖盘
365,11:24:55,8.73,--,3,2619,买盘
366,11:23:50,8.73,--,3,2619,买盘
367,11:22:35,8.73,0.01,3,2619,买盘
368,11:21:59,8.72,--,2,1744,卖盘
369,11:21:50,8.72,--,57,49704,买盘
370,11:20:59,8.72,--,12,10464,买盘
371,11:20:14,8.72,0.01,1,872,买盘
372,11:19:59,8.71,--,2,1742,卖盘
373,11:19:38,8.71,--,38,33098,卖盘
374,11:19:33,8.71,--,0,0,卖盘
375,11:19:29,8.71,--,2,1742,卖盘
376,11:18:59,8.71,--,2,1742,卖盘
377,11:18:53,8.71,-0.03,169,147199,卖盘
378,11:18:49,8.74,0.02,3,2622,买盘
379,11:18:29,8.72,--,2,1744,买盘
380,11:18:14,8.72,--,8,6976,买盘
381,11:17:58,8.72,-0.02,80,69760,卖盘
382,11:16:33,8.74,0.01,3,2622,买盘
383,11:16:29,8.73,--,13,11349,买盘
384,11:16:04,8.73,--,9,7857,买盘
385,11:15:48,8.73,0.01,3,2619,买盘
386,11:15:44,8.72,--,78,68016,买盘
387,11:14:44,8.72,0.01,10,8807,买盘
388,11:14:29,8.71,-0.01,2,1742,卖盘
389,11:14:18,8.72,--,4,3488,买盘
390,11:14:08,8.72,0.01,50,43600,买盘
391,11:13:47,8.71,-0.01,9,7839,卖盘
392,11:13:38,8.72,--,10,8720,买盘
393,11:13:29,8.72,--,5,4360,买盘
394,11:13:08,8.72,0.01,3,2616,买盘
395,11:12:02,8.71,--,10,8710,卖盘
396,11:11:53,8.71,-0.01,60,52260,卖盘
397,11:11:23,8.72,--,4,3488,买盘
398,11:11:08,8.72,--,5,4360,买盘
399,11:09:28,8.72,--,28,24416,买盘
400,11:08:43,8.72,-0.01,12,10464,卖盘
401,11:08:28,8.73,0.01,23,20079,买盘
402,11:08:23,8.72,--,31,27032,卖盘
403,11:07:58,8.72,--,2,1744,卖盘
404,11:07:12,8.72,--,11,9592,买盘
405,11:07:08,8.72,--,7,6104,买盘
406,11:06:53,8.72,--,10,8720,买盘
407,11:06:47,8.72,--,9,7848,买盘
408,11:06:26,8.72,--,6,5232,买盘
409,11:06:17,8.72,--,20,17440,买盘
410,11:06:07,8.72,--,34,29648,买盘
411,11:06:02,8.72,0.01,36,31392,买盘
412,11:05:47,8.71,--,7,6097,卖盘
413,11:04:36,8.71,--,4,3484,买盘
414,11:04:32,8.71,--,50,43550,买盘
415,11:04:26,8.71,--,20,17420,买盘
416,11:04:20,8.71,--,3,2613,买盘
417,11:04:07,8.71,--,8,6968,买盘
418,11:03:51,8.71,0.01,30,26130,买盘
419,11:03:41,8.7,-0.01,13,11309,卖盘
420,11:03:17,8.71,--,3,2613,买盘
421,11:03:06,8.71,0.01,2,1742,买盘
422,11:02:47,8.7,-0.01,87,75690,卖盘
423,11:02:26,8.71,--,5,4355,卖盘
424,11:02:17,8.71,-0.01,34,29614,卖盘
425,11:02:11,8.72,0.01,1,872,买盘
426,11:02:02,8.71,--,10,8710,卖盘
427,11:01:47,8.71,-0.01,30,26130,卖盘
428,11:01:17,8.72,--,5,4360,买盘
429,11:00:51,8.72,--,26,22672,卖盘
430,11:00:47,8.72,--,20,17440,卖盘
431,11:00:32,8.72,-0.01,20,17440,卖盘
432,11:00:05,8.73,0.01,4,3492,买盘
433,10:59:26,8.72,-0.01,3,2616,卖盘
434,10:58:50,8.73,--,3,2619,买盘
435,10:58:31,8.73,0.01,5,4365,买盘
436,10:56:45,8.72,--,20,17440,卖盘
437,10:56:41,8.72,--,0,0,卖盘
438,10:55:45,8.72,--,42,36624,卖盘
439,10:55:30,8.72,--,44,38368,买盘
440,10:55:11,8.72,0.02,24,20928,买盘
441,10:54:56,8.7,-0.01,20,17400,卖盘
442,10:54:50,8.71,0.01,187,162877,买盘
443,10:54:41,8.7,--,50,43500,卖盘
444,10:54:25,8.7,--,2,1739,买盘
445,10:54:20,8.7,--,8,6959,卖盘
446,10:53:44,8.7,0.01,9,7829,买盘
447,10:53:20,8.69,-0.01,7,6083,卖盘
448,10:53:05,8.7,--,10,8700,买盘
449,10:52:59,8.7,--,82,71340,卖盘
450,10:52:55,8.7,--,84,73080,卖盘
451,10:52:44,8.7,--,88,76560,卖盘
452,10:52:40,8.7,--,338,294060,卖盘
453,10:52:35,8.7,-0.02,601,522869,卖盘
454,10:52:29,8.72,--,0,0,买盘
455,10:52:20,8.72,--,0,0,买盘
456,10:52:10,8.72,0.02,84,73248,买盘
457,10:51:59,8.7,-0.01,20,17400,卖盘
458,10:51:55,8.71,--,30,26130,卖盘
459,10:51:50,8.71,--,7,6097,卖盘
460,10:51:40,8.71,--,10,8710,卖盘
461,10:51:29,8.71,-0.01,350,304850,卖盘
462,10:51:25,8.72,--,284,247648,卖盘
463,10:51:20,8.72,--,50,43600,卖盘
464,10:51:14,8.72,-0.01,30,26160,卖盘
465,10:50:55,8.73,-0.01,25,21825,卖盘
466,10:50:50,8.74,--,1,874,买盘
467,10:50:40,8.74,--,68,59895,卖盘
468,10:50:35,8.74,--,68,59772,卖盘
469,10:50:20,8.74,0.01,12,10557,买盘
470,10:50:05,8.73,-0.01,4,3492,卖盘
471,10:49:59,8.74,0.01,20,17480,买盘
472,10:49:44,8.73,-0.01,30,26190,卖盘
473,10:49:35,8.74,0.02,95,83030,买盘
474,10:49:29,8.72,--,0,0,卖盘
475,10:49:20,8.72,--,11,9592,卖盘
476,10:49:10,8.72,-0.01,48,41856,卖盘
477,10:49:05,8.73,0.01,68,59364,买盘
478,10:48:59,8.72,--,2,1744,卖盘
479,10:48:35,8.72,-0.01,6,5232,卖盘
480,10:48:25,8.73,0.01,20,17460,买盘
481,10:48:20,8.72,-0.01,8,6976,卖盘
482,10:48:14,8.73,0.01,10,8730,买盘
483,10:48:05,8.72,-0.01,10,8720,卖盘
484,10:47:55,8.73,--,33,28809,卖盘
485,10:47:40,8.73,--,5,4365,卖盘
486,10:46:59,8.73,-0.01,300,261900,卖盘
487,10:46:19,8.74,-0.01,111,97818,卖盘
488,10:45:49,8.75,--,4,3500,买盘
489,10:44:34,8.75,--,10,8750,买盘
490,10:43:49,8.75,--,60,52500,卖盘
491,10:43:34,8.75,0.01,20,17500,买盘
492,10:43:19,8.74,--,1,874,卖盘
493,10:42:29,8.74,--,50,43700,卖盘
494,10:42:23,8.74,-0.01,10,8740,卖盘
495,10:42:03,8.75,--,21,18375,卖盘
496,10:41:44,8.75,--,22,19250,买盘
497,10:41:33,8.75,--,8,7000,卖盘
498,10:40:58,8.75,--,31,27125,卖盘
499,10:40:44,8.75,--,70,61250,卖盘
500,10:38:23,8.75,--,6,5250,卖盘
501,10:38:08,8.75,-0.01,31,27125,卖盘
502,10:38:02,8.76,0.02,55,48180,买盘
503,10:37:58,8.74,--,0,0,卖盘
504,10:37:53,8.74,--,0,0,卖盘
505,10:37:32,8.74,-0.01,31,27094,卖盘
506,10:37:22,8.75,-0.01,56,49000,卖盘
507,10:37:07,8.76,--,3,2628,买盘
508,10:36:47,8.76,--,8,7008,买盘
509,10:36:43,8.76,0.01,15,13140,买盘
510,10:36:17,8.75,--,24,21000,买盘
511,10:36:07,8.75,--,10,8750,买盘
512,10:35:52,8.75,--,36,31500,买盘
513,10:35:28,8.75,--,11,9625,买盘
514,10:34:52,8.75,-0.01,65,56875,卖盘
515,10:34:07,8.76,0.01,6,5256,买盘
516,10:33:47,8.75,-0.01,20,17500,买盘
517,10:33:37,8.76,--,12,10512,买盘
518,10:33:17,8.76,--,2,1752,买盘
519,10:33:11,8.76,0.01,6,5256,买盘
520,10:32:56,8.75,--,27,23625,买盘
521,10:32:17,8.75,0.01,3,2625,卖盘
522,10:32:07,8.74,--,0,0,卖盘
523,10:31:17,8.74,--,0,69,卖盘
524,10:30:52,8.74,-0.01,29,25346,卖盘
525,10:30:47,8.75,--,10,8750,买盘
526,10:30:41,8.75,0.01,2,1750,买盘
527,10:30:31,8.74,-0.01,36,31464,卖盘
528,10:30:17,8.75,-0.01,20,18305,卖盘
529,10:29:56,8.76,--,62,54312,买盘
530,10:29:46,8.76,--,11,9636,买盘
531,10:29:37,8.76,0.01,12,10512,买盘
532,10:29:25,8.75,--,12,10500,卖盘
533,10:29:22,8.75,-0.02,102,89250,卖盘
534,10:29:01,8.77,0.01,19,16663,买盘
535,10:28:31,8.76,-0.01,2,1752,卖盘
536,10:27:52,8.77,0.01,3,2631,买盘
537,10:27:11,8.76,--,5,4380,卖盘
538,10:26:56,8.76,0.01,144,126144,买盘
539,10:26:41,8.75,-0.01,38,33250,卖盘
540,10:26:31,8.76,0.01,37,32412,买盘
541,10:25:35,8.75,0.01,15,13195,买盘
542,10:25:16,8.74,--,31,27094,卖盘
543,10:25:11,8.74,-0.01,18,15732,卖盘
544,10:24:56,8.75,--,15,13930,卖盘
545,10:24:20,8.75,--,0,0,卖盘
546,10:24:11,8.75,-0.01,72,63000,卖盘
547,10:24:00,8.76,--,18,15768,卖盘
548,10:23:55,8.76,--,50,43800,卖盘
549,10:23:40,8.76,--,44,38544,卖盘
550,10:23:10,8.76,--,25,21900,买盘
551,10:23:01,8.76,0.01,3,2628,买盘
552,10:22:55,8.75,--,4,3500,卖盘
553,10:22:40,8.75,--,43,37695,买盘
554,10:22:16,8.75,--,2,1750,买盘
555,10:22:10,8.75,--,10,8750,买盘
556,10:22:05,8.75,0.01,35,30625,买盘
557,10:22:01,8.74,--,12,10488,卖盘
558,10:21:31,8.74,--,25,21850,卖盘
559,10:21:01,8.74,--,7,6118,买盘
560,10:20:40,8.74,--,28,24472,卖盘
561,10:20:25,8.74,-0.01,1,874,卖盘
562,10:20:20,8.75,--,22,19250,买盘
563,10:20:14,8.75,0.01,2,1750,买盘
564,10:20:10,8.74,-0.01,33,28842,卖盘
565,10:19:55,8.75,0.01,110,96250,买盘
566,10:19:29,8.74,--,7,6118,卖盘
567,10:19:25,8.74,-0.01,5,4370,卖盘
568,10:19:10,8.75,--,56,49008,卖盘
569,10:18:50,8.75,0.01,26,23616,买盘
570,10:18:10,8.74,-0.01,6,5244,卖盘
571,10:17:40,8.75,-0.01,183,160133,卖盘
572,10:17:10,8.76,--,58,50808,买盘
573,10:17:04,8.76,0.01,6,5256,买盘
574,10:16:44,8.75,--,20,17500,卖盘
575,10:16:40,8.75,-0.01,3,2625,卖盘
576,10:16:10,8.76,--,20,17520,买盘
577,10:15:34,8.76,--,20,17520,买盘
578,10:15:29,8.76,--,6,5256,买盘
579,10:15:10,8.76,--,5,4380,买盘
580,10:14:59,8.76,--,10,8760,买盘
581,10:14:55,8.76,--,1,876,买盘
582,10:14:49,8.76,--,3,2628,买盘
583,10:14:40,8.76,--,66,57816,买盘
584,10:14:34,8.76,0.01,10,8760,买盘
585,10:14:29,8.75,--,9,7875,卖盘
586,10:14:04,8.75,-0.01,0,866,卖盘
587,10:13:39,8.76,-0.01,37,32412,卖盘
588,10:13:34,8.77,0.01,19,16663,买盘
589,10:13:19,8.76,--,21,18396,卖盘
590,10:12:59,8.76,--,25,21900,卖盘
591,10:12:44,8.76,--,27,23652,卖盘
592,10:12:38,8.76,--,2,1752,卖盘
593,10:12:34,8.76,--,4,3504,卖盘
594,10:12:29,8.76,0.01,4,3504,卖盘
595,10:12:19,8.75,-0.01,20,17500,卖盘
596,10:11:53,8.76,0.01,37,32412,买盘
597,10:11:29,8.75,--,2,1750,买盘
598,10:11:23,8.75,0.01,10,8750,买盘
599,10:11:08,8.74,-0.01,34,29716,卖盘
600,10:11:04,8.75,0.01,20,17500,买盘
601,10:10:44,8.74,--,37,32338,卖盘
602,10:10:34,8.74,--,11,9614,卖盘
603,10:10:28,8.74,-0.01,16,13984,卖盘
604,10:10:08,8.75,0.01,14,12250,买盘
605,10:10:03,8.74,--,82,71668,买盘
606,10:09:58,8.74,--,18,15732,卖盘
607,10:09:48,8.74,--,13,11362,买盘
608,10:09:43,8.74,--,82,71668,买盘
609,10:09:34,8.74,0.01,115,100510,买盘
610,10:09:28,8.73,--,20,17460,卖盘
611,10:09:19,8.73,--,113,98649,卖盘
612,10:09:13,8.73,--,13,11349,卖盘
613,10:08:49,8.73,-0.01,18,15714,卖盘
614,10:08:43,8.74,--,9,7866,买盘
615,10:08:23,8.74,--,108,94392,卖盘
616,10:08:18,8.74,-0.01,44,38456,卖盘
617,10:08:03,8.75,-0.01,28,24500,买盘
618,10:07:48,8.76,--,0,0,买盘
619,10:07:43,8.76,0.01,3,2628,买盘
620,10:07:38,8.75,--,3,2625,卖盘
621,10:07:28,8.75,--,18,15750,卖盘
622,10:07:18,8.75,-0.01,20,17500,卖盘
623,10:06:28,8.76,--,43,37668,买盘
624,10:06:23,8.76,--,33,28908,卖盘
625,10:06:08,8.76,--,14,12264,买盘
626,10:05:58,8.76,--,1,876,买盘
627,10:05:53,8.76,0.01,1,876,买盘
628,10:05:38,8.75,-0.01,13,11375,卖盘
629,10:05:28,8.76,0.01,4,3504,买盘
630,10:05:23,8.75,--,0,0,卖盘
631,10:05:17,8.75,--,10,8750,卖盘
632,10:05:13,8.75,--,1,875,卖盘
633,10:04:53,8.75,--,72,63000,卖盘
634,10:04:47,8.75,--,1,875,卖盘
635,10:04:43,8.75,-0.03,4,3500,卖盘
636,10:04:32,8.78,--,1,877,买盘
637,10:04:08,8.78,0.04,80,70240,买盘
638,10:03:47,8.74,--,3,2622,卖盘
639,10:03:43,8.74,--,60,52440,买盘
640,10:03:37,8.74,0.01,11,9614,买盘
641,10:03:32,8.73,--,45,39285,卖盘
642,10:03:28,8.73,-0.01,70,61110,卖盘
643,10:03:22,8.74,0.01,15,13110,买盘
644,10:03:13,8.73,-0.01,40,34920,卖盘
645,10:03:02,8.74,--,22,19228,买盘
646,10:02:58,8.74,0.01,126,110124,买盘
647,10:02:52,8.73,-0.01,10,8730,卖盘
648,10:02:43,8.74,0.01,10,8740,买盘
649,10:02:37,8.73,-0.02,47,41031,卖盘
650,10:02:28,8.75,0.01,15,13125,买盘
651,10:02:17,8.74,-0.01,38,33212,卖盘
652,10:01:58,8.75,--,24,21796,卖盘
653,10:01:47,8.75,--,103,90125,卖盘
654,10:01:42,8.75,-0.01,60,52500,卖盘
655,10:01:37,8.76,0.01,18,15768,买盘
656,10:01:32,8.75,--,30,26250,卖盘
657,10:01:27,8.75,--,187,163625,卖盘
658,10:01:22,8.75,--,51,44625,卖盘
659,10:01:17,8.75,--,1,875,卖盘
660,10:01:12,8.75,-0.01,2,1750,卖盘
661,10:00:57,8.76,--,1,876,中性盘
662,10:00:52,8.76,--,5,4380,卖盘
663,10:00:37,8.76,-0.01,20,17520,卖盘
664,10:00:22,8.77,0.01,2,1754,中性盘
665,10:00:17,8.76,--,11,9636,买盘
666,10:00:12,8.76,--,70,61320,卖盘
667,10:00:07,8.76,--,13,11388,卖盘
668,09:59:52,8.76,-0.01,236,206736,卖盘
669,09:59:42,8.77,-0.01,4,3508,卖盘
670,09:59:36,8.78,0.01,2,1755,买盘
671,09:59:32,8.77,-0.01,80,70160,卖盘
672,09:59:17,8.78,--,3,2634,买盘
673,09:59:11,8.78,-0.01,78,68484,卖盘
674,09:59:07,8.79,0.01,6,5273,买盘
675,09:59:02,8.78,-0.01,57,50045,卖盘
676,09:58:47,8.79,0.01,16,14063,买盘
677,09:58:17,8.78,0.01,15,13169,买盘
678,09:58:02,8.77,--,3,2631,卖盘
679,09:57:56,8.77,--,2,1754,卖盘
680,09:57:51,8.77,-0.01,3,2631,卖盘
681,09:57:47,8.78,--,53,46534,买盘
682,09:57:41,8.78,--,8,7023,买盘
683,09:57:37,8.78,0.01,3,2634,买盘
684,09:57:31,8.77,-0.01,3,2631,卖盘
685,09:57:11,8.78,-0.01,35,30729,卖盘
686,09:57:07,8.79,--,67,58892,买盘
687,09:56:52,8.79,0.02,10,8790,买盘
688,09:56:46,8.77,--,0,0,卖盘
689,09:56:41,8.77,-0.02,2,1754,卖盘
690,09:56:37,8.79,--,25,21974,卖盘
691,09:56:31,8.79,-0.01,6,5273,卖盘
692,09:56:26,8.8,0.01,4,3520,买盘
693,09:56:22,8.79,--,2,1757,卖盘
694,09:56:16,8.79,0.02,10,8790,卖盘
695,09:56:06,8.77,--,0,0,卖盘
696,09:55:56,8.77,-0.02,25,21925,卖盘
697,09:55:46,8.79,0.01,77,67683,买盘
698,09:55:31,8.78,0.01,1,877,买盘
699,09:55:26,8.77,--,87,76299,卖盘
700,09:55:07,8.77,-0.01,15,13155,卖盘
701,09:55:01,8.78,--,6,5268,买盘
702,09:54:56,8.78,--,5,4390,买盘
703,09:54:46,8.78,--,52,45656,卖盘
704,09:54:40,8.78,--,10,8780,卖盘
705,09:54:16,8.78,--,10,8780,卖盘
706,09:54:06,8.78,--,6,5268,卖盘
707,09:53:56,8.78,0.02,15,13169,卖盘
708,09:53:46,8.76,-0.01,2,1752,卖盘
709,09:53:41,8.77,--,127,111457,卖盘
710,09:53:31,8.77,--,0,0,卖盘
711,09:53:26,8.77,--,2,1754,卖盘
712,09:53:16,8.77,--,0,0,卖盘
713,09:53:00,8.77,--,2,1754,卖盘
714,09:52:56,8.77,--,35,30695,卖盘
715,09:52:51,8.77,-0.01,14,12278,卖盘
716,09:52:41,8.78,0.01,68,59703,买盘
717,09:52:30,8.77,--,120,105240,卖盘
718,09:52:26,8.77,--,5,4385,卖盘
719,09:52:21,8.77,--,20,17540,卖盘
720,09:52:15,8.77,--,5,4385,卖盘
721,09:51:50,8.77,-0.01,50,43850,卖盘
722,09:51:45,8.78,--,100,87800,买盘
723,09:51:35,8.78,--,1,877,买盘
724,09:51:31,8.78,-0.01,399,350322,卖盘
725,09:51:26,8.79,--,4,3515,买盘
726,09:51:20,8.79,--,3,2636,卖盘
727,09:51:05,8.79,--,0,0,中性盘
728,09:50:50,8.79,--,0,0,中性盘
729,09:50:40,8.79,--,0,0,买盘
730,09:50:35,8.79,0.01,6,5273,买盘
731,09:50:20,8.78,--,1,877,卖盘
732,09:50:10,8.78,-0.01,3,2634,卖盘
733,09:50:05,8.79,0.01,1,878,买盘
734,09:50:01,8.78,--,18,15803,卖盘
735,09:49:55,8.78,--,16,14047,卖盘
736,09:49:50,8.78,--,3,2634,卖盘
737,09:49:45,8.78,--,6,5268,卖盘
738,09:49:40,8.78,-0.01,39,34242,卖盘
739,09:49:30,8.79,0.01,3,2636,买盘
740,09:49:20,8.78,-0.01,10,8780,卖盘
741,09:49:15,8.79,--,2,1757,买盘
742,09:49:00,8.79,--,11,9668,卖盘
743,09:48:55,8.79,--,9,7910,买盘
744,09:48:45,8.79,--,50,43949,买盘
745,09:48:40,8.79,--,1,878,卖盘
746,09:48:35,8.79,--,100,87899,卖盘
747,09:48:30,8.79,--,8,7031,卖盘
748,09:48:15,8.79,-0.02,300,263700,卖盘
749,09:48:10,8.81,--,90,79290,卖盘
750,09:48:05,8.81,-0.01,6,5286,卖盘
751,09:47:55,8.82,0.01,3,2646,买盘
752,09:47:50,8.81,-0.01,13,11453,卖盘
753,09:47:35,8.82,--,3,2646,买盘
754,09:47:30,8.82,--,76,67032,卖盘
755,09:47:25,8.82,--,10,8820,卖盘
756,09:47:09,8.82,--,2,1764,卖盘
757,09:46:54,8.82,-0.01,150,132300,卖盘
758,09:46:40,8.83,0.01,14,12362,买盘
759,09:46:35,8.82,--,5,4410,卖盘
760,09:46:30,8.82,--,10,8820,卖盘
761,09:45:39,8.82,--,23,20286,买盘
762,09:45:35,8.82,--,36,31752,买盘
763,09:45:24,8.82,--,9,7938,买盘
764,09:45:20,8.82,-0.01,89,78498,卖盘
765,09:45:09,8.83,0.01,34,30022,买盘
766,09:44:54,8.82,-0.01,3,2646,卖盘
767,09:44:19,8.83,0.01,1,883,买盘
768,09:44:14,8.82,--,20,17640,卖盘
769,09:44:09,8.82,--,10,8820,卖盘
770,09:43:54,8.82,0.01,10,8820,卖盘
771,09:43:24,8.81,--,0,0,卖盘
772,09:43:14,8.81,--,0,0,卖盘
773,09:42:44,8.81,-0.02,64,56384,卖盘
774,09:42:39,8.83,--,0,0,买盘
775,09:42:34,8.83,--,83,73289,卖盘
776,09:42:19,8.83,--,17,15011,卖盘
777,09:41:34,8.83,--,14,12362,买盘
778,09:41:14,8.83,--,9,7947,买盘
779,09:41:09,8.83,--,8,7064,卖盘
780,09:40:49,8.83,-0.01,44,38852,卖盘
781,09:40:33,8.84,--,22,19448,买盘
782,09:40:24,8.84,--,8,7072,买盘
783,09:40:14,8.84,0.01,14,12376,买盘
784,09:39:59,8.83,-0.01,42,37086,卖盘
785,09:39:44,8.84,--,30,26520,买盘
786,09:39:29,8.84,--,10,8840,买盘
787,09:38:59,8.84,0.01,5,4420,买盘
788,09:38:39,8.83,-0.02,1,883,卖盘
789,09:38:33,8.85,--,0,0,买盘
790,09:38:03,8.85,--,121,107085,买盘
791,09:37:59,8.85,--,5,4425,买盘
792,09:37:54,8.85,0.01,4,3540,买盘
793,09:37:48,8.84,--,9,7956,卖盘
794,09:37:39,8.84,-0.01,10,8840,卖盘
795,09:37:28,8.85,0.01,4,3540,买盘
796,09:37:23,8.84,--,8,7072,买盘
797,09:36:48,8.84,--,4,3536,买盘
798,09:36:43,8.84,--,4,3536,买盘
799,09:36:33,8.84,0.01,19,16796,买盘
800,09:36:18,8.83,-0.01,42,37086,卖盘
801,09:36:13,8.84,--,24,21216,买盘
802,09:36:03,8.84,--,6,5604,买盘
803,09:35:58,8.84,0.01,14,12376,买盘
804,09:35:48,8.83,--,1,883,买盘
805,09:35:43,8.83,--,8,7064,买盘
806,09:35:33,8.83,0.03,18,15894,买盘
807,09:35:13,8.8,--,0,0,卖盘
808,09:35:08,8.8,-0.04,8,7040,卖盘
809,09:34:58,8.84,--,0,0,买盘
810,09:34:48,8.84,--,0,0,买盘
811,09:34:43,8.84,-0.01,3,2652,买盘
812,09:34:38,8.85,--,0,0,买盘
813,09:34:18,8.85,--,0,0,买盘
814,09:34:13,8.85,0.06,1,885,买盘
815,09:34:08,8.79,--,0,0,卖盘
816,09:33:52,8.79,--,15,13184,卖盘
817,09:33:43,8.79,--,10,8790,买盘
818,09:33:38,8.79,-0.07,10,8790,卖盘
819,09:33:27,8.86,--,8,7088,卖盘
820,09:33:23,8.86,0.09,881,780566,买盘
821,09:33:18,8.77,-0.03,101,88577,卖盘
822,09:32:57,8.8,0.03,38,33440,买盘
823,09:32:42,8.77,-0.03,15,13155,卖盘
824,09:32:37,8.8,0.03,24,21120,买盘
825,09:32:12,8.77,-0.03,8,7016,中性盘
826,09:31:57,8.8,0.04,20,17600,买盘
827,09:31:42,8.76,--,18,15768,卖盘
828,09:31:38,8.76,0.01,2,1752,买盘
829,09:31:33,8.75,--,0,0,卖盘
830,09:31:23,8.75,0.01,20,17500,卖盘
831,09:31:12,8.74,--,20,17480,买盘
832,09:31:07,8.74,-0.01,164,143336,卖盘
833,09:31:03,8.75,--,36,31500,买盘
834,09:30:57,8.75,--,25,21875,买盘
835,09:30:53,8.75,--,8,7000,买盘
836,09:30:38,8.75,-0.06,214,187250,卖盘
837,09:30:33,8.81,--,0,0,买盘
838,09:30:27,8.81,--,4,3524,买盘
839,09:30:18,8.81,0.06,50,44050,买盘
840,09:30:07,8.75,-0.06,65,56875,中性盘
841,09:28:45,8.81,--,0,0,买盘
842,09:25:04,8.81,8.81,104,91624,买盘
