,time,price,change,volume,amount,type
0,15:00:00,28.63,0.01,0,0,买盘
1,15:00:00,28.62,0.01,36,103032,买盘
2,14:59:57,28.61,-0.01,7,20027,卖盘
3,14:59:52,28.62,--,2,5724,买盘
4,14:59:47,28.62,-0.01,54,154548,买盘
5,14:59:42,28.63,--,26,74438,买盘
6,14:59:37,28.63,0.01,43,123109,买盘
7,14:59:32,28.62,-0.01,113,323406,卖盘
8,14:59:27,28.63,--,10,28630,买盘
9,14:59:22,28.63,-0.01,27,77301,卖盘
10,14:59:17,28.64,0.01,32,91648,买盘
11,14:59:12,28.63,0.02,33,94479,买盘
12,14:59:07,28.61,-0.04,4,11444,卖盘
13,14:59:02,28.65,0.03,103,295095,买盘
14,14:58:57,28.62,--,9,25758,买盘
15,14:58:52,28.62,-0.02,67,191754,卖盘
16,14:58:47,28.64,0.02,25,71600,买盘
17,14:58:42,28.62,-0.01,115,329130,中性盘
18,14:58:37,28.63,0.02,12,34356,买盘
19,14:58:32,28.61,-0.01,68,194548,卖盘
20,14:58:27,28.62,0.02,3,8586,买盘
21,14:58:22,28.6,-0.01,51,145860,卖盘
22,14:58:17,28.61,--,15,42915,买盘
23,14:58:11,28.61,0.01,2,5722,买盘
24,14:58:07,28.6,--,30,85800,卖盘
25,14:58:01,28.6,--,8,22880,卖盘
26,14:57:56,28.6,0.03,81,231803,买盘
27,14:57:52,28.57,-0.03,10,28570,卖盘
28,14:57:41,28.6,0.02,65,185900,买盘
29,14:57:37,28.58,0.01,15,42870,买盘
30,14:57:32,28.57,--,6,17142,卖盘
31,14:57:26,28.57,0.01,15,42855,买盘
32,14:57:17,28.56,--,31,88536,卖盘
33,14:57:06,28.56,--,5,14280,卖盘
34,14:57:01,28.56,--,3,8568,买盘
35,14:56:56,28.56,--,2,5712,买盘
36,14:56:51,28.56,--,3,8568,买盘
37,14:56:46,28.56,--,2,5712,买盘
38,14:56:41,28.56,-0.02,8,22848,卖盘
39,14:56:36,28.58,0.02,1,2858,中性盘
40,14:56:31,28.56,--,3,8568,卖盘
41,14:56:26,28.56,-0.02,19,54264,卖盘
42,14:56:21,28.58,0.02,2,5716,买盘
43,14:56:16,28.56,-0.01,10,28560,中性盘
44,14:56:11,28.57,0.02,5,14285,买盘
45,14:56:06,28.55,--,4,11420,卖盘
46,14:55:56,28.55,--,53,151315,买盘
47,14:55:51,28.55,--,2,5710,买盘
48,14:55:46,28.55,0.01,2,5710,买盘
49,14:55:40,28.54,--,15,42810,卖盘
50,14:55:36,28.54,--,10,28540,卖盘
51,14:55:31,28.54,0.01,25,71578,买盘
52,14:55:26,28.53,-0.01,11,31383,卖盘
53,14:55:16,28.54,0.01,11,31394,买盘
54,14:55:11,28.53,-0.01,1,2853,中性盘
55,14:55:06,28.54,--,14,39956,买盘
56,14:55:01,28.54,0.01,58,165532,买盘
57,14:54:56,28.53,-0.01,39,112265,卖盘
58,14:54:46,28.54,--,20,57080,买盘
59,14:54:41,28.54,0.01,9,25686,买盘
60,14:54:36,28.53,--,3,8559,卖盘
61,14:54:31,28.53,--,33,96003,卖盘
62,14:54:26,28.53,--,2,5706,卖盘
63,14:54:21,28.53,--,8,22824,卖盘
64,14:54:16,28.53,--,105,299565,买盘
65,14:54:01,28.53,0.01,1,2853,买盘
66,14:53:46,28.52,-0.01,3,8556,卖盘
67,14:53:26,28.53,0.02,2,5706,买盘
68,14:53:21,28.51,--,0,0,卖盘
69,14:53:16,28.51,-0.02,10,28510,卖盘
70,14:53:11,28.53,0.02,28,79884,买盘
71,14:53:01,28.51,0.01,11,31361,中性盘
72,14:52:56,28.5,-0.01,24,68400,卖盘
73,14:52:51,28.51,0.01,88,251287,买盘
74,14:52:45,28.5,--,11,31350,卖盘
75,14:52:41,28.5,--,5,14250,卖盘
76,14:52:31,28.5,-0.01,3,8550,卖盘
77,14:52:26,28.51,0.01,56,159656,买盘
78,14:52:16,28.5,--,6,17100,买盘
79,14:52:11,28.5,--,7,19950,买盘
80,14:52:06,28.5,-0.01,20,57000,卖盘
81,14:52:00,28.51,--,1,2851,买盘
82,14:51:56,28.51,--,2,5702,买盘
83,14:51:46,28.51,--,1,5302,卖盘
84,14:51:41,28.51,--,6,17106,卖盘
85,14:51:36,28.51,-0.01,505,1439755,卖盘
86,14:51:30,28.52,0.01,11,31372,买盘
87,14:51:26,28.51,-0.01,3,8553,中性盘
88,14:51:20,28.52,--,9,25668,买盘
89,14:51:11,28.52,0.01,10,28520,买盘
90,14:51:05,28.51,-0.01,9,25659,卖盘
91,14:51:00,28.52,-0.01,12,34224,中性盘
92,14:50:55,28.53,0.01,7,19971,买盘
93,14:50:50,28.52,-0.01,1,2852,卖盘
94,14:50:45,28.53,--,2,5706,买盘
95,14:50:40,28.53,--,0,0,买盘
96,14:50:35,28.53,--,3,8559,买盘
97,14:50:30,28.53,--,3,8559,买盘
98,14:50:25,28.53,--,100,285300,买盘
99,14:50:15,28.53,--,95,271035,卖盘
100,14:50:10,28.53,--,53,151209,卖盘
101,14:50:05,28.53,--,61,174033,卖盘
102,14:49:55,28.53,0.02,24,68472,买盘
103,14:49:40,28.51,-0.01,7,19957,卖盘
104,14:49:35,28.52,-0.01,24,68448,卖盘
105,14:49:30,28.53,--,0,0,买盘
106,14:49:20,28.53,0.01,4,11412,买盘
107,14:49:15,28.52,-0.01,4,11408,买盘
108,14:49:10,28.53,--,0,0,买盘
109,14:48:55,28.53,--,0,0,买盘
110,14:48:50,28.53,0.04,1,2853,买盘
111,14:48:45,28.49,-0.04,5,14245,卖盘
112,14:48:40,28.53,0.04,10,28530,中性盘
113,14:48:35,28.49,-0.04,73,208375,卖盘
114,14:48:25,28.53,-0.01,6,17118,中性盘
115,14:48:20,28.54,--,16,45664,买盘
116,14:48:15,28.54,0.01,17,48518,买盘
117,14:48:10,28.53,-0.01,3,8559,卖盘
118,14:47:55,28.54,-0.02,166,473792,卖盘
119,14:47:45,28.56,--,1,2856,买盘
120,14:47:40,28.56,0.01,4,11424,买盘
121,14:47:35,28.55,0.01,2,5710,中性盘
122,14:47:30,28.54,--,15,42810,卖盘
123,14:47:25,28.54,-0.01,10,28540,卖盘
124,14:47:20,28.55,0.01,7,19985,买盘
125,14:46:55,28.54,-0.01,64,182656,卖盘
126,14:46:50,28.55,0.01,35,99925,买盘
127,14:46:40,28.54,-0.01,6,17124,卖盘
128,14:46:30,28.55,0.01,7,19985,买盘
129,14:46:20,28.54,--,15,42810,卖盘
130,14:46:15,28.54,--,3,8562,卖盘
131,14:46:10,28.54,--,1,2854,卖盘
132,14:46:05,28.54,0.03,31,91299,买盘
133,14:46:00,28.51,--,6,17106,卖盘
134,14:45:54,28.51,0.03,1,2851,买盘
135,14:45:50,28.48,--,0,0,卖盘
136,14:45:40,28.48,--,0,0,卖盘
137,14:45:35,28.48,-0.06,11,31328,卖盘
138,14:45:25,28.54,0.05,7,19978,买盘
139,14:45:20,28.49,0.01,2,5698,中性盘
140,14:45:15,28.48,-0.02,63,179424,卖盘
141,14:45:09,28.5,--,2,5728,卖盘
142,14:45:05,28.5,--,10,28500,卖盘
143,14:44:50,28.5,--,42,122521,买盘
144,14:44:45,28.5,--,0,0,买盘
145,14:44:39,28.5,0.02,50,142500,买盘
146,14:44:35,28.48,-0.02,60,170880,卖盘
147,14:44:30,28.5,0.02,1,2850,买盘
148,14:44:24,28.48,--,10,28480,卖盘
149,14:44:19,28.48,--,15,42720,卖盘
150,14:44:13,28.48,--,8,22784,卖盘
151,14:44:09,28.48,--,5,14240,卖盘
152,14:44:04,28.48,-0.02,1,2848,卖盘
153,14:43:59,28.5,--,30,85500,买盘
154,14:43:54,28.5,--,29,82678,卖盘
155,14:43:49,28.5,--,14,39900,卖盘
156,14:43:39,28.5,--,5,14250,卖盘
157,14:43:34,28.5,0.02,26,76921,买盘
158,14:43:29,28.48,-0.02,89,253472,卖盘
159,14:43:19,28.5,--,3,8550,买盘
160,14:43:09,28.5,--,5,14250,买盘
161,14:43:04,28.5,-0.04,39,111178,卖盘
162,14:42:59,28.54,-0.01,14,39956,卖盘
163,14:42:54,28.55,0.01,1,2855,买盘
164,14:42:44,28.54,--,1,2854,卖盘
165,14:42:34,28.54,--,10,28540,卖盘
166,14:42:29,28.54,--,8,22832,卖盘
167,14:42:19,28.54,--,0,0,中性盘
168,14:42:14,28.54,--,5,14270,买盘
169,14:42:04,28.54,--,1,2854,买盘
170,14:41:59,28.54,0.04,17,48518,中性盘
171,14:41:54,28.5,--,24,68400,卖盘
172,14:41:49,28.5,-0.05,22,62700,卖盘
173,14:41:44,28.55,0.05,12,34260,买盘
174,14:41:34,28.5,--,0,0,卖盘
175,14:41:29,28.5,-0.01,56,159600,卖盘
176,14:41:24,28.51,--,0,0,卖盘
177,14:41:19,28.51,--,2,5702,卖盘
178,14:41:09,28.51,--,0,0,卖盘
179,14:41:04,28.51,-0.04,85,242335,卖盘
180,14:40:59,28.55,--,17,48535,卖盘
181,14:40:49,28.55,--,0,0,卖盘
182,14:40:44,28.55,--,2,5710,卖盘
183,14:40:29,28.55,-0.03,1,2855,卖盘
184,14:40:19,28.58,--,29,82882,买盘
185,14:40:14,28.58,--,0,0,买盘
186,14:40:04,28.58,--,3,8574,买盘
187,14:39:49,28.58,--,2,5716,买盘
188,14:39:44,28.58,--,7,20006,买盘
189,14:39:39,28.58,0.06,3,8574,买盘
190,14:39:34,28.52,-0.01,2,5704,卖盘
191,14:39:19,28.53,0.01,25,71325,中性盘
192,14:39:14,28.52,-0.06,5,14260,卖盘
193,14:39:09,28.58,--,7,20006,卖盘
194,14:39:04,28.58,--,2,5716,买盘
195,14:38:59,28.58,--,8,22864,买盘
196,14:38:54,28.58,0.08,1,2858,买盘
197,14:38:48,28.5,-0.08,86,245100,卖盘
198,14:38:39,28.58,--,1,2858,买盘
199,14:38:33,28.58,--,2,5716,卖盘
200,14:38:24,28.58,-0.01,1,2858,卖盘
201,14:38:14,28.59,0.08,16,48574,买盘
202,14:38:09,28.51,0.01,11,31361,买盘
203,14:37:48,28.5,--,26,74100,买盘
204,14:37:44,28.5,--,28,79800,买盘
205,14:37:39,28.5,--,5,14250,买盘
206,14:37:33,28.5,-0.01,18,51300,卖盘
207,14:37:24,28.51,--,8,22808,买盘
208,14:37:18,28.51,-0.07,1,2851,中性盘
209,14:37:13,28.58,0.07,135,388545,买盘
210,14:37:09,28.51,--,20,57020,卖盘
211,14:36:58,28.51,--,0,0,卖盘
212,14:36:53,28.51,-0.01,3,8553,卖盘
213,14:36:43,28.52,--,13,37218,买盘
214,14:36:38,28.52,--,15,42780,买盘
215,14:36:28,28.52,-0.05,57,165273,卖盘
216,14:36:23,28.57,--,0,0,卖盘
217,14:36:18,28.57,-0.01,10,28570,卖盘
218,14:36:13,28.58,-0.01,3,8574,卖盘
219,14:36:08,28.59,--,0,0,买盘
220,14:36:03,28.59,0.01,19,54321,买盘
221,14:35:53,28.58,-0.01,3,8574,卖盘
222,14:35:48,28.59,--,7,20013,买盘
223,14:35:43,28.59,--,2,5718,卖盘
224,14:35:38,28.59,--,14,40026,买盘
225,14:35:33,28.59,--,16,45744,买盘
226,14:35:28,28.59,--,27,77193,买盘
227,14:35:23,28.59,--,10,28590,买盘
228,14:35:13,28.59,--,10,28590,买盘
229,14:35:08,28.59,-0.01,12,34308,卖盘
230,14:35:03,28.6,0.01,10,28600,买盘
231,14:34:58,28.59,-0.01,10,28590,卖盘
232,14:34:53,28.6,--,0,0,买盘
233,14:34:37,28.6,--,15,42900,买盘
234,14:34:33,28.6,0.02,7,20020,买盘
235,14:34:28,28.58,-0.02,4,11432,卖盘
236,14:34:23,28.6,0.01,30,85800,买盘
237,14:34:18,28.59,--,2,5718,买盘
238,14:34:13,28.59,0.01,25,71475,卖盘
239,14:34:08,28.58,-0.01,86,245787,卖盘
240,14:33:58,28.59,-0.01,7,20013,卖盘
241,14:33:53,28.6,0.01,17,48620,买盘
242,14:33:43,28.59,0.01,3,8577,买盘
243,14:33:38,28.58,--,10,28580,卖盘
244,14:33:33,28.58,--,4,11432,卖盘
245,14:33:28,28.58,--,46,131468,买盘
246,14:33:23,28.58,0.01,51,145758,买盘
247,14:33:18,28.57,-0.01,5,14285,卖盘
248,14:33:13,28.58,0.01,16,45728,买盘
249,14:33:08,28.57,--,7,19999,卖盘
250,14:33:03,28.57,-0.01,10,28570,中性盘
251,14:32:58,28.58,0.01,11,31437,买盘
252,14:32:53,28.57,--,3,8571,买盘
253,14:32:48,28.57,--,73,208561,卖盘
254,14:32:43,28.57,-0.01,51,145707,卖盘
255,14:32:38,28.58,0.01,14,40012,买盘
256,14:32:33,28.57,--,20,57140,买盘
257,14:32:28,28.57,-0.01,17,48569,卖盘
258,14:32:23,28.58,0.02,35,100030,买盘
259,14:32:18,28.56,--,0,0,卖盘
260,14:32:13,28.56,0.04,2,5712,卖盘
261,14:32:08,28.52,-0.05,24,68448,卖盘
262,14:32:03,28.57,0.05,5,14285,买盘
263,14:31:58,28.52,-0.04,3,8556,卖盘
264,14:31:53,28.56,0.07,23,65830,买盘
265,14:31:43,28.49,-0.01,86,245014,卖盘
266,14:31:38,28.5,0.01,88,250800,买盘
267,14:31:23,28.49,--,21,59829,买盘
268,14:31:12,28.49,0.04,2,5698,买盘
269,14:31:08,28.45,0.01,2,5690,中性盘
270,14:31:03,28.44,--,5,14220,卖盘
271,14:30:52,28.44,--,23,65412,买盘
272,14:30:47,28.44,--,58,164952,买盘
273,14:30:42,28.44,--,13,36972,买盘
274,14:30:38,28.44,--,71,201924,买盘
275,14:30:33,28.44,--,25,71100,买盘
276,14:30:27,28.44,-0.01,1,2844,买盘
277,14:30:22,28.45,-0.03,11,31295,卖盘
278,14:30:17,28.48,--,3,8544,买盘
279,14:30:12,28.48,0.05,2,5696,买盘
280,14:30:02,28.43,-0.02,164,466252,卖盘
281,14:29:57,28.45,--,5,14225,买盘
282,14:29:52,28.45,--,1,2845,买盘
283,14:29:47,28.45,--,18,51210,买盘
284,14:29:42,28.45,--,10,28450,卖盘
285,14:29:37,28.45,--,0,0,卖盘
286,14:29:22,28.45,-0.04,96,273120,卖盘
287,14:29:16,28.49,-0.01,3,8547,卖盘
288,14:29:07,28.5,0.01,44,125400,买盘
289,14:29:02,28.49,-0.01,15,42735,卖盘
290,14:28:57,28.5,--,1,2850,买盘
291,14:28:52,28.5,--,15,42750,买盘
292,14:28:46,28.5,0.01,78,222300,买盘
293,14:28:42,28.49,-0.01,108,307692,卖盘
294,14:28:37,28.5,--,1,2850,买盘
295,14:28:32,28.5,--,4,11400,买盘
296,14:28:27,28.5,--,9,25650,买盘
297,14:28:22,28.5,0.04,2,5700,买盘
298,14:28:17,28.46,--,56,159376,买盘
299,14:28:12,28.46,-0.01,54,153684,卖盘
300,14:28:07,28.47,-0.01,88,250536,卖盘
301,14:28:02,28.48,--,37,105376,买盘
302,14:27:57,28.48,0.01,2,5696,买盘
303,14:27:46,28.47,-0.01,31,88257,卖盘
304,14:27:42,28.48,0.02,3,8544,买盘
305,14:27:37,28.46,0.01,6,17076,卖盘
306,14:27:32,28.45,--,0,0,卖盘
307,14:27:27,28.45,0.01,5,14225,卖盘
308,14:27:22,28.44,-0.01,622,1768968,卖盘
309,14:27:17,28.45,--,12,34140,买盘
310,14:27:07,28.45,-0.02,46,130870,买盘
311,14:27:02,28.47,--,92,261924,买盘
312,14:26:57,28.47,--,10,28470,买盘
313,14:26:52,28.47,0.02,7,19929,买盘
314,14:26:37,28.45,0.01,112,318640,买盘
315,14:26:32,28.44,-0.01,3,8532,卖盘
316,14:26:27,28.45,--,7,19915,买盘
317,14:26:22,28.45,0.01,60,170700,买盘
318,14:26:16,28.44,0.01,110,312840,卖盘
319,14:26:07,28.43,--,14,39802,买盘
320,14:26:01,28.43,-0.01,83,235969,中性盘
321,14:25:57,28.44,--,26,73944,买盘
322,14:25:52,28.44,0.01,57,162108,买盘
323,14:25:47,28.43,-0.01,34,96662,卖盘
324,14:25:42,28.44,--,10,28440,买盘
325,14:25:37,28.44,-0.01,155,440820,卖盘
326,14:25:27,28.45,--,72,204840,买盘
327,14:25:22,28.45,-0.02,12,34140,卖盘
328,14:25:17,28.47,0.05,7,19929,卖盘
329,14:25:12,28.42,--,0,0,卖盘
330,14:25:06,28.42,--,40,113680,买盘
331,14:25:02,28.42,--,45,127890,买盘
332,14:24:57,28.42,--,18,51156,买盘
333,14:24:51,28.42,-0.05,417,1185114,卖盘
334,14:24:47,28.47,0.02,160,455520,买盘
335,14:24:42,28.45,--,88,250360,卖盘
336,14:24:31,28.45,0.02,5,14225,买盘
337,14:24:21,28.43,--,34,96662,买盘
338,14:24:17,28.43,--,40,113720,买盘
339,14:24:11,28.43,--,24,68232,买盘
340,14:24:06,28.43,0.03,40,113720,买盘
341,14:24:01,28.4,--,150,426000,买盘
342,14:23:57,28.4,--,141,400440,卖盘
343,14:23:51,28.4,--,157,445880,买盘
344,14:23:46,28.4,--,263,746920,买盘
345,14:23:41,28.4,--,158,448720,买盘
346,14:23:36,28.4,--,12,34080,买盘
347,14:23:31,28.4,--,123,349320,买盘
348,14:23:21,28.4,--,79,224360,买盘
349,14:23:16,28.4,--,12,34080,卖盘
350,14:23:11,28.4,0.03,1,2840,买盘
351,14:23:06,28.37,--,10,28370,卖盘
352,14:23:01,28.37,--,16,47888,买盘
353,14:22:56,28.37,--,111,314907,买盘
354,14:22:46,28.37,--,27,76599,买盘
355,14:22:41,28.37,--,54,153198,买盘
356,14:22:36,28.37,--,56,158872,买盘
357,14:22:31,28.37,-0.03,435,1234435,卖盘
358,14:22:26,28.4,--,9,28059,买盘
359,14:22:21,28.4,0.02,5,14200,买盘
360,14:22:16,28.38,-0.02,111,315018,卖盘
361,14:22:11,28.4,--,55,156200,买盘
362,14:22:06,28.4,0.02,14,39760,买盘
363,14:22:01,28.38,--,4,11352,卖盘
364,14:21:56,28.38,--,134,380292,买盘
365,14:21:51,28.38,--,13,36894,买盘
366,14:21:46,28.38,--,31,87978,买盘
367,14:21:41,28.38,--,65,184470,买盘
368,14:21:36,28.38,--,45,127710,买盘
369,14:21:31,28.38,--,17,48246,买盘
370,14:21:26,28.38,--,145,411510,卖盘
371,14:21:21,28.38,--,40,113520,卖盘
372,14:21:16,28.38,--,30,85140,买盘
373,14:21:11,28.38,--,21,59598,买盘
374,14:21:06,28.38,--,57,161766,买盘
375,14:21:01,28.38,--,100,283800,买盘
376,14:20:56,28.38,--,80,227040,买盘
377,14:20:51,28.38,--,21,59598,买盘
378,14:20:46,28.38,0.01,16,45408,买盘
379,14:20:40,28.37,--,16,45392,买盘
380,14:20:36,28.37,--,1,2837,买盘
381,14:20:31,28.37,--,15,42555,买盘
382,14:20:26,28.37,--,9,25533,买盘
383,14:20:16,28.37,0.01,1,2837,买盘
384,14:20:10,28.36,0.05,30,85080,买盘
385,14:20:01,28.31,-0.01,84,237804,卖盘
386,14:19:55,28.32,--,3,8496,买盘
387,14:19:51,28.32,--,1,2832,买盘
388,14:19:46,28.32,--,8,22656,买盘
389,14:19:16,28.32,--,8,22656,卖盘
390,14:19:05,28.32,0.02,2,5664,买盘
391,14:19:01,28.3,-0.01,30,84900,卖盘
392,14:18:46,28.31,-0.01,12,33972,卖盘
393,14:18:41,28.32,--,4,11328,买盘
394,14:18:25,28.32,--,2,5664,买盘
395,14:18:10,28.32,-0.02,1,2832,买盘
396,14:18:05,28.34,0.03,2,5668,卖盘
397,14:17:45,28.31,--,0,0,卖盘
398,14:17:40,28.31,-0.01,88,249128,卖盘
399,14:17:35,28.32,-0.02,41,116112,卖盘
400,14:17:15,28.34,0.02,1,2834,中性盘
401,14:17:10,28.32,-0.02,200,566400,卖盘
402,14:16:55,28.34,--,5,14170,卖盘
403,14:16:35,28.34,--,2,5668,买盘
404,14:16:30,28.34,-0.01,3,8502,买盘
405,14:16:20,28.35,--,0,0,中性盘
406,14:16:15,28.35,--,7,19845,买盘
407,14:16:10,28.35,--,18,51030,买盘
408,14:16:05,28.35,-0.02,5,14175,买盘
409,14:15:50,28.37,--,3,8511,买盘
410,14:15:45,28.37,--,33,93621,买盘
411,14:15:40,28.37,0.04,7,19859,买盘
412,14:15:20,28.33,-0.04,86,243637,卖盘
413,14:15:15,28.37,--,4,11348,买盘
414,14:15:10,28.37,--,16,45392,买盘
415,14:15:05,28.37,--,15,42555,买盘
416,14:15:00,28.37,--,4,11348,买盘
417,14:14:50,28.37,--,0,0,买盘
418,14:14:45,28.37,0.01,2,5674,买盘
419,14:14:40,28.36,--,11,31196,买盘
420,14:14:35,28.36,-0.01,22,62392,卖盘
421,14:14:30,28.37,0.01,1,2837,买盘
422,14:14:15,28.36,--,4,11344,卖盘
423,14:14:00,28.36,0.04,8,22688,卖盘
424,14:13:49,28.32,--,0,0,卖盘
425,14:13:40,28.32,--,12,33984,卖盘
426,14:13:35,28.32,--,0,0,卖盘
427,14:13:20,28.32,--,1,2832,卖盘
428,14:13:15,28.32,--,5,14160,卖盘
429,14:13:04,28.32,--,37,104784,买盘
430,14:13:00,28.32,0.04,10,28320,买盘
431,14:12:55,28.28,-0.04,96,271488,卖盘
432,14:12:49,28.32,--,1,2832,买盘
433,14:12:40,28.32,--,225,637200,买盘
434,14:12:35,28.32,--,10,28320,买盘
435,14:12:30,28.32,-0.01,109,308688,卖盘
436,14:12:19,28.33,--,11,31162,买盘
437,14:12:15,28.33,--,6,16998,买盘
438,14:12:10,28.33,--,3,8499,卖盘
439,14:12:04,28.33,-0.04,10,28330,卖盘
440,14:11:55,28.37,--,0,0,买盘
441,14:11:49,28.37,0.04,100,283700,买盘
442,14:11:40,28.33,-0.04,10,28330,卖盘
443,14:11:34,28.37,0.01,2,5674,买盘
444,14:11:19,28.36,-0.01,1,2836,中性盘
445,14:11:15,28.37,0.04,53,150361,买盘
446,14:11:09,28.33,-0.04,3,8499,卖盘
447,14:10:59,28.37,--,2,5674,买盘
448,14:10:44,28.37,0.05,25,70925,买盘
449,14:10:39,28.32,-0.05,88,249216,卖盘
450,14:10:35,28.37,--,20,56740,买盘
451,14:10:29,28.37,--,77,218449,卖盘
452,14:10:19,28.37,--,23,65251,卖盘
453,14:09:59,28.37,--,5,14185,买盘
454,14:09:54,28.37,-0.01,2,5674,卖盘
455,14:09:39,28.38,0.01,10,28380,买盘
456,14:09:29,28.37,--,1,2837,卖盘
457,14:09:04,28.37,-0.01,1,2837,卖盘
458,14:08:59,28.38,0.01,2,5676,买盘
459,14:08:54,28.37,-0.01,7,19859,卖盘
460,14:08:49,28.38,0.01,10,28380,买盘
461,14:08:44,28.37,0.05,9,25533,买盘
462,14:08:29,28.32,--,0,0,卖盘
463,14:08:18,28.32,--,27,76464,买盘
464,14:08:14,28.32,-0.05,58,164256,卖盘
465,14:08:04,28.37,0.06,11,31207,买盘
466,14:07:59,28.31,-0.06,20,56620,卖盘
467,14:07:54,28.37,--,0,0,买盘
468,14:07:34,28.37,--,93,263841,卖盘
469,14:07:24,28.37,-0.01,12,34044,卖盘
470,14:07:19,28.38,--,9,25542,买盘
471,14:07:09,28.38,--,5,14190,买盘
472,14:07:04,28.38,--,11,31218,买盘
473,14:06:59,28.38,0.01,10,28380,买盘
474,14:06:44,28.37,--,1,2837,中性盘
475,14:06:39,28.37,--,10,28370,买盘
476,14:06:19,28.37,0.06,24,68088,买盘
477,14:06:09,28.31,-0.04,6,16986,卖盘
478,14:06:04,28.35,0.04,5,14175,买盘
479,14:05:54,28.31,-0.04,84,237804,卖盘
480,14:05:48,28.35,--,0,0,买盘
481,14:05:43,28.35,0.04,1,2835,买盘
482,14:05:28,28.31,-0.04,14,39634,卖盘
483,14:05:24,28.35,0.01,20,56700,买盘
484,14:05:19,28.34,--,0,0,中性盘
485,14:04:59,28.34,0.04,5,14170,买盘
486,14:04:54,28.3,-0.05,10,28300,卖盘
487,14:04:49,28.35,--,0,0,买盘
488,14:04:43,28.35,--,0,0,买盘
489,14:04:39,28.35,--,10,28350,买盘
490,14:04:34,28.35,--,12,34020,买盘
491,14:04:28,28.35,--,20,56700,买盘
492,14:04:18,28.35,0.05,8,22680,买盘
493,14:04:13,28.3,-0.05,3,8490,卖盘
494,14:03:58,28.35,0.05,31,87885,买盘
495,14:03:43,28.3,-0.03,40,113200,卖盘
496,14:03:39,28.33,--,0,0,卖盘
497,14:03:33,28.33,-0.03,87,246470,卖盘
498,14:03:28,28.36,--,3,8508,买盘
499,14:03:18,28.36,--,3,8508,买盘
500,14:03:08,28.36,-0.02,58,164488,卖盘
501,14:03:03,28.38,0.01,2,5676,买盘
502,14:02:58,28.37,--,206,584422,买盘
503,14:02:53,28.37,--,11,31207,买盘
504,14:02:48,28.37,-0.01,27,76599,买盘
505,14:02:43,28.38,0.02,14,39732,买盘
506,14:02:38,28.36,-0.02,64,181504,卖盘
507,14:02:33,28.38,--,5,14190,买盘
508,14:02:28,28.38,--,29,82302,买盘
509,14:02:23,28.38,--,70,198660,买盘
510,14:02:08,28.38,0.01,196,556248,买盘
511,14:02:03,28.37,--,1,2837,买盘
512,14:01:58,28.37,--,47,133339,买盘
513,14:01:53,28.37,--,11,31207,买盘
514,14:01:48,28.37,0.01,5,14185,买盘
515,14:01:43,28.36,--,3,8508,买盘
516,14:01:33,28.36,0.01,5,14180,买盘
517,14:01:28,28.35,-0.03,20,56700,卖盘
518,14:01:23,28.38,--,10,28380,买盘
519,14:01:18,28.38,0.02,46,130548,中性盘
520,14:01:13,28.36,-0.02,100,283600,中性盘
521,14:01:08,28.38,0.03,5,14190,买盘
522,14:01:02,28.35,--,2,5670,买盘
523,14:00:58,28.35,--,206,584010,买盘
524,14:00:53,28.35,0.02,10,28350,买盘
525,14:00:48,28.33,--,8,22664,卖盘
526,14:00:42,28.33,--,327,926391,卖盘
527,14:00:38,28.33,--,3,8499,买盘
528,14:00:32,28.33,--,2,5666,买盘
529,14:00:28,28.33,--,138,390954,买盘
530,14:00:23,28.33,--,42,118986,买盘
531,14:00:13,28.33,--,84,237972,买盘
532,14:00:08,28.33,0.02,267,756411,买盘
533,14:00:02,28.31,--,20,56620,买盘
534,13:59:58,28.31,--,3,8493,买盘
535,13:59:43,28.31,--,0,0,买盘
536,13:59:38,28.31,0.01,53,150043,买盘
537,13:59:28,28.3,--,10,28300,买盘
538,13:59:23,28.3,-0.01,182,515060,卖盘
539,13:59:13,28.31,0.05,3,8493,买盘
540,13:59:02,28.26,--,0,0,卖盘
541,13:58:58,28.26,-0.04,123,347598,卖盘
542,13:58:53,28.3,--,55,155650,买盘
543,13:58:43,28.3,--,6,16980,买盘
544,13:58:37,28.3,0.02,6,16980,买盘
545,13:58:32,28.28,-0.02,55,155540,卖盘
546,13:58:22,28.3,0.01,9,25470,买盘
547,13:57:58,28.29,--,16,45264,买盘
548,13:57:52,28.29,0.01,1,2829,买盘
549,13:57:47,28.28,--,1,2828,买盘
550,13:57:43,28.28,--,4,11312,买盘
551,13:57:37,28.28,-0.01,5,14140,卖盘
552,13:57:17,28.29,0.03,3,8487,卖盘
553,13:56:52,28.26,--,0,0,卖盘
554,13:56:37,28.26,-0.04,86,243036,卖盘
555,13:56:32,28.3,0.03,13,36790,买盘
556,13:56:26,28.27,-0.03,50,141350,卖盘
557,13:56:22,28.3,--,5,14150,买盘
558,13:56:17,28.3,--,10,28300,买盘
559,13:56:11,28.3,--,0,0,买盘
560,13:55:56,28.3,--,7,19810,卖盘
561,13:55:37,28.3,-0.01,100,283000,卖盘
562,13:55:22,28.31,--,1,2831,买盘
563,13:54:52,28.31,0.03,7,19817,买盘
564,13:54:47,28.28,-0.02,1,2828,卖盘
565,13:54:37,28.3,--,3,8490,买盘
566,13:54:26,28.3,0.03,2,5660,买盘
567,13:54:17,28.27,-0.04,86,243122,卖盘
568,13:54:11,28.31,0.01,13,36803,买盘
569,13:54:06,28.3,-0.01,4,11320,卖盘
570,13:53:52,28.31,--,5,14155,买盘
571,13:53:41,28.31,--,10,28310,卖盘
572,13:53:21,28.31,--,0,0,中性盘
573,13:53:07,28.31,-0.01,3,8493,卖盘
574,13:52:41,28.32,-0.01,51,144432,卖盘
575,13:52:37,28.33,0.01,66,186978,买盘
576,13:52:21,28.32,--,2,5664,卖盘
577,13:52:17,28.32,0.01,6,16992,卖盘
578,13:51:56,28.31,--,0,0,卖盘
579,13:51:51,28.31,--,84,237804,卖盘
580,13:51:47,28.31,--,13,36803,卖盘
581,13:51:22,28.31,--,1,2831,买盘
582,13:51:16,28.31,--,5,14155,卖盘
583,13:50:51,28.31,0.04,1,2831,买盘
584,13:50:41,28.27,-0.03,9,25443,卖盘
585,13:50:27,28.3,0.03,2,5660,卖盘
586,13:50:07,28.27,--,0,0,卖盘
587,13:50:01,28.27,-0.04,87,245949,卖盘
588,13:49:56,28.31,--,0,0,卖盘
589,13:49:50,28.31,-0.02,5,14155,卖盘
590,13:49:11,28.33,-0.02,20,56660,卖盘
591,13:48:50,28.35,--,2,5670,买盘
592,13:48:45,28.35,--,10,28350,买盘
593,13:48:30,28.35,--,5,14175,买盘
594,13:48:26,28.35,0.01,18,51030,买盘
595,13:48:11,28.34,--,6,17004,买盘
596,13:48:01,28.34,--,0,0,买盘
597,13:47:56,28.34,0.04,96,272064,买盘
598,13:47:35,28.3,--,0,0,卖盘
599,13:47:20,28.3,-0.02,87,246210,卖盘
600,13:47:11,28.32,0.02,2,5664,买盘
601,13:46:50,28.3,--,2,5660,卖盘
602,13:46:45,28.3,--,175,495250,买盘
603,13:46:26,28.3,0.04,10,28300,买盘
604,13:46:20,28.26,0.01,2,5652,卖盘
605,13:46:05,28.25,--,0,0,卖盘
606,13:46:00,28.25,-0.05,10,28250,卖盘
607,13:45:56,28.3,--,1,2830,买盘
608,13:45:50,28.3,--,3,8490,买盘
609,13:45:45,28.3,--,5,14150,买盘
610,13:45:40,28.3,--,3,8490,买盘
611,13:45:35,28.3,0.05,5,14150,买盘
612,13:45:31,28.25,-0.05,97,274025,卖盘
613,13:45:26,28.3,--,23,65090,买盘
614,13:44:20,28.3,--,0,0,买盘
615,13:44:15,28.3,--,15,42450,卖盘
616,13:43:56,28.3,--,6,16980,卖盘
617,13:43:50,28.3,--,7,19810,卖盘
618,13:43:35,28.3,--,46,130180,买盘
619,13:43:30,28.3,--,0,0,买盘
620,13:43:16,28.3,0.02,13,36790,买盘
621,13:43:10,28.28,-0.02,11,31108,卖盘
622,13:43:00,28.3,0.02,10,28300,买盘
623,13:42:56,28.28,-0.01,7,19796,卖盘
624,13:42:50,28.29,-0.01,2,5658,卖盘
625,13:42:46,28.3,--,1,2830,买盘
626,13:42:40,28.3,0.02,100,283000,买盘
627,13:42:30,28.28,-0.02,94,265832,卖盘
628,13:42:25,28.3,--,6,16980,买盘
629,13:42:20,28.3,--,75,212250,买盘
630,13:42:14,28.3,--,57,161310,卖盘
631,13:42:10,28.3,--,5,14150,卖盘
632,13:41:59,28.3,--,49,138670,买盘
633,13:41:55,28.3,--,1,2830,买盘
634,13:41:50,28.3,--,2,5660,买盘
635,13:41:44,28.3,--,10,28300,买盘
636,13:41:39,28.3,--,8,22640,买盘
637,13:41:29,28.3,--,5,14150,买盘
638,13:41:20,28.3,--,10,28300,买盘
639,13:41:14,28.3,--,7,19810,买盘
640,13:41:09,28.3,--,35,99050,买盘
641,13:41:05,28.3,--,4,11320,买盘
642,13:40:54,28.3,--,24,67920,卖盘
643,13:40:50,28.3,--,51,144330,卖盘
644,13:40:44,28.3,--,40,113200,卖盘
645,13:40:39,28.3,--,0,0,卖盘
646,13:40:35,28.3,--,9,25470,卖盘
647,13:40:29,28.3,-0.03,7,19810,卖盘
648,13:40:24,28.33,0.03,3,8499,买盘
649,13:40:09,28.3,-0.03,84,237720,卖盘
650,13:40:05,28.33,-0.01,15,42495,卖盘
651,13:39:39,28.34,--,2,5668,买盘
652,13:39:35,28.34,-0.01,2,5668,买盘
653,13:39:24,28.35,--,0,0,买盘
654,13:39:20,28.35,--,5,14175,买盘
655,13:39:14,28.35,--,12,34020,买盘
656,13:38:59,28.35,--,2,5670,买盘
657,13:38:39,28.35,0.03,54,153090,买盘
658,13:38:34,28.32,--,12,33984,买盘
659,13:38:29,28.32,--,3,8496,买盘
660,13:38:24,28.32,--,73,206736,卖盘
661,13:38:20,28.32,--,23,65136,买盘
662,13:38:04,28.32,0.02,4,11328,买盘
663,13:37:59,28.3,--,0,0,卖盘
664,13:37:54,28.3,-0.04,85,240550,卖盘
665,13:37:50,28.34,--,0,0,中性盘
666,13:37:44,28.34,0.04,7,19838,买盘
667,13:37:39,28.3,--,0,0,卖盘
668,13:37:34,28.3,-0.05,21,59430,卖盘
669,13:37:24,28.35,--,0,0,买盘
670,13:37:20,28.35,0.05,12,34020,买盘
671,13:37:09,28.3,--,5,14150,卖盘
672,13:36:59,28.3,-0.05,270,764100,卖盘
673,13:36:54,28.35,0.01,19,53865,买盘
674,13:36:49,28.34,-0.01,20,56680,卖盘
675,13:36:44,28.35,--,1,2835,买盘
676,13:36:39,28.35,--,55,155925,买盘
677,13:36:34,28.35,-0.04,24,68040,卖盘
678,13:36:29,28.39,0.04,60,170340,买盘
679,13:36:24,28.35,-0.05,2,5670,卖盘
680,13:36:19,28.4,0.05,105,298200,买盘
681,13:36:14,28.35,--,0,0,卖盘
682,13:35:54,28.35,--,60,170100,买盘
683,13:35:49,28.35,--,80,226800,买盘
684,13:35:44,28.35,--,41,116235,买盘
685,13:35:39,28.35,0.04,5,14175,买盘
686,13:35:34,28.31,-0.03,85,240635,卖盘
687,13:35:29,28.34,0.02,26,73684,买盘
688,13:35:24,28.32,-0.02,2,5664,卖盘
689,13:35:14,28.34,0.02,10,28340,买盘
690,13:35:09,28.32,--,33,93456,买盘
691,13:35:04,28.32,0.01,1,2832,买盘
692,13:34:59,28.31,--,8,22648,买盘
693,13:34:53,28.31,0.01,2,5662,买盘
694,13:34:44,28.3,--,277,783910,买盘
695,13:34:38,28.3,--,18,50940,买盘
696,13:34:29,28.3,0.01,67,189610,买盘
697,13:34:19,28.29,--,10,28290,买盘
698,13:34:14,28.29,--,1,2829,买盘
699,13:34:03,28.29,0.01,11,31119,买盘
700,13:33:59,28.28,0.02,1,2828,买盘
701,13:33:53,28.26,--,5,14130,卖盘
702,13:33:48,28.26,--,7,19782,卖盘
703,13:33:33,28.26,--,11,31086,买盘
704,13:33:29,28.26,--,1,2826,买盘
705,13:33:23,28.26,--,2,5652,买盘
706,13:33:18,28.26,0.01,114,322164,买盘
707,13:33:14,28.25,-0.01,12,33900,卖盘
708,13:33:03,28.26,-0.02,3,8478,买盘
709,13:32:44,28.28,--,213,602364,买盘
710,13:32:38,28.28,--,4,11312,买盘
711,13:32:29,28.28,--,1,2828,买盘
712,13:32:23,28.28,--,5,14140,买盘
713,13:32:18,28.28,0.01,2,5656,中性盘
714,13:32:14,28.27,-0.02,4,11308,卖盘
715,13:31:59,28.29,--,5,14145,买盘
716,13:31:53,28.29,--,10,28290,买盘
717,13:31:48,28.29,--,34,96186,买盘
718,13:31:38,28.29,--,0,0,买盘
719,13:31:33,28.29,0.01,3,8487,买盘
720,13:31:08,28.28,0.05,5,14140,买盘
721,13:31:03,28.23,--,0,0,卖盘
722,13:30:58,28.23,-0.04,85,239955,卖盘
723,13:30:53,28.27,--,6,16962,买盘
724,13:30:48,28.27,0.01,4,11308,买盘
725,13:30:13,28.26,--,1,2826,买盘
726,13:29:48,28.26,0.01,5,14130,买盘
727,13:29:38,28.25,-0.01,1,2825,卖盘
728,13:29:33,28.26,--,3,8478,买盘
729,13:29:28,28.26,--,0,0,买盘
730,13:29:18,28.26,--,10,28260,买盘
731,13:29:08,28.26,--,0,0,买盘
732,13:29:03,28.26,0.01,10,28260,买盘
733,13:28:53,28.25,--,5,14125,买盘
734,13:28:48,28.25,--,2,5650,买盘
735,13:28:43,28.25,0.01,90,254250,买盘
736,13:28:38,28.24,0.01,3,8472,买盘
737,13:28:33,28.23,--,5,14115,买盘
738,13:28:23,28.23,-0.01,12,33876,卖盘
739,13:27:58,28.24,0.02,1,2824,买盘
740,13:27:38,28.22,--,2,5644,卖盘
741,13:27:33,28.22,-0.02,3,8466,卖盘
742,13:27:28,28.24,0.02,50,141200,买盘
743,13:27:23,28.22,--,54,152388,卖盘
744,13:27:13,28.22,-0.03,9,25398,卖盘
745,13:27:02,28.25,0.03,6,16950,买盘
746,13:26:53,28.22,-0.02,6,16932,卖盘
747,13:26:43,28.24,--,17,48008,买盘
748,13:26:38,28.24,0.02,1,2824,买盘
749,13:26:28,28.22,-0.01,5,14110,卖盘
750,13:26:23,28.23,0.01,4,11292,买盘
751,13:26:17,28.22,--,0,0,卖盘
752,13:26:13,28.22,-0.02,86,242692,卖盘
753,13:26:08,28.24,-0.01,4,11296,卖盘
754,13:25:58,28.25,0.01,6,16950,买盘
755,13:25:42,28.24,0.01,4,11296,卖盘
756,13:25:38,28.23,--,0,0,卖盘
757,13:25:32,28.23,--,4,11292,卖盘
758,13:25:27,28.23,--,3,8469,卖盘
759,13:25:23,28.23,--,4,11292,卖盘
760,13:25:12,28.23,--,4,11292,卖盘
761,13:25:08,28.23,0.01,1,2823,买盘
762,13:24:57,28.22,--,5,14110,卖盘
763,13:24:53,28.22,-0.03,16,45152,卖盘
764,13:24:47,28.25,0.03,1,2825,买盘
765,13:24:42,28.22,--,0,0,卖盘
766,13:24:38,28.22,-0.03,5,14110,卖盘
767,13:24:27,28.25,0.01,14,39550,买盘
768,13:24:23,28.24,-0.01,7,19768,卖盘
769,13:24:17,28.25,0.01,1,2825,买盘
770,13:24:12,28.24,-0.01,14,39536,卖盘
771,13:24:08,28.25,0.03,6,16950,买盘
772,13:23:57,28.22,-0.01,86,242692,卖盘
773,13:23:53,28.23,-0.01,14,39522,卖盘
774,13:23:47,28.24,0.02,2,5648,买盘
775,13:23:42,28.22,-0.03,212,598264,卖盘
776,13:23:38,28.25,0.01,4,11300,买盘
777,13:23:32,28.24,-0.01,5,14120,卖盘
778,13:23:27,28.25,0.02,3,8475,买盘
779,13:23:23,28.23,--,4,11292,卖盘
780,13:23:08,28.23,--,4,11292,卖盘
781,13:22:57,28.23,-0.02,4,11292,卖盘
782,13:22:53,28.25,0.01,10,28250,买盘
783,13:22:47,28.24,--,4,11296,卖盘
784,13:22:42,28.24,--,8,22592,卖盘
785,13:22:37,28.24,--,5,14120,卖盘
786,13:22:32,28.24,--,12,33888,买盘
787,13:22:27,28.24,--,6,16944,买盘
788,13:22:22,28.24,0.01,18,50832,买盘
789,13:22:12,28.23,--,4,11292,卖盘
790,13:22:02,28.23,-0.01,10,28230,卖盘
791,13:21:57,28.24,--,66,186384,买盘
792,13:21:52,28.24,--,5,14120,买盘
793,13:21:42,28.24,0.01,6,16944,买盘
794,13:21:37,28.23,-0.01,86,242778,卖盘
795,13:21:27,28.24,--,4,11296,卖盘
796,13:21:22,28.24,--,5,14120,卖盘
797,13:21:07,28.24,--,45,127080,买盘
798,13:21:02,28.24,0.01,15,42360,买盘
799,13:20:57,28.23,--,4,11292,卖盘
800,13:20:47,28.23,-0.01,4,11292,卖盘
801,13:20:37,28.24,--,12,33888,卖盘
802,13:20:27,28.24,--,6,16944,卖盘
803,13:20:22,28.24,-0.01,4,11296,卖盘
804,13:20:17,28.25,0.01,1,2825,买盘
805,13:20:12,28.24,-0.01,5,14120,卖盘
806,13:20:07,28.25,--,2,5650,卖盘
807,13:20:02,28.25,-0.01,4,11300,卖盘
808,13:19:57,28.26,0.01,36,101736,买盘
809,13:19:52,28.25,--,5,14125,卖盘
810,13:19:41,28.25,-0.01,4,11300,卖盘
811,13:19:37,28.26,--,2,5652,买盘
812,13:19:32,28.26,-0.01,22,62172,中性盘
813,13:19:26,28.27,0.02,77,217679,买盘
814,13:19:22,28.25,--,0,0,卖盘
815,13:19:17,28.25,-0.01,88,248600,卖盘
816,13:19:07,28.26,--,25,70650,买盘
817,13:19:02,28.26,0.01,2,5652,买盘
818,13:18:56,28.25,-0.01,7,19775,卖盘
819,13:18:52,28.26,--,24,67824,卖盘
820,13:18:47,28.26,--,4,11304,卖盘
821,13:18:37,28.26,--,54,152604,卖盘
822,13:18:32,28.26,--,0,0,卖盘
823,13:18:22,28.26,--,54,152604,卖盘
824,13:18:17,28.26,--,0,0,卖盘
825,13:18:11,28.26,-0.01,5,14130,卖盘
826,13:18:02,28.27,0.01,4,11308,卖盘
827,13:17:52,28.26,--,4,11304,卖盘
828,13:17:37,28.26,-0.03,25,70650,卖盘
829,13:17:32,28.29,0.03,10,28290,买盘
830,13:17:26,28.26,--,4,11304,卖盘
831,13:17:22,28.26,-0.01,102,288252,卖盘
832,13:17:16,28.27,-0.02,5,14135,卖盘
833,13:17:11,28.29,0.03,2,5658,买盘
834,13:17:06,28.26,-0.03,14,39564,卖盘
835,13:17:02,28.29,--,0,0,买盘
836,13:16:56,28.29,--,95,268755,买盘
837,13:16:46,28.29,0.02,7,19803,买盘
838,13:16:36,28.27,--,2,5654,卖盘
839,13:16:32,28.27,--,4,11308,卖盘
840,13:16:21,28.27,-0.02,5,14135,卖盘
841,13:16:17,28.29,0.03,11,31119,买盘
842,13:16:11,28.26,-0.03,4,11304,卖盘
843,13:16:06,28.29,0.03,10,28290,买盘
844,13:16:02,28.26,--,4,11304,卖盘
845,13:15:56,28.26,--,0,0,卖盘
846,13:15:51,28.26,-0.03,5,14130,卖盘
847,13:15:41,28.29,0.03,7,19803,买盘
848,13:15:36,28.26,--,6,16956,卖盘
849,13:15:26,28.26,--,4,11304,卖盘
850,13:15:17,28.26,0.01,5,14130,卖盘
851,13:15:11,28.25,--,0,0,卖盘
852,13:15:06,28.25,--,4,11300,卖盘
853,13:14:51,28.25,-0.04,14,39550,卖盘
854,13:14:47,28.29,0.03,16,45264,买盘
855,13:14:41,28.26,-0.03,90,254340,卖盘
856,13:14:36,28.29,0.02,1,2829,买盘
857,13:14:31,28.27,--,4,11308,卖盘
858,13:14:21,28.27,--,4,11308,卖盘
859,13:14:16,28.27,0.01,11,31097,卖盘
860,13:14:11,28.26,--,0,0,卖盘
861,13:14:06,28.26,-0.03,4,11304,卖盘
862,13:14:01,28.29,--,8,22632,买盘
863,13:13:56,28.29,0.03,5,14145,买盘
864,13:13:46,28.26,-0.03,4,11304,卖盘
865,13:13:41,28.29,0.04,1,2829,买盘
866,13:13:36,28.25,-0.04,5,14125,卖盘
867,13:13:31,28.29,0.03,10,28290,买盘
868,13:13:26,28.26,--,12,33912,卖盘
869,13:13:16,28.26,0.01,4,11304,卖盘
870,13:13:11,28.25,--,0,0,卖盘
871,13:13:01,28.25,0.01,19,53675,卖盘
872,13:12:51,28.24,-0.01,4,11296,卖盘
873,13:12:46,28.25,--,2,5650,买盘
874,13:12:41,28.25,-0.04,2,5650,卖盘
875,13:12:36,28.29,--,0,0,买盘
876,13:12:31,28.29,-0.01,7,19803,买盘
877,13:12:26,28.3,0.04,13,36790,买盘
878,13:12:20,28.26,-0.04,2,5652,卖盘
879,13:12:16,28.3,0.05,118,333940,买盘
880,13:12:11,28.25,-0.05,4,11300,卖盘
881,13:12:05,28.3,0.05,88,249040,买盘
882,13:12:01,28.25,--,0,0,卖盘
883,13:11:55,28.25,-0.01,9,25425,卖盘
884,13:11:46,28.26,0.01,26,73476,卖盘
885,13:11:40,28.25,--,0,0,卖盘
886,13:11:35,28.25,--,4,11300,卖盘
887,13:11:31,28.25,-0.02,8,22600,卖盘
888,13:11:26,28.27,-0.03,4,11308,卖盘
889,13:11:16,28.3,--,5,14150,买盘
890,13:11:10,28.3,0.05,23,65090,买盘
891,13:11:01,28.25,-0.05,9,25425,卖盘
892,13:10:56,28.3,0.05,1,2830,买盘
893,13:10:50,28.25,--,4,11300,卖盘
894,13:10:41,28.25,--,4,11300,卖盘
895,13:10:31,28.25,-0.05,4,11300,卖盘
896,13:10:25,28.3,--,6,16980,买盘
897,13:10:20,28.3,--,94,266020,卖盘
898,13:10:16,28.3,--,4,11320,卖盘
899,13:10:11,28.3,--,5,14150,卖盘
900,13:10:01,28.3,0.08,397,1123510,买盘
901,13:09:55,28.22,-0.06,86,242692,卖盘
902,13:09:50,28.28,0.03,5,14140,买盘
903,13:09:45,28.25,--,4,11300,卖盘
904,13:09:35,28.25,-0.03,4,11300,卖盘
905,13:09:31,28.28,0.03,1,2828,买盘
906,13:09:26,28.25,--,18,50850,卖盘
907,13:09:10,28.25,--,5,14125,卖盘
908,13:09:00,28.25,0.01,12,33900,买盘
909,13:08:56,28.24,--,1,2824,卖盘
910,13:08:50,28.24,--,4,11296,卖盘
911,13:08:40,28.24,-0.01,12,33888,卖盘
912,13:08:30,28.25,0.01,7,19775,买盘
913,13:08:15,28.24,--,5,14120,卖盘
914,13:08:05,28.24,0.02,4,11296,卖盘
915,13:08:00,28.22,--,0,0,卖盘
916,13:07:55,28.22,-0.03,14,39508,卖盘
917,13:07:50,28.25,0.01,10,28250,买盘
918,13:07:45,28.24,--,23,64952,买盘
919,13:07:40,28.24,0.02,1,2824,买盘
920,13:07:35,28.22,--,0,0,卖盘
921,13:07:30,28.22,-0.02,91,256802,卖盘
922,13:07:25,28.24,-0.01,7,19768,卖盘
923,13:07:20,28.25,--,4,11300,中性盘
924,13:07:15,28.25,--,0,0,中性盘
925,13:07:10,28.25,0.02,4,11300,卖盘
926,13:07:00,28.23,-0.06,4,11292,卖盘
927,13:06:55,28.29,0.06,3,8487,买盘
928,13:06:50,28.23,--,4,11292,卖盘
929,13:06:40,28.23,--,5,14115,卖盘
930,13:06:35,28.23,--,0,0,卖盘
931,13:06:25,28.23,-0.02,5,14115,卖盘
932,13:06:15,28.25,0.02,5,14125,卖盘
933,13:06:10,28.23,--,0,0,卖盘
934,13:06:05,28.23,-0.01,4,11292,卖盘
935,13:05:55,28.24,--,4,11296,卖盘
936,13:05:45,28.24,--,14,39536,卖盘
937,13:05:30,28.24,--,4,11296,卖盘
938,13:05:25,28.24,--,0,0,卖盘
939,13:05:20,28.24,-0.01,89,251336,卖盘
940,13:05:10,28.25,--,5,14125,卖盘
941,13:05:04,28.25,--,10,28250,买盘
942,13:04:59,28.25,--,6,16950,买盘
943,13:04:55,28.25,--,7,19775,买盘
944,13:04:49,28.25,--,63,177975,买盘
945,13:04:40,28.25,--,6,16950,买盘
946,13:04:34,28.25,0.01,13,36725,买盘
947,13:04:25,28.24,-0.01,5,14120,卖盘
948,13:04:19,28.25,0.01,13,36725,买盘
949,13:04:14,28.24,-0.01,4,11296,卖盘
950,13:04:04,28.25,--,94,265550,卖盘
951,13:03:55,28.25,-0.02,204,576300,卖盘
952,13:03:49,28.27,0.01,3,8481,买盘
953,13:03:40,28.26,--,7,19782,卖盘
954,13:03:34,28.26,-0.01,5,14130,卖盘
955,13:03:25,28.27,--,0,0,卖盘
956,13:03:19,28.27,0.01,4,11308,卖盘
957,13:03:14,28.26,--,0,0,卖盘
958,13:03:10,28.26,--,4,11304,卖盘
959,13:03:04,28.26,--,3,8478,卖盘
960,13:02:59,28.26,--,4,11304,卖盘
961,13:02:55,28.26,--,91,257166,卖盘
962,13:02:49,28.26,--,4,11304,卖盘
963,13:02:34,28.26,-0.02,5,14130,卖盘
964,13:02:25,28.28,-0.02,4,11312,卖盘
965,13:02:19,28.3,--,0,0,买盘
966,13:02:14,28.3,--,10,28300,买盘
967,13:02:10,28.3,0.04,1,2830,买盘
968,13:02:04,28.26,-0.04,6,16956,卖盘
969,13:01:59,28.3,0.04,2,5660,买盘
970,13:01:55,28.26,--,5,14130,卖盘
971,13:01:39,28.26,--,3,8478,卖盘
972,13:01:29,28.26,-0.04,5,14130,卖盘
973,13:01:24,28.3,0.01,2,5660,买盘
974,13:01:19,28.29,--,4,11316,卖盘
975,13:01:09,28.29,--,4,11316,卖盘
976,13:01:04,28.29,--,1,2829,卖盘
977,13:00:54,28.29,0.04,5,14145,中性盘
978,13:00:49,28.25,--,4,11300,卖盘
979,13:00:38,28.25,--,0,0,卖盘
980,13:00:34,28.25,-0.03,92,259900,卖盘
981,13:00:24,28.28,--,4,11312,卖盘
982,13:00:09,28.28,--,67,189476,买盘
983,13:00:04,28.28,0.03,133,376124,买盘
984,11:30:00,28.25,--,0,0,卖盘
985,11:29:59,28.25,--,0,0,卖盘
986,11:29:59,28.25,--,5,14125,卖盘
987,11:29:51,28.25,--,4,11300,卖盘
988,11:29:41,28.25,0.01,5,14125,卖盘
989,11:29:35,28.24,0.01,3,8472,中性盘
990,11:29:31,28.23,-0.01,4,11292,卖盘
991,11:29:26,28.24,--,2,5648,买盘
992,11:29:21,28.24,--,28,79072,卖盘
993,11:29:16,28.24,--,4,11296,卖盘
994,11:29:06,28.24,-0.06,120,338880,卖盘
995,11:29:01,28.3,0.06,50,141500,买盘
996,11:28:56,28.24,--,4,11296,卖盘
997,11:28:46,28.24,-0.06,5,14120,卖盘
998,11:28:41,28.3,0.06,1,2830,买盘
999,11:28:36,28.24,--,4,11296,卖盘
1000,11:28:31,28.24,-0.07,20,56480,卖盘
1001,11:28:21,28.31,0.1,20,56620,买盘
1002,11:28:16,28.21,-0.03,142,400582,卖盘
1003,11:28:11,28.24,--,1,2824,买盘
1004,11:28:05,28.24,0.02,2,5648,买盘
1005,11:28:01,28.22,-0.03,4,11288,卖盘
1006,11:27:56,28.25,--,5,14125,买盘
1007,11:27:51,28.25,--,5,14125,买盘
1008,11:27:45,28.25,--,18,50850,卖盘
1009,11:27:36,28.25,-0.01,5,14125,卖盘
1010,11:27:30,28.26,--,7,19782,买盘
1011,11:27:21,28.26,--,25,70650,卖盘
1012,11:27:14,28.26,--,4,11304,卖盘
1013,11:27:10,28.26,--,0,0,卖盘
1014,11:27:06,28.26,--,5,14130,卖盘
1015,11:26:55,28.26,--,8,22608,卖盘
1016,11:26:44,28.26,--,4,11304,卖盘
1017,11:26:36,28.26,--,0,0,卖盘
1018,11:26:30,28.26,--,5,14130,卖盘
1019,11:26:21,28.26,-0.01,9,25434,卖盘
1020,11:26:10,28.27,0.01,4,11308,卖盘
1021,11:26:05,28.26,--,0,0,卖盘
1022,11:26:00,28.26,--,8,22608,卖盘
1023,11:25:51,28.26,-0.05,96,271296,卖盘
1024,11:25:44,28.31,0.01,2,5662,买盘
1025,11:25:40,28.3,--,14,39620,卖盘
1026,11:25:25,28.3,--,5,14150,卖盘
1027,11:25:14,28.3,0.04,6,16980,买盘
1028,11:25:05,28.26,-0.04,4,11304,卖盘
1029,11:24:59,28.3,0.04,20,56600,买盘
1030,11:24:55,28.26,--,12,33912,卖盘
1031,11:24:50,28.26,--,10,28260,卖盘
1032,11:24:45,28.26,0.01,4,11304,卖盘
1033,11:24:40,28.25,--,0,0,卖盘
1034,11:24:30,28.25,--,4,11300,卖盘
1035,11:24:25,28.25,--,9,25425,卖盘
1036,11:24:20,28.25,--,5,14125,卖盘
1037,11:24:10,28.25,-0.05,4,11300,中性盘
1038,11:24:00,28.3,0.09,9,25470,买盘
1039,11:23:44,28.21,--,4,11284,卖盘
1040,11:23:40,28.21,--,0,0,卖盘
1041,11:23:35,28.21,-0.04,89,251069,卖盘
1042,11:23:30,28.25,-0.01,54,153680,卖盘
1043,11:23:25,28.26,--,4,11304,卖盘
1044,11:23:14,28.26,-0.01,15,42390,卖盘
1045,11:23:05,28.27,--,9,27139,卖盘
1046,11:23:00,28.27,--,10,29400,买盘
1047,11:22:55,28.27,0.01,5,14135,买盘
1048,11:22:50,28.26,-0.04,2,7347,卖盘
1049,11:22:45,28.3,0.03,10,28300,买盘
1050,11:22:40,28.27,--,16,46362,买盘
1051,11:22:29,28.27,-0.02,16,46928,卖盘
1052,11:22:20,28.29,-0.01,4,11316,卖盘
1053,11:22:15,28.3,0.02,1,2830,买盘
1054,11:22:10,28.28,-0.02,4,12443,卖盘
1055,11:22:05,28.3,--,8,22640,卖盘
1056,11:22:00,28.3,0.02,7,19810,中性盘
1057,11:21:45,28.28,-0.02,3,8484,卖盘
1058,11:21:40,28.3,0.03,106,299980,买盘
1059,11:21:35,28.27,-0.01,5,14135,卖盘
1060,11:21:29,28.28,0.01,2,5656,买盘
1061,11:21:25,28.27,-0.01,4,11308,卖盘
1062,11:21:14,28.28,0.01,3,8484,中性盘
1063,11:21:10,28.27,-0.03,89,251603,卖盘
1064,11:21:05,28.3,0.01,2,5660,买盘
1065,11:21:00,28.29,-0.01,5,14145,卖盘
1066,11:20:55,28.3,--,6,16980,买盘
1067,11:20:44,28.3,0.01,1,2830,买盘
1068,11:20:39,28.29,--,8,22632,卖盘
1069,11:20:35,28.29,--,27,76383,卖盘
1070,11:20:30,28.29,--,12,33948,卖盘
1071,11:20:14,28.29,-0.03,5,14145,卖盘
1072,11:20:09,28.32,0.02,14,39648,买盘
1073,11:20:00,28.3,--,27,76410,卖盘
1074,11:19:53,28.3,--,5,14150,卖盘
1075,11:19:44,28.3,--,4,11320,卖盘
1076,11:19:39,28.3,0.01,1,2830,中性盘
1077,11:19:34,28.29,-0.03,4,11316,卖盘
1078,11:19:30,28.32,0.03,1,2832,买盘
1079,11:19:24,28.29,-0.01,7,19803,卖盘
1080,11:19:19,28.3,--,2,5660,卖盘
1081,11:19:14,28.3,-0.02,3,8490,卖盘
1082,11:19:09,28.32,0.03,5,14160,买盘
1083,11:19:04,28.29,--,3,8487,卖盘
1084,11:18:59,28.29,-0.01,5,14145,卖盘
1085,11:18:54,28.3,0.01,4,11320,买盘
1086,11:18:49,28.29,--,0,0,卖盘
1087,11:18:44,28.29,-0.02,90,254610,卖盘
1088,11:18:38,28.31,--,4,11324,卖盘
1089,11:18:34,28.31,-0.01,31,87761,卖盘
1090,11:18:29,28.32,-0.03,5,14160,卖盘
1091,11:18:24,28.35,--,1,2835,买盘
1092,11:18:19,28.35,--,11,31185,买盘
1093,11:18:09,28.35,0.04,8,22680,买盘
1094,11:18:04,28.31,--,4,11324,卖盘
1095,11:17:54,28.31,--,10,28310,卖盘
1096,11:17:49,28.31,--,0,0,卖盘
1097,11:17:44,28.31,-0.01,29,82099,卖盘
1098,11:17:34,28.32,0.01,4,11328,中性盘
1099,11:17:24,28.31,--,12,33972,卖盘
1100,11:17:09,28.31,--,4,11324,卖盘
1101,11:17:04,28.31,--,0,0,卖盘
1102,11:16:59,28.31,--,4,11324,卖盘
1103,11:16:49,28.31,--,4,11324,卖盘
1104,11:16:38,28.31,-0.02,4,11324,卖盘
1105,11:16:34,28.33,0.02,7,19831,买盘
1106,11:16:29,28.31,-0.02,91,257621,卖盘
1107,11:16:23,28.33,0.02,7,19831,买盘
1108,11:16:19,28.31,-0.02,5,14155,卖盘
1109,11:16:08,28.33,-0.01,5,14165,买盘
1110,11:16:04,28.34,--,110,314347,卖盘
1111,11:15:59,28.34,0.03,9,25506,买盘
1112,11:15:54,28.31,--,11,31141,卖盘
1113,11:15:44,28.31,--,4,11324,卖盘
1114,11:15:34,28.31,--,4,11324,卖盘
1115,11:15:29,28.31,--,0,0,卖盘
1116,11:15:23,28.31,-0.04,4,11324,卖盘
1117,11:15:14,28.35,0.04,4,11340,买盘
1118,11:15:09,28.31,--,78,220818,买盘
1119,11:15:04,28.31,0.01,7,19817,买盘
1120,11:14:59,28.3,-0.01,4,11320,卖盘
1121,11:14:49,28.31,--,41,116071,买盘
1122,11:14:44,28.31,0.01,3,8493,买盘
1123,11:14:38,28.3,-0.01,4,11320,卖盘
1124,11:14:34,28.31,--,131,370861,卖盘
1125,11:14:23,28.31,--,5,14155,卖盘
1126,11:14:19,28.31,--,5,14155,卖盘
1127,11:14:09,28.31,0.02,133,376523,买盘
1128,11:14:04,28.29,-0.02,5,14145,卖盘
1129,11:13:59,28.31,0.01,300,849300,买盘
1130,11:13:53,28.3,-0.01,4,11320,卖盘
1131,11:13:49,28.31,--,0,0,买盘
1132,11:13:44,28.31,--,6,16986,买盘
1133,11:13:39,28.31,0.01,10,28310,买盘
1134,11:13:33,28.3,--,13,36790,买盘
1135,11:13:29,28.3,--,5,14150,卖盘
1136,11:13:17,28.3,--,17,48110,卖盘
1137,11:13:08,28.3,--,89,251870,卖盘
1138,11:13:02,28.3,--,1,2830,卖盘
1139,11:12:58,28.3,-0.01,4,11320,卖盘
1140,11:12:54,28.31,--,18,50958,买盘
1141,11:12:47,28.31,--,7,19817,买盘
1142,11:12:44,28.31,--,36,101916,卖盘
1143,11:12:38,28.31,--,0,0,卖盘
1144,11:12:33,28.31,--,4,11324,卖盘
1145,11:12:29,28.31,--,16,45296,卖盘
1146,11:12:23,28.31,-0.01,4,11324,卖盘
1147,11:12:17,28.32,0.02,37,104784,买盘
1148,11:12:14,28.3,-0.01,7,19810,卖盘
1149,11:12:08,28.31,--,12,33972,卖盘
1150,11:12:03,28.31,-0.01,4,11324,卖盘
1151,11:11:53,28.32,0.01,18,50976,买盘
1152,11:11:47,28.31,--,96,271776,卖盘
1153,11:11:39,28.31,--,5,14155,卖盘
1154,11:11:28,28.31,-0.01,6,16986,卖盘
1155,11:11:23,28.32,--,17,48144,卖盘
1156,11:11:17,28.32,--,8,22656,卖盘
1157,11:11:08,28.32,0.01,4,11328,卖盘
1158,11:11:02,28.31,--,0,0,卖盘
1159,11:10:58,28.31,-0.04,16,45296,卖盘
1160,11:10:53,28.35,-0.06,35,99451,卖盘
1161,11:10:47,28.41,0.06,6,17046,买盘
1162,11:10:32,28.35,0.04,4,11340,卖盘
1163,11:10:28,28.31,0.01,11,33745,买盘
1164,11:10:23,28.3,-0.01,5,14150,卖盘
1165,11:10:17,28.31,--,22,62282,买盘
1166,11:10:13,28.31,--,73,206889,卖盘
1167,11:10:02,28.31,--,16,45296,卖盘
1168,11:09:58,28.31,--,2,5662,卖盘
1169,11:09:47,28.31,0.01,34,98858,买盘
1170,11:09:43,28.3,-0.01,10,28300,卖盘
1171,11:09:38,28.31,--,3,8493,买盘
1172,11:09:32,28.31,--,11,31141,买盘
1173,11:09:28,28.31,-0.05,38,107804,卖盘
1174,11:09:17,28.36,-0.02,4,11344,卖盘
1175,11:09:13,28.38,0.02,5,14190,中性盘
1176,11:09:08,28.36,-0.02,4,11344,卖盘
1177,11:08:58,28.38,--,24,68112,卖盘
1178,11:08:47,28.38,--,10,28380,卖盘
1179,11:08:43,28.38,--,8,22704,卖盘
1180,11:08:32,28.38,--,4,11352,卖盘
1181,11:08:23,28.38,--,4,11352,卖盘
1182,11:08:13,28.38,-0.03,4,11352,卖盘
1183,11:08:08,28.41,0.01,10,28410,买盘
1184,11:08:02,28.4,--,4,11360,卖盘
1185,11:07:58,28.4,--,14,42372,买盘
1186,11:07:53,28.4,--,55,156427,卖盘
1187,11:07:47,28.4,--,12,34080,卖盘
1188,11:07:43,28.4,--,18,51120,卖盘
1189,11:07:38,28.4,-0.01,4,11360,卖盘
1190,11:07:32,28.41,0.01,4,11364,买盘
1191,11:07:28,28.4,-0.01,4,11360,卖盘
1192,11:07:23,28.41,--,1,2841,买盘
1193,11:07:17,28.41,0.01,2,5682,中性盘
1194,11:07:13,28.4,-0.03,86,244240,卖盘
1195,11:07:02,28.43,--,5,14215,卖盘
1196,11:06:58,28.43,0.02,7,19901,买盘
1197,11:06:43,28.41,--,5,14205,卖盘
1198,11:06:38,28.41,--,2,5682,卖盘
1199,11:06:32,28.41,--,23,67956,买盘
1200,11:06:26,28.41,0.01,2,5682,买盘
1201,11:06:23,28.4,--,4,11360,卖盘
1202,11:06:17,28.4,--,10,28400,卖盘
1203,11:06:11,28.4,-0.01,5,14200,卖盘
1204,11:06:08,28.41,0.01,2,5682,买盘
1205,11:05:56,28.4,--,44,124960,卖盘
1206,11:05:53,28.4,--,22,62480,卖盘
1207,11:05:47,28.4,-0.01,5,14200,卖盘
1208,11:05:41,28.41,0.01,36,102276,买盘
1209,11:05:38,28.4,-0.01,6,17040,卖盘
1210,11:05:32,28.41,0.01,21,59661,买盘
1211,11:05:26,28.4,--,4,11360,卖盘
1212,11:05:17,28.4,0.04,294,834960,买盘
1213,11:05:02,28.36,0.01,9,25524,买盘
1214,11:04:56,28.35,0.01,3,8505,买盘
1215,11:04:52,28.34,0.06,10,28340,买盘
1216,11:04:47,28.28,-0.03,90,254520,卖盘
1217,11:04:41,28.31,-0.03,6,16986,卖盘
1218,11:04:32,28.34,--,11,31174,买盘
1219,11:04:26,28.34,0.04,1,2834,买盘
1220,11:04:17,28.3,--,4,11320,卖盘
1221,11:04:11,28.3,0.02,10,28300,买盘
1222,11:04:07,28.28,--,0,0,卖盘
1223,11:04:02,28.28,--,7,19796,卖盘
1224,11:03:56,28.28,-0.07,36,101808,卖盘
1225,11:03:52,28.35,0.01,5,14175,买盘
1226,11:03:47,28.34,0.07,4,11336,中性盘
1227,11:03:41,28.27,-0.07,10,28270,卖盘
1228,11:03:37,28.34,--,5,14170,买盘
1229,11:03:32,28.34,0.07,1,2834,买盘
1230,11:03:26,28.27,--,5,14135,卖盘
1231,11:03:22,28.27,0.01,6,16962,中性盘
1232,11:03:17,28.26,-0.01,14,39564,卖盘
1233,11:03:11,28.27,-0.03,13,36751,卖盘
1234,11:03:07,28.3,0.03,10,28300,买盘
1235,11:02:56,28.27,--,17,48059,买盘
1236,11:02:52,28.27,-0.04,5,14135,卖盘
1237,11:02:47,28.31,--,16,45296,卖盘
1238,11:02:41,28.31,0.05,12,33972,买盘
1239,11:02:32,28.26,-0.04,90,254340,卖盘
1240,11:02:26,28.3,--,75,212250,卖盘
1241,11:02:22,28.3,0.01,18,50940,买盘
1242,11:02:11,28.29,0.01,12,33948,卖盘
1243,11:02:07,28.28,--,10,30655,买盘
1244,11:02:02,28.28,--,29,82012,卖盘
1245,11:01:56,28.28,-0.01,10,28280,卖盘
1246,11:01:52,28.29,--,37,104673,卖盘
1247,11:01:47,28.29,--,4,11316,卖盘
1248,11:01:41,28.29,-0.01,11,31119,卖盘
1249,11:01:37,28.3,0.01,10,28300,买盘
1250,11:01:32,28.29,--,5,14145,买盘
1251,11:01:26,28.29,--,5,14145,中性盘
1252,11:01:22,28.29,--,58,164082,卖盘
1253,11:01:17,28.29,0.01,5,14145,中性盘
1254,11:01:11,28.28,-0.02,31,87668,卖盘
1255,11:01:07,28.3,0.02,1,2830,中性盘
1256,11:01:02,28.28,-0.02,4,11312,卖盘
1257,11:00:56,28.3,-0.01,17,48110,卖盘
1258,11:00:52,28.31,-0.01,7,19817,中性盘
1259,11:00:47,28.32,0.01,5,14160,买盘
1260,11:00:41,28.31,-0.02,9,25931,卖盘
1261,11:00:37,28.33,0.01,33,95868,买盘
1262,11:00:26,28.32,0.01,29,82128,买盘
1263,11:00:22,28.31,-0.01,14,39634,卖盘
1264,11:00:17,28.32,0.04,20,56640,买盘
1265,11:00:11,28.28,-0.04,96,271488,卖盘
1266,11:00:07,28.32,0.02,21,59472,买盘
1267,10:59:56,28.3,-0.03,92,260360,卖盘
1268,10:59:50,28.33,0.02,3,8499,买盘
1269,10:59:47,28.31,-0.01,15,42465,卖盘
1270,10:59:41,28.32,-0.01,2,5664,卖盘
1271,10:59:35,28.33,--,6,16998,买盘
1272,10:59:26,28.33,--,0,0,中性盘
1273,10:59:20,28.33,-0.01,10,28330,卖盘
1274,10:59:17,28.34,--,2,5668,买盘
1275,10:59:11,28.34,--,19,54072,卖盘
1276,10:59:05,28.34,--,0,0,卖盘
1277,10:59:01,28.34,-0.01,7,22445,卖盘
1278,10:58:50,28.35,-0.01,3,8731,卖盘
1279,10:58:46,28.36,-0.02,10,28360,卖盘
1280,10:58:41,28.38,0.02,13,36894,买盘
1281,10:58:35,28.36,--,5,14180,卖盘
1282,10:58:26,28.36,--,7,22461,中性盘
1283,10:58:20,28.36,0.01,4,11344,买盘
1284,10:58:16,28.35,0.01,4,11340,卖盘
1285,10:58:11,28.34,--,0,0,卖盘
1286,10:58:05,28.34,--,4,11336,卖盘
1287,10:57:56,28.34,0.03,5,14170,卖盘
1288,10:57:50,28.31,-0.08,86,243466,卖盘
1289,10:57:46,28.39,0.06,3,8517,中性盘
1290,10:57:41,28.33,-0.08,4,11332,卖盘
1291,10:57:35,28.41,0.08,43,122163,买盘
1292,10:57:31,28.33,0.01,2,6799,买盘
1293,10:57:26,28.32,--,0,1132,卖盘
1294,10:57:20,28.32,-0.07,1,3964,中性盘
1295,10:57:16,28.39,0.06,25,70975,买盘
1296,10:57:11,28.33,--,4,11332,卖盘
1297,10:56:56,28.33,-0.06,5,14165,卖盘
1298,10:56:50,28.39,--,5,14195,买盘
1299,10:56:46,28.39,0.07,26,73814,买盘
1300,10:56:41,28.32,--,0,0,卖盘
1301,10:56:35,28.32,0.02,10,28320,中性盘
1302,10:56:31,28.3,-0.01,15,42450,卖盘
1303,10:56:26,28.31,--,25,70775,卖盘
1304,10:56:20,28.31,-0.08,5,14155,卖盘
1305,10:56:16,28.39,0.09,23,65297,买盘
1306,10:56:05,28.3,--,23,65090,买盘
1307,10:56:01,28.3,--,10,28300,买盘
1308,10:55:56,28.3,--,9,25470,卖盘
1309,10:55:50,28.3,-0.01,7,19810,卖盘
1310,10:55:46,28.31,-0.04,6,16986,买盘
1311,10:55:35,28.35,-0.05,4,11340,中性盘
1312,10:55:31,28.4,0.05,114,323760,买盘
1313,10:55:26,28.35,--,6,17010,买盘
1314,10:55:20,28.35,-0.03,22,62370,卖盘
1315,10:55:16,28.38,--,63,178794,买盘
1316,10:55:11,28.38,--,5,14190,买盘
1317,10:55:05,28.38,0.1,4,11352,买盘
1318,10:55:01,28.28,-0.07,4,11312,卖盘
1319,10:54:50,28.35,0.05,9,25515,买盘
1320,10:54:46,28.3,0.02,5,14150,卖盘
1321,10:54:41,28.28,--,0,0,卖盘
1322,10:54:35,28.28,--,5,14140,卖盘
1323,10:54:26,28.28,--,41,115948,卖盘
1324,10:54:20,28.28,--,9,28053,买盘
1325,10:54:16,28.28,0.02,9,25452,买盘
1326,10:54:05,28.26,-0.01,5,14130,中性盘
1327,10:54:01,28.27,0.02,6,16962,买盘
1328,10:53:50,28.25,--,5,14125,卖盘
1329,10:53:46,28.25,0.02,6,16950,买盘
1330,10:53:41,28.23,--,10,28230,卖盘
1331,10:53:35,28.23,--,4,11292,卖盘
1332,10:53:31,28.23,0.03,169,477087,买盘
1333,10:53:26,28.2,-0.03,3,8460,卖盘
1334,10:53:20,28.23,0.03,25,70575,买盘
1335,10:53:16,28.2,-0.02,1,2820,中性盘
1336,10:53:11,28.22,0.04,5,14110,中性盘
1337,10:53:05,28.18,-0.02,131,369158,卖盘
1338,10:52:59,28.2,--,19,53580,卖盘
1339,10:52:56,28.2,--,13,36660,卖盘
1340,10:52:50,28.2,-0.03,80,225600,卖盘
1341,10:52:44,28.23,0.03,74,208902,买盘
1342,10:52:41,28.2,-0.03,256,721920,卖盘
1343,10:52:35,28.23,--,6,16938,买盘
1344,10:52:29,28.23,-0.01,29,81867,卖盘
1345,10:52:25,28.24,-0.01,39,110136,卖盘
1346,10:52:20,28.25,--,38,107350,买盘
1347,10:52:14,28.25,--,21,59325,买盘
1348,10:52:10,28.25,-0.05,119,336175,卖盘
1349,10:52:05,28.3,--,103,291490,买盘
1350,10:51:59,28.3,--,8,22640,买盘
1351,10:51:55,28.3,-0.03,9,25470,卖盘
1352,10:51:50,28.33,0.01,16,45328,买盘
1353,10:51:44,28.32,0.02,83,235056,买盘
1354,10:51:40,28.3,-0.01,73,206590,卖盘
1355,10:51:35,28.31,--,15,42465,卖盘
1356,10:51:29,28.31,-0.02,59,167029,卖盘
1357,10:51:25,28.33,--,5,14165,买盘
1358,10:51:20,28.33,-0.03,33,93489,卖盘
1359,10:51:14,28.36,--,14,39704,卖盘
1360,10:51:10,28.36,-0.05,21,59556,卖盘
1361,10:51:05,28.41,--,55,156255,买盘
1362,10:50:59,28.41,-0.02,79,224439,卖盘
1363,10:50:55,28.43,--,18,51174,买盘
1364,10:50:50,28.43,--,115,326945,卖盘
1365,10:50:44,28.43,--,7,19901,卖盘
1366,10:50:40,28.43,-0.01,17,48331,卖盘
1367,10:50:35,28.44,0.01,1,2844,买盘
1368,10:50:29,28.43,-0.03,51,144993,卖盘
1369,10:50:25,28.46,-0.03,7,19922,卖盘
1370,10:50:20,28.49,--,0,0,买盘
1371,10:50:14,28.49,0.02,7,19943,买盘
1372,10:50:10,28.47,--,5,14235,卖盘
1373,10:50:05,28.47,-0.01,5,14235,卖盘
1374,10:49:59,28.48,--,41,116768,卖盘
1375,10:49:50,28.48,-0.01,4,11392,卖盘
1376,10:49:44,28.49,0.01,2,5698,买盘
1377,10:49:40,28.48,-0.02,20,56960,卖盘
1378,10:49:29,28.5,--,6,17100,买盘
1379,10:49:25,28.5,0.01,5,14250,买盘
1380,10:49:14,28.49,-0.01,35,99715,卖盘
1381,10:49:10,28.5,--,0,0,卖盘
1382,10:49:05,28.5,--,6,17100,卖盘
1383,10:48:55,28.5,-0.09,4,11400,卖盘
1384,10:48:50,28.59,0.09,10,28590,买盘
1385,10:48:44,28.5,--,5,14250,买盘
1386,10:48:40,28.5,0.03,8,22800,买盘
1387,10:48:35,28.47,--,3,8541,卖盘
1388,10:48:29,28.47,-0.12,110,313170,卖盘
1389,10:48:25,28.59,0.1,6,17154,买盘
1390,10:48:14,28.49,--,0,0,卖盘
1391,10:48:10,28.49,--,6,17094,卖盘
1392,10:48:05,28.49,-0.1,2,5698,卖盘
1393,10:47:59,28.59,--,5,14295,买盘
1394,10:47:50,28.59,--,14,40026,买盘
1395,10:47:40,28.59,0.11,15,42885,买盘
1396,10:47:29,28.48,--,0,0,卖盘
1397,10:47:25,28.48,--,24,68352,卖盘
1398,10:47:20,28.48,--,10,28480,卖盘
1399,10:47:14,28.48,--,4,11392,卖盘
1400,10:47:10,28.48,0.01,1,2848,买盘
1401,10:47:05,28.47,-0.01,4,11388,卖盘
1402,10:46:59,28.48,--,13,37024,买盘
1403,10:46:55,28.48,-0.15,25,71200,卖盘
1404,10:46:50,28.63,--,0,0,买盘
1405,10:46:44,28.63,0.15,10,28630,买盘
1406,10:46:38,28.48,0.01,5,14240,中性盘
1407,10:46:29,28.47,--,4,11388,卖盘
1408,10:46:23,28.47,--,7,19929,卖盘
1409,10:46:19,28.47,--,16,45552,卖盘
1410,10:46:14,28.47,0.05,20,56940,买盘
1411,10:46:08,28.42,-0.04,86,244412,卖盘
1412,10:46:05,28.46,-0.01,12,34152,卖盘
1413,10:45:59,28.47,--,5,14235,卖盘
1414,10:45:49,28.47,--,8,22776,买盘
1415,10:45:44,28.47,-0.01,25,71175,卖盘
1416,10:45:38,28.48,--,28,79744,卖盘
1417,10:45:34,28.48,--,4,11392,买盘
1418,10:45:29,28.48,--,76,216448,卖盘
1419,10:45:23,28.48,--,14,39872,卖盘
1420,10:45:19,28.48,--,0,0,卖盘
1421,10:45:14,28.48,--,10,28480,卖盘
1422,10:45:08,28.48,--,0,0,卖盘
1423,10:45:04,28.48,-0.02,4,11392,卖盘
1424,10:44:59,28.5,0.02,25,71250,买盘
1425,10:44:53,28.48,-0.01,99,281952,卖盘
1426,10:44:49,28.49,--,8,22792,买盘
1427,10:44:44,28.49,-0.01,147,418803,卖盘
1428,10:44:38,28.5,--,22,62700,买盘
1429,10:44:34,28.5,--,3,8550,买盘
1430,10:44:29,28.5,--,10,28500,买盘
1431,10:44:23,28.5,-0.04,31,88350,卖盘
1432,10:44:19,28.54,0.01,4,11416,卖盘
1433,10:44:14,28.53,0.01,510,1455030,买盘
1434,10:44:08,28.52,0.02,54,154008,买盘
1435,10:43:59,28.5,--,4,11400,卖盘
1436,10:43:53,28.5,--,12,34200,卖盘
1437,10:43:49,28.5,-0.04,90,256500,卖盘
1438,10:43:38,28.54,0.01,1,2854,买盘
1439,10:43:34,28.53,-0.01,5,14265,卖盘
1440,10:43:23,28.54,-0.03,1103,3147962,卖盘
1441,10:43:19,28.57,0.02,1,2857,买盘
1442,10:43:14,28.55,-0.01,4,11420,卖盘
1443,10:43:08,28.56,-0.02,16,45696,卖盘
1444,10:43:04,28.58,-0.02,10,28580,中性盘
1445,10:42:53,28.6,0.04,27,77220,买盘
1446,10:42:49,28.56,--,4,11424,卖盘
1447,10:42:38,28.56,--,6,17136,卖盘
1448,10:42:34,28.56,--,12,34272,卖盘
1449,10:42:29,28.56,--,4,11424,卖盘
1450,10:42:23,28.56,--,26,74256,卖盘
1451,10:42:19,28.56,--,5,14280,卖盘
1452,10:42:14,28.56,--,7,19992,卖盘
1453,10:42:08,28.56,--,20,57120,买盘
1454,10:42:04,28.56,0.01,3,8568,买盘
1455,10:41:53,28.55,-0.01,15,42825,卖盘
1456,10:41:49,28.56,-0.05,5,14280,卖盘
1457,10:41:44,28.61,--,0,0,买盘
1458,10:41:38,28.61,0.05,4,11444,买盘
1459,10:41:34,28.56,--,17,48552,卖盘
1460,10:41:29,28.56,--,0,0,卖盘
1461,10:41:23,28.56,-0.05,89,254184,卖盘
1462,10:41:19,28.61,--,0,0,卖盘
1463,10:41:14,28.61,--,5,14305,卖盘
1464,10:41:08,28.61,--,26,74386,卖盘
1465,10:41:04,28.61,--,4,11444,卖盘
1466,10:40:49,28.61,-0.06,9,25749,卖盘
1467,10:40:38,28.67,--,6,17202,买盘
1468,10:40:34,28.67,0.06,2,5734,买盘
1469,10:40:29,28.61,0.01,4,11444,卖盘
1470,10:40:19,28.6,--,4,11440,卖盘
1471,10:40:08,28.6,--,4,11440,卖盘
1472,10:39:53,28.6,--,12,34320,卖盘
1473,10:39:44,28.6,--,4,11440,卖盘
1474,10:39:32,28.6,--,6,17160,卖盘
1475,10:39:23,28.6,0.01,5,14300,卖盘
1476,10:39:08,28.59,--,91,260169,卖盘
1477,10:39:02,28.59,--,5,14295,卖盘
1478,10:38:47,28.59,--,5,14295,卖盘
1479,10:38:43,28.59,--,0,0,卖盘
1480,10:38:38,28.59,--,5,14295,卖盘
1481,10:38:28,28.59,--,5,14295,卖盘
1482,10:38:17,28.59,--,21,60039,中性盘
1483,10:38:08,28.59,0.01,1,2859,买盘
1484,10:38:02,28.58,-0.01,5,14290,卖盘
1485,10:37:53,28.59,-0.01,12,34308,卖盘
1486,10:37:43,28.6,--,4,11440,卖盘
1487,10:37:38,28.6,0.01,17,48620,买盘
1488,10:37:32,28.59,-0.01,5,14295,卖盘
1489,10:37:23,28.6,0.01,30,85800,买盘
1490,10:37:17,28.59,-0.01,13,37167,卖盘
1491,10:37:08,28.6,-0.05,249,712140,卖盘
1492,10:37:02,28.65,--,0,0,卖盘
1493,10:36:58,28.65,0.04,4,11460,卖盘
1494,10:36:53,28.61,0.01,5,14305,买盘
1495,10:36:47,28.6,-0.1,85,243100,卖盘
1496,10:36:43,28.7,0.05,8,22960,买盘
1497,10:36:37,28.65,-0.05,1,2865,卖盘
1498,10:36:32,28.7,--,65,186550,买盘
1499,10:36:28,28.7,0.01,6,17220,买盘
1500,10:36:17,28.69,--,2,5738,卖盘
1501,10:36:13,28.69,--,11,31559,卖盘
1502,10:36:02,28.69,--,10,28690,卖盘
1503,10:35:58,28.69,0.08,10,28690,买盘
1504,10:35:52,28.61,-0.02,7,20027,卖盘
1505,10:35:43,28.63,-0.04,5,14315,卖盘
1506,10:35:32,28.67,0.07,4,11468,卖盘
1507,10:35:28,28.6,--,0,0,卖盘
1508,10:35:17,28.6,--,43,122980,卖盘
1509,10:35:13,28.6,--,13,37180,卖盘
1510,10:35:07,28.6,--,4,11440,卖盘
1511,10:34:58,28.6,--,6,17160,卖盘
1512,10:34:53,28.6,0.01,136,388960,买盘
1513,10:34:47,28.59,--,4,11436,卖盘
1514,10:34:43,28.59,0.01,3,8577,买盘
1515,10:34:37,28.58,-0.01,5,14290,卖盘
1516,10:34:32,28.59,0.06,263,751917,买盘
1517,10:34:28,28.53,-0.01,88,251064,卖盘
1518,10:34:17,28.54,-0.02,115,328210,卖盘
1519,10:34:13,28.56,0.01,29,82824,买盘
1520,10:34:07,28.55,-0.01,44,125620,卖盘
1521,10:34:02,28.56,--,17,48552,买盘
1522,10:33:58,28.56,--,9,25704,买盘
1523,10:33:53,28.56,0.01,23,65688,卖盘
1524,10:33:43,28.55,-0.02,4,11420,卖盘
1525,10:33:37,28.57,0.03,3,8571,买盘
1526,10:33:32,28.54,--,0,0,卖盘
1527,10:33:28,28.54,--,6,17124,卖盘
1528,10:33:17,28.54,-0.05,4,11416,卖盘
1529,10:33:13,28.59,0.06,2,5718,买盘
1530,10:33:08,28.53,--,5,14265,卖盘
1531,10:33:02,28.53,--,174,496422,买盘
1532,10:32:56,28.53,--,31,88443,卖盘
1533,10:32:52,28.53,--,3,8559,卖盘
1534,10:32:47,28.53,--,4,11412,卖盘
1535,10:32:41,28.53,--,10,28530,卖盘
1536,10:32:37,28.53,--,18,51354,卖盘
1537,10:32:32,28.53,--,24,68472,买盘
1538,10:32:26,28.53,0.01,92,262476,买盘
1539,10:32:22,28.52,-0.06,5,14260,卖盘
1540,10:32:11,28.58,0.03,101,288658,买盘
1541,10:32:07,28.55,--,0,0,卖盘
1542,10:32:02,28.55,-0.03,4,11420,卖盘
1543,10:31:52,28.58,0.01,42,120036,买盘
1544,10:31:47,28.57,-0.01,56,160449,卖盘
1545,10:31:41,28.58,--,4,11432,卖盘
1546,10:31:32,28.58,--,1,2858,卖盘
1547,10:31:26,28.58,-0.02,5,16690,卖盘
1548,10:31:17,28.6,-0.06,164,469040,卖盘
1549,10:31:11,28.66,0.03,5,14330,买盘
1550,10:31:07,28.63,-0.01,5,14315,卖盘
1551,10:30:56,28.64,-0.02,15,42960,卖盘
1552,10:30:41,28.66,0.02,4,11464,卖盘
1553,10:30:37,28.64,0.01,30,85920,买盘
1554,10:30:32,28.63,--,10,28630,卖盘
1555,10:30:26,28.63,-0.01,14,40082,卖盘
1556,10:30:22,28.64,--,5,14320,中性盘
1557,10:30:17,28.64,--,14,40096,卖盘
1558,10:30:11,28.64,--,26,74464,买盘
1559,10:30:07,28.64,--,1,2864,买盘
1560,10:30:01,28.64,-0.01,73,209072,买盘
1561,10:29:56,28.65,--,3,8595,买盘
1562,10:29:52,28.65,0.02,3,8595,中性盘
1563,10:29:46,28.63,-0.03,88,251944,卖盘
1564,10:29:41,28.66,--,0,0,卖盘
1565,10:29:37,28.66,-0.03,4,11464,卖盘
1566,10:29:32,28.69,--,0,0,买盘
1567,10:29:26,28.69,0.04,9,25821,买盘
1568,10:29:22,28.65,--,0,0,卖盘
1569,10:29:16,28.65,-0.01,4,11460,卖盘
1570,10:29:07,28.66,-0.03,4,11464,卖盘
1571,10:28:56,28.69,--,8,22952,买盘
1572,10:28:52,28.69,--,3,8607,中性盘
1573,10:28:41,28.69,--,13,37297,卖盘
1574,10:28:31,28.69,0.03,10,28690,买盘
1575,10:28:22,28.66,-0.03,5,14330,卖盘
1576,10:28:11,28.69,0.04,6,17214,买盘
1577,10:27:56,28.65,--,4,11460,卖盘
1578,10:27:52,28.65,--,22,63030,买盘
1579,10:27:46,28.65,0.01,30,85950,买盘
1580,10:27:41,28.64,--,1,2864,卖盘
1581,10:27:37,28.64,--,5,14320,卖盘
1582,10:27:26,28.64,0.03,15,42960,买盘
1583,10:27:22,28.61,-0.03,87,248907,卖盘
1584,10:27:16,28.64,0.02,9,25776,买盘
1585,10:27:11,28.62,-0.02,7,20034,卖盘
1586,10:27:07,28.64,--,81,231984,买盘
1587,10:26:56,28.64,0.02,12,34368,买盘
1588,10:26:51,28.62,--,10,28620,卖盘
1589,10:26:41,28.62,-0.02,7,20034,卖盘
1590,10:26:37,28.64,0.02,42,120288,买盘
1591,10:26:31,28.62,-0.02,4,11448,卖盘
1592,10:26:26,28.64,--,2,5728,买盘
1593,10:26:20,28.64,--,9,25776,买盘
1594,10:26:16,28.64,--,2,5728,买盘
1595,10:26:11,28.64,--,39,111696,买盘
1596,10:26:05,28.64,0.02,50,143200,买盘
1597,10:25:56,28.62,-0.01,11,31482,卖盘
1598,10:25:50,28.63,0.01,2,5726,中性盘
1599,10:25:46,28.62,--,4,11448,卖盘
1600,10:25:41,28.62,--,18,51516,卖盘
1601,10:25:35,28.62,-0.02,11,31482,卖盘
1602,10:25:26,28.64,0.02,16,45824,买盘
1603,10:25:11,28.62,0.02,5,14310,卖盘
1604,10:25:05,28.6,-0.02,90,257400,卖盘
1605,10:24:56,28.62,0.01,5,14310,买盘
1606,10:24:50,28.61,--,10,28610,卖盘
1607,10:24:41,28.61,-0.04,4,11444,卖盘
1608,10:24:35,28.65,--,0,0,买盘
1609,10:24:31,28.65,0.03,56,160440,买盘
1610,10:24:20,28.62,--,17,48654,卖盘
1611,10:24:05,28.62,--,4,11448,卖盘
1612,10:23:56,28.62,0.01,5,14310,卖盘
1613,10:23:46,28.61,--,4,11444,卖盘
1614,10:23:41,28.61,--,0,0,卖盘
1615,10:23:35,28.61,-0.04,23,65803,卖盘
1616,10:23:31,28.65,--,21,60165,买盘
1617,10:23:26,28.65,-0.01,149,426885,卖盘
1618,10:23:20,28.66,0.01,5,14330,买盘
1619,10:23:11,28.65,--,4,11460,卖盘
1620,10:23:05,28.65,--,55,157575,卖盘
1621,10:23:01,28.65,-0.01,4,11460,卖盘
1622,10:22:56,28.66,0.01,4,11464,买盘
1623,10:22:50,28.65,--,0,0,卖盘
1624,10:22:41,28.65,-0.03,91,260715,卖盘
1625,10:22:31,28.68,--,16,45888,买盘
1626,10:22:20,28.68,--,4,11472,卖盘
1627,10:22:05,28.68,--,5,14340,卖盘
1628,10:22:01,28.68,--,30,86040,买盘
1629,10:21:55,28.68,0.02,11,31548,买盘
1630,10:21:50,28.66,0.01,3,8598,中性盘
1631,10:21:46,28.65,-0.01,55,157575,卖盘
1632,10:21:35,28.66,--,30,85980,卖盘
1633,10:21:31,28.66,0.01,26,74516,买盘
1634,10:21:20,28.65,--,35,100275,卖盘
1635,10:21:16,28.65,0.05,258,739170,买盘
1636,10:21:10,28.6,--,4,11440,卖盘
1637,10:21:05,28.6,--,16,45760,买盘
1638,10:21:01,28.6,0.02,44,125840,买盘
1639,10:20:50,28.58,-0.02,15,42870,卖盘
1640,10:20:46,28.6,--,55,157300,买盘
1641,10:20:40,28.6,0.05,7,20020,中性盘
1642,10:20:31,28.55,-0.05,154,439670,卖盘
1643,10:20:25,28.6,--,486,1389960,买盘
1644,10:20:20,28.6,0.02,2,5720,买盘
1645,10:20:16,28.58,-0.02,42,120036,卖盘
1646,10:20:10,28.6,0.05,5,14300,买盘
1647,10:20:05,28.55,-0.03,105,299775,卖盘
1648,10:20:01,28.58,--,11,31437,买盘
1649,10:19:55,28.58,--,10,28580,买盘
1650,10:19:50,28.58,-0.03,98,280084,卖盘
1651,10:19:44,28.61,0.03,45,128745,买盘
1652,10:19:40,28.58,--,9,25722,卖盘
1653,10:19:35,28.58,-0.02,49,140042,卖盘
1654,10:19:29,28.6,--,35,100100,买盘
1655,10:19:25,28.6,-0.01,14,40040,卖盘
1656,10:19:20,28.61,-0.01,10,28610,中性盘
1657,10:19:14,28.62,0.01,28,80136,中性盘
1658,10:19:05,28.61,-0.04,198,566478,卖盘
1659,10:18:59,28.65,--,1,2865,买盘
1660,10:18:55,28.65,0.03,1,2865,买盘
1661,10:18:50,28.62,-0.04,270,772740,卖盘
1662,10:18:44,28.66,-0.01,41,117506,卖盘
1663,10:18:40,28.67,0.01,14,40138,中性盘
1664,10:18:35,28.66,-0.01,11,31526,卖盘
1665,10:18:29,28.67,--,7,20069,买盘
1666,10:18:25,28.67,--,18,51606,卖盘
1667,10:18:20,28.67,-0.03,11,31537,卖盘
1668,10:18:14,28.7,--,15,43050,买盘
1669,10:18:05,28.7,--,90,258300,买盘
1670,10:17:59,28.7,-0.02,198,570297,卖盘
1671,10:17:55,28.72,--,15,43080,买盘
1672,10:17:50,28.72,-0.05,76,218272,卖盘
1673,10:17:44,28.77,0.04,105,302085,买盘
1674,10:17:40,28.73,-0.02,11,31603,卖盘
1675,10:17:35,28.75,--,26,74750,卖盘
1676,10:17:29,28.75,-0.02,16,46000,卖盘
1677,10:17:25,28.77,--,0,0,买盘
1678,10:17:20,28.77,0.02,13,37401,买盘
1679,10:17:14,28.75,--,19,54625,卖盘
1680,10:17:05,28.75,--,6,17250,买盘
1681,10:16:55,28.75,0.01,2,5750,卖盘
1682,10:16:44,28.74,-0.03,10,28740,卖盘
1683,10:16:40,28.77,--,3,8631,买盘
1684,10:16:35,28.77,--,26,74802,买盘
1685,10:16:29,28.77,--,0,0,买盘
1686,10:16:25,28.77,0.03,5,14385,买盘
1687,10:16:19,28.74,--,5,14370,卖盘
1688,10:16:14,28.74,--,0,0,卖盘
1689,10:16:10,28.74,0.02,4,11496,卖盘
1690,10:16:05,28.72,--,0,0,卖盘
1691,10:15:59,28.72,-0.05,14,40208,卖盘
1692,10:15:49,28.77,--,0,0,买盘
1693,10:15:44,28.77,0.01,88,253176,买盘
1694,10:15:40,28.76,-0.01,4,11504,卖盘
1695,10:15:34,28.77,0.01,11,31647,买盘
1696,10:15:29,28.76,--,4,11504,卖盘
1697,10:15:25,28.76,--,0,0,卖盘
1698,10:15:14,28.76,-0.02,5,14380,卖盘
1699,10:15:10,28.78,0.02,5,14390,买盘
1700,10:15:04,28.76,0.03,6,17256,卖盘
1701,10:14:59,28.73,--,0,0,卖盘
1702,10:14:55,28.73,--,7,20111,卖盘
1703,10:14:44,28.73,--,4,11492,卖盘
1704,10:14:40,28.73,--,5,14365,卖盘
1705,10:14:34,28.73,--,0,0,卖盘
1706,10:14:29,28.73,0.01,15,43095,卖盘
1707,10:14:25,28.72,-0.08,4,11488,卖盘
1708,10:14:14,28.8,0.07,50,144000,买盘
1709,10:14:10,28.73,-0.04,6,17238,卖盘
1710,10:14:04,28.77,0.05,13,37401,买盘
1711,10:13:59,28.72,-0.02,5,14360,卖盘
1712,10:13:49,28.74,-0.03,4,11496,卖盘
1713,10:13:40,28.77,--,2,5754,买盘
1714,10:13:34,28.77,--,3,8631,卖盘
1715,10:13:29,28.77,-0.01,43,123711,卖盘
1716,10:13:25,28.78,0.01,103,296434,买盘
1717,10:13:14,28.77,--,4,11508,卖盘
1718,10:13:04,28.77,--,5,14385,卖盘
1719,10:12:55,28.77,0.03,24,69048,买盘
1720,10:12:44,28.74,0.01,4,11496,卖盘
1721,10:12:34,28.73,--,0,0,卖盘
1722,10:12:29,28.73,--,8,22984,卖盘
1723,10:12:24,28.73,--,8,22984,卖盘
1724,10:12:19,28.73,--,9,25857,买盘
1725,10:12:14,28.73,--,2,5746,买盘
1726,10:12:08,28.73,--,22,63206,买盘
1727,10:12:04,28.73,-0.04,23,68549,卖盘
1728,10:11:59,28.77,-0.03,6,17262,卖盘
1729,10:11:54,28.8,0.03,22,63763,买盘
1730,10:11:44,28.77,--,11,31647,买盘
1731,10:11:38,28.77,0.04,19,54663,买盘
1732,10:11:29,28.73,0.01,1,2873,买盘
1733,10:11:23,28.72,-0.01,4,11488,卖盘
1734,10:11:19,28.73,0.01,1,2873,中性盘
1735,10:11:14,28.72,0.01,24,68928,卖盘
1736,10:11:08,28.71,--,0,0,卖盘
1737,10:11:04,28.71,0.01,4,11484,卖盘
1738,10:10:59,28.7,--,0,0,卖盘
1739,10:10:53,28.7,--,153,439942,买盘
1740,10:10:49,28.7,--,4,11480,买盘
1741,10:10:44,28.7,0.01,10,28700,买盘
1742,10:10:38,28.69,-0.08,73,211473,卖盘
1743,10:10:29,28.77,--,10,28770,卖盘
1744,10:10:23,28.77,0.07,8,23016,买盘
1745,10:10:19,28.7,--,6,17220,卖盘
1746,10:10:14,28.7,--,20,57400,卖盘
1747,10:10:08,28.7,-0.07,4,11480,卖盘
1748,10:10:04,28.77,--,9,25893,买盘
1749,10:09:59,28.77,0.07,21,60417,买盘
1750,10:09:53,28.7,--,5,14350,卖盘
1751,10:09:44,28.7,0.02,130,373932,买盘
1752,10:09:38,28.68,--,64,183552,卖盘
1753,10:09:34,28.68,--,8,22944,卖盘
1754,10:09:29,28.68,-0.01,81,232308,中性盘
1755,10:09:23,28.69,0.03,8,22952,买盘
1756,10:09:19,28.66,-0.02,53,151898,卖盘
1757,10:09:13,28.68,--,9,25812,卖盘
1758,10:09:08,28.68,--,70,200760,卖盘
1759,10:09:04,28.68,-0.01,25,71700,卖盘
1760,10:08:53,28.69,-0.01,13,37297,卖盘
1761,10:08:49,28.7,--,223,640010,卖盘
1762,10:08:43,28.7,--,24,68880,卖盘
1763,10:08:38,28.7,-0.01,10,28700,卖盘
1764,10:08:23,28.71,-0.02,299,858429,卖盘
1765,10:08:19,28.73,--,13,37349,卖盘
1766,10:08:13,28.73,--,4,11492,卖盘
1767,10:08:08,28.73,--,8,22984,卖盘
1768,10:08:03,28.73,--,9,25857,卖盘
1769,10:07:58,28.73,-0.02,2,5746,卖盘
1770,10:07:49,28.75,-0.01,37,106375,卖盘
1771,10:07:43,28.76,--,15,43140,买盘
1772,10:07:38,28.76,--,9,25884,卖盘
1773,10:07:34,28.76,--,6,17256,卖盘
1774,10:07:28,28.76,--,1,2876,卖盘
1775,10:07:23,28.76,--,108,310608,买盘
1776,10:07:19,28.76,0.01,5,14380,买盘
1777,10:07:13,28.75,-0.01,40,115000,卖盘
1778,10:07:08,28.76,--,19,54644,卖盘
1779,10:07:03,28.76,-0.01,4,11504,卖盘
1780,10:06:58,28.77,--,1,2877,买盘
1781,10:06:53,28.77,--,20,57540,卖盘
1782,10:06:48,28.77,--,16,46032,卖盘
1783,10:06:43,28.77,0.01,25,71925,买盘
1784,10:06:38,28.76,-0.02,13,37388,卖盘
1785,10:06:33,28.78,0.01,16,46048,买盘
1786,10:06:28,28.77,--,4,11508,卖盘
1787,10:06:23,28.77,-0.01,2,5754,中性盘
1788,10:06:18,28.78,--,25,74425,卖盘
1789,10:06:08,28.78,--,6,17268,卖盘
1790,10:06:03,28.78,--,30,86742,买盘
1791,10:05:58,28.78,0.02,5,14390,买盘
1792,10:05:53,28.76,0.01,5,14380,卖盘
1793,10:05:48,28.75,--,0,0,卖盘
1794,10:05:43,28.75,0.01,7,20125,卖盘
1795,10:05:38,28.74,-0.01,20,57480,卖盘
1796,10:05:33,28.75,--,25,71875,买盘
1797,10:05:28,28.75,-0.02,1,2875,买盘
1798,10:05:23,28.77,-0.01,56,161112,中性盘
1799,10:05:18,28.78,0.04,312,897936,买盘
1800,10:05:13,28.74,--,0,0,卖盘
1801,10:05:08,28.74,-0.03,90,258660,卖盘
1802,10:05:02,28.77,0.03,3,8631,买盘
1803,10:04:58,28.74,-0.01,5,14370,卖盘
1804,10:04:53,28.75,--,10,28750,买盘
1805,10:04:48,28.75,-0.02,372,1069500,卖盘
1806,10:04:43,28.77,0.03,4,11508,买盘
1807,10:04:38,28.74,-0.03,5,14370,卖盘
1808,10:04:32,28.77,0.03,14,40278,买盘
1809,10:04:28,28.74,--,58,166692,卖盘
1810,10:04:23,28.74,-0.03,4,11496,卖盘
1811,10:04:17,28.77,--,19,54663,买盘
1812,10:04:13,28.77,0.02,11,31647,买盘
1813,10:04:08,28.75,0.01,7,20125,中性盘
1814,10:04:02,28.74,-0.03,124,356376,卖盘
1815,10:03:53,28.77,--,24,69048,买盘
1816,10:03:47,28.77,0.03,6,17262,买盘
1817,10:03:43,28.74,--,9,25866,卖盘
1818,10:03:38,28.74,--,15,43110,卖盘
1819,10:03:32,28.74,--,13,37362,卖盘
1820,10:03:28,28.74,--,41,117834,卖盘
1821,10:03:23,28.74,--,6,17244,卖盘
1822,10:03:17,28.74,--,3,8622,卖盘
1823,10:03:13,28.74,--,12,34488,卖盘
1824,10:03:08,28.74,-0.03,11,31614,卖盘
1825,10:03:02,28.77,0.04,5,14385,卖盘
1826,10:02:58,28.73,--,14,40222,卖盘
1827,10:02:53,28.73,-0.01,5,14365,卖盘
1828,10:02:47,28.74,-0.04,107,307518,中性盘
1829,10:02:43,28.78,0.05,27,77706,买盘
1830,10:02:37,28.73,--,4,11492,卖盘
1831,10:02:32,28.73,-0.05,12,34476,卖盘
1832,10:02:28,28.78,0.05,7,20146,买盘
1833,10:02:22,28.73,0.01,10,28730,买盘
1834,10:02:17,28.72,--,38,109136,卖盘
1835,10:02:13,28.72,--,17,48824,卖盘
1836,10:02:02,28.72,-0.04,113,324536,卖盘
1837,10:01:58,28.76,0.03,214,615464,买盘
1838,10:01:52,28.73,-0.03,25,71825,卖盘
1839,10:01:47,28.76,0.01,110,316360,买盘
1840,10:01:43,28.75,--,57,163875,卖盘
1841,10:01:37,28.75,--,12,34500,卖盘
1842,10:01:32,28.75,--,11,31625,卖盘
1843,10:01:27,28.75,-0.01,6,17250,卖盘
1844,10:01:22,28.76,-0.02,145,417020,卖盘
1845,10:01:17,28.78,--,294,846132,卖盘
1846,10:01:13,28.78,--,1,2878,卖盘
1847,10:01:02,28.78,--,100,287800,卖盘
1848,10:00:58,28.78,-0.01,146,420188,卖盘
1849,10:00:52,28.79,-0.01,14,40306,卖盘
1850,10:00:47,28.8,--,108,311040,卖盘
1851,10:00:43,28.8,--,22,63360,卖盘
1852,10:00:37,28.8,--,37,106560,卖盘
1853,10:00:32,28.8,--,30,86400,卖盘
1854,10:00:27,28.8,--,312,898560,卖盘
1855,10:00:22,28.8,--,160,460800,卖盘
1856,10:00:17,28.8,--,69,198720,卖盘
1857,10:00:13,28.8,--,34,97920,卖盘
1858,10:00:07,28.8,--,13,37440,卖盘
1859,10:00:02,28.8,-0.01,109,313920,卖盘
1860,09:59:57,28.81,0.01,3,8643,买盘
1861,09:59:47,28.8,-0.01,29,83520,卖盘
1862,09:59:42,28.81,--,15,43215,买盘
1863,09:59:32,28.81,--,8,23048,卖盘
1864,09:59:27,28.81,-0.05,300,864300,卖盘
1865,09:59:22,28.86,0.05,10,28860,买盘
1866,09:59:17,28.81,-0.01,9,25929,卖盘
1867,09:59:12,28.82,--,35,100870,买盘
1868,09:58:57,28.82,-0.04,8,23056,卖盘
1869,09:58:47,28.86,0.05,2,5772,买盘
1870,09:58:42,28.81,--,0,0,卖盘
1871,09:58:32,28.81,-0.01,22,63382,卖盘
1872,09:58:26,28.82,0.01,23,66286,买盘
1873,09:58:17,28.81,-0.01,27,77787,卖盘
1874,09:58:12,28.82,0.01,23,66286,买盘
1875,09:58:07,28.81,--,0,0,卖盘
1876,09:58:02,28.81,-0.02,86,247766,卖盘
1877,09:57:56,28.83,-0.06,25,72075,卖盘
1878,09:57:47,28.89,--,2,5778,买盘
1879,09:57:32,28.89,--,5,14445,买盘
1880,09:57:26,28.89,-0.03,1,2889,卖盘
1881,09:57:17,28.92,0.08,2,5784,买盘
1882,09:57:07,28.84,-0.05,16,46144,卖盘
1883,09:56:52,28.89,0.04,3,8667,买盘
1884,09:56:46,28.85,0.03,1,2885,中性盘
1885,09:56:41,28.82,-0.07,25,72050,卖盘
1886,09:56:37,28.89,--,0,0,买盘
1887,09:56:32,28.89,--,2,5778,买盘
1888,09:56:26,28.89,0.07,2,5778,买盘
1889,09:56:22,28.82,0.01,1,2882,中性盘
1890,09:56:11,28.81,--,1,2881,卖盘
1891,09:56:07,28.81,0.02,5,14405,卖盘
1892,09:55:56,28.79,-0.09,106,305174,卖盘
1893,09:55:52,28.88,0.07,15,43320,买盘
1894,09:55:46,28.81,-0.05,74,213194,卖盘
1895,09:55:41,28.86,--,11,31746,卖盘
1896,09:55:37,28.86,--,12,34632,卖盘
1897,09:55:31,28.86,0.03,469,1353534,买盘
1898,09:55:26,28.83,0.02,12,34596,买盘
1899,09:55:22,28.81,-0.01,16,46096,卖盘
1900,09:55:16,28.82,0.01,2,5764,买盘
1901,09:55:11,28.81,0.03,2,5762,卖盘
1902,09:55:07,28.78,--,21,60438,卖盘
1903,09:55:01,28.78,-0.01,28,80584,卖盘
1904,09:54:56,28.79,--,36,103644,卖盘
1905,09:54:51,28.79,--,13,37427,买盘
1906,09:54:46,28.79,--,9,25911,买盘
1907,09:54:37,28.79,0.02,28,80612,买盘
1908,09:54:31,28.77,-0.01,29,83433,卖盘
1909,09:54:26,28.78,--,18,51804,买盘
1910,09:54:21,28.78,--,10,28780,买盘
1911,09:54:16,28.78,-0.01,52,149656,卖盘
1912,09:54:11,28.79,-0.01,18,51822,中性盘
1913,09:54:06,28.8,0.02,8,23040,买盘
1914,09:54:01,28.78,-0.01,10,28780,卖盘
1915,09:53:56,28.79,-0.03,75,215925,卖盘
1916,09:53:51,28.82,--,2,5764,买盘
1917,09:53:46,28.82,0.01,19,54758,买盘
1918,09:53:41,28.81,--,5,14405,卖盘
1919,09:53:36,28.81,-0.01,44,126764,卖盘
1920,09:53:26,28.82,--,87,250734,卖盘
1921,09:53:21,28.82,-0.01,5,14410,卖盘
1922,09:53:16,28.83,--,0,0,卖盘
1923,09:53:11,28.83,-0.02,6,17298,卖盘
1924,09:53:06,28.85,-0.01,23,66355,卖盘
1925,09:53:01,28.86,--,9,25974,卖盘
1926,09:52:56,28.86,-0.03,49,141414,卖盘
1927,09:52:51,28.89,0.01,21,60669,买盘
1928,09:52:46,28.88,-0.01,14,40432,卖盘
1929,09:52:41,28.89,--,18,52002,买盘
1930,09:52:36,28.89,0.01,3,8667,买盘
1931,09:52:31,28.88,--,7,20216,卖盘
1932,09:52:26,28.88,-0.01,9,25992,卖盘
1933,09:52:11,28.89,--,2,5778,买盘
1934,09:52:06,28.89,0.01,9,26001,买盘
1935,09:51:56,28.88,-0.03,68,196384,卖盘
1936,09:51:51,28.91,0.02,14,40474,买盘
1937,09:51:46,28.89,0.01,2,5778,卖盘
1938,09:51:36,28.88,-0.03,10,28880,卖盘
1939,09:51:31,28.91,0.01,7,20237,卖盘
1940,09:51:26,28.9,-0.01,14,40460,买盘
1941,09:51:20,28.91,0.03,3,8673,卖盘
1942,09:51:16,28.88,--,0,0,卖盘
1943,09:51:05,28.88,-0.04,84,242592,卖盘
1944,09:50:56,28.92,-0.01,20,57840,卖盘
1945,09:50:46,28.93,--,3,8679,买盘
1946,09:50:35,28.93,-0.02,30,86790,卖盘
1947,09:50:31,28.95,--,4,11580,卖盘
1948,09:50:26,28.95,0.02,12,34740,买盘
1949,09:50:20,28.93,0.01,1,2893,卖盘
1950,09:50:11,28.92,--,11,31812,卖盘
1951,09:49:55,28.92,0.02,2,5784,卖盘
1952,09:49:50,28.9,-0.02,85,245650,卖盘
1953,09:49:40,28.92,0.01,1,2892,买盘
1954,09:49:35,28.91,--,0,0,卖盘
1955,09:49:31,28.91,--,0,0,中性盘
1956,09:49:25,28.91,--,0,0,卖盘
1957,09:49:20,28.91,-0.04,7,20237,卖盘
1958,09:49:16,28.95,0.05,4,11580,买盘
1959,09:49:10,28.9,--,2,5780,买盘
1960,09:49:05,28.9,--,58,167620,卖盘
1961,09:48:55,28.9,--,0,0,卖盘
1962,09:48:50,28.9,-0.05,91,262990,卖盘
1963,09:48:46,28.95,-0.02,12,34740,卖盘
1964,09:48:30,28.97,--,19,55043,卖盘
1965,09:48:25,28.97,--,0,0,卖盘
1966,09:48:20,28.97,-0.08,20,57940,卖盘
1967,09:48:15,29.05,0.05,7,20335,买盘
1968,09:48:10,29.0,--,2,5800,买盘
1969,09:48:05,29.0,--,5,14500,买盘
1970,09:47:55,29.0,--,2,5800,买盘
1971,09:47:40,29.0,0.01,18,52200,买盘
1972,09:47:30,28.99,--,8,23192,买盘
1973,09:47:25,28.99,--,2,5798,买盘
1974,09:47:10,28.99,--,5,14495,买盘
1975,09:47:05,28.99,--,9,26091,卖盘
1976,09:47:00,28.99,-0.01,3,8697,卖盘
1977,09:46:55,29.0,--,45,130500,买盘
1978,09:46:50,29.0,--,1,2900,买盘
1979,09:46:45,29.0,--,2,5800,买盘
1980,09:46:40,29.0,-0.05,60,174000,卖盘
1981,09:46:35,29.05,0.05,2,5810,买盘
1982,09:46:30,29.0,-0.07,10,29000,卖盘
1983,09:46:25,29.07,0.05,100,290700,买盘
1984,09:46:20,29.02,--,2,5804,卖盘
1985,09:46:15,29.02,--,6,17412,卖盘
1986,09:46:05,29.02,--,2,5804,卖盘
1987,09:46:00,29.02,--,13,37726,买盘
1988,09:45:55,29.02,--,6,17412,买盘
1989,09:45:50,29.02,-0.04,86,249572,卖盘
1990,09:45:45,29.06,0.04,1,2906,买盘
1991,09:45:40,29.02,-0.03,5,14510,卖盘
1992,09:45:30,29.05,0.03,5,14525,买盘
1993,09:45:20,29.02,-0.03,33,95766,卖盘
1994,09:45:15,29.05,0.01,17,49385,买盘
1995,09:45:10,29.04,0.02,1,2904,买盘
1996,09:45:05,29.02,-0.02,6,17412,卖盘
1997,09:44:50,29.04,0.03,115,333960,中性盘
1998,09:44:45,29.01,--,0,0,卖盘
1999,09:44:30,29.01,--,4,11604,卖盘
2000,09:44:20,29.01,-0.05,122,353922,卖盘
2001,09:44:09,29.06,0.01,4,11624,卖盘
2002,09:43:50,29.05,-0.03,21,61005,卖盘
2003,09:43:39,29.08,0.02,13,37804,买盘
2004,09:43:35,29.06,-0.02,4,11624,卖盘
2005,09:43:24,29.08,--,38,110504,买盘
2006,09:43:09,29.08,--,2,5816,买盘
2007,09:43:04,29.08,--,1,2908,买盘
2008,09:42:59,29.08,-0.01,126,366408,卖盘
2009,09:42:49,29.09,--,0,0,卖盘
2010,09:42:44,29.09,-0.01,8,23272,卖盘
2011,09:42:39,29.1,--,5,14550,买盘
2012,09:42:29,29.1,0.02,26,75660,买盘
2013,09:42:24,29.08,-0.02,29,84332,卖盘
2014,09:42:14,29.1,--,3,8730,买盘
2015,09:41:54,29.1,--,9,26190,买盘
2016,09:41:44,29.1,--,91,264810,买盘
2017,09:41:39,29.1,-0.01,1,2910,买盘
2018,09:41:34,29.11,0.01,15,43665,买盘
2019,09:41:29,29.1,-0.01,27,78570,卖盘
2020,09:41:19,29.11,--,6,17466,买盘
2021,09:41:14,29.11,--,5,14555,买盘
2022,09:40:59,29.11,--,1,2911,买盘
2023,09:40:54,29.11,-0.01,29,84419,卖盘
2024,09:40:49,29.12,--,14,40768,买盘
2025,09:40:44,29.12,--,99,288288,买盘
2026,09:40:39,29.12,--,7,20384,买盘
2027,09:40:34,29.12,--,1,2912,买盘
2028,09:40:29,29.12,--,40,116480,买盘
2029,09:40:24,29.12,--,26,75712,买盘
2030,09:40:19,29.12,0.01,9,26208,买盘
2031,09:40:14,29.11,--,7,20377,卖盘
2032,09:40:09,29.11,-0.01,49,142639,卖盘
2033,09:40:04,29.12,--,15,43680,买盘
2034,09:39:48,29.12,--,450,1310400,买盘
2035,09:39:44,29.12,--,6,17472,买盘
2036,09:39:39,29.12,-0.04,161,468832,卖盘
2037,09:39:34,29.16,-0.01,3,8748,卖盘
2038,09:39:29,29.17,--,0,0,买盘
2039,09:39:24,29.17,0.01,90,262530,买盘
2040,09:39:18,29.16,--,9,26244,卖盘
2041,09:39:14,29.16,--,5,14580,卖盘
2042,09:38:59,29.16,--,66,192456,卖盘
2043,09:38:44,29.16,--,65,189540,买盘
2044,09:38:39,29.16,-0.01,38,110808,买盘
2045,09:38:24,29.17,--,22,64786,卖盘
2046,09:38:18,29.17,--,29,84593,卖盘
2047,09:38:14,29.17,-0.01,232,677939,卖盘
2048,09:38:09,29.18,--,121,353078,买盘
2049,09:38:03,29.18,--,5,14590,买盘
2050,09:37:59,29.18,--,47,137146,卖盘
2051,09:37:54,29.18,-0.01,43,125474,卖盘
2052,09:37:44,29.19,0.01,20,58380,买盘
2053,09:37:33,29.18,--,0,0,卖盘
2054,09:37:29,29.18,-0.02,20,58360,中性盘
2055,09:37:24,29.2,--,28,81760,买盘
2056,09:37:18,29.2,--,2,5840,买盘
2057,09:37:14,29.2,--,30,87600,买盘
2058,09:37:09,29.2,0.01,26,75920,买盘
2059,09:36:59,29.19,--,89,259791,卖盘
2060,09:36:54,29.19,0.02,113,330956,买盘
2061,09:36:39,29.17,-0.01,23,67091,卖盘
2062,09:36:33,29.18,--,15,43770,买盘
2063,09:36:28,29.18,--,4,11672,买盘
2064,09:36:24,29.18,0.01,16,46688,买盘
2065,09:36:13,29.17,-0.01,1,2917,买盘
2066,09:36:08,29.18,--,0,0,买盘
2067,09:36:03,29.18,0.03,15,43770,买盘
2068,09:35:53,29.15,--,36,104940,买盘
2069,09:35:48,29.15,--,25,72875,买盘
2070,09:35:43,29.15,--,0,0,买盘
2071,09:35:38,29.15,-0.01,3,8745,买盘
2072,09:35:33,29.16,0.01,18,52488,买盘
2073,09:35:23,29.15,-0.01,46,134090,卖盘
2074,09:35:18,29.16,0.01,1,2916,买盘
2075,09:35:13,29.15,--,10,29150,卖盘
2076,09:35:08,29.15,--,3,8745,卖盘
2077,09:35:03,29.15,--,3,8745,卖盘
2078,09:34:53,29.15,0.12,12,34980,买盘
2079,09:34:48,29.03,-0.02,120,348360,卖盘
2080,09:34:38,29.05,0.01,6,17430,买盘
2081,09:34:23,29.04,-0.01,108,313632,卖盘
2082,09:34:18,29.05,--,10,29050,买盘
2083,09:34:13,29.05,--,59,171395,买盘
2084,09:34:08,29.05,--,7,20335,买盘
2085,09:33:53,29.05,-0.11,117,339885,卖盘
2086,09:33:38,29.16,0.06,58,169128,买盘
2087,09:33:33,29.1,0.01,3,8730,买盘
2088,09:33:28,29.09,-0.01,8,23272,卖盘
2089,09:33:23,29.1,--,17,49470,买盘
2090,09:33:18,29.1,--,10,29100,买盘
2091,09:33:13,29.1,-0.01,10,29100,买盘
2092,09:33:08,29.11,--,2,5822,卖盘
2093,09:33:03,29.11,--,0,0,卖盘
2094,09:32:48,29.11,0.06,6,17466,买盘
2095,09:32:38,29.05,--,6,17430,买盘
2096,09:32:33,29.05,--,3,8715,买盘
2097,09:32:28,29.05,--,42,122010,买盘
2098,09:32:23,29.05,-0.1,39,113295,卖盘
2099,09:32:18,29.15,0.01,74,215710,买盘
2100,09:32:12,29.14,-0.01,2,5828,中性盘
2101,09:32:08,29.15,0.1,1,2915,买盘
2102,09:32:03,29.05,-0.05,7,20335,卖盘
2103,09:31:53,29.1,-0.06,1,2910,买盘
2104,09:31:48,29.16,--,0,0,买盘
2105,09:31:33,29.16,0.13,40,116640,买盘
2106,09:31:27,29.03,-0.14,11,31933,中性盘
2107,09:31:23,29.17,--,1,2917,卖盘
2108,09:31:18,29.17,0.15,73,212941,买盘
2109,09:31:08,29.02,--,4,11608,买盘
2110,09:31:03,29.02,--,6,17412,买盘
2111,09:30:57,29.02,-0.22,9,26118,卖盘
2112,09:30:53,29.24,0.22,37,108188,买盘
2113,09:30:48,29.02,--,3,8706,卖盘
2114,09:30:38,29.02,--,0,0,卖盘
2115,09:30:33,29.02,--,3,8706,买盘
2116,09:30:27,29.02,--,4,11608,买盘
2117,09:30:23,29.02,-0.14,10,29020,卖盘
2118,09:30:18,29.16,0.04,58,169128,买盘
2119,09:30:08,29.12,0.05,147,428064,买盘
2120,09:30:03,29.07,-0.03,17,49419,卖盘
2121,09:28:51,29.1,--,0,0,买盘
2122,09:25:07,29.1,29.1,82,238620,买盘
