,time,price,change,volume,amount,type
0,15:00:00,13.05,--,0,0,卖盘
1,15:00:00,13.05,--,0,0,卖盘
2,14:59:59,13.05,--,1,1305,卖盘
3,14:59:57,13.05,-0.01,6,7830,卖盘
4,14:59:52,13.06,--,426,556356,买盘
5,14:59:47,13.06,--,20,26120,买盘
6,14:59:36,13.06,--,73,95338,卖盘
7,14:59:32,13.06,--,3,3918,卖盘
8,14:59:22,13.06,--,0,0,中性盘
9,14:59:16,13.06,--,0,0,买盘
10,14:59:11,13.06,0.01,4,5224,买盘
11,14:59:07,13.05,-0.02,17,22185,卖盘
12,14:59:02,13.07,0.02,29,37903,买盘
13,14:58:55,13.05,--,7,9148,买盘
14,14:58:52,13.05,-0.02,92,121351,卖盘
15,14:58:46,13.07,0.02,11,14377,买盘
16,14:58:40,13.05,-0.02,13,16965,卖盘
17,14:58:37,13.07,0.02,33,43131,买盘
18,14:58:31,13.05,--,0,0,卖盘
19,14:58:25,13.05,-0.02,88,114853,卖盘
20,14:58:21,13.07,0.01,333,435231,买盘
21,14:58:16,13.06,--,13,16978,卖盘
22,14:58:10,13.06,--,8,10448,卖盘
23,14:58:01,13.06,--,15,19590,卖盘
24,14:57:56,13.06,0.01,58,75748,买盘
25,14:57:51,13.05,--,14,18270,卖盘
26,14:57:46,13.05,--,15,19575,卖盘
27,14:57:40,13.05,--,4,5220,卖盘
28,14:57:31,13.05,0.02,348,454140,买盘
29,14:57:25,13.03,--,30,39090,卖盘
30,14:57:21,13.03,0.01,5,6515,卖盘
31,14:57:16,13.02,-0.01,147,191394,卖盘
32,14:57:10,13.03,--,3,3909,买盘
33,14:57:06,13.03,--,60,78180,卖盘
34,14:56:56,13.03,-0.01,7,9121,卖盘
35,14:56:51,13.04,0.01,1,1304,买盘
36,14:56:46,13.03,--,22,28666,卖盘
37,14:56:40,13.03,--,10,13030,卖盘
38,14:56:31,13.03,--,56,72968,卖盘
39,14:56:26,13.03,-0.01,50,65150,卖盘
40,14:56:21,13.04,--,10,13040,买盘
41,14:56:16,13.04,0.01,59,76936,买盘
42,14:56:11,13.03,--,6,7818,卖盘
43,14:56:01,13.03,--,11,14333,卖盘
44,14:55:46,13.03,--,18,23454,买盘
45,14:55:40,13.03,--,6,7818,买盘
46,14:55:36,13.03,--,21,27363,买盘
47,14:55:31,13.03,--,19,24757,卖盘
48,14:55:25,13.03,-0.01,103,134209,卖盘
49,14:55:21,13.04,--,5,6520,买盘
50,14:55:16,13.04,--,36,46944,买盘
51,14:55:10,13.04,--,13,16952,买盘
52,14:55:01,13.04,--,18,23472,买盘
53,14:54:55,13.04,--,68,88672,卖盘
54,14:54:51,13.04,--,11,14343,卖盘
55,14:54:46,13.04,--,95,123879,买盘
56,14:54:41,13.04,--,29,37816,卖盘
57,14:54:36,13.04,--,2,2608,卖盘
58,14:54:31,13.04,--,14,18256,卖盘
59,14:54:26,13.04,--,91,118663,卖盘
60,14:54:21,13.04,--,5,6520,卖盘
61,14:54:16,13.04,--,5,6520,买盘
62,14:54:10,13.04,--,38,49552,卖盘
63,14:54:01,13.04,--,34,44336,买盘
64,14:53:51,13.04,--,0,0,中性盘
65,14:53:46,13.04,--,0,0,卖盘
66,14:53:36,13.04,0.01,35,45640,买盘
67,14:53:30,13.03,--,10,13030,卖盘
68,14:53:25,13.03,-0.01,6,7818,卖盘
69,14:53:21,13.04,0.01,30,39120,买盘
70,14:53:11,13.03,--,31,40393,买盘
71,14:53:06,13.03,--,31,40393,买盘
72,14:53:00,13.03,-0.01,431,561593,卖盘
73,14:52:56,13.04,0.01,7,9128,买盘
74,14:52:45,13.03,--,0,0,卖盘
75,14:52:40,13.03,--,68,88604,卖盘
76,14:52:36,13.03,-0.01,200,260600,卖盘
77,14:52:30,13.04,--,14,18256,卖盘
78,14:52:25,13.04,--,8,10432,卖盘
79,14:52:15,13.04,--,10,13040,卖盘
80,14:52:10,13.04,--,21,27384,卖盘
81,14:52:06,13.04,-0.03,3,3911,卖盘
82,14:52:00,13.07,0.04,144,188208,买盘
83,14:51:55,13.03,-0.01,10,13030,卖盘
84,14:51:45,13.04,-0.01,8,10432,卖盘
85,14:51:41,13.05,0.01,3,3915,买盘
86,14:51:34,13.04,--,0,0,卖盘
87,14:51:30,13.04,-0.01,10,13040,卖盘
88,14:51:25,13.05,0.01,10,13050,买盘
89,14:51:19,13.04,--,2,2608,买盘
90,14:51:15,13.04,--,13,16952,卖盘
91,14:51:04,13.04,--,1,1304,卖盘
92,14:51:00,13.04,0.01,33,43032,买盘
93,14:50:55,13.03,--,10,13030,卖盘
94,14:50:45,13.03,--,76,99028,卖盘
95,14:50:30,13.03,-0.02,23,29969,卖盘
96,14:50:25,13.05,--,0,0,买盘
97,14:50:04,13.05,--,374,488070,卖盘
98,14:49:49,13.05,-0.01,15,19575,卖盘
99,14:49:45,13.06,0.01,20,26120,买盘
100,14:49:40,13.05,-0.01,14,18270,卖盘
101,14:49:34,13.06,0.01,18,23508,买盘
102,14:49:19,13.05,--,105,137025,卖盘
103,14:49:04,13.05,--,10,13050,卖盘
104,14:48:50,13.05,--,5,6525,卖盘
105,14:48:45,13.05,--,0,0,卖盘
106,14:48:34,13.05,--,1,1305,卖盘
107,14:48:25,13.05,--,11,14355,卖盘
108,14:48:19,13.05,--,4,5220,卖盘
109,14:48:15,13.05,-0.01,12,15660,卖盘
110,14:48:10,13.06,0.01,38,49628,买盘
111,14:48:00,13.05,--,1,1305,卖盘
112,14:47:49,13.05,-0.01,1,1305,卖盘
113,14:47:45,13.06,--,20,26120,买盘
114,14:47:40,13.06,--,6,7836,买盘
115,14:47:30,13.06,0.01,7,9142,买盘
116,14:47:25,13.05,--,34,44370,卖盘
117,14:47:19,13.05,--,2,2610,卖盘
118,14:47:04,13.05,--,98,127890,买盘
119,14:47:00,13.05,--,8,10440,买盘
120,14:46:55,13.05,--,0,0,买盘
121,14:46:45,13.05,--,0,0,买盘
122,14:46:39,13.05,0.02,15,19575,买盘
123,14:46:34,13.03,-0.02,50,65150,卖盘
124,14:46:24,13.05,0.02,23,30015,买盘
125,14:46:19,13.03,-0.02,10,13030,卖盘
126,14:46:09,13.05,0.02,10,13050,买盘
127,14:46:04,13.03,--,4,5212,卖盘
128,14:45:54,13.03,--,1,1954,买盘
129,14:45:45,13.03,--,75,98376,卖盘
130,14:45:39,13.03,0.01,38,50165,卖盘
131,14:45:34,13.02,-0.02,36,46872,卖盘
132,14:45:30,13.04,0.01,1,1304,买盘
133,14:45:24,13.03,--,23,29969,买盘
134,14:45:19,13.03,-0.01,1,1303,中性盘
135,14:45:15,13.04,--,15,19560,买盘
136,14:45:04,13.04,0.01,23,29991,买盘
137,14:44:54,13.03,--,2,2606,卖盘
138,14:44:49,13.03,0.01,5,6515,买盘
139,14:44:39,13.02,-0.01,8,10416,卖盘
140,14:44:34,13.03,--,0,0,中性盘
141,14:44:28,13.03,-0.01,102,132906,卖盘
142,14:44:13,13.04,--,1,1304,买盘
143,14:44:09,13.04,--,0,652,卖盘
144,14:44:04,13.04,-0.01,5,6520,卖盘
145,14:43:54,13.05,0.01,56,73080,中性盘
146,14:43:49,13.04,-0.02,10,13040,卖盘
147,14:43:39,13.06,--,72,94032,卖盘
148,14:43:28,13.06,--,100,130600,卖盘
149,14:43:24,13.06,--,11,14366,卖盘
150,14:43:19,13.06,--,6,7836,卖盘
151,14:43:13,13.06,0.01,32,41792,买盘
152,14:43:09,13.05,--,21,27405,卖盘
153,14:43:04,13.05,--,8,10440,卖盘
154,14:42:58,13.05,-0.01,10,13050,卖盘
155,14:42:54,13.06,--,6,7836,买盘
156,14:42:49,13.06,0.01,20,26120,买盘
157,14:42:44,13.05,--,18,23490,卖盘
158,14:42:34,13.05,-0.01,140,182700,卖盘
159,14:42:28,13.06,-0.01,142,185452,卖盘
160,14:42:24,13.07,0.01,1,1307,中性盘
161,14:42:19,13.06,-0.02,48,62688,卖盘
162,14:42:14,13.08,0.01,1,1308,买盘
163,14:42:09,13.07,--,6,7842,卖盘
164,14:41:58,13.07,-0.01,3,3921,卖盘
165,14:41:54,13.08,--,53,69324,买盘
166,14:41:49,13.08,0.01,40,52320,买盘
167,14:41:43,13.07,--,62,81034,买盘
168,14:41:34,13.07,--,3,3921,卖盘
169,14:41:28,13.07,--,17,22219,买盘
170,14:41:19,13.07,0.01,15,19605,买盘
171,14:41:04,13.06,--,1,1306,卖盘
172,14:40:58,13.06,-0.02,66,86196,卖盘
173,14:40:49,13.08,0.01,65,85020,买盘
174,14:40:43,13.07,--,20,26140,卖盘
175,14:40:29,13.07,-0.01,65,84955,卖盘
176,14:40:18,13.08,0.01,13,17004,买盘
177,14:40:04,13.07,--,30,39210,卖盘
178,14:39:58,13.07,--,2,2614,卖盘
179,14:39:54,13.07,--,5,6535,卖盘
180,14:39:49,13.07,0.01,94,122858,买盘
181,14:39:33,13.06,-0.01,16,20896,卖盘
182,14:39:18,13.07,0.01,5,6535,买盘
183,14:39:03,13.06,-0.02,1,1306,卖盘
184,14:38:58,13.08,--,0,0,买盘
185,14:38:48,13.08,0.03,40,52320,买盘
186,14:38:43,13.05,--,0,0,卖盘
187,14:38:39,13.05,--,6,7830,卖盘
188,14:38:33,13.05,--,10,13050,卖盘
189,14:38:24,13.05,--,1,1305,卖盘
190,14:38:18,13.05,--,9,11745,卖盘
191,14:38:03,13.05,--,25,32625,卖盘
192,14:37:48,13.05,--,58,75690,卖盘
193,14:37:33,13.05,--,12,15660,卖盘
194,14:37:27,13.05,--,29,37845,卖盘
195,14:37:18,13.05,--,14,18270,卖盘
196,14:37:13,13.05,-0.03,4,5220,卖盘
197,14:36:58,13.08,0.03,336,439488,买盘
198,14:36:48,13.05,--,104,135720,卖盘
199,14:36:43,13.05,--,9,11745,卖盘
200,14:36:33,13.05,-0.02,14,18270,卖盘
201,14:36:22,13.07,0.02,67,87569,买盘
202,14:36:18,13.05,-0.01,2,2610,卖盘
203,14:36:03,13.06,-0.01,22,28732,卖盘
204,14:35:57,13.07,--,5,6535,买盘
205,14:35:48,13.07,0.01,40,52280,买盘
206,14:35:43,13.06,--,0,0,卖盘
207,14:35:33,13.06,--,5,6530,卖盘
208,14:35:27,13.06,0.01,39,50934,买盘
209,14:35:13,13.05,--,3,3915,买盘
210,14:35:07,13.05,-0.02,7,9135,卖盘
211,14:35:03,13.07,--,0,0,买盘
212,14:34:48,13.07,0.02,43,56201,买盘
213,14:34:43,13.05,--,51,66555,买盘
214,14:34:37,13.05,-0.01,26,33930,卖盘
215,14:34:33,13.06,--,10,13060,买盘
216,14:34:27,13.06,--,30,39180,买盘
217,14:34:22,13.06,--,20,26120,买盘
218,14:34:13,13.06,0.01,31,40486,买盘
219,14:33:58,13.05,-0.01,25,32625,卖盘
220,14:33:48,13.06,0.01,40,52240,买盘
221,14:33:43,13.05,-0.01,15,19575,买盘
222,14:33:37,13.06,0.01,166,216796,买盘
223,14:33:33,13.05,-0.01,77,100485,中性盘
224,14:33:28,13.06,0.02,30,39180,买盘
225,14:33:22,13.04,-0.01,98,127791,卖盘
226,14:33:13,13.05,--,4,5220,买盘
227,14:33:07,13.05,0.01,62,80910,买盘
228,14:33:03,13.04,-0.01,21,27384,卖盘
229,14:32:57,13.05,0.01,70,91350,买盘
230,14:32:53,13.04,-0.01,38,49552,卖盘
231,14:32:47,13.05,0.01,40,52200,买盘
232,14:32:27,13.04,0.01,15,20212,买盘
233,14:32:22,13.03,--,33,42999,买盘
234,14:32:18,13.03,--,2,2606,买盘
235,14:32:12,13.03,--,44,57332,买盘
236,14:32:07,13.03,--,25,32575,买盘
237,14:32:03,13.03,0.01,30,39090,买盘
238,14:31:57,13.02,-0.01,5,6510,卖盘
239,14:31:52,13.03,--,40,52120,买盘
240,14:31:48,13.03,0.01,43,56029,买盘
241,14:31:37,13.02,--,5,6510,卖盘
242,14:31:33,13.02,--,45,58590,卖盘
243,14:31:27,13.02,--,16,20832,卖盘
244,14:31:22,13.02,--,5,6510,卖盘
245,14:31:17,13.02,-0.01,23,29946,卖盘
246,14:31:12,13.03,0.01,37,48211,买盘
247,14:31:06,13.02,--,2,2604,卖盘
248,14:31:02,13.02,--,1,1302,卖盘
249,14:30:57,13.02,--,20,26040,卖盘
250,14:30:47,13.02,0.01,39,50778,买盘
251,14:30:36,13.01,--,27,35127,买盘
252,14:30:27,13.01,0.01,3,3903,卖盘
253,14:30:17,13.0,--,0,0,卖盘
254,14:30:01,13.0,-0.02,2,2600,卖盘
255,14:29:57,13.02,-0.01,20,26040,买盘
256,14:29:52,13.03,--,0,0,买盘
257,14:29:46,13.03,0.03,40,52120,买盘
258,14:29:37,13.0,--,11,14612,买盘
259,14:29:22,13.0,-0.02,242,315588,卖盘
260,14:29:01,13.02,0.02,20,26040,买盘
261,14:28:51,13.0,-0.02,40,52312,卖盘
262,14:28:46,13.02,0.01,40,52080,买盘
263,14:28:37,13.01,0.01,5,6505,卖盘
264,14:28:22,13.0,-0.03,3,3900,卖盘
265,14:28:16,13.03,0.03,10,13030,买盘
266,14:28:06,13.0,-0.01,10,13000,卖盘
267,14:28:01,13.01,-0.02,1,1301,卖盘
268,14:27:52,13.03,--,5,6515,买盘
269,14:27:46,13.03,--,43,56680,买盘
270,14:27:36,13.03,--,44,57332,买盘
271,14:27:17,13.03,--,1,1303,买盘
272,14:27:11,13.03,--,51,66453,卖盘
273,14:27:07,13.03,-0.01,5,6515,卖盘
274,14:27:01,13.04,0.01,2,2608,卖盘
275,14:26:57,13.03,--,0,0,卖盘
276,14:26:52,13.03,-0.02,19,24757,卖盘
277,14:26:47,13.05,0.02,40,52200,买盘
278,14:26:41,13.03,--,4,5212,卖盘
279,14:26:36,13.03,-0.01,25,32575,卖盘
280,14:26:31,13.04,--,36,46944,买盘
281,14:26:22,13.04,0.02,5,6520,买盘
282,14:26:16,13.02,-0.02,5,6510,卖盘
283,14:26:01,13.04,0.02,10,13040,卖盘
284,14:25:57,13.02,--,0,0,卖盘
285,14:25:51,13.02,-0.03,2,2604,卖盘
286,14:25:46,13.05,0.01,40,52200,买盘
287,14:25:36,13.04,--,2,2608,卖盘
288,14:25:31,13.04,--,1,1304,卖盘
289,14:25:27,13.04,--,4,5216,买盘
290,14:25:21,13.04,--,6,7823,卖盘
291,14:25:02,13.04,--,6,7823,买盘
292,14:24:57,13.04,-0.02,8,10432,卖盘
293,14:24:51,13.06,--,0,0,买盘
294,14:24:47,13.06,0.02,173,226591,买盘
295,14:24:41,13.04,--,3,3911,卖盘
296,14:24:36,13.04,-0.01,5,6520,卖盘
297,14:24:30,13.05,--,5,6525,买盘
298,14:24:21,13.05,--,3,3915,买盘
299,14:24:16,13.05,0.01,27,35235,买盘
300,14:24:06,13.04,-0.01,3,3911,卖盘
301,14:24:01,13.05,0.01,25,32625,买盘
302,14:23:51,13.04,-0.01,101,131704,卖盘
303,14:23:46,13.05,0.01,164,214020,买盘
304,14:23:41,13.04,-0.01,8,10432,卖盘
305,14:23:31,13.05,0.02,161,210105,买盘
306,14:23:26,13.03,--,16,20848,卖盘
307,14:23:16,13.03,--,50,65150,卖盘
308,14:23:11,13.03,--,20,26060,买盘
309,14:23:06,13.03,--,0,0,买盘
310,14:23:00,13.03,--,81,105543,买盘
311,14:22:55,13.03,0.02,10,13030,买盘
312,14:22:51,13.01,-0.01,100,130100,卖盘
313,14:22:46,13.02,0.01,30,39060,买盘
314,14:22:40,13.01,0.01,162,210762,买盘
315,14:22:36,13.0,--,9,11700,卖盘
316,14:22:31,13.0,--,50,65000,卖盘
317,14:22:21,13.0,--,45,58500,买盘
318,14:22:16,13.0,--,12,15600,买盘
319,14:22:01,13.0,--,5,6500,买盘
320,14:21:55,13.0,--,10,13000,买盘
321,14:21:51,13.0,--,85,110500,买盘
322,14:21:46,13.0,0.01,40,52000,买盘
323,14:21:40,12.99,--,3,3897,卖盘
324,14:21:36,12.99,--,3,3897,买盘
325,14:21:31,12.99,--,100,129900,买盘
326,14:21:21,12.99,0.01,11,14289,买盘
327,14:21:16,12.98,--,20,25960,卖盘
328,14:21:10,12.98,--,7,9086,卖盘
329,14:21:01,12.98,0.01,163,211574,买盘
330,14:20:51,12.97,--,4,5188,买盘
331,14:20:46,12.97,0.08,40,51880,买盘
332,14:20:24,12.89,-0.01,56,73253,卖盘
333,14:19:51,12.9,--,30,38700,买盘
334,14:19:46,12.9,--,40,51600,买盘
335,14:19:15,12.9,--,1,1290,买盘
336,14:19:10,12.9,0.01,16,20640,买盘
337,14:18:45,12.89,-0.01,45,58005,卖盘
338,14:18:40,12.9,--,20,25800,买盘
339,14:18:30,12.9,--,6,7740,买盘
340,14:18:25,12.9,--,206,265959,卖盘
341,14:18:15,12.9,--,8,10320,卖盘
342,14:17:54,12.9,0.02,185,239720,买盘
343,14:17:45,12.88,-0.02,86,110768,卖盘
344,14:17:40,12.9,0.01,30,38700,买盘
345,14:17:35,12.89,-0.01,4,5156,卖盘
346,14:17:29,12.9,--,0,0,买盘
347,14:17:15,12.9,--,10,12900,买盘
348,14:17:10,12.9,-0.04,200,258000,卖盘
349,14:17:00,12.94,-0.01,107,138677,卖盘
350,14:16:50,12.95,-0.03,5,6475,卖盘
351,14:16:45,12.98,0.01,47,61006,买盘
352,14:16:35,12.97,--,9,11673,卖盘
353,14:16:14,12.97,0.03,5,6485,买盘
354,14:15:50,12.94,-0.03,10,12940,卖盘
355,14:15:45,12.97,0.02,89,115433,买盘
356,14:15:15,12.95,-0.02,49,63455,卖盘
357,14:14:54,12.97,--,5,6485,买盘
358,14:14:45,12.97,0.01,80,103760,买盘
359,14:14:39,12.96,--,15,19440,卖盘
360,14:14:15,12.96,--,15,19440,卖盘
361,14:14:04,12.96,-0.01,20,25920,卖盘
362,14:14:00,12.97,--,5,6485,买盘
363,14:13:44,12.97,--,41,53177,买盘
364,14:13:14,12.97,0.02,35,45395,买盘
365,14:13:09,12.95,0.01,5,6475,卖盘
366,14:12:54,12.94,-0.03,3,3882,卖盘
367,14:12:45,12.97,0.03,40,51880,买盘
368,14:12:39,12.94,-0.03,1,1294,卖盘
369,14:12:30,12.97,0.02,55,71335,买盘
370,14:12:24,12.95,--,24,31080,卖盘
371,14:12:15,12.95,0.01,53,68635,卖盘
372,14:12:09,12.94,--,0,0,卖盘
373,14:11:55,12.94,--,0,0,卖盘
374,14:11:48,12.94,--,44,56936,卖盘
375,14:11:38,12.94,-0.02,3,3882,卖盘
376,14:11:18,12.96,--,3,3888,买盘
377,14:11:04,12.96,-0.01,10,12960,买盘
378,14:10:54,12.97,--,0,0,买盘
379,14:10:49,12.97,0.01,40,51880,买盘
380,14:10:24,12.96,--,5,6480,卖盘
381,14:10:18,12.96,--,50,64800,卖盘
382,14:10:14,12.96,--,1,1296,买盘
383,14:10:04,12.96,0.02,7,9072,买盘
384,14:09:53,12.94,-0.02,7,9058,卖盘
385,14:09:48,12.96,0.01,40,51840,买盘
386,14:09:38,12.95,--,3,3885,卖盘
387,14:09:24,12.95,0.01,2,2590,卖盘
388,14:09:19,12.94,--,0,0,卖盘
389,14:09:08,12.94,--,0,0,卖盘
390,14:09:04,12.94,-0.02,1,1294,卖盘
391,14:08:48,12.96,0.02,42,54432,买盘
392,14:08:38,12.94,--,0,1074,卖盘
393,14:08:33,12.94,--,10,12940,卖盘
394,14:08:18,12.94,-0.01,28,36232,卖盘
395,14:08:14,12.95,--,1,1295,买盘
396,14:07:48,12.95,-0.01,70,90650,卖盘
397,14:07:44,12.96,0.01,21,27216,买盘
398,14:07:39,12.95,--,9,11655,卖盘
399,14:07:23,12.95,-0.01,1,1295,卖盘
400,14:07:03,12.96,--,6,7776,卖盘
401,14:06:53,12.96,--,4,5184,买盘
402,14:06:48,12.96,0.01,41,53136,中性盘
403,14:06:38,12.95,-0.02,5,6475,卖盘
404,14:06:34,12.97,0.02,5,6485,买盘
405,14:06:18,12.95,-0.02,1,1295,卖盘
406,14:05:48,12.97,0.02,40,51880,买盘
407,14:05:33,12.95,-0.02,2,2590,卖盘
408,14:05:28,12.97,0.01,30,38910,买盘
409,14:05:08,12.96,--,7,9072,卖盘
410,14:04:58,12.96,-0.02,3,3888,卖盘
411,14:04:49,12.98,0.01,40,51920,买盘
412,14:04:03,12.97,-0.01,14,18158,卖盘
413,14:03:58,12.98,--,12,15576,买盘
414,14:03:47,12.98,--,40,51920,买盘
415,14:03:42,12.98,--,3,3894,买盘
416,14:03:22,12.98,0.01,1,1298,买盘
417,14:03:13,12.97,--,11,14267,卖盘
418,14:02:58,12.97,-0.01,2,2594,中性盘
419,14:02:53,12.98,--,0,0,买盘
420,14:02:47,12.98,--,40,51920,买盘
421,14:02:43,12.98,-0.01,10,12980,卖盘
422,14:02:28,12.99,0.02,4,5196,买盘
423,14:02:02,12.97,--,13,16861,买盘
424,14:01:57,12.97,-0.02,7,9079,卖盘
425,14:01:53,12.99,0.01,27,35073,买盘
426,14:01:47,12.98,--,53,68794,买盘
427,14:01:43,12.98,0.01,10,12980,买盘
428,14:01:38,12.97,-0.01,15,19455,卖盘
429,14:01:32,12.98,--,10,12980,买盘
430,14:01:27,12.98,--,29,37642,买盘
431,14:01:23,12.98,--,0,0,买盘
432,14:01:08,12.98,0.01,170,220660,买盘
433,14:01:02,12.97,0.01,4,5188,买盘
434,14:00:58,12.96,--,4,5184,卖盘
435,14:00:47,12.96,0.01,70,90720,买盘
436,14:00:42,12.95,-0.01,30,38850,卖盘
437,14:00:32,12.96,0.01,125,162000,买盘
438,14:00:17,12.95,0.01,14,18130,买盘
439,14:00:13,12.94,-0.01,3,3882,卖盘
440,14:00:08,12.95,--,18,23310,买盘
441,13:59:57,12.95,0.01,85,110075,买盘
442,13:59:47,12.94,--,68,87992,卖盘
443,13:59:28,12.94,--,25,32350,买盘
444,13:59:22,12.94,--,11,14234,买盘
445,13:59:17,12.94,0.03,9,11646,买盘
446,13:59:12,12.91,0.01,14,18074,中性盘
447,13:59:02,12.9,-0.04,2,2580,中性盘
448,13:58:58,12.94,--,15,19410,买盘
449,13:58:47,12.94,0.05,40,51760,买盘
450,13:58:32,12.89,--,110,141790,卖盘
451,13:58:17,12.89,--,22,28358,卖盘
452,13:57:52,12.89,-0.05,5,6445,卖盘
453,13:57:47,12.94,0.05,40,51760,买盘
454,13:57:11,12.89,-0.05,3,3867,卖盘
455,13:56:46,12.94,0.01,40,51760,买盘
456,13:56:36,12.93,--,0,0,买盘
457,13:56:26,12.93,-0.01,6,7758,买盘
458,13:56:06,12.94,--,0,0,买盘
459,13:55:47,12.94,--,40,51760,买盘
460,13:55:32,12.94,--,0,0,买盘
461,13:55:21,12.94,--,3,3882,买盘
462,13:54:56,12.94,--,0,0,买盘
463,13:54:47,12.94,0.06,50,64700,买盘
464,13:54:21,12.88,-0.07,3,3864,卖盘
465,13:54:06,12.95,--,0,0,买盘
466,13:53:56,12.95,--,0,0,买盘
467,13:53:52,12.95,--,0,0,买盘
468,13:53:47,12.95,--,40,51800,买盘
469,13:52:47,12.95,--,40,51800,买盘
470,13:52:36,12.95,--,2,2590,买盘
471,13:52:31,12.95,--,0,0,买盘
472,13:52:21,12.95,--,5,6475,卖盘
473,13:52:16,12.95,0.1,5,6475,卖盘
474,13:52:06,12.85,--,0,0,卖盘
475,13:51:56,12.85,-0.1,300,385500,卖盘
476,13:51:46,12.95,0.04,40,51800,买盘
477,13:51:36,12.91,--,12,15492,卖盘
478,13:51:11,12.91,--,0,0,中性盘
479,13:50:51,12.91,-0.04,10,12910,卖盘
480,13:50:45,12.95,0.01,40,51800,买盘
481,13:50:41,12.94,--,0,0,买盘
482,13:50:30,12.94,-0.01,7,9058,买盘
483,13:50:26,12.95,--,0,0,买盘
484,13:49:50,12.95,-0.01,27,34965,卖盘
485,13:49:45,12.96,0.01,60,77760,买盘
486,13:49:30,12.95,--,25,32375,卖盘
487,13:49:26,12.95,-0.01,10,12950,买盘
488,13:49:05,12.96,--,0,0,买盘
489,13:48:45,12.96,0.01,40,51840,买盘
490,13:48:26,12.95,0.04,100,129500,买盘
491,13:48:20,12.91,0.01,6,7746,卖盘
492,13:47:56,12.9,--,0,0,卖盘
493,13:47:50,12.9,--,10,12900,卖盘
494,13:47:45,12.9,--,72,92880,卖盘
495,13:47:41,12.9,--,1,1290,卖盘
496,13:47:25,12.9,--,3,3870,卖盘
497,13:47:20,12.9,-0.01,1,1290,卖盘
498,13:47:15,12.91,--,30,38730,卖盘
499,13:47:05,12.91,--,40,51640,卖盘
500,13:47:00,12.91,-0.06,1,1291,卖盘
501,13:46:45,12.97,0.06,40,51880,买盘
502,13:46:41,12.91,--,1,1291,卖盘
503,13:46:35,12.91,--,0,0,卖盘
504,13:46:30,12.91,--,0,0,卖盘
505,13:46:20,12.91,-0.07,100,129100,卖盘
506,13:46:15,12.98,--,12,15576,买盘
507,13:46:11,12.98,--,35,45430,买盘
508,13:46:05,12.98,--,26,33748,卖盘
509,13:46:00,12.98,--,3,3894,卖盘
510,13:45:50,12.98,--,3,3894,卖盘
511,13:45:45,12.98,0.04,20,25960,买盘
512,13:45:40,12.94,0.01,20,25880,买盘
513,13:45:35,12.93,-0.01,1,1293,卖盘
514,13:45:25,12.94,-0.02,191,247154,卖盘
515,13:45:15,12.96,--,1,1296,卖盘
516,13:44:56,12.96,-0.02,3,3888,卖盘
517,13:44:45,12.98,0.01,40,51920,买盘
518,13:44:40,12.97,0.01,12,15564,买盘
519,13:44:20,12.96,-0.01,13,16848,卖盘
520,13:43:50,12.97,-0.03,24,31128,卖盘
521,13:43:44,13.0,0.03,40,52000,买盘
522,13:43:25,12.97,-0.02,5,6485,卖盘
523,13:43:16,12.99,0.02,10,12990,买盘
524,13:42:59,12.97,-0.03,4,5188,卖盘
525,13:42:50,13.0,--,0,0,买盘
526,13:42:44,13.0,0.01,41,53300,买盘
527,13:42:35,12.99,-0.01,25,32475,卖盘
528,13:42:20,13.0,0.01,32,41600,买盘
529,13:42:09,12.99,--,9,11691,卖盘
530,13:42:05,12.99,--,40,51960,卖盘
531,13:41:59,12.99,0.02,41,53259,买盘
532,13:41:50,12.97,-0.02,3,3891,中性盘
533,13:41:44,12.99,--,40,51960,买盘
534,13:41:39,12.99,--,4,5196,买盘
535,13:41:35,12.99,0.03,2,2598,买盘
536,13:41:29,12.96,--,3,3888,卖盘
537,13:40:54,12.96,-0.03,2,2592,卖盘
538,13:40:44,12.99,0.01,40,51960,买盘
539,13:40:39,12.98,--,2,2596,买盘
540,13:40:14,12.98,-0.01,4,5192,中性盘
541,13:39:59,12.99,--,14,18186,卖盘
542,13:39:54,12.99,--,11,14289,卖盘
543,13:39:49,12.99,-0.01,2,2598,卖盘
544,13:39:44,13.0,0.01,40,52000,买盘
545,13:39:29,12.99,-0.01,97,126327,卖盘
546,13:39:24,13.0,--,16,20800,卖盘
547,13:39:14,13.0,-0.01,390,507000,卖盘
548,13:39:09,13.01,--,0,0,中性盘
549,13:39:04,13.01,--,20,26020,卖盘
550,13:38:59,13.01,--,23,29923,卖盘
551,13:38:54,13.01,--,3,3903,卖盘
552,13:38:49,13.01,-0.04,5,6505,中性盘
553,13:38:44,13.05,0.05,40,52200,买盘
554,13:38:39,13.0,0.01,2,2600,卖盘
555,13:38:24,12.99,--,7,10067,买盘
556,13:38:19,12.99,--,12,15912,卖盘
557,13:38:14,12.99,--,0,0,卖盘
558,13:38:09,12.99,-0.06,8,10392,卖盘
559,13:37:59,13.05,0.06,500,652500,买盘
560,13:37:54,12.99,--,12,15588,卖盘
561,13:37:44,12.99,--,7,10067,买盘
562,13:37:24,12.99,0.03,36,46764,买盘
563,13:37:09,12.96,--,3,3888,卖盘
564,13:36:53,12.96,-0.03,2,2592,卖盘
565,13:36:44,12.99,--,40,51960,买盘
566,13:36:29,12.99,--,0,0,买盘
567,13:36:04,12.99,--,14,18510,卖盘
568,13:35:59,12.99,--,20,25980,卖盘
569,13:35:54,12.99,--,24,31176,卖盘
570,13:35:49,12.99,--,85,111389,买盘
571,13:35:44,12.99,--,40,51960,买盘
572,13:35:34,12.99,0.04,4,5196,买盘
573,13:35:29,12.95,--,1,1295,卖盘
574,13:35:23,12.95,--,0,0,卖盘
575,13:35:19,12.95,--,2,2590,买盘
576,13:35:14,12.95,-0.04,1,1295,中性盘
577,13:34:59,12.99,0.04,20,25980,买盘
578,13:34:53,12.95,-0.05,5,6475,卖盘
579,13:34:43,13.0,--,40,52000,买盘
580,13:34:33,13.0,--,0,0,买盘
581,13:34:29,13.0,0.06,1,1300,买盘
582,13:34:23,12.94,-0.06,6,7764,卖盘
583,13:34:08,13.0,-0.01,150,195000,买盘
584,13:33:58,13.01,--,0,0,买盘
585,13:33:53,13.01,--,0,0,买盘
586,13:33:44,13.01,0.01,59,76759,买盘
587,13:33:38,13.0,--,293,380900,卖盘
588,13:33:33,13.0,--,30,39000,卖盘
589,13:33:23,13.0,--,3,3900,卖盘
590,13:33:18,13.0,--,41,53300,卖盘
591,13:33:14,13.0,0.08,433,562900,买盘
592,13:32:58,12.92,-0.08,2,2584,卖盘
593,13:32:53,13.0,0.08,1000,1300000,买盘
594,13:32:48,12.92,--,8,10336,买盘
595,13:32:43,12.92,0.01,46,59432,买盘
596,13:32:23,12.91,0.02,10,12910,买盘
597,13:32:18,12.89,--,0,0,卖盘
598,13:32:08,12.89,-0.02,1,1289,卖盘
599,13:32:03,12.91,0.02,10,12910,买盘
600,13:31:53,12.89,-0.03,1,1289,卖盘
601,13:31:47,12.92,0.03,40,51680,买盘
602,13:31:43,12.89,0.02,1,1289,卖盘
603,13:31:38,12.87,--,0,0,卖盘
604,13:31:28,12.87,-0.05,1,1287,卖盘
605,13:31:08,12.92,0.05,8,10336,买盘
606,13:31:03,12.87,--,0,0,卖盘
607,13:30:58,12.87,--,1,1287,卖盘
608,13:30:48,12.87,--,42,54054,卖盘
609,13:30:33,12.87,0.01,1,1287,中性盘
610,13:30:13,12.86,-0.06,4,5144,卖盘
611,13:30:03,12.92,--,0,0,买盘
612,13:29:53,12.92,--,0,0,买盘
613,13:29:48,12.92,0.07,40,51680,买盘
614,13:29:38,12.85,--,2,2570,卖盘
615,13:29:33,12.85,-0.07,1,1285,买盘
616,13:29:13,12.92,--,0,0,买盘
617,13:28:48,12.92,0.08,153,197676,买盘
618,13:28:38,12.84,-0.01,42,53928,卖盘
619,13:28:23,12.85,--,34,43690,卖盘
620,13:28:17,12.85,--,0,0,卖盘
621,13:27:53,12.85,-0.1,4,5140,卖盘
622,13:27:47,12.95,0.02,40,51800,买盘
623,13:27:38,12.93,--,0,0,买盘
624,13:27:23,12.93,--,0,0,买盘
625,13:27:07,12.93,--,4,5172,卖盘
626,13:27:02,12.93,--,6,7758,卖盘
627,13:26:47,12.93,0.09,30,38790,买盘
628,13:26:38,12.84,--,4,5136,卖盘
629,13:26:22,12.84,--,2,2568,买盘
630,13:26:17,12.84,--,725,930900,买盘
631,13:26:08,12.84,-0.02,429,550836,卖盘
632,13:26:02,12.86,--,0,0,买盘
633,13:25:53,12.86,0.01,10,12860,买盘
634,13:25:47,12.85,--,126,161910,卖盘
635,13:25:42,12.85,-0.02,2,2570,卖盘
636,13:25:37,12.87,--,0,0,中性盘
637,13:25:32,12.87,--,0,0,买盘
638,13:25:27,12.87,--,8,10296,卖盘
639,13:25:22,12.87,0.02,1,1287,卖盘
640,13:25:02,12.85,--,0,0,卖盘
641,13:24:53,12.85,--,0,0,卖盘
642,13:24:47,12.85,-0.02,42,53970,卖盘
643,13:24:22,12.87,--,0,0,中性盘
644,13:24:17,12.87,--,0,0,中性盘
645,13:24:12,12.87,--,0,0,中性盘
646,13:24:08,12.87,-0.05,268,344916,卖盘
647,13:24:02,12.92,--,0,0,买盘
648,13:23:52,12.92,0.02,63,81396,买盘
649,13:23:47,12.9,-0.04,697,899130,卖盘
650,13:23:42,12.94,0.04,2,2588,买盘
651,13:23:37,12.9,-0.02,34,43860,卖盘
652,13:23:32,12.92,--,0,0,买盘
653,13:23:27,12.92,-0.02,425,549100,卖盘
654,13:23:22,12.94,0.02,10,12940,买盘
655,13:23:17,12.92,--,10,12920,卖盘
656,13:23:11,12.92,--,2,2584,卖盘
657,13:22:56,12.92,-0.03,3,3876,卖盘
658,13:22:52,12.95,--,0,0,买盘
659,13:22:47,12.95,0.05,50,64750,买盘
660,13:22:37,12.9,--,0,0,卖盘
661,13:22:32,12.9,--,7,9030,卖盘
662,13:22:27,12.9,--,0,0,卖盘
663,13:22:22,12.9,--,0,0,卖盘
664,13:22:12,12.9,-0.05,29,37410,卖盘
665,13:22:02,12.95,--,23,29785,买盘
666,13:21:52,12.95,--,16,20720,买盘
667,13:21:47,12.95,-0.05,201,260295,卖盘
668,13:21:42,13.0,0.05,1078,1401400,买盘
669,13:21:32,12.95,-0.01,150,194250,卖盘
670,13:21:27,12.96,0.01,25,32400,中性盘
671,13:21:22,12.95,--,48,62160,卖盘
672,13:21:12,12.95,-0.04,12,15540,卖盘
673,13:20:57,12.99,--,5,6495,买盘
674,13:20:47,12.99,-0.01,40,51960,买盘
675,13:20:42,13.0,--,114,148200,买盘
676,13:20:37,13.0,--,2,2600,买盘
677,13:20:27,13.0,-0.02,5,6500,买盘
678,13:20:17,13.02,0.02,108,140616,买盘
679,13:20:02,13.0,--,76,98800,卖盘
680,13:19:56,13.0,0.13,1191,1548300,买盘
681,13:19:46,12.87,-0.01,44,56628,卖盘
682,13:19:36,12.88,-0.02,9,11592,中性盘
683,13:19:32,12.9,0.03,500,645000,买盘
684,13:19:26,12.87,-0.01,7,9009,卖盘
685,13:19:16,12.88,--,50,64400,买盘
686,13:19:11,12.88,0.01,15,19320,买盘
687,13:19:06,12.87,--,10,12870,卖盘
688,13:19:01,12.87,--,5,6435,卖盘
689,13:18:52,12.87,--,24,30887,卖盘
690,13:18:47,12.87,--,45,57915,卖盘
691,13:18:41,12.87,-0.01,25,32174,卖盘
692,13:18:31,12.88,--,2,2576,买盘
693,13:18:11,12.88,0.01,10,12880,买盘
694,13:18:06,12.87,-0.01,5,6435,卖盘
695,13:17:56,12.88,0.01,1,1288,买盘
696,13:17:51,12.87,--,155,199485,卖盘
697,13:17:46,12.87,0.02,285,366795,买盘
698,13:17:36,12.85,--,5,6425,买盘
699,13:17:30,12.85,--,13,16705,买盘
700,13:16:56,12.85,--,1,1285,买盘
701,13:16:46,12.85,0.01,40,51400,买盘
702,13:16:32,12.84,--,20,25680,卖盘
703,13:16:26,12.84,--,1,1284,卖盘
704,13:16:21,12.84,0.01,2,2568,买盘
705,13:16:16,12.83,--,1,1283,卖盘
706,13:16:11,12.83,-0.02,2,2566,卖盘
707,13:15:56,12.85,--,0,0,买盘
708,13:15:47,12.85,0.02,40,51400,买盘
709,13:15:31,12.83,--,2,2566,卖盘
710,13:14:56,12.83,-0.02,100,128300,卖盘
711,13:14:51,12.85,--,0,0,买盘
712,13:14:46,12.85,0.02,43,55255,买盘
713,13:14:11,12.83,--,1,1283,卖盘
714,13:14:06,12.83,--,81,103923,买盘
715,13:13:56,12.83,0.01,15,19245,买盘
716,13:13:51,12.82,-0.01,120,153840,卖盘
717,13:13:46,12.83,--,40,51320,买盘
718,13:13:36,12.83,0.01,5,6415,买盘
719,13:13:31,12.82,-0.01,10,12820,卖盘
720,13:13:26,12.83,--,10,12830,买盘
721,13:12:56,12.83,--,9,11547,买盘
722,13:12:50,12.83,--,4,5132,买盘
723,13:12:46,12.83,--,40,51320,买盘
724,13:12:35,12.83,--,30,38490,买盘
725,13:11:50,12.83,--,5,6415,买盘
726,13:11:46,12.83,0.02,40,51320,买盘
727,13:11:31,12.81,-0.02,1,1281,卖盘
728,13:11:20,12.83,0.02,19,24377,买盘
729,13:11:16,12.81,0.01,4,5124,卖盘
730,13:11:05,12.8,--,0,0,卖盘
731,13:11:01,12.8,-0.03,10,12800,卖盘
732,13:10:46,12.83,0.03,40,51320,买盘
733,13:10:40,12.8,--,0,0,卖盘
734,13:10:20,12.8,-0.02,24,30720,卖盘
735,13:10:15,12.82,0.02,21,26922,买盘
736,13:10:10,12.8,--,0,0,卖盘
737,13:10:00,12.8,-0.02,4,5120,卖盘
738,13:09:45,12.82,0.02,40,51280,买盘
739,13:09:25,12.8,-0.01,2,2560,卖盘
740,13:09:05,12.81,0.01,30,38430,卖盘
741,13:08:50,12.8,-0.02,4,5120,卖盘
742,13:08:45,12.82,0.02,41,52562,买盘
743,13:08:35,12.8,--,2,2560,卖盘
744,13:08:25,12.8,--,31,39680,卖盘
745,13:08:20,12.8,--,4,5120,卖盘
746,13:08:10,12.8,-0.02,1,1280,卖盘
747,13:07:45,12.82,0.02,40,51280,买盘
748,13:07:40,12.8,-0.02,8,10240,卖盘
749,13:07:35,12.82,0.02,20,25640,买盘
750,13:07:30,12.8,--,10,12800,卖盘
751,13:07:05,12.8,--,1,1280,卖盘
752,13:07:00,12.8,-0.02,12,15360,卖盘
753,13:06:45,12.82,0.02,40,51280,买盘
754,13:06:40,12.8,--,1,1280,卖盘
755,13:06:30,12.8,-0.02,16,20480,卖盘
756,13:05:44,12.82,0.02,100,128200,买盘
757,13:05:24,12.8,--,2,2560,卖盘
758,13:05:19,12.8,--,1,1280,卖盘
759,13:04:49,12.8,-0.02,20,25600,卖盘
760,13:04:44,12.82,--,40,51280,买盘
761,13:04:29,12.82,0.05,48,61536,买盘
762,13:04:19,12.77,--,0,0,卖盘
763,13:04:04,12.77,-0.05,2,2554,卖盘
764,13:03:49,12.82,--,0,0,买盘
765,13:03:44,12.82,0.04,40,51280,买盘
766,13:03:34,12.78,--,49,62622,卖盘
767,13:03:19,12.78,-0.04,5,6390,卖盘
768,13:03:14,12.82,--,4,5128,买盘
769,13:02:44,12.82,0.02,40,51280,买盘
770,13:02:39,12.8,--,2,2560,买盘
771,13:02:33,12.8,--,154,197120,卖盘
772,13:02:14,12.8,--,18,23040,卖盘
773,13:02:10,12.8,-0.03,4,5120,卖盘
774,13:01:44,12.83,0.03,40,51320,买盘
775,13:01:29,12.8,--,2,2560,卖盘
776,13:01:19,12.8,--,5,6400,卖盘
777,13:01:14,12.8,--,50,64000,卖盘
778,13:00:59,12.8,-0.01,1,1280,卖盘
779,13:00:44,12.81,0.01,15,19215,买盘
780,13:00:38,12.8,-0.02,5,6400,卖盘
781,13:00:04,12.82,0.01,306,392292,买盘
782,11:30:00,12.81,--,0,0,卖盘
783,11:29:59,12.81,--,0,0,卖盘
784,11:29:59,12.81,--,5,6405,卖盘
785,11:29:45,12.81,--,6,7686,卖盘
786,11:29:41,12.81,0.01,35,44835,买盘
787,11:29:20,12.8,--,68,87040,卖盘
788,11:29:05,12.8,--,1,1280,卖盘
789,11:28:59,12.8,--,21,26880,卖盘
790,11:28:56,12.8,--,1,1280,卖盘
791,11:28:45,12.8,0.04,21,26880,买盘
792,11:28:35,12.76,-0.01,101,128876,卖盘
793,11:28:20,12.77,--,10,12770,卖盘
794,11:27:59,12.77,-0.01,132,168564,卖盘
795,11:27:38,12.78,--,2,2556,卖盘
796,11:27:23,12.78,--,10,12780,卖盘
797,11:27:10,12.78,--,4,5112,卖盘
798,11:26:51,12.78,-0.02,1,1278,卖盘
799,11:26:36,12.8,--,20,25600,卖盘
800,11:26:29,12.8,--,1,1280,卖盘
801,11:26:23,12.8,--,30,38400,卖盘
802,11:26:14,12.8,--,1,1280,卖盘
803,11:26:05,12.8,0.03,78,99840,买盘
804,11:25:59,12.77,--,58,74066,买盘
805,11:25:55,12.77,--,1,1277,卖盘
806,11:25:44,12.77,--,9,11493,卖盘
807,11:25:38,12.77,-0.01,57,72789,卖盘
808,11:25:30,12.78,--,37,47286,买盘
809,11:25:14,12.78,--,1,1278,买盘
810,11:24:59,12.78,--,83,106074,卖盘
811,11:24:29,12.78,-0.02,18,23004,卖盘
812,11:24:23,12.8,0.02,3,3840,买盘
813,11:24:14,12.78,--,10,12780,卖盘
814,11:24:09,12.78,--,36,46008,卖盘
815,11:24:05,12.78,--,4,5112,卖盘
816,11:23:39,12.78,-0.02,6,7668,卖盘
817,11:23:14,12.8,0.02,22,28160,买盘
818,11:23:05,12.78,--,10,12780,卖盘
819,11:22:54,12.78,-0.02,254,324612,卖盘
820,11:22:44,12.8,0.02,10,12800,买盘
821,11:22:35,12.78,-0.02,12,15336,卖盘
822,11:22:25,12.8,--,2,2560,卖盘
823,11:22:14,12.8,0.02,157,200960,买盘
824,11:21:55,12.78,--,3,3834,卖盘
825,11:21:44,12.78,--,11,14058,买盘
826,11:21:29,12.78,--,13,16614,买盘
827,11:21:23,12.78,--,7,8946,卖盘
828,11:21:05,12.78,--,1,1278,卖盘
829,11:20:54,12.78,-0.03,52,66456,卖盘
830,11:20:49,12.81,--,0,0,买盘
831,11:20:44,12.81,0.04,3,3843,买盘
832,11:20:24,12.77,0.01,10,12770,卖盘
833,11:20:14,12.76,--,0,0,卖盘
834,11:20:09,12.76,--,0,0,卖盘
835,11:19:59,12.76,--,1,1276,卖盘
836,11:19:53,12.76,--,2,2552,卖盘
837,11:19:48,12.76,-0.06,77,98252,卖盘
838,11:19:44,12.82,--,5,6410,卖盘
839,11:19:38,12.82,--,6,7692,卖盘
840,11:19:33,12.82,--,12,15384,卖盘
841,11:19:29,12.82,0.07,260,333320,买盘
842,11:19:23,12.75,--,0,0,卖盘
843,11:19:14,12.75,--,23,29325,卖盘
844,11:19:03,12.75,--,5,6375,卖盘
845,11:18:59,12.75,0.01,1,1275,卖盘
846,11:18:53,12.74,--,0,0,卖盘
847,11:18:44,12.74,-0.02,60,76440,卖盘
848,11:18:38,12.76,0.02,12,15312,中性盘
849,11:18:32,12.74,-0.08,8,10192,卖盘
850,11:18:23,12.82,--,0,0,买盘
851,11:18:18,12.82,0.08,9,11538,买盘
852,11:18:14,12.74,-0.01,6,7644,卖盘
853,11:18:08,12.75,-0.07,6,7650,卖盘
854,11:17:58,12.82,--,7,8974,卖盘
855,11:17:53,12.82,0.07,293,375626,买盘
856,11:17:44,12.75,-0.05,1,1275,卖盘
857,11:17:38,12.8,--,5,6400,卖盘
858,11:17:33,12.8,-0.02,1,1280,卖盘
859,11:17:23,12.82,--,0,0,买盘
860,11:17:03,12.82,--,32,41024,卖盘
861,11:16:54,12.82,--,8,10256,卖盘
862,11:16:48,12.82,--,34,43588,卖盘
863,11:16:44,12.82,--,82,105124,卖盘
864,11:16:38,12.82,--,12,15384,卖盘
865,11:16:33,12.82,0.02,43,55126,买盘
866,11:16:08,12.8,-0.01,4,5120,卖盘
867,11:16:04,12.81,-0.01,30,38430,卖盘
868,11:15:59,12.82,--,40,51280,卖盘
869,11:15:53,12.82,--,120,153840,卖盘
870,11:15:48,12.82,--,3,3846,卖盘
871,11:15:44,12.82,--,7,8974,卖盘
872,11:15:38,12.82,--,7,8974,卖盘
873,11:15:34,12.82,--,20,25640,卖盘
874,11:15:29,12.82,--,6,7692,卖盘
875,11:15:23,12.82,--,13,16666,卖盘
876,11:15:19,12.82,0.02,255,326910,买盘
877,11:15:04,12.8,--,91,116480,买盘
878,11:14:53,12.8,--,0,0,买盘
879,11:14:44,12.8,0.08,100,128000,买盘
880,11:14:38,12.72,0.01,4,5088,卖盘
881,11:14:23,12.71,--,0,0,卖盘
882,11:14:02,12.71,--,0,0,卖盘
883,11:13:59,12.71,-0.09,6,7626,卖盘
884,11:13:47,12.8,-0.01,8,10240,买盘
885,11:13:32,12.81,--,0,0,买盘
886,11:13:29,12.81,--,4,5124,卖盘
887,11:13:23,12.81,--,50,64050,卖盘
888,11:13:17,12.81,0.11,146,187026,买盘
889,11:13:14,12.7,-0.1,1,1270,卖盘
890,11:13:02,12.8,--,144,184320,卖盘
891,11:12:58,12.8,--,6,7680,卖盘
892,11:12:53,12.8,--,11,14080,卖盘
893,11:12:47,12.8,--,10,12800,卖盘
894,11:12:42,12.8,--,5,6400,卖盘
895,11:12:38,12.8,--,36,46080,卖盘
896,11:12:32,12.8,-0.02,69,88320,卖盘
897,11:12:27,12.82,0.02,107,137174,买盘
898,11:12:23,12.8,--,21,26880,卖盘
899,11:12:17,12.8,--,5,6400,卖盘
900,11:12:12,12.8,--,63,80640,卖盘
901,11:12:08,12.8,--,110,140800,卖盘
902,11:12:02,12.8,--,30,38400,卖盘
903,11:11:57,12.8,0.04,153,195840,买盘
904,11:11:53,12.76,--,39,49764,卖盘
905,11:11:38,12.76,0.01,69,88044,买盘
906,11:11:32,12.75,--,91,116025,卖盘
907,11:11:23,12.75,--,530,675750,卖盘
908,11:11:17,12.75,--,40,51000,卖盘
909,11:11:08,12.75,--,0,0,卖盘
910,11:11:02,12.75,0.08,356,453900,买盘
911,11:10:53,12.67,-0.01,1,1267,卖盘
912,11:10:47,12.68,--,2,2536,买盘
913,11:10:41,12.68,--,10,12680,买盘
914,11:10:32,12.68,-0.01,73,92564,卖盘
915,11:10:28,12.69,0.01,6,7614,买盘
916,11:10:23,12.68,--,8,10144,卖盘
917,11:10:08,12.68,0.01,4,5072,买盘
918,11:09:53,12.67,--,69,87423,买盘
919,11:09:47,12.67,0.01,21,26607,买盘
920,11:09:41,12.66,-0.01,25,31650,卖盘
921,11:09:38,12.67,0.01,10,12670,买盘
922,11:09:32,12.66,--,14,17724,买盘
923,11:09:27,12.66,--,36,45576,买盘
924,11:09:17,12.66,--,0,0,买盘
925,11:09:11,12.66,0.03,20,25320,买盘
926,11:09:02,12.63,--,1,1263,卖盘
927,11:08:32,12.63,--,111,140193,买盘
928,11:08:28,12.63,--,2,2526,买盘
929,11:08:23,12.63,--,0,0,买盘
930,11:08:17,12.63,--,108,136404,买盘
931,11:08:08,12.63,--,26,32838,买盘
932,11:08:02,12.63,-0.03,53,66939,卖盘
933,11:07:58,12.66,0.01,12,15192,买盘
934,11:07:53,12.65,--,0,0,中性盘
935,11:07:47,12.65,--,0,0,买盘
936,11:07:43,12.65,--,2,2530,买盘
937,11:07:38,12.65,0.02,5,6325,买盘
938,11:07:32,12.63,-0.02,150,189450,卖盘
939,11:07:11,12.65,0.01,74,93610,买盘
940,11:07:02,12.64,--,7,8848,卖盘
941,11:06:56,12.64,-0.01,6,7584,卖盘
942,11:06:53,12.65,--,5,6325,买盘
943,11:06:47,12.65,--,9,11385,买盘
944,11:06:41,12.65,--,13,16445,买盘
945,11:06:38,12.65,-0.01,217,274505,卖盘
946,11:06:17,12.66,0.01,5,6330,买盘
947,11:06:11,12.65,-0.01,44,55660,卖盘
948,11:06:07,12.66,0.01,3,3798,卖盘
949,11:06:02,12.65,-0.02,96,121440,卖盘
950,11:05:56,12.67,0.02,101,127967,买盘
951,11:05:41,12.65,-0.01,7,8855,中性盘
952,11:05:37,12.66,0.02,405,512730,买盘
953,11:05:32,12.64,--,15,18960,卖盘
954,11:05:26,12.64,--,48,60672,买盘
955,11:05:22,12.64,0.01,11,13904,买盘
956,11:05:17,12.63,0.03,42,53046,买盘
957,11:05:11,12.6,--,0,0,卖盘
958,11:05:07,12.6,--,33,41580,卖盘
959,11:05:02,12.6,0.01,26,32760,卖盘
960,11:04:56,12.59,--,0,0,卖盘
961,11:04:47,12.59,--,15,18885,卖盘
962,11:04:41,12.59,--,2,2518,卖盘
963,11:04:36,12.59,--,13,16367,卖盘
964,11:04:26,12.59,--,14,17626,买盘
965,11:04:11,12.59,0.02,5,6295,中性盘
966,11:04:07,12.57,0.01,1,1257,卖盘
967,11:04:02,12.56,-0.01,292,366752,卖盘
968,11:03:56,12.57,-0.06,12,15084,卖盘
969,11:03:47,12.63,0.05,45,56835,买盘
970,11:03:41,12.58,0.01,5,6290,卖盘
971,11:03:26,12.57,--,6,7667,买盘
972,11:03:17,12.57,-0.03,539,678654,卖盘
973,11:03:11,12.6,--,34,42840,卖盘
974,11:02:55,12.6,--,36,45360,卖盘
975,11:02:47,12.6,0.01,372,468846,买盘
976,11:02:41,12.59,0.01,124,156116,买盘
977,11:02:32,12.58,-0.01,25,31450,卖盘
978,11:02:26,12.59,0.01,3,3777,买盘
979,11:02:22,12.58,-0.01,11,13838,卖盘
980,11:02:17,12.59,--,4,5036,买盘
981,11:02:11,12.59,-0.01,10,12590,卖盘
982,11:02:06,12.6,--,23,28980,买盘
983,11:02:02,12.6,-0.03,394,497574,卖盘
984,11:01:56,12.63,--,118,149034,买盘
985,11:01:51,12.63,0.01,139,175557,买盘
986,11:01:47,12.62,0.01,6,7571,卖盘
987,11:01:41,12.61,--,0,0,卖盘
988,11:01:36,12.61,--,5,6305,卖盘
989,11:01:21,12.61,-0.02,70,88270,卖盘
990,11:00:51,12.63,--,127,160401,卖盘
991,11:00:47,12.63,--,0,0,卖盘
992,11:00:41,12.63,--,0,0,卖盘
993,11:00:36,12.63,-0.02,15,18945,卖盘
994,11:00:26,12.65,0.01,10,12650,买盘
995,11:00:20,12.64,0.01,4,5056,中性盘
996,11:00:11,12.63,-0.01,5,6315,卖盘
997,11:00:05,12.64,0.02,11,13904,买盘
998,10:59:56,12.62,--,0,0,卖盘
999,10:59:50,12.62,-0.01,52,65624,卖盘
1000,10:59:41,12.63,0.01,25,31575,卖盘
1001,10:59:31,12.62,--,0,0,卖盘
1002,10:59:26,12.62,-0.02,3,3785,卖盘
1003,10:59:20,12.64,0.02,5,6320,买盘
1004,10:59:01,12.62,--,10,12620,卖盘
1005,10:58:50,12.62,-0.01,104,131248,卖盘
1006,10:58:41,12.63,--,8,10104,买盘
1007,10:58:35,12.63,--,3,3789,买盘
1008,10:58:31,12.63,-0.01,55,69465,卖盘
1009,10:58:20,12.64,-0.01,1,1264,买盘
1010,10:58:05,12.65,0.01,1,1265,卖盘
1011,10:58:01,12.64,--,0,0,中性盘
1012,10:57:56,12.64,-0.01,10,12640,卖盘
1013,10:57:50,12.65,--,4,5060,卖盘
1014,10:57:46,12.65,0.01,15,18975,买盘
1015,10:57:35,12.64,-0.02,118,149152,卖盘
1016,10:57:26,12.66,--,0,0,买盘
1017,10:57:20,12.66,-0.01,1,1266,买盘
1018,10:57:15,12.67,--,0,0,买盘
1019,10:57:11,12.67,--,1,1267,买盘
1020,10:57:05,12.67,0.03,50,63350,买盘
1021,10:56:56,12.64,-0.03,5,6320,买盘
1022,10:56:45,12.67,--,0,0,买盘
1023,10:56:41,12.67,--,0,0,买盘
1024,10:56:35,12.67,0.01,6,7602,买盘
1025,10:56:20,12.66,--,58,73428,买盘
1026,10:56:15,12.66,--,0,0,买盘
1027,10:56:11,12.66,0.05,4,5064,买盘
1028,10:56:05,12.61,--,12,15132,买盘
1029,10:56:01,12.61,0.01,3,3783,中性盘
1030,10:55:56,12.6,-0.02,20,25200,卖盘
1031,10:55:50,12.62,--,28,35336,买盘
1032,10:55:41,12.62,0.02,11,13882,卖盘
1033,10:55:35,12.6,-0.01,29,36540,卖盘
1034,10:55:30,12.61,-0.02,23,29003,卖盘
1035,10:55:26,12.63,0.03,42,53172,买盘
1036,10:55:20,12.6,--,50,63000,卖盘
1037,10:55:14,12.6,-0.01,5,6300,卖盘
1038,10:55:05,12.61,0.01,120,151320,卖盘
1039,10:54:56,12.6,-0.01,32,40320,卖盘
1040,10:54:50,12.61,0.01,130,163930,买盘
1041,10:54:45,12.6,--,28,35280,卖盘
1042,10:54:41,12.6,--,4,5040,卖盘
1043,10:54:35,12.6,--,158,199080,买盘
1044,10:54:31,12.6,--,41,51660,买盘
1045,10:54:25,12.6,--,5,6300,买盘
1046,10:54:20,12.6,0.01,117,147420,买盘
1047,10:54:16,12.59,-0.01,1,1259,买盘
1048,10:54:11,12.6,--,0,0,买盘
1049,10:54:05,12.6,--,116,146160,买盘
1050,10:54:01,12.6,0.01,71,89460,买盘
1051,10:53:55,12.59,-0.01,20,25180,卖盘
1052,10:53:50,12.6,--,201,253260,买盘
1053,10:53:44,12.6,0.01,31,39060,买盘
1054,10:53:40,12.59,-0.01,25,31475,卖盘
1055,10:53:35,12.6,0.02,92,115920,买盘
1056,10:53:29,12.58,-0.02,26,32708,卖盘
1057,10:53:25,12.6,--,23,28980,买盘
1058,10:53:20,12.6,--,27,34020,买盘
1059,10:53:14,12.6,--,75,94500,卖盘
1060,10:53:05,12.6,--,20,25200,卖盘
1061,10:52:59,12.6,0.02,25,31500,买盘
1062,10:52:50,12.58,0.01,64,80512,卖盘
1063,10:52:44,12.57,--,56,70392,买盘
1064,10:52:40,12.57,--,56,70392,买盘
1065,10:52:35,12.57,--,29,36453,卖盘
1066,10:52:29,12.57,--,1,1257,卖盘
1067,10:52:25,12.57,0.01,3,3771,卖盘
1068,10:52:20,12.56,--,233,292648,买盘
1069,10:52:14,12.56,--,5,6280,买盘
1070,10:52:10,12.56,--,40,50240,买盘
1071,10:52:05,12.56,--,169,212264,卖盘
1072,10:51:59,12.56,--,19,23864,卖盘
1073,10:51:55,12.56,0.01,11,13816,卖盘
1074,10:51:50,12.55,--,0,0,卖盘
1075,10:51:44,12.55,-0.01,88,110440,卖盘
1076,10:51:40,12.56,--,68,85408,卖盘
1077,10:51:35,12.56,--,41,51496,买盘
1078,10:51:29,12.56,--,28,35168,买盘
1079,10:51:25,12.56,--,3,3768,买盘
1080,10:51:20,12.56,-0.03,121,151976,卖盘
1081,10:51:14,12.59,-0.01,1,1259,卖盘
1082,10:51:10,12.6,--,15,18900,买盘
1083,10:51:04,12.6,--,25,31500,买盘
1084,10:50:59,12.6,-0.1,644,812687,卖盘
1085,10:50:44,12.7,--,10,12700,卖盘
1086,10:50:40,12.7,--,0,0,中性盘
1087,10:50:35,12.7,0.08,20,25400,买盘
1088,10:50:29,12.62,-0.1,2,2524,中性盘
1089,10:50:25,12.72,--,0,0,中性盘
1090,10:50:20,12.72,0.03,3,3816,中性盘
1091,10:50:14,12.69,-0.01,3012,3822228,卖盘
1092,10:50:09,12.7,--,0,0,卖盘
1093,10:50:05,12.7,--,22,27940,卖盘
1094,10:49:53,12.7,--,32,40640,卖盘
1095,10:49:49,12.7,-0.03,544,690880,卖盘
1096,10:49:44,12.73,0.01,3,3819,买盘
1097,10:49:40,12.72,--,2,2544,卖盘
1098,10:49:35,12.72,-0.01,50,63600,卖盘
1099,10:49:20,12.73,-0.01,11,14003,卖盘
1100,10:49:14,12.74,0.01,1,1274,中性盘
1101,10:49:05,12.73,-0.01,6,7638,卖盘
1102,10:48:59,12.74,--,11,14014,卖盘
1103,10:48:50,12.74,-0.01,40,50960,卖盘
1104,10:48:39,12.75,0.01,5,6375,买盘
1105,10:48:35,12.74,--,22,28028,卖盘
1106,10:48:20,12.74,--,62,78988,买盘
1107,10:48:14,12.74,--,30,38220,卖盘
1108,10:48:09,12.74,-0.01,20,25480,卖盘
1109,10:47:44,12.75,--,1,1275,卖盘
1110,10:47:34,12.75,-0.02,4,5100,卖盘
1111,10:47:29,12.77,--,5,6385,买盘
1112,10:46:50,12.77,--,14,17878,卖盘
1113,10:46:44,12.77,--,1,1277,卖盘
1114,10:46:38,12.77,--,3,3831,卖盘
1115,10:46:34,12.77,--,2,2554,卖盘
1116,10:46:29,12.77,0.04,80,102160,买盘
1117,10:46:23,12.73,--,0,0,卖盘
1118,10:46:19,12.73,--,18,22914,卖盘
1119,10:46:14,12.73,--,3,3819,卖盘
1120,10:45:59,12.73,0.03,4,5092,买盘
1121,10:45:44,12.7,--,0,0,卖盘
1122,10:45:34,12.7,--,674,855980,卖盘
1123,10:45:29,12.7,-0.01,1,1270,卖盘
1124,10:45:23,12.71,-0.07,45,57195,卖盘
1125,10:45:19,12.78,0.08,5,6390,买盘
1126,10:45:04,12.7,--,0,0,卖盘
1127,10:44:59,12.7,-0.08,9,11430,卖盘
1128,10:44:53,12.78,0.08,10,12780,买盘
1129,10:44:49,12.7,--,925,1174750,卖盘
1130,10:44:44,12.7,--,5,6350,卖盘
1131,10:44:23,12.7,-0.09,1365,1733550,卖盘
1132,10:44:14,12.79,--,10,12790,买盘
1133,10:44:04,12.79,--,1,1279,买盘
1134,10:43:59,12.79,--,7,8953,卖盘
1135,10:43:53,12.79,--,2,2558,卖盘
1136,10:43:49,12.79,--,1,1279,卖盘
1137,10:43:43,12.79,--,3,3836,卖盘
1138,10:43:37,12.79,--,1002,1281558,买盘
1139,10:43:34,12.79,--,20,25580,买盘
1140,10:43:19,12.79,--,15,19185,卖盘
1141,10:42:59,12.79,0.01,10,12790,买盘
1142,10:42:53,12.78,-0.01,6,7668,卖盘
1143,10:42:48,12.79,0.01,4,5116,买盘
1144,10:42:33,12.78,--,2,2556,卖盘
1145,10:42:29,12.78,--,0,0,卖盘
1146,10:42:23,12.78,-0.02,10,12780,卖盘
1147,10:42:19,12.8,--,3,3840,买盘
1148,10:42:13,12.8,-0.02,2,2560,买盘
1149,10:42:02,12.82,--,0,0,买盘
1150,10:41:44,12.82,-0.02,18,23076,中性盘
1151,10:41:38,12.84,--,0,0,买盘
1152,10:40:58,12.84,0.06,2,2568,买盘
1153,10:40:48,12.78,-0.03,40,51120,卖盘
1154,10:40:38,12.81,-0.02,1,1281,卖盘
1155,10:40:34,12.83,--,50,64150,买盘
1156,10:40:29,12.83,--,10,12830,买盘
1157,10:40:22,12.83,--,21,26943,买盘
1158,10:40:08,12.83,0.03,10,12830,买盘
1159,10:40:02,12.8,--,8,10240,卖盘
1160,10:39:59,12.8,--,12,15360,卖盘
1161,10:39:53,12.8,--,10,12800,卖盘
1162,10:39:47,12.8,0.01,168,215040,买盘
1163,10:39:38,12.79,--,2,2558,卖盘
1164,10:39:17,12.79,0.03,38,48602,买盘
1165,10:39:13,12.76,-0.02,150,191400,卖盘
1166,10:39:08,12.78,-0.01,15,19170,卖盘
1167,10:39:02,12.79,0.02,2,2558,买盘
1168,10:38:47,12.77,--,16,20432,买盘
1169,10:38:38,12.77,-0.01,14,17878,卖盘
1170,10:38:32,12.78,0.01,2,2556,买盘
1171,10:38:13,12.77,--,7,8939,买盘
1172,10:38:08,12.77,-0.01,48,61296,卖盘
1173,10:38:02,12.78,0.01,10,12780,买盘
1174,10:37:43,12.77,--,30,38310,买盘
1175,10:37:38,12.77,--,2,2554,买盘
1176,10:37:28,12.77,--,1,1277,买盘
1177,10:37:17,12.77,0.01,30,38310,中性盘
1178,10:37:13,12.76,-0.01,22,28072,卖盘
1179,10:36:53,12.77,-0.01,52,66404,卖盘
1180,10:36:47,12.78,--,8,10224,卖盘
1181,10:36:37,12.78,0.01,13,16614,买盘
1182,10:36:32,12.77,-0.01,5,6385,卖盘
1183,10:36:28,12.78,--,35,44730,买盘
1184,10:36:22,12.78,--,1,1278,买盘
1185,10:36:17,12.78,--,61,77958,卖盘
1186,10:35:58,12.78,--,19,24282,买盘
1187,10:35:52,12.78,--,28,35784,买盘
1188,10:35:47,12.78,--,2,2556,买盘
1189,10:35:42,12.78,--,10,12780,买盘
1190,10:35:37,12.78,--,3,3834,买盘
1191,10:35:32,12.78,--,20,25560,买盘
1192,10:35:28,12.78,--,48,61344,买盘
1193,10:35:22,12.78,--,2,2556,买盘
1194,10:35:17,12.78,--,123,157194,卖盘
1195,10:34:52,12.78,--,191,244098,买盘
1196,10:34:47,12.78,0.03,1,1278,买盘
1197,10:34:37,12.75,--,0,0,卖盘
1198,10:34:32,12.75,-0.03,55,70125,卖盘
1199,10:34:17,12.78,--,0,0,买盘
1200,10:34:07,12.78,0.03,139,177642,买盘
1201,10:33:52,12.75,--,0,0,卖盘
1202,10:33:41,12.75,--,5,6375,卖盘
1203,10:33:37,12.75,--,26,33150,卖盘
1204,10:33:32,12.75,--,24,30600,卖盘
1205,10:33:26,12.75,-0.01,1,1275,卖盘
1206,10:33:23,12.76,--,37,47212,买盘
1207,10:33:17,12.76,--,100,127600,买盘
1208,10:33:11,12.76,0.01,1,1276,买盘
1209,10:32:52,12.75,-0.01,10,12750,卖盘
1210,10:32:47,12.76,0.01,20,25520,买盘
1211,10:32:41,12.75,--,11,14025,卖盘
1212,10:32:37,12.75,-0.01,85,108375,卖盘
1213,10:32:32,12.76,0.01,50,63800,买盘
1214,10:32:26,12.75,-0.01,319,406725,卖盘
1215,10:32:22,12.76,--,8,10208,买盘
1216,10:32:11,12.76,0.01,11,14036,买盘
1217,10:32:02,12.75,--,81,103275,卖盘
1218,10:31:56,12.75,-0.01,1,1275,卖盘
1219,10:31:52,12.76,0.01,14,17864,买盘
1220,10:31:37,12.75,--,2,2550,卖盘
1221,10:31:26,12.75,-0.01,23,29325,卖盘
1222,10:31:17,12.76,0.01,9,11484,买盘
1223,10:31:11,12.75,-0.01,92,117300,卖盘
1224,10:31:01,12.76,--,25,31900,买盘
1225,10:30:56,12.76,-0.01,42,53592,卖盘
1226,10:30:52,12.77,0.01,2,2554,买盘
1227,10:30:41,12.76,--,105,133980,卖盘
1228,10:30:37,12.76,-0.01,42,53592,卖盘
1229,10:30:31,12.77,--,21,26817,买盘
1230,10:30:22,12.77,--,4,5108,卖盘
1231,10:30:17,12.77,-0.01,6,7662,中性盘
1232,10:30:10,12.78,0.02,25,31950,买盘
1233,10:30:07,12.76,-0.02,4,5104,卖盘
1234,10:30:01,12.78,--,2,2556,买盘
1235,10:29:56,12.78,--,14,17892,买盘
1236,10:29:46,12.78,--,6,7668,买盘
1237,10:29:37,12.78,--,21,26838,买盘
1238,10:29:32,12.78,--,114,145692,买盘
1239,10:29:22,12.78,0.02,60,76680,买盘
1240,10:29:16,12.76,--,3,3828,买盘
1241,10:29:10,12.76,--,33,42108,买盘
1242,10:29:07,12.76,--,5,6380,买盘
1243,10:29:01,12.76,--,31,39556,卖盘
1244,10:28:56,12.76,-0.02,117,149292,卖盘
1245,10:28:52,12.78,0.02,15,19170,买盘
1246,10:28:46,12.76,--,27,34452,卖盘
1247,10:28:26,12.76,0.01,5,6380,买盘
1248,10:28:16,12.75,--,68,86712,买盘
1249,10:28:11,12.75,--,15,19125,买盘
1250,10:28:07,12.75,--,25,31875,买盘
1251,10:28:01,12.75,0.01,26,33150,买盘
1252,10:27:56,12.74,-0.01,38,48412,卖盘
1253,10:27:52,12.75,--,37,47175,买盘
1254,10:27:46,12.75,--,67,85425,买盘
1255,10:27:41,12.75,--,9,11475,买盘
1256,10:27:36,12.75,--,70,89250,买盘
1257,10:27:31,12.75,0.01,56,71400,买盘
1258,10:27:26,12.74,-0.01,88,112112,卖盘
1259,10:27:21,12.75,--,13,16575,买盘
1260,10:27:16,12.75,--,65,82875,买盘
1261,10:27:11,12.75,--,139,177225,买盘
1262,10:27:05,12.75,--,11,14025,买盘
1263,10:27:01,12.75,--,221,281775,买盘
1264,10:26:56,12.75,--,101,128775,买盘
1265,10:26:46,12.75,--,2,2550,买盘
1266,10:26:41,12.75,--,10,12750,买盘
1267,10:26:31,12.75,0.01,10,12750,买盘
1268,10:26:26,12.74,-0.01,42,53508,卖盘
1269,10:26:16,12.75,0.01,110,140250,买盘
1270,10:26:05,12.74,--,2,2548,卖盘
1271,10:25:56,12.74,--,25,31850,卖盘
1272,10:25:50,12.74,-0.01,1,1274,卖盘
1273,10:25:46,12.75,0.01,5,6375,买盘
1274,10:25:41,12.74,-0.01,6,7644,卖盘
1275,10:25:35,12.75,0.01,10,12750,买盘
1276,10:25:31,12.74,--,15,19110,卖盘
1277,10:25:26,12.74,-0.01,46,58604,卖盘
1278,10:25:20,12.75,--,2,2550,买盘
1279,10:25:16,12.75,0.01,10,12750,买盘
1280,10:25:01,12.74,--,1,1274,卖盘
1281,10:24:56,12.74,0.01,45,57330,中性盘
1282,10:24:49,12.73,-0.01,165,210045,卖盘
1283,10:24:41,12.74,--,31,39494,买盘
1284,10:24:35,12.74,--,4,5096,买盘
1285,10:24:26,12.74,--,196,249704,卖盘
1286,10:24:11,12.74,--,10,12740,卖盘
1287,10:24:05,12.74,--,74,94276,买盘
1288,10:24:00,12.74,--,3,3822,买盘
1289,10:23:55,12.74,--,19,24206,买盘
1290,10:23:46,12.74,--,23,29302,买盘
1291,10:23:40,12.74,--,25,31850,买盘
1292,10:23:35,12.74,--,28,35672,买盘
1293,10:23:25,12.74,--,14,17836,买盘
1294,10:23:20,12.74,-0.01,20,25480,中性盘
1295,10:23:16,12.75,--,13,16575,买盘
1296,10:23:10,12.75,0.01,16,20400,买盘
1297,10:23:05,12.74,--,71,90454,卖盘
1298,10:23:01,12.74,--,2,2548,卖盘
1299,10:22:50,12.74,--,3,3822,卖盘
1300,10:22:46,12.74,--,22,28028,卖盘
1301,10:22:40,12.74,-0.01,746,950404,卖盘
1302,10:22:35,12.75,-0.01,1,1275,卖盘
1303,10:22:31,12.76,--,85,108460,买盘
1304,10:22:25,12.76,-0.02,86,109736,卖盘
1305,10:22:20,12.78,0.02,20,25560,买盘
1306,10:22:10,12.76,--,1,1276,卖盘
1307,10:22:05,12.76,--,49,62524,买盘
1308,10:21:55,12.76,-0.01,39,49764,卖盘
1309,10:21:46,12.77,0.01,24,30648,买盘
1310,10:21:40,12.76,--,64,81664,卖盘
1311,10:21:35,12.76,-0.01,2,2552,卖盘
1312,10:21:25,12.77,--,17,21709,卖盘
1313,10:21:20,12.77,--,94,120038,卖盘
1314,10:21:10,12.77,--,7,8939,卖盘
1315,10:21:05,12.77,-0.01,33,42141,买盘
1316,10:21:01,12.78,--,0,0,买盘
1317,10:20:55,12.78,--,11,14058,买盘
1318,10:20:46,12.78,0.03,15,19170,买盘
1319,10:20:40,12.75,-0.03,66,84150,卖盘
1320,10:20:35,12.78,0.03,90,115020,买盘
1321,10:20:29,12.75,--,0,0,卖盘
1322,10:20:25,12.75,-0.01,131,167025,卖盘
1323,10:20:20,12.76,--,85,108460,卖盘
1324,10:20:10,12.76,0.01,4,5104,卖盘
1325,10:20:05,12.75,-0.01,104,132600,卖盘
1326,10:19:59,12.76,--,7,8932,买盘
1327,10:19:55,12.76,0.01,2,2552,买盘
1328,10:19:50,12.75,--,17,21675,卖盘
1329,10:19:44,12.75,--,187,238425,卖盘
1330,10:19:40,12.75,0.01,51,65025,买盘
1331,10:19:35,12.74,-0.01,10,12740,卖盘
1332,10:19:25,12.75,0.01,26,33150,买盘
1333,10:19:20,12.74,-0.01,68,86632,卖盘
1334,10:19:14,12.75,--,12,15300,卖盘
1335,10:19:10,12.75,--,178,226950,卖盘
1336,10:19:05,12.75,--,92,117300,卖盘
1337,10:18:59,12.75,--,49,62475,卖盘
1338,10:18:55,12.75,-0.03,635,809625,卖盘
1339,10:18:50,12.78,--,40,51120,卖盘
1340,10:18:44,12.78,-0.01,14,17892,卖盘
1341,10:18:40,12.79,-0.01,116,148364,卖盘
1342,10:18:35,12.8,--,5,6400,买盘
1343,10:18:29,12.8,--,95,121600,买盘
1344,10:18:25,12.8,--,614,785920,卖盘
1345,10:18:20,12.8,-0.01,8,10240,卖盘
1346,10:18:14,12.81,-0.01,11,14091,卖盘
1347,10:18:10,12.82,0.01,27,34614,买盘
1348,10:18:05,12.81,-0.01,58,74298,卖盘
1349,10:17:59,12.82,--,118,151276,卖盘
1350,10:17:55,12.82,--,36,46152,卖盘
1351,10:17:39,12.82,--,26,33332,卖盘
1352,10:17:25,12.82,-0.01,1,1282,卖盘
1353,10:17:14,12.83,0.01,6,7698,买盘
1354,10:17:04,12.82,--,26,33332,买盘
1355,10:16:59,12.82,0.01,11,14102,买盘
1356,10:16:54,12.81,--,10,12810,卖盘
1357,10:16:49,12.81,--,6,7686,卖盘
1358,10:16:44,12.81,--,0,0,买盘
1359,10:16:34,12.81,--,0,0,买盘
1360,10:16:29,12.81,--,9,11529,买盘
1361,10:16:19,12.81,--,0,0,买盘
1362,10:16:13,12.81,0.03,15,19215,买盘
1363,10:16:10,12.78,-0.03,11,14058,卖盘
1364,10:16:04,12.81,--,59,75579,买盘
1365,10:15:59,12.81,0.03,34,43554,买盘
1366,10:15:54,12.78,-0.03,1,1278,卖盘
1367,10:15:49,12.81,0.03,88,112728,买盘
1368,10:15:43,12.78,--,41,52398,买盘
1369,10:15:39,12.78,-0.01,45,57510,卖盘
1370,10:15:34,12.79,-0.02,5,6395,卖盘
1371,10:15:29,12.81,0.03,13,16653,中性盘
1372,10:15:25,12.78,-0.04,21,26838,卖盘
1373,10:15:19,12.82,--,20,25640,买盘
1374,10:15:14,12.82,--,2,2564,买盘
1375,10:15:09,12.82,0.02,12,15384,买盘
1376,10:15:04,12.8,-0.01,56,71680,卖盘
1377,10:14:59,12.81,-0.01,19,24339,卖盘
1378,10:14:55,12.82,-0.01,25,32050,买盘
1379,10:14:49,12.83,--,0,0,中性盘
1380,10:14:44,12.83,0.02,28,35924,买盘
1381,10:14:39,12.81,--,2,2562,卖盘
1382,10:14:34,12.81,0.01,328,420168,中性盘
1383,10:14:29,12.8,--,174,222720,卖盘
1384,10:14:25,12.8,--,69,88320,卖盘
1385,10:14:19,12.8,0.02,145,185600,买盘
1386,10:14:14,12.78,-0.02,36,46008,卖盘
1387,10:14:09,12.8,0.01,59,75520,买盘
1388,10:14:04,12.79,-0.01,40,51160,卖盘
1389,10:13:59,12.8,-0.04,72,92160,卖盘
1390,10:13:54,12.84,--,54,69336,买盘
1391,10:13:49,12.84,-0.01,10,12840,卖盘
1392,10:13:44,12.85,--,35,44975,买盘
1393,10:13:39,12.85,--,127,163195,卖盘
1394,10:13:34,12.85,-0.01,20,25700,卖盘
1395,10:13:29,12.86,-0.01,16,20576,卖盘
1396,10:13:24,12.87,-0.01,6,7721,买盘
1397,10:13:19,12.88,0.02,41,52808,买盘
1398,10:13:14,12.86,0.01,78,100308,买盘
1399,10:13:08,12.85,--,59,75815,卖盘
1400,10:13:04,12.85,--,60,77100,卖盘
1401,10:12:59,12.85,-0.01,99,127215,卖盘
1402,10:12:53,12.86,-0.03,1,1286,买盘
1403,10:12:49,12.89,0.04,6,7734,买盘
1404,10:12:44,12.85,-0.01,31,39835,卖盘
1405,10:12:38,12.86,0.05,6,7716,买盘
1406,10:12:34,12.81,0.01,14,17934,中性盘
1407,10:12:29,12.8,-0.01,86,110080,卖盘
1408,10:12:19,12.81,--,13,16653,买盘
1409,10:12:14,12.81,0.02,4,5124,买盘
1410,10:12:08,12.79,-0.01,10,12790,卖盘
1411,10:12:04,12.8,0.02,59,75520,买盘
1412,10:11:59,12.78,--,212,270936,卖盘
1413,10:11:53,12.78,0.01,107,136746,买盘
1414,10:11:49,12.77,0.01,54,68958,中性盘
1415,10:11:44,12.76,--,9,11484,中性盘
1416,10:11:38,12.76,--,31,39556,买盘
1417,10:11:34,12.76,0.01,10,12760,买盘
1418,10:11:29,12.75,--,42,53550,买盘
1419,10:11:19,12.75,0.02,29,36975,买盘
1420,10:11:14,12.73,--,108,137484,买盘
1421,10:11:08,12.73,--,56,71288,买盘
1422,10:11:04,12.73,0.03,13,16549,买盘
1423,10:10:59,12.7,--,25,31750,卖盘
1424,10:10:53,12.7,--,79,100330,买盘
1425,10:10:49,12.7,--,138,175260,买盘
1426,10:10:44,12.7,--,77,97790,买盘
1427,10:10:38,12.7,--,77,97790,买盘
1428,10:10:34,12.7,0.01,119,151130,买盘
1429,10:10:28,12.69,--,30,38070,卖盘
1430,10:10:23,12.69,--,136,172584,买盘
1431,10:10:18,12.69,--,6,7614,买盘
1432,10:10:13,12.69,0.01,56,71064,买盘
1433,10:10:08,12.68,-0.02,19,24092,中性盘
1434,10:10:03,12.7,--,8,10160,买盘
1435,10:09:58,12.7,--,14,17780,买盘
1436,10:09:53,12.7,--,41,52070,买盘
1437,10:09:48,12.7,--,17,21590,买盘
1438,10:09:43,12.7,--,71,90170,买盘
1439,10:09:38,12.7,0.03,25,31750,买盘
1440,10:09:34,12.67,-0.03,2,2534,中性盘
1441,10:09:28,12.7,--,74,93980,中性盘
1442,10:09:23,12.7,--,42,53340,卖盘
1443,10:09:18,12.7,-0.03,25,31750,卖盘
1444,10:09:13,12.73,0.03,35,44555,买盘
1445,10:09:08,12.7,0.06,112,142240,买盘
1446,10:09:03,12.64,-0.06,357,451248,卖盘
1447,10:08:58,12.7,-0.03,179,227330,卖盘
1448,10:08:53,12.73,--,34,43282,买盘
1449,10:08:49,12.73,0.03,62,78926,买盘
1450,10:08:43,12.7,-0.03,209,265430,卖盘
1451,10:08:38,12.73,-0.01,94,119662,卖盘
1452,10:08:33,12.74,-0.01,93,118482,卖盘
1453,10:08:28,12.75,--,134,170850,卖盘
1454,10:08:23,12.75,-0.01,237,302175,中性盘
1455,10:08:18,12.76,0.01,126,160776,买盘
1456,10:08:13,12.75,-0.01,133,169575,卖盘
1457,10:08:08,12.76,--,64,81664,买盘
1458,10:08:03,12.76,-0.03,64,81664,卖盘
1459,10:07:58,12.79,--,46,58833,买盘
1460,10:07:53,12.79,-0.01,218,278822,卖盘
1461,10:07:48,12.8,--,8,10240,买盘
1462,10:07:43,12.8,-0.01,76,97280,卖盘
1463,10:07:38,12.81,-0.01,37,47397,卖盘
1464,10:07:33,12.82,0.01,45,57690,中性盘
1465,10:07:28,12.81,-0.02,170,217770,卖盘
1466,10:07:23,12.83,--,102,130866,买盘
1467,10:07:18,12.83,--,1,1283,买盘
1468,10:07:13,12.83,-0.02,54,69282,卖盘
1469,10:07:08,12.85,0.02,101,129785,买盘
1470,10:07:03,12.83,-0.03,151,193733,卖盘
1471,10:06:58,12.86,-0.04,444,570984,卖盘
1472,10:06:53,12.9,--,157,202530,买盘
1473,10:06:48,12.9,--,65,83850,买盘
1474,10:06:43,12.9,0.01,373,481170,买盘
1475,10:06:38,12.89,--,91,117299,卖盘
1476,10:06:33,12.89,--,20,25780,卖盘
1477,10:06:28,12.89,-0.01,106,136634,卖盘
1478,10:06:23,12.9,--,24,30960,买盘
1479,10:06:18,12.9,--,20,25800,买盘
1480,10:06:13,12.9,--,29,37410,买盘
1481,10:06:08,12.9,--,10,12900,买盘
1482,10:06:02,12.9,--,35,45150,买盘
1483,10:05:58,12.9,-0.05,227,292830,卖盘
1484,10:05:53,12.95,--,10,12950,买盘
1485,10:05:47,12.95,0.02,10,12950,买盘
1486,10:05:43,12.93,-0.03,25,32325,卖盘
1487,10:05:38,12.96,0.04,10,12960,买盘
1488,10:05:32,12.92,-0.04,9,11628,卖盘
1489,10:05:28,12.96,0.01,17,22032,买盘
1490,10:05:23,12.95,-0.02,149,192955,卖盘
1491,10:05:17,12.97,--,9,11673,买盘
1492,10:05:13,12.97,--,35,45395,买盘
1493,10:05:08,12.97,0.01,5,6485,买盘
1494,10:05:02,12.96,-0.01,8,10368,卖盘
1495,10:04:57,12.97,0.01,7,9079,卖盘
1496,10:04:53,12.96,-0.04,21,27216,卖盘
1497,10:04:47,13.0,0.04,5,6500,买盘
1498,10:04:43,12.96,--,33,42768,卖盘
1499,10:04:37,12.96,--,3,3888,卖盘
1500,10:04:32,12.96,-0.04,16,20736,卖盘
1501,10:04:28,13.0,0.02,13,16900,买盘
1502,10:04:17,12.98,0.02,44,57112,买盘
1503,10:04:13,12.96,--,59,76464,买盘
1504,10:04:08,12.96,0.01,83,107568,买盘
1505,10:04:02,12.95,--,5,6475,卖盘
1506,10:03:58,12.95,--,19,24605,卖盘
1507,10:03:47,12.95,0.04,43,55685,买盘
1508,10:03:43,12.91,--,14,18074,卖盘
1509,10:03:32,12.91,-0.01,44,56804,卖盘
1510,10:03:28,12.92,0.02,50,64600,买盘
1511,10:03:22,12.9,-0.01,250,322500,卖盘
1512,10:03:17,12.91,--,40,51640,买盘
1513,10:03:12,12.91,-0.01,151,194941,卖盘
1514,10:03:07,12.92,-0.01,17,21964,买盘
1515,10:03:02,12.93,--,40,51720,买盘
1516,10:02:58,12.93,0.01,7,9051,买盘
1517,10:02:52,12.92,-0.01,1,1292,卖盘
1518,10:02:47,12.93,--,46,59478,买盘
1519,10:02:37,12.93,-0.01,34,43962,卖盘
1520,10:02:32,12.94,-0.01,221,285974,卖盘
1521,10:02:27,12.95,0.03,26,33670,买盘
1522,10:02:22,12.92,-0.02,23,29716,卖盘
1523,10:02:17,12.94,--,22,28468,卖盘
1524,10:02:13,12.94,--,2,2588,卖盘
1525,10:02:07,12.94,--,0,0,卖盘
1526,10:02:02,12.94,-0.02,21,27174,卖盘
1527,10:01:58,12.96,--,39,50544,卖盘
1528,10:01:52,12.96,--,225,291600,买盘
1529,10:01:47,12.96,--,30,38880,买盘
1530,10:01:42,12.96,0.01,9,11664,买盘
1531,10:01:37,12.95,-0.01,45,58275,卖盘
1532,10:01:32,12.96,--,26,33696,卖盘
1533,10:01:27,12.96,--,18,23328,卖盘
1534,10:01:22,12.96,--,70,90720,买盘
1535,10:01:17,12.96,0.01,41,53136,买盘
1536,10:01:12,12.95,-0.01,15,19425,卖盘
1537,10:01:07,12.96,--,4,5184,买盘
1538,10:01:02,12.96,-0.03,77,99792,卖盘
1539,10:00:57,12.99,--,30,38970,买盘
1540,10:00:52,12.99,-0.01,172,223428,卖盘
1541,10:00:47,13.0,--,12,15600,买盘
1542,10:00:42,13.0,--,74,96200,卖盘
1543,10:00:37,13.0,--,122,158600,卖盘
1544,10:00:32,13.0,--,108,140400,卖盘
1545,10:00:27,13.0,-0.02,66,85800,卖盘
1546,10:00:22,13.02,-0.01,107,139314,买盘
1547,10:00:17,13.03,--,806,1050218,买盘
1548,10:00:12,13.03,--,35,45605,买盘
1549,10:00:07,13.03,--,5,6515,买盘
1550,10:00:02,13.03,-0.02,230,299690,卖盘
1551,09:59:57,13.05,--,12,15660,买盘
1552,09:59:52,13.05,--,108,140940,卖盘
1553,09:59:47,13.05,-0.01,20,26100,卖盘
1554,09:59:42,13.06,--,2,2612,卖盘
1555,09:59:36,13.06,--,12,15672,卖盘
1556,09:59:32,13.06,--,15,19590,卖盘
1557,09:59:27,13.06,--,0,0,卖盘
1558,09:59:22,13.06,-0.03,20,26120,卖盘
1559,09:59:17,13.09,0.02,12,15708,买盘
1560,09:59:11,13.07,-0.02,4,5228,卖盘
1561,09:59:07,13.09,0.01,55,71995,买盘
1562,09:59:02,13.08,-0.01,324,424079,卖盘
1563,09:58:52,13.09,--,7,9163,买盘
1564,09:58:47,13.09,0.01,40,52360,买盘
1565,09:58:41,13.08,-0.01,1,1308,卖盘
1566,09:58:37,13.09,0.01,9,11781,买盘
1567,09:58:32,13.08,-0.01,55,71940,卖盘
1568,09:58:17,13.09,0.01,11,14399,买盘
1569,09:58:11,13.08,-0.01,9,11772,卖盘
1570,09:58:02,13.09,0.01,33,43197,买盘
1571,09:57:51,13.08,0.01,192,252156,买盘
1572,09:57:47,13.07,--,4,5228,卖盘
1573,09:57:41,13.07,-0.01,6,7842,卖盘
1574,09:57:36,13.08,0.01,6,7848,买盘
1575,09:57:31,13.07,--,16,20912,卖盘
1576,09:57:26,13.07,-0.01,10,13070,卖盘
1577,09:57:16,13.08,0.01,2,2616,买盘
1578,09:57:01,13.07,--,1,1307,卖盘
1579,09:56:56,13.07,-0.01,5,6535,卖盘
1580,09:56:51,13.08,0.01,28,36624,买盘
1581,09:56:46,13.07,-0.01,22,28754,卖盘
1582,09:56:37,13.08,0.01,16,20928,买盘
1583,09:56:31,13.07,--,21,27447,卖盘
1584,09:56:26,13.07,--,66,86262,卖盘
1585,09:56:22,13.07,--,53,69271,买盘
1586,09:56:16,13.07,0.01,14,18298,买盘
1587,09:56:11,13.06,-0.01,75,97950,卖盘
1588,09:56:06,13.07,--,16,20912,卖盘
1589,09:56:01,13.07,-0.01,31,40517,卖盘
1590,09:55:56,13.08,0.03,27,35316,买盘
1591,09:55:51,13.05,-0.01,11,14355,卖盘
1592,09:55:46,13.06,0.01,3,3918,中性盘
1593,09:55:41,13.05,-0.02,13,16965,卖盘
1594,09:55:36,13.07,--,8,10456,买盘
1595,09:55:31,13.07,0.03,10,13070,买盘
1596,09:55:26,13.04,-0.03,52,67808,卖盘
1597,09:55:22,13.07,0.02,11,14377,买盘
1598,09:55:16,13.05,--,97,126585,买盘
1599,09:55:11,13.05,--,66,86130,买盘
1600,09:55:07,13.05,--,10,13050,买盘
1601,09:55:01,13.05,--,31,40455,买盘
1602,09:54:56,13.05,--,61,79605,卖盘
1603,09:54:51,13.05,--,2,2610,卖盘
1604,09:54:46,13.05,--,3,3915,卖盘
1605,09:54:40,13.05,--,10,13050,卖盘
1606,09:54:36,13.05,-0.02,12,15660,卖盘
1607,09:54:26,13.07,--,32,41824,买盘
1608,09:54:21,13.07,0.03,18,23526,买盘
1609,09:54:16,13.04,-0.03,143,186472,卖盘
1610,09:54:11,13.07,0.02,120,156840,买盘
1611,09:54:06,13.05,--,30,39150,买盘
1612,09:54:01,13.05,-0.02,95,123975,卖盘
1613,09:53:56,13.07,0.02,9,11763,买盘
1614,09:53:51,13.05,0.01,30,39150,卖盘
1615,09:53:46,13.04,-0.03,15,19560,卖盘
1616,09:53:41,13.07,0.03,14,18298,买盘
1617,09:53:36,13.04,--,28,36512,卖盘
1618,09:53:31,13.04,-0.01,75,97800,卖盘
1619,09:53:26,13.05,0.01,84,109620,买盘
1620,09:53:16,13.04,-0.01,15,19560,卖盘
1621,09:53:11,13.05,-0.02,2,2610,买盘
1622,09:53:06,13.07,0.03,7,9149,买盘
1623,09:53:00,13.04,-0.01,28,36512,卖盘
1624,09:52:56,13.05,0.01,10,13050,卖盘
1625,09:52:45,13.04,--,0,0,卖盘
1626,09:52:41,13.04,-0.03,14,18256,卖盘
1627,09:52:36,13.07,0.04,12,15684,买盘
1628,09:52:30,13.03,--,35,45605,卖盘
1629,09:52:26,13.03,--,64,83392,卖盘
1630,09:52:21,13.03,-0.02,26,33878,卖盘
1631,09:52:15,13.05,0.01,99,129195,买盘
1632,09:52:11,13.04,--,17,22168,买盘
1633,09:52:01,13.04,0.02,7,9128,买盘
1634,09:51:56,13.02,-0.01,61,79422,卖盘
1635,09:51:50,13.03,0.01,30,39090,买盘
1636,09:51:45,13.02,-0.01,40,52080,卖盘
1637,09:51:41,13.03,--,81,105543,卖盘
1638,09:51:35,13.03,-0.02,20,26060,卖盘
1639,09:51:31,13.05,--,0,0,买盘
1640,09:51:25,13.05,0.02,43,56115,买盘
1641,09:51:20,13.03,-0.02,10,13030,卖盘
1642,09:51:15,13.05,-0.01,110,143550,卖盘
1643,09:51:10,13.06,--,0,0,买盘
1644,09:51:05,13.06,-0.01,5,6530,卖盘
1645,09:50:55,13.07,-0.03,19,24833,中性盘
1646,09:50:50,13.1,--,26,34060,买盘
1647,09:50:45,13.1,0.01,119,155890,买盘
1648,09:50:40,13.09,-0.01,17,22253,卖盘
1649,09:50:31,13.1,--,1,1310,卖盘
1650,09:50:20,13.1,--,8,10480,卖盘
1651,09:50:15,13.1,-0.02,28,36680,卖盘
1652,09:50:10,13.12,--,15,19680,卖盘
1653,09:50:05,13.12,0.02,18,23616,买盘
1654,09:50:01,13.1,--,21,27510,卖盘
1655,09:49:55,13.1,--,59,77290,卖盘
1656,09:49:50,13.1,--,2,2620,卖盘
1657,09:49:45,13.1,--,8,10480,买盘
1658,09:49:40,13.1,0.01,3,3930,买盘
1659,09:49:35,13.09,-0.01,30,39270,中性盘
1660,09:49:30,13.1,0.01,13,17030,买盘
1661,09:49:25,13.09,--,0,0,买盘
1662,09:49:20,13.09,--,55,71995,买盘
1663,09:49:10,13.09,--,5,6545,买盘
1664,09:49:05,13.09,--,0,0,买盘
1665,09:48:55,13.09,--,20,26180,卖盘
1666,09:48:45,13.09,0.02,7,9163,买盘
1667,09:48:40,13.07,--,21,27447,买盘
1668,09:48:35,13.07,-0.03,184,240488,卖盘
1669,09:48:30,13.1,0.01,34,44540,买盘
1670,09:48:25,13.09,-0.01,6,7854,卖盘
1671,09:48:20,13.1,-0.01,227,297370,卖盘
1672,09:48:10,13.11,--,52,68172,卖盘
1673,09:48:05,13.11,--,34,44574,卖盘
1674,09:48:00,13.11,-0.01,30,39330,卖盘
1675,09:47:55,13.12,--,49,64287,买盘
1676,09:47:45,13.12,0.01,8,10496,买盘
1677,09:47:40,13.11,-0.01,31,40641,卖盘
1678,09:47:20,13.12,-0.01,8,10496,卖盘
1679,09:47:09,13.13,-0.01,2,2626,卖盘
1680,09:46:54,13.14,--,0,0,中性盘
1681,09:46:50,13.14,--,2,2628,卖盘
1682,09:46:40,13.14,-0.01,3,3942,卖盘
1683,09:46:35,13.15,--,0,0,买盘
1684,09:46:30,13.15,0.03,18,23670,买盘
1685,09:46:25,13.12,--,0,0,卖盘
1686,09:46:20,13.12,-0.01,104,136448,卖盘
1687,09:46:15,13.13,--,0,0,卖盘
1688,09:46:09,13.13,-0.02,10,13130,卖盘
1689,09:46:05,13.15,--,1,1315,买盘
1690,09:46:00,13.15,--,7,9205,买盘
1691,09:45:49,13.15,--,43,56545,卖盘
1692,09:45:24,13.15,--,1,1315,卖盘
1693,09:45:20,13.15,--,5,6575,卖盘
1694,09:45:15,13.15,--,2,2630,卖盘
1695,09:45:09,13.15,-0.01,8,10520,卖盘
1696,09:45:05,13.16,0.01,24,31584,买盘
1697,09:45:00,13.15,--,3,3945,卖盘
1698,09:44:54,13.15,--,9,11835,卖盘
1699,09:44:39,13.15,--,1,1315,卖盘
1700,09:44:34,13.15,0.01,6,7890,买盘
1701,09:44:29,13.14,-0.01,1,1314,卖盘
1702,09:44:19,13.15,--,10,13150,买盘
1703,09:44:09,13.15,-0.02,14,18410,卖盘
1704,09:43:54,13.17,--,47,61899,买盘
1705,09:43:39,13.17,0.02,5,6585,买盘
1706,09:43:34,13.15,0.01,4,5260,卖盘
1707,09:43:19,13.14,-0.01,14,18396,卖盘
1708,09:43:09,13.15,--,20,26300,买盘
1709,09:42:54,13.15,--,1,1315,卖盘
1710,09:42:49,13.15,--,4,5260,卖盘
1711,09:42:44,13.15,--,10,13150,卖盘
1712,09:42:39,13.15,0.01,157,206455,买盘
1713,09:42:19,13.14,-0.02,33,43690,卖盘
1714,09:42:09,13.16,0.01,12,15792,中性盘
1715,09:42:04,13.15,-0.01,95,125911,卖盘
1716,09:41:34,13.16,0.01,101,132916,买盘
1717,09:41:24,13.15,-0.01,106,139390,卖盘
1718,09:41:19,13.16,0.01,4,5264,买盘
1719,09:41:09,13.15,--,11,14465,卖盘
1720,09:40:58,13.15,-0.01,46,60490,卖盘
1721,09:40:54,13.16,--,6,7896,买盘
1722,09:40:49,13.16,-0.01,10,13160,中性盘
1723,09:40:44,13.17,0.01,38,50046,买盘
1724,09:40:39,13.16,--,83,109557,卖盘
1725,09:40:33,13.16,--,30,39480,卖盘
1726,09:40:29,13.16,-0.01,14,18424,卖盘
1727,09:40:03,13.17,0.01,1,1317,买盘
1728,09:39:59,13.16,--,8,10528,卖盘
1729,09:39:54,13.16,-0.01,188,248395,卖盘
1730,09:39:48,13.17,--,12,15804,买盘
1731,09:39:33,13.17,--,11,14487,买盘
1732,09:39:29,13.17,--,2,2634,买盘
1733,09:39:18,13.17,0.01,25,32925,中性盘
1734,09:39:14,13.16,--,32,42112,卖盘
1735,09:38:59,13.16,--,13,17108,卖盘
1736,09:38:54,13.16,--,36,47376,卖盘
1737,09:38:44,13.16,-0.03,25,32900,卖盘
1738,09:38:39,13.19,--,0,0,买盘
1739,09:38:33,13.19,0.01,34,44846,买盘
1740,09:38:29,13.18,-0.02,24,31632,卖盘
1741,09:38:24,13.2,--,10,13200,买盘
1742,09:38:18,13.2,0.03,15,19800,买盘
1743,09:38:13,13.17,--,4,5268,卖盘
1744,09:38:09,13.17,--,100,131700,卖盘
1745,09:37:48,13.17,--,65,85605,买盘
1746,09:37:43,13.17,--,39,51363,买盘
1747,09:37:39,13.17,--,1,1317,买盘
1748,09:37:33,13.17,--,45,59265,买盘
1749,09:37:28,13.17,-0.03,29,38193,卖盘
1750,09:37:23,13.2,--,10,13200,卖盘
1751,09:37:18,13.2,--,0,0,卖盘
1752,09:37:13,13.2,0.02,41,54120,买盘
1753,09:37:03,13.18,--,30,39540,买盘
1754,09:36:58,13.18,0.01,5,6590,买盘
1755,09:36:53,13.17,0.01,24,31608,买盘
1756,09:36:43,13.16,--,0,0,中性盘
1757,09:36:38,13.16,--,10,13160,买盘
1758,09:36:33,13.16,--,57,75012,买盘
1759,09:36:28,13.16,0.01,51,67116,买盘
1760,09:36:03,13.15,0.01,36,47340,买盘
1761,09:35:58,13.14,--,5,6570,买盘
1762,09:35:48,13.14,0.04,35,45990,买盘
1763,09:35:43,13.1,-0.02,14,18340,卖盘
1764,09:35:38,13.12,0.02,38,49856,买盘
1765,09:35:23,13.1,0.01,2,2620,买盘
1766,09:35:18,13.09,--,165,215985,买盘
1767,09:35:13,13.09,--,21,27489,买盘
1768,09:35:08,13.09,--,10,13090,买盘
1769,09:35:03,13.09,--,14,18326,买盘
1770,09:34:58,13.09,--,18,23562,买盘
1771,09:34:53,13.09,0.01,10,13090,买盘
1772,09:34:48,13.08,-0.01,57,74556,卖盘
1773,09:34:43,13.09,0.02,28,36652,买盘
1774,09:34:38,13.07,-0.01,12,15684,卖盘
1775,09:34:33,13.08,-0.01,175,228900,卖盘
1776,09:34:28,13.09,--,38,49742,买盘
1777,09:34:23,13.09,--,13,17017,买盘
1778,09:34:18,13.09,--,83,108647,买盘
1779,09:34:13,13.09,--,5,6545,买盘
1780,09:34:08,13.09,-0.05,40,52360,卖盘
1781,09:34:03,13.14,0.04,11,14454,买盘
1782,09:33:58,13.1,0.01,17,22270,买盘
1783,09:33:52,13.09,--,41,53669,卖盘
1784,09:33:43,13.09,--,3,3927,卖盘
1785,09:33:27,13.09,-0.02,1,1309,卖盘
1786,09:33:23,13.11,-0.01,5,6555,卖盘
1787,09:33:18,13.12,0.02,10,13120,买盘
1788,09:33:07,13.1,0.01,66,86460,买盘
1789,09:33:03,13.09,-0.02,14,18326,卖盘
1790,09:32:57,13.11,-0.01,16,20976,买盘
1791,09:32:53,13.12,0.02,10,13120,买盘
1792,09:32:48,13.1,-0.01,58,75980,卖盘
1793,09:32:42,13.11,--,9,11799,买盘
1794,09:32:37,13.11,-0.01,18,23598,买盘
1795,09:32:33,13.12,--,0,0,买盘
1796,09:32:27,13.12,0.04,29,38048,买盘
1797,09:32:23,13.08,--,12,15696,卖盘
1798,09:32:18,13.08,--,36,47088,卖盘
1799,09:32:12,13.08,-0.01,18,23544,卖盘
1800,09:32:08,13.09,--,10,13090,买盘
1801,09:31:57,13.09,--,19,24871,买盘
1802,09:31:53,13.09,--,13,17017,买盘
1803,09:31:48,13.09,--,7,9163,买盘
1804,09:31:42,13.09,--,1,1309,卖盘
1805,09:31:38,13.09,-0.02,4,5236,卖盘
1806,09:31:33,13.11,0.02,2,2622,买盘
1807,09:31:27,13.09,0.01,6,7854,卖盘
1808,09:31:23,13.08,-0.04,7,9156,卖盘
1809,09:31:12,13.12,0.04,7,9184,买盘
1810,09:31:07,13.08,--,10,13080,卖盘
1811,09:31:02,13.08,--,16,20928,卖盘
1812,09:30:57,13.08,--,10,13080,卖盘
1813,09:30:53,13.08,0.01,2,2616,卖盘
1814,09:30:42,13.07,--,0,0,卖盘
1815,09:30:38,13.07,-0.05,7,9149,卖盘
1816,09:30:27,13.12,-0.02,5,6560,卖盘
1817,09:30:12,13.14,-0.01,5,6570,买盘
1818,09:30:07,13.15,--,32,42080,卖盘
1819,09:30:03,13.15,-0.01,1,1315,卖盘
1820,09:28:51,13.16,--,0,0,买盘
1821,09:25:04,13.16,13.16,76,100016,买盘
