,time,price,change,volume,amount,type
0,15:00:00,8.66,-0.01,0,0,卖盘
1,15:00:00,8.67,--,151,130917,卖盘
2,14:59:57,8.67,--,314,273096,买盘
3,14:59:52,8.67,--,872,756032,买盘
4,14:59:47,8.67,0.01,228,197676,买盘
5,14:59:42,8.66,-0.01,90,77940,卖盘
6,14:59:37,8.67,0.01,182,157794,买盘
7,14:59:32,8.66,--,57,49362,卖盘
8,14:59:27,8.66,--,177,153282,卖盘
9,14:59:22,8.66,--,62,53692,卖盘
10,14:59:17,8.66,--,884,766401,买盘
11,14:59:12,8.66,--,129,111714,买盘
12,14:59:07,8.66,0.01,40,34640,买盘
13,14:59:02,8.65,--,134,115910,卖盘
14,14:58:57,8.65,-0.01,200,173000,卖盘
15,14:58:52,8.66,--,50,43300,买盘
16,14:58:47,8.66,--,22,19052,买盘
17,14:58:42,8.66,--,119,103054,买盘
18,14:58:37,8.66,--,53,45898,卖盘
19,14:58:32,8.66,--,172,148952,买盘
20,14:58:27,8.66,0.01,647,560302,买盘
21,14:58:22,8.65,-0.01,13,11245,卖盘
22,14:58:17,8.66,0.01,38,32908,买盘
23,14:58:11,8.65,--,171,147915,卖盘
24,14:58:07,8.65,-0.01,2,1730,卖盘
25,14:58:01,8.66,0.01,78,67548,买盘
26,14:57:57,8.65,--,235,203275,卖盘
27,14:57:52,8.65,--,283,244795,卖盘
28,14:57:47,8.65,--,152,131480,卖盘
29,14:57:41,8.65,0.01,280,242200,买盘
30,14:57:37,8.64,--,20,17280,卖盘
31,14:57:32,8.64,--,138,119232,卖盘
32,14:57:26,8.64,--,418,361152,卖盘
33,14:57:22,8.64,--,23,19872,卖盘
34,14:57:17,8.64,0.01,161,139104,买盘
35,14:57:11,8.63,--,31,26753,卖盘
36,14:57:07,8.63,--,492,424596,卖盘
37,14:57:01,8.63,-0.01,218,188988,卖盘
38,14:56:56,8.64,--,342,295488,买盘
39,14:56:51,8.64,--,70,60480,买盘
40,14:56:46,8.64,--,20,17288,买盘
41,14:56:41,8.64,--,12,10368,买盘
42,14:56:36,8.64,--,29,25056,买盘
43,14:56:31,8.64,--,39,33696,买盘
44,14:56:16,8.64,--,178,153792,买盘
45,14:56:11,8.64,--,77,66528,买盘
46,14:56:06,8.64,--,10,8640,买盘
47,14:56:01,8.64,0.01,118,101952,买盘
48,14:55:56,8.63,-0.01,207,178641,卖盘
49,14:55:51,8.64,0.01,7,6048,买盘
50,14:55:46,8.63,--,7,6041,卖盘
51,14:55:41,8.63,--,153,132039,卖盘
52,14:55:36,8.63,-0.01,126,108738,卖盘
53,14:55:31,8.64,0.01,62,53568,买盘
54,14:55:26,8.63,--,29,25027,卖盘
55,14:55:16,8.63,--,88,75944,卖盘
56,14:55:11,8.63,--,48,41424,卖盘
57,14:55:06,8.63,--,15,12945,卖盘
58,14:55:01,8.63,--,173,149299,卖盘
59,14:54:56,8.63,--,231,199353,卖盘
60,14:54:51,8.63,--,80,69040,卖盘
61,14:54:46,8.63,--,12,10356,卖盘
62,14:54:41,8.63,0.01,588,507444,买盘
63,14:54:36,8.62,--,2,1723,卖盘
64,14:54:31,8.62,--,31,26721,卖盘
65,14:54:21,8.62,--,120,103439,买盘
66,14:54:16,8.62,--,97,83613,买盘
67,14:54:11,8.62,--,110,94819,买盘
68,14:54:06,8.62,--,84,72408,卖盘
69,14:53:56,8.62,-0.01,15,12929,卖盘
70,14:53:51,8.63,0.01,4,3452,买盘
71,14:53:46,8.62,--,83,71546,卖盘
72,14:53:40,8.62,--,50,43099,卖盘
73,14:53:36,8.62,-0.01,3,2585,卖盘
74,14:53:31,8.63,--,61,52643,买盘
75,14:53:26,8.63,0.01,14,12082,买盘
76,14:53:16,8.62,--,8,6895,卖盘
77,14:53:11,8.62,--,10,8620,卖盘
78,14:53:06,8.62,--,161,138782,卖盘
79,14:53:01,8.62,-0.01,20,17240,卖盘
80,14:52:56,8.63,0.01,17,14671,买盘
81,14:52:51,8.62,-0.01,63,54305,买盘
82,14:52:46,8.63,0.01,322,277886,买盘
83,14:52:41,8.62,--,19,16377,卖盘
84,14:52:36,8.62,--,10,8620,卖盘
85,14:52:31,8.62,--,52,44823,卖盘
86,14:52:26,8.62,--,36,31031,卖盘
87,14:52:21,8.62,-0.01,101,87061,卖盘
88,14:52:16,8.63,0.01,56,48328,买盘
89,14:52:11,8.62,-0.01,29,25006,卖盘
90,14:52:06,8.63,0.01,97,83711,买盘
91,14:52:00,8.62,--,3,2585,卖盘
92,14:51:56,8.62,-0.01,5,4310,卖盘
93,14:51:51,8.63,0.01,8,6904,买盘
94,14:51:41,8.62,--,112,96543,卖盘
95,14:51:36,8.62,-0.01,35,30169,卖盘
96,14:51:30,8.63,--,100,86300,买盘
97,14:51:26,8.63,--,33,28479,买盘
98,14:51:21,8.63,--,32,27616,买盘
99,14:51:15,8.63,0.01,50,43150,买盘
100,14:51:11,8.62,--,2,1723,买盘
101,14:51:06,8.62,--,187,161193,卖盘
102,14:51:00,8.62,0.01,85,73270,买盘
103,14:50:56,8.61,-0.01,111,95571,卖盘
104,14:50:50,8.62,--,81,69822,买盘
105,14:50:45,8.62,--,89,76718,买盘
106,14:50:40,8.62,--,66,56891,买盘
107,14:50:35,8.62,--,5,4310,买盘
108,14:50:30,8.62,0.01,50,43099,买盘
109,14:50:25,8.61,--,6,5166,卖盘
110,14:50:20,8.61,--,683,588063,买盘
111,14:50:10,8.61,--,3,2583,买盘
112,14:50:05,8.61,-0.01,203,174783,卖盘
113,14:50:00,8.62,0.01,83,71546,买盘
114,14:49:50,8.61,--,9,7748,卖盘
115,14:49:45,8.61,--,87,74907,卖盘
116,14:49:40,8.61,--,12,10332,卖盘
117,14:49:35,8.61,--,4,3444,卖盘
118,14:49:30,8.61,--,16,13776,卖盘
119,14:49:25,8.61,--,50,43050,卖盘
120,14:49:20,8.61,--,13,11193,买盘
121,14:49:10,8.61,--,23,19803,卖盘
122,14:49:05,8.61,--,200,172200,卖盘
123,14:48:55,8.61,--,18,15497,卖盘
124,14:48:45,8.61,--,13,11193,买盘
125,14:48:40,8.61,--,92,79212,买盘
126,14:48:30,8.61,--,36,30995,买盘
127,14:48:10,8.61,--,88,75768,卖盘
128,14:48:05,8.61,--,50,43050,卖盘
129,14:48:00,8.61,0.01,1,861,买盘
130,14:47:55,8.6,-0.01,324,278640,卖盘
131,14:47:50,8.61,0.01,7,6027,中性盘
132,14:47:45,8.6,-0.01,239,205540,卖盘
133,14:47:35,8.61,--,100,86100,卖盘
134,14:47:25,8.61,--,201,173061,买盘
135,14:47:20,8.61,0.01,16,13776,买盘
136,14:47:15,8.6,-0.01,100,86000,卖盘
137,14:47:10,8.61,--,21,18081,买盘
138,14:47:00,8.61,--,8,6888,买盘
139,14:46:55,8.61,0.01,5,4305,买盘
140,14:46:45,8.6,--,9,7740,卖盘
141,14:46:40,8.6,-0.01,51,43860,卖盘
142,14:46:35,8.61,--,3,2583,买盘
143,14:46:20,8.61,--,24,20664,买盘
144,14:46:10,8.61,--,40,34440,买盘
145,14:46:05,8.61,--,27,23247,买盘
146,14:45:55,8.61,0.01,6,5166,买盘
147,14:45:45,8.6,--,157,135020,卖盘
148,14:45:40,8.6,--,51,43860,卖盘
149,14:45:35,8.6,--,4,3440,卖盘
150,14:45:30,8.6,--,89,76540,卖盘
151,14:45:25,8.6,--,4,3440,卖盘
152,14:45:20,8.6,--,7,6020,卖盘
153,14:45:15,8.6,-0.01,188,161680,卖盘
154,14:45:09,8.61,0.01,45,38745,买盘
155,14:45:05,8.6,-0.01,153,131580,卖盘
156,14:45:00,8.61,--,11,9471,买盘
157,14:44:54,8.61,0.01,40,34440,买盘
158,14:44:50,8.6,-0.01,255,219300,卖盘
159,14:44:45,8.61,--,104,89544,买盘
160,14:44:39,8.61,0.01,8,6888,买盘
161,14:44:35,8.6,-0.01,196,168560,卖盘
162,14:44:30,8.61,0.01,91,78351,买盘
163,14:44:24,8.6,--,6,5160,卖盘
164,14:44:19,8.6,-0.01,8,6880,卖盘
165,14:44:14,8.61,0.01,2,1722,买盘
166,14:44:09,8.6,--,6,5160,卖盘
167,14:44:04,8.6,--,10,8600,卖盘
168,14:43:59,8.6,--,1,860,卖盘
169,14:43:49,8.6,--,47,40420,卖盘
170,14:43:44,8.6,-0.01,6,5160,卖盘
171,14:43:34,8.61,0.01,290,249689,买盘
172,14:43:24,8.6,-0.01,31,26660,卖盘
173,14:43:19,8.61,--,34,29273,买盘
174,14:43:14,8.61,0.01,2,1722,买盘
175,14:43:09,8.6,-0.01,14,12040,卖盘
176,14:42:59,8.61,--,26,22386,卖盘
177,14:42:49,8.61,--,96,82656,卖盘
178,14:42:44,8.61,--,10,8610,卖盘
179,14:42:39,8.61,--,56,48216,卖盘
180,14:42:34,8.61,--,34,29273,卖盘
181,14:42:24,8.61,--,61,52521,卖盘
182,14:42:19,8.61,--,78,67158,卖盘
183,14:42:14,8.61,-0.01,58,49938,卖盘
184,14:42:09,8.62,--,5,4310,买盘
185,14:41:59,8.62,--,100,86199,卖盘
186,14:41:54,8.62,--,51,43961,卖盘
187,14:41:49,8.62,--,66,56891,卖盘
188,14:41:44,8.62,--,6,5171,卖盘
189,14:41:39,8.62,--,55,47409,卖盘
190,14:41:34,8.62,--,10,8620,卖盘
191,14:41:29,8.62,--,10,8620,卖盘
192,14:41:04,8.62,--,45,38790,卖盘
193,14:40:59,8.62,-0.01,29,24997,卖盘
194,14:40:49,8.63,--,120,103560,买盘
195,14:40:44,8.63,0.01,1,863,买盘
196,14:40:39,8.62,-0.01,53,45685,卖盘
197,14:40:34,8.63,--,32,27616,卖盘
198,14:40:29,8.63,--,1,863,卖盘
199,14:40:24,8.63,--,22,18986,买盘
200,14:40:19,8.63,--,9,7767,卖盘
201,14:40:14,8.63,--,27,23301,卖盘
202,14:40:09,8.63,--,37,31931,卖盘
203,14:40:04,8.63,--,2,1726,卖盘
204,14:39:59,8.63,--,97,83711,买盘
205,14:39:49,8.63,-0.01,8,6904,卖盘
206,14:39:44,8.64,0.02,100,86400,买盘
207,14:39:39,8.62,-0.01,47,40513,卖盘
208,14:39:29,8.63,0.01,39,33657,买盘
209,14:39:24,8.62,-0.01,35,30169,卖盘
210,14:39:19,8.63,0.01,43,37109,买盘
211,14:39:14,8.62,-0.02,157,135334,卖盘
212,14:39:04,8.64,0.01,10,8640,买盘
213,14:38:59,8.63,-0.01,49,42287,卖盘
214,14:38:54,8.64,--,0,0,买盘
215,14:38:49,8.64,--,63,54432,买盘
216,14:38:33,8.64,0.02,5,4320,买盘
217,14:38:29,8.62,-0.02,164,141368,卖盘
218,14:38:24,8.64,0.02,32,27648,买盘
219,14:38:18,8.62,--,60,51719,卖盘
220,14:38:14,8.62,--,46,39652,卖盘
221,14:38:03,8.62,--,10,8620,卖盘
222,14:37:59,8.62,--,252,217223,卖盘
223,14:37:54,8.62,--,100,86199,卖盘
224,14:37:39,8.62,--,2,1723,卖盘
225,14:37:33,8.62,-0.01,18,15515,卖盘
226,14:37:29,8.63,0.01,20,17260,买盘
227,14:37:18,8.62,--,7,6033,卖盘
228,14:37:13,8.62,--,16,13791,卖盘
229,14:37:09,8.62,--,26,22411,卖盘
230,14:36:58,8.62,--,3,2585,卖盘
231,14:36:53,8.62,-0.01,33,28445,卖盘
232,14:36:48,8.63,-0.01,24,20712,卖盘
233,14:36:43,8.64,0.01,78,67392,买盘
234,14:36:38,8.63,--,24,20712,卖盘
235,14:36:33,8.63,0.01,59,50917,买盘
236,14:36:28,8.62,-0.01,2,1723,卖盘
237,14:36:23,8.63,--,5,4315,买盘
238,14:36:18,8.63,--,8,6904,卖盘
239,14:36:13,8.63,--,15,12945,卖盘
240,14:36:08,8.63,0.01,3,2589,买盘
241,14:36:03,8.62,--,4,3447,卖盘
242,14:35:58,8.62,--,9,7757,卖盘
243,14:35:53,8.62,-0.02,129,111197,卖盘
244,14:35:48,8.64,0.01,35,30240,买盘
245,14:35:43,8.63,--,10,8630,卖盘
246,14:35:33,8.63,--,42,36246,卖盘
247,14:35:28,8.63,-0.01,50,43150,卖盘
248,14:35:08,8.64,--,18,15552,买盘
249,14:35:03,8.64,--,88,76032,卖盘
250,14:34:58,8.64,--,1,864,卖盘
251,14:34:53,8.64,--,16,13824,卖盘
252,14:34:48,8.64,--,100,86400,卖盘
253,14:34:43,8.64,-0.01,45,38880,卖盘
254,14:34:37,8.65,0.01,52,44980,买盘
255,14:34:33,8.64,-0.01,23,19872,卖盘
256,14:34:28,8.65,0.01,134,115910,买盘
257,14:34:23,8.64,--,5,4320,卖盘
258,14:34:13,8.64,-0.01,24,20736,卖盘
259,14:34:03,8.65,--,37,32005,卖盘
260,14:33:58,8.65,--,50,43250,卖盘
261,14:33:53,8.65,--,72,62280,卖盘
262,14:33:48,8.65,-0.01,4,3460,卖盘
263,14:33:43,8.66,--,2,1732,买盘
264,14:33:38,8.66,--,40,34640,买盘
265,14:33:33,8.66,0.01,6,5196,买盘
266,14:33:28,8.65,--,4,3460,卖盘
267,14:33:23,8.65,--,49,42385,卖盘
268,14:33:18,8.65,-0.01,5,4325,卖盘
269,14:33:13,8.66,--,119,103054,卖盘
270,14:33:08,8.66,--,32,27712,卖盘
271,14:33:03,8.66,--,21,18186,卖盘
272,14:32:58,8.66,--,134,116044,卖盘
273,14:32:53,8.66,--,59,51094,卖盘
274,14:32:48,8.66,--,17,14722,卖盘
275,14:32:43,8.66,--,109,94394,买盘
276,14:32:38,8.66,0.01,30,25980,买盘
277,14:32:33,8.65,-0.01,95,82175,卖盘
278,14:32:28,8.66,0.01,55,47630,买盘
279,14:32:23,8.65,--,9,7785,卖盘
280,14:32:13,8.65,-0.01,24,20760,卖盘
281,14:32:08,8.66,--,138,119508,买盘
282,14:32:03,8.66,--,15,12990,买盘
283,14:31:58,8.66,--,34,29444,买盘
284,14:31:53,8.66,0.01,6,5196,买盘
285,14:31:48,8.65,-0.01,20,17300,卖盘
286,14:31:43,8.66,--,30,25980,买盘
287,14:31:38,8.66,0.01,55,47630,买盘
288,14:31:33,8.65,--,132,114854,买盘
289,14:31:23,8.65,0.01,35,30275,买盘
290,14:31:18,8.64,--,4,3456,卖盘
291,14:31:12,8.64,--,1,864,卖盘
292,14:31:03,8.64,--,44,38016,买盘
293,14:30:57,8.64,--,4,3456,买盘
294,14:30:52,8.64,--,43,37152,买盘
295,14:30:47,8.64,--,5,4320,买盘
296,14:30:42,8.64,--,2,1728,买盘
297,14:30:38,8.64,-0.01,63,54432,中性盘
298,14:30:33,8.65,0.01,115,99475,买盘
299,14:30:27,8.64,--,85,73630,卖盘
300,14:30:22,8.64,--,62,53568,卖盘
301,14:30:17,8.64,-0.01,30,25920,卖盘
302,14:30:12,8.65,--,33,28545,买盘
303,14:30:07,8.65,--,30,25950,买盘
304,14:30:02,8.65,0.01,5,4325,买盘
305,14:29:57,8.64,--,1,864,卖盘
306,14:29:52,8.64,-0.01,136,118177,卖盘
307,14:29:47,8.65,--,111,96015,买盘
308,14:29:42,8.65,0.01,6,5190,买盘
309,14:29:37,8.64,--,2,1728,卖盘
310,14:29:32,8.64,--,3,2592,卖盘
311,14:29:27,8.64,--,11,9504,卖盘
312,14:29:22,8.64,-0.01,20,17280,卖盘
313,14:29:16,8.65,0.01,2,1730,买盘
314,14:29:12,8.64,--,18,15552,卖盘
315,14:29:02,8.64,-0.01,31,26784,卖盘
316,14:28:57,8.65,0.01,9,7785,买盘
317,14:28:52,8.64,--,14,12096,卖盘
318,14:28:46,8.64,--,79,68256,卖盘
319,14:28:42,8.64,0.01,10,8640,中性盘
320,14:28:37,8.63,--,33,28479,卖盘
321,14:28:32,8.63,--,116,100108,卖盘
322,14:28:27,8.63,--,31,26753,卖盘
323,14:28:22,8.63,--,7,6041,卖盘
324,14:28:12,8.63,--,230,198490,卖盘
325,14:28:07,8.63,-0.01,76,65588,卖盘
326,14:28:02,8.64,--,43,37152,买盘
327,14:27:57,8.64,--,5,4320,买盘
328,14:27:52,8.64,0.01,11,9504,买盘
329,14:27:46,8.63,-0.01,2,1726,卖盘
330,14:27:42,8.64,--,1,864,买盘
331,14:27:32,8.64,--,35,30240,卖盘
332,14:27:22,8.64,--,33,28512,卖盘
333,14:27:17,8.64,--,61,52704,卖盘
334,14:27:07,8.64,0.01,69,59616,买盘
335,14:27:02,8.63,--,120,103560,卖盘
336,14:26:52,8.63,-0.01,5,4315,卖盘
337,14:26:47,8.64,--,147,127008,买盘
338,14:26:37,8.64,--,28,24192,卖盘
339,14:26:32,8.64,-0.01,17,14688,卖盘
340,14:26:27,8.65,--,3,2595,买盘
341,14:26:22,8.65,--,69,59685,买盘
342,14:26:07,8.65,--,94,81310,卖盘
343,14:26:01,8.65,-0.01,16,13840,卖盘
344,14:25:57,8.66,0.01,50,43300,买盘
345,14:25:52,8.65,-0.01,185,160025,卖盘
346,14:25:47,8.66,--,16,13856,买盘
347,14:25:37,8.66,--,197,170602,买盘
348,14:25:31,8.66,--,33,28578,买盘
349,14:25:22,8.66,--,17,14722,买盘
350,14:25:17,8.66,--,60,51960,卖盘
351,14:25:12,8.66,--,16,13856,卖盘
352,14:25:07,8.66,--,225,194850,卖盘
353,14:25:02,8.66,-0.01,11,9526,卖盘
354,14:24:57,8.67,--,27,23409,买盘
355,14:24:52,8.67,0.01,62,53754,买盘
356,14:24:47,8.66,--,14,12124,卖盘
357,14:24:42,8.66,0.01,15,12990,中性盘
358,14:24:36,8.65,-0.01,250,216250,卖盘
359,14:24:31,8.66,-0.01,53,45898,买盘
360,14:24:21,8.67,0.01,300,260100,买盘
361,14:24:17,8.66,-0.01,62,53692,卖盘
362,14:24:11,8.67,--,30,26010,买盘
363,14:24:01,8.67,--,175,151725,卖盘
364,14:23:57,8.67,-0.01,214,185538,卖盘
365,14:23:51,8.68,--,127,110236,买盘
366,14:23:46,8.68,--,37,32116,买盘
367,14:23:41,8.68,--,11,9548,买盘
368,14:23:36,8.68,--,11,9548,买盘
369,14:23:31,8.68,-0.01,167,144956,卖盘
370,14:23:26,8.69,--,69,59961,买盘
371,14:23:21,8.69,0.01,13,11297,买盘
372,14:23:16,8.68,--,504,437472,卖盘
373,14:23:11,8.68,-0.01,11,9548,卖盘
374,14:23:06,8.69,--,160,139040,买盘
375,14:23:01,8.69,0.01,100,86900,买盘
376,14:22:56,8.68,--,8,6944,卖盘
377,14:22:51,8.68,-0.01,613,532084,卖盘
378,14:22:46,8.69,--,22,19118,买盘
379,14:22:41,8.69,--,168,145992,买盘
380,14:22:36,8.69,0.01,10,8690,买盘
381,14:22:31,8.68,--,59,51212,卖盘
382,14:22:26,8.68,0.01,447,387996,买盘
383,14:22:21,8.67,0.01,22,19074,中性盘
384,14:22:16,8.66,-0.01,207,179262,卖盘
385,14:22:11,8.67,0.01,170,147390,买盘
386,14:22:06,8.66,--,3,2598,卖盘
387,14:22:01,8.66,0.02,361,312626,买盘
388,14:21:56,8.64,-0.01,457,394848,卖盘
389,14:21:51,8.65,--,79,68335,买盘
390,14:21:46,8.65,--,610,527650,买盘
391,14:21:41,8.65,--,1019,881435,买盘
392,14:21:36,8.65,--,30,25950,买盘
393,14:21:31,8.65,--,246,212790,买盘
394,14:21:21,8.65,0.02,364,315465,买盘
395,14:21:16,8.63,-0.01,415,358145,中性盘
396,14:21:11,8.64,0.02,12,10368,买盘
397,14:21:06,8.62,-0.02,4,3447,买盘
398,14:21:01,8.64,0.03,4132,3570048,买盘
399,14:20:56,8.61,0.01,49,42189,买盘
400,14:20:51,8.6,--,100,86000,买盘
401,14:20:46,8.6,--,7,6020,买盘
402,14:20:40,8.6,--,29,24940,买盘
403,14:20:36,8.6,--,8,6880,买盘
404,14:20:31,8.6,0.01,86,73960,买盘
405,14:20:26,8.59,0.01,62,53258,买盘
406,14:20:21,8.58,--,85,72930,卖盘
407,14:20:16,8.58,--,52,44616,卖盘
408,14:20:10,8.58,-0.01,23,19734,卖盘
409,14:20:06,8.59,--,13,11167,买盘
410,14:20:01,8.59,--,17,14603,买盘
411,14:19:55,8.59,--,33,28347,买盘
412,14:19:51,8.59,--,5,4295,买盘
413,14:19:41,8.59,--,33,28347,卖盘
414,14:19:36,8.59,--,20,17180,卖盘
415,14:19:16,8.59,--,90,77310,卖盘
416,14:19:01,8.59,--,30,25770,卖盘
417,14:18:56,8.59,--,9,7731,卖盘
418,14:18:46,8.59,-0.01,34,29206,卖盘
419,14:18:41,8.6,--,55,47300,卖盘
420,14:18:36,8.6,--,50,43000,卖盘
421,14:18:31,8.6,-0.01,76,65360,卖盘
422,14:18:25,8.61,0.01,2,1722,买盘
423,14:18:20,8.6,--,20,17200,卖盘
424,14:18:15,8.6,-0.01,20,17200,卖盘
425,14:18:10,8.61,--,12,10332,买盘
426,14:17:55,8.61,--,77,66555,卖盘
427,14:17:51,8.61,--,71,61130,卖盘
428,14:17:45,8.61,--,52,44772,卖盘
429,14:17:40,8.61,--,67,58289,卖盘
430,14:17:35,8.61,-0.01,100,86100,卖盘
431,14:17:30,8.62,--,5,4310,买盘
432,14:17:26,8.62,0.01,69,59477,买盘
433,14:17:20,8.61,--,19,16358,卖盘
434,14:17:15,8.61,--,44,37884,卖盘
435,14:17:10,8.61,--,25,21525,卖盘
436,14:17:05,8.61,--,10,8610,卖盘
437,14:17:00,8.61,-0.01,3,2583,买盘
438,14:16:55,8.62,0.01,50,43099,买盘
439,14:16:50,8.61,--,25,21525,卖盘
440,14:16:45,8.61,--,8,6888,卖盘
441,14:16:40,8.61,--,19,16358,买盘
442,14:16:35,8.61,--,5,4305,买盘
443,14:16:25,8.61,--,6,5166,买盘
444,14:16:20,8.61,-0.01,34,29273,卖盘
445,14:16:10,8.62,0.01,492,424103,买盘
446,14:16:05,8.61,0.01,23,19803,买盘
447,14:15:55,8.6,--,42,36120,卖盘
448,14:15:50,8.6,-0.01,36,30960,卖盘
449,14:15:40,8.61,--,28,24108,买盘
450,14:15:35,8.61,0.01,8,6888,买盘
451,14:15:30,8.6,-0.01,20,17200,卖盘
452,14:15:25,8.61,--,12,10332,买盘
453,14:15:20,8.61,--,223,192003,卖盘
454,14:15:15,8.61,0.01,78,67158,买盘
455,14:15:10,8.6,-0.01,38,32680,卖盘
456,14:15:05,8.61,0.01,103,88683,买盘
457,14:15:00,8.6,-0.01,4,3440,卖盘
458,14:14:55,8.61,--,55,47355,买盘
459,14:14:50,8.61,--,18,15497,买盘
460,14:14:45,8.61,--,30,25830,买盘
461,14:14:40,8.61,-0.01,143,123122,卖盘
462,14:14:35,8.62,0.01,101,87061,买盘
463,14:14:30,8.61,--,10,8610,卖盘
464,14:14:25,8.61,--,37,31856,卖盘
465,14:14:20,8.61,--,93,80073,卖盘
466,14:14:15,8.61,--,50,43050,卖盘
467,14:14:10,8.61,--,111,95571,卖盘
468,14:14:05,8.61,--,131,112790,买盘
469,14:13:49,8.61,-0.01,132,113651,买盘
470,14:13:40,8.62,--,696,599952,买盘
471,14:13:35,8.62,0.02,123,106025,买盘
472,14:13:25,8.6,-0.01,164,141040,卖盘
473,14:13:20,8.61,-0.01,198,170478,卖盘
474,14:13:15,8.62,--,76,65511,买盘
475,14:13:10,8.62,--,11,9482,买盘
476,14:13:04,8.62,--,149,128437,买盘
477,14:13:00,8.62,--,1,861,买盘
478,14:12:55,8.62,0.01,163,140506,买盘
479,14:12:49,8.61,--,30,25830,卖盘
480,14:12:45,8.61,--,6,5166,卖盘
481,14:12:40,8.61,--,115,99015,卖盘
482,14:12:35,8.61,--,100,86100,买盘
483,14:12:25,8.61,0.01,120,103320,买盘
484,14:12:19,8.6,-0.01,11,9460,卖盘
485,14:12:15,8.61,--,9,7748,买盘
486,14:12:10,8.61,-0.01,9,7748,中性盘
487,14:12:04,8.62,0.01,105,90509,买盘
488,14:12:00,8.61,-0.01,10,8610,卖盘
489,14:11:55,8.62,0.01,23,19826,买盘
490,14:11:49,8.61,--,199,171339,买盘
491,14:11:40,8.61,-0.01,138,118817,卖盘
492,14:11:34,8.62,--,39,33618,买盘
493,14:11:30,8.62,0.01,9,7757,买盘
494,14:11:25,8.61,--,11,9471,卖盘
495,14:11:19,8.61,--,81,69741,卖盘
496,14:11:15,8.61,--,34,29273,卖盘
497,14:11:09,8.61,--,13,11193,卖盘
498,14:11:04,8.61,-0.01,9,7748,卖盘
499,14:10:59,8.62,0.01,71,61201,买盘
500,14:10:54,8.61,--,72,61991,卖盘
501,14:10:49,8.61,--,40,34440,卖盘
502,14:10:45,8.61,--,284,244523,买盘
503,14:10:39,8.61,0.01,365,314265,买盘
504,14:10:35,8.6,-0.01,101,86860,卖盘
505,14:10:29,8.61,0.01,21,18081,买盘
506,14:10:24,8.6,--,1,860,卖盘
507,14:10:19,8.6,--,6,5160,卖盘
508,14:10:14,8.6,-0.01,601,516860,卖盘
509,14:10:09,8.61,0.01,39,33579,买盘
510,14:10:04,8.6,--,3,2580,卖盘
511,14:09:59,8.6,--,29,24940,卖盘
512,14:09:49,8.6,--,11,9460,卖盘
513,14:09:44,8.6,--,53,45580,卖盘
514,14:09:39,8.6,--,45,38700,买盘
515,14:09:29,8.6,-0.01,36,30960,中性盘
516,14:09:24,8.61,0.01,151,130010,买盘
517,14:09:19,8.6,--,545,468700,卖盘
518,14:09:09,8.6,--,260,223600,卖盘
519,14:09:04,8.6,--,331,284660,卖盘
520,14:08:59,8.6,-0.01,10,8600,卖盘
521,14:08:49,8.61,0.01,4,3444,买盘
522,14:08:44,8.6,--,101,86860,买盘
523,14:08:39,8.6,--,49,42140,买盘
524,14:08:29,8.6,--,74,63640,买盘
525,14:08:24,8.6,0.01,5,4300,买盘
526,14:08:14,8.59,-0.01,2,1718,卖盘
527,14:08:09,8.6,--,15,12900,买盘
528,14:08:04,8.6,0.01,106,91160,买盘
529,14:07:59,8.59,--,102,87618,卖盘
530,14:07:54,8.59,--,15,12885,卖盘
531,14:07:49,8.59,-0.01,120,103080,卖盘
532,14:07:44,8.6,0.01,500,430000,买盘
533,14:07:24,8.59,0.01,89,76451,买盘
534,14:07:04,8.58,--,0,0,卖盘
535,14:06:54,8.58,--,10,8580,卖盘
536,14:06:39,8.58,-0.02,7,6006,卖盘
537,14:06:34,8.6,0.02,111,95460,买盘
538,14:06:29,8.58,--,0,0,卖盘
539,14:06:24,8.58,--,37,31746,卖盘
540,14:06:19,8.58,--,17,14586,卖盘
541,14:05:59,8.58,--,0,0,卖盘
542,14:05:54,8.58,-0.02,903,774774,卖盘
543,14:05:48,8.6,--,17,14620,卖盘
544,14:05:44,8.6,--,30,25800,卖盘
545,14:05:34,8.6,--,7,6020,卖盘
546,14:05:29,8.6,--,11,9460,卖盘
547,14:05:24,8.6,0.01,186,159960,买盘
548,14:05:19,8.59,-0.01,34,29206,卖盘
549,14:05:13,8.6,0.01,49,42140,买盘
550,14:05:09,8.59,--,310,266290,卖盘
551,14:05:04,8.59,--,37,31783,卖盘
552,14:04:59,8.59,--,30,25770,卖盘
553,14:04:49,8.59,--,96,82464,卖盘
554,14:04:43,8.59,--,26,22334,卖盘
555,14:04:39,8.59,--,216,185544,卖盘
556,14:04:28,8.59,--,150,128850,卖盘
557,14:04:24,8.59,-0.01,20,17180,卖盘
558,14:04:19,8.6,0.01,28,24080,买盘
559,14:04:13,8.59,-0.01,136,116824,卖盘
560,14:04:09,8.6,0.01,10,8600,买盘
561,14:04:04,8.59,-0.01,20,17180,卖盘
562,14:03:58,8.6,--,12,10320,买盘
563,14:03:54,8.6,--,6,5160,买盘
564,14:03:49,8.6,0.01,1,860,买盘
565,14:03:43,8.59,-0.01,75,64425,卖盘
566,14:03:39,8.6,--,1,860,买盘
567,14:03:33,8.6,0.01,27,23220,买盘
568,14:03:28,8.59,-0.01,23,19757,卖盘
569,14:03:23,8.6,--,9,7740,买盘
570,14:03:13,8.6,--,212,182320,卖盘
571,14:03:08,8.6,--,150,129000,卖盘
572,14:02:58,8.6,-0.01,51,43860,卖盘
573,14:02:53,8.61,0.01,10,8610,买盘
574,14:02:48,8.6,--,75,64500,买盘
575,14:02:43,8.6,0.01,65,55900,买盘
576,14:02:38,8.59,-0.01,92,79028,卖盘
577,14:02:33,8.6,0.01,12,10320,买盘
578,14:02:28,8.59,-0.01,25,21475,卖盘
579,14:02:23,8.6,0.01,35,30100,买盘
580,14:02:13,8.59,-0.01,28,24052,卖盘
581,14:02:08,8.6,0.01,2,1720,买盘
582,14:01:58,8.59,--,60,51540,卖盘
583,14:01:53,8.59,-0.01,25,21475,卖盘
584,14:01:48,8.6,--,25,21500,买盘
585,14:01:43,8.6,--,200,172000,卖盘
586,14:01:38,8.6,--,572,491920,卖盘
587,14:01:33,8.6,--,118,101480,卖盘
588,14:01:28,8.6,-0.01,87,74820,卖盘
589,14:01:23,8.61,--,119,102459,买盘
590,14:01:13,8.61,--,258,222137,买盘
591,14:01:08,8.61,-0.01,763,656943,卖盘
592,14:01:02,8.62,--,42,36204,买盘
593,14:00:58,8.62,0.01,56,48271,买盘
594,14:00:53,8.61,--,73,62852,卖盘
595,14:00:48,8.61,-0.01,369,317709,卖盘
596,14:00:42,8.62,--,831,716321,买盘
597,14:00:38,8.62,0.01,61,52581,买盘
598,14:00:32,8.61,-0.01,201,173061,卖盘
599,14:00:28,8.62,--,79,68098,买盘
600,14:00:23,8.62,--,86,74132,买盘
601,14:00:13,8.62,--,32,27583,买盘
602,14:00:08,8.62,0.01,199,171537,买盘
603,13:59:58,8.61,--,45,38745,卖盘
604,13:59:53,8.61,--,201,173061,买盘
605,13:59:47,8.61,0.01,11,9471,买盘
606,13:59:43,8.6,--,578,497080,卖盘
607,13:59:38,8.6,-0.01,149,128140,卖盘
608,13:59:32,8.61,--,114,98154,买盘
609,13:59:28,8.61,--,105,90405,买盘
610,13:59:23,8.61,--,60,51660,买盘
611,13:59:17,8.61,0.01,5,4305,买盘
612,13:59:13,8.6,-0.01,121,104060,卖盘
613,13:59:08,8.61,0.01,55,47355,买盘
614,13:59:02,8.6,-0.01,8,6880,卖盘
615,13:58:58,8.61,0.01,100,86100,买盘
616,13:58:53,8.6,--,46,39560,卖盘
617,13:58:47,8.6,--,6,5160,买盘
618,13:58:43,8.6,--,124,106640,卖盘
619,13:58:37,8.6,-0.01,284,244240,卖盘
620,13:58:32,8.61,0.02,20,17220,买盘
621,13:58:28,8.59,-0.01,210,180390,卖盘
622,13:58:22,8.6,--,477,410220,买盘
623,13:58:17,8.6,0.01,4,3440,买盘
624,13:58:13,8.59,-0.01,20,17180,卖盘
625,13:58:07,8.6,0.01,72,61920,买盘
626,13:57:58,8.59,--,20,17180,卖盘
627,13:57:52,8.59,--,481,413179,买盘
628,13:57:47,8.59,--,14,12026,买盘
629,13:57:43,8.59,--,26,22334,买盘
630,13:57:37,8.59,--,7,6013,买盘
631,13:57:32,8.59,--,4,3436,买盘
632,13:57:27,8.59,--,12,10308,买盘
633,13:57:22,8.59,--,7,6013,买盘
634,13:57:17,8.59,--,524,450116,卖盘
635,13:57:11,8.59,-0.01,5,4295,卖盘
636,13:57:07,8.6,--,0,0,买盘
637,13:57:02,8.6,0.01,465,399900,买盘
638,13:56:56,8.59,--,7,6013,买盘
639,13:56:52,8.59,-0.01,46,39574,卖盘
640,13:56:47,8.6,0.01,24,20640,买盘
641,13:56:41,8.59,-0.01,75,64425,卖盘
642,13:56:37,8.6,--,167,143620,卖盘
643,13:56:32,8.6,--,181,155660,卖盘
644,13:56:26,8.6,-0.01,63,54180,卖盘
645,13:56:22,8.61,0.01,178,153258,买盘
646,13:56:17,8.6,--,212,182320,卖盘
647,13:56:11,8.6,--,80,68800,卖盘
648,13:56:06,8.6,--,52,44720,卖盘
649,13:56:02,8.6,-0.01,72,61920,卖盘
650,13:55:56,8.61,0.01,136,117095,买盘
651,13:55:51,8.6,-0.01,219,188340,卖盘
652,13:55:47,8.61,0.01,714,614754,买盘
653,13:55:41,8.6,--,59,50740,卖盘
654,13:55:37,8.6,0.01,81,69660,买盘
655,13:55:32,8.59,-0.02,60,51540,卖盘
656,13:55:26,8.61,0.01,390,335790,买盘
657,13:55:22,8.6,--,89,77339,买盘
658,13:55:17,8.6,--,47,40420,买盘
659,13:55:11,8.6,--,369,317340,买盘
660,13:55:07,8.6,--,262,225320,买盘
661,13:55:02,8.6,--,365,313900,买盘
662,13:54:56,8.6,--,370,318200,买盘
663,13:54:52,8.6,0.02,460,395600,买盘
664,13:54:47,8.58,--,127,108966,买盘
665,13:54:41,8.58,--,10,8580,买盘
666,13:54:37,8.58,--,78,66924,卖盘
667,13:54:32,8.58,-0.01,30,25740,买盘
668,13:54:17,8.59,--,0,0,买盘
669,13:54:06,8.59,0.02,1200,1030800,买盘
670,13:53:52,8.57,--,7,5999,买盘
671,13:53:47,8.57,--,5,4285,买盘
672,13:53:32,8.57,--,60,51420,买盘
673,13:53:26,8.57,--,5,4285,买盘
674,13:53:07,8.57,--,149,127693,买盘
675,13:53:02,8.57,--,45,38565,买盘
676,13:52:51,8.57,--,152,130264,卖盘
677,13:52:47,8.57,--,1,857,卖盘
678,13:52:32,8.57,0.01,75,64275,买盘
679,13:52:21,8.56,--,10,8560,卖盘
680,13:52:11,8.56,--,30,25680,卖盘
681,13:52:07,8.56,--,4,3424,卖盘
682,13:52:02,8.56,--,10,8560,卖盘
683,13:51:56,8.56,--,23,19688,卖盘
684,13:51:51,8.56,--,45,38520,卖盘
685,13:51:47,8.56,--,1,856,卖盘
686,13:51:26,8.56,--,2,1712,买盘
687,13:51:11,8.56,--,12,10272,卖盘
688,13:51:06,8.56,--,8,6848,卖盘
689,13:51:02,8.56,--,11,9416,卖盘
690,13:50:46,8.56,--,4,3852,卖盘
691,13:50:41,8.56,--,5,4280,卖盘
692,13:50:37,8.56,-0.01,3,2568,卖盘
693,13:50:31,8.57,0.01,10,8570,买盘
694,13:50:21,8.56,--,10,8560,卖盘
695,13:50:07,8.56,0.01,12,10272,买盘
696,13:50:01,8.55,-0.01,10,8550,卖盘
697,13:49:50,8.56,0.01,22,18832,买盘
698,13:49:11,8.55,-0.01,16,13680,买盘
699,13:49:00,8.56,--,0,0,买盘
700,13:48:56,8.56,0.02,69,59064,买盘
701,13:48:45,8.54,--,196,167383,卖盘
702,13:48:41,8.54,-0.01,53,45261,卖盘
703,13:48:35,8.55,--,20,17100,买盘
704,13:48:30,8.55,--,2,1710,卖盘
705,13:48:26,8.55,--,18,15390,买盘
706,13:48:11,8.55,--,0,0,中性盘
707,13:48:05,8.55,-0.01,1,855,卖盘
708,13:48:01,8.56,0.02,13,11128,买盘
709,13:47:56,8.54,-0.02,3,2561,卖盘
710,13:47:41,8.56,--,7,5992,买盘
711,13:47:31,8.56,--,6,5136,买盘
712,13:47:26,8.56,--,25,21400,中性盘
713,13:47:20,8.56,-0.01,14,11984,买盘
714,13:47:15,8.57,--,0,0,买盘
715,13:47:11,8.57,0.01,209,179113,买盘
716,13:47:00,8.56,--,20,17120,卖盘
717,13:46:56,8.56,-0.01,107,91592,卖盘
718,13:46:45,8.57,-0.01,2,1714,买盘
719,13:46:41,8.58,--,20,17160,买盘
720,13:46:35,8.58,0.01,64,54912,买盘
721,13:46:31,8.57,--,157,134549,卖盘
722,13:46:20,8.57,-0.01,2,1714,卖盘
723,13:46:16,8.58,--,6,5148,买盘
724,13:46:11,8.58,-0.01,10,8580,卖盘
725,13:46:05,8.59,0.01,149,127991,买盘
726,13:45:56,8.58,-0.01,409,351351,卖盘
727,13:45:50,8.59,0.01,104,89336,买盘
728,13:45:45,8.58,--,217,186186,卖盘
729,13:45:31,8.58,-0.01,178,152724,卖盘
730,13:45:26,8.59,0.01,136,117253,买盘
731,13:45:20,8.58,-0.01,5,4290,卖盘
732,13:45:15,8.59,--,157,134863,买盘
733,13:45:10,8.59,0.01,224,192416,买盘
734,13:45:05,8.58,--,64,54912,卖盘
735,13:45:01,8.58,--,259,222222,卖盘
736,13:44:56,8.58,0.01,23,19734,买盘
737,13:44:50,8.57,--,70,59990,卖盘
738,13:44:45,8.57,-0.01,4134,3542838,卖盘
739,13:44:41,8.58,0.01,48,41184,买盘
740,13:44:30,8.57,-0.01,125,107125,卖盘
741,13:44:26,8.58,0.01,48,41184,买盘
742,13:44:20,8.57,--,8,6856,买盘
743,13:44:15,8.57,--,91,77987,买盘
744,13:44:10,8.57,0.01,33,28281,买盘
745,13:44:05,8.56,-0.01,1,856,卖盘
746,13:44:00,8.57,--,122,104554,买盘
747,13:43:56,8.57,0.01,4,3428,买盘
748,13:43:50,8.56,--,7,5992,卖盘
749,13:43:45,8.56,--,229,196152,买盘
750,13:43:41,8.56,0.01,60,51360,买盘
751,13:43:30,8.55,-0.01,1,855,中性盘
752,13:43:25,8.56,0.01,249,213144,买盘
753,13:43:16,8.55,--,27,23085,买盘
754,13:43:10,8.55,--,0,0,买盘
755,13:43:05,8.55,0.02,800,684000,买盘
756,13:42:40,8.53,--,10,8530,卖盘
757,13:42:30,8.53,--,40,34120,卖盘
758,13:42:25,8.53,--,69,58856,买盘
759,13:42:20,8.53,0.01,49,41797,买盘
760,13:42:14,8.52,-0.01,19,16188,卖盘
761,13:41:55,8.53,0.01,36,30707,买盘
762,13:41:50,8.52,-0.01,30,25560,中性盘
763,13:41:29,8.53,0.02,10,8530,买盘
764,13:40:59,8.51,-0.01,36,30636,卖盘
765,13:40:39,8.52,-0.01,220,187440,卖盘
766,13:40:20,8.53,-0.01,13,11089,卖盘
767,13:40:14,8.54,--,1,853,买盘
768,13:40:09,8.54,0.01,144,122975,买盘
769,13:40:05,8.53,--,50,42650,卖盘
770,13:39:54,8.53,--,7,5971,卖盘
771,13:39:50,8.53,--,102,87006,卖盘
772,13:39:39,8.53,-0.01,1,852,卖盘
773,13:39:24,8.54,0.01,17,14517,买盘
774,13:39:14,8.53,-0.01,17,14500,卖盘
775,13:38:54,8.54,0.01,50,42699,买盘
776,13:38:50,8.53,-0.01,37,31560,卖盘
777,13:38:39,8.54,--,20,17080,买盘
778,13:38:20,8.54,--,10,8540,买盘
779,13:38:09,8.54,--,37,31597,买盘
780,13:38:04,8.54,--,62,52947,买盘
781,13:37:50,8.54,0.01,129,110165,买盘
782,13:37:34,8.53,-0.01,5,4265,卖盘
783,13:37:24,8.54,0.01,56,47823,买盘
784,13:37:20,8.53,--,40,34120,卖盘
785,13:37:14,8.53,--,21,17913,卖盘
786,13:36:54,8.53,0.01,20,17060,中性盘
787,13:36:49,8.52,--,25,21300,卖盘
788,13:36:44,8.52,--,11,9372,卖盘
789,13:36:39,8.52,--,63,53676,卖盘
790,13:36:34,8.52,-0.02,50,42600,卖盘
791,13:36:29,8.54,0.01,16,13663,买盘
792,13:36:24,8.53,--,20,17785,卖盘
793,13:36:19,8.53,--,40,34120,卖盘
794,13:36:14,8.53,--,50,42650,卖盘
795,13:36:09,8.53,--,20,17060,卖盘
796,13:35:54,8.53,--,62,53013,买盘
797,13:35:49,8.53,--,5,4265,买盘
798,13:35:39,8.53,--,3,2559,买盘
799,13:35:34,8.53,--,7,5971,买盘
800,13:35:29,8.53,--,20,17785,卖盘
801,13:35:19,8.53,--,100,85300,卖盘
802,13:35:04,8.53,--,85,72632,买盘
803,13:34:59,8.53,--,1,852,买盘
804,13:34:49,8.53,0.01,455,388115,买盘
805,13:34:44,8.52,-0.01,37,31524,卖盘
806,13:34:29,8.53,--,140,119419,买盘
807,13:34:23,8.53,--,9,7676,买盘
808,13:34:19,8.53,--,20,17060,买盘
809,13:34:08,8.53,--,5,4265,买盘
810,13:34:04,8.53,--,7,5971,买盘
811,13:33:48,8.53,--,1,852,买盘
812,13:33:38,8.53,--,92,79192,卖盘
813,13:33:29,8.53,--,20,17060,卖盘
814,13:33:23,8.53,--,287,244947,买盘
815,13:32:29,8.53,--,12,10236,买盘
816,13:32:14,8.53,0.02,100,85300,买盘
817,13:31:48,8.51,--,20,17020,卖盘
818,13:31:28,8.51,-0.01,144,122544,卖盘
819,13:31:03,8.52,--,22,18744,买盘
820,13:30:58,8.52,0.01,5,4260,买盘
821,13:30:33,8.51,--,17,14467,卖盘
822,13:30:23,8.51,--,15,12765,卖盘
823,13:29:58,8.51,-0.01,38,32338,卖盘
824,13:29:28,8.52,--,10,8520,买盘
825,13:29:13,8.52,0.01,24,20448,买盘
826,13:29:03,8.51,--,1,851,买盘
827,13:28:58,8.51,--,3,2553,卖盘
828,13:28:33,8.51,--,7,5957,买盘
829,13:28:28,8.51,--,70,59570,买盘
830,13:28:08,8.51,--,5,4255,买盘
831,13:28:03,8.51,-0.01,126,107226,卖盘
832,13:27:58,8.52,--,4,3408,买盘
833,13:27:33,8.52,0.01,10,8520,中性盘
834,13:27:23,8.51,--,10,8510,卖盘
835,13:27:08,8.51,--,0,0,卖盘
836,13:26:58,8.51,--,115,97865,卖盘
837,13:26:32,8.51,-0.01,5,4255,卖盘
838,13:26:17,8.52,--,1,852,买盘
839,13:26:08,8.52,--,6,5112,买盘
840,13:26:02,8.52,-0.01,59,50268,卖盘
841,13:25:27,8.53,--,5,4265,买盘
842,13:25:08,8.53,0.01,20,17060,买盘
843,13:24:38,8.52,0.01,16,13632,买盘
844,13:24:12,8.51,--,33,28083,卖盘
845,13:22:57,8.51,--,0,0,卖盘
846,13:22:53,8.51,--,51,43401,卖盘
847,13:22:37,8.51,--,0,0,卖盘
848,13:22:32,8.51,-0.01,146,124246,卖盘
849,13:22:17,8.52,--,177,150804,买盘
850,13:22:12,8.52,--,22,18744,买盘
851,13:21:52,8.52,--,50,42600,买盘
852,13:21:42,8.52,0.01,2,1704,买盘
853,13:21:37,8.51,--,1,851,卖盘
854,13:21:07,8.51,-0.01,20,17020,卖盘
855,13:20:42,8.52,--,80,68160,卖盘
856,13:20:27,8.52,0.01,256,218112,买盘
857,13:20:22,8.51,-0.01,77,65527,卖盘
858,13:20:07,8.52,0.01,12,10224,买盘
859,13:19:57,8.51,--,2,1702,卖盘
860,13:19:37,8.51,-0.01,15,12765,卖盘
861,13:19:32,8.52,0.01,10,8520,买盘
862,13:19:07,8.51,-0.01,8,6808,卖盘
863,13:19:02,8.52,0.01,2,1704,买盘
864,13:18:52,8.51,--,50,42550,卖盘
865,13:18:47,8.51,--,2,1702,卖盘
866,13:18:17,8.51,--,4,3404,买盘
867,13:18:11,8.51,--,601,511451,买盘
868,13:17:16,8.51,--,3,2553,买盘
869,13:17:11,8.51,0.01,1,851,买盘
870,13:16:56,8.5,-0.01,13,11050,卖盘
871,13:16:46,8.51,--,22,18722,买盘
872,13:16:32,8.51,--,6,5106,买盘
873,13:16:26,8.51,--,23,19573,买盘
874,13:15:36,8.51,--,2,1702,买盘
875,13:15:32,8.51,--,1,851,买盘
876,13:15:01,8.51,--,100,85100,买盘
877,13:14:47,8.51,--,2,1702,买盘
878,13:14:21,8.51,--,36,30636,卖盘
879,13:14:16,8.51,--,10,8510,卖盘
880,13:14:06,8.51,-0.01,4,3404,卖盘
881,13:14:01,8.52,--,1,852,买盘
882,13:13:51,8.52,--,2,1704,买盘
883,13:13:36,8.52,--,20,17040,买盘
884,13:13:11,8.52,-0.01,3,2556,买盘
885,13:13:01,8.53,--,0,0,买盘
886,13:12:46,8.53,--,215,184111,买盘
887,13:12:41,8.53,--,30,25589,买盘
888,13:12:01,8.53,--,5,4265,买盘
889,13:11:55,8.53,--,1,852,买盘
890,13:11:46,8.53,--,1,852,买盘
891,13:11:41,8.53,0.01,30,25589,买盘
892,13:11:31,8.52,--,9,7668,卖盘
893,13:11:16,8.52,0.01,157,133900,买盘
894,13:11:10,8.51,0.03,38,32338,买盘
895,13:10:50,8.48,-0.03,155,131440,卖盘
896,13:10:46,8.51,0.01,9,7659,买盘
897,13:10:41,8.5,-0.01,3,2550,买盘
898,13:10:35,8.51,--,0,0,买盘
899,13:10:31,8.51,0.01,102,86802,买盘
900,13:10:20,8.5,0.01,280,238000,买盘
901,13:10:16,8.49,--,52,44148,卖盘
902,13:10:01,8.49,--,8,6792,卖盘
903,13:09:40,8.49,0.01,1,849,买盘
904,13:09:31,8.48,-0.01,1,848,卖盘
905,13:09:26,8.49,--,4,3396,买盘
906,13:09:05,8.49,-0.01,10,8490,中性盘
907,13:09:00,8.5,0.01,5,4250,买盘
908,13:08:56,8.49,--,23,19527,卖盘
909,13:08:40,8.49,--,7,5943,卖盘
910,13:08:15,8.49,--,80,67920,买盘
911,13:07:55,8.49,--,44,37356,买盘
912,13:07:30,8.49,--,36,30564,买盘
913,13:07:10,8.49,--,10,8490,买盘
914,13:07:00,8.49,--,13,11037,卖盘
915,13:05:40,8.49,--,1,849,买盘
916,13:05:20,8.49,0.01,13,11037,买盘
917,13:05:15,8.48,--,10,8480,卖盘
918,13:04:40,8.48,-0.01,14,11872,卖盘
919,13:04:29,8.49,0.01,10,8490,买盘
920,13:04:14,8.48,--,62,52576,卖盘
921,13:04:10,8.48,-0.01,10,8480,卖盘
922,13:03:40,8.49,--,8,6792,买盘
923,13:02:59,8.49,--,7,5943,买盘
924,13:02:49,8.49,--,46,39054,买盘
925,13:02:40,8.49,--,29,24621,卖盘
926,13:02:34,8.49,--,3,2547,卖盘
927,13:02:25,8.49,--,81,68769,卖盘
928,13:02:19,8.49,--,94,79806,卖盘
929,13:02:04,8.49,--,2,1698,卖盘
930,13:01:29,8.49,--,27,22923,买盘
931,13:01:24,8.49,--,78,66222,卖盘
932,13:00:29,8.49,0.01,23,19527,买盘
933,13:00:14,8.48,-0.01,74,62752,卖盘
934,13:00:09,8.49,--,57,48393,卖盘
935,13:00:04,8.49,--,86,73014,买盘
936,11:30:00,8.49,--,0,0,买盘
937,11:29:59,8.49,--,0,0,买盘
938,11:29:51,8.49,-0.01,25,21225,卖盘
939,11:29:35,8.5,0.01,1,850,买盘
940,11:29:31,8.49,-0.01,3,2547,卖盘
941,11:29:21,8.5,0.01,26,22100,买盘
942,11:29:16,8.49,--,63,53487,卖盘
943,11:29:11,8.49,--,72,61128,卖盘
944,11:28:51,8.49,-0.01,10,8490,卖盘
945,11:28:46,8.5,--,5,4250,买盘
946,11:28:31,8.5,0.01,10,8500,买盘
947,11:28:26,8.49,--,18,15282,卖盘
948,11:28:05,8.49,--,0,0,卖盘
949,11:28:01,8.49,-0.01,340,288660,卖盘
950,11:27:51,8.5,--,9,7650,买盘
951,11:27:41,8.5,--,14,11900,买盘
952,11:27:30,8.5,--,195,165750,卖盘
953,11:27:15,8.5,-0.01,4,3400,卖盘
954,11:26:55,8.51,0.01,9,7659,买盘
955,11:26:40,8.5,0.01,10,8500,卖盘
956,11:26:36,8.49,--,0,0,卖盘
957,11:26:30,8.49,--,0,0,卖盘
958,11:26:15,8.49,-0.02,54,45846,卖盘
959,11:26:10,8.51,0.02,1,851,卖盘
960,11:26:05,8.49,--,0,0,卖盘
961,11:25:51,8.49,--,15,12735,卖盘
962,11:25:44,8.49,-0.01,10,8490,卖盘
963,11:25:40,8.5,--,10,8500,买盘
964,11:25:25,8.5,0.01,3,2550,买盘
965,11:25:20,8.49,-0.01,4,3396,卖盘
966,11:25:05,8.5,--,5,4250,买盘
967,11:25:00,8.5,-0.01,182,154700,卖盘
968,11:24:55,8.51,--,49,41699,买盘
969,11:24:50,8.51,0.01,1,851,买盘
970,11:24:45,8.5,--,201,170850,卖盘
971,11:24:40,8.5,--,1,850,卖盘
972,11:24:30,8.5,-0.02,11,9350,卖盘
973,11:24:00,8.52,0.02,12,10224,买盘
974,11:23:40,8.5,-0.01,10,8500,卖盘
975,11:23:25,8.51,--,19,16169,卖盘
976,11:23:20,8.51,-0.01,6,5106,卖盘
977,11:23:14,8.52,0.01,5,4260,买盘
978,11:23:05,8.51,-0.01,3,2553,卖盘
979,11:22:55,8.52,0.01,30,25560,买盘
980,11:22:25,8.51,--,1,851,卖盘
981,11:22:15,8.51,--,30,25530,卖盘
982,11:22:10,8.51,--,22,18722,卖盘
983,11:21:55,8.51,-0.01,42,35742,卖盘
984,11:21:50,8.52,0.01,5,4260,买盘
985,11:21:45,8.51,--,35,29785,卖盘
986,11:21:29,8.51,--,1,851,卖盘
987,11:21:14,8.51,0.01,44,37444,买盘
988,11:21:10,8.5,--,0,0,中性盘
989,11:20:55,8.5,0.01,27,22950,买盘
990,11:20:39,8.49,--,78,66222,买盘
991,11:20:24,8.49,--,30,25470,买盘
992,11:20:14,8.49,--,1,849,买盘
993,11:20:09,8.49,-0.01,1,849,中性盘
994,11:20:05,8.5,0.02,16,13600,买盘
995,11:20:00,8.48,-0.01,12,10176,卖盘
996,11:19:53,8.49,0.01,6,5094,买盘
997,11:19:49,8.48,--,0,0,卖盘
998,11:19:39,8.48,--,0,0,中性盘
999,11:19:30,8.48,--,1,848,买盘
1000,11:19:24,8.48,-0.02,199,168752,卖盘
1001,11:19:19,8.5,--,52,44200,买盘
1002,11:19:14,8.5,--,442,375700,卖盘
1003,11:19:00,8.5,--,10,8500,卖盘
1004,11:18:49,8.5,-0.01,26,22100,卖盘
1005,11:18:19,8.51,--,51,43401,卖盘
1006,11:18:14,8.51,--,59,50209,卖盘
1007,11:17:54,8.51,--,6,5106,卖盘
1008,11:17:38,8.51,--,29,24679,卖盘
1009,11:17:24,8.51,--,60,51060,卖盘
1010,11:17:19,8.51,-0.01,20,17020,卖盘
1011,11:17:04,8.52,--,24,20448,买盘
1012,11:16:59,8.52,-0.01,141,120132,卖盘
1013,11:16:54,8.53,0.01,40,34120,买盘
1014,11:16:39,8.52,-0.01,12,10224,卖盘
1015,11:16:14,8.53,--,23,19619,卖盘
1016,11:16:08,8.53,--,47,40091,卖盘
1017,11:15:59,8.53,--,88,75064,卖盘
1018,11:15:38,8.53,--,3,2559,卖盘
1019,11:15:23,8.53,--,7,5971,卖盘
1020,11:15:09,8.53,--,3,2559,卖盘
1021,11:14:49,8.53,--,9,7676,卖盘
1022,11:14:44,8.53,--,1,852,卖盘
1023,11:14:34,8.53,--,30,25589,卖盘
1024,11:14:29,8.53,--,8,6823,卖盘
1025,11:14:24,8.53,--,33,28148,买盘
1026,11:14:09,8.53,0.01,50,42650,买盘
1027,11:14:04,8.52,--,61,51972,卖盘
1028,11:13:49,8.52,0.01,16,13632,买盘
1029,11:13:39,8.51,-0.01,109,92759,卖盘
1030,11:13:34,8.52,0.01,45,38340,买盘
1031,11:13:08,8.51,-0.01,3,2553,卖盘
1032,11:12:54,8.52,--,57,48564,买盘
1033,11:12:47,8.52,--,32,27264,卖盘
1034,11:12:33,8.52,--,40,34080,卖盘
1035,11:12:23,8.52,-0.01,5,4260,卖盘
1036,11:12:17,8.53,0.01,85,72505,买盘
1037,11:11:53,8.52,-0.01,35,29820,卖盘
1038,11:11:47,8.53,0.01,205,174865,买盘
1039,11:11:39,8.52,--,5,4260,卖盘
1040,11:11:28,8.52,-0.01,5,4260,卖盘
1041,11:11:23,8.53,0.01,2,1705,买盘
1042,11:11:13,8.52,-0.01,330,281160,卖盘
1043,11:11:08,8.53,0.01,7,5971,买盘
1044,11:11:02,8.52,-0.01,11,9372,卖盘
1045,11:10:58,8.53,--,158,134774,买盘
1046,11:10:53,8.53,0.01,100,85300,买盘
1047,11:10:47,8.52,--,87,74124,卖盘
1048,11:10:38,8.52,-0.01,4,3408,卖盘
1049,11:10:32,8.53,--,90,76770,买盘
1050,11:10:28,8.53,0.01,4,3411,买盘
1051,11:10:23,8.52,-0.01,70,59640,卖盘
1052,11:10:13,8.53,0.01,30,25589,买盘
1053,11:10:08,8.52,--,44,37488,卖盘
1054,11:09:47,8.52,--,10,8520,卖盘
1055,11:09:43,8.52,--,83,70716,卖盘
1056,11:09:28,8.52,--,5,4260,卖盘
1057,11:09:23,8.52,--,12,10224,卖盘
1058,11:09:17,8.52,-0.01,200,170400,卖盘
1059,11:09:13,8.53,0.01,9,7676,买盘
1060,11:09:02,8.52,-0.01,6,5112,卖盘
1061,11:08:43,8.53,--,76,64827,卖盘
1062,11:08:28,8.53,--,28,23884,卖盘
1063,11:08:17,8.53,-0.01,18,15353,卖盘
1064,11:07:47,8.54,--,11,9393,卖盘
1065,11:07:43,8.54,--,44,37575,卖盘
1066,11:07:32,8.54,--,48,40991,卖盘
1067,11:07:17,8.54,0.01,158,134932,买盘
1068,11:07:13,8.53,--,20,17060,卖盘
1069,11:07:08,8.53,-0.01,20,17060,卖盘
1070,11:07:02,8.54,0.01,10,8540,买盘
1071,11:06:58,8.53,--,2,1705,卖盘
1072,11:06:53,8.53,--,1,852,卖盘
1073,11:06:43,8.53,--,10,8530,卖盘
1074,11:06:38,8.53,--,30,25589,卖盘
1075,11:06:32,8.53,0.01,70,59709,买盘
1076,11:06:26,8.52,-0.01,9,7668,卖盘
1077,11:06:23,8.53,--,10,8530,买盘
1078,11:06:02,8.53,--,21,17913,买盘
1079,11:05:56,8.53,0.01,20,17060,买盘
1080,11:05:47,8.52,--,14,11928,卖盘
1081,11:05:38,8.52,--,19,16188,买盘
1082,11:05:32,8.52,0.01,42,35784,买盘
1083,11:05:17,8.51,--,2,1702,卖盘
1084,11:05:11,8.51,--,0,0,中性盘
1085,11:05:02,8.51,0.01,116,98716,买盘
1086,11:04:47,8.5,-0.01,10,8500,卖盘
1087,11:04:41,8.51,--,35,29785,买盘
1088,11:04:32,8.51,0.01,49,41699,买盘
1089,11:04:26,8.5,--,26,22831,买盘
1090,11:04:22,8.5,0.01,7,5950,买盘
1091,11:04:17,8.49,--,3,2547,卖盘
1092,11:04:11,8.49,--,22,18678,卖盘
1093,11:04:07,8.49,--,3,2547,买盘
1094,11:04:02,8.49,--,46,39054,买盘
1095,11:03:56,8.49,--,10,8490,买盘
1096,11:03:52,8.49,--,51,43299,买盘
1097,11:03:47,8.49,--,28,23772,买盘
1098,11:03:41,8.49,0.01,52,44148,买盘
1099,11:03:37,8.48,-0.01,25,21200,卖盘
1100,11:03:26,8.49,0.01,2,1698,买盘
1101,11:03:11,8.48,-0.01,20,16960,卖盘
1102,11:03:07,8.49,--,1,849,买盘
1103,11:02:52,8.49,0.01,1,849,买盘
1104,11:02:41,8.48,--,47,39856,卖盘
1105,11:02:37,8.48,--,63,53848,买盘
1106,11:02:32,8.48,--,10,8480,买盘
1107,11:02:26,8.48,--,26,22048,买盘
1108,11:02:22,8.48,0.01,91,77168,买盘
1109,11:02:11,8.47,--,32,27104,买盘
1110,11:02:07,8.47,--,46,38962,买盘
1111,11:01:56,8.47,--,58,49126,卖盘
1112,11:01:52,8.47,-0.01,2,1694,卖盘
1113,11:01:41,8.48,0.01,157,133136,买盘
1114,11:01:37,8.47,-0.01,101,85547,卖盘
1115,11:01:26,8.48,--,75,63600,买盘
1116,11:01:22,8.48,--,33,27984,卖盘
1117,11:01:11,8.48,-0.01,54,45792,卖盘
1118,11:01:07,8.49,0.01,35,29715,买盘
1119,11:01:02,8.48,--,10,8480,卖盘
1120,11:00:52,8.48,-0.01,11,9328,卖盘
1121,11:00:47,8.49,--,2,1698,买盘
1122,11:00:41,8.49,--,6,5094,买盘
1123,11:00:37,8.49,--,10,8490,买盘
1124,11:00:32,8.49,--,68,57732,卖盘
1125,11:00:26,8.49,--,94,79806,卖盘
1126,11:00:07,8.49,--,0,0,卖盘
1127,10:59:56,8.49,-0.02,26,22074,卖盘
1128,10:59:50,8.51,--,11,9361,卖盘
1129,10:59:35,8.51,--,2,1702,卖盘
1130,10:59:26,8.51,--,5,4255,卖盘
1131,10:59:20,8.51,--,35,29785,卖盘
1132,10:59:11,8.51,--,8,6808,卖盘
1133,10:59:05,8.51,0.01,65,55315,买盘
1134,10:59:01,8.5,--,18,15300,卖盘
1135,10:58:56,8.5,--,17,14450,卖盘
1136,10:58:46,8.5,--,61,51850,买盘
1137,10:58:35,8.5,--,20,17000,买盘
1138,10:58:31,8.5,--,10,8500,买盘
1139,10:58:20,8.5,0.01,6,5100,买盘
1140,10:58:05,8.49,0.01,47,39903,买盘
1141,10:58:01,8.48,0.01,33,27984,中性盘
1142,10:57:56,8.47,-0.01,130,110110,卖盘
1143,10:57:50,8.48,--,9,7632,卖盘
1144,10:57:46,8.48,0.01,1,848,买盘
1145,10:57:35,8.47,-0.01,5,4235,卖盘
1146,10:57:26,8.48,--,1,848,买盘
1147,10:57:20,8.48,-0.01,18,15264,中性盘
1148,10:57:11,8.49,--,2,1698,卖盘
1149,10:57:05,8.49,--,0,0,中性盘
1150,10:57:01,8.49,0.04,10,8490,中性盘
1151,10:56:56,8.45,-0.04,405,342225,卖盘
1152,10:56:50,8.49,--,36,31294,卖盘
1153,10:56:46,8.49,--,30,25470,卖盘
1154,10:56:35,8.49,-0.01,20,16980,卖盘
1155,10:56:31,8.5,-0.01,236,200600,卖盘
1156,10:56:16,8.51,-0.01,11,9361,卖盘
1157,10:56:11,8.52,--,33,28116,卖盘
1158,10:56:01,8.52,--,11,9372,卖盘
1159,10:55:50,8.52,--,2,1704,卖盘
1160,10:55:46,8.52,0.02,706,601512,买盘
1161,10:55:41,8.5,--,10,8500,买盘
1162,10:55:35,8.5,--,17,14450,买盘
1163,10:55:31,8.5,--,58,49300,买盘
1164,10:55:26,8.5,--,113,96050,买盘
1165,10:55:20,8.5,--,26,22100,买盘
1166,10:55:16,8.5,0.01,10,8500,买盘
1167,10:55:01,8.49,--,52,44411,买盘
1168,10:54:56,8.49,--,0,0,买盘
1169,10:54:50,8.49,0.02,23,19527,买盘
1170,10:54:46,8.47,--,626,530222,卖盘
1171,10:54:41,8.47,--,25,21175,买盘
1172,10:54:35,8.47,--,186,157542,买盘
1173,10:54:31,8.47,--,194,164318,买盘
1174,10:54:26,8.47,--,5,4235,买盘
1175,10:54:20,8.47,0.01,127,107569,买盘
1176,10:54:16,8.46,--,18,15228,买盘
1177,10:54:11,8.46,0.01,3,2538,买盘
1178,10:54:05,8.45,-0.01,40,33800,卖盘
1179,10:54:01,8.46,--,70,59220,中性盘
1180,10:53:50,8.46,-0.01,5,4230,卖盘
1181,10:53:46,8.47,--,3,2541,买盘
1182,10:53:35,8.47,--,254,215138,卖盘
1183,10:53:31,8.47,-0.01,30,25410,卖盘
1184,10:53:26,8.48,0.01,28,23744,买盘
1185,10:53:20,8.47,0.02,70,59290,中性盘
1186,10:53:16,8.45,-0.02,541,457144,卖盘
1187,10:53:11,8.47,--,36,30492,卖盘
1188,10:53:05,8.47,--,442,374374,买盘
1189,10:53:00,8.47,--,257,217679,买盘
1190,10:52:56,8.47,--,20,16940,买盘
1191,10:52:50,8.47,--,34,28798,买盘
1192,10:52:46,8.47,-0.01,124,105028,卖盘
1193,10:52:41,8.48,0.01,99,83952,买盘
1194,10:52:35,8.47,-0.01,5,4235,卖盘
1195,10:52:29,8.48,--,480,407040,卖盘
1196,10:52:25,8.48,--,25,21200,卖盘
1197,10:52:20,8.48,--,121,102608,卖盘
1198,10:52:14,8.48,-0.01,73,61904,卖盘
1199,10:52:10,8.49,0.01,2,1698,买盘
1200,10:52:05,8.48,-0.01,27,22896,卖盘
1201,10:51:59,8.49,--,115,98220,卖盘
1202,10:51:55,8.49,--,20,16980,卖盘
1203,10:51:50,8.49,--,544,461856,卖盘
1204,10:51:44,8.49,--,5,4245,卖盘
1205,10:51:35,8.49,-0.01,450,382050,卖盘
1206,10:51:29,8.5,--,1,850,卖盘
1207,10:51:25,8.5,--,41,34850,卖盘
1208,10:51:14,8.5,-0.02,332,282200,卖盘
1209,10:51:10,8.52,--,65,55380,卖盘
1210,10:51:05,8.52,--,0,0,卖盘
1211,10:50:59,8.52,--,119,101388,卖盘
1212,10:50:55,8.52,--,41,34932,卖盘
1213,10:50:50,8.52,-0.01,121,103092,卖盘
1214,10:50:44,8.53,0.01,25,21325,买盘
1215,10:50:40,8.52,--,0,0,卖盘
1216,10:50:35,8.52,-0.01,73,62272,卖盘
1217,10:50:29,8.53,--,29,24736,买盘
1218,10:50:20,8.53,--,14,11942,买盘
1219,10:50:10,8.53,--,6,5118,卖盘
1220,10:49:59,8.53,-0.01,5,4265,卖盘
1221,10:49:55,8.54,--,5,4270,买盘
1222,10:49:44,8.54,--,2,1707,买盘
1223,10:49:40,8.54,--,1801,1538053,买盘
1224,10:49:29,8.54,--,1,853,卖盘
1225,10:49:25,8.54,--,9,7685,买盘
1226,10:49:14,8.54,0.01,2,1707,中性盘
1227,10:49:10,8.53,-0.01,100,85300,卖盘
1228,10:49:05,8.54,--,2,1707,卖盘
1229,10:48:55,8.54,--,1,853,卖盘
1230,10:48:44,8.54,--,30,25619,卖盘
1231,10:48:40,8.54,--,30,25619,卖盘
1232,10:48:35,8.54,-0.01,8,6831,卖盘
1233,10:48:25,8.55,--,2,1710,买盘
1234,10:48:10,8.55,--,12,10260,买盘
1235,10:47:55,8.55,--,20,17100,买盘
1236,10:47:44,8.55,0.02,20,17100,买盘
1237,10:47:35,8.53,-0.02,400,341200,卖盘
1238,10:47:25,8.55,0.01,14,11970,买盘
1239,10:47:05,8.54,--,9,7685,卖盘
1240,10:46:44,8.54,--,63,53801,卖盘
1241,10:46:38,8.54,--,33,28181,卖盘
1242,10:46:35,8.54,--,16,13663,卖盘
1243,10:46:08,8.54,--,26,22203,卖盘
1244,10:45:59,8.54,--,3,2561,卖盘
1245,10:45:38,8.54,--,38,32451,卖盘
1246,10:45:23,8.54,--,5,4270,卖盘
1247,10:45:14,8.54,-0.01,410,350139,卖盘
1248,10:45:04,8.55,--,50,42750,买盘
1249,10:44:38,8.55,--,52,44460,卖盘
1250,10:44:34,8.55,--,68,58140,卖盘
1251,10:44:19,8.55,--,65,55575,卖盘
1252,10:44:14,8.55,--,30,25650,卖盘
1253,10:44:08,8.55,--,2,1710,卖盘
1254,10:43:59,8.55,--,29,24795,卖盘
1255,10:43:44,8.55,--,50,42750,卖盘
1256,10:43:38,8.55,--,5,4275,卖盘
1257,10:43:29,8.55,--,5,4275,卖盘
1258,10:43:23,8.55,-0.01,5,4275,卖盘
1259,10:43:14,8.56,--,2,1712,买盘
1260,10:43:08,8.56,--,1,856,买盘
1261,10:42:59,8.56,-0.01,31,26536,卖盘
1262,10:42:38,8.57,0.01,10,8570,买盘
1263,10:42:34,8.56,--,415,355240,卖盘
1264,10:42:29,8.56,-0.01,10,8560,卖盘
1265,10:42:23,8.57,0.01,277,237389,买盘
1266,10:42:19,8.56,--,3,2568,卖盘
1267,10:42:14,8.56,--,199,170344,卖盘
1268,10:42:08,8.56,--,51,43656,卖盘
1269,10:42:04,8.56,--,48,41088,卖盘
1270,10:41:49,8.56,--,16,13696,卖盘
1271,10:41:38,8.56,--,2,1712,卖盘
1272,10:41:34,8.56,--,10,8560,卖盘
1273,10:41:19,8.56,--,5,4280,卖盘
1274,10:41:04,8.56,--,6,5136,卖盘
1275,10:40:49,8.56,-0.01,10,8560,卖盘
1276,10:40:23,8.57,--,152,130264,买盘
1277,10:40:19,8.57,0.01,20,17140,买盘
1278,10:40:08,8.56,-0.01,1,856,卖盘
1279,10:40:03,8.57,0.01,410,351370,买盘
1280,10:39:53,8.56,-0.01,20,17120,卖盘
1281,10:39:47,8.57,0.01,60,51420,买盘
1282,10:39:38,8.56,-0.01,47,40232,卖盘
1283,10:39:32,8.57,--,17,14569,买盘
1284,10:39:23,8.57,0.01,5,4285,买盘
1285,10:39:17,8.56,-0.01,5,4280,卖盘
1286,10:39:02,8.57,--,21,17997,买盘
1287,10:38:53,8.57,0.01,105,89985,买盘
1288,10:38:47,8.56,-0.01,26,22256,卖盘
1289,10:38:38,8.57,0.01,50,42850,买盘
1290,10:38:23,8.56,-0.01,2,1712,卖盘
1291,10:38:08,8.57,0.01,102,87414,买盘
1292,10:38:02,8.56,--,7,5992,卖盘
1293,10:37:53,8.56,--,5,4280,卖盘
1294,10:37:43,8.56,-0.01,11,9416,卖盘
1295,10:37:38,8.57,--,3,2571,买盘
1296,10:37:32,8.57,--,31,26567,买盘
1297,10:37:23,8.57,--,1,857,买盘
1298,10:37:02,8.57,-0.01,132,113124,卖盘
1299,10:36:58,8.58,--,35,30030,买盘
1300,10:36:53,8.58,--,53,45474,买盘
1301,10:36:43,8.58,0.01,14,12012,买盘
1302,10:36:38,8.57,--,38,32566,卖盘
1303,10:36:13,8.57,-0.01,50,42850,卖盘
1304,10:36:07,8.58,--,1,858,买盘
1305,10:36:02,8.58,--,29,24882,买盘
1306,10:35:52,8.58,--,4,3432,买盘
1307,10:35:47,8.58,--,407,349206,买盘
1308,10:35:43,8.58,--,10,8580,买盘
1309,10:35:37,8.58,0.01,54,46332,买盘
1310,10:35:32,8.57,-0.01,3,2571,卖盘
1311,10:35:28,8.58,--,69,59202,买盘
1312,10:35:17,8.58,0.01,5,4290,买盘
1313,10:35:13,8.57,--,65,55705,卖盘
1314,10:35:07,8.57,-0.01,32,27424,卖盘
1315,10:35:02,8.58,0.01,22,18876,买盘
1316,10:34:58,8.57,--,185,158545,卖盘
1317,10:34:28,8.57,-0.01,3,2571,卖盘
1318,10:34:13,8.58,0.01,37,31746,买盘
1319,10:34:07,8.57,--,12,10284,卖盘
1320,10:34:02,8.57,0.01,98,83986,买盘
1321,10:33:58,8.56,-0.01,16,13696,卖盘
1322,10:33:47,8.57,--,12,10284,买盘
1323,10:33:43,8.57,0.01,20,17140,买盘
1324,10:33:32,8.56,0.01,207,177192,买盘
1325,10:33:28,8.55,--,9,7695,卖盘
1326,10:33:23,8.55,-0.01,20,17100,卖盘
1327,10:33:17,8.56,0.01,1,856,买盘
1328,10:33:13,8.55,--,21,17955,卖盘
1329,10:33:02,8.55,--,160,136800,买盘
1330,10:32:56,8.55,0.01,53,45315,买盘
1331,10:32:52,8.54,--,5,4270,卖盘
1332,10:32:47,8.54,--,2,1707,卖盘
1333,10:32:41,8.54,--,1,853,卖盘
1334,10:32:17,8.54,-0.01,2,1707,卖盘
1335,10:32:11,8.55,--,10,8550,买盘
1336,10:32:02,8.55,-0.01,8,6840,买盘
1337,10:31:52,8.56,--,102,87312,买盘
1338,10:31:47,8.56,0.01,181,154936,买盘
1339,10:31:41,8.55,--,28,23940,卖盘
1340,10:31:32,8.55,--,100,85500,卖盘
1341,10:31:26,8.55,--,157,134235,卖盘
1342,10:31:17,8.55,--,25,21375,卖盘
1343,10:31:11,8.55,-0.01,40,34200,卖盘
1344,10:30:37,8.56,-0.01,143,122408,卖盘
1345,10:30:26,8.57,--,9,7713,买盘
1346,10:30:22,8.57,--,1,857,买盘
1347,10:30:17,8.57,-0.01,18,15426,卖盘
1348,10:30:07,8.58,--,10,8580,买盘
1349,10:30:02,8.58,--,100,86048,卖盘
1350,10:29:56,8.58,--,209,179322,卖盘
1351,10:29:52,8.58,--,87,74646,卖盘
1352,10:29:47,8.58,--,106,90948,卖盘
1353,10:29:41,8.58,--,12,10296,卖盘
1354,10:29:37,8.58,--,37,31746,卖盘
1355,10:29:32,8.58,0.01,388,333513,买盘
1356,10:29:26,8.57,--,13,11141,卖盘
1357,10:29:22,8.57,--,15,12855,卖盘
1358,10:29:07,8.57,-0.01,101,86557,卖盘
1359,10:29:01,8.58,0.01,51,43758,买盘
1360,10:28:56,8.57,-0.01,278,238246,卖盘
1361,10:28:52,8.58,0.01,54,46332,买盘
1362,10:28:46,8.57,-0.01,20,17140,卖盘
1363,10:28:37,8.58,0.02,67,57486,买盘
1364,10:28:22,8.56,--,0,0,卖盘
1365,10:28:16,8.56,-0.02,75,64200,卖盘
1366,10:28:11,8.58,--,20,17160,卖盘
1367,10:28:07,8.58,0.02,116,99528,买盘
1368,10:27:56,8.56,--,508,434848,买盘
1369,10:27:41,8.56,--,9,7704,买盘
1370,10:27:37,8.56,0.01,97,83032,买盘
1371,10:27:31,8.55,--,7,5985,卖盘
1372,10:27:07,8.55,-0.01,80,68400,卖盘
1373,10:27:01,8.56,0.01,19,16264,买盘
1374,10:26:46,8.55,0.01,387,330885,买盘
1375,10:26:41,8.54,--,28,23911,卖盘
1376,10:26:37,8.54,--,5,4270,卖盘
1377,10:26:26,8.54,--,105,89669,买盘
1378,10:26:11,8.54,--,2,1707,买盘
1379,10:26:05,8.54,0.01,55,46969,买盘
1380,10:25:56,8.53,-0.01,18,15353,卖盘
1381,10:25:50,8.54,0.01,4,3415,买盘
1382,10:25:46,8.53,--,65,55444,卖盘
1383,10:25:31,8.53,--,15,12794,买盘
1384,10:25:20,8.53,--,36,30707,买盘
1385,10:25:16,8.53,--,1,852,买盘
1386,10:25:11,8.53,--,11,9383,卖盘
1387,10:25:05,8.53,--,13,11089,卖盘
1388,10:24:50,8.53,-0.01,102,87006,卖盘
1389,10:24:46,8.54,-0.01,2,1707,卖盘
1390,10:24:41,8.55,--,1,855,买盘
1391,10:24:35,8.55,0.01,1,855,买盘
1392,10:24:26,8.54,-0.01,6,5123,卖盘
1393,10:24:20,8.55,--,46,39330,卖盘
1394,10:24:16,8.55,--,82,70110,卖盘
1395,10:24:11,8.55,--,0,0,中性盘
1396,10:24:05,8.55,-0.01,95,81225,卖盘
1397,10:24:01,8.56,0.01,24,20544,买盘
1398,10:23:56,8.55,-0.01,12,10260,中性盘
1399,10:23:50,8.56,0.01,82,70192,买盘
1400,10:23:46,8.55,-0.01,181,154755,卖盘
1401,10:23:35,8.56,0.01,9,7704,买盘
1402,10:23:31,8.55,-0.01,57,48735,卖盘
1403,10:23:26,8.56,0.01,1,856,买盘
1404,10:23:20,8.55,--,11,9405,卖盘
1405,10:23:11,8.55,--,36,30780,卖盘
1406,10:23:05,8.55,0.02,261,223155,买盘
1407,10:23:01,8.53,--,20,17060,卖盘
1408,10:22:56,8.53,-0.01,100,85300,卖盘
1409,10:22:50,8.54,0.01,13,11101,买盘
1410,10:22:46,8.53,--,20,17060,卖盘
1411,10:22:41,8.53,--,21,17913,买盘
1412,10:22:31,8.53,0.01,2,1705,买盘
1413,10:22:25,8.52,--,0,0,卖盘
1414,10:22:20,8.52,--,79,67308,卖盘
1415,10:22:16,8.52,-0.01,20,17040,卖盘
1416,10:22:05,8.53,--,83,70799,买盘
1417,10:22:01,8.53,--,15,12794,买盘
1418,10:21:50,8.53,0.01,112,95536,买盘
1419,10:21:40,8.52,--,18,15336,卖盘
1420,10:21:35,8.52,-0.03,90,76680,卖盘
1421,10:21:31,8.55,--,0,0,买盘
1422,10:21:20,8.55,0.03,52,44460,买盘
1423,10:21:16,8.52,--,0,0,卖盘
1424,10:21:10,8.52,--,48,40896,卖盘
1425,10:21:05,8.52,-0.01,149,126948,卖盘
1426,10:20:55,8.53,0.01,1,852,买盘
1427,10:20:50,8.52,0.01,65,55380,卖盘
1428,10:20:46,8.51,-0.01,137,116587,卖盘
1429,10:20:40,8.52,--,40,34080,买盘
1430,10:20:35,8.52,--,35,29820,买盘
1431,10:20:31,8.52,--,293,249636,买盘
1432,10:20:25,8.52,0.02,8,6816,买盘
1433,10:20:20,8.5,--,56,47600,卖盘
1434,10:20:16,8.5,0.01,241,204850,卖盘
1435,10:20:10,8.49,--,47,40089,买盘
1436,10:20:05,8.49,-0.01,362,307338,卖盘
1437,10:20:01,8.5,--,133,113050,买盘
1438,10:19:50,8.5,--,174,147900,买盘
1439,10:19:46,8.5,--,271,230350,买盘
1440,10:19:40,8.5,--,155,131750,买盘
1441,10:19:35,8.5,-0.01,327,278613,卖盘
1442,10:19:30,8.51,0.01,101,85951,买盘
1443,10:19:25,8.5,--,135,114750,卖盘
1444,10:19:20,8.5,-0.01,97,82450,卖盘
1445,10:19:15,8.51,--,48,40848,卖盘
1446,10:19:10,8.51,--,146,124671,买盘
1447,10:19:05,8.51,0.01,114,97626,买盘
1448,10:18:59,8.5,--,72,61200,卖盘
1449,10:18:55,8.5,--,136,115600,卖盘
1450,10:18:50,8.5,-0.02,130,110500,卖盘
1451,10:18:40,8.52,0.01,286,243672,买盘
1452,10:18:35,8.51,-0.01,57,48507,卖盘
1453,10:18:29,8.52,--,88,74976,卖盘
1454,10:18:20,8.52,-0.01,4,3408,卖盘
1455,10:18:14,8.53,-0.01,282,240545,卖盘
1456,10:18:10,8.54,--,50,42699,卖盘
1457,10:18:05,8.54,--,193,164821,卖盘
1458,10:17:59,8.54,-0.01,229,195565,卖盘
1459,10:17:50,8.55,--,56,47880,买盘
1460,10:17:44,8.55,--,681,582255,卖盘
1461,10:17:40,8.55,--,9,7695,卖盘
1462,10:17:35,8.55,-0.01,584,499320,卖盘
1463,10:17:29,8.56,0.01,251,214856,买盘
1464,10:17:20,8.55,--,81,69255,卖盘
1465,10:17:14,8.55,-0.01,48,41040,卖盘
1466,10:17:10,8.56,0.01,20,17120,买盘
1467,10:17:05,8.55,-0.01,37,31635,卖盘
1468,10:16:59,8.56,--,1,856,买盘
1469,10:16:55,8.56,--,38,32528,买盘
1470,10:16:50,8.56,-0.02,169,144664,卖盘
1471,10:16:40,8.58,0.02,24,20592,买盘
1472,10:16:29,8.56,--,0,0,卖盘
1473,10:16:25,8.56,-0.02,51,43656,卖盘
1474,10:16:20,8.58,--,77,66066,买盘
1475,10:16:14,8.58,--,117,100386,买盘
1476,10:16:05,8.58,--,150,128700,买盘
1477,10:15:59,8.58,--,22,18876,买盘
1478,10:15:55,8.58,--,26,22308,买盘
1479,10:15:49,8.58,--,16,13728,买盘
1480,10:15:44,8.58,0.01,612,525096,买盘
1481,10:15:40,8.57,--,4,3428,卖盘
1482,10:15:29,8.57,-0.01,109,93413,卖盘
1483,10:15:25,8.58,0.01,501,429858,买盘
1484,10:15:19,8.57,--,38,32566,卖盘
1485,10:15:10,8.57,-0.01,10,8570,卖盘
1486,10:15:04,8.58,0.01,1,858,买盘
1487,10:14:59,8.57,--,2,1714,卖盘
1488,10:14:55,8.57,--,144,123408,买盘
1489,10:14:49,8.57,--,105,89985,买盘
1490,10:14:34,8.57,--,72,61704,卖盘
1491,10:14:29,8.57,--,67,57419,卖盘
1492,10:14:25,8.57,-0.01,101,86557,卖盘
1493,10:14:19,8.58,--,41,35178,买盘
1494,10:14:14,8.58,--,12,10296,买盘
1495,10:14:10,8.58,-0.01,386,331188,卖盘
1496,10:14:04,8.59,--,35,30065,买盘
1497,10:13:59,8.59,--,49,42091,买盘
1498,10:13:54,8.59,--,13,11167,买盘
1499,10:13:49,8.59,--,167,143453,买盘
1500,10:13:44,8.59,--,103,88477,买盘
1501,10:13:40,8.59,--,31,26629,买盘
1502,10:13:29,8.59,--,62,53258,买盘
1503,10:13:25,8.59,--,154,132286,买盘
1504,10:13:19,8.59,0.01,8,6872,买盘
1505,10:13:14,8.58,-0.01,21,18018,卖盘
1506,10:13:10,8.59,0.01,128,109952,买盘
1507,10:13:04,8.58,--,53,45474,卖盘
1508,10:12:59,8.58,-0.01,11,9438,卖盘
1509,10:12:55,8.59,--,280,240520,买盘
1510,10:12:44,8.59,0.01,46,39514,买盘
1511,10:12:39,8.58,--,27,23166,卖盘
1512,10:12:34,8.58,-0.01,190,163020,卖盘
1513,10:12:29,8.59,--,118,101362,买盘
1514,10:12:24,8.59,-0.01,356,305804,卖盘
1515,10:12:19,8.6,--,35,30100,买盘
1516,10:12:14,8.6,--,190,163400,买盘
1517,10:12:09,8.6,0.01,115,98900,买盘
1518,10:12:04,8.59,-0.01,965,828935,卖盘
1519,10:11:59,8.6,0.01,275,236500,买盘
1520,10:11:54,8.59,--,101,86759,卖盘
1521,10:11:49,8.59,0.01,398,341882,买盘
1522,10:11:44,8.58,-0.01,623,534534,卖盘
1523,10:11:38,8.59,0.01,254,218186,买盘
1524,10:11:34,8.58,--,23,19734,卖盘
1525,10:11:29,8.58,--,45,38610,卖盘
1526,10:11:23,8.58,0.01,593,508794,买盘
1527,10:11:19,8.57,--,23,19711,卖盘
1528,10:11:14,8.57,--,771,660747,卖盘
1529,10:11:08,8.57,--,103,88271,买盘
1530,10:11:04,8.57,--,39,33423,买盘
1531,10:10:59,8.57,--,142,121694,买盘
1532,10:10:53,8.57,--,208,178256,买盘
1533,10:10:49,8.57,--,100,85700,买盘
1534,10:10:44,8.57,--,157,134549,买盘
1535,10:10:38,8.57,--,59,50563,买盘
1536,10:10:34,8.57,0.01,146,125122,买盘
1537,10:10:29,8.56,-0.01,58,49648,卖盘
1538,10:10:23,8.57,0.01,107,91699,买盘
1539,10:10:19,8.56,--,30,25680,买盘
1540,10:10:14,8.56,--,494,422864,卖盘
1541,10:10:08,8.56,--,39,33384,买盘
1542,10:10:04,8.56,0.01,158,135248,买盘
1543,10:09:59,8.55,-0.01,16,13680,卖盘
1544,10:09:53,8.56,0.01,234,200304,买盘
1545,10:09:49,8.55,--,157,134235,卖盘
1546,10:09:44,8.55,0.01,315,269325,买盘
1547,10:09:38,8.54,-0.02,164,140056,卖盘
1548,10:09:29,8.56,0.02,248,212288,买盘
1549,10:09:23,8.54,-0.02,49,41845,卖盘
1550,10:09:19,8.56,0.01,151,129256,买盘
1551,10:09:13,8.55,-0.01,511,436905,卖盘
1552,10:09:08,8.56,0.01,260,222560,买盘
1553,10:09:04,8.55,-0.01,408,348840,卖盘
1554,10:08:58,8.56,--,1,856,卖盘
1555,10:08:53,8.56,--,56,47936,卖盘
1556,10:08:49,8.56,--,171,146376,买盘
1557,10:08:38,8.56,-0.01,106,90736,中性盘
1558,10:08:33,8.57,0.01,282,241674,买盘
1559,10:08:28,8.56,--,279,238824,卖盘
1560,10:08:23,8.56,--,34,29104,卖盘
1561,10:08:19,8.56,-0.01,183,156648,卖盘
1562,10:08:08,8.57,--,110,94270,卖盘
1563,10:08:03,8.57,--,315,269955,卖盘
1564,10:07:58,8.57,--,20,17140,卖盘
1565,10:07:53,8.57,--,36,30852,卖盘
1566,10:07:49,8.57,--,333,285381,卖盘
1567,10:07:43,8.57,0.01,219,187683,买盘
1568,10:07:38,8.56,--,64,54784,买盘
1569,10:07:34,8.56,--,202,172912,卖盘
1570,10:07:28,8.56,-0.01,27,23112,卖盘
1571,10:07:23,8.57,--,117,100269,买盘
1572,10:07:19,8.57,--,165,141405,买盘
1573,10:07:13,8.57,0.01,258,221106,买盘
1574,10:07:08,8.56,-0.02,288,246528,卖盘
1575,10:07:04,8.58,0.02,194,166452,买盘
1576,10:06:58,8.56,--,10,8560,卖盘
1577,10:06:53,8.56,-0.02,51,43656,卖盘
1578,10:06:48,8.58,--,248,212972,卖盘
1579,10:06:43,8.58,--,16,13728,卖盘
1580,10:06:38,8.58,0.02,737,633015,买盘
1581,10:06:33,8.56,-0.01,423,362088,中性盘
1582,10:06:28,8.57,0.01,415,355655,买盘
1583,10:06:23,8.56,--,70,59920,买盘
1584,10:06:18,8.56,-0.01,553,473368,卖盘
1585,10:06:13,8.57,--,27,23139,卖盘
1586,10:06:08,8.57,--,167,143119,买盘
1587,10:06:03,8.57,-0.01,500,428500,买盘
1588,10:05:58,8.58,0.01,153,131274,买盘
1589,10:05:53,8.57,-0.01,375,321375,卖盘
1590,10:05:48,8.58,0.01,207,177606,买盘
1591,10:05:43,8.57,-0.01,179,153403,卖盘
1592,10:05:38,8.58,--,235,201818,卖盘
1593,10:05:33,8.58,0.01,360,309549,买盘
1594,10:05:28,8.57,--,37,31709,卖盘
1595,10:05:23,8.57,--,277,237389,卖盘
1596,10:05:18,8.57,--,217,185969,卖盘
1597,10:05:13,8.57,--,40,34280,卖盘
1598,10:05:08,8.57,--,40,34280,卖盘
1599,10:05:03,8.57,--,311,266886,买盘
1600,10:04:58,8.57,0.01,209,179113,买盘
1601,10:04:53,8.56,-0.01,164,140384,卖盘
1602,10:04:48,8.57,0.01,203,173971,买盘
1603,10:04:43,8.56,--,44,37664,卖盘
1604,10:04:38,8.56,--,81,69336,卖盘
1605,10:04:32,8.56,0.01,102,87774,买盘
1606,10:04:28,8.55,--,17,14535,卖盘
1607,10:04:23,8.55,--,165,141075,卖盘
1608,10:04:17,8.55,--,207,176985,买盘
1609,10:04:13,8.55,--,135,115425,买盘
1610,10:04:08,8.55,--,230,196650,买盘
1611,10:04:02,8.55,-0.01,1134,969570,卖盘
1612,10:03:58,8.56,-0.01,45,38520,卖盘
1613,10:03:47,8.57,0.01,268,229676,买盘
1614,10:03:43,8.56,--,255,218280,买盘
1615,10:03:38,8.56,-0.01,205,175976,卖盘
1616,10:03:32,8.57,0.01,93,80060,买盘
1617,10:03:28,8.56,--,37,31672,买盘
1618,10:03:23,8.56,--,541,463096,卖盘
1619,10:03:17,8.56,--,423,362088,买盘
1620,10:03:13,8.56,--,92,78752,买盘
1621,10:03:08,8.56,--,68,58208,买盘
1622,10:03:02,8.56,0.01,200,171508,买盘
1623,10:02:58,8.55,--,24,21067,买盘
1624,10:02:53,8.55,--,269,230302,卖盘
1625,10:02:47,8.55,--,423,362212,买盘
1626,10:02:43,8.55,0.02,759,648945,买盘
1627,10:02:37,8.53,--,35,29854,卖盘
1628,10:02:32,8.53,-0.01,218,185954,卖盘
1629,10:02:28,8.54,0.02,65,55509,卖盘
1630,10:02:22,8.52,-0.03,207,176364,卖盘
1631,10:02:17,8.55,0.02,261,223155,买盘
1632,10:02:13,8.53,-0.02,274,233721,买盘
1633,10:02:07,8.55,0.01,341,291640,买盘
1634,10:02:02,8.54,0.03,477,408126,买盘
1635,10:01:58,8.51,-0.03,76,64676,卖盘
1636,10:01:52,8.54,-0.01,18,15371,买盘
1637,10:01:47,8.55,0.01,466,398430,买盘
1638,10:01:43,8.54,-0.01,111,94793,卖盘
1639,10:01:37,8.55,--,82,70110,买盘
1640,10:01:32,8.55,--,300,256500,买盘
1641,10:01:27,8.55,-0.01,676,577980,卖盘
1642,10:01:22,8.56,0.01,14,11984,买盘
1643,10:01:17,8.55,-0.01,251,214605,卖盘
1644,10:01:13,8.56,--,22,18832,卖盘
1645,10:01:02,8.56,-0.01,282,241392,卖盘
1646,10:00:58,8.57,-0.01,221,189397,卖盘
1647,10:00:52,8.58,-0.01,235,201630,卖盘
1648,10:00:47,8.59,0.01,413,354767,买盘
1649,10:00:43,8.58,-0.01,124,106392,卖盘
1650,10:00:37,8.59,--,308,264572,卖盘
1651,10:00:32,8.59,--,96,82464,卖盘
1652,10:00:27,8.59,0.01,468,402012,买盘
1653,10:00:22,8.58,-0.02,60,51480,卖盘
1654,10:00:17,8.6,0.02,595,511700,买盘
1655,10:00:13,8.58,--,36,30888,卖盘
1656,10:00:07,8.58,-0.03,71,60918,卖盘
1657,10:00:02,8.61,0.03,209,179949,买盘
1658,09:59:57,8.58,-0.02,781,670098,卖盘
1659,09:59:52,8.6,0.01,124,106640,买盘
1660,09:59:47,8.59,-0.01,573,492207,卖盘
1661,09:59:42,8.6,--,187,160820,买盘
1662,09:59:37,8.6,-0.01,187,161250,卖盘
1663,09:59:32,8.61,-0.01,433,372813,卖盘
1664,09:59:27,8.62,0.01,284,244807,买盘
1665,09:59:22,8.61,-0.01,16,13776,卖盘
1666,09:59:17,8.62,0.01,530,457290,买盘
1667,09:59:12,8.61,0.01,306,263466,买盘
1668,09:59:07,8.6,--,67,57620,卖盘
1669,09:59:02,8.6,-0.01,78,67080,卖盘
1670,09:58:57,8.61,0.01,453,390033,买盘
1671,09:58:52,8.6,--,184,158240,买盘
1672,09:58:47,8.6,0.01,240,206400,买盘
1673,09:58:42,8.59,-0.01,34,29206,卖盘
1674,09:58:37,8.6,0.02,71,61060,买盘
1675,09:58:32,8.58,--,1182,1014156,买盘
1676,09:58:27,8.58,--,21,18018,卖盘
1677,09:58:22,8.58,-0.01,14,12012,卖盘
1678,09:58:17,8.59,0.01,117,100503,买盘
1679,09:58:12,8.58,--,139,119262,卖盘
1680,09:58:07,8.58,--,6,5148,卖盘
1681,09:58:02,8.58,0.01,24,20592,卖盘
1682,09:57:57,8.57,--,14,11998,卖盘
1683,09:57:52,8.57,-0.03,90,77130,卖盘
1684,09:57:47,8.6,--,322,276920,买盘
1685,09:57:41,8.6,0.01,95,81700,买盘
1686,09:57:32,8.59,--,203,174377,卖盘
1687,09:57:26,8.59,--,55,47245,买盘
1688,09:57:22,8.59,--,24,20616,买盘
1689,09:57:17,8.59,--,41,35219,买盘
1690,09:57:11,8.59,--,45,38655,买盘
1691,09:57:07,8.59,-0.01,150,128850,卖盘
1692,09:57:02,8.6,0.02,175,150500,买盘
1693,09:56:56,8.58,-0.01,603,517374,卖盘
1694,09:56:52,8.59,--,10,8590,买盘
1695,09:56:47,8.59,-0.01,80,68720,中性盘
1696,09:56:41,8.6,0.01,70,60200,买盘
1697,09:56:37,8.59,-0.02,65,55835,卖盘
1698,09:56:32,8.61,0.01,159,137329,买盘
1699,09:56:26,8.6,--,100,86000,卖盘
1700,09:56:22,8.6,--,372,320350,买盘
1701,09:56:16,8.6,--,101,86860,买盘
1702,09:56:11,8.6,--,434,373240,买盘
1703,09:56:07,8.6,--,217,186620,买盘
1704,09:56:01,8.6,0.01,112,96320,买盘
1705,09:55:56,8.59,-0.01,191,164069,卖盘
1706,09:55:52,8.6,--,563,484180,买盘
1707,09:55:46,8.6,--,48,41280,买盘
1708,09:55:41,8.6,--,137,117820,买盘
1709,09:55:37,8.6,0.01,467,401620,买盘
1710,09:55:31,8.59,0.01,44,37796,买盘
1711,09:55:26,8.58,0.01,546,468468,买盘
1712,09:55:22,8.57,-0.01,350,299950,卖盘
1713,09:55:16,8.58,0.01,71,60918,买盘
1714,09:55:11,8.57,--,204,174828,买盘
1715,09:55:07,8.57,--,126,107982,买盘
1716,09:55:01,8.57,0.01,205,175685,买盘
1717,09:54:56,8.56,0.01,334,286571,买盘
1718,09:54:52,8.55,-0.01,99,84645,卖盘
1719,09:54:46,8.56,0.01,52,44512,买盘
1720,09:54:41,8.55,-0.01,113,96615,卖盘
1721,09:54:37,8.56,0.01,192,164352,买盘
1722,09:54:31,8.55,0.01,45,38475,卖盘
1723,09:54:26,8.54,--,676,577304,卖盘
1724,09:54:21,8.54,--,262,224174,买盘
1725,09:54:16,8.54,0.01,27,23057,买盘
1726,09:54:11,8.53,--,103,87859,卖盘
1727,09:54:07,8.53,--,64,54591,卖盘
1728,09:54:01,8.53,--,47,40091,卖盘
1729,09:53:56,8.53,--,38,32413,买盘
1730,09:53:51,8.53,--,10,8530,买盘
1731,09:53:41,8.53,--,84,71652,买盘
1732,09:53:36,8.53,--,41,34973,买盘
1733,09:53:26,8.53,--,5,4265,买盘
1734,09:53:21,8.53,-0.01,26,22178,中性盘
1735,09:53:16,8.54,--,10,8540,买盘
1736,09:53:11,8.54,0.01,177,151584,买盘
1737,09:53:06,8.53,--,26,22178,卖盘
1738,09:53:01,8.53,--,10,8530,卖盘
1739,09:52:56,8.53,--,23,19619,卖盘
1740,09:52:51,8.53,--,5,4265,卖盘
1741,09:52:41,8.53,--,117,99800,卖盘
1742,09:52:36,8.53,-0.01,40,34120,卖盘
1743,09:52:26,8.54,0.01,261,222893,买盘
1744,09:52:21,8.53,--,38,32413,卖盘
1745,09:52:16,8.53,--,10,8530,卖盘
1746,09:52:11,8.53,--,230,196701,卖盘
1747,09:52:06,8.53,--,92,78476,卖盘
1748,09:52:01,8.53,--,27,23031,卖盘
1749,09:51:56,8.53,--,183,156099,卖盘
1750,09:51:51,8.53,--,41,34973,卖盘
1751,09:51:46,8.53,--,41,34973,卖盘
1752,09:51:41,8.53,-0.01,59,50326,卖盘
1753,09:51:36,8.54,0.01,10,8540,买盘
1754,09:51:31,8.53,--,34,29001,卖盘
1755,09:51:26,8.53,-0.01,193,164629,卖盘
1756,09:51:21,8.54,--,122,104999,买盘
1757,09:51:11,8.54,--,68,58114,卖盘
1758,09:51:06,8.54,--,87,75109,卖盘
1759,09:50:56,8.54,--,105,89669,中性盘
1760,09:50:50,8.54,-0.01,1,853,卖盘
1761,09:50:46,8.55,--,31,26505,买盘
1762,09:50:41,8.55,0.01,83,70965,买盘
1763,09:50:35,8.54,--,148,126391,卖盘
1764,09:50:31,8.54,--,18,15371,卖盘
1765,09:50:26,8.54,--,30,25619,卖盘
1766,09:50:16,8.54,-0.01,5,4270,卖盘
1767,09:50:11,8.55,--,62,53010,买盘
1768,09:50:05,8.55,--,40,34200,买盘
1769,09:50:01,8.55,0.01,35,29925,买盘
1770,09:49:55,8.54,-0.01,71,60633,卖盘
1771,09:49:50,8.55,0.01,3,2565,买盘
1772,09:49:46,8.54,-0.01,5,4270,卖盘
1773,09:49:35,8.55,--,102,87210,买盘
1774,09:49:31,8.55,--,24,20520,买盘
1775,09:49:25,8.55,0.01,24,20520,买盘
1776,09:49:20,8.54,-0.01,242,207112,卖盘
1777,09:49:16,8.55,--,221,188955,卖盘
1778,09:49:10,8.55,--,291,248805,卖盘
1779,09:49:05,8.55,--,36,30780,卖盘
1780,09:49:01,8.55,--,273,233415,卖盘
1781,09:48:55,8.55,--,272,232560,卖盘
1782,09:48:50,8.55,-0.01,301,257355,卖盘
1783,09:48:46,8.56,0.01,49,41944,买盘
1784,09:48:40,8.55,--,5,4275,卖盘
1785,09:48:35,8.55,-0.01,85,72675,卖盘
1786,09:48:30,8.56,0.01,276,236256,买盘
1787,09:48:25,8.55,--,17,14535,卖盘
1788,09:48:20,8.55,--,218,186390,卖盘
1789,09:48:16,8.55,--,44,37620,卖盘
1790,09:48:10,8.55,--,105,89775,卖盘
1791,09:48:05,8.55,--,68,58140,买盘
1792,09:48:00,8.55,0.01,102,87210,买盘
1793,09:47:55,8.54,--,122,104187,卖盘
1794,09:47:50,8.54,0.01,20,17447,卖盘
1795,09:47:45,8.53,--,0,0,卖盘
1796,09:47:40,8.53,-0.03,150,127949,卖盘
1797,09:47:35,8.56,--,194,166064,买盘
1798,09:47:30,8.56,-0.01,63,53928,买盘
1799,09:47:25,8.57,0.01,115,98555,买盘
1800,09:47:20,8.56,0.01,82,70192,中性盘
1801,09:47:15,8.55,-0.02,20,17100,卖盘
1802,09:47:10,8.57,--,20,17140,买盘
1803,09:47:05,8.57,--,82,70274,买盘
1804,09:47:00,8.57,--,238,204454,卖盘
1805,09:46:55,8.57,--,96,82272,卖盘
1806,09:46:40,8.57,--,10,8570,卖盘
1807,09:46:35,8.57,--,601,515057,买盘
1808,09:46:30,8.57,0.01,25,21425,买盘
1809,09:46:25,8.56,--,10,8560,卖盘
1810,09:46:20,8.56,--,11,9784,买盘
1811,09:46:15,8.56,--,139,118984,买盘
1812,09:46:05,8.56,0.02,228,195168,买盘
1813,09:46:00,8.54,-0.01,62,53434,卖盘
1814,09:45:55,8.55,--,20,17100,卖盘
1815,09:45:50,8.55,0.01,57,49102,买盘
1816,09:45:45,8.54,-0.01,8,6831,卖盘
1817,09:45:40,8.55,0.01,10,8550,买盘
1818,09:45:35,8.54,-0.01,114,97355,卖盘
1819,09:45:30,8.55,--,16,13680,买盘
1820,09:45:25,8.55,0.01,5,4275,买盘
1821,09:45:20,8.54,-0.01,40,34160,卖盘
1822,09:45:15,8.55,-0.02,2,1710,卖盘
1823,09:45:10,8.57,0.02,5,4285,买盘
1824,09:45:05,8.55,--,1010,863550,买盘
1825,09:45:00,8.55,--,33,28215,买盘
1826,09:44:55,8.55,--,20,17100,买盘
1827,09:44:50,8.55,-0.01,23,19665,买盘
1828,09:44:35,8.56,0.01,18,15408,买盘
1829,09:44:30,8.55,-0.01,214,182970,卖盘
1830,09:44:24,8.56,--,21,17976,买盘
1831,09:44:20,8.56,--,35,29960,买盘
1832,09:44:05,8.56,--,55,47080,卖盘
1833,09:43:59,8.56,--,85,72760,卖盘
1834,09:43:54,8.56,0.01,112,95872,买盘
1835,09:43:50,8.55,-0.01,20,17100,卖盘
1836,09:43:45,8.56,--,85,72760,卖盘
1837,09:43:39,8.56,-0.01,20,17120,卖盘
1838,09:43:35,8.57,0.01,309,264813,买盘
1839,09:43:29,8.56,--,266,227696,卖盘
1840,09:43:24,8.56,-0.01,152,130112,卖盘
1841,09:43:19,8.57,--,57,48849,买盘
1842,09:43:14,8.57,-0.02,437,374509,卖盘
1843,09:43:09,8.59,0.02,391,335869,买盘
1844,09:43:04,8.57,-0.01,40,34280,卖盘
1845,09:42:59,8.58,--,39,33462,买盘
1846,09:42:54,8.58,--,271,232518,买盘
1847,09:42:49,8.58,--,25,21450,买盘
1848,09:42:44,8.58,--,633,543114,买盘
1849,09:42:39,8.58,-0.01,310,265980,卖盘
1850,09:42:34,8.59,0.01,111,95349,买盘
1851,09:42:29,8.58,--,127,108966,卖盘
1852,09:42:24,8.58,-0.01,182,156156,卖盘
1853,09:42:19,8.59,--,40,34360,买盘
1854,09:42:14,8.59,0.02,285,244815,买盘
1855,09:42:09,8.57,-0.01,115,98555,卖盘
1856,09:42:04,8.58,0.01,46,39468,买盘
1857,09:41:59,8.57,0.01,195,167115,买盘
1858,09:41:54,8.56,--,20,17120,卖盘
1859,09:41:49,8.56,--,242,207152,买盘
1860,09:41:39,8.56,0.01,105,89880,买盘
1861,09:41:34,8.55,--,107,91485,买盘
1862,09:41:24,8.55,--,142,121410,买盘
1863,09:41:14,8.55,--,5,4275,买盘
1864,09:41:09,8.55,0.01,239,204345,买盘
1865,09:41:04,8.54,--,20,17080,卖盘
1866,09:40:59,8.54,--,12,10247,卖盘
1867,09:40:54,8.54,0.01,190,162259,买盘
1868,09:40:44,8.53,-0.01,2,1705,中性盘
1869,09:40:39,8.54,0.01,20,17080,买盘
1870,09:40:29,8.53,--,120,102359,卖盘
1871,09:40:24,8.53,--,10,8530,卖盘
1872,09:40:19,8.53,0.01,74,63121,买盘
1873,09:40:14,8.52,--,2,1704,卖盘
1874,09:40:09,8.52,-0.01,17,14484,卖盘
1875,09:40:04,8.53,--,26,22178,买盘
1876,09:39:54,8.53,--,98,83594,卖盘
1877,09:39:49,8.53,--,151,128802,卖盘
1878,09:39:44,8.53,--,169,144157,卖盘
1879,09:39:39,8.53,--,50,42650,卖盘
1880,09:39:24,8.53,0.01,89,75917,买盘
1881,09:39:18,8.52,-0.02,22,18744,卖盘
1882,09:39:14,8.54,0.02,5,4270,买盘
1883,09:39:09,8.52,--,203,172956,卖盘
1884,09:38:59,8.52,--,23,19596,卖盘
1885,09:38:54,8.52,--,210,178920,卖盘
1886,09:38:48,8.52,--,10,8520,卖盘
1887,09:38:39,8.52,--,143,121836,卖盘
1888,09:38:33,8.52,-0.01,13,11076,中性盘
1889,09:38:29,8.53,0.02,7,5971,买盘
1890,09:38:24,8.51,-0.01,39,33189,卖盘
1891,09:38:18,8.52,-0.01,10,8520,卖盘
1892,09:38:14,8.53,--,3,2559,买盘
1893,09:38:09,8.53,--,54,46062,卖盘
1894,09:38:03,8.53,--,40,34120,卖盘
1895,09:37:59,8.53,-0.01,103,87859,卖盘
1896,09:37:54,8.54,--,2,1707,买盘
1897,09:37:48,8.54,--,78,66612,买盘
1898,09:37:44,8.54,--,19,16225,买盘
1899,09:37:39,8.54,--,46,39283,买盘
1900,09:37:29,8.54,--,221,188733,买盘
1901,09:37:24,8.54,--,406,346723,卖盘
1902,09:37:18,8.54,--,211,180193,卖盘
1903,09:37:14,8.54,--,58,49531,卖盘
1904,09:37:09,8.54,--,89,76005,卖盘
1905,09:37:03,8.54,-0.01,44,37575,卖盘
1906,09:36:59,8.55,0.01,53,45315,买盘
1907,09:36:54,8.54,--,229,195565,卖盘
1908,09:36:48,8.54,--,70,59779,卖盘
1909,09:36:44,8.54,--,89,76005,卖盘
1910,09:36:39,8.54,--,85,72590,买盘
1911,09:36:33,8.54,--,15,12809,买盘
1912,09:36:28,8.54,-0.01,19,16225,卖盘
1913,09:36:24,8.55,--,68,58140,买盘
1914,09:36:18,8.55,--,141,120555,买盘
1915,09:36:13,8.55,--,52,44460,买盘
1916,09:36:09,8.55,--,98,83790,买盘
1917,09:36:03,8.55,0.02,13,11115,买盘
1918,09:35:58,8.53,-0.02,51,43503,卖盘
1919,09:35:48,8.55,0.01,133,113715,买盘
1920,09:35:43,8.54,--,110,93939,卖盘
1921,09:35:38,8.54,--,21,17934,卖盘
1922,09:35:28,8.54,0.01,187,159697,买盘
1923,09:35:23,8.53,-0.01,34,29001,卖盘
1924,09:35:13,8.54,--,3,2561,买盘
1925,09:35:08,8.54,0.02,125,106749,买盘
1926,09:35:03,8.52,--,28,23856,卖盘
1927,09:34:58,8.52,0.01,4,3408,卖盘
1928,09:34:53,8.51,-0.01,45,38295,卖盘
1929,09:34:48,8.52,--,101,86052,买盘
1930,09:34:43,8.52,--,22,18744,买盘
1931,09:34:38,8.52,--,473,402996,买盘
1932,09:34:33,8.52,0.01,5,4260,买盘
1933,09:34:28,8.51,0.02,257,218707,买盘
1934,09:34:23,8.49,--,22,18678,买盘
1935,09:34:13,8.49,--,0,0,买盘
1936,09:34:08,8.49,0.01,428,363372,买盘
1937,09:34:03,8.48,--,20,16960,卖盘
1938,09:33:58,8.48,--,10,8480,卖盘
1939,09:33:53,8.48,--,93,78864,买盘
1940,09:33:48,8.48,--,62,52576,买盘
1941,09:33:43,8.48,--,50,42400,买盘
1942,09:33:38,8.48,--,71,60208,买盘
1943,09:33:33,8.48,--,197,167056,卖盘
1944,09:33:28,8.48,--,24,20352,买盘
1945,09:33:23,8.48,0.01,36,30528,买盘
1946,09:33:18,8.47,-0.01,41,34727,卖盘
1947,09:33:13,8.48,--,6,5088,买盘
1948,09:33:08,8.48,--,2,1696,买盘
1949,09:33:03,8.48,-0.02,9,7632,卖盘
1950,09:32:58,8.5,0.02,42,35700,买盘
1951,09:32:53,8.48,-0.02,61,51728,卖盘
1952,09:32:48,8.5,--,90,76500,卖盘
1953,09:32:38,8.5,-0.01,29,24650,卖盘
1954,09:32:33,8.51,0.01,51,43401,买盘
1955,09:32:28,8.5,-0.01,80,68000,卖盘
1956,09:32:23,8.51,--,90,76590,买盘
1957,09:32:18,8.51,--,68,57868,卖盘
1958,09:32:12,8.51,-0.01,125,106375,卖盘
1959,09:32:08,8.52,0.01,40,34080,买盘
1960,09:32:03,8.51,-0.02,149,126799,卖盘
1961,09:31:57,8.53,0.01,31,26442,买盘
1962,09:31:53,8.52,-0.01,77,65604,卖盘
1963,09:31:48,8.53,--,154,131362,买盘
1964,09:31:42,8.53,-0.01,0,571,卖盘
1965,09:31:38,8.54,0.01,110,93939,买盘
1966,09:31:33,8.53,--,42,35826,卖盘
1967,09:31:27,8.53,-0.02,15,12794,卖盘
1968,09:31:23,8.55,0.01,100,85500,买盘
1969,09:31:18,8.54,--,5,4270,卖盘
1970,09:31:12,8.54,--,8,6831,中性盘
1971,09:31:08,8.54,--,122,104187,卖盘
1972,09:31:03,8.54,-0.01,295,251929,卖盘
1973,09:30:57,8.55,--,10,8550,买盘
1974,09:30:53,8.55,0.01,46,39330,买盘
1975,09:30:48,8.54,-0.01,129,110165,卖盘
1976,09:30:38,8.55,0.01,366,312930,买盘
1977,09:30:33,8.54,--,10,8540,买盘
1978,09:30:27,8.54,-0.01,15,12809,卖盘
1979,09:30:23,8.55,0.02,5,4275,买盘
1980,09:30:18,8.53,-0.01,50,42650,卖盘
1981,09:30:08,8.54,0.01,886,756925,买盘
1982,09:30:03,8.53,--,297,253340,买盘
1983,09:28:51,8.53,--,0,0,买盘
1984,09:25:07,8.53,8.53,1390,1185670,买盘
