,time,price,change,volume,amount,type
0,15:00:03,28.88,0.01,2034,5874192,买盘
1,14:57:00,28.87,--,178,513886,卖盘
2,14:56:57,28.87,--,14,40418,卖盘
3,14:56:54,28.87,--,25,72175,卖盘
4,14:56:51,28.87,--,5,14435,买盘
5,14:56:48,28.87,--,23,66401,买盘
6,14:56:45,28.87,--,30,86610,买盘
7,14:56:39,28.87,--,22,63514,买盘
8,14:56:36,28.87,--,49,141463,卖盘
9,14:56:33,28.87,--,18,51966,买盘
10,14:56:30,28.87,0.01,1,2887,买盘
11,14:56:27,28.86,-0.01,60,173160,卖盘
12,14:56:24,28.87,--,77,222299,买盘
13,14:56:21,28.87,0.01,20,57740,买盘
14,14:56:18,28.86,-0.01,85,245310,卖盘
15,14:56:15,28.87,--,10,28870,买盘
16,14:56:12,28.87,--,1,2887,买盘
17,14:56:09,28.87,-0.01,22,63514,卖盘
18,14:56:06,28.88,0.01,25,72200,买盘
19,14:56:03,28.87,-0.01,8,23096,卖盘
20,14:56:00,28.88,--,101,291688,买盘
21,14:55:57,28.88,--,23,66424,买盘
22,14:55:54,28.88,0.01,15,43320,买盘
23,14:55:51,28.87,-0.01,429,1238523,卖盘
24,14:55:48,28.88,--,4,11552,买盘
25,14:55:45,28.88,--,51,147288,买盘
26,14:55:42,28.88,--,2,5776,买盘
27,14:55:39,28.88,--,2,5776,买盘
28,14:55:36,28.88,0.01,23,66424,买盘
29,14:55:33,28.87,-0.01,45,129915,卖盘
30,14:55:30,28.88,--,128,369664,买盘
31,14:55:27,28.88,0.01,83,239704,买盘
32,14:55:24,28.87,--,3,8661,卖盘
33,14:55:21,28.87,--,37,106819,卖盘
34,14:55:18,28.87,--,113,326231,买盘
35,14:55:15,28.87,0.01,103,297361,买盘
36,14:55:09,28.86,--,36,103896,卖盘
37,14:55:03,28.86,--,4,11544,卖盘
38,14:55:00,28.86,--,21,60606,买盘
39,14:54:57,28.86,--,5,14430,买盘
40,14:54:51,28.86,--,6,17316,买盘
41,14:54:45,28.86,--,4,11544,买盘
42,14:54:42,28.86,--,9,25974,买盘
43,14:54:39,28.86,--,12,34632,买盘
44,14:54:36,28.86,-0.02,3,8658,卖盘
45,14:54:33,28.88,0.02,5,14440,买盘
46,14:54:30,28.86,--,2,5772,卖盘
47,14:54:27,28.86,--,1,2886,卖盘
48,14:54:24,28.86,--,17,49062,卖盘
49,14:54:21,28.86,--,10,28860,买盘
50,14:54:18,28.86,--,205,591630,买盘
51,14:54:15,28.86,--,10,28860,买盘
52,14:54:09,28.86,--,3,8658,买盘
53,14:54:06,28.86,0.01,1,2886,买盘
54,14:54:03,28.85,-0.01,31,89435,卖盘
55,14:53:54,28.86,--,8,23088,卖盘
56,14:53:51,28.86,--,13,37518,卖盘
57,14:53:45,28.86,-0.01,7,20202,卖盘
58,14:53:42,28.87,0.01,1,2887,买盘
59,14:53:39,28.86,0.01,85,245310,买盘
60,14:53:36,28.85,--,12,34620,卖盘
61,14:53:33,28.85,--,63,181755,卖盘
62,14:53:30,28.85,0.01,31,89435,买盘
63,14:53:27,28.84,--,4,11536,卖盘
64,14:53:24,28.84,-0.01,12,34608,卖盘
65,14:53:21,28.85,--,7,20195,买盘
66,14:53:18,28.85,0.01,3,8655,买盘
67,14:53:15,28.84,-0.01,5,14420,卖盘
68,14:53:09,28.85,--,156,450060,买盘
69,14:53:06,28.85,0.01,3,8655,买盘
70,14:53:03,28.84,0.01,52,149968,买盘
71,14:53:00,28.83,--,15,43245,卖盘
72,14:52:57,28.83,-0.01,6,17298,卖盘
73,14:52:51,28.84,--,62,178808,买盘
74,14:52:45,28.84,0.01,13,37492,买盘
75,14:52:42,28.83,--,4,11532,卖盘
76,14:52:33,28.83,0.03,83,239289,买盘
77,14:52:30,28.8,--,15,43200,卖盘
78,14:52:24,28.8,--,21,60480,卖盘
79,14:52:21,28.8,--,4,11520,卖盘
80,14:52:18,28.8,--,12,34560,卖盘
81,14:52:15,28.8,--,58,167040,卖盘
82,14:52:12,28.8,--,3,8640,卖盘
83,14:52:03,28.8,0.01,19,54720,卖盘
84,14:52:00,28.79,-0.01,15,43185,卖盘
85,14:51:54,28.8,--,4,11520,中性盘
86,14:51:48,28.8,--,10,28800,买盘
87,14:51:42,28.8,--,93,267840,买盘
88,14:51:36,28.8,0.01,55,158400,买盘
89,14:51:33,28.79,-0.05,359,1033561,卖盘
90,14:51:30,28.84,--,24,69216,买盘
91,14:51:21,28.84,--,15,43260,买盘
92,14:51:18,28.84,0.01,7,20188,买盘
93,14:51:15,28.83,-0.02,37,106671,卖盘
94,14:51:12,28.85,0.02,23,66355,买盘
95,14:51:09,28.83,0.02,20,57660,买盘
96,14:51:03,28.81,-0.01,8,23048,卖盘
97,14:51:00,28.82,-0.03,36,103752,卖盘
98,14:50:57,28.85,--,4,11540,买盘
99,14:50:54,28.85,0.02,10,28850,买盘
100,14:50:51,28.83,-0.02,5,14415,买盘
101,14:50:48,28.85,0.03,210,605850,买盘
102,14:50:42,28.82,-0.02,25,72050,卖盘
103,14:50:39,28.84,--,53,152852,买盘
104,14:50:36,28.84,0.01,141,406644,买盘
105,14:50:33,28.83,--,70,201810,买盘
106,14:50:30,28.83,--,19,54777,买盘
107,14:50:27,28.83,0.01,19,54777,买盘
108,14:50:24,28.82,--,25,72050,买盘
109,14:50:21,28.82,--,72,207504,卖盘
110,14:50:18,28.82,-0.01,5,14410,卖盘
111,14:50:15,28.83,--,68,196044,买盘
112,14:50:12,28.83,0.01,7,20181,买盘
113,14:50:09,28.82,--,5,14410,卖盘
114,14:50:06,28.82,--,16,46112,卖盘
115,14:50:03,28.82,--,16,46112,卖盘
116,14:50:00,28.82,-0.01,17,48994,卖盘
117,14:49:57,28.83,0.01,5,14415,买盘
118,14:49:54,28.82,-0.01,31,89342,卖盘
119,14:49:51,28.83,0.01,15,43245,买盘
120,14:49:48,28.82,-0.01,4,11528,卖盘
121,14:49:45,28.83,--,1,2883,买盘
122,14:49:42,28.83,--,15,43245,买盘
123,14:49:39,28.83,--,1,2883,买盘
124,14:49:36,28.83,0.01,1,2883,买盘
125,14:49:33,28.82,0.01,90,259380,买盘
126,14:49:30,28.81,--,29,83549,买盘
127,14:49:27,28.81,-0.01,24,69144,卖盘
128,14:49:24,28.82,--,3,8646,买盘
129,14:49:21,28.82,--,11,31702,买盘
130,14:49:15,28.82,0.02,15,43230,买盘
131,14:49:12,28.8,-0.01,14,40320,卖盘
132,14:49:09,28.81,--,31,89311,买盘
133,14:49:06,28.81,--,1,2881,买盘
134,14:49:03,28.81,-0.01,33,95073,卖盘
135,14:49:00,28.82,0.02,20,57640,中性盘
136,14:48:57,28.8,-0.03,218,627840,卖盘
137,14:48:51,28.83,--,7,20181,买盘
138,14:48:42,28.83,0.02,8,23064,买盘
139,14:48:39,28.81,0.01,12,34572,买盘
140,14:48:36,28.8,--,18,51840,卖盘
141,14:48:33,28.8,--,83,239040,卖盘
142,14:48:30,28.8,-0.01,21,60480,卖盘
143,14:48:27,28.81,--,8,23048,买盘
144,14:48:24,28.81,--,1,2881,买盘
145,14:48:21,28.81,0.01,6,17286,买盘
146,14:48:18,28.8,-0.03,32,92160,卖盘
147,14:48:15,28.83,--,72,207576,卖盘
148,14:48:12,28.83,--,4,11532,卖盘
149,14:48:09,28.83,0.01,13,37479,买盘
150,14:48:03,28.82,0.02,8,23056,中性盘
151,14:48:00,28.8,--,15,43200,卖盘
152,14:47:57,28.8,-0.03,74,213120,卖盘
153,14:47:51,28.83,0.02,22,63425,买盘
154,14:47:45,28.81,-0.02,1,2881,中性盘
155,14:47:39,28.83,0.03,2,5766,买盘
156,14:47:33,28.8,-0.03,14,40320,卖盘
157,14:47:30,28.83,0.03,16,46128,买盘
158,14:47:27,28.8,-0.03,111,319680,卖盘
159,14:47:21,28.83,--,10,28830,卖盘
160,14:47:18,28.83,--,20,57660,卖盘
161,14:47:12,28.83,-0.01,3,8649,卖盘
162,14:47:06,28.84,0.01,10,28840,买盘
163,14:47:03,28.83,0.02,8,23064,买盘
164,14:47:00,28.81,-0.03,15,43215,卖盘
165,14:46:57,28.84,0.03,1,2884,买盘
166,14:46:54,28.81,-0.03,129,371649,卖盘
167,14:46:51,28.84,0.01,6,17304,买盘
168,14:46:48,28.83,-0.01,7,20181,中性盘
169,14:46:39,28.84,0.01,1,2884,买盘
170,14:46:36,28.83,0.01,1,2883,买盘
171,14:46:33,28.82,--,9,25938,买盘
172,14:46:30,28.82,0.01,16,46112,买盘
173,14:46:18,28.81,0.01,1,2881,买盘
174,14:46:15,28.8,--,125,360000,卖盘
175,14:46:12,28.8,-0.02,42,120960,卖盘
176,14:46:09,28.82,--,23,66286,卖盘
177,14:46:03,28.82,0.01,2,5764,卖盘
178,14:46:00,28.81,-0.02,16,46096,卖盘
179,14:45:57,28.83,0.01,6,17298,中性盘
180,14:45:48,28.82,--,3,8646,买盘
181,14:45:45,28.82,--,5,14410,买盘
182,14:45:42,28.82,--,6,17292,买盘
183,14:45:39,28.82,--,1,2882,中性盘
184,14:45:36,28.82,--,124,357368,卖盘
185,14:45:33,28.82,-0.02,19,54758,卖盘
186,14:45:30,28.84,--,16,46144,买盘
187,14:45:27,28.84,--,3,8652,买盘
188,14:45:24,28.84,0.02,22,63448,买盘
189,14:45:21,28.82,-0.02,1,2882,卖盘
190,14:45:18,28.84,0.02,1,2884,买盘
191,14:45:15,28.82,-0.02,5,14410,卖盘
192,14:45:12,28.84,0.02,45,129780,买盘
193,14:45:09,28.82,--,15,43230,卖盘
194,14:45:06,28.82,0.01,3,8646,买盘
195,14:45:03,28.81,0.01,9,25929,中性盘
196,14:45:00,28.8,--,125,360000,卖盘
197,14:44:57,28.8,-0.02,5,14400,卖盘
198,14:44:54,28.82,0.02,15,43230,买盘
199,14:44:51,28.8,-0.02,10,28800,卖盘
200,14:44:42,28.82,-0.02,2,5764,中性盘
201,14:44:36,28.84,--,10,28840,买盘
202,14:44:33,28.84,--,7,20188,买盘
203,14:44:30,28.84,--,19,54796,买盘
204,14:44:24,28.84,-0.01,126,363384,中性盘
205,14:44:18,28.85,0.04,230,663550,买盘
206,14:44:12,28.81,--,1,2881,买盘
207,14:44:09,28.81,--,40,115240,卖盘
208,14:44:06,28.81,--,2,5762,卖盘
209,14:44:03,28.81,--,5,14405,卖盘
210,14:44:00,28.81,-0.03,15,43215,卖盘
211,14:43:54,28.84,0.03,12,34608,买盘
212,14:43:51,28.81,0.02,4,11524,中性盘
213,14:43:48,28.79,-0.01,121,348359,卖盘
214,14:43:42,28.8,-0.06,51,146880,卖盘
215,14:43:36,28.86,0.06,3,8658,买盘
216,14:43:33,28.8,--,2,5760,卖盘
217,14:43:30,28.8,-0.01,17,48960,卖盘
218,14:43:27,28.81,-0.01,60,172860,卖盘
219,14:43:24,28.82,-0.03,5,14410,卖盘
220,14:43:18,28.85,0.05,9,25965,买盘
221,14:43:09,28.8,-0.01,116,334080,卖盘
222,14:43:06,28.81,-0.05,26,74906,卖盘
223,14:43:03,28.86,0.06,5,14430,买盘
224,14:43:00,28.8,--,49,141120,卖盘
225,14:42:54,28.8,--,12,34560,卖盘
226,14:42:51,28.8,--,15,43200,卖盘
227,14:42:45,28.8,-0.06,2,5760,卖盘
228,14:42:42,28.86,0.08,102,294372,买盘
229,14:42:39,28.78,-0.02,9,25902,卖盘
230,14:42:36,28.8,0.02,8,23040,买盘
231,14:42:33,28.78,--,125,359750,卖盘
232,14:42:30,28.78,-0.02,15,43170,卖盘
233,14:42:27,28.8,--,16,46080,买盘
234,14:42:18,28.8,--,2,5760,买盘
235,14:42:15,28.8,--,10,28800,买盘
236,14:42:09,28.8,-0.06,26,74880,卖盘
237,14:42:06,28.86,0.08,6,17316,买盘
238,14:42:00,28.78,-0.01,15,43170,卖盘
239,14:41:57,28.79,--,40,115160,卖盘
240,14:41:54,28.79,-0.01,79,227441,卖盘
241,14:41:51,28.8,--,23,66240,卖盘
242,14:41:48,28.8,--,10,28800,卖盘
243,14:41:42,28.8,--,10,28800,卖盘
244,14:41:39,28.8,-0.01,13,37440,卖盘
245,14:41:36,28.81,0.01,5,14405,买盘
246,14:41:33,28.8,--,7,20160,卖盘
247,14:41:30,28.8,0.02,15,43200,卖盘
248,14:41:21,28.78,-0.02,41,117998,卖盘
249,14:41:18,28.8,--,7,20160,买盘
250,14:41:15,28.8,--,93,267840,买盘
251,14:41:12,28.8,--,89,256320,卖盘
252,14:41:09,28.8,0.01,4,11520,卖盘
253,14:41:06,28.79,--,15,43185,卖盘
254,14:41:03,28.79,-0.01,5,14395,卖盘
255,14:41:00,28.8,--,17,48960,卖盘
256,14:40:57,28.8,-0.01,6,17280,卖盘
257,14:40:51,28.81,0.02,1,2881,买盘
258,14:40:45,28.79,-0.02,42,120918,卖盘
259,14:40:42,28.81,0.02,1,2881,买盘
260,14:40:39,28.79,0.01,71,204409,中性盘
261,14:40:36,28.78,-0.01,26,75346,卖盘
262,14:40:33,28.79,0.01,2,5758,中性盘
263,14:40:30,28.78,-0.01,15,43170,卖盘
264,14:40:27,28.79,-0.01,7,20153,卖盘
265,14:40:24,28.8,0.01,10,28800,买盘
266,14:40:21,28.79,-0.01,3,8637,卖盘
267,14:40:18,28.8,--,1,2880,买盘
268,14:40:15,28.8,0.01,7,20160,买盘
269,14:40:12,28.79,--,7,20153,买盘
270,14:40:09,28.79,-0.01,13,37427,中性盘
271,14:40:06,28.8,0.02,49,141120,买盘
272,14:40:03,28.78,-0.02,76,218728,卖盘
273,14:40:00,28.8,--,72,207360,买盘
274,14:39:57,28.8,--,256,739641,卖盘
275,14:39:51,28.8,--,10,28800,卖盘
276,14:39:33,28.8,--,4,11520,卖盘
277,14:39:30,28.8,-0.1,15,43200,卖盘
278,14:39:27,28.9,0.1,112,323680,买盘
279,14:39:24,28.8,--,69,199238,买盘
280,14:39:21,28.8,--,28,80640,买盘
281,14:39:18,28.8,--,7,20160,买盘
282,14:39:15,28.8,--,27,77760,买盘
283,14:39:12,28.8,--,10,28800,买盘
284,14:39:09,28.8,--,2,5760,买盘
285,14:39:06,28.8,-0.1,400,1154361,卖盘
286,14:39:03,28.9,--,202,583780,卖盘
287,14:39:00,28.9,--,30,86700,卖盘
288,14:38:57,28.9,--,373,1080426,买盘
289,14:38:51,28.9,0.05,75,216750,买盘
290,14:38:48,28.85,-0.04,50,144250,卖盘
291,14:38:45,28.89,0.04,6,17334,买盘
292,14:38:42,28.85,-0.05,3,8655,卖盘
293,14:38:36,28.9,0.05,5,14450,买盘
294,14:38:33,28.85,-0.05,3,8655,卖盘
295,14:38:30,28.9,0.02,74,213860,买盘
296,14:38:24,28.88,--,1,2888,卖盘
297,14:38:18,28.88,-0.02,16,46208,买盘
298,14:38:15,28.9,0.05,91,262990,买盘
299,14:38:12,28.85,-0.03,66,190842,卖盘
300,14:38:09,28.88,--,21,60648,卖盘
301,14:38:06,28.88,0.03,40,115520,买盘
302,14:38:03,28.85,-0.03,3,8655,卖盘
303,14:38:00,28.88,0.03,309,892392,买盘
304,14:37:57,28.85,-0.03,1,2885,卖盘
305,14:37:54,28.88,--,12,34656,买盘
306,14:37:48,28.88,--,5,14440,买盘
307,14:37:45,28.88,--,5,14440,买盘
308,14:37:42,28.88,-0.01,56,161728,卖盘
309,14:37:39,28.89,--,1,2889,买盘
310,14:37:36,28.89,--,117,338013,买盘
311,14:37:33,28.89,--,46,132894,买盘
312,14:37:30,28.89,--,19,54891,卖盘
313,14:37:24,28.89,0.01,66,190674,买盘
314,14:37:21,28.88,-0.01,1,2888,卖盘
315,14:37:18,28.89,--,23,66447,买盘
316,14:37:12,28.89,0.01,8,23112,买盘
317,14:37:09,28.88,-0.01,5,14440,卖盘
318,14:37:06,28.89,0.03,2,5778,买盘
319,14:37:03,28.86,0.01,12,34632,卖盘
320,14:37:00,28.85,-0.04,127,366395,卖盘
321,14:36:57,28.89,0.01,56,161784,买盘
322,14:36:54,28.88,-0.01,7,20216,卖盘
323,14:36:42,28.89,0.01,16,46224,买盘
324,14:36:39,28.88,0.03,9,25992,买盘
325,14:36:33,28.85,--,2,5770,卖盘
326,14:36:30,28.85,--,15,43275,卖盘
327,14:36:27,28.85,-0.04,9,25965,卖盘
328,14:36:24,28.89,0.01,114,329346,买盘
329,14:36:21,28.88,--,33,95304,卖盘
330,14:36:18,28.88,0.03,5,14440,中性盘
331,14:36:12,28.85,-0.04,2,5770,卖盘
332,14:36:09,28.89,0.01,28,80892,买盘
333,14:36:06,28.88,0.03,10,28880,买盘
334,14:36:03,28.85,--,4,11540,卖盘
335,14:36:00,28.85,-0.03,19,54815,卖盘
336,14:35:57,28.88,0.02,24,69312,买盘
337,14:35:54,28.86,-0.02,4,11544,卖盘
338,14:35:51,28.88,--,42,121296,买盘
339,14:35:48,28.88,0.03,154,444752,买盘
340,14:35:42,28.85,-0.03,2,5770,卖盘
341,14:35:39,28.88,0.03,2,5776,买盘
342,14:35:33,28.85,0.02,23,68807,买盘
343,14:35:30,28.83,-0.01,16,46128,卖盘
344,14:35:27,28.84,-0.01,3,8652,卖盘
345,14:35:24,28.85,--,15,43275,买盘
346,14:35:21,28.85,--,12,35052,卖盘
347,14:35:12,28.85,--,130,375050,卖盘
348,14:35:06,28.85,--,10,28850,卖盘
349,14:35:03,28.85,--,2,5770,卖盘
350,14:35:00,28.85,--,15,43275,卖盘
351,14:34:57,28.85,-0.04,10,28850,卖盘
352,14:34:51,28.89,0.04,5,14445,买盘
353,14:34:45,28.85,-0.05,10,28850,卖盘
354,14:34:39,28.9,0.05,2,5780,买盘
355,14:34:36,28.85,-0.03,120,346200,卖盘
356,14:34:33,28.88,--,31,89528,卖盘
357,14:34:30,28.88,-0.02,19,54872,卖盘
358,14:34:24,28.9,0.04,71,205190,买盘
359,14:34:21,28.86,-0.02,5,14430,卖盘
360,14:34:18,28.88,--,71,205048,买盘
361,14:34:12,28.88,--,128,369664,卖盘
362,14:34:09,28.88,-0.02,2,5776,卖盘
363,14:34:06,28.9,--,10,28900,买盘
364,14:34:03,28.9,-0.02,7,20230,卖盘
365,14:34:00,28.92,0.04,17,49164,中性盘
366,14:33:57,28.88,-0.05,113,326344,卖盘
367,14:33:54,28.93,0.01,99,286638,买盘
368,14:33:51,28.92,--,4,11568,卖盘
369,14:33:48,28.92,0.01,28,80976,买盘
370,14:33:45,28.91,--,15,43365,卖盘
371,14:33:42,28.91,-0.02,121,349811,卖盘
372,14:33:39,28.93,0.02,5,14465,买盘
373,14:33:33,28.91,-0.02,3,8673,卖盘
374,14:33:30,28.93,0.02,216,624888,买盘
375,14:33:27,28.91,0.03,45,130095,买盘
376,14:33:21,28.88,-0.03,120,346560,卖盘
377,14:33:18,28.91,-0.01,3,8673,买盘
378,14:33:15,28.92,0.01,200,578400,买盘
379,14:33:12,28.91,-0.01,83,239953,卖盘
380,14:33:09,28.92,0.01,1,2892,买盘
381,14:33:06,28.91,--,30,86730,卖盘
382,14:33:03,28.91,--,20,57820,卖盘
383,14:33:00,28.91,--,26,75166,卖盘
384,14:32:57,28.91,--,10,28910,卖盘
385,14:32:54,28.91,--,8,23128,卖盘
386,14:32:51,28.91,--,10,28910,卖盘
387,14:32:48,28.91,-0.01,3,8673,卖盘
388,14:32:45,28.92,0.02,153,442476,买盘
389,14:32:42,28.9,-0.02,9,26010,卖盘
390,14:32:39,28.92,--,62,179304,买盘
391,14:32:33,28.92,0.01,55,159060,买盘
392,14:32:30,28.91,0.01,19,54929,买盘
393,14:32:27,28.9,--,1,2890,卖盘
394,14:32:24,28.9,0.01,6,17340,买盘
395,14:32:21,28.89,--,6,17334,卖盘
396,14:32:15,28.89,-0.02,10,28890,卖盘
397,14:32:12,28.91,--,2,5782,买盘
398,14:32:06,28.91,0.01,121,349811,买盘
399,14:32:03,28.9,--,5,14450,卖盘
400,14:32:00,28.9,-0.01,15,43350,卖盘
401,14:31:57,28.91,0.02,5,14455,买盘
402,14:31:54,28.89,-0.01,83,242011,卖盘
403,14:31:48,28.9,--,7,20230,买盘
404,14:31:42,28.9,0.01,9,26010,买盘
405,14:31:33,28.89,0.04,3,8667,卖盘
406,14:31:30,28.85,-0.04,292,842420,卖盘
407,14:31:24,28.89,0.04,5,14445,买盘
408,14:31:21,28.85,--,1,2885,卖盘
409,14:31:18,28.85,-0.02,20,57700,卖盘
410,14:31:15,28.87,-0.01,85,245395,中性盘
411,14:31:09,28.88,0.04,3,8664,买盘
412,14:31:06,28.84,--,3,8652,卖盘
413,14:31:03,28.84,-0.01,68,196112,卖盘
414,14:31:00,28.85,-0.02,25,72125,卖盘
415,14:30:57,28.87,0.03,10,28870,买盘
416,14:30:54,28.84,-0.03,129,372036,卖盘
417,14:30:48,28.87,-0.01,2,5774,买盘
418,14:30:36,28.88,0.03,13,37544,买盘
419,14:30:33,28.85,--,16,46160,卖盘
420,14:30:30,28.85,--,15,43275,卖盘
421,14:30:24,28.85,-0.03,2,5770,卖盘
422,14:30:15,28.88,0.05,47,135736,买盘
423,14:30:12,28.83,-0.02,45,129734,卖盘
424,14:30:09,28.85,-0.03,27,77895,卖盘
425,14:30:06,28.88,0.02,4,11552,买盘
426,14:30:03,28.86,0.01,11,31746,买盘
427,14:30:00,28.85,--,15,43275,卖盘
428,14:29:57,28.85,-0.02,2,5770,卖盘
429,14:29:54,28.87,0.02,10,28870,买盘
430,14:29:48,28.85,-0.01,45,129825,卖盘
431,14:29:45,28.86,--,7,20202,买盘
432,14:29:42,28.86,0.01,3,8658,买盘
433,14:29:39,28.85,-0.02,43,124055,卖盘
434,14:29:36,28.87,--,21,60627,买盘
435,14:29:33,28.87,0.01,74,213638,买盘
436,14:29:30,28.86,-0.01,37,106782,卖盘
437,14:29:27,28.87,-0.01,203,586061,卖盘
438,14:29:24,28.88,--,25,72200,买盘
439,14:29:21,28.88,0.01,1,2888,买盘
440,14:29:18,28.87,-0.01,12,34644,中性盘
441,14:29:12,28.88,0.02,15,43320,买盘
442,14:29:09,28.86,-0.02,17,49062,卖盘
443,14:29:06,28.88,0.01,2,5776,买盘
444,14:29:03,28.87,0.01,47,135689,卖盘
445,14:29:00,28.86,0.01,138,398268,卖盘
446,14:28:57,28.85,-0.02,59,170215,卖盘
447,14:28:54,28.87,--,2,5774,买盘
448,14:28:51,28.87,--,41,118367,买盘
449,14:28:45,28.87,--,23,66401,买盘
450,14:28:42,28.87,0.01,4,11548,买盘
451,14:28:39,28.86,--,2,5772,买盘
452,14:28:36,28.86,-0.01,16,46176,中性盘
453,14:28:33,28.87,0.01,19,54853,买盘
454,14:28:30,28.86,--,17,49062,买盘
455,14:28:27,28.86,0.01,53,152958,买盘
456,14:28:24,28.85,--,25,72125,卖盘
457,14:28:21,28.85,--,22,63470,卖盘
458,14:28:18,28.85,--,63,181755,卖盘
459,14:28:15,28.85,0.02,1660,4790052,买盘
460,14:28:12,28.83,--,6,17298,卖盘
461,14:28:09,28.83,0.01,14,40362,卖盘
462,14:28:06,28.82,0.04,4,11528,买盘
463,14:28:03,28.78,--,2,5756,卖盘
464,14:28:00,28.78,-0.04,15,43170,卖盘
465,14:27:54,28.82,--,3,8646,买盘
466,14:27:51,28.82,0.01,5,14410,买盘
467,14:27:48,28.81,--,71,204551,买盘
468,14:27:45,28.81,-0.03,10,28810,买盘
469,14:27:42,28.84,--,47,136211,卖盘
470,14:27:39,28.84,--,58,167272,卖盘
471,14:27:36,28.84,--,2,5768,卖盘
472,14:27:33,28.84,-0.01,2,5768,卖盘
473,14:27:30,28.85,0.01,19,54815,买盘
474,14:27:27,28.84,--,40,115360,卖盘
475,14:27:18,28.84,--,12,34608,卖盘
476,14:27:15,28.84,0.07,74,215636,买盘
477,14:27:12,28.77,-0.07,70,201390,卖盘
478,14:27:09,28.84,--,24,69216,买盘
479,14:27:06,28.84,0.02,84,242919,买盘
480,14:27:03,28.82,--,8,23056,卖盘
481,14:27:00,28.82,-0.01,15,43230,卖盘
482,14:26:57,28.83,--,19,56996,买盘
483,14:26:54,28.83,0.01,102,294066,买盘
484,14:26:42,28.82,0.01,1,2882,买盘
485,14:26:39,28.81,0.04,9,25929,买盘
486,14:26:36,28.77,-0.03,67,192759,卖盘
487,14:26:33,28.8,-0.01,3,8640,卖盘
488,14:26:30,28.81,--,70,201670,买盘
489,14:26:27,28.81,--,26,74906,买盘
490,14:26:24,28.81,--,2,5762,买盘
491,14:26:21,28.81,0.01,2,5762,买盘
492,14:26:15,28.8,-0.01,24,69120,卖盘
493,14:26:06,28.81,0.02,27,77787,买盘
494,14:26:03,28.79,-0.02,23,66217,卖盘
495,14:26:00,28.81,0.01,21,60501,买盘
496,14:25:57,28.8,-0.02,43,123840,卖盘
497,14:25:54,28.82,0.01,53,152746,买盘
498,14:25:51,28.81,-0.01,11,31691,卖盘
499,14:25:48,28.82,0.01,27,77814,买盘
500,14:25:45,28.81,-0.01,6,17286,卖盘
501,14:25:42,28.82,--,14,40348,买盘
502,14:25:36,28.82,--,18,51876,卖盘
503,14:25:33,28.82,-0.03,6,17292,卖盘
504,14:25:30,28.85,0.02,27,77895,买盘
505,14:25:27,28.83,--,20,57660,中性盘
506,14:25:24,28.83,--,61,175863,买盘
507,14:25:21,28.83,-0.01,16,46128,买盘
508,14:25:18,28.84,-0.02,118,340312,卖盘
509,14:25:15,28.86,--,5,14430,卖盘
510,14:25:12,28.86,-0.01,3,8658,卖盘
511,14:25:09,28.87,--,43,124141,卖盘
512,14:25:06,28.87,-0.01,65,187655,中性盘
513,14:25:03,28.88,0.02,8,23104,买盘
514,14:25:00,28.86,--,45,129870,卖盘
515,14:24:57,28.86,-0.02,14,40404,卖盘
516,14:24:54,28.88,0.02,12,34656,买盘
517,14:24:51,28.86,-0.02,25,72150,卖盘
518,14:24:48,28.88,-0.01,30,86640,买盘
519,14:24:45,28.89,--,50,144450,买盘
520,14:24:42,28.89,--,108,312012,买盘
521,14:24:39,28.89,--,17,49113,买盘
522,14:24:36,28.89,0.02,6,17334,买盘
523,14:24:33,28.87,-0.03,12,34644,卖盘
524,14:24:30,28.9,--,16,46240,买盘
525,14:24:27,28.9,--,11,31790,买盘
526,14:24:24,28.9,0.04,3,8670,买盘
527,14:24:21,28.86,--,54,155844,卖盘
528,14:24:18,28.86,--,5,14430,卖盘
529,14:24:15,28.86,-0.04,52,150072,卖盘
530,14:24:12,28.9,--,5,14450,买盘
531,14:24:09,28.9,0.02,51,147390,买盘
532,14:24:06,28.88,-0.03,72,207936,卖盘
533,14:24:03,28.91,--,10,28910,卖盘
534,14:24:00,28.91,-0.02,15,43365,中性盘
535,14:23:54,28.93,0.03,178,514954,买盘
536,14:23:51,28.9,-0.01,29,83810,卖盘
537,14:23:48,28.91,--,5,14455,买盘
538,14:23:45,28.91,--,64,185024,买盘
539,14:23:42,28.91,--,24,69384,买盘
540,14:23:39,28.91,-0.01,2,5782,买盘
541,14:23:36,28.92,0.04,12,34704,买盘
542,14:23:33,28.88,--,12,34656,卖盘
543,14:23:30,28.88,-0.04,110,317680,卖盘
544,14:23:27,28.92,0.04,85,245820,买盘
545,14:23:24,28.88,--,20,57760,卖盘
546,14:23:21,28.88,-0.03,72,207936,卖盘
547,14:23:18,28.91,0.01,210,607110,买盘
548,14:23:12,28.9,0.01,24,69360,中性盘
549,14:23:09,28.89,-0.01,34,98226,卖盘
550,14:23:06,28.9,--,56,161840,买盘
551,14:23:03,28.9,0.02,47,135830,买盘
552,14:23:00,28.88,-0.01,15,43320,卖盘
553,14:22:54,28.89,0.01,180,520020,买盘
554,14:22:51,28.88,-0.01,26,75088,卖盘
555,14:22:48,28.89,0.03,552,1594728,买盘
556,14:22:45,28.86,0.05,214,617604,买盘
557,14:22:42,28.81,-0.01,15,43215,卖盘
558,14:22:39,28.82,0.01,8,23056,买盘
559,14:22:36,28.81,--,5,14405,卖盘
560,14:22:33,28.81,0.01,63,182914,买盘
561,14:22:30,28.8,--,183,527040,买盘
562,14:22:27,28.8,0.02,195,561600,买盘
563,14:22:21,28.78,0.01,9,25902,卖盘
564,14:22:18,28.77,-0.01,351,1010891,卖盘
565,14:22:15,28.78,0.01,185,532430,买盘
566,14:22:12,28.77,0.01,14,40278,中性盘
567,14:22:03,28.76,-0.02,2,5752,卖盘
568,14:22:00,28.78,0.02,48,138144,买盘
569,14:21:57,28.76,-0.01,8,23008,卖盘
570,14:21:54,28.77,--,14,40278,买盘
571,14:21:51,28.77,0.01,160,460320,买盘
572,14:21:45,28.76,0.06,30,86280,买盘
573,14:21:36,28.7,-0.01,132,378840,卖盘
574,14:21:33,28.71,0.01,4,11484,买盘
575,14:21:30,28.7,-0.04,30,86100,卖盘
576,14:21:27,28.74,0.04,6,17244,买盘
577,14:21:24,28.7,--,28,80360,卖盘
578,14:21:21,28.7,--,714,2049180,买盘
579,14:21:18,28.7,--,60,172200,买盘
580,14:21:15,28.7,--,140,401800,买盘
581,14:21:12,28.7,--,20,57400,买盘
582,14:21:09,28.7,--,229,657230,买盘
583,14:21:06,28.7,--,233,668710,买盘
584,14:21:03,28.7,0.03,80,229600,买盘
585,14:21:00,28.67,-0.03,157,450119,卖盘
586,14:20:57,28.7,--,90,258300,买盘
587,14:20:54,28.7,--,44,126280,买盘
588,14:20:51,28.7,0.01,38,109060,买盘
589,14:20:48,28.69,-0.01,1,2869,卖盘
590,14:20:45,28.7,0.01,24,68880,买盘
591,14:20:42,28.69,--,254,728726,买盘
592,14:20:39,28.69,0.02,27,77463,买盘
593,14:20:36,28.67,-0.01,104,298168,卖盘
594,14:20:33,28.68,-0.01,5,14340,卖盘
595,14:20:30,28.69,0.01,26,74594,买盘
596,14:20:24,28.68,0.01,126,361368,买盘
597,14:20:21,28.67,--,75,215025,卖盘
598,14:20:18,28.67,--,5,14335,卖盘
599,14:20:09,28.67,--,8,22936,中性盘
600,14:20:06,28.67,0.04,11,31537,买盘
601,14:20:03,28.63,0.01,24,68712,卖盘
602,14:20:00,28.62,-0.05,17,48654,卖盘
603,14:19:57,28.67,0.02,1,2867,买盘
604,14:19:54,28.65,--,12,34380,买盘
605,14:19:48,28.65,--,2,5730,买盘
606,14:19:45,28.65,0.01,133,381045,买盘
607,14:19:39,28.64,0.03,6,17184,买盘
608,14:19:33,28.61,-0.01,4,11444,卖盘
609,14:19:30,28.62,-0.04,15,42930,卖盘
610,14:19:27,28.66,-0.01,23,65918,中性盘
611,14:19:24,28.67,0.02,5,14335,买盘
612,14:19:21,28.65,-0.02,1,2865,卖盘
613,14:19:15,28.67,0.07,2,5734,买盘
614,14:19:09,28.6,-0.01,95,271700,卖盘
615,14:19:03,28.61,--,42,120162,卖盘
616,14:19:00,28.61,-0.07,15,42915,卖盘
617,14:18:54,28.68,0.07,13,37284,买盘
618,14:18:51,28.61,-0.03,46,131606,卖盘
619,14:18:48,28.64,--,54,154656,买盘
620,14:18:45,28.64,--,17,48688,买盘
621,14:18:42,28.64,--,6,17184,买盘
622,14:18:36,28.64,0.03,5,14320,买盘
623,14:18:33,28.61,-0.03,2,5722,卖盘
624,14:18:30,28.64,-0.04,21,60144,卖盘
625,14:18:27,28.68,--,34,97512,买盘
626,14:18:24,28.68,--,1,2868,买盘
627,14:18:15,28.68,0.01,50,143400,买盘
628,14:18:12,28.67,-0.01,1,2867,卖盘
629,14:18:06,28.68,0.07,26,74568,买盘
630,14:18:03,28.61,-0.06,2,5722,卖盘
631,14:18:00,28.67,--,15,43005,中性盘
632,14:17:54,28.67,0.06,3,8601,买盘
633,14:17:48,28.61,-0.06,98,280378,卖盘
634,14:17:45,28.67,0.06,9,25803,买盘
635,14:17:42,28.61,--,10,28610,卖盘
636,14:17:36,28.61,-0.01,24,68664,卖盘
637,14:17:33,28.62,--,3,8586,卖盘
638,14:17:30,28.62,--,15,42930,卖盘
639,14:17:27,28.62,-0.05,1,2862,中性盘
640,14:17:24,28.67,0.06,3,8601,买盘
641,14:17:18,28.61,-0.06,20,57220,卖盘
642,14:17:15,28.67,--,6,17202,买盘
643,14:17:12,28.67,0.06,11,31537,买盘
644,14:17:09,28.61,-0.03,93,266073,卖盘
645,14:17:03,28.64,0.03,2,5728,中性盘
646,14:17:00,28.61,-0.03,50,143050,卖盘
647,14:16:54,28.64,-0.03,3,8592,中性盘
648,14:16:51,28.67,0.03,18,51606,买盘
649,14:16:48,28.64,--,5,14320,买盘
650,14:16:36,28.64,0.02,20,57280,买盘
651,14:16:33,28.62,-0.05,33,94446,卖盘
652,14:16:30,28.67,-0.01,145,415715,卖盘
653,14:16:27,28.68,0.01,25,71700,买盘
654,14:16:24,28.67,--,47,134749,卖盘
655,14:16:18,28.67,--,30,86010,卖盘
656,14:16:12,28.67,0.07,1,2867,中性盘
657,14:16:09,28.6,-0.07,230,657800,卖盘
658,14:16:06,28.67,--,4,11468,卖盘
659,14:16:03,28.67,--,4,11468,卖盘
660,14:16:00,28.67,--,25,71675,买盘
661,14:15:57,28.67,--,75,215025,买盘
662,14:15:54,28.67,--,2,5734,买盘
663,14:15:51,28.67,0.05,31,88877,买盘
664,14:15:45,28.62,-0.06,21,60102,卖盘
665,14:15:39,28.68,0.06,5,14340,买盘
666,14:15:36,28.62,-0.01,190,543780,卖盘
667,14:15:33,28.63,-0.05,2,5726,卖盘
668,14:15:30,28.68,0.02,18,51624,买盘
669,14:15:27,28.66,--,2,5732,卖盘
670,14:15:24,28.66,-0.02,7,20062,中性盘
671,14:15:18,28.68,--,67,192156,买盘
672,14:15:15,28.68,0.07,28,80304,买盘
673,14:15:12,28.61,--,5,14305,卖盘
674,14:15:09,28.61,-0.07,20,57220,卖盘
675,14:15:06,28.68,0.08,1,2868,买盘
676,14:15:03,28.6,--,16,45760,卖盘
677,14:15:00,28.6,--,15,42900,卖盘
678,14:14:51,28.6,--,109,314028,买盘
679,14:14:48,28.6,--,13,37180,买盘
680,14:14:45,28.6,--,45,128700,买盘
681,14:14:42,28.6,--,71,203060,买盘
682,14:14:39,28.6,--,66,188760,买盘
683,14:14:36,28.6,--,22,62920,买盘
684,14:14:33,28.6,--,103,294580,买盘
685,14:14:30,28.6,--,207,592020,买盘
686,14:14:27,28.6,--,206,589160,买盘
687,14:14:24,28.6,--,118,337480,买盘
688,14:14:21,28.6,--,23,65780,买盘
689,14:14:18,28.6,--,35,100100,买盘
690,14:14:12,28.6,--,151,431860,买盘
691,14:14:09,28.6,--,13,37180,买盘
692,14:14:06,28.6,--,58,165880,买盘
693,14:14:03,28.6,-0.03,470,1344200,卖盘
694,14:14:00,28.63,--,28,80164,卖盘
695,14:13:57,28.63,--,21,60123,卖盘
696,14:13:51,28.63,--,3,8589,买盘
697,14:13:48,28.63,--,60,171780,买盘
698,14:13:45,28.63,0.01,196,561148,买盘
699,14:13:42,28.62,-0.01,22,62964,卖盘
700,14:13:39,28.63,--,102,292026,买盘
701,14:13:36,28.63,0.01,171,489573,买盘
702,14:13:33,28.62,--,3,8586,卖盘
703,14:13:30,28.62,-0.01,78,223236,卖盘
704,14:13:27,28.63,--,62,177506,买盘
705,14:13:24,28.63,0.01,1000,2863000,买盘
706,14:13:21,28.62,-0.01,22,62964,卖盘
707,14:13:18,28.63,--,18,51534,买盘
708,14:13:15,28.63,-0.03,403,1153789,卖盘
709,14:13:06,28.66,--,18,51588,买盘
710,14:13:03,28.66,--,25,71650,买盘
711,14:13:00,28.66,--,17,48722,买盘
712,14:12:57,28.66,--,3,8598,买盘
713,14:12:54,28.66,--,26,74516,卖盘
714,14:12:51,28.66,-0.03,28,80248,卖盘
715,14:12:48,28.69,-0.01,1,2869,卖盘
716,14:12:45,28.7,--,38,109060,买盘
717,14:12:42,28.7,--,34,97580,买盘
718,14:12:39,28.7,--,10,28700,买盘
719,14:12:36,28.7,0.01,5,14350,买盘
720,14:12:33,28.69,-0.01,12,34428,卖盘
721,14:12:30,28.7,--,30,86100,买盘
722,14:12:27,28.7,0.01,4,11480,买盘
723,14:12:24,28.69,-0.01,5,14345,卖盘
724,14:12:21,28.7,--,17,48790,买盘
725,14:12:18,28.7,0.02,69,198030,买盘
726,14:12:15,28.68,-0.02,27,77436,卖盘
727,14:12:12,28.7,0.01,1,2870,买盘
728,14:12:09,28.69,-0.01,26,74594,卖盘
729,14:12:06,28.7,0.01,45,129150,买盘
730,14:12:03,28.69,-0.01,3,8607,卖盘
731,14:12:00,28.7,--,21,60270,买盘
732,14:11:57,28.7,0.01,1,2870,买盘
733,14:11:54,28.69,--,12,34428,买盘
734,14:11:51,28.69,--,2,5738,买盘
735,14:11:48,28.69,-0.01,3,8607,卖盘
736,14:11:42,28.7,0.03,77,220990,买盘
737,14:11:39,28.67,-0.03,27,77409,卖盘
738,14:11:36,28.7,--,116,332920,买盘
739,14:11:33,28.7,--,37,106190,买盘
740,14:11:30,28.7,--,46,132020,买盘
741,14:11:27,28.7,--,35,100450,买盘
742,14:11:24,28.7,--,6,17220,买盘
743,14:11:21,28.7,--,7,20090,买盘
744,14:11:12,28.7,-0.05,37,106190,卖盘
745,14:11:09,28.75,0.03,22,63250,买盘
746,14:11:06,28.72,-0.03,69,198168,卖盘
747,14:11:03,28.75,-0.01,29,83375,卖盘
748,14:11:00,28.76,--,16,46016,买盘
749,14:10:57,28.76,0.01,1,2876,买盘
750,14:10:54,28.75,--,21,60375,卖盘
751,14:10:48,28.75,0.05,1913,5499875,买盘
752,14:10:45,28.7,0.05,9,25830,买盘
753,14:10:36,28.65,--,60,171900,卖盘
754,14:10:33,28.65,--,481,1378065,买盘
755,14:10:30,28.65,--,104,297960,买盘
756,14:10:27,28.65,--,97,277905,买盘
757,14:10:24,28.65,--,175,501375,买盘
758,14:10:21,28.65,0.01,10,28650,买盘
759,14:10:18,28.64,-0.01,21,60144,卖盘
760,14:10:15,28.65,0.02,58,166170,买盘
761,14:10:12,28.63,-0.02,30,85890,卖盘
762,14:10:09,28.65,--,20,57300,买盘
763,14:10:06,28.65,0.01,28,80220,买盘
764,14:10:03,28.64,-0.01,3,8592,中性盘
765,14:10:00,28.65,0.02,551,1578615,买盘
766,14:09:57,28.63,--,13,37219,卖盘
767,14:09:54,28.63,--,23,65849,卖盘
768,14:09:51,28.63,-0.02,70,200410,卖盘
769,14:09:48,28.65,--,60,171900,买盘
770,14:09:45,28.65,--,5,14325,买盘
771,14:09:42,28.65,--,36,103140,买盘
772,14:09:39,28.65,--,2,5730,买盘
773,14:09:36,28.65,0.02,15,42975,买盘
774,14:09:33,28.63,-0.02,12,34356,卖盘
775,14:09:30,28.65,--,58,166170,买盘
776,14:09:27,28.65,--,29,83085,买盘
777,14:09:24,28.65,--,100,286500,买盘
778,14:09:21,28.65,0.02,10,28650,买盘
779,14:09:18,28.63,-0.02,63,180369,卖盘
780,14:09:15,28.65,--,16,45840,买盘
781,14:09:12,28.65,--,104,297960,买盘
782,14:09:09,28.65,--,8,22920,买盘
783,14:09:06,28.65,0.01,44,126060,买盘
784,14:09:03,28.64,-0.01,25,71600,卖盘
785,14:09:00,28.65,--,23,65895,买盘
786,14:08:57,28.65,--,1,2865,买盘
787,14:08:54,28.65,--,4,11460,买盘
788,14:08:51,28.65,0.02,19,54435,买盘
789,14:08:42,28.63,-0.02,28,80164,卖盘
790,14:08:39,28.65,0.02,10,28650,买盘
791,14:08:36,28.63,-0.01,68,194684,卖盘
792,14:08:33,28.64,0.01,10,28640,中性盘
793,14:08:30,28.63,-0.02,38,108794,卖盘
794,14:08:27,28.65,--,10,28650,买盘
795,14:08:24,28.65,--,10,28650,买盘
796,14:08:21,28.65,--,51,146115,买盘
797,14:08:15,28.65,-0.03,59,169035,卖盘
798,14:08:12,28.68,0.01,38,108984,买盘
799,14:08:09,28.67,-0.01,15,43005,卖盘
800,14:08:06,28.68,0.02,43,123324,买盘
801,14:08:03,28.66,0.01,5,14330,卖盘
802,14:08:00,28.65,-0.03,84,240660,卖盘
803,14:07:54,28.68,-0.02,41,117588,中性盘
804,14:07:48,28.7,--,5,14350,买盘
805,14:07:45,28.7,--,1,2870,买盘
806,14:07:39,28.7,--,59,169330,买盘
807,14:07:36,28.7,0.04,12,34440,买盘
808,14:07:33,28.66,0.01,2,5732,卖盘
809,14:07:30,28.65,-0.04,15,42975,卖盘
810,14:07:27,28.69,0.04,25,71725,中性盘
811,14:07:24,28.65,-0.05,40,114600,卖盘
812,14:07:21,28.7,0.05,428,1228360,买盘
813,14:07:18,28.65,-0.05,22,63030,卖盘
814,14:07:15,28.7,0.02,9,25830,买盘
815,14:07:12,28.68,-0.01,12,34416,卖盘
816,14:07:06,28.69,0.03,72,206568,买盘
817,14:07:03,28.66,--,3,8598,卖盘
818,14:07:00,28.66,-0.02,15,42990,卖盘
819,14:06:54,28.68,--,4,11472,买盘
820,14:06:51,28.68,0.01,30,86040,中性盘
821,14:06:48,28.67,-0.02,43,123281,卖盘
822,14:06:45,28.69,--,65,186485,买盘
823,14:06:42,28.69,0.01,17,48773,中性盘
824,14:06:39,28.68,-0.01,21,60228,卖盘
825,14:06:33,28.69,-0.01,4,11476,卖盘
826,14:06:30,28.7,--,18,51660,买盘
827,14:06:24,28.7,--,1,2870,买盘
828,14:06:21,28.7,--,1,2870,买盘
829,14:06:18,28.7,0.02,14,40180,买盘
830,14:06:15,28.68,-0.02,25,71700,卖盘
831,14:06:12,28.7,0.02,43,123410,买盘
832,14:06:09,28.68,-0.01,27,77436,卖盘
833,14:06:06,28.69,0.02,5,14345,买盘
834,14:06:03,28.67,-0.01,30,86010,卖盘
835,14:06:00,28.68,-0.02,16,45888,卖盘
836,14:05:57,28.7,0.02,3,8610,买盘
837,14:05:54,28.68,-0.02,6,17208,卖盘
838,14:05:51,28.7,--,9,25830,买盘
839,14:05:45,28.7,0.03,12,34440,买盘
840,14:05:42,28.67,--,14,40138,卖盘
841,14:05:39,28.67,--,24,68808,卖盘
842,14:05:36,28.67,0.01,41,117547,中性盘
843,14:05:33,28.66,-0.04,32,91712,卖盘
844,14:05:30,28.7,0.03,16,45920,买盘
845,14:05:27,28.67,-0.03,20,57340,卖盘
846,14:05:21,28.7,0.04,17,48790,买盘
847,14:05:18,28.66,-0.04,22,63052,卖盘
848,14:05:15,28.7,--,4,11480,买盘
849,14:05:09,28.7,0.04,10,28700,买盘
850,14:05:03,28.66,0.03,12,34392,买盘
851,14:05:00,28.63,-0.03,116,332108,卖盘
852,14:04:57,28.66,--,6,17196,买盘
853,14:04:54,28.66,-0.04,44,126104,卖盘
854,14:04:48,28.7,--,3,8610,买盘
855,14:04:45,28.7,0.01,5,14350,买盘
856,14:04:42,28.69,--,28,80332,买盘
857,14:04:39,28.69,0.01,52,149188,买盘
858,14:04:36,28.68,--,5,14340,卖盘
859,14:04:33,28.68,--,4,11472,卖盘
860,14:04:30,28.68,--,15,43020,卖盘
861,14:04:24,28.68,--,18,51624,中性盘
862,14:04:21,28.68,--,110,315480,买盘
863,14:04:18,28.68,0.03,24,68832,买盘
864,14:04:15,28.65,-0.03,94,269310,卖盘
865,14:04:12,28.68,--,5,14340,买盘
866,14:04:09,28.68,--,10,28680,买盘
867,14:04:06,28.68,0.02,3,8604,买盘
868,14:04:03,28.66,0.01,3,8598,中性盘
869,14:04:00,28.65,-0.03,15,42975,卖盘
870,14:03:57,28.68,--,3,8604,买盘
871,14:03:51,28.68,-0.01,2,5736,买盘
872,14:03:48,28.69,0.04,41,117629,买盘
873,14:03:45,28.65,-0.01,8,22920,买盘
874,14:03:42,28.66,-0.03,67,192022,卖盘
875,14:03:39,28.69,--,50,143450,买盘
876,14:03:36,28.69,0.04,3,8607,买盘
877,14:03:33,28.65,--,51,146115,卖盘
878,14:03:30,28.65,0.01,15,42975,卖盘
879,14:03:24,28.64,-0.01,19,54416,中性盘
880,14:03:18,28.65,--,1,2865,买盘
881,14:03:15,28.65,--,3,8595,买盘
882,14:03:12,28.65,--,2,5730,买盘
883,14:03:09,28.65,--,15,42975,卖盘
884,14:03:06,28.65,-0.03,72,206280,卖盘
885,14:03:03,28.68,-0.01,45,129060,卖盘
886,14:03:00,28.69,0.01,17,48773,买盘
887,14:02:57,28.68,-0.01,1,2868,卖盘
888,14:02:51,28.69,-0.01,4,11476,卖盘
889,14:02:48,28.7,0.02,3,8610,买盘
890,14:02:45,28.68,-0.02,11,31548,卖盘
891,14:02:42,28.7,--,49,140630,买盘
892,14:02:39,28.7,--,15,43050,卖盘
893,14:02:36,28.7,--,2,5740,卖盘
894,14:02:33,28.7,0.02,49,140630,卖盘
895,14:02:30,28.68,-0.07,88,252384,卖盘
896,14:02:27,28.75,--,18,51750,买盘
897,14:02:24,28.75,--,4,11500,买盘
898,14:02:18,28.75,--,11,31625,买盘
899,14:02:15,28.75,--,2,5750,买盘
900,14:02:12,28.75,0.02,5,14375,买盘
901,14:02:09,28.73,--,5,14365,卖盘
902,14:02:03,28.73,-0.03,30,86190,卖盘
903,14:02:00,28.76,0.06,20,57520,买盘
904,14:01:57,28.7,-0.03,37,107653,卖盘
905,14:01:54,28.73,--,22,63206,卖盘
906,14:01:51,28.73,-0.03,54,155142,卖盘
907,14:01:48,28.76,--,1,2876,买盘
908,14:01:45,28.76,--,30,86280,卖盘
909,14:01:42,28.76,--,5,14380,卖盘
910,14:01:39,28.76,--,8,23008,卖盘
911,14:01:36,28.76,0.02,3,8628,买盘
912,14:01:33,28.74,-0.02,2,5748,卖盘
913,14:01:30,28.76,--,32,92032,买盘
914,14:01:27,28.76,--,1,2876,买盘
915,14:01:24,28.76,--,15,43140,买盘
916,14:01:21,28.76,0.02,63,182597,买盘
917,14:01:18,28.74,-0.01,11,31614,买盘
918,14:01:15,28.75,-0.03,75,217091,卖盘
919,14:01:12,28.78,--,1,2878,买盘
920,14:01:09,28.78,0.02,18,51804,买盘
921,14:01:03,28.76,--,5,14380,买盘
922,14:01:00,28.76,-0.01,50,143800,中性盘
923,14:00:57,28.77,--,50,143850,买盘
924,14:00:48,28.77,--,2,5754,买盘
925,14:00:45,28.77,0.01,47,135219,买盘
926,14:00:42,28.76,0.02,265,763549,买盘
927,14:00:39,28.74,0.04,4,11496,买盘
928,14:00:36,28.7,-0.05,74,212380,卖盘
929,14:00:33,28.75,0.01,18,51750,买盘
930,14:00:30,28.74,0.04,25,71850,买盘
931,14:00:27,28.7,--,40,114800,卖盘
932,14:00:24,28.7,--,50,143500,买盘
933,14:00:21,28.7,--,6,17220,买盘
934,14:00:18,28.7,--,46,132020,买盘
935,14:00:15,28.7,--,9,25830,买盘
936,14:00:12,28.7,--,33,94710,买盘
937,14:00:09,28.7,-0.05,356,1021720,卖盘
938,14:00:06,28.75,0.01,24,69000,买盘
939,14:00:03,28.74,0.04,26,74724,买盘
940,14:00:00,28.7,-0.03,85,243950,卖盘
941,13:59:57,28.73,-0.02,6,17238,卖盘
942,13:59:54,28.75,0.02,25,71875,买盘
943,13:59:51,28.73,--,4,11492,卖盘
944,13:59:45,28.73,-0.02,1,2873,卖盘
945,13:59:42,28.75,--,14,40250,买盘
946,13:59:39,28.75,0.02,21,60375,买盘
947,13:59:36,28.73,0.03,20,57460,买盘
948,13:59:33,28.7,-0.05,59,169330,卖盘
949,13:59:30,28.75,0.02,315,905625,买盘
950,13:59:27,28.73,0.03,1,2873,买盘
951,13:59:24,28.7,-0.03,74,212380,卖盘
952,13:59:21,28.73,--,58,166634,买盘
953,13:59:18,28.73,0.01,63,180999,买盘
954,13:59:12,28.72,-0.01,23,66056,买盘
955,13:59:06,28.73,0.02,38,109174,买盘
956,13:59:03,28.71,-0.01,3,8613,中性盘
957,13:59:00,28.72,--,18,51696,买盘
958,13:58:57,28.72,0.02,12,34464,买盘
959,13:58:54,28.7,-0.02,43,123410,卖盘
960,13:58:51,28.72,0.02,6,17232,买盘
961,13:58:48,28.7,--,53,152110,卖盘
962,13:58:45,28.7,-0.02,20,57400,卖盘
963,13:58:42,28.72,0.02,1,2872,买盘
964,13:58:39,28.7,0.1,587,1684690,买盘
965,13:58:36,28.6,-0.01,145,414700,卖盘
966,13:58:33,28.61,--,27,77247,买盘
967,13:58:30,28.61,--,25,71525,买盘
968,13:58:27,28.61,--,3,8583,买盘
969,13:58:21,28.61,0.01,28,80108,买盘
970,13:58:18,28.6,--,40,114400,卖盘
971,13:58:15,28.6,0.04,41,117260,买盘
972,13:58:12,28.56,-0.01,101,288456,卖盘
973,13:58:09,28.57,--,20,57140,卖盘
974,13:58:06,28.57,--,31,88567,卖盘
975,13:58:03,28.57,--,329,939953,卖盘
976,13:58:00,28.57,-0.01,20,57140,卖盘
977,13:57:57,28.58,--,1315,3758270,买盘
978,13:57:48,28.58,--,197,563026,买盘
979,13:57:45,28.58,--,3,8574,买盘
980,13:57:42,28.58,-0.02,454,1297532,卖盘
981,13:57:39,28.6,--,27,77220,买盘
982,13:57:36,28.6,0.01,19,54340,买盘
983,13:57:33,28.59,--,4,11436,卖盘
984,13:57:30,28.59,-0.01,15,42885,卖盘
985,13:57:27,28.6,--,124,354640,买盘
986,13:57:24,28.6,--,3,8580,买盘
987,13:57:21,28.6,--,72,205920,卖盘
988,13:57:03,28.6,--,5,14300,卖盘
989,13:57:00,28.6,--,31,88660,买盘
990,13:56:54,28.6,--,5,14300,买盘
991,13:56:51,28.6,--,18,51480,卖盘
992,13:56:45,28.6,-0.01,2,5720,卖盘
993,13:56:39,28.61,0.01,19,54359,买盘
994,13:56:36,28.6,--,7,20020,卖盘
995,13:56:33,28.6,--,2,5720,卖盘
996,13:56:30,28.6,-0.01,30,85800,卖盘
997,13:56:27,28.61,--,2,5722,买盘
998,13:56:24,28.61,0.01,13,37193,买盘
999,13:56:21,28.6,--,4,11440,卖盘
1000,13:56:18,28.6,-0.01,2,5720,卖盘
1001,13:56:12,28.61,0.01,2,5722,买盘
1002,13:56:03,28.6,--,31,88660,买盘
1003,13:56:00,28.6,--,26,74360,买盘
1004,13:55:57,28.6,--,2,5720,买盘
1005,13:55:54,28.6,--,23,65780,买盘
1006,13:55:51,28.6,0.01,72,205920,中性盘
1007,13:55:48,28.59,--,62,177258,卖盘
1008,13:55:45,28.59,-0.02,19,54321,卖盘
1009,13:55:42,28.61,0.01,70,200270,买盘
1010,13:55:36,28.6,0.01,9,25740,买盘
1011,13:55:33,28.59,--,26,74334,卖盘
1012,13:55:30,28.59,-0.01,15,42885,卖盘
1013,13:55:27,28.6,-0.01,45,128700,卖盘
1014,13:55:24,28.61,--,20,57220,买盘
1015,13:55:21,28.61,-0.01,15,42915,卖盘
1016,13:55:18,28.62,0.02,10,28620,买盘
1017,13:55:03,28.6,-0.02,2,5720,卖盘
1018,13:55:00,28.62,--,17,48654,买盘
1019,13:54:54,28.62,--,46,131652,买盘
1020,13:54:51,28.62,--,28,80136,买盘
1021,13:54:45,28.62,-0.03,84,240408,卖盘
1022,13:54:39,28.65,0.05,458,1312170,买盘
1023,13:54:36,28.6,-0.01,114,326040,卖盘
1024,13:54:33,28.61,-0.02,35,100135,卖盘
1025,13:54:30,28.63,-0.01,72,206136,卖盘
1026,13:54:18,28.64,0.02,57,163248,买盘
1027,13:54:15,28.62,--,31,88722,买盘
1028,13:54:12,28.62,-0.01,42,120204,买盘
1029,13:54:09,28.63,0.01,4,11452,买盘
1030,13:54:06,28.62,--,5,14310,卖盘
1031,13:54:03,28.62,--,2,5724,卖盘
1032,13:54:00,28.62,--,15,42930,卖盘
1033,13:53:51,28.62,0.01,8,22896,中性盘
1034,13:53:48,28.61,-0.03,2,5722,卖盘
1035,13:53:42,28.64,--,13,37232,买盘
1036,13:53:39,28.64,--,1,2864,买盘
1037,13:53:36,28.64,0.02,6,17184,买盘
1038,13:53:33,28.62,0.01,30,85860,中性盘
1039,13:53:30,28.61,--,15,42915,卖盘
1040,13:53:27,28.61,-0.04,98,280378,卖盘
1041,13:53:21,28.65,--,1,2865,买盘
1042,13:53:18,28.65,0.01,233,667545,买盘
1043,13:53:15,28.64,--,1,2864,卖盘
1044,13:53:09,28.64,0.03,2,5728,买盘
1045,13:53:06,28.61,-0.02,120,343320,卖盘
1046,13:53:03,28.63,0.02,4,11452,中性盘
1047,13:53:00,28.61,-0.01,139,397679,卖盘
1048,13:52:57,28.62,--,1,2862,买盘
1049,13:52:48,28.62,--,3,8586,买盘
1050,13:52:45,28.62,0.02,21,60102,买盘
1051,13:52:42,28.6,-0.01,7,20020,卖盘
1052,13:52:39,28.61,0.01,1,2861,买盘
1053,13:52:33,28.6,--,50,143000,卖盘
1054,13:52:30,28.6,-0.01,16,45760,卖盘
1055,13:52:27,28.61,--,40,114440,买盘
1056,13:52:18,28.61,0.02,11,31471,买盘
1057,13:52:12,28.59,--,3,8577,卖盘
1058,13:52:03,28.59,0.01,3,8577,卖盘
1059,13:52:00,28.58,--,15,42870,卖盘
1060,13:51:57,28.58,--,1,2858,卖盘
1061,13:51:54,28.58,-0.03,113,322954,卖盘
1062,13:51:48,28.61,0.02,125,357625,买盘
1063,13:51:45,28.59,--,4,11436,卖盘
1064,13:51:42,28.59,-0.02,103,294477,卖盘
1065,13:51:36,28.61,0.02,6,17166,买盘
1066,13:51:33,28.59,--,31,88629,卖盘
1067,13:51:30,28.59,-0.02,15,42885,卖盘
1068,13:51:27,28.61,0.01,123,351903,中性盘
1069,13:51:21,28.6,-0.01,49,140140,卖盘
1070,13:51:18,28.61,0.01,33,94413,买盘
1071,13:51:15,28.6,-0.01,6,17160,卖盘
1072,13:51:12,28.61,--,30,85830,买盘
1073,13:51:06,28.61,0.01,6,17166,买盘
1074,13:51:03,28.6,0.01,4,11440,卖盘
1075,13:51:00,28.59,-0.01,15,42885,卖盘
1076,13:50:54,28.6,--,4,11440,买盘
1077,13:50:51,28.6,--,27,77220,买盘
1078,13:50:48,28.6,--,66,188760,卖盘
1079,13:50:45,28.6,--,3,8580,卖盘
1080,13:50:36,28.6,--,7,20020,卖盘
1081,13:50:33,28.6,0.01,2,5720,中性盘
1082,13:50:30,28.59,-0.02,15,42885,卖盘
1083,13:50:24,28.61,--,129,369069,买盘
1084,13:50:21,28.61,0.01,2,5722,买盘
1085,13:50:18,28.6,-0.01,10,28600,卖盘
1086,13:50:12,28.61,0.01,1,2861,买盘
1087,13:50:06,28.6,0.02,112,320320,买盘
1088,13:50:03,28.58,--,4,11432,卖盘
1089,13:50:00,28.58,-0.02,15,42870,卖盘
1090,13:49:57,28.6,--,12,34320,买盘
1091,13:49:54,28.6,--,81,231660,买盘
1092,13:49:51,28.6,--,218,623480,买盘
1093,13:49:48,28.6,--,1,2860,买盘
1094,13:49:45,28.6,-0.01,319,912340,卖盘
1095,13:49:42,28.61,--,15,42915,买盘
1096,13:49:39,28.61,--,6,17166,买盘
1097,13:49:36,28.61,0.01,1,2861,买盘
1098,13:49:33,28.6,--,30,85800,卖盘
1099,13:49:30,28.6,-0.01,15,42900,卖盘
1100,13:49:27,28.61,-0.01,18,51498,卖盘
1101,13:49:24,28.62,--,1,2862,买盘
1102,13:49:21,28.62,0.01,10,28620,买盘
1103,13:49:18,28.61,-0.01,25,71525,卖盘
1104,13:49:12,28.62,0.02,2,5724,买盘
1105,13:49:03,28.6,--,23,65780,卖盘
1106,13:49:00,28.6,-0.02,64,183040,卖盘
1107,13:48:54,28.62,0.01,2,5724,买盘
1108,13:48:51,28.61,--,29,82969,卖盘
1109,13:48:48,28.61,--,18,51498,买盘
1110,13:48:39,28.61,--,1,2861,买盘
1111,13:48:36,28.61,--,11,31471,卖盘
1112,13:48:33,28.61,--,42,120162,卖盘
1113,13:48:30,28.61,-0.03,15,42915,卖盘
1114,13:48:27,28.64,--,11,31504,买盘
1115,13:48:24,28.64,0.03,37,105968,买盘
1116,13:48:18,28.61,-0.03,47,134467,卖盘
1117,13:48:12,28.64,-0.01,3,8592,买盘
1118,13:48:09,28.65,--,1,2865,买盘
1119,13:48:06,28.65,0.04,2,5730,买盘
1120,13:48:03,28.61,-0.04,2,5722,卖盘
1121,13:48:00,28.65,-0.01,39,111735,卖盘
1122,13:47:54,28.66,--,98,280868,买盘
1123,13:47:42,28.66,0.05,25,71650,买盘
1124,13:47:36,28.61,-0.04,47,134467,卖盘
1125,13:47:33,28.65,0.04,18,51570,买盘
1126,13:47:30,28.61,-0.06,15,42915,卖盘
1127,13:47:24,28.67,0.05,96,275232,买盘
1128,13:47:21,28.62,--,3,8586,买盘
1129,13:47:15,28.62,-0.01,27,77274,卖盘
1130,13:47:12,28.63,--,291,833133,卖盘
1131,13:47:09,28.63,-0.02,11,31493,卖盘
1132,13:47:06,28.65,0.02,2,5730,卖盘
1133,13:47:03,28.63,--,4,11452,卖盘
1134,13:47:00,28.63,-0.04,40,114520,卖盘
1135,13:46:57,28.67,0.03,14,40138,买盘
1136,13:46:54,28.64,-0.03,51,146064,卖盘
1137,13:46:51,28.67,--,1,2867,买盘
1138,13:46:48,28.67,0.02,109,312503,买盘
1139,13:46:33,28.65,-0.03,32,91680,卖盘
1140,13:46:30,28.68,--,20,57360,买盘
1141,13:46:27,28.68,--,3,8604,买盘
1142,13:46:24,28.68,0.01,1,2868,买盘
1143,13:46:21,28.67,--,2,5734,卖盘
1144,13:46:15,28.67,-0.01,24,68808,卖盘
1145,13:46:12,28.68,0.03,3,8604,买盘
1146,13:46:09,28.65,-0.01,47,134655,卖盘
1147,13:46:03,28.66,--,14,40124,卖盘
1148,13:46:00,28.66,-0.02,15,42990,卖盘
1149,13:45:57,28.68,0.02,15,43020,买盘
1150,13:45:54,28.66,-0.03,73,209218,卖盘
1151,13:45:45,28.69,--,63,180747,买盘
1152,13:45:39,28.69,0.03,2,5738,中性盘
1153,13:45:33,28.66,-0.04,57,163362,卖盘
1154,13:45:30,28.7,0.04,16,45920,买盘
1155,13:45:27,28.66,-0.03,48,137568,卖盘
1156,13:45:21,28.69,-0.01,30,86070,卖盘
1157,13:45:15,28.7,--,1,2870,买盘
1158,13:45:12,28.7,--,32,91840,买盘
1159,13:45:09,28.7,0.01,1,2870,买盘
1160,13:45:06,28.69,--,5,14345,卖盘
1161,13:45:03,28.69,-0.01,7,20083,卖盘
1162,13:45:00,28.7,0.01,29,83230,买盘
1163,13:44:57,28.69,--,1,2869,卖盘
1164,13:44:51,28.69,0.02,14,40166,买盘
1165,13:44:45,28.67,-0.02,71,203557,卖盘
1166,13:44:42,28.69,--,16,45904,卖盘
1167,13:44:39,28.69,--,17,48773,卖盘
1168,13:44:33,28.69,0.01,2,5738,卖盘
1169,13:44:30,28.68,-0.02,15,43020,卖盘
1170,13:44:24,28.7,0.02,9,25830,买盘
1171,13:44:18,28.68,0.01,10,28680,中性盘
1172,13:44:03,28.67,-0.05,89,255163,卖盘
1173,13:44:00,28.72,--,17,48824,买盘
1174,13:43:57,28.72,0.02,2,5744,买盘
1175,13:43:54,28.7,--,33,94710,卖盘
1176,13:43:48,28.7,--,1,2870,卖盘
1177,13:43:42,28.7,--,20,57400,卖盘
1178,13:43:33,28.7,--,29,83230,买盘
1179,13:43:30,28.7,0.01,16,45920,买盘
1180,13:43:21,28.69,--,72,206568,卖盘
1181,13:43:18,28.69,-0.01,20,57380,卖盘
1182,13:43:15,28.7,--,82,235340,买盘
1183,13:43:12,28.7,0.01,28,80360,买盘
1184,13:43:09,28.69,--,17,48773,卖盘
1185,13:43:03,28.69,--,2,5738,卖盘
1186,13:43:00,28.69,--,20,57380,买盘
1187,13:42:57,28.69,--,8,22952,买盘
1188,13:42:51,28.69,--,31,88939,买盘
1189,13:42:45,28.69,--,4,11476,买盘
1190,13:42:42,28.69,-0.01,3,8607,中性盘
1191,13:42:39,28.7,0.02,72,206640,买盘
1192,13:42:33,28.68,-0.01,39,111852,卖盘
1193,13:42:30,28.69,--,17,48773,卖盘
1194,13:42:27,28.69,-0.01,3,8607,卖盘
1195,13:42:21,28.7,--,31,88970,买盘
1196,13:42:18,28.7,--,1,2870,买盘
1197,13:42:15,28.7,--,2,5740,买盘
1198,13:42:12,28.7,0.01,3,8610,买盘
1199,13:42:06,28.69,0.01,3,8607,买盘
1200,13:42:03,28.68,-0.01,5,14340,卖盘
1201,13:42:00,28.69,0.01,18,51642,中性盘
1202,13:41:57,28.68,-0.02,87,249516,卖盘
1203,13:41:54,28.7,--,5,14350,买盘
1204,13:41:51,28.7,0.01,28,80360,买盘
1205,13:41:36,28.69,--,27,77463,卖盘
1206,13:41:33,28.69,--,4,11476,中性盘
1207,13:41:30,28.69,--,43,123367,买盘
1208,13:41:24,28.69,--,2,5738,买盘
1209,13:41:21,28.69,-0.01,198,568062,卖盘
1210,13:41:18,28.7,--,7,20090,买盘
1211,13:41:15,28.7,--,26,74620,买盘
1212,13:41:12,28.7,--,27,77490,买盘
1213,13:41:09,28.7,0.01,14,40180,买盘
1214,13:41:06,28.69,--,49,140581,卖盘
1215,13:41:03,28.69,--,31,88939,卖盘
1216,13:41:00,28.69,--,15,43035,卖盘
1217,13:40:57,28.69,-0.01,2,5738,卖盘
1218,13:40:51,28.7,-0.02,143,410410,卖盘
1219,13:40:48,28.72,--,86,246992,买盘
1220,13:40:42,28.72,--,5,14360,买盘
1221,13:40:33,28.72,-0.01,47,134984,卖盘
1222,13:40:30,28.73,--,18,51714,买盘
1223,13:40:27,28.73,--,5,14365,买盘
1224,13:40:24,28.73,0.01,6,17238,买盘
1225,13:40:21,28.72,-0.01,75,215400,卖盘
1226,13:40:15,28.73,--,3,8619,买盘
1227,13:40:09,28.73,--,15,43095,买盘
1228,13:40:03,28.73,0.03,3,8619,买盘
1229,13:40:00,28.7,-0.01,15,43050,卖盘
1230,13:39:57,28.71,0.01,1,2871,卖盘
1231,13:39:54,28.7,-0.01,99,284130,卖盘
1232,13:39:51,28.71,-0.02,10,28710,买盘
1233,13:39:45,28.73,0.03,2,5746,买盘
1234,13:39:39,28.7,-0.01,77,220990,卖盘
1235,13:39:33,28.71,0.01,2,5742,卖盘
1236,13:39:30,28.7,--,15,43050,卖盘
1237,13:39:27,28.7,--,10,28700,卖盘
1238,13:39:24,28.7,0.01,1024,2938880,买盘
1239,13:39:21,28.69,-0.01,2,5738,卖盘
1240,13:39:15,28.7,--,3,8610,买盘
1241,13:39:12,28.7,0.01,46,132020,买盘
1242,13:39:03,28.69,-0.01,7,20083,卖盘
1243,13:39:00,28.7,--,35,100450,买盘
1244,13:38:54,28.7,0.02,61,175070,买盘
1245,13:38:51,28.68,-0.01,83,238044,卖盘
1246,13:38:36,28.69,--,41,117629,卖盘
1247,13:38:33,28.69,-0.01,9,25821,卖盘
1248,13:38:30,28.7,--,43,123410,买盘
1249,13:38:27,28.7,0.01,1,2870,买盘
1250,13:38:21,28.69,-0.01,5,14345,卖盘
1251,13:38:15,28.7,--,15,43050,买盘
1252,13:38:12,28.7,0.01,27,77490,买盘
1253,13:38:09,28.69,--,1,2869,卖盘
1254,13:38:03,28.69,--,53,152057,卖盘
1255,13:38:00,28.69,-0.01,26,74594,卖盘
1256,13:37:51,28.7,0.01,32,91840,买盘
1257,13:37:45,28.69,--,2,5738,卖盘
1258,13:37:42,28.69,-0.01,10,28690,卖盘
1259,13:37:39,28.7,0.01,4,11480,买盘
1260,13:37:33,28.69,-0.01,23,65987,卖盘
1261,13:37:30,28.7,0.01,43,123410,买盘
1262,13:37:27,28.69,-0.01,1,2869,卖盘
1263,13:37:21,28.7,--,101,289870,买盘
1264,13:37:18,28.7,--,300,861000,买盘
1265,13:37:15,28.7,--,72,206640,买盘
1266,13:37:12,28.7,--,103,295610,买盘
1267,13:37:09,28.7,--,12,34440,买盘
1268,13:37:06,28.7,--,5,14350,买盘
1269,13:37:03,28.7,--,103,295610,卖盘
1270,13:37:00,28.7,-0.03,15,43050,卖盘
1271,13:36:57,28.73,0.03,9,25857,买盘
1272,13:36:54,28.7,--,3,8610,卖盘
1273,13:36:51,28.7,--,12,34440,卖盘
1274,13:36:48,28.7,--,83,238210,买盘
1275,13:36:45,28.7,--,25,71750,买盘
1276,13:36:42,28.7,--,20,57400,买盘
1277,13:36:39,28.7,--,11,31570,买盘
1278,13:36:36,28.7,0.01,1,2870,买盘
1279,13:36:33,28.69,-0.01,3,8607,卖盘
1280,13:36:30,28.7,--,43,123410,买盘
1281,13:36:27,28.7,--,25,71750,买盘
1282,13:36:24,28.7,--,3,8610,买盘
1283,13:36:21,28.7,--,2,5740,买盘
1284,13:36:18,28.7,--,15,43050,买盘
1285,13:36:15,28.7,--,5,14350,买盘
1286,13:36:12,28.7,--,35,100450,买盘
1287,13:36:09,28.7,--,42,120540,买盘
1288,13:36:06,28.7,0.01,69,198030,买盘
1289,13:36:03,28.69,-0.01,39,111891,中性盘
1290,13:36:00,28.7,--,83,238210,买盘
1291,13:35:57,28.7,--,57,163590,买盘
1292,13:35:54,28.7,--,72,206640,买盘
1293,13:35:51,28.7,--,233,668710,买盘
1294,13:35:45,28.7,--,680,1951600,卖盘
1295,13:35:36,28.7,--,83,238210,买盘
1296,13:35:33,28.7,--,142,407540,买盘
1297,13:35:30,28.7,--,118,338660,买盘
1298,13:35:27,28.7,--,104,298480,买盘
1299,13:35:24,28.7,--,61,175070,买盘
1300,13:35:21,28.7,--,215,617050,买盘
1301,13:35:18,28.7,--,104,298480,买盘
1302,13:35:15,28.7,0.01,167,479290,买盘
1303,13:35:12,28.69,-0.01,178,510682,卖盘
1304,13:35:09,28.7,--,298,855260,买盘
1305,13:35:06,28.7,--,14,40180,买盘
1306,13:35:03,28.7,-0.03,665,1908550,卖盘
1307,13:35:00,28.73,-0.01,15,43095,卖盘
1308,13:34:57,28.74,--,9,25866,买盘
1309,13:34:54,28.74,--,7,20118,买盘
1310,13:34:51,28.74,-0.01,41,117834,买盘
1311,13:34:48,28.75,0.01,14,40250,买盘
1312,13:34:36,28.74,0.02,25,71850,买盘
1313,13:34:33,28.72,-0.02,4,11488,卖盘
1314,13:34:30,28.74,--,21,60354,买盘
1315,13:34:27,28.74,--,15,43110,买盘
1316,13:34:21,28.74,-0.01,59,169566,卖盘
1317,13:34:18,28.75,--,6,17250,买盘
1318,13:34:15,28.75,--,113,324875,买盘
1319,13:34:12,28.75,-0.01,37,106375,卖盘
1320,13:34:09,28.76,--,19,54644,买盘
1321,13:34:06,28.76,0.01,31,89156,买盘
1322,13:34:03,28.75,0.05,103,296125,买盘
1323,13:34:00,28.7,-0.05,165,473550,卖盘
1324,13:33:57,28.75,--,27,77625,买盘
1325,13:33:54,28.75,--,1,2875,买盘
1326,13:33:51,28.75,0.01,111,319125,买盘
1327,13:33:45,28.74,0.04,75,215550,买盘
1328,13:33:42,28.7,--,11,31570,卖盘
1329,13:33:39,28.7,--,370,1061900,买盘
1330,13:33:36,28.7,0.01,55,157850,买盘
1331,13:33:33,28.69,-0.01,785,2252165,卖盘
1332,13:33:30,28.7,0.01,113,324310,买盘
1333,13:33:27,28.69,-0.01,22,63118,卖盘
1334,13:33:24,28.7,--,81,232470,买盘
1335,13:33:18,28.7,--,26,74620,买盘
1336,13:33:15,28.7,--,5,14350,买盘
1337,13:33:12,28.7,--,48,137760,买盘
1338,13:33:09,28.7,--,11,31570,买盘
1339,13:33:06,28.7,0.01,15,43050,买盘
1340,13:33:03,28.69,--,13,37297,卖盘
1341,13:33:00,28.69,-0.05,63,180747,卖盘
1342,13:32:57,28.74,--,44,126456,买盘
1343,13:32:54,28.74,--,8,22992,买盘
1344,13:32:51,28.74,0.05,244,701256,买盘
1345,13:32:48,28.69,-0.01,30,86070,卖盘
1346,13:32:45,28.7,--,17,48790,买盘
1347,13:32:42,28.7,--,50,143500,买盘
1348,13:32:39,28.7,--,37,106190,买盘
1349,13:32:36,28.7,0.01,47,134890,买盘
1350,13:32:33,28.69,-0.01,39,111891,卖盘
1351,13:32:30,28.7,--,51,146370,买盘
1352,13:32:27,28.7,--,55,157850,买盘
1353,13:32:24,28.7,--,14,40180,买盘
1354,13:32:21,28.7,--,21,60270,买盘
1355,13:32:18,28.7,--,3,8610,买盘
1356,13:32:15,28.7,--,2,5740,买盘
1357,13:32:06,28.7,0.02,6,17220,买盘
1358,13:32:03,28.68,--,2,5736,卖盘
1359,13:32:00,28.68,-0.02,15,43020,卖盘
1360,13:31:57,28.7,0.01,25,71750,买盘
1361,13:31:54,28.69,-0.01,1,2869,中性盘
1362,13:31:51,28.7,0.02,33,94710,买盘
1363,13:31:48,28.68,-0.02,4,11472,卖盘
1364,13:31:45,28.7,0.02,82,235340,买盘
1365,13:31:42,28.68,-0.02,8,22944,卖盘
1366,13:31:39,28.7,--,135,387450,买盘
1367,13:31:33,28.7,--,233,668710,卖盘
1368,13:31:30,28.7,--,15,43050,卖盘
1369,13:31:27,28.7,-0.03,234,671580,卖盘
1370,13:31:24,28.73,--,1,2873,买盘
1371,13:31:21,28.73,0.03,17,48841,买盘
1372,13:31:15,28.7,--,138,396060,卖盘
1373,13:31:12,28.7,--,44,126280,买盘
1374,13:31:09,28.7,--,496,1423520,卖盘
1375,13:31:06,28.7,-0.01,55,157850,卖盘
1376,13:31:03,28.71,-0.01,2,5742,卖盘
1377,13:31:00,28.72,--,16,45952,买盘
1378,13:30:57,28.72,0.02,7,20104,买盘
1379,13:30:54,28.7,-0.02,6,17220,卖盘
1380,13:30:51,28.72,-0.01,17,48824,卖盘
1381,13:30:45,28.73,-0.01,16,45968,卖盘
1382,13:30:42,28.74,--,1,2874,买盘
1383,13:30:39,28.74,0.01,38,109212,买盘
1384,13:30:33,28.73,-0.01,40,114920,卖盘
1385,13:30:30,28.74,0.01,29,83346,买盘
1386,13:30:27,28.73,-0.01,30,86190,中性盘
1387,13:30:12,28.74,0.01,3,8622,买盘
1388,13:30:09,28.73,0.01,10,28730,买盘
1389,13:30:03,28.72,--,17,48824,卖盘
1390,13:30:00,28.72,--,15,43080,卖盘
1391,13:29:57,28.72,-0.02,2,5744,买盘
1392,13:29:51,28.74,--,1,2874,买盘
1393,13:29:48,28.74,0.01,1,2874,买盘
1394,13:29:45,28.73,-0.01,4,11492,卖盘
1395,13:29:42,28.74,--,13,37362,买盘
1396,13:29:36,28.74,0.04,48,137952,买盘
1397,13:29:33,28.7,-0.04,29,83230,卖盘
1398,13:29:30,28.74,0.01,30,86220,买盘
1399,13:29:27,28.73,-0.01,11,31603,卖盘
1400,13:29:21,28.74,0.01,1,2874,买盘
1401,13:29:18,28.73,--,6,17238,买盘
1402,13:29:12,28.73,--,17,48841,买盘
1403,13:29:06,28.73,--,71,203983,卖盘
1404,13:29:03,28.73,--,2,5746,卖盘
1405,13:29:00,28.73,-0.01,15,43095,卖盘
1406,13:28:57,28.74,0.02,2,5748,买盘
1407,13:28:54,28.72,--,7,20104,卖盘
1408,13:28:51,28.72,-0.02,1,2872,卖盘
1409,13:28:48,28.74,0.01,30,86220,买盘
1410,13:28:45,28.73,-0.01,6,17238,中性盘
1411,13:28:39,28.74,0.02,6,17244,买盘
1412,13:28:33,28.72,0.04,10,28720,买盘
1413,13:28:30,28.68,-0.06,17,48756,卖盘
1414,13:28:27,28.74,0.03,5,14370,买盘
1415,13:28:24,28.71,-0.03,1,2871,卖盘
1416,13:28:21,28.74,0.04,9,25866,买盘
1417,13:28:15,28.7,-0.01,34,97580,卖盘
1418,13:28:03,28.71,0.01,9,25839,卖盘
1419,13:28:00,28.7,-0.04,15,43050,卖盘
1420,13:27:57,28.74,--,17,51703,买盘
1421,13:27:54,28.74,0.02,28,80472,买盘
1422,13:27:51,28.72,--,74,212528,卖盘
1423,13:27:48,28.72,-0.01,10,28720,卖盘
1424,13:27:42,28.73,--,8,22984,买盘
1425,13:27:36,28.73,--,23,66079,买盘
1426,13:27:33,28.73,0.01,25,71853,买盘
1427,13:27:30,28.72,-0.01,15,43080,卖盘
1428,13:27:27,28.73,--,1,2873,买盘
1429,13:27:15,28.73,0.01,1,2873,买盘
1430,13:27:12,28.72,0.02,11,31592,买盘
1431,13:27:09,28.7,-0.02,3,8610,卖盘
1432,13:27:06,28.72,0.02,5,14360,买盘
1433,13:27:03,28.7,--,3,8610,卖盘
1434,13:27:00,28.7,-0.02,15,43050,卖盘
1435,13:26:57,28.72,-0.01,1,2872,中性盘
1436,13:26:48,28.73,--,1,2873,买盘
1437,13:26:45,28.73,--,10,28730,买盘
1438,13:26:42,28.73,--,8,22984,买盘
1439,13:26:36,28.73,0.05,37,106301,买盘
1440,13:26:33,28.68,-0.02,12,34416,卖盘
1441,13:26:30,28.7,--,28,80360,卖盘
1442,13:26:27,28.7,-0.03,1,2870,卖盘
1443,13:26:18,28.73,--,1,2873,买盘
1444,13:26:06,28.73,0.05,1,2873,买盘
1445,13:26:03,28.68,--,7,20076,卖盘
1446,13:26:00,28.68,-0.05,15,43020,卖盘
1447,13:25:57,28.73,0.05,6,17238,买盘
1448,13:25:54,28.68,-0.05,29,83172,卖盘
1449,13:25:51,28.73,0.05,43,123539,买盘
1450,13:25:48,28.68,-0.02,2,5736,卖盘
1451,13:25:45,28.7,-0.02,56,160720,卖盘
1452,13:25:42,28.72,--,19,54568,买盘
1453,13:25:39,28.72,0.04,15,43080,买盘
1454,13:25:36,28.68,--,103,295404,卖盘
1455,13:25:33,28.68,0.01,4,11472,中性盘
1456,13:25:30,28.67,--,34,97478,卖盘
1457,13:25:27,28.67,-0.01,1,2867,卖盘
1458,13:25:24,28.68,-0.02,14,40152,卖盘
1459,13:25:21,28.7,--,12,34440,买盘
1460,13:25:18,28.7,-0.03,4,11480,卖盘
1461,13:25:09,28.73,--,1,2873,买盘
1462,13:25:06,28.73,0.03,7,20111,买盘
1463,13:25:03,28.7,0.02,2,5740,卖盘
1464,13:25:00,28.68,-0.05,15,43020,卖盘
1465,13:24:54,28.73,--,1,2873,买盘
1466,13:24:51,28.73,--,20,57460,买盘
1467,13:24:45,28.73,0.01,6,17238,买盘
1468,13:24:39,28.72,0.04,17,48824,买盘
1469,13:24:36,28.68,--,20,57360,卖盘
1470,13:24:33,28.68,-0.02,3,8604,卖盘
1471,13:24:30,28.7,--,15,43050,卖盘
1472,13:24:27,28.7,-0.03,2,5740,卖盘
1473,13:24:21,28.73,0.01,6,17238,买盘
1474,13:24:15,28.72,--,3,8616,买盘
1475,13:24:06,28.72,0.02,6,17232,买盘
1476,13:24:03,28.7,--,2,5740,卖盘
1477,13:24:00,28.7,-0.02,15,43050,卖盘
1478,13:23:57,28.72,--,19,54568,买盘
1479,13:23:51,28.72,--,11,31592,买盘
1480,13:23:48,28.72,0.04,1,2872,买盘
1481,13:23:45,28.68,-0.04,50,143400,卖盘
1482,13:23:42,28.72,0.04,8,22976,买盘
1483,13:23:39,28.68,--,12,34416,买盘
1484,13:23:36,28.68,-0.04,49,140532,卖盘
1485,13:23:33,28.72,0.04,55,157960,买盘
1486,13:23:30,28.68,-0.02,15,43020,卖盘
1487,13:23:27,28.7,-0.02,121,347270,卖盘
1488,13:23:24,28.72,0.02,1,2872,买盘
1489,13:23:21,28.7,--,27,77490,买盘
1490,13:23:18,28.7,0.02,23,66010,买盘
1491,13:23:15,28.68,-0.02,40,114720,卖盘
1492,13:23:12,28.7,--,6,17220,买盘
1493,13:23:09,28.7,--,71,203770,买盘
1494,13:23:06,28.7,0.02,3,8610,买盘
1495,13:23:03,28.68,-0.04,73,209364,卖盘
1496,13:23:00,28.72,0.01,23,66056,买盘
1497,13:22:54,28.71,-0.01,17,48807,卖盘
1498,13:22:51,28.72,--,1,2872,卖盘
1499,13:22:45,28.72,0.01,8,22976,买盘
1500,13:22:42,28.71,-0.01,11,31581,卖盘
1501,13:22:36,28.72,0.01,8,22976,买盘
1502,13:22:33,28.71,--,2,5742,卖盘
1503,13:22:30,28.71,0.01,21,60291,买盘
1504,13:22:27,28.7,--,22,63140,卖盘
1505,13:22:21,28.7,--,39,111930,卖盘
1506,13:22:15,28.7,-0.03,1,2870,卖盘
1507,13:22:12,28.73,--,2,5746,买盘
1508,13:22:09,28.73,0.03,6,17238,中性盘
1509,13:22:03,28.7,--,26,74620,卖盘
1510,13:22:00,28.7,--,20,57400,卖盘
1511,13:21:57,28.7,-0.03,15,43050,卖盘
1512,13:21:54,28.73,0.03,7,20111,买盘
1513,13:21:51,28.7,--,20,57400,卖盘
1514,13:21:48,28.7,-0.02,42,120540,卖盘
1515,13:21:45,28.72,0.02,13,37336,中性盘
1516,13:21:42,28.7,0.02,95,272650,中性盘
1517,13:21:39,28.68,--,63,180684,卖盘
1518,13:21:36,28.68,0.01,349,1000932,买盘
1519,13:21:33,28.67,--,43,123281,卖盘
1520,13:21:30,28.67,-0.01,26,74542,卖盘
1521,13:21:27,28.68,--,38,108984,买盘
1522,13:21:24,28.68,--,1,2868,买盘
1523,13:21:21,28.68,-0.03,73,209364,卖盘
1524,13:21:18,28.71,--,1,2871,卖盘
1525,13:21:15,28.71,--,122,350262,卖盘
1526,13:21:12,28.71,0.01,3,8613,中性盘
1527,13:21:06,28.7,0.02,1,2870,中性盘
1528,13:21:03,28.68,--,11,31548,卖盘
1529,13:21:00,28.68,-0.04,15,43020,卖盘
1530,13:20:57,28.72,0.02,32,91904,买盘
1531,13:20:54,28.7,-0.01,20,57400,卖盘
1532,13:20:51,28.71,--,2,5742,卖盘
1533,13:20:48,28.71,--,10,28710,买盘
1534,13:20:45,28.71,0.01,2,5742,买盘
1535,13:20:42,28.7,--,9,25830,卖盘
1536,13:20:39,28.7,--,1,2870,卖盘
1537,13:20:36,28.7,--,9,25830,卖盘
1538,13:20:33,28.7,--,3,8610,卖盘
1539,13:20:30,28.7,--,25,71750,卖盘
1540,13:20:27,28.7,--,7,20090,卖盘
1541,13:20:24,28.7,0.01,46,132020,买盘
1542,13:20:21,28.69,-0.01,15,43035,卖盘
1543,13:20:18,28.7,--,162,464940,卖盘
1544,13:20:15,28.7,-0.03,41,117670,卖盘
1545,13:20:12,28.73,0.03,15,43095,买盘
1546,13:20:06,28.7,--,5,14350,卖盘
1547,13:20:03,28.7,--,2,5740,卖盘
1548,13:20:00,28.7,--,20,57400,卖盘
1549,13:19:57,28.7,-0.02,24,68880,卖盘
1550,13:19:54,28.72,-0.01,2,5744,中性盘
1551,13:19:51,28.73,0.03,114,327522,买盘
1552,13:19:48,28.7,-0.03,10,28700,卖盘
1553,13:19:45,28.73,--,13,37349,买盘
1554,13:19:39,28.73,--,53,152269,卖盘
1555,13:19:33,28.73,--,6,17238,卖盘
1556,13:19:30,28.73,-0.01,15,43095,卖盘
1557,13:19:21,28.74,--,15,43110,买盘
1558,13:19:15,28.74,-0.01,71,204054,卖盘
1559,13:19:09,28.75,0.01,6,17250,买盘
1560,13:19:06,28.74,--,4,11496,卖盘
1561,13:19:03,28.74,--,9,25866,卖盘
1562,13:19:00,28.74,-0.01,22,63228,卖盘
1563,13:18:57,28.75,0.01,6,17250,买盘
1564,13:18:54,28.74,--,4,11496,买盘
1565,13:18:51,28.74,--,16,45984,卖盘
1566,13:18:33,28.74,--,2,5748,卖盘
1567,13:18:30,28.74,0.01,40,114960,中性盘
1568,13:18:24,28.73,-0.01,132,379236,卖盘
1569,13:18:21,28.74,-0.01,1,2874,中性盘
1570,13:18:18,28.75,--,1,2875,买盘
1571,13:18:15,28.75,--,12,34500,买盘
1572,13:18:09,28.75,--,40,115000,买盘
1573,13:18:06,28.75,0.01,7,20125,买盘
1574,13:18:03,28.74,-0.01,15,43110,卖盘
1575,13:18:00,28.75,0.01,22,63250,买盘
1576,13:17:57,28.74,-0.01,1,2874,卖盘
1577,13:17:54,28.75,--,25,71875,买盘
1578,13:17:51,28.75,--,1,2875,买盘
1579,13:17:48,28.75,--,39,112125,买盘
1580,13:17:45,28.75,--,1,2875,买盘
1581,13:17:42,28.75,--,32,92000,卖盘
1582,13:17:39,28.75,-0.01,6,17250,卖盘
1583,13:17:36,28.76,0.01,64,184064,买盘
1584,13:17:33,28.75,--,36,103500,卖盘
1585,13:17:30,28.75,-0.02,62,178250,卖盘
1586,13:17:27,28.77,0.01,2,5754,买盘
1587,13:17:24,28.76,0.01,16,46016,买盘
1588,13:17:21,28.75,--,6,17250,卖盘
1589,13:17:18,28.75,-0.01,52,149500,中性盘
1590,13:17:06,28.76,0.02,7,20132,买盘
1591,13:17:03,28.74,--,2,5748,卖盘
1592,13:17:00,28.74,-0.03,26,74724,卖盘
1593,13:16:57,28.77,--,18,51786,买盘
1594,13:16:54,28.77,--,20,57540,买盘
1595,13:16:51,28.77,0.02,29,83433,买盘
1596,13:16:48,28.75,--,92,264500,买盘
1597,13:16:42,28.75,--,6,17250,买盘
1598,13:16:39,28.75,--,1,2875,买盘
1599,13:16:36,28.75,0.02,12,34500,买盘
1600,13:16:33,28.73,-0.02,10,28730,中性盘
1601,13:16:30,28.75,--,74,212750,买盘
1602,13:16:27,28.75,--,8,23000,买盘
1603,13:16:21,28.75,0.01,7,20125,买盘
1604,13:16:18,28.74,-0.01,11,31614,卖盘
1605,13:16:15,28.75,0.01,10,28750,买盘
1606,13:16:12,28.74,-0.01,2,5748,卖盘
1607,13:16:09,28.75,0.01,42,120750,买盘
1608,13:16:06,28.74,--,9,25866,卖盘
1609,13:16:03,28.74,--,3,8622,卖盘
1610,13:16:00,28.74,-0.03,16,45984,卖盘
1611,13:15:57,28.77,0.03,1,2877,买盘
1612,13:15:54,28.74,-0.01,74,212676,卖盘
1613,13:15:51,28.75,--,6,17250,买盘
1614,13:15:48,28.75,0.01,364,1046500,买盘
1615,13:15:45,28.74,-0.01,20,57480,卖盘
1616,13:15:42,28.75,--,5,14375,买盘
1617,13:15:39,28.75,--,15,43125,买盘
1618,13:15:36,28.75,0.01,25,71875,买盘
1619,13:15:33,28.74,0.02,8,22992,买盘
1620,13:15:30,28.72,-0.02,15,43080,中性盘
1621,13:15:27,28.74,-0.01,1,2874,中性盘
1622,13:15:21,28.75,0.01,8,23000,买盘
1623,13:15:15,28.74,--,12,34488,买盘
1624,13:15:09,28.74,0.03,40,114960,买盘
1625,13:15:03,28.71,-0.02,2,5742,卖盘
1626,13:15:00,28.73,-0.01,21,60333,中性盘
1627,13:14:57,28.74,--,1,2874,买盘
1628,13:14:54,28.74,0.01,20,57480,买盘
1629,13:14:48,28.73,--,2,5746,买盘
1630,13:14:45,28.73,--,4,11492,买盘
1631,13:14:39,28.73,-0.01,6,17238,卖盘
1632,13:14:36,28.74,0.01,5,14370,买盘
1633,13:14:33,28.73,-0.01,4,11492,卖盘
1634,13:14:30,28.74,0.01,17,48858,买盘
1635,13:14:27,28.73,--,1,2873,卖盘
1636,13:14:18,28.73,-0.02,16,45968,卖盘
1637,13:14:12,28.75,--,20,57500,买盘
1638,13:14:09,28.75,--,37,106375,买盘
1639,13:14:06,28.75,0.01,10,28750,买盘
1640,13:14:03,28.74,-0.02,180,517320,卖盘
1641,13:14:00,28.76,--,32,92032,买盘
1642,13:13:54,28.76,--,18,51768,买盘
1643,13:13:51,28.76,--,20,57520,买盘
1644,13:13:48,28.76,--,5,14380,买盘
1645,13:13:45,28.76,--,102,294933,买盘
1646,13:13:42,28.76,-0.01,5,14380,买盘
1647,13:13:39,28.77,0.01,58,166866,买盘
1648,13:13:36,28.76,0.01,1,2876,买盘
1649,13:13:33,28.75,-0.01,8,23000,卖盘
1650,13:13:30,28.76,0.01,19,54644,买盘
1651,13:13:27,28.75,-0.02,15,43125,卖盘
1652,13:13:24,28.77,--,5,14385,买盘
1653,13:13:21,28.77,--,12,34524,买盘
1654,13:13:18,28.77,0.01,14,40278,买盘
1655,13:13:15,28.76,--,5,14380,买盘
1656,13:13:12,28.76,0.01,18,51768,买盘
1657,13:13:09,28.75,-0.01,31,89125,卖盘
1658,13:13:06,28.76,0.01,5,14380,买盘
1659,13:13:03,28.75,-0.01,48,138000,卖盘
1660,13:13:00,28.76,--,31,89156,买盘
1661,13:12:57,28.76,--,4,11504,买盘
1662,13:12:54,28.76,-0.01,12,34512,买盘
1663,13:12:51,28.77,0.02,6,17262,买盘
1664,13:12:48,28.75,-0.02,15,43125,卖盘
1665,13:12:45,28.77,0.02,26,74802,买盘
1666,13:12:42,28.75,-0.01,22,63250,卖盘
1667,13:12:39,28.76,0.01,76,218576,买盘
1668,13:12:36,28.75,--,29,83375,卖盘
1669,13:12:33,28.75,--,13,37375,卖盘
1670,13:12:30,28.75,0.02,101,290375,买盘
1671,13:12:27,28.73,--,1,2873,卖盘
1672,13:12:24,28.73,-0.01,8,22984,卖盘
1673,13:12:18,28.74,--,9,25866,买盘
1674,13:12:15,28.74,0.01,5,14370,买盘
1675,13:12:12,28.73,0.03,46,132158,买盘
1676,13:12:09,28.7,-0.02,9,25830,卖盘
1677,13:12:06,28.72,0.02,26,76969,买盘
1678,13:12:03,28.7,--,2,5740,卖盘
1679,13:12:00,28.7,--,66,190625,买盘
1680,13:11:57,28.7,--,11,31570,买盘
1681,13:11:54,28.7,0.01,140,401800,买盘
1682,13:11:51,28.69,--,58,166402,买盘
1683,13:11:48,28.69,--,2,5738,买盘
1684,13:11:45,28.69,0.02,8,22952,买盘
1685,13:11:42,28.67,-0.02,1,2867,中性盘
1686,13:11:39,28.69,0.02,51,146319,买盘
1687,13:11:36,28.67,--,7,20069,买盘
1688,13:11:33,28.67,0.01,97,278099,买盘
1689,13:11:30,28.66,-0.01,16,45856,卖盘
1690,13:11:27,28.67,0.01,5,14335,买盘
1691,13:11:24,28.66,-0.01,4,11464,卖盘
1692,13:11:21,28.67,--,10,28670,买盘
1693,13:11:18,28.67,--,31,88877,买盘
1694,13:11:15,28.67,0.01,1,2867,买盘
1695,13:11:12,28.66,0.01,159,456181,买盘
1696,13:11:06,28.65,0.01,7,20055,买盘
1697,13:11:03,28.64,0.01,12,34368,买盘
1698,13:11:00,28.63,-0.01,16,45808,卖盘
1699,13:10:57,28.64,--,16,45824,买盘
1700,13:10:51,28.64,--,1,2864,买盘
1701,13:10:48,28.64,0.02,7,20048,买盘
1702,13:10:45,28.62,-0.02,5,14310,卖盘
1703,13:10:42,28.64,--,49,140336,买盘
1704,13:10:36,28.64,--,20,57280,买盘
1705,13:10:33,28.64,0.02,14,40096,买盘
1706,13:10:30,28.62,-0.02,16,45792,卖盘
1707,13:10:27,28.64,--,23,65872,买盘
1708,13:10:21,28.64,--,7,20048,买盘
1709,13:10:12,28.64,--,12,34368,买盘
1710,13:10:06,28.64,0.03,48,137472,买盘
1711,13:10:03,28.61,0.01,3,8583,中性盘
1712,13:10:00,28.6,-0.04,16,45760,卖盘
1713,13:09:57,28.64,--,6,17184,买盘
1714,13:09:51,28.64,--,21,60144,买盘
1715,13:09:48,28.64,0.04,2,5728,买盘
1716,13:09:42,28.6,-0.04,10,28600,卖盘
1717,13:09:36,28.64,0.04,5,14320,买盘
1718,13:09:33,28.6,--,2,5720,卖盘
1719,13:09:30,28.6,-0.04,16,45760,卖盘
1720,13:09:27,28.64,0.01,1,2864,买盘
1721,13:09:15,28.63,-0.01,3,8589,卖盘
1722,13:09:12,28.64,0.01,1,2864,买盘
1723,13:09:09,28.63,--,6,17178,买盘
1724,13:09:06,28.63,0.03,7,20041,买盘
1725,13:09:03,28.6,--,2,5720,卖盘
1726,13:09:00,28.6,-0.03,16,45760,卖盘
1727,13:08:54,28.63,-0.01,2,5726,中性盘
1728,13:08:36,28.64,0.04,5,14320,买盘
1729,13:08:33,28.6,--,20,57200,卖盘
1730,13:08:30,28.6,-0.04,16,45760,卖盘
1731,13:08:24,28.64,0.01,2,5728,买盘
1732,13:08:18,28.63,0.03,7,20041,中性盘
1733,13:08:15,28.6,-0.03,6,17160,卖盘
1734,13:08:12,28.63,0.03,13,37219,买盘
1735,13:08:03,28.6,--,3,8580,卖盘
1736,13:08:00,28.6,-0.04,16,45760,卖盘
1737,13:07:57,28.64,0.01,7,20048,买盘
1738,13:07:54,28.63,-0.01,3,8589,中性盘
1739,13:07:51,28.64,0.03,32,91648,买盘
1740,13:07:45,28.61,-0.03,2,5722,卖盘
1741,13:07:36,28.64,0.03,7,20048,买盘
1742,13:07:33,28.61,-0.02,3,8583,卖盘
1743,13:07:30,28.63,--,37,105931,卖盘
1744,13:07:24,28.63,-0.01,6,17178,卖盘
1745,13:07:21,28.64,--,6,17184,买盘
1746,13:07:15,28.64,--,14,40096,买盘
1747,13:07:12,28.64,--,5,14320,买盘
1748,13:07:09,28.64,0.01,5,14320,买盘
1749,13:07:03,28.63,--,4,11452,卖盘
1750,13:07:00,28.63,-0.01,16,45808,卖盘
1751,13:06:57,28.64,--,9,25776,买盘
1752,13:06:54,28.64,0.01,1,2864,买盘
1753,13:06:51,28.63,--,6,17178,卖盘
1754,13:06:45,28.63,-0.01,6,17178,卖盘
1755,13:06:36,28.64,0.01,1,2864,买盘
1756,13:06:33,28.63,-0.01,2,5726,卖盘
1757,13:06:30,28.64,0.01,26,74464,买盘
1758,13:06:24,28.63,-0.01,50,143150,卖盘
1759,13:06:21,28.64,--,2,5728,买盘
1760,13:06:18,28.64,0.01,11,31504,买盘
1761,13:06:15,28.63,0.02,4,11452,买盘
1762,13:06:12,28.61,-0.02,45,128745,卖盘
1763,13:06:06,28.63,0.01,15,42945,买盘
1764,13:06:03,28.62,0.01,2,5724,中性盘
1765,13:06:00,28.61,-0.02,16,45776,卖盘
1766,13:05:57,28.63,0.01,1,2863,买盘
1767,13:05:51,28.62,-0.01,10,28620,卖盘
1768,13:05:48,28.63,-0.01,13,37219,中性盘
1769,13:05:42,28.64,0.01,46,131744,买盘
1770,13:05:33,28.63,--,3,8589,卖盘
1771,13:05:30,28.63,-0.02,25,71575,卖盘
1772,13:05:27,28.65,0.01,1,2865,买盘
1773,13:05:24,28.64,--,38,110264,买盘
1774,13:05:18,28.64,--,15,42960,买盘
1775,13:05:15,28.64,--,10,28640,买盘
1776,13:05:09,28.64,--,63,180432,卖盘
1777,13:05:03,28.64,--,50,143200,卖盘
1778,13:05:00,28.64,-0.02,21,60144,卖盘
1779,13:04:57,28.66,0.01,17,48722,买盘
1780,13:04:45,28.65,--,1,2865,买盘
1781,13:04:39,28.65,0.02,1,2865,中性盘
1782,13:04:36,28.63,--,14,40082,卖盘
1783,13:04:33,28.63,--,2,5726,卖盘
1784,13:04:30,28.63,-0.03,21,60123,卖盘
1785,13:04:27,28.66,0.01,11,31526,买盘
1786,13:04:24,28.65,0.01,39,111735,买盘
1787,13:04:21,28.64,--,15,42960,卖盘
1788,13:04:18,28.64,-0.01,1,2864,卖盘
1789,13:04:15,28.65,--,2,5730,买盘
1790,13:04:09,28.65,0.01,7,20055,买盘
1791,13:04:06,28.64,--,11,31504,卖盘
1792,13:04:03,28.64,--,44,126016,卖盘
1793,13:04:00,28.64,-0.01,16,45824,卖盘
1794,13:03:57,28.65,0.02,1,2865,买盘
1795,13:03:42,28.63,-0.02,15,42945,中性盘
1796,13:03:39,28.65,0.03,6,17190,买盘
1797,13:03:33,28.62,--,13,37206,卖盘
1798,13:03:30,28.62,--,16,45792,卖盘
1799,13:03:27,28.62,-0.03,8,22896,卖盘
1800,13:03:24,28.65,--,1,2865,买盘
1801,13:03:21,28.65,--,15,42975,买盘
1802,13:03:12,28.65,0.04,1,2865,买盘
1803,13:03:03,28.61,0.01,12,34332,中性盘
1804,13:03:00,28.6,-0.05,16,45760,卖盘
1805,13:02:57,28.65,0.01,46,131790,买盘
1806,13:02:54,28.64,0.04,51,146064,买盘
1807,13:02:51,28.6,-0.04,256,733304,卖盘
1808,13:02:48,28.64,--,12,34368,买盘
1809,13:02:42,28.64,--,50,143200,买盘
1810,13:02:39,28.64,--,24,68736,买盘
1811,13:02:36,28.64,--,47,134608,卖盘
1812,13:02:33,28.64,-0.01,2,5728,卖盘
1813,13:02:30,28.65,--,22,63030,买盘
1814,13:02:24,28.65,0.02,10,28650,买盘
1815,13:02:15,28.63,--,2,5726,卖盘
1816,13:02:06,28.63,-0.01,10,28630,卖盘
1817,13:02:03,28.64,0.02,13,37232,中性盘
1818,13:02:00,28.62,-0.03,21,60102,卖盘
1819,13:01:57,28.65,--,20,57300,买盘
1820,13:01:51,28.65,0.02,31,88815,买盘
1821,13:01:45,28.63,--,7,20041,买盘
1822,13:01:39,28.63,0.02,1,2863,买盘
1823,13:01:33,28.61,--,4,11444,卖盘
1824,13:01:30,28.61,-0.02,23,65803,卖盘
1825,13:01:24,28.63,0.03,16,45808,买盘
1826,13:01:12,28.6,--,17,48620,卖盘
1827,13:01:09,28.6,-0.03,5,14300,卖盘
1828,13:01:06,28.63,0.03,47,134561,买盘
1829,13:01:03,28.6,--,2,5720,卖盘
1830,13:01:00,28.6,0.03,258,739596,买盘
1831,13:00:57,28.57,-0.03,1,2857,卖盘
1832,13:00:54,28.6,0.02,588,1681680,买盘
1833,13:00:51,28.58,--,10,28580,买盘
1834,13:00:48,28.58,--,17,48586,买盘
1835,13:00:45,28.58,--,27,77166,买盘
1836,13:00:42,28.58,--,72,205776,买盘
1837,13:00:39,28.58,--,170,485860,卖盘
1838,13:00:33,28.58,-0.03,36,102888,卖盘
1839,13:00:30,28.61,--,27,77247,买盘
1840,13:00:24,28.61,--,39,111579,买盘
1841,13:00:15,28.61,--,8,22888,买盘
1842,13:00:12,28.61,0.01,18,51498,买盘
1843,13:00:09,28.6,0.01,47,134420,买盘
1844,13:00:06,28.59,--,70,200130,卖盘
1845,13:00:03,28.59,-0.02,194,554646,卖盘
1846,13:00:00,28.61,--,0,0,买盘
1847,11:30:00,28.61,0.02,1,2861,买盘
1848,11:29:57,28.59,--,1,2859,卖盘
1849,11:29:54,28.59,--,1,2859,卖盘
1850,11:29:51,28.59,--,5,14295,卖盘
1851,11:29:48,28.59,--,4,11436,卖盘
1852,11:29:45,28.59,--,1,2859,卖盘
1853,11:29:42,28.59,--,15,42885,卖盘
1854,11:29:39,28.59,-0.02,4,11436,卖盘
1855,11:29:36,28.61,--,23,65803,买盘
1856,11:29:33,28.61,0.02,26,74386,买盘
1857,11:29:30,28.59,-0.02,52,148668,卖盘
1858,11:29:24,28.61,0.02,43,123023,买盘
1859,11:29:18,28.59,-0.02,3,8577,卖盘
1860,11:29:12,28.61,0.02,11,31471,买盘
1861,11:29:09,28.59,--,1,2859,卖盘
1862,11:29:06,28.59,--,15,42885,卖盘
1863,11:29:00,28.59,-0.01,21,60039,卖盘
1864,11:28:57,28.6,0.02,1,2860,买盘
1865,11:28:54,28.58,--,13,37154,卖盘
1866,11:28:51,28.58,--,4,11432,卖盘
1867,11:28:48,28.58,--,21,60018,卖盘
1868,11:28:45,28.58,--,17,48586,卖盘
1869,11:28:42,28.58,0.02,2,5716,卖盘
1870,11:28:39,28.56,-0.04,44,125664,卖盘
1871,11:28:36,28.6,0.04,3,8580,买盘
1872,11:28:33,28.56,-0.04,99,282744,卖盘
1873,11:28:30,28.6,--,17,48620,买盘
1874,11:28:24,28.6,--,46,131560,买盘
1875,11:28:18,28.6,0.03,9,25740,中性盘
1876,11:28:12,28.57,--,16,45712,卖盘
1877,11:28:09,28.57,-0.05,33,94281,卖盘
1878,11:28:06,28.62,0.01,62,177444,买盘
1879,11:28:03,28.61,0.04,27,77247,买盘
1880,11:28:00,28.57,--,16,45712,卖盘
1881,11:27:57,28.57,-0.03,145,414265,卖盘
1882,11:27:54,28.6,--,39,111540,买盘
1883,11:27:51,28.6,-0.01,161,460460,卖盘
1884,11:27:48,28.61,0.01,20,57220,中性盘
1885,11:27:42,28.6,--,17,48620,卖盘
1886,11:27:36,28.6,--,76,217360,卖盘
1887,11:27:33,28.6,-0.01,1,2860,卖盘
1888,11:27:30,28.61,0.02,237,678057,买盘
1889,11:27:24,28.59,0.01,47,134373,买盘
1890,11:27:21,28.58,-0.01,2,5716,卖盘
1891,11:27:18,28.59,--,6,17154,买盘
1892,11:27:15,28.59,0.01,7,20013,买盘
1893,11:27:12,28.58,-0.01,10,28580,卖盘
1894,11:27:09,28.59,--,1,2859,买盘
1895,11:27:03,28.59,0.01,3,8577,买盘
1896,11:27:00,28.58,-0.01,22,62875,卖盘
1897,11:26:54,28.59,--,36,102952,买盘
1898,11:26:51,28.59,--,6,17154,买盘
1899,11:26:45,28.59,--,17,51433,卖盘
1900,11:26:42,28.59,-0.01,5,14295,卖盘
1901,11:26:39,28.6,0.01,8,22880,买盘
1902,11:26:36,28.59,-0.01,5,14323,卖盘
1903,11:26:33,28.6,0.01,24,68640,买盘
1904,11:26:30,28.59,--,16,45744,卖盘
1905,11:26:27,28.59,-0.01,2,5718,卖盘
1906,11:26:24,28.6,--,4,11440,买盘
1907,11:26:18,28.6,--,1,2860,买盘
1908,11:26:15,28.6,0.02,4,11440,买盘
1909,11:26:12,28.58,-0.02,13,37154,卖盘
1910,11:26:09,28.6,0.02,7,20020,买盘
1911,11:26:03,28.58,-0.02,21,60018,卖盘
1912,11:26:00,28.6,--,17,48620,买盘
1913,11:25:57,28.6,--,6,17160,买盘
1914,11:25:54,28.6,--,4,11440,买盘
1915,11:25:51,28.6,--,7,20020,买盘
1916,11:25:45,28.6,-0.01,3,8580,买盘
1917,11:25:42,28.61,--,9,25749,卖盘
1918,11:25:39,28.61,--,5,14305,卖盘
1919,11:25:36,28.61,0.04,6,17166,买盘
1920,11:25:30,28.57,-0.04,16,45712,卖盘
1921,11:25:27,28.61,0.04,2,5722,中性盘
1922,11:25:21,28.57,--,21,59997,卖盘
1923,11:25:15,28.57,-0.03,17,48569,卖盘
1924,11:25:12,28.6,-0.01,14,40040,卖盘
1925,11:25:09,28.61,0.04,10,28610,买盘
1926,11:25:06,28.57,-0.01,75,214275,卖盘
1927,11:25:03,28.58,-0.03,34,97172,卖盘
1928,11:25:00,28.61,-0.01,22,62942,卖盘
1929,11:24:57,28.62,0.01,6,17172,买盘
1930,11:24:54,28.61,--,2,5722,卖盘
1931,11:24:51,28.61,--,29,82969,卖盘
1932,11:24:48,28.61,--,25,71525,买盘
1933,11:24:45,28.61,0.01,113,323293,买盘
1934,11:24:42,28.6,-0.01,3,8580,卖盘
1935,11:24:39,28.61,0.01,16,45776,买盘
1936,11:24:30,28.6,-0.01,16,45760,卖盘
1937,11:24:27,28.61,--,7,20027,买盘
1938,11:24:24,28.61,0.01,1,2861,买盘
1939,11:24:21,28.6,0.01,15,42900,中性盘
1940,11:24:12,28.59,-0.02,3,8577,卖盘
1941,11:24:09,28.61,-0.01,6,17166,买盘
1942,11:24:03,28.62,0.03,8,22896,买盘
1943,11:24:00,28.59,-0.02,16,45744,卖盘
1944,11:23:57,28.61,0.04,73,208853,买盘
1945,11:23:51,28.57,-0.04,161,459977,卖盘
1946,11:23:48,28.61,--,1,2861,买盘
1947,11:23:45,28.61,0.02,200,572200,买盘
1948,11:23:42,28.59,--,2,5718,卖盘
1949,11:23:36,28.59,-0.01,13,37167,卖盘
1950,11:23:33,28.6,0.01,3,8580,买盘
1951,11:23:30,28.59,-0.01,17,48603,卖盘
1952,11:23:27,28.6,--,2,5720,买盘
1953,11:23:21,28.6,0.01,2,5720,买盘
1954,11:23:18,28.59,--,15,42885,卖盘
1955,11:23:15,28.59,--,7,20013,卖盘
1956,11:23:12,28.59,0.01,10,28590,买盘
1957,11:23:09,28.58,-0.01,6,17148,卖盘
1958,11:23:03,28.59,0.01,5,14295,买盘
1959,11:23:00,28.58,-0.01,16,45728,卖盘
1960,11:22:57,28.59,0.01,1,2859,中性盘
1961,11:22:48,28.58,--,6,17148,买盘
1962,11:22:45,28.58,0.01,3,8574,买盘
1963,11:22:42,28.57,-0.01,2,5714,卖盘
1964,11:22:36,28.58,0.01,7,20006,买盘
1965,11:22:33,28.57,-0.03,16,45712,卖盘
1966,11:22:30,28.6,0.02,24,68640,买盘
1967,11:22:27,28.58,-0.02,18,51444,卖盘
1968,11:22:24,28.6,0.02,25,71500,买盘
1969,11:22:18,28.58,0.01,2,5716,买盘
1970,11:22:12,28.57,-0.01,2,5714,卖盘
1971,11:22:09,28.58,0.01,2,5716,中性盘
1972,11:22:06,28.57,--,16,46283,卖盘
1973,11:22:00,28.57,-0.03,33,94281,卖盘
1974,11:21:54,28.6,0.02,19,54340,买盘
1975,11:21:48,28.58,-0.03,88,251503,卖盘
1976,11:21:42,28.61,--,14,40054,买盘
1977,11:21:36,28.61,0.01,6,17166,买盘
1978,11:21:30,28.6,-0.01,16,45760,卖盘
1979,11:21:27,28.61,0.01,8,22888,买盘
1980,11:21:18,28.6,0.01,10,28600,中性盘
1981,11:21:12,28.59,--,12,34308,卖盘
1982,11:21:06,28.59,-0.01,33,94347,卖盘
1983,11:21:00,28.6,--,18,51480,买盘
1984,11:20:48,28.6,0.02,11,31460,买盘
1985,11:20:42,28.58,-0.02,2,5716,卖盘
1986,11:20:39,28.6,--,30,85800,卖盘
1987,11:20:36,28.6,-0.01,1,2860,卖盘
1988,11:20:33,28.61,0.01,1,2861,买盘
1989,11:20:30,28.6,0.04,16,45760,中性盘
1990,11:20:12,28.56,-0.04,14,39984,卖盘
1991,11:20:09,28.6,--,6,17160,买盘
1992,11:20:06,28.6,--,40,114400,买盘
1993,11:20:03,28.6,0.04,6,17160,买盘
1994,11:20:00,28.56,-0.04,16,45696,卖盘
1995,11:19:57,28.6,-0.02,18,51480,卖盘
1996,11:19:54,28.62,--,16,45792,买盘
1997,11:19:51,28.62,0.01,5,14310,买盘
1998,11:19:48,28.61,0.01,35,100135,买盘
1999,11:19:45,28.6,--,12,34320,卖盘
2000,11:19:42,28.6,-0.02,38,108680,卖盘
2001,11:19:36,28.62,0.02,111,317682,买盘
2002,11:19:33,28.6,0.01,13,37180,卖盘
2003,11:19:30,28.59,--,115,328785,卖盘
2004,11:19:27,28.59,-0.03,2,5718,卖盘
2005,11:19:24,28.62,0.02,9,25758,买盘
2006,11:19:18,28.6,0.04,30,85800,买盘
2007,11:19:12,28.56,-0.02,2,5712,卖盘
2008,11:19:03,28.58,0.02,9,25722,买盘
2009,11:19:00,28.56,--,16,45696,卖盘
2010,11:18:57,28.56,-0.06,35,99960,卖盘
2011,11:18:54,28.62,0.05,8,22896,买盘
2012,11:18:51,28.57,-0.04,17,48569,卖盘
2013,11:18:48,28.61,--,41,117301,买盘
2014,11:18:45,28.61,0.01,7,20027,买盘
2015,11:18:42,28.6,--,2,5720,卖盘
2016,11:18:39,28.6,-0.01,10,28600,卖盘
2017,11:18:36,28.61,0.01,5,14305,买盘
2018,11:18:33,28.6,-0.01,25,71500,卖盘
2019,11:18:30,28.61,--,36,102996,买盘
2020,11:18:27,28.61,--,28,80108,卖盘
2021,11:18:24,28.61,-0.01,11,31471,卖盘
2022,11:18:21,28.62,--,9,25758,买盘
2023,11:18:18,28.62,--,46,131652,买盘
2024,11:18:12,28.62,--,13,37206,买盘
2025,11:18:09,28.62,0.05,6,17172,买盘
2026,11:18:06,28.57,-0.05,78,222846,卖盘
2027,11:18:00,28.62,--,21,60102,买盘
2028,11:17:57,28.62,--,22,62964,买盘
2029,11:17:54,28.62,0.05,9,25758,买盘
2030,11:17:51,28.57,-0.05,98,279986,卖盘
2031,11:17:48,28.62,-0.01,46,131652,买盘
2032,11:17:45,28.63,-0.01,60,171780,卖盘
2033,11:17:42,28.64,0.01,5,14320,买盘
2034,11:17:36,28.63,--,48,137424,买盘
2035,11:17:30,28.63,0.06,68,194684,买盘
2036,11:17:27,28.57,-0.06,41,117137,卖盘
2037,11:17:24,28.63,0.03,81,231903,买盘
2038,11:17:21,28.6,-0.03,40,114400,卖盘
2039,11:17:18,28.63,0.01,32,91616,买盘
2040,11:17:15,28.62,--,5,14310,卖盘
2041,11:17:12,28.62,-0.01,20,57240,卖盘
2042,11:17:06,28.63,-0.01,3,8589,中性盘
2043,11:17:00,28.64,0.08,30,85920,买盘
2044,11:16:54,28.56,-0.06,61,174216,卖盘
2045,11:16:51,28.62,0.02,9,25758,买盘
2046,11:16:48,28.6,--,51,145860,买盘
2047,11:16:45,28.6,--,30,85800,买盘
2048,11:16:39,28.6,--,11,31460,买盘
2049,11:16:36,28.6,0.01,14,40040,买盘
2050,11:16:33,28.59,-0.01,16,45744,卖盘
2051,11:16:30,28.6,0.04,18,51480,买盘
2052,11:16:27,28.56,-0.04,17,48552,卖盘
2053,11:16:24,28.6,0.01,7,20020,买盘
2054,11:16:21,28.59,--,15,42885,卖盘
2055,11:16:18,28.59,--,13,37167,买盘
2056,11:16:15,28.59,--,19,54321,买盘
2057,11:16:12,28.59,--,13,37167,买盘
2058,11:16:09,28.59,0.04,24,68616,买盘
2059,11:16:06,28.55,-0.01,80,228400,卖盘
2060,11:16:00,28.56,-0.02,31,88536,卖盘
2061,11:15:57,28.58,--,16,46442,买盘
2062,11:15:54,28.58,--,82,234356,买盘
2063,11:15:48,28.58,0.02,9,25722,买盘
2064,11:15:42,28.56,-0.02,57,162792,卖盘
2065,11:15:39,28.58,--,5,14290,买盘
2066,11:15:36,28.58,--,25,71450,买盘
2067,11:15:30,28.58,--,17,48586,买盘
2068,11:15:24,28.58,0.02,7,20006,买盘
2069,11:15:21,28.56,-0.02,1,2856,卖盘
2070,11:15:18,28.58,--,19,54302,买盘
2071,11:15:09,28.58,0.02,16,45728,买盘
2072,11:15:06,28.56,-0.02,1,2856,中性盘
2073,11:15:03,28.58,0.03,27,77166,买盘
2074,11:15:00,28.55,-0.03,21,59955,卖盘
2075,11:14:57,28.58,0.02,44,125751,买盘
2076,11:14:54,28.56,-0.02,5,14280,卖盘
2077,11:14:51,28.58,--,12,34296,买盘
2078,11:14:48,28.58,0.03,23,65734,买盘
2079,11:14:45,28.55,-0.02,79,225545,卖盘
2080,11:14:42,28.57,--,4,11428,买盘
2081,11:14:39,28.57,-0.01,27,77139,卖盘
2082,11:14:36,28.58,--,14,40012,买盘
2083,11:14:30,28.58,--,19,54302,买盘
2084,11:14:21,28.58,0.01,6,17148,买盘
2085,11:14:18,28.57,--,13,37141,买盘
2086,11:14:15,28.57,--,36,102852,买盘
2087,11:14:12,28.57,--,11,31427,买盘
2088,11:14:09,28.57,0.02,1,2857,买盘
2089,11:14:06,28.55,-0.02,56,159880,卖盘
2090,11:14:03,28.57,0.02,6,17142,买盘
2091,11:14:00,28.55,-0.01,21,59955,卖盘
2092,11:13:57,28.56,0.01,19,54264,买盘
2093,11:13:54,28.55,--,17,48535,卖盘
2094,11:13:48,28.55,0.01,20,57100,卖盘
2095,11:13:42,28.54,-0.02,32,91328,卖盘
2096,11:13:39,28.56,0.01,18,51408,买盘
2097,11:13:36,28.55,--,84,239820,买盘
2098,11:13:33,28.55,--,100,285500,买盘
2099,11:13:30,28.55,--,19,54245,买盘
2100,11:13:24,28.55,--,9,25695,买盘
2101,11:13:18,28.55,0.01,27,77085,买盘
2102,11:13:09,28.54,-0.01,26,74204,卖盘
2103,11:13:03,28.55,--,7,19985,买盘
2104,11:12:57,28.55,0.01,17,48535,买盘
2105,11:12:54,28.54,--,10,28540,买盘
2106,11:12:51,28.54,0.03,8,22832,买盘
2107,11:12:48,28.51,--,68,193868,卖盘
2108,11:12:45,28.51,--,1,2851,买盘
2109,11:12:42,28.51,--,60,171060,买盘
2110,11:12:39,28.51,--,1,2851,买盘
2111,11:12:36,28.51,0.01,5,14255,买盘
2112,11:12:33,28.5,-0.01,1,2850,卖盘
2113,11:12:30,28.51,--,4,11404,买盘
2114,11:12:27,28.51,--,11,31361,中性盘
2115,11:12:21,28.51,-0.03,25,71275,卖盘
2116,11:12:15,28.54,-0.01,20,57080,中性盘
2117,11:12:09,28.55,--,7,19985,买盘
2118,11:12:03,28.55,--,4,11420,买盘
2119,11:11:57,28.55,--,16,45680,买盘
2120,11:11:54,28.55,--,10,28550,买盘
2121,11:11:51,28.55,0.04,78,222690,买盘
2122,11:11:45,28.51,0.01,0,1710,卖盘
2123,11:11:42,28.5,0.01,3,8550,中性盘
2124,11:11:39,28.49,-0.02,8,22792,卖盘
2125,11:11:33,28.51,--,12,34212,买盘
2126,11:11:27,28.51,-0.03,41,116891,买盘
2127,11:11:21,28.54,-0.02,6,17124,卖盘
2128,11:11:18,28.56,--,8,22848,买盘
2129,11:11:15,28.56,0.07,1,2856,买盘
2130,11:11:12,28.49,-0.05,54,153846,卖盘
2131,11:11:06,28.54,--,87,248298,买盘
2132,11:11:00,28.54,--,3,8562,买盘
2133,11:10:51,28.54,--,4,11416,买盘
2134,11:10:48,28.54,--,6,17124,买盘
2135,11:10:45,28.54,--,7,19978,买盘
2136,11:10:42,28.54,0.01,39,111306,买盘
2137,11:10:39,28.53,--,38,108414,买盘
2138,11:10:36,28.53,-0.01,28,79884,买盘
2139,11:10:33,28.54,0.01,5,14270,买盘
2140,11:10:30,28.53,0.03,3,8559,买盘
2141,11:10:27,28.5,-0.03,7,19950,卖盘
2142,11:10:21,28.53,0.03,15,42795,买盘
2143,11:10:18,28.5,0.02,8,22800,买盘
2144,11:10:15,28.48,-0.02,89,253472,卖盘
2145,11:10:12,28.5,--,11,31350,买盘
2146,11:10:09,28.5,--,27,76950,买盘
2147,11:10:06,28.5,-0.03,28,79800,卖盘
2148,11:10:03,28.53,0.03,10,28530,买盘
2149,11:10:00,28.5,--,42,119700,卖盘
2150,11:09:57,28.5,--,43,122550,卖盘
2151,11:09:54,28.5,-0.01,19,54150,卖盘
2152,11:09:51,28.51,-0.02,5,14255,买盘
2153,11:09:45,28.53,--,3,8559,买盘
2154,11:09:39,28.53,--,2,5706,买盘
2155,11:09:36,28.53,0.05,15,42795,买盘
2156,11:09:33,28.48,--,1,2848,买盘
2157,11:09:30,28.48,-0.06,64,182272,卖盘
2158,11:09:24,28.54,-0.01,5,14270,买盘
2159,11:09:21,28.55,0.07,5,14275,买盘
2160,11:09:18,28.48,-0.02,8,22784,买盘
2161,11:09:15,28.5,-0.01,25,71250,卖盘
2162,11:09:12,28.51,-0.04,33,94083,卖盘
2163,11:09:09,28.55,0.04,12,34260,买盘
2164,11:09:06,28.51,-0.04,1,2851,卖盘
2165,11:09:03,28.55,0.04,9,25695,买盘
2166,11:09:00,28.51,--,12,34212,卖盘
2167,11:08:57,28.51,--,16,45616,买盘
2168,11:08:54,28.51,--,13,37063,买盘
2169,11:08:48,28.51,0.04,78,222378,买盘
2170,11:08:45,28.47,-0.04,4,11388,卖盘
2171,11:08:42,28.51,--,5,14255,买盘
2172,11:08:39,28.51,0.04,5,14255,买盘
2173,11:08:36,28.47,--,8,22776,买盘
2174,11:08:33,28.47,-0.04,34,96798,卖盘
2175,11:08:30,28.51,0.01,3,8553,买盘
2176,11:08:27,28.5,-0.01,42,119700,卖盘
2177,11:08:21,28.51,--,47,133997,卖盘
2178,11:08:15,28.51,-0.01,17,48467,卖盘
2179,11:08:12,28.52,--,2,5704,买盘
2180,11:08:09,28.52,--,13,37076,中性盘
2181,11:08:06,28.52,0.01,16,45632,买盘
2182,11:08:03,28.51,--,2,5702,买盘
2183,11:08:00,28.51,-0.01,89,253739,卖盘
2184,11:07:57,28.52,--,5,14260,买盘
2185,11:07:54,28.52,--,4,11408,买盘
2186,11:07:51,28.52,--,6,17112,买盘
2187,11:07:48,28.52,0.01,21,59892,买盘
2188,11:07:45,28.51,0.01,45,128295,买盘
2189,11:07:42,28.5,-0.02,35,99750,卖盘
2190,11:07:39,28.52,--,12,34224,买盘
2191,11:07:36,28.52,--,10,28520,买盘
2192,11:07:33,28.52,--,2,5704,买盘
2193,11:07:30,28.52,0.01,2,5704,买盘
2194,11:07:27,28.51,-0.01,13,37063,中性盘
2195,11:07:24,28.52,0.03,1,2852,买盘
2196,11:07:21,28.49,-0.06,61,173789,卖盘
2197,11:07:18,28.55,0.06,3,8565,买盘
2198,11:07:15,28.49,-0.06,75,213675,卖盘
2199,11:07:12,28.55,--,20,57100,买盘
2200,11:07:09,28.55,0.04,6,17130,买盘
2201,11:07:06,28.51,0.01,45,128295,中性盘
2202,11:07:03,28.5,-0.02,34,96900,卖盘
2203,11:07:00,28.52,--,38,108376,买盘
2204,11:06:57,28.52,--,1,2852,买盘
2205,11:06:54,28.52,--,8,22816,买盘
2206,11:06:45,28.52,0.02,2,5704,买盘
2207,11:06:42,28.5,--,23,65550,买盘
2208,11:06:39,28.5,--,12,34200,买盘
2209,11:06:33,28.5,-0.02,77,219450,中性盘
2210,11:06:24,28.52,0.06,3,8556,中性盘
2211,11:06:18,28.46,-0.09,62,176452,卖盘
2212,11:06:15,28.55,0.06,6,17130,买盘
2213,11:06:12,28.49,-0.06,11,32820,卖盘
2214,11:06:09,28.55,0.03,88,251240,买盘
2215,11:06:06,28.52,--,50,142600,卖盘
2216,11:06:03,28.52,--,2,5704,卖盘
2217,11:05:57,28.52,--,43,124004,买盘
2218,11:05:51,28.52,0.04,14,39928,买盘
2219,11:05:48,28.48,-0.02,67,190872,卖盘
2220,11:05:45,28.5,-0.01,13,37990,卖盘
2221,11:05:42,28.51,-0.01,1,2851,买盘
2222,11:05:39,28.52,0.02,1,2852,买盘
2223,11:05:36,28.5,-0.02,453,1291249,卖盘
2224,11:05:33,28.52,--,81,231012,买盘
2225,11:05:30,28.52,0.01,5,14260,买盘
2226,11:05:27,28.51,-0.01,41,116891,卖盘
2227,11:05:21,28.52,--,4,11408,买盘
2228,11:05:18,28.52,--,47,135470,卖盘
2229,11:05:15,28.52,--,4,11408,卖盘
2230,11:05:06,28.52,0.01,7,21390,中性盘
2231,11:05:03,28.51,-0.01,88,250888,卖盘
2232,11:04:57,28.52,0.01,2,5704,买盘
2233,11:04:51,28.51,0.05,200,571853,买盘
2234,11:04:48,28.46,-0.01,34,96764,卖盘
2235,11:04:45,28.47,0.01,20,56940,中性盘
2236,11:04:42,28.46,-0.01,32,91072,卖盘
2237,11:04:39,28.47,--,0,1138,卖盘
2238,11:04:36,28.47,0.02,5,15943,卖盘
2239,11:04:27,28.45,-0.05,2,5690,卖盘
2240,11:04:24,28.5,0.01,39,111150,买盘
2241,11:04:21,28.49,0.04,101,287749,中性盘
2242,11:04:18,28.45,--,106,301570,卖盘
2243,11:04:15,28.45,--,277,788065,卖盘
2244,11:04:12,28.45,--,2,5690,卖盘
2245,11:04:09,28.45,0.01,123,350134,买盘
2246,11:04:06,28.44,--,193,549944,买盘
2247,11:04:03,28.44,--,80,227520,买盘
2248,11:04:00,28.44,--,24,68256,买盘
2249,11:03:57,28.44,--,38,108072,买盘
2250,11:03:54,28.44,-0.01,31,88164,卖盘
2251,11:03:51,28.45,0.02,3,8535,买盘
2252,11:03:45,28.43,-0.02,101,287143,卖盘
2253,11:03:42,28.45,0.01,11,31295,买盘
2254,11:03:39,28.44,0.01,6,17064,买盘
2255,11:03:36,28.43,--,549,1562569,卖盘
2256,11:03:33,28.43,-0.02,2,5686,卖盘
2257,11:03:30,28.45,--,83,236135,买盘
2258,11:03:27,28.45,0.01,40,113800,买盘
2259,11:03:24,28.44,0.01,10,28440,中性盘
2260,11:03:21,28.43,-0.02,52,147836,卖盘
2261,11:03:18,28.45,0.01,53,150785,买盘
2262,11:03:15,28.44,--,89,253116,卖盘
2263,11:03:12,28.44,--,64,182016,买盘
2264,11:03:09,28.44,0.01,65,184860,买盘
2265,11:03:06,28.43,-0.01,304,864840,卖盘
2266,11:03:03,28.44,--,22,62568,买盘
2267,11:03:00,28.44,--,8,22752,买盘
2268,11:02:57,28.44,--,21,59724,买盘
2269,11:02:54,28.44,--,27,76788,买盘
2270,11:02:51,28.44,--,6,17064,买盘
2271,11:02:48,28.44,--,3,8532,买盘
2272,11:02:45,28.44,--,79,224676,买盘
2273,11:02:42,28.44,--,1,2844,买盘
2274,11:02:39,28.44,0.01,5,14220,买盘
2275,11:02:36,28.43,-0.02,94,268066,卖盘
2276,11:02:33,28.45,0.02,55,156475,买盘
2277,11:02:30,28.43,-0.01,38,108034,卖盘
2278,11:02:27,28.44,-0.01,4,11376,卖盘
2279,11:02:24,28.45,--,19,54055,买盘
2280,11:02:21,28.45,0.01,3,8535,买盘
2281,11:02:15,28.44,-0.01,3,8532,卖盘
2282,11:02:12,28.45,0.02,100,284500,买盘
2283,11:02:09,28.43,0.01,5,14215,买盘
2284,11:02:06,28.42,-0.01,39,111690,卖盘
2285,11:02:03,28.43,0.01,7,19901,中性盘
2286,11:02:00,28.42,-0.02,89,252938,卖盘
2287,11:01:54,28.44,--,48,136512,买盘
2288,11:01:51,28.44,--,18,51192,买盘
2289,11:01:48,28.44,--,11,31284,买盘
2290,11:01:45,28.44,0.01,25,71100,买盘
2291,11:01:42,28.43,-0.01,25,71075,卖盘
2292,11:01:39,28.44,0.02,49,139356,买盘
2293,11:01:36,28.42,-0.02,240,684069,卖盘
2294,11:01:33,28.44,--,4,11376,买盘
2295,11:01:30,28.44,0.02,1,2844,买盘
2296,11:01:27,28.42,-0.02,40,113680,卖盘
2297,11:01:21,28.44,0.02,52,147888,买盘
2298,11:01:18,28.42,0.01,22,62524,卖盘
2299,11:01:15,28.41,-0.03,82,232962,卖盘
2300,11:01:12,28.44,0.02,24,68256,买盘
2301,11:01:09,28.42,--,136,388842,买盘
2302,11:01:03,28.42,-0.04,213,605857,卖盘
2303,11:01:00,28.46,--,3,8538,买盘
2304,11:00:57,28.46,--,47,136095,买盘
2305,11:00:51,28.46,--,18,51228,买盘
2306,11:00:48,28.46,--,10,28460,买盘
2307,11:00:45,28.46,-0.04,63,179298,卖盘
2308,11:00:42,28.5,--,9,25650,买盘
2309,11:00:39,28.5,0.01,13,37050,买盘
2310,11:00:36,28.49,-0.01,199,566951,卖盘
2311,11:00:33,28.5,0.01,56,159600,买盘
2312,11:00:30,28.49,-0.02,1556,4434326,卖盘
2313,11:00:27,28.51,--,11,31361,卖盘
2314,11:00:24,28.51,-0.06,108,307908,卖盘
2315,11:00:21,28.57,0.05,3,8571,买盘
2316,11:00:18,28.52,--,3,8556,买盘
2317,11:00:15,28.52,-0.04,27,77004,卖盘
2318,11:00:12,28.56,0.04,3,8568,买盘
2319,11:00:09,28.52,-0.01,19,54188,卖盘
2320,11:00:06,28.53,-0.03,38,108414,卖盘
2321,11:00:03,28.56,--,2,5712,卖盘
2322,11:00:00,28.56,--,5,14280,卖盘
2323,10:59:51,28.56,0.04,11,31416,买盘
2324,10:59:48,28.52,-0.01,15,42780,卖盘
2325,10:59:45,28.53,0.02,6,17118,中性盘
2326,10:59:42,28.51,-0.04,127,362077,卖盘
2327,10:59:39,28.55,0.03,13,37115,买盘
2328,10:59:36,28.52,-0.01,14,41354,卖盘
2329,10:59:30,28.53,--,6,17118,卖盘
2330,10:59:24,28.53,0.01,5,14265,中性盘
2331,10:59:18,28.52,-0.01,21,60063,卖盘
2332,10:59:12,28.53,0.02,1,2853,中性盘
2333,10:59:06,28.51,--,3,8809,卖盘
2334,10:58:57,28.51,-0.01,42,121338,卖盘
2335,10:58:54,28.52,0.01,3,8556,买盘
2336,10:58:51,28.51,0.01,10,28510,买盘
2337,10:58:48,28.5,--,71,202350,卖盘
2338,10:58:42,28.5,-0.02,110,313500,卖盘
2339,10:58:39,28.52,0.01,12,34224,买盘
2340,10:58:36,28.51,-0.01,291,832292,卖盘
2341,10:58:30,28.52,-0.03,61,175226,卖盘
2342,10:58:27,28.55,--,25,71375,卖盘
2343,10:58:24,28.55,-0.03,49,139895,卖盘
2344,10:58:21,28.58,0.03,1,2858,买盘
2345,10:58:18,28.55,--,4,11420,卖盘
2346,10:58:12,28.55,--,31,88505,买盘
2347,10:58:09,28.55,0.02,22,62810,买盘
2348,10:58:06,28.53,-0.02,28,79884,卖盘
2349,10:58:00,28.55,--,3,8565,买盘
2350,10:57:54,28.55,0.03,1,2855,买盘
2351,10:57:51,28.52,-0.06,204,581808,卖盘
2352,10:57:48,28.58,0.03,3,8574,买盘
2353,10:57:45,28.55,--,11,31405,卖盘
2354,10:57:42,28.55,-0.03,2,5710,卖盘
2355,10:57:39,28.58,0.06,16,45728,买盘
2356,10:57:36,28.52,-0.03,164,467728,卖盘
2357,10:57:33,28.55,--,3,8565,卖盘
2358,10:57:30,28.55,0.01,161,460425,买盘
2359,10:57:27,28.54,--,20,57650,卖盘
2360,10:57:24,28.54,--,22,63358,卖盘
2361,10:57:21,28.54,-0.01,2,6278,卖盘
2362,10:57:18,28.55,--,3,8565,买盘
2363,10:57:15,28.55,--,56,159880,买盘
2364,10:57:09,28.55,--,7,19985,买盘
2365,10:57:06,28.55,--,12,36229,买盘
2366,10:56:57,28.55,--,5,14275,买盘
2367,10:56:54,28.55,--,7,19985,买盘
2368,10:56:51,28.55,-0.02,6,19214,卖盘
2369,10:56:48,28.57,0.03,5,15056,买盘
2370,10:56:45,28.54,--,26,74204,买盘
2371,10:56:42,28.54,--,5,14270,买盘
2372,10:56:39,28.54,-0.01,7,20263,卖盘
2373,10:56:36,28.55,-0.01,0,2569,卖盘
2374,10:56:30,28.56,--,1,2856,买盘
2375,10:56:27,28.56,0.03,10,28560,买盘
2376,10:56:24,28.53,0.01,84,239652,卖盘
2377,10:56:21,28.52,-0.03,145,413540,卖盘
2378,10:56:15,28.55,0.01,122,350594,买盘
2379,10:56:12,28.54,--,3,8562,买盘
2380,10:56:09,28.54,--,1,3424,卖盘
2381,10:56:06,28.54,--,56,162107,卖盘
2382,10:56:03,28.54,-0.01,4,11416,卖盘
2383,10:56:00,28.55,0.01,39,111345,买盘
2384,10:55:57,28.54,0.01,19,54226,买盘
2385,10:55:54,28.53,-0.01,23,65619,卖盘
2386,10:55:48,28.54,0.01,1,2854,买盘
2387,10:55:42,28.53,0.01,4,11412,中性盘
2388,10:55:36,28.52,-0.02,3,10866,卖盘
2389,10:55:33,28.54,-0.01,1,2854,买盘
2390,10:55:30,28.55,-0.01,42,119910,卖盘
2391,10:55:27,28.56,0.05,8,22848,买盘
2392,10:55:24,28.51,-0.04,124,353524,卖盘
2393,10:55:21,28.55,--,63,182006,买盘
2394,10:55:18,28.55,--,20,57100,买盘
2395,10:55:15,28.55,0.03,2,5710,买盘
2396,10:55:12,28.52,-0.03,23,65596,卖盘
2397,10:55:09,28.55,0.02,5,14275,买盘
2398,10:55:06,28.53,-0.02,35,102679,卖盘
2399,10:55:03,28.55,--,11,31405,买盘
2400,10:55:00,28.55,--,12,34260,买盘
2401,10:54:57,28.55,0.01,42,119910,买盘
2402,10:54:54,28.54,-0.01,19,54226,卖盘
2403,10:54:51,28.55,--,3,8565,买盘
2404,10:54:48,28.55,--,3,8565,买盘
2405,10:54:45,28.55,--,5,14275,买盘
2406,10:54:42,28.55,-0.01,4,12133,卖盘
2407,10:54:39,28.56,0.01,13,39270,买盘
2408,10:54:36,28.55,--,29,82795,卖盘
2409,10:54:33,28.55,--,1,2855,卖盘
2410,10:54:30,28.55,0.03,88,251240,买盘
2411,10:54:27,28.52,-0.03,10,28520,卖盘
2412,10:54:24,28.55,--,7,21412,买盘
2413,10:54:18,28.55,--,6,17130,买盘
2414,10:54:15,28.55,0.05,6,17130,买盘
2415,10:54:12,28.5,-0.02,140,399000,卖盘
2416,10:54:09,28.52,0.01,13,37076,中性盘
2417,10:54:06,28.51,-0.01,481,1371901,卖盘
2418,10:54:03,28.52,--,18,51336,买盘
2419,10:54:00,28.52,0.01,21,59892,买盘
2420,10:53:57,28.51,-0.01,4,11404,卖盘
2421,10:53:54,28.52,--,17,48484,买盘
2422,10:53:51,28.52,0.01,1,2852,中性盘
2423,10:53:48,28.51,0.01,27,76977,买盘
2424,10:53:45,28.5,--,47,133950,卖盘
2425,10:53:42,28.5,-0.02,180,513000,卖盘
2426,10:53:39,28.52,0.01,214,611668,买盘
2427,10:53:36,28.51,--,142,406638,卖盘
2428,10:53:33,28.51,-0.01,921,2625771,卖盘
2429,10:53:30,28.52,0.01,168,479136,卖盘
2430,10:53:27,28.51,-0.01,105,300409,卖盘
2431,10:53:24,28.52,--,97,276644,买盘
2432,10:53:21,28.52,--,329,938308,买盘
2433,10:53:18,28.52,--,94,268088,买盘
2434,10:53:15,28.52,--,23,65596,买盘
2435,10:53:12,28.52,--,220,627440,买盘
2436,10:53:09,28.52,--,71,204288,卖盘
2437,10:53:06,28.52,-0.01,437,1247379,卖盘
2438,10:53:03,28.53,-0.01,65,185445,卖盘
2439,10:53:00,28.54,0.02,59,168386,买盘
2440,10:52:57,28.52,-0.01,118,336536,卖盘
2441,10:52:54,28.53,0.01,12,34236,中性盘
2442,10:52:51,28.52,-0.02,3,8556,卖盘
2443,10:52:48,28.54,--,61,174094,买盘
2444,10:52:45,28.54,0.01,98,279692,买盘
2445,10:52:42,28.53,-0.01,17,48501,卖盘
2446,10:52:39,28.54,--,46,131284,买盘
2447,10:52:36,28.54,-0.01,236,674428,卖盘
2448,10:52:33,28.55,-0.01,145,413975,卖盘
2449,10:52:30,28.56,-0.01,91,259896,中性盘
2450,10:52:27,28.57,--,79,225703,买盘
2451,10:52:21,28.57,--,28,81310,买盘
2452,10:52:18,28.57,--,5,14285,买盘
2453,10:52:12,28.57,-0.03,21,61796,卖盘
2454,10:52:09,28.6,--,100,286000,卖盘
2455,10:52:06,28.6,0.04,282,807149,买盘
2456,10:52:03,28.56,-0.03,7,19992,中性盘
2457,10:52:00,28.59,--,36,102924,卖盘
2458,10:51:57,28.59,-0.01,48,137232,卖盘
2459,10:51:54,28.6,--,52,148720,买盘
2460,10:51:51,28.6,0.01,7,20020,买盘
2461,10:51:48,28.59,--,212,606108,卖盘
2462,10:51:45,28.59,-0.01,23,65757,中性盘
2463,10:51:42,28.6,--,502,1435720,买盘
2464,10:51:39,28.6,0.01,81,231660,买盘
2465,10:51:36,28.59,-0.01,100,286557,卖盘
2466,10:51:33,28.6,0.01,3,8580,买盘
2467,10:51:30,28.59,-0.01,27,77193,卖盘
2468,10:51:24,28.6,--,143,408980,买盘
2469,10:51:21,28.6,-0.01,104,297440,卖盘
2470,10:51:18,28.61,0.01,205,586505,卖盘
2471,10:51:15,28.6,-0.02,255,729300,卖盘
2472,10:51:12,28.62,0.01,112,320544,买盘
2473,10:51:09,28.61,--,25,71525,卖盘
2474,10:51:06,28.61,-0.04,33,94413,卖盘
2475,10:51:03,28.65,--,161,461265,买盘
2476,10:51:00,28.65,0.02,63,180495,买盘
2477,10:50:57,28.63,--,11,31493,卖盘
2478,10:50:54,28.63,-0.02,14,40082,卖盘
2479,10:50:51,28.65,0.04,43,123195,买盘
2480,10:50:48,28.61,-0.04,2,5722,卖盘
2481,10:50:42,28.65,0.03,131,375315,买盘
2482,10:50:39,28.62,--,12,34344,卖盘
2483,10:50:36,28.62,-0.06,85,244500,卖盘
2484,10:50:33,28.68,0.02,5,14340,买盘
2485,10:50:30,28.66,--,21,60186,卖盘
2486,10:50:27,28.66,--,28,80248,卖盘
2487,10:50:21,28.66,0.01,1,2866,买盘
2488,10:50:18,28.65,--,4,11460,卖盘
2489,10:50:12,28.65,0.02,66,190723,买盘
2490,10:50:09,28.63,--,6,17178,买盘
2491,10:50:06,28.63,-0.02,251,719156,卖盘
2492,10:50:03,28.65,-0.01,50,143250,卖盘
2493,10:50:00,28.66,0.01,39,111774,买盘
2494,10:49:57,28.65,-0.03,9,25785,卖盘
2495,10:49:51,28.68,0.02,112,323539,买盘
2496,10:49:48,28.66,--,3,8598,买盘
2497,10:49:42,28.66,--,8,22928,买盘
2498,10:49:39,28.66,--,12,34936,卖盘
2499,10:49:36,28.66,-0.02,39,114095,卖盘
2500,10:49:27,28.68,0.02,10,28680,买盘
2501,10:49:21,28.66,0.03,8,22928,买盘
2502,10:49:15,28.63,-0.05,33,94479,卖盘
2503,10:49:09,28.68,0.02,5,14340,买盘
2504,10:49:06,28.66,-0.01,110,317266,卖盘
2505,10:49:03,28.67,--,3,8601,买盘
2506,10:48:45,28.67,0.04,1,2867,买盘
2507,10:48:42,28.63,-0.02,122,349286,卖盘
2508,10:48:36,28.65,-0.02,180,518536,卖盘
2509,10:48:33,28.67,0.02,6,17202,买盘
2510,10:48:30,28.65,-0.02,4,11460,卖盘
2511,10:48:27,28.67,--,10,28670,卖盘
2512,10:48:21,28.67,--,10,28670,买盘
2513,10:48:18,28.67,--,1,2867,买盘
2514,10:48:12,28.67,0.01,37,106079,中性盘
2515,10:48:06,28.66,-0.03,18,51588,卖盘
2516,10:48:03,28.69,0.02,6,18390,买盘
2517,10:47:54,28.67,--,13,38962,卖盘
2518,10:47:51,28.67,--,10,28670,卖盘
2519,10:47:45,28.67,-0.02,5,14335,卖盘
2520,10:47:42,28.69,0.02,4,11476,买盘
2521,10:47:36,28.67,--,41,118722,卖盘
2522,10:47:27,28.67,--,4,11468,卖盘
2523,10:47:24,28.67,--,8,22936,买盘
2524,10:47:21,28.67,--,38,108946,买盘
2525,10:47:15,28.67,--,1,2867,买盘
2526,10:47:12,28.67,--,3,8601,买盘
2527,10:47:09,28.67,0.01,109,312503,买盘
2528,10:47:06,28.66,-0.01,32,94320,卖盘
2529,10:47:03,28.67,--,21,60207,买盘
2530,10:47:00,28.67,--,27,77409,卖盘
2531,10:46:57,28.67,--,6,17202,卖盘
2532,10:46:48,28.67,-0.02,2,5734,中性盘
2533,10:46:45,28.69,0.03,20,57380,买盘
2534,10:46:42,28.66,-0.02,6,17196,卖盘
2535,10:46:39,28.68,0.02,3,8604,买盘
2536,10:46:36,28.66,--,35,103147,卖盘
2537,10:46:27,28.66,--,8,22928,卖盘
2538,10:46:21,28.66,--,11,31526,卖盘
2539,10:46:18,28.66,--,8,22928,买盘
2540,10:46:12,28.66,-0.02,18,51588,买盘
2541,10:46:06,28.68,-0.01,9,25812,卖盘
2542,10:46:03,28.69,-0.01,26,76917,卖盘
2543,10:46:00,28.7,--,20,57400,买盘
2544,10:45:54,28.7,0.02,1,2870,买盘
2545,10:45:48,28.68,0.03,4,12016,买盘
2546,10:45:45,28.65,-0.04,3,8595,卖盘
2547,10:45:42,28.69,0.04,22,63118,买盘
2548,10:45:39,28.65,--,4,13780,卖盘
2549,10:45:36,28.65,-0.05,43,124025,卖盘
2550,10:45:30,28.7,0.05,51,146370,买盘
2551,10:45:27,28.65,-0.04,10,28650,卖盘
2552,10:45:24,28.69,--,1,2869,买盘
2553,10:45:21,28.69,0.04,3,8607,买盘
2554,10:45:12,28.65,--,5,14325,卖盘
2555,10:45:06,28.65,-0.04,0,2578,卖盘
2556,10:45:00,28.69,--,4,11476,买盘
2557,10:44:57,28.69,-0.01,4,11476,卖盘
2558,10:44:54,28.7,--,10,28700,买盘
2559,10:44:45,28.7,0.01,8,22960,买盘
2560,10:44:42,28.69,-0.01,19,54511,卖盘
2561,10:44:39,28.7,0.09,100,287000,买盘
2562,10:44:36,28.61,-0.01,187,536094,卖盘
2563,10:44:33,28.62,0.01,64,183168,买盘
2564,10:44:30,28.61,-0.01,45,128745,卖盘
2565,10:44:27,28.62,--,16,45792,买盘
2566,10:44:24,28.62,--,53,151686,买盘
2567,10:44:21,28.62,--,47,134514,买盘
2568,10:44:18,28.62,--,20,57240,买盘
2569,10:44:15,28.62,--,43,123066,买盘
2570,10:44:12,28.62,0.01,1,2862,买盘
2571,10:44:09,28.61,-0.01,164,469204,卖盘
2572,10:44:06,28.62,--,23,68115,买盘
2573,10:44:03,28.62,-0.08,17,48654,卖盘
2574,10:44:00,28.7,--,7,20090,买盘
2575,10:43:57,28.7,--,504,1447771,卖盘
2576,10:43:54,28.7,--,5,14350,卖盘
2577,10:43:51,28.7,-0.01,8,22960,卖盘
2578,10:43:48,28.71,--,1,2871,买盘
2579,10:43:45,28.71,0.01,2,5742,买盘
2580,10:43:42,28.7,0.04,318,914238,买盘
2581,10:43:39,28.66,--,2,5732,买盘
2582,10:43:36,28.66,-0.04,382,1096302,卖盘
2583,10:43:33,28.7,--,9,25830,卖盘
2584,10:43:30,28.7,--,6,17220,卖盘
2585,10:43:24,28.7,--,2,5740,卖盘
2586,10:43:21,28.7,0.05,92,265417,买盘
2587,10:43:18,28.65,0.02,159,455535,中性盘
2588,10:43:12,28.63,-0.07,247,707161,卖盘
2589,10:43:09,28.7,0.11,323,927010,买盘
2590,10:43:06,28.59,-0.04,373,1067865,卖盘
2591,10:43:03,28.63,--,14,40082,买盘
2592,10:43:00,28.63,0.03,179,512477,买盘
2593,10:42:57,28.6,--,33,94380,卖盘
2594,10:42:54,28.6,-0.02,500,1430000,卖盘
2595,10:42:51,28.62,-0.01,41,117342,卖盘
2596,10:42:48,28.63,0.01,1,2863,中性盘
2597,10:42:45,28.62,-0.02,72,206064,卖盘
2598,10:42:39,28.64,0.01,3,8592,买盘
2599,10:42:36,28.63,-0.01,87,250168,卖盘
2600,10:42:33,28.64,-0.01,20,57280,卖盘
2601,10:42:30,28.65,0.01,3,8595,买盘
2602,10:42:24,28.64,-0.01,14,42673,卖盘
2603,10:42:21,28.65,--,5,14325,买盘
2604,10:42:18,28.65,0.01,3,8595,买盘
2605,10:42:15,28.64,-0.01,1,2864,中性盘
2606,10:42:09,28.65,0.02,3,8595,买盘
2607,10:42:06,28.63,-0.02,0,2576,卖盘
2608,10:41:57,28.65,--,4,11460,买盘
2609,10:41:45,28.65,--,3,8595,买盘
2610,10:41:42,28.65,--,3,10600,卖盘
2611,10:41:36,28.65,--,24,69619,卖盘
2612,10:41:33,28.65,--,4,11460,卖盘
2613,10:41:27,28.65,--,5,14325,卖盘
2614,10:41:21,28.65,--,3,8595,卖盘
2615,10:41:15,28.65,0.04,1,2865,中性盘
2616,10:41:12,28.61,-0.05,25,71525,卖盘
2617,10:41:06,28.66,0.03,77,220968,买盘
2618,10:41:03,28.63,-0.02,38,108794,中性盘
2619,10:41:00,28.65,--,2,5730,买盘
2620,10:40:57,28.65,--,43,123195,买盘
2621,10:40:54,28.65,--,3,8595,买盘
2622,10:40:51,28.65,--,113,323745,买盘
2623,10:40:45,28.65,-0.01,24,68760,卖盘
2624,10:40:42,28.66,--,5,14330,买盘
2625,10:40:39,28.66,0.01,3,8598,买盘
2626,10:40:36,28.65,-0.01,12,34666,中性盘
2627,10:40:33,28.66,0.01,13,37258,买盘
2628,10:40:30,28.65,--,10,28650,卖盘
2629,10:40:21,28.65,--,2,5730,买盘
2630,10:40:18,28.65,-0.01,25,71625,中性盘
2631,10:40:12,28.66,0.01,1,2866,买盘
2632,10:40:09,28.65,0.03,3,8595,中性盘
2633,10:40:06,28.62,-0.03,45,129934,卖盘
2634,10:39:48,28.65,--,4,11460,买盘
2635,10:39:45,28.65,--,1,2865,买盘
2636,10:39:39,28.65,0.03,3,8595,买盘
2637,10:39:36,28.62,-0.03,166,476523,卖盘
2638,10:39:30,28.65,-0.01,5,14325,中性盘
2639,10:39:24,28.66,0.04,20,57320,买盘
2640,10:39:21,28.62,-0.04,21,60102,卖盘
2641,10:39:18,28.66,--,11,31526,买盘
2642,10:39:15,28.66,0.01,129,369714,买盘
2643,10:39:12,28.65,--,3,8595,买盘
2644,10:39:09,28.65,--,331,948315,买盘
2645,10:39:06,28.65,-0.01,126,363310,卖盘
2646,10:39:03,28.66,-0.02,564,1616424,卖盘
2647,10:38:57,28.68,-0.01,18,51624,中性盘
2648,10:38:54,28.69,0.02,20,57380,买盘
2649,10:38:48,28.67,--,2,5734,买盘
2650,10:38:45,28.67,0.02,5,14335,买盘
2651,10:38:42,28.65,-0.02,35,100848,卖盘
2652,10:38:39,28.67,-0.02,4,13761,卖盘
2653,10:38:36,28.69,--,26,75167,买盘
2654,10:38:33,28.69,--,10,28690,买盘
2655,10:38:24,28.69,0.01,5,14345,买盘
2656,10:38:21,28.68,--,1,2868,买盘
2657,10:38:15,28.68,-0.01,7,20076,卖盘
2658,10:38:12,28.69,--,4,11476,买盘
2659,10:38:09,28.69,0.01,1,2869,买盘
2660,10:38:06,28.68,-0.02,9,25812,卖盘
2661,10:37:57,28.7,0.03,2,5740,买盘
2662,10:37:51,28.67,-0.03,11,31537,卖盘
2663,10:37:48,28.7,--,7,20090,买盘
2664,10:37:45,28.7,0.02,18,51660,买盘
2665,10:37:42,28.68,0.01,115,329820,中性盘
2666,10:37:36,28.67,-0.03,73,211871,卖盘
2667,10:37:33,28.7,0.01,50,143500,买盘
2668,10:37:30,28.69,-0.01,2,5738,中性盘
2669,10:37:27,28.7,0.04,1,2870,买盘
2670,10:37:18,28.66,-0.04,1,2866,卖盘
2671,10:37:15,28.7,--,1,2870,买盘
2672,10:37:12,28.7,0.04,27,77490,买盘
2673,10:37:06,28.66,-0.04,10,29175,卖盘
2674,10:37:00,28.7,--,3,8610,买盘
2675,10:36:57,28.7,0.05,2,5740,买盘
2676,10:36:45,28.65,-0.05,20,57300,卖盘
2677,10:36:42,28.7,0.05,2,5740,中性盘
2678,10:36:36,28.65,--,36,105747,卖盘
2679,10:36:27,28.65,-0.06,34,97410,卖盘
2680,10:36:21,28.71,0.02,133,381843,买盘
2681,10:36:12,28.69,--,106,304114,买盘
2682,10:36:09,28.69,0.01,21,60249,买盘
2683,10:36:06,28.68,--,12,36710,卖盘
2684,10:35:51,28.68,0.02,78,223704,买盘
2685,10:35:48,28.66,--,1,2866,买盘
2686,10:35:45,28.66,--,5,14330,买盘
2687,10:35:36,28.66,0.02,40,114640,买盘
2688,10:35:33,28.64,--,2,5728,买盘
2689,10:35:30,28.64,-0.01,3,8592,卖盘
2690,10:35:27,28.65,0.02,1,2865,中性盘
2691,10:35:12,28.63,--,5,15173,买盘
2692,10:35:09,28.63,-0.03,1,2863,买盘
2693,10:35:06,28.66,0.03,10,28660,买盘
2694,10:35:03,28.63,--,22,62986,买盘
2695,10:35:00,28.63,-0.03,38,108794,卖盘
2696,10:34:57,28.66,0.03,10,28660,买盘
2697,10:34:36,28.63,-0.02,2,7730,卖盘
2698,10:34:30,28.65,-0.01,2,5730,中性盘
2699,10:34:18,28.66,0.03,23,67064,买盘
2700,10:34:15,28.63,--,1,2863,买盘
2701,10:34:12,28.63,-0.04,13,38936,卖盘
2702,10:34:09,28.67,0.01,6,17202,买盘
2703,10:34:06,28.66,--,50,144217,卖盘
2704,10:33:51,28.66,--,3,8598,卖盘
2705,10:33:48,28.66,0.04,23,65918,买盘
2706,10:33:45,28.62,--,1,3090,买盘
2707,10:33:42,28.62,-0.03,105,303143,卖盘
2708,10:33:39,28.65,--,30,85950,卖盘
2709,10:33:36,28.65,-0.01,103,297215,卖盘
2710,10:33:33,28.66,--,10,28660,买盘
2711,10:33:30,28.66,--,1,2866,买盘
2712,10:33:27,28.66,--,55,157630,卖盘
2713,10:33:21,28.66,-0.01,2,5732,卖盘
2714,10:33:15,28.67,0.02,4,11468,买盘
2715,10:33:09,28.65,-0.01,49,142505,买盘
2716,10:33:06,28.66,0.01,34,97444,买盘
2717,10:33:03,28.65,-0.03,101,290998,卖盘
2718,10:33:00,28.68,0.01,30,86040,买盘
2719,10:32:48,28.67,-0.01,1,2867,卖盘
2720,10:32:45,28.68,0.02,3,8604,买盘
2721,10:32:36,28.66,-0.02,2,7738,卖盘
2722,10:32:33,28.68,0.02,1,2868,买盘
2723,10:32:30,28.66,0.01,5,16422,买盘
2724,10:32:27,28.65,-0.01,79,226335,卖盘
2725,10:32:24,28.66,0.01,10,28660,买盘
2726,10:32:21,28.65,-0.01,38,108870,卖盘
2727,10:32:18,28.66,--,1,2866,买盘
2728,10:32:15,28.66,--,1,2866,买盘
2729,10:32:12,28.66,--,0,773,卖盘
2730,10:32:06,28.66,-0.02,2,6964,卖盘
2731,10:32:03,28.68,--,1,2868,买盘
2732,10:32:00,28.68,--,1,2868,买盘
2733,10:31:57,28.68,0.02,2,5736,买盘
2734,10:31:54,28.66,0.01,6,17196,卖盘
2735,10:31:51,28.65,-0.01,52,148980,卖盘
2736,10:31:48,28.66,--,2,5732,卖盘
2737,10:31:45,28.66,--,2,5732,卖盘
2738,10:31:42,28.66,--,10,28660,卖盘
2739,10:31:36,28.66,--,13,39264,卖盘
2740,10:31:30,28.66,--,6,17196,卖盘
2741,10:31:27,28.66,--,4,11464,买盘
2742,10:31:24,28.66,--,7,20062,买盘
2743,10:31:21,28.66,0.01,1,2866,买盘
2744,10:31:15,28.65,-0.01,13,37245,卖盘
2745,10:31:06,28.66,--,4,13183,买盘
2746,10:30:57,28.66,0.01,1,2866,买盘
2747,10:30:54,28.65,-0.03,16,45840,卖盘
2748,10:30:51,28.68,--,1,2868,买盘
2749,10:30:48,28.68,0.03,3,8604,买盘
2750,10:30:42,28.65,--,27,77355,卖盘
2751,10:30:39,28.65,0.01,26,74490,中性盘
2752,10:30:36,28.64,-0.01,30,87352,卖盘
2753,10:30:33,28.65,-0.03,6,17190,卖盘
2754,10:30:30,28.68,--,40,114720,买盘
2755,10:30:27,28.68,--,8,22944,买盘
2756,10:30:24,28.68,0.02,2,5736,买盘
2757,10:30:21,28.66,-0.02,10,28660,卖盘
2758,10:30:12,28.68,--,6,17208,买盘
2759,10:30:09,28.68,--,1,2868,买盘
2760,10:30:06,28.68,0.01,167,480676,买盘
2761,10:30:03,28.67,-0.02,10,28670,卖盘
2762,10:30:00,28.69,0.03,57,164967,买盘
2763,10:29:57,28.66,-0.02,68,196321,卖盘
2764,10:29:54,28.68,-0.01,3,8604,卖盘
2765,10:29:51,28.69,--,25,71725,买盘
2766,10:29:48,28.69,0.01,15,43035,买盘
2767,10:29:45,28.68,--,3,8604,买盘
2768,10:29:42,28.68,--,15,43020,买盘
2769,10:29:39,28.68,0.01,10,28680,买盘
2770,10:29:36,28.67,-0.01,1,5160,卖盘
2771,10:29:33,28.68,--,8,22944,买盘
2772,10:29:30,28.68,-0.01,2,5736,卖盘
2773,10:29:27,28.69,--,8,22952,买盘
2774,10:29:24,28.69,--,1,2869,买盘
2775,10:29:21,28.69,0.01,17,48773,买盘
2776,10:29:15,28.68,--,17,48756,卖盘
2777,10:29:09,28.68,0.01,17,48756,买盘
2778,10:29:06,28.67,-0.01,6,18062,卖盘
2779,10:28:57,28.68,0.02,2,5736,买盘
2780,10:28:48,28.66,-0.02,5,14330,卖盘
2781,10:28:45,28.68,0.01,17,48756,买盘
2782,10:28:42,28.67,0.01,7,20069,买盘
2783,10:28:36,28.66,--,9,26940,卖盘
2784,10:28:27,28.66,0.01,26,74516,买盘
2785,10:28:18,28.65,0.04,6,17190,买盘
2786,10:28:15,28.61,-0.04,139,397679,卖盘
2787,10:28:12,28.65,--,39,111735,买盘
2788,10:28:09,28.65,0.02,200,573000,买盘
2789,10:28:06,28.63,--,149,427589,卖盘
2790,10:28:00,28.63,--,61,177219,买盘
2791,10:27:57,28.63,--,2,5726,买盘
2792,10:27:54,28.63,0.01,12,34356,买盘
2793,10:27:48,28.62,-0.01,3,8586,卖盘
2794,10:27:45,28.63,--,5,14315,买盘
2795,10:27:39,28.63,0.01,55,157465,买盘
2796,10:27:36,28.62,--,23,66627,卖盘
