,time,price,change,volume,amount,type
0,15:00:03,14.74,--,902,1329548,买盘
1,14:57:00,14.74,--,22,32428,买盘
2,14:56:57,14.74,0.01,5,7370,买盘
3,14:56:54,14.73,-0.01,50,73650,卖盘
4,14:56:51,14.74,0.01,17,25058,买盘
5,14:56:48,14.73,-0.01,20,29460,卖盘
6,14:56:45,14.74,--,70,103180,买盘
7,14:56:42,14.74,--,17,25058,买盘
8,14:56:39,14.74,0.01,10,14740,买盘
9,14:56:36,14.73,--,22,32406,卖盘
10,14:56:33,14.73,-0.01,196,288708,卖盘
11,14:56:30,14.74,0.01,89,131186,买盘
12,14:56:24,14.73,-0.01,171,251883,卖盘
13,14:56:18,14.74,--,1,1474,买盘
14,14:56:15,14.74,--,5,7370,买盘
15,14:56:09,14.74,--,31,45694,买盘
16,14:56:06,14.74,0.01,153,225522,买盘
17,14:56:03,14.73,-0.01,12,17676,卖盘
18,14:56:00,14.74,--,114,168036,买盘
19,14:55:57,14.74,--,10,14740,买盘
20,14:55:54,14.74,--,110,162140,买盘
21,14:55:48,14.74,--,30,44220,买盘
22,14:55:45,14.74,0.01,6,8844,买盘
23,14:55:42,14.73,-0.01,117,172341,卖盘
24,14:55:36,14.74,--,45,66330,买盘
25,14:55:33,14.74,0.01,26,38324,买盘
26,14:55:30,14.73,-0.01,131,192963,卖盘
27,14:55:27,14.74,--,2,2948,买盘
28,14:55:24,14.74,0.01,32,47168,买盘
29,14:55:21,14.73,--,24,35352,卖盘
30,14:55:18,14.73,--,15,22095,卖盘
31,14:55:15,14.73,-0.01,14,20622,卖盘
32,14:55:12,14.74,0.01,73,107602,买盘
33,14:55:09,14.73,-0.01,43,63339,卖盘
34,14:55:00,14.74,0.01,18,26532,买盘
35,14:54:57,14.73,--,20,29460,卖盘
36,14:54:54,14.73,--,10,14730,卖盘
37,14:54:51,14.73,0.01,335,493720,买盘
38,14:54:48,14.72,--,185,272320,卖盘
39,14:54:42,14.72,-0.01,10,14720,卖盘
40,14:54:39,14.73,0.01,13,19149,买盘
41,14:54:36,14.72,-0.01,46,67712,卖盘
42,14:54:30,14.73,0.01,4,5892,买盘
43,14:54:27,14.72,-0.01,33,48576,卖盘
44,14:54:24,14.73,--,107,157611,买盘
45,14:54:18,14.73,--,7,10311,买盘
46,14:54:15,14.73,--,22,32406,买盘
47,14:54:09,14.73,--,105,154797,卖盘
48,14:54:06,14.73,--,13,19149,卖盘
49,14:54:03,14.73,-0.01,82,120786,卖盘
50,14:54:00,14.74,--,2,2948,买盘
51,14:53:57,14.74,0.01,20,29480,买盘
52,14:53:51,14.73,--,1,1473,卖盘
53,14:53:48,14.73,--,35,51555,卖盘
54,14:53:45,14.73,--,55,81015,卖盘
55,14:53:42,14.73,--,3,4419,卖盘
56,14:53:39,14.73,--,58,85434,卖盘
57,14:53:36,14.73,-0.01,2,3682,卖盘
58,14:53:33,14.74,0.01,60,88440,买盘
59,14:53:30,14.73,--,10,14730,卖盘
60,14:53:27,14.73,--,7,10311,卖盘
61,14:53:24,14.73,--,25,36825,卖盘
62,14:53:18,14.73,-0.01,4,5892,卖盘
63,14:53:12,14.74,--,20,29480,买盘
64,14:53:09,14.74,0.01,130,191620,买盘
65,14:53:06,14.73,--,10,14730,卖盘
66,14:53:03,14.73,--,102,150246,卖盘
67,14:53:00,14.73,--,45,66285,卖盘
68,14:52:57,14.73,--,1,1473,卖盘
69,14:52:54,14.73,--,192,283419,买盘
70,14:52:51,14.73,--,75,110475,买盘
71,14:52:48,14.73,0.01,95,139935,买盘
72,14:52:42,14.72,-0.01,118,173696,卖盘
73,14:52:39,14.73,0.01,5,7365,买盘
74,14:52:33,14.72,-0.01,31,45632,卖盘
75,14:52:24,14.73,--,20,29460,买盘
76,14:52:21,14.73,0.01,24,35352,买盘
77,14:52:15,14.72,--,40,58880,卖盘
78,14:52:12,14.72,--,29,42688,卖盘
79,14:52:06,14.72,-0.01,1,1472,卖盘
80,14:52:03,14.73,--,2,2946,买盘
81,14:52:00,14.73,--,110,162030,买盘
82,14:51:57,14.73,--,3,4419,买盘
83,14:51:51,14.73,--,42,61866,卖盘
84,14:51:42,14.73,--,11,16203,卖盘
85,14:51:39,14.73,--,30,44190,中性盘
86,14:51:36,14.73,-0.01,6,8838,中性盘
87,14:51:33,14.74,0.01,54,79596,买盘
88,14:51:30,14.73,--,40,58920,买盘
89,14:51:27,14.73,--,55,81015,卖盘
90,14:51:21,14.73,--,2,2946,卖盘
91,14:51:18,14.73,--,2,2946,卖盘
92,14:51:12,14.73,--,39,57447,卖盘
93,14:51:09,14.73,--,17,25041,买盘
94,14:51:06,14.73,0.01,10,14730,买盘
95,14:51:03,14.72,-0.01,1,1472,卖盘
96,14:51:00,14.73,--,7,10311,买盘
97,14:50:54,14.73,-0.01,14,20622,卖盘
98,14:50:48,14.74,0.01,22,32428,买盘
99,14:50:45,14.73,0.01,4,5892,买盘
100,14:50:42,14.72,-0.01,17,25024,卖盘
101,14:50:39,14.73,--,4,5892,买盘
102,14:50:36,14.73,0.01,66,97218,买盘
103,14:50:33,14.72,--,32,47104,卖盘
104,14:50:30,14.72,--,7,10304,卖盘
105,14:50:27,14.72,-0.01,8,11776,卖盘
106,14:50:24,14.73,--,199,293127,买盘
107,14:50:21,14.73,0.01,10,14730,买盘
108,14:50:15,14.72,-0.01,2,2944,卖盘
109,14:50:12,14.73,0.01,20,29460,买盘
110,14:50:06,14.72,--,1,1472,卖盘
111,14:50:03,14.72,--,26,38272,买盘
112,14:49:57,14.72,0.01,7,10304,买盘
113,14:49:54,14.71,--,51,75021,卖盘
114,14:49:48,14.71,-0.01,34,50014,卖盘
115,14:49:45,14.72,--,11,16192,买盘
116,14:49:42,14.72,--,20,29440,买盘
117,14:49:39,14.72,--,118,173696,买盘
118,14:49:33,14.72,--,11,16192,买盘
119,14:49:30,14.72,0.01,24,35328,买盘
120,14:49:24,14.71,--,17,25007,卖盘
121,14:49:21,14.71,-0.01,36,52956,卖盘
122,14:49:18,14.72,--,7,10304,买盘
123,14:49:12,14.72,0.01,4,5888,买盘
124,14:49:06,14.71,--,3,4413,卖盘
125,14:49:03,14.71,--,12,17652,卖盘
126,14:49:00,14.71,--,5,7355,卖盘
127,14:48:57,14.71,--,7,10297,卖盘
128,14:48:54,14.71,--,8,11768,卖盘
129,14:48:48,14.71,--,1,1471,卖盘
130,14:48:45,14.71,-0.01,73,107383,卖盘
131,14:48:42,14.72,0.01,5,7360,买盘
132,14:48:39,14.71,--,10,14710,卖盘
133,14:48:36,14.71,-0.01,6,8826,卖盘
134,14:48:33,14.72,0.01,16,23552,买盘
135,14:48:30,14.71,-0.01,54,79434,卖盘
136,14:48:27,14.72,0.01,17,25024,买盘
137,14:48:21,14.71,--,10,14710,卖盘
138,14:48:18,14.71,-0.01,35,51485,卖盘
139,14:48:15,14.72,0.01,13,19136,买盘
140,14:48:12,14.71,--,10,14710,卖盘
141,14:48:09,14.71,-0.01,15,22065,卖盘
142,14:48:03,14.72,--,20,29440,买盘
143,14:48:00,14.72,0.01,5,7360,买盘
144,14:47:54,14.71,-0.01,104,152984,卖盘
145,14:47:48,14.72,--,7,10304,卖盘
146,14:47:45,14.72,--,74,108928,卖盘
147,14:47:42,14.72,-0.01,11,16192,卖盘
148,14:47:39,14.73,0.01,111,163503,买盘
149,14:47:36,14.72,--,13,19136,卖盘
150,14:47:33,14.72,--,15,22080,卖盘
151,14:47:30,14.72,--,1,1472,卖盘
152,14:47:24,14.72,0.01,188,276736,买盘
153,14:47:21,14.71,-0.01,105,154455,卖盘
154,14:47:12,14.72,--,10,14720,买盘
155,14:47:06,14.72,--,10,14720,买盘
156,14:47:03,14.72,--,126,185472,买盘
157,14:46:57,14.72,--,4,5888,买盘
158,14:46:54,14.72,--,35,51520,卖盘
159,14:46:51,14.72,-0.01,4,5888,卖盘
160,14:46:45,14.73,0.02,21,30933,买盘
161,14:46:42,14.71,-0.01,244,358924,卖盘
162,14:46:39,14.72,--,23,33856,卖盘
163,14:46:36,14.72,--,5,7360,卖盘
164,14:46:33,14.72,-0.01,6,8832,卖盘
165,14:46:30,14.73,--,46,67758,买盘
166,14:46:27,14.73,0.01,5,7365,买盘
167,14:46:18,14.72,--,54,79488,买盘
168,14:46:12,14.72,0.01,1,1472,买盘
169,14:46:09,14.71,-0.02,35,51485,卖盘
170,14:46:03,14.73,0.02,39,57447,买盘
171,14:46:00,14.71,0.01,1,1471,卖盘
172,14:45:54,14.7,-0.03,200,294000,卖盘
173,14:45:51,14.73,0.01,11,16203,买盘
174,14:45:45,14.72,-0.01,2,2944,买盘
175,14:45:42,14.73,0.03,120,176760,买盘
176,14:45:39,14.7,-0.03,5,7350,卖盘
177,14:45:27,14.73,0.01,14,20622,买盘
178,14:45:18,14.72,0.02,2,2944,卖盘
179,14:45:15,14.7,-0.03,54,79380,卖盘
180,14:45:03,14.73,--,23,33879,买盘
181,14:45:00,14.73,0.04,63,92799,买盘
182,14:44:57,14.69,-0.04,5,7345,卖盘
183,14:44:54,14.73,0.03,221,325533,买盘
184,14:44:51,14.7,-0.01,5,7350,卖盘
185,14:44:48,14.71,0.01,46,67666,买盘
186,14:44:45,14.7,--,9,13230,卖盘
187,14:44:42,14.7,--,20,29400,卖盘
188,14:44:33,14.7,--,6,8820,卖盘
189,14:44:27,14.7,--,10,14700,卖盘
190,14:44:24,14.7,-0.03,2,2940,卖盘
191,14:44:21,14.73,--,41,60393,买盘
192,14:44:18,14.73,0.03,43,63339,买盘
193,14:44:15,14.7,0.02,261,383670,买盘
194,14:44:12,14.68,--,35,51380,卖盘
195,14:44:09,14.68,--,134,197930,买盘
196,14:44:03,14.68,--,6,8808,买盘
197,14:43:57,14.68,--,32,47225,卖盘
198,14:43:54,14.68,--,200,293600,卖盘
199,14:43:51,14.68,--,22,32296,卖盘
200,14:43:48,14.68,--,7,10276,卖盘
201,14:43:45,14.68,--,2,2936,卖盘
202,14:43:42,14.68,-0.01,56,83426,卖盘
203,14:43:39,14.69,--,31,45539,买盘
204,14:43:27,14.69,--,47,69043,卖盘
205,14:43:21,14.69,--,45,66105,卖盘
206,14:43:18,14.69,--,32,47008,卖盘
207,14:43:15,14.69,-0.01,3,4407,卖盘
208,14:43:09,14.7,0.01,2,2940,买盘
209,14:43:03,14.69,-0.01,95,139555,卖盘
210,14:42:54,14.7,--,115,169050,卖盘
211,14:42:51,14.7,--,7,10290,卖盘
212,14:42:48,14.7,--,26,38220,卖盘
213,14:42:45,14.7,--,5,7350,卖盘
214,14:42:39,14.7,--,74,108780,买盘
215,14:42:36,14.7,-0.02,36,52920,卖盘
216,14:42:24,14.72,--,30,44160,卖盘
217,14:42:21,14.72,0.02,30,44160,中性盘
218,14:42:15,14.7,-0.02,307,451290,卖盘
219,14:42:12,14.72,0.01,1,1472,中性盘
220,14:42:09,14.71,-0.02,309,454539,卖盘
221,14:42:03,14.73,--,26,38298,买盘
222,14:42:00,14.73,0.01,1,1473,买盘
223,14:41:57,14.72,-0.01,21,30912,卖盘
224,14:41:54,14.73,--,182,268086,卖盘
225,14:41:48,14.73,-0.02,3,4419,卖盘
226,14:41:36,14.75,--,4,5900,买盘
227,14:41:30,14.75,0.02,20,29500,买盘
228,14:41:27,14.73,-0.01,21,30933,卖盘
229,14:41:24,14.74,--,10,14740,卖盘
230,14:41:18,14.74,--,5,7370,卖盘
231,14:41:15,14.74,--,6,8844,卖盘
232,14:41:09,14.74,--,5,7370,卖盘
233,14:41:03,14.74,--,5,7370,卖盘
234,14:40:57,14.74,--,60,88440,卖盘
235,14:40:54,14.74,--,10,14740,卖盘
236,14:40:51,14.74,-0.01,79,116446,卖盘
237,14:40:45,14.75,0.01,1,1475,买盘
238,14:40:36,14.74,-0.01,106,156244,卖盘
239,14:40:33,14.75,0.01,10,14750,买盘
240,14:40:30,14.74,-0.01,2,2948,卖盘
241,14:40:27,14.75,0.01,10,14750,买盘
242,14:40:24,14.74,--,30,44220,卖盘
243,14:40:21,14.74,-0.01,3,4422,卖盘
244,14:40:18,14.75,0.01,33,48675,买盘
245,14:40:15,14.74,-0.01,60,88440,卖盘
246,14:40:12,14.75,0.01,10,14750,买盘
247,14:40:06,14.74,-0.01,1,1474,卖盘
248,14:40:00,14.75,0.01,30,44250,买盘
249,14:39:57,14.74,--,1,1474,卖盘
250,14:39:54,14.74,-0.01,7,10318,卖盘
251,14:39:45,14.75,0.01,10,14750,买盘
252,14:39:39,14.74,-0.01,15,22110,卖盘
253,14:39:30,14.75,0.01,43,63425,买盘
254,14:39:27,14.74,--,2,2948,卖盘
255,14:39:24,14.74,-0.01,4,5896,卖盘
256,14:39:21,14.75,0.01,11,16225,买盘
257,14:39:18,14.74,-0.01,22,32428,卖盘
258,14:39:15,14.75,--,20,29500,中性盘
259,14:39:06,14.75,--,19,28025,卖盘
260,14:39:03,14.75,0.01,64,94400,买盘
261,14:39:00,14.74,-0.01,10,14740,卖盘
262,14:38:54,14.75,0.01,15,22125,买盘
263,14:38:45,14.74,--,10,14740,卖盘
264,14:38:42,14.74,--,10,14740,卖盘
265,14:38:36,14.74,0.01,99,145926,买盘
266,14:38:33,14.73,-0.01,28,41244,卖盘
267,14:38:30,14.74,--,20,29480,买盘
268,14:38:27,14.74,-0.02,22,32428,卖盘
269,14:38:21,14.76,0.01,20,29520,买盘
270,14:38:18,14.75,-0.01,1,1475,中性盘
271,14:38:09,14.76,-0.01,27,39852,买盘
272,14:38:00,14.77,0.02,303,447531,买盘
273,14:37:57,14.75,-0.01,49,73366,卖盘
274,14:37:54,14.76,0.01,143,211068,买盘
275,14:37:51,14.75,--,221,325975,卖盘
276,14:37:48,14.75,--,100,147500,卖盘
277,14:37:42,14.75,--,10,14750,卖盘
278,14:37:39,14.75,--,1,1475,卖盘
279,14:37:36,14.75,-0.01,12,17700,卖盘
280,14:37:33,14.76,0.01,13,19188,买盘
281,14:37:30,14.75,-0.01,10,14750,卖盘
282,14:37:27,14.76,0.01,8,11808,买盘
283,14:37:21,14.75,-0.01,132,195127,卖盘
284,14:37:12,14.76,0.01,43,63468,买盘
285,14:37:09,14.75,-0.01,60,88500,卖盘
286,14:37:03,14.76,--,100,147600,买盘
287,14:37:00,14.76,0.01,191,281916,买盘
288,14:36:57,14.75,-0.01,15,22125,卖盘
289,14:36:54,14.76,0.01,32,47232,买盘
290,14:36:51,14.75,-0.01,49,72275,卖盘
291,14:36:48,14.76,0.01,24,35424,买盘
292,14:36:45,14.75,--,10,14750,卖盘
293,14:36:42,14.75,--,1,1475,卖盘
294,14:36:39,14.75,-0.01,16,23600,卖盘
295,14:36:36,14.76,0.01,5,7380,买盘
296,14:36:30,14.75,-0.01,20,29500,卖盘
297,14:36:27,14.76,--,33,48708,买盘
298,14:36:24,14.76,0.01,28,41328,买盘
299,14:36:21,14.75,--,20,29500,卖盘
300,14:36:18,14.75,-0.01,16,23600,卖盘
301,14:36:15,14.76,0.01,20,29520,买盘
302,14:36:12,14.75,--,1,1475,卖盘
303,14:36:00,14.75,--,10,14750,卖盘
304,14:35:57,14.75,0.03,390,576680,买盘
305,14:35:48,14.72,-0.01,21,30912,卖盘
306,14:35:42,14.73,--,4,5892,买盘
307,14:35:36,14.73,-0.01,44,64812,卖盘
308,14:35:30,14.74,--,10,14740,买盘
309,14:35:24,14.74,--,10,14740,买盘
310,14:35:21,14.74,--,2,2948,买盘
311,14:35:18,14.74,--,1,1474,买盘
312,14:35:15,14.74,--,6,8844,买盘
313,14:35:12,14.74,-0.01,5,7370,中性盘
314,14:35:09,14.75,0.01,24,35400,买盘
315,14:35:06,14.74,--,5,7370,买盘
316,14:35:03,14.74,--,3,4466,卖盘
317,14:35:00,14.74,-0.01,1,1474,卖盘
318,14:34:54,14.75,0.01,63,94355,买盘
319,14:34:51,14.74,-0.01,15,22154,卖盘
320,14:34:42,14.75,0.01,13,19175,买盘
321,14:34:39,14.74,--,20,29480,卖盘
322,14:34:36,14.74,-0.01,12,17688,卖盘
323,14:34:33,14.75,0.01,13,19175,买盘
324,14:34:30,14.74,--,5,8033,卖盘
325,14:34:27,14.74,--,45,67096,买盘
326,14:34:24,14.74,--,9,13266,买盘
327,14:34:18,14.74,0.01,4,5896,买盘
328,14:34:15,14.73,-0.01,5,7365,卖盘
329,14:34:12,14.74,0.01,3,4422,买盘
330,14:34:09,14.73,-0.01,65,95745,卖盘
331,14:34:06,14.74,--,10,14740,买盘
332,14:33:57,14.74,--,9,13973,卖盘
333,14:33:54,14.74,-0.01,21,30954,卖盘
334,14:33:51,14.75,--,5,7375,买盘
335,14:33:48,14.75,0.01,116,171100,买盘
336,14:33:42,14.74,-0.01,21,30954,卖盘
337,14:33:33,14.75,0.01,50,73750,中性盘
338,14:33:30,14.74,-0.01,173,255002,卖盘
339,14:33:27,14.75,-0.01,20,29500,卖盘
340,14:33:24,14.76,--,30,44280,买盘
341,14:33:21,14.76,0.01,5,7380,买盘
342,14:33:18,14.75,-0.01,8,11800,卖盘
343,14:33:15,14.76,--,34,50184,买盘
344,14:33:12,14.76,--,2,2952,买盘
345,14:33:06,14.76,--,86,126936,买盘
346,14:33:03,14.76,--,6,8856,买盘
347,14:33:00,14.76,-0.01,13,19188,中性盘
348,14:32:57,14.77,0.02,70,103390,买盘
349,14:32:54,14.75,-0.01,41,60475,卖盘
350,14:32:51,14.76,--,10,14760,卖盘
351,14:32:48,14.76,--,30,44280,买盘
352,14:32:42,14.76,--,8,11808,买盘
353,14:32:39,14.76,--,2,2952,买盘
354,14:32:36,14.76,--,46,67896,买盘
355,14:32:33,14.76,--,53,78228,卖盘
356,14:32:30,14.76,-0.01,26,38376,卖盘
357,14:32:27,14.77,--,5,7385,买盘
358,14:32:24,14.77,0.01,5,7385,买盘
359,14:32:21,14.76,--,3,4428,卖盘
360,14:32:18,14.76,-0.01,64,94464,卖盘
361,14:32:15,14.77,-0.01,66,97482,卖盘
362,14:32:12,14.78,--,32,47296,买盘
363,14:32:09,14.78,0.01,92,135976,买盘
364,14:32:06,14.77,--,276,407652,卖盘
365,14:32:03,14.77,--,12,17724,卖盘
366,14:32:00,14.77,--,101,149177,卖盘
367,14:31:57,14.77,0.01,30,44310,中性盘
368,14:31:48,14.76,-0.01,20,29520,卖盘
369,14:31:45,14.77,--,134,197918,买盘
370,14:31:42,14.77,0.01,15,22155,买盘
371,14:31:36,14.76,--,4,5904,卖盘
372,14:31:30,14.76,--,10,14760,卖盘
373,14:31:27,14.76,--,104,153504,买盘
374,14:31:21,14.76,0.01,38,56088,买盘
375,14:31:18,14.75,-0.01,20,29500,卖盘
376,14:31:15,14.76,0.01,100,147600,买盘
377,14:31:12,14.75,--,13,19175,卖盘
378,14:31:09,14.75,-0.01,19,28025,卖盘
379,14:31:06,14.76,0.01,10,14760,买盘
380,14:31:03,14.75,--,10,14750,卖盘
381,14:30:57,14.75,--,7,10325,卖盘
382,14:30:54,14.75,--,1,1475,卖盘
383,14:30:51,14.75,--,52,76700,卖盘
384,14:30:48,14.75,-0.01,3,4425,卖盘
385,14:30:45,14.76,0.01,32,47232,买盘
386,14:30:42,14.75,--,75,110625,买盘
387,14:30:39,14.75,--,1,1475,买盘
388,14:30:36,14.75,--,6,8850,卖盘
389,14:30:33,14.75,--,41,60475,卖盘
390,14:30:30,14.75,--,9,13275,卖盘
391,14:30:27,14.75,--,28,41300,卖盘
392,14:30:24,14.75,-0.01,4,5900,卖盘
393,14:30:21,14.76,0.01,63,92988,买盘
394,14:30:18,14.75,--,13,19175,买盘
395,14:30:15,14.75,--,27,39825,卖盘
396,14:30:12,14.75,--,7,10325,卖盘
397,14:30:09,14.75,--,26,38350,买盘
398,14:30:06,14.75,--,20,29500,买盘
399,14:30:03,14.75,--,2,2950,买盘
400,14:30:00,14.75,0.01,105,154875,买盘
401,14:29:57,14.74,--,18,26532,卖盘
402,14:29:45,14.74,--,101,148874,卖盘
403,14:29:42,14.74,0.03,558,823258,买盘
404,14:29:36,14.71,0.01,84,123564,中性盘
405,14:29:33,14.7,-0.02,305,448350,卖盘
406,14:29:30,14.72,0.01,21,30912,买盘
407,14:29:27,14.71,0.01,82,120622,买盘
408,14:29:12,14.7,--,5,7350,卖盘
409,14:29:09,14.7,0.01,71,104370,买盘
410,14:29:03,14.69,--,20,29380,买盘
411,14:28:57,14.69,--,20,29380,买盘
412,14:28:54,14.69,-0.01,45,66105,卖盘
413,14:28:36,14.7,-0.01,5,7350,中性盘
414,14:28:33,14.71,0.01,31,45601,买盘
415,14:28:27,14.7,--,66,97020,卖盘
416,14:28:18,14.7,--,15,22050,卖盘
417,14:28:15,14.7,-0.01,37,54390,卖盘
418,14:28:12,14.71,--,15,22065,卖盘
419,14:28:09,14.71,--,6,8826,卖盘
420,14:28:06,14.71,0.01,59,86789,买盘
421,14:28:03,14.7,--,25,36750,卖盘
422,14:28:00,14.7,-0.01,5,7350,卖盘
423,14:27:54,14.71,0.01,10,14710,买盘
424,14:27:51,14.7,--,21,30870,卖盘
425,14:27:48,14.7,--,23,33810,卖盘
426,14:27:45,14.7,-0.01,25,36750,卖盘
427,14:27:42,14.71,--,19,27949,卖盘
428,14:27:39,14.71,--,10,14710,卖盘
429,14:27:36,14.71,-0.01,8,11768,卖盘
430,14:27:27,14.72,--,8,11776,卖盘
431,14:27:21,14.72,-0.01,58,85376,卖盘
432,14:27:09,14.73,--,3,4419,卖盘
433,14:27:06,14.73,--,33,48609,卖盘
434,14:27:03,14.73,--,40,58920,卖盘
435,14:27:00,14.73,--,51,75123,卖盘
436,14:26:57,14.73,-0.01,40,58920,卖盘
437,14:26:54,14.74,0.01,18,26532,买盘
438,14:26:51,14.73,--,55,81015,卖盘
439,14:26:48,14.73,--,50,73650,卖盘
440,14:26:45,14.73,--,14,20622,卖盘
441,14:26:42,14.73,-0.01,8,11784,卖盘
442,14:26:36,14.74,0.01,21,30954,买盘
443,14:26:33,14.73,-0.01,10,14730,卖盘
444,14:26:30,14.74,--,16,24291,卖盘
445,14:26:27,14.74,--,55,81836,买盘
446,14:26:24,14.74,0.01,20,29480,买盘
447,14:26:21,14.73,--,7,11018,卖盘
448,14:26:18,14.73,--,13,19149,卖盘
449,14:26:15,14.73,-0.02,12,17676,卖盘
450,14:26:12,14.75,--,2,2950,买盘
451,14:26:09,14.75,--,40,59000,买盘
452,14:26:06,14.75,--,147,216825,卖盘
453,14:26:03,14.75,--,45,66375,卖盘
454,14:26:00,14.75,--,25,36875,卖盘
455,14:25:57,14.75,-0.01,45,66375,卖盘
456,14:25:51,14.76,--,15,22140,买盘
457,14:25:48,14.76,--,52,76752,卖盘
458,14:25:45,14.76,--,26,38376,卖盘
459,14:25:42,14.76,--,20,29520,卖盘
460,14:25:39,14.76,0.01,91,134316,买盘
461,14:25:36,14.75,-0.01,11,16225,卖盘
462,14:25:33,14.76,--,20,29520,买盘
463,14:25:30,14.76,0.01,60,88560,中性盘
464,14:25:27,14.75,--,150,221250,卖盘
465,14:25:24,14.75,--,11,16225,卖盘
466,14:25:21,14.75,--,6,8850,卖盘
467,14:25:18,14.75,--,43,63425,买盘
468,14:25:12,14.75,--,91,134225,卖盘
469,14:25:09,14.75,--,18,26550,买盘
470,14:25:06,14.75,-0.01,1,1475,买盘
471,14:25:03,14.76,--,104,153504,买盘
472,14:25:00,14.76,-0.01,32,47232,买盘
473,14:24:57,14.77,0.02,50,73850,买盘
474,14:24:51,14.75,--,21,30975,卖盘
475,14:24:48,14.75,0.01,19,28792,买盘
476,14:24:45,14.74,-0.03,29,43453,卖盘
477,14:24:42,14.77,0.01,120,177240,买盘
478,14:24:39,14.76,0.03,503,743195,买盘
479,14:24:36,14.73,--,42,61866,卖盘
480,14:24:33,14.73,-0.01,25,36825,卖盘
481,14:24:30,14.74,--,72,106128,买盘
482,14:24:24,14.74,0.01,115,169510,买盘
483,14:24:21,14.73,--,30,44190,卖盘
484,14:24:18,14.73,-0.01,80,117840,卖盘
485,14:24:15,14.74,0.01,461,679514,买盘
486,14:24:09,14.73,0.01,10,14730,买盘
487,14:24:06,14.72,-0.01,16,23552,卖盘
488,14:24:03,14.73,--,39,57447,买盘
489,14:24:00,14.73,-0.01,14,20622,卖盘
490,14:23:57,14.74,--,7,10318,买盘
491,14:23:54,14.74,--,3,4422,买盘
492,14:23:51,14.74,-0.01,69,101706,买盘
493,14:23:48,14.75,0.01,32,47200,买盘
494,14:23:42,14.74,--,330,487127,卖盘
495,14:23:39,14.74,--,7,10318,卖盘
496,14:23:36,14.74,--,7,10318,卖盘
497,14:23:33,14.74,--,8,11792,卖盘
498,14:23:30,14.74,0.04,699,1031092,买盘
499,14:23:27,14.7,--,17,24990,卖盘
500,14:23:24,14.7,--,15,22050,买盘
501,14:23:21,14.7,-0.01,9,13230,中性盘
502,14:23:18,14.71,0.01,249,366279,买盘
503,14:23:15,14.7,-0.01,72,105840,买盘
504,14:23:12,14.71,0.01,83,122093,买盘
505,14:23:09,14.7,-0.01,199,292530,卖盘
506,14:23:03,14.71,0.01,25,36775,买盘
507,14:23:00,14.7,-0.01,26,38220,卖盘
508,14:22:57,14.71,0.02,490,720790,买盘
509,14:22:54,14.69,0.01,25,36725,买盘
510,14:22:51,14.68,--,126,184968,买盘
511,14:22:48,14.68,0.02,42,61656,买盘
512,14:22:45,14.66,--,21,30786,卖盘
513,14:22:42,14.66,-0.01,21,30786,卖盘
514,14:22:39,14.67,--,13,19071,买盘
515,14:22:36,14.67,0.01,3,4401,买盘
516,14:22:33,14.66,--,85,124610,买盘
517,14:22:30,14.66,0.01,35,51310,买盘
518,14:22:27,14.65,--,21,30765,卖盘
519,14:22:24,14.65,-0.01,30,43950,卖盘
520,14:22:21,14.66,0.01,5,7330,买盘
521,14:22:15,14.65,0.01,123,180195,买盘
522,14:22:12,14.64,-0.01,20,29280,卖盘
523,14:22:06,14.65,0.01,10,14650,买盘
524,14:22:03,14.64,--,20,29280,买盘
525,14:22:00,14.64,0.01,147,215208,买盘
526,14:21:57,14.63,-0.01,50,73150,卖盘
527,14:21:54,14.64,--,35,51240,买盘
528,14:21:51,14.64,--,20,29280,买盘
529,14:21:48,14.64,--,10,14640,买盘
530,14:21:45,14.64,--,119,174216,买盘
531,14:21:42,14.64,--,81,118584,卖盘
532,14:21:39,14.64,-0.01,15,21960,卖盘
533,14:21:33,14.65,0.01,67,98155,买盘
534,14:21:30,14.64,-0.01,3,4392,卖盘
535,14:21:27,14.65,0.01,15,21975,买盘
536,14:21:24,14.64,--,12,17568,买盘
537,14:21:18,14.64,--,1,1464,买盘
538,14:21:15,14.64,0.01,12,17568,买盘
539,14:21:12,14.63,--,10,14630,卖盘
540,14:21:09,14.63,--,11,16093,卖盘
541,14:21:03,14.63,--,21,30723,买盘
542,14:21:00,14.63,--,30,43890,买盘
543,14:20:57,14.63,0.03,17,24871,买盘
544,14:20:54,14.6,-0.03,65,94900,卖盘
545,14:20:51,14.63,--,89,130207,买盘
546,14:20:48,14.63,--,94,137522,买盘
547,14:20:45,14.63,0.01,68,99484,买盘
548,14:20:42,14.62,0.02,656,959846,买盘
549,14:20:39,14.6,--,47,68620,买盘
550,14:20:30,14.6,--,250,365000,买盘
551,14:20:21,14.6,--,37,54020,买盘
552,14:20:15,14.6,--,47,68620,买盘
553,14:20:12,14.6,--,21,30660,买盘
554,14:20:09,14.6,0.01,281,410260,买盘
555,14:20:06,14.59,--,35,51065,买盘
556,14:20:03,14.59,-0.01,44,64196,中性盘
557,14:20:00,14.6,0.01,105,153300,买盘
558,14:19:57,14.59,0.01,43,62737,买盘
559,14:19:54,14.58,--,28,40824,卖盘
560,14:19:45,14.58,--,16,23328,卖盘
561,14:19:42,14.58,-0.01,14,20412,中性盘
562,14:19:18,14.59,0.01,40,58360,买盘
563,14:19:15,14.58,0.01,40,58320,中性盘
564,14:19:06,14.57,-0.02,61,88877,卖盘
565,14:18:54,14.59,0.01,71,103589,买盘
566,14:18:42,14.58,--,1,1458,卖盘
567,14:18:33,14.58,0.01,9,13122,买盘
568,14:18:27,14.57,--,50,72850,卖盘
569,14:18:15,14.57,0.01,41,60363,买盘
570,14:18:12,14.56,-0.01,4,5824,卖盘
571,14:18:03,14.57,--,2,2914,买盘
572,14:17:54,14.57,-0.01,106,155272,卖盘
573,14:17:48,14.58,--,4,5832,卖盘
574,14:17:45,14.58,--,10,14580,卖盘
575,14:17:33,14.58,--,6,8748,买盘
576,14:17:27,14.58,0.01,4,5832,中性盘
577,14:17:21,14.57,-0.01,60,87420,卖盘
578,14:17:18,14.58,--,7,10206,买盘
579,14:17:09,14.58,--,3,4374,买盘
580,14:17:03,14.58,0.01,2,2916,买盘
581,14:17:00,14.57,-0.01,26,38508,卖盘
582,14:16:57,14.58,--,200,291600,买盘
583,14:16:48,14.58,--,56,81648,买盘
584,14:16:45,14.58,--,10,14580,买盘
585,14:16:39,14.58,--,1,1458,买盘
586,14:16:33,14.58,0.01,10,14580,买盘
587,14:16:21,14.57,-0.01,21,30597,卖盘
588,14:16:15,14.58,-0.01,74,107892,卖盘
589,14:16:03,14.59,0.01,60,87540,买盘
590,14:15:57,14.58,--,6,8748,卖盘
591,14:15:39,14.58,--,11,16038,卖盘
592,14:15:36,14.58,--,5,7290,卖盘
593,14:15:33,14.58,--,15,21870,卖盘
594,14:15:30,14.58,-0.01,4,5832,卖盘
595,14:15:27,14.59,--,116,169244,买盘
596,14:15:21,14.59,--,27,39393,买盘
597,14:15:18,14.59,--,342,498978,买盘
598,14:15:15,14.59,0.01,76,110884,买盘
599,14:15:09,14.58,--,56,81648,卖盘
600,14:15:03,14.58,--,26,37908,卖盘
601,14:15:00,14.58,-0.01,2,2916,卖盘
602,14:14:57,14.59,--,6,8754,买盘
603,14:14:54,14.59,--,5,7295,买盘
604,14:14:48,14.59,--,1,1459,买盘
605,14:14:45,14.59,--,33,48147,买盘
606,14:14:42,14.59,--,2,2918,卖盘
607,14:14:39,14.59,--,15,21885,卖盘
608,14:14:36,14.59,--,116,169244,卖盘
609,14:14:33,14.59,-0.01,15,21885,卖盘
610,14:14:27,14.6,0.01,1,1460,买盘
611,14:14:18,14.59,-0.01,40,58360,卖盘
612,14:14:15,14.6,0.01,23,33580,买盘
613,14:14:12,14.59,-0.01,18,26262,卖盘
614,14:14:03,14.6,0.01,32,46720,买盘
615,14:13:57,14.59,--,50,72950,卖盘
616,14:13:51,14.59,-0.01,50,72950,卖盘
617,14:13:48,14.6,0.01,11,16060,买盘
618,14:13:42,14.59,-0.01,52,75868,卖盘
619,14:13:27,14.6,0.01,10,14600,买盘
620,14:13:24,14.59,--,175,255325,卖盘
621,14:13:18,14.59,--,5,7295,卖盘
622,14:13:09,14.59,--,460,671140,买盘
623,14:13:03,14.59,--,1,1459,买盘
624,14:13:00,14.59,0.01,32,46688,买盘
625,14:12:57,14.58,-0.01,3,4374,卖盘
626,14:12:54,14.59,--,2,2918,买盘
627,14:12:45,14.59,--,2,2918,买盘
628,14:12:39,14.59,--,4,5836,买盘
629,14:12:36,14.59,--,11,16049,买盘
630,14:12:24,14.59,--,14,20426,买盘
631,14:12:21,14.59,-0.01,35,51065,卖盘
632,14:12:09,14.6,0.01,4,5840,买盘
633,14:12:06,14.59,--,1,1459,买盘
634,14:12:00,14.59,--,15,21885,买盘
635,14:11:57,14.59,--,100,145900,买盘
636,14:11:54,14.59,--,4,5836,中性盘
637,14:11:45,14.59,--,20,29180,买盘
638,14:11:42,14.59,--,10,14590,卖盘
639,14:11:39,14.59,--,17,24803,买盘
640,14:11:36,14.59,0.01,38,55442,买盘
641,14:11:15,14.58,--,179,260982,买盘
642,14:11:09,14.58,--,5,7290,买盘
643,14:11:06,14.58,--,7,10206,买盘
644,14:11:00,14.58,--,4,5832,买盘
645,14:10:57,14.58,--,4,5832,买盘
646,14:10:51,14.58,0.01,20,29160,买盘
647,14:10:39,14.57,-0.02,21,30597,卖盘
648,14:10:30,14.59,--,10,14590,买盘
649,14:10:27,14.59,--,13,18967,卖盘
650,14:10:24,14.59,--,60,87540,卖盘
651,14:10:21,14.59,--,30,43770,卖盘
652,14:10:18,14.59,--,13,18967,卖盘
653,14:10:09,14.59,--,2,2918,卖盘
654,14:10:06,14.59,--,20,29180,卖盘
655,14:10:03,14.59,-0.01,10,14590,卖盘
656,14:09:57,14.6,0.01,1,1460,买盘
657,14:09:48,14.59,--,10,14590,卖盘
658,14:09:42,14.59,-0.01,30,43770,卖盘
659,14:09:39,14.6,0.01,2,2920,买盘
660,14:09:27,14.59,0.01,260,379340,买盘
661,14:09:24,14.58,-0.01,1,1458,中性盘
662,14:09:21,14.59,0.01,62,90458,买盘
663,14:09:18,14.58,0.01,2,2916,买盘
664,14:09:15,14.57,-0.02,4,5828,卖盘
665,14:09:12,14.59,--,3,4377,买盘
666,14:09:09,14.59,--,26,37934,买盘
667,14:09:06,14.59,--,5,7295,买盘
668,14:09:03,14.59,--,110,160490,买盘
669,14:08:57,14.59,--,21,30639,买盘
670,14:08:54,14.59,0.01,65,94835,买盘
671,14:08:48,14.58,0.01,10,14580,买盘
672,14:08:39,14.57,--,1,1457,卖盘
673,14:08:30,14.57,--,3,4371,卖盘
674,14:08:27,14.57,--,22,32054,买盘
675,14:08:24,14.57,0.01,4,5828,买盘
676,14:08:21,14.56,-0.01,15,21840,卖盘
677,14:08:15,14.57,--,3,4371,买盘
678,14:08:12,14.57,--,1,1457,买盘
679,14:08:00,14.57,--,29,42253,买盘
680,14:07:57,14.57,-0.01,62,90334,卖盘
681,14:07:54,14.58,--,423,616734,买盘
682,14:07:51,14.58,--,10,14580,买盘
683,14:07:45,14.58,--,7,10206,买盘
684,14:07:42,14.58,0.01,1,1458,买盘
685,14:07:36,14.57,-0.01,5,7285,卖盘
686,14:07:33,14.58,0.01,13,18954,买盘
687,14:07:30,14.57,--,1,1457,卖盘
688,14:07:06,14.57,--,11,16027,卖盘
689,14:06:54,14.57,0.01,209,304513,买盘
690,14:06:51,14.56,--,20,29120,卖盘
691,14:06:48,14.56,--,10,14560,卖盘
692,14:06:33,14.56,-0.01,2,2912,卖盘
693,14:06:30,14.57,0.01,3,4371,买盘
694,14:06:18,14.56,--,2,2912,买盘
695,14:06:15,14.56,--,16,23296,卖盘
696,14:06:12,14.56,--,15,21840,卖盘
697,14:06:09,14.56,-0.01,30,43680,卖盘
698,14:06:06,14.57,0.01,20,29140,买盘
699,14:06:03,14.56,--,1,1456,卖盘
700,14:06:00,14.56,--,9,13104,卖盘
701,14:05:54,14.56,-0.01,6,8736,卖盘
702,14:05:51,14.57,--,31,45167,买盘
703,14:05:45,14.57,--,47,68479,买盘
704,14:05:42,14.57,--,2,2914,买盘
705,14:05:39,14.57,--,12,17484,买盘
706,14:05:30,14.57,--,19,27683,买盘
707,14:05:27,14.57,--,13,18941,买盘
708,14:05:24,14.57,0.01,13,18941,买盘
709,14:05:21,14.56,--,5,7280,卖盘
710,14:05:03,14.56,0.01,12,17472,中性盘
711,14:04:42,14.55,-0.02,7,10185,卖盘
712,14:04:39,14.57,--,291,423987,买盘
713,14:04:36,14.57,--,13,18941,买盘
714,14:04:33,14.57,--,11,16027,买盘
715,14:04:30,14.57,0.01,3,4371,买盘
716,14:04:21,14.56,-0.01,43,62608,卖盘
717,14:04:15,14.57,0.01,128,186496,买盘
718,14:04:09,14.56,--,11,16016,买盘
719,14:04:06,14.56,-0.01,1,1456,买盘
720,14:04:03,14.57,0.01,6,8742,买盘
721,14:04:00,14.56,-0.01,18,26208,卖盘
722,14:03:57,14.57,0.01,31,45167,买盘
723,14:03:54,14.56,-0.01,9,13104,卖盘
724,14:03:51,14.57,0.01,4,5828,买盘
725,14:03:42,14.56,-0.01,15,21840,卖盘
726,14:03:36,14.57,--,2,2914,买盘
727,14:03:33,14.57,--,4,5828,买盘
728,14:03:24,14.57,--,2,2914,买盘
729,14:03:18,14.57,0.01,3,4371,买盘
730,14:03:15,14.56,-0.01,13,18928,卖盘
731,14:03:12,14.57,--,19,27683,卖盘
732,14:03:09,14.57,--,50,72850,卖盘
733,14:03:06,14.57,--,3,4371,卖盘
734,14:03:03,14.57,--,2,2914,卖盘
735,14:03:00,14.57,--,10,14570,卖盘
736,14:02:57,14.57,-0.01,6,8742,卖盘
737,14:02:54,14.58,0.01,5,7290,买盘
738,14:02:51,14.57,--,10,14570,卖盘
739,14:02:48,14.57,-0.01,63,91791,卖盘
740,14:02:45,14.58,--,2,2916,买盘
741,14:02:33,14.58,--,14,20412,买盘
742,14:02:30,14.58,--,5,7290,买盘
743,14:02:27,14.58,--,1,1458,买盘
744,14:02:24,14.58,--,219,319302,卖盘
745,14:02:15,14.58,-0.01,7,10206,卖盘
746,14:02:12,14.59,--,1,1459,买盘
747,14:02:09,14.59,--,14,20426,买盘
748,14:02:06,14.59,--,7,10213,买盘
749,14:02:03,14.59,0.01,7,10213,买盘
750,14:02:00,14.58,-0.01,26,37908,卖盘
751,14:01:57,14.59,--,53,77327,买盘
752,14:01:48,14.59,--,65,94835,买盘
753,14:01:33,14.59,--,49,71491,买盘
754,14:01:30,14.59,--,27,39393,买盘
755,14:01:24,14.59,0.01,33,48147,买盘
756,14:01:21,14.58,-0.01,28,40824,卖盘
757,14:01:18,14.59,--,10,14590,买盘
758,14:01:15,14.59,--,23,33557,买盘
759,14:01:12,14.59,--,83,121097,卖盘
760,14:01:09,14.59,-0.01,1,1459,卖盘
761,14:01:06,14.6,0.01,81,118260,买盘
762,14:01:03,14.59,--,70,102130,卖盘
763,14:01:00,14.59,-0.01,10,14590,卖盘
764,14:00:54,14.6,0.01,41,59860,买盘
765,14:00:51,14.59,--,413,602567,买盘
766,14:00:48,14.59,--,17,24803,买盘
767,14:00:45,14.59,--,325,474175,买盘
768,14:00:42,14.59,--,43,62737,买盘
769,14:00:39,14.59,0.01,60,87540,买盘
770,14:00:36,14.58,-0.01,15,21870,卖盘
771,14:00:30,14.59,0.01,5,7295,买盘
772,14:00:27,14.58,--,1,1458,买盘
773,14:00:24,14.58,0.01,115,167670,买盘
774,14:00:21,14.57,-0.01,121,176297,卖盘
775,14:00:18,14.58,--,12,17496,买盘
776,14:00:15,14.58,--,7,10206,买盘
777,14:00:12,14.58,--,12,17496,买盘
778,14:00:09,14.58,0.01,393,572994,买盘
779,14:00:06,14.57,0.01,142,206894,买盘
780,14:00:03,14.56,--,6,8736,买盘
781,13:59:54,14.56,0.01,40,58240,买盘
782,13:59:48,14.55,--,16,23280,买盘
783,13:59:42,14.55,0.01,3,4365,买盘
784,13:59:39,14.54,--,17,24718,买盘
785,13:59:36,14.54,--,10,14540,买盘
786,13:59:27,14.54,--,117,170118,卖盘
787,13:59:24,14.54,--,10,14540,卖盘
788,13:59:12,14.54,0.01,424,616496,买盘
789,13:59:09,14.53,-0.01,30,43590,卖盘
790,13:59:03,14.54,--,23,33442,买盘
791,13:59:00,14.54,--,28,40712,买盘
792,13:58:57,14.54,0.01,14,20356,买盘
793,13:58:51,14.53,-0.01,40,58120,卖盘
794,13:58:48,14.54,--,26,37804,买盘
795,13:58:45,14.54,0.03,20,29080,买盘
796,13:58:39,14.51,-0.03,27,39177,卖盘
797,13:58:36,14.54,--,12,17448,买盘
798,13:58:33,14.54,-0.02,112,162848,卖盘
799,13:58:30,14.56,0.01,244,355264,买盘
800,13:58:24,14.55,--,3,4365,买盘
801,13:58:21,14.55,--,21,30555,买盘
802,13:58:18,14.55,--,20,29100,买盘
803,13:58:15,14.55,0.01,5,7275,买盘
804,13:58:06,14.54,-0.01,37,53798,中性盘
805,13:58:03,14.55,0.01,42,61110,买盘
806,13:58:00,14.54,-0.01,15,21810,中性盘
807,13:57:57,14.55,0.02,56,81480,买盘
808,13:57:54,14.53,-0.01,35,50855,卖盘
809,13:57:51,14.54,0.01,21,30534,买盘
810,13:57:48,14.53,-0.01,31,45043,卖盘
811,13:57:42,14.54,0.01,79,114866,买盘
812,13:57:39,14.53,--,22,31966,买盘
813,13:57:36,14.53,0.03,20,29060,买盘
814,13:57:33,14.5,-0.03,4,5800,卖盘
815,13:57:30,14.53,--,21,30513,买盘
816,13:57:27,14.53,0.03,44,63932,买盘
817,13:57:24,14.5,--,84,122670,买盘
818,13:57:21,14.5,--,42,60900,买盘
819,13:57:18,14.5,--,89,129050,买盘
820,13:57:15,14.5,--,20,29000,买盘
821,13:57:06,14.5,0.01,21,30450,买盘
822,13:57:03,14.49,--,6,8694,卖盘
823,13:57:00,14.49,--,26,37674,买盘
824,13:56:48,14.49,0.01,12,17388,买盘
825,13:56:45,14.48,--,11,15928,卖盘
826,13:56:42,14.48,--,10,14480,卖盘
827,13:56:39,14.48,--,5,7240,卖盘
828,13:56:33,14.48,0.01,51,73848,买盘
829,13:56:30,14.47,-0.01,1,1447,卖盘
830,13:56:27,14.48,0.02,1,1448,买盘
831,13:56:18,14.46,-0.01,50,72300,卖盘
832,13:56:15,14.47,0.01,12,17364,买盘
833,13:56:12,14.46,-0.01,6,8676,卖盘
834,13:56:09,14.47,--,24,34728,买盘
835,13:56:06,14.47,--,21,30387,买盘
836,13:56:03,14.47,--,3,4341,买盘
837,13:55:57,14.47,--,10,14470,买盘
838,13:55:54,14.47,0.01,5,7235,买盘
839,13:55:45,14.46,--,7,10122,买盘
840,13:55:42,14.46,--,161,232806,买盘
841,13:55:39,14.46,--,11,15906,买盘
842,13:55:36,14.46,0.01,25,36150,买盘
843,13:55:33,14.45,-0.01,1,1445,卖盘
844,13:55:30,14.46,--,126,182196,买盘
845,13:55:27,14.46,-0.01,60,86760,卖盘
846,13:55:24,14.47,--,20,28940,买盘
847,13:55:18,14.47,--,3117,4510299,买盘
848,13:55:15,14.47,0.01,130,188110,买盘
849,13:55:06,14.46,--,26,37596,卖盘
850,13:55:00,14.46,-0.01,66,95436,卖盘
851,13:54:57,14.47,0.01,55,79585,买盘
852,13:54:51,14.46,-0.01,19,27474,卖盘
853,13:54:48,14.47,--,4,5788,买盘
854,13:54:45,14.47,--,40,57880,买盘
855,13:54:42,14.47,0.01,10,14470,买盘
856,13:54:39,14.46,--,150,216900,卖盘
857,13:54:36,14.46,-0.01,27,39042,卖盘
858,13:54:33,14.47,0.01,2,2894,买盘
859,13:54:30,14.46,-0.01,6,8676,卖盘
860,13:54:27,14.47,0.01,19,27493,买盘
861,13:54:24,14.46,--,31,44826,卖盘
862,13:54:21,14.46,0.01,14,20244,卖盘
863,13:54:09,14.45,-0.01,95,137275,卖盘
864,13:54:03,14.46,--,17,24582,买盘
865,13:54:00,14.46,--,8,11568,买盘
866,13:53:57,14.46,--,28,40488,买盘
867,13:53:54,14.46,--,10,14460,买盘
868,13:53:51,14.46,--,35,50610,买盘
869,13:53:48,14.46,--,8,11568,买盘
870,13:53:45,14.46,--,315,455490,买盘
871,13:53:42,14.46,--,21,30366,买盘
872,13:53:39,14.46,0.01,35,50610,买盘
873,13:53:36,14.45,-0.01,10,14450,卖盘
874,13:53:33,14.46,--,15,21690,买盘
875,13:53:30,14.46,--,36,52056,买盘
876,13:53:27,14.46,-0.01,1320,1908720,卖盘
877,13:53:24,14.47,--,7,10129,买盘
878,13:53:21,14.47,0.01,1,1447,买盘
879,13:53:18,14.46,-0.01,200,289200,卖盘
880,13:53:12,14.47,--,32,46304,买盘
881,13:53:09,14.47,0.01,122,176534,中性盘
882,13:52:54,14.46,--,101,146046,卖盘
883,13:52:33,14.46,-0.03,184,266064,卖盘
884,13:52:27,14.49,0.02,1,2274,卖盘
885,13:52:24,14.47,--,19,28115,买盘
886,13:52:21,14.47,-0.03,1298,1879030,卖盘
887,13:52:18,14.5,--,10,14500,买盘
888,13:51:51,14.5,0.01,10,14500,买盘
889,13:51:42,14.49,-0.01,33,47817,卖盘
890,13:51:39,14.5,--,14,20300,买盘
891,13:51:36,14.5,0.01,14,20300,买盘
892,13:51:33,14.49,-0.01,1,1449,卖盘
893,13:51:30,14.5,0.01,20,29000,买盘
894,13:51:03,14.49,-0.01,5,7245,卖盘
895,13:50:57,14.5,0.01,1,1450,买盘
896,13:50:48,14.49,-0.01,11,15939,卖盘
897,13:50:39,14.5,0.01,10,14500,买盘
898,13:50:36,14.49,--,14,20286,卖盘
899,13:50:33,14.49,--,8,11592,卖盘
900,13:50:30,14.49,--,16,23807,卖盘
901,13:50:21,14.49,-0.01,6,8694,卖盘
902,13:50:18,14.5,--,26,37700,买盘
903,13:49:54,14.5,0.01,10,14500,买盘
904,13:49:48,14.49,-0.01,7,10143,卖盘
905,13:49:39,14.5,--,6,8700,买盘
906,13:49:33,14.5,--,3,4350,买盘
907,13:49:30,14.5,0.01,2,2900,买盘
908,13:49:24,14.49,-0.01,6,8694,卖盘
909,13:49:21,14.5,0.01,5,7250,买盘
910,13:49:18,14.49,-0.01,5,7245,卖盘
911,13:49:15,14.5,0.01,2,2900,买盘
912,13:49:06,14.49,-0.01,1,1449,卖盘
913,13:49:03,14.5,0.01,6,8700,买盘
914,13:48:57,14.49,--,7,10143,中性盘
915,13:48:48,14.49,--,7,10143,买盘
916,13:48:42,14.49,0.01,2,2898,买盘
917,13:48:39,14.48,--,8,11584,卖盘
918,13:48:33,14.48,-0.01,1,1448,卖盘
919,13:48:27,14.49,0.01,3,4347,买盘
920,13:48:24,14.48,--,318,460464,卖盘
921,13:48:15,14.48,--,0,709,卖盘
922,13:48:06,14.48,-0.02,6,8688,卖盘
923,13:47:57,14.5,--,10,14500,买盘
924,13:47:48,14.5,0.02,1,1450,买盘
925,13:47:42,14.48,-0.02,27,39096,卖盘
926,13:47:36,14.5,-0.01,1,1450,中性盘
927,13:47:24,14.51,0.01,5,7255,买盘
928,13:47:21,14.5,-0.02,5,7250,中性盘
929,13:47:18,14.52,0.04,1,1452,买盘
930,13:47:15,14.48,-0.03,1004,1453792,卖盘
931,13:47:09,14.51,--,6,8706,卖盘
932,13:47:06,14.51,0.01,22,31922,买盘
933,13:47:03,14.5,-0.02,500,725000,卖盘
934,13:46:57,14.52,0.01,25,36300,买盘
935,13:46:51,14.51,--,6,8706,卖盘
936,13:46:45,14.51,--,26,37726,卖盘
937,13:46:33,14.51,--,2,2902,卖盘
938,13:46:27,14.51,--,5,7255,卖盘
939,13:46:12,14.51,-0.01,26,37726,卖盘
940,13:46:06,14.52,--,41,59532,买盘
941,13:46:03,14.52,0.01,28,40656,买盘
942,13:46:00,14.51,--,20,29020,卖盘
943,13:45:57,14.51,-0.01,5,7255,卖盘
944,13:45:51,14.52,--,20,29040,买盘
945,13:45:45,14.52,0.01,5,7260,买盘
946,13:45:39,14.51,-0.01,6,8706,卖盘
947,13:45:36,14.52,0.01,30,43560,买盘
948,13:45:33,14.51,-0.01,1,1451,卖盘
949,13:45:30,14.52,--,2,2904,买盘
950,13:45:24,14.52,--,30,43560,买盘
951,13:45:21,14.52,--,2,2904,买盘
952,13:45:18,14.52,0.01,2,2904,买盘
953,13:45:12,14.51,-0.01,6,8706,卖盘
954,13:45:03,14.52,--,10,14520,买盘
955,13:45:00,14.52,--,50,72600,买盘
956,13:44:54,14.52,-0.01,82,119064,卖盘
957,13:44:51,14.53,--,7,10171,买盘
958,13:44:48,14.53,--,47,68291,买盘
959,13:44:30,14.53,0.01,20,29060,买盘
960,13:44:27,14.52,--,2,2904,卖盘
961,13:44:24,14.52,-0.01,6,8712,卖盘
962,13:44:15,14.53,--,12,17436,买盘
963,13:44:12,14.53,--,49,71197,卖盘
964,13:44:03,14.53,--,1,1453,卖盘
965,13:44:00,14.53,--,14,20342,卖盘
966,13:43:57,14.53,0.02,5,7265,中性盘
967,13:43:48,14.51,-0.02,250,362750,卖盘
968,13:43:30,14.53,--,7,10171,买盘
969,13:43:24,14.53,0.01,23,33419,买盘
970,13:43:21,14.52,-0.01,100,145200,卖盘
971,13:43:18,14.53,--,2,2906,买盘
972,13:43:12,14.53,--,1,1453,买盘
973,13:43:09,14.53,--,9,13077,买盘
974,13:43:03,14.53,--,5,7265,卖盘
975,13:43:00,14.53,-0.01,5,7265,卖盘
976,13:42:54,14.54,0.02,7,10178,买盘
977,13:42:39,14.52,--,6,8712,卖盘
978,13:42:30,14.52,--,1,1452,买盘
979,13:42:27,14.52,--,3,4356,买盘
980,13:42:24,14.52,--,5,7260,卖盘
981,13:42:18,14.52,-0.01,350,508200,卖盘
982,13:42:15,14.53,0.01,27,39231,买盘
983,13:42:09,14.52,-0.01,16,23232,卖盘
984,13:42:06,14.53,--,10,14530,买盘
985,13:41:57,14.53,--,1,1453,买盘
986,13:41:54,14.53,0.01,60,87180,买盘
987,13:41:48,14.52,-0.01,1,1452,卖盘
988,13:41:42,14.53,0.01,1,1453,买盘
989,13:41:18,14.52,--,3,4356,卖盘
990,13:41:03,14.52,--,2,2904,卖盘
991,13:40:57,14.52,--,5,7260,卖盘
992,13:40:54,14.52,--,6,8712,卖盘
993,13:40:51,14.52,0.01,2,2904,中性盘
994,13:40:30,14.51,--,7,10157,卖盘
995,13:40:27,14.51,-0.01,19,27569,卖盘
996,13:40:21,14.52,--,1,1452,买盘
997,13:40:18,14.52,0.01,1,1452,买盘
998,13:40:12,14.51,--,30,43530,卖盘
999,13:40:03,14.51,-0.02,6,8706,卖盘
1000,13:40:00,14.53,--,3,4359,买盘
1001,13:39:57,14.53,0.01,30,43590,买盘
1002,13:39:54,14.52,--,1,1452,买盘
1003,13:39:51,14.52,--,9,13068,买盘
1004,13:39:45,14.52,-0.01,164,238128,卖盘
1005,13:39:42,14.53,--,1,1453,买盘
1006,13:39:33,14.53,--,15,21795,买盘
1007,13:39:24,14.53,--,49,71197,卖盘
1008,13:39:15,14.53,--,7,10171,卖盘
1009,13:39:12,14.53,0.01,2,2906,买盘
1010,13:39:09,14.52,-0.01,8,11616,卖盘
1011,13:38:51,14.53,0.01,22,31966,买盘
1012,13:38:48,14.52,-0.01,16,23232,卖盘
1013,13:38:42,14.53,--,11,15983,买盘
1014,13:38:36,14.53,--,3,4359,买盘
1015,13:38:33,14.53,--,4,5812,买盘
1016,13:38:30,14.53,-0.01,13,18889,卖盘
1017,13:38:06,14.54,0.01,10,14540,买盘
1018,13:38:03,14.53,-0.01,1,1453,中性盘
1019,13:38:00,14.54,--,522,758988,买盘
1020,13:37:57,14.54,-0.01,52,75608,卖盘
1021,13:37:45,14.55,--,2,2910,买盘
1022,13:37:42,14.55,--,5,7275,买盘
1023,13:37:39,14.55,--,1,1455,买盘
1024,13:37:33,14.55,--,11,16005,买盘
1025,13:37:30,14.55,--,14,21199,卖盘
1026,13:37:27,14.55,--,19,27645,卖盘
1027,13:37:21,14.55,-0.01,5,7275,卖盘
1028,13:37:15,14.56,--,54,78624,买盘
1029,13:37:12,14.56,0.01,50,72800,买盘
1030,13:37:09,14.55,--,5,7275,卖盘
1031,13:37:03,14.55,--,1,1455,卖盘
1032,13:36:57,14.55,--,10,15175,买盘
1033,13:36:51,14.55,--,12,17460,买盘
1034,13:36:48,14.55,--,26,37830,买盘
1035,13:36:45,14.55,--,8,11640,买盘
1036,13:36:42,14.55,--,9,13095,买盘
1037,13:36:39,14.55,--,12,17460,买盘
1038,13:36:36,14.55,--,2,2910,买盘
1039,13:36:33,14.55,--,5,7275,买盘
1040,13:36:30,14.55,--,3,4365,买盘
1041,13:36:27,14.55,--,163,237165,买盘
1042,13:36:24,14.55,0.01,3,4365,买盘
1043,13:36:18,14.54,-0.01,10,14540,卖盘
1044,13:36:12,14.55,--,21,30555,买盘
1045,13:36:09,14.55,--,53,77115,买盘
1046,13:36:03,14.55,--,10,14550,买盘
1047,13:36:00,14.55,--,17,24735,买盘
1048,13:35:54,14.55,0.01,8,11640,买盘
1049,13:35:45,14.54,0.01,469,681926,买盘
1050,13:35:42,14.53,--,50,72650,买盘
1051,13:35:33,14.53,--,37,53761,买盘
1052,13:35:30,14.53,--,27,39231,卖盘
1053,13:35:27,14.53,--,14,20342,买盘
1054,13:35:24,14.53,--,39,56667,买盘
1055,13:35:21,14.53,--,5,7265,买盘
1056,13:35:12,14.53,--,7,10171,买盘
1057,13:35:09,14.53,--,28,40684,买盘
1058,13:35:03,14.53,--,12,17436,买盘
1059,13:34:57,14.53,-0.01,10,14530,卖盘
1060,13:34:45,14.54,--,2,2908,买盘
1061,13:34:39,14.54,--,5,7270,买盘
1062,13:34:36,14.54,--,1,1454,买盘
1063,13:34:33,14.54,--,48,69792,买盘
1064,13:34:27,14.54,--,12,17448,买盘
1065,13:34:21,14.54,--,3,4362,买盘
1066,13:34:18,14.54,--,5,7270,买盘
1067,13:34:09,14.54,--,5,7270,买盘
1068,13:34:03,14.54,0.01,21,30534,买盘
1069,13:33:57,14.53,0.01,3,4359,买盘
1070,13:33:54,14.52,-0.01,6,8712,卖盘
1071,13:33:39,14.53,-0.01,3,4359,中性盘
1072,13:33:33,14.54,--,20,29080,买盘
1073,13:33:09,14.54,0.03,21,30534,买盘
1074,13:33:06,14.51,--,53,76903,卖盘
1075,13:33:03,14.51,--,36,52236,卖盘
1076,13:32:54,14.51,--,103,150628,买盘
1077,13:32:39,14.51,-0.02,68,98943,卖盘
1078,13:32:33,14.53,0.02,20,29060,买盘
1079,13:32:30,14.51,-0.01,40,58040,卖盘
1080,13:32:27,14.52,--,5,7260,买盘
1081,13:32:18,14.52,--,10,14520,买盘
1082,13:32:15,14.52,--,105,152460,买盘
1083,13:32:12,14.52,0.01,14,20328,买盘
1084,13:32:09,14.51,-0.01,25,36275,卖盘
1085,13:32:06,14.52,0.01,6,8712,买盘
1086,13:31:45,14.51,--,7,11332,买盘
1087,13:31:42,14.51,--,6,8706,买盘
1088,13:31:36,14.51,--,1,1451,买盘
1089,13:31:30,14.51,--,11,15961,买盘
1090,13:31:24,14.51,--,10,14510,买盘
1091,13:31:12,14.51,--,10,14510,买盘
1092,13:31:09,14.51,--,5,7255,买盘
1093,13:31:06,14.51,--,2,2902,买盘
1094,13:31:03,14.51,--,11,15961,买盘
1095,13:31:00,14.51,--,4,5804,买盘
1096,13:30:57,14.51,--,6,8706,买盘
1097,13:30:45,14.51,--,10,14510,买盘
1098,13:30:42,14.51,0.01,4,5804,买盘
1099,13:30:39,14.5,-0.01,840,1218000,卖盘
1100,13:30:30,14.51,--,14,20314,买盘
1101,13:30:24,14.51,--,6,8706,买盘
1102,13:30:18,14.51,-0.01,298,432673,卖盘
1103,13:30:15,14.52,0.01,10,14520,买盘
1104,13:30:12,14.51,-0.01,6,8706,卖盘
1105,13:30:06,14.52,--,27,39204,买盘
1106,13:30:03,14.52,--,86,124872,卖盘
1107,13:30:00,14.52,-0.01,1,1452,卖盘
1108,13:29:48,14.53,0.01,1,1453,买盘
1109,13:29:45,14.52,-0.01,6,8712,中性盘
1110,13:29:24,14.53,0.02,20,29060,买盘
1111,13:29:21,14.51,--,135,195885,卖盘
1112,13:29:18,14.51,-0.01,6,8706,卖盘
1113,13:28:54,14.52,--,6,8712,卖盘
1114,13:28:51,14.52,-0.01,3,4356,中性盘
1115,13:28:48,14.53,0.01,21,30513,买盘
1116,13:28:45,14.52,--,5,7260,买盘
1117,13:28:36,14.52,0.01,50,72600,买盘
1118,13:28:27,14.51,-0.01,36,52236,卖盘
1119,13:28:24,14.52,--,3,4356,买盘
1120,13:28:15,14.52,--,43,62436,买盘
1121,13:28:06,14.52,--,22,31944,买盘
1122,13:28:03,14.52,--,20,29040,卖盘
1123,13:28:00,14.52,-0.01,6,8712,卖盘
1124,13:27:57,14.53,0.01,13,18889,买盘
1125,13:27:51,14.52,-0.01,2,2904,卖盘
1126,13:27:18,14.53,0.02,13,18889,买盘
1127,13:27:12,14.51,-0.01,59,85609,卖盘
1128,13:26:45,14.52,--,7,10164,卖盘
1129,13:26:39,14.52,--,11,15972,卖盘
1130,13:26:36,14.52,--,50,72600,卖盘
1131,13:26:30,14.52,-0.01,5,7260,卖盘
1132,13:26:24,14.53,0.01,2,2906,买盘
1133,13:26:18,14.52,-0.01,6,8712,卖盘
1134,13:26:12,14.53,--,4,5812,买盘
1135,13:26:03,14.53,--,1,1453,买盘
1136,13:26:00,14.53,0.01,21,30513,买盘
1137,13:25:54,14.52,-0.01,6,8712,卖盘
1138,13:25:51,14.53,--,127,184531,卖盘
1139,13:25:42,14.53,--,15,21795,卖盘
1140,13:25:30,14.53,--,6,8718,卖盘
1141,13:25:27,14.53,-0.01,10,14530,卖盘
1142,13:25:18,14.54,--,3,4362,买盘
1143,13:25:03,14.54,--,30,43620,买盘
1144,13:25:00,14.54,0.01,13,18902,买盘
1145,13:24:54,14.53,-0.01,2,2906,卖盘
1146,13:24:45,14.54,0.01,55,79970,买盘
1147,13:24:42,14.53,--,1,1453,卖盘
1148,13:24:39,14.53,-0.01,6,8718,卖盘
1149,13:24:21,14.54,0.01,5,7270,买盘
1150,13:24:15,14.53,--,5,7265,卖盘
1151,13:24:03,14.53,0.01,1,1453,买盘
1152,13:23:48,14.52,--,6,8712,卖盘
1153,13:23:24,14.52,-0.02,5,7260,卖盘
1154,13:23:03,14.54,0.02,6,8724,买盘
1155,13:23:00,14.52,--,6,8712,卖盘
1156,13:22:51,14.52,-0.02,27,39204,卖盘
1157,13:22:39,14.54,0.02,50,72700,买盘
1158,13:22:33,14.52,-0.01,7,10164,卖盘
1159,13:22:24,14.53,--,5,7265,买盘
1160,13:22:21,14.53,-0.01,41,59573,卖盘
1161,13:22:12,14.54,0.01,15,21810,买盘
1162,13:22:09,14.53,-0.01,6,8718,卖盘
1163,13:22:06,14.54,--,14,20356,买盘
1164,13:21:57,14.54,-0.01,317,460918,卖盘
1165,13:21:45,14.55,-0.01,6,8730,卖盘
1166,13:21:42,14.56,--,7,10192,卖盘
1167,13:21:24,14.56,--,69,100464,买盘
1168,13:21:21,14.56,0.01,7,10192,买盘
1169,13:21:15,14.55,--,8,11640,卖盘
1170,13:21:12,14.55,--,10,14550,卖盘
1171,13:20:54,14.55,--,10,14550,卖盘
1172,13:20:51,14.55,--,58,84390,买盘
1173,13:20:45,14.55,--,15,21825,买盘
1174,13:20:39,14.55,--,17,24735,卖盘
1175,13:20:30,14.55,-0.01,7,10185,卖盘
1176,13:20:27,14.56,0.01,3,4368,买盘
1177,13:20:24,14.55,--,5,7275,卖盘
1178,13:20:21,14.55,--,10,14550,卖盘
1179,13:20:06,14.55,-0.01,20,29100,卖盘
1180,13:20:00,14.56,--,4,5824,买盘
1181,13:19:57,14.56,0.01,10,14560,买盘
1182,13:19:54,14.55,-0.01,11,16005,卖盘
1183,13:19:30,14.56,0.01,7,10192,买盘
1184,13:19:27,14.55,--,6,8730,卖盘
1185,13:19:21,14.55,-0.01,1,1455,卖盘
1186,13:19:18,14.56,0.01,40,58240,买盘
1187,13:19:03,14.55,--,6,8730,卖盘
1188,13:19:00,14.55,--,2,2910,卖盘
1189,13:18:36,14.55,--,45,65475,买盘
1190,13:18:33,14.55,0.01,5,7275,买盘
1191,13:18:30,14.54,--,19,27626,卖盘
1192,13:18:15,14.54,--,10,14540,卖盘
1193,13:18:12,14.54,-0.01,7,10178,卖盘
1194,13:18:06,14.55,0.01,13,18915,买盘
1195,13:18:00,14.54,--,21,30534,卖盘
1196,13:17:57,14.54,--,21,30534,卖盘
1197,13:17:48,14.54,--,6,8724,卖盘
1198,13:17:45,14.54,--,9,13086,卖盘
1199,13:17:42,14.54,--,13,18902,卖盘
1200,13:17:36,14.54,--,21,30534,卖盘
1201,13:17:33,14.54,--,26,37804,卖盘
1202,13:17:24,14.54,--,7,10178,卖盘
1203,13:17:21,14.54,--,5,7270,卖盘
1204,13:17:18,14.54,--,10,14540,买盘
1205,13:17:03,14.54,0.01,10,14540,买盘
1206,13:16:57,14.53,-0.01,7,10171,卖盘
1207,13:16:48,14.54,--,19,27626,买盘
1208,13:16:42,14.54,--,5,7270,买盘
1209,13:16:33,14.54,-0.01,75,109050,卖盘
1210,13:16:30,14.55,--,2,2910,买盘
1211,13:16:18,14.55,-0.01,141,205155,卖盘
1212,13:16:15,14.56,--,16,23296,买盘
1213,13:16:12,14.56,0.01,10,14560,买盘
1214,13:16:09,14.55,-0.01,5,7275,卖盘
1215,13:16:03,14.56,--,1,1456,买盘
1216,13:15:57,14.56,--,10,14560,买盘
1217,13:15:48,14.56,-0.01,49,71344,卖盘
1218,13:15:45,14.57,--,5,7285,买盘
1219,13:15:42,14.57,--,1,1457,买盘
1220,13:15:39,14.57,--,6,8742,卖盘
1221,13:15:36,14.57,--,4,5828,买盘
1222,13:15:33,14.57,0.01,10,14570,买盘
1223,13:15:21,14.56,-0.01,6,8736,卖盘
1224,13:15:18,14.57,0.01,1,1457,买盘
1225,13:15:12,14.56,--,5,7280,卖盘
1226,13:14:57,14.56,0.01,5,7280,卖盘
1227,13:14:54,14.55,-0.02,6,8730,卖盘
1228,13:14:51,14.57,-0.01,4,5828,中性盘
1229,13:14:48,14.58,0.02,109,158922,买盘
1230,13:14:42,14.56,-0.01,4,5824,卖盘
1231,13:14:36,14.57,--,3,4371,买盘
1232,13:14:27,14.57,--,20,29140,买盘
1233,13:14:24,14.57,--,48,69936,买盘
1234,13:14:18,14.57,0.01,24,34968,买盘
1235,13:14:12,14.56,--,15,21840,买盘
1236,13:14:00,14.56,--,35,50960,卖盘
1237,13:13:51,14.56,0.03,345,502320,买盘
1238,13:13:42,14.53,-0.01,29,42137,卖盘
1239,13:13:36,14.54,0.02,197,287092,买盘
1240,13:13:21,14.52,-0.02,6,8712,卖盘
1241,13:13:18,14.54,0.01,5,7270,买盘
1242,13:13:09,14.53,--,14,20342,卖盘
1243,13:13:00,14.53,--,12,18612,买盘
1244,13:12:57,14.53,0.01,1,1453,买盘
1245,13:12:54,14.52,-0.01,6,8712,卖盘
1246,13:12:51,14.53,--,6,8718,买盘
1247,13:12:45,14.53,--,1,1453,买盘
1248,13:12:36,14.53,--,5,7265,买盘
1249,13:12:33,14.53,--,74,107798,卖盘
1250,13:12:27,14.53,--,6,8718,卖盘
1251,13:12:24,14.53,-0.01,5,7265,卖盘
1252,13:12:09,14.54,0.01,6,8724,买盘
1253,13:12:03,14.53,--,5,7265,卖盘
1254,13:11:54,14.53,--,72,105792,买盘
1255,13:11:48,14.53,--,5,7265,买盘
1256,13:11:45,14.53,--,3,4359,买盘
1257,13:11:39,14.53,0.01,24,34872,买盘
1258,13:11:36,14.52,-0.01,4,5808,卖盘
1259,13:11:33,14.53,0.02,26,37778,买盘
1260,13:11:24,14.51,-0.02,10,14510,卖盘
1261,13:11:18,14.53,0.02,2,2906,买盘
1262,13:11:15,14.51,0.01,5,7255,中性盘
1263,13:10:48,14.5,-0.03,5,7250,卖盘
1264,13:10:42,14.53,0.01,27,39231,买盘
1265,13:10:39,14.52,0.02,3,4356,中性盘
1266,13:10:27,14.5,-0.03,20,29000,卖盘
1267,13:10:18,14.53,--,2,2906,买盘
1268,13:10:12,14.53,--,31,45043,买盘
1269,13:10:09,14.53,0.01,31,45043,买盘
1270,13:10:03,14.52,-0.01,15,21780,卖盘
1271,13:09:42,14.53,0.04,4,5812,中性盘
1272,13:09:27,14.49,-0.02,800,1159200,卖盘
1273,13:09:12,14.51,-0.01,7,10157,卖盘
1274,13:09:09,14.52,-0.01,21,30492,卖盘
1275,13:09:06,14.53,--,21,30513,买盘
1276,13:09:00,14.53,--,21,30513,买盘
1277,13:08:51,14.53,--,129,187437,买盘
1278,13:08:48,14.53,--,21,30513,买盘
1279,13:08:45,14.53,0.01,42,61026,买盘
1280,13:08:42,14.52,--,18,26136,卖盘
1281,13:08:33,14.52,--,16,23232,买盘
1282,13:08:27,14.52,--,5,7260,买盘
1283,13:08:24,14.52,--,8,11616,买盘
1284,13:08:21,14.52,--,5,7260,买盘
1285,13:08:03,14.52,0.01,10,14520,买盘
1286,13:08:00,14.51,-0.02,6,8706,卖盘
1287,13:07:54,14.53,0.01,17,24701,买盘
1288,13:07:48,14.52,--,37,53724,卖盘
1289,13:07:42,14.52,--,20,29040,卖盘
1290,13:07:33,14.52,-0.01,6,8712,卖盘
1291,13:07:30,14.53,0.01,10,14530,买盘
1292,13:07:24,14.52,--,9,13068,卖盘
1293,13:07:12,14.52,--,9,13068,卖盘
1294,13:06:57,14.52,-0.01,42,60984,卖盘
1295,13:06:51,14.53,0.01,2,2906,买盘
1296,13:06:45,14.52,-0.01,6,8712,卖盘
1297,13:06:36,14.53,0.01,2,2906,买盘
1298,13:06:21,14.52,--,6,8712,卖盘
1299,13:06:15,14.52,--,8,11616,卖盘
1300,13:06:09,14.52,--,2,2904,卖盘
1301,13:06:03,14.52,0.01,58,84216,买盘
1302,13:05:54,14.51,-0.01,6,8706,卖盘
1303,13:05:39,14.52,--,47,68244,卖盘
1304,13:05:30,14.52,-0.01,28,40656,卖盘
1305,13:05:27,14.53,0.01,19,27607,买盘
1306,13:05:24,14.52,-0.01,2,2904,卖盘
1307,13:05:21,14.53,--,40,58120,买盘
1308,13:05:15,14.53,0.01,3,4359,买盘
1309,13:05:09,14.52,--,11,15972,卖盘
1310,13:05:03,14.52,-0.01,6,8712,卖盘
1311,13:05:00,14.53,0.01,4,5812,买盘
1312,13:04:57,14.52,-0.01,10,14520,卖盘
1313,13:04:39,14.53,0.01,2,2906,买盘
1314,13:04:36,14.52,-0.01,6,8712,卖盘
1315,13:04:33,14.53,--,11,15983,买盘
1316,13:04:27,14.53,0.01,34,49402,买盘
1317,13:04:21,14.52,--,16,23232,卖盘
1318,13:04:12,14.52,-0.01,7,10164,卖盘
1319,13:04:06,14.53,--,10,14530,买盘
1320,13:04:03,14.53,0.01,68,98804,买盘
1321,13:03:51,14.52,-0.01,10,14520,卖盘
1322,13:03:39,14.53,0.01,100,145300,买盘
1323,13:03:36,14.52,0.01,26,37752,中性盘
1324,13:03:30,14.51,--,67,97217,卖盘
1325,13:03:21,14.51,-0.01,10,14510,卖盘
1326,13:03:00,14.52,-0.02,20,29040,卖盘
1327,13:02:51,14.54,0.02,10,14540,买盘
1328,13:02:48,14.52,0.01,6,8712,中性盘
1329,13:02:36,14.51,-0.01,20,29020,卖盘
1330,13:02:30,14.52,0.01,3,4356,买盘
1331,13:02:24,14.51,-0.01,6,8706,卖盘
1332,13:02:21,14.52,--,3,4356,买盘
1333,13:02:15,14.52,--,10,14520,中性盘
1334,13:02:09,14.52,--,12,17424,买盘
1335,13:02:03,14.52,0.01,5,7260,买盘
1336,13:01:48,14.51,--,1,1451,卖盘
1337,13:01:45,14.51,--,6,8706,卖盘
1338,13:01:36,14.51,--,67,97217,买盘
1339,13:01:24,14.51,--,4,5804,买盘
1340,13:01:18,14.51,--,10,14510,买盘
1341,13:01:00,14.51,0.01,20,29020,买盘
1342,13:00:45,14.5,-0.01,7,10150,卖盘
1343,13:00:36,14.51,--,7,10157,买盘
1344,13:00:12,14.51,--,2,2902,买盘
1345,13:00:09,14.51,--,1,1451,买盘
1346,13:00:06,14.51,--,49,71099,买盘
1347,13:00:03,14.51,0.01,233,338083,买盘
1348,13:00:00,14.5,--,0,0,卖盘
1349,11:30:00,14.5,--,40,58000,卖盘
1350,11:29:54,14.5,-0.01,4,5800,卖盘
1351,11:29:45,14.51,0.01,1,1451,买盘
1352,11:29:36,14.5,--,6,8700,卖盘
1353,11:29:24,14.5,-0.01,5,7250,中性盘
1354,11:29:12,14.51,0.03,1,1451,买盘
1355,11:29:09,14.48,-0.01,7,10136,卖盘
1356,11:29:06,14.49,-0.01,50,72450,卖盘
1357,11:29:03,14.5,--,8,11600,买盘
1358,11:29:00,14.5,0.01,3,4350,买盘
1359,11:28:57,14.49,--,18,26082,卖盘
1360,11:28:51,14.49,--,26,37674,卖盘
1361,11:28:45,14.49,--,5,7245,卖盘
1362,11:28:39,14.49,-0.01,61,88389,卖盘
1363,11:28:33,14.5,--,1,1450,卖盘
1364,11:28:30,14.5,0.01,12,17400,买盘
1365,11:28:18,14.49,--,1,1449,卖盘
1366,11:28:15,14.49,-0.02,13,18837,卖盘
1367,11:28:09,14.51,0.01,91,132041,买盘
1368,11:28:03,14.5,0.01,24,34800,买盘
1369,11:27:54,14.49,--,53,76797,卖盘
1370,11:27:33,14.49,--,10,14490,卖盘
1371,11:27:30,14.49,--,6,8694,卖盘
1372,11:27:06,14.49,-0.01,6,8694,卖盘
1373,11:27:03,14.5,--,10,14500,买盘
1374,11:27:00,14.5,0.01,33,47850,买盘
1375,11:26:57,14.49,-0.01,1,1449,卖盘
1376,11:26:42,14.5,0.01,102,147900,买盘
1377,11:26:39,14.49,--,6,8694,卖盘
1378,11:26:33,14.49,--,24,34776,卖盘
1379,11:26:30,14.49,-0.01,3,4347,卖盘
1380,11:26:24,14.5,0.01,2,2900,买盘
1381,11:26:15,14.49,-0.01,6,8694,卖盘
1382,11:26:06,14.5,--,1,1450,买盘
1383,11:25:54,14.5,--,1,1450,买盘
1384,11:25:51,14.5,0.01,9,13050,买盘
1385,11:25:42,14.49,-0.01,97,140553,卖盘
1386,11:25:36,14.5,0.01,12,17400,买盘
1387,11:25:30,14.49,--,4,5796,卖盘
1388,11:25:24,14.49,-0.01,6,8694,卖盘
1389,11:25:09,14.5,0.01,1,1450,买盘
1390,11:25:00,14.49,--,5,7245,卖盘
1391,11:24:54,14.49,--,30,43470,卖盘
1392,11:24:51,14.49,--,24,34776,卖盘
1393,11:24:48,14.49,-0.01,14,20286,卖盘
1394,11:24:45,14.5,0.01,16,23200,中性盘
1395,11:24:36,14.49,--,6,8694,卖盘
1396,11:24:33,14.49,-0.01,20,28980,卖盘
1397,11:24:18,14.5,0.01,1,1450,买盘
1398,11:24:15,14.49,--,93,134757,卖盘
1399,11:24:12,14.49,--,4,5796,卖盘
1400,11:24:09,14.49,-0.01,6,8694,卖盘
1401,11:24:00,14.5,--,1,1450,买盘
1402,11:23:57,14.5,--,55,79750,买盘
1403,11:23:51,14.5,0.01,3,4350,买盘
1404,11:23:45,14.49,-0.01,6,8694,卖盘
1405,11:23:27,14.5,0.01,10,14500,买盘
1406,11:23:21,14.49,-0.02,14,20286,卖盘
1407,11:23:18,14.51,0.01,30,43530,买盘
1408,11:23:15,14.5,--,4,5800,卖盘
1409,11:23:12,14.5,--,3,4350,卖盘
1410,11:23:09,14.5,--,12,17400,卖盘
1411,11:23:03,14.5,0.01,16,23200,买盘
1412,11:23:00,14.49,-0.01,27,39123,卖盘
1413,11:22:57,14.5,0.01,61,88450,买盘
1414,11:22:54,14.49,-0.01,15,21735,卖盘
1415,11:22:42,14.5,0.01,1,1450,买盘
1416,11:22:30,14.49,-0.01,16,23184,卖盘
1417,11:22:27,14.5,--,2,2900,买盘
1418,11:22:18,14.5,--,12,17400,买盘
1419,11:22:09,14.5,0.01,10,14500,中性盘
1420,11:22:06,14.49,-0.02,28,41731,卖盘
1421,11:21:54,14.51,0.02,6,8706,买盘
1422,11:21:48,14.49,-0.02,21,30429,卖盘
1423,11:21:45,14.51,0.01,14,20314,买盘
1424,11:21:39,14.5,0.01,1,1450,卖盘
1425,11:21:33,14.49,-0.01,17,24633,卖盘
1426,11:21:30,14.5,--,9,13775,买盘
1427,11:21:27,14.5,--,10,14500,买盘
1428,11:21:24,14.5,--,1,1450,买盘
1429,11:21:21,14.5,--,10,14500,买盘
1430,11:21:15,14.5,-0.01,5,7975,卖盘
1431,11:21:12,14.51,--,5,7255,买盘
1432,11:21:03,14.51,0.01,10,14510,买盘
1433,11:21:00,14.5,-0.01,7,10150,卖盘
1434,11:20:54,14.51,0.01,15,21765,买盘
1435,11:20:51,14.5,-0.01,235,340750,卖盘
1436,11:20:48,14.51,--,5,7255,买盘
1437,11:20:45,14.51,--,5,7255,买盘
1438,11:20:12,14.51,0.01,29,42079,买盘
1439,11:20:09,14.5,--,1,1450,卖盘
1440,11:20:06,14.5,-0.01,6,8700,卖盘
1441,11:20:00,14.51,0.01,10,14510,买盘
1442,11:19:57,14.5,--,6,8700,卖盘
1443,11:19:51,14.5,-0.01,1,1450,卖盘
1444,11:19:48,14.51,--,6,8706,买盘
1445,11:19:39,14.51,--,41,59491,买盘
1446,11:19:33,14.51,0.01,23,33373,买盘
1447,11:19:30,14.5,--,53,76850,卖盘
1448,11:19:24,14.5,--,52,75400,卖盘
1449,11:19:21,14.5,--,1,1450,卖盘
1450,11:19:18,14.5,-0.01,8,11600,卖盘
1451,11:19:09,14.51,0.01,18,26118,买盘
1452,11:19:06,14.5,-0.01,8,11600,卖盘
1453,11:19:03,14.51,0.01,10,14510,买盘
1454,11:19:00,14.5,-0.01,4,5800,卖盘
1455,11:18:57,14.51,0.01,3,4353,买盘
1456,11:18:51,14.5,--,18,26100,卖盘
1457,11:18:48,14.5,--,15,21750,卖盘
1458,11:18:45,14.5,-0.01,17,24650,卖盘
1459,11:18:36,14.51,0.01,5,7255,买盘
1460,11:18:33,14.5,--,17,24650,卖盘
1461,11:18:27,14.5,--,53,76850,卖盘
1462,11:18:21,14.5,--,19,27550,卖盘
1463,11:18:18,14.5,--,21,30450,卖盘
1464,11:18:15,14.5,--,7,10150,卖盘
1465,11:18:12,14.5,--,16,23200,卖盘
1466,11:18:09,14.5,--,48,69600,卖盘
1467,11:18:03,14.5,-0.01,62,89900,卖盘
1468,11:17:57,14.51,--,1,1451,买盘
1469,11:17:54,14.51,0.01,2,2902,买盘
1470,11:17:51,14.5,-0.01,69,100050,卖盘
1471,11:17:45,14.51,0.01,8,11608,买盘
1472,11:17:39,14.5,-0.01,21,30595,卖盘
1473,11:17:36,14.51,--,100,145100,买盘
1474,11:17:30,14.51,--,3,4353,买盘
1475,11:17:27,14.51,--,26,37726,卖盘
1476,11:17:21,14.51,--,1,1451,卖盘
1477,11:17:03,14.51,-0.01,21,30471,卖盘
1478,11:17:00,14.52,-0.01,6,8712,卖盘
1479,11:16:57,14.53,0.01,14,20342,买盘
1480,11:16:51,14.52,--,1,1452,卖盘
1481,11:16:48,14.52,0.01,9,13068,中性盘
1482,11:16:42,14.51,--,50,72550,卖盘
1483,11:16:36,14.51,-0.01,11,15961,卖盘
1484,11:16:33,14.52,--,9,13068,买盘
1485,11:16:24,14.52,--,1,1452,买盘
1486,11:16:18,14.52,0.01,1,1452,买盘
1487,11:16:12,14.51,-0.01,6,8706,卖盘
1488,11:15:48,14.52,--,2,2904,买盘
1489,11:15:45,14.52,--,7,10164,买盘
1490,11:15:42,14.52,0.01,3,4356,买盘
1491,11:15:39,14.51,-0.01,5,7255,卖盘
1492,11:15:33,14.52,--,50,72600,买盘
1493,11:15:24,14.52,--,6,8712,买盘
1494,11:15:21,14.52,0.02,7,10164,买盘
1495,11:15:18,14.5,-0.02,34,49300,卖盘
1496,11:15:00,14.52,0.01,21,30492,买盘
1497,11:14:57,14.51,--,9,13059,买盘
1498,11:14:51,14.51,0.01,5,7255,买盘
1499,11:14:48,14.5,-0.01,5,8192,卖盘
1500,11:14:42,14.51,--,2,2902,买盘
1501,11:14:39,14.51,--,9,13059,卖盘
1502,11:14:30,14.51,-0.01,6,8706,卖盘
1503,11:14:24,14.52,0.01,40,58080,买盘
1504,11:14:06,14.51,--,6,8706,卖盘
1505,11:13:57,14.51,--,4,5804,卖盘
1506,11:13:54,14.51,-0.01,13,18863,卖盘
1507,11:13:48,14.52,--,3,4356,买盘
1508,11:13:45,14.52,0.01,57,82764,买盘
1509,11:13:42,14.51,-0.01,16,23216,卖盘
1510,11:13:33,14.52,--,6,8712,卖盘
1511,11:13:30,14.52,-0.01,152,220704,卖盘
1512,11:13:27,14.53,0.01,1,1453,买盘
1513,11:13:24,14.52,--,22,31944,卖盘
1514,11:13:15,14.52,0.01,93,135036,买盘
1515,11:13:09,14.51,-0.02,10,14510,卖盘
1516,11:13:00,14.53,0.02,2,2906,买盘
1517,11:12:51,14.51,-0.01,12,17412,卖盘
1518,11:12:30,14.52,--,5,7260,卖盘
1519,11:12:15,14.52,--,6,9801,买盘
1520,11:12:12,14.52,--,6,8712,买盘
1521,11:12:06,14.52,0.01,11,15972,买盘
1522,11:12:03,14.51,-0.01,6,8706,卖盘
1523,11:11:54,14.52,--,6,8712,买盘
1524,11:11:48,14.52,0.01,1,1452,买盘
1525,11:11:39,14.51,-0.01,11,15961,卖盘
1526,11:11:36,14.52,--,26,37752,买盘
1527,11:11:27,14.52,--,5,7260,买盘
1528,11:11:15,14.52,0.01,8,11616,买盘
1529,11:11:12,14.51,--,6,8706,卖盘
1530,11:11:09,14.51,-0.01,6,8706,中性盘
1531,11:11:03,14.52,0.01,65,94380,买盘
1532,11:10:45,14.51,-0.01,26,37726,卖盘
1533,11:10:39,14.52,--,8,11616,买盘
1534,11:10:33,14.52,0.01,50,72600,买盘
1535,11:10:30,14.51,--,15,21765,卖盘
1536,11:10:24,14.51,--,55,79805,卖盘
1537,11:10:21,14.51,--,20,29020,卖盘
1538,11:10:15,14.51,--,15,21765,卖盘
1539,11:10:12,14.51,--,58,84158,买盘
1540,11:10:06,14.51,--,1,1451,买盘
1541,11:10:00,14.51,--,25,36275,卖盘
1542,11:09:54,14.51,-0.01,7,10157,卖盘
1543,11:09:51,14.52,0.01,1,1452,买盘
1544,11:09:48,14.51,--,10,14510,卖盘
1545,11:09:27,14.51,-0.01,12,17412,卖盘
1546,11:09:24,14.52,--,63,91476,买盘
1547,11:09:21,14.52,--,2,2904,买盘
1548,11:09:18,14.52,--,7,10164,买盘
1549,11:09:12,14.52,--,2,2904,买盘
1550,11:09:06,14.52,--,1,1452,买盘
1551,11:08:57,14.52,0.02,3,4356,买盘
1552,11:08:45,14.5,-0.02,1,1450,卖盘
1553,11:08:42,14.52,0.01,100,145200,买盘
1554,11:08:39,14.51,--,5,7255,买盘
1555,11:08:30,14.51,--,4,5804,卖盘
1556,11:08:21,14.51,--,1,1451,卖盘
1557,11:08:15,14.51,--,20,29020,卖盘
1558,11:08:12,14.51,--,2,2902,买盘
1559,11:08:09,14.51,0.01,10,14510,买盘
1560,11:08:06,14.5,-0.01,14,20300,卖盘
1561,11:08:03,14.51,0.01,3,4353,买盘
1562,11:07:48,14.5,--,40,58000,买盘
1563,11:07:45,14.5,--,14,20300,买盘
1564,11:07:42,14.5,--,10,14500,买盘
1565,11:07:39,14.5,--,19,27550,买盘
1566,11:07:36,14.5,--,14,20300,买盘
1567,11:07:33,14.5,0.01,38,55100,买盘
1568,11:07:27,14.49,-0.01,120,173880,卖盘
1569,11:07:24,14.5,--,30,43500,买盘
1570,11:07:21,14.5,--,18,26100,买盘
1571,11:07:18,14.5,--,22,31900,买盘
1572,11:07:12,14.5,--,43,62350,买盘
1573,11:07:06,14.5,0.01,29,42050,买盘
1574,11:07:03,14.49,-0.01,262,379638,卖盘
1575,11:07:00,14.5,0.01,23,33350,买盘
1576,11:06:54,14.49,-0.01,227,328923,卖盘
1577,11:06:48,14.5,--,1,1450,买盘
1578,11:06:45,14.5,--,3,4350,买盘
1579,11:06:42,14.5,--,33,47850,买盘
1580,11:06:39,14.5,--,4,5800,买盘
1581,11:06:33,14.5,--,2,2900,买盘
1582,11:06:30,14.5,0.01,9,13050,买盘
1583,11:06:27,14.49,--,1,1449,买盘
1584,11:06:24,14.49,-0.01,116,168084,卖盘
1585,11:06:21,14.5,--,1,1450,买盘
1586,11:06:15,14.5,--,5,7250,买盘
1587,11:06:12,14.5,--,51,73950,买盘
1588,11:06:09,14.5,--,9,13050,买盘
1589,11:06:06,14.5,--,1,1450,买盘
1590,11:06:03,14.5,-0.01,111,160950,卖盘
1591,11:06:00,14.51,0.01,2,2902,买盘
1592,11:05:51,14.5,--,3,4350,卖盘
1593,11:05:48,14.5,0.01,89,129050,买盘
1594,11:05:45,14.49,-0.01,95,137655,卖盘
1595,11:05:42,14.5,--,50,72500,买盘
1596,11:05:36,14.5,0.01,10,14500,买盘
1597,11:05:33,14.49,--,1,1449,卖盘
1598,11:05:24,14.49,--,247,357903,买盘
1599,11:05:18,14.49,--,30,43470,买盘
1600,11:05:15,14.49,--,40,57960,买盘
1601,11:05:12,14.49,0.01,1,1449,买盘
1602,11:05:09,14.48,--,5,7240,买盘
1603,11:05:06,14.48,--,1,1448,买盘
1604,11:05:00,14.48,-0.01,16,23168,卖盘
1605,11:04:54,14.49,0.01,3,4347,买盘
1606,11:04:51,14.48,--,60,86880,卖盘
1607,11:04:45,14.48,-0.01,7,10136,卖盘
1608,11:04:36,14.49,--,10,14490,买盘
1609,11:04:33,14.49,--,50,72450,买盘
1610,11:04:30,14.49,--,12,17388,买盘
1611,11:04:27,14.49,-0.01,31,44919,卖盘
1612,11:04:24,14.5,--,5,7250,买盘
1613,11:04:21,14.5,--,2,2900,买盘
1614,11:04:18,14.5,0.01,5,7250,买盘
1615,11:04:09,14.49,-0.01,5,7245,卖盘
1616,11:04:06,14.5,--,1,1450,买盘
1617,11:03:57,14.5,--,21,30450,买盘
1618,11:03:51,14.5,0.02,21,30450,买盘
1619,11:03:48,14.48,-0.01,12,17376,买盘
1620,11:03:45,14.49,0.02,21,30429,买盘
1621,11:03:42,14.47,-0.02,25,36175,卖盘
1622,11:03:39,14.49,0.01,24,34776,买盘
1623,11:03:36,14.48,--,21,30408,买盘
1624,11:03:30,14.48,0.01,31,44888,买盘
1625,11:03:27,14.47,-0.01,183,264801,卖盘
1626,11:03:24,14.48,--,21,30408,买盘
1627,11:03:21,14.48,0.01,10,14480,买盘
1628,11:03:18,14.47,--,58,83926,卖盘
1629,11:03:15,14.47,--,2,2894,卖盘
1630,11:03:12,14.47,-0.01,13,18811,卖盘
1631,11:03:09,14.48,--,4,5792,买盘
1632,11:03:06,14.48,--,14,20272,买盘
1633,11:02:48,14.48,--,20,29220,卖盘
1634,11:02:45,14.48,--,23,34491,买盘
1635,11:02:42,14.48,-0.01,76,110308,卖盘
1636,11:02:36,14.49,0.01,35,50715,买盘
1637,11:02:33,14.48,--,50,72400,卖盘
1638,11:02:24,14.48,--,3,4344,卖盘
1639,11:02:18,14.48,--,20,28960,卖盘
1640,11:02:12,14.48,-0.01,14,20272,卖盘
1641,11:02:06,14.49,0.01,141,204309,买盘
1642,11:01:57,14.48,-0.01,548,793504,卖盘
1643,11:01:54,14.49,--,5,7245,买盘
1644,11:01:48,14.49,-0.01,27,39123,卖盘
1645,11:01:45,14.5,--,27,39150,买盘
1646,11:01:42,14.5,--,2,2900,买盘
1647,11:01:36,14.5,0.01,15,21750,买盘
1648,11:01:33,14.49,0.01,2,2898,中性盘
1649,11:01:18,14.48,--,2,2896,卖盘
1650,11:01:15,14.48,--,9,13032,卖盘
1651,11:01:12,14.48,-0.01,30,43440,卖盘
1652,11:01:09,14.49,0.01,40,57960,中性盘
1653,11:01:00,14.48,-0.02,12,17376,卖盘
1654,11:00:51,14.5,0.02,2,2900,买盘
1655,11:00:45,14.48,-0.02,50,72400,卖盘
1656,11:00:39,14.5,--,6,8700,卖盘
1657,11:00:36,14.5,--,33,47850,买盘
1658,11:00:33,14.5,0.01,100,145000,买盘
1659,11:00:30,14.49,0.01,34,49266,买盘
1660,11:00:27,14.48,-0.01,21,30408,卖盘
1661,11:00:21,14.49,--,204,295596,买盘
1662,11:00:18,14.49,0.01,12,17388,买盘
1663,11:00:15,14.48,-0.01,37,53576,卖盘
1664,11:00:12,14.49,0.01,65,95373,买盘
1665,11:00:09,14.48,--,78,112944,卖盘
1666,11:00:06,14.48,-0.02,51,73848,卖盘
1667,11:00:03,14.5,0.01,2,2900,买盘
1668,10:59:51,14.49,-0.01,9,13041,中性盘
1669,10:59:45,14.5,0.01,40,58000,买盘
1670,10:59:36,14.49,-0.01,39,56511,卖盘
1671,10:59:30,14.5,--,36,52200,买盘
1672,10:59:27,14.5,--,3,4350,买盘
1673,10:59:21,14.5,--,2,2900,买盘
1674,10:59:15,14.5,--,5,7250,买盘
1675,10:59:12,14.5,0.02,26,37700,买盘
1676,10:59:09,14.48,-0.01,28,40544,卖盘
1677,10:59:03,14.49,-0.01,5,7245,卖盘
1678,10:59:00,14.5,0.01,40,58000,买盘
1679,10:58:57,14.49,-0.01,10,14490,卖盘
1680,10:58:54,14.5,--,2,2900,买盘
1681,10:58:51,14.5,--,4,5800,买盘
1682,10:58:36,14.5,0.03,2,2900,买盘
1683,10:58:30,14.47,-0.02,12,17364,卖盘
1684,10:58:27,14.49,--,220,318780,买盘
1685,10:58:24,14.49,--,3,4347,买盘
1686,10:58:21,14.49,-0.01,4,5796,买盘
1687,10:58:15,14.5,0.01,10,14500,买盘
1688,10:58:09,14.49,--,3,4347,卖盘
1689,10:58:06,14.49,0.01,15,21735,买盘
1690,10:58:03,14.48,--,7,10136,卖盘
1691,10:57:54,14.48,0.01,14,20851,买盘
1692,10:57:51,14.47,-0.01,13,18811,卖盘
1693,10:57:48,14.48,--,2,2896,买盘
1694,10:57:45,14.48,--,3,4344,买盘
1695,10:57:42,14.48,--,5,7240,买盘
1696,10:57:39,14.48,--,30,43440,买盘
1697,10:57:36,14.48,--,134,194900,卖盘
1698,10:57:33,14.48,-0.01,26,37648,卖盘
1699,10:57:30,14.49,--,11,17098,买盘
1700,10:57:27,14.49,0.01,20,28980,买盘
1701,10:57:24,14.48,-0.01,13,19982,卖盘
1702,10:57:21,14.49,--,38,56221,买盘
1703,10:57:15,14.49,0.01,1,1449,买盘
1704,10:57:12,14.48,--,5,7240,卖盘
1705,10:57:06,14.48,--,6,8688,卖盘
1706,10:57:03,14.48,--,11,15928,卖盘
1707,10:56:51,14.48,--,21,30408,买盘
1708,10:56:48,14.48,--,10,14480,买盘
1709,10:56:45,14.48,--,1,1448,买盘
1710,10:56:42,14.48,-0.02,41,59368,卖盘
1711,10:56:36,14.5,--,120,174000,买盘
1712,10:56:33,14.5,0.02,110,159500,买盘
1713,10:56:30,14.48,-0.02,11,15928,卖盘
1714,10:56:27,14.5,--,58,84100,买盘
1715,10:56:21,14.5,--,5,7250,买盘
1716,10:56:18,14.5,--,2,2900,买盘
1717,10:56:15,14.5,--,20,29000,买盘
1718,10:56:12,14.5,--,22,31900,买盘
1719,10:56:09,14.5,0.02,465,674250,买盘
1720,10:56:03,14.48,--,274,396752,买盘
1721,10:56:00,14.48,0.01,47,68056,买盘
1722,10:55:57,14.47,-0.01,109,157723,卖盘
1723,10:55:51,14.48,-0.01,112,162176,卖盘
1724,10:55:48,14.49,-0.01,67,97083,卖盘
1725,10:55:45,14.5,0.01,35,50750,买盘
1726,10:55:39,14.49,-0.01,20,28980,卖盘
1727,10:55:36,14.5,0.01,9,13050,买盘
1728,10:55:33,14.49,--,18,26082,卖盘
1729,10:55:30,14.49,-0.01,2,2898,卖盘
1730,10:55:27,14.5,0.01,5,7250,买盘
1731,10:55:24,14.49,--,1,1449,卖盘
1732,10:55:21,14.49,--,9,13041,卖盘
1733,10:55:18,14.49,--,39,56511,买盘
1734,10:55:15,14.49,--,30,43470,买盘
1735,10:55:12,14.49,--,51,73899,买盘
1736,10:55:09,14.49,--,13,18837,买盘
1737,10:55:06,14.49,0.01,16,23184,买盘
1738,10:55:03,14.48,-0.01,83,120184,卖盘
1739,10:55:00,14.49,0.01,3,4347,买盘
1740,10:54:57,14.48,-0.01,11,15928,卖盘
1741,10:54:54,14.49,--,2,2898,买盘
1742,10:54:51,14.49,0.01,27,39123,买盘
1743,10:54:48,14.48,0.01,4,5792,卖盘
1744,10:54:42,14.47,--,45,65115,买盘
1745,10:54:39,14.47,--,84,121548,买盘
1746,10:54:36,14.47,--,1,1447,买盘
1747,10:54:33,14.47,0.01,43,62221,卖盘
1748,10:54:30,14.46,-0.01,241,348486,卖盘
1749,10:54:27,14.47,--,98,141806,卖盘
1750,10:54:24,14.47,--,23,33281,卖盘
1751,10:54:21,14.47,--,69,99843,买盘
1752,10:54:18,14.47,-0.01,9,13023,卖盘
1753,10:54:15,14.48,--,15,21720,买盘
1754,10:54:12,14.48,0.01,17,24616,买盘
1755,10:54:09,14.47,--,8,11576,卖盘
1756,10:54:06,14.47,-0.01,15,21705,卖盘
1757,10:54:03,14.48,--,68,98464,买盘
1758,10:54:00,14.48,--,32,46336,买盘
1759,10:53:57,14.48,--,33,47784,买盘
1760,10:53:54,14.48,-0.01,364,527072,卖盘
1761,10:53:45,14.49,--,1,1449,买盘
1762,10:53:42,14.49,--,84,121716,卖盘
1763,10:53:39,14.49,-0.01,50,72450,卖盘
1764,10:53:36,14.5,--,40,58000,买盘
1765,10:53:33,14.5,--,20,29000,买盘
1766,10:53:30,14.5,0.01,1,1450,买盘
1767,10:53:27,14.49,-0.01,18,26082,卖盘
1768,10:53:24,14.5,--,122,176900,买盘
1769,10:53:21,14.5,--,6,8700,买盘
1770,10:53:18,14.5,--,257,372650,卖盘
1771,10:53:15,14.5,-0.01,406,588700,卖盘
1772,10:53:12,14.51,--,3652,5299052,买盘
1773,10:53:09,14.51,0.01,137,198787,买盘
1774,10:53:06,14.5,--,150,217500,卖盘
1775,10:53:03,14.5,-0.02,9,13050,卖盘
1776,10:53:00,14.52,--,13,18876,买盘
1777,10:52:54,14.52,0.01,42,60984,买盘
1778,10:52:51,14.51,--,21,30471,买盘
1779,10:52:48,14.51,--,159,230709,卖盘
1780,10:52:45,14.51,--,147,213297,卖盘
1781,10:52:42,14.51,-0.01,61,88511,卖盘
1782,10:52:39,14.52,0.01,51,74052,买盘
1783,10:52:36,14.51,--,32,46432,卖盘
1784,10:52:33,14.51,-0.01,214,310514,卖盘
1785,10:52:30,14.52,0.01,2,2904,买盘
1786,10:52:27,14.51,--,173,251023,卖盘
1787,10:52:24,14.51,--,54,78354,卖盘
1788,10:52:18,14.51,-0.01,569,825619,卖盘
1789,10:52:12,14.52,--,20,29040,买盘
1790,10:52:09,14.52,--,38,55176,卖盘
1791,10:52:06,14.52,--,13,18876,卖盘
1792,10:52:03,14.52,-0.01,43,62436,卖盘
1793,10:52:00,14.53,0.01,1,1453,买盘
1794,10:51:57,14.52,--,47,68244,卖盘
1795,10:51:54,14.52,--,134,194568,卖盘
1796,10:51:51,14.52,--,10,14520,卖盘
1797,10:51:48,14.52,--,13,18876,卖盘
1798,10:51:45,14.52,--,60,87120,卖盘
1799,10:51:42,14.52,--,18,26136,卖盘
1800,10:51:39,14.52,--,6,8712,卖盘
1801,10:51:36,14.52,--,1,1452,卖盘
1802,10:51:33,14.52,-0.01,1,1452,卖盘
1803,10:51:27,14.53,0.01,11,15983,买盘
1804,10:51:24,14.52,--,19,27588,卖盘
1805,10:51:21,14.52,--,6,8712,卖盘
1806,10:51:18,14.52,--,26,37752,卖盘
1807,10:51:12,14.52,-0.02,23,33396,卖盘
1808,10:51:06,14.54,0.02,2,2908,买盘
1809,10:51:03,14.52,--,20,29040,卖盘
1810,10:51:00,14.52,--,12,18629,卖盘
1811,10:50:57,14.52,-0.02,8,11616,卖盘
1812,10:50:54,14.54,--,90,130859,买盘
1813,10:50:51,14.54,0.02,10,14540,买盘
1814,10:50:48,14.52,-0.02,15,22999,卖盘
1815,10:50:45,14.54,0.02,13,18902,中性盘
1816,10:50:39,14.52,-0.02,671,974292,卖盘
1817,10:50:36,14.54,-0.01,4,5816,卖盘
1818,10:50:33,14.55,0.01,124,180420,买盘
1819,10:50:30,14.54,--,23,33442,卖盘
1820,10:50:27,14.54,-0.01,31,45074,卖盘
1821,10:50:21,14.55,0.01,2,2910,买盘
1822,10:50:15,14.54,--,10,14540,卖盘
1823,10:50:12,14.54,--,4,5816,卖盘
1824,10:50:03,14.54,--,44,63975,卖盘
1825,10:50:00,14.54,-0.01,19,28382,卖盘
1826,10:49:51,14.55,--,10,14550,买盘
1827,10:49:48,14.55,0.01,10,14550,买盘
1828,10:49:45,14.54,--,15,21810,卖盘
1829,10:49:36,14.54,-0.01,26,37804,卖盘
1830,10:49:27,14.55,--,30,43650,买盘
1831,10:49:21,14.55,-0.01,7,10185,卖盘
1832,10:49:18,14.56,0.01,2,2912,买盘
1833,10:49:09,14.55,-0.01,157,228435,卖盘
1834,10:49:03,14.56,--,4,5824,买盘
1835,10:49:00,14.56,--,9,13104,买盘
1836,10:48:54,14.56,--,2,2912,买盘
1837,10:48:51,14.56,--,10,14560,买盘
1838,10:48:45,14.56,0.01,10,14560,买盘
1839,10:48:42,14.55,-0.01,6,8730,卖盘
1840,10:48:33,14.56,0.01,5,7280,买盘
1841,10:48:30,14.55,--,2,2910,卖盘
1842,10:48:27,14.55,--,36,52380,买盘
1843,10:48:00,14.55,--,10,14550,买盘
1844,10:47:57,14.55,--,10,14550,买盘
1845,10:47:51,14.55,--,6,8730,买盘
1846,10:47:42,14.55,--,25,36375,买盘
1847,10:47:30,14.55,--,12,17460,买盘
1848,10:47:21,14.55,--,40,58200,买盘
1849,10:47:18,14.55,--,5,7275,买盘
1850,10:47:15,14.55,--,34,49470,买盘
1851,10:47:12,14.55,--,2,2910,买盘
1852,10:47:09,14.55,--,2,2910,买盘
1853,10:47:06,14.55,--,12,17460,买盘
1854,10:47:03,14.55,--,51,74205,买盘
1855,10:46:51,14.55,0.01,5,7275,买盘
1856,10:46:48,14.54,--,7,10178,卖盘
1857,10:46:33,14.54,--,1,1454,卖盘
1858,10:46:27,14.54,--,3,4362,卖盘
1859,10:46:21,14.54,--,7,10178,卖盘
1860,10:46:18,14.54,--,10,14540,卖盘
1861,10:46:03,14.54,--,148,215192,买盘
1862,10:45:57,14.54,0.01,9,13086,买盘
1863,10:45:54,14.53,--,12,17436,卖盘
1864,10:45:51,14.53,-0.01,6,8718,卖盘
1865,10:45:48,14.54,0.01,54,78516,买盘
1866,10:45:45,14.53,--,7,10171,卖盘
1867,10:45:36,14.53,--,22,31966,卖盘
1868,10:45:33,14.53,--,3,4359,卖盘
1869,10:45:27,14.53,--,15,21795,卖盘
1870,10:45:24,14.53,--,6,8718,卖盘
1871,10:45:21,14.53,--,1,1453,卖盘
1872,10:45:15,14.53,--,21,30513,卖盘
1873,10:45:12,14.53,--,16,23248,卖盘
1874,10:45:06,14.53,-0.01,22,31966,卖盘
1875,10:45:03,14.54,0.01,1,1454,买盘
1876,10:45:00,14.53,--,6,8718,卖盘
1877,10:44:57,14.53,-0.01,100,145300,卖盘
1878,10:44:39,14.54,--,2,2908,买盘
1879,10:44:33,14.54,-0.01,42,61068,卖盘
1880,10:44:30,14.55,0.01,15,21825,买盘
1881,10:44:27,14.54,-0.01,4,5816,卖盘
1882,10:44:24,14.55,0.01,1,1455,买盘
1883,10:44:21,14.54,-0.01,100,145400,卖盘
1884,10:44:12,14.55,--,1,1455,买盘
1885,10:43:57,14.55,--,20,29100,买盘
1886,10:43:48,14.55,--,13,18915,买盘
1887,10:43:42,14.55,--,14,20370,买盘
1888,10:43:39,14.55,--,47,68385,卖盘
1889,10:43:36,14.55,-0.01,11,16005,卖盘
1890,10:43:24,14.56,--,12,17472,买盘
1891,10:43:15,14.56,0.01,24,34944,买盘
1892,10:43:12,14.55,-0.01,20,29100,卖盘
1893,10:43:09,14.56,0.01,66,96096,买盘
1894,10:43:00,14.55,-0.01,5,7275,卖盘
1895,10:42:57,14.56,0.01,2,2912,买盘
1896,10:42:51,14.55,--,10,14550,卖盘
1897,10:42:42,14.55,--,38,55290,卖盘
1898,10:42:24,14.55,--,6,8730,卖盘
1899,10:42:21,14.55,-0.01,11,16005,卖盘
1900,10:42:18,14.56,0.01,6,8736,买盘
1901,10:42:15,14.55,-0.01,17,24735,卖盘
1902,10:42:12,14.56,--,9,13104,买盘
1903,10:42:03,14.56,0.01,7,10192,买盘
1904,10:41:57,14.55,-0.01,14,20370,卖盘
1905,10:41:48,14.56,0.01,10,14560,买盘
1906,10:41:39,14.55,--,40,58200,卖盘
1907,10:41:36,14.55,-0.01,1,1455,卖盘
1908,10:41:33,14.56,0.01,2,2912,买盘
1909,10:41:30,14.55,--,7,10185,卖盘
1910,10:41:27,14.55,--,7,10185,卖盘
1911,10:41:21,14.55,--,18,26190,卖盘
1912,10:41:15,14.55,--,14,20370,卖盘
1913,10:41:12,14.55,-0.01,100,145500,卖盘
1914,10:41:09,14.56,0.01,10,14560,买盘
1915,10:41:06,14.55,--,6,8730,卖盘
1916,10:41:03,14.55,--,22,32010,卖盘
1917,10:40:57,14.55,-0.01,41,59655,卖盘
1918,10:40:54,14.56,0.01,22,32032,买盘
1919,10:40:51,14.55,-0.01,21,30555,卖盘
1920,10:40:42,14.56,--,35,50960,卖盘
1921,10:40:36,14.56,--,6,8736,卖盘
1922,10:40:33,14.56,--,21,30576,卖盘
1923,10:40:27,14.56,-0.01,21,30576,卖盘
1924,10:40:18,14.57,0.01,22,32054,买盘
1925,10:40:12,14.56,-0.01,6,8736,卖盘
1926,10:40:09,14.57,0.01,4,5828,买盘
1927,10:40:03,14.56,--,21,30576,卖盘
1928,10:40:00,14.56,--,5,7280,买盘
1929,10:39:48,14.56,0.01,10,14560,买盘
1930,10:39:45,14.55,-0.01,6,8730,卖盘
1931,10:39:39,14.56,--,9,13104,买盘
1932,10:39:30,14.56,--,4,5824,买盘
1933,10:39:27,14.56,--,32,46592,卖盘
1934,10:39:24,14.56,--,80,116480,卖盘
1935,10:39:21,14.56,-0.01,5,7280,卖盘
1936,10:39:15,14.57,--,3,4371,买盘
1937,10:39:03,14.57,--,10,14570,买盘
1938,10:39:00,14.57,--,9,13113,卖盘
1939,10:38:54,14.57,--,10,14570,买盘
1940,10:38:42,14.57,--,1,1457,卖盘
1941,10:38:39,14.57,--,7,10199,卖盘
1942,10:38:27,14.57,0.02,44,64108,中性盘
1943,10:38:21,14.55,-0.02,20,29100,卖盘
1944,10:38:03,14.57,0.01,14,20398,买盘
1945,10:37:57,14.56,--,18,26208,卖盘
1946,10:37:51,14.56,-0.02,9,13104,卖盘
1947,10:37:42,14.58,0.02,22,32076,买盘
1948,10:37:30,14.56,--,6,8736,卖盘
1949,10:37:27,14.56,--,2,2912,卖盘
1950,10:37:18,14.56,--,150,218400,卖盘
1951,10:37:03,14.56,-0.01,21,30576,卖盘
1952,10:36:57,14.57,-0.02,126,183582,卖盘
1953,10:36:54,14.59,0.01,2,2918,买盘
1954,10:36:51,14.58,-0.01,19,27702,卖盘
1955,10:36:42,14.59,--,2,2918,买盘
1956,10:36:30,14.59,0.01,61,88999,买盘
1957,10:36:27,14.58,--,92,134136,卖盘
1958,10:36:21,14.58,-0.01,48,69984,卖盘
1959,10:36:18,14.59,0.01,3,4377,买盘
1960,10:36:12,14.58,--,12,17496,卖盘
1961,10:36:09,14.58,-0.01,17,24786,卖盘
1962,10:36:03,14.59,--,5,7295,买盘
1963,10:35:57,14.59,0.01,6,8754,买盘
1964,10:35:48,14.58,--,29,42282,买盘
1965,10:35:42,14.58,0.01,1,1458,买盘
1966,10:35:33,14.57,--,6,8742,卖盘
1967,10:35:27,14.57,--,20,29140,买盘
1968,10:35:15,14.57,0.01,5,7285,买盘
1969,10:35:06,14.56,-0.01,11,16016,卖盘
1970,10:35:00,14.57,--,22,32054,买盘
1971,10:34:57,14.57,--,20,29140,买盘
1972,10:34:54,14.57,--,14,20398,买盘
1973,10:34:51,14.57,0.01,15,21855,中性盘
1974,10:34:39,14.56,0.01,2,2912,买盘
1975,10:34:36,14.55,-0.01,150,218250,卖盘
1976,10:34:12,14.56,--,6,8736,卖盘
1977,10:34:06,14.56,--,20,29120,卖盘
1978,10:34:03,14.56,--,32,46592,买盘
1979,10:34:00,14.56,0.02,13,18928,买盘
1980,10:33:57,14.54,-0.02,165,239910,卖盘
1981,10:33:54,14.56,--,210,305760,买盘
1982,10:33:51,14.56,0.02,66,96096,买盘
1983,10:33:48,14.54,-0.02,7,10178,卖盘
1984,10:33:45,14.56,--,13,18928,买盘
1985,10:33:24,14.56,--,21,30576,买盘
1986,10:33:21,14.56,0.01,21,30576,买盘
1987,10:33:18,14.55,0.01,21,30555,买盘
1988,10:33:12,14.54,--,25,36350,买盘
1989,10:33:09,14.54,--,21,30534,买盘
1990,10:33:06,14.54,--,10,14540,买盘
1991,10:33:00,14.54,--,2,2908,买盘
1992,10:32:57,14.54,-0.01,10,14540,中性盘
1993,10:32:54,14.55,--,1,1455,买盘
1994,10:32:45,14.55,0.02,21,30555,买盘
1995,10:32:42,14.53,-0.01,50,72650,卖盘
1996,10:32:39,14.54,0.01,9,13086,买盘
1997,10:32:36,14.53,-0.01,40,58120,卖盘
1998,10:32:33,14.54,--,21,30534,买盘
1999,10:32:30,14.54,--,2,2908,买盘
2000,10:32:27,14.54,0.01,44,63975,买盘
2001,10:32:24,14.53,-0.01,6,8718,卖盘
2002,10:32:21,14.54,--,10,14540,买盘
2003,10:32:18,14.54,--,3,4362,卖盘
2004,10:32:12,14.54,0.01,10,14540,中性盘
2005,10:32:09,14.53,-0.02,50,72650,卖盘
2006,10:32:03,14.55,0.02,90,130950,买盘
2007,10:31:57,14.53,-0.01,10,14530,卖盘
2008,10:31:54,14.54,--,11,15993,买盘
2009,10:31:51,14.54,0.01,60,87240,买盘
2010,10:31:48,14.53,-0.01,6,8718,卖盘
2011,10:31:42,14.54,0.01,10,14540,买盘
2012,10:31:39,14.53,-0.01,14,20342,卖盘
2013,10:31:36,14.54,--,3,4362,买盘
2014,10:31:33,14.54,--,20,29080,买盘
2015,10:31:30,14.54,--,2,2908,买盘
2016,10:31:24,14.54,--,10,14540,买盘
2017,10:31:18,14.54,--,33,47982,买盘
2018,10:31:15,14.54,--,1,1454,买盘
2019,10:31:12,14.54,--,2,2908,买盘
2020,10:31:09,14.54,0.01,16,23264,买盘
2021,10:31:06,14.53,-0.01,10,14530,卖盘
2022,10:31:03,14.54,--,2,2908,买盘
2023,10:30:54,14.54,--,1,1454,买盘
2024,10:30:48,14.54,--,11,15993,买盘
2025,10:30:45,14.54,--,36,52344,买盘
2026,10:30:39,14.54,--,240,349439,卖盘
2027,10:30:33,14.54,--,31,45074,卖盘
2028,10:30:24,14.54,-0.02,20,29080,卖盘
2029,10:30:21,14.56,--,10,14560,买盘
2030,10:30:18,14.56,0.02,2,2912,买盘
2031,10:30:15,14.54,-0.03,44,65182,卖盘
2032,10:30:03,14.57,--,343,499751,买盘
2033,10:30:00,14.57,0.01,23,33511,买盘
2034,10:29:57,14.56,0.01,5,7280,中性盘
2035,10:29:54,14.55,-0.02,74,108892,卖盘
2036,10:29:51,14.57,0.02,86,125302,买盘
2037,10:29:48,14.55,-0.01,111,161505,卖盘
2038,10:29:45,14.56,-0.01,34,49504,卖盘
2039,10:29:39,14.57,--,32,46624,买盘
2040,10:29:36,14.57,0.01,23,33511,买盘
2041,10:29:33,14.56,--,27,40389,卖盘
2042,10:29:27,14.56,--,23,33488,卖盘
2043,10:29:24,14.56,-0.01,5,7280,卖盘
2044,10:29:18,14.57,0.01,15,21855,买盘
2045,10:29:15,14.56,--,5,7280,卖盘
2046,10:29:09,14.56,-0.02,41,59696,卖盘
2047,10:29:06,14.58,--,54,78732,买盘
2048,10:29:00,14.58,0.02,23,33534,买盘
2049,10:28:51,14.56,0.01,144,210042,买盘
2050,10:28:48,14.55,0.01,3,4365,买盘
2051,10:28:42,14.54,-0.01,7,10178,卖盘
2052,10:28:39,14.55,--,2,2910,买盘
2053,10:28:36,14.55,-0.01,125,181875,卖盘
2054,10:28:33,14.56,0.01,13,18928,买盘
2055,10:28:30,14.55,--,10,14550,中性盘
2056,10:28:18,14.55,--,3,4365,买盘
2057,10:28:15,14.55,0.01,71,103305,买盘
2058,10:28:12,14.54,-0.01,6,8724,卖盘
2059,10:28:06,14.55,0.01,5,7275,买盘
2060,10:28:03,14.54,--,23,33442,卖盘
2061,10:27:54,14.54,-0.01,50,72700,卖盘
2062,10:27:51,14.55,--,21,30555,买盘
2063,10:27:48,14.55,--,3,4365,买盘
2064,10:27:45,14.55,--,11,16005,卖盘
2065,10:27:39,14.55,--,9,13095,买盘
2066,10:27:36,14.55,--,2,2910,买盘
2067,10:27:33,14.55,--,2,2910,买盘
2068,10:27:30,14.55,0.01,8,11640,买盘
2069,10:27:27,14.54,-0.02,90,130859,卖盘
2070,10:27:21,14.56,--,2,2912,买盘
2071,10:27:18,14.56,--,8,11648,买盘
2072,10:27:15,14.56,--,34,49504,买盘
2073,10:27:12,14.56,--,5,7280,买盘
2074,10:27:09,14.56,--,15,21840,买盘
2075,10:27:06,14.56,--,12,17472,买盘
2076,10:27:03,14.56,--,40,58240,买盘
2077,10:27:00,14.56,--,160,232960,买盘
2078,10:26:45,14.56,--,3,4368,买盘
2079,10:26:42,14.56,--,1,1456,买盘
2080,10:26:36,14.56,--,27,39312,买盘
2081,10:26:33,14.56,0.01,8,11648,买盘
2082,10:26:30,14.55,--,2,2910,卖盘
2083,10:26:21,14.55,--,3,4365,买盘
2084,10:26:18,14.55,--,10,14550,买盘
2085,10:26:15,14.55,--,4,5820,买盘
2086,10:26:12,14.55,--,10,14550,买盘
2087,10:26:09,14.55,0.01,10,14550,买盘
2088,10:26:06,14.54,0.01,2,2908,卖盘
2089,10:26:00,14.53,-0.02,11,15983,卖盘
2090,10:25:57,14.55,--,2,2910,买盘
2091,10:25:51,14.55,--,85,123675,买盘
2092,10:25:48,14.55,0.02,21,30555,买盘
2093,10:25:45,14.53,--,6,8718,卖盘
2094,10:25:39,14.53,--,20,29060,卖盘
2095,10:25:36,14.53,--,23,34581,买盘
2096,10:25:33,14.53,--,544,790432,买盘
2097,10:25:30,14.53,--,44,63932,买盘
2098,10:25:21,14.53,0.01,34,49402,买盘
2099,10:25:18,14.52,-0.01,7,10164,卖盘
2100,10:25:15,14.53,--,22,31966,买盘
2101,10:25:12,14.53,0.01,16,23248,买盘
2102,10:25:06,14.52,-0.01,6,8712,卖盘
2103,10:25:00,14.53,--,30,43590,买盘
2104,10:24:57,14.53,--,4,5812,买盘
2105,10:24:54,14.53,0.01,15,21795,买盘
2106,10:24:51,14.52,-0.01,14,20328,卖盘
2107,10:24:45,14.53,0.01,41,59573,买盘
2108,10:24:42,14.52,--,11,15972,卖盘
2109,10:24:36,14.52,-0.01,20,29040,卖盘
2110,10:24:33,14.53,0.01,3,4359,买盘
2111,10:24:30,14.52,-0.01,32,46464,卖盘
2112,10:24:27,14.53,0.01,6,8718,买盘
2113,10:24:21,14.52,--,17,24684,卖盘
2114,10:24:18,14.52,--,5,7260,卖盘
2115,10:24:15,14.52,--,93,135036,卖盘
2116,10:24:12,14.52,--,99,143748,卖盘
2117,10:24:09,14.52,-0.01,263,381876,卖盘
2118,10:24:06,14.53,0.01,13,18889,买盘
2119,10:24:03,14.52,-0.01,3,4356,卖盘
2120,10:24:00,14.53,--,7,10171,买盘
2121,10:23:57,14.53,--,5,7265,买盘
2122,10:23:54,14.53,0.01,41,59573,买盘
2123,10:23:51,14.52,--,95,137940,卖盘
2124,10:23:45,14.52,--,62,91243,卖盘
2125,10:23:42,14.52,-0.01,69,100188,卖盘
2126,10:23:39,14.53,--,2,2906,买盘
2127,10:23:36,14.53,0.01,10,14530,买盘
2128,10:23:30,14.52,-0.01,20,29040,卖盘
2129,10:23:27,14.53,0.01,106,154018,买盘
2130,10:23:24,14.52,-0.01,31,45012,卖盘
2131,10:23:21,14.53,--,106,154018,买盘
2132,10:23:18,14.53,0.01,2,2906,买盘
2133,10:23:09,14.52,-0.01,10,14520,卖盘
2134,10:23:03,14.53,0.01,21,30513,买盘
2135,10:23:00,14.52,-0.01,1,1452,卖盘
2136,10:22:57,14.53,0.01,9,13077,买盘
2137,10:22:54,14.52,-0.01,6,8712,卖盘
2138,10:22:51,14.53,--,9,13077,买盘
2139,10:22:42,14.53,0.01,6,8718,买盘
2140,10:22:39,14.52,-0.01,11,15972,卖盘
2141,10:22:36,14.53,--,5,7265,买盘
2142,10:22:27,14.53,0.01,6,8718,买盘
2143,10:22:24,14.52,--,33,47916,卖盘
2144,10:22:21,14.52,--,63,91476,买盘
2145,10:22:18,14.52,-0.01,10,14520,卖盘
2146,10:22:15,14.53,0.01,235,341455,买盘
2147,10:22:12,14.52,--,8,11616,买盘
2148,10:22:09,14.52,--,64,92928,买盘
2149,10:22:06,14.52,--,29,42108,买盘
2150,10:22:00,14.52,--,15,21780,买盘
2151,10:21:57,14.52,--,16,23232,买盘
2152,10:21:54,14.52,--,14,20328,买盘
2153,10:21:51,14.52,--,45,65340,买盘
2154,10:21:48,14.52,--,30,43560,买盘
2155,10:21:45,14.52,--,16,23232,买盘
2156,10:21:42,14.52,--,20,29040,买盘
2157,10:21:39,14.52,--,32,46464,买盘
2158,10:21:36,14.52,--,39,56628,买盘
2159,10:21:33,14.52,--,54,78698,卖盘
2160,10:21:30,14.52,-0.01,6,8712,卖盘
2161,10:21:27,14.53,0.01,48,70906,买盘
2162,10:21:24,14.52,--,70,101640,买盘
2163,10:21:21,14.52,--,12,17424,买盘
2164,10:21:18,14.52,-0.01,324,470738,卖盘
2165,10:21:12,14.53,0.01,15,21795,买盘
2166,10:21:09,14.52,--,75,108900,卖盘
2167,10:21:03,14.52,--,32,46464,卖盘
2168,10:21:00,14.52,--,65,94380,卖盘
2169,10:20:57,14.52,--,41,59532,卖盘
2170,10:20:54,14.52,--,52,75504,卖盘
2171,10:20:48,14.52,-0.01,71,103092,卖盘
2172,10:20:45,14.53,0.01,9,13077,买盘
2173,10:20:42,14.52,-0.01,2,2904,卖盘
2174,10:20:39,14.53,0.01,7,10171,买盘
2175,10:20:36,14.52,--,60,87120,卖盘
2176,10:20:33,14.52,-0.01,58,84216,卖盘
2177,10:20:30,14.53,--,20,29060,买盘
2178,10:20:27,14.53,--,5,7265,买盘
2179,10:20:24,14.53,0.01,17,24701,买盘
2180,10:20:21,14.52,--,8,11616,卖盘
2181,10:20:18,14.52,-0.01,41,59532,卖盘
2182,10:20:15,14.53,--,100,145300,买盘
2183,10:20:12,14.53,0.01,10,14530,买盘
2184,10:20:09,14.52,-0.01,50,72600,卖盘
2185,10:20:06,14.53,0.01,1,1453,买盘
2186,10:20:03,14.52,-0.01,181,262812,卖盘
2187,10:20:00,14.53,-0.03,5,7265,中性盘
2188,10:19:54,14.56,0.03,78,113568,买盘
2189,10:19:51,14.53,-0.02,54,78462,卖盘
2190,10:19:48,14.55,0.02,63,91665,买盘
2191,10:19:45,14.53,--,81,117693,卖盘
2192,10:19:42,14.53,0.01,104,151112,买盘
2193,10:19:39,14.52,--,21,30492,卖盘
2194,10:19:36,14.52,-0.01,76,110352,卖盘
2195,10:19:33,14.53,0.01,10,14530,买盘
2196,10:19:30,14.52,-0.01,3,4356,卖盘
2197,10:19:27,14.53,--,10,14530,买盘
2198,10:19:24,14.53,0.01,447,649491,买盘
2199,10:19:21,14.52,--,32,46464,卖盘
2200,10:19:18,14.52,-0.01,47,68244,卖盘
2201,10:19:15,14.53,0.01,14,20342,买盘
2202,10:19:09,14.52,-0.01,27,39204,卖盘
2203,10:19:06,14.53,--,8,11624,买盘
2204,10:19:03,14.53,--,60,87180,买盘
2205,10:19:00,14.53,-0.01,8,11624,卖盘
2206,10:18:57,14.54,0.02,35,50890,买盘
2207,10:18:54,14.52,-0.02,164,238128,卖盘
2208,10:18:51,14.54,--,14,20356,买盘
2209,10:18:45,14.54,0.01,1,1454,买盘
2210,10:18:42,14.53,--,53,77009,卖盘
2211,10:18:39,14.53,--,66,95898,卖盘
2212,10:18:33,14.53,-0.01,39,56667,卖盘
2213,10:18:30,14.54,0.01,2,2908,买盘
2214,10:18:27,14.53,-0.01,30,43590,卖盘
2215,10:18:21,14.54,0.01,25,36350,买盘
2216,10:18:18,14.53,--,222,322566,卖盘
2217,10:18:15,14.53,--,41,59573,卖盘
2218,10:18:09,14.53,-0.01,172,249916,卖盘
2219,10:18:06,14.54,0.01,83,120682,卖盘
2220,10:18:03,14.53,--,10,14530,卖盘
2221,10:18:00,14.53,-0.02,110,159830,卖盘
2222,10:17:57,14.55,0.01,2,2910,买盘
2223,10:17:54,14.54,--,39,56706,卖盘
2224,10:17:51,14.54,--,21,30534,卖盘
2225,10:17:48,14.54,-0.01,123,178842,卖盘
2226,10:17:45,14.55,0.01,115,167325,买盘
2227,10:17:42,14.54,-0.01,21,30534,卖盘
2228,10:17:39,14.55,--,32,46560,买盘
2229,10:17:36,14.55,-0.01,143,209141,卖盘
2230,10:17:33,14.56,0.01,162,235872,买盘
2231,10:17:30,14.55,--,90,130950,卖盘
2232,10:17:27,14.55,-0.01,49,71295,卖盘
2233,10:17:24,14.56,--,72,104832,卖盘
2234,10:17:21,14.56,--,21,30576,卖盘
2235,10:17:18,14.56,-0.01,21,30576,卖盘
2236,10:17:15,14.57,0.01,5,7285,买盘
2237,10:17:09,14.56,--,13,18928,卖盘
2238,10:17:06,14.56,-0.02,12,17472,卖盘
2239,10:17:03,14.58,0.02,23,33534,买盘
2240,10:16:57,14.56,--,27,39312,卖盘
2241,10:16:54,14.56,-0.02,21,30576,卖盘
2242,10:16:51,14.58,0.02,30,43740,买盘
2243,10:16:48,14.56,--,2,2912,卖盘
2244,10:16:45,14.56,-0.02,1,1456,卖盘
2245,10:16:42,14.58,--,59,86022,买盘
2246,10:16:39,14.58,0.02,2,2916,买盘
2247,10:16:30,14.56,--,7,10192,卖盘
2248,10:16:27,14.56,-0.02,14,20384,卖盘
2249,10:16:21,14.58,--,15,21870,买盘
2250,10:16:06,14.58,0.02,38,55404,买盘
2251,10:16:03,14.56,--,20,29120,卖盘
2252,10:15:54,14.56,--,12,17472,卖盘
2253,10:15:51,14.56,0.01,2,2912,买盘
2254,10:15:48,14.55,--,50,72750,卖盘
2255,10:15:45,14.55,-0.01,214,311370,卖盘
2256,10:15:42,14.56,--,2,2912,买盘
2257,10:15:39,14.56,--,16,23296,买盘
2258,10:15:36,14.56,--,25,36400,买盘
2259,10:15:33,14.56,0.01,87,126672,买盘
2260,10:15:27,14.55,-0.01,119,173145,卖盘
2261,10:15:24,14.56,--,20,29120,买盘
2262,10:15:21,14.56,--,1,1456,买盘
2263,10:15:18,14.56,--,21,30576,买盘
2264,10:15:12,14.56,--,12,17472,买盘
2265,10:15:09,14.56,--,14,20384,买盘
2266,10:15:06,14.56,--,20,29120,买盘
2267,10:15:03,14.56,--,1,1456,买盘
2268,10:14:57,14.56,-0.02,210,305760,卖盘
2269,10:14:54,14.58,0.01,158,230364,买盘
2270,10:14:51,14.57,--,4,5828,卖盘
2271,10:14:48,14.57,-0.01,30,43710,卖盘
2272,10:14:45,14.58,--,40,58320,买盘
2273,10:14:39,14.58,--,58,84564,买盘
2274,10:14:36,14.58,0.01,52,75816,买盘
2275,10:14:33,14.57,-0.01,4,5828,卖盘
2276,10:14:27,14.58,--,90,131220,卖盘
2277,10:14:24,14.58,--,6,8748,卖盘
2278,10:14:15,14.58,0.01,62,90396,买盘
2279,10:14:12,14.57,--,6,8742,卖盘
2280,10:14:09,14.57,--,7,10199,卖盘
2281,10:14:06,14.57,--,10,14570,买盘
2282,10:14:03,14.57,0.01,15,21855,买盘
2283,10:14:00,14.56,-0.01,80,116480,卖盘
2284,10:13:57,14.57,--,5,7285,买盘
2285,10:13:54,14.57,--,20,29140,买盘
2286,10:13:51,14.57,--,5,7285,买盘
2287,10:13:48,14.57,0.01,13,18941,买盘
2288,10:13:45,14.56,--,6,8736,卖盘
2289,10:13:42,14.56,-0.01,7,10192,卖盘
2290,10:13:36,14.57,0.01,1,1457,买盘
2291,10:13:33,14.56,--,50,72800,买盘
2292,10:13:27,14.56,--,3,4368,买盘
2293,10:13:24,14.56,--,5,7280,买盘
2294,10:13:21,14.56,--,2,2912,买盘
2295,10:13:18,14.56,0.01,30,43680,买盘
2296,10:13:15,14.55,-0.01,16,23280,卖盘
2297,10:13:09,14.56,--,110,160160,卖盘
2298,10:13:06,14.56,--,6,8736,卖盘
2299,10:13:00,14.56,-0.01,8,11648,卖盘
2300,10:12:57,14.57,--,5,7285,买盘
2301,10:12:54,14.57,--,29,42253,卖盘
2302,10:12:45,14.57,--,3,4371,卖盘
2303,10:12:42,14.57,--,48,69936,买盘
2304,10:12:39,14.57,--,10,14570,买盘
2305,10:12:33,14.57,--,255,371535,买盘
2306,10:12:30,14.57,--,11,16027,买盘
2307,10:12:27,14.57,--,6,8742,买盘
2308,10:12:21,14.57,--,11,16027,买盘
2309,10:12:18,14.57,--,10,14570,买盘
2310,10:12:15,14.57,--,2,2914,买盘
2311,10:12:12,14.57,--,30,43710,买盘
2312,10:12:09,14.57,--,15,21855,买盘
2313,10:12:03,14.57,--,33,48081,买盘
2314,10:12:00,14.57,-0.01,20,29140,卖盘
2315,10:11:57,14.58,--,90,131220,买盘
2316,10:11:54,14.58,0.02,35,51030,买盘
2317,10:11:51,14.56,-0.02,42,61152,卖盘
2318,10:11:48,14.58,-0.01,122,177876,中性盘
2319,10:11:42,14.59,0.02,88,128392,买盘
2320,10:11:36,14.57,-0.02,46,67153,卖盘
2321,10:11:33,14.59,--,2,2918,买盘
2322,10:11:30,14.59,0.01,2,2918,买盘
2323,10:11:27,14.58,--,14,20412,卖盘
2324,10:11:21,14.58,--,27,40692,买盘
2325,10:11:18,14.58,--,28,40824,买盘
2326,10:11:15,14.58,0.02,1,1458,买盘
2327,10:11:12,14.56,-0.01,62,90272,卖盘
2328,10:11:09,14.57,0.01,11,16027,中性盘
2329,10:11:03,14.56,-0.02,20,29120,卖盘
2330,10:11:00,14.58,0.01,105,153090,买盘
2331,10:10:57,14.57,0.01,1,1457,中性盘
2332,10:10:54,14.56,-0.01,103,149968,卖盘
2333,10:10:51,14.57,--,5,7285,买盘
2334,10:10:48,14.57,--,52,75764,买盘
2335,10:10:45,14.57,--,15,21855,买盘
2336,10:10:42,14.57,0.02,12,17484,买盘
2337,10:10:39,14.55,-0.02,89,129873,卖盘
2338,10:10:33,14.57,--,5,7285,买盘
2339,10:10:30,14.57,--,18,26226,买盘
2340,10:10:27,14.57,0.02,53,77221,买盘
2341,10:10:24,14.55,--,15,21825,卖盘
2342,10:10:21,14.55,-0.02,27,39285,卖盘
2343,10:10:18,14.57,-0.01,50,72850,买盘
2344,10:10:15,14.58,0.03,123,179334,买盘
2345,10:10:12,14.55,--,2,2910,买盘
2346,10:10:09,14.55,0.01,5,7275,中性盘
2347,10:10:06,14.54,-0.04,155,225370,卖盘
2348,10:10:03,14.58,0.03,207,301806,买盘
2349,10:10:00,14.55,-0.04,5,7275,卖盘
2350,10:09:54,14.59,0.04,10,14590,买盘
2351,10:09:51,14.55,-0.04,15,21825,中性盘
2352,10:09:48,14.59,--,39,56901,买盘
2353,10:09:45,14.59,0.05,103,150277,买盘
2354,10:09:42,14.54,--,87,126497,卖盘
2355,10:09:39,14.54,-0.05,30,43620,卖盘
2356,10:09:36,14.59,--,2,2918,买盘
2357,10:09:33,14.59,0.02,60,87540,买盘
2358,10:09:30,14.57,0.03,41,59737,买盘
2359,10:09:27,14.54,-0.01,3,4362,卖盘
2360,10:09:24,14.55,-0.04,18,26190,中性盘
2361,10:09:21,14.59,0.05,1,1459,买盘
2362,10:09:18,14.54,-0.05,94,136676,卖盘
2363,10:09:12,14.59,0.02,28,40852,买盘
2364,10:09:09,14.57,-0.03,25,36425,中性盘
2365,10:09:06,14.6,0.06,22,32120,买盘
2366,10:09:03,14.54,0.01,72,104688,中性盘
2367,10:09:00,14.53,-0.04,30,43590,卖盘
2368,10:08:54,14.57,0.03,90,131130,买盘
2369,10:08:51,14.54,-0.01,106,154124,卖盘
2370,10:08:48,14.55,--,21,30555,买盘
2371,10:08:45,14.55,--,147,213885,买盘
2372,10:08:42,14.55,0.01,162,235710,买盘
2373,10:08:39,14.54,--,42,61068,买盘
2374,10:08:33,14.54,0.01,78,114575,买盘
2375,10:08:30,14.53,--,29,42427,卖盘
2376,10:08:27,14.53,--,64,92992,卖盘
2377,10:08:24,14.53,-0.01,216,313848,卖盘
2378,10:08:21,14.54,0.01,24,34896,买盘
2379,10:08:18,14.53,-0.01,37,53761,卖盘
2380,10:08:15,14.54,0.01,71,103234,买盘
2381,10:08:12,14.53,--,13,18889,卖盘
2382,10:08:09,14.53,--,47,68291,卖盘
2383,10:08:03,14.53,--,9,13077,卖盘
2384,10:08:00,14.53,--,25,36325,卖盘
2385,10:07:57,14.53,--,7,10171,卖盘
2386,10:07:54,14.53,--,32,47658,买盘
2387,10:07:51,14.53,-0.01,20,29060,卖盘
2388,10:07:48,14.54,0.01,33,47982,买盘
2389,10:07:45,14.53,--,7,10171,卖盘
2390,10:07:42,14.53,-0.01,2,2906,卖盘
2391,10:07:39,14.54,--,3,4362,买盘
2392,10:07:36,14.54,0.01,34,50061,卖盘
2393,10:07:33,14.53,--,30,43590,卖盘
2394,10:07:30,14.53,-0.01,35,50855,卖盘
2395,10:07:27,14.54,--,24,34896,卖盘
2396,10:07:24,14.54,--,21,30534,卖盘
2397,10:07:21,14.54,--,215,312610,买盘
2398,10:07:15,14.54,0.01,92,133768,买盘
2399,10:07:12,14.53,-0.01,69,100257,卖盘
2400,10:07:09,14.54,0.01,29,42166,买盘
2401,10:07:06,14.53,--,1,1453,卖盘
2402,10:07:03,14.53,-0.01,71,103163,卖盘
2403,10:06:57,14.54,--,11,15993,买盘
2404,10:06:54,14.54,-0.01,62,90148,卖盘
2405,10:06:51,14.55,--,10,14550,买盘
2406,10:06:48,14.55,--,31,45105,买盘
2407,10:06:45,14.55,-0.01,156,226980,卖盘
2408,10:06:42,14.56,--,55,80080,买盘
2409,10:06:39,14.56,--,2,2912,买盘
2410,10:06:36,14.56,--,41,59696,买盘
2411,10:06:33,14.56,--,42,61152,买盘
2412,10:06:30,14.56,--,41,59696,买盘
2413,10:06:27,14.56,-0.01,60,87360,卖盘
2414,10:06:24,14.57,0.01,47,68479,卖盘
2415,10:06:21,14.56,-0.02,66,96096,卖盘
2416,10:06:18,14.58,0.02,20,29160,买盘
2417,10:06:15,14.56,--,44,64064,卖盘
2418,10:06:12,14.56,--,7,10192,卖盘
2419,10:06:09,14.56,-0.01,58,84448,卖盘
2420,10:06:06,14.57,--,19,27683,卖盘
2421,10:06:03,14.57,--,7,10199,卖盘
2422,10:06:00,14.57,--,12,17484,买盘
2423,10:05:57,14.57,0.01,18,26226,买盘
2424,10:05:54,14.56,-0.01,49,71344,卖盘
2425,10:05:48,14.57,--,90,131130,买盘
2426,10:05:45,14.57,0.01,51,74307,买盘
2427,10:05:42,14.56,-0.02,102,148512,卖盘
2428,10:05:39,14.58,0.02,11,16038,买盘
2429,10:05:36,14.56,--,204,297024,卖盘
2430,10:05:33,14.56,0.01,212,308672,买盘
2431,10:05:30,14.55,--,63,91665,卖盘
2432,10:05:27,14.55,--,245,356475,卖盘
2433,10:05:24,14.55,-0.01,194,282270,卖盘
2434,10:05:21,14.56,--,36,52416,买盘
2435,10:05:18,14.56,-0.02,356,518336,卖盘
2436,10:05:15,14.58,--,31,45198,买盘
2437,10:05:12,14.58,--,10,14580,买盘
2438,10:05:09,14.58,0.02,1,1458,买盘
2439,10:05:03,14.56,--,5,7280,卖盘
2440,10:05:00,14.56,--,4,5824,买盘
2441,10:04:57,14.56,0.01,10,14560,买盘
2442,10:04:54,14.55,-0.01,1,1455,中性盘
2443,10:04:51,14.56,0.01,358,521349,买盘
2444,10:04:42,14.55,0.01,402,585637,买盘
2445,10:04:39,14.54,0.01,72,104688,买盘
2446,10:04:36,14.53,-0.01,94,136582,卖盘
2447,10:04:33,14.54,--,330,479820,买盘
2448,10:04:30,14.54,--,146,212284,买盘
2449,10:04:27,14.54,--,89,129405,买盘
2450,10:04:24,14.54,--,132,191928,买盘
2451,10:04:21,14.54,--,460,668840,买盘
2452,10:04:18,14.54,--,77,111958,买盘
2453,10:04:15,14.54,0.01,17,24718,买盘
2454,10:04:12,14.53,--,2,2906,卖盘
2455,10:04:09,14.53,--,68,98804,卖盘
2456,10:04:06,14.53,--,170,247010,买盘
2457,10:04:03,14.53,0.01,53,77009,买盘
2458,10:04:00,14.52,-0.01,260,377520,卖盘
2459,10:03:57,14.53,0.01,46,66838,买盘
2460,10:03:54,14.52,-0.01,208,302016,卖盘
2461,10:03:51,14.53,0.01,181,262993,买盘
2462,10:03:48,14.52,--,321,466251,买盘
2463,10:03:45,14.52,--,47,68244,买盘
2464,10:03:42,14.52,--,177,257004,买盘
2465,10:03:39,14.52,--,77,111804,买盘
2466,10:03:36,14.52,--,42,60984,买盘
2467,10:03:33,14.52,--,30,43560,买盘
2468,10:03:30,14.52,-0.02,499,724548,卖盘
2469,10:03:27,14.54,--,93,135222,买盘
2470,10:03:24,14.54,--,123,178842,买盘
2471,10:03:21,14.54,--,132,191928,买盘
2472,10:03:18,14.54,--,5,7270,买盘
2473,10:03:15,14.54,--,18,26172,买盘
2474,10:03:12,14.54,--,18,26172,买盘
2475,10:03:09,14.54,-0.01,54,78516,卖盘
2476,10:03:06,14.55,--,27,39285,卖盘
2477,10:03:03,14.55,--,205,298275,买盘
2478,10:03:00,14.55,--,225,327375,买盘
2479,10:02:57,14.55,--,116,168780,买盘
2480,10:02:54,14.55,--,24,34920,买盘
2481,10:02:51,14.55,--,55,80025,买盘
2482,10:02:48,14.55,--,40,58200,买盘
2483,10:02:45,14.55,-0.06,1582,2301810,卖盘
2484,10:02:42,14.61,--,56,81816,买盘
2485,10:02:39,14.61,--,47,68667,买盘
2486,10:02:36,14.61,0.02,173,252753,买盘
2487,10:02:33,14.59,--,181,264079,买盘
2488,10:02:30,14.59,-0.01,81,118179,买盘
2489,10:02:27,14.6,--,83,121180,买盘
2490,10:02:24,14.6,0.01,147,214620,买盘
2491,10:02:21,14.59,--,134,195506,买盘
2492,10:02:18,14.59,-0.01,44,64196,中性盘
2493,10:02:15,14.6,--,347,506620,买盘
2494,10:02:12,14.6,--,42,61320,买盘
2495,10:02:09,14.6,--,99,144540,买盘
2496,10:02:06,14.6,--,671,979660,卖盘
2497,10:02:03,14.6,--,124,181040,卖盘
2498,10:02:00,14.6,-0.01,424,619040,卖盘
2499,10:01:57,14.61,--,77,112497,卖盘
2500,10:01:51,14.61,--,24,35064,卖盘
2501,10:01:48,14.61,-0.02,72,105192,卖盘
2502,10:01:45,14.63,0.01,45,65835,买盘
2503,10:01:42,14.62,-0.01,16,23392,卖盘
2504,10:01:39,14.63,--,19,27797,买盘
2505,10:01:36,14.63,--,21,30723,买盘
2506,10:01:33,14.63,-0.02,87,127281,卖盘
2507,10:01:30,14.65,--,8,11720,买盘
2508,10:01:27,14.65,0.02,7,10255,买盘
2509,10:01:24,14.63,-0.01,150,219450,卖盘
2510,10:01:21,14.64,-0.01,105,155081,卖盘
2511,10:01:18,14.65,--,88,128920,卖盘
2512,10:01:15,14.65,--,10,14650,卖盘
2513,10:01:12,14.65,--,83,121595,卖盘
2514,10:01:09,14.65,--,76,111340,卖盘
2515,10:01:06,14.65,--,119,174335,卖盘
2516,10:01:03,14.65,--,132,193482,卖盘
2517,10:01:00,14.65,--,25,36625,卖盘
2518,10:00:57,14.65,-0.01,176,257840,卖盘
2519,10:00:54,14.66,--,95,139270,买盘
2520,10:00:51,14.66,--,136,199376,买盘
2521,10:00:48,14.66,-0.01,18,26388,卖盘
2522,10:00:45,14.67,0.01,72,105624,买盘
2523,10:00:42,14.66,--,92,134872,卖盘
2524,10:00:39,14.66,--,48,70368,卖盘
2525,10:00:33,14.66,-0.01,134,197528,卖盘
2526,10:00:27,14.67,-0.01,50,73350,卖盘
2527,10:00:24,14.68,0.01,20,29360,中性盘
2528,10:00:21,14.67,-0.01,120,176040,卖盘
2529,10:00:18,14.68,--,10,14680,卖盘
2530,10:00:15,14.68,-0.01,17,24956,卖盘
2531,10:00:09,14.69,0.01,10,14690,买盘
2532,10:00:06,14.68,-0.01,581,853950,卖盘
2533,10:00:00,14.69,--,36,52884,卖盘
2534,09:59:57,14.69,-0.01,32,47008,卖盘
2535,09:59:54,14.7,--,48,70560,卖盘
2536,09:59:51,14.7,--,68,99960,卖盘
2537,09:59:48,14.7,--,40,58800,卖盘
2538,09:59:45,14.7,--,202,296940,卖盘
2539,09:59:42,14.7,0.01,150,221470,买盘
2540,09:59:39,14.69,--,12,17628,卖盘
2541,09:59:36,14.69,-0.01,38,55822,卖盘
2542,09:59:33,14.7,--,78,114660,买盘
2543,09:59:27,14.7,0.01,101,148470,买盘
2544,09:59:24,14.69,-0.01,24,35256,卖盘
2545,09:59:18,14.7,--,22,32340,买盘
2546,09:59:15,14.7,-0.01,65,96049,卖盘
2547,09:59:12,14.71,0.01,1,1471,买盘
2548,09:59:09,14.7,--,26,38220,卖盘
2549,09:59:06,14.7,-0.01,21,30870,卖盘
2550,09:59:03,14.71,--,31,45601,卖盘
2551,09:58:54,14.71,0.01,90,132390,买盘
2552,09:58:51,14.7,--,32,47040,卖盘
2553,09:58:48,14.7,--,2,2940,卖盘
2554,09:58:42,14.7,-0.01,26,38220,卖盘
2555,09:58:36,14.71,0.01,18,27448,买盘
2556,09:58:33,14.7,--,12,17640,卖盘
2557,09:58:30,14.7,--,16,23520,卖盘
2558,09:58:27,14.7,--,141,207270,卖盘
2559,09:58:24,14.7,-0.01,3,4410,卖盘
2560,09:58:21,14.71,--,8,11768,买盘
2561,09:58:18,14.71,0.01,151,222121,买盘
2562,09:58:09,14.7,-0.01,1,1470,卖盘
2563,09:58:06,14.71,0.01,30,44130,买盘
2564,09:58:03,14.7,-0.02,22,32340,卖盘
2565,09:57:54,14.72,0.01,13,19136,买盘
2566,09:57:51,14.71,-0.01,145,213295,卖盘
2567,09:57:48,14.72,--,14,20608,买盘
2568,09:57:39,14.72,--,10,14720,买盘
2569,09:57:36,14.72,--,10,14720,买盘
2570,09:57:30,14.72,-0.01,2,2944,买盘
2571,09:57:27,14.73,0.02,2,2946,买盘
2572,09:57:24,14.71,-0.01,151,222121,卖盘
2573,09:57:21,14.72,-0.01,1,1472,卖盘
2574,09:57:15,14.73,--,40,58920,卖盘
2575,09:57:03,14.73,--,1,1473,买盘
2576,09:56:57,14.73,0.01,100,147300,买盘
2577,09:56:51,14.72,-0.01,5,7360,中性盘
2578,09:56:36,14.73,--,12,17676,买盘
2579,09:56:24,14.73,--,97,142881,卖盘
2580,09:56:18,14.73,--,16,23568,卖盘
2581,09:56:12,14.73,-0.01,8,11784,卖盘
2582,09:56:09,14.74,0.01,10,14740,买盘
2583,09:56:03,14.73,--,2,2946,卖盘
2584,09:55:54,14.73,--,5,7365,卖盘
2585,09:55:51,14.73,--,23,33879,卖盘
2586,09:55:39,14.73,--,3,4419,卖盘
2587,09:55:36,14.73,0.01,50,73650,买盘
2588,09:55:33,14.72,--,57,83904,卖盘
2589,09:55:30,14.72,-0.01,30,44160,卖盘
2590,09:55:27,14.73,0.01,21,30933,买盘
2591,09:55:24,14.72,--,10,14720,卖盘
2592,09:55:18,14.72,--,20,29440,卖盘
2593,09:55:15,14.72,--,5,7360,卖盘
2594,09:55:12,14.72,0.01,4,5888,卖盘
2595,09:55:09,14.71,0.01,73,107383,买盘
2596,09:55:06,14.7,-0.01,32,47040,卖盘
2597,09:55:03,14.71,-0.01,26,38246,中性盘
2598,09:54:57,14.72,--,2,2944,买盘
2599,09:54:54,14.72,--,20,29440,买盘
2600,09:54:51,14.72,0.01,10,14720,买盘
2601,09:54:48,14.71,-0.01,30,44130,卖盘
2602,09:54:45,14.72,--,1,1472,买盘
2603,09:54:42,14.72,--,5,7360,买盘
2604,09:54:33,14.72,0.01,36,52992,买盘
2605,09:54:30,14.71,--,63,92673,买盘
2606,09:54:27,14.71,0.01,71,104441,买盘
2607,09:54:24,14.7,--,24,35280,卖盘
2608,09:54:21,14.7,-0.01,21,30870,卖盘
2609,09:54:18,14.71,--,51,75021,卖盘
2610,09:54:12,14.71,--,220,323620,卖盘
2611,09:54:09,14.71,--,36,52956,卖盘
2612,09:54:03,14.71,--,50,73550,卖盘
2613,09:54:00,14.71,0.01,158,232418,买盘
2614,09:53:57,14.7,--,3,4410,卖盘
2615,09:53:54,14.7,--,32,47040,卖盘
2616,09:53:51,14.7,--,70,102900,卖盘
2617,09:53:48,14.7,-0.01,31,45570,卖盘
2618,09:53:42,14.71,--,10,14710,买盘
2619,09:53:36,14.71,--,21,30891,卖盘
2620,09:53:33,14.71,0.01,3,4413,卖盘
2621,09:53:30,14.7,-0.01,4,5880,卖盘
2622,09:53:27,14.71,-0.01,3,4413,卖盘
2623,09:53:21,14.72,0.01,22,32384,买盘
2624,09:53:18,14.71,0.01,35,51485,买盘
2625,09:53:15,14.7,--,3,4410,卖盘
2626,09:53:03,14.7,--,16,23520,卖盘
2627,09:53:00,14.7,-0.01,21,30870,卖盘
2628,09:52:54,14.71,0.01,1,1471,中性盘
2629,09:52:48,14.7,--,3,4410,卖盘
2630,09:52:42,14.7,0.01,6,8820,卖盘
2631,09:52:39,14.69,-0.05,123,180687,卖盘
2632,09:52:33,14.74,0.04,21,30954,买盘
2633,09:52:30,14.7,-0.03,10,14700,卖盘
2634,09:52:27,14.73,0.03,34,50082,买盘
2635,09:52:24,14.7,-0.01,18,26460,卖盘
2636,09:52:21,14.71,0.02,30,44130,买盘
2637,09:52:18,14.69,-0.01,137,202560,卖盘
2638,09:52:15,14.7,--,26,38220,买盘
2639,09:52:12,14.7,0.01,15,22050,买盘
2640,09:52:09,14.69,-0.01,1,1469,卖盘
2641,09:52:06,14.7,--,10,14700,买盘
2642,09:52:03,14.7,--,13,19110,买盘
2643,09:51:57,14.7,--,30,44100,卖盘
2644,09:51:54,14.7,--,17,24990,卖盘
2645,09:51:51,14.7,--,2,2940,卖盘
2646,09:51:48,14.7,--,19,27930,买盘
2647,09:51:45,14.7,--,91,133770,买盘
2648,09:51:36,14.7,--,4,5880,买盘
2649,09:51:33,14.7,--,7,10290,买盘
2650,09:51:30,14.7,--,14,20580,买盘
2651,09:51:27,14.7,--,31,45570,卖盘
2652,09:51:24,14.7,--,36,52920,卖盘
2653,09:51:18,14.7,-0.01,59,86730,卖盘
2654,09:51:15,14.71,0.01,11,16181,买盘
2655,09:51:12,14.7,-0.01,49,72030,卖盘
2656,09:51:09,14.71,0.01,43,63253,买盘
2657,09:51:06,14.7,-0.01,22,32340,卖盘
2658,09:51:03,14.71,--,7,10297,买盘
2659,09:50:54,14.71,0.01,21,30891,买盘
2660,09:50:51,14.7,--,24,35280,买盘
2661,09:50:48,14.7,--,15,22050,买盘
2662,09:50:45,14.7,-0.01,470,690900,卖盘
2663,09:50:42,14.71,--,69,101499,买盘
2664,09:50:39,14.71,0.01,1,1471,买盘
2665,09:50:33,14.7,-0.01,154,226380,卖盘
2666,09:50:30,14.71,-0.01,407,598697,卖盘
2667,09:50:27,14.72,0.01,20,29440,中性盘
2668,09:50:21,14.71,--,190,279490,卖盘
2669,09:50:15,14.71,-0.01,51,75021,卖盘
2670,09:50:09,14.72,0.01,5,7360,买盘
2671,09:50:06,14.71,0.01,40,58840,买盘
2672,09:50:03,14.7,-0.01,69,101430,卖盘
2673,09:50:00,14.71,--,7,10297,卖盘
2674,09:49:57,14.71,--,10,14710,卖盘
2675,09:49:54,14.71,0.01,1,1471,中性盘
2676,09:49:51,14.7,-0.02,393,577710,卖盘
2677,09:49:48,14.72,0.01,151,222272,买盘
2678,09:49:45,14.71,--,23,33833,卖盘
2679,09:49:42,14.71,0.01,1034,1521014,买盘
2680,09:49:39,14.7,--,392,576240,卖盘
2681,09:49:36,14.7,--,5,7350,卖盘
2682,09:49:33,14.7,-0.01,184,270480,卖盘
2683,09:49:30,14.71,--,10,14710,买盘
2684,09:49:27,14.71,--,25,36775,买盘
2685,09:49:24,14.71,--,207,304497,卖盘
2686,09:49:18,14.71,--,61,89731,卖盘
2687,09:49:15,14.71,-0.01,55,80905,卖盘
2688,09:49:12,14.72,0.01,1,1472,买盘
2689,09:49:06,14.71,-0.01,275,404525,卖盘
2690,09:48:51,14.72,-0.02,187,275264,卖盘
2691,09:48:48,14.74,--,17,25058,买盘
2692,09:48:45,14.74,--,15,22110,买盘
2693,09:48:39,14.74,--,119,175406,卖盘
2694,09:48:33,14.74,--,57,84018,卖盘
2695,09:48:30,14.74,--,10,14740,卖盘
2696,09:48:27,14.74,-0.01,3,4422,卖盘
2697,09:48:24,14.75,0.01,3,4425,买盘
2698,09:48:18,14.74,-0.01,37,54538,卖盘
2699,09:48:15,14.75,--,5,7375,买盘
2700,09:48:12,14.75,0.01,31,45725,买盘
2701,09:48:09,14.74,-0.01,26,38324,卖盘
2702,09:48:06,14.75,--,10,14750,买盘
2703,09:48:00,14.75,0.01,23,33925,买盘
2704,09:47:51,14.74,--,5,7370,卖盘
2705,09:47:45,14.74,--,15,22110,卖盘
2706,09:47:36,14.74,--,10,14740,买盘
2707,09:47:27,14.74,--,1,1474,买盘
2708,09:47:24,14.74,--,51,75174,卖盘
2709,09:47:21,14.74,--,5,7370,卖盘
2710,09:47:15,14.74,-0.01,12,17688,卖盘
2711,09:47:12,14.75,0.01,1,1475,买盘
2712,09:47:06,14.74,--,31,45694,卖盘
2713,09:47:00,14.74,--,2,2948,卖盘
2714,09:46:57,14.74,--,9,13266,卖盘
2715,09:46:48,14.74,-0.01,25,36850,卖盘
2716,09:46:45,14.75,--,5,7375,买盘
2717,09:46:42,14.75,0.01,3,4425,买盘
2718,09:46:39,14.74,-0.02,108,159192,卖盘
2719,09:46:36,14.76,--,15,22140,买盘
2720,09:46:33,14.76,--,17,25092,买盘
2721,09:46:30,14.76,0.01,12,17712,买盘
2722,09:46:24,14.75,--,1,1475,卖盘
2723,09:46:21,14.75,-0.01,40,59000,卖盘
2724,09:46:18,14.76,--,17,25092,买盘
2725,09:46:12,14.76,--,27,39852,买盘
2726,09:46:00,14.76,--,9,13284,卖盘
2727,09:45:51,14.76,--,4,5904,买盘
2728,09:45:48,14.76,--,7,10332,买盘
2729,09:45:42,14.76,-0.01,29,42804,卖盘
2730,09:45:39,14.77,0.01,57,84189,买盘
2731,09:45:33,14.76,-0.01,20,29520,卖盘
2732,09:45:30,14.77,0.01,2,2954,买盘
2733,09:45:27,14.76,--,308,454608,卖盘
2734,09:45:18,14.76,--,9,13284,卖盘
2735,09:45:15,14.76,-0.01,13,19188,卖盘
2736,09:45:12,14.77,--,11,16247,买盘
2737,09:45:06,14.77,--,10,14770,买盘
2738,09:45:00,14.77,--,93,137361,卖盘
2739,09:44:57,14.77,-0.01,1,1477,中性盘
2740,09:44:36,14.78,--,15,23308,卖盘
2741,09:44:30,14.78,--,4,5912,卖盘
2742,09:44:24,14.78,-0.01,153,226134,卖盘
2743,09:44:12,14.79,0.01,3,4437,买盘
2744,09:44:06,14.78,-0.01,25,36950,卖盘
2745,09:44:00,14.79,0.01,23,34017,买盘
2746,09:43:57,14.78,--,13,19214,卖盘
2747,09:43:54,14.78,-0.01,50,73900,卖盘
2748,09:43:51,14.79,--,33,48807,买盘
2749,09:43:45,14.79,--,2,2958,买盘
2750,09:43:33,14.79,--,9,13311,买盘
2751,09:43:30,14.79,--,12,17748,买盘
2752,09:43:21,14.79,--,171,253071,卖盘
2753,09:43:12,14.79,-0.01,6,8874,卖盘
2754,09:43:09,14.8,0.01,3,4440,买盘
2755,09:43:03,14.79,-0.01,5,7395,卖盘
2756,09:42:57,14.8,0.01,76,113797,买盘
2757,09:42:54,14.79,--,1,1479,买盘
2758,09:42:51,14.79,--,11,16268,买盘
2759,09:42:45,14.79,--,20,29580,买盘
2760,09:42:42,14.79,-0.01,154,227928,卖盘
2761,09:42:39,14.8,0.01,4,5920,买盘
2762,09:42:36,14.79,--,21,31059,卖盘
2763,09:42:33,14.79,--,21,31059,卖盘
2764,09:42:30,14.79,--,51,75429,卖盘
2765,09:42:27,14.79,-0.01,21,31059,卖盘
2766,09:42:24,14.8,0.01,15,22200,买盘
2767,09:42:21,14.79,--,14,20706,卖盘
2768,09:42:18,14.79,-0.01,57,84303,卖盘
2769,09:42:15,14.8,0.01,10,14800,买盘
2770,09:42:06,14.79,--,11,17585,买盘
2771,09:42:03,14.79,--,6,8874,买盘
2772,09:42:00,14.79,--,2,2958,买盘
2773,09:41:57,14.79,--,5,7395,买盘
2774,09:41:54,14.79,--,1,1479,卖盘
2775,09:41:51,14.79,--,3,4437,买盘
2776,09:41:48,14.79,0.01,2,2958,中性盘
2777,09:41:45,14.78,-0.02,19,28421,卖盘
2778,09:41:42,14.8,0.01,34,50320,买盘
2779,09:41:39,14.79,--,5,7395,卖盘
2780,09:41:36,14.79,-0.01,29,42891,卖盘
2781,09:41:27,14.8,--,15,22200,买盘
2782,09:41:24,14.8,--,58,85840,买盘
2783,09:41:12,14.8,0.01,50,74000,买盘
2784,09:41:09,14.79,0.01,39,57681,买盘
2785,09:41:06,14.78,-0.01,18,26604,卖盘
2786,09:41:03,14.79,--,20,29580,买盘
2787,09:40:57,14.79,--,53,78387,买盘
2788,09:40:54,14.79,--,1,1479,买盘
2789,09:40:51,14.79,--,26,38454,买盘
2790,09:40:48,14.79,--,5,7395,买盘
2791,09:40:45,14.79,--,5,7395,买盘
2792,09:40:42,14.79,--,7,10353,买盘
2793,09:40:39,14.79,-0.01,139,205581,卖盘
2794,09:40:36,14.8,0.01,26,38480,买盘
2795,09:40:33,14.79,--,6,8874,卖盘
2796,09:40:30,14.79,--,55,81345,买盘
2797,09:40:27,14.79,0.01,79,116841,买盘
2798,09:40:24,14.78,--,28,41384,买盘
2799,09:40:21,14.78,0.01,10,14780,买盘
2800,09:40:18,14.77,-0.01,24,35448,卖盘
2801,09:40:15,14.78,--,7,10346,买盘
2802,09:40:12,14.78,--,21,31038,买盘
2803,09:40:09,14.78,--,151,223178,买盘
2804,09:40:06,14.78,-0.01,102,150756,卖盘
2805,09:40:03,14.79,0.01,8,11832,买盘
2806,09:40:00,14.78,--,5,7390,卖盘
2807,09:39:57,14.78,-0.01,2,2956,卖盘
2808,09:39:54,14.79,0.01,9,13311,买盘
2809,09:39:51,14.78,--,2,2956,卖盘
2810,09:39:48,14.78,--,25,36950,卖盘
2811,09:39:42,14.78,-0.01,22,32516,卖盘
2812,09:39:30,14.79,--,37,54723,买盘
2813,09:39:27,14.79,--,13,19227,买盘
2814,09:39:21,14.79,--,5,7395,买盘
2815,09:39:18,14.79,--,75,110925,买盘
2816,09:39:15,14.79,--,2,2958,卖盘
2817,09:39:12,14.79,--,8,11832,卖盘
2818,09:39:06,14.79,-0.01,10,14790,中性盘
2819,09:38:57,14.8,0.02,76,112480,买盘
2820,09:38:54,14.78,--,10,14780,卖盘
2821,09:38:51,14.78,-0.02,2,2956,卖盘
2822,09:38:42,14.8,--,15,22200,买盘
2823,09:38:39,14.8,--,10,14800,买盘
2824,09:38:36,14.8,--,21,31080,买盘
2825,09:38:27,14.8,--,62,91760,买盘
