,time,price,change,volume,amount,type
0,15:00:03,4.72,--,3206,1513232,买盘
1,14:57:00,4.72,--,232,109504,买盘
2,14:56:54,4.72,--,11,5192,买盘
3,14:56:45,4.72,--,61,28792,买盘
4,14:56:42,4.72,--,11,5192,买盘
5,14:56:39,4.72,--,210,99120,买盘
6,14:56:36,4.72,--,300,141600,买盘
7,14:56:33,4.72,0.01,30,14160,买盘
8,14:56:30,4.71,-0.01,23,10833,卖盘
9,14:56:27,4.72,--,20,9440,买盘
10,14:56:21,4.72,0.01,68,32096,买盘
11,14:56:18,4.71,--,20,9420,卖盘
12,14:56:15,4.71,-0.01,8,3768,卖盘
13,14:56:12,4.72,0.01,7,3304,买盘
14,14:56:09,4.71,0.01,5,2355,卖盘
15,14:56:06,4.7,-0.01,220,103400,卖盘
16,14:56:03,4.71,--,26,12246,卖盘
17,14:55:57,4.71,--,40,18840,卖盘
18,14:55:51,4.71,0.01,2018,950478,买盘
19,14:55:48,4.7,-0.01,277,130190,卖盘
20,14:55:45,4.71,--,50,23550,买盘
21,14:55:42,4.71,--,10,4710,买盘
22,14:55:39,4.71,0.01,10,4710,买盘
23,14:55:36,4.7,-0.01,52,24440,卖盘
24,14:55:33,4.71,--,166,78186,买盘
25,14:55:30,4.71,0.01,20,9420,买盘
26,14:55:24,4.7,-0.01,100,47000,卖盘
27,14:55:21,4.71,--,32,15072,买盘
28,14:55:18,4.71,0.01,10,4710,买盘
29,14:55:12,4.7,-0.01,1,470,卖盘
30,14:55:09,4.71,0.01,3,1413,买盘
31,14:55:06,4.7,-0.01,129,60630,卖盘
32,14:55:03,4.71,0.01,4,1884,买盘
33,14:54:57,4.7,-0.01,2,940,卖盘
34,14:54:54,4.71,0.01,106,49926,买盘
35,14:54:45,4.7,--,985,463349,买盘
36,14:54:42,4.7,0.01,1,470,买盘
37,14:54:36,4.69,-0.01,2,938,卖盘
38,14:54:33,4.7,--,16,7520,买盘
39,14:54:30,4.7,--,53,24910,买盘
40,14:54:27,4.7,--,40,18800,买盘
41,14:54:24,4.7,--,48,22560,买盘
42,14:54:18,4.7,--,10,4700,买盘
43,14:54:12,4.7,--,402,188940,买盘
44,14:54:09,4.7,--,1786,839420,买盘
45,14:54:03,4.7,--,50,23500,买盘
46,14:53:57,4.7,--,50,23500,买盘
47,14:53:48,4.7,0.01,41,19270,买盘
48,14:53:42,4.69,-0.01,3,1407,卖盘
49,14:53:39,4.7,0.01,70,32900,买盘
50,14:53:33,4.69,--,10,4690,卖盘
51,14:53:30,4.69,-0.01,10,4690,卖盘
52,14:53:24,4.7,--,5,2350,买盘
53,14:53:18,4.7,--,216,101520,买盘
54,14:53:12,4.7,--,10,4700,买盘
55,14:53:06,4.7,0.01,35,16450,买盘
56,14:53:03,4.69,--,1,469,卖盘
57,14:52:57,4.69,--,44,20636,卖盘
58,14:52:54,4.69,--,10,4690,卖盘
59,14:52:51,4.69,-0.01,76,35644,卖盘
60,14:52:48,4.7,0.01,3,1410,买盘
61,14:52:45,4.69,-0.01,10,4690,卖盘
62,14:52:42,4.7,--,20,9400,买盘
63,14:52:36,4.7,0.01,50,23500,买盘
64,14:52:33,4.69,--,200,93800,卖盘
65,14:52:30,4.69,-0.01,95,44555,卖盘
66,14:52:21,4.7,0.01,1,470,买盘
67,14:52:09,4.69,-0.01,6,2814,卖盘
68,14:52:06,4.7,0.01,329,154630,买盘
69,14:52:00,4.69,-0.01,1,469,卖盘
70,14:51:54,4.7,0.01,10,4700,买盘
71,14:51:51,4.69,-0.01,51,23919,卖盘
72,14:51:45,4.7,--,110,51700,买盘
73,14:51:39,4.7,0.01,638,299860,买盘
74,14:51:36,4.69,-0.01,63,29547,卖盘
75,14:51:33,4.7,--,10,4700,买盘
76,14:51:30,4.7,--,54,25380,买盘
77,14:51:24,4.7,0.01,31,14570,买盘
78,14:51:18,4.69,--,50,23450,卖盘
79,14:51:15,4.69,--,2,938,卖盘
80,14:51:12,4.69,-0.01,2,938,卖盘
81,14:51:09,4.7,--,100,47000,买盘
82,14:51:06,4.7,--,30,14100,买盘
83,14:51:00,4.7,0.01,233,109510,买盘
84,14:50:57,4.69,--,202,94738,卖盘
85,14:50:54,4.69,-0.01,43,20167,卖盘
86,14:50:51,4.7,0.01,4,1880,买盘
87,14:50:48,4.69,--,10,4690,卖盘
88,14:50:45,4.69,--,37,17353,卖盘
89,14:50:36,4.69,--,13,6097,卖盘
90,14:50:30,4.69,-0.01,1,469,卖盘
91,14:50:27,4.7,--,48,22560,买盘
92,14:50:12,4.7,--,50,23500,买盘
93,14:50:03,4.7,--,20,9400,买盘
94,14:50:00,4.7,--,200,94000,买盘
95,14:49:57,4.7,0.01,31,14570,买盘
96,14:49:48,4.69,--,25,11725,卖盘
97,14:49:45,4.69,--,10,4690,卖盘
98,14:49:42,4.69,-0.01,400,187600,卖盘
99,14:49:36,4.7,0.01,15,7050,买盘
100,14:49:30,4.69,--,10,4690,卖盘
101,14:49:27,4.69,-0.01,6,2814,卖盘
102,14:49:24,4.7,0.01,1,470,买盘
103,14:49:21,4.69,--,9,4221,卖盘
104,14:49:12,4.69,--,300,140700,卖盘
105,14:48:51,4.69,--,20,9380,卖盘
106,14:48:27,4.69,-0.01,4,1876,卖盘
107,14:48:24,4.7,--,20,9400,买盘
108,14:48:21,4.7,0.01,3,1410,买盘
109,14:48:03,4.69,--,10,4690,卖盘
110,14:47:57,4.69,--,48,22512,卖盘
111,14:47:48,4.69,-0.01,10,4690,卖盘
112,14:47:45,4.7,0.01,30,14100,买盘
113,14:47:42,4.69,--,588,275776,买盘
114,14:47:33,4.69,--,30,14070,买盘
115,14:47:30,4.69,--,50,23450,买盘
116,14:47:27,4.69,--,621,291249,买盘
117,14:47:24,4.69,0.01,149,69881,买盘
118,14:47:12,4.68,-0.01,48,22464,卖盘
119,14:47:06,4.69,--,1035,485415,买盘
120,14:47:00,4.69,0.01,148,69412,买盘
121,14:46:54,4.68,-0.01,30,14040,卖盘
122,14:46:48,4.69,--,30,14070,买盘
123,14:46:42,4.69,0.01,10,4690,买盘
124,14:46:39,4.68,-0.01,11,5148,卖盘
125,14:46:27,4.69,0.01,45,21105,买盘
126,14:46:24,4.68,-0.01,98,45864,卖盘
127,14:46:21,4.69,--,20,9380,买盘
128,14:46:18,4.69,--,1,469,买盘
129,14:46:09,4.69,0.01,5,2345,买盘
130,14:46:06,4.68,-0.01,3,1404,卖盘
131,14:46:00,4.69,0.01,14,6566,买盘
132,14:45:54,4.68,-0.01,92,43056,卖盘
133,14:45:51,4.69,--,61,28609,买盘
134,14:45:42,4.69,0.01,26,12194,买盘
135,14:45:36,4.68,-0.01,9,4212,卖盘
136,14:45:27,4.69,--,4,1876,买盘
137,14:45:24,4.69,0.01,93,43617,买盘
138,14:45:21,4.68,--,3,1404,卖盘
139,14:45:18,4.68,--,40,18720,卖盘
140,14:45:03,4.68,-0.01,18,8424,卖盘
141,14:44:57,4.69,0.01,1,469,买盘
142,14:44:54,4.68,-0.01,54,25272,卖盘
143,14:44:51,4.69,--,55,25795,买盘
144,14:44:42,4.69,0.01,9,4221,买盘
145,14:44:39,4.68,--,5,2340,卖盘
146,14:44:36,4.68,--,50,23400,卖盘
147,14:44:33,4.68,--,100,46800,卖盘
148,14:44:27,4.68,--,20,9360,卖盘
149,14:44:15,4.68,--,20,9360,卖盘
150,14:44:06,4.68,-0.01,70,32759,卖盘
151,14:44:00,4.69,0.01,28,13132,买盘
152,14:43:48,4.68,--,12,5616,卖盘
153,14:43:39,4.68,--,3,1404,卖盘
154,14:43:30,4.68,--,2,936,卖盘
155,14:43:24,4.68,--,50,23400,卖盘
156,14:43:18,4.68,-0.01,34,15911,卖盘
157,14:43:15,4.69,0.01,105,49245,买盘
158,14:43:09,4.68,--,10,4680,卖盘
159,14:43:06,4.68,--,110,51480,卖盘
160,14:43:03,4.68,--,40,18720,卖盘
161,14:42:51,4.68,--,107,50076,卖盘
162,14:42:39,4.68,-0.01,20,9360,卖盘
163,14:42:33,4.69,0.01,80,37520,买盘
164,14:42:30,4.68,--,23,10764,卖盘
165,14:42:27,4.68,--,3,1404,卖盘
166,14:42:21,4.68,--,9,4212,卖盘
167,14:42:03,4.68,-0.01,3,1404,卖盘
168,14:41:54,4.69,--,5,2345,买盘
169,14:41:21,4.69,--,2,938,买盘
170,14:41:18,4.69,--,197,92393,买盘
171,14:41:15,4.69,0.01,6,2814,买盘
172,14:41:09,4.68,--,10,4680,卖盘
173,14:41:06,4.68,--,3,1404,卖盘
174,14:41:00,4.68,-0.01,47,21996,卖盘
175,14:40:45,4.69,0.01,150,70350,买盘
176,14:40:36,4.68,-0.01,40,18720,卖盘
177,14:40:30,4.69,0.01,10,4690,买盘
178,14:40:21,4.68,--,10,4680,卖盘
179,14:40:18,4.68,-0.01,50,23400,卖盘
180,14:40:12,4.69,0.01,5,2345,买盘
181,14:40:09,4.68,-0.01,7,3276,卖盘
182,14:40:03,4.69,--,7,3283,买盘
183,14:39:54,4.69,--,17,7973,买盘
184,14:39:48,4.69,-0.01,326,152894,卖盘
185,14:39:36,4.7,0.01,100,47000,买盘
186,14:39:33,4.69,--,53,24857,卖盘
187,14:39:27,4.69,--,35,16415,卖盘
188,14:39:24,4.69,-0.01,50,23450,卖盘
189,14:39:21,4.7,0.01,6,2820,买盘
190,14:39:18,4.69,--,4,1876,卖盘
191,14:39:12,4.69,--,20,9380,卖盘
192,14:39:00,4.69,--,17,7973,卖盘
193,14:38:57,4.69,--,3,1407,卖盘
194,14:38:54,4.69,-0.01,40,18760,卖盘
195,14:38:48,4.7,--,7,3290,买盘
196,14:38:45,4.7,0.01,106,49820,买盘
197,14:38:42,4.69,--,10,4690,卖盘
198,14:38:39,4.69,-0.01,4,1876,卖盘
199,14:38:36,4.7,0.01,299,140530,买盘
200,14:38:33,4.69,--,20,9380,卖盘
201,14:38:30,4.69,--,5,2345,卖盘
202,14:38:27,4.69,--,31,14539,卖盘
203,14:38:24,4.69,--,89,41741,卖盘
204,14:38:21,4.69,--,137,64253,卖盘
205,14:38:18,4.69,--,14,6566,卖盘
206,14:38:12,4.69,-0.01,50,23450,卖盘
207,14:38:09,4.7,0.01,2,940,买盘
208,14:38:03,4.69,--,60,28140,卖盘
209,14:38:00,4.69,-0.01,206,96614,卖盘
210,14:37:42,4.7,--,24,11280,买盘
211,14:37:36,4.7,--,14,6580,买盘
212,14:37:33,4.7,0.01,128,60160,买盘
213,14:37:21,4.69,-0.01,175,82075,卖盘
214,14:36:42,4.7,0.01,11,5170,买盘
215,14:36:39,4.69,-0.01,12,5628,卖盘
216,14:36:36,4.7,0.01,5,2350,买盘
217,14:36:24,4.69,--,2,938,卖盘
218,14:36:18,4.69,--,150,70350,卖盘
219,14:36:06,4.69,-0.01,2,938,卖盘
220,14:36:03,4.7,0.01,15,7050,买盘
221,14:35:54,4.69,-0.01,30,14070,卖盘
222,14:35:39,4.7,0.01,15,7050,买盘
223,14:35:36,4.69,-0.01,100,46900,卖盘
224,14:35:33,4.7,0.01,250,117500,买盘
225,14:35:30,4.69,-0.01,9,4221,卖盘
226,14:35:27,4.7,0.01,1,470,买盘
227,14:35:24,4.69,-0.01,1,469,卖盘
228,14:35:21,4.7,--,20,9400,买盘
229,14:35:18,4.7,--,60,28200,买盘
230,14:35:12,4.7,0.01,62,29140,买盘
231,14:35:09,4.69,--,2,938,卖盘
232,14:35:06,4.69,-0.01,20,9380,卖盘
233,14:35:03,4.7,--,20,9400,买盘
234,14:35:00,4.7,--,550,258500,买盘
235,14:34:48,4.7,--,201,94470,买盘
236,14:34:39,4.7,--,23,10810,买盘
237,14:34:36,4.7,0.01,82,38540,买盘
238,14:34:30,4.69,-0.01,14,6566,卖盘
239,14:34:27,4.7,--,14,6580,买盘
240,14:34:24,4.7,--,60,28200,买盘
241,14:34:21,4.7,--,7,3290,买盘
242,14:34:18,4.7,--,5,2350,买盘
243,14:34:15,4.7,--,27,12690,买盘
244,14:34:06,4.7,--,18,8460,买盘
245,14:34:03,4.7,--,40,18800,买盘
246,14:33:57,4.7,--,24,11280,买盘
247,14:33:51,4.7,--,28,13230,卖盘
248,14:33:45,4.7,--,10,4700,卖盘
249,14:33:36,4.7,0.01,108,51159,买盘
250,14:33:21,4.69,-0.01,2,938,卖盘
251,14:33:18,4.7,0.01,460,216200,买盘
252,14:33:12,4.69,-0.01,297,139293,卖盘
253,14:33:09,4.7,--,219,102930,买盘
254,14:33:03,4.7,--,216,101520,买盘
255,14:32:57,4.7,--,7,3290,买盘
256,14:32:54,4.7,--,548,257560,买盘
257,14:32:48,4.7,--,23,10810,买盘
258,14:32:42,4.7,0.01,516,242520,买盘
259,14:32:36,4.69,-0.01,28,13132,卖盘
260,14:32:33,4.7,--,6,2820,买盘
261,14:32:30,4.7,--,1,470,买盘
262,14:32:27,4.7,--,40,18800,买盘
263,14:32:21,4.7,--,32,15040,买盘
264,14:32:12,4.7,--,3,1410,买盘
265,14:32:09,4.7,0.01,455,213850,买盘
266,14:32:06,4.69,--,3,1407,卖盘
267,14:32:00,4.69,-0.01,53,24857,卖盘
268,14:31:54,4.7,--,600,282000,买盘
269,14:31:51,4.7,--,14,6580,买盘
270,14:31:33,4.7,--,710,333700,买盘
271,14:31:09,4.7,--,5,2350,买盘
272,14:31:06,4.7,--,21,9870,买盘
273,14:30:54,4.7,0.01,20,9400,买盘
274,14:30:48,4.69,-0.01,1,469,卖盘
275,14:30:45,4.7,0.01,3,1410,买盘
276,14:30:24,4.69,--,50,23450,卖盘
277,14:30:21,4.69,--,1,469,卖盘
278,14:30:15,4.69,--,30,14070,卖盘
279,14:30:06,4.69,--,130,60970,卖盘
280,14:30:03,4.69,--,208,97552,卖盘
281,14:29:57,4.69,--,187,87703,卖盘
282,14:29:48,4.69,--,3,1407,卖盘
283,14:29:45,4.69,--,5,2345,卖盘
284,14:29:42,4.69,--,40,18760,卖盘
285,14:29:39,4.69,--,318,149142,卖盘
286,14:29:30,4.69,--,8,3752,卖盘
287,14:29:27,4.69,-0.01,10,4690,卖盘
288,14:29:24,4.7,--,10,4700,买盘
289,14:29:21,4.7,0.01,90,42300,买盘
290,14:29:15,4.69,--,24,11256,卖盘
291,14:29:09,4.69,--,120,56280,卖盘
292,14:29:00,4.69,--,51,23919,卖盘
293,14:28:57,4.69,--,7,3283,卖盘
294,14:28:42,4.69,--,20,9380,卖盘
295,14:28:36,4.69,-0.01,74,34706,卖盘
296,14:28:33,4.7,0.01,10,4700,买盘
297,14:28:27,4.69,--,12,5628,卖盘
298,14:28:09,4.69,--,5,2345,卖盘
299,14:28:06,4.69,--,1677,786513,卖盘
300,14:27:57,4.69,--,25,11725,卖盘
301,14:27:54,4.69,--,142,66598,卖盘
302,14:27:48,4.69,--,64,30016,卖盘
303,14:27:45,4.69,--,6,2814,卖盘
304,14:27:33,4.69,--,40,18760,卖盘
305,14:27:30,4.69,-0.01,5,2345,卖盘
306,14:27:24,4.7,0.01,94,44180,买盘
307,14:27:15,4.69,--,97,45493,卖盘
308,14:27:12,4.69,-0.01,10,4690,卖盘
309,14:27:06,4.7,0.01,63,29610,买盘
310,14:27:03,4.69,-0.01,34,15946,卖盘
311,14:27:00,4.7,--,845,397150,买盘
312,14:26:54,4.7,--,90,42370,卖盘
313,14:26:51,4.7,--,52,24440,卖盘
314,14:26:45,4.7,--,100,47000,卖盘
315,14:26:39,4.7,--,49,23030,卖盘
316,14:26:33,4.7,--,310,145700,卖盘
317,14:26:30,4.7,--,115,54050,卖盘
318,14:26:27,4.7,--,30,14100,卖盘
319,14:26:24,4.7,-0.01,8,3760,卖盘
320,14:26:21,4.71,0.01,1000,471000,买盘
321,14:26:18,4.7,--,18,8460,卖盘
322,14:26:15,4.7,--,45,21150,卖盘
323,14:26:12,4.7,--,2,940,卖盘
324,14:26:09,4.7,--,26,12220,卖盘
325,14:26:06,4.7,--,20,9400,卖盘
326,14:26:03,4.7,--,80,37600,卖盘
327,14:26:00,4.7,--,395,186049,买盘
328,14:25:54,4.7,--,5,2350,买盘
329,14:25:51,4.7,--,305,143350,买盘
330,14:25:42,4.7,0.01,1062,499140,买盘
331,14:25:39,4.69,-0.01,900,422100,卖盘
332,14:25:33,4.7,0.01,180,84600,买盘
333,14:25:24,4.69,--,30,14070,卖盘
334,14:25:18,4.69,-0.01,53,24857,卖盘
335,14:25:15,4.7,--,64,30080,买盘
336,14:25:12,4.7,0.01,13,6110,买盘
337,14:25:06,4.69,-0.01,169,79261,卖盘
338,14:25:03,4.7,--,40,18800,买盘
339,14:24:57,4.7,0.01,1,470,买盘
340,14:24:51,4.69,--,10,4690,卖盘
341,14:24:48,4.69,-0.01,51,23919,卖盘
342,14:24:45,4.7,0.01,50,23500,买盘
343,14:24:39,4.69,-0.01,22,10318,卖盘
344,14:24:36,4.7,--,46,21620,买盘
345,14:24:33,4.7,--,8,3760,买盘
346,14:24:30,4.7,0.01,1,470,买盘
347,14:24:27,4.69,-0.01,600,281400,卖盘
348,14:24:24,4.7,0.01,190,89300,买盘
349,14:24:21,4.69,-0.01,159,74571,卖盘
350,14:24:12,4.7,0.01,30,14100,买盘
351,14:24:06,4.69,--,69,32361,卖盘
352,14:23:51,4.69,--,3,1407,卖盘
353,14:23:48,4.69,-0.01,10,4690,卖盘
354,14:23:39,4.7,--,2,940,买盘
355,14:23:36,4.7,0.01,18,8460,买盘
356,14:23:33,4.69,--,49,22981,卖盘
357,14:23:30,4.69,-0.01,2,938,卖盘
358,14:23:27,4.7,--,40,18800,买盘
359,14:23:24,4.7,--,10,4700,买盘
360,14:23:18,4.7,0.01,3,1410,买盘
361,14:23:15,4.69,-0.01,53,24857,卖盘
362,14:23:12,4.7,--,30,14100,买盘
363,14:23:00,4.7,--,30,14100,买盘
364,14:22:57,4.7,--,30,14100,买盘
365,14:22:54,4.7,-0.01,145,68150,卖盘
366,14:22:45,4.71,--,4,1884,买盘
367,14:22:42,4.71,--,8,3768,卖盘
368,14:22:39,4.71,-0.01,4,1884,卖盘
369,14:22:36,4.72,0.01,115,54280,买盘
370,14:22:33,4.71,-0.01,22,10362,中性盘
371,14:22:30,4.72,--,173,81656,买盘
372,14:22:27,4.72,0.01,102,48144,买盘
373,14:22:24,4.71,-0.01,37,17427,卖盘
374,14:22:21,4.72,0.01,25,11800,买盘
375,14:22:18,4.71,-0.01,1,471,卖盘
376,14:22:15,4.72,0.01,110,51920,买盘
377,14:22:12,4.71,-0.01,36,16956,买盘
378,14:22:09,4.72,0.01,1135,535720,买盘
379,14:22:06,4.71,0.01,366,172386,买盘
380,14:22:03,4.7,--,210,98700,卖盘
381,14:22:00,4.7,-0.01,49,23030,卖盘
382,14:21:57,4.71,--,15,7065,买盘
383,14:21:54,4.71,--,20,9420,买盘
384,14:21:48,4.71,0.01,216,101736,买盘
385,14:21:42,4.7,--,1691,794770,买盘
386,14:21:39,4.7,--,9,4230,买盘
387,14:21:36,4.7,0.01,762,358140,买盘
388,14:21:33,4.69,0.01,671,314699,买盘
389,14:21:24,4.68,0.01,2169,1015091,买盘
390,14:21:15,4.67,--,151,70778,买盘
391,14:21:12,4.67,--,88,41096,买盘
392,14:21:09,4.67,--,3,1401,买盘
393,14:21:06,4.67,0.01,1046,488482,买盘
394,14:20:57,4.66,--,60,27960,卖盘
395,14:20:54,4.66,--,372,173352,买盘
396,14:20:51,4.66,--,10,4660,买盘
397,14:20:48,4.66,--,58,27028,买盘
398,14:20:45,4.66,--,542,252572,买盘
399,14:20:42,4.66,--,25,11650,买盘
400,14:20:36,4.66,--,211,98326,买盘
401,14:20:27,4.66,0.01,10,4660,买盘
402,14:20:15,4.65,-0.01,77,35805,卖盘
403,14:20:03,4.66,0.01,121,56386,买盘
404,14:19:57,4.65,--,156,72540,卖盘
405,14:19:51,4.65,-0.01,79,36735,卖盘
406,14:19:42,4.66,--,19,8854,买盘
407,14:19:21,4.66,--,12,5592,买盘
408,14:19:18,4.66,--,5,2330,买盘
409,14:19:15,4.66,0.01,60,27960,买盘
410,14:18:54,4.65,-0.01,5,2325,卖盘
411,14:18:51,4.66,--,3,1398,买盘
412,14:18:45,4.66,--,41,19106,买盘
413,14:18:42,4.66,--,1,466,买盘
414,14:18:03,4.66,--,3,1398,买盘
415,14:17:57,4.66,--,415,193390,买盘
416,14:17:51,4.66,--,1,466,买盘
417,14:17:33,4.66,--,3,1398,买盘
418,14:17:30,4.66,--,20,9320,买盘
419,14:17:21,4.66,-0.01,471,219486,卖盘
420,14:17:12,4.67,0.01,106,49502,买盘
421,14:17:09,4.66,--,60,27960,卖盘
422,14:17:03,4.66,-0.01,10,4660,卖盘
423,14:16:54,4.67,0.01,52,24284,买盘
424,14:16:48,4.66,-0.01,294,137004,卖盘
425,14:16:42,4.67,--,21,9807,买盘
426,14:16:33,4.67,--,10,4670,买盘
427,14:16:24,4.67,--,1009,471203,买盘
428,14:16:21,4.67,0.01,20,9340,买盘
429,14:16:15,4.66,-0.01,10,4660,卖盘
430,14:16:03,4.67,0.01,2,934,买盘
431,14:15:51,4.66,--,165,76890,卖盘
432,14:15:48,4.66,-0.01,2,932,卖盘
433,14:15:45,4.67,--,17,7939,买盘
434,14:15:42,4.67,0.01,1,467,买盘
435,14:15:39,4.66,-0.01,100,46600,卖盘
436,14:15:36,4.67,0.01,105,49035,买盘
437,14:15:24,4.66,--,27,12582,卖盘
438,14:15:12,4.66,--,8,3728,卖盘
439,14:15:09,4.66,-0.01,66,30756,卖盘
440,14:15:06,4.67,--,10,4670,买盘
441,14:15:03,4.67,0.01,21,9807,买盘
442,14:14:51,4.66,-0.01,40,18640,卖盘
443,14:14:48,4.67,0.01,17,7939,买盘
444,14:14:45,4.66,--,10,4660,卖盘
445,14:14:42,4.66,--,1,466,卖盘
446,14:14:30,4.66,--,5,2330,卖盘
447,14:14:18,4.66,--,3517,1638922,买盘
448,14:14:06,4.66,--,219,102054,买盘
449,14:14:03,4.66,--,107,49862,买盘
450,14:13:54,4.66,--,1461,680826,买盘
451,14:13:42,4.66,--,154,71764,买盘
452,14:13:39,4.66,0.01,15,6990,买盘
453,14:13:33,4.65,-0.01,72,33480,卖盘
454,14:13:30,4.66,0.01,30,13980,买盘
455,14:13:09,4.65,-0.01,18,8370,卖盘
456,14:13:00,4.66,0.01,3,1398,买盘
457,14:12:09,4.65,--,170,79050,卖盘
458,14:11:57,4.65,--,688,320031,买盘
459,14:11:54,4.65,--,120,55800,买盘
460,14:11:48,4.65,--,101,46965,买盘
461,14:11:36,4.65,--,10,4650,买盘
462,14:11:33,4.65,--,2,930,买盘
463,14:11:24,4.65,--,22,10230,买盘
464,14:11:21,4.65,--,34,15810,买盘
465,14:11:15,4.65,0.01,9,4185,买盘
466,14:11:09,4.64,-0.01,20,9280,卖盘
467,14:10:51,4.65,0.01,9,4185,买盘
468,14:10:48,4.64,-0.01,25,11600,卖盘
469,14:10:39,4.65,--,23,10695,买盘
470,14:10:27,4.65,--,1,465,买盘
471,14:10:24,4.65,--,1,465,买盘
472,14:10:15,4.65,0.01,3,1395,买盘
473,14:10:12,4.64,-0.01,144,66816,卖盘
474,14:10:06,4.65,--,1,465,买盘
475,14:10:03,4.65,--,20,9300,买盘
476,14:09:54,4.65,0.01,69,32085,买盘
477,14:09:45,4.64,-0.01,3,1392,卖盘
478,14:09:42,4.65,--,197,91605,买盘
479,14:09:30,4.65,--,10,4650,买盘
480,14:09:27,4.65,--,40,18600,买盘
481,14:09:24,4.65,0.01,50,23250,买盘
482,14:09:21,4.64,-0.01,30,13919,卖盘
483,14:09:15,4.65,--,60,27900,买盘
484,14:09:06,4.65,--,50,23250,买盘
485,14:09:00,4.65,0.01,5,2325,买盘
486,14:08:54,4.64,--,47,21808,卖盘
487,14:08:51,4.64,-0.01,6,2784,卖盘
488,14:08:42,4.65,0.01,345,160425,买盘
489,14:08:36,4.64,-0.01,20,9280,卖盘
490,14:08:33,4.65,--,12,5580,买盘
491,14:08:27,4.65,--,28,13020,买盘
492,14:08:12,4.65,0.01,9,4185,买盘
493,14:08:09,4.64,-0.01,40,18560,卖盘
494,14:08:00,4.65,--,100,46500,买盘
495,14:07:57,4.65,--,197,91958,卖盘
496,14:07:54,4.65,--,210,97650,卖盘
497,14:07:24,4.65,-0.01,74,34410,卖盘
498,14:07:00,4.66,--,1,466,买盘
499,14:06:36,4.66,0.01,65,30290,买盘
500,14:06:21,4.65,--,150,69750,卖盘
501,14:06:18,4.65,--,1,465,卖盘
502,14:06:15,4.65,-0.01,20,9300,卖盘
503,14:06:12,4.66,--,10,4660,买盘
504,14:06:03,4.66,--,100,46600,买盘
505,14:06:00,4.66,--,25,11650,买盘
506,14:05:51,4.66,--,40,18640,买盘
507,14:05:06,4.66,0.01,100,46600,买盘
508,14:05:03,4.65,--,510,237150,卖盘
509,14:04:57,4.65,--,10,4650,卖盘
510,14:04:48,4.65,--,20,9300,卖盘
511,14:04:45,4.65,--,102,47430,卖盘
512,14:04:39,4.65,-0.01,7,3255,卖盘
513,14:04:27,4.66,--,16,7456,买盘
514,14:04:12,4.66,0.01,53,24698,买盘
515,14:04:09,4.65,--,10,4650,卖盘
516,14:04:06,4.65,-0.01,4,1860,卖盘
517,14:03:42,4.66,--,215,100190,买盘
518,14:03:30,4.66,--,42,19572,买盘
519,14:03:27,4.66,--,304,141664,买盘
520,14:03:15,4.66,--,174,81084,买盘
521,14:03:03,4.66,--,10,4660,买盘
522,14:02:48,4.66,--,170,79220,买盘
523,14:02:45,4.66,--,50,23300,买盘
524,14:02:42,4.66,--,855,398430,买盘
525,14:02:39,4.66,0.01,2,932,买盘
526,14:02:30,4.65,-0.01,60,27900,卖盘
527,14:02:24,4.66,0.01,40,18640,买盘
528,14:02:21,4.65,-0.01,20,9300,卖盘
529,14:02:15,4.66,0.01,102,47532,买盘
530,14:02:12,4.65,--,100,46500,卖盘
531,14:02:00,4.65,-0.01,31,14415,卖盘
532,14:01:57,4.66,--,1,466,买盘
533,14:01:54,4.66,--,57,26562,买盘
534,14:01:45,4.66,0.01,58,27028,买盘
535,14:01:42,4.65,-0.01,11,5115,卖盘
536,14:01:39,4.66,0.01,15,6990,买盘
537,14:01:36,4.65,-0.01,50,23250,卖盘
538,14:01:30,4.66,0.01,1,466,买盘
539,14:01:24,4.65,-0.01,29,13485,卖盘
540,14:01:18,4.66,0.01,50,23300,买盘
541,14:01:12,4.65,--,66,30690,卖盘
542,14:00:54,4.65,--,98,45681,买盘
543,14:00:51,4.65,--,209,97185,买盘
544,14:00:48,4.65,--,60,27900,买盘
545,14:00:45,4.65,--,40,18600,买盘
546,14:00:42,4.65,--,241,112065,买盘
547,14:00:36,4.65,--,1,465,买盘
548,14:00:33,4.65,--,100,46500,买盘
549,14:00:21,4.65,--,107,49755,买盘
550,14:00:15,4.65,--,97,45105,买盘
551,14:00:12,4.65,--,2,930,买盘
552,14:00:09,4.65,--,20,9300,买盘
553,14:00:06,4.65,--,6,2790,买盘
554,14:00:00,4.65,--,10,4650,买盘
555,13:59:51,4.65,--,20,9300,买盘
556,13:59:42,4.65,--,500,232500,买盘
557,13:59:36,4.65,--,22,10230,买盘
558,13:59:27,4.65,--,200,93000,买盘
559,13:59:24,4.65,--,34,15810,买盘
560,13:59:12,4.65,0.01,36,16740,买盘
561,13:59:09,4.64,--,102,47328,卖盘
562,13:58:51,4.64,--,93,43152,买盘
563,13:58:48,4.64,--,67,31087,买盘
564,13:58:45,4.64,--,4,1855,买盘
565,13:58:33,4.64,--,6,2784,买盘
566,13:58:27,4.64,--,25,11600,买盘
567,13:58:21,4.64,--,10,4640,买盘
568,13:58:12,4.64,--,30,13919,买盘
569,13:58:00,4.64,--,44,20416,买盘
570,13:57:39,4.64,--,132,61247,买盘
571,13:57:27,4.64,--,46,21344,买盘
572,13:57:18,4.64,--,10,4640,买盘
573,13:57:03,4.64,--,54,25056,买盘
574,13:57:00,4.64,--,1,463,买盘
575,13:56:36,4.64,0.01,61,28303,买盘
576,13:56:33,4.63,-0.01,62,28706,卖盘
577,13:56:12,4.64,--,15,6959,买盘
578,13:56:09,4.64,--,497,230607,买盘
579,13:55:54,4.64,--,117,54287,买盘
580,13:55:51,4.64,--,1,463,买盘
581,13:55:42,4.64,--,100,46400,买盘
582,13:55:33,4.64,--,9,4176,买盘
583,13:55:18,4.64,--,311,144304,买盘
584,13:54:33,4.64,--,50,23200,买盘
585,13:54:09,4.64,--,100,46400,买盘
586,13:54:03,4.64,--,20,9280,买盘
587,13:53:51,4.64,--,2,927,买盘
588,13:53:33,4.64,--,257,119247,买盘
589,13:53:09,4.64,--,5,2320,买盘
590,13:53:03,4.64,--,20,9280,买盘
591,13:53:00,4.64,0.01,10,4640,买盘
592,13:52:54,4.63,-0.01,3,1389,卖盘
593,13:52:51,4.64,--,328,152192,卖盘
594,13:52:48,4.64,--,50,23200,卖盘
595,13:52:36,4.64,--,881,408784,买盘
596,13:52:21,4.64,--,2,927,买盘
597,13:52:18,4.64,--,21,9744,买盘
598,13:52:00,4.64,--,10,4640,买盘
599,13:51:54,4.64,--,10,4640,买盘
600,13:51:06,4.64,--,5,2320,买盘
601,13:50:51,4.64,0.01,22,10208,买盘
602,13:50:27,4.63,-0.01,142,65746,卖盘
603,13:50:15,4.64,--,15,6959,买盘
604,13:49:42,4.64,0.01,10,4640,买盘
605,13:49:21,4.63,--,200,92600,卖盘
606,13:49:18,4.63,--,21,9723,卖盘
607,13:49:12,4.63,-0.01,40,18520,卖盘
608,13:48:51,4.64,--,2,927,买盘
609,13:48:42,4.64,--,7,3248,买盘
610,13:48:36,4.64,0.01,8,3711,买盘
611,13:48:24,4.63,--,12,5556,卖盘
612,13:48:15,4.63,--,6,2778,卖盘
613,13:48:03,4.63,-0.01,10,4630,卖盘
614,13:48:00,4.64,0.01,4,1855,买盘
615,13:47:57,4.63,--,58,26854,卖盘
616,13:47:51,4.63,--,60,27780,卖盘
617,13:47:48,4.63,-0.01,10,4630,卖盘
618,13:47:36,4.64,--,35,16239,买盘
619,13:47:27,4.64,0.01,10,4640,买盘
620,13:47:24,4.63,-0.02,5,2315,卖盘
621,13:47:09,4.65,0.01,2,930,买盘
622,13:47:03,4.64,-0.01,1597,741008,卖盘
623,13:46:48,4.65,--,5,2325,买盘
624,13:46:27,4.65,--,11,5115,买盘
625,13:46:24,4.65,--,46,21390,买盘
626,13:46:15,4.65,--,30,13950,买盘
627,13:46:09,4.65,--,54,25110,买盘
628,13:46:00,4.65,--,23,10695,买盘
629,13:45:54,4.65,--,2,930,买盘
630,13:45:51,4.65,--,40,18600,买盘
631,13:45:36,4.65,--,5,2325,买盘
632,13:45:33,4.65,--,24,11160,买盘
633,13:45:18,4.65,--,2,930,买盘
634,13:45:15,4.65,--,121,56265,买盘
635,13:45:12,4.65,--,2,930,买盘
636,13:45:03,4.65,--,15,6975,买盘
637,13:44:39,4.65,--,13,6045,买盘
638,13:44:30,4.65,0.01,22,10230,买盘
639,13:44:12,4.64,-0.01,132,61247,卖盘
640,13:44:03,4.65,0.01,2,930,买盘
641,13:44:00,4.64,--,6,2784,卖盘
642,13:43:33,4.64,--,30,13919,卖盘
643,13:43:27,4.64,-0.01,10,4640,卖盘
644,13:43:21,4.65,0.01,77,35805,买盘
645,13:42:45,4.64,--,1553,720592,买盘
646,13:42:42,4.64,--,108,50112,买盘
647,13:42:21,4.64,-0.01,253,117391,卖盘
648,13:42:12,4.65,--,10,4650,买盘
649,13:41:48,4.65,--,61,28365,买盘
650,13:41:42,4.65,--,21,9765,买盘
651,13:41:18,4.65,0.01,100,46500,买盘
652,13:41:15,4.64,-0.01,5,2320,卖盘
653,13:41:12,4.65,--,46,21390,买盘
654,13:41:00,4.65,--,10,4650,买盘
655,13:40:33,4.65,--,27,12555,买盘
656,13:40:24,4.65,--,5,2325,买盘
657,13:40:21,4.65,0.01,10,4650,买盘
658,13:40:15,4.64,-0.01,11,5104,卖盘
659,13:40:12,4.65,--,1,465,买盘
660,13:40:06,4.65,--,15,6975,买盘
661,13:40:03,4.65,--,26,12090,买盘
662,13:39:54,4.65,--,173,80445,买盘
663,13:39:51,4.65,--,2,930,买盘
664,13:39:39,4.65,--,6,2790,买盘
665,13:39:24,4.65,0.01,44,20460,买盘
666,13:39:15,4.64,--,5,2320,卖盘
667,13:39:00,4.64,-0.01,22,10208,卖盘
668,13:38:54,4.65,0.01,20,9300,买盘
669,13:38:36,4.64,-0.01,20,9280,卖盘
670,13:38:33,4.65,0.01,49,22785,买盘
671,13:38:27,4.64,--,46,21344,卖盘
672,13:38:18,4.64,-0.01,45,20880,卖盘
673,13:38:12,4.65,--,3,1395,买盘
674,13:38:09,4.65,0.01,11,5115,买盘
675,13:38:06,4.64,-0.01,145,67280,卖盘
676,13:37:57,4.65,--,50,23250,买盘
677,13:37:48,4.65,-0.01,244,113813,卖盘
678,13:37:45,4.66,0.01,30,13980,买盘
679,13:37:39,4.65,--,41,19065,卖盘
680,13:37:21,4.65,0.01,1163,540906,买盘
681,13:37:18,4.64,--,14,6496,买盘
682,13:37:15,4.64,--,14,6496,卖盘
683,13:37:09,4.64,-0.01,32,14847,卖盘
684,13:37:00,4.65,0.01,10,4650,买盘
685,13:36:57,4.64,--,289,134096,买盘
686,13:36:45,4.64,--,160,74240,卖盘
687,13:36:42,4.64,--,9,4176,卖盘
688,13:36:24,4.64,--,365,169360,买盘
689,13:36:18,4.64,--,5,2320,买盘
690,13:36:15,4.64,--,30,13919,买盘
691,13:36:12,4.64,--,23,10672,买盘
692,13:36:09,4.64,0.01,10,4640,买盘
693,13:35:39,4.63,-0.01,38,17594,卖盘
694,13:35:30,4.64,0.01,5,2320,买盘
695,13:35:03,4.63,-0.01,68,31484,卖盘
696,13:35:00,4.64,0.01,2,927,买盘
697,13:34:33,4.63,-0.01,7,3241,卖盘
698,13:34:27,4.64,--,4,1855,买盘
699,13:34:18,4.64,--,500,231999,买盘
700,13:34:15,4.64,--,40,18560,买盘
701,13:33:39,4.64,--,20,9280,买盘
702,13:33:06,4.64,--,2,927,买盘
703,13:32:54,4.64,--,41,19024,买盘
704,13:32:45,4.64,--,7,3248,买盘
705,13:32:42,4.64,--,3,1392,买盘
706,13:32:24,4.64,--,2,927,买盘
707,13:32:21,4.64,--,10,4640,买盘
708,13:32:15,4.64,--,2,927,买盘
709,13:32:12,4.64,--,24,11136,买盘
710,13:31:57,4.64,--,196,90944,买盘
711,13:31:48,4.64,0.02,10,4640,买盘
712,13:31:45,4.62,-0.02,1,462,卖盘
713,13:31:27,4.64,0.01,428,198592,买盘
714,13:30:54,4.63,--,27,12501,买盘
715,13:30:36,4.63,--,100,46300,买盘
716,13:30:21,4.63,--,8,3704,买盘
717,13:29:54,4.63,--,9,4167,买盘
718,13:29:51,4.63,--,10,4630,买盘
719,13:29:45,4.63,--,7,3241,买盘
720,13:29:36,4.63,--,10,4630,买盘
721,13:29:12,4.63,--,30,13890,买盘
722,13:29:09,4.63,0.01,3,1389,买盘
723,13:28:48,4.62,-0.01,4,1848,中性盘
724,13:28:03,4.63,0.02,10,4630,买盘
725,13:27:33,4.61,--,29,13369,卖盘
726,13:27:24,4.61,--,10,4610,卖盘
727,13:26:51,4.61,-0.01,71,32731,卖盘
728,13:26:48,4.62,-0.01,24,11088,卖盘
729,13:26:33,4.63,0.01,13,6019,买盘
730,13:26:24,4.62,--,20,9240,卖盘
731,13:26:12,4.62,--,143,66347,买盘
732,13:26:06,4.62,--,6,2772,买盘
733,13:26:03,4.62,--,42,19404,买盘
734,13:25:57,4.62,--,1,462,买盘
735,13:25:51,4.62,--,40,18480,买盘
736,13:25:45,4.62,--,5,2310,买盘
737,13:25:33,4.62,--,23,10626,买盘
738,13:25:21,4.62,--,50,23100,买盘
739,13:25:15,4.62,--,4,1848,买盘
740,13:25:12,4.62,--,10,4620,买盘
741,13:25:09,4.62,-0.01,712,329124,卖盘
742,13:25:00,4.63,0.01,3,1389,买盘
743,13:24:27,4.62,-0.01,23,10626,卖盘
744,13:24:12,4.63,--,4,1852,买盘
745,13:24:00,4.63,--,7,3241,买盘
746,13:23:57,4.63,--,1,463,买盘
747,13:23:51,4.63,0.01,10,4630,买盘
748,13:23:48,4.62,--,33,15246,卖盘
749,13:23:33,4.62,--,18,8316,卖盘
750,13:23:30,4.62,--,1,462,卖盘
751,13:23:27,4.62,-0.01,28,12936,卖盘
752,13:23:21,4.63,0.01,50,23150,买盘
753,13:23:18,4.62,-0.01,70,32340,卖盘
754,13:23:12,4.63,0.01,45,20835,买盘
755,13:23:00,4.62,--,8,3696,卖盘
756,13:22:27,4.62,--,100,46200,卖盘
757,13:22:03,4.62,-0.01,100,46200,卖盘
758,13:22:00,4.63,--,101,46763,买盘
759,13:21:57,4.63,--,27,12501,买盘
760,13:21:51,4.63,--,10,4630,买盘
761,13:21:15,4.63,0.01,14,6482,买盘
762,13:21:00,4.62,-0.01,8,3696,卖盘
763,13:20:48,4.63,0.01,30,13890,买盘
764,13:20:39,4.62,--,5,2310,卖盘
765,13:20:30,4.62,--,14,6468,卖盘
766,13:20:18,4.62,--,10,4620,卖盘
767,13:20:06,4.62,-0.01,45,20790,卖盘
768,13:20:03,4.63,--,4,1852,买盘
769,13:19:45,4.63,--,93,43059,卖盘
770,13:19:39,4.63,--,50,23150,卖盘
771,13:19:36,4.63,-0.01,200,92600,卖盘
772,13:19:27,4.64,0.01,196,90944,买盘
773,13:19:18,4.63,--,10,4630,卖盘
774,13:19:06,4.63,--,10,4630,卖盘
775,13:18:57,4.63,-0.01,2,926,卖盘
776,13:18:51,4.64,--,2,927,买盘
777,13:18:48,4.64,0.01,30,13919,买盘
778,13:18:42,4.63,--,5,2315,卖盘
779,13:18:30,4.63,-0.01,10,4630,卖盘
780,13:18:24,4.64,--,100,46400,买盘
781,13:17:57,4.64,--,15,6959,买盘
782,13:17:18,4.64,--,1,463,买盘
783,13:17:06,4.64,--,22,10208,买盘
784,13:16:51,4.64,0.01,2,927,买盘
785,13:16:36,4.63,--,6,2778,卖盘
786,13:16:21,4.63,--,24,11112,买盘
787,13:16:18,4.63,--,1,463,买盘
788,13:16:12,4.63,--,26,12038,买盘
789,13:15:54,4.63,--,4,1852,买盘
790,13:15:51,4.63,0.01,35,16205,中性盘
791,13:15:27,4.62,-0.02,14,6468,卖盘
792,13:15:18,4.64,0.01,315,146160,买盘
793,13:15:12,4.63,-0.01,324,150215,卖盘
794,13:15:06,4.64,--,8,3711,买盘
795,13:15:00,4.64,--,130,60319,买盘
796,13:14:39,4.64,0.01,30,13919,买盘
797,13:14:33,4.63,--,6,2778,卖盘
798,13:14:15,4.63,-0.01,30,13890,卖盘
799,13:14:12,4.64,--,393,182352,买盘
800,13:14:06,4.64,--,7,3248,买盘
801,13:13:45,4.64,--,5,2320,买盘
802,13:13:36,4.64,--,7,3248,买盘
803,13:13:33,4.64,--,10,4640,买盘
804,13:13:27,4.64,--,14,6496,卖盘
805,13:13:09,4.64,--,6,2784,买盘
806,13:13:06,4.64,0.01,133,61711,买盘
807,13:13:03,4.63,-0.01,6,2778,卖盘
808,13:12:51,4.64,--,5,2320,买盘
809,13:12:39,4.64,--,10,4640,买盘
810,13:12:36,4.64,--,61,28303,买盘
811,13:12:33,4.64,--,45,20880,买盘
812,13:12:21,4.64,--,15,6959,买盘
813,13:12:12,4.64,--,8,3711,买盘
814,13:12:09,4.64,--,15,6959,买盘
815,13:12:06,4.64,--,11,5104,买盘
816,13:12:03,4.64,--,86,39904,买盘
817,13:12:00,4.64,--,100,46400,买盘
818,13:11:57,4.64,--,20,9280,买盘
819,13:11:54,4.64,--,10,4640,买盘
820,13:11:51,4.64,--,148,68672,卖盘
821,13:11:48,4.64,-0.01,30,13919,卖盘
822,13:11:39,4.65,0.01,357,166005,买盘
823,13:11:24,4.64,--,50,23200,卖盘
824,13:11:21,4.64,--,469,217615,买盘
825,13:11:18,4.64,--,24,11136,买盘
826,13:11:09,4.64,--,100,46400,买盘
827,13:11:06,4.64,--,4,1855,买盘
828,13:11:03,4.64,--,10,4640,买盘
829,13:11:00,4.64,--,34,15775,买盘
830,13:10:48,4.64,--,5,2320,买盘
831,13:10:36,4.64,0.01,372,172867,买盘
832,13:10:30,4.63,0.01,60,27780,买盘
833,13:10:27,4.62,-0.01,13,6006,卖盘
834,13:10:21,4.63,0.01,122,56486,买盘
835,13:10:12,4.62,-0.01,100,46200,卖盘
836,13:10:03,4.63,0.01,1,463,买盘
837,13:10:00,4.62,--,20,9240,卖盘
838,13:09:57,4.62,-0.01,32,14784,卖盘
839,13:09:45,4.63,--,20,9260,买盘
840,13:09:21,4.63,--,15,6945,买盘
841,13:09:09,4.63,--,13,6019,买盘
842,13:08:54,4.63,--,5,2315,买盘
843,13:08:48,4.63,--,159,73617,买盘
844,13:08:27,4.63,--,161,74543,买盘
845,13:08:24,4.63,--,5,2315,买盘
846,13:08:18,4.63,--,6,2778,买盘
847,13:08:15,4.63,--,10,4630,买盘
848,13:08:00,4.63,--,4,1852,买盘
849,13:07:57,4.63,0.01,76,35188,买盘
850,13:07:54,4.62,-0.01,13,6006,卖盘
851,13:07:36,4.63,--,60,27780,买盘
852,13:07:12,4.63,0.01,5,2315,买盘
853,13:06:54,4.62,-0.01,29,13398,卖盘
854,13:06:51,4.63,0.01,100,46300,买盘
855,13:06:42,4.62,-0.01,48,22176,卖盘
856,13:06:39,4.63,0.01,1,463,买盘
857,13:06:15,4.62,--,55,25410,卖盘
858,13:06:06,4.62,--,34,15708,卖盘
859,13:06:00,4.62,--,100,46200,卖盘
860,13:05:36,4.62,0.01,902,417005,买盘
861,13:04:57,4.61,-0.01,40,18440,卖盘
862,13:04:48,4.62,0.01,50,23100,买盘
863,13:04:15,4.61,-0.01,30,13830,卖盘
864,13:03:57,4.62,--,90,41580,买盘
865,13:03:48,4.62,0.01,1,462,买盘
866,13:03:45,4.61,-0.01,300,138300,卖盘
867,13:03:39,4.62,--,1,462,买盘
868,13:03:21,4.62,--,29,13398,买盘
869,13:03:15,4.62,--,42,19404,卖盘
870,13:03:06,4.62,--,100,46200,卖盘
871,13:02:54,4.62,--,66,30492,卖盘
872,13:02:48,4.62,-0.01,12,5544,卖盘
873,13:02:45,4.63,--,25,11575,买盘
874,13:02:33,4.63,--,30,13890,买盘
875,13:02:09,4.63,0.01,20,9260,买盘
876,13:01:30,4.62,-0.01,3,1386,卖盘
877,13:01:24,4.63,--,7,3241,买盘
878,13:01:15,4.63,--,40,18520,买盘
879,13:01:12,4.63,--,10,4630,买盘
880,13:01:06,4.63,--,200,92600,买盘
881,13:00:51,4.63,--,18,8334,买盘
882,13:00:30,4.63,--,40,18520,买盘
883,13:00:27,4.63,0.01,16,7408,买盘
884,13:00:06,4.62,--,112,51744,买盘
885,13:00:03,4.62,--,361,166782,买盘
886,13:00:00,4.62,--,0,0,买盘
887,11:30:00,4.62,--,5,2310,买盘
888,11:29:54,4.62,--,15,6930,买盘
889,11:29:51,4.62,--,40,18480,买盘
890,11:29:30,4.62,--,5,2310,买盘
891,11:29:18,4.62,--,830,383460,买盘
892,11:29:03,4.62,0.01,3,1386,买盘
893,11:28:45,4.61,--,63,29112,买盘
894,11:28:36,4.61,--,36,16987,卖盘
895,11:28:33,4.61,-0.01,20,9220,卖盘
896,11:28:21,4.62,0.01,10,4620,买盘
897,11:28:06,4.61,--,4,1844,卖盘
898,11:27:45,4.61,--,31,14291,卖盘
899,11:27:42,4.61,-0.01,10,4610,卖盘
900,11:27:36,4.62,--,13,6006,买盘
901,11:27:27,4.62,--,3,1386,买盘
902,11:27:24,4.62,0.01,40,18480,买盘
903,11:27:06,4.61,--,26,12055,买盘
904,11:27:03,4.61,--,262,120782,买盘
905,11:26:57,4.61,--,102,47022,买盘
906,11:26:54,4.61,--,1,461,买盘
907,11:26:48,4.61,--,55,25355,买盘
908,11:26:36,4.61,--,20,9220,买盘
909,11:26:33,4.61,--,40,18440,买盘
910,11:26:30,4.61,--,0,391,卖盘
911,11:26:24,4.61,--,0,230,卖盘
912,11:26:15,4.61,-0.01,12,5532,卖盘
913,11:26:06,4.62,0.01,11,5382,买盘
914,11:26:03,4.61,--,18,8459,卖盘
915,11:26:00,4.61,--,10,4610,卖盘
916,11:25:57,4.61,--,81,37640,买盘
917,11:25:54,4.61,--,8,3688,买盘
918,11:25:45,4.61,--,500,230500,买盘
919,11:25:42,4.61,0.01,8,3688,买盘
920,11:25:39,4.6,-0.01,50,23000,卖盘
921,11:25:36,4.61,--,40,18440,买盘
922,11:25:33,4.61,--,50,23050,买盘
923,11:25:30,4.61,--,58,26738,买盘
924,11:24:57,4.61,0.01,10,4610,买盘
925,11:24:30,4.6,-0.01,77,35420,卖盘
926,11:24:27,4.61,0.01,10,4610,买盘
927,11:24:15,4.6,--,8,3679,卖盘
928,11:24:12,4.6,-0.01,50,23000,卖盘
929,11:23:39,4.61,--,16,7376,买盘
930,11:23:36,4.61,--,20,9220,买盘
931,11:23:21,4.61,0.01,14,6454,买盘
932,11:23:15,4.6,-0.01,47,21620,卖盘
933,11:23:09,4.61,--,100,46100,买盘
934,11:23:03,4.61,--,10,4610,买盘
935,11:23:00,4.61,--,7,3227,买盘
936,11:22:57,4.61,--,26,11986,买盘
937,11:22:51,4.61,0.01,20,9220,买盘
938,11:22:48,4.6,--,2,919,卖盘
939,11:22:45,4.6,-0.01,7,3219,卖盘
940,11:22:42,4.61,--,37,17057,买盘
941,11:22:39,4.61,--,11,5071,买盘
942,11:22:36,4.61,--,130,59930,买盘
943,11:22:33,4.61,--,125,57625,买盘
944,11:22:27,4.61,--,30,13830,买盘
945,11:22:24,4.61,--,20,9220,买盘
946,11:22:18,4.61,--,20,9220,买盘
947,11:22:15,4.61,--,10,4610,买盘
948,11:22:12,4.61,--,92,42412,买盘
949,11:22:06,4.61,--,37,17057,买盘
950,11:22:03,4.61,--,60,27660,买盘
951,11:22:00,4.61,--,110,50710,买盘
952,11:21:54,4.61,--,34,15674,买盘
953,11:21:48,4.61,--,30,13830,买盘
954,11:21:45,4.61,--,23,10603,买盘
955,11:21:27,4.61,--,85,39185,买盘
956,11:21:24,4.61,--,9,4149,买盘
957,11:21:15,4.61,0.01,10,4610,买盘
958,11:21:09,4.6,-0.01,212,97519,卖盘
959,11:20:48,4.61,--,79,36419,买盘
960,11:20:24,4.61,--,7,3227,买盘
961,11:20:21,4.61,--,30,13830,买盘
962,11:20:18,4.61,--,6,2766,买盘
963,11:20:15,4.61,--,9,4149,买盘
964,11:20:12,4.61,--,25,11525,买盘
965,11:20:03,4.61,0.01,3,1383,买盘
966,11:19:39,4.6,-0.01,37,17020,卖盘
967,11:19:36,4.61,0.01,18,8298,买盘
968,11:19:30,4.6,-0.01,71,32659,卖盘
969,11:19:21,4.61,0.01,17,7837,买盘
970,11:19:03,4.6,--,126,58314,买盘
971,11:18:57,4.6,--,99,45540,买盘
972,11:18:51,4.6,--,2,919,买盘
973,11:18:42,4.6,--,1,459,买盘
974,11:18:39,4.6,--,10,4600,买盘
975,11:18:18,4.6,--,180,82905,卖盘
976,11:18:15,4.6,--,88,40480,卖盘
977,11:18:12,4.6,--,83,38180,卖盘
978,11:17:48,4.6,0.01,122,56474,买盘
979,11:17:45,4.59,-0.01,48,22032,卖盘
980,11:17:36,4.6,--,40,18400,买盘
981,11:17:33,4.6,--,5,2300,买盘
982,11:17:21,4.6,--,100,46105,卖盘
983,11:17:06,4.6,--,100,46354,买盘
984,11:17:03,4.6,--,15,6899,买盘
985,11:17:00,4.6,--,20,9200,买盘
986,11:16:54,4.6,--,30,13799,买盘
987,11:16:51,4.6,--,44,20240,买盘
988,11:16:48,4.6,--,41,18860,买盘
989,11:16:39,4.6,--,339,155940,卖盘
990,11:16:33,4.6,-0.01,400,184000,卖盘
991,11:16:30,4.61,--,54,24894,买盘
992,11:16:21,4.61,--,10,4610,买盘
993,11:16:15,4.61,--,77,35497,买盘
994,11:16:03,4.61,0.01,57,26277,买盘
995,11:15:48,4.6,--,36,16560,卖盘
996,11:15:33,4.6,-0.01,75,34500,卖盘
997,11:15:27,4.61,--,5,2305,买盘
998,11:15:24,4.61,0.01,58,26738,买盘
999,11:14:57,4.6,-0.01,157,72220,卖盘
1000,11:14:51,4.61,--,188,86668,买盘
1001,11:14:48,4.61,--,19,8759,买盘
1002,11:14:12,4.61,--,5,2305,买盘
1003,11:14:09,4.61,--,22,10142,买盘
1004,11:14:06,4.61,--,18,8298,买盘
1005,11:13:42,4.61,--,8,3688,买盘
1006,11:13:36,4.61,0.01,7,3227,买盘
1007,11:13:24,4.6,-0.01,2,919,卖盘
1008,11:13:15,4.61,0.01,3,1383,买盘
1009,11:12:54,4.6,--,2,919,卖盘
1010,11:12:48,4.6,--,20,9200,卖盘
1011,11:12:42,4.6,-0.01,10,4600,卖盘
1012,11:12:30,4.61,--,129,59469,买盘
1013,11:12:24,4.61,0.01,52,23972,买盘
1014,11:12:21,4.6,--,1,459,卖盘
1015,11:12:18,4.6,--,40,18400,卖盘
1016,11:12:15,4.6,-0.01,31,14259,卖盘
1017,11:12:06,4.61,--,163,75143,买盘
1018,11:11:57,4.61,--,3,1383,买盘
1019,11:11:30,4.61,--,150,69150,买盘
1020,11:11:27,4.61,--,105,48405,买盘
1021,11:11:24,4.61,--,12,5532,买盘
1022,11:11:21,4.61,0.01,61,28121,买盘
1023,11:11:15,4.6,--,40,18400,卖盘
1024,11:11:06,4.6,--,17,7819,买盘
1025,11:11:03,4.6,--,247,113619,卖盘
1026,11:11:00,4.6,--,18,8280,卖盘
1027,11:10:57,4.6,--,5,2300,卖盘
1028,11:10:45,4.6,--,27,12419,买盘
1029,11:10:36,4.6,--,5,2300,买盘
1030,11:10:30,4.6,--,102,46920,买盘
1031,11:10:27,4.6,--,8,3679,买盘
1032,11:10:24,4.6,--,117,53819,买盘
1033,11:10:21,4.6,--,4,1839,买盘
1034,11:10:18,4.6,--,186,85560,买盘
1035,11:10:06,4.6,--,57,26219,买盘
1036,11:10:03,4.6,--,8,3679,买盘
1037,11:10:00,4.6,0.01,80,36800,买盘
1038,11:09:57,4.59,-0.01,20,9180,卖盘
1039,11:09:54,4.6,--,5,2300,买盘
1040,11:09:51,4.6,--,41,18860,买盘
1041,11:09:48,4.6,--,126,57959,买盘
1042,11:09:45,4.6,--,5,2300,买盘
1043,11:09:39,4.6,--,105,48299,买盘
1044,11:09:27,4.6,--,24,11040,买盘
1045,11:09:24,4.6,--,21,9660,买盘
1046,11:09:21,4.6,--,32,14719,买盘
1047,11:09:18,4.6,--,2,919,买盘
1048,11:09:15,4.6,--,10,4600,买盘
1049,11:09:09,4.6,--,40,18400,买盘
1050,11:09:06,4.6,--,10,4600,买盘
1051,11:09:03,4.6,0.01,5,2300,买盘
1052,11:08:51,4.59,--,41,18819,卖盘
1053,11:08:39,4.59,--,98,44982,买盘
1054,11:08:36,4.59,--,115,52785,买盘
1055,11:08:33,4.59,--,16,7344,买盘
1056,11:08:30,4.59,--,1,459,买盘
1057,11:08:27,4.59,-0.01,59,27081,卖盘
1058,11:08:21,4.6,--,14,6439,买盘
1059,11:08:18,4.6,--,15,6899,买盘
1060,11:08:12,4.6,--,5,2300,买盘
1061,11:08:09,4.6,--,133,61179,买盘
1062,11:08:06,4.6,--,10,4600,买盘
1063,11:07:57,4.6,--,25,11500,买盘
1064,11:07:54,4.6,0.01,81,37260,买盘
1065,11:07:48,4.59,-0.01,150,68850,卖盘
1066,11:07:33,4.6,--,85,39100,买盘
1067,11:07:24,4.6,--,29,13339,买盘
1068,11:07:15,4.6,--,3,1380,买盘
1069,11:07:12,4.6,--,6,2760,买盘
1070,11:07:00,4.6,--,3,1380,买盘
1071,11:06:57,4.6,0.01,42,19320,买盘
1072,11:06:42,4.59,-0.01,200,91800,卖盘
1073,11:06:36,4.6,0.01,21,9660,买盘
1074,11:06:33,4.59,--,23,10557,卖盘
1075,11:06:27,4.59,--,5,2295,卖盘
1076,11:06:12,4.59,--,16,7344,卖盘
1077,11:06:09,4.59,-0.01,1,459,卖盘
1078,11:06:06,4.6,--,30,13799,买盘
1079,11:06:03,4.6,--,15,6899,买盘
1080,11:05:57,4.6,0.01,10,4600,买盘
1081,11:05:51,4.59,--,149,68391,卖盘
1082,11:05:39,4.59,--,3,1377,买盘
1083,11:05:36,4.59,--,12,5508,买盘
1084,11:05:33,4.59,--,50,22950,买盘
1085,11:05:30,4.59,--,50,22950,买盘
1086,11:05:27,4.59,--,10,4590,买盘
1087,11:05:21,4.59,--,10,4590,买盘
1088,11:05:18,4.59,0.01,30,13770,买盘
1089,11:05:15,4.58,-0.01,61,27938,卖盘
1090,11:05:12,4.59,--,50,22950,买盘
1091,11:05:09,4.59,--,15,6885,买盘
1092,11:05:03,4.59,0.01,30,13770,买盘
1093,11:05:00,4.58,-0.01,108,49464,卖盘
1094,11:04:54,4.59,--,28,12852,买盘
1095,11:04:45,4.59,--,10,4590,买盘
1096,11:04:42,4.59,0.01,100,45900,买盘
1097,11:04:39,4.58,-0.01,147,67326,卖盘
1098,11:04:36,4.59,--,110,50490,买盘
1099,11:04:33,4.59,0.01,19,8721,买盘
1100,11:04:15,4.58,-0.01,10,4580,卖盘
1101,11:04:12,4.59,--,1,459,买盘
1102,11:04:06,4.59,--,34,15606,买盘
1103,11:04:03,4.59,--,15,6885,买盘
1104,11:03:54,4.59,--,3,1377,买盘
1105,11:03:48,4.59,--,3,1377,买盘
1106,11:03:45,4.59,--,10,4590,买盘
1107,11:03:36,4.59,0.01,62,28458,买盘
1108,11:03:33,4.58,-0.01,31,14198,卖盘
1109,11:03:27,4.59,0.01,3,1377,买盘
1110,11:03:21,4.58,--,63,28854,卖盘
1111,11:03:18,4.58,-0.01,30,13740,卖盘
1112,11:03:15,4.59,0.01,180,82620,买盘
1113,11:03:03,4.58,--,46,21068,买盘
1114,11:02:54,4.58,--,55,25190,买盘
1115,11:02:51,4.58,--,20,9160,买盘
1116,11:02:48,4.58,--,42,19236,买盘
1117,11:02:42,4.58,--,1,458,买盘
1118,11:02:39,4.58,--,100,45800,买盘
1119,11:02:36,4.58,--,15,6870,买盘
1120,11:02:30,4.58,--,136,62288,买盘
1121,11:02:21,4.58,--,47,21526,买盘
1122,11:02:15,4.58,--,2,916,买盘
1123,11:02:00,4.58,--,10,4580,买盘
1124,11:01:48,4.58,--,18,8244,买盘
1125,11:01:45,4.58,--,35,16030,买盘
1126,11:01:27,4.58,--,15,6870,买盘
1127,11:01:00,4.58,--,2,916,买盘
1128,11:00:51,4.58,0.01,10,4580,买盘
1129,11:00:45,4.57,--,180,82260,卖盘
1130,11:00:24,4.57,--,79,36103,卖盘
1131,11:00:12,4.57,-0.01,69,31533,卖盘
1132,10:59:57,4.58,--,3,1374,买盘
1133,10:59:48,4.58,--,10,4580,买盘
1134,10:59:45,4.58,0.01,10,4580,买盘
1135,10:59:39,4.57,-0.01,55,25135,卖盘
1136,10:59:33,4.58,0.01,20,9160,买盘
1137,10:59:18,4.57,--,360,164520,买盘
1138,10:59:12,4.57,--,22,10054,买盘
1139,10:59:09,4.57,--,484,221188,买盘
1140,10:59:03,4.57,--,7,3199,买盘
1141,10:59:00,4.57,--,281,128417,卖盘
1142,10:58:57,4.57,--,19,8683,卖盘
1143,10:58:51,4.57,-0.01,20,9140,卖盘
1144,10:58:48,4.58,--,2,916,买盘
1145,10:58:42,4.58,0.01,51,23358,买盘
1146,10:58:39,4.57,-0.01,13,5941,卖盘
1147,10:58:30,4.58,0.01,10,4580,买盘
1148,10:58:27,4.57,--,3,1371,卖盘
1149,10:58:12,4.57,0.01,9,4113,买盘
1150,10:58:09,4.56,-0.01,157,71592,卖盘
1151,10:57:57,4.57,--,27,12339,买盘
1152,10:57:51,4.57,--,28,12796,买盘
1153,10:57:48,4.57,--,50,22850,买盘
1154,10:57:27,4.57,-0.01,260,118820,卖盘
1155,10:57:24,4.58,--,17,7786,买盘
1156,10:57:18,4.58,0.01,2,916,买盘
1157,10:57:15,4.57,-0.01,6,2742,卖盘
1158,10:56:54,4.58,0.01,100,45800,买盘
1159,10:56:45,4.57,--,25,11425,卖盘
1160,10:56:30,4.57,-0.01,1,457,卖盘
1161,10:56:24,4.58,--,1,458,买盘
1162,10:56:21,4.58,--,9,4122,买盘
1163,10:56:18,4.58,0.01,5,2290,买盘
1164,10:56:06,4.57,--,98,44786,卖盘
1165,10:56:00,4.57,--,10,4570,卖盘
1166,10:55:51,4.57,--,1,457,卖盘
1167,10:55:48,4.57,--,61,27877,卖盘
1168,10:55:42,4.57,-0.01,20,9140,卖盘
1169,10:55:39,4.58,--,2,916,买盘
1170,10:55:36,4.58,0.01,50,22900,买盘
1171,10:55:24,4.57,--,15,6855,卖盘
1172,10:55:18,4.57,--,90,41130,买盘
1173,10:55:15,4.57,0.01,55,25135,买盘
1174,10:55:06,4.56,-0.01,55,25079,卖盘
1175,10:55:03,4.57,--,99,45243,买盘
1176,10:55:00,4.57,0.01,10,4570,买盘
1177,10:54:54,4.56,-0.01,5,2280,卖盘
1178,10:54:51,4.57,--,116,53012,买盘
1179,10:54:48,4.57,0.01,21,9597,买盘
1180,10:54:42,4.56,--,5,2280,卖盘
1181,10:54:36,4.56,-0.01,82,37392,卖盘
1182,10:54:24,4.57,0.01,160,73120,买盘
1183,10:54:21,4.56,--,59,26903,买盘
1184,10:54:18,4.56,-0.01,37,16872,卖盘
1185,10:54:15,4.57,--,71,32447,买盘
1186,10:54:12,4.57,0.02,15,6855,买盘
1187,10:54:09,4.55,-0.01,473,215215,卖盘
1188,10:54:03,4.56,--,800,364799,卖盘
1189,10:54:00,4.56,--,142,64751,卖盘
1190,10:53:57,4.56,-0.01,72,32832,卖盘
1191,10:53:54,4.57,0.01,10,4570,买盘
1192,10:53:51,4.56,--,1196,545376,卖盘
1193,10:53:48,4.56,--,50,22799,卖盘
1194,10:53:39,4.56,-0.01,1492,680351,卖盘
1195,10:53:36,4.57,--,240,109680,买盘
1196,10:53:30,4.57,--,32,14624,买盘
1197,10:53:27,4.57,--,120,54840,买盘
1198,10:53:21,4.57,0.01,21,9597,买盘
1199,10:53:18,4.56,--,80,36480,卖盘
1200,10:53:09,4.56,-0.01,308,140448,卖盘
1201,10:53:06,4.57,0.01,1023,467511,买盘
1202,10:53:00,4.56,--,28,12767,卖盘
1203,10:52:57,4.56,-0.01,79,36024,卖盘
1204,10:52:54,4.57,--,6,2742,买盘
1205,10:52:48,4.57,--,8,3656,买盘
1206,10:52:45,4.57,0.01,1,457,买盘
1207,10:52:42,4.56,--,10,4560,卖盘
1208,10:52:39,4.56,--,30,13679,卖盘
1209,10:52:36,4.56,--,80,36480,卖盘
1210,10:52:33,4.56,--,70,31919,卖盘
1211,10:52:27,4.56,--,120,54719,卖盘
1212,10:52:24,4.56,--,59,26903,卖盘
1213,10:52:21,4.56,--,5,2280,卖盘
1214,10:52:18,4.56,-0.01,19,8664,卖盘
1215,10:52:06,4.57,--,59,26963,卖盘
1216,10:52:03,4.57,--,322,147154,卖盘
1217,10:52:00,4.57,--,154,70378,卖盘
1218,10:51:57,4.57,--,227,103739,卖盘
1219,10:51:54,4.57,--,20,9140,卖盘
1220,10:51:51,4.57,--,305,139385,卖盘
1221,10:51:45,4.57,--,11,5027,卖盘
1222,10:51:36,4.57,--,200,91400,卖盘
1223,10:51:33,4.57,--,60,27420,卖盘
1224,10:51:27,4.57,--,30,13710,卖盘
1225,10:51:24,4.57,--,53,24221,卖盘
1226,10:51:21,4.57,--,650,297050,卖盘
1227,10:51:18,4.57,-0.01,50,22850,卖盘
1228,10:51:12,4.58,--,7,3206,买盘
1229,10:51:09,4.58,0.01,2,916,买盘
1230,10:51:06,4.57,--,13,5941,卖盘
1231,10:51:03,4.57,-0.01,400,182800,卖盘
1232,10:50:51,4.58,--,228,104424,卖盘
1233,10:50:45,4.58,--,118,54044,卖盘
1234,10:50:33,4.58,-0.01,39,17862,卖盘
1235,10:50:06,4.59,0.01,4,1836,买盘
1236,10:50:00,4.58,--,22,10076,卖盘
1237,10:49:42,4.58,--,3,1374,卖盘
1238,10:49:24,4.58,-0.01,200,91600,卖盘
1239,10:49:18,4.59,--,17,7803,买盘
1240,10:49:12,4.59,0.01,9,4131,买盘
1241,10:49:09,4.58,-0.01,3,1374,卖盘
1242,10:49:03,4.59,0.01,3,1377,买盘
1243,10:48:51,4.58,--,180,82440,卖盘
1244,10:48:42,4.58,-0.01,131,59998,卖盘
1245,10:48:36,4.59,--,95,43605,买盘
1246,10:48:33,4.59,--,2,918,买盘
1247,10:47:51,4.59,0.01,635,291465,买盘
1248,10:47:36,4.58,-0.01,260,119080,卖盘
1249,10:47:27,4.59,--,1,459,买盘
1250,10:47:21,4.59,0.01,7,3213,买盘
1251,10:47:18,4.58,-0.01,22,10076,卖盘
1252,10:47:09,4.59,--,22,10098,买盘
1253,10:47:06,4.59,--,7,3213,买盘
1254,10:47:00,4.59,--,5,2295,买盘
1255,10:46:54,4.59,--,10,4590,买盘
1256,10:46:42,4.59,0.01,17,7803,买盘
1257,10:46:30,4.58,-0.01,20,9160,卖盘
1258,10:46:18,4.59,0.01,20,9180,买盘
1259,10:46:00,4.58,--,8,3664,卖盘
1260,10:45:57,4.58,--,12,5496,卖盘
1261,10:45:48,4.58,--,9,4122,卖盘
1262,10:45:18,4.58,--,79,36182,卖盘
1263,10:45:15,4.58,--,0,4,卖盘
1264,10:45:06,4.58,-0.01,20,9160,卖盘
1265,10:45:00,4.59,0.01,2,918,买盘
1266,10:44:33,4.58,-0.01,2018,924244,卖盘
1267,10:44:27,4.59,--,315,144585,买盘
1268,10:44:24,4.59,--,9,4131,买盘
1269,10:44:15,4.59,--,100,45900,买盘
1270,10:44:03,4.59,--,40,18360,买盘
1271,10:43:54,4.59,--,10,4590,买盘
1272,10:43:36,4.59,0.01,3,1377,买盘
1273,10:43:21,4.58,-0.01,1,458,卖盘
1274,10:43:15,4.59,--,40,18360,买盘
1275,10:43:06,4.59,--,40,18360,买盘
1276,10:43:03,4.59,--,448,205632,买盘
1277,10:42:57,4.59,--,20,9180,买盘
1278,10:42:48,4.59,-0.01,20,9180,卖盘
1279,10:42:42,4.6,0.02,1,459,买盘
1280,10:42:33,4.58,-0.01,32,14656,卖盘
1281,10:42:30,4.59,--,10,4590,买盘
1282,10:42:21,4.59,-0.01,40,18360,卖盘
1283,10:42:18,4.6,0.01,30,13799,买盘
1284,10:42:15,4.59,--,6,2754,卖盘
1285,10:42:09,4.59,--,16,7344,卖盘
1286,10:42:06,4.59,--,28,12852,卖盘
1287,10:42:00,4.59,--,72,33048,卖盘
1288,10:41:57,4.59,--,293,134487,卖盘
1289,10:41:51,4.59,--,54,24786,卖盘
1290,10:41:45,4.59,--,20,9180,卖盘
1291,10:41:36,4.59,--,20,9180,卖盘
1292,10:41:27,4.59,--,30,13770,卖盘
1293,10:41:15,4.59,--,50,22950,卖盘
1294,10:41:03,4.59,-0.01,40,18360,卖盘
1295,10:40:39,4.6,0.01,8,3679,买盘
1296,10:40:36,4.59,-0.01,65,29835,卖盘
1297,10:40:30,4.6,--,59,27139,买盘
1298,10:40:18,4.6,0.01,19,8740,买盘
1299,10:40:15,4.59,--,52,23868,卖盘
1300,10:40:09,4.59,--,20,9180,卖盘
1301,10:39:45,4.59,--,20,9180,卖盘
1302,10:39:27,4.59,-0.01,100,45900,卖盘
1303,10:39:18,4.6,--,2,919,买盘
1304,10:39:00,4.6,--,24,11040,买盘
1305,10:38:48,4.6,--,1,459,买盘
1306,10:38:18,4.6,--,10,4600,买盘
1307,10:38:06,4.6,--,60,27599,卖盘
1308,10:37:57,4.6,--,140,64399,卖盘
1309,10:37:48,4.6,-0.01,2,919,卖盘
1310,10:37:45,4.61,0.01,5,2305,买盘
1311,10:37:39,4.6,--,8,3679,卖盘
1312,10:37:33,4.6,--,25,11500,卖盘
1313,10:37:30,4.6,-0.01,13,5979,卖盘
1314,10:37:27,4.61,0.01,5,2305,买盘
1315,10:37:15,4.6,--,227,104419,买盘
1316,10:36:51,4.6,--,10,4600,买盘
1317,10:36:45,4.6,--,100,46000,买盘
1318,10:36:42,4.6,--,30,13799,买盘
1319,10:36:39,4.6,--,1,459,买盘
1320,10:36:36,4.6,--,500,229999,买盘
1321,10:36:03,4.6,0.01,89,40940,买盘
1322,10:35:57,4.59,--,70,32130,卖盘
1323,10:35:18,4.59,-0.01,36,16524,卖盘
1324,10:35:12,4.6,0.01,14,6439,买盘
1325,10:35:09,4.59,--,12,5508,卖盘
1326,10:35:06,4.59,--,50,22950,卖盘
1327,10:35:00,4.59,-0.01,1,459,卖盘
1328,10:34:54,4.6,0.01,10,4600,买盘
1329,10:34:51,4.59,-0.01,187,85833,卖盘
1330,10:34:42,4.6,0.01,1,459,买盘
1331,10:34:33,4.59,-0.01,100,45900,卖盘
1332,10:34:24,4.6,--,5,2300,买盘
1333,10:34:09,4.6,0.01,22,10120,买盘
1334,10:34:03,4.59,--,24,11016,卖盘
1335,10:33:45,4.59,--,3,1377,买盘
1336,10:33:39,4.59,--,30,13770,买盘
1337,10:33:36,4.59,--,5,2295,买盘
1338,10:33:27,4.59,--,1,459,买盘
1339,10:33:24,4.59,--,10,4590,买盘
1340,10:33:18,4.59,--,5,2295,买盘
1341,10:33:09,4.59,--,30,13770,买盘
1342,10:33:03,4.59,--,200,91800,买盘
1343,10:32:54,4.59,--,10,4590,买盘
1344,10:32:48,4.59,--,1,459,买盘
1345,10:32:45,4.59,--,1,459,买盘
1346,10:32:30,4.59,0.01,21,9639,买盘
1347,10:32:09,4.58,-0.01,52,23816,卖盘
1348,10:31:33,4.59,0.01,2,918,买盘
1349,10:31:24,4.58,-0.01,3,1374,卖盘
1350,10:31:18,4.59,--,5,2295,买盘
1351,10:31:12,4.59,--,11,5049,买盘
1352,10:31:06,4.59,--,30,13770,买盘
1353,10:31:03,4.59,--,60,27540,买盘
1354,10:30:48,4.59,--,4,1836,买盘
1355,10:30:45,4.59,--,1,459,买盘
1356,10:30:36,4.59,0.01,10,4590,买盘
1357,10:30:30,4.58,-0.01,51,23358,卖盘
1358,10:30:21,4.59,--,34,15606,买盘
1359,10:30:15,4.59,--,15,6885,买盘
1360,10:30:09,4.59,-0.01,685,314415,卖盘
1361,10:30:06,4.6,--,2,919,买盘
1362,10:30:03,4.6,0.01,1,459,买盘
1363,10:29:51,4.59,--,26,11934,卖盘
1364,10:29:48,4.59,--,10,4590,卖盘
1365,10:29:45,4.59,-0.01,40,18360,卖盘
1366,10:29:36,4.6,--,10,4600,买盘
1367,10:29:30,4.6,0.01,23,10580,买盘
1368,10:29:09,4.59,--,10,4590,卖盘
1369,10:29:06,4.59,--,2,918,卖盘
1370,10:29:00,4.59,-0.01,3,1377,卖盘
1371,10:28:45,4.6,--,22,10120,买盘
1372,10:28:12,4.6,--,30,13799,买盘
1373,10:27:57,4.6,0.01,9,4140,买盘
1374,10:27:36,4.59,--,200,91800,卖盘
1375,10:27:27,4.59,-0.01,20,9180,卖盘
1376,10:27:24,4.6,--,56,25759,买盘
1377,10:27:06,4.6,--,10,4600,买盘
1378,10:26:54,4.6,--,13,5979,买盘
1379,10:26:48,4.6,--,1,459,买盘
1380,10:26:45,4.6,0.01,111,51059,买盘
1381,10:26:27,4.59,-0.01,13,5967,卖盘
1382,10:26:15,4.6,0.01,45,20700,买盘
1383,10:25:54,4.59,--,177,81243,买盘
1384,10:25:45,4.59,--,50,22950,买盘
1385,10:25:42,4.59,0.01,16,7344,买盘
1386,10:25:33,4.58,-0.01,1,458,卖盘
1387,10:25:30,4.59,--,100,45900,买盘
1388,10:25:12,4.59,--,20,9180,买盘
1389,10:25:00,4.59,0.01,50,22950,买盘
1390,10:24:54,4.58,--,5,2290,卖盘
1391,10:24:51,4.58,-0.01,24,10992,卖盘
1392,10:24:45,4.59,--,90,41310,买盘
1393,10:24:36,4.59,--,100,45900,买盘
1394,10:24:30,4.59,0.01,2,918,买盘
1395,10:24:09,4.58,-0.01,30,13740,卖盘
1396,10:24:06,4.59,--,25,11475,买盘
1397,10:24:03,4.59,--,126,57834,买盘
1398,10:23:57,4.59,--,25,11475,买盘
1399,10:23:54,4.59,--,30,13770,买盘
1400,10:23:45,4.59,--,52,23868,卖盘
1401,10:23:42,4.59,--,107,49113,卖盘
1402,10:23:33,4.59,-0.01,210,96390,卖盘
1403,10:23:24,4.6,0.01,37,17020,买盘
1404,10:23:21,4.59,-0.01,15,6885,卖盘
1405,10:23:09,4.6,--,6,2760,买盘
1406,10:23:06,4.6,--,10,4600,买盘
1407,10:22:48,4.6,--,7,3219,买盘
1408,10:22:42,4.6,--,40,18400,买盘
1409,10:22:33,4.6,0.01,3,1380,买盘
1410,10:22:24,4.59,--,62,28458,卖盘
1411,10:22:15,4.59,--,52,23868,买盘
1412,10:22:09,4.59,--,50,22950,买盘
1413,10:21:54,4.59,--,57,26163,卖盘
1414,10:21:45,4.59,--,10,4590,卖盘
1415,10:21:39,4.59,--,3,1377,卖盘
1416,10:21:36,4.59,--,5,2295,买盘
1417,10:21:33,4.59,--,50,22950,买盘
1418,10:21:24,4.59,--,28,12852,买盘
1419,10:21:21,4.59,--,2,918,买盘
1420,10:21:15,4.59,0.01,30,13770,买盘
1421,10:21:06,4.58,-0.01,11,5038,卖盘
1422,10:21:03,4.59,--,10,4590,买盘
1423,10:20:57,4.59,--,2,918,买盘
1424,10:20:48,4.59,--,11,5049,买盘
1425,10:20:45,4.59,--,5,2295,买盘
1426,10:20:42,4.59,0.01,201,92259,买盘
1427,10:20:39,4.58,-0.01,2,916,卖盘
1428,10:20:36,4.59,--,1,459,买盘
1429,10:20:33,4.59,--,38,17442,买盘
1430,10:20:24,4.59,--,1,459,买盘
1431,10:20:00,4.59,0.01,1,459,买盘
1432,10:19:54,4.58,--,200,91600,卖盘
1433,10:19:51,4.58,--,524,240445,买盘
1434,10:19:42,4.58,0.01,25,11450,买盘
1435,10:19:39,4.57,-0.01,46,21022,卖盘
1436,10:19:33,4.58,0.01,40,18320,买盘
1437,10:19:30,4.57,--,70,31990,卖盘
1438,10:19:24,4.57,-0.01,1,457,卖盘
1439,10:19:21,4.58,--,526,240908,买盘
1440,10:19:12,4.58,0.01,154,70532,买盘
1441,10:19:06,4.57,-0.01,138,63066,卖盘
1442,10:19:03,4.58,--,1,458,买盘
1443,10:19:00,4.58,--,5,2290,买盘
1444,10:18:54,4.58,--,20,9160,买盘
1445,10:18:51,4.58,--,481,220298,卖盘
1446,10:18:48,4.58,-0.01,10,4580,卖盘
1447,10:18:45,4.59,0.01,40,18360,买盘
1448,10:18:42,4.58,-0.01,768,351744,卖盘
1449,10:18:36,4.59,--,10,4590,买盘
1450,10:18:30,4.59,--,5,2295,买盘
1451,10:18:18,4.59,0.01,2,918,买盘
1452,10:18:15,4.58,-0.01,93,42594,卖盘
1453,10:18:09,4.59,--,5,2295,买盘
1454,10:18:03,4.59,--,1,459,买盘
1455,10:18:00,4.59,--,426,195534,卖盘
1456,10:17:57,4.59,-0.01,89,40851,卖盘
1457,10:17:54,4.6,--,5,2300,买盘
1458,10:17:36,4.6,--,25,11500,买盘
1459,10:17:30,4.6,--,10,4600,买盘
1460,10:17:18,4.6,--,22,10120,买盘
1461,10:17:15,4.6,--,11,5064,卖盘
1462,10:17:09,4.6,-0.01,90,41400,卖盘
1463,10:17:06,4.61,0.01,19,8759,买盘
1464,10:17:03,4.6,--,6,3215,买盘
1465,10:17:00,4.6,-0.01,94,43240,卖盘
1466,10:16:57,4.61,0.01,60,27660,买盘
1467,10:16:54,4.6,--,113,51979,买盘
1468,10:16:48,4.6,--,30,13799,卖盘
1469,10:16:45,4.6,--,2,919,卖盘
1470,10:16:33,4.6,--,98,45080,买盘
1471,10:16:30,4.6,--,17,7819,买盘
1472,10:16:27,4.6,--,5,2300,买盘
1473,10:16:21,4.6,--,240,110399,卖盘
1474,10:16:03,4.6,--,142,65319,卖盘
1475,10:16:00,4.6,--,182,83720,买盘
1476,10:15:42,4.6,0.01,2,919,买盘
1477,10:15:36,4.59,-0.01,225,103275,卖盘
1478,10:15:30,4.6,--,20,9200,卖盘
1479,10:15:21,4.6,0.01,175,80500,买盘
1480,10:15:18,4.59,-0.01,1,459,卖盘
1481,10:15:09,4.6,--,10,4600,买盘
1482,10:15:06,4.6,--,6,2760,买盘
1483,10:14:57,4.6,--,50,23000,买盘
1484,10:14:54,4.6,--,9,4140,买盘
1485,10:14:48,4.6,--,134,61639,买盘
1486,10:14:45,4.6,--,5,2300,买盘
1487,10:14:36,4.6,--,3,1380,买盘
1488,10:14:33,4.6,--,418,192279,卖盘
1489,10:14:27,4.6,--,8,3679,卖盘
1490,10:14:21,4.6,--,100,46000,卖盘
1491,10:14:12,4.6,--,57,26219,卖盘
1492,10:14:06,4.6,--,763,350980,买盘
1493,10:14:03,4.6,--,20,9200,买盘
1494,10:13:48,4.6,--,46,21160,买盘
1495,10:13:45,4.6,0.01,5,2300,买盘
1496,10:13:42,4.59,--,53,24327,卖盘
1497,10:13:39,4.59,-0.01,39,17901,卖盘
1498,10:13:33,4.6,0.01,30,13799,买盘
1499,10:13:30,4.59,--,40,18360,卖盘
1500,10:13:27,4.59,-0.01,4,1836,卖盘
1501,10:13:24,4.6,--,20,9200,买盘
1502,10:13:18,4.6,--,11,5060,买盘
1503,10:13:03,4.6,0.01,30,13799,买盘
1504,10:12:54,4.59,-0.01,4,1836,卖盘
1505,10:12:51,4.6,--,1,459,买盘
1506,10:12:48,4.6,--,44,20240,买盘
1507,10:12:45,4.6,--,40,18400,买盘
1508,10:12:39,4.6,--,71,32659,买盘
1509,10:12:33,4.6,0.01,1,459,买盘
1510,10:12:30,4.59,-0.01,30,13770,卖盘
1511,10:12:27,4.6,--,10,4600,买盘
1512,10:12:21,4.6,--,4,1839,买盘
1513,10:12:18,4.6,--,205,94299,买盘
1514,10:12:15,4.6,--,5,2300,买盘
1515,10:12:09,4.6,--,72,33120,买盘
1516,10:12:06,4.6,0.01,21,9660,买盘
1517,10:12:03,4.59,-0.01,7,3213,卖盘
1518,10:11:54,4.6,--,30,13799,买盘
1519,10:11:51,4.6,--,19,8740,买盘
1520,10:11:33,4.6,--,27,12419,买盘
1521,10:11:27,4.6,--,39,17940,卖盘
1522,10:11:24,4.6,--,13,5979,卖盘
1523,10:11:15,4.6,--,81,37260,买盘
1524,10:11:06,4.6,0.01,10,4600,买盘
1525,10:11:03,4.59,--,22,10098,卖盘
1526,10:11:00,4.59,--,208,95472,卖盘
1527,10:10:54,4.59,--,58,26622,卖盘
1528,10:10:45,4.59,--,63,28917,卖盘
1529,10:10:42,4.59,--,5,2295,卖盘
1530,10:10:36,4.59,-0.01,173,79407,卖盘
1531,10:10:33,4.6,0.01,10,4600,买盘
1532,10:10:30,4.59,--,10,4590,卖盘
1533,10:10:18,4.59,--,4,1836,卖盘
1534,10:10:15,4.59,--,81,37179,卖盘
1535,10:10:06,4.59,0.01,69,31671,买盘
1536,10:09:57,4.58,--,50,22900,卖盘
1537,10:09:42,4.58,-0.01,262,119996,卖盘
1538,10:09:39,4.59,0.01,20,9180,中性盘
1539,10:09:30,4.58,-0.01,92,42136,卖盘
1540,10:09:21,4.59,0.01,59,27081,买盘
1541,10:09:18,4.58,-0.01,58,26564,卖盘
1542,10:09:15,4.59,0.01,88,40392,买盘
1543,10:09:12,4.58,-0.01,32,14656,卖盘
1544,10:09:09,4.59,0.01,50,22950,买盘
1545,10:09:06,4.58,-0.01,1,458,卖盘
1546,10:09:00,4.59,0.01,20,9180,买盘
1547,10:08:54,4.58,-0.01,9,4122,卖盘
1548,10:08:51,4.59,--,123,56457,买盘
1549,10:08:45,4.59,--,63,28917,买盘
1550,10:08:39,4.59,0.01,4,1836,买盘
1551,10:08:36,4.58,--,68,31144,买盘
1552,10:08:33,4.58,--,70,32060,买盘
1553,10:08:30,4.58,--,1072,490976,卖盘
1554,10:08:27,4.58,--,243,111294,卖盘
1555,10:08:24,4.58,--,15,6870,卖盘
1556,10:08:21,4.58,--,92,42136,买盘
1557,10:08:15,4.58,-0.01,488,223504,卖盘
1558,10:08:12,4.59,0.01,5,2295,买盘
1559,10:08:09,4.58,--,327,149766,卖盘
1560,10:08:06,4.58,--,6,2748,卖盘
1561,10:08:00,4.58,--,53,24274,卖盘
1562,10:07:57,4.58,--,4,1832,卖盘
1563,10:07:54,4.58,--,141,64578,卖盘
1564,10:07:51,4.58,--,35,16030,卖盘
1565,10:07:48,4.58,-0.01,120,54960,卖盘
1566,10:07:45,4.59,0.01,4,1836,买盘
1567,10:07:42,4.58,--,211,96638,卖盘
1568,10:07:36,4.58,--,75,34350,卖盘
1569,10:07:33,4.58,-0.01,222,101676,卖盘
1570,10:07:30,4.59,--,15,6885,买盘
1571,10:07:27,4.59,0.01,1214,557226,买盘
1572,10:07:24,4.58,--,62,28396,卖盘
1573,10:07:21,4.58,--,36,16488,卖盘
1574,10:07:15,4.58,--,36,16488,卖盘
1575,10:07:12,4.58,-0.01,54,24732,卖盘
1576,10:06:57,4.59,0.01,31,14229,买盘
1577,10:06:54,4.58,-0.01,191,87478,卖盘
1578,10:06:48,4.59,--,3,1377,卖盘
1579,10:06:42,4.59,0.01,20,9180,买盘
1580,10:06:39,4.58,-0.02,377,172666,卖盘
1581,10:06:18,4.6,--,101,46460,卖盘
1582,10:06:15,4.6,0.01,399,183540,买盘
1583,10:06:09,4.59,-0.01,1969,903771,卖盘
1584,10:06:06,4.6,--,100,46000,卖盘
1585,10:06:00,4.6,--,457,210219,卖盘
1586,10:05:57,4.6,--,100,46000,卖盘
1587,10:05:51,4.6,--,102,46920,卖盘
1588,10:05:48,4.6,-0.01,109,50139,卖盘
1589,10:05:39,4.61,0.01,22,10142,买盘
1590,10:05:36,4.6,--,65,29899,卖盘
1591,10:05:33,4.6,-0.01,6,2760,卖盘
1592,10:05:24,4.61,--,2,922,买盘
1593,10:05:21,4.61,0.01,10,4610,买盘
1594,10:05:18,4.6,-0.01,29,13339,卖盘
1595,10:05:12,4.61,--,113,52093,买盘
1596,10:05:03,4.61,--,10,4610,买盘
1597,10:04:57,4.61,--,40,18440,买盘
1598,10:04:54,4.61,--,55,25355,买盘
1599,10:04:51,4.61,--,3,1383,买盘
1600,10:04:48,4.61,-0.01,36,16600,卖盘
1601,10:04:45,4.62,0.01,642,297061,买盘
1602,10:04:42,4.61,--,45,20745,买盘
1603,10:04:39,4.61,--,10,4610,买盘
1604,10:04:36,4.61,--,402,185322,买盘
1605,10:04:30,4.61,--,56,25816,买盘
1606,10:04:27,4.61,--,12,5532,买盘
1607,10:04:24,4.61,--,12,5532,买盘
1608,10:04:21,4.61,--,30,13830,买盘
1609,10:04:18,4.61,--,50,23050,买盘
1610,10:04:15,4.61,--,39,17983,卖盘
1611,10:04:09,4.61,--,20,9220,卖盘
1612,10:04:06,4.61,--,4,2300,买盘
1613,10:04:03,4.61,--,45,20749,卖盘
1614,10:03:57,4.61,0.01,190,88046,买盘
1615,10:03:54,4.6,--,30,13799,卖盘
1616,10:03:48,4.6,-0.01,35,16099,卖盘
1617,10:03:45,4.61,0.01,90,41490,买盘
1618,10:03:39,4.6,-0.01,54,24839,卖盘
1619,10:03:36,4.61,0.01,1005,463305,买盘
1620,10:03:33,4.6,--,50,23000,卖盘
1621,10:03:30,4.6,--,453,208379,卖盘
1622,10:03:27,4.6,-0.01,70,32199,卖盘
1623,10:03:24,4.61,0.01,30,13830,买盘
1624,10:03:21,4.6,--,2,919,卖盘
1625,10:03:18,4.6,-0.01,134,61639,卖盘
1626,10:03:15,4.61,0.01,22,10142,买盘
1627,10:03:09,4.6,--,2,919,卖盘
1628,10:03:06,4.6,--,14,6439,卖盘
1629,10:03:03,4.6,--,9,4140,卖盘
1630,10:03:00,4.6,-0.01,39,17940,卖盘
1631,10:02:57,4.61,--,30,13830,买盘
1632,10:02:48,4.61,0.01,104,47944,买盘
1633,10:02:45,4.6,--,42,19320,买盘
1634,10:02:42,4.6,--,26,11959,买盘
1635,10:02:39,4.6,0.01,400,184000,买盘
1636,10:02:36,4.59,--,182,83538,卖盘
1637,10:02:33,4.59,-0.01,179,82161,卖盘
1638,10:02:30,4.6,0.01,37,17020,中性盘
1639,10:02:27,4.59,-0.01,130,59670,卖盘
1640,10:02:24,4.6,--,50,23000,卖盘
1641,10:02:21,4.6,-0.01,12,5520,卖盘
1642,10:02:18,4.61,0.01,293,135073,买盘
1643,10:02:15,4.6,0.01,20,9200,买盘
1644,10:02:12,4.59,-0.01,53,24327,卖盘
1645,10:02:09,4.6,0.01,35,16099,买盘
1646,10:02:06,4.59,--,72,33048,卖盘
1647,10:02:03,4.59,-0.01,274,125766,卖盘
1648,10:02:00,4.6,--,14,6439,买盘
1649,10:01:57,4.6,--,10,4600,买盘
1650,10:01:54,4.6,--,2,919,买盘
1651,10:01:51,4.6,--,341,156864,卖盘
1652,10:01:48,4.6,--,12,5520,卖盘
1653,10:01:45,4.6,--,575,264500,卖盘
1654,10:01:42,4.6,--,769,353740,卖盘
1655,10:01:39,4.6,--,211,97515,卖盘
1656,10:01:36,4.6,--,99,45540,卖盘
1657,10:01:30,4.6,--,91,41860,卖盘
1658,10:01:27,4.6,--,21,9660,卖盘
1659,10:01:21,4.6,-0.01,50,23000,卖盘
1660,10:01:18,4.61,--,1031,475291,卖盘
1661,10:01:15,4.61,-0.01,5,2305,卖盘
1662,10:01:03,4.62,--,647,298914,卖盘
1663,10:01:00,4.62,--,101,46662,卖盘
1664,10:00:54,4.62,--,99,45738,卖盘
1665,10:00:51,4.62,--,117,54054,卖盘
1666,10:00:48,4.62,-0.01,80,36960,卖盘
1667,10:00:42,4.63,0.01,123,56949,买盘
1668,10:00:36,4.62,--,1,462,卖盘
1669,10:00:30,4.62,-0.01,14,6468,卖盘
1670,10:00:27,4.63,--,49,22687,买盘
1671,10:00:24,4.63,--,5,2315,买盘
1672,10:00:18,4.63,--,14,6482,卖盘
1673,10:00:15,4.63,--,158,73154,卖盘
1674,10:00:12,4.63,-0.01,66,30558,卖盘
1675,10:00:09,4.64,0.01,190,88160,买盘
1676,10:00:00,4.63,--,5,2315,卖盘
1677,09:59:54,4.63,--,22,10186,卖盘
1678,09:59:51,4.63,-0.01,361,167143,卖盘
1679,09:59:39,4.64,--,53,24592,买盘
1680,09:59:33,4.64,--,78,36192,卖盘
1681,09:59:30,4.64,--,1069,496015,卖盘
1682,09:59:15,4.64,0.01,533,247311,买盘
1683,09:59:09,4.63,-0.01,10,4630,卖盘
1684,09:59:03,4.64,0.01,24,11136,买盘
1685,09:59:00,4.63,-0.01,350,162050,卖盘
1686,09:58:57,4.64,--,27,12528,买盘
1687,09:58:54,4.64,0.01,258,119711,买盘
1688,09:58:51,4.63,--,40,18520,卖盘
1689,09:58:45,4.63,-0.01,37,17131,卖盘
1690,09:58:42,4.64,0.01,169,78416,买盘
1691,09:58:39,4.63,--,18,8334,卖盘
1692,09:58:30,4.63,-0.01,81,37503,卖盘
1693,09:58:27,4.64,--,254,117855,买盘
1694,09:58:24,4.64,--,100,46400,买盘
1695,09:58:21,4.64,0.01,3,1392,买盘
1696,09:58:18,4.63,--,17,7871,卖盘
1697,09:58:12,4.63,-0.01,2,926,卖盘
1698,09:58:09,4.64,0.01,10,4640,买盘
1699,09:57:57,4.63,--,166,76858,卖盘
1700,09:57:54,4.63,-0.01,81,37503,卖盘
1701,09:57:51,4.64,0.01,16,7423,买盘
1702,09:57:39,4.63,-0.01,20,9260,卖盘
1703,09:57:24,4.64,0.01,35,16239,买盘
1704,09:57:21,4.63,-0.01,20,9260,卖盘
1705,09:57:18,4.64,--,79,36656,买盘
1706,09:57:15,4.64,--,27,12528,买盘
1707,09:57:06,4.64,--,10,4640,买盘
1708,09:56:51,4.64,--,4,1855,买盘
1709,09:56:42,4.64,0.01,168,77952,买盘
1710,09:56:39,4.63,--,20,9260,卖盘
1711,09:56:36,4.63,--,39,18057,卖盘
1712,09:56:33,4.63,--,13,6019,卖盘
1713,09:56:27,4.63,-0.01,20,9260,卖盘
1714,09:56:24,4.64,--,1,463,买盘
1715,09:56:21,4.64,0.01,18,8352,买盘
1716,09:56:15,4.63,--,6,2778,卖盘
1717,09:56:12,4.63,-0.01,67,31021,卖盘
1718,09:56:09,4.64,--,10,4640,买盘
1719,09:56:06,4.64,0.01,149,69136,买盘
1720,09:55:57,4.63,-0.01,11,5093,卖盘
1721,09:55:54,4.64,--,50,23200,买盘
1722,09:55:51,4.64,0.01,120,55679,买盘
1723,09:55:48,4.63,-0.01,1,463,卖盘
1724,09:55:45,4.64,0.01,70,32479,买盘
1725,09:55:33,4.63,0.01,658,304654,买盘
1726,09:55:30,4.62,-0.01,241,111342,卖盘
1727,09:55:27,4.63,--,59,27317,卖盘
1728,09:55:24,4.63,-0.01,38,17594,卖盘
1729,09:55:21,4.64,0.02,18,8352,买盘
1730,09:55:09,4.62,--,106,48972,卖盘
1731,09:55:03,4.62,-0.02,70,32340,卖盘
1732,09:55:00,4.64,0.01,170,78880,买盘
1733,09:54:57,4.63,0.01,53,24539,中性盘
1734,09:54:42,4.62,-0.03,2016,931392,卖盘
1735,09:54:33,4.65,0.01,1,465,买盘
1736,09:54:24,4.64,--,35,16239,卖盘
1737,09:54:18,4.64,0.01,1274,591136,买盘
1738,09:54:15,4.63,-0.01,29,13427,卖盘
1739,09:54:06,4.64,--,67,31087,买盘
1740,09:54:00,4.64,--,37,17168,买盘
1741,09:53:57,4.64,--,22,10208,买盘
1742,09:53:54,4.64,--,5,2320,买盘
1743,09:53:39,4.64,0.01,20,9280,买盘
1744,09:53:36,4.63,--,34,15742,卖盘
1745,09:53:30,4.63,--,150,69450,卖盘
1746,09:53:27,4.63,--,50,23150,卖盘
1747,09:53:24,4.63,-0.01,45,20835,卖盘
1748,09:53:18,4.64,0.01,200,92800,买盘
1749,09:53:15,4.63,--,70,32410,卖盘
1750,09:53:09,4.63,-0.01,40,18520,卖盘
1751,09:53:06,4.64,0.01,7,3248,买盘
1752,09:53:03,4.63,-0.01,3,1389,卖盘
1753,09:53:00,4.64,0.01,3,1392,买盘
1754,09:52:57,4.63,-0.01,2,926,卖盘
1755,09:52:54,4.64,0.01,43,19952,买盘
1756,09:52:45,4.63,-0.01,12,5556,卖盘
1757,09:52:39,4.64,--,30,13919,买盘
1758,09:52:27,4.64,--,473,219471,卖盘
1759,09:52:24,4.64,--,8,3711,卖盘
1760,09:52:18,4.64,--,62,28767,卖盘
1761,09:52:12,4.64,--,5,2320,卖盘
1762,09:52:09,4.64,-0.01,10,4640,卖盘
1763,09:52:03,4.65,--,5,2325,买盘
1764,09:52:00,4.65,--,1,465,买盘
1765,09:51:51,4.65,0.01,10,4650,买盘
1766,09:51:48,4.64,0.01,100,46400,卖盘
1767,09:51:45,4.63,-0.01,1247,577361,卖盘
1768,09:51:36,4.64,--,157,72848,卖盘
1769,09:51:30,4.64,--,501,232463,卖盘
1770,09:51:27,4.64,--,100,46400,卖盘
1771,09:51:24,4.64,-0.01,1598,741472,卖盘
1772,09:51:21,4.65,--,10,4650,买盘
1773,09:51:15,4.65,0.01,10,4650,买盘
1774,09:51:06,4.64,-0.01,16,7423,卖盘
1775,09:50:54,4.65,-0.01,58,26970,卖盘
1776,09:50:45,4.66,0.01,3,1398,买盘
1777,09:50:36,4.65,--,40,18600,卖盘
1778,09:50:30,4.65,--,44,20460,卖盘
1779,09:50:21,4.65,--,163,75795,卖盘
1780,09:50:09,4.65,--,191,88815,买盘
1781,09:50:06,4.65,--,1,465,买盘
1782,09:50:03,4.65,--,10,4650,买盘
1783,09:49:57,4.65,--,246,114390,卖盘
1784,09:49:54,4.65,--,82,38130,卖盘
1785,09:49:45,4.65,--,122,56730,卖盘
1786,09:49:39,4.65,--,200,93000,卖盘
1787,09:49:36,4.65,--,267,124155,卖盘
1788,09:49:33,4.65,--,30,13950,卖盘
1789,09:49:27,4.65,--,6,2790,卖盘
1790,09:49:24,4.65,--,100,46500,卖盘
1791,09:49:21,4.65,--,6,2790,卖盘
1792,09:49:18,4.65,--,15,6975,卖盘
1793,09:49:03,4.65,--,79,36735,卖盘
1794,09:49:00,4.65,--,10,4650,卖盘
1795,09:48:57,4.65,--,3,1395,卖盘
1796,09:48:54,4.65,--,5,2325,卖盘
1797,09:48:51,4.65,--,19,8835,卖盘
1798,09:48:42,4.65,-0.01,38,17670,卖盘
1799,09:48:30,4.66,--,7,3262,买盘
1800,09:48:27,4.66,--,100,46600,买盘
1801,09:48:18,4.66,--,33,15378,卖盘
1802,09:48:15,4.66,--,1199,558734,卖盘
1803,09:48:12,4.66,-0.01,30,13980,卖盘
1804,09:48:06,4.67,0.01,25,11675,买盘
1805,09:48:03,4.66,--,500,233000,卖盘
1806,09:48:00,4.66,--,10,4660,卖盘
1807,09:47:57,4.66,--,585,272610,卖盘
1808,09:47:54,4.66,-0.01,9,4194,卖盘
1809,09:47:48,4.67,0.01,1,467,买盘
1810,09:47:42,4.66,-0.01,78,36348,卖盘
1811,09:47:33,4.67,0.01,1,467,买盘
1812,09:47:30,4.66,-0.01,30,13980,卖盘
1813,09:47:24,4.67,0.01,32,14944,买盘
1814,09:47:15,4.66,-0.01,1,466,卖盘
1815,09:46:51,4.67,--,10,4670,买盘
1816,09:46:45,4.67,--,145,67715,买盘
1817,09:46:12,4.67,--,20,9340,买盘
1818,09:46:09,4.67,--,36,16812,买盘
1819,09:46:03,4.67,0.01,8,3736,买盘
1820,09:45:57,4.66,--,20,9320,卖盘
1821,09:45:48,4.66,-0.01,2,932,卖盘
1822,09:45:45,4.67,--,60,28020,买盘
1823,09:45:36,4.67,--,9,4203,买盘
1824,09:45:33,4.67,--,20,9340,买盘
1825,09:45:30,4.67,0.01,3,1401,买盘
1826,09:45:24,4.66,-0.01,2,932,卖盘
1827,09:45:21,4.67,--,5,2335,买盘
1828,09:45:18,4.67,--,10,4670,买盘
1829,09:45:12,4.67,--,151,70517,买盘
1830,09:45:09,4.67,--,34,15878,买盘
1831,09:45:06,4.67,--,40,18680,买盘
1832,09:45:03,4.67,--,61,28487,买盘
1833,09:45:00,4.67,--,24,11208,买盘
1834,09:44:54,4.67,--,100,46700,买盘
1835,09:44:39,4.67,0.01,500,233500,买盘
1836,09:44:12,4.66,-0.01,17,7922,卖盘
1837,09:44:09,4.67,--,200,93400,买盘
1838,09:43:54,4.67,--,114,53238,买盘
1839,09:43:48,4.67,0.01,9,4203,买盘
1840,09:43:42,4.66,-0.01,25,11650,卖盘
1841,09:43:36,4.67,0.01,46,21482,买盘
1842,09:43:27,4.66,-0.01,8,3728,卖盘
1843,09:43:24,4.67,0.01,37,17279,买盘
1844,09:43:15,4.66,-0.01,512,238592,卖盘
1845,09:43:09,4.67,--,9,4203,买盘
1846,09:42:57,4.67,--,1000,467000,买盘
1847,09:42:39,4.67,0.01,21,9807,买盘
1848,09:42:30,4.66,--,3,1398,卖盘
1849,09:42:27,4.66,-0.01,165,76890,卖盘
1850,09:42:24,4.67,0.01,5,2335,买盘
1851,09:42:18,4.66,-0.01,63,29358,卖盘
1852,09:42:03,4.67,0.01,3,1401,买盘
1853,09:41:45,4.66,0.01,404,188264,买盘
1854,09:41:42,4.65,-0.01,200,93000,卖盘
1855,09:41:39,4.66,--,320,149120,买盘
1856,09:41:36,4.66,--,10,4660,买盘
1857,09:41:33,4.66,--,200,93200,买盘
1858,09:41:30,4.66,--,30,13980,买盘
1859,09:41:27,4.66,0.01,27,12582,买盘
1860,09:41:24,4.65,-0.01,11,5115,卖盘
1861,09:41:21,4.66,--,6,2796,买盘
1862,09:41:15,4.66,--,49,22834,买盘
1863,09:41:09,4.66,--,50,23300,买盘
1864,09:40:57,4.66,--,4,1864,买盘
1865,09:40:54,4.66,--,30,13980,买盘
1866,09:40:51,4.66,--,4,1864,买盘
1867,09:40:48,4.66,--,10,4660,买盘
1868,09:40:45,4.66,--,2,932,买盘
1869,09:40:42,4.66,--,216,100656,买盘
1870,09:40:39,4.66,--,133,61978,买盘
1871,09:40:36,4.66,--,30,13980,买盘
1872,09:40:30,4.66,--,30,13980,买盘
1873,09:40:15,4.66,0.01,39,18174,买盘
1874,09:39:51,4.65,-0.01,57,26505,卖盘
1875,09:39:48,4.66,--,133,61978,买盘
1876,09:39:42,4.66,--,20,9320,买盘
1877,09:39:30,4.66,--,50,23300,买盘
1878,09:39:27,4.66,--,17,7922,买盘
1879,09:39:24,4.66,--,10,4660,买盘
1880,09:39:21,4.66,--,50,23300,买盘
1881,09:39:15,4.66,--,10,4660,买盘
1882,09:39:06,4.66,--,1,466,买盘
1883,09:39:00,4.66,--,90,41940,卖盘
1884,09:38:51,4.66,--,49,22834,卖盘
1885,09:38:45,4.66,--,70,32620,卖盘
1886,09:38:36,4.66,--,300,139800,卖盘
1887,09:38:33,4.66,--,306,142596,买盘
1888,09:38:21,4.66,--,130,60580,买盘
1889,09:38:18,4.66,--,18,8388,买盘
1890,09:38:12,4.66,--,8,3728,买盘
1891,09:38:06,4.66,--,1,466,买盘
1892,09:38:03,4.66,--,48,22368,买盘
1893,09:37:57,4.66,--,295,137470,买盘
1894,09:37:48,4.66,--,11,5126,买盘
1895,09:37:45,4.66,--,4,1864,卖盘
1896,09:37:42,4.66,--,44,20504,买盘
1897,09:37:39,4.66,--,37,17242,买盘
1898,09:37:33,4.66,--,20,9320,买盘
1899,09:37:30,4.66,-0.01,134,62444,卖盘
1900,09:37:27,4.67,0.01,15,7005,买盘
1901,09:37:24,4.66,-0.01,54,25164,卖盘
1902,09:37:21,4.67,0.01,15,7005,买盘
1903,09:37:18,4.66,--,66,30756,卖盘
1904,09:37:15,4.66,--,40,18640,卖盘
1905,09:37:12,4.66,--,194,90404,卖盘
1906,09:37:09,4.66,-0.01,300,139800,卖盘
1907,09:37:06,4.67,--,100,46700,买盘
1908,09:37:03,4.67,0.01,10,4670,买盘
1909,09:36:57,4.66,-0.01,198,92268,卖盘
1910,09:36:54,4.67,--,111,51837,买盘
1911,09:36:51,4.67,--,30,14010,买盘
1912,09:36:42,4.67,--,456,212952,买盘
1913,09:36:39,4.67,--,154,71918,买盘
1914,09:36:33,4.67,--,168,78456,买盘
1915,09:36:27,4.67,--,4,1868,买盘
1916,09:36:21,4.67,--,3,1401,买盘
1917,09:36:18,4.67,--,523,244241,买盘
1918,09:36:12,4.67,--,20,9340,买盘
1919,09:36:03,4.67,--,505,235835,买盘
1920,09:35:57,4.67,0.01,20,9340,买盘
1921,09:35:39,4.66,--,19,8854,买盘
1922,09:35:36,4.66,0.01,41,19106,买盘
1923,09:35:30,4.65,-0.01,15,6975,卖盘
1924,09:35:27,4.66,--,587,273542,买盘
1925,09:35:24,4.66,0.01,10,4660,买盘
1926,09:35:21,4.65,-0.01,60,27900,卖盘
1927,09:35:09,4.66,--,103,47998,买盘
1928,09:35:06,4.66,--,68,31688,买盘
1929,09:35:03,4.66,--,23,10718,买盘
1930,09:35:00,4.66,0.01,23,10718,买盘
1931,09:34:57,4.65,-0.01,10,4650,卖盘
1932,09:34:54,4.66,--,2,932,买盘
1933,09:34:48,4.66,0.01,126,58716,买盘
1934,09:34:42,4.65,-0.01,8,3720,卖盘
1935,09:34:39,4.66,--,24,11184,买盘
1936,09:34:33,4.66,0.01,8,3728,买盘
1937,09:34:30,4.65,--,75,34875,卖盘
1938,09:34:27,4.65,--,164,76260,卖盘
1939,09:34:21,4.65,--,1,465,卖盘
1940,09:34:15,4.65,-0.01,4,1860,卖盘
1941,09:34:06,4.66,--,25,11650,买盘
1942,09:33:39,4.66,--,2,932,买盘
1943,09:33:36,4.66,0.01,20,9320,买盘
1944,09:33:33,4.65,--,10,4650,买盘
1945,09:33:30,4.65,-0.01,496,230640,卖盘
1946,09:33:27,4.66,--,6,2796,买盘
1947,09:33:21,4.66,0.01,163,75958,买盘
1948,09:33:12,4.65,--,202,93930,卖盘
1949,09:33:00,4.65,-0.01,5,2325,卖盘
1950,09:32:48,4.66,--,20,9320,买盘
1951,09:32:36,4.66,--,148,68968,买盘
1952,09:32:33,4.66,0.01,142,66172,买盘
1953,09:32:27,4.65,--,80,37200,买盘
1954,09:32:24,4.65,--,60,27900,买盘
1955,09:32:21,4.65,-0.01,217,100905,卖盘
1956,09:32:18,4.66,0.01,16,7456,买盘
1957,09:32:15,4.65,-0.01,37,17205,卖盘
1958,09:32:12,4.66,--,114,53124,买盘
1959,09:31:51,4.66,0.01,50,23300,买盘
1960,09:31:42,4.65,--,19,8835,卖盘
1961,09:31:39,4.65,--,109,50685,买盘
1962,09:31:36,4.65,0.01,30,13950,买盘
1963,09:31:33,4.64,-0.01,49,22736,卖盘
1964,09:31:30,4.65,0.01,30,13950,买盘
1965,09:31:15,4.64,-0.01,2,927,卖盘
1966,09:31:09,4.65,--,11,5115,买盘
1967,09:31:03,4.65,0.01,20,9300,买盘
1968,09:30:54,4.64,-0.01,1,463,卖盘
1969,09:30:48,4.65,0.01,2,930,买盘
1970,09:30:45,4.64,0.01,20,9280,中性盘
1971,09:30:33,4.63,-0.01,591,273633,卖盘
1972,09:30:30,4.64,--,444,206016,买盘
1973,09:30:24,4.64,--,90,41760,买盘
1974,09:30:21,4.64,--,10,4640,买盘
1975,09:30:15,4.64,0.01,22,10208,买盘
1976,09:30:06,4.63,-0.01,110,50930,卖盘
1977,09:30:03,4.64,-0.01,2678,1242592,卖盘
1978,09:30:00,4.65,--,0,0,买盘
1979,09:25:03,4.65,4.65,757,352005,买盘
