,time,price,change,volume,amount,type
0,15:00:03,2.62,--,2229,583998,卖盘
1,14:57:00,2.62,--,0,0,卖盘
2,14:56:54,2.62,--,58,15196,卖盘
3,14:56:51,2.62,0.01,1726,452369,买盘
4,14:56:48,2.61,--,60,15660,卖盘
5,14:56:45,2.61,--,1,261,卖盘
6,14:56:42,2.61,-0.01,13,3393,卖盘
7,14:56:39,2.62,0.01,10,2620,买盘
8,14:56:36,2.61,--,63,16443,卖盘
9,14:56:33,2.61,--,5,1305,卖盘
10,14:56:12,2.61,--,9,2349,卖盘
11,14:56:06,2.61,--,25,6525,卖盘
12,14:55:57,2.61,--,3,783,卖盘
13,14:55:54,2.61,-0.01,156,40716,卖盘
14,14:55:51,2.62,0.01,1800,471600,买盘
15,14:55:45,2.61,--,1,261,卖盘
16,14:55:36,2.61,--,779,203543,买盘
17,14:55:33,2.61,--,162,42282,买盘
18,14:55:30,2.61,--,30,7830,买盘
19,14:55:27,2.61,--,33,8613,买盘
20,14:55:18,2.61,--,354,92394,买盘
21,14:55:09,2.61,--,284,74124,买盘
22,14:55:00,2.61,--,30,7830,买盘
23,14:54:54,2.61,--,49,12789,买盘
24,14:54:48,2.61,--,209,54601,买盘
25,14:54:42,2.61,0.01,1,261,买盘
26,14:54:30,2.6,-0.01,17,4420,卖盘
27,14:54:27,2.61,0.01,117,30537,买盘
28,14:54:21,2.6,--,80,20800,卖盘
29,14:54:06,2.6,--,540,140400,卖盘
30,14:54:00,2.6,--,32,8320,卖盘
31,14:53:51,2.6,-0.01,26,6760,卖盘
32,14:53:48,2.61,0.01,100,26100,买盘
33,14:53:42,2.6,--,62,16120,卖盘
34,14:53:39,2.6,-0.01,2,728,卖盘
35,14:53:33,2.61,--,30,7830,买盘
36,14:53:30,2.61,0.01,1,261,买盘
37,14:53:24,2.6,-0.01,28,7280,卖盘
38,14:53:21,2.61,0.01,3,783,买盘
39,14:53:12,2.6,-0.01,116,30160,卖盘
40,14:53:09,2.61,0.01,50,13050,买盘
41,14:53:03,2.6,-0.01,50,13000,卖盘
42,14:52:57,2.61,--,103,26883,买盘
43,14:52:54,2.61,--,10,2610,买盘
44,14:52:30,2.61,0.01,211,55071,买盘
45,14:52:21,2.6,--,40,10400,卖盘
46,14:52:12,2.6,-0.01,50,13000,卖盘
47,14:52:06,2.61,--,596,155556,买盘
48,14:52:03,2.61,0.01,616,160776,买盘
49,14:51:57,2.6,-0.01,16,4160,卖盘
50,14:51:54,2.61,--,10,2610,买盘
51,14:51:51,2.61,0.01,95,24795,买盘
52,14:51:33,2.6,-0.01,180,46800,卖盘
53,14:51:30,2.61,0.01,500,130500,买盘
54,14:51:21,2.6,--,200,52000,卖盘
55,14:51:15,2.6,--,183,47736,卖盘
56,14:51:00,2.6,--,231,60060,卖盘
57,14:50:57,2.6,--,16,4160,卖盘
58,14:50:45,2.6,--,27,7020,卖盘
59,14:50:42,2.6,-0.01,28,7332,卖盘
60,14:50:39,2.61,0.01,270,70470,买盘
61,14:50:33,2.6,--,17,4420,卖盘
62,14:50:27,2.6,--,39,10140,卖盘
63,14:50:21,2.6,--,40,10400,卖盘
64,14:50:18,2.6,-0.01,14,3640,卖盘
65,14:50:15,2.61,--,9,2349,买盘
66,14:50:09,2.61,0.01,1,261,买盘
67,14:50:06,2.6,--,150,39000,卖盘
68,14:49:57,2.6,-0.01,16,4160,卖盘
69,14:49:21,2.61,0.01,309,80649,买盘
70,14:49:00,2.6,--,17,4420,卖盘
71,14:48:57,2.6,--,16,4160,卖盘
72,14:48:45,2.6,--,103,26780,卖盘
73,14:48:42,2.6,-0.01,26,6760,卖盘
74,14:48:39,2.61,--,70,18270,买盘
75,14:48:27,2.61,0.01,51,13311,买盘
76,14:48:24,2.6,-0.01,37,9620,卖盘
77,14:48:12,2.61,0.01,26,6786,买盘
78,14:48:06,2.6,-0.01,87,22620,卖盘
79,14:48:03,2.61,0.01,2,522,买盘
80,14:47:57,2.6,-0.01,16,4160,卖盘
81,14:47:54,2.61,0.01,1,261,买盘
82,14:47:24,2.6,--,9,2340,卖盘
83,14:47:21,2.6,--,140,36400,卖盘
84,14:47:12,2.6,-0.01,14,3640,卖盘
85,14:47:06,2.61,--,3,783,买盘
86,14:46:57,2.61,--,355,92655,买盘
87,14:46:48,2.61,--,50,13050,买盘
88,14:46:42,2.61,--,2,522,买盘
89,14:46:39,2.61,0.01,503,131283,买盘
90,14:46:27,2.6,--,12,3120,卖盘
91,14:46:03,2.6,--,26,6760,卖盘
92,14:45:54,2.6,--,16,4160,卖盘
93,14:45:48,2.6,--,17,4420,卖盘
94,14:45:39,2.6,--,18,4680,卖盘
95,14:45:36,2.6,--,100,26000,卖盘
96,14:45:33,2.6,--,16,4264,卖盘
97,14:45:27,2.6,0.01,54,14144,买盘
98,14:45:18,2.59,-0.01,87,22533,卖盘
99,14:45:12,2.6,--,21,5460,买盘
100,14:45:06,2.6,0.01,74,19240,买盘
101,14:45:00,2.59,-0.01,9,2331,卖盘
102,14:44:57,2.6,0.01,60,15600,买盘
103,14:44:54,2.59,-0.01,16,4144,卖盘
104,14:44:45,2.6,--,105,27456,卖盘
105,14:44:42,2.6,--,12,3328,卖盘
106,14:44:39,2.6,--,5,1300,卖盘
107,14:44:33,2.6,--,4,1040,卖盘
108,14:44:30,2.6,-0.01,382,99320,卖盘
109,14:44:27,2.61,0.01,2,522,买盘
110,14:44:21,2.6,-0.01,5,1300,卖盘
111,14:44:18,2.61,0.01,100,26100,买盘
112,14:44:15,2.6,--,58,15080,卖盘
113,14:44:12,2.6,--,24,6292,卖盘
114,14:44:06,2.6,--,86,22360,卖盘
115,14:44:00,2.6,--,21,5616,卖盘
116,14:43:54,2.6,--,27,7020,卖盘
117,14:43:51,2.6,--,107,27820,卖盘
118,14:43:48,2.6,--,17,4420,卖盘
119,14:43:45,2.6,-0.01,1,468,卖盘
120,14:43:42,2.61,--,1,261,买盘
121,14:43:33,2.61,--,100,26100,买盘
122,14:43:24,2.61,--,2,522,买盘
123,14:43:12,2.61,0.01,5,1305,买盘
124,14:43:00,2.6,--,50,13000,卖盘
125,14:42:54,2.6,--,16,4160,卖盘
126,14:42:48,2.6,--,32,8320,卖盘
127,14:42:45,2.6,--,5,1404,卖盘
128,14:42:39,2.6,--,50,13000,卖盘
129,14:42:33,2.6,--,114,29640,卖盘
130,14:42:30,2.6,-0.01,5,1300,卖盘
131,14:42:27,2.61,0.01,1,261,买盘
132,14:42:24,2.6,--,20,5200,卖盘
133,14:42:21,2.6,-0.01,30,7800,卖盘
134,14:42:18,2.61,--,511,133433,卖盘
135,14:42:15,2.61,--,176,46029,卖盘
136,14:42:12,2.61,--,139,36279,卖盘
137,14:42:03,2.61,--,1047,273267,卖盘
138,14:42:00,2.61,-0.01,10,2610,卖盘
139,14:41:54,2.62,0.01,1,262,买盘
140,14:41:51,2.61,--,500,130500,卖盘
141,14:41:48,2.61,--,37,9657,卖盘
142,14:41:45,2.61,--,27,7047,卖盘
143,14:41:39,2.61,--,20,5220,卖盘
144,14:41:36,2.61,--,60,15660,卖盘
145,14:41:33,2.61,--,23,6003,卖盘
146,14:41:27,2.61,--,23,6003,卖盘
147,14:41:24,2.61,-0.01,32,8352,卖盘
148,14:41:18,2.62,--,170,44540,买盘
149,14:41:12,2.62,--,2,524,买盘
150,14:41:09,2.62,--,10,2620,买盘
151,14:41:06,2.62,0.01,100,26200,买盘
152,14:41:03,2.61,--,20,5220,卖盘
153,14:41:00,2.61,--,14,3654,卖盘
154,14:40:54,2.61,-0.01,20,5220,卖盘
155,14:40:51,2.62,0.01,5,1310,买盘
156,14:40:48,2.61,--,60,15660,卖盘
157,14:40:39,2.61,--,50,13050,卖盘
158,14:40:30,2.61,-0.01,87,22707,卖盘
159,14:40:15,2.62,0.01,89,23318,买盘
160,14:40:09,2.61,-0.01,17,4437,卖盘
161,14:40:03,2.62,0.01,4,1048,买盘
162,14:39:57,2.61,-0.01,100,26100,卖盘
163,14:39:48,2.62,--,27,7074,买盘
164,14:39:45,2.62,--,500,131000,买盘
165,14:39:39,2.62,--,10,2620,买盘
166,14:39:33,2.62,--,2,524,买盘
167,14:39:30,2.62,0.01,1001,262262,买盘
168,14:39:24,2.61,--,50,13050,卖盘
169,14:39:21,2.61,--,61,15921,卖盘
170,14:39:18,2.61,--,0,104,卖盘
171,14:39:15,2.61,--,3,783,卖盘
172,14:39:12,2.61,0.01,1928,503208,买盘
173,14:38:57,2.6,--,14,3640,卖盘
174,14:38:48,2.6,--,41,10764,买盘
175,14:38:45,2.6,--,100,26000,买盘
176,14:38:39,2.6,--,35,9100,买盘
177,14:38:30,2.6,--,21,5460,买盘
178,14:38:24,2.6,--,650,169000,买盘
179,14:38:21,2.6,--,500,130000,买盘
180,14:38:18,2.6,--,11,2860,买盘
181,14:37:54,2.6,--,46,11960,买盘
182,14:37:45,2.6,--,150,39000,买盘
183,14:37:30,2.6,--,97,25272,卖盘
184,14:37:27,2.6,--,2,728,买盘
185,14:37:21,2.6,0.01,23,5980,买盘
186,14:37:18,2.59,-0.01,11,2849,卖盘
187,14:37:15,2.6,--,50,13000,买盘
188,14:37:06,2.6,--,50,13000,买盘
189,14:37:00,2.6,--,10,2600,买盘
190,14:36:57,2.6,--,104,27092,卖盘
191,14:36:54,2.6,--,10,2600,卖盘
192,14:36:51,2.6,--,30,7800,卖盘
193,14:36:45,2.6,-0.01,20,5200,卖盘
194,14:36:42,2.61,0.01,115,30015,买盘
195,14:36:39,2.6,--,10,2600,卖盘
196,14:36:33,2.6,-0.01,999,259740,卖盘
197,14:36:15,2.61,0.01,1,261,买盘
198,14:36:12,2.6,--,35,9100,卖盘
199,14:36:06,2.6,--,1,260,卖盘
200,14:36:03,2.6,--,30,7800,卖盘
201,14:35:45,2.6,--,2,520,卖盘
202,14:35:30,2.6,--,100,26000,卖盘
203,14:35:21,2.6,--,9,2340,卖盘
204,14:35:12,2.6,--,10,2600,卖盘
205,14:34:57,2.6,--,20,5200,卖盘
206,14:34:42,2.6,--,100,26000,卖盘
207,14:34:36,2.6,-0.01,14,3640,卖盘
208,14:34:30,2.61,--,7,1827,买盘
209,14:34:21,2.61,0.01,76,19836,买盘
210,14:33:57,2.6,--,4,1144,卖盘
211,14:33:54,2.6,--,2900,754104,买盘
212,14:33:45,2.6,--,1,260,买盘
213,14:33:42,2.6,--,4,1040,买盘
214,14:33:36,2.6,--,130,33800,买盘
215,14:33:27,2.6,0.01,28,7280,买盘
216,14:33:24,2.59,-0.01,2,518,卖盘
217,14:33:15,2.6,--,100,26000,买盘
218,14:32:57,2.6,0.01,120,31200,买盘
219,14:32:51,2.59,--,500,129500,卖盘
220,14:32:42,2.59,--,42,11085,卖盘
221,14:32:24,2.59,--,104,26936,卖盘
222,14:32:12,2.59,-0.01,200,51800,卖盘
223,14:31:42,2.6,0.01,2,520,买盘
224,14:31:36,2.59,--,59,15436,卖盘
225,14:31:24,2.59,--,2,518,卖盘
226,14:31:15,2.59,--,200,51851,买盘
227,14:31:12,2.59,--,115,29785,买盘
228,14:31:09,2.59,--,140,36260,买盘
229,14:31:03,2.59,--,20,5180,买盘
230,14:30:57,2.59,--,1,259,买盘
231,14:30:51,2.59,--,11,2849,买盘
232,14:30:48,2.59,--,56,14504,买盘
233,14:30:42,2.59,--,15,3885,买盘
234,14:30:39,2.59,--,52,13468,买盘
235,14:30:36,2.59,--,1,259,买盘
236,14:30:24,2.59,0.01,4,1036,买盘
237,14:30:12,2.58,--,10,2580,卖盘
238,14:30:03,2.58,-0.01,100,25800,卖盘
239,14:29:57,2.59,0.01,1,259,买盘
240,14:29:48,2.58,-0.01,15,3870,卖盘
241,14:29:36,2.59,--,26,6734,买盘
242,14:29:00,2.59,0.01,217,56203,买盘
243,14:28:57,2.58,-0.01,100,25800,卖盘
244,14:28:42,2.59,--,4,1036,买盘
245,14:28:39,2.59,--,14,3626,买盘
246,14:28:30,2.59,--,10,2590,买盘
247,14:28:12,2.59,--,24,6216,卖盘
248,14:28:03,2.59,--,15,3885,卖盘
249,14:28:00,2.59,--,55,14348,卖盘
250,14:27:57,2.59,--,104,26936,卖盘
251,14:27:54,2.59,--,120,31080,卖盘
252,14:27:51,2.59,--,20,5180,卖盘
253,14:27:48,2.59,--,250,64750,卖盘
254,14:27:39,2.59,--,18,4662,卖盘
255,14:27:36,2.59,-0.01,227,58793,卖盘
256,14:27:27,2.6,--,20,5200,买盘
257,14:27:00,2.6,--,50,13000,买盘
258,14:26:54,2.6,--,32,8320,买盘
259,14:26:36,2.6,--,501,130260,买盘
260,14:26:30,2.6,0.01,14,3640,买盘
261,14:26:27,2.59,-0.01,5,1295,卖盘
262,14:26:21,2.6,--,502,130520,买盘
263,14:26:12,2.6,--,50,13000,买盘
264,14:26:09,2.6,0.01,20,5200,买盘
265,14:26:06,2.59,-0.01,49,12691,卖盘
266,14:26:00,2.6,--,1,260,买盘
267,14:25:51,2.6,--,50,13000,买盘
268,14:25:42,2.6,--,29,7540,买盘
269,14:25:33,2.6,--,6,1560,买盘
270,14:25:24,2.6,--,18,4680,买盘
271,14:25:21,2.6,--,7,1820,买盘
272,14:25:06,2.6,--,50,13104,卖盘
273,14:25:03,2.6,-0.01,5,1300,卖盘
274,14:24:57,2.61,0.01,122,31842,买盘
275,14:24:51,2.6,--,100,26000,卖盘
276,14:24:48,2.6,--,21,5460,卖盘
277,14:24:45,2.6,--,20,5200,卖盘
278,14:24:39,2.6,--,14,3796,买盘
279,14:24:36,2.6,--,146,37960,买盘
280,14:24:33,2.6,--,2,520,买盘
281,14:24:27,2.6,--,53,13780,买盘
282,14:24:24,2.6,--,38,9880,买盘
283,14:24:18,2.6,--,393,102284,卖盘
284,14:24:15,2.6,--,317,82576,买盘
285,14:24:12,2.6,0.01,251,65260,买盘
286,14:24:09,2.59,-0.01,70,18130,卖盘
287,14:24:03,2.6,--,56,14560,买盘
288,14:23:57,2.6,--,10,2600,买盘
289,14:23:54,2.6,--,8,2080,买盘
290,14:23:45,2.6,-0.01,62,16120,买盘
291,14:23:36,2.61,0.02,467,121887,买盘
292,14:23:33,2.59,-0.01,46,12121,卖盘
293,14:23:30,2.6,0.01,27,7020,中性盘
294,14:23:18,2.59,-0.01,1001,259259,卖盘
295,14:23:12,2.6,--,300,78000,卖盘
296,14:23:09,2.6,0.01,2099,545844,买盘
297,14:23:03,2.59,--,1,259,卖盘
298,14:22:54,2.59,--,39,10308,买盘
299,14:22:48,2.59,--,23,5957,买盘
300,14:22:45,2.59,--,110,28490,买盘
301,14:22:42,2.59,0.01,324,83916,买盘
302,14:22:33,2.58,-0.01,1205,310890,卖盘
303,14:22:21,2.59,--,10,2590,买盘
304,14:22:18,2.59,0.01,2592,671328,买盘
305,14:22:03,2.58,--,113,29386,买盘
306,14:22:00,2.58,--,894,230652,买盘
307,14:21:57,2.58,--,73,18834,买盘
308,14:21:54,2.58,--,1098,283284,买盘
309,14:21:51,2.58,--,390,100620,买盘
310,14:21:45,2.58,--,100,25800,买盘
311,14:21:42,2.58,0.01,50,12900,买盘
312,14:21:24,2.57,-0.01,100,25700,卖盘
313,14:21:18,2.58,0.01,2,516,买盘
314,14:21:00,2.57,-0.01,20,5140,卖盘
315,14:20:57,2.58,0.01,17,4386,买盘
316,14:20:54,2.57,--,23,5911,买盘
317,14:20:48,2.57,--,70,17990,买盘
318,14:20:45,2.57,--,107,27499,卖盘
319,14:20:18,2.57,--,25,6425,买盘
320,14:20:15,2.57,--,11,2827,买盘
321,14:20:00,2.57,--,15,3854,买盘
322,14:19:54,2.57,--,79,20303,卖盘
323,14:19:51,2.57,--,101,26162,卖盘
324,14:19:24,2.57,--,5,1285,卖盘
325,14:19:12,2.57,--,1,462,卖盘
326,14:19:03,2.57,-0.01,100,25700,卖盘
327,14:18:51,2.58,0.01,140,36120,买盘
328,14:18:48,2.57,--,90,23130,卖盘
329,14:18:42,2.57,-0.01,1,462,卖盘
330,14:18:27,2.58,--,1,258,买盘
331,14:18:24,2.58,0.01,100,25800,买盘
332,14:18:09,2.57,--,116,29811,卖盘
333,14:18:06,2.57,--,10,2570,卖盘
334,14:18:03,2.57,-0.01,40,10280,卖盘
335,14:17:57,2.58,0.01,2,516,买盘
336,14:17:51,2.57,--,200,51400,卖盘
337,14:17:36,2.57,-0.01,119,30582,卖盘
338,14:17:27,2.58,--,10,2580,买盘
339,14:17:21,2.58,--,30,7740,买盘
340,14:17:12,2.58,0.01,17,4386,买盘
341,14:17:06,2.57,-0.01,501,128756,卖盘
342,14:16:57,2.58,--,101,26058,买盘
343,14:16:51,2.58,0.01,13,3354,买盘
344,14:16:27,2.57,--,10,2570,卖盘
345,14:16:12,2.57,-0.01,4,1028,卖盘
346,14:16:00,2.58,--,89,22962,买盘
347,14:15:57,2.58,0.01,6,1548,买盘
348,14:15:36,2.57,--,169,43484,卖盘
349,14:15:30,2.57,--,4,1028,卖盘
350,14:15:09,2.57,-0.01,4,1028,卖盘
351,14:14:48,2.58,--,1,258,买盘
352,14:14:36,2.58,--,16,4128,买盘
353,14:14:24,2.58,0.01,89,22962,买盘
354,14:14:21,2.57,--,100,25700,卖盘
355,14:13:51,2.57,-0.01,1,257,卖盘
356,14:13:45,2.58,--,104,26832,买盘
357,14:13:42,2.58,--,30,7740,买盘
358,14:13:33,2.58,0.01,13,3354,买盘
359,14:12:51,2.57,--,30,7709,卖盘
360,14:12:33,2.57,--,1,257,卖盘
361,14:12:24,2.57,-0.01,20,5140,卖盘
362,14:12:18,2.58,0.01,2,516,买盘
363,14:11:42,2.57,--,56,14392,卖盘
364,14:11:36,2.57,--,6,1593,卖盘
365,14:11:03,2.57,--,9,2313,卖盘
366,14:10:42,2.57,--,34,8943,卖盘
367,14:10:15,2.57,--,10,2672,卖盘
368,14:10:03,2.57,--,10,2570,卖盘
369,14:09:54,2.57,--,54,13878,卖盘
370,14:09:42,2.57,--,14,3598,买盘
371,14:09:15,2.57,--,36,9252,卖盘
372,14:09:09,2.57,--,9,2313,卖盘
373,14:09:06,2.57,0.01,16,4112,中性盘
374,14:08:42,2.56,-0.01,270,69324,卖盘
375,14:08:24,2.57,-0.01,9,2364,卖盘
376,14:08:12,2.58,0.01,19,5108,买盘
377,14:08:06,2.57,--,2,514,买盘
378,14:08:03,2.57,-0.01,66,17013,卖盘
379,14:08:00,2.58,0.01,50,12900,买盘
380,14:07:57,2.57,-0.01,70,17990,卖盘
381,14:07:51,2.58,0.01,50,12900,买盘
382,14:07:36,2.57,-0.01,1,257,卖盘
383,14:07:06,2.58,0.01,1,258,买盘
384,14:06:57,2.57,--,4,1028,卖盘
385,14:06:51,2.57,-0.01,13,3341,卖盘
386,14:06:42,2.58,--,1,258,买盘
387,14:06:39,2.58,--,10,2580,买盘
388,14:06:24,2.58,0.01,4,1032,买盘
389,14:06:09,2.57,-0.01,126,32381,卖盘
390,14:05:48,2.58,0.01,32,8256,买盘
391,14:05:36,2.57,--,20,5140,卖盘
392,14:05:21,2.57,--,59,15368,买盘
393,14:05:12,2.57,--,98,25186,买盘
394,14:05:09,2.57,--,20,5140,买盘
395,14:05:00,2.57,--,2,514,买盘
396,14:04:36,2.57,--,2,514,买盘
397,14:04:33,2.57,--,34,8738,买盘
398,14:04:27,2.57,-0.01,124,31919,卖盘
399,14:04:24,2.58,0.01,250,64706,买盘
400,14:04:18,2.57,--,43,11051,卖盘
401,14:04:06,2.57,--,1000,256999,卖盘
402,14:04:00,2.57,--,15,3854,卖盘
403,14:03:48,2.57,-0.01,30,7709,卖盘
404,14:03:42,2.58,0.01,5,1290,买盘
405,14:03:21,2.57,--,20,5140,卖盘
406,14:03:12,2.57,--,15,3854,卖盘
407,14:03:09,2.57,-0.01,20,5140,卖盘
408,14:03:03,2.58,0.01,8,2064,买盘
409,14:02:42,2.57,-0.01,50,12901,卖盘
410,14:02:39,2.58,0.01,4,1032,买盘
411,14:02:30,2.57,--,1,257,卖盘
412,14:02:27,2.57,--,52,13364,买盘
413,14:02:18,2.57,--,7,1799,买盘
414,14:02:15,2.57,--,30,7709,买盘
415,14:02:12,2.57,--,30,7709,买盘
416,14:01:57,2.57,--,41,10537,买盘
417,14:01:54,2.57,--,810,208170,买盘
418,14:01:48,2.57,--,51,13107,买盘
419,14:01:45,2.57,--,100,25700,买盘
420,14:01:42,2.57,--,57,14648,买盘
421,14:01:39,2.57,--,3,771,买盘
422,14:01:36,2.57,--,50,12850,买盘
423,14:01:33,2.57,--,14,3598,买盘
424,14:01:27,2.57,--,148,38036,买盘
425,14:01:24,2.57,--,80,20560,买盘
426,14:01:18,2.57,--,30,7709,买盘
427,14:01:15,2.57,--,50,12850,买盘
428,14:01:09,2.57,0.01,219,56283,买盘
429,14:01:03,2.56,-0.01,534,136908,卖盘
430,14:01:00,2.57,--,500,128499,买盘
431,14:00:54,2.57,--,50,12850,买盘
432,14:00:48,2.57,--,43,11051,买盘
433,14:00:45,2.57,--,1708,438956,买盘
434,14:00:42,2.57,--,20,5140,买盘
435,14:00:33,2.57,--,38,9766,买盘
436,14:00:30,2.57,--,1,257,买盘
437,14:00:21,2.57,--,5,1285,买盘
438,14:00:00,2.57,0.01,40,10280,买盘
439,13:59:24,2.56,--,21,5376,卖盘
440,13:59:18,2.56,--,291,74675,买盘
441,13:59:15,2.56,--,200,51200,买盘
442,13:59:09,2.56,--,70,17920,买盘
443,13:59:06,2.56,--,2,512,买盘
444,13:59:03,2.56,--,999,255744,买盘
445,13:58:57,2.56,--,343,87808,买盘
446,13:58:54,2.56,--,1,256,买盘
447,13:58:51,2.56,--,200,51200,买盘
448,13:58:48,2.56,--,60,15360,买盘
449,13:58:45,2.56,--,5,1280,买盘
450,13:58:42,2.56,--,232,59392,买盘
451,13:58:36,2.56,--,187,47872,买盘
452,13:58:33,2.56,--,1,256,买盘
453,13:58:30,2.56,--,65,16640,买盘
454,13:58:15,2.56,--,200,51200,买盘
455,13:58:12,2.56,--,30,7680,买盘
456,13:58:06,2.56,0.01,19,4864,买盘
457,13:57:51,2.55,--,37,9435,卖盘
458,13:57:48,2.55,-0.01,173,44115,卖盘
459,13:57:30,2.56,--,98,25088,买盘
460,13:57:27,2.56,0.01,23,5888,买盘
461,13:57:15,2.55,-0.01,30,7649,卖盘
462,13:57:12,2.56,--,2,512,买盘
463,13:56:48,2.56,0.01,5,1280,买盘
464,13:56:45,2.55,-0.01,8,2039,卖盘
465,13:56:42,2.56,--,5,1280,买盘
466,13:56:39,2.56,--,6,1536,买盘
467,13:56:03,2.56,0.01,2,512,买盘
468,13:55:51,2.55,-0.01,53,13514,卖盘
469,13:55:45,2.56,--,10,2560,买盘
470,13:55:09,2.56,--,12,3072,买盘
471,13:54:39,2.56,--,2,512,买盘
472,13:54:24,2.56,--,20,5120,买盘
473,13:54:15,2.56,--,580,148480,买盘
474,13:54:12,2.56,--,1,256,买盘
475,13:53:57,2.56,--,4,1024,买盘
476,13:53:45,2.56,--,195,49920,买盘
477,13:53:33,2.56,--,19,4864,买盘
478,13:53:18,2.56,--,1,256,买盘
479,13:53:15,2.56,--,100,25600,买盘
480,13:53:12,2.56,--,25,6400,买盘
481,13:52:54,2.56,--,2,512,买盘
482,13:52:51,2.56,0.01,1000,256000,买盘
483,13:52:48,2.55,-0.01,9,2295,卖盘
484,13:52:45,2.56,--,3,768,买盘
485,13:52:42,2.56,0.01,100,25600,买盘
486,13:52:27,2.55,--,11,2805,卖盘
487,13:52:15,2.55,-0.01,15,3824,卖盘
488,13:52:06,2.56,0.01,10,2560,买盘
489,13:51:51,2.55,--,10,2550,卖盘
490,13:51:15,2.55,-0.01,14,3722,卖盘
491,13:51:09,2.56,0.01,2,512,买盘
492,13:50:48,2.55,--,60,15299,卖盘
493,13:50:21,2.55,--,1493,380715,卖盘
494,13:50:00,2.55,-0.01,4,1019,卖盘
495,13:49:51,2.56,0.01,4,1177,买盘
496,13:49:33,2.55,-0.01,3,765,卖盘
497,13:49:27,2.56,--,123,31692,买盘
498,13:49:24,2.56,--,2,512,买盘
499,13:49:18,2.56,--,1000,256000,买盘
500,13:49:00,2.56,0.01,2,512,买盘
501,13:48:48,2.55,-0.01,1,254,卖盘
502,13:48:45,2.56,0.01,85,21760,买盘
503,13:48:33,2.55,-0.01,50,12750,卖盘
504,13:47:24,2.56,--,25,6400,买盘
505,13:47:12,2.56,--,10,2560,买盘
506,13:46:54,2.56,--,662,169548,卖盘
507,13:46:51,2.56,--,100,25600,卖盘
508,13:46:48,2.56,--,10,2560,卖盘
509,13:46:45,2.56,--,9,2304,卖盘
510,13:46:39,2.56,--,50,12800,卖盘
511,13:46:36,2.56,--,90,23040,卖盘
512,13:46:33,2.56,--,5,1382,卖盘
513,13:46:24,2.56,--,346,88576,卖盘
514,13:46:15,2.56,--,20,5120,卖盘
515,13:46:12,2.56,-0.01,20,5120,卖盘
516,13:46:00,2.57,0.01,10,2570,买盘
517,13:45:48,2.56,--,5,1280,卖盘
518,13:45:24,2.56,--,300,76800,卖盘
519,13:45:15,2.56,-0.01,2,691,卖盘
520,13:45:00,2.57,0.01,2,514,买盘
521,13:44:54,2.56,--,1,256,卖盘
522,13:44:51,2.56,-0.01,18,4608,卖盘
523,13:43:57,2.57,--,9,2313,买盘
524,13:43:51,2.57,0.01,2,514,买盘
525,13:43:36,2.56,--,4,1228,卖盘
526,13:43:33,2.56,-0.01,200,51200,卖盘
527,13:43:24,2.57,0.01,1,257,买盘
528,13:43:21,2.56,--,200,51200,卖盘
529,13:43:06,2.56,-0.01,7,1792,卖盘
530,13:42:48,2.57,0.01,60,15419,买盘
531,13:42:45,2.56,--,6,1536,卖盘
532,13:42:27,2.56,--,500,128000,卖盘
533,13:41:51,2.56,-0.01,402,103065,卖盘
534,13:41:06,2.57,--,6,1542,买盘
535,13:40:42,2.57,--,20,5140,买盘
536,13:40:39,2.57,--,2,514,买盘
537,13:40:09,2.57,--,8,2056,买盘
538,13:39:42,2.57,--,55,14135,买盘
539,13:39:36,2.57,--,10,2570,买盘
540,13:39:21,2.57,--,1,257,买盘
541,13:39:18,2.57,--,5,1285,买盘
542,13:39:15,2.57,--,58,14905,买盘
543,13:38:30,2.57,0.01,5,1285,买盘
544,13:38:21,2.56,--,9,2304,卖盘
545,13:38:15,2.56,--,1,409,卖盘
546,13:38:09,2.56,-0.01,16,4096,卖盘
547,13:37:54,2.57,0.01,10,2570,买盘
548,13:37:42,2.56,--,176,45158,卖盘
549,13:37:21,2.56,--,70,17920,卖盘
550,13:37:09,2.56,--,200,51200,卖盘
551,13:37:03,2.56,--,9,2304,卖盘
552,13:36:30,2.56,-0.01,12,3072,卖盘
553,13:36:15,2.57,--,2,514,买盘
554,13:35:48,2.57,--,2,514,买盘
555,13:35:45,2.57,--,3,771,买盘
556,13:35:27,2.57,0.01,32,8224,买盘
557,13:35:06,2.56,-0.01,18,4608,卖盘
558,13:35:00,2.57,--,1,257,买盘
559,13:34:57,2.57,--,1,257,买盘
560,13:34:48,2.57,--,16,4112,买盘
561,13:34:39,2.57,--,10,2570,买盘
562,13:34:27,2.57,0.01,50,12850,买盘
563,13:34:24,2.56,-0.01,173,44441,卖盘
564,13:34:18,2.57,0.01,23,5911,买盘
565,13:34:15,2.56,-0.01,10,2560,卖盘
566,13:34:12,2.57,--,3,771,买盘
567,13:34:03,2.57,0.01,5,1285,买盘
568,13:33:57,2.56,--,2,512,卖盘
569,13:33:54,2.56,-0.01,191,48896,卖盘
570,13:33:48,2.57,0.01,30,7709,买盘
571,13:33:39,2.56,--,20,5120,卖盘
572,13:33:33,2.56,--,548,140441,买盘
573,13:33:15,2.56,0.01,6609,1691904,买盘
574,13:33:06,2.55,-0.01,7,1784,卖盘
575,13:33:03,2.56,0.01,200,51200,买盘
576,13:32:54,2.55,-0.01,11,2805,卖盘
577,13:32:48,2.56,--,150,38400,买盘
578,13:32:36,2.56,--,5,1280,买盘
579,13:32:27,2.56,0.01,6,1536,买盘
580,13:32:15,2.55,--,17,4335,卖盘
581,13:31:54,2.55,-0.01,1,254,卖盘
582,13:31:42,2.56,--,40,10240,买盘
583,13:31:36,2.56,--,2,512,买盘
584,13:31:09,2.56,--,100,25600,买盘
585,13:30:45,2.56,--,10,2560,买盘
586,13:30:15,2.56,--,7,1792,买盘
587,13:29:57,2.56,0.01,10,2560,买盘
588,13:29:51,2.55,-0.01,1,254,卖盘
589,13:29:27,2.56,--,200,51200,买盘
590,13:29:03,2.56,--,23,5888,买盘
591,13:28:54,2.56,0.01,11,2816,买盘
592,13:28:27,2.55,-0.01,6,1530,卖盘
593,13:28:15,2.56,--,52,13312,买盘
594,13:28:06,2.56,--,9,2304,买盘
595,13:28:03,2.56,--,200,51200,买盘
596,13:27:42,2.56,--,2,512,买盘
597,13:27:36,2.56,--,19,4864,买盘
598,13:27:15,2.56,--,1,256,买盘
599,13:27:06,2.56,0.01,5,1280,买盘
600,13:26:42,2.55,-0.01,100,25500,卖盘
601,13:26:24,2.56,0.01,6,1536,买盘
602,13:26:03,2.55,-0.01,50,12750,卖盘
603,13:26:00,2.56,--,1,256,买盘
604,13:25:54,2.56,--,2,512,买盘
605,13:25:39,2.56,0.01,5,1280,买盘
606,13:25:33,2.55,-0.01,27,6884,卖盘
607,13:25:09,2.56,0.01,200,51200,买盘
608,13:24:48,2.55,--,210,53549,卖盘
609,13:24:36,2.55,--,410,104651,卖盘
610,13:24:27,2.55,--,17,4335,卖盘
611,13:24:24,2.55,--,6,1530,卖盘
612,13:24:18,2.55,--,3,917,卖盘
613,13:24:15,2.55,--,19,5049,卖盘
614,13:23:57,2.55,-0.01,9,2295,卖盘
615,13:23:51,2.56,0.01,3,768,买盘
616,13:23:48,2.55,-0.01,50,12750,卖盘
617,13:23:30,2.56,0.01,2,512,买盘
618,13:23:12,2.55,--,1,254,卖盘
619,13:22:54,2.55,-0.01,1,254,卖盘
620,13:22:33,2.56,--,1,256,买盘
621,13:22:30,2.56,--,10,2560,买盘
622,13:21:36,2.56,--,10,2560,买盘
623,13:21:15,2.56,0.01,2,512,买盘
624,13:21:12,2.55,--,37,9435,卖盘
625,13:21:00,2.55,--,40,10200,卖盘
626,13:20:57,2.55,-0.01,4,1019,卖盘
627,13:20:51,2.56,0.01,16,4249,买盘
628,13:20:24,2.55,-0.01,5,1377,卖盘
629,13:20:12,2.56,0.01,5,1280,买盘
630,13:20:03,2.55,-0.01,20,5100,卖盘
631,13:19:39,2.56,0.01,20,5120,买盘
632,13:19:36,2.55,-0.01,1,458,卖盘
633,13:19:15,2.56,0.01,1,256,买盘
634,13:19:12,2.55,--,2,509,卖盘
635,13:18:48,2.55,-0.01,10,2550,卖盘
636,13:18:33,2.56,--,500,128000,买盘
637,13:18:30,2.56,--,1,256,买盘
638,13:18:24,2.56,0.01,20,5120,买盘
639,13:18:21,2.55,-0.01,1,458,卖盘
640,13:18:18,2.56,0.01,1,256,买盘
641,13:18:12,2.55,-0.01,199,50745,卖盘
642,13:18:09,2.56,--,4,1024,买盘
643,13:17:54,2.56,--,4,1024,买盘
644,13:17:48,2.56,--,3,768,买盘
645,13:17:15,2.56,0.01,2,512,买盘
646,13:16:57,2.55,-0.01,31,7904,卖盘
647,13:16:42,2.56,--,2,512,买盘
648,13:16:33,2.56,--,1,256,买盘
649,13:16:21,2.56,--,8,2048,买盘
650,13:16:06,2.56,--,75,19200,买盘
651,13:16:03,2.56,0.01,7,1792,买盘
652,13:15:45,2.55,-0.01,3,765,卖盘
653,13:15:42,2.56,0.01,5,1280,买盘
654,13:15:30,2.55,-0.01,2,509,卖盘
655,13:15:24,2.56,--,1,256,买盘
656,13:15:18,2.56,0.01,10,2560,买盘
657,13:15:15,2.55,--,100,25500,卖盘
658,13:15:06,2.55,-0.01,1,458,卖盘
659,13:15:00,2.56,0.01,5,1280,买盘
660,13:14:18,2.55,-0.01,35,8925,卖盘
661,13:13:45,2.56,0.01,100,25600,买盘
662,13:13:03,2.55,-0.01,6,1530,卖盘
663,13:13:00,2.56,0.01,174,44544,买盘
664,13:12:51,2.55,--,100,25500,卖盘
665,13:12:18,2.55,--,36,9180,卖盘
666,13:12:12,2.55,--,5,1377,卖盘
667,13:11:48,2.55,--,2,509,卖盘
668,13:11:30,2.55,--,1,306,卖盘
669,13:10:54,2.55,--,22,5610,卖盘
670,13:10:51,2.55,-0.01,3,765,卖盘
671,13:10:36,2.56,0.01,151,38656,买盘
672,13:10:21,2.55,--,6,1581,买盘
673,13:10:06,2.55,--,18,4794,卖盘
674,13:10:00,2.55,--,2,561,买盘
675,13:09:57,2.55,--,164,42024,卖盘
676,13:09:45,2.55,-0.01,130,33150,卖盘
677,13:09:39,2.56,0.01,10,2560,买盘
678,13:09:33,2.55,--,41,10455,卖盘
679,13:09:21,2.55,--,456,116279,卖盘
680,13:09:18,2.55,--,66,16881,卖盘
681,13:09:15,2.55,--,10,2754,卖盘
682,13:09:09,2.55,--,4,1019,卖盘
683,13:08:42,2.55,--,300,76500,卖盘
684,13:08:36,2.55,--,200,51000,卖盘
685,13:08:24,2.55,--,20,5100,卖盘
686,13:08:15,2.55,--,65,16779,卖盘
687,13:08:00,2.55,-0.01,1000,254999,卖盘
688,13:07:48,2.56,0.01,2,512,买盘
689,13:07:39,2.55,--,100,25500,卖盘
690,13:07:15,2.55,--,4,1019,卖盘
691,13:07:12,2.55,--,10,2550,卖盘
692,13:06:48,2.55,-0.01,50,12750,卖盘
693,13:06:36,2.56,0.01,3,768,买盘
694,13:06:33,2.55,--,20,5100,卖盘
695,13:05:51,2.55,--,235,59924,卖盘
696,13:05:27,2.55,--,2,509,卖盘
697,13:05:24,2.55,--,3,765,卖盘
698,13:05:21,2.55,-0.01,100,25500,卖盘
699,13:05:15,2.56,0.01,2,512,买盘
700,13:04:48,2.55,-0.01,54,13769,卖盘
701,13:04:24,2.56,0.01,13,3328,买盘
702,13:03:36,2.55,-0.01,18,4590,卖盘
703,13:03:33,2.56,--,24,6144,买盘
704,13:03:30,2.56,--,7,1792,买盘
705,13:03:12,2.56,--,3,768,买盘
706,13:02:54,2.56,--,2,512,买盘
707,13:02:42,2.56,--,100,25600,买盘
708,13:02:09,2.56,0.01,40,10240,买盘
709,13:01:48,2.55,--,146,37230,卖盘
710,13:01:45,2.55,-0.01,50,12750,卖盘
711,13:01:39,2.56,0.01,1,256,买盘
712,13:01:12,2.55,--,20,5100,卖盘
713,13:00:51,2.55,--,5,1275,卖盘
714,13:00:39,2.55,-0.01,180,45900,卖盘
715,13:00:24,2.56,0.01,1,256,买盘
716,13:00:12,2.55,--,30,7649,卖盘
717,13:00:06,2.55,--,282,72012,买盘
718,13:00:03,2.55,--,291,74205,买盘
719,13:00:00,2.55,--,0,0,买盘
720,11:30:00,2.55,--,0,0,买盘
721,11:29:39,2.55,--,1,254,买盘
722,11:29:36,2.55,--,1,254,买盘
723,11:29:30,2.55,--,4,1019,买盘
724,11:29:21,2.55,--,17,4335,买盘
725,11:29:15,2.55,--,10,2550,买盘
726,11:29:12,2.55,--,20,5100,买盘
727,11:29:09,2.55,--,20,5100,买盘
728,11:29:06,2.55,--,1,254,买盘
729,11:29:00,2.55,--,99,25245,卖盘
730,11:28:33,2.55,--,20,5100,卖盘
731,11:28:21,2.55,--,50,12750,卖盘
732,11:28:18,2.55,--,7,1784,买盘
733,11:28:06,2.55,--,160,40800,买盘
734,11:27:54,2.55,--,1,254,买盘
735,11:27:36,2.55,0.01,10,2550,买盘
736,11:27:15,2.54,--,7,1828,卖盘
737,11:27:03,2.54,-0.01,70,17780,卖盘
738,11:27:00,2.55,--,234,59669,买盘
739,11:26:54,2.55,--,2,509,买盘
740,11:26:42,2.55,--,11,2805,买盘
741,11:26:36,2.55,0.01,39,9945,买盘
742,11:26:24,2.54,-0.01,14,3657,卖盘
743,11:25:54,2.55,0.01,30,7649,买盘
744,11:25:48,2.54,-0.01,61,15494,卖盘
745,11:25:45,2.55,--,2,509,买盘
746,11:25:21,2.55,--,131,33405,买盘
747,11:24:54,2.55,--,2,509,买盘
748,11:24:51,2.55,--,20,5100,买盘
749,11:24:48,2.55,--,1,254,买盘
750,11:24:45,2.55,--,20,5100,买盘
751,11:24:42,2.55,--,5,1275,买盘
752,11:24:39,2.55,-0.01,212,54161,卖盘
753,11:24:33,2.56,0.01,5,1280,买盘
754,11:24:27,2.55,--,46,11934,卖盘
755,11:24:24,2.55,--,503,128264,卖盘
756,11:24:00,2.55,--,32,8159,卖盘
757,11:23:51,2.55,-0.01,280,71400,卖盘
758,11:23:36,2.56,0.01,125,32000,买盘
759,11:23:24,2.55,-0.01,10,2550,卖盘
760,11:23:18,2.56,--,1,256,买盘
761,11:22:45,2.56,--,21,5376,买盘
762,11:22:15,2.56,--,2,512,买盘
763,11:22:09,2.56,--,6,1536,买盘
764,11:21:33,2.56,--,50,12800,买盘
765,11:21:27,2.56,0.01,5,1280,买盘
766,11:20:45,2.55,--,100,25500,卖盘
767,11:20:21,2.55,--,80,20604,买盘
768,11:20:18,2.55,--,110,28049,买盘
769,11:20:15,2.55,--,5,1275,买盘
770,11:20:09,2.55,--,76,19380,买盘
771,11:20:06,2.55,0.01,44,11220,买盘
772,11:19:51,2.54,--,2,508,卖盘
773,11:19:30,2.54,-0.01,4,1016,卖盘
774,11:19:27,2.55,--,5,1275,买盘
775,11:19:24,2.55,--,100,25500,买盘
776,11:18:54,2.55,0.01,1,254,买盘
777,11:18:48,2.54,-0.01,16,4064,卖盘
778,11:18:33,2.55,0.01,2,509,买盘
779,11:17:45,2.54,-0.01,84,21336,卖盘
780,11:17:42,2.55,--,163,41565,买盘
781,11:17:30,2.55,--,26,6629,买盘
782,11:17:27,2.55,-0.01,84,21420,卖盘
783,11:17:21,2.56,0.01,10,2560,买盘
784,11:17:12,2.55,0.01,18,4590,卖盘
785,11:17:09,2.54,-0.01,34,8636,卖盘
786,11:17:06,2.55,--,10,2550,买盘
787,11:16:48,2.55,--,2,509,买盘
788,11:16:45,2.55,0.01,95,24225,买盘
789,11:16:36,2.54,--,1,457,卖盘
790,11:16:30,2.54,-0.01,18,4572,卖盘
791,11:16:24,2.55,--,100,25500,买盘
792,11:16:21,2.55,--,20,5100,买盘
793,11:15:54,2.55,--,19,4845,买盘
794,11:15:45,2.55,-0.01,264,67320,卖盘
795,11:15:39,2.56,0.01,1,256,买盘
796,11:15:30,2.55,--,10,2550,卖盘
797,11:15:18,2.55,0.01,80,20400,中性盘
798,11:14:39,2.54,-0.01,40,10160,卖盘
799,11:14:30,2.55,--,100,25500,卖盘
800,11:14:27,2.55,--,36,9180,卖盘
801,11:14:24,2.55,--,56,14279,买盘
802,11:14:21,2.55,--,4,1019,买盘
803,11:14:18,2.55,--,6,1530,买盘
804,11:14:15,2.55,--,91,23205,买盘
805,11:14:12,2.55,0.01,24,6120,买盘
806,11:14:09,2.54,--,43,10922,卖盘
807,11:14:06,2.54,-0.01,10,2540,卖盘
808,11:14:00,2.55,0.01,15,3824,买盘
809,11:13:51,2.54,-0.01,2,508,卖盘
810,11:13:45,2.55,--,7,1784,买盘
811,11:13:42,2.55,--,110,28049,买盘
812,11:13:39,2.55,--,3,765,买盘
813,11:13:33,2.55,--,30,7649,买盘
814,11:13:30,2.55,--,2,509,买盘
815,11:13:27,2.55,--,8,2039,买盘
816,11:13:24,2.55,--,7,1784,买盘
817,11:13:15,2.55,--,20,5100,买盘
818,11:12:51,2.55,--,10,2550,买盘
819,11:12:48,2.55,--,84,21420,买盘
820,11:12:42,2.55,0.01,12,3060,买盘
821,11:12:27,2.54,-0.01,128,32512,卖盘
822,11:12:18,2.55,--,80,20400,买盘
823,11:12:12,2.55,--,99,25398,买盘
824,11:11:51,2.55,0.01,71,18105,买盘
825,11:11:48,2.54,-0.01,1,304,卖盘
826,11:11:45,2.55,--,10,2550,买盘
827,11:11:42,2.55,--,2,509,买盘
828,11:11:36,2.55,0.01,27,6884,买盘
829,11:11:33,2.54,-0.01,51,13055,卖盘
830,11:11:27,2.55,0.01,330,84150,买盘
831,11:11:21,2.54,-0.01,1,457,卖盘
832,11:11:03,2.55,--,2,509,买盘
833,11:10:57,2.55,--,12,3060,买盘
834,11:10:54,2.55,--,1,254,买盘
835,11:10:48,2.55,0.01,4,1019,买盘
836,11:10:45,2.54,-0.01,10,2540,卖盘
837,11:10:39,2.55,--,2,509,买盘
838,11:10:36,2.55,--,42,10710,买盘
839,11:10:27,2.55,--,7,1784,买盘
840,11:10:24,2.55,0.01,6,1530,买盘
841,11:10:21,2.54,-0.01,21,5486,卖盘
842,11:10:15,2.55,--,55,14024,买盘
843,11:10:12,2.55,--,60,15299,买盘
844,11:10:06,2.55,--,4,1019,买盘
845,11:10:03,2.55,0.01,1,254,买盘
846,11:09:51,2.54,-0.01,31,7874,卖盘
847,11:09:48,2.55,--,50,12750,买盘
848,11:09:42,2.55,--,20,5253,卖盘
849,11:09:33,2.55,--,84,21522,买盘
850,11:09:30,2.55,--,28,7139,买盘
851,11:09:18,2.55,0.01,5,1275,买盘
852,11:09:09,2.54,-0.01,26,6604,卖盘
853,11:09:06,2.55,--,100,25500,买盘
854,11:09:03,2.55,--,15,3824,买盘
855,11:09:00,2.55,--,11,2805,买盘
856,11:08:57,2.55,--,3,765,买盘
857,11:08:42,2.55,--,570,145350,买盘
858,11:08:33,2.55,--,20,5100,买盘
859,11:08:27,2.55,--,2,509,买盘
860,11:08:21,2.55,--,17,4335,买盘
861,11:08:18,2.55,--,87,22185,买盘
862,11:08:15,2.55,--,100,25500,买盘
863,11:08:12,2.55,0.01,20,5100,买盘
864,11:08:09,2.54,-0.01,545,138430,卖盘
865,11:07:57,2.55,0.01,100,25500,买盘
866,11:07:54,2.54,-0.01,15,3810,卖盘
867,11:07:51,2.55,--,354,90270,买盘
868,11:07:48,2.55,--,30,7649,买盘
869,11:07:42,2.55,0.01,59,15044,买盘
870,11:07:39,2.54,-0.01,2,508,卖盘
871,11:07:36,2.55,--,39,9945,买盘
872,11:07:21,2.55,--,126,32129,买盘
873,11:07:15,2.55,--,5,1275,买盘
874,11:07:12,2.55,0.01,3,765,买盘
875,11:07:09,2.54,--,21,5537,卖盘
876,11:06:57,2.54,-0.01,10,2540,卖盘
877,11:06:48,2.55,--,200,51000,买盘
878,11:06:33,2.55,--,41,10455,买盘
879,11:06:18,2.55,0.01,5,1275,买盘
880,11:06:12,2.54,-0.01,40,10160,卖盘
881,11:06:06,2.55,--,50,12750,买盘
882,11:06:03,2.55,--,19,4845,买盘
883,11:05:45,2.55,--,261,66759,买盘
884,11:05:42,2.55,0.01,12,3060,买盘
885,11:05:39,2.54,-0.01,5,1371,卖盘
886,11:05:27,2.55,--,10,2550,买盘
887,11:05:21,2.55,0.01,3,765,买盘
888,11:05:18,2.54,--,7,1778,卖盘
889,11:05:15,2.54,-0.01,143,36322,卖盘
890,11:05:09,2.55,--,3,765,买盘
891,11:04:54,2.55,--,10,2550,买盘
892,11:04:42,2.55,0.01,4,1019,买盘
893,11:04:39,2.54,-0.01,4,1168,卖盘
894,11:04:36,2.55,--,100,25500,买盘
895,11:04:30,2.55,0.01,4,1019,买盘
896,11:03:39,2.54,-0.01,10,2540,卖盘
897,11:03:36,2.55,0.01,2,509,买盘
898,11:03:18,2.54,--,50,12700,卖盘
899,11:03:12,2.54,--,6,1524,卖盘
900,11:03:03,2.54,--,4,1016,卖盘
901,11:02:54,2.54,--,10,2540,卖盘
902,11:02:30,2.54,-0.01,421,107137,卖盘
903,11:02:21,2.55,--,1,254,买盘
904,11:02:12,2.55,0.01,36,9180,买盘
905,11:01:45,2.54,--,1,457,卖盘
906,11:01:15,2.54,-0.01,71,18034,卖盘
907,11:01:00,2.55,0.01,30,7649,买盘
908,11:00:54,2.54,-0.01,15,3810,卖盘
909,11:00:33,2.55,--,6,1530,买盘
910,11:00:27,2.55,--,3,765,买盘
911,11:00:24,2.55,0.01,2,509,买盘
912,11:00:18,2.54,--,70,17780,卖盘
913,11:00:12,2.54,-0.01,1,457,卖盘
914,11:00:09,2.55,--,1,254,买盘
915,11:00:06,2.55,0.01,20,5100,买盘
916,10:59:51,2.54,-0.01,1,254,卖盘
917,10:59:48,2.55,--,5,1275,买盘
918,10:59:45,2.55,--,22,5610,买盘
919,10:59:27,2.55,0.01,12,3060,买盘
920,10:59:09,2.54,-0.01,3,762,卖盘
921,10:59:06,2.55,0.01,50,12750,买盘
922,10:59:03,2.54,--,15,3810,卖盘
923,10:58:54,2.54,-0.01,54,13716,卖盘
924,10:58:27,2.55,--,46,11730,买盘
925,10:58:06,2.55,--,20,5100,买盘
926,10:58:00,2.55,0.01,10,2550,买盘
927,10:57:57,2.54,-0.01,43,10922,卖盘
928,10:57:48,2.55,0.01,1,254,买盘
929,10:57:45,2.54,-0.01,50,12700,卖盘
930,10:57:21,2.55,0.01,3,765,买盘
931,10:57:18,2.54,-0.01,7,1778,卖盘
932,10:57:12,2.55,--,55,14126,买盘
933,10:57:00,2.55,0.01,50,12750,买盘
934,10:56:42,2.54,--,10,2540,卖盘
935,10:56:24,2.54,--,50,12700,卖盘
936,10:56:06,2.54,--,522,132699,买盘
937,10:56:03,2.54,--,30,7620,买盘
938,10:55:57,2.54,--,111,28194,买盘
939,10:55:51,2.54,--,4,1016,买盘
940,10:55:45,2.54,--,20,5080,买盘
941,10:55:39,2.54,--,424,107696,买盘
942,10:55:36,2.54,--,100,25400,买盘
943,10:55:30,2.54,--,20,5080,买盘
944,10:55:21,2.54,--,21,5334,买盘
945,10:55:15,2.54,--,2,508,买盘
946,10:55:12,2.54,--,10,2540,买盘
947,10:55:06,2.54,--,7,1778,买盘
948,10:55:03,2.54,--,20,5080,买盘
949,10:54:57,2.54,--,9,2286,买盘
950,10:54:48,2.54,--,10,2540,买盘
951,10:54:45,2.54,--,69,17526,买盘
952,10:54:39,2.54,--,75,19050,买盘
953,10:54:36,2.54,0.01,10,2540,买盘
954,10:54:30,2.53,--,1,252,卖盘
955,10:54:27,2.53,--,50,12649,卖盘
956,10:54:21,2.53,-0.01,20,5060,卖盘
957,10:54:18,2.54,--,39,9906,买盘
958,10:54:09,2.54,0.01,13,3302,买盘
959,10:54:06,2.53,-0.01,121,30815,卖盘
960,10:54:03,2.54,--,10,2540,买盘
961,10:53:57,2.54,--,2,508,买盘
962,10:53:54,2.54,--,41,10414,买盘
963,10:53:48,2.54,--,6,1524,买盘
964,10:53:45,2.54,--,110,27940,买盘
965,10:53:42,2.54,--,2,508,买盘
966,10:53:39,2.54,0.01,28,7112,买盘
967,10:53:33,2.53,-0.01,118,29853,卖盘
968,10:53:27,2.54,--,26,6604,买盘
969,10:53:18,2.54,--,34,8636,买盘
970,10:53:15,2.54,--,2,508,买盘
971,10:53:09,2.54,--,103,26162,买盘
972,10:53:06,2.54,--,40,10160,买盘
973,10:52:51,2.54,--,1000,254000,买盘
974,10:52:48,2.54,--,3,762,买盘
975,10:52:45,2.54,-0.01,393,100015,卖盘
976,10:52:39,2.55,0.01,1494,380970,买盘
977,10:52:36,2.54,--,2018,512572,卖盘
978,10:52:33,2.54,--,1590,403961,卖盘
979,10:52:30,2.54,-0.01,20,5080,卖盘
980,10:52:27,2.55,0.01,26,6629,买盘
981,10:52:21,2.54,--,200,50800,卖盘
982,10:52:18,2.54,-0.01,300,76200,卖盘
983,10:52:15,2.55,0.01,79,20145,买盘
984,10:52:12,2.54,-0.01,828,210312,卖盘
985,10:52:09,2.55,0.01,5,1275,买盘
986,10:52:06,2.54,--,300,76200,卖盘
987,10:51:57,2.54,--,1837,466598,卖盘
988,10:51:45,2.54,--,54,13716,卖盘
989,10:51:39,2.54,-0.01,35,8890,卖盘
990,10:51:36,2.55,0.01,141,36057,买盘
991,10:51:24,2.54,-0.01,0,45,卖盘
992,10:51:15,2.55,--,103,26264,买盘
993,10:51:03,2.55,--,2,509,买盘
994,10:51:00,2.55,--,68,17340,买盘
995,10:50:42,2.55,--,120,30599,买盘
996,10:50:33,2.55,--,10,2550,买盘
997,10:50:30,2.55,--,35,9078,卖盘
998,10:50:24,2.55,--,6,1530,卖盘
999,10:50:21,2.55,--,88,22542,买盘
1000,10:50:15,2.55,--,1,254,买盘
1001,10:50:03,2.55,--,1,254,买盘
1002,10:50:00,2.55,--,24,6273,卖盘
1003,10:49:57,2.55,--,20,5100,卖盘
1004,10:49:54,2.55,--,5,1377,卖盘
1005,10:49:51,2.55,--,2,509,卖盘
1006,10:49:39,2.55,--,1,458,卖盘
1007,10:49:33,2.55,0.01,31,7955,买盘
1008,10:49:30,2.54,--,7,1778,卖盘
1009,10:49:18,2.54,-0.01,30,7620,卖盘
1010,10:49:09,2.55,--,468,119543,卖盘
1011,10:49:03,2.55,--,10,2550,卖盘
1012,10:48:48,2.55,--,29,7394,卖盘
1013,10:48:42,2.55,--,54,13820,买盘
1014,10:48:27,2.55,--,55,14228,卖盘
1015,10:48:18,2.55,--,25,6426,卖盘
1016,10:48:09,2.55,0.01,1,254,卖盘
1017,10:47:51,2.54,-0.01,131,33324,卖盘
1018,10:47:42,2.55,--,11,2871,买盘
1019,10:47:36,2.55,--,203,51765,买盘
1020,10:47:15,2.55,--,11,2805,买盘
1021,10:47:12,2.55,--,12,3060,买盘
1022,10:47:09,2.55,--,54,13769,买盘
1023,10:47:06,2.55,--,1,254,买盘
1024,10:47:03,2.55,--,65,16575,买盘
1025,10:47:00,2.55,0.01,399,101745,买盘
1026,10:46:57,2.54,-0.01,7,1828,卖盘
1027,10:46:42,2.55,--,38,9690,买盘
1028,10:46:33,2.55,--,2,509,买盘
1029,10:46:24,2.55,--,130,33150,买盘
1030,10:46:12,2.55,--,5,1275,买盘
1031,10:46:00,2.55,--,19,4845,买盘
1032,10:45:39,2.55,--,15,3824,买盘
1033,10:45:30,2.55,--,1105,281963,卖盘
1034,10:45:27,2.55,--,142,36261,卖盘
1035,10:45:15,2.55,--,591,150705,卖盘
1036,10:45:12,2.55,--,26,6629,卖盘
1037,10:45:09,2.55,-0.01,46,11730,卖盘
1038,10:45:06,2.56,0.01,1,256,买盘
1039,10:44:57,2.55,--,540,137700,卖盘
1040,10:44:54,2.55,--,30,7649,卖盘
1041,10:44:24,2.55,--,10,2652,卖盘
1042,10:44:21,2.55,-0.01,180,45900,卖盘
1043,10:44:18,2.56,--,1,256,买盘
1044,10:44:12,2.56,--,20,5120,买盘
1045,10:44:03,2.56,--,2,512,买盘
1046,10:43:54,2.56,--,30,7680,买盘
1047,10:43:45,2.56,--,2,512,买盘
1048,10:43:27,2.56,--,6,1536,买盘
1049,10:43:21,2.56,--,60,15360,买盘
1050,10:43:12,2.56,--,8,2048,买盘
1051,10:43:03,2.56,0.01,2,512,买盘
1052,10:42:54,2.55,-0.01,7,1784,卖盘
1053,10:42:51,2.56,0.01,23,5888,买盘
1054,10:42:48,2.55,--,5,1275,卖盘
1055,10:42:45,2.55,--,10,2550,卖盘
1056,10:42:33,2.55,-0.01,36,9180,卖盘
1057,10:42:18,2.56,0.01,220,56320,买盘
1058,10:42:06,2.55,-0.01,100,25500,卖盘
1059,10:42:03,2.56,--,100,25600,买盘
1060,10:42:00,2.56,--,9,2304,买盘
1061,10:41:54,2.56,0.01,500,128000,买盘
1062,10:41:33,2.55,-0.01,0,204,卖盘
1063,10:41:27,2.56,--,118,30208,买盘
1064,10:41:15,2.56,0.01,200,51200,买盘
1065,10:40:48,2.55,-0.01,1,254,卖盘
1066,10:40:39,2.56,--,12,3072,买盘
1067,10:40:21,2.56,0.01,5,1280,买盘
1068,10:40:15,2.55,-0.01,10,2550,卖盘
1069,10:40:09,2.56,--,32,8192,买盘
1070,10:40:06,2.56,0.01,34,8704,买盘
1071,10:39:54,2.55,-0.01,90,23136,卖盘
1072,10:39:51,2.56,--,18,4608,买盘
1073,10:39:48,2.56,--,2,512,买盘
1074,10:39:45,2.56,0.01,6,1536,买盘
1075,10:39:36,2.55,-0.01,256,65279,卖盘
1076,10:39:33,2.56,--,70,17920,买盘
1077,10:39:27,2.56,--,10,2560,买盘
1078,10:39:24,2.56,0.01,7,1792,买盘
1079,10:39:21,2.55,-0.01,100,25500,卖盘
1080,10:39:09,2.56,--,5,1280,买盘
1081,10:39:03,2.56,0.01,50,12800,买盘
1082,10:38:42,2.55,-0.01,120,30599,卖盘
1083,10:38:36,2.56,0.01,14,3584,买盘
1084,10:38:33,2.55,-0.01,20,5100,卖盘
1085,10:38:30,2.56,--,178,45568,买盘
1086,10:38:21,2.56,0.01,100,25600,买盘
1087,10:38:18,2.55,--,20,5100,卖盘
1088,10:38:12,2.55,-0.01,100,25500,卖盘
1089,10:38:03,2.56,--,6,1536,买盘
1090,10:38:00,2.56,0.01,7,1792,买盘
1091,10:37:51,2.55,-0.01,121,30854,卖盘
1092,10:37:45,2.56,--,3,768,买盘
1093,10:37:39,2.56,0.01,2,512,买盘
1094,10:37:36,2.55,--,34,8721,卖盘
1095,10:37:33,2.55,--,9,2295,卖盘
1096,10:37:27,2.55,--,163,41565,卖盘
1097,10:37:24,2.55,--,180,45900,卖盘
1098,10:37:18,2.55,--,20,5100,卖盘
1099,10:37:09,2.55,--,105,26774,卖盘
1100,10:37:03,2.55,--,1,254,卖盘
1101,10:37:00,2.55,-0.01,10,2550,卖盘
1102,10:36:48,2.56,--,28,7168,买盘
1103,10:36:45,2.56,--,2,512,买盘
1104,10:36:42,2.56,--,260,66560,买盘
1105,10:36:15,2.56,--,33,8448,买盘
1106,10:36:12,2.56,--,4,1024,买盘
1107,10:36:09,2.56,--,3,768,买盘
1108,10:36:00,2.56,0.01,53,13568,买盘
1109,10:35:57,2.55,-0.01,13,3314,卖盘
1110,10:35:54,2.56,--,10,2560,买盘
1111,10:35:51,2.56,--,13,3328,买盘
1112,10:35:42,2.56,--,38,9728,买盘
1113,10:35:36,2.56,--,20,5120,买盘
1114,10:35:21,2.56,--,11,2816,买盘
1115,10:35:18,2.56,--,2,512,买盘
1116,10:35:09,2.56,--,5,1280,买盘
1117,10:35:06,2.56,--,105,26880,买盘
1118,10:34:51,2.56,0.01,2,512,买盘
1119,10:34:48,2.55,--,1,254,卖盘
1120,10:34:45,2.55,-0.01,1,254,卖盘
1121,10:34:33,2.56,0.01,10,2560,买盘
1122,10:34:24,2.55,--,0,56,卖盘
1123,10:33:48,2.55,--,160,40981,买盘
1124,10:33:42,2.55,--,5,1275,买盘
1125,10:33:39,2.55,--,100,25500,买盘
1126,10:33:36,2.55,--,20,5100,买盘
1127,10:33:33,2.55,--,103,26264,买盘
1128,10:33:30,2.55,--,115,29324,买盘
1129,10:33:21,2.55,--,112,28559,买盘
1130,10:33:18,2.55,--,50,12750,买盘
1131,10:33:15,2.55,--,24,6120,买盘
1132,10:33:12,2.55,--,254,64769,买盘
1133,10:33:00,2.55,--,56,14279,买盘
1134,10:32:54,2.55,--,18,4590,买盘
1135,10:32:51,2.55,0.01,2,509,买盘
1136,10:32:48,2.54,-0.01,1,254,卖盘
1137,10:32:36,2.55,--,397,101235,买盘
1138,10:32:33,2.55,--,3,765,买盘
1139,10:32:27,2.55,0.01,4,1019,买盘
1140,10:32:21,2.54,-0.01,13,3302,卖盘
1141,10:32:15,2.55,0.01,50,12750,买盘
1142,10:32:09,2.54,-0.01,64,16256,卖盘
1143,10:32:06,2.55,--,5,1275,买盘
1144,10:32:00,2.55,0.01,2,509,买盘
1145,10:31:57,2.54,-0.01,54,13716,卖盘
1146,10:31:54,2.55,--,4,1019,买盘
1147,10:31:48,2.55,--,7,1784,买盘
1148,10:31:45,2.55,--,97,24735,买盘
1149,10:31:33,2.55,--,8,2039,买盘
1150,10:31:27,2.55,--,1,254,买盘
1151,10:31:24,2.55,--,3,765,买盘
1152,10:31:21,2.55,--,8,2039,买盘
1153,10:31:18,2.55,--,10,2550,买盘
1154,10:31:15,2.55,--,1,254,买盘
1155,10:31:03,2.55,--,40,10200,买盘
1156,10:30:57,2.55,0.01,31,7904,买盘
1157,10:30:54,2.54,-0.01,11,2794,卖盘
1158,10:30:30,2.55,--,16,4079,买盘
1159,10:30:27,2.55,--,520,132600,买盘
1160,10:30:21,2.55,--,157,40035,买盘
1161,10:30:18,2.55,--,30,7649,买盘
1162,10:30:15,2.55,--,6,1530,买盘
1163,10:30:03,2.55,--,100,25500,买盘
1164,10:30:00,2.55,--,20,5100,买盘
1165,10:29:57,2.55,--,253,64588,卖盘
1166,10:29:45,2.55,--,709,180795,卖盘
1167,10:29:36,2.55,--,323,82365,卖盘
1168,10:29:24,2.55,-0.01,14,3620,卖盘
1169,10:29:18,2.56,--,18,4608,买盘
1170,10:29:09,2.56,0.01,50,12800,买盘
1171,10:28:54,2.55,--,38,9690,卖盘
1172,10:28:42,2.55,--,5,1377,卖盘
1173,10:28:24,2.55,--,32,8159,卖盘
1174,10:28:18,2.55,--,93,23715,卖盘
1175,10:28:06,2.55,--,91,23233,买盘
1176,10:28:03,2.55,--,17,4335,买盘
1177,10:27:57,2.55,--,4,1173,买盘
1178,10:27:54,2.55,--,27,6884,买盘
1179,10:27:51,2.55,--,59,15044,买盘
1180,10:27:48,2.55,--,10,2550,买盘
1181,10:27:45,2.55,--,48,12240,买盘
1182,10:27:42,2.55,--,105,26774,买盘
1183,10:27:39,2.55,--,13,3314,买盘
1184,10:27:30,2.55,--,10,2550,买盘
1185,10:27:27,2.55,--,330,84150,买盘
1186,10:27:18,2.55,--,10,2550,买盘
1187,10:27:15,2.55,--,68,17340,买盘
1188,10:27:12,2.55,--,211,53804,买盘
1189,10:27:03,2.55,--,23,5865,买盘
1190,10:26:54,2.55,--,119,30344,买盘
1191,10:26:51,2.55,--,49,12495,买盘
1192,10:26:45,2.55,--,19,4845,买盘
1193,10:26:39,2.55,-0.01,405,103297,卖盘
1194,10:26:27,2.56,--,40,10240,买盘
1195,10:26:15,2.56,0.01,10,2560,买盘
1196,10:26:03,2.55,--,100,25500,卖盘
1197,10:25:57,2.55,--,39,9945,卖盘
1198,10:25:54,2.55,-0.01,61,15554,卖盘
1199,10:25:51,2.56,--,19,4864,买盘
1200,10:25:39,2.56,--,31,7936,买盘
1201,10:25:33,2.56,--,39,9984,买盘
1202,10:25:27,2.56,--,10,2560,买盘
1203,10:25:24,2.56,0.01,2,512,买盘
1204,10:25:15,2.55,-0.01,173,44115,卖盘
1205,10:25:06,2.56,0.01,1,256,买盘
1206,10:25:00,2.55,-0.01,23,5865,卖盘
1207,10:24:51,2.56,0.01,36,9216,买盘
1208,10:24:48,2.55,--,102,26010,卖盘
1209,10:24:45,2.55,-0.01,23,5865,卖盘
1210,10:24:42,2.56,--,20,5120,买盘
1211,10:24:39,2.56,--,20,5120,买盘
1212,10:24:33,2.56,0.01,50,12800,买盘
1213,10:24:30,2.55,-0.01,130,33303,卖盘
1214,10:24:27,2.56,--,1,256,买盘
1215,10:24:24,2.56,0.01,1,256,买盘
1216,10:24:18,2.55,--,12,3264,卖盘
1217,10:24:12,2.55,--,4,1150,卖盘
1218,10:24:09,2.55,-0.01,10,2550,卖盘
1219,10:24:06,2.56,--,200,51200,买盘
1220,10:24:03,2.56,--,3,768,买盘
1221,10:24:00,2.56,0.01,20,5120,买盘
1222,10:23:54,2.55,--,50,12750,卖盘
1223,10:23:48,2.55,--,627,159885,买盘
1224,10:23:45,2.55,0.01,20,5100,买盘
1225,10:23:42,2.54,-0.01,238,60452,卖盘
1226,10:23:39,2.55,0.01,900,229499,买盘
1227,10:23:33,2.54,-0.01,40,10160,卖盘
1228,10:23:30,2.55,--,4,1019,买盘
1229,10:23:18,2.55,--,73,18615,买盘
1230,10:23:15,2.55,--,19,4845,买盘
1231,10:23:12,2.55,--,100,25500,买盘
1232,10:23:09,2.55,--,16,4079,买盘
1233,10:23:03,2.55,0.01,204,52020,买盘
1234,10:23:00,2.54,-0.01,10,2540,卖盘
1235,10:22:57,2.55,--,10,2550,买盘
1236,10:22:54,2.55,--,38,9690,买盘
1237,10:22:51,2.55,--,25,6375,买盘
1238,10:22:48,2.55,0.01,954,243269,买盘
1239,10:22:33,2.54,--,153,39065,买盘
1240,10:22:30,2.54,--,125,31750,买盘
1241,10:22:27,2.54,--,184,46736,买盘
1242,10:22:24,2.54,--,746,189484,买盘
1243,10:22:21,2.54,--,59,14986,买盘
1244,10:22:18,2.54,--,54,13716,买盘
1245,10:22:15,2.54,--,1359,345186,买盘
1246,10:22:12,2.54,--,240,60960,买盘
1247,10:22:09,2.54,--,360,91440,买盘
1248,10:22:06,2.54,--,1015,257810,买盘
1249,10:22:03,2.54,--,20,5080,买盘
1250,10:22:00,2.54,--,12,3048,买盘
1251,10:21:57,2.54,--,100,25400,买盘
1252,10:21:54,2.54,--,76,19304,买盘
1253,10:21:51,2.54,--,2663,676402,买盘
1254,10:21:48,2.54,--,43,10922,买盘
1255,10:21:45,2.54,--,172,43688,买盘
1256,10:21:42,2.54,--,10,2540,买盘
1257,10:21:39,2.54,--,50,12700,买盘
1258,10:21:36,2.54,--,4,1016,买盘
1259,10:21:33,2.54,--,150,38100,买盘
1260,10:21:27,2.54,--,100,25400,买盘
1261,10:21:24,2.54,--,14,3556,买盘
1262,10:21:21,2.54,0.01,1061,269494,买盘
1263,10:21:18,2.53,--,17,4301,卖盘
1264,10:21:15,2.53,-0.01,55,14117,卖盘
1265,10:21:12,2.54,--,86,21844,买盘
1266,10:21:09,2.54,--,26,6604,买盘
1267,10:21:06,2.54,0.01,112,28448,买盘
1268,10:21:00,2.53,-0.01,127,32130,卖盘
1269,10:20:57,2.54,--,5,1270,买盘
1270,10:20:54,2.54,--,200,50800,买盘
1271,10:20:51,2.54,--,100,25400,买盘
1272,10:20:48,2.54,--,34,8636,买盘
1273,10:20:45,2.54,-0.01,1837,466648,卖盘
1274,10:20:39,2.55,0.01,10,2550,买盘
1275,10:20:33,2.54,-0.01,67,17119,卖盘
1276,10:20:27,2.55,0.01,40,10200,买盘
1277,10:20:24,2.54,--,60,15341,买盘
1278,10:20:21,2.54,--,89,22606,买盘
1279,10:20:18,2.54,--,30,7620,买盘
1280,10:20:15,2.54,--,16,4064,买盘
1281,10:20:12,2.54,--,10,2540,买盘
1282,10:20:09,2.54,-0.01,794,201828,卖盘
1283,10:20:06,2.55,--,60,15299,买盘
1284,10:20:03,2.55,--,309,78948,买盘
1285,10:20:00,2.55,0.01,1,254,买盘
1286,10:19:57,2.54,--,12,3200,卖盘
1287,10:19:51,2.54,--,2,508,卖盘
1288,10:19:48,2.54,--,36,9144,卖盘
1289,10:19:45,2.54,--,17,4318,卖盘
1290,10:19:42,2.54,-0.01,93,23774,卖盘
1291,10:19:39,2.55,0.01,2,509,买盘
1292,10:19:36,2.54,--,7,1778,卖盘
1293,10:19:33,2.54,--,1,254,卖盘
1294,10:19:30,2.54,--,10,2743,卖盘
1295,10:19:24,2.54,--,360,91440,卖盘
1296,10:19:21,2.54,--,1,254,卖盘
1297,10:19:15,2.54,-0.01,34,8636,卖盘
1298,10:19:12,2.55,0.01,100,25500,买盘
1299,10:19:09,2.54,--,338,85852,卖盘
1300,10:19:06,2.54,--,21,5537,卖盘
1301,10:19:03,2.54,--,10,2743,卖盘
1302,10:18:54,2.54,--,8,2032,卖盘
1303,10:18:51,2.54,-0.01,214,54508,卖盘
1304,10:18:48,2.55,0.01,110,28049,买盘
1305,10:18:45,2.54,--,188,47802,卖盘
1306,10:18:39,2.54,--,48,12192,卖盘
1307,10:18:36,2.54,-0.02,30,7620,卖盘
1308,10:18:33,2.56,0.02,30,7680,买盘
1309,10:18:27,2.54,--,100,25400,卖盘
1310,10:18:15,2.54,-0.01,2000,508000,卖盘
1311,10:18:12,2.55,--,1,254,卖盘
1312,10:18:09,2.55,-0.01,2021,515354,卖盘
1313,10:18:00,2.56,--,10,2560,买盘
1314,10:17:57,2.56,--,50,12800,买盘
1315,10:17:54,2.56,--,42,10752,买盘
1316,10:17:48,2.56,--,1,256,买盘
1317,10:17:45,2.56,-0.01,207,53043,卖盘
1318,10:17:33,2.57,0.01,10,2570,买盘
1319,10:17:30,2.56,--,10,2764,卖盘
1320,10:17:27,2.56,-0.01,10,2560,卖盘
1321,10:17:24,2.57,--,3,771,买盘
1322,10:17:06,2.57,0.01,120,30839,买盘
1323,10:17:03,2.56,-0.01,3000,768000,卖盘
1324,10:16:57,2.57,--,10,2570,买盘
1325,10:16:54,2.57,0.01,30,7709,买盘
1326,10:16:42,2.56,-0.01,300,76800,卖盘
1327,10:16:39,2.57,--,69,17733,买盘
1328,10:16:33,2.57,--,49,12593,买盘
1329,10:16:27,2.57,--,74,19018,买盘
1330,10:16:24,2.57,--,10,2570,买盘
1331,10:16:21,2.57,--,10,2570,买盘
1332,10:16:03,2.57,0.01,218,56026,买盘
1333,10:16:00,2.56,-0.01,34,8704,卖盘
1334,10:15:57,2.57,0.01,117,30068,买盘
1335,10:15:42,2.56,--,0,204,卖盘
1336,10:15:33,2.56,-0.01,36,9216,卖盘
1337,10:15:30,2.57,--,19,4883,买盘
1338,10:15:27,2.57,0.01,100,25700,买盘
1339,10:15:21,2.56,-0.01,26,6656,卖盘
1340,10:15:18,2.57,--,3,771,买盘
1341,10:15:15,2.57,--,15,3854,买盘
1342,10:15:03,2.57,0.01,200,51400,买盘
1343,10:15:00,2.56,-0.01,1,460,卖盘
1344,10:14:57,2.57,0.01,74,19120,买盘
1345,10:14:54,2.56,-0.01,30,7680,卖盘
1346,10:14:51,2.57,--,16,4112,买盘
1347,10:14:48,2.57,0.01,30,7709,买盘
1348,10:14:45,2.56,-0.01,0,51,卖盘
1349,10:14:42,2.57,--,101,25957,买盘
1350,10:14:39,2.57,--,3,771,买盘
1351,10:14:36,2.57,--,13,3341,买盘
1352,10:14:33,2.57,--,14,3598,买盘
1353,10:14:24,2.57,--,300,77100,买盘
1354,10:14:18,2.57,0.01,3,771,买盘
1355,10:14:15,2.56,-0.01,126,32256,卖盘
1356,10:14:03,2.57,--,22,5654,买盘
1357,10:14:00,2.57,--,10,2570,买盘
1358,10:13:45,2.57,--,40,10280,买盘
1359,10:13:39,2.57,0.01,1,257,买盘
1360,10:13:30,2.56,-0.01,85,21760,卖盘
1361,10:13:24,2.57,--,92,23644,买盘
1362,10:13:18,2.57,--,10,2570,买盘
1363,10:13:15,2.57,--,20,5140,买盘
1364,10:13:12,2.57,--,14,3598,买盘
1365,10:13:09,2.57,--,5,1285,买盘
1366,10:13:06,2.57,--,148,38036,买盘
1367,10:13:03,2.57,0.01,57,14648,买盘
1368,10:13:00,2.56,--,200,51200,卖盘
1369,10:12:57,2.56,-0.01,4,1024,卖盘
1370,10:12:48,2.57,--,31,7966,买盘
1371,10:12:42,2.57,0.01,6,1542,买盘
1372,10:12:33,2.56,--,200,51200,卖盘
1373,10:12:30,2.56,-0.01,50,12800,卖盘
1374,10:12:27,2.57,0.01,12,3084,买盘
1375,10:12:12,2.56,-0.01,50,12800,卖盘
1376,10:12:09,2.57,0.01,8,2056,买盘
1377,10:12:03,2.56,-0.01,206,52736,卖盘
1378,10:12:00,2.57,--,5,1285,买盘
1379,10:11:54,2.57,0.01,1,257,买盘
1380,10:11:48,2.56,--,30,7680,卖盘
1381,10:11:45,2.56,-0.01,10,2560,卖盘
1382,10:11:42,2.57,0.01,1,257,买盘
1383,10:11:39,2.56,--,19,5068,卖盘
1384,10:11:36,2.56,-0.01,130,33280,卖盘
1385,10:11:33,2.57,0.01,20,5140,买盘
1386,10:11:30,2.56,--,20,5120,卖盘
1387,10:11:27,2.56,--,300,76800,卖盘
1388,10:11:24,2.56,--,50,12800,卖盘
1389,10:11:21,2.56,--,60,15360,卖盘
1390,10:11:15,2.56,--,90,23040,卖盘
1391,10:11:12,2.56,--,20,5120,买盘
1392,10:11:09,2.56,0.01,20,5120,买盘
1393,10:11:06,2.55,-0.01,1000,254999,卖盘
1394,10:11:03,2.56,--,50,12800,买盘
1395,10:11:00,2.56,0.01,110,28160,中性盘
1396,10:10:57,2.55,-0.01,50,12903,卖盘
1397,10:10:51,2.56,0.01,36,9216,买盘
1398,10:10:42,2.55,-0.01,102,26010,卖盘
1399,10:10:39,2.56,0.01,60,15360,买盘
1400,10:10:36,2.55,--,186,47634,买盘
1401,10:10:33,2.55,--,11,2805,买盘
1402,10:10:30,2.55,--,120,30599,买盘
1403,10:10:27,2.55,--,139,35445,买盘
1404,10:10:24,2.55,-0.01,1645,419474,卖盘
1405,10:10:21,2.56,--,125,32000,买盘
1406,10:10:18,2.56,0.01,21,5376,买盘
1407,10:10:12,2.55,-0.01,68,17340,卖盘
1408,10:10:09,2.56,0.01,104,26624,买盘
1409,10:10:06,2.55,-0.01,62,15809,卖盘
1410,10:10:00,2.56,--,40,10240,买盘
1411,10:09:57,2.56,0.01,40,10240,买盘
1412,10:09:51,2.55,-0.01,20,5100,卖盘
1413,10:09:48,2.56,-0.01,221,56780,卖盘
1414,10:09:42,2.57,0.01,67,17219,买盘
1415,10:09:33,2.56,-0.01,15,3942,卖盘
1416,10:09:21,2.57,0.01,94,24158,买盘
1417,10:09:18,2.56,--,50,12800,卖盘
1418,10:09:15,2.56,--,187,48076,卖盘
1419,10:09:09,2.56,--,4,1024,卖盘
1420,10:09:06,2.56,-0.01,7,1843,卖盘
1421,10:08:54,2.57,-0.01,2125,546279,卖盘
1422,10:08:48,2.58,--,12,3096,买盘
1423,10:08:42,2.58,--,6,1548,买盘
1424,10:08:39,2.58,0.01,38,9804,买盘
1425,10:08:36,2.57,-0.01,3,925,卖盘
1426,10:08:30,2.58,0.01,40,10320,买盘
1427,10:08:27,2.57,--,3,771,卖盘
1428,10:08:24,2.57,--,53,13621,卖盘
1429,10:08:21,2.57,--,104,26728,卖盘
1430,10:08:15,2.57,--,322,82754,卖盘
1431,10:08:09,2.57,--,5,1285,卖盘
1432,10:08:06,2.57,--,151,38807,卖盘
1433,10:08:03,2.57,--,1,257,卖盘
1434,10:08:00,2.57,--,1,257,卖盘
1435,10:07:57,2.57,--,50,12850,卖盘
1436,10:07:54,2.57,--,837,215314,买盘
1437,10:07:51,2.57,0.01,1532,393724,买盘
1438,10:07:48,2.56,-0.01,5,1280,卖盘
1439,10:07:45,2.57,--,13,3341,买盘
1440,10:07:36,2.57,0.01,510,131069,买盘
1441,10:07:33,2.56,-0.01,1,460,卖盘
1442,10:07:30,2.57,--,135,34695,买盘
1443,10:07:27,2.57,0.01,1,257,买盘
1444,10:07:24,2.56,-0.01,2,512,卖盘
1445,10:07:21,2.57,--,51,13107,买盘
1446,10:07:12,2.57,--,1,257,买盘
1447,10:07:09,2.57,0.01,2,514,买盘
1448,10:07:06,2.56,-0.01,1,256,卖盘
1449,10:07:00,2.57,--,20,5140,买盘
1450,10:06:57,2.57,--,40,10280,买盘
1451,10:06:54,2.57,--,763,196091,卖盘
1452,10:06:51,2.57,-0.01,46,11822,卖盘
1453,10:06:48,2.58,0.01,691,178278,买盘
1454,10:06:42,2.57,-0.01,16,4163,卖盘
1455,10:06:36,2.58,0.01,39,10062,买盘
1456,10:06:33,2.57,-0.01,317,81469,卖盘
1457,10:06:30,2.58,0.01,88,22704,买盘
1458,10:06:27,2.57,--,246,63221,卖盘
1459,10:06:24,2.57,-0.01,3,925,卖盘
1460,10:06:21,2.58,0.01,15,3870,买盘
1461,10:06:18,2.57,-0.01,100,25700,卖盘
1462,10:06:15,2.58,--,1,258,买盘
1463,10:06:12,2.58,--,2,516,买盘
1464,10:06:06,2.58,0.01,8,2064,买盘
1465,10:06:03,2.57,--,70,17990,卖盘
1466,10:06:00,2.57,--,450,115650,卖盘
1467,10:05:51,2.57,--,71,18247,卖盘
1468,10:05:48,2.57,-0.01,25,6425,卖盘
1469,10:05:45,2.58,--,51,13158,买盘
1470,10:05:39,2.58,0.01,100,25800,买盘
1471,10:05:36,2.57,--,400,102800,卖盘
1472,10:05:33,2.57,-0.01,128,32896,卖盘
1473,10:05:27,2.58,--,158,40764,买盘
1474,10:05:24,2.58,--,3,774,买盘
1475,10:05:21,2.58,--,2,516,买盘
1476,10:05:18,2.58,--,1,258,买盘
1477,10:05:15,2.58,--,3,774,买盘
1478,10:05:09,2.58,--,10,2580,买盘
1479,10:05:06,2.58,-0.01,111,28689,卖盘
1480,10:05:00,2.59,0.01,90,23310,买盘
1481,10:04:57,2.58,--,85,22136,卖盘
1482,10:04:54,2.58,-0.01,4,1032,卖盘
1483,10:04:48,2.59,--,13,3367,买盘
1484,10:04:42,2.59,0.01,17,4403,买盘
1485,10:04:30,2.58,--,86,22188,买盘
1486,10:04:27,2.58,--,406,104748,买盘
1487,10:04:24,2.58,--,158,40764,买盘
1488,10:04:21,2.58,--,80,20640,买盘
1489,10:04:18,2.58,--,97,25026,买盘
1490,10:04:15,2.58,--,33,8514,买盘
1491,10:04:09,2.58,--,88,22704,买盘
1492,10:04:06,2.58,--,110,28534,买盘
1493,10:04:03,2.58,--,100,25800,买盘
1494,10:04:00,2.58,--,113,29154,买盘
1495,10:03:57,2.58,--,8,2064,买盘
1496,10:03:54,2.58,--,30,7740,买盘
1497,10:03:51,2.58,--,30,7740,买盘
1498,10:03:48,2.58,--,316,81528,买盘
1499,10:03:45,2.58,--,56,14448,买盘
1500,10:03:42,2.58,--,17,4386,买盘
1501,10:03:39,2.58,0.01,293,75594,买盘
1502,10:03:36,2.57,--,1379,354608,卖盘
1503,10:03:33,2.57,--,6,1542,卖盘
1504,10:03:30,2.57,--,22,5654,卖盘
1505,10:03:27,2.57,0.01,100,25700,卖盘
1506,10:03:24,2.56,--,260,66764,买盘
1507,10:03:21,2.56,--,62,15872,买盘
1508,10:03:18,2.56,--,15,3840,买盘
1509,10:03:15,2.56,--,936,239667,卖盘
1510,10:03:09,2.56,--,30,7680,卖盘
1511,10:03:03,2.56,--,126,32460,买盘
1512,10:03:00,2.56,--,2,512,买盘
1513,10:02:54,2.56,0.02,130,33280,买盘
1514,10:02:51,2.54,-0.02,100,25400,卖盘
1515,10:02:48,2.56,0.02,10,2560,买盘
1516,10:02:45,2.54,-0.02,25,6350,卖盘
1517,10:02:42,2.56,--,149,38144,买盘
1518,10:02:36,2.56,0.03,120,30720,买盘
1519,10:02:33,2.53,--,612,154836,卖盘
1520,10:02:30,2.53,-0.02,557,140921,卖盘
1521,10:02:27,2.55,--,14,3569,卖盘
1522,10:02:24,2.55,0.02,208,53192,买盘
1523,10:02:21,2.53,--,455,115114,卖盘
1524,10:02:18,2.53,-0.02,827,209230,卖盘
1525,10:02:15,2.55,--,14,3569,买盘
1526,10:02:12,2.55,0.02,30,7649,买盘
1527,10:02:06,2.53,-0.02,35,8855,卖盘
1528,10:02:03,2.55,--,1,254,买盘
1529,10:02:00,2.55,--,50,12750,买盘
1530,10:01:57,2.55,--,53,13514,买盘
1531,10:01:54,2.55,--,310,79050,买盘
1532,10:01:51,2.55,0.03,1234,314670,买盘
1533,10:01:48,2.52,-0.03,1282,323064,卖盘
1534,10:01:45,2.55,-0.01,390,99450,卖盘
1535,10:01:42,2.56,--,50,12800,买盘
1536,10:01:39,2.56,--,60,15360,买盘
1537,10:01:36,2.56,--,580,148480,卖盘
1538,10:01:33,2.56,-0.01,700,179200,卖盘
1539,10:01:30,2.57,--,36,9252,买盘
1540,10:01:27,2.57,-0.01,688,176816,卖盘
1541,10:01:24,2.58,--,38,9804,买盘
1542,10:01:21,2.58,0.01,9,2322,买盘
1543,10:01:18,2.57,-0.01,61,15676,卖盘
1544,10:01:15,2.58,--,19,4902,买盘
1545,10:01:12,2.58,--,2369,611408,卖盘
1546,10:00:57,2.58,-0.01,2000,516000,卖盘
1547,10:00:54,2.59,-0.01,52,13519,卖盘
1548,10:00:39,2.6,--,2205,573404,卖盘
1549,10:00:36,2.6,--,764,198640,卖盘
1550,10:00:33,2.6,--,5,1508,卖盘
1551,10:00:30,2.6,--,30,8008,卖盘
1552,10:00:27,2.6,-0.01,684,177840,卖盘
1553,10:00:24,2.61,--,15,3915,买盘
1554,10:00:21,2.61,--,2,522,买盘
1555,10:00:15,2.61,--,1047,273371,卖盘
1556,10:00:12,2.61,--,100,26100,卖盘
1557,10:00:09,2.61,--,200,52200,卖盘
1558,10:00:06,2.61,-0.01,3000,783000,卖盘
1559,10:00:00,2.62,--,2,524,买盘
1560,09:59:54,2.62,0.01,5,1310,买盘
1561,09:59:51,2.61,--,62,16182,卖盘
1562,09:59:48,2.61,-0.01,1000,261000,卖盘
1563,09:59:42,2.62,0.01,1,262,买盘
1564,09:59:36,2.61,--,20,5220,卖盘
1565,09:59:33,2.61,--,50,13050,卖盘
1566,09:59:30,2.61,-0.01,89,23229,卖盘
1567,09:59:21,2.62,0.01,7,1834,买盘
1568,09:59:18,2.61,--,293,76473,卖盘
1569,09:59:09,2.61,--,46,12006,卖盘
1570,09:59:03,2.61,-0.01,17,4437,卖盘
1571,09:58:54,2.62,--,1342,351813,卖盘
1572,09:58:51,2.62,--,62,16244,卖盘
1573,09:58:45,2.62,--,44,11528,卖盘
1574,09:58:39,2.62,--,178,46636,卖盘
1575,09:58:12,2.62,--,3,890,卖盘
1576,09:58:06,2.62,-0.01,36,9432,卖盘
1577,09:58:00,2.63,0.01,50,13150,买盘
1578,09:57:57,2.62,-0.01,336,88032,卖盘
1579,09:57:54,2.63,0.01,13,3419,买盘
1580,09:57:48,2.62,--,17,4454,卖盘
1581,09:57:45,2.62,-0.01,43,11266,卖盘
1582,09:57:24,2.63,--,2,526,买盘
1583,09:57:06,2.63,0.01,3,789,买盘
1584,09:56:48,2.62,-0.01,26,6812,卖盘
1585,09:56:45,2.63,0.01,26,6838,买盘
1586,09:56:39,2.62,-0.01,62,16244,卖盘
1587,09:56:33,2.63,0.01,5,1525,买盘
1588,09:56:30,2.62,--,2,524,卖盘
1589,09:56:27,2.62,--,47,12314,卖盘
1590,09:56:24,2.62,--,40,10480,卖盘
1591,09:56:21,2.62,--,26,6812,卖盘
1592,09:56:09,2.62,--,46,12052,卖盘
1593,09:55:57,2.62,--,1,262,卖盘
1594,09:55:39,2.62,--,280,73360,买盘
1595,09:55:33,2.62,--,50,13100,买盘
1596,09:55:30,2.62,--,18,4716,买盘
1597,09:55:27,2.62,--,20,5240,买盘
1598,09:55:24,2.62,--,5,1310,买盘
1599,09:55:15,2.62,--,3946,1034061,卖盘
1600,09:55:12,2.62,--,150,39300,卖盘
1601,09:55:09,2.62,-0.01,100,26200,卖盘
1602,09:54:51,2.63,0.01,3,789,买盘
1603,09:54:18,2.62,--,10,2620,卖盘
1604,09:54:15,2.62,--,17,4454,卖盘
1605,09:54:03,2.62,-0.01,34,8908,卖盘
1606,09:54:00,2.63,0.01,230,60490,买盘
1607,09:53:51,2.62,-0.01,1,262,卖盘
1608,09:53:48,2.63,--,51,13413,买盘
1609,09:53:45,2.63,0.01,2,526,买盘
1610,09:53:42,2.62,-0.01,26,6812,卖盘
1611,09:53:39,2.63,--,36,9468,买盘
1612,09:53:27,2.63,0.01,38,9994,买盘
1613,09:53:21,2.62,-0.01,26,6812,卖盘
1614,09:53:12,2.63,0.01,39,10257,买盘
1615,09:53:06,2.62,--,17,4454,卖盘
1616,09:53:03,2.62,-0.01,26,6812,卖盘
1617,09:53:00,2.63,--,670,176367,卖盘
1618,09:52:57,2.63,-0.01,20,5260,卖盘
1619,09:52:51,2.64,0.01,29,7656,买盘
1620,09:52:42,2.63,--,54,14202,卖盘
1621,09:52:39,2.63,0.01,793,208611,买盘
1622,09:52:36,2.62,--,3,786,卖盘
1623,09:52:27,2.62,-0.01,255,66810,卖盘
1624,09:52:09,2.63,--,2,526,买盘
1625,09:52:03,2.63,--,10,2630,买盘
1626,09:51:51,2.63,0.01,4,1052,买盘
1627,09:51:45,2.62,--,27,7074,卖盘
1628,09:51:42,2.62,--,10,2620,卖盘
1629,09:51:39,2.62,--,21,5502,卖盘
1630,09:51:27,2.62,--,10,2620,卖盘
1631,09:51:24,2.62,-0.01,10,2620,卖盘
1632,09:51:18,2.63,--,50,13150,买盘
1633,09:50:54,2.63,--,200,52600,买盘
1634,09:50:51,2.63,--,56,14728,买盘
1635,09:50:48,2.63,--,3042,800151,卖盘
1636,09:50:45,2.63,--,100,26300,卖盘
1637,09:50:42,2.63,--,40,10520,卖盘
1638,09:50:36,2.63,-0.01,300,78900,卖盘
1639,09:50:33,2.64,0.01,20,5280,买盘
1640,09:50:24,2.63,-0.01,302,79426,卖盘
1641,09:50:15,2.64,--,19,5016,买盘
1642,09:50:09,2.64,0.01,1,264,买盘
1643,09:50:00,2.63,--,200,52600,卖盘
1644,09:49:54,2.63,--,52,13676,卖盘
1645,09:49:51,2.63,-0.01,34,8942,卖盘
1646,09:49:45,2.64,0.01,26,6864,买盘
1647,09:49:36,2.63,--,73,19199,卖盘
1648,09:49:33,2.63,-0.01,39,10257,卖盘
1649,09:49:27,2.64,--,50,13200,买盘
1650,09:49:21,2.64,--,32,8448,买盘
1651,09:49:18,2.64,--,38,10032,买盘
1652,09:49:09,2.64,0.01,270,71280,买盘
1653,09:48:54,2.63,-0.01,300,78900,卖盘
1654,09:48:51,2.64,--,1,264,买盘
1655,09:48:48,2.64,--,2,528,买盘
1656,09:48:42,2.64,--,1,264,买盘
1657,09:48:39,2.64,--,15,3960,买盘
1658,09:48:33,2.64,0.01,45,11880,买盘
1659,09:48:30,2.63,-0.01,500,131500,卖盘
1660,09:48:18,2.64,--,160,42240,卖盘
1661,09:48:15,2.64,--,60,15840,卖盘
1662,09:48:12,2.64,-0.01,214,56496,卖盘
1663,09:48:09,2.65,0.01,50,13250,买盘
1664,09:48:06,2.64,--,110,29040,卖盘
1665,09:48:03,2.64,--,20,5280,卖盘
1666,09:48:00,2.64,--,1000,264000,卖盘
1667,09:47:57,2.64,--,200,52800,卖盘
1668,09:47:48,2.64,--,30,7920,卖盘
1669,09:47:45,2.64,--,100,26400,卖盘
1670,09:47:39,2.64,--,519,137016,卖盘
1671,09:47:33,2.64,--,100,26400,卖盘
1672,09:47:30,2.64,--,380,100531,卖盘
1673,09:47:27,2.64,-0.01,1,264,卖盘
1674,09:47:24,2.65,0.01,5,1325,买盘
1675,09:47:15,2.64,-0.01,34,8976,卖盘
1676,09:47:06,2.65,0.01,3,795,买盘
1677,09:46:57,2.64,-0.01,3,792,卖盘
1678,09:46:54,2.65,--,2,530,买盘
1679,09:46:51,2.65,--,6,1590,买盘
1680,09:46:48,2.65,0.01,6,1590,买盘
1681,09:46:42,2.64,--,10,2640,卖盘
1682,09:46:36,2.64,-0.01,3,792,卖盘
1683,09:46:24,2.65,0.01,105,27825,买盘
1684,09:46:21,2.64,--,100,26400,卖盘
1685,09:46:18,2.64,-0.01,53,13992,卖盘
1686,09:46:15,2.65,--,4,1060,买盘
1687,09:46:12,2.65,--,7,1855,买盘
1688,09:46:09,2.65,--,88,23320,买盘
1689,09:46:06,2.65,--,61,16165,买盘
1690,09:45:57,2.65,--,400,106000,买盘
1691,09:45:54,2.65,0.01,55,14575,买盘
1692,09:45:51,2.64,-0.01,103,27192,卖盘
1693,09:45:48,2.65,--,15,3975,买盘
1694,09:45:45,2.65,--,1,265,买盘
1695,09:45:33,2.65,--,100,26500,买盘
1696,09:45:24,2.65,--,50,13250,买盘
1697,09:45:21,2.65,0.01,4,1060,买盘
1698,09:45:18,2.64,--,30,7920,卖盘
1699,09:45:15,2.64,-0.01,5,1320,卖盘
1700,09:45:00,2.65,--,9,2385,买盘
1701,09:44:54,2.65,--,3,795,买盘
1702,09:44:39,2.65,--,3,795,买盘
1703,09:44:24,2.65,--,7,1855,买盘
1704,09:44:12,2.65,0.01,9,2385,买盘
1705,09:44:00,2.64,-0.01,2,528,卖盘
1706,09:43:57,2.65,0.01,50,13250,买盘
1707,09:43:54,2.64,--,17,4488,卖盘
1708,09:43:51,2.64,--,16,4224,卖盘
1709,09:43:39,2.64,--,10,2851,卖盘
1710,09:43:36,2.64,--,10,2640,卖盘
1711,09:43:27,2.64,--,10,2640,卖盘
1712,09:43:24,2.64,--,3070,810585,买盘
1713,09:43:21,2.64,--,1,264,买盘
1714,09:43:18,2.64,--,267,70488,买盘
1715,09:43:09,2.64,0.01,37,9768,买盘
1716,09:42:57,2.63,-0.01,18,4734,卖盘
1717,09:42:51,2.64,--,109,28776,买盘
1718,09:42:42,2.64,--,3950,1042800,买盘
1719,09:42:33,2.64,0.01,26,6864,买盘
1720,09:42:27,2.63,--,293,77059,卖盘
1721,09:42:15,2.63,--,29,7627,卖盘
1722,09:42:12,2.63,--,0,105,卖盘
1723,09:42:03,2.63,-0.01,114,29982,卖盘
1724,09:42:00,2.64,0.01,210,55440,买盘
1725,09:41:48,2.63,-0.01,3,946,卖盘
1726,09:41:45,2.64,--,5,1320,买盘
1727,09:41:42,2.64,--,26,6864,买盘
1728,09:41:33,2.64,--,710,187440,买盘
1729,09:41:24,2.64,0.01,105,27720,买盘
1730,09:41:21,2.63,-0.01,80,21040,卖盘
1731,09:41:06,2.64,--,19,5016,买盘
1732,09:41:03,2.64,--,4,1056,买盘
1733,09:40:48,2.64,0.01,10,2640,买盘
1734,09:40:45,2.63,-0.01,9,2367,卖盘
1735,09:40:36,2.64,--,1,264,买盘
1736,09:40:30,2.64,--,2,528,买盘
1737,09:40:15,2.64,0.01,1,264,买盘
1738,09:40:09,2.63,-0.01,20,5470,卖盘
1739,09:40:03,2.64,--,2,528,买盘
1740,09:40:00,2.64,0.01,2,528,买盘
1741,09:39:39,2.63,--,138,36294,卖盘
1742,09:39:36,2.63,--,10,2840,卖盘
1743,09:39:18,2.63,--,50,13150,卖盘
1744,09:39:12,2.63,--,108,28404,卖盘
1745,09:39:03,2.63,--,297,78111,卖盘
1746,09:38:51,2.63,--,143,37609,卖盘
1747,09:38:39,2.63,-0.01,9,2367,卖盘
1748,09:38:33,2.64,0.01,10,2640,买盘
1749,09:38:30,2.63,-0.01,5,1315,卖盘
1750,09:38:18,2.64,0.01,1,264,买盘
1751,09:38:12,2.63,-0.01,50,13150,卖盘
1752,09:38:09,2.64,--,6,1584,买盘
1753,09:37:57,2.64,--,1,264,买盘
1754,09:37:48,2.64,0.01,9,2376,买盘
1755,09:37:45,2.63,-0.01,12,3156,卖盘
1756,09:37:39,2.64,--,10,2640,买盘
1757,09:37:30,2.64,--,20,5280,买盘
1758,09:37:27,2.64,--,1,264,买盘
1759,09:37:15,2.64,--,40,10560,买盘
1760,09:37:00,2.64,--,1,264,买盘
1761,09:36:57,2.64,--,2,528,买盘
1762,09:36:54,2.64,--,24,6336,买盘
1763,09:36:51,2.64,0.01,1,264,买盘
1764,09:36:48,2.63,-0.01,100,26300,卖盘
1765,09:36:45,2.64,--,33,8712,买盘
1766,09:36:36,2.64,--,7,1848,买盘
1767,09:36:30,2.64,0.01,2,528,买盘
1768,09:36:27,2.63,-0.01,70,18410,卖盘
1769,09:36:21,2.64,0.01,102,26928,买盘
1770,09:36:18,2.63,--,12,3156,卖盘
1771,09:35:54,2.63,--,1,473,卖盘
1772,09:35:45,2.63,--,43,11309,卖盘
1773,09:35:24,2.63,--,1485,390660,买盘
1774,09:35:15,2.63,--,200,52600,买盘
1775,09:35:09,2.63,0.01,15,3945,买盘
1776,09:35:06,2.62,--,1,262,卖盘
1777,09:35:00,2.62,-0.01,50,13100,卖盘
1778,09:34:54,2.63,--,50,13150,买盘
1779,09:34:51,2.63,0.01,1,263,买盘
1780,09:34:45,2.62,--,3,943,卖盘
1781,09:34:42,2.62,-0.01,5,1310,卖盘
1782,09:34:39,2.63,--,5,1315,买盘
1783,09:34:30,2.63,--,5,1315,买盘
1784,09:34:24,2.63,0.01,2,526,买盘
1785,09:34:21,2.62,--,30,7860,卖盘
1786,09:34:09,2.62,-0.01,1,262,卖盘
1787,09:34:06,2.63,--,4,1052,买盘
1788,09:34:03,2.63,0.01,1,263,买盘
1789,09:34:00,2.62,--,61,16086,卖盘
1790,09:33:45,2.62,--,2,524,卖盘
1791,09:33:27,2.62,--,74,19388,卖盘
1792,09:33:18,2.62,--,13,3510,买盘
1793,09:33:15,2.62,--,82,21484,买盘
1794,09:33:12,2.62,--,13,3406,买盘
1795,09:33:09,2.62,0.01,6,1572,买盘
1796,09:33:06,2.61,-0.01,13,3393,卖盘
1797,09:32:57,2.62,0.01,4,1048,买盘
1798,09:32:54,2.61,-0.01,85,22185,卖盘
1799,09:32:42,2.62,--,197,51614,买盘
1800,09:32:39,2.62,--,51,13362,买盘
1801,09:32:36,2.62,--,10,2620,买盘
1802,09:32:30,2.62,--,10,2620,买盘
1803,09:32:24,2.62,--,100,26200,买盘
1804,09:32:21,2.62,--,60,15720,买盘
1805,09:32:18,2.62,0.01,40,10480,买盘
1806,09:32:15,2.61,-0.01,324,84564,卖盘
1807,09:32:09,2.62,--,100,26200,买盘
1808,09:32:06,2.62,--,40,10480,买盘
1809,09:32:03,2.62,0.01,14,3668,买盘
1810,09:32:00,2.61,-0.01,504,131544,卖盘
1811,09:31:45,2.62,--,2,524,买盘
1812,09:31:42,2.62,--,10,2620,买盘
1813,09:31:39,2.62,--,14,3668,买盘
1814,09:31:36,2.62,--,50,13100,买盘
1815,09:31:15,2.62,--,20,5240,买盘
1816,09:31:12,2.62,--,4,1048,买盘
1817,09:31:03,2.62,--,10,2620,买盘
1818,09:30:51,2.62,--,24,6288,买盘
1819,09:30:42,2.62,0.01,6,1572,买盘
1820,09:30:39,2.61,--,17,4437,卖盘
1821,09:30:36,2.61,-0.01,1,469,卖盘
1822,09:30:33,2.62,--,35,9170,买盘
1823,09:30:30,2.62,0.01,50,13100,买盘
1824,09:30:24,2.61,-0.01,3,783,卖盘
1825,09:30:21,2.62,--,10,2620,买盘
1826,09:30:18,2.62,--,20,5240,买盘
1827,09:30:15,2.62,--,66,17292,买盘
1828,09:30:06,2.62,--,23,6026,买盘
1829,09:30:03,2.62,--,528,138545,买盘
1830,09:30:00,2.62,--,0,0,买盘
1831,09:25:03,2.62,2.62,374,97988,买盘
