,time,price,change,volume,amount,type
0,15:00:03,6.75,--,566,382050,卖盘
1,14:57:00,6.75,--,0,0,卖盘
2,14:56:57,6.75,-0.03,5,3375,中性盘
3,14:56:39,6.78,--,2,1356,卖盘
4,14:56:33,6.78,0.03,3,2034,卖盘
5,14:56:30,6.75,0.02,25,16875,买盘
6,14:56:27,6.73,-0.08,28,18844,卖盘
7,14:56:21,6.81,0.07,3000,2042999,买盘
8,14:56:06,6.74,0.01,8,5392,买盘
9,14:56:00,6.73,-0.01,80,53840,卖盘
10,14:55:57,6.74,0.01,50,33700,买盘
11,14:55:54,6.73,--,5,3365,卖盘
12,14:55:51,6.73,--,50,33650,卖盘
13,14:55:45,6.73,-0.01,11,7403,卖盘
14,14:55:42,6.74,0.01,70,47180,买盘
15,14:55:33,6.73,--,8,5384,买盘
16,14:55:30,6.73,--,21,14133,买盘
17,14:55:06,6.73,--,21,14133,买盘
18,14:54:57,6.73,--,200,134600,买盘
19,14:54:54,6.73,--,30,20190,买盘
20,14:54:45,6.73,-0.01,221,148733,卖盘
21,14:54:42,6.74,-0.01,30,20220,卖盘
22,14:54:36,6.75,0.01,10,6750,中性盘
23,14:54:21,6.74,0.01,11,7414,买盘
24,14:54:15,6.73,-0.01,10,6730,卖盘
25,14:54:12,6.74,0.01,5,3370,买盘
26,14:54:03,6.73,--,27,18171,卖盘
27,14:54:00,6.73,-0.05,2,1346,中性盘
28,14:53:51,6.78,0.06,1800,1220400,买盘
29,14:53:45,6.72,-0.01,20,13440,卖盘
30,14:53:42,6.73,0.01,70,47110,买盘
31,14:53:36,6.72,-0.01,36,24192,卖盘
32,14:53:30,6.73,0.01,50,33650,买盘
33,14:53:27,6.72,-0.01,69,46368,卖盘
34,14:53:18,6.73,--,10,6730,买盘
35,14:53:09,6.73,0.01,113,76049,买盘
36,14:53:03,6.72,--,5,3360,卖盘
37,14:52:48,6.72,-0.01,62,41664,卖盘
38,14:52:39,6.73,-0.01,80,53840,中性盘
39,14:52:33,6.74,0.01,200,134800,买盘
40,14:52:21,6.73,0.01,70,47110,中性盘
41,14:52:09,6.72,--,66,44352,卖盘
42,14:52:06,6.72,--,249,167328,卖盘
43,14:52:00,6.72,--,2,1344,卖盘
44,14:51:57,6.72,0.02,476,319872,买盘
45,14:51:54,6.7,--,31,20770,卖盘
46,14:51:42,6.7,--,18,12060,买盘
47,14:51:24,6.7,0.02,10,6700,买盘
48,14:50:54,6.68,--,37,24716,买盘
49,14:50:48,6.68,--,9,6012,买盘
50,14:50:36,6.68,0.02,4,2672,买盘
51,14:50:27,6.66,-0.01,1002,667332,卖盘
52,14:49:54,6.67,0.01,50,33350,买盘
53,14:49:45,6.66,--,37,24642,卖盘
54,14:49:33,6.66,0.01,69,45954,买盘
55,14:48:42,6.65,--,63,42473,买盘
56,14:48:12,6.65,--,46,30676,卖盘
57,14:48:03,6.65,--,121,80465,卖盘
58,14:47:54,6.65,--,14,9310,卖盘
59,14:46:57,6.65,--,40,27178,买盘
60,14:46:54,6.65,--,20,13300,买盘
61,14:46:48,6.65,--,270,179550,买盘
62,14:46:42,6.65,--,20,13300,买盘
63,14:46:39,6.65,--,45,29925,买盘
64,14:46:36,6.65,--,78,51870,买盘
65,14:46:24,6.65,--,20,13300,买盘
66,14:45:51,6.65,0.01,25,16625,买盘
67,14:45:45,6.64,-0.01,20,13280,卖盘
68,14:45:27,6.65,-0.01,35,23361,卖盘
69,14:44:57,6.66,--,48,31968,卖盘
70,14:44:33,6.66,--,13,8658,卖盘
71,14:44:30,6.66,0.01,5,3330,买盘
72,14:44:27,6.65,--,83,55195,卖盘
73,14:44:21,6.65,--,11,7893,买盘
74,14:44:18,6.65,--,34,22696,卖盘
75,14:43:48,6.65,--,300,199500,卖盘
76,14:43:45,6.65,-0.03,13,8645,卖盘
77,14:41:42,6.68,--,21,14028,买盘
78,14:41:33,6.68,--,44,29392,买盘
79,14:41:21,6.68,0.03,36,24048,买盘
80,14:40:51,6.65,-0.02,40,26600,卖盘
81,14:40:27,6.67,0.02,2,1334,中性盘
82,14:39:30,6.65,-0.02,100,66500,卖盘
83,14:39:27,6.67,--,19,13253,买盘
84,14:39:24,6.67,--,22,14674,买盘
85,14:38:54,6.67,-0.01,5,3335,卖盘
86,14:38:42,6.68,--,54,36072,卖盘
87,14:37:51,6.68,--,4,2672,卖盘
88,14:37:24,6.68,--,2,1336,卖盘
89,14:37:09,6.68,-0.01,2,1336,卖盘
90,14:36:30,6.69,--,45,30105,买盘
91,14:34:48,6.69,--,8,5352,卖盘
92,14:34:24,6.69,--,7,4683,买盘
93,14:33:45,6.69,-0.01,11,7359,卖盘
94,14:33:42,6.7,-0.01,1,670,中性盘
95,14:33:30,6.71,0.01,69,46299,买盘
96,14:32:54,6.7,--,40,26800,买盘
97,14:32:42,6.7,--,2,1340,买盘
98,14:32:27,6.7,-0.01,3,2010,卖盘
99,14:32:24,6.71,--,50,33550,买盘
100,14:32:21,6.71,0.01,103,69113,买盘
101,14:32:06,6.7,--,20,13400,卖盘
102,14:31:54,6.7,-0.01,13,8710,卖盘
103,14:31:51,6.71,0.01,100,67100,买盘
104,14:31:42,6.7,--,7,4690,卖盘
105,14:31:39,6.7,0.02,360,241200,买盘
106,14:31:36,6.68,--,22,14696,买盘
107,14:31:24,6.68,0.01,45,30060,买盘
108,14:31:15,6.67,--,36,24158,买盘
109,14:31:12,6.67,--,18,12006,买盘
110,14:31:03,6.67,0.03,72,48024,买盘
111,14:31:00,6.64,0.01,100,66400,买盘
112,14:30:51,6.63,--,4,2652,卖盘
113,14:30:30,6.63,-0.01,10,6630,卖盘
114,14:30:09,6.64,--,20,13280,买盘
115,14:29:54,6.64,--,20,13280,买盘
116,14:29:36,6.64,--,81,53784,卖盘
117,14:29:06,6.64,-0.01,1,664,卖盘
118,14:28:51,6.65,-0.02,38,25270,卖盘
119,14:28:42,6.67,--,20,13340,买盘
120,14:28:00,6.67,--,2,1334,买盘
121,14:27:54,6.67,--,85,56695,卖盘
122,14:27:36,6.67,-0.01,1,667,卖盘
123,14:27:33,6.68,--,10,6680,买盘
124,14:26:45,6.68,0.01,20,13360,买盘
125,14:26:21,6.67,--,34,22678,卖盘
126,14:26:18,6.67,0.02,31,20677,买盘
127,14:26:06,6.65,--,5,3325,买盘
128,14:26:03,6.65,-0.01,31,20615,卖盘
129,14:25:48,6.66,0.01,30,19980,买盘
130,14:25:42,6.65,-0.02,6,3990,卖盘
131,14:25:21,6.67,--,100,66700,买盘
132,14:24:48,6.67,-0.02,59,39353,卖盘
133,14:24:09,6.69,--,51,34119,卖盘
134,14:23:54,6.69,--,54,36126,卖盘
135,14:23:48,6.69,--,1,669,卖盘
136,14:23:42,6.69,--,200,133800,卖盘
137,14:23:36,6.69,--,10,6690,卖盘
138,14:23:33,6.69,--,50,33450,卖盘
139,14:23:03,6.69,--,30,20070,卖盘
140,14:22:57,6.69,-0.01,107,71583,卖盘
141,14:22:39,6.7,0.01,50,33500,买盘
142,14:22:36,6.69,-0.01,101,67569,卖盘
143,14:22:30,6.7,--,46,30820,买盘
144,14:22:21,6.7,0.01,111,74370,买盘
145,14:22:03,6.69,-0.01,2,1338,卖盘
146,14:22:00,6.7,--,9,6030,买盘
147,14:21:57,6.7,--,13,8710,买盘
148,14:21:51,6.7,0.01,10,6700,买盘
149,14:21:36,6.69,0.02,212,141828,买盘
150,14:21:24,6.67,0.01,75,50025,买盘
151,14:21:18,6.66,0.01,19,12654,买盘
152,14:21:06,6.65,--,1,665,卖盘
153,14:21:00,6.65,0.02,121,80465,买盘
154,14:20:57,6.63,--,5,3315,卖盘
155,14:20:42,6.63,0.01,12,7956,买盘
156,14:20:24,6.62,-0.01,10,6620,卖盘
157,14:20:21,6.63,--,154,102102,买盘
158,14:20:12,6.63,--,10,6630,买盘
159,14:19:33,6.63,-0.01,329,218127,卖盘
160,14:18:21,6.64,--,34,22576,买盘
161,14:17:48,6.64,--,3,1992,卖盘
162,14:15:57,6.64,-0.01,8,5312,卖盘
163,14:15:39,6.65,--,222,147630,卖盘
164,14:15:30,6.65,--,5,3325,卖盘
165,14:15:27,6.65,--,3,1995,卖盘
166,14:15:18,6.65,-0.01,20,13300,卖盘
167,14:14:03,6.66,--,7,4662,买盘
168,14:14:00,6.66,0.01,2,1332,买盘
169,14:13:39,6.65,--,5,3325,卖盘
170,14:13:36,6.65,0.01,70,46550,买盘
171,14:13:30,6.64,--,20,13280,卖盘
172,14:13:24,6.64,--,5,3320,卖盘
173,14:12:57,6.64,--,12,7968,买盘
174,14:12:03,6.64,0.01,5,3320,买盘
175,14:11:54,6.63,-0.01,10,6630,卖盘
176,14:11:48,6.64,0.01,5,3320,买盘
177,14:11:42,6.63,--,4,2652,卖盘
178,14:11:30,6.63,--,1,663,卖盘
179,14:11:21,6.63,--,100,66300,卖盘
180,14:10:39,6.63,--,7,4641,卖盘
181,14:10:36,6.63,-0.01,10,6630,卖盘
182,14:10:12,6.64,--,1,664,买盘
183,14:09:30,6.64,0.01,30,19920,买盘
184,14:09:06,6.63,-0.01,10,6630,卖盘
185,14:08:06,6.64,--,23,15272,卖盘
186,14:07:06,6.64,--,8,5312,买盘
187,14:07:03,6.64,0.01,5,3320,买盘
188,14:06:57,6.63,-0.01,15,9945,卖盘
189,14:06:30,6.64,0.01,30,19920,买盘
190,14:06:21,6.63,--,10,6630,卖盘
191,14:05:21,6.63,--,32,21216,卖盘
192,14:05:06,6.63,-0.01,36,23868,卖盘
193,14:04:51,6.64,--,6,3984,买盘
194,14:04:39,6.64,-0.01,32,21248,卖盘
195,14:04:36,6.65,0.01,46,30590,买盘
196,14:04:33,6.64,--,20,13280,卖盘
197,14:04:18,6.64,0.01,10,6640,中性盘
198,14:03:51,6.63,-0.01,8,5304,卖盘
199,14:03:48,6.64,--,10,6640,买盘
200,14:03:27,6.64,-0.01,1,664,中性盘
201,14:03:18,6.65,--,26,17290,卖盘
202,14:03:15,6.65,--,70,46550,卖盘
203,14:03:09,6.65,--,10,6650,卖盘
204,14:03:06,6.65,--,5,3325,卖盘
205,14:03:03,6.65,0.03,139,92435,买盘
206,14:02:57,6.62,-0.02,7,4634,卖盘
207,14:02:54,6.64,--,29,19256,买盘
208,14:02:48,6.64,0.01,180,119520,买盘
209,14:02:45,6.63,--,11,7293,卖盘
210,14:02:39,6.63,--,50,33150,卖盘
211,14:02:33,6.63,0.01,20,13260,买盘
212,14:02:30,6.62,--,1,662,卖盘
213,14:02:24,6.62,0.02,83,54946,买盘
214,14:02:21,6.6,--,10,6600,卖盘
215,14:02:12,6.6,0.01,149,98340,买盘
216,14:02:03,6.59,0.01,67,44153,买盘
217,14:01:51,6.58,0.01,41,26978,买盘
218,14:01:09,6.57,0.01,24,15768,买盘
219,14:00:00,6.56,0.01,2,1312,买盘
220,13:58:57,6.55,0.01,24,15720,买盘
221,13:58:39,6.54,--,3,1962,买盘
222,13:58:27,6.54,--,12,7848,卖盘
223,13:58:24,6.54,-0.01,4,2616,中性盘
224,13:57:51,6.55,0.02,14,9170,买盘
225,13:57:12,6.53,--,50,32650,卖盘
226,13:56:48,6.53,--,18,11754,买盘
227,13:56:30,6.53,-0.01,7,4571,卖盘
228,13:56:24,6.54,--,10,6540,买盘
229,13:55:51,6.54,-0.01,51,33354,卖盘
230,13:55:21,6.55,-0.01,17,11135,卖盘
231,13:55:18,6.56,--,7,4592,买盘
232,13:54:33,6.56,--,2,1312,买盘
233,13:54:27,6.56,--,1,656,买盘
234,13:53:21,6.56,--,1,656,买盘
235,13:53:06,6.56,--,124,81344,卖盘
236,13:52:54,6.56,-0.01,100,65600,卖盘
237,13:52:33,6.57,--,15,9855,买盘
238,13:52:15,6.57,0.01,1,657,买盘
239,13:51:24,6.56,0.01,30,19680,买盘
240,13:50:33,6.55,--,20,13100,卖盘
241,13:50:18,6.55,-0.01,9,5895,卖盘
242,13:50:12,6.56,0.01,10,6560,买盘
243,13:50:09,6.55,-0.01,20,13100,卖盘
244,13:50:03,6.56,--,14,9184,买盘
245,13:49:51,6.56,0.01,1,656,买盘
246,13:49:42,6.55,--,62,40610,卖盘
247,13:49:06,6.55,--,10,6550,卖盘
248,13:48:54,6.55,--,10,6550,卖盘
249,13:48:36,6.55,--,10,6550,卖盘
250,13:48:27,6.55,0.02,156,102180,买盘
251,13:48:15,6.53,--,14,9142,卖盘
252,13:47:51,6.53,0.01,54,35738,买盘
253,13:47:18,6.52,--,10,6520,卖盘
254,13:47:12,6.52,--,7,4564,卖盘
255,13:46:09,6.52,-0.01,31,20212,卖盘
256,13:43:54,6.53,--,5,3265,买盘
257,13:43:24,6.53,-0.01,3,2135,卖盘
258,13:43:09,6.54,0.01,1,654,买盘
259,13:43:00,6.53,--,30,19590,卖盘
260,13:41:15,6.53,--,75,48975,卖盘
261,13:40:54,6.53,0.01,44,29208,中性盘
262,13:40:06,6.52,--,4,2608,卖盘
263,13:39:51,6.52,--,4,2608,卖盘
264,13:39:27,6.52,--,7,4564,卖盘
265,13:38:42,6.52,--,19,12388,卖盘
266,13:37:51,6.52,-0.01,46,29991,卖盘
267,13:37:15,6.53,-0.01,33,21549,卖盘
268,13:36:36,6.54,0.01,22,14388,买盘
269,13:36:18,6.53,--,11,7183,买盘
270,13:35:45,6.53,--,5,3265,买盘
271,13:35:18,6.53,--,15,9795,买盘
272,13:35:06,6.53,--,2,1306,买盘
273,13:35:03,6.53,--,1,653,买盘
274,13:34:51,6.53,--,3,1959,买盘
275,13:34:24,6.53,0.01,8,5224,买盘
276,13:33:39,6.52,--,15,9780,买盘
277,13:30:09,6.52,--,32,20864,买盘
278,13:29:54,6.52,--,5,3260,买盘
279,13:29:45,6.52,0.01,15,9780,买盘
280,13:29:03,6.51,--,2,1302,买盘
281,13:28:51,6.51,0.01,5,3255,中性盘
282,13:26:27,6.5,-0.01,46,29900,卖盘
283,13:26:09,6.51,--,2,1302,卖盘
284,13:24:57,6.51,-0.01,9,5859,卖盘
285,13:24:42,6.52,--,3,1955,卖盘
286,13:24:27,6.52,--,4,2608,买盘
287,13:22:36,6.52,--,29,18908,卖盘
288,13:22:00,6.52,--,21,13692,买盘
289,13:20:45,6.52,--,7,4564,买盘
290,13:19:27,6.52,0.01,30,19560,买盘
291,13:19:12,6.51,--,7,4557,卖盘
292,13:17:48,6.51,--,5,3255,卖盘
293,13:17:09,6.51,--,5,3255,买盘
294,13:16:57,6.51,-0.01,95,61845,卖盘
295,13:15:24,6.52,0.01,3,1955,买盘
296,13:15:06,6.51,-0.01,35,22785,中性盘
297,13:14:00,6.52,0.02,30,19560,买盘
298,13:13:48,6.5,--,3,1950,卖盘
299,13:12:21,6.5,--,4,2600,卖盘
300,13:10:48,6.5,--,90,58500,卖盘
301,13:10:30,6.5,--,30,19500,卖盘
302,13:10:09,6.5,-0.01,4,2600,卖盘
303,13:09:51,6.51,0.01,8,5208,买盘
304,13:09:21,6.5,0.01,289,187850,买盘
305,13:09:09,6.49,--,5,3245,买盘
306,13:07:51,6.49,--,3,1947,买盘
307,13:06:51,6.49,--,2,1298,卖盘
308,13:05:36,6.49,--,5,3245,卖盘
309,13:05:09,6.49,--,20,12980,卖盘
310,13:05:03,6.49,-0.01,13,8437,卖盘
311,13:04:48,6.5,0.01,30,19500,买盘
312,13:04:45,6.49,-0.01,10,6490,卖盘
313,13:04:39,6.5,--,2,1300,买盘
314,13:02:42,6.5,-0.01,1,650,卖盘
315,13:02:24,6.51,--,1,651,买盘
316,13:02:15,6.51,--,1,651,买盘
317,13:01:18,6.51,0.01,6,3906,买盘
318,13:01:15,6.5,--,1,650,卖盘
319,13:00:45,6.5,--,3,1950,买盘
320,13:00:21,6.5,--,10,6500,买盘
321,13:00:09,6.5,0.03,10,6500,买盘
322,13:00:06,6.47,-0.03,1,647,卖盘
323,13:00:03,6.5,0.03,485,315250,买盘
324,13:00:00,6.47,--,0,0,卖盘
325,11:30:00,6.47,--,0,0,卖盘
326,11:29:27,6.47,0.01,55,35585,买盘
327,11:28:21,6.46,-0.01,11,7106,卖盘
328,11:28:12,6.47,--,5,3235,买盘
329,11:27:39,6.47,--,5,3235,买盘
330,11:27:24,6.47,--,28,18116,买盘
331,11:27:18,6.47,--,1,647,买盘
332,11:26:27,6.47,-0.04,53,34291,卖盘
333,11:25:03,6.51,--,20,13020,买盘
334,11:23:36,6.51,0.02,6,3906,买盘
335,11:21:54,6.49,-0.01,7,4543,卖盘
336,11:21:06,6.5,--,2,1820,卖盘
337,11:20:27,6.5,0.01,106,69030,买盘
338,11:20:15,6.49,--,1,649,买盘
339,11:19:48,6.49,0.01,77,49973,买盘
340,11:19:42,6.48,-0.01,10,6480,卖盘
341,11:18:45,6.49,--,29,18821,卖盘
342,11:18:42,6.49,--,5,3245,卖盘
343,11:18:33,6.49,--,24,15576,卖盘
344,11:18:12,6.49,-0.01,7,4543,卖盘
345,11:17:57,6.5,0.01,42,27300,买盘
346,11:17:42,6.49,0.01,35,22715,中性盘
347,11:16:36,6.48,-0.02,10,6480,卖盘
348,11:16:33,6.5,--,3,1950,买盘
349,11:16:21,6.5,--,1,650,买盘
350,11:15:21,6.5,--,5,3250,买盘
351,11:15:00,6.5,--,27,17550,买盘
352,11:14:09,6.5,--,36,23920,卖盘
353,11:13:12,6.5,--,20,13000,卖盘
354,11:12:12,6.5,--,2,1300,卖盘
355,11:11:51,6.5,--,10,6500,卖盘
356,11:11:21,6.5,--,3,1950,卖盘
357,11:11:06,6.5,--,10,6500,卖盘
358,11:10:45,6.5,0.02,51,33280,买盘
359,11:09:48,6.48,-0.01,15,9720,卖盘
360,11:09:27,6.49,0.02,8,5192,买盘
361,11:08:54,6.47,-0.01,39,25233,卖盘
362,11:08:42,6.48,--,31,20088,卖盘
363,11:08:39,6.48,-0.01,7,4536,卖盘
364,11:08:24,6.49,-0.01,4,2596,卖盘
365,11:08:12,6.5,--,5,3250,买盘
366,11:07:27,6.5,--,90,59020,卖盘
367,11:06:54,6.5,--,100,65000,卖盘
368,11:06:39,6.5,--,10,6500,卖盘
369,11:06:03,6.5,0.02,13,8580,买盘
370,11:05:51,6.48,0.01,11,7128,买盘
371,11:05:15,6.47,-0.01,19,12293,卖盘
372,11:05:00,6.48,0.01,76,49248,买盘
373,11:04:45,6.47,--,34,21998,卖盘
374,11:04:33,6.47,--,136,87992,卖盘
375,11:03:54,6.47,0.01,32,20704,买盘
376,11:03:51,6.46,--,25,16150,中性盘
377,11:02:57,6.46,-0.01,11,7106,中性盘
378,11:00:48,6.47,-0.01,5,3235,卖盘
379,11:00:45,6.48,0.01,7,4536,买盘
380,11:00:24,6.47,--,9,5823,卖盘
381,10:59:54,6.47,-0.01,50,32350,卖盘
382,10:58:21,6.48,--,58,37584,卖盘
383,10:58:00,6.48,--,16,10368,买盘
384,10:56:03,6.48,0.02,23,14904,买盘
385,10:55:57,6.46,--,1,646,卖盘
386,10:55:00,6.46,--,17,10982,买盘
387,10:54:54,6.46,--,90,58140,买盘
388,10:54:48,6.46,0.01,190,122740,买盘
389,10:54:36,6.45,0.01,16,10320,买盘
390,10:54:24,6.44,--,19,12480,买盘
391,10:54:21,6.44,--,11,7084,买盘
392,10:54:03,6.44,--,10,6440,买盘
393,10:53:33,6.44,--,59,38395,卖盘
394,10:53:27,6.44,--,95,61180,卖盘
395,10:52:51,6.44,--,80,51764,卖盘
396,10:52:48,6.44,-0.01,24,15456,卖盘
397,10:52:42,6.45,0.01,32,20640,买盘
398,10:52:36,6.44,-0.01,5,3220,卖盘
399,10:52:27,6.45,0.01,30,19350,买盘
400,10:52:18,6.44,-0.01,55,35420,卖盘
401,10:52:03,6.45,--,44,28380,卖盘
402,10:51:57,6.45,--,18,11610,卖盘
403,10:51:54,6.45,--,220,141900,卖盘
404,10:51:42,6.45,--,600,387000,卖盘
405,10:51:39,6.45,--,195,125775,卖盘
406,10:51:36,6.45,--,7,4515,卖盘
407,10:51:27,6.45,--,18,11610,卖盘
408,10:51:12,6.45,--,23,14835,卖盘
409,10:50:54,6.45,-0.01,22,14190,卖盘
410,10:50:45,6.46,0.01,7,4522,买盘
411,10:50:42,6.45,-0.01,14,9030,卖盘
412,10:50:12,6.46,--,90,58140,卖盘
413,10:49:48,6.46,--,10,6460,卖盘
414,10:49:45,6.46,--,6,3876,卖盘
415,10:49:09,6.46,-0.02,14,9044,卖盘
416,10:48:39,6.48,0.02,1,648,买盘
417,10:48:33,6.46,-0.02,30,19380,卖盘
418,10:46:42,6.48,0.02,12,7776,买盘
419,10:44:39,6.46,--,6,3876,卖盘
420,10:44:15,6.46,--,1,646,卖盘
421,10:43:27,6.46,-0.02,1200,775200,卖盘
422,10:43:12,6.48,--,30,19440,卖盘
423,10:42:27,6.48,-0.01,7,4536,卖盘
424,10:42:18,6.49,0.01,36,23364,买盘
425,10:42:12,6.48,--,100,64800,卖盘
426,10:41:15,6.48,-0.01,33,21384,卖盘
427,10:40:24,6.49,0.01,3,1947,买盘
428,10:39:51,6.48,-0.01,8,5184,卖盘
429,10:38:51,6.49,0.01,6,3894,买盘
430,10:38:00,6.48,--,30,19440,卖盘
431,10:37:33,6.48,-0.01,35,22680,卖盘
432,10:37:09,6.49,0.01,49,31801,买盘
433,10:36:57,6.48,--,3,1944,卖盘
434,10:36:36,6.48,--,1,648,卖盘
435,10:36:06,6.48,--,68,44064,买盘
436,10:35:57,6.48,--,4,2592,买盘
437,10:35:51,6.48,--,20,12960,买盘
438,10:35:27,6.48,0.01,9,5832,买盘
439,10:35:24,6.47,--,10,6470,买盘
440,10:33:54,6.47,--,1,647,买盘
441,10:33:45,6.47,-0.01,9,5823,卖盘
442,10:33:39,6.48,--,10,6480,买盘
443,10:33:00,6.48,0.01,20,12960,买盘
444,10:32:45,6.47,-0.01,136,87992,卖盘
445,10:32:06,6.48,--,11,7128,买盘
446,10:31:36,6.48,-0.01,1,648,中性盘
447,10:31:06,6.49,0.01,45,29205,买盘
448,10:30:54,6.48,--,43,27864,卖盘
449,10:30:51,6.48,--,100,64800,卖盘
450,10:30:48,6.48,--,15,9720,卖盘
451,10:30:45,6.48,-0.01,50,32400,卖盘
452,10:30:39,6.49,--,8,5192,买盘
453,10:30:24,6.49,--,24,15576,卖盘
454,10:30:18,6.49,--,80,51920,卖盘
455,10:30:12,6.49,--,41,26609,卖盘
456,10:29:51,6.49,--,33,21417,卖盘
457,10:29:15,6.49,-0.03,1,649,卖盘
458,10:28:36,6.52,--,45,29339,买盘
459,10:28:27,6.52,0.03,30,19560,买盘
460,10:28:12,6.49,--,205,133045,买盘
461,10:28:06,6.49,--,10,6490,买盘
462,10:28:03,6.49,-0.01,106,68794,卖盘
463,10:27:57,6.5,0.01,101,65650,买盘
464,10:27:48,6.49,0.01,99,64251,买盘
465,10:27:27,6.48,0.01,98,63504,买盘
466,10:27:18,6.47,0.02,39,25233,中性盘
467,10:26:42,6.45,--,31,19995,买盘
468,10:26:21,6.45,--,456,294120,买盘
469,10:25:51,6.45,--,70,45150,买盘
470,10:25:06,6.45,--,187,120615,卖盘
471,10:24:51,6.45,--,13,8385,买盘
472,10:24:48,6.45,--,5,3225,买盘
473,10:24:45,6.45,--,29,18705,买盘
474,10:24:39,6.45,--,6,3870,买盘
475,10:24:27,6.45,--,73,47085,卖盘
476,10:24:18,6.45,0.02,27,17415,买盘
477,10:24:06,6.43,--,33,21219,卖盘
478,10:23:39,6.43,0.03,219,140817,买盘
479,10:23:18,6.4,--,14,8966,买盘
480,10:23:12,6.4,--,1,640,买盘
481,10:23:09,6.4,0.01,13,8320,买盘
482,10:23:06,6.39,-0.01,19,12141,卖盘
483,10:23:03,6.4,--,30,19200,买盘
484,10:23:00,6.4,--,5,3200,买盘
485,10:22:57,6.4,--,10,6400,买盘
486,10:22:45,6.4,0.01,3,1920,买盘
487,10:22:36,6.39,--,12,7668,卖盘
488,10:22:30,6.39,-0.01,3,1917,卖盘
489,10:22:24,6.4,0.01,10,6400,买盘
490,10:22:18,6.39,--,2,1278,买盘
491,10:22:09,6.39,--,49,31311,卖盘
492,10:22:06,6.39,-0.01,12,7668,卖盘
493,10:22:03,6.4,--,30,19200,买盘
494,10:22:00,6.4,--,9,5760,买盘
495,10:21:54,6.4,-0.03,66,42873,卖盘
496,10:21:45,6.43,0.03,100,64300,买盘
497,10:21:39,6.4,--,32,20480,卖盘
498,10:21:30,6.4,--,101,64646,买盘
499,10:21:27,6.4,--,36,23040,买盘
500,10:21:24,6.4,--,10,6400,买盘
501,10:21:21,6.4,--,40,25600,买盘
502,10:20:54,6.4,-0.04,373,239353,卖盘
503,10:20:51,6.44,--,2,1288,卖盘
504,10:20:48,6.44,--,9,5796,买盘
505,10:20:42,6.44,--,179,115276,买盘
506,10:20:33,6.44,0.01,8,5152,买盘
507,10:20:18,6.43,--,9,5787,卖盘
508,10:20:15,6.43,--,15,9645,买盘
509,10:20:09,6.43,--,304,195472,买盘
510,10:20:06,6.43,0.01,10,6430,买盘
511,10:20:03,6.42,--,4,2568,卖盘
512,10:20:00,6.42,--,9,5778,卖盘
513,10:19:57,6.42,--,32,20544,卖盘
514,10:19:54,6.42,-0.01,77,49434,卖盘
515,10:19:48,6.43,0.01,1,643,买盘
516,10:19:39,6.42,-0.01,30,19260,卖盘
517,10:19:24,6.43,--,45,28935,买盘
518,10:19:12,6.43,--,6,3858,买盘
519,10:19:09,6.43,-0.02,202,129886,卖盘
520,10:19:03,6.45,--,1,645,买盘
521,10:19:00,6.45,--,82,52890,买盘
522,10:18:54,6.45,--,10,6450,买盘
523,10:18:48,6.45,--,3,1935,卖盘
524,10:18:42,6.45,-0.01,42,27090,卖盘
525,10:18:39,6.46,--,71,45866,买盘
526,10:18:33,6.46,--,15,9690,买盘
527,10:18:30,6.46,0.01,10,6460,买盘
528,10:18:27,6.45,-0.01,22,14190,卖盘
529,10:18:00,6.46,--,14,9044,卖盘
530,10:17:57,6.46,--,31,20026,卖盘
531,10:17:45,6.46,--,2,1292,卖盘
532,10:17:33,6.46,--,1,646,卖盘
533,10:17:21,6.46,0.01,125,80750,买盘
534,10:17:18,6.45,-0.01,38,24510,卖盘
535,10:17:15,6.46,--,19,12274,买盘
536,10:16:51,6.46,0.01,3,1938,买盘
537,10:16:45,6.45,--,12,7740,卖盘
538,10:16:39,6.45,-0.01,1,645,卖盘
539,10:16:24,6.46,-0.02,464,299744,卖盘
540,10:16:15,6.48,--,12,7776,卖盘
541,10:16:00,6.48,-0.02,15,9720,卖盘
542,10:15:51,6.5,0.02,1,650,买盘
543,10:15:42,6.48,-0.02,10,6480,卖盘
544,10:15:30,6.5,--,1,650,买盘
545,10:15:24,6.5,0.02,1,650,买盘
546,10:15:12,6.48,--,29,18792,卖盘
547,10:15:00,6.48,--,7,4536,卖盘
548,10:14:30,6.48,-0.01,8,5184,卖盘
549,10:14:24,6.49,0.01,3,1947,中性盘
550,10:14:00,6.48,-0.01,8,5184,卖盘
551,10:13:45,6.49,--,49,31801,卖盘
552,10:13:33,6.49,--,3,1947,卖盘
553,10:13:24,6.49,-0.01,3,1947,中性盘
554,10:13:18,6.5,--,10,6500,买盘
555,10:13:06,6.5,--,2,1300,买盘
556,10:12:12,6.5,-0.01,19,12350,卖盘
557,10:12:09,6.51,--,38,24738,买盘
558,10:12:00,6.51,0.01,6,3906,买盘
559,10:11:57,6.5,0.02,14,9100,中性盘
560,10:11:39,6.48,--,3,1944,卖盘
561,10:11:24,6.48,--,3,1944,卖盘
562,10:11:18,6.48,--,78,50544,买盘
563,10:11:15,6.48,0.02,23,14904,买盘
564,10:11:09,6.46,--,7,4522,卖盘
565,10:11:06,6.46,0.04,3,1938,中性盘
566,10:10:54,6.42,-0.08,200,128400,卖盘
567,10:10:51,6.5,0.04,920,598000,买盘
568,10:10:21,6.46,0.01,10,6460,买盘
569,10:10:12,6.45,0.01,3,1935,卖盘
570,10:10:09,6.44,-0.01,73,47018,卖盘
571,10:10:00,6.45,--,6,3870,买盘
572,10:09:57,6.45,--,338,218010,买盘
573,10:09:48,6.45,--,22,14190,买盘
574,10:09:45,6.45,--,1,645,买盘
575,10:09:42,6.45,-0.01,226,146408,卖盘
576,10:09:39,6.46,-0.04,2,1292,中性盘
577,10:09:27,6.5,0.04,60,39000,买盘
578,10:09:21,6.46,-0.01,31,20026,卖盘
579,10:09:18,6.47,0.01,10,6470,买盘
580,10:09:15,6.46,--,105,67830,卖盘
581,10:09:12,6.46,-0.01,4,2584,卖盘
582,10:09:06,6.47,0.01,5,3235,买盘
583,10:08:57,6.46,--,40,25840,卖盘
584,10:08:54,6.46,-0.01,100,64600,卖盘
585,10:08:51,6.47,--,2,1294,买盘
586,10:08:48,6.47,0.01,4,2588,买盘
587,10:08:42,6.46,--,5,3230,卖盘
588,10:08:30,6.46,-0.01,39,25194,卖盘
589,10:08:09,6.47,-0.01,17,10999,卖盘
590,10:08:06,6.48,0.01,15,9720,买盘
591,10:08:00,6.47,-0.01,12,7764,卖盘
592,10:07:54,6.48,0.01,20,12960,买盘
593,10:07:51,6.47,-0.01,2,1294,卖盘
594,10:07:39,6.48,--,24,15552,卖盘
595,10:07:18,6.48,-0.02,6,3888,卖盘
596,10:07:09,6.5,-0.01,58,37700,卖盘
597,10:07:06,6.51,--,9,5859,卖盘
598,10:06:54,6.51,--,14,9114,卖盘
599,10:06:48,6.51,--,8,5208,卖盘
600,10:06:39,6.51,--,87,56637,卖盘
601,10:06:24,6.51,--,30,19530,卖盘
602,10:06:18,6.51,--,8,5208,卖盘
603,10:06:09,6.51,--,30,19530,买盘
604,10:06:03,6.51,--,16,10416,买盘
605,10:05:57,6.51,--,120,78120,买盘
606,10:05:51,6.51,--,11,7161,买盘
607,10:05:48,6.51,-0.01,62,40362,卖盘
608,10:05:42,6.52,0.01,1,652,买盘
609,10:05:39,6.51,0.02,30,19530,买盘
610,10:05:36,6.49,--,41,26609,买盘
611,10:05:33,6.49,--,13,8437,买盘
612,10:05:30,6.49,-0.01,13,8437,卖盘
613,10:05:24,6.5,--,41,26650,卖盘
614,10:05:21,6.5,-0.02,25,16250,卖盘
615,10:05:18,6.52,0.03,150,97800,买盘
616,10:05:06,6.49,-0.01,46,29854,中性盘
617,10:04:57,6.5,0.04,30,19500,买盘
618,10:04:54,6.46,-0.03,45,29070,卖盘
619,10:04:48,6.49,0.03,1,649,买盘
620,10:04:45,6.46,0.01,25,16150,中性盘
621,10:04:18,6.45,-0.01,14,9036,卖盘
622,10:04:09,6.46,--,5,3230,买盘
623,10:04:06,6.46,-0.03,391,253225,卖盘
624,10:03:54,6.49,0.01,59,38291,中性盘
625,10:03:33,6.48,-0.01,110,71280,卖盘
626,10:03:24,6.49,-0.01,124,80476,卖盘
627,10:03:12,6.5,0.01,20,13000,买盘
628,10:03:09,6.49,--,1,649,卖盘
629,10:02:57,6.49,--,2,1298,买盘
630,10:02:54,6.49,--,100,64900,买盘
631,10:02:39,6.49,-0.01,18,11682,卖盘
632,10:02:36,6.5,-0.01,50,32500,买盘
633,10:02:27,6.51,0.02,1,651,中性盘
634,10:02:21,6.49,-0.04,25,16225,卖盘
635,10:02:15,6.53,0.03,221,144313,买盘
636,10:02:12,6.5,0.03,10,6500,中性盘
637,10:02:00,6.47,--,20,12940,卖盘
638,10:01:57,6.47,-0.03,261,168867,卖盘
639,10:01:51,6.5,0.02,21,13650,买盘
640,10:01:48,6.48,-0.02,16,10374,卖盘
641,10:01:42,6.5,0.02,30,19500,买盘
642,10:01:33,6.48,--,5,3240,卖盘
643,10:01:30,6.48,0.02,10,6480,买盘
644,10:01:24,6.46,--,109,70414,卖盘
645,10:01:21,6.46,--,25,16150,卖盘
646,10:01:15,6.46,--,10,6460,卖盘
647,10:01:12,6.46,--,16,10336,卖盘
648,10:01:09,6.46,-0.02,34,21964,卖盘
649,10:01:06,6.48,--,80,51840,卖盘
650,10:01:03,6.48,--,67,43416,卖盘
651,10:00:57,6.48,-0.04,155,100440,卖盘
652,10:00:51,6.52,0.02,13,8476,买盘
653,10:00:45,6.5,-0.02,163,105950,卖盘
654,10:00:42,6.52,--,7,4564,卖盘
655,10:00:39,6.52,--,30,19560,卖盘
656,10:00:27,6.52,-0.03,10,6520,卖盘
657,10:00:15,6.55,-0.01,5,3275,卖盘
658,10:00:12,6.56,0.04,20,13120,买盘
659,10:00:09,6.52,-0.04,240,156480,卖盘
660,09:59:57,6.56,--,40,26240,卖盘
661,09:59:54,6.56,--,20,13120,卖盘
662,09:59:48,6.56,--,57,37392,卖盘
663,09:59:45,6.56,--,132,86592,卖盘
664,09:59:42,6.56,-0.01,2,1312,卖盘
665,09:59:36,6.57,-0.01,292,191844,卖盘
666,09:59:24,6.58,--,2,1316,买盘
667,09:59:21,6.58,--,47,31577,卖盘
668,09:59:15,6.58,--,23,15134,卖盘
669,09:59:12,6.58,-0.01,159,104622,卖盘
670,09:59:09,6.59,--,2,1318,买盘
671,09:59:00,6.59,--,117,77103,卖盘
672,09:58:57,6.59,-0.01,10,6590,卖盘
673,09:58:51,6.6,--,10,6600,买盘
674,09:58:48,6.6,--,49,32340,卖盘
675,09:58:45,6.6,--,4,2640,卖盘
676,09:58:24,6.6,--,20,13200,卖盘
677,09:58:09,6.6,--,13,8580,卖盘
678,09:58:06,6.6,-0.03,165,108900,卖盘
679,09:58:03,6.63,0.03,13,8619,买盘
680,09:57:57,6.6,--,216,142560,卖盘
681,09:57:48,6.6,0.02,155,102300,买盘
682,09:57:24,6.58,--,2,1316,卖盘
683,09:57:21,6.58,--,24,15798,卖盘
684,09:57:03,6.58,-0.01,66,43428,卖盘
685,09:57:00,6.59,--,1,659,卖盘
686,09:56:54,6.59,--,43,28337,买盘
687,09:56:51,6.59,--,5,3295,买盘
688,09:56:45,6.59,--,4,2636,卖盘
689,09:56:42,6.59,--,122,80398,买盘
690,09:56:39,6.59,--,4,2636,买盘
691,09:56:33,6.59,--,2,1318,买盘
692,09:56:30,6.59,--,173,114007,卖盘
693,09:56:21,6.59,--,16,10544,卖盘
694,09:55:51,6.59,--,13,8567,买盘
695,09:55:36,6.59,--,12,7908,买盘
696,09:55:33,6.59,0.01,8,5272,买盘
697,09:55:30,6.58,-0.01,5,3290,卖盘
698,09:55:27,6.59,0.01,50,32950,买盘
699,09:55:18,6.58,-0.01,1,658,卖盘
700,09:55:09,6.59,--,54,35586,买盘
701,09:55:06,6.59,--,2,1318,买盘
702,09:55:03,6.59,0.01,2,1318,中性盘
703,09:54:51,6.58,-0.02,30,19740,卖盘
704,09:54:45,6.6,0.01,2,1320,买盘
705,09:54:33,6.59,--,39,25701,卖盘
706,09:54:18,6.59,0.01,88,57992,买盘
707,09:54:15,6.58,-0.01,25,16450,卖盘
708,09:54:06,6.59,-0.01,1,659,中性盘
709,09:53:51,6.6,-0.05,6,3960,卖盘
710,09:53:45,6.65,--,107,71813,卖盘
711,09:53:42,6.65,--,81,53865,卖盘
712,09:53:36,6.65,--,10,6650,卖盘
713,09:53:33,6.65,--,2,1330,卖盘
714,09:53:27,6.65,0.06,204,135666,买盘
715,09:53:15,6.59,-0.01,28,18452,卖盘
716,09:53:06,6.6,-0.02,94,62040,卖盘
717,09:53:03,6.62,-0.03,99,65538,卖盘
718,09:53:00,6.65,0.05,10,6650,买盘
719,09:52:57,6.6,-0.01,99,65340,卖盘
720,09:52:54,6.61,-0.01,111,73371,卖盘
721,09:52:45,6.62,-0.02,89,58918,卖盘
722,09:52:42,6.64,0.02,3,1992,买盘
723,09:52:21,6.62,-0.02,15,9930,卖盘
724,09:51:57,6.64,0.02,7,4648,买盘
725,09:51:45,6.62,--,25,16550,卖盘
726,09:51:30,6.62,--,32,21184,买盘
727,09:51:27,6.62,--,10,6620,买盘
728,09:51:15,6.62,--,10,6620,买盘
729,09:51:12,6.62,--,3,1986,买盘
730,09:51:03,6.62,0.01,15,9930,买盘
731,09:50:54,6.61,--,30,19830,买盘
732,09:50:51,6.61,-0.01,45,29745,卖盘
733,09:50:45,6.62,--,6,3972,买盘
734,09:50:36,6.62,--,23,15226,买盘
735,09:50:33,6.62,--,6,3972,买盘
736,09:50:30,6.62,-0.01,10,6620,卖盘
737,09:50:27,6.63,--,1,663,卖盘
738,09:50:24,6.63,-0.02,14,9282,中性盘
739,09:50:18,6.65,0.03,40,26600,买盘
740,09:50:15,6.62,-0.01,92,61559,卖盘
741,09:50:09,6.63,0.01,10,6630,中性盘
742,09:50:03,6.62,-0.01,50,33100,卖盘
743,09:49:54,6.63,--,77,51057,买盘
744,09:49:45,6.63,--,24,15912,卖盘
745,09:49:42,6.63,-0.02,16,10608,卖盘
746,09:49:33,6.65,--,2,1330,买盘
747,09:49:30,6.65,--,128,85120,卖盘
748,09:49:27,6.65,--,61,40565,卖盘
749,09:49:24,6.65,-0.01,1,665,卖盘
750,09:49:15,6.66,--,68,45288,卖盘
751,09:49:12,6.66,--,20,13320,卖盘
752,09:49:06,6.66,-0.01,30,19980,卖盘
753,09:48:57,6.67,--,15,10005,卖盘
754,09:48:54,6.67,-0.01,50,33350,卖盘
755,09:48:33,6.68,--,143,95524,卖盘
756,09:48:24,6.68,--,7,4676,卖盘
757,09:48:12,6.68,-0.01,46,30728,卖盘
758,09:48:09,6.69,--,100,66900,卖盘
759,09:48:00,6.69,--,9,6021,卖盘
760,09:47:51,6.69,-0.01,10,6690,中性盘
761,09:47:36,6.7,0.01,200,134000,买盘
762,09:47:27,6.69,--,124,82956,卖盘
763,09:47:24,6.69,--,9,6021,卖盘
764,09:46:45,6.69,-0.01,5,3345,卖盘
765,09:46:36,6.7,--,13,8710,买盘
766,09:46:12,6.7,--,43,28810,卖盘
767,09:46:03,6.7,0.01,30,20100,买盘
768,09:45:57,6.69,-0.01,30,20070,卖盘
769,09:45:51,6.7,0.01,1,670,买盘
770,09:45:48,6.69,-0.01,3,2007,卖盘
771,09:45:18,6.7,0.01,2,1340,买盘
772,09:45:15,6.69,--,1,669,卖盘
773,09:45:09,6.69,-0.01,39,26091,卖盘
774,09:45:06,6.7,--,21,14070,买盘
775,09:44:48,6.7,--,10,6700,买盘
776,09:44:18,6.7,--,7,4690,卖盘
777,09:44:03,6.7,--,12,8040,买盘
778,09:43:48,6.7,--,15,10050,买盘
779,09:43:27,6.7,-0.01,50,33500,中性盘
780,09:43:00,6.71,0.02,29,19459,买盘
781,09:42:36,6.69,--,1,669,卖盘
782,09:42:24,6.69,--,115,76935,卖盘
783,09:42:21,6.69,-0.01,12,8028,卖盘
784,09:42:09,6.7,0.01,6,4020,中性盘
785,09:41:45,6.69,--,50,33450,卖盘
786,09:40:45,6.69,-0.01,326,218094,卖盘
787,09:40:27,6.7,--,50,33500,卖盘
788,09:40:00,6.7,--,265,177550,买盘
789,09:39:27,6.7,--,199,133330,卖盘
790,09:39:12,6.7,--,7,4690,卖盘
791,09:38:36,6.7,--,42,28140,卖盘
792,09:38:33,6.7,--,6,4020,卖盘
793,09:38:27,6.7,--,5,3350,卖盘
794,09:37:54,6.7,-0.02,10,6700,卖盘
795,09:37:27,6.72,--,15,10080,中性盘
796,09:36:54,6.72,0.01,9,6048,买盘
797,09:36:18,6.71,-0.01,1,671,中性盘
798,09:36:00,6.72,0.03,33,22176,中性盘
799,09:35:30,6.69,-0.03,40,26760,卖盘
800,09:35:27,6.72,0.01,5,3360,中性盘
801,09:35:00,6.71,0.02,14,9394,买盘
802,09:34:42,6.69,--,33,22077,买盘
803,09:34:30,6.69,-0.01,16,10704,卖盘
804,09:34:15,6.7,--,37,24790,买盘
805,09:34:06,6.7,--,13,8710,卖盘
806,09:32:39,6.7,--,1,670,买盘
807,09:32:30,6.7,-0.03,48,32160,中性盘
808,09:32:12,6.73,0.04,21,14133,买盘
809,09:31:48,6.69,-0.01,3,2007,卖盘
810,09:31:42,6.7,--,24,16080,买盘
811,09:31:30,6.7,--,26,17420,卖盘
812,09:30:42,6.7,-0.04,58,38860,卖盘
813,09:30:12,6.74,0.04,1,674,买盘
814,09:30:09,6.7,--,8,5360,卖盘
815,09:30:06,6.7,-0.04,9,6030,卖盘
816,09:30:03,6.74,0.04,3,2022,买盘
817,09:30:00,6.7,--,0,0,卖盘
818,09:25:03,6.7,6.7,12,8040,买盘
