,time,price,change,volume,amount,type
0,15:00:03,39.66,--,162,642492,买盘
1,14:57:00,39.66,0.02,15,59489,买盘
2,14:56:54,39.64,--,3,11892,卖盘
3,14:56:48,39.64,--,6,23784,卖盘
4,14:56:36,39.64,0.01,53,213659,买盘
5,14:56:30,39.63,-0.01,6,23778,卖盘
6,14:56:27,39.64,--,11,43604,买盘
7,14:56:24,39.64,0.01,1,3964,买盘
8,14:56:21,39.63,--,1,3963,卖盘
9,14:56:18,39.63,-0.01,1,3963,卖盘
10,14:56:12,39.64,0.01,11,43604,买盘
11,14:56:09,39.63,--,9,35667,买盘
12,14:56:00,39.63,--,10,39630,买盘
13,14:55:54,39.63,0.01,1,3963,买盘
14,14:55:48,39.62,--,11,43582,卖盘
15,14:55:45,39.62,-0.01,40,158480,卖盘
16,14:55:42,39.63,--,1,3963,买盘
17,14:55:39,39.63,--,62,245706,卖盘
18,14:55:36,39.63,--,4,15852,卖盘
19,14:55:33,39.63,--,50,198150,卖盘
20,14:55:30,39.63,-0.01,5,19815,卖盘
21,14:55:27,39.64,--,24,95136,买盘
22,14:55:24,39.64,0.01,6,23784,买盘
23,14:55:18,39.63,--,1,3963,卖盘
24,14:55:15,39.63,-0.01,11,43593,卖盘
25,14:55:09,39.64,--,6,23784,买盘
26,14:55:06,39.64,0.01,6,23784,买盘
27,14:55:03,39.63,-0.01,16,63408,卖盘
28,14:54:57,39.64,--,5,19820,买盘
29,14:54:54,39.64,-0.02,13,51928,卖盘
30,14:54:51,39.66,0.01,55,221699,买盘
31,14:54:48,39.65,-0.01,10,39650,中性盘
32,14:54:42,39.66,--,5,19830,买盘
33,14:54:24,39.66,--,3,11897,卖盘
34,14:54:21,39.66,-0.02,2,7931,卖盘
35,14:54:18,39.68,--,3,11904,买盘
36,14:54:15,39.68,--,12,47616,买盘
37,14:54:12,39.68,--,5,19840,买盘
38,14:54:00,39.68,--,1,3968,买盘
39,14:53:54,39.68,-0.01,4,15872,中性盘
40,14:53:51,39.69,0.01,2,7938,买盘
41,14:53:48,39.68,--,2,7936,卖盘
42,14:53:45,39.68,--,3,11904,卖盘
43,14:53:36,39.68,--,9,35712,买盘
44,14:53:24,39.68,--,2,7936,卖盘
45,14:53:21,39.68,--,3,11904,中性盘
46,14:53:18,39.68,--,1,3968,买盘
47,14:53:15,39.68,--,5,19840,买盘
48,14:53:12,39.68,--,1,3968,买盘
49,14:53:06,39.68,--,14,55552,卖盘
50,14:53:03,39.68,--,2,7936,卖盘
51,14:53:00,39.68,--,4,15872,卖盘
52,14:52:54,39.68,-0.01,6,23808,卖盘
53,14:52:42,39.69,--,1,3969,买盘
54,14:52:27,39.69,--,5,19845,买盘
55,14:52:21,39.69,--,7,27783,买盘
56,14:52:18,39.69,0.01,1,3969,买盘
57,14:52:03,39.68,-0.01,7,27776,卖盘
58,14:51:57,39.69,0.01,1,3969,买盘
59,14:51:54,39.68,--,6,23808,卖盘
60,14:51:51,39.68,--,7,27776,卖盘
61,14:51:45,39.68,0.06,15,59520,买盘
62,14:51:42,39.62,-0.06,3,11886,卖盘
63,14:51:39,39.68,0.06,1,3968,买盘
64,14:51:24,39.62,-0.07,45,178290,卖盘
65,14:51:06,39.69,--,9,35721,买盘
66,14:50:45,39.69,0.03,50,198450,买盘
67,14:50:30,39.66,-0.02,8,31727,卖盘
68,14:50:24,39.68,-0.01,1,3968,卖盘
69,14:50:21,39.69,--,17,67473,买盘
70,14:50:12,39.69,0.01,4,15876,买盘
71,14:50:09,39.68,-0.01,3,11904,中性盘
72,14:50:06,39.69,0.01,95,379595,买盘
73,14:50:00,39.68,-0.01,5,19840,卖盘
74,14:49:54,39.69,--,1,3969,买盘
75,14:49:42,39.69,--,26,103194,买盘
76,14:49:30,39.69,--,9,35721,卖盘
77,14:49:24,39.69,--,9,35721,卖盘
78,14:49:18,39.69,--,1,3969,卖盘
79,14:49:15,39.69,--,22,87318,买盘
80,14:49:03,39.69,--,10,39690,买盘
81,14:48:57,39.69,--,5,19845,买盘
82,14:48:54,39.69,--,5,19845,买盘
83,14:48:51,39.69,--,1,3969,买盘
84,14:48:48,39.69,--,1,3969,买盘
85,14:48:45,39.69,--,5,19845,买盘
86,14:48:42,39.69,--,5,19845,买盘
87,14:48:39,39.69,0.01,8,31752,买盘
88,14:48:06,39.68,--,1,3968,卖盘
89,14:48:03,39.68,0.02,9,37140,买盘
90,14:48:00,39.66,--,1,3965,卖盘
91,14:47:57,39.66,-0.01,19,75354,卖盘
92,14:47:54,39.67,--,7,27769,买盘
93,14:47:51,39.67,0.01,5,19835,买盘
94,14:47:39,39.66,0.03,1,3965,买盘
95,14:47:36,39.63,-0.04,1,3963,卖盘
96,14:47:33,39.67,0.04,1,3967,买盘
97,14:47:12,39.63,-0.03,3,11889,卖盘
98,14:47:09,39.66,0.04,3,11897,买盘
99,14:47:03,39.62,--,10,39620,卖盘
100,14:46:57,39.62,--,2,7923,卖盘
101,14:46:48,39.62,-0.05,2,7923,卖盘
102,14:46:36,39.67,0.05,18,71406,买盘
103,14:46:27,39.62,-0.04,10,39620,卖盘
104,14:46:21,39.66,--,2,7931,买盘
105,14:45:45,39.66,--,2,7931,买盘
106,14:45:36,39.66,0.04,4,15863,买盘
107,14:45:30,39.62,-0.04,5,19810,卖盘
108,14:45:27,39.66,--,1,3965,卖盘
109,14:45:24,39.66,--,2,7931,卖盘
110,14:45:18,39.66,--,1,3965,买盘
111,14:45:15,39.66,0.04,3,11897,买盘
112,14:45:06,39.62,-0.04,1,3961,卖盘
113,14:45:03,39.66,--,3,11897,买盘
114,14:45:00,39.66,0.04,11,43625,买盘
115,14:44:51,39.62,-0.04,3,11886,卖盘
116,14:44:48,39.66,--,48,190367,买盘
117,14:44:45,39.66,--,1,3965,买盘
118,14:44:39,39.66,0.04,7,27761,买盘
119,14:44:36,39.62,-0.05,3,11886,卖盘
120,14:44:15,39.67,0.01,5,19835,买盘
121,14:44:09,39.66,--,1,5948,卖盘
122,14:44:06,39.66,--,1,3965,卖盘
123,14:44:03,39.66,--,2,7931,卖盘
124,14:44:00,39.66,-0.01,2,7931,卖盘
125,14:43:54,39.67,0.01,7,27769,买盘
126,14:43:51,39.66,--,13,53540,买盘
127,14:43:48,39.66,0.06,10,39660,买盘
128,14:43:45,39.6,-0.05,1,3960,卖盘
129,14:43:33,39.65,0.04,29,114985,买盘
130,14:43:27,39.61,0.01,10,39610,买盘
131,14:43:21,39.6,--,3,11880,卖盘
132,14:43:18,39.6,--,1,3960,卖盘
133,14:43:12,39.6,--,3,11880,买盘
134,14:42:48,39.6,--,13,51480,卖盘
135,14:42:45,39.6,--,2,7920,卖盘
136,14:42:42,39.6,-0.01,20,79200,卖盘
137,14:42:33,39.61,--,3,11883,买盘
138,14:42:30,39.61,--,5,19805,卖盘
139,14:42:21,39.61,-0.04,12,47532,卖盘
140,14:42:18,39.65,0.04,3,11895,买盘
141,14:42:09,39.61,--,1,3961,卖盘
142,14:42:03,39.61,--,22,87142,卖盘
143,14:41:57,39.61,--,1,3961,卖盘
144,14:41:54,39.61,0.01,1,3961,卖盘
145,14:41:45,39.6,-0.01,30,118800,卖盘
146,14:41:27,39.61,-0.06,30,118830,卖盘
147,14:41:12,39.67,0.05,13,51571,买盘
148,14:41:09,39.62,-0.07,30,118859,卖盘
149,14:41:06,39.69,0.02,1,3969,买盘
150,14:41:00,39.67,-0.01,1,3967,卖盘
151,14:40:57,39.68,-0.01,6,23808,卖盘
152,14:40:54,39.69,0.01,7,27783,买盘
153,14:40:51,39.68,0.01,5,19840,买盘
154,14:40:39,39.67,-0.01,1,3967,中性盘
155,14:40:15,39.68,0.01,3,11904,买盘
156,14:40:03,39.67,0.02,10,39670,买盘
157,14:39:57,39.65,--,0,793,卖盘
158,14:39:48,39.65,0.04,9,35685,买盘
159,14:39:45,39.61,-0.04,6,23766,卖盘
160,14:39:24,39.65,-0.02,4,15860,卖盘
161,14:39:21,39.67,0.02,2,7934,买盘
162,14:39:15,39.65,-0.03,3,11895,卖盘
163,14:39:06,39.68,0.01,4,15872,卖盘
164,14:38:57,39.67,--,1,3967,买盘
165,14:38:51,39.67,--,7,27769,卖盘
166,14:38:48,39.67,--,1,3967,卖盘
167,14:38:39,39.67,-0.03,1,3967,卖盘
168,14:38:36,39.7,0.03,10,39700,买盘
169,14:38:30,39.67,--,4,15868,卖盘
170,14:38:24,39.67,--,12,47604,卖盘
171,14:38:21,39.67,0.01,2,7934,卖盘
172,14:38:12,39.66,--,4,15863,买盘
173,14:38:09,39.66,--,13,51557,买盘
174,14:38:03,39.66,-0.04,23,91217,卖盘
175,14:37:54,39.7,--,1,3970,买盘
176,14:37:30,39.7,--,8,31760,买盘
177,14:36:48,39.7,0.01,8,31760,买盘
178,14:36:42,39.69,--,5,19845,中性盘
179,14:36:27,39.69,--,5,19845,卖盘
180,14:36:21,39.69,-0.01,3,11907,卖盘
181,14:36:18,39.7,--,10,39700,买盘
182,14:36:09,39.7,--,0,3374,卖盘
183,14:36:06,39.7,--,2,8535,卖盘
184,14:36:03,39.7,-0.04,8,31760,卖盘
185,14:35:57,39.74,--,10,39740,买盘
186,14:35:54,39.74,--,15,59610,买盘
187,14:35:30,39.74,--,30,119220,买盘
188,14:35:24,39.74,-0.01,40,158960,卖盘
189,14:35:15,39.75,--,2,7950,卖盘
190,14:35:09,39.75,-0.02,6,23850,卖盘
191,14:34:42,39.77,0.02,1,3977,买盘
192,14:34:39,39.75,0.01,1,3975,中性盘
193,14:34:33,39.74,-0.04,1,3974,卖盘
194,14:34:15,39.78,0.06,34,135252,买盘
195,14:34:06,39.72,0.02,1,3972,卖盘
196,14:33:54,39.7,-0.08,11,43670,卖盘
197,14:33:51,39.78,0.08,22,87516,买盘
198,14:33:42,39.7,-0.02,31,123070,卖盘
199,14:33:39,39.72,-0.06,4,15888,卖盘
200,14:33:30,39.78,--,10,39780,买盘
201,14:33:21,39.78,-0.02,25,99450,卖盘
202,14:33:03,39.8,-0.04,2,7959,卖盘
203,14:32:54,39.84,-0.01,10,39840,卖盘
204,14:32:51,39.85,--,3,11955,买盘
205,14:32:45,39.85,--,5,19925,买盘
206,14:32:36,39.85,--,1,3985,买盘
207,14:32:33,39.85,--,10,39850,买盘
208,14:32:30,39.85,--,3,11955,买盘
209,14:32:27,39.85,-0.02,3,11955,卖盘
210,14:32:24,39.87,--,21,83727,买盘
211,14:32:09,39.87,0.02,1,3986,买盘
212,14:31:57,39.85,--,4,15940,卖盘
213,14:31:54,39.85,--,9,35865,买盘
214,14:31:45,39.85,--,6,23910,买盘
215,14:31:42,39.85,0.01,1,3985,买盘
216,14:31:36,39.84,--,11,43824,买盘
217,14:31:27,39.84,--,16,63744,买盘
218,14:31:12,39.84,--,5,19920,买盘
219,14:30:51,39.84,0.05,172,685248,买盘
220,14:30:42,39.79,-0.01,17,67643,卖盘
221,14:30:27,39.8,0.01,3,11940,买盘
222,14:30:21,39.79,--,6,23874,买盘
223,14:30:18,39.79,--,3,11937,买盘
224,14:30:15,39.79,--,1,3979,买盘
225,14:30:12,39.79,0.01,10,39790,买盘
226,14:30:09,39.78,-0.01,3,11934,卖盘
227,14:30:06,39.79,0.01,1,3979,买盘
228,14:29:51,39.78,--,1,3978,卖盘
229,14:29:45,39.78,--,2,7956,卖盘
230,14:29:24,39.78,--,13,51714,卖盘
231,14:29:21,39.78,--,1,3978,卖盘
232,14:29:18,39.78,-0.01,6,23868,卖盘
233,14:29:03,39.79,--,1,3979,买盘
234,14:28:51,39.79,--,1,3979,卖盘
235,14:28:48,39.79,--,4,15916,买盘
236,14:28:45,39.79,0.01,6,23874,买盘
237,14:28:42,39.78,-0.01,6,23868,卖盘
238,14:28:39,39.79,--,2,7958,买盘
239,14:28:36,39.79,0.01,2,7958,买盘
240,14:28:30,39.78,--,5,19890,卖盘
241,14:28:24,39.78,--,6,23868,买盘
242,14:28:21,39.78,0.01,1,3978,买盘
243,14:28:18,39.77,--,1,3977,卖盘
244,14:28:15,39.77,--,1,3977,卖盘
245,14:28:03,39.77,--,1,3977,卖盘
246,14:28:00,39.77,0.04,2,7954,买盘
247,14:27:51,39.73,-0.04,12,47675,卖盘
248,14:27:42,39.77,0.03,7,27839,买盘
249,14:27:39,39.74,-0.05,7,27818,中性盘
250,14:27:12,39.79,0.04,2,7958,买盘
251,14:27:00,39.75,--,2,7950,卖盘
252,14:26:57,39.75,0.02,3,11925,买盘
253,14:26:54,39.73,--,2,7945,卖盘
254,14:26:42,39.73,-0.07,2,7945,卖盘
255,14:26:24,39.8,--,1,3979,买盘
256,14:26:21,39.8,--,7,27859,买盘
257,14:26:15,39.8,0.04,1,3979,买盘
258,14:26:12,39.76,-0.04,12,47712,卖盘
259,14:25:54,39.8,-0.04,4,15919,卖盘
260,14:25:42,39.84,--,1,3984,买盘
261,14:25:39,39.84,--,5,19920,买盘
262,14:25:24,39.84,-0.01,2,7968,买盘
263,14:25:18,39.85,--,8,31880,买盘
264,14:25:15,39.85,--,1,3985,买盘
265,14:25:06,39.85,--,4,15940,买盘
266,14:24:51,39.85,--,6,23910,买盘
267,14:24:45,39.85,-0.02,20,79700,中性盘
268,14:24:36,39.87,--,33,134561,买盘
269,14:24:27,39.87,-0.03,30,119609,卖盘
270,14:24:18,39.9,-0.01,20,79800,中性盘
271,14:24:06,39.91,0.01,20,79820,买盘
272,14:24:03,39.9,-0.01,1,3990,卖盘
273,14:24:00,39.91,--,5,19955,买盘
274,14:23:54,39.91,--,7,27936,买盘
275,14:23:51,39.91,--,1,3990,买盘
276,14:23:48,39.91,0.01,12,47891,买盘
277,14:23:45,39.9,--,2,7980,卖盘
278,14:23:42,39.9,-0.01,1,3990,卖盘
279,14:23:39,39.91,--,6,23945,买盘
280,14:23:36,39.91,--,9,35919,买盘
281,14:23:33,39.91,--,1,3990,买盘
282,14:23:30,39.91,--,3,11972,买盘
283,14:23:27,39.91,0.01,5,19955,买盘
284,14:23:24,39.9,--,1,3990,中性盘
285,14:23:21,39.9,--,5,19950,卖盘
286,14:23:15,39.9,--,1,3990,卖盘
287,14:23:12,39.9,0.02,45,179550,买盘
288,14:23:09,39.88,--,1,3988,买盘
289,14:23:06,39.88,-0.02,4,15952,中性盘
290,14:23:03,39.9,--,57,227430,买盘
291,14:22:57,39.9,0.02,6,23940,买盘
292,14:22:54,39.88,-0.02,6,23928,卖盘
293,14:22:51,39.9,0.02,25,99750,买盘
294,14:22:42,39.88,-0.01,12,47856,卖盘
295,14:22:36,39.89,-0.01,4,15956,买盘
296,14:22:33,39.9,0.02,30,119700,买盘
297,14:22:21,39.88,-0.02,24,95712,卖盘
298,14:22:18,39.9,--,3,11970,买盘
299,14:22:06,39.9,0.01,5,19950,买盘
300,14:22:00,39.89,--,1,3989,买盘
301,14:21:57,39.89,--,4,15956,买盘
302,14:21:51,39.89,0.02,7,27923,买盘
303,14:21:48,39.87,--,14,55818,买盘
304,14:21:45,39.87,0.01,5,19935,买盘
305,14:21:39,39.86,0.01,2,7972,买盘
306,14:21:36,39.85,--,1,4981,买盘
307,14:21:33,39.85,0.01,51,203235,买盘
308,14:21:27,39.84,-0.01,3,11952,中性盘
309,14:21:24,39.85,0.02,20,79700,买盘
310,14:21:21,39.83,--,1,3983,卖盘
311,14:21:12,39.83,0.02,50,203093,买盘
312,14:21:09,39.81,--,22,87582,买盘
313,14:21:06,39.81,0.01,24,95583,买盘
314,14:21:03,39.8,--,2,7959,卖盘
315,14:20:57,39.8,--,10,39800,卖盘
316,14:20:54,39.8,0.06,161,644720,买盘
317,14:20:42,39.74,--,2,7948,买盘
318,14:20:39,39.74,--,4,15896,买盘
319,14:20:36,39.74,--,1,3974,买盘
320,14:20:33,39.74,--,13,51662,买盘
321,14:20:30,39.74,--,2,7948,买盘
322,14:20:24,39.74,-0.03,1,6398,卖盘
323,14:20:21,39.77,0.02,6,25413,买盘
324,14:20:18,39.75,--,26,103350,买盘
325,14:20:15,39.75,--,1,3975,买盘
326,14:20:09,39.75,--,1,3975,买盘
327,14:20:03,39.75,-0.02,0,2424,卖盘
328,14:20:00,39.77,0.02,7,27839,中性盘
329,14:19:48,39.75,-0.03,3,11925,卖盘
330,14:19:33,39.78,0.01,10,39780,买盘
331,14:19:27,39.77,0.02,1,3977,买盘
332,14:19:21,39.75,-0.03,29,115990,卖盘
333,14:19:09,39.78,--,4,15912,买盘
334,14:19:06,39.78,--,5,19890,买盘
335,14:18:57,39.78,0.02,26,103428,买盘
336,14:18:45,39.76,-0.01,2,8786,买盘
337,14:18:27,39.77,--,0,3141,卖盘
338,14:18:24,39.77,0.02,29,116168,买盘
339,14:18:21,39.75,--,7,30965,卖盘
340,14:18:18,39.75,-0.02,10,39750,卖盘
341,14:18:15,39.77,0.01,7,27839,买盘
342,14:18:12,39.76,0.01,1,3976,买盘
343,14:18:09,39.75,--,20,79500,卖盘
344,14:18:00,39.75,--,21,84309,买盘
345,14:17:48,39.75,--,1,3975,买盘
346,14:17:39,39.75,-0.01,26,103350,卖盘
347,14:17:36,39.76,0.01,3,11928,买盘
348,14:17:33,39.75,-0.01,11,43725,卖盘
349,14:17:27,39.76,-0.03,2,7952,中性盘
350,14:17:09,39.79,0.04,12,47748,买盘
351,14:17:03,39.75,-0.01,11,43725,卖盘
352,14:17:00,39.76,-0.03,4,15904,卖盘
353,14:16:57,39.79,-0.01,1,3979,中性盘
354,14:16:48,39.8,0.02,13,51739,买盘
355,14:16:45,39.78,-0.02,1,3978,中性盘
356,14:16:39,39.8,0.05,30,119399,买盘
357,14:16:36,39.75,-0.04,1,3975,中性盘
358,14:16:33,39.79,--,80,318320,买盘
359,14:16:30,39.79,0.04,30,119370,买盘
360,14:16:27,39.75,-0.04,8,31800,卖盘
361,14:16:21,39.79,--,27,107433,卖盘
362,14:16:18,39.79,-0.01,55,218845,卖盘
363,14:16:15,39.8,0.01,3,11940,买盘
364,14:16:12,39.79,-0.01,2,7958,中性盘
365,14:16:06,39.8,0.01,20,79600,买盘
366,14:15:57,39.79,0.04,1,3979,买盘
367,14:15:54,39.75,0.01,12,48495,买盘
368,14:15:51,39.74,--,0,3179,卖盘
369,14:15:48,39.74,-0.05,0,794,中性盘
370,14:15:36,39.79,0.07,26,103454,买盘
371,14:15:30,39.72,--,1,3972,卖盘
372,14:15:24,39.72,--,5,19860,卖盘
373,14:15:21,39.72,-0.01,19,75468,卖盘
374,14:15:18,39.73,0.02,1,3972,中性盘
375,14:15:09,39.71,0.01,2,7942,买盘
376,14:15:06,39.7,-0.1,1,3970,卖盘
377,14:15:03,39.8,0.08,30,119399,买盘
378,14:14:57,39.72,0.02,22,87384,买盘
379,14:14:54,39.7,-0.02,2,7940,中性盘
380,14:14:51,39.72,0.02,5,19860,买盘
381,14:14:48,39.7,--,55,218350,卖盘
382,14:14:45,39.7,-0.01,6,23820,卖盘
383,14:14:39,39.71,--,1,3971,买盘
384,14:14:36,39.71,--,14,55594,买盘
385,14:14:30,39.71,--,1,3971,买盘
386,14:14:27,39.71,0.01,6,23826,买盘
387,14:14:24,39.7,--,3,11910,卖盘
388,14:14:21,39.7,--,18,71460,中性盘
389,14:14:15,39.7,--,20,79400,买盘
390,14:14:12,39.7,0.02,1,3970,买盘
391,14:14:00,39.68,-0.02,1,3968,卖盘
392,14:13:57,39.7,0.02,38,150860,买盘
393,14:13:51,39.68,--,54,217525,买盘
394,14:13:48,39.68,0.01,42,166656,买盘
395,14:13:45,39.67,--,3,11901,卖盘
396,14:13:30,39.67,--,13,51571,买盘
397,14:13:24,39.67,--,7,27769,买盘
398,14:13:21,39.67,--,6,23802,买盘
399,14:13:12,39.67,0.01,10,39670,买盘
400,14:13:06,39.66,0.01,2,11660,买盘
401,14:13:03,39.65,-0.01,2,7930,卖盘
402,14:13:00,39.66,--,4,15863,买盘
403,14:12:57,39.66,0.01,2,7931,买盘
404,14:12:54,39.65,--,2,7930,卖盘
405,14:12:48,39.65,--,1,3965,买盘
406,14:12:42,39.65,0.05,1,3965,买盘
407,14:12:30,39.6,0.01,5,19800,买盘
408,14:12:21,39.59,-0.01,3,11877,卖盘
409,14:12:18,39.6,0.03,11,43560,买盘
410,14:12:15,39.57,--,3,11871,中性盘
411,14:12:03,39.57,0.02,3,11871,买盘
412,14:11:48,39.55,--,8,31639,买盘
413,14:11:39,39.55,--,3,11865,买盘
414,14:11:36,39.55,--,1,3954,买盘
415,14:11:27,39.55,--,6,23730,买盘
416,14:11:21,39.55,0.02,3,11865,买盘
417,14:11:12,39.53,--,5,19765,卖盘
418,14:11:09,39.53,--,2,7906,卖盘
419,14:11:00,39.53,--,17,67201,买盘
420,14:10:57,39.53,0.01,1,3953,买盘
421,14:10:54,39.52,--,9,35568,卖盘
422,14:10:51,39.52,--,5,19760,卖盘
423,14:10:42,39.52,0.02,167,659984,买盘
424,14:10:36,39.5,--,5,19750,买盘
425,14:10:33,39.5,0.01,11,43450,买盘
426,14:10:24,39.49,0.01,4,15796,买盘
427,14:10:12,39.48,0.01,7,27635,买盘
428,14:10:06,39.47,--,10,39470,买盘
429,14:10:03,39.47,0.02,7,27629,买盘
430,14:09:45,39.45,-0.02,4,15780,卖盘
431,14:09:36,39.47,--,1,3947,买盘
432,14:09:33,39.47,0.01,3,11841,买盘
433,14:09:30,39.46,--,29,114434,卖盘
434,14:09:12,39.46,-0.01,1,3946,卖盘
435,14:09:09,39.47,-0.02,8,31576,卖盘
436,14:09:06,39.49,0.02,1,3949,买盘
437,14:09:03,39.47,-0.02,30,118410,卖盘
438,14:08:57,39.49,--,7,27643,买盘
439,14:08:51,39.49,--,1,3949,买盘
440,14:08:45,39.49,--,5,19745,买盘
441,14:08:36,39.49,0.02,1,3949,买盘
442,14:08:30,39.47,--,25,98675,买盘
443,14:08:24,39.47,0.02,2,7894,买盘
444,14:08:00,39.45,-0.02,3,11835,卖盘
445,14:07:54,39.47,0.02,55,217085,买盘
446,14:07:39,39.45,--,9,39055,买盘
447,14:07:27,39.45,--,6,23670,买盘
448,14:07:21,39.45,-0.01,0,394,卖盘
449,14:07:12,39.46,0.01,1,3946,买盘
450,14:07:06,39.45,--,5,19725,卖盘
451,14:06:57,39.45,--,10,39450,卖盘
452,14:06:54,39.45,0.01,4,19330,买盘
453,14:06:51,39.44,--,1,4338,卖盘
454,14:06:42,39.44,--,3,11832,卖盘
455,14:06:39,39.44,--,3,11832,卖盘
456,14:06:36,39.44,--,1,3944,卖盘
457,14:06:33,39.44,0.04,1,7493,买盘
458,14:06:30,39.4,-0.04,23,91014,卖盘
459,14:06:24,39.44,--,19,78485,卖盘
460,14:06:21,39.44,--,16,63104,卖盘
461,14:06:15,39.44,--,7,27608,卖盘
462,14:06:12,39.44,0.04,1,3944,买盘
463,14:06:06,39.4,--,6,23640,卖盘
464,14:06:03,39.4,-0.04,13,51220,卖盘
465,14:05:45,39.44,--,4,15776,卖盘
466,14:05:42,39.44,--,1,3944,卖盘
467,14:05:33,39.44,--,6,23664,卖盘
468,14:05:18,39.44,--,1,3944,卖盘
469,14:05:15,39.44,--,1,3944,卖盘
470,14:05:12,39.44,-0.02,1,3944,卖盘
471,14:05:06,39.46,--,8,31568,卖盘
472,14:05:03,39.46,-0.01,8,31568,卖盘
473,14:05:00,39.47,--,6,23682,买盘
474,14:04:57,39.47,--,1,3947,买盘
475,14:04:54,39.47,0.01,12,47364,买盘
476,14:04:51,39.46,--,5,19730,卖盘
477,14:04:48,39.46,--,4,15784,卖盘
478,14:04:45,39.46,-0.01,4,15784,卖盘
479,14:04:42,39.47,--,2,7894,买盘
480,14:04:39,39.47,--,2,7894,买盘
481,14:04:33,39.47,--,5,19735,买盘
482,14:04:27,39.47,0.01,5,19735,买盘
483,14:04:21,39.46,--,3,11838,卖盘
484,14:04:18,39.46,-0.01,1,3946,中性盘
485,14:04:15,39.47,--,2,7894,买盘
486,14:04:12,39.47,0.03,1,3947,买盘
487,14:04:09,39.44,--,2,7888,卖盘
488,14:04:06,39.44,--,3,11832,卖盘
489,14:04:03,39.44,-0.02,4,15776,卖盘
490,14:04:00,39.46,--,4,15784,买盘
491,14:03:57,39.46,--,1,3946,买盘
492,14:03:54,39.46,-0.01,2,7892,买盘
493,14:03:51,39.47,--,1,3947,买盘
494,14:03:48,39.47,--,2,7894,买盘
495,14:03:36,39.47,--,5,19735,买盘
496,14:03:33,39.47,0.03,2,7894,买盘
497,14:03:27,39.44,0.04,1,3944,卖盘
498,14:03:18,39.4,-0.1,3,11820,卖盘
499,14:03:15,39.5,0.01,13,51350,买盘
500,14:03:12,39.49,0.05,2,7898,买盘
501,14:03:09,39.44,0.04,6,23664,买盘
502,14:03:03,39.4,0.03,20,79154,买盘
503,14:03:00,39.37,--,18,70866,买盘
504,14:02:54,39.37,-0.03,1,3936,买盘
505,14:02:42,39.4,0.03,6,23640,买盘
506,14:02:36,39.37,0.04,8,31495,买盘
507,14:02:30,39.33,--,28,111343,买盘
508,14:01:51,39.33,0.15,6,23598,买盘
509,14:01:45,39.18,-0.15,1,3918,中性盘
510,14:01:36,39.33,0.15,2,7866,买盘
511,14:01:30,39.18,-0.15,4,15672,卖盘
512,14:01:21,39.33,--,1,3933,买盘
513,14:01:03,39.33,--,2,7866,买盘
514,14:00:54,39.33,--,2,7866,买盘
515,14:00:45,39.33,--,8,31464,买盘
516,14:00:39,39.33,--,10,39330,买盘
517,14:00:30,39.33,--,5,19665,买盘
518,14:00:27,39.33,--,6,23951,卖盘
519,14:00:15,39.33,0.08,9,38976,买盘
520,14:00:09,39.25,--,30,117750,买盘
521,14:00:06,39.25,0.04,1,3925,买盘
522,14:00:03,39.21,--,15,58815,买盘
523,14:00:00,39.21,--,53,207813,买盘
524,13:59:57,39.21,--,64,250944,买盘
525,13:59:54,39.21,--,2,7842,买盘
526,13:59:51,39.21,--,7,27447,买盘
527,13:59:45,39.21,--,8,31368,买盘
528,13:59:30,39.21,--,15,58815,买盘
529,13:59:27,39.21,--,5,19605,买盘
530,13:59:24,39.21,--,25,98025,买盘
531,13:59:21,39.21,--,2,7842,买盘
532,13:59:18,39.21,--,2,7842,买盘
533,13:59:15,39.21,--,8,31368,买盘
534,13:59:09,39.21,0.01,6,23526,买盘
535,13:58:57,39.2,-0.01,1,3920,卖盘
536,13:58:48,39.21,--,3,11763,买盘
537,13:58:45,39.21,0.01,1,3921,买盘
538,13:58:42,39.2,--,4,15680,买盘
539,13:58:36,39.2,--,9,35280,买盘
540,13:58:30,39.2,--,11,43120,买盘
541,13:58:18,39.2,--,2,7840,买盘
542,13:58:15,39.2,0.01,6,23520,买盘
543,13:58:12,39.19,--,6,23514,买盘
544,13:58:09,39.19,--,10,40757,买盘
545,13:57:54,39.19,0.01,7,27433,买盘
546,13:57:48,39.18,--,2,7836,买盘
547,13:57:45,39.18,--,3,11754,买盘
548,13:57:27,39.18,--,1,3918,买盘
549,13:57:21,39.18,0.02,7,27426,买盘
550,13:56:18,39.16,--,6,23495,买盘
551,13:56:12,39.16,--,4,15663,卖盘
552,13:55:36,39.16,--,2,7831,卖盘
553,13:55:27,39.16,--,1,3915,卖盘
554,13:54:45,39.16,--,3,11747,卖盘
555,13:54:21,39.16,-0.02,1,3915,卖盘
556,13:54:15,39.18,--,11,43098,买盘
557,13:54:09,39.18,--,15,58770,买盘
558,13:54:06,39.18,--,8,31344,买盘
559,13:53:57,39.18,0.02,7,27426,买盘
560,13:53:51,39.16,0.02,9,35244,买盘
561,13:53:39,39.14,-0.02,1,3914,卖盘
562,13:53:24,39.16,--,1,3915,卖盘
563,13:53:00,39.16,--,1,3915,卖盘
564,13:52:45,39.16,-0.03,2,7831,中性盘
565,13:50:42,39.19,0.01,7,27433,买盘
566,13:50:36,39.18,0.04,24,94032,买盘
567,13:50:30,39.14,-0.01,14,54796,卖盘
568,13:50:15,39.15,0.01,1,3915,买盘
569,13:50:06,39.14,-0.01,5,19570,中性盘
570,13:49:24,39.15,0.09,7,27405,买盘
571,13:49:18,39.06,-0.08,6,26365,卖盘
572,13:49:15,39.14,0.08,6,23484,买盘
573,13:49:06,39.06,-0.01,1,3906,卖盘
574,13:48:24,39.07,-0.08,1,3907,中性盘
575,13:47:48,39.15,0.09,3,11745,买盘
576,13:47:42,39.06,-0.04,5,19530,卖盘
577,13:47:27,39.1,-0.06,1,3910,卖盘
578,13:47:21,39.16,--,1,3915,卖盘
579,13:46:57,39.16,-0.04,1,3915,卖盘
580,13:46:45,39.2,--,29,113680,卖盘
581,13:46:39,39.2,--,1,3920,中性盘
582,13:46:24,39.2,--,9,35280,卖盘
583,13:46:21,39.2,--,4,15680,卖盘
584,13:46:18,39.2,--,6,23520,卖盘
585,13:46:15,39.2,--,15,58800,卖盘
586,13:46:09,39.2,--,3,11760,卖盘
587,13:46:06,39.2,--,2,7840,卖盘
588,13:46:03,39.2,--,22,86240,卖盘
589,13:46:00,39.2,-0.01,8,31360,卖盘
590,13:45:57,39.21,--,7,27447,买盘
591,13:45:54,39.21,0.01,18,70578,买盘
592,13:45:51,39.2,-0.01,10,39200,卖盘
593,13:45:45,39.21,0.01,7,27447,买盘
594,13:45:42,39.2,-0.01,1,3920,卖盘
595,13:45:33,39.21,--,8,31368,买盘
596,13:45:27,39.21,-0.04,2,7842,卖盘
597,13:44:54,39.25,--,10,39250,买盘
598,13:44:51,39.25,0.05,20,78500,买盘
599,13:44:18,39.2,--,7,27440,买盘
600,13:44:12,39.2,--,3,11760,买盘
601,13:44:06,39.2,--,30,117600,买盘
602,13:44:00,39.2,0.01,7,27440,买盘
603,13:43:48,39.19,--,19,74461,买盘
604,13:43:36,39.19,0.03,2,7838,买盘
605,13:43:18,39.16,-0.03,2,7831,中性盘
606,13:42:30,39.19,0.02,16,62704,买盘
607,13:42:24,39.17,0.02,2,7834,买盘
608,13:42:12,39.15,--,5,19575,卖盘
609,13:42:00,39.15,--,4,15660,卖盘
610,13:41:57,39.15,--,6,23490,买盘
611,13:41:42,39.15,0.05,3,11745,买盘
612,13:41:36,39.1,-0.05,19,74290,卖盘
613,13:41:24,39.15,0.05,50,195750,买盘
614,13:41:21,39.1,-0.04,68,265880,卖盘
615,13:40:57,39.14,0.01,18,70452,买盘
616,13:40:15,39.13,-0.01,9,35217,卖盘
617,13:39:57,39.14,0.01,3,11742,买盘
618,13:39:48,39.13,--,1,3913,卖盘
619,13:39:45,39.13,-0.01,3,11739,卖盘
620,13:39:33,39.14,--,3,11742,买盘
621,13:39:27,39.14,--,8,31312,买盘
622,13:39:00,39.14,0.01,1,3914,买盘
623,13:38:57,39.13,-0.01,17,66521,卖盘
624,13:38:45,39.14,-0.01,4,15656,中性盘
625,13:38:21,39.15,0.01,1,3915,买盘
626,13:38:12,39.14,-0.01,1,3914,卖盘
627,13:38:03,39.15,0.02,2,7830,买盘
628,13:37:54,39.13,--,12,46956,卖盘
629,13:37:51,39.13,-0.01,1,3913,卖盘
630,13:37:48,39.14,0.01,12,46968,买盘
631,13:37:18,39.13,0.01,8,31304,买盘
632,13:37:15,39.12,--,3,11736,卖盘
633,13:37:09,39.12,--,1,3911,中性盘
634,13:36:57,39.12,--,7,27384,买盘
635,13:36:51,39.12,0.02,1,3911,买盘
636,13:36:45,39.1,--,13,50830,卖盘
637,13:36:36,39.1,0.02,59,230690,买盘
638,13:36:21,39.08,--,5,19540,卖盘
639,13:36:12,39.08,0.01,1,3908,中性盘
640,13:36:03,39.07,-0.01,37,144559,卖盘
641,13:36:00,39.08,0.01,32,125056,买盘
642,13:35:54,39.07,--,20,78140,卖盘
643,13:35:51,39.07,0.02,11,42977,买盘
644,13:35:33,39.05,--,4,15619,卖盘
645,13:35:30,39.05,0.04,9,35145,买盘
646,13:35:27,39.01,--,4,15604,卖盘
647,13:35:12,39.01,-0.01,3,11703,卖盘
648,13:34:42,39.02,-0.05,3,11706,卖盘
649,13:34:15,39.07,0.05,2,7814,买盘
650,13:33:57,39.02,0.01,2,7804,买盘
651,13:33:48,39.01,0.02,127,495427,买盘
652,13:33:30,38.99,0.1,7,27293,买盘
653,13:33:06,38.89,--,11,42779,买盘
654,13:32:45,38.89,0.01,2,7778,买盘
655,13:32:39,38.88,-0.01,10,38880,卖盘
656,13:32:09,38.89,--,1,3889,买盘
657,13:31:42,38.89,--,1,3889,买盘
658,13:30:57,38.89,--,102,397650,买盘
659,13:30:45,38.89,-0.01,33,128337,卖盘
660,13:30:30,38.9,--,1,3890,买盘
661,13:29:06,38.9,--,2,7780,买盘
662,13:28:57,38.9,--,1,3890,买盘
663,13:28:36,38.9,-0.01,5,19450,卖盘
664,13:28:00,38.91,-0.1,3,11672,卖盘
665,13:27:21,39.01,0.02,1,3901,买盘
666,13:27:06,38.99,--,3,11697,买盘
667,13:26:36,38.99,0.09,1,3899,买盘
668,13:26:27,38.9,-0.09,1,3890,卖盘
669,13:26:21,38.99,0.09,1,3899,买盘
670,13:25:42,38.9,--,5,19450,卖盘
671,13:24:45,38.9,--,3,11670,卖盘
672,13:24:39,38.9,--,4,15560,买盘
673,13:24:06,38.9,0.03,22,85580,买盘
674,13:23:57,38.87,--,2,7773,买盘
675,13:23:39,38.87,-0.03,2,7773,卖盘
676,13:23:12,38.9,-0.09,2,7780,卖盘
677,13:22:36,38.99,--,1,3899,买盘
678,13:22:30,38.99,-0.02,21,81879,卖盘
679,13:22:18,39.01,-0.01,2,7802,卖盘
680,13:22:03,39.02,--,3,11706,卖盘
681,13:21:48,39.02,0.01,1,3902,买盘
682,13:21:39,39.01,-0.01,5,19505,卖盘
683,13:21:15,39.02,-0.05,4,15608,中性盘
684,13:20:45,39.07,-0.01,1,3907,中性盘
685,13:19:33,39.08,--,1,3908,买盘
686,13:19:24,39.08,--,3,11724,买盘
687,13:19:12,39.08,--,2,7816,买盘
688,13:18:45,39.08,--,22,89688,卖盘
689,13:18:33,39.08,--,2,7816,卖盘
690,13:18:27,39.08,--,18,70539,买盘
691,13:18:24,39.08,0.01,2,7816,买盘
692,13:18:15,39.07,--,1,3907,卖盘
693,13:18:00,39.07,--,5,19535,卖盘
694,13:17:24,39.07,--,2,7814,卖盘
695,13:17:06,39.07,--,7,27349,买盘
696,13:16:54,39.07,0.06,3,11721,买盘
697,13:16:51,39.01,--,1,3901,卖盘
698,13:16:42,39.01,--,1,3901,卖盘
699,13:16:03,39.01,-0.07,1,3901,中性盘
700,13:15:36,39.08,0.08,18,70344,买盘
701,13:15:33,39.0,-0.09,2,7800,中性盘
702,13:14:36,39.09,0.11,40,156360,买盘
703,13:13:45,38.98,-0.02,5,19490,卖盘
704,13:13:39,39.0,0.02,2,7800,买盘
705,13:13:24,38.98,-0.02,4,15591,卖盘
706,13:13:12,39.0,--,1,3900,买盘
707,13:12:39,39.0,0.02,55,214500,买盘
708,13:12:15,38.98,-0.01,5,19490,卖盘
709,13:12:03,38.99,0.01,14,54586,买盘
710,13:11:42,38.98,-0.01,1,3897,卖盘
711,13:11:39,38.99,0.1,12,46788,买盘
712,13:11:36,38.89,-0.08,13,50557,卖盘
713,13:11:18,38.97,--,1,3897,买盘
714,13:10:48,38.97,0.07,6,23382,买盘
715,13:10:12,38.9,--,1,3890,卖盘
716,13:10:09,38.9,0.02,1,3890,买盘
717,13:09:36,38.88,--,6,23328,买盘
718,13:09:30,38.88,0.02,1,3888,买盘
719,13:09:09,38.86,--,1,3886,中性盘
720,13:07:57,38.86,0.06,1,3886,买盘
721,13:07:45,38.8,--,5,19400,卖盘
722,13:07:06,38.8,-0.06,48,186589,卖盘
723,13:06:45,38.86,--,7,27202,卖盘
724,13:06:39,38.86,--,6,23316,卖盘
725,13:06:09,38.86,-0.01,1,3886,卖盘
726,13:05:51,38.87,0.01,3,11661,买盘
727,13:05:48,38.86,--,1,3886,卖盘
728,13:05:42,38.86,-0.02,2,7772,卖盘
729,13:05:12,38.88,--,2,7776,卖盘
730,13:04:06,38.88,--,4,15552,中性盘
731,13:03:30,38.88,--,5,19440,中性盘
732,13:03:12,38.88,--,1,3888,买盘
733,13:02:12,38.88,-0.02,1,3888,买盘
734,13:02:06,38.9,--,2,7780,卖盘
735,13:01:48,38.9,--,1,3890,卖盘
736,13:01:39,38.9,--,1,3890,卖盘
737,13:01:24,38.9,--,1,3890,买盘
738,13:00:54,38.9,0.04,2,7780,中性盘
739,13:00:03,38.86,0.01,16,62176,买盘
740,13:00:00,38.85,--,0,0,卖盘
741,11:30:00,38.85,--,0,0,卖盘
742,11:29:18,38.85,--,1,3885,卖盘
743,11:29:12,38.85,0.05,2,7770,买盘
744,11:28:15,38.8,--,8,31039,卖盘
745,11:27:48,38.8,--,159,619946,买盘
746,11:27:45,38.8,0.02,2,7759,买盘
747,11:27:12,38.78,--,10,38780,卖盘
748,11:27:03,38.78,-0.02,16,62048,卖盘
749,11:26:39,38.8,0.02,50,194000,买盘
750,11:26:27,38.78,--,5,19390,卖盘
751,11:26:21,38.78,--,7,27146,卖盘
752,11:26:09,38.78,--,11,42658,卖盘
753,11:26:03,38.78,-0.02,3,11634,卖盘
754,11:25:36,38.8,--,10,38800,买盘
755,11:25:18,38.8,-0.04,27,105962,卖盘
756,11:23:30,38.84,0.04,2,7768,买盘
757,11:23:15,38.8,--,20,77600,卖盘
758,11:21:36,38.8,--,0,2677,买盘
759,11:21:21,38.8,--,3,11640,买盘
760,11:21:15,38.8,-0.06,46,179682,卖盘
761,11:21:00,38.86,0.04,6,23316,买盘
762,11:20:54,38.82,-0.04,1,3882,卖盘
763,11:20:36,38.86,0.03,2,7772,买盘
764,11:19:24,38.83,0.01,1,3883,买盘
765,11:19:21,38.82,--,5,19410,卖盘
766,11:19:18,38.82,-0.04,3,11646,卖盘
767,11:18:42,38.86,--,207,804402,买盘
768,11:18:30,38.86,-0.11,17,66062,卖盘
769,11:18:21,38.97,0.11,1,3897,买盘
770,11:18:15,38.86,--,10,38860,卖盘
771,11:17:33,38.86,--,4,15544,卖盘
772,11:17:24,38.86,0.01,5,19430,卖盘
773,11:17:12,38.85,--,14,54390,买盘
774,11:17:03,38.85,0.01,5,19425,买盘
775,11:17:00,38.84,--,20,77680,买盘
776,11:16:51,38.84,--,5,19420,买盘
777,11:16:48,38.84,--,5,19420,买盘
778,11:16:45,38.84,-0.01,20,77680,卖盘
779,11:16:42,38.85,--,10,38850,买盘
780,11:16:27,38.85,--,20,77700,买盘
781,11:16:09,38.85,-0.14,14,54390,卖盘
782,11:15:36,38.99,--,33,128667,买盘
783,11:15:24,38.99,--,50,194950,买盘
784,11:12:54,38.99,--,1,3899,买盘
785,11:12:30,38.99,--,35,136465,买盘
786,11:12:27,38.99,0.16,2,7798,买盘
787,11:12:18,38.83,-0.16,5,19415,卖盘
788,11:11:39,38.99,--,4,15596,买盘
789,11:11:36,38.99,--,2,7798,卖盘
790,11:11:18,38.99,-0.01,1,3899,卖盘
791,11:10:57,39.0,0.19,24,93600,买盘
792,11:10:54,38.81,-0.01,15,58215,卖盘
793,11:10:48,38.82,0.02,5,19410,中性盘
794,11:09:24,38.8,--,0,2677,卖盘
795,11:09:18,38.8,-0.11,8,31039,卖盘
796,11:09:06,38.91,--,3,11672,卖盘
797,11:09:03,38.91,-0.12,1,3890,卖盘
798,11:08:48,39.03,0.07,1,3903,买盘
799,11:08:45,38.96,-0.07,1,3896,卖盘
800,11:08:18,39.03,0.07,1,3903,买盘
801,11:08:15,38.96,-0.07,2,7792,卖盘
802,11:07:48,39.03,--,11,42933,卖盘
803,11:07:24,39.03,0.03,24,93672,买盘
804,11:07:18,39.0,0.04,1,3900,买盘
805,11:06:48,38.96,-0.04,7,27272,卖盘
806,11:06:42,39.0,0.04,3,11700,买盘
807,11:06:36,38.96,-0.03,1,3896,卖盘
808,11:06:09,38.99,0.03,16,62384,买盘
809,11:05:57,38.96,--,1,3896,卖盘
810,11:05:51,38.96,0.06,7,27272,买盘
811,11:05:48,38.9,--,4,15560,卖盘
812,11:05:33,38.9,--,1,3890,卖盘
813,11:05:30,38.9,--,12,46680,卖盘
814,11:05:21,38.9,--,3,11670,买盘
815,11:05:18,38.9,--,25,97250,买盘
816,11:04:54,38.9,0.01,70,272300,买盘
817,11:04:33,38.89,--,2,7778,买盘
818,11:04:30,38.89,--,1,3889,买盘
819,11:04:27,38.89,--,1,3889,买盘
820,11:04:15,38.89,--,1,3889,买盘
821,11:04:12,38.89,--,4,15556,买盘
822,11:04:09,38.89,0.09,1,3889,买盘
823,11:03:57,38.8,--,1,3879,买盘
824,11:03:54,38.8,-0.09,4,15519,卖盘
825,11:03:51,38.89,--,1,3889,买盘
826,11:03:48,38.89,--,1,3889,买盘
827,11:03:45,38.89,--,1,3889,买盘
828,11:03:27,38.89,0.09,1,3889,买盘
829,11:03:15,38.8,--,2,7759,卖盘
830,11:03:00,38.8,--,1,3879,卖盘
831,11:02:57,38.8,-0.09,1,3879,中性盘
832,11:02:18,38.89,0.04,14,54446,买盘
833,11:01:36,38.85,0.15,3,11655,买盘
834,11:01:09,38.7,-0.02,4,15480,卖盘
835,11:00:48,38.72,--,2,7744,买盘
836,11:00:30,38.72,0.01,35,135520,中性盘
837,11:00:21,38.71,-0.09,6,23226,卖盘
838,11:00:12,38.8,--,3,11640,卖盘
839,11:00:03,38.8,--,3,11640,卖盘
840,11:00:00,38.8,--,2,7759,卖盘
841,10:59:51,38.8,--,4,15519,买盘
842,10:59:33,38.8,--,1,3879,卖盘
843,10:59:27,38.8,-0.07,2,7759,卖盘
844,10:59:15,38.87,0.07,1,3886,买盘
845,10:59:09,38.8,--,3,11640,卖盘
846,10:59:00,38.8,--,2,7759,卖盘
847,10:58:33,38.8,-0.07,3,11640,卖盘
848,10:58:18,38.87,--,3,11661,买盘
849,10:58:06,38.87,--,1,3886,买盘
850,10:57:57,38.87,--,1,3886,卖盘
851,10:57:45,38.87,0.03,6,23322,卖盘
852,10:57:30,38.84,0.04,28,108752,买盘
853,10:57:15,38.8,--,4,15519,买盘
854,10:56:54,38.8,0.1,5,19400,买盘
855,10:56:42,38.7,-0.1,2,7740,卖盘
856,10:56:30,38.8,--,5,19400,买盘
857,10:56:24,38.8,--,22,85360,买盘
858,10:56:21,38.8,--,1,3879,买盘
859,10:56:00,38.8,--,2,7759,买盘
860,10:55:54,38.8,--,12,46560,买盘
861,10:55:39,38.8,-0.04,50,194000,中性盘
862,10:55:27,38.84,-0.04,12,46608,卖盘
863,10:55:21,38.88,0.24,5,19440,中性盘
864,10:54:54,38.64,--,8,30912,卖盘
865,10:54:45,38.64,-0.25,17,65688,卖盘
866,10:54:33,38.89,0.25,1,3889,买盘
867,10:54:27,38.64,--,8,30912,卖盘
868,10:54:24,38.64,-0.25,10,38640,卖盘
869,10:54:18,38.89,0.25,1,3889,买盘
870,10:54:15,38.64,--,1,3864,卖盘
871,10:54:09,38.64,0.02,2,7728,买盘
872,10:54:06,38.62,--,10,38620,卖盘
873,10:53:48,38.62,0.01,5,19310,买盘
874,10:53:42,38.61,-0.01,5,19305,卖盘
875,10:53:36,38.62,--,36,139032,卖盘
876,10:53:27,38.62,0.02,2,7723,买盘
877,10:53:21,38.6,-0.02,25,96500,卖盘
878,10:53:18,38.62,0.02,21,81102,买盘
879,10:53:15,38.6,-0.02,11,42460,卖盘
880,10:53:03,38.62,-0.02,20,77240,卖盘
881,10:53:00,38.64,0.03,2,7728,买盘
882,10:52:57,38.61,-0.03,10,38610,卖盘
883,10:52:54,38.64,--,1,3864,买盘
884,10:52:48,38.64,0.02,5,19320,买盘
885,10:52:30,38.62,0.01,10,38620,中性盘
886,10:52:15,38.61,--,15,57915,卖盘
887,10:52:12,38.61,0.01,17,65637,中性盘
888,10:52:00,38.6,--,5,19300,卖盘
889,10:51:39,38.6,--,6,23160,卖盘
890,10:51:36,38.6,-0.04,1,3860,卖盘
891,10:51:33,38.64,0.04,10,38640,买盘
892,10:51:27,38.6,-0.04,236,912890,卖盘
893,10:51:18,38.64,--,6,23184,卖盘
894,10:51:15,38.64,--,3,11592,卖盘
895,10:51:06,38.64,-0.05,10,38640,卖盘
896,10:50:54,38.69,-0.01,5,19345,卖盘
897,10:50:45,38.7,-0.05,116,452209,卖盘
898,10:50:42,38.75,-0.02,37,144770,卖盘
899,10:50:30,38.77,--,25,99755,买盘
900,10:50:21,38.77,--,21,81417,买盘
901,10:50:06,38.77,--,1,3877,买盘
902,10:49:57,38.77,0.02,3,11631,买盘
903,10:49:42,38.75,-0.02,5,19375,卖盘
904,10:49:21,38.77,--,11,42647,买盘
905,10:49:12,38.77,--,11,42647,买盘
906,10:49:06,38.77,--,1,3877,买盘
907,10:48:57,38.77,--,30,116310,卖盘
908,10:48:54,38.77,0.01,1,3877,中性盘
909,10:48:06,38.76,--,6,23256,卖盘
910,10:47:57,38.76,-0.13,1,3876,卖盘
911,10:47:39,38.89,0.13,1,3889,中性盘
912,10:47:24,38.76,-0.12,6,23256,卖盘
913,10:47:06,38.88,-0.01,3,11664,卖盘
914,10:46:54,38.89,-0.01,6,23334,卖盘
915,10:46:51,38.9,--,30,116700,买盘
916,10:46:48,38.9,0.01,10,38900,买盘
917,10:46:42,38.89,-0.01,1,3889,卖盘
918,10:46:18,38.9,-0.07,2,7780,卖盘
919,10:45:30,38.97,0.08,35,136395,买盘
920,10:45:00,38.89,-0.08,6,23334,卖盘
921,10:43:33,38.97,0.08,2,7794,买盘
922,10:43:24,38.89,-0.08,64,248896,卖盘
923,10:42:54,38.97,--,1,3897,买盘
924,10:42:51,38.97,--,7,27279,卖盘
925,10:42:06,38.97,-0.04,2,7794,卖盘
926,10:42:00,39.01,--,4,15604,买盘
927,10:41:48,39.01,--,8,31208,买盘
928,10:41:27,39.01,--,1,3901,买盘
929,10:41:24,39.01,-0.05,68,265268,卖盘
930,10:41:12,39.06,-0.07,25,97650,卖盘
931,10:40:54,39.13,--,3,11739,卖盘
932,10:40:36,39.13,--,1,3913,卖盘
933,10:40:27,39.13,0.06,31,121303,买盘
934,10:40:24,39.07,--,2,7814,买盘
935,10:40:21,39.07,-0.06,2,7814,卖盘
936,10:40:03,39.13,--,2,7826,买盘
937,10:39:15,39.13,0.02,2,7826,买盘
938,10:39:06,39.11,--,6,23466,买盘
939,10:38:51,39.11,--,1,3911,卖盘
940,10:38:18,39.11,--,2,7822,买盘
941,10:38:15,39.11,0.05,1,3911,买盘
942,10:37:54,39.06,-0.09,2,7812,卖盘
943,10:37:27,39.15,0.02,13,50895,买盘
944,10:37:21,39.13,--,2,7826,卖盘
945,10:37:12,39.13,--,4,15652,买盘
946,10:37:06,39.13,0.07,5,19565,买盘
947,10:36:42,39.06,-0.1,10,39060,卖盘
948,10:35:51,39.16,0.1,4,15663,买盘
949,10:35:48,39.06,--,10,39060,卖盘
950,10:35:27,39.06,--,2,8788,买盘
951,10:35:00,39.06,--,14,54684,买盘
952,10:34:39,39.06,0.06,16,62496,买盘
953,10:34:12,39.0,0.02,10,39000,买盘
954,10:34:00,38.98,0.05,8,31183,买盘
955,10:33:33,38.93,--,4,15572,买盘
956,10:33:27,38.93,-0.04,7,27251,卖盘
957,10:33:24,38.97,--,7,27279,买盘
958,10:33:15,38.97,-0.01,6,23382,卖盘
959,10:33:09,38.98,0.01,2,7795,买盘
960,10:32:57,38.97,-0.01,3,11691,卖盘
961,10:32:36,38.98,0.01,2,7795,买盘
962,10:32:27,38.97,--,3,11691,卖盘
963,10:32:18,38.97,--,2,7794,卖盘
964,10:32:15,38.97,--,2,7794,卖盘
965,10:32:12,38.97,--,5,19485,卖盘
966,10:31:54,38.97,--,10,38970,卖盘
967,10:31:45,38.97,--,10,38970,卖盘
968,10:31:42,38.97,--,1,3897,卖盘
969,10:31:21,38.97,--,2,7794,卖盘
970,10:31:03,38.97,-0.03,11,42867,卖盘
971,10:30:36,39.0,--,2,7800,卖盘
972,10:30:30,39.0,--,3,11700,卖盘
973,10:30:27,39.0,--,30,117000,买盘
974,10:30:21,39.0,0.03,11,42900,买盘
975,10:30:15,38.97,-0.03,10,38970,卖盘
976,10:30:09,39.0,--,43,167700,卖盘
977,10:30:03,39.0,--,2,7800,卖盘
978,10:29:57,39.0,--,2,7800,卖盘
979,10:29:54,39.0,--,1,3900,卖盘
980,10:29:39,39.0,-0.06,10,39000,中性盘
981,10:29:30,39.06,0.07,13,50778,买盘
982,10:29:15,38.99,--,10,38990,卖盘
983,10:29:06,38.99,-0.01,2,7798,卖盘
984,10:29:03,39.0,-0.06,19,74100,卖盘
985,10:28:54,39.06,0.06,1,3906,买盘
986,10:28:48,39.0,--,20,78000,卖盘
987,10:28:45,39.0,0.01,25,97500,买盘
988,10:28:27,38.99,0.02,9,35091,买盘
989,10:28:18,38.97,-0.02,1,3897,卖盘
990,10:28:12,38.99,0.02,2,7798,买盘
991,10:28:09,38.97,--,2,7794,买盘
992,10:28:03,38.97,0.02,2,7794,买盘
993,10:27:48,38.95,0.02,2,7790,买盘
994,10:27:33,38.93,0.01,30,116790,买盘
995,10:27:27,38.92,0.07,6,23352,买盘
996,10:27:12,38.85,--,3,11655,买盘
997,10:26:54,38.85,--,13,50505,买盘
998,10:26:48,38.85,--,11,42735,买盘
999,10:26:45,38.85,--,31,120435,买盘
1000,10:26:42,38.85,--,11,42735,买盘
1001,10:26:33,38.85,--,3,11655,买盘
1002,10:26:24,38.85,--,5,19425,买盘
1003,10:26:21,38.85,--,10,38850,买盘
1004,10:26:12,38.85,--,11,42735,买盘
1005,10:26:09,38.85,0.01,8,31080,买盘
1006,10:26:06,38.84,--,18,69912,卖盘
1007,10:26:00,38.84,0.03,27,104868,买盘
1008,10:25:51,38.81,-0.03,4,15524,卖盘
1009,10:25:48,38.84,0.04,1,3884,买盘
1010,10:25:27,38.8,0.05,16,62079,买盘
1011,10:25:18,38.75,-0.05,8,31000,卖盘
1012,10:24:57,38.8,--,2,7759,买盘
1013,10:24:36,38.8,--,7,27159,卖盘
1014,10:24:24,38.8,--,6,23280,买盘
1015,10:23:09,38.8,-0.01,4,15519,卖盘
1016,10:23:00,38.81,--,10,38810,卖盘
1017,10:22:36,38.81,-0.04,10,38810,卖盘
1018,10:22:33,38.85,--,1,3885,买盘
1019,10:22:30,38.85,--,1,3885,买盘
1020,10:22:15,38.85,0.1,1,3885,买盘
1021,10:22:12,38.75,0.01,0,3293,买盘
1022,10:22:03,38.74,-0.01,1,3874,卖盘
1023,10:21:54,38.75,--,16,62000,买盘
1024,10:21:45,38.75,--,6,23250,买盘
1025,10:21:33,38.75,--,1,3875,买盘
1026,10:21:21,38.75,--,8,31000,买盘
1027,10:21:12,38.75,0.02,10,38750,买盘
1028,10:21:00,38.73,--,10,38730,卖盘
1029,10:20:54,38.73,-0.02,3,12122,卖盘
1030,10:20:30,38.75,--,2,7750,买盘
1031,10:20:27,38.75,0.05,5,19375,买盘
1032,10:20:24,38.7,-0.05,52,201588,卖盘
1033,10:20:12,38.75,0.05,3,11625,买盘
1034,10:20:09,38.7,-0.03,4,17415,卖盘
1035,10:19:54,38.73,0.03,5,21030,买盘
1036,10:19:45,38.7,--,6,23955,买盘
1037,10:19:39,38.7,--,2,10874,卖盘
1038,10:19:36,38.7,--,6,23220,卖盘
1039,10:19:33,38.7,--,1,3870,卖盘
1040,10:19:30,38.7,0.02,40,155535,买盘
1041,10:19:27,38.68,--,0,1934,卖盘
1042,10:19:24,38.68,-0.02,4,17406,卖盘
1043,10:19:12,38.7,--,74,289205,卖盘
1044,10:19:09,38.7,--,1,3870,卖盘
1045,10:19:06,38.7,-0.03,4,15480,卖盘
1046,10:18:54,38.73,-0.02,51,197522,卖盘
1047,10:18:48,38.75,-0.05,17,66456,卖盘
1048,10:18:42,38.8,0.05,1,3879,买盘
1049,10:18:24,38.75,0.05,32,127293,买盘
1050,10:18:18,38.7,--,2,7740,卖盘
1051,10:18:15,38.7,-0.04,19,73530,卖盘
1052,10:18:12,38.74,0.04,4,15496,买盘
1053,10:18:09,38.7,--,1,3870,卖盘
1054,10:17:57,38.7,-0.06,65,251550,卖盘
1055,10:17:54,38.76,-0.08,0,3488,卖盘
1056,10:17:51,38.84,-0.01,5,19420,中性盘
1057,10:17:36,38.85,-0.01,1,3885,卖盘
1058,10:17:33,38.86,-0.01,2,7772,中性盘
1059,10:17:27,38.87,--,6,26859,卖盘
1060,10:17:24,38.87,0.04,28,109185,买盘
1061,10:17:15,38.83,--,3,13978,卖盘
1062,10:17:09,38.83,0.03,8,32617,买盘
1063,10:17:06,38.8,--,10,41128,卖盘
1064,10:16:54,38.8,--,23,90792,卖盘
1065,10:16:39,38.8,0.09,4,15519,买盘
1066,10:16:24,38.71,-0.09,0,3677,卖盘
1067,10:16:03,38.8,0.09,1,3879,中性盘
1068,10:15:54,38.71,-0.12,9,34839,卖盘
1069,10:15:51,38.83,0.03,2,7766,买盘
1070,10:15:48,38.8,--,81,317966,买盘
1071,10:15:39,38.8,--,5,19400,买盘
1072,10:15:30,38.8,--,1,3879,买盘
1073,10:15:27,38.8,0.09,2,7953,卖盘
1074,10:15:24,38.71,-0.09,68,264621,卖盘
1075,10:15:21,38.8,--,2,7759,卖盘
1076,10:15:18,38.8,--,34,131920,卖盘
1077,10:15:09,38.8,--,12,46560,卖盘
1078,10:15:06,38.8,--,3,11640,卖盘
1079,10:15:03,38.8,0.12,4,17809,买盘
1080,10:14:57,38.68,--,5,19340,卖盘
1081,10:14:54,38.68,-0.12,8,32761,卖盘
1082,10:14:48,38.8,--,9,36510,卖盘
1083,10:14:42,38.8,0.16,0,2289,买盘
1084,10:14:30,38.64,--,13,50232,卖盘
1085,10:14:24,38.64,--,31,121600,买盘
1086,10:14:21,38.64,--,30,115920,买盘
1087,10:14:18,38.64,--,2,7728,买盘
1088,10:14:15,38.64,--,1,3864,买盘
1089,10:14:09,38.64,-0.21,13,50232,卖盘
1090,10:13:57,38.85,0.22,3,11655,买盘
1091,10:13:54,38.63,-0.18,11,45197,卖盘
1092,10:13:51,38.81,--,4,15524,卖盘
1093,10:13:45,38.81,--,7,27167,买盘
1094,10:13:33,38.81,--,1,3881,买盘
1095,10:13:27,38.81,0.19,1,3881,买盘
1096,10:13:24,38.62,--,6,26454,卖盘
1097,10:13:15,38.62,-0.18,184,710608,卖盘
1098,10:12:54,38.8,-0.1,3,14317,卖盘
1099,10:12:51,38.9,0.1,1,3890,买盘
1100,10:12:42,38.8,-0.1,10,38800,卖盘
1101,10:12:36,38.9,0.1,1,3890,中性盘
1102,10:12:24,38.8,-0.14,0,3491,卖盘
1103,10:12:21,38.94,0.14,1,3894,中性盘
1104,10:12:09,38.8,0.01,2,7759,卖盘
1105,10:11:54,38.79,-0.08,1,6982,卖盘
1106,10:11:51,38.87,--,2,7773,买盘
1107,10:11:48,38.87,-0.12,1,3886,中性盘
1108,10:11:39,38.99,0.38,100,389900,买盘
1109,10:11:33,38.61,-0.16,50,193050,卖盘
1110,10:11:27,38.77,0.05,4,15508,买盘
1111,10:11:24,38.72,0.08,7,29814,买盘
1112,10:11:18,38.64,-0.02,5,19320,卖盘
1113,10:11:15,38.66,0.06,4,15463,买盘
1114,10:11:09,38.6,-0.04,100,386000,卖盘
1115,10:11:03,38.64,--,11,42504,买盘
1116,10:11:00,38.64,--,4,15456,买盘
1117,10:10:57,38.64,0.04,3,11592,买盘
1118,10:10:54,38.6,--,18,70638,卖盘
1119,10:10:48,38.6,0.01,1,3860,卖盘
1120,10:10:45,38.59,--,2,8682,买盘
1121,10:10:42,38.59,--,22,84898,买盘
1122,10:10:39,38.59,--,14,54026,买盘
1123,10:10:36,38.59,--,4,15436,买盘
1124,10:10:33,38.59,--,18,69462,买盘
1125,10:10:30,38.59,-0.06,47,184267,卖盘
1126,10:10:24,38.65,0.05,7,29953,中性盘
1127,10:10:21,38.6,--,11,44390,买盘
1128,10:10:18,38.6,0.04,76,295907,买盘
1129,10:10:12,38.56,-0.02,5,19280,卖盘
1130,10:10:09,38.58,-0.17,23,90045,卖盘
1131,10:10:06,38.75,0.09,27,104625,买盘
1132,10:10:03,38.66,0.07,6,23195,买盘
1133,10:10:00,38.59,0.01,37,145329,买盘
1134,10:09:54,38.58,-0.01,18,71373,买盘
1135,10:09:51,38.59,--,310,1196290,买盘
1136,10:09:48,38.59,--,3,11577,买盘
1137,10:09:45,38.59,0.01,103,397477,买盘
1138,10:09:42,38.58,-0.01,5,19290,卖盘
1139,10:09:39,38.59,-0.01,76,293284,卖盘
1140,10:09:36,38.6,--,4,15440,买盘
1141,10:09:33,38.6,--,3,11580,买盘
1142,10:09:30,38.6,--,8,30880,买盘
1143,10:09:27,38.6,-0.02,26,101672,卖盘
1144,10:09:24,38.62,--,10,41709,卖盘
1145,10:09:18,38.62,0.02,8,34217,买盘
1146,10:09:06,38.6,-0.06,10,39140,卖盘
1147,10:09:03,38.66,0.04,1,7190,买盘
1148,10:08:54,38.62,-0.04,1,3861,卖盘
1149,10:08:51,38.66,--,1,5451,卖盘
1150,10:08:33,38.66,-0.11,30,115979,卖盘
1151,10:08:27,38.77,--,3,11631,卖盘
1152,10:08:24,38.77,-0.03,8,33303,卖盘
1153,10:08:18,38.8,-0.06,6,23668,卖盘
1154,10:08:15,38.86,--,3,11658,卖盘
1155,10:08:12,38.86,0.05,23,89378,买盘
1156,10:08:09,38.81,--,2,11254,卖盘
1157,10:08:06,38.81,--,29,112549,卖盘
1158,10:08:00,38.81,-0.02,6,23286,卖盘
1159,10:07:57,38.83,--,6,23298,买盘
1160,10:07:54,38.83,--,7,29122,买盘
1161,10:07:51,38.83,-0.03,12,46596,卖盘
1162,10:07:45,38.86,--,3,11658,买盘
1163,10:07:42,38.86,--,3,14455,卖盘
1164,10:07:39,38.86,--,5,19430,卖盘
1165,10:07:36,38.86,-0.02,1,3886,卖盘
1166,10:07:30,38.88,0.02,1,3888,买盘
1167,10:07:24,38.86,-0.03,4,17487,卖盘
1168,10:07:21,38.89,-0.01,71,276119,中性盘
1169,10:07:18,38.9,0.02,158,614620,买盘
1170,10:07:15,38.88,-0.01,12,46656,卖盘
1171,10:07:09,38.89,-0.01,5,19445,卖盘
1172,10:07:03,38.9,--,0,1556,卖盘
1173,10:07:00,38.9,--,3,11670,卖盘
1174,10:06:54,38.9,--,48,189054,卖盘
1175,10:06:51,38.9,--,1,3890,卖盘
1176,10:06:48,38.9,-0.01,3,11670,卖盘
1177,10:06:39,38.91,--,5,19455,买盘
1178,10:06:33,38.91,--,2,7781,买盘
1179,10:06:27,38.91,--,5,19455,买盘
1180,10:06:24,38.91,-0.01,1,3890,卖盘
1181,10:06:18,38.92,-0.08,1,3892,卖盘
1182,10:06:12,39.0,--,3,11700,买盘
1183,10:06:06,39.0,0.09,1,3900,买盘
1184,10:05:54,38.91,-0.09,9,35019,中性盘
1185,10:05:33,39.0,0.1,1,3900,买盘
1186,10:05:30,38.9,--,5,19450,卖盘
1187,10:05:24,38.9,-0.1,77,302914,卖盘
1188,10:05:21,39.0,--,3,11700,买盘
1189,10:05:18,39.0,0.1,1,3900,买盘
1190,10:05:09,38.9,--,8,31120,卖盘
1191,10:05:06,38.9,--,50,196795,买盘
1192,10:05:03,38.9,--,100,389000,买盘
1193,10:05:00,38.9,--,8,31120,买盘
1194,10:04:57,38.9,--,7,27230,买盘
1195,10:04:54,38.9,--,46,178940,买盘
1196,10:04:45,38.9,-0.05,19,75077,卖盘
1197,10:04:33,38.95,--,1,3895,卖盘
1198,10:04:27,38.95,0.05,8,31160,买盘
1199,10:04:24,38.9,--,20,80523,卖盘
1200,10:04:15,38.9,0.01,74,287860,买盘
1201,10:04:12,38.89,--,7,27223,卖盘
1202,10:04:03,38.89,--,4,15556,买盘
1203,10:04:00,38.89,--,4,15556,买盘
1204,10:03:57,38.89,0.03,1,3889,买盘
1205,10:03:54,38.86,-0.02,19,77642,卖盘
1206,10:03:51,38.88,-0.01,1,3888,卖盘
1207,10:03:48,38.89,-0.01,11,42779,中性盘
1208,10:03:45,38.9,--,200,778000,买盘
1209,10:03:42,38.9,0.04,1,3890,买盘
1210,10:03:39,38.86,-0.04,45,174870,卖盘
1211,10:03:36,38.9,--,13,50570,买盘
1212,10:03:33,38.9,0.01,6,23340,买盘
1213,10:03:30,38.89,-0.01,9,35001,买盘
1214,10:03:24,38.9,--,24,96472,买盘
1215,10:03:21,38.9,0.02,6,23340,买盘
1216,10:03:18,38.88,--,1,3888,卖盘
1217,10:03:15,38.88,-0.02,7,27216,卖盘
1218,10:03:06,38.9,-0.05,160,622400,卖盘
1219,10:03:00,38.95,0.02,3,11685,中性盘
1220,10:02:57,38.93,--,5,19465,卖盘
1221,10:02:54,38.93,-0.01,184,716312,卖盘
1222,10:02:51,38.94,--,2,7788,卖盘
1223,10:02:48,38.94,0.01,101,393294,买盘
1224,10:02:45,38.93,-0.01,2,7786,卖盘
1225,10:02:42,38.94,--,69,268686,买盘
1226,10:02:39,38.94,--,1,3894,买盘
1227,10:02:33,38.94,--,16,62304,卖盘
1228,10:02:30,38.94,-0.04,2,7788,卖盘
1229,10:02:27,38.98,0.04,5,19490,买盘
1230,10:02:24,38.94,-0.04,72,280368,卖盘
1231,10:02:21,38.98,--,6,23387,买盘
1232,10:02:18,38.98,--,7,27285,买盘
1233,10:02:09,38.98,-0.02,4,15591,卖盘
1234,10:02:06,39.0,--,63,245700,买盘
1235,10:02:00,39.0,--,10,39000,买盘
1236,10:01:57,39.0,--,13,50700,买盘
1237,10:01:54,39.0,-0.07,118,463359,卖盘
1238,10:01:51,39.07,0.06,6,25004,买盘
1239,10:01:48,39.01,--,10,39010,卖盘
1240,10:01:45,39.01,-0.06,19,74119,中性盘
1241,10:01:33,39.07,0.07,11,42977,买盘
1242,10:01:30,39.0,--,37,144300,卖盘
1243,10:01:27,39.0,--,17,66300,卖盘
1244,10:01:24,39.0,-0.01,63,249171,卖盘
1245,10:01:18,39.01,0.01,8,31208,买盘
1246,10:01:15,39.0,--,6,23400,卖盘
1247,10:01:12,39.0,--,8,31200,卖盘
1248,10:01:09,39.0,-0.01,21,81900,卖盘
1249,10:01:06,39.01,--,1,7411,买盘
1250,10:01:03,39.01,--,5,19505,买盘
1251,10:01:00,39.01,--,5,21845,卖盘
1252,10:00:57,39.01,--,15,58515,卖盘
1253,10:00:54,39.01,--,5,21065,卖盘
1254,10:00:48,39.01,--,1,3901,卖盘
1255,10:00:42,39.01,-0.06,11,42911,卖盘
1256,10:00:33,39.07,-0.03,79,308653,卖盘
1257,10:00:27,39.1,--,4,15640,买盘
1258,10:00:24,39.1,--,8,34408,卖盘
1259,10:00:21,39.1,--,33,129030,卖盘
1260,10:00:18,39.1,--,10,39100,卖盘
1261,10:00:12,39.1,--,34,133722,买盘
1262,10:00:06,39.1,--,7,30498,卖盘
1263,09:59:54,39.1,--,43,168912,卖盘
1264,09:59:45,39.1,-0.2,27,105570,卖盘
1265,09:59:33,39.3,-0.06,202,793860,卖盘
1266,09:59:30,39.36,--,3,11808,卖盘
1267,09:59:24,39.36,-0.02,11,46877,卖盘
1268,09:59:18,39.38,-0.02,1,3977,卖盘
1269,09:59:03,39.4,0.02,2,7880,买盘
1270,09:58:54,39.38,-0.02,0,315,卖盘
1271,09:58:24,39.4,0.02,100,396955,买盘
1272,09:58:09,39.38,-0.02,3,11814,卖盘
1273,09:58:06,39.4,0.02,5,19700,买盘
1274,09:58:03,39.38,-0.02,1,3938,卖盘
1275,09:58:00,39.4,0.02,2,7880,买盘
1276,09:57:54,39.38,-0.02,34,136018,卖盘
1277,09:57:51,39.4,--,2,7880,卖盘
1278,09:57:48,39.4,-0.01,5,19700,卖盘
1279,09:57:39,39.41,--,13,52730,卖盘
1280,09:57:24,39.41,-0.06,3,13714,卖盘
1281,09:57:21,39.47,0.06,1,3947,中性盘
1282,09:57:09,39.41,-0.08,10,39410,卖盘
1283,09:57:06,39.49,0.01,3,11847,买盘
1284,09:56:54,39.48,--,3,12396,买盘
1285,09:56:45,39.48,0.07,2,7895,买盘
1286,09:56:42,39.41,--,24,94583,卖盘
1287,09:56:24,39.41,--,67,265781,买盘
1288,09:56:21,39.41,0.01,4,15763,买盘
1289,09:56:18,39.4,-0.01,5,19700,卖盘
1290,09:56:09,39.41,--,4,15763,买盘
1291,09:56:03,39.41,0.01,1,3940,买盘
1292,09:55:54,39.4,--,5,19700,卖盘
1293,09:55:51,39.4,--,6,24822,卖盘
1294,09:55:27,39.4,--,2,7880,卖盘
1295,09:55:24,39.4,--,3,11820,卖盘
1296,09:55:21,39.4,--,19,75175,卖盘
1297,09:55:09,39.4,--,8,31520,卖盘
1298,09:55:03,39.4,--,1,3940,卖盘
1299,09:54:51,39.4,--,1,7092,卖盘
1300,09:54:36,39.4,0.03,22,86680,买盘
1301,09:54:33,39.37,-0.01,17,66929,卖盘
1302,09:54:24,39.38,-0.02,1,7088,卖盘
1303,09:54:21,39.4,0.02,5,19700,中性盘
1304,09:54:09,39.38,--,3,11814,卖盘
1305,09:53:51,39.38,-0.12,9,35442,卖盘
1306,09:53:48,39.5,0.13,5,19750,买盘
1307,09:53:33,39.37,0.01,4,15747,中性盘
1308,09:53:21,39.36,--,8,31881,卖盘
1309,09:53:15,39.36,--,1,3936,买盘
1310,09:53:09,39.36,0.01,7,27552,中性盘
1311,09:52:54,39.35,-0.01,27,106913,卖盘
1312,09:52:48,39.36,--,3,11808,卖盘
1313,09:52:45,39.36,--,5,19680,卖盘
1314,09:52:42,39.36,0.01,5,21096,中性盘
1315,09:52:24,39.35,-0.05,56,220360,卖盘
1316,09:52:21,39.4,0.01,6,27186,买盘
1317,09:52:18,39.39,-0.01,19,74841,卖盘
1318,09:52:15,39.4,-0.02,3,11820,卖盘
1319,09:52:12,39.42,0.01,10,39420,买盘
1320,09:52:09,39.41,0.01,3,11822,卖盘
1321,09:52:06,39.4,-0.02,10,39400,卖盘
1322,09:51:54,39.42,--,2,10406,卖盘
1323,09:51:51,39.42,--,23,93661,卖盘
1324,09:51:45,39.42,--,1,3942,卖盘
1325,09:51:33,39.42,-0.04,6,23652,卖盘
1326,09:51:24,39.46,--,3,14205,卖盘
1327,09:51:15,39.46,-0.04,7,27622,卖盘
1328,09:51:09,39.5,-0.02,25,101120,卖盘
1329,09:51:03,39.52,0.02,2,7904,买盘
1330,09:50:57,39.5,--,4,15800,卖盘
1331,09:50:51,39.5,-0.01,32,128414,卖盘
1332,09:50:48,39.51,--,4,15804,卖盘
1333,09:50:45,39.51,--,5,19755,卖盘
1334,09:50:42,39.51,-0.01,1,3951,卖盘
1335,09:50:39,39.52,0.01,1,3952,买盘
1336,09:50:36,39.51,--,13,51363,卖盘
1337,09:50:33,39.51,-0.03,2,7902,卖盘
1338,09:50:30,39.54,0.03,1,3954,买盘
1339,09:50:24,39.51,-0.01,3,11853,卖盘
1340,09:50:21,39.52,-0.01,1,7113,卖盘
1341,09:50:18,39.53,0.01,1,3953,买盘
1342,09:50:15,39.52,0.01,4,15808,卖盘
1343,09:50:12,39.51,-0.04,1,3951,卖盘
1344,09:50:03,39.55,0.04,4,15819,买盘
1345,09:49:51,39.51,-0.1,3,14618,卖盘
1346,09:49:45,39.61,0.06,4,15844,买盘
1347,09:49:36,39.55,--,10,43425,买盘
1348,09:49:27,39.55,--,9,35595,买盘
1349,09:49:24,39.55,0.03,2,7909,买盘
1350,09:49:21,39.52,-0.01,40,160451,卖盘
1351,09:49:18,39.53,-0.01,10,39530,卖盘
1352,09:49:15,39.54,--,5,19770,买盘
1353,09:49:09,39.54,0.01,7,27678,买盘
1354,09:49:06,39.53,--,2,7906,卖盘
1355,09:48:51,39.53,-0.01,5,21346,卖盘
1356,09:48:48,39.54,--,6,23724,卖盘
1357,09:48:45,39.54,-0.01,10,39540,卖盘
1358,09:48:42,39.55,--,4,15899,卖盘
1359,09:48:33,39.55,--,10,39550,卖盘
1360,09:48:21,39.55,--,0,949,卖盘
1361,09:48:18,39.55,-0.04,1,3954,卖盘
1362,09:48:15,39.59,0.05,2,10847,买盘
1363,09:47:54,39.54,-0.05,9,35586,卖盘
1364,09:47:45,39.59,0.06,93,371710,买盘
1365,09:47:36,39.53,--,1,3953,卖盘
1366,09:47:30,39.53,--,7,31228,买盘
1367,09:47:27,39.53,0.01,2,7906,买盘
1368,09:47:24,39.52,-0.01,2,8299,卖盘
1369,09:47:21,39.53,0.02,0,3557,中性盘
1370,09:46:51,39.51,-0.08,21,85302,卖盘
1371,09:46:30,39.59,--,10,42796,卖盘
1372,09:46:21,39.59,0.04,9,36383,买盘
1373,09:46:12,39.55,-0.04,1,3954,卖盘
1374,09:46:06,39.59,--,5,19795,买盘
1375,09:46:03,39.59,--,1,3959,买盘
1376,09:45:57,39.59,--,1,7522,卖盘
1377,09:45:51,39.59,--,3,14648,卖盘
1378,09:45:48,39.59,--,22,87098,卖盘
1379,09:45:21,39.59,-0.06,5,21141,卖盘
1380,09:45:06,39.65,--,1,3965,买盘
1381,09:45:00,39.65,0.06,1,3965,买盘
1382,09:44:51,39.59,-0.06,0,475,卖盘
1383,09:44:42,39.65,--,12,47580,卖盘
1384,09:44:39,39.65,0.04,28,114747,买盘
1385,09:44:36,39.61,-0.03,23,91103,卖盘
1386,09:44:27,39.64,-0.01,1,3964,卖盘
1387,09:44:24,39.65,0.01,10,39650,买盘
1388,09:44:21,39.64,-0.03,11,43604,卖盘
1389,09:44:18,39.67,0.02,1,3967,买盘
1390,09:44:15,39.65,--,8,31720,卖盘
1391,09:44:09,39.65,-0.02,1,3965,卖盘
1392,09:43:57,39.67,--,5,20271,卖盘
1393,09:43:51,39.67,-0.02,20,83068,卖盘
1394,09:43:21,39.69,-0.01,9,35721,卖盘
1395,09:43:18,39.7,--,21,83767,卖盘
1396,09:43:15,39.7,--,6,23820,卖盘
1397,09:43:09,39.7,-0.02,46,182620,卖盘
1398,09:43:06,39.72,--,1,3972,买盘
1399,09:43:03,39.72,-0.01,35,139020,卖盘
1400,09:43:00,39.73,0.01,6,23837,买盘
1401,09:42:57,39.72,-0.01,20,79440,卖盘
1402,09:42:51,39.73,-0.03,49,194676,卖盘
1403,09:42:42,39.76,0.05,19,75544,买盘
1404,09:42:36,39.71,--,5,19855,卖盘
1405,09:42:33,39.71,--,1,3971,卖盘
1406,09:42:27,39.71,--,1,3971,卖盘
1407,09:42:21,39.71,-0.05,0,3573,卖盘
1408,09:42:18,39.76,-0.01,3,11928,中性盘
1409,09:42:09,39.77,--,2,7954,买盘
1410,09:42:03,39.77,0.08,2,7954,买盘
1411,09:41:51,39.69,-0.08,13,54057,卖盘
1412,09:41:48,39.77,-0.01,18,75364,卖盘
1413,09:41:45,39.78,0.08,34,135450,买盘
1414,09:41:42,39.7,--,1,3970,买盘
1415,09:41:39,39.7,--,7,31561,卖盘
1416,09:41:36,39.7,-0.07,10,39700,卖盘
1417,09:41:30,39.77,0.07,1,3977,买盘
1418,09:41:21,39.7,-0.07,10,42161,卖盘
1419,09:41:18,39.77,0.08,12,49434,买盘
1420,09:41:15,39.69,-0.01,0,793,卖盘
1421,09:41:09,39.7,--,7,27790,买盘
1422,09:41:03,39.7,0.01,20,79400,买盘
1423,09:41:00,39.69,-0.08,6,26076,卖盘
1424,09:40:54,39.77,0.07,1,3977,买盘
1425,09:40:51,39.7,-0.06,8,32236,卖盘
1426,09:40:48,39.76,0.06,1,3976,卖盘
1427,09:40:42,39.7,--,2,9170,买盘
1428,09:40:39,39.7,0.02,2,7940,买盘
1429,09:40:36,39.68,0.01,1,3968,买盘
1430,09:40:33,39.67,-0.03,3,11901,卖盘
1431,09:40:30,39.7,0.02,120,476400,买盘
1432,09:40:27,39.68,--,1,3968,买盘
1433,09:40:21,39.68,-0.02,17,67456,卖盘
1434,09:39:57,39.7,--,8,35690,卖盘
1435,09:39:51,39.7,-0.01,53,214022,卖盘
1436,09:39:45,39.71,0.01,5,19855,买盘
1437,09:39:42,39.7,-0.01,6,23820,卖盘
1438,09:39:33,39.71,--,7,27797,买盘
1439,09:39:30,39.71,--,1,3971,买盘
1440,09:39:24,39.71,0.01,5,19855,买盘
1441,09:39:21,39.7,-0.07,2,11513,卖盘
1442,09:39:15,39.77,0.07,2,7954,买盘
1443,09:39:09,39.7,-0.07,2,7940,卖盘
1444,09:39:00,39.77,0.06,25,99425,买盘
1445,09:38:57,39.71,--,0,1985,卖盘
1446,09:38:51,39.71,-0.04,4,17869,卖盘
1447,09:38:45,39.75,-0.02,1,3975,买盘
1448,09:38:36,39.77,0.07,3,11931,买盘
1449,09:38:33,39.7,-0.07,59,234230,卖盘
1450,09:38:24,39.77,--,5,22191,卖盘
1451,09:38:21,39.77,-0.01,23,92345,卖盘
1452,09:38:18,39.78,--,6,23868,买盘
1453,09:38:15,39.78,-0.01,2,7956,卖盘
1454,09:37:57,39.79,--,4,18064,卖盘
1455,09:37:51,39.79,-0.01,5,23476,卖盘
1456,09:37:48,39.8,--,9,35820,卖盘
1457,09:37:42,39.8,--,9,35820,买盘
1458,09:37:30,39.8,--,1,3979,买盘
1459,09:37:27,39.8,--,11,43780,买盘
1460,09:37:24,39.8,0.01,2,7959,买盘
1461,09:37:21,39.79,-0.01,3,15756,卖盘
1462,09:37:18,39.8,--,3,11940,买盘
1463,09:37:15,39.8,--,6,23880,买盘
1464,09:37:12,39.8,--,5,19900,卖盘
1465,09:37:09,39.8,-0.03,6,23880,卖盘
1466,09:36:54,39.83,0.04,5,19915,买盘
1467,09:36:51,39.79,0.02,7,30240,中性盘
1468,09:36:36,39.77,--,5,19885,卖盘
1469,09:36:33,39.77,--,1,3977,卖盘
1470,09:36:21,39.77,-0.02,34,136013,卖盘
1471,09:36:18,39.79,0.02,1,3979,中性盘
1472,09:36:12,39.77,--,3,11931,卖盘
1473,09:36:03,39.77,--,1,3977,卖盘
1474,09:36:00,39.77,--,3,11931,买盘
1475,09:35:57,39.77,--,2,7954,买盘
1476,09:35:54,39.77,0.01,1,3977,买盘
1477,09:35:51,39.76,-0.01,46,184884,卖盘
1478,09:35:48,39.77,--,2,7954,买盘
1479,09:35:39,39.77,-0.01,32,127264,卖盘
1480,09:35:36,39.78,0.06,10,39780,中性盘
1481,09:35:21,39.72,-0.03,137,544958,卖盘
1482,09:35:15,39.75,0.03,2,7950,中性盘
1483,09:35:12,39.72,0.01,92,365424,买盘
1484,09:35:09,39.71,0.01,3,11913,买盘
1485,09:35:06,39.7,-0.01,4,15880,卖盘
1486,09:34:57,39.71,0.01,1,3971,买盘
1487,09:34:54,39.7,--,2,7940,卖盘
1488,09:34:51,39.7,--,1,7146,卖盘
1489,09:34:42,39.7,-0.02,1,3970,卖盘
1490,09:34:39,39.72,0.05,1,3972,买盘
1491,09:34:21,39.67,-0.03,39,156577,卖盘
1492,09:34:15,39.7,0.03,6,23820,买盘
1493,09:34:12,39.67,-0.02,1,3967,卖盘
1494,09:34:06,39.69,0.02,3,11907,买盘
1495,09:34:03,39.67,--,11,43637,卖盘
1496,09:34:00,39.67,-0.02,11,43637,卖盘
1497,09:33:57,39.69,--,4,15876,买盘
1498,09:33:54,39.69,0.02,15,59535,买盘
1499,09:33:51,39.67,-0.02,12,48794,卖盘
1500,09:33:42,39.69,--,7,27783,卖盘
1501,09:33:36,39.69,-0.07,6,23814,卖盘
1502,09:33:30,39.76,-0.01,2,7952,中性盘
1503,09:33:24,39.77,0.08,20,79540,买盘
1504,09:33:21,39.69,--,18,71442,卖盘
1505,09:33:18,39.69,-0.08,1,3969,卖盘
1506,09:33:12,39.77,0.1,32,127264,买盘
1507,09:33:09,39.67,--,5,19835,卖盘
1508,09:33:00,39.67,--,28,114923,卖盘
1509,09:32:57,39.67,0.02,19,76206,买盘
1510,09:32:54,39.65,0.1,33,130845,买盘
1511,09:32:51,39.55,-0.1,18,74828,卖盘
1512,09:32:48,39.65,0.1,5,19825,买盘
1513,09:32:39,39.55,-0.12,2,7909,卖盘
1514,09:32:33,39.67,0.01,1,3967,买盘
1515,09:32:30,39.66,--,10,39660,买盘
1516,09:32:27,39.66,--,3,11897,买盘
1517,09:32:21,39.66,--,4,16577,买盘
1518,09:32:00,39.66,0.11,7,27761,买盘
1519,09:31:51,39.55,-0.11,1,7118,卖盘
1520,09:31:39,39.66,0.16,3,11897,中性盘
1521,09:31:21,39.5,--,66,264255,买盘
1522,09:31:12,39.5,--,2,7900,买盘
1523,09:31:09,39.5,-0.02,19,77815,卖盘
1524,09:31:06,39.52,0.02,3,11856,中性盘
1525,09:30:51,39.5,-0.05,16,64385,卖盘
1526,09:30:48,39.55,0.09,2,7909,买盘
1527,09:30:24,39.46,--,1,3946,卖盘
1528,09:30:15,39.46,--,8,31568,买盘
1529,09:30:06,39.46,0.14,6,23676,买盘
1530,09:30:03,39.32,0.01,40,157280,中性盘
1531,09:30:00,39.31,--,0,0,卖盘
1532,09:25:03,39.31,39.31,1,3931,买盘
