,time,price,change,volume,amount,type
0,15:00:03,21.51,0.01,776,1669176,买盘
1,14:57:00,21.5,--,12,25800,卖盘
2,14:56:54,21.5,--,66,141900,卖盘
3,14:56:51,21.5,-0.01,62,133300,卖盘
4,14:56:48,21.51,0.01,5,10755,买盘
5,14:56:45,21.5,--,40,86000,卖盘
6,14:56:42,21.5,-0.01,47,101050,卖盘
7,14:56:36,21.51,--,0,1075,卖盘
8,14:56:33,21.51,-0.01,34,73134,卖盘
9,14:56:30,21.52,0.01,9,19368,买盘
10,14:56:27,21.51,--,15,32265,卖盘
11,14:56:24,21.51,-0.01,0,1075,中性盘
12,14:56:21,21.52,--,3,6456,买盘
13,14:56:18,21.52,--,167,359384,卖盘
14,14:56:12,21.52,0.01,10,21520,中性盘
15,14:56:09,21.51,-0.02,6,12906,卖盘
16,14:56:06,21.53,0.02,30,64590,买盘
17,14:56:00,21.51,-0.01,32,68832,卖盘
18,14:55:57,21.52,--,175,376600,卖盘
19,14:55:54,21.52,0.01,97,208744,买盘
20,14:55:51,21.51,--,36,77436,买盘
21,14:55:48,21.51,0.01,1,2151,中性盘
22,14:55:45,21.5,-0.01,65,139750,卖盘
23,14:55:42,21.51,--,2,4302,卖盘
24,14:55:39,21.51,--,12,25812,卖盘
25,14:55:36,21.51,0.01,14,30114,买盘
26,14:55:33,21.5,-0.01,132,283800,卖盘
27,14:55:30,21.51,--,11,23661,买盘
28,14:55:27,21.51,--,23,49473,买盘
29,14:55:24,21.51,0.01,22,47322,买盘
30,14:55:21,21.5,--,41,88150,卖盘
31,14:55:18,21.5,-0.01,27,58050,卖盘
32,14:55:15,21.51,0.01,10,21510,买盘
33,14:55:12,21.5,-0.01,1,2150,卖盘
34,14:55:09,21.51,0.01,37,79587,买盘
35,14:55:06,21.5,--,11,23650,卖盘
36,14:55:00,21.5,--,2,4300,卖盘
37,14:54:54,21.5,--,35,75250,买盘
38,14:54:51,21.5,--,22,47300,买盘
39,14:54:48,21.5,0.01,2,4300,买盘
40,14:54:45,21.49,-0.01,50,107449,卖盘
41,14:54:42,21.5,--,37,79550,卖盘
42,14:54:36,21.5,--,20,43000,买盘
43,14:54:33,21.5,--,30,64500,买盘
44,14:54:24,21.5,0.01,28,60200,买盘
45,14:54:21,21.49,-0.01,13,27936,卖盘
46,14:54:18,21.5,--,2,4300,买盘
47,14:54:09,21.5,0.01,12,25800,买盘
48,14:54:06,21.49,-0.01,9,19341,中性盘
49,14:54:00,21.5,0.01,71,152650,买盘
50,14:53:57,21.49,--,2,4298,买盘
51,14:53:54,21.49,-0.01,52,111747,卖盘
52,14:53:51,21.5,--,35,75250,买盘
53,14:53:48,21.5,--,5,10750,买盘
54,14:53:45,21.5,--,49,105350,买盘
55,14:53:42,21.5,0.01,7,15050,买盘
56,14:53:36,21.49,-0.01,5,10745,卖盘
57,14:53:30,21.5,0.01,27,58050,买盘
58,14:53:15,21.49,0.01,17,36533,买盘
59,14:53:12,21.48,-0.01,9,19332,卖盘
60,14:53:09,21.49,--,10,21490,买盘
61,14:53:06,21.49,--,1,2149,买盘
62,14:53:03,21.49,--,103,221346,卖盘
63,14:52:57,21.49,0.01,60,128939,中性盘
64,14:52:51,21.48,-0.01,40,85920,卖盘
65,14:52:42,21.49,-0.01,4,8596,卖盘
66,14:52:39,21.5,0.01,62,133300,买盘
67,14:52:36,21.49,--,9,19341,买盘
68,14:52:33,21.49,--,6,12893,买盘
69,14:52:27,21.49,0.01,8,17192,买盘
70,14:52:21,21.48,-0.01,24,51552,卖盘
71,14:52:18,21.49,--,7,15042,买盘
72,14:52:15,21.49,--,17,36533,买盘
73,14:52:12,21.49,--,10,21490,买盘
74,14:52:09,21.49,--,35,75215,买盘
75,14:52:06,21.49,-0.01,1,2149,买盘
76,14:52:00,21.5,0.01,455,978250,买盘
77,14:51:57,21.49,--,15,32234,卖盘
78,14:51:54,21.49,--,6,12893,卖盘
79,14:51:51,21.49,0.01,67,143983,买盘
80,14:51:48,21.48,-0.01,56,120288,卖盘
81,14:51:45,21.49,0.01,45,96705,买盘
82,14:51:39,21.48,-0.01,15,32220,卖盘
83,14:51:36,21.49,0.01,3,6446,买盘
84,14:51:33,21.48,-0.01,1,2148,卖盘
85,14:51:30,21.49,--,18,38682,买盘
86,14:51:27,21.49,--,8,17192,买盘
87,14:51:24,21.49,--,12,25787,卖盘
88,14:51:21,21.49,-0.01,14,30085,卖盘
89,14:51:09,21.5,0.01,21,45150,买盘
90,14:51:06,21.49,-0.01,2,4298,卖盘
91,14:51:03,21.5,0.02,10,21500,买盘
92,14:50:57,21.48,-0.02,23,49404,卖盘
93,14:50:48,21.5,0.02,50,107500,买盘
94,14:50:45,21.48,--,17,36516,卖盘
95,14:50:42,21.48,-0.01,100,214800,卖盘
96,14:50:36,21.49,--,2,4298,买盘
97,14:50:33,21.49,--,27,58022,卖盘
98,14:50:30,21.49,-0.01,17,36533,卖盘
99,14:50:24,21.5,0.01,20,43000,买盘
100,14:50:21,21.49,--,5,10745,卖盘
101,14:50:18,21.49,-0.01,33,70917,卖盘
102,14:50:15,21.5,--,14,30100,买盘
103,14:50:12,21.5,--,3,6450,买盘
104,14:50:06,21.5,--,20,43000,买盘
105,14:50:03,21.5,--,25,53750,买盘
106,14:50:00,21.5,--,9,19350,买盘
107,14:49:54,21.5,--,5,10750,买盘
108,14:49:45,21.5,-0.01,11,23650,卖盘
109,14:49:42,21.51,0.01,46,98946,买盘
110,14:49:39,21.5,--,10,21500,卖盘
111,14:49:36,21.5,--,33,70950,卖盘
112,14:49:30,21.5,--,6,12900,卖盘
113,14:49:27,21.5,--,22,47300,卖盘
114,14:49:18,21.5,--,3,6450,卖盘
115,14:49:15,21.5,0.02,9,19350,买盘
116,14:49:12,21.48,-0.02,245,526260,卖盘
117,14:49:06,21.5,--,28,60200,买盘
118,14:49:03,21.5,--,21,45150,买盘
119,14:48:57,21.5,--,11,23650,买盘
120,14:48:48,21.5,--,14,30100,买盘
121,14:48:45,21.5,--,2,4300,买盘
122,14:48:30,21.5,0.01,114,245100,买盘
123,14:48:27,21.49,--,6,12893,买盘
124,14:48:24,21.49,0.01,1,2149,买盘
125,14:48:21,21.48,-0.01,10,21480,卖盘
126,14:48:18,21.49,0.01,10,21490,买盘
127,14:48:15,21.48,--,4,8592,卖盘
128,14:48:06,21.48,0.02,309,663732,买盘
129,14:48:03,21.46,-0.02,17,36482,卖盘
130,14:48:00,21.48,--,7,15036,买盘
131,14:47:57,21.48,--,5,10740,买盘
132,14:47:54,21.48,-0.01,108,231984,卖盘
133,14:47:51,21.49,0.01,11,23639,买盘
134,14:47:48,21.48,-0.01,20,42960,卖盘
135,14:47:42,21.49,--,2,4298,买盘
136,14:47:36,21.49,-0.01,70,150430,卖盘
137,14:47:33,21.5,--,5,10750,买盘
138,14:47:30,21.5,0.01,41,88150,买盘
139,14:47:24,21.49,-0.01,73,156877,卖盘
140,14:47:21,21.5,0.01,28,60200,买盘
141,14:47:18,21.49,-0.01,108,232091,卖盘
142,14:47:15,21.5,--,102,219300,买盘
143,14:47:09,21.5,--,1,2150,买盘
144,14:47:03,21.5,--,10,21500,买盘
145,14:46:54,21.5,--,20,43000,买盘
146,14:46:51,21.5,--,100,215000,买盘
147,14:46:48,21.5,-0.03,235,505250,卖盘
148,14:46:45,21.53,--,14,30142,买盘
149,14:46:42,21.53,0.03,11,23683,买盘
150,14:46:39,21.5,--,1,2150,卖盘
151,14:46:27,21.5,--,5,10750,卖盘
152,14:46:24,21.5,-0.03,31,66650,卖盘
153,14:46:21,21.53,--,10,21530,买盘
154,14:46:15,21.53,0.03,2,4306,买盘
155,14:46:12,21.5,0.01,5,10750,中性盘
156,14:45:57,21.49,-0.02,10,21490,中性盘
157,14:45:48,21.51,0.01,10,21510,买盘
158,14:45:45,21.5,--,12,25800,中性盘
159,14:45:33,21.5,--,50,107500,买盘
160,14:45:30,21.5,0.02,19,40850,买盘
161,14:45:27,21.48,-0.01,67,143916,卖盘
162,14:45:24,21.49,--,20,42980,卖盘
163,14:45:21,21.49,-0.01,100,214899,中性盘
164,14:45:15,21.5,0.02,30,64500,买盘
165,14:45:09,21.48,-0.02,10,21480,卖盘
166,14:45:00,21.5,0.05,75,161250,买盘
167,14:44:57,21.45,--,11,23595,买盘
168,14:44:54,21.45,-0.01,8,17160,卖盘
169,14:44:51,21.46,--,1,2146,买盘
170,14:44:48,21.46,0.02,3,6438,买盘
171,14:44:45,21.44,-0.03,56,120064,卖盘
172,14:44:42,21.47,--,11,23617,买盘
173,14:44:39,21.47,--,23,49381,买盘
174,14:44:36,21.47,--,2,4294,买盘
175,14:44:27,21.47,0.02,16,34352,买盘
176,14:44:21,21.45,--,75,160875,卖盘
177,14:44:18,21.45,-0.02,1,2145,卖盘
178,14:44:12,21.47,--,28,60116,买盘
179,14:44:09,21.47,0.02,6,12882,买盘
180,14:43:57,21.45,-0.02,4,8580,卖盘
181,14:43:48,21.47,0.02,9,19323,买盘
182,14:43:45,21.45,-0.02,23,51351,卖盘
183,14:43:42,21.47,--,11,23617,卖盘
184,14:43:30,21.47,--,10,21470,卖盘
185,14:43:27,21.47,--,39,83861,买盘
186,14:43:24,21.47,0.03,13,27911,买盘
187,14:43:06,21.44,-0.03,6,12864,卖盘
188,14:43:03,21.47,0.04,3,6441,买盘
189,14:42:57,21.43,--,4,8572,卖盘
190,14:42:45,21.43,-0.01,6,12858,卖盘
191,14:42:39,21.44,-0.06,72,154368,卖盘
192,14:42:30,21.5,0.04,92,197800,买盘
193,14:42:24,21.46,--,2,4292,卖盘
194,14:42:21,21.46,-0.04,6,12876,卖盘
195,14:42:15,21.5,0.01,41,88150,买盘
196,14:42:12,21.49,--,4,8596,卖盘
197,14:42:09,21.49,0.02,9,19341,买盘
198,14:42:06,21.47,--,4,8588,买盘
199,14:42:03,21.47,-0.02,10,21470,卖盘
200,14:41:57,21.49,-0.01,3,6446,卖盘
201,14:41:54,21.5,-0.01,131,281650,卖盘
202,14:41:45,21.51,-0.03,50,107550,卖盘
203,14:41:42,21.54,--,10,21540,买盘
204,14:41:39,21.54,--,19,40926,卖盘
205,14:41:36,21.54,--,18,38772,卖盘
206,14:41:30,21.54,--,3,6462,卖盘
207,14:41:18,21.54,--,3,6462,卖盘
208,14:41:15,21.54,-0.02,28,60312,卖盘
209,14:41:12,21.56,0.02,39,84084,买盘
210,14:41:09,21.54,-0.02,5,10770,卖盘
211,14:41:06,21.56,0.02,50,107800,买盘
212,14:41:03,21.54,--,2,4308,卖盘
213,14:41:00,21.54,-0.01,1,2154,卖盘
214,14:40:57,21.55,0.01,1,2155,卖盘
215,14:40:54,21.54,-0.02,5,10770,中性盘
216,14:40:48,21.56,0.03,300,646800,买盘
217,14:40:42,21.53,-0.01,5,10765,卖盘
218,14:40:39,21.54,--,34,75260,卖盘
219,14:40:36,21.54,--,8,17232,卖盘
220,14:40:27,21.54,-0.01,5,10770,卖盘
221,14:40:24,21.55,--,33,71115,卖盘
222,14:40:21,21.55,0.01,9,19395,买盘
223,14:40:18,21.54,-0.01,22,47388,卖盘
224,14:40:15,21.55,0.01,12,25860,买盘
225,14:40:12,21.54,-0.01,70,150780,卖盘
226,14:40:09,21.55,--,29,62495,买盘
227,14:40:06,21.55,--,18,38790,买盘
228,14:39:57,21.55,-0.01,2,4310,卖盘
229,14:39:54,21.56,--,2,4312,买盘
230,14:39:51,21.56,0.01,13,28028,买盘
231,14:39:48,21.55,--,5,10775,卖盘
232,14:39:45,21.55,--,20,43100,卖盘
233,14:39:42,21.55,-0.01,25,53875,卖盘
234,14:39:39,21.56,0.01,22,47432,买盘
235,14:39:36,21.55,-0.01,2,4310,卖盘
236,14:39:30,21.56,--,5,10780,买盘
237,14:39:27,21.56,--,5,10780,买盘
238,14:39:24,21.56,-0.01,9,19404,卖盘
239,14:39:15,21.57,--,9,19413,买盘
240,14:39:06,21.57,-0.03,9,19413,卖盘
241,14:39:03,21.6,0.03,67,144720,买盘
242,14:39:00,21.57,-0.01,5,10785,卖盘
243,14:38:54,21.58,--,5,10790,买盘
244,14:38:51,21.58,--,5,10790,买盘
245,14:38:48,21.58,-0.02,13,28053,卖盘
246,14:38:45,21.6,0.02,9,19440,买盘
247,14:38:42,21.58,0.02,27,58265,中性盘
248,14:38:36,21.56,-0.04,2,4312,中性盘
249,14:38:30,21.6,0.04,144,311040,买盘
250,14:38:27,21.56,-0.01,5,10780,卖盘
251,14:38:24,21.57,0.01,5,10785,中性盘
252,14:38:12,21.56,--,11,23716,卖盘
253,14:38:06,21.56,--,5,10780,卖盘
254,14:38:03,21.56,-0.02,11,23716,卖盘
255,14:38:00,21.58,0.02,3,6473,买盘
256,14:37:57,21.56,-0.02,3,6468,卖盘
257,14:37:51,21.58,0.02,5,10790,买盘
258,14:37:42,21.56,-0.02,62,133672,卖盘
259,14:37:39,21.58,0.02,17,36686,买盘
260,14:37:36,21.56,--,3,6468,卖盘
261,14:37:33,21.56,0.02,393,847308,买盘
262,14:37:30,21.54,--,0,129,卖盘
263,14:37:27,21.54,-0.01,3,6462,卖盘
264,14:37:21,21.55,0.01,2,4310,中性盘
265,14:37:15,21.54,-0.01,22,47388,卖盘
266,14:37:12,21.55,--,2,4310,卖盘
267,14:37:06,21.55,0.01,13,28015,中性盘
268,14:37:03,21.54,-0.02,2,4308,卖盘
269,14:37:00,21.56,--,6,12936,买盘
270,14:36:57,21.56,0.02,20,43120,买盘
271,14:36:54,21.54,-0.02,10,21540,卖盘
272,14:36:42,21.56,0.02,10,21560,买盘
273,14:36:39,21.54,--,161,346794,买盘
274,14:36:36,21.54,--,12,25848,买盘
275,14:36:27,21.54,0.02,300,646200,买盘
276,14:36:24,21.52,-0.01,27,58104,卖盘
277,14:36:09,21.53,0.01,3,6459,中性盘
278,14:36:03,21.52,-0.01,11,23672,卖盘
279,14:35:57,21.53,-0.01,10,21530,卖盘
280,14:35:51,21.54,-0.02,57,122778,卖盘
281,14:35:48,21.56,0.01,5,10780,买盘
282,14:35:45,21.55,-0.01,2,4310,卖盘
283,14:35:36,21.56,--,12,25872,买盘
284,14:35:24,21.56,--,2,4312,买盘
285,14:35:21,21.56,-0.04,58,125047,卖盘
286,14:35:18,21.6,0.02,10,21600,买盘
287,14:35:12,21.58,--,10,21580,卖盘
288,14:35:09,21.58,--,10,21580,卖盘
289,14:35:06,21.58,--,1,2158,卖盘
290,14:35:03,21.58,-0.02,31,66898,卖盘
291,14:35:00,21.6,--,7,15120,买盘
292,14:34:57,21.6,-0.01,1,2160,买盘
293,14:34:54,21.61,0.01,9,19449,买盘
294,14:34:48,21.6,-0.01,13,28080,卖盘
295,14:34:42,21.61,--,23,49703,买盘
296,14:34:39,21.61,--,8,17288,卖盘
297,14:34:33,21.61,-0.01,10,21610,卖盘
298,14:34:30,21.62,--,14,30268,买盘
299,14:34:24,21.62,--,4,8648,卖盘
300,14:34:21,21.62,0.01,1,2162,中性盘
301,14:34:15,21.61,-0.04,23,49703,卖盘
302,14:34:06,21.65,--,9,19485,买盘
303,14:34:03,21.65,--,11,23815,买盘
304,14:34:00,21.65,-0.01,67,145055,卖盘
305,14:33:57,21.66,--,10,21660,卖盘
306,14:33:54,21.66,--,24,51984,买盘
307,14:33:51,21.66,0.01,54,116964,买盘
308,14:33:48,21.65,-0.01,20,43300,卖盘
309,14:33:45,21.66,0.01,10,21660,中性盘
310,14:33:36,21.65,-0.03,12,25980,卖盘
311,14:33:27,21.68,--,12,26016,卖盘
312,14:33:24,21.68,0.01,29,62872,买盘
313,14:33:18,21.67,-0.01,37,80179,卖盘
314,14:33:15,21.68,--,2,4336,卖盘
315,14:33:12,21.68,--,10,21680,买盘
316,14:33:09,21.68,0.01,1,2168,中性盘
317,14:33:06,21.67,--,1,2167,买盘
318,14:33:03,21.67,-0.02,22,47674,卖盘
319,14:33:00,21.69,0.02,68,147492,买盘
320,14:32:57,21.67,-0.01,27,58509,卖盘
321,14:32:54,21.68,0.01,5,10840,中性盘
322,14:32:48,21.67,-0.03,93,201531,卖盘
323,14:32:45,21.7,0.02,28,60760,买盘
324,14:32:42,21.68,0.03,66,143088,买盘
325,14:32:36,21.65,-0.03,9,19485,卖盘
326,14:32:30,21.68,0.03,75,162600,买盘
327,14:32:27,21.65,--,27,58454,卖盘
328,14:32:24,21.65,--,3,6495,卖盘
329,14:32:21,21.65,--,10,21650,卖盘
330,14:32:18,21.65,--,61,132065,卖盘
331,14:32:15,21.65,--,15,32474,卖盘
332,14:32:12,21.65,--,11,23815,卖盘
333,14:32:09,21.65,--,159,344235,买盘
334,14:32:06,21.65,--,28,60619,买盘
335,14:32:03,21.65,0.04,5,10825,买盘
336,14:32:00,21.61,-0.04,6,12966,卖盘
337,14:31:57,21.65,0.01,110,238149,买盘
338,14:31:54,21.64,-0.01,6,12984,卖盘
339,14:31:51,21.65,0.05,100,216500,买盘
340,14:31:48,21.6,-0.04,105,226800,卖盘
341,14:31:42,21.64,0.01,2,4328,买盘
342,14:31:39,21.63,0.02,34,73542,买盘
343,14:31:36,21.61,--,2,4322,卖盘
344,14:31:33,21.61,0.01,10,21610,买盘
345,14:31:24,21.6,0.02,91,196560,买盘
346,14:31:21,21.58,--,5,10790,卖盘
347,14:31:18,21.58,--,5,10790,卖盘
348,14:31:15,21.58,--,5,10790,卖盘
349,14:31:12,21.58,--,15,32369,卖盘
350,14:31:09,21.58,0.01,54,116531,买盘
351,14:31:06,21.57,--,1,2157,买盘
352,14:31:03,21.57,0.02,157,338649,买盘
353,14:30:54,21.55,-0.02,25,53875,卖盘
354,14:30:51,21.57,0.02,22,47454,买盘
355,14:30:48,21.55,--,4,8620,买盘
356,14:30:45,21.55,--,5,10775,买盘
357,14:30:39,21.55,0.02,1,2155,买盘
358,14:30:36,21.53,-0.02,11,23683,卖盘
359,14:30:30,21.55,0.01,17,36635,买盘
360,14:30:27,21.54,0.02,2,4308,买盘
361,14:30:24,21.52,-0.02,5,10760,卖盘
362,14:30:21,21.54,--,4,8616,买盘
363,14:30:18,21.54,0.02,10,21540,买盘
364,14:30:12,21.52,0.01,93,200136,买盘
365,14:30:09,21.51,-0.01,35,75285,卖盘
366,14:30:06,21.52,--,6,12912,买盘
367,14:30:03,21.52,0.02,9,19368,中性盘
368,14:29:51,21.5,-0.01,34,73100,卖盘
369,14:29:45,21.51,--,59,129016,买盘
370,14:29:39,21.51,--,10,21510,买盘
371,14:29:30,21.51,-0.05,70,150613,卖盘
372,14:29:27,21.56,0.05,162,349272,买盘
373,14:29:21,21.51,-0.03,15,32265,卖盘
374,14:29:18,21.54,0.02,11,23694,买盘
375,14:29:15,21.52,0.01,1,2152,中性盘
376,14:29:09,21.51,-0.01,12,27919,卖盘
377,14:29:03,21.52,--,5,10760,买盘
378,14:28:48,21.52,--,5,10760,买盘
379,14:28:45,21.52,--,4,8608,买盘
380,14:28:42,21.52,0.01,13,27976,买盘
381,14:28:39,21.51,-0.01,2,4302,卖盘
382,14:28:36,21.52,--,5,10760,买盘
383,14:28:33,21.52,--,10,21520,买盘
384,14:28:30,21.52,0.01,52,111904,买盘
385,14:28:27,21.51,-0.01,4,8604,卖盘
386,14:28:24,21.52,--,12,25824,买盘
387,14:28:21,21.52,--,39,83971,卖盘
388,14:28:18,21.52,--,10,21520,卖盘
389,14:28:15,21.52,--,2,4304,卖盘
390,14:28:12,21.52,--,4,8608,卖盘
391,14:28:09,21.52,-0.02,18,38736,卖盘
392,14:28:03,21.54,--,7,15078,买盘
393,14:28:00,21.54,0.02,5,10770,买盘
394,14:27:57,21.52,-0.03,24,51648,卖盘
395,14:27:54,21.55,0.01,3,6465,买盘
396,14:27:51,21.54,0.02,1,2154,中性盘
397,14:27:39,21.52,--,21,45192,卖盘
398,14:27:36,21.52,-0.03,65,139880,卖盘
399,14:27:33,21.55,--,3,6465,卖盘
400,14:27:21,21.55,--,15,32325,卖盘
401,14:27:18,21.55,0.04,436,941691,买盘
402,14:27:15,21.51,--,3,6453,买盘
403,14:27:12,21.51,--,16,34416,中性盘
404,14:27:06,21.51,--,5,10755,买盘
405,14:27:00,21.51,--,54,116154,卖盘
406,14:26:57,21.51,--,3,6453,卖盘
407,14:26:54,21.51,-0.01,2,4302,卖盘
408,14:26:48,21.52,0.01,20,43040,买盘
409,14:26:45,21.51,--,13,27963,买盘
410,14:26:42,21.51,-0.01,67,144160,卖盘
411,14:26:36,21.52,--,18,38736,卖盘
412,14:26:33,21.52,--,51,109752,卖盘
413,14:26:30,21.52,--,3,6456,卖盘
414,14:26:27,21.52,--,6,12912,卖盘
415,14:26:24,21.52,-0.01,31,66712,卖盘
416,14:26:18,21.53,0.01,10,21530,买盘
417,14:26:15,21.52,--,133,286216,卖盘
418,14:26:12,21.52,--,11,25780,卖盘
419,14:26:09,21.52,--,10,21520,卖盘
420,14:26:06,21.52,-0.02,40,86080,卖盘
421,14:26:03,21.54,0.01,9,19386,买盘
422,14:26:00,21.53,0.01,15,32295,买盘
423,14:25:57,21.52,-0.01,20,43040,卖盘
424,14:25:54,21.53,--,4,8612,卖盘
425,14:25:51,21.53,-0.01,3,6459,卖盘
426,14:25:45,21.54,-0.01,4,8616,买盘
427,14:25:42,21.55,--,25,53875,买盘
428,14:25:39,21.55,--,128,275840,买盘
429,14:25:36,21.55,--,1,2155,买盘
430,14:25:30,21.55,--,25,53875,买盘
431,14:25:27,21.55,--,5,10775,卖盘
432,14:25:24,21.55,-0.01,36,77580,卖盘
433,14:25:21,21.56,--,13,28028,买盘
434,14:25:18,21.56,0.01,2,4312,买盘
435,14:25:15,21.55,-0.02,12,25860,卖盘
436,14:25:12,21.57,--,2,4314,卖盘
437,14:25:09,21.57,0.01,42,90594,买盘
438,14:25:06,21.56,--,11,23716,买盘
439,14:25:03,21.56,-0.01,62,133672,卖盘
440,14:24:57,21.57,0.01,4,8628,买盘
441,14:24:54,21.56,-0.02,3,6468,中性盘
442,14:24:51,21.58,--,3,6473,买盘
443,14:24:48,21.58,--,3,6473,买盘
444,14:24:45,21.58,0.01,8,17264,买盘
445,14:24:42,21.57,-0.02,30,64710,卖盘
446,14:24:39,21.59,0.01,4,8636,买盘
447,14:24:36,21.58,--,51,110057,买盘
448,14:24:30,21.58,--,16,34528,卖盘
449,14:24:27,21.58,--,5,10790,卖盘
450,14:24:24,21.58,-0.02,9,19422,卖盘
451,14:24:21,21.6,0.02,74,159840,买盘
452,14:24:18,21.58,-0.02,40,86320,卖盘
453,14:24:15,21.6,--,26,56160,买盘
454,14:24:12,21.6,0.02,13,28080,买盘
455,14:24:09,21.58,-0.01,163,351754,卖盘
456,14:24:06,21.59,--,11,23749,买盘
457,14:24:03,21.59,0.01,38,82042,买盘
458,14:24:00,21.58,--,22,47475,卖盘
459,14:23:54,21.58,--,7,15105,卖盘
460,14:23:51,21.58,--,12,25895,卖盘
461,14:23:48,21.58,--,6,12947,买盘
462,14:23:45,21.58,0.03,25,53949,中性盘
463,14:23:42,21.55,-0.02,10,21550,卖盘
464,14:23:39,21.57,--,27,58239,卖盘
465,14:23:36,21.57,0.02,112,241584,买盘
466,14:23:33,21.55,-0.02,51,109905,卖盘
467,14:23:30,21.57,--,15,32355,买盘
468,14:23:27,21.57,0.02,40,86280,买盘
469,14:23:24,21.55,--,11,23705,买盘
470,14:23:21,21.55,--,7,15085,买盘
471,14:23:18,21.55,0.03,36,77580,买盘
472,14:23:06,21.52,--,19,40888,买盘
473,14:23:03,21.52,0.01,5,10760,买盘
474,14:23:00,21.51,--,10,21510,卖盘
475,14:22:57,21.51,0.01,2,4302,买盘
476,14:22:51,21.5,0.01,229,492350,买盘
477,14:22:48,21.49,-0.01,33,70917,卖盘
478,14:22:45,21.5,0.03,72,154800,买盘
479,14:22:33,21.47,--,33,70851,卖盘
480,14:22:30,21.47,0.01,7,15029,买盘
481,14:22:18,21.46,0.01,41,87986,买盘
482,14:22:15,21.45,--,22,47190,买盘
483,14:22:12,21.45,--,11,23595,买盘
484,14:22:06,21.45,0.02,66,141570,买盘
485,14:22:03,21.43,0.01,10,21430,买盘
486,14:21:54,21.42,--,76,162792,买盘
487,14:21:51,21.42,0.01,102,218484,买盘
488,14:21:45,21.41,-0.01,13,27833,中性盘
489,14:21:39,21.42,--,66,141372,买盘
490,14:21:36,21.42,--,21,44982,买盘
491,14:21:33,21.42,0.03,254,544068,买盘
492,14:21:27,21.39,-0.01,3,6417,卖盘
493,14:21:21,21.4,0.01,45,97926,买盘
494,14:21:18,21.39,0.01,270,577530,买盘
495,14:21:15,21.38,--,41,87658,卖盘
496,14:21:12,21.38,-0.01,11,23518,卖盘
497,14:21:09,21.39,--,426,911214,买盘
498,14:20:57,21.39,0.04,465,994635,买盘
499,14:20:54,21.35,-0.03,10,21350,卖盘
500,14:20:42,21.38,--,3,6414,买盘
501,14:20:39,21.38,0.02,79,168902,买盘
502,14:20:36,21.36,0.01,131,279816,买盘
503,14:20:33,21.35,--,1,2135,买盘
504,14:20:30,21.35,--,30,64050,买盘
505,14:20:27,21.35,--,5,10675,买盘
506,14:20:24,21.35,0.04,1,2135,买盘
507,14:20:18,21.31,0.01,1,2131,中性盘
508,14:20:09,21.3,-0.01,68,144840,卖盘
509,14:20:06,21.31,--,2,4262,买盘
510,14:20:03,21.31,--,41,87371,买盘
511,14:20:00,21.31,--,1,2131,买盘
512,14:19:57,21.31,--,3,6393,买盘
513,14:19:54,21.31,0.01,4,8524,买盘
514,14:19:51,21.3,-0.01,1,2130,卖盘
515,14:19:48,21.31,0.01,13,27703,买盘
516,14:19:45,21.3,-0.01,25,53250,卖盘
517,14:19:42,21.31,--,19,40489,买盘
518,14:19:39,21.31,0.01,260,554060,买盘
519,14:19:36,21.3,--,8,17040,卖盘
520,14:19:33,21.3,--,2,4260,卖盘
521,14:19:27,21.3,0.01,1,2130,卖盘
522,14:19:21,21.29,--,40,85160,买盘
523,14:19:18,21.29,--,18,38322,买盘
524,14:19:15,21.29,-0.02,42,89418,卖盘
525,14:19:12,21.31,0.01,117,249326,买盘
526,14:19:09,21.3,--,5,10650,买盘
527,14:19:06,21.3,--,7,14910,卖盘
528,14:19:03,21.3,--,24,51120,买盘
529,14:18:54,21.3,--,77,164010,买盘
530,14:18:51,21.3,--,10,21300,买盘
531,14:18:39,21.3,0.02,30,63900,买盘
532,14:18:36,21.28,-0.01,7,14896,卖盘
533,14:18:33,21.29,--,2,4258,卖盘
534,14:18:27,21.29,--,17,36193,卖盘
535,14:18:24,21.29,--,4,8516,买盘
536,14:18:15,21.29,--,3,6387,买盘
537,14:18:12,21.29,--,20,42580,买盘
538,14:18:00,21.29,0.01,23,48967,买盘
539,14:17:45,21.28,-0.01,1,2128,卖盘
540,14:17:42,21.29,--,6,12774,卖盘
541,14:17:39,21.29,0.01,2,4258,买盘
542,14:17:33,21.28,-0.01,2,4256,卖盘
543,14:17:24,21.29,0.01,5,10645,买盘
544,14:17:15,21.28,--,5,10640,卖盘
545,14:17:00,21.28,--,2,4256,卖盘
546,14:16:42,21.28,-0.01,6,12768,卖盘
547,14:16:39,21.29,--,14,29806,买盘
548,14:16:27,21.29,--,5,10645,买盘
549,14:16:24,21.29,--,23,48967,卖盘
550,14:16:18,21.29,--,10,21290,卖盘
551,14:16:09,21.29,--,5,10645,卖盘
552,14:16:00,21.29,--,2,4258,买盘
553,14:15:57,21.29,--,3,6387,买盘
554,14:15:51,21.29,0.01,6,12774,买盘
555,14:15:48,21.28,-0.01,3,6384,中性盘
556,14:15:18,21.29,--,38,80902,买盘
557,14:15:15,21.29,0.01,10,21290,买盘
558,14:15:09,21.28,-0.01,6,12768,卖盘
559,14:15:00,21.29,--,7,14903,买盘
560,14:14:45,21.29,--,6,12774,买盘
561,14:14:36,21.29,--,1,2129,买盘
562,14:14:33,21.29,--,6,12774,买盘
563,14:14:24,21.29,--,1,2129,买盘
564,14:14:21,21.29,--,1,2129,买盘
565,14:14:18,21.29,--,2,4258,买盘
566,14:14:15,21.29,--,1,2129,买盘
567,14:14:12,21.29,-0.01,72,153288,卖盘
568,14:14:09,21.3,-0.01,2,4260,卖盘
569,14:14:00,21.31,--,24,51144,买盘
570,14:13:54,21.31,--,5,10655,买盘
571,14:13:51,21.31,-0.02,71,151301,卖盘
572,14:13:48,21.33,0.02,24,51191,买盘
573,14:13:45,21.31,-0.02,20,42620,卖盘
574,14:13:36,21.33,0.02,35,74655,买盘
575,14:13:24,21.31,--,53,112943,买盘
576,14:13:09,21.31,-0.02,3,6393,卖盘
577,14:13:06,21.33,0.02,90,191969,买盘
578,14:13:03,21.31,-0.02,14,29834,卖盘
579,14:12:48,21.33,0.01,10,21330,买盘
580,14:12:45,21.32,-0.01,4,8528,卖盘
581,14:12:42,21.33,--,2,4266,买盘
582,14:12:39,21.33,--,10,21330,买盘
583,14:12:36,21.33,-0.01,14,29861,卖盘
584,14:12:33,21.34,--,2,4268,买盘
585,14:12:30,21.34,0.01,2,4268,买盘
586,14:12:27,21.33,--,10,21330,卖盘
587,14:12:15,21.33,-0.02,10,21330,卖盘
588,14:12:06,21.35,--,101,215635,买盘
589,14:12:00,21.35,--,20,42700,买盘
590,14:11:57,21.35,--,10,21350,买盘
591,14:11:54,21.35,--,10,21350,买盘
592,14:11:45,21.35,--,25,53375,卖盘
593,14:11:42,21.35,-0.01,28,59780,卖盘
594,14:11:39,21.36,0.01,16,34176,买盘
595,14:11:36,21.35,-0.01,10,21350,中性盘
596,14:11:30,21.36,--,21,44856,买盘
597,14:11:27,21.36,0.01,67,143112,买盘
598,14:11:24,21.35,-0.01,4,8540,中性盘
599,14:11:15,21.36,--,9,19224,买盘
600,14:11:12,21.36,0.01,20,42720,买盘
601,14:11:09,21.35,0.01,5,10675,中性盘
602,14:11:06,21.34,-0.01,50,106700,卖盘
603,14:11:03,21.35,-0.01,9,19215,卖盘
604,14:11:00,21.36,--,13,27768,买盘
605,14:10:57,21.36,--,71,151656,买盘
606,14:10:51,21.36,0.01,9,19224,买盘
607,14:10:45,21.35,-0.01,8,17080,卖盘
608,14:10:39,21.36,--,5,10680,买盘
609,14:10:36,21.36,0.01,5,10680,买盘
610,14:10:33,21.35,--,5,10675,卖盘
611,14:10:30,21.35,-0.01,3,6405,卖盘
612,14:10:24,21.36,0.01,5,10680,买盘
613,14:10:18,21.35,--,68,145180,卖盘
614,14:10:15,21.35,--,14,29890,买盘
615,14:10:03,21.35,0.01,89,190015,买盘
616,14:09:57,21.34,0.02,43,91762,买盘
617,14:09:51,21.32,--,50,106600,卖盘
618,14:09:48,21.32,--,2,4264,卖盘
619,14:09:45,21.32,-0.03,13,27716,卖盘
620,14:09:33,21.35,0.03,20,42700,买盘
621,14:09:24,21.32,-0.03,11,23452,卖盘
622,14:09:21,21.35,0.03,39,83265,买盘
623,14:09:18,21.32,0.01,24,51168,买盘
624,14:09:15,21.31,-0.01,5,10655,卖盘
625,14:09:12,21.32,--,4,8528,买盘
626,14:09:09,21.32,0.01,3,6396,买盘
627,14:09:06,21.31,--,10,21310,卖盘
628,14:08:48,21.31,--,2,4262,卖盘
629,14:08:45,21.31,0.01,1,2131,买盘
630,14:08:42,21.3,0.01,98,208740,买盘
631,14:08:39,21.29,--,7,14903,卖盘
632,14:08:36,21.29,--,26,55354,买盘
633,14:08:33,21.29,0.01,5,10645,买盘
634,14:08:18,21.28,0.01,9,19152,买盘
635,14:08:15,21.27,-0.01,6,12762,中性盘
636,14:08:06,21.28,0.02,3,6384,买盘
637,14:07:57,21.26,-0.01,10,21260,卖盘
638,14:07:51,21.27,0.01,1,2127,买盘
639,14:07:48,21.26,-0.01,28,59528,卖盘
640,14:07:45,21.27,0.01,1,2127,买盘
641,14:07:24,21.26,--,33,70158,买盘
642,14:07:21,21.26,--,31,65906,买盘
643,14:07:18,21.26,0.01,30,63780,买盘
644,14:07:15,21.25,--,1,2125,卖盘
645,14:07:09,21.25,-0.01,3,6375,卖盘
646,14:07:06,21.26,0.01,46,97796,买盘
647,14:07:00,21.25,--,43,91375,卖盘
648,14:06:39,21.25,-0.01,27,57375,卖盘
649,14:06:36,21.26,--,34,72284,买盘
650,14:06:30,21.26,0.01,10,21260,买盘
651,14:06:27,21.25,--,5,10625,卖盘
652,14:06:18,21.25,-0.01,9,19125,卖盘
653,14:06:15,21.26,0.01,3,6378,买盘
654,14:06:12,21.25,--,14,29750,卖盘
655,14:06:09,21.25,-0.01,43,91375,卖盘
656,14:06:00,21.26,--,3,6378,买盘
657,14:05:54,21.26,0.01,5,10630,中性盘
658,14:05:30,21.25,-0.03,50,106250,卖盘
659,14:05:21,21.28,0.02,10,21280,买盘
660,14:05:15,21.26,--,4,8504,卖盘
661,14:05:12,21.26,--,26,55276,买盘
662,14:05:09,21.26,--,30,63780,买盘
663,14:05:03,21.26,--,40,85040,买盘
664,14:05:00,21.26,--,30,63780,买盘
665,14:04:51,21.26,0.01,2,4252,买盘
666,14:04:48,21.25,-0.01,14,29750,卖盘
667,14:04:42,21.26,--,1,2126,买盘
668,14:04:36,21.26,0.03,30,63780,买盘
669,14:04:33,21.23,-0.02,3,6369,卖盘
670,14:04:30,21.25,--,30,63750,买盘
671,14:04:27,21.25,0.02,30,63750,买盘
672,14:04:18,21.23,--,16,33968,买盘
673,14:04:15,21.23,--,1,2123,买盘
674,14:04:12,21.23,--,1,2123,买盘
675,14:04:09,21.23,--,2,4246,买盘
676,14:04:06,21.23,-0.02,3,6369,卖盘
677,14:04:03,21.25,--,5,10625,买盘
678,14:04:00,21.25,--,27,57375,买盘
679,14:03:54,21.25,-0.01,58,123250,卖盘
680,14:03:51,21.26,0.01,5,10630,买盘
681,14:03:42,21.25,--,10,21250,卖盘
682,14:03:33,21.25,--,11,23375,卖盘
683,14:03:27,21.25,-0.01,22,46750,卖盘
684,14:03:24,21.26,0.01,66,140316,买盘
685,14:03:18,21.25,--,7,14875,卖盘
686,14:03:15,21.25,--,10,21250,卖盘
687,14:03:12,21.25,--,17,36125,卖盘
688,14:03:09,21.25,-0.01,110,233750,卖盘
689,14:03:06,21.26,0.01,50,106300,买盘
690,14:03:00,21.25,-0.01,101,214625,卖盘
691,14:02:57,21.26,--,1,2126,买盘
692,14:02:54,21.26,--,61,129686,卖盘
693,14:02:51,21.26,-0.01,10,21260,卖盘
694,14:02:48,21.27,--,10,21270,买盘
695,14:02:42,21.27,--,22,46794,卖盘
696,14:02:36,21.27,-0.01,7,14889,卖盘
697,14:02:33,21.28,0.01,1,2128,买盘
698,14:02:30,21.27,-0.01,1,2127,卖盘
699,14:02:24,21.28,--,11,23408,买盘
700,14:02:15,21.28,--,22,46816,卖盘
701,14:02:12,21.28,0.01,1,2128,卖盘
702,14:02:06,21.27,0.01,6,12762,中性盘
703,14:02:03,21.26,-0.01,64,136064,卖盘
704,14:02:00,21.27,-0.01,25,53175,卖盘
705,14:01:57,21.28,--,5,10640,买盘
706,14:01:48,21.28,--,3,6384,中性盘
707,14:01:45,21.28,--,21,44688,中性盘
708,14:01:33,21.28,-0.01,5,10640,中性盘
709,14:01:27,21.29,--,65,138385,买盘
710,14:01:21,21.29,--,17,36193,买盘
711,14:01:18,21.29,0.01,53,112837,买盘
712,14:01:15,21.28,-0.01,5,10640,卖盘
713,14:01:12,21.29,-0.01,5,10645,买盘
714,14:01:09,21.3,0.01,5,10650,买盘
715,14:01:00,21.29,0.02,4,8516,买盘
716,14:00:54,21.27,-0.02,20,42540,买盘
717,14:00:51,21.29,0.01,88,187352,买盘
718,14:00:45,21.28,0.01,38,80864,买盘
719,14:00:42,21.27,0.01,16,34032,买盘
720,14:00:36,21.26,-0.01,21,44646,卖盘
721,14:00:33,21.27,--,12,25524,买盘
722,14:00:30,21.27,--,10,21270,买盘
723,14:00:21,21.27,0.02,64,136128,买盘
724,14:00:18,21.25,-0.01,12,25500,卖盘
725,14:00:12,21.26,--,7,14882,买盘
726,14:00:09,21.26,--,7,14882,买盘
727,14:00:06,21.26,--,13,27638,买盘
728,14:00:03,21.26,--,31,65906,卖盘
729,14:00:00,21.26,--,12,25512,卖盘
730,13:59:51,21.26,--,2,4252,卖盘
731,13:59:48,21.26,--,7,14882,卖盘
732,13:59:45,21.26,--,14,29764,买盘
733,13:59:42,21.26,0.01,10,21260,买盘
734,13:59:33,21.25,--,1,2125,卖盘
735,13:59:27,21.25,0.02,94,199750,买盘
736,13:59:24,21.23,--,1,2123,买盘
737,13:59:18,21.23,-0.02,53,112519,买盘
738,13:59:15,21.25,0.03,35,74375,买盘
739,13:59:06,21.22,--,4,8488,买盘
740,13:59:00,21.22,--,2,4244,买盘
741,13:58:57,21.22,--,1,2122,买盘
742,13:58:54,21.22,0.01,1,2122,买盘
743,13:58:48,21.21,--,20,42420,买盘
744,13:58:45,21.21,0.01,4,8484,买盘
745,13:58:39,21.2,-0.01,10,21200,卖盘
746,13:58:33,21.21,0.01,1,2121,买盘
747,13:58:21,21.2,0.05,23,48760,买盘
748,13:58:03,21.15,--,14,29609,买盘
749,13:58:00,21.15,--,3,6345,买盘
750,13:57:51,21.15,--,6,12690,买盘
751,13:57:48,21.15,0.01,140,296100,买盘
752,13:57:45,21.14,--,58,122612,买盘
753,13:57:42,21.14,0.01,51,107814,买盘
754,13:57:27,21.13,--,2,4226,买盘
755,13:57:24,21.13,0.01,5,10565,买盘
756,13:57:12,21.12,0.01,5,10560,买盘
757,13:57:00,21.11,--,1,2111,卖盘
758,13:56:54,21.11,-0.01,3,6333,卖盘
759,13:56:48,21.12,0.01,5,10560,买盘
760,13:56:27,21.11,--,10,21110,买盘
761,13:56:24,21.11,--,4,8444,买盘
762,13:56:21,21.11,--,23,48553,卖盘
763,13:56:18,21.11,--,30,63330,买盘
764,13:56:15,21.11,--,15,31665,买盘
765,13:56:09,21.11,--,27,56997,买盘
766,13:56:06,21.11,-0.01,28,59108,卖盘
767,13:56:03,21.12,--,2,4224,中性盘
768,13:55:54,21.12,--,6,12672,买盘
769,13:55:51,21.12,--,29,61248,卖盘
770,13:55:45,21.12,-0.02,40,84480,卖盘
771,13:55:30,21.14,--,2,4228,买盘
772,13:55:21,21.14,--,3,6342,买盘
773,13:55:18,21.14,--,1,2114,买盘
774,13:54:57,21.14,--,4,8456,买盘
775,13:54:45,21.14,0.02,2,4228,买盘
776,13:54:15,21.12,--,16,33792,卖盘
777,13:53:27,21.12,0.01,3,6336,买盘
778,13:53:21,21.11,-0.01,8,16888,卖盘
779,13:53:18,21.12,--,5,10560,买盘
780,13:52:57,21.12,--,1,2112,买盘
781,13:52:42,21.12,0.02,1,2112,买盘
782,13:52:36,21.1,--,10,21100,卖盘
783,13:52:27,21.1,--,39,82290,买盘
784,13:52:24,21.1,--,72,151920,买盘
785,13:52:21,21.1,--,4,8440,买盘
786,13:52:15,21.1,--,4,8440,买盘
787,13:52:12,21.1,-0.02,147,310170,卖盘
788,13:52:06,21.12,0.02,4,8448,买盘
789,13:52:03,21.1,--,26,54860,卖盘
790,13:52:00,21.1,--,9,18990,卖盘
791,13:51:54,21.1,--,8,16880,中性盘
792,13:51:27,21.1,--,5,10550,买盘
793,13:51:15,21.1,-0.04,274,578140,卖盘
794,13:51:12,21.14,0.01,100,211400,买盘
795,13:51:06,21.13,--,1,2113,买盘
796,13:50:48,21.13,0.02,5,10565,买盘
797,13:50:33,21.11,-0.02,10,21110,卖盘
798,13:50:30,21.13,--,1,2113,买盘
799,13:50:21,21.13,--,43,90859,卖盘
800,13:49:24,21.13,--,7,14791,卖盘
801,13:49:21,21.13,--,3,6339,卖盘
802,13:49:18,21.13,--,13,27469,卖盘
803,13:49:15,21.13,-0.01,4,8452,买盘
804,13:49:06,21.14,0.03,5,10570,买盘
805,13:49:03,21.11,-0.03,15,31665,卖盘
806,13:48:51,21.14,--,3,6342,买盘
807,13:48:48,21.14,--,30,63420,买盘
808,13:48:45,21.14,--,6,12684,买盘
809,13:48:12,21.14,0.03,1,2114,买盘
810,13:48:09,21.11,0.01,4,8444,卖盘
811,13:48:00,21.1,-0.02,100,211000,卖盘
812,13:47:54,21.12,--,2,4224,买盘
813,13:47:51,21.12,-0.02,29,61248,卖盘
814,13:47:48,21.14,0.02,3,6342,中性盘
815,13:47:45,21.12,-0.02,41,86592,卖盘
816,13:47:30,21.14,-0.01,2,4228,卖盘
817,13:47:24,21.15,-0.03,24,50760,卖盘
818,13:47:12,21.18,-0.01,6,12708,卖盘
819,13:47:09,21.19,0.01,1,2119,买盘
820,13:47:00,21.18,--,5,10590,卖盘
821,13:46:54,21.18,--,25,52950,卖盘
822,13:46:45,21.18,-0.02,8,16944,卖盘
823,13:46:30,21.2,--,5,10600,卖盘
824,13:46:24,21.2,0.02,180,381600,买盘
825,13:46:18,21.18,-0.02,10,21180,卖盘
826,13:46:12,21.2,--,20,42400,买盘
827,13:46:09,21.2,--,41,86920,卖盘
828,13:46:06,21.2,--,33,69960,卖盘
829,13:46:03,21.2,--,2,4240,卖盘
830,13:45:48,21.2,-0.04,6,12720,卖盘
831,13:45:42,21.24,0.01,105,223019,买盘
832,13:45:39,21.23,0.01,5,10615,卖盘
833,13:45:33,21.22,-0.02,4,8488,中性盘
834,13:45:21,21.24,0.02,17,36108,买盘
835,13:45:18,21.22,-0.03,13,27586,卖盘
836,13:44:57,21.25,0.05,18,38250,买盘
837,13:44:54,21.2,--,56,118720,卖盘
838,13:44:48,21.2,-0.01,12,25440,卖盘
839,13:44:45,21.21,0.01,10,21210,买盘
840,13:44:36,21.2,0.02,16,33920,买盘
841,13:44:27,21.18,--,12,25416,卖盘
842,13:44:24,21.18,--,3,6354,卖盘
843,13:44:15,21.18,--,3,6354,卖盘
844,13:44:12,21.18,--,20,42360,买盘
845,13:44:03,21.18,--,5,10590,买盘
846,13:44:00,21.18,0.04,1,2118,买盘
847,13:43:45,21.14,--,3,6342,卖盘
848,13:43:24,21.14,--,2,4228,买盘
849,13:43:12,21.14,--,3,6342,买盘
850,13:43:06,21.14,--,3,6342,买盘
851,13:43:03,21.14,--,2,4228,买盘
852,13:42:54,21.14,0.04,10,21140,中性盘
853,13:42:42,21.1,0.01,3,6330,中性盘
854,13:42:24,21.09,--,73,153957,买盘
855,13:42:21,21.09,--,11,23199,买盘
856,13:42:18,21.09,--,13,27417,买盘
857,13:42:15,21.09,--,202,426018,买盘
858,13:42:12,21.09,-0.08,27,56943,卖盘
859,13:42:06,21.17,0.07,2,4234,买盘
860,13:42:00,21.1,--,11,23210,买盘
861,13:41:57,21.1,--,4,8440,卖盘
862,13:41:48,21.1,-0.01,34,71740,卖盘
863,13:41:45,21.11,--,16,33776,买盘
864,13:41:39,21.11,--,321,677631,买盘
865,13:41:33,21.11,-0.04,161,339871,卖盘
866,13:41:30,21.15,0.04,2,4230,买盘
867,13:41:18,21.11,-0.04,38,80218,卖盘
868,13:41:15,21.15,--,17,35955,卖盘
869,13:41:09,21.15,-0.01,3,6345,卖盘
870,13:41:03,21.16,--,5,10580,买盘
871,13:40:57,21.16,--,9,19044,买盘
872,13:40:54,21.16,0.01,2,4232,买盘
873,13:40:24,21.15,--,15,31724,买盘
874,13:40:15,21.15,--,2,4230,买盘
875,13:40:12,21.15,--,29,61334,卖盘
876,13:40:06,21.15,--,55,116324,买盘
877,13:40:03,21.15,--,10,21150,买盘
878,13:40:00,21.15,--,6,12690,买盘
879,13:39:48,21.15,-0.02,62,131130,卖盘
880,13:39:24,21.17,--,1,2117,买盘
881,13:39:21,21.17,--,5,10585,买盘
882,13:39:18,21.17,--,1,2117,买盘
883,13:39:12,21.17,--,5,10585,买盘
884,13:39:09,21.17,-0.01,88,186296,中性盘
885,13:39:00,21.18,0.01,49,103782,买盘
886,13:38:57,21.17,0.01,2,4234,买盘
887,13:38:51,21.16,--,20,42320,买盘
888,13:38:48,21.16,--,33,69828,卖盘
889,13:38:45,21.16,-0.01,101,213716,卖盘
890,13:38:36,21.17,--,21,44457,买盘
891,13:38:33,21.17,--,1,2117,买盘
892,13:38:18,21.17,--,1,2117,买盘
893,13:38:12,21.17,--,2,4234,买盘
894,13:38:06,21.17,--,18,38106,买盘
895,13:37:48,21.17,--,5,10585,买盘
896,13:37:42,21.17,-0.01,6,12702,卖盘
897,13:37:27,21.18,--,26,55068,买盘
898,13:37:24,21.18,0.02,4,8472,买盘
899,13:37:21,21.16,-0.02,8,16928,卖盘
900,13:37:18,21.18,--,4,8472,买盘
901,13:37:12,21.18,--,2,4236,买盘
902,13:37:06,21.18,-0.02,38,80484,卖盘
903,13:37:00,21.2,--,2,4240,买盘
904,13:36:54,21.2,--,22,46640,买盘
905,13:36:51,21.2,--,1,2120,买盘
906,13:36:48,21.2,-0.01,9,19080,卖盘
907,13:36:45,21.21,--,3,6363,买盘
908,13:36:39,21.21,--,32,67872,买盘
909,13:36:30,21.21,-0.01,60,127260,卖盘
910,13:36:27,21.22,--,34,72148,买盘
911,13:36:24,21.22,--,4,8488,买盘
912,13:36:21,21.22,-0.01,10,21220,卖盘
913,13:36:15,21.23,0.02,2,4246,买盘
914,13:36:12,21.21,-0.03,77,163317,卖盘
915,13:36:00,21.24,--,10,21240,买盘
916,13:35:57,21.24,0.03,5,10620,买盘
917,13:35:39,21.21,0.02,123,260883,买盘
918,13:35:36,21.19,--,1,2119,买盘
919,13:35:33,21.19,--,18,38142,买盘
920,13:35:30,21.19,--,6,12714,买盘
921,13:35:27,21.19,--,4,8476,买盘
922,13:35:24,21.19,--,5,10595,买盘
923,13:35:21,21.19,--,5,10595,买盘
924,13:35:18,21.19,--,48,101712,买盘
925,13:35:15,21.19,--,51,108069,卖盘
926,13:35:09,21.19,--,21,44499,买盘
927,13:35:06,21.19,--,6,12714,买盘
928,13:34:57,21.19,0.01,64,135616,买盘
929,13:34:45,21.18,--,16,33888,买盘
930,13:34:39,21.18,--,10,21180,买盘
931,13:34:33,21.18,--,2,4236,买盘
932,13:34:30,21.18,0.03,2,4236,买盘
933,13:34:15,21.15,--,13,27494,买盘
934,13:34:09,21.15,--,1,2115,买盘
935,13:34:06,21.15,0.01,3,6345,买盘
936,13:34:03,21.14,--,10,21140,卖盘
937,13:34:00,21.14,--,30,63420,卖盘
938,13:33:57,21.14,--,74,156436,买盘
939,13:33:54,21.14,--,20,42280,买盘
940,13:33:51,21.14,--,9,19026,买盘
941,13:33:48,21.14,0.01,13,27482,买盘
942,13:33:45,21.13,-0.01,1,2113,卖盘
943,13:33:42,21.14,--,2,4228,买盘
944,13:33:39,21.14,--,5,10570,买盘
945,13:33:36,21.14,--,6,12684,买盘
946,13:33:24,21.14,--,2,4228,买盘
947,13:33:21,21.14,--,10,21140,买盘
948,13:33:15,21.14,--,15,31710,买盘
949,13:33:12,21.14,-0.01,1,2114,买盘
950,13:33:09,21.15,0.01,5,10575,买盘
951,13:33:06,21.14,--,14,29596,买盘
952,13:33:03,21.14,-0.01,13,27482,中性盘
953,13:32:54,21.15,0.02,30,63449,买盘
954,13:32:51,21.13,--,64,135232,卖盘
955,13:32:30,21.13,--,1,2113,买盘
956,13:32:18,21.13,0.03,5,10565,买盘
957,13:32:06,21.1,-0.01,30,63300,卖盘
958,13:32:00,21.11,--,32,67552,买盘
959,13:31:57,21.11,0.01,12,25332,买盘
960,13:31:39,21.1,--,60,126600,卖盘
961,13:31:33,21.1,--,3,6330,买盘
962,13:31:30,21.1,--,28,59080,买盘
963,13:31:24,21.1,0.01,1,2110,买盘
964,13:31:21,21.09,-0.01,33,69597,卖盘
965,13:31:15,21.1,--,20,42200,买盘
966,13:31:12,21.1,--,8,16880,买盘
967,13:31:09,21.1,-0.01,2,4220,买盘
968,13:31:06,21.11,0.01,36,75996,买盘
969,13:31:03,21.1,--,7,14770,中性盘
970,13:30:54,21.1,--,7,14770,买盘
971,13:30:51,21.1,-0.01,23,48530,卖盘
972,13:30:48,21.11,--,2,4222,中性盘
973,13:30:39,21.11,--,12,25332,卖盘
974,13:30:33,21.11,--,3,6333,卖盘
975,13:30:27,21.11,--,5,10555,买盘
976,13:30:24,21.11,-0.02,9,18999,卖盘
977,13:30:12,21.13,0.03,16,33808,买盘
978,13:30:09,21.1,--,4,8440,买盘
979,13:30:06,21.1,--,32,67520,卖盘
980,13:29:57,21.1,-0.03,1,2110,卖盘
981,13:29:54,21.13,0.03,2,4226,买盘
982,13:29:51,21.1,--,1,2110,卖盘
983,13:29:42,21.1,-0.02,1,2110,卖盘
984,13:29:39,21.12,0.03,4,8448,买盘
985,13:29:36,21.09,--,12,25308,买盘
986,13:29:33,21.09,-0.03,1,2109,买盘
987,13:29:30,21.12,0.02,27,57024,卖盘
988,13:29:24,21.1,0.05,36,75960,买盘
989,13:29:18,21.05,-0.05,8,16840,卖盘
990,13:29:12,21.1,0.06,1,2110,买盘
991,13:29:03,21.04,-0.06,20,42080,卖盘
992,13:28:57,21.1,0.07,21,44310,买盘
993,13:28:51,21.03,0.03,2,4206,中性盘
994,13:28:42,21.0,--,111,233100,卖盘
995,13:28:33,21.0,--,232,487200,卖盘
996,13:28:27,21.0,-0.06,2710,5691000,卖盘
997,13:28:24,21.06,-0.04,242,509651,卖盘
998,13:28:21,21.1,0.01,13,27430,买盘
999,13:28:15,21.09,--,27,56943,买盘
1000,13:28:03,21.09,--,1,2109,买盘
1001,13:27:57,21.09,--,8,16872,买盘
1002,13:27:54,21.09,--,12,25308,买盘
1003,13:27:48,21.09,--,1,2109,买盘
1004,13:27:42,21.09,-0.01,3,6327,中性盘
1005,13:27:39,21.1,0.01,13,27430,买盘
1006,13:27:36,21.09,-0.01,1,2109,卖盘
1007,13:27:27,21.1,0.01,21,44310,买盘
1008,13:27:18,21.09,--,33,69597,买盘
1009,13:27:09,21.09,-0.01,72,151848,卖盘
1010,13:27:00,21.1,--,1,2110,买盘
1011,13:26:57,21.1,-0.01,15,31650,买盘
1012,13:26:54,21.11,-0.01,2,4222,中性盘
1013,13:26:51,21.12,0.02,3,6336,中性盘
1014,13:26:48,21.1,-0.03,324,683640,卖盘
1015,13:26:45,21.13,--,20,42260,卖盘
1016,13:26:39,21.13,-0.01,10,21130,卖盘
1017,13:26:33,21.14,0.01,2,4228,买盘
1018,13:26:30,21.13,-0.01,2,4226,卖盘
1019,13:26:27,21.14,--,10,21140,卖盘
1020,13:26:24,21.14,--,6,12684,卖盘
1021,13:26:12,21.14,-0.01,6,12684,卖盘
1022,13:26:09,21.15,--,2,4230,买盘
1023,13:25:51,21.15,0.01,2,4230,买盘
1024,13:25:48,21.14,-0.01,3,6342,卖盘
1025,13:25:39,21.15,--,7,14804,买盘
1026,13:25:33,21.15,--,4,8460,买盘
1027,13:25:27,21.15,--,31,65565,买盘
1028,13:25:21,21.15,-0.01,10,21150,卖盘
1029,13:25:00,21.16,--,8,16928,买盘
1030,13:24:57,21.16,0.01,5,10580,买盘
1031,13:24:54,21.15,-0.01,2,4230,卖盘
1032,13:24:18,21.16,--,18,38088,买盘
1033,13:24:15,21.16,--,1,2116,买盘
1034,13:24:03,21.16,--,3,6348,买盘
1035,13:23:42,21.16,--,10,21160,买盘
1036,13:23:33,21.16,0.03,2,4232,买盘
1037,13:23:24,21.13,-0.03,8,16904,卖盘
1038,13:23:09,21.16,0.03,3,6348,买盘
1039,13:23:06,21.13,-0.03,30,63390,卖盘
1040,13:22:57,21.16,--,5,10580,买盘
1041,13:22:48,21.16,--,56,118496,买盘
1042,13:22:36,21.16,0.01,20,42320,买盘
1043,13:22:33,21.15,--,2,4230,买盘
1044,13:22:21,21.15,--,28,59219,卖盘
1045,13:22:12,21.15,--,5,10575,卖盘
1046,13:22:09,21.15,--,13,27494,卖盘
1047,13:22:06,21.15,-0.01,4,8460,卖盘
1048,13:21:57,21.16,-0.01,120,253920,卖盘
1049,13:21:54,21.17,-0.01,95,201115,卖盘
1050,13:21:45,21.18,-0.01,39,82602,卖盘
1051,13:21:33,21.19,-0.01,31,65689,卖盘
1052,13:21:18,21.2,--,1,2120,买盘
1053,13:21:06,21.2,--,670,1420400,卖盘
1054,13:21:00,21.2,--,1,2120,卖盘
1055,13:20:33,21.2,-0.04,1,2120,卖盘
1056,13:20:27,21.24,0.04,3,6371,买盘
1057,13:20:15,21.2,--,2,4240,卖盘
1058,13:19:57,21.2,0.01,58,122960,买盘
1059,13:19:54,21.19,--,2,4238,卖盘
1060,13:19:45,21.19,-0.01,20,42380,卖盘
1061,13:19:36,21.2,--,42,89040,卖盘
1062,13:19:33,21.2,--,1,2120,卖盘
1063,13:19:30,21.2,--,1,2120,卖盘
1064,13:18:54,21.2,--,44,93280,买盘
1065,13:18:48,21.2,0.01,36,76320,买盘
1066,13:18:39,21.19,--,5,10595,卖盘
1067,13:18:36,21.19,--,3,6357,卖盘
1068,13:18:18,21.19,0.01,51,108069,买盘
1069,13:18:15,21.18,-0.01,13,27534,卖盘
1070,13:18:09,21.19,--,9,19071,买盘
1071,13:17:57,21.19,--,25,52975,买盘
1072,13:17:51,21.19,--,10,21190,买盘
1073,13:17:42,21.19,--,1,2119,买盘
1074,13:17:33,21.19,--,27,57213,买盘
1075,13:17:27,21.19,--,26,55094,卖盘
1076,13:17:24,21.19,--,46,97474,买盘
1077,13:17:15,21.19,--,50,105950,买盘
1078,13:17:03,21.19,--,34,72046,卖盘
1079,13:16:48,21.19,--,1,2119,卖盘
1080,13:16:45,21.19,0.01,15,31785,买盘
1081,13:16:36,21.18,-0.01,10,21180,卖盘
1082,13:16:33,21.19,--,15,31785,卖盘
1083,13:16:30,21.19,--,30,63570,中性盘
1084,13:16:21,21.19,--,60,127140,卖盘
1085,13:16:15,21.19,--,11,23309,卖盘
1086,13:15:57,21.19,--,8,16952,买盘
1087,13:15:27,21.19,--,29,61451,买盘
1088,13:15:24,21.19,--,6,12714,买盘
1089,13:15:18,21.19,-0.01,17,36023,中性盘
1090,13:14:51,21.2,0.01,2,4240,买盘
1091,13:14:39,21.19,--,83,175877,卖盘
1092,13:14:36,21.19,-0.01,10,21190,卖盘
1093,13:14:30,21.2,-0.04,30,63600,卖盘
1094,13:14:21,21.24,--,1,2124,买盘
1095,13:14:12,21.24,0.04,5,10620,买盘
1096,13:14:03,21.2,--,4,8480,买盘
1097,13:13:54,21.2,-0.05,96,203520,卖盘
1098,13:13:27,21.25,--,2,4250,卖盘
1099,13:13:18,21.25,0.05,18,38250,买盘
1100,13:12:45,21.2,--,4,8480,买盘
1101,13:12:39,21.2,--,2,4240,买盘
1102,13:12:36,21.2,-0.05,95,201400,卖盘
1103,13:12:33,21.25,0.04,10,21250,买盘
1104,13:12:30,21.21,--,3,6363,买盘
1105,13:12:27,21.21,-0.04,28,59388,中性盘
1106,13:11:51,21.25,0.05,5,10625,买盘
1107,13:11:24,21.2,--,23,48760,买盘
1108,13:11:21,21.2,--,7,14840,买盘
1109,13:11:09,21.2,-0.04,30,63600,卖盘
1110,13:11:06,21.24,0.04,4,8496,买盘
1111,13:10:48,21.2,--,15,31800,买盘
1112,13:10:39,21.2,--,4,8480,买盘
1113,13:10:30,21.2,0.01,4,8480,买盘
1114,13:10:24,21.19,0.02,1,2119,中性盘
1115,13:10:00,21.17,-0.03,18,38106,卖盘
1116,13:09:48,21.2,--,5,10600,买盘
1117,13:09:30,21.2,0.02,2,4240,买盘
1118,13:09:12,21.18,--,2,4236,买盘
1119,13:09:09,21.18,0.01,12,25416,买盘
1120,13:09:00,21.17,-0.01,19,40223,卖盘
1121,13:08:51,21.18,0.01,4,8472,买盘
1122,13:08:33,21.17,-0.01,1,2117,卖盘
1123,13:08:18,21.18,--,3,6354,买盘
1124,13:07:42,21.18,--,8,16944,卖盘
1125,13:07:30,21.18,--,7,14826,卖盘
1126,13:07:24,21.18,-0.01,71,150378,卖盘
1127,13:07:00,21.19,0.01,1,2119,买盘
1128,13:06:54,21.18,--,3,6354,卖盘
1129,13:06:48,21.18,--,43,91074,卖盘
1130,13:06:39,21.18,--,4,8472,卖盘
1131,13:06:27,21.18,--,5,10590,卖盘
1132,13:06:24,21.18,-0.01,110,232980,卖盘
1133,13:06:21,21.19,0.01,10,21190,买盘
1134,13:06:15,21.18,--,5,10590,卖盘
1135,13:06:06,21.18,--,3,6354,卖盘
1136,13:06:03,21.18,--,10,21180,卖盘
1137,13:05:54,21.18,-0.01,20,42360,卖盘
1138,13:05:30,21.19,--,3,6357,买盘
1139,13:05:27,21.19,--,4,8476,卖盘
1140,13:05:18,21.19,--,11,23309,卖盘
1141,13:05:09,21.19,0.01,6,12714,买盘
1142,13:05:06,21.18,-0.01,43,91074,卖盘
1143,13:04:57,21.19,-0.01,4,8476,卖盘
1144,13:04:45,21.2,--,2,4240,买盘
1145,13:04:39,21.2,0.01,5,10600,买盘
1146,13:03:54,21.19,-0.01,49,103831,卖盘
1147,13:03:51,21.2,--,10,21200,买盘
1148,13:03:42,21.2,--,58,122960,卖盘
1149,13:03:27,21.2,--,3,6360,卖盘
1150,13:03:03,21.2,--,15,31800,买盘
1151,13:02:48,21.2,--,1,2120,买盘
1152,13:02:15,21.2,0.01,1,2120,买盘
1153,13:02:06,21.19,-0.01,3,6357,卖盘
1154,13:01:45,21.2,--,7,14840,买盘
1155,13:01:36,21.2,--,3,6360,卖盘
1156,13:01:09,21.2,-0.04,3,6360,卖盘
1157,13:00:42,21.24,--,6,12743,卖盘
1158,13:00:33,21.24,-0.01,2,4248,卖盘
1159,13:00:09,21.25,0.01,7,14875,买盘
1160,13:00:06,21.24,--,5,10620,卖盘
1161,13:00:03,21.24,--,16,33984,卖盘
1162,13:00:00,21.24,--,0,0,卖盘
1163,11:30:00,21.24,--,0,0,卖盘
1164,11:29:51,21.24,0.05,86,182664,买盘
1165,11:29:27,21.19,0.01,41,88277,买盘
1166,11:29:24,21.18,--,25,52950,卖盘
1167,11:29:06,21.18,--,3,6354,卖盘
1168,11:28:51,21.18,-0.01,15,31770,卖盘
1169,11:28:33,21.19,--,8,17672,卖盘
1170,11:28:30,21.19,--,104,220376,卖盘
1171,11:28:00,21.19,-0.02,30,63570,卖盘
1172,11:27:57,21.21,0.03,22,48061,买盘
1173,11:27:21,21.18,-0.02,6,12708,卖盘
1174,11:27:12,21.2,--,10,21200,买盘
1175,11:27:09,21.2,--,11,23320,买盘
1176,11:27:00,21.2,0.02,1,2120,买盘
1177,11:26:54,21.18,--,1,2118,卖盘
1178,11:26:45,21.18,-0.02,40,84720,卖盘
1179,11:26:39,21.2,0.03,10,21200,买盘
1180,11:25:33,21.17,-0.02,23,48691,卖盘
1181,11:25:30,21.19,0.03,15,31785,买盘
1182,11:25:24,21.16,-0.02,10,21160,卖盘
1183,11:25:21,21.18,0.01,5,10590,买盘
1184,11:25:06,21.17,--,6,12702,卖盘
1185,11:24:45,21.17,-0.01,5,10585,卖盘
1186,11:24:42,21.18,0.01,13,27534,买盘
1187,11:24:15,21.17,--,3,6351,买盘
1188,11:23:51,21.17,-0.01,50,105850,卖盘
1189,11:23:45,21.18,0.01,12,25416,买盘
1190,11:23:42,21.17,-0.01,4,8468,卖盘
1191,11:23:39,21.18,--,13,27534,买盘
1192,11:23:24,21.18,--,2,4236,卖盘
1193,11:23:15,21.18,--,5,10590,卖盘
1194,11:22:54,21.18,0.01,10,21180,买盘
1195,11:22:27,21.17,-0.01,1,2117,卖盘
1196,11:22:24,21.18,0.01,1,2118,买盘
1197,11:22:03,21.17,-0.01,5,10585,卖盘
1198,11:22:00,21.18,--,2,4236,买盘
1199,11:21:51,21.18,--,4,8472,买盘
1200,11:21:30,21.18,-0.02,3,6354,卖盘
1201,11:21:06,21.2,--,1,2120,买盘
1202,11:20:24,21.2,0.01,31,65720,买盘
1203,11:20:09,21.19,-0.01,40,84760,买盘
1204,11:20:03,21.2,--,6,13440,卖盘
1205,11:20:00,21.2,0.02,2,4240,卖盘
1206,11:19:51,21.18,--,1,3515,买盘
1207,11:19:48,21.18,-0.01,124,263352,卖盘
1208,11:19:36,21.19,--,1,2119,卖盘
1209,11:19:33,21.19,-0.01,9,19071,卖盘
1210,11:19:30,21.2,0.01,5,10600,买盘
1211,11:19:27,21.19,--,19,40261,卖盘
1212,11:19:18,21.19,--,31,65689,卖盘
1213,11:18:48,21.19,-0.03,10,21190,卖盘
1214,11:18:36,21.22,0.03,8,16976,买盘
1215,11:18:21,21.19,-0.04,43,91117,卖盘
1216,11:18:06,21.23,--,1,2123,买盘
1217,11:18:00,21.23,-0.01,10,21230,卖盘
1218,11:17:51,21.24,--,14,29735,买盘
1219,11:17:45,21.24,0.01,5,10620,买盘
1220,11:17:36,21.23,-0.01,20,42460,卖盘
1221,11:17:33,21.24,0.01,10,21240,买盘
1222,11:17:27,21.23,-0.01,17,36091,卖盘
1223,11:17:21,21.24,0.01,10,21240,买盘
1224,11:17:06,21.23,0.01,17,36091,买盘
1225,11:16:54,21.22,--,5,10610,卖盘
1226,11:16:36,21.22,0.03,287,610414,买盘
1227,11:16:27,21.19,-0.01,10,21910,卖盘
1228,11:16:24,21.2,--,15,31800,卖盘
1229,11:16:15,21.2,--,5,10600,卖盘
1230,11:16:00,21.2,--,10,21200,卖盘
1231,11:15:33,21.2,--,23,48760,卖盘
1232,11:15:30,21.2,-0.01,5,10600,卖盘
1233,11:15:12,21.21,0.01,2,4242,买盘
1234,11:14:54,21.2,-0.01,37,78440,卖盘
1235,11:14:45,21.21,0.01,2,4242,买盘
1236,11:14:30,21.2,--,13,27560,卖盘
1237,11:14:27,21.2,0.01,48,103159,买盘
1238,11:13:54,21.19,0.01,4,8476,买盘
1239,11:13:51,21.18,-0.01,3,6354,卖盘
1240,11:13:48,21.19,0.01,6,12714,买盘
1241,11:13:36,21.18,-0.01,2,4236,卖盘
1242,11:13:30,21.19,--,1,2119,卖盘
1243,11:13:27,21.19,--,1,2119,卖盘
1244,11:13:21,21.19,-0.01,9,19071,卖盘
1245,11:13:06,21.2,0.01,1,2120,买盘
1246,11:12:54,21.19,--,3,6357,卖盘
1247,11:12:51,21.19,--,7,14833,卖盘
1248,11:12:24,21.19,--,1,2119,卖盘
1249,11:12:21,21.19,-0.01,4,8476,卖盘
1250,11:12:18,21.2,--,13,27560,买盘
1251,11:12:00,21.2,--,1,2120,买盘
1252,11:11:48,21.2,--,3,6360,买盘
1253,11:11:18,21.2,0.01,3,6360,买盘
1254,11:11:12,21.19,-0.01,10,21190,卖盘
1255,11:10:54,21.2,--,6,12720,买盘
1256,11:10:51,21.2,0.01,1,2120,买盘
1257,11:10:48,21.19,--,8,16952,卖盘
1258,11:10:15,21.19,-0.01,4,8476,卖盘
1259,11:10:12,21.2,0.01,5,10600,买盘
1260,11:10:09,21.19,--,5,10595,卖盘
1261,11:09:54,21.19,--,28,59332,买盘
1262,11:09:51,21.19,--,15,31785,买盘
1263,11:09:42,21.19,--,1,2119,买盘
1264,11:09:39,21.19,--,14,29666,买盘
1265,11:09:36,21.19,--,25,52975,买盘
1266,11:09:24,21.19,--,32,67808,买盘
1267,11:09:21,21.19,--,5,10595,买盘
1268,11:09:00,21.19,0.01,21,44499,买盘
1269,11:08:45,21.18,-0.01,1,2118,卖盘
1270,11:08:42,21.19,--,1,2119,买盘
1271,11:08:39,21.19,--,3,6357,买盘
1272,11:08:18,21.19,--,1,2119,买盘
1273,11:07:57,21.19,--,22,46618,买盘
1274,11:07:54,21.19,--,1,2119,买盘
1275,11:07:45,21.19,--,10,21190,买盘
1276,11:07:42,21.19,--,5,10595,买盘
1277,11:07:24,21.19,0.01,8,16952,买盘
1278,11:07:21,21.18,-0.01,5,10590,卖盘
1279,11:07:12,21.19,0.01,10,21190,买盘
1280,11:07:09,21.18,-0.01,5,10590,卖盘
1281,11:06:57,21.19,--,21,44499,买盘
1282,11:06:54,21.19,-0.01,20,42380,卖盘
1283,11:06:39,21.2,--,6,12720,买盘
1284,11:06:36,21.2,-0.01,16,33920,卖盘
1285,11:06:33,21.21,--,1,2121,中性盘
1286,11:06:24,21.21,--,1,2121,中性盘
1287,11:06:15,21.21,--,3,6363,卖盘
1288,11:06:12,21.21,--,5,10605,卖盘
1289,11:06:09,21.21,--,10,21210,买盘
1290,11:06:06,21.21,0.01,30,63630,买盘
1291,11:05:54,21.2,--,29,61480,买盘
1292,11:05:51,21.2,0.01,2,4240,买盘
1293,11:05:42,21.19,--,5,10595,买盘
1294,11:05:27,21.19,--,11,23309,买盘
1295,11:05:24,21.19,--,13,27547,买盘
1296,11:05:18,21.19,--,1,2119,买盘
1297,11:05:12,21.19,--,1,2119,买盘
1298,11:04:57,21.19,--,10,21190,买盘
1299,11:04:54,21.19,--,2,4238,买盘
1300,11:04:42,21.19,--,11,23309,买盘
1301,11:04:39,21.19,0.01,3,6357,买盘
1302,11:04:36,21.18,--,2,4236,卖盘
1303,11:04:33,21.18,--,5,10590,买盘
1304,11:04:30,21.18,--,1,2118,买盘
1305,11:04:27,21.18,0.02,4,8472,买盘
1306,11:04:12,21.16,0.05,14,29624,买盘
1307,11:04:06,21.11,--,18,37998,买盘
1308,11:04:03,21.11,--,54,113994,买盘
1309,11:04:00,21.11,--,1,2111,买盘
1310,11:03:57,21.11,--,3,6333,买盘
1311,11:03:54,21.11,--,22,46442,买盘
1312,11:03:51,21.11,-0.05,33,69663,卖盘
1313,11:03:48,21.16,--,2,4232,买盘
1314,11:03:45,21.16,0.03,18,38088,买盘
1315,11:03:42,21.13,0.01,3,6339,卖盘
1316,11:03:30,21.12,-0.04,7,14784,卖盘
1317,11:03:27,21.16,0.05,1,2116,买盘
1318,11:03:00,21.11,--,11,23221,卖盘
1319,11:02:54,21.11,0.01,10,21110,中性盘
1320,11:02:48,21.1,-0.05,22,46420,卖盘
1321,11:02:45,21.15,0.04,45,95175,买盘
1322,11:02:39,21.11,-0.01,1,2111,卖盘
1323,11:02:21,21.12,-0.03,3,8426,卖盘
1324,11:02:03,21.15,--,22,46530,买盘
1325,11:01:57,21.15,--,3,6345,买盘
1326,11:01:51,21.15,--,226,478730,卖盘
1327,11:01:36,21.15,--,410,867149,卖盘
1328,11:01:30,21.15,-0.01,20,42300,卖盘
1329,11:01:24,21.16,--,9,19044,买盘
1330,11:01:15,21.16,0.01,40,84640,中性盘
1331,11:01:09,21.15,-0.02,90,190350,卖盘
1332,11:01:00,21.17,--,89,188413,买盘
1333,11:00:51,21.17,0.01,5,10585,中性盘
1334,11:00:48,21.16,-0.01,101,213716,卖盘
1335,11:00:45,21.17,--,9,19053,卖盘
1336,11:00:42,21.17,0.01,26,55042,中性盘
1337,11:00:33,21.16,--,10,21160,卖盘
1338,11:00:30,21.16,--,23,48668,卖盘
1339,11:00:12,21.16,--,12,25392,买盘
1340,11:00:06,21.16,--,13,27508,卖盘
1341,10:59:57,21.16,--,15,31740,买盘
1342,10:59:51,21.16,0.01,10,21160,中性盘
1343,10:59:45,21.15,-0.03,7,14804,卖盘
1344,10:59:24,21.18,0.02,25,52950,买盘
1345,10:59:18,21.16,--,3,6348,买盘
1346,10:59:00,21.16,0.01,1,2116,买盘
1347,10:58:57,21.15,--,13,27494,卖盘
1348,10:58:45,21.15,--,382,809304,卖盘
1349,10:58:15,21.15,-0.02,238,503369,卖盘
1350,10:58:12,21.17,0.02,1,2117,中性盘
1351,10:58:06,21.15,--,18,38070,卖盘
1352,10:58:00,21.15,--,9,19035,卖盘
1353,10:57:51,21.15,--,6,12690,卖盘
1354,10:57:48,21.15,--,15,31724,卖盘
1355,10:57:45,21.15,--,1,2115,卖盘
1356,10:57:39,21.15,--,1,2115,卖盘
1357,10:57:33,21.15,--,62,131130,买盘
1358,10:57:27,21.15,--,38,80370,卖盘
1359,10:57:09,21.15,0.03,6,12690,买盘
1360,10:56:57,21.12,-0.03,24,50688,卖盘
1361,10:56:54,21.15,0.01,1,2115,买盘
1362,10:56:51,21.14,--,1,2114,卖盘
1363,10:56:48,21.14,--,6,12705,买盘
1364,10:56:45,21.14,--,2,4228,买盘
1365,10:56:36,21.14,--,1,2114,买盘
1366,10:56:24,21.14,--,0,2092,卖盘
1367,10:56:21,21.14,--,2,4228,卖盘
1368,10:56:15,21.14,-0.01,10,21161,卖盘
1369,10:56:06,21.15,0.04,5,10575,买盘
1370,10:55:54,21.11,-0.03,7,14819,卖盘
1371,10:55:39,21.14,0.04,6,12684,买盘
1372,10:55:24,21.1,--,112,236320,买盘
1373,10:55:21,21.1,0.02,20,42200,买盘
1374,10:55:18,21.08,0.01,120,253697,中性盘
1375,10:55:06,21.07,-0.03,20,42140,卖盘
1376,10:55:03,21.1,0.03,2,4220,买盘
1377,10:54:54,21.07,--,7,15254,买盘
1378,10:54:51,21.07,--,21,44247,买盘
1379,10:54:48,21.07,--,11,23177,买盘
1380,10:54:45,21.07,--,7,14749,买盘
1381,10:54:42,21.07,--,27,56889,买盘
1382,10:54:39,21.07,--,5,10535,买盘
1383,10:54:36,21.07,--,22,46354,买盘
1384,10:54:33,21.07,--,3,6321,买盘
1385,10:54:30,21.07,--,2,4214,买盘
1386,10:54:27,21.07,0.02,7,14749,买盘
1387,10:54:24,21.05,--,19,41889,买盘
1388,10:54:21,21.05,-0.01,22,46520,卖盘
1389,10:54:18,21.06,--,8,16848,买盘
1390,10:54:15,21.06,--,7,14742,买盘
1391,10:54:12,21.06,--,13,27378,买盘
1392,10:54:09,21.06,--,5,10530,买盘
1393,10:54:06,21.06,0.01,10,21060,中性盘
1394,10:54:03,21.05,-0.02,10,21050,卖盘
1395,10:54:00,21.07,0.02,3,6321,买盘
1396,10:53:57,21.05,-0.01,45,94725,卖盘
1397,10:53:54,21.06,--,22,46332,买盘
1398,10:53:51,21.06,--,14,29484,买盘
1399,10:53:48,21.06,--,25,52650,买盘
1400,10:53:45,21.06,--,25,52650,买盘
1401,10:53:42,21.06,--,7,14742,买盘
1402,10:53:39,21.06,--,3,6318,买盘
1403,10:53:36,21.06,--,28,58968,买盘
1404,10:53:33,21.06,0.01,1,2106,买盘
1405,10:53:30,21.05,-0.01,33,69465,卖盘
1406,10:53:27,21.06,--,13,27378,买盘
1407,10:53:24,21.06,--,1,2106,买盘
1408,10:53:21,21.06,-0.01,51,107406,卖盘
1409,10:53:18,21.07,0.01,5,10535,买盘
1410,10:53:15,21.06,0.01,7,14742,买盘
1411,10:53:12,21.05,-0.01,10,21050,卖盘
1412,10:53:09,21.06,-0.01,1,2106,买盘
1413,10:53:06,21.07,0.01,1,2107,买盘
1414,10:53:00,21.06,--,43,90558,卖盘
1415,10:52:57,21.06,--,97,204282,卖盘
1416,10:52:54,21.06,-0.01,32,67392,卖盘
1417,10:52:51,21.07,0.02,15,31605,买盘
1418,10:52:48,21.05,--,10,21050,卖盘
1419,10:52:45,21.05,-0.02,7,14735,卖盘
1420,10:52:42,21.07,0.02,7,14749,买盘
1421,10:52:36,21.05,--,5,10525,卖盘
1422,10:52:33,21.05,-0.01,295,620975,卖盘
1423,10:52:30,21.06,0.01,26,54756,买盘
1424,10:52:27,21.05,-0.01,31,65255,卖盘
1425,10:52:24,21.06,-0.01,6,12636,卖盘
1426,10:52:21,21.07,0.01,64,136744,买盘
1427,10:52:18,21.06,--,20,42120,卖盘
1428,10:52:15,21.06,-0.01,135,284310,卖盘
1429,10:52:09,21.07,--,45,94815,买盘
1430,10:52:06,21.07,--,10,21070,买盘
1431,10:52:03,21.07,-0.03,383,808582,卖盘
1432,10:51:57,21.1,-0.02,405,854550,卖盘
1433,10:51:54,21.12,--,1,2112,买盘
1434,10:51:51,21.12,--,32,67584,卖盘
1435,10:51:48,21.12,--,6,12672,卖盘
1436,10:51:45,21.12,-0.01,8,16896,卖盘
1437,10:51:39,21.13,-0.01,20,42260,卖盘
1438,10:51:33,21.14,--,13,27482,卖盘
1439,10:51:30,21.14,--,18,38052,卖盘
1440,10:51:27,21.14,-0.01,8,16912,卖盘
1441,10:51:18,21.15,--,72,152280,卖盘
1442,10:51:15,21.15,--,55,116324,卖盘
1443,10:51:12,21.15,-0.02,217,458954,卖盘
1444,10:51:09,21.17,0.01,72,152424,买盘
1445,10:51:06,21.16,-0.01,50,105800,卖盘
1446,10:51:03,21.17,-0.01,30,63510,买盘
1447,10:51:00,21.18,--,14,29652,卖盘
1448,10:50:57,21.18,--,56,118608,卖盘
1449,10:50:54,21.18,--,203,429954,卖盘
1450,10:50:51,21.18,--,24,50832,卖盘
1451,10:50:48,21.18,-0.01,26,55068,卖盘
1452,10:50:42,21.19,--,1,2119,买盘
1453,10:50:36,21.19,--,5,10595,买盘
1454,10:50:33,21.19,-0.01,4,8476,卖盘
1455,10:50:21,21.2,0.01,1,2120,买盘
1456,10:50:18,21.19,--,6,12714,中性盘
1457,10:50:12,21.19,--,8,16952,买盘
1458,10:50:09,21.19,--,10,21190,买盘
1459,10:49:54,21.19,0.01,3,6357,买盘
1460,10:49:45,21.18,--,8,16944,卖盘
1461,10:49:36,21.18,0.02,6,12708,中性盘
1462,10:49:30,21.16,-0.02,100,211600,卖盘
1463,10:49:27,21.18,--,3,6354,卖盘
1464,10:49:18,21.18,0.01,16,33888,买盘
1465,10:49:09,21.17,--,10,21170,卖盘
1466,10:49:00,21.17,-0.01,5,10585,卖盘
1467,10:48:48,21.18,0.01,20,42360,买盘
1468,10:48:45,21.17,-0.01,7,14819,卖盘
1469,10:48:39,21.18,--,5,10590,买盘
1470,10:48:30,21.18,--,14,29652,买盘
1471,10:48:12,21.18,--,6,12708,买盘
1472,10:48:09,21.18,--,6,12708,买盘
1473,10:47:57,21.18,--,45,95310,买盘
1474,10:47:51,21.18,--,10,21180,买盘
1475,10:47:42,21.18,--,8,16944,买盘
1476,10:47:27,21.18,--,1,2118,卖盘
1477,10:47:24,21.18,-0.02,10,21180,卖盘
1478,10:47:15,21.2,--,4,8480,买盘
1479,10:47:12,21.2,0.02,15,31800,买盘
1480,10:47:06,21.18,--,10,21180,买盘
1481,10:46:54,21.18,--,5,10590,买盘
1482,10:46:42,21.18,0.01,1,2118,买盘
1483,10:46:39,21.17,-0.01,3,6351,中性盘
1484,10:46:09,21.18,-0.02,4,8472,卖盘
1485,10:46:00,21.2,--,2,4240,买盘
1486,10:45:39,21.2,--,24,50880,卖盘
1487,10:45:30,21.2,-0.01,3,6360,中性盘
1488,10:45:24,21.21,0.01,1,2121,买盘
1489,10:45:00,21.2,0.05,2,4240,买盘
1490,10:44:57,21.15,--,1,2115,卖盘
1491,10:44:48,21.15,--,5,10575,买盘
1492,10:44:45,21.15,--,3,6345,买盘
1493,10:44:39,21.15,--,38,80370,买盘
1494,10:44:36,21.15,0.01,30,63449,买盘
1495,10:44:21,21.14,--,4,8456,卖盘
1496,10:44:15,21.14,--,10,21140,卖盘
1497,10:44:09,21.14,--,6,12684,买盘
1498,10:44:00,21.14,--,8,16912,买盘
1499,10:43:54,21.14,--,3,6342,买盘
1500,10:43:51,21.14,0.01,5,10570,买盘
1501,10:43:36,21.13,-0.01,5,10565,卖盘
1502,10:43:24,21.14,--,2,4228,买盘
1503,10:43:15,21.14,-0.01,3,6342,卖盘
1504,10:43:09,21.15,0.01,10,21150,买盘
1505,10:43:03,21.14,-0.01,10,21140,卖盘
1506,10:43:00,21.15,--,22,46530,买盘
1507,10:42:54,21.15,0.01,3,6345,买盘
1508,10:42:51,21.14,-0.01,5,10570,卖盘
1509,10:42:45,21.15,--,1,2115,买盘
1510,10:42:42,21.15,--,15,31724,买盘
1511,10:42:39,21.15,0.01,3,6345,买盘
1512,10:42:33,21.14,-0.01,1,2114,卖盘
1513,10:42:30,21.15,--,5,10575,买盘
1514,10:42:24,21.15,--,1,2115,买盘
1515,10:42:18,21.15,-0.02,104,219959,卖盘
1516,10:42:15,21.17,--,2,4234,买盘
1517,10:41:54,21.17,-0.01,11,23287,卖盘
1518,10:41:42,21.18,0.01,2,4236,买盘
1519,10:41:27,21.17,-0.01,10,21170,卖盘
1520,10:41:12,21.18,--,2,4236,买盘
1521,10:41:06,21.18,-0.02,196,415128,卖盘
1522,10:41:00,21.2,0.01,2,4240,买盘
1523,10:40:57,21.19,-0.01,10,21190,卖盘
1524,10:40:54,21.2,0.01,5,10600,买盘
1525,10:40:51,21.19,--,8,16952,买盘
1526,10:40:48,21.19,--,21,44499,卖盘
1527,10:40:45,21.19,-0.01,27,57213,卖盘
1528,10:40:39,21.2,--,3,6360,买盘
1529,10:40:30,21.2,0.01,6,12720,买盘
1530,10:40:21,21.19,-0.01,101,214019,卖盘
1531,10:40:15,21.2,-0.01,5,10600,中性盘
1532,10:40:00,21.21,0.01,1,2121,买盘
1533,10:39:48,21.2,0.01,5,10600,中性盘
1534,10:39:42,21.19,-0.01,19,40261,卖盘
1535,10:39:36,21.2,--,5,10600,买盘
1536,10:39:24,21.2,--,66,139920,买盘
1537,10:39:21,21.2,--,11,23320,卖盘
1538,10:39:15,21.2,--,9,19080,买盘
1539,10:39:12,21.2,--,5,10600,买盘
1540,10:39:00,21.2,--,4,8480,买盘
1541,10:38:54,21.2,0.02,10,21200,买盘
1542,10:38:24,21.18,-0.02,5,10590,卖盘
1543,10:38:18,21.2,--,10,21200,买盘
1544,10:38:15,21.2,--,3,6360,买盘
1545,10:38:09,21.2,-0.01,29,61480,卖盘
1546,10:37:57,21.21,--,53,112413,买盘
1547,10:37:45,21.21,--,20,42420,买盘
1548,10:37:42,21.21,-0.01,12,25452,卖盘
1549,10:37:39,21.22,0.01,30,63660,买盘
1550,10:37:36,21.21,--,6,12726,卖盘
1551,10:37:24,21.21,-0.01,2,4242,中性盘
1552,10:37:12,21.22,--,22,46684,买盘
1553,10:37:09,21.22,0.01,8,16976,买盘
1554,10:37:00,21.21,-0.02,7,14847,卖盘
1555,10:36:57,21.23,--,10,21230,买盘
1556,10:36:48,21.23,--,2,4246,买盘
1557,10:36:45,21.23,--,1,2123,买盘
1558,10:36:39,21.23,--,50,106150,买盘
1559,10:36:33,21.23,0.04,5,10615,买盘
1560,10:36:30,21.19,--,38,80522,买盘
1561,10:36:27,21.19,-0.04,62,131378,卖盘
1562,10:36:21,21.23,--,40,84920,买盘
1563,10:36:18,21.23,0.04,4,8492,买盘
1564,10:36:12,21.19,-0.05,26,55094,卖盘
1565,10:36:06,21.24,--,1,2124,买盘
1566,10:36:00,21.24,--,3,6371,买盘
1567,10:35:51,21.24,--,5,10620,买盘
1568,10:35:48,21.24,--,2,4248,买盘
1569,10:35:36,21.24,0.04,10,21240,买盘
1570,10:35:30,21.2,0.01,25,53000,买盘
1571,10:35:27,21.19,--,1,2119,卖盘
1572,10:35:18,21.19,--,5,10595,卖盘
1573,10:35:15,21.19,0.01,29,61451,买盘
1574,10:35:12,21.18,-0.01,9,19062,卖盘
1575,10:35:09,21.19,0.01,20,42380,买盘
1576,10:35:00,21.18,--,8,16944,卖盘
1577,10:34:57,21.18,--,15,31770,买盘
1578,10:34:54,21.18,0.01,6,12708,买盘
1579,10:34:51,21.17,-0.01,6,12702,卖盘
1580,10:34:48,21.18,--,12,25416,买盘
1581,10:34:45,21.18,--,6,12708,买盘
1582,10:34:39,21.18,--,1,2118,买盘
1583,10:34:33,21.18,--,50,105900,买盘
1584,10:34:30,21.18,--,5,10590,买盘
1585,10:34:18,21.18,-0.01,4,8472,中性盘
1586,10:34:06,21.19,0.03,2,4238,买盘
1587,10:33:42,21.16,--,4,8464,买盘
1588,10:33:39,21.16,--,15,31740,买盘
1589,10:33:30,21.16,-0.03,28,59248,卖盘
1590,10:33:24,21.19,0.01,9,19071,买盘
1591,10:33:21,21.18,0.03,5,10590,买盘
1592,10:33:18,21.15,-0.01,5,10575,买盘
1593,10:33:15,21.16,--,300,634800,买盘
1594,10:33:09,21.16,0.01,12,25392,买盘
1595,10:33:03,21.15,0.03,9,19035,买盘
1596,10:32:48,21.12,-0.02,4,8448,卖盘
1597,10:32:45,21.14,--,1,2114,买盘
1598,10:32:36,21.14,0.02,5,10570,买盘
1599,10:32:27,21.12,-0.02,22,46464,中性盘
1600,10:32:15,21.14,0.01,12,25368,买盘
1601,10:32:06,21.13,0.02,7,14791,中性盘
1602,10:32:00,21.11,-0.03,50,105550,卖盘
1603,10:31:39,21.14,--,1,2114,买盘
1604,10:31:33,21.14,--,22,46508,买盘
1605,10:31:30,21.14,--,16,33824,买盘
1606,10:31:27,21.14,-0.01,64,135296,卖盘
1607,10:31:21,21.15,--,86,181890,买盘
1608,10:31:18,21.15,--,2,4230,买盘
1609,10:30:57,21.15,--,5,10575,买盘
1610,10:30:54,21.15,0.01,20,42300,买盘
1611,10:30:48,21.14,-0.01,6,12684,卖盘
1612,10:30:42,21.15,--,5,10575,买盘
1613,10:30:36,21.15,--,39,82485,卖盘
1614,10:30:33,21.15,0.01,1,2115,买盘
1615,10:30:30,21.14,-0.01,51,107814,卖盘
1616,10:30:18,21.15,0.01,9,19035,中性盘
1617,10:30:15,21.14,-0.01,61,128954,卖盘
1618,10:30:09,21.15,-0.01,18,38070,卖盘
1619,10:30:03,21.16,--,64,135424,买盘
1620,10:29:48,21.16,--,10,21160,买盘
1621,10:29:45,21.16,--,76,160816,买盘
1622,10:29:42,21.16,--,10,21160,买盘
1623,10:29:33,21.16,--,2,4232,买盘
1624,10:29:30,21.16,--,5,10580,买盘
1625,10:29:27,21.16,--,11,23276,买盘
1626,10:29:24,21.16,--,20,42320,买盘
1627,10:29:15,21.16,--,27,57132,买盘
1628,10:29:12,21.16,0.01,18,38088,买盘
1629,10:29:06,21.15,--,3,6345,卖盘
1630,10:29:03,21.15,-0.01,9,19035,卖盘
1631,10:29:00,21.16,--,126,266616,买盘
1632,10:28:57,21.16,0.01,20,42320,买盘
1633,10:28:54,21.15,-0.01,50,105750,卖盘
1634,10:28:45,21.16,--,3,6348,买盘
1635,10:28:42,21.16,--,10,21160,买盘
1636,10:28:39,21.16,--,2,4232,买盘
1637,10:28:36,21.16,--,6,12696,买盘
1638,10:28:33,21.16,--,1,2116,买盘
1639,10:28:30,21.16,--,33,69828,买盘
1640,10:28:27,21.16,--,25,52900,买盘
1641,10:28:24,21.16,--,15,31740,买盘
1642,10:28:21,21.16,--,3,6348,买盘
1643,10:28:18,21.16,--,9,19044,买盘
1644,10:28:15,21.16,--,30,63480,买盘
1645,10:28:09,21.16,--,10,21160,买盘
1646,10:28:06,21.16,--,1,2116,买盘
1647,10:28:03,21.16,--,12,25392,买盘
1648,10:28:00,21.16,--,24,50784,买盘
1649,10:27:57,21.16,--,1,2116,买盘
1650,10:27:54,21.16,--,30,63480,买盘
1651,10:27:51,21.16,--,32,67712,买盘
1652,10:27:48,21.16,--,11,23276,买盘
1653,10:27:45,21.16,--,8,16928,买盘
1654,10:27:42,21.16,--,20,42320,买盘
1655,10:27:39,21.16,--,17,35972,买盘
1656,10:27:36,21.16,0.01,6,12696,买盘
1657,10:27:33,21.15,-0.01,20,42300,卖盘
1658,10:27:18,21.16,0.01,20,42320,买盘
1659,10:27:15,21.15,--,9,19035,买盘
1660,10:27:09,21.15,--,2,4230,买盘
1661,10:27:06,21.15,--,3,6345,买盘
1662,10:27:03,21.15,--,4,8460,买盘
1663,10:27:00,21.15,--,1,2115,买盘
1664,10:26:57,21.15,--,11,23265,买盘
1665,10:26:48,21.15,0.01,50,105750,买盘
1666,10:26:45,21.14,--,3,6342,买盘
1667,10:26:42,21.14,--,6,12684,买盘
1668,10:26:39,21.14,--,5,10570,买盘
1669,10:26:33,21.14,--,3,6342,买盘
1670,10:26:27,21.14,--,7,14798,买盘
1671,10:26:24,21.14,--,3,6342,买盘
1672,10:26:21,21.14,--,5,10570,买盘
1673,10:26:12,21.14,0.01,5,10570,买盘
1674,10:26:09,21.13,0.01,1,2113,卖盘
1675,10:26:03,21.12,--,99,209088,买盘
1676,10:26:00,21.12,0.01,5,10560,买盘
1677,10:25:57,21.11,-0.01,5,10555,卖盘
1678,10:25:54,21.12,0.01,10,21120,买盘
1679,10:25:48,21.11,-0.01,2,4222,卖盘
1680,10:25:45,21.12,--,7,14784,买盘
1681,10:25:42,21.12,--,10,21120,买盘
1682,10:25:36,21.12,--,3,6336,买盘
1683,10:25:33,21.12,-0.02,55,116160,卖盘
1684,10:25:30,21.14,--,10,21140,卖盘
1685,10:25:18,21.14,0.01,13,27482,买盘
1686,10:25:15,21.13,--,2,4226,买盘
1687,10:25:12,21.13,-0.01,48,101424,卖盘
1688,10:25:09,21.14,--,3,6342,买盘
1689,10:25:06,21.14,--,10,21140,买盘
1690,10:25:03,21.14,--,56,118384,买盘
1691,10:24:57,21.14,--,19,40166,卖盘
1692,10:24:45,21.14,0.01,83,175462,买盘
1693,10:24:36,21.13,-0.01,8,16904,卖盘
1694,10:24:33,21.14,0.01,1,2114,买盘
1695,10:24:27,21.13,-0.01,2,4226,卖盘
1696,10:24:18,21.14,0.02,5,10570,买盘
1697,10:24:15,21.12,-0.01,116,244992,卖盘
1698,10:24:00,21.13,--,2,4226,买盘
1699,10:23:51,21.13,0.02,4,8452,买盘
1700,10:23:48,21.11,-0.03,31,65441,卖盘
1701,10:23:42,21.14,--,5,10570,买盘
1702,10:23:36,21.14,--,50,105700,买盘
1703,10:23:33,21.14,--,3,6342,买盘
1704,10:23:27,21.14,--,4,8456,买盘
1705,10:23:24,21.14,0.03,4,8456,买盘
1706,10:23:12,21.11,--,41,86551,卖盘
1707,10:23:00,21.11,--,6,12666,卖盘
1708,10:22:57,21.11,0.02,2,4222,买盘
1709,10:22:51,21.09,-0.01,200,421800,卖盘
1710,10:22:45,21.1,--,3,6330,卖盘
1711,10:22:42,21.1,--,141,297510,买盘
1712,10:22:39,21.1,--,9,18990,买盘
1713,10:22:36,21.1,--,7,14770,买盘
1714,10:22:33,21.1,0.01,43,90730,中性盘
1715,10:22:30,21.09,0.01,2,4218,卖盘
1716,10:22:18,21.08,--,37,77996,买盘
1717,10:22:15,21.08,--,123,259283,卖盘
1718,10:21:57,21.08,-0.01,100,210799,卖盘
1719,10:21:54,21.09,-0.06,2,4218,中性盘
1720,10:21:21,21.15,-0.01,1,2115,卖盘
1721,10:21:15,21.16,--,13,27508,买盘
1722,10:21:12,21.16,--,12,25392,买盘
1723,10:21:09,21.16,--,1,2116,买盘
1724,10:21:00,21.16,0.09,105,222180,买盘
1725,10:20:57,21.07,--,50,105350,卖盘
1726,10:20:48,21.07,--,59,124818,买盘
1727,10:20:45,21.07,--,25,52675,买盘
1728,10:20:42,21.07,--,65,136955,买盘
1729,10:20:39,21.07,--,36,75852,买盘
1730,10:20:36,21.07,--,12,25284,买盘
1731,10:20:33,21.07,--,13,27391,买盘
1732,10:20:30,21.07,--,15,31605,买盘
1733,10:20:27,21.07,--,41,86387,买盘
1734,10:20:24,21.07,0.01,6,12642,买盘
1735,10:20:21,21.06,-0.01,14,29484,卖盘
1736,10:20:18,21.07,--,27,56889,买盘
1737,10:20:15,21.07,--,9,18963,买盘
1738,10:20:12,21.07,--,20,42140,买盘
1739,10:20:09,21.07,-0.01,61,130423,卖盘
1740,10:20:06,21.08,0.02,20,42370,买盘
1741,10:19:57,21.06,-0.02,6,12636,卖盘
1742,10:19:51,21.08,0.01,36,75888,买盘
1743,10:19:48,21.07,0.02,73,153811,买盘
1744,10:19:45,21.05,-0.02,86,182924,卖盘
1745,10:19:42,21.07,--,5,10535,卖盘
1746,10:19:39,21.07,0.01,30,63420,买盘
1747,10:19:36,21.06,--,5,10530,买盘
1748,10:19:33,21.06,-0.01,69,145314,卖盘
1749,10:19:30,21.07,--,2,4214,买盘
1750,10:19:27,21.07,--,1,2107,买盘
1751,10:19:24,21.07,0.01,26,54782,买盘
1752,10:19:21,21.06,--,174,366444,买盘
1753,10:19:18,21.06,-0.02,134,282204,卖盘
1754,10:19:15,21.08,--,3,6323,卖盘
1755,10:19:09,21.08,0.02,2,4216,买盘
1756,10:19:03,21.06,-0.02,16,33696,卖盘
1757,10:19:00,21.08,0.02,10,21080,买盘
1758,10:18:57,21.06,--,6,12636,卖盘
1759,10:18:54,21.06,0.01,5,10530,卖盘
1760,10:18:48,21.05,0.01,19,39995,卖盘
1761,10:18:45,21.04,-0.01,157,330328,卖盘
1762,10:18:42,21.05,-0.01,7,14735,卖盘
1763,10:18:39,21.06,--,55,115830,买盘
1764,10:18:36,21.06,--,10,21060,买盘
1765,10:18:33,21.06,--,64,134784,卖盘
1766,10:18:30,21.06,-0.01,8,16848,卖盘
1767,10:18:27,21.07,0.01,14,29498,买盘
1768,10:18:24,21.06,-0.01,4,8424,卖盘
1769,10:18:21,21.07,0.01,10,21070,中性盘
1770,10:18:15,21.06,-0.02,50,105300,卖盘
1771,10:18:12,21.08,--,3,6323,买盘
1772,10:18:09,21.08,-0.02,108,229561,卖盘
1773,10:18:06,21.1,0.02,10,21100,中性盘
1774,10:18:03,21.08,-0.03,28,59023,卖盘
1775,10:17:57,21.11,--,8,16888,卖盘
1776,10:17:54,21.11,0.03,4,8444,中性盘
1777,10:17:51,21.08,-0.06,474,999191,卖盘
1778,10:17:45,21.14,0.01,1,2114,买盘
1779,10:17:42,21.13,-0.01,10,21130,卖盘
1780,10:17:39,21.14,-0.01,44,93016,卖盘
1781,10:17:36,21.15,--,11,23265,卖盘
1782,10:17:33,21.15,--,7,14804,卖盘
1783,10:17:30,21.15,-0.02,58,122669,卖盘
1784,10:17:27,21.17,--,62,131254,买盘
1785,10:17:21,21.17,0.01,1,2117,买盘
1786,10:17:18,21.16,-0.01,33,69828,卖盘
1787,10:17:15,21.17,--,3,6351,买盘
1788,10:17:12,21.17,--,5,10585,买盘
1789,10:17:09,21.17,--,13,27521,买盘
1790,10:17:03,21.17,--,10,21170,买盘
1791,10:17:00,21.17,-0.01,57,120669,卖盘
1792,10:16:57,21.18,0.01,2,4236,买盘
1793,10:16:54,21.17,0.01,1,2117,卖盘
1794,10:16:48,21.16,--,10,21160,卖盘
1795,10:16:45,21.16,-0.01,50,105800,卖盘
1796,10:16:42,21.17,--,21,44457,卖盘
1797,10:16:36,21.17,--,91,192647,卖盘
1798,10:16:33,21.17,--,2,4234,卖盘
1799,10:16:27,21.17,--,16,33872,买盘
1800,10:16:21,21.17,0.01,10,21170,买盘
1801,10:16:15,21.16,-0.01,45,95220,卖盘
1802,10:16:09,21.17,0.01,1,2117,买盘
1803,10:16:03,21.16,--,1,2116,买盘
1804,10:16:00,21.16,--,2,4232,买盘
1805,10:15:57,21.16,--,2,4232,买盘
1806,10:15:54,21.16,--,8,16928,卖盘
1807,10:15:51,21.16,-0.02,25,52900,卖盘
1808,10:15:48,21.18,0.02,39,82602,买盘
1809,10:15:45,21.16,-0.02,1,2116,卖盘
1810,10:15:42,21.18,--,3,6354,买盘
1811,10:15:36,21.18,--,30,63540,买盘
1812,10:15:27,21.18,-0.01,6,12708,卖盘
1813,10:15:24,21.19,--,6,12714,买盘
1814,10:15:18,21.19,0.01,1,2119,买盘
1815,10:15:15,21.18,-0.01,10,21180,卖盘
1816,10:15:09,21.19,--,6,12714,买盘
1817,10:15:06,21.19,-0.02,26,55094,卖盘
1818,10:14:57,21.21,0.01,14,29694,买盘
1819,10:14:51,21.2,-0.01,23,48760,卖盘
1820,10:14:45,21.21,--,6,12726,买盘
1821,10:14:42,21.21,0.01,2,4242,买盘
1822,10:14:39,21.2,-0.01,28,59360,卖盘
1823,10:14:33,21.21,-0.01,19,40299,卖盘
1824,10:14:30,21.22,--,2,4244,卖盘
1825,10:14:21,21.22,--,9,19098,买盘
1826,10:14:18,21.22,0.01,1,2122,买盘
1827,10:14:12,21.21,-0.01,2,4242,卖盘
1828,10:14:03,21.22,--,5,10610,买盘
1829,10:14:00,21.22,-0.01,20,42440,买盘
1830,10:13:54,21.23,-0.02,15,31845,卖盘
1831,10:13:51,21.25,0.02,9,19125,买盘
1832,10:13:48,21.23,--,11,23353,卖盘
1833,10:13:45,21.23,-0.02,5,10615,卖盘
1834,10:13:42,21.25,--,5,10625,买盘
1835,10:13:39,21.25,--,10,21250,买盘
1836,10:13:36,21.25,--,21,44625,买盘
1837,10:13:33,21.25,--,12,25500,买盘
1838,10:13:27,21.25,--,49,104125,卖盘
1839,10:13:24,21.25,--,12,25500,卖盘
1840,10:13:21,21.25,--,11,23375,卖盘
1841,10:13:18,21.25,-0.01,91,193375,卖盘
1842,10:13:15,21.26,0.01,20,42520,中性盘
1843,10:13:09,21.25,-0.03,53,112625,卖盘
1844,10:13:06,21.28,0.03,10,21280,买盘
1845,10:13:03,21.25,-0.03,30,63750,卖盘
1846,10:13:00,21.28,--,6,12768,买盘
1847,10:12:57,21.28,--,16,34048,买盘
1848,10:12:54,21.28,-0.01,2,4256,中性盘
1849,10:12:48,21.29,--,58,123482,买盘
1850,10:12:45,21.29,-0.01,34,72386,卖盘
1851,10:12:42,21.3,--,1,2130,买盘
1852,10:12:39,21.3,0.01,25,53250,买盘
1853,10:12:36,21.29,--,10,21290,买盘
1854,10:12:33,21.29,--,41,87289,卖盘
1855,10:12:30,21.29,-0.01,10,21290,卖盘
1856,10:12:24,21.3,0.01,4,8520,买盘
1857,10:12:18,21.29,--,4,8516,卖盘
1858,10:12:15,21.29,0.04,10,21290,买盘
1859,10:12:12,21.25,0.02,2,4250,买盘
1860,10:12:03,21.23,0.03,3,6369,买盘
1861,10:12:00,21.2,-0.01,20,42400,卖盘
1862,10:11:57,21.21,-0.02,5,10605,卖盘
1863,10:11:54,21.23,0.03,11,23353,买盘
1864,10:11:51,21.2,--,14,29680,卖盘
1865,10:11:42,21.2,--,66,139920,买盘
1866,10:11:39,21.2,--,13,27560,买盘
1867,10:11:33,21.2,--,10,21200,买盘
1868,10:11:30,21.2,--,7,14840,买盘
1869,10:11:27,21.2,--,66,139920,买盘
1870,10:11:24,21.2,--,5,10600,买盘
1871,10:11:18,21.2,-0.01,70,148400,卖盘
1872,10:11:15,21.21,--,5,10605,卖盘
1873,10:11:12,21.21,0.01,12,25452,卖盘
1874,10:11:09,21.2,--,24,50880,买盘
1875,10:11:03,21.2,--,26,55120,卖盘
1876,10:11:00,21.2,--,23,48760,买盘
1877,10:10:51,21.2,0.02,201,426120,买盘
1878,10:10:48,21.18,0.03,6,12708,买盘
1879,10:10:45,21.15,-0.01,93,196695,卖盘
1880,10:10:36,21.16,0.01,3,6348,买盘
1881,10:10:33,21.15,-0.01,11,23265,卖盘
1882,10:10:30,21.16,0.03,2,4232,买盘
1883,10:10:24,21.13,-0.01,12,25356,卖盘
1884,10:10:21,21.14,0.01,1,2114,买盘
1885,10:10:18,21.13,--,1,2113,买盘
1886,10:10:03,21.13,0.02,7,14791,买盘
1887,10:09:57,21.11,--,35,73885,买盘
1888,10:09:54,21.11,--,90,189990,买盘
1889,10:09:51,21.11,0.01,1,2111,买盘
1890,10:09:48,21.1,-0.01,8,16880,中性盘
1891,10:09:42,21.11,0.02,49,103439,买盘
1892,10:09:39,21.09,--,26,54834,买盘
1893,10:09:36,21.09,--,12,25308,买盘
1894,10:09:30,21.09,-0.01,124,261516,卖盘
1895,10:09:27,21.1,--,8,16880,卖盘
1896,10:09:24,21.1,0.01,78,164580,买盘
1897,10:09:21,21.09,--,57,120213,买盘
1898,10:09:18,21.09,-0.01,9,18981,中性盘
1899,10:09:15,21.1,--,123,259530,买盘
1900,10:09:12,21.1,--,47,99170,买盘
1901,10:09:09,21.1,0.01,12,25320,买盘
1902,10:09:06,21.09,--,21,44289,卖盘
1903,10:09:03,21.09,-0.01,28,59052,卖盘
1904,10:09:00,21.1,--,39,82290,买盘
1905,10:08:57,21.1,--,33,69630,买盘
1906,10:08:54,21.1,--,16,33760,买盘
1907,10:08:51,21.1,--,3,6330,买盘
1908,10:08:48,21.1,-0.01,7,14770,卖盘
1909,10:08:45,21.11,0.03,1,2111,买盘
1910,10:08:39,21.08,-0.02,66,139128,卖盘
1911,10:08:36,21.1,0.01,8,16880,买盘
1912,10:08:33,21.09,--,12,25308,卖盘
1913,10:08:30,21.09,-0.01,46,97014,卖盘
1914,10:08:27,21.1,0.01,30,63300,买盘
1915,10:08:24,21.09,--,18,37962,卖盘
1916,10:08:18,21.09,-0.02,18,37962,卖盘
1917,10:08:15,21.11,0.02,8,16888,买盘
1918,10:08:12,21.09,-0.04,8,16872,卖盘
1919,10:08:09,21.13,--,30,63390,买盘
1920,10:08:03,21.13,0.04,23,48599,买盘
1921,10:07:54,21.09,--,38,80352,买盘
1922,10:07:51,21.09,--,58,122322,买盘
1923,10:07:48,21.09,-0.05,47,101021,卖盘
1924,10:07:45,21.14,0.05,3,6342,买盘
1925,10:07:39,21.09,--,53,111777,卖盘
1926,10:07:33,21.09,--,158,333432,卖盘
1927,10:07:30,21.09,-0.01,4,8436,卖盘
1928,10:07:27,21.1,--,50,105500,卖盘
1929,10:07:24,21.1,--,20,42200,卖盘
1930,10:07:21,21.1,-0.01,1,2110,卖盘
1931,10:07:18,21.11,--,1,2111,买盘
1932,10:07:15,21.11,0.01,56,118216,买盘
1933,10:07:12,21.1,--,152,320720,买盘
1934,10:07:09,21.1,-0.01,133,280630,卖盘
1935,10:07:06,21.11,--,20,42220,买盘
1936,10:07:03,21.11,--,199,420089,卖盘
1937,10:07:00,21.11,-0.01,15,31665,卖盘
1938,10:06:57,21.12,0.01,26,54912,买盘
1939,10:06:54,21.11,--,27,56997,卖盘
1940,10:06:51,21.11,--,15,31665,卖盘
1941,10:06:48,21.11,--,4,8444,卖盘
1942,10:06:45,21.11,0.01,87,183657,买盘
1943,10:06:42,21.1,--,41,86510,卖盘
1944,10:06:39,21.1,-0.01,20,42200,卖盘
1945,10:06:36,21.11,0.01,30,63330,买盘
1946,10:06:33,21.1,-0.01,49,103390,卖盘
1947,10:06:30,21.11,--,45,94995,买盘
1948,10:06:27,21.11,-0.01,38,80218,买盘
1949,10:06:24,21.12,0.01,1,2112,买盘
1950,10:06:21,21.11,-0.01,21,44331,卖盘
1951,10:06:18,21.12,0.01,5,10560,买盘
1952,10:06:15,21.11,0.01,125,263875,买盘
1953,10:06:12,21.1,-0.01,25,52750,卖盘
1954,10:06:09,21.11,-0.01,101,213211,卖盘
1955,10:06:06,21.12,0.01,46,97152,买盘
1956,10:06:03,21.11,-0.01,5,10555,卖盘
1957,10:06:00,21.12,--,7,14784,买盘
1958,10:05:57,21.12,--,16,33792,买盘
1959,10:05:54,21.12,--,20,42240,卖盘
1960,10:05:51,21.12,-0.02,24,50688,卖盘
1961,10:05:48,21.14,--,25,52850,买盘
1962,10:05:45,21.14,-0.01,3,6342,买盘
1963,10:05:42,21.15,-0.01,2,4230,卖盘
1964,10:05:39,21.16,--,3,6348,买盘
1965,10:05:36,21.16,-0.02,18,38088,卖盘
1966,10:05:33,21.18,--,10,21180,买盘
1967,10:05:24,21.18,--,21,44478,买盘
1968,10:05:21,21.18,-0.01,108,228744,卖盘
1969,10:05:18,21.19,--,19,40261,买盘
1970,10:05:15,21.19,--,61,129259,买盘
1971,10:05:12,21.19,0.01,2,4238,买盘
1972,10:05:09,21.18,-0.01,83,175794,卖盘
1973,10:05:06,21.19,--,61,129259,买盘
1974,10:05:03,21.19,0.01,5,10595,买盘
1975,10:04:57,21.18,-0.01,5,10590,卖盘
1976,10:04:54,21.19,--,3,6357,买盘
1977,10:04:51,21.19,--,6,12714,买盘
1978,10:04:48,21.19,0.01,6,12714,买盘
1979,10:04:45,21.18,--,11,23298,卖盘
1980,10:04:39,21.18,--,53,112254,卖盘
1981,10:04:36,21.18,--,2,4236,卖盘
1982,10:04:33,21.18,--,34,72012,卖盘
1983,10:04:30,21.18,--,72,152496,买盘
1984,10:04:27,21.18,--,12,25416,买盘
1985,10:04:24,21.18,--,2,4236,买盘
1986,10:04:21,21.18,0.01,333,705294,买盘
1987,10:04:18,21.17,-0.01,1,2117,卖盘
1988,10:04:15,21.18,0.01,42,88956,中性盘
1989,10:04:12,21.17,--,18,38106,卖盘
1990,10:04:09,21.17,--,2,4234,卖盘
1991,10:04:03,21.17,--,90,190530,买盘
1992,10:04:00,21.17,0.02,5,10585,买盘
1993,10:03:57,21.15,-0.02,3,6345,卖盘
1994,10:03:54,21.17,--,18,38106,买盘
1995,10:03:51,21.17,--,57,120669,中性盘
1996,10:03:48,21.17,-0.01,58,122786,卖盘
1997,10:03:45,21.18,--,7,14826,买盘
1998,10:03:42,21.18,--,9,19062,买盘
1999,10:03:39,21.18,--,15,31770,买盘
2000,10:03:36,21.18,--,29,61422,买盘
2001,10:03:33,21.18,--,62,131316,卖盘
2002,10:03:30,21.18,-0.01,9,19062,中性盘
2003,10:03:24,21.19,0.02,14,29666,买盘
2004,10:03:21,21.17,-0.01,31,65627,卖盘
2005,10:03:18,21.18,--,17,36006,买盘
2006,10:03:15,21.18,--,1,2118,买盘
2007,10:03:12,21.18,--,9,19062,卖盘
2008,10:03:09,21.18,0.07,2,4236,买盘
2009,10:03:06,21.11,-0.04,77,162547,卖盘
2010,10:02:57,21.15,--,21,44415,买盘
2011,10:02:54,21.15,0.05,20,42300,买盘
2012,10:02:51,21.1,--,2,4220,卖盘
2013,10:02:48,21.1,--,12,25320,卖盘
2014,10:02:45,21.1,--,68,143480,买盘
2015,10:02:42,21.1,--,42,88620,买盘
2016,10:02:39,21.1,--,124,261640,买盘
2017,10:02:36,21.1,--,49,103390,买盘
2018,10:02:33,21.1,--,61,128710,买盘
2019,10:02:30,21.1,--,154,324940,买盘
2020,10:02:27,21.1,--,32,67520,买盘
2021,10:02:24,21.1,--,139,293290,买盘
2022,10:02:21,21.1,0.06,4,8440,买盘
2023,10:02:18,21.04,-0.04,49,103096,卖盘
2024,10:02:15,21.08,--,49,103291,买盘
2025,10:02:12,21.08,0.05,77,162316,买盘
2026,10:02:09,21.03,-0.01,55,115665,卖盘
2027,10:02:06,21.04,-0.05,14,29456,卖盘
2028,10:02:03,21.09,0.06,51,107559,买盘
2029,10:02:00,21.03,-0.03,20,42060,卖盘
2030,10:01:57,21.06,0.02,16,33696,中性盘
2031,10:01:54,21.04,0.01,148,311392,中性盘
2032,10:01:51,21.03,--,39,82017,卖盘
2033,10:01:48,21.03,0.01,36,75708,卖盘
2034,10:01:45,21.02,0.01,7,14714,卖盘
2035,10:01:42,21.01,-0.01,60,126060,卖盘
2036,10:01:39,21.02,-0.04,133,279566,卖盘
2037,10:01:36,21.06,--,4,8424,卖盘
2038,10:01:33,21.06,0.03,22,46332,买盘
2039,10:01:30,21.03,--,33,69399,买盘
2040,10:01:27,21.03,-0.03,49,103572,卖盘
2041,10:01:24,21.06,0.03,19,40014,买盘
2042,10:01:21,21.03,-0.03,14,29442,卖盘
2043,10:01:18,21.06,-0.02,36,75816,中性盘
2044,10:01:15,21.08,0.01,15,31619,买盘
2045,10:01:12,21.07,0.06,392,825944,中性盘
2046,10:01:09,21.01,-0.09,28,58828,卖盘
2047,10:01:06,21.1,--,337,711070,买盘
2048,10:01:03,21.1,--,8,16880,买盘
2049,10:01:00,21.1,-0.08,322,679420,卖盘
2050,10:00:57,21.18,-0.01,39,82602,卖盘
2051,10:00:54,21.19,--,1,2119,中性盘
2052,10:00:51,21.19,-0.02,42,88998,卖盘
2053,10:00:48,21.21,0.01,37,78477,买盘
2054,10:00:45,21.2,--,8,16960,买盘
2055,10:00:42,21.2,-0.02,121,256520,卖盘
2056,10:00:39,21.22,0.01,8,16976,中性盘
2057,10:00:36,21.21,-0.02,32,67872,卖盘
2058,10:00:33,21.23,--,48,101904,卖盘
2059,10:00:30,21.23,--,29,61567,中性盘
2060,10:00:27,21.23,-0.02,18,38214,卖盘
2061,10:00:24,21.25,--,10,21250,买盘
2062,10:00:21,21.25,0.01,12,25500,买盘
2063,10:00:18,21.24,-0.05,5,10620,卖盘
2064,10:00:12,21.29,0.04,5,10645,中性盘
2065,10:00:09,21.25,-0.05,311,660875,卖盘
2066,10:00:06,21.3,--,32,68160,卖盘
2067,10:00:03,21.3,-0.03,147,313110,卖盘
2068,09:59:57,21.33,--,7,14930,卖盘
2069,09:59:51,21.33,--,8,17064,卖盘
2070,09:59:48,21.33,-0.04,31,66123,卖盘
2071,09:59:45,21.37,0.01,43,91891,买盘
2072,09:59:42,21.36,--,6,12816,买盘
2073,09:59:36,21.36,-0.02,89,190104,卖盘
2074,09:59:33,21.38,-0.01,118,252284,卖盘
2075,09:59:30,21.39,-0.02,1,2139,中性盘
2076,09:59:27,21.41,0.03,5,10705,买盘
2077,09:59:24,21.38,-0.03,36,76968,卖盘
2078,09:59:21,21.41,0.01,50,107050,买盘
2079,09:59:15,21.4,0.01,28,59919,买盘
2080,09:59:12,21.39,-0.01,188,402132,卖盘
2081,09:59:09,21.4,--,11,23540,卖盘
2082,09:59:06,21.4,--,187,400180,卖盘
2083,09:59:03,21.4,--,6,12840,卖盘
2084,09:59:00,21.4,-0.01,1,2140,卖盘
2085,09:58:57,21.41,--,5,10705,买盘
2086,09:58:54,21.41,0.01,14,29974,买盘
2087,09:58:51,21.4,--,36,77040,卖盘
2088,09:58:48,21.4,-0.01,48,102720,卖盘
2089,09:58:45,21.41,--,10,21410,买盘
2090,09:58:33,21.41,--,4,8564,买盘
2091,09:58:30,21.41,--,11,23551,买盘
2092,09:58:27,21.41,--,15,32115,卖盘
2093,09:58:24,21.41,0.01,7,14987,买盘
2094,09:58:21,21.4,-0.02,135,288900,卖盘
2095,09:58:18,21.42,--,108,231336,买盘
2096,09:58:15,21.42,--,71,152082,买盘
2097,09:58:12,21.42,--,1,2142,买盘
2098,09:58:09,21.42,--,51,109242,买盘
2099,09:58:06,21.42,0.01,6,12852,买盘
2100,09:58:03,21.41,-0.01,30,64230,卖盘
2101,09:58:00,21.42,--,106,227052,买盘
2102,09:57:57,21.42,--,136,291312,买盘
2103,09:57:54,21.42,--,5,10710,买盘
2104,09:57:51,21.42,0.01,15,32130,买盘
2105,09:57:48,21.41,-0.01,1,2141,卖盘
2106,09:57:45,21.42,0.01,107,229194,买盘
2107,09:57:42,21.41,-0.01,88,188408,卖盘
2108,09:57:39,21.42,--,5,10710,买盘
2109,09:57:36,21.42,--,6,12852,买盘
2110,09:57:30,21.42,--,8,17136,买盘
2111,09:57:21,21.42,0.01,28,59976,买盘
2112,09:57:18,21.41,--,10,21410,买盘
2113,09:57:15,21.41,--,8,17128,买盘
2114,09:57:12,21.41,--,4,8564,买盘
2115,09:57:09,21.41,--,2,4282,买盘
2116,09:57:06,21.41,-0.01,73,156293,卖盘
2117,09:57:03,21.42,--,50,107100,买盘
2118,09:57:00,21.42,0.01,5,10710,买盘
2119,09:56:57,21.41,-0.01,94,201254,卖盘
2120,09:56:54,21.42,--,11,23562,买盘
2121,09:56:51,21.42,--,5,10710,买盘
2122,09:56:48,21.42,--,9,19278,买盘
2123,09:56:45,21.42,--,15,32130,买盘
2124,09:56:42,21.42,--,120,257040,卖盘
2125,09:56:36,21.42,--,143,306306,卖盘
2126,09:56:30,21.42,--,13,27846,卖盘
2127,09:56:24,21.42,--,38,81396,卖盘
2128,09:56:21,21.42,--,5,10710,卖盘
2129,09:56:15,21.42,--,5,10710,卖盘
2130,09:56:12,21.42,--,136,291312,买盘
2131,09:56:09,21.42,--,15,32130,买盘
2132,09:56:06,21.42,--,13,27846,买盘
2133,09:56:03,21.42,--,3,6426,买盘
2134,09:56:00,21.42,--,351,751842,买盘
2135,09:55:57,21.42,--,25,53550,买盘
2136,09:55:54,21.42,--,5,10710,买盘
2137,09:55:51,21.42,--,1,2142,买盘
2138,09:55:48,21.42,0.01,10,21420,买盘
2139,09:55:45,21.41,-0.01,2,4282,卖盘
2140,09:55:42,21.42,0.01,6,12852,买盘
2141,09:55:39,21.41,-0.01,23,49243,卖盘
2142,09:55:36,21.42,0.01,10,21420,买盘
2143,09:55:33,21.41,0.01,47,100627,买盘
2144,09:55:30,21.4,-0.01,96,205440,卖盘
2145,09:55:27,21.41,--,163,348983,买盘
2146,09:55:24,21.41,0.01,21,44961,买盘
2147,09:55:21,21.4,-0.01,6,12840,卖盘
2148,09:55:18,21.41,--,10,21410,买盘
2149,09:55:15,21.41,0.01,2,4282,买盘
2150,09:55:12,21.4,-0.01,92,196880,卖盘
2151,09:55:09,21.41,--,21,44961,卖盘
2152,09:55:06,21.41,-0.01,15,32115,卖盘
2153,09:55:03,21.42,--,1,2142,买盘
2154,09:55:00,21.42,0.02,14,29988,买盘
2155,09:54:57,21.4,-0.02,80,171200,卖盘
2156,09:54:54,21.42,0.01,65,139230,买盘
2157,09:54:51,21.41,--,15,32115,卖盘
2158,09:54:48,21.41,-0.01,35,74935,卖盘
2159,09:54:45,21.42,--,2,4284,买盘
2160,09:54:42,21.42,--,81,173502,卖盘
2161,09:54:39,21.42,--,10,21420,卖盘
2162,09:54:36,21.42,--,5,10710,卖盘
2163,09:54:33,21.42,-0.01,2,4284,卖盘
2164,09:54:30,21.43,0.01,20,42860,买盘
2165,09:54:27,21.42,-0.01,8,17136,卖盘
2166,09:54:24,21.43,--,10,21430,买盘
2167,09:54:21,21.43,--,19,40717,卖盘
2168,09:54:15,21.43,--,19,40717,卖盘
2169,09:54:12,21.43,-0.02,25,53575,卖盘
2170,09:54:09,21.45,--,30,64350,卖盘
2171,09:54:06,21.45,--,47,100815,卖盘
2172,09:54:03,21.45,-0.03,142,304590,卖盘
2173,09:54:00,21.48,0.03,10,21480,买盘
2174,09:53:51,21.45,-0.03,20,42900,卖盘
2175,09:53:45,21.48,--,11,23628,卖盘
2176,09:53:42,21.48,-0.02,8,17184,卖盘
2177,09:53:39,21.5,--,7,15050,买盘
2178,09:53:36,21.5,--,11,23650,买盘
2179,09:53:33,21.5,0.02,6,12900,买盘
2180,09:53:30,21.48,--,1,2148,卖盘
2181,09:53:27,21.48,--,6,12888,卖盘
2182,09:53:21,21.48,--,5,10740,卖盘
2183,09:53:18,21.48,--,7,15036,卖盘
2184,09:53:15,21.48,--,74,158952,买盘
2185,09:53:12,21.48,0.03,9,19332,买盘
2186,09:53:09,21.45,--,4,8580,卖盘
2187,09:53:06,21.45,--,10,21450,卖盘
2188,09:53:03,21.45,--,3,6435,卖盘
2189,09:52:57,21.45,--,1,2145,卖盘
2190,09:52:54,21.45,--,5,10725,买盘
2191,09:52:48,21.45,0.01,7,15015,买盘
2192,09:52:42,21.44,--,2,4288,卖盘
2193,09:52:39,21.44,0.02,7,15008,买盘
2194,09:52:36,21.42,--,7,14994,卖盘
2195,09:52:33,21.42,--,4,8568,买盘
2196,09:52:30,21.42,--,10,21420,买盘
2197,09:52:27,21.42,0.02,2,4284,买盘
2198,09:52:24,21.4,--,5,10700,卖盘
2199,09:52:21,21.4,-0.02,25,53500,卖盘
2200,09:52:15,21.42,0.03,160,342720,买盘
2201,09:52:12,21.39,--,93,198927,买盘
2202,09:52:09,21.39,--,6,12834,买盘
2203,09:52:06,21.39,0.01,19,40641,卖盘
2204,09:52:03,21.38,--,24,51312,卖盘
2205,09:52:00,21.38,-0.01,213,455394,卖盘
2206,09:51:57,21.39,--,2,4278,卖盘
2207,09:51:54,21.39,--,19,40641,卖盘
2208,09:51:51,21.39,--,8,17112,卖盘
2209,09:51:48,21.39,--,35,74865,买盘
2210,09:51:45,21.39,--,40,85560,买盘
2211,09:51:42,21.39,0.01,20,42780,买盘
2212,09:51:39,21.38,-0.01,34,72692,卖盘
2213,09:51:36,21.39,--,16,34224,买盘
2214,09:51:33,21.39,--,43,91977,买盘
2215,09:51:30,21.39,--,86,183954,买盘
2216,09:51:27,21.39,--,41,87699,买盘
2217,09:51:24,21.39,0.01,71,151869,买盘
2218,09:51:21,21.38,-0.01,39,83382,卖盘
2219,09:51:18,21.39,--,11,23529,买盘
2220,09:51:15,21.39,--,5,10695,买盘
2221,09:51:12,21.39,--,14,29946,买盘
2222,09:51:09,21.39,--,47,100533,买盘
2223,09:51:06,21.39,-0.05,377,806403,卖盘
2224,09:51:03,21.44,--,70,150080,买盘
2225,09:51:00,21.44,--,39,83616,买盘
2226,09:50:57,21.44,-0.08,187,400928,卖盘
2227,09:50:54,21.52,-0.03,1,2152,卖盘
2228,09:50:51,21.55,0.01,31,66805,买盘
2229,09:50:48,21.54,0.09,3,6462,买盘
2230,09:50:45,21.45,-0.01,74,158730,卖盘
2231,09:50:39,21.46,-0.09,758,1626668,卖盘
2232,09:50:33,21.55,-0.04,288,620640,卖盘
2233,09:50:27,21.59,--,8,17272,买盘
2234,09:50:24,21.59,--,2,4318,买盘
2235,09:50:21,21.59,0.01,17,36703,买盘
2236,09:50:18,21.58,--,32,69056,卖盘
2237,09:50:15,21.58,-0.02,4,8632,卖盘
2238,09:50:12,21.6,--,1,2160,买盘
2239,09:50:06,21.6,-0.01,8,17280,卖盘
2240,09:50:03,21.61,0.01,10,21610,买盘
2241,09:50:00,21.6,-0.01,62,133920,卖盘
2242,09:49:54,21.61,--,4,8644,卖盘
2243,09:49:48,21.61,-0.01,10,21610,卖盘
2244,09:49:45,21.62,0.01,3,6486,买盘
2245,09:49:42,21.61,-0.01,47,101567,卖盘
2246,09:49:39,21.62,--,4,8648,卖盘
2247,09:49:36,21.62,--,5,10810,卖盘
2248,09:49:30,21.62,--,4,8648,卖盘
2249,09:49:27,21.62,--,4,8648,买盘
2250,09:49:21,21.62,--,13,28106,买盘
2251,09:49:18,21.62,--,1,2162,卖盘
2252,09:49:12,21.62,-0.01,13,28106,卖盘
2253,09:49:06,21.63,--,14,30282,卖盘
2254,09:49:03,21.63,-0.01,2,4326,卖盘
2255,09:48:54,21.64,0.01,11,23804,买盘
2256,09:48:51,21.63,-0.01,25,54075,卖盘
2257,09:48:48,21.64,-0.01,2,4328,卖盘
2258,09:48:45,21.65,0.02,12,25980,中性盘
2259,09:48:42,21.63,-0.03,35,75705,卖盘
2260,09:48:39,21.66,0.02,67,145122,买盘
2261,09:48:36,21.64,--,48,103872,卖盘
2262,09:48:27,21.64,-0.01,1,2164,卖盘
2263,09:48:24,21.65,--,18,38970,卖盘
2264,09:48:21,21.65,--,20,43300,卖盘
2265,09:48:18,21.65,--,23,49795,买盘
2266,09:48:15,21.65,--,2,4330,卖盘
2267,09:48:12,21.65,--,7,15154,卖盘
2268,09:48:06,21.65,0.01,11,23815,买盘
2269,09:48:03,21.64,-0.01,10,21640,卖盘
2270,09:48:00,21.65,-0.01,16,34640,卖盘
2271,09:47:57,21.66,--,5,10830,买盘
2272,09:47:48,21.66,0.01,1,2166,买盘
2273,09:47:45,21.65,-0.01,50,110371,卖盘
2274,09:47:39,21.66,--,8,17328,卖盘
2275,09:47:33,21.66,-0.01,192,415872,卖盘
2276,09:47:24,21.67,-0.01,10,21670,卖盘
2277,09:47:21,21.68,-0.01,2,4336,卖盘
2278,09:47:15,21.69,0.02,3,6507,买盘
2279,09:47:12,21.67,--,46,99682,卖盘
2280,09:47:09,21.67,0.01,15,32505,买盘
2281,09:47:06,21.66,--,8,17328,卖盘
2282,09:47:03,21.66,--,3,6541,卖盘
2283,09:47:00,21.66,--,6,12996,卖盘
2284,09:46:57,21.66,-0.01,21,45486,卖盘
2285,09:46:48,21.67,--,52,112684,卖盘
2286,09:46:45,21.67,-0.01,39,84513,卖盘
2287,09:46:33,21.68,-0.01,69,149592,卖盘
2288,09:46:27,21.69,-0.01,1,2169,卖盘
2289,09:46:24,21.7,--,3,6510,买盘
2290,09:46:12,21.7,--,78,169260,卖盘
2291,09:46:09,21.7,--,18,39060,卖盘
2292,09:46:00,21.7,--,5,10850,卖盘
2293,09:45:57,21.7,-0.01,40,86800,卖盘
2294,09:45:54,21.71,0.01,3,6513,买盘
2295,09:45:51,21.7,-0.01,4,8680,卖盘
2296,09:45:42,21.71,0.01,6,13026,买盘
2297,09:45:39,21.7,--,6,13020,卖盘
2298,09:45:33,21.7,--,1,2170,卖盘
2299,09:45:30,21.7,-0.01,2,4340,卖盘
2300,09:45:24,21.71,--,5,10855,买盘
2301,09:45:21,21.71,--,2,4342,买盘
2302,09:45:18,21.71,0.01,39,84669,买盘
2303,09:45:15,21.7,--,12,26040,卖盘
2304,09:45:12,21.7,-0.01,30,65100,卖盘
2305,09:45:09,21.71,0.01,2,4342,买盘
2306,09:44:51,21.7,-0.01,45,97650,卖盘
2307,09:44:39,21.71,-0.01,27,58617,卖盘
2308,09:44:36,21.72,0.01,2,4344,买盘
2309,09:44:30,21.71,--,60,130260,卖盘
2310,09:44:27,21.71,--,5,10855,卖盘
2311,09:44:21,21.71,-0.01,60,130260,卖盘
2312,09:44:15,21.72,--,11,23892,卖盘
2313,09:44:12,21.72,-0.01,16,34752,卖盘
2314,09:44:09,21.73,--,70,152110,买盘
2315,09:44:06,21.73,-0.01,2,4346,中性盘
2316,09:44:00,21.74,-0.02,2,4348,买盘
2317,09:43:57,21.76,0.03,436,948736,买盘
2318,09:43:54,21.73,0.01,1,2173,买盘
2319,09:43:51,21.72,--,15,32580,卖盘
2320,09:43:45,21.72,--,10,21720,卖盘
2321,09:43:36,21.72,-0.01,102,221544,卖盘
2322,09:43:30,21.73,--,43,93439,卖盘
2323,09:43:27,21.73,0.01,1,2173,卖盘
2324,09:43:24,21.72,--,44,95568,卖盘
2325,09:43:21,21.72,-0.02,10,21720,卖盘
2326,09:43:18,21.74,0.01,64,139136,买盘
2327,09:43:15,21.73,--,16,34768,买盘
2328,09:43:12,21.73,0.01,10,21730,买盘
2329,09:43:06,21.72,-0.01,44,95568,卖盘
2330,09:43:03,21.73,--,5,10865,买盘
2331,09:43:00,21.73,--,27,58671,买盘
2332,09:42:57,21.73,0.01,1,2173,中性盘
2333,09:42:54,21.72,-0.02,27,58644,卖盘
2334,09:42:51,21.74,0.01,90,195660,买盘
2335,09:42:48,21.73,-0.01,72,156456,卖盘
2336,09:42:45,21.74,0.01,10,21740,买盘
2337,09:42:42,21.73,-0.01,20,43460,卖盘
2338,09:42:39,21.74,--,5,10870,买盘
2339,09:42:36,21.74,0.01,54,117395,买盘
2340,09:42:33,21.73,-0.01,2,4346,卖盘
2341,09:42:30,21.74,--,15,32609,买盘
2342,09:42:27,21.74,--,40,86960,买盘
2343,09:42:21,21.74,--,16,34784,买盘
2344,09:42:18,21.74,--,6,13043,买盘
2345,09:42:12,21.74,--,10,21740,买盘
2346,09:42:09,21.74,--,25,54349,买盘
2347,09:42:06,21.74,--,30,65219,买盘
2348,09:42:03,21.74,--,12,26087,买盘
2349,09:42:00,21.74,--,4,8696,买盘
2350,09:41:57,21.74,--,5,10870,买盘
2351,09:41:51,21.74,--,15,32609,买盘
2352,09:41:48,21.74,0.01,7,15217,买盘
2353,09:41:45,21.73,-0.01,10,21730,卖盘
2354,09:41:42,21.74,0.01,5,10870,买盘
2355,09:41:33,21.73,--,47,102131,买盘
2356,09:41:30,21.73,--,17,36941,买盘
2357,09:41:27,21.73,--,5,10865,买盘
2358,09:41:24,21.73,--,4,8692,买盘
2359,09:41:21,21.73,--,31,67363,买盘
2360,09:41:18,21.73,--,2,4346,买盘
2361,09:41:12,21.73,--,13,28249,买盘
2362,09:41:09,21.73,--,16,34768,买盘
2363,09:41:06,21.73,0.01,8,17384,买盘
2364,09:41:03,21.72,-0.01,15,32580,卖盘
2365,09:41:00,21.73,--,10,21730,买盘
2366,09:40:57,21.73,--,20,43460,买盘
2367,09:40:51,21.73,--,20,43460,买盘
2368,09:40:48,21.73,--,19,41287,买盘
2369,09:40:42,21.73,--,5,10865,买盘
2370,09:40:39,21.73,--,12,26076,买盘
2371,09:40:30,21.73,-0.01,7,15211,卖盘
2372,09:40:27,21.74,0.01,2,4348,买盘
2373,09:40:21,21.73,--,5,10865,卖盘
2374,09:40:18,21.73,--,13,28249,卖盘
2375,09:40:15,21.73,0.02,14,30422,买盘
2376,09:40:12,21.71,-0.02,10,21710,卖盘
2377,09:40:09,21.73,0.02,51,110823,买盘
2378,09:40:06,21.71,-0.01,40,86840,卖盘
2379,09:40:03,21.72,-0.01,6,13032,卖盘
2380,09:39:45,21.73,-0.01,1,2173,卖盘
2381,09:39:42,21.74,--,2,4348,买盘
2382,09:39:30,21.74,0.03,1,2174,买盘
2383,09:39:18,21.71,-0.04,5,10855,卖盘
2384,09:39:15,21.75,0.04,4,8700,买盘
2385,09:39:09,21.71,-0.02,6,13026,卖盘
2386,09:39:06,21.73,--,14,30422,买盘
2387,09:39:03,21.73,-0.02,3,6519,买盘
2388,09:39:00,21.75,--,14,30450,买盘
2389,09:38:45,21.75,--,51,110925,买盘
2390,09:38:42,21.75,--,7,15225,卖盘
2391,09:38:39,21.75,-0.01,10,21750,中性盘
2392,09:38:33,21.76,0.01,211,459136,买盘
2393,09:38:30,21.75,0.02,19,41325,买盘
2394,09:38:24,21.73,-0.02,20,43460,卖盘
2395,09:38:15,21.75,-0.01,12,26100,中性盘
2396,09:38:09,21.76,0.05,1,2176,买盘
2397,09:38:03,21.71,--,2,4342,卖盘
2398,09:38:00,21.71,-0.02,11,23881,卖盘
2399,09:37:57,21.73,--,4,8692,买盘
2400,09:37:54,21.73,--,32,69536,买盘
2401,09:37:48,21.73,-0.04,90,195570,卖盘
2402,09:37:42,21.77,0.01,50,108850,买盘
2403,09:37:39,21.76,--,10,21760,卖盘
2404,09:37:36,21.76,--,36,78336,买盘
2405,09:37:33,21.76,--,40,87040,买盘
2406,09:37:30,21.76,--,14,30464,卖盘
2407,09:37:27,21.76,--,37,80512,卖盘
2408,09:37:24,21.76,--,32,69632,卖盘
2409,09:37:21,21.76,-0.01,18,39168,卖盘
2410,09:37:18,21.77,0.01,17,37009,买盘
2411,09:37:15,21.76,--,30,65280,卖盘
2412,09:37:12,21.76,-0.01,54,117504,卖盘
2413,09:37:09,21.77,0.01,5,10885,买盘
2414,09:37:06,21.76,0.01,12,26112,买盘
2415,09:37:03,21.75,-0.02,6,13050,卖盘
2416,09:37:00,21.77,--,119,259063,买盘
2417,09:36:57,21.77,0.01,12,26124,买盘
2418,09:36:54,21.76,--,4,8704,买盘
2419,09:36:51,21.76,--,18,39168,买盘
2420,09:36:48,21.76,--,41,89216,卖盘
2421,09:36:45,21.76,--,30,65280,卖盘
2422,09:36:30,21.76,--,4,8704,买盘
2423,09:36:27,21.76,--,37,80512,买盘
2424,09:36:24,21.76,--,20,43520,买盘
2425,09:36:21,21.76,0.01,19,41344,买盘
2426,09:36:12,21.75,-0.01,10,21750,中性盘
2427,09:36:09,21.76,0.01,1,2176,买盘
2428,09:35:57,21.75,0.05,10,21750,买盘
2429,09:35:54,21.7,--,17,36890,买盘
2430,09:35:51,21.7,--,10,21700,买盘
2431,09:35:48,21.7,--,22,47740,买盘
2432,09:35:45,21.7,--,7,15190,买盘
2433,09:35:42,21.7,--,17,36890,买盘
2434,09:35:39,21.7,--,1,2170,买盘
2435,09:35:36,21.7,0.01,32,69440,买盘
2436,09:35:33,21.69,--,3,6507,卖盘
2437,09:35:30,21.69,-0.01,38,82422,卖盘
2438,09:35:27,21.7,--,10,21700,买盘
2439,09:35:24,21.7,--,107,232190,买盘
2440,09:35:21,21.7,--,10,21700,买盘
2441,09:35:18,21.7,--,2,4340,买盘
2442,09:35:09,21.7,--,4,8680,买盘
2443,09:35:06,21.7,0.01,72,156240,买盘
2444,09:35:03,21.69,0.03,30,65070,买盘
2445,09:35:00,21.66,0.01,17,36822,卖盘
2446,09:34:51,21.65,--,23,50877,买盘
2447,09:34:48,21.65,--,18,38970,买盘
2448,09:34:45,21.65,--,8,17320,买盘
2449,09:34:42,21.65,--,2,4330,买盘
2450,09:34:39,21.65,--,5,10825,买盘
2451,09:34:30,21.65,0.02,70,151550,买盘
2452,09:34:24,21.63,0.01,2,4326,卖盘
2453,09:34:15,21.62,--,2,4324,卖盘
2454,09:34:12,21.62,--,26,56212,卖盘
2455,09:34:06,21.62,-0.01,10,21620,卖盘
2456,09:34:03,21.63,--,10,21630,买盘
2457,09:34:00,21.63,--,8,17304,买盘
2458,09:33:57,21.63,--,29,62727,买盘
2459,09:33:54,21.63,--,36,77868,买盘
2460,09:33:51,21.63,--,4,8652,买盘
2461,09:33:48,21.63,0.01,3,6489,买盘
2462,09:33:45,21.62,-0.01,1,2162,卖盘
2463,09:33:42,21.63,0.02,46,99498,买盘
2464,09:33:39,21.61,-0.02,50,108050,卖盘
2465,09:33:33,21.63,0.01,22,47586,买盘
2466,09:33:30,21.62,--,9,19458,买盘
2467,09:33:27,21.62,--,2,4324,买盘
2468,09:33:24,21.62,--,8,17296,卖盘
2469,09:33:21,21.62,--,8,17296,买盘
2470,09:33:18,21.62,--,6,12972,买盘
2471,09:33:15,21.62,0.01,4,8648,买盘
2472,09:33:12,21.61,-0.01,5,10805,卖盘
2473,09:33:09,21.62,--,5,10810,买盘
2474,09:33:00,21.62,--,69,149178,卖盘
2475,09:32:54,21.62,0.01,32,69184,买盘
2476,09:32:51,21.61,--,62,133982,卖盘
2477,09:32:45,21.61,--,113,244193,卖盘
2478,09:32:42,21.61,--,27,58347,卖盘
2479,09:32:39,21.61,-0.01,118,254998,卖盘
2480,09:32:36,21.62,0.01,31,67022,买盘
2481,09:32:33,21.61,--,1,2161,卖盘
2482,09:32:30,21.61,--,1,2161,卖盘
2483,09:32:27,21.61,--,20,43220,卖盘
2484,09:32:24,21.61,--,25,55732,买盘
2485,09:32:21,21.61,--,37,79957,买盘
2486,09:32:18,21.61,--,8,17288,买盘
2487,09:32:15,21.61,--,14,30254,买盘
2488,09:32:12,21.61,--,2,4322,买盘
2489,09:32:09,21.61,0.01,2,4322,买盘
2490,09:32:06,21.6,-0.03,80,173253,卖盘
2491,09:32:00,21.63,0.02,5,10815,买盘
2492,09:31:57,21.61,--,1,2161,卖盘
2493,09:31:51,21.61,0.01,12,27639,买盘
2494,09:31:48,21.6,0.02,253,546480,买盘
2495,09:31:45,21.58,-0.03,28,60423,卖盘
2496,09:31:42,21.61,--,59,127499,买盘
2497,09:31:39,21.61,--,55,118855,买盘
2498,09:31:36,21.61,0.01,29,62669,买盘
2499,09:31:33,21.6,-0.01,107,231573,卖盘
2500,09:31:30,21.61,--,5,10805,买盘
2501,09:31:27,21.61,--,10,21610,买盘
2502,09:31:24,21.61,--,20,43220,买盘
2503,09:31:21,21.61,0.01,36,77796,买盘
2504,09:31:18,21.6,--,16,34560,卖盘
2505,09:31:15,21.6,--,2,4320,卖盘
2506,09:31:12,21.6,--,12,27626,卖盘
2507,09:31:06,21.6,--,52,112320,买盘
2508,09:31:03,21.6,--,85,183600,买盘
2509,09:30:57,21.6,--,10,21600,买盘
2510,09:30:54,21.6,--,7,15120,买盘
2511,09:30:48,21.6,--,3,6480,买盘
2512,09:30:45,21.6,--,38,82080,买盘
2513,09:30:42,21.6,--,2,4320,买盘
2514,09:30:39,21.6,-0.01,31,66960,卖盘
2515,09:30:36,21.61,0.01,34,73474,买盘
2516,09:30:30,21.6,--,5,10800,卖盘
2517,09:30:27,21.6,--,7,15120,买盘
2518,09:30:24,21.6,--,2,4320,买盘
2519,09:30:18,21.6,--,7,15120,买盘
2520,09:30:12,21.6,--,15,32400,买盘
2521,09:30:09,21.6,--,49,105840,买盘
2522,09:30:06,21.6,0.01,27,58320,买盘
2523,09:30:03,21.59,-0.06,292,630428,卖盘
2524,09:30:00,21.65,--,0,0,买盘
2525,09:25:03,21.65,21.65,199,430835,买盘
