,time,price,change,volume,amount,type
0,15:00:03,3.45,0.01,5957,2055165,买盘
1,14:57:00,3.44,--,279,95976,买盘
2,14:56:57,3.44,0.01,2329,801176,买盘
3,14:56:54,3.43,--,3,1029,卖盘
4,14:56:48,3.43,--,70,24010,卖盘
5,14:56:45,3.43,-0.01,1,343,卖盘
6,14:56:42,3.44,--,1069,367736,买盘
7,14:56:39,3.44,0.01,587,201928,买盘
8,14:56:30,3.43,-0.01,395,135485,卖盘
9,14:56:24,3.44,--,710,244240,买盘
10,14:56:15,3.44,--,523,179912,卖盘
11,14:56:06,3.44,--,84,28896,卖盘
12,14:55:42,3.44,--,1,344,卖盘
13,14:55:39,3.44,--,30,10320,卖盘
14,14:55:33,3.44,--,200,68800,买盘
15,14:55:27,3.44,--,942,324048,卖盘
16,14:55:18,3.44,--,5,1720,卖盘
17,14:55:06,3.44,--,32,11008,卖盘
18,14:55:03,3.44,--,1,344,卖盘
19,14:55:00,3.44,--,151,51944,买盘
20,14:54:54,3.44,0.01,4,1376,买盘
21,14:54:51,3.43,-0.01,69,23667,卖盘
22,14:54:48,3.44,--,150,51600,买盘
23,14:54:36,3.44,--,2,688,买盘
24,14:54:33,3.44,-0.01,20,6880,中性盘
25,14:54:24,3.45,0.01,883,304635,买盘
26,14:54:21,3.44,--,300,103200,买盘
27,14:54:15,3.44,--,257,88408,买盘
28,14:54:12,3.44,--,4,1376,买盘
29,14:54:06,3.44,0.01,14,4816,买盘
30,14:54:03,3.43,-0.01,151,51793,卖盘
31,14:54:00,3.44,--,53,18232,买盘
32,14:53:57,3.44,--,35,12040,买盘
33,14:53:51,3.44,0.01,250,86000,买盘
34,14:53:45,3.43,--,10,3430,卖盘
35,14:53:39,3.43,--,50,17150,卖盘
36,14:53:36,3.43,-0.01,17,5831,卖盘
37,14:53:24,3.44,0.01,10,3440,买盘
38,14:53:21,3.43,--,155,53165,卖盘
39,14:53:09,3.43,--,3,1029,卖盘
40,14:52:51,3.43,-0.01,155,53165,卖盘
41,14:52:48,3.44,0.01,216,74304,买盘
42,14:52:36,3.43,-0.01,64,21952,卖盘
43,14:52:18,3.44,0.01,72,24768,买盘
44,14:52:15,3.43,--,19,6517,卖盘
45,14:52:12,3.43,--,11,3773,卖盘
46,14:52:09,3.43,-0.01,3,1029,卖盘
47,14:52:03,3.44,0.01,30,10320,买盘
48,14:52:00,3.43,-0.01,10,3430,卖盘
49,14:51:54,3.44,0.01,100,34400,买盘
50,14:51:48,3.43,-0.01,43,14749,卖盘
51,14:51:30,3.44,--,8,2752,买盘
52,14:51:15,3.44,--,20,6880,买盘
53,14:51:12,3.44,--,200,68800,买盘
54,14:51:06,3.44,0.01,2,688,买盘
55,14:50:57,3.43,--,10,3430,卖盘
56,14:50:30,3.43,-0.01,1,343,卖盘
57,14:50:03,3.44,0.01,52,17888,买盘
58,14:49:54,3.43,-0.01,9,3087,卖盘
59,14:49:51,3.44,0.01,15,5160,买盘
60,14:48:48,3.43,-0.01,1,343,卖盘
61,14:48:42,3.44,0.01,10,3440,买盘
62,14:48:30,3.43,-0.01,21,7203,卖盘
63,14:48:24,3.44,0.01,35,12040,买盘
64,14:48:09,3.43,--,1006,345058,卖盘
65,14:48:03,3.43,--,53,18179,卖盘
66,14:48:00,3.43,--,52,17836,卖盘
67,14:47:57,3.43,-0.01,59,20237,卖盘
68,14:47:54,3.44,--,1155,397553,卖盘
69,14:47:36,3.44,-0.01,117,40248,卖盘
70,14:47:33,3.45,--,31,10695,买盘
71,14:47:24,3.45,0.01,1,345,买盘
72,14:47:18,3.44,--,66,22704,卖盘
73,14:47:03,3.44,-0.01,1,344,卖盘
74,14:46:51,3.45,--,108,37260,买盘
75,14:46:18,3.45,--,1,345,买盘
76,14:46:15,3.45,0.01,20,6900,买盘
77,14:46:06,3.44,-0.01,2,688,卖盘
78,14:46:03,3.45,0.01,5,1725,买盘
79,14:45:45,3.44,--,50,17200,卖盘
80,14:45:18,3.44,--,100,34400,卖盘
81,14:45:09,3.44,0.01,424,145966,买盘
82,14:45:03,3.43,-0.01,1,343,卖盘
83,14:45:00,3.44,--,5,1720,买盘
84,14:44:42,3.44,--,5,1720,买盘
85,14:44:27,3.44,--,91,31304,买盘
86,14:44:15,3.44,--,13,4705,卖盘
87,14:44:12,3.44,--,23,7912,卖盘
88,14:44:09,3.44,--,70,24080,卖盘
89,14:44:03,3.44,--,17,5848,卖盘
90,14:43:57,3.44,--,188,64782,买盘
91,14:43:45,3.44,--,51,17777,卖盘
92,14:43:39,3.44,--,193,66392,卖盘
93,14:43:36,3.44,--,60,20640,卖盘
94,14:43:27,3.44,--,60,20640,卖盘
95,14:43:24,3.44,--,10,3440,卖盘
96,14:43:21,3.44,--,455,156520,卖盘
97,14:43:12,3.44,--,45,15480,卖盘
98,14:42:51,3.44,--,10,3440,卖盘
99,14:42:45,3.44,--,48,16512,卖盘
100,14:42:42,3.44,--,56,19374,卖盘
101,14:42:39,3.44,--,9,3096,卖盘
102,14:42:21,3.44,--,5,1720,卖盘
103,14:42:03,3.44,--,1,344,卖盘
104,14:41:45,3.44,-0.01,51,17544,卖盘
105,14:41:42,3.45,0.01,40,13800,买盘
106,14:41:39,3.44,--,38,13072,卖盘
107,14:41:36,3.44,--,65,22360,卖盘
108,14:41:30,3.44,--,16,5504,卖盘
109,14:41:09,3.44,--,7,2408,买盘
110,14:41:06,3.44,0.01,25,8600,买盘
111,14:40:36,3.43,-0.01,4,1372,卖盘
112,14:40:30,3.44,--,259,89096,买盘
113,14:40:15,3.44,0.01,10,3440,买盘
114,14:40:03,3.43,-0.01,1,343,卖盘
115,14:39:54,3.44,--,46,15824,买盘
116,14:39:45,3.44,--,5,1720,买盘
117,14:39:42,3.44,0.01,52,17888,买盘
118,14:39:39,3.43,-0.01,100,34300,卖盘
119,14:39:30,3.44,--,50,17200,买盘
120,14:39:21,3.44,--,420,144480,买盘
121,14:39:12,3.44,--,140,48160,买盘
122,14:39:06,3.44,--,15,5160,买盘
123,14:38:51,3.44,--,50,17200,买盘
124,14:38:48,3.44,0.01,50,17200,买盘
125,14:38:45,3.43,-0.01,19,6517,卖盘
126,14:38:30,3.44,--,209,71896,买盘
127,14:38:06,3.44,--,51,17544,买盘
128,14:37:42,3.44,--,147,50568,买盘
129,14:37:27,3.44,0.01,5,1720,买盘
130,14:37:24,3.43,-0.01,7,2401,卖盘
131,14:37:18,3.44,0.01,50,17200,买盘
132,14:37:03,3.43,-0.01,26,8918,卖盘
133,14:36:45,3.44,0.01,100,34400,买盘
134,14:36:33,3.43,-0.01,10,3430,卖盘
135,14:36:06,3.44,-0.01,872,299968,卖盘
136,14:36:00,3.45,--,1,345,买盘
137,14:35:57,3.45,0.01,50,17250,买盘
138,14:35:54,3.44,-0.01,40,13760,卖盘
139,14:35:03,3.45,--,9,3105,买盘
140,14:35:00,3.45,-0.01,325,112125,卖盘
141,14:34:45,3.46,0.01,5,1730,买盘
142,14:34:42,3.45,--,6,2070,卖盘
143,14:34:27,3.45,-0.01,10,3450,卖盘
144,14:34:15,3.46,0.01,5,1730,买盘
145,14:33:57,3.45,--,10,3450,卖盘
146,14:33:51,3.45,--,3,1035,卖盘
147,14:33:48,3.45,--,50,17250,卖盘
148,14:33:45,3.45,-0.01,14,4830,卖盘
149,14:33:42,3.46,0.01,6,2076,买盘
150,14:33:33,3.45,-0.01,64,22080,卖盘
151,14:33:30,3.46,0.01,149,51554,买盘
152,14:33:24,3.45,--,100,34500,卖盘
153,14:33:15,3.45,--,10,3450,卖盘
154,14:33:09,3.45,--,30,10350,卖盘
155,14:33:03,3.45,--,1,345,卖盘
156,14:33:00,3.45,-0.01,61,21045,卖盘
157,14:32:54,3.46,0.01,81,28026,买盘
158,14:32:45,3.45,--,500,172500,买盘
159,14:32:42,3.45,--,8,2760,买盘
160,14:32:39,3.45,--,20,6900,买盘
161,14:32:27,3.45,--,5,1725,买盘
162,14:32:24,3.45,--,12,4140,买盘
163,14:32:15,3.45,--,138,47610,买盘
164,14:32:09,3.45,--,51,17595,买盘
165,14:32:03,3.45,-0.01,266,91770,卖盘
166,14:31:54,3.46,--,100,34600,买盘
167,14:31:51,3.46,0.01,31,10726,买盘
168,14:31:48,3.45,-0.01,29,10005,卖盘
169,14:31:42,3.46,0.01,3,1038,买盘
170,14:31:36,3.45,--,50,17250,卖盘
171,14:31:24,3.45,--,1310,451950,买盘
172,14:31:21,3.45,0.01,5,1725,买盘
173,14:31:00,3.44,--,15,5160,卖盘
174,14:30:57,3.44,-0.01,100,34400,卖盘
175,14:30:54,3.45,--,7,2415,买盘
176,14:30:51,3.45,--,3,1035,买盘
177,14:30:36,3.45,0.01,13,4485,买盘
178,14:30:33,3.44,-0.01,192,66048,卖盘
179,14:30:30,3.45,--,3,1035,买盘
180,14:30:27,3.45,--,139,47955,买盘
181,14:30:21,3.45,--,1,345,买盘
182,14:30:18,3.45,--,3,1035,买盘
183,14:30:15,3.45,--,3,1035,买盘
184,14:30:12,3.45,--,49,16905,买盘
185,14:30:09,3.45,--,8,2760,买盘
186,14:30:06,3.45,--,9,3105,买盘
187,14:30:03,3.45,0.01,13,4485,买盘
188,14:29:48,3.44,-0.01,72,24768,卖盘
189,14:29:39,3.45,0.01,50,17250,买盘
190,14:29:30,3.44,-0.01,24,8256,卖盘
191,14:29:15,3.45,--,2,690,买盘
192,14:29:09,3.45,--,10,3450,买盘
193,14:29:03,3.45,--,3,1035,买盘
194,14:28:48,3.45,--,23,7935,买盘
195,14:28:36,3.45,--,8,2760,买盘
196,14:28:30,3.45,--,4,1380,买盘
197,14:28:27,3.45,0.01,42,14490,买盘
198,14:28:12,3.44,--,154,52976,卖盘
199,14:28:03,3.44,-0.01,1,344,卖盘
200,14:28:00,3.45,--,42,14490,买盘
201,14:27:42,3.45,--,19,6555,买盘
202,14:27:27,3.45,--,281,96945,买盘
203,14:27:18,3.45,--,4,1380,买盘
204,14:27:12,3.45,0.01,42,14490,买盘
205,14:27:06,3.44,-0.01,20,6880,卖盘
206,14:27:03,3.45,--,10,3450,买盘
207,14:26:54,3.45,--,2,690,买盘
208,14:26:45,3.45,--,9,3105,买盘
209,14:26:33,3.45,--,4,1380,买盘
210,14:26:30,3.45,0.01,125,43125,买盘
211,14:26:27,3.44,--,1,344,卖盘
212,14:26:18,3.44,--,100,34400,卖盘
213,14:26:12,3.44,--,4,1376,卖盘
214,14:26:09,3.44,-0.01,10,3440,卖盘
215,14:25:45,3.45,--,6,2070,买盘
216,14:25:42,3.45,--,140,48300,卖盘
217,14:25:39,3.45,--,40,13800,卖盘
218,14:25:36,3.45,--,100,34500,卖盘
219,14:25:33,3.45,--,40,13800,卖盘
220,14:25:27,3.45,--,2,690,卖盘
221,14:25:21,3.45,--,100,34500,卖盘
222,14:25:18,3.45,-0.01,33,11385,卖盘
223,14:25:15,3.46,--,3,1038,买盘
224,14:25:12,3.46,0.01,8,2768,买盘
225,14:25:09,3.45,-0.01,42,14490,卖盘
226,14:25:06,3.46,--,18,6228,买盘
227,14:25:03,3.46,0.01,78,26988,买盘
228,14:25:00,3.45,-0.01,434,149730,卖盘
229,14:24:57,3.46,--,50,17300,买盘
230,14:24:54,3.46,0.01,32,11072,买盘
231,14:24:51,3.45,--,4,1380,卖盘
232,14:24:45,3.45,--,50,17250,卖盘
233,14:24:42,3.45,--,20,6900,卖盘
234,14:24:39,3.45,--,17,5865,卖盘
235,14:24:30,3.45,--,100,34500,卖盘
236,14:24:27,3.45,-0.01,5,1725,卖盘
237,14:24:24,3.46,0.01,100,34600,买盘
238,14:24:09,3.45,--,853,294602,买盘
239,14:24:03,3.45,--,21,7245,买盘
240,14:24:00,3.45,--,47,16215,买盘
241,14:23:57,3.45,--,4,1380,买盘
242,14:23:51,3.45,--,9,3105,买盘
243,14:23:48,3.45,--,23,7935,买盘
244,14:23:45,3.45,--,181,62445,买盘
245,14:23:42,3.45,--,6,2070,买盘
246,14:23:39,3.45,--,3,1035,买盘
247,14:23:36,3.45,--,13,4485,买盘
248,14:23:33,3.45,--,2,690,买盘
249,14:23:30,3.45,--,65,22425,买盘
250,14:23:27,3.45,--,87,30015,买盘
251,14:23:24,3.45,--,25,8625,买盘
252,14:23:21,3.45,--,54,18630,买盘
253,14:23:18,3.45,--,843,290835,买盘
254,14:23:06,3.45,0.01,31,10695,买盘
255,14:23:03,3.44,-0.01,1,344,卖盘
256,14:22:54,3.45,--,274,94530,买盘
257,14:22:48,3.45,0.01,250,86250,买盘
258,14:22:12,3.44,-0.01,44,15136,卖盘
259,14:22:00,3.45,--,167,57615,买盘
260,14:21:54,3.45,--,3,1035,买盘
261,14:21:48,3.45,--,100,34500,买盘
262,14:21:42,3.45,--,26,8970,买盘
263,14:21:36,3.45,0.01,20,6900,买盘
264,14:21:24,3.44,--,1105,380120,买盘
265,14:21:18,3.44,--,200,68800,买盘
266,14:21:12,3.44,--,40,13760,买盘
267,14:21:09,3.44,--,300,103200,买盘
268,14:21:06,3.44,--,23,7912,买盘
269,14:21:03,3.44,--,63,21672,买盘
270,14:21:00,3.44,--,210,72240,买盘
271,14:20:57,3.44,--,8,2752,买盘
272,14:20:54,3.44,0.01,296,101824,买盘
273,14:20:51,3.43,--,3,1029,卖盘
274,14:20:48,3.43,-0.01,7,2401,卖盘
275,14:20:45,3.44,--,326,112144,买盘
276,14:20:42,3.44,--,39,13416,买盘
277,14:20:39,3.44,--,32,11008,买盘
278,14:20:36,3.44,--,11,3784,买盘
279,14:20:33,3.44,--,2,688,买盘
280,14:20:30,3.44,--,6,2064,买盘
281,14:20:24,3.44,--,2,688,买盘
282,14:20:21,3.44,--,237,81528,买盘
283,14:20:18,3.44,0.01,9,3096,买盘
284,14:20:15,3.43,--,20,6860,卖盘
285,14:20:09,3.43,-0.01,6,2058,卖盘
286,14:20:06,3.44,--,4,1376,买盘
287,14:20:03,3.44,--,4,1376,买盘
288,14:20:00,3.44,--,2,688,买盘
289,14:19:57,3.44,--,2,688,买盘
290,14:19:54,3.44,0.01,10,3440,买盘
291,14:19:51,3.43,-0.01,8,2744,卖盘
292,14:19:48,3.44,0.01,3,1032,买盘
293,14:19:36,3.43,-0.01,10,3430,卖盘
294,14:19:27,3.44,0.01,968,332992,买盘
295,14:19:21,3.43,-0.01,26,8918,卖盘
296,14:19:18,3.44,0.01,38,13072,买盘
297,14:19:15,3.43,-0.01,100,34300,卖盘
298,14:19:09,3.44,--,74,25456,买盘
299,14:19:00,3.44,--,139,47816,买盘
300,14:18:54,3.44,--,1,344,买盘
301,14:18:51,3.44,0.01,118,40592,买盘
302,14:18:48,3.43,--,50,17150,卖盘
303,14:18:45,3.43,-0.01,100,34300,卖盘
304,14:18:39,3.44,0.01,217,74648,买盘
305,14:18:33,3.43,-0.01,10,3430,卖盘
306,14:18:30,3.44,0.01,4,1376,买盘
307,14:18:24,3.43,-0.01,413,141659,卖盘
308,14:18:18,3.44,0.01,5,1720,买盘
309,14:18:12,3.43,-0.01,3,1029,卖盘
310,14:18:09,3.44,0.01,7,2408,买盘
311,14:18:03,3.43,-0.01,1,343,卖盘
312,14:18:00,3.44,--,15,5160,买盘
313,14:17:48,3.44,--,28,9632,买盘
314,14:17:39,3.44,--,53,18232,买盘
315,14:17:30,3.44,0.01,14,4816,买盘
316,14:17:27,3.43,-0.01,67,22981,卖盘
317,14:17:24,3.44,--,1,344,买盘
318,14:17:21,3.44,--,21,7224,买盘
319,14:17:18,3.44,--,26,8944,买盘
320,14:17:09,3.44,0.01,1,344,买盘
321,14:17:06,3.43,-0.01,41,14063,卖盘
322,14:16:57,3.44,0.01,1,344,买盘
323,14:16:39,3.43,-0.01,3,1029,卖盘
324,14:16:24,3.44,--,7,2408,买盘
325,14:16:15,3.44,--,13,4472,买盘
326,14:16:03,3.44,--,25,8600,买盘
327,14:15:54,3.44,--,44,15136,买盘
328,14:15:45,3.44,--,41,14104,买盘
329,14:15:39,3.44,--,10,3440,买盘
330,14:15:36,3.44,--,49,16856,买盘
331,14:15:24,3.44,--,78,26832,买盘
332,14:15:18,3.44,--,5,1720,买盘
333,14:15:15,3.44,--,150,51600,买盘
334,14:14:36,3.44,--,1,344,买盘
335,14:14:24,3.44,--,2,688,买盘
336,14:14:15,3.44,--,2,688,买盘
337,14:14:09,3.44,--,2,688,买盘
338,14:14:06,3.44,0.01,2,688,买盘
339,14:14:03,3.43,-0.01,1,343,卖盘
340,14:13:54,3.44,--,3,1032,买盘
341,14:13:51,3.44,--,1,344,买盘
342,14:13:45,3.44,--,6,2064,买盘
343,14:13:33,3.44,--,11,3784,买盘
344,14:13:24,3.44,--,22,7568,买盘
345,14:13:15,3.44,--,32,11008,买盘
346,14:13:06,3.44,0.01,22,7568,买盘
347,14:13:00,3.43,--,40,13720,卖盘
348,14:12:54,3.43,-0.01,34,11662,卖盘
349,14:12:48,3.44,--,8,2752,买盘
350,14:12:36,3.44,0.01,16,5504,买盘
351,14:12:27,3.43,--,30,10290,卖盘
352,14:12:18,3.43,--,20,6860,卖盘
353,14:12:03,3.43,-0.01,1,343,卖盘
354,14:12:00,3.44,--,15,5160,买盘
355,14:11:54,3.44,--,20,6880,买盘
356,14:11:51,3.44,0.01,14,4816,买盘
357,14:11:42,3.43,-0.01,15,5145,卖盘
358,14:11:39,3.44,0.01,28,9632,买盘
359,14:11:30,3.43,--,53,18179,卖盘
360,14:11:21,3.43,-0.01,108,37044,卖盘
361,14:11:15,3.44,0.01,28,9632,买盘
362,14:11:12,3.43,-0.01,200,68600,卖盘
363,14:11:09,3.44,0.01,59,20296,买盘
364,14:11:06,3.43,--,15,5145,卖盘
365,14:11:00,3.43,-0.01,50,17150,卖盘
366,14:10:57,3.44,--,65,22360,买盘
367,14:10:48,3.44,--,118,40592,买盘
368,14:10:36,3.44,0.01,228,78432,买盘
369,14:10:24,3.43,--,438,150234,买盘
370,14:10:18,3.43,0.01,25,8575,买盘
371,14:10:15,3.42,-0.01,100,34200,卖盘
372,14:10:09,3.43,--,27,9261,买盘
373,14:10:06,3.43,--,21,7203,买盘
374,14:10:00,3.43,--,50,17150,买盘
375,14:09:57,3.43,--,1,343,买盘
376,14:09:48,3.43,--,3,1029,买盘
377,14:09:39,3.43,--,5,1715,买盘
378,14:09:21,3.43,--,10,3430,买盘
379,14:09:09,3.43,0.01,28,9604,买盘
380,14:09:03,3.42,-0.01,1,342,卖盘
381,14:09:00,3.43,--,26,8918,买盘
382,14:08:51,3.43,--,3,1029,买盘
383,14:08:39,3.43,--,1,343,买盘
384,14:07:51,3.43,--,20,6860,买盘
385,14:07:30,3.43,--,20,6860,买盘
386,14:06:24,3.43,0.01,100,34300,买盘
387,14:06:03,3.42,-0.01,1,342,卖盘
388,14:05:42,3.43,0.01,2,686,买盘
389,14:05:36,3.42,-0.01,44,15048,卖盘
390,14:05:33,3.43,--,50,17150,卖盘
391,14:05:15,3.43,--,600,205800,卖盘
392,14:05:03,3.43,--,50,17150,卖盘
393,14:04:51,3.43,--,10,3430,卖盘
394,14:04:45,3.43,--,20,6860,卖盘
395,14:04:42,3.43,-0.01,62,21266,卖盘
396,14:04:39,3.44,0.01,3,1032,买盘
397,14:04:24,3.43,--,16,5488,卖盘
398,14:04:21,3.43,--,62,21266,卖盘
399,14:04:15,3.43,-0.01,202,69286,卖盘
400,14:04:12,3.44,--,2,688,买盘
401,14:04:09,3.44,--,4,1376,买盘
402,14:04:06,3.44,--,1,344,买盘
403,14:04:03,3.44,--,284,97696,买盘
404,14:04:00,3.44,--,202,69488,买盘
405,14:03:54,3.44,--,54,18576,买盘
406,14:03:51,3.44,0.01,8,2752,买盘
407,14:03:48,3.43,-0.01,100,34300,卖盘
408,14:03:45,3.44,--,6,2064,买盘
409,14:03:42,3.44,--,54,18576,买盘
410,14:03:39,3.44,0.01,20,6880,买盘
411,14:03:30,3.43,-0.01,201,68943,卖盘
412,14:03:27,3.44,0.01,190,65360,买盘
413,14:03:24,3.43,-0.01,3,1029,卖盘
414,14:03:18,3.44,--,50,17200,买盘
415,14:03:03,3.44,--,431,148264,买盘
416,14:02:48,3.44,0.01,10,3440,买盘
417,14:02:36,3.43,--,456,156408,买盘
418,14:02:30,3.43,--,40,13720,买盘
419,14:02:21,3.43,--,14,4802,买盘
420,14:02:18,3.43,--,13,4459,买盘
421,14:02:15,3.43,--,99,33957,买盘
422,14:02:03,3.43,--,200,68600,买盘
423,14:01:57,3.43,--,43,14749,买盘
424,14:01:54,3.43,--,20,6860,买盘
425,14:01:48,3.43,--,800,274400,买盘
426,14:01:30,3.43,--,201,68943,买盘
427,14:01:06,3.43,--,100,34300,买盘
428,14:00:45,3.43,--,13,4459,买盘
429,14:00:21,3.43,0.01,4,1372,买盘
430,14:00:12,3.42,-0.01,118,40356,卖盘
431,14:00:09,3.43,--,14,4802,买盘
432,14:00:06,3.43,0.01,9,3087,买盘
433,14:00:03,3.42,-0.01,1,342,卖盘
434,13:59:57,3.43,--,76,26068,买盘
435,13:59:48,3.43,0.01,190,65170,买盘
436,13:59:42,3.42,--,109,37278,卖盘
437,13:59:24,3.42,--,1345,460277,买盘
438,13:59:00,3.42,--,30,10260,买盘
439,13:58:57,3.42,--,12,4104,买盘
440,13:58:51,3.42,--,2,684,买盘
441,13:58:48,3.42,--,18,6156,买盘
442,13:58:45,3.42,--,6,2052,买盘
443,13:58:42,3.42,--,200,68400,买盘
444,13:58:33,3.42,0.01,87,29754,买盘
445,13:58:06,3.41,-0.01,150,51150,卖盘
446,13:58:03,3.42,--,151,51642,买盘
447,13:57:51,3.42,--,351,120042,买盘
448,13:57:48,3.42,--,2,684,买盘
449,13:57:45,3.42,--,15,5130,买盘
450,13:57:27,3.42,0.01,12,4104,买盘
451,13:57:24,3.41,--,21,7161,卖盘
452,13:56:57,3.41,--,12,4092,卖盘
453,13:56:54,3.41,-0.01,386,131626,卖盘
454,13:56:39,3.42,0.01,190,64980,买盘
455,13:56:33,3.41,--,2,682,卖盘
456,13:56:03,3.41,-0.01,1,341,卖盘
457,13:56:00,3.42,--,6,2052,买盘
458,13:55:51,3.42,0.01,153,52326,买盘
459,13:55:42,3.41,0.01,699,238359,买盘
460,13:55:39,3.4,-0.01,1365,464100,卖盘
461,13:55:21,3.41,--,20,6820,买盘
462,13:54:48,3.41,0.01,1103,376123,买盘
463,13:53:57,3.4,--,80,27200,卖盘
464,13:53:51,3.4,--,79,26860,买盘
465,13:53:48,3.4,--,2,680,买盘
466,13:53:42,3.4,--,20,6800,买盘
467,13:53:33,3.4,--,103,35020,买盘
468,13:53:30,3.4,--,2,680,买盘
469,13:53:12,3.4,0.01,3,1020,买盘
470,13:53:03,3.39,-0.01,1,339,卖盘
471,13:52:57,3.4,--,1,340,买盘
472,13:52:45,3.4,--,4,1360,买盘
473,13:52:42,3.4,--,1,340,买盘
474,13:52:33,3.4,--,1,340,买盘
475,13:52:27,3.4,0.01,4,1360,买盘
476,13:52:24,3.39,--,20,6780,卖盘
477,13:51:57,3.39,--,2,678,卖盘
478,13:51:27,3.39,-0.01,25,8475,卖盘
479,13:51:18,3.4,--,23,7820,买盘
480,13:51:12,3.4,0.01,200,68000,买盘
481,13:51:06,3.39,--,1,339,卖盘
482,13:50:36,3.39,--,3,1017,卖盘
483,13:50:18,3.39,--,22,7458,卖盘
484,13:50:15,3.39,--,450,152550,卖盘
485,13:50:03,3.39,--,1,339,卖盘
486,13:49:48,3.39,--,20,6780,卖盘
487,13:49:09,3.39,--,20,6780,卖盘
488,13:48:48,3.39,-0.01,2,678,卖盘
489,13:48:39,3.4,--,1,340,买盘
490,13:48:36,3.4,--,8,2720,买盘
491,13:48:33,3.4,--,2,680,卖盘
492,13:47:42,3.4,--,50,17000,卖盘
493,13:47:30,3.4,--,4,1360,卖盘
494,13:47:00,3.4,--,50,17000,卖盘
495,13:46:57,3.4,--,10,3400,卖盘
496,13:46:42,3.4,-0.01,1000,340000,卖盘
497,13:46:18,3.41,0.01,58,19778,买盘
498,13:46:03,3.4,-0.01,1,340,卖盘
499,13:45:48,3.41,-0.01,200,68200,中性盘
500,13:45:39,3.42,0.02,2,684,买盘
501,13:45:21,3.4,-0.01,72,24745,卖盘
502,13:45:15,3.41,--,1497,510477,买盘
503,13:44:48,3.41,0.01,20,6820,买盘
504,13:44:15,3.4,-0.01,119,40460,卖盘
505,13:43:45,3.41,--,2,682,买盘
506,13:43:42,3.41,0.01,2,682,买盘
507,13:43:03,3.4,-0.01,1,340,卖盘
508,13:42:36,3.41,0.01,160,54560,买盘
509,13:42:09,3.4,--,23,7820,买盘
510,13:42:00,3.4,--,243,82620,卖盘
511,13:41:42,3.4,-0.01,37,12580,卖盘
512,13:41:24,3.41,0.01,7,2387,买盘
513,13:41:09,3.4,--,36,12240,卖盘
514,13:40:51,3.4,-0.01,81,27540,卖盘
515,13:40:48,3.41,0.01,1,341,买盘
516,13:40:42,3.4,--,18,6120,卖盘
517,13:40:39,3.4,-0.01,1,340,卖盘
518,13:40:33,3.41,0.01,2,682,买盘
519,13:40:24,3.4,--,1,340,卖盘
520,13:40:18,3.4,--,300,102000,卖盘
521,13:40:15,3.4,--,1,340,卖盘
522,13:40:12,3.4,--,296,100640,卖盘
523,13:40:03,3.4,--,1,340,卖盘
524,13:39:48,3.4,--,24,8160,卖盘
525,13:39:18,3.4,--,1,340,卖盘
526,13:39:09,3.4,--,250,85000,卖盘
527,13:38:42,3.4,-0.01,10,3400,卖盘
528,13:38:21,3.41,--,2,682,买盘
529,13:37:48,3.41,--,10,3410,买盘
530,13:37:45,3.41,0.01,20,6820,买盘
531,13:37:33,3.4,--,214,72760,卖盘
532,13:37:24,3.4,--,42,14280,买盘
533,13:37:03,3.4,--,17,5780,买盘
534,13:36:33,3.4,--,39,13260,卖盘
535,13:36:30,3.4,--,286,97240,买盘
536,13:36:27,3.4,--,1,340,买盘
537,13:36:18,3.4,--,47,15980,卖盘
538,13:36:09,3.4,--,313,106420,卖盘
539,13:36:03,3.4,--,1,340,卖盘
540,13:35:57,3.4,--,2037,692580,买盘
541,13:35:42,3.4,--,1,340,买盘
542,13:35:24,3.4,0.01,68,23120,买盘
543,13:35:12,3.39,--,82,27798,卖盘
544,13:34:54,3.39,--,100,33900,卖盘
545,13:34:12,3.39,--,463,156957,买盘
546,13:34:09,3.39,--,54,18306,买盘
547,13:34:03,3.39,--,111,37629,买盘
548,13:34:00,3.39,--,30,10170,买盘
549,13:33:57,3.39,--,36,12204,买盘
550,13:33:54,3.39,--,81,27459,买盘
551,13:33:51,3.39,--,17,5763,买盘
552,13:33:39,3.39,--,92,31188,买盘
553,13:33:36,3.39,--,110,37290,买盘
554,13:33:24,3.39,--,20,6780,买盘
555,13:33:12,3.39,--,1,339,买盘
556,13:32:39,3.39,0.01,10,3390,买盘
557,13:32:30,3.38,--,2,676,卖盘
558,13:32:24,3.38,--,1,338,卖盘
559,13:32:21,3.38,--,13,4394,卖盘
560,13:32:15,3.38,--,22,7436,卖盘
561,13:32:00,3.38,--,58,19604,卖盘
562,13:31:27,3.38,--,3,1014,卖盘
563,13:31:03,3.38,--,1,338,卖盘
564,13:29:39,3.38,--,3,1014,卖盘
565,13:29:24,3.38,--,94,31772,卖盘
566,13:29:21,3.38,--,50,16900,卖盘
567,13:28:12,3.38,--,74,25012,卖盘
568,13:27:12,3.38,--,52,17576,卖盘
569,13:27:03,3.38,-0.01,1,338,卖盘
570,13:26:42,3.39,0.01,1,339,买盘
571,13:26:27,3.38,--,3,1014,卖盘
572,13:26:12,3.38,--,1,338,卖盘
573,13:26:00,3.38,--,20,6760,卖盘
574,13:25:54,3.38,--,102,34476,卖盘
575,13:25:36,3.38,-0.01,387,130806,卖盘
576,13:25:06,3.39,--,5,1695,买盘
577,13:24:51,3.39,--,100,33900,买盘
578,13:24:18,3.39,--,32,10848,买盘
579,13:24:06,3.39,0.01,2,678,买盘
580,13:24:00,3.38,--,2,676,卖盘
581,13:23:12,3.38,--,10,3380,卖盘
582,13:23:03,3.38,-0.01,1,338,卖盘
583,13:23:00,3.39,0.01,1,339,买盘
584,13:22:42,3.38,--,8,2704,卖盘
585,13:22:06,3.38,--,9,3042,卖盘
586,13:22:03,3.38,--,44,14872,卖盘
587,13:21:54,3.38,-0.01,20,6760,卖盘
588,13:20:51,3.39,--,10,3390,买盘
589,13:20:45,3.39,0.01,5,1695,买盘
590,13:20:33,3.38,-0.01,11,3718,卖盘
591,13:20:21,3.39,--,13,4407,买盘
592,13:20:06,3.39,--,6,2034,买盘
593,13:20:03,3.39,0.01,30,10170,买盘
594,13:19:30,3.38,-0.01,18,6084,卖盘
595,13:19:12,3.39,--,20,6780,买盘
596,13:18:45,3.39,--,100,33900,买盘
597,13:18:42,3.39,0.01,5,1695,买盘
598,13:18:03,3.38,--,21,7098,卖盘
599,13:17:48,3.38,-0.01,15,5070,卖盘
600,13:17:36,3.39,--,400,135600,买盘
601,13:16:57,3.39,--,1,339,买盘
602,13:15:51,3.39,--,5,1695,买盘
603,13:15:27,3.39,--,3,1017,买盘
604,13:14:48,3.39,--,2,678,买盘
605,13:13:54,3.39,0.01,50,16950,买盘
606,13:13:51,3.38,-0.01,470,158860,卖盘
607,13:13:39,3.39,--,6,2034,买盘
608,13:13:21,3.39,0.01,30,10170,买盘
609,13:13:18,3.38,-0.01,20,6760,卖盘
610,13:13:12,3.39,0.01,9,3051,买盘
611,13:13:03,3.38,-0.01,1,338,卖盘
612,13:12:39,3.39,--,3,1017,买盘
613,13:12:27,3.39,--,20,6780,买盘
614,13:12:03,3.39,0.01,10,3390,买盘
615,13:11:48,3.38,-0.01,103,34814,卖盘
616,13:11:42,3.39,--,40,13560,买盘
617,13:11:33,3.39,--,110,37290,买盘
618,13:11:24,3.39,--,20,6780,买盘
619,13:11:12,3.39,--,20,6780,买盘
620,13:10:54,3.39,0.01,10,3390,买盘
621,13:09:39,3.38,-0.01,200,67600,卖盘
622,13:09:30,3.39,0.01,3,1017,买盘
623,13:09:12,3.38,-0.01,100,33800,卖盘
624,13:09:09,3.39,0.01,3,1017,买盘
625,13:09:06,3.38,--,5,1690,卖盘
626,13:08:15,3.38,--,290,98020,卖盘
627,13:08:12,3.38,0.01,54,18252,买盘
628,13:08:03,3.37,-0.01,1,337,卖盘
629,13:07:48,3.38,0.01,10,3380,买盘
630,13:07:39,3.37,--,12,4044,卖盘
631,13:07:33,3.37,-0.01,5,1685,卖盘
632,13:07:24,3.38,--,2,676,卖盘
633,13:07:18,3.38,--,44,14872,买盘
634,13:05:54,3.38,--,1,338,买盘
635,13:05:30,3.38,--,100,33800,买盘
636,13:05:12,3.38,--,100,33800,买盘
637,13:05:09,3.38,--,2,676,买盘
638,13:04:57,3.38,--,458,154804,卖盘
639,13:04:27,3.38,--,4,1352,卖盘
640,13:04:18,3.38,--,10,3380,卖盘
641,13:04:15,3.38,--,3,1014,卖盘
642,13:03:09,3.38,--,40,13520,卖盘
643,13:03:03,3.38,--,1,338,卖盘
644,13:02:39,3.38,--,20,6760,卖盘
645,13:02:27,3.38,--,130,43940,卖盘
646,13:00:06,3.38,--,254,85852,买盘
647,13:00:03,3.38,-0.01,470,158860,卖盘
648,13:00:00,3.39,--,0,0,买盘
649,11:30:00,3.39,--,0,0,买盘
650,11:29:15,3.39,--,10,3390,买盘
651,11:29:12,3.39,--,35,11865,买盘
652,11:29:00,3.39,0.01,10,3390,买盘
653,11:28:57,3.38,--,183,61854,卖盘
654,11:28:27,3.38,-0.01,50,16900,卖盘
655,11:28:18,3.39,--,2,678,买盘
656,11:27:12,3.39,0.01,2,678,买盘
657,11:27:06,3.38,--,200,67600,卖盘
658,11:27:03,3.38,-0.01,1,338,卖盘
659,11:26:39,3.39,0.01,3,1017,买盘
660,11:26:36,3.38,--,300,101400,卖盘
661,11:26:03,3.38,--,56,18928,卖盘
662,11:25:36,3.38,--,36,12168,买盘
663,11:25:33,3.38,--,1,338,买盘
664,11:25:30,3.38,--,19,6422,买盘
665,11:25:15,3.38,--,40,13520,买盘
666,11:25:12,3.38,--,161,54418,卖盘
667,11:25:00,3.38,--,37,12506,卖盘
668,11:24:24,3.38,--,5,1690,卖盘
669,11:24:21,3.38,--,13,4394,卖盘
670,11:24:18,3.38,--,58,19604,卖盘
671,11:24:06,3.38,--,9,3042,卖盘
672,11:24:03,3.38,--,1,338,卖盘
673,11:23:45,3.38,--,12,4056,卖盘
674,11:23:42,3.38,--,32,10816,卖盘
675,11:23:39,3.38,--,9,3042,卖盘
676,11:22:54,3.38,--,753,254514,卖盘
677,11:22:09,3.38,--,3,1014,卖盘
678,11:22:03,3.38,--,300,101400,卖盘
679,11:21:39,3.38,-0.01,9,3042,卖盘
680,11:20:45,3.39,--,10,3390,买盘
681,11:20:18,3.39,0.01,1,339,买盘
682,11:20:03,3.38,--,1,338,卖盘
683,11:19:42,3.38,--,6,2028,卖盘
684,11:18:24,3.38,--,3,1014,卖盘
685,11:18:18,3.38,--,3,1014,卖盘
686,11:17:57,3.38,-0.01,3,1014,卖盘
687,11:17:54,3.39,--,154,52206,卖盘
688,11:17:51,3.39,--,2,678,卖盘
689,11:17:30,3.39,--,2,678,卖盘
690,11:17:03,3.39,--,1,339,卖盘
691,11:16:45,3.39,0.01,18,6102,买盘
692,11:16:42,3.38,-0.01,1,338,卖盘
693,11:16:36,3.39,--,75,25425,买盘
694,11:15:45,3.39,--,100,33900,买盘
695,11:15:21,3.39,--,100,33900,买盘
696,11:14:48,3.39,--,8,2712,买盘
697,11:14:15,3.39,0.01,10,3390,买盘
698,11:14:03,3.38,-0.01,1,338,卖盘
699,11:13:57,3.39,--,33,11187,买盘
700,11:13:21,3.39,--,10,3390,买盘
701,11:12:57,3.39,--,4,1356,买盘
702,11:12:42,3.39,--,36,12204,买盘
703,11:12:33,3.39,0.01,58,19662,中性盘
704,11:11:48,3.38,-0.01,30,10140,卖盘
705,11:11:33,3.39,0.01,72,24408,买盘
706,11:11:03,3.38,--,1,338,卖盘
707,11:10:57,3.38,-0.01,16,5408,卖盘
708,11:09:36,3.39,--,20,6780,买盘
709,11:09:18,3.39,0.01,20,6780,买盘
710,11:09:12,3.38,-0.01,5,1690,卖盘
711,11:08:51,3.39,--,10,3390,买盘
712,11:08:21,3.39,--,1,339,买盘
713,11:08:18,3.39,--,98,33222,买盘
714,11:07:51,3.39,--,34,11526,卖盘
715,11:07:45,3.39,--,3,1017,卖盘
716,11:07:36,3.39,0.01,1,339,卖盘
717,11:07:03,3.38,-0.01,1,338,卖盘
718,11:06:48,3.39,-0.01,1,339,中性盘
719,11:06:27,3.4,0.01,20,6800,买盘
720,11:06:21,3.39,-0.01,615,208681,卖盘
721,11:05:51,3.4,0.01,10,3400,买盘
722,11:05:45,3.39,--,1,339,卖盘
723,11:05:27,3.39,0.01,448,152014,买盘
724,11:05:24,3.38,--,40,13520,卖盘
725,11:05:09,3.38,-0.01,300,101400,卖盘
726,11:05:06,3.39,--,17,5763,买盘
727,11:05:03,3.39,--,10,3390,买盘
728,11:04:48,3.39,--,4,1356,买盘
729,11:04:30,3.39,--,2,678,买盘
730,11:04:27,3.39,--,1,339,买盘
731,11:04:24,3.39,--,3,1017,买盘
732,11:04:15,3.39,--,17,5763,买盘
733,11:04:09,3.39,0.01,2,678,买盘
734,11:04:03,3.38,-0.01,1,338,卖盘
735,11:03:54,3.39,--,6,2034,买盘
736,11:03:48,3.39,0.01,3,1017,买盘
737,11:03:45,3.38,--,38,13148,买盘
738,11:03:42,3.38,--,2,676,买盘
739,11:03:27,3.38,--,1,338,买盘
740,11:03:18,3.38,--,2,676,买盘
741,11:03:15,3.38,--,259,87542,卖盘
742,11:03:06,3.38,--,13,4394,卖盘
743,11:02:45,3.38,--,50,16900,卖盘
744,11:02:42,3.38,--,190,64220,买盘
745,11:02:39,3.38,-0.01,30,10140,中性盘
746,11:01:54,3.39,0.01,700,237300,买盘
747,11:01:48,3.38,--,648,219220,卖盘
748,11:01:45,3.38,--,200,67600,卖盘
749,11:01:33,3.38,--,22,7436,卖盘
750,11:01:30,3.38,--,22,7436,卖盘
751,11:01:27,3.38,--,9,3042,卖盘
752,11:01:06,3.38,--,5,1690,卖盘
753,11:01:03,3.38,--,1,338,卖盘
754,11:00:36,3.38,--,252,85176,卖盘
755,11:00:30,3.38,-0.01,200,67600,卖盘
756,10:59:57,3.39,0.01,1000,339000,买盘
757,10:59:54,3.38,--,30,10140,卖盘
758,10:59:36,3.38,--,764,258373,买盘
759,10:59:24,3.38,0.01,40,13520,买盘
760,10:59:12,3.37,-0.01,50,16850,卖盘
761,10:59:09,3.38,--,3,1014,买盘
762,10:59:06,3.38,0.01,110,37180,买盘
763,10:59:03,3.37,-0.01,21,7077,卖盘
764,10:58:48,3.38,--,4,1352,买盘
765,10:58:00,3.38,--,124,42243,卖盘
766,10:57:54,3.38,--,50,16900,卖盘
767,10:57:15,3.38,--,113,38200,买盘
768,10:57:12,3.38,--,24,8112,买盘
769,10:57:06,3.38,--,651,220038,买盘
770,10:57:03,3.38,--,59,19942,买盘
771,10:56:57,3.38,--,72,24336,买盘
772,10:56:51,3.38,--,11,3718,买盘
773,10:56:42,3.38,--,24,8112,买盘
774,10:56:39,3.38,--,10,3380,买盘
775,10:56:33,3.38,0.01,41,13858,买盘
776,10:56:30,3.37,-0.01,1,337,卖盘
777,10:56:18,3.38,--,100,33800,买盘
778,10:56:15,3.38,0.01,189,63882,买盘
779,10:56:12,3.37,--,360,121320,卖盘
780,10:56:03,3.37,-0.01,105,35385,卖盘
781,10:55:57,3.38,--,1,338,买盘
782,10:55:45,3.38,--,5,1690,买盘
783,10:55:42,3.38,0.01,20,6760,买盘
784,10:55:39,3.37,-0.01,35,11795,卖盘
785,10:55:36,3.38,--,1,338,买盘
786,10:55:30,3.38,--,10,3380,买盘
787,10:55:27,3.38,0.01,13,4394,买盘
788,10:55:24,3.37,-0.01,9,3033,卖盘
789,10:55:21,3.38,0.01,1,338,买盘
790,10:55:18,3.37,-0.01,2,674,卖盘
791,10:55:00,3.38,--,1,338,买盘
792,10:54:48,3.38,0.01,84,28392,买盘
793,10:54:42,3.37,-0.01,60,20220,卖盘
794,10:54:36,3.38,--,1,338,买盘
795,10:54:33,3.38,--,192,64896,买盘
796,10:54:30,3.38,--,113,38194,买盘
797,10:54:27,3.38,--,29,9802,买盘
798,10:54:21,3.38,--,2,676,买盘
799,10:54:18,3.38,--,60,20280,买盘
800,10:54:15,3.38,--,2,676,买盘
801,10:54:12,3.38,0.01,2,676,买盘
802,10:54:09,3.37,--,29,9773,卖盘
803,10:54:06,3.37,--,16,5392,卖盘
804,10:54:03,3.37,-0.01,10,3370,卖盘
805,10:54:00,3.38,0.01,6,2028,买盘
806,10:53:51,3.37,--,6,2022,卖盘
807,10:53:48,3.37,--,100,33700,卖盘
808,10:53:45,3.37,--,10,3370,卖盘
809,10:53:21,3.37,-0.01,45,15165,卖盘
810,10:53:15,3.38,0.01,1,338,买盘
811,10:53:09,3.37,--,3,1011,卖盘
812,10:53:06,3.37,--,82,27634,卖盘
813,10:53:03,3.37,--,4,1348,卖盘
814,10:52:57,3.37,--,60,20220,卖盘
815,10:52:54,3.37,--,100,33700,卖盘
816,10:52:51,3.37,--,299,100763,卖盘
817,10:52:48,3.37,--,21,7077,卖盘
818,10:52:45,3.37,--,52,17524,卖盘
819,10:52:42,3.37,--,108,36396,卖盘
820,10:52:33,3.37,--,143,48191,卖盘
821,10:52:30,3.37,--,77,25949,卖盘
822,10:52:24,3.37,--,10,3370,卖盘
823,10:52:18,3.37,--,85,28645,卖盘
824,10:52:15,3.37,--,37,12469,卖盘
825,10:52:09,3.37,--,282,95034,卖盘
826,10:52:06,3.37,--,91,30667,卖盘
827,10:52:03,3.37,--,101,34037,卖盘
828,10:51:57,3.37,-0.01,124,41788,卖盘
829,10:51:39,3.38,--,100,33800,买盘
830,10:51:33,3.38,--,3,1014,买盘
831,10:51:27,3.38,--,1466,495508,卖盘
832,10:51:21,3.38,--,200,67600,卖盘
833,10:51:18,3.38,--,80,27040,卖盘
834,10:51:09,3.38,--,81,27378,卖盘
835,10:51:06,3.38,--,20,6760,卖盘
836,10:50:57,3.38,--,50,16900,卖盘
837,10:50:54,3.38,--,3,1014,卖盘
838,10:50:45,3.38,-0.01,952,321776,卖盘
839,10:50:39,3.39,--,1,339,买盘
840,10:49:30,3.39,0.01,26,8814,买盘
841,10:49:03,3.38,--,11,3718,卖盘
842,10:49:00,3.38,--,15,5070,卖盘
843,10:48:57,3.38,-0.01,1,338,卖盘
844,10:48:54,3.39,--,5,1695,买盘
845,10:48:51,3.39,0.01,18,6102,买盘
846,10:48:48,3.38,--,12,4056,卖盘
847,10:48:39,3.38,--,22,7436,卖盘
848,10:48:30,3.38,--,940,317720,卖盘
849,10:48:12,3.38,-0.01,1,338,卖盘
850,10:47:39,3.39,0.01,11,3729,买盘
851,10:47:36,3.38,-0.01,5,1690,卖盘
852,10:47:33,3.39,--,20,6780,买盘
853,10:47:27,3.39,0.01,26,8814,买盘
854,10:47:18,3.38,-0.01,493,166634,卖盘
855,10:47:15,3.39,0.01,1,339,买盘
856,10:47:12,3.38,-0.01,100,33800,卖盘
857,10:46:48,3.39,--,5,1695,买盘
858,10:46:30,3.39,0.01,1,339,买盘
859,10:46:18,3.38,--,201,67938,卖盘
860,10:46:03,3.38,--,9,3042,卖盘
861,10:46:00,3.38,-0.01,8,2704,卖盘
862,10:45:57,3.39,--,4,1356,买盘
863,10:45:48,3.39,0.01,30,10170,买盘
864,10:45:39,3.38,--,100,33800,卖盘
865,10:44:15,3.38,-0.01,647,218686,卖盘
866,10:44:06,3.39,0.01,5,1695,买盘
867,10:43:54,3.38,--,14,4732,卖盘
868,10:43:30,3.38,-0.01,36,12168,卖盘
869,10:43:27,3.39,0.01,11,3729,买盘
870,10:43:18,3.38,--,40,13520,卖盘
871,10:43:03,3.38,-0.01,1,338,卖盘
872,10:42:51,3.39,--,11,3729,卖盘
873,10:42:36,3.39,--,7,2373,卖盘
874,10:42:21,3.39,--,814,275946,卖盘
875,10:42:18,3.39,--,7,2373,卖盘
876,10:42:15,3.39,-0.01,10,3390,卖盘
877,10:41:54,3.4,--,3,1020,买盘
878,10:41:36,3.4,--,39,13260,买盘
879,10:41:00,3.4,--,9,3060,买盘
880,10:40:42,3.4,0.01,6,2040,买盘
881,10:40:15,3.39,--,11,3729,卖盘
882,10:40:03,3.39,--,1,339,卖盘
883,10:40:00,3.39,--,93,31527,买盘
884,10:39:57,3.39,--,1,339,买盘
885,10:39:54,3.39,--,6,2034,卖盘
886,10:39:45,3.39,--,4,1356,买盘
887,10:39:42,3.39,--,8,2712,买盘
888,10:39:36,3.39,--,29,9831,买盘
889,10:39:27,3.39,--,3,1017,买盘
890,10:39:24,3.39,--,16,5424,买盘
891,10:39:00,3.39,--,6,2034,卖盘
892,10:38:39,3.39,--,1,372,买盘
893,10:38:36,3.39,--,998,338627,卖盘
894,10:38:30,3.39,-0.01,12,4068,卖盘
895,10:37:15,3.4,0.01,16,5440,买盘
896,10:37:03,3.39,--,1,339,卖盘
897,10:36:24,3.39,-0.01,30,10170,卖盘
898,10:35:57,3.4,--,7,2380,买盘
899,10:35:39,3.4,0.01,2,680,买盘
900,10:35:15,3.39,--,21,7152,买盘
901,10:35:12,3.39,0.01,62,21018,买盘
902,10:35:09,3.38,-0.01,30,10140,卖盘
903,10:35:06,3.39,0.01,30,10170,买盘
904,10:35:03,3.38,-0.01,1,338,卖盘
905,10:34:57,3.39,--,23,7797,买盘
906,10:34:54,3.39,--,160,54240,买盘
907,10:34:48,3.39,--,7,2373,买盘
908,10:34:45,3.39,--,10,3390,买盘
909,10:34:36,3.39,--,165,55935,买盘
910,10:34:33,3.39,--,200,67800,买盘
911,10:34:30,3.39,--,5,1695,买盘
912,10:34:27,3.39,--,115,38985,买盘
913,10:34:24,3.39,--,40,13560,买盘
914,10:34:18,3.39,--,7,2373,买盘
915,10:34:09,3.39,--,1,339,买盘
916,10:34:00,3.39,--,10,3390,买盘
917,10:33:48,3.39,--,10,3390,买盘
918,10:33:45,3.39,--,30,10170,买盘
919,10:33:42,3.39,--,150,50850,买盘
920,10:33:24,3.39,--,56,18984,买盘
921,10:33:09,3.39,0.01,11,3729,买盘
922,10:32:33,3.38,--,15,5070,卖盘
923,10:32:30,3.38,-0.01,15,5070,卖盘
924,10:32:27,3.39,0.01,37,12543,买盘
925,10:32:21,3.38,-0.01,46,15548,卖盘
926,10:32:06,3.39,0.01,34,11526,买盘
927,10:32:03,3.38,-0.01,1,338,卖盘
928,10:32:00,3.39,--,100,33900,买盘
929,10:31:48,3.39,0.01,50,16950,买盘
930,10:31:39,3.38,-0.01,36,12168,卖盘
931,10:31:33,3.39,0.01,77,26103,买盘
932,10:31:30,3.38,--,47,15886,卖盘
933,10:31:27,3.38,-0.01,63,21294,卖盘
934,10:31:24,3.39,0.01,20,6780,买盘
935,10:31:18,3.38,-0.01,110,37180,卖盘
936,10:31:00,3.39,--,1,339,买盘
937,10:30:51,3.39,--,20,6780,买盘
938,10:30:42,3.39,0.01,4,1356,买盘
939,10:30:39,3.38,--,100,33800,卖盘
940,10:30:06,3.38,-0.01,30,10140,卖盘
941,10:29:30,3.39,--,24,8136,买盘
942,10:29:24,3.39,--,2,678,买盘
943,10:29:21,3.39,--,6,2034,买盘
944,10:29:15,3.39,--,2,678,买盘
945,10:29:12,3.39,0.01,11,3729,买盘
946,10:29:09,3.38,--,8,2704,卖盘
947,10:29:03,3.38,-0.01,1,338,卖盘
948,10:28:48,3.39,0.01,3,1017,买盘
949,10:28:42,3.38,--,32,10816,卖盘
950,10:28:33,3.38,--,70,23660,卖盘
951,10:28:24,3.38,-0.01,35,11830,卖盘
952,10:28:00,3.39,--,100,33900,买盘
953,10:27:57,3.39,--,110,37290,买盘
954,10:27:45,3.39,--,4,1356,买盘
955,10:27:30,3.39,--,10,3390,买盘
956,10:27:12,3.39,--,30,10170,买盘
957,10:27:06,3.39,--,70,23730,买盘
958,10:26:57,3.39,0.01,40,13560,买盘
959,10:26:33,3.38,--,16,5408,卖盘
960,10:26:24,3.38,--,50,16900,卖盘
961,10:26:03,3.38,--,4,1352,卖盘
962,10:25:51,3.38,--,6,2028,买盘
963,10:25:48,3.38,--,6,2028,买盘
964,10:25:42,3.38,--,57,19266,买盘
965,10:25:39,3.38,0.01,60,20280,买盘
966,10:25:36,3.37,-0.01,38,12806,卖盘
967,10:25:33,3.38,--,2,676,买盘
968,10:25:24,3.38,--,1,338,买盘
969,10:25:18,3.38,--,21,7098,买盘
970,10:25:09,3.38,-0.01,2127,718926,卖盘
971,10:24:51,3.39,--,30,10170,买盘
972,10:24:33,3.39,--,30,10170,买盘
973,10:24:24,3.39,--,1,339,买盘
974,10:24:06,3.39,--,3,1017,买盘
975,10:23:54,3.39,0.01,20,6780,买盘
976,10:23:21,3.38,--,141,47658,卖盘
977,10:23:15,3.38,--,362,122356,卖盘
978,10:23:12,3.38,-0.01,14,4732,卖盘
979,10:23:06,3.39,0.01,100,33900,买盘
980,10:23:03,3.38,--,48,16224,卖盘
981,10:22:45,3.38,-0.01,2,676,卖盘
982,10:22:39,3.39,0.02,6,2034,买盘
983,10:22:30,3.37,-0.01,260,87620,卖盘
984,10:22:24,3.38,--,201,67938,买盘
985,10:22:21,3.38,--,112,37856,买盘
986,10:22:18,3.38,--,14,4732,买盘
987,10:22:15,3.38,--,20,6760,买盘
988,10:22:12,3.38,--,10,3380,买盘
989,10:22:09,3.38,0.01,7,2366,买盘
990,10:22:00,3.37,-0.01,3,1011,卖盘
991,10:21:57,3.38,0.01,1,338,买盘
992,10:21:36,3.37,-0.01,315,106155,卖盘
993,10:21:30,3.38,0.01,1,338,买盘
994,10:21:21,3.37,--,91,30667,卖盘
995,10:21:18,3.37,--,29,9773,卖盘
996,10:21:15,3.37,-0.01,44,14828,卖盘
997,10:21:12,3.38,0.01,30,10140,买盘
998,10:21:09,3.37,--,17,5729,卖盘
999,10:21:06,3.37,-0.01,680,229160,卖盘
1000,10:21:03,3.38,--,502,169676,买盘
1001,10:20:57,3.38,--,20,6760,买盘
1002,10:20:51,3.38,--,59,19942,买盘
1003,10:20:45,3.38,-0.01,1115,376870,卖盘
1004,10:20:42,3.39,0.01,5,1695,买盘
1005,10:20:39,3.38,--,419,141622,卖盘
1006,10:20:27,3.38,--,25,8450,卖盘
1007,10:20:24,3.38,--,334,112892,卖盘
1008,10:20:21,3.38,-0.01,190,64220,卖盘
1009,10:20:15,3.39,--,16,5424,买盘
1010,10:20:09,3.39,--,4,1356,买盘
1011,10:20:06,3.39,0.01,90,30510,买盘
1012,10:20:03,3.38,--,29,9802,卖盘
1013,10:19:54,3.38,-0.01,10,3380,卖盘
1014,10:19:51,3.39,0.01,5,1695,买盘
1015,10:19:48,3.38,--,40,13520,卖盘
1016,10:19:45,3.38,--,10,3380,卖盘
1017,10:19:36,3.38,--,189,63882,卖盘
1018,10:19:30,3.38,--,3,1014,卖盘
1019,10:19:24,3.38,--,20,6760,卖盘
1020,10:19:12,3.38,--,307,103766,卖盘
1021,10:19:09,3.38,-0.01,60,20280,卖盘
1022,10:19:00,3.39,0.01,5,1695,买盘
1023,10:18:57,3.38,--,90,30420,卖盘
1024,10:18:51,3.38,--,3,1014,卖盘
1025,10:18:48,3.38,-0.01,180,60840,卖盘
1026,10:18:45,3.39,0.01,34,11526,买盘
1027,10:18:42,3.38,-0.01,20,6760,卖盘
1028,10:18:30,3.39,--,19,6441,买盘
1029,10:18:09,3.39,--,4,1356,买盘
1030,10:18:06,3.39,--,118,40002,卖盘
1031,10:18:03,3.39,--,506,171534,卖盘
1032,10:18:00,3.39,--,693,234927,卖盘
1033,10:17:54,3.39,-0.01,20,6780,卖盘
1034,10:17:48,3.4,0.01,10,3400,买盘
1035,10:17:33,3.39,--,6,2034,卖盘
1036,10:17:27,3.39,--,381,129159,卖盘
1037,10:17:09,3.39,-0.01,22,7458,卖盘
1038,10:17:06,3.4,0.01,15,5100,买盘
1039,10:17:03,3.39,--,10,3390,卖盘
1040,10:16:54,3.39,-0.01,222,75258,卖盘
1041,10:16:51,3.4,--,10,3400,买盘
1042,10:16:27,3.4,0.01,35,11900,买盘
1043,10:16:21,3.39,--,100,33900,卖盘
1044,10:16:18,3.39,--,30,10170,卖盘
1045,10:16:15,3.39,-0.01,1,339,卖盘
1046,10:16:12,3.4,0.01,50,17000,买盘
1047,10:16:09,3.39,-0.01,188,63732,卖盘
1048,10:16:00,3.4,--,17,5780,买盘
1049,10:15:51,3.4,0.01,62,21080,买盘
1050,10:15:45,3.39,-0.01,100,33900,卖盘
1051,10:15:36,3.4,--,54,18360,买盘
1052,10:15:21,3.4,--,2,680,买盘
1053,10:15:18,3.4,0.01,540,183600,买盘
1054,10:15:03,3.39,-0.01,1,339,卖盘
1055,10:14:54,3.4,--,11,3740,买盘
1056,10:14:51,3.4,--,323,109820,卖盘
1057,10:14:42,3.4,--,187,63580,买盘
1058,10:14:39,3.4,0.01,320,108800,买盘
1059,10:14:27,3.39,-0.01,164,55596,卖盘
1060,10:14:15,3.4,0.01,218,74120,买盘
1061,10:14:06,3.39,-0.01,103,34917,卖盘
1062,10:14:00,3.4,--,100,34000,买盘
1063,10:13:57,3.4,--,25,8500,买盘
1064,10:13:48,3.4,--,362,123080,买盘
1065,10:13:45,3.4,--,266,90440,买盘
1066,10:13:42,3.4,--,564,191760,卖盘
1067,10:13:27,3.4,--,77,26180,买盘
1068,10:13:21,3.4,--,1,340,买盘
1069,10:13:18,3.4,--,4,1360,买盘
1070,10:13:15,3.4,--,5,1700,买盘
1071,10:13:12,3.4,-0.01,1916,651440,卖盘
1072,10:13:09,3.41,--,15,5115,买盘
1073,10:13:03,3.41,0.01,400,136400,买盘
1074,10:13:00,3.4,-0.01,20,6800,卖盘
1075,10:12:57,3.41,--,38,12958,买盘
1076,10:12:54,3.41,--,5,1705,买盘
1077,10:12:48,3.41,--,4,1364,买盘
1078,10:12:45,3.41,--,19,6479,买盘
1079,10:12:39,3.41,--,10,3410,买盘
1080,10:12:21,3.41,--,10,3410,买盘
1081,10:12:18,3.41,--,2,682,买盘
1082,10:12:12,3.41,--,2,682,买盘
1083,10:12:09,3.41,0.01,19,6479,买盘
1084,10:12:03,3.4,--,1,340,卖盘
1085,10:12:00,3.4,-0.01,6,2040,卖盘
1086,10:11:57,3.41,--,36,12276,买盘
1087,10:11:51,3.41,--,8,2728,买盘
1088,10:11:45,3.41,--,65,22165,买盘
1089,10:11:39,3.41,--,2,682,买盘
1090,10:11:33,3.41,--,5,1705,买盘
1091,10:11:30,3.41,--,20,6820,买盘
1092,10:11:27,3.41,0.01,11,3751,买盘
1093,10:11:15,3.4,-0.01,4,1360,卖盘
1094,10:11:12,3.41,0.01,30,10230,买盘
1095,10:11:09,3.4,-0.01,203,69020,卖盘
1096,10:11:06,3.41,--,30,10230,买盘
1097,10:11:03,3.41,0.01,3,1023,买盘
1098,10:11:00,3.4,--,23,7820,卖盘
1099,10:10:54,3.4,-0.01,6,2040,卖盘
1100,10:10:51,3.41,0.01,347,118327,买盘
1101,10:10:36,3.4,--,30,10200,卖盘
1102,10:10:27,3.4,-0.01,15,5100,卖盘
1103,10:10:24,3.41,0.01,3,1023,买盘
1104,10:10:18,3.4,--,12,4080,卖盘
1105,10:10:15,3.4,--,6,2040,卖盘
1106,10:10:03,3.4,--,18,6120,卖盘
1107,10:10:00,3.4,-0.01,375,127500,卖盘
1108,10:09:57,3.41,0.01,6,2046,买盘
1109,10:09:48,3.4,--,115,39100,卖盘
1110,10:09:39,3.4,-0.01,700,238000,卖盘
1111,10:09:33,3.41,--,22,7502,买盘
1112,10:09:30,3.41,--,3,1023,买盘
1113,10:09:24,3.41,0.01,2,682,买盘
1114,10:09:15,3.4,-0.01,205,69700,卖盘
1115,10:09:12,3.41,0.01,75,25575,买盘
1116,10:09:06,3.4,--,103,35020,卖盘
1117,10:09:03,3.4,-0.01,165,56100,卖盘
1118,10:08:57,3.41,--,102,34782,买盘
1119,10:08:54,3.41,--,175,59675,买盘
1120,10:08:51,3.41,0.01,102,34782,买盘
1121,10:08:48,3.4,-0.01,160,54400,卖盘
1122,10:08:45,3.41,--,2,682,买盘
1123,10:08:39,3.41,--,46,15686,买盘
1124,10:08:36,3.41,--,4,1364,买盘
1125,10:08:33,3.41,--,91,31031,买盘
1126,10:08:27,3.41,--,47,16027,卖盘
1127,10:08:24,3.41,--,73,24893,卖盘
1128,10:08:18,3.41,--,11,3751,卖盘
1129,10:08:12,3.41,--,65,22165,卖盘
1130,10:08:09,3.41,-0.01,173,58993,卖盘
1131,10:07:57,3.42,--,177,60534,买盘
1132,10:07:54,3.42,0.01,8,2736,买盘
1133,10:07:48,3.41,-0.01,3,1023,卖盘
1134,10:07:45,3.42,0.01,60,20520,买盘
1135,10:07:39,3.41,-0.01,173,58993,卖盘
1136,10:07:24,3.42,0.01,60,20520,买盘
1137,10:07:21,3.41,--,20,6820,卖盘
1138,10:07:18,3.41,--,61,20801,卖盘
1139,10:07:03,3.41,-0.01,1,341,卖盘
1140,10:07:00,3.42,--,50,17100,买盘
1141,10:06:57,3.42,-0.01,12,4158,卖盘
1142,10:06:54,3.43,--,2,686,买盘
1143,10:06:51,3.43,0.01,2,686,买盘
1144,10:06:48,3.42,-0.01,168,57456,卖盘
1145,10:06:45,3.43,0.01,102,34986,买盘
1146,10:06:42,3.42,-0.01,32,10944,卖盘
1147,10:06:39,3.43,0.01,3,1029,买盘
1148,10:06:36,3.42,--,360,123120,卖盘
1149,10:06:33,3.42,-0.01,100,34200,卖盘
1150,10:06:30,3.43,0.01,13,4459,买盘
1151,10:06:24,3.42,--,131,44802,卖盘
1152,10:06:15,3.42,--,30,10260,卖盘
1153,10:06:09,3.42,--,63,21546,卖盘
1154,10:06:03,3.42,--,150,51300,卖盘
1155,10:06:00,3.42,--,170,58140,卖盘
1156,10:05:45,3.42,-0.01,90,30780,卖盘
1157,10:05:42,3.43,0.01,2,686,买盘
1158,10:05:36,3.42,--,55,19042,卖盘
1159,10:05:30,3.42,--,6,2052,卖盘
1160,10:05:27,3.42,--,40,13680,卖盘
1161,10:05:24,3.42,-0.01,111,37962,卖盘
1162,10:05:21,3.43,--,3,1029,买盘
1163,10:05:03,3.43,0.01,58,19894,买盘
1164,10:05:00,3.42,0.01,123,42120,买盘
1165,10:04:57,3.41,-0.01,374,127534,卖盘
1166,10:04:54,3.42,--,10,3420,买盘
1167,10:04:51,3.42,--,100,34200,买盘
1168,10:04:48,3.42,--,123,42066,买盘
1169,10:04:45,3.42,--,29,9918,买盘
1170,10:04:42,3.42,--,648,221616,买盘
1171,10:04:39,3.42,0.01,10,3420,买盘
1172,10:04:36,3.41,--,2,682,卖盘
1173,10:04:30,3.41,-0.01,132,45012,卖盘
1174,10:04:27,3.42,--,131,44802,买盘
1175,10:04:24,3.42,--,40,13680,买盘
1176,10:04:21,3.42,0.01,50,17100,买盘
1177,10:04:18,3.41,--,42,14322,卖盘
1178,10:04:03,3.41,--,1,341,卖盘
1179,10:04:00,3.41,--,26,8866,卖盘
1180,10:03:57,3.41,-0.01,20,6820,卖盘
1181,10:03:54,3.42,--,3,1026,买盘
1182,10:03:48,3.42,0.01,90,30780,买盘
1183,10:03:45,3.41,--,30,10230,卖盘
1184,10:03:42,3.41,--,281,95821,卖盘
1185,10:03:39,3.41,--,11,3751,卖盘
1186,10:03:21,3.41,-0.01,214,72974,卖盘
1187,10:03:18,3.42,--,41,14022,买盘
1188,10:03:15,3.42,0.01,2,684,买盘
1189,10:03:12,3.41,--,25,8525,卖盘
1190,10:03:09,3.41,0.01,367,125164,买盘
1191,10:03:06,3.4,--,188,63920,卖盘
1192,10:03:00,3.4,-0.01,63,21420,卖盘
1193,10:02:51,3.41,-0.01,167,57270,卖盘
1194,10:02:45,3.42,0.01,268,91656,买盘
1195,10:02:42,3.41,-0.01,22,7502,卖盘
1196,10:02:39,3.42,0.01,33,11286,买盘
1197,10:02:33,3.41,--,5000,1705000,卖盘
1198,10:02:30,3.41,-0.01,9,3069,卖盘
1199,10:02:27,3.42,--,8,2736,买盘
1200,10:02:24,3.42,--,130,44460,买盘
1201,10:02:21,3.42,--,212,72504,买盘
1202,10:02:18,3.42,--,13,4446,买盘
1203,10:02:15,3.42,0.01,6,2052,买盘
1204,10:02:09,3.41,-0.01,277,94457,卖盘
1205,10:02:06,3.42,0.01,2,684,买盘
1206,10:02:03,3.41,--,36,12276,卖盘
1207,10:01:57,3.41,--,40,13640,卖盘
1208,10:01:54,3.41,--,150,51381,卖盘
1209,10:01:51,3.41,--,21,7161,卖盘
1210,10:01:45,3.41,--,100,34331,卖盘
1211,10:01:42,3.41,--,16,5456,卖盘
1212,10:01:39,3.41,--,50,17281,卖盘
1213,10:01:36,3.41,--,73,24893,卖盘
1214,10:01:33,3.41,-0.01,50,17281,卖盘
1215,10:01:24,3.42,--,9,3255,卖盘
1216,10:01:21,3.42,--,377,128934,卖盘
1217,10:01:18,3.42,--,590,202012,卖盘
1218,10:01:15,3.42,--,21,7182,卖盘
1219,10:01:12,3.42,--,14,4788,卖盘
1220,10:01:09,3.42,--,384,131328,卖盘
1221,10:01:06,3.42,--,73,24966,卖盘
1222,10:01:03,3.42,--,301,102942,卖盘
1223,10:01:00,3.42,--,38,12996,卖盘
1224,10:00:57,3.42,--,762,260604,卖盘
1225,10:00:54,3.42,--,49,17031,卖盘
1226,10:00:51,3.42,--,93,31806,卖盘
1227,10:00:48,3.42,--,30,10260,卖盘
1228,10:00:45,3.42,--,193,66006,卖盘
1229,10:00:42,3.42,--,2,684,卖盘
1230,10:00:36,3.42,-0.01,10,3420,卖盘
1231,10:00:33,3.43,--,200,68600,买盘
1232,10:00:24,3.43,--,1,343,买盘
1233,10:00:21,3.43,--,74,25382,卖盘
1234,10:00:15,3.43,--,15,5145,卖盘
1235,10:00:12,3.43,--,90,30870,卖盘
1236,10:00:09,3.43,-0.01,255,87465,卖盘
1237,10:00:06,3.44,--,425,146200,买盘
1238,10:00:03,3.44,0.01,1345,462680,买盘
1239,10:00:00,3.43,--,33,11319,卖盘
1240,09:59:48,3.43,-0.01,16,5488,卖盘
1241,09:59:45,3.44,--,234,80496,卖盘
1242,09:59:42,3.44,--,289,99416,卖盘
1243,09:59:39,3.44,-0.01,203,69832,卖盘
1244,09:59:27,3.45,0.01,30,10350,买盘
1245,09:59:21,3.44,-0.01,48,16512,卖盘
1246,09:59:12,3.45,0.01,390,134550,买盘
1247,09:59:06,3.44,-0.01,57,19608,卖盘
1248,09:59:03,3.45,0.01,120,41400,买盘
1249,09:58:51,3.44,--,16,5504,卖盘
1250,09:58:48,3.44,--,4,1376,卖盘
1251,09:58:45,3.44,--,742,255248,买盘
1252,09:58:42,3.44,--,58,19952,买盘
1253,09:58:36,3.44,--,15,5160,买盘
1254,09:58:33,3.44,--,20,6880,买盘
1255,09:58:21,3.44,--,100,34400,买盘
1256,09:58:12,3.44,0.01,1012,348128,买盘
1257,09:58:06,3.43,--,3,1029,卖盘
1258,09:58:03,3.43,--,5,1715,卖盘
1259,09:58:00,3.43,--,412,141316,卖盘
1260,09:57:57,3.43,--,4,1372,卖盘
1261,09:57:54,3.43,--,214,73402,买盘
1262,09:57:51,3.43,--,7,2401,买盘
1263,09:57:48,3.43,--,233,79919,卖盘
1264,09:57:36,3.43,0.01,59,20237,中性盘
1265,09:57:24,3.42,--,1063,363546,卖盘
1266,09:57:21,3.42,-0.01,50,17100,卖盘
1267,09:57:18,3.43,--,10,3430,买盘
1268,09:57:15,3.43,--,20,6860,买盘
1269,09:57:06,3.43,--,117,40131,买盘
1270,09:56:57,3.43,0.01,19,6517,买盘
1271,09:56:45,3.42,-0.01,79,27018,卖盘
1272,09:56:39,3.43,--,23,7889,买盘
1273,09:56:36,3.43,--,86,29498,卖盘
1274,09:56:33,3.43,--,1,343,卖盘
1275,09:56:30,3.43,--,80,27440,卖盘
1276,09:56:06,3.43,--,5,1715,卖盘
1277,09:55:57,3.43,0.01,2,686,中性盘
1278,09:55:51,3.42,-0.01,300,102600,卖盘
1279,09:55:48,3.43,--,1,343,卖盘
1280,09:55:42,3.43,--,774,265482,买盘
1281,09:55:39,3.43,--,20,6860,买盘
1282,09:55:33,3.43,--,100,34300,买盘
1283,09:55:30,3.43,--,48,16464,买盘
1284,09:55:21,3.43,0.01,101,34643,买盘
1285,09:55:18,3.42,--,20,6840,卖盘
1286,09:55:09,3.42,-0.01,50,17100,卖盘
1287,09:55:03,3.43,0.01,100,34300,买盘
1288,09:55:00,3.42,-0.01,24,8208,卖盘
1289,09:54:57,3.43,0.01,2,686,买盘
1290,09:54:51,3.42,-0.01,34,11628,卖盘
1291,09:54:48,3.43,--,200,68600,卖盘
1292,09:54:39,3.43,--,126,43218,买盘
1293,09:54:30,3.43,0.01,5,1715,买盘
1294,09:54:18,3.42,--,110,37620,卖盘
1295,09:54:09,3.42,-0.01,913,312246,卖盘
1296,09:54:06,3.43,--,29,9947,卖盘
1297,09:54:03,3.43,--,6,2058,卖盘
1298,09:53:51,3.43,--,20,6860,卖盘
1299,09:53:42,3.43,--,627,215061,买盘
1300,09:53:36,3.43,--,19,6517,买盘
1301,09:53:33,3.43,0.01,500,171500,买盘
1302,09:53:30,3.42,--,10,3420,卖盘
1303,09:53:27,3.42,--,10,3420,卖盘
1304,09:53:21,3.42,--,3,1026,卖盘
1305,09:53:03,3.42,-0.01,7,2394,卖盘
1306,09:53:00,3.43,0.01,10,3430,买盘
1307,09:52:57,3.42,--,5,1710,卖盘
1308,09:52:42,3.42,--,10,3420,卖盘
1309,09:52:39,3.42,--,5,1710,卖盘
1310,09:52:33,3.42,--,23,7866,卖盘
1311,09:52:09,3.42,--,176,60192,卖盘
1312,09:52:03,3.42,--,100,34200,卖盘
1313,09:51:54,3.42,--,15,5130,卖盘
1314,09:51:42,3.42,--,150,51300,卖盘
1315,09:51:30,3.42,-0.01,20,6840,卖盘
1316,09:51:03,3.43,--,33,11319,卖盘
1317,09:51:00,3.43,0.01,21,7203,卖盘
1318,09:50:57,3.42,0.01,94,32260,买盘
1319,09:50:48,3.41,--,15,5115,卖盘
1320,09:50:45,3.41,--,44,15004,卖盘
1321,09:50:33,3.41,--,118,40238,卖盘
1322,09:50:30,3.41,-0.01,3,1023,卖盘
1323,09:50:27,3.42,--,125,42750,买盘
1324,09:50:15,3.42,-0.01,2712,927733,卖盘
1325,09:50:12,3.43,--,43,14749,卖盘
1326,09:50:09,3.43,--,158,54194,卖盘
1327,09:50:06,3.43,--,171,58653,卖盘
1328,09:50:03,3.43,--,1,343,卖盘
1329,09:49:51,3.43,-0.01,10,3430,卖盘
1330,09:49:48,3.44,--,87,29928,卖盘
1331,09:49:36,3.44,--,20,6880,卖盘
1332,09:49:30,3.44,--,20,6880,卖盘
1333,09:49:27,3.44,--,57,19608,卖盘
1334,09:49:18,3.44,--,163,56072,买盘
1335,09:49:06,3.44,--,9,3096,买盘
1336,09:48:51,3.44,--,41,14104,卖盘
1337,09:48:48,3.44,--,18,6192,卖盘
1338,09:48:42,3.44,--,67,23048,卖盘
1339,09:48:39,3.44,--,46,15824,卖盘
1340,09:48:36,3.44,--,256,88064,卖盘
1341,09:48:33,3.44,-0.01,21,7224,卖盘
1342,09:48:30,3.45,0.01,5,1725,买盘
1343,09:48:21,3.44,--,5,1720,卖盘
1344,09:48:18,3.44,--,53,18232,卖盘
1345,09:48:15,3.44,--,10,3440,卖盘
1346,09:48:12,3.44,--,113,38872,卖盘
1347,09:48:09,3.44,--,78,26832,卖盘
1348,09:48:06,3.44,--,84,28896,卖盘
1349,09:48:03,3.44,--,45,15480,卖盘
1350,09:48:00,3.44,--,471,162024,卖盘
1351,09:47:57,3.44,--,279,95976,卖盘
1352,09:47:48,3.44,-0.01,100,34400,卖盘
1353,09:47:12,3.45,--,303,104535,卖盘
1354,09:47:09,3.45,--,30,10350,卖盘
1355,09:47:06,3.45,--,110,37950,卖盘
1356,09:47:03,3.45,--,359,123855,卖盘
1357,09:47:00,3.45,--,174,60030,卖盘
1358,09:46:54,3.45,-0.01,81,27945,卖盘
1359,09:46:51,3.46,0.01,201,69546,买盘
1360,09:46:48,3.45,--,44,15180,卖盘
1361,09:46:45,3.45,--,239,82455,卖盘
1362,09:46:36,3.45,--,20,6900,卖盘
1363,09:46:30,3.45,-0.01,1000,345000,卖盘
1364,09:46:18,3.46,0.01,1,346,买盘
1365,09:46:03,3.45,-0.01,31,10695,卖盘
1366,09:45:57,3.46,0.01,1,346,买盘
1367,09:45:45,3.45,--,727,250815,卖盘
1368,09:45:30,3.45,-0.01,10,3450,卖盘
1369,09:45:21,3.46,0.01,41,14186,买盘
1370,09:45:12,3.45,-0.01,20,6900,卖盘
1371,09:45:06,3.46,0.01,3,1038,买盘
1372,09:44:57,3.45,-0.01,100,34500,卖盘
1373,09:44:51,3.46,0.01,5,1730,买盘
1374,09:44:48,3.45,-0.01,50,17250,卖盘
1375,09:44:45,3.46,0.01,8,2768,买盘
1376,09:44:42,3.45,--,144,49680,卖盘
1377,09:44:36,3.45,--,134,46230,卖盘
1378,09:44:24,3.45,--,20,6900,卖盘
1379,09:44:15,3.45,-0.01,50,17250,卖盘
1380,09:44:09,3.46,0.01,70,24220,买盘
1381,09:44:03,3.45,-0.01,1,345,卖盘
1382,09:44:00,3.46,0.01,41,14186,买盘
1383,09:43:57,3.45,-0.01,2,690,卖盘
1384,09:43:48,3.46,0.01,100,34600,买盘
1385,09:43:45,3.45,-0.01,47,16215,卖盘
1386,09:43:42,3.46,--,13,4498,买盘
1387,09:43:24,3.46,--,520,179920,买盘
1388,09:43:18,3.46,--,11,3806,买盘
1389,09:43:03,3.46,--,713,246698,买盘
1390,09:43:00,3.46,--,41,14186,买盘
1391,09:42:57,3.46,--,1,346,买盘
1392,09:42:48,3.46,--,50,17300,买盘
1393,09:42:36,3.46,--,60,20760,买盘
1394,09:42:27,3.46,--,29,10034,买盘
1395,09:42:24,3.46,--,1,346,买盘
1396,09:42:18,3.46,0.01,593,205178,买盘
1397,09:42:03,3.45,-0.01,1,345,卖盘
1398,09:41:54,3.46,--,56,19376,买盘
1399,09:41:48,3.46,--,44,15224,买盘
1400,09:41:39,3.46,--,8,2768,买盘
1401,09:41:30,3.46,--,30,10380,买盘
1402,09:41:27,3.46,--,40,13840,买盘
1403,09:41:18,3.46,--,3,1038,买盘
1404,09:41:15,3.46,--,20,6920,买盘
1405,09:41:12,3.46,--,10,3460,买盘
1406,09:41:09,3.46,--,15,5190,买盘
1407,09:41:03,3.46,0.01,73,25258,买盘
1408,09:41:00,3.45,--,96,33120,买盘
1409,09:40:57,3.45,--,58,20010,买盘
1410,09:40:51,3.45,-0.01,356,122820,卖盘
1411,09:40:39,3.46,--,47,16262,买盘
1412,09:40:36,3.46,0.01,32,11072,买盘
1413,09:40:33,3.45,--,51,17595,卖盘
1414,09:40:30,3.45,--,212,73140,买盘
1415,09:40:27,3.45,--,13,4485,买盘
1416,09:40:21,3.45,-0.01,579,199755,卖盘
1417,09:40:15,3.46,0.01,38,13148,买盘
1418,09:40:12,3.45,--,9,3105,卖盘
1419,09:40:09,3.45,--,10,3450,卖盘
1420,09:40:06,3.45,--,11,3795,卖盘
1421,09:40:03,3.45,--,9,3105,卖盘
1422,09:39:57,3.45,--,81,27945,卖盘
1423,09:39:45,3.45,--,30,10350,卖盘
1424,09:39:39,3.45,-0.01,6,2070,卖盘
1425,09:39:36,3.46,--,28,9688,买盘
1426,09:39:30,3.46,--,40,13840,买盘
1427,09:39:24,3.46,0.01,44,15224,买盘
1428,09:39:21,3.45,--,30,10350,卖盘
1429,09:39:18,3.45,-0.01,200,69000,卖盘
1430,09:39:15,3.46,--,56,19376,买盘
1431,09:39:12,3.46,0.01,114,39444,买盘
1432,09:39:03,3.45,--,1,345,卖盘
1433,09:39:00,3.45,--,500,172500,卖盘
1434,09:38:54,3.45,--,100,34500,卖盘
1435,09:38:51,3.45,--,50,17250,卖盘
1436,09:38:36,3.45,--,30,10350,卖盘
1437,09:38:33,3.45,-0.01,80,27600,卖盘
1438,09:38:27,3.46,--,31,10726,买盘
1439,09:38:09,3.46,0.01,1,346,买盘
1440,09:38:03,3.45,--,36,12420,卖盘
1441,09:37:45,3.45,-0.01,100,34500,卖盘
1442,09:37:24,3.46,--,2,692,买盘
1443,09:37:18,3.46,--,200,69200,买盘
1444,09:37:12,3.46,0.01,150,51900,买盘
1445,09:37:03,3.45,-0.01,1,345,卖盘
1446,09:37:00,3.46,--,381,131826,买盘
1447,09:36:51,3.46,--,2,692,买盘
1448,09:36:12,3.46,--,82,28372,买盘
1449,09:36:09,3.46,--,74,25604,买盘
1450,09:36:06,3.46,0.01,525,181650,买盘
1451,09:36:03,3.45,-0.01,1,345,卖盘
1452,09:35:54,3.46,--,253,87538,买盘
1453,09:35:51,3.46,0.01,261,90306,买盘
1454,09:35:45,3.45,-0.01,100,34500,卖盘
1455,09:35:27,3.46,0.01,33,11418,买盘
1456,09:35:21,3.45,--,236,81420,买盘
1457,09:35:15,3.45,--,81,27945,买盘
1458,09:35:12,3.45,--,10,3450,买盘
1459,09:35:09,3.45,--,38,13110,买盘
1460,09:35:06,3.45,--,8,2760,买盘
1461,09:35:03,3.45,--,100,34500,买盘
1462,09:35:00,3.45,-0.01,58,20010,卖盘
1463,09:34:57,3.46,0.01,439,151894,买盘
1464,09:34:54,3.45,--,30,10350,卖盘
1465,09:34:51,3.45,--,7,2415,卖盘
1466,09:34:48,3.45,--,456,157320,买盘
1467,09:34:33,3.45,--,50,17250,买盘
1468,09:34:18,3.45,--,232,80040,买盘
1469,09:34:15,3.45,0.01,466,160770,买盘
1470,09:34:09,3.44,-0.01,2,688,卖盘
1471,09:34:03,3.45,--,4,1380,买盘
1472,09:34:00,3.45,0.01,86,29670,买盘
1473,09:33:45,3.44,--,12,4128,卖盘
1474,09:33:42,3.44,--,252,86688,卖盘
1475,09:33:39,3.44,--,100,34400,卖盘
1476,09:33:33,3.44,--,58,19952,卖盘
1477,09:33:30,3.44,0.01,504,173376,买盘
1478,09:33:21,3.43,-0.01,12,4116,卖盘
1479,09:33:18,3.44,--,4,1376,买盘
1480,09:33:15,3.44,--,1,344,买盘
1481,09:33:09,3.44,0.01,1,344,买盘
1482,09:33:03,3.43,-0.01,1,343,卖盘
1483,09:33:00,3.44,0.01,30,10320,买盘
1484,09:32:57,3.43,--,50,17150,卖盘
1485,09:32:45,3.43,-0.01,200,68600,卖盘
1486,09:32:42,3.44,--,94,32336,买盘
1487,09:32:39,3.44,--,5,1720,买盘
1488,09:32:33,3.44,--,2,688,买盘
1489,09:32:30,3.44,--,450,154800,卖盘
1490,09:32:09,3.44,0.01,40,13760,中性盘
1491,09:32:03,3.43,-0.01,91,31213,卖盘
1492,09:32:00,3.44,--,156,53777,买盘
1493,09:31:57,3.44,0.01,5,1720,买盘
1494,09:31:54,3.43,-0.01,38,13034,卖盘
1495,09:31:51,3.44,--,67,23048,买盘
1496,09:31:48,3.44,--,83,28552,买盘
1497,09:31:45,3.44,0.01,4,1376,买盘
1498,09:31:42,3.43,-0.01,85,29155,卖盘
1499,09:31:39,3.44,--,5,1720,买盘
1500,09:31:33,3.44,--,343,117992,买盘
1501,09:31:30,3.44,--,10,3440,买盘
1502,09:31:27,3.44,0.01,27,9288,买盘
1503,09:31:24,3.43,-0.01,100,34300,卖盘
1504,09:31:21,3.44,--,8,2752,买盘
1505,09:31:18,3.44,--,20,6880,买盘
1506,09:31:15,3.44,--,34,11696,买盘
1507,09:31:12,3.44,--,50,17200,买盘
1508,09:31:09,3.44,--,4,1376,买盘
1509,09:31:06,3.44,0.01,10,3440,买盘
1510,09:31:03,3.43,--,1,343,卖盘
1511,09:30:54,3.43,--,61,20923,卖盘
1512,09:30:30,3.43,-0.01,262,89866,卖盘
1513,09:30:24,3.44,--,115,39560,买盘
1514,09:30:15,3.44,--,1,344,买盘
1515,09:30:09,3.44,0.01,30,10320,买盘
1516,09:30:06,3.43,--,154,52822,卖盘
1517,09:30:03,3.43,0.01,476,163268,买盘
1518,09:30:00,3.42,--,50,17100,卖盘
1519,09:25:03,3.42,3.42,645,220590,买盘
