,time,price,change,volume,amount,type
0,15:00:03,23.01,-0.03,4015,9238515,买盘
1,14:57:00,23.04,0.03,184,423936,买盘
2,14:56:57,23.01,0.01,3,6903,买盘
3,14:56:54,23.0,-0.01,15,34500,卖盘
4,14:56:51,23.01,--,11,25311,买盘
5,14:56:48,23.01,--,15,34515,买盘
6,14:56:45,23.01,--,10,23010,买盘
7,14:56:42,23.01,0.01,1,2301,买盘
8,14:56:39,23.0,--,2,4600,卖盘
9,14:56:36,23.0,--,4,9200,卖盘
10,14:56:30,23.0,--,25,57500,买盘
11,14:56:27,23.0,0.01,18,41400,买盘
12,14:56:24,22.99,--,7,16092,卖盘
13,14:56:15,22.99,--,1,3080,买盘
14,14:56:12,22.99,0.03,3,6896,买盘
15,14:56:09,22.96,--,30,68880,买盘
16,14:56:06,22.96,-0.03,17,40547,卖盘
17,14:56:03,22.99,0.03,1,2299,中性盘
18,14:55:57,22.96,--,255,585480,卖盘
19,14:55:51,22.96,0.01,0,780,卖盘
20,14:55:42,22.95,-0.04,5,11475,卖盘
21,14:55:39,22.99,0.01,43,98857,买盘
22,14:55:30,22.98,0.03,1,2298,中性盘
23,14:55:24,22.95,-0.05,14,32130,中性盘
24,14:55:09,23.0,0.05,652,1499600,买盘
25,14:55:06,22.95,0.01,3,6885,买盘
26,14:55:00,22.94,-0.01,4,9176,卖盘
27,14:54:57,22.95,--,4,9180,买盘
28,14:54:48,22.95,--,10,22950,买盘
29,14:54:45,22.95,0.01,23,52785,买盘
30,14:54:39,22.94,-0.01,3,6882,卖盘
31,14:54:36,22.95,--,15,34425,买盘
32,14:54:30,22.95,--,10,22950,买盘
33,14:54:27,22.95,0.01,36,82620,买盘
34,14:54:24,22.94,--,22,50468,卖盘
35,14:54:21,22.94,-0.01,10,22940,卖盘
36,14:54:15,22.95,0.01,2,4590,买盘
37,14:54:12,22.94,--,1,2294,卖盘
38,14:54:06,22.94,0.01,10,22940,中性盘
39,14:53:54,22.93,-0.01,100,229300,卖盘
40,14:53:48,22.94,--,493,1130942,买盘
41,14:53:42,22.94,--,3,6882,买盘
42,14:53:30,22.94,0.01,1,2294,买盘
43,14:53:27,22.93,-0.01,4,9172,卖盘
44,14:53:09,22.94,-0.01,63,144522,中性盘
45,14:52:57,22.95,0.02,20,45900,买盘
46,14:52:54,22.93,-0.02,6,13758,中性盘
47,14:52:48,22.95,0.03,40,91800,买盘
48,14:52:45,22.92,--,8,18336,卖盘
49,14:52:36,22.92,--,68,157529,买盘
50,14:52:33,22.92,--,17,38964,买盘
51,14:52:27,22.92,--,29,67086,卖盘
52,14:52:21,22.92,--,5,11460,卖盘
53,14:52:15,22.92,--,100,229200,卖盘
54,14:52:06,22.92,--,30,70433,买盘
55,14:51:57,22.92,-0.03,357,819825,卖盘
56,14:51:54,22.95,--,30,68850,买盘
57,14:51:48,22.95,-0.01,22,50490,卖盘
58,14:51:45,22.96,0.01,12,27552,买盘
59,14:51:33,22.95,0.01,24,55080,买盘
60,14:51:30,22.94,-0.01,58,134543,卖盘
61,14:51:27,22.95,--,6,13770,买盘
62,14:51:24,22.95,--,1,2295,卖盘
63,14:51:21,22.95,-0.01,16,36720,卖盘
64,14:51:18,22.96,0.01,6,13776,买盘
65,14:51:15,22.95,0.02,3,6885,中性盘
66,14:51:12,22.93,-0.03,450,1031850,卖盘
67,14:51:00,22.96,0.02,30,68880,买盘
68,14:50:51,22.94,-0.01,157,360158,卖盘
69,14:50:42,22.95,--,56,130034,买盘
70,14:50:39,22.95,--,1,2295,买盘
71,14:50:36,22.95,--,1,2295,卖盘
72,14:50:21,22.95,--,0,688,买盘
73,14:50:15,22.95,--,180,413100,买盘
74,14:50:09,22.95,0.01,5,11475,买盘
75,14:50:06,22.94,--,11,25234,买盘
76,14:50:00,22.94,-0.01,8,18352,中性盘
77,14:49:45,22.95,0.02,294,675533,买盘
78,14:49:39,22.93,-0.02,5,11465,卖盘
79,14:49:36,22.95,0.02,1,2295,买盘
80,14:49:33,22.93,--,78,180344,卖盘
81,14:49:30,22.93,--,2,4586,卖盘
82,14:49:21,22.93,--,4,9172,买盘
83,14:49:15,22.93,0.02,1,2293,买盘
84,14:48:45,22.91,--,324,744460,买盘
85,14:48:39,22.91,--,2,4582,买盘
86,14:48:36,22.91,--,59,136658,买盘
87,14:48:27,22.91,-0.04,215,492565,卖盘
88,14:48:21,22.95,0.03,26,59670,买盘
89,14:48:09,22.92,-0.03,100,229200,卖盘
90,14:48:03,22.95,0.02,66,151470,买盘
91,14:48:00,22.93,--,5,11465,买盘
92,14:47:51,22.93,-0.01,48,110866,卖盘
93,14:47:45,22.94,-0.01,3,6882,中性盘
94,14:47:39,22.95,0.01,181,416886,买盘
95,14:47:36,22.94,--,1,2294,买盘
96,14:47:30,22.94,--,6,13764,买盘
97,14:47:21,22.94,--,8,18352,买盘
98,14:47:18,22.94,-0.01,7,16058,卖盘
99,14:47:15,22.95,--,14,32130,买盘
100,14:47:00,22.95,0.01,15,34425,买盘
101,14:46:51,22.94,-0.01,5,11470,卖盘
102,14:46:39,22.95,-0.04,52,119340,卖盘
103,14:46:36,22.99,0.04,1,2299,买盘
104,14:46:18,22.95,-0.04,7,16065,中性盘
105,14:46:06,22.99,--,1,2299,买盘
106,14:45:57,22.99,0.02,526,1210078,买盘
107,14:45:48,22.97,0.02,19,43643,买盘
108,14:45:45,22.95,0.02,3,6885,卖盘
109,14:45:42,22.93,-0.03,58,134484,卖盘
110,14:45:39,22.96,0.02,101,231896,买盘
111,14:45:09,22.94,0.01,16,36704,买盘
112,14:45:06,22.93,--,1,2293,买盘
113,14:45:00,22.93,0.03,1,2293,买盘
114,14:44:57,22.9,--,2,4580,卖盘
115,14:44:54,22.9,-0.01,9,20610,买盘
116,14:44:48,22.91,0.02,100,230612,买盘
117,14:44:45,22.89,-0.02,38,86982,卖盘
118,14:44:39,22.91,0.02,37,84767,买盘
119,14:44:30,22.89,--,20,45780,卖盘
120,14:44:24,22.89,--,70,160230,买盘
121,14:44:09,22.89,-0.01,32,73248,卖盘
122,14:44:06,22.9,--,7,16029,买盘
123,14:44:03,22.9,--,15,34350,买盘
124,14:44:00,22.9,-0.01,342,783294,卖盘
125,14:43:45,22.91,-0.02,69,159545,卖盘
126,14:43:42,22.93,--,10,22930,买盘
127,14:43:39,22.93,--,74,169682,买盘
128,14:43:30,22.93,--,20,45860,买盘
129,14:43:18,22.93,-0.01,13,29809,卖盘
130,14:43:06,22.94,0.03,1,2294,买盘
131,14:42:57,22.91,-0.03,126,290155,卖盘
132,14:42:51,22.94,0.02,5,11470,买盘
133,14:42:48,22.92,-0.02,63,145908,卖盘
134,14:42:39,22.94,0.01,54,123876,买盘
135,14:42:36,22.93,--,1,2293,买盘
136,14:42:30,22.93,--,45,103185,卖盘
137,14:42:21,22.93,-0.01,5,11465,卖盘
138,14:42:18,22.94,0.01,10,22940,买盘
139,14:42:12,22.93,--,3,6879,卖盘
140,14:42:09,22.93,-0.01,1,2293,卖盘
141,14:41:57,22.94,--,1,2294,买盘
142,14:41:54,22.94,--,1,2294,买盘
143,14:41:48,22.94,-0.02,37,86047,卖盘
144,14:41:42,22.96,--,22,50512,买盘
145,14:41:39,22.96,--,132,303072,买盘
146,14:41:36,22.96,--,22,50512,卖盘
147,14:41:33,22.96,--,47,107912,卖盘
148,14:41:24,22.96,--,3,6888,卖盘
149,14:41:21,22.96,--,5,11480,卖盘
150,14:41:09,22.96,0.02,6,13776,买盘
151,14:41:06,22.94,--,3,6882,卖盘
152,14:40:51,22.94,-0.02,58,134543,卖盘
153,14:40:48,22.96,-0.01,3,6888,中性盘
154,14:40:39,22.97,0.02,109,250373,买盘
155,14:40:36,22.95,0.01,1,2295,买盘
156,14:40:27,22.94,0.01,416,956230,买盘
157,14:40:24,22.93,0.01,3,6879,买盘
158,14:40:15,22.92,-0.01,27,61884,卖盘
159,14:40:06,22.93,--,24,55032,买盘
160,14:40:03,22.93,--,6,13758,买盘
161,14:39:51,22.93,--,1,2293,买盘
162,14:39:48,22.93,-0.01,76,175322,卖盘
163,14:39:45,22.94,--,100,229400,买盘
164,14:39:42,22.94,-0.01,144,331138,卖盘
165,14:39:39,22.95,--,34,78030,买盘
166,14:39:36,22.95,--,101,231795,买盘
167,14:39:27,22.95,-0.01,38,87210,卖盘
168,14:39:24,22.96,--,50,114800,买盘
169,14:39:21,22.96,--,9,20664,买盘
170,14:38:57,22.96,--,2,4592,买盘
171,14:38:54,22.96,--,3,6888,卖盘
172,14:38:51,22.96,-0.01,15,34440,卖盘
173,14:38:45,22.97,--,2,4594,买盘
174,14:38:39,22.97,--,48,110256,买盘
175,14:38:36,22.97,-0.01,1,2297,中性盘
176,14:38:27,22.98,--,8,19165,卖盘
177,14:38:15,22.98,--,60,137880,卖盘
178,14:38:12,22.98,-0.01,15,34470,卖盘
179,14:38:06,22.99,--,1,2299,买盘
180,14:38:03,22.99,0.01,8,18392,买盘
181,14:37:57,22.98,--,58,134800,卖盘
182,14:37:54,22.98,--,2,4596,卖盘
183,14:37:39,22.98,0.04,33,75834,买盘
184,14:37:36,22.94,0.01,128,295123,买盘
185,14:37:33,22.93,--,4,9172,卖盘
186,14:37:30,22.93,-0.01,2,4586,卖盘
187,14:37:27,22.94,--,10,22940,买盘
188,14:37:21,22.94,--,2,4588,买盘
189,14:37:12,22.94,-0.05,82,188910,卖盘
190,14:37:09,22.99,0.02,505,1160995,买盘
191,14:37:06,22.97,0.02,5,11485,买盘
192,14:36:57,22.95,0.01,58,134601,中性盘
193,14:36:54,22.94,-0.03,24,55056,卖盘
194,14:36:39,22.97,0.03,70,160790,买盘
195,14:36:24,22.94,0.01,10,22940,中性盘
196,14:36:18,22.93,-0.02,63,145009,卖盘
197,14:36:15,22.95,--,19,44293,买盘
198,14:36:06,22.95,--,21,48195,买盘
199,14:36:00,22.95,-0.01,118,271613,卖盘
200,14:35:42,22.96,--,3,6888,买盘
201,14:35:39,22.96,0.01,182,417872,中性盘
202,14:35:36,22.95,-0.01,11,25245,卖盘
203,14:35:33,22.96,--,35,80360,卖盘
204,14:35:15,22.96,-0.01,15,34440,卖盘
205,14:35:06,22.97,0.02,46,105662,买盘
206,14:35:03,22.95,-0.01,58,134601,卖盘
207,14:35:00,22.96,--,1,2296,买盘
208,14:34:57,22.96,--,30,68880,买盘
209,14:34:54,22.96,-0.02,3,6888,卖盘
210,14:34:48,22.98,-0.01,6,13788,中性盘
211,14:34:39,22.99,--,51,117248,买盘
212,14:34:36,22.99,0.03,1,2299,买盘
213,14:34:33,22.96,-0.03,3,6888,卖盘
214,14:34:21,22.99,-0.01,1,2299,中性盘
215,14:34:12,23.0,--,5,11500,买盘
216,14:34:09,23.0,--,73,167900,买盘
217,14:34:00,23.0,-0.01,48,111964,卖盘
218,14:33:54,23.01,0.01,5,11505,买盘
219,14:33:51,23.0,--,100,230000,卖盘
220,14:33:48,23.0,--,5,11500,卖盘
221,14:33:42,23.0,--,1,2300,卖盘
222,14:33:39,23.0,0.02,84,193936,买盘
223,14:33:36,22.98,--,1,2298,买盘
224,14:33:27,22.98,-0.01,8,20084,卖盘
225,14:33:21,22.99,0.01,12,27587,买盘
226,14:33:18,22.98,-0.01,5,11490,卖盘
227,14:33:15,22.99,--,50,114949,买盘
228,14:33:06,22.99,0.01,60,139434,买盘
229,14:33:03,22.98,--,50,114900,卖盘
230,14:32:57,22.98,--,100,229800,卖盘
231,14:32:54,22.98,--,10,22980,卖盘
232,14:32:51,22.98,0.06,214,493173,买盘
233,14:32:48,22.92,-0.02,230,527160,卖盘
234,14:32:45,22.94,-0.01,4,9176,卖盘
235,14:32:39,22.95,--,102,234090,买盘
236,14:32:36,22.95,--,1,2295,买盘
237,14:32:33,22.95,-0.01,25,57375,卖盘
238,14:32:30,22.96,--,100,229600,买盘
239,14:32:12,22.96,0.01,30,68880,买盘
240,14:32:09,22.95,--,34,78810,卖盘
241,14:32:06,22.95,-0.01,1,2295,卖盘
242,14:32:03,22.96,--,46,105616,买盘
243,14:32:00,22.96,--,8,18368,买盘
244,14:31:54,22.96,--,10,22960,买盘
245,14:31:51,22.96,-0.02,195,449350,卖盘
246,14:31:39,22.98,0.01,89,204522,买盘
247,14:31:36,22.97,0.01,2,4594,买盘
248,14:31:30,22.96,-0.01,204,468384,卖盘
249,14:31:21,22.97,0.01,15,34455,买盘
250,14:31:15,22.96,--,5,11480,卖盘
251,14:31:09,22.96,--,58,134637,卖盘
252,14:31:06,22.96,--,160,368852,买盘
253,14:31:03,22.96,0.01,27,61992,买盘
254,14:30:54,22.95,--,10,24464,买盘
255,14:30:51,22.95,--,10,22950,买盘
256,14:30:39,22.95,--,55,126225,买盘
257,14:30:36,22.95,0.02,3,6885,买盘
258,14:30:33,22.93,-0.02,8,18344,中性盘
259,14:30:18,22.95,0.02,21,48195,买盘
260,14:30:15,22.93,0.01,2,4586,买盘
261,14:30:12,22.92,-0.03,48,110016,卖盘
262,14:30:09,22.95,--,13,29835,买盘
263,14:30:06,22.95,0.02,1,2295,买盘
264,14:29:57,22.93,--,24,55032,卖盘
265,14:29:51,22.93,--,20,45860,卖盘
266,14:29:39,22.93,0.01,232,531976,买盘
267,14:29:36,22.92,--,3,6876,买盘
268,14:29:21,22.92,0.01,1,2292,中性盘
269,14:29:12,22.91,-0.01,63,145822,卖盘
270,14:29:09,22.92,--,43,99747,买盘
271,14:29:06,22.92,--,157,360944,卖盘
272,14:29:03,22.92,--,12,27504,卖盘
273,14:28:51,22.92,-0.01,4,9168,卖盘
274,14:28:48,22.93,0.01,10,24122,买盘
275,14:28:42,22.92,--,7,16044,买盘
276,14:28:39,22.92,--,122,279624,买盘
277,14:28:36,22.92,--,1,2292,买盘
278,14:28:27,22.92,--,8,18336,买盘
279,14:28:21,22.92,--,81,186752,卖盘
280,14:28:15,22.92,--,58,134448,卖盘
281,14:28:09,22.92,-0.01,10,22920,卖盘
282,14:28:06,22.93,--,1,2293,买盘
283,14:28:03,22.93,0.01,2,4586,中性盘
284,14:27:57,22.92,-0.02,30,68760,卖盘
285,14:27:54,22.94,0.02,19,43586,买盘
286,14:27:48,22.92,-0.01,100,229200,卖盘
287,14:27:39,22.93,0.01,58,134461,买盘
288,14:27:36,22.92,--,95,218244,买盘
289,14:27:24,22.92,--,10,22920,买盘
290,14:27:21,22.92,--,98,226403,卖盘
291,14:27:15,22.92,-0.01,50,114600,卖盘
292,14:27:06,22.93,-0.03,31,71083,卖盘
293,14:27:03,22.96,--,2,4592,买盘
294,14:27:00,22.96,-0.01,64,147747,卖盘
295,14:26:57,22.97,--,7,16079,买盘
296,14:26:51,22.97,0.01,32,73504,买盘
297,14:26:48,22.96,--,52,119392,卖盘
298,14:26:45,22.96,--,15,34440,卖盘
299,14:26:39,22.96,0.01,94,217316,买盘
300,14:26:36,22.95,--,2,4590,买盘
301,14:26:33,22.95,--,30,68850,买盘
302,14:26:27,22.95,--,8,18360,买盘
303,14:26:18,22.95,--,11,25245,卖盘
304,14:26:15,22.95,-0.03,106,243270,卖盘
305,14:25:51,22.98,--,50,114900,买盘
306,14:25:48,22.98,0.04,2,4596,买盘
307,14:25:45,22.94,0.02,8,18352,中性盘
308,14:25:42,22.92,-0.05,150,343800,卖盘
309,14:25:39,22.97,0.02,239,548983,买盘
310,14:25:36,22.95,--,2,4590,买盘
311,14:25:27,22.95,0.03,2,4590,中性盘
312,14:25:21,22.92,-0.05,508,1165848,卖盘
313,14:25:18,22.97,--,65,149305,买盘
314,14:25:12,22.97,0.05,3,6891,买盘
315,14:25:09,22.92,-0.06,154,352968,卖盘
316,14:25:06,22.98,-0.01,60,137880,中性盘
317,14:25:00,22.99,0.01,4,9196,买盘
318,14:24:57,22.98,0.05,6,13788,中性盘
319,14:24:48,22.93,-0.06,150,343950,卖盘
320,14:24:42,22.99,-0.01,22,50578,买盘
321,14:24:39,23.0,0.01,178,409400,买盘
322,14:24:36,22.99,--,2,4598,买盘
323,14:24:33,22.99,--,7,16092,买盘
324,14:24:27,22.99,0.02,105,241394,买盘
325,14:24:21,22.97,--,2,4594,卖盘
326,14:24:18,22.97,-0.02,10,22970,卖盘
327,14:24:15,22.99,0.02,43,98857,买盘
328,14:24:09,22.97,-0.02,17,39049,中性盘
329,14:24:06,22.99,0.02,301,691999,买盘
330,14:24:03,22.97,0.02,28,64316,买盘
331,14:23:51,22.95,-0.02,3,6885,卖盘
332,14:23:48,22.97,0.03,263,604111,买盘
333,14:23:45,22.94,--,15,35694,买盘
334,14:23:36,22.94,--,16,36704,买盘
335,14:23:33,22.94,--,8,18352,买盘
336,14:23:27,22.94,--,18,41292,买盘
337,14:23:21,22.94,--,40,92562,卖盘
338,14:23:15,22.94,-0.01,10,22940,卖盘
339,14:23:09,22.95,0.01,5,11475,买盘
340,14:23:06,22.94,-0.01,14,32116,卖盘
341,14:23:00,22.95,0.01,5,11475,买盘
342,14:22:51,22.94,--,1,2294,卖盘
343,14:22:48,22.94,--,10,24431,买盘
344,14:22:42,22.94,--,18,41292,买盘
345,14:22:39,22.94,--,10,22940,买盘
346,14:22:36,22.94,--,3,6882,买盘
347,14:22:33,22.94,--,22,50468,买盘
348,14:22:30,22.94,--,10,22940,买盘
349,14:22:27,22.94,--,6,13764,卖盘
350,14:22:18,22.94,0.01,12,27528,买盘
351,14:22:06,22.93,-0.01,11,25223,卖盘
352,14:22:00,22.94,0.01,2,4588,买盘
353,14:21:57,22.93,0.02,294,674142,买盘
354,14:21:54,22.91,--,53,121423,买盘
355,14:21:51,22.91,0.01,20,45820,买盘
356,14:21:42,22.9,0.02,151,345790,买盘
357,14:21:39,22.88,0.01,2,4576,买盘
358,14:21:36,22.87,--,6,15185,卖盘
359,14:21:33,22.87,0.01,165,377355,买盘
360,14:21:30,22.86,0.01,13,29718,买盘
361,14:21:27,22.85,-0.01,135,309983,卖盘
362,14:21:24,22.86,0.01,5,11430,买盘
363,14:21:18,22.85,--,84,194087,买盘
364,14:21:15,22.85,--,99,226215,买盘
365,14:21:12,22.85,--,192,438720,买盘
366,14:21:09,22.85,0.01,501,1144785,买盘
367,14:21:06,22.84,0.02,51,116484,买盘
368,14:20:57,22.82,--,94,214508,买盘
369,14:20:54,22.82,--,4,9128,买盘
370,14:20:51,22.82,0.02,7,16681,买盘
371,14:20:48,22.8,--,1,3762,买盘
372,14:20:45,22.8,--,30,68400,买盘
373,14:20:42,22.8,--,17,38760,买盘
374,14:20:39,22.8,--,2,4560,买盘
375,14:20:36,22.8,--,79,180120,买盘
376,14:20:30,22.8,-0.01,38,86640,卖盘
377,14:20:24,22.81,--,5,11405,买盘
378,14:20:21,22.81,--,5,11405,买盘
379,14:20:09,22.81,0.01,104,237224,买盘
380,14:20:06,22.8,0.02,6,13680,买盘
381,14:19:45,22.78,-0.02,72,164016,卖盘
382,14:19:42,22.8,--,2,4560,买盘
383,14:19:39,22.8,--,1,2280,买盘
384,14:19:36,22.8,0.01,1,2280,买盘
385,14:19:33,22.79,-0.01,158,361586,卖盘
386,14:19:24,22.8,--,10,22800,买盘
387,14:19:21,22.8,0.01,1,2280,买盘
388,14:19:15,22.79,-0.01,6,13674,卖盘
389,14:19:09,22.8,0.01,2,4560,买盘
390,14:19:03,22.79,--,44,100276,卖盘
391,14:18:57,22.79,--,70,159530,卖盘
392,14:18:48,22.79,-0.01,25,56975,卖盘
393,14:18:36,22.8,--,1,2280,买盘
394,14:18:33,22.8,--,6,13680,买盘
395,14:18:30,22.8,-0.01,3,6840,卖盘
396,14:18:18,22.81,0.02,12,27372,买盘
397,14:18:09,22.79,-0.02,100,227900,卖盘
398,14:18:06,22.81,--,4,9124,买盘
399,14:17:42,22.81,--,50,114050,买盘
400,14:17:36,22.81,--,69,158894,买盘
401,14:17:33,22.81,--,15,34215,买盘
402,14:17:30,22.81,--,1,2281,买盘
403,14:17:24,22.81,-0.01,83,190896,卖盘
404,14:17:21,22.82,0.01,5,11410,买盘
405,14:17:15,22.81,-0.01,50,114050,卖盘
406,14:17:12,22.82,--,25,57050,买盘
407,14:17:09,22.82,--,8,18256,买盘
408,14:17:06,22.82,--,1,2282,买盘
409,14:17:03,22.82,--,36,82152,买盘
410,14:17:00,22.82,0.01,1,2282,买盘
411,14:16:54,22.81,-0.01,50,114050,卖盘
412,14:16:51,22.82,0.01,1,2282,买盘
413,14:16:39,22.81,-0.01,111,254673,卖盘
414,14:16:36,22.82,--,10,22820,买盘
415,14:16:27,22.82,0.01,3,6846,买盘
416,14:16:24,22.81,--,50,114050,卖盘
417,14:16:15,22.81,0.01,49,113274,买盘
418,14:16:06,22.8,-0.01,31,70680,卖盘
419,14:15:48,22.81,--,5,11405,买盘
420,14:15:42,22.81,--,5,11405,买盘
421,14:15:39,22.81,-0.01,20,45620,卖盘
422,14:15:36,22.82,--,1,2282,买盘
423,14:15:24,22.82,--,1,2282,中性盘
424,14:15:18,22.82,--,2,4564,买盘
425,14:15:06,22.82,0.02,1,2282,买盘
426,14:15:03,22.8,-0.02,20,45600,卖盘
427,14:14:48,22.82,0.01,6,13692,买盘
428,14:14:45,22.81,0.01,1,2281,中性盘
429,14:14:42,22.8,-0.02,108,247699,卖盘
430,14:14:39,22.82,0.02,100,228200,买盘
431,14:14:33,22.8,-0.01,100,228000,卖盘
432,14:14:30,22.81,-0.01,101,230381,卖盘
433,14:14:18,22.82,0.02,4,9128,买盘
434,14:14:15,22.8,-0.01,81,184680,卖盘
435,14:14:12,22.81,--,8,19776,买盘
436,14:14:09,22.81,--,5,11405,买盘
437,14:14:06,22.81,--,36,82868,卖盘
438,14:13:45,22.81,-0.01,58,133803,卖盘
439,14:13:39,22.82,0.01,8,19054,买盘
440,14:13:36,22.81,-0.01,101,230381,卖盘
441,14:13:33,22.82,0.01,13,29666,中性盘
442,14:13:27,22.81,-0.03,52,118612,卖盘
443,14:13:24,22.84,--,1,2284,买盘
444,14:13:18,22.84,--,42,96065,卖盘
445,14:13:12,22.84,--,47,109494,买盘
446,14:13:00,22.84,0.01,4,9136,买盘
447,14:12:57,22.83,-0.01,4,9268,卖盘
448,14:12:45,22.84,0.01,64,147660,买盘
449,14:12:39,22.83,-0.01,20,45660,卖盘
450,14:12:36,22.84,--,1,2284,买盘
451,14:12:15,22.84,0.01,10,22840,买盘
452,14:12:06,22.83,0.02,99,226679,买盘
453,14:11:51,22.81,--,31,72216,买盘
454,14:11:48,22.81,-0.02,27,61587,卖盘
455,14:11:45,22.83,0.02,8,18264,买盘
456,14:11:36,22.81,--,71,161951,卖盘
457,14:11:33,22.81,--,16,36496,买盘
458,14:11:27,22.81,-0.02,4,9124,中性盘
459,14:11:18,22.83,0.02,227,518240,买盘
460,14:11:03,22.81,-0.01,26,59306,卖盘
461,14:10:54,22.82,--,17,38794,买盘
462,14:10:45,22.82,--,11,25900,卖盘
463,14:10:42,22.82,--,1,3765,买盘
464,14:10:36,22.82,--,4,9128,买盘
465,14:10:33,22.82,--,13,29666,买盘
466,14:10:21,22.82,--,5,11410,买盘
467,14:10:12,22.82,--,27,61614,买盘
468,14:10:06,22.82,0.02,1,2282,买盘
469,14:09:51,22.8,-0.01,58,132240,卖盘
470,14:09:42,22.81,-0.01,25,57025,卖盘
471,14:09:39,22.82,-0.01,4,9128,卖盘
472,14:09:36,22.83,0.01,1,2283,买盘
473,14:09:21,22.82,--,26,59332,买盘
474,14:09:18,22.82,--,18,41076,买盘
475,14:09:06,22.82,--,1,2282,买盘
476,14:09:03,22.82,0.02,5,11410,买盘
477,14:08:54,22.8,--,58,133744,卖盘
478,14:08:42,22.8,-0.01,200,456000,卖盘
479,14:08:24,22.81,-0.01,2,4562,卖盘
480,14:08:06,22.82,--,18,41076,买盘
481,14:07:54,22.82,-0.01,15,34230,卖盘
482,14:07:45,22.83,0.02,6,13697,买盘
483,14:07:21,22.81,--,4,9124,买盘
484,14:07:18,22.81,--,1,2281,买盘
485,14:07:12,22.81,--,7,15967,买盘
486,14:07:09,22.81,--,10,22810,买盘
487,14:07:06,22.81,0.01,1,2281,买盘
488,14:06:57,22.8,--,58,133744,卖盘
489,14:06:54,22.8,-0.01,50,114000,卖盘
490,14:06:48,22.81,--,10,22810,买盘
491,14:06:36,22.81,--,1,2281,买盘
492,14:06:33,22.81,--,60,136860,买盘
493,14:06:27,22.81,--,103,234943,买盘
494,14:06:09,22.81,-0.02,73,166513,卖盘
495,14:05:57,22.83,-0.01,73,167435,卖盘
496,14:05:45,22.84,--,1,2284,买盘
497,14:05:36,22.84,0.01,1,2284,买盘
498,14:05:30,22.83,--,149,341673,买盘
499,14:05:21,22.83,--,4,9132,买盘
500,14:05:06,22.83,--,2,4566,买盘
501,14:05:00,22.83,--,1,2283,买盘
502,14:04:57,22.83,--,34,77622,卖盘
503,14:04:42,22.83,-0.02,20,45660,中性盘
504,14:04:36,22.85,0.05,4,9140,买盘
505,14:04:33,22.8,-0.02,50,114000,卖盘
506,14:04:30,22.82,0.01,4,9128,中性盘
507,14:04:21,22.81,0.01,2,4562,中性盘
508,14:04:09,22.8,-0.06,50,114000,卖盘
509,14:04:06,22.86,0.06,5,11430,买盘
510,14:04:03,22.8,-0.02,58,133722,卖盘
511,14:03:57,22.82,0.01,96,220578,买盘
512,14:03:54,22.81,-0.01,58,132298,卖盘
513,14:03:51,22.82,--,19,43358,买盘
514,14:03:36,22.82,--,14,31948,买盘
515,14:03:18,22.82,--,11,25102,买盘
516,14:03:15,22.82,--,23,52486,买盘
517,14:03:06,22.82,--,2,4564,买盘
518,14:03:03,22.82,-0.02,485,1106770,卖盘
519,14:03:00,22.84,-0.01,1,2284,中性盘
520,14:02:54,22.85,--,103,235355,买盘
521,14:02:51,22.85,0.03,2,4570,中性盘
522,14:02:42,22.82,-0.04,25,57050,卖盘
523,14:02:39,22.86,--,117,268719,买盘
524,14:02:36,22.86,--,7,16002,买盘
525,14:02:33,22.86,-0.01,18,41148,中性盘
526,14:02:18,22.87,--,1,2287,买盘
527,14:02:15,22.87,-0.01,63,144904,卖盘
528,14:02:12,22.88,0.01,135,308880,买盘
529,14:02:09,22.87,--,15,34305,卖盘
530,14:02:06,22.87,-0.01,59,136396,卖盘
531,14:01:57,22.88,--,140,320320,买盘
532,14:01:54,22.88,--,12,27456,买盘
533,14:01:48,22.88,0.01,12,27456,买盘
534,14:01:33,22.87,--,32,73184,买盘
535,14:01:30,22.87,0.02,14,32018,买盘
536,14:01:12,22.85,--,195,447380,卖盘
537,14:01:09,22.85,-0.01,58,134038,卖盘
538,14:01:06,22.86,0.01,73,166878,买盘
539,14:01:03,22.85,-0.01,2,4570,卖盘
540,14:01:00,22.86,--,4,9144,买盘
541,14:00:54,22.86,--,10,22860,买盘
542,14:00:45,22.86,--,2,4572,买盘
543,14:00:42,22.86,--,125,285750,买盘
544,14:00:39,22.86,--,1,2286,买盘
545,14:00:36,22.86,--,71,162306,买盘
546,14:00:30,22.86,--,8,18288,买盘
547,14:00:24,22.86,0.01,207,473202,买盘
548,14:00:18,22.85,0.02,4,9140,买盘
549,14:00:15,22.83,--,4,9132,买盘
550,14:00:12,22.83,0.03,38,86754,买盘
551,14:00:09,22.8,-0.01,119,272802,卖盘
552,14:00:06,22.81,0.01,7,15967,买盘
553,14:00:03,22.8,--,31,71295,买盘
554,13:59:57,22.8,--,22,50160,买盘
555,13:59:54,22.8,--,120,273600,买盘
556,13:59:51,22.8,--,22,50160,买盘
557,13:59:45,22.8,--,5,11400,买盘
558,13:59:42,22.8,--,50,114000,买盘
559,13:59:36,22.8,--,1,2280,买盘
560,13:59:33,22.8,--,12,27360,买盘
561,13:59:21,22.8,--,25,57000,买盘
562,13:59:15,22.8,--,5,11400,买盘
563,13:59:12,22.8,0.03,94,214320,买盘
564,13:59:06,22.77,-0.02,96,218592,卖盘
565,13:59:03,22.79,-0.01,10,22790,中性盘
566,13:59:00,22.8,--,3,6840,买盘
567,13:58:48,22.8,--,8,18240,买盘
568,13:58:45,22.8,--,5,11400,买盘
569,13:58:36,22.8,0.03,1,2280,买盘
570,13:58:18,22.77,--,40,92719,买盘
571,13:58:12,22.77,--,17,40803,卖盘
572,13:58:03,22.77,--,48,109478,买盘
573,13:57:57,22.77,0.01,12,27324,买盘
574,13:57:48,22.76,--,7,15932,卖盘
575,13:57:42,22.76,--,55,125180,买盘
576,13:57:36,22.76,0.01,1,2276,买盘
577,13:57:27,22.75,-0.01,80,182000,卖盘
578,13:57:24,22.76,0.01,5,11380,买盘
579,13:57:15,22.75,-0.01,58,133451,卖盘
580,13:57:12,22.76,--,20,45520,买盘
581,13:56:51,22.76,--,4,9104,买盘
582,13:56:36,22.76,--,1,2276,买盘
583,13:56:33,22.76,--,17,38692,卖盘
584,13:56:30,22.76,-0.01,100,227600,卖盘
585,13:56:15,22.77,--,44,102282,卖盘
586,13:56:12,22.77,-0.03,62,141174,卖盘
587,13:56:06,22.8,--,1,2280,买盘
588,13:55:42,22.8,0.03,9,20520,买盘
589,13:55:06,22.77,-0.01,150,341732,卖盘
590,13:54:57,22.78,--,1,2278,卖盘
591,13:54:30,22.78,--,3,6834,卖盘
592,13:54:21,22.78,-0.01,9,20502,中性盘
593,13:54:06,22.79,0.02,1,2279,买盘
594,13:53:57,22.77,-0.01,140,318780,卖盘
595,13:53:51,22.78,--,7,15946,卖盘
596,13:53:48,22.78,-0.01,80,182240,卖盘
597,13:53:24,22.79,--,6,13674,买盘
598,13:53:15,22.79,--,2,4558,买盘
599,13:53:12,22.79,--,5,11395,买盘
600,13:53:06,22.79,0.02,1,2279,买盘
601,13:52:54,22.77,--,6,13662,卖盘
602,13:52:48,22.77,-0.01,2,4554,卖盘
603,13:52:36,22.78,0.01,6,13668,买盘
604,13:52:27,22.77,--,5,11385,卖盘
605,13:52:06,22.77,-0.02,3,6831,卖盘
606,13:51:51,22.79,--,12,29444,买盘
607,13:51:42,22.79,--,10,22790,买盘
608,13:51:36,22.79,0.01,1,2279,买盘
609,13:51:24,22.78,-0.01,10,22780,卖盘
610,13:51:21,22.79,0.01,2,4558,中性盘
611,13:51:15,22.78,-0.02,10,22780,卖盘
612,13:51:12,22.8,0.02,450,1026000,买盘
613,13:51:06,22.78,-0.02,10,22780,卖盘
614,13:50:36,22.8,0.02,1,2280,买盘
615,13:50:33,22.78,-0.02,32,72896,卖盘
616,13:50:21,22.8,0.02,20,45600,买盘
617,13:50:18,22.78,-0.02,11,26971,卖盘
618,13:50:03,22.8,--,1,2280,买盘
619,13:49:39,22.8,--,2,4560,买盘
620,13:49:36,22.8,0.02,1,2280,买盘
621,13:49:33,22.78,-0.01,10,22780,卖盘
622,13:49:30,22.79,0.01,15,35666,买盘
623,13:49:27,22.78,-0.01,13,29614,卖盘
624,13:49:24,22.79,0.01,96,218784,买盘
625,13:49:21,22.78,--,38,88682,卖盘
626,13:49:00,22.78,-0.01,10,22780,卖盘
627,13:48:48,22.79,--,48,110189,卖盘
628,13:48:42,22.79,-0.01,8,18232,卖盘
629,13:48:36,22.8,0.01,2,4560,买盘
630,13:48:27,22.79,--,5,11395,卖盘
631,13:48:24,22.79,--,54,124547,卖盘
632,13:48:18,22.79,-0.01,10,22790,卖盘
633,13:48:12,22.8,--,2,4560,买盘
634,13:48:06,22.8,0.01,1,2280,买盘
635,13:48:00,22.79,-0.01,1,2279,卖盘
636,13:47:42,22.8,-0.01,2,4560,买盘
637,13:47:39,22.81,--,64,146873,卖盘
638,13:47:36,22.81,0.01,35,81226,买盘
639,13:47:24,22.8,--,37,84451,卖盘
640,13:47:18,22.8,-0.01,150,342000,卖盘
641,13:47:06,22.81,0.01,1,2281,买盘
642,13:46:54,22.8,0.01,104,239308,买盘
643,13:46:45,22.79,--,15,34185,买盘
644,13:46:42,22.79,--,10,22790,买盘
645,13:46:39,22.79,-0.01,110,250690,卖盘
646,13:46:36,22.8,--,2,4560,买盘
647,13:46:33,22.8,--,10,22800,买盘
648,13:46:30,22.8,--,3,6840,买盘
649,13:46:27,22.8,-0.01,53,122413,卖盘
650,13:46:18,22.81,--,5,11405,中性盘
651,13:46:06,22.81,0.01,8,18248,中性盘
652,13:45:54,22.8,-0.05,10,22800,卖盘
653,13:45:51,22.85,0.05,161,367885,买盘
654,13:45:30,22.8,--,38,88760,卖盘
655,13:45:27,22.8,-0.01,19,44961,卖盘
656,13:45:15,22.81,-0.01,41,93521,卖盘
657,13:45:09,22.82,--,8,18256,买盘
658,13:45:06,22.82,0.02,1,2282,买盘
659,13:44:57,22.8,-0.06,59,134520,卖盘
660,13:44:39,22.86,0.01,358,818388,买盘
661,13:44:36,22.85,0.05,9,20565,买盘
662,13:44:30,22.8,-0.06,58,133744,卖盘
663,13:44:18,22.86,--,5,11430,买盘
664,13:44:12,22.86,--,1,2286,买盘
665,13:44:09,22.86,--,80,182880,买盘
666,13:43:36,22.86,--,57,130302,买盘
667,13:43:33,22.86,--,76,175701,买盘
668,13:43:21,22.86,0.01,223,509778,买盘
669,13:43:18,22.85,0.05,23,52555,买盘
670,13:43:09,22.8,-0.02,64,145920,卖盘
671,13:43:03,22.82,--,6,13692,买盘
672,13:43:00,22.82,0.02,5,11410,买盘
673,13:42:54,22.8,--,22,50479,买盘
674,13:42:51,22.8,--,20,45600,买盘
675,13:42:48,22.8,--,5,11400,买盘
676,13:42:42,22.8,-0.06,32,74920,卖盘
677,13:42:36,22.86,0.01,94,214884,买盘
678,13:42:33,22.85,-0.01,60,138585,买盘
679,13:42:21,22.86,0.06,50,114300,买盘
680,13:42:12,22.8,-0.06,20,45600,卖盘
681,13:42:09,22.86,0.06,10,22860,买盘
682,13:42:03,22.8,--,3,6840,卖盘
683,13:41:42,22.8,-0.06,100,228000,卖盘
684,13:41:36,22.86,0.01,196,448673,买盘
685,13:41:33,22.85,--,1,2285,买盘
686,13:41:12,22.85,-0.02,35,80843,卖盘
687,13:41:06,22.87,--,5,11435,买盘
688,13:41:03,22.87,0.01,1,2287,买盘
689,13:40:57,22.86,--,101,230886,卖盘
690,13:40:54,22.86,--,11,25146,卖盘
691,13:40:51,22.86,--,2,4572,卖盘
692,13:40:39,22.86,0.01,107,246019,买盘
693,13:40:36,22.85,0.05,124,284848,买盘
694,13:40:21,22.8,-0.04,150,342000,卖盘
695,13:40:03,22.84,0.01,1,2284,买盘
696,13:40:00,22.83,-0.01,20,45660,卖盘
697,13:39:54,22.84,--,16,36544,买盘
698,13:39:48,22.84,--,6,13704,买盘
699,13:39:42,22.84,--,29,66236,买盘
700,13:39:39,22.84,-0.02,4,9136,卖盘
701,13:39:36,22.86,--,32,73152,买盘
702,13:39:30,22.86,--,40,92308,卖盘
703,13:39:27,22.86,-0.02,155,354330,卖盘
704,13:39:24,22.88,--,10,22880,买盘
705,13:39:21,22.88,--,39,89232,买盘
706,13:39:03,22.88,0.02,11,25168,买盘
707,13:38:42,22.86,-0.02,58,134073,卖盘
708,13:38:36,22.88,0.01,77,176176,买盘
709,13:38:33,22.87,0.01,5,11435,买盘
710,13:38:30,22.86,--,2,4572,卖盘
711,13:38:27,22.86,--,4,9144,卖盘
712,13:38:18,22.86,0.01,51,118803,买盘
713,13:38:03,22.85,0.03,221,504985,买盘
714,13:37:42,22.82,-0.02,58,133839,卖盘
715,13:37:36,22.84,0.01,45,102780,买盘
716,13:37:33,22.83,--,1,2283,买盘
717,13:37:24,22.83,--,5,11415,买盘
718,13:37:18,22.83,--,5,11415,买盘
719,13:37:09,22.83,--,1,2283,买盘
720,13:37:00,22.83,--,5,11415,买盘
721,13:36:57,22.83,--,5,11415,买盘
722,13:36:54,22.83,--,10,22830,买盘
723,13:36:45,22.83,-0.01,7,15980,卖盘
724,13:36:39,22.84,-0.01,10,22840,卖盘
725,13:36:36,22.85,--,19,43415,买盘
726,13:36:33,22.85,--,1,2285,买盘
727,13:36:09,22.85,--,10,22850,买盘
728,13:36:03,22.85,0.01,135,308475,买盘
729,13:35:54,22.84,--,9,20556,买盘
730,13:35:51,22.84,0.02,11,25124,买盘
731,13:35:48,22.82,-0.02,58,133839,卖盘
732,13:35:36,22.84,0.02,28,63952,买盘
733,13:35:33,22.82,--,3,6846,卖盘
734,13:35:12,22.82,--,4,10634,买盘
735,13:35:06,22.82,--,38,86716,买盘
736,13:34:48,22.82,-0.02,16,36512,卖盘
737,13:34:45,22.84,--,10,22840,买盘
738,13:34:36,22.84,--,38,86792,买盘
739,13:34:33,22.84,0.01,1,2284,买盘
740,13:34:27,22.83,0.01,7,15980,买盘
741,13:34:24,22.82,-0.01,10,22820,卖盘
742,13:34:21,22.83,--,1,2283,买盘
743,13:34:15,22.83,--,3,6848,买盘
744,13:34:09,22.83,--,12,27395,买盘
745,13:34:06,22.83,--,2,4566,买盘
746,13:34:03,22.83,--,1,2283,买盘
747,13:33:57,22.83,0.02,5,11415,买盘
748,13:33:51,22.81,-0.02,58,133757,卖盘
749,13:33:42,22.83,0.01,85,194055,买盘
750,13:33:39,22.82,--,1,2282,买盘
751,13:33:36,22.82,--,39,88998,买盘
752,13:33:33,22.82,0.01,4,9128,买盘
753,13:33:15,22.81,0.01,36,84305,买盘
754,13:33:03,22.8,--,11,25080,买盘
755,13:32:57,22.8,0.01,100,228000,买盘
756,13:32:51,22.79,-0.01,18,41819,卖盘
757,13:32:48,22.8,--,1,2280,买盘
758,13:32:36,22.8,0.01,25,57000,买盘
759,13:32:21,22.79,-0.01,1,2279,卖盘
760,13:32:03,22.8,--,1,2280,买盘
761,13:31:57,22.8,0.01,81,186162,买盘
762,13:31:54,22.79,-0.01,10,22790,卖盘
763,13:31:51,22.8,--,6,13680,买盘
764,13:31:45,22.8,--,1,2280,买盘
765,13:31:36,22.8,--,25,57000,买盘
766,13:31:27,22.8,0.01,3,6840,买盘
767,13:31:15,22.79,-0.01,50,113950,卖盘
768,13:31:12,22.8,--,15,34200,买盘
769,13:31:09,22.8,--,7,15960,买盘
770,13:31:03,22.8,--,1,2280,买盘
771,13:30:57,22.8,-0.01,23,52440,卖盘
772,13:30:36,22.81,--,20,45620,买盘
773,13:30:33,22.81,0.01,1,2281,买盘
774,13:30:30,22.8,--,4,9120,买盘
775,13:30:12,22.8,-0.01,4,9120,卖盘
776,13:29:57,22.81,-0.01,2,4562,中性盘
777,13:29:42,22.82,--,24,54768,买盘
778,13:29:36,22.82,0.02,15,34230,买盘
779,13:29:33,22.8,0.01,1,2280,买盘
780,13:29:27,22.79,--,4,9799,买盘
781,13:29:24,22.79,--,6,13674,买盘
782,13:29:09,22.79,--,9,20511,买盘
783,13:29:03,22.79,--,9,20511,买盘
784,13:29:00,22.79,-0.03,30,69167,卖盘
785,13:28:45,22.82,0.03,2,4564,买盘
786,13:28:36,22.79,-0.04,25,56975,卖盘
787,13:28:33,22.83,0.04,1,2283,买盘
788,13:28:30,22.79,0.01,2,6039,买盘
789,13:28:21,22.78,--,19,44785,买盘
790,13:28:15,22.78,--,25,56950,买盘
791,13:28:12,22.78,--,5,11390,买盘
792,13:28:09,22.78,--,10,22780,买盘
793,13:28:00,22.78,--,2,4556,卖盘
794,13:27:45,22.78,-0.01,10,22780,中性盘
795,13:27:36,22.79,0.01,10,22790,买盘
796,13:27:33,22.78,--,21,47838,买盘
797,13:27:06,22.78,--,2,4556,买盘
798,13:27:03,22.78,-0.02,28,63784,中性盘
799,13:26:45,22.8,0.03,48,109440,买盘
800,13:26:30,22.77,-0.03,2,4554,中性盘
801,13:26:06,22.8,-0.04,2,4560,卖盘
802,13:26:03,22.84,--,1,2284,买盘
803,13:25:51,22.84,--,12,28207,卖盘
804,13:25:48,22.84,--,50,114200,卖盘
805,13:25:45,22.84,--,25,57100,卖盘
806,13:25:33,22.84,0.04,115,264144,买盘
807,13:25:30,22.8,--,10,22800,买盘
808,13:25:09,22.8,-0.05,3,6840,卖盘
809,13:25:03,22.85,--,22,50270,买盘
810,13:24:57,22.85,--,10,22850,买盘
811,13:24:45,22.85,-0.01,1,2285,买盘
812,13:24:42,22.86,--,7,16779,卖盘
813,13:24:39,22.86,0.01,281,643874,买盘
814,13:24:36,22.85,--,7,16771,卖盘
815,13:24:33,22.85,-0.01,21,47985,卖盘
816,13:24:30,22.86,--,12,27432,买盘
817,13:24:21,22.86,0.01,2,4572,中性盘
818,13:24:15,22.85,--,5,11425,卖盘
819,13:24:09,22.85,--,68,156888,卖盘
820,13:24:06,22.85,-0.02,112,255920,卖盘
821,13:24:03,22.87,0.07,287,656369,买盘
822,13:23:57,22.8,--,10,22800,买盘
823,13:23:33,22.8,0.02,101,230280,买盘
824,13:23:30,22.78,--,5,11390,卖盘
825,13:23:21,22.78,0.03,16,36448,买盘
826,13:23:12,22.75,--,58,133428,卖盘
827,13:23:09,22.75,0.01,30,70411,买盘
828,13:23:06,22.74,--,8,18305,卖盘
829,13:22:51,22.74,0.01,41,95394,买盘
830,13:22:45,22.73,--,1,2273,买盘
831,13:22:42,22.73,--,10,22730,买盘
832,13:22:33,22.73,--,1,2273,买盘
833,13:22:24,22.73,0.01,11,25003,买盘
834,13:22:21,22.72,-0.01,4,9088,卖盘
835,13:22:15,22.73,--,8,18184,买盘
836,13:22:12,22.73,--,29,67530,卖盘
837,13:21:54,22.73,--,3,6819,卖盘
838,13:21:39,22.73,-0.01,5,11365,卖盘
839,13:21:33,22.74,0.01,11,25014,买盘
840,13:21:15,22.73,--,58,133288,卖盘
841,13:21:03,22.73,--,2,4546,卖盘
842,13:20:54,22.73,--,10,22730,卖盘
843,13:20:51,22.73,-0.01,1,2273,卖盘
844,13:20:36,22.74,0.01,1,2274,买盘
845,13:20:33,22.73,-0.01,5,11365,卖盘
846,13:20:21,22.74,--,1,2274,买盘
847,13:20:18,22.74,-0.01,5,11370,卖盘
848,13:20:12,22.75,0.01,6,13650,买盘
849,13:20:09,22.74,-0.01,20,45480,卖盘
850,13:20:03,22.75,--,1,2275,买盘
851,13:19:57,22.75,-0.01,14,31850,中性盘
852,13:19:42,22.76,--,10,22760,买盘
853,13:19:36,22.76,0.01,20,45520,买盘
854,13:19:33,22.75,--,28,63700,买盘
855,13:19:30,22.75,--,123,280757,卖盘
856,13:19:27,22.75,-0.01,2,4550,卖盘
857,13:19:18,22.76,--,4,9877,卖盘
858,13:19:12,22.76,0.01,17,40194,买盘
859,13:19:06,22.75,-0.01,12,29279,卖盘
860,13:19:03,22.76,--,21,47796,买盘
861,13:18:39,22.76,--,1,2276,买盘
862,13:18:36,22.76,--,9,20484,买盘
863,13:18:21,22.76,-0.02,10,22760,卖盘
864,13:18:06,22.78,--,10,22780,买盘
865,13:18:03,22.78,0.03,1,2278,买盘
866,13:18:00,22.75,-0.03,11,25025,卖盘
867,13:17:48,22.78,0.03,5,11390,买盘
868,13:17:33,22.75,0.01,43,99463,买盘
869,13:17:30,22.74,--,10,22740,买盘
870,13:17:24,22.74,-0.01,20,45661,卖盘
871,13:17:18,22.75,--,200,455000,买盘
872,13:17:15,22.75,--,3,6825,买盘
873,13:17:03,22.75,0.01,5,13468,买盘
874,13:16:51,22.74,--,34,77316,买盘
875,13:16:45,22.74,--,1,2274,买盘
876,13:16:42,22.74,--,7,15917,买盘
877,13:16:33,22.74,--,3,6821,买盘
878,13:16:30,22.74,--,5,11370,买盘
879,13:16:24,22.74,--,8,19852,卖盘
880,13:16:09,22.74,--,5,11370,卖盘
881,13:15:57,22.74,--,3,6821,卖盘
882,13:15:51,22.74,--,9,21079,买盘
883,13:15:48,22.74,--,7,15917,买盘
884,13:15:45,22.74,--,14,31835,买盘
885,13:15:42,22.74,--,5,11370,买盘
886,13:15:39,22.74,--,10,22740,买盘
887,13:15:33,22.74,--,1,2274,买盘
888,13:15:27,22.74,-0.01,13,30448,卖盘
889,13:15:21,22.75,0.01,1,2275,买盘
890,13:15:18,22.74,-0.01,9,20466,卖盘
891,13:15:12,22.75,0.01,2,4550,买盘
892,13:15:00,22.74,--,18,42319,买盘
893,13:14:54,22.74,--,5,11370,买盘
894,13:14:48,22.74,--,1,2274,买盘
895,13:14:45,22.74,--,10,22740,买盘
896,13:14:36,22.74,--,1,2274,买盘
897,13:14:33,22.74,--,1,2274,买盘
898,13:14:27,22.74,-0.01,22,50118,卖盘
899,13:14:09,22.75,--,15,34125,买盘
900,13:14:06,22.75,--,1,2275,买盘
901,13:14:00,22.75,--,11,25025,买盘
902,13:13:57,22.75,0.01,1,2275,买盘
903,13:13:39,22.74,--,14,34019,买盘
904,13:13:33,22.74,--,6,13643,买盘
905,13:13:30,22.74,-0.01,38,87981,卖盘
906,13:13:27,22.75,--,10,22750,买盘
907,13:13:24,22.75,--,51,116025,买盘
908,13:13:15,22.75,--,1,2275,买盘
909,13:13:09,22.75,--,50,113750,买盘
910,13:13:03,22.75,--,1,2275,买盘
911,13:13:00,22.75,0.01,3,6825,买盘
912,13:12:48,22.74,--,8,18896,买盘
913,13:12:39,22.74,--,20,45480,买盘
914,13:12:30,22.74,-0.01,30,68993,卖盘
915,13:12:24,22.75,--,2,4550,买盘
916,13:12:15,22.75,--,19,43225,买盘
917,13:12:03,22.75,0.01,1,2275,买盘
918,13:11:57,22.74,-0.01,20,45480,卖盘
919,13:11:54,22.75,--,5,11375,买盘
920,13:11:48,22.75,0.01,50,113750,买盘
921,13:11:39,22.74,--,36,83364,买盘
922,13:11:33,22.74,-0.01,33,75042,卖盘
923,13:11:06,22.75,--,5,11375,买盘
924,13:11:03,22.75,--,51,116025,买盘
925,13:10:57,22.75,--,20,45500,买盘
926,13:10:54,22.75,0.02,70,159250,买盘
927,13:10:51,22.73,-0.01,20,45460,卖盘
928,13:10:42,22.74,0.01,9,21944,买盘
929,13:10:39,22.73,--,4,9092,买盘
930,13:10:36,22.73,--,48,109104,卖盘
931,13:10:27,22.73,0.02,2,4546,中性盘
932,13:10:03,22.71,0.01,47,106737,卖盘
933,13:09:39,22.7,-0.01,58,133158,卖盘
934,13:09:36,22.71,--,31,70401,买盘
935,13:09:33,22.71,--,1,2271,买盘
936,13:09:27,22.71,0.01,10,22710,买盘
937,13:09:21,22.7,--,4,9080,卖盘
938,13:09:12,22.7,--,12,27240,卖盘
939,13:08:54,22.7,--,1,2270,卖盘
940,13:08:39,22.7,-0.01,58,133112,卖盘
941,13:08:33,22.71,--,8,18168,买盘
942,13:08:30,22.71,--,2,4542,买盘
943,13:07:42,22.71,-0.03,9,21233,卖盘
944,13:07:33,22.74,0.03,1,2274,买盘
945,13:07:30,22.71,-0.01,20,45420,卖盘
946,13:07:27,22.72,--,0,1476,买盘
947,13:07:09,22.72,--,6,13632,买盘
948,13:07:03,22.72,--,20,45440,买盘
949,13:07:00,22.72,--,3,6816,买盘
950,13:06:48,22.72,--,5,11360,买盘
951,13:06:42,22.72,-0.02,24,54528,卖盘
952,13:06:33,22.74,0.02,1,2274,买盘
953,13:06:18,22.72,-0.02,6,13632,卖盘
954,13:06:03,22.74,0.04,20,46844,买盘
955,13:06:00,22.7,0.01,6,13620,买盘
956,13:05:57,22.69,-0.01,100,226900,卖盘
957,13:05:54,22.7,--,6,13620,买盘
958,13:05:48,22.7,--,2,4540,买盘
959,13:05:45,22.7,--,25,56886,卖盘
960,13:05:21,22.7,--,15,34050,卖盘
961,13:05:15,22.7,--,31,72503,买盘
962,13:05:06,22.7,--,26,59020,买盘
963,13:05:03,22.7,--,1,2270,买盘
964,13:05:00,22.7,--,136,308856,卖盘
965,13:04:48,22.7,-0.01,58,133112,卖盘
966,13:04:42,22.71,--,25,57456,买盘
967,13:04:36,22.71,--,3,6813,买盘
968,13:04:33,22.71,--,2,4542,买盘
969,13:04:24,22.71,--,69,158288,卖盘
970,13:04:12,22.71,-0.03,5,11355,卖盘
971,13:04:09,22.74,--,1,2274,买盘
972,13:04:03,22.74,--,1,2274,买盘
973,13:03:57,22.74,0.03,2,4548,买盘
974,13:03:48,22.71,-0.03,58,133216,卖盘
975,13:03:45,22.74,0.02,30,68220,买盘
976,13:03:42,22.72,-0.02,12,28036,卖盘
977,13:03:30,22.74,--,1,2274,买盘
978,13:03:24,22.74,--,10,22740,买盘
979,13:03:03,22.74,--,3,6821,买盘
980,13:03:00,22.74,0.02,5,11370,买盘
981,13:02:51,22.72,-0.03,13,29536,卖盘
982,13:02:39,22.75,--,18,40950,买盘
983,13:02:33,22.75,--,1,2275,买盘
984,13:02:03,22.75,0.02,2,4550,买盘
985,13:01:51,22.73,--,58,133334,卖盘
986,13:01:45,22.73,--,2,4546,卖盘
987,13:01:36,22.73,--,3,6819,买盘
988,13:01:33,22.73,0.01,1,2273,买盘
989,13:01:06,22.72,-0.01,2,4544,中性盘
990,13:00:33,22.73,0.02,1,2273,买盘
991,13:00:21,22.71,--,5,11355,卖盘
992,13:00:06,22.71,--,68,154428,卖盘
993,13:00:03,22.71,--,425,966514,买盘
994,13:00:00,22.71,--,0,0,买盘
995,11:30:00,22.71,--,13,29523,买盘
996,11:29:57,22.71,-0.01,54,124223,卖盘
997,11:29:54,22.72,--,8,18176,买盘
998,11:29:51,22.72,--,94,213568,买盘
999,11:29:45,22.72,--,105,238560,买盘
1000,11:29:42,22.72,-0.03,273,620755,卖盘
1001,11:29:36,22.75,--,1,2275,买盘
1002,11:29:33,22.75,--,1,2275,买盘
1003,11:29:30,22.75,0.02,5,11375,买盘
1004,11:29:18,22.73,--,10,22730,卖盘
1005,11:29:12,22.73,0.01,58,133606,买盘
1006,11:29:03,22.72,0.01,25,56800,买盘
1007,11:28:57,22.71,-0.01,58,133216,卖盘
1008,11:28:51,22.72,0.01,19,43168,卖盘
1009,11:28:48,22.71,-0.02,39,90022,卖盘
1010,11:28:45,22.73,0.01,1,2273,买盘
1011,11:28:42,22.72,--,25,56800,买盘
1012,11:28:36,22.72,--,59,134048,卖盘
1013,11:28:30,22.72,--,9,20448,卖盘
1014,11:28:27,22.72,-0.01,38,86336,卖盘
1015,11:28:24,22.73,--,10,22730,买盘
1016,11:28:21,22.73,0.02,6,13638,买盘
1017,11:28:18,22.71,-0.02,50,113550,卖盘
1018,11:28:06,22.73,--,121,275533,卖盘
1019,11:28:00,22.73,--,65,149222,卖盘
1020,11:27:57,22.73,--,10,22730,卖盘
1021,11:27:54,22.73,-0.01,271,616278,卖盘
1022,11:27:48,22.74,-0.01,40,90960,卖盘
1023,11:27:42,22.75,0.02,21,47775,买盘
1024,11:27:33,22.73,-0.02,20,45460,卖盘
1025,11:27:30,22.75,--,1,2275,买盘
1026,11:27:27,22.75,--,5,11375,买盘
1027,11:27:18,22.75,--,2,4550,买盘
1028,11:27:09,22.75,--,3,6825,买盘
1029,11:27:06,22.75,--,52,119710,卖盘
1030,11:27:00,22.75,-0.01,67,153926,卖盘
1031,11:26:54,22.76,--,11,25036,卖盘
1032,11:26:42,22.76,-0.03,3,6828,卖盘
1033,11:26:36,22.79,0.04,1,2279,买盘
1034,11:26:33,22.75,--,2,4550,卖盘
1035,11:26:30,22.75,-0.04,70,159250,卖盘
1036,11:26:24,22.79,0.03,6,13674,买盘
1037,11:26:18,22.76,-0.02,272,619072,卖盘
1038,11:26:09,22.78,-0.01,3,6834,卖盘
1039,11:26:06,22.79,--,87,198273,买盘
1040,11:26:03,22.79,-0.01,19,44873,卖盘
1041,11:25:57,22.8,--,6,13680,买盘
1042,11:25:51,22.8,--,245,558600,卖盘
1043,11:25:45,22.8,--,1,2280,卖盘
1044,11:25:30,22.8,0.01,78,177840,买盘
1045,11:25:24,22.79,-0.01,2,4558,卖盘
1046,11:25:12,22.8,--,14,31920,买盘
1047,11:25:06,22.8,0.01,59,136024,买盘
1048,11:24:54,22.79,-0.01,6,13674,卖盘
1049,11:24:51,22.8,0.01,3,6840,买盘
1050,11:24:48,22.79,-0.01,4,9116,卖盘
1051,11:24:45,22.8,--,9,20520,买盘
1052,11:24:42,22.8,-0.01,200,456000,卖盘
1053,11:24:36,22.81,0.02,1,2281,买盘
1054,11:24:24,22.79,--,2,4558,卖盘
1055,11:24:15,22.79,--,13,31108,买盘
1056,11:24:06,22.79,--,45,102555,卖盘
1057,11:23:57,22.79,--,10,22790,卖盘
1058,11:23:48,22.79,-0.02,2,4558,卖盘
1059,11:23:36,22.81,--,1,2281,买盘
1060,11:23:24,22.81,--,17,38777,买盘
1061,11:23:21,22.81,0.03,1,2281,买盘
1062,11:23:09,22.78,--,58,133627,卖盘
1063,11:23:06,22.78,--,3,6834,卖盘
1064,11:23:03,22.78,--,11,26060,买盘
1065,11:22:57,22.78,0.01,30,68340,买盘
1066,11:22:54,22.77,-0.01,3,6831,卖盘
1067,11:22:51,22.78,0.01,1,2278,买盘
1068,11:22:48,22.77,-0.01,4,9108,卖盘
1069,11:22:42,22.78,0.01,15,34170,买盘
1070,11:22:39,22.77,--,6,13662,卖盘
1071,11:22:36,22.77,-0.01,2,4554,卖盘
1072,11:22:30,22.78,--,2,4556,买盘
1073,11:22:12,22.78,--,1,2733,卖盘
1074,11:22:06,22.78,0.01,0,1822,中性盘
1075,11:21:48,22.77,--,3,6831,卖盘
1076,11:21:45,22.77,-0.01,3,9039,卖盘
1077,11:21:42,22.78,--,15,34170,买盘
1078,11:21:39,22.78,--,20,45560,买盘
1079,11:21:36,22.78,--,10,22780,买盘
1080,11:21:33,22.78,--,5,11390,买盘
1081,11:21:30,22.78,--,6,13668,买盘
1082,11:21:24,22.78,--,1,2278,买盘
1083,11:21:12,22.78,-0.04,16,38019,卖盘
1084,11:21:06,22.82,0.04,1,2282,买盘
1085,11:20:51,22.78,-0.04,4,9112,卖盘
1086,11:20:48,22.82,0.01,2,4564,买盘
1087,11:20:45,22.81,0.03,2,5269,买盘
1088,11:20:42,22.78,--,2,4556,买盘
1089,11:20:39,22.78,--,8,18224,买盘
1090,11:20:30,22.78,--,25,56950,买盘
1091,11:20:27,22.78,0.01,4,9112,买盘
1092,11:20:24,22.77,-0.01,2,4554,卖盘
1093,11:20:18,22.78,-0.02,259,591573,卖盘
1094,11:20:15,22.8,-0.01,58,133722,卖盘
1095,11:20:06,22.81,--,1,2281,买盘
1096,11:20:03,22.81,--,1,2281,买盘
1097,11:19:54,22.81,--,5,11405,买盘
1098,11:19:48,22.81,0.01,7,15967,买盘
1099,11:19:24,22.8,--,2,4560,卖盘
1100,11:19:12,22.8,-0.02,12,27360,卖盘
1101,11:19:06,22.82,0.01,1,2282,买盘
1102,11:19:03,22.81,--,1,2281,买盘
1103,11:19:00,22.81,-0.01,7,15967,中性盘
1104,11:18:54,22.82,--,21,48743,买盘
1105,11:18:48,22.82,0.01,10,22820,买盘
1106,11:18:36,22.81,--,15,34215,卖盘
1107,11:18:27,22.81,--,12,27372,卖盘
1108,11:18:24,22.81,--,2,4562,卖盘
1109,11:18:21,22.81,--,18,41058,卖盘
1110,11:18:18,22.81,-0.01,78,179377,卖盘
1111,11:18:06,22.82,0.01,1,2282,买盘
1112,11:18:00,22.81,--,3,6843,卖盘
1113,11:17:54,22.81,--,2,4562,卖盘
1114,11:17:48,22.81,-0.01,2,4562,卖盘
1115,11:17:36,22.82,--,1,2282,买盘
1116,11:17:33,22.82,--,3,6846,买盘
1117,11:17:21,22.82,--,15,34230,卖盘
1118,11:16:54,22.82,-0.02,3,6846,卖盘
1119,11:16:48,22.84,--,8,18272,买盘
1120,11:16:36,22.84,--,1,2284,买盘
1121,11:16:27,22.84,0.03,10,22840,买盘
1122,11:16:24,22.81,--,2,4562,卖盘
1123,11:16:18,22.81,-0.04,4,9124,卖盘
1124,11:16:12,22.85,--,4,9140,卖盘
1125,11:15:54,22.85,0.04,20,45700,买盘
1126,11:15:45,22.81,--,4,9124,买盘
1127,11:15:39,22.81,--,9,20529,买盘
1128,11:15:36,22.81,--,1,2281,买盘
1129,11:15:33,22.81,--,4,9124,买盘
1130,11:15:24,22.81,--,2,4562,卖盘
1131,11:15:18,22.81,0.01,2,4562,卖盘
1132,11:15:12,22.8,--,58,133744,卖盘
1133,11:14:42,22.8,--,64,145920,买盘
1134,11:14:39,22.8,--,17,38760,买盘
1135,11:14:36,22.8,--,1,2280,买盘
1136,11:14:33,22.8,--,1,2280,买盘
1137,11:14:27,22.8,--,61,139080,买盘
1138,11:14:24,22.8,0.02,1,2280,买盘
1139,11:14:21,22.78,0.01,30,68340,卖盘
1140,11:14:15,22.77,-0.03,58,133546,卖盘
1141,11:14:09,22.8,--,10,22800,买盘
1142,11:14:06,22.8,--,1,2280,买盘
1143,11:14:00,22.8,0.03,12,27360,买盘
1144,11:13:54,22.77,-0.03,20,45540,卖盘
1145,11:13:45,22.8,--,25,57000,买盘
1146,11:13:39,22.8,-0.05,163,371640,卖盘
1147,11:13:21,22.85,--,9,20565,卖盘
1148,11:13:18,22.85,--,3,6855,卖盘
1149,11:13:12,22.85,--,4,9140,卖盘
1150,11:13:09,22.85,-0.01,3,6855,卖盘
1151,11:13:06,22.86,0.01,1,2286,买盘
1152,11:13:03,22.85,--,5,11425,卖盘
1153,11:12:54,22.85,--,9,20565,卖盘
1154,11:12:51,22.85,--,3,6855,卖盘
1155,11:12:48,22.85,-0.01,11,25135,卖盘
1156,11:12:06,22.86,0.01,1,2286,买盘
1157,11:12:00,22.85,-0.01,10,22850,卖盘
1158,11:11:33,22.86,-0.02,4,9144,卖盘
1159,11:11:18,22.88,--,5,11440,买盘
1160,11:11:06,22.88,0.02,1,2288,买盘
1161,11:11:03,22.86,--,4,9144,卖盘
1162,11:11:00,22.86,-0.02,4,9144,卖盘
1163,11:10:54,22.88,--,1,2288,买盘
1164,11:10:36,22.88,0.02,1,2288,买盘
1165,11:10:15,22.86,--,4,9144,卖盘
1166,11:10:03,22.86,--,1,2286,卖盘
1167,11:10:00,22.86,--,3,6858,卖盘
1168,11:09:54,22.86,-0.01,30,68580,卖盘
1169,11:09:51,22.87,-0.01,4,9148,卖盘
1170,11:09:42,22.88,--,10,22880,买盘
1171,11:09:36,22.88,--,73,167024,卖盘
1172,11:09:24,22.88,--,2,4576,卖盘
1173,11:09:15,22.88,--,42,96096,卖盘
1174,11:09:09,22.88,--,313,716144,卖盘
1175,11:09:06,22.88,--,10,22880,卖盘
1176,11:08:57,22.88,-0.02,20,45760,卖盘
1177,11:08:39,22.9,-0.01,3,6870,卖盘
1178,11:08:36,22.91,0.01,1,2291,买盘
1179,11:08:30,22.9,0.02,197,451130,买盘
1180,11:08:24,22.88,--,20,45760,中性盘
1181,11:08:18,22.88,--,1,2288,买盘
1182,11:08:15,22.88,--,4,9152,卖盘
1183,11:08:09,22.88,--,29,66763,买盘
1184,11:08:06,22.88,--,44,100672,买盘
1185,11:07:57,22.88,--,10,22880,买盘
1186,11:07:36,22.88,--,136,311168,卖盘
1187,11:07:33,22.88,--,14,32032,卖盘
1188,11:07:27,22.88,0.01,173,395824,买盘
1189,11:07:24,22.87,--,2,4574,买盘
1190,11:07:15,22.87,--,4,9148,买盘
1191,11:07:12,22.87,--,10,22870,买盘
1192,11:07:06,22.87,0.01,1,2287,买盘
1193,11:06:51,22.86,--,5,11430,卖盘
1194,11:06:48,22.86,--,13,29718,买盘
1195,11:06:45,22.86,--,2,4572,买盘
1196,11:06:36,22.86,0.01,8,18288,买盘
1197,11:06:33,22.85,--,12,27420,卖盘
1198,11:06:24,22.85,--,10,22850,卖盘
1199,11:06:09,22.85,--,11,25135,买盘
1200,11:06:06,22.85,0.01,5,11425,买盘
1201,11:06:03,22.84,-0.01,6,13704,卖盘
1202,11:06:00,22.85,0.01,1,2285,买盘
1203,11:05:54,22.84,-0.01,9,20556,卖盘
1204,11:05:51,22.85,0.01,2,4570,买盘
1205,11:05:24,22.84,--,21,47964,买盘
1206,11:05:15,22.84,--,6,13704,买盘
1207,11:05:12,22.84,--,31,70804,买盘
1208,11:05:06,22.84,-0.01,48,109632,卖盘
1209,11:05:00,22.85,--,1,2285,买盘
1210,11:04:48,22.85,0.01,2,4570,买盘
1211,11:04:39,22.84,0.01,8,18272,买盘
1212,11:04:36,22.83,-0.01,5,11415,中性盘
1213,11:04:18,22.84,0.03,2,4568,买盘
1214,11:04:12,22.81,0.01,20,45620,中性盘
1215,11:04:06,22.8,--,31,70680,卖盘
1216,11:04:00,22.8,--,14,31920,买盘
1217,11:03:54,22.8,--,2,4560,买盘
1218,11:03:51,22.8,--,3,6840,买盘
1219,11:03:45,22.8,--,1,2280,买盘
1220,11:03:42,22.8,--,9,20520,卖盘
1221,11:03:36,22.8,--,5,11400,买盘
1222,11:03:30,22.8,0.03,14,31920,买盘
1223,11:03:24,22.77,-0.03,200,455400,卖盘
1224,11:03:21,22.8,--,1,2280,买盘
1225,11:03:18,22.8,--,2,4560,中性盘
1226,11:03:06,22.8,--,12,27360,卖盘
1227,11:03:00,22.8,--,11,25080,卖盘
1228,11:02:51,22.8,--,40,91200,卖盘
1229,11:02:45,22.8,--,5,11400,卖盘
1230,11:02:42,22.8,-0.01,24,54720,卖盘
1231,11:02:36,22.81,0.02,15,34215,买盘
1232,11:02:27,22.79,-0.01,2,4558,卖盘
1233,11:02:24,22.8,0.01,6,13680,买盘
1234,11:02:21,22.79,--,5,11395,卖盘
1235,11:02:15,22.79,-0.01,3,6837,卖盘
1236,11:02:12,22.8,0.01,2,4560,买盘
1237,11:02:09,22.79,--,40,91160,卖盘
1238,11:02:06,22.79,-0.01,4,9116,卖盘
1239,11:01:45,22.8,--,3,6840,买盘
1240,11:01:42,22.8,-0.01,19,43320,卖盘
1241,11:01:36,22.81,0.01,6,13686,买盘
1242,11:01:24,22.8,--,2,4560,卖盘
1243,11:01:21,22.8,--,13,29640,卖盘
1244,11:01:15,22.8,--,3,6840,卖盘
1245,11:01:09,22.8,--,7,15960,卖盘
1246,11:01:06,22.8,--,4,9120,卖盘
1247,11:00:57,22.8,-0.01,20,45600,卖盘
1248,11:00:39,22.81,--,6,13686,买盘
1249,11:00:36,22.81,0.01,1,2281,买盘
1250,11:00:33,22.8,-0.01,5,11400,卖盘
1251,11:00:24,22.81,-0.01,18,41058,卖盘
1252,11:00:12,22.82,--,7,15974,卖盘
1253,11:00:09,22.82,-0.01,32,74393,卖盘
1254,11:00:06,22.83,--,5,11415,卖盘
1255,11:00:00,22.83,-0.02,2,4566,卖盘
1256,10:59:42,22.85,--,3,6855,买盘
1257,10:59:39,22.85,-0.01,25,57125,卖盘
1258,10:59:36,22.86,--,1,2286,卖盘
1259,10:59:24,22.86,-0.01,52,118872,卖盘
1260,10:59:12,22.87,--,19,43453,买盘
1261,10:59:09,22.87,--,22,50314,买盘
1262,10:59:06,22.87,0.01,1,2287,买盘
1263,10:58:54,22.86,--,30,68580,卖盘
1264,10:58:36,22.86,0.01,26,59436,买盘
1265,10:58:24,22.85,-0.01,3,6855,卖盘
1266,10:58:06,22.86,0.01,1,2286,买盘
1267,10:57:57,22.85,--,30,68550,卖盘
1268,10:57:54,22.85,--,1,2285,卖盘
1269,10:57:51,22.85,-0.01,3,6855,中性盘
1270,10:57:48,22.86,0.02,35,80010,买盘
1271,10:57:42,22.84,-0.01,10,22840,买盘
1272,10:57:36,22.85,--,1,2285,卖盘
1273,10:57:33,22.85,0.02,4,9140,买盘
1274,10:57:27,22.83,-0.02,5,13241,卖盘
1275,10:57:24,22.85,0.02,5,13253,买盘
1276,10:57:21,22.83,--,0,1826,卖盘
1277,10:57:09,22.83,--,21,47943,买盘
1278,10:57:06,22.83,--,1,2283,买盘
1279,10:57:00,22.83,--,3,6848,买盘
1280,10:56:57,22.83,--,6,13697,买盘
1281,10:56:54,22.83,--,3,6848,买盘
1282,10:56:42,22.83,-0.02,70,159810,卖盘
1283,10:56:36,22.85,0.02,3,6855,买盘
1284,10:56:30,22.83,0.01,10,22830,卖盘
1285,10:56:27,22.82,0.01,3,6846,买盘
1286,10:56:18,22.81,--,5,11405,卖盘
1287,10:56:00,22.81,--,8,18248,买盘
1288,10:55:51,22.81,--,23,52463,买盘
1289,10:55:45,22.81,--,14,31934,买盘
1290,10:55:36,22.81,0.03,1,2281,买盘
1291,10:55:30,22.78,0.01,41,93398,买盘
1292,10:55:27,22.77,-0.01,6,13662,卖盘
1293,10:55:24,22.78,0.01,7,15946,中性盘
1294,10:55:12,22.77,-0.03,80,182160,卖盘
1295,10:55:09,22.8,--,15,34200,卖盘
1296,10:55:06,22.8,0.03,770,1755600,买盘
1297,10:55:03,22.77,-0.01,10,22770,卖盘
1298,10:55:00,22.78,--,2,4556,买盘
1299,10:54:57,22.78,-0.01,293,667454,卖盘
1300,10:54:54,22.79,--,10,22790,买盘
1301,10:54:51,22.79,--,1,2279,卖盘
1302,10:54:48,22.79,--,10,22790,买盘
1303,10:54:45,22.79,0.01,8,18232,买盘
1304,10:54:42,22.78,-0.01,12,27336,卖盘
1305,10:54:39,22.79,--,5,11395,买盘
1306,10:54:36,22.79,--,1,2279,买盘
1307,10:54:30,22.79,--,10,22790,买盘
1308,10:54:27,22.79,0.01,25,56975,买盘
1309,10:54:21,22.78,-0.01,7,15946,卖盘
1310,10:54:18,22.79,--,12,27348,买盘
1311,10:54:15,22.79,0.01,2,4558,买盘
1312,10:54:09,22.78,--,51,116178,卖盘
1313,10:54:03,22.78,-0.02,31,70618,卖盘
1314,10:53:48,22.8,0.01,98,223440,买盘
1315,10:53:45,22.79,-0.01,8,18232,卖盘
1316,10:53:42,22.8,-0.01,15,34200,买盘
1317,10:53:36,22.81,--,2,4562,买盘
1318,10:53:33,22.81,0.02,16,36496,买盘
1319,10:53:30,22.79,-0.01,102,232458,卖盘
1320,10:53:27,22.8,--,7,15960,卖盘
1321,10:53:24,22.8,--,31,70680,卖盘
1322,10:53:18,22.8,-0.01,24,54720,卖盘
1323,10:53:09,22.81,--,2,4562,买盘
1324,10:53:06,22.81,--,41,93521,买盘
1325,10:53:03,22.81,--,10,22810,买盘
1326,10:53:00,22.81,--,6,13686,买盘
1327,10:52:54,22.81,0.01,20,45620,买盘
1328,10:52:51,22.8,--,10,22800,卖盘
1329,10:52:48,22.8,-0.01,112,255360,卖盘
1330,10:52:45,22.81,--,176,401456,买盘
1331,10:52:42,22.81,--,10,22810,买盘
1332,10:52:39,22.81,0.01,60,136860,买盘
1333,10:52:36,22.8,--,32,72960,卖盘
1334,10:52:33,22.8,--,14,31920,卖盘
1335,10:52:30,22.8,--,10,22800,卖盘
1336,10:52:27,22.8,-0.01,80,182400,卖盘
1337,10:52:24,22.81,0.01,15,34215,买盘
1338,10:52:21,22.8,-0.01,3,6840,卖盘
1339,10:52:18,22.81,0.01,10,22810,买盘
1340,10:52:15,22.8,--,11,25080,卖盘
1341,10:52:12,22.8,-0.01,11,25080,卖盘
1342,10:52:06,22.81,--,11,25091,买盘
1343,10:52:03,22.81,--,2,4562,买盘
1344,10:51:57,22.81,--,31,70711,卖盘
1345,10:51:54,22.81,-0.01,10,22810,卖盘
1346,10:51:51,22.82,0.01,5,11410,中性盘
1347,10:51:42,22.81,-0.01,1,2281,卖盘
1348,10:51:39,22.82,--,61,139202,买盘
1349,10:51:36,22.82,0.01,25,57050,买盘
1350,10:51:33,22.81,0.01,2,4562,中性盘
1351,10:51:27,22.8,--,5,11400,卖盘
1352,10:51:24,22.8,--,104,237120,卖盘
1353,10:51:21,22.8,--,170,387600,卖盘
1354,10:51:15,22.8,-0.02,50,114000,卖盘
1355,10:51:09,22.82,--,6,13692,买盘
1356,10:51:06,22.82,0.02,11,25102,中性盘
1357,10:51:03,22.8,-0.04,346,788880,卖盘
1358,10:51:00,22.84,0.02,16,36544,买盘
1359,10:50:57,22.82,--,4,9128,卖盘
1360,10:50:54,22.82,-0.02,7,15974,卖盘
1361,10:50:48,22.84,0.02,5,11420,买盘
1362,10:50:45,22.82,-0.01,20,45640,卖盘
1363,10:50:39,22.83,--,5,11415,卖盘
1364,10:50:36,22.83,--,3,6848,卖盘
1365,10:50:33,22.83,--,1,2283,卖盘
1366,10:50:30,22.83,--,6,13697,卖盘
1367,10:50:27,22.83,--,18,41094,卖盘
1368,10:50:24,22.83,-0.01,34,77622,卖盘
1369,10:50:21,22.84,0.01,18,41112,买盘
1370,10:50:06,22.83,--,2,4566,卖盘
1371,10:50:03,22.83,-0.01,8,18264,卖盘
1372,10:50:00,22.84,--,9,20556,买盘
1373,10:49:51,22.84,--,4,9136,买盘
1374,10:49:42,22.84,--,1,2284,买盘
1375,10:49:39,22.84,--,20,45680,买盘
1376,10:49:36,22.84,-0.01,1,2284,中性盘
1377,10:49:30,22.85,0.02,10,22850,买盘
1378,10:49:21,22.83,-0.03,39,89037,卖盘
1379,10:49:15,22.86,-0.02,10,22860,卖盘
1380,10:49:12,22.88,--,8,18304,卖盘
1381,10:49:09,22.88,0.02,76,173888,买盘
1382,10:49:06,22.86,--,2,4572,买盘
1383,10:48:57,22.86,--,2,4572,买盘
1384,10:48:51,22.86,--,4,9144,买盘
1385,10:48:48,22.86,--,11,25146,卖盘
1386,10:48:45,22.86,-0.02,15,34290,卖盘
1387,10:48:42,22.88,--,10,22880,买盘
1388,10:48:33,22.88,0.02,1,2288,买盘
1389,10:48:21,22.86,--,43,98298,买盘
1390,10:48:18,22.86,0.02,1,2286,买盘
1391,10:48:06,22.84,--,2,4568,买盘
1392,10:48:00,22.84,--,15,34260,买盘
1393,10:47:51,22.84,--,33,75372,买盘
1394,10:47:39,22.84,--,1,2284,买盘
1395,10:47:36,22.84,-0.01,3,6852,卖盘
1396,10:47:33,22.85,--,1,2285,买盘
1397,10:47:27,22.85,--,1,2285,买盘
1398,10:47:24,22.85,0.01,4,9140,买盘
1399,10:47:21,22.84,0.01,11,25124,中性盘
1400,10:47:15,22.83,-0.01,58,132414,卖盘
1401,10:47:09,22.84,-0.01,10,22840,中性盘
1402,10:46:57,22.85,0.02,2,4570,买盘
1403,10:46:51,22.83,--,10,22830,卖盘
1404,10:46:48,22.83,--,7,15980,卖盘
1405,10:46:45,22.83,-0.02,20,45660,卖盘
1406,10:46:39,22.85,--,4,9140,买盘
1407,10:46:36,22.85,--,2,4570,买盘
1408,10:46:33,22.85,--,1,2285,买盘
1409,10:46:30,22.85,--,55,125675,买盘
1410,10:46:03,22.85,0.03,1,2285,买盘
1411,10:45:57,22.82,--,4,9128,卖盘
1412,10:45:54,22.82,0.01,25,57050,买盘
1413,10:45:51,22.81,-0.01,5,11405,卖盘
1414,10:45:45,22.82,--,3,6846,买盘
1415,10:45:39,22.82,--,44,100408,卖盘
1416,10:45:36,22.82,--,10,22820,卖盘
1417,10:45:33,22.82,--,35,79870,卖盘
1418,10:45:30,22.82,0.01,10,22820,中性盘
1419,10:45:24,22.81,--,51,116331,卖盘
1420,10:45:12,22.81,--,5,11405,卖盘
1421,10:45:06,22.81,-0.04,10,22810,卖盘
1422,10:45:03,22.85,--,1,2285,买盘
1423,10:45:00,22.85,0.05,7,15995,买盘
1424,10:44:57,22.8,-0.05,910,2074800,卖盘
1425,10:44:54,22.85,0.03,4,9140,买盘
1426,10:44:45,22.82,-0.06,7,15974,卖盘
1427,10:44:30,22.88,0.06,6,13728,买盘
1428,10:44:27,22.82,-0.04,495,1129590,卖盘
1429,10:44:24,22.86,--,2,4572,卖盘
1430,10:44:21,22.86,-0.02,2,4572,卖盘
1431,10:44:18,22.88,0.02,7,16016,买盘
1432,10:44:15,22.86,-0.02,10,22860,卖盘
1433,10:44:03,22.88,--,1,2288,买盘
1434,10:43:57,22.88,-0.02,6,13728,卖盘
1435,10:43:42,22.9,0.04,10,22900,买盘
1436,10:43:36,22.86,-0.01,30,68580,卖盘
1437,10:43:30,22.87,--,2,4574,卖盘
1438,10:43:24,22.87,-0.03,4,9148,中性盘
1439,10:43:06,22.9,--,1,2290,买盘
1440,10:43:03,22.9,0.04,1,2290,买盘
1441,10:42:54,22.86,--,5,11430,卖盘
1442,10:42:51,22.86,--,10,22860,卖盘
1443,10:42:36,22.86,-0.04,2,4572,卖盘
1444,10:42:33,22.9,0.04,1,2290,买盘
1445,10:42:18,22.86,-0.05,20,45720,卖盘
1446,10:42:15,22.91,0.03,5,11455,买盘
1447,10:42:12,22.88,--,10,22880,买盘
1448,10:41:48,22.88,--,10,22880,买盘
1449,10:41:45,22.88,--,2,4576,买盘
1450,10:41:33,22.88,-0.01,336,768768,卖盘
1451,10:41:27,22.89,0.01,7,16023,中性盘
1452,10:41:21,22.88,--,5,11440,卖盘
1453,10:41:15,22.88,--,20,45760,卖盘
1454,10:40:51,22.88,--,3,6864,卖盘
1455,10:40:39,22.88,-0.03,20,45760,卖盘
1456,10:40:36,22.91,--,1,2291,买盘
1457,10:40:33,22.91,0.04,1,2291,中性盘
1458,10:39:54,22.87,-0.01,5,11435,卖盘
1459,10:39:39,22.88,-0.02,271,620048,卖盘
1460,10:39:36,22.9,-0.02,20,45800,卖盘
1461,10:39:33,22.92,0.02,1,2292,买盘
1462,10:39:09,22.9,-0.02,32,73280,卖盘
1463,10:38:57,22.92,--,2,4584,买盘
1464,10:38:45,22.92,--,32,73344,买盘
1465,10:38:42,22.92,0.02,4,9168,买盘
1466,10:38:39,22.9,-0.02,8,18320,卖盘
1467,10:38:33,22.92,0.01,1,2292,买盘
1468,10:38:12,22.91,-0.01,11,25201,中性盘
1469,10:38:03,22.92,0.01,6,13752,买盘
1470,10:38:00,22.91,--,10,22910,买盘
1471,10:37:57,22.91,--,15,34365,卖盘
1472,10:37:51,22.91,-0.01,5,11455,卖盘
1473,10:37:48,22.92,0.01,10,22920,买盘
1474,10:37:45,22.91,-0.01,10,22910,卖盘
1475,10:37:39,22.92,--,7,16044,买盘
1476,10:37:33,22.92,--,1,2292,买盘
1477,10:37:06,22.92,--,12,27504,买盘
1478,10:37:03,22.92,--,2,4584,买盘
1479,10:37:00,22.92,0.01,5,11460,买盘
1480,10:36:54,22.91,-0.01,5,11455,卖盘
1481,10:36:21,22.92,--,8,18336,买盘
1482,10:36:03,22.92,0.04,1,2292,买盘
1483,10:35:57,22.88,-0.03,200,457600,卖盘
1484,10:35:54,22.91,--,5,11455,卖盘
1485,10:35:48,22.91,--,49,112259,买盘
1486,10:35:39,22.91,--,29,66439,买盘
1487,10:35:33,22.91,-0.01,22,50402,卖盘
1488,10:35:21,22.92,0.01,200,458400,买盘
1489,10:35:06,22.91,--,105,240555,买盘
1490,10:35:03,22.91,--,11,25201,买盘
1491,10:35:00,22.91,--,115,263465,卖盘
1492,10:34:54,22.91,-0.01,5,11455,卖盘
1493,10:34:48,22.92,0.01,12,27504,买盘
1494,10:34:39,22.91,-0.01,4,9164,卖盘
1495,10:34:36,22.92,--,2,4584,买盘
1496,10:34:33,22.92,-0.01,1,2292,中性盘
1497,10:34:24,22.93,0.01,5,11465,买盘
1498,10:34:21,22.92,--,7,16044,卖盘
1499,10:34:18,22.92,--,20,45840,卖盘
1500,10:34:12,22.92,-0.01,7,16044,卖盘
1501,10:33:57,22.93,--,50,114650,买盘
1502,10:33:54,22.93,--,2,4586,买盘
1503,10:33:33,22.93,0.01,31,71083,买盘
1504,10:33:24,22.92,-0.01,220,504240,中性盘
1505,10:33:06,22.93,0.02,9,20637,买盘
1506,10:33:03,22.91,0.01,6,13746,买盘
1507,10:33:00,22.9,--,25,57250,卖盘
1508,10:32:54,22.9,-0.01,3,6870,卖盘
1509,10:32:48,22.91,--,5,11455,买盘
1510,10:32:45,22.91,--,1,2291,买盘
1511,10:32:39,22.91,--,6,13746,买盘
1512,10:32:33,22.91,--,3,6873,买盘
1513,10:32:30,22.91,--,2,4582,买盘
1514,10:32:18,22.91,--,50,114550,买盘
1515,10:31:57,22.91,0.01,5,11455,中性盘
1516,10:31:48,22.9,-0.01,67,153430,卖盘
1517,10:31:39,22.91,-0.02,10,22910,卖盘
1518,10:31:36,22.93,--,2,4586,买盘
1519,10:31:33,22.93,0.02,1,2293,买盘
1520,10:31:27,22.91,--,20,45820,卖盘
1521,10:31:21,22.91,--,6,13746,中性盘
1522,10:31:18,22.91,--,2,4582,卖盘
1523,10:31:12,22.91,--,10,22910,买盘
1524,10:31:03,22.91,--,6,13746,买盘
1525,10:30:51,22.91,--,38,87058,卖盘
1526,10:30:30,22.91,-0.01,16,36656,卖盘
1527,10:30:21,22.92,--,3,6876,卖盘
1528,10:30:18,22.92,--,3,6876,卖盘
1529,10:30:15,22.92,-0.01,21,48132,卖盘
1530,10:30:12,22.93,--,2,4586,买盘
1531,10:30:03,22.93,--,1,2293,买盘
1532,10:29:54,22.93,-0.02,42,96306,卖盘
1533,10:29:51,22.95,--,2,4590,卖盘
1534,10:29:48,22.95,--,14,32130,卖盘
1535,10:29:45,22.95,0.01,19,43605,买盘
1536,10:29:42,22.94,-0.02,25,57350,卖盘
1537,10:29:18,22.96,--,30,68880,买盘
1538,10:29:09,22.96,--,11,25256,买盘
1539,10:29:03,22.96,-0.01,1,2296,中性盘
1540,10:28:54,22.97,0.02,5,11485,买盘
1541,10:28:48,22.95,-0.03,48,110160,卖盘
1542,10:28:45,22.98,0.02,15,34470,买盘
1543,10:28:18,22.96,-0.01,5,11480,中性盘
1544,10:28:15,22.97,0.01,10,22970,买盘
1545,10:28:12,22.96,--,12,27552,买盘
1546,10:28:06,22.96,--,2,4592,买盘
1547,10:28:03,22.96,--,1,2296,买盘
1548,10:27:54,22.96,0.01,2,4592,买盘
1549,10:27:39,22.95,0.02,495,1136025,买盘
1550,10:27:33,22.93,--,1,2293,买盘
1551,10:27:24,22.93,0.01,1,2293,买盘
1552,10:27:21,22.92,--,2,4584,卖盘
1553,10:27:09,22.92,--,1,2292,卖盘
1554,10:27:00,22.92,--,1,2292,卖盘
1555,10:26:54,22.92,0.01,3,6876,买盘
1556,10:26:42,22.91,-0.02,2,4582,卖盘
1557,10:26:33,22.93,0.03,2,4586,买盘
1558,10:26:30,22.9,--,5,11450,卖盘
1559,10:26:09,22.9,--,8,18320,买盘
1560,10:26:06,22.9,--,1,2290,买盘
1561,10:26:03,22.9,--,20,45800,买盘
1562,10:25:57,22.9,-0.02,260,595400,卖盘
1563,10:25:54,22.92,0.02,20,45840,买盘
1564,10:25:45,22.9,-0.02,3,6870,卖盘
1565,10:25:39,22.92,0.02,6,13752,买盘
1566,10:25:36,22.9,-0.02,199,455710,卖盘
1567,10:25:33,22.92,0.01,1,2292,买盘
1568,10:25:27,22.91,-0.01,8,18328,卖盘
1569,10:25:15,22.92,--,1,2292,买盘
1570,10:25:12,22.92,0.01,1,2292,买盘
1571,10:25:06,22.91,-0.03,9,20619,卖盘
1572,10:25:00,22.94,--,5,11470,买盘
1573,10:24:54,22.94,--,6,13764,买盘
1574,10:24:42,22.94,--,1,2294,买盘
1575,10:24:39,22.94,--,4,9176,买盘
1576,10:24:33,22.94,--,1,2294,买盘
1577,10:24:18,22.94,0.04,1,2294,买盘
1578,10:24:09,22.9,-0.04,10,22900,卖盘
1579,10:24:03,22.94,0.02,401,919894,买盘
1580,10:24:00,22.92,--,16,36672,卖盘
1581,10:23:57,22.92,0.02,119,272748,买盘
1582,10:23:54,22.9,-0.02,131,299990,卖盘
1583,10:23:48,22.92,0.02,12,27504,买盘
1584,10:23:42,22.9,--,4,9160,卖盘
1585,10:23:33,22.9,-0.02,6,13740,卖盘
1586,10:23:24,22.92,0.02,20,45840,买盘
1587,10:23:03,22.9,--,3,6870,买盘
1588,10:23:00,22.9,--,3,6870,中性盘
1589,10:22:45,22.9,--,10,22900,买盘
1590,10:22:36,22.9,--,1,2290,中性盘
1591,10:22:24,22.9,0.02,44,100760,中性盘
1592,10:22:18,22.88,--,5,11440,卖盘
1593,10:22:15,22.88,-0.02,52,118976,卖盘
1594,10:22:06,22.9,-0.01,7,16029,卖盘
1595,10:22:03,22.91,0.01,1,2291,买盘
1596,10:22:00,22.9,0.01,36,82440,买盘
1597,10:21:45,22.89,0.01,8,18312,中性盘
1598,10:21:30,22.88,--,11,25168,卖盘
1599,10:21:27,22.88,--,10,22880,卖盘
1600,10:21:21,22.88,--,20,45760,买盘
1601,10:21:18,22.88,--,1,2288,买盘
1602,10:21:15,22.88,0.01,5,11440,买盘
1603,10:21:12,22.87,-0.01,5,11435,卖盘
1604,10:21:09,22.88,0.01,1,2288,中性盘
1605,10:21:06,22.87,-0.02,19,43453,卖盘
1606,10:21:03,22.89,--,16,36624,买盘
1607,10:21:00,22.89,--,4,9156,买盘
1608,10:20:51,22.89,--,2,4578,买盘
1609,10:20:48,22.89,--,5,11445,买盘
1610,10:20:45,22.89,--,1,2289,买盘
1611,10:20:33,22.89,--,1,2289,买盘
1612,10:20:30,22.89,--,6,13734,买盘
1613,10:20:24,22.89,--,21,48069,买盘
1614,10:20:18,22.89,0.03,34,77826,买盘
1615,10:20:09,22.86,--,51,116586,卖盘
1616,10:20:06,22.86,--,7,17899,买盘
1617,10:20:03,22.86,-0.01,55,126118,卖盘
1618,10:19:57,22.87,--,37,84619,买盘
1619,10:19:54,22.87,-0.02,2,4574,卖盘
1620,10:19:51,22.89,0.03,17,38913,买盘
1621,10:19:48,22.86,--,78,178308,卖盘
1622,10:19:36,22.86,--,9,20574,卖盘
1623,10:19:33,22.86,--,31,70866,卖盘
1624,10:19:30,22.86,--,25,57150,卖盘
1625,10:19:27,22.86,--,15,34290,卖盘
1626,10:19:24,22.86,--,57,130302,卖盘
1627,10:19:21,22.86,--,10,24757,卖盘
1628,10:19:18,22.86,--,5,11430,卖盘
1629,10:19:15,22.86,--,32,73152,卖盘
1630,10:19:12,22.86,--,62,141732,卖盘
1631,10:19:00,22.86,-0.01,2,4572,卖盘
1632,10:18:57,22.87,--,33,75471,卖盘
1633,10:18:54,22.87,--,5,11435,卖盘
1634,10:18:48,22.87,--,16,36592,卖盘
1635,10:18:39,22.87,-0.01,10,22870,卖盘
1636,10:18:36,22.88,--,1,2288,买盘
1637,10:18:33,22.88,0.01,7,16016,买盘
1638,10:18:30,22.87,-0.02,4,9148,卖盘
1639,10:18:27,22.89,--,5,11445,买盘
1640,10:18:24,22.89,0.01,15,34335,买盘
1641,10:18:21,22.88,--,16,36608,卖盘
1642,10:18:18,22.88,-0.01,39,89232,卖盘
1643,10:18:15,22.89,--,6,13734,买盘
1644,10:18:12,22.89,--,19,43491,买盘
1645,10:18:03,22.89,0.01,1,2289,买盘
1646,10:18:00,22.88,-0.01,17,38896,卖盘
1647,10:17:57,22.89,--,86,196854,卖盘
1648,10:17:54,22.89,-0.03,12,27468,卖盘
1649,10:17:51,22.92,0.02,10,22920,买盘
1650,10:17:48,22.9,--,10,22900,买盘
1651,10:17:39,22.9,-0.01,322,737380,卖盘
1652,10:17:36,22.91,-0.01,5,11455,卖盘
1653,10:17:33,22.92,--,53,121476,卖盘
1654,10:17:30,22.92,--,1,2292,卖盘
1655,10:17:24,22.92,--,3,6876,卖盘
1656,10:17:21,22.92,--,13,29796,卖盘
1657,10:17:12,22.92,--,5,11460,卖盘
1658,10:17:06,22.92,--,31,71052,买盘
1659,10:17:03,22.92,0.01,1,2292,买盘
1660,10:17:00,22.91,--,5,11455,卖盘
1661,10:16:57,22.91,0.01,4,9164,买盘
1662,10:16:54,22.9,--,2,4580,卖盘
1663,10:16:51,22.9,-0.01,10,22900,卖盘
1664,10:16:48,22.91,0.01,1,2291,买盘
1665,10:16:45,22.9,-0.01,27,61829,卖盘
1666,10:16:39,22.91,--,14,32074,买盘
1667,10:16:36,22.91,0.01,3,6873,买盘
1668,10:16:30,22.9,-0.01,30,68700,卖盘
1669,10:16:27,22.91,-0.01,5,11455,中性盘
1670,10:16:18,22.92,--,9,20628,买盘
1671,10:16:15,22.92,--,1,2292,买盘
1672,10:16:09,22.92,0.02,37,84804,买盘
1673,10:16:06,22.9,-0.02,5,11450,卖盘
1674,10:16:03,22.92,0.01,1,2292,买盘
1675,10:16:00,22.91,-0.01,20,45820,卖盘
1676,10:15:57,22.92,--,2,4584,买盘
1677,10:15:51,22.92,0.01,10,22920,买盘
1678,10:15:42,22.91,-0.01,10,22910,卖盘
1679,10:15:36,22.92,--,27,61884,卖盘
1680,10:15:24,22.92,--,3,6876,卖盘
1681,10:15:21,22.92,-0.02,7,16044,卖盘
1682,10:15:06,22.94,--,8,18352,买盘
1683,10:15:03,22.94,0.03,6,13764,买盘
1684,10:15:00,22.91,-0.03,5,11455,卖盘
1685,10:14:54,22.94,-0.01,2,4588,卖盘
1686,10:14:51,22.95,0.01,22,50490,买盘
1687,10:14:48,22.94,--,5,11470,卖盘
1688,10:14:39,22.94,-0.01,20,45880,卖盘
1689,10:14:33,22.95,--,3,6885,买盘
1690,10:14:30,22.95,--,2,4590,买盘
1691,10:14:27,22.95,--,11,25245,买盘
1692,10:14:18,22.95,--,1,2295,买盘
1693,10:14:15,22.95,-0.01,95,218025,卖盘
1694,10:14:06,22.96,--,20,45920,买盘
1695,10:14:03,22.96,--,1,2296,买盘
1696,10:14:00,22.96,--,29,66584,卖盘
1697,10:13:57,22.96,-0.01,5,11480,卖盘
1698,10:13:54,22.97,--,6,13782,买盘
1699,10:13:51,22.97,0.01,4,9188,买盘
1700,10:13:42,22.96,-0.01,6,13776,卖盘
1701,10:13:39,22.97,--,35,80395,买盘
1702,10:13:33,22.97,--,1,2297,买盘
1703,10:13:27,22.97,--,10,22970,买盘
1704,10:13:21,22.97,--,10,22970,买盘
1705,10:13:18,22.97,--,4,9188,买盘
1706,10:13:06,22.97,--,22,50534,买盘
1707,10:13:03,22.97,0.01,1,2297,买盘
1708,10:13:00,22.96,--,5,11480,卖盘
1709,10:12:57,22.96,--,10,22960,卖盘
1710,10:12:54,22.96,-0.01,30,68880,卖盘
1711,10:12:51,22.97,--,30,68910,买盘
1712,10:12:48,22.97,0.01,1,2297,买盘
1713,10:12:45,22.96,-0.01,5,11480,卖盘
1714,10:12:39,22.97,0.01,3,6891,买盘
1715,10:12:36,22.96,-0.01,3,6888,卖盘
1716,10:12:33,22.97,-0.01,1,2297,买盘
1717,10:12:30,22.98,--,1,2298,买盘
1718,10:12:18,22.98,--,40,91920,买盘
1719,10:12:15,22.98,-0.01,21,48258,卖盘
1720,10:12:12,22.99,0.01,2,4598,买盘
1721,10:11:54,22.98,0.04,36,82728,买盘
1722,10:11:48,22.94,-0.04,9,20646,卖盘
1723,10:11:45,22.98,0.04,1,2298,买盘
1724,10:11:36,22.94,-0.04,5,11470,卖盘
1725,10:11:33,22.98,0.04,19,43662,买盘
1726,10:11:30,22.94,--,1,2294,买盘
1727,10:11:27,22.94,--,6,13764,买盘
1728,10:11:24,22.94,--,2,4588,买盘
1729,10:11:21,22.94,--,214,490916,买盘
1730,10:11:15,22.94,0.01,10,22940,买盘
1731,10:11:12,22.93,-0.01,41,94013,中性盘
1732,10:11:06,22.94,--,16,36704,买盘
1733,10:11:00,22.94,0.03,41,94054,买盘
1734,10:10:42,22.91,0.01,89,203899,买盘
1735,10:10:39,22.9,-0.01,28,64119,卖盘
1736,10:10:33,22.91,0.01,1,2291,买盘
1737,10:10:30,22.9,--,12,27480,卖盘
1738,10:10:27,22.9,--,33,75570,买盘
1739,10:10:24,22.9,--,5,11450,买盘
1740,10:10:21,22.9,0.01,68,155720,买盘
1741,10:10:18,22.89,-0.01,11,25179,卖盘
1742,10:10:15,22.9,--,70,160300,买盘
1743,10:10:12,22.9,--,42,96180,买盘
1744,10:10:09,22.9,--,2,4580,买盘
1745,10:10:06,22.9,--,40,91600,买盘
1746,10:10:03,22.9,--,14,32059,买盘
1747,10:09:51,22.9,0.01,10,22900,买盘
1748,10:09:48,22.89,-0.01,15,34335,中性盘
1749,10:09:45,22.9,--,3,6870,买盘
1750,10:09:42,22.9,0.02,109,249609,买盘
1751,10:09:36,22.88,-0.01,13,29744,卖盘
1752,10:09:33,22.89,0.01,4,9156,买盘
1753,10:09:30,22.88,-0.01,103,235664,卖盘
1754,10:09:27,22.89,--,20,45780,买盘
1755,10:09:18,22.89,0.01,6,13734,买盘
1756,10:09:15,22.88,--,91,208208,卖盘
1757,10:09:09,22.88,-0.01,13,29744,卖盘
1758,10:09:06,22.89,0.01,28,64092,买盘
1759,10:09:03,22.88,-0.01,15,34320,卖盘
1760,10:09:00,22.89,--,50,114450,买盘
1761,10:08:57,22.89,--,29,66381,卖盘
1762,10:08:54,22.89,--,20,45780,卖盘
1763,10:08:51,22.89,--,5,11445,卖盘
1764,10:08:48,22.89,--,50,114450,卖盘
1765,10:08:45,22.89,0.01,51,116739,买盘
1766,10:08:42,22.88,-0.01,122,279136,卖盘
1767,10:08:39,22.89,--,10,22890,卖盘
1768,10:08:36,22.89,--,60,137340,中性盘
1769,10:08:27,22.89,0.01,1,2289,卖盘
1770,10:08:24,22.88,-0.02,170,388960,卖盘
1771,10:08:21,22.9,0.01,1,2290,买盘
1772,10:08:18,22.89,0.01,6,13734,中性盘
1773,10:08:15,22.88,--,41,93808,卖盘
1774,10:08:12,22.88,--,1,2288,卖盘
1775,10:08:09,22.88,--,16,36608,卖盘
1776,10:08:06,22.88,--,47,107536,卖盘
1777,10:08:03,22.88,--,121,276848,卖盘
1778,10:08:00,22.88,--,42,96096,卖盘
1779,10:07:57,22.88,-0.01,48,109824,卖盘
1780,10:07:54,22.89,-0.01,4,9156,卖盘
1781,10:07:42,22.9,--,732,1676280,卖盘
1782,10:07:39,22.9,-0.01,507,1161030,卖盘
1783,10:07:36,22.91,0.01,29,66439,买盘
1784,10:07:33,22.9,-0.01,63,144270,卖盘
1785,10:07:30,22.91,--,133,304703,卖盘
1786,10:07:27,22.91,-0.01,397,909527,卖盘
1787,10:07:18,22.92,--,6,13752,买盘
1788,10:07:15,22.92,-0.02,191,437794,卖盘
1789,10:07:12,22.94,--,15,34410,卖盘
1790,10:07:06,22.94,--,1009,2314646,卖盘
1791,10:07:03,22.94,-0.03,67,153698,卖盘
1792,10:07:00,22.97,0.02,36,82692,买盘
1793,10:06:54,22.95,--,23,52785,买盘
1794,10:06:51,22.95,--,50,114750,买盘
1795,10:06:48,22.95,--,1,2295,买盘
1796,10:06:45,22.95,-0.02,1,2295,中性盘
1797,10:06:42,22.97,--,1,2297,买盘
1798,10:06:39,22.97,0.02,57,130929,买盘
1799,10:06:36,22.95,-0.01,22,50490,卖盘
1800,10:06:33,22.96,0.01,12,27552,买盘
1801,10:06:24,22.95,-0.02,30,68850,卖盘
1802,10:06:21,22.97,--,3,6891,买盘
1803,10:06:15,22.97,0.02,4,9188,买盘
1804,10:06:12,22.95,-0.02,3,6885,卖盘
1805,10:06:09,22.97,0.02,4,9188,买盘
1806,10:06:06,22.95,--,18,41310,卖盘
1807,10:05:57,22.95,--,1,2295,卖盘
1808,10:05:51,22.95,--,4,9180,买盘
1809,10:05:48,22.95,--,4,9180,买盘
1810,10:05:45,22.95,--,5,11475,卖盘
1811,10:05:42,22.95,0.01,25,57375,买盘
1812,10:05:39,22.94,--,5,11470,卖盘
1813,10:05:36,22.94,-0.01,89,204166,卖盘
1814,10:05:33,22.95,0.01,30,68850,买盘
1815,10:05:30,22.94,-0.01,5,11470,卖盘
1816,10:05:27,22.95,--,5,11475,买盘
1817,10:05:24,22.95,--,13,29835,买盘
1818,10:05:21,22.95,--,1,2295,买盘
1819,10:05:18,22.95,--,1,2295,买盘
1820,10:05:15,22.95,--,20,45900,买盘
1821,10:05:12,22.95,--,5,11475,买盘
1822,10:05:09,22.95,--,23,52785,买盘
1823,10:05:06,22.95,--,16,36720,买盘
1824,10:05:00,22.95,--,20,45900,买盘
1825,10:04:57,22.95,--,17,39015,买盘
1826,10:04:54,22.95,--,6,13770,买盘
1827,10:04:51,22.95,--,20,45900,买盘
1828,10:04:48,22.95,--,12,27540,买盘
1829,10:04:42,22.95,--,10,22950,买盘
1830,10:04:39,22.95,-0.02,256,587520,卖盘
1831,10:04:36,22.97,-0.01,5,11485,中性盘
1832,10:04:33,22.98,0.02,1,2298,买盘
1833,10:04:27,22.96,-0.02,31,71176,卖盘
1834,10:04:24,22.98,--,3,6894,买盘
1835,10:04:18,22.98,0.02,5,11490,买盘
1836,10:04:15,22.96,--,40,91840,卖盘
1837,10:04:09,22.96,--,16,36736,买盘
1838,10:04:06,22.96,0.01,12,27552,买盘
1839,10:04:03,22.95,--,40,91800,卖盘
1840,10:04:00,22.95,--,9,20655,卖盘
1841,10:03:57,22.95,-0.01,8,18360,卖盘
1842,10:03:54,22.96,0.01,13,29848,中性盘
1843,10:03:48,22.95,-0.01,1,2295,卖盘
1844,10:03:45,22.96,0.01,2,4592,中性盘
1845,10:03:39,22.95,0.01,65,149175,买盘
1846,10:03:36,22.94,-0.01,44,100936,卖盘
1847,10:03:33,22.95,--,8,18360,买盘
1848,10:03:30,22.95,--,25,57375,买盘
1849,10:03:27,22.95,0.01,11,25245,中性盘
1850,10:03:21,22.94,--,99,227106,卖盘
1851,10:03:18,22.94,-0.01,42,96348,卖盘
1852,10:03:15,22.95,0.01,30,68850,卖盘
1853,10:03:12,22.94,-0.01,120,275280,卖盘
1854,10:03:09,22.95,--,3,6885,卖盘
1855,10:03:06,22.95,--,46,105570,买盘
1856,10:03:03,22.95,--,38,87210,买盘
1857,10:03:00,22.95,0.01,7,16065,买盘
1858,10:02:57,22.94,--,105,240870,卖盘
1859,10:02:54,22.94,-0.01,47,107818,卖盘
1860,10:02:51,22.95,0.01,6,13770,买盘
1861,10:02:48,22.94,--,42,96348,卖盘
1862,10:02:45,22.94,--,19,43586,买盘
1863,10:02:42,22.94,0.01,64,146816,买盘
1864,10:02:39,22.93,--,4,9172,卖盘
1865,10:02:36,22.93,-0.01,70,160510,卖盘
1866,10:02:33,22.94,--,10,22940,买盘
1867,10:02:27,22.94,0.01,4,9176,买盘
1868,10:02:24,22.93,0.01,26,59618,中性盘
1869,10:02:21,22.92,-0.02,51,116892,卖盘
1870,10:02:18,22.94,0.01,50,114700,买盘
1871,10:02:15,22.93,0.01,75,174245,买盘
1872,10:02:12,22.92,--,17,38964,卖盘
1873,10:02:06,22.92,-0.01,10,22920,卖盘
1874,10:02:03,22.93,-0.01,91,208685,卖盘
1875,10:02:00,22.94,0.01,1,2294,买盘
1876,10:01:57,22.93,--,28,66474,卖盘
1877,10:01:54,22.93,-0.01,20,45860,卖盘
1878,10:01:51,22.94,--,7,16058,买盘
1879,10:01:42,22.94,0.01,5,11470,买盘
1880,10:01:39,22.93,-0.01,84,192634,卖盘
1881,10:01:36,22.94,--,10,22940,卖盘
1882,10:01:33,22.94,--,9,20646,卖盘
1883,10:01:30,22.94,0.01,37,87149,买盘
1884,10:01:27,22.93,--,23,52739,卖盘
1885,10:01:24,22.93,-0.01,5,11465,卖盘
1886,10:01:18,22.94,0.01,39,89466,买盘
1887,10:01:15,22.93,-0.02,91,208663,卖盘
1888,10:01:12,22.95,--,10,22950,买盘
1889,10:01:09,22.95,--,30,68850,买盘
1890,10:01:06,22.95,--,59,135405,买盘
1891,10:01:03,22.95,--,11,25267,卖盘
1892,10:01:00,22.95,--,59,137677,买盘
1893,10:00:57,22.95,-0.01,6,13770,买盘
1894,10:00:54,22.96,--,6,13798,卖盘
1895,10:00:51,22.96,0.01,28,66561,买盘
1896,10:00:48,22.95,--,6,13770,卖盘
1897,10:00:45,22.95,--,30,68850,卖盘
1898,10:00:42,22.95,-0.01,20,45900,卖盘
1899,10:00:39,22.96,--,12,27552,买盘
1900,10:00:36,22.96,0.01,20,45920,买盘
1901,10:00:33,22.95,0.03,10,22950,买盘
1902,10:00:30,22.92,-0.04,29,66468,卖盘
1903,10:00:24,22.96,0.01,2,4592,买盘
1904,10:00:18,22.95,-0.02,17,39015,卖盘
1905,10:00:15,22.97,-0.01,34,78098,卖盘
1906,10:00:12,22.98,-0.02,23,52854,卖盘
1907,10:00:06,23.0,0.01,5,11500,买盘
1908,10:00:03,22.99,-0.01,57,131042,卖盘
1909,10:00:00,23.0,0.01,2,4600,买盘
1910,09:59:57,22.99,-0.02,10,22990,卖盘
1911,09:59:54,23.01,--,192,441792,买盘
1912,09:59:51,23.01,--,167,384267,买盘
1913,09:59:48,23.01,0.01,11,25311,买盘
1914,09:59:45,23.0,--,69,158700,卖盘
1915,09:59:42,23.0,-0.01,15,34500,卖盘
1916,09:59:39,23.01,0.01,116,266916,买盘
1917,09:59:36,23.0,-0.01,56,128800,卖盘
1918,09:59:33,23.01,0.01,8,18408,买盘
1919,09:59:30,23.0,--,12,27600,卖盘
1920,09:59:27,23.0,--,6,13800,卖盘
1921,09:59:24,23.0,-0.02,9,20700,卖盘
1922,09:59:18,23.02,0.01,47,108194,买盘
1923,09:59:15,23.01,--,69,158769,卖盘
1924,09:59:12,23.01,--,57,131157,卖盘
1925,09:59:06,23.01,-0.01,4,9204,卖盘
1926,09:59:03,23.02,--,20,46040,买盘
1927,09:59:00,23.02,0.01,24,55248,中性盘
1928,09:58:57,23.01,-0.01,40,92040,卖盘
1929,09:58:51,23.02,0.01,100,230200,卖盘
1930,09:58:42,23.01,-0.01,91,209391,卖盘
1931,09:58:39,23.02,-0.01,4,9208,中性盘
1932,09:58:33,23.03,0.01,4,9212,买盘
1933,09:58:30,23.02,-0.01,5,11510,中性盘
1934,09:58:21,23.03,0.02,1,2303,买盘
1935,09:58:18,23.01,-0.01,100,230100,卖盘
1936,09:58:15,23.02,--,10,23020,卖盘
1937,09:58:12,23.02,-0.01,55,126610,卖盘
1938,09:58:09,23.03,--,2,4606,买盘
1939,09:58:00,23.03,--,10,23030,卖盘
1940,09:57:54,23.03,-0.02,22,50666,卖盘
1941,09:57:48,23.05,--,20,46100,买盘
1942,09:57:45,23.05,0.04,1,2305,买盘
1943,09:57:39,23.01,-0.02,405,931905,卖盘
1944,09:57:33,23.03,--,53,122059,卖盘
1945,09:57:24,23.03,--,5,11515,卖盘
1946,09:57:21,23.03,-0.02,11,25333,卖盘
1947,09:57:15,23.05,--,2,4610,买盘
1948,09:57:12,23.05,--,14,32270,买盘
1949,09:57:03,23.05,0.04,2,4610,买盘
1950,09:57:00,23.01,-0.04,27,62127,卖盘
1951,09:56:57,23.05,--,2,4610,买盘
1952,09:56:51,23.05,--,10,23050,买盘
1953,09:56:48,23.05,0.04,10,23050,卖盘
1954,09:56:39,23.01,-0.04,508,1168908,卖盘
1955,09:56:33,23.05,-0.02,11,25355,卖盘
1956,09:56:27,23.07,0.02,5,11535,买盘
1957,09:56:24,23.05,--,5,11525,卖盘
1958,09:56:21,23.05,--,33,76065,买盘
1959,09:56:18,23.05,--,38,87590,买盘
1960,09:56:12,23.05,--,2,4610,买盘
1961,09:56:09,23.05,--,9,20745,买盘
1962,09:56:06,23.05,--,2,4610,买盘
1963,09:56:03,23.05,0.01,1,2305,买盘
1964,09:56:00,23.04,-0.01,61,140544,卖盘
1965,09:55:57,23.05,--,8,18440,买盘
1966,09:55:54,23.05,0.01,16,36880,买盘
1967,09:55:45,23.04,--,2,4608,卖盘
1968,09:55:36,23.04,--,1,2304,卖盘
1969,09:55:33,23.04,--,1,2304,卖盘
1970,09:55:24,23.04,--,15,34560,买盘
1971,09:55:21,23.04,--,20,46080,买盘
1972,09:55:18,23.04,--,2,4608,买盘
1973,09:55:15,23.04,0.01,4,9216,买盘
1974,09:55:12,23.03,-0.01,10,23030,卖盘
1975,09:55:09,23.04,--,61,140544,买盘
1976,09:55:06,23.04,--,12,27648,买盘
1977,09:55:03,23.04,--,4,9216,买盘
1978,09:55:00,23.04,--,30,69120,买盘
1979,09:54:57,23.04,0.01,8,18432,买盘
1980,09:54:54,23.03,-0.01,1,2303,卖盘
1981,09:54:48,23.04,--,6,13824,买盘
1982,09:54:45,23.04,--,55,126720,买盘
1983,09:54:42,23.04,0.01,19,43776,买盘
1984,09:54:39,23.03,--,13,29939,卖盘
1985,09:54:36,23.03,-0.01,2,4606,卖盘
1986,09:54:27,23.04,--,20,46080,买盘
1987,09:54:18,23.04,0.01,12,27648,买盘
1988,09:54:15,23.03,-0.01,42,96726,卖盘
1989,09:54:12,23.04,--,35,80640,买盘
1990,09:54:06,23.04,--,14,32256,买盘
1991,09:54:03,23.04,--,11,25344,买盘
1992,09:54:00,23.04,--,49,112896,买盘
1993,09:53:57,23.04,--,5,11520,买盘
1994,09:53:54,23.04,--,5,11520,买盘
1995,09:53:51,23.04,0.01,5,11520,买盘
1996,09:53:48,23.03,-0.01,50,115150,卖盘
1997,09:53:45,23.04,--,14,32256,买盘
1998,09:53:42,23.04,--,2,4608,买盘
1999,09:53:39,23.04,--,10,23040,买盘
2000,09:53:36,23.04,--,12,27648,买盘
2001,09:53:33,23.04,-0.04,499,1149696,卖盘
2002,09:53:30,23.08,--,2,4616,买盘
2003,09:53:27,23.08,-0.01,1,2308,中性盘
2004,09:53:21,23.09,0.05,117,270153,买盘
2005,09:53:12,23.04,-0.05,500,1152000,卖盘
2006,09:53:09,23.09,0.03,13,30017,买盘
2007,09:53:06,23.06,--,39,89934,买盘
2008,09:53:03,23.06,--,129,297474,买盘
2009,09:53:00,23.06,--,15,34590,买盘
2010,09:52:57,23.06,--,3,6918,买盘
2011,09:52:54,23.06,--,7,16142,买盘
2012,09:52:51,23.06,--,34,78404,买盘
2013,09:52:48,23.06,--,15,34590,买盘
2014,09:52:42,23.06,--,4,9224,买盘
2015,09:52:39,23.06,0.01,8,18448,买盘
2016,09:52:36,23.05,-0.01,130,299650,卖盘
2017,09:52:33,23.06,--,21,48426,买盘
2018,09:52:30,23.06,--,10,23060,买盘
2019,09:52:27,23.06,0.01,83,191398,买盘
2020,09:52:24,23.05,--,100,230500,卖盘
2021,09:52:18,23.05,-0.03,53,122165,卖盘
2022,09:52:12,23.08,0.01,23,53083,买盘
2023,09:52:09,23.07,--,52,119964,买盘
2024,09:52:06,23.07,-0.01,333,768231,卖盘
2025,09:51:57,23.08,--,5,11540,买盘
2026,09:51:54,23.08,0.01,2,4616,中性盘
2027,09:51:51,23.07,-0.01,110,253770,卖盘
2028,09:51:45,23.08,-0.01,12,27695,卖盘
2029,09:51:42,23.09,-0.01,36,83124,中性盘
2030,09:51:36,23.1,0.01,10,23100,买盘
2031,09:51:33,23.09,--,11,25399,卖盘
2032,09:51:30,23.09,-0.01,5,11545,卖盘
2033,09:51:24,23.1,-0.02,227,524370,卖盘
2034,09:51:18,23.12,--,7,16184,卖盘
2035,09:51:15,23.12,-0.01,3,6936,卖盘
2036,09:51:09,23.13,0.01,3,6939,买盘
2037,09:51:06,23.12,--,50,115600,卖盘
2038,09:51:03,23.12,-0.01,6,13872,卖盘
2039,09:50:54,23.13,0.01,2,4626,买盘
2040,09:50:48,23.12,--,50,115600,卖盘
2041,09:50:45,23.12,--,19,43928,卖盘
2042,09:50:39,23.12,--,40,92480,卖盘
2043,09:50:36,23.12,-0.01,5,11560,卖盘
2044,09:50:33,23.13,0.01,1,2313,买盘
2045,09:50:27,23.12,-0.01,94,217328,卖盘
2046,09:50:09,23.13,-0.02,13,30069,卖盘
2047,09:50:03,23.15,--,3,6945,卖盘
2048,09:49:54,23.15,0.02,22,50930,买盘
2049,09:49:51,23.13,-0.07,136,314568,卖盘
2050,09:49:45,23.2,--,13,30160,买盘
2051,09:49:33,23.2,-0.01,2,4640,买盘
2052,09:49:27,23.21,--,17,39457,卖盘
2053,09:49:21,23.21,--,9,20889,卖盘
2054,09:49:18,23.21,--,127,294767,卖盘
2055,09:49:15,23.21,--,30,69630,卖盘
2056,09:49:12,23.21,0.06,39,90519,买盘
2057,09:49:06,23.15,0.01,5,11575,买盘
2058,09:49:03,23.14,--,1,2314,卖盘
2059,09:49:00,23.14,--,23,53222,卖盘
2060,09:48:51,23.14,0.04,85,196690,买盘
2061,09:48:45,23.1,-0.01,52,120120,卖盘
2062,09:48:42,23.11,-0.02,11,25421,卖盘
2063,09:48:36,23.13,0.03,1,2313,买盘
2064,09:48:33,23.1,--,2,4620,卖盘
2065,09:48:30,23.1,--,109,251790,卖盘
2066,09:48:24,23.1,--,150,346500,卖盘
2067,09:48:15,23.1,--,16,36960,买盘
2068,09:48:09,23.1,--,58,133980,买盘
2069,09:48:06,23.1,--,10,23100,买盘
2070,09:48:03,23.1,--,17,39270,买盘
2071,09:47:57,23.1,--,10,23100,买盘
2072,09:47:54,23.1,-0.04,129,297990,卖盘
2073,09:47:51,23.14,--,3,6942,卖盘
2074,09:47:48,23.14,0.01,39,90246,买盘
2075,09:47:45,23.13,--,12,27756,买盘
2076,09:47:42,23.13,-0.01,27,62451,卖盘
2077,09:47:39,23.14,--,15,34710,买盘
2078,09:47:36,23.14,--,1,2314,买盘
2079,09:47:33,23.14,0.01,30,69420,买盘
2080,09:47:30,23.13,-0.02,20,46260,卖盘
2081,09:47:27,23.15,0.01,14,32409,买盘
2082,09:47:24,23.14,--,1,2314,卖盘
2083,09:47:21,23.14,-0.01,22,50908,卖盘
2084,09:47:18,23.15,--,5,11575,买盘
2085,09:47:15,23.15,--,90,208350,买盘
2086,09:47:12,23.15,--,10,23150,买盘
2087,09:47:09,23.15,--,5,11575,买盘
2088,09:47:00,23.15,-0.07,143,331045,卖盘
2089,09:46:57,23.22,-0.01,21,48762,卖盘
2090,09:46:48,23.23,0.01,41,95243,买盘
2091,09:46:39,23.22,--,15,34830,卖盘
2092,09:46:36,23.22,-0.01,5,11610,卖盘
2093,09:46:33,23.23,--,9,20907,买盘
2094,09:46:30,23.23,--,5,11615,买盘
2095,09:46:27,23.23,0.01,105,243915,买盘
2096,09:46:24,23.22,-0.01,5,11610,卖盘
2097,09:46:21,23.23,--,3,6969,买盘
2098,09:46:15,23.23,-0.02,33,78424,卖盘
2099,09:46:12,23.25,0.02,13,30225,买盘
2100,09:46:09,23.23,-0.02,20,46460,卖盘
2101,09:46:06,23.25,--,20,46500,买盘
2102,09:46:03,23.25,0.02,1,2325,买盘
2103,09:46:00,23.23,--,45,104535,卖盘
2104,09:45:54,23.23,--,20,46460,卖盘
2105,09:45:48,23.23,--,11,25553,卖盘
2106,09:45:33,23.23,-0.02,499,1159177,卖盘
2107,09:45:27,23.25,-0.01,1,2325,卖盘
2108,09:45:21,23.26,0.01,41,95366,买盘
2109,09:45:18,23.25,-0.01,2,4650,卖盘
2110,09:45:15,23.26,--,1,2326,买盘
2111,09:45:12,23.26,0.01,4,9304,买盘
2112,09:45:06,23.25,-0.01,7,16275,卖盘
2113,09:45:03,23.26,--,1,2326,买盘
2114,09:44:39,23.26,-0.01,9,20934,卖盘
2115,09:44:36,23.27,--,10,23270,买盘
2116,09:44:27,23.27,--,2,4654,买盘
2117,09:44:24,23.27,-0.01,2,4654,买盘
2118,09:44:18,23.28,0.01,1,2328,买盘
2119,09:44:15,23.27,-0.01,5,11635,卖盘
2120,09:44:12,23.28,--,6,13968,买盘
2121,09:43:54,23.28,--,3,6984,买盘
2122,09:43:42,23.28,--,9,20952,买盘
2123,09:43:33,23.28,--,42,97776,卖盘
2124,09:43:30,23.28,-0.01,4,9312,卖盘
2125,09:43:27,23.29,0.01,1,2329,买盘
2126,09:43:18,23.28,--,40,93120,卖盘
2127,09:43:12,23.28,-0.02,3,6984,卖盘
2128,09:43:06,23.3,0.02,13,30290,买盘
2129,09:43:03,23.28,-0.01,36,83808,卖盘
2130,09:43:00,23.29,--,42,97818,买盘
2131,09:42:54,23.29,--,11,25619,买盘
2132,09:42:51,23.29,--,4,9316,买盘
2133,09:42:45,23.29,--,94,218926,买盘
2134,09:42:36,23.29,--,11,25619,买盘
2135,09:42:24,23.29,--,12,27948,买盘
2136,09:42:21,23.29,0.01,4,9316,买盘
2137,09:42:18,23.28,-0.01,77,179256,卖盘
2138,09:42:15,23.29,--,10,23290,买盘
2139,09:41:57,23.29,--,30,69870,买盘
2140,09:41:51,23.29,0.01,52,121108,买盘
2141,09:41:39,23.28,--,15,34920,卖盘
2142,09:41:30,23.28,--,26,60528,买盘
2143,09:41:27,23.28,--,16,37248,买盘
2144,09:41:24,23.28,--,1,2328,买盘
2145,09:41:21,23.28,--,5,11640,买盘
2146,09:41:18,23.28,0.01,7,16296,买盘
2147,09:41:15,23.27,-0.01,20,46540,卖盘
2148,09:41:12,23.28,--,55,128040,买盘
2149,09:41:06,23.28,0.01,4,9312,买盘
2150,09:41:00,23.27,--,1,2327,卖盘
2151,09:40:57,23.27,--,43,100061,卖盘
2152,09:40:54,23.27,-0.01,10,23270,卖盘
2153,09:40:51,23.28,--,1,2328,买盘
2154,09:40:48,23.28,--,2,4656,买盘
2155,09:40:45,23.28,--,7,16296,买盘
2156,09:40:42,23.28,--,14,32592,买盘
2157,09:40:39,23.28,--,6,13968,买盘
2158,09:40:36,23.28,--,2,4656,买盘
2159,09:40:33,23.28,--,27,62856,买盘
2160,09:40:30,23.28,0.01,59,137352,买盘
2161,09:40:27,23.27,-0.01,8,18616,卖盘
2162,09:40:24,23.28,--,6,13968,买盘
2163,09:40:18,23.28,0.02,48,111744,买盘
2164,09:40:12,23.26,-0.02,64,148864,卖盘
2165,09:40:09,23.28,0.01,52,121056,买盘
2166,09:40:06,23.27,--,7,16289,买盘
2167,09:40:03,23.27,--,16,37232,买盘
2168,09:40:00,23.27,--,12,27924,买盘
2169,09:39:57,23.27,--,5,11635,买盘
2170,09:39:54,23.27,0.01,1,2327,买盘
2171,09:39:51,23.26,-0.01,1,2326,卖盘
2172,09:39:48,23.27,--,30,69810,买盘
2173,09:39:42,23.27,--,10,23270,买盘
2174,09:39:30,23.27,--,14,32578,买盘
2175,09:39:27,23.27,-0.01,3,6981,买盘
2176,09:39:21,23.28,0.01,15,34920,买盘
2177,09:39:18,23.27,--,154,358358,卖盘
2178,09:39:15,23.27,--,8,18616,卖盘
2179,09:39:12,23.27,--,4,9308,卖盘
2180,09:39:09,23.27,-0.01,8,18616,卖盘
2181,09:39:06,23.28,--,5,11640,买盘
2182,09:39:03,23.28,--,9,20952,买盘
2183,09:39:00,23.28,--,4,9312,买盘
2184,09:38:57,23.28,-0.01,29,67512,卖盘
2185,09:38:48,23.29,0.01,42,97818,买盘
2186,09:38:45,23.28,-0.01,50,116400,卖盘
2187,09:38:39,23.29,0.01,57,132753,买盘
2188,09:38:33,23.28,--,4,9312,卖盘
2189,09:38:30,23.28,-0.01,27,62856,卖盘
2190,09:38:27,23.29,0.01,1,2329,买盘
2191,09:38:24,23.28,--,68,158304,买盘
2192,09:38:21,23.28,--,9,20952,买盘
2193,09:38:15,23.28,-0.01,43,100104,卖盘
2194,09:38:06,23.29,0.01,87,202623,买盘
2195,09:38:03,23.28,--,40,93120,买盘
2196,09:38:00,23.28,--,300,698400,买盘
2197,09:37:54,23.28,0.01,12,27936,买盘
2198,09:37:51,23.27,--,7,16289,卖盘
2199,09:37:48,23.27,--,47,109369,买盘
2200,09:37:45,23.27,--,190,442130,买盘
2201,09:37:42,23.27,--,4,9308,买盘
2202,09:37:36,23.27,--,6,13962,买盘
2203,09:37:30,23.27,0.01,3,6981,买盘
2204,09:37:24,23.26,--,47,109322,买盘
2205,09:37:21,23.26,--,1,2326,买盘
2206,09:37:18,23.26,--,9,20934,买盘
2207,09:37:09,23.26,--,11,25586,买盘
2208,09:37:03,23.26,--,21,48846,买盘
2209,09:37:00,23.26,0.01,4,9304,买盘
2210,09:36:57,23.25,--,23,53475,买盘
2211,09:36:54,23.25,--,50,116250,买盘
2212,09:36:42,23.25,0.01,22,51150,买盘
2213,09:36:39,23.24,-0.01,126,292824,卖盘
2214,09:36:36,23.25,0.01,14,32550,买盘
2215,09:36:30,23.24,-0.01,5,11620,卖盘
2216,09:36:24,23.25,--,3,6975,买盘
2217,09:36:21,23.25,0.02,14,32550,买盘
2218,09:36:18,23.23,--,35,81305,卖盘
2219,09:36:15,23.23,-0.02,263,611506,卖盘
2220,09:36:12,23.25,0.01,47,109275,买盘
2221,09:36:09,23.24,--,4,9296,买盘
2222,09:36:06,23.24,0.01,10,23240,买盘
2223,09:35:54,23.23,--,17,39491,卖盘
2224,09:35:51,23.23,--,16,37168,买盘
2225,09:35:48,23.23,--,21,48783,买盘
2226,09:35:42,23.23,--,8,18584,买盘
2227,09:35:39,23.23,--,3,6969,买盘
2228,09:35:33,23.23,--,20,46460,买盘
2229,09:35:30,23.23,-0.01,136,315928,卖盘
2230,09:35:27,23.24,--,10,23240,买盘
2231,09:35:18,23.24,--,14,32535,买盘
2232,09:35:15,23.24,--,4,9296,买盘
2233,09:35:12,23.24,--,1,2324,买盘
2234,09:35:09,23.24,-0.01,9,20916,卖盘
2235,09:35:06,23.25,--,3,6975,买盘
2236,09:35:03,23.25,--,4,9300,买盘
2237,09:34:57,23.25,--,10,23250,买盘
2238,09:34:54,23.25,0.02,59,137175,买盘
2239,09:34:51,23.23,-0.02,3,6969,卖盘
2240,09:34:48,23.25,0.02,1,2325,买盘
2241,09:34:45,23.23,-0.02,50,116150,卖盘
2242,09:34:42,23.25,--,33,76725,买盘
2243,09:34:36,23.25,--,25,58125,买盘
2244,09:34:30,23.25,--,4,9300,买盘
2245,09:34:18,23.25,0.02,81,188325,买盘
2246,09:34:15,23.23,--,12,27876,买盘
2247,09:34:09,23.23,0.01,19,44137,中性盘
2248,09:33:57,23.22,-0.02,4,9288,卖盘
2249,09:33:54,23.24,--,20,46480,买盘
2250,09:33:48,23.24,0.03,51,118523,买盘
2251,09:33:45,23.21,-0.05,8,18568,卖盘
2252,09:33:42,23.26,--,15,34890,买盘
2253,09:33:36,23.26,0.01,2,4652,买盘
2254,09:33:24,23.25,-0.01,11,25575,卖盘
2255,09:33:15,23.26,0.05,192,446592,买盘
2256,09:33:09,23.21,0.01,17,41708,买盘
2257,09:33:06,23.2,-0.01,5,11600,卖盘
2258,09:33:03,23.21,--,80,185680,买盘
2259,09:33:00,23.21,--,8,18568,买盘
2260,09:32:54,23.21,0.01,5,11605,买盘
2261,09:32:51,23.2,-0.01,16,37120,卖盘
2262,09:32:48,23.21,0.01,33,76593,买盘
2263,09:32:45,23.2,--,10,23200,卖盘
2264,09:32:33,23.2,--,17,39440,卖盘
2265,09:32:30,23.2,--,13,31621,买盘
2266,09:32:27,23.2,--,3,6960,买盘
2267,09:32:21,23.2,--,3,6960,买盘
2268,09:32:18,23.2,--,10,23200,买盘
2269,09:32:15,23.2,--,21,48720,买盘
2270,09:32:06,23.2,--,21,48720,买盘
2271,09:32:00,23.2,--,4,9280,买盘
2272,09:31:57,23.2,-0.01,7,16240,卖盘
2273,09:31:54,23.21,--,60,139260,买盘
2274,09:31:51,23.21,--,1,2321,买盘
2275,09:31:48,23.21,0.01,59,136939,买盘
2276,09:31:45,23.2,--,5,11600,卖盘
2277,09:31:33,23.2,0.01,16,37120,中性盘
2278,09:31:18,23.19,-0.01,25,57975,卖盘
2279,09:31:12,23.2,--,7,16240,中性盘
2280,09:31:06,23.2,-0.01,10,23200,卖盘
2281,09:31:03,23.21,0.01,121,280841,买盘
2282,09:31:00,23.2,-0.01,1,2320,卖盘
2283,09:30:48,23.21,-0.01,142,329651,卖盘
2284,09:30:39,23.22,-0.01,8,18576,卖盘
2285,09:30:36,23.23,-0.03,2,4646,中性盘
2286,09:30:30,23.26,--,25,58150,买盘
2287,09:30:24,23.26,0.04,2,4652,买盘
2288,09:30:21,23.22,-0.01,51,118422,买盘
2289,09:30:18,23.23,0.02,10,23230,卖盘
2290,09:30:15,23.21,-0.05,1,2321,卖盘
2291,09:30:12,23.26,0.05,6,13956,买盘
2292,09:30:09,23.21,-0.05,5,11605,卖盘
2293,09:30:06,23.26,0.05,35,81410,买盘
2294,09:30:03,23.21,-0.07,104,243635,卖盘
2295,09:30:00,23.28,--,0,0,买盘
2296,09:25:03,23.28,23.28,646,1503888,买盘
