,time,price,change,volume,amount,type
0,15:00:00,252.08,--,0,0,中性盘
1,15:00:00,252.08,-0.15,0,0,中性盘
2,14:59:59,252.23,0.23,21,544312,买盘
3,14:59:56,252.0,-0.02,58,1472184,卖盘
4,14:59:45,252.02,--,6,151212,卖盘
5,14:59:40,252.02,--,2,50404,买盘
6,14:59:35,252.02,--,12,302424,买盘
7,14:59:30,252.02,--,3,75606,买盘
8,14:59:26,252.02,-0.01,8,201616,卖盘
9,14:59:21,252.03,-0.19,21,529263,卖盘
10,14:59:15,252.22,0.2,3,75666,买盘
11,14:59:11,252.02,--,0,0,卖盘
12,14:59:05,252.02,-0.16,8,201616,卖盘
13,14:59:00,252.18,0.18,7,176526,买盘
14,14:58:56,252.0,--,0,0,卖盘
15,14:58:51,252.0,--,0,0,卖盘
16,14:58:45,252.0,-0.01,25,642096,卖盘
17,14:58:39,252.01,0.01,30,756030,中性盘
18,14:58:35,252.0,--,2,50400,卖盘
19,14:58:30,252.0,--,5,126000,卖盘
20,14:58:24,252.0,--,8,204120,买盘
21,14:58:20,252.0,--,9,226800,买盘
22,14:58:15,252.0,--,6,151200,买盘
23,14:58:09,252.0,--,6,151200,买盘
24,14:58:05,252.0,--,2,50400,买盘
25,14:58:00,252.0,-0.02,36,929880,卖盘
26,14:57:54,252.02,0.02,3,75606,中性盘
27,14:57:50,252.0,--,2,50400,卖盘
28,14:57:45,252.0,--,11,277200,卖盘
29,14:57:39,252.0,0.44,149,3757320,买盘
30,14:57:35,251.56,-0.39,1,25156,卖盘
31,14:57:30,251.95,--,1,25195,买盘
32,14:57:24,251.95,-0.01,2,50390,中性盘
33,14:57:20,251.96,-0.01,2,50392,买盘
34,14:57:15,251.97,0.01,21,529137,买盘
35,14:57:09,251.96,--,9,251708,卖盘
36,14:57:05,251.96,0.44,23,579508,买盘
37,14:57:00,251.52,-0.36,4,100608,卖盘
38,14:56:54,251.88,-0.07,2,50376,买盘
39,14:56:50,251.95,--,0,0,买盘
40,14:56:45,251.95,--,3,75585,买盘
41,14:56:39,251.95,--,1,25195,买盘
42,14:56:35,251.95,0.05,17,428315,买盘
43,14:56:30,251.9,-0.05,1,25190,买盘
44,14:56:24,251.95,--,5,125975,买盘
45,14:56:15,251.95,--,0,0,中性盘
46,14:56:09,251.95,--,9,226755,卖盘
47,14:56:04,251.95,0.65,1,25195,买盘
48,14:56:00,251.3,--,0,0,卖盘
49,14:55:54,251.3,-0.59,0,7790,卖盘
50,14:55:50,251.89,0.59,16,403024,买盘
51,14:55:45,251.3,--,1,25130,买盘
52,14:55:39,251.3,0.09,1,25130,买盘
53,14:55:34,251.21,0.01,1,25121,卖盘
54,14:55:30,251.2,-0.69,5,125600,卖盘
55,14:55:24,251.89,0.75,8,201512,买盘
56,14:55:20,251.14,-0.66,1,25114,卖盘
57,14:55:15,251.8,--,7,176260,买盘
58,14:55:09,251.8,--,2,50360,买盘
59,14:55:00,251.8,0.77,4,100720,买盘
60,14:54:54,251.03,-0.03,9,231449,卖盘
61,14:54:49,251.06,-0.08,2,50212,卖盘
62,14:54:45,251.14,--,6,150684,卖盘
63,14:54:39,251.14,-0.12,4,100456,卖盘
64,14:54:35,251.26,-0.63,7,175882,卖盘
65,14:54:30,251.89,0.63,7,176323,中性盘
66,14:54:24,251.26,-0.24,43,1085443,卖盘
67,14:54:20,251.5,--,1,25150,卖盘
68,14:54:15,251.5,--,14,352100,卖盘
69,14:54:09,251.5,-0.34,6,150900,卖盘
70,14:54:04,251.84,0.32,10,251840,买盘
71,14:54:00,251.52,0.02,2,50304,中性盘
72,14:53:54,251.5,-0.01,6,150900,卖盘
73,14:53:50,251.51,-0.09,3,75453,卖盘
74,14:53:45,251.6,0.1,9,226440,买盘
75,14:53:39,251.5,-0.02,4,100600,卖盘
76,14:53:35,251.52,--,7,176064,卖盘
77,14:53:30,251.52,0.02,3,75456,中性盘
78,14:53:24,251.5,-0.01,7,176050,卖盘
79,14:53:20,251.51,-0.34,3,75453,卖盘
80,14:53:15,251.85,0.15,20,503700,买盘
81,14:53:09,251.7,--,5,125850,卖盘
82,14:53:04,251.7,-0.15,6,151020,卖盘
83,14:53:00,251.85,-0.15,4,100740,卖盘
84,14:52:54,252.0,--,9,226800,卖盘
85,14:52:49,252.0,--,12,302400,卖盘
86,14:52:45,252.0,--,15,378000,卖盘
87,14:52:39,252.0,0.5,15,378000,买盘
88,14:52:35,251.5,-0.5,4,100600,卖盘
89,14:52:29,252.0,--,3,75600,卖盘
90,14:52:24,252.0,0.29,11,277200,买盘
91,14:52:20,251.71,-0.29,8,201368,卖盘
92,14:52:14,252.0,0.15,14,352800,买盘
93,14:52:09,251.85,-0.15,10,251850,卖盘
94,14:52:04,252.0,--,24,604800,卖盘
95,14:51:59,252.0,--,3,75600,卖盘
96,14:51:54,252.0,--,7,176400,卖盘
97,14:51:48,252.0,--,3,75600,卖盘
98,14:51:44,252.0,0.4,17,428400,买盘
99,14:51:39,251.6,-0.15,3,75480,卖盘
100,14:51:33,251.75,--,10,251750,卖盘
101,14:51:29,251.75,--,1,25175,卖盘
102,14:51:24,251.75,0.25,22,553850,买盘
103,14:51:18,251.5,0.02,2,50300,中性盘
104,14:51:14,251.48,--,0,0,卖盘
105,14:51:09,251.48,-0.52,21,528108,卖盘
106,14:51:03,252.0,0.52,37,932400,买盘
107,14:50:59,251.48,--,2,50296,卖盘
108,14:50:54,251.48,0.18,20,502960,买盘
109,14:50:48,251.3,--,2,50260,卖盘
110,14:50:44,251.3,-0.18,7,175910,卖盘
111,14:50:39,251.48,0.18,6,150888,买盘
112,14:50:33,251.3,--,6,150780,卖盘
113,14:50:29,251.3,0.3,41,1040884,买盘
114,14:50:24,251.0,--,5,125500,买盘
115,14:50:18,251.0,0.18,1,25100,中性盘
116,14:50:14,250.82,-0.18,38,953116,卖盘
117,14:50:09,251.0,0.1,32,803200,买盘
118,14:50:03,250.9,--,13,326170,卖盘
119,14:49:59,250.9,--,2,50180,卖盘
120,14:49:54,250.9,--,7,175630,卖盘
121,14:49:48,250.9,--,5,125450,卖盘
122,14:49:44,250.9,-0.05,6,150540,卖盘
123,14:49:39,250.95,-0.04,2,50190,卖盘
124,14:49:33,250.99,0.09,14,351386,买盘
125,14:49:29,250.9,0.12,5,125450,卖盘
126,14:49:24,250.78,-0.12,6,150468,卖盘
127,14:49:18,250.9,0.07,2,50180,卖盘
128,14:49:14,250.83,0.13,24,601992,买盘
129,14:49:09,250.7,-0.12,9,225630,卖盘
130,14:49:03,250.82,--,29,727378,买盘
131,14:48:59,250.82,--,39,978198,卖盘
132,14:48:54,250.82,0.14,8,200656,卖盘
133,14:48:48,250.68,--,2,50136,卖盘
134,14:48:43,250.68,-0.14,7,175476,卖盘
135,14:48:39,250.82,0.14,2,50164,中性盘
136,14:48:33,250.68,--,11,275748,中性盘
137,14:48:28,250.68,-0.12,4,100272,卖盘
138,14:48:24,250.8,0.05,19,476520,买盘
139,14:48:18,250.75,0.07,21,526575,买盘
140,14:48:13,250.68,--,3,75204,卖盘
141,14:48:09,250.68,-0.01,3,75204,卖盘
142,14:48:03,250.69,-0.06,14,350966,中性盘
143,14:47:59,250.75,0.14,2,50150,卖盘
144,14:47:54,250.61,-0.06,9,225549,卖盘
145,14:47:48,250.67,0.07,8,200536,买盘
146,14:47:44,250.6,-0.13,11,275660,卖盘
147,14:47:38,250.73,--,4,100292,买盘
148,14:47:33,250.73,0.06,33,827409,买盘
149,14:47:28,250.67,-0.01,5,125335,卖盘
150,14:47:24,250.68,-0.02,11,275748,卖盘
151,14:47:18,250.7,--,5,125350,卖盘
152,14:47:13,250.7,-0.03,6,150420,卖盘
153,14:47:09,250.73,-0.02,6,150438,中性盘
154,14:47:03,250.75,--,5,125375,卖盘
155,14:46:59,250.75,-0.03,12,300900,卖盘
156,14:46:54,250.78,-0.03,13,326014,卖盘
157,14:46:48,250.81,-0.07,5,125405,卖盘
158,14:46:44,250.88,0.06,9,225792,中性盘
159,14:46:39,250.82,--,10,250820,卖盘
160,14:46:33,250.82,-0.06,10,250820,卖盘
161,14:46:29,250.88,--,6,150528,买盘
162,14:46:24,250.88,0.03,14,351232,买盘
163,14:46:18,250.85,0.03,10,250850,买盘
164,14:46:14,250.82,-0.02,1,25082,卖盘
165,14:46:09,250.84,-0.14,4,100336,卖盘
166,14:46:03,250.98,0.08,12,301176,买盘
167,14:45:59,250.9,0.02,2,50180,卖盘
168,14:45:54,250.88,-0.1,14,351232,卖盘
169,14:45:48,250.98,--,14,351372,买盘
170,14:45:43,250.98,-0.02,20,501960,卖盘
171,14:45:39,251.0,-0.11,25,627500,卖盘
172,14:45:33,251.11,0.09,133,3339763,买盘
173,14:45:29,251.02,--,8,200816,中性盘
174,14:45:23,251.02,--,13,326326,卖盘
175,14:45:18,251.02,-0.01,2,50204,卖盘
176,14:45:12,251.03,-0.1,6,150618,卖盘
177,14:45:08,251.13,0.01,3,75339,买盘
178,14:45:03,251.12,-0.1,3,75336,卖盘
179,14:44:57,251.22,--,49,1230978,卖盘
180,14:44:53,251.22,--,13,326586,卖盘
181,14:44:48,251.22,--,15,376830,卖盘
182,14:44:42,251.22,--,22,552684,卖盘
183,14:44:38,251.22,0.02,8,200976,买盘
184,14:44:33,251.2,-0.03,11,276320,卖盘
185,14:44:27,251.23,--,6,150738,买盘
186,14:44:23,251.23,-0.03,2,50246,卖盘
187,14:44:18,251.26,-0.01,2,50252,卖盘
188,14:44:12,251.27,-0.08,29,728683,卖盘
189,14:44:08,251.35,--,5,125675,卖盘
190,14:44:03,251.35,-0.01,12,301620,卖盘
191,14:43:57,251.36,--,3,75408,卖盘
192,14:43:53,251.36,0.01,6,150816,卖盘
193,14:43:48,251.35,-0.05,1,25135,卖盘
194,14:43:42,251.4,-0.02,3,75420,卖盘
195,14:43:38,251.42,--,18,452556,买盘
196,14:43:33,251.42,-0.09,157,3947294,卖盘
197,14:43:27,251.51,0.03,6,150906,买盘
198,14:43:23,251.48,-0.03,18,452664,卖盘
199,14:43:18,251.51,0.02,12,301812,买盘
200,14:43:12,251.49,-0.01,3,75447,卖盘
201,14:43:08,251.5,--,12,301800,卖盘
202,14:43:03,251.5,-0.05,2,50300,卖盘
203,14:42:57,251.55,-0.03,3,75465,卖盘
204,14:42:53,251.58,0.03,8,201264,买盘
205,14:42:48,251.55,-0.04,6,150930,卖盘
206,14:42:42,251.59,-0.02,4,100636,卖盘
207,14:42:38,251.61,-0.09,3,75483,卖盘
208,14:42:33,251.7,-0.1,2,50340,中性盘
209,14:42:27,251.8,--,149,3751820,卖盘
210,14:42:23,251.8,0.1,7,176260,卖盘
211,14:42:18,251.7,--,27,679590,卖盘
212,14:42:12,251.7,--,36,906120,卖盘
213,14:42:08,251.7,--,2,50340,卖盘
214,14:42:03,251.7,0.1,9,226530,中性盘
215,14:41:57,251.6,0.01,65,1635400,中性盘
216,14:41:52,251.59,-0.11,8,201272,卖盘
217,14:41:48,251.7,0.11,26,654420,买盘
218,14:41:42,251.59,-0.11,7,176113,卖盘
219,14:41:37,251.7,0.1,72,1812240,买盘
220,14:41:33,251.6,0.12,20,503200,买盘
221,14:41:27,251.48,--,4,100592,卖盘
222,14:41:23,251.48,--,6,150888,卖盘
223,14:41:17,251.48,--,10,251480,买盘
224,14:41:12,251.48,--,18,452664,卖盘
225,14:41:07,251.48,-0.02,11,276628,卖盘
226,14:41:03,251.5,-0.03,8,201200,卖盘
227,14:40:57,251.53,0.02,7,176071,中性盘
228,14:40:52,251.51,-0.01,7,176057,卖盘
229,14:40:48,251.52,-0.03,7,176064,卖盘
230,14:40:37,251.55,-0.04,31,779805,卖盘
231,14:40:33,251.59,--,9,226431,卖盘
232,14:40:27,251.59,-0.01,10,251590,卖盘
233,14:40:22,251.6,0.01,8,201280,卖盘
234,14:40:18,251.59,--,1,25159,卖盘
235,14:40:12,251.59,0.09,44,1106996,买盘
236,14:40:07,251.5,-0.01,4,100600,卖盘
237,14:39:57,251.51,-0.02,41,1031191,卖盘
238,14:39:52,251.53,--,7,176071,卖盘
239,14:39:48,251.53,--,3,75459,卖盘
240,14:39:42,251.53,0.01,12,301836,中性盘
241,14:39:37,251.52,-0.11,13,326976,卖盘
242,14:39:32,251.63,0.03,9,226467,买盘
243,14:39:27,251.6,-0.01,13,327080,卖盘
244,14:39:22,251.61,0.01,52,1308372,中性盘
245,14:39:17,251.6,-0.01,12,301920,卖盘
246,14:39:07,251.61,-0.02,14,352254,卖盘
247,14:39:02,251.63,0.02,19,478097,买盘
248,14:38:57,251.61,-0.03,7,176127,卖盘
249,14:38:52,251.64,--,7,176148,卖盘
250,14:38:47,251.64,--,1,25164,卖盘
251,14:38:42,251.64,-1.06,36,905904,卖盘
252,14:38:37,252.7,1.07,112,2830240,买盘
253,14:38:32,251.63,--,2,50326,卖盘
254,14:38:27,251.63,0.03,35,880705,买盘
255,14:38:21,251.6,--,9,226440,卖盘
256,14:38:12,251.6,--,8,201280,卖盘
257,14:38:06,251.6,-0.2,8,201280,卖盘
258,14:38:02,251.8,--,1,25180,卖盘
259,14:37:57,251.8,0.14,18,453240,买盘
260,14:37:51,251.66,-0.14,6,150996,卖盘
261,14:37:47,251.8,--,0,0,中性盘
262,14:37:42,251.8,-0.08,8,201440,卖盘
263,14:37:36,251.88,-0.06,18,453384,卖盘
264,14:37:32,251.94,-0.01,13,327522,卖盘
265,14:37:27,251.95,0.05,84,2116380,中性盘
266,14:37:21,251.9,-0.02,22,554180,卖盘
267,14:37:12,251.92,--,8,201536,卖盘
268,14:37:06,251.92,--,47,1184024,卖盘
269,14:37:02,251.92,--,0,0,卖盘
270,14:36:57,251.92,-0.03,39,982488,卖盘
271,14:36:51,251.95,0.05,36,907020,买盘
272,14:36:46,251.9,--,0,0,卖盘
273,14:36:42,251.9,-0.01,10,251900,卖盘
274,14:36:36,251.91,-0.03,33,831303,卖盘
275,14:36:32,251.94,0.02,1,25194,买盘
276,14:36:27,251.92,0.02,15,377880,买盘
277,14:36:21,251.9,-0.01,32,806080,卖盘
278,14:36:17,251.91,--,1,25191,卖盘
279,14:36:12,251.91,--,7,176337,卖盘
280,14:36:06,251.91,-0.11,9,226719,卖盘
281,14:36:02,252.02,0.07,5,126010,买盘
282,14:35:57,251.95,-0.05,25,647007,卖盘
283,14:35:51,252.0,--,22,562464,卖盘
284,14:35:47,252.0,--,6,151200,卖盘
285,14:35:41,252.0,--,15,378000,卖盘
286,14:35:36,252.0,-0.03,9,226800,卖盘
287,14:35:32,252.03,0.02,7,176421,卖盘
288,14:35:26,252.01,-0.03,75,1890075,卖盘
289,14:35:21,252.04,-0.06,15,378060,卖盘
290,14:35:12,252.1,-0.06,23,579830,卖盘
291,14:35:06,252.16,0.03,14,353024,买盘
292,14:35:02,252.13,--,1,25213,卖盘
293,14:34:57,252.13,-0.02,40,1008520,卖盘
294,14:34:51,252.15,--,2,50430,卖盘
295,14:34:47,252.15,-0.22,2,50430,卖盘
296,14:34:42,252.37,--,5,126185,卖盘
297,14:34:36,252.37,--,26,656162,卖盘
298,14:34:26,252.37,0.02,3,75711,中性盘
299,14:34:21,252.35,--,27,681345,卖盘
300,14:34:16,252.35,--,1,25235,卖盘
301,14:34:11,252.35,--,7,176645,卖盘
302,14:34:06,252.35,-0.25,24,605640,中性盘
303,14:34:01,252.6,0.3,22,555720,买盘
304,14:33:57,252.3,--,153,3860190,卖盘
305,14:33:51,252.3,0.13,17,428910,卖盘
306,14:33:46,252.17,--,0,0,中性盘
307,14:33:41,252.17,--,7,176519,卖盘
308,14:33:36,252.17,0.05,9,226953,中性盘
309,14:33:31,252.12,-0.5,20,504240,卖盘
310,14:33:27,252.62,0.5,15,378930,买盘
311,14:33:21,252.12,-0.48,43,1084368,卖盘
312,14:33:16,252.6,--,16,404160,卖盘
313,14:33:12,252.6,-0.01,36,909360,卖盘
314,14:33:06,252.61,0.01,46,1187014,买盘
315,14:33:01,252.6,0.46,19,479940,买盘
316,14:32:56,252.14,0.04,2,50428,中性盘
317,14:32:51,252.1,-0.02,28,705880,卖盘
318,14:32:41,252.12,-0.04,9,226908,买盘
319,14:32:36,252.16,0.06,29,731264,买盘
320,14:32:31,252.1,-0.06,36,907560,卖盘
321,14:32:26,252.16,--,5,126080,卖盘
322,14:32:21,252.16,0.06,48,1210368,中性盘
323,14:32:11,252.1,--,16,403360,卖盘
324,14:32:06,252.1,--,3,75630,卖盘
325,14:32:01,252.1,-0.26,205,5168050,卖盘
326,14:31:56,252.36,0.01,7,176652,买盘
327,14:31:51,252.35,0.12,26,656110,中性盘
328,14:31:46,252.23,-0.13,3,75669,卖盘
329,14:31:41,252.36,-0.05,8,201888,卖盘
330,14:31:36,252.41,0.05,11,277651,买盘
331,14:31:31,252.36,0.06,15,378540,买盘
332,14:31:26,252.3,--,0,0,买盘
333,14:31:21,252.3,-0.05,10,252300,卖盘
334,14:31:15,252.35,-0.09,4,100940,卖盘
335,14:31:06,252.44,-0.06,44,1110736,卖盘
336,14:31:00,252.5,-0.13,52,1325372,卖盘
337,14:30:56,252.63,--,201,5077863,卖盘
338,14:30:51,252.63,-0.11,68,1717884,卖盘
339,14:30:45,252.74,0.11,8,202192,卖盘
340,14:30:41,252.63,--,28,707364,卖盘
341,14:30:36,252.63,--,109,2753667,卖盘
342,14:30:30,252.63,--,12,303156,卖盘
343,14:30:26,252.63,0.05,14,353682,买盘
344,14:30:21,252.58,-0.05,9,227322,卖盘
345,14:30:15,252.63,0.02,17,429471,买盘
346,14:30:11,252.61,0.01,2,50522,中性盘
347,14:30:06,252.6,-0.01,11,283164,卖盘
348,14:30:00,252.61,-0.19,4,101044,中性盘
349,14:29:55,252.8,0.24,29,733120,买盘
350,14:29:51,252.56,--,113,2853928,卖盘
351,14:29:45,252.56,-0.09,79,1995224,卖盘
352,14:29:35,252.65,-0.03,8,202120,卖盘
353,14:29:30,252.68,0.03,18,454824,买盘
354,14:29:26,252.65,-0.01,3,75795,卖盘
355,14:29:20,252.66,-0.04,8,202128,卖盘
356,14:29:15,252.7,--,7,176890,卖盘
357,14:29:10,252.7,--,2,50540,卖盘
358,14:29:06,252.7,--,10,252700,卖盘
359,14:29:00,252.7,0.03,7,176890,买盘
360,14:28:56,252.67,--,4,101068,买盘
361,14:28:51,252.67,-0.09,13,328471,卖盘
362,14:28:45,252.76,0.01,12,303312,买盘
363,14:28:40,252.75,--,0,0,中性盘
364,14:28:35,252.75,-0.03,15,379125,卖盘
365,14:28:30,252.78,0.04,32,808896,买盘
366,14:28:26,252.74,--,1,25274,卖盘
367,14:28:21,252.74,-0.02,8,202192,卖盘
368,14:28:15,252.76,-0.04,15,379140,卖盘
369,14:28:11,252.8,0.03,3,75840,买盘
370,14:28:06,252.77,-0.01,9,227493,卖盘
371,14:28:00,252.78,-0.01,19,480282,卖盘
372,14:27:56,252.79,0.01,3,75837,买盘
373,14:27:51,252.78,--,16,404448,卖盘
374,14:27:45,252.78,-0.02,6,151668,卖盘
375,14:27:41,252.8,0.02,1,25280,买盘
376,14:27:36,252.78,-0.22,5,126390,卖盘
377,14:27:30,253.0,0.15,29,733700,买盘
378,14:27:26,252.85,--,93,2351505,卖盘
379,14:27:21,252.85,0.07,9,227565,中性盘
380,14:27:15,252.78,0.02,11,278058,中性盘
381,14:27:06,252.76,--,11,278036,卖盘
382,14:27:00,252.76,0.02,7,176932,中性盘
383,14:26:50,252.74,--,7,176918,卖盘
384,14:26:45,252.74,-0.26,7,176918,卖盘
385,14:26:41,253.0,--,17,430100,买盘
386,14:26:35,253.0,--,141,3567300,卖盘
387,14:26:30,253.0,--,11,278300,卖盘
388,14:26:26,253.0,--,1,25300,卖盘
389,14:26:20,253.0,--,117,2960100,买盘
390,14:26:15,253.0,--,31,784300,买盘
391,14:26:10,253.0,--,3,75900,买盘
392,14:26:05,253.0,-0.02,79,1998700,卖盘
393,14:25:59,253.02,-0.46,9,227718,中性盘
394,14:25:55,253.48,0.48,1,25348,中性盘
395,14:25:50,253.0,--,211,5338300,卖盘
396,14:25:45,253.0,-0.5,7,177100,卖盘
397,14:25:40,253.5,0.85,398,10089300,买盘
398,14:25:35,252.65,-0.35,10,252650,卖盘
399,14:25:30,253.0,0.37,71,1796300,买盘
400,14:25:20,252.63,-0.13,9,227367,卖盘
401,14:25:15,252.76,0.05,6,151656,卖盘
402,14:25:10,252.71,-0.05,3,75813,卖盘
403,14:25:05,252.76,0.13,15,379140,中性盘
404,14:25:00,252.63,0.02,4,101052,卖盘
405,14:24:55,252.61,--,0,0,卖盘
406,14:24:50,252.61,-0.39,15,378915,卖盘
407,14:24:45,253.0,--,10,253000,买盘
408,14:24:35,253.0,0.09,18,455400,买盘
409,14:24:30,252.91,0.32,18,455238,买盘
410,14:24:25,252.59,0.04,3,75777,中性盘
411,14:24:20,252.55,--,3,75765,卖盘
412,14:24:15,252.55,0.02,7,176785,卖盘
413,14:24:10,252.53,--,2,58081,卖盘
414,14:24:05,252.53,-0.05,7,176771,卖盘
415,14:24:00,252.58,0.07,15,378870,买盘
416,14:23:54,252.51,--,8,202008,卖盘
417,14:23:50,252.51,--,2,50502,卖盘
418,14:23:45,252.51,-0.4,1,25251,卖盘
419,14:23:39,252.91,0.39,9,227619,买盘
420,14:23:35,252.52,-0.31,7,176764,卖盘
421,14:23:30,252.83,0.18,21,530943,买盘
422,14:23:24,252.65,-0.18,6,151590,中性盘
423,14:23:20,252.83,--,19,480377,卖盘
424,14:23:15,252.83,0.03,209,5284147,中性盘
425,14:23:09,252.8,0.27,7,176960,中性盘
426,14:23:05,252.53,-0.38,7,176771,卖盘
427,14:23:00,252.91,0.19,24,606984,买盘
428,14:22:54,252.72,--,18,454896,卖盘
429,14:22:50,252.72,0.08,2,63180,卖盘
430,14:22:45,252.64,--,9,227376,卖盘
431,14:22:39,252.64,0.12,3,75792,中性盘
432,14:22:35,252.52,--,7,176764,卖盘
433,14:22:29,252.52,0.02,7,176764,中性盘
434,14:22:24,252.5,-0.14,8,202000,卖盘
435,14:22:20,252.64,0.14,8,202112,买盘
436,14:22:14,252.5,-0.06,126,3181500,卖盘
437,14:22:09,252.56,--,3,75768,卖盘
438,14:22:05,252.56,--,9,227304,卖盘
439,14:21:59,252.56,0.02,1,25256,中性盘
440,14:21:54,252.54,--,6,151524,卖盘
441,14:21:49,252.54,--,4,101016,卖盘
442,14:21:44,252.54,-0.02,12,303048,卖盘
443,14:21:39,252.56,0.02,2,50512,中性盘
444,14:21:35,252.54,-0.05,6,151524,卖盘
445,14:21:29,252.59,0.07,6,151554,买盘
446,14:21:24,252.52,-0.03,7,176764,卖盘
447,14:21:19,252.55,--,0,0,中性盘
448,14:21:14,252.55,0.01,9,227295,买盘
449,14:21:09,252.54,--,7,176778,卖盘
450,14:21:05,252.54,--,7,176778,卖盘
451,14:20:59,252.54,-0.01,3,75762,中性盘
452,14:20:54,252.55,0.03,12,303060,买盘
453,14:20:44,252.52,-0.12,8,202016,卖盘
454,14:20:39,252.64,0.07,15,378960,买盘
455,14:20:35,252.57,--,9,227313,卖盘
456,14:20:29,252.57,0.02,1,25257,中性盘
457,14:20:24,252.55,--,8,202040,卖盘
458,14:20:19,252.55,--,2,50510,卖盘
459,14:20:14,252.55,-0.47,8,202040,卖盘
460,14:20:09,253.02,--,0,0,买盘
461,14:20:05,253.02,0.38,16,404832,买盘
462,14:19:59,252.64,-0.25,7,176848,卖盘
463,14:19:54,252.89,0.37,55,1390895,买盘
464,14:19:49,252.52,-0.01,12,303024,卖盘
465,14:19:44,252.53,-0.07,19,479807,卖盘
466,14:19:39,252.6,-0.42,37,934620,卖盘
467,14:19:34,253.02,0.03,18,455436,买盘
468,14:19:29,252.99,-0.03,22,556578,中性盘
469,14:19:24,253.02,--,9,227718,买盘
470,14:19:20,253.02,-0.02,17,430134,卖盘
471,14:19:14,253.04,0.02,2,50608,中性盘
472,14:19:09,253.02,-0.28,4,101208,卖盘
473,14:19:04,253.3,0.1,209,5293970,买盘
474,14:18:59,253.2,-0.29,20,506400,中性盘
475,14:18:54,253.49,0.47,14,354886,买盘
476,14:18:49,253.02,0.09,2,50604,卖盘
477,14:18:44,252.93,-0.07,7,177051,卖盘
478,14:18:39,253.0,0.33,35,885500,中性盘
479,14:18:34,252.67,-0.35,6,151602,卖盘
480,14:18:29,253.02,0.02,16,404832,买盘
481,14:18:24,253.0,--,37,936100,卖盘
482,14:18:19,253.0,--,40,1012000,卖盘
483,14:18:14,253.0,0.4,32,809600,买盘
484,14:18:09,252.6,0.07,2,50520,卖盘
485,14:18:04,252.53,--,24,606072,卖盘
486,14:17:59,252.53,0.01,29,732337,买盘
487,14:17:54,252.52,--,29,732308,买盘
488,14:17:49,252.52,0.01,19,479788,买盘
489,14:17:44,252.51,-0.01,2,50502,卖盘
490,14:17:39,252.52,0.02,19,479788,卖盘
491,14:17:34,252.5,-0.02,20,505000,卖盘
492,14:17:29,252.52,0.02,12,303024,买盘
493,14:17:24,252.5,-0.05,32,808000,卖盘
494,14:17:19,252.55,0.05,10,252550,买盘
495,14:17:14,252.5,--,11,277750,卖盘
496,14:17:09,252.5,--,10,252500,卖盘
497,14:17:03,252.5,0.19,21,530250,买盘
498,14:16:59,252.31,-0.01,26,656006,卖盘
499,14:16:54,252.32,--,10,252320,买盘
500,14:16:48,252.32,-0.01,11,277552,卖盘
501,14:16:44,252.33,--,19,479427,买盘
502,14:16:39,252.33,--,8,201864,中性盘
503,14:16:33,252.33,-0.17,11,277563,卖盘
504,14:16:29,252.5,0.18,19,479750,买盘
505,14:16:24,252.32,0.01,23,580336,买盘
506,14:16:18,252.31,-0.02,5,126155,卖盘
507,14:16:14,252.33,0.02,16,403728,买盘
508,14:16:09,252.31,-0.02,10,252310,卖盘
509,14:16:03,252.33,0.03,22,555126,买盘
510,14:15:59,252.3,--,2,50460,卖盘
511,14:15:54,252.3,0.02,13,327990,卖盘
512,14:15:48,252.28,0.09,29,731612,买盘
513,14:15:44,252.19,--,18,453942,买盘
514,14:15:38,252.19,0.04,34,857446,买盘
515,14:15:33,252.15,-0.02,8,201720,卖盘
516,14:15:29,252.17,0.12,10,252170,买盘
517,14:15:23,252.05,-0.1,16,403280,卖盘
518,14:15:18,252.15,--,7,176505,卖盘
519,14:15:14,252.15,0.02,8,201720,卖盘
520,14:15:08,252.13,--,8,201704,卖盘
521,14:15:03,252.13,--,10,252130,卖盘
522,14:14:59,252.13,--,1,25213,卖盘
523,14:14:53,252.13,-0.01,14,352982,卖盘
524,14:14:48,252.14,0.01,8,201712,中性盘
525,14:14:43,252.13,-0.02,8,201704,卖盘
526,14:14:38,252.15,--,8,201720,卖盘
527,14:14:33,252.15,--,22,554730,卖盘
528,14:14:28,252.15,--,16,403440,卖盘
529,14:14:23,252.15,--,23,579945,买盘
530,14:14:18,252.15,0.02,26,655590,买盘
531,14:14:13,252.13,-0.03,7,176491,卖盘
532,14:14:08,252.16,0.03,38,958208,买盘
533,14:14:03,252.13,--,9,226917,卖盘
534,14:13:58,252.13,-0.02,13,327769,卖盘
535,14:13:53,252.15,0.01,41,1033815,买盘
536,14:13:48,252.14,0.01,9,226926,买盘
537,14:13:43,252.13,--,12,302556,买盘
538,14:13:38,252.13,0.02,6,151278,中性盘
539,14:13:33,252.11,-0.03,7,176477,卖盘
540,14:13:28,252.14,-0.01,1,25214,卖盘
541,14:13:23,252.15,-0.01,41,1033815,卖盘
542,14:13:18,252.16,0.01,6,151296,中性盘
543,14:13:13,252.15,0.01,10,252150,买盘
544,14:13:08,252.14,0.03,4,100856,中性盘
545,14:13:03,252.11,-0.1,2,50422,卖盘
546,14:12:58,252.21,--,2,50442,卖盘
547,14:12:53,252.21,0.1,20,504420,买盘
548,14:12:48,252.11,--,25,630275,买盘
549,14:12:43,252.11,0.1,8,201688,买盘
550,14:12:38,252.01,-0.1,7,176407,卖盘
551,14:12:33,252.11,0.1,12,302532,买盘
552,14:12:28,252.01,-0.01,4,100804,卖盘
553,14:12:23,252.02,--,10,252020,卖盘
554,14:12:18,252.02,0.01,10,252020,买盘
555,14:12:13,252.01,-0.1,3,75603,卖盘
556,14:12:08,252.11,0.01,9,226899,买盘
557,14:12:03,252.1,-0.04,4,100840,卖盘
558,14:11:58,252.14,-0.06,1,25214,卖盘
559,14:11:53,252.2,-0.21,8,201760,卖盘
560,14:11:48,252.41,0.08,18,454338,买盘
561,14:11:43,252.33,--,59,1488747,卖盘
562,14:11:38,252.33,0.13,3,75699,中性盘
563,14:11:33,252.2,-0.01,6,151320,卖盘
564,14:11:28,252.21,0.01,1,25221,中性盘
565,14:11:23,252.2,--,9,226980,卖盘
566,14:11:18,252.2,--,2,50440,卖盘
567,14:11:13,252.2,--,6,151320,卖盘
568,14:11:08,252.2,--,2,50440,卖盘
569,14:11:03,252.2,--,9,226980,卖盘
570,14:10:58,252.2,--,3,75660,卖盘
571,14:10:53,252.2,--,6,151320,卖盘
572,14:10:48,252.2,--,6,151320,中性盘
573,14:10:43,252.2,0.07,11,277420,买盘
574,14:10:38,252.13,-0.02,9,226917,卖盘
575,14:10:33,252.15,-0.05,8,201720,卖盘
576,14:10:28,252.2,0.02,19,479180,买盘
577,14:10:23,252.18,-0.02,12,302616,卖盘
578,14:10:18,252.2,--,11,277420,卖盘
579,14:10:12,252.2,0.08,8,201760,中性盘
580,14:10:08,252.12,-0.18,2,50424,卖盘
581,14:10:03,252.3,0.1,8,201840,中性盘
582,14:09:57,252.2,--,5,126100,卖盘
583,14:09:53,252.2,-0.3,7,176540,卖盘
584,14:09:48,252.5,0.08,5,126250,中性盘
585,14:09:42,252.42,-0.01,7,176694,卖盘
586,14:09:38,252.43,-0.17,2,50486,卖盘
587,14:09:33,252.6,--,9,227340,买盘
588,14:09:27,252.6,-0.33,5,126300,买盘
589,14:09:23,252.93,--,0,0,中性盘
590,14:09:17,252.93,0.05,14,354102,卖盘
591,14:09:12,252.88,0.36,151,3818488,买盘
592,14:09:08,252.52,0.01,25,631300,买盘
593,14:09:03,252.51,-0.01,8,202008,卖盘
594,14:08:57,252.52,-0.08,6,151512,卖盘
595,14:08:53,252.6,0.08,8,202080,卖盘
596,14:08:47,252.52,0.02,15,378780,中性盘
597,14:08:42,252.5,--,11,277750,卖盘
598,14:08:38,252.5,-0.3,2,50500,卖盘
599,14:08:32,252.8,0.38,10,252800,卖盘
600,14:08:27,252.42,0.42,4,100968,中性盘
601,14:08:23,252.0,-0.42,106,2671200,卖盘
602,14:08:17,252.42,--,2,50484,卖盘
603,14:08:12,252.42,--,7,176694,卖盘
604,14:08:08,252.42,--,2,50484,卖盘
605,14:08:02,252.42,--,9,227178,卖盘
606,14:07:57,252.42,0.42,418,10551156,买盘
607,14:07:53,252.0,--,6,151200,卖盘
608,14:07:47,252.0,-0.29,1,25200,卖盘
609,14:07:42,252.29,0.26,8,201832,买盘
610,14:07:38,252.03,--,2,50406,卖盘
611,14:07:32,252.03,-0.26,2,50406,卖盘
612,14:07:27,252.29,-0.01,49,1236221,卖盘
613,14:07:22,252.3,0.39,14,353220,买盘
614,14:07:17,251.91,-0.09,11,277101,卖盘
615,14:07:12,252.0,0.1,9,226800,中性盘
616,14:07:08,251.9,--,202,5088380,卖盘
617,14:07:02,251.9,--,11,277090,卖盘
618,14:06:57,251.9,0.05,11,277090,中性盘
619,14:06:52,251.85,-0.08,7,176295,卖盘
620,14:06:47,251.93,--,65,1637545,买盘
621,14:06:42,251.93,0.03,29,730597,买盘
622,14:06:37,251.9,--,11,277090,卖盘
623,14:06:32,251.9,--,7,176330,卖盘
624,14:06:27,251.9,0.05,10,251900,买盘
625,14:06:22,251.85,-0.01,8,201480,卖盘
626,14:06:17,251.86,0.01,10,251860,买盘
627,14:06:12,251.85,--,9,226665,卖盘
628,14:06:07,251.85,--,2,50370,卖盘
629,14:06:02,251.85,-0.01,8,201480,卖盘
630,14:05:57,251.86,-0.01,1,25186,卖盘
631,14:05:52,251.87,-0.03,2,50374,卖盘
632,14:05:47,251.9,-0.1,1,25190,卖盘
633,14:05:42,252.0,-0.07,6,151200,卖盘
634,14:05:37,252.07,0.07,10,252070,买盘
635,14:05:32,252.0,--,8,201600,卖盘
636,14:05:27,252.0,0.15,17,433440,买盘
637,14:05:22,251.85,-0.02,1,25185,卖盘
638,14:05:17,251.87,0.02,12,302244,卖盘
639,14:05:12,251.85,--,53,1334805,卖盘
640,14:05:07,251.85,--,1,25185,卖盘
641,14:05:02,251.85,-0.14,9,226665,卖盘
642,14:04:57,251.99,0.02,4,100796,买盘
643,14:04:52,251.97,-0.02,5,125985,卖盘
644,14:04:47,251.99,--,16,403184,卖盘
645,14:04:41,251.99,--,23,579577,卖盘
646,14:04:37,251.99,-0.01,12,302388,卖盘
647,14:04:32,252.0,--,22,554400,卖盘
648,14:04:27,252.0,--,4,100800,卖盘
649,14:04:22,252.0,--,9,226800,卖盘
650,14:04:17,252.0,--,2,50400,卖盘
651,14:04:12,252.0,--,19,478800,卖盘
652,14:04:07,252.0,--,11,277200,卖盘
653,14:04:02,252.0,--,8,201600,卖盘
654,14:03:57,252.0,--,2,50400,卖盘
655,14:03:52,252.0,--,7,176400,卖盘
656,14:03:47,252.0,-0.01,17,428400,卖盘
657,14:03:42,252.01,-0.12,7,176407,卖盘
658,14:03:37,252.13,-0.02,9,226917,卖盘
659,14:03:32,252.15,--,0,0,中性盘
660,14:03:27,252.15,-0.05,5,126075,卖盘
661,14:03:22,252.2,--,7,176540,卖盘
662,14:03:17,252.2,--,6,151320,卖盘
663,14:03:12,252.2,-0.01,7,176540,卖盘
664,14:03:07,252.21,-0.1,8,201768,卖盘
665,14:03:02,252.31,0.04,13,328003,买盘
666,14:02:57,252.27,-0.02,2,50454,卖盘
667,14:02:51,252.29,--,9,227061,卖盘
668,14:02:47,252.29,0.09,32,807328,买盘
669,14:02:42,252.2,-0.09,66,1664520,卖盘
670,14:02:36,252.29,0.09,8,201832,买盘
671,14:02:27,252.2,--,4,100880,卖盘
672,14:02:21,252.2,--,15,378300,卖盘
673,14:02:17,252.2,--,4,100880,卖盘
674,14:02:12,252.2,0.2,23,580060,买盘
675,14:02:06,252.0,-0.15,6,151200,卖盘
676,14:02:02,252.15,--,0,0,卖盘
677,14:01:57,252.15,-0.05,8,201720,卖盘
678,14:01:51,252.2,0.02,18,453960,买盘
679,14:01:47,252.18,--,1,25218,卖盘
680,14:01:41,252.18,-0.03,6,151308,卖盘
681,14:01:36,252.21,-0.09,13,348049,卖盘
682,14:01:32,252.3,--,2,55506,卖盘
683,14:01:26,252.3,--,18,454140,卖盘
684,14:01:21,252.3,0.1,45,1143171,买盘
685,14:01:17,252.2,--,4,100880,卖盘
686,14:01:11,252.2,--,30,756600,卖盘
687,14:01:06,252.2,0.08,13,327860,卖盘
688,14:01:02,252.12,-0.18,7,176484,卖盘
689,14:00:56,252.3,0.1,37,933510,买盘
690,14:00:51,252.2,0.02,82,2068040,买盘
691,14:00:47,252.18,0.03,2,50436,中性盘
692,14:00:41,252.15,0.05,7,176505,中性盘
693,14:00:36,252.1,--,4,100840,卖盘
694,14:00:32,252.1,-0.1,2,50420,卖盘
695,14:00:26,252.2,0.2,18,453960,买盘
696,14:00:21,252.0,--,8,201600,卖盘
697,14:00:17,252.0,--,4,100800,卖盘
698,14:00:11,252.0,--,8,201600,卖盘
699,14:00:06,252.0,--,21,529200,卖盘
700,14:00:02,252.0,--,1,25200,卖盘
701,13:59:56,252.0,0.01,2,50400,中性盘
702,13:59:51,251.99,--,22,554378,卖盘
703,13:59:47,251.99,0.14,10,251990,买盘
704,13:59:41,251.85,--,8,201480,卖盘
705,13:59:36,251.85,--,10,251850,卖盘
706,13:59:26,251.85,--,2,50370,卖盘
707,13:59:21,251.85,-0.14,7,176295,卖盘
708,13:59:17,251.99,--,1,25199,卖盘
709,13:59:11,251.99,--,14,352786,卖盘
710,13:59:06,251.99,--,12,302388,卖盘
711,13:59:01,251.99,--,1,25199,卖盘
712,13:58:56,251.99,0.14,20,503980,买盘
713,13:58:51,251.85,-0.01,6,151110,卖盘
714,13:58:46,251.86,0.01,6,151116,中性盘
715,13:58:41,251.85,-0.14,16,413034,卖盘
716,13:58:36,251.99,0.09,42,1073477,买盘
717,13:58:26,251.9,0.04,14,352660,买盘
718,13:58:21,251.86,-0.04,48,1208928,卖盘
719,13:58:16,251.9,--,0,0,卖盘
720,13:58:11,251.9,-0.09,4,100760,卖盘
721,13:58:06,251.99,--,20,503980,卖盘
722,13:58:01,251.99,--,1,25199,卖盘
723,13:57:56,251.99,0.08,6,151194,买盘
724,13:57:51,251.91,0.05,35,881685,买盘
725,13:57:46,251.86,0.01,1,25186,买盘
726,13:57:41,251.85,--,11,277035,卖盘
727,13:57:36,251.85,-0.01,11,277035,卖盘
728,13:57:31,251.86,0.01,4,100744,买盘
729,13:57:26,251.85,--,4,100740,卖盘
730,13:57:21,251.85,-0.05,11,277035,卖盘
731,13:57:16,251.9,0.05,8,201520,买盘
732,13:57:11,251.85,--,10,251850,卖盘
733,13:57:06,251.85,0.15,19,478515,买盘
734,13:57:01,251.7,--,2,50340,卖盘
735,13:56:56,251.7,--,8,201360,卖盘
736,13:56:51,251.7,0.15,27,679590,买盘
737,13:56:46,251.55,-0.05,5,125775,卖盘
738,13:56:41,251.6,-0.01,6,150960,卖盘
739,13:56:36,251.61,-0.24,9,226449,卖盘
740,13:56:31,251.85,-0.13,2,67747,卖盘
741,13:56:26,251.98,--,0,0,卖盘
742,13:56:21,251.98,-0.26,15,377970,卖盘
743,13:56:16,252.24,0.04,29,731496,买盘
744,13:56:11,252.2,--,33,832260,卖盘
745,13:56:05,252.2,0.09,71,1790620,买盘
746,13:56:01,252.11,-0.04,29,731119,卖盘
747,13:55:51,252.15,-0.15,23,579945,卖盘
748,13:55:46,252.3,--,64,1614720,卖盘
749,13:55:41,252.3,--,37,933510,卖盘
750,13:55:36,252.3,-0.1,6,151380,卖盘
751,13:55:31,252.4,--,117,2953080,卖盘
752,13:55:26,252.4,--,21,530040,卖盘
753,13:55:21,252.4,-0.02,45,1135800,卖盘
754,13:55:16,252.42,-0.02,39,984438,中性盘
755,13:55:11,252.44,--,33,833052,卖盘
756,13:55:06,252.44,-0.06,32,807808,买盘
757,13:55:00,252.5,0.09,7,176750,买盘
758,13:54:56,252.41,--,0,0,卖盘
759,13:54:51,252.41,--,25,631025,卖盘
760,13:54:45,252.41,-0.09,8,201928,卖盘
761,13:54:41,252.5,-0.05,8,202000,买盘
762,13:54:35,252.55,0.05,12,303060,中性盘
763,13:54:30,252.5,-0.05,12,303000,卖盘
764,13:54:26,252.55,0.1,22,555610,买盘
765,13:54:20,252.45,-0.05,23,580635,卖盘
766,13:54:15,252.5,--,56,1414000,卖盘
767,13:54:11,252.5,--,5,126250,买盘
768,13:54:05,252.5,0.05,34,858500,买盘
769,13:54:00,252.45,0.04,3,75735,卖盘
770,13:53:56,252.41,--,0,0,卖盘
771,13:53:50,252.41,--,12,302892,买盘
772,13:53:45,252.41,-0.19,10,252410,卖盘
773,13:53:41,252.6,0.01,16,404160,买盘
774,13:53:35,252.59,0.18,8,202072,买盘
775,13:53:30,252.41,-0.02,24,605784,卖盘
776,13:53:25,252.43,0.03,4,100972,买盘
777,13:53:20,252.4,-0.01,39,984360,卖盘
778,13:53:14,252.41,0.01,11,277651,买盘
779,13:53:10,252.4,--,2,50480,卖盘
780,13:53:05,252.4,--,13,328120,卖盘
781,13:52:59,252.4,--,24,605760,卖盘
782,13:52:50,252.4,--,10,252400,卖盘
783,13:52:45,252.4,--,17,429080,卖盘
784,13:52:40,252.4,-0.01,3,75720,卖盘
785,13:52:35,252.41,0.01,12,302892,买盘
786,13:52:30,252.4,-0.01,5,126200,卖盘
787,13:52:25,252.41,0.01,1,25241,中性盘
788,13:52:20,252.4,-0.04,8,201920,卖盘
789,13:52:15,252.44,0.04,9,227196,买盘
790,13:52:10,252.4,-0.01,2,50480,卖盘
791,13:52:05,252.41,--,16,403856,买盘
792,13:52:00,252.41,0.01,2,50482,买盘
793,13:51:50,252.4,-0.02,5,126200,卖盘
794,13:51:45,252.42,0.02,13,328146,卖盘
795,13:51:40,252.4,--,0,0,卖盘
796,13:51:35,252.4,-0.01,36,908640,卖盘
797,13:51:30,252.41,-0.01,4,100964,中性盘
798,13:51:20,252.42,--,7,176694,卖盘
799,13:51:15,252.42,--,14,353388,买盘
800,13:51:10,252.42,0.02,3,75726,买盘
801,13:51:05,252.4,--,32,807680,卖盘
802,13:51:00,252.4,0.04,6,151440,中性盘
803,13:50:55,252.36,0.06,6,151416,中性盘
804,13:50:50,252.3,--,32,807360,卖盘
805,13:50:44,252.3,--,33,832590,卖盘
806,13:50:40,252.3,--,59,1501185,卖盘
807,13:50:35,252.3,-0.12,1,25230,卖盘
808,13:50:30,252.42,-0.02,4,100968,卖盘
809,13:50:25,252.44,--,2,50488,买盘
810,13:50:20,252.44,-0.01,11,292830,卖盘
811,13:50:14,252.45,-0.09,44,1110780,卖盘
812,13:50:10,252.54,--,2,50508,卖盘
813,13:50:05,252.54,-0.15,6,151524,卖盘
814,13:50:00,252.69,-0.01,23,581187,卖盘
815,13:49:55,252.7,--,4,101080,卖盘
816,13:49:50,252.7,-0.04,23,581210,卖盘
817,13:49:45,252.74,0.05,12,303288,中性盘
818,13:49:40,252.69,-0.05,1,25269,卖盘
819,13:49:35,252.74,-0.04,2,50548,中性盘
820,13:49:30,252.78,--,5,126390,卖盘
821,13:49:25,252.78,--,50,1263900,卖盘
822,13:49:20,252.78,0.03,11,278058,卖盘
823,13:49:15,252.75,-0.1,20,505500,买盘
824,13:49:10,252.85,0.1,25,632125,买盘
825,13:49:05,252.75,-0.04,6,151650,买盘
826,13:49:00,252.79,-0.06,37,935323,卖盘
827,13:48:55,252.85,0.16,101,2559347,买盘
828,13:48:50,252.69,-0.13,20,505380,卖盘
829,13:48:45,252.82,0.04,127,3210814,买盘
830,13:48:40,252.78,0.1,12,303336,买盘
831,13:48:35,252.68,0.24,9,227412,卖盘
832,13:48:30,252.44,-0.24,2,50488,卖盘
833,13:48:25,252.68,0.24,15,389127,买盘
834,13:48:20,252.44,-0.22,3,75732,卖盘
835,13:48:15,252.66,0.25,14,353724,买盘
836,13:48:10,252.41,-0.16,13,328133,卖盘
837,13:48:05,252.57,0.09,10,252570,买盘
838,13:48:00,252.48,-0.05,11,277728,买盘
839,13:47:55,252.53,0.01,25,631325,买盘
840,13:47:50,252.52,0.19,57,1439364,买盘
841,13:47:45,252.33,--,29,731757,卖盘
842,13:47:40,252.33,-0.02,7,176631,卖盘
843,13:47:35,252.35,-0.04,6,151410,卖盘
844,13:47:29,252.39,-0.06,5,126195,中性盘
845,13:47:25,252.45,0.1,21,530145,买盘
846,13:47:20,252.35,--,9,227115,买盘
847,13:47:14,252.35,0.02,10,252350,买盘
848,13:47:09,252.33,0.13,11,277563,买盘
849,13:47:04,252.2,-0.11,6,151320,卖盘
850,13:46:59,252.31,0.01,16,403696,买盘
851,13:46:54,252.3,0.1,50,1261500,买盘
852,13:46:49,252.2,-0.1,16,403520,中性盘
853,13:46:44,252.3,0.19,46,1160580,买盘
854,13:46:39,252.11,--,5,126055,卖盘
855,13:46:35,252.11,-0.01,7,176477,卖盘
856,13:46:29,252.12,--,1,25212,买盘
857,13:46:24,252.12,-0.08,15,378180,卖盘
858,13:46:20,252.2,-0.01,4,100880,卖盘
859,13:46:14,252.21,0.1,6,151326,买盘
860,13:46:09,252.11,--,1,25211,卖盘
861,13:46:05,252.11,-0.1,6,151266,卖盘
862,13:45:59,252.21,0.1,63,1596741,买盘
863,13:45:54,252.11,--,14,352954,卖盘
864,13:45:50,252.11,0.08,18,453798,买盘
865,13:45:44,252.03,--,28,705684,买盘
866,13:45:38,252.03,0.02,30,756090,买盘
867,13:45:34,252.01,-0.02,7,176407,卖盘
868,13:45:28,252.03,--,1,25203,买盘
869,13:45:24,252.03,-0.05,5,126015,卖盘
870,13:45:19,252.08,-0.03,1,25208,卖盘
871,13:45:14,252.11,-0.04,7,176477,卖盘
872,13:45:09,252.15,-0.01,1,25215,卖盘
873,13:45:04,252.16,-0.14,11,277376,卖盘
874,13:44:59,252.3,--,24,605520,买盘
875,13:44:53,252.3,--,42,1065967,卖盘
876,13:44:49,252.3,--,52,1311960,卖盘
877,13:44:44,252.3,--,15,378450,卖盘
878,13:44:39,252.3,--,9,227070,卖盘
879,13:44:34,252.3,--,12,321682,卖盘
880,13:44:29,252.3,--,9,227070,卖盘
881,13:44:24,252.3,-0.02,10,252300,卖盘
882,13:44:14,252.32,--,9,227088,卖盘
883,13:44:09,252.32,-0.03,5,126160,卖盘
884,13:44:04,252.35,0.01,33,832755,买盘
885,13:43:59,252.34,-0.01,5,126170,卖盘
886,13:43:54,252.35,--,12,302820,卖盘
887,13:43:49,252.35,--,11,277585,卖盘
888,13:43:44,252.35,-0.01,25,630875,卖盘
889,13:43:39,252.36,0.01,25,630900,买盘
890,13:43:34,252.35,0.01,12,302820,买盘
891,13:43:29,252.34,-0.01,4,100936,卖盘
892,13:43:23,252.35,--,38,958930,卖盘
893,13:43:19,252.35,0.01,17,428995,买盘
894,13:43:14,252.34,-0.01,2,50468,卖盘
895,13:43:09,252.35,-0.01,9,227115,卖盘
896,13:43:04,252.36,0.01,12,302832,买盘
897,13:42:59,252.35,--,6,151410,卖盘
898,13:42:54,252.35,--,6,151410,卖盘
899,13:42:49,252.35,--,6,151410,卖盘
900,13:42:44,252.35,0.02,19,479465,买盘
901,13:42:38,252.33,0.03,11,277563,买盘
902,13:42:34,252.3,-0.04,10,252300,卖盘
903,13:42:28,252.34,--,18,454212,买盘
904,13:42:23,252.34,0.01,8,201872,买盘
905,13:42:19,252.33,0.1,28,706524,买盘
906,13:42:14,252.23,-0.07,6,151338,卖盘
907,13:42:08,252.3,--,5,126150,买盘
908,13:42:04,252.3,0.1,45,1135350,买盘
909,13:41:58,252.2,--,8,201760,买盘
910,13:41:54,252.2,0.09,36,907920,买盘
911,13:41:48,252.11,0.01,6,151266,买盘
912,13:41:43,252.1,0.1,13,327730,买盘
913,13:41:39,252.0,-0.06,4,100800,卖盘
914,13:41:34,252.06,0.06,13,327678,买盘
915,13:41:28,252.0,--,3,75600,卖盘
916,13:41:23,252.0,0.01,36,923076,买盘
917,13:41:19,251.99,0.06,15,377985,买盘
918,13:41:13,251.93,--,49,1234457,买盘
919,13:41:08,251.93,--,32,806176,卖盘
920,13:41:04,251.93,0.03,156,3930108,买盘
921,13:40:59,251.9,-0.07,4,100760,买盘
922,13:40:54,251.97,0.37,12,302364,买盘
923,13:40:49,251.6,--,70,1761200,卖盘
924,13:40:44,251.6,-0.37,6,150960,卖盘
925,13:40:39,251.97,0.46,3,75591,中性盘
926,13:40:34,251.51,--,23,578473,卖盘
927,13:40:29,251.51,-0.46,1,25151,卖盘
928,13:40:23,251.97,0.46,6,151182,买盘
929,13:40:18,251.51,0.03,7,176057,中性盘
930,13:40:13,251.48,--,20,502960,卖盘
931,13:40:08,251.48,-0.03,2,50296,卖盘
932,13:40:04,251.51,-0.48,9,226359,卖盘
933,13:39:59,251.99,0.34,18,453582,买盘
934,13:39:53,251.65,-0.33,6,150990,卖盘
935,13:39:49,251.98,--,18,453564,卖盘
936,13:39:44,251.98,0.34,25,629950,买盘
937,13:39:38,251.64,-0.01,31,780084,卖盘
938,13:39:34,251.65,--,107,2692655,买盘
939,13:39:28,251.65,-0.1,5,125825,买盘
940,13:39:23,251.75,0.1,6,151050,买盘
941,13:39:18,251.65,--,8,201320,卖盘
942,13:39:14,251.65,--,14,352310,卖盘
943,13:39:08,251.65,0.2,27,679455,买盘
944,13:39:03,251.45,0.05,43,1081235,买盘
945,13:38:59,251.4,0.11,8,201120,买盘
946,13:38:53,251.29,-0.11,4,100516,中性盘
947,13:38:48,251.4,--,4,100560,卖盘
948,13:38:43,251.4,--,5,125700,卖盘
949,13:38:37,251.4,--,5,125700,卖盘
950,13:38:33,251.4,--,5,125700,卖盘
951,13:38:29,251.4,-0.11,2,50280,卖盘
952,13:38:23,251.51,0.1,79,1986929,买盘
953,13:38:18,251.41,0.01,6,150846,买盘
954,13:38:13,251.4,0.12,7,175980,买盘
955,13:38:08,251.28,--,2,50256,卖盘
956,13:38:03,251.28,--,7,175896,卖盘
957,13:37:58,251.28,-0.12,2,50256,卖盘
958,13:37:53,251.4,0.12,8,201120,买盘
959,13:37:48,251.28,0.01,10,251280,买盘
960,13:37:43,251.27,--,9,226143,买盘
961,13:37:38,251.27,0.01,4,100508,买盘
962,13:37:32,251.26,--,6,150756,卖盘
963,13:37:28,251.26,--,2,50252,卖盘
964,13:37:23,251.26,-0.02,5,125630,卖盘
965,13:37:18,251.28,0.02,1,25128,中性盘
966,13:37:13,251.26,-0.2,5,125630,卖盘
967,13:37:08,251.46,0.22,9,226314,买盘
968,13:37:03,251.24,-0.01,19,477356,卖盘
969,13:36:58,251.25,-0.01,1,25125,买盘
970,13:36:53,251.26,--,1,25126,卖盘
971,13:36:48,251.26,0.01,17,427142,买盘
972,13:36:43,251.25,--,6,150750,卖盘
973,13:36:38,251.25,-0.01,2,50250,卖盘
974,13:36:33,251.26,0.01,9,226134,买盘
975,13:36:28,251.25,--,2,50250,卖盘
976,13:36:23,251.25,-0.18,18,452250,卖盘
977,13:36:18,251.43,--,55,1382865,买盘
978,13:36:13,251.43,0.18,7,176001,买盘
979,13:36:08,251.25,--,2,50250,卖盘
980,13:36:03,251.25,-0.18,7,175875,卖盘
981,13:35:58,251.43,0.2,6,150858,买盘
982,13:35:53,251.23,0.01,21,545922,中性盘
983,13:35:48,251.22,--,3,75366,卖盘
984,13:35:43,251.22,-0.12,8,200976,卖盘
985,13:35:37,251.34,0.12,6,150804,买盘
986,13:35:33,251.22,--,12,301464,卖盘
987,13:35:28,251.22,0.01,18,452196,买盘
988,13:35:18,251.21,--,5,125605,卖盘
989,13:35:13,251.21,-0.03,7,175847,卖盘
990,13:35:07,251.24,--,1,25124,买盘
991,13:35:03,251.24,-0.06,3,75372,卖盘
992,13:34:58,251.3,--,4,100520,卖盘
993,13:34:53,251.3,--,5,125650,卖盘
994,13:34:47,251.3,--,2,50260,卖盘
995,13:34:43,251.3,-0.04,19,477470,卖盘
996,13:34:37,251.34,0.11,10,273960,买盘
997,13:34:33,251.23,--,22,552706,卖盘
998,13:34:28,251.23,--,3,75369,卖盘
999,13:34:22,251.23,--,7,175861,卖盘
1000,13:34:17,251.23,--,2,50246,卖盘
1001,13:34:13,251.23,--,7,175861,卖盘
1002,13:34:07,251.23,--,0,0,卖盘
1003,13:34:03,251.23,--,8,200984,卖盘
1004,13:33:58,251.23,0.03,10,251230,买盘
1005,13:33:52,251.2,-0.01,10,251200,卖盘
1006,13:33:48,251.21,--,5,125605,买盘
1007,13:33:43,251.21,-0.16,23,577783,卖盘
1008,13:33:37,251.37,--,0,0,买盘
1009,13:33:32,251.37,0.14,7,175959,买盘
1010,13:33:27,251.23,--,2,50246,卖盘
1011,13:33:22,251.23,-0.02,7,175861,卖盘
1012,13:33:17,251.25,--,4,100500,卖盘
1013,13:33:12,251.25,-0.01,7,175875,卖盘
1014,13:33:07,251.26,--,0,0,中性盘
1015,13:33:02,251.26,0.01,6,150756,卖盘
1016,13:32:57,251.25,--,2,50250,卖盘
1017,13:32:52,251.25,-0.03,13,326625,卖盘
1018,13:32:47,251.28,0.03,8,201024,买盘
1019,13:32:43,251.25,-0.01,6,150750,中性盘
1020,13:32:37,251.26,--,1,25126,买盘
1021,13:32:32,251.26,0.04,7,175882,买盘
1022,13:32:28,251.22,--,7,175854,卖盘
1023,13:32:22,251.22,-0.08,6,150732,卖盘
1024,13:32:16,251.3,0.08,2,50260,买盘
1025,13:32:12,251.22,-0.02,13,326586,卖盘
1026,13:32:07,251.24,0.02,6,150744,买盘
1027,13:32:02,251.22,--,7,175854,卖盘
1028,13:31:58,251.22,--,2,50244,卖盘
1029,13:31:52,251.22,-0.03,5,125610,卖盘
1030,13:31:46,251.25,0.03,16,402000,买盘
1031,13:31:43,251.22,-0.08,9,226098,卖盘
1032,13:31:37,251.3,0.08,1,25130,买盘
1033,13:31:32,251.22,--,8,200976,卖盘
1034,13:31:28,251.22,0.04,7,175854,买盘
1035,13:31:22,251.18,-0.02,5,125590,卖盘
1036,13:31:17,251.2,--,44,1105280,买盘
1037,13:31:11,251.2,-0.02,12,301440,卖盘
1038,13:31:02,251.22,-0.08,56,1406832,卖盘
1039,13:30:56,251.3,0.08,3,75390,中性盘
1040,13:30:52,251.22,--,6,150732,卖盘
1041,13:30:47,251.22,--,4,100488,卖盘
1042,13:30:42,251.22,-0.17,6,150732,卖盘
1043,13:30:37,251.39,0.2,1,25139,买盘
1044,13:30:32,251.19,-0.01,13,326547,卖盘
1045,13:30:27,251.2,--,4,100480,卖盘
1046,13:30:22,251.2,--,5,125600,卖盘
1047,13:30:17,251.2,--,4,100480,卖盘
1048,13:30:12,251.2,-0.15,11,276320,卖盘
1049,13:30:02,251.35,0.15,10,251350,中性盘
1050,13:29:56,251.2,--,2,50240,卖盘
1051,13:29:52,251.2,--,5,125600,卖盘
1052,13:29:47,251.2,-0.19,7,175840,卖盘
1053,13:29:42,251.39,--,9,226251,买盘
1054,13:29:37,251.39,0.21,1,25139,买盘
1055,13:29:32,251.18,-0.21,7,175826,卖盘
1056,13:29:26,251.39,0.21,3,75417,买盘
1057,13:29:22,251.18,--,6,150708,卖盘
1058,13:29:17,251.18,0.01,2,50236,卖盘
1059,13:29:11,251.17,-0.22,8,200936,卖盘
1060,13:29:02,251.39,0.08,31,779309,买盘
1061,13:28:56,251.31,0.13,3,75393,中性盘
1062,13:28:52,251.18,-0.01,5,125590,卖盘
1063,13:28:47,251.19,--,3,75357,卖盘
1064,13:28:41,251.19,-0.25,7,175833,卖盘
1065,13:28:37,251.44,0.1,1,25144,买盘
1066,13:28:32,251.34,--,6,150804,卖盘
1067,13:28:27,251.34,--,16,402144,卖盘
1068,13:28:22,251.34,--,13,326742,卖盘
1069,13:28:16,251.34,0.25,9,226206,买盘
1070,13:28:12,251.09,-0.22,7,175763,卖盘
1071,13:28:07,251.31,0.11,7,175917,买盘
1072,13:27:57,251.2,--,6,150720,卖盘
1073,13:27:52,251.2,--,26,653120,卖盘
1074,13:27:46,251.2,0.04,28,703360,买盘
1075,13:27:41,251.16,-0.03,40,1004640,卖盘
1076,13:27:37,251.19,--,6,150714,买盘
1077,13:27:31,251.19,0.02,2,50238,买盘
1078,13:27:26,251.17,--,2,50234,卖盘
1079,13:27:22,251.17,-0.08,16,401872,卖盘
1080,13:27:16,251.25,--,18,452250,卖盘
1081,13:27:11,251.25,-0.08,13,326625,卖盘
1082,13:27:06,251.33,--,8,201064,买盘
1083,13:27:01,251.33,0.11,15,376995,买盘
1084,13:26:57,251.22,--,3,75366,卖盘
1085,13:26:51,251.22,-0.11,3,75366,卖盘
1086,13:26:46,251.33,0.03,1,25133,卖盘
1087,13:26:42,251.3,--,16,402080,买盘
1088,13:26:36,251.3,--,74,1859620,卖盘
1089,13:26:27,251.3,0.08,1,25130,中性盘
1090,13:26:21,251.22,-0.15,7,175854,卖盘
1091,13:26:16,251.37,0.15,10,251370,买盘
1092,13:26:12,251.22,0.01,8,200976,中性盘
1093,13:26:06,251.21,--,5,125605,卖盘
1094,13:25:55,251.21,--,3,75363,卖盘
1095,13:25:51,251.21,0.04,17,427057,买盘
1096,13:25:46,251.17,--,5,125585,卖盘
1097,13:25:41,251.17,-0.08,15,379266,卖盘
1098,13:25:36,251.25,0.08,6,150750,买盘
1099,13:25:26,251.17,0.06,12,303915,买盘
1100,13:25:22,251.11,--,15,376665,卖盘
1101,13:25:16,251.11,--,4,100444,卖盘
1102,13:25:10,251.11,--,19,477109,卖盘
1103,13:25:06,251.11,--,6,150666,卖盘
1104,13:25:01,251.11,--,7,175777,卖盘
1105,13:24:56,251.11,--,11,276221,卖盘
1106,13:24:51,251.11,--,9,225999,卖盘
1107,13:24:46,251.11,-0.01,6,150666,卖盘
1108,13:24:41,251.12,--,11,276232,卖盘
1109,13:24:36,251.12,--,5,125560,卖盘
1110,13:24:31,251.12,--,4,100448,卖盘
1111,13:24:26,251.12,--,2,50224,卖盘
1112,13:24:22,251.12,--,6,150672,卖盘
1113,13:24:11,251.12,-0.03,13,326456,卖盘
1114,13:24:06,251.15,--,9,226035,卖盘
1115,13:23:56,251.15,-0.04,3,75345,中性盘
1116,13:23:51,251.19,0.08,27,678213,买盘
1117,13:23:46,251.11,-0.06,15,376665,卖盘
1118,13:23:41,251.17,-0.04,6,150702,中性盘
1119,13:23:36,251.21,0.07,9,226089,买盘
1120,13:23:31,251.14,-0.04,1,25114,卖盘
1121,13:23:26,251.18,-0.01,9,226062,卖盘
1122,13:23:21,251.19,-0.03,54,1356426,卖盘
1123,13:23:16,251.22,--,4,100488,卖盘
1124,13:23:11,251.22,0.02,14,351708,买盘
1125,13:23:06,251.2,--,5,125600,卖盘
1126,13:22:56,251.2,--,3,75360,卖盘
1127,13:22:51,251.2,--,13,326560,中性盘
1128,13:22:46,251.2,--,3,75360,卖盘
1129,13:22:41,251.2,-0.07,7,175840,卖盘
1130,13:22:35,251.27,0.02,10,251270,买盘
1131,13:22:26,251.25,0.05,2,50250,卖盘
1132,13:22:21,251.2,--,12,301440,卖盘
1133,13:22:16,251.2,--,1,25120,卖盘
1134,13:22:11,251.2,-0.05,7,175840,卖盘
1135,13:22:06,251.25,-0.01,15,376875,卖盘
1136,13:22:01,251.26,--,4,100504,卖盘
1137,13:21:56,251.26,--,4,100504,卖盘
1138,13:21:51,251.26,--,0,0,卖盘
1139,13:21:46,251.26,-0.05,6,150756,卖盘
1140,13:21:41,251.31,--,19,477489,卖盘
1141,13:21:36,251.31,--,5,125655,卖盘
1142,13:21:31,251.31,--,1,25131,卖盘
1143,13:21:26,251.31,--,1,25131,卖盘
1144,13:21:20,251.31,-0.13,11,276441,卖盘
1145,13:21:16,251.44,--,7,176008,卖盘
1146,13:21:10,251.44,--,2,50288,卖盘
1147,13:21:06,251.44,--,6,150864,卖盘
1148,13:21:01,251.44,-0.04,2,50288,卖盘
1149,13:20:50,251.48,-0.17,7,176036,卖盘
1150,13:20:46,251.65,0.14,21,528465,买盘
1151,13:20:40,251.51,--,16,402416,卖盘
1152,13:20:36,251.51,--,36,905436,卖盘
1153,13:20:31,251.51,0.03,10,251510,买盘
1154,13:20:25,251.48,--,4,100592,卖盘
1155,13:20:21,251.48,--,13,326924,卖盘
1156,13:20:16,251.48,--,5,125740,卖盘
1157,13:20:10,251.48,--,1,25148,卖盘
1158,13:20:06,251.48,-0.05,7,176036,卖盘
1159,13:20:00,251.53,-0.09,2,50306,卖盘
1160,13:19:55,251.62,0.14,11,276782,买盘
1161,13:19:51,251.48,-0.05,8,201184,卖盘
1162,13:19:46,251.53,--,7,176071,卖盘
1163,13:19:40,251.53,--,11,276683,卖盘
1164,13:19:35,251.53,-0.12,8,201224,卖盘
1165,13:19:30,251.65,0.12,4,100660,买盘
1166,13:19:21,251.53,-0.05,8,201224,卖盘
1167,13:19:15,251.58,0.05,17,427686,买盘
1168,13:19:10,251.53,--,11,276683,卖盘
1169,13:19:05,251.53,--,23,578519,卖盘
1170,13:19:00,251.53,-0.01,2,50306,卖盘
1171,13:18:55,251.54,0.01,1,25154,买盘
1172,13:18:50,251.53,-0.01,13,326989,卖盘
1173,13:18:45,251.54,0.01,10,251540,买盘
1174,13:18:40,251.53,-0.01,1,25153,卖盘
1175,13:18:35,251.54,0.01,8,201232,买盘
1176,13:18:30,251.53,-0.01,2,50306,卖盘
1177,13:18:25,251.54,0.01,10,251540,买盘
1178,13:18:20,251.53,--,7,176071,卖盘
1179,13:18:15,251.53,-0.04,5,125765,卖盘
1180,13:18:10,251.57,0.04,4,100628,买盘
1181,13:18:05,251.53,--,6,150918,卖盘
1182,13:18:00,251.53,--,16,402448,买盘
1183,13:17:49,251.53,--,9,226377,卖盘
1184,13:17:45,251.53,-0.12,5,125765,卖盘
1185,13:17:40,251.65,0.12,4,100660,买盘
1186,13:17:35,251.53,--,5,125765,卖盘
1187,13:17:30,251.53,-0.12,13,326989,卖盘
1188,13:17:25,251.65,0.12,4,100660,买盘
1189,13:17:20,251.53,--,19,477907,卖盘
1190,13:17:15,251.53,--,5,125765,卖盘
1191,13:17:10,251.53,--,2,50306,卖盘
1192,13:17:05,251.53,--,7,176071,卖盘
1193,13:17:00,251.53,-0.13,2,50306,卖盘
1194,13:16:55,251.66,0.18,6,150996,买盘
1195,13:16:50,251.48,0.03,47,1181956,买盘
1196,13:16:45,251.45,-0.01,6,150870,卖盘
1197,13:16:40,251.46,-0.07,3,75438,卖盘
1198,13:16:34,251.53,0.01,6,150918,买盘
1199,13:16:30,251.52,0.09,4,100608,买盘
1200,13:16:25,251.43,--,0,0,卖盘
1201,13:16:20,251.43,-0.09,7,176001,卖盘
1202,13:16:15,251.52,0.08,23,578496,买盘
1203,13:16:10,251.44,--,2,50288,卖盘
1204,13:16:04,251.44,0.01,7,176008,中性盘
1205,13:16:00,251.43,--,5,125715,卖盘
1206,13:15:55,251.43,--,3,75429,卖盘
1207,13:15:50,251.43,0.01,14,352002,买盘
1208,13:15:45,251.42,-0.01,10,251420,卖盘
1209,13:15:40,251.43,-0.01,2,50286,卖盘
1210,13:15:35,251.44,-0.24,29,729176,卖盘
1211,13:15:30,251.68,--,45,1132560,买盘
1212,13:15:20,251.68,--,2,50336,卖盘
1213,13:15:15,251.68,0.01,20,503360,卖盘
1214,13:15:10,251.67,0.23,18,453006,买盘
1215,13:15:05,251.44,--,6,150864,卖盘
1216,13:15:00,251.44,-0.24,2,50288,卖盘
1217,13:14:55,251.68,0.2,12,302016,买盘
1218,13:14:50,251.48,-0.12,92,2313616,卖盘
1219,13:14:45,251.6,0.04,17,427720,买盘
1220,13:14:40,251.56,-0.04,2,50312,卖盘
1221,13:14:35,251.6,0.02,10,251600,买盘
1222,13:14:30,251.58,-0.01,3,75474,中性盘
1223,13:14:25,251.59,0.15,2,50318,买盘
1224,13:14:20,251.44,-0.12,7,176008,卖盘
1225,13:14:14,251.56,0.06,9,226404,买盘
1226,13:14:10,251.5,--,20,503000,卖盘
1227,13:14:04,251.5,0.08,22,563360,买盘
1228,13:14:00,251.42,-0.01,6,150852,卖盘
1229,13:13:55,251.43,--,7,176001,卖盘
1230,13:13:49,251.43,-0.05,1,25143,卖盘
1231,13:13:44,251.48,0.06,8,201184,买盘
1232,13:13:40,251.42,--,3,75426,卖盘
1233,13:13:34,251.42,-0.02,5,125710,卖盘
1234,13:13:30,251.44,0.02,12,301728,买盘
1235,13:13:25,251.42,-0.02,6,150852,卖盘
1236,13:13:19,251.44,0.02,5,125720,买盘
1237,13:13:15,251.42,--,9,226278,卖盘
1238,13:13:10,251.42,-0.06,2,50284,中性盘
1239,13:13:04,251.48,0.07,6,150888,买盘
1240,13:12:59,251.41,-0.01,2,50282,卖盘
1241,13:12:54,251.42,0.27,19,477698,买盘
1242,13:12:49,251.15,-0.05,22,552530,中性盘
1243,13:12:45,251.2,-0.21,50,1256000,卖盘
1244,13:12:40,251.41,--,4,100564,买盘
1245,13:12:34,251.41,0.31,7,175987,买盘
1246,13:12:30,251.1,-0.03,7,175770,卖盘
1247,13:12:25,251.13,0.03,18,452034,买盘
1248,13:12:19,251.1,--,4,100440,卖盘
1249,13:12:15,251.1,-0.02,5,125550,卖盘
1250,13:12:10,251.12,0.08,3,75336,买盘
1251,13:12:04,251.04,-0.08,6,150624,卖盘
1252,13:12:00,251.12,0.02,7,175784,买盘
1253,13:11:55,251.1,0.02,11,276210,中性盘
1254,13:11:49,251.08,0.04,12,301296,卖盘
1255,13:11:44,251.04,0.02,17,426768,买盘
1256,13:11:40,251.02,-0.06,1,25102,卖盘
1257,13:11:34,251.08,0.06,7,175756,买盘
1258,13:11:29,251.02,--,4,100408,卖盘
1259,13:11:24,251.02,--,5,125510,卖盘
1260,13:11:19,251.02,--,2,50204,卖盘
1261,13:11:14,251.02,--,7,175714,卖盘
1262,13:11:09,251.02,0.01,22,552244,买盘
1263,13:11:04,251.01,-0.01,28,702828,卖盘
1264,13:10:59,251.02,--,4,100408,买盘
1265,13:10:54,251.02,--,3,75306,买盘
1266,13:10:49,251.02,0.01,1,25102,卖盘
1267,13:10:44,251.01,-0.01,7,175707,卖盘
1268,13:10:39,251.02,--,34,853468,买盘
1269,13:10:34,251.02,-0.37,5,125510,卖盘
1270,13:10:29,251.39,0.38,4,100556,买盘
1271,13:10:24,251.01,--,7,175707,卖盘
1272,13:10:19,251.01,-0.39,2,50202,卖盘
1273,13:10:13,251.4,0.39,8,201120,买盘
1274,13:10:09,251.01,--,3,75303,卖盘
1275,13:10:04,251.01,--,6,150606,卖盘
1276,13:09:59,251.01,-0.04,17,426717,卖盘
1277,13:09:54,251.05,0.04,8,200840,中性盘
1278,13:09:49,251.01,--,15,376515,卖盘
1279,13:09:44,251.01,--,8,200808,卖盘
1280,13:09:39,251.01,-0.41,2,50202,卖盘
1281,13:09:34,251.42,--,8,201136,买盘
1282,13:09:28,251.42,0.42,3,75426,买盘
1283,13:09:24,251.0,--,7,175700,卖盘
1284,13:09:19,251.0,0.12,3,75300,中性盘
1285,13:09:13,250.88,-0.11,69,1731072,卖盘
1286,13:09:09,250.99,0.09,14,351386,买盘
1287,13:09:04,250.9,-0.1,46,1154140,卖盘
1288,13:08:58,251.0,-0.47,182,4568200,卖盘
1289,13:08:54,251.47,0.47,8,201176,中性盘
1290,13:08:49,251.0,-0.5,1,25100,卖盘
1291,13:08:44,251.5,--,24,603600,买盘
1292,13:08:39,251.5,0.68,22,553300,买盘
1293,13:08:34,250.82,-0.68,6,150492,卖盘
1294,13:08:28,251.5,0.5,47,1182050,买盘
1295,13:08:24,251.0,-0.5,192,4841790,卖盘
1296,13:08:19,251.5,0.35,17,427550,买盘
1297,13:08:13,251.15,-0.35,46,1155290,卖盘
1298,13:08:09,251.5,0.3,9,226350,买盘
1299,13:08:04,251.2,-0.3,15,376800,卖盘
1300,13:07:58,251.5,--,109,2741350,买盘
1301,13:07:54,251.5,--,77,1936550,买盘
1302,13:07:49,251.5,--,37,930550,卖盘
1303,13:07:44,251.5,-0.04,13,326950,卖盘
1304,13:07:39,251.54,0.04,4,100616,中性盘
1305,13:07:34,251.5,--,11,276650,卖盘
1306,13:07:29,251.5,--,13,342794,买盘
1307,13:07:24,251.5,--,22,553300,买盘
1308,13:07:19,251.5,-0.04,45,1131750,买盘
1309,13:07:14,251.54,-0.32,141,3556020,卖盘
1310,13:07:09,251.86,--,1,25186,卖盘
1311,13:07:04,251.86,-0.01,1,25186,中性盘
1312,13:06:59,251.87,0.01,10,251870,买盘
1313,13:06:54,251.86,0.11,14,368471,买盘
1314,13:06:49,251.75,0.01,12,302100,买盘
1315,13:06:39,251.74,-0.01,30,755220,卖盘
1316,13:06:34,251.75,-0.01,14,352450,中性盘
1317,13:06:28,251.76,--,12,302112,中性盘
1318,13:06:24,251.76,0.05,68,1711968,买盘
1319,13:06:19,251.71,-0.01,20,503420,卖盘
1320,13:06:13,251.72,0.01,6,151032,卖盘
1321,13:06:09,251.71,--,56,1409576,买盘
1322,13:06:04,251.71,--,9,226539,卖盘
1323,13:05:54,251.71,-0.04,6,151026,卖盘
1324,13:05:48,251.75,0.05,29,730075,买盘
1325,13:05:43,251.7,--,5,125850,卖盘
1326,13:05:39,251.7,--,29,729930,卖盘
1327,13:05:34,251.7,--,4,100680,卖盘
1328,13:05:24,251.7,-0.04,15,377550,卖盘
1329,13:05:19,251.74,0.04,2,50348,卖盘
1330,13:05:13,251.7,-0.04,2,50340,卖盘
1331,13:05:09,251.74,--,2,50348,买盘
1332,13:05:03,251.74,0.02,6,151044,买盘
1333,13:04:54,251.72,0.02,10,251720,买盘
1334,13:04:49,251.7,--,6,151020,卖盘
1335,13:04:43,251.7,--,0,0,卖盘
1336,13:04:38,251.7,0.06,18,453060,买盘
1337,13:04:34,251.64,-0.06,15,377460,卖盘
1338,13:04:28,251.7,--,13,327210,卖盘
1339,13:04:23,251.7,--,3,75510,卖盘
1340,13:04:18,251.7,0.2,12,302040,卖盘
1341,13:04:13,251.5,--,9,226350,卖盘
1342,13:04:08,251.5,-0.14,19,477850,卖盘
1343,13:04:04,251.64,0.2,29,729756,买盘
1344,13:03:58,251.44,--,0,0,中性盘
1345,13:03:53,251.44,0.04,3,75432,中性盘
1346,13:03:49,251.4,-0.24,6,150840,卖盘
1347,13:03:38,251.64,--,0,0,买盘
1348,13:03:32,251.64,0.26,2,50328,中性盘
1349,13:03:28,251.38,--,0,0,卖盘
1350,13:03:23,251.38,--,1,25138,卖盘
1351,13:03:18,251.38,-0.28,3,75414,卖盘
1352,13:03:08,251.66,--,9,226494,买盘
1353,13:03:03,251.66,0.28,14,352324,买盘
1354,13:02:53,251.38,0.06,58,1458004,买盘
1355,13:02:48,251.32,0.07,4,100528,买盘
1356,13:02:38,251.25,-0.07,1,25125,卖盘
1357,13:02:33,251.32,0.07,2,50264,中性盘
1358,13:02:28,251.25,--,2,50250,卖盘
1359,13:02:23,251.25,-0.13,1,25125,卖盘
1360,13:02:18,251.38,0.15,3,75414,买盘
1361,13:02:08,251.23,--,7,175861,卖盘
1362,13:02:03,251.23,--,16,401968,买盘
1363,13:01:58,251.23,0.03,8,200984,买盘
1364,13:01:53,251.2,-0.03,26,653120,卖盘
1365,13:01:48,251.23,-0.07,14,351722,卖盘
1366,13:01:43,251.3,-0.05,3,75390,卖盘
1367,13:01:38,251.35,-0.03,10,251350,卖盘
1368,13:01:33,251.38,--,14,351932,买盘
1369,13:01:28,251.38,--,13,326794,卖盘
1370,13:01:23,251.38,-0.3,1,25138,卖盘
1371,13:01:18,251.68,0.02,5,125840,卖盘
1372,13:01:13,251.66,0.46,5,125830,买盘
1373,13:01:08,251.2,--,0,0,卖盘
1374,13:01:03,251.2,--,2,50240,卖盘
1375,13:00:58,251.2,--,1,25120,卖盘
1376,13:00:52,251.2,--,2,50240,卖盘
1377,13:00:48,251.2,-0.02,12,301440,卖盘
1378,13:00:43,251.22,0.02,1,25122,卖盘
1379,13:00:38,251.2,--,0,0,卖盘
1380,13:00:33,251.2,-0.38,1,25120,卖盘
1381,13:00:28,251.58,0.48,4,100632,买盘
1382,13:00:23,251.1,--,2,50220,卖盘
1383,13:00:18,251.1,--,12,301320,卖盘
1384,13:00:13,251.1,-0.01,9,225990,卖盘
1385,13:00:07,251.11,-0.39,34,853774,卖盘
1386,13:00:03,251.5,--,45,1131750,买盘
1387,11:30:00,251.5,--,0,0,买盘
1388,11:30:00,251.5,--,0,0,买盘
1389,11:29:59,251.5,--,3,75450,卖盘
1390,11:29:53,251.5,0.46,3,75450,买盘
1391,11:29:44,251.04,-0.61,1,25104,卖盘
1392,11:29:38,251.65,--,0,0,买盘
1393,11:29:29,251.65,0.57,3,75495,中性盘
1394,11:29:23,251.08,--,0,0,卖盘
1395,11:29:18,251.08,--,0,0,卖盘
1396,11:29:14,251.08,-0.3,2,50216,卖盘
1397,11:29:08,251.38,0.35,4,100552,买盘
1398,11:29:03,251.03,-0.65,2,50206,卖盘
1399,11:28:58,251.68,--,5,128356,买盘
1400,11:28:53,251.68,0.65,12,302016,买盘
1401,11:28:48,251.03,--,3,75309,卖盘
1402,11:28:44,251.03,-0.66,1,25103,卖盘
1403,11:28:38,251.69,0.66,2,50338,买盘
1404,11:28:33,251.03,--,8,200824,卖盘
1405,11:28:29,251.03,0.01,5,125515,买盘
1406,11:28:23,251.02,--,6,150612,卖盘
1407,11:28:18,251.02,-0.46,2,69783,卖盘
1408,11:28:14,251.48,-0.05,8,201184,卖盘
1409,11:28:08,251.53,--,2,50306,卖盘
1410,11:28:03,251.53,--,1,25153,卖盘
1411,11:27:59,251.53,--,3,75459,卖盘
1412,11:27:53,251.53,-0.2,5,125765,卖盘
1413,11:27:44,251.73,0.23,16,402768,买盘
1414,11:27:33,251.5,-0.03,1,25150,卖盘
1415,11:27:29,251.53,--,22,553366,卖盘
1416,11:27:23,251.53,0.03,25,628825,买盘
1417,11:27:18,251.5,--,16,402400,卖盘
1418,11:27:14,251.5,0.15,37,930550,买盘
1419,11:27:08,251.35,--,11,276485,买盘
1420,11:27:03,251.35,--,6,150810,买盘
1421,11:26:59,251.35,0.01,6,150810,买盘
1422,11:26:48,251.34,0.31,2,50268,买盘
1423,11:26:44,251.03,0.01,1,25103,卖盘
1424,11:26:38,251.02,-0.32,2,50204,卖盘
1425,11:26:33,251.34,--,1,25134,买盘
1426,11:26:23,251.34,--,1,25134,卖盘
1427,11:26:12,251.34,0.33,1,25134,买盘
1428,11:26:03,251.01,--,1,25101,卖盘
1429,11:25:58,251.01,--,2,50202,卖盘
1430,11:25:53,251.01,-0.33,1,25101,卖盘
1431,11:25:43,251.34,--,0,0,中性盘
1432,11:25:38,251.34,0.34,4,100536,买盘
1433,11:25:33,251.0,-0.32,1,25100,卖盘
1434,11:25:28,251.32,0.32,1,25132,买盘
1435,11:25:23,251.0,0.1,1,25100,中性盘
1436,11:25:18,250.9,--,5,125450,卖盘
1437,11:25:13,250.9,-0.45,4,100360,卖盘
1438,11:25:08,251.35,--,21,527835,卖盘
1439,11:25:03,251.35,0.03,30,754050,买盘
1440,11:24:58,251.32,0.42,2,50264,买盘
1441,11:24:53,250.9,0.08,2,50180,中性盘
1442,11:24:48,250.82,-0.53,2,50164,卖盘
1443,11:24:43,251.35,0.53,1,25135,买盘
1444,11:24:38,250.82,-0.53,2,50164,卖盘
1445,11:24:33,251.35,0.52,4,100540,买盘
1446,11:24:28,250.83,0.01,1,25083,卖盘
1447,11:24:18,250.82,--,0,0,卖盘
1448,11:24:13,250.82,--,2,50164,卖盘
1449,11:24:08,250.82,0.02,3,75246,中性盘
1450,11:24:03,250.8,--,1,25080,卖盘
1451,11:23:53,250.8,--,0,0,卖盘
1452,11:23:47,250.8,-0.6,1,25080,卖盘
1453,11:23:38,251.4,0.67,1,25140,买盘
1454,11:23:32,250.73,--,1,25073,卖盘
1455,11:23:28,250.73,--,2,50146,卖盘
1456,11:23:23,250.73,0.03,2,50146,卖盘
1457,11:23:17,250.7,--,10,250700,买盘
1458,11:23:08,250.7,-0.01,13,325910,卖盘
1459,11:23:02,250.71,-0.01,37,927627,买盘
1460,11:22:57,250.72,--,2,50144,卖盘
1461,11:22:53,250.72,-0.81,8,200576,中性盘
1462,11:22:47,251.53,0.83,18,452754,买盘
1463,11:22:43,250.7,-0.7,7,175490,卖盘
1464,11:22:38,251.4,0.02,20,502800,买盘
1465,11:22:32,251.38,0.39,3,75414,中性盘
1466,11:22:23,250.99,-0.01,3,75297,卖盘
1467,11:22:17,251.0,0.01,10,251000,中性盘
1468,11:22:12,250.99,0.28,1,25099,买盘
1469,11:22:08,250.71,-0.3,23,576633,卖盘
1470,11:22:02,251.01,0.3,67,1681767,买盘
1471,11:21:53,250.71,0.02,3,75213,卖盘
1472,11:21:47,250.69,--,6,150414,卖盘
1473,11:21:42,250.69,--,11,275759,卖盘
1474,11:21:38,250.69,-0.31,4,100276,卖盘
1475,11:21:32,251.0,--,0,0,买盘
1476,11:21:27,251.0,0.31,7,175700,买盘
1477,11:21:17,250.69,--,2,50138,卖盘
1478,11:21:08,250.69,-0.21,9,225621,卖盘
1479,11:21:02,250.9,0.41,23,577070,买盘
1480,11:20:57,250.49,-0.2,1,25049,卖盘
1481,11:20:53,250.69,0.2,2,50138,买盘
1482,11:20:47,250.49,-0.41,2,50098,卖盘
1483,11:20:38,250.9,0.21,1,25090,买盘
1484,11:20:32,250.69,0.19,2,50138,买盘
1485,11:20:27,250.5,--,1,25050,中性盘
1486,11:20:23,250.5,-0.19,2,50100,卖盘
1487,11:20:17,250.69,0.13,4,100276,买盘
1488,11:20:12,250.56,--,0,0,卖盘
1489,11:20:08,250.56,-0.13,5,125280,卖盘
1490,11:20:02,250.69,--,9,225621,卖盘
1491,11:19:53,250.69,--,10,250690,卖盘
1492,11:19:47,250.69,0.2,8,200552,买盘
1493,11:19:42,250.49,--,4,100196,卖盘
1494,11:19:37,250.49,-0.01,12,300588,卖盘
1495,11:19:32,250.5,-0.19,9,225450,卖盘
1496,11:19:27,250.69,0.19,10,250690,买盘
1497,11:19:22,250.5,0.01,27,676350,买盘
1498,11:19:17,250.49,--,22,551078,卖盘
1499,11:19:12,250.49,--,14,350686,卖盘
1500,11:19:08,250.49,--,10,250490,卖盘
1501,11:19:02,250.49,-0.01,3,75147,卖盘
1502,11:18:57,250.5,-0.01,17,425850,卖盘
1503,11:18:52,250.51,--,17,425867,卖盘
1504,11:18:47,250.51,0.28,39,976989,买盘
1505,11:18:42,250.23,0.03,5,125115,中性盘
1506,11:18:37,250.2,-0.29,1,25020,卖盘
1507,11:18:32,250.49,0.29,3,75147,买盘
1508,11:18:27,250.2,--,4,100080,卖盘
1509,11:18:22,250.2,-0.03,6,150120,卖盘
1510,11:18:17,250.23,0.07,10,250230,卖盘
1511,11:18:12,250.16,-0.02,3,75048,卖盘
1512,11:18:07,250.18,-0.02,2,50036,卖盘
1513,11:18:02,250.2,--,2,50040,卖盘
1514,11:17:47,250.2,-0.3,2,50040,卖盘
1515,11:17:42,250.5,0.27,4,100200,买盘
1516,11:17:37,250.23,--,5,125115,卖盘
1517,11:17:32,250.23,--,4,100092,卖盘
1518,11:17:27,250.23,--,8,200184,卖盘
1519,11:17:22,250.23,--,3,75069,卖盘
1520,11:17:17,250.23,-0.08,5,125115,卖盘
1521,11:17:12,250.31,-0.04,13,325403,卖盘
1522,11:17:07,250.35,0.04,2,50070,卖盘
1523,11:17:02,250.31,0.08,1,25031,卖盘
1524,11:16:57,250.23,--,2,50046,卖盘
1525,11:16:52,250.23,--,1,25023,卖盘
1526,11:16:47,250.23,--,3,75069,卖盘
1527,11:16:42,250.23,--,3,75069,卖盘
1528,11:16:37,250.23,--,3,75069,卖盘
1529,11:16:32,250.23,--,2,50046,卖盘
1530,11:16:27,250.23,-0.05,7,175161,卖盘
1531,11:16:22,250.28,--,2,50056,卖盘
1532,11:16:17,250.28,0.12,4,100112,中性盘
1533,11:16:11,250.16,-0.12,6,150096,卖盘
1534,11:16:06,250.28,0.08,5,125140,买盘
1535,11:16:02,250.2,-0.08,5,125100,中性盘
1536,11:15:56,250.28,0.1,6,150168,买盘
1537,11:15:52,250.18,0.01,2,50036,卖盘
1538,11:15:47,250.17,--,1,25017,卖盘
1539,11:15:41,250.17,-0.11,3,75051,卖盘
1540,11:15:37,250.28,--,3,75084,买盘
1541,11:15:32,250.28,--,2,50056,买盘
1542,11:15:26,250.28,0.12,1,25028,买盘
1543,11:15:17,250.16,--,3,75048,卖盘
1544,11:15:11,250.16,-0.03,7,175112,卖盘
1545,11:15:07,250.19,--,13,325247,卖盘
1546,11:15:02,250.19,--,7,175133,卖盘
1547,11:14:56,250.19,--,12,300228,卖盘
1548,11:14:52,250.19,--,7,175133,卖盘
1549,11:14:47,250.19,--,15,375285,卖盘
1550,11:14:41,250.19,--,14,350266,卖盘
1551,11:14:37,250.19,--,15,375285,卖盘
1552,11:14:32,250.19,-0.09,5,125095,卖盘
1553,11:14:26,250.28,0.06,6,150168,买盘
1554,11:14:22,250.22,--,6,150132,卖盘
1555,11:14:17,250.22,--,9,225198,卖盘
1556,11:14:11,250.22,0.02,4,100088,中性盘
1557,11:14:06,250.2,-0.01,2,50040,卖盘
1558,11:14:02,250.21,-0.01,1,25021,卖盘
1559,11:13:56,250.22,-0.28,3,75066,中性盘
1560,11:13:51,250.5,0.28,2,50100,买盘
1561,11:13:47,250.22,0.02,3,75066,卖盘
1562,11:13:41,250.2,0.01,5,125100,卖盘
1563,11:13:36,250.19,-0.31,4,100076,卖盘
1564,11:13:32,250.5,0.31,6,150300,买盘
1565,11:13:26,250.19,--,8,200152,卖盘
1566,11:13:21,250.19,--,6,150114,卖盘
1567,11:13:17,250.19,-0.01,14,350266,卖盘
1568,11:13:11,250.2,0.05,18,450360,卖盘
1569,11:13:06,250.15,-0.01,31,775465,卖盘
1570,11:13:02,250.16,-0.04,56,1400896,卖盘
1571,11:12:56,250.2,0.02,2,50040,中性盘
1572,11:12:51,250.18,--,2,50036,卖盘
1573,11:12:47,250.18,-0.02,2,50036,卖盘
1574,11:12:41,250.2,0.02,4,100080,买盘
1575,11:12:36,250.18,-0.02,3,75054,卖盘
1576,11:12:32,250.2,-0.31,3,75060,卖盘
1577,11:12:26,250.51,0.02,2,50102,中性盘
1578,11:12:21,250.49,-0.04,4,100196,卖盘
1579,11:12:17,250.53,--,2,50106,买盘
1580,11:12:11,250.53,0.02,1,25053,买盘
1581,11:12:02,250.51,-0.02,2,50102,卖盘
1582,11:11:56,250.53,--,12,300636,卖盘
1583,11:11:51,250.53,--,1,25053,卖盘
1584,11:11:47,250.53,--,13,325689,买盘
1585,11:11:41,250.53,--,6,150318,买盘
1586,11:11:36,250.53,--,6,150318,买盘
1587,11:11:26,250.53,-0.06,4,100212,卖盘
1588,11:11:21,250.59,-0.23,22,551298,卖盘
1589,11:11:16,250.82,-0.05,3,75246,卖盘
1590,11:11:11,250.87,-0.02,3,75261,卖盘
1591,11:11:06,250.89,-0.03,1,25089,卖盘
1592,11:11:01,250.92,-0.08,18,451656,卖盘
1593,11:10:56,251.0,--,27,677700,卖盘
1594,11:10:51,251.0,--,31,778100,卖盘
1595,11:10:46,251.0,--,1,25100,卖盘
1596,11:10:41,251.0,--,27,677700,卖盘
1597,11:10:36,251.0,--,6,150600,卖盘
1598,11:10:31,251.0,--,28,702800,卖盘
1599,11:10:26,251.0,--,37,928700,卖盘
1600,11:10:21,251.0,--,6,150600,卖盘
1601,11:10:16,251.0,--,3,75300,卖盘
1602,11:10:11,251.0,-0.06,5,125500,卖盘
1603,11:10:06,251.06,-0.02,4,100424,卖盘
1604,11:10:00,251.08,-0.02,6,150648,卖盘
1605,11:09:56,251.1,--,3,75330,卖盘
1606,11:09:51,251.1,--,4,100440,卖盘
1607,11:09:45,251.1,-0.01,7,175770,卖盘
1608,11:09:41,251.11,-0.03,17,426887,卖盘
1609,11:09:36,251.14,0.03,12,301368,买盘
1610,11:09:31,251.11,-0.01,7,175777,卖盘
1611,11:09:26,251.12,--,3,75336,卖盘
1612,11:09:21,251.12,-0.01,6,150672,卖盘
1613,11:09:15,251.13,-0.01,7,175791,卖盘
1614,11:09:11,251.14,-0.02,20,502280,卖盘
1615,11:09:06,251.16,0.01,19,477204,买盘
1616,11:09:01,251.15,-0.01,71,1783165,卖盘
1617,11:08:56,251.16,--,12,301392,卖盘
1618,11:08:50,251.16,--,2,50232,卖盘
1619,11:08:45,251.16,--,1,25116,卖盘
1620,11:08:41,251.16,-0.02,5,125580,卖盘
1621,11:08:35,251.18,-0.02,12,301416,卖盘
1622,11:08:31,251.2,--,50,1256000,卖盘
1623,11:08:15,251.2,--,1,25120,卖盘
1624,11:08:11,251.2,0.03,1,25120,中性盘
1625,11:08:05,251.17,--,3,75351,卖盘
1626,11:08:01,251.17,-0.03,3,75351,卖盘
1627,11:07:56,251.2,0.03,1,25120,中性盘
1628,11:07:50,251.17,0.01,10,251170,卖盘
1629,11:07:46,251.16,--,0,0,卖盘
1630,11:07:41,251.16,-0.02,4,100464,卖盘
1631,11:07:35,251.18,0.02,2,50236,买盘
1632,11:07:30,251.16,-0.02,5,125580,卖盘
1633,11:07:26,251.18,0.01,3,75354,中性盘
1634,11:07:20,251.17,-0.01,1,25117,卖盘
1635,11:07:16,251.18,-0.18,5,125590,卖盘
1636,11:07:11,251.36,-0.14,14,351904,卖盘
1637,11:07:05,251.5,--,15,377250,卖盘
1638,11:07:00,251.5,--,10,251500,卖盘
1639,11:06:55,251.5,--,28,704200,卖盘
1640,11:06:50,251.5,--,47,1182050,卖盘
1641,11:06:45,251.5,--,41,1031150,卖盘
1642,11:06:40,251.5,0.32,69,1736356,买盘
1643,11:06:35,251.18,0.01,2,50236,卖盘
1644,11:06:25,251.17,0.01,1,25117,卖盘
1645,11:06:20,251.16,--,0,0,卖盘
1646,11:06:16,251.16,--,1,25116,卖盘
1647,11:06:10,251.16,0.01,1,25116,卖盘
1648,11:06:05,251.15,--,0,0,卖盘
1649,11:06:00,251.15,--,2,50230,卖盘
1650,11:05:50,251.15,--,1,25115,卖盘
1651,11:05:41,251.15,-0.25,2,50230,卖盘
1652,11:05:35,251.4,0.25,1,25140,买盘
1653,11:05:29,251.15,-0.01,3,75345,卖盘
1654,11:05:26,251.16,-0.04,2,50232,卖盘
1655,11:05:20,251.2,0.04,1,25120,买盘
1656,11:05:15,251.16,--,2,50232,卖盘
1657,11:05:11,251.16,0.01,5,125580,买盘
1658,11:05:05,251.15,-0.01,6,150690,卖盘
1659,11:05:00,251.16,-0.02,8,200928,卖盘
1660,11:04:56,251.18,0.01,4,100472,卖盘
1661,11:04:50,251.17,0.02,30,753510,买盘
1662,11:04:45,251.15,--,4,100460,卖盘
1663,11:04:41,251.15,--,2,50230,卖盘
1664,11:04:35,251.15,-0.02,8,200920,卖盘
1665,11:04:30,251.17,0.01,23,577691,中性盘
1666,11:04:26,251.16,--,2,50232,卖盘
1667,11:04:20,251.16,-0.02,30,753480,卖盘
1668,11:04:15,251.18,-0.02,22,552596,卖盘
1669,11:04:10,251.2,--,23,577760,卖盘
1670,11:04:05,251.2,-0.03,43,1080160,卖盘
1671,11:04:00,251.23,--,3,75369,卖盘
1672,11:03:50,251.23,--,3,75369,卖盘
1673,11:03:45,251.23,--,2,50246,卖盘
1674,11:03:40,251.23,--,4,100492,卖盘
1675,11:03:35,251.23,-0.01,3,75369,卖盘
1676,11:03:30,251.24,--,7,175868,卖盘
1677,11:03:25,251.24,--,0,0,中性盘
1678,11:03:20,251.24,-0.19,6,150744,卖盘
1679,11:03:15,251.43,0.21,2,50286,买盘
1680,11:03:05,251.22,--,0,0,卖盘
1681,11:02:55,251.22,--,0,0,卖盘
1682,11:02:50,251.22,-0.22,2,50244,卖盘
1683,11:02:45,251.44,0.23,4,100576,买盘
1684,11:02:40,251.21,--,5,125605,卖盘
1685,11:02:35,251.21,--,1,25121,卖盘
1686,11:02:30,251.21,--,3,75363,卖盘
1687,11:02:25,251.21,0.01,4,100484,买盘
1688,11:02:20,251.2,-0.01,2,50240,卖盘
1689,11:02:15,251.21,-0.24,7,175847,卖盘
1690,11:02:10,251.45,--,0,0,买盘
1691,11:02:05,251.45,0.01,28,704060,买盘
1692,11:02:00,251.44,0.19,31,779464,买盘
1693,11:01:55,251.25,--,7,175875,卖盘
1694,11:01:50,251.25,--,19,477375,买盘
1695,11:01:45,251.25,0.04,9,226125,买盘
1696,11:01:40,251.21,-0.09,11,276331,卖盘
1697,11:01:35,251.3,0.1,15,376950,买盘
1698,11:01:29,251.2,--,21,527520,卖盘
1699,11:01:20,251.2,-0.1,34,854080,卖盘
1700,11:01:14,251.3,-0.14,60,1507800,中性盘
1701,11:01:09,251.44,--,11,276584,买盘
1702,11:01:04,251.44,--,71,1785224,买盘
1703,11:00:59,251.44,0.14,4,100576,买盘
1704,11:00:49,251.3,--,3,75390,卖盘
1705,11:00:44,251.3,0.02,4,100520,中性盘
1706,11:00:35,251.28,-0.01,5,125640,卖盘
1707,11:00:29,251.29,0.02,4,118106,买盘
1708,11:00:25,251.27,--,5,125635,卖盘
1709,11:00:19,251.27,-0.01,6,150762,卖盘
1710,11:00:14,251.28,--,4,100512,卖盘
1711,11:00:10,251.28,-0.01,5,133178,卖盘
1712,11:00:04,251.29,-0.16,13,326677,卖盘
1713,10:59:59,251.45,0.16,3,75435,买盘
1714,10:59:49,251.29,-0.16,2,50258,卖盘
1715,10:59:44,251.45,0.16,1,25145,买盘
1716,10:59:39,251.29,-0.16,1,25129,卖盘
1717,10:59:34,251.45,0.16,1,25145,买盘
1718,10:59:29,251.29,--,1,25129,卖盘
1719,10:59:19,251.29,--,2,50258,卖盘
1720,10:59:14,251.29,-0.16,1,25129,卖盘
1721,10:59:10,251.45,0.16,1,25145,买盘
1722,10:59:04,251.29,--,0,17590,卖盘
1723,10:58:59,251.29,--,0,0,中性盘
1724,10:58:50,251.29,0.01,1,25129,卖盘
1725,10:58:43,251.28,-0.01,3,75384,卖盘
1726,10:58:40,251.29,0.01,9,226161,卖盘
1727,10:58:35,251.28,--,42,1055376,卖盘
1728,10:58:29,251.28,-0.17,3,75384,卖盘
1729,10:58:25,251.45,--,1,25145,买盘
1730,10:58:20,251.45,0.17,2,50290,买盘
1731,10:58:14,251.28,0.01,4,100512,卖盘
1732,10:58:04,251.27,--,1,25127,卖盘
1733,10:57:59,251.27,-0.22,1,25127,卖盘
1734,10:57:49,251.49,--,0,0,买盘
1735,10:57:44,251.49,0.24,1,25149,买盘
1736,10:57:40,251.25,-0.24,1,25125,卖盘
1737,10:57:34,251.49,0.31,1,25149,买盘
1738,10:57:29,251.18,--,0,0,卖盘
1739,10:57:24,251.18,--,0,0,卖盘
1740,10:57:19,251.18,0.01,1,25118,卖盘
1741,10:57:14,251.17,-0.26,3,75351,卖盘
1742,10:57:09,251.43,--,5,125715,卖盘
1743,10:57:04,251.43,0.27,5,125715,中性盘
1744,10:56:59,251.16,-0.02,3,75348,卖盘
1745,10:56:49,251.18,-0.32,3,75354,卖盘
1746,10:56:44,251.5,--,16,402400,买盘
1747,10:56:39,251.5,-0.22,20,503000,卖盘
1748,10:56:29,251.72,-0.17,4,100688,中性盘
1749,10:56:24,251.89,0.17,11,277079,买盘
1750,10:56:14,251.72,--,0,0,中性盘
1751,10:55:59,251.72,--,2,50344,卖盘
1752,10:55:54,251.72,-0.08,3,75516,卖盘
1753,10:55:49,251.8,--,10,251800,卖盘
1754,10:55:44,251.8,--,4,100720,卖盘
1755,10:55:39,251.8,-0.02,14,352520,卖盘
1756,10:55:34,251.82,0.02,17,428094,买盘
1757,10:55:29,251.8,-0.07,44,1107920,卖盘
1758,10:55:24,251.87,--,3,75561,卖盘
1759,10:55:19,251.87,--,14,352618,卖盘
1760,10:55:14,251.87,--,14,352618,卖盘
1761,10:55:09,251.87,-0.1,17,428179,卖盘
1762,10:55:04,251.97,0.1,4,100788,买盘
1763,10:54:49,251.87,-0.03,1,25187,卖盘
1764,10:54:44,251.9,0.03,2,50380,买盘
1765,10:54:39,251.87,-0.01,1,25187,卖盘
1766,10:54:34,251.88,0.01,2,50376,中性盘
1767,10:54:29,251.87,--,3,75561,卖盘
1768,10:54:24,251.87,--,2,50374,卖盘
1769,10:54:19,251.87,--,3,75561,卖盘
1770,10:54:14,251.87,--,4,100748,卖盘
1771,10:54:08,251.87,--,9,226683,卖盘
1772,10:54:04,251.87,--,2,50374,买盘
1773,10:53:58,251.87,0.06,6,151122,买盘
1774,10:53:53,251.81,-0.14,1,25181,卖盘
1775,10:53:49,251.95,-0.05,8,201560,卖盘
1776,10:53:43,252.0,0.14,7,176400,买盘
1777,10:53:38,251.86,-0.09,10,251860,卖盘
1778,10:53:34,251.95,0.14,8,201560,卖盘
1779,10:53:28,251.81,--,2,50362,卖盘
1780,10:53:23,251.81,-0.17,8,201448,中性盘
1781,10:53:18,251.98,0.18,3,75594,买盘
1782,10:53:13,251.8,-0.07,22,553960,卖盘
1783,10:53:08,251.87,0.06,2,50374,中性盘
1784,10:53:03,251.81,0.01,3,75543,中性盘
1785,10:52:58,251.8,-0.01,4,100720,卖盘
1786,10:52:53,251.81,0.01,3,75543,卖盘
1787,10:52:48,251.8,-0.05,3,75540,卖盘
1788,10:52:43,251.85,0.04,13,327405,卖盘
1789,10:52:38,251.81,0.01,44,1107964,卖盘
1790,10:52:34,251.8,--,0,0,卖盘
1791,10:52:28,251.8,--,5,125900,卖盘
1792,10:52:23,251.8,--,3,75540,卖盘
1793,10:52:19,251.8,--,2,50360,卖盘
1794,10:52:13,251.8,-0.15,4,100720,卖盘
1795,10:52:08,251.95,0.15,11,277145,买盘
1796,10:52:04,251.8,-0.05,12,302160,卖盘
1797,10:51:58,251.85,-0.05,14,352590,卖盘
1798,10:51:53,251.9,--,19,478610,卖盘
1799,10:51:48,251.9,-0.1,62,1561780,卖盘
1800,10:51:44,252.0,0.05,28,705600,买盘
1801,10:51:38,251.95,-0.23,84,2116380,卖盘
1802,10:51:33,252.18,--,8,201744,卖盘
1803,10:51:28,252.18,--,14,353052,卖盘
1804,10:51:23,252.18,0.09,11,277398,买盘
1805,10:51:13,252.09,-0.06,5,126045,卖盘
1806,10:51:08,252.15,0.06,2,50430,买盘
1807,10:51:03,252.09,--,2,50418,卖盘
1808,10:50:58,252.09,-0.02,16,403344,卖盘
1809,10:50:53,252.11,0.07,35,882385,买盘
1810,10:50:48,252.04,--,1,25204,卖盘
1811,10:50:43,252.04,--,24,604896,卖盘
1812,10:50:38,252.04,--,3,75612,卖盘
1813,10:50:28,252.04,0.14,1,25204,卖盘
1814,10:50:23,251.9,--,2,50380,卖盘
1815,10:50:13,251.9,-0.02,10,251900,卖盘
1816,10:50:08,251.92,-0.08,42,1058064,卖盘
1817,10:50:03,252.0,-0.2,203,5115600,卖盘
1818,10:49:58,252.2,--,8,201760,买盘
1819,10:49:53,252.2,0.2,10,252200,买盘
1820,10:49:48,252.0,--,30,756000,卖盘
1821,10:49:43,252.0,-0.09,49,1234800,卖盘
1822,10:49:37,252.09,-0.04,1,25209,中性盘
1823,10:49:33,252.13,0.14,240,6051120,买盘
1824,10:49:23,251.99,-0.01,19,478781,卖盘
1825,10:49:18,252.0,-0.01,47,1184400,卖盘
1826,10:49:13,252.01,-0.02,4,100804,卖盘
1827,10:49:08,252.03,--,6,151218,卖盘
1828,10:49:03,252.03,0.03,8,201624,买盘
1829,10:48:58,252.0,--,2,50400,卖盘
1830,10:48:53,252.0,--,34,856800,卖盘
1831,10:48:48,252.0,0.01,162,4082400,买盘
1832,10:48:43,251.99,-0.01,9,226791,卖盘
1833,10:48:38,252.0,--,3,75600,买盘
1834,10:48:33,252.0,-0.05,43,1083600,卖盘
1835,10:48:28,252.05,--,2,50410,买盘
1836,10:48:22,252.05,-0.15,13,327665,卖盘
1837,10:48:18,252.2,--,25,630500,卖盘
1838,10:48:08,252.2,--,3,75660,卖盘
1839,10:48:03,252.2,0.17,18,453960,买盘
1840,10:47:58,252.03,0.03,1,25203,买盘
1841,10:47:53,252.0,--,200,5040000,买盘
1842,10:47:48,252.0,0.02,65,1638000,买盘
1843,10:47:43,251.98,-0.01,2,50396,卖盘
1844,10:47:38,251.99,-0.01,2,50398,中性盘
1845,10:47:33,252.0,0.01,11,277200,买盘
1846,10:47:28,251.99,0.04,1,25199,买盘
1847,10:47:23,251.95,-0.05,1,25195,买盘
1848,10:47:18,252.0,--,12,302400,买盘
1849,10:47:08,252.0,0.08,97,2444400,买盘
1850,10:47:03,251.92,-0.06,5,125960,卖盘
1851,10:46:58,251.98,--,1,25198,买盘
1852,10:46:47,251.98,--,13,327574,买盘
1853,10:46:37,251.98,-0.02,26,655148,卖盘
1854,10:46:32,252.0,--,7,176400,买盘
1855,10:46:28,252.0,0.02,11,277200,买盘
1856,10:46:22,251.98,--,3,75594,卖盘
1857,10:46:17,251.98,0.06,3,75594,买盘
1858,10:46:13,251.92,--,1,25192,卖盘
1859,10:46:07,251.92,--,1,25192,卖盘
1860,10:45:52,251.92,-0.01,12,302304,卖盘
1861,10:45:47,251.93,-0.04,6,151158,中性盘
1862,10:45:42,251.97,0.05,1,25197,买盘
1863,10:45:37,251.92,--,3,75576,卖盘
1864,10:45:32,251.92,-0.04,3,75576,卖盘
1865,10:45:27,251.96,0.04,5,125980,买盘
1866,10:45:17,251.92,-0.05,9,226728,中性盘
1867,10:45:12,251.97,-0.03,2,50394,买盘
1868,10:45:07,252.0,0.1,106,2692368,买盘
1869,10:45:02,251.9,-0.07,4,100760,卖盘
1870,10:44:57,251.97,-0.01,2,50394,中性盘
1871,10:44:52,251.98,0.08,10,251980,买盘
1872,10:44:47,251.9,--,2,50380,卖盘
1873,10:44:42,251.9,-0.08,1,25190,卖盘
1874,10:44:22,251.98,--,1,25198,买盘
1875,10:44:17,251.98,--,4,100792,卖盘
1876,10:44:12,251.98,-0.01,2,50396,卖盘
1877,10:44:07,251.99,0.01,21,529179,买盘
1878,10:44:02,251.98,--,4,100792,卖盘
1879,10:43:57,251.98,--,6,151188,买盘
1880,10:43:42,251.98,-0.01,1,25198,买盘
1881,10:43:37,251.99,--,0,0,买盘
1882,10:43:32,251.99,0.15,110,2771890,买盘
1883,10:43:27,251.84,-0.07,1,25184,卖盘
1884,10:43:23,251.91,--,3,75573,买盘
1885,10:43:17,251.91,-0.07,11,277101,卖盘
1886,10:43:12,251.98,--,1,25198,买盘
1887,10:43:07,251.98,0.07,3,75594,买盘
1888,10:43:02,251.91,-0.07,1,25191,卖盘
1889,10:42:57,251.98,0.02,11,277178,买盘
1890,10:42:52,251.96,0.05,15,377940,中性盘
1891,10:42:47,251.91,--,5,125955,卖盘
1892,10:42:37,251.91,0.01,5,125955,卖盘
1893,10:42:32,251.9,0.05,10,251900,买盘
1894,10:42:27,251.85,-0.05,2,50370,卖盘
1895,10:42:22,251.9,--,1,25190,买盘
1896,10:42:17,251.9,--,3,75570,中性盘
1897,10:42:02,251.9,-0.09,2,50380,卖盘
1898,10:41:57,251.99,--,12,302388,卖盘
1899,10:41:52,251.99,--,2,50398,卖盘
1900,10:41:47,251.99,-0.01,6,151194,卖盘
1901,10:41:42,252.0,0.01,14,352800,买盘
1902,10:41:37,251.99,--,44,1108756,卖盘
1903,10:41:32,251.99,--,2,50398,卖盘
1904,10:41:27,251.99,-0.01,41,1033159,卖盘
1905,10:41:22,252.0,--,1,25200,买盘
1906,10:41:12,252.0,0.01,2,50400,买盘
1907,10:41:02,251.99,--,11,277189,买盘
1908,10:40:57,251.99,0.02,21,529179,买盘
1909,10:40:52,251.97,0.04,5,125985,买盘
1910,10:40:47,251.93,-0.04,2,50386,卖盘
1911,10:40:42,251.97,--,16,403152,买盘
1912,10:40:37,251.97,--,0,0,买盘
1913,10:40:32,251.97,0.07,19,478743,买盘
1914,10:40:27,251.9,--,1,25190,卖盘
1915,10:40:17,251.9,0.05,8,201520,买盘
1916,10:40:07,251.85,--,0,0,卖盘
1917,10:40:01,251.85,-0.03,2,50370,卖盘
1918,10:39:57,251.88,0.08,5,138534,买盘
1919,10:39:52,251.8,-0.05,12,302160,卖盘
1920,10:39:47,251.85,--,15,377775,买盘
1921,10:39:41,251.85,0.01,2,50370,买盘
1922,10:39:37,251.84,0.02,1,25184,买盘
1923,10:39:22,251.82,0.02,3,75546,买盘
1924,10:39:11,251.8,0.01,11,292088,买盘
1925,10:39:01,251.79,--,2,50358,买盘
1926,10:38:41,251.79,0.09,4,100716,买盘
1927,10:38:37,251.7,0.17,1,25170,买盘
1928,10:38:31,251.53,-0.22,1,25153,卖盘
1929,10:38:26,251.75,0.05,4,100700,买盘
1930,10:38:16,251.7,--,3,75510,买盘
1931,10:38:11,251.7,0.18,8,201360,买盘
1932,10:38:01,251.52,0.02,16,412492,买盘
1933,10:37:56,251.5,-0.01,1,25150,卖盘
1934,10:37:51,251.51,--,5,125755,买盘
1935,10:37:46,251.51,0.2,16,402416,买盘
1936,10:37:41,251.31,-0.15,1,25131,卖盘
1937,10:37:31,251.46,--,24,603504,买盘
1938,10:37:26,251.46,0.24,4,100584,买盘
1939,10:37:16,251.22,0.01,1,25122,中性盘
1940,10:37:01,251.21,-0.11,1,25121,卖盘
1941,10:36:56,251.32,-0.14,12,301584,卖盘
1942,10:36:46,251.46,0.14,1,25146,买盘
1943,10:36:41,251.32,-0.14,1,25132,卖盘
1944,10:36:36,251.46,0.01,4,100584,买盘
1945,10:36:31,251.45,-0.01,1,25145,买盘
1946,10:36:26,251.46,--,0,0,买盘
1947,10:36:16,251.46,0.14,4,100584,买盘
1948,10:36:06,251.32,--,1,25132,卖盘
1949,10:36:01,251.32,-0.18,2,50264,卖盘
1950,10:35:56,251.5,0.04,2,50300,买盘
1951,10:35:46,251.46,--,0,0,卖盘
1952,10:35:41,251.46,-0.04,1,36210,卖盘
1953,10:35:36,251.5,-0.01,1,25150,中性盘
1954,10:35:31,251.51,0.04,4,100604,买盘
1955,10:35:25,251.47,--,1,25147,卖盘
1956,10:35:21,251.47,-0.04,3,75441,卖盘
1957,10:35:16,251.51,--,0,0,买盘
1958,10:35:11,251.51,0.01,2,50302,买盘
1959,10:35:06,251.5,0.04,4,100600,买盘
1960,10:34:56,251.46,--,1,25146,卖盘
1961,10:34:51,251.46,--,2,50292,卖盘
1962,10:34:46,251.46,-0.05,1,25146,卖盘
1963,10:34:41,251.51,0.01,6,150906,买盘
1964,10:34:36,251.5,-0.01,1,25150,中性盘
1965,10:34:31,251.51,0.05,2,50302,买盘
1966,10:34:25,251.46,-0.05,1,25146,卖盘
1967,10:34:21,251.51,--,0,0,买盘
1968,10:34:16,251.51,0.05,6,150906,买盘
1969,10:34:11,251.46,-0.14,34,879355,卖盘
1970,10:34:06,251.6,-0.05,4,100640,卖盘
1971,10:34:01,251.65,0.05,1,25165,买盘
1972,10:33:56,251.6,--,2,50320,卖盘
1973,10:33:51,251.6,0.52,24,604594,买盘
1974,10:33:46,251.08,-0.42,20,502160,卖盘
1975,10:33:41,251.5,-0.1,111,2791650,卖盘
1976,10:33:36,251.6,0.1,18,452880,买盘
1977,10:33:31,251.5,--,2,50300,卖盘
1978,10:33:26,251.5,0.29,9,226350,买盘
1979,10:33:21,251.21,--,0,0,中性盘
1980,10:33:16,251.21,-0.27,17,427057,卖盘
1981,10:32:56,251.48,-0.11,3,75444,卖盘
1982,10:32:50,251.59,--,7,176113,买盘
1983,10:32:46,251.59,--,1,25159,买盘
1984,10:32:35,251.59,0.11,6,150954,买盘
1985,10:32:20,251.48,0.1,1,25148,中性盘
1986,10:32:16,251.38,-0.22,1,25138,卖盘
1987,10:32:10,251.6,0.25,1,25160,买盘
1988,10:32:05,251.35,-0.25,1,25135,卖盘
1989,10:32:01,251.6,0.25,14,352240,买盘
1990,10:31:45,251.35,-0.25,1,25135,卖盘
1991,10:31:40,251.6,0.12,37,953564,买盘
1992,10:31:35,251.48,0.12,6,150888,卖盘
1993,10:31:25,251.36,--,0,0,卖盘
1994,10:31:19,251.36,-0.23,3,75408,卖盘
1995,10:31:16,251.59,-0.01,1,25159,中性盘
1996,10:31:10,251.6,0.24,2,50320,买盘
1997,10:31:04,251.36,-0.14,2,50272,卖盘
1998,10:31:00,251.5,-0.1,11,279165,卖盘
1999,10:30:50,251.6,--,1,25160,买盘
2000,10:30:45,251.6,--,30,754800,买盘
2001,10:30:35,251.6,0.1,32,805120,中性盘
2002,10:30:30,251.5,-0.2,4,100600,卖盘
2003,10:30:25,251.7,0.03,50,1258500,买盘
2004,10:30:20,251.67,--,0,0,买盘
2005,10:30:15,251.67,-0.03,11,276837,卖盘
2006,10:30:10,251.7,--,0,0,买盘
2007,10:30:05,251.7,0.04,93,2340810,买盘
2008,10:30:00,251.66,0.06,6,150996,卖盘
2009,10:29:55,251.6,0.07,6,150960,买盘
2010,10:29:40,251.53,-0.07,4,100612,卖盘
2011,10:29:35,251.6,0.06,60,1509600,买盘
2012,10:29:25,251.54,-0.02,1,25154,买盘
2013,10:29:20,251.56,0.06,12,301872,买盘
2014,10:29:05,251.5,--,4,100600,中性盘
2015,10:29:00,251.5,0.14,1,25150,买盘
2016,10:28:55,251.36,--,12,301632,卖盘
2017,10:28:50,251.36,-0.14,12,301632,中性盘
2018,10:28:45,251.5,0.15,12,301800,买盘
2019,10:28:40,251.35,-0.01,1,25135,卖盘
2020,10:28:35,251.36,-0.14,6,150816,卖盘
2021,10:28:30,251.5,--,52,1307800,卖盘
2022,10:28:25,251.5,--,2,50300,卖盘
2023,10:28:20,251.5,--,3,75450,卖盘
2024,10:28:15,251.5,--,3,75450,卖盘
2025,10:28:10,251.5,0.14,6,150900,买盘
2026,10:28:05,251.36,--,7,175952,卖盘
2027,10:28:00,251.36,-0.14,2,50272,卖盘
2028,10:27:55,251.5,--,3,75450,买盘
2029,10:27:50,251.5,-0.01,4,100600,卖盘
2030,10:27:45,251.51,-0.03,3,75453,卖盘
2031,10:27:35,251.54,--,0,0,买盘
2032,10:27:30,251.54,-0.02,1,25154,卖盘
2033,10:27:20,251.56,0.02,1,25156,买盘
2034,10:27:15,251.54,--,2,50308,卖盘
2035,10:27:10,251.54,-0.02,3,75462,卖盘
2036,10:27:05,251.56,--,5,125780,卖盘
2037,10:26:50,251.56,0.02,6,150936,买盘
2038,10:26:45,251.54,--,4,100616,买盘
2039,10:26:35,251.54,--,1,25154,买盘
2040,10:26:25,251.54,0.03,2,50308,中性盘
2041,10:26:20,251.51,--,10,251510,卖盘
2042,10:26:15,251.51,-0.05,3,75453,卖盘
2043,10:26:10,251.56,0.05,1,25156,买盘
2044,10:25:55,251.51,-0.01,2,50302,卖盘
2045,10:25:50,251.52,0.01,2,50304,买盘
2046,10:25:44,251.51,0.01,6,150906,买盘
2047,10:25:35,251.5,--,1,25150,卖盘
2048,10:25:29,251.5,--,4,100600,卖盘
2049,10:25:19,251.5,0.43,8,201200,买盘
2050,10:25:04,251.07,-0.43,1,25107,卖盘
2051,10:24:59,251.5,0.45,2,50300,买盘
2052,10:24:55,251.05,--,0,0,卖盘
2053,10:24:49,251.05,--,0,0,中性盘
2054,10:24:44,251.05,-0.46,2,50210,卖盘
2055,10:24:34,251.51,0.47,1,25151,中性盘
2056,10:24:29,251.04,--,0,0,卖盘
2057,10:24:19,251.04,-0.54,1,25104,卖盘
2058,10:24:14,251.58,-0.01,1,25158,中性盘
2059,10:24:04,251.59,-0.09,10,251590,中性盘
2060,10:23:59,251.68,--,0,0,买盘
2061,10:23:49,251.68,--,2,50336,中性盘
2062,10:23:44,251.68,--,2,50336,中性盘
2063,10:23:39,251.68,-0.01,1,25168,卖盘
2064,10:23:34,251.69,0.69,20,503380,买盘
2065,10:23:29,251.0,-0.68,39,978900,卖盘
2066,10:23:24,251.68,--,1,25168,买盘
2067,10:23:19,251.68,--,0,0,中性盘
2068,10:23:14,251.68,--,2,50336,买盘
2069,10:23:10,251.68,0.02,1,25168,买盘
2070,10:23:04,251.66,-0.04,1,25166,卖盘
2071,10:22:54,251.7,-0.1,6,151020,卖盘
2072,10:22:49,251.8,-0.01,7,176260,卖盘
2073,10:22:44,251.81,-0.01,3,75543,买盘
2074,10:22:39,251.82,--,0,0,中性盘
2075,10:22:34,251.82,0.46,1,25182,买盘
2076,10:22:28,251.36,-0.45,202,5077472,卖盘
2077,10:22:24,251.81,0.1,26,662008,买盘
2078,10:22:19,251.71,--,0,0,买盘
2079,10:22:14,251.71,0.01,2,50342,买盘
2080,10:22:09,251.7,--,0,0,买盘
2081,10:22:04,251.7,-0.01,3,75510,买盘
2082,10:21:59,251.71,0.16,2,50342,买盘
2083,10:21:54,251.55,-0.14,1,25155,卖盘
2084,10:21:49,251.69,0.39,93,2343233,买盘
2085,10:21:44,251.3,--,0,0,买盘
2086,10:21:39,251.3,--,0,0,买盘
2087,10:21:33,251.3,0.3,2,50260,买盘
2088,10:21:29,251.0,--,97,2452521,买盘
2089,10:21:24,251.0,--,22,552200,买盘
2090,10:21:19,251.0,0.01,1,25100,买盘
2091,10:21:14,250.99,--,15,376485,买盘
2092,10:21:09,250.99,0.01,3,75297,买盘
2093,10:20:54,250.98,--,3,75294,买盘
2094,10:20:49,250.98,--,0,0,买盘
2095,10:20:44,250.98,0.09,1,25098,买盘
2096,10:20:39,250.89,-0.09,3,75267,卖盘
2097,10:20:29,250.98,--,6,150588,买盘
2098,10:20:24,250.98,0.09,2,50196,买盘
2099,10:20:09,250.89,-0.1,3,75267,卖盘
2100,10:20:04,250.99,--,2,50198,买盘
2101,10:19:59,250.99,--,1,25099,卖盘
2102,10:19:54,250.99,0.11,1,25099,买盘
2103,10:19:44,250.88,--,0,0,卖盘
2104,10:19:29,250.88,--,1,25088,卖盘
2105,10:19:24,250.88,-0.08,1,25088,卖盘
2106,10:19:19,250.96,0.07,2,50192,买盘
2107,10:19:14,250.89,--,0,0,中性盘
2108,10:19:09,250.89,-0.1,2,50178,中性盘
2109,10:19:04,250.99,-0.01,1,25099,中性盘
2110,10:18:59,251.0,0.12,17,426700,买盘
2111,10:18:54,250.88,0.06,0,6272,中性盘
2112,10:18:49,250.82,0.01,1,25082,卖盘
2113,10:18:43,250.81,--,0,0,卖盘
2114,10:18:39,250.81,-0.19,1,25081,卖盘
2115,10:18:34,251.0,--,8,200800,买盘
2116,10:18:28,251.0,--,0,0,买盘
2117,10:18:23,251.0,--,2,50200,买盘
2118,10:18:19,251.0,--,6,150600,买盘
2119,10:18:13,251.0,0.11,25,627500,买盘
2120,10:18:08,250.89,--,3,75267,卖盘
2121,10:18:04,250.89,--,1,25089,卖盘
2122,10:17:58,250.89,--,1,25089,卖盘
2123,10:17:53,250.89,-0.11,2,50178,卖盘
2124,10:17:49,251.0,0.02,6,150600,买盘
2125,10:17:43,250.98,0.08,8,200784,买盘
2126,10:17:38,250.9,0.18,3,75270,买盘
2127,10:17:34,250.72,-0.16,1,25072,卖盘
2128,10:17:28,250.88,-0.1,7,175616,买盘
2129,10:17:23,250.98,0.28,11,276078,买盘
2130,10:17:13,250.7,-0.2,14,350980,中性盘
2131,10:17:08,250.9,0.22,1,25090,买盘
2132,10:17:03,250.68,0.01,1,25068,卖盘
2133,10:16:58,250.67,--,2,50134,卖盘
2134,10:16:53,250.67,-0.33,30,755018,卖盘
2135,10:16:48,251.0,-0.01,10,251000,买盘
2136,10:16:43,251.01,--,43,1099172,卖盘
2137,10:16:38,251.01,--,1,25101,卖盘
2138,10:16:33,251.01,-0.42,2,50202,卖盘
2139,10:16:28,251.43,0.42,5,125715,中性盘
2140,10:16:23,251.01,-0.14,34,853434,卖盘
2141,10:16:18,251.15,--,1,25115,卖盘
2142,10:16:13,251.15,-0.05,15,376725,卖盘
2143,10:16:08,251.2,0.19,3,95456,买盘
2144,10:15:58,251.01,--,13,326313,卖盘
2145,10:15:43,251.01,-0.14,3,75303,卖盘
2146,10:15:38,251.15,0.32,35,889322,买盘
2147,10:15:33,250.83,0.03,2,64964,卖盘
2148,10:15:28,250.8,0.03,4,110602,买盘
2149,10:15:23,250.77,-0.03,48,1218491,卖盘
2150,10:15:18,250.8,--,5,125400,卖盘
2151,10:15:08,250.8,--,6,150480,卖盘
2152,10:15:03,250.8,0.03,23,576840,买盘
2153,10:14:58,250.77,--,3,75231,卖盘
2154,10:14:53,250.77,-0.03,29,727233,卖盘
2155,10:14:48,250.8,--,5,125400,买盘
2156,10:14:43,250.8,--,3,85522,买盘
2157,10:14:38,250.8,--,14,351120,买盘
2158,10:14:33,250.8,--,4,100320,买盘
2159,10:14:23,250.8,-0.09,7,175560,卖盘
2160,10:14:18,250.89,--,0,0,中性盘
2161,10:14:13,250.89,-0.06,2,50178,卖盘
2162,10:14:08,250.95,-0.05,4,100380,卖盘
2163,10:14:03,251.0,--,3,75300,买盘
2164,10:13:57,251.0,-0.03,29,727900,卖盘
2165,10:13:53,251.03,-0.12,2,50206,卖盘
2166,10:13:48,251.15,-0.06,1,25115,卖盘
2167,10:13:43,251.21,0.06,1,25121,买盘
2168,10:13:38,251.15,--,0,0,卖盘
2169,10:13:33,251.15,-0.3,15,376725,卖盘
2170,10:13:27,251.45,0.05,1,25145,买盘
2171,10:13:23,251.4,-0.08,10,251400,卖盘
2172,10:13:18,251.48,-0.03,1,25148,卖盘
2173,10:13:08,251.51,-0.15,3,75453,卖盘
2174,10:13:03,251.66,-0.02,5,125830,卖盘
2175,10:12:58,251.68,-0.07,4,100672,卖盘
2176,10:12:53,251.75,-0.03,2,50350,中性盘
2177,10:12:42,251.78,0.1,1,25178,买盘
2178,10:12:38,251.68,-0.16,14,375003,卖盘
2179,10:12:33,251.84,0.05,7,176288,买盘
2180,10:12:22,251.79,--,0,0,中性盘
2181,10:12:18,251.79,--,8,201432,卖盘
2182,10:12:07,251.79,--,266,6697614,卖盘
2183,10:12:03,251.79,0.01,9,226611,中性盘
2184,10:11:57,251.78,-0.1,6,151068,卖盘
2185,10:11:52,251.88,--,3,75564,买盘
2186,10:11:48,251.88,0.08,38,957144,买盘
2187,10:11:37,251.8,--,1,25180,卖盘
2188,10:11:32,251.8,--,1,25180,卖盘
2189,10:11:28,251.8,--,2,52878,卖盘
2190,10:11:22,251.8,0.02,4,100720,买盘
2191,10:11:17,251.78,-0.02,4,100712,卖盘
2192,10:11:12,251.8,0.02,3,75540,买盘
2193,10:11:07,251.78,0.08,9,226602,买盘
2194,10:11:02,251.7,-0.07,4,100680,卖盘
2195,10:10:57,251.77,0.02,1,25177,卖盘
2196,10:10:52,251.75,--,0,0,中性盘
2197,10:10:47,251.75,--,2,50350,卖盘
2198,10:10:42,251.75,--,10,251750,卖盘
2199,10:10:37,251.75,--,12,302100,卖盘
2200,10:10:32,251.75,0.07,8,201400,买盘
2201,10:10:28,251.68,-0.02,1,25168,卖盘
2202,10:10:22,251.7,--,2,50340,卖盘
2203,10:10:17,251.7,0.04,3,75510,卖盘
2204,10:10:07,251.66,--,3,75498,卖盘
2205,10:10:02,251.66,-0.04,3,75498,卖盘
2206,10:09:57,251.7,0.04,4,100680,买盘
2207,10:09:47,251.66,-0.04,3,75498,卖盘
2208,10:09:42,251.7,0.04,1,25170,买盘
2209,10:09:32,251.66,-0.12,1,25166,中性盘
2210,10:09:27,251.78,--,2,50356,卖盘
2211,10:09:22,251.78,0.01,3,75534,买盘
2212,10:09:17,251.77,--,2,50354,卖盘
2213,10:09:12,251.77,--,7,176239,中性盘
2214,10:09:07,251.77,--,0,0,中性盘
2215,10:09:02,251.77,0.17,9,226593,买盘
2216,10:08:57,251.6,--,7,176120,卖盘
2217,10:08:52,251.6,-0.09,12,318274,卖盘
2218,10:08:47,251.69,0.09,5,125845,卖盘
2219,10:08:42,251.6,-0.16,4,100640,买盘
2220,10:08:36,251.76,0.07,1,25176,买盘
2221,10:08:32,251.69,0.25,2,50338,买盘
2222,10:08:27,251.44,-0.26,5,125720,卖盘
2223,10:08:21,251.7,0.26,1,25170,买盘
2224,10:08:17,251.44,--,1,25144,卖盘
2225,10:08:12,251.44,0.02,4,100576,中性盘
2226,10:08:02,251.42,--,4,100568,卖盘
2227,10:07:57,251.42,0.03,3,75426,卖盘
2228,10:07:47,251.39,--,5,125695,卖盘
2229,10:07:42,251.39,-0.03,9,226251,卖盘
2230,10:07:36,251.42,0.02,1,25142,买盘
2231,10:07:32,251.4,0.01,5,125700,买盘
2232,10:07:27,251.39,-0.03,1,25139,卖盘
2233,10:07:21,251.42,--,1,25142,买盘
2234,10:07:17,251.42,0.03,3,75426,中性盘
2235,10:07:12,251.39,-0.03,7,175973,卖盘
2236,10:07:06,251.42,--,1,25142,卖盘
2237,10:07:02,251.42,0.12,21,527982,买盘
2238,10:06:57,251.3,--,6,150780,卖盘
2239,10:06:51,251.3,--,0,0,卖盘
2240,10:06:47,251.3,-0.05,67,1683710,卖盘
2241,10:06:42,251.35,--,0,0,中性盘
2242,10:06:36,251.35,0.04,2,50270,买盘
2243,10:06:32,251.31,--,0,0,中性盘
2244,10:06:27,251.31,-0.02,3,75393,卖盘
2245,10:06:21,251.33,0.03,1,25133,卖盘
2246,10:06:17,251.3,0.02,5,125650,买盘
2247,10:06:12,251.28,--,0,12312,买盘
2248,10:06:06,251.28,--,0,0,买盘
2249,10:05:57,251.28,0.13,2,50256,买盘
2250,10:05:51,251.15,-0.13,2,50230,卖盘
2251,10:05:47,251.28,--,1,25128,买盘
2252,10:05:42,251.28,0.06,2,50256,买盘
2253,10:05:36,251.22,0.01,1,25122,买盘
2254,10:05:32,251.21,0.2,10,251210,买盘
2255,10:05:26,251.01,-0.14,3,75303,中性盘
2256,10:05:21,251.15,--,1,25115,买盘
2257,10:05:16,251.15,0.05,3,75345,买盘
2258,10:05:11,251.1,0.05,1,25110,买盘
2259,10:05:01,251.05,0.04,1,25105,中性盘
2260,10:04:56,251.01,0.08,73,1832373,买盘
2261,10:04:51,250.93,--,0,0,卖盘
2262,10:04:41,250.93,--,4,100372,卖盘
2263,10:04:36,250.93,--,2,50186,卖盘
2264,10:04:27,250.93,0.04,1,25093,中性盘
2265,10:04:16,250.89,-0.05,3,75267,卖盘
2266,10:04:12,250.94,0.04,2,50188,买盘
2267,10:04:06,250.9,0.1,30,752700,买盘
2268,10:04:01,250.8,-0.09,3,75240,卖盘
2269,10:03:56,250.89,0.03,1,25089,买盘
2270,10:03:51,250.86,--,0,0,中性盘
2271,10:03:46,250.86,0.01,1,25086,买盘
2272,10:03:31,250.85,0.07,4,100340,买盘
2273,10:03:26,250.78,--,1,25078,卖盘
2274,10:03:16,250.78,-0.02,6,150468,卖盘
2275,10:03:11,250.8,--,4,100320,卖盘
2276,10:03:01,250.8,--,1,25080,卖盘
2277,10:02:56,250.8,--,1,25080,卖盘
2278,10:02:46,250.8,-0.07,3,75240,卖盘
2279,10:02:36,250.87,--,0,0,买盘
2280,10:02:31,250.87,0.07,3,75261,买盘
2281,10:02:26,250.8,--,0,0,卖盘
2282,10:02:16,250.8,-0.07,3,100069,卖盘
2283,10:02:11,250.87,-0.09,10,263915,买盘
2284,10:02:06,250.96,0.08,8,200768,买盘
2285,10:02:01,250.88,0.02,72,1806336,买盘
2286,10:01:56,250.86,0.06,1,25086,买盘
2287,10:01:51,250.8,--,5,125400,卖盘
2288,10:01:45,250.8,-0.07,7,175560,卖盘
2289,10:01:41,250.87,0.01,5,125435,买盘
2290,10:01:36,250.86,--,2,50172,买盘
2291,10:01:30,250.86,--,1,25086,买盘
2292,10:01:26,250.86,--,1,25086,中性盘
2293,10:01:21,250.86,-0.02,1,25086,卖盘
2294,10:01:15,250.88,-0.02,3,75264,卖盘
2295,10:01:11,250.9,0.02,9,225810,买盘
2296,10:01:06,250.88,--,1,25088,卖盘
2297,10:00:56,250.88,-0.02,8,200704,卖盘
2298,10:00:45,250.9,--,2,50180,买盘
2299,10:00:36,250.9,-0.09,1,25090,卖盘
2300,10:00:30,250.99,--,15,389034,卖盘
2301,10:00:26,250.99,--,11,276089,卖盘
2302,10:00:21,250.99,--,7,188242,卖盘
2303,10:00:11,250.99,--,6,150594,卖盘
2304,10:00:06,250.99,--,4,100396,卖盘
2305,09:59:55,250.99,--,2,50198,卖盘
2306,09:59:51,250.99,--,1,25099,卖盘
2307,09:59:41,250.99,-0.01,4,100396,卖盘
2308,09:59:36,251.0,0.01,5,125500,买盘
2309,09:59:26,250.99,0.04,4,100396,卖盘
2310,09:59:21,250.95,-0.04,12,301140,中性盘
2311,09:59:15,250.99,0.11,71,1782029,买盘
2312,09:59:11,250.88,--,1,25088,卖盘
2313,09:59:06,250.88,-0.1,9,225792,卖盘
2314,09:59:00,250.98,0.1,1,25098,买盘
2315,09:58:56,250.88,--,8,200704,卖盘
2316,09:58:50,250.88,--,0,0,卖盘
2317,09:58:40,250.88,-0.12,8,200704,卖盘
2318,09:58:35,251.0,0.08,60,1506000,买盘
2319,09:58:25,250.92,-0.09,46,1154232,卖盘
2320,09:58:10,251.01,-0.01,10,251010,卖盘
2321,09:58:05,251.02,0.01,2,50204,中性盘
2322,09:57:55,251.01,--,2,50202,卖盘
2323,09:57:50,251.01,-0.19,6,150606,卖盘
2324,09:57:45,251.2,0.19,2,50240,买盘
2325,09:57:40,251.01,-0.2,3,75303,卖盘
2326,09:57:35,251.21,0.29,2,50242,买盘
2327,09:57:25,250.92,-0.08,107,2684844,卖盘
2328,09:57:20,251.0,0.01,12,301200,买盘
2329,09:57:15,250.99,0.11,12,301188,买盘
2330,09:57:10,250.88,-0.02,10,250880,卖盘
2331,09:57:05,250.9,--,6,150540,卖盘
2332,09:57:00,250.9,-0.09,14,351260,卖盘
2333,09:56:55,250.99,0.09,7,175693,买盘
2334,09:56:50,250.9,0.23,50,1263532,买盘
2335,09:56:40,250.67,--,3,75201,卖盘
2336,09:56:35,250.67,0.17,22,551474,卖盘
2337,09:56:25,250.5,-0.16,5,125250,卖盘
2338,09:56:15,250.66,--,2,50132,买盘
2339,09:56:10,250.66,--,0,0,买盘
2340,09:56:04,250.66,0.34,25,626650,买盘
2341,09:56:00,250.32,-0.18,1,25032,卖盘
2342,09:55:50,250.5,--,6,150300,买盘
2343,09:55:45,250.5,--,1,25050,买盘
2344,09:55:35,250.5,--,1,25050,买盘
2345,09:55:25,250.5,0.12,6,150300,买盘
2346,09:55:19,250.38,0.27,7,175266,买盘
2347,09:55:05,250.11,-0.21,2,50022,卖盘
2348,09:55:00,250.32,--,1,25032,卖盘
2349,09:54:54,250.32,0.22,1,25032,买盘
2350,09:54:50,250.1,--,0,0,卖盘
2351,09:54:45,250.1,-0.22,1,25010,卖盘
2352,09:54:35,250.32,--,2,50064,买盘
2353,09:54:30,250.32,0.18,13,325416,买盘
2354,09:54:15,250.14,--,0,0,中性盘
2355,09:54:09,250.14,-0.03,1,25014,卖盘
2356,09:54:05,250.17,-0.22,1,25017,卖盘
2357,09:53:54,250.39,--,0,0,买盘
2358,09:53:50,250.39,0.29,1,25039,买盘
2359,09:53:45,250.1,-0.29,20,500200,卖盘
2360,09:53:39,250.39,0.21,6,150234,买盘
2361,09:53:35,250.18,0.05,4,100072,买盘
2362,09:53:30,250.13,-0.05,4,100052,卖盘
2363,09:53:20,250.18,--,0,0,买盘
2364,09:53:15,250.18,--,3,75054,卖盘
2365,09:53:09,250.18,-0.02,1,25018,卖盘
2366,09:52:54,250.2,-0.19,1,25020,卖盘
2367,09:52:50,250.39,--,2,50078,卖盘
2368,09:52:45,250.39,--,2,50078,卖盘
2369,09:52:39,250.39,--,0,0,卖盘
2370,09:52:35,250.39,-0.24,2,50078,卖盘
2371,09:52:30,250.63,0.03,10,250630,买盘
2372,09:52:24,250.6,--,1,25060,买盘
2373,09:52:19,250.6,--,27,676620,卖盘
2374,09:52:15,250.6,--,12,300720,卖盘
2375,09:52:09,250.6,--,1,25060,卖盘
2376,09:52:00,250.6,-0.03,2,50120,买盘
2377,09:51:54,250.63,-0.01,5,125315,买盘
2378,09:51:50,250.64,--,0,0,买盘
2379,09:51:44,250.64,0.46,1,25064,买盘
2380,09:51:39,250.18,-0.46,1,25018,卖盘
2381,09:51:34,250.64,-0.01,1,25064,中性盘
2382,09:51:29,250.65,--,1,25065,买盘
2383,09:51:19,250.65,0.52,2,50130,买盘
2384,09:51:14,250.13,--,0,0,卖盘
2385,09:51:09,250.13,--,0,15007,卖盘
2386,09:51:04,250.13,-0.53,1,25013,卖盘
2387,09:50:59,250.66,0.53,1,25066,买盘
2388,09:50:54,250.13,-0.32,1,25013,卖盘
2389,09:50:49,250.45,--,0,0,中性盘
2390,09:50:44,250.45,-0.21,2,50090,中性盘
2391,09:50:39,250.66,--,1,25066,卖盘
2392,09:50:34,250.66,0.28,15,375990,买盘
2393,09:50:29,250.38,-0.28,1,25038,卖盘
2394,09:50:14,250.66,--,0,0,买盘
2395,09:50:09,250.66,0.59,4,100264,买盘
2396,09:49:59,250.07,--,3,75021,买盘
2397,09:49:54,250.07,0.07,15,375105,买盘
2398,09:49:49,250.0,0.2,98,2450000,买盘
2399,09:49:39,249.8,-0.15,10,249800,卖盘
2400,09:49:34,249.95,0.15,25,624875,买盘
2401,09:49:29,249.8,0.01,1,24980,买盘
2402,09:49:24,249.79,--,1,24979,卖盘
2403,09:49:19,249.79,0.13,3,79932,买盘
2404,09:49:14,249.66,--,2,49932,卖盘
2405,09:49:09,249.66,-0.04,1,24966,卖盘
2406,09:49:04,249.7,0.06,1,24970,中性盘
2407,09:48:59,249.64,-0.06,3,75890,卖盘
2408,09:48:49,249.7,--,1,24970,买盘
2409,09:48:44,249.7,0.06,1,24970,买盘
2410,09:48:34,249.64,-0.06,2,49928,卖盘
2411,09:48:19,249.7,--,1,24970,买盘
2412,09:48:14,249.7,--,1,24970,买盘
2413,09:48:09,249.7,-0.09,26,649220,卖盘
2414,09:48:03,249.79,--,0,0,买盘
2415,09:47:59,249.79,--,21,524559,买盘
2416,09:47:54,249.79,0.06,18,449622,买盘
2417,09:47:48,249.73,--,1,24973,买盘
2418,09:47:44,249.73,-0.07,3,98893,卖盘
2419,09:47:39,249.8,--,3,74940,买盘
2420,09:47:33,249.8,--,9,224820,买盘
2421,09:47:29,249.8,0.05,76,1898480,买盘
2422,09:47:24,249.75,0.02,5,124875,买盘
2423,09:47:18,249.73,-0.02,1,24973,卖盘
2424,09:47:09,249.75,0.02,11,275724,买盘
2425,09:47:03,249.73,0.01,1,24973,中性盘
2426,09:46:59,249.72,0.07,2,49944,买盘
2427,09:46:54,249.65,-0.05,16,399440,卖盘
2428,09:46:48,249.7,--,9,224730,买盘
2429,09:46:44,249.7,0.02,105,2621850,买盘
2430,09:46:33,249.68,-0.02,1,24968,卖盘
2431,09:46:28,249.7,-0.05,22,549340,卖盘
2432,09:46:24,249.75,--,16,399600,买盘
2433,09:46:18,249.75,-0.1,21,524475,卖盘
2434,09:46:09,249.85,-0.1,5,124925,卖盘
2435,09:46:03,249.95,-0.03,8,199960,中性盘
2436,09:45:59,249.98,--,5,124990,买盘
2437,09:45:54,249.98,--,2,49996,买盘
2438,09:45:43,249.98,0.03,11,274978,买盘
2439,09:45:39,249.95,0.13,1,24995,买盘
2440,09:45:29,249.82,--,2,49964,卖盘
2441,09:45:24,249.82,--,1,24982,卖盘
2442,09:44:53,249.82,-0.13,1,24982,中性盘
2443,09:44:48,249.95,0.23,1,24995,买盘
2444,09:44:43,249.72,-0.26,1,24972,卖盘
2445,09:44:28,249.98,--,0,0,中性盘
2446,09:44:23,249.98,0.18,1,24998,买盘
2447,09:44:13,249.8,--,6,149880,卖盘
2448,09:44:08,249.8,--,14,349720,卖盘
2449,09:44:03,249.8,--,0,0,卖盘
2450,09:43:58,249.8,-0.19,1,24980,卖盘
2451,09:43:53,249.99,0.27,1,24999,买盘
2452,09:43:48,249.72,--,0,0,卖盘
2453,09:43:43,249.72,--,2,49944,卖盘
2454,09:43:38,249.72,0.02,2,49944,卖盘
2455,09:43:33,249.7,--,6,149820,买盘
2456,09:43:28,249.7,-0.19,14,349580,卖盘
2457,09:43:23,249.89,0.09,1,24989,买盘
2458,09:43:13,249.8,0.05,14,349720,买盘
2459,09:43:08,249.75,0.12,24,604395,买盘
2460,09:43:03,249.63,--,2,49926,卖盘
2461,09:42:58,249.63,0.42,9,224667,卖盘
2462,09:42:38,249.21,-0.02,35,872235,卖盘
2463,09:42:33,249.23,--,0,0,中性盘
2464,09:42:23,249.23,-0.42,1,24923,中性盘
2465,09:42:13,249.65,0.45,9,224685,买盘
2466,09:42:08,249.2,-0.14,8,199360,卖盘
2467,09:42:03,249.34,--,0,0,中性盘
2468,09:41:58,249.34,--,0,0,中性盘
2469,09:41:53,249.34,0.14,16,398944,买盘
2470,09:41:48,249.2,--,2,49840,买盘
2471,09:41:43,249.2,-0.45,3,74760,卖盘
2472,09:41:38,249.65,--,6,149790,买盘
2473,09:41:33,249.65,0.45,2,49930,买盘
2474,09:41:23,249.2,--,3,74760,卖盘
2475,09:41:18,249.2,0.06,1,24920,买盘
2476,09:41:12,249.14,--,1,24914,卖盘
2477,09:41:08,249.14,-0.06,3,74742,卖盘
2478,09:41:03,249.2,0.06,14,348880,买盘
2479,09:40:57,249.14,-0.06,3,74742,卖盘
2480,09:40:53,249.2,-0.18,55,1370600,卖盘
2481,09:40:48,249.38,0.06,11,274318,买盘
2482,09:40:42,249.32,-0.34,7,174524,卖盘
2483,09:40:38,249.66,0.35,1,24966,中性盘
2484,09:40:33,249.31,--,1,24931,卖盘
2485,09:40:27,249.31,-0.39,1,24931,卖盘
2486,09:40:23,249.7,0.24,13,324610,买盘
2487,09:40:18,249.46,-0.29,50,1247300,卖盘
2488,09:40:12,249.75,--,1,24975,买盘
2489,09:40:08,249.75,0.09,9,224775,买盘
2490,09:40:03,249.66,-0.04,7,174762,卖盘
2491,09:39:57,249.7,-0.06,1,24970,卖盘
2492,09:39:53,249.76,-0.04,4,99904,卖盘
2493,09:39:42,249.8,--,0,0,中性盘
2494,09:39:38,249.8,-0.52,32,799360,卖盘
2495,09:39:33,250.32,--,30,750960,买盘
2496,09:39:27,250.32,--,0,0,买盘
2497,09:39:23,250.32,0.32,15,375480,买盘
2498,09:39:18,250.0,-0.37,18,450000,卖盘
2499,09:39:12,250.37,--,0,0,买盘
2500,09:39:08,250.37,--,1,25037,卖盘
2501,09:39:03,250.37,0.37,1,25037,中性盘
2502,09:38:57,250.0,-0.38,149,3725000,卖盘
2503,09:38:53,250.38,--,15,375570,买盘
2504,09:38:48,250.38,-0.02,19,475722,卖盘
2505,09:38:42,250.4,-0.1,3,75120,卖盘
2506,09:38:38,250.5,0.02,1,25050,买盘
2507,09:38:33,250.48,--,0,0,中性盘
2508,09:38:22,250.48,-0.17,10,250480,卖盘
2509,09:38:18,250.65,-0.04,31,777015,卖盘
2510,09:38:12,250.69,-0.1,3,75207,卖盘
2511,09:38:07,250.79,0.01,4,100316,买盘
2512,09:37:52,250.78,-0.02,3,75234,卖盘
2513,09:37:47,250.8,--,4,100320,买盘
2514,09:37:42,250.8,--,7,175560,买盘
2515,09:37:37,250.8,-0.03,33,827640,卖盘
2516,09:37:32,250.83,0.03,8,200664,买盘
2517,09:37:27,250.8,--,20,501600,卖盘
2518,09:37:22,250.8,-0.01,2,50160,卖盘
2519,09:37:07,250.81,0.11,6,150486,买盘
2520,09:37:02,250.7,0.03,3,75210,中性盘
2521,09:36:57,250.67,--,3,75201,买盘
2522,09:36:52,250.67,-0.17,2,50134,卖盘
2523,09:36:47,250.84,0.03,2,50168,买盘
2524,09:36:42,250.81,0.01,3,75243,买盘
2525,09:36:37,250.8,--,6,150480,卖盘
2526,09:36:32,250.8,--,35,877800,卖盘
2527,09:36:22,250.8,--,5,125400,卖盘
2528,09:36:17,250.8,-0.04,9,225720,卖盘
2529,09:36:12,250.84,0.04,38,953192,买盘
2530,09:36:07,250.8,--,11,275880,卖盘
2531,09:35:52,250.8,-0.07,8,200640,卖盘
2532,09:35:47,250.87,--,6,150522,买盘
2533,09:35:42,250.87,--,0,0,买盘
2534,09:35:37,250.87,0.17,3,75261,买盘
2535,09:35:32,250.7,-0.17,8,200560,卖盘
2536,09:35:27,250.87,0.07,4,100348,买盘
2537,09:35:22,250.8,-0.06,1,25080,买盘
2538,09:35:17,250.86,--,0,0,中性盘
2539,09:35:12,250.86,0.11,8,200688,买盘
2540,09:35:07,250.75,0.03,2,50150,中性盘
2541,09:35:02,250.72,0.05,2,50144,买盘
2542,09:34:52,250.67,-0.03,12,300804,卖盘
2543,09:34:47,250.7,--,9,225630,买盘
2544,09:34:42,250.7,--,17,426190,买盘
2545,09:34:32,250.7,--,6,150420,买盘
2546,09:34:27,250.7,-0.08,25,626750,卖盘
2547,09:34:12,250.78,-0.02,2,50156,中性盘
2548,09:34:06,250.8,--,0,0,中性盘
2549,09:34:02,250.8,0.02,4,100320,买盘
2550,09:33:57,250.78,-0.07,2,50156,卖盘
2551,09:33:51,250.85,0.05,1,25085,买盘
2552,09:33:47,250.8,-0.08,17,426360,卖盘
2553,09:33:42,250.88,-0.01,1,25088,买盘
2554,09:33:36,250.89,--,1,25089,买盘
2555,09:33:32,250.89,--,2,50178,买盘
2556,09:33:27,250.89,0.26,3,75267,中性盘
2557,09:33:21,250.63,-0.27,5,125315,卖盘
2558,09:33:17,250.9,--,6,150540,买盘
2559,09:33:12,250.9,0.12,4,100360,买盘
2560,09:33:06,250.78,--,8,200624,卖盘
2561,09:33:02,250.78,-0.15,31,777418,卖盘
2562,09:32:57,250.93,-0.06,13,326209,卖盘
2563,09:32:51,250.99,0.01,1,25099,买盘
2564,09:32:47,250.98,--,1,25098,买盘
2565,09:32:42,250.98,0.08,13,326274,买盘
2566,09:32:36,250.9,-0.03,12,301080,卖盘
2567,09:32:32,250.93,-0.05,6,150558,卖盘
2568,09:32:27,250.98,-0.01,6,150588,卖盘
2569,09:32:17,250.99,0.07,2,50198,买盘
2570,09:32:12,250.92,--,19,476748,卖盘
2571,09:32:02,250.92,0.17,18,451656,买盘
2572,09:31:57,250.75,0.38,4,100300,中性盘
2573,09:31:51,250.37,0.18,18,450666,买盘
2574,09:31:47,250.19,-0.02,30,750570,卖盘
2575,09:31:42,250.21,-0.5,1,25021,卖盘
2576,09:31:32,250.71,-0.18,1,25071,买盘
2577,09:31:27,250.89,0.7,13,326157,买盘
2578,09:31:16,250.19,--,4,100076,卖盘
2579,09:31:12,250.19,0.2,4,103328,买盘
2580,09:31:06,249.99,--,1,24999,卖盘
2581,09:31:01,249.99,-0.01,2,49998,中性盘
2582,09:30:57,250.0,--,6,150000,买盘
2583,09:30:46,250.0,0.4,12,300000,买盘
2584,09:30:41,249.6,-0.4,13,324480,卖盘
2585,09:30:36,250.0,--,1,25000,买盘
2586,09:30:31,250.0,--,1,25000,买盘
2587,09:30:25,250.0,--,9,225000,买盘
2588,09:30:16,250.0,--,15,375000,买盘
2589,09:30:11,250.0,0.21,35,875000,买盘
2590,09:30:06,249.79,-0.01,160,3996640,中性盘
2591,09:30:01,249.8,0.3,3,74940,买盘
2592,09:28:51,249.5,--,0,0,卖盘
2593,09:25:04,249.5,249.5,87,2170650,买盘
