,time,price,change,volume,amount,type
0,15:00:00,5.25,--,0,0,卖盘
1,15:00:00,5.25,--,0,0,卖盘
2,14:59:45,5.25,--,230,120750,买盘
3,14:59:41,5.25,--,14,7350,买盘
4,14:59:36,5.25,--,146,76650,买盘
5,14:59:30,5.25,--,391,205275,买盘
6,14:59:26,5.25,--,58,30450,买盘
7,14:59:21,5.25,--,167,87675,买盘
8,14:59:15,5.25,0.01,109,57225,买盘
9,14:59:11,5.24,-0.01,1028,538672,卖盘
10,14:59:06,5.25,0.01,31,16275,买盘
11,14:59:00,5.24,--,154,80696,卖盘
12,14:58:56,5.24,-0.01,9,4716,卖盘
13,14:58:51,5.25,--,132,69300,买盘
14,14:58:45,5.25,--,297,155925,买盘
15,14:58:36,5.25,--,9,4725,买盘
16,14:58:30,5.25,--,426,223650,买盘
17,14:58:26,5.25,--,1,525,买盘
18,14:58:21,5.25,--,377,197925,买盘
19,14:58:15,5.25,--,7,3675,买盘
20,14:58:11,5.25,0.01,13,6825,买盘
21,14:58:06,5.24,-0.01,100,52400,卖盘
22,14:58:00,5.25,--,292,153300,买盘
23,14:57:50,5.25,--,15,7875,买盘
24,14:57:45,5.25,0.01,44,23100,买盘
25,14:57:35,5.24,-0.01,54,28296,卖盘
26,14:57:30,5.25,--,1,525,买盘
27,14:57:20,5.25,--,8,4200,买盘
28,14:57:15,5.25,--,30,15750,买盘
29,14:57:09,5.25,0.01,184,96600,买盘
30,14:57:05,5.24,-0.01,380,199120,卖盘
31,14:56:50,5.25,--,181,95025,买盘
32,14:56:45,5.25,--,17,8925,买盘
33,14:56:39,5.25,0.01,35,18375,买盘
34,14:56:35,5.24,-0.01,96,50304,卖盘
35,14:56:30,5.25,--,193,101325,买盘
36,14:56:24,5.25,0.01,19,9975,买盘
37,14:56:20,5.24,--,509,266716,卖盘
38,14:56:15,5.24,--,50,26200,卖盘
39,14:56:05,5.24,--,5,2620,卖盘
40,14:55:54,5.24,-0.01,104,54496,卖盘
41,14:55:50,5.25,0.01,50,26250,买盘
42,14:55:45,5.24,--,1,524,卖盘
43,14:55:35,5.24,-0.01,256,134144,卖盘
44,14:55:30,5.25,0.01,359,188475,买盘
45,14:55:24,5.24,-0.01,13,6812,卖盘
46,14:55:20,5.25,--,10,5250,买盘
47,14:55:15,5.25,--,13,6825,买盘
48,14:55:09,5.25,0.01,1,525,买盘
49,14:54:39,5.24,--,132,69168,卖盘
50,14:54:35,5.24,--,20,10480,卖盘
51,14:54:30,5.24,--,0,5,卖盘
52,14:54:24,5.24,--,47,24628,卖盘
53,14:54:20,5.24,-0.01,356,186554,卖盘
54,14:54:15,5.25,0.01,48,25200,买盘
55,14:54:09,5.24,--,22,11538,卖盘
56,14:54:00,5.24,0.01,129,67601,中性盘
57,14:53:54,5.23,-0.01,116,60688,卖盘
58,14:53:50,5.24,--,20,10993,卖盘
59,14:53:45,5.24,0.01,334,175026,买盘
60,14:53:39,5.23,-0.01,151,78983,卖盘
61,14:53:35,5.24,0.01,16,8384,买盘
62,14:53:30,5.23,-0.01,316,165278,卖盘
63,14:53:24,5.24,--,221,115804,买盘
64,14:53:20,5.24,0.01,10,5240,买盘
65,14:53:15,5.23,-0.01,161,84213,卖盘
66,14:53:09,5.24,--,142,74418,买盘
67,14:53:05,5.24,--,9,4721,买盘
68,14:53:00,5.24,--,106,55544,买盘
69,14:52:54,5.24,--,595,312293,卖盘
70,14:52:50,5.24,0.01,0,10,中性盘
71,14:52:45,5.23,-0.01,312,163176,卖盘
72,14:52:39,5.24,--,21,11014,卖盘
73,14:52:35,5.24,--,142,74408,卖盘
74,14:52:30,5.24,--,329,172406,卖盘
75,14:52:24,5.24,-0.01,685,358940,卖盘
76,14:52:20,5.25,0.01,109,57235,买盘
77,14:52:15,5.24,-0.01,200,104810,卖盘
78,14:52:09,5.25,0.01,54,28350,买盘
79,14:52:05,5.24,-0.01,26,13624,卖盘
80,14:52:00,5.25,0.01,60,31505,买盘
81,14:51:45,5.24,-0.01,12,6298,卖盘
82,14:51:39,5.25,0.01,115,60385,买盘
83,14:51:34,5.24,--,40,20960,卖盘
84,14:51:30,5.24,-0.01,647,339038,卖盘
85,14:51:24,5.25,0.01,32,16800,买盘
86,14:51:20,5.24,--,0,10,卖盘
87,14:51:14,5.24,--,4,2096,卖盘
88,14:51:09,5.24,-0.01,28,14677,卖盘
89,14:51:04,5.25,--,25,13125,买盘
90,14:50:59,5.25,0.01,92,48310,买盘
91,14:50:54,5.24,--,315,165060,卖盘
92,14:50:49,5.24,--,6,3154,卖盘
93,14:50:44,5.24,--,549,287676,卖盘
94,14:50:39,5.24,--,29,15206,卖盘
95,14:50:33,5.24,-0.01,43,22532,卖盘
96,14:50:29,5.25,--,200,105010,买盘
97,14:50:24,5.25,0.01,38,19950,买盘
98,14:50:18,5.24,--,1031,540254,卖盘
99,14:50:14,5.24,--,660,345840,卖盘
100,14:50:09,5.24,--,45,23585,卖盘
101,14:50:03,5.24,-0.01,25,13100,卖盘
102,14:49:59,5.25,0.01,36,18910,买盘
103,14:49:54,5.24,--,28,14682,卖盘
104,14:49:48,5.24,--,18,9432,卖盘
105,14:49:44,5.24,--,25,13100,卖盘
106,14:49:39,5.24,--,230,120520,卖盘
107,14:49:33,5.24,--,47,24628,卖盘
108,14:49:29,5.24,-0.01,617,323308,卖盘
109,14:49:14,5.25,0.01,10,5250,买盘
110,14:49:09,5.24,--,345,180780,卖盘
111,14:49:03,5.24,--,74,38776,卖盘
112,14:48:59,5.24,--,6,3144,卖盘
113,14:48:54,5.24,--,24,12576,卖盘
114,14:48:48,5.24,--,20,10480,卖盘
115,14:48:44,5.24,--,12,6288,卖盘
116,14:48:39,5.24,-0.01,22,11528,卖盘
117,14:48:33,5.25,--,303,159075,买盘
118,14:48:29,5.25,0.01,86,45150,买盘
119,14:48:24,5.24,-0.01,20,10480,卖盘
120,14:48:14,5.25,--,139,72975,买盘
121,14:48:09,5.25,0.01,34,17850,买盘
122,14:48:03,5.24,--,25,13100,卖盘
123,14:47:59,5.24,--,254,133096,卖盘
124,14:47:54,5.24,-0.01,430,225320,卖盘
125,14:47:44,5.25,0.01,286,150150,买盘
126,14:47:39,5.24,--,22,11528,卖盘
127,14:47:33,5.24,--,103,53972,卖盘
128,14:47:29,5.24,--,8,4192,卖盘
129,14:47:24,5.24,-0.01,553,289772,卖盘
130,14:47:18,5.25,0.01,178,93450,买盘
131,14:47:14,5.24,--,1,524,卖盘
132,14:47:09,5.24,-0.01,342,179208,卖盘
133,14:47:03,5.25,0.01,196,102900,买盘
134,14:46:59,5.24,--,10,5240,卖盘
135,14:46:54,5.24,--,30,15720,卖盘
136,14:46:48,5.24,--,7,3668,卖盘
137,14:46:39,5.24,--,360,188640,卖盘
138,14:46:33,5.24,--,25,13100,卖盘
139,14:46:29,5.24,--,21,11004,卖盘
140,14:46:24,5.24,--,370,193880,卖盘
141,14:46:14,5.24,--,70,36680,卖盘
142,14:46:09,5.24,--,160,83840,卖盘
143,14:46:03,5.24,-0.01,730,382520,卖盘
144,14:45:54,5.25,0.01,95,49875,买盘
145,14:45:48,5.24,-0.01,949,497276,卖盘
146,14:45:39,5.25,0.01,748,392700,买盘
147,14:45:33,5.24,--,25,13100,卖盘
148,14:45:29,5.24,-0.01,836,438064,卖盘
149,14:45:24,5.25,0.01,105,55125,买盘
150,14:45:18,5.24,-0.01,650,340600,卖盘
151,14:45:13,5.25,0.01,13,6825,买盘
152,14:45:09,5.24,--,118,61832,卖盘
153,14:45:03,5.24,-0.01,669,350556,卖盘
154,14:44:54,5.25,--,634,332850,买盘
155,14:44:48,5.25,0.01,5,2625,买盘
156,14:44:43,5.24,-0.01,649,340076,卖盘
157,14:44:38,5.25,0.01,72,37800,买盘
158,14:44:33,5.24,--,590,309160,卖盘
159,14:44:27,5.24,-0.01,388,203312,卖盘
160,14:44:23,5.25,-0.01,621,326025,买盘
161,14:44:12,5.26,0.02,1973,1037798,买盘
162,14:44:08,5.24,--,803,420772,卖盘
163,14:44:03,5.24,--,499,261476,卖盘
164,14:43:57,5.24,-0.01,569,298156,卖盘
165,14:43:48,5.25,--,766,402150,买盘
166,14:43:42,5.25,--,3,1575,买盘
167,14:43:38,5.25,0.01,761,399525,买盘
168,14:43:33,5.24,--,169,88556,卖盘
169,14:43:23,5.24,-0.01,635,332740,卖盘
170,14:43:18,5.25,0.01,1082,568050,买盘
171,14:43:12,5.24,--,30,15720,卖盘
172,14:43:08,5.24,--,280,146720,卖盘
173,14:43:03,5.24,--,621,325404,卖盘
174,14:42:53,5.24,-0.01,727,380948,卖盘
175,14:42:48,5.25,0.01,139,72975,买盘
176,14:42:42,5.24,-0.01,615,322260,卖盘
177,14:42:38,5.25,0.01,54,28350,买盘
178,14:42:33,5.24,-0.01,946,495704,卖盘
179,14:42:27,5.25,--,10,5250,买盘
180,14:42:23,5.25,0.01,3,1575,买盘
181,14:42:18,5.24,--,624,326976,卖盘
182,14:42:12,5.24,--,34,17816,卖盘
183,14:42:08,5.24,--,937,490988,卖盘
184,14:42:03,5.24,--,184,96416,卖盘
185,14:41:57,5.24,-0.01,641,335884,卖盘
186,14:41:53,5.25,0.01,35,18375,买盘
187,14:41:48,5.24,-0.01,782,409768,卖盘
188,14:41:42,5.25,--,4,2100,买盘
189,14:41:38,5.25,0.01,2647,1389675,买盘
190,14:41:33,5.24,--,44,23056,卖盘
191,14:41:23,5.24,--,578,302872,卖盘
192,14:41:18,5.24,--,1938,1015512,卖盘
193,14:41:12,5.24,-0.01,620,324880,卖盘
194,14:41:07,5.25,0.01,457,239925,买盘
195,14:41:03,5.24,-0.01,636,333264,卖盘
196,14:40:57,5.25,0.02,441,231525,买盘
197,14:40:52,5.23,-0.02,639,334197,卖盘
198,14:40:48,5.25,0.01,2259,1185975,买盘
199,14:40:42,5.24,0.01,77,40348,买盘
200,14:40:38,5.23,--,931,486913,卖盘
201,14:40:33,5.23,-0.01,1549,810127,卖盘
202,14:40:27,5.24,--,670,351080,买盘
203,14:40:23,5.24,-0.01,995,521537,卖盘
204,14:40:18,5.25,--,918,481950,买盘
205,14:40:12,5.25,--,130,68250,买盘
206,14:40:07,5.25,0.01,717,376425,买盘
207,14:40:03,5.24,-0.01,119,62356,卖盘
208,14:39:57,5.25,--,730,383250,买盘
209,14:39:52,5.25,0.01,2149,1128225,买盘
210,14:39:48,5.24,-0.01,2577,1350557,卖盘
211,14:39:42,5.25,--,3,1575,买盘
212,14:39:37,5.25,0.01,61,32025,买盘
213,14:39:32,5.24,--,685,358940,卖盘
214,14:39:27,5.24,-0.01,651,341124,卖盘
215,14:39:22,5.25,0.01,3,1575,买盘
216,14:39:17,5.24,--,30,15720,卖盘
217,14:39:12,5.24,--,581,304444,卖盘
218,14:39:08,5.24,--,1,524,卖盘
219,14:39:02,5.24,--,1043,546532,卖盘
220,14:38:57,5.24,-0.01,191,100084,卖盘
221,14:38:52,5.25,0.01,584,306600,买盘
222,14:38:42,5.24,--,671,351604,卖盘
223,14:38:32,5.24,--,28,14672,卖盘
224,14:38:27,5.24,--,882,462168,卖盘
225,14:38:22,5.24,-0.01,115,60260,卖盘
226,14:38:18,5.25,--,729,382725,买盘
227,14:38:12,5.25,--,5,2625,买盘
228,14:38:07,5.25,0.01,595,312375,买盘
229,14:38:03,5.24,--,145,75980,卖盘
230,14:37:57,5.24,-0.01,602,315448,卖盘
231,14:37:52,5.25,0.01,87,45675,买盘
232,14:37:47,5.24,-0.01,1715,898660,卖盘
233,14:37:42,5.25,-0.01,209,109725,中性盘
234,14:37:36,5.26,0.02,125,65750,买盘
235,14:37:32,5.24,-0.01,1261,660764,卖盘
236,14:37:27,5.25,0.01,1983,1041075,买盘
237,14:37:21,5.24,--,666,348984,卖盘
238,14:37:17,5.24,--,30,15720,卖盘
239,14:37:12,5.24,--,699,366276,卖盘
240,14:37:06,5.24,--,0,0,卖盘
241,14:37:02,5.24,-0.01,1282,671768,卖盘
242,14:36:57,5.25,-0.01,35,18375,卖盘
243,14:36:51,5.26,0.02,43,22618,买盘
244,14:36:47,5.24,--,694,363656,卖盘
245,14:36:42,5.24,-0.01,906,474744,卖盘
246,14:36:36,5.25,-0.01,164,86100,卖盘
247,14:36:32,5.26,0.01,229,120454,买盘
248,14:36:27,5.25,--,985,517125,卖盘
249,14:36:21,5.25,--,83,43575,卖盘
250,14:36:17,5.25,--,997,523425,卖盘
251,14:36:12,5.25,--,742,389550,卖盘
252,14:36:06,5.25,--,576,302400,卖盘
253,14:36:02,5.25,--,605,317625,卖盘
254,14:35:57,5.25,--,1237,649692,卖盘
255,14:35:51,5.25,--,326,171150,卖盘
256,14:35:47,5.25,--,143,75075,卖盘
257,14:35:42,5.25,--,965,506625,卖盘
258,14:35:36,5.25,--,210,110250,卖盘
259,14:35:32,5.25,-0.01,982,515550,卖盘
260,14:35:27,5.26,--,48,25248,买盘
261,14:35:21,5.26,--,757,398182,买盘
262,14:35:17,5.26,--,61,32086,买盘
263,14:35:12,5.26,0.01,701,368726,买盘
264,14:35:02,5.25,-0.01,988,518700,卖盘
265,14:34:57,5.26,--,15,7890,买盘
266,14:34:51,5.26,0.01,4,2104,买盘
267,14:34:47,5.25,-0.01,672,352800,卖盘
268,14:34:42,5.26,0.01,3,1578,买盘
269,14:34:36,5.25,--,596,312900,卖盘
270,14:34:32,5.25,--,35,18375,卖盘
271,14:34:27,5.25,-0.01,602,316050,卖盘
272,14:34:21,5.26,--,3,1578,买盘
273,14:34:17,5.26,--,649,341374,买盘
274,14:34:12,5.26,--,5,2630,买盘
275,14:34:06,5.26,0.01,10,5260,买盘
276,14:34:02,5.25,--,683,358575,卖盘
277,14:33:57,5.25,-0.01,624,327600,卖盘
278,14:33:51,5.26,0.01,10,5260,买盘
279,14:33:47,5.25,--,14,7350,卖盘
280,14:33:42,5.25,-0.01,767,402675,卖盘
281,14:33:36,5.26,0.01,1,526,买盘
282,14:33:32,5.25,-0.01,615,322875,卖盘
283,14:33:21,5.26,--,643,338218,买盘
284,14:33:16,5.26,0.01,1,526,买盘
285,14:33:12,5.25,-0.01,740,388500,卖盘
286,14:33:06,5.26,--,131,68906,买盘
287,14:33:01,5.26,0.01,34,17884,买盘
288,14:32:57,5.25,-0.01,633,332325,卖盘
289,14:32:51,5.26,0.01,1027,540202,买盘
290,14:32:46,5.25,-0.01,49,25725,卖盘
291,14:32:41,5.26,--,4,2104,买盘
292,14:32:36,5.26,--,695,365570,买盘
293,14:32:31,5.26,0.01,3,1578,买盘
294,14:32:26,5.25,-0.01,639,335475,卖盘
295,14:32:21,5.26,--,396,208296,买盘
296,14:32:16,5.26,--,734,386084,买盘
297,14:32:11,5.26,0.01,65,34190,买盘
298,14:32:06,5.25,-0.01,686,360150,卖盘
299,14:32:01,5.26,--,93,48918,买盘
300,14:31:56,5.26,0.01,310,163060,买盘
301,14:31:51,5.25,--,580,304500,卖盘
302,14:31:41,5.25,-0.01,646,339150,卖盘
303,14:31:36,5.26,--,45,23670,买盘
304,14:31:31,5.26,--,597,314022,买盘
305,14:31:26,5.26,--,5,2630,买盘
306,14:31:21,5.26,0.01,638,335588,买盘
307,14:31:16,5.25,-0.01,29,15225,卖盘
308,14:31:11,5.26,0.01,623,327698,买盘
309,14:31:06,5.25,-0.01,35,18375,卖盘
310,14:31:01,5.26,--,13,6838,买盘
311,14:30:56,5.26,--,200,105200,买盘
312,14:30:51,5.26,0.01,3,1578,买盘
313,14:30:46,5.25,--,30,15750,卖盘
314,14:30:41,5.25,-0.01,162,85050,卖盘
315,14:30:36,5.26,--,54,28404,买盘
316,14:30:30,5.26,-0.01,156,82056,卖盘
317,14:30:26,5.27,--,660,347820,买盘
318,14:30:21,5.27,0.01,4,2108,买盘
319,14:30:15,5.26,--,15,7890,卖盘
320,14:30:11,5.26,--,62,32612,卖盘
321,14:30:06,5.26,-0.01,26,13676,卖盘
322,14:30:00,5.27,0.01,51,26876,买盘
323,14:29:56,5.26,-0.01,48,25248,卖盘
324,14:29:51,5.27,0.01,4,2108,买盘
325,14:29:45,5.26,-0.01,2003,1053578,卖盘
326,14:29:41,5.27,0.01,3,1580,买盘
327,14:29:36,5.26,-0.01,38,19988,卖盘
328,14:29:30,5.27,0.01,24,12647,买盘
329,14:29:26,5.26,-0.01,34,17884,卖盘
330,14:29:21,5.27,0.02,128,67456,买盘
331,14:29:15,5.25,-0.01,84,44100,卖盘
332,14:29:11,5.26,0.01,5,2630,买盘
333,14:29:06,5.25,--,39,20475,卖盘
334,14:29:00,5.25,--,14,7350,卖盘
335,14:28:56,5.25,-0.01,65,34125,卖盘
336,14:28:51,5.26,--,3,1578,买盘
337,14:28:45,5.26,--,231,121506,买盘
338,14:28:41,5.26,0.01,1354,712204,买盘
339,14:28:36,5.25,-0.01,352,184800,卖盘
340,14:28:30,5.26,0.01,63,33138,买盘
341,14:28:26,5.25,--,30,15750,卖盘
342,14:28:21,5.25,--,628,329700,卖盘
343,14:28:11,5.25,--,94,49350,卖盘
344,14:28:06,5.25,-0.02,117,61425,卖盘
345,14:28:00,5.27,0.01,165,86955,买盘
346,14:27:56,5.26,--,5172,2720472,卖盘
347,14:27:51,5.26,--,13,6838,卖盘
348,14:27:45,5.26,-0.01,60,31560,卖盘
349,14:27:41,5.27,0.01,10,5270,买盘
350,14:27:36,5.26,--,26,13676,卖盘
351,14:27:30,5.26,--,487,256162,卖盘
352,14:27:26,5.26,--,137,72062,卖盘
353,14:27:21,5.26,--,232,122032,卖盘
354,14:27:15,5.26,--,340,178840,卖盘
355,14:27:11,5.26,--,66,34716,卖盘
356,14:27:06,5.26,--,37,19462,卖盘
357,14:27:00,5.26,--,14,7364,卖盘
358,14:26:56,5.26,-0.01,80,42080,卖盘
359,14:26:51,5.27,0.01,25,13174,买盘
360,14:26:45,5.26,--,173,90998,卖盘
361,14:26:41,5.26,--,476,250376,卖盘
362,14:26:35,5.26,-0.01,116,61016,卖盘
363,14:26:30,5.27,0.01,3,1580,买盘
364,14:26:26,5.26,-0.01,516,271416,卖盘
365,14:26:21,5.27,0.01,3,1580,买盘
366,14:26:11,5.26,--,114,59964,卖盘
367,14:26:05,5.26,--,90,47340,卖盘
368,14:26:00,5.26,--,13,6838,卖盘
369,14:25:56,5.26,--,34,17884,卖盘
370,14:25:50,5.26,--,18,9468,卖盘
371,14:25:45,5.26,--,42,22092,卖盘
372,14:25:41,5.26,--,34,17884,卖盘
373,14:25:35,5.26,--,24,12624,卖盘
374,14:25:30,5.26,--,807,424482,卖盘
375,14:25:20,5.26,-0.01,264,138864,卖盘
376,14:25:15,5.27,0.01,163,85901,买盘
377,14:25:10,5.26,-0.01,91,47866,卖盘
378,14:25:05,5.27,0.01,40,21080,买盘
379,14:25:00,5.26,-0.01,97,51022,卖盘
380,14:24:55,5.27,--,5,2635,买盘
381,14:24:51,5.27,--,6,3161,买盘
382,14:24:45,5.27,--,48,25295,买盘
383,14:24:40,5.27,0.01,7,3688,买盘
384,14:24:35,5.26,-0.01,247,129922,卖盘
385,14:24:30,5.27,0.01,23,12120,买盘
386,14:24:25,5.26,-0.01,204,107304,卖盘
387,14:24:21,5.27,--,16,8432,买盘
388,14:24:15,5.27,0.01,30,15809,买盘
389,14:24:10,5.26,--,7,3682,卖盘
390,14:24:05,5.26,--,104,54704,卖盘
391,14:24:00,5.26,-0.01,131,68906,卖盘
392,14:23:50,5.27,0.01,22,11593,买盘
393,14:23:45,5.26,-0.01,284,149384,卖盘
394,14:23:40,5.27,0.01,13,6850,买盘
395,14:23:35,5.26,-0.01,229,120454,卖盘
396,14:23:30,5.27,--,155,81685,买盘
397,14:23:20,5.27,--,4,2108,买盘
398,14:23:15,5.27,--,192,101183,买盘
399,14:23:09,5.27,0.01,23,12120,买盘
400,14:23:05,5.26,--,193,101518,卖盘
401,14:23:00,5.26,-0.01,369,194094,卖盘
402,14:22:54,5.27,0.01,202,106453,买盘
403,14:22:50,5.26,--,368,193941,卖盘
404,14:22:45,5.26,-0.01,315,165690,卖盘
405,14:22:39,5.27,0.01,24,12647,买盘
406,14:22:35,5.26,-0.01,155,81530,卖盘
407,14:22:30,5.27,0.01,36,18972,买盘
408,14:22:20,5.26,--,69,36294,卖盘
409,14:22:15,5.26,--,32,16832,卖盘
410,14:22:09,5.26,--,216,113616,卖盘
411,14:22:05,5.26,--,24,12624,卖盘
412,14:22:00,5.26,-0.01,14,7364,卖盘
413,14:21:54,5.27,--,100,52699,买盘
414,14:21:50,5.27,0.01,285,150195,买盘
415,14:21:44,5.26,--,30,15780,卖盘
416,14:21:39,5.26,--,15,7890,卖盘
417,14:21:35,5.26,-0.01,35,18410,卖盘
418,14:21:29,5.27,--,3,1580,买盘
419,14:21:20,5.27,0.01,4,2108,买盘
420,14:21:14,5.26,-0.01,31,16306,卖盘
421,14:21:09,5.27,0.01,3,1580,买盘
422,14:21:05,5.26,--,760,399760,卖盘
423,14:20:59,5.26,--,87,45762,卖盘
424,14:20:54,5.26,-0.01,1,526,卖盘
425,14:20:50,5.27,0.01,44,23187,买盘
426,14:20:44,5.26,-0.01,237,124662,卖盘
427,14:20:39,5.27,0.01,23,12120,买盘
428,14:20:35,5.26,--,24,12624,卖盘
429,14:20:29,5.26,-0.01,56,29456,卖盘
430,14:20:24,5.27,--,1,527,买盘
431,14:20:20,5.27,0.01,3,1580,买盘
432,14:20:14,5.26,--,88,46288,卖盘
433,14:20:09,5.26,--,45,23670,卖盘
434,14:20:05,5.26,--,51,26826,卖盘
435,14:19:59,5.26,-0.01,97,51022,卖盘
436,14:19:54,5.27,--,100,52699,买盘
437,14:19:50,5.27,--,4,2108,买盘
438,14:19:44,5.27,--,393,207110,买盘
439,14:19:39,5.27,0.01,3,1580,买盘
440,14:19:35,5.26,-0.01,220,115720,卖盘
441,14:19:29,5.27,--,502,264554,买盘
442,14:19:24,5.27,0.01,52,27403,买盘
443,14:19:20,5.26,-0.01,88,46288,卖盘
444,14:19:14,5.27,0.01,132,69564,买盘
445,14:19:09,5.26,-0.01,84,44184,卖盘
446,14:19:04,5.27,0.01,854,450057,买盘
447,14:18:59,5.26,--,832,437632,卖盘
448,14:18:50,5.26,--,217,114142,卖盘
449,14:18:44,5.26,-0.01,530,278780,卖盘
450,14:18:39,5.27,0.01,1218,641886,买盘
451,14:18:35,5.26,--,56,29456,卖盘
452,14:18:29,5.26,-0.01,173,90998,卖盘
453,14:18:19,5.27,--,194,102237,买盘
454,14:18:14,5.27,0.01,643,338861,买盘
455,14:18:09,5.26,-0.01,262,137812,卖盘
456,14:18:05,5.27,0.01,150,79050,买盘
457,14:17:59,5.26,-0.01,30,15780,卖盘
458,14:17:49,5.27,0.01,41,21607,买盘
459,14:17:44,5.26,-0.01,215,113090,卖盘
460,14:17:39,5.27,0.01,174,91697,买盘
461,14:17:34,5.26,-0.01,255,134130,卖盘
462,14:17:29,5.27,--,508,267716,买盘
463,14:17:24,5.27,--,51,26876,买盘
464,14:17:19,5.27,--,213,112250,买盘
465,14:17:14,5.27,--,504,265608,买盘
466,14:17:09,5.27,0.01,199,104872,买盘
467,14:17:04,5.26,--,56,29456,卖盘
468,14:16:59,5.26,-0.01,64,33664,卖盘
469,14:16:54,5.27,--,120,63239,买盘
470,14:16:49,5.27,0.01,17,8959,买盘
471,14:16:44,5.26,--,234,123084,卖盘
472,14:16:39,5.26,-0.01,150,78900,卖盘
473,14:16:34,5.27,0.01,1979,1042932,买盘
474,14:16:29,5.26,--,111,58386,卖盘
475,14:16:24,5.26,--,1,526,卖盘
476,14:16:18,5.26,--,154,81004,卖盘
477,14:16:14,5.26,-0.01,49,25774,卖盘
478,14:16:09,5.27,0.01,365,192354,买盘
479,14:16:04,5.26,--,319,167794,卖盘
480,14:15:59,5.26,-0.01,168,88368,卖盘
481,14:15:54,5.27,--,318,167586,买盘
482,14:15:48,5.27,0.01,3,1580,买盘
483,14:15:44,5.26,-0.01,150,78900,卖盘
484,14:15:39,5.27,0.01,227,119628,买盘
485,14:15:33,5.26,--,104,54704,卖盘
486,14:15:29,5.26,--,468,246168,卖盘
487,14:15:24,5.26,--,1074,564924,买盘
488,14:15:18,5.26,--,23,12098,买盘
489,14:15:14,5.26,--,212,111512,买盘
490,14:15:09,5.26,0.01,111,58386,买盘
491,14:15:03,5.25,--,95,49875,卖盘
492,14:14:59,5.25,-0.01,117,61425,卖盘
493,14:14:54,5.26,--,261,137286,买盘
494,14:14:48,5.26,0.01,3,1578,买盘
495,14:14:44,5.25,--,153,80325,卖盘
496,14:14:38,5.25,-0.01,210,110250,卖盘
497,14:14:33,5.26,--,69,36294,买盘
498,14:14:29,5.26,--,129,67854,买盘
499,14:14:23,5.26,-0.01,121,63646,中性盘
500,14:14:18,5.27,0.02,230,121209,买盘
501,14:14:14,5.25,-0.02,705,370125,卖盘
502,14:14:08,5.27,0.02,622,327794,买盘
503,14:14:03,5.25,--,28,14700,卖盘
504,14:13:58,5.25,--,188,98700,卖盘
505,14:13:53,5.25,-0.02,739,387975,卖盘
506,14:13:48,5.27,0.02,86,45321,买盘
507,14:13:43,5.25,-0.01,186,97650,卖盘
508,14:13:38,5.26,--,39,20514,卖盘
509,14:13:33,5.26,0.01,331,174106,买盘
510,14:13:28,5.25,-0.01,24,12600,卖盘
511,14:13:23,5.26,--,369,194094,买盘
512,14:13:18,5.26,0.01,34,17884,买盘
513,14:13:13,5.25,-0.01,181,95025,卖盘
514,14:13:08,5.26,--,38,19988,买盘
515,14:13:03,5.26,0.01,29,15254,买盘
516,14:12:58,5.25,--,129,67725,卖盘
517,14:12:53,5.25,--,193,101325,卖盘
518,14:12:48,5.25,-0.01,104,54600,卖盘
519,14:12:43,5.26,--,19,9994,买盘
520,14:12:38,5.26,0.01,417,219342,买盘
521,14:12:33,5.25,-0.01,28,14700,卖盘
522,14:12:28,5.26,--,372,195672,买盘
523,14:12:23,5.26,--,98,51548,买盘
524,14:12:18,5.26,0.01,83,43658,买盘
525,14:12:13,5.25,-0.01,135,70875,卖盘
526,14:12:08,5.26,0.01,192,100992,买盘
527,14:11:58,5.25,--,45,23625,卖盘
528,14:11:53,5.25,-0.02,115,60375,卖盘
529,14:11:48,5.27,--,13,6850,买盘
530,14:11:43,5.27,0.01,2154,1135158,买盘
531,14:11:38,5.26,--,28,14728,买盘
532,14:11:33,5.26,--,120,63120,买盘
533,14:11:28,5.26,0.01,24,12624,买盘
534,14:11:23,5.25,-0.01,115,60375,卖盘
535,14:11:18,5.26,--,4,2104,买盘
536,14:11:13,5.26,0.01,105,55230,买盘
537,14:11:08,5.25,-0.01,148,77700,卖盘
538,14:11:03,5.26,0.01,55,28930,买盘
539,14:10:58,5.25,-0.01,241,126525,卖盘
540,14:10:53,5.26,--,1,526,买盘
541,14:10:48,5.26,--,106,55756,买盘
542,14:10:43,5.26,--,140,73640,买盘
543,14:10:38,5.26,--,203,106778,买盘
544,14:10:28,5.26,--,149,78374,买盘
545,14:10:23,5.26,--,35,18410,中性盘
546,14:10:18,5.26,--,30,15780,卖盘
547,14:10:13,5.26,-0.01,158,83108,卖盘
548,14:10:08,5.27,0.02,65,34255,买盘
549,14:10:03,5.25,-0.02,121,63525,卖盘
550,14:09:58,5.27,0.02,4,2108,买盘
551,14:09:53,5.25,-0.02,108,56700,卖盘
552,14:09:48,5.27,0.01,207,109088,买盘
553,14:09:43,5.26,-0.01,264,138864,卖盘
554,14:09:38,5.27,0.01,16,8432,买盘
555,14:09:33,5.26,-0.01,137,72062,卖盘
556,14:09:27,5.27,0.02,3,1580,买盘
557,14:09:23,5.25,-0.02,106,55650,卖盘
558,14:09:18,5.27,--,313,164951,买盘
559,14:09:12,5.27,0.02,6,3161,买盘
560,14:09:08,5.25,-0.01,131,68775,卖盘
561,14:09:03,5.26,-0.01,11,5786,中性盘
562,14:08:57,5.27,--,178,93805,买盘
563,14:08:48,5.27,0.02,111,58496,买盘
564,14:08:42,5.25,--,0,0,卖盘
565,14:08:38,5.25,-0.01,632,331800,卖盘
566,14:08:33,5.26,--,174,91524,买盘
567,14:08:27,5.26,--,126,66276,卖盘
568,14:08:23,5.26,-0.01,176,92576,卖盘
569,14:08:18,5.27,--,109,57442,买盘
570,14:08:12,5.27,0.01,52,27403,买盘
571,14:08:08,5.26,--,30,15780,卖盘
572,14:08:03,5.26,--,262,137812,买盘
573,14:07:57,5.26,0.01,327,172002,买盘
574,14:07:53,5.25,-0.01,115,60375,卖盘
575,14:07:47,5.26,0.01,3,1578,买盘
576,14:07:42,5.25,-0.01,107,56175,卖盘
577,14:07:38,5.26,0.01,28,14728,买盘
578,14:07:32,5.25,-0.01,102,53550,卖盘
579,14:07:27,5.26,--,3,1578,买盘
580,14:07:23,5.26,0.01,102,53652,中性盘
581,14:07:17,5.25,-0.02,227,119175,卖盘
582,14:07:08,5.27,0.01,386,203421,买盘
583,14:07:02,5.26,--,20,10520,买盘
584,14:06:57,5.26,0.01,105,55230,中性盘
585,14:06:53,5.25,-0.01,472,247800,卖盘
586,14:06:47,5.26,--,507,266682,买盘
587,14:06:42,5.26,--,20,10520,买盘
588,14:06:38,5.26,0.01,118,62068,买盘
589,14:06:32,5.25,-0.02,94,49864,卖盘
590,14:06:27,5.27,0.01,1977,1041878,买盘
591,14:06:22,5.26,--,191,100466,买盘
592,14:06:17,5.26,0.01,103,54178,买盘
593,14:06:12,5.25,-0.01,122,64050,卖盘
594,14:06:07,5.26,0.01,28,14728,买盘
595,14:06:02,5.25,-0.01,127,66675,卖盘
596,14:05:57,5.26,--,3,1578,买盘
597,14:05:52,5.26,--,162,85212,买盘
598,14:05:47,5.26,0.01,41,21566,买盘
599,14:05:37,5.25,--,147,77175,卖盘
600,14:05:32,5.25,-0.01,150,78750,卖盘
601,14:05:27,5.26,--,67,35242,买盘
602,14:05:22,5.26,--,78,41028,买盘
603,14:05:17,5.26,--,136,71536,买盘
604,14:05:12,5.26,--,2,1052,买盘
605,14:05:07,5.26,0.01,212,111512,买盘
606,14:05:02,5.25,-0.01,38,19950,卖盘
607,14:04:57,5.26,--,126,66276,买盘
608,14:04:47,5.26,--,136,71536,买盘
609,14:04:37,5.26,0.01,28,14728,买盘
610,14:04:32,5.25,-0.01,252,132300,卖盘
611,14:04:27,5.26,0.01,3,1578,买盘
612,14:04:22,5.25,--,235,123375,卖盘
613,14:04:17,5.25,-0.01,5,2625,卖盘
614,14:04:12,5.26,--,179,94154,买盘
615,14:04:07,5.26,0.01,28,14728,买盘
616,14:04:02,5.25,-0.01,263,138075,卖盘
617,14:03:57,5.26,0.01,3,1578,买盘
618,14:03:52,5.25,-0.01,125,65625,卖盘
619,14:03:47,5.26,0.01,133,69958,买盘
620,14:03:42,5.25,--,23,12075,卖盘
621,14:03:37,5.25,-0.01,263,138075,卖盘
622,14:03:32,5.26,0.01,148,77848,买盘
623,14:03:27,5.25,-0.01,110,57750,卖盘
624,14:03:17,5.26,--,106,55756,买盘
625,14:03:12,5.26,--,2,1052,买盘
626,14:03:07,5.26,0.01,138,72588,买盘
627,14:03:02,5.25,-0.01,213,111825,卖盘
628,14:02:57,5.26,0.01,3,1578,买盘
629,14:02:52,5.25,--,118,61950,卖盘
630,14:02:47,5.25,-0.01,144,75600,卖盘
631,14:02:37,5.26,0.01,39,20514,买盘
632,14:02:32,5.25,-0.01,128,67200,卖盘
633,14:02:27,5.26,--,3,1578,买盘
634,14:02:22,5.26,--,340,178840,买盘
635,14:02:17,5.26,--,3,1578,买盘
636,14:02:12,5.26,0.01,52,27352,买盘
637,14:02:07,5.25,--,191,100275,卖盘
638,14:02:02,5.25,--,10,5250,卖盘
639,14:01:57,5.25,-0.01,181,95025,卖盘
640,14:01:47,5.26,--,135,71010,买盘
641,14:01:42,5.26,0.01,28,14728,买盘
642,14:01:36,5.25,-0.01,140,73500,卖盘
643,14:01:27,5.26,--,506,266156,买盘
644,14:01:17,5.26,--,126,66276,买盘
645,14:01:11,5.26,0.01,126,66276,买盘
646,14:01:06,5.25,--,25,13125,卖盘
647,14:01:02,5.25,-0.01,121,63525,卖盘
648,14:00:56,5.26,--,429,225654,买盘
649,14:00:47,5.26,0.01,53,27878,买盘
650,14:00:42,5.25,--,111,58275,卖盘
651,14:00:36,5.25,--,25,13125,卖盘
652,14:00:32,5.25,-0.01,427,224175,卖盘
653,14:00:27,5.26,0.01,4,2104,买盘
654,14:00:21,5.25,-0.01,101,53025,卖盘
655,14:00:17,5.26,--,60,31560,买盘
656,14:00:11,5.26,--,121,63646,买盘
657,14:00:06,5.26,0.01,28,14728,买盘
658,14:00:02,5.25,--,21,11025,卖盘
659,13:59:56,5.25,-0.01,185,97125,卖盘
660,13:59:47,5.26,0.01,126,66276,买盘
661,13:59:41,5.25,--,37,19425,卖盘
662,13:59:36,5.25,-0.01,133,69825,卖盘
663,13:59:32,5.26,--,39,20514,买盘
664,13:59:26,5.26,--,287,150962,买盘
665,13:59:21,5.26,--,263,138338,买盘
666,13:59:17,5.26,--,140,73640,买盘
667,13:59:11,5.26,--,5,2630,买盘
668,13:59:06,5.26,0.01,36,18936,买盘
669,13:59:02,5.25,-0.01,138,72450,卖盘
670,13:58:56,5.26,0.01,3,1578,买盘
671,13:58:51,5.25,-0.01,117,61425,卖盘
672,13:58:46,5.26,0.01,3,1578,买盘
673,13:58:41,5.25,-0.01,260,136500,卖盘
674,13:58:36,5.26,0.01,28,14728,买盘
675,13:58:32,5.25,-0.01,118,61950,卖盘
676,13:58:26,5.26,0.01,4,2104,买盘
677,13:58:16,5.25,-0.01,118,61950,卖盘
678,13:58:11,5.26,0.01,6,3156,买盘
679,13:58:06,5.25,--,197,103425,卖盘
680,13:58:01,5.25,-0.01,11,5775,卖盘
681,13:57:56,5.26,--,163,85738,买盘
682,13:57:46,5.26,--,126,66276,买盘
683,13:57:41,5.26,--,2,1052,买盘
684,13:57:36,5.26,--,142,74692,买盘
685,13:57:26,5.26,--,120,63120,买盘
686,13:57:16,5.26,0.01,15,7890,买盘
687,13:57:11,5.25,--,119,62475,卖盘
688,13:57:06,5.25,--,113,59325,卖盘
689,13:57:01,5.25,-0.02,200,105000,卖盘
690,13:56:56,5.27,0.02,28,14755,买盘
691,13:56:51,5.25,--,106,55650,卖盘
692,13:56:46,5.25,-0.02,44,23100,卖盘
693,13:56:41,5.27,0.01,2086,1099322,买盘
694,13:56:36,5.26,0.01,27,14202,买盘
695,13:56:31,5.25,-0.01,295,154875,卖盘
696,13:56:26,5.26,--,5,2630,买盘
697,13:56:21,5.26,--,38,19988,买盘
698,13:56:16,5.26,0.01,702,369252,买盘
699,13:56:11,5.25,--,9,4725,卖盘
700,13:56:06,5.25,--,181,95025,卖盘
701,13:56:01,5.25,-0.01,16,8400,卖盘
702,13:55:56,5.26,--,124,65224,买盘
703,13:55:51,5.26,--,4,2104,买盘
704,13:55:46,5.26,0.01,609,320334,买盘
705,13:55:41,5.25,--,51,26775,卖盘
706,13:55:36,5.25,--,40,21000,卖盘
707,13:55:31,5.25,-0.01,112,58800,卖盘
708,13:55:26,5.26,--,152,79952,买盘
709,13:55:21,5.26,--,20,10520,买盘
710,13:55:16,5.26,0.01,25,13150,买盘
711,13:55:11,5.25,-0.01,201,105525,卖盘
712,13:55:06,5.26,--,37,19462,买盘
713,13:55:01,5.26,--,198,104148,买盘
714,13:54:56,5.26,0.01,33,17358,买盘
715,13:54:51,5.25,-0.01,107,56175,卖盘
716,13:54:46,5.26,--,6,3156,买盘
717,13:54:41,5.26,0.01,647,340322,中性盘
718,13:54:36,5.25,-0.01,25,13125,卖盘
719,13:54:31,5.26,0.01,13,6838,中性盘
720,13:54:26,5.25,-0.01,537,281925,卖盘
721,13:54:21,5.26,-0.01,110,57860,卖盘
722,13:54:11,5.27,0.02,87,45848,买盘
723,13:54:06,5.25,-0.01,139,72975,卖盘
724,13:54:00,5.26,-0.01,120,63120,卖盘
725,13:53:56,5.27,0.01,213,112630,买盘
726,13:53:50,5.26,--,256,134656,买盘
727,13:53:45,5.26,--,118,62068,买盘
728,13:53:41,5.26,--,18,9468,买盘
729,13:53:35,5.26,--,244,128344,买盘
730,13:53:30,5.26,-0.01,293,154265,卖盘
731,13:53:26,5.27,0.01,19,10013,买盘
732,13:53:20,5.26,--,115,60490,卖盘
733,13:53:11,5.26,0.01,632,332810,买盘
734,13:53:05,5.25,-0.01,24,12600,卖盘
735,13:53:00,5.26,--,299,157274,买盘
736,13:52:56,5.26,0.01,13,6838,买盘
737,13:52:50,5.25,-0.01,113,59325,卖盘
738,13:52:41,5.26,--,139,73114,买盘
739,13:52:35,5.26,--,84,44184,买盘
740,13:52:26,5.26,--,115,60490,买盘
741,13:52:20,5.26,0.01,81,42606,买盘
742,13:52:15,5.25,-0.01,139,72975,卖盘
743,13:52:10,5.26,--,14,7364,买盘
744,13:52:05,5.26,--,157,82582,买盘
745,13:52:00,5.26,--,35,18410,买盘
746,13:51:56,5.26,--,178,93628,买盘
747,13:51:50,5.26,0.01,93,48918,买盘
748,13:51:45,5.25,--,40,21000,卖盘
749,13:51:40,5.25,--,269,141225,卖盘
750,13:51:35,5.25,--,68,35700,卖盘
751,13:51:30,5.25,-0.01,133,69825,卖盘
752,13:51:25,5.26,0.01,33,17358,买盘
753,13:51:20,5.25,-0.01,107,56175,卖盘
754,13:51:15,5.26,--,7,3682,买盘
755,13:51:11,5.26,--,123,64698,买盘
756,13:51:05,5.26,--,220,115720,买盘
757,13:51:00,5.26,0.01,141,74166,买盘
758,13:50:56,5.25,-0.01,120,63000,卖盘
759,13:50:50,5.26,0.01,118,62068,买盘
760,13:50:40,5.25,--,128,67200,卖盘
761,13:50:35,5.25,-0.01,261,137025,卖盘
762,13:50:30,5.26,0.01,12,6312,买盘
763,13:50:25,5.25,-0.02,145,76125,卖盘
764,13:50:20,5.27,0.02,3,1580,买盘
765,13:50:15,5.25,-0.01,102,53550,卖盘
766,13:50:10,5.26,--,259,136234,卖盘
767,13:50:05,5.26,--,654,344004,卖盘
768,13:50:00,5.26,--,390,205140,卖盘
769,13:49:55,5.26,--,759,399234,卖盘
770,13:49:50,5.26,--,690,362940,卖盘
771,13:49:40,5.26,-0.01,101,53126,卖盘
772,13:49:35,5.27,0.01,33,17391,买盘
773,13:49:30,5.26,-0.01,114,59964,卖盘
774,13:49:25,5.27,--,3,1580,买盘
775,13:49:20,5.27,--,161,84847,买盘
776,13:49:15,5.27,0.01,5,2635,买盘
777,13:49:10,5.26,--,133,69958,卖盘
778,13:49:05,5.26,--,365,191990,卖盘
779,13:49:00,5.26,--,20,10520,卖盘
780,13:48:55,5.26,-0.01,151,79426,卖盘
781,13:48:50,5.27,0.01,7,3688,买盘
782,13:48:45,5.26,--,117,61542,卖盘
783,13:48:40,5.26,-0.01,43,22618,卖盘
784,13:48:35,5.27,--,153,80631,买盘
785,13:48:30,5.27,--,38,20026,买盘
786,13:48:25,5.27,0.01,180,94859,买盘
787,13:48:20,5.26,--,28,14728,买盘
788,13:48:15,5.26,--,2,1052,买盘
789,13:48:10,5.26,-0.01,132,69432,中性盘
790,13:48:05,5.27,0.02,166,87482,买盘
791,13:48:00,5.25,-0.02,41,21525,卖盘
792,13:47:55,5.27,0.02,81,42687,买盘
793,13:47:50,5.25,--,131,68775,卖盘
794,13:47:45,5.25,--,0,0,卖盘
795,13:47:40,5.25,-0.01,125,65625,卖盘
796,13:47:35,5.26,-0.01,96,50496,卖盘
797,13:47:30,5.27,0.01,151,79577,买盘
798,13:47:25,5.26,--,54,28404,卖盘
799,13:47:20,5.26,-0.01,110,57860,卖盘
800,13:47:15,5.27,--,610,321470,买盘
801,13:47:10,5.27,0.01,220,115939,买盘
802,13:47:05,5.26,-0.01,217,114142,卖盘
803,13:47:00,5.27,--,75,39525,买盘
804,13:46:55,5.27,0.01,428,225555,买盘
805,13:46:50,5.26,--,17,8942,卖盘
806,13:46:44,5.26,--,119,62594,卖盘
807,13:46:40,5.26,-0.01,49,25774,卖盘
808,13:46:35,5.27,0.01,147,77469,买盘
809,13:46:29,5.26,--,297,156222,卖盘
810,13:46:24,5.26,--,123,64698,卖盘
811,13:46:20,5.26,--,483,254058,卖盘
812,13:46:14,5.26,-0.01,160,84160,卖盘
813,13:46:09,5.27,--,2,1054,买盘
814,13:46:05,5.27,0.01,40,21080,买盘
815,13:45:59,5.26,-0.01,143,75218,卖盘
816,13:45:54,5.27,0.01,17,8959,买盘
817,13:45:50,5.26,--,173,90998,卖盘
818,13:45:44,5.26,--,2,1052,卖盘
819,13:45:39,5.26,-0.01,117,61542,卖盘
820,13:45:34,5.27,0.01,34,17918,买盘
821,13:45:29,5.26,--,133,69958,卖盘
822,13:45:20,5.26,--,123,64698,买盘
823,13:45:14,5.26,--,250,131500,买盘
824,13:45:09,5.26,--,2,1052,买盘
825,13:45:05,5.26,0.01,534,280884,买盘
826,13:44:59,5.25,--,61,32025,卖盘
827,13:44:54,5.25,-0.01,121,63525,卖盘
828,13:44:49,5.26,-0.01,108,56808,中性盘
829,13:44:44,5.27,0.01,230,121209,买盘
830,13:44:39,5.26,-0.01,4,2104,卖盘
831,13:44:34,5.27,0.01,150,79050,买盘
832,13:44:29,5.26,--,35,18410,卖盘
833,13:44:19,5.26,-0.01,1520,799520,卖盘
834,13:44:14,5.27,0.01,364,191827,买盘
835,13:44:09,5.26,-0.01,1,526,卖盘
836,13:44:04,5.27,0.01,35,18445,买盘
837,13:43:59,5.26,--,139,73114,卖盘
838,13:43:49,5.26,--,308,162008,卖盘
839,13:43:39,5.26,-0.01,109,57334,卖盘
840,13:43:34,5.27,0.01,34,17918,买盘
841,13:43:29,5.26,-0.01,120,63120,卖盘
842,13:43:24,5.27,0.01,121,63766,买盘
843,13:43:19,5.26,-0.01,62,32612,卖盘
844,13:43:14,5.27,--,244,128587,买盘
845,13:43:04,5.27,0.01,143,75361,买盘
846,13:42:59,5.26,-0.01,71,37346,卖盘
847,13:42:54,5.27,--,136,71672,买盘
848,13:42:49,5.27,0.01,39,20553,买盘
849,13:42:44,5.26,--,145,76270,卖盘
850,13:42:39,5.26,-0.01,204,107304,卖盘
851,13:42:34,5.27,0.01,153,80631,买盘
852,13:42:29,5.26,--,8,4208,卖盘
853,13:42:19,5.26,-0.01,121,63646,卖盘
854,13:42:14,5.27,0.01,7,3688,买盘
855,13:42:09,5.26,-0.01,113,59438,卖盘
856,13:42:04,5.27,0.01,35,18445,买盘
857,13:41:59,5.26,--,166,87316,卖盘
858,13:41:49,5.26,-0.01,117,61542,卖盘
859,13:41:44,5.27,0.01,3,1580,买盘
860,13:41:34,5.26,--,158,83108,卖盘
861,13:41:28,5.26,-0.01,143,75218,卖盘
862,13:41:13,5.27,--,385,202894,买盘
863,13:41:04,5.27,0.01,171,90116,买盘
864,13:40:59,5.26,--,14,7364,卖盘
865,13:40:54,5.26,-0.01,140,73640,卖盘
866,13:40:44,5.27,--,183,96440,买盘
867,13:40:39,5.27,--,536,282472,买盘
868,13:40:34,5.27,0.01,181,95386,买盘
869,13:40:29,5.26,--,194,102044,卖盘
870,13:40:24,5.26,--,60,31560,卖盘
871,13:40:19,5.26,-0.01,119,62594,卖盘
872,13:40:13,5.27,0.01,90,47429,买盘
873,13:40:09,5.26,-0.01,116,61016,卖盘
874,13:40:04,5.27,0.01,86,45321,买盘
875,13:39:59,5.26,--,561,295086,卖盘
876,13:39:54,5.26,--,83,43658,卖盘
877,13:39:49,5.26,-0.01,285,149910,卖盘
878,13:39:44,5.27,0.01,273,143871,买盘
879,13:39:38,5.26,-0.01,42,22092,卖盘
880,13:39:34,5.27,0.01,148,77996,买盘
881,13:39:28,5.26,--,33,17358,卖盘
882,13:39:23,5.26,-0.01,111,58386,卖盘
883,13:39:14,5.27,--,120,63239,买盘
884,13:39:08,5.27,--,62,32673,买盘
885,13:39:04,5.27,0.01,549,289323,买盘
886,13:38:59,5.26,--,13,6838,卖盘
887,13:38:49,5.26,-0.01,142,74692,卖盘
888,13:38:44,5.27,0.01,230,121209,买盘
889,13:38:38,5.26,--,243,127818,卖盘
890,13:38:33,5.26,-0.01,58,30508,卖盘
891,13:38:29,5.27,--,135,71145,买盘
892,13:38:23,5.27,0.01,95,50064,买盘
893,13:38:18,5.26,-0.01,122,64172,卖盘
894,13:38:14,5.27,0.01,55,28984,买盘
895,13:38:08,5.26,--,189,99414,卖盘
896,13:38:03,5.26,--,211,110986,卖盘
897,13:37:59,5.26,--,158,83108,卖盘
898,13:37:53,5.26,--,8,4208,卖盘
899,13:37:48,5.26,-0.01,1,526,卖盘
900,13:37:44,5.27,0.01,113,59550,买盘
901,13:37:38,5.26,--,152,79952,卖盘
902,13:37:33,5.26,--,6,3156,卖盘
903,13:37:28,5.26,--,4,2104,卖盘
904,13:37:23,5.26,--,115,60490,卖盘
905,13:37:18,5.26,-0.01,9,4734,卖盘
906,13:37:13,5.27,0.01,127,66929,买盘
907,13:37:08,5.26,-0.01,33,17358,卖盘
908,13:37:03,5.27,--,348,183395,买盘
909,13:36:58,5.27,0.01,141,74307,买盘
910,13:36:53,5.26,-0.01,123,64698,卖盘
911,13:36:48,5.27,--,17,8959,买盘
912,13:36:43,5.27,0.01,113,59550,买盘
913,13:36:38,5.26,--,162,85212,卖盘
914,13:36:33,5.26,--,71,37346,卖盘
915,13:36:28,5.26,--,110,57860,卖盘
916,13:36:18,5.26,-0.01,102,53652,卖盘
917,13:36:13,5.27,0.01,5,2635,买盘
918,13:36:08,5.26,--,148,77848,卖盘
919,13:36:03,5.26,-0.01,6,3156,卖盘
920,13:35:58,5.27,--,180,94859,买盘
921,13:35:53,5.27,--,173,91170,买盘
922,13:35:48,5.27,--,195,102764,买盘
923,13:35:43,5.27,0.01,203,106980,买盘
924,13:35:38,5.26,--,300,157800,卖盘
925,13:35:33,5.26,--,127,66802,卖盘
926,13:35:28,5.26,-0.01,83,43658,卖盘
927,13:35:23,5.27,--,682,359414,买盘
928,13:35:18,5.27,--,75,39525,买盘
929,13:35:13,5.27,--,117,61658,买盘
930,13:35:08,5.27,0.01,59,31092,买盘
931,13:35:03,5.26,--,33,17358,卖盘
932,13:34:58,5.26,-0.01,134,70484,卖盘
933,13:34:53,5.27,0.01,101,53226,买盘
934,13:34:48,5.26,--,157,82582,卖盘
935,13:34:43,5.26,--,13,6838,卖盘
936,13:34:37,5.26,-0.01,150,78900,卖盘
937,13:34:33,5.27,0.01,10,5270,买盘
938,13:34:28,5.26,--,124,65224,卖盘
939,13:34:18,5.26,--,103,54178,卖盘
940,13:34:13,5.26,--,11,5786,卖盘
941,13:34:08,5.26,--,154,81004,卖盘
942,13:34:03,5.26,--,8,4208,卖盘
943,13:33:58,5.26,--,217,114142,卖盘
944,13:33:53,5.26,--,140,73640,卖盘
945,13:33:48,5.26,-0.01,108,56808,卖盘
946,13:33:43,5.27,0.01,212,111723,买盘
947,13:33:37,5.26,--,111,58386,卖盘
948,13:33:32,5.26,-0.01,131,68906,卖盘
949,13:33:27,5.27,0.01,3,1580,买盘
950,13:33:22,5.26,--,168,88368,卖盘
951,13:33:18,5.26,-0.01,13,6838,卖盘
952,13:33:13,5.27,0.01,108,56915,买盘
953,13:33:07,5.26,--,31,16306,卖盘
954,13:33:03,5.26,--,7,3682,卖盘
955,13:32:58,5.26,-0.01,134,70484,卖盘
956,13:32:52,5.27,0.01,36,18972,买盘
957,13:32:47,5.26,-0.01,334,175684,卖盘
958,13:32:43,5.27,0.01,3,1580,买盘
959,13:32:37,5.26,--,156,82056,卖盘
960,13:32:32,5.26,--,86,45236,卖盘
961,13:32:28,5.26,-0.01,133,69958,卖盘
962,13:32:22,5.27,0.01,4,2108,买盘
963,13:32:17,5.26,-0.01,1,526,卖盘
964,13:32:13,5.27,--,113,59550,买盘
965,13:32:07,5.27,0.01,145,76415,买盘
966,13:32:02,5.26,--,141,74271,卖盘
967,13:31:58,5.26,-0.01,215,113090,卖盘
968,13:31:52,5.27,--,115,60604,买盘
969,13:31:43,5.27,--,111,58496,买盘
970,13:31:37,5.27,0.01,29,15282,买盘
971,13:31:32,5.26,--,120,63120,卖盘
972,13:31:28,5.26,-0.01,3,1578,卖盘
973,13:31:22,5.27,0.01,128,67456,买盘
974,13:31:17,5.26,-0.01,16,8416,卖盘
975,13:31:13,5.27,0.01,5,2635,买盘
976,13:31:07,5.26,--,138,72588,卖盘
977,13:31:02,5.26,--,211,110986,卖盘
978,13:30:58,5.26,--,129,67854,卖盘
979,13:30:52,5.26,--,41,21566,卖盘
980,13:30:47,5.26,-0.01,123,64698,卖盘
981,13:30:43,5.27,0.01,3,1580,买盘
982,13:30:37,5.26,--,140,73640,卖盘
983,13:30:32,5.26,--,8,4208,卖盘
984,13:30:27,5.26,--,32,16832,卖盘
985,13:30:22,5.26,-0.01,190,99940,卖盘
986,13:30:17,5.27,0.01,115,60604,买盘
987,13:30:12,5.26,-0.01,26,13676,卖盘
988,13:30:07,5.27,0.01,28,14755,买盘
989,13:30:02,5.26,-0.01,126,66276,卖盘
990,13:29:52,5.27,--,108,56915,买盘
991,13:29:47,5.27,0.01,217,114358,买盘
992,13:29:42,5.26,-0.01,112,58912,卖盘
993,13:29:37,5.27,0.01,130,68510,买盘
994,13:29:32,5.26,-0.01,125,65750,卖盘
995,13:29:22,5.27,0.01,4,2108,买盘
996,13:29:17,5.26,-0.01,107,56282,卖盘
997,13:29:12,5.27,0.01,24,12647,买盘
998,13:29:07,5.26,--,151,79426,卖盘
999,13:29:02,5.26,--,17,8942,卖盘
1000,13:28:57,5.26,-0.01,118,62068,卖盘
1001,13:28:52,5.27,0.01,44,23398,买盘
1002,13:28:47,5.26,--,121,63646,卖盘
1003,13:28:37,5.26,--,554,291404,卖盘
1004,13:28:32,5.26,-0.01,6,3156,卖盘
1005,13:28:22,5.27,0.01,122,64293,买盘
1006,13:28:17,5.26,--,137,72062,卖盘
1007,13:28:12,5.26,--,4,2104,卖盘
1008,13:28:07,5.26,--,48,25248,卖盘
1009,13:28:02,5.26,-0.01,168,88368,卖盘
1010,13:27:52,5.27,--,140,73780,买盘
1011,13:27:47,5.27,0.01,3,1580,买盘
1012,13:27:42,5.26,--,102,53652,卖盘
1013,13:27:37,5.26,--,29,15254,卖盘
1014,13:27:31,5.26,--,126,66276,卖盘
1015,13:27:27,5.26,-0.01,13,6838,卖盘
1016,13:27:22,5.27,0.01,3,1580,买盘
1017,13:27:16,5.26,-0.01,525,276150,卖盘
1018,13:27:12,5.27,0.01,2,1054,买盘
1019,13:27:07,5.26,--,155,81530,卖盘
1020,13:27:01,5.26,--,58,30508,卖盘
1021,13:26:57,5.26,-0.01,122,64172,卖盘
1022,13:26:52,5.27,--,5,2635,买盘
1023,13:26:46,5.27,0.01,130,68510,买盘
1024,13:26:36,5.26,--,28,14728,卖盘
1025,13:26:31,5.26,-0.01,121,63646,卖盘
1026,13:26:21,5.27,0.01,115,60604,买盘
1027,13:26:16,5.26,-0.01,35,18410,卖盘
1028,13:26:12,5.27,0.01,120,63239,买盘
1029,13:26:07,5.26,--,27,14202,卖盘
1030,13:26:01,5.26,-0.01,139,73114,卖盘
1031,13:25:52,5.27,0.01,188,99075,买盘
1032,13:25:46,5.26,--,218,114668,卖盘
1033,13:25:42,5.26,--,140,73640,卖盘
1034,13:25:36,5.26,--,176,92576,卖盘
1035,13:25:31,5.26,--,31,16306,卖盘
1036,13:25:26,5.26,-0.01,125,65750,卖盘
1037,13:25:22,5.27,0.01,3,1580,买盘
1038,13:25:16,5.26,-0.01,128,67328,卖盘
1039,13:25:11,5.27,0.01,3,1580,买盘
1040,13:25:06,5.26,--,166,87316,卖盘
1041,13:25:01,5.26,--,77,40502,卖盘
1042,13:24:56,5.26,--,18,9468,卖盘
1043,13:24:52,5.26,-0.01,138,72588,卖盘
1044,13:24:46,5.27,0.01,112,59023,买盘
1045,13:24:37,5.26,--,28,14728,卖盘
1046,13:24:31,5.26,--,131,68906,卖盘
1047,13:24:26,5.26,-0.01,26,13676,卖盘
1048,13:24:22,5.27,--,157,82739,买盘
1049,13:24:16,5.27,0.01,204,107507,买盘
1050,13:24:11,5.26,--,121,63646,卖盘
1051,13:24:06,5.26,-0.01,36,18936,卖盘
1052,13:24:01,5.27,--,132,69564,买盘
1053,13:23:51,5.27,0.01,3,1580,买盘
1054,13:23:46,5.26,-0.01,125,65750,卖盘
1055,13:23:41,5.27,0.01,3,1580,买盘
1056,13:23:37,5.26,--,483,254058,卖盘
1057,13:23:31,5.26,--,13,6838,卖盘
1058,13:23:26,5.26,-0.01,114,59964,卖盘
1059,13:23:21,5.27,0.01,342,180233,买盘
1060,13:23:16,5.26,-0.01,124,65224,卖盘
1061,13:23:11,5.27,--,2,1054,买盘
1062,13:23:06,5.27,--,137,72199,卖盘
1063,13:23:01,5.27,--,24,12647,卖盘
1064,13:22:56,5.27,-0.01,6327,3334328,卖盘
1065,13:22:51,5.28,0.01,106,55968,买盘
1066,13:22:46,5.27,--,36,18972,卖盘
1067,13:22:41,5.27,--,311,163897,卖盘
1068,13:22:36,5.27,--,57,30038,卖盘
1069,13:22:31,5.27,-0.01,368,193935,卖盘
1070,13:22:26,5.28,0.01,4,2112,买盘
1071,13:22:21,5.27,--,103,54280,卖盘
1072,13:22:16,5.27,--,59,31092,卖盘
1073,13:22:11,5.27,--,114,60077,卖盘
1074,13:22:06,5.27,--,28,14755,卖盘
1075,13:22:01,5.27,-0.01,639,336753,卖盘
1076,13:21:56,5.28,0.01,3,1584,买盘
1077,13:21:46,5.27,--,106,55861,卖盘
1078,13:21:36,5.27,--,174,91697,卖盘
1079,13:21:31,5.27,--,93,49010,卖盘
1080,13:21:26,5.27,-0.01,108,56915,卖盘
1081,13:21:21,5.28,0.01,3,1584,买盘
1082,13:21:16,5.27,-0.01,4,2108,卖盘
1083,13:21:11,5.28,0.01,70,36960,买盘
1084,13:21:06,5.27,--,28,14755,卖盘
1085,13:21:01,5.27,-0.01,64,33728,卖盘
1086,13:20:56,5.28,--,46,24288,买盘
1087,13:20:46,5.28,0.01,3,1584,买盘
1088,13:20:36,5.27,-0.01,31,16336,卖盘
1089,13:20:31,5.28,0.01,105,55440,买盘
1090,13:20:25,5.27,-0.01,61,32146,卖盘
1091,13:20:21,5.28,--,76,40128,买盘
1092,13:20:16,5.28,--,4,2112,买盘
1093,13:20:10,5.28,0.01,14,7392,买盘
1094,13:20:06,5.27,--,38,20026,卖盘
1095,13:20:01,5.27,--,10,5270,卖盘
1096,13:19:55,5.27,--,35,18445,卖盘
1097,13:19:51,5.27,-0.01,40,21080,卖盘
1098,13:19:46,5.28,0.01,20,10560,买盘
1099,13:19:40,5.27,--,1,527,卖盘
1100,13:19:36,5.27,--,28,14755,卖盘
1101,13:19:25,5.27,-0.01,21,11067,卖盘
1102,13:19:16,5.28,--,43,22704,买盘
1103,13:19:10,5.28,0.01,488,257664,买盘
1104,13:19:06,5.27,--,37,19499,卖盘
1105,13:19:01,5.27,--,11,5796,卖盘
1106,13:18:55,5.27,--,5,2635,卖盘
1107,13:18:45,5.27,--,80,42160,卖盘
1108,13:18:36,5.27,-0.01,28,14755,卖盘
1109,13:18:30,5.28,--,19,10032,买盘
1110,13:18:25,5.28,0.01,43,22704,买盘
1111,13:18:20,5.27,--,2,1054,卖盘
1112,13:18:15,5.27,-0.01,84,44268,卖盘
1113,13:18:10,5.28,--,2,1056,买盘
1114,13:18:05,5.28,--,45,23760,买盘
1115,13:18:00,5.28,--,21,11088,买盘
1116,13:17:55,5.28,--,3,1584,买盘
1117,13:17:45,5.28,--,3,1584,买盘
1118,13:17:40,5.28,0.01,20,10560,买盘
1119,13:17:35,5.27,-0.01,24,12647,卖盘
1120,13:17:30,5.28,0.01,3,1584,买盘
1121,13:17:25,5.27,--,226,119101,卖盘
1122,13:17:15,5.27,-0.01,54,28457,卖盘
1123,13:17:10,5.28,0.01,14,7392,买盘
1124,13:17:05,5.27,-0.01,25,13174,卖盘
1125,13:17:00,5.28,--,14,7392,买盘
1126,13:16:55,5.28,--,3,1584,买盘
1127,13:16:50,5.28,--,150,79200,买盘
1128,13:16:45,5.28,0.01,26,13728,买盘
1129,13:16:40,5.27,--,11,5796,卖盘
1130,13:16:35,5.27,-0.01,30,15809,卖盘
1131,13:16:30,5.28,--,6,3168,买盘
1132,13:16:25,5.28,--,3,1584,买盘
1133,13:16:15,5.28,--,3,1584,买盘
1134,13:16:10,5.28,0.01,122,64416,买盘
1135,13:16:05,5.27,--,25,13174,卖盘
1136,13:16:00,5.27,--,21,11067,卖盘
1137,13:15:55,5.27,-0.01,103,54280,卖盘
1138,13:15:50,5.28,0.01,17,8976,买盘
1139,13:15:45,5.27,-0.01,13,6850,卖盘
1140,13:15:40,5.28,0.01,159,83952,买盘
1141,13:15:35,5.27,-0.01,24,12647,卖盘
1142,13:15:30,5.28,0.01,69,36432,买盘
1143,13:15:25,5.27,-0.01,139,73253,卖盘
1144,13:15:20,5.28,--,20,10560,买盘
1145,13:15:15,5.28,--,3,1584,买盘
1146,13:15:10,5.28,--,2,1056,买盘
1147,13:15:05,5.28,--,27,14256,买盘
1148,13:15:00,5.28,--,20,10560,买盘
1149,13:14:55,5.28,--,4,2112,买盘
1150,13:14:45,5.28,--,43,22704,买盘
1151,13:14:40,5.28,0.01,10,5280,买盘
1152,13:14:35,5.27,-0.01,34,17918,卖盘
1153,13:14:25,5.28,--,3,1584,买盘
1154,13:14:20,5.28,0.01,100,52800,买盘
1155,13:14:15,5.27,-0.01,8,4216,卖盘
1156,13:14:10,5.28,0.01,14,7392,买盘
1157,13:14:05,5.27,--,35,18445,卖盘
1158,13:14:00,5.27,-0.01,11,5796,卖盘
1159,13:13:55,5.28,--,4,2112,买盘
1160,13:13:45,5.28,0.01,3,1584,买盘
1161,13:13:35,5.27,-0.01,76,40052,卖盘
1162,13:13:25,5.28,--,750,396000,买盘
1163,13:13:19,5.28,--,965,509520,买盘
1164,13:13:15,5.28,--,3,1584,买盘
1165,13:13:10,5.28,0.01,4,2112,买盘
1166,13:13:04,5.27,0.01,36,18972,买盘
1167,13:13:00,5.26,-0.01,10,5260,卖盘
1168,13:12:55,5.27,--,9,4753,买盘
1169,13:12:49,5.27,--,8,4216,买盘
1170,13:12:45,5.27,--,64,33728,买盘
1171,13:12:34,5.27,--,51,26876,买盘
1172,13:12:25,5.27,--,98,51645,买盘
1173,13:12:19,5.27,--,1,527,买盘
1174,13:12:15,5.27,0.01,9,4743,买盘
1175,13:12:10,5.26,--,63,33138,卖盘
1176,13:12:04,5.26,--,38,19988,卖盘
1177,13:12:00,5.26,--,11,5786,卖盘
1178,13:11:55,5.26,-0.01,64,33664,卖盘
1179,13:11:49,5.27,--,12,6323,买盘
1180,13:11:45,5.27,--,3,1580,买盘
1181,13:11:40,5.27,0.01,5,2635,卖盘
1182,13:11:34,5.26,-0.01,28,14728,卖盘
1183,13:11:30,5.27,--,3,1580,买盘
1184,13:11:25,5.27,--,4,2108,买盘
1185,13:11:15,5.27,0.01,3,1580,买盘
1186,13:11:10,5.26,--,91,47866,卖盘
1187,13:11:04,5.26,--,38,19988,卖盘
1188,13:10:59,5.26,-0.01,113,59438,卖盘
1189,13:10:55,5.27,--,5,2635,买盘
1190,13:10:49,5.27,--,1513,797350,买盘
1191,13:10:44,5.27,--,23,12120,买盘
1192,13:10:39,5.27,0.01,5,2635,买盘
1193,13:10:34,5.26,-0.01,41,21566,卖盘
1194,13:10:29,5.27,--,5,2635,买盘
1195,13:10:24,5.27,--,4,2108,买盘
1196,13:10:14,5.27,--,7,3688,买盘
1197,13:10:09,5.27,0.01,1796,946491,买盘
1198,13:10:04,5.26,--,28,14728,卖盘
1199,13:09:59,5.26,-0.01,10,5260,卖盘
1200,13:09:54,5.27,--,3,1580,买盘
1201,13:09:49,5.27,--,7,3688,买盘
1202,13:09:44,5.27,0.01,3,1580,买盘
1203,13:09:39,5.26,--,49,25774,卖盘
1204,13:09:34,5.26,--,35,18599,卖盘
1205,13:09:29,5.26,-0.01,12,6312,卖盘
1206,13:09:24,5.27,--,3,1580,买盘
1207,13:09:19,5.27,--,10,5270,买盘
1208,13:09:14,5.27,--,3,1580,买盘
1209,13:09:09,5.27,0.01,2,1054,买盘
1210,13:09:04,5.26,--,127,66802,卖盘
1211,13:08:59,5.26,--,11,5786,卖盘
1212,13:08:54,5.26,-0.01,4,2104,卖盘
1213,13:08:44,5.27,0.01,4,2108,买盘
1214,13:08:34,5.26,-0.01,67,35242,卖盘
1215,13:08:24,5.27,--,3,1580,买盘
1216,13:08:19,5.27,--,11,5796,买盘
1217,13:08:14,5.27,--,3,1580,买盘
1218,13:08:09,5.27,0.01,6,3161,买盘
1219,13:08:04,5.26,--,40,21040,卖盘
1220,13:07:59,5.26,-0.01,162,85212,卖盘
1221,13:07:54,5.27,0.01,3,1580,买盘
1222,13:07:49,5.26,-0.01,10,5260,卖盘
1223,13:07:44,5.27,0.01,3,1580,买盘
1224,13:07:34,5.26,-0.01,28,14728,卖盘
1225,13:07:29,5.27,--,69,36363,买盘
1226,13:07:24,5.27,0.01,4,2108,买盘
1227,13:07:19,5.26,-0.01,2,1541,卖盘
1228,13:07:14,5.27,--,34,17918,买盘
1229,13:07:09,5.27,0.01,101,53232,买盘
1230,13:07:04,5.26,--,48,25248,卖盘
1231,13:06:59,5.26,-0.01,11,5796,卖盘
1232,13:06:54,5.27,--,191,100656,买盘
1233,13:06:49,5.27,--,4262,2246074,买盘
1234,13:06:44,5.27,--,725,382074,买盘
1235,13:06:39,5.27,0.01,4,2108,买盘
1236,13:06:34,5.26,-0.01,1549,814774,卖盘
1237,13:06:24,5.27,--,5,2635,买盘
1238,13:06:19,5.27,--,38,20026,买盘
1239,13:06:13,5.27,--,5,2635,买盘
1240,13:06:09,5.27,0.01,271,142817,买盘
1241,13:06:04,5.26,--,530,278780,卖盘
1242,13:05:58,5.26,-0.01,10,5260,卖盘
1243,13:05:54,5.27,0.01,5,2635,买盘
1244,13:05:43,5.26,--,54,28404,卖盘
1245,13:05:34,5.26,--,27,14202,卖盘
1246,13:05:28,5.26,-0.01,97,51022,卖盘
1247,13:05:24,5.27,0.01,6,3161,买盘
1248,13:05:19,5.26,-0.01,30,15780,卖盘
1249,13:05:13,5.27,--,5,2635,买盘
1250,13:05:09,5.27,0.01,749,394722,买盘
1251,13:05:04,5.26,--,235,123610,卖盘
1252,13:04:58,5.26,--,110,57860,卖盘
1253,13:04:54,5.26,-0.01,178,93628,卖盘
1254,13:04:43,5.27,--,13,6850,买盘
1255,13:04:39,5.27,0.01,10,5270,买盘
1256,13:04:34,5.26,--,29,15254,卖盘
1257,13:04:28,5.26,-0.01,203,106778,卖盘
1258,13:04:23,5.27,--,6,3161,买盘
1259,13:04:19,5.27,--,41,21607,买盘
1260,13:04:13,5.27,0.01,5,2635,买盘
1261,13:04:04,5.26,--,28,14728,卖盘
1262,13:03:58,5.26,-0.01,11,5786,卖盘
1263,13:03:53,5.27,0.01,5,2635,买盘
1264,13:03:49,5.26,--,725,381350,卖盘
1265,13:03:43,5.26,-0.01,196,103096,卖盘
1266,13:03:38,5.27,0.01,10,5270,买盘
1267,13:03:34,5.26,-0.01,27,14202,卖盘
1268,13:03:28,5.27,--,1743,918560,买盘
1269,13:03:23,5.27,0.01,3,1580,买盘
1270,13:03:19,5.26,-0.01,109,57334,卖盘
1271,13:03:13,5.27,--,5,2635,买盘
1272,13:03:08,5.27,--,402,211853,买盘
1273,13:03:04,5.27,0.01,1483,781540,买盘
1274,13:02:58,5.26,-0.01,25,13150,卖盘
1275,13:02:53,5.27,--,3,1580,买盘
1276,13:02:48,5.27,0.01,416,219231,买盘
1277,13:02:43,5.26,--,933,490758,卖盘
1278,13:02:33,5.26,--,28,14728,卖盘
1279,13:02:28,5.26,-0.01,676,355576,卖盘
1280,13:02:23,5.27,--,550,289850,买盘
1281,13:02:18,5.27,--,354,186557,买盘
1282,13:02:13,5.27,--,55,28984,买盘
1283,13:02:03,5.27,0.01,138,72726,买盘
1284,13:01:58,5.26,-0.01,569,299294,卖盘
1285,13:01:53,5.27,0.01,4,2108,买盘
1286,13:01:48,5.26,--,216,113616,卖盘
1287,13:01:43,5.26,--,356,187256,卖盘
1288,13:01:38,5.26,--,352,185152,卖盘
1289,13:01:33,5.26,--,184,96784,卖盘
1290,13:01:28,5.26,--,1104,580704,卖盘
1291,13:01:23,5.26,--,72,37872,卖盘
1292,13:01:18,5.26,--,110,57860,卖盘
1293,13:01:13,5.26,--,200,105200,卖盘
1294,13:01:08,5.26,--,119,62594,卖盘
1295,13:01:03,5.26,--,110,57860,卖盘
1296,13:00:58,5.26,--,50,26300,卖盘
1297,13:00:53,5.26,--,15,7890,卖盘
1298,13:00:48,5.26,-0.01,23,12098,卖盘
1299,13:00:43,5.27,0.01,33,17391,买盘
1300,13:00:33,5.26,-0.01,28,14728,卖盘
1301,13:00:23,5.27,--,3,1580,买盘
1302,13:00:13,5.27,--,80,42160,买盘
1303,13:00:07,5.27,0.01,89,46902,买盘
1304,13:00:03,5.26,--,4794,2521812,买盘
1305,11:30:00,5.26,--,0,0,买盘
1306,11:30:00,5.26,--,3,1578,买盘
1307,11:29:59,5.26,--,56,29456,买盘
1308,11:29:53,5.26,--,5,2630,买盘
1309,11:29:49,5.26,--,319,167794,买盘
1310,11:29:44,5.26,--,521,274046,买盘
1311,11:29:33,5.26,--,102,53652,买盘
1312,11:29:29,5.26,--,509,267734,买盘
1313,11:29:23,5.26,--,3,1578,买盘
1314,11:29:18,5.26,--,6,3156,买盘
1315,11:29:14,5.26,--,527,277202,买盘
1316,11:29:08,5.26,--,225,118350,买盘
1317,11:29:03,5.26,--,109,57334,买盘
1318,11:28:59,5.26,--,105,55230,买盘
1319,11:28:53,5.26,--,128,67328,买盘
1320,11:28:48,5.26,--,80,42080,买盘
1321,11:28:44,5.26,--,57,29982,买盘
1322,11:28:38,5.26,--,107,56282,买盘
1323,11:28:33,5.26,--,81,42606,买盘
1324,11:28:29,5.26,--,3,1578,买盘
1325,11:28:23,5.26,--,698,367148,买盘
1326,11:28:18,5.26,--,221,116246,买盘
1327,11:28:14,5.26,--,210,110460,买盘
1328,11:28:08,5.26,--,46,24196,买盘
1329,11:28:03,5.26,--,40,21040,买盘
1330,11:27:59,5.26,--,631,331906,买盘
1331,11:27:53,5.26,--,477,250902,买盘
1332,11:27:48,5.26,0.01,68,35768,买盘
1333,11:27:44,5.25,--,44,23100,卖盘
1334,11:27:38,5.25,-0.01,2500,1312500,卖盘
1335,11:27:33,5.26,--,39,20514,买盘
1336,11:27:29,5.26,0.01,615,323490,买盘
1337,11:27:23,5.25,-0.01,95,49875,卖盘
1338,11:27:18,5.26,--,50,26300,买盘
1339,11:27:14,5.26,0.01,527,277202,买盘
1340,11:27:08,5.25,-0.01,640,336000,卖盘
1341,11:27:03,5.26,--,550,289300,买盘
1342,11:26:59,5.26,0.01,36,18936,买盘
1343,11:26:53,5.25,-0.01,282,148050,卖盘
1344,11:26:44,5.26,0.01,103,54178,买盘
1345,11:26:38,5.25,-0.01,85,44625,卖盘
1346,11:26:29,5.26,--,21,11046,买盘
1347,11:26:23,5.26,--,254,133604,买盘
1348,11:26:14,5.26,--,65,34190,买盘
1349,11:26:08,5.26,--,41,21566,买盘
1350,11:26:03,5.26,--,8,4208,买盘
1351,11:25:59,5.26,--,14,7364,买盘
1352,11:25:53,5.26,0.01,4,2104,买盘
1353,11:25:43,5.25,--,25,13125,卖盘
1354,11:25:38,5.25,-0.01,25,13125,卖盘
1355,11:25:28,5.26,--,156,82056,买盘
1356,11:25:23,5.26,--,23,12098,买盘
1357,11:25:18,5.26,--,20,10520,买盘
1358,11:25:13,5.26,--,4,2104,买盘
1359,11:25:08,5.26,--,27,14202,买盘
1360,11:25:03,5.26,--,4,2104,买盘
1361,11:24:58,5.26,--,13,6838,买盘
1362,11:24:53,5.26,--,26,13676,买盘
1363,11:24:43,5.26,0.01,513,269838,买盘
1364,11:24:38,5.25,-0.01,50,26250,卖盘
1365,11:24:33,5.26,--,176,92576,买盘
1366,11:24:28,5.26,0.01,99,52074,买盘
1367,11:24:23,5.25,-0.01,26,13650,卖盘
1368,11:24:13,5.26,0.01,12,6312,买盘
1369,11:24:08,5.25,-0.01,24,12600,卖盘
1370,11:24:03,5.26,--,12,6312,买盘
1371,11:23:58,5.26,--,514,270364,买盘
1372,11:23:53,5.26,--,23,12098,买盘
1373,11:23:48,5.26,0.01,73,38398,买盘
1374,11:23:43,5.25,--,14,7350,卖盘
1375,11:23:38,5.25,-0.01,25,13125,卖盘
1376,11:23:33,5.26,0.01,50,26300,买盘
1377,11:23:28,5.25,-0.01,40,21000,卖盘
1378,11:23:23,5.26,0.01,366,192516,买盘
1379,11:23:13,5.25,--,135,70875,卖盘
1380,11:23:08,5.25,--,25,13125,卖盘
1381,11:23:02,5.25,-0.01,130,68250,卖盘
1382,11:22:58,5.26,--,46,24196,买盘
1383,11:22:53,5.26,--,41,21566,买盘
1384,11:22:47,5.26,0.01,20,10520,买盘
1385,11:22:43,5.25,--,51,26775,卖盘
1386,11:22:38,5.25,-0.01,226,118650,卖盘
1387,11:22:32,5.26,0.01,36,18936,买盘
1388,11:22:28,5.25,-0.01,25,13125,卖盘
1389,11:22:23,5.26,--,3,1578,买盘
1390,11:22:13,5.26,--,47,24722,买盘
1391,11:22:08,5.26,0.01,25,13150,买盘
1392,11:22:02,5.25,-0.01,59,30975,卖盘
1393,11:21:58,5.26,--,51,26826,买盘
1394,11:21:53,5.26,--,3,1578,买盘
1395,11:21:47,5.26,--,5,2630,买盘
1396,11:21:43,5.26,0.01,3,1578,买盘
1397,11:21:38,5.25,--,55,28875,卖盘
1398,11:21:32,5.25,-0.01,9,4725,卖盘
1399,11:21:23,5.26,--,4,2104,买盘
1400,11:21:17,5.26,--,51,26826,买盘
1401,11:21:12,5.26,0.01,5,2630,买盘
1402,11:21:08,5.25,--,46,24150,卖盘
1403,11:21:02,5.25,--,21,11025,卖盘
1404,11:20:53,5.25,-0.01,10,5250,卖盘
1405,11:20:42,5.26,--,3,1578,买盘
1406,11:20:38,5.26,--,62,32612,买盘
1407,11:20:32,5.26,--,211,110986,买盘
1408,11:20:23,5.26,0.01,3,1578,买盘
1409,11:20:12,5.25,-0.01,13,6825,卖盘
1410,11:20:08,5.26,0.01,44,23144,买盘
1411,11:20:02,5.25,-0.01,74,38850,卖盘
1412,11:19:53,5.26,--,3,1578,买盘
1413,11:19:42,5.26,0.01,3,1578,买盘
1414,11:19:38,5.25,--,25,13125,卖盘
1415,11:19:32,5.25,-0.01,11,5775,卖盘
1416,11:19:27,5.26,--,44,23144,买盘
1417,11:19:23,5.26,--,4,2104,买盘
1418,11:19:12,5.26,--,31,16306,买盘
1419,11:19:08,5.26,0.01,341,179366,买盘
1420,11:19:02,5.25,-0.01,29,15225,卖盘
1421,11:18:53,5.26,--,111,58386,买盘
1422,11:18:47,5.26,0.01,50,26300,买盘
1423,11:18:42,5.25,--,4,2100,卖盘
1424,11:18:38,5.25,--,126,66150,卖盘
1425,11:18:32,5.25,-0.01,75,39375,卖盘
1426,11:18:23,5.26,0.01,4,2104,买盘
1427,11:18:17,5.25,-0.01,13,6825,卖盘
1428,11:18:12,5.26,0.01,5,2630,买盘
1429,11:18:08,5.25,--,144,75600,卖盘
1430,11:18:02,5.25,-0.01,21,11025,卖盘
1431,11:17:52,5.26,0.01,4,2104,买盘
1432,11:17:47,5.25,--,167,87675,卖盘
1433,11:17:42,5.25,-0.01,60,31500,卖盘
1434,11:17:37,5.26,0.01,30,15780,买盘
1435,11:17:32,5.25,-0.01,158,82950,卖盘
1436,11:17:27,5.26,--,5,2630,买盘
1437,11:17:22,5.26,--,3,1578,买盘
1438,11:17:12,5.26,0.01,5,2630,买盘
1439,11:17:07,5.25,--,24,12600,卖盘
1440,11:17:02,5.25,-0.01,21,11025,卖盘
1441,11:16:57,5.26,--,10,5260,买盘
1442,11:16:52,5.26,0.01,3,1578,买盘
1443,11:16:47,5.25,-0.01,20,10500,卖盘
1444,11:16:42,5.26,0.01,49,25774,买盘
1445,11:16:37,5.25,--,55,28875,卖盘
1446,11:16:32,5.25,--,9,4725,卖盘
1447,11:16:22,5.25,-0.01,46,24150,卖盘
1448,11:16:17,5.26,--,10,5260,买盘
1449,11:16:12,5.26,0.01,15,7890,买盘
1450,11:16:07,5.25,--,25,13125,卖盘
1451,11:16:02,5.25,-0.01,20,10500,卖盘
1452,11:15:52,5.26,0.01,14,7364,买盘
1453,11:15:47,5.25,-0.01,20,10500,卖盘
1454,11:15:42,5.26,0.01,3,1578,买盘
1455,11:15:37,5.25,--,37,19425,卖盘
1456,11:15:32,5.25,-0.01,13,6825,卖盘
1457,11:15:22,5.26,--,3,1578,买盘
1458,11:15:11,5.26,--,4,2104,买盘
1459,11:15:07,5.26,0.01,197,103622,买盘
1460,11:15:02,5.25,-0.01,27,14175,卖盘
1461,11:14:52,5.26,0.01,3,1578,买盘
1462,11:14:47,5.25,--,10,5250,卖盘
1463,11:14:41,5.25,-0.01,30,15750,卖盘
1464,11:14:37,5.26,0.01,29,15254,买盘
1465,11:14:32,5.25,--,14,7350,卖盘
1466,11:14:22,5.25,--,3014,1582350,卖盘
1467,11:14:17,5.25,-0.01,10,5250,卖盘
1468,11:14:11,5.26,--,46,24196,买盘
1469,11:14:07,5.26,--,74,38924,买盘
1470,11:14:02,5.26,0.01,14,7364,买盘
1471,11:13:56,5.25,--,200,105000,卖盘
1472,11:13:52,5.25,-0.01,13,6825,卖盘
1473,11:13:47,5.26,--,77,40502,买盘
1474,11:13:41,5.26,0.01,4,2104,买盘
1475,11:13:37,5.25,--,24,12600,卖盘
1476,11:13:32,5.25,-0.01,9,4725,卖盘
1477,11:13:22,5.26,0.01,3,1578,买盘
1478,11:13:17,5.25,-0.01,3,1575,卖盘
1479,11:13:11,5.26,0.01,11,5786,买盘
1480,11:13:07,5.25,--,138,72450,卖盘
1481,11:13:02,5.25,-0.01,24,12600,卖盘
1482,11:12:56,5.26,--,10,5260,买盘
1483,11:12:51,5.26,--,48,25248,买盘
1484,11:12:41,5.26,0.01,3,1578,买盘
1485,11:12:36,5.25,--,25,13125,卖盘
1486,11:12:32,5.25,--,57,29925,卖盘
1487,11:12:26,5.25,-0.01,1,525,卖盘
1488,11:12:21,5.26,--,3,1578,买盘
1489,11:12:17,5.26,--,1,526,买盘
1490,11:12:11,5.26,0.01,516,271416,买盘
1491,11:12:06,5.25,--,24,12600,卖盘
1492,11:12:02,5.25,--,34,17850,卖盘
1493,11:11:56,5.25,--,279,146475,卖盘
1494,11:11:51,5.25,--,26,13650,卖盘
1495,11:11:41,5.25,-0.01,44,23100,卖盘
1496,11:11:36,5.26,0.01,75,39450,买盘
1497,11:11:32,5.25,--,81,42525,卖盘
1498,11:11:26,5.25,-0.01,620,325500,卖盘
1499,11:11:21,5.26,0.01,3,1578,买盘
1500,11:11:11,5.25,-0.01,106,55650,卖盘
1501,11:11:06,5.26,0.01,45,23670,买盘
1502,11:11:02,5.25,-0.01,21,11025,卖盘
1503,11:10:56,5.26,0.01,35,18410,买盘
1504,11:10:51,5.25,--,315,165375,卖盘
1505,11:10:46,5.25,-0.01,48,25200,卖盘
1506,11:10:41,5.26,--,34,17884,买盘
1507,11:10:36,5.26,0.01,524,275624,买盘
1508,11:10:31,5.25,-0.01,112,58800,卖盘
1509,11:10:26,5.26,--,154,81004,买盘
1510,11:10:21,5.26,--,3,1578,买盘
1511,11:10:11,5.26,0.01,18,9468,买盘
1512,11:10:06,5.25,--,26,13650,卖盘
1513,11:10:01,5.25,--,64,33600,卖盘
1514,11:09:56,5.25,--,83,43575,卖盘
1515,11:09:51,5.25,--,16,8400,卖盘
1516,11:09:46,5.25,--,60,31500,卖盘
1517,11:09:41,5.25,--,241,126525,卖盘
1518,11:09:36,5.25,-0.01,45,23625,卖盘
1519,11:09:31,5.26,0.01,28,14728,买盘
1520,11:09:26,5.25,-0.01,207,108675,卖盘
1521,11:09:21,5.26,0.01,3,1578,买盘
1522,11:09:16,5.25,-0.01,6,3150,卖盘
1523,11:09:11,5.26,0.01,6,3156,买盘
1524,11:09:06,5.25,--,25,13125,卖盘
1525,11:09:01,5.25,-0.01,20,10500,卖盘
1526,11:08:56,5.26,--,1871,984146,买盘
1527,11:08:51,5.26,0.01,3,1578,买盘
1528,11:08:46,5.25,-0.01,8,4200,卖盘
1529,11:08:41,5.26,0.01,39,20514,买盘
1530,11:08:36,5.25,--,77,40425,卖盘
1531,11:08:31,5.25,-0.01,9,4725,卖盘
1532,11:08:26,5.26,--,15,7890,买盘
1533,11:08:21,5.26,--,29,15254,买盘
1534,11:08:16,5.26,--,1954,1027804,买盘
1535,11:08:11,5.26,0.01,140,73640,买盘
1536,11:08:05,5.25,--,25,13125,卖盘
1537,11:08:01,5.25,-0.01,21,11025,卖盘
1538,11:07:56,5.26,--,27,14202,买盘
1539,11:07:50,5.26,--,12,6312,买盘
1540,11:07:46,5.26,--,24,12624,买盘
1541,11:07:41,5.26,0.01,4,2104,买盘
1542,11:07:35,5.25,--,38,19950,卖盘
1543,11:07:31,5.25,--,27,14175,卖盘
1544,11:07:26,5.25,-0.01,181,95025,卖盘
1545,11:07:20,5.26,--,3,1578,买盘
1546,11:07:16,5.26,--,1,526,买盘
1547,11:07:11,5.26,0.01,62,32612,买盘
1548,11:07:05,5.25,--,24,12600,卖盘
1549,11:07:01,5.25,-0.01,20,10500,卖盘
1550,11:06:50,5.26,0.01,3,1578,买盘
1551,11:06:46,5.25,--,26,13650,卖盘
1552,11:06:41,5.25,--,14,7350,卖盘
1553,11:06:35,5.25,--,25,13125,卖盘
1554,11:06:31,5.25,--,42,22050,卖盘
1555,11:06:20,5.25,--,132,69300,卖盘
1556,11:06:16,5.25,-0.01,25,13125,卖盘
1557,11:06:11,5.26,0.01,106,55756,买盘
1558,11:06:05,5.25,--,25,13125,卖盘
1559,11:06:01,5.25,-0.01,23,12075,卖盘
1560,11:05:56,5.26,--,102,53652,买盘
1561,11:05:50,5.26,0.01,37,19462,买盘
1562,11:05:46,5.25,-0.01,48,25200,卖盘
1563,11:05:41,5.26,0.01,66,34716,买盘
1564,11:05:35,5.25,--,45,23625,卖盘
1565,11:05:31,5.25,-0.01,712,373800,卖盘
1566,11:05:26,5.26,--,7,3682,买盘
1567,11:05:20,5.26,0.01,3,1578,买盘
1568,11:05:11,5.25,-0.01,25,13125,卖盘
1569,11:05:05,5.26,--,53,27878,买盘
1570,11:05:00,5.26,0.01,18,9468,买盘
1571,11:04:56,5.25,--,173,90825,卖盘
1572,11:04:50,5.25,-0.01,135,71352,卖盘
1573,11:04:45,5.26,--,39,20514,买盘
1574,11:04:41,5.26,0.01,3,1578,买盘
1575,11:04:35,5.25,-0.01,81,42525,卖盘
1576,11:04:30,5.26,--,24,12624,买盘
1577,11:04:26,5.26,--,34,17884,买盘
1578,11:04:20,5.26,0.01,14,7364,买盘
1579,11:04:15,5.25,-0.01,53,27825,卖盘
1580,11:04:11,5.26,0.01,617,324542,买盘
1581,11:04:05,5.25,-0.01,156,81900,卖盘
1582,11:04:00,5.26,--,13,6838,买盘
1583,11:03:56,5.26,--,38,19988,买盘
1584,11:03:50,5.26,0.01,4,2104,买盘
1585,11:03:40,5.25,--,44,23100,卖盘
1586,11:03:35,5.25,-0.01,30,15750,卖盘
1587,11:03:30,5.26,0.01,3,1578,买盘
1588,11:03:20,5.25,--,44,23100,卖盘
1589,11:03:15,5.25,-0.01,14,7350,卖盘
1590,11:03:10,5.26,0.01,100,52600,买盘
1591,11:03:05,5.25,-0.01,138,72450,卖盘
1592,11:03:00,5.26,--,25,13150,买盘
1593,11:02:55,5.26,--,20,10520,买盘
1594,11:02:50,5.26,0.01,27,14202,买盘
1595,11:02:45,5.25,--,8,4200,卖盘
1596,11:02:40,5.25,-0.01,9,4725,卖盘
1597,11:02:35,5.26,--,123,64698,买盘
1598,11:02:30,5.26,--,123,64698,买盘
1599,11:02:25,5.26,--,67,35242,买盘
1600,11:02:20,5.26,0.01,13,6838,买盘
1601,11:02:10,5.25,--,77,40425,卖盘
1602,11:02:05,5.25,--,42,22050,卖盘
1603,11:02:00,5.25,--,15,7875,卖盘
1604,11:01:55,5.25,--,10,5250,卖盘
1605,11:01:50,5.25,-0.01,9,4725,卖盘
1606,11:01:45,5.26,0.01,5,2630,买盘
1607,11:01:40,5.25,--,130,68250,卖盘
1608,11:01:35,5.25,-0.01,82,43050,卖盘
1609,11:01:30,5.26,--,3,1578,买盘
1610,11:01:25,5.26,0.01,35,18410,买盘
1611,11:01:20,5.25,-0.01,54,28350,卖盘
1612,11:01:15,5.26,--,57,29982,买盘
1613,11:01:10,5.26,0.01,107,56282,买盘
1614,11:01:05,5.25,--,45,23625,卖盘
1615,11:01:00,5.25,-0.01,13,6825,卖盘
1616,11:00:50,5.26,--,53,27878,买盘
1617,11:00:40,5.26,0.01,3,1578,买盘
1618,11:00:35,5.25,-0.01,81,42525,卖盘
1619,11:00:29,5.26,--,24,12624,买盘
1620,11:00:25,5.26,0.01,320,168320,买盘
1621,11:00:20,5.25,--,10,5250,卖盘
1622,11:00:14,5.25,-0.01,95,49875,卖盘
1623,11:00:10,5.26,0.01,46,24196,买盘
1624,11:00:04,5.25,--,31,16275,卖盘
1625,10:59:59,5.25,-0.01,164,86100,卖盘
1626,10:59:55,5.26,0.01,2,1052,买盘
1627,10:59:50,5.25,--,53,27825,卖盘
1628,10:59:40,5.25,--,29,15225,卖盘
1629,10:59:35,5.25,--,258,135450,卖盘
1630,10:59:29,5.25,-0.01,11,5775,卖盘
1631,10:59:25,5.26,--,150,78900,买盘
1632,10:59:19,5.26,--,103,54178,买盘
1633,10:59:14,5.26,--,20,10520,买盘
1634,10:59:10,5.26,0.01,14,7364,买盘
1635,10:59:05,5.25,-0.01,33,17325,卖盘
1636,10:58:59,5.26,--,13,6838,买盘
1637,10:58:55,5.26,--,10,5260,买盘
1638,10:58:50,5.26,--,3,1578,买盘
1639,10:58:40,5.26,0.01,5,2630,买盘
1640,10:58:35,5.25,-0.01,48,25200,卖盘
1641,10:58:29,5.26,0.01,3,1578,买盘
1642,10:58:25,5.25,-0.01,118,61950,卖盘
1643,10:58:20,5.26,0.01,3,1578,买盘
1644,10:58:14,5.25,--,22,11550,卖盘
1645,10:58:10,5.25,--,319,167475,卖盘
1646,10:58:04,5.25,--,129,67725,卖盘
1647,10:57:59,5.25,-0.01,15,7875,卖盘
1648,10:57:49,5.26,--,108,56808,买盘
1649,10:57:40,5.26,0.01,56,29456,买盘
1650,10:57:35,5.25,-0.01,31,16275,卖盘
1651,10:57:29,5.26,--,3,1578,买盘
1652,10:57:24,5.26,--,1920,1009920,买盘
1653,10:57:20,5.26,--,4,2104,买盘
1654,10:57:10,5.26,0.01,5,2630,买盘
1655,10:57:05,5.25,-0.01,52,27300,卖盘
1656,10:56:59,5.26,--,14,7364,买盘
1657,10:56:54,5.26,0.01,12,6312,买盘
1658,10:56:50,5.25,-0.01,124,65100,卖盘
1659,10:56:39,5.26,--,4,2104,买盘
1660,10:56:35,5.26,--,35,18410,买盘
1661,10:56:29,5.26,0.01,23,12098,买盘
1662,10:56:24,5.25,-0.01,68,35700,卖盘
1663,10:56:19,5.26,0.01,127,66802,买盘
1664,10:56:14,5.25,-0.01,1,525,卖盘
1665,10:56:09,5.26,--,5,2630,买盘
1666,10:56:04,5.26,0.01,71,37346,买盘
1667,10:55:59,5.25,-0.01,113,59325,卖盘
1668,10:55:49,5.26,0.01,3,1578,买盘
1669,10:55:44,5.25,-0.01,68,35700,卖盘
1670,10:55:39,5.26,0.01,4,2104,买盘
1671,10:55:34,5.25,--,195,102375,卖盘
1672,10:55:29,5.25,-0.01,262,137550,卖盘
1673,10:55:19,5.26,--,3,1578,买盘
1674,10:55:14,5.26,--,40,21040,买盘
1675,10:55:09,5.26,0.01,3,1578,买盘
1676,10:55:04,5.25,--,40,21000,卖盘
1677,10:54:59,5.25,-0.01,15,7875,卖盘
1678,10:54:49,5.26,--,3,1578,买盘
1679,10:54:39,5.26,0.01,4,2104,买盘
1680,10:54:34,5.25,--,31,16275,卖盘
1681,10:54:29,5.25,-0.01,139,72975,卖盘
1682,10:54:24,5.26,--,10,5260,买盘
1683,10:54:19,5.26,--,3,1578,买盘
1684,10:54:14,5.26,--,2,1052,买盘
1685,10:54:09,5.26,0.01,4,2104,买盘
1686,10:54:04,5.25,--,202,106050,卖盘
1687,10:53:59,5.25,-0.01,14,7350,卖盘
1688,10:53:49,5.26,--,76,39976,买盘
1689,10:53:39,5.26,0.01,3,1578,买盘
1690,10:53:34,5.25,-0.01,30,15750,卖盘
1691,10:53:29,5.26,--,4,2104,买盘
1692,10:53:19,5.26,0.01,257,135182,买盘
1693,10:53:13,5.25,-0.01,4,2100,卖盘
1694,10:53:08,5.26,--,3,1578,买盘
1695,10:53:04,5.26,--,35,18410,买盘
1696,10:52:58,5.26,0.01,58,30508,买盘
1697,10:52:53,5.25,-0.01,100,52500,卖盘
1698,10:52:48,5.26,--,34,17884,买盘
1699,10:52:38,5.26,--,123,64698,买盘
1700,10:52:34,5.26,--,49,25774,买盘
1701,10:52:29,5.26,0.01,4,2104,买盘
1702,10:52:19,5.25,-0.01,68,35700,卖盘
1703,10:52:14,5.26,--,2,1052,买盘
1704,10:52:08,5.26,--,23,12098,买盘
1705,10:52:04,5.26,0.01,42,22092,买盘
1706,10:51:59,5.25,-0.01,90,47250,卖盘
1707,10:51:53,5.26,0.01,4,2104,买盘
1708,10:51:48,5.25,-0.01,136,71400,卖盘
1709,10:51:44,5.26,--,20,10520,买盘
1710,10:51:38,5.26,0.01,49,25774,买盘
1711,10:51:33,5.25,-0.01,32,16800,卖盘
1712,10:51:29,5.26,0.01,154,81004,买盘
1713,10:51:18,5.25,-0.01,4,2100,卖盘
1714,10:51:08,5.26,0.01,5,2630,买盘
1715,10:51:03,5.25,-0.01,32,16800,卖盘
1716,10:50:58,5.26,0.01,55,28930,买盘
1717,10:50:48,5.25,--,145,76266,卖盘
1718,10:50:43,5.25,-0.01,39,20475,卖盘
1719,10:50:38,5.26,--,4,2104,买盘
1720,10:50:34,5.26,--,37,19462,买盘
1721,10:50:28,5.26,--,3,1578,买盘
1722,10:50:18,5.26,0.01,25,13150,买盘
1723,10:50:14,5.25,-0.01,52,27300,卖盘
1724,10:50:08,5.26,--,3,1578,买盘
1725,10:50:04,5.26,0.01,33,17358,买盘
1726,10:49:58,5.25,-0.01,14,7350,卖盘
1727,10:49:48,5.26,--,40,21040,买盘
1728,10:49:44,5.26,--,19,9994,买盘
1729,10:49:38,5.26,--,3,1578,买盘
1730,10:49:33,5.26,--,138,72588,买盘
1731,10:49:28,5.26,--,116,61016,买盘
1732,10:49:23,5.26,--,6,3156,买盘
1733,10:49:18,5.26,--,303,159378,买盘
1734,10:49:13,5.26,--,7095,3731970,卖盘
1735,10:49:08,5.26,--,6,3156,卖盘
1736,10:49:04,5.26,--,36,18936,卖盘
1737,10:48:58,5.26,-0.01,14,7364,卖盘
1738,10:48:53,5.27,--,377,198678,买盘
1739,10:48:48,5.27,0.01,3,1580,买盘
1740,10:48:43,5.26,-0.01,46,24196,卖盘
1741,10:48:38,5.27,--,3243,1709060,买盘
1742,10:48:28,5.27,--,8,4216,买盘
1743,10:48:18,5.27,--,3,1580,买盘
1744,10:48:13,5.27,--,45,23714,买盘
1745,10:48:08,5.27,0.01,30,15809,买盘
1746,10:48:03,5.26,--,29,15254,卖盘
1747,10:47:58,5.26,--,54,28404,卖盘
1748,10:47:53,5.26,-0.01,200,105200,卖盘
1749,10:47:48,5.27,0.01,241,127006,买盘
1750,10:47:38,5.26,--,42,22092,卖盘
1751,10:47:33,5.26,-0.01,9,4734,卖盘
1752,10:47:28,5.27,0.01,37,19499,买盘
1753,10:47:23,5.26,--,10,5260,卖盘
1754,10:47:18,5.26,-0.01,53,27878,卖盘
1755,10:47:13,5.27,--,187,98548,买盘
1756,10:47:08,5.27,0.01,126,66402,买盘
1757,10:46:58,5.26,-0.01,55,28930,卖盘
1758,10:46:53,5.27,--,40,21080,买盘
1759,10:46:48,5.27,0.01,7,3688,买盘
1760,10:46:43,5.26,-0.01,11,5786,卖盘
1761,10:46:38,5.27,0.01,88,46375,买盘
1762,10:46:33,5.26,--,10,5260,卖盘
1763,10:46:28,5.26,--,137,72062,卖盘
1764,10:46:23,5.26,-0.01,141,74166,卖盘
1765,10:46:18,5.27,0.01,3,1580,买盘
1766,10:46:13,5.26,-0.01,94,49444,卖盘
1767,10:46:08,5.27,0.01,511,269297,买盘
1768,10:46:02,5.26,--,40,21040,卖盘
1769,10:45:58,5.26,--,27,14202,卖盘
1770,10:45:53,5.26,-0.01,13,6838,卖盘
1771,10:45:47,5.27,0.01,4,2108,买盘
1772,10:45:43,5.26,-0.01,81,42606,卖盘
1773,10:45:37,5.27,0.01,44,23187,买盘
1774,10:45:32,5.26,--,10,5260,卖盘
1775,10:45:28,5.26,--,11,5786,卖盘
1776,10:45:22,5.26,-0.01,13,6838,卖盘
1777,10:45:17,5.27,0.01,73,38471,买盘
1778,10:45:12,5.26,--,80,42080,卖盘
1779,10:45:07,5.26,--,35,18410,卖盘
1780,10:45:02,5.26,--,10,5260,卖盘
1781,10:44:57,5.26,-0.01,17,8942,卖盘
1782,10:44:47,5.27,0.01,6,3161,买盘
1783,10:44:42,5.26,-0.01,7,3682,卖盘
1784,10:44:37,5.27,0.01,54,28457,买盘
1785,10:44:32,5.26,--,11,5786,卖盘
1786,10:44:27,5.26,--,194,102044,卖盘
1787,10:44:22,5.26,-0.01,250,131500,卖盘
1788,10:44:17,5.27,0.01,4,2108,买盘
1789,10:44:12,5.26,--,118,62068,卖盘
1790,10:44:07,5.26,--,44,23144,卖盘
1791,10:44:02,5.26,--,21,11046,卖盘
1792,10:43:57,5.26,-0.01,74,38924,卖盘
1793,10:43:47,5.27,0.01,3,1580,买盘
1794,10:43:37,5.26,-0.01,40,21040,卖盘
1795,10:43:27,5.27,--,49,25822,买盘
1796,10:43:17,5.27,--,3,1580,买盘
1797,10:43:12,5.27,--,46,24241,买盘
1798,10:43:07,5.27,0.01,29,15282,买盘
1799,10:43:02,5.26,--,9,4734,卖盘
1800,10:42:57,5.26,--,13,6838,卖盘
1801,10:42:52,5.26,-0.01,23,12098,卖盘
1802,10:42:47,5.27,--,42,22134,买盘
1803,10:42:42,5.27,0.01,7,3688,买盘
1804,10:42:37,5.26,--,79,41554,卖盘
1805,10:42:32,5.26,--,7,3682,卖盘
1806,10:42:27,5.26,-0.01,13,6838,卖盘
1807,10:42:22,5.27,0.01,10,5270,买盘
1808,10:42:17,5.26,-0.01,45,23670,卖盘
1809,10:42:12,5.27,--,2,1054,买盘
1810,10:42:07,5.27,0.01,28,14755,买盘
1811,10:42:02,5.26,--,66,34716,卖盘
1812,10:41:57,5.26,-0.01,15,7890,卖盘
1813,10:41:47,5.27,--,3,1580,买盘
1814,10:41:37,5.27,0.01,29,15282,买盘
1815,10:41:32,5.26,-0.01,13,6838,卖盘
1816,10:41:27,5.27,--,3,1580,买盘
1817,10:41:22,5.27,--,38,20026,买盘
1818,10:41:17,5.27,--,3,1580,买盘
1819,10:41:12,5.27,--,48,25295,买盘
1820,10:41:07,5.27,0.01,40,21080,买盘
1821,10:41:02,5.26,--,13,6838,卖盘
1822,10:40:57,5.26,-0.01,733,385558,卖盘
1823,10:40:52,5.27,--,153,80631,买盘
1824,10:40:47,5.27,--,50,26349,买盘
1825,10:40:37,5.27,0.01,48,25295,买盘
1826,10:40:32,5.26,--,10,5260,卖盘
1827,10:40:27,5.26,--,16,8416,卖盘
1828,10:40:22,5.26,-0.01,15,7890,卖盘
1829,10:40:17,5.27,--,3,1580,买盘
1830,10:40:12,5.27,--,2,1054,买盘
1831,10:40:07,5.27,0.01,77,40579,买盘
1832,10:40:02,5.26,--,50,26300,卖盘
1833,10:39:57,5.26,-0.01,57,29982,卖盘
1834,10:39:52,5.27,--,5,2635,买盘
1835,10:39:47,5.27,--,14,7377,买盘
1836,10:39:37,5.27,0.01,437,230298,买盘
1837,10:39:32,5.26,-0.01,12,6312,卖盘
1838,10:39:27,5.27,--,4,2108,买盘
1839,10:39:17,5.27,--,74,38998,买盘
1840,10:39:07,5.27,0.01,33,17391,买盘
1841,10:39:02,5.26,-0.01,116,61016,卖盘
1842,10:38:56,5.27,0.01,3,1580,买盘
1843,10:38:52,5.26,-0.01,12,6312,卖盘
1844,10:38:47,5.27,--,106,55861,买盘
1845,10:38:37,5.27,--,29,15282,买盘
1846,10:38:32,5.27,--,88,46375,买盘
1847,10:38:26,5.27,--,13,6850,买盘
1848,10:38:22,5.27,--,168,88536,买盘
1849,10:38:16,5.27,--,249,131223,买盘
1850,10:38:11,5.27,--,550,289850,买盘
1851,10:38:07,5.27,--,53,27930,买盘
1852,10:38:01,5.27,--,126,66402,买盘
1853,10:37:56,5.27,--,3,1580,买盘
1854,10:37:52,5.27,--,638,336226,买盘
1855,10:37:46,5.27,0.01,336,177072,买盘
1856,10:37:36,5.26,--,66,34716,卖盘
1857,10:37:31,5.26,-0.01,9,4734,卖盘
1858,10:37:26,5.27,0.01,275,144925,买盘
1859,10:37:21,5.26,-0.01,253,133078,卖盘
1860,10:37:16,5.27,--,128,67456,买盘
1861,10:37:06,5.27,0.01,30,15809,买盘
1862,10:37:01,5.26,-0.01,17,8942,卖盘
1863,10:36:56,5.27,0.01,33,17391,买盘
1864,10:36:51,5.26,-0.01,107,56282,卖盘
1865,10:36:46,5.27,--,5,2635,买盘
1866,10:36:36,5.27,0.01,204,107507,买盘
1867,10:36:31,5.26,-0.01,7,3682,卖盘
1868,10:36:26,5.27,--,3,1580,买盘
1869,10:36:16,5.27,0.01,127,66929,买盘
1870,10:36:11,5.26,-0.01,27,14202,卖盘
1871,10:36:06,5.27,0.01,29,15282,买盘
1872,10:36:01,5.26,-0.01,136,71536,卖盘
1873,10:35:56,5.27,0.01,3,1580,买盘
1874,10:35:51,5.26,-0.01,10,5260,卖盘
1875,10:35:46,5.27,0.01,4,2108,买盘
1876,10:35:36,5.26,0.01,41,21566,买盘
1877,10:35:31,5.25,-0.01,77,40425,卖盘
1878,10:35:26,5.26,--,47,24722,买盘
1879,10:35:16,5.26,-0.01,40,21040,买盘
1880,10:35:11,5.27,--,2,1054,买盘
1881,10:35:06,5.27,0.01,261,137547,买盘
1882,10:35:01,5.26,-0.01,56,29456,卖盘
1883,10:34:56,5.27,0.01,4,2108,买盘
1884,10:34:51,5.26,0.01,499,262474,买盘
1885,10:34:46,5.25,-0.01,103,54075,卖盘
1886,10:34:41,5.26,-0.01,53,27878,卖盘
1887,10:34:36,5.27,0.01,1394,734637,买盘
1888,10:34:31,5.26,--,90,47340,卖盘
1889,10:34:26,5.26,-0.01,8,4208,卖盘
1890,10:34:21,5.27,0.01,158,83266,买盘
1891,10:34:16,5.26,-0.01,112,58912,卖盘
1892,10:34:11,5.27,--,2,1054,买盘
1893,10:34:06,5.27,--,28,14755,买盘
1894,10:34:01,5.27,--,240,126479,买盘
1895,10:33:56,5.27,0.01,103,54280,买盘
1896,10:33:51,5.26,-0.01,142,74692,卖盘
1897,10:33:46,5.27,0.01,97,51118,买盘
1898,10:33:41,5.26,-0.01,39,20514,卖盘
1899,10:33:36,5.27,0.01,209,110142,买盘
1900,10:33:31,5.26,-0.01,107,56282,卖盘
1901,10:33:26,5.27,0.01,3,1580,买盘
1902,10:33:21,5.26,-0.01,55,28930,卖盘
1903,10:33:16,5.27,--,3,1580,买盘
1904,10:33:11,5.27,0.01,5,2635,买盘
1905,10:33:06,5.26,--,24,12624,卖盘
1906,10:33:01,5.26,-0.01,34,17884,卖盘
1907,10:32:56,5.27,0.01,3,1580,买盘
1908,10:32:51,5.26,-0.01,20,10520,卖盘
1909,10:32:46,5.27,--,4,2108,买盘
1910,10:32:41,5.27,--,3,1580,买盘
1911,10:32:36,5.27,--,152,80104,买盘
1912,10:32:31,5.27,--,3,1580,买盘
1913,10:32:26,5.27,--,54,28457,买盘
1914,10:32:16,5.27,--,5,2635,买盘
1915,10:32:11,5.27,--,56,29511,买盘
1916,10:32:05,5.27,0.01,28,14755,买盘
1917,10:32:01,5.26,-0.01,11,5786,卖盘
1918,10:31:55,5.27,--,11,5796,买盘
1919,10:31:50,5.27,--,15,7904,买盘
1920,10:31:46,5.27,--,31,16336,买盘
1921,10:31:40,5.27,--,128,67456,买盘
1922,10:31:35,5.27,--,28,14755,买盘
1923,10:31:25,5.27,--,6,3161,买盘
1924,10:31:16,5.27,--,4,2108,买盘
1925,10:31:10,5.27,0.01,8,4216,买盘
1926,10:31:05,5.26,--,50,26300,卖盘
1927,10:31:01,5.26,-0.01,10,5260,卖盘
1928,10:30:55,5.27,--,22,11593,买盘
1929,10:30:46,5.27,0.01,13,6850,买盘
1930,10:30:40,5.26,--,17,8942,卖盘
1931,10:30:35,5.26,-0.01,25,13150,卖盘
1932,10:30:31,5.27,--,22,11593,买盘
1933,10:30:25,5.27,--,313,164951,买盘
1934,10:30:20,5.27,--,30,15809,买盘
1935,10:30:16,5.27,--,15,7904,买盘
1936,10:30:10,5.27,--,2,1054,买盘
1937,10:30:05,5.27,--,84,44268,买盘
1938,10:30:00,5.27,--,173,91170,买盘
1939,10:29:55,5.27,0.01,3,1580,买盘
1940,10:29:50,5.26,--,24,12624,卖盘
1941,10:29:45,5.26,--,8,4208,卖盘
1942,10:29:40,5.26,-0.01,200,105200,卖盘
1943,10:29:35,5.27,0.01,27,14228,买盘
1944,10:29:30,5.26,--,100,52600,卖盘
1945,10:29:25,5.26,--,123,64698,买盘
1946,10:29:20,5.26,--,30,15780,买盘
1947,10:29:15,5.26,--,4,2104,买盘
1948,10:29:10,5.26,--,9,4734,买盘
1949,10:29:05,5.26,--,170,89420,卖盘
1950,10:29:00,5.26,-0.01,255,134130,卖盘
1951,10:28:55,5.27,0.01,3,1580,买盘
1952,10:28:45,5.26,--,64,33664,卖盘
1953,10:28:40,5.26,-0.01,54,28404,卖盘
1954,10:28:35,5.27,0.01,45,23714,买盘
1955,10:28:30,5.26,-0.01,276,145176,卖盘
1956,10:28:25,5.27,0.01,139,73253,买盘
1957,10:28:20,5.26,--,296,155696,买盘
1958,10:28:15,5.26,--,33,17358,买盘
1959,10:28:10,5.26,-0.01,15,7890,卖盘
1960,10:28:05,5.27,0.01,52,27403,买盘
1961,10:28:00,5.26,-0.01,90,47340,卖盘
1962,10:27:55,5.27,0.01,85,44795,买盘
1963,10:27:50,5.26,--,10,5260,卖盘
1964,10:27:45,5.26,--,398,209605,买盘
1965,10:27:40,5.26,--,51,26826,买盘
1966,10:27:35,5.26,--,27,14202,买盘
1967,10:27:30,5.26,--,5,2630,买盘
1968,10:27:25,5.26,--,201,105726,买盘
1969,10:27:20,5.26,--,21,11046,买盘
1970,10:27:15,5.26,-0.01,456,240124,卖盘
1971,10:27:10,5.27,0.01,1038,547284,买盘
1972,10:27:05,5.26,--,28,14728,买盘
1973,10:27:00,5.26,0.01,34,17884,买盘
1974,10:26:55,5.25,-0.01,1220,640500,卖盘
1975,10:26:45,5.26,--,110,57860,买盘
1976,10:26:40,5.26,--,252,132552,买盘
1977,10:26:35,5.26,--,43,22618,买盘
1978,10:26:30,5.26,--,4,2104,买盘
1979,10:26:25,5.26,--,23,12098,买盘
1980,10:26:15,5.26,--,78,41028,买盘
1981,10:26:10,5.26,--,251,132026,买盘
1982,10:26:05,5.26,--,28,14728,买盘
1983,10:26:00,5.26,--,120,63120,买盘
1984,10:25:55,5.26,--,3,1578,买盘
1985,10:25:50,5.26,--,10,5260,买盘
1986,10:25:45,5.26,--,205,107830,买盘
1987,10:25:40,5.26,--,70,36820,买盘
1988,10:25:35,5.26,--,28,14728,买盘
1989,10:25:30,5.26,--,30,15780,买盘
1990,10:25:25,5.26,0.01,9,4734,买盘
1991,10:25:20,5.25,-0.01,52,27300,卖盘
1992,10:25:15,5.26,--,63,33138,买盘
1993,10:25:10,5.26,--,116,61016,买盘
1994,10:25:05,5.26,0.01,33,17358,买盘
1995,10:24:59,5.25,-0.01,241,126525,卖盘
1996,10:24:55,5.26,--,23,12098,买盘
1997,10:24:50,5.26,--,105,55230,买盘
1998,10:24:44,5.26,--,2,1052,买盘
1999,10:24:40,5.26,--,93,48918,买盘
2000,10:24:34,5.26,0.01,254,133604,买盘
2001,10:24:29,5.25,-0.01,6,3150,卖盘
2002,10:24:25,5.26,--,17,8942,买盘
2003,10:24:19,5.26,--,54,28404,买盘
2004,10:24:14,5.26,0.01,37,19462,买盘
2005,10:24:10,5.25,-0.01,219,114975,卖盘
2006,10:24:05,5.26,0.01,92,48392,买盘
2007,10:23:59,5.25,-0.01,11,5775,卖盘
2008,10:23:55,5.26,--,78,41028,买盘
2009,10:23:49,5.26,--,47,24722,买盘
2010,10:23:44,5.26,--,248,130448,买盘
2011,10:23:40,5.26,--,65,34190,买盘
2012,10:23:34,5.26,--,38,19988,买盘
2013,10:23:25,5.26,--,154,81004,买盘
2014,10:23:19,5.26,0.01,165,86790,买盘
2015,10:23:14,5.25,-0.01,30,15750,卖盘
2016,10:23:10,5.26,--,4,2104,买盘
2017,10:23:04,5.26,0.01,42,22092,买盘
2018,10:22:59,5.25,-0.01,10,5250,卖盘
2019,10:22:55,5.26,--,76,39976,买盘
2020,10:22:49,5.26,--,372,195672,买盘
2021,10:22:40,5.26,--,47,24722,买盘
2022,10:22:34,5.26,0.01,2111,1110386,买盘
2023,10:22:29,5.25,-0.01,28,14700,卖盘
2024,10:22:25,5.26,--,115,60490,买盘
2025,10:22:19,5.26,--,203,106778,买盘
2026,10:22:10,5.26,--,40,21040,买盘
2027,10:22:04,5.26,--,296,155696,买盘
2028,10:21:59,5.26,--,167,87842,买盘
2029,10:21:54,5.26,0.01,234,123084,买盘
2030,10:21:49,5.25,-0.01,294,154350,卖盘
2031,10:21:44,5.26,0.01,100,52600,买盘
2032,10:21:39,5.25,-0.01,113,59325,卖盘
2033,10:21:34,5.26,--,128,67328,买盘
2034,10:21:29,5.26,--,50,26300,买盘
2035,10:21:24,5.26,--,13,6838,买盘
2036,10:21:19,5.26,--,157,82582,买盘
2037,10:21:14,5.26,--,20,10520,买盘
2038,10:21:09,5.26,--,48,25248,买盘
2039,10:21:04,5.26,--,37,19462,买盘
2040,10:20:59,5.26,--,50,26300,买盘
2041,10:20:54,5.26,0.01,24,12624,买盘
2042,10:20:49,5.25,--,4,2100,卖盘
2043,10:20:44,5.25,-0.01,5,2625,卖盘
2044,10:20:39,5.26,--,24,12624,买盘
2045,10:20:34,5.26,--,47,24722,买盘
2046,10:20:24,5.26,--,14,7364,买盘
2047,10:20:19,5.26,--,75,39450,买盘
2048,10:20:09,5.26,0.01,101,53126,买盘
2049,10:20:04,5.25,-0.01,52,27300,卖盘
2050,10:19:59,5.26,--,15,7890,买盘
2051,10:19:54,5.26,0.01,104,54704,买盘
2052,10:19:49,5.25,-0.01,123,64575,卖盘
2053,10:19:44,5.26,--,10,5260,买盘
2054,10:19:39,5.26,--,155,81530,买盘
2055,10:19:34,5.26,0.01,28,14728,买盘
2056,10:19:29,5.25,-0.01,1493,783825,卖盘
2057,10:19:24,5.26,0.01,113,59438,买盘
2058,10:19:19,5.25,-0.01,4261,2237025,卖盘
2059,10:19:09,5.26,--,84,44184,买盘
2060,10:19:04,5.26,0.01,38,19988,买盘
2061,10:18:59,5.25,-0.01,66,34650,卖盘
2062,10:18:54,5.26,--,300,157800,买盘
2063,10:18:49,5.26,--,23,12098,买盘
2064,10:18:44,5.26,--,60,31560,买盘
2065,10:18:39,5.26,--,24,12624,买盘
2066,10:18:34,5.26,--,66,34716,买盘
2067,10:18:24,5.26,0.01,14,7364,买盘
2068,10:18:19,5.25,-0.01,223,117075,卖盘
2069,10:18:14,5.26,--,1129,593854,买盘
2070,10:18:09,5.26,0.01,78,41028,买盘
2071,10:18:04,5.25,-0.01,69,36225,卖盘
2072,10:17:59,5.26,--,246,129396,买盘
2073,10:17:54,5.26,0.01,5,2630,买盘
2074,10:17:49,5.25,-0.01,13,6825,卖盘
2075,10:17:44,5.26,--,160,84160,买盘
2076,10:17:39,5.26,--,43,22618,买盘
2077,10:17:34,5.26,--,161,84686,买盘
2078,10:17:28,5.26,--,3,1578,买盘
2079,10:17:23,5.26,--,50,26300,买盘
2080,10:17:19,5.26,--,175,92050,买盘
2081,10:17:09,5.26,--,4,2104,买盘
2082,10:17:04,5.26,0.01,40,21040,买盘
2083,10:16:58,5.25,--,22,11550,卖盘
2084,10:16:49,5.25,--,131,68775,卖盘
2085,10:16:43,5.25,--,503,264075,卖盘
2086,10:16:34,5.25,-0.01,326,171150,卖盘
2087,10:16:28,5.26,--,7,3682,买盘
2088,10:16:19,5.26,--,200,105200,买盘
2089,10:16:13,5.26,--,2,1052,买盘
2090,10:16:03,5.26,0.01,1050,552300,买盘
2091,10:15:58,5.25,-0.01,44,23100,卖盘
2092,10:15:53,5.26,--,24,12624,买盘
2093,10:15:48,5.26,0.01,212,111512,买盘
2094,10:15:43,5.25,--,442,232050,卖盘
2095,10:15:38,5.25,-0.01,32,16800,卖盘
2096,10:15:33,5.26,0.01,114,59964,买盘
2097,10:15:28,5.25,--,181,95025,卖盘
2098,10:15:23,5.25,--,50,26250,卖盘
2099,10:15:18,5.25,-0.01,20,10500,卖盘
2100,10:15:13,5.26,--,24,12624,买盘
2101,10:15:08,5.26,--,23,12098,买盘
2102,10:15:03,5.26,--,1315,691690,买盘
2103,10:14:58,5.26,--,43,22618,买盘
2104,10:14:53,5.26,--,36,18936,买盘
2105,10:14:48,5.26,--,887,466562,买盘
2106,10:14:43,5.26,--,248,130448,买盘
2107,10:14:38,5.26,--,50,26300,买盘
2108,10:14:33,5.26,--,104,54704,买盘
2109,10:14:28,5.26,0.01,100,52600,买盘
2110,10:14:23,5.25,-0.01,20,10500,卖盘
2111,10:14:18,5.26,--,549,288774,买盘
2112,10:14:13,5.26,--,31,16306,买盘
2113,10:14:08,5.26,--,700,368200,买盘
2114,10:14:03,5.26,0.01,395,207770,买盘
2115,10:13:58,5.25,-0.01,49,25725,卖盘
2116,10:13:48,5.26,--,108,56808,买盘
2117,10:13:43,5.26,--,19,10309,卖盘
2118,10:13:38,5.26,-0.01,929,488654,卖盘
2119,10:13:33,5.27,0.01,143,75361,买盘
2120,10:13:28,5.26,-0.01,205,107830,卖盘
2121,10:13:23,5.27,0.01,9,4743,买盘
2122,10:13:18,5.26,-0.01,18,9468,卖盘
2123,10:13:13,5.27,0.01,47,24768,买盘
2124,10:13:08,5.26,-0.01,101,53126,卖盘
2125,10:13:03,5.27,0.01,371,195516,买盘
2126,10:12:58,5.26,--,476,250376,卖盘
2127,10:12:53,5.26,--,13,6838,卖盘
2128,10:12:48,5.26,-0.01,149,78374,卖盘
2129,10:12:43,5.27,--,49,25822,买盘
2130,10:12:38,5.27,0.01,270,142290,买盘
2131,10:12:33,5.26,--,807,424482,卖盘
2132,10:12:28,5.26,--,56,29456,卖盘
2133,10:12:23,5.26,-0.01,992,521792,卖盘
2134,10:12:18,5.27,--,144,75888,买盘
2135,10:12:13,5.27,--,50,26349,买盘
2136,10:12:08,5.27,--,744,392087,买盘
2137,10:12:03,5.27,0.01,555,292485,买盘
2138,10:11:58,5.26,-0.01,98,51548,卖盘
2139,10:11:48,5.27,--,10,5270,买盘
2140,10:11:43,5.27,--,13,6850,买盘
2141,10:11:33,5.27,0.01,59,31092,买盘
2142,10:11:28,5.26,--,91,47866,卖盘
2143,10:11:22,5.26,-0.01,31,16306,卖盘
2144,10:11:18,5.27,--,6,3161,买盘
2145,10:11:13,5.27,--,4,2108,买盘
2146,10:11:07,5.27,0.01,43,22660,买盘
2147,10:11:03,5.26,--,129,67854,卖盘
2148,10:10:58,5.26,--,118,62068,卖盘
2149,10:10:52,5.26,--,13,6838,卖盘
2150,10:10:48,5.26,-0.01,34,17884,卖盘
2151,10:10:43,5.27,0.01,4,2108,买盘
2152,10:10:37,5.26,--,33,17358,卖盘
2153,10:10:28,5.26,-0.01,75,39450,卖盘
2154,10:10:17,5.27,--,131,69037,买盘
2155,10:10:12,5.27,--,28,14755,买盘
2156,10:10:07,5.27,0.01,69,36363,买盘
2157,10:09:57,5.26,--,121,63646,卖盘
2158,10:09:52,5.26,-0.01,149,78374,卖盘
2159,10:09:43,5.27,0.01,60,31619,买盘
2160,10:09:37,5.26,-0.01,86,45236,卖盘
2161,10:09:28,5.27,0.01,78,41106,买盘
2162,10:09:22,5.26,-0.01,1086,571236,卖盘
2163,10:09:17,5.27,--,44,23187,买盘
2164,10:09:12,5.27,--,2037,1073499,买盘
2165,10:09:07,5.27,0.01,81,42687,买盘
2166,10:08:57,5.26,-0.01,68,35768,卖盘
2167,10:08:52,5.27,0.01,62,32673,买盘
2168,10:08:47,5.26,-0.01,2,1052,卖盘
2169,10:08:42,5.27,--,40,21080,买盘
2170,10:08:37,5.27,--,134,70618,买盘
2171,10:08:32,5.27,--,100,52699,买盘
2172,10:08:27,5.27,0.01,62,32673,买盘
2173,10:08:22,5.26,--,229,120454,卖盘
2174,10:08:17,5.26,-0.01,220,115720,卖盘
2175,10:08:12,5.27,--,128,67456,买盘
2176,10:08:07,5.27,0.01,808,425815,买盘
2177,10:07:57,5.26,--,603,317178,卖盘
2178,10:07:51,5.26,-0.01,1010,531260,卖盘
2179,10:07:42,5.27,0.01,149,78523,买盘
2180,10:07:36,5.26,-0.01,129,67854,卖盘
2181,10:07:32,5.27,--,184,96967,买盘
2182,10:07:27,5.27,0.01,23,12120,买盘
2183,10:07:22,5.26,--,1,526,卖盘
2184,10:07:17,5.26,-0.01,89,46814,卖盘
2185,10:07:12,5.27,0.01,5,2635,买盘
2186,10:07:06,5.26,--,866,455516,卖盘
2187,10:06:57,5.26,-0.01,870,457620,卖盘
2188,10:06:52,5.27,0.01,59,31092,买盘
2189,10:06:47,5.26,-0.01,331,174106,卖盘
2190,10:06:42,5.27,--,16,8432,买盘
2191,10:06:36,5.27,--,134,70618,买盘
2192,10:06:32,5.27,--,124,65347,买盘
2193,10:06:27,5.27,0.01,30,15809,买盘
2194,10:06:21,5.26,--,33,17358,卖盘
2195,10:06:12,5.26,-0.01,100,52652,卖盘
2196,10:06:06,5.27,0.01,89,46902,买盘
2197,10:05:57,5.26,-0.01,27,14202,卖盘
2198,10:05:47,5.27,--,3,1580,买盘
2199,10:05:42,5.27,0.01,115,60604,买盘
2200,10:05:36,5.26,-0.01,79,41554,卖盘
2201,10:05:32,5.27,--,100,52699,买盘
2202,10:05:27,5.27,0.01,3,1580,买盘
2203,10:05:21,5.26,--,11,5943,卖盘
2204,10:05:17,5.26,-0.01,129,67854,卖盘
2205,10:05:12,5.27,--,58,30565,买盘
2206,10:05:06,5.27,--,37,19499,买盘
2207,10:05:02,5.27,0.01,1,527,买盘
2208,10:04:57,5.26,--,23,12098,卖盘
2209,10:04:47,5.26,-0.01,714,375564,卖盘
2210,10:04:42,5.27,--,233,122790,买盘
2211,10:04:36,5.27,--,178,93805,买盘
2212,10:04:32,5.27,--,100,52699,买盘
2213,10:04:27,5.27,0.01,262,138074,买盘
2214,10:04:21,5.26,--,1050,552300,卖盘
2215,10:04:16,5.26,-0.01,29,15254,卖盘
2216,10:04:12,5.27,--,212,111723,买盘
2217,10:04:06,5.27,0.01,80,42160,买盘
2218,10:04:01,5.26,--,843,443418,卖盘
2219,10:03:57,5.26,--,1013,532838,卖盘
2220,10:03:51,5.26,--,1,526,卖盘
2221,10:03:46,5.26,-0.01,32,16832,卖盘
2222,10:03:41,5.27,--,84,44268,买盘
2223,10:03:36,5.27,--,210,110669,买盘
2224,10:03:31,5.27,0.01,192,101183,买盘
2225,10:03:26,5.26,--,5,2630,卖盘
2226,10:03:16,5.26,--,41,21566,卖盘
2227,10:03:11,5.26,-0.01,79,41554,卖盘
2228,10:03:06,5.27,--,71,37417,买盘
2229,10:03:01,5.27,--,16,8432,买盘
2230,10:02:56,5.27,0.01,3,1580,买盘
2231,10:02:51,5.26,--,20,10520,卖盘
2232,10:02:46,5.26,--,43,22618,卖盘
2233,10:02:41,5.26,--,113,59438,卖盘
2234,10:02:36,5.26,-0.01,55,28930,卖盘
2235,10:02:31,5.27,--,198,104345,买盘
2236,10:02:26,5.27,0.01,4,2108,买盘
2237,10:02:21,5.26,--,10,5260,卖盘
2238,10:02:16,5.26,-0.01,89,46814,卖盘
2239,10:02:11,5.27,0.01,31,16336,买盘
2240,10:02:06,5.26,--,209,109934,卖盘
2241,10:02:01,5.26,-0.01,623,327698,卖盘
2242,10:01:56,5.27,--,11,5796,买盘
2243,10:01:51,5.27,0.01,177,93278,买盘
2244,10:01:46,5.26,--,5,2630,卖盘
2245,10:01:41,5.26,-0.01,43,22618,卖盘
2246,10:01:36,5.27,--,380,200259,买盘
2247,10:01:21,5.27,--,66,34782,买盘
2248,10:01:16,5.27,--,149,78523,买盘
2249,10:01:11,5.27,0.01,3,1580,买盘
2250,10:01:06,5.26,--,55,28930,卖盘
2251,10:01:00,5.26,-0.01,109,57334,卖盘
2252,10:00:51,5.27,--,85,44795,买盘
2253,10:00:46,5.27,0.01,12,6323,买盘
2254,10:00:41,5.26,-0.01,120,63120,卖盘
2255,10:00:36,5.27,--,170,89590,买盘
2256,10:00:31,5.27,--,1008,531216,买盘
2257,10:00:21,5.27,--,64,33728,买盘
2258,10:00:15,5.27,--,118,62185,买盘
2259,10:00:11,5.27,0.01,6,3161,买盘
2260,10:00:06,5.26,-0.01,1025,539150,卖盘
2261,10:00:00,5.27,--,11,5796,买盘
2262,09:59:56,5.27,0.01,30,15809,买盘
2263,09:59:51,5.26,-0.01,12,6312,卖盘
2264,09:59:45,5.27,--,35,18445,买盘
2265,09:59:41,5.27,--,195,102764,买盘
2266,09:59:36,5.27,--,125,65875,买盘
2267,09:59:30,5.27,--,156,82212,买盘
2268,09:59:21,5.27,--,11,5796,买盘
2269,09:59:15,5.27,0.01,84,44268,买盘
2270,09:59:11,5.26,--,737,387662,卖盘
2271,09:59:06,5.26,-0.01,410,215660,卖盘
2272,09:59:00,5.27,0.01,705,371534,买盘
2273,09:58:56,5.26,--,255,134130,卖盘
2274,09:58:51,5.26,--,810,426060,卖盘
2275,09:58:45,5.26,--,10,5260,卖盘
2276,09:58:41,5.26,-0.01,484,254584,卖盘
2277,09:58:36,5.27,--,253,133331,买盘
2278,09:58:30,5.27,--,1,527,买盘
2279,09:58:21,5.27,--,941,495906,买盘
2280,09:58:15,5.27,0.01,257,135439,买盘
2281,09:58:11,5.26,-0.01,527,277202,卖盘
2282,09:58:05,5.27,--,199,104872,买盘
2283,09:58:00,5.27,0.01,56,29670,买盘
2284,09:57:50,5.26,--,54,28404,卖盘
2285,09:57:45,5.26,-0.01,172,90472,卖盘
2286,09:57:36,5.27,0.01,375,197624,买盘
2287,09:57:25,5.26,-0.01,5,2630,卖盘
2288,09:57:20,5.27,--,1,527,买盘
2289,09:57:15,5.27,--,68,35836,买盘
2290,09:57:10,5.27,0.01,3,1580,买盘
2291,09:57:05,5.26,--,24,12624,卖盘
2292,09:57:00,5.26,--,10,5260,卖盘
2293,09:56:50,5.26,-0.01,10,5260,卖盘
2294,09:56:40,5.27,0.01,479,252432,买盘
2295,09:56:35,5.26,-0.01,25,13150,卖盘
2296,09:56:30,5.27,0.01,100,52699,买盘
2297,09:56:25,5.26,-0.01,494,259844,卖盘
2298,09:56:20,5.27,--,100,52699,买盘
2299,09:56:15,5.27,--,1645,866914,买盘
2300,09:56:10,5.27,--,592,311984,买盘
2301,09:56:05,5.27,--,39,20553,买盘
2302,09:56:00,5.27,--,616,324632,买盘
2303,09:55:50,5.27,--,362,190773,买盘
2304,09:55:45,5.27,--,15,7904,买盘
2305,09:55:40,5.27,--,100,52699,买盘
2306,09:55:35,5.27,--,59,31092,买盘
2307,09:55:30,5.27,0.01,100,52699,买盘
2308,09:55:20,5.26,-0.01,25,13150,卖盘
2309,09:55:15,5.27,--,224,118047,买盘
2310,09:55:10,5.27,--,213,112250,买盘
2311,09:55:05,5.27,0.01,29,15282,买盘
2312,09:55:00,5.26,--,10,5260,卖盘
2313,09:54:50,5.26,-0.01,20,10520,卖盘
2314,09:54:45,5.27,0.01,10,5270,买盘
2315,09:54:40,5.26,-0.01,93,48918,卖盘
2316,09:54:35,5.27,--,227,119628,买盘
2317,09:54:30,5.27,0.01,169,89063,买盘
2318,09:54:25,5.26,--,56,29456,卖盘
2319,09:54:15,5.26,-0.01,130,68380,卖盘
2320,09:54:09,5.27,0.01,792,417383,买盘
2321,09:54:05,5.26,--,25,13150,卖盘
2322,09:54:00,5.26,--,110,57860,卖盘
2323,09:53:55,5.26,--,1431,752706,卖盘
2324,09:53:50,5.26,-0.01,4,2104,卖盘
2325,09:53:45,5.27,--,31,16336,买盘
2326,09:53:39,5.27,--,50,26349,买盘
2327,09:53:35,5.27,--,350,184449,买盘
2328,09:53:30,5.27,0.01,374,197097,买盘
2329,09:53:24,5.26,--,63,33138,卖盘
2330,09:53:15,5.26,-0.01,2,1052,卖盘
2331,09:53:09,5.27,0.01,378,199205,买盘
2332,09:53:05,5.26,--,719,378194,卖盘
2333,09:53:00,5.26,--,208,109408,卖盘
2334,09:52:54,5.26,-0.01,775,407650,卖盘
2335,09:52:45,5.27,--,19,10013,买盘
2336,09:52:39,5.27,--,1820,959139,买盘
2337,09:52:35,5.27,--,392,206583,买盘
2338,09:52:30,5.27,--,57,30038,买盘
2339,09:52:24,5.27,--,423,222920,买盘
2340,09:52:20,5.27,--,30,15809,卖盘
2341,09:52:15,5.27,--,36,18972,卖盘
2342,09:52:09,5.27,--,403,212380,卖盘
2343,09:52:05,5.27,-0.01,31,16336,卖盘
2344,09:52:00,5.28,0.01,384,202752,买盘
2345,09:51:54,5.27,--,114,60077,卖盘
2346,09:51:45,5.27,-0.01,195,102764,卖盘
2347,09:51:39,5.28,0.01,247,130416,买盘
2348,09:51:35,5.27,--,82,43214,买盘
2349,09:51:30,5.27,--,115,60604,买盘
2350,09:51:24,5.27,--,68,35836,买盘
2351,09:51:15,5.27,--,66,34782,买盘
2352,09:51:09,5.27,--,93,49010,卖盘
2353,09:51:05,5.27,--,32,16864,卖盘
2354,09:51:00,5.27,--,170,89590,卖盘
2355,09:50:54,5.27,--,595,313565,买盘
2356,09:50:50,5.27,--,13,6850,买盘
2357,09:50:45,5.27,--,20,10540,买盘
2358,09:50:39,5.27,--,60,31619,买盘
2359,09:50:35,5.27,--,391,206056,买盘
2360,09:50:30,5.27,--,459,241892,买盘
2361,09:50:24,5.27,--,43,22660,买盘
2362,09:50:19,5.27,--,10,5270,买盘
2363,09:50:14,5.27,--,283,149141,买盘
2364,09:50:09,5.27,0.01,3,1580,买盘
2365,09:50:04,5.26,--,24,12624,卖盘
2366,09:49:59,5.26,-0.01,15,7890,卖盘
2367,09:49:54,5.27,--,38,20026,买盘
2368,09:49:49,5.27,--,81,43187,卖盘
2369,09:49:44,5.27,--,52,27403,卖盘
2370,09:49:39,5.27,--,94,49880,卖盘
2371,09:49:34,5.27,--,1145,603625,买盘
2372,09:49:29,5.27,0.01,100,52699,买盘
2373,09:49:24,5.26,-0.01,110,57860,卖盘
2374,09:49:19,5.27,--,411,216596,买盘
2375,09:49:14,5.27,0.01,108,56915,买盘
2376,09:49:09,5.26,--,40,21040,卖盘
2377,09:49:04,5.26,-0.01,85,44710,卖盘
2378,09:48:59,5.27,0.01,1722,907493,买盘
2379,09:48:54,5.26,--,880,462880,卖盘
2380,09:48:49,5.26,--,226,118876,卖盘
2381,09:48:44,5.26,-0.01,99,52074,卖盘
2382,09:48:34,5.27,0.01,220,115939,买盘
2383,09:48:29,5.26,--,298,156748,卖盘
2384,09:48:24,5.26,-0.01,124,65224,卖盘
2385,09:48:19,5.27,0.01,1,527,买盘
2386,09:48:09,5.26,--,107,56282,卖盘
2387,09:48:04,5.26,--,135,71010,卖盘
2388,09:47:59,5.26,--,243,127818,卖盘
2389,09:47:54,5.26,--,100,52600,卖盘
2390,09:47:49,5.26,--,65,34190,卖盘
2391,09:47:39,5.26,-0.01,12,6312,卖盘
2392,09:47:34,5.27,--,144,75888,买盘
2393,09:47:29,5.27,0.01,471,248216,买盘
2394,09:47:24,5.26,--,65,34190,卖盘
2395,09:47:19,5.26,-0.01,917,482342,卖盘
2396,09:47:09,5.27,0.01,275,144925,买盘
2397,09:47:04,5.26,--,216,113616,卖盘
2398,09:46:59,5.26,--,310,163060,卖盘
2399,09:46:54,5.26,-0.01,143,75218,卖盘
2400,09:46:48,5.27,0.01,212,111723,买盘
2401,09:46:44,5.26,-0.01,10,5260,卖盘
2402,09:46:39,5.27,--,2,1054,买盘
2403,09:46:33,5.27,0.01,235,123844,买盘
2404,09:46:24,5.26,--,60,31560,卖盘
2405,09:46:18,5.26,-0.01,223,117298,卖盘
2406,09:46:14,5.27,0.01,5,2635,买盘
2407,09:46:09,5.26,--,320,168320,卖盘
2408,09:46:03,5.26,--,129,67854,卖盘
2409,09:45:59,5.26,-0.01,23,12098,卖盘
2410,09:45:54,5.27,--,12,6323,买盘
2411,09:45:48,5.27,--,149,78523,买盘
2412,09:45:44,5.27,0.01,281,148087,买盘
2413,09:45:39,5.26,--,1091,573866,卖盘
2414,09:45:33,5.26,--,3134,1648484,卖盘
2415,09:45:24,5.26,-0.01,50,26300,卖盘
2416,09:45:18,5.27,0.01,112,59023,买盘
2417,09:45:14,5.26,--,160,84160,卖盘
2418,09:45:03,5.26,--,185,97310,卖盘
2419,09:44:59,5.26,-0.01,22,11572,卖盘
2420,09:44:54,5.27,0.01,28,14755,买盘
2421,09:44:48,5.26,-0.01,13,6838,卖盘
2422,09:44:44,5.27,0.01,1,527,买盘
2423,09:44:33,5.26,--,261,137286,卖盘
2424,09:44:24,5.26,-0.01,13,6838,卖盘
2425,09:44:18,5.27,--,50,26349,买盘
2426,09:44:14,5.27,0.01,100,52699,买盘
2427,09:44:03,5.26,-0.01,124,65224,卖盘
2428,09:43:59,5.27,--,12,6323,买盘
2429,09:43:53,5.27,--,244,128587,买盘
2430,09:43:48,5.27,--,152,80104,买盘
2431,09:43:43,5.27,--,100,52699,买盘
2432,09:43:38,5.27,--,130,68510,买盘
2433,09:43:33,5.27,--,154,81158,买盘
2434,09:43:28,5.27,0.01,83,44157,买盘
2435,09:43:23,5.26,-0.01,1,526,卖盘
2436,09:43:18,5.27,--,3650,1923549,买盘
2437,09:43:13,5.27,--,124,65347,买盘
2438,09:43:08,5.27,0.01,350,184449,买盘
2439,09:43:03,5.26,--,37,19462,卖盘
2440,09:42:58,5.26,-0.01,11,5786,卖盘
2441,09:42:53,5.27,0.01,1,527,买盘
2442,09:42:48,5.26,--,15,7890,卖盘
2443,09:42:38,5.26,-0.01,1185,623310,卖盘
2444,09:42:33,5.27,0.01,334,176018,买盘
2445,09:42:23,5.26,-0.01,10,5260,卖盘
2446,09:42:18,5.27,0.01,27,14228,买盘
2447,09:42:13,5.26,-0.01,501,263526,卖盘
2448,09:42:08,5.27,0.01,100,52699,买盘
2449,09:42:03,5.26,--,90,47340,卖盘
2450,09:41:58,5.26,--,10,5260,卖盘
2451,09:41:53,5.26,--,200,105200,卖盘
2452,09:41:48,5.26,-0.01,220,115720,卖盘
2453,09:41:33,5.27,0.01,2657,1400239,买盘
2454,09:41:23,5.26,-0.01,120,63120,卖盘
2455,09:41:13,5.27,0.01,130,68510,买盘
2456,09:41:08,5.26,--,8,4208,卖盘
2457,09:41:03,5.26,--,69,36294,卖盘
2458,09:40:58,5.26,--,4,2104,卖盘
2459,09:40:53,5.26,--,2345,1233470,卖盘
2460,09:40:48,5.26,-0.01,1216,639616,卖盘
2461,09:40:43,5.27,--,356,187611,买盘
2462,09:40:38,5.27,0.01,264,139128,买盘
2463,09:40:33,5.26,--,8135,4279010,卖盘
2464,09:40:23,5.26,-0.01,59,31034,卖盘
2465,09:40:18,5.27,0.01,1,527,买盘
2466,09:40:08,5.26,--,32,16832,卖盘
2467,09:40:03,5.26,--,24,12624,卖盘
2468,09:39:57,5.26,--,22,11572,卖盘
2469,09:39:53,5.26,--,54,28404,卖盘
2470,09:39:48,5.26,--,122,64172,卖盘
2471,09:39:42,5.26,--,189,99414,卖盘
2472,09:39:33,5.26,-0.01,208,109408,卖盘
2473,09:39:27,5.27,0.01,372,196043,买盘
2474,09:39:23,5.26,-0.01,2,1052,卖盘
2475,09:39:18,5.27,--,8,4216,买盘
2476,09:39:12,5.27,--,10,5270,买盘
2477,09:39:08,5.27,0.01,10,5270,买盘
2478,09:39:03,5.26,-0.01,51,26826,卖盘
2479,09:38:57,5.27,--,97,51118,买盘
2480,09:38:53,5.27,--,5,2635,买盘
2481,09:38:48,5.27,0.01,102,53753,买盘
2482,09:38:42,5.26,-0.01,278,146228,卖盘
2483,09:38:38,5.27,0.01,12,6323,买盘
2484,09:38:33,5.26,-0.01,337,177262,卖盘
2485,09:38:27,5.27,0.01,73,38471,买盘
2486,09:38:18,5.26,-0.01,100,52600,卖盘
2487,09:38:12,5.27,--,387,203948,买盘
2488,09:38:08,5.27,0.01,2,1054,买盘
2489,09:38:03,5.26,--,117,61542,卖盘
2490,09:37:57,5.26,--,7,3682,卖盘
2491,09:37:48,5.26,-0.01,63,33138,卖盘
2492,09:37:42,5.27,--,3199,1685872,买盘
2493,09:37:38,5.27,--,100,52699,买盘
2494,09:37:33,5.27,--,261,137547,买盘
2495,09:37:27,5.27,--,31,16336,买盘
2496,09:37:18,5.27,--,28,14755,买盘
2497,09:37:12,5.27,--,20,10540,买盘
2498,09:37:07,5.27,--,700,368899,卖盘
2499,09:37:03,5.27,--,111,58496,卖盘
2500,09:36:57,5.27,-0.01,127,66929,卖盘
2501,09:36:47,5.28,0.01,6,3168,买盘
2502,09:36:42,5.27,-0.01,59,31092,卖盘
2503,09:36:37,5.28,--,30,15840,买盘
2504,09:36:32,5.28,--,1443,761904,买盘
2505,09:36:27,5.28,0.01,24,12672,买盘
2506,09:36:22,5.27,-0.01,8,4216,卖盘
2507,09:36:17,5.28,--,180,95040,买盘
2508,09:36:12,5.28,--,496,261888,买盘
2509,09:36:02,5.28,--,34,17952,买盘
2510,09:35:57,5.28,0.01,70,36960,买盘
2511,09:35:52,5.27,--,20,10540,卖盘
2512,09:35:47,5.27,-0.01,361,190246,卖盘
2513,09:35:42,5.28,--,101,53328,买盘
2514,09:35:37,5.28,0.02,4,2112,买盘
2515,09:35:32,5.26,--,165,86790,卖盘
2516,09:35:27,5.26,-0.02,255,134535,卖盘
2517,09:35:22,5.28,0.01,340,179520,买盘
2518,09:35:17,5.27,0.01,130,68510,买盘
2519,09:35:12,5.26,-0.01,208,109408,卖盘
2520,09:35:07,5.27,0.01,42,22134,买盘
2521,09:35:02,5.26,-0.01,203,106778,卖盘
2522,09:34:57,5.27,--,28,14755,买盘
2523,09:34:47,5.27,--,490,258229,买盘
2524,09:34:42,5.27,--,124,65347,买盘
2525,09:34:37,5.27,0.01,90,47429,买盘
2526,09:34:32,5.26,-0.01,150,78900,卖盘
2527,09:34:27,5.27,--,243,128060,买盘
2528,09:34:22,5.27,--,167,88009,买盘
2529,09:34:17,5.27,--,1173,618250,买盘
2530,09:34:12,5.27,--,366,192881,买盘
2531,09:34:07,5.27,0.01,20,10540,买盘
2532,09:34:02,5.26,--,585,307710,卖盘
2533,09:33:57,5.26,-0.01,709,372934,卖盘
2534,09:33:52,5.27,0.01,350,184449,买盘
2535,09:33:47,5.26,--,63,33138,卖盘
2536,09:33:42,5.26,-0.01,113,59438,卖盘
2537,09:33:37,5.27,0.01,50,26349,买盘
2538,09:33:32,5.26,-0.01,183,96258,卖盘
2539,09:33:27,5.27,--,114,60077,买盘
2540,09:33:22,5.27,--,78,41106,买盘
2541,09:33:17,5.27,0.01,168,88536,买盘
2542,09:33:12,5.26,-0.01,152,79952,卖盘
2543,09:33:06,5.27,0.01,230,121209,买盘
2544,09:33:02,5.26,-0.01,95,49970,卖盘
2545,09:32:57,5.27,--,426,224501,买盘
2546,09:32:51,5.27,0.01,103,54280,买盘
2547,09:32:47,5.26,--,121,63646,卖盘
2548,09:32:42,5.26,-0.01,82,43132,卖盘
2549,09:32:36,5.27,--,10,5270,买盘
2550,09:32:32,5.27,--,547,288269,买盘
2551,09:32:27,5.27,0.01,113,59550,买盘
2552,09:32:21,5.26,-0.01,21,11046,卖盘
2553,09:32:17,5.27,--,27,14228,买盘
2554,09:32:12,5.27,0.01,23,12120,买盘
2555,09:32:06,5.26,-0.01,27,14202,卖盘
2556,09:32:02,5.27,0.01,182,95913,买盘
2557,09:31:57,5.26,-0.01,11,5786,卖盘
2558,09:31:51,5.27,0.01,1237,651899,买盘
2559,09:31:47,5.26,-0.01,185,97310,卖盘
2560,09:31:42,5.27,--,648,341496,买盘
2561,09:31:36,5.27,--,65,34255,买盘
2562,09:31:27,5.27,0.01,1412,744123,买盘
2563,09:31:21,5.26,-0.01,6,3156,卖盘
2564,09:31:17,5.27,0.01,124,65347,买盘
2565,09:31:12,5.26,0.01,110,57860,卖盘
2566,09:31:06,5.25,-0.01,494,259350,卖盘
2567,09:31:02,5.26,0.01,460,241960,买盘
2568,09:30:57,5.25,-0.01,3273,1718325,卖盘
2569,09:30:51,5.26,--,153,80478,买盘
2570,09:30:42,5.26,--,80,42080,买盘
2571,09:30:36,5.26,--,79,41554,买盘
2572,09:30:31,5.26,--,70,36820,买盘
2573,09:30:27,5.26,--,264,138864,买盘
2574,09:30:21,5.26,--,5,2630,买盘
2575,09:30:16,5.26,--,30,15780,买盘
2576,09:30:11,5.26,--,46,24196,买盘
2577,09:30:06,5.26,--,1529,804254,买盘
2578,09:28:51,5.26,--,0,0,买盘
2579,09:25:04,5.26,5.26,5789,3045014,买盘
