,time,price,change,volume,amount,type
0,15:00:00,3.55,--,0,0,卖盘
1,15:00:00,3.55,-0.01,0,0,卖盘
2,15:00:00,3.56,0.01,8,2848,买盘
3,14:59:50,3.55,--,319,113245,卖盘
4,14:59:40,3.55,-0.01,127,45085,卖盘
5,14:59:35,3.56,--,29,10324,买盘
6,14:59:30,3.56,0.01,200,71200,买盘
7,14:59:19,3.55,--,1,355,卖盘
8,14:59:15,3.55,-0.01,1,355,卖盘
9,14:59:10,3.56,--,26,9256,买盘
10,14:59:05,3.56,--,1,356,买盘
11,14:58:56,3.56,--,117,41652,买盘
12,14:58:45,3.56,--,30,10680,买盘
13,14:58:34,3.56,--,52,18512,买盘
14,14:58:29,3.56,0.01,62,22072,买盘
15,14:58:24,3.55,-0.01,502,178210,卖盘
16,14:58:20,3.56,--,1,356,买盘
17,14:58:15,3.56,0.01,41,14596,买盘
18,14:58:05,3.55,--,65,23075,卖盘
19,14:57:54,3.55,-0.01,14,4970,卖盘
20,14:57:50,3.56,--,352,125312,买盘
21,14:57:38,3.56,0.01,630,224280,买盘
22,14:57:30,3.55,--,380,134900,卖盘
23,14:57:24,3.55,--,268,95140,卖盘
24,14:57:19,3.55,-0.01,12,4260,卖盘
25,14:57:15,3.56,0.01,1,356,买盘
26,14:56:45,3.55,--,15,5325,卖盘
27,14:56:39,3.55,--,10,3550,卖盘
28,14:56:34,3.55,-0.01,15,5325,卖盘
29,14:56:30,3.56,--,81,28836,买盘
30,14:56:19,3.56,0.01,6,2136,买盘
31,14:56:00,3.55,--,1,553,卖盘
32,14:55:54,3.55,--,2,710,卖盘
33,14:55:50,3.55,--,502,178210,卖盘
34,14:55:30,3.55,-0.01,405,143775,卖盘
35,14:55:15,3.56,0.01,3026,1077256,买盘
36,14:55:04,3.55,--,100,35500,卖盘
37,14:55:00,3.55,--,50,17750,卖盘
38,14:54:49,3.55,--,1179,418545,买盘
39,14:54:45,3.55,--,599,212645,买盘
40,14:54:39,3.55,--,92,32660,买盘
41,14:54:35,3.55,0.01,209,74195,买盘
42,14:54:29,3.54,--,0,10,卖盘
43,14:54:19,3.54,-0.01,233,82503,卖盘
44,14:54:14,3.55,0.01,114,40470,买盘
45,14:54:09,3.54,--,0,21,卖盘
46,14:54:04,3.54,--,15,5310,卖盘
47,14:53:59,3.54,--,1,375,卖盘
48,14:53:54,3.54,--,8,2832,卖盘
49,14:53:49,3.54,--,222,78605,卖盘
50,14:53:44,3.54,-0.01,58,20553,卖盘
51,14:53:35,3.55,--,61,21655,买盘
52,14:53:29,3.55,0.01,206,73151,买盘
53,14:53:24,3.54,--,10,3540,卖盘
54,14:53:19,3.54,--,40,14181,卖盘
55,14:53:14,3.54,--,6,2124,卖盘
56,14:53:09,3.54,--,0,17,卖盘
57,14:53:04,3.54,--,77,27258,卖盘
58,14:52:59,3.54,-0.01,45,15951,卖盘
59,14:52:49,3.55,0.01,831,295026,买盘
60,14:52:44,3.54,-0.01,234,82857,卖盘
61,14:52:39,3.55,0.01,50,17750,买盘
62,14:52:35,3.54,--,119,42126,卖盘
63,14:52:29,3.54,--,0,21,卖盘
64,14:52:20,3.54,-0.01,62,21965,卖盘
65,14:52:14,3.55,0.01,61,21655,买盘
66,14:52:09,3.54,--,0,21,卖盘
67,14:52:04,3.54,-0.01,43,15222,卖盘
68,14:51:59,3.55,--,235,83446,买盘
69,14:51:54,3.55,--,150,53250,买盘
70,14:51:48,3.55,--,11,3926,买盘
71,14:51:43,3.55,0.01,1,355,买盘
72,14:51:39,3.54,--,18,6389,卖盘
73,14:51:33,3.54,--,49,17346,卖盘
74,14:51:29,3.54,--,11,3915,卖盘
75,14:51:24,3.54,--,221,78234,卖盘
76,14:51:18,3.54,--,0,21,卖盘
77,14:51:09,3.54,--,143,50643,卖盘
78,14:51:03,3.54,--,0,21,卖盘
79,14:50:48,3.54,--,0,17,卖盘
80,14:50:43,3.54,--,5,1770,卖盘
81,14:50:38,3.54,--,61,21615,卖盘
82,14:50:33,3.54,-0.01,67,23718,卖盘
83,14:50:28,3.55,--,556,197401,买盘
84,14:50:23,3.55,--,20,7100,买盘
85,14:50:18,3.55,--,5,1796,买盘
86,14:50:14,3.55,--,39,13845,买盘
87,14:50:09,3.55,0.01,18,6407,买盘
88,14:50:03,3.54,-0.01,46,16284,卖盘
89,14:49:58,3.55,0.01,1,376,买盘
90,14:49:54,3.54,-0.01,230,81441,卖盘
91,14:49:48,3.55,0.01,20,7100,买盘
92,14:49:43,3.54,--,30,10620,卖盘
93,14:49:38,3.54,--,64,22656,卖盘
94,14:49:29,3.54,-0.01,775,274350,卖盘
95,14:49:24,3.55,0.01,51,18105,买盘
96,14:49:18,3.54,-0.01,17,6018,卖盘
97,14:49:13,3.55,0.01,28,9940,买盘
98,14:49:09,3.54,--,243,86022,卖盘
99,14:49:03,3.54,--,15,5310,卖盘
100,14:48:58,3.54,-0.01,208,73632,卖盘
101,14:48:54,3.55,0.01,85,30175,买盘
102,14:48:48,3.54,--,15,5310,卖盘
103,14:48:43,3.54,--,110,38940,卖盘
104,14:48:39,3.54,-0.01,41,14514,卖盘
105,14:48:33,3.55,--,84,29820,买盘
106,14:48:28,3.55,--,459,162945,买盘
107,14:48:24,3.55,--,50,17750,买盘
108,14:48:18,3.55,--,375,133125,买盘
109,14:48:13,3.55,--,168,59640,买盘
110,14:48:09,3.55,--,169,59995,买盘
111,14:48:03,3.55,0.01,45,15975,买盘
112,14:47:58,3.54,-0.01,57,20178,卖盘
113,14:47:54,3.55,0.01,117,41535,买盘
114,14:47:47,3.54,--,978,346212,卖盘
115,14:47:43,3.54,-0.01,403,142662,卖盘
116,14:47:38,3.55,0.01,19,6745,买盘
117,14:47:33,3.54,--,328,116112,卖盘
118,14:47:28,3.54,-0.01,102,36108,卖盘
119,14:47:23,3.55,--,80,28400,买盘
120,14:47:18,3.55,0.01,1,355,买盘
121,14:47:13,3.54,-0.01,313,110802,卖盘
122,14:47:08,3.55,--,60,21300,买盘
123,14:47:03,3.55,0.01,20,7100,买盘
124,14:46:58,3.54,-0.01,63,22302,卖盘
125,14:46:52,3.55,0.01,50,17750,买盘
126,14:46:48,3.54,-0.01,23,8142,卖盘
127,14:46:38,3.55,--,1193,423515,中性盘
128,14:46:33,3.55,--,230,81650,卖盘
129,14:46:23,3.55,--,160,56800,卖盘
130,14:46:13,3.55,-0.01,2021,717455,卖盘
131,14:46:08,3.56,0.01,459,163404,买盘
132,14:46:03,3.55,--,19,6745,卖盘
133,14:45:58,3.55,--,78,27690,卖盘
134,14:45:54,3.55,--,99,35145,卖盘
135,14:45:48,3.55,--,45,15975,卖盘
136,14:45:43,3.55,-0.01,150,53250,卖盘
137,14:45:38,3.56,0.01,291,103596,买盘
138,14:45:33,3.55,--,44,15620,卖盘
139,14:45:29,3.55,-0.01,2,710,卖盘
140,14:45:23,3.56,--,8,2848,买盘
141,14:45:17,3.56,--,1,356,买盘
142,14:45:08,3.56,0.01,401,142756,买盘
143,14:45:03,3.55,-0.01,1934,686570,卖盘
144,14:44:57,3.56,--,20,7120,买盘
145,14:44:53,3.56,0.01,4,1424,买盘
146,14:44:47,3.55,-0.01,10,3550,卖盘
147,14:44:42,3.56,0.01,4,1424,买盘
148,14:44:37,3.55,--,475,168625,卖盘
149,14:44:33,3.55,--,56,19880,卖盘
150,14:44:26,3.55,--,114,40470,卖盘
151,14:44:23,3.55,-0.01,359,127445,卖盘
152,14:44:11,3.56,0.01,4,1424,买盘
153,14:44:07,3.55,--,14,4970,卖盘
154,14:44:03,3.55,-0.01,695,246725,卖盘
155,14:43:52,3.56,--,4,1424,买盘
156,14:43:47,3.56,--,267,95052,买盘
157,14:43:42,3.56,--,4,1424,买盘
158,14:43:37,3.56,--,278,98968,买盘
159,14:43:33,3.56,--,88,31328,买盘
160,14:43:23,3.56,--,5,1780,买盘
161,14:43:17,3.56,0.01,6,2136,买盘
162,14:43:12,3.55,--,50,17750,卖盘
163,14:43:07,3.55,--,256,90880,卖盘
164,14:43:03,3.55,-0.01,229,81295,卖盘
165,14:42:53,3.56,0.01,4,1424,买盘
166,14:42:48,3.55,-0.01,44,15620,卖盘
167,14:42:41,3.56,0.01,5,1780,买盘
168,14:42:38,3.55,-0.01,44,15620,卖盘
169,14:42:32,3.56,--,11,3916,买盘
170,14:42:22,3.56,0.01,4,1424,买盘
171,14:42:11,3.55,--,430,152650,卖盘
172,14:42:07,3.55,--,220,78100,卖盘
173,14:42:03,3.55,--,102,36210,卖盘
174,14:41:57,3.55,-0.01,6,2130,卖盘
175,14:41:52,3.56,--,5,1780,买盘
176,14:41:47,3.56,--,109,38804,买盘
177,14:41:41,3.56,0.01,4,1424,买盘
178,14:41:37,3.55,--,15,5325,卖盘
179,14:41:33,3.55,-0.01,31,11005,卖盘
180,14:41:23,3.56,0.01,5,1780,买盘
181,14:41:16,3.55,-0.01,44,15620,卖盘
182,14:41:12,3.56,--,5,1780,买盘
183,14:41:07,3.56,0.01,688,244928,买盘
184,14:41:03,3.55,-0.01,15,5325,卖盘
185,14:40:57,3.56,0.01,46,16376,买盘
186,14:40:52,3.55,--,32,11360,卖盘
187,14:40:47,3.55,--,44,15620,卖盘
188,14:40:40,3.55,--,7,2485,卖盘
189,14:40:37,3.55,--,15,5325,卖盘
190,14:40:32,3.55,--,39,13845,卖盘
191,14:40:27,3.55,--,150,53250,卖盘
192,14:40:22,3.55,--,204,72420,买盘
193,14:40:17,3.55,--,724,257020,买盘
194,14:40:11,3.55,--,7,2485,买盘
195,14:40:07,3.55,0.01,147,52185,买盘
196,14:40:02,3.54,-0.01,154,54516,卖盘
197,14:39:56,3.55,--,13,4615,买盘
198,14:39:52,3.55,0.01,5,1775,买盘
199,14:39:47,3.54,-0.01,44,15576,卖盘
200,14:39:42,3.55,--,4,1420,买盘
201,14:39:37,3.55,0.01,51,18105,买盘
202,14:39:32,3.54,-0.01,62,21948,卖盘
203,14:39:22,3.55,--,6,2130,买盘
204,14:39:17,3.55,--,45,15975,买盘
205,14:39:12,3.55,--,4,1420,买盘
206,14:39:07,3.55,0.01,277,98335,买盘
207,14:39:01,3.54,-0.01,93,32922,卖盘
208,14:38:56,3.55,--,143,50765,买盘
209,14:38:52,3.55,--,5,1775,买盘
210,14:38:47,3.55,0.01,675,239625,买盘
211,14:38:41,3.54,--,122,43188,卖盘
212,14:38:37,3.54,-0.01,33,11682,卖盘
213,14:38:32,3.55,--,625,222031,卖盘
214,14:38:27,3.55,-0.01,120,42600,卖盘
215,14:38:20,3.56,--,24,8544,买盘
216,14:38:17,3.56,0.01,110,39160,买盘
217,14:38:11,3.55,-0.01,54,19170,卖盘
218,14:38:06,3.56,0.01,4,1424,买盘
219,14:38:01,3.55,--,580,205900,卖盘
220,14:37:56,3.55,--,45,15975,卖盘
221,14:37:51,3.55,--,488,173240,卖盘
222,14:37:46,3.55,--,314,111470,卖盘
223,14:37:41,3.55,--,193,68515,卖盘
224,14:37:35,3.55,--,297,105435,卖盘
225,14:37:31,3.55,--,707,250985,卖盘
226,14:37:27,3.55,--,1,355,卖盘
227,14:37:20,3.55,-0.01,643,228265,卖盘
228,14:37:16,3.56,0.01,2276,810256,买盘
229,14:37:12,3.55,--,346,122830,卖盘
230,14:37:05,3.55,--,539,191345,卖盘
231,14:37:02,3.55,--,83,29465,卖盘
232,14:36:56,3.55,-0.01,1781,632255,卖盘
233,14:36:50,3.56,0.01,4,1424,买盘
234,14:36:46,3.55,-0.01,3208,1138840,卖盘
235,14:36:41,3.56,0.01,13,4628,买盘
236,14:36:36,3.55,--,38,13490,卖盘
237,14:36:31,3.55,--,134,47570,卖盘
238,14:36:27,3.55,--,462,164010,卖盘
239,14:36:20,3.55,--,4004,1421420,卖盘
240,14:36:17,3.55,-0.01,44,15620,卖盘
241,14:36:11,3.56,0.01,6,2136,买盘
242,14:36:01,3.55,-0.01,94,33370,卖盘
243,14:35:57,3.56,--,71,25276,买盘
244,14:35:51,3.56,0.01,104,37024,买盘
245,14:35:47,3.55,-0.01,43,15265,卖盘
246,14:35:41,3.56,0.01,39,13884,买盘
247,14:35:35,3.55,--,28,9940,卖盘
248,14:35:31,3.55,--,200,71000,卖盘
249,14:35:26,3.55,--,2,710,卖盘
250,14:35:21,3.55,--,206,73130,卖盘
251,14:35:16,3.55,-0.01,87,30885,卖盘
252,14:35:11,3.56,0.01,6,2136,买盘
253,14:35:04,3.55,--,27,9585,卖盘
254,14:35:01,3.55,-0.01,346,122830,卖盘
255,14:34:51,3.56,0.01,5,1780,买盘
256,14:34:46,3.55,-0.01,84,29820,卖盘
257,14:34:41,3.56,0.01,24,8544,买盘
258,14:34:35,3.55,--,200,71000,卖盘
259,14:34:31,3.55,-0.01,43,15265,卖盘
260,14:34:26,3.56,--,1,356,买盘
261,14:34:21,3.56,0.01,4,1424,买盘
262,14:34:16,3.55,--,400,142000,卖盘
263,14:34:11,3.55,-0.01,16,5680,卖盘
264,14:34:05,3.56,0.01,30,10680,买盘
265,14:34:01,3.55,-0.01,188,66740,卖盘
266,14:33:51,3.56,--,4,1424,买盘
267,14:33:46,3.56,0.01,10,3560,买盘
268,14:33:41,3.55,--,53,18815,卖盘
269,14:33:35,3.55,--,7,2485,卖盘
270,14:33:31,3.55,-0.01,927,329085,卖盘
271,14:33:26,3.56,--,11,3916,买盘
272,14:33:20,3.56,0.01,4,1424,买盘
273,14:33:16,3.55,--,328,116440,卖盘
274,14:33:12,3.55,--,49,17395,卖盘
275,14:33:05,3.55,--,28,9940,卖盘
276,14:33:01,3.55,-0.01,58,20590,卖盘
277,14:32:50,3.56,0.01,4,1424,买盘
278,14:32:46,3.55,-0.01,43,15265,卖盘
279,14:32:41,3.56,0.01,104,37024,买盘
280,14:32:35,3.55,--,43,15265,卖盘
281,14:32:31,3.55,-0.01,15,5325,卖盘
282,14:32:20,3.56,0.01,4,1424,买盘
283,14:32:10,3.55,--,78,27690,卖盘
284,14:32:05,3.55,--,83,29465,卖盘
285,14:32:01,3.55,--,96,34080,卖盘
286,14:31:55,3.55,-0.01,10,3550,卖盘
287,14:31:51,3.56,0.01,9,3204,买盘
288,14:31:46,3.55,-0.01,44,15620,卖盘
289,14:31:41,3.56,0.01,71,25276,买盘
290,14:31:31,3.55,-0.01,64,22720,卖盘
291,14:31:26,3.56,0.01,1,356,买盘
292,14:31:20,3.55,--,592,210160,卖盘
293,14:31:15,3.55,-0.01,44,15620,卖盘
294,14:31:11,3.56,0.01,6,2136,买盘
295,14:31:05,3.55,-0.01,38,13490,卖盘
296,14:30:59,3.56,0.01,12,4272,买盘
297,14:30:55,3.55,--,11,3905,卖盘
298,14:30:50,3.55,--,12,4260,卖盘
299,14:30:44,3.55,-0.01,144,51120,卖盘
300,14:30:40,3.56,0.01,4,1424,买盘
301,14:30:35,3.55,-0.01,37,13135,卖盘
302,14:30:29,3.56,--,5,1780,买盘
303,14:30:20,3.56,--,4,1424,买盘
304,14:30:15,3.56,0.01,5,1780,买盘
305,14:30:11,3.55,--,49,17395,卖盘
306,14:30:05,3.55,-0.01,2112,749760,卖盘
307,14:29:59,3.56,0.01,12,4272,买盘
308,14:29:55,3.55,-0.01,18,6390,卖盘
309,14:29:50,3.56,0.01,24,8544,买盘
310,14:29:44,3.55,--,47,16685,卖盘
311,14:29:40,3.55,--,36,12780,卖盘
312,14:29:35,3.55,-0.01,203,72065,卖盘
313,14:29:29,3.56,0.01,4,1424,买盘
314,14:29:25,3.55,-0.01,86,30530,卖盘
315,14:29:20,3.56,0.01,5,1780,买盘
316,14:29:14,3.55,-0.01,43,15265,卖盘
317,14:29:10,3.56,0.01,13,4628,买盘
318,14:29:06,3.55,--,38,13490,卖盘
319,14:28:59,3.55,-0.01,12,4260,卖盘
320,14:28:56,3.56,--,2,712,买盘
321,14:28:50,3.56,0.01,4,1424,买盘
322,14:28:44,3.55,-0.01,46,16330,卖盘
323,14:28:40,3.56,0.01,4,1424,买盘
324,14:28:35,3.55,--,256,90880,卖盘
325,14:28:30,3.55,--,7,2485,卖盘
326,14:28:21,3.55,--,195,69225,卖盘
327,14:28:10,3.55,--,51,18105,卖盘
328,14:28:06,3.55,--,45,15975,卖盘
329,14:27:59,3.55,-0.01,12,4260,卖盘
330,14:27:51,3.56,0.01,4,1424,买盘
331,14:27:40,3.55,--,467,165785,卖盘
332,14:27:36,3.55,-0.01,151,53605,卖盘
333,14:27:29,3.56,0.01,4,1424,买盘
334,14:27:25,3.55,-0.01,5,1775,卖盘
335,14:27:20,3.56,0.01,4,1424,买盘
336,14:27:14,3.55,-0.01,202,71710,卖盘
337,14:27:10,3.56,0.01,477,169812,买盘
338,14:27:05,3.55,--,361,128155,卖盘
339,14:26:59,3.55,--,11,3905,卖盘
340,14:26:55,3.55,-0.01,54,19170,卖盘
341,14:26:50,3.56,0.01,5,1780,买盘
342,14:26:44,3.55,-0.01,94,33370,卖盘
343,14:26:40,3.56,0.01,4,1424,买盘
344,14:26:35,3.55,-0.01,428,151940,卖盘
345,14:26:29,3.56,0.01,4,1424,买盘
346,14:26:25,3.55,-0.01,204,72420,卖盘
347,14:26:20,3.56,0.01,155,55180,买盘
348,14:26:14,3.55,-0.01,43,15265,卖盘
349,14:26:10,3.56,--,6,2136,买盘
350,14:26:05,3.56,--,65,23140,买盘
351,14:25:59,3.56,--,22,7832,买盘
352,14:25:55,3.56,--,189,67284,买盘
353,14:25:50,3.56,--,134,47704,买盘
354,14:25:44,3.56,--,47,16732,买盘
355,14:25:40,3.56,0.01,22,7832,买盘
356,14:25:35,3.55,-0.01,57,20235,卖盘
357,14:25:29,3.56,--,4,1424,买盘
358,14:25:25,3.56,--,1,356,买盘
359,14:25:20,3.56,0.01,600,213600,买盘
360,14:25:14,3.55,--,104,36920,卖盘
361,14:25:10,3.55,--,56,19880,卖盘
362,14:25:05,3.55,--,492,174660,卖盘
363,14:24:59,3.55,-0.01,11,3905,卖盘
364,14:24:50,3.56,--,4,1424,买盘
365,14:24:44,3.56,0.01,50,17800,买盘
366,14:24:40,3.55,--,30,10650,卖盘
367,14:24:34,3.55,-0.01,148,52540,卖盘
368,14:24:29,3.56,--,4,1424,买盘
369,14:24:25,3.56,--,219,77964,买盘
370,14:24:19,3.56,0.01,4,1424,买盘
371,14:24:15,3.55,-0.01,174,61770,卖盘
372,14:24:08,3.56,0.01,6,2136,买盘
373,14:24:04,3.55,-0.01,28,9940,卖盘
374,14:23:59,3.56,0.01,41,14596,买盘
375,14:23:50,3.55,--,151,53605,卖盘
376,14:23:43,3.55,--,49,17395,卖盘
377,14:23:35,3.55,-0.01,65,23075,卖盘
378,14:23:29,3.56,0.01,4,1424,买盘
379,14:23:20,3.55,--,832,295360,卖盘
380,14:23:14,3.55,-0.01,82,29110,卖盘
381,14:23:08,3.56,0.01,133,47348,买盘
382,14:23:04,3.55,--,135,47925,卖盘
383,14:22:59,3.55,--,120,42600,卖盘
384,14:22:53,3.55,--,177,62835,卖盘
385,14:22:49,3.55,--,214,75970,卖盘
386,14:22:44,3.55,-0.01,108,38340,卖盘
387,14:22:38,3.56,0.01,4,1424,买盘
388,14:22:34,3.55,-0.01,132,46860,卖盘
389,14:22:29,3.56,0.01,18,6408,买盘
390,14:22:19,3.55,-0.01,51,18105,卖盘
391,14:22:14,3.56,--,45,16020,买盘
392,14:22:08,3.56,0.01,5,1780,买盘
393,14:22:04,3.55,--,84,29820,卖盘
394,14:21:59,3.55,-0.01,19,6745,卖盘
395,14:21:49,3.56,0.01,4,1424,买盘
396,14:21:44,3.55,-0.01,44,15620,卖盘
397,14:21:38,3.56,0.01,4,1424,买盘
398,14:21:34,3.55,-0.01,27,9585,卖盘
399,14:21:29,3.56,--,14,4984,买盘
400,14:21:19,3.56,0.01,5,1780,买盘
401,14:21:14,3.55,-0.01,65,23075,卖盘
402,14:21:08,3.56,0.01,4,1424,买盘
403,14:21:04,3.55,--,28,9940,卖盘
404,14:20:59,3.55,--,22,7810,卖盘
405,14:20:53,3.55,-0.01,30,10650,卖盘
406,14:20:49,3.56,0.01,5,1780,买盘
407,14:20:44,3.55,-0.01,51,18105,卖盘
408,14:20:38,3.56,0.01,4,1424,买盘
409,14:20:34,3.55,-0.01,28,9940,卖盘
410,14:20:29,3.56,--,18,6408,买盘
411,14:20:19,3.56,0.01,54,19224,买盘
412,14:20:14,3.55,-0.01,168,59640,卖盘
413,14:20:08,3.56,0.01,39,13884,买盘
414,14:20:04,3.55,--,441,156555,卖盘
415,14:19:59,3.55,--,1072,380560,卖盘
416,14:19:53,3.55,-0.01,10,3550,卖盘
417,14:19:49,3.56,0.01,4,1424,买盘
418,14:19:44,3.55,-0.01,135,47925,卖盘
419,14:19:38,3.56,0.01,4,1424,买盘
420,14:19:34,3.55,-0.01,40,14200,卖盘
421,14:19:29,3.56,0.01,763,271628,买盘
422,14:19:19,3.55,-0.01,580,205900,卖盘
423,14:19:14,3.56,--,57,20292,买盘
424,14:19:08,3.56,0.01,49,17444,买盘
425,14:19:04,3.55,-0.01,227,80585,卖盘
426,14:18:59,3.56,--,19,6764,买盘
427,14:18:53,3.56,0.01,449,159844,买盘
428,14:18:49,3.55,-0.01,24,8520,卖盘
429,14:18:44,3.56,--,156,55536,买盘
430,14:18:38,3.56,0.01,5,1780,买盘
431,14:18:34,3.55,-0.01,33,11715,卖盘
432,14:18:29,3.56,--,887,315772,买盘
433,14:18:19,3.56,0.01,128,45568,买盘
434,14:18:14,3.55,-0.01,76,26980,卖盘
435,14:18:08,3.56,--,4,1424,买盘
436,14:18:04,3.56,0.01,2602,926312,买盘
437,14:17:59,3.55,--,705,250275,卖盘
438,14:17:53,3.55,--,188,66740,卖盘
439,14:17:49,3.55,--,211,74905,卖盘
440,14:17:44,3.55,-0.01,678,240690,卖盘
441,14:17:38,3.56,--,652,232112,买盘
442,14:17:34,3.56,0.01,53,18868,买盘
443,14:17:29,3.55,--,398,141290,卖盘
444,14:17:19,3.55,-0.01,269,95495,卖盘
445,14:17:14,3.56,0.01,13,4628,买盘
446,14:17:08,3.55,-0.01,339,120345,卖盘
447,14:17:02,3.56,0.01,15,5340,买盘
448,14:16:59,3.55,--,13,4615,卖盘
449,14:16:53,3.55,-0.01,11,3905,卖盘
450,14:16:47,3.56,0.01,4,1424,买盘
451,14:16:44,3.55,-0.01,40,14200,卖盘
452,14:16:38,3.56,--,32,11392,买盘
453,14:16:32,3.56,--,48,17088,买盘
454,14:16:29,3.56,--,6,2136,买盘
455,14:16:23,3.56,--,291,103596,买盘
456,14:16:17,3.56,--,14,4984,买盘
457,14:16:13,3.56,--,11,3916,买盘
458,14:16:08,3.56,--,32,11392,买盘
459,14:16:02,3.56,0.01,86,30616,买盘
460,14:15:59,3.55,-0.01,42,14910,卖盘
461,14:15:53,3.56,--,32,11392,买盘
462,14:15:38,3.56,0.01,155,55180,买盘
463,14:15:32,3.55,--,10,3550,卖盘
464,14:15:28,3.55,--,313,111115,卖盘
465,14:15:23,3.55,-0.01,28,9940,卖盘
466,14:15:17,3.56,--,17,6052,买盘
467,14:15:13,3.56,0.01,1,356,买盘
468,14:15:08,3.55,-0.01,151,53605,卖盘
469,14:15:02,3.56,0.01,1955,695980,买盘
470,14:14:59,3.55,-0.01,32,11360,卖盘
471,14:14:47,3.56,--,4,1424,买盘
472,14:14:43,3.56,--,274,97544,买盘
473,14:14:38,3.56,0.01,14,4984,买盘
474,14:14:32,3.55,-0.01,37,13135,卖盘
475,14:14:28,3.56,--,5,1780,买盘
476,14:14:17,3.56,0.01,92,32752,买盘
477,14:14:13,3.55,-0.01,752,266960,卖盘
478,14:14:08,3.56,0.01,33,11748,买盘
479,14:14:02,3.55,--,53,18815,卖盘
480,14:13:58,3.55,-0.01,332,117860,卖盘
481,14:13:53,3.56,--,549,195444,买盘
482,14:13:47,3.56,0.01,4,1424,买盘
483,14:13:43,3.55,-0.01,87,30885,卖盘
484,14:13:38,3.56,0.01,33,11748,买盘
485,14:13:32,3.55,-0.01,10,3550,卖盘
486,14:13:28,3.56,--,329,117124,买盘
487,14:13:17,3.56,0.01,5,1780,买盘
488,14:13:13,3.55,-0.01,104,36920,卖盘
489,14:13:08,3.56,0.01,43,15308,买盘
490,14:13:02,3.55,--,10,3550,卖盘
491,14:12:58,3.55,--,89,31595,卖盘
492,14:12:53,3.55,-0.01,46,16330,卖盘
493,14:12:47,3.56,0.01,5,1780,买盘
494,14:12:43,3.55,--,37,13135,卖盘
495,14:12:38,3.55,--,43,15265,卖盘
496,14:12:32,3.55,-0.01,9,3195,卖盘
497,14:12:28,3.56,0.01,18,6408,买盘
498,14:12:23,3.55,-0.01,193,68515,卖盘
499,14:12:17,3.56,0.01,5,1780,买盘
500,14:12:13,3.55,-0.01,41,14555,卖盘
501,14:12:08,3.56,0.01,4,1424,买盘
502,14:12:01,3.55,--,38,13490,卖盘
503,14:11:58,3.55,-0.01,1512,536760,卖盘
504,14:11:52,3.56,--,14,4984,买盘
505,14:11:47,3.56,--,4,1424,买盘
506,14:11:43,3.56,--,1,356,买盘
507,14:11:38,3.56,--,35,12460,买盘
508,14:11:32,3.56,--,60,21360,买盘
509,14:11:28,3.56,0.01,55,19580,买盘
510,14:11:23,3.55,-0.01,100,35500,卖盘
511,14:11:17,3.56,--,4,1424,买盘
512,14:11:13,3.56,--,30,10680,买盘
513,14:11:08,3.56,0.01,32,11392,买盘
514,14:11:02,3.55,--,10,3550,卖盘
515,14:10:58,3.55,-0.01,188,66740,卖盘
516,14:10:46,3.56,0.01,4,1424,买盘
517,14:10:38,3.55,--,38,13490,卖盘
518,14:10:32,3.55,-0.01,10,3550,卖盘
519,14:10:28,3.56,0.01,45,16020,买盘
520,14:10:23,3.55,-0.01,414,146970,卖盘
521,14:10:17,3.56,--,169,60164,买盘
522,14:10:11,3.56,--,1,356,买盘
523,14:10:08,3.56,0.01,60,21360,买盘
524,14:10:02,3.55,-0.01,24,8523,卖盘
525,14:09:55,3.56,--,173,61588,买盘
526,14:09:47,3.56,--,215,76540,买盘
527,14:09:41,3.56,--,1,356,买盘
528,14:09:37,3.56,0.01,36,12816,买盘
529,14:09:32,3.55,-0.01,118,41890,卖盘
530,14:09:25,3.56,--,9,3204,买盘
531,14:09:17,3.56,--,209,74404,买盘
532,14:09:11,3.56,--,1,356,买盘
533,14:09:07,3.56,--,43,15308,买盘
534,14:09:02,3.56,--,41,14596,买盘
535,14:08:55,3.56,--,4,1424,买盘
536,14:08:46,3.56,--,18,6408,买盘
537,14:08:37,3.56,0.01,446,158776,买盘
538,14:08:31,3.55,-0.01,128,45440,卖盘
539,14:08:17,3.56,--,54,19224,买盘
540,14:08:11,3.56,--,2,712,买盘
541,14:08:07,3.56,--,35,12460,买盘
542,14:08:02,3.56,--,19,6764,买盘
543,14:07:56,3.56,--,206,73336,买盘
544,14:07:52,3.56,--,101,35956,买盘
545,14:07:46,3.56,--,7,2492,买盘
546,14:07:37,3.56,--,34,12104,买盘
547,14:07:26,3.56,--,4,1424,买盘
548,14:07:22,3.56,--,455,161980,买盘
549,14:07:17,3.56,--,7,2492,买盘
550,14:07:07,3.56,--,44,15664,买盘
551,14:07:01,3.56,--,19,6764,买盘
552,14:06:55,3.56,--,5,1780,买盘
553,14:06:52,3.56,--,275,97900,买盘
554,14:06:46,3.56,--,60,21360,买盘
555,14:06:40,3.56,--,148,52826,买盘
556,14:06:37,3.56,--,34,12104,买盘
557,14:06:31,3.56,--,2,712,买盘
558,14:06:25,3.56,--,5,1780,买盘
559,14:06:17,3.56,0.01,4,1424,买盘
560,14:06:10,3.55,-0.01,5,1775,卖盘
561,14:06:07,3.56,0.01,18,6408,买盘
562,14:06:02,3.55,-0.01,35,12425,卖盘
563,14:05:55,3.56,--,4,1424,买盘
564,14:05:46,3.56,--,35,12460,买盘
565,14:05:41,3.56,--,1,356,买盘
566,14:05:37,3.56,--,33,11748,买盘
567,14:05:32,3.56,--,89,31684,买盘
568,14:05:26,3.56,--,4,1424,买盘
569,14:05:22,3.56,--,22,7832,买盘
570,14:05:17,3.56,--,7,2492,买盘
571,14:05:07,3.56,0.01,62,22072,买盘
572,14:05:01,3.55,-0.01,107,37985,卖盘
573,14:04:56,3.56,0.01,4,1424,买盘
574,14:04:52,3.55,-0.01,34,12070,卖盘
575,14:04:46,3.56,--,30,10680,买盘
576,14:04:37,3.56,--,32,11392,买盘
577,14:04:31,3.56,--,18,6408,买盘
578,14:04:26,3.56,0.01,4,1424,买盘
579,14:04:22,3.55,--,76,26980,卖盘
580,14:04:17,3.55,-0.01,430,152650,卖盘
581,14:04:11,3.56,--,32,11392,买盘
582,14:04:07,3.56,0.01,33,11748,买盘
583,14:04:02,3.55,--,7,2485,卖盘
584,14:03:55,3.55,-0.01,8,2840,卖盘
585,14:03:47,3.56,0.01,41,14596,买盘
586,14:03:37,3.55,--,116,41180,卖盘
587,14:03:31,3.55,-0.01,206,73130,卖盘
588,14:03:26,3.56,--,5,1780,买盘
589,14:03:22,3.56,--,1,356,买盘
590,14:03:16,3.56,--,4,1424,买盘
591,14:03:11,3.56,0.01,6,2136,买盘
592,14:03:06,3.55,--,73,25915,卖盘
593,14:03:02,3.55,-0.01,1075,381625,卖盘
594,14:02:56,3.56,0.01,8,2848,买盘
595,14:02:50,3.55,-0.01,200,71000,卖盘
596,14:02:47,3.56,--,235,83660,买盘
597,14:02:41,3.56,0.01,3396,1208976,买盘
598,14:02:35,3.55,--,28,9940,卖盘
599,14:02:32,3.55,-0.01,179,63545,卖盘
600,14:02:26,3.56,--,116,41296,买盘
601,14:02:19,3.56,0.01,11,3916,买盘
602,14:02:17,3.55,-0.01,159,56445,卖盘
603,14:02:11,3.56,0.01,7,2492,买盘
604,14:02:05,3.55,--,128,45440,卖盘
605,14:02:02,3.55,-0.01,27,9585,卖盘
606,14:01:55,3.56,0.01,165,58740,买盘
607,14:01:50,3.55,-0.01,3,1065,卖盘
608,14:01:46,3.56,--,104,37024,买盘
609,14:01:41,3.56,0.01,5,1780,买盘
610,14:01:35,3.55,--,28,9940,卖盘
611,14:01:32,3.55,-0.01,110,39050,卖盘
612,14:01:26,3.56,0.01,220,78320,买盘
613,14:01:19,3.55,-0.01,200,71000,卖盘
614,14:01:16,3.56,--,26,9256,买盘
615,14:01:10,3.56,0.01,106,37736,买盘
616,14:01:04,3.55,-0.01,27,9585,卖盘
617,14:01:01,3.56,--,167,59452,买盘
618,14:00:55,3.56,0.01,17,6052,买盘
619,14:00:46,3.55,-0.01,106,37630,卖盘
620,14:00:41,3.56,--,104,37024,买盘
621,14:00:34,3.56,0.01,32,11392,买盘
622,14:00:31,3.55,-0.01,26,9230,卖盘
623,14:00:25,3.56,--,104,37024,买盘
624,14:00:16,3.56,--,226,80456,买盘
625,14:00:11,3.56,--,5,1780,买盘
626,14:00:05,3.56,--,155,55180,买盘
627,14:00:01,3.56,--,1913,681028,买盘
628,13:59:55,3.56,--,208,74048,买盘
629,13:59:50,3.56,--,10,3560,买盘
630,13:59:46,3.56,0.01,156,55536,买盘
631,13:59:40,3.55,-0.01,101,35855,卖盘
632,13:59:34,3.56,0.01,130,46280,买盘
633,13:59:31,3.55,-0.01,121,42955,卖盘
634,13:59:26,3.56,0.01,100,35600,买盘
635,13:59:20,3.55,-0.01,133,47215,卖盘
636,13:59:16,3.56,--,13,4628,买盘
637,13:59:11,3.56,0.01,215,76540,买盘
638,13:59:04,3.55,--,27,9585,卖盘
639,13:59:01,3.55,--,19,6745,卖盘
640,13:58:56,3.55,-0.01,118,41890,卖盘
641,13:58:49,3.56,--,1,356,买盘
642,13:58:46,3.56,--,104,37024,买盘
643,13:58:41,3.56,0.01,329,117124,买盘
644,13:58:35,3.55,--,128,45440,卖盘
645,13:58:31,3.55,-0.01,10,3550,卖盘
646,13:58:26,3.56,--,106,37736,买盘
647,13:58:16,3.56,--,104,37024,买盘
648,13:58:11,3.56,--,35,12460,买盘
649,13:58:04,3.56,0.01,29,10324,买盘
650,13:58:01,3.55,-0.01,186,66030,卖盘
651,13:57:55,3.56,--,105,37380,买盘
652,13:57:46,3.56,--,54,19224,买盘
653,13:57:40,3.56,0.01,112,39872,买盘
654,13:57:34,3.55,--,28,9940,卖盘
655,13:57:31,3.55,-0.01,117,41535,卖盘
656,13:57:25,3.56,0.01,419,149164,买盘
657,13:57:20,3.55,--,100,35500,卖盘
658,13:57:16,3.55,-0.01,26,9230,卖盘
659,13:57:10,3.56,--,101,35956,买盘
660,13:57:04,3.56,0.01,62,22072,买盘
661,13:57:01,3.55,--,56,19880,卖盘
662,13:56:55,3.55,-0.01,105,37275,卖盘
663,13:56:46,3.56,0.01,108,38448,买盘
664,13:56:40,3.55,-0.01,107,37985,卖盘
665,13:56:34,3.56,0.01,237,84372,买盘
666,13:56:31,3.55,-0.01,260,92300,卖盘
667,13:56:25,3.56,--,104,37024,买盘
668,13:56:20,3.56,--,28,9968,买盘
669,13:56:16,3.56,--,260,92560,买盘
670,13:56:10,3.56,0.01,56,19936,买盘
671,13:56:04,3.55,--,210,74550,卖盘
672,13:55:58,3.55,-0.01,12,4260,卖盘
673,13:55:55,3.56,0.01,4,1424,买盘
674,13:55:50,3.55,--,105,37275,卖盘
675,13:55:44,3.55,--,414,146970,卖盘
676,13:55:40,3.55,--,175,62125,卖盘
677,13:55:34,3.55,--,39,13845,卖盘
678,13:55:29,3.55,-0.01,100,35500,卖盘
679,13:55:25,3.56,--,4,1424,买盘
680,13:55:19,3.56,0.01,105,37380,买盘
681,13:55:14,3.55,-0.01,346,122830,卖盘
682,13:55:10,3.56,0.01,51,18156,买盘
683,13:55:05,3.55,--,129,45795,卖盘
684,13:54:58,3.55,-0.01,8,2840,卖盘
685,13:54:55,3.56,--,104,37024,买盘
686,13:54:49,3.56,0.01,5,1780,买盘
687,13:54:43,3.55,-0.01,100,35500,卖盘
688,13:54:40,3.56,0.01,426,151656,买盘
689,13:54:35,3.55,-0.01,146,51830,卖盘
690,13:54:25,3.56,--,310,110360,买盘
691,13:54:20,3.56,0.01,4,1424,买盘
692,13:54:10,3.55,-0.01,103,36565,卖盘
693,13:54:04,3.56,0.01,52,18512,买盘
694,13:53:59,3.55,-0.01,107,37985,卖盘
695,13:53:56,3.56,0.01,24,8544,买盘
696,13:53:49,3.55,-0.01,104,36920,卖盘
697,13:53:40,3.56,--,426,151656,买盘
698,13:53:34,3.56,0.01,79,28124,买盘
699,13:53:29,3.55,--,1655,587525,卖盘
700,13:53:25,3.55,--,105,37275,卖盘
701,13:53:20,3.55,-0.01,104,36920,卖盘
702,13:53:10,3.56,0.01,10,3560,买盘
703,13:53:05,3.55,-0.01,167,59285,卖盘
704,13:52:59,3.56,--,29,10324,买盘
705,13:52:55,3.56,--,139,49484,买盘
706,13:52:50,3.56,0.01,5,1780,买盘
707,13:52:44,3.55,-0.01,100,35500,卖盘
708,13:52:34,3.56,0.01,132,46992,买盘
709,13:52:29,3.55,-0.01,1,355,卖盘
710,13:52:25,3.56,0.01,23,8188,买盘
711,13:52:19,3.55,-0.01,126,44730,卖盘
712,13:52:10,3.56,--,106,37736,买盘
713,13:52:05,3.56,0.01,31,11036,买盘
714,13:51:58,3.55,-0.01,107,37985,卖盘
715,13:51:55,3.56,0.01,43,15308,买盘
716,13:51:50,3.55,--,105,37275,卖盘
717,13:51:40,3.55,-0.01,100,35500,卖盘
718,13:51:34,3.56,0.01,43,15308,买盘
719,13:51:25,3.55,-0.01,114,40470,卖盘
720,13:51:19,3.56,0.01,5,1780,买盘
721,13:51:13,3.55,-0.01,100,35500,卖盘
722,13:51:10,3.56,--,91,32396,买盘
723,13:51:04,3.56,0.01,315,112140,买盘
724,13:50:58,3.55,-0.01,7,2485,卖盘
725,13:50:55,3.56,--,124,44144,买盘
726,13:50:49,3.56,0.01,5,1780,买盘
727,13:50:40,3.55,-0.01,120,42600,卖盘
728,13:50:35,3.56,0.01,154,54824,买盘
729,13:50:25,3.55,--,27,9585,卖盘
730,13:50:19,3.55,--,130,46150,卖盘
731,13:50:10,3.55,-0.01,250,88750,卖盘
732,13:50:05,3.56,0.01,495,176220,买盘
733,13:49:58,3.55,--,123,43665,卖盘
734,13:49:55,3.55,--,748,265540,卖盘
735,13:49:50,3.55,-0.01,163,57865,卖盘
736,13:49:44,3.56,--,220,78320,买盘
737,13:49:40,3.56,--,132,46992,买盘
738,13:49:34,3.56,0.01,51,18156,买盘
739,13:49:28,3.55,-0.01,5,1775,卖盘
740,13:49:25,3.56,--,114,40584,买盘
741,13:49:20,3.56,0.01,5,1780,买盘
742,13:49:13,3.55,-0.01,100,35500,卖盘
743,13:49:10,3.56,--,24,8544,买盘
744,13:49:04,3.56,0.01,363,129228,买盘
745,13:48:59,3.55,--,260,92300,卖盘
746,13:48:52,3.55,-0.01,100,35500,卖盘
747,13:48:49,3.56,--,2,712,买盘
748,13:48:43,3.56,0.01,163,58028,买盘
749,13:48:38,3.55,-0.01,47,16685,卖盘
750,13:48:35,3.56,0.01,32,11392,买盘
751,13:48:29,3.55,--,132,46860,卖盘
752,13:48:20,3.55,-0.01,146,51830,卖盘
753,13:48:13,3.56,--,6,2136,买盘
754,13:48:08,3.56,--,101,35956,买盘
755,13:48:04,3.56,0.01,32,11392,买盘
756,13:47:58,3.55,--,135,47925,卖盘
757,13:47:49,3.55,-0.01,104,36920,卖盘
758,13:47:43,3.56,0.01,2,712,买盘
759,13:47:37,3.55,-0.01,23,8165,卖盘
760,13:47:34,3.56,--,164,58384,买盘
761,13:47:28,3.56,0.01,26,9256,买盘
762,13:47:25,3.55,-0.01,1031,366005,卖盘
763,13:47:19,3.56,--,2024,720544,买盘
764,13:47:13,3.56,--,160,56960,买盘
765,13:47:08,3.56,--,18,6408,买盘
766,13:47:04,3.56,0.01,184,65504,买盘
767,13:46:58,3.55,--,12,4260,卖盘
768,13:46:52,3.55,--,187,66385,卖盘
769,13:46:49,3.55,-0.01,100,35500,卖盘
770,13:46:44,3.56,0.01,630,224280,买盘
771,13:46:37,3.55,-0.01,20,7100,卖盘
772,13:46:34,3.56,0.01,43,15308,买盘
773,13:46:29,3.55,--,104,36920,卖盘
774,13:46:19,3.55,-0.01,592,210160,卖盘
775,13:46:13,3.56,0.01,363,129228,买盘
776,13:46:07,3.55,-0.01,150,53250,卖盘
777,13:46:04,3.56,0.01,195,69420,买盘
778,13:45:59,3.55,--,137,48635,卖盘
779,13:45:52,3.55,-0.01,100,35500,卖盘
780,13:45:49,3.56,--,28,9968,买盘
781,13:45:44,3.56,--,104,37024,买盘
782,13:45:37,3.56,--,25,8900,买盘
783,13:45:34,3.56,--,171,60876,买盘
784,13:45:28,3.56,0.01,5,1780,买盘
785,13:45:22,3.55,--,100,35500,卖盘
786,13:45:19,3.55,-0.01,5,1775,卖盘
787,13:45:13,3.56,--,243,86508,买盘
788,13:45:04,3.56,0.01,2169,772164,买盘
789,13:44:58,3.55,--,212,75260,卖盘
790,13:44:53,3.55,--,5,1775,卖盘
791,13:44:49,3.55,-0.01,100,35500,卖盘
792,13:44:43,3.56,0.01,4,1424,买盘
793,13:44:38,3.55,-0.01,100,35500,卖盘
794,13:44:34,3.56,0.01,112,39872,买盘
795,13:44:28,3.55,--,135,47925,卖盘
796,13:44:19,3.55,-0.01,100,35500,卖盘
797,13:44:13,3.56,--,4,1424,买盘
798,13:44:08,3.56,0.01,8,2848,买盘
799,13:44:04,3.55,--,228,80940,卖盘
800,13:43:58,3.55,-0.01,112,39760,卖盘
801,13:43:44,3.56,--,104,37024,买盘
802,13:43:34,3.56,--,132,46992,买盘
803,13:43:28,3.56,0.01,125,44500,买盘
804,13:43:22,3.55,--,100,35500,卖盘
805,13:43:19,3.55,-0.01,15,5325,卖盘
806,13:43:13,3.56,--,1135,404060,买盘
807,13:43:04,3.56,0.01,32,11392,买盘
808,13:42:58,3.55,--,111,39405,卖盘
809,13:42:52,3.55,--,100,35500,卖盘
810,13:42:49,3.55,-0.01,397,140935,卖盘
811,13:42:44,3.56,0.01,204,72624,买盘
812,13:42:37,3.55,-0.01,150,53250,卖盘
813,13:42:34,3.56,0.01,295,105020,买盘
814,13:42:28,3.55,--,110,39050,卖盘
815,13:42:19,3.55,-0.01,100,35500,卖盘
816,13:42:13,3.56,--,4,1424,买盘
817,13:42:07,3.56,0.01,1,356,买盘
818,13:42:04,3.55,--,133,47215,卖盘
819,13:41:58,3.55,--,11,3905,卖盘
820,13:41:52,3.55,-0.01,100,35500,卖盘
821,13:41:43,3.56,0.01,241,85796,买盘
822,13:41:37,3.55,-0.01,1716,609180,卖盘
823,13:41:32,3.56,0.01,118,42008,买盘
824,13:41:28,3.55,--,629,223295,卖盘
825,13:41:23,3.55,-0.01,100,35500,卖盘
826,13:41:13,3.56,--,104,37024,买盘
827,13:41:07,3.56,0.01,116,41296,买盘
828,13:41:01,3.55,--,10,3550,卖盘
829,13:40:58,3.55,-0.01,212,75260,卖盘
830,13:40:52,3.56,0.01,29,10324,买盘
831,13:40:48,3.55,-0.01,100,35500,卖盘
832,13:40:43,3.56,0.01,374,133144,买盘
833,13:40:38,3.55,-0.01,143,50765,卖盘
834,13:40:32,3.56,0.01,12,4272,买盘
835,13:40:29,3.55,--,158,56090,卖盘
836,13:40:22,3.55,--,2,710,卖盘
837,13:40:17,3.55,-0.01,100,35500,卖盘
838,13:40:13,3.56,--,5,1780,买盘
839,13:40:07,3.56,0.01,181,64436,买盘
840,13:40:01,3.55,--,13,4615,卖盘
841,13:39:58,3.55,--,645,228975,卖盘
842,13:39:52,3.55,--,377,133835,卖盘
843,13:39:49,3.55,-0.01,25,8875,卖盘
844,13:39:43,3.56,--,104,37024,买盘
845,13:39:37,3.56,0.01,34,12104,买盘
846,13:39:33,3.55,-0.01,110,39050,卖盘
847,13:39:28,3.56,0.01,4,1424,买盘
848,13:39:22,3.55,--,130,46150,卖盘
849,13:39:16,3.55,--,293,104015,卖盘
850,13:39:13,3.55,--,631,224005,卖盘
851,13:39:07,3.55,--,963,341865,卖盘
852,13:39:02,3.55,--,10,3550,卖盘
853,13:38:58,3.55,-0.01,111,39405,卖盘
854,13:38:52,3.56,0.01,20,7120,买盘
855,13:38:47,3.55,-0.01,100,35500,卖盘
856,13:38:43,3.56,--,562,200072,买盘
857,13:38:37,3.56,0.01,143,50908,买盘
858,13:38:31,3.55,--,33,11715,卖盘
859,13:38:28,3.55,-0.01,104,36920,卖盘
860,13:38:16,3.56,--,50,17800,买盘
861,13:38:13,3.56,--,190,67640,买盘
862,13:38:07,3.56,0.01,102,36312,买盘
863,13:38:01,3.55,--,110,39050,卖盘
864,13:37:58,3.55,-0.01,1602,568710,卖盘
865,13:37:52,3.56,--,105,37380,买盘
866,13:37:46,3.56,--,3,1068,买盘
867,13:37:43,3.56,--,104,37024,买盘
868,13:37:38,3.56,--,37,13172,买盘
869,13:37:31,3.56,0.01,19,6764,买盘
870,13:37:28,3.55,-0.01,333,118215,卖盘
871,13:37:22,3.56,--,104,37024,买盘
872,13:37:13,3.56,--,24,8544,买盘
873,13:37:07,3.56,0.01,234,83304,买盘
874,13:37:02,3.55,-0.01,10,3550,卖盘
875,13:36:58,3.56,--,410,145960,买盘
876,13:36:46,3.56,--,112,39872,买盘
877,13:36:43,3.56,--,26,9256,买盘
878,13:36:37,3.56,0.01,283,100748,买盘
879,13:36:31,3.55,--,27,9585,卖盘
880,13:36:28,3.55,-0.01,296,105080,卖盘
881,13:36:22,3.56,--,429,152724,买盘
882,13:36:13,3.56,--,105,37380,买盘
883,13:36:07,3.56,0.01,38,13528,买盘
884,13:36:01,3.55,--,134,47570,卖盘
885,13:35:58,3.55,-0.01,332,117860,卖盘
886,13:35:52,3.56,0.01,194,69064,买盘
887,13:35:43,3.55,-0.01,813,288615,卖盘
888,13:35:37,3.56,0.01,90,32040,买盘
889,13:35:31,3.55,--,10,3550,卖盘
890,13:35:28,3.55,-0.01,100,35500,卖盘
891,13:35:22,3.56,0.01,40,14240,买盘
892,13:35:16,3.55,-0.01,118,41890,卖盘
893,13:35:13,3.56,0.01,339,120684,买盘
894,13:35:07,3.55,--,161,57155,卖盘
895,13:35:02,3.55,--,32,11360,卖盘
896,13:34:55,3.55,--,100,35500,卖盘
897,13:34:52,3.55,-0.01,192,68160,卖盘
898,13:34:46,3.56,--,105,37380,买盘
899,13:34:41,3.56,--,100,35600,买盘
900,13:34:37,3.56,0.01,132,46992,买盘
901,13:34:31,3.55,--,10,3550,卖盘
902,13:34:26,3.55,-0.01,52,18460,卖盘
903,13:34:22,3.56,0.01,322,114632,买盘
904,13:34:16,3.55,--,306,108630,卖盘
905,13:34:12,3.55,-0.01,100,35500,卖盘
906,13:34:07,3.56,0.01,216,76896,买盘
907,13:34:01,3.55,-0.01,177,62835,卖盘
908,13:33:52,3.56,--,107,38092,买盘
909,13:33:46,3.56,0.01,4,1424,买盘
910,13:33:42,3.55,--,3,1065,卖盘
911,13:33:37,3.55,--,285,101175,卖盘
912,13:33:31,3.55,--,11,3905,卖盘
913,13:33:25,3.55,-0.01,100,35500,卖盘
914,13:33:22,3.56,0.01,7,2492,买盘
915,13:33:16,3.55,-0.01,104,36920,卖盘
916,13:33:12,3.56,0.01,1,356,买盘
917,13:33:07,3.55,--,391,138805,卖盘
918,13:33:01,3.55,--,19,6745,卖盘
919,13:32:57,3.55,-0.01,393,139515,卖盘
920,13:32:52,3.56,0.01,4,1424,买盘
921,13:32:46,3.55,--,107,37985,卖盘
922,13:32:37,3.55,--,186,66030,卖盘
923,13:32:31,3.55,--,126,44730,卖盘
924,13:32:22,3.55,--,299,106145,卖盘
925,13:32:16,3.55,--,144,51120,卖盘
926,13:32:10,3.55,-0.01,100,35500,卖盘
927,13:32:07,3.56,0.01,35,12460,买盘
928,13:32:01,3.55,--,133,47215,卖盘
929,13:31:55,3.55,-0.01,2,710,卖盘
930,13:31:52,3.56,0.01,166,59096,买盘
931,13:31:46,3.55,--,104,36920,卖盘
932,13:31:40,3.55,--,2,710,卖盘
933,13:31:37,3.55,--,335,118925,卖盘
934,13:31:32,3.55,--,3,1065,卖盘
935,13:31:25,3.55,-0.01,100,35500,卖盘
936,13:31:22,3.56,0.01,7,2492,买盘
937,13:31:16,3.55,-0.01,104,36920,卖盘
938,13:31:07,3.56,0.01,270,96120,买盘
939,13:31:01,3.55,--,37,13135,卖盘
940,13:30:55,3.55,-0.01,32,11360,卖盘
941,13:30:52,3.56,0.01,213,75828,买盘
942,13:30:46,3.55,--,245,86975,卖盘
943,13:30:37,3.55,--,195,69225,卖盘
944,13:30:31,3.55,-0.01,119,42245,卖盘
945,13:30:22,3.56,0.01,108,38448,买盘
946,13:30:16,3.55,-0.01,746,264830,卖盘
947,13:30:10,3.56,0.01,76,27056,买盘
948,13:30:07,3.55,-0.01,133,47215,卖盘
949,13:30:01,3.56,0.01,2597,924532,买盘
950,13:29:55,3.55,-0.01,42,14910,卖盘
951,13:29:52,3.56,0.01,147,52332,买盘
952,13:29:46,3.55,--,104,36920,卖盘
953,13:29:37,3.55,--,141,50055,卖盘
954,13:29:31,3.55,--,12,4260,卖盘
955,13:29:25,3.55,--,100,35500,卖盘
956,13:29:22,3.55,--,117,41535,卖盘
957,13:29:16,3.55,-0.01,158,56090,卖盘
958,13:29:10,3.56,0.01,2,712,买盘
959,13:29:07,3.55,--,47,16685,卖盘
960,13:29:02,3.55,--,177,62835,卖盘
961,13:28:55,3.55,-0.01,2,710,卖盘
962,13:28:52,3.56,--,121,43076,买盘
963,13:28:46,3.56,0.01,8,2848,买盘
964,13:28:40,3.55,--,100,35500,卖盘
965,13:28:37,3.55,--,32,11360,卖盘
966,13:28:31,3.55,-0.01,132,46860,卖盘
967,13:28:22,3.56,0.01,441,156996,买盘
968,13:28:16,3.55,--,72,25560,卖盘
969,13:28:10,3.55,--,4,1420,卖盘
970,13:28:07,3.55,--,132,46860,卖盘
971,13:28:01,3.55,--,19,6745,卖盘
972,13:27:55,3.55,-0.01,100,35500,卖盘
973,13:27:52,3.56,0.01,71,25276,买盘
974,13:27:46,3.55,-0.01,204,72420,卖盘
975,13:27:40,3.56,0.01,162,57672,买盘
976,13:27:37,3.55,--,164,58220,卖盘
977,13:27:31,3.55,--,10,3550,卖盘
978,13:27:25,3.55,--,107,37985,卖盘
979,13:27:16,3.55,-0.01,117,41535,卖盘
980,13:27:10,3.56,0.01,131,46636,买盘
981,13:27:04,3.55,--,34,12070,卖盘
982,13:27:01,3.55,-0.01,167,59285,卖盘
983,13:26:55,3.56,--,735,261660,买盘
984,13:26:49,3.56,--,101,35956,买盘
985,13:26:46,3.56,0.01,6,2136,买盘
986,13:26:40,3.55,-0.01,100,35500,卖盘
987,13:26:36,3.56,0.01,525,186900,买盘
988,13:26:31,3.55,-0.01,531,188505,卖盘
989,13:26:25,3.56,0.01,5,1780,买盘
990,13:26:19,3.55,-0.01,102,36210,卖盘
991,13:26:16,3.56,--,4,1424,买盘
992,13:26:10,3.56,0.01,104,37024,买盘
993,13:26:06,3.55,--,73,25915,卖盘
994,13:26:01,3.55,--,19,6745,卖盘
995,13:25:55,3.55,--,104,36920,卖盘
996,13:25:49,3.55,--,3,1065,卖盘
997,13:25:46,3.55,--,151,53605,卖盘
998,13:25:40,3.55,--,2,710,卖盘
999,13:25:34,3.55,-0.01,128,45440,卖盘
1000,13:25:31,3.56,0.01,159,56604,买盘
1001,13:25:26,3.55,--,628,222940,卖盘
1002,13:25:16,3.55,--,24,8520,卖盘
1003,13:25:10,3.55,--,101,35855,卖盘
1004,13:25:06,3.55,--,37,13135,卖盘
1005,13:25:01,3.55,--,122,43310,卖盘
1006,13:24:55,3.55,--,128,45440,卖盘
1007,13:24:50,3.55,-0.01,100,35500,卖盘
1008,13:24:46,3.56,0.01,8,2848,买盘
1009,13:24:40,3.55,--,135,47925,卖盘
1010,13:24:34,3.55,-0.01,28,9940,卖盘
1011,13:24:31,3.56,--,117,41652,买盘
1012,13:24:25,3.56,0.01,5,1780,买盘
1013,13:24:19,3.55,--,42,14910,卖盘
1014,13:24:15,3.55,-0.01,224,79520,卖盘
1015,13:24:09,3.56,0.01,64,22784,买盘
1016,13:24:05,3.55,-0.01,128,45440,卖盘
1017,13:24:01,3.56,0.01,12,4272,买盘
1018,13:23:56,3.55,--,104,36920,卖盘
1019,13:23:46,3.55,--,105,37275,卖盘
1020,13:23:40,3.55,--,138,48990,卖盘
1021,13:23:34,3.55,-0.01,28,9940,卖盘
1022,13:23:31,3.56,--,750,267000,买盘
1023,13:23:26,3.56,--,234,83304,买盘
1024,13:23:16,3.56,0.01,10,3560,买盘
1025,13:23:10,3.55,--,102,36210,卖盘
1026,13:23:04,3.55,-0.01,27,9585,卖盘
1027,13:23:01,3.56,--,128,45568,买盘
1028,13:22:55,3.56,0.01,5,1780,买盘
1029,13:22:49,3.55,--,100,35500,卖盘
1030,13:22:46,3.55,--,15,5325,卖盘
1031,13:22:40,3.55,--,100,35500,卖盘
1032,13:22:34,3.55,-0.01,88,31240,卖盘
1033,13:22:31,3.56,0.01,5,1780,买盘
1034,13:22:25,3.55,--,104,36920,卖盘
1035,13:22:19,3.55,--,20,7100,卖盘
1036,13:22:16,3.55,--,84,29820,卖盘
1037,13:22:10,3.55,-0.01,96,34080,卖盘
1038,13:22:04,3.56,--,33,11748,买盘
1039,13:22:01,3.56,0.01,41,14596,买盘
1040,13:21:55,3.55,-0.01,15,5325,卖盘
1041,13:21:49,3.56,0.01,97,34532,买盘
1042,13:21:46,3.55,-0.01,89,31595,卖盘
1043,13:21:41,3.56,0.01,10,3560,买盘
1044,13:21:34,3.55,-0.01,56,19880,卖盘
1045,13:21:31,3.56,--,15,5340,买盘
1046,13:21:25,3.56,0.01,5,1780,买盘
1047,13:21:16,3.55,-0.01,99,35145,卖盘
1048,13:21:10,3.56,0.01,9,3204,买盘
1049,13:21:04,3.55,-0.01,28,9940,卖盘
1050,13:21:01,3.56,--,12,4272,买盘
1051,13:20:55,3.56,--,4,1424,买盘
1052,13:20:46,3.56,--,126,44856,买盘
1053,13:20:40,3.56,0.01,526,187256,买盘
1054,13:20:34,3.55,-0.01,122,43310,卖盘
1055,13:20:31,3.56,--,29,10324,买盘
1056,13:20:25,3.56,--,12,4272,买盘
1057,13:20:14,3.56,--,4,1424,买盘
1058,13:20:10,3.56,0.01,3,1068,买盘
1059,13:20:04,3.55,--,52,18460,卖盘
1060,13:19:59,3.55,-0.01,138,48990,卖盘
1061,13:19:55,3.56,--,10,3560,买盘
1062,13:19:50,3.56,--,50,17800,买盘
1063,13:19:43,3.56,--,4,1424,买盘
1064,13:19:40,3.56,0.01,1,356,买盘
1065,13:19:34,3.55,-0.01,33,11715,卖盘
1066,13:19:25,3.56,--,54,19224,买盘
1067,13:19:14,3.56,--,24,8544,买盘
1068,13:19:10,3.56,0.01,394,140264,买盘
1069,13:19:04,3.55,--,33,11715,卖盘
1070,13:18:59,3.55,-0.01,7,2485,卖盘
1071,13:18:55,3.56,0.01,4,1424,买盘
1072,13:18:49,3.55,-0.01,1,355,卖盘
1073,13:18:44,3.56,--,4,1424,买盘
1074,13:18:34,3.56,--,183,65148,买盘
1075,13:18:25,3.56,--,9,3204,买盘
1076,13:18:13,3.56,--,25,8900,买盘
1077,13:18:10,3.56,0.01,1,356,买盘
1078,13:18:04,3.55,--,51,18105,卖盘
1079,13:17:59,3.55,-0.01,17,6035,卖盘
1080,13:17:55,3.56,--,5,1780,买盘
1081,13:17:43,3.56,0.01,4,1424,买盘
1082,13:17:34,3.55,--,32,11360,卖盘
1083,13:17:25,3.55,-0.01,8,2840,卖盘
1084,13:17:13,3.56,--,4,1424,买盘
1085,13:17:10,3.56,0.01,39,13884,买盘
1086,13:17:04,3.55,--,33,11715,卖盘
1087,13:16:59,3.55,-0.01,7,2485,卖盘
1088,13:16:55,3.56,--,4,1424,买盘
1089,13:16:43,3.56,--,5,1780,买盘
1090,13:16:40,3.56,--,10,3560,买盘
1091,13:16:34,3.56,0.01,253,90068,买盘
1092,13:16:30,3.55,-0.01,18,6390,卖盘
1093,13:16:25,3.56,--,4,1424,买盘
1094,13:16:13,3.56,--,5,1780,买盘
1095,13:16:10,3.56,0.01,1,356,买盘
1096,13:16:04,3.55,--,52,18460,卖盘
1097,13:15:59,3.55,-0.01,7,2485,卖盘
1098,13:15:54,3.56,--,5,1780,买盘
1099,13:15:49,3.56,--,12,4272,买盘
1100,13:15:40,3.56,0.01,4,1424,买盘
1101,13:15:34,3.55,-0.01,53,18815,卖盘
1102,13:15:24,3.56,--,46,16376,买盘
1103,13:15:10,3.56,0.01,5,1780,买盘
1104,13:15:04,3.55,-0.01,1931,685505,卖盘
1105,13:14:58,3.56,--,67,23852,买盘
1106,13:14:55,3.56,--,4,1424,买盘
1107,13:14:40,3.56,--,9,3204,买盘
1108,13:14:34,3.56,--,2033,723748,买盘
1109,13:14:29,3.56,0.01,127,45212,买盘
1110,13:14:25,3.55,--,9,3195,卖盘
1111,13:14:19,3.55,-0.01,10,3550,卖盘
1112,13:14:10,3.56,0.01,7,2492,买盘
1113,13:14:04,3.55,--,31,11005,卖盘
1114,13:13:58,3.55,--,7,2485,卖盘
1115,13:13:55,3.55,-0.01,14,4970,卖盘
1116,13:13:43,3.56,0.01,5,1780,买盘
1117,13:13:34,3.55,-0.01,71,25205,卖盘
1118,13:13:24,3.56,0.01,4,1424,买盘
1119,13:13:19,3.55,-0.01,1010,358550,卖盘
1120,13:13:10,3.56,--,6,2136,买盘
1121,13:13:04,3.56,0.01,230,82150,买盘
1122,13:12:58,3.55,--,7,2485,卖盘
1123,13:12:53,3.55,--,107,37985,卖盘
1124,13:12:49,3.55,-0.01,41,14732,卖盘
1125,13:12:43,3.56,0.01,4,1424,买盘
1126,13:12:40,3.55,--,51,18105,卖盘
1127,13:12:34,3.55,--,33,11715,卖盘
1128,13:12:24,3.55,--,48,17040,卖盘
1129,13:12:19,3.55,-0.01,391,138805,卖盘
1130,13:12:13,3.56,0.01,6,2136,买盘
1131,13:12:07,3.55,-0.01,102,36210,卖盘
1132,13:12:04,3.56,0.01,253,90068,买盘
1133,13:11:58,3.55,-0.01,109,38695,卖盘
1134,13:11:52,3.56,--,15,5340,买盘
1135,13:11:49,3.56,--,9,3204,买盘
1136,13:11:43,3.56,0.01,5,1780,买盘
1137,13:11:34,3.55,--,31,11005,卖盘
1138,13:11:28,3.55,--,4,1420,卖盘
1139,13:11:21,3.55,-0.01,7,2485,卖盘
1140,13:11:13,3.56,0.01,108,38448,买盘
1141,13:11:08,3.55,--,92,32660,卖盘
1142,13:11:04,3.55,--,32,11360,卖盘
1143,13:10:58,3.55,-0.01,177,62835,卖盘
1144,13:10:52,3.56,--,5,1780,买盘
1145,13:10:49,3.56,--,325,115700,买盘
1146,13:10:43,3.56,0.01,4,1424,买盘
1147,13:10:38,3.55,--,170,60350,卖盘
1148,13:10:34,3.55,--,32,11360,卖盘
1149,13:10:28,3.55,-0.01,35,12425,卖盘
1150,13:10:22,3.56,0.01,55,19580,买盘
1151,13:10:19,3.55,-0.01,5,1775,卖盘
1152,13:10:13,3.56,0.01,5,1780,买盘
1153,13:10:04,3.55,--,38,13490,卖盘
1154,13:09:58,3.55,-0.01,170,60350,卖盘
1155,13:09:52,3.56,--,4,1424,买盘
1156,13:09:49,3.56,--,2500,890000,买盘
1157,13:09:43,3.56,0.01,5,1780,买盘
1158,13:09:39,3.55,-0.01,71,25205,卖盘
1159,13:09:34,3.56,0.01,124,44144,买盘
1160,13:09:28,3.55,-0.01,48,17245,卖盘
1161,13:09:23,3.56,0.01,4,1424,买盘
1162,13:09:19,3.55,-0.01,13,4615,卖盘
1163,13:09:13,3.56,0.01,2507,892492,买盘
1164,13:09:03,3.55,--,32,11360,卖盘
1165,13:08:58,3.55,-0.01,7,2485,卖盘
1166,13:08:52,3.56,0.01,7,2492,买盘
1167,13:08:43,3.55,-0.01,2642,937910,卖盘
1168,13:08:38,3.56,--,122,43432,买盘
1169,13:08:34,3.56,--,60,21360,买盘
1170,13:08:28,3.56,--,10,3560,买盘
1171,13:08:22,3.56,--,16,5696,买盘
1172,13:08:13,3.56,0.01,6,2136,买盘
1173,13:08:04,3.55,--,32,11360,卖盘
1174,13:07:58,3.55,-0.01,7,2485,卖盘
1175,13:07:52,3.56,--,20,7120,买盘
1176,13:07:43,3.56,0.01,4,1424,买盘
1177,13:07:39,3.55,--,16,5680,卖盘
1178,13:07:34,3.55,-0.01,133,47215,卖盘
1179,13:07:28,3.56,--,298,106088,买盘
1180,13:07:22,3.56,--,19,6764,买盘
1181,13:07:14,3.56,--,106,37736,买盘
1182,13:07:06,3.56,0.01,296,105568,买盘
1183,13:07:04,3.55,--,31,11005,卖盘
1184,13:06:58,3.55,-0.01,126,44730,卖盘
1185,13:06:53,3.56,--,4,1424,买盘
1186,13:06:49,3.56,0.01,87,31249,买盘
1187,13:06:43,3.55,--,2609,926195,卖盘
1188,13:06:33,3.55,-0.01,339,120345,卖盘
1189,13:06:22,3.56,--,1063,378428,买盘
1190,13:06:19,3.56,--,15,5340,买盘
1191,13:06:13,3.56,0.01,6,2136,买盘
1192,13:06:04,3.55,--,869,308495,卖盘
1193,13:05:57,3.55,-0.01,9,3195,卖盘
1194,13:05:52,3.56,--,20,7120,买盘
1195,13:05:43,3.56,0.01,4,1424,买盘
1196,13:05:38,3.55,-0.01,441,156555,卖盘
1197,13:05:32,3.56,0.01,4,1424,买盘
1198,13:05:28,3.55,-0.01,14,4970,卖盘
1199,13:05:22,3.56,--,328,116768,买盘
1200,13:05:13,3.56,0.01,5,1780,买盘
1201,13:05:08,3.55,-0.01,29,10295,卖盘
1202,13:05:01,3.56,0.01,5,1780,买盘
1203,13:04:58,3.55,-0.01,7,2485,卖盘
1204,13:04:52,3.56,0.01,19,6764,买盘
1205,13:04:48,3.55,-0.01,90,31950,卖盘
1206,13:04:43,3.56,0.01,4,1424,买盘
1207,13:04:38,3.55,-0.01,28,9940,卖盘
1208,13:04:33,3.56,0.01,101,35956,买盘
1209,13:04:27,3.55,-0.01,1427,506585,卖盘
1210,13:04:22,3.56,0.01,19,6764,买盘
1211,13:04:13,3.55,--,45,15975,卖盘
1212,13:04:07,3.55,-0.01,28,9940,卖盘
1213,13:04:02,3.56,0.01,4,1424,买盘
1214,13:03:58,3.55,-0.01,7,2485,卖盘
1215,13:03:52,3.56,--,48,17088,买盘
1216,13:03:43,3.56,0.01,5,1780,买盘
1217,13:03:38,3.55,-0.01,28,9940,卖盘
1218,13:03:32,3.56,--,670,238520,买盘
1219,13:03:21,3.56,--,5,1780,买盘
1220,13:03:12,3.56,--,20,7120,买盘
1221,13:03:07,3.56,--,487,173372,买盘
1222,13:03:01,3.56,0.01,4,1424,买盘
1223,13:02:58,3.55,-0.01,7,2485,卖盘
1224,13:02:52,3.56,--,4,1424,买盘
1225,13:02:42,3.56,0.01,5,1780,买盘
1226,13:02:37,3.55,-0.01,573,203415,卖盘
1227,13:02:31,3.56,0.01,4,1424,买盘
1228,13:02:28,3.55,--,29,10295,卖盘
1229,13:02:22,3.55,--,11,3905,卖盘
1230,13:02:16,3.55,-0.01,830,294650,卖盘
1231,13:02:13,3.56,0.01,5,1780,买盘
1232,13:02:06,3.55,-0.01,28,9940,卖盘
1233,13:02:00,3.56,0.01,4,1424,买盘
1234,13:01:58,3.55,--,43,15265,卖盘
1235,13:01:52,3.55,--,419,148745,卖盘
1236,13:01:47,3.55,--,177,62835,卖盘
1237,13:01:43,3.55,--,262,93010,卖盘
1238,13:01:37,3.55,-0.01,559,198445,卖盘
1239,13:01:31,3.56,--,132,46992,买盘
1240,13:01:28,3.56,--,5,1780,买盘
1241,13:01:22,3.56,--,5,1780,买盘
1242,13:01:13,3.56,--,4,1424,买盘
1243,13:01:07,3.56,--,51,18156,买盘
1244,13:01:01,3.56,0.01,4,1424,买盘
1245,13:00:52,3.55,-0.01,53,18815,卖盘
1246,13:00:42,3.56,0.01,5,1780,买盘
1247,13:00:37,3.55,-0.01,27,9585,卖盘
1248,13:00:31,3.56,--,4,1424,买盘
1249,13:00:28,3.56,--,1,356,买盘
1250,13:00:20,3.56,--,5,1780,买盘
1251,13:00:13,3.56,--,54,19224,买盘
1252,13:00:06,3.56,0.01,2664,948384,买盘
1253,13:00:03,3.55,-0.01,9,3195,卖盘
1254,11:30:00,3.56,--,0,0,买盘
1255,11:30:00,3.56,--,0,0,买盘
1256,11:29:59,3.56,0.01,5,1780,买盘
1257,11:29:58,3.55,-0.01,7,2485,卖盘
1258,11:29:48,3.56,--,4,1424,买盘
1259,11:29:44,3.56,0.01,5,1780,买盘
1260,11:29:33,3.55,-0.01,32,11360,卖盘
1261,11:29:23,3.56,--,14,4984,买盘
1262,11:29:13,3.56,0.01,34,12104,买盘
1263,11:29:03,3.55,--,40,14200,卖盘
1264,11:28:57,3.55,-0.01,7,2485,卖盘
1265,11:28:48,3.56,--,8,2848,买盘
1266,11:28:42,3.56,--,4,1424,买盘
1267,11:28:37,3.56,0.01,28,9968,买盘
1268,11:28:32,3.55,--,32,11360,卖盘
1269,11:28:28,3.55,-0.01,27,9585,卖盘
1270,11:28:23,3.56,--,4,1424,买盘
1271,11:28:17,3.56,--,227,80812,买盘
1272,11:28:13,3.56,--,4,1424,买盘
1273,11:28:07,3.56,0.02,25,8900,买盘
1274,11:28:03,3.54,-0.01,2083,737382,卖盘
1275,11:27:57,3.55,--,176,62480,买盘
1276,11:27:53,3.55,--,104,36920,买盘
1277,11:27:48,3.55,--,2703,959565,买盘
1278,11:27:42,3.55,--,2256,800880,买盘
1279,11:27:33,3.55,--,114,40470,买盘
1280,11:27:29,3.55,--,895,317725,买盘
1281,11:27:18,3.55,--,26,9230,买盘
1282,11:27:12,3.55,--,157,55735,买盘
1283,11:27:07,3.55,--,209,74195,买盘
1284,11:27:03,3.55,0.01,260,92300,买盘
1285,11:26:59,3.54,-0.01,139,49206,卖盘
1286,11:26:52,3.55,--,22,7810,买盘
1287,11:26:48,3.55,--,78,27690,买盘
1288,11:26:42,3.55,0.01,459,162945,买盘
1289,11:26:33,3.54,-0.01,31,10974,卖盘
1290,11:26:22,3.55,--,10,3550,买盘
1291,11:26:18,3.55,--,331,117505,买盘
1292,11:26:12,3.55,0.01,141,50055,买盘
1293,11:26:03,3.54,-0.01,103,36462,卖盘
1294,11:25:57,3.55,--,329,116795,买盘
1295,11:25:52,3.55,--,81,28755,买盘
1296,11:25:48,3.55,--,19,6745,买盘
1297,11:25:43,3.55,0.01,4,1420,买盘
1298,11:25:33,3.54,-0.01,33,11682,卖盘
1299,11:25:18,3.55,--,61,21655,买盘
1300,11:25:12,3.55,--,296,105080,买盘
1301,11:25:08,3.55,--,472,167560,买盘
1302,11:25:03,3.55,0.01,1459,517945,买盘
1303,11:24:57,3.54,-0.01,23,8142,卖盘
1304,11:24:48,3.55,--,20,7100,买盘
1305,11:24:42,3.55,--,5,1775,买盘
1306,11:24:38,3.55,0.01,3,1065,买盘
1307,11:24:33,3.54,--,31,10974,卖盘
1308,11:24:27,3.54,-0.01,49,17346,卖盘
1309,11:24:18,3.55,--,244,86620,买盘
1310,11:24:13,3.55,--,5,1775,买盘
1311,11:24:08,3.55,0.01,5,1775,买盘
1312,11:24:03,3.54,--,32,11328,卖盘
1313,11:23:56,3.54,-0.01,7,2478,卖盘
1314,11:23:52,3.55,--,22,7810,买盘
1315,11:23:43,3.55,0.01,14,4970,买盘
1316,11:23:37,3.54,-0.01,28,9912,卖盘
1317,11:23:30,3.55,--,4,1420,买盘
1318,11:23:22,3.55,--,5,1775,买盘
1319,11:23:12,3.55,0.01,5,1775,买盘
1320,11:23:08,3.54,-0.01,28,9912,卖盘
1321,11:23:02,3.55,--,91,32305,买盘
1322,11:22:57,3.55,--,75,26625,买盘
1323,11:22:52,3.55,--,4,1420,买盘
1324,11:22:47,3.55,0.01,15,5325,买盘
1325,11:22:42,3.54,-0.01,105,37170,卖盘
1326,11:22:37,3.55,0.01,48,17040,买盘
1327,11:22:32,3.54,-0.01,32,11328,卖盘
1328,11:22:27,3.55,--,10,3550,买盘
1329,11:22:22,3.55,--,6,2130,买盘
1330,11:22:16,3.55,--,1,355,买盘
1331,11:22:12,3.55,--,5,1775,买盘
1332,11:22:08,3.55,--,57,20235,买盘
1333,11:22:00,3.55,0.01,82,29110,买盘
1334,11:21:57,3.54,-0.01,12,4248,卖盘
1335,11:21:53,3.55,--,4,1420,买盘
1336,11:21:42,3.55,0.01,4,1420,买盘
1337,11:21:37,3.54,-0.01,84,29736,卖盘
1338,11:21:32,3.55,--,4,1420,买盘
1339,11:21:22,3.55,--,5,1775,买盘
1340,11:21:16,3.55,--,505,179275,买盘
1341,11:21:12,3.55,0.01,6,2130,买盘
1342,11:21:08,3.54,-0.01,28,9912,卖盘
1343,11:20:59,3.55,0.01,4,1420,买盘
1344,11:20:57,3.54,-0.01,7,2478,卖盘
1345,11:20:51,3.55,--,5,1775,买盘
1346,11:20:46,3.55,--,1,355,买盘
1347,11:20:42,3.55,--,5,1775,买盘
1348,11:20:36,3.55,--,41,14555,买盘
1349,11:20:30,3.55,--,4,1420,买盘
1350,11:20:21,3.55,--,5,1775,买盘
1351,11:20:12,3.55,0.01,5,1775,买盘
1352,11:20:06,3.54,-0.01,66,23364,卖盘
1353,11:20:00,3.55,--,14,4970,买盘
1354,11:19:57,3.55,--,459,162945,买盘
1355,11:19:51,3.55,--,4,1420,买盘
1356,11:19:42,3.55,0.01,4,1420,买盘
1357,11:19:36,3.54,-0.01,28,9912,卖盘
1358,11:19:32,3.55,--,77,27335,买盘
1359,11:19:25,3.55,--,40,14200,买盘
1360,11:19:21,3.55,--,4,1420,买盘
1361,11:19:12,3.55,0.01,6,2130,买盘
1362,11:19:06,3.54,-0.01,28,9912,卖盘
1363,11:18:57,3.55,0.01,121,42955,买盘
1364,11:18:50,3.54,-0.01,5,1770,卖盘
1365,11:18:42,3.55,0.01,35,12425,买盘
1366,11:18:36,3.54,--,32,11328,卖盘
1367,11:18:31,3.54,--,167,59118,卖盘
1368,11:18:26,3.54,-0.01,81,28674,卖盘
1369,11:18:21,3.55,--,5,1775,买盘
1370,11:18:12,3.55,--,55,19525,买盘
1371,11:18:06,3.55,0.01,571,202705,买盘
1372,11:18:00,3.54,--,168,59472,卖盘
1373,11:17:57,3.54,-0.01,30,10620,卖盘
1374,11:17:51,3.55,0.01,4,1420,买盘
1375,11:17:46,3.54,-0.01,80,28320,卖盘
1376,11:17:42,3.55,0.01,4,1420,买盘
1377,11:17:36,3.54,-0.01,242,85668,卖盘
1378,11:17:27,3.55,--,4,1420,买盘
1379,11:17:21,3.55,--,171,60705,买盘
1380,11:17:12,3.55,0.01,5,1775,买盘
1381,11:17:04,3.54,--,28,9912,卖盘
1382,11:17:00,3.54,-0.01,80,28320,卖盘
1383,11:16:57,3.55,--,337,119635,买盘
1384,11:16:51,3.55,--,5,1775,买盘
1385,11:16:45,3.55,--,50,17750,买盘
1386,11:16:42,3.55,0.01,9,3195,买盘
1387,11:16:36,3.54,--,1028,363912,卖盘
1388,11:16:32,3.54,-0.01,39,13806,卖盘
1389,11:16:27,3.55,--,4,1420,买盘
1390,11:16:21,3.55,0.01,5,1775,买盘
1391,11:16:17,3.54,-0.01,105,37170,卖盘
1392,11:16:10,3.55,0.01,33,11715,买盘
1393,11:16:06,3.54,-0.01,28,9912,卖盘
1394,11:15:59,3.55,--,12,4260,买盘
1395,11:15:55,3.55,0.01,107,37985,买盘
1396,11:15:51,3.54,-0.01,287,101598,卖盘
1397,11:15:45,3.55,--,12,4260,买盘
1398,11:15:41,3.55,0.01,5,1775,买盘
1399,11:15:36,3.54,-0.01,27,9558,卖盘
1400,11:15:32,3.55,0.01,4,1420,买盘
1401,11:15:21,3.54,-0.01,13,4602,卖盘
1402,11:15:11,3.55,0.01,6,2130,买盘
1403,11:15:06,3.54,--,28,9912,卖盘
1404,11:15:00,3.54,-0.01,1012,358248,卖盘
1405,11:14:51,3.55,--,5,1775,买盘
1406,11:14:46,3.55,--,19,6745,买盘
1407,11:14:39,3.55,0.01,4,1420,买盘
1408,11:14:37,3.54,-0.01,28,9912,卖盘
1409,11:14:30,3.55,0.01,5,1775,买盘
1410,11:14:20,3.54,--,14,4956,卖盘
1411,11:14:16,3.54,-0.01,290,102660,卖盘
1412,11:14:10,3.55,--,5,1775,买盘
1413,11:14:06,3.55,--,29,10295,买盘
1414,11:14:00,3.55,--,11,3905,买盘
1415,11:13:55,3.55,0.01,8,2840,买盘
1416,11:13:51,3.54,-0.01,1004,355416,卖盘
1417,11:13:47,3.55,--,15,5325,买盘
1418,11:13:40,3.55,0.01,82,29110,买盘
1419,11:13:36,3.54,-0.01,28,9912,卖盘
1420,11:13:32,3.55,--,4,1420,买盘
1421,11:13:21,3.55,--,5,1775,买盘
1422,11:13:09,3.55,0.01,5,1775,买盘
1423,11:13:06,3.54,-0.01,27,9558,卖盘
1424,11:13:00,3.55,--,12,4260,买盘
1425,11:12:51,3.55,--,14,4970,买盘
1426,11:12:47,3.55,--,5,1775,买盘
1427,11:12:40,3.55,0.01,4,1420,买盘
1428,11:12:36,3.54,-0.01,38,13452,卖盘
1429,11:12:31,3.55,--,331,117505,买盘
1430,11:12:21,3.55,--,4,1420,买盘
1431,11:12:09,3.55,--,5,1775,买盘
1432,11:12:06,3.55,--,44,15620,买盘
1433,11:12:00,3.55,0.01,11,3905,买盘
1434,11:11:51,3.54,-0.01,84,29736,卖盘
1435,11:11:40,3.55,0.01,5,1775,买盘
1436,11:11:36,3.54,-0.02,28,9912,卖盘
1437,11:11:31,3.56,0.02,4,1424,买盘
1438,11:11:25,3.54,--,0,0,卖盘
1439,11:11:21,3.54,-0.01,396,140184,卖盘
1440,11:11:16,3.55,-0.01,10,3550,卖盘
1441,11:11:10,3.56,0.01,13,4628,买盘
1442,11:11:06,3.55,--,160,56800,买盘
1443,11:11:00,3.55,--,13,4615,买盘
1444,11:10:51,3.55,-0.01,346,122830,卖盘
1445,11:10:40,3.56,0.01,4,1424,买盘
1446,11:10:35,3.55,-0.01,28,9940,卖盘
1447,11:10:30,3.56,0.02,5,1780,买盘
1448,11:10:25,3.54,-0.01,118,41772,卖盘
1449,11:10:21,3.55,0.01,10,3550,买盘
1450,11:10:15,3.54,-0.02,60,21240,卖盘
1451,11:10:10,3.56,--,277,98612,买盘
1452,11:10:06,3.56,0.02,1926,685656,买盘
1453,11:10:00,3.54,--,12,4248,卖盘
1454,11:09:55,3.54,--,16,5664,卖盘
1455,11:09:51,3.54,--,20,7080,卖盘
1456,11:09:45,3.54,-0.01,72,25488,卖盘
1457,11:09:40,3.55,0.01,35,12425,买盘
1458,11:09:36,3.54,--,52,18408,卖盘
1459,11:09:30,3.54,-0.01,34,12036,卖盘
1460,11:09:21,3.55,--,5,1775,买盘
1461,11:09:15,3.55,--,150,53250,买盘
1462,11:09:10,3.55,--,6,2130,买盘
1463,11:09:05,3.55,--,80,28400,买盘
1464,11:09:01,3.55,--,11,3905,买盘
1465,11:08:55,3.55,--,30,10650,买盘
1466,11:08:50,3.55,--,5,1775,买盘
1467,11:08:40,3.55,0.01,64,22720,买盘
1468,11:08:34,3.54,-0.01,27,9558,卖盘
1469,11:08:30,3.55,--,5,1775,买盘
1470,11:08:25,3.55,--,20,7100,买盘
1471,11:08:19,3.55,--,4,1420,买盘
1472,11:08:10,3.55,0.01,5,1775,买盘
1473,11:08:05,3.54,--,28,9912,卖盘
1474,11:08:00,3.54,--,228,80712,卖盘
1475,11:07:54,3.54,-0.01,50,17700,卖盘
1476,11:07:48,3.55,-0.01,4,1420,买盘
1477,11:07:41,3.56,0.02,5,1780,买盘
1478,11:07:33,3.54,-0.01,28,9912,卖盘
1479,11:07:30,3.55,-0.01,140,49700,卖盘
1480,11:07:19,3.56,--,4,1424,买盘
1481,11:07:10,3.56,0.01,90,32040,买盘
1482,11:07:03,3.55,-0.01,30,10650,买盘
1483,11:07:00,3.56,--,11,3916,买盘
1484,11:06:53,3.56,--,0,0,买盘
1485,11:06:49,3.56,0.01,4,1424,买盘
1486,11:06:44,3.55,--,352,124960,买盘
1487,11:06:40,3.55,--,5,1775,买盘
1488,11:06:34,3.55,--,79,28045,买盘
1489,11:06:30,3.55,--,4,1420,买盘
1490,11:06:24,3.55,--,116,41180,买盘
1491,11:06:18,3.55,--,5,1775,买盘
1492,11:06:10,3.55,0.01,7,2485,买盘
1493,11:06:04,3.54,-0.01,28,9912,卖盘
1494,11:06:00,3.55,--,31,11005,买盘
1495,11:05:55,3.55,--,10,3550,买盘
1496,11:05:48,3.55,--,5,1775,买盘
1497,11:05:41,3.55,0.01,5,1775,买盘
1498,11:05:34,3.54,-0.01,58,20532,卖盘
1499,11:05:29,3.55,--,5,1775,买盘
1500,11:05:19,3.55,--,25,8875,买盘
1501,11:05:10,3.55,0.01,31,11005,买盘
1502,11:05:04,3.54,-0.01,28,9912,卖盘
1503,11:04:59,3.55,--,21,7455,买盘
1504,11:04:56,3.55,0.01,52,18460,买盘
1505,11:04:49,3.54,-0.01,32,11643,卖盘
1506,11:04:45,3.55,-0.01,77,27335,卖盘
1507,11:04:38,3.56,0.01,4,1424,买盘
1508,11:04:33,3.55,--,28,9940,卖盘
1509,11:04:30,3.55,--,10,3550,买盘
1510,11:04:24,3.55,--,10,3550,买盘
1511,11:04:20,3.55,--,25,8875,买盘
1512,11:04:15,3.55,-0.01,65,23075,卖盘
1513,11:04:10,3.56,0.02,105,37380,买盘
1514,11:04:04,3.54,-0.01,113,40002,卖盘
1515,11:04:00,3.55,--,11,3905,买盘
1516,11:03:54,3.55,--,197,69935,买盘
1517,11:03:48,3.55,--,8,2840,买盘
1518,11:03:44,3.55,--,86,30530,买盘
1519,11:03:38,3.55,0.01,34,12070,买盘
1520,11:03:34,3.54,-0.01,78,27612,卖盘
1521,11:03:30,3.55,--,1141,405055,买盘
1522,11:03:25,3.55,--,155,55025,买盘
1523,11:03:19,3.55,--,5,1775,买盘
1524,11:03:15,3.55,--,60,21300,买盘
1525,11:03:09,3.55,--,42,14910,买盘
1526,11:03:03,3.55,--,128,45440,买盘
1527,11:03:00,3.55,--,91,32305,买盘
1528,11:02:54,3.55,0.01,9,3195,买盘
1529,11:02:49,3.54,-0.01,6,2124,卖盘
1530,11:02:45,3.55,--,36,12780,买盘
1531,11:02:39,3.55,--,68,24140,买盘
1532,11:02:34,3.55,--,628,222940,买盘
1533,11:02:30,3.55,--,1046,371330,买盘
1534,11:02:25,3.55,-0.01,987,350385,卖盘
1535,11:02:19,3.56,--,5,1780,买盘
1536,11:02:15,3.56,--,2,712,买盘
1537,11:02:09,3.56,0.01,11,3916,买盘
1538,11:02:03,3.55,-0.01,27,9585,卖盘
1539,11:02:00,3.56,--,11,3916,买盘
1540,11:01:54,3.56,--,335,119260,买盘
1541,11:01:48,3.56,--,5,1780,买盘
1542,11:01:39,3.56,0.01,16,5696,买盘
1543,11:01:34,3.55,--,7504,2663920,买盘
1544,11:01:27,3.55,--,199,70645,买盘
1545,11:01:24,3.55,--,11,3905,买盘
1546,11:01:20,3.55,--,138,48990,买盘
1547,11:01:13,3.55,--,277,98335,买盘
1548,11:01:09,3.55,--,46,16330,买盘
1549,11:01:03,3.55,--,64,22720,买盘
1550,11:00:58,3.55,--,31,11005,买盘
1551,11:00:54,3.55,--,50,17750,买盘
1552,11:00:48,3.55,--,4,1420,买盘
1553,11:00:39,3.55,0.01,5,1775,买盘
1554,11:00:34,3.54,-0.01,28,9912,卖盘
1555,11:00:27,3.55,0.01,4,1420,买盘
1556,11:00:24,3.54,-0.01,157,55578,卖盘
1557,11:00:19,3.55,0.01,224,79520,买盘
1558,11:00:09,3.54,--,188,66552,卖盘
1559,11:00:03,3.54,-0.01,28,9912,卖盘
1560,10:59:58,3.55,--,11,3905,买盘
1561,10:59:49,3.55,--,126,44730,买盘
1562,10:59:39,3.55,0.01,58,20590,买盘
1563,10:59:33,3.54,-0.01,94,33276,卖盘
1564,10:59:28,3.55,0.01,4,1420,买盘
1565,10:59:24,3.54,-0.01,158,55932,卖盘
1566,10:59:19,3.55,--,85,30175,买盘
1567,10:59:08,3.55,0.01,2812,998260,买盘
1568,10:59:04,3.54,--,28,9912,卖盘
1569,10:58:58,3.54,-0.01,11,3894,卖盘
1570,10:58:50,3.55,0.01,5,1775,买盘
1571,10:58:39,3.54,--,46,16284,卖盘
1572,10:58:34,3.54,-0.01,48,16992,卖盘
1573,10:58:28,3.55,--,146,51830,买盘
1574,10:58:24,3.55,--,289,102595,买盘
1575,10:58:19,3.55,--,6,2130,买盘
1576,10:58:09,3.55,--,160,56800,买盘
1577,10:58:03,3.55,0.01,38,13490,买盘
1578,10:57:57,3.54,--,11,3894,卖盘
1579,10:57:54,3.54,-0.01,158,55932,卖盘
1580,10:57:48,3.55,--,4,1420,买盘
1581,10:57:43,3.55,0.01,20,7100,买盘
1582,10:57:39,3.54,--,166,58764,卖盘
1583,10:57:34,3.54,-0.01,37,13098,卖盘
1584,10:57:28,3.55,--,4,1420,买盘
1585,10:57:18,3.55,--,34,12070,买盘
1586,10:57:09,3.55,0.01,207,73485,买盘
1587,10:57:04,3.54,--,28,9912,卖盘
1588,10:56:57,3.54,-0.01,11,3894,卖盘
1589,10:56:54,3.55,0.01,3,1065,买盘
1590,10:56:48,3.54,-0.01,41,14514,卖盘
1591,10:56:43,3.55,--,15,5325,买盘
1592,10:56:39,3.55,--,10220,3628100,卖盘
1593,10:56:34,3.55,-0.01,608,215840,卖盘
1594,10:56:27,3.56,0.01,5,1780,买盘
1595,10:56:24,3.55,-0.01,10081,3578755,卖盘
1596,10:56:18,3.56,0.01,4,1424,买盘
1597,10:56:09,3.55,--,10005,3551775,卖盘
1598,10:56:02,3.55,--,28,9940,卖盘
1599,10:55:58,3.55,-0.01,10012,3554260,卖盘
1600,10:55:48,3.56,0.01,4,1424,买盘
1601,10:55:42,3.55,--,88,31240,卖盘
1602,10:55:39,3.55,--,265,94075,卖盘
1603,10:55:33,3.55,-0.01,557,197735,卖盘
1604,10:55:28,3.56,0.01,5,1780,买盘
1605,10:55:24,3.55,-0.01,86,30530,卖盘
1606,10:55:18,3.56,--,95,33820,买盘
1607,10:55:09,3.56,--,1235,439660,买盘
1608,10:55:03,3.56,0.01,1028,365968,买盘
1609,10:54:58,3.55,-0.01,12,4260,卖盘
1610,10:54:54,3.56,--,32,11392,买盘
1611,10:54:48,3.56,0.01,4,1424,买盘
1612,10:54:39,3.55,--,6,2130,卖盘
1613,10:54:34,3.55,-0.01,47,16685,卖盘
1614,10:54:28,3.56,0.01,110,39160,买盘
1615,10:54:24,3.55,-0.01,50,17750,卖盘
1616,10:54:17,3.56,0.01,16,5696,买盘
1617,10:54:13,3.55,-0.01,160,56800,卖盘
1618,10:54:06,3.56,0.01,55,19580,买盘
1619,10:54:03,3.55,--,47,16685,卖盘
1620,10:53:58,3.55,-0.01,11,3905,卖盘
1621,10:53:48,3.56,--,5,1780,买盘
1622,10:53:36,3.56,0.01,14,4984,买盘
1623,10:53:32,3.55,-0.01,128,45440,卖盘
1624,10:53:28,3.56,0.01,1814,645784,买盘
1625,10:53:22,3.55,-0.01,10,3550,卖盘
1626,10:53:18,3.56,0.01,4,1424,买盘
1627,10:53:12,3.55,-0.01,161,57155,卖盘
1628,10:53:07,3.56,--,4,1424,买盘
1629,10:53:03,3.56,0.01,29,10324,买盘
1630,10:52:57,3.55,-0.01,62,22010,卖盘
1631,10:52:48,3.56,--,4,1424,买盘
1632,10:52:43,3.56,--,355,126380,买盘
1633,10:52:36,3.56,0.01,5,1780,买盘
1634,10:52:32,3.55,-0.01,63,22365,卖盘
1635,10:52:28,3.56,--,4,1424,买盘
1636,10:52:19,3.56,--,125,44500,买盘
1637,10:52:07,3.56,0.01,6,2136,买盘
1638,10:52:03,3.55,-0.01,54,19170,卖盘
1639,10:51:57,3.56,--,240,85440,买盘
1640,10:51:48,3.56,0.01,5,1780,买盘
1641,10:51:42,3.55,--,8347,2963185,卖盘
1642,10:51:37,3.55,--,61,21655,卖盘
1643,10:51:33,3.55,-0.01,38,13490,卖盘
1644,10:51:27,3.56,--,62,22072,买盘
1645,10:51:18,3.56,--,5,1780,买盘
1646,10:51:13,3.56,--,2,712,买盘
1647,10:51:06,3.56,0.01,4,1424,买盘
1648,10:51:03,3.55,--,28,9940,卖盘
1649,10:50:58,3.55,--,337,119635,卖盘
1650,10:50:52,3.55,-0.01,9,3195,卖盘
1651,10:50:48,3.56,--,219,77964,买盘
1652,10:50:36,3.56,0.01,4,1424,买盘
1653,10:50:33,3.55,--,47,16685,卖盘
1654,10:50:27,3.55,--,85,30175,卖盘
1655,10:50:18,3.55,-0.01,13,4615,卖盘
1656,10:50:13,3.56,--,1,356,买盘
1657,10:50:07,3.56,0.01,4,1424,买盘
1658,10:50:03,3.55,--,49,17395,卖盘
1659,10:49:57,3.55,-0.01,12,4260,卖盘
1660,10:49:48,3.56,0.01,4,1424,买盘
1661,10:49:43,3.55,-0.01,4,1420,卖盘
1662,10:49:36,3.56,0.01,4,1424,买盘
1663,10:49:33,3.55,-0.01,218,77390,卖盘
1664,10:49:27,3.56,0.01,4,1424,买盘
1665,10:49:22,3.55,-0.01,158,56090,卖盘
1666,10:49:18,3.56,--,54,19224,买盘
1667,10:49:07,3.56,0.01,349,124244,买盘
1668,10:49:03,3.55,--,28,9940,卖盘
1669,10:48:57,3.55,-0.01,449,159395,卖盘
1670,10:48:51,3.56,--,36,12816,买盘
1671,10:48:47,3.56,--,5,1780,买盘
1672,10:48:36,3.56,--,24,8544,买盘
1673,10:48:33,3.56,--,60,21360,买盘
1674,10:48:28,3.56,--,8,2848,买盘
1675,10:48:18,3.56,--,5,1780,买盘
1676,10:48:13,3.56,--,2,712,买盘
1677,10:48:07,3.56,0.01,4,1424,买盘
1678,10:48:03,3.55,--,1053,373815,卖盘
1679,10:47:58,3.55,--,53,18815,卖盘
1680,10:47:48,3.55,--,399,141645,卖盘
1681,10:47:42,3.55,-0.01,5,1775,卖盘
1682,10:47:36,3.56,0.01,13,4628,买盘
1683,10:47:33,3.55,-0.01,39,13845,卖盘
1684,10:47:27,3.56,0.01,4,1424,买盘
1685,10:47:18,3.55,--,37,13429,卖盘
1686,10:47:12,3.55,-0.01,97,34435,卖盘
1687,10:47:07,3.56,0.01,148,52688,买盘
1688,10:46:57,3.55,--,239,84845,卖盘
1689,10:46:52,3.55,-0.01,40,14200,卖盘
1690,10:46:45,3.56,0.01,11,3916,买盘
1691,10:46:42,3.55,-0.01,203,72065,卖盘
1692,10:46:37,3.56,0.01,32,11392,买盘
1693,10:46:30,3.55,-0.01,20,7100,卖盘
1694,10:46:25,3.56,--,4,1424,买盘
1695,10:46:22,3.56,--,78,27768,买盘
1696,10:46:16,3.56,--,5,1780,买盘
1697,10:46:13,3.56,--,11,3916,买盘
1698,10:46:06,3.56,0.01,31,11036,买盘
1699,10:46:00,3.55,--,20,7100,卖盘
1700,10:45:57,3.55,-0.01,22,7810,卖盘
1701,10:45:52,3.56,--,4,1424,买盘
1702,10:45:46,3.56,0.01,4,1424,买盘
1703,10:45:42,3.55,-0.01,10,3550,卖盘
1704,10:45:37,3.56,0.01,42,14952,买盘
1705,10:45:30,3.55,-0.01,25,8875,卖盘
1706,10:45:15,3.56,--,6,2136,买盘
1707,10:45:12,3.56,--,5,1780,买盘
1708,10:45:07,3.56,--,99,35244,买盘
1709,10:44:57,3.56,0.01,40,14240,买盘
1710,10:44:52,3.55,-0.01,211,74905,卖盘
1711,10:44:45,3.56,0.01,35,12460,买盘
1712,10:44:42,3.55,-0.01,15,5325,卖盘
1713,10:44:37,3.56,--,1184,421504,买盘
1714,10:44:27,3.56,--,4,1424,买盘
1715,10:44:16,3.56,0.01,5,1780,买盘
1716,10:44:12,3.55,-0.01,121,42955,卖盘
1717,10:44:07,3.56,0.01,46,16376,买盘
1718,10:44:01,3.55,-0.01,6,2130,卖盘
1719,10:43:57,3.56,--,88,31328,买盘
1720,10:43:52,3.56,--,139,49484,买盘
1721,10:43:46,3.56,--,23,8188,买盘
1722,10:43:41,3.56,--,30,10680,买盘
1723,10:43:36,3.56,0.01,37,13172,买盘
1724,10:43:30,3.55,-0.01,441,156555,卖盘
1725,10:43:27,3.56,--,5,1780,买盘
1726,10:43:16,3.56,--,4,1424,买盘
1727,10:43:11,3.56,--,57,20292,买盘
1728,10:43:07,3.56,0.01,32,11392,买盘
1729,10:42:56,3.55,--,692,245660,卖盘
1730,10:42:51,3.55,-0.01,120,42600,卖盘
1731,10:42:46,3.56,--,24,8544,买盘
1732,10:42:36,3.56,0.01,274,97544,买盘
1733,10:42:30,3.55,-0.01,21,7455,卖盘
1734,10:42:27,3.56,--,4,1424,买盘
1735,10:42:16,3.56,--,5,1780,买盘
1736,10:42:12,3.56,--,190,67640,买盘
1737,10:42:07,3.56,0.01,48,17088,买盘
1738,10:42:00,3.55,--,20,7100,卖盘
1739,10:41:57,3.55,-0.01,50,17750,卖盘
1740,10:41:51,3.56,--,4,1424,买盘
1741,10:41:45,3.56,--,45,16020,买盘
1742,10:41:36,3.56,0.01,32,11392,买盘
1743,10:41:31,3.55,-0.01,186,66030,卖盘
1744,10:41:27,3.56,--,24,8544,买盘
1745,10:41:22,3.56,--,127,45212,买盘
1746,10:41:16,3.56,--,5,1780,买盘
1747,10:41:12,3.56,--,203,72268,买盘
1748,10:41:06,3.56,--,57,20292,买盘
1749,10:40:57,3.56,0.01,1522,541832,买盘
1750,10:40:52,3.55,-0.01,173,61415,卖盘
1751,10:40:46,3.56,0.01,61,21716,买盘
1752,10:40:42,3.55,-0.01,84,29820,卖盘
1753,10:40:37,3.56,0.01,32,11392,买盘
1754,10:40:31,3.55,-0.01,25,8875,卖盘
1755,10:40:27,3.56,--,5,1780,买盘
1756,10:40:15,3.56,--,130,46280,买盘
1757,10:40:12,3.56,--,391,139196,买盘
1758,10:40:06,3.56,--,1956,696336,买盘
1759,10:40:01,3.56,0.01,18,6408,买盘
1760,10:39:57,3.55,-0.01,11,3905,卖盘
1761,10:39:52,3.56,--,50,17800,买盘
1762,10:39:46,3.56,--,5,1780,买盘
1763,10:39:36,3.56,0.01,81,28836,买盘
1764,10:39:31,3.55,-0.01,120,42600,卖盘
1765,10:39:25,3.56,--,5,1780,买盘
1766,10:39:16,3.56,--,6,2136,买盘
1767,10:39:06,3.56,0.01,277,98612,买盘
1768,10:39:01,3.55,-0.01,7,2485,卖盘
1769,10:38:55,3.56,0.01,107,38092,买盘
1770,10:38:52,3.55,-0.01,240,85200,卖盘
1771,10:38:45,3.56,--,78,27768,买盘
1772,10:38:40,3.56,--,3,1068,买盘
1773,10:38:36,3.56,--,47,16732,买盘
1774,10:38:31,3.56,--,60,21360,买盘
1775,10:38:25,3.56,--,105,37380,买盘
1776,10:38:21,3.56,--,124,44144,买盘
1777,10:38:15,3.56,--,160,56960,买盘
1778,10:38:06,3.56,0.01,163,58028,买盘
1779,10:38:01,3.55,-0.01,325,115375,卖盘
1780,10:37:54,3.56,--,5,1780,买盘
1781,10:37:51,3.56,--,544,193664,买盘
1782,10:37:46,3.56,0.01,108,38448,买盘
1783,10:37:36,3.55,-0.01,153,54315,卖盘
1784,10:37:24,3.56,--,191,67996,买盘
1785,10:37:21,3.56,--,180,64080,买盘
1786,10:37:16,3.56,--,8,2848,买盘
1787,10:37:10,3.56,--,1,356,买盘
1788,10:37:06,3.56,0.01,32,11392,买盘
1789,10:37:01,3.55,-0.01,127,45085,卖盘
1790,10:36:54,3.56,--,1144,407264,买盘
1791,10:36:46,3.56,--,5,1780,买盘
1792,10:36:36,3.56,--,32,11392,买盘
1793,10:36:24,3.56,--,13,4628,买盘
1794,10:36:20,3.56,--,455,161980,买盘
1795,10:36:16,3.56,--,101,35956,买盘
1796,10:36:10,3.56,--,2,712,买盘
1797,10:36:05,3.56,0.01,32,11392,买盘
1798,10:36:00,3.55,-0.01,132,46860,卖盘
1799,10:35:55,3.56,--,5,1780,买盘
1800,10:35:46,3.56,0.01,4,1424,买盘
1801,10:35:40,3.55,-0.01,120,42600,卖盘
1802,10:35:36,3.56,0.01,32,11392,买盘
1803,10:35:31,3.55,-0.01,1,355,卖盘
1804,10:35:25,3.56,--,5,1780,买盘
1805,10:35:21,3.56,--,86,30616,买盘
1806,10:35:16,3.56,--,4,1424,买盘
1807,10:35:10,3.56,--,1,356,买盘
1808,10:35:06,3.56,--,322,114632,买盘
1809,10:35:01,3.56,--,21,7476,买盘
1810,10:34:54,3.56,0.01,5,1780,买盘
1811,10:34:51,3.55,-0.01,3,1065,卖盘
1812,10:34:46,3.56,--,180,64080,买盘
1813,10:34:36,3.56,0.01,358,127448,买盘
1814,10:34:30,3.55,-0.01,58,20590,卖盘
1815,10:34:25,3.56,--,4,1424,买盘
1816,10:34:21,3.56,--,191,67996,买盘
1817,10:34:15,3.56,--,59,21004,买盘
1818,10:34:06,3.56,--,33,11748,买盘
1819,10:34:01,3.56,--,171,60876,买盘
1820,10:33:55,3.56,--,125,44500,买盘
1821,10:33:45,3.56,--,106,37736,买盘
1822,10:33:36,3.56,0.01,86,30616,买盘
1823,10:33:30,3.55,-0.01,34,12070,卖盘
1824,10:33:25,3.56,0.01,72,25632,买盘
1825,10:33:21,3.55,-0.01,41,14555,卖盘
1826,10:33:16,3.56,--,4,1424,买盘
1827,10:33:10,3.56,0.01,6,2136,买盘
1828,10:33:04,3.55,--,54,19170,卖盘
1829,10:33:01,3.55,-0.01,427,151585,卖盘
1830,10:32:54,3.56,--,5,1780,买盘
1831,10:32:45,3.56,--,35,12460,买盘
1832,10:32:40,3.56,0.01,7,2492,买盘
1833,10:32:34,3.55,-0.01,27,9585,卖盘
1834,10:32:25,3.56,--,27,9612,买盘
1835,10:32:16,3.56,--,128,45568,买盘
1836,10:32:10,3.56,0.01,6,2136,买盘
1837,10:32:04,3.55,--,28,9940,卖盘
1838,10:32:00,3.55,-0.01,7,2485,卖盘
1839,10:31:55,3.56,0.01,4,1424,买盘
1840,10:31:49,3.55,-0.01,260,92300,卖盘
1841,10:31:45,3.56,--,130,46280,买盘
1842,10:31:40,3.56,0.01,4,1424,买盘
1843,10:31:34,3.55,--,28,9940,卖盘
1844,10:31:30,3.55,-0.01,25,8875,卖盘
1845,10:31:24,3.56,--,15,5340,买盘
1846,10:31:15,3.56,0.01,4,1424,买盘
1847,10:31:10,3.55,--,6,2130,卖盘
1848,10:31:04,3.55,--,28,9940,卖盘
1849,10:31:00,3.55,-0.01,46,16330,卖盘
1850,10:30:54,3.56,--,10,3560,买盘
1851,10:30:45,3.56,--,5,1780,买盘
1852,10:30:40,3.56,0.01,4,1424,买盘
1853,10:30:34,3.55,-0.01,27,9585,卖盘
1854,10:30:30,3.56,--,26,9256,买盘
1855,10:30:24,3.56,--,321,114276,买盘
1856,10:30:19,3.56,--,50,17800,买盘
1857,10:30:15,3.56,--,31,11036,买盘
1858,10:30:09,3.56,--,2,712,买盘
1859,10:30:04,3.56,--,33,11748,买盘
1860,10:30:00,3.56,--,118,42008,买盘
1861,10:29:54,3.56,--,124,44144,买盘
1862,10:29:45,3.56,--,130,46280,买盘
1863,10:29:39,3.56,0.01,17,6052,买盘
1864,10:29:34,3.55,-0.01,28,9940,卖盘
1865,10:29:30,3.56,--,97,34532,买盘
1866,10:29:24,3.56,--,5,1780,买盘
1867,10:29:15,3.56,--,5,1780,买盘
1868,10:29:10,3.56,--,1,356,买盘
1869,10:29:04,3.56,--,32,11392,买盘
1870,10:28:59,3.56,--,113,40228,买盘
1871,10:28:54,3.56,--,55,19580,买盘
1872,10:28:45,3.56,0.01,66,23496,买盘
1873,10:28:40,3.55,-0.01,13,4615,卖盘
1874,10:28:34,3.56,--,176,62656,买盘
1875,10:28:30,3.56,--,637,226772,买盘
1876,10:28:25,3.56,--,5,1780,买盘
1877,10:28:15,3.56,0.01,4,1424,买盘
1878,10:28:09,3.55,-0.01,61,21655,卖盘
1879,10:28:04,3.56,0.01,32,11392,买盘
1880,10:28:00,3.55,-0.01,7,2485,卖盘
1881,10:27:54,3.56,--,59,21004,买盘
1882,10:27:49,3.56,--,26,9256,买盘
1883,10:27:45,3.56,--,4,1424,买盘
1884,10:27:39,3.56,--,2,712,买盘
1885,10:27:34,3.56,--,32,11392,买盘
1886,10:27:30,3.56,--,51,18156,买盘
1887,10:27:24,3.56,--,6,2136,买盘
1888,10:27:18,3.56,--,11,3916,买盘
1889,10:27:15,3.56,0.01,4,1424,买盘
1890,10:27:09,3.55,-0.01,1442,511910,卖盘
1891,10:27:03,3.56,0.01,333,118548,买盘
1892,10:27:00,3.55,-0.01,7,2485,卖盘
1893,10:26:54,3.56,--,4,1424,买盘
1894,10:26:48,3.56,0.01,13,4628,买盘
1895,10:26:45,3.55,-0.01,55,19525,卖盘
1896,10:26:39,3.56,--,200,71200,买盘
1897,10:26:33,3.56,--,34,12104,买盘
1898,10:26:29,3.56,--,508,180848,买盘
1899,10:26:24,3.56,--,4,1424,买盘
1900,10:26:18,3.56,--,67,23852,买盘
1901,10:26:15,3.56,--,67,23852,买盘
1902,10:26:10,3.56,--,67,23852,买盘
1903,10:26:03,3.56,0.01,62,22072,买盘
1904,10:26:00,3.55,-0.01,7,2485,卖盘
1905,10:25:54,3.56,--,4,1424,买盘
1906,10:25:49,3.56,--,57,20292,买盘
1907,10:25:39,3.56,--,130,46280,买盘
1908,10:25:33,3.56,--,32,11392,买盘
1909,10:25:23,3.56,--,41,14596,买盘
1910,10:25:19,3.56,--,5,1780,买盘
1911,10:25:09,3.56,--,1183,421148,买盘
1912,10:25:03,3.56,--,1085,386260,买盘
1913,10:24:58,3.56,--,8,2848,买盘
1914,10:24:54,3.56,0.01,5,1780,买盘
1915,10:24:49,3.55,-0.01,29,10295,卖盘
1916,10:24:33,3.56,0.01,109,38804,买盘
1917,10:24:27,3.55,-0.01,44,15620,卖盘
1918,10:24:24,3.56,--,9,3204,买盘
1919,10:24:19,3.56,--,4,1424,买盘
1920,10:24:13,3.56,0.01,3,1068,买盘
1921,10:24:09,3.55,-0.01,1001,355355,卖盘
1922,10:24:04,3.56,0.01,62,22072,买盘
1923,10:23:58,3.55,-0.01,7,2485,卖盘
1924,10:23:54,3.56,--,5,1780,买盘
1925,10:23:48,3.56,--,1878,668568,买盘
1926,10:23:43,3.56,--,1,356,买盘
1927,10:23:39,3.56,--,50,17800,买盘
1928,10:23:34,3.56,0.01,83,29548,买盘
1929,10:23:24,3.55,-0.01,1155,410025,卖盘
1930,10:23:18,3.56,0.01,3004,1069424,买盘
1931,10:23:13,3.55,-0.01,31,11182,卖盘
1932,10:23:09,3.56,--,1,356,买盘
1933,10:23:03,3.56,0.01,641,228196,买盘
1934,10:22:57,3.55,-0.01,7,2485,卖盘
1935,10:22:54,3.56,--,21,7476,买盘
1936,10:22:49,3.56,0.01,39,13884,买盘
1937,10:22:43,3.55,-0.01,1181,419255,卖盘
1938,10:22:39,3.56,--,35,12460,买盘
1939,10:22:34,3.56,--,68,24208,买盘
1940,10:22:27,3.56,--,10,3560,买盘
1941,10:22:24,3.56,--,4,1424,买盘
1942,10:22:18,3.56,0.01,196,69776,买盘
1943,10:22:09,3.55,-0.01,43,15442,卖盘
1944,10:22:03,3.56,--,331,117836,买盘
1945,10:21:57,3.56,--,35,12460,买盘
1946,10:21:54,3.56,0.01,245,87220,买盘
1947,10:21:49,3.55,-0.01,6,2130,卖盘
1948,10:21:39,3.56,--,39,13884,买盘
1949,10:21:33,3.56,--,85,30260,买盘
1950,10:21:24,3.56,--,93,33321,买盘
1951,10:21:19,3.56,0.01,65,23140,买盘
1952,10:21:08,3.55,-0.01,41,14874,卖盘
1953,10:21:03,3.56,0.01,56,19936,买盘
1954,10:20:57,3.55,-0.01,7,2485,卖盘
1955,10:20:54,3.56,0.01,5,1780,买盘
1956,10:20:48,3.55,-0.01,57,20235,卖盘
1957,10:20:43,3.56,--,10,3560,买盘
1958,10:20:38,3.56,--,321,114276,买盘
1959,10:20:34,3.56,0.01,44,15664,买盘
1960,10:20:28,3.55,-0.01,100,35500,卖盘
1961,10:20:24,3.56,0.01,55,19580,买盘
1962,10:20:19,3.55,--,6,2417,卖盘
1963,10:20:13,3.55,-0.01,28,10184,卖盘
1964,10:20:09,3.56,--,7,2492,买盘
1965,10:20:03,3.56,0.01,33,11748,买盘
1966,10:19:58,3.55,-0.01,7,2485,卖盘
1967,10:19:54,3.56,0.01,34,12104,买盘
1968,10:19:49,3.55,-0.01,39,13845,卖盘
1969,10:19:39,3.56,--,429,152724,买盘
1970,10:19:33,3.56,--,67,23852,买盘
1971,10:19:27,3.56,--,20,7120,买盘
1972,10:19:24,3.56,--,5,1780,买盘
1973,10:19:18,3.56,0.01,56,19936,买盘
1974,10:19:13,3.55,-0.01,223,79165,卖盘
1975,10:19:09,3.56,--,2,712,买盘
1976,10:19:04,3.56,0.01,2467,878252,买盘
1977,10:18:57,3.55,-0.01,11,3905,卖盘
1978,10:18:48,3.56,--,4,1424,买盘
1979,10:18:43,3.56,--,4,1424,买盘
1980,10:18:37,3.56,--,36,12816,买盘
1981,10:18:33,3.56,0.01,192,68352,买盘
1982,10:18:28,3.55,--,62,22347,卖盘
1983,10:18:21,3.55,-0.01,339,120345,卖盘
1984,10:18:18,3.56,--,160,57155,买盘
1985,10:18:13,3.56,--,59,21004,买盘
1986,10:18:04,3.56,--,35,12460,买盘
1987,10:17:58,3.56,0.01,24,8544,买盘
1988,10:17:49,3.55,-0.01,487,172885,卖盘
1989,10:17:43,3.56,--,131,46636,买盘
1990,10:17:33,3.56,--,108,38448,买盘
1991,10:17:28,3.56,--,15,5340,买盘
1992,10:17:21,3.56,0.01,25,8900,买盘
1993,10:17:18,3.55,-0.01,238,84490,卖盘
1994,10:17:13,3.56,--,36,12994,买盘
1995,10:17:07,3.56,--,1,356,买盘
1996,10:17:03,3.56,0.01,31,11036,买盘
1997,10:16:57,3.55,-0.01,63,22365,卖盘
1998,10:16:51,3.56,0.01,100,35600,买盘
1999,10:16:48,3.55,-0.01,65,23075,卖盘
2000,10:16:43,3.56,--,532,189392,买盘
2001,10:16:37,3.56,--,50,17800,买盘
2002,10:16:33,3.56,0.01,86,30616,买盘
2003,10:16:27,3.55,--,106,37630,卖盘
2004,10:16:21,3.55,--,3,1100,卖盘
2005,10:16:18,3.55,-0.01,84,29962,卖盘
2006,10:16:13,3.56,0.01,6,2136,买盘
2007,10:16:03,3.55,--,355,126025,卖盘
2008,10:15:57,3.55,--,51,18105,卖盘
2009,10:15:52,3.55,-0.01,289,102595,卖盘
2010,10:15:48,3.56,--,69,24564,买盘
2011,10:15:43,3.56,--,14,4984,买盘
2012,10:15:33,3.56,--,104,37024,买盘
2013,10:15:27,3.56,--,4,1424,买盘
2014,10:15:18,3.56,--,571,203276,买盘
2015,10:15:12,3.56,--,4,1424,买盘
2016,10:15:07,3.56,--,1,356,买盘
2017,10:15:03,3.56,0.01,1686,600216,买盘
2018,10:14:58,3.55,-0.01,39,13845,卖盘
2019,10:14:52,3.56,0.01,105,37380,买盘
2020,10:14:48,3.55,-0.01,79,28045,卖盘
2021,10:14:42,3.56,--,4,1424,买盘
2022,10:14:33,3.56,0.01,31,11036,买盘
2023,10:14:28,3.55,-0.01,1065,378075,卖盘
2024,10:14:18,3.56,--,76,27145,买盘
2025,10:14:12,3.56,0.01,45,16109,买盘
2026,10:14:07,3.55,-0.01,1341,476055,卖盘
2027,10:14:03,3.56,0.01,458,163048,买盘
2028,10:13:57,3.55,--,66,23430,卖盘
2029,10:13:52,3.55,-0.01,10,3550,卖盘
2030,10:13:48,3.56,--,80,28480,买盘
2031,10:13:42,3.56,0.01,4,1424,买盘
2032,10:13:33,3.55,--,33,11715,卖盘
2033,10:13:27,3.55,-0.01,82,29110,卖盘
2034,10:13:18,3.56,--,510,181560,买盘
2035,10:13:13,3.56,--,63,22428,买盘
2036,10:13:07,3.56,--,2,712,买盘
2037,10:13:03,3.56,0.01,33,11748,买盘
2038,10:12:57,3.55,-0.01,155,55025,卖盘
2039,10:12:52,3.56,--,5,1780,买盘
2040,10:12:48,3.56,--,875,311535,卖盘
2041,10:12:42,3.56,--,21,7476,卖盘
2042,10:12:36,3.56,--,290,103240,卖盘
2043,10:12:26,3.56,--,219,77964,卖盘
2044,10:12:16,3.56,-0.01,86,30616,卖盘
2045,10:12:12,3.57,0.01,5,1785,买盘
2046,10:12:07,3.56,--,157,56070,卖盘
2047,10:11:57,3.56,-0.01,88,31328,卖盘
2048,10:11:42,3.57,0.01,5,1785,买盘
2049,10:11:37,3.56,--,39,13884,卖盘
2050,10:11:27,3.56,--,111,39516,卖盘
2051,10:11:15,3.56,--,2,712,卖盘
2052,10:11:12,3.56,-0.01,24,8544,卖盘
2053,10:11:06,3.57,0.01,78,27846,买盘
2054,10:10:57,3.56,--,88,31328,卖盘
2055,10:10:52,3.56,--,203,72268,卖盘
2056,10:10:45,3.56,--,100,35600,卖盘
2057,10:10:42,3.56,-0.01,84,29904,卖盘
2058,10:10:36,3.57,--,301,107778,买盘
2059,10:10:27,3.57,0.01,112,39984,买盘
2060,10:10:22,3.56,--,66,23496,卖盘
2061,10:10:16,3.56,0.01,1252,445890,买盘
2062,10:10:12,3.55,-0.01,630,223863,卖盘
2063,10:10:06,3.56,--,1930,687080,买盘
2064,10:10:01,3.56,--,26,9256,买盘
2065,10:09:57,3.56,--,109,38804,买盘
2066,10:09:52,3.56,--,151,53756,买盘
2067,10:09:42,3.56,--,64,22784,买盘
2068,10:09:36,3.56,0.01,34,12104,买盘
2069,10:09:30,3.55,-0.01,1,447,卖盘
2070,10:09:27,3.56,--,110,39160,买盘
2071,10:09:22,3.56,--,70,25005,买盘
2072,10:09:12,3.56,0.01,8,2848,买盘
2073,10:09:06,3.55,--,32,11360,卖盘
2074,10:08:57,3.55,-0.01,437,155135,卖盘
2075,10:08:42,3.56,--,4,1424,买盘
2076,10:08:36,3.56,--,40,14240,买盘
2077,10:08:30,3.56,--,150,53400,买盘
2078,10:08:27,3.56,--,73,25988,买盘
2079,10:08:15,3.56,--,595,211820,买盘
2080,10:08:11,3.56,0.01,5,1780,买盘
2081,10:08:06,3.55,--,432,153360,卖盘
2082,10:07:57,3.55,--,522,185310,卖盘
2083,10:07:45,3.55,-0.01,1,355,卖盘
2084,10:07:42,3.56,--,5,1780,买盘
2085,10:07:36,3.56,0.01,102,36312,买盘
2086,10:07:27,3.55,-0.01,66,23607,卖盘
2087,10:07:21,3.56,0.01,13,4628,买盘
2088,10:07:16,3.55,-0.01,90,31950,卖盘
2089,10:07:12,3.56,--,4,1424,买盘
2090,10:07:06,3.56,--,34,12104,买盘
2091,10:07:00,3.56,0.01,50,17800,买盘
2092,10:06:57,3.55,--,1040,369200,卖盘
2093,10:06:51,3.55,-0.01,73,25915,卖盘
2094,10:06:42,3.56,0.01,4,1424,买盘
2095,10:06:36,3.55,-0.01,33,11715,卖盘
2096,10:06:27,3.56,0.01,34,12104,买盘
2097,10:06:15,3.55,--,62,22010,卖盘
2098,10:06:12,3.55,-0.01,84,29820,卖盘
2099,10:06:06,3.56,--,43,15308,买盘
2100,10:05:57,3.56,--,72,25810,卖盘
2101,10:05:51,3.56,--,87,30972,卖盘
2102,10:05:42,3.56,0.01,14,5162,中性盘
2103,10:05:36,3.55,-0.01,44,15797,卖盘
2104,10:05:30,3.56,-0.01,80,28658,卖盘
2105,10:05:24,3.57,0.01,4,1428,买盘
2106,10:05:21,3.56,0.01,118,42008,买盘
2107,10:05:16,3.55,-0.01,191,67805,卖盘
2108,10:05:09,3.56,--,1,356,买盘
2109,10:05:06,3.56,--,93,33108,买盘
2110,10:05:00,3.56,--,60,21360,买盘
2111,10:04:51,3.56,--,4,1424,买盘
2112,10:04:45,3.56,--,169,60342,卖盘
2113,10:04:35,3.56,-0.01,41,14596,卖盘
2114,10:04:30,3.57,--,42,15172,买盘
2115,10:04:24,3.57,--,11,3927,买盘
2116,10:04:21,3.57,--,2290,817530,买盘
2117,10:04:15,3.57,0.01,93,33201,买盘
2118,10:04:11,3.56,-0.01,42,14952,卖盘
2119,10:04:06,3.57,0.01,46,16422,买盘
2120,10:04:00,3.56,-0.01,63,22428,卖盘
2121,10:03:51,3.57,--,104,37128,买盘
2122,10:03:45,3.57,0.01,5,1785,买盘
2123,10:03:36,3.56,--,60,21360,卖盘
2124,10:03:30,3.56,--,51,18334,卖盘
2125,10:03:24,3.56,-0.01,20,7120,卖盘
2126,10:03:21,3.57,0.01,27,9639,买盘
2127,10:03:15,3.56,--,88,31328,卖盘
2128,10:03:09,3.56,-0.01,10,3560,卖盘
2129,10:03:06,3.57,0.01,44,15708,买盘
2130,10:03:00,3.56,--,7,2492,卖盘
2131,10:02:54,3.56,-0.01,37,13172,卖盘
2132,10:02:51,3.57,--,5,1785,买盘
2133,10:02:44,3.57,0.01,4,1428,买盘
2134,10:02:39,3.56,--,0,185,卖盘
2135,10:02:36,3.56,0.01,41,14596,卖盘
2136,10:02:30,3.55,--,0,0,卖盘
2137,10:02:24,3.55,-0.02,30,10997,卖盘
2138,10:02:21,3.57,--,33,11781,买盘
2139,10:02:15,3.57,--,113,40341,买盘
2140,10:02:09,3.57,0.02,21,7497,买盘
2141,10:02:04,3.55,-0.01,44,15620,卖盘
2142,10:02:00,3.56,--,285,101460,买盘
2143,10:01:53,3.56,--,150,53400,买盘
2144,10:01:51,3.56,--,79,28124,买盘
2145,10:01:45,3.56,0.01,279,99324,买盘
2146,10:01:39,3.55,--,1395,495225,卖盘
2147,10:01:36,3.55,--,119,42347,卖盘
2148,10:01:30,3.55,-0.01,20,7100,卖盘
2149,10:01:21,3.56,0.01,4,1424,买盘
2150,10:01:15,3.55,-0.01,194,68944,卖盘
2151,10:01:09,3.56,--,20,7120,买盘
2152,10:01:06,3.56,0.01,87,30972,买盘
2153,10:01:00,3.55,--,7,2485,卖盘
2154,10:00:51,3.55,-0.01,91,32305,卖盘
2155,10:00:45,3.56,--,435,154941,卖盘
2156,10:00:35,3.56,--,39,14158,卖盘
2157,10:00:30,3.56,0.01,33,11748,买盘
2158,10:00:24,3.55,-0.01,2872,1019560,卖盘
2159,10:00:21,3.56,--,96,34176,买盘
2160,10:00:15,3.56,--,238,84987,买盘
2161,10:00:05,3.56,--,59,21004,中性盘
2162,10:00:00,3.56,--,527,187612,买盘
2163,09:59:54,3.56,--,363,129228,买盘
2164,09:59:50,3.56,--,60,21360,买盘
2165,09:59:45,3.56,--,150,53400,买盘
2166,09:59:39,3.56,--,1,356,买盘
2167,09:59:36,3.56,--,258,91848,买盘
2168,09:59:30,3.56,0.01,28,9968,买盘
2169,09:59:24,3.55,-0.01,51,18282,卖盘
2170,09:59:15,3.56,--,131,46636,买盘
2171,09:59:10,3.56,-0.01,27,9612,卖盘
2172,09:59:06,3.57,0.01,425,151725,买盘
2173,09:59:00,3.56,-0.01,7,2492,卖盘
2174,09:58:53,3.57,--,0,0,买盘
2175,09:58:45,3.57,0.02,30,10710,买盘
2176,09:58:35,3.55,-0.01,38,13490,卖盘
2177,09:58:30,3.56,--,321,114454,买盘
2178,09:58:24,3.56,--,24,8544,买盘
2179,09:58:19,3.56,--,2,712,买盘
2180,09:58:15,3.56,-0.01,459,163404,卖盘
2181,09:58:10,3.57,0.01,3,1071,买盘
2182,09:58:05,3.56,--,233,82948,卖盘
2183,09:58:00,3.56,--,38,13528,卖盘
2184,09:57:50,3.56,--,2,712,卖盘
2185,09:57:45,3.56,--,164,58384,卖盘
2186,09:57:40,3.56,--,71,25276,卖盘
2187,09:57:35,3.56,-0.01,86,30616,卖盘
2188,09:57:30,3.57,0.01,69,24633,买盘
2189,09:57:24,3.56,--,154,54824,卖盘
2190,09:57:20,3.56,--,200,71200,卖盘
2191,09:57:15,3.56,--,79,28124,卖盘
2192,09:57:09,3.56,--,55,19580,卖盘
2193,09:57:05,3.56,--,68,24208,卖盘
2194,09:57:00,3.56,--,7,2492,卖盘
2195,09:56:45,3.56,-0.01,1,356,卖盘
2196,09:56:40,3.57,0.02,83,29631,买盘
2197,09:56:34,3.55,-0.01,76,26980,卖盘
2198,09:56:30,3.56,--,10,3560,买盘
2199,09:56:24,3.56,--,15,5340,买盘
2200,09:56:18,3.56,-0.01,8,2848,卖盘
2201,09:56:15,3.57,0.01,4613,1646841,买盘
2202,09:56:09,3.56,--,51,18156,买盘
2203,09:56:04,3.56,0.01,33,11748,买盘
2204,09:56:00,3.55,-0.01,57,20235,卖盘
2205,09:55:55,3.56,-0.01,129,45924,卖盘
2206,09:55:45,3.57,0.01,23,8211,买盘
2207,09:55:33,3.56,-0.01,41,14596,卖盘
2208,09:55:30,3.57,0.01,17,6069,买盘
2209,09:55:24,3.56,--,100,35600,卖盘
2210,09:55:18,3.56,--,10,3560,卖盘
2211,09:55:15,3.56,--,1,356,卖盘
2212,09:55:09,3.56,--,1829,651124,卖盘
2213,09:55:03,3.56,--,935,332860,买盘
2214,09:55:00,3.56,0.01,486,173016,买盘
2215,09:54:45,3.55,-0.01,170,60350,卖盘
2216,09:54:39,3.56,0.01,5,1780,买盘
2217,09:54:33,3.55,-0.01,219,77745,卖盘
2218,09:54:30,3.56,0.01,530,188680,买盘
2219,09:54:24,3.55,-0.01,99,35145,卖盘
2220,09:54:18,3.56,--,30,10680,买盘
2221,09:54:09,3.56,0.01,1,356,买盘
2222,09:54:03,3.55,-0.01,28,9940,卖盘
2223,09:53:59,3.56,--,64,22784,买盘
2224,09:53:54,3.56,0.01,3,1068,买盘
2225,09:53:45,3.55,-0.01,17,6035,卖盘
2226,09:53:39,3.56,0.01,171,60876,买盘
2227,09:53:33,3.55,--,64,22720,卖盘
2228,09:53:24,3.55,-0.01,79,28045,卖盘
2229,09:53:09,3.56,0.01,109,38804,买盘
2230,09:53:03,3.55,-0.01,1131,401505,卖盘
2231,09:53:00,3.56,0.01,1024,364544,买盘
2232,09:52:54,3.55,--,338,119990,卖盘
2233,09:52:45,3.55,--,1336,474280,卖盘
2234,09:52:34,3.55,--,192,68160,卖盘
2235,09:52:30,3.55,--,4,1420,卖盘
2236,09:52:24,3.55,-0.01,464,164720,卖盘
2237,09:52:19,3.56,--,392,139552,卖盘
2238,09:52:15,3.56,--,130,46280,买盘
2239,09:52:09,3.56,0.01,3,1068,买盘
2240,09:52:03,3.55,-0.01,34,12070,卖盘
2241,09:52:00,3.56,--,462,164472,卖盘
2242,09:51:54,3.56,--,5,1780,卖盘
2243,09:51:48,3.56,--,2,712,卖盘
2244,09:51:44,3.56,--,224,79744,卖盘
2245,09:51:38,3.56,-0.01,1,356,卖盘
2246,09:51:33,3.57,0.01,79,28203,买盘
2247,09:51:29,3.56,--,7,2492,卖盘
2248,09:51:24,3.56,--,4,1424,卖盘
2249,09:51:18,3.56,--,178,63368,卖盘
2250,09:51:13,3.56,-0.01,13,4628,卖盘
2251,09:51:09,3.57,0.01,1,357,买盘
2252,09:51:03,3.56,--,39,13884,卖盘
2253,09:50:59,3.56,--,7,2492,卖盘
2254,09:50:54,3.56,--,11,3916,买盘
2255,09:50:48,3.56,--,13,4628,买盘
2256,09:50:39,3.56,--,30,10680,买盘
2257,09:50:34,3.56,--,2167,771452,卖盘
2258,09:50:28,3.56,--,1,356,卖盘
2259,09:50:24,3.56,--,10,3560,卖盘
2260,09:50:18,3.56,--,64,22784,卖盘
2261,09:50:09,3.56,--,6,2136,卖盘
2262,09:50:03,3.56,--,44,15664,卖盘
2263,09:49:59,3.56,--,7,2492,卖盘
2264,09:49:33,3.56,--,118,42008,卖盘
2265,09:49:24,3.56,--,25,8900,卖盘
2266,09:49:18,3.56,--,237,84372,买盘
2267,09:49:12,3.56,--,43,15308,买盘
2268,09:49:08,3.56,0.01,46,16376,买盘
2269,09:49:04,3.55,--,329,116795,卖盘
2270,09:48:57,3.55,-0.01,7,2485,卖盘
2271,09:48:54,3.56,--,269,95764,买盘
2272,09:48:48,3.56,--,435,154860,买盘
2273,09:48:44,3.56,--,10,3560,买盘
2274,09:48:39,3.56,0.01,38,13528,买盘
2275,09:48:33,3.55,-0.01,1239,439845,卖盘
2276,09:48:24,3.56,--,46,16376,买盘
2277,09:48:18,3.56,0.01,90,32040,买盘
2278,09:48:09,3.55,-0.01,51,18105,卖盘
2279,09:48:03,3.56,0.01,72,25632,买盘
2280,09:47:57,3.55,-0.01,7,2485,卖盘
2281,09:47:54,3.56,--,1,356,买盘
2282,09:47:48,3.56,--,1,356,买盘
2283,09:47:39,3.56,0.01,898,319688,买盘
2284,09:47:33,3.55,-0.01,1428,506940,卖盘
2285,09:47:27,3.56,--,141,50196,买盘
2286,09:47:24,3.56,--,38,13528,买盘
2287,09:47:18,3.56,0.01,12,4272,买盘
2288,09:47:12,3.55,--,5110,1814050,卖盘
2289,09:47:08,3.55,--,932,330860,卖盘
2290,09:47:03,3.55,-0.01,59,20945,卖盘
2291,09:46:57,3.56,--,40,14240,买盘
2292,09:46:53,3.56,--,6,2136,买盘
2293,09:46:48,3.56,--,101,35956,买盘
2294,09:46:42,3.56,0.01,102,36312,买盘
2295,09:46:32,3.55,--,43,15265,卖盘
2296,09:46:27,3.55,--,127,45085,卖盘
2297,09:46:24,3.55,-0.01,70,24850,卖盘
2298,09:46:18,3.56,0.01,30,10680,买盘
2299,09:46:13,3.55,--,49,17395,卖盘
2300,09:46:09,3.55,--,329,116795,卖盘
2301,09:46:03,3.55,--,120,42600,卖盘
2302,09:45:57,3.55,-0.01,7,2485,卖盘
2303,09:45:48,3.56,--,10,3560,买盘
2304,09:45:42,3.56,0.01,312,111072,买盘
2305,09:45:38,3.55,--,12,4260,卖盘
2306,09:45:33,3.55,-0.01,382,135610,卖盘
2307,09:45:24,3.56,0.01,149,53044,买盘
2308,09:45:12,3.55,--,264,93720,卖盘
2309,09:45:03,3.55,--,55,19525,卖盘
2310,09:44:57,3.55,-0.01,7,2485,卖盘
2311,09:44:53,3.56,0.01,68,24208,买盘
2312,09:44:48,3.55,--,353,125315,卖盘
2313,09:44:41,3.55,--,130,46150,卖盘
2314,09:44:37,3.55,-0.01,10,3550,卖盘
2315,09:44:33,3.56,0.01,102,36312,买盘
2316,09:44:27,3.55,-0.01,1,355,卖盘
2317,09:44:23,3.56,--,9,3204,买盘
2318,09:44:12,3.56,--,149,53044,买盘
2319,09:44:08,3.56,0.01,10,3560,买盘
2320,09:44:03,3.55,--,119,42245,卖盘
2321,09:43:57,3.55,--,241,85555,卖盘
2322,09:43:48,3.55,-0.01,24,8520,卖盘
2323,09:43:42,3.56,--,111,39516,买盘
2324,09:43:38,3.56,0.01,107,38092,买盘
2325,09:43:33,3.55,-0.01,211,74905,卖盘
2326,09:43:28,3.56,0.01,101,35956,买盘
2327,09:43:18,3.55,-0.01,79,28045,卖盘
2328,09:43:11,3.56,0.01,303,107868,买盘
2329,09:43:08,3.55,--,29,10295,卖盘
2330,09:43:03,3.55,--,67,23785,卖盘
2331,09:42:57,3.55,--,21,7455,卖盘
2332,09:42:53,3.55,--,25,8875,卖盘
2333,09:42:48,3.55,--,4237,1504135,卖盘
2334,09:42:42,3.55,-0.01,187,66385,卖盘
2335,09:42:37,3.56,--,59,21004,买盘
2336,09:42:33,3.56,0.01,126,44856,买盘
2337,09:42:27,3.55,-0.01,88,31240,卖盘
2338,09:42:21,3.56,--,234,83304,买盘
2339,09:42:17,3.56,--,10,3560,买盘
2340,09:42:12,3.56,0.01,32,11392,买盘
2341,09:42:03,3.55,--,1340,475700,卖盘
2342,09:41:57,3.55,--,162,57510,卖盘
2343,09:41:53,3.55,--,40,14200,卖盘
2344,09:41:33,3.55,-0.01,61,21655,卖盘
2345,09:41:27,3.56,0.01,151,53756,买盘
2346,09:41:18,3.55,-0.01,1,355,卖盘
2347,09:41:12,3.56,0.01,39,13884,买盘
2348,09:41:06,3.55,--,13,4615,卖盘
2349,09:41:02,3.55,--,27,9585,卖盘
2350,09:40:57,3.55,--,14,4970,卖盘
2351,09:40:51,3.55,--,2,710,卖盘
2352,09:40:48,3.55,--,159,56445,卖盘
2353,09:40:42,3.55,-0.01,258,91590,卖盘
2354,09:40:36,3.56,--,20,7120,买盘
2355,09:40:33,3.56,--,81,28836,买盘
2356,09:40:21,3.56,--,104,37024,买盘
2357,09:40:12,3.56,--,472,168032,买盘
2358,09:40:06,3.56,0.01,1286,457816,买盘
2359,09:40:03,3.55,-0.01,663,235365,卖盘
2360,09:39:57,3.56,0.01,36,12816,买盘
2361,09:39:48,3.55,-0.01,27,9585,卖盘
2362,09:39:42,3.56,0.01,156,55536,买盘
2363,09:39:32,3.55,-0.01,333,118215,卖盘
2364,09:39:27,3.56,--,110,39160,买盘
2365,09:39:18,3.56,--,20,7120,买盘
2366,09:39:06,3.56,--,50,17800,买盘
2367,09:39:02,3.56,0.01,69,24564,买盘
2368,09:38:57,3.55,-0.01,144,51120,卖盘
2369,09:38:52,3.56,--,20,7120,买盘
2370,09:38:47,3.56,--,32,11392,买盘
2371,09:38:42,3.56,0.01,60,21360,买盘
2372,09:38:36,3.55,-0.01,52,18460,卖盘
2373,09:38:32,3.56,--,82,29192,买盘
2374,09:38:27,3.56,0.01,22,7832,买盘
2375,09:38:20,3.55,--,18,6390,卖盘
2376,09:38:17,3.55,-0.01,1,355,卖盘
2377,09:38:12,3.56,0.01,143,50908,买盘
2378,09:38:06,3.55,-0.02,874,310270,卖盘
2379,09:38:01,3.57,0.01,48,17136,买盘
2380,09:37:57,3.56,-0.01,1479,526524,卖盘
2381,09:37:42,3.57,0.01,23,8211,买盘
2382,09:37:37,3.56,--,44,15664,卖盘
2383,09:37:31,3.56,--,30,10680,卖盘
2384,09:37:27,3.56,--,41,14596,卖盘
2385,09:37:22,3.56,-0.01,618,220008,卖盘
2386,09:37:16,3.57,0.01,61,21777,买盘
2387,09:37:12,3.56,-0.01,425,151300,卖盘
2388,09:37:06,3.57,--,107,38199,买盘
2389,09:37:02,3.57,0.01,1,357,买盘
2390,09:36:57,3.56,--,122,43432,卖盘
2391,09:36:51,3.56,-0.01,95,33820,卖盘
2392,09:36:46,3.57,0.01,2,714,买盘
2393,09:36:41,3.56,--,309,110004,卖盘
2394,09:36:36,3.56,-0.01,27,9612,卖盘
2395,09:36:32,3.57,--,393,140301,买盘
2396,09:36:27,3.57,0.01,30,10710,买盘
2397,09:36:17,3.56,--,204,72624,卖盘
2398,09:36:06,3.56,--,58,20648,卖盘
2399,09:35:51,3.56,--,4795,1707020,买盘
2400,09:35:46,3.56,--,35,12460,买盘
2401,09:35:42,3.56,--,150,53400,买盘
2402,09:35:36,3.56,--,86,30616,买盘
2403,09:35:27,3.56,--,218,77608,买盘
2404,09:35:17,3.56,0.01,10,3560,买盘
2405,09:35:12,3.55,-0.01,295,104725,卖盘
2406,09:35:06,3.56,--,149,53044,买盘
2407,09:35:01,3.56,0.01,50,17800,买盘
2408,09:34:57,3.55,-0.01,233,82715,卖盘
2409,09:34:51,3.56,--,722,257032,买盘
2410,09:34:42,3.56,--,1519,540764,买盘
2411,09:34:36,3.56,--,250,89000,买盘
2412,09:34:27,3.56,--,5,1780,买盘
2413,09:34:21,3.56,0.01,100,35600,买盘
2414,09:34:16,3.55,--,102,36210,卖盘
2415,09:34:12,3.55,-0.01,1013,359952,卖盘
2416,09:34:06,3.56,--,54,19224,买盘
2417,09:34:02,3.56,--,4,1424,买盘
2418,09:33:57,3.56,--,88,31328,买盘
2419,09:33:51,3.56,--,2,712,买盘
2420,09:33:46,3.56,--,58,20648,买盘
2421,09:33:42,3.56,--,51,18156,买盘
2422,09:33:36,3.56,--,1060,377360,买盘
2423,09:33:29,3.56,--,4,1424,买盘
2424,09:33:27,3.56,--,2839,1010684,买盘
2425,09:33:20,3.56,--,145,51620,买盘
2426,09:33:15,3.56,0.01,804,286224,买盘
2427,09:33:12,3.55,-0.01,51,18105,卖盘
2428,09:33:06,3.56,--,61,21716,买盘
2429,09:33:00,3.56,--,17,6052,买盘
2430,09:32:57,3.56,--,28,9968,买盘
2431,09:32:51,3.56,--,146,51976,买盘
2432,09:32:42,3.56,0.01,321,114276,买盘
2433,09:32:36,3.55,--,647,229685,卖盘
2434,09:32:30,3.55,--,3236,1148780,卖盘
2435,09:32:26,3.55,--,2113,750115,买盘
2436,09:32:21,3.55,--,37,13135,买盘
2437,09:32:15,3.55,--,5050,1792750,买盘
2438,09:32:11,3.55,--,26,9230,买盘
2439,09:32:06,3.55,--,55,19525,买盘
2440,09:32:00,3.55,0.01,20,7100,买盘
2441,09:31:57,3.54,--,479,169566,卖盘
2442,09:31:50,3.54,--,429,151866,卖盘
2443,09:31:45,3.54,--,309,109386,卖盘
2444,09:31:41,3.54,-0.01,597,211338,卖盘
2445,09:31:36,3.55,--,118,41890,买盘
2446,09:31:30,3.55,--,15,5325,买盘
2447,09:31:26,3.55,--,87,30885,买盘
2448,09:31:21,3.55,--,1020,362100,买盘
2449,09:31:15,3.55,--,86,30530,买盘
2450,09:31:11,3.55,--,3,1065,买盘
2451,09:31:06,3.55,--,91,32305,买盘
2452,09:30:51,3.55,0.01,192,68160,买盘
2453,09:30:45,3.54,--,170,60180,卖盘
2454,09:30:40,3.54,--,1,354,卖盘
2455,09:30:36,3.54,-0.01,37,13098,卖盘
2456,09:30:25,3.55,0.01,495,175725,买盘
2457,09:30:20,3.54,--,308,109032,卖盘
2458,09:30:09,3.54,--,83,29382,卖盘
2459,09:30:06,3.54,--,1619,573126,卖盘
2460,09:28:51,3.54,--,0,0,卖盘
2461,09:25:03,3.54,3.54,2444,865176,买盘
