,time,price,change,volume,amount,type
0,15:00:00,20.47,--,0,0,买盘
1,15:00:00,20.47,0.03,0,0,买盘
2,15:00:00,20.44,--,63,128772,买盘
3,14:59:56,20.44,0.06,110,224840,买盘
4,14:59:51,20.38,-0.06,10,20380,卖盘
5,14:59:45,20.44,--,217,443548,买盘
6,14:59:40,20.44,-0.08,375,766500,卖盘
7,14:59:36,20.52,0.02,37,75924,买盘
8,14:59:30,20.5,--,22,45100,买盘
9,14:59:26,20.5,--,41,84050,买盘
10,14:59:21,20.5,--,11,22550,买盘
11,14:59:15,20.5,0.01,75,153750,买盘
12,14:59:11,20.49,-0.01,30,61469,卖盘
13,14:59:06,20.5,--,96,196800,买盘
14,14:59:00,20.5,--,81,166050,买盘
15,14:58:56,20.5,0.01,35,71750,买盘
16,14:58:51,20.49,--,29,59420,卖盘
17,14:58:45,20.49,0.01,85,174165,买盘
18,14:58:40,20.48,--,20,40960,卖盘
19,14:58:36,20.48,--,13,26624,卖盘
20,14:58:30,20.48,0.01,121,247808,买盘
21,14:58:25,20.47,--,113,231311,卖盘
22,14:58:21,20.47,--,15,30705,卖盘
23,14:58:15,20.47,--,97,198559,买盘
24,14:58:06,20.47,0.01,4,8188,买盘
25,14:58:00,20.46,0.08,146,298716,买盘
26,14:57:54,20.38,0.01,14,28532,买盘
27,14:57:50,20.37,-0.01,4,8148,卖盘
28,14:57:45,20.38,0.01,30,61140,买盘
29,14:57:39,20.37,--,35,71335,买盘
30,14:57:35,20.37,--,43,87591,买盘
31,14:57:30,20.37,0.01,48,97776,买盘
32,14:57:24,20.36,0.01,15,30540,卖盘
33,14:57:15,20.35,--,0,0,卖盘
34,14:57:09,20.35,-0.01,8,16280,卖盘
35,14:57:05,20.36,0.02,4,8144,买盘
36,14:57:00,20.34,-0.01,15,30510,卖盘
37,14:56:50,20.35,-0.02,19,38665,卖盘
38,14:56:45,20.37,--,10,20370,买盘
39,14:56:39,20.37,--,6,12222,买盘
40,14:56:35,20.37,0.02,5,10185,买盘
41,14:56:30,20.35,-0.02,1,2035,中性盘
42,14:56:24,20.37,0.02,18,36666,买盘
43,14:56:20,20.35,0.01,74,150590,中性盘
44,14:56:15,20.34,-0.01,22,44748,卖盘
45,14:56:09,20.35,0.01,23,46805,买盘
46,14:56:05,20.34,--,5,10170,买盘
47,14:56:00,20.34,-0.01,9,18306,卖盘
48,14:55:54,20.35,--,5,10175,买盘
49,14:55:50,20.35,--,19,38665,买盘
50,14:55:45,20.35,--,17,34595,买盘
51,14:55:39,20.35,--,29,59015,买盘
52,14:55:35,20.35,--,28,56980,卖盘
53,14:55:30,20.35,-0.01,26,52910,卖盘
54,14:55:24,20.36,0.03,3,6108,买盘
55,14:55:20,20.33,--,4,8131,买盘
56,14:55:15,20.33,-0.03,187,380170,卖盘
57,14:55:09,20.36,--,57,116052,卖盘
58,14:55:05,20.36,--,3,6108,买盘
59,14:55:00,20.36,--,15,30540,买盘
60,14:54:54,20.36,--,5,10180,买盘
61,14:54:49,20.36,--,1,2036,买盘
62,14:54:45,20.36,--,12,24432,买盘
63,14:54:39,20.36,--,14,28504,卖盘
64,14:54:35,20.36,--,5,10180,卖盘
65,14:54:30,20.36,0.02,11,22396,卖盘
66,14:54:24,20.34,--,0,0,卖盘
67,14:54:20,20.34,-0.02,147,298998,卖盘
68,14:54:15,20.36,--,136,276896,买盘
69,14:54:00,20.36,-0.01,131,266716,卖盘
70,14:53:54,20.37,--,8,18292,卖盘
71,14:53:45,20.37,-0.01,77,156849,卖盘
72,14:53:39,20.38,--,2,4076,买盘
73,14:53:35,20.38,0.01,12,24456,中性盘
74,14:53:30,20.37,--,61,124297,卖盘
75,14:53:24,20.37,-0.01,84,171108,卖盘
76,14:53:15,20.38,0.02,53,108014,买盘
77,14:53:09,20.36,-0.01,4,8144,卖盘
78,14:53:04,20.37,-0.01,5,10185,中性盘
79,14:53:00,20.38,--,110,224180,买盘
80,14:52:54,20.38,--,112,228256,买盘
81,14:52:50,20.38,--,3,6114,买盘
82,14:52:39,20.38,0.01,10,20380,买盘
83,14:52:35,20.37,-0.01,4,8148,中性盘
84,14:52:30,20.38,0.02,15,30570,买盘
85,14:52:24,20.36,-0.01,38,77368,卖盘
86,14:52:20,20.37,0.01,1,2037,买盘
87,14:52:09,20.36,--,1,2036,卖盘
88,14:52:05,20.36,-0.01,65,132340,卖盘
89,14:52:00,20.37,--,20,40740,卖盘
90,14:51:54,20.37,-0.01,10,20370,中性盘
91,14:51:49,20.38,0.01,10,20380,中性盘
92,14:51:45,20.37,0.01,1,2037,买盘
93,14:51:39,20.36,--,0,0,卖盘
94,14:51:34,20.36,-0.03,97,197492,卖盘
95,14:51:24,20.39,0.01,106,216134,买盘
96,14:51:20,20.38,0.01,15,30570,买盘
97,14:51:14,20.37,-0.01,9,18333,中性盘
98,14:51:09,20.38,0.02,43,87634,买盘
99,14:51:03,20.36,-0.02,1,2036,卖盘
100,14:50:54,20.38,--,2,4076,买盘
101,14:50:48,20.38,-0.01,15,30570,卖盘
102,14:50:29,20.39,0.01,2,4078,买盘
103,14:50:24,20.38,--,10,20380,买盘
104,14:50:18,20.38,-0.01,24,48912,卖盘
105,14:50:14,20.39,--,0,0,买盘
106,14:50:09,20.39,--,10,20390,买盘
107,14:49:54,20.39,--,0,0,买盘
108,14:49:48,20.39,0.04,140,285460,买盘
109,14:49:44,20.35,0.01,35,71225,买盘
110,14:49:39,20.34,-0.01,11,22374,卖盘
111,14:49:33,20.35,--,58,118030,买盘
112,14:49:24,20.35,-0.01,16,32560,卖盘
113,14:49:18,20.36,0.01,1,2036,卖盘
114,14:49:14,20.35,--,164,333740,卖盘
115,14:49:09,20.35,--,184,374440,买盘
116,14:49:03,20.35,0.01,5,10175,买盘
117,14:48:59,20.34,-0.01,55,111870,卖盘
118,14:48:54,20.35,0.01,92,187220,买盘
119,14:48:48,20.34,--,41,83394,买盘
120,14:48:44,20.34,--,3,6102,买盘
121,14:48:39,20.34,--,43,87462,买盘
122,14:48:33,20.34,0.01,19,38646,买盘
123,14:48:24,20.33,--,0,0,卖盘
124,14:48:18,20.33,-0.02,4,8131,卖盘
125,14:48:14,20.35,--,1,2035,买盘
126,14:48:09,20.35,0.02,123,250305,买盘
127,14:48:03,20.33,-0.02,36,73188,中性盘
128,14:47:59,20.35,0.03,25,50875,买盘
129,14:47:54,20.32,-0.01,15,30480,卖盘
130,14:47:48,20.33,--,8,16263,卖盘
131,14:47:39,20.33,--,10,20330,卖盘
132,14:47:33,20.33,--,25,50824,买盘
133,14:47:29,20.33,0.02,39,79287,买盘
134,14:47:24,20.31,-0.02,100,203100,卖盘
135,14:47:18,20.33,--,0,0,买盘
136,14:47:14,20.33,0.03,15,30494,买盘
137,14:47:09,20.3,-0.01,42,85260,卖盘
138,14:47:03,20.31,0.01,18,36558,卖盘
139,14:46:59,20.3,--,58,117740,卖盘
140,14:46:54,20.3,-0.01,101,205030,卖盘
141,14:46:48,20.31,-0.02,21,42651,卖盘
142,14:46:44,20.33,--,1,2032,卖盘
143,14:46:39,20.33,-0.02,15,30494,卖盘
144,14:46:33,20.35,-0.05,224,455840,卖盘
145,14:46:24,20.4,-0.03,202,412080,中性盘
146,14:46:18,20.43,0.01,182,371826,买盘
147,14:46:14,20.42,--,45,91890,卖盘
148,14:46:09,20.42,-0.01,104,212368,卖盘
149,14:46:03,20.43,--,54,110322,卖盘
150,14:45:59,20.43,-0.02,102,208386,卖盘
151,14:45:54,20.45,--,21,42945,卖盘
152,14:45:48,20.45,0.01,46,94070,买盘
153,14:45:39,20.44,-0.02,139,284116,卖盘
154,14:45:33,20.46,-0.01,5,10230,买盘
155,14:45:29,20.47,0.01,2,4094,买盘
156,14:45:24,20.46,-0.01,4,8184,卖盘
157,14:45:18,20.47,--,20,40940,买盘
158,14:45:13,20.47,0.01,1,2047,买盘
159,14:45:09,20.46,-0.01,14,28644,卖盘
160,14:45:03,20.47,--,7,14329,买盘
161,14:44:58,20.47,--,48,98256,卖盘
162,14:44:53,20.47,0.02,2,4094,卖盘
163,14:44:43,20.45,--,0,0,卖盘
164,14:44:27,20.45,--,0,0,卖盘
165,14:44:12,20.45,-0.04,28,57260,卖盘
166,14:44:03,20.49,--,0,0,买盘
167,14:43:57,20.49,-0.01,14,28685,买盘
168,14:43:42,20.5,--,0,0,买盘
169,14:43:33,20.5,0.07,2,4100,买盘
170,14:43:27,20.43,--,0,0,卖盘
171,14:43:18,20.43,-0.01,50,102150,卖盘
172,14:43:12,20.44,--,6,12264,买盘
173,14:43:03,20.44,--,67,136948,买盘
174,14:42:57,20.44,0.02,8,16352,买盘
175,14:42:53,20.42,--,5,10210,卖盘
176,14:42:42,20.42,--,10,20420,卖盘
177,14:42:33,20.42,--,5,10210,卖盘
178,14:42:27,20.42,0.01,14,28588,买盘
179,14:42:23,20.41,-0.01,19,38779,卖盘
180,14:42:18,20.42,--,11,22462,买盘
181,14:42:12,20.42,--,11,22462,买盘
182,14:42:08,20.42,-0.08,40,81680,卖盘
183,14:42:03,20.5,0.06,37,75850,买盘
184,14:41:57,20.44,-0.06,7,14308,卖盘
185,14:41:38,20.5,--,5,10250,买盘
186,14:41:33,20.5,0.07,6,12300,买盘
187,14:41:27,20.43,-0.01,3,6129,卖盘
188,14:41:23,20.44,0.01,2,4088,买盘
189,14:41:12,20.43,-0.01,22,44946,卖盘
190,14:41:07,20.44,0.02,4,8176,买盘
191,14:41:03,20.42,-0.02,11,22462,卖盘
192,14:40:57,20.44,--,2,4088,买盘
193,14:40:52,20.44,0.01,16,32704,买盘
194,14:40:42,20.43,0.01,13,26559,买盘
195,14:40:33,20.42,-0.01,3,6126,中性盘
196,14:40:27,20.43,-0.01,4,8172,买盘
197,14:40:22,20.44,--,2,4088,买盘
198,14:40:18,20.44,0.02,75,153300,中性盘
199,14:40:12,20.42,-0.01,176,359392,卖盘
200,14:40:03,20.43,-0.01,1,2043,中性盘
201,14:39:57,20.44,--,65,132860,买盘
202,14:39:42,20.44,-0.05,92,188048,卖盘
203,14:39:37,20.49,0.05,2,4098,买盘
204,14:39:32,20.44,--,0,0,卖盘
205,14:39:27,20.44,--,15,30660,卖盘
206,14:39:22,20.44,-0.02,5,10220,卖盘
207,14:39:17,20.46,0.01,59,120714,买盘
208,14:39:12,20.45,0.01,45,92025,买盘
209,14:39:07,20.44,--,4,8176,买盘
210,14:39:02,20.44,--,1,2044,买盘
211,14:38:57,20.44,0.03,118,241192,买盘
212,14:38:52,20.41,--,10,20410,卖盘
213,14:38:47,20.41,--,0,0,卖盘
214,14:38:37,20.41,-0.01,102,208182,卖盘
215,14:38:32,20.42,0.01,10,20420,买盘
216,14:38:27,20.41,--,15,30615,卖盘
217,14:38:22,20.41,-0.01,50,102050,卖盘
218,14:38:18,20.42,-0.01,15,30630,卖盘
219,14:38:07,20.43,0.02,9,18387,买盘
220,14:38:02,20.41,--,76,155116,卖盘
221,14:37:57,20.41,-0.02,50,102050,卖盘
222,14:37:52,20.43,-0.03,21,42903,卖盘
223,14:37:36,20.46,--,6,12276,买盘
224,14:37:32,20.46,0.01,1,2046,中性盘
225,14:37:27,20.45,--,95,194275,卖盘
226,14:37:21,20.45,--,0,0,卖盘
227,14:37:12,20.45,-0.01,18,36810,卖盘
228,14:37:06,20.46,0.01,3,6138,买盘
229,14:36:57,20.45,-0.01,1,2045,卖盘
230,14:36:51,20.46,0.01,15,30690,买盘
231,14:36:42,20.45,-0.01,5,10225,卖盘
232,14:36:36,20.46,0.05,6,12276,买盘
233,14:36:27,20.41,--,0,0,卖盘
234,14:36:21,20.41,-0.05,6,12246,卖盘
235,14:36:17,20.46,--,0,0,买盘
236,14:36:12,20.46,0.05,1,2046,买盘
237,14:36:06,20.41,--,83,169403,卖盘
238,14:36:02,20.41,0.01,51,104091,中性盘
239,14:35:57,20.4,--,29,59159,卖盘
240,14:35:51,20.4,--,0,0,卖盘
241,14:35:47,20.4,-0.02,6,12240,卖盘
242,14:35:42,20.42,--,7,14294,卖盘
243,14:35:36,20.42,--,109,222578,卖盘
244,14:35:32,20.42,--,413,843346,买盘
245,14:35:26,20.42,--,36,73512,买盘
246,14:35:21,20.42,-0.01,61,124562,卖盘
247,14:35:12,20.43,--,30,61290,买盘
248,14:35:06,20.43,-0.03,61,124623,卖盘
249,14:35:02,20.46,-0.04,38,77748,卖盘
250,14:34:57,20.5,--,56,114800,买盘
251,14:34:42,20.5,-0.03,110,225500,卖盘
252,14:34:36,20.53,--,7,14371,买盘
253,14:34:21,20.53,-0.02,73,149869,卖盘
254,14:34:11,20.55,--,28,57540,卖盘
255,14:34:06,20.55,--,0,0,卖盘
256,14:33:57,20.55,--,0,0,卖盘
257,14:33:51,20.55,0.01,2,4110,买盘
258,14:33:42,20.54,--,0,0,中性盘
259,14:33:36,20.54,0.02,7,14378,中性盘
260,14:33:32,20.52,--,50,102600,卖盘
261,14:33:27,20.52,-0.01,418,857736,卖盘
262,14:33:12,20.53,0.01,53,108809,买盘
263,14:32:57,20.52,--,98,201096,买盘
264,14:32:41,20.52,--,3,6156,买盘
265,14:32:36,20.52,0.05,11,22572,买盘
266,14:32:31,20.47,--,6,12282,买盘
267,14:32:16,20.47,--,3,6141,买盘
268,14:32:11,20.47,-0.01,9,18423,卖盘
269,14:32:06,20.48,--,5,10240,买盘
270,14:31:51,20.48,-0.04,1,2048,卖盘
271,14:31:41,20.52,--,17,34884,买盘
272,14:31:36,20.52,--,1,2052,买盘
273,14:31:26,20.52,--,5,10260,卖盘
274,14:31:21,20.52,-0.01,76,155952,卖盘
275,14:31:11,20.53,-0.01,10,20530,卖盘
276,14:31:06,20.54,0.01,6,12324,买盘
277,14:31:01,20.53,-0.01,7,14371,卖盘
278,14:30:56,20.54,--,8,16432,买盘
279,14:30:36,20.54,0.02,6,12324,买盘
280,14:30:26,20.52,--,2,4104,卖盘
281,14:30:21,20.52,--,61,125172,买盘
282,14:30:15,20.52,--,0,0,买盘
283,14:30:11,20.52,0.04,7,14364,买盘
284,14:30:06,20.48,-0.03,8,16384,买盘
285,14:30:00,20.51,0.03,6,12306,买盘
286,14:29:56,20.48,-0.04,15,30720,卖盘
287,14:29:51,20.52,--,50,102600,买盘
288,14:29:41,20.52,--,10,20520,买盘
289,14:29:36,20.52,--,1,2052,买盘
290,14:29:26,20.52,0.05,5,10260,买盘
291,14:29:21,20.47,-0.02,2,4094,卖盘
292,14:29:15,20.49,--,0,0,买盘
293,14:29:11,20.49,--,0,0,中性盘
294,14:29:06,20.49,0.02,6,12293,中性盘
295,14:28:51,20.47,-0.05,24,49128,卖盘
296,14:28:36,20.52,0.05,16,32975,买盘
297,14:28:30,20.47,0.02,32,65504,买盘
298,14:28:26,20.45,--,0,0,卖盘
299,14:28:21,20.45,--,3,6135,卖盘
300,14:28:15,20.45,-0.03,31,63395,卖盘
301,14:28:06,20.48,0.02,6,12288,中性盘
302,14:28:00,20.46,-0.01,31,63426,卖盘
303,14:27:51,20.47,-0.1,104,212888,卖盘
304,14:27:36,20.57,0.04,2,4114,买盘
305,14:27:30,20.53,--,2,4106,卖盘
306,14:27:26,20.53,-0.04,50,102650,卖盘
307,14:27:21,20.57,0.04,55,113135,买盘
308,14:27:15,20.53,--,28,57484,卖盘
309,14:27:06,20.53,--,30,61590,卖盘
310,14:27:00,20.53,--,61,127203,买盘
311,14:26:50,20.53,0.08,69,141657,买盘
312,14:26:45,20.45,-0.07,5,10225,卖盘
313,14:26:41,20.52,0.07,1,2052,买盘
314,14:26:35,20.45,--,2,4090,卖盘
315,14:26:26,20.45,--,1,2045,卖盘
316,14:26:21,20.45,--,25,51125,买盘
317,14:26:15,20.45,0.03,2,4090,买盘
318,14:26:11,20.42,-0.11,49,100058,卖盘
319,14:26:05,20.53,0.08,25,51325,买盘
320,14:26:00,20.45,-0.06,325,664625,卖盘
321,14:25:55,20.51,--,0,0,卖盘
322,14:25:50,20.51,--,0,0,卖盘
323,14:25:45,20.51,-0.01,5,10255,卖盘
324,14:25:35,20.52,--,4,8208,买盘
325,14:25:30,20.52,--,457,937764,买盘
326,14:25:20,20.52,0.02,5,10260,买盘
327,14:25:15,20.5,-0.03,101,207050,卖盘
328,14:25:05,20.53,-0.01,6,12318,买盘
329,14:25:00,20.54,--,3,6244,卖盘
330,14:24:50,20.54,0.01,58,121103,买盘
331,14:24:45,20.53,-0.01,5,10265,卖盘
332,14:24:40,20.54,--,1,2054,买盘
333,14:24:35,20.54,--,5,10270,买盘
334,14:24:30,20.54,--,17,35000,卖盘
335,14:24:05,20.54,-0.01,64,131456,卖盘
336,14:24:00,20.55,-0.02,100,205500,卖盘
337,14:23:45,20.57,--,12,26658,买盘
338,14:23:40,20.57,0.02,11,22627,买盘
339,14:23:35,20.55,--,7,14385,卖盘
340,14:23:30,20.55,--,2,4110,卖盘
341,14:23:20,20.55,--,91,187005,卖盘
342,14:23:15,20.55,-0.02,4,8220,卖盘
343,14:23:05,20.57,--,7,14399,买盘
344,14:23:00,20.57,-0.02,20,41222,卖盘
345,14:22:50,20.59,0.02,19,39121,买盘
346,14:22:45,20.57,-0.03,5,10285,卖盘
347,14:22:35,20.6,0.05,4,10217,买盘
348,14:22:30,20.55,-0.03,46,94612,卖盘
349,14:22:24,20.58,--,4,8232,卖盘
350,14:22:20,20.58,0.01,6,12347,卖盘
351,14:22:05,20.57,--,14,28798,买盘
352,14:21:50,20.57,-0.05,44,90508,卖盘
353,14:21:39,20.62,0.05,1,2062,买盘
354,14:21:29,20.57,--,1,2057,买盘
355,14:21:24,20.57,--,2,4114,买盘
356,14:21:14,20.57,-0.02,1,2057,买盘
357,14:21:09,20.59,-0.01,57,119277,卖盘
358,14:20:59,20.6,--,0,0,卖盘
359,14:20:44,20.6,-0.03,0,144,卖盘
360,14:20:39,20.63,0.04,44,90772,买盘
361,14:20:24,20.59,--,1,2059,买盘
362,14:20:20,20.59,0.01,52,107068,买盘
363,14:20:14,20.58,-0.01,8,16464,卖盘
364,14:20:09,20.59,0.01,9,18531,买盘
365,14:20:05,20.58,-0.01,4,8232,卖盘
366,14:19:59,20.59,0.03,4,8236,买盘
367,14:19:54,20.56,-0.03,3,6168,卖盘
368,14:19:50,20.59,0.04,1,2059,买盘
369,14:19:44,20.55,--,0,0,卖盘
370,14:19:39,20.55,-0.04,61,125355,卖盘
371,14:19:35,20.59,0.03,3,6177,买盘
372,14:19:29,20.56,--,3,8141,卖盘
373,14:19:20,20.56,--,3,6168,卖盘
374,14:19:14,20.56,--,86,176816,买盘
375,14:19:09,20.56,--,8,16448,买盘
376,14:18:59,20.56,--,53,108968,买盘
377,14:18:54,20.56,0.01,19,39064,买盘
378,14:18:50,20.55,--,40,82200,卖盘
379,14:18:44,20.55,-0.04,28,57540,卖盘
380,14:18:39,20.59,--,1,2059,买盘
381,14:18:29,20.59,0.04,30,61770,买盘
382,14:18:24,20.55,--,5,10275,卖盘
383,14:18:19,20.55,--,56,115080,买盘
384,14:18:14,20.55,0.01,14,28770,买盘
385,14:18:09,20.54,--,1,2054,卖盘
386,14:18:04,20.54,-0.01,23,47242,卖盘
387,14:17:59,20.55,0.01,493,1013115,买盘
388,14:17:54,20.54,--,21,43134,买盘
389,14:17:44,20.54,-0.05,118,242372,卖盘
390,14:17:39,20.59,--,71,146189,买盘
391,14:17:34,20.59,--,0,0,买盘
392,14:17:24,20.59,--,9,18531,买盘
393,14:17:19,20.59,--,12,24708,卖盘
394,14:17:09,20.59,--,3,6177,买盘
395,14:17:04,20.59,--,13,26767,买盘
396,14:16:59,20.59,--,0,0,买盘
397,14:16:54,20.59,0.06,63,129717,买盘
398,14:16:49,20.53,-0.06,25,51325,卖盘
399,14:16:44,20.59,--,310,638290,买盘
400,14:16:39,20.59,--,2,4118,买盘
401,14:16:29,20.59,--,0,0,买盘
402,14:16:24,20.59,0.08,4,8236,买盘
403,14:16:18,20.51,--,0,0,卖盘
404,14:16:14,20.51,-0.08,51,104601,卖盘
405,14:16:09,20.59,0.08,140,288260,买盘
406,14:16:03,20.51,-0.04,3,6153,卖盘
407,14:15:59,20.55,--,8,16440,买盘
408,14:15:54,20.55,--,60,123300,买盘
409,14:15:44,20.55,-0.01,22,45210,卖盘
410,14:15:39,20.56,-0.02,46,94576,中性盘
411,14:15:33,20.58,--,62,127595,买盘
412,14:15:29,20.58,0.03,55,113189,中性盘
413,14:15:24,20.55,-0.04,65,133575,卖盘
414,14:15:14,20.59,0.04,16,32944,买盘
415,14:15:03,20.55,-0.04,20,41100,卖盘
416,14:14:53,20.59,0.05,3,6177,买盘
417,14:14:48,20.54,-0.05,50,102700,卖盘
418,14:14:44,20.59,-0.04,5,10295,中性盘
419,14:14:38,20.63,--,5,10315,买盘
420,14:14:14,20.63,0.13,76,156788,买盘
421,14:14:08,20.5,--,106,217300,买盘
422,14:14:03,20.5,--,22,45100,买盘
423,14:13:58,20.5,--,18,36900,买盘
424,14:13:53,20.5,-0.14,126,258300,卖盘
425,14:13:43,20.64,--,2,4128,买盘
426,14:13:38,20.64,--,6,12384,买盘
427,14:13:33,20.64,0.13,9,18576,买盘
428,14:13:28,20.51,-0.03,58,118958,卖盘
429,14:13:23,20.54,--,3,6162,卖盘
430,14:13:18,20.54,--,60,123240,卖盘
431,14:13:13,20.54,--,0,0,中性盘
432,14:13:08,20.54,--,0,0,买盘
433,14:12:48,20.54,0.03,10,20540,中性盘
434,14:12:43,20.51,-0.14,52,106652,卖盘
435,14:12:38,20.65,--,6,12390,买盘
436,14:12:33,20.65,--,3,6195,买盘
437,14:12:28,20.65,0.13,3,6195,买盘
438,14:12:23,20.52,-0.02,180,369360,卖盘
439,14:12:18,20.54,--,0,0,卖盘
440,14:12:13,20.54,--,0,0,卖盘
441,14:12:03,20.54,-0.03,49,100646,卖盘
442,14:11:53,20.57,--,73,150161,买盘
443,14:11:48,20.57,--,26,53482,买盘
444,14:11:38,20.57,--,23,47311,买盘
445,14:11:33,20.57,0.01,14,28798,买盘
446,14:11:23,20.56,-0.01,51,104856,卖盘
447,14:11:18,20.57,-0.03,55,113135,卖盘
448,14:11:08,20.6,-0.06,2,4120,卖盘
449,14:10:58,20.66,0.05,10,20660,买盘
450,14:10:48,20.61,0.04,2,4122,买盘
451,14:10:43,20.57,-0.04,60,123420,卖盘
452,14:10:38,20.61,0.02,12,24732,买盘
453,14:10:33,20.59,--,0,0,买盘
454,14:10:23,20.59,-0.07,71,146271,卖盘
455,14:10:18,20.66,0.06,21,43386,买盘
456,14:10:13,20.6,-0.01,19,41117,卖盘
457,14:10:08,20.61,-0.05,5,10305,卖盘
458,14:10:03,20.66,0.06,2,4132,买盘
459,14:09:58,20.6,-0.06,73,150380,卖盘
460,14:09:43,20.66,--,2,4132,买盘
461,14:09:38,20.66,--,1,2066,买盘
462,14:09:33,20.66,-0.02,6,12396,买盘
463,14:09:23,20.68,--,5,10340,买盘
464,14:09:12,20.68,--,2,4136,买盘
465,14:09:08,20.68,0.11,14,28952,买盘
466,14:09:03,20.57,-0.11,55,113135,卖盘
467,14:08:53,20.68,--,14,28952,买盘
468,14:08:38,20.68,--,185,383138,卖盘
469,14:08:33,20.68,--,40,82720,卖盘
470,14:08:27,20.68,--,447,925905,买盘
471,14:08:23,20.68,--,104,215072,买盘
472,14:08:18,20.68,--,0,0,买盘
473,14:08:08,20.68,0.04,719,1486892,买盘
474,14:07:53,20.64,--,2,4128,买盘
475,14:07:47,20.64,-0.02,336,693504,卖盘
476,14:07:42,20.66,0.01,41,84706,买盘
477,14:07:38,20.65,-0.01,10,20650,卖盘
478,14:07:32,20.66,-0.02,1,2066,买盘
479,14:07:23,20.68,-0.02,21,43428,卖盘
480,14:07:17,20.7,--,19,39330,买盘
481,14:07:08,20.7,0.01,2,4140,买盘
482,14:07:02,20.69,0.01,85,175865,买盘
483,14:06:53,20.68,--,0,0,买盘
484,14:06:47,20.68,0.03,150,310200,买盘
485,14:06:37,20.65,--,2,4130,买盘
486,14:06:32,20.65,--,3,6195,买盘
487,14:06:17,20.65,--,2,4130,卖盘
488,14:06:12,20.65,0.01,1,2065,买盘
489,14:06:07,20.64,-0.01,56,115584,卖盘
490,14:06:02,20.65,--,0,0,买盘
491,14:05:57,20.65,--,0,0,中性盘
492,14:05:42,20.65,--,0,0,买盘
493,14:05:37,20.65,0.02,17,35105,买盘
494,14:05:32,20.63,0.05,51,105213,买盘
495,14:05:27,20.58,-0.01,79,162582,卖盘
496,14:05:17,20.59,-0.03,5,10295,卖盘
497,14:05:12,20.62,0.04,78,160836,买盘
498,14:05:07,20.58,--,4,8232,买盘
499,14:04:57,20.58,--,5,10290,买盘
500,14:04:47,20.58,-0.04,79,162582,卖盘
501,14:04:42,20.62,--,78,160836,买盘
502,14:04:37,20.62,--,61,125782,买盘
503,14:04:17,20.62,--,4,8248,买盘
504,14:04:02,20.62,0.02,6,12372,买盘
505,14:03:57,20.6,-0.03,56,115360,卖盘
506,14:03:47,20.63,--,5,10315,买盘
507,14:03:42,20.63,--,7,14441,买盘
508,14:03:37,20.63,--,6,12378,买盘
509,14:03:32,20.63,0.01,20,41260,买盘
510,14:03:27,20.62,--,6,12372,卖盘
511,14:03:12,20.62,--,65,134030,卖盘
512,14:03:07,20.62,--,0,0,卖盘
513,14:03:02,20.62,0.02,5,10310,卖盘
514,14:02:42,20.6,-0.02,45,92700,卖盘
515,14:02:37,20.62,--,2,4124,买盘
516,14:02:32,20.62,--,8,16496,买盘
517,14:02:27,20.62,0.02,1,2062,买盘
518,14:02:22,20.6,-0.05,5,10300,卖盘
519,14:02:17,20.65,--,18,37170,卖盘
520,14:02:12,20.65,0.05,4,8260,买盘
521,14:01:47,20.6,0.04,186,383160,买盘
522,14:01:42,20.56,-0.01,5,10280,卖盘
523,14:01:36,20.57,--,6,12342,买盘
524,14:01:32,20.57,0.03,5,10285,买盘
525,14:01:21,20.54,-0.03,50,102700,卖盘
526,14:01:11,20.57,--,10,20570,买盘
527,14:01:06,20.57,--,6,12342,买盘
528,14:01:02,20.57,-0.02,54,111078,卖盘
529,14:00:56,20.59,0.02,1,2059,买盘
530,14:00:47,20.57,0.04,5,10285,中性盘
531,14:00:41,20.53,-0.07,81,166293,卖盘
532,14:00:36,20.6,--,4,8240,买盘
533,14:00:32,20.6,--,7,14420,买盘
534,14:00:11,20.6,--,3,6180,中性盘
535,14:00:06,20.6,--,0,0,卖盘
536,13:59:56,20.6,0.06,17,35020,买盘
537,13:59:51,20.54,--,0,0,卖盘
538,13:59:47,20.54,-0.06,50,102700,卖盘
539,13:59:41,20.6,--,2,4120,买盘
540,13:59:36,20.6,--,5,10300,买盘
541,13:59:32,20.6,0.03,18,37080,卖盘
542,13:59:11,20.57,--,34,69938,买盘
543,13:59:06,20.57,-0.03,22,45254,卖盘
544,13:58:56,20.6,--,28,57680,买盘
545,13:58:46,20.6,--,0,0,买盘
546,13:58:41,20.6,0.05,4,8240,买盘
547,13:58:36,20.55,--,0,0,卖盘
548,13:58:31,20.55,-0.05,1,2055,卖盘
549,13:58:26,20.6,0.05,4,8240,买盘
550,13:58:21,20.55,0.01,66,135630,卖盘
551,13:58:11,20.54,0.01,6,12324,卖盘
552,13:58:06,20.53,--,0,0,卖盘
553,13:57:51,20.53,--,29,59537,买盘
554,13:57:46,20.53,--,31,63643,买盘
555,13:57:41,20.53,-0.07,12,24636,卖盘
556,13:57:36,20.6,0.04,7,14420,中性盘
557,13:57:31,20.56,-0.04,1,2056,卖盘
558,13:57:26,20.6,--,2,4120,卖盘
559,13:57:21,20.6,--,10,20600,卖盘
560,13:57:16,20.6,--,31,63860,卖盘
561,13:57:11,20.6,-0.01,1,2060,卖盘
562,13:57:06,20.61,-0.02,7,14427,买盘
563,13:57:01,20.63,-0.03,27,55701,卖盘
564,13:56:56,20.66,0.01,6,12396,买盘
565,13:56:51,20.65,--,17,35105,卖盘
566,13:56:46,20.65,-0.03,1,2065,卖盘
567,13:56:41,20.68,0.03,6,12408,买盘
568,13:56:36,20.65,-0.03,30,61949,卖盘
569,13:56:21,20.68,0.03,31,64108,买盘
570,13:56:11,20.65,--,51,105315,卖盘
571,13:56:06,20.65,-0.03,12,24780,卖盘
572,13:56:01,20.68,0.03,3,6204,买盘
573,13:55:56,20.65,-0.03,10,20650,卖盘
574,13:55:51,20.68,0.03,4,8272,卖盘
575,13:55:46,20.65,--,0,0,卖盘
576,13:55:41,20.65,-0.03,31,64014,卖盘
577,13:55:36,20.68,0.03,26,53768,买盘
578,13:55:31,20.65,-0.03,58,119769,卖盘
579,13:55:26,20.68,--,16,33088,卖盘
580,13:55:16,20.68,-0.04,12,24816,卖盘
581,13:55:11,20.72,--,0,0,买盘
582,13:55:06,20.72,--,29,60088,卖盘
583,13:54:56,20.72,0.04,47,97384,买盘
584,13:54:45,20.68,-0.01,1,2068,买盘
585,13:54:41,20.69,-0.03,21,43449,卖盘
586,13:54:35,20.72,--,22,45584,买盘
587,13:54:26,20.72,0.01,7,14504,买盘
588,13:54:21,20.71,--,5,10355,卖盘
589,13:54:11,20.71,--,74,153254,买盘
590,13:54:06,20.71,--,6,12426,买盘
591,13:54:00,20.71,--,5,10355,买盘
592,13:53:56,20.71,-0.01,14,28994,卖盘
593,13:53:50,20.72,0.01,12,24864,买盘
594,13:53:45,20.71,-0.01,52,107692,卖盘
595,13:53:35,20.72,--,10,20720,买盘
596,13:53:25,20.72,--,26,53872,卖盘
597,13:53:20,20.72,-0.04,170,352240,卖盘
598,13:53:15,20.76,0.04,3,6228,买盘
599,13:53:11,20.72,-0.04,22,45584,卖盘
600,13:53:05,20.76,--,38,78888,买盘
601,13:52:59,20.76,--,253,525228,卖盘
602,13:52:55,20.76,-0.01,13,26988,卖盘
603,13:52:50,20.77,--,3,6231,买盘
604,13:52:45,20.77,--,6,12462,卖盘
605,13:52:41,20.77,0.01,71,147467,中性盘
606,13:52:35,20.76,-0.02,33,68508,卖盘
607,13:52:30,20.78,--,56,116368,买盘
608,13:52:26,20.78,--,2,4156,买盘
609,13:52:20,20.78,--,12,24936,卖盘
610,13:52:15,20.78,-0.01,8,16624,卖盘
611,13:52:10,20.79,--,9,18711,买盘
612,13:52:05,20.79,0.01,9,18711,买盘
613,13:52:00,20.78,0.02,35,72730,买盘
614,13:51:55,20.76,--,59,122484,卖盘
615,13:51:50,20.76,--,29,60204,买盘
616,13:51:35,20.76,-0.02,1,2076,买盘
617,13:51:30,20.78,0.07,20,41560,买盘
618,13:51:25,20.71,--,0,0,卖盘
619,13:51:20,20.71,-0.01,20,41420,卖盘
620,13:51:15,20.72,-0.07,71,147112,卖盘
621,13:51:11,20.79,0.07,139,288981,买盘
622,13:51:05,20.72,--,19,39368,买盘
623,13:50:55,20.72,--,0,0,中性盘
624,13:50:50,20.72,-0.01,17,35224,卖盘
625,13:50:45,20.73,0.02,1,2073,中性盘
626,13:50:40,20.71,-0.02,50,103550,卖盘
627,13:50:35,20.73,-0.06,69,143037,中性盘
628,13:50:30,20.79,0.08,194,403326,买盘
629,13:50:25,20.71,-0.01,7,14497,卖盘
630,13:50:20,20.72,0.01,148,306656,买盘
631,13:50:15,20.71,-0.04,23,47633,卖盘
632,13:50:10,20.75,0.02,146,302950,买盘
633,13:50:05,20.73,-0.04,14,29022,中性盘
634,13:50:00,20.77,-0.03,11,22847,中性盘
635,13:49:55,20.8,0.02,184,382720,买盘
636,13:49:50,20.78,--,14,29092,买盘
637,13:49:45,20.78,-0.02,34,70652,卖盘
638,13:49:40,20.8,0.02,33,68640,买盘
639,13:49:35,20.78,--,846,1757988,卖盘
640,13:49:30,20.78,-0.02,59,122602,卖盘
641,13:49:25,20.8,--,32,66560,买盘
642,13:49:20,20.8,--,60,124800,买盘
643,13:49:15,20.8,-0.1,1184,2462720,卖盘
644,13:49:10,20.9,--,103,215269,买盘
645,13:49:05,20.9,0.01,31,64789,买盘
646,13:49:00,20.89,-0.01,53,110717,买盘
647,13:48:55,20.9,--,82,171380,买盘
648,13:48:50,20.9,--,116,242439,卖盘
649,13:48:45,20.9,0.04,279,583110,买盘
650,13:48:40,20.86,-0.04,157,327502,卖盘
651,13:48:35,20.9,0.02,246,514139,买盘
652,13:48:30,20.88,--,639,1334232,卖盘
653,13:48:25,20.88,-0.02,90,187920,卖盘
654,13:48:20,20.9,0.01,181,379627,买盘
655,13:48:15,20.89,0.02,435,910344,买盘
656,13:48:10,20.87,--,221,461227,买盘
657,13:48:05,20.87,-0.01,179,373573,中性盘
658,13:48:00,20.88,0.01,554,1156752,买盘
659,13:47:55,20.87,--,58,121046,卖盘
660,13:47:50,20.87,0.02,252,525924,买盘
661,13:47:45,20.85,0.02,63,131355,买盘
662,13:47:35,20.83,0.02,99,206216,买盘
663,13:47:30,20.81,0.01,105,218505,买盘
664,13:47:25,20.8,--,30,62400,买盘
665,13:47:20,20.8,--,20,41600,买盘
666,13:47:15,20.8,0.02,304,632320,买盘
667,13:47:10,20.78,-0.01,160,332480,卖盘
668,13:47:05,20.79,0.01,402,835758,买盘
669,13:47:00,20.78,--,112,232736,买盘
670,13:46:54,20.78,--,22,45716,买盘
671,13:46:50,20.78,0.01,120,249360,买盘
672,13:46:44,20.77,0.02,56,116312,买盘
673,13:46:40,20.75,0.02,125,260723,买盘
674,13:46:35,20.73,--,30,62190,买盘
675,13:46:29,20.73,0.01,131,271563,买盘
676,13:46:24,20.72,--,10,20720,买盘
677,13:46:20,20.72,0.02,22,46806,买盘
678,13:46:14,20.7,--,67,138690,买盘
679,13:46:09,20.7,--,0,0,买盘
680,13:46:05,20.7,0.04,91,188370,买盘
681,13:45:59,20.66,-0.01,31,64046,卖盘
682,13:45:54,20.67,0.03,51,106615,买盘
683,13:45:50,20.64,--,173,357072,买盘
684,13:45:44,20.64,--,2,4128,买盘
685,13:45:39,20.64,--,50,103200,买盘
686,13:45:34,20.64,0.04,58,119712,买盘
687,13:45:19,20.6,0.02,0,1194,买盘
688,13:45:14,20.58,-0.02,4,8232,卖盘
689,13:45:04,20.6,0.02,6,12360,买盘
690,13:44:59,20.58,--,22,45275,买盘
691,13:44:53,20.58,-0.05,37,77010,卖盘
692,13:44:49,20.63,--,36,74268,买盘
693,13:44:44,20.63,--,6,12378,买盘
694,13:44:39,20.63,--,1,2063,买盘
695,13:44:34,20.63,--,7,14441,买盘
696,13:44:29,20.63,0.02,37,77527,买盘
697,13:44:24,20.61,--,9,18549,买盘
698,13:44:14,20.61,--,1,2061,买盘
699,13:44:09,20.61,0.02,49,100989,买盘
700,13:44:04,20.59,-0.03,16,32944,中性盘
701,13:43:59,20.62,--,5,10310,卖盘
702,13:43:54,20.62,--,3,6186,卖盘
703,13:43:49,20.62,0.02,72,148464,买盘
704,13:43:44,20.6,-0.01,45,92700,卖盘
705,13:43:39,20.61,0.01,1,2061,买盘
706,13:43:34,20.6,--,11,22660,卖盘
707,13:43:29,20.6,--,5,10300,卖盘
708,13:43:24,20.6,--,62,127720,买盘
709,13:43:19,20.6,--,0,0,买盘
710,13:43:14,20.6,--,5,10300,买盘
711,13:43:04,20.6,0.01,11,22660,买盘
712,13:42:59,20.59,0.07,5,10295,卖盘
713,13:42:54,20.52,--,0,0,卖盘
714,13:42:49,20.52,--,28,57456,卖盘
715,13:42:44,20.52,--,0,0,卖盘
716,13:42:39,20.52,-0.01,114,233928,卖盘
717,13:42:29,20.53,--,8,16424,买盘
718,13:42:24,20.53,0.02,10,20530,买盘
719,13:42:14,20.51,--,0,0,卖盘
720,13:42:09,20.51,--,9,18459,卖盘
721,13:41:59,20.51,0.04,3,6153,卖盘
722,13:41:54,20.47,-0.06,63,128961,卖盘
723,13:41:49,20.53,--,0,0,买盘
724,13:41:43,20.53,0.04,4,8212,买盘
725,13:41:39,20.49,-0.03,8,16392,卖盘
726,13:41:28,20.52,--,1,2052,卖盘
727,13:41:24,20.52,0.03,16,32832,买盘
728,13:41:13,20.49,-0.02,5,10245,卖盘
729,13:41:09,20.51,0.02,2,4102,中性盘
730,13:40:59,20.49,-0.01,58,118841,卖盘
731,13:40:54,20.5,--,12,24600,卖盘
732,13:40:44,20.5,-0.02,11,22550,卖盘
733,13:40:39,20.52,0.02,17,34884,卖盘
734,13:40:23,20.5,-0.02,95,194750,卖盘
735,13:40:19,20.52,-0.02,6,12312,卖盘
736,13:40:13,20.54,--,44,90376,买盘
737,13:40:09,20.54,--,22,45188,买盘
738,13:39:44,20.54,0.01,29,59566,买盘
739,13:39:38,20.53,-0.04,112,229936,卖盘
740,13:39:34,20.57,0.01,15,30855,买盘
741,13:39:28,20.56,--,5,10280,卖盘
742,13:39:23,20.56,0.02,5,10280,买盘
743,13:39:18,20.54,-0.02,51,104754,卖盘
744,13:39:14,20.56,-0.01,5,10280,买盘
745,13:39:08,20.57,0.02,26,53482,买盘
746,13:39:03,20.55,-0.02,6,12330,卖盘
747,13:38:59,20.57,--,5,10285,买盘
748,13:38:53,20.57,--,13,26741,买盘
749,13:38:48,20.57,--,13,26741,买盘
750,13:38:43,20.57,0.01,40,82280,买盘
751,13:38:38,20.56,--,58,119247,卖盘
752,13:38:29,20.56,--,7,14392,卖盘
753,13:38:23,20.56,--,57,117191,买盘
754,13:38:18,20.56,0.01,15,30839,买盘
755,13:38:08,20.55,0.01,3,6165,买盘
756,13:38:03,20.54,--,4,8216,卖盘
757,13:37:58,20.54,--,52,106808,卖盘
758,13:37:48,20.54,-0.02,13,26702,卖盘
759,13:37:43,20.56,--,156,320736,买盘
760,13:37:38,20.56,0.02,1,2056,买盘
761,13:37:28,20.54,-0.02,5,10270,卖盘
762,13:37:23,20.56,0.02,29,59623,买盘
763,13:37:18,20.54,--,1,2054,买盘
764,13:37:13,20.54,--,116,238264,买盘
765,13:37:08,20.54,--,10,20540,买盘
766,13:37:03,20.54,--,2,4108,买盘
767,13:36:58,20.54,--,6,12324,买盘
768,13:36:53,20.54,--,65,133510,买盘
769,13:36:48,20.54,--,24,49296,买盘
770,13:36:43,20.54,--,0,0,买盘
771,13:36:38,20.54,--,75,154050,买盘
772,13:36:28,20.54,--,2,4108,买盘
773,13:36:23,20.54,0.01,20,41080,买盘
774,13:36:13,20.53,--,4,8212,买盘
775,13:36:08,20.53,--,1,2053,买盘
776,13:36:03,20.53,0.04,1,2053,买盘
777,13:35:58,20.49,-0.05,60,122939,卖盘
778,13:35:48,20.54,0.01,30,61620,买盘
779,13:35:38,20.53,0.02,1,2053,买盘
780,13:35:33,20.51,--,0,0,卖盘
781,13:35:28,20.51,0.01,4,8204,买盘
782,13:35:13,20.5,--,51,104550,卖盘
783,13:35:08,20.5,0.04,103,211150,买盘
784,13:35:03,20.46,-0.03,40,81840,卖盘
785,13:34:58,20.49,--,4,8196,卖盘
786,13:34:53,20.49,--,48,98351,买盘
787,13:34:48,20.49,--,35,71715,买盘
788,13:34:37,20.49,0.05,2,4098,买盘
789,13:34:33,20.44,-0.05,55,112420,卖盘
790,13:34:22,20.49,0.03,30,61469,买盘
791,13:34:13,20.46,0.02,32,65472,买盘
792,13:34:08,20.44,0.01,1,2044,中性盘
793,13:33:52,20.43,--,0,0,中性盘
794,13:33:48,20.43,-0.03,67,136881,买盘
795,13:33:37,20.46,0.05,1,2046,买盘
796,13:33:22,20.41,0.01,34,69394,买盘
797,13:33:18,20.4,-0.01,50,102000,卖盘
798,13:33:07,20.41,0.01,6,12246,买盘
799,13:32:58,20.4,-0.06,57,116279,卖盘
800,13:32:52,20.46,-0.02,116,237336,中性盘
801,13:32:47,20.48,0.07,5,10240,买盘
802,13:32:37,20.41,-0.06,55,112255,卖盘
803,13:32:32,20.47,0.07,4,8188,买盘
804,13:32:22,20.4,--,0,0,卖盘
805,13:32:17,20.4,-0.06,50,102000,卖盘
806,13:32:07,20.46,0.03,33,67518,买盘
807,13:32:02,20.43,0.01,3,6129,买盘
808,13:31:47,20.42,--,0,0,中性盘
809,13:31:43,20.42,--,0,0,中性盘
810,13:31:37,20.42,--,7,14294,买盘
811,13:31:32,20.42,-0.04,54,110268,卖盘
812,13:31:22,20.46,--,5,10230,卖盘
813,13:31:07,20.46,0.04,1,2046,中性盘
814,13:30:52,20.42,--,59,120478,买盘
815,13:30:47,20.42,0.01,5,10210,买盘
816,13:30:42,20.41,-0.02,77,157157,卖盘
817,13:30:37,20.43,0.01,4,8172,卖盘
818,13:30:32,20.42,-0.01,26,53092,卖盘
819,13:30:27,20.43,--,1,2043,买盘
820,13:30:22,20.43,--,6,12258,买盘
821,13:30:17,20.43,--,6,12258,买盘
822,13:30:07,20.43,-0.03,25,51075,卖盘
823,13:30:02,20.46,-0.01,6,12276,卖盘
824,13:29:47,20.47,-0.01,2,4094,中性盘
825,13:29:42,20.48,--,1,2048,买盘
826,13:29:37,20.48,0.06,2,4096,买盘
827,13:29:32,20.42,--,0,0,卖盘
828,13:29:27,20.42,-0.06,69,140898,卖盘
829,13:29:22,20.48,0.06,1,2048,买盘
830,13:29:17,20.42,--,0,0,卖盘
831,13:29:07,20.42,--,0,0,卖盘
832,13:28:52,20.42,-0.07,50,102100,卖盘
833,13:28:41,20.49,--,2,4098,买盘
834,13:28:37,20.49,0.08,1,2049,买盘
835,13:28:32,20.41,--,55,112255,卖盘
836,13:28:22,20.41,--,34,69394,卖盘
837,13:28:17,20.41,--,0,0,卖盘
838,13:28:12,20.41,-0.08,10,20410,卖盘
839,13:28:07,20.49,0.08,2,4098,买盘
840,13:28:02,20.41,0.01,4,8164,中性盘
841,13:27:52,20.4,-0.01,80,163200,卖盘
842,13:27:47,20.41,-0.02,263,536783,卖盘
843,13:27:37,20.43,--,6,12258,买盘
844,13:27:31,20.43,-0.04,42,85806,卖盘
845,13:27:07,20.47,-0.03,37,75739,卖盘
846,13:27:01,20.5,--,0,0,买盘
847,13:26:51,20.5,0.03,12,24600,买盘
848,13:26:46,20.47,-0.03,2,4094,卖盘
849,13:26:36,20.5,0.04,2,4100,买盘
850,13:26:31,20.46,-0.04,2,4092,卖盘
851,13:26:21,20.5,0.01,10,20500,买盘
852,13:26:12,20.49,--,1,2049,卖盘
853,13:26:07,20.49,-0.01,8,16392,卖盘
854,13:26:01,20.5,--,2,4100,买盘
855,13:25:46,20.5,--,124,254200,买盘
856,13:25:41,20.5,-0.01,39,79950,卖盘
857,13:25:36,20.51,0.01,6,12306,买盘
858,13:25:31,20.5,-0.01,55,112750,卖盘
859,13:25:16,20.51,--,7,14357,卖盘
860,13:25:11,20.51,--,0,0,卖盘
861,13:25:06,20.51,--,11,22561,卖盘
862,13:25:01,20.51,-0.01,1,2051,卖盘
863,13:24:46,20.52,-0.04,41,84132,卖盘
864,13:24:41,20.56,--,0,0,买盘
865,13:24:36,20.56,0.01,7,14392,买盘
866,13:24:31,20.55,-0.01,20,41100,卖盘
867,13:24:26,20.56,-0.02,20,41120,卖盘
868,13:24:11,20.58,-0.01,4,8232,卖盘
869,13:24:06,20.59,--,6,12354,买盘
870,13:23:56,20.59,--,3,6177,买盘
871,13:23:41,20.59,0.01,2,4118,买盘
872,13:23:36,20.58,0.02,2,4116,买盘
873,13:23:31,20.56,-0.01,16,32896,卖盘
874,13:23:26,20.57,--,0,0,卖盘
875,13:23:11,20.57,-0.01,3,6171,卖盘
876,13:23:06,20.58,-0.01,5,10290,卖盘
877,13:23:01,20.59,0.01,25,51475,买盘
878,13:22:46,20.58,--,0,0,买盘
879,13:22:41,20.58,--,1,2058,买盘
880,13:22:36,20.58,-0.02,5,10290,中性盘
881,13:22:31,20.6,--,0,0,买盘
882,13:22:26,20.6,0.03,40,82400,买盘
883,13:22:21,20.57,-0.03,2,4114,买盘
884,13:22:16,20.6,--,0,0,买盘
885,13:22:06,20.6,0.04,24,49440,买盘
886,13:22:01,20.56,-0.03,10,20560,卖盘
887,13:21:51,20.59,0.03,3,6177,买盘
888,13:21:41,20.56,-0.03,50,102800,卖盘
889,13:21:36,20.59,0.02,2,4118,买盘
890,13:21:21,20.57,0.01,1,2057,卖盘
891,13:21:01,20.56,--,0,0,卖盘
892,13:20:56,20.56,--,52,106912,卖盘
893,13:20:46,20.56,--,0,0,卖盘
894,13:20:40,20.56,-0.04,18,37008,卖盘
895,13:20:36,20.6,0.01,1,2060,买盘
896,13:20:25,20.59,-0.01,5,10295,卖盘
897,13:20:21,20.6,--,2,4120,买盘
898,13:20:06,20.6,--,0,0,买盘
899,13:19:55,20.6,0.01,100,206000,买盘
900,13:19:46,20.59,-0.02,3,6177,卖盘
901,13:19:40,20.61,--,0,0,买盘
902,13:19:36,20.61,0.02,7,14427,买盘
903,13:19:30,20.59,--,1,2059,卖盘
904,13:19:05,20.59,-0.01,5,10295,买盘
905,13:18:55,20.6,--,5,10300,卖盘
906,13:18:45,20.6,--,15,30900,买盘
907,13:18:40,20.6,-0.01,1,2060,买盘
908,13:18:35,20.61,--,0,0,买盘
909,13:18:05,20.61,--,0,0,买盘
910,13:17:55,20.61,--,0,0,买盘
911,13:17:35,20.61,0.02,56,115416,买盘
912,13:17:25,20.59,--,30,61770,买盘
913,13:17:20,20.59,0.01,1,2059,买盘
914,13:17:10,20.58,-0.01,10,20580,卖盘
915,13:17:05,20.59,--,6,12354,买盘
916,13:16:55,20.59,0.01,2,4118,买盘
917,13:16:50,20.58,-0.01,10,20580,卖盘
918,13:16:40,20.59,--,4,8236,买盘
919,13:16:35,20.59,0.02,7,14413,中性盘
920,13:16:20,20.57,-0.04,1,2057,卖盘
921,13:16:05,20.61,--,0,0,买盘
922,13:15:50,20.61,0.01,50,103050,买盘
923,13:15:35,20.6,0.05,1,2060,中性盘
924,13:15:25,20.55,-0.06,8,16440,卖盘
925,13:15:20,20.61,--,8,16488,买盘
926,13:15:05,20.61,--,0,0,买盘
927,13:14:45,20.61,0.03,100,206100,买盘
928,13:14:40,20.58,0.02,21,43218,买盘
929,13:14:35,20.56,--,35,71960,买盘
930,13:14:25,20.56,--,31,63735,买盘
931,13:14:20,20.56,--,5,10280,买盘
932,13:14:05,20.56,--,8,16448,买盘
933,13:13:50,20.56,-0.02,5,10280,卖盘
934,13:13:35,20.58,0.03,2,4116,买盘
935,13:13:25,20.55,-0.03,24,49320,卖盘
936,13:13:19,20.58,-0.02,11,22637,卖盘
937,13:13:10,20.6,-0.01,5,10300,买盘
938,13:13:04,20.61,--,1,2061,买盘
939,13:12:55,20.61,--,2,4122,买盘
940,13:12:40,20.61,0.07,17,35037,买盘
941,13:12:34,20.54,--,0,0,卖盘
942,13:12:04,20.54,--,1,2054,买盘
943,13:12:00,20.54,--,25,51350,买盘
944,13:11:49,20.54,0.01,27,55458,中性盘
945,13:11:40,20.53,-0.05,9,18477,卖盘
946,13:11:34,20.58,0.05,4,8232,买盘
947,13:11:09,20.53,--,319,654907,买盘
948,13:11:04,20.53,0.01,6,12318,买盘
949,13:10:55,20.52,--,7,14364,买盘
950,13:10:39,20.52,--,1,2052,买盘
951,13:10:34,20.52,--,5,10260,买盘
952,13:10:29,20.52,--,1,2052,买盘
953,13:10:19,20.52,--,41,84132,卖盘
954,13:10:04,20.52,-0.01,10,20520,卖盘
955,13:09:59,20.53,--,96,197088,买盘
956,13:09:49,20.53,0.01,9,18477,买盘
957,13:09:44,20.52,-0.01,3,6156,卖盘
958,13:09:34,20.53,--,7,14371,买盘
959,13:09:29,20.53,--,3,6159,买盘
960,13:09:24,20.53,-0.05,84,172452,卖盘
961,13:09:19,20.58,--,24,49391,买盘
962,13:09:14,20.58,0.05,1,2058,买盘
963,13:09:04,20.53,--,0,0,中性盘
964,13:08:54,20.53,--,29,59537,买盘
965,13:08:49,20.53,--,4,8212,买盘
966,13:08:34,20.53,0.03,2,4106,买盘
967,13:08:24,20.5,--,3,6150,买盘
968,13:08:19,20.5,-0.03,23,47150,卖盘
969,13:08:14,20.53,--,2,4106,买盘
970,13:08:04,20.53,-0.03,9,18477,卖盘
971,13:07:54,20.56,--,3,6168,买盘
972,13:07:49,20.56,--,10,20560,买盘
973,13:07:44,20.56,-0.03,14,28784,卖盘
974,13:07:39,20.59,-0.01,3,6177,卖盘
975,13:07:34,20.6,0.02,9,18540,买盘
976,13:07:29,20.58,--,3,6173,卖盘
977,13:07:19,20.58,--,0,0,卖盘
978,13:07:14,20.58,-0.01,26,53507,卖盘
979,13:07:04,20.59,--,3,6177,卖盘
980,13:06:59,20.59,-0.03,3,6177,卖盘
981,13:06:34,20.62,0.04,8,16496,买盘
982,13:06:28,20.58,--,0,0,卖盘
983,13:06:24,20.58,-0.07,3,6173,卖盘
984,13:06:04,20.65,--,0,0,买盘
985,13:05:58,20.65,0.07,4,8260,买盘
986,13:05:54,20.58,-0.01,64,131712,买盘
987,13:05:49,20.59,-0.04,76,156484,卖盘
988,13:05:43,20.63,-0.03,2,4126,卖盘
989,13:05:39,20.66,0.07,1,2066,买盘
990,13:05:34,20.59,--,0,0,卖盘
991,13:05:03,20.59,--,0,0,卖盘
992,13:04:58,20.59,--,10,20590,卖盘
993,13:04:49,20.59,--,1,2059,卖盘
994,13:04:43,20.59,0.02,27,55593,买盘
995,13:04:34,20.57,-0.01,4,8228,买盘
996,13:04:23,20.58,--,16,32928,卖盘
997,13:04:13,20.58,-0.01,10,20580,卖盘
998,13:04:09,20.59,-0.09,3,6177,买盘
999,13:04:04,20.68,--,44,90992,卖盘
1000,13:03:49,20.68,0.09,256,529408,买盘
1001,13:03:38,20.59,--,2,4118,买盘
1002,13:03:34,20.59,--,9,18531,卖盘
1003,13:03:23,20.59,--,3,6177,卖盘
1004,13:03:18,20.59,0.01,3,6177,卖盘
1005,13:03:13,20.58,-0.02,3,6173,卖盘
1006,13:03:04,20.6,--,106,218360,买盘
1007,13:02:53,20.6,--,0,0,买盘
1008,13:02:43,20.6,-0.03,11,22660,卖盘
1009,13:02:38,20.63,-0.03,9,18567,中性盘
1010,13:02:18,20.66,-0.01,107,221062,卖盘
1011,13:02:13,20.67,--,2,4134,卖盘
1012,13:02:08,20.67,-0.01,9,18603,卖盘
1013,13:01:58,20.68,--,11,22748,卖盘
1014,13:01:53,20.68,--,16,33088,卖盘
1015,13:01:43,20.68,-0.02,10,20680,卖盘
1016,13:01:38,20.7,--,2,4140,买盘
1017,13:01:28,20.7,--,2,4140,买盘
1018,13:01:23,20.7,-0.02,26,53820,卖盘
1019,13:01:18,20.72,--,10,20720,买盘
1020,13:01:08,20.72,--,0,0,买盘
1021,13:00:58,20.72,-0.01,8,16576,买盘
1022,13:00:48,20.73,--,0,0,买盘
1023,13:00:43,20.73,--,10,20730,买盘
1024,13:00:38,20.73,--,11,22803,买盘
1025,13:00:33,20.73,--,1,2073,买盘
1026,13:00:28,20.73,--,2,4146,买盘
1027,13:00:23,20.73,--,63,130599,买盘
1028,13:00:07,20.73,0.01,763,1581699,买盘
1029,13:00:03,20.72,--,56,116757,卖盘
1030,11:30:00,20.72,--,0,0,卖盘
1031,11:30:00,20.72,--,0,0,卖盘
1032,11:29:59,20.72,--,9,18648,卖盘
1033,11:29:53,20.72,-0.01,50,103600,卖盘
1034,11:29:48,20.73,0.01,5,10365,买盘
1035,11:29:38,20.72,--,18,38642,买盘
1036,11:29:33,20.72,0.01,5,10360,买盘
1037,11:29:18,20.71,--,0,0,中性盘
1038,11:29:08,20.71,--,107,221597,买盘
1039,11:29:03,20.71,0.01,6,12426,买盘
1040,11:28:53,20.7,-0.02,69,142830,卖盘
1041,11:28:48,20.72,--,2,4144,买盘
1042,11:28:44,20.72,-0.01,30,62160,买盘
1043,11:28:38,20.73,-0.01,80,165840,卖盘
1044,11:28:33,20.74,--,22,45628,买盘
1045,11:28:29,20.74,-0.02,259,537166,卖盘
1046,11:28:23,20.76,-0.01,51,105876,卖盘
1047,11:28:18,20.77,0.02,41,85157,买盘
1048,11:28:14,20.75,--,101,209575,买盘
1049,11:28:08,20.75,-0.03,84,174300,中性盘
1050,11:28:03,20.78,--,23,47794,买盘
1051,11:27:59,20.78,0.01,63,130914,买盘
1052,11:27:53,20.77,0.01,156,324012,中性盘
1053,11:27:44,20.76,--,10,20760,卖盘
1054,11:27:38,20.76,0.06,42,87192,买盘
1055,11:27:29,20.7,--,26,53820,买盘
1056,11:27:18,20.7,0.03,100,207000,买盘
1057,11:27:14,20.67,-0.02,309,638703,中性盘
1058,11:27:08,20.69,0.02,133,275177,买盘
1059,11:26:59,20.67,0.02,5,10335,买盘
1060,11:26:53,20.65,--,70,144550,卖盘
1061,11:26:48,20.65,--,89,184569,买盘
1062,11:26:44,20.65,0.01,277,572005,买盘
1063,11:26:38,20.64,-0.01,15,30960,卖盘
1064,11:26:33,20.65,0.01,5,10325,买盘
1065,11:26:29,20.64,--,5,10320,卖盘
1066,11:26:23,20.64,--,1,2064,中性盘
1067,11:26:18,20.64,-0.01,10,20640,买盘
1068,11:26:13,20.65,0.01,20,41300,买盘
1069,11:26:08,20.64,--,17,35088,买盘
1070,11:26:03,20.64,--,0,0,买盘
1071,11:25:53,20.64,-0.01,10,20640,买盘
1072,11:25:48,20.65,--,0,0,买盘
1073,11:25:43,20.65,0.01,30,61949,买盘
1074,11:25:38,20.64,--,26,53664,卖盘
1075,11:25:33,20.64,--,2,4128,卖盘
1076,11:25:28,20.64,0.03,9,18576,买盘
1077,11:25:23,20.61,-0.03,21,43281,卖盘
1078,11:25:08,20.64,--,19,39216,买盘
1079,11:25:03,20.64,--,32,66048,买盘
1080,11:24:58,20.64,--,37,76368,买盘
1081,11:24:53,20.64,-0.01,62,127968,卖盘
1082,11:24:48,20.65,--,164,339940,卖盘
1083,11:24:43,20.65,--,5,10325,卖盘
1084,11:24:38,20.65,--,9,18585,卖盘
1085,11:24:33,20.65,--,274,566594,买盘
1086,11:24:23,20.65,--,15,30974,买盘
1087,11:24:18,20.65,0.01,60,123899,买盘
1088,11:24:08,20.64,-0.01,3,6192,卖盘
1089,11:24:03,20.65,0.02,88,181720,买盘
1090,11:23:58,20.63,-0.01,5,10315,卖盘
1091,11:23:53,20.64,--,30,61920,买盘
1092,11:23:47,20.64,0.01,77,158928,中性盘
1093,11:23:43,20.63,--,6,12378,卖盘
1094,11:23:38,20.63,--,111,228993,卖盘
1095,11:23:32,20.63,-0.01,9,18567,卖盘
1096,11:23:23,20.64,0.01,34,70176,买盘
1097,11:23:17,20.63,--,17,35071,卖盘
1098,11:23:08,20.63,--,10,20630,卖盘
1099,11:23:02,20.63,--,2,4126,卖盘
1100,11:22:58,20.63,-0.01,10,20630,中性盘
1101,11:22:53,20.64,0.03,56,115604,买盘
1102,11:22:47,20.61,--,10,20610,卖盘
1103,11:22:43,20.61,--,2,4122,卖盘
1104,11:22:38,20.61,0.01,13,26793,买盘
1105,11:22:32,20.6,--,39,80401,买盘
1106,11:22:28,20.6,--,33,67980,买盘
1107,11:22:23,20.6,--,7,14440,买盘
1108,11:22:17,20.6,--,50,105018,卖盘
1109,11:22:08,20.6,--,0,41,卖盘
1110,11:22:02,20.6,0.05,49,100960,买盘
1111,11:21:53,20.55,--,0,61,卖盘
1112,11:21:47,20.55,--,3,6391,卖盘
1113,11:21:43,20.55,-0.05,10,21022,卖盘
1114,11:21:38,20.6,--,8,16480,卖盘
1115,11:21:32,20.6,-0.02,1,2060,卖盘
1116,11:21:27,20.62,--,0,0,买盘
1117,11:21:23,20.62,0.02,14,28868,买盘
1118,11:21:17,20.6,-0.02,7,14420,买盘
1119,11:21:08,20.62,--,6,12372,买盘
1120,11:21:02,20.62,-0.03,15,30930,卖盘
1121,11:20:53,20.65,0.04,226,466689,买盘
1122,11:20:38,20.61,-0.02,711,1466957,卖盘
1123,11:20:32,20.63,--,8,16504,买盘
1124,11:20:27,20.63,--,10,20630,买盘
1125,11:20:23,20.63,0.01,281,579703,买盘
1126,11:20:17,20.62,0.01,123,253626,买盘
1127,11:20:12,20.61,--,2,4122,卖盘
1128,11:20:08,20.61,0.01,11,22671,买盘
1129,11:20:02,20.6,--,280,577273,买盘
1130,11:19:57,20.6,--,2,4120,买盘
1131,11:19:53,20.6,-0.01,2,4120,买盘
1132,11:19:47,20.61,0.03,30,61830,买盘
1133,11:19:42,20.58,-0.02,4,8232,卖盘
1134,11:19:38,20.6,--,7,14420,中性盘
1135,11:19:32,20.6,-0.02,12,24720,买盘
1136,11:19:27,20.62,--,0,0,买盘
1137,11:19:23,20.62,0.03,32,65984,买盘
1138,11:19:12,20.59,--,0,0,卖盘
1139,11:19:08,20.59,0.01,5,10295,买盘
1140,11:19:02,20.58,0.01,328,675024,卖盘
1141,11:18:47,20.57,-0.01,312,641784,卖盘
1142,11:18:38,20.58,0.02,264,543312,买盘
1143,11:18:27,20.56,--,10,20560,买盘
1144,11:18:22,20.56,0.02,5,10280,买盘
1145,11:18:17,20.54,-0.01,21,43134,卖盘
1146,11:18:07,20.55,0.01,20,41100,买盘
1147,11:18:02,20.54,--,1,2054,买盘
1148,11:17:57,20.54,0.01,6,12324,买盘
1149,11:17:42,20.53,0.01,3,6159,买盘
1150,11:17:37,20.52,-0.01,20,41040,卖盘
1151,11:17:32,20.53,0.01,1,2053,买盘
1152,11:17:27,20.52,0.02,56,114912,买盘
1153,11:17:22,20.5,--,15,30750,卖盘
1154,11:17:02,20.5,0.01,19,38950,买盘
1155,11:16:57,20.49,0.02,69,141381,买盘
1156,11:16:52,20.47,-0.01,3,6141,买盘
1157,11:16:47,20.48,--,0,0,买盘
1158,11:16:42,20.48,--,8,16384,买盘
1159,11:16:37,20.48,0.01,1,2048,买盘
1160,11:16:07,20.47,--,0,0,中性盘
1161,11:16:02,20.47,0.03,12,24564,买盘
1162,11:15:52,20.44,-0.03,10,20440,卖盘
1163,11:15:41,20.47,--,13,26611,买盘
1164,11:15:37,20.47,--,5,10235,买盘
1165,11:15:32,20.47,0.01,2,4094,买盘
1166,11:15:17,20.46,0.01,3,6138,卖盘
1167,11:15:07,20.45,--,0,0,卖盘
1168,11:15:02,20.45,-0.02,5,10225,卖盘
1169,11:14:56,20.47,--,0,0,中性盘
1170,11:14:52,20.47,--,4,8188,卖盘
1171,11:14:47,20.47,--,4,8188,卖盘
1172,11:14:41,20.47,--,25,51175,买盘
1173,11:14:37,20.47,0.02,6,12282,买盘
1174,11:14:26,20.45,--,13,26585,卖盘
1175,11:14:22,20.45,0.02,16,34049,买盘
1176,11:14:17,20.43,--,12,24516,卖盘
1177,11:14:11,20.43,-0.01,19,38817,卖盘
1178,11:14:02,20.44,--,2,4088,中性盘
1179,11:13:56,20.44,--,0,0,买盘
1180,11:13:41,20.44,-0.01,6,12264,卖盘
1181,11:13:37,20.45,--,2,4090,买盘
1182,11:13:32,20.45,--,5,10225,买盘
1183,11:13:02,20.45,0.02,8,16360,买盘
1184,11:12:56,20.43,--,10,20430,卖盘
1185,11:12:41,20.43,-0.02,1,2043,卖盘
1186,11:12:36,20.45,--,1,2045,买盘
1187,11:12:32,20.45,0.02,109,222905,买盘
1188,11:12:21,20.43,-0.02,52,106236,卖盘
1189,11:12:17,20.45,0.01,50,102250,买盘
1190,11:12:11,20.44,--,7,14308,卖盘
1191,11:12:06,20.44,-0.01,5,10220,卖盘
1192,11:12:02,20.45,0.01,6,12270,买盘
1193,11:11:47,20.44,-0.01,40,81760,卖盘
1194,11:11:36,20.45,--,1,2045,买盘
1195,11:11:31,20.45,--,12,25255,卖盘
1196,11:11:26,20.45,--,9,18405,卖盘
1197,11:11:16,20.45,--,4,9509,卖盘
1198,11:11:06,20.45,--,2,4090,卖盘
1199,11:11:02,20.45,0.01,86,175870,买盘
1200,11:10:51,20.44,--,11,22484,卖盘
1201,11:10:46,20.44,-0.01,39,79716,卖盘
1202,11:10:41,20.45,--,6,12270,买盘
1203,11:10:36,20.45,--,5,10225,买盘
1204,11:10:31,20.45,--,2,4090,买盘
1205,11:10:26,20.45,--,6,12270,卖盘
1206,11:10:06,20.45,0.01,1,2045,中性盘
1207,11:09:56,20.44,-0.07,10,20440,卖盘
1208,11:09:46,20.51,--,0,0,买盘
1209,11:09:41,20.51,--,1,2051,买盘
1210,11:09:36,20.51,--,6,12306,买盘
1211,11:09:26,20.51,--,77,157927,卖盘
1212,11:09:11,20.51,--,26,53326,买盘
1213,11:09:06,20.51,0.01,6,12306,买盘
1214,11:09:01,20.5,--,23,47150,卖盘
1215,11:08:50,20.5,0.07,37,75850,买盘
1216,11:08:46,20.43,--,0,0,卖盘
1217,11:08:41,20.43,-0.07,30,61290,卖盘
1218,11:08:36,20.5,0.06,4,8200,买盘
1219,11:08:31,20.44,--,3,6132,买盘
1220,11:08:26,20.44,-0.01,47,96068,卖盘
1221,11:08:16,20.45,--,2,4090,买盘
1222,11:08:11,20.45,--,2,4090,买盘
1223,11:08:05,20.45,-0.02,26,53170,卖盘
1224,11:08:01,20.47,--,0,0,中性盘
1225,11:07:56,20.47,--,1,2047,买盘
1226,11:07:50,20.47,-0.03,22,45034,卖盘
1227,11:07:41,20.5,--,7,14350,买盘
1228,11:07:35,20.5,0.03,14,28700,买盘
1229,11:07:26,20.47,0.01,10,20470,卖盘
1230,11:07:16,20.46,0.01,21,42966,买盘
1231,11:07:11,20.45,--,26,53170,卖盘
1232,11:07:05,20.45,-0.05,11,22495,卖盘
1233,11:06:56,20.5,0.02,10,20500,买盘
1234,11:06:50,20.48,0.01,50,102400,买盘
1235,11:06:46,20.47,-0.01,5,10235,卖盘
1236,11:06:35,20.48,--,1,2048,买盘
1237,11:06:11,20.48,--,3,6144,买盘
1238,11:06:05,20.48,--,13,26624,卖盘
1239,11:05:55,20.48,-0.02,143,292864,卖盘
1240,11:05:50,20.5,--,3,6150,买盘
1241,11:05:41,20.5,-0.01,15,30750,卖盘
1242,11:05:35,20.51,0.01,7,14357,买盘
1243,11:05:30,20.5,-0.02,1,2050,卖盘
1244,11:05:26,20.52,0.01,11,22572,中性盘
1245,11:05:20,20.51,0.01,5,10255,卖盘
1246,11:05:05,20.5,--,0,0,卖盘
1247,11:04:50,20.5,--,121,248050,买盘
1248,11:04:35,20.5,--,17,34850,卖盘
1249,11:04:26,20.5,0.01,8,16400,买盘
1250,11:04:20,20.49,-0.01,3,6146,卖盘
1251,11:04:05,20.5,0.02,90,184500,买盘
1252,11:03:56,20.48,--,88,180224,卖盘
1253,11:03:50,20.48,--,5,10240,卖盘
1254,11:03:45,20.48,--,182,372736,买盘
1255,11:03:40,20.48,--,5,10240,买盘
1256,11:03:35,20.48,0.01,9,18432,买盘
1257,11:03:30,20.47,--,1,2047,卖盘
1258,11:03:20,20.47,0.01,119,245619,买盘
1259,11:03:05,20.46,0.01,2,4092,买盘
1260,11:03:00,20.45,--,19,38855,卖盘
1261,11:02:45,20.45,-0.02,40,81800,卖盘
1262,11:02:35,20.47,0.01,135,276345,买盘
1263,11:02:30,20.46,--,144,294624,买盘
1264,11:02:20,20.46,0.01,104,212784,买盘
1265,11:02:15,20.45,0.01,221,451945,买盘
1266,11:02:05,20.44,--,7,14308,买盘
1267,11:02:00,20.44,--,5,10220,卖盘
1268,11:01:55,20.44,-0.01,5,10220,卖盘
1269,11:01:40,20.45,-0.02,5,10225,卖盘
1270,11:01:35,20.47,--,510,1043970,买盘
1271,11:01:20,20.47,-0.03,259,530193,卖盘
1272,11:01:10,20.5,--,10,20500,买盘
1273,11:01:05,20.5,--,0,0,买盘
1274,11:00:59,20.5,--,1,2050,买盘
1275,11:00:55,20.5,0.02,2,4100,买盘
1276,11:00:50,20.48,--,4,8192,卖盘
1277,11:00:44,20.48,-0.02,183,376811,卖盘
1278,11:00:40,20.5,--,2,4100,买盘
1279,11:00:35,20.5,--,7,14350,买盘
1280,11:00:20,20.5,--,5,10250,买盘
1281,11:00:14,20.5,0.01,43,88150,买盘
1282,11:00:04,20.49,--,11,22539,卖盘
1283,10:59:55,20.49,--,4,8196,买盘
1284,10:59:35,20.49,-0.01,8,16392,中性盘
1285,10:59:29,20.5,--,389,797450,买盘
1286,10:59:25,20.5,0.01,10,20500,买盘
1287,10:59:19,20.49,--,9,18441,卖盘
1288,10:59:14,20.49,--,7,14342,卖盘
1289,10:59:10,20.49,--,3,6146,卖盘
1290,10:59:05,20.49,--,82,168018,卖盘
1291,10:58:59,20.49,-0.01,6,12293,卖盘
1292,10:58:50,20.5,0.01,19,38950,买盘
1293,10:58:44,20.49,-0.01,63,129086,卖盘
1294,10:58:40,20.5,--,1,2050,买盘
1295,10:58:35,20.5,0.01,51,104550,买盘
1296,10:58:29,20.49,--,3,6146,卖盘
1297,10:58:25,20.49,--,132,270468,卖盘
1298,10:58:20,20.49,0.01,47,96302,买盘
1299,10:58:04,20.48,--,2,4096,买盘
1300,10:57:59,20.48,0.03,16,32768,买盘
1301,10:57:49,20.45,--,33,67485,买盘
1302,10:57:44,20.45,--,72,147240,卖盘
1303,10:57:40,20.45,--,0,0,卖盘
1304,10:57:35,20.45,-0.01,10,20450,卖盘
1305,10:57:29,20.46,0.01,1,2046,买盘
1306,10:57:19,20.45,--,0,0,卖盘
1307,10:57:14,20.45,-0.05,17,34765,卖盘
1308,10:57:05,20.5,0.01,6,12300,买盘
1309,10:56:59,20.49,-0.01,137,280713,卖盘
1310,10:56:54,20.5,-0.05,24,49200,卖盘
1311,10:56:49,20.55,0.03,847,1740585,买盘
1312,10:56:44,20.52,-0.02,28,57456,卖盘
1313,10:56:39,20.54,-0.01,23,48269,卖盘
1314,10:56:34,20.55,-0.05,16,32880,卖盘
1315,10:56:29,20.6,--,116,238960,买盘
1316,10:56:24,20.6,--,97,199820,卖盘
1317,10:56:19,20.6,--,137,282220,卖盘
1318,10:56:14,20.6,--,125,257500,卖盘
1319,10:56:09,20.6,--,21,43260,卖盘
1320,10:56:04,20.6,--,47,96820,卖盘
1321,10:55:59,20.6,--,24,49440,卖盘
1322,10:55:54,20.6,0.05,192,395520,买盘
1323,10:55:49,20.55,0.01,75,154125,买盘
1324,10:55:44,20.54,-0.01,15,30810,卖盘
1325,10:55:34,20.55,0.01,2,4110,买盘
1326,10:55:29,20.54,--,41,84214,买盘
1327,10:55:24,20.54,--,19,39026,买盘
1328,10:55:19,20.54,--,21,43134,买盘
1329,10:55:09,20.54,--,0,0,买盘
1330,10:55:04,20.54,0.04,30,61620,买盘
1331,10:54:59,20.5,--,7,14350,卖盘
1332,10:54:49,20.5,0.09,10,20500,卖盘
1333,10:54:44,20.41,--,451,920491,卖盘
1334,10:54:39,20.41,-0.04,57,116337,卖盘
1335,10:54:34,20.45,0.04,1,2045,中性盘
1336,10:54:29,20.41,0.01,703,1434823,卖盘
1337,10:54:24,20.4,--,0,0,卖盘
1338,10:54:19,20.4,-0.08,11,22440,卖盘
1339,10:54:14,20.48,0.01,35,71680,买盘
1340,10:54:09,20.47,0.07,10,20470,买盘
1341,10:54:04,20.4,--,0,0,卖盘
1342,10:53:59,20.4,--,1,2039,卖盘
1343,10:53:49,20.4,--,4,8159,卖盘
1344,10:53:44,20.4,-0.08,15,30599,卖盘
1345,10:53:39,20.48,0.03,24,49152,买盘
1346,10:53:34,20.45,-0.03,7,14315,卖盘
1347,10:53:29,20.48,0.03,15,30720,买盘
1348,10:53:23,20.45,-0.03,17,34765,卖盘
1349,10:53:19,20.48,-0.01,36,73728,卖盘
1350,10:53:13,20.49,--,33,67617,买盘
1351,10:53:08,20.49,0.02,101,206948,买盘
1352,10:53:04,20.47,-0.01,5,10235,卖盘
1353,10:52:53,20.48,0.01,11,22528,买盘
1354,10:52:48,20.47,0.02,24,49128,买盘
1355,10:52:44,20.45,0.02,7,14315,中性盘
1356,10:52:38,20.43,0.01,17,34731,买盘
1357,10:52:34,20.42,--,6,12252,卖盘
1358,10:52:13,20.42,0.01,85,173570,买盘
1359,10:52:08,20.41,--,6,12246,买盘
1360,10:51:58,20.41,0.01,133,271453,买盘
1361,10:51:53,20.4,0.04,1,2039,买盘
1362,10:51:48,20.36,--,0,0,卖盘
1363,10:51:44,20.36,-0.03,379,771644,卖盘
1364,10:51:38,20.39,--,6,12234,买盘
1365,10:51:33,20.39,0.03,1,2039,买盘
1366,10:51:29,20.36,-0.03,3,6108,卖盘
1367,10:51:18,20.39,0.03,19,38741,买盘
1368,10:51:08,20.36,-0.03,8,16288,卖盘
1369,10:51:03,20.39,--,0,0,买盘
1370,10:50:58,20.39,0.01,92,187588,买盘
1371,10:50:53,20.38,0.03,1,2038,中性盘
1372,10:50:48,20.35,-0.03,1,2035,卖盘
1373,10:50:43,20.38,--,1,2038,买盘
1374,10:50:38,20.38,0.01,8,16304,买盘
1375,10:50:34,20.37,--,2,4074,卖盘
1376,10:50:28,20.37,-0.02,8,16296,卖盘
1377,10:50:23,20.39,--,10,20390,买盘
1378,10:50:18,20.39,--,37,75443,卖盘
1379,10:50:08,20.39,--,0,0,卖盘
1380,10:49:53,20.39,0.01,1,2039,卖盘
1381,10:49:48,20.38,--,4,8152,中性盘
1382,10:49:44,20.38,-0.02,5,10190,卖盘
1383,10:49:38,20.4,0.02,44,89760,买盘
1384,10:49:28,20.38,-0.01,3,6114,卖盘
1385,10:49:23,20.39,--,10,20390,买盘
1386,10:49:18,20.39,0.01,36,73404,买盘
1387,10:49:08,20.38,0.01,1,2038,卖盘
1388,10:49:03,20.37,--,1,2037,卖盘
1389,10:48:58,20.37,--,17,34629,卖盘
1390,10:48:53,20.37,--,13,26481,卖盘
1391,10:48:43,20.37,--,1,2037,卖盘
1392,10:48:38,20.37,--,153,311661,买盘
1393,10:48:33,20.37,0.01,13,26481,买盘
1394,10:48:23,20.36,-0.01,11,22396,卖盘
1395,10:48:18,20.37,--,5,10185,买盘
1396,10:48:13,20.37,0.02,35,71295,买盘
1397,10:48:08,20.35,--,4,8140,卖盘
1398,10:47:58,20.35,-0.02,2,4070,卖盘
1399,10:47:53,20.37,--,51,103887,买盘
1400,10:47:48,20.37,0.02,32,65184,买盘
1401,10:47:43,20.35,-0.01,1,2035,卖盘
1402,10:47:38,20.36,-0.01,5,10180,中性盘
1403,10:47:33,20.37,0.02,14,28518,买盘
1404,10:47:28,20.35,-0.02,2,4070,卖盘
1405,10:47:23,20.37,--,0,0,买盘
1406,10:47:18,20.37,0.04,27,54999,买盘
1407,10:47:08,20.33,-0.04,54,109781,卖盘
1408,10:47:03,20.37,--,0,0,买盘
1409,10:46:58,20.37,0.03,659,1342383,买盘
1410,10:46:47,20.34,0.01,6,12204,卖盘
1411,10:46:43,20.33,-0.02,6,12197,卖盘
1412,10:46:38,20.35,0.03,6,12210,买盘
1413,10:46:32,20.32,--,1,2032,卖盘
1414,10:46:28,20.32,-0.03,65,132080,卖盘
1415,10:46:22,20.35,0.02,25,50875,买盘
1416,10:46:17,20.33,--,3,6098,卖盘
1417,10:46:08,20.33,-0.04,17,34561,卖盘
1418,10:45:57,20.37,-0.02,144,293328,卖盘
1419,10:45:52,20.39,-0.02,7,15231,卖盘
1420,10:45:47,20.41,0.02,2,4082,买盘
1421,10:45:43,20.39,--,3,6117,卖盘
1422,10:45:37,20.39,--,2,4078,卖盘
1423,10:45:32,20.39,0.02,60,123420,买盘
1424,10:45:27,20.37,--,0,0,卖盘
1425,10:45:17,20.37,--,100,203700,卖盘
1426,10:45:07,20.37,-0.02,8,16296,卖盘
1427,10:45:02,20.39,0.07,24,48936,买盘
1428,10:44:57,20.32,--,2,4064,卖盘
1429,10:44:52,20.32,0.01,5,10160,卖盘
1430,10:44:42,20.31,--,0,0,卖盘
1431,10:44:37,20.31,-0.04,9,18279,卖盘
1432,10:44:32,20.35,0.04,2,4070,买盘
1433,10:44:27,20.31,-0.07,30,61884,卖盘
1434,10:44:22,20.38,--,23,46874,卖盘
1435,10:44:17,20.38,0.08,452,922256,买盘
1436,10:44:12,20.3,--,1,2030,卖盘
1437,10:44:07,20.3,--,331,671930,买盘
1438,10:44:02,20.3,0.02,41,83230,买盘
1439,10:43:52,20.28,--,476,965328,买盘
1440,10:43:47,20.28,--,7,14196,买盘
1441,10:43:42,20.28,0.02,2,4056,买盘
1442,10:43:37,20.26,-0.01,43,87118,卖盘
1443,10:43:32,20.27,-0.01,101,204727,卖盘
1444,10:43:27,20.28,-0.02,515,1044420,卖盘
1445,10:43:23,20.3,0.02,50,101500,买盘
1446,10:43:17,20.28,-0.02,368,746304,卖盘
1447,10:43:12,20.3,--,153,310590,买盘
1448,10:43:07,20.3,-0.07,537,1090130,卖盘
1449,10:43:02,20.37,-0.01,2,4074,卖盘
1450,10:42:57,20.38,--,5,10190,买盘
1451,10:42:52,20.38,0.01,1,2038,买盘
1452,10:42:47,20.37,--,4,8148,卖盘
1453,10:42:42,20.37,-0.01,3,6111,卖盘
1454,10:42:37,20.38,0.04,36,73368,买盘
1455,10:42:32,20.34,--,59,122019,卖盘
1456,10:42:27,20.34,-0.03,11,22374,卖盘
1457,10:42:22,20.37,0.01,5,10185,买盘
1458,10:42:17,20.36,--,2,4072,卖盘
1459,10:42:12,20.36,0.02,1,2036,卖盘
1460,10:42:07,20.34,--,0,0,卖盘
1461,10:42:02,20.34,-0.03,35,71190,卖盘
1462,10:41:57,20.37,0.02,1,2037,买盘
1463,10:41:52,20.35,-0.02,281,571835,卖盘
1464,10:41:47,20.37,--,17,34629,卖盘
1465,10:41:42,20.37,--,6,12222,卖盘
1466,10:41:37,20.37,-0.01,27,54999,卖盘
1467,10:41:32,20.38,0.01,7,14266,买盘
1468,10:41:27,20.37,--,14,28518,卖盘
1469,10:41:07,20.37,--,5,10185,卖盘
1470,10:40:57,20.37,--,60,122220,买盘
1471,10:40:52,20.37,0.03,1,2037,买盘
1472,10:40:47,20.34,-0.03,172,349848,卖盘
1473,10:40:42,20.37,--,4,8148,买盘
1474,10:40:37,20.37,-0.05,166,339710,卖盘
1475,10:40:32,20.42,0.04,102,208284,买盘
1476,10:40:27,20.38,--,1,2038,卖盘
1477,10:40:22,20.38,-0.04,14,28532,卖盘
1478,10:40:17,20.42,0.03,27,55134,买盘
1479,10:40:12,20.39,-0.03,116,236524,卖盘
1480,10:40:07,20.42,--,25,51050,卖盘
1481,10:40:02,20.42,-0.04,156,318552,卖盘
1482,10:39:57,20.46,--,3,6138,卖盘
1483,10:39:52,20.46,0.04,39,79794,买盘
1484,10:39:47,20.42,-0.03,41,83722,卖盘
1485,10:39:37,20.45,-0.01,52,106340,卖盘
1486,10:39:31,20.46,0.01,92,188232,买盘
1487,10:39:22,20.45,-0.01,149,304705,卖盘
1488,10:39:17,20.46,--,7,14322,卖盘
1489,10:39:11,20.46,0.01,11,22506,中性盘
1490,10:39:07,20.45,--,19,38855,卖盘
1491,10:39:02,20.45,-0.01,25,51125,卖盘
1492,10:38:56,20.46,0.01,6,12276,买盘
1493,10:38:52,20.45,--,30,61350,中性盘
1494,10:38:46,20.45,0.03,36,73620,买盘
1495,10:38:37,20.42,0.02,37,75554,买盘
1496,10:38:31,20.4,--,22,44880,卖盘
1497,10:38:22,20.4,--,110,224399,买盘
1498,10:38:16,20.4,0.01,80,163200,买盘
1499,10:38:11,20.39,--,5,10195,卖盘
1500,10:38:06,20.39,--,10,20390,买盘
1501,10:38:01,20.39,0.03,124,253304,买盘
1502,10:37:46,20.36,--,47,95692,买盘
1503,10:37:41,20.36,0.01,17,34612,买盘
1504,10:37:36,20.35,-0.01,2,4070,买盘
1505,10:37:31,20.36,-0.02,5,10180,卖盘
1506,10:37:26,20.38,0.06,65,132470,买盘
1507,10:37:21,20.32,--,0,0,卖盘
1508,10:37:06,20.32,0.01,11,22352,买盘
1509,10:37:01,20.31,0.02,19,40599,买盘
1510,10:36:56,20.29,-0.02,178,363170,卖盘
1511,10:36:46,20.31,0.01,71,144201,买盘
1512,10:36:41,20.3,--,19,38570,买盘
1513,10:36:36,20.3,0.01,1,2030,买盘
1514,10:36:31,20.29,-0.01,54,109566,买盘
1515,10:36:26,20.3,0.01,50,101500,买盘
1516,10:36:16,20.29,--,2,4058,买盘
1517,10:36:11,20.29,0.01,2,4058,买盘
1518,10:36:01,20.28,--,24,48672,买盘
1519,10:35:56,20.28,0.01,2,4056,买盘
1520,10:35:46,20.27,0.02,4,8108,买盘
1521,10:35:41,20.25,-0.02,10,20250,卖盘
1522,10:35:31,20.27,0.02,3,6081,买盘
1523,10:35:26,20.25,-0.01,5,10125,买盘
1524,10:35:16,20.26,-0.01,13,26338,卖盘
1525,10:35:11,20.27,0.01,1,2027,卖盘
1526,10:35:06,20.26,0.01,15,30390,买盘
1527,10:35:01,20.25,--,0,0,卖盘
1528,10:34:56,20.25,--,10,20250,卖盘
1529,10:34:46,20.25,0.01,129,261225,买盘
1530,10:34:41,20.24,--,5,10120,买盘
1531,10:34:36,20.24,0.01,25,50599,买盘
1532,10:34:26,20.23,0.01,67,135541,买盘
1533,10:34:21,20.22,0.01,15,30330,买盘
1534,10:34:16,20.21,--,8,16168,卖盘
1535,10:34:06,20.21,-0.01,19,38399,卖盘
1536,10:33:56,20.22,0.02,16,32352,买盘
1537,10:33:51,20.2,-0.02,6,12120,卖盘
1538,10:33:46,20.22,--,0,0,中性盘
1539,10:33:41,20.22,--,68,137496,买盘
1540,10:33:36,20.22,0.02,7,14154,买盘
1541,10:33:26,20.2,--,2,4040,卖盘
1542,10:33:11,20.2,--,9,18180,卖盘
1543,10:33:05,20.2,--,0,0,卖盘
1544,10:33:01,20.2,--,123,248460,卖盘
1545,10:32:56,20.2,--,9,18180,卖盘
1546,10:32:50,20.2,-0.01,164,333279,卖盘
1547,10:32:46,20.21,--,91,183911,买盘
1548,10:32:41,20.21,-0.01,12,24272,卖盘
1549,10:32:36,20.22,--,7,14154,买盘
1550,10:32:26,20.22,0.01,8,16176,买盘
1551,10:32:16,20.21,-0.01,60,123260,卖盘
1552,10:32:11,20.22,--,36,72792,卖盘
1553,10:32:05,20.22,--,0,0,卖盘
1554,10:32:01,20.22,--,11,22242,卖盘
1555,10:31:55,20.22,--,3,6066,卖盘
1556,10:31:50,20.22,--,14,28308,卖盘
1557,10:31:46,20.22,-0.01,50,101100,卖盘
1558,10:31:40,20.23,-0.03,176,356048,卖盘
1559,10:31:35,20.26,--,1,2026,买盘
1560,10:31:31,20.26,0.05,10,20260,买盘
1561,10:31:25,20.21,--,1,2021,卖盘
1562,10:31:16,20.21,-0.07,35,70735,卖盘
1563,10:31:10,20.28,0.06,50,101400,买盘
1564,10:31:05,20.22,-0.02,26,52592,卖盘
1565,10:31:01,20.24,--,50,101199,卖盘
1566,10:30:55,20.24,--,0,0,卖盘
1567,10:30:50,20.24,--,5,12123,买盘
1568,10:30:46,20.24,--,17,34408,买盘
1569,10:30:40,20.24,-0.06,115,232780,卖盘
1570,10:30:35,20.3,--,6,12180,买盘
1571,10:30:30,20.3,0.06,50,101500,买盘
1572,10:30:25,20.24,-0.02,74,149776,卖盘
1573,10:30:20,20.26,--,0,0,中性盘
1574,10:30:16,20.26,-0.04,15,30390,卖盘
1575,10:30:10,20.3,0.02,387,785610,买盘
1576,10:30:05,20.28,--,128,259624,卖盘
1577,10:30:00,20.28,-0.01,5,10140,卖盘
1578,10:29:55,20.29,-0.01,1,2029,中性盘
1579,10:29:50,20.3,0.02,1,2030,买盘
1580,10:29:45,20.28,--,3,8071,买盘
1581,10:29:35,20.28,0.04,7,14196,买盘
1582,10:29:25,20.24,-0.05,89,182139,卖盘
1583,10:29:20,20.29,0.05,26,52754,买盘
1584,10:29:05,20.24,--,0,0,卖盘
1585,10:29:00,20.24,--,1,2023,卖盘
1586,10:28:50,20.24,--,5,10120,卖盘
1587,10:28:45,20.24,--,1,2023,卖盘
1588,10:28:40,20.24,-0.02,72,145728,卖盘
1589,10:28:35,20.26,0.04,88,178288,买盘
1590,10:28:30,20.22,--,0,0,卖盘
1591,10:28:25,20.22,-0.02,20,40440,卖盘
1592,10:28:20,20.24,0.02,74,149776,买盘
1593,10:28:10,20.22,--,102,206244,卖盘
1594,10:28:05,20.22,-0.02,12,24264,卖盘
1595,10:28:00,20.24,0.02,20,40480,买盘
1596,10:27:55,20.22,-0.01,137,277014,卖盘
1597,10:27:50,20.23,0.01,3,6069,买盘
1598,10:27:45,20.22,0.01,12,24264,买盘
1599,10:27:40,20.21,--,9,18189,卖盘
1600,10:27:35,20.21,0.01,25,50525,买盘
1601,10:27:30,20.2,--,4,8080,卖盘
1602,10:27:25,20.2,--,29,58580,卖盘
1603,10:27:20,20.2,--,66,133320,卖盘
1604,10:27:15,20.2,-0.01,102,206040,卖盘
1605,10:27:10,20.21,0.01,96,194016,买盘
1606,10:27:05,20.2,--,7,14140,卖盘
1607,10:27:00,20.2,-0.01,15,30300,卖盘
1608,10:26:55,20.21,0.01,134,270814,买盘
1609,10:26:50,20.2,-0.02,220,444400,卖盘
1610,10:26:45,20.22,--,5,10110,买盘
1611,10:26:40,20.22,-0.02,9,18238,卖盘
1612,10:26:35,20.24,0.02,31,64201,买盘
1613,10:26:30,20.22,-0.03,79,160283,卖盘
1614,10:26:25,20.25,0.01,10,20250,买盘
1615,10:26:20,20.24,0.01,6,12143,卖盘
1616,10:26:15,20.23,--,0,0,卖盘
1617,10:26:10,20.23,-0.04,13,26299,卖盘
1618,10:26:05,20.27,0.01,3,6081,买盘
1619,10:26:00,20.26,0.01,29,58754,买盘
1620,10:25:55,20.25,--,0,0,买盘
1621,10:25:50,20.25,-0.02,333,674325,卖盘
1622,10:25:45,20.27,--,12,24324,买盘
1623,10:25:40,20.27,--,423,857421,买盘
1624,10:25:35,20.27,--,44,89188,卖盘
1625,10:25:25,20.27,--,1,2027,卖盘
1626,10:25:19,20.27,0.02,27,54729,买盘
1627,10:25:15,20.25,--,13,26325,卖盘
1628,10:25:05,20.25,0.01,57,115425,买盘
1629,10:24:55,20.24,--,130,263120,卖盘
1630,10:24:50,20.24,--,44,89056,卖盘
1631,10:24:44,20.24,0.01,5,10120,卖盘
1632,10:24:40,20.23,-0.01,72,145656,卖盘
1633,10:24:34,20.24,0.02,194,394659,买盘
1634,10:24:25,20.22,0.11,5,10110,买盘
1635,10:24:19,20.11,-0.02,24,48264,卖盘
1636,10:24:14,20.13,-0.11,1,2013,中性盘
1637,10:24:10,20.24,0.02,345,698280,买盘
1638,10:24:04,20.22,--,27,54594,买盘
1639,10:23:49,20.22,--,10,20220,买盘
1640,10:23:44,20.22,--,25,50550,卖盘
1641,10:23:40,20.22,-0.01,47,95034,卖盘
1642,10:23:34,20.23,0.01,10,20230,买盘
1643,10:23:25,20.22,--,1,2022,卖盘
1644,10:23:19,20.22,0.11,18,36396,买盘
1645,10:23:10,20.11,0.01,16,32176,卖盘
1646,10:23:04,20.1,--,0,0,卖盘
1647,10:22:54,20.1,--,82,166809,卖盘
1648,10:22:49,20.1,--,7,14070,卖盘
1649,10:22:44,20.1,--,1,2010,卖盘
1650,10:22:40,20.1,-0.15,5,10050,卖盘
1651,10:22:34,20.25,0.15,237,479925,买盘
1652,10:22:29,20.1,-0.03,12,24120,买盘
1653,10:22:19,20.13,0.04,52,104676,买盘
1654,10:22:09,20.09,-0.01,55,110495,买盘
1655,10:22:04,20.1,0.04,46,92460,买盘
1656,10:21:59,20.06,-0.04,164,328984,卖盘
1657,10:21:49,20.1,--,21,42210,买盘
1658,10:21:44,20.1,-0.03,58,116600,卖盘
1659,10:21:34,20.13,0.03,7,14091,买盘
1660,10:21:29,20.1,0.04,129,261279,买盘
1661,10:21:19,20.06,--,3,6018,买盘
1662,10:21:14,20.06,--,3,6018,买盘
1663,10:21:04,20.06,--,13,26078,买盘
1664,10:20:59,20.06,0.01,35,70210,买盘
1665,10:20:49,20.05,0.01,260,523284,买盘
1666,10:20:44,20.04,0.02,65,130260,买盘
1667,10:20:39,20.02,-0.02,1,2002,卖盘
1668,10:20:34,20.04,0.01,53,106212,买盘
1669,10:20:29,20.03,--,18,36054,卖盘
1670,10:20:24,20.03,--,101,202303,买盘
1671,10:20:19,20.03,0.02,9,18027,买盘
1672,10:20:14,20.01,-0.02,16,32496,卖盘
1673,10:20:09,20.03,0.01,38,76114,买盘
1674,10:20:04,20.02,-0.01,22,44044,卖盘
1675,10:19:59,20.03,0.03,123,246369,买盘
1676,10:19:54,20.0,-0.01,23,46000,卖盘
1677,10:19:49,20.01,0.01,14,28014,中性盘
1678,10:19:44,20.0,--,38,76000,买盘
1679,10:19:39,20.0,--,64,128000,卖盘
1680,10:19:34,20.0,0.04,203,406000,买盘
1681,10:19:29,19.96,-0.04,18,35928,卖盘
1682,10:19:24,20.0,--,38,76000,买盘
1683,10:19:19,20.0,--,16,32000,买盘
1684,10:19:14,20.0,-0.05,285,570020,卖盘
1685,10:19:09,20.05,--,11,22055,买盘
1686,10:19:04,20.05,-0.01,41,82205,卖盘
1687,10:18:59,20.06,--,8,16047,卖盘
1688,10:18:49,20.06,--,1,2005,卖盘
1689,10:18:44,20.06,0.03,102,204612,买盘
1690,10:18:39,20.03,--,16,32048,卖盘
1691,10:18:34,20.03,--,13,26039,卖盘
1692,10:18:28,20.03,-0.03,25,50075,卖盘
1693,10:18:24,20.06,-0.04,50,100300,卖盘
1694,10:18:19,20.1,--,127,256174,卖盘
1695,10:18:14,20.1,0.07,874,1757845,买盘
1696,10:18:09,20.03,-0.01,18,36054,卖盘
1697,10:18:04,20.04,0.01,30,60120,买盘
1698,10:17:58,20.03,0.03,16,32048,卖盘
1699,10:17:54,20.0,--,0,0,卖盘
1700,10:17:49,20.0,--,475,951980,卖盘
1701,10:17:43,20.0,--,190,380000,卖盘
1702,10:17:38,20.0,--,3,6000,卖盘
1703,10:17:34,20.0,-0.02,239,478000,卖盘
1704,10:17:28,20.02,0.01,47,94094,买盘
1705,10:17:23,20.01,0.01,61,122061,买盘
1706,10:17:19,20.0,-0.01,37,74000,卖盘
1707,10:17:13,20.01,0.01,53,106053,买盘
1708,10:17:08,20.0,--,29,58000,卖盘
1709,10:17:04,20.0,--,16,32000,卖盘
1710,10:16:58,20.0,0.02,334,668000,买盘
1711,10:16:53,19.98,--,10,19980,卖盘
1712,10:16:49,19.98,-0.01,57,113886,卖盘
1713,10:16:43,19.99,0.11,139,277861,买盘
1714,10:16:38,19.88,-0.03,65,129220,卖盘
1715,10:16:33,19.91,0.03,102,204495,买盘
1716,10:16:28,19.88,-0.02,41,81508,卖盘
1717,10:16:23,19.9,--,9,17910,买盘
1718,10:16:18,19.9,--,165,328350,买盘
1719,10:16:13,19.9,0.03,49,97510,中性盘
1720,10:16:08,19.87,-0.05,34,67558,卖盘
1721,10:16:03,19.92,0.05,93,185933,买盘
1722,10:15:58,19.87,-0.08,412,819955,卖盘
1723,10:15:53,19.95,0.03,98,195510,买盘
1724,10:15:48,19.92,0.02,166,331349,买盘
1725,10:15:43,19.9,-0.05,328,654033,卖盘
1726,10:15:38,19.95,-0.07,244,487458,卖盘
1727,10:15:33,20.02,0.07,24,48048,买盘
1728,10:15:28,19.95,--,988,1971060,卖盘
1729,10:15:23,19.95,-0.06,68,135660,卖盘
1730,10:15:18,20.01,--,1210,2422110,买盘
1731,10:15:13,20.01,0.08,239,478239,买盘
1732,10:15:08,19.93,-0.02,33,65769,卖盘
1733,10:15:03,19.95,0.02,196,391020,中性盘
1734,10:14:58,19.93,-0.07,136,271048,卖盘
1735,10:14:53,20.0,0.08,927,1854000,买盘
1736,10:14:48,19.92,--,176,350592,卖盘
1737,10:14:43,19.92,0.01,403,802776,买盘
1738,10:14:38,19.91,--,496,987536,买盘
1739,10:14:33,19.91,--,81,161271,买盘
1740,10:14:28,19.91,-0.01,32,63712,中性盘
1741,10:14:23,19.92,--,1293,2575656,买盘
1742,10:14:18,19.92,--,16,31872,买盘
1743,10:14:13,19.92,-0.03,827,1647384,卖盘
1744,10:14:08,19.95,--,45,89775,卖盘
1745,10:14:03,19.95,-0.05,405,807975,卖盘
1746,10:13:58,20.0,--,146,292000,卖盘
1747,10:13:53,20.0,-0.06,1444,2888000,卖盘
1748,10:13:48,20.06,0.06,32,64191,买盘
1749,10:13:43,20.0,-0.01,168,336000,卖盘
1750,10:13:38,20.01,--,109,218109,卖盘
1751,10:13:33,20.01,-0.05,223,446223,卖盘
1752,10:13:27,20.06,0.01,75,150450,买盘
1753,10:13:23,20.05,-0.01,119,238595,卖盘
1754,10:13:18,20.06,--,85,170510,卖盘
1755,10:13:13,20.06,0.05,121,242725,买盘
1756,10:13:08,20.01,-0.04,285,570285,卖盘
1757,10:13:03,20.05,0.03,214,429070,卖盘
1758,10:12:58,20.02,-0.03,974,1949948,卖盘
1759,10:12:53,20.05,--,675,1353375,买盘
1760,10:12:48,20.05,0.01,2,4010,买盘
1761,10:12:43,20.04,-0.01,1264,2533056,卖盘
1762,10:12:38,20.05,--,29,58145,卖盘
1763,10:12:33,20.05,-0.05,1282,2570410,卖盘
1764,10:12:28,20.1,--,134,269340,买盘
1765,10:12:23,20.1,-0.04,1248,2509384,卖盘
1766,10:12:18,20.14,-0.02,350,704900,卖盘
1767,10:12:13,20.16,0.02,71,143136,买盘
1768,10:12:08,20.14,--,0,0,卖盘
1769,10:12:03,20.14,-0.03,15,30210,卖盘
1770,10:11:57,20.17,0.03,50,100850,中性盘
1771,10:11:53,20.14,--,83,167162,卖盘
1772,10:11:48,20.14,-0.02,89,179246,卖盘
1773,10:11:43,20.16,0.02,407,820512,买盘
1774,10:11:37,20.14,-0.05,426,857964,卖盘
1775,10:11:33,20.19,0.01,39,78741,中性盘
1776,10:11:28,20.18,0.02,4,8072,中性盘
1777,10:11:22,20.16,--,114,229824,卖盘
1778,10:11:18,20.16,0.01,28,56448,卖盘
1779,10:11:12,20.15,0.01,482,972338,买盘
1780,10:11:07,20.14,--,20,40280,买盘
1781,10:11:03,20.14,-0.03,629,1267712,卖盘
1782,10:10:57,20.17,--,0,0,卖盘
1783,10:10:52,20.17,--,48,96816,卖盘
1784,10:10:48,20.17,-0.02,10,20170,卖盘
1785,10:10:43,20.19,--,196,395724,卖盘
1786,10:10:37,20.19,--,47,94893,买盘
1787,10:10:32,20.19,--,45,90855,买盘
1788,10:10:28,20.19,-0.01,830,1675770,卖盘
1789,10:10:22,20.2,--,135,272700,买盘
1790,10:10:17,20.2,0.01,143,288860,买盘
1791,10:10:12,20.19,-0.01,127,256413,卖盘
1792,10:10:07,20.2,-0.05,168,339360,卖盘
1793,10:10:02,20.25,--,41,83025,卖盘
1794,10:09:57,20.25,0.06,3507,7102302,买盘
1795,10:09:52,20.19,0.02,167,337173,买盘
1796,10:09:47,20.17,--,34,68578,卖盘
1797,10:09:42,20.17,--,11,22187,卖盘
1798,10:09:37,20.17,-0.02,103,207751,卖盘
1799,10:09:32,20.19,0.02,2,4038,买盘
1800,10:09:28,20.17,0.02,32,64544,卖盘
1801,10:09:22,20.15,-0.02,31,62464,卖盘
1802,10:09:17,20.17,--,16,32836,买盘
1803,10:09:12,20.17,0.01,82,165394,买盘
1804,10:09:07,20.16,-0.01,54,108864,卖盘
1805,10:09:02,20.17,0.02,217,438011,买盘
1806,10:08:57,20.15,--,1,2014,卖盘
1807,10:08:52,20.15,--,22,44330,卖盘
1808,10:08:47,20.15,-0.02,13,26194,卖盘
1809,10:08:42,20.17,--,14,28238,卖盘
1810,10:08:37,20.17,-0.01,75,152888,卖盘
1811,10:08:32,20.18,--,1,2018,买盘
1812,10:08:27,20.18,-0.02,85,171530,卖盘
1813,10:08:22,20.2,--,26,52520,卖盘
1814,10:08:17,20.2,-0.01,2,4040,卖盘
1815,10:08:12,20.21,-0.01,16,32336,卖盘
1816,10:08:07,20.22,0.01,87,175914,买盘
1817,10:08:02,20.21,-0.04,39,78819,卖盘
1818,10:07:57,20.25,--,161,327442,卖盘
1819,10:07:51,20.25,--,214,433431,卖盘
1820,10:07:47,20.25,--,29,59332,卖盘
1821,10:07:42,20.25,0.04,743,1506519,买盘
1822,10:07:36,20.21,-0.02,46,92966,卖盘
1823,10:07:32,20.23,-0.01,443,896189,卖盘
1824,10:07:27,20.24,--,2,4047,买盘
1825,10:07:21,20.24,--,249,503975,卖盘
1826,10:07:17,20.24,--,63,127511,卖盘
1827,10:07:12,20.24,--,20,40480,卖盘
1828,10:07:06,20.24,--,13,26311,卖盘
1829,10:07:02,20.24,--,4,8095,卖盘
1830,10:06:57,20.24,-0.01,24,48575,卖盘
1831,10:06:52,20.25,0.02,37,74925,中性盘
1832,10:06:47,20.23,--,60,121380,卖盘
1833,10:06:42,20.23,-0.02,3,6069,卖盘
1834,10:06:36,20.25,-0.05,141,285525,中性盘
1835,10:06:32,20.3,0.03,5,10150,买盘
1836,10:06:27,20.27,-0.02,4,8108,买盘
1837,10:06:21,20.29,-0.01,14,29948,卖盘
1838,10:06:17,20.3,-0.01,655,1329650,卖盘
1839,10:06:12,20.31,-0.01,55,111705,卖盘
1840,10:06:02,20.32,0.01,17,34544,买盘
1841,10:05:47,20.31,-0.01,15,30464,卖盘
1842,10:05:42,20.32,--,45,91440,买盘
1843,10:05:36,20.32,--,21,42672,买盘
1844,10:05:32,20.32,0.01,2,4064,买盘
1845,10:05:21,20.31,--,3,6093,卖盘
1846,10:05:16,20.31,--,2,4061,卖盘
1847,10:05:12,20.31,--,3,6093,买盘
1848,10:05:06,20.31,--,0,0,中性盘
1849,10:05:01,20.31,0.01,14,28434,买盘
1850,10:04:57,20.3,--,13,26390,卖盘
1851,10:04:51,20.3,--,0,0,卖盘
1852,10:04:46,20.3,-0.01,49,99470,卖盘
1853,10:04:42,20.31,0.01,25,50775,买盘
1854,10:04:36,20.3,--,26,52780,卖盘
1855,10:04:31,20.3,--,10,20300,卖盘
1856,10:04:27,20.3,-0.01,13,26390,卖盘
1857,10:04:21,20.31,0.01,40,81240,中性盘
1858,10:04:16,20.3,-0.01,61,123830,卖盘
1859,10:04:06,20.31,0.01,39,79209,卖盘
1860,10:04:01,20.3,-0.01,15,30450,卖盘
1861,10:03:57,20.31,0.01,4,8123,买盘
1862,10:03:51,20.3,--,71,144130,卖盘
1863,10:03:46,20.3,--,26,52780,卖盘
1864,10:03:41,20.3,--,58,117740,卖盘
1865,10:03:36,20.3,--,125,253750,卖盘
1866,10:03:31,20.3,--,236,479567,买盘
1867,10:03:26,20.3,0.1,146,296380,买盘
1868,10:03:21,20.2,--,443,894860,买盘
1869,10:03:16,20.2,-0.09,476,963095,卖盘
1870,10:03:06,20.29,-0.01,18,36522,买盘
1871,10:03:01,20.3,0.01,100,203000,买盘
1872,10:02:51,20.29,--,0,0,买盘
1873,10:02:46,20.29,--,33,68945,卖盘
1874,10:02:36,20.29,--,12,24348,卖盘
1875,10:02:31,20.29,0.05,124,251636,买盘
1876,10:02:26,20.24,-0.01,33,66792,卖盘
1877,10:02:16,20.25,--,18,36450,买盘
1878,10:02:11,20.25,0.01,18,36450,买盘
1879,10:02:06,20.24,--,5,10120,卖盘
1880,10:02:01,20.24,--,50,101199,卖盘
1881,10:01:51,20.24,--,51,103223,卖盘
1882,10:01:46,20.24,--,131,265144,卖盘
1883,10:01:41,20.24,-0.02,2,4047,卖盘
1884,10:01:36,20.26,0.02,263,532838,买盘
1885,10:01:31,20.24,--,26,52623,买盘
1886,10:01:26,20.24,--,5,10120,买盘
1887,10:01:21,20.24,--,5,10120,买盘
1888,10:01:16,20.24,--,21,42504,卖盘
1889,10:01:11,20.24,-0.02,86,174064,卖盘
1890,10:01:06,20.26,0.02,59,119534,买盘
1891,10:01:00,20.24,-0.02,7,14167,卖盘
1892,10:00:56,20.26,0.02,22,44572,买盘
1893,10:00:51,20.24,0.01,23,46552,中性盘
1894,10:00:45,20.23,--,52,105196,卖盘
1895,10:00:41,20.23,-0.03,67,136734,卖盘
1896,10:00:36,20.26,0.03,1,2026,买盘
1897,10:00:30,20.23,0.03,213,432173,买盘
1898,10:00:26,20.2,--,213,430260,卖盘
1899,10:00:21,20.2,0.03,80,161600,买盘
1900,10:00:15,20.17,-0.03,155,312635,卖盘
1901,10:00:11,20.2,0.03,22,44440,买盘
1902,10:00:06,20.17,--,145,292465,买盘
1903,10:00:00,20.17,-0.01,156,314652,卖盘
1904,09:59:56,20.18,-0.02,23,46414,卖盘
1905,09:59:51,20.2,--,51,103020,卖盘
1906,09:59:45,20.2,--,170,343400,卖盘
1907,09:59:41,20.2,-0.02,284,573680,卖盘
1908,09:59:36,20.22,0.02,2,4044,买盘
1909,09:59:30,20.2,-0.02,105,212100,卖盘
1910,09:59:26,20.22,--,2,4044,买盘
1911,09:59:15,20.22,--,33,67474,卖盘
1912,09:59:11,20.22,--,64,129408,卖盘
1913,09:59:06,20.22,-0.01,355,717810,卖盘
1914,09:59:00,20.23,0.01,7,14161,买盘
1915,09:58:56,20.22,--,9,18198,卖盘
1916,09:58:51,20.22,-0.01,3,6066,卖盘
1917,09:58:45,20.23,0.01,93,189413,买盘
1918,09:58:40,20.22,0.03,13,26286,买盘
1919,09:58:36,20.19,-0.03,603,1218204,卖盘
1920,09:58:30,20.22,-0.01,70,141540,卖盘
1921,09:58:25,20.23,-0.02,2,4046,卖盘
1922,09:58:21,20.25,0.01,9,18225,中性盘
1923,09:58:15,20.24,-0.03,18,36432,卖盘
1924,09:58:11,20.27,0.01,39,79053,买盘
1925,09:58:05,20.26,--,1,2026,卖盘
1926,09:58:00,20.26,--,13,26338,卖盘
1927,09:57:55,20.26,-0.01,15,30390,卖盘
1928,09:57:50,20.27,--,10,20270,买盘
1929,09:57:45,20.27,--,0,0,中性盘
1930,09:57:40,20.27,-0.01,34,68918,卖盘
1931,09:57:35,20.28,-0.01,7,14196,卖盘
1932,09:57:30,20.29,--,0,1988,卖盘
1933,09:57:25,20.29,--,28,56812,卖盘
1934,09:57:20,20.29,-0.03,14,28406,卖盘
1935,09:57:15,20.32,0.02,7,14224,买盘
1936,09:57:10,20.3,-0.01,150,304500,卖盘
1937,09:57:00,20.31,0.01,20,40620,买盘
1938,09:56:50,20.3,--,47,95410,卖盘
1939,09:56:45,20.3,--,26,52780,卖盘
1940,09:56:40,20.3,--,108,219240,买盘
1941,09:56:35,20.3,--,26,52780,买盘
1942,09:56:30,20.3,0.01,12,24360,买盘
1943,09:56:25,20.29,0.01,121,245549,买盘
1944,09:56:20,20.28,-0.01,3,8071,卖盘
1945,09:56:15,20.29,0.01,84,170476,买盘
1946,09:56:05,20.28,0.04,66,133848,买盘
1947,09:56:00,20.24,-0.02,3,6071,卖盘
1948,09:55:55,20.26,--,143,289718,卖盘
1949,09:55:50,20.26,--,0,0,卖盘
1950,09:55:45,20.26,-0.02,17,34442,卖盘
1951,09:55:40,20.28,0.02,2,4056,买盘
1952,09:55:35,20.26,--,14,28364,卖盘
1953,09:55:30,20.26,0.02,51,103326,买盘
1954,09:55:25,20.24,--,147,297528,卖盘
1955,09:55:15,20.24,--,5,10120,卖盘
1956,09:55:10,20.24,--,29,58695,卖盘
1957,09:55:05,20.24,0.03,51,103223,买盘
1958,09:55:00,20.21,-0.02,290,586090,卖盘
1959,09:54:55,20.23,--,47,95081,卖盘
1960,09:54:45,20.23,--,12,24276,卖盘
1961,09:54:40,20.23,0.02,40,80920,买盘
1962,09:54:35,20.21,0.01,51,103071,买盘
1963,09:54:30,20.2,--,92,185840,卖盘
1964,09:54:25,20.2,-0.03,83,167660,卖盘
1965,09:54:20,20.23,--,12,24276,买盘
1966,09:54:15,20.23,--,314,635222,买盘
1967,09:54:09,20.23,-0.02,466,942718,卖盘
1968,09:54:05,20.25,0.01,9,18225,中性盘
1969,09:54:00,20.24,0.01,9,18216,中性盘
1970,09:53:54,20.23,0.03,129,260967,卖盘
1971,09:53:50,20.2,--,0,0,卖盘
1972,09:53:45,20.2,-0.01,345,696900,卖盘
1973,09:53:39,20.21,-0.09,109,220289,卖盘
1974,09:53:35,20.3,0.09,118,239540,买盘
1975,09:53:30,20.21,-0.06,341,689161,卖盘
1976,09:53:24,20.27,--,1,2027,买盘
1977,09:53:20,20.27,0.05,1,2027,买盘
1978,09:53:15,20.22,-0.05,75,151650,卖盘
1979,09:53:09,20.27,--,18,36486,卖盘
1980,09:53:05,20.27,-0.03,15,30405,卖盘
1981,09:53:00,20.3,-0.01,131,265930,卖盘
1982,09:52:54,20.31,--,2,4061,卖盘
1983,09:52:50,20.31,0.01,52,105612,买盘
1984,09:52:45,20.3,-0.02,67,136010,卖盘
1985,09:52:39,20.32,--,26,52832,买盘
1986,09:52:35,20.32,--,13,26416,买盘
1987,09:52:30,20.32,--,9,18288,买盘
1988,09:52:24,20.32,--,7,14224,买盘
1989,09:52:15,20.32,-0.02,13,26416,卖盘
1990,09:52:09,20.34,0.01,72,146448,买盘
1991,09:52:05,20.33,-0.07,51,103682,卖盘
1992,09:52:00,20.4,-0.02,1,2039,卖盘
1993,09:51:54,20.42,0.04,11,22462,买盘
1994,09:51:50,20.38,-0.02,196,399448,卖盘
1995,09:51:39,20.4,-0.02,7,14279,卖盘
1996,09:51:35,20.42,--,39,79638,卖盘
1997,09:51:30,20.42,--,29,59218,卖盘
1998,09:51:24,20.42,--,3,6126,卖盘
1999,09:51:19,20.42,0.01,27,55134,卖盘
2000,09:51:15,20.41,-0.01,107,218387,卖盘
2001,09:51:09,20.42,0.02,186,379812,买盘
2002,09:51:04,20.4,-0.01,122,248879,卖盘
2003,09:50:59,20.41,-0.01,1,2041,卖盘
2004,09:50:54,20.42,0.01,7,14294,买盘
2005,09:50:49,20.41,--,38,77558,卖盘
2006,09:50:39,20.41,-0.01,108,220428,卖盘
2007,09:50:34,20.42,-0.01,15,30630,中性盘
2008,09:50:29,20.43,0.03,2,4086,买盘
2009,09:50:24,20.4,--,10,20400,卖盘
2010,09:50:19,20.4,--,0,0,卖盘
2011,09:50:14,20.4,--,2,4079,卖盘
2012,09:50:09,20.4,-0.02,221,450839,卖盘
2013,09:50:04,20.42,0.02,9,18378,买盘
2014,09:49:49,20.4,0.02,19,38760,买盘
2015,09:49:44,20.38,--,1,2038,卖盘
2016,09:49:39,20.38,-0.02,50,101900,卖盘
2017,09:49:34,20.4,0.02,1,2039,买盘
2018,09:49:24,20.38,0.01,68,138584,买盘
2019,09:49:19,20.37,0.03,40,81480,买盘
2020,09:49:09,20.34,0.01,39,79326,买盘
2021,09:49:04,20.33,--,35,71155,买盘
2022,09:48:59,20.33,--,8,16263,买盘
2023,09:48:54,20.33,0.01,13,26428,买盘
2024,09:48:49,20.32,--,3,6096,卖盘
2025,09:48:44,20.32,--,5,10160,卖盘
2026,09:48:39,20.32,--,10,20320,买盘
2027,09:48:34,20.32,0.02,11,22352,买盘
2028,09:48:29,20.3,--,28,56840,买盘
2029,09:48:24,20.3,-0.02,7,14210,中性盘
2030,09:48:19,20.32,0.02,154,312928,买盘
2031,09:48:14,20.3,--,19,38570,卖盘
2032,09:48:09,20.3,-0.01,26,52780,卖盘
2033,09:48:04,20.31,--,21,42651,买盘
2034,09:47:54,20.31,-0.01,33,67023,卖盘
2035,09:47:49,20.32,-0.01,48,97536,卖盘
2036,09:47:44,20.33,0.01,17,34561,中性盘
2037,09:47:39,20.32,-0.01,18,36576,卖盘
2038,09:47:34,20.33,0.01,14,28461,买盘
2039,09:47:18,20.32,-0.02,18,36576,卖盘
2040,09:47:09,20.34,-0.01,1,2034,卖盘
2041,09:47:03,20.35,-0.01,501,1019535,卖盘
2042,09:46:59,20.36,--,0,0,卖盘
2043,09:46:54,20.36,--,0,0,卖盘
2044,09:46:48,20.36,-0.04,58,118088,卖盘
2045,09:46:39,20.4,--,13,26519,买盘
2046,09:46:33,20.4,--,2,4079,买盘
2047,09:46:24,20.4,0.01,25,51000,买盘
2048,09:46:18,20.39,0.03,26,53014,买盘
2049,09:46:14,20.36,-0.03,2,4072,卖盘
2050,09:46:09,20.39,-0.01,64,130496,中性盘
2051,09:46:03,20.4,--,124,252959,买盘
2052,09:45:54,20.4,0.02,20,40800,买盘
2053,09:45:48,20.38,-0.01,51,103938,卖盘
2054,09:45:44,20.39,-0.01,20,40780,卖盘
2055,09:45:39,20.4,--,53,108119,买盘
2056,09:45:33,20.4,-0.04,21,42840,卖盘
2057,09:45:29,20.44,--,5,10220,买盘
2058,09:45:24,20.44,-0.02,33,67452,卖盘
2059,09:45:18,20.46,0.02,5,10230,买盘
2060,09:45:14,20.44,-0.03,3,6132,卖盘
2061,09:45:09,20.47,--,3,6141,买盘
2062,09:45:03,20.47,0.01,2,4094,买盘
2063,09:44:59,20.46,0.07,30,61380,买盘
2064,09:44:54,20.39,-0.08,12,24468,卖盘
2065,09:44:48,20.47,0.08,10,20470,买盘
2066,09:44:44,20.39,0.01,6,12234,中性盘
2067,09:44:38,20.38,-0.09,74,150812,卖盘
2068,09:44:33,20.47,0.08,51,104397,买盘
2069,09:44:28,20.39,--,46,93794,买盘
2070,09:44:18,20.39,--,6,12234,买盘
2071,09:44:13,20.39,0.01,20,40780,买盘
2072,09:44:08,20.38,--,29,59102,卖盘
2073,09:44:03,20.38,--,38,77444,卖盘
2074,09:43:58,20.38,0.03,55,112090,买盘
2075,09:43:53,20.35,--,7,14245,买盘
2076,09:43:48,20.35,-0.03,5,10175,中性盘
2077,09:43:43,20.38,-0.1,23,46874,买盘
2078,09:43:38,20.48,0.09,40,81920,买盘
2079,09:43:33,20.39,0.01,112,228368,买盘
2080,09:43:28,20.38,--,380,774440,卖盘
2081,09:43:23,20.38,--,2,4076,卖盘
2082,09:43:13,20.38,0.05,207,421866,买盘
2083,09:43:08,20.33,--,0,0,中性盘
2084,09:43:03,20.33,--,22,44725,买盘
2085,09:42:58,20.33,0.02,48,97583,买盘
2086,09:42:53,20.31,--,17,34527,卖盘
2087,09:42:48,20.31,--,3,6093,卖盘
2088,09:42:43,20.31,--,65,132015,买盘
2089,09:42:38,20.31,0.01,132,268092,买盘
2090,09:42:33,20.3,-0.01,135,274050,卖盘
2091,09:42:28,20.31,0.09,56,113736,买盘
2092,09:42:23,20.22,0.02,8,16176,卖盘
2093,09:42:18,20.2,-0.1,284,573680,卖盘
2094,09:42:13,20.3,0.08,630,1280178,买盘
2095,09:42:08,20.22,-0.02,7,14154,卖盘
2096,09:42:03,20.24,--,40,80960,买盘
2097,09:41:58,20.24,-0.03,109,220615,卖盘
2098,09:41:48,20.27,0.02,24,48648,中性盘
2099,09:41:43,20.25,-0.05,77,155925,卖盘
2100,09:41:38,20.3,--,2,4060,买盘
2101,09:41:33,20.3,0.02,30,60900,买盘
2102,09:41:28,20.28,-0.02,81,164268,卖盘
2103,09:41:23,20.3,--,137,278110,卖盘
2104,09:41:18,20.3,--,16,32480,卖盘
2105,09:41:13,20.3,-0.03,510,1035300,卖盘
2106,09:41:08,20.33,0.02,21,42693,买盘
2107,09:41:03,20.31,-0.02,477,968786,卖盘
2108,09:40:58,20.33,0.01,20,40660,买盘
2109,09:40:53,20.32,--,3,6096,卖盘
2110,09:40:48,20.32,-0.03,21,42672,卖盘
2111,09:40:42,20.35,--,119,242165,买盘
2112,09:40:38,20.35,0.01,60,122100,买盘
2113,09:40:33,20.34,-0.01,2,4068,中性盘
2114,09:40:27,20.35,--,103,209605,卖盘
2115,09:40:23,20.35,--,146,297110,卖盘
2116,09:40:18,20.35,--,208,423280,卖盘
2117,09:40:12,20.35,--,90,183150,卖盘
2118,09:40:08,20.35,--,5,10175,卖盘
2119,09:40:03,20.35,-0.01,37,75295,卖盘
2120,09:39:57,20.36,0.01,67,136412,卖盘
2121,09:39:53,20.35,-0.01,90,183150,卖盘
2122,09:39:48,20.36,0.01,416,846976,中性盘
2123,09:39:42,20.35,-0.01,21,42735,卖盘
2124,09:39:38,20.36,-0.01,296,602656,卖盘
2125,09:39:33,20.37,--,23,46851,卖盘
2126,09:39:27,20.37,-0.01,31,63147,卖盘
2127,09:39:23,20.38,-0.01,14,28532,买盘
2128,09:39:18,20.39,--,168,342552,买盘
2129,09:39:12,20.39,0.01,67,136613,买盘
2130,09:39:08,20.38,--,9,18342,卖盘
2131,09:39:03,20.38,--,39,79482,卖盘
2132,09:38:57,20.38,-0.01,68,138584,卖盘
2133,09:38:53,20.39,--,19,39495,卖盘
2134,09:38:48,20.39,--,277,564803,卖盘
2135,09:38:42,20.39,-0.01,20,40780,卖盘
2136,09:38:38,20.4,--,19,38760,买盘
2137,09:38:33,20.4,--,5,10200,买盘
2138,09:38:27,20.4,--,112,228479,卖盘
2139,09:38:23,20.4,--,23,46920,卖盘
2140,09:38:18,20.4,-0.01,153,312120,卖盘
2141,09:38:12,20.41,-0.04,29,59189,卖盘
2142,09:38:03,20.45,0.03,35,71575,买盘
2143,09:37:57,20.42,-0.03,28,57176,中性盘
2144,09:37:53,20.45,-0.05,6,12270,买盘
2145,09:37:48,20.5,--,20,41000,买盘
2146,09:37:42,20.5,--,62,127100,买盘
2147,09:37:37,20.5,-0.01,139,284950,卖盘
2148,09:37:32,20.51,-0.02,44,90244,中性盘
2149,09:37:27,20.53,0.03,370,759610,买盘
2150,09:37:22,20.5,--,67,137350,卖盘
2151,09:37:17,20.5,--,13,26650,买盘
2152,09:37:12,20.5,0.05,138,282900,买盘
2153,09:37:07,20.45,-0.05,233,476485,卖盘
2154,09:37:02,20.5,--,108,221400,卖盘
2155,09:36:57,20.5,--,392,803600,卖盘
2156,09:36:52,20.5,0.05,98,200900,买盘
2157,09:36:47,20.45,0.05,62,126790,买盘
2158,09:36:42,20.4,-0.1,37,75480,卖盘
2159,09:36:37,20.5,0.1,219,448950,买盘
2160,09:36:32,20.4,-0.05,220,448799,卖盘
2161,09:36:27,20.45,--,13,26585,卖盘
2162,09:36:22,20.45,0.05,23,47035,中性盘
2163,09:36:17,20.4,-0.11,100,204000,卖盘
2164,09:36:12,20.51,0.11,16,32816,买盘
2165,09:36:07,20.4,0.01,2,4079,卖盘
2166,09:36:02,20.39,--,0,0,卖盘
2167,09:35:57,20.39,--,38,77482,卖盘
2168,09:35:52,20.39,--,160,327524,买盘
2169,09:35:47,20.39,--,33,67287,买盘
2170,09:35:42,20.39,--,45,91755,买盘
2171,09:35:37,20.39,0.01,531,1082709,买盘
2172,09:35:32,20.38,--,20,40760,卖盘
2173,09:35:27,20.38,0.01,23,46874,中性盘
2174,09:35:22,20.37,0.01,177,360549,中性盘
2175,09:35:17,20.36,-0.02,81,164916,卖盘
2176,09:35:12,20.38,0.02,58,118204,买盘
2177,09:35:07,20.36,0.01,119,242284,中性盘
2178,09:35:02,20.35,-0.03,75,152625,卖盘
2179,09:34:57,20.38,--,173,352574,买盘
2180,09:34:52,20.38,-0.01,28,57064,中性盘
2181,09:34:47,20.39,0.04,67,136613,买盘
2182,09:34:42,20.35,-0.05,223,453805,卖盘
2183,09:34:37,20.4,--,129,263160,买盘
2184,09:34:32,20.4,--,71,144840,买盘
2185,09:34:27,20.4,-0.16,526,1073040,卖盘
2186,09:34:22,20.56,0.06,33,67848,买盘
2187,09:34:17,20.5,--,7,14350,卖盘
2188,09:34:12,20.5,-0.02,263,539150,卖盘
2189,09:34:07,20.52,-0.03,110,225720,卖盘
2190,09:34:02,20.55,0.03,12,24660,买盘
2191,09:33:57,20.52,-0.03,22,45144,卖盘
2192,09:33:51,20.55,--,37,76035,买盘
2193,09:33:47,20.55,-0.02,51,104805,买盘
2194,09:33:42,20.57,-0.01,405,833085,中性盘
2195,09:33:36,20.58,0.03,40,82320,买盘
2196,09:33:32,20.55,-0.03,206,423330,卖盘
2197,09:33:27,20.58,0.02,34,69972,买盘
2198,09:33:21,20.56,-0.01,36,74016,卖盘
2199,09:33:17,20.57,-0.01,25,51425,卖盘
2200,09:33:12,20.58,0.02,23,47333,买盘
2201,09:33:06,20.56,0.01,136,279616,卖盘
2202,09:33:02,20.55,--,0,0,卖盘
2203,09:32:57,20.55,-0.01,198,406890,卖盘
2204,09:32:51,20.56,0.01,143,294008,中性盘
2205,09:32:47,20.55,-0.01,75,154125,卖盘
2206,09:32:42,20.56,--,30,61679,卖盘
2207,09:32:36,20.56,-0.01,16,32896,卖盘
2208,09:32:32,20.57,--,42,86394,买盘
2209,09:32:27,20.57,-0.01,96,197472,中性盘
2210,09:32:21,20.58,0.01,121,249017,买盘
2211,09:32:17,20.57,-0.01,10,20570,中性盘
2212,09:32:12,20.58,--,46,94667,卖盘
2213,09:32:06,20.58,-0.01,53,109073,卖盘
2214,09:32:02,20.59,--,21,43239,买盘
2215,09:31:57,20.59,-0.01,91,187369,卖盘
2216,09:31:51,20.6,--,89,183340,买盘
2217,09:31:47,20.6,0.02,5,10300,买盘
2218,09:31:42,20.58,0.03,71,146118,中性盘
2219,09:31:36,20.55,-0.03,25,51375,卖盘
2220,09:31:27,20.58,-0.08,65,133770,卖盘
2221,09:31:21,20.66,-0.04,9,18594,中性盘
2222,09:31:16,20.7,--,205,424350,买盘
2223,09:31:12,20.7,0.05,81,167670,买盘
2224,09:31:06,20.65,-0.05,30,61949,卖盘
2225,09:30:57,20.7,--,583,1207845,卖盘
2226,09:30:51,20.7,-0.04,23,47610,卖盘
2227,09:30:46,20.74,0.03,2,4148,买盘
2228,09:30:42,20.71,-0.02,204,422484,卖盘
2229,09:30:36,20.73,-0.06,226,468498,卖盘
2230,09:30:31,20.79,-0.01,58,120582,买盘
2231,09:30:27,20.8,--,14,29120,卖盘
2232,09:30:21,20.8,0.03,11,22880,买盘
2233,09:30:16,20.77,-0.03,3,6231,卖盘
2234,09:30:11,20.8,0.01,68,141440,买盘
2235,09:30:06,20.79,0.09,944,1962576,买盘
2236,09:28:51,20.7,--,0,0,卖盘
2237,09:25:04,20.7,20.7,782,1619775,买盘
