,time,price,change,volume,amount,type
0,15:00:00,10.03,0.01,0,0,买盘
1,15:00:00,10.02,--,0,0,卖盘
2,14:59:59,10.02,-0.01,330,330660,卖盘
3,14:59:56,10.03,--,108,108324,买盘
4,14:59:40,10.03,--,24,24072,买盘
5,14:59:35,10.03,--,5,5015,买盘
6,14:59:30,10.03,--,24,24072,买盘
7,14:59:25,10.03,--,32,32095,买盘
8,14:59:11,10.03,--,5,5015,买盘
9,14:59:05,10.03,--,99,99297,卖盘
10,14:59:00,10.03,--,35,35105,卖盘
11,14:58:51,10.03,--,89,89267,买盘
12,14:58:39,10.03,--,72,72216,买盘
13,14:58:35,10.03,0.01,64,64191,买盘
14,14:58:09,10.02,--,1,1002,卖盘
15,14:58:05,10.02,-0.01,105,105210,卖盘
16,14:58:00,10.03,0.01,3,3009,买盘
17,14:57:54,10.02,--,9,9018,卖盘
18,14:57:30,10.02,-0.01,10,10020,卖盘
19,14:57:20,10.03,--,10,10030,买盘
20,14:57:15,10.03,--,40,40120,买盘
21,14:57:09,10.03,--,1,1002,买盘
22,14:57:00,10.03,0.01,37,37111,买盘
23,14:56:50,10.02,--,4,4008,卖盘
24,14:56:45,10.02,--,3,3006,卖盘
25,14:56:39,10.02,--,52,52104,卖盘
26,14:56:35,10.02,--,21,21042,卖盘
27,14:56:24,10.02,-0.01,4,4008,卖盘
28,14:56:15,10.03,0.01,78,78234,买盘
29,14:56:00,10.02,-0.01,4,4008,卖盘
30,14:55:50,10.03,--,23,23069,买盘
31,14:55:34,10.03,0.01,142,142426,买盘
32,14:55:30,10.02,--,72,72144,卖盘
33,14:55:24,10.02,--,3,3006,卖盘
34,14:55:20,10.02,--,22,22044,卖盘
35,14:55:15,10.02,-0.01,5,5010,卖盘
36,14:55:00,10.03,0.01,86,86258,买盘
37,14:54:49,10.02,--,14,14028,卖盘
38,14:54:45,10.02,--,5,5010,卖盘
39,14:54:35,10.02,--,6,6012,卖盘
40,14:54:30,10.02,--,2,2334,卖盘
41,14:54:24,10.02,--,13,13026,卖盘
42,14:54:20,10.02,-0.01,76,76743,卖盘
43,14:54:04,10.03,--,12,12617,卖盘
44,14:54:00,10.03,--,0,581,卖盘
45,14:53:50,10.03,--,25,25666,卖盘
46,14:53:45,10.03,--,4,4011,卖盘
47,14:53:39,10.03,--,0,581,卖盘
48,14:53:35,10.03,--,5,5015,卖盘
49,14:53:30,10.03,0.01,0,581,卖盘
50,14:53:19,10.02,--,0,591,卖盘
51,14:53:15,10.02,--,3,3006,卖盘
52,14:53:09,10.02,--,0,581,卖盘
53,14:53:04,10.02,--,5,5591,卖盘
54,14:52:49,10.02,--,4,4599,卖盘
55,14:52:44,10.02,-0.02,67,67134,卖盘
56,14:52:35,10.04,0.01,38,38734,买盘
57,14:52:29,10.03,--,49,49728,卖盘
58,14:52:20,10.03,--,0,591,卖盘
59,14:52:14,10.03,0.01,393,394760,买盘
60,14:52:04,10.02,--,24,24248,卖盘
61,14:51:59,10.02,--,29,29649,卖盘
62,14:51:48,10.02,--,2,2585,卖盘
63,14:51:43,10.02,--,4,4008,卖盘
64,14:51:39,10.02,--,8,8597,卖盘
65,14:51:33,10.02,--,1,1002,卖盘
66,14:51:29,10.02,-0.01,2,2595,卖盘
67,14:51:24,10.03,--,51,51153,买盘
68,14:51:18,10.03,--,1,1584,买盘
69,14:51:14,10.03,--,7,7021,买盘
70,14:51:09,10.03,0.01,8,8605,买盘
71,14:50:59,10.02,--,2,2595,卖盘
72,14:50:48,10.02,-0.01,24,24629,卖盘
73,14:50:44,10.03,0.01,32,32095,买盘
74,14:50:39,10.02,-0.01,5,5591,卖盘
75,14:50:29,10.03,0.01,21,21654,买盘
76,14:50:24,10.02,--,4,4008,卖盘
77,14:50:18,10.02,--,0,581,卖盘
78,14:50:09,10.02,--,4,4589,卖盘
79,14:49:58,10.02,--,3,3597,卖盘
80,14:49:54,10.02,--,0,581,卖盘
81,14:49:48,10.02,--,4,4008,卖盘
82,14:49:39,10.02,-0.01,5,5010,卖盘
83,14:49:29,10.03,0.01,20,20060,买盘
84,14:49:24,10.02,--,30,30060,卖盘
85,14:49:18,10.02,-0.01,2,2004,卖盘
86,14:49:13,10.03,0.01,20,20060,买盘
87,14:49:09,10.02,--,5,5010,卖盘
88,14:48:59,10.02,--,3,3386,卖盘
89,14:48:54,10.02,--,170,170340,卖盘
90,14:48:48,10.02,--,13,13026,卖盘
91,14:48:39,10.02,-0.01,5,5010,卖盘
92,14:48:28,10.03,0.01,23,23069,买盘
93,14:48:24,10.02,-0.01,7,7394,卖盘
94,14:48:13,10.03,0.01,29,29086,买盘
95,14:48:09,10.02,--,10,10400,卖盘
96,14:48:03,10.02,--,10,10020,卖盘
97,14:47:59,10.02,-0.01,52,52104,卖盘
98,14:47:54,10.03,0.01,41,41123,买盘
99,14:47:44,10.02,--,24,24048,卖盘
100,14:47:38,10.02,-0.01,30,30440,卖盘
101,14:47:33,10.03,0.01,41,41123,买盘
102,14:47:28,10.02,--,280,280560,卖盘
103,14:47:24,10.02,--,24,24048,卖盘
104,14:47:18,10.02,-0.01,10,10020,卖盘
105,14:47:13,10.03,0.01,82,82246,买盘
106,14:47:09,10.02,--,5,5010,卖盘
107,14:47:03,10.02,--,50,50100,卖盘
108,14:46:58,10.02,--,30,30060,卖盘
109,14:46:54,10.02,--,109,109608,卖盘
110,14:46:48,10.02,--,136,136272,卖盘
111,14:46:44,10.02,--,1,1002,卖盘
112,14:46:39,10.02,-0.01,83,83166,卖盘
113,14:46:29,10.03,--,727,729391,卖盘
114,14:46:24,10.03,--,48,48144,卖盘
115,14:46:18,10.03,--,5,5015,卖盘
116,14:46:13,10.03,--,11,11033,卖盘
117,14:46:09,10.03,--,51,51153,卖盘
118,14:46:03,10.03,--,78,78234,卖盘
119,14:45:59,10.03,-0.01,5,5396,卖盘
120,14:45:54,10.04,0.01,54,54215,买盘
121,14:45:48,10.03,-0.02,27,27081,卖盘
122,14:45:43,10.05,0.02,20,20100,买盘
123,14:45:39,10.03,--,43,43129,卖盘
124,14:45:29,10.03,--,15,15044,卖盘
125,14:45:08,10.03,-0.01,105,105716,卖盘
126,14:45:03,10.04,-0.01,55,55601,卖盘
127,14:44:53,10.05,--,110,111042,买盘
128,14:44:48,10.05,--,60,60300,买盘
129,14:44:42,10.05,0.02,1,1005,买盘
130,14:44:38,10.03,--,8,8023,卖盘
131,14:44:33,10.03,-0.02,2,2387,卖盘
132,14:44:23,10.05,0.02,1,1005,中性盘
133,14:44:18,10.03,-0.03,4,4011,卖盘
134,14:44:12,10.06,0.03,1652,1661912,买盘
135,14:44:08,10.03,-0.01,5,5015,卖盘
136,14:44:03,10.04,0.02,156,156774,买盘
137,14:43:52,10.02,-0.01,4,4879,卖盘
138,14:43:48,10.03,--,126,126377,买盘
139,14:43:37,10.03,--,83,83249,买盘
140,14:43:33,10.03,0.01,35,35486,买盘
141,14:43:23,10.02,--,80,80160,卖盘
142,14:43:17,10.02,-0.01,21,21042,卖盘
143,14:43:12,10.03,--,11,11033,买盘
144,14:43:08,10.03,--,88,88264,买盘
145,14:43:03,10.03,--,103,103930,卖盘
146,14:42:48,10.03,-0.02,19,19057,卖盘
147,14:42:42,10.05,0.02,1,1005,买盘
148,14:42:38,10.03,-0.02,7,7402,卖盘
149,14:42:32,10.05,0.02,1,1005,买盘
150,14:42:22,10.03,0.01,3,3009,卖盘
151,14:42:17,10.02,-0.03,15,15030,卖盘
152,14:42:12,10.05,0.02,1,1005,买盘
153,14:42:07,10.03,-0.02,83,83449,卖盘
154,14:42:03,10.05,0.02,102,102510,买盘
155,14:41:57,10.03,-0.02,204,204612,卖盘
156,14:41:52,10.05,0.02,1,1005,买盘
157,14:41:48,10.03,-0.02,16,16047,卖盘
158,14:41:42,10.05,-0.02,1,1005,买盘
159,14:41:37,10.07,0.04,1757,1769299,买盘
160,14:41:33,10.03,-0.01,4,4924,卖盘
161,14:41:27,10.04,0.02,5,5020,买盘
162,14:41:23,10.02,--,106,106212,卖盘
163,14:41:17,10.02,-0.02,102,102204,卖盘
164,14:41:07,10.04,--,170,170680,买盘
165,14:41:03,10.04,-0.01,91,91363,买盘
166,14:40:52,10.05,-0.01,1,1005,中性盘
167,14:40:48,10.06,0.04,1768,1779583,买盘
168,14:40:42,10.02,-0.01,55,55110,卖盘
169,14:40:37,10.03,-0.01,5,5015,卖盘
170,14:40:33,10.04,0.02,1,1003,买盘
171,14:40:22,10.02,-0.02,106,106212,卖盘
172,14:40:18,10.04,0.02,141,141564,买盘
173,14:40:12,10.02,-0.02,7,7014,卖盘
174,14:40:07,10.04,--,133,133532,买盘
175,14:40:02,10.04,0.02,45,45179,买盘
176,14:39:57,10.02,--,3,3006,卖盘
177,14:39:48,10.02,-0.01,1668,1671336,卖盘
178,14:39:42,10.03,--,1,1002,买盘
179,14:39:37,10.03,0.01,108,108454,买盘
180,14:39:32,10.02,--,4,4008,卖盘
181,14:39:26,10.02,-0.01,110,110220,卖盘
182,14:39:22,10.03,0.01,113,113339,买盘
183,14:39:17,10.02,--,194,194388,卖盘
184,14:39:12,10.02,--,31,31062,卖盘
185,14:39:07,10.02,--,500,501000,卖盘
186,14:39:02,10.02,--,106,106212,卖盘
187,14:38:52,10.02,--,1658,1661316,卖盘
188,14:38:47,10.02,--,16,16032,卖盘
189,14:38:42,10.02,--,7,7014,卖盘
190,14:38:37,10.02,-0.01,4,4008,卖盘
191,14:38:32,10.03,--,52,52156,买盘
192,14:38:21,10.03,--,66,66198,买盘
193,14:38:17,10.03,--,85,85255,买盘
194,14:38:12,10.03,-0.01,5,5015,买盘
195,14:38:02,10.04,0.02,16,16063,买盘
196,14:37:57,10.02,--,66,66132,卖盘
197,14:37:47,10.02,--,19,19038,卖盘
198,14:37:42,10.02,-0.02,17,17034,卖盘
199,14:37:32,10.04,0.02,1,1003,中性盘
200,14:37:27,10.02,--,1675,1678350,卖盘
201,14:37:17,10.02,-0.01,16,16032,卖盘
202,14:37:12,10.03,0.01,1,1002,买盘
203,14:37:06,10.02,--,20,20040,卖盘
204,14:37:02,10.02,--,6,6012,卖盘
205,14:36:57,10.02,-0.01,1,1002,卖盘
206,14:36:51,10.03,0.01,1,1002,买盘
207,14:36:46,10.02,--,416,416832,卖盘
208,14:36:42,10.02,--,82,82164,卖盘
209,14:36:32,10.02,-0.01,3,3006,卖盘
210,14:36:21,10.03,--,1,1002,买盘
211,14:36:17,10.03,--,16,16047,买盘
212,14:36:12,10.03,--,50,50150,买盘
213,14:36:02,10.03,0.01,24,24072,买盘
214,14:35:57,10.02,-0.01,85,85681,卖盘
215,14:35:51,10.03,0.01,101,102115,买盘
216,14:35:47,10.02,--,19,19038,卖盘
217,14:35:32,10.02,--,78,78156,卖盘
218,14:35:16,10.02,-0.01,18,18036,卖盘
219,14:35:12,10.03,0.01,1,1002,买盘
220,14:35:06,10.02,--,12,12024,卖盘
221,14:35:01,10.02,--,54,54108,卖盘
222,14:34:56,10.02,--,343,343686,卖盘
223,14:34:47,10.02,-0.01,16,16032,卖盘
224,14:34:42,10.03,0.01,7,7021,买盘
225,14:34:36,10.02,-0.01,1,1002,卖盘
226,14:34:32,10.03,--,139,139898,卖盘
227,14:34:16,10.03,-0.01,15,15044,卖盘
228,14:34:11,10.04,0.01,2,2007,买盘
229,14:34:01,10.03,--,19,19057,卖盘
230,14:33:57,10.03,-0.01,105,105315,卖盘
231,14:33:51,10.04,--,1,1003,买盘
232,14:33:46,10.04,--,56,56223,买盘
233,14:33:41,10.04,--,1,1003,买盘
234,14:33:31,10.04,0.01,51,51203,买盘
235,14:33:27,10.03,-0.01,1,1002,卖盘
236,14:33:21,10.04,0.01,1,1003,买盘
237,14:33:16,10.03,-0.01,16,16639,卖盘
238,14:33:01,10.04,0.01,4,4015,买盘
239,14:32:56,10.03,--,0,0,卖盘
240,14:32:51,10.03,--,2,2005,卖盘
241,14:32:46,10.03,--,16,16047,卖盘
242,14:32:41,10.03,--,4,4011,卖盘
243,14:32:31,10.03,--,401,402203,卖盘
244,14:32:16,10.03,-0.02,15,15044,卖盘
245,14:32:11,10.05,0.02,3,3015,买盘
246,14:32:06,10.03,-0.02,0,932,卖盘
247,14:32:01,10.05,0.02,3,3015,买盘
248,14:31:41,10.03,-0.01,17,17051,卖盘
249,14:31:31,10.04,0.01,204,204815,买盘
250,14:31:21,10.03,--,3,3009,卖盘
251,14:31:15,10.03,-0.01,16,16047,卖盘
252,14:31:11,10.04,0.01,11,11043,买盘
253,14:31:06,10.03,--,3,3009,卖盘
254,14:31:00,10.03,-0.01,2,2005,卖盘
255,14:30:56,10.04,-0.01,14,14055,卖盘
256,14:30:50,10.05,0.01,1,1005,买盘
257,14:30:45,10.04,--,16,16063,卖盘
258,14:30:41,10.04,0.01,75,75300,中性盘
259,14:30:30,10.03,--,6,6018,卖盘
260,14:30:26,10.03,-0.02,11,11033,卖盘
261,14:30:21,10.05,--,1,1005,买盘
262,14:30:15,10.05,-0.01,41,41205,买盘
263,14:30:11,10.06,--,0,0,买盘
264,14:30:06,10.06,--,0,0,买盘
265,14:30:00,10.06,0.04,136,136816,买盘
266,14:29:51,10.02,--,5,5010,卖盘
267,14:29:44,10.02,-0.01,1667,1670334,卖盘
268,14:29:35,10.03,--,8,8023,买盘
269,14:29:30,10.03,0.01,1,1002,买盘
270,14:29:15,10.02,-0.01,17,17034,卖盘
271,14:29:10,10.03,0.01,41,41123,买盘
272,14:29:00,10.02,--,3,3006,卖盘
273,14:28:45,10.02,-0.01,16,16032,卖盘
274,14:28:40,10.03,0.01,1,1002,买盘
275,14:28:35,10.02,-0.01,126,126252,卖盘
276,14:28:30,10.03,0.01,1,1002,买盘
277,14:28:21,10.02,--,0,0,卖盘
278,14:28:15,10.02,-0.02,16,16032,卖盘
279,14:28:10,10.04,0.02,1,1003,买盘
280,14:28:00,10.02,-0.02,2,2004,卖盘
281,14:27:51,10.04,0.02,4,4015,中性盘
282,14:27:45,10.02,-0.01,15,15030,卖盘
283,14:27:41,10.03,-0.01,6,6018,卖盘
284,14:27:36,10.04,--,0,0,买盘
285,14:27:20,10.04,0.01,60,60239,中性盘
286,14:27:15,10.03,-0.02,92,92276,卖盘
287,14:27:10,10.05,0.02,56,56280,买盘
288,14:27:05,10.03,--,103,103309,卖盘
289,14:26:59,10.03,--,4,4011,卖盘
290,14:26:55,10.03,-0.01,162,163358,卖盘
291,14:26:50,10.04,0.01,1,1003,买盘
292,14:26:45,10.03,-0.02,16,16047,卖盘
293,14:26:40,10.05,--,0,0,买盘
294,14:26:30,10.05,--,1,1005,买盘
295,14:26:25,10.05,--,86,86430,买盘
296,14:26:20,10.05,0.02,31,31155,买盘
297,14:26:15,10.03,-0.02,16,16047,卖盘
298,14:26:10,10.05,0.02,1,1005,买盘
299,14:25:59,10.03,-0.02,3,3009,卖盘
300,14:25:50,10.05,0.02,3,3015,买盘
301,14:25:45,10.03,-0.02,15,15044,卖盘
302,14:25:40,10.05,--,1,1005,买盘
303,14:25:35,10.05,--,9,9045,买盘
304,14:25:30,10.05,0.02,4,4020,买盘
305,14:25:25,10.03,--,49,49147,卖盘
306,14:25:10,10.03,--,18,18054,卖盘
307,14:25:05,10.03,--,5,5015,卖盘
308,14:25:00,10.03,-0.02,2,2005,卖盘
309,14:24:50,10.05,0.02,2,2010,买盘
310,14:24:40,10.03,--,17,17051,卖盘
311,14:24:30,10.03,-0.02,0,842,卖盘
312,14:24:19,10.05,0.02,1,1005,买盘
313,14:24:15,10.03,--,17,17051,卖盘
314,14:24:05,10.03,--,2,2005,卖盘
315,14:24:00,10.03,--,4,4011,卖盘
316,14:23:54,10.03,--,0,842,卖盘
317,14:23:50,10.03,--,25,25075,卖盘
318,14:23:45,10.03,-0.02,16,16047,卖盘
319,14:23:30,10.05,0.02,1,1005,买盘
320,14:23:23,10.03,--,13,13039,卖盘
321,14:23:15,10.03,-0.02,59,59176,卖盘
322,14:23:09,10.05,--,1,1005,买盘
323,14:23:05,10.05,0.02,52,52260,买盘
324,14:23:00,10.03,--,71,71213,卖盘
325,14:22:54,10.03,--,149,149447,卖盘
326,14:22:50,10.03,-0.01,180,180540,卖盘
327,14:22:45,10.04,-0.01,97,97387,卖盘
328,14:22:39,10.05,0.01,1,1005,买盘
329,14:22:35,10.04,-0.01,72,72288,卖盘
330,14:22:29,10.05,0.01,1,1005,买盘
331,14:22:24,10.04,--,50,50199,卖盘
332,14:22:20,10.04,--,66,66264,卖盘
333,14:22:14,10.04,-0.01,26,26103,卖盘
334,14:22:08,10.05,--,1,1005,买盘
335,14:22:04,10.05,0.01,21,21105,买盘
336,14:21:59,10.04,--,3,3011,卖盘
337,14:21:49,10.04,--,21,21084,卖盘
338,14:21:44,10.04,-0.01,15,15059,卖盘
339,14:21:39,10.05,0.01,5,5025,买盘
340,14:21:29,10.04,--,147,147588,买盘
341,14:21:19,10.04,0.01,1,1003,买盘
342,14:21:14,10.03,-0.01,20,20060,卖盘
343,14:21:04,10.04,0.01,116,116463,买盘
344,14:20:59,10.03,--,8,8023,卖盘
345,14:20:54,10.03,--,0,852,卖盘
346,14:20:49,10.03,--,4,4011,卖盘
347,14:20:44,10.03,--,21,21063,卖盘
348,14:20:34,10.03,-0.01,53,53861,卖盘
349,14:20:29,10.04,--,7,7027,买盘
350,14:20:19,10.04,0.01,13,13051,买盘
351,14:20:14,10.03,--,25,25075,卖盘
352,14:20:04,10.03,-0.01,110,110330,卖盘
353,14:19:59,10.04,--,16,16063,买盘
354,14:19:54,10.04,0.01,1,1003,买盘
355,14:19:49,10.03,--,185,185555,卖盘
356,14:19:44,10.03,-0.01,63,63610,卖盘
357,14:19:39,10.04,0.01,1,1003,买盘
358,14:19:29,10.03,-0.01,11,11033,卖盘
359,14:19:24,10.04,--,31,31123,卖盘
360,14:19:19,10.04,--,19,19076,卖盘
361,14:19:14,10.04,--,100,100399,买盘
362,14:19:09,10.04,--,1,1003,买盘
363,14:19:04,10.04,--,8,8031,卖盘
364,14:18:59,10.04,-0.01,4,4015,卖盘
365,14:18:49,10.05,0.01,1,1005,买盘
366,14:18:44,10.04,-0.01,82,82328,卖盘
367,14:18:39,10.05,0.01,1,1005,买盘
368,14:18:29,10.04,--,113,113451,卖盘
369,14:18:24,10.04,-0.02,106,106423,卖盘
370,14:18:19,10.06,0.01,46,46276,买盘
371,14:18:14,10.05,-0.01,54,54270,卖盘
372,14:18:09,10.06,0.01,2,2012,买盘
373,14:18:04,10.05,--,13,13065,卖盘
374,14:17:59,10.05,--,2,2010,卖盘
375,14:17:49,10.05,--,83,83415,卖盘
376,14:17:44,10.05,--,165,165825,卖盘
377,14:17:39,10.05,--,58,58290,卖盘
378,14:17:34,10.05,--,7,7035,卖盘
379,14:17:29,10.05,-0.01,113,113565,卖盘
380,14:17:24,10.06,--,10,10060,买盘
381,14:17:19,10.06,0.02,41,41246,买盘
382,14:17:14,10.04,-0.03,58,58231,卖盘
383,14:17:09,10.07,0.03,1,1007,买盘
384,14:16:59,10.04,-0.01,3,3011,卖盘
385,14:16:54,10.05,-0.02,3,3015,卖盘
386,14:16:39,10.07,--,0,0,买盘
387,14:16:32,10.07,0.02,1652,1663564,买盘
388,14:16:29,10.05,0.01,11,11055,买盘
389,14:16:24,10.04,-0.01,3,3011,卖盘
390,14:16:14,10.05,--,11,11055,买盘
391,14:16:09,10.05,0.02,1,1005,买盘
392,14:16:03,10.03,--,19,19057,卖盘
393,14:15:59,10.03,--,28,28084,卖盘
394,14:15:44,10.03,-0.02,14,14042,卖盘
395,14:15:38,10.05,0.02,1,1005,买盘
396,14:15:28,10.03,-0.02,97,97291,卖盘
397,14:15:23,10.05,--,52,52260,买盘
398,14:15:18,10.05,--,1,1005,买盘
399,14:15:14,10.05,0.02,94,94470,买盘
400,14:15:08,10.03,-0.02,5,5015,卖盘
401,14:15:03,10.05,0.02,17,17085,买盘
402,14:14:59,10.03,-0.02,2,2005,卖盘
403,14:14:47,10.05,0.02,1,1005,买盘
404,14:14:43,10.03,-0.02,22,22066,卖盘
405,14:14:38,10.05,0.01,30,30150,买盘
406,14:14:33,10.04,-0.01,3,3011,中性盘
407,14:14:28,10.05,--,1,1005,买盘
408,14:14:18,10.05,--,1,1005,买盘
409,14:14:13,10.05,0.02,1,1005,买盘
410,14:14:08,10.03,--,3,3009,卖盘
411,14:13:58,10.03,-0.02,3,3009,卖盘
412,14:13:53,10.05,--,28,28140,买盘
413,14:13:48,10.05,0.02,1,1005,买盘
414,14:13:43,10.03,-0.02,104,104312,卖盘
415,14:13:28,10.05,0.02,6,6030,买盘
416,14:13:13,10.03,-0.02,4,4011,卖盘
417,14:13:08,10.05,0.02,1,1005,买盘
418,14:12:58,10.03,--,4,4011,卖盘
419,14:12:48,10.03,-0.02,3,3009,卖盘
420,14:12:38,10.05,--,9,9045,卖盘
421,14:12:18,10.05,0.02,18,18090,买盘
422,14:12:13,10.03,-0.02,6,6018,卖盘
423,14:12:08,10.05,0.02,52,52260,买盘
424,14:11:58,10.03,--,95,95285,卖盘
425,14:11:53,10.03,-0.03,4,4011,卖盘
426,14:11:48,10.06,--,0,0,买盘
427,14:11:43,10.06,0.01,1652,1661912,买盘
428,14:11:33,10.05,--,20,20100,买盘
429,14:11:28,10.05,--,5,5025,买盘
430,14:11:18,10.05,0.01,1,1005,买盘
431,14:11:13,10.04,--,92,92367,买盘
432,14:11:03,10.04,--,17,17068,卖盘
433,14:10:58,10.04,-0.01,7,7027,中性盘
434,14:10:48,10.05,0.02,1,1005,买盘
435,14:10:43,10.03,-0.02,52,52156,卖盘
436,14:10:38,10.05,--,2,2010,买盘
437,14:10:28,10.05,0.02,27,27135,买盘
438,14:10:12,10.03,-0.02,52,52156,卖盘
439,14:10:08,10.05,0.02,93,93465,买盘
440,14:10:03,10.03,-0.02,7,7021,卖盘
441,14:09:57,10.05,--,1,1005,买盘
442,14:09:48,10.05,0.01,51,51255,买盘
443,14:09:38,10.04,--,5,5020,买盘
444,14:09:17,10.04,--,67,67268,买盘
445,14:09:12,10.04,--,4,4015,买盘
446,14:09:08,10.04,0.01,9,9036,买盘
447,14:09:03,10.03,--,2,2005,卖盘
448,14:08:57,10.03,-0.01,3,3009,卖盘
449,14:08:47,10.04,--,51,51203,买盘
450,14:08:38,10.04,--,44,44175,卖盘
451,14:08:32,10.04,--,0,0,中性盘
452,14:08:27,10.04,--,1,1003,买盘
453,14:08:23,10.04,--,18,18072,买盘
454,14:08:17,10.04,0.01,16,16063,买盘
455,14:08:07,10.03,-0.01,2,2005,中性盘
456,14:08:02,10.04,--,22,22087,买盘
457,14:07:57,10.04,0.01,67,67268,买盘
458,14:07:47,10.03,-0.01,4,4011,卖盘
459,14:07:38,10.04,--,1,1003,买盘
460,14:07:32,10.04,0.01,2,2007,卖盘
461,14:07:26,10.03,--,109,109327,买盘
462,14:07:22,10.03,0.01,46,46138,买盘
463,14:07:12,10.02,-0.01,4,4008,卖盘
464,14:07:08,10.03,-0.03,18,18054,卖盘
465,14:07:02,10.06,--,26,26156,买盘
466,14:06:57,10.06,--,38,38228,买盘
467,14:06:52,10.06,0.03,150,150900,买盘
468,14:06:47,10.03,--,16,16047,买盘
469,14:06:37,10.03,0.02,30,30089,买盘
470,14:06:32,10.01,--,0,0,卖盘
471,14:06:27,10.01,--,1652,1654312,卖盘
472,14:06:22,10.01,-0.02,80,80080,卖盘
473,14:06:17,10.03,0.01,6,6018,买盘
474,14:06:07,10.02,0.01,1,1002,中性盘
475,14:06:02,10.01,-0.02,151,151151,卖盘
476,14:05:47,10.03,0.01,113,113339,买盘
477,14:05:32,10.02,-0.01,10,10020,卖盘
478,14:05:27,10.03,--,33,33099,买盘
479,14:05:17,10.03,--,47,47141,买盘
480,14:05:12,10.03,0.02,81,81243,买盘
481,14:05:07,10.01,--,43,43043,卖盘
482,14:05:02,10.01,-0.02,3,3003,卖盘
483,14:04:57,10.03,--,1,1002,买盘
484,14:04:47,10.03,0.02,10,10030,买盘
485,14:04:41,10.01,--,3,3003,卖盘
486,14:04:37,10.01,-0.02,34,34034,卖盘
487,14:04:32,10.03,0.01,39,39117,买盘
488,14:04:27,10.02,0.01,1,1002,中性盘
489,14:04:22,10.01,-0.02,11,11011,卖盘
490,14:04:17,10.03,0.02,141,141423,买盘
491,14:04:07,10.01,--,289,289289,卖盘
492,14:04:02,10.01,-0.02,7,7007,卖盘
493,14:03:57,10.03,0.02,5,5015,买盘
494,14:03:52,10.01,-0.02,33,33033,卖盘
495,14:03:47,10.03,0.02,79,79237,买盘
496,14:03:37,10.01,--,2,2002,卖盘
497,14:03:31,10.01,--,3,3003,卖盘
498,14:03:27,10.01,-0.02,3,3003,卖盘
499,14:03:16,10.03,--,15,15044,买盘
500,14:03:12,10.03,0.02,2,2005,买盘
501,14:03:07,10.01,--,37,37037,卖盘
502,14:03:02,10.01,-0.02,2,2002,卖盘
503,14:02:57,10.03,0.02,49,49147,买盘
504,14:02:51,10.01,-0.02,2,2002,卖盘
505,14:02:47,10.03,0.02,22,22066,买盘
506,14:02:41,10.01,--,4,4004,卖盘
507,14:02:36,10.01,-0.02,1,1001,卖盘
508,14:02:27,10.03,0.02,15,15044,买盘
509,14:02:21,10.01,-0.02,1,1001,卖盘
510,14:02:17,10.03,0.01,29,29086,买盘
511,14:02:12,10.02,0.01,5,5010,买盘
512,14:02:06,10.01,--,3,3003,卖盘
513,14:02:02,10.01,-0.01,3,3003,卖盘
514,14:01:57,10.02,-0.01,7,7014,卖盘
515,14:01:47,10.03,--,1,1002,买盘
516,14:01:26,10.03,--,72,72216,买盘
517,14:01:21,10.03,--,0,0,买盘
518,14:01:11,10.03,--,2,2005,买盘
519,14:01:02,10.03,--,52,52156,买盘
520,14:00:56,10.03,--,1,1002,买盘
521,14:00:41,10.03,0.02,1,1002,买盘
522,14:00:36,10.01,-0.02,3,3003,卖盘
523,14:00:26,10.03,--,1,1002,买盘
524,14:00:17,10.03,--,26,26078,买盘
525,14:00:11,10.03,--,0,0,买盘
526,14:00:06,10.03,--,3,3009,买盘
527,14:00:02,10.03,0.01,102,102306,买盘
528,13:59:56,10.02,0.01,16,16032,买盘
529,13:59:51,10.01,-0.02,1,1001,卖盘
530,13:59:47,10.03,--,25,25075,买盘
531,13:59:40,10.03,--,1,1002,买盘
532,13:59:32,10.03,0.01,24,24072,买盘
533,13:59:26,10.02,--,96,96192,买盘
534,13:59:17,10.02,0.01,20,20040,买盘
535,13:59:01,10.01,-0.02,3,3003,卖盘
536,13:58:56,10.03,0.02,1,1002,买盘
537,13:58:50,10.01,-0.02,4,4004,卖盘
538,13:58:46,10.03,0.02,1,1002,买盘
539,13:58:41,10.01,-0.02,889,889889,卖盘
540,13:58:26,10.03,0.02,127,127380,买盘
541,13:58:16,10.01,-0.02,60,60060,卖盘
542,13:58:11,10.03,0.02,4,4011,买盘
543,13:58:01,10.01,-0.02,5,5005,卖盘
544,13:57:56,10.03,0.01,1,1002,买盘
545,13:57:51,10.02,0.01,4,4008,卖盘
546,13:57:46,10.01,--,0,0,卖盘
547,13:57:41,10.01,-0.02,8,8008,卖盘
548,13:57:26,10.03,0.01,1,1002,买盘
549,13:57:16,10.02,-0.01,4,4008,卖盘
550,13:57:06,10.03,0.01,4,4011,买盘
551,13:57:01,10.02,-0.01,2,2004,卖盘
552,13:56:56,10.03,0.02,39,39117,买盘
553,13:56:51,10.01,-0.02,4,4004,卖盘
554,13:56:46,10.03,--,1653,1657959,买盘
555,13:56:36,10.03,--,5,5015,买盘
556,13:56:31,10.03,--,21,21063,买盘
557,13:56:26,10.03,0.01,26,26078,买盘
558,13:56:21,10.02,--,66,66132,买盘
559,13:56:16,10.02,--,118,118236,买盘
560,13:56:11,10.02,0.01,1,1002,买盘
561,13:56:01,10.01,--,3,3003,卖盘
562,13:55:56,10.01,--,36,36036,卖盘
563,13:55:50,10.01,--,2,2002,卖盘
564,13:55:41,10.01,--,149,149149,卖盘
565,13:55:36,10.01,--,12,12012,卖盘
566,13:55:30,10.01,-0.01,70,70070,卖盘
567,13:55:25,10.02,--,84,84168,买盘
568,13:55:21,10.02,0.01,25,25050,买盘
569,13:55:16,10.01,-0.01,10,10010,卖盘
570,13:55:11,10.02,0.01,130,130260,买盘
571,13:55:06,10.01,--,56,56056,卖盘
572,13:55:00,10.01,-0.01,2,2002,卖盘
573,13:54:56,10.02,--,167,167334,卖盘
574,13:54:41,10.02,-0.01,5,5010,卖盘
575,13:54:26,10.03,0.01,67,67201,买盘
576,13:54:15,10.02,-0.01,4,4008,卖盘
577,13:54:11,10.03,--,1,1002,买盘
578,13:54:05,10.03,0.01,28,28084,买盘
579,13:54:00,10.02,-0.01,5,5010,卖盘
580,13:53:56,10.03,--,39,39117,买盘
581,13:53:50,10.03,--,1,1002,买盘
582,13:53:41,10.03,--,39,39117,买盘
583,13:53:35,10.03,0.01,93,93279,买盘
584,13:53:25,10.02,-0.01,3,3006,卖盘
585,13:53:20,10.03,0.01,1,1002,买盘
586,13:53:10,10.02,--,569,570138,卖盘
587,13:53:05,10.02,--,44,44088,卖盘
588,13:52:59,10.02,-0.01,49,49098,卖盘
589,13:52:55,10.03,0.01,1,1002,买盘
590,13:52:50,10.02,--,5,5010,卖盘
591,13:52:45,10.02,--,1,1002,卖盘
592,13:52:25,10.02,-0.01,150,150300,买盘
593,13:52:20,10.03,0.02,58,58173,买盘
594,13:52:14,10.01,-0.01,5,5005,卖盘
595,13:52:10,10.02,0.01,2,2004,买盘
596,13:52:00,10.01,-0.01,12,12012,卖盘
597,13:51:55,10.02,--,1,1002,买盘
598,13:51:50,10.02,--,34,34068,买盘
599,13:51:40,10.02,0.01,1,1002,买盘
600,13:51:25,10.01,-0.01,3,3003,卖盘
601,13:51:20,10.02,--,1,1002,买盘
602,13:51:10,10.02,--,4,4408,卖盘
603,13:51:05,10.02,0.01,163,163927,买盘
604,13:51:00,10.01,-0.01,3,3003,卖盘
605,13:50:50,10.02,0.01,1,1002,买盘
606,13:50:40,10.01,-0.01,17,17017,卖盘
607,13:50:35,10.02,0.01,1,1002,买盘
608,13:50:30,10.01,-0.01,8,8008,卖盘
609,13:50:25,10.02,--,410,410820,买盘
610,13:50:20,10.02,--,1,1002,买盘
611,13:50:10,10.02,--,19,19438,卖盘
612,13:50:05,10.02,--,18,18036,卖盘
613,13:50:00,10.02,-0.01,4,4609,卖盘
614,13:49:55,10.03,0.01,87,87261,买盘
615,13:49:50,10.02,--,545,547061,买盘
616,13:49:35,10.02,0.01,132,132264,买盘
617,13:49:30,10.01,--,80,80080,卖盘
618,13:49:25,10.01,--,4,4004,卖盘
619,13:49:15,10.01,-0.01,8,8008,卖盘
620,13:49:10,10.02,--,9,9018,买盘
621,13:49:05,10.02,0.01,96,96192,买盘
622,13:49:00,10.01,-0.01,5,5005,卖盘
623,13:48:50,10.02,--,83,83166,买盘
624,13:48:45,10.02,-0.01,697,698424,卖盘
625,13:48:39,10.03,-0.01,5,5015,卖盘
626,13:48:35,10.04,--,1,1003,买盘
627,13:48:30,10.04,0.01,142,142568,买盘
628,13:48:25,10.03,0.01,16,16047,卖盘
629,13:48:15,10.02,--,3,3006,卖盘
630,13:48:05,10.02,-0.01,39,39078,卖盘
631,13:48:00,10.03,--,121,121362,卖盘
632,13:47:50,10.03,0.01,128,128383,卖盘
633,13:47:45,10.02,--,8,8016,卖盘
634,13:47:34,10.02,-0.02,140,140280,卖盘
635,13:47:29,10.04,0.02,63,63251,买盘
636,13:47:25,10.02,--,4,4008,卖盘
637,13:47:19,10.02,-0.02,120,120240,卖盘
638,13:47:14,10.04,--,157,157628,买盘
639,13:47:09,10.04,--,47,47187,买盘
640,13:47:04,10.04,0.02,78,78312,买盘
641,13:46:58,10.02,--,243,244087,卖盘
642,13:46:49,10.02,--,329,330028,买盘
643,13:46:44,10.02,--,115,115230,买盘
644,13:46:39,10.02,--,10,10020,买盘
645,13:46:29,10.02,--,51,51102,买盘
646,13:46:24,10.02,-0.01,1619,1622869,卖盘
647,13:46:14,10.03,--,1,1002,买盘
648,13:46:09,10.03,0.01,30,30089,买盘
649,13:46:05,10.02,--,129,129458,卖盘
650,13:45:59,10.02,--,53,53106,卖盘
651,13:45:49,10.02,-0.01,95,95190,卖盘
652,13:45:34,10.03,--,7,7021,买盘
653,13:45:28,10.03,0.01,41,41123,买盘
654,13:45:19,10.02,-0.01,136,136272,卖盘
655,13:45:13,10.03,--,1,1002,买盘
656,13:45:04,10.03,0.01,58,58173,买盘
657,13:44:59,10.02,--,126,126252,卖盘
658,13:44:53,10.02,-0.01,31,31062,卖盘
659,13:44:49,10.03,--,1,1002,买盘
660,13:44:44,10.03,--,15,15044,买盘
661,13:44:34,10.03,--,1,1002,买盘
662,13:44:29,10.03,--,147,147441,买盘
663,13:44:19,10.03,--,51,51153,买盘
664,13:44:13,10.03,0.01,1,1002,买盘
665,13:44:04,10.02,-0.01,24,24048,卖盘
666,13:43:59,10.03,--,266,266798,买盘
667,13:43:44,10.03,--,4,4011,买盘
668,13:43:28,10.03,0.01,1,1002,买盘
669,13:43:23,10.02,--,553,555017,卖盘
670,13:43:19,10.02,-0.01,3,3006,卖盘
671,13:43:14,10.03,--,2,2005,买盘
672,13:43:09,10.03,0.01,1,1002,买盘
673,13:42:58,10.02,-0.01,7,7014,卖盘
674,13:42:44,10.03,--,34,34102,买盘
675,13:42:38,10.03,--,114,114341,买盘
676,13:42:34,10.03,--,1,1002,买盘
677,13:42:28,10.03,0.01,1,1002,买盘
678,13:42:23,10.02,-0.01,4,4008,卖盘
679,13:42:08,10.03,0.01,10,10030,买盘
680,13:42:04,10.02,--,7,7014,卖盘
681,13:41:58,10.02,--,3,3006,卖盘
682,13:41:54,10.02,-0.01,15,15030,卖盘
683,13:41:43,10.03,0.01,101,101303,买盘
684,13:41:39,10.02,-0.01,85,85170,卖盘
685,13:41:28,10.03,--,20,20060,买盘
686,13:41:13,10.03,--,6,6018,买盘
687,13:41:08,10.03,0.01,30,30822,买盘
688,13:40:58,10.02,--,4,4008,卖盘
689,13:40:49,10.02,-0.01,23,23787,卖盘
690,13:40:44,10.03,--,18,18054,买盘
691,13:40:38,10.03,--,98,99046,买盘
692,13:40:34,10.03,0.01,23,23069,买盘
693,13:40:29,10.02,-0.01,85,85430,卖盘
694,13:40:23,10.03,-0.01,20,20802,中性盘
695,13:40:18,10.04,--,2,2007,买盘
696,13:40:13,10.04,0.02,20,20451,买盘
697,13:40:08,10.02,--,108,108216,卖盘
698,13:39:58,10.02,--,7,7014,卖盘
699,13:39:52,10.02,--,10,10390,卖盘
700,13:39:44,10.02,--,65,65130,卖盘
701,13:39:38,10.02,--,5,5010,卖盘
702,13:39:28,10.02,-0.01,66,66132,卖盘
703,13:39:23,10.03,--,49,49147,卖盘
704,13:39:13,10.03,-0.01,132,132396,卖盘
705,13:39:08,10.04,0.01,6,6023,买盘
706,13:39:02,10.03,--,288,288864,卖盘
707,13:38:59,10.03,-0.01,3,3009,卖盘
708,13:38:43,10.04,--,5,5020,买盘
709,13:38:37,10.04,0.01,9,9036,买盘
710,13:38:23,10.03,--,54,54162,卖盘
711,13:38:13,10.03,--,28,28384,卖盘
712,13:38:08,10.03,-0.01,168,168504,卖盘
713,13:37:58,10.04,--,66,66264,买盘
714,13:37:43,10.04,--,1,1003,买盘
715,13:37:23,10.04,--,1,1003,买盘
716,13:37:13,10.04,0.01,50,50199,买盘
717,13:37:08,10.03,--,56,56168,卖盘
718,13:36:58,10.03,-0.01,59,59176,卖盘
719,13:36:48,10.04,--,3,3011,买盘
720,13:36:43,10.04,0.01,46,46183,买盘
721,13:36:38,10.03,-0.01,40,40120,卖盘
722,13:36:28,10.04,--,89,89355,买盘
723,13:36:13,10.04,0.01,22,22087,买盘
724,13:36:08,10.03,-0.01,89,89267,买盘
725,13:35:58,10.04,--,27,27107,买盘
726,13:35:53,10.04,0.01,342,343367,买盘
727,13:35:43,10.03,0.01,61,61182,买盘
728,13:35:37,10.02,-0.01,148,148296,卖盘
729,13:35:33,10.03,--,46,46138,买盘
730,13:35:23,10.03,--,127,127380,买盘
731,13:35:17,10.03,0.01,108,108324,买盘
732,13:35:13,10.02,--,4,4008,卖盘
733,13:35:07,10.02,-0.01,57,57114,卖盘
734,13:35:03,10.03,0.01,29,29086,买盘
735,13:34:57,10.02,-0.01,55,55110,卖盘
736,13:34:52,10.03,--,44,44132,买盘
737,13:34:47,10.03,0.01,1,1002,买盘
738,13:34:28,10.02,-0.01,3,3006,卖盘
739,13:34:22,10.03,--,17,17051,买盘
740,13:34:17,10.03,--,24,24072,买盘
741,13:34:12,10.03,--,1,1002,买盘
742,13:34:07,10.03,0.01,1,1002,买盘
743,13:34:02,10.02,-0.01,3,3006,卖盘
744,13:33:52,10.03,0.01,1,1002,买盘
745,13:33:48,10.02,-0.01,3,3006,卖盘
746,13:33:37,10.03,0.01,1,1002,买盘
747,13:33:22,10.02,--,13,13026,卖盘
748,13:33:17,10.02,--,4,4008,卖盘
749,13:33:07,10.02,--,5,5010,卖盘
750,13:33:02,10.02,--,14,14028,卖盘
751,13:32:52,10.02,-0.01,4,4008,卖盘
752,13:32:46,10.03,0.01,1,1002,买盘
753,13:32:32,10.02,-0.01,3,3006,卖盘
754,13:32:26,10.03,--,1,1002,买盘
755,13:32:22,10.03,--,19,19057,买盘
756,13:32:16,10.03,--,1,1002,买盘
757,13:32:12,10.03,--,1,1002,买盘
758,13:32:07,10.03,0.01,13,13039,买盘
759,13:32:02,10.02,-0.01,2,2004,卖盘
760,13:31:52,10.03,--,14,14042,买盘
761,13:31:46,10.03,0.01,12,12036,买盘
762,13:31:42,10.02,--,13,13026,买盘
763,13:31:22,10.02,0.01,1,1002,中性盘
764,13:31:16,10.01,-0.01,82,82082,卖盘
765,13:31:11,10.02,--,5,5210,卖盘
766,13:31:07,10.02,--,210,210420,卖盘
767,13:31:02,10.02,-0.01,3,3006,卖盘
768,13:30:52,10.03,0.01,1,1002,买盘
769,13:30:37,10.02,--,21,21042,卖盘
770,13:30:27,10.02,--,70,70140,卖盘
771,13:30:22,10.02,-0.01,9,9018,卖盘
772,13:30:16,10.03,0.01,21,21063,买盘
773,13:30:12,10.02,--,6,6012,卖盘
774,13:30:07,10.02,--,9,9018,卖盘
775,13:30:01,10.02,--,268,268536,卖盘
776,13:29:56,10.02,-0.01,9,9018,卖盘
777,13:29:52,10.03,0.01,14,14042,买盘
778,13:29:47,10.02,-0.01,66,66132,卖盘
779,13:29:22,10.03,0.01,1,1002,买盘
780,13:29:17,10.02,-0.01,4,4008,卖盘
781,13:29:11,10.03,0.01,1,1002,买盘
782,13:29:02,10.02,-0.01,2,2004,卖盘
783,13:28:52,10.03,--,24,24072,买盘
784,13:28:47,10.03,--,1,1002,买盘
785,13:28:32,10.03,--,115,115344,买盘
786,13:28:22,10.03,--,54,54162,买盘
787,13:28:16,10.03,0.01,10,10030,买盘
788,13:28:12,10.02,--,91,91182,卖盘
789,13:28:07,10.02,-0.01,21,21042,卖盘
790,13:28:01,10.03,--,24,24072,买盘
791,13:27:52,10.03,--,15,15044,买盘
792,13:27:37,10.03,--,1,1002,买盘
793,13:27:16,10.03,--,1,1002,买盘
794,13:27:10,10.03,0.01,1,1002,买盘
795,13:27:06,10.02,--,2,2004,卖盘
796,13:27:01,10.02,-0.01,5,5010,卖盘
797,13:26:46,10.03,0.01,1,1002,买盘
798,13:26:36,10.02,--,101,101202,卖盘
799,13:26:27,10.02,-0.01,45,45090,卖盘
800,13:26:16,10.03,0.01,1,1002,买盘
801,13:26:12,10.02,--,23,23046,卖盘
802,13:26:01,10.02,-0.01,2,2004,卖盘
803,13:25:55,10.03,0.01,25,25075,买盘
804,13:25:51,10.02,0.01,147,148095,买盘
805,13:25:46,10.01,-0.01,73,73273,卖盘
806,13:25:41,10.02,0.01,148,149097,买盘
807,13:25:36,10.01,-0.01,16,16016,卖盘
808,13:25:31,10.02,--,301,301602,买盘
809,13:25:26,10.02,--,7,7014,买盘
810,13:25:16,10.02,--,21,21042,买盘
811,13:25:10,10.02,--,1,1002,买盘
812,13:25:06,10.02,0.01,2,2004,买盘
813,13:25:01,10.01,--,3,3003,卖盘
814,13:24:56,10.01,-0.01,15,15015,卖盘
815,13:24:36,10.02,0.01,1,1002,买盘
816,13:24:31,10.01,--,13,13013,卖盘
817,13:24:25,10.01,--,4,4004,卖盘
818,13:24:06,10.01,-0.01,2,2002,卖盘
819,13:24:01,10.02,0.01,12,12024,买盘
820,13:23:56,10.01,-0.01,18,18018,卖盘
821,13:23:46,10.02,--,1,1002,买盘
822,13:23:31,10.02,0.01,1,1002,买盘
823,13:23:21,10.01,-0.01,0,200,卖盘
824,13:23:16,10.02,--,1,1002,买盘
825,13:23:11,10.02,--,101,101202,买盘
826,13:23:01,10.02,--,3,3006,买盘
827,13:22:46,10.02,0.01,1,1002,买盘
828,13:22:31,10.01,-0.01,3,3003,卖盘
829,13:22:25,10.02,--,1,1002,买盘
830,13:22:16,10.02,--,32,32064,买盘
831,13:22:01,10.02,--,4,4008,买盘
832,13:21:56,10.02,--,14,14028,买盘
833,13:21:31,10.02,--,1,1002,买盘
834,13:21:26,10.02,--,1,1002,买盘
835,13:21:10,10.02,0.01,1,1002,买盘
836,13:21:06,10.01,-0.01,1,1001,卖盘
837,13:21:01,10.02,--,3,3006,买盘
838,13:20:46,10.02,--,1,1002,买盘
839,13:20:31,10.02,--,1,1002,买盘
840,13:20:20,10.02,--,1,1002,买盘
841,13:20:16,10.02,--,1,1002,买盘
842,13:20:05,10.02,0.01,1,1002,买盘
843,13:20:00,10.01,-0.01,3,3003,卖盘
844,13:19:46,10.02,--,1,1002,买盘
845,13:19:35,10.02,--,11,11022,买盘
846,13:19:30,10.02,--,20,20040,买盘
847,13:19:25,10.02,--,3,3006,买盘
848,13:19:15,10.02,--,21,21042,买盘
849,13:18:59,10.02,-0.01,137,137274,卖盘
850,13:18:55,10.03,--,1,1002,买盘
851,13:18:40,10.03,-0.01,12,12036,卖盘
852,13:18:25,10.04,--,0,0,买盘
853,13:18:10,10.04,0.03,1,1003,买盘
854,13:18:05,10.01,--,3,3003,卖盘
855,13:18:00,10.01,-0.02,116,116116,卖盘
856,13:17:55,10.03,--,23,23069,买盘
857,13:17:35,10.03,--,1,1002,买盘
858,13:17:15,10.03,0.02,1,1002,买盘
859,13:17:10,10.01,-0.02,21,21021,卖盘
860,13:17:05,10.03,0.02,1,1002,买盘
861,13:17:00,10.01,-0.02,52,52052,卖盘
862,13:16:44,10.03,0.02,1,1002,买盘
863,13:16:34,10.01,--,3,3003,卖盘
864,13:16:25,10.01,-0.02,1605,1607255,卖盘
865,13:16:15,10.03,--,1,1002,买盘
866,13:16:10,10.03,0.01,21,21063,买盘
867,13:16:00,10.02,-0.01,2,2004,卖盘
868,13:15:55,10.03,--,1,1002,买盘
869,13:15:50,10.03,--,4,4011,买盘
870,13:15:44,10.03,0.01,1,1002,买盘
871,13:15:25,10.02,--,4,4408,卖盘
872,13:15:04,10.02,--,2,2004,卖盘
873,13:14:59,10.02,--,2,2004,卖盘
874,13:14:55,10.02,-0.01,5,5010,卖盘
875,13:14:35,10.03,0.01,1,1002,买盘
876,13:14:30,10.02,--,44,44468,买盘
877,13:14:14,10.02,--,1,1002,买盘
878,13:14:10,10.02,--,6,6012,买盘
879,13:14:04,10.02,0.01,1,1002,买盘
880,13:13:59,10.01,-0.01,3,3003,卖盘
881,13:13:55,10.02,0.01,38,38076,买盘
882,13:13:49,10.01,-0.01,4,4004,卖盘
883,13:13:44,10.02,--,21,21042,买盘
884,13:13:24,10.02,-0.01,217,218055,卖盘
885,13:13:15,10.03,--,1,1002,买盘
886,13:13:10,10.03,0.01,100,100300,买盘
887,13:12:59,10.02,-0.01,2,2004,卖盘
888,13:12:54,10.03,0.01,1,1002,买盘
889,13:12:49,10.02,--,12,12354,卖盘
890,13:12:34,10.02,-0.01,4,4008,卖盘
891,13:12:25,10.03,--,1,1002,买盘
892,13:12:15,10.03,0.01,1,1002,买盘
893,13:12:04,10.02,--,3,3006,卖盘
894,13:12:00,10.02,-0.01,2,2004,卖盘
895,13:11:54,10.03,--,1,1002,买盘
896,13:11:34,10.03,--,3,3009,买盘
897,13:11:14,10.03,--,1,1002,买盘
898,13:11:09,10.03,--,3,3009,买盘
899,13:11:04,10.03,0.01,21,21063,买盘
900,13:10:59,10.02,-0.01,13,13026,卖盘
901,13:10:44,10.03,--,1,1002,买盘
902,13:10:39,10.03,0.01,114,114341,买盘
903,13:10:34,10.02,-0.01,4,4008,卖盘
904,13:10:24,10.03,--,1,1002,买盘
905,13:10:19,10.03,--,13,13039,买盘
906,13:10:13,10.03,0.01,102,102306,买盘
907,13:10:04,10.02,--,4,4008,卖盘
908,13:09:59,10.02,-0.01,3,3006,卖盘
909,13:09:54,10.03,0.01,1,1002,买盘
910,13:09:49,10.02,-0.01,13,13326,卖盘
911,13:09:44,10.03,0.01,1,1002,买盘
912,13:09:39,10.02,--,55,55110,卖盘
913,13:09:34,10.02,-0.01,3,3006,卖盘
914,13:09:24,10.03,0.01,1,1002,买盘
915,13:09:09,10.02,--,4,4008,卖盘
916,13:09:04,10.02,--,3,3006,卖盘
917,13:08:58,10.02,-0.01,2,2004,卖盘
918,13:08:54,10.03,--,1,1002,买盘
919,13:08:49,10.03,0.01,123,123368,买盘
920,13:08:39,10.02,-0.01,2,2004,卖盘
921,13:08:34,10.03,--,1,1002,买盘
922,13:08:24,10.03,-0.01,131,131693,卖盘
923,13:08:19,10.04,0.01,14,14055,买盘
924,13:08:13,10.03,--,7,7021,卖盘
925,13:08:09,10.03,--,165,166197,买盘
926,13:08:04,10.03,0.01,1,1002,买盘
927,13:07:58,10.02,--,3,3006,卖盘
928,13:07:44,10.02,-0.01,5,5010,卖盘
929,13:07:39,10.03,--,56,56468,卖盘
930,13:07:29,10.03,--,464,466094,买盘
931,13:07:24,10.03,0.01,1,1002,买盘
932,13:07:14,10.02,--,1092,1094184,卖盘
933,13:07:09,10.02,--,2,2004,卖盘
934,13:07:04,10.02,--,26,26763,卖盘
935,13:06:59,10.02,-0.01,22,22044,卖盘
936,13:06:53,10.03,--,1,1002,买盘
937,13:06:49,10.03,--,4,4052,买盘
938,13:06:43,10.03,0.01,19,19057,买盘
939,13:06:39,10.02,--,2,2004,卖盘
940,13:06:34,10.02,--,11,11022,卖盘
941,13:06:28,10.02,-0.01,4,4008,卖盘
942,13:06:24,10.03,--,1,1002,买盘
943,13:06:19,10.03,0.01,20,20060,买盘
944,13:06:08,10.02,--,2,2004,卖盘
945,13:06:04,10.02,--,187,187374,卖盘
946,13:05:57,10.02,-0.01,3,3006,卖盘
947,13:05:43,10.03,0.01,1,1002,买盘
948,13:05:38,10.02,-0.01,18,18036,卖盘
949,13:05:34,10.03,0.01,1,1002,买盘
950,13:05:28,10.02,-0.01,19,19038,卖盘
951,13:05:13,10.03,0.01,2,2005,买盘
952,13:05:09,10.02,--,2,2004,卖盘
953,13:05:03,10.02,--,5,5010,卖盘
954,13:04:58,10.02,--,117,117234,卖盘
955,13:04:53,10.02,--,365,365730,卖盘
956,13:04:43,10.02,--,50,50100,卖盘
957,13:04:38,10.02,-0.01,2,2004,卖盘
958,13:04:23,10.03,--,21,21063,买盘
959,13:04:18,10.03,--,85,85255,买盘
960,13:04:13,10.03,0.01,134,134402,买盘
961,13:04:07,10.02,-0.01,37,37374,卖盘
962,13:03:58,10.03,--,100,101002,卖盘
963,13:03:53,10.03,-0.01,91,91273,卖盘
964,13:03:32,10.04,--,1,1003,买盘
965,13:03:23,10.04,--,1,1003,买盘
966,13:03:13,10.04,0.01,1,1003,买盘
967,13:03:08,10.03,-0.01,2,2005,卖盘
968,13:03:02,10.04,--,1,1003,买盘
969,13:02:58,10.04,--,23,23091,买盘
970,13:02:53,10.04,--,100,100399,买盘
971,13:02:43,10.04,0.02,1,1003,买盘
972,13:02:38,10.02,-0.01,63,63126,卖盘
973,13:02:33,10.03,--,11,11033,买盘
974,13:02:28,10.03,0.01,102,102306,买盘
975,13:02:18,10.02,-0.01,207,207414,卖盘
976,13:02:13,10.03,--,201,201603,卖盘
977,13:02:03,10.03,--,2,2005,卖盘
978,13:01:58,10.03,-0.01,176,176528,卖盘
979,13:01:43,10.04,0.01,1,1003,买盘
980,13:01:33,10.03,--,152,152456,买盘
981,13:01:28,10.03,0.01,3,3009,卖盘
982,13:01:23,10.02,-0.01,801,802602,卖盘
983,13:01:13,10.03,-0.01,142,142426,卖盘
984,13:01:07,10.04,--,46,46183,买盘
985,13:00:52,10.04,--,1,1003,买盘
986,13:00:33,10.04,--,1,1003,买盘
987,13:00:28,10.04,--,22,22087,买盘
988,13:00:23,10.04,--,1,1003,买盘
989,13:00:13,10.04,0.01,18,18072,买盘
990,13:00:07,10.03,--,291,291873,买盘
991,13:00:03,10.03,--,3,3009,买盘
992,11:30:00,10.03,--,0,0,买盘
993,11:30:00,10.03,--,0,0,买盘
994,11:30:00,10.03,0.01,5,5015,买盘
995,11:29:59,10.02,-0.01,4,4008,卖盘
996,11:29:44,10.03,--,1,1002,买盘
997,11:29:38,10.03,--,44,44132,买盘
998,11:29:33,10.03,--,1,1002,买盘
999,11:29:18,10.03,--,41,41123,买盘
1000,11:29:14,10.03,0.01,32,32095,买盘
1001,11:29:03,10.02,--,172,172344,卖盘
1002,11:28:58,10.02,-0.01,2,2004,卖盘
1003,11:28:48,10.03,--,8,8023,买盘
1004,11:28:44,10.03,--,1,1002,买盘
1005,11:28:38,10.03,0.01,9,9027,买盘
1006,11:28:33,10.02,-0.01,2,2004,卖盘
1007,11:28:29,10.03,-0.01,10,10030,中性盘
1008,11:28:23,10.04,--,1,1003,买盘
1009,11:28:18,10.04,--,86,86343,买盘
1010,11:28:14,10.04,0.01,2,2007,买盘
1011,11:27:59,10.03,--,44,44132,买盘
1012,11:27:48,10.03,--,101,101303,卖盘
1013,11:27:44,10.03,-0.01,4,4011,卖盘
1014,11:27:33,10.04,--,80,80320,买盘
1015,11:27:23,10.04,0.01,60,60239,买盘
1016,11:27:18,10.03,--,391,392724,买盘
1017,11:27:14,10.03,--,14,14042,买盘
1018,11:27:08,10.03,--,42,42126,买盘
1019,11:27:03,10.03,0.01,385,386155,买盘
1020,11:26:59,10.02,-0.01,3,3006,卖盘
1021,11:26:48,10.03,--,52,52156,买盘
1022,11:26:33,10.03,--,1,1002,买盘
1023,11:26:12,10.03,--,2,2005,买盘
1024,11:26:03,10.03,0.02,331,331993,买盘
1025,11:25:58,10.01,-0.01,22,22022,卖盘
1026,11:25:53,10.02,--,28,28056,买盘
1027,11:25:48,10.02,0.01,20,20040,买盘
1028,11:25:43,10.01,--,11,11011,卖盘
1029,11:25:33,10.01,-0.01,1,1001,卖盘
1030,11:25:18,10.02,--,2,2004,买盘
1031,11:25:12,10.02,--,1,1002,买盘
1032,11:25:08,10.02,--,8,8016,买盘
1033,11:24:58,10.02,--,22,22044,买盘
1034,11:24:48,10.02,--,11,11022,买盘
1035,11:24:33,10.02,--,1,1002,买盘
1036,11:24:18,10.02,--,118,118236,买盘
1037,11:24:13,10.02,--,1,1002,买盘
1038,11:24:08,10.02,--,23,23046,买盘
1039,11:24:03,10.02,0.01,64,64128,买盘
1040,11:23:57,10.01,-0.01,3,3003,卖盘
1041,11:23:53,10.02,--,114,114228,买盘
1042,11:23:43,10.02,0.01,1,1002,买盘
1043,11:23:38,10.01,-0.01,4,4004,卖盘
1044,11:23:32,10.02,--,1,1002,买盘
1045,11:23:12,10.02,0.01,1,1002,买盘
1046,11:23:08,10.01,-0.01,3,3003,卖盘
1047,11:23:02,10.02,0.01,29,29058,买盘
1048,11:22:57,10.01,--,2,2002,卖盘
1049,11:22:53,10.01,-0.01,4,4004,卖盘
1050,11:22:47,10.02,--,22,22044,买盘
1051,11:22:43,10.02,0.01,1,1002,买盘
1052,11:22:38,10.01,-0.01,51,51051,卖盘
1053,11:22:23,10.02,0.01,1,1002,买盘
1054,11:22:12,10.01,-0.01,5,5005,卖盘
1055,11:21:57,10.02,--,17,17034,买盘
1056,11:21:53,10.02,--,1,1002,买盘
1057,11:21:42,10.02,0.01,1,1002,买盘
1058,11:21:38,10.01,-0.01,14,14014,卖盘
1059,11:21:23,10.02,--,1,1002,买盘
1060,11:21:02,10.02,0.01,1,1002,买盘
1061,11:20:57,10.01,-0.01,3,3003,卖盘
1062,11:20:53,10.02,--,1,1002,买盘
1063,11:20:38,10.02,--,104,104208,买盘
1064,11:20:32,10.02,--,1,1002,买盘
1065,11:20:12,10.02,--,2,2004,买盘
1066,11:20:07,10.02,--,3,3006,买盘
1067,11:20:02,10.02,0.01,22,22044,买盘
1068,11:19:57,10.01,-0.01,2,2002,卖盘
1069,11:19:47,10.02,--,15,15030,买盘
1070,11:19:42,10.02,0.01,1,1002,买盘
1071,11:19:37,10.01,-0.01,1,1001,卖盘
1072,11:19:22,10.02,0.01,11,11022,买盘
1073,11:19:17,10.01,-0.01,3,3003,卖盘
1074,11:19:12,10.02,0.01,1,1002,买盘
1075,11:18:57,10.01,-0.01,3,3003,卖盘
1076,11:18:52,10.02,--,5,5010,买盘
1077,11:18:27,10.02,--,1,1002,买盘
1078,11:18:21,10.02,--,1,1002,买盘
1079,11:18:02,10.02,0.01,1,1002,买盘
1080,11:17:57,10.01,-0.01,2,2002,卖盘
1081,11:17:42,10.02,--,1,1002,买盘
1082,11:17:36,10.02,--,20,20040,买盘
1083,11:17:27,10.02,0.01,1,1002,买盘
1084,11:17:17,10.01,-0.01,28,28028,卖盘
1085,11:17:12,10.02,--,1,1002,买盘
1086,11:17:07,10.02,--,1,1002,买盘
1087,11:16:57,10.02,0.01,83,83166,买盘
1088,11:16:47,10.01,-0.01,400,400400,卖盘
1089,11:16:42,10.02,0.01,4,4008,买盘
1090,11:16:36,10.01,-0.01,2,2002,卖盘
1091,11:16:27,10.02,0.01,114,114228,买盘
1092,11:16:22,10.01,--,95,95095,卖盘
1093,11:16:17,10.01,-0.01,10,10010,卖盘
1094,11:16:10,10.02,--,1,1002,买盘
1095,11:16:06,10.02,0.01,20,20040,买盘
1096,11:16:02,10.01,-0.01,3,3003,卖盘
1097,11:15:51,10.02,--,1,1002,买盘
1098,11:15:32,10.02,0.01,1,1002,买盘
1099,11:15:26,10.01,-0.01,2,2002,卖盘
1100,11:15:22,10.02,0.01,1,1002,买盘
1101,11:15:11,10.01,--,201,201201,卖盘
1102,11:15:07,10.01,-0.01,9,9009,卖盘
1103,11:15:02,10.02,0.01,203,203406,买盘
1104,11:14:51,10.01,-0.01,80,80080,卖盘
1105,11:14:41,10.02,--,1,1002,买盘
1106,11:14:32,10.02,--,1,1002,买盘
1107,11:14:11,10.02,0.01,10,10020,买盘
1108,11:14:02,10.01,-0.01,2,2002,卖盘
1109,11:13:51,10.02,--,1,1002,买盘
1110,11:13:47,10.02,--,4,4008,买盘
1111,11:13:41,10.02,0.01,1,1002,买盘
1112,11:13:36,10.01,--,1,1001,卖盘
1113,11:13:26,10.01,-0.01,1000,1001000,卖盘
1114,11:13:21,10.02,--,9,9018,买盘
1115,11:13:11,10.02,--,1,1002,买盘
1116,11:13:02,10.02,0.01,4,4008,买盘
1117,11:12:51,10.01,-0.01,81,81081,卖盘
1118,11:12:32,10.02,--,1,1002,买盘
1119,11:12:21,10.02,--,1,1002,买盘
1120,11:12:17,10.02,0.01,22,22044,买盘
1121,11:12:11,10.01,-0.01,151,151151,卖盘
1122,11:12:02,10.02,--,3,3006,买盘
1123,11:11:41,10.02,--,1,1002,买盘
1124,11:11:31,10.02,0.01,1,1002,买盘
1125,11:11:16,10.01,-0.01,1,1001,卖盘
1126,11:11:11,10.02,0.01,2,2004,买盘
1127,11:11:01,10.01,-0.01,2,2002,卖盘
1128,11:10:56,10.02,--,2,2004,买盘
1129,11:10:51,10.02,--,1,1002,买盘
1130,11:10:40,10.02,0.01,1,1002,买盘
1131,11:10:36,10.01,-0.01,1,1001,卖盘
1132,11:10:21,10.02,--,1,1002,买盘
1133,11:10:06,10.02,-0.01,42,42084,卖盘
1134,11:10:00,10.03,0.01,4,4011,买盘
1135,11:09:56,10.02,--,7,7014,卖盘
1136,11:09:51,10.02,--,12,12024,卖盘
1137,11:09:45,10.02,--,31,31062,卖盘
1138,11:09:40,10.02,--,13,13026,卖盘
1139,11:09:36,10.02,-0.01,10,10020,卖盘
1140,11:09:30,10.03,--,1,1002,买盘
1141,11:09:21,10.03,--,114,114341,买盘
1142,11:09:15,10.03,--,37,37111,买盘
1143,11:09:10,10.03,--,1,1002,买盘
1144,11:09:01,10.03,--,3,3009,买盘
1145,11:08:41,10.03,0.01,1,1002,买盘
1146,11:08:25,10.02,-0.01,5,5010,卖盘
1147,11:08:20,10.03,0.01,1,1002,买盘
1148,11:08:15,10.02,-0.01,1,1002,卖盘
1149,11:08:11,10.03,0.01,2,2005,买盘
1150,11:08:01,10.02,--,2,2004,卖盘
1151,11:07:55,10.02,-0.01,66,66132,卖盘
1152,11:07:50,10.03,--,1,1002,买盘
1153,11:07:41,10.03,0.01,1,1002,买盘
1154,11:07:35,10.02,-0.01,1,1002,卖盘
1155,11:07:20,10.03,--,1,1002,买盘
1156,11:07:04,10.03,--,40,40120,买盘
1157,11:07:00,10.03,--,4,4011,买盘
1158,11:06:50,10.03,--,1,1002,买盘
1159,11:06:45,10.03,--,20,20060,买盘
1160,11:06:30,10.03,--,1,1002,买盘
1161,11:06:10,10.03,--,2,2005,买盘
1162,11:06:00,10.03,--,3,3009,买盘
1163,11:05:41,10.03,--,1,1002,买盘
1164,11:05:29,10.03,0.01,1,1002,买盘
1165,11:05:20,10.02,--,21,21042,买盘
1166,11:05:11,10.02,--,1,1002,买盘
1167,11:05:00,10.02,0.01,29,29358,买盘
1168,11:04:56,10.01,-0.01,58,58058,卖盘
1169,11:04:50,10.02,--,1,1002,买盘
1170,11:04:45,10.02,-0.01,174,174348,卖盘
1171,11:04:41,10.03,0.01,1,1002,买盘
1172,11:04:35,10.02,--,1,1002,卖盘
1173,11:04:30,10.02,--,30,30060,买盘
1174,11:04:20,10.02,0.01,1,1002,买盘
1175,11:04:15,10.01,-0.01,17,17017,卖盘
1176,11:04:10,10.02,--,1,1002,买盘
1177,11:04:05,10.02,-0.01,2,2004,中性盘
1178,11:04:00,10.03,0.01,3,3009,买盘
1179,11:03:55,10.02,--,92,92184,买盘
1180,11:03:49,10.02,--,1,1002,买盘
1181,11:03:35,10.02,--,2,2004,买盘
1182,11:03:30,10.02,--,34,34068,卖盘
1183,11:03:15,10.02,-0.01,2,2004,卖盘
1184,11:03:10,10.03,0.01,1,1002,买盘
1185,11:03:00,10.02,-0.01,103,103206,卖盘
1186,11:02:40,10.03,--,1,1002,买盘
1187,11:02:30,10.03,0.01,98,98294,买盘
1188,11:02:25,10.02,-0.01,9,9018,卖盘
1189,11:02:15,10.03,--,8,8023,买盘
1190,11:02:10,10.03,0.01,33,33099,买盘
1191,11:02:00,10.02,-0.01,3,3006,卖盘
1192,11:01:55,10.03,--,0,0,买盘
1193,11:01:50,10.03,--,21,21514,买盘
1194,11:01:39,10.03,0.02,1,1002,买盘
1195,11:01:35,10.01,--,53,53053,卖盘
1196,11:01:25,10.01,-0.01,30,30030,卖盘
1197,11:01:20,10.02,--,22,22044,买盘
1198,11:01:04,10.02,--,4,4008,买盘
1199,11:00:59,10.02,--,3,3006,买盘
1200,11:00:49,10.02,--,1,1002,买盘
1201,11:00:29,10.02,--,1,1002,买盘
1202,11:00:19,10.02,--,1,1002,买盘
1203,11:00:10,10.02,0.01,2,2004,买盘
1204,10:59:59,10.01,--,3,3003,卖盘
1205,10:59:49,10.01,-0.01,5,5005,卖盘
1206,10:59:39,10.02,--,2,2004,买盘
1207,10:59:28,10.02,0.01,1,1002,买盘
1208,10:59:14,10.01,-0.01,103,103103,卖盘
1209,10:59:10,10.02,--,1,1002,买盘
1210,10:58:59,10.02,--,13,13026,买盘
1211,10:58:50,10.02,0.01,24,24048,买盘
1212,10:58:43,10.01,-0.01,3,3003,卖盘
1213,10:58:39,10.02,0.01,2,2004,买盘
1214,10:58:35,10.01,--,1,1001,卖盘
1215,10:58:20,10.01,-0.02,5,5005,卖盘
1216,10:58:13,10.03,0.02,60,60179,买盘
1217,10:57:59,10.01,-0.02,4,4004,卖盘
1218,10:57:49,10.03,0.01,36,36910,买盘
1219,10:57:29,10.02,0.01,1,1002,买盘
1220,10:57:24,10.01,--,180,180180,卖盘
1221,10:57:19,10.01,--,1000,1001000,卖盘
1222,10:57:14,10.01,-0.01,3,3003,卖盘
1223,10:57:09,10.02,0.01,32,32064,买盘
1224,10:56:58,10.01,--,3,3003,卖盘
1225,10:56:44,10.01,-0.01,4,4004,卖盘
1226,10:56:39,10.02,--,6,6012,买盘
1227,10:56:34,10.02,--,23,23046,买盘
1228,10:56:29,10.02,0.01,1,1002,买盘
1229,10:56:24,10.01,-0.01,52,52052,卖盘
1230,10:56:09,10.02,0.01,1,1002,买盘
1231,10:55:59,10.01,-0.01,3,3003,卖盘
1232,10:55:49,10.02,0.01,15,15030,买盘
1233,10:55:44,10.01,--,17,17017,卖盘
1234,10:55:39,10.01,-0.01,5,5205,卖盘
1235,10:55:34,10.02,-0.01,75,75150,卖盘
1236,10:55:29,10.03,0.01,70,70210,买盘
1237,10:55:24,10.02,-0.01,28,28056,卖盘
1238,10:55:19,10.03,0.01,1,1002,买盘
1239,10:55:14,10.02,--,3,3006,卖盘
1240,10:55:09,10.02,--,1002,1004004,卖盘
1241,10:55:04,10.02,--,49,49098,卖盘
1242,10:54:59,10.02,-0.01,3,3006,卖盘
1243,10:54:49,10.03,--,22,22066,买盘
1244,10:54:44,10.03,--,56,56168,买盘
1245,10:54:34,10.03,--,2,2005,买盘
1246,10:54:29,10.03,0.01,1,1002,买盘
1247,10:54:14,10.02,-0.01,6,6012,卖盘
1248,10:54:08,10.03,--,1,1002,买盘
1249,10:54:04,10.03,0.01,6,6018,买盘
1250,10:53:58,10.02,--,3,3006,卖盘
1251,10:53:43,10.02,--,22,22845,卖盘
1252,10:53:38,10.02,--,35,35070,卖盘
1253,10:53:33,10.02,--,453,453906,买盘
1254,10:53:28,10.02,--,1,1002,买盘
1255,10:53:13,10.02,--,10,10020,买盘
1256,10:53:08,10.02,0.01,14,14028,买盘
1257,10:52:58,10.01,-0.01,3,3003,卖盘
1258,10:52:48,10.02,0.01,22,22044,买盘
1259,10:52:38,10.01,--,3,3003,卖盘
1260,10:52:34,10.01,--,1,1001,卖盘
1261,10:52:28,10.01,-0.01,4,4004,卖盘
1262,10:52:19,10.02,0.01,1,1002,买盘
1263,10:51:58,10.01,-0.01,7,7007,卖盘
1264,10:51:48,10.02,--,1,1002,买盘
1265,10:51:43,10.02,--,15,15030,买盘
1266,10:51:33,10.02,--,0,0,买盘
1267,10:51:28,10.02,0.01,40,40080,买盘
1268,10:51:13,10.01,--,1,1001,买盘
1269,10:51:08,10.01,0.01,31,31031,买盘
1270,10:50:58,10.0,-0.01,3,3000,卖盘
1271,10:50:48,10.01,--,6,6006,卖盘
1272,10:50:43,10.01,-0.01,4,4004,卖盘
1273,10:50:38,10.02,0.01,1,1002,买盘
1274,10:50:22,10.01,--,1,1001,卖盘
1275,10:50:18,10.01,0.01,5,5005,买盘
1276,10:50:13,10.0,-0.02,48,48000,卖盘
1277,10:50:08,10.02,0.01,1,1002,买盘
1278,10:49:58,10.01,--,3,3003,卖盘
1279,10:49:48,10.01,--,13,13013,卖盘
1280,10:49:43,10.01,--,3,3003,卖盘
1281,10:49:33,10.01,--,51,51051,买盘
1282,10:49:28,10.01,--,1,1001,买盘
1283,10:49:18,10.01,--,19,19019,买盘
1284,10:49:13,10.01,0.01,1,1001,买盘
1285,10:48:58,10.0,-0.01,3,3000,卖盘
1286,10:48:53,10.01,--,11,11011,买盘
1287,10:48:43,10.01,-0.01,113,113113,卖盘
1288,10:48:38,10.02,--,1,1002,买盘
1289,10:48:28,10.02,--,1,1002,买盘
1290,10:48:18,10.02,--,20,20040,买盘
1291,10:48:13,10.02,--,21,21042,买盘
1292,10:48:08,10.02,0.01,1,1002,买盘
1293,10:48:03,10.01,--,4,4004,卖盘
1294,10:47:58,10.01,-0.01,18,18018,卖盘
1295,10:47:38,10.02,--,1,1002,买盘
1296,10:47:18,10.02,0.01,1,1002,买盘
1297,10:47:13,10.01,-0.01,3,3003,卖盘
1298,10:47:08,10.02,0.01,1,1002,买盘
1299,10:46:58,10.01,-0.01,2,2002,卖盘
1300,10:46:47,10.02,0.01,1,1002,买盘
1301,10:46:43,10.01,-0.01,3,3003,卖盘
1302,10:46:37,10.02,--,11,11022,买盘
1303,10:46:32,10.02,--,10,10020,买盘
1304,10:46:28,10.02,--,1,1002,买盘
1305,10:46:17,10.02,0.01,1,1002,买盘
1306,10:46:13,10.01,-0.01,4,4004,卖盘
1307,10:46:07,10.02,--,1,1002,买盘
1308,10:46:02,10.02,0.01,30,30060,买盘
1309,10:45:57,10.01,-0.01,3,3003,卖盘
1310,10:45:37,10.02,--,3,3006,买盘
1311,10:45:32,10.02,0.01,1,1002,买盘
1312,10:45:17,10.01,--,6,6006,卖盘
1313,10:45:12,10.01,-0.01,53,53053,卖盘
1314,10:45:07,10.02,0.01,1,1002,买盘
1315,10:44:57,10.01,--,6,6006,卖盘
1316,10:44:52,10.01,-0.01,24,24024,卖盘
1317,10:44:47,10.02,--,1,1002,买盘
1318,10:44:37,10.02,--,1,1002,买盘
1319,10:44:17,10.02,--,1,1002,买盘
1320,10:44:12,10.02,0.01,5,5010,买盘
1321,10:44:07,10.01,--,10,10010,卖盘
1322,10:43:57,10.01,-0.01,56,56056,卖盘
1323,10:43:47,10.02,0.01,1,1002,买盘
1324,10:43:42,10.01,--,3,3003,卖盘
1325,10:43:37,10.01,-0.01,1,1001,卖盘
1326,10:43:27,10.02,--,1,1002,买盘
1327,10:43:23,10.02,0.01,20,20040,买盘
1328,10:43:17,10.01,0.01,1,1001,买盘
1329,10:43:12,10.0,--,3,3000,卖盘
1330,10:43:07,10.0,--,107,107000,卖盘
1331,10:42:57,10.0,-0.01,3,3000,卖盘
1332,10:42:51,10.01,--,0,0,中性盘
1333,10:42:47,10.01,-0.01,15,15015,卖盘
1334,10:42:36,10.02,--,91,91182,买盘
1335,10:42:27,10.02,0.02,1,1002,买盘
1336,10:42:12,10.0,-0.02,121,121000,卖盘
1337,10:42:07,10.02,0.02,2,2004,买盘
1338,10:42:02,10.0,-0.01,4,4000,卖盘
1339,10:41:57,10.01,-0.01,3,3003,卖盘
1340,10:41:51,10.02,--,0,0,买盘
1341,10:41:47,10.02,0.01,15,15030,买盘
1342,10:41:42,10.01,--,8,8008,买盘
1343,10:41:37,10.01,--,2,2002,买盘
1344,10:41:32,10.01,--,22,22022,买盘
1345,10:41:27,10.01,-0.01,82,82082,卖盘
1346,10:41:22,10.02,--,0,0,买盘
1347,10:41:17,10.02,--,1,1002,买盘
1348,10:41:12,10.02,--,20,20040,买盘
1349,10:41:07,10.02,0.02,1,1002,中性盘
1350,10:41:02,10.0,--,4,4000,卖盘
1351,10:40:57,10.0,-0.03,378,378000,卖盘
1352,10:40:52,10.03,--,112,113188,买盘
1353,10:40:47,10.03,0.02,1,1002,买盘
1354,10:40:37,10.01,--,1,1001,卖盘
1355,10:40:32,10.01,-0.02,3,3003,卖盘
1356,10:40:27,10.03,--,1,1002,买盘
1357,10:40:17,10.03,0.02,1,1002,买盘
1358,10:40:12,10.01,-0.01,121,121121,卖盘
1359,10:40:07,10.02,--,104,104358,买盘
1360,10:40:01,10.02,0.01,6,6012,买盘
1361,10:39:57,10.01,--,13,13013,卖盘
1362,10:39:47,10.01,-0.01,3,3003,卖盘
1363,10:39:36,10.02,0.01,1,1002,买盘
1364,10:39:31,10.01,-0.01,120,120120,卖盘
1365,10:39:26,10.02,--,1,1002,买盘
1366,10:39:07,10.02,--,1,1002,买盘
1367,10:39:01,10.02,--,13,13026,买盘
1368,10:38:56,10.02,0.01,1,1002,买盘
1369,10:38:52,10.01,-0.01,144,144144,卖盘
1370,10:38:46,10.02,0.01,20,20040,买盘
1371,10:38:41,10.01,-0.01,121,121121,卖盘
1372,10:38:37,10.02,--,44,44088,买盘
1373,10:38:31,10.02,--,20,20040,买盘
1374,10:38:21,10.02,--,91,91182,买盘
1375,10:38:16,10.02,0.01,13,13026,买盘
1376,10:38:11,10.01,-0.01,323,323323,卖盘
1377,10:38:06,10.02,--,54,54108,买盘
1378,10:38:01,10.02,--,118,118236,买盘
1379,10:37:51,10.02,--,180,180360,买盘
1380,10:37:46,10.02,0.01,40,40080,买盘
1381,10:37:36,10.01,--,0,0,中性盘
1382,10:37:31,10.01,-0.01,10,10010,卖盘
1383,10:37:26,10.02,--,57,57114,买盘
1384,10:37:21,10.02,--,56,56112,买盘
1385,10:37:16,10.02,--,4,4008,买盘
1386,10:37:11,10.02,0.01,1,1002,买盘
1387,10:37:01,10.01,-0.01,2,2002,卖盘
1388,10:36:56,10.02,--,11,11022,买盘
1389,10:36:51,10.02,--,0,0,买盘
1390,10:36:36,10.02,--,1,1002,买盘
1391,10:36:26,10.02,0.02,1,1002,买盘
1392,10:36:21,10.0,--,165,165000,卖盘
1393,10:36:16,10.0,-0.02,148,148000,卖盘
1394,10:36:11,10.02,--,53,53106,买盘
1395,10:36:06,10.02,0.02,1,1002,买盘
1396,10:36:01,10.0,-0.01,21,21000,卖盘
1397,10:35:56,10.01,--,1,1001,买盘
1398,10:35:51,10.01,0.01,20,20020,买盘
1399,10:35:46,10.0,-0.01,3,3000,卖盘
1400,10:35:36,10.01,-0.01,44,44044,卖盘
1401,10:35:31,10.02,--,53,53106,买盘
1402,10:35:21,10.02,--,28,28056,买盘
1403,10:35:16,10.02,--,1,1002,买盘
1404,10:35:11,10.02,--,18,18036,买盘
1405,10:35:06,10.02,0.01,33,33066,买盘
1406,10:35:01,10.01,--,33,33033,卖盘
1407,10:34:51,10.01,-0.01,4,4004,卖盘
1408,10:34:46,10.02,0.01,1,1002,买盘
1409,10:34:36,10.01,-0.01,1,1001,卖盘
1410,10:34:31,10.02,--,18,18036,买盘
1411,10:34:25,10.02,--,1,1002,买盘
1412,10:34:21,10.02,0.01,34,34068,买盘
1413,10:34:15,10.01,--,139,139139,卖盘
1414,10:34:11,10.01,--,66,66066,买盘
1415,10:34:06,10.01,--,2,2002,买盘
1416,10:34:01,10.01,--,164,164164,买盘
1417,10:33:56,10.01,0.01,1,1001,买盘
1418,10:33:51,10.0,-0.01,3,3000,卖盘
1419,10:33:36,10.01,--,19,19019,买盘
1420,10:33:26,10.01,--,17,17017,卖盘
1421,10:33:21,10.01,-0.01,4,4004,卖盘
1422,10:33:16,10.02,--,0,0,买盘
1423,10:33:11,10.02,0.02,2,2004,买盘
1424,10:33:01,10.0,-0.01,2,2000,卖盘
1425,10:32:55,10.01,--,120,120120,买盘
1426,10:32:46,10.01,0.01,10,10010,买盘
1427,10:32:40,10.0,--,31,31000,卖盘
1428,10:32:25,10.0,-0.01,123,123600,卖盘
1429,10:32:16,10.01,--,5,5005,买盘
1430,10:32:10,10.01,0.01,1,1001,买盘
1431,10:32:05,10.0,-0.01,49,49000,卖盘
1432,10:32:00,10.01,--,8,8008,买盘
1433,10:31:55,10.01,--,1,1001,买盘
1434,10:31:45,10.01,0.01,24,24024,买盘
1435,10:31:40,10.0,--,0,0,卖盘
1436,10:31:34,10.0,-0.02,1,1000,卖盘
1437,10:31:25,10.02,0.02,1,1002,买盘
1438,10:31:19,10.0,-0.02,4,4000,卖盘
1439,10:31:16,10.02,--,1,1002,买盘
1440,10:31:10,10.02,0.02,1,1002,买盘
1441,10:31:00,10.0,-0.02,3,3000,卖盘
1442,10:30:55,10.02,--,1,1002,买盘
1443,10:30:49,10.02,--,0,0,买盘
1444,10:30:45,10.02,0.01,168,168336,买盘
1445,10:30:40,10.01,-0.01,1,1001,买盘
1446,10:30:35,10.02,--,0,0,买盘
1447,10:30:30,10.02,--,23,23046,买盘
1448,10:30:25,10.02,0.01,55,55110,买盘
1449,10:30:15,10.01,--,11,11011,卖盘
1450,10:30:10,10.01,-0.01,113,113113,卖盘
1451,10:30:05,10.02,0.01,1,1002,买盘
1452,10:30:00,10.01,--,2,2002,卖盘
1453,10:29:55,10.01,-0.01,4,4004,卖盘
1454,10:29:45,10.02,--,1,1002,买盘
1455,10:29:40,10.02,--,21,21042,买盘
1456,10:29:15,10.02,0.01,1,1002,买盘
1457,10:29:10,10.01,-0.01,21,21021,卖盘
1458,10:29:05,10.02,0.01,1,1002,买盘
1459,10:29:00,10.01,-0.01,2,2002,卖盘
1460,10:28:45,10.02,0.01,5,5010,买盘
1461,10:28:35,10.01,-0.01,53,53053,卖盘
1462,10:28:30,10.02,--,363,363726,买盘
1463,10:28:25,10.02,0.01,1,1002,买盘
1464,10:28:20,10.01,--,57,57857,买盘
1465,10:28:15,10.01,--,22,22222,卖盘
1466,10:28:09,10.01,--,4,4804,买盘
1467,10:28:04,10.01,--,71,71271,卖盘
1468,10:28:00,10.01,-0.01,23,23023,卖盘
1469,10:27:55,10.02,--,19,19038,买盘
1470,10:27:50,10.02,0.01,14,14028,买盘
1471,10:27:40,10.01,-0.01,6,6006,卖盘
1472,10:27:35,10.02,--,21,21042,买盘
1473,10:27:25,10.02,0.01,294,294588,买盘
1474,10:27:15,10.01,--,62,62062,卖盘
1475,10:27:10,10.01,-0.01,4,4004,卖盘
1476,10:27:05,10.02,0.01,101,101202,买盘
1477,10:27:00,10.01,-0.01,2,2002,卖盘
1478,10:26:55,10.02,0.01,1,1002,买盘
1479,10:26:40,10.01,-0.01,275,275275,卖盘
1480,10:26:35,10.02,--,1,1002,买盘
1481,10:26:30,10.02,0.01,231,231462,买盘
1482,10:26:25,10.01,-0.01,30,30030,卖盘
1483,10:26:15,10.02,--,5,5010,买盘
1484,10:26:10,10.02,--,1,1002,买盘
1485,10:26:05,10.02,0.01,1,1002,买盘
1486,10:26:00,10.01,--,6,6006,卖盘
1487,10:25:50,10.01,--,4,4004,卖盘
1488,10:25:35,10.01,--,21,21021,卖盘
1489,10:25:29,10.01,-0.01,4,4004,卖盘
1490,10:25:25,10.02,--,1,1002,买盘
1491,10:25:19,10.02,0.01,1,1002,买盘
1492,10:25:04,10.01,--,3,3003,卖盘
1493,10:24:59,10.01,-0.01,3,3003,卖盘
1494,10:24:55,10.02,--,1,1002,买盘
1495,10:24:49,10.02,--,18,18036,买盘
1496,10:24:34,10.02,--,8,8817,买盘
1497,10:24:24,10.02,--,1,1002,买盘
1498,10:24:14,10.02,--,20,20040,买盘
1499,10:24:10,10.02,--,1,1002,买盘
1500,10:24:04,10.02,0.01,21,21042,买盘
1501,10:23:59,10.01,-0.01,2,2002,卖盘
1502,10:23:49,10.02,--,1,1002,买盘
1503,10:23:34,10.02,0.01,1,1002,买盘
1504,10:23:24,10.01,-0.01,224,224224,卖盘
1505,10:23:19,10.02,0.01,57,57114,买盘
1506,10:23:14,10.01,-0.01,4,4004,卖盘
1507,10:23:04,10.02,0.01,182,182364,买盘
1508,10:22:58,10.01,-0.01,2,2002,卖盘
1509,10:22:54,10.02,--,4,4008,买盘
1510,10:22:49,10.02,0.02,29,29058,买盘
1511,10:22:44,10.0,-0.02,220,220000,卖盘
1512,10:22:39,10.02,0.01,25,25050,买盘
1513,10:22:34,10.01,-0.01,1,1001,卖盘
1514,10:22:28,10.02,--,53,53106,买盘
1515,10:22:24,10.02,--,1,1002,买盘
1516,10:22:19,10.02,0.02,35,35070,买盘
1517,10:22:14,10.0,-0.01,8,8000,卖盘
1518,10:22:09,10.01,--,72,72072,买盘
1519,10:22:04,10.01,--,47,47047,买盘
1520,10:21:59,10.01,--,95,95095,买盘
1521,10:21:54,10.01,0.01,141,141141,买盘
1522,10:21:49,10.0,0.01,5,5000,买盘
1523,10:21:44,9.99,-0.01,21,20979,卖盘
1524,10:21:39,10.0,--,33,33000,买盘
1525,10:21:33,10.0,--,19,19000,买盘
1526,10:21:24,10.0,--,150,150000,买盘
1527,10:21:19,10.0,--,160,160000,买盘
1528,10:21:09,10.0,--,110,110000,买盘
1529,10:21:04,10.0,--,1,1600,买盘
1530,10:20:59,10.0,--,12,12000,买盘
1531,10:20:48,10.0,--,1,1000,买盘
1532,10:20:44,10.0,--,53,53000,买盘
1533,10:20:39,10.0,--,16,16000,买盘
1534,10:20:34,10.0,--,11,11000,买盘
1535,10:20:29,10.0,--,30,30000,买盘
1536,10:20:19,10.0,--,150,150000,买盘
1537,10:20:09,10.0,0.01,101,101000,买盘
1538,10:19:59,9.99,-0.01,20,19980,卖盘
1539,10:19:54,10.0,0.01,1,1000,买盘
1540,10:19:49,9.99,-0.01,4,3996,卖盘
1541,10:19:44,10.0,--,19,19000,买盘
1542,10:19:39,10.0,0.01,33,33000,买盘
1543,10:19:34,9.99,--,11,10989,卖盘
1544,10:19:29,9.99,-0.01,5,4995,卖盘
1545,10:19:24,10.0,--,1,1000,买盘
1546,10:19:19,10.0,--,175,175000,买盘
1547,10:19:09,10.0,-0.01,587,587000,卖盘
1548,10:19:04,10.01,--,32,32032,买盘
1549,10:18:59,10.01,0.01,21,21021,买盘
1550,10:18:49,10.0,-0.01,320,320000,卖盘
1551,10:18:37,10.01,--,13,13013,买盘
1552,10:18:34,10.01,0.02,1,1001,买盘
1553,10:18:28,9.99,-0.02,296,295704,卖盘
1554,10:18:19,10.01,--,37,37037,买盘
1555,10:18:04,10.01,0.01,71,71071,买盘
1556,10:17:58,10.0,-0.01,2,2000,卖盘
1557,10:17:53,10.01,0.01,53,53053,买盘
1558,10:17:49,10.0,-0.01,10,10000,卖盘
1559,10:17:43,10.01,--,396,396396,买盘
1560,10:17:33,10.01,--,1025,1026025,买盘
1561,10:17:19,10.01,--,47,47047,买盘
1562,10:17:13,10.01,--,7,7007,买盘
1563,10:17:03,10.01,0.01,41,41041,买盘
1564,10:16:58,10.0,--,54,54000,卖盘
1565,10:16:53,10.0,-0.01,1,1000,卖盘
1566,10:16:48,10.01,--,1,1001,买盘
1567,10:16:43,10.01,--,221,221221,买盘
1568,10:16:38,10.01,0.01,53,53053,买盘
1569,10:16:33,10.0,-0.01,28,28000,卖盘
1570,10:16:28,10.01,0.01,17,17017,买盘
1571,10:16:18,10.0,-0.01,74,74000,卖盘
1572,10:16:13,10.01,--,230,230230,买盘
1573,10:16:03,10.01,0.01,166,166166,买盘
1574,10:15:58,10.0,--,15,15000,卖盘
1575,10:15:53,10.0,-0.01,30,30000,卖盘
1576,10:15:48,10.01,--,63,63063,买盘
1577,10:15:43,10.01,--,105,105105,买盘
1578,10:15:38,10.01,--,12,12012,买盘
1579,10:15:33,10.01,--,119,119119,买盘
1580,10:15:28,10.01,--,15,15015,买盘
1581,10:15:18,10.01,--,12,12012,买盘
1582,10:15:12,10.01,--,1,1001,买盘
1583,10:15:08,10.01,--,69,69069,买盘
1584,10:15:03,10.01,--,141,141141,买盘
1585,10:14:58,10.01,--,47,47047,买盘
1586,10:14:53,10.01,0.01,14,14014,买盘
1587,10:14:48,10.0,-0.01,50,50000,卖盘
1588,10:14:43,10.01,--,1,1001,买盘
1589,10:14:33,10.01,0.01,1,1001,买盘
1590,10:14:18,10.0,-0.01,1,1000,卖盘
1591,10:14:12,10.01,0.01,6,6006,买盘
1592,10:14:08,10.0,-0.01,376,376000,卖盘
1593,10:14:03,10.01,0.01,11,11011,买盘
1594,10:13:57,10.0,--,3,3000,卖盘
1595,10:13:53,10.0,--,8,8000,卖盘
1596,10:13:48,10.0,-0.01,238,238000,卖盘
1597,10:13:43,10.01,--,1,1001,买盘
1598,10:13:38,10.01,0.01,10,10010,买盘
1599,10:13:33,10.0,-0.01,32,32000,卖盘
1600,10:13:27,10.01,--,1,1001,买盘
1601,10:13:23,10.01,--,43,43493,卖盘
1602,10:13:18,10.01,-0.01,65,65065,卖盘
1603,10:13:13,10.02,--,289,289578,买盘
1604,10:13:08,10.02,0.01,11,11022,买盘
1605,10:13:03,10.01,--,56,56056,卖盘
1606,10:12:58,10.01,--,205,205205,卖盘
1607,10:12:48,10.01,--,68,68068,卖盘
1608,10:12:42,10.01,-0.01,32,32032,卖盘
1609,10:12:38,10.02,0.01,1,1002,买盘
1610,10:12:33,10.01,-0.01,111,111111,卖盘
1611,10:12:27,10.02,0.01,1,1002,买盘
1612,10:12:18,10.01,--,50,50050,卖盘
1613,10:12:13,10.01,--,15,15015,卖盘
1614,10:12:07,10.01,--,121,121121,卖盘
1615,10:11:57,10.01,-0.01,2,2002,卖盘
1616,10:11:48,10.02,--,221,221442,买盘
1617,10:11:43,10.02,--,1,1002,买盘
1618,10:11:37,10.02,0.01,1,1002,买盘
1619,10:11:32,10.01,-0.01,2,2002,卖盘
1620,10:11:17,10.02,--,10,10020,买盘
1621,10:11:12,10.02,--,22,22044,买盘
1622,10:11:06,10.02,0.01,1,1002,买盘
1623,10:10:57,10.01,-0.01,3,3003,卖盘
1624,10:10:42,10.02,0.01,1,1002,买盘
1625,10:10:37,10.01,-0.01,1,1001,卖盘
1626,10:10:27,10.02,--,58,58116,买盘
1627,10:10:12,10.02,0.01,1,1002,买盘
1628,10:09:57,10.01,-0.01,23,23023,卖盘
1629,10:09:52,10.02,--,52,52104,买盘
1630,10:09:37,10.02,--,1,1002,买盘
1631,10:09:27,10.02,--,12,12024,买盘
1632,10:09:22,10.02,--,1,1002,买盘
1633,10:09:12,10.02,--,21,21042,买盘
1634,10:09:07,10.02,0.01,1,1002,买盘
1635,10:08:57,10.01,-0.01,10,10010,卖盘
1636,10:08:52,10.02,-0.01,2,2004,卖盘
1637,10:08:42,10.03,--,1,1002,买盘
1638,10:08:36,10.03,0.01,42,42126,买盘
1639,10:08:32,10.02,--,18,18036,卖盘
1640,10:08:27,10.02,0.01,82,82164,买盘
1641,10:08:17,10.01,--,0,0,卖盘
1642,10:08:12,10.01,-0.02,2051,2053051,卖盘
1643,10:08:06,10.03,0.01,2,2005,买盘
1644,10:07:57,10.02,-0.01,201,201402,卖盘
1645,10:07:42,10.03,0.01,1,1002,买盘
1646,10:07:36,10.02,-0.01,1,1002,卖盘
1647,10:07:27,10.03,0.01,12,12036,买盘
1648,10:07:21,10.02,-0.01,4,4008,卖盘
1649,10:07:12,10.03,--,30,30089,买盘
1650,10:07:06,10.03,0.01,20,20060,买盘
1651,10:06:57,10.02,-0.01,532,533064,卖盘
1652,10:06:51,10.03,--,13,13039,买盘
1653,10:06:36,10.03,--,6,6018,买盘
1654,10:06:27,10.03,0.01,18,18054,买盘
1655,10:06:21,10.02,--,30,30060,卖盘
1656,10:06:12,10.02,-0.01,29,29058,卖盘
1657,10:06:06,10.03,--,1,1002,买盘
1658,10:05:57,10.03,--,52,52156,买盘
1659,10:05:42,10.03,0.01,1,1002,买盘
1660,10:05:36,10.02,--,73,73146,卖盘
1661,10:05:32,10.02,--,27,27054,卖盘
1662,10:05:21,10.02,-0.01,29,29058,卖盘
1663,10:05:16,10.03,0.01,48,48144,买盘
1664,10:05:01,10.02,--,3,3006,卖盘
1665,10:04:56,10.02,-0.01,9,9018,卖盘
1666,10:04:51,10.03,--,22,22066,买盘
1667,10:04:45,10.03,0.01,1,1002,买盘
1668,10:04:41,10.02,--,78,78156,卖盘
1669,10:04:36,10.02,-0.01,1,1002,卖盘
1670,10:04:21,10.03,--,402,403206,买盘
1671,10:04:16,10.03,--,35,35105,买盘
1672,10:04:11,10.03,0.01,1,1002,买盘
1673,10:04:06,10.02,--,44,44088,卖盘
1674,10:04:01,10.02,--,7,7014,卖盘
1675,10:03:56,10.02,-0.01,50,50100,卖盘
1676,10:03:51,10.03,0.01,448,449344,买盘
1677,10:03:46,10.02,0.01,52,52104,买盘
1678,10:03:41,10.01,-0.01,2,2002,卖盘
1679,10:03:36,10.02,--,18,18036,买盘
1680,10:03:21,10.02,0.01,1,1002,买盘
1681,10:03:16,10.01,-0.01,28,28028,卖盘
1682,10:03:06,10.02,0.01,1,1002,买盘
1683,10:03:01,10.01,-0.01,3,3003,卖盘
1684,10:02:46,10.02,--,1,1002,买盘
1685,10:02:36,10.02,0.01,21,21042,买盘
1686,10:02:16,10.01,-0.01,44,44044,卖盘
1687,10:02:11,10.02,0.01,8,8016,买盘
1688,10:02:01,10.01,-0.01,2,2002,卖盘
1689,10:01:51,10.02,--,1,1002,买盘
1690,10:01:45,10.02,0.01,57,57114,买盘
1691,10:01:36,10.01,-0.01,1,1001,卖盘
1692,10:01:21,10.02,0.01,3,3006,买盘
1693,10:01:15,10.01,-0.01,89,89089,卖盘
1694,10:01:06,10.02,--,1,1002,买盘
1695,10:01:00,10.02,0.01,14,14028,买盘
1696,10:00:56,10.01,--,100,100100,卖盘
1697,10:00:51,10.01,--,109,109109,卖盘
1698,10:00:36,10.01,-0.02,70,70070,卖盘
1699,10:00:26,10.03,0.02,739,741217,买盘
1700,10:00:21,10.01,--,121,121121,卖盘
1701,10:00:15,10.01,-0.01,52,52052,卖盘
1702,10:00:11,10.02,0.01,1,1002,买盘
1703,10:00:00,10.01,-0.01,3,3003,卖盘
1704,09:59:41,10.02,0.01,1,1002,买盘
1705,09:59:36,10.01,--,58,58058,卖盘
1706,09:59:30,10.01,-0.01,100,100100,卖盘
1707,09:59:15,10.02,--,67,67134,买盘
1708,09:59:06,10.02,0.01,5,5010,买盘
1709,09:59:00,10.01,-0.01,82,82082,卖盘
1710,09:58:56,10.02,--,2,2004,买盘
1711,09:58:30,10.02,--,61,61122,买盘
1712,09:58:20,10.02,0.01,20,20040,买盘
1713,09:58:15,10.01,-0.01,100,100100,卖盘
1714,09:58:00,10.02,--,9,9018,买盘
1715,09:57:55,10.02,--,459,460318,卖盘
1716,09:57:45,10.02,--,58,58116,卖盘
1717,09:57:40,10.02,-0.01,52,52104,卖盘
1718,09:57:35,10.03,--,27,27081,买盘
1719,09:57:30,10.03,0.01,19,19057,买盘
1720,09:57:25,10.02,-0.01,88,88176,卖盘
1721,09:57:20,10.03,0.01,1,1002,买盘
1722,09:57:15,10.02,-0.01,230,230460,卖盘
1723,09:57:10,10.03,0.01,14,14042,买盘
1724,09:57:00,10.02,--,3,3006,卖盘
1725,09:56:35,10.02,-0.01,17,17034,卖盘
1726,09:56:20,10.03,0.01,20,20060,买盘
1727,09:56:04,10.02,--,15,15030,卖盘
1728,09:56:00,10.02,-0.01,8,8016,卖盘
1729,09:55:55,10.03,--,10,10030,买盘
1730,09:55:45,10.03,--,7,7021,买盘
1731,09:55:40,10.03,--,20,20060,买盘
1732,09:55:09,10.03,--,1,1002,买盘
1733,09:55:05,10.03,0.01,81,81243,买盘
1734,09:55:00,10.02,--,2,2004,卖盘
1735,09:54:45,10.02,--,30,30060,卖盘
1736,09:54:35,10.02,-0.01,35,35070,卖盘
1737,09:54:30,10.03,0.01,10,10030,买盘
1738,09:54:24,10.02,-0.01,49,49098,卖盘
1739,09:54:15,10.03,--,25,25075,买盘
1740,09:54:00,10.03,0.01,64,64191,买盘
1741,09:53:45,10.02,-0.01,31,31062,卖盘
1742,09:53:39,10.03,0.01,13,13039,买盘
1743,09:53:24,10.02,-0.01,33,33066,卖盘
1744,09:53:09,10.03,0.01,51,51153,买盘
1745,09:53:05,10.02,--,410,410820,卖盘
1746,09:53:00,10.02,--,2,2004,卖盘
1747,09:52:54,10.02,-0.01,116,116232,卖盘
1748,09:52:39,10.03,--,42,42126,买盘
1749,09:52:35,10.03,0.01,62,62185,买盘
1750,09:52:30,10.02,--,2,2004,卖盘
1751,09:52:24,10.02,-0.01,58,58116,卖盘
1752,09:52:09,10.03,0.01,41,41123,买盘
1753,09:52:05,10.02,--,2,2004,卖盘
1754,09:52:00,10.02,-0.01,201,201402,卖盘
1755,09:51:54,10.03,0.01,52,52156,买盘
1756,09:51:44,10.02,-0.01,58,58116,卖盘
1757,09:51:34,10.03,0.01,5,5015,买盘
1758,09:51:24,10.02,--,20,20040,卖盘
1759,09:51:19,10.02,-0.01,39,39078,卖盘
1760,09:51:09,10.03,0.01,4,4011,买盘
1761,09:50:59,10.02,-0.01,3,3006,卖盘
1762,09:50:49,10.03,0.01,10,10030,买盘
1763,09:50:44,10.02,--,10,10220,卖盘
1764,09:50:34,10.02,-0.01,132,132264,卖盘
1765,09:50:24,10.03,--,78,78234,买盘
1766,09:50:19,10.03,0.01,28,28084,买盘
1767,09:50:09,10.02,--,10,10020,卖盘
1768,09:50:04,10.02,--,450,450900,卖盘
1769,09:49:59,10.02,-0.01,33,33066,卖盘
1770,09:49:54,10.03,--,2,2005,买盘
1771,09:49:49,10.03,0.01,9,9027,买盘
1772,09:49:34,10.02,-0.01,2,2004,卖盘
1773,09:49:19,10.03,--,30,30089,买盘
1774,09:49:09,10.03,--,1,1002,买盘
1775,09:49:04,10.03,--,11,11033,买盘
1776,09:48:59,10.03,--,11,11033,买盘
1777,09:48:54,10.03,--,5,5015,买盘
1778,09:48:49,10.03,--,10,10030,买盘
1779,09:48:34,10.03,--,24,24072,买盘
1780,09:48:24,10.03,--,10,10030,买盘
1781,09:48:14,10.03,0.01,5,5015,买盘
1782,09:48:03,10.02,-0.01,3,3006,卖盘
1783,09:47:59,10.03,--,42,42126,买盘
1784,09:47:54,10.03,--,111,111333,买盘
1785,09:47:48,10.03,0.01,20,20060,买盘
1786,09:47:39,10.02,-0.01,130,130260,卖盘
1787,09:47:33,10.03,--,76,76228,买盘
1788,09:47:24,10.03,--,8,8023,买盘
1789,09:47:18,10.03,--,173,173519,买盘
1790,09:47:14,10.03,--,381,382143,买盘
1791,09:47:09,10.03,--,3,3009,买盘
1792,09:47:03,10.03,0.01,27,27081,买盘
1793,09:46:59,10.02,--,2,2004,卖盘
1794,09:46:54,10.02,--,8,8016,卖盘
1795,09:46:44,10.02,-0.01,20,20440,卖盘
1796,09:46:39,10.03,--,10,10030,买盘
1797,09:46:24,10.03,0.01,633,634899,买盘
1798,09:46:14,10.02,--,0,0,卖盘
1799,09:46:09,10.02,-0.01,130,130260,卖盘
1800,09:46:03,10.03,0.01,7,7021,买盘
1801,09:45:59,10.02,-0.01,3,3006,卖盘
1802,09:45:48,10.03,--,20,20060,买盘
1803,09:45:43,10.03,--,10,10030,买盘
1804,09:45:39,10.03,--,21,21063,买盘
1805,09:45:33,10.03,--,502,503505,买盘
1806,09:45:29,10.03,--,8,8023,买盘
1807,09:45:24,10.03,--,10,10030,买盘
1808,09:45:14,10.03,0.01,68,68204,买盘
1809,09:45:03,10.02,--,49,49098,卖盘
1810,09:44:58,10.02,--,2,2004,卖盘
1811,09:44:43,10.02,--,2,2004,卖盘
1812,09:44:33,10.02,--,6,6012,卖盘
1813,09:44:28,10.02,--,159,159318,卖盘
1814,09:44:23,10.02,--,20,20040,卖盘
1815,09:44:18,10.02,--,391,391782,买盘
1816,09:44:13,10.02,--,42,42084,买盘
1817,09:44:03,10.02,0.01,24,24048,买盘
1818,09:43:58,10.01,--,86,86086,卖盘
1819,09:43:48,10.01,-0.01,237,237237,卖盘
1820,09:43:43,10.02,0.01,1,1002,买盘
1821,09:43:33,10.01,--,63,63063,卖盘
1822,09:43:23,10.01,--,32,32582,买盘
1823,09:43:18,10.01,--,1,1001,买盘
1824,09:43:13,10.01,--,28,28028,买盘
1825,09:43:08,10.01,--,10,10010,买盘
1826,09:43:03,10.01,0.01,53,53053,买盘
1827,09:42:58,10.0,--,33,33000,卖盘
1828,09:42:48,10.0,-0.01,10,10000,卖盘
1829,09:42:43,10.01,--,23,23023,买盘
1830,09:42:38,10.01,--,39,39039,买盘
1831,09:42:33,10.01,--,74,74074,买盘
1832,09:42:28,10.01,--,28,28028,买盘
1833,09:42:23,10.01,0.01,84,84084,买盘
1834,09:42:18,10.0,--,8,8000,卖盘
1835,09:42:13,10.0,--,61,61000,卖盘
1836,09:41:58,10.0,--,2,2000,卖盘
1837,09:41:53,10.0,--,20,20000,卖盘
1838,09:41:43,10.0,--,20,20000,卖盘
1839,09:41:33,10.0,--,10,10000,卖盘
1840,09:41:27,10.0,--,10,10000,卖盘
1841,09:41:23,10.0,--,13,13000,卖盘
1842,09:41:12,10.0,--,268,268280,卖盘
1843,09:40:53,10.0,-0.01,150,150000,卖盘
1844,09:40:48,10.01,--,2,2002,买盘
1845,09:40:42,10.01,0.01,23,23043,买盘
1846,09:40:38,10.0,--,58,58000,卖盘
1847,09:40:23,10.0,-0.01,3,3000,卖盘
1848,09:40:12,10.01,--,2,2002,买盘
1849,09:40:08,10.01,0.02,25,25025,买盘
1850,09:40:03,9.99,--,0,0,卖盘
1851,09:39:57,9.99,-0.02,796,795204,卖盘
1852,09:39:48,10.01,0.01,25,25025,买盘
1853,09:39:38,10.0,0.01,10,10000,买盘
1854,09:39:33,9.99,-0.02,10,10589,卖盘
1855,09:39:27,10.01,--,0,0,买盘
1856,09:39:23,10.01,0.02,690,690690,买盘
1857,09:39:18,9.99,-0.01,92,91908,卖盘
1858,09:39:12,10.0,0.01,103,103000,买盘
1859,09:38:57,9.99,--,10,9990,卖盘
1860,09:38:48,9.99,--,39,38961,卖盘
1861,09:38:42,9.99,-0.01,50,49950,卖盘
1862,09:38:33,10.0,0.01,1,1000,买盘
1863,09:38:22,9.99,-0.01,8,7992,卖盘
1864,09:38:18,10.0,0.01,21,21000,买盘
1865,09:38:12,9.99,-0.01,73,72927,卖盘
1866,09:38:07,10.0,0.01,40,40000,买盘
1867,09:38:02,9.99,-0.01,6,5994,卖盘
1868,09:37:57,10.0,--,57,57000,买盘
1869,09:37:52,10.0,--,20,20000,买盘
1870,09:37:47,10.0,-0.01,70,70000,中性盘
1871,09:37:42,10.01,--,570,570570,买盘
1872,09:37:32,10.01,--,57,57057,买盘
1873,09:37:27,10.01,--,0,0,买盘
1874,09:37:17,10.01,0.02,2,2002,买盘
1875,09:37:12,9.99,--,9,8991,卖盘
1876,09:37:07,9.99,--,0,0,卖盘
1877,09:37:02,9.99,-0.02,1095,1093905,卖盘
1878,09:36:57,10.01,--,6,6006,买盘
1879,09:36:52,10.01,--,34,34034,卖盘
1880,09:36:47,10.01,--,145,145145,买盘
1881,09:36:37,10.01,--,5,5005,买盘
1882,09:36:27,10.01,--,49,49049,买盘
1883,09:36:17,10.01,--,12,12012,买盘
1884,09:36:12,10.01,--,100,100100,买盘
1885,09:36:07,10.01,--,10,10010,买盘
1886,09:35:57,10.01,--,1,1001,买盘
1887,09:35:52,10.01,--,1,1001,买盘
1888,09:35:47,10.01,--,10,10010,买盘
1889,09:35:42,10.01,--,2,2002,买盘
1890,09:35:27,10.01,--,2,2002,买盘
1891,09:35:22,10.01,--,40,40040,买盘
1892,09:35:12,10.01,0.01,22,22022,买盘
1893,09:35:07,10.0,-0.01,43,43000,卖盘
1894,09:34:57,10.01,--,47,47247,买盘
1895,09:34:42,10.01,--,10,10010,买盘
1896,09:34:36,10.01,0.01,3,3003,买盘
1897,09:34:32,10.0,--,5,5000,卖盘
1898,09:34:21,10.0,0.01,169,169000,买盘
1899,09:34:12,9.99,-0.01,249,249520,卖盘
1900,09:34:06,10.0,--,30,30000,买盘
1901,09:34:02,10.0,--,8,8000,买盘
1902,09:33:57,10.0,--,39,39000,买盘
1903,09:33:51,10.0,--,24,24000,买盘
1904,09:33:47,10.0,--,3,3000,买盘
1905,09:33:42,10.0,--,104,104000,买盘
1906,09:33:36,10.0,--,31,31000,买盘
1907,09:33:06,10.0,--,24,24000,买盘
1908,09:33:01,10.0,--,50,50000,买盘
1909,09:32:57,10.0,--,47,47000,买盘
1910,09:32:51,10.0,--,21,21000,卖盘
1911,09:32:42,10.0,--,19,19000,买盘
1912,09:32:36,10.0,--,85,85000,卖盘
1913,09:32:32,10.0,-0.01,4,4000,卖盘
1914,09:32:21,10.01,0.01,2,2002,买盘
1915,09:32:12,10.0,-0.01,82,82000,卖盘
1916,09:32:06,10.01,--,70,70070,卖盘
1917,09:32:02,10.01,0.02,159,159159,买盘
1918,09:31:57,9.99,-0.02,161,160839,卖盘
1919,09:31:36,10.01,0.01,18,18018,买盘
1920,09:31:32,10.0,-0.01,20,20000,卖盘
1921,09:31:27,10.01,--,66,66066,买盘
1922,09:31:21,10.01,--,29,29029,买盘
1923,09:31:16,10.01,0.02,56,56056,买盘
1924,09:31:06,9.99,-0.02,1,999,卖盘
1925,09:31:01,10.01,0.02,149,149149,买盘
1926,09:30:51,9.99,--,139,138861,买盘
1927,09:30:46,9.99,0.01,13,12987,买盘
1928,09:30:41,9.98,-0.01,6,5988,卖盘
1929,09:30:36,9.99,--,16,15984,买盘
1930,09:30:30,9.99,0.01,20,19980,买盘
1931,09:30:25,9.98,--,108,107784,卖盘
1932,09:30:06,9.98,-0.02,218,217564,卖盘
1933,09:28:55,10.0,--,0,0,买盘
1934,09:25:06,10.0,10,123,123000,买盘
