,time,price,change,volume,amount,type
0,15:00:00,3.07,--,0,0,买盘
1,15:00:00,3.07,--,0,0,买盘
2,15:00:00,3.07,--,7,2149,买盘
3,14:59:56,3.07,--,33,10131,买盘
4,14:59:51,3.07,--,55,16885,买盘
5,14:59:45,3.07,0.01,74,22718,买盘
6,14:59:41,3.06,-0.01,75,22950,卖盘
7,14:59:36,3.07,--,500,153500,买盘
8,14:59:30,3.07,0.01,51,15657,买盘
9,14:59:26,3.06,-0.01,107,32742,卖盘
10,14:59:21,3.07,--,97,29779,买盘
11,14:59:11,3.07,0.01,36,11052,买盘
12,14:59:06,3.06,--,2,612,卖盘
13,14:59:00,3.06,-0.01,205,62730,卖盘
14,14:58:56,3.07,--,1,307,买盘
15,14:58:51,3.07,--,130,39910,买盘
16,14:58:45,3.07,0.01,2,614,买盘
17,14:58:41,3.06,-0.01,77,23562,卖盘
18,14:58:36,3.07,0.01,25,7675,买盘
19,14:58:30,3.06,-0.01,212,64872,卖盘
20,14:58:26,3.07,--,316,97012,买盘
21,14:58:21,3.07,--,6,1842,买盘
22,14:58:15,3.07,0.01,37,11359,买盘
23,14:58:06,3.06,--,11,3366,卖盘
24,14:57:50,3.06,--,6124,1873944,买盘
25,14:57:45,3.06,0.01,1026,313956,买盘
26,14:57:41,3.05,-0.01,1,305,卖盘
27,14:57:36,3.06,--,686,209916,买盘
28,14:57:31,3.06,--,259,79254,买盘
29,14:57:26,3.06,--,39,11934,买盘
30,14:57:20,3.06,--,10000,3060000,买盘
31,14:57:15,3.06,--,61,18666,买盘
32,14:57:09,3.06,0.01,103,31518,买盘
33,14:57:05,3.05,-0.01,123,37515,卖盘
34,14:57:00,3.06,--,117,35802,买盘
35,14:56:56,3.06,--,687,210222,买盘
36,14:56:50,3.06,--,13,3978,买盘
37,14:56:45,3.06,--,275,84150,买盘
38,14:56:41,3.06,--,358,109548,买盘
39,14:56:36,3.06,--,73,22338,买盘
40,14:56:30,3.06,--,6,1836,买盘
41,14:56:24,3.06,--,70,21420,买盘
42,14:56:20,3.06,0.01,15,4590,买盘
43,14:56:15,3.05,-0.01,211,64354,卖盘
44,14:56:09,3.06,--,69,21114,买盘
45,14:56:00,3.06,0.01,181,55386,买盘
46,14:55:54,3.05,-0.01,1,564,卖盘
47,14:55:50,3.06,--,2,612,买盘
48,14:55:45,3.06,--,509,155754,买盘
49,14:55:39,3.06,--,20,6120,买盘
50,14:55:35,3.06,0.01,1322,404532,买盘
51,14:55:30,3.05,-0.01,777,236985,卖盘
52,14:55:24,3.06,--,37,11322,买盘
53,14:55:20,3.06,--,1,306,买盘
54,14:55:15,3.06,0.01,388,118728,买盘
55,14:55:05,3.05,-0.01,159,48495,卖盘
56,14:55:00,3.06,--,73,22338,买盘
57,14:54:54,3.06,--,103,31518,买盘
58,14:54:50,3.06,0.01,5,1530,买盘
59,14:54:45,3.05,-0.01,600,183000,卖盘
60,14:54:39,3.06,--,37,11322,买盘
61,14:54:35,3.06,0.01,10,3060,买盘
62,14:54:30,3.05,-0.01,86,26242,卖盘
63,14:54:24,3.06,0.01,4,1224,买盘
64,14:54:15,3.05,-0.01,873,266286,卖盘
65,14:54:09,3.06,0.01,165,50511,买盘
66,14:54:05,3.05,-0.01,50,15250,卖盘
67,14:54:00,3.06,--,102,31233,买盘
68,14:53:54,3.06,0.01,12,3672,买盘
69,14:53:50,3.05,-0.01,32,9781,卖盘
70,14:53:45,3.06,0.01,60,18360,买盘
71,14:53:39,3.05,-0.01,83,25333,卖盘
72,14:53:35,3.06,0.01,968,296208,买盘
73,14:53:30,3.05,-0.01,303,92436,卖盘
74,14:53:25,3.06,--,7,2142,买盘
75,14:53:20,3.06,0.01,53,16218,买盘
76,14:53:15,3.05,--,23,7036,卖盘
77,14:53:09,3.05,-0.01,171,52176,卖盘
78,14:53:05,3.06,--,11,3366,买盘
79,14:53:00,3.06,--,1042,318873,买盘
80,14:52:54,3.06,--,103,31539,买盘
81,14:52:50,3.06,0.01,22,6732,买盘
82,14:52:45,3.05,--,569,173545,卖盘
83,14:52:39,3.05,--,35,10696,卖盘
84,14:52:35,3.05,--,76,23180,卖盘
85,14:52:30,3.05,-0.01,1,326,卖盘
86,14:52:24,3.06,--,39,11934,买盘
87,14:52:20,3.06,0.01,1,306,买盘
88,14:52:15,3.05,-0.01,0,39,卖盘
89,14:52:09,3.06,--,45,13770,买盘
90,14:52:05,3.06,--,180,55080,买盘
91,14:52:00,3.06,--,84,25725,买盘
92,14:51:54,3.06,0.01,50,15300,买盘
93,14:51:50,3.05,--,15,4596,卖盘
94,14:51:45,3.05,--,140,42700,卖盘
95,14:51:39,3.05,-0.01,55,16796,卖盘
96,14:51:35,3.06,--,55,16830,买盘
97,14:51:30,3.06,0.01,1,327,买盘
98,14:51:24,3.05,--,12,3660,卖盘
99,14:51:15,3.05,--,201,61326,卖盘
100,14:51:09,3.05,-0.01,924,281841,卖盘
101,14:51:05,3.06,0.01,168,51408,买盘
102,14:50:59,3.05,-0.01,0,21,卖盘
103,14:50:54,3.06,--,8,2448,买盘
104,14:50:50,3.06,--,138,42249,买盘
105,14:50:45,3.06,--,10,3060,买盘
106,14:50:39,3.06,0.01,257,78663,买盘
107,14:50:34,3.05,-0.01,75,22875,卖盘
108,14:50:29,3.06,--,52,15930,买盘
109,14:50:24,3.06,0.01,39,11934,买盘
110,14:50:18,3.05,-0.01,20,6121,卖盘
111,14:50:14,3.06,0.01,1,306,买盘
112,14:50:09,3.05,--,55,16796,卖盘
113,14:50:03,3.05,--,123,37536,卖盘
114,14:49:59,3.05,--,20,6100,卖盘
115,14:49:48,3.05,-0.01,10,3071,卖盘
116,14:49:44,3.06,0.01,1,306,买盘
117,14:49:39,3.05,--,150,45750,卖盘
118,14:49:33,3.05,-0.01,53,16164,卖盘
119,14:49:24,3.06,--,17,5202,买盘
120,14:49:18,3.06,0.01,40,12240,买盘
121,14:49:14,3.05,-0.01,8,2440,卖盘
122,14:49:09,3.06,0.01,137,41922,买盘
123,14:49:03,3.05,-0.01,90,27450,卖盘
124,14:48:59,3.06,--,856,261936,买盘
125,14:48:48,3.06,--,142,43452,买盘
126,14:48:44,3.06,--,10,3060,买盘
127,14:48:39,3.06,0.01,536,164016,买盘
128,14:48:33,3.05,--,80,24400,卖盘
129,14:48:29,3.05,-0.01,253,77165,卖盘
130,14:48:24,3.06,0.01,2,612,买盘
131,14:48:18,3.05,-0.01,231,70455,卖盘
132,14:48:14,3.06,0.01,2,612,买盘
133,14:48:09,3.05,--,1315,401075,卖盘
134,14:48:03,3.05,--,103,31414,卖盘
135,14:47:59,3.05,-0.01,109,33245,卖盘
136,14:47:54,3.06,0.01,136,41616,买盘
137,14:47:48,3.05,--,40,12200,卖盘
138,14:47:44,3.05,--,22,6710,卖盘
139,14:47:39,3.05,--,37,11285,卖盘
140,14:47:33,3.05,-0.01,316,96380,卖盘
141,14:47:29,3.06,--,144,44064,买盘
142,14:47:18,3.06,0.01,272,83232,买盘
143,14:47:09,3.05,--,67,20435,卖盘
144,14:47:03,3.05,-0.01,461,140605,卖盘
145,14:46:59,3.06,0.01,5,1530,买盘
146,14:46:54,3.05,--,379,115595,卖盘
147,14:46:48,3.05,--,1040,317200,卖盘
148,14:46:44,3.05,--,4,1220,卖盘
149,14:46:39,3.05,--,1238,377760,卖盘
150,14:46:33,3.05,--,78,23790,卖盘
151,14:46:29,3.05,--,115,35075,卖盘
152,14:46:24,3.05,--,27,8235,卖盘
153,14:46:18,3.05,-0.01,90,27450,卖盘
154,14:46:14,3.06,--,6,1836,买盘
155,14:46:09,3.06,0.01,263,80478,买盘
156,14:46:03,3.05,--,1257,383555,卖盘
157,14:45:59,3.05,--,1,305,卖盘
158,14:45:54,3.05,--,228,69540,卖盘
159,14:45:48,3.05,--,56,17080,卖盘
160,14:45:44,3.05,-0.01,1,305,卖盘
161,14:45:39,3.06,--,238,72828,买盘
162,14:45:33,3.06,--,132,40392,买盘
163,14:45:29,3.06,--,219,67014,买盘
164,14:45:24,3.06,0.01,54,16524,买盘
165,14:45:18,3.05,--,12,3660,卖盘
166,14:45:13,3.05,--,40,12200,卖盘
167,14:45:09,3.05,-0.01,40,12200,卖盘
168,14:45:03,3.06,--,214,65484,买盘
169,14:44:59,3.06,--,3,918,买盘
170,14:44:54,3.06,--,362,110811,买盘
171,14:44:39,3.06,0.01,57,17442,买盘
172,14:44:33,3.05,-0.01,154,46970,卖盘
173,14:44:28,3.06,--,1,306,买盘
174,14:44:24,3.06,--,155,47430,买盘
175,14:44:18,3.06,--,59,18054,买盘
176,14:44:14,3.06,0.01,7963,2436678,买盘
177,14:44:09,3.05,--,91,27755,卖盘
178,14:44:03,3.05,-0.01,842,256809,卖盘
179,14:43:54,3.06,--,1494,457222,买盘
180,14:43:48,3.06,--,385,117810,买盘
181,14:43:42,3.06,--,2,612,买盘
182,14:43:38,3.06,--,787,240822,买盘
183,14:43:33,3.06,--,293,89658,买盘
184,14:43:27,3.06,--,74,22644,买盘
185,14:43:24,3.06,--,2,612,买盘
186,14:43:18,3.06,--,89,27234,买盘
187,14:43:12,3.06,--,104,31824,买盘
188,14:43:08,3.06,--,69,21114,买盘
189,14:43:03,3.06,--,370,113220,买盘
190,14:42:57,3.06,--,115,35190,买盘
191,14:42:48,3.06,--,162,49572,买盘
192,14:42:42,3.06,0.01,10,3060,买盘
193,14:42:38,3.05,--,56,17080,卖盘
194,14:42:33,3.05,-0.01,596,181950,卖盘
195,14:42:27,3.06,--,6,1836,买盘
196,14:42:23,3.06,--,1,306,买盘
197,14:42:18,3.06,0.01,2,612,买盘
198,14:42:12,3.05,--,1083,330315,卖盘
199,14:42:08,3.05,--,36,10980,卖盘
200,14:42:03,3.05,--,100,30500,卖盘
201,14:41:57,3.05,-0.01,20,6100,卖盘
202,14:41:53,3.06,--,3,918,买盘
203,14:41:48,3.06,0.01,60,18360,买盘
204,14:41:42,3.05,--,7980,2433900,卖盘
205,14:41:38,3.05,--,35,10675,卖盘
206,14:41:33,3.05,--,66,20239,卖盘
207,14:41:27,3.05,-0.01,163,49715,卖盘
208,14:41:23,3.06,--,543,166158,买盘
209,14:41:18,3.06,--,62,18975,买盘
210,14:41:12,3.06,--,91,27846,买盘
211,14:41:08,3.06,0.01,1082,331092,买盘
212,14:41:03,3.05,--,72,21960,卖盘
213,14:40:57,3.05,-0.01,31,9455,卖盘
214,14:40:53,3.06,0.01,103,31518,买盘
215,14:40:48,3.05,--,8082,2465113,卖盘
216,14:40:42,3.05,-0.01,16611,5066355,卖盘
217,14:40:38,3.06,0.01,135,41310,买盘
218,14:40:33,3.05,--,225,68625,卖盘
219,14:40:27,3.05,-0.01,111,33855,卖盘
220,14:40:23,3.06,0.01,248,75888,买盘
221,14:40:18,3.05,-0.01,460,140300,卖盘
222,14:40:12,3.06,0.01,348,106488,买盘
223,14:40:07,3.05,--,36,10980,卖盘
224,14:40:03,3.05,-0.02,3886,1185275,卖盘
225,14:39:57,3.07,0.01,1056,324192,买盘
226,14:39:53,3.06,--,105,32130,卖盘
227,14:39:48,3.06,--,8086,2474316,卖盘
228,14:39:42,3.06,--,154,47124,卖盘
229,14:39:33,3.06,--,72,22032,卖盘
230,14:39:27,3.06,--,100,30600,卖盘
231,14:39:23,3.06,--,64,19584,卖盘
232,14:39:18,3.06,--,344,105264,卖盘
233,14:39:12,3.06,--,61,18666,卖盘
234,14:39:08,3.06,--,100,30600,卖盘
235,14:39:02,3.06,--,465,142290,卖盘
236,14:38:57,3.06,-0.01,405,123930,卖盘
237,14:38:52,3.07,0.01,3,921,买盘
238,14:38:47,3.06,-0.01,174,53244,卖盘
239,14:38:42,3.07,0.01,6,1842,买盘
240,14:38:32,3.06,-0.01,1532,468963,卖盘
241,14:38:27,3.07,0.01,52,15964,买盘
242,14:38:22,3.06,--,146,44676,卖盘
243,14:38:18,3.06,--,1001,306306,卖盘
244,14:38:12,3.06,-0.01,140,42840,卖盘
245,14:38:07,3.07,0.01,2,614,买盘
246,14:38:03,3.06,--,2301,704106,卖盘
247,14:37:57,3.06,--,14,4284,卖盘
248,14:37:52,3.06,--,156,47736,卖盘
249,14:37:42,3.06,--,208,63648,卖盘
250,14:37:32,3.06,-0.01,1048,320688,卖盘
251,14:37:27,3.07,--,8090,2483630,买盘
252,14:37:22,3.07,0.01,4,1228,买盘
253,14:37:17,3.06,--,100,30600,卖盘
254,14:37:12,3.06,--,76,23256,卖盘
255,14:37:07,3.06,--,372,113832,卖盘
256,14:37:02,3.06,-0.01,92,28152,卖盘
257,14:36:57,3.07,--,179,54953,买盘
258,14:36:52,3.07,--,3,921,买盘
259,14:36:47,3.07,0.01,555,170556,买盘
260,14:36:42,3.06,--,177,54162,卖盘
261,14:36:36,3.06,--,166,50796,卖盘
262,14:36:32,3.06,--,228,69768,卖盘
263,14:36:27,3.06,--,836,255816,卖盘
264,14:36:21,3.06,-0.01,134,41004,卖盘
265,14:36:17,3.07,0.01,13,3991,买盘
266,14:36:12,3.06,--,159,48654,卖盘
267,14:36:06,3.06,-0.01,240,73440,卖盘
268,14:36:02,3.07,--,121,37147,买盘
269,14:35:51,3.07,0.01,103,31621,买盘
270,14:35:42,3.06,--,155,47430,卖盘
271,14:35:36,3.06,-0.01,71,21726,卖盘
272,14:35:32,3.07,0.01,204,62628,买盘
273,14:35:27,3.06,-0.01,100,30600,卖盘
274,14:35:21,3.07,0.01,12,3684,买盘
275,14:35:17,3.06,-0.01,100,30600,卖盘
276,14:35:12,3.07,0.01,70,21490,买盘
277,14:35:06,3.06,--,174,53244,卖盘
278,14:35:02,3.06,-0.01,74,22644,卖盘
279,14:34:57,3.07,--,103,31621,买盘
280,14:34:51,3.07,--,4,1228,买盘
281,14:34:47,3.07,0.01,54,16578,买盘
282,14:34:42,3.06,--,104,31824,卖盘
283,14:34:36,3.06,--,69,21114,卖盘
284,14:34:32,3.06,-0.01,104,31824,卖盘
285,14:34:27,3.07,0.01,9,2763,买盘
286,14:34:21,3.06,-0.01,105,32130,卖盘
287,14:34:17,3.07,--,17,5219,买盘
288,14:34:12,3.07,0.01,1013,310991,买盘
289,14:34:06,3.06,--,138,42228,卖盘
290,14:34:02,3.06,--,25,7650,卖盘
291,14:33:57,3.06,-0.01,193,59058,卖盘
292,14:33:51,3.07,--,103,31621,买盘
293,14:33:47,3.07,0.01,1,307,买盘
294,14:33:42,3.06,--,57,17442,卖盘
295,14:33:36,3.06,-0.01,297,90882,卖盘
296,14:33:32,3.07,--,4,1228,买盘
297,14:33:27,3.07,--,167,51269,买盘
298,14:33:21,3.07,0.01,23,7061,买盘
299,14:33:17,3.06,--,101,31147,卖盘
300,14:33:12,3.06,--,58,17748,卖盘
301,14:33:06,3.06,-0.01,176,53856,卖盘
302,14:33:02,3.07,--,20,6140,买盘
303,14:32:57,3.07,0.01,111,34077,买盘
304,14:32:51,3.06,--,9,2754,卖盘
305,14:32:47,3.06,--,481,147186,卖盘
306,14:32:41,3.06,--,156,47736,卖盘
307,14:32:36,3.06,-0.01,170,52020,卖盘
308,14:32:31,3.07,0.01,108,33156,买盘
309,14:32:27,3.06,-0.01,2,612,卖盘
310,14:32:21,3.07,0.01,141,43287,买盘
311,14:32:16,3.06,-0.01,51,15606,卖盘
312,14:32:12,3.07,0.01,108,33156,买盘
313,14:32:06,3.06,--,182,55863,卖盘
314,14:32:01,3.06,--,21,6426,卖盘
315,14:31:57,3.06,--,100,30600,卖盘
316,14:31:51,3.06,--,13,3978,卖盘
317,14:31:46,3.06,-0.01,100,30600,卖盘
318,14:31:42,3.07,0.01,162,49734,买盘
319,14:31:36,3.06,-0.01,296,90576,卖盘
320,14:31:31,3.07,0.01,24,7368,买盘
321,14:31:27,3.06,-0.01,718,219708,卖盘
322,14:31:21,3.07,0.01,6,1842,买盘
323,14:31:16,3.06,-0.01,51,15606,卖盘
324,14:31:11,3.07,0.01,21,6447,买盘
325,14:31:06,3.06,-0.01,52,15912,卖盘
326,14:31:01,3.07,--,20,6140,买盘
327,14:30:56,3.07,--,198,60786,买盘
328,14:30:51,3.07,--,51,15657,买盘
329,14:30:46,3.07,0.01,8,2456,买盘
330,14:30:41,3.06,-0.01,55,16830,卖盘
331,14:30:36,3.07,--,73,22411,买盘
332,14:30:31,3.07,--,3,921,买盘
333,14:30:26,3.07,0.01,2,614,买盘
334,14:30:21,3.06,-0.01,128,39168,卖盘
335,14:30:16,3.07,0.01,2,614,买盘
336,14:30:11,3.06,--,58,17748,卖盘
337,14:30:06,3.06,-0.01,215,65790,卖盘
338,14:30:01,3.07,0.01,93,28551,买盘
339,14:29:56,3.06,-0.01,10,3060,卖盘
340,14:29:51,3.07,--,12,3684,买盘
341,14:29:45,3.07,--,7980,2449860,买盘
342,14:29:41,3.07,--,8,2456,买盘
343,14:29:36,3.07,--,106,32542,买盘
344,14:29:30,3.07,0.01,4,1228,买盘
345,14:29:26,3.06,-0.01,201,61506,卖盘
346,14:29:21,3.07,0.01,4,1228,买盘
347,14:29:15,3.06,-0.01,61,18666,卖盘
348,14:29:11,3.07,0.01,3,921,买盘
349,14:29:06,3.06,--,572,175203,卖盘
350,14:29:00,3.06,--,21,6426,卖盘
351,14:28:51,3.06,--,54,16524,卖盘
352,14:28:45,3.06,-0.01,252,77112,卖盘
353,14:28:41,3.07,0.01,13,3991,买盘
354,14:28:36,3.06,-0.01,583,178398,卖盘
355,14:28:30,3.07,--,18,5526,买盘
356,14:28:21,3.07,0.01,67,20569,买盘
357,14:28:15,3.06,-0.01,55,16830,卖盘
358,14:28:11,3.07,0.01,4,1228,买盘
359,14:28:06,3.06,--,83,25398,卖盘
360,14:28:00,3.06,--,65,19890,卖盘
361,14:27:56,3.06,-0.01,615,188190,卖盘
362,14:27:51,3.07,--,63,19341,买盘
363,14:27:45,3.07,--,61,18727,买盘
364,14:27:41,3.07,0.01,3,921,买盘
365,14:27:36,3.06,-0.01,90,27540,卖盘
366,14:27:30,3.07,--,54,16578,买盘
367,14:27:21,3.07,0.01,68,20876,买盘
368,14:27:15,3.06,--,615,188190,卖盘
369,14:27:11,3.06,--,88,26928,卖盘
370,14:27:06,3.06,--,275,84150,卖盘
371,14:27:00,3.06,-0.01,223,68238,卖盘
372,14:26:56,3.07,0.01,131,40217,买盘
373,14:26:51,3.06,-0.01,5,1652,卖盘
374,14:26:45,3.07,--,150,46050,买盘
375,14:26:41,3.07,0.01,4,1228,买盘
376,14:26:35,3.06,--,130,39780,卖盘
377,14:26:30,3.06,--,4,1224,卖盘
378,14:26:26,3.06,-0.01,502,153612,卖盘
379,14:26:21,3.07,--,14,4298,买盘
380,14:26:15,3.07,--,86,26402,买盘
381,14:26:11,3.07,0.01,26,7982,买盘
382,14:26:05,3.06,--,53,16218,卖盘
383,14:26:00,3.06,--,23,7038,卖盘
384,14:25:51,3.06,--,4,1224,卖盘
385,14:25:45,3.06,-0.01,61,18666,卖盘
386,14:25:41,3.07,0.01,153,46971,买盘
387,14:25:35,3.06,-0.01,1604,490995,卖盘
388,14:25:30,3.07,0.01,1155,354585,买盘
389,14:25:26,3.06,--,187,57222,卖盘
390,14:25:21,3.06,--,36,11016,卖盘
391,14:25:15,3.06,-0.01,276,84456,卖盘
392,14:25:11,3.07,0.01,51,15657,买盘
393,14:25:05,3.06,-0.01,55,16830,卖盘
394,14:25:00,3.07,0.01,64,19648,买盘
395,14:24:55,3.06,-0.01,5,1530,卖盘
396,14:24:51,3.07,0.01,183,56181,买盘
397,14:24:45,3.06,-0.01,80,24480,卖盘
398,14:24:41,3.07,0.01,3,921,买盘
399,14:24:35,3.06,--,329,100674,卖盘
400,14:24:30,3.06,-0.01,13,4271,卖盘
401,14:24:25,3.07,0.01,49,15043,买盘
402,14:24:21,3.06,-0.01,21,6426,卖盘
403,14:24:15,3.07,--,159,48813,买盘
404,14:24:10,3.07,0.01,10,3070,买盘
405,14:24:05,3.06,-0.01,53,16218,卖盘
406,14:24:00,3.07,0.01,20,6140,买盘
407,14:23:50,3.06,-0.01,13,4265,卖盘
408,14:23:45,3.07,0.01,65,19955,买盘
409,14:23:40,3.06,--,38,11628,卖盘
410,14:23:35,3.06,-0.01,96,29376,卖盘
411,14:23:30,3.07,--,102,31314,买盘
412,14:23:25,3.07,0.01,31,9517,买盘
413,14:23:21,3.06,--,1053,322218,卖盘
414,14:23:15,3.06,-0.01,452,138312,卖盘
415,14:23:10,3.07,0.01,5,1535,买盘
416,14:23:05,3.06,-0.01,10601,3243906,卖盘
417,14:23:00,3.07,0.01,392,120344,买盘
418,14:22:55,3.06,--,65,19890,卖盘
419,14:22:50,3.06,--,1057,323442,卖盘
420,14:22:45,3.06,--,797,244053,卖盘
421,14:22:39,3.06,--,374,114444,卖盘
422,14:22:35,3.06,-0.01,52,15912,卖盘
423,14:22:30,3.07,--,7,2149,买盘
424,14:22:25,3.07,--,401,123107,买盘
425,14:22:20,3.07,--,104,31928,买盘
426,14:22:15,3.07,--,72,22104,买盘
427,14:22:09,3.07,0.01,890,273230,买盘
428,14:22:05,3.06,--,54,16524,卖盘
429,14:22:00,3.06,-0.01,22,6732,卖盘
430,14:21:54,3.07,--,9,2763,买盘
431,14:21:50,3.07,--,5,1535,买盘
432,14:21:45,3.07,--,53,16271,买盘
433,14:21:39,3.07,0.01,6,1842,买盘
434,14:21:35,3.06,-0.01,53,16218,卖盘
435,14:21:30,3.07,--,34,10438,买盘
436,14:21:24,3.07,--,187,57409,买盘
437,14:21:20,3.07,0.01,5,1535,买盘
438,14:21:15,3.06,-0.01,1489,455634,卖盘
439,14:21:09,3.07,0.01,6,1842,买盘
440,14:21:05,3.06,-0.01,52,15912,卖盘
441,14:20:59,3.07,--,690,211830,买盘
442,14:20:54,3.07,--,97,29779,买盘
443,14:20:50,3.07,--,144,44208,买盘
444,14:20:44,3.07,--,53,16271,买盘
445,14:20:39,3.07,0.01,145,44515,买盘
446,14:20:35,3.06,-0.01,124,37999,卖盘
447,14:20:29,3.07,0.01,6,1842,买盘
448,14:20:24,3.06,-0.01,62,18972,卖盘
449,14:20:20,3.07,0.01,54,16578,买盘
450,14:20:14,3.06,-0.01,102,31392,卖盘
451,14:20:09,3.07,0.01,203,62321,买盘
452,14:20:05,3.06,--,585,179010,卖盘
453,14:19:59,3.06,-0.01,713,218349,卖盘
454,14:19:54,3.07,--,62,19034,买盘
455,14:19:50,3.07,--,55,16885,买盘
456,14:19:44,3.07,0.01,1703,522821,买盘
457,14:19:39,3.06,-0.01,361,110466,卖盘
458,14:19:35,3.07,--,497,152579,买盘
459,14:19:30,3.07,--,828,254196,买盘
460,14:19:24,3.07,--,332,101973,买盘
461,14:19:20,3.07,--,4,1228,买盘
462,14:19:14,3.07,0.01,255,78285,买盘
463,14:19:09,3.06,--,134,41004,卖盘
464,14:19:04,3.06,--,133,40698,卖盘
465,14:18:59,3.06,--,63,19278,卖盘
466,14:18:54,3.06,-0.01,59,18054,卖盘
467,14:18:50,3.07,0.01,3,921,买盘
468,14:18:44,3.06,-0.01,235,71910,卖盘
469,14:18:39,3.07,--,6,1842,买盘
470,14:18:35,3.07,--,68,20876,买盘
471,14:18:29,3.07,0.01,1493,458351,买盘
472,14:18:24,3.06,-0.01,61,18666,卖盘
473,14:18:19,3.07,--,300,92100,买盘
474,14:18:14,3.07,--,394,120958,买盘
475,14:18:09,3.07,--,10,3070,买盘
476,14:18:05,3.07,0.01,258,79206,买盘
477,14:17:59,3.06,-0.01,22,6732,卖盘
478,14:17:54,3.07,0.01,404,124028,买盘
479,14:17:49,3.06,--,202,61812,卖盘
480,14:17:44,3.06,-0.01,3189,975834,卖盘
481,14:17:39,3.07,0.01,2327,714389,买盘
482,14:17:35,3.06,-0.01,82,25092,卖盘
483,14:17:29,3.07,0.01,771,236697,买盘
484,14:17:24,3.06,-0.01,2,612,卖盘
485,14:17:20,3.07,--,6,1842,买盘
486,14:17:14,3.07,0.01,205,62935,买盘
487,14:17:09,3.06,-0.01,970,296820,卖盘
488,14:17:04,3.07,0.01,64,19648,买盘
489,14:16:59,3.06,-0.01,53,16218,卖盘
490,14:16:54,3.07,--,21,6447,买盘
491,14:16:49,3.07,--,5,1535,买盘
492,14:16:44,3.07,0.01,4281,1314267,买盘
493,14:16:39,3.06,-0.01,8806,2694636,卖盘
494,14:16:34,3.07,--,132,40524,买盘
495,14:16:29,3.07,--,444,136308,买盘
496,14:16:24,3.07,0.01,24,7368,买盘
497,14:16:19,3.06,-0.01,5,1530,卖盘
498,14:16:14,3.07,--,41,12587,买盘
499,14:16:09,3.07,0.01,31,9517,买盘
500,14:16:04,3.06,--,213,65178,卖盘
501,14:15:59,3.06,-0.01,119,36414,卖盘
502,14:15:54,3.07,0.01,9,2763,买盘
503,14:15:48,3.06,--,86,26316,卖盘
504,14:15:44,3.06,--,1108,339048,卖盘
505,14:15:39,3.06,--,26,7956,卖盘
506,14:15:33,3.06,-0.01,102,31212,卖盘
507,14:15:29,3.07,0.01,155,47585,买盘
508,14:15:24,3.06,-0.01,765,234090,卖盘
509,14:15:18,3.07,--,44,13508,买盘
510,14:15:14,3.07,--,3,921,买盘
511,14:15:09,3.07,0.01,315,96705,买盘
512,14:15:03,3.06,-0.01,162,49572,卖盘
513,14:14:59,3.07,0.01,14,4298,买盘
514,14:14:54,3.06,-0.01,694,212364,卖盘
515,14:14:48,3.07,0.01,5,1535,买盘
516,14:14:44,3.06,-0.01,98,29988,卖盘
517,14:14:39,3.07,0.01,3,921,买盘
518,14:14:33,3.06,--,84,25704,卖盘
519,14:14:29,3.06,--,5,1530,卖盘
520,14:14:24,3.06,-0.01,1445,442170,卖盘
521,14:14:18,3.07,0.01,545,167315,买盘
522,14:14:14,3.06,--,362,110772,卖盘
523,14:14:08,3.06,--,2103,643518,卖盘
524,14:14:03,3.06,-0.01,68,20808,卖盘
525,14:13:59,3.07,0.01,279,85653,买盘
526,14:13:53,3.06,-0.01,2084,637704,卖盘
527,14:13:48,3.07,--,474,145518,买盘
528,14:13:38,3.07,0.01,4,1228,买盘
529,14:13:33,3.06,-0.01,72,22032,卖盘
530,14:13:29,3.07,0.01,4,1228,买盘
531,14:13:18,3.06,-0.01,131,40086,卖盘
532,14:13:08,3.07,0.01,1475,452825,买盘
533,14:13:03,3.06,-0.01,2436,745718,卖盘
534,14:12:58,3.07,--,5,1535,买盘
535,14:12:53,3.07,--,101,31007,买盘
536,14:12:48,3.07,0.01,34,10438,买盘
537,14:12:43,3.06,--,1,306,卖盘
538,14:12:39,3.06,--,4,1224,卖盘
539,14:12:33,3.06,--,194,59364,卖盘
540,14:12:28,3.06,-0.01,7,2142,卖盘
541,14:12:23,3.07,0.01,451,138457,买盘
542,14:12:18,3.06,-0.01,7,2142,卖盘
543,14:12:08,3.07,0.01,13,3991,买盘
544,14:12:03,3.06,-0.01,144,44064,卖盘
545,14:11:58,3.07,0.01,3,921,买盘
546,14:11:48,3.06,--,11382,3482892,卖盘
547,14:11:43,3.06,-0.01,1,306,卖盘
548,14:11:38,3.07,0.01,676,207532,买盘
549,14:11:33,3.06,-0.01,54,16524,卖盘
550,14:11:28,3.07,0.01,6,1842,买盘
551,14:11:23,3.06,--,519,158985,卖盘
552,14:11:18,3.06,-0.01,321,98226,卖盘
553,14:11:13,3.07,--,3,921,买盘
554,14:11:08,3.07,0.01,9,2763,买盘
555,14:11:03,3.06,-0.01,190,58140,卖盘
556,14:10:58,3.07,0.01,3,921,买盘
557,14:10:53,3.06,-0.01,1,306,卖盘
558,14:10:48,3.07,0.01,4,1228,买盘
559,14:10:43,3.06,--,139,42534,卖盘
560,14:10:38,3.06,--,23,7038,卖盘
561,14:10:33,3.06,-0.01,165,50490,卖盘
562,14:10:28,3.07,0.01,5,1535,买盘
563,14:10:23,3.06,-0.01,764,233784,卖盘
564,14:10:18,3.07,0.01,1155,354585,买盘
565,14:10:13,3.06,-0.01,143,43758,卖盘
566,14:10:08,3.07,0.01,7,2149,买盘
567,14:10:03,3.06,-0.01,70,21420,卖盘
568,14:09:58,3.07,--,5,1535,买盘
569,14:09:53,3.07,--,743,228101,买盘
570,14:09:48,3.07,--,220,67540,买盘
571,14:09:38,3.07,0.01,6,1842,买盘
572,14:09:33,3.06,-0.01,73,22338,卖盘
573,14:09:28,3.07,0.01,6,1842,买盘
574,14:09:23,3.06,-0.01,1,306,卖盘
575,14:09:18,3.07,--,502,154114,买盘
576,14:09:13,3.07,0.01,4,1228,买盘
577,14:09:08,3.06,--,673,205938,卖盘
578,14:09:03,3.06,-0.01,1170,358020,卖盘
579,14:08:58,3.07,0.01,13,3991,买盘
580,14:08:53,3.06,-0.01,1,306,卖盘
581,14:08:48,3.07,0.01,204,62628,买盘
582,14:08:43,3.06,-0.01,1,306,卖盘
583,14:08:38,3.07,0.01,163,50041,买盘
584,14:08:33,3.06,-0.01,54,16524,卖盘
585,14:08:27,3.07,--,6,1842,买盘
586,14:08:23,3.07,--,391,120037,买盘
587,14:08:18,3.07,--,3,921,买盘
588,14:08:12,3.07,--,24,7368,买盘
589,14:08:08,3.07,0.01,161,49427,买盘
590,14:08:03,3.06,-0.01,137,41922,卖盘
591,14:07:57,3.07,0.01,541,166087,买盘
592,14:07:53,3.06,-0.01,1,306,卖盘
593,14:07:48,3.07,--,1177,361339,买盘
594,14:07:42,3.07,--,4,1228,买盘
595,14:07:38,3.07,0.01,5,1535,买盘
596,14:07:33,3.06,-0.01,83,25398,卖盘
597,14:07:27,3.07,--,15,4605,买盘
598,14:07:17,3.07,--,5,1535,买盘
599,14:07:12,3.07,--,3,921,买盘
600,14:07:08,3.07,--,3,921,买盘
601,14:07:02,3.07,--,778,238846,买盘
602,14:06:57,3.07,0.01,285,87495,买盘
603,14:06:53,3.06,-0.01,536,164016,卖盘
604,14:06:47,3.07,--,445,136615,买盘
605,14:06:42,3.07,0.01,4,1228,买盘
606,14:06:38,3.06,--,102,31212,卖盘
607,14:06:32,3.06,-0.01,3559,1089054,卖盘
608,14:06:27,3.07,--,8165,2506768,买盘
609,14:06:17,3.07,--,4,1228,买盘
610,14:06:12,3.07,0.01,297,91179,买盘
611,14:06:08,3.06,--,1,306,卖盘
612,14:06:02,3.06,-0.01,911,278766,卖盘
613,14:05:57,3.07,0.01,153,46971,买盘
614,14:05:47,3.06,-0.01,930,284580,卖盘
615,14:05:38,3.07,0.01,4,1228,买盘
616,14:05:32,3.06,-0.01,166,50796,卖盘
617,14:05:27,3.07,--,773,237311,买盘
618,14:05:22,3.07,0.01,178,54646,买盘
619,14:05:17,3.06,--,1014,310284,卖盘
620,14:05:12,3.06,-0.01,4,1224,卖盘
621,14:05:07,3.07,0.01,151,46357,买盘
622,14:05:02,3.06,-0.01,276,84456,卖盘
623,14:04:57,3.07,0.01,24,7368,买盘
624,14:04:48,3.06,-0.01,30,9180,卖盘
625,14:04:37,3.07,0.01,3,921,买盘
626,14:04:32,3.06,--,359,109854,卖盘
627,14:04:27,3.06,-0.01,65,19890,卖盘
628,14:04:17,3.07,0.01,305,93635,买盘
629,14:04:12,3.06,--,152,46512,卖盘
630,14:04:07,3.06,--,5,1530,卖盘
631,14:04:02,3.06,-0.01,70,21420,卖盘
632,14:03:57,3.07,0.01,3,921,买盘
633,14:03:52,3.06,--,159,48654,卖盘
634,14:03:47,3.06,-0.01,299,91494,卖盘
635,14:03:42,3.07,0.01,3,921,买盘
636,14:03:32,3.06,-0.01,479,146574,卖盘
637,14:03:27,3.07,0.01,5,1535,买盘
638,14:03:22,3.06,-0.01,1,306,卖盘
639,14:03:17,3.07,--,60,18420,买盘
640,14:03:12,3.07,--,3,921,买盘
641,14:03:07,3.07,0.01,4,1228,买盘
642,14:03:02,3.06,--,178,54468,卖盘
643,14:02:57,3.06,--,5,1530,卖盘
644,14:02:47,3.06,-0.01,243,74358,卖盘
645,14:02:42,3.07,--,1,307,买盘
646,14:02:37,3.07,0.01,4,1228,买盘
647,14:02:32,3.06,-0.01,205,62730,卖盘
648,14:02:27,3.07,--,28299,8687793,买盘
649,14:02:22,3.07,0.01,6,1842,买盘
650,14:02:17,3.06,-0.01,405,123930,卖盘
651,14:02:12,3.07,--,6,1842,买盘
652,14:02:07,3.07,0.01,110,33770,买盘
653,14:02:02,3.06,-0.01,171,52326,卖盘
654,14:01:57,3.07,--,104,31928,买盘
655,14:01:52,3.07,0.01,1,307,买盘
656,14:01:47,3.06,--,9,2754,卖盘
657,14:01:42,3.06,-0.01,101,30906,卖盘
658,14:01:37,3.07,--,187,57409,买盘
659,14:01:27,3.07,0.01,32,9824,买盘
660,14:01:21,3.06,-0.01,602,184212,卖盘
661,14:01:17,3.07,--,4,1228,买盘
662,14:01:12,3.07,--,279,85653,买盘
663,14:01:06,3.07,0.01,85,26095,买盘
664,14:01:02,3.06,-0.01,117,35802,卖盘
665,14:00:57,3.07,0.01,460,141220,买盘
666,14:00:51,3.06,-0.01,122,37332,卖盘
667,14:00:47,3.07,0.01,10,3070,买盘
668,14:00:42,3.06,--,301,92106,卖盘
669,14:00:36,3.06,--,170,52020,卖盘
670,14:00:32,3.06,-0.01,308,94248,卖盘
671,14:00:27,3.07,0.01,238,73066,买盘
672,14:00:21,3.06,-0.01,2,612,卖盘
673,14:00:17,3.07,--,192,58944,买盘
674,14:00:11,3.07,--,3,921,买盘
675,14:00:06,3.07,0.01,227,69689,买盘
676,14:00:02,3.06,-0.01,218,66708,卖盘
677,13:59:56,3.07,--,226,69382,买盘
678,13:59:47,3.07,0.01,3,921,买盘
679,13:59:41,3.06,-0.01,101,30906,卖盘
680,13:59:36,3.07,0.01,157,48199,买盘
681,13:59:32,3.06,-0.01,388,118728,卖盘
682,13:59:26,3.07,--,187,57409,买盘
683,13:59:21,3.07,0.01,429,131703,买盘
684,13:59:11,3.06,-0.01,120,36720,卖盘
685,13:59:06,3.07,0.01,96,29472,买盘
686,13:59:02,3.06,-0.01,17,5202,卖盘
687,13:58:56,3.07,0.01,107,32849,买盘
688,13:58:51,3.06,--,4555,1394126,卖盘
689,13:58:47,3.06,-0.01,101,30906,卖盘
690,13:58:41,3.07,--,24,7368,买盘
691,13:58:36,3.07,--,158,48506,买盘
692,13:58:26,3.07,0.01,106,32542,买盘
693,13:58:21,3.06,--,8,2448,卖盘
694,13:58:17,3.06,-0.01,101,30906,卖盘
695,13:58:11,3.07,--,4,1228,买盘
696,13:58:06,3.07,0.01,156,47892,买盘
697,13:58:02,3.06,-0.01,17,5202,卖盘
698,13:57:56,3.07,0.01,13,3991,买盘
699,13:57:51,3.06,-0.01,100,30600,卖盘
700,13:57:47,3.07,0.01,3,921,买盘
701,13:57:41,3.06,-0.01,100,30600,卖盘
702,13:57:36,3.07,--,57,17499,买盘
703,13:57:32,3.07,--,430,132010,买盘
704,13:57:26,3.07,0.01,1052,322964,买盘
705,13:57:21,3.06,-0.01,104,31824,卖盘
706,13:57:16,3.07,--,4,1228,买盘
707,13:57:11,3.07,0.01,5,1535,买盘
708,13:57:06,3.06,--,345,105570,卖盘
709,13:57:01,3.06,-0.01,17,5202,卖盘
710,13:56:56,3.07,--,256,78592,买盘
711,13:56:51,3.07,--,1,307,买盘
712,13:56:46,3.07,0.01,104,31928,买盘
713,13:56:41,3.06,-0.01,8007,2450142,卖盘
714,13:56:36,3.07,--,479,147053,买盘
715,13:56:31,3.07,--,120,36840,买盘
716,13:56:26,3.07,--,155,47585,买盘
717,13:56:21,3.07,--,3,921,买盘
718,13:56:16,3.07,0.01,908,278756,买盘
719,13:56:11,3.06,-0.01,13372,4091832,卖盘
720,13:56:06,3.07,0.01,235,72145,买盘
721,13:56:01,3.06,-0.01,17,5202,卖盘
722,13:55:56,3.07,--,4,1228,买盘
723,13:55:46,3.07,--,525,161254,卖盘
724,13:55:41,3.07,-0.01,184,56488,卖盘
725,13:55:36,3.08,0.01,68,20944,买盘
726,13:55:26,3.07,--,605,185735,卖盘
727,13:55:21,3.07,-0.01,100,30700,卖盘
728,13:55:16,3.08,--,93,28644,买盘
729,13:55:11,3.08,--,56,17248,买盘
730,13:55:06,3.08,0.01,204,63059,买盘
731,13:55:01,3.07,--,166,50962,卖盘
732,13:54:56,3.07,--,391,120037,买盘
733,13:54:46,3.07,--,137,42059,买盘
734,13:54:36,3.07,--,1156,354892,买盘
735,13:54:31,3.07,--,4,1228,买盘
736,13:54:26,3.07,0.01,103,31621,买盘
737,13:54:21,3.06,-0.01,498,152388,卖盘
738,13:54:16,3.07,--,103,31621,买盘
739,13:54:11,3.07,--,44,13508,买盘
740,13:54:06,3.07,--,57,17499,买盘
741,13:54:01,3.07,--,245,75215,卖盘
742,13:53:56,3.07,--,100,30700,卖盘
743,13:53:51,3.07,-0.01,132,40524,卖盘
744,13:53:46,3.08,0.01,4,1232,买盘
745,13:53:41,3.07,-0.01,100,30700,卖盘
746,13:53:36,3.08,0.01,202,62216,买盘
747,13:53:31,3.07,--,124,38068,卖盘
748,13:53:15,3.07,--,171,52497,买盘
749,13:53:11,3.07,--,3,921,买盘
750,13:53:05,3.07,-0.01,164,50348,卖盘
751,13:53:00,3.08,0.02,195,60060,买盘
752,13:52:56,3.06,--,100,30600,卖盘
753,13:52:50,3.06,-0.01,12,3672,卖盘
754,13:52:45,3.07,0.01,105,32235,买盘
755,13:52:41,3.06,-0.01,50,15300,卖盘
756,13:52:35,3.07,--,247,75829,买盘
757,13:52:30,3.07,0.01,59,18113,买盘
758,13:52:20,3.06,-0.01,277,84762,卖盘
759,13:52:15,3.07,--,204,62628,买盘
760,13:52:10,3.07,--,103,31621,买盘
761,13:52:05,3.07,0.01,71,21797,买盘
762,13:52:00,3.06,--,21,6426,卖盘
763,13:51:56,3.06,--,0,0,卖盘
764,13:51:50,3.06,-0.01,110,33660,卖盘
765,13:51:45,3.07,--,3,921,买盘
766,13:51:40,3.07,0.01,54,16578,买盘
767,13:51:35,3.06,--,168,51408,卖盘
768,13:51:30,3.06,-0.01,113,34578,卖盘
769,13:51:26,3.07,--,94,28858,买盘
770,13:51:20,3.07,--,17,5219,买盘
771,13:51:15,3.07,--,118,36226,买盘
772,13:51:11,3.07,--,3,921,买盘
773,13:51:05,3.07,--,332,101924,买盘
774,13:51:00,3.07,0.01,70,21490,买盘
775,13:50:56,3.06,-0.01,100,30600,卖盘
776,13:50:50,3.07,--,101,31007,买盘
777,13:50:45,3.07,--,55,16885,买盘
778,13:50:41,3.07,-0.01,16,4912,卖盘
779,13:50:35,3.08,0.02,707,217756,买盘
780,13:50:30,3.06,-0.01,28,8568,卖盘
781,13:50:25,3.07,0.01,15,4605,买盘
782,13:50:20,3.06,-0.01,151,46206,卖盘
783,13:50:15,3.07,0.01,65,19955,买盘
784,13:50:11,3.06,--,318,97308,卖盘
785,13:50:05,3.06,--,1304,399024,卖盘
786,13:50:00,3.06,-0.01,832,254592,卖盘
787,13:49:55,3.07,--,776,238232,卖盘
788,13:49:50,3.07,-0.01,238,73066,卖盘
789,13:49:45,3.08,0.01,3,924,买盘
790,13:49:35,3.07,-0.01,157,48199,卖盘
791,13:49:30,3.08,--,235,72380,买盘
792,13:49:25,3.08,0.01,1155,355740,买盘
793,13:49:20,3.07,-0.01,4308,1322556,卖盘
794,13:49:15,3.08,--,148,45584,买盘
795,13:49:05,3.08,0.01,286,88088,买盘
796,13:49:00,3.07,--,509,156263,卖盘
797,13:48:50,3.07,-0.01,101,31007,卖盘
798,13:48:45,3.08,--,846,260568,买盘
799,13:48:40,3.08,0.01,30,9240,买盘
800,13:48:35,3.07,--,170,52190,卖盘
801,13:48:30,3.07,-0.01,1236,379452,卖盘
802,13:48:25,3.08,0.01,52,16016,买盘
803,13:48:20,3.07,-0.01,222,68154,卖盘
804,13:48:15,3.08,--,18,5544,买盘
805,13:48:10,3.08,--,123,37884,买盘
806,13:48:05,3.08,0.01,55,16940,买盘
807,13:48:00,3.07,-0.01,306,93942,卖盘
808,13:47:55,3.08,0.01,4,1232,买盘
809,13:47:50,3.07,--,1,307,卖盘
810,13:47:45,3.07,--,218,66926,卖盘
811,13:47:40,3.07,-0.01,28,8596,卖盘
812,13:47:35,3.08,--,303,93324,买盘
813,13:47:30,3.08,--,585,180180,买盘
814,13:47:25,3.08,--,106,32648,买盘
815,13:47:15,3.08,--,559,172172,买盘
816,13:47:10,3.08,0.01,340,104720,买盘
817,13:47:05,3.07,-0.01,300,92100,卖盘
818,13:47:00,3.08,--,528,162624,买盘
819,13:46:55,3.08,--,556,171248,买盘
820,13:46:45,3.08,0.01,4,1232,买盘
821,13:46:40,3.07,--,114,34998,卖盘
822,13:46:35,3.07,-0.01,53,16271,卖盘
823,13:46:30,3.08,--,213,65604,买盘
824,13:46:25,3.08,0.01,1162,357896,买盘
825,13:46:20,3.07,-0.01,100,30700,卖盘
826,13:46:15,3.08,--,3,924,买盘
827,13:46:10,3.08,0.01,108,33264,买盘
828,13:46:05,3.07,--,54,16578,卖盘
829,13:45:59,3.07,-0.01,235,72145,卖盘
830,13:45:55,3.08,0.01,95,29260,买盘
831,13:45:44,3.07,-0.01,9,2763,中性盘
832,13:45:39,3.08,0.02,3,924,买盘
833,13:45:34,3.06,-0.01,153,46818,卖盘
834,13:45:29,3.07,--,107,32849,买盘
835,13:45:24,3.07,-0.01,30,9210,卖盘
836,13:45:14,3.08,0.01,110,33880,买盘
837,13:45:09,3.07,0.01,7,2149,买盘
838,13:45:05,3.06,--,123,37638,卖盘
839,13:44:59,3.06,-0.01,259,79254,卖盘
840,13:44:54,3.07,--,153,46971,买盘
841,13:44:44,3.07,0.01,4,1228,买盘
842,13:44:39,3.06,--,105,32130,卖盘
843,13:44:34,3.06,-0.01,54,16524,卖盘
844,13:44:29,3.07,--,413,126791,买盘
845,13:44:24,3.07,--,3,921,买盘
846,13:44:19,3.07,--,530,162710,买盘
847,13:44:14,3.07,--,13,3991,买盘
848,13:44:09,3.07,0.01,185,56795,买盘
849,13:44:04,3.06,-0.01,69,21114,卖盘
850,13:43:59,3.07,--,197,60479,买盘
851,13:43:54,3.07,--,201,61707,买盘
852,13:43:44,3.07,--,103,31621,买盘
853,13:43:39,3.07,0.01,30,9210,买盘
854,13:43:34,3.06,-0.01,152,46512,卖盘
855,13:43:24,3.07,0.01,203,62321,买盘
856,13:43:19,3.06,-0.01,1,306,卖盘
857,13:43:14,3.07,--,126,38682,买盘
858,13:43:09,3.07,0.01,6,1842,买盘
859,13:43:04,3.06,--,53,16218,卖盘
860,13:42:59,3.06,-0.01,127,38862,卖盘
861,13:42:54,3.07,--,4,1228,买盘
862,13:42:49,3.07,-0.01,45,13815,卖盘
863,13:42:44,3.08,0.01,3,924,买盘
864,13:42:39,3.07,--,114,34998,卖盘
865,13:42:34,3.07,--,53,16271,卖盘
866,13:42:29,3.07,-0.01,100,30700,卖盘
867,13:42:24,3.08,0.01,3,924,买盘
868,13:42:14,3.07,--,287,88109,买盘
869,13:42:09,3.07,--,123,37761,买盘
870,13:42:04,3.07,--,137,42059,买盘
871,13:41:59,3.07,--,19,5833,买盘
872,13:41:54,3.07,--,158,48506,买盘
873,13:41:44,3.07,--,153,46971,买盘
874,13:41:39,3.07,0.01,26,7982,买盘
875,13:41:34,3.06,-0.01,183,55998,卖盘
876,13:41:29,3.07,-0.01,29,8903,卖盘
877,13:41:24,3.08,--,201,61908,买盘
878,13:41:14,3.08,0.01,427,131688,买盘
879,13:41:09,3.07,--,209,64163,卖盘
880,13:41:04,3.07,--,53,16271,卖盘
881,13:40:59,3.07,-0.01,137,42059,卖盘
882,13:40:54,3.08,0.02,4,1232,买盘
883,13:40:49,3.06,--,127,38862,卖盘
884,13:40:39,3.06,--,104,31824,卖盘
885,13:40:34,3.06,-0.01,109,33354,卖盘
886,13:40:29,3.07,-0.01,364,111748,中性盘
887,13:40:24,3.08,0.02,3,924,买盘
888,13:40:19,3.06,-0.01,104,31824,卖盘
889,13:40:14,3.07,--,10,3070,买盘
890,13:40:09,3.07,0.01,142,43594,买盘
891,13:40:04,3.06,-0.02,70,21420,卖盘
892,13:39:59,3.08,0.01,71,21868,买盘
893,13:39:54,3.07,0.01,1026,315018,买盘
894,13:39:49,3.06,--,95,29070,卖盘
895,13:39:44,3.06,--,208,63648,卖盘
896,13:39:39,3.06,--,123,37638,卖盘
897,13:39:34,3.06,-0.02,67,20636,卖盘
898,13:39:23,3.08,0.01,104,32032,买盘
899,13:39:19,3.07,-0.01,93,28551,卖盘
900,13:39:08,3.08,0.01,307,94556,买盘
901,13:39:04,3.07,--,1730,531281,卖盘
902,13:38:59,3.07,-0.01,100,30700,卖盘
903,13:38:53,3.08,0.01,104,32032,买盘
904,13:38:49,3.07,--,145,44515,卖盘
905,13:38:44,3.07,--,200,61400,卖盘
906,13:38:39,3.07,-0.01,121,37147,卖盘
907,13:38:34,3.08,0.01,269,82852,买盘
908,13:38:23,3.07,--,104,31928,卖盘
909,13:38:19,3.07,-0.01,155,47585,卖盘
910,13:38:08,3.08,0.01,541,166800,买盘
911,13:38:03,3.07,-0.01,193,59251,卖盘
912,13:37:53,3.08,0.01,114,35112,买盘
913,13:37:48,3.07,--,12,3684,卖盘
914,13:37:44,3.07,0.01,1218,373926,买盘
915,13:37:38,3.06,--,104,31824,卖盘
916,13:37:33,3.06,-0.01,333,101898,卖盘
917,13:37:29,3.07,--,278,85346,买盘
918,13:37:23,3.07,0.01,215,66005,买盘
919,13:37:18,3.06,-0.01,313,95778,卖盘
920,13:37:08,3.07,0.01,554,170078,买盘
921,13:37:03,3.06,--,320,97920,卖盘
922,13:36:59,3.06,-0.01,150,45900,卖盘
923,13:36:53,3.07,--,116,35612,买盘
924,13:36:48,3.07,--,408,125256,买盘
925,13:36:43,3.07,--,201,61707,买盘
926,13:36:38,3.07,--,222,68154,买盘
927,13:36:33,3.07,--,630,193410,买盘
928,13:36:23,3.07,--,177,54339,买盘
929,13:36:18,3.07,--,33,10131,买盘
930,13:36:13,3.07,--,388,119116,买盘
931,13:36:08,3.07,--,53,16271,买盘
932,13:36:03,3.07,--,406,124642,买盘
933,13:35:58,3.07,--,82,25174,买盘
934,13:35:53,3.07,0.01,1537,471859,买盘
935,13:35:48,3.06,-0.01,183,55998,卖盘
936,13:35:43,3.07,0.01,29,8903,买盘
937,13:35:38,3.06,-0.01,439,134334,卖盘
938,13:35:33,3.07,--,566,173762,买盘
939,13:35:23,3.07,0.01,298,91486,买盘
940,13:35:18,3.06,-0.01,526,160956,卖盘
941,13:35:13,3.07,--,74,22718,买盘
942,13:35:08,3.07,--,311,95477,买盘
943,13:35:03,3.07,--,75,23025,买盘
944,13:34:58,3.07,0.01,312,95784,买盘
945,13:34:53,3.06,--,85,26010,卖盘
946,13:34:48,3.06,-0.01,103,31518,卖盘
947,13:34:43,3.07,--,100,30700,买盘
948,13:34:38,3.07,--,1089,334323,买盘
949,13:34:33,3.07,0.01,191,58637,买盘
950,13:34:28,3.06,-0.01,1,306,卖盘
951,13:34:23,3.07,--,103,31621,买盘
952,13:34:18,3.07,0.01,61,18727,买盘
953,13:34:13,3.06,-0.01,104,31824,卖盘
954,13:34:03,3.07,0.01,196,60172,买盘
955,13:33:58,3.06,-0.01,39,11934,卖盘
956,13:33:53,3.07,0.01,2004,615228,买盘
957,13:33:48,3.06,--,105,32130,卖盘
958,13:33:43,3.06,-0.01,117,35802,卖盘
959,13:33:33,3.07,0.01,81,24867,买盘
960,13:33:28,3.06,-0.01,105,32130,卖盘
961,13:33:22,3.07,0.01,6,1842,买盘
962,13:33:18,3.06,--,103,31518,卖盘
963,13:33:13,3.06,--,7,2142,卖盘
964,13:33:07,3.06,-0.01,100,30600,卖盘
965,13:33:03,3.07,0.01,117,35919,买盘
966,13:32:58,3.06,--,110,33660,卖盘
967,13:32:48,3.06,--,109,33354,卖盘
968,13:32:43,3.06,--,1,306,卖盘
969,13:32:37,3.06,-0.01,5,1530,卖盘
970,13:32:32,3.07,0.01,159,48813,买盘
971,13:32:28,3.06,--,8,2448,卖盘
972,13:32:22,3.06,-0.01,134,41004,卖盘
973,13:32:17,3.07,0.01,89,27323,买盘
974,13:32:13,3.06,--,110,33660,卖盘
975,13:32:07,3.06,-0.01,1,306,卖盘
976,13:32:03,3.07,0.01,196,60172,买盘
977,13:31:58,3.06,-0.01,8,2448,卖盘
978,13:31:52,3.07,--,105,32235,买盘
979,13:31:47,3.07,0.01,115,35305,买盘
980,13:31:43,3.06,--,114,34884,卖盘
981,13:31:37,3.06,--,100,30600,卖盘
982,13:31:32,3.06,--,125,38250,卖盘
983,13:31:28,3.06,--,106,32436,卖盘
984,13:31:22,3.06,--,1,306,卖盘
985,13:31:17,3.06,--,110,33660,卖盘
986,13:31:13,3.06,--,9,2754,卖盘
987,13:31:07,3.06,--,1,306,卖盘
988,13:31:02,3.06,--,274,83844,卖盘
989,13:30:58,3.06,-0.01,109,33354,卖盘
990,13:30:52,3.07,0.01,9,2763,买盘
991,13:30:47,3.06,--,8,2448,卖盘
992,13:30:43,3.06,-0.01,100,30600,卖盘
993,13:30:37,3.07,0.01,60,18420,买盘
994,13:30:32,3.06,-0.01,179,54774,卖盘
995,13:30:27,3.07,--,17,5219,买盘
996,13:30:22,3.07,--,102,31314,买盘
997,13:30:17,3.07,0.01,4,1228,买盘
998,13:30:12,3.06,-0.01,109,33354,卖盘
999,13:30:02,3.07,0.01,173,53111,买盘
1000,13:29:57,3.06,--,141,43146,卖盘
1001,13:29:52,3.06,--,4,1224,卖盘
1002,13:29:47,3.06,--,151,46206,卖盘
1003,13:29:42,3.06,--,5,1530,卖盘
1004,13:29:37,3.06,--,104,31824,卖盘
1005,13:29:32,3.06,--,63,19278,卖盘
1006,13:29:27,3.06,--,108,33048,卖盘
1007,13:29:22,3.06,-0.01,10,3060,卖盘
1008,13:29:17,3.07,--,126,38682,买盘
1009,13:29:12,3.07,0.01,3,921,买盘
1010,13:29:07,3.06,--,5,1530,卖盘
1011,13:29:02,3.06,-0.01,192,58752,卖盘
1012,13:28:57,3.07,0.01,9,2763,买盘
1013,13:28:52,3.06,--,128,39168,卖盘
1014,13:28:47,3.06,--,29,8874,卖盘
1015,13:28:42,3.06,--,100,30600,卖盘
1016,13:28:32,3.06,--,174,53244,卖盘
1017,13:28:27,3.06,--,5,1530,卖盘
1018,13:28:22,3.06,--,195,59670,卖盘
1019,13:28:17,3.06,--,104,31824,卖盘
1020,13:28:12,3.06,--,112,34272,卖盘
1021,13:28:07,3.06,--,1,306,卖盘
1022,13:28:02,3.06,--,79,24174,卖盘
1023,13:27:57,3.06,--,105,32130,卖盘
1024,13:27:47,3.06,--,119,36414,卖盘
1025,13:27:42,3.06,--,5,1530,卖盘
1026,13:27:37,3.06,--,124,37944,卖盘
1027,13:27:32,3.06,--,86,26316,卖盘
1028,13:27:27,3.06,--,112,34272,卖盘
1029,13:27:16,3.06,--,8,2448,卖盘
1030,13:27:12,3.06,--,106,32436,卖盘
1031,13:27:07,3.06,--,8,2448,卖盘
1032,13:27:02,3.06,--,205,62730,卖盘
1033,13:26:57,3.06,--,7,2142,卖盘
1034,13:26:52,3.06,-0.01,107,32742,卖盘
1035,13:26:46,3.07,--,2,614,买盘
1036,13:26:42,3.07,0.01,111,34077,买盘
1037,13:26:37,3.06,--,103,31518,卖盘
1038,13:26:31,3.06,--,100,30600,卖盘
1039,13:26:27,3.06,--,126,38556,卖盘
1040,13:26:22,3.06,-0.01,106,32436,卖盘
1041,13:26:16,3.07,0.01,8,2456,买盘
1042,13:26:12,3.06,--,9,2754,卖盘
1043,13:26:07,3.06,--,157,48042,卖盘
1044,13:26:01,3.06,--,23,7038,卖盘
1045,13:25:57,3.06,-0.01,104,31824,卖盘
1046,13:25:52,3.07,0.01,25,7675,买盘
1047,13:25:46,3.06,-0.01,152,46512,卖盘
1048,13:25:42,3.07,0.01,41,12587,买盘
1049,13:25:36,3.06,--,184,56304,卖盘
1050,13:25:31,3.06,-0.01,2,612,卖盘
1051,13:25:26,3.07,0.01,115,35305,买盘
1052,13:25:16,3.06,-0.01,4,1224,卖盘
1053,13:25:11,3.07,--,129,39603,买盘
1054,13:25:06,3.07,0.01,131,40217,买盘
1055,13:25:01,3.06,-0.01,116,35496,卖盘
1056,13:24:57,3.07,--,8,2456,买盘
1057,13:24:52,3.07,0.01,112,34384,买盘
1058,13:24:47,3.06,-0.01,1,306,卖盘
1059,13:24:41,3.07,0.01,113,34691,买盘
1060,13:24:37,3.06,--,601,184077,卖盘
1061,13:24:32,3.06,--,50,15300,卖盘
1062,13:24:26,3.06,--,160,48960,卖盘
1063,13:24:22,3.06,-0.01,114,34884,卖盘
1064,13:24:11,3.07,--,16,4912,买盘
1065,13:24:06,3.07,0.01,277,85039,买盘
1066,13:24:01,3.06,--,17,5202,卖盘
1067,13:23:56,3.06,-0.01,104,31824,卖盘
1068,13:23:51,3.07,--,10,3070,买盘
1069,13:23:46,3.07,--,162,49734,买盘
1070,13:23:41,3.07,--,353,108371,买盘
1071,13:23:37,3.07,0.01,530,162710,买盘
1072,13:23:31,3.06,--,34,10404,卖盘
1073,13:23:26,3.06,--,4,1224,卖盘
1074,13:23:21,3.06,-0.01,101,30906,卖盘
1075,13:23:11,3.07,0.01,110,33770,买盘
1076,13:23:06,3.06,--,80,24480,卖盘
1077,13:23:01,3.06,--,117,35802,卖盘
1078,13:22:56,3.06,--,6,1836,卖盘
1079,13:22:51,3.06,--,330,100980,卖盘
1080,13:22:46,3.06,-0.01,2,612,卖盘
1081,13:22:41,3.07,0.01,104,31928,买盘
1082,13:22:36,3.06,--,59,18054,卖盘
1083,13:22:26,3.06,--,110,33660,卖盘
1084,13:22:21,3.06,-0.01,1,306,卖盘
1085,13:22:16,3.07,--,10,3070,买盘
1086,13:22:11,3.07,0.01,20,6140,买盘
1087,13:22:06,3.06,--,76,23256,卖盘
1088,13:22:01,3.06,--,18,5508,卖盘
1089,13:21:56,3.06,--,143,43758,卖盘
1090,13:21:51,3.06,--,79,24174,卖盘
1091,13:21:46,3.06,-0.01,1,306,卖盘
1092,13:21:41,3.07,--,104,31928,买盘
1093,13:21:36,3.07,--,238,73066,买盘
1094,13:21:26,3.07,--,4,1228,买盘
1095,13:21:21,3.07,--,3,921,买盘
1096,13:21:11,3.07,--,9,2763,买盘
1097,13:21:06,3.07,--,577,177310,买盘
1098,13:21:01,3.07,--,28,8596,买盘
1099,13:20:56,3.07,--,8,2456,买盘
1100,13:20:46,3.07,--,126,38682,买盘
1101,13:20:41,3.07,0.01,24,7368,买盘
1102,13:20:36,3.06,-0.01,88,26928,卖盘
1103,13:20:26,3.07,--,29,8903,买盘
1104,13:20:11,3.07,0.01,6,1842,买盘
1105,13:20:06,3.06,--,80,24480,卖盘
1106,13:20:01,3.06,-0.01,17,5202,卖盘
1107,13:19:55,3.07,0.01,3,921,买盘
1108,13:19:51,3.06,-0.01,157,48042,卖盘
1109,13:19:46,3.07,--,4,1228,买盘
1110,13:19:40,3.07,0.01,101,31007,买盘
1111,13:19:36,3.06,-0.01,56,17136,卖盘
1112,13:19:31,3.07,--,202,62014,买盘
1113,13:19:26,3.07,0.01,4,1228,买盘
1114,13:19:21,3.06,-0.01,95,29070,卖盘
1115,13:19:16,3.07,--,154,47278,买盘
1116,13:19:10,3.07,0.01,2,614,买盘
1117,13:19:06,3.06,--,1069,327114,卖盘
1118,13:19:01,3.06,-0.01,22,6732,卖盘
1119,13:18:55,3.07,--,152,46664,买盘
1120,13:18:51,3.07,--,52,15964,买盘
1121,13:18:45,3.07,--,7,2149,买盘
1122,13:18:36,3.07,--,105,32235,买盘
1123,13:18:26,3.07,--,9,2763,买盘
1124,13:18:15,3.07,--,4,1228,买盘
1125,13:18:10,3.07,--,4,1228,买盘
1126,13:18:06,3.07,0.01,256,78592,买盘
1127,13:18:00,3.06,-0.01,17,5202,卖盘
1128,13:17:55,3.07,--,103,31621,买盘
1129,13:17:51,3.07,--,21,6447,买盘
1130,13:17:45,3.07,--,21,6447,买盘
1131,13:17:35,3.07,0.01,82,25174,买盘
1132,13:17:30,3.06,-0.01,2,612,卖盘
1133,13:17:26,3.07,--,13,3991,买盘
1134,13:17:20,3.07,--,20,6140,买盘
1135,13:17:15,3.07,--,287,88109,买盘
1136,13:17:05,3.07,0.01,85,26095,买盘
1137,13:17:00,3.06,-0.01,37,11322,卖盘
1138,13:16:55,3.07,--,64,19648,买盘
1139,13:16:50,3.07,--,4,1228,买盘
1140,13:16:45,3.07,0.01,126,38682,买盘
1141,13:16:35,3.06,-0.01,69,21114,卖盘
1142,13:16:26,3.07,--,3,921,买盘
1143,13:16:20,3.07,--,34,10438,买盘
1144,13:16:15,3.07,--,39,11973,买盘
1145,13:16:05,3.07,0.01,95,29165,买盘
1146,13:16:00,3.06,-0.01,17,5202,卖盘
1147,13:15:55,3.07,--,10,3070,买盘
1148,13:15:50,3.07,--,85,26095,买盘
1149,13:15:45,3.07,--,4,1228,买盘
1150,13:15:40,3.07,0.01,78,23946,买盘
1151,13:15:35,3.06,--,83,25398,卖盘
1152,13:15:25,3.06,--,18,5508,卖盘
1153,13:15:20,3.06,-0.01,275,84150,卖盘
1154,13:15:15,3.07,--,6,1842,买盘
1155,13:15:10,3.07,--,47,14429,买盘
1156,13:15:05,3.07,0.01,252,77364,买盘
1157,13:15:00,3.06,-0.01,179,54774,卖盘
1158,13:14:55,3.07,0.01,5,1535,买盘
1159,13:14:50,3.06,-0.01,1,306,卖盘
1160,13:14:45,3.07,--,25,7675,买盘
1161,13:14:35,3.07,--,114,34998,买盘
1162,13:14:30,3.07,--,32,9824,买盘
1163,13:14:20,3.07,--,4,1228,买盘
1164,13:14:15,3.07,--,5,1535,买盘
1165,13:14:10,3.07,--,5,1535,买盘
1166,13:14:05,3.07,0.01,77,23639,买盘
1167,13:14:00,3.06,-0.01,18,5508,卖盘
1168,13:13:55,3.07,--,3,921,买盘
1169,13:13:50,3.07,--,405,124335,买盘
1170,13:13:45,3.07,--,5,1535,买盘
1171,13:13:40,3.07,0.01,6,1842,买盘
1172,13:13:35,3.06,-0.01,128,39168,卖盘
1173,13:13:30,3.07,--,16,4912,买盘
1174,13:13:25,3.07,--,1,307,买盘
1175,13:13:20,3.07,--,26,7982,买盘
1176,13:13:15,3.07,0.01,6,1842,买盘
1177,13:13:10,3.06,-0.01,4,1224,卖盘
1178,13:13:05,3.07,--,69,21183,买盘
1179,13:13:00,3.07,--,29,8903,买盘
1180,13:12:50,3.07,--,96,29772,买盘
1181,13:12:45,3.07,0.01,5,1535,买盘
1182,13:12:40,3.06,--,21,6426,卖盘
1183,13:12:34,3.06,-0.01,80,24480,卖盘
1184,13:12:30,3.07,--,1,307,买盘
1185,13:12:25,3.07,--,6,1842,买盘
1186,13:12:19,3.07,--,1,307,买盘
1187,13:12:15,3.07,--,49,15043,买盘
1188,13:12:10,3.07,0.01,93,28551,买盘
1189,13:12:04,3.06,-0.01,79,24174,卖盘
1190,13:12:00,3.07,--,55,16885,买盘
1191,13:11:55,3.07,--,21,6447,买盘
1192,13:11:45,3.07,--,46,14122,买盘
1193,13:11:40,3.07,--,21,6447,买盘
1194,13:11:34,3.07,--,57,17499,买盘
1195,13:11:30,3.07,--,1,307,买盘
1196,13:11:25,3.07,0.01,6,1842,买盘
1197,13:11:19,3.06,-0.01,1,306,卖盘
1198,13:11:15,3.07,--,4,1228,买盘
1199,13:11:10,3.07,--,54,16578,买盘
1200,13:11:04,3.07,--,77,23639,买盘
1201,13:10:59,3.07,--,19,5833,买盘
1202,13:10:55,3.07,--,5,1535,买盘
1203,13:10:49,3.07,--,1,307,买盘
1204,13:10:44,3.07,--,5,1535,买盘
1205,13:10:40,3.07,0.01,1,307,买盘
1206,13:10:34,3.06,-0.01,70,21420,卖盘
1207,13:10:30,3.07,--,1,307,买盘
1208,13:10:24,3.07,--,5,1535,买盘
1209,13:10:19,3.07,--,1,307,买盘
1210,13:10:14,3.07,--,4,1228,买盘
1211,13:10:09,3.07,0.01,4,1228,买盘
1212,13:10:04,3.06,-0.01,57,17442,卖盘
1213,13:09:59,3.07,--,35,10745,买盘
1214,13:09:54,3.07,--,3,921,买盘
1215,13:09:49,3.07,--,1,307,买盘
1216,13:09:44,3.07,0.01,114,34998,买盘
1217,13:09:39,3.06,--,100,30600,卖盘
1218,13:09:34,3.06,-0.01,150,46117,卖盘
1219,13:09:29,3.07,--,4,1228,买盘
1220,13:09:24,3.07,--,6,1842,买盘
1221,13:09:14,3.07,--,7,2149,买盘
1222,13:09:09,3.07,0.01,33,10131,买盘
1223,13:09:04,3.06,--,730,223380,卖盘
1224,13:08:59,3.06,-0.01,17,5202,卖盘
1225,13:08:54,3.07,--,3,921,买盘
1226,13:08:44,3.07,0.01,4,1228,买盘
1227,13:08:34,3.06,-0.01,57,17442,卖盘
1228,13:08:29,3.07,--,3043,934290,卖盘
1229,13:08:24,3.07,--,4,1228,卖盘
1230,13:08:19,3.07,--,1,307,卖盘
1231,13:08:14,3.07,-0.01,689,211523,卖盘
1232,13:08:09,3.08,0.01,4,1232,买盘
1233,13:08:04,3.07,--,80,24560,卖盘
1234,13:07:59,3.07,--,817,250819,卖盘
1235,13:07:54,3.07,--,64,19648,卖盘
1236,13:07:44,3.07,--,15,4605,卖盘
1237,13:07:39,3.07,--,27,8289,卖盘
1238,13:07:34,3.07,--,107,32849,卖盘
1239,13:07:29,3.07,-0.01,21,6447,卖盘
1240,13:07:24,3.08,0.01,4,1232,买盘
1241,13:07:19,3.07,--,1,307,卖盘
1242,13:07:14,3.07,-0.01,561,172512,卖盘
1243,13:07:09,3.08,0.01,304,93632,买盘
1244,13:07:04,3.07,--,57,17499,卖盘
1245,13:06:59,3.07,--,112,34623,卖盘
1246,13:06:54,3.07,-0.01,5,1535,卖盘
1247,13:06:49,3.08,--,1,308,买盘
1248,13:06:44,3.08,0.01,3760,1158080,买盘
1249,13:06:39,3.07,--,101,31007,卖盘
1250,13:06:34,3.07,--,521,159947,卖盘
1251,13:06:29,3.07,--,1,307,卖盘
1252,13:06:24,3.07,--,59,18113,卖盘
1253,13:06:13,3.07,-0.01,12,3684,卖盘
1254,13:06:09,3.08,0.01,4,1232,买盘
1255,13:06:04,3.07,--,1104,338928,卖盘
1256,13:05:58,3.07,--,28,8596,卖盘
1257,13:05:54,3.07,--,5,1535,卖盘
1258,13:05:49,3.07,--,1,307,卖盘
1259,13:05:43,3.07,--,4,1228,卖盘
1260,13:05:39,3.07,--,1,307,卖盘
1261,13:05:34,3.07,--,94,28858,卖盘
1262,13:05:28,3.07,--,36,11052,卖盘
1263,13:05:24,3.07,--,1051,322657,卖盘
1264,13:05:19,3.07,--,1,307,卖盘
1265,13:05:13,3.07,-0.01,5,1535,卖盘
1266,13:05:09,3.08,0.01,5,1540,买盘
1267,13:05:04,3.07,--,95,29165,卖盘
1268,13:04:58,3.07,--,16,4912,卖盘
1269,13:04:54,3.07,--,5,1535,卖盘
1270,13:04:49,3.07,-0.01,1,307,卖盘
1271,13:04:43,3.08,0.01,3,924,买盘
1272,13:04:39,3.07,--,707,217049,卖盘
1273,13:04:34,3.07,--,124,38068,卖盘
1274,13:04:28,3.07,-0.01,349,107143,卖盘
1275,13:04:24,3.08,0.01,5,1540,买盘
1276,13:04:19,3.07,-0.01,65,19955,卖盘
1277,13:04:13,3.08,--,3,924,买盘
1278,13:04:09,3.08,0.01,4,1232,买盘
1279,13:04:04,3.07,--,105,32235,卖盘
1280,13:03:58,3.07,--,340,104380,卖盘
1281,13:03:53,3.07,--,39,11973,卖盘
1282,13:03:49,3.07,-0.01,1,307,卖盘
1283,13:03:43,3.08,0.01,621,191268,买盘
1284,13:03:38,3.07,--,3,921,卖盘
1285,13:03:34,3.07,-0.01,123,37761,卖盘
1286,13:03:28,3.08,0.01,1,308,买盘
1287,13:03:24,3.07,--,15,4605,卖盘
1288,13:03:19,3.07,-0.01,2,614,卖盘
1289,13:03:13,3.08,0.01,6,1848,买盘
1290,13:03:04,3.07,--,58,17806,卖盘
1291,13:02:58,3.07,--,18,5526,卖盘
1292,13:02:53,3.07,--,3145,965515,卖盘
1293,13:02:48,3.07,-0.01,1,307,卖盘
1294,13:02:43,3.08,0.01,1004,309232,买盘
1295,13:02:34,3.07,--,56,17192,卖盘
1296,13:02:28,3.07,-0.01,45,13815,卖盘
1297,13:02:23,3.08,0.01,4,1232,买盘
1298,13:02:18,3.07,--,972,298404,卖盘
1299,13:02:13,3.07,--,8,2456,卖盘
1300,13:02:03,3.07,--,59,18113,卖盘
1301,13:01:58,3.07,-0.01,17,5219,卖盘
1302,13:01:53,3.08,0.01,1191,366828,买盘
1303,13:01:48,3.07,--,450,138150,卖盘
1304,13:01:43,3.07,--,686,210602,卖盘
1305,13:01:38,3.07,--,1503,461421,卖盘
1306,13:01:33,3.07,-0.01,383,117581,卖盘
1307,13:01:28,3.08,--,1037,319396,买盘
1308,13:01:23,3.08,--,3,924,买盘
1309,13:01:13,3.08,--,4,1232,买盘
1310,13:01:08,3.08,0.01,3,924,买盘
1311,13:01:03,3.07,-0.01,75,23025,卖盘
1312,13:00:58,3.08,--,490,150920,买盘
1313,13:00:53,3.08,--,3,924,买盘
1314,13:00:43,3.08,0.01,4,1232,买盘
1315,13:00:38,3.07,--,13,3991,卖盘
1316,13:00:33,3.07,-0.01,56,17192,卖盘
1317,13:00:23,3.08,--,4,1232,买盘
1318,13:00:13,3.08,--,130,40040,买盘
1319,13:00:07,3.08,0.01,2201,677908,买盘
1320,13:00:03,3.07,-0.01,1576,483832,卖盘
1321,11:30:00,3.08,--,0,0,买盘
1322,11:30:00,3.08,--,0,0,买盘
1323,11:29:59,3.08,--,20,6160,买盘
1324,11:29:54,3.08,--,4,1232,买盘
1325,11:29:44,3.08,0.01,3,924,买盘
1326,11:29:34,3.07,-0.01,52,15964,卖盘
1327,11:29:29,3.08,0.01,4,1232,买盘
1328,11:29:23,3.07,--,253,77671,卖盘
1329,11:29:19,3.07,-0.01,373,114511,卖盘
1330,11:29:14,3.08,--,153,47124,买盘
1331,11:29:08,3.08,0.01,8,2464,买盘
1332,11:29:04,3.07,--,111,34077,卖盘
1333,11:28:59,3.07,-0.01,144,44208,卖盘
1334,11:28:53,3.08,--,565,174020,买盘
1335,11:28:49,3.08,0.01,30,9240,买盘
1336,11:28:44,3.07,-0.01,14,4298,卖盘
1337,11:28:38,3.08,0.01,68,20944,买盘
1338,11:28:33,3.07,-0.01,53,16271,卖盘
1339,11:28:29,3.08,0.01,4,1232,买盘
1340,11:28:23,3.07,-0.01,153,46971,卖盘
1341,11:28:18,3.08,--,69,21252,买盘
1342,11:28:14,3.08,--,115,35420,买盘
1343,11:28:08,3.08,0.01,3,924,买盘
1344,11:28:03,3.07,-0.01,140,42980,卖盘
1345,11:27:59,3.08,--,197,60676,买盘
1346,11:27:53,3.08,0.01,4,1232,买盘
1347,11:27:48,3.07,-0.01,1,307,卖盘
1348,11:27:44,3.08,0.01,3,924,买盘
1349,11:27:38,3.07,-0.01,3,921,卖盘
1350,11:27:33,3.08,--,508,156464,买盘
1351,11:27:29,3.08,--,406,125048,买盘
1352,11:27:23,3.08,--,483,148764,买盘
1353,11:27:18,3.08,--,274,84392,买盘
1354,11:27:14,3.08,--,77,23716,买盘
1355,11:27:08,3.08,0.01,782,240856,买盘
1356,11:27:03,3.07,--,254,77978,卖盘
1357,11:26:59,3.07,--,1067,327569,卖盘
1358,11:26:53,3.07,0.01,6681,2051067,买盘
1359,11:26:48,3.06,-0.01,14,4284,卖盘
1360,11:26:44,3.07,0.01,4,1228,买盘
1361,11:26:38,3.06,-0.01,55,16830,卖盘
1362,11:26:29,3.07,--,103,31621,买盘
1363,11:26:23,3.07,--,4,1228,买盘
1364,11:26:18,3.07,--,34,10438,买盘
1365,11:26:14,3.07,--,5,1535,买盘
1366,11:26:08,3.07,0.01,17,5219,买盘
1367,11:26:03,3.06,-0.01,53,16218,卖盘
1368,11:25:59,3.07,--,350,107450,买盘
1369,11:25:53,3.07,--,62,19034,买盘
1370,11:25:43,3.07,--,4,1228,买盘
1371,11:25:38,3.07,0.01,611,187577,买盘
1372,11:25:33,3.06,-0.01,53,16218,卖盘
1373,11:25:28,3.07,--,8,2456,买盘
1374,11:25:23,3.07,--,4,1228,买盘
1375,11:25:18,3.07,--,1,307,买盘
1376,11:25:13,3.07,--,3,921,买盘
1377,11:25:08,3.07,0.01,191,58637,买盘
1378,11:25:03,3.06,-0.01,167,51102,卖盘
1379,11:24:53,3.07,--,3,921,买盘
1380,11:24:48,3.07,--,501,153807,买盘
1381,11:24:43,3.07,0.01,4,1228,买盘
1382,11:24:38,3.06,--,2,612,卖盘
1383,11:24:33,3.06,--,56,17136,卖盘
1384,11:24:23,3.06,-0.01,5,1530,卖盘
1385,11:24:13,3.07,--,103,31621,买盘
1386,11:24:08,3.07,0.01,6,1842,买盘
1387,11:24:03,3.06,-0.01,74,22644,卖盘
1388,11:23:53,3.07,--,4,1228,买盘
1389,11:23:43,3.07,--,3,921,买盘
1390,11:23:38,3.07,0.01,7,2149,买盘
1391,11:23:33,3.06,-0.01,65,19890,卖盘
1392,11:23:23,3.07,--,9,2763,买盘
1393,11:23:13,3.07,0.01,16,4912,买盘
1394,11:23:08,3.06,--,2,612,卖盘
1395,11:23:03,3.06,-0.01,275,84150,卖盘
1396,11:22:58,3.07,--,166,50962,买盘
1397,11:22:53,3.07,--,3,921,买盘
1398,11:22:48,3.07,--,10,3070,买盘
1399,11:22:43,3.07,--,10,3070,买盘
1400,11:22:38,3.07,0.01,7,2149,买盘
1401,11:22:33,3.06,-0.01,64,19584,卖盘
1402,11:22:23,3.07,--,4,1228,买盘
1403,11:22:13,3.07,0.01,6,1842,买盘
1404,11:22:08,3.06,--,5,1530,卖盘
1405,11:22:02,3.06,-0.01,74,22644,卖盘
1406,11:21:53,3.07,--,3,921,买盘
1407,11:21:47,3.07,--,600,184200,买盘
1408,11:21:38,3.07,0.01,6,1842,买盘
1409,11:21:32,3.06,--,556,170136,卖盘
1410,11:21:23,3.06,--,62,18972,卖盘
1411,11:21:17,3.06,--,136,41616,卖盘
1412,11:21:13,3.06,-0.01,2,612,卖盘
1413,11:21:08,3.07,0.01,12,3684,买盘
1414,11:21:02,3.06,-0.01,82,25092,卖盘
1415,11:20:53,3.07,--,4,1228,买盘
1416,11:20:38,3.07,0.01,34,10438,买盘
1417,11:20:32,3.06,--,61,18666,卖盘
1418,11:20:27,3.06,-0.01,6,1836,卖盘
1419,11:20:23,3.07,--,5,1535,买盘
1420,11:20:17,3.07,--,598,183586,买盘
1421,11:20:12,3.07,--,3,921,买盘
1422,11:20:08,3.07,0.01,36,11052,买盘
1423,11:20:02,3.06,-0.01,75,22950,卖盘
1424,11:19:53,3.07,--,3,921,买盘
1425,11:19:47,3.07,--,2,614,买盘
1426,11:19:38,3.07,--,59,18113,买盘
1427,11:19:32,3.07,--,1004,308228,买盘
1428,11:19:23,3.07,0.01,4,1228,买盘
1429,11:19:17,3.06,-0.01,15,4590,卖盘
1430,11:19:12,3.07,--,23,7061,买盘
1431,11:19:08,3.07,0.01,40,12280,买盘
1432,11:19:02,3.06,-0.01,148,45288,卖盘
1433,11:18:53,3.07,--,4,1228,买盘
1434,11:18:47,3.07,--,250,76750,买盘
1435,11:18:38,3.07,0.01,566,173762,买盘
1436,11:18:32,3.06,-0.01,56,17136,卖盘
1437,11:18:27,3.07,--,25,7675,买盘
1438,11:18:23,3.07,--,5,1535,买盘
1439,11:18:12,3.07,--,31,9517,买盘
1440,11:18:08,3.07,0.01,9,2763,买盘
1441,11:18:02,3.06,-0.01,193,59058,卖盘
1442,11:17:52,3.07,--,53,16271,买盘
1443,11:17:38,3.07,--,7,2149,买盘
1444,11:17:32,3.07,--,73,22411,买盘
1445,11:17:27,3.07,--,120,36840,买盘
1446,11:17:22,3.07,--,4,1228,买盘
1447,11:17:12,3.07,0.01,61,18727,买盘
1448,11:17:07,3.06,--,2,612,卖盘
1449,11:17:02,3.06,-0.01,74,22644,卖盘
1450,11:16:52,3.07,--,3,921,买盘
1451,11:16:42,3.07,0.01,16,4912,买盘
1452,11:16:37,3.06,--,3,918,卖盘
1453,11:16:32,3.06,--,297,90882,卖盘
1454,11:16:27,3.06,--,132,40392,卖盘
1455,11:16:22,3.06,-0.01,7,2142,卖盘
1456,11:16:17,3.07,0.01,1,307,买盘
1457,11:16:12,3.06,--,60,18360,卖盘
1458,11:16:07,3.06,--,3,918,卖盘
1459,11:16:02,3.06,--,156,47736,卖盘
1460,11:15:57,3.06,-0.01,328,100368,卖盘
1461,11:15:52,3.07,--,34,10438,买盘
1462,11:15:42,3.07,0.01,3,921,买盘
1463,11:15:37,3.06,--,2,612,卖盘
1464,11:15:32,3.06,-0.01,57,17442,卖盘
1465,11:15:27,3.07,--,912,279984,买盘
1466,11:15:22,3.07,--,3,921,买盘
1467,11:15:17,3.07,--,2,614,买盘
1468,11:15:12,3.07,0.01,7,2149,买盘
1469,11:15:07,3.06,--,3,918,卖盘
1470,11:15:02,3.06,-0.01,110,33660,卖盘
1471,11:14:52,3.07,0.01,4,1228,买盘
1472,11:14:47,3.06,-0.01,4,1224,卖盘
1473,11:14:41,3.07,0.01,4,1228,买盘
1474,11:14:37,3.06,--,3,918,卖盘
1475,11:14:32,3.06,-0.01,209,63954,卖盘
1476,11:14:26,3.07,--,165,50655,买盘
1477,11:14:22,3.07,--,4,1228,买盘
1478,11:14:11,3.07,0.01,76,23332,买盘
1479,11:14:07,3.06,-0.01,56,17136,卖盘
1480,11:14:02,3.07,--,24,7368,买盘
1481,11:13:52,3.07,--,4,1228,买盘
1482,11:13:47,3.07,--,28,8596,买盘
1483,11:13:41,3.07,0.01,4,1228,买盘
1484,11:13:37,3.06,--,2,612,卖盘
1485,11:13:32,3.06,-0.01,306,93636,卖盘
1486,11:13:26,3.07,0.01,112,34384,买盘
1487,11:13:22,3.06,--,78,23868,卖盘
1488,11:13:11,3.06,--,68,20808,卖盘
1489,11:13:07,3.06,--,3,918,卖盘
1490,11:13:02,3.06,-0.01,152,46512,卖盘
1491,11:12:52,3.07,--,3,921,买盘
1492,11:12:47,3.07,--,5,1535,买盘
1493,11:12:41,3.07,0.01,25,7675,买盘
1494,11:12:37,3.06,--,4,1224,卖盘
1495,11:12:32,3.06,-0.01,56,17136,卖盘
1496,11:12:26,3.07,--,4,1228,买盘
1497,11:12:22,3.07,--,5,1535,买盘
1498,11:12:17,3.07,0.01,30,9210,买盘
1499,11:12:11,3.06,--,88,26928,卖盘
1500,11:12:06,3.06,--,2,612,卖盘
1501,11:12:02,3.06,-0.01,73,22338,卖盘
1502,11:11:56,3.07,-0.01,18,5526,卖盘
1503,11:11:51,3.08,0.01,4,1232,买盘
1504,11:11:47,3.07,--,10,3070,卖盘
1505,11:11:41,3.07,0.01,308,94556,买盘
1506,11:11:36,3.06,--,8,2448,卖盘
1507,11:11:32,3.06,-0.01,56,17136,卖盘
1508,11:11:26,3.07,0.01,25,7675,买盘
1509,11:11:21,3.06,-0.01,1006,307836,卖盘
1510,11:11:17,3.07,--,4,1228,买盘
1511,11:11:11,3.07,0.01,18,5526,买盘
1512,11:11:06,3.06,--,3,918,卖盘
1513,11:11:02,3.06,--,123,37638,卖盘
1514,11:10:56,3.06,-0.01,65,19890,卖盘
1515,11:10:51,3.07,--,695,213365,买盘
1516,11:10:46,3.07,0.01,23,7061,买盘
1517,11:10:41,3.06,-0.01,25,7650,卖盘
1518,11:10:36,3.07,0.01,23,7061,买盘
1519,11:10:32,3.06,-0.01,67,20502,卖盘
1520,11:10:26,3.07,0.01,5,1535,买盘
1521,11:10:21,3.06,-0.01,299,91494,卖盘
1522,11:10:17,3.07,--,3,921,买盘
1523,11:10:11,3.07,-0.01,57,17499,买盘
1524,11:10:06,3.08,0.02,111,34188,买盘
1525,11:10:01,3.06,-0.01,37,11322,卖盘
1526,11:09:56,3.07,--,26,7982,卖盘
1527,11:09:51,3.07,--,165,50722,买盘
1528,11:09:46,3.07,0.01,54,16578,买盘
1529,11:09:41,3.06,--,95,29070,卖盘
1530,11:09:36,3.06,-0.01,96,29376,卖盘
1531,11:09:31,3.07,--,4,1228,买盘
1532,11:09:26,3.07,--,11,3377,买盘
1533,11:09:21,3.07,-0.01,25,7914,卖盘
1534,11:09:16,3.08,0.01,17,5236,买盘
1535,11:09:11,3.07,--,64,19648,卖盘
1536,11:09:06,3.07,-0.01,1127,345989,卖盘
1537,11:09:01,3.08,--,20,6160,买盘
1538,11:08:51,3.08,0.01,4,1232,买盘
1539,11:08:46,3.07,--,10,3070,卖盘
1540,11:08:41,3.07,--,42,12894,卖盘
1541,11:08:36,3.07,-0.01,76,23332,卖盘
1542,11:08:31,3.08,0.01,5,1540,买盘
1543,11:08:26,3.07,--,123,37761,卖盘
1544,11:08:21,3.07,--,23,7061,卖盘
1545,11:08:11,3.07,--,11,3377,卖盘
1546,11:08:05,3.07,--,75,23025,卖盘
1547,11:08:01,3.07,--,30,9210,卖盘
1548,11:07:56,3.07,--,128,39296,卖盘
1549,11:07:51,3.07,-0.01,77,23639,卖盘
1550,11:07:41,3.08,0.01,22,6776,买盘
1551,11:07:36,3.07,-0.01,66,20262,卖盘
1552,11:07:31,3.08,0.01,4,1232,买盘
1553,11:07:26,3.07,-0.01,302,92714,卖盘
1554,11:07:20,3.08,0.01,24,7392,买盘
1555,11:07:16,3.07,-0.01,68,20876,卖盘
1556,11:07:11,3.08,0.01,2534,780472,买盘
1557,11:07:05,3.07,--,56,17192,卖盘
1558,11:07:01,3.07,--,19,5833,卖盘
1559,11:06:56,3.07,-0.01,20,6140,卖盘
1560,11:06:50,3.08,0.01,14,4312,买盘
1561,11:06:46,3.07,-0.01,69,21183,卖盘
1562,11:06:41,3.08,0.01,3,924,买盘
1563,11:06:35,3.07,-0.01,78,23946,卖盘
1564,11:06:31,3.08,--,4,1232,买盘
1565,11:06:26,3.08,--,5,1540,买盘
1566,11:06:20,3.08,0.01,156,48048,买盘
1567,11:06:16,3.07,--,270,82890,卖盘
1568,11:06:11,3.07,--,230,70610,卖盘
1569,11:06:05,3.07,--,206,63242,卖盘
1570,11:06:01,3.07,-0.01,23,7061,卖盘
1571,11:05:50,3.08,--,4,1232,买盘
1572,11:05:41,3.08,0.01,503,154924,买盘
1573,11:05:35,3.07,-0.01,1052,322964,卖盘
1574,11:05:31,3.08,--,5,1540,买盘
1575,11:05:20,3.08,0.01,18,5544,买盘
1576,11:05:16,3.07,-0.01,2,614,卖盘
1577,11:05:11,3.08,0.01,57,17556,买盘
1578,11:05:05,3.07,--,75,23025,卖盘
1579,11:05:01,3.07,--,121,37214,卖盘
1580,11:04:56,3.07,-0.01,172,52804,卖盘
1581,11:04:50,3.08,0.01,205,63140,买盘
1582,11:04:46,3.07,-0.01,57,17499,卖盘
1583,11:04:41,3.08,0.01,3,924,买盘
1584,11:04:35,3.07,--,66,20262,卖盘
1585,11:04:31,3.07,--,78,23946,卖盘
1586,11:04:26,3.07,-0.01,7,2149,卖盘
1587,11:04:20,3.08,0.01,13,4004,买盘
1588,11:04:11,3.07,--,64,19648,卖盘
1589,11:04:05,3.07,-0.01,374,114818,卖盘
1590,11:04:00,3.08,0.01,21,6468,买盘
1591,11:03:56,3.07,-0.01,97,29779,卖盘
1592,11:03:50,3.08,--,4,1232,买盘
1593,11:03:41,3.08,0.01,3,924,买盘
1594,11:03:35,3.07,-0.01,75,23025,卖盘
1595,11:03:30,3.08,0.01,4,1232,买盘
1596,11:03:25,3.07,--,1036,318052,卖盘
1597,11:03:20,3.07,--,87,26709,卖盘
1598,11:03:15,3.07,-0.01,1041,319587,卖盘
1599,11:03:11,3.08,0.01,9,2772,买盘
1600,11:03:05,3.07,-0.01,78,23946,卖盘
1601,11:03:00,3.08,--,21,6468,买盘
1602,11:02:50,3.08,0.01,16,4928,买盘
1603,11:02:45,3.07,-0.01,70,21490,卖盘
1604,11:02:40,3.08,0.01,4,1232,买盘
1605,11:02:35,3.07,-0.01,68,20876,卖盘
1606,11:02:30,3.08,--,106,32648,买盘
1607,11:02:25,3.08,--,39,12012,买盘
1608,11:02:20,3.08,--,8,2464,买盘
1609,11:02:15,3.08,--,108,33264,买盘
1610,11:02:10,3.08,0.01,7,2156,买盘
1611,11:02:05,3.07,--,134,41138,卖盘
1612,11:02:00,3.07,-0.01,30,9210,卖盘
1613,11:01:50,3.08,--,4,1232,买盘
1614,11:01:40,3.08,0.01,3,924,买盘
1615,11:01:35,3.07,-0.01,165,50655,卖盘
1616,11:01:30,3.08,--,4,1232,买盘
1617,11:01:20,3.08,--,3,924,买盘
1618,11:01:10,3.08,0.01,7,2156,买盘
1619,11:01:05,3.07,--,303,93021,卖盘
1620,11:01:00,3.07,-0.01,92,28244,卖盘
1621,11:00:50,3.08,0.01,4,1232,买盘
1622,11:00:40,3.07,--,1004,308228,卖盘
1623,11:00:35,3.07,--,55,16885,卖盘
1624,11:00:30,3.07,-0.01,70,21490,卖盘
1625,11:00:25,3.08,--,1,308,买盘
1626,11:00:20,3.08,--,3,924,买盘
1627,11:00:15,3.08,--,4,1232,买盘
1628,11:00:10,3.08,0.01,5,1540,买盘
1629,11:00:05,3.07,-0.01,84,25788,卖盘
1630,10:59:59,3.08,--,91,28028,买盘
1631,10:59:55,3.08,0.01,1,308,买盘
1632,10:59:50,3.07,--,505,155035,卖盘
1633,10:59:40,3.07,--,51,15657,卖盘
1634,10:59:35,3.07,-0.01,82,25174,卖盘
1635,10:59:29,3.08,--,5,1540,买盘
1636,10:59:25,3.08,0.01,50,15400,买盘
1637,10:59:20,3.07,-0.01,75,23025,卖盘
1638,10:59:10,3.08,0.01,9,2772,买盘
1639,10:59:05,3.07,--,356,109292,卖盘
1640,10:58:59,3.07,--,90,27630,卖盘
1641,10:58:50,3.07,--,92,28244,卖盘
1642,10:58:44,3.07,-0.01,72,22104,卖盘
1643,10:58:40,3.08,0.01,3,924,买盘
1644,10:58:35,3.07,--,76,23332,卖盘
1645,10:58:29,3.07,--,111,34077,卖盘
1646,10:58:20,3.07,--,214,65698,卖盘
1647,10:58:14,3.07,-0.01,93,28551,卖盘
1648,10:58:10,3.08,0.01,13,4004,买盘
1649,10:58:04,3.07,-0.01,75,23025,卖盘
1650,10:57:59,3.08,0.01,45,13860,买盘
1651,10:57:49,3.07,-0.01,503,154421,卖盘
1652,10:57:40,3.08,0.01,4,1232,买盘
1653,10:57:35,3.07,--,146,44822,卖盘
1654,10:57:29,3.07,-0.01,1603,492121,卖盘
1655,10:57:20,3.08,--,3,924,买盘
1656,10:57:10,3.08,0.01,7,2156,买盘
1657,10:57:05,3.07,-0.01,56,17192,卖盘
1658,10:56:59,3.08,--,69,21252,买盘
1659,10:56:55,3.08,0.01,7,2156,买盘
1660,10:56:50,3.07,-0.01,122,37454,卖盘
1661,10:56:40,3.08,0.01,4,1232,买盘
1662,10:56:35,3.07,-0.01,78,23946,卖盘
1663,10:56:29,3.08,0.01,3,924,买盘
1664,10:56:25,3.07,-0.01,95,29165,卖盘
1665,10:56:19,3.08,0.01,6,1848,买盘
1666,10:56:14,3.07,-0.01,101,31007,卖盘
1667,10:56:10,3.08,0.01,6,1848,买盘
1668,10:56:05,3.07,--,79,24253,卖盘
1669,10:55:59,3.07,-0.01,21,6447,卖盘
1670,10:55:49,3.08,0.01,4,1232,买盘
1671,10:55:44,3.07,-0.01,205,62935,卖盘
1672,10:55:39,3.08,0.01,5,1540,买盘
1673,10:55:34,3.07,--,140,42980,卖盘
1674,10:55:29,3.07,--,51,15657,卖盘
1675,10:55:24,3.07,-0.01,202,62014,卖盘
1676,10:55:19,3.08,--,5,1540,买盘
1677,10:55:14,3.08,--,72,22176,买盘
1678,10:55:09,3.08,0.01,77,23716,买盘
1679,10:55:04,3.07,--,85,26095,卖盘
1680,10:54:59,3.07,--,21,6447,卖盘
1681,10:54:54,3.07,-0.01,200,61400,卖盘
1682,10:54:49,3.08,0.01,13,4004,买盘
1683,10:54:44,3.07,-0.01,21,6447,卖盘
1684,10:54:39,3.08,0.01,7,2156,买盘
1685,10:54:34,3.07,--,74,22718,卖盘
1686,10:54:29,3.07,-0.01,86,26402,卖盘
1687,10:54:24,3.08,--,1,308,买盘
1688,10:54:19,3.08,--,4,1232,买盘
1689,10:54:09,3.08,0.01,14,4312,买盘
1690,10:54:04,3.07,--,53,16271,卖盘
1691,10:53:59,3.07,-0.01,92,28244,卖盘
1692,10:53:49,3.08,--,16,4928,买盘
1693,10:53:44,3.08,--,101,31108,买盘
1694,10:53:39,3.08,0.01,94,28952,买盘
1695,10:53:34,3.07,-0.01,20,6140,卖盘
1696,10:53:29,3.08,0.01,4,1232,买盘
1697,10:53:24,3.07,--,80,24560,卖盘
1698,10:53:19,3.07,--,4,1228,卖盘
1699,10:53:14,3.07,-0.01,3,921,卖盘
1700,10:53:09,3.08,0.01,73,22484,买盘
1701,10:53:04,3.07,-0.01,20,6140,卖盘
1702,10:52:59,3.08,0.01,167,51436,买盘
1703,10:52:53,3.07,--,10,3070,卖盘
1704,10:52:49,3.07,--,5,1535,卖盘
1705,10:52:44,3.07,-0.01,76,23332,卖盘
1706,10:52:38,3.08,0.01,59,18172,买盘
1707,10:52:34,3.07,--,12,3684,卖盘
1708,10:52:29,3.07,--,34,10438,卖盘
1709,10:52:23,3.07,-0.01,10,3070,卖盘
1710,10:52:19,3.08,0.01,3,924,买盘
1711,10:52:14,3.07,-0.01,8,2456,卖盘
1712,10:52:08,3.08,0.01,86,26488,买盘
1713,10:52:04,3.07,--,56,17192,卖盘
1714,10:51:59,3.07,-0.01,58,17806,卖盘
1715,10:51:48,3.08,--,4,1232,买盘
1716,10:51:44,3.08,--,3,924,买盘
1717,10:51:38,3.08,--,59,18172,买盘
1718,10:51:33,3.08,0.01,113,34804,买盘
1719,10:51:29,3.07,-0.01,201,61707,卖盘
1720,10:51:18,3.08,0.01,3,924,买盘
1721,10:51:14,3.07,-0.01,30,9210,卖盘
1722,10:51:08,3.08,0.01,10,3080,买盘
1723,10:51:03,3.07,--,76,23332,卖盘
1724,10:50:58,3.07,-0.01,91,27937,卖盘
1725,10:50:53,3.08,0.01,2,616,买盘
1726,10:50:48,3.07,--,51,15657,卖盘
1727,10:50:44,3.07,-0.01,2,614,卖盘
1728,10:50:38,3.08,0.01,8,2464,买盘
1729,10:50:34,3.07,-0.01,52,15964,卖盘
1730,10:50:29,3.08,--,78,24024,买盘
1731,10:50:23,3.08,--,1,308,买盘
1732,10:50:18,3.08,--,4,1232,买盘
1733,10:50:14,3.08,--,14,4312,买盘
1734,10:50:08,3.08,0.01,79,24332,买盘
1735,10:50:04,3.07,-0.01,20,6140,卖盘
1736,10:49:58,3.08,0.01,233,71764,买盘
1737,10:49:53,3.07,-0.01,77,23639,卖盘
1738,10:49:48,3.08,--,3,924,买盘
1739,10:49:38,3.08,--,60,18480,买盘
1740,10:49:33,3.08,--,201,61908,买盘
1741,10:49:28,3.08,--,3,924,买盘
1742,10:49:23,3.08,--,71,21868,买盘
1743,10:49:18,3.08,0.01,5,1540,买盘
1744,10:49:13,3.07,--,71,21797,卖盘
1745,10:49:08,3.07,--,81,24867,卖盘
1746,10:49:04,3.07,--,5,1535,卖盘
1747,10:48:58,3.07,--,54,16578,卖盘
1748,10:48:53,3.07,-0.01,19,5833,卖盘
1749,10:48:48,3.08,0.01,34,10472,买盘
1750,10:48:44,3.07,--,6,1842,卖盘
1751,10:48:38,3.07,--,81,24867,卖盘
1752,10:48:33,3.07,-0.01,272,83504,卖盘
1753,10:48:28,3.08,--,404,124432,买盘
1754,10:48:23,3.08,0.01,5,1540,买盘
1755,10:48:18,3.07,--,11,3377,卖盘
1756,10:48:13,3.07,--,18,5526,卖盘
1757,10:48:08,3.07,--,134,41138,卖盘
1758,10:48:03,3.07,-0.01,138,42366,卖盘
1759,10:47:58,3.08,--,3,924,买盘
1760,10:47:53,3.08,--,1,308,买盘
1761,10:47:48,3.08,0.01,4,1232,买盘
1762,10:47:38,3.07,--,55,16885,卖盘
1763,10:47:33,3.07,-0.01,144,44208,卖盘
1764,10:47:28,3.08,0.01,3,924,买盘
1765,10:47:23,3.07,-0.01,36,11052,卖盘
1766,10:47:18,3.08,--,4,1232,买盘
1767,10:47:13,3.08,--,110,33880,买盘
1768,10:47:08,3.08,0.01,9,2772,买盘
1769,10:47:03,3.07,-0.01,802,246214,卖盘
1770,10:46:58,3.08,0.01,60,18480,买盘
1771,10:46:53,3.07,-0.01,68,20876,卖盘
1772,10:46:48,3.08,--,47,14476,买盘
1773,10:46:43,3.08,--,40,12320,买盘
1774,10:46:38,3.08,0.01,60,18480,买盘
1775,10:46:33,3.07,-0.01,34,10438,卖盘
1776,10:46:28,3.08,--,81,24948,买盘
1777,10:46:23,3.08,--,103,31724,买盘
1778,10:46:18,3.08,--,110,33880,买盘
1779,10:46:13,3.08,--,1,308,买盘
1780,10:46:08,3.08,0.01,62,19096,买盘
1781,10:46:03,3.07,--,23,7061,卖盘
1782,10:45:58,3.07,-0.01,22,6754,卖盘
1783,10:45:53,3.08,--,1,308,买盘
1784,10:45:48,3.08,0.01,4,1232,买盘
1785,10:45:38,3.07,--,72,22104,卖盘
1786,10:45:33,3.07,-0.01,60,18420,卖盘
1787,10:45:17,3.08,--,103,31724,买盘
1788,10:45:08,3.08,0.01,140,43120,买盘
1789,10:45:02,3.07,--,23,7061,卖盘
1790,10:44:58,3.07,-0.01,20,6140,卖盘
1791,10:44:52,3.08,--,5,1540,买盘
1792,10:44:47,3.08,0.01,60,18480,买盘
1793,10:44:43,3.07,-0.01,80,24560,卖盘
1794,10:44:38,3.08,0.01,191,58828,买盘
1795,10:44:32,3.07,-0.01,11,3377,卖盘
1796,10:44:27,3.08,--,3,924,买盘
1797,10:44:17,3.08,--,5,1540,买盘
1798,10:44:07,3.08,0.01,62,19096,买盘
1799,10:43:57,3.07,-0.01,21,6447,卖盘
1800,10:43:52,3.08,0.01,270,83160,买盘
1801,10:43:47,3.07,--,13,3991,卖盘
1802,10:43:42,3.07,-0.01,67,20569,卖盘
1803,10:43:37,3.08,0.01,59,18172,买盘
1804,10:43:32,3.07,-0.01,82,25174,卖盘
1805,10:43:27,3.08,--,3,924,买盘
1806,10:43:23,3.08,--,215,66220,买盘
1807,10:43:17,3.08,--,4,1232,买盘
1808,10:43:12,3.08,--,23,7084,买盘
1809,10:43:07,3.08,0.01,62,19096,买盘
1810,10:43:02,3.07,-0.01,37,11359,卖盘
1811,10:42:57,3.08,--,5,1540,买盘
1812,10:42:53,3.08,--,141,43428,买盘
1813,10:42:47,3.08,0.01,111,34188,买盘
1814,10:42:37,3.07,--,345,105915,卖盘
1815,10:42:32,3.07,-0.01,94,28858,卖盘
1816,10:42:27,3.08,--,3,924,买盘
1817,10:42:17,3.08,--,1005,309540,买盘
1818,10:42:12,3.08,0.01,3,924,买盘
1819,10:42:07,3.07,--,7,2149,卖盘
1820,10:42:02,3.07,-0.01,69,21183,卖盘
1821,10:41:57,3.08,0.01,3,924,买盘
1822,10:41:52,3.07,-0.01,2,614,卖盘
1823,10:41:47,3.08,0.01,52,16016,买盘
1824,10:41:37,3.07,--,185,56795,卖盘
1825,10:41:32,3.07,-0.01,22,6754,卖盘
1826,10:41:27,3.08,--,4,1232,买盘
1827,10:41:22,3.08,--,20,6160,买盘
1828,10:41:17,3.08,--,5,1540,买盘
1829,10:41:12,3.08,--,86,26488,买盘
1830,10:41:07,3.08,0.01,181,55748,买盘
1831,10:41:02,3.07,--,60,18420,卖盘
1832,10:40:57,3.07,-0.01,1584,486288,卖盘
1833,10:40:52,3.08,--,248,76384,买盘
1834,10:40:47,3.08,0.01,81,24948,买盘
1835,10:40:37,3.07,--,59,18113,卖盘
1836,10:40:32,3.07,-0.01,3,921,卖盘
1837,10:40:27,3.08,--,23,7084,买盘
1838,10:40:22,3.08,--,1,308,买盘
1839,10:40:17,3.08,--,16,4928,买盘
1840,10:40:12,3.08,0.01,49,15092,买盘
1841,10:40:07,3.07,-0.01,85,26095,卖盘
1842,10:40:02,3.08,--,268,82544,买盘
1843,10:39:57,3.08,--,4,1232,买盘
1844,10:39:47,3.08,0.01,10,3080,买盘
1845,10:39:42,3.07,--,77,23639,卖盘
1846,10:39:37,3.07,--,41,12587,卖盘
1847,10:39:32,3.07,-0.01,65,19955,卖盘
1848,10:39:27,3.08,0.01,3,924,买盘
1849,10:39:17,3.07,--,6,1842,卖盘
1850,10:39:12,3.07,--,303,93021,卖盘
1851,10:39:07,3.07,--,58,17806,卖盘
1852,10:39:02,3.07,-0.01,147,45129,卖盘
1853,10:38:57,3.08,0.01,14,4312,买盘
1854,10:38:52,3.07,-0.01,5,1535,卖盘
1855,10:38:47,3.08,--,149,45892,买盘
1856,10:38:42,3.08,0.01,10,3080,买盘
1857,10:38:37,3.07,--,9,2763,卖盘
1858,10:38:32,3.07,-0.01,296,90872,卖盘
1859,10:38:26,3.08,--,134,41272,买盘
1860,10:38:22,3.08,--,146,44968,买盘
1861,10:38:16,3.08,--,245,75460,买盘
1862,10:38:11,3.08,0.01,110,33880,买盘
1863,10:38:07,3.07,--,576,176832,卖盘
1864,10:38:02,3.07,--,286,87802,卖盘
1865,10:37:56,3.07,-0.01,164,50348,卖盘
1866,10:37:52,3.08,--,331,101948,买盘
1867,10:37:46,3.08,0.01,1137,350196,买盘
1868,10:37:37,3.07,--,58,17806,卖盘
1869,10:37:31,3.07,-0.01,26,7982,卖盘
1870,10:37:26,3.08,0.01,877,270116,买盘
1871,10:37:16,3.07,-0.01,204,62628,卖盘
1872,10:37:11,3.08,0.01,3,924,买盘
1873,10:37:07,3.07,--,131,40217,卖盘
1874,10:37:01,3.07,--,50,15350,卖盘
1875,10:36:56,3.07,-0.01,102,31314,卖盘
1876,10:36:47,3.08,--,324,99792,买盘
1877,10:36:41,3.08,0.01,10,3080,买盘
1878,10:36:36,3.07,--,60,18420,卖盘
1879,10:36:31,3.07,-0.01,22,6754,卖盘
1880,10:36:26,3.08,0.01,503,154924,买盘
1881,10:36:21,3.07,-0.01,113,34691,卖盘
1882,10:36:16,3.08,--,205,63140,买盘
1883,10:36:11,3.08,0.01,192,59136,买盘
1884,10:36:06,3.07,--,61,18727,卖盘
1885,10:36:01,3.07,-0.01,41,12587,卖盘
1886,10:35:56,3.08,0.01,234,72072,买盘
1887,10:35:51,3.07,-0.01,69,21183,卖盘
1888,10:35:46,3.08,0.01,16,4928,买盘
1889,10:35:36,3.07,--,59,18113,卖盘
1890,10:35:31,3.07,-0.01,70,21490,卖盘
1891,10:35:26,3.08,--,224,68992,买盘
1892,10:35:16,3.08,--,3,924,买盘
1893,10:35:11,3.08,0.01,163,50204,买盘
1894,10:35:06,3.07,-0.01,254,77978,卖盘
1895,10:35:01,3.08,0.01,221,68068,买盘
1896,10:34:56,3.07,--,28,8596,卖盘
1897,10:34:46,3.07,--,171,52497,卖盘
1898,10:34:36,3.07,--,57,17499,卖盘
1899,10:34:31,3.07,-0.01,143,43901,卖盘
1900,10:34:26,3.08,0.01,150,46200,买盘
1901,10:34:16,3.07,-0.01,1035,317745,卖盘
1902,10:34:11,3.08,0.01,3,924,买盘
1903,10:34:06,3.07,-0.01,262,80434,卖盘
1904,10:34:01,3.08,0.01,47,14476,买盘
1905,10:33:56,3.07,-0.01,1520,466640,卖盘
1906,10:33:51,3.08,0.01,4,1232,买盘
1907,10:33:41,3.07,--,832,255424,卖盘
1908,10:33:36,3.07,--,80,24560,卖盘
1909,10:33:31,3.07,-0.01,20,6140,卖盘
1910,10:33:26,3.08,0.01,43,13244,买盘
1911,10:33:21,3.07,-0.01,81,24867,卖盘
1912,10:33:16,3.08,0.01,4,1232,买盘
1913,10:33:11,3.07,--,7,2149,卖盘
1914,10:33:06,3.07,-0.01,78,23946,卖盘
1915,10:33:01,3.08,0.01,30,9240,买盘
1916,10:32:56,3.07,--,32,9824,卖盘
1917,10:32:51,3.07,--,67,20569,卖盘
1918,10:32:46,3.07,--,182,55874,卖盘
1919,10:32:36,3.07,-0.01,71,21797,卖盘
1920,10:32:26,3.08,--,8,2464,买盘
1921,10:32:21,3.08,--,2,616,买盘
1922,10:32:16,3.08,--,4,1232,买盘
1923,10:32:11,3.08,0.01,87,26796,买盘
1924,10:32:06,3.07,--,60,18420,卖盘
1925,10:32:01,3.07,--,519,159504,卖盘
1926,10:31:56,3.07,-0.01,20,6140,卖盘
1927,10:31:46,3.08,0.01,5,1540,买盘
1928,10:31:35,3.07,--,153,46971,卖盘
1929,10:31:31,3.07,-0.01,64,19648,卖盘
1930,10:31:26,3.08,0.01,4,1232,买盘
1931,10:31:20,3.07,-0.01,1000,307000,卖盘
1932,10:31:16,3.08,0.01,3,924,买盘
1933,10:31:10,3.07,--,14,4298,卖盘
1934,10:31:05,3.07,--,79,24253,卖盘
1935,10:31:01,3.07,--,81,24867,卖盘
1936,10:30:56,3.07,-0.01,21,6447,卖盘
1937,10:30:50,3.08,--,194,59752,买盘
1938,10:30:46,3.08,0.01,6,1848,买盘
1939,10:30:35,3.07,-0.01,108,33156,卖盘
1940,10:30:25,3.08,0.01,224,68992,买盘
1941,10:30:20,3.07,-0.01,11,3377,卖盘
1942,10:30:16,3.08,--,4,1232,买盘
1943,10:30:10,3.08,0.01,303,93324,买盘
1944,10:30:05,3.07,-0.01,71,21797,卖盘
1945,10:30:01,3.08,--,69,21252,买盘
1946,10:29:55,3.08,--,174,53592,买盘
1947,10:29:46,3.08,0.01,3,924,买盘
1948,10:29:35,3.07,-0.01,83,25481,卖盘
1949,10:29:25,3.08,--,9,2772,买盘
1950,10:29:20,3.08,--,96,29568,买盘
1951,10:29:15,3.08,0.01,17,5236,买盘
1952,10:29:10,3.07,--,61,18727,卖盘
1953,10:29:05,3.07,--,131,40217,卖盘
1954,10:28:55,3.07,--,20,6140,卖盘
1955,10:28:50,3.07,--,18,5526,卖盘
1956,10:28:45,3.07,-0.01,496,152318,卖盘
1957,10:28:40,3.08,0.01,68,20944,买盘
1958,10:28:35,3.07,--,310,95170,卖盘
1959,10:28:25,3.07,-0.01,21,6447,卖盘
1960,10:28:20,3.08,--,2,616,买盘
1961,10:28:15,3.08,0.01,33,10164,买盘
1962,10:28:10,3.07,--,53,16271,卖盘
1963,10:28:05,3.07,--,91,27937,卖盘
1964,10:28:00,3.07,--,7,2149,卖盘
1965,10:27:55,3.07,-0.01,223,68461,卖盘
1966,10:27:50,3.08,--,73,22484,买盘
1967,10:27:45,3.08,--,3,924,买盘
1968,10:27:40,3.08,0.01,48,14784,买盘
1969,10:27:35,3.07,-0.01,88,27016,卖盘
1970,10:27:30,3.08,--,2,616,买盘
1971,10:27:25,3.08,0.01,3,924,买盘
1972,10:27:20,3.07,--,384,117888,卖盘
1973,10:27:15,3.07,-0.01,21,6447,卖盘
1974,10:27:10,3.08,0.01,3,924,买盘
1975,10:27:05,3.07,--,189,58023,卖盘
1976,10:27:00,3.07,--,12,3684,卖盘
1977,10:26:55,3.07,-0.01,121,37147,卖盘
1978,10:26:50,3.08,--,70,21560,买盘
1979,10:26:45,3.08,--,4,1232,买盘
1980,10:26:40,3.08,0.01,4,1232,买盘
1981,10:26:35,3.07,-0.01,82,25174,卖盘
1982,10:26:30,3.08,--,4,1232,买盘
1983,10:26:25,3.08,--,1,308,买盘
1984,10:26:15,3.08,--,3,924,买盘
1985,10:26:10,3.08,0.01,4,1232,买盘
1986,10:26:05,3.07,--,84,25788,卖盘
1987,10:26:00,3.07,--,20,6140,卖盘
1988,10:25:50,3.07,-0.01,569,174854,卖盘
1989,10:25:45,3.08,0.01,32,9856,买盘
1990,10:25:35,3.07,-0.01,60,18420,卖盘
1991,10:25:30,3.08,--,3,924,买盘
1992,10:25:25,3.08,0.01,70,21560,买盘
1993,10:25:20,3.07,-0.01,317,97319,卖盘
1994,10:25:15,3.08,--,26,8008,买盘
1995,10:25:10,3.08,0.01,62,19096,买盘
1996,10:25:05,3.07,--,125,38375,卖盘
1997,10:25:00,3.07,--,78,23946,卖盘
1998,10:24:45,3.07,-0.01,13,3991,卖盘
1999,10:24:40,3.08,0.01,71,21868,买盘
2000,10:24:35,3.07,--,69,21183,卖盘
2001,10:24:29,3.07,-0.01,5,1535,卖盘
2002,10:24:25,3.08,--,1,308,买盘
2003,10:24:14,3.08,0.01,534,164472,买盘
2004,10:24:10,3.07,--,79,24253,卖盘
2005,10:24:05,3.07,--,144,44208,卖盘
2006,10:23:59,3.07,-0.01,60,18420,卖盘
2007,10:23:44,3.08,0.01,404,124432,买盘
2008,10:23:40,3.07,--,68,20876,卖盘
2009,10:23:34,3.07,-0.01,197,60479,卖盘
2010,10:23:29,3.08,--,4,1232,买盘
2011,10:23:14,3.08,0.01,4,1232,买盘
2012,10:23:10,3.07,--,70,21490,卖盘
2013,10:23:04,3.07,--,89,27323,卖盘
2014,10:22:59,3.07,-0.01,238,73066,卖盘
2015,10:22:55,3.08,--,32,9856,买盘
2016,10:22:44,3.08,0.01,3,924,买盘
2017,10:22:40,3.07,--,70,21490,卖盘
2018,10:22:34,3.07,-0.01,96,29472,卖盘
2019,10:22:29,3.08,--,189,58212,买盘
2020,10:22:25,3.08,--,20,6160,买盘
2021,10:22:19,3.08,--,73,22484,买盘
2022,10:22:14,3.08,--,106,32648,买盘
2023,10:22:10,3.08,0.01,264,81312,买盘
2024,10:22:04,3.07,--,340,104380,卖盘
2025,10:21:59,3.07,-0.01,336,103152,卖盘
2026,10:21:55,3.08,--,4,1232,买盘
2027,10:21:49,3.08,--,180,55440,买盘
2028,10:21:44,3.08,0.01,155,47740,买盘
2029,10:21:40,3.07,--,70,21490,卖盘
2030,10:21:34,3.07,--,229,70303,卖盘
2031,10:21:29,3.07,-0.01,101,31007,卖盘
2032,10:21:25,3.08,0.01,193,59444,买盘
2033,10:21:19,3.07,-0.01,218,66926,卖盘
2034,10:21:14,3.08,0.01,504,155232,买盘
2035,10:21:09,3.07,--,193,59251,卖盘
2036,10:21:04,3.07,--,147,45129,卖盘
2037,10:20:59,3.07,-0.01,50,15350,卖盘
2038,10:20:54,3.08,0.01,524,161392,买盘
2039,10:20:49,3.07,-0.01,3,921,卖盘
2040,10:20:44,3.08,0.01,192,59136,买盘
2041,10:20:39,3.07,--,70,21490,卖盘
2042,10:20:34,3.07,0.01,5994,1840158,卖盘
2043,10:20:29,3.06,-0.02,9197,2814282,卖盘
2044,10:20:24,3.08,0.02,9003,2772924,买盘
2045,10:20:19,3.06,-0.02,9008,2756448,卖盘
2046,10:20:14,3.08,0.01,9063,2791404,买盘
2047,10:20:09,3.07,0.01,71,21797,买盘
2048,10:20:04,3.06,-0.01,58,17748,卖盘
2049,10:19:59,3.07,--,34,10438,买盘
2050,10:19:54,3.07,--,4,1228,买盘
2051,10:19:49,3.07,--,52,15964,买盘
2052,10:19:44,3.07,0.01,285,87495,买盘
2053,10:19:39,3.06,-0.01,60,18360,卖盘
2054,10:19:34,3.07,--,100,30700,买盘
2055,10:19:29,3.07,--,25,7675,买盘
2056,10:19:24,3.07,--,24,7368,买盘
2057,10:19:19,3.07,--,30,9210,买盘
2058,10:19:14,3.07,--,244,74908,买盘
2059,10:19:09,3.07,--,81,24867,买盘
2060,10:19:04,3.07,--,33,10131,卖盘
2061,10:18:59,3.07,--,28,8596,买盘
2062,10:18:54,3.07,--,380,116660,卖盘
2063,10:18:49,3.07,--,57,17499,买盘
2064,10:18:44,3.07,--,683,209681,买盘
2065,10:18:39,3.07,--,142,43594,买盘
2066,10:18:34,3.07,--,20,6140,买盘
2067,10:18:29,3.07,--,65,19955,买盘
2068,10:18:24,3.07,--,51,15657,买盘
2069,10:18:19,3.07,0.01,289,88723,买盘
2070,10:18:14,3.06,-0.01,341,104346,卖盘
2071,10:18:09,3.07,--,81,24867,买盘
2072,10:18:04,3.07,--,69,21183,买盘
2073,10:17:59,3.07,-0.01,82,25174,卖盘
2074,10:17:54,3.08,0.02,243,74844,买盘
2075,10:17:49,3.06,--,77,23562,卖盘
2076,10:17:44,3.06,--,346,105876,卖盘
2077,10:17:39,3.06,-0.01,198,60588,卖盘
2078,10:17:34,3.07,--,17,5219,买盘
2079,10:17:29,3.07,--,137,42059,买盘
2080,10:17:24,3.07,0.01,53,16271,买盘
2081,10:17:19,3.06,-0.01,823,251838,卖盘
2082,10:17:13,3.07,--,205,62935,买盘
2083,10:17:09,3.07,--,77,23639,买盘
2084,10:17:04,3.07,0.01,76,23332,买盘
2085,10:16:59,3.06,-0.01,57,17442,卖盘
2086,10:16:53,3.07,-0.01,355,108985,卖盘
2087,10:16:43,3.08,0.01,79,24332,买盘
2088,10:16:39,3.07,--,108,33156,买盘
2089,10:16:34,3.07,-0.01,67,20569,中性盘
2090,10:16:28,3.08,0.01,1382,425656,买盘
2091,10:16:23,3.07,--,268,82276,买盘
2092,10:16:19,3.07,-0.01,146,44822,买盘
2093,10:16:13,3.08,0.01,1165,358820,买盘
2094,10:16:08,3.07,0.01,905,277835,买盘
2095,10:16:04,3.06,-0.01,199,60894,卖盘
2096,10:15:58,3.07,--,111,34077,买盘
2097,10:15:53,3.07,--,282,86574,买盘
2098,10:15:48,3.07,--,621,190647,买盘
2099,10:15:43,3.07,--,645,198015,买盘
2100,10:15:38,3.07,--,161,49427,买盘
2101,10:15:33,3.07,--,73,22411,买盘
2102,10:15:28,3.07,--,370,113590,买盘
2103,10:15:23,3.07,--,665,204155,买盘
2104,10:15:18,3.07,--,44,13508,买盘
2105,10:15:13,3.07,-0.01,10407,3195007,卖盘
2106,10:15:08,3.08,0.01,64,19712,买盘
2107,10:15:03,3.07,--,21,6447,卖盘
2108,10:14:58,3.07,--,47,14429,卖盘
2109,10:14:53,3.07,--,176,54032,卖盘
2110,10:14:48,3.07,--,216,66351,卖盘
2111,10:14:43,3.07,--,13,3991,卖盘
2112,10:14:38,3.07,--,117,35919,卖盘
2113,10:14:33,3.07,--,612,187884,卖盘
2114,10:14:28,3.07,-0.01,87,26709,卖盘
2115,10:14:23,3.08,0.01,10369,3193652,买盘
2116,10:14:13,3.07,-0.01,1037,318359,卖盘
2117,10:14:08,3.08,0.01,11643,3586044,买盘
2118,10:14:03,3.07,--,30,9210,卖盘
2119,10:13:58,3.07,-0.01,148,45436,卖盘
2120,10:13:53,3.08,0.01,197,60676,买盘
2121,10:13:48,3.07,--,225,69075,卖盘
2122,10:13:43,3.07,--,675,207225,卖盘
2123,10:13:38,3.07,--,273,83811,卖盘
2124,10:13:33,3.07,--,23,7061,卖盘
2125,10:13:28,3.07,-0.01,637,195559,卖盘
2126,10:13:23,3.08,--,18,5544,买盘
2127,10:13:18,3.08,0.01,5,1540,买盘
2128,10:13:13,3.07,-0.01,40,12280,卖盘
2129,10:13:08,3.08,0.01,140,43120,买盘
2130,10:13:03,3.07,--,149,45743,卖盘
2131,10:12:58,3.07,-0.01,1033,317131,卖盘
2132,10:12:53,3.08,0.01,33,10164,买盘
2133,10:12:48,3.07,-0.01,499,153193,卖盘
2134,10:12:38,3.08,0.01,576,177580,买盘
2135,10:12:33,3.07,--,96,29472,卖盘
2136,10:12:28,3.07,-0.01,299,91793,卖盘
2137,10:12:23,3.08,0.01,16,4928,买盘
2138,10:12:18,3.07,-0.01,255,78285,卖盘
2139,10:12:08,3.08,--,126,38808,买盘
2140,10:12:03,3.08,0.01,10,3080,买盘
2141,10:11:58,3.07,-0.01,114,34998,卖盘
2142,10:11:53,3.08,--,4,1232,买盘
2143,10:11:48,3.08,--,3,924,买盘
2144,10:11:43,3.08,0.01,20,6160,买盘
2145,10:11:38,3.07,--,56,17192,卖盘
2146,10:11:33,3.07,--,136,41752,卖盘
2147,10:11:28,3.07,-0.01,106,32542,卖盘
2148,10:11:23,3.08,--,4,1232,买盘
2149,10:11:18,3.08,--,19,5852,买盘
2150,10:11:08,3.08,0.01,223,68684,买盘
2151,10:11:03,3.07,--,23,7061,卖盘
2152,10:10:58,3.07,-0.01,108,33156,卖盘
2153,10:10:52,3.08,--,62,19096,买盘
2154,10:10:48,3.08,0.01,11,3388,买盘
2155,10:10:43,3.07,--,30,9210,卖盘
2156,10:10:37,3.07,-0.01,123,37761,卖盘
2157,10:10:32,3.08,0.01,67,20636,买盘
2158,10:10:28,3.07,-0.01,111,34077,卖盘
2159,10:10:22,3.08,--,6,1848,买盘
2160,10:10:18,3.08,--,4,1232,买盘
2161,10:10:12,3.08,--,19,5852,买盘
2162,10:10:07,3.08,--,196,60368,买盘
2163,10:10:03,3.08,0.01,359,110572,买盘
2164,10:09:58,3.07,-0.01,108,33156,卖盘
2165,10:09:52,3.08,--,4,1232,买盘
2166,10:09:48,3.08,0.01,5,1540,买盘
2167,10:09:37,3.07,-0.01,67,20569,卖盘
2168,10:09:32,3.08,0.01,26,8008,买盘
2169,10:09:28,3.07,-0.01,101,31007,卖盘
2170,10:09:22,3.08,--,13,4004,买盘
2171,10:09:17,3.08,--,3,924,买盘
2172,10:09:12,3.08,0.01,3,924,买盘
2173,10:09:07,3.07,-0.01,56,17192,卖盘
2174,10:09:02,3.08,0.01,3,924,买盘
2175,10:08:58,3.07,-0.01,108,33156,卖盘
2176,10:08:52,3.08,--,10,3080,买盘
2177,10:08:47,3.08,--,11,3388,买盘
2178,10:08:37,3.08,0.01,90,27720,买盘
2179,10:08:32,3.07,-0.01,156,47892,卖盘
2180,10:08:27,3.08,--,12,3696,买盘
2181,10:08:22,3.08,--,73,22484,买盘
2182,10:08:17,3.08,--,25,7700,买盘
2183,10:08:07,3.08,--,74,22792,买盘
2184,10:08:02,3.08,0.01,32,9856,买盘
2185,10:07:57,3.07,--,22,6754,卖盘
2186,10:07:52,3.07,-0.01,604,185428,卖盘
2187,10:07:47,3.08,0.01,10,3080,买盘
2188,10:07:42,3.07,--,22,6754,卖盘
2189,10:07:37,3.07,-0.01,53,16271,卖盘
2190,10:07:32,3.08,--,16,4928,买盘
2191,10:07:22,3.08,0.01,4,1232,买盘
2192,10:07:17,3.07,-0.01,106,32542,卖盘
2193,10:07:06,3.08,--,57,17556,买盘
2194,10:07:02,3.08,0.01,21,6468,买盘
2195,10:06:57,3.07,--,1201,368707,卖盘
2196,10:06:52,3.07,-0.01,525,161346,卖盘
2197,10:06:47,3.08,0.01,4,1232,买盘
2198,10:06:36,3.07,-0.01,202,62014,卖盘
2199,10:06:32,3.08,--,60,18480,买盘
2200,10:06:27,3.08,--,173,53284,买盘
2201,10:06:22,3.08,0.01,3,924,买盘
2202,10:06:17,3.07,-0.01,96,29472,卖盘
2203,10:06:12,3.08,0.01,33,10164,买盘
2204,10:06:06,3.07,-0.01,54,16578,卖盘
2205,10:06:02,3.08,0.01,48,14784,买盘
2206,10:05:57,3.07,-0.01,24,7368,卖盘
2207,10:05:47,3.08,--,54,16632,买盘
2208,10:05:37,3.08,--,54,16632,买盘
2209,10:05:32,3.08,--,108,33264,买盘
2210,10:05:27,3.08,--,219,67452,买盘
2211,10:05:17,3.08,--,309,95172,买盘
2212,10:05:12,3.08,0.01,3,924,买盘
2213,10:05:06,3.07,-0.01,55,16885,卖盘
2214,10:05:02,3.08,--,38,11704,买盘
2215,10:04:57,3.08,--,336,103488,买盘
2216,10:04:47,3.08,--,18,5544,买盘
2217,10:04:42,3.08,0.01,83,25564,买盘
2218,10:04:36,3.07,-0.01,52,15964,卖盘
2219,10:04:32,3.08,--,203,62524,买盘
2220,10:04:27,3.08,0.01,50,15400,买盘
2221,10:04:21,3.07,-0.01,11,3377,卖盘
2222,10:04:17,3.08,--,116,35728,买盘
2223,10:04:12,3.08,0.01,6,1848,买盘
2224,10:04:06,3.07,-0.01,55,16885,卖盘
2225,10:04:01,3.08,0.01,80,24640,买盘
2226,10:03:57,3.07,--,64,19648,卖盘
2227,10:03:51,3.07,-0.01,17,5268,卖盘
2228,10:03:46,3.08,--,14,4312,买盘
2229,10:03:41,3.08,0.01,820,252560,买盘
2230,10:03:36,3.07,-0.01,53,16271,卖盘
2231,10:03:31,3.08,--,98,30184,买盘
2232,10:03:27,3.08,0.01,90,27720,买盘
2233,10:03:16,3.07,--,257,78899,卖盘
2234,10:03:12,3.07,--,12,3684,卖盘
2235,10:03:06,3.07,-0.01,58,17806,卖盘
2236,10:03:01,3.08,0.01,135,41580,买盘
2237,10:02:56,3.07,-0.01,52,15964,卖盘
2238,10:02:51,3.08,--,3,924,买盘
2239,10:02:46,3.08,--,42,12936,买盘
2240,10:02:41,3.08,--,242,74536,买盘
2241,10:02:36,3.08,--,63,19404,买盘
2242,10:02:31,3.08,--,121,37268,买盘
2243,10:02:26,3.08,--,120,36960,买盘
2244,10:02:21,3.08,--,19,5852,买盘
2245,10:02:16,3.08,--,101,31108,买盘
2246,10:02:11,3.08,0.01,60,18480,买盘
2247,10:02:06,3.07,-0.01,55,16885,卖盘
2248,10:02:01,3.08,0.01,3,924,买盘
2249,10:01:56,3.07,--,71,21797,卖盘
2250,10:01:51,3.07,--,178,54646,卖盘
2251,10:01:46,3.07,--,44,13508,卖盘
2252,10:01:41,3.07,--,30,9210,卖盘
2253,10:01:36,3.07,--,28229,8666425,买盘
2254,10:01:31,3.07,--,5,1535,买盘
2255,10:01:26,3.07,0.01,55003,16885921,买盘
2256,10:01:21,3.06,-0.01,52,15912,卖盘
2257,10:01:16,3.07,--,50099,15380393,买盘
2258,10:01:11,3.07,0.01,3,921,买盘
2259,10:01:06,3.06,-0.01,56,17136,卖盘
2260,10:01:01,3.07,0.01,36,11052,买盘
2261,10:00:56,3.06,-0.01,164,50184,卖盘
2262,10:00:51,3.07,0.01,85,26095,买盘
2263,10:00:41,3.06,--,1,306,卖盘
2264,10:00:36,3.06,--,88,26928,卖盘
2265,10:00:31,3.06,--,35,10710,卖盘
2266,10:00:21,3.06,-0.01,2300,703800,卖盘
2267,10:00:16,3.07,--,175,53725,买盘
2268,10:00:11,3.07,0.01,36,11052,买盘
2269,10:00:06,3.06,--,54,16524,卖盘
2270,10:00:01,3.06,--,20,6120,卖盘
2271,09:59:56,3.06,-0.01,341,104346,卖盘
2272,09:59:51,3.07,--,164,50348,买盘
2273,09:59:46,3.07,--,874,268318,买盘
2274,09:59:41,3.07,0.01,8,2456,买盘
2275,09:59:36,3.06,--,277,84762,卖盘
2276,09:59:30,3.06,-0.01,2,612,卖盘
2277,09:59:26,3.07,0.01,14,4298,买盘
2278,09:59:21,3.06,--,28,8568,卖盘
2279,09:59:16,3.06,--,98,29988,卖盘
2280,09:59:11,3.06,--,12,3672,卖盘
2281,09:59:06,3.06,-0.01,1028,314568,卖盘
2282,09:59:00,3.07,--,2,614,买盘
2283,09:58:56,3.07,0.01,135,41445,买盘
2284,09:58:51,3.06,-0.01,21,6426,卖盘
2285,09:58:45,3.07,--,20,6140,买盘
2286,09:58:41,3.07,0.01,60,18420,买盘
2287,09:58:36,3.06,--,104,31824,卖盘
2288,09:58:21,3.06,--,168,51408,卖盘
2289,09:58:15,3.06,--,44,13464,卖盘
2290,09:58:11,3.06,--,129,39474,卖盘
2291,09:58:06,3.06,-0.01,170,52020,卖盘
2292,09:58:00,3.07,0.01,695,213365,买盘
2293,09:57:56,3.06,--,26,7956,卖盘
2294,09:57:45,3.06,-0.01,73,22338,卖盘
2295,09:57:40,3.07,--,165,50655,买盘
2296,09:57:36,3.07,0.01,120,36840,买盘
2297,09:57:25,3.06,-0.01,506,154836,卖盘
2298,09:57:20,3.07,0.01,24,7368,买盘
2299,09:57:15,3.06,-0.01,93,28458,卖盘
2300,09:57:10,3.07,0.01,3,921,买盘
2301,09:57:05,3.06,--,75,22950,卖盘
2302,09:57:00,3.06,--,39,11934,卖盘
2303,09:56:55,3.06,--,47,14382,卖盘
2304,09:56:40,3.06,--,19,5814,卖盘
2305,09:56:35,3.06,--,124,37944,卖盘
2306,09:56:30,3.06,-0.01,305,93330,卖盘
2307,09:56:25,3.07,0.01,17,5219,买盘
2308,09:56:20,3.06,-0.01,1,306,卖盘
2309,09:56:10,3.07,0.01,3,921,买盘
2310,09:56:05,3.06,--,88,26928,卖盘
2311,09:56:00,3.06,--,30,9180,卖盘
2312,09:55:55,3.06,-0.01,98,29988,卖盘
2313,09:55:50,3.07,--,1,307,买盘
2314,09:55:45,3.07,0.01,50,15350,买盘
2315,09:55:40,3.06,--,1,306,卖盘
2316,09:55:35,3.06,--,75,22950,卖盘
2317,09:55:25,3.06,-0.01,11,3366,卖盘
2318,09:55:20,3.07,0.01,188,57716,买盘
2319,09:55:15,3.06,-0.01,3,918,卖盘
2320,09:55:10,3.07,0.01,353,108371,买盘
2321,09:55:05,3.06,--,137,41922,卖盘
2322,09:54:55,3.06,--,117,35802,卖盘
2323,09:54:50,3.06,-0.01,90,27540,卖盘
2324,09:54:45,3.07,--,25,7675,买盘
2325,09:54:40,3.07,0.01,306,93942,买盘
2326,09:54:35,3.06,-0.01,66,20196,卖盘
2327,09:54:30,3.07,--,6,1842,买盘
2328,09:54:25,3.07,--,20,6140,买盘
2329,09:54:20,3.07,--,280,85960,买盘
2330,09:54:10,3.07,0.01,44,13508,买盘
2331,09:54:05,3.06,--,77,23562,卖盘
2332,09:54:00,3.06,--,1,306,卖盘
2333,09:53:55,3.06,-0.01,28,8568,卖盘
2334,09:53:50,3.07,--,51,15657,买盘
2335,09:53:45,3.07,--,67,20569,买盘
2336,09:53:35,3.07,--,314,96398,买盘
2337,09:53:30,3.07,0.01,20,6140,买盘
2338,09:53:24,3.06,--,1,306,卖盘
2339,09:53:20,3.06,-0.01,254,77724,卖盘
2340,09:53:09,3.07,0.01,13,3991,买盘
2341,09:53:05,3.06,--,1298,397188,卖盘
2342,09:53:00,3.06,--,144,44064,卖盘
2343,09:52:54,3.06,--,72,22032,卖盘
2344,09:52:50,3.06,-0.01,100,30600,卖盘
2345,09:52:45,3.07,--,10,3070,买盘
2346,09:52:39,3.07,0.01,13,3991,买盘
2347,09:52:35,3.06,-0.01,177,54162,卖盘
2348,09:52:30,3.07,0.01,48,14736,买盘
2349,09:52:25,3.06,--,72,22032,卖盘
2350,09:52:20,3.06,-0.01,522,159732,卖盘
2351,09:52:10,3.07,0.01,107,32849,买盘
2352,09:52:05,3.06,--,256,78336,卖盘
2353,09:52:00,3.06,-0.01,215,65790,卖盘
2354,09:51:54,3.07,--,280,85960,买盘
2355,09:51:50,3.07,--,108,33156,买盘
2356,09:51:45,3.07,--,137,42059,买盘
2357,09:51:35,3.07,--,139,42673,买盘
2358,09:51:30,3.07,--,2,614,买盘
2359,09:51:24,3.07,--,76,23332,买盘
2360,09:51:20,3.07,--,64,19648,买盘
2361,09:51:15,3.07,--,263,80741,买盘
2362,09:51:09,3.07,0.01,6,1842,买盘
2363,09:51:05,3.06,-0.01,55,16830,卖盘
2364,09:51:00,3.07,0.01,59,18113,买盘
2365,09:50:50,3.06,-0.01,29,8874,卖盘
2366,09:50:45,3.07,0.01,89,27323,买盘
2367,09:50:39,3.06,--,3,918,卖盘
2368,09:50:35,3.06,-0.01,155,47430,卖盘
2369,09:50:30,3.07,--,167,51269,买盘
2370,09:50:24,3.07,--,3,921,买盘
2371,09:50:19,3.07,0.01,109,33463,买盘
2372,09:50:15,3.06,-0.01,8,2448,卖盘
2373,09:50:09,3.07,--,46,14122,买盘
2374,09:50:04,3.07,0.01,204,62628,买盘
2375,09:49:59,3.06,--,17,5202,卖盘
2376,09:49:54,3.06,-0.01,666,203796,卖盘
2377,09:49:49,3.07,0.01,26,7982,买盘
2378,09:49:44,3.06,--,1,306,卖盘
2379,09:49:34,3.06,-0.01,68,20808,卖盘
2380,09:49:29,3.07,0.01,89,27323,买盘
2381,09:49:19,3.06,-0.01,30,9180,卖盘
2382,09:49:09,3.07,0.01,3,921,买盘
2383,09:49:04,3.06,-0.01,216,66096,卖盘
2384,09:48:59,3.07,--,40,12280,买盘
2385,09:48:54,3.07,0.01,99,30393,买盘
2386,09:48:49,3.06,-0.01,71,21726,卖盘
2387,09:48:44,3.07,0.01,20,6140,买盘
2388,09:48:39,3.06,-0.01,86,26316,卖盘
2389,09:48:34,3.07,--,79,24253,买盘
2390,09:48:29,3.07,--,99,30393,买盘
2391,09:48:19,3.07,--,1,307,买盘
2392,09:48:14,3.07,--,18,5526,买盘
2393,09:48:09,3.07,--,29,8903,买盘
2394,09:48:04,3.07,--,69,21183,买盘
2395,09:47:59,3.07,--,38,11666,买盘
2396,09:47:54,3.07,--,2,614,买盘
2397,09:47:49,3.07,--,120,36840,买盘
2398,09:47:39,3.07,--,5,1535,买盘
2399,09:47:34,3.07,--,109,33463,买盘
2400,09:47:29,3.07,--,146,44822,买盘
2401,09:47:24,3.07,--,2,614,买盘
2402,09:47:19,3.07,--,44,13508,买盘
2403,09:47:14,3.07,--,337,103459,买盘
2404,09:47:09,3.07,0.01,131,40217,买盘
2405,09:47:04,3.06,--,85,26010,卖盘
2406,09:46:59,3.06,-0.01,1091,333846,卖盘
2407,09:46:54,3.07,0.01,33,10131,买盘
2408,09:46:49,3.06,-0.01,54,16524,卖盘
2409,09:46:44,3.07,0.01,333,102231,买盘
2410,09:46:39,3.06,--,1,306,卖盘
2411,09:46:34,3.06,--,66,20196,卖盘
2412,09:46:29,3.06,--,45,13770,卖盘
2413,09:46:24,3.06,--,2,612,卖盘
2414,09:46:19,3.06,--,217,66402,卖盘
2415,09:46:14,3.06,--,173,52938,卖盘
2416,09:46:09,3.06,-0.01,139,42534,卖盘
2417,09:46:04,3.07,0.01,1041,319587,买盘
2418,09:45:59,3.06,--,36,11016,卖盘
2419,09:45:54,3.06,-0.01,111,33966,卖盘
2420,09:45:48,3.07,--,21,6447,买盘
2421,09:45:44,3.07,--,76,23332,买盘
2422,09:45:39,3.07,0.01,91,27937,买盘
2423,09:45:33,3.06,-0.01,14,4284,卖盘
2424,09:45:24,3.07,0.01,25,7675,买盘
2425,09:45:18,3.06,--,80,24480,卖盘
2426,09:45:14,3.06,--,73,22338,卖盘
2427,09:45:09,3.06,--,57,17442,卖盘
2428,09:45:04,3.06,-0.01,113,34578,卖盘
2429,09:44:59,3.07,0.01,96,29472,买盘
2430,09:44:54,3.06,--,5,1530,卖盘
2431,09:44:48,3.06,--,1,306,卖盘
2432,09:44:44,3.06,-0.01,30,9180,卖盘
2433,09:44:39,3.07,0.01,90,27630,买盘
2434,09:44:33,3.06,-0.01,32,9792,卖盘
2435,09:44:24,3.07,--,178,54646,买盘
2436,09:44:14,3.07,0.01,4,1228,买盘
2437,09:44:09,3.06,--,234,71604,卖盘
2438,09:44:03,3.06,-0.01,113,34578,卖盘
2439,09:43:59,3.07,0.01,750,230250,买盘
2440,09:43:53,3.06,-0.01,42,12852,卖盘
2441,09:43:43,3.07,--,62,19034,买盘
2442,09:43:38,3.07,0.01,96,29472,买盘
2443,09:43:33,3.06,-0.01,991,303246,卖盘
2444,09:43:28,3.07,0.01,459,140913,买盘
2445,09:43:23,3.06,-0.01,7000,2142000,卖盘
2446,09:43:19,3.07,0.01,138,42366,买盘
2447,09:43:13,3.06,-0.01,50,15300,卖盘
2448,09:43:08,3.07,0.01,148,45436,买盘
2449,09:43:03,3.06,--,213,65178,卖盘
2450,09:42:58,3.06,--,82,25092,卖盘
2451,09:42:53,3.06,--,70,21420,卖盘
2452,09:42:43,3.06,-0.01,306,93636,卖盘
2453,09:42:38,3.07,--,327,100389,买盘
2454,09:42:33,3.07,--,137,42059,买盘
2455,09:42:28,3.07,--,6,1842,买盘
2456,09:42:23,3.07,--,520,159640,买盘
2457,09:42:18,3.07,--,10,3070,买盘
2458,09:42:13,3.07,0.01,63,19341,买盘
2459,09:42:08,3.06,--,238,72828,卖盘
2460,09:41:58,3.06,-0.01,52,15912,卖盘
2461,09:41:48,3.07,0.01,6,1842,买盘
2462,09:41:38,3.06,--,61,18666,卖盘
2463,09:41:33,3.06,-0.01,49,14994,卖盘
2464,09:41:28,3.07,--,70,21490,买盘
2465,09:41:23,3.07,--,12,3684,买盘
2466,09:41:13,3.07,--,12,3684,买盘
2467,09:41:08,3.07,--,69,21183,买盘
2468,09:41:03,3.07,0.01,73,22411,买盘
2469,09:40:58,3.06,--,122,37332,卖盘
2470,09:40:53,3.06,-0.01,520,159120,卖盘
2471,09:40:48,3.07,--,124,38068,买盘
2472,09:40:43,3.07,0.01,655,201085,买盘
2473,09:40:38,3.06,-0.01,53,16218,卖盘
2474,09:40:33,3.07,0.01,1,307,买盘
2475,09:40:28,3.06,-0.01,131,40086,卖盘
2476,09:40:23,3.07,--,59,18113,买盘
2477,09:40:18,3.07,--,34,10438,买盘
2478,09:40:13,3.07,--,49,15043,买盘
2479,09:40:08,3.07,0.01,119,36533,买盘
2480,09:40:03,3.06,--,33,10098,卖盘
2481,09:39:58,3.06,-0.01,51,15606,卖盘
2482,09:39:53,3.07,0.01,10,3070,买盘
2483,09:39:43,3.06,-0.01,9,2754,卖盘
2484,09:39:38,3.07,--,112,34384,买盘
2485,09:39:33,3.07,0.01,13,3991,买盘
2486,09:39:23,3.06,--,98,29988,卖盘
2487,09:39:12,3.06,-0.01,20,6120,卖盘
2488,09:39:08,3.07,--,552,169464,买盘
2489,09:39:03,3.07,--,19,5833,买盘
2490,09:38:57,3.07,0.01,133,40831,买盘
2491,09:38:53,3.06,-0.01,471,144126,卖盘
2492,09:38:48,3.07,--,31,9517,买盘
2493,09:38:42,3.07,0.01,12,3684,买盘
2494,09:38:38,3.06,-0.01,55,16830,卖盘
2495,09:38:33,3.07,0.01,203,62321,买盘
2496,09:38:23,3.06,-0.01,100,30600,卖盘
2497,09:38:18,3.07,--,57,17499,买盘
2498,09:38:08,3.07,0.01,292,89644,买盘
2499,09:38:03,3.06,-0.01,112,34272,卖盘
2500,09:37:57,3.07,0.01,74,22718,买盘
2501,09:37:53,3.06,-0.01,68,20808,卖盘
2502,09:37:48,3.07,--,195,59865,买盘
2503,09:37:42,3.07,0.01,2,614,买盘
2504,09:37:38,3.06,--,63,19278,卖盘
2505,09:37:33,3.06,-0.01,98,29988,卖盘
2506,09:37:27,3.07,--,90,27630,买盘
2507,09:37:23,3.07,--,251,77057,买盘
2508,09:37:18,3.07,0.01,20,6140,买盘
2509,09:37:12,3.06,--,30,9180,卖盘
2510,09:37:07,3.06,--,66,20196,卖盘
2511,09:37:03,3.06,-0.01,401,122706,卖盘
2512,09:36:57,3.07,--,100,30700,买盘
2513,09:36:52,3.07,--,54,16578,买盘
2514,09:36:47,3.07,--,52,15964,买盘
2515,09:36:42,3.07,0.01,201,61707,买盘
2516,09:36:37,3.06,--,180,55080,卖盘
2517,09:36:33,3.06,-0.01,447,136782,卖盘
2518,09:36:22,3.07,0.01,156,47892,买盘
2519,09:36:18,3.06,--,182,55692,卖盘
2520,09:36:12,3.06,--,253,77418,卖盘
2521,09:36:07,3.06,--,1193,365058,卖盘
2522,09:36:02,3.06,--,19,5814,卖盘
2523,09:35:52,3.06,--,489,149634,卖盘
2524,09:35:47,3.06,--,48,14688,卖盘
2525,09:35:42,3.06,-0.01,311,95166,卖盘
2526,09:35:37,3.07,--,322,98854,买盘
2527,09:35:32,3.07,--,292,89644,买盘
2528,09:35:22,3.07,0.01,303,93021,买盘
2529,09:35:17,3.06,-0.01,48,14688,卖盘
2530,09:35:12,3.07,0.01,459,140913,买盘
2531,09:35:07,3.06,--,131,40086,卖盘
2532,09:35:02,3.06,-0.01,649,198594,卖盘
2533,09:34:57,3.07,--,29,8903,买盘
2534,09:34:52,3.07,0.01,112,34620,买盘
2535,09:34:42,3.06,-0.01,138,42228,卖盘
2536,09:34:37,3.07,--,263,80741,买盘
2537,09:34:32,3.07,--,183,56181,买盘
2538,09:34:27,3.07,0.01,30,9210,买盘
2539,09:34:22,3.06,-0.01,130,39780,卖盘
2540,09:34:17,3.07,0.01,850,261115,买盘
2541,09:34:12,3.06,-0.01,2,612,卖盘
2542,09:34:07,3.07,--,59,18113,买盘
2543,09:34:02,3.07,--,145,44515,买盘
2544,09:33:57,3.07,--,133,40831,买盘
2545,09:33:52,3.07,0.01,3,921,买盘
2546,09:33:47,3.06,-0.01,360,110160,卖盘
2547,09:33:42,3.07,0.01,38,11666,买盘
2548,09:33:37,3.06,--,1084,331704,卖盘
2549,09:33:32,3.06,-0.01,25,7650,卖盘
2550,09:33:27,3.07,0.01,65,19955,买盘
2551,09:33:22,3.06,-0.01,63,19278,卖盘
2552,09:33:17,3.07,0.01,212,65084,买盘
2553,09:33:12,3.06,-0.01,2,612,卖盘
2554,09:33:07,3.07,--,75,23025,买盘
2555,09:33:02,3.07,0.01,136,41752,买盘
2556,09:32:57,3.06,--,86,26316,卖盘
2557,09:32:52,3.06,--,163,49878,卖盘
2558,09:32:42,3.06,--,242,74052,卖盘
2559,09:32:36,3.06,-0.01,52,15912,卖盘
2560,09:32:32,3.07,--,3880,1191160,买盘
2561,09:32:27,3.07,0.01,550,168850,买盘
2562,09:32:21,3.06,-0.01,11,3366,卖盘
2563,09:32:17,3.07,0.01,62,19034,买盘
2564,09:32:12,3.06,--,127,38862,卖盘
2565,09:32:06,3.06,--,85,26010,卖盘
2566,09:32:02,3.06,--,285,87210,卖盘
2567,09:31:57,3.06,--,2,612,卖盘
2568,09:31:51,3.06,--,781,238986,卖盘
2569,09:31:47,3.06,-0.01,2297,702882,卖盘
2570,09:31:42,3.07,0.01,1424,437168,买盘
2571,09:31:36,3.06,--,53,16218,卖盘
2572,09:31:32,3.06,-0.01,146,44676,卖盘
2573,09:31:27,3.07,0.01,250,76750,买盘
2574,09:31:21,3.06,-0.01,66,20196,卖盘
2575,09:31:17,3.07,--,301,92407,买盘
2576,09:31:12,3.07,0.01,10,3070,买盘
2577,09:31:06,3.06,--,54,16524,卖盘
2578,09:31:02,3.06,-0.01,26,7956,卖盘
2579,09:30:42,3.07,0.01,15,4605,买盘
2580,09:30:36,3.06,--,103,31518,卖盘
2581,09:30:32,3.06,--,15,4590,卖盘
2582,09:30:27,3.06,-0.01,171,52326,卖盘
2583,09:30:17,3.07,--,30,9210,买盘
2584,09:30:12,3.07,--,8,2456,买盘
2585,09:30:06,3.07,--,1075,330025,买盘
2586,09:30:01,3.07,0.01,169,51883,买盘
2587,09:28:51,3.06,--,0,0,卖盘
2588,09:25:09,3.06,3.06,15853,4851018,买盘
