,time,price,change,volume,amount,type
0,15:00:00,4.4,--,0,0,中性盘
1,15:00:00,4.4,0.01,0,0,中性盘
2,15:00:00,4.39,-0.02,513,225588,卖盘
3,14:59:56,4.41,-0.01,305,134505,卖盘
4,14:59:45,4.42,0.01,20,8840,买盘
5,14:59:41,4.41,-0.01,119,52479,卖盘
6,14:59:30,4.42,0.01,56,24752,买盘
7,14:59:26,4.41,-0.01,70,30870,卖盘
8,14:59:15,4.42,0.01,1,442,买盘
9,14:59:00,4.41,-0.01,13,5733,中性盘
10,14:58:56,4.42,0.01,116,51272,买盘
11,14:58:51,4.41,--,15,6615,买盘
12,14:58:45,4.41,--,832,366912,买盘
13,14:58:41,4.41,--,64,28224,卖盘
14,14:58:30,4.41,-0.01,162,71442,卖盘
15,14:58:26,4.42,--,317,140114,买盘
16,14:58:15,4.42,0.01,16,7072,买盘
17,14:58:11,4.41,-0.01,27,11907,卖盘
18,14:57:45,4.42,--,10,4420,买盘
19,14:57:26,4.42,-0.01,1019,450508,卖盘
20,14:57:21,4.43,--,50,22150,买盘
21,14:56:56,4.43,--,35,15504,买盘
22,14:56:50,4.43,--,10,4430,买盘
23,14:56:45,4.43,0.01,152,67336,买盘
24,14:56:41,4.42,--,5,2210,卖盘
25,14:56:36,4.42,--,20,8840,卖盘
26,14:56:24,4.42,--,80,35360,卖盘
27,14:56:15,4.42,--,97,42874,卖盘
28,14:56:05,4.42,--,12,5304,卖盘
29,14:55:50,4.42,-0.01,5,2210,卖盘
30,14:55:45,4.43,0.01,229,101447,买盘
31,14:55:39,4.42,--,38,16796,卖盘
32,14:55:24,4.42,--,13,5746,卖盘
33,14:55:20,4.42,--,36,15912,卖盘
34,14:55:15,4.42,--,10,4420,卖盘
35,14:55:09,4.42,-0.01,50,22100,卖盘
36,14:55:00,4.43,0.01,12,5316,买盘
37,14:54:54,4.42,--,110,48620,卖盘
38,14:54:50,4.42,--,212,93704,卖盘
39,14:54:39,4.42,-0.01,2,884,卖盘
40,14:54:35,4.43,--,518,229473,卖盘
41,14:54:24,4.43,--,10,4430,卖盘
42,14:54:15,4.43,--,5,2215,卖盘
43,14:54:09,4.43,--,2,886,卖盘
44,14:54:00,4.43,--,180,79740,卖盘
45,14:53:54,4.43,-0.01,15,6645,卖盘
46,14:53:45,4.44,0.01,24,10656,买盘
47,14:53:39,4.43,--,33,14618,卖盘
48,14:53:25,4.43,-0.01,10,4430,卖盘
49,14:53:15,4.44,--,318,141249,卖盘
50,14:53:05,4.44,-0.01,51,22644,卖盘
51,14:53:00,4.45,--,21,9345,买盘
52,14:52:54,4.45,0.01,34,15130,买盘
53,14:52:50,4.44,-0.01,62,27528,卖盘
54,14:52:39,4.45,0.01,95,42275,买盘
55,14:52:35,4.44,--,1,444,卖盘
56,14:52:20,4.44,--,14,6602,卖盘
57,14:52:15,4.44,--,25,11100,卖盘
58,14:52:05,4.44,--,57,25308,卖盘
59,14:52:00,4.44,-0.01,100,44400,卖盘
60,14:51:54,4.45,--,494,219830,买盘
61,14:51:50,4.45,0.01,16,7120,买盘
62,14:51:39,4.44,--,124,55056,卖盘
63,14:51:35,4.44,--,42,18648,卖盘
64,14:51:24,4.44,--,9,3996,卖盘
65,14:51:20,4.44,--,203,90132,卖盘
66,14:51:15,4.44,-0.01,10,4440,卖盘
67,14:51:09,4.45,0.01,5,2225,买盘
68,14:51:05,4.44,-0.01,102,45288,卖盘
69,14:50:54,4.45,0.01,12,5340,买盘
70,14:50:50,4.44,-0.01,22,9768,卖盘
71,14:50:45,4.45,--,25,11125,买盘
72,14:50:39,4.45,0.01,81,36045,买盘
73,14:50:34,4.44,--,100,44400,卖盘
74,14:50:29,4.44,--,63,27972,卖盘
75,14:50:24,4.44,--,120,53280,卖盘
76,14:50:19,4.44,--,3,1332,卖盘
77,14:50:14,4.44,--,90,39960,卖盘
78,14:50:09,4.44,-0.01,2,888,卖盘
79,14:50:03,4.45,0.01,52,23140,买盘
80,14:49:54,4.44,--,38,16872,卖盘
81,14:49:49,4.44,--,68,30192,卖盘
82,14:49:39,4.44,--,17,7548,卖盘
83,14:49:33,4.44,--,52,23088,卖盘
84,14:49:24,4.44,--,2,888,卖盘
85,14:49:18,4.44,--,132,58608,卖盘
86,14:49:14,4.44,--,10,4440,卖盘
87,14:49:09,4.44,--,74,32856,卖盘
88,14:49:03,4.44,--,11,4884,卖盘
89,14:48:54,4.44,--,10,4440,卖盘
90,14:48:48,4.44,0.02,276,122544,买盘
91,14:48:39,4.42,-0.02,12,5304,卖盘
92,14:48:33,4.44,-0.01,1009,447996,卖盘
93,14:48:24,4.45,0.01,112,49840,买盘
94,14:48:18,4.44,--,41,18204,卖盘
95,14:48:09,4.44,--,11,4884,卖盘
96,14:48:03,4.44,--,15,6660,卖盘
97,14:47:59,4.44,--,70,31080,卖盘
98,14:47:54,4.44,0.02,499,221556,买盘
99,14:47:39,4.42,--,18,7956,卖盘
100,14:47:33,4.42,-0.02,49,21658,卖盘
101,14:47:24,4.44,--,1066,473304,卖盘
102,14:47:18,4.44,--,69,30636,卖盘
103,14:47:14,4.44,--,114,50616,卖盘
104,14:47:09,4.44,--,199,88356,卖盘
105,14:47:03,4.44,--,4,1776,卖盘
106,14:46:59,4.44,--,11,4884,卖盘
107,14:46:54,4.44,--,42,18648,卖盘
108,14:46:48,4.44,--,17,7548,卖盘
109,14:46:44,4.44,-0.01,8,3552,卖盘
110,14:46:39,4.45,0.01,27,12015,买盘
111,14:46:33,4.44,--,2,888,卖盘
112,14:46:29,4.44,--,10,4440,卖盘
113,14:46:24,4.44,--,27,11988,卖盘
114,14:46:18,4.44,0.02,115,51060,买盘
115,14:46:14,4.42,--,30,13260,卖盘
116,14:46:09,4.42,-0.03,12,5304,卖盘
117,14:46:03,4.45,--,0,0,买盘
118,14:45:59,4.45,0.03,20,8900,买盘
119,14:45:54,4.42,-0.03,18,7956,卖盘
120,14:45:48,4.45,--,0,0,买盘
121,14:45:39,4.45,0.03,580,258100,买盘
122,14:45:24,4.42,--,10,4420,卖盘
123,14:45:03,4.42,--,2,884,卖盘
124,14:44:54,4.42,--,77,34365,卖盘
125,14:44:48,4.42,--,1,442,卖盘
126,14:44:39,4.42,--,2,884,卖盘
127,14:44:33,4.42,--,3,1326,卖盘
128,14:44:28,4.42,--,2,884,卖盘
129,14:44:24,4.42,-0.01,10,4420,卖盘
130,14:44:14,4.43,--,0,0,卖盘
131,14:44:09,4.43,--,110,48730,卖盘
132,14:44:03,4.43,--,137,60690,卖盘
133,14:43:54,4.43,--,5,2374,卖盘
134,14:43:48,4.43,0.01,75,33225,卖盘
135,14:43:42,4.42,--,0,0,卖盘
136,14:43:38,4.42,-0.02,2,884,卖盘
137,14:43:33,4.44,--,114,50616,买盘
138,14:43:28,4.44,--,60,26640,卖盘
139,14:43:18,4.44,--,11,4884,卖盘
140,14:43:13,4.44,--,70,31080,卖盘
141,14:43:08,4.44,0.01,401,178044,买盘
142,14:43:03,4.43,-0.01,1,443,卖盘
143,14:42:58,4.44,--,0,0,买盘
144,14:42:48,4.44,--,366,162504,卖盘
145,14:42:42,4.44,--,20,8880,卖盘
146,14:42:38,4.44,--,2,888,卖盘
147,14:42:33,4.44,--,122,54168,卖盘
148,14:42:27,4.44,0.01,41,18204,卖盘
149,14:42:18,4.43,--,3,1329,买盘
150,14:42:12,4.43,-0.01,205,90815,卖盘
151,14:42:03,4.44,-0.01,76,33744,卖盘
152,14:41:53,4.45,--,54,24030,卖盘
153,14:41:48,4.45,--,79,35155,卖盘
154,14:41:42,4.45,--,16,7120,卖盘
155,14:41:38,4.45,0.01,143,63635,买盘
156,14:41:33,4.44,--,2,1278,卖盘
157,14:41:27,4.44,--,160,71040,卖盘
158,14:41:23,4.44,--,70,31080,卖盘
159,14:41:18,4.44,--,2,888,卖盘
160,14:41:12,4.44,--,11,4884,卖盘
161,14:41:03,4.44,--,49,21898,买盘
162,14:40:57,4.44,--,0,0,买盘
163,14:40:48,4.44,--,387,171828,卖盘
164,14:40:42,4.44,--,268,118992,卖盘
165,14:40:38,4.44,--,57,25308,卖盘
166,14:40:33,4.44,--,49,21756,卖盘
167,14:40:27,4.44,--,321,142524,卖盘
168,14:40:23,4.44,--,157,69708,买盘
169,14:40:18,4.44,--,309,137196,买盘
170,14:40:12,4.44,--,22,9768,买盘
171,14:40:08,4.44,--,97,43068,卖盘
172,14:40:03,4.44,--,38,16872,卖盘
173,14:39:57,4.44,-0.01,220,97680,卖盘
174,14:39:53,4.45,0.01,3,1335,买盘
175,14:39:48,4.44,--,56,24864,卖盘
176,14:39:42,4.44,--,407,180708,卖盘
177,14:39:33,4.44,--,111,49284,卖盘
178,14:39:27,4.44,0.02,390,173160,买盘
179,14:39:23,4.42,-0.02,130,57460,卖盘
180,14:39:18,4.44,0.01,555,246420,买盘
181,14:39:12,4.43,--,189,83727,卖盘
182,14:39:03,4.43,0.01,332,147076,买盘
183,14:38:52,4.42,--,96,42432,买盘
184,14:38:47,4.42,-0.01,30,13260,买盘
185,14:38:42,4.43,--,882,390726,买盘
186,14:38:37,4.43,0.01,33,14618,买盘
187,14:38:33,4.42,--,571,252382,卖盘
188,14:38:27,4.42,--,19,8398,卖盘
189,14:38:22,4.42,--,15,6630,卖盘
190,14:38:18,4.42,0.01,79,34918,买盘
191,14:38:12,4.41,-0.01,11,4851,卖盘
192,14:38:07,4.42,--,1,442,买盘
193,14:38:03,4.42,0.02,1,442,中性盘
194,14:37:57,4.4,--,0,0,卖盘
195,14:37:47,4.4,-0.03,20,8800,中性盘
196,14:37:42,4.43,--,6,2658,买盘
197,14:37:37,4.43,-0.01,2,886,买盘
198,14:37:27,4.44,0.01,619,274836,买盘
199,14:37:22,4.43,-0.01,4,1772,卖盘
200,14:37:17,4.44,--,330,146520,卖盘
201,14:37:12,4.44,--,240,106560,买盘
202,14:37:07,4.44,--,132,58608,卖盘
203,14:37:02,4.44,--,49,21756,卖盘
204,14:36:57,4.44,--,187,83028,卖盘
205,14:36:52,4.44,--,368,163392,买盘
206,14:36:47,4.44,0.01,42,18648,买盘
207,14:36:42,4.43,0.02,254,112827,买盘
208,14:36:37,4.41,-0.01,262,115678,卖盘
209,14:36:32,4.42,--,361,159562,买盘
210,14:36:27,4.42,--,7,3094,买盘
211,14:36:21,4.42,0.02,435,192574,买盘
212,14:36:17,4.4,--,11,4840,卖盘
213,14:36:06,4.4,0.01,485,213809,买盘
214,14:35:57,4.39,--,459,201500,买盘
215,14:35:47,4.39,-0.01,491,215548,卖盘
216,14:35:42,4.4,0.01,53,23320,买盘
217,14:35:36,4.39,0.01,635,278765,买盘
218,14:35:27,4.38,--,70,30931,买盘
219,14:35:21,4.38,--,25,11313,买盘
220,14:35:12,4.38,0.01,533,233454,买盘
221,14:35:02,4.37,--,659,287983,买盘
222,14:34:57,4.37,0.01,1,437,买盘
223,14:34:51,4.36,--,555,241980,卖盘
224,14:34:47,4.36,--,6,2616,卖盘
225,14:34:42,4.36,0.01,164,71905,买盘
226,14:34:36,4.35,--,66,28709,卖盘
227,14:34:27,4.35,--,14,6089,卖盘
228,14:34:21,4.35,0.01,154,66990,买盘
229,14:34:17,4.34,--,49,21266,卖盘
230,14:34:12,4.34,--,12,5208,卖盘
231,14:34:06,4.34,--,125,54250,卖盘
232,14:34:02,4.34,-0.02,6,2604,卖盘
233,14:33:51,4.36,0.01,3,1308,买盘
234,14:33:47,4.35,--,2,869,卖盘
235,14:33:42,4.35,--,2,869,卖盘
236,14:33:36,4.35,--,13,5654,买盘
237,14:33:32,4.35,0.01,1,434,买盘
238,14:33:27,4.34,--,32,13888,卖盘
239,14:33:17,4.34,-0.02,96,42045,卖盘
240,14:33:12,4.36,0.02,6,2616,买盘
241,14:33:06,4.34,-0.01,384,166656,卖盘
242,14:33:02,4.35,--,54,23489,卖盘
243,14:32:57,4.35,-0.01,991,431119,卖盘
244,14:32:51,4.36,--,138,60168,卖盘
245,14:32:41,4.36,--,20,8720,卖盘
246,14:32:36,4.36,--,1,436,卖盘
247,14:32:27,4.36,--,193,84148,卖盘
248,14:32:16,4.36,--,200,87200,卖盘
249,14:32:06,4.36,--,0,235,卖盘
250,14:32:02,4.36,--,49,21364,卖盘
251,14:31:57,4.36,--,10,4360,卖盘
252,14:31:42,4.36,--,49,21364,卖盘
253,14:31:36,4.36,--,0,0,卖盘
254,14:31:27,4.36,-0.01,11,4796,卖盘
255,14:31:21,4.37,--,3,1311,卖盘
256,14:31:12,4.37,--,2,1123,买盘
257,14:30:51,4.37,--,7,3246,卖盘
258,14:30:36,4.37,--,3,1560,买盘
259,14:30:31,4.37,0.01,1,437,买盘
260,14:30:27,4.36,-0.01,20,8720,卖盘
261,14:30:21,4.37,0.01,150,65550,买盘
262,14:30:06,4.36,-0.01,1,436,卖盘
263,14:29:57,4.37,--,10,4370,买盘
264,14:29:36,4.37,0.01,4,1748,买盘
265,14:29:21,4.36,--,46,20056,卖盘
266,14:29:16,4.36,-0.01,966,421176,卖盘
267,14:29:00,4.37,0.01,9,3933,买盘
268,14:28:56,4.36,--,48,20928,卖盘
269,14:28:36,4.36,--,1453,633861,买盘
270,14:28:31,4.36,0.01,41,17876,买盘
271,14:28:26,4.35,--,12,5246,卖盘
272,14:28:21,4.35,--,40,17661,卖盘
273,14:28:15,4.35,--,53,23255,卖盘
274,14:28:06,4.35,--,54,23611,卖盘
275,14:28:00,4.35,-0.01,49,21732,卖盘
276,14:27:56,4.36,0.01,84,36624,买盘
277,14:27:51,4.35,--,56,24529,卖盘
278,14:27:45,4.35,--,11,5089,卖盘
279,14:27:41,4.35,--,51,22567,卖盘
280,14:27:30,4.35,--,53,23363,卖盘
281,14:27:26,4.35,--,1500,652500,卖盘
282,14:27:21,4.35,-0.01,58,25591,卖盘
283,14:27:15,4.36,--,1,436,买盘
284,14:27:06,4.36,--,78,34090,卖盘
285,14:27:00,4.36,--,0,0,卖盘
286,14:26:51,4.36,-0.01,58,25340,卖盘
287,14:26:45,4.37,--,102,44831,买盘
288,14:26:35,4.37,0.01,112,49284,买盘
289,14:26:26,4.36,--,48,21193,卖盘
290,14:26:21,4.36,-0.01,49,21673,卖盘
291,14:26:15,4.37,0.02,1,437,买盘
292,14:26:11,4.35,--,0,0,卖盘
293,14:26:05,4.35,-0.02,125,54374,卖盘
294,14:26:00,4.37,-0.01,58,25346,中性盘
295,14:25:56,4.38,-0.02,12,5256,买盘
296,14:25:51,4.4,0.02,870,382800,买盘
297,14:25:45,4.38,--,0,0,买盘
298,14:25:41,4.38,-0.01,17,7446,卖盘
299,14:25:36,4.39,--,3,1317,买盘
300,14:25:30,4.39,0.01,20,8780,中性盘
301,14:25:26,4.38,-0.01,1200,525600,卖盘
302,14:25:21,4.39,--,57,25378,卖盘
303,14:25:15,4.39,-0.01,140,61732,卖盘
304,14:25:05,4.4,0.01,67,29625,买盘
305,14:25:00,4.39,0.01,429,188708,买盘
306,14:24:56,4.38,--,536,235022,卖盘
307,14:24:51,4.38,--,39,17173,卖盘
308,14:24:45,4.38,--,130,56961,卖盘
309,14:24:41,4.38,-0.01,49,21483,卖盘
310,14:24:30,4.39,0.01,321,141147,买盘
311,14:24:21,4.38,0.02,3618,1584832,买盘
312,14:24:15,4.36,--,90,39301,买盘
313,14:24:10,4.36,--,187,81532,买盘
314,14:24:05,4.36,0.01,51,22236,买盘
315,14:24:00,4.35,--,158,69143,卖盘
316,14:23:55,4.35,--,71,31272,卖盘
317,14:23:50,4.35,0.01,335,146007,买盘
318,14:23:45,4.34,0.01,57,24803,买盘
319,14:23:35,4.33,--,57,24715,卖盘
320,14:23:30,4.33,--,36,15644,卖盘
321,14:23:26,4.33,0.01,127,55194,买盘
322,14:23:15,4.32,-0.01,54,23621,卖盘
323,14:23:11,4.33,0.01,38,16618,买盘
324,14:23:05,4.32,--,21,9115,卖盘
325,14:23:00,4.32,-0.01,18,7776,卖盘
326,14:22:50,4.33,--,19,8261,卖盘
327,14:22:45,4.33,--,18,8097,卖盘
328,14:22:40,4.33,--,41,17934,卖盘
329,14:22:35,4.33,--,40,17449,卖盘
330,14:22:30,4.33,--,31,13843,卖盘
331,14:22:25,4.33,--,53,22974,卖盘
332,14:22:20,4.33,--,6,2598,卖盘
333,14:22:15,4.33,--,54,23394,卖盘
334,14:22:09,4.33,--,135,58645,买盘
335,14:22:05,4.33,--,58,25183,买盘
336,14:22:00,4.33,0.01,107,46681,买盘
337,14:21:54,4.32,-0.01,43,18640,卖盘
338,14:21:50,4.33,--,108,46764,买盘
339,14:21:45,4.33,--,191,83045,买盘
340,14:21:40,4.33,--,56,24248,买盘
341,14:21:30,4.33,--,126,54687,卖盘
342,14:21:24,4.33,--,14,6365,买盘
343,14:21:20,4.33,-0.01,34,14756,卖盘
344,14:21:15,4.34,0.02,50,22099,买盘
345,14:21:09,4.32,--,0,0,卖盘
346,14:21:00,4.32,--,50,21967,卖盘
347,14:20:54,4.32,-0.01,129,55732,卖盘
348,14:20:44,4.33,--,67,29153,卖盘
349,14:20:35,4.33,--,50,21797,卖盘
350,14:20:30,4.33,--,37,16410,卖盘
351,14:20:24,4.33,--,11,4875,卖盘
352,14:20:20,4.33,--,51,22156,买盘
353,14:20:14,4.33,--,1,640,卖盘
354,14:20:09,4.33,--,51,22117,卖盘
355,14:20:05,4.33,--,2,1056,买盘
356,14:19:59,4.33,--,53,23156,卖盘
357,14:19:54,4.33,-0.01,90,39277,卖盘
358,14:19:50,4.34,0.01,20,8680,买盘
359,14:19:44,4.33,--,57,24849,卖盘
360,14:19:39,4.33,--,50,21650,卖盘
361,14:19:30,4.33,-0.01,59,25767,卖盘
362,14:19:24,4.34,0.01,89,38799,买盘
363,14:19:14,4.33,--,254,110124,卖盘
364,14:19:04,4.33,-0.01,173,75255,卖盘
365,14:18:59,4.34,0.01,104,45448,买盘
366,14:18:54,4.33,-0.01,10,4719,卖盘
367,14:18:50,4.34,0.01,100,43400,买盘
368,14:18:44,4.33,-0.01,56,24577,卖盘
369,14:18:39,4.34,--,36,15624,买盘
370,14:18:35,4.34,-0.01,546,236964,卖盘
371,14:18:29,4.35,--,22,9570,买盘
372,14:18:24,4.35,--,1,434,买盘
373,14:18:19,4.35,-0.01,49,21341,卖盘
374,14:18:14,4.36,0.01,67,29212,买盘
375,14:18:09,4.35,-0.01,62,27004,卖盘
376,14:18:05,4.36,0.01,1,436,买盘
377,14:17:59,4.35,--,62,27357,卖盘
378,14:17:54,4.35,--,54,23498,卖盘
379,14:17:49,4.35,-0.01,2,869,卖盘
380,14:17:44,4.36,0.01,115,50501,买盘
381,14:17:39,4.35,--,50,21750,卖盘
382,14:17:35,4.35,-0.01,61,26809,卖盘
383,14:17:29,4.36,0.01,7,3052,买盘
384,14:17:24,4.35,--,53,23455,卖盘
385,14:17:14,4.35,0.01,391,170332,买盘
386,14:17:09,4.34,-0.02,722,313703,卖盘
387,14:17:04,4.36,--,10,4360,买盘
388,14:16:59,4.36,0.01,50,21900,买盘
389,14:16:54,4.35,--,26,11309,卖盘
390,14:16:49,4.35,--,52,22633,卖盘
391,14:16:39,4.35,-0.01,96,42129,卖盘
392,14:16:34,4.36,0.01,26,11336,买盘
393,14:16:29,4.35,-0.01,51,22463,卖盘
394,14:16:24,4.36,0.01,54,23879,买盘
395,14:16:20,4.35,--,3,1305,卖盘
396,14:16:14,4.35,--,103,45005,卖盘
397,14:16:04,4.35,-0.01,49,21432,卖盘
398,14:15:59,4.36,0.01,1,436,买盘
399,14:15:54,4.35,--,60,26130,卖盘
400,14:15:49,4.35,--,39,17173,卖盘
401,14:15:44,4.35,-0.01,11,5102,卖盘
402,14:15:39,4.36,0.01,53,23112,买盘
403,14:15:29,4.35,--,52,23028,卖盘
404,14:15:24,4.35,--,56,24664,买盘
405,14:15:19,4.35,--,1,434,买盘
406,14:15:14,4.35,--,19,8265,买盘
407,14:15:09,4.35,-0.01,592,257519,卖盘
408,14:14:59,4.36,--,0,0,买盘
409,14:14:54,4.36,--,502,218872,买盘
410,14:14:48,4.36,0.01,501,218436,买盘
411,14:14:44,4.35,--,475,206624,买盘
412,14:14:39,4.35,--,6,2610,买盘
413,14:14:29,4.35,--,101,43935,买盘
414,14:14:24,4.35,--,3,1305,买盘
415,14:14:09,4.35,0.01,1,434,买盘
416,14:13:59,4.34,--,51,22134,买盘
417,14:13:48,4.34,--,11,4774,买盘
418,14:13:33,4.34,--,1,434,买盘
419,14:13:29,4.34,-0.01,50,21700,卖盘
420,14:13:18,4.35,0.01,2,869,买盘
421,14:12:58,4.34,--,1,594,买盘
422,14:12:53,4.34,--,14,6076,买盘
423,14:12:43,4.34,--,1,434,买盘
424,14:12:39,4.34,--,1,434,买盘
425,14:12:23,4.34,--,3,1302,买盘
426,14:12:18,4.34,--,5,2170,买盘
427,14:12:08,4.34,--,6,2604,买盘
428,14:12:03,4.34,-0.01,254,110236,卖盘
429,14:11:58,4.35,--,115,50024,买盘
430,14:11:53,4.35,--,1,434,买盘
431,14:11:43,4.35,-0.01,356,154860,卖盘
432,14:11:38,4.36,0.01,6,2616,买盘
433,14:11:23,4.35,--,10,4350,卖盘
434,14:11:13,4.35,--,1,434,卖盘
435,14:10:38,4.35,--,60,26099,买盘
436,14:10:33,4.35,-0.01,440,191399,卖盘
437,14:09:48,4.36,0.01,43,18748,买盘
438,14:09:38,4.35,-0.01,32,13919,卖盘
439,14:09:33,4.36,--,2,872,买盘
440,14:09:23,4.36,--,10,4360,买盘
441,14:09:18,4.36,--,36,15696,买盘
442,14:09:08,4.36,--,46,20056,买盘
443,14:08:43,4.36,--,1,436,买盘
444,14:08:33,4.36,--,1,436,买盘
445,14:08:18,4.36,--,3,1308,买盘
446,14:07:03,4.36,-0.01,12,5232,卖盘
447,14:06:57,4.37,0.01,7,3059,买盘
448,14:06:38,4.36,--,53,23108,买盘
449,14:06:27,4.36,0.01,1,436,买盘
450,14:06:12,4.35,--,157,68295,买盘
451,14:06:08,4.35,0.01,1,434,买盘
452,14:05:57,4.34,-0.01,3,1302,卖盘
453,14:05:47,4.35,--,1,434,买盘
454,14:05:42,4.35,--,50,21750,买盘
455,14:05:27,4.35,--,1,434,买盘
456,14:05:22,4.35,--,30,13049,卖盘
457,14:05:17,4.35,-0.01,5,2175,卖盘
458,14:05:02,4.36,0.01,1,436,买盘
459,14:04:57,4.35,-0.01,5,2175,卖盘
460,14:04:52,4.36,--,20,8720,买盘
461,14:04:48,4.36,--,1,436,买盘
462,14:04:42,4.36,--,38,16568,买盘
463,14:04:27,4.36,--,1,436,买盘
464,14:04:22,4.36,0.01,3,1308,买盘
465,14:04:12,4.35,-0.01,15,6524,卖盘
466,14:04:07,4.36,0.01,1,436,买盘
467,14:03:57,4.35,--,170,73950,买盘
468,14:03:47,4.35,0.01,18,7829,买盘
469,14:03:42,4.34,-0.01,75,32550,卖盘
470,14:03:32,4.35,--,19,8265,买盘
471,14:03:27,4.35,--,1,434,买盘
472,14:03:12,4.35,--,1,434,买盘
473,14:03:07,4.35,0.01,1,434,买盘
474,14:03:02,4.34,-0.01,2,868,卖盘
475,14:02:57,4.35,0.01,2,869,买盘
476,14:02:42,4.34,--,1,434,卖盘
477,14:02:37,4.34,0.01,100,43400,买盘
478,14:02:27,4.33,-0.01,30,12990,卖盘
479,14:02:17,4.34,--,51,22134,买盘
480,14:02:02,4.34,--,1,434,买盘
481,14:01:47,4.34,0.01,1,434,买盘
482,14:01:37,4.33,--,46,19918,买盘
483,14:01:27,4.33,--,1,433,买盘
484,14:01:22,4.33,-0.01,158,68414,卖盘
485,14:01:17,4.34,--,1,434,买盘
486,14:01:12,4.34,--,100,43400,买盘
487,14:01:07,4.34,--,1,434,买盘
488,14:00:42,4.34,0.01,1,434,买盘
489,14:00:27,4.33,-0.01,20,8660,卖盘
490,14:00:21,4.34,--,68,29512,买盘
491,14:00:17,4.34,--,1,434,买盘
492,14:00:02,4.34,0.02,2,868,买盘
493,13:59:42,4.32,-0.01,585,252720,卖盘
494,13:59:32,4.33,--,5,2165,卖盘
495,13:59:17,4.33,--,322,139426,买盘
496,13:59:11,4.33,--,101,43733,买盘
497,13:59:06,4.33,0.01,2,866,买盘
498,13:58:56,4.32,-0.01,101,43632,卖盘
499,13:58:51,4.33,0.01,1,433,买盘
500,13:58:47,4.32,--,90,38880,卖盘
501,13:58:36,4.32,--,11,4752,卖盘
502,13:58:17,4.32,-0.01,109,47088,卖盘
503,13:57:51,4.33,--,9,3897,买盘
504,13:57:32,4.33,-0.01,333,144189,卖盘
505,13:57:11,4.34,0.01,6,2604,买盘
506,13:56:51,4.33,--,13,5629,卖盘
507,13:56:41,4.33,--,30,12990,卖盘
508,13:56:16,4.33,--,5,2165,卖盘
509,13:56:11,4.33,--,10,4330,卖盘
510,13:56:01,4.33,-0.01,31,13423,卖盘
511,13:55:51,4.34,--,7,3038,买盘
512,13:55:36,4.34,0.01,20,8680,买盘
513,13:55:16,4.33,-0.01,25,10825,卖盘
514,13:55:06,4.34,--,3,1302,买盘
515,13:55:01,4.34,--,1,434,买盘
516,13:54:41,4.34,0.01,1,434,买盘
517,13:54:36,4.33,-0.01,87,37671,卖盘
518,13:54:16,4.34,0.01,30,13020,买盘
519,13:54:06,4.33,-0.01,7,3031,卖盘
520,13:53:56,4.34,--,2,868,买盘
521,13:53:46,4.34,0.01,243,105462,买盘
522,13:53:26,4.33,--,5,2165,卖盘
523,13:52:50,4.33,--,9,3897,卖盘
524,13:52:36,4.33,0.01,221,95693,买盘
525,13:52:30,4.32,-0.01,62,26784,卖盘
526,13:52:26,4.33,--,50,21650,买盘
527,13:52:20,4.33,0.01,38,16454,买盘
528,13:52:11,4.32,--,6,2592,卖盘
529,13:51:35,4.32,-0.01,20,8640,卖盘
530,13:51:30,4.33,--,8,3464,买盘
531,13:51:26,4.33,--,186,80538,买盘
532,13:51:20,4.33,--,41,17753,买盘
533,13:51:15,4.33,--,63,27279,买盘
534,13:51:11,4.33,0.01,1,433,买盘
535,13:51:05,4.32,-0.01,16,6912,卖盘
536,13:51:00,4.33,--,24,10392,买盘
537,13:50:56,4.33,--,50,21650,买盘
538,13:50:50,4.33,-0.01,630,272790,卖盘
539,13:50:41,4.34,-0.01,217,94178,卖盘
540,13:50:20,4.35,--,2,869,买盘
541,13:50:15,4.35,0.01,50,21750,买盘
542,13:50:11,4.34,--,61,26474,卖盘
543,13:50:05,4.34,--,7,3038,卖盘
544,13:49:50,4.34,-0.01,13,5642,卖盘
545,13:49:35,4.35,--,132,57419,卖盘
546,13:48:45,4.35,-0.01,70,30449,卖盘
547,13:48:35,4.36,0.01,2,872,买盘
548,13:48:05,4.35,--,1,434,卖盘
549,13:47:50,4.35,--,6,2610,卖盘
550,13:47:20,4.35,--,143,62204,卖盘
551,13:47:15,4.35,-0.01,50,21750,卖盘
552,13:46:35,4.36,--,138,60168,买盘
553,13:46:30,4.36,--,3,1308,买盘
554,13:46:15,4.36,--,2,872,买盘
555,13:46:10,4.36,--,10,4360,买盘
556,13:45:40,4.36,--,3,1308,买盘
557,13:45:35,4.36,--,10,4360,买盘
558,13:45:20,4.36,0.01,26,11336,买盘
559,13:45:14,4.35,--,6,2610,卖盘
560,13:45:09,4.35,-0.01,1,434,卖盘
561,13:44:04,4.36,--,1,436,买盘
562,13:43:59,4.36,--,1,436,买盘
563,13:43:54,4.36,--,6,2616,买盘
564,13:43:44,4.36,--,107,46652,卖盘
565,13:43:34,4.36,-0.01,61,26596,中性盘
566,13:43:24,4.37,--,1,437,买盘
567,13:43:19,4.37,--,132,57684,买盘
568,13:43:14,4.37,0.01,87,38019,买盘
569,13:43:04,4.36,--,36,15696,卖盘
570,13:42:59,4.36,0.01,1,436,买盘
571,13:42:54,4.35,0.01,10,4350,卖盘
572,13:42:50,4.34,--,0,0,卖盘
573,13:42:44,4.34,-0.02,64,27776,卖盘
574,13:42:39,4.36,--,135,58860,买盘
575,13:42:29,4.36,0.01,94,40984,买盘
576,13:42:24,4.35,--,1,434,卖盘
577,13:42:14,4.35,--,58,25229,买盘
578,13:42:09,4.35,--,86,37410,买盘
579,13:41:59,4.35,--,207,90044,买盘
580,13:41:54,4.35,--,92,40020,买盘
581,13:41:44,4.35,--,97,42195,买盘
582,13:41:34,4.35,--,91,39585,买盘
583,13:41:24,4.35,--,87,37845,买盘
584,13:41:14,4.35,--,112,48719,卖盘
585,13:41:09,4.35,--,14,6089,卖盘
586,13:40:59,4.35,0.01,58,25229,买盘
587,13:40:54,4.34,--,4,1736,卖盘
588,13:40:49,4.34,-0.01,85,36890,卖盘
589,13:40:39,4.35,--,274,119189,买盘
590,13:40:29,4.35,-0.01,183,79605,卖盘
591,13:40:14,4.36,--,92,40112,买盘
592,13:40:09,4.36,0.01,45,19620,买盘
593,13:39:59,4.35,--,18,7829,买盘
594,13:39:54,4.35,--,91,39585,买盘
595,13:39:44,4.35,--,80,34800,买盘
596,13:39:29,4.35,--,0,0,买盘
597,13:39:14,4.35,--,6,2610,买盘
598,13:39:09,4.35,0.03,98,42630,买盘
599,13:39:04,4.32,-0.03,273,117936,卖盘
600,13:38:59,4.35,-0.01,321,139635,卖盘
601,13:38:54,4.36,--,1,436,买盘
602,13:38:49,4.36,--,93,40548,买盘
603,13:38:39,4.36,--,88,38368,买盘
604,13:38:29,4.36,--,30,13080,买盘
605,13:38:23,4.36,--,123,53628,买盘
606,13:38:19,4.36,--,107,46652,买盘
607,13:38:14,4.36,--,43,18748,买盘
608,13:38:08,4.36,-0.02,221,96356,卖盘
609,13:38:04,4.38,--,0,0,买盘
610,13:37:59,4.38,0.01,500,219000,买盘
611,13:37:53,4.37,0.01,181,79097,买盘
612,13:37:29,4.36,--,22,9592,买盘
613,13:37:18,4.36,--,88,38368,买盘
614,13:37:08,4.36,--,82,35752,买盘
615,13:36:59,4.36,--,301,131236,买盘
616,13:36:53,4.36,-0.01,47,20492,卖盘
617,13:36:43,4.37,0.01,138,60306,买盘
618,13:36:38,4.36,--,22,9592,买盘
619,13:36:33,4.36,--,10,4360,买盘
620,13:36:29,4.36,--,100,43600,买盘
621,13:36:23,4.36,--,92,40112,买盘
622,13:36:18,4.36,--,200,87200,买盘
623,13:36:13,4.36,--,137,59732,买盘
624,13:36:08,4.36,--,17,7412,买盘
625,13:36:03,4.36,--,89,38804,买盘
626,13:35:53,4.36,--,87,37932,买盘
627,13:35:43,4.36,--,4,1744,买盘
628,13:35:38,4.36,-0.01,432,188352,卖盘
629,13:35:28,4.37,0.01,78,34086,买盘
630,13:35:13,4.36,--,3,1308,买盘
631,13:35:08,4.36,--,103,44908,买盘
632,13:34:58,4.36,0.01,91,39676,买盘
633,13:34:48,4.35,--,12,5220,买盘
634,13:34:33,4.35,-0.01,174,75690,卖盘
635,13:34:23,4.36,0.01,135,58860,买盘
636,13:34:08,4.35,--,13,5654,买盘
637,13:34:03,4.35,--,173,75255,卖盘
638,13:33:58,4.35,--,24,10440,买盘
639,13:33:53,4.35,--,91,39585,买盘
640,13:33:48,4.35,--,19,8265,买盘
641,13:33:38,4.35,--,91,39585,买盘
642,13:33:33,4.35,-0.01,2,869,卖盘
643,13:33:28,4.36,0.01,136,59296,买盘
644,13:33:18,4.35,--,104,45239,买盘
645,13:33:07,4.35,-0.01,17,7394,卖盘
646,13:32:48,4.36,--,93,40548,买盘
647,13:32:43,4.36,--,5,2180,买盘
648,13:32:37,4.36,0.01,80,34880,买盘
649,13:32:28,4.35,--,34,14789,买盘
650,13:32:22,4.35,--,6,2610,买盘
651,13:32:18,4.35,--,88,38280,买盘
652,13:32:07,4.35,0.01,81,35235,买盘
653,13:32:03,4.34,-0.01,2,868,卖盘
654,13:31:52,4.35,0.01,132,57419,买盘
655,13:31:47,4.34,--,26,11284,卖盘
656,13:31:37,4.34,--,6,2742,买盘
657,13:31:33,4.34,--,0,0,买盘
658,13:31:22,4.34,--,134,58156,买盘
659,13:31:17,4.34,--,3,1302,买盘
660,13:31:13,4.34,--,92,39928,买盘
661,13:31:07,4.34,--,15,6510,买盘
662,13:31:02,4.34,--,84,36456,买盘
663,13:30:47,4.34,--,54,23436,买盘
664,13:30:37,4.34,--,129,55986,买盘
665,13:30:32,4.34,-0.01,12,5503,卖盘
666,13:30:27,4.35,--,91,39585,买盘
667,13:30:17,4.35,0.01,82,35670,买盘
668,13:30:07,4.34,--,87,37896,买盘
669,13:30:02,4.34,0.01,1,434,买盘
670,13:29:52,4.33,--,91,39403,买盘
671,13:29:47,4.33,--,1,433,买盘
672,13:29:42,4.33,-0.01,90,38970,卖盘
673,13:29:32,4.34,--,84,36456,买盘
674,13:29:22,4.34,0.01,92,39928,买盘
675,13:29:07,4.33,0.01,9,3897,买盘
676,13:28:52,4.32,--,8,3456,买盘
677,13:28:47,4.32,--,81,34992,买盘
678,13:28:37,4.32,--,90,38880,买盘
679,13:28:32,4.32,0.01,1,432,买盘
680,13:28:27,4.31,-0.01,28,12067,卖盘
681,13:28:22,4.32,0.01,88,38016,买盘
682,13:28:17,4.31,0.01,434,187053,买盘
683,13:28:07,4.3,-0.01,60,25800,卖盘
684,13:28:02,4.31,0.01,86,37066,买盘
685,13:27:52,4.3,--,92,39822,买盘
686,13:27:47,4.3,--,44,18920,买盘
687,13:27:42,4.3,--,84,36120,买盘
688,13:27:37,4.3,--,63,27090,买盘
689,13:27:32,4.3,--,98,42140,买盘
690,13:27:22,4.3,--,3,1290,买盘
691,13:27:17,4.3,--,98,42140,买盘
692,13:27:07,4.3,--,89,38270,买盘
693,13:27:02,4.3,--,100,43000,买盘
694,13:26:57,4.3,0.01,78,33540,买盘
695,13:26:52,4.29,--,42,18018,卖盘
696,13:26:46,4.29,--,171,73359,卖盘
697,13:26:42,4.29,--,100,42900,卖盘
698,13:26:27,4.29,-0.01,5,2145,卖盘
699,13:26:07,4.3,--,56,24080,买盘
700,13:26:01,4.3,-0.01,235,101467,卖盘
701,13:25:46,4.31,--,5,2155,买盘
702,13:25:42,4.31,-0.01,10,4310,买盘
703,13:25:31,4.32,--,0,0,买盘
704,13:25:16,4.32,0.02,5,2160,买盘
705,13:25:12,4.3,-0.02,2078,893540,卖盘
706,13:24:47,4.32,--,30,12960,买盘
707,13:24:42,4.32,--,80,34560,买盘
708,13:24:32,4.32,--,6,2592,买盘
709,13:24:16,4.32,--,26,11232,买盘
710,13:24:11,4.32,--,21,9072,买盘
711,13:23:56,4.32,--,31,13392,买盘
712,13:23:11,4.32,--,4,1728,买盘
713,13:23:01,4.32,--,55,23760,买盘
714,13:22:56,4.32,0.01,10,4320,买盘
715,13:22:46,4.31,-0.01,7,3016,卖盘
716,13:22:41,4.32,0.01,8,3456,买盘
717,13:22:31,4.31,--,38,16464,卖盘
718,13:22:21,4.31,--,29,12921,卖盘
719,13:22:16,4.31,--,58,25377,卖盘
720,13:22:11,4.31,--,39,17149,卖盘
721,13:22:01,4.31,--,40,17425,卖盘
722,13:21:56,4.31,--,41,17705,卖盘
723,13:21:46,4.31,--,42,18106,卖盘
724,13:21:36,4.31,-0.01,42,18373,卖盘
725,13:21:31,4.32,0.01,1,432,买盘
726,13:21:26,4.31,--,43,18657,卖盘
727,13:21:21,4.31,--,6,2603,买盘
728,13:21:16,4.31,--,38,16455,卖盘
729,13:21:11,4.31,-0.01,47,20627,卖盘
730,13:21:06,4.32,0.01,4,1728,买盘
731,13:21:01,4.31,--,35,15132,卖盘
732,13:20:56,4.31,--,10,4482,卖盘
733,13:20:51,4.31,--,8,3732,卖盘
734,13:20:46,4.31,-0.01,179,77235,卖盘
735,13:20:41,4.32,0.01,44,19340,买盘
736,13:20:31,4.31,-0.01,253,109301,卖盘
737,13:20:26,4.32,0.01,42,18144,买盘
738,13:20:21,4.31,--,44,19071,卖盘
739,13:20:16,4.31,--,44,19351,卖盘
740,13:20:11,4.31,--,4,1723,卖盘
741,13:20:06,4.31,--,28,12464,卖盘
742,13:20:01,4.31,--,38,16627,卖盘
743,13:19:56,4.31,--,78,33794,卖盘
744,13:19:46,4.31,--,42,18524,卖盘
745,13:19:41,4.31,-0.01,50,21825,卖盘
746,13:19:31,4.32,0.01,44,19163,买盘
747,13:19:26,4.31,-0.02,10,4387,卖盘
748,13:19:21,4.33,0.03,79,34207,买盘
749,13:19:16,4.3,-0.02,2000,860000,卖盘
750,13:19:10,4.32,--,21,9417,卖盘
751,13:19:06,4.32,-0.01,38,16571,卖盘
752,13:19:01,4.33,0.01,10,4330,买盘
753,13:18:55,4.32,--,30,12998,卖盘
754,13:18:51,4.32,--,9,4285,卖盘
755,13:18:46,4.32,--,39,17141,卖盘
756,13:18:40,4.32,--,1,432,卖盘
757,13:18:36,4.32,--,43,18714,卖盘
758,13:18:26,4.32,-0.01,46,19975,卖盘
759,13:18:20,4.33,0.01,42,18315,买盘
760,13:18:15,4.32,--,9,4134,卖盘
761,13:18:10,4.32,--,42,18411,卖盘
762,13:18:01,4.32,0.01,30,13003,买盘
763,13:17:55,4.31,--,44,19201,卖盘
764,13:17:51,4.31,-0.01,94,40591,卖盘
765,13:17:35,4.32,0.01,2,864,卖盘
766,13:17:20,4.31,--,42,18145,卖盘
767,13:17:15,4.31,-0.01,131,56779,卖盘
768,13:17:10,4.32,0.01,7,3024,买盘
769,13:17:05,4.31,-0.01,39,17093,卖盘
770,13:17:00,4.32,0.01,2,864,买盘
771,13:16:55,4.31,--,44,19170,卖盘
772,13:16:50,4.31,-0.01,45,19451,卖盘
773,13:16:40,4.32,0.01,69,30201,买盘
774,13:16:35,4.31,--,13,5844,卖盘
775,13:16:30,4.31,-0.01,38,16550,卖盘
776,13:16:26,4.32,0.01,201,86832,买盘
777,13:16:20,4.31,--,42,18119,卖盘
778,13:16:15,4.31,--,0,0,卖盘
779,13:16:10,4.31,--,104,44841,卖盘
780,13:16:00,4.31,-0.01,40,17502,卖盘
781,13:15:55,4.32,--,10,4320,买盘
782,13:15:50,4.32,--,56,24546,卖盘
783,13:15:45,4.32,-0.01,51,22381,卖盘
784,13:15:35,4.33,0.01,244,105855,买盘
785,13:15:25,4.32,--,43,18740,卖盘
786,13:15:20,4.32,-0.01,44,19025,卖盘
787,13:15:10,4.33,0.01,1,433,买盘
788,13:15:05,4.32,--,46,20165,卖盘
789,13:15:00,4.32,-0.01,45,19690,卖盘
790,13:14:55,4.33,0.01,11,4763,买盘
791,13:14:50,4.32,--,37,16394,卖盘
792,13:14:40,4.32,-0.01,154,66791,卖盘
793,13:14:35,4.33,0.01,10,4330,买盘
794,13:14:30,4.32,--,39,17072,卖盘
795,13:14:25,4.32,-0.01,40,17353,卖盘
796,13:14:20,4.33,0.01,35,15155,买盘
797,13:14:10,4.32,--,40,17634,卖盘
798,13:14:05,4.32,--,56,24503,卖盘
799,13:13:55,4.32,--,42,18308,卖盘
800,13:13:50,4.32,--,36,15668,卖盘
801,13:13:45,4.32,--,19,8575,卖盘
802,13:13:40,4.32,0.01,83,36275,买盘
803,13:13:35,4.31,--,29,12761,买盘
804,13:13:25,4.31,--,88,37936,卖盘
805,13:13:20,4.31,--,45,19584,卖盘
806,13:13:10,4.31,0.01,62,27096,买盘
807,13:13:05,4.3,-0.01,180,77400,卖盘
808,13:12:55,4.31,0.01,5,2155,中性盘
809,13:12:50,4.3,-0.01,2500,1075000,卖盘
810,13:12:40,4.31,--,89,38746,卖盘
811,13:12:34,4.31,--,40,17589,卖盘
812,13:12:25,4.31,--,41,17864,卖盘
813,13:12:19,4.31,--,31,13408,买盘
814,13:12:15,4.31,-0.01,11,4741,卖盘
815,13:12:10,4.32,0.02,5,2160,买盘
816,13:12:05,4.3,-0.02,3871,1664616,卖盘
817,13:12:00,4.32,--,43,18869,卖盘
818,13:11:49,4.32,--,113,49066,买盘
819,13:11:45,4.32,0.01,2,864,买盘
820,13:11:40,4.31,-0.01,45,19502,卖盘
821,13:11:34,4.32,--,97,42163,买盘
822,13:11:30,4.32,--,53,22896,买盘
823,13:11:25,4.32,0.01,73,31639,买盘
824,13:11:19,4.31,--,15,6464,卖盘
825,13:11:15,4.31,--,139,59977,卖盘
826,13:11:04,4.31,--,43,18955,卖盘
827,13:10:55,4.31,-0.01,49,21390,卖盘
828,13:10:49,4.32,--,97,42029,买盘
829,13:10:45,4.32,0.01,50,21600,买盘
830,13:10:40,4.31,--,29,12598,卖盘
831,13:10:34,4.31,--,1095,472229,卖盘
832,13:10:30,4.31,-0.01,60,26088,卖盘
833,13:10:25,4.32,--,291,125712,买盘
834,13:10:14,4.32,--,1,432,买盘
835,13:10:09,4.32,--,30,13335,卖盘
836,13:10:04,4.32,--,40,17569,卖盘
837,13:09:54,4.32,0.01,9,4086,卖盘
838,13:09:49,4.31,-0.01,75,32475,卖盘
839,13:09:45,4.32,--,45,19461,买盘
840,13:09:34,4.32,--,58,25479,买盘
841,13:09:29,4.32,--,7,3024,买盘
842,13:09:24,4.32,--,35,15120,买盘
843,13:09:19,4.32,-0.01,15,6480,买盘
844,13:09:14,4.33,--,0,0,买盘
845,13:09:09,4.33,-0.01,1,433,中性盘
846,13:09:04,4.34,0.01,2500,1085000,买盘
847,13:08:59,4.33,--,45,19658,卖盘
848,13:08:49,4.33,--,38,16471,卖盘
849,13:08:44,4.33,--,42,18593,卖盘
850,13:08:34,4.33,--,44,19307,卖盘
851,13:08:29,4.33,--,54,23438,买盘
852,13:08:24,4.33,--,16,6928,买盘
853,13:08:19,4.33,0.01,3,1299,中性盘
854,13:08:14,4.32,-0.01,45,19504,卖盘
855,13:08:04,4.33,0.01,71,31124,买盘
856,13:07:59,4.32,-0.01,38,16493,卖盘
857,13:07:54,4.33,--,2,866,买盘
858,13:07:49,4.33,--,30,12990,买盘
859,13:07:39,4.33,--,12,5196,卖盘
860,13:07:34,4.33,0.01,7,3031,中性盘
861,13:07:29,4.32,-0.01,40,17439,卖盘
862,13:07:19,4.33,--,49,21459,买盘
863,13:07:14,4.33,0.01,97,42243,买盘
864,13:07:04,4.32,-0.01,42,18295,卖盘
865,13:06:59,4.33,0.01,1,433,买盘
866,13:06:54,4.32,-0.01,33,14424,卖盘
867,13:06:49,4.33,--,18,8179,买盘
868,13:06:34,4.33,--,9,4226,卖盘
869,13:06:29,4.33,-0.01,45,19649,卖盘
870,13:06:19,4.34,0.01,31,13506,买盘
871,13:06:14,4.33,--,8,3741,卖盘
872,13:06:09,4.33,--,74,32340,卖盘
873,13:06:04,4.33,--,8,3810,卖盘
874,13:05:59,4.33,--,78,33778,买盘
875,13:05:49,4.33,-0.01,42,18216,买盘
876,13:05:44,4.34,0.02,30,13020,买盘
877,13:05:34,4.32,-0.01,1941,838624,卖盘
878,13:05:24,4.33,-0.01,42,18255,卖盘
879,13:05:19,4.34,0.01,2,868,买盘
880,13:05:14,4.33,--,446,193473,卖盘
881,13:05:04,4.33,-0.01,43,18822,卖盘
882,13:04:58,4.34,--,117,50778,买盘
883,13:04:54,4.34,--,30,13020,买盘
884,13:04:49,4.34,--,201,87372,卖盘
885,13:04:43,4.34,--,10,4457,卖盘
886,13:04:34,4.34,--,47,20532,卖盘
887,13:04:28,4.34,-0.01,38,16591,卖盘
888,13:04:19,4.35,0.02,40,17778,买盘
889,13:04:13,4.33,--,30,13228,卖盘
890,13:04:09,4.33,--,9,3922,卖盘
891,13:04:04,4.33,-0.01,50,21758,卖盘
892,13:03:58,4.34,-0.01,80,34837,中性盘
893,13:03:53,4.35,0.02,130,56876,买盘
894,13:03:49,4.33,-0.02,11,4940,卖盘
895,13:03:43,4.35,--,60,26099,买盘
896,13:03:34,4.35,--,0,0,买盘
897,13:03:28,4.35,0.02,64,27996,买盘
898,13:03:24,4.33,--,9,4282,卖盘
899,13:03:19,4.33,0.01,45,19549,买盘
900,13:03:13,4.32,-0.01,190,82101,卖盘
901,13:03:09,4.33,0.01,45,19835,买盘
902,13:02:58,4.32,--,55,23954,卖盘
903,13:02:48,4.32,--,37,16342,卖盘
904,13:02:43,4.32,--,39,17167,卖盘
905,13:02:39,4.32,-0.03,36,15552,卖盘
906,13:02:28,4.35,0.01,72,31319,买盘
907,13:02:23,4.34,--,10,4340,买盘
908,13:02:18,4.34,-0.01,303,131502,买盘
909,13:02:13,4.35,--,57,24794,买盘
910,13:02:08,4.35,0.03,148,64379,买盘
911,13:02:03,4.32,-0.02,1400,604800,卖盘
912,13:01:58,4.34,-0.01,32,14087,卖盘
913,13:01:53,4.35,0.01,47,20714,买盘
914,13:01:43,4.34,-0.01,62,27220,卖盘
915,13:01:38,4.35,--,1,434,买盘
916,13:01:33,4.35,--,35,15224,买盘
917,13:01:28,4.35,-0.01,154,66990,卖盘
918,13:01:18,4.36,0.02,5,2180,中性盘
919,13:01:13,4.34,-0.02,1323,574425,卖盘
920,13:01:03,4.36,--,8,3767,卖盘
921,13:00:58,4.36,--,29,12713,卖盘
922,13:00:53,4.36,-0.01,112,49220,卖盘
923,13:00:48,4.37,0.01,477,208449,买盘
924,13:00:38,4.36,--,1438,627155,卖盘
925,13:00:28,4.36,--,9,4076,卖盘
926,13:00:23,4.36,-0.01,31,13755,卖盘
927,13:00:18,4.37,0.01,61,26740,买盘
928,13:00:13,4.36,--,16,7211,卖盘
929,13:00:08,4.36,--,1313,572877,买盘
930,13:00:03,4.36,0.01,1081,471547,买盘
931,11:30:00,4.35,--,0,0,买盘
932,11:30:00,4.35,--,0,0,买盘
933,11:29:59,4.35,--,66,28783,买盘
934,11:29:54,4.35,--,68,29579,买盘
935,11:29:49,4.35,--,152,66367,买盘
936,11:29:44,4.35,0.01,152,66120,买盘
937,11:29:38,4.34,--,38,16700,卖盘
938,11:29:29,4.34,-0.01,52,22620,卖盘
939,11:29:23,4.35,--,38,16530,买盘
940,11:29:19,4.35,--,150,65249,买盘
941,11:29:14,4.35,--,51,22185,买盘
942,11:29:08,4.35,--,79,34569,卖盘
943,11:29:04,4.35,-0.01,41,17839,卖盘
944,11:28:59,4.36,0.01,119,51884,买盘
945,11:28:53,4.35,--,41,18230,卖盘
946,11:28:44,4.35,-0.01,42,18513,卖盘
947,11:28:38,4.36,--,229,99935,买盘
948,11:28:34,4.36,0.01,413,180068,买盘
949,11:28:29,4.35,-0.01,39,17330,卖盘
950,11:28:23,4.36,0.02,20,8720,买盘
951,11:28:19,4.34,-0.01,40,17689,卖盘
952,11:28:14,4.35,0.01,114,49589,买盘
953,11:28:08,4.34,--,45,19647,卖盘
954,11:27:59,4.34,-0.01,291,126311,卖盘
955,11:27:53,4.35,--,143,62496,买盘
956,11:27:48,4.35,0.01,100,43500,买盘
957,11:27:44,4.34,--,30,13167,卖盘
958,11:27:38,4.34,--,8,3901,卖盘
959,11:27:33,4.34,--,52,22667,买盘
960,11:27:29,4.34,0.01,26,11284,买盘
961,11:27:23,4.33,-0.01,90,39351,卖盘
962,11:27:18,4.34,0.01,113,49042,买盘
963,11:27:14,4.33,-0.01,207,89860,卖盘
964,11:27:08,4.34,0.01,66,28960,买盘
965,11:27:03,4.33,-0.01,9,4204,卖盘
966,11:26:59,4.34,--,115,49944,买盘
967,11:26:53,4.34,0.01,111,48174,买盘
968,11:26:48,4.33,-0.01,43,18935,卖盘
969,11:26:44,4.34,0.01,10,4340,买盘
970,11:26:38,4.33,-0.01,44,19329,卖盘
971,11:26:33,4.34,0.01,54,23843,买盘
972,11:26:29,4.33,-0.01,10,4485,卖盘
973,11:26:23,4.34,0.01,49,21561,买盘
974,11:26:14,4.33,--,38,16705,卖盘
975,11:26:03,4.33,-0.01,39,16986,卖盘
976,11:25:59,4.34,0.01,74,32116,买盘
977,11:25:53,4.33,--,39,17268,卖盘
978,11:25:48,4.33,--,40,17701,卖盘
979,11:25:38,4.33,--,74,32306,买盘
980,11:25:33,4.33,--,5,2165,买盘
981,11:25:29,4.33,0.01,5,2165,买盘
982,11:25:18,4.32,-0.01,42,18506,卖盘
983,11:25:13,4.33,0.01,9,4295,买盘
984,11:25:08,4.32,-0.01,43,18895,卖盘
985,11:25:03,4.33,0.01,74,32150,买盘
986,11:24:58,4.32,-0.01,60,25989,卖盘
987,11:24:48,4.33,--,47,20359,卖盘
988,11:24:44,4.33,--,29,12578,卖盘
989,11:24:38,4.33,--,8,3728,卖盘
990,11:24:33,4.33,--,38,16592,卖盘
991,11:24:29,4.33,--,646,279718,买盘
992,11:24:23,4.33,--,363,157603,买盘
993,11:24:18,4.33,0.01,55,24196,买盘
994,11:24:08,4.32,--,40,17513,卖盘
995,11:24:03,4.32,-0.01,9,3888,卖盘
996,11:23:58,4.33,--,101,43810,买盘
997,11:23:53,4.33,0.01,5,2165,买盘
998,11:23:48,4.32,--,82,35462,卖盘
999,11:23:38,4.32,-0.01,108,46923,卖盘
1000,11:23:33,4.33,0.01,32,13977,买盘
1001,11:23:28,4.32,--,8,3879,卖盘
1002,11:23:23,4.32,--,30,13305,卖盘
1003,11:23:18,4.32,--,120,51896,卖盘
1004,11:23:13,4.32,--,9,4030,卖盘
1005,11:23:08,4.32,--,51,22243,卖盘
1006,11:23:03,4.32,-0.01,245,105999,卖盘
1007,11:22:58,4.33,0.01,55,23815,买盘
1008,11:22:53,4.32,-0.01,41,17716,卖盘
1009,11:22:48,4.33,0.01,48,21069,买盘
1010,11:22:38,4.32,--,30,13098,卖盘
1011,11:22:33,4.32,--,24,10795,卖盘
1012,11:22:28,4.32,-0.01,40,17366,卖盘
1013,11:22:23,4.33,0.01,154,66682,买盘
1014,11:22:17,4.32,-0.01,41,18083,卖盘
1015,11:22:13,4.33,0.01,50,21650,买盘
1016,11:22:08,4.32,-0.01,41,17936,卖盘
1017,11:22:02,4.33,--,52,22697,买盘
1018,11:21:58,4.33,0.01,57,24681,买盘
1019,11:21:53,4.32,--,33,14355,卖盘
1020,11:21:48,4.32,--,9,4255,卖盘
1021,11:21:43,4.32,--,43,18887,卖盘
1022,11:21:32,4.32,--,108,46971,卖盘
1023,11:21:23,4.32,0.01,251,108708,买盘
1024,11:21:17,4.31,-0.01,37,16261,卖盘
1025,11:21:13,4.32,--,93,40176,买盘
1026,11:21:08,4.32,--,58,25293,买盘
1027,11:21:02,4.32,0.01,13,5616,买盘
1028,11:20:58,4.31,--,88,38156,卖盘
1029,11:20:53,4.31,--,9,4279,卖盘
1030,11:20:47,4.31,--,44,19020,卖盘
1031,11:20:43,4.31,--,20,8620,卖盘
1032,11:20:38,4.31,--,44,19295,卖盘
1033,11:20:32,4.31,--,10,4499,卖盘
1034,11:20:28,4.31,--,44,19063,卖盘
1035,11:20:23,4.31,-0.01,105,45392,卖盘
1036,11:20:17,4.32,--,6,2592,买盘
1037,11:20:13,4.32,0.01,65,28373,买盘
1038,11:20:02,4.31,-0.01,39,16951,卖盘
1039,11:19:58,4.32,0.01,70,30240,买盘
1040,11:19:53,4.31,--,48,20795,卖盘
1041,11:19:47,4.31,-0.01,45,19425,卖盘
1042,11:19:38,4.32,0.01,60,26092,买盘
1043,11:19:27,4.31,--,8,3754,卖盘
1044,11:19:23,4.31,--,29,12654,卖盘
1045,11:19:17,4.31,--,114,49155,卖盘
1046,11:19:08,4.31,--,75,32596,买盘
1047,11:19:02,4.31,--,159,68761,买盘
1048,11:18:57,4.31,--,77,33187,买盘
1049,11:18:53,4.31,--,7,3016,买盘
1050,11:18:47,4.31,--,528,227723,卖盘
1051,11:18:42,4.31,--,43,18800,卖盘
1052,11:18:32,4.31,--,38,16429,卖盘
1053,11:18:23,4.31,-0.01,38,16718,卖盘
1054,11:18:17,4.32,--,908,392554,买盘
1055,11:18:12,4.32,0.01,100,43200,买盘
1056,11:18:08,4.31,--,10,4383,卖盘
1057,11:18:02,4.31,--,82,35488,卖盘
1058,11:17:57,4.31,--,94,40923,卖盘
1059,11:17:47,4.31,--,55,23924,卖盘
1060,11:17:42,4.31,--,29,12805,卖盘
1061,11:17:38,4.31,--,18,8107,卖盘
1062,11:17:32,4.31,--,81,35311,买盘
1063,11:17:27,4.31,--,258,111197,买盘
1064,11:17:23,4.31,-0.01,440,189989,卖盘
1065,11:17:17,4.32,0.01,1,432,买盘
1066,11:17:12,4.31,-0.01,44,19205,卖盘
1067,11:17:07,4.32,0.01,657,283824,买盘
1068,11:17:02,4.31,--,186,80368,卖盘
1069,11:16:57,4.31,--,89,38746,卖盘
1070,11:16:47,4.31,--,20,8620,卖盘
1071,11:16:42,4.31,--,41,17783,买盘
1072,11:16:37,4.31,--,64,27786,买盘
1073,11:16:27,4.31,--,110,47409,买盘
1074,11:16:23,4.31,--,556,239773,卖盘
1075,11:16:17,4.31,--,40,17524,卖盘
1076,11:16:12,4.31,--,24,10520,卖盘
1077,11:16:07,4.31,-0.01,35,15128,卖盘
1078,11:16:02,4.32,0.01,196,85039,买盘
1079,11:15:57,4.31,--,111,47840,卖盘
1080,11:15:52,4.31,-0.01,64,27907,卖盘
1081,11:15:47,4.32,--,34,14688,买盘
1082,11:15:32,4.32,-0.01,98,42586,卖盘
1083,11:15:27,4.33,0.01,65,28296,买盘
1084,11:15:22,4.32,--,31,13620,卖盘
1085,11:15:17,4.32,-0.01,41,17945,卖盘
1086,11:15:12,4.33,0.02,1,433,买盘
1087,11:15:07,4.31,-0.01,32,14054,卖盘
1088,11:15:02,4.32,--,137,59469,买盘
1089,11:14:57,4.32,0.01,81,35121,买盘
1090,11:14:47,4.31,--,79,34195,买盘
1091,11:14:41,4.31,-0.01,23,9913,卖盘
1092,11:14:37,4.32,--,4,1728,买盘
1093,11:14:32,4.32,--,847,366033,买盘
1094,11:14:26,4.32,0.01,1,432,买盘
1095,11:14:22,4.31,--,8,3715,卖盘
1096,11:14:17,4.31,--,33,14274,卖盘
1097,11:14:12,4.31,-0.01,43,18709,卖盘
1098,11:14:07,4.32,0.01,1,432,买盘
1099,11:14:02,4.31,-0.01,55,23838,卖盘
1100,11:13:56,4.32,0.01,90,38905,买盘
1101,11:13:47,4.31,--,516,222645,买盘
1102,11:13:41,4.31,--,135,58314,买盘
1103,11:13:37,4.31,0.01,36,15903,买盘
1104,11:13:32,4.3,-0.01,23,10087,卖盘
1105,11:13:26,4.31,--,55,23704,买盘
1106,11:13:17,4.31,--,867,373676,卖盘
1107,11:13:11,4.31,--,152,65930,卖盘
1108,11:13:07,4.31,--,33,14490,卖盘
1109,11:13:02,4.31,--,88,38035,买盘
1110,11:12:56,4.31,--,388,167227,买盘
1111,11:12:47,4.31,--,4,1853,卖盘
1112,11:12:41,4.31,--,545,235196,卖盘
1113,11:12:37,4.31,--,25,10891,买盘
1114,11:12:32,4.31,-0.01,26,11218,卖盘
1115,11:12:26,4.32,0.01,36,15971,买盘
1116,11:12:22,4.31,0.01,5,2155,中性盘
1117,11:12:17,4.3,-0.01,51,22196,卖盘
1118,11:12:11,4.31,0.01,187,80760,买盘
1119,11:12:07,4.3,-0.01,40,17466,卖盘
1120,11:11:56,4.31,--,158,68291,买盘
1121,11:11:52,4.31,--,70,30169,买盘
1122,11:11:41,4.31,--,192,82915,卖盘
1123,11:11:36,4.31,--,38,16524,卖盘
1124,11:11:32,4.31,--,30,13054,卖盘
1125,11:11:26,4.31,-0.01,68,29730,卖盘
1126,11:11:21,4.32,--,3,1296,买盘
1127,11:11:17,4.32,--,10,4320,买盘
1128,11:11:11,4.32,--,232,100444,卖盘
1129,11:11:02,4.32,0.01,41,17923,卖盘
1130,11:10:56,4.31,-0.01,106,45884,卖盘
1131,11:10:51,4.32,--,26,11469,买盘
1132,11:10:46,4.32,0.02,16,6912,买盘
1133,11:10:41,4.3,-0.03,2039,877096,卖盘
1134,11:10:32,4.33,0.01,30,12990,买盘
1135,11:10:26,4.32,--,1530,660960,卖盘
1136,11:10:17,4.32,-0.01,410,177456,卖盘
1137,11:10:06,4.33,0.01,5,2165,买盘
1138,11:10:01,4.32,--,882,381123,卖盘
1139,11:09:56,4.32,-0.01,159,69059,卖盘
1140,11:09:51,4.33,--,104,45391,买盘
1141,11:09:41,4.33,--,6,2844,卖盘
1142,11:09:36,4.33,--,1100,476300,卖盘
1143,11:09:31,4.33,--,44,19121,卖盘
1144,11:09:26,4.33,-0.01,45,19519,卖盘
1145,11:09:16,4.34,0.01,34,15142,买盘
1146,11:09:11,4.33,--,86,37484,卖盘
1147,11:09:06,4.33,--,177,76688,卖盘
1148,11:09:01,4.33,-0.01,10,4330,卖盘
1149,11:08:56,4.34,0.01,89,38678,买盘
1150,11:08:51,4.33,0.01,406,176014,买盘
1151,11:08:46,4.32,--,67,29276,卖盘
1152,11:08:41,4.32,--,165,71357,卖盘
1153,11:08:36,4.32,--,30,13063,卖盘
1154,11:08:26,4.32,--,107,46319,卖盘
1155,11:08:21,4.32,-0.01,74,32222,卖盘
1156,11:08:16,4.33,--,50,21650,买盘
1157,11:08:11,4.33,--,1756,760348,买盘
1158,11:08:06,4.33,0.01,10,4330,中性盘
1159,11:08:01,4.32,-0.01,117,50604,卖盘
1160,11:07:56,4.33,--,105,45859,买盘
1161,11:07:51,4.33,--,64,27733,买盘
1162,11:07:46,4.33,--,15,6495,买盘
1163,11:07:41,4.33,--,442,191502,卖盘
1164,11:07:36,4.33,-0.01,176,76385,卖盘
1165,11:07:31,4.34,0.01,30,13020,买盘
1166,11:07:26,4.33,--,37,16363,卖盘
1167,11:07:20,4.33,-0.01,44,19333,卖盘
1168,11:07:16,4.34,0.01,38,16834,买盘
1169,11:07:11,4.33,-0.01,9,4282,卖盘
1170,11:07:06,4.34,--,115,50061,买盘
1171,11:07:01,4.34,0.01,80,34720,买盘
1172,11:06:56,4.33,--,176,76576,买盘
1173,11:06:50,4.33,--,157,68045,卖盘
1174,11:06:41,4.33,0.01,505,218881,买盘
1175,11:06:35,4.32,--,492,212608,卖盘
1176,11:06:31,4.32,0.01,77,33346,买盘
1177,11:06:26,4.31,--,22,9482,卖盘
1178,11:06:20,4.31,0.01,110,47741,买盘
1179,11:06:16,4.3,-0.01,123,53229,卖盘
1180,11:06:11,4.31,--,172,74222,买盘
1181,11:06:05,4.31,-0.01,109,46978,卖盘
1182,11:06:01,4.32,--,196,84672,买盘
1183,11:05:56,4.32,-0.01,662,285984,买盘
1184,11:05:50,4.33,--,30,12990,买盘
1185,11:05:46,4.33,--,5,2165,买盘
1186,11:05:41,4.33,--,0,0,中性盘
1187,11:05:35,4.33,-0.03,100,43300,卖盘
1188,11:05:26,4.36,--,699,305021,卖盘
1189,11:05:20,4.36,0.06,39,17182,卖盘
1190,11:05:16,4.3,-0.06,9100,3913000,卖盘
1191,11:05:11,4.36,-0.01,40,17466,卖盘
1192,11:05:01,4.37,--,12,5244,买盘
1193,11:04:56,4.37,--,50,21850,买盘
1194,11:04:50,4.37,--,3,1311,卖盘
1195,11:04:46,4.37,--,30,13297,卖盘
1196,11:04:41,4.37,0.01,8,3815,中性盘
1197,11:04:35,4.36,-0.01,209,91193,卖盘
1198,11:04:31,4.37,--,14,6118,买盘
1199,11:04:26,4.37,--,5,2185,买盘
1200,11:04:20,4.37,0.01,39,17095,买盘
1201,11:04:16,4.36,--,11,4891,卖盘
1202,11:04:05,4.36,-0.01,81,35316,卖盘
1203,11:03:56,4.37,--,60,26220,买盘
1204,11:03:50,4.37,-0.01,68,29995,卖盘
1205,11:03:45,4.38,0.01,40,17520,买盘
1206,11:03:41,4.37,--,43,18821,卖盘
1207,11:03:35,4.37,--,146,64116,买盘
1208,11:03:30,4.37,-0.01,39,17043,卖盘
1209,11:03:25,4.38,--,2452,1073976,买盘
1210,11:03:20,4.38,--,263,115351,买盘
1211,11:03:15,4.38,0.01,48,21282,买盘
1212,11:03:11,4.37,-0.01,47,20748,卖盘
1213,11:03:00,4.38,--,351,153886,卖盘
1214,11:02:55,4.38,-0.01,138,60566,卖盘
1215,11:02:50,4.39,0.01,200,87800,买盘
1216,11:02:45,4.38,--,39,17156,卖盘
1217,11:02:41,4.38,--,30,13477,卖盘
1218,11:02:35,4.38,--,41,18150,买盘
1219,11:02:30,4.38,0.01,53,23214,买盘
1220,11:02:26,4.37,-0.01,82,36069,卖盘
1221,11:02:20,4.38,--,47,20783,买盘
1222,11:02:15,4.38,0.01,10,4380,买盘
1223,11:02:10,4.37,--,44,19306,卖盘
1224,11:02:00,4.37,--,175,76776,买盘
1225,11:01:55,4.37,--,31,13547,买盘
1226,11:01:50,4.37,0.01,152,66738,买盘
1227,11:01:45,4.36,-0.01,51,22397,卖盘
1228,11:01:40,4.37,--,10,4370,买盘
1229,11:01:35,4.37,--,54,23606,买盘
1230,11:01:30,4.37,0.01,106,46322,买盘
1231,11:01:25,4.36,-0.01,51,22236,卖盘
1232,11:01:20,4.37,--,30,13110,买盘
1233,11:01:15,4.37,0.01,52,22724,卖盘
1234,11:01:10,4.36,--,29,13040,卖盘
1235,11:01:05,4.36,-0.01,249,108943,卖盘
1236,11:01:00,4.37,--,55,24410,买盘
1237,11:00:55,4.37,--,52,22724,买盘
1238,11:00:50,4.37,--,29,12673,买盘
1239,11:00:40,4.37,--,19,8303,卖盘
1240,11:00:35,4.37,0.01,86,37582,中性盘
1241,11:00:30,4.36,--,42,18686,卖盘
1242,11:00:25,4.36,--,122,53192,卖盘
1243,11:00:20,4.36,--,270,117876,买盘
1244,11:00:15,4.36,-0.02,239,104504,卖盘
1245,11:00:10,4.38,--,90,39796,买盘
1246,11:00:05,4.38,-0.01,59,25842,中性盘
1247,10:59:59,4.39,0.03,86,37754,买盘
1248,10:59:55,4.36,--,0,0,卖盘
1249,10:59:50,4.36,--,8,3488,卖盘
1250,10:59:44,4.36,0.01,99,43360,中性盘
1251,10:59:40,4.35,--,99,43265,卖盘
1252,10:59:35,4.35,--,533,232037,买盘
1253,10:59:29,4.35,--,113,49585,买盘
1254,10:59:20,4.35,--,40,17400,买盘
1255,10:59:14,4.35,-0.04,9367,4074731,卖盘
1256,10:59:10,4.39,--,43,19228,卖盘
1257,10:59:05,4.39,-0.01,70,31085,卖盘
1258,10:58:59,4.4,--,160,70483,买盘
1259,10:58:55,4.4,--,12,5280,买盘
1260,10:58:50,4.4,-0.01,1352,594880,卖盘
1261,10:58:44,4.41,--,6,2646,买盘
1262,10:58:35,4.41,--,134,59208,卖盘
1263,10:58:25,4.41,-0.01,41,18155,卖盘
1264,10:58:20,4.42,0.01,10,4420,买盘
1265,10:58:14,4.41,--,39,17551,卖盘
1266,10:58:10,4.41,--,31,13754,卖盘
1267,10:58:05,4.41,--,9,4079,卖盘
1268,10:57:59,4.41,-0.01,76,33661,卖盘
1269,10:57:55,4.42,--,10,4420,买盘
1270,10:57:44,4.42,0.01,2,884,买盘
1271,10:57:20,4.41,-0.01,30,13230,卖盘
1272,10:57:14,4.42,--,1,442,买盘
1273,10:57:05,4.42,--,17,7514,买盘
1274,10:56:59,4.42,--,1,442,买盘
1275,10:56:44,4.42,-0.01,1,442,卖盘
1276,10:56:40,4.43,--,115,50945,买盘
1277,10:56:35,4.43,--,0,0,买盘
1278,10:56:19,4.43,0.03,5,2215,买盘
1279,10:56:14,4.4,--,35,15400,卖盘
1280,10:56:10,4.4,--,4,1760,买盘
1281,10:56:05,4.4,--,51,22440,买盘
1282,10:55:59,4.4,--,68,29920,买盘
1283,10:55:49,4.4,-0.03,4920,2164800,卖盘
1284,10:55:44,4.43,-0.01,181,80183,卖盘
1285,10:55:29,4.44,0.01,15,6660,买盘
1286,10:55:19,4.43,--,90,39870,卖盘
1287,10:55:14,4.43,-0.01,79,34997,卖盘
1288,10:54:59,4.44,--,58,25752,买盘
1289,10:54:49,4.44,--,10,4440,买盘
1290,10:54:39,4.44,--,10,4440,买盘
1291,10:54:34,4.44,--,125,55500,买盘
1292,10:54:29,4.44,-0.01,248,110112,卖盘
1293,10:54:09,4.45,--,1,445,买盘
1294,10:53:59,4.45,0.01,50,22250,买盘
1295,10:53:54,4.44,0.01,306,135864,买盘
1296,10:53:44,4.43,--,9,3986,卖盘
1297,10:53:34,4.43,--,91,40313,买盘
1298,10:53:29,4.43,--,85,37655,买盘
1299,10:53:24,4.43,--,71,31452,买盘
1300,10:53:19,4.43,--,5,2215,买盘
1301,10:53:09,4.43,--,110,48730,买盘
1302,10:53:04,4.43,--,5,2215,买盘
1303,10:52:59,4.43,--,80,35440,买盘
1304,10:52:49,4.43,0.01,33,14618,买盘
1305,10:52:38,4.42,-0.01,1,442,卖盘
1306,10:52:34,4.43,--,2,886,买盘
1307,10:52:29,4.43,0.01,32,14176,买盘
1308,10:52:23,4.42,-0.01,9,3978,买盘
1309,10:52:14,4.43,--,250,110750,买盘
1310,10:52:08,4.43,--,42,18606,买盘
1311,10:51:59,4.43,0.01,18,7973,买盘
1312,10:51:53,4.42,--,67,29614,买盘
1313,10:51:48,4.42,--,3515,1553630,买盘
1314,10:51:44,4.42,-0.01,50,22100,卖盘
1315,10:51:29,4.43,--,7,3101,买盘
1316,10:51:23,4.43,-0.01,19,8417,买盘
1317,10:51:14,4.44,--,2,888,买盘
1318,10:51:08,4.44,0.03,1,444,买盘
1319,10:51:03,4.41,-0.03,90,39690,卖盘
1320,10:50:58,4.44,--,50,22200,买盘
1321,10:50:44,4.44,--,0,0,买盘
1322,10:50:38,4.44,0.04,100,44400,中性盘
1323,10:50:29,4.4,-0.04,4000,1760000,卖盘
1324,10:50:08,4.44,-0.01,100,44400,卖盘
1325,10:49:58,4.45,0.01,58,25810,买盘
1326,10:49:53,4.44,-0.01,8,3552,卖盘
1327,10:49:48,4.45,--,188,83660,卖盘
1328,10:49:38,4.45,--,29,12905,买盘
1329,10:49:33,4.45,--,2,890,买盘
1330,10:49:23,4.45,0.01,1,445,买盘
1331,10:49:13,4.44,-0.01,340,150960,卖盘
1332,10:49:08,4.45,0.01,317,141065,买盘
1333,10:48:58,4.44,-0.01,8,3552,买盘
1334,10:48:38,4.45,--,0,0,买盘
1335,10:48:28,4.45,--,154,68530,买盘
1336,10:48:13,4.45,--,10,4450,买盘
1337,10:48:03,4.45,-0.01,10,4450,卖盘
1338,10:47:58,4.46,0.01,276,123096,买盘
1339,10:47:53,4.45,0.05,8,3560,中性盘
1340,10:47:48,4.4,-0.06,8600,3784000,卖盘
1341,10:47:38,4.46,--,50,22300,买盘
1342,10:47:33,4.46,--,9,4014,买盘
1343,10:47:28,4.46,-0.04,514,229244,卖盘
1344,10:47:23,4.5,--,0,0,买盘
1345,10:46:58,4.5,0.05,50,22500,买盘
1346,10:46:53,4.45,--,0,0,卖盘
1347,10:46:33,4.45,--,0,0,卖盘
1348,10:46:23,4.45,-0.05,1500,667500,卖盘
1349,10:45:58,4.5,--,56,25200,买盘
1350,10:45:53,4.5,0.01,10,4500,买盘
1351,10:45:43,4.49,--,13,5837,卖盘
1352,10:45:38,4.49,-0.01,273,122577,卖盘
1353,10:45:28,4.5,0.01,18,8100,买盘
1354,10:45:13,4.49,-0.01,5,2245,卖盘
1355,10:45:08,4.5,--,1,450,买盘
1356,10:44:58,4.5,0.01,50,22500,买盘
1357,10:44:02,4.49,-0.01,1,449,卖盘
1358,10:43:58,4.5,--,17,7650,买盘
1359,10:43:28,4.5,--,1,450,买盘
1360,10:43:17,4.5,--,41,18450,卖盘
1361,10:43:12,4.5,--,15,6750,买盘
1362,10:43:07,4.5,--,11,4950,买盘
1363,10:42:57,4.5,--,3,1350,买盘
1364,10:42:37,4.5,0.01,200,90000,买盘
1365,10:41:57,4.49,-0.01,249,111801,卖盘
1366,10:41:47,4.5,--,10,4500,买盘
1367,10:41:42,4.5,--,7,3150,买盘
1368,10:41:37,4.5,--,118,53100,卖盘
1369,10:41:22,4.5,-0.01,55,24750,卖盘
1370,10:40:57,4.51,0.01,50,22550,买盘
1371,10:40:32,4.5,--,503,226350,卖盘
1372,10:40:27,4.5,--,517,232650,买盘
1373,10:40:17,4.5,--,2,900,买盘
1374,10:40:02,4.5,--,5,2250,买盘
1375,10:39:57,4.5,--,42,18900,买盘
1376,10:39:52,4.5,--,8,3600,买盘
1377,10:39:47,4.5,0.01,65,29250,买盘
1378,10:39:37,4.49,-0.01,418,187682,卖盘
1379,10:39:32,4.5,--,58,26100,买盘
1380,10:39:27,4.5,--,14,6300,买盘
1381,10:39:22,4.5,--,35,15750,买盘
1382,10:39:12,4.5,--,100,45000,买盘
1383,10:39:07,4.5,0.01,53,23850,买盘
1384,10:39:02,4.49,-0.01,3,1347,卖盘
1385,10:38:57,4.5,--,100,45000,买盘
1386,10:38:52,4.5,--,100,45000,买盘
1387,10:38:42,4.5,--,2,900,买盘
1388,10:38:37,4.5,--,50,22500,买盘
1389,10:38:32,4.5,--,112,50400,买盘
1390,10:38:22,4.5,--,389,175050,买盘
1391,10:38:17,4.5,--,4,1800,买盘
1392,10:38:07,4.5,--,2,900,买盘
1393,10:38:02,4.5,--,7,3150,买盘
1394,10:37:56,4.5,--,50,22500,买盘
1395,10:37:52,4.5,--,17,7650,买盘
1396,10:37:47,4.5,--,18,8100,买盘
1397,10:37:26,4.5,0.01,324,145800,买盘
1398,10:37:01,4.49,--,8,3592,买盘
1399,10:36:56,4.49,--,47,21103,买盘
1400,10:36:47,4.49,--,10,4490,买盘
1401,10:36:31,4.49,--,30,13470,买盘
1402,10:36:26,4.49,--,137,61513,买盘
1403,10:36:11,4.49,--,2,898,买盘
1404,10:35:56,4.49,--,57,25593,买盘
1405,10:35:31,4.49,--,184,82616,买盘
1406,10:35:11,4.49,0.01,9,4041,买盘
1407,10:35:01,4.48,-0.01,1,448,卖盘
1408,10:34:56,4.49,--,50,22450,买盘
1409,10:34:31,4.49,-0.01,7,3143,买盘
1410,10:34:26,4.5,--,0,0,买盘
1411,10:34:16,4.5,0.02,7,3150,买盘
1412,10:34:11,4.48,-0.01,228,102144,卖盘
1413,10:34:01,4.49,-0.01,33,14817,卖盘
1414,10:33:56,4.5,--,15,6750,买盘
1415,10:33:41,4.5,0.01,7,3150,买盘
1416,10:33:36,4.49,-0.01,137,61513,卖盘
1417,10:33:11,4.5,--,1,450,买盘
1418,10:32:56,4.5,--,9,4050,买盘
1419,10:32:41,4.5,--,4,1800,买盘
1420,10:32:26,4.5,0.01,164,73800,买盘
1421,10:32:21,4.49,-0.01,330,148170,卖盘
1422,10:32:16,4.5,--,80,36000,卖盘
1423,10:32:11,4.5,--,29,13050,卖盘
1424,10:31:56,4.5,--,1,450,卖盘
1425,10:31:41,4.5,--,20,9000,卖盘
1426,10:31:35,4.5,--,216,97200,卖盘
1427,10:31:31,4.5,--,20,9000,卖盘
1428,10:31:26,4.5,--,10,4500,卖盘
1429,10:31:16,4.5,--,3,1350,卖盘
1430,10:31:11,4.5,--,216,97200,买盘
1431,10:30:56,4.5,--,61,27450,买盘
1432,10:30:35,4.5,--,1251,562950,卖盘
1433,10:30:31,4.5,-0.01,64,28800,卖盘
1434,10:30:20,4.51,--,200,90200,买盘
1435,10:30:10,4.51,0.01,200,90200,买盘
1436,10:30:01,4.5,-0.01,1,450,卖盘
1437,10:29:55,4.51,0.01,50,22550,买盘
1438,10:29:46,4.5,--,147,66150,买盘
1439,10:29:40,4.5,--,44,19800,买盘
1440,10:29:25,4.5,--,27,12150,买盘
1441,10:29:20,4.5,--,33,14850,买盘
1442,10:29:05,4.5,0.01,15,6750,买盘
1443,10:28:55,4.49,-0.01,125,56125,卖盘
1444,10:28:50,4.5,--,5,2250,买盘
1445,10:28:45,4.5,--,31,13950,买盘
1446,10:28:35,4.5,--,17,7650,买盘
1447,10:28:30,4.5,--,13,5850,买盘
1448,10:28:25,4.5,--,6,2700,买盘
1449,10:28:10,4.5,--,19,8851,卖盘
1450,10:28:05,4.5,-0.01,114,51448,卖盘
1451,10:28:00,4.51,--,24,10824,买盘
1452,10:27:55,4.51,0.01,57,25707,买盘
1453,10:27:50,4.5,-0.01,10,4500,卖盘
1454,10:27:40,4.51,0.01,119,53669,买盘
1455,10:27:35,4.5,-0.01,30,13500,卖盘
1456,10:27:30,4.51,--,25,11275,买盘
1457,10:27:25,4.51,0.01,10,4510,买盘
1458,10:27:20,4.5,-0.01,1,450,买盘
1459,10:27:15,4.51,--,0,0,买盘
1460,10:27:10,4.51,--,1001,451451,买盘
1461,10:27:05,4.51,0.01,21,9471,买盘
1462,10:26:55,4.5,--,58,26100,买盘
1463,10:26:50,4.5,--,10,4500,买盘
1464,10:26:45,4.5,--,5,2250,买盘
1465,10:26:40,4.5,-0.01,35,15750,卖盘
1466,10:26:20,4.51,--,30,13530,买盘
1467,10:26:10,4.51,--,30,13530,买盘
1468,10:25:55,4.51,0.01,50,22550,买盘
1469,10:25:50,4.5,0.01,2200,990000,买盘
1470,10:25:40,4.49,--,43,19307,买盘
1471,10:25:30,4.49,--,5,2245,买盘
1472,10:25:05,4.49,--,700,314300,买盘
1473,10:24:55,4.49,--,80,35920,买盘
1474,10:24:50,4.49,--,4,1796,买盘
1475,10:24:05,4.49,--,100,44900,买盘
1476,10:23:55,4.49,-0.01,622,279278,卖盘
1477,10:23:45,4.5,0.01,21,9450,买盘
1478,10:23:40,4.49,--,273,122577,卖盘
1479,10:23:35,4.49,-0.01,2,898,卖盘
1480,10:22:55,4.5,--,50,22500,买盘
1481,10:22:49,4.5,--,6,2700,买盘
1482,10:22:34,4.5,--,10,4500,买盘
1483,10:22:25,4.5,--,22,9900,买盘
1484,10:22:10,4.5,--,2,900,买盘
1485,10:22:04,4.5,--,7,3150,买盘
1486,10:21:55,4.5,0.01,32,14400,买盘
1487,10:21:49,4.49,0.01,54,24246,买盘
1488,10:21:44,4.48,--,2,896,卖盘
1489,10:21:40,4.48,--,43,19264,买盘
1490,10:21:34,4.48,0.01,7,3136,买盘
1491,10:21:29,4.47,-0.01,1,447,买盘
1492,10:21:25,4.48,0.01,2,896,买盘
1493,10:21:19,4.47,--,200,89400,卖盘
1494,10:21:14,4.47,-0.01,14,6258,卖盘
1495,10:21:09,4.48,--,1,448,买盘
1496,10:21:04,4.48,0.01,16,7168,买盘
1497,10:20:59,4.47,-0.01,102,45594,卖盘
1498,10:20:49,4.48,--,5,2240,买盘
1499,10:20:44,4.48,--,2,896,买盘
1500,10:20:19,4.48,0.01,100,44800,买盘
1501,10:20:14,4.47,--,68,30396,买盘
1502,10:19:59,4.47,--,17,7599,买盘
1503,10:19:49,4.47,-0.01,59,26373,卖盘
1504,10:19:34,4.48,0.01,2,896,买盘
1505,10:19:19,4.47,-0.02,288,128736,卖盘
1506,10:19:04,4.49,--,0,0,买盘
1507,10:18:59,4.49,0.01,50,22450,买盘
1508,10:18:54,4.48,--,18,8064,卖盘
1509,10:18:29,4.48,-0.01,20,8960,卖盘
1510,10:18:19,4.49,0.01,58,26042,买盘
1511,10:18:14,4.48,-0.01,98,43904,卖盘
1512,10:18:04,4.49,--,22,9878,买盘
1513,10:17:59,4.49,--,157,70493,买盘
1514,10:17:54,4.49,--,2,898,买盘
1515,10:17:44,4.49,0.01,17,7633,买盘
1516,10:17:34,4.48,-0.01,35,15680,卖盘
1517,10:17:14,4.49,--,23,10327,买盘
1518,10:17:04,4.49,0.01,26,11674,买盘
1519,10:16:59,4.48,--,149,66752,买盘
1520,10:16:44,4.48,--,25,11200,买盘
1521,10:16:39,4.48,--,2,896,买盘
1522,10:16:34,4.48,--,14,6272,买盘
1523,10:16:29,4.48,0.01,58,25984,买盘
1524,10:16:19,4.47,-0.01,30,13410,卖盘
1525,10:16:13,4.48,0.01,20,8960,买盘
1526,10:16:09,4.47,-0.01,41,18327,卖盘
1527,10:16:04,4.48,-0.01,2,896,买盘
1528,10:15:58,4.49,--,62,27838,买盘
1529,10:15:49,4.49,0.01,195,87555,买盘
1530,10:15:43,4.48,-0.01,142,63616,卖盘
1531,10:15:38,4.49,0.01,12,5388,买盘
1532,10:15:34,4.48,--,39,17472,卖盘
1533,10:15:28,4.48,-0.01,20,8960,卖盘
1534,10:15:19,4.49,0.01,21,9429,买盘
1535,10:15:13,4.48,-0.01,2,896,卖盘
1536,10:15:08,4.49,0.01,1,449,买盘
1537,10:15:03,4.48,0.02,95,42560,买盘
1538,10:14:58,4.46,--,45,20070,卖盘
1539,10:14:53,4.46,--,5,2230,卖盘
1540,10:14:38,4.46,--,1,446,卖盘
1541,10:14:23,4.46,-0.01,88,39248,卖盘
1542,10:14:18,4.47,--,14,6258,买盘
1543,10:13:58,4.47,0.01,36,16092,买盘
1544,10:13:48,4.46,-0.01,1,446,卖盘
1545,10:13:18,4.47,-0.01,414,185058,卖盘
1546,10:13:13,4.48,-0.02,185,82880,中性盘
1547,10:13:08,4.5,0.02,300,135000,买盘
1548,10:12:58,4.48,--,10,4480,买盘
1549,10:12:18,4.48,--,28,12947,卖盘
1550,10:12:13,4.48,-0.01,4,1836,卖盘
1551,10:11:58,4.49,--,32,14368,买盘
1552,10:10:58,4.49,0.01,14,6286,买盘
1553,10:10:53,4.48,-0.01,100,44800,卖盘
1554,10:10:32,4.49,--,129,57921,卖盘
1555,10:10:22,4.49,--,10,4490,卖盘
1556,10:10:18,4.49,-0.01,57,25593,卖盘
1557,10:10:07,4.5,--,8,3600,买盘
1558,10:09:58,4.5,0.01,155,69750,买盘
1559,10:09:53,4.49,--,50,22450,卖盘
1560,10:09:28,4.49,-0.01,24,10776,卖盘
1561,10:09:12,4.5,--,1,450,买盘
1562,10:08:58,4.5,0.01,50,22500,买盘
1563,10:08:52,4.49,--,70,31430,卖盘
1564,10:08:43,4.49,--,5,2245,卖盘
1565,10:08:27,4.49,0.01,221,99229,买盘
1566,10:08:17,4.48,--,60,26880,卖盘
1567,10:08:12,4.48,-0.01,5,2240,卖盘
1568,10:07:58,4.49,--,50,22450,买盘
1569,10:07:47,4.49,0.01,61,27389,买盘
1570,10:07:42,4.48,--,100,44800,卖盘
1571,10:07:27,4.48,--,3,1344,卖盘
1572,10:07:17,4.48,-0.01,8,3584,卖盘
1573,10:06:57,4.49,--,50,22450,买盘
1574,10:06:52,4.49,-0.01,48,21552,卖盘
1575,10:06:37,4.5,0.02,41,18450,买盘
1576,10:06:27,4.48,-0.02,188,84224,卖盘
1577,10:05:57,4.5,--,27,12150,买盘
1578,10:05:37,4.5,--,72,32400,买盘
1579,10:05:21,4.5,--,22,9900,买盘
1580,10:05:17,4.5,--,7,3150,买盘
1581,10:04:57,4.5,--,47,21150,买盘
1582,10:04:36,4.5,--,100,45000,买盘
1583,10:04:27,4.5,--,150,67500,买盘
1584,10:04:02,4.5,--,10,4500,买盘
1585,10:03:57,4.5,--,50,22500,买盘
1586,10:03:16,4.5,--,20,9000,买盘
1587,10:03:12,4.5,--,1,450,买盘
1588,10:02:56,4.5,0.01,50,22500,买盘
1589,10:02:46,4.49,--,593,266257,买盘
1590,10:02:31,4.49,0.01,50,22450,买盘
1591,10:02:21,4.48,-0.01,50,22400,卖盘
1592,10:02:11,4.49,0.01,3,1347,买盘
1593,10:02:01,4.48,-0.01,10,4480,卖盘
1594,10:01:51,4.49,0.01,5,2245,买盘
1595,10:01:41,4.48,--,3,1344,卖盘
1596,10:01:26,4.48,-0.01,5,2240,卖盘
1597,10:01:21,4.49,0.01,30,13470,买盘
1598,10:01:06,4.48,--,62,27776,卖盘
1599,10:01:01,4.48,--,20,8960,卖盘
1600,10:00:51,4.48,--,50,22400,卖盘
1601,10:00:41,4.48,--,14,6272,卖盘
1602,10:00:36,4.48,-0.01,33,14784,卖盘
1603,10:00:11,4.49,--,8,3592,买盘
1604,09:59:46,4.49,--,70,31430,买盘
1605,09:59:31,4.49,0.01,15,6735,买盘
1606,09:59:16,4.48,-0.01,30,13440,卖盘
1607,09:59:00,4.49,--,35,15715,买盘
1608,09:58:45,4.49,0.01,11,4939,买盘
1609,09:58:41,4.48,--,45,20160,卖盘
1610,09:58:21,4.48,-0.01,2,896,卖盘
1611,09:58:11,4.49,--,2,898,买盘
1612,09:58:00,4.49,-0.01,537,241113,卖盘
1613,09:57:56,4.5,--,17,7650,买盘
1614,09:57:45,4.5,--,10,4500,买盘
1615,09:57:26,4.5,--,41,18450,买盘
1616,09:57:15,4.5,-0.01,3,1350,卖盘
1617,09:57:10,4.51,0.01,1,451,买盘
1618,09:56:45,4.5,0.01,97,43650,买盘
1619,09:56:35,4.49,-0.01,21,9429,卖盘
1620,09:56:30,4.5,--,9,4050,卖盘
1621,09:56:26,4.5,--,3,1350,卖盘
1622,09:56:20,4.5,--,0,0,中性盘
1623,09:56:15,4.5,--,0,0,买盘
1624,09:56:10,4.5,--,9,4050,买盘
1625,09:56:00,4.5,--,24,10800,卖盘
1626,09:55:45,4.5,--,50,22500,卖盘
1627,09:55:10,4.5,--,60,27000,买盘
1628,09:54:55,4.5,--,152,68400,买盘
1629,09:54:50,4.5,0.01,5,2250,买盘
1630,09:54:35,4.49,-0.01,7,3143,卖盘
1631,09:54:30,4.5,--,200,90000,买盘
1632,09:54:25,4.5,--,9,4050,买盘
1633,09:54:10,4.5,0.01,92,41400,买盘
1634,09:53:55,4.49,--,4,1796,卖盘
1635,09:53:50,4.49,--,13,5837,卖盘
1636,09:53:40,4.49,-0.01,2,898,卖盘
1637,09:53:30,4.5,0.01,1,450,买盘
1638,09:53:25,4.49,-0.01,6,2694,卖盘
1639,09:53:15,4.5,0.01,1,450,买盘
1640,09:53:10,4.49,-0.01,15,6735,卖盘
1641,09:53:05,4.5,0.01,20,9000,买盘
1642,09:52:55,4.49,-0.01,10,4490,卖盘
1643,09:52:30,4.5,--,272,122400,卖盘
1644,09:52:25,4.5,--,50,22500,卖盘
1645,09:52:10,4.5,-0.01,52,23400,卖盘
1646,09:52:05,4.51,0.01,126,56826,买盘
1647,09:52:00,4.5,-0.01,3,1350,卖盘
1648,09:51:45,4.51,--,66,29766,卖盘
1649,09:51:39,4.51,--,3,1353,卖盘
1650,09:51:35,4.51,--,47,21197,卖盘
1651,09:51:30,4.51,-0.01,6,2706,卖盘
1652,09:51:24,4.52,--,20,9040,买盘
1653,09:51:15,4.52,--,0,0,买盘
1654,09:51:09,4.52,0.02,1,451,买盘
1655,09:51:05,4.5,-0.01,280,126000,卖盘
1656,09:51:00,4.51,--,4,1804,买盘
1657,09:50:50,4.51,--,44,19844,买盘
1658,09:50:24,4.51,--,10,4510,买盘
1659,09:50:15,4.51,--,9,4059,买盘
1660,09:49:44,4.51,0.01,190,85690,买盘
1661,09:49:19,4.5,--,51,22950,买盘
1662,09:49:09,4.5,--,113,50850,买盘
1663,09:49:04,4.5,--,190,85500,卖盘
1664,09:48:49,4.5,-0.01,69,31050,卖盘
1665,09:48:39,4.51,-0.01,51,23001,卖盘
1666,09:48:34,4.52,0.01,8,3615,买盘
1667,09:48:24,4.51,--,58,26158,买盘
1668,09:48:09,4.51,0.01,23,10373,买盘
1669,09:48:04,4.5,--,298,134100,买盘
1670,09:47:54,4.5,0.01,10,4500,买盘
1671,09:47:49,4.49,-0.01,27,12123,卖盘
1672,09:47:44,4.5,0.01,1,450,买盘
1673,09:47:19,4.49,--,24,10776,买盘
1674,09:47:14,4.49,--,19,8531,买盘
1675,09:47:09,4.49,--,30,13470,买盘
1676,09:47:04,4.49,0.01,26,11674,买盘
1677,09:46:59,4.48,-0.01,2,896,卖盘
1678,09:46:54,4.49,0.01,8,3592,买盘
1679,09:46:49,4.48,-0.01,10,4480,卖盘
1680,09:46:44,4.49,0.01,20,8980,买盘
1681,09:46:39,4.48,-0.01,110,49280,卖盘
1682,09:46:34,4.49,0.01,25,11225,买盘
1683,09:45:59,4.48,--,71,31808,买盘
1684,09:45:54,4.48,--,248,111104,买盘
1685,09:45:44,4.48,--,5,2240,买盘
1686,09:45:33,4.48,--,340,152320,买盘
1687,09:45:18,4.48,0.01,31,13888,买盘
1688,09:45:04,4.47,--,7,3129,买盘
1689,09:44:54,4.47,--,44,19668,卖盘
1690,09:44:44,4.47,--,11,4917,卖盘
1691,09:44:39,4.47,-0.01,67,29949,卖盘
1692,09:44:29,4.48,0.01,5,2240,买盘
1693,09:44:14,4.47,-0.01,50,22350,买盘
1694,09:43:48,4.48,--,0,0,买盘
1695,09:43:29,4.48,0.02,2,896,买盘
1696,09:43:23,4.46,--,0,0,卖盘
1697,09:43:03,4.46,--,0,0,卖盘
1698,09:42:59,4.46,--,33,14718,买盘
1699,09:42:48,4.46,0.01,31,13826,买盘
1700,09:42:43,4.45,-0.01,1,445,卖盘
1701,09:42:38,4.46,--,28,12488,买盘
1702,09:42:33,4.46,--,7,3122,买盘
1703,09:42:28,4.46,0.01,50,22300,买盘
1704,09:42:18,4.45,-0.01,10,4450,卖盘
1705,09:42:13,4.46,--,12,5352,买盘
1706,09:42:08,4.46,0.01,2,892,买盘
1707,09:42:03,4.45,--,82,36490,卖盘
1708,09:41:33,4.45,--,270,120150,买盘
1709,09:41:28,4.45,--,118,52510,买盘
1710,09:41:18,4.45,--,16,7120,买盘
1711,09:41:08,4.45,0.01,1,445,买盘
1712,09:40:53,4.44,--,243,107892,买盘
1713,09:40:48,4.44,--,48,21312,买盘
1714,09:40:43,4.44,--,11,4884,买盘
1715,09:40:28,4.44,0.01,58,25752,买盘
1716,09:40:13,4.43,--,10,4430,卖盘
1717,09:40:03,4.43,-0.01,28,12404,卖盘
1718,09:39:53,4.44,--,50,22200,买盘
1719,09:39:48,4.44,--,230,102120,买盘
1720,09:39:43,4.44,0.01,7,3108,买盘
1721,09:39:33,4.43,-0.02,639,283077,卖盘
1722,09:39:28,4.45,--,28,12460,买盘
1723,09:39:18,4.45,-0.02,330,146850,卖盘
1724,09:39:13,4.47,0.01,189,84483,买盘
1725,09:39:08,4.46,--,105,46830,卖盘
1726,09:39:03,4.46,--,81,36126,买盘
1727,09:38:58,4.46,--,64,28544,卖盘
1728,09:38:48,4.46,--,69,30774,卖盘
1729,09:38:42,4.46,-0.01,200,89200,卖盘
1730,09:38:27,4.47,--,127,56769,卖盘
1731,09:38:23,4.47,-0.01,17,7599,卖盘
1732,09:38:18,4.48,0.01,2,896,买盘
1733,09:38:03,4.47,--,4,1788,卖盘
1734,09:37:48,4.47,-0.01,1,447,卖盘
1735,09:37:42,4.48,0.01,2,896,买盘
1736,09:37:33,4.47,0.01,24,10728,买盘
1737,09:37:27,4.46,--,30,13380,卖盘
1738,09:37:18,4.46,--,4,1784,卖盘
1739,09:37:12,4.46,--,30,13380,卖盘
1740,09:37:03,4.46,-0.01,25,11150,卖盘
1741,09:36:57,4.47,--,20,8940,买盘
1742,09:36:52,4.47,-0.01,35,15645,卖盘
1743,09:36:42,4.48,--,57,25536,买盘
1744,09:36:38,4.48,--,2,896,买盘
1745,09:36:27,4.48,-0.01,264,118272,卖盘
1746,09:36:18,4.49,--,80,35920,买盘
1747,09:36:12,4.49,--,5,2245,买盘
1748,09:36:07,4.49,-0.01,104,46696,卖盘
1749,09:35:57,4.5,0.01,50,22500,买盘
1750,09:35:53,4.49,-0.01,20,8980,卖盘
1751,09:35:42,4.5,--,54,24300,买盘
1752,09:35:32,4.5,--,10,4500,买盘
1753,09:35:27,4.5,-0.01,5,2250,卖盘
1754,09:35:22,4.51,0.01,55,24805,买盘
1755,09:35:17,4.5,--,76,34200,买盘
1756,09:35:12,4.5,--,3,1350,买盘
1757,09:35:07,4.5,--,39,17550,卖盘
1758,09:34:57,4.5,--,175,78750,卖盘
1759,09:34:52,4.5,--,46,20700,买盘
1760,09:34:47,4.5,--,10,4500,买盘
1761,09:34:32,4.5,--,6,2700,卖盘
1762,09:34:27,4.5,--,61,27450,卖盘
1763,09:34:22,4.5,--,17,7650,卖盘
1764,09:34:12,4.5,--,19,8550,买盘
1765,09:34:07,4.5,0.01,10,4500,买盘
1766,09:33:57,4.49,-0.01,64,28736,卖盘
1767,09:33:52,4.5,0.01,45,20250,买盘
1768,09:33:47,4.49,--,45,20205,买盘
1769,09:33:42,4.49,--,34,15266,买盘
1770,09:33:37,4.49,--,30,13470,买盘
1771,09:33:32,4.49,0.01,72,32328,买盘
1772,09:33:27,4.48,-0.01,21,9408,卖盘
1773,09:33:22,4.49,0.01,68,30532,买盘
1774,09:33:12,4.48,-0.01,139,62272,卖盘
1775,09:33:07,4.49,0.01,10,4490,买盘
1776,09:33:02,4.48,--,20,8960,卖盘
1777,09:32:57,4.48,--,120,53760,买盘
1778,09:32:52,4.48,0.04,10,4480,买盘
1779,09:32:42,4.44,-0.03,169,75036,卖盘
1780,09:32:37,4.47,0.02,20,8940,中性盘
1781,09:32:32,4.45,-0.02,15,6675,买盘
1782,09:32:27,4.47,--,6,2682,买盘
1783,09:32:22,4.47,0.01,103,46041,买盘
1784,09:32:17,4.46,-0.01,39,17394,卖盘
1785,09:32:12,4.47,--,135,60345,买盘
1786,09:31:57,4.47,0.01,10,4470,买盘
1787,09:31:51,4.46,0.03,53,23638,买盘
1788,09:31:47,4.43,--,153,67779,买盘
1789,09:31:42,4.43,--,77,34111,买盘
1790,09:31:36,4.43,--,23,10189,买盘
1791,09:31:32,4.43,-0.06,1629,721647,卖盘
1792,09:31:27,4.49,--,7,3143,买盘
1793,09:31:21,4.49,--,71,31879,买盘
1794,09:31:12,4.49,0.01,1,449,买盘
1795,09:31:06,4.48,-0.01,55,24640,卖盘
1796,09:31:02,4.49,--,5,2245,买盘
1797,09:30:57,4.49,0.01,112,50288,买盘
1798,09:30:42,4.48,--,35,15680,买盘
1799,09:30:36,4.48,--,131,58688,买盘
1800,09:30:27,4.48,--,9,4032,买盘
1801,09:30:17,4.48,--,0,0,买盘
1802,09:30:12,4.48,--,11,4928,买盘
1803,09:30:06,4.48,0.06,218,97731,买盘
1804,09:30:01,4.42,--,0,0,卖盘
1805,09:28:51,4.42,--,0,0,卖盘
1806,09:25:05,4.42,4.42,842,372199,买盘
