,time,price,change,volume,amount,type
0,15:00:00,13.86,--,0,0,卖盘
1,15:00:00,13.86,--,0,0,卖盘
2,14:59:51,13.86,--,8,11088,卖盘
3,14:59:45,13.86,--,50,69300,卖盘
4,14:59:40,13.86,--,7,9702,卖盘
5,14:59:35,13.86,--,51,70686,卖盘
6,14:59:15,13.86,--,15,20790,卖盘
7,14:58:56,13.86,--,1,1386,卖盘
8,14:58:20,13.86,--,15,20790,卖盘
9,14:58:05,13.86,--,20,27720,卖盘
10,14:57:45,13.86,--,26,36036,卖盘
11,14:57:39,13.86,--,51,70686,卖盘
12,14:57:35,13.86,--,5,6930,卖盘
13,14:57:20,13.86,--,328,454608,卖盘
14,14:57:00,13.86,--,90,124740,卖盘
15,14:56:50,13.86,--,10,13860,卖盘
16,14:56:45,13.86,--,1,1386,卖盘
17,14:56:39,13.86,--,60,83160,卖盘
18,14:56:35,13.86,--,20,27720,卖盘
19,14:56:30,13.86,--,18,24948,卖盘
20,14:56:15,13.86,--,8,11088,卖盘
21,14:56:09,13.86,--,27,37422,卖盘
22,14:56:04,13.86,--,5,6930,卖盘
23,14:56:00,13.86,--,800,1108800,卖盘
24,14:55:54,13.86,--,25,34650,卖盘
25,14:55:30,13.86,--,3,4158,卖盘
26,14:55:24,13.86,--,5,6930,卖盘
27,14:55:09,13.86,--,14,19404,卖盘
28,14:55:05,13.86,--,44,60984,卖盘
29,14:55:00,13.86,--,10,13860,卖盘
30,14:54:54,13.86,--,30,41580,卖盘
31,14:54:45,13.86,--,1,1386,卖盘
32,14:54:39,13.86,--,116,160776,卖盘
33,14:54:35,13.86,--,5,6930,卖盘
34,14:54:30,13.86,--,21,29106,卖盘
35,14:54:24,13.86,--,101,139986,卖盘
36,14:54:15,13.86,--,30,41580,卖盘
37,14:54:09,13.86,--,5,6930,卖盘
38,14:54:00,13.86,--,8,11088,卖盘
39,14:53:39,13.86,--,89,123354,卖盘
40,14:53:30,13.86,--,64,88704,卖盘
41,14:53:19,13.86,--,11,15246,卖盘
42,14:53:15,13.86,--,46,63756,卖盘
43,14:53:09,13.86,--,12,16632,卖盘
44,14:53:04,13.86,--,6,8316,卖盘
45,14:53:00,13.86,--,860,1191960,卖盘
46,14:52:49,13.86,--,3,4158,卖盘
47,14:52:44,13.86,--,7,9702,卖盘
48,14:52:39,13.86,--,15,20790,卖盘
49,14:52:29,13.86,--,5,6930,卖盘
50,14:52:24,13.86,--,3,4158,卖盘
51,14:52:14,13.86,--,9,12474,卖盘
52,14:52:09,13.86,--,39,54054,卖盘
53,14:51:48,13.86,--,33,45738,卖盘
54,14:51:43,13.86,--,10,13860,卖盘
55,14:51:33,13.86,--,30,41580,卖盘
56,14:51:24,13.86,--,21,29106,卖盘
57,14:51:18,13.86,--,2,2772,卖盘
58,14:51:14,13.86,--,13,18018,卖盘
59,14:51:09,13.86,--,30,41580,卖盘
60,14:51:03,13.86,--,15,20790,卖盘
61,14:50:54,13.86,--,6,8316,卖盘
62,14:50:48,13.86,--,50,69300,卖盘
63,14:50:44,13.86,--,1,1386,卖盘
64,14:50:39,13.86,--,264,365904,卖盘
65,14:50:14,13.86,--,3,4158,卖盘
66,14:50:09,13.86,--,102,141372,卖盘
67,14:49:58,13.86,--,14,19404,卖盘
68,14:49:54,13.86,--,61,84546,卖盘
69,14:49:48,13.86,--,40,55440,卖盘
70,14:49:44,13.86,--,108,149688,卖盘
71,14:49:39,13.86,--,70,97020,卖盘
72,14:49:33,13.86,--,17,23562,卖盘
73,14:49:29,13.86,--,256,354816,卖盘
74,14:49:24,13.86,--,521,722106,卖盘
75,14:49:18,13.86,--,810,1122660,卖盘
76,14:49:13,13.86,--,8,11088,卖盘
77,14:49:09,13.86,--,40,55440,卖盘
78,14:49:03,13.86,--,105,145530,卖盘
79,14:48:54,13.86,--,18,24948,卖盘
80,14:48:48,13.86,--,173,239778,卖盘
81,14:48:43,13.86,--,9,12474,卖盘
82,14:48:39,13.86,--,32,44352,卖盘
83,14:48:33,13.86,--,10,13860,卖盘
84,14:48:28,13.86,--,17,23562,卖盘
85,14:48:24,13.86,--,206,285516,卖盘
86,14:48:13,13.86,--,10,13860,卖盘
87,14:48:09,13.86,--,10,13860,卖盘
88,14:48:03,13.86,--,4,5544,卖盘
89,14:47:59,13.86,--,76,105336,卖盘
90,14:47:48,13.86,--,1,1386,卖盘
91,14:47:44,13.86,--,4,5544,卖盘
92,14:47:38,13.86,--,10,13860,卖盘
93,14:47:33,13.86,--,37,51282,卖盘
94,14:47:24,13.86,--,559,774774,卖盘
95,14:47:18,13.86,--,18,24948,卖盘
96,14:47:13,13.86,--,583,808038,卖盘
97,14:47:03,13.86,--,52,72072,卖盘
98,14:46:54,13.86,--,63,87318,卖盘
99,14:46:48,13.86,--,11,15246,卖盘
100,14:46:33,13.86,--,3,4158,卖盘
101,14:46:29,13.86,--,120,166320,卖盘
102,14:46:18,13.86,--,72,99792,卖盘
103,14:46:09,13.86,--,30,41580,卖盘
104,14:46:03,13.86,--,15,20790,卖盘
105,14:45:39,13.86,--,2,2772,卖盘
106,14:45:33,13.86,--,1,1386,卖盘
107,14:45:29,13.86,--,50,69300,卖盘
108,14:44:38,13.86,--,3,4158,卖盘
109,14:44:33,13.86,--,20,27720,卖盘
110,14:44:23,13.86,--,4,5544,卖盘
111,14:43:42,13.86,--,20,27720,卖盘
112,14:43:23,13.86,--,2,2772,卖盘
113,14:43:08,13.86,--,3,4158,卖盘
114,14:42:53,13.86,--,5,6930,卖盘
115,14:42:48,13.86,--,1,1386,卖盘
116,14:42:38,13.86,--,17,23562,卖盘
117,14:42:17,13.86,--,100,138600,卖盘
118,14:42:07,13.86,--,30,41580,卖盘
119,14:41:48,13.86,--,10,13860,卖盘
120,14:41:27,13.86,--,2,2772,卖盘
121,14:41:23,13.86,--,10,13860,卖盘
122,14:40:48,13.86,--,60,83160,卖盘
123,14:40:07,13.86,--,54,74844,卖盘
124,14:39:57,13.86,--,50,69300,卖盘
125,14:39:52,13.86,--,1,1386,卖盘
126,14:39:42,13.86,--,7,9702,卖盘
127,14:39:32,13.86,--,4,5544,卖盘
128,14:39:27,13.86,--,56,77616,卖盘
129,14:39:22,13.86,--,16,22176,卖盘
130,14:39:02,13.86,--,10,13860,卖盘
131,14:38:52,13.86,--,10,13860,卖盘
132,14:38:47,13.86,--,50,69300,卖盘
133,14:38:42,13.86,--,7,9702,卖盘
134,14:38:21,13.86,--,58,80388,卖盘
135,14:38:17,13.86,--,2,2772,卖盘
136,14:38:12,13.86,--,100,138600,卖盘
137,14:38:06,13.86,--,16,22176,卖盘
138,14:38:02,13.86,--,28,38808,卖盘
139,14:37:42,13.86,--,5,6930,卖盘
140,14:37:36,13.86,--,53,73458,卖盘
141,14:37:27,13.86,--,2,2772,卖盘
142,14:37:17,13.86,--,9,12474,卖盘
143,14:36:51,13.86,--,10,13860,卖盘
144,14:35:47,13.86,--,1,1386,卖盘
145,14:35:36,13.86,--,24,33264,卖盘
146,14:35:16,13.86,--,5,6930,卖盘
147,14:35:12,13.86,--,24,33264,卖盘
148,14:35:06,13.86,--,4,5544,卖盘
149,14:35:01,13.86,--,10,13860,卖盘
150,14:34:56,13.86,--,35,48510,卖盘
151,14:34:47,13.86,--,2,2772,卖盘
152,14:34:11,13.86,--,46,63756,卖盘
153,14:33:57,13.86,--,20,27720,卖盘
154,14:33:51,13.86,--,24,33264,卖盘
155,14:33:41,13.86,--,5,6930,卖盘
156,14:32:51,13.86,--,15,20790,卖盘
157,14:32:06,13.86,--,100,138600,卖盘
158,14:31:46,13.86,--,2,2772,卖盘
159,14:31:36,13.86,--,3,4158,卖盘
160,14:30:51,13.86,--,17,23562,卖盘
161,14:30:41,13.86,--,20,27720,卖盘
162,14:30:36,13.86,--,12,16632,卖盘
163,14:30:30,13.86,--,1,1386,卖盘
164,14:29:55,13.86,--,10,13860,卖盘
165,14:29:51,13.86,--,12,16632,卖盘
166,14:29:25,13.86,--,25,34650,卖盘
167,14:29:06,13.86,--,20,27720,卖盘
168,14:28:56,13.86,--,6,8316,卖盘
169,14:28:30,13.86,--,16,22176,卖盘
170,14:27:10,13.86,--,101,139986,卖盘
171,14:27:05,13.86,--,2,2772,卖盘
172,14:26:55,13.86,--,43,59598,卖盘
173,14:26:40,13.86,--,117,162162,卖盘
174,14:26:35,13.86,--,2,2772,卖盘
175,14:26:26,13.86,--,60,83160,卖盘
176,14:26:20,13.86,--,14,19404,卖盘
177,14:26:05,13.86,--,10,13860,卖盘
178,14:25:50,13.86,--,50,69300,卖盘
179,14:25:35,13.86,--,126,174636,卖盘
180,14:25:00,13.86,--,70,97020,卖盘
181,14:24:55,13.86,--,1,1386,卖盘
182,14:24:45,13.86,--,10,13860,卖盘
183,14:24:25,13.86,--,13,18018,卖盘
184,14:24:05,13.86,--,3,4158,卖盘
185,14:23:50,13.86,--,40,55440,卖盘
186,14:23:30,13.86,--,14,19404,卖盘
187,14:23:00,13.86,--,3,4158,卖盘
188,14:22:50,13.86,--,1,1386,卖盘
189,14:22:35,13.86,--,20,27720,卖盘
190,14:22:04,13.86,--,3,4158,卖盘
191,14:21:39,13.86,--,1,1386,卖盘
192,14:21:35,13.86,--,9,12474,卖盘
193,14:21:19,13.86,--,1,1386,卖盘
194,14:21:04,13.86,--,1,1386,卖盘
195,14:20:59,13.86,--,720,997920,卖盘
196,14:20:49,13.86,--,4,5544,卖盘
197,14:19:54,13.86,--,6,8316,卖盘
198,14:18:54,13.86,--,2,2772,卖盘
199,14:18:14,13.86,--,3,4158,卖盘
200,14:18:04,13.86,--,4,5544,卖盘
201,14:17:59,13.86,--,100,138600,卖盘
202,14:17:39,13.86,--,20,27720,卖盘
203,14:17:29,13.86,--,15,20790,卖盘
204,14:16:59,13.86,--,100,138600,卖盘
205,14:16:44,13.86,--,2,2772,卖盘
206,14:16:24,13.86,--,20,27720,卖盘
207,14:16:09,13.86,--,15,20790,卖盘
208,14:16:03,13.86,--,4,5544,卖盘
209,14:15:44,13.86,--,5,6930,卖盘
210,14:15:38,13.86,--,1,1386,卖盘
211,14:15:28,13.86,--,5,6930,卖盘
212,14:14:53,13.86,--,3,4158,卖盘
213,14:14:48,13.86,--,40,55440,卖盘
214,14:14:38,13.86,--,20,27720,卖盘
215,14:13:48,13.86,--,7,9702,卖盘
216,14:13:38,13.86,--,10,13860,卖盘
217,14:13:13,13.86,--,7,9702,卖盘
218,14:13:08,13.86,--,5,6930,卖盘
219,14:12:58,13.86,--,5,6930,卖盘
220,14:12:38,13.86,--,5,6930,卖盘
221,14:12:33,13.86,--,10,13860,卖盘
222,14:12:28,13.86,--,12,16632,卖盘
223,14:12:23,13.86,--,104,144144,卖盘
224,14:12:18,13.86,--,50,69300,卖盘
225,14:11:58,13.86,--,575,796950,卖盘
226,14:11:53,13.86,--,10,13860,卖盘
227,14:11:38,13.86,--,10,13860,卖盘
228,14:11:28,13.86,--,6,8316,卖盘
229,14:11:23,13.86,--,110,152460,卖盘
230,14:11:13,13.86,--,24,33264,卖盘
231,14:10:48,13.86,--,100,138600,卖盘
232,14:10:38,13.86,--,14,19404,卖盘
233,14:10:33,13.86,--,600,831600,卖盘
234,14:10:23,13.86,--,1,1386,卖盘
235,14:10:18,13.86,--,10,13860,卖盘
236,14:10:08,13.86,--,44,60984,卖盘
237,14:10:03,13.86,--,5,6930,卖盘
238,14:09:53,13.86,--,2,2772,卖盘
239,14:09:48,13.86,--,505,699930,卖盘
240,14:09:38,13.86,--,47,65142,卖盘
241,14:09:33,13.86,--,253,350658,卖盘
242,14:09:23,13.86,--,120,166320,卖盘
243,14:09:12,13.86,--,31,42966,卖盘
244,14:09:03,13.86,--,500,693000,卖盘
245,14:08:53,13.86,--,23,31878,卖盘
246,14:08:41,13.86,--,5,6930,卖盘
247,14:08:38,13.86,--,7,9702,卖盘
248,14:08:32,13.86,--,5,6930,卖盘
249,14:08:27,13.86,--,10,13860,卖盘
250,14:08:23,13.86,--,50,69300,卖盘
251,14:08:02,13.86,--,45,62370,卖盘
252,14:07:57,13.86,--,5,6930,卖盘
253,14:07:53,13.86,--,14,19404,卖盘
254,14:07:47,13.86,--,6,8316,卖盘
255,14:07:38,13.86,--,10,13860,卖盘
256,14:07:26,13.86,--,3,4158,卖盘
257,14:07:17,13.86,--,97,134442,卖盘
258,14:07:08,13.86,--,294,407484,卖盘
259,14:06:22,13.86,--,5,6930,卖盘
260,14:06:17,13.86,--,11,15246,卖盘
261,14:06:02,13.86,--,7,9702,卖盘
262,14:05:52,13.86,--,12,16632,卖盘
263,14:05:47,13.86,--,7,9702,卖盘
264,14:05:42,13.86,--,5,6930,卖盘
265,14:05:17,13.86,--,2,2772,卖盘
266,14:05:07,13.86,--,1,1386,卖盘
267,14:05:02,13.86,--,5,6930,卖盘
268,14:04:37,13.86,--,31,42966,卖盘
269,14:04:22,13.86,--,50,69300,卖盘
270,14:04:02,13.86,--,30,41580,卖盘
271,14:03:42,13.86,--,10,13860,卖盘
272,14:03:31,13.86,--,16,22176,卖盘
273,14:03:27,13.86,--,9,12474,卖盘
274,14:03:16,13.86,--,56,77616,卖盘
275,14:03:07,13.86,--,30,41580,卖盘
276,14:02:57,13.86,--,10,13860,卖盘
277,14:02:47,13.86,--,1,1386,卖盘
278,14:02:41,13.86,--,100,138600,卖盘
279,14:02:32,13.86,--,10,13860,卖盘
280,14:02:17,13.86,--,17,23562,卖盘
281,14:02:02,13.86,--,11,15246,卖盘
282,14:01:57,13.86,--,8,11088,卖盘
283,14:01:51,13.86,--,1,1386,卖盘
284,14:01:41,13.86,--,20,27720,卖盘
285,14:01:36,13.86,--,10,13860,卖盘
286,14:01:26,13.86,--,10,13860,卖盘
287,14:01:02,13.86,--,2,2772,卖盘
288,14:00:56,13.86,--,38,52668,卖盘
289,14:00:51,13.86,--,5,6930,卖盘
290,14:00:17,13.86,--,15,20790,卖盘
291,14:00:11,13.86,--,20,27720,卖盘
292,14:00:02,13.86,--,5,6930,卖盘
293,13:59:56,13.86,--,12,16632,卖盘
294,13:59:47,13.86,--,1,1386,卖盘
295,13:59:26,13.86,--,5,6930,卖盘
296,13:58:50,13.86,--,8,11088,卖盘
297,13:58:46,13.86,--,20,27720,卖盘
298,13:58:36,13.86,--,5,6930,卖盘
299,13:58:26,13.86,--,10,13860,卖盘
300,13:58:21,13.86,--,2,2772,卖盘
301,13:58:16,13.86,--,2,2772,卖盘
302,13:58:11,13.86,--,12,16632,卖盘
303,13:58:01,13.86,--,56,77616,卖盘
304,13:57:51,13.86,--,1,1386,卖盘
305,13:57:46,13.86,--,96,133056,卖盘
306,13:57:31,13.86,--,75,103950,卖盘
307,13:57:26,13.86,--,36,49896,卖盘
308,13:57:21,13.86,--,35,48510,卖盘
309,13:57:16,13.86,--,8,11088,卖盘
310,13:57:11,13.86,--,20,27720,卖盘
311,13:57:01,13.86,--,1,1386,卖盘
312,13:56:56,13.86,--,2,2772,卖盘
313,13:56:51,13.86,--,10,13860,卖盘
314,13:56:46,13.86,--,2,2772,卖盘
315,13:56:31,13.86,--,200,277200,卖盘
316,13:56:26,13.86,--,15,20790,卖盘
317,13:56:16,13.86,--,1,1386,卖盘
318,13:55:56,13.86,--,9,12474,卖盘
319,13:55:46,13.86,--,9,12474,卖盘
320,13:55:21,13.86,--,4,5544,卖盘
321,13:55:16,13.86,--,35,48510,卖盘
322,13:55:00,13.86,--,11,15246,卖盘
323,13:54:56,13.86,--,10,13860,卖盘
324,13:54:50,13.86,--,51,70686,卖盘
325,13:54:35,13.86,--,8,11088,卖盘
326,13:54:30,13.86,--,1,1386,卖盘
327,13:54:26,13.86,--,5,6930,卖盘
328,13:54:20,13.86,--,5,6930,卖盘
329,13:54:15,13.86,--,3,4158,卖盘
330,13:54:00,13.86,--,10,13860,卖盘
331,13:53:50,13.86,--,21,29106,卖盘
332,13:53:45,13.86,--,5,6930,卖盘
333,13:53:14,13.86,--,2,2772,卖盘
334,13:52:59,13.86,--,16,22176,卖盘
335,13:52:55,13.86,--,2,2772,卖盘
336,13:52:50,13.86,--,30,41580,卖盘
337,13:52:35,13.86,--,11,15246,卖盘
338,13:52:30,13.86,--,50,69300,卖盘
339,13:52:25,13.86,--,50,69300,卖盘
340,13:52:00,13.86,--,10,13860,卖盘
341,13:51:55,13.86,--,25,34650,卖盘
342,13:51:35,13.86,--,5,6930,卖盘
343,13:51:25,13.86,--,5,6930,卖盘
344,13:51:20,13.86,--,1,1386,卖盘
345,13:51:15,13.86,--,40,55440,卖盘
346,13:51:10,13.86,--,40,55440,卖盘
347,13:51:05,13.86,--,2,2772,卖盘
348,13:50:50,13.86,--,4,5544,卖盘
349,13:50:44,13.86,--,5,6930,卖盘
350,13:50:40,13.86,--,60,83160,卖盘
351,13:50:35,13.86,--,20,27720,卖盘
352,13:50:25,13.86,--,43,59598,卖盘
353,13:50:10,13.86,--,61,84546,卖盘
354,13:49:55,13.86,--,12,16632,卖盘
355,13:49:50,13.86,--,7,9702,卖盘
356,13:49:40,13.86,--,4,5544,卖盘
357,13:49:35,13.86,--,10,13860,卖盘
358,13:49:20,13.86,--,7,9702,卖盘
359,13:49:15,13.86,--,2,2772,卖盘
360,13:49:10,13.86,--,500,693000,卖盘
361,13:49:05,13.86,--,30,41580,卖盘
362,13:48:55,13.86,--,39,54054,卖盘
363,13:48:50,13.86,--,12,16632,卖盘
364,13:48:39,13.86,--,5,6930,卖盘
365,13:48:35,13.86,--,5,6930,卖盘
366,13:48:30,13.86,--,40,55440,卖盘
367,13:48:25,13.86,--,38,52668,卖盘
368,13:48:20,13.86,--,30,41580,卖盘
369,13:48:15,13.86,--,116,160776,卖盘
370,13:48:10,13.86,--,9,12474,卖盘
371,13:48:05,13.86,--,45,62370,卖盘
372,13:48:00,13.86,--,135,187110,卖盘
373,13:47:53,13.86,--,3034,4205124,卖盘
374,13:47:50,13.86,--,436,604296,卖盘
375,13:47:45,13.86,--,7,9702,卖盘
376,13:47:39,13.86,--,98,135828,卖盘
377,13:47:34,13.86,--,1854,2570087,卖盘
378,13:47:29,13.86,--,392,543312,买盘
379,13:47:25,13.86,--,452,626472,买盘
380,13:47:19,13.86,--,105,145530,买盘
381,13:47:14,13.86,--,565,783090,买盘
382,13:47:09,13.86,--,1332,1847094,卖盘
383,13:47:04,13.86,--,1468,2035091,卖盘
384,13:46:58,13.86,--,1111,1539846,卖盘
385,13:46:54,13.86,--,7065,9792090,卖盘
386,13:46:49,13.86,--,230,318780,卖盘
387,13:46:44,13.86,--,83,115038,卖盘
388,13:46:35,13.86,--,9925,13756050,卖盘
389,13:46:29,13.86,--,228,316008,卖盘
390,13:46:24,13.86,--,23,31878,卖盘
391,13:46:19,13.86,--,158,218988,卖盘
392,13:46:14,13.86,--,22,30492,卖盘
393,13:46:09,13.86,--,60,83160,卖盘
394,13:46:05,13.86,--,1031,1428966,卖盘
395,13:45:59,13.86,--,317,439362,卖盘
396,13:45:54,13.86,--,3,4158,卖盘
397,13:45:49,13.86,--,1167,1617462,卖盘
398,13:45:44,13.86,--,384,532224,卖盘
399,13:45:38,13.86,--,333,461538,卖盘
400,13:45:34,13.86,--,634,878724,卖盘
401,13:45:28,13.86,--,332,460152,卖盘
402,13:45:24,13.86,--,630,873180,卖盘
403,13:45:19,13.86,0.08,9185,12731019,卖盘
404,13:45:14,13.78,0.03,825,1136850,买盘
405,13:45:04,13.75,0.02,404,556545,买盘
406,13:44:59,13.73,0.01,605,830665,买盘
407,13:44:53,13.72,--,83,113876,卖盘
408,13:44:49,13.72,0.01,208,285376,买盘
409,13:44:44,13.71,--,24,32904,买盘
410,13:44:39,13.71,--,47,64437,买盘
411,13:44:34,13.71,--,37,50727,买盘
412,13:44:29,13.71,-0.01,22,30162,中性盘
413,13:44:24,13.72,--,15,20580,买盘
414,13:44:19,13.72,0.01,134,183848,买盘
415,13:44:13,13.71,--,0,0,买盘
416,13:44:09,13.71,--,13,17823,买盘
417,13:44:04,13.71,--,17,23307,买盘
418,13:43:59,13.71,0.05,2,2742,买盘
419,13:43:49,13.66,-0.07,104,142064,卖盘
420,13:43:44,13.73,0.03,68,93364,买盘
421,13:43:39,13.7,-0.02,40,54800,卖盘
422,13:43:34,13.72,--,9,12348,买盘
423,13:43:28,13.72,0.02,8,10976,卖盘
424,13:43:23,13.7,--,0,0,卖盘
425,13:43:19,13.7,-0.01,15,20550,卖盘
426,13:43:14,13.71,-0.01,67,91857,中性盘
427,13:43:09,13.72,0.01,105,144060,买盘
428,13:43:04,13.71,-0.01,42,57582,卖盘
429,13:42:58,13.72,0.02,54,74088,买盘
430,13:42:54,13.7,--,31,42470,买盘
431,13:42:49,13.7,--,58,79460,买盘
432,13:42:44,13.7,--,0,0,买盘
433,13:42:38,13.7,--,12,16440,买盘
434,13:42:28,13.7,0.01,21,28770,买盘
435,13:42:23,13.69,--,4,5476,卖盘
436,13:42:19,13.69,--,6,8214,买盘
437,13:42:14,13.69,0.04,39,53391,买盘
438,13:42:08,13.65,--,0,0,卖盘
439,13:42:04,13.65,--,1,1365,卖盘
440,13:41:48,13.65,-0.04,90,122850,卖盘
441,13:41:43,13.69,-0.01,39,53391,卖盘
442,13:41:39,13.7,-0.02,6,8220,卖盘
443,13:41:33,13.72,0.02,61,83692,买盘
444,13:41:28,13.7,0.01,100,137000,买盘
445,13:41:23,13.69,-0.01,11,15059,卖盘
446,13:41:19,13.7,--,213,291810,买盘
447,13:41:13,13.7,--,6,8220,买盘
448,13:41:04,13.7,--,198,271260,卖盘
449,13:40:58,13.7,-0.02,34,46580,卖盘
450,13:40:53,13.72,0.02,15,20580,买盘
451,13:40:49,13.7,-0.02,2,2740,卖盘
452,13:40:44,13.72,--,1,1372,买盘
453,13:40:38,13.72,--,12,16464,买盘
454,13:40:34,13.72,--,21,28812,买盘
455,13:40:29,13.72,-0.01,163,223636,卖盘
456,13:40:23,13.73,0.01,2,2746,买盘
457,13:40:18,13.72,--,3,4116,卖盘
458,13:40:13,13.72,--,86,117992,卖盘
459,13:40:04,13.72,--,107,146804,买盘
460,13:39:58,13.72,--,25,34300,买盘
461,13:39:52,13.72,--,57,78204,买盘
462,13:39:49,13.72,--,1,1372,买盘
463,13:39:34,13.72,--,0,0,买盘
464,13:39:28,13.72,--,101,138572,买盘
465,13:39:23,13.72,--,108,148176,买盘
466,13:39:08,13.72,0.02,27,37044,买盘
467,13:39:02,13.7,--,132,180840,卖盘
468,13:38:59,13.7,--,48,65760,卖盘
469,13:38:53,13.7,--,89,121930,卖盘
470,13:38:37,13.7,--,2,2740,卖盘
471,13:38:29,13.7,-0.02,10,13700,卖盘
472,13:38:23,13.72,--,1,1372,买盘
473,13:38:18,13.72,0.02,74,101528,买盘
474,13:38:13,13.7,-0.02,93,127410,卖盘
475,13:38:08,13.72,--,73,100156,买盘
476,13:37:58,13.72,--,12,16464,买盘
477,13:37:53,13.72,-0.01,7,9604,中性盘
478,13:37:48,13.73,0.01,24,32952,买盘
479,13:37:43,13.72,--,31,42532,买盘
480,13:37:38,13.72,0.02,13,17836,卖盘
481,13:37:32,13.7,--,3,4110,买盘
482,13:37:28,13.7,-0.04,130,178100,卖盘
483,13:37:18,13.74,0.04,5,6870,买盘
484,13:37:13,13.7,-0.04,15,20550,卖盘
485,13:37:08,13.74,0.02,1,1374,买盘
486,13:37:03,13.72,--,19,26068,买盘
487,13:36:58,13.72,--,53,72716,买盘
488,13:36:53,13.72,0.02,10,13720,买盘
489,13:36:48,13.7,-0.01,22,30140,卖盘
490,13:36:43,13.71,-0.01,9,12339,中性盘
491,13:36:38,13.72,0.02,30,41160,买盘
492,13:36:33,13.7,-0.02,32,43840,卖盘
493,13:36:28,13.72,--,133,182476,买盘
494,13:36:23,13.72,-0.02,150,205800,卖盘
495,13:36:18,13.74,-0.01,50,68700,卖盘
496,13:36:13,13.75,0.01,10,13750,买盘
497,13:36:08,13.74,--,42,57708,买盘
498,13:36:03,13.74,--,12,16488,买盘
499,13:35:58,13.74,--,47,64578,买盘
500,13:35:53,13.74,--,100,137400,买盘
501,13:35:43,13.74,0.02,74,101676,买盘
502,13:35:37,13.72,-0.01,109,149548,卖盘
503,13:35:28,13.73,--,93,127689,买盘
504,13:35:23,13.73,--,10,13730,买盘
505,13:35:17,13.73,0.01,3,4119,买盘
506,13:35:13,13.72,--,119,163268,卖盘
507,13:35:07,13.72,0.01,47,64484,买盘
508,13:34:58,13.71,--,30,41130,卖盘
509,13:34:52,13.71,-0.02,142,194682,卖盘
510,13:34:47,13.73,--,29,39817,买盘
511,13:34:43,13.73,0.01,129,177117,买盘
512,13:34:37,13.72,--,8,10976,买盘
513,13:34:33,13.72,--,19,26068,买盘
514,13:34:28,13.72,-0.01,80,109760,卖盘
515,13:34:22,13.73,--,86,118078,买盘
516,13:34:17,13.73,--,45,61785,买盘
517,13:34:12,13.73,0.01,2,2746,买盘
518,13:34:07,13.72,--,71,97412,卖盘
519,13:34:02,13.72,--,5,6860,卖盘
520,13:33:58,13.72,-0.01,232,318304,卖盘
521,13:33:52,13.73,0.01,7,9611,卖盘
522,13:33:48,13.72,--,0,0,卖盘
523,13:33:42,13.72,-0.03,58,79576,卖盘
524,13:33:37,13.75,0.02,75,103125,买盘
525,13:33:32,13.73,-0.02,20,27460,卖盘
526,13:33:27,13.75,--,24,33000,买盘
527,13:33:22,13.75,--,67,92125,买盘
528,13:33:17,13.75,-0.01,41,56375,卖盘
529,13:33:12,13.76,--,10,13760,买盘
530,13:33:07,13.76,--,40,55040,买盘
531,13:33:02,13.76,--,100,137600,买盘
532,13:32:57,13.76,--,212,291712,卖盘
533,13:32:52,13.76,--,26,35776,买盘
534,13:32:46,13.76,--,27,37152,买盘
535,13:32:43,13.76,0.01,40,55040,买盘
536,13:32:37,13.75,0.01,351,482625,买盘
537,13:32:32,13.74,-0.01,13,17862,卖盘
538,13:32:26,13.75,0.01,62,85250,买盘
539,13:32:22,13.74,--,10,13740,买盘
540,13:32:16,13.74,--,2,2748,买盘
541,13:32:12,13.74,0.01,285,391590,买盘
542,13:32:07,13.73,--,122,167506,买盘
543,13:32:02,13.73,--,10,13730,买盘
544,13:31:58,13.73,0.01,67,91991,中性盘
545,13:31:52,13.72,-0.01,173,237356,卖盘
546,13:31:46,13.73,--,16,21968,买盘
547,13:31:43,13.73,--,50,68650,买盘
548,13:31:37,13.73,0.01,26,35698,买盘
549,13:31:32,13.72,0.01,15,20580,买盘
550,13:31:22,13.71,-0.02,183,250893,卖盘
551,13:31:16,13.73,0.03,273,374829,买盘
552,13:31:11,13.7,--,33,45210,卖盘
553,13:31:02,13.7,--,32,43840,买盘
554,13:30:56,13.7,0.01,72,98640,买盘
555,13:30:52,13.69,-0.01,1,1369,卖盘
556,13:30:47,13.7,--,41,56170,买盘
557,13:30:42,13.7,0.01,1,1370,买盘
558,13:30:37,13.69,--,3,4107,卖盘
559,13:30:32,13.69,-0.01,8,10952,中性盘
560,13:30:27,13.7,0.03,514,704180,买盘
561,13:30:22,13.67,--,31,42377,买盘
562,13:30:16,13.67,0.01,20,27340,买盘
563,13:30:12,13.66,-0.01,35,47810,卖盘
564,13:30:07,13.67,--,7,9569,买盘
565,13:30:01,13.67,0.01,10,13670,买盘
566,13:29:52,13.66,--,5,6830,卖盘
567,13:29:47,13.66,0.01,70,95620,买盘
568,13:29:42,13.65,-0.01,14,19110,卖盘
569,13:29:37,13.66,0.01,40,54640,买盘
570,13:29:32,13.65,--,180,245700,卖盘
571,13:29:26,13.65,--,20,27300,卖盘
572,13:29:22,13.65,0.01,173,236145,买盘
573,13:29:17,13.64,--,37,50468,卖盘
574,13:29:07,13.64,-0.01,24,32736,中性盘
575,13:29:02,13.65,0.01,214,292110,买盘
576,13:28:52,13.64,0.02,53,72292,买盘
577,13:28:47,13.62,-0.02,17,23154,卖盘
578,13:28:41,13.64,--,121,165044,买盘
579,13:28:37,13.64,-0.01,20,27280,中性盘
580,13:28:32,13.65,--,111,151515,买盘
581,13:28:27,13.65,0.01,16,21840,买盘
582,13:28:22,13.64,--,5,6820,卖盘
583,13:28:16,13.64,0.02,9,12276,买盘
584,13:28:12,13.62,-0.05,116,157992,卖盘
585,13:28:07,13.67,0.02,143,195481,买盘
586,13:28:01,13.65,0.02,27,36855,买盘
587,13:27:57,13.63,0.01,28,38164,中性盘
588,13:27:52,13.62,-0.02,15,20430,中性盘
589,13:27:46,13.64,0.03,259,353276,买盘
590,13:27:41,13.61,-0.01,20,27220,卖盘
591,13:27:31,13.62,-0.02,58,78996,卖盘
592,13:27:26,13.64,-0.03,1,1364,卖盘
593,13:27:21,13.67,0.02,32,43744,买盘
594,13:27:16,13.65,-0.01,23,31395,卖盘
595,13:27:10,13.66,0.01,71,96986,买盘
596,13:27:06,13.65,0.01,15,20475,买盘
597,13:27:01,13.64,--,28,38192,卖盘
598,13:26:56,13.64,-0.01,5,6820,卖盘
599,13:26:51,13.65,--,179,244335,买盘
600,13:26:46,13.65,--,12,16380,买盘
601,13:26:42,13.65,--,100,136500,买盘
602,13:26:36,13.65,-0.03,187,255255,卖盘
603,13:26:31,13.68,0.01,66,90288,买盘
604,13:26:27,13.67,-0.01,1,1367,买盘
605,13:26:21,13.68,--,4,5472,买盘
606,13:26:16,13.68,--,220,300960,买盘
607,13:26:12,13.68,0.03,50,68400,买盘
608,13:26:06,13.65,-0.04,89,121485,卖盘
609,13:26:01,13.69,--,64,87616,买盘
610,13:25:55,13.69,--,27,36963,买盘
611,13:25:51,13.69,--,3,4107,买盘
612,13:25:46,13.69,0.01,79,108151,买盘
613,13:25:41,13.68,--,0,0,买盘
614,13:25:36,13.68,-0.01,51,69768,买盘
615,13:25:31,13.69,0.02,91,124579,买盘
616,13:25:26,13.67,-0.01,38,51946,卖盘
617,13:25:21,13.68,0.01,57,77976,买盘
618,13:25:16,13.67,--,39,53313,买盘
619,13:25:10,13.67,0.03,2,2734,买盘
620,13:25:06,13.64,--,35,47740,卖盘
621,13:25:01,13.64,0.01,43,58652,卖盘
622,13:24:51,13.63,0.01,43,58609,卖盘
623,13:24:46,13.62,-0.01,175,238350,卖盘
624,13:24:41,13.63,0.01,17,23171,卖盘
625,13:24:36,13.62,--,0,0,卖盘
626,13:24:31,13.62,0.01,64,87168,中性盘
627,13:24:25,13.61,--,42,57162,卖盘
628,13:24:22,13.61,-0.03,3,4083,卖盘
629,13:24:16,13.64,--,19,25916,买盘
630,13:24:10,13.64,--,2,2728,买盘
631,13:24:06,13.64,-0.05,74,100936,卖盘
632,13:24:01,13.69,-0.01,18,24642,卖盘
633,13:23:56,13.7,--,21,28770,买盘
634,13:23:51,13.7,--,28,38360,卖盘
635,13:23:46,13.7,-0.01,65,89050,卖盘
636,13:23:40,13.71,-0.01,56,76776,卖盘
637,13:23:36,13.72,--,7,9604,买盘
638,13:23:31,13.72,-0.01,45,61740,卖盘
639,13:23:26,13.73,-0.01,67,91991,卖盘
640,13:23:21,13.74,--,14,19236,买盘
641,13:23:16,13.74,--,116,159384,买盘
642,13:23:11,13.74,0.01,155,212970,卖盘
643,13:23:06,13.73,-0.02,402,551946,卖盘
644,13:23:01,13.75,0.01,80,110000,买盘
645,13:22:55,13.74,--,325,446550,买盘
646,13:22:51,13.74,0.01,28,38472,买盘
647,13:22:46,13.73,-0.01,197,270481,卖盘
648,13:22:41,13.74,0.02,160,219840,买盘
649,13:22:35,13.72,--,67,91924,买盘
650,13:22:31,13.72,-0.02,366,502152,卖盘
651,13:22:25,13.74,0.04,88,120912,买盘
652,13:22:21,13.7,--,205,280850,买盘
653,13:22:16,13.7,0.03,17,23290,买盘
654,13:22:11,13.67,-0.03,91,124397,中性盘
655,13:22:06,13.7,0.04,211,289070,买盘
656,13:22:01,13.66,--,185,252710,买盘
657,13:21:56,13.66,0.01,164,224024,买盘
658,13:21:51,13.65,0.01,12,16380,买盘
659,13:21:46,13.64,0.04,85,115940,买盘
660,13:21:41,13.6,--,754,1025440,买盘
661,13:21:36,13.6,0.1,304,413440,买盘
662,13:21:31,13.5,--,1448,1954800,卖盘
663,13:21:20,13.5,--,125,168750,买盘
664,13:21:16,13.5,-0.01,75,101250,卖盘
665,13:21:10,13.51,0.01,235,317485,买盘
666,13:21:06,13.5,--,39,52650,买盘
667,13:21:01,13.5,-0.01,362,488700,卖盘
668,13:20:55,13.51,--,30,40530,买盘
669,13:20:46,13.51,0.03,332,448532,买盘
670,13:20:40,13.48,-0.02,19,25612,卖盘
671,13:20:35,13.5,0.02,62,83700,买盘
672,13:20:31,13.48,-0.02,11,14828,卖盘
673,13:20:20,13.5,--,10,13500,买盘
674,13:20:16,13.5,0.03,154,207900,买盘
675,13:20:10,13.47,--,67,90249,买盘
676,13:20:06,13.47,--,41,55227,买盘
677,13:20:00,13.47,--,76,102372,买盘
678,13:19:55,13.47,--,7,9429,买盘
679,13:19:51,13.47,-0.02,1,1347,卖盘
680,13:19:46,13.49,0.01,735,991515,买盘
681,13:19:40,13.48,0.01,10,13480,买盘
682,13:19:35,13.47,-0.01,2,2694,卖盘
683,13:19:30,13.48,0.01,23,31004,买盘
684,13:19:25,13.47,0.01,246,331362,买盘
685,13:19:21,13.46,-0.01,10,13460,卖盘
686,13:19:15,13.47,--,162,218214,买盘
687,13:19:10,13.47,--,13,17511,买盘
688,13:18:59,13.47,0.01,126,169722,买盘
689,13:18:55,13.46,--,21,28266,买盘
690,13:18:50,13.46,--,38,51148,买盘
691,13:18:45,13.46,-0.01,42,56532,买盘
692,13:18:40,13.47,--,0,0,买盘
693,13:18:35,13.47,0.02,122,164334,买盘
694,13:18:30,13.45,--,182,244790,卖盘
695,13:18:20,13.45,--,0,0,卖盘
696,13:18:15,13.45,--,169,227305,卖盘
697,13:18:05,13.45,-0.02,36,48420,卖盘
698,13:18:00,13.47,--,0,0,买盘
699,13:17:55,13.47,0.07,10,13470,买盘
700,13:17:49,13.4,-0.06,14,18760,中性盘
701,13:17:45,13.46,0.01,135,181710,买盘
702,13:17:40,13.45,0.05,12,16140,买盘
703,13:17:35,13.4,--,102,136680,卖盘
704,13:17:30,13.4,-0.03,1,1340,卖盘
705,13:17:25,13.43,-0.01,121,163174,买盘
706,13:17:20,13.44,--,40,53760,买盘
707,13:17:15,13.44,--,49,65856,买盘
708,13:17:10,13.44,0.04,29,38976,买盘
709,13:17:00,13.4,-0.05,384,514560,卖盘
710,13:16:55,13.45,0.01,209,281105,买盘
711,13:16:49,13.44,0.01,51,68544,中性盘
712,13:16:45,13.43,-0.01,78,104754,卖盘
713,13:16:40,13.44,--,55,73920,卖盘
714,13:16:34,13.44,--,64,86016,买盘
715,13:16:30,13.44,--,3,4032,买盘
716,13:16:25,13.44,0.01,18,24192,买盘
717,13:16:19,13.43,-0.01,5,6715,买盘
718,13:16:15,13.44,-0.01,225,302400,中性盘
719,13:16:10,13.45,0.02,70,94150,买盘
720,13:16:04,13.43,-0.01,5,6715,卖盘
721,13:16:00,13.44,--,5,6720,买盘
722,13:15:50,13.44,--,0,0,买盘
723,13:15:44,13.44,0.01,45,60480,买盘
724,13:15:40,13.43,--,2,2686,买盘
725,13:15:30,13.43,0.01,30,40290,买盘
726,13:15:25,13.42,0.02,15,20130,买盘
727,13:15:19,13.4,--,0,0,卖盘
728,13:15:15,13.4,--,307,411889,买盘
729,13:15:10,13.4,--,11,14740,买盘
730,13:15:04,13.4,--,15,20100,买盘
731,13:14:50,13.4,0.01,70,93800,买盘
732,13:14:45,13.39,--,15,20085,卖盘
733,13:14:40,13.39,--,2,2678,卖盘
734,13:14:25,13.39,--,37,49543,买盘
735,13:14:19,13.39,--,42,56238,买盘
736,13:14:14,13.39,--,22,29458,买盘
737,13:14:10,13.39,--,20,26780,买盘
738,13:13:55,13.39,--,6,8034,买盘
739,13:13:49,13.39,--,20,26780,买盘
740,13:13:44,13.39,--,5,6695,买盘
741,13:13:40,13.39,0.03,22,29458,卖盘
742,13:13:24,13.36,-0.04,20,26720,卖盘
743,13:13:19,13.4,--,20,26800,买盘
744,13:13:15,13.4,0.01,16,21440,买盘
745,13:13:10,13.39,-0.01,19,25441,卖盘
746,13:13:04,13.4,--,16,21440,买盘
747,13:12:59,13.4,--,58,77720,买盘
748,13:12:49,13.4,-0.02,79,106690,卖盘
749,13:12:40,13.42,0.02,20,26840,买盘
750,13:12:34,13.4,--,2,2680,卖盘
751,13:12:30,13.4,--,8,10720,卖盘
752,13:12:19,13.4,--,24,32669,买盘
753,13:12:15,13.4,--,50,67000,买盘
754,13:12:10,13.4,0.01,370,495800,买盘
755,13:12:04,13.39,--,23,30797,买盘
756,13:12:00,13.39,--,32,42848,买盘
757,13:11:54,13.39,--,1,1339,买盘
758,13:11:49,13.39,-0.01,35,46865,卖盘
759,13:11:43,13.4,0.01,5,6700,买盘
760,13:11:40,13.39,-0.01,2,2678,卖盘
761,13:11:34,13.4,0.01,2,2680,买盘
762,13:11:24,13.39,-0.01,10,13390,买盘
763,13:11:19,13.4,--,20,26800,买盘
764,13:11:09,13.4,0.08,67,89780,买盘
765,13:11:04,13.32,--,59,78588,买盘
766,13:10:59,13.32,--,90,119880,买盘
767,13:10:54,13.32,--,6,7992,买盘
768,13:10:49,13.32,-0.08,31,41292,中性盘
769,13:10:44,13.4,0.06,536,718240,买盘
770,13:10:39,13.34,--,0,0,买盘
771,13:10:34,13.34,--,0,0,买盘
772,13:10:28,13.34,--,70,93380,买盘
773,13:10:24,13.34,-0.01,18,24012,卖盘
774,13:10:19,13.35,--,20,26700,买盘
775,13:10:09,13.35,0.01,2,2670,买盘
776,13:10:04,13.34,-0.01,62,82708,卖盘
777,13:09:59,13.35,--,10,13350,买盘
778,13:09:54,13.35,--,7,9345,买盘
779,13:09:49,13.35,-0.04,144,192240,卖盘
780,13:09:44,13.39,--,10,13390,买盘
781,13:09:34,13.39,0.04,4,5356,卖盘
782,13:09:28,13.35,--,5,6675,买盘
783,13:09:24,13.35,-0.05,5,6675,卖盘
784,13:09:19,13.4,0.01,100,134000,买盘
785,13:09:13,13.39,--,10,13390,买盘
786,13:09:09,13.39,--,0,0,买盘
787,13:09:04,13.39,--,3,4017,买盘
788,13:08:58,13.39,0.06,5,6695,买盘
789,13:08:54,13.33,-0.07,70,93310,卖盘
790,13:08:49,13.4,--,0,0,买盘
791,13:08:44,13.4,--,11,14740,买盘
792,13:08:39,13.4,0.04,23,30820,买盘
793,13:08:34,13.36,-0.04,1,1336,卖盘
794,13:08:28,13.4,0.05,200,268000,买盘
795,13:08:24,13.35,--,0,0,卖盘
796,13:08:19,13.35,-0.05,10,13350,卖盘
797,13:08:13,13.4,0.05,50,67000,买盘
798,13:08:09,13.35,-0.01,1,1335,中性盘
799,13:08:04,13.36,0.03,61,81496,买盘
800,13:07:58,13.33,-0.02,13,17329,卖盘
801,13:07:49,13.35,--,5,6675,买盘
802,13:07:44,13.35,-0.01,21,28035,买盘
803,13:07:39,13.36,--,0,0,买盘
804,13:07:34,13.36,0.03,8,10688,买盘
805,13:07:29,13.33,-0.03,4,5332,卖盘
806,13:07:24,13.36,0.02,2,2672,买盘
807,13:07:19,13.34,0.04,25,33350,买盘
808,13:07:14,13.3,-0.04,279,371070,卖盘
809,13:06:59,13.34,--,78,104052,买盘
810,13:06:53,13.34,--,6,8004,买盘
811,13:06:49,13.34,--,10,13340,买盘
812,13:06:43,13.34,--,14,18676,买盘
813,13:06:39,13.34,-0.03,4,5336,卖盘
814,13:06:34,13.37,--,0,0,买盘
815,13:06:28,13.37,-0.03,2,2674,买盘
816,13:06:24,13.4,0.06,8,10720,买盘
817,13:06:19,13.34,-0.05,272,362848,卖盘
818,13:06:13,13.39,-0.01,2,2678,买盘
819,13:06:04,13.4,--,224,300160,买盘
820,13:05:57,13.4,--,101,135340,买盘
821,13:05:48,13.4,--,1,1340,买盘
822,13:05:43,13.4,-0.01,367,491780,卖盘
823,13:05:38,13.41,-0.01,200,268200,卖盘
824,13:05:34,13.42,-0.02,120,161040,卖盘
825,13:05:28,13.44,0.02,73,98112,买盘
826,13:05:19,13.42,-0.02,105,140910,卖盘
827,13:05:13,13.44,--,24,32256,卖盘
828,13:05:09,13.44,-0.01,18,24192,卖盘
829,13:05:03,13.45,--,58,78010,买盘
830,13:04:53,13.45,--,3,4035,卖盘
831,13:04:49,13.45,--,69,92805,卖盘
832,13:04:38,13.45,--,1,1345,买盘
833,13:04:34,13.45,-0.02,10,13450,买盘
834,13:04:23,13.47,0.01,100,134700,买盘
835,13:04:18,13.46,0.01,210,282660,买盘
836,13:04:13,13.45,-0.01,5,6725,卖盘
837,13:04:07,13.46,0.01,28,37688,买盘
838,13:03:58,13.45,0.01,199,267655,买盘
839,13:03:49,13.44,--,24,32256,买盘
840,13:03:43,13.44,-0.01,1,1344,买盘
841,13:03:38,13.45,--,0,0,买盘
842,13:03:32,13.45,-0.01,230,309350,买盘
843,13:03:28,13.46,--,0,0,买盘
844,13:03:23,13.46,0.03,59,79414,买盘
845,13:03:13,13.43,-0.02,26,34918,中性盘
846,13:03:08,13.45,0.01,50,67250,买盘
847,13:03:02,13.44,-0.01,85,114912,买盘
848,13:02:58,13.45,--,0,0,买盘
849,13:02:53,13.45,--,1,1345,买盘
850,13:02:48,13.45,0.03,14,18830,买盘
851,13:02:43,13.42,--,10,13420,卖盘
852,13:02:38,13.42,-0.03,2,2684,卖盘
853,13:02:33,13.45,--,0,0,买盘
854,13:02:28,13.45,0.03,1,1345,买盘
855,13:02:22,13.42,--,0,0,卖盘
856,13:02:13,13.42,-0.02,100,134200,卖盘
857,13:02:03,13.44,--,11,15456,买盘
858,13:01:58,13.44,--,102,137760,卖盘
859,13:01:52,13.44,--,3,4032,卖盘
860,13:01:48,13.44,--,15,20160,卖盘
861,13:01:43,13.44,0.05,82,110880,买盘
862,13:01:37,13.39,-0.05,250,334750,卖盘
863,13:01:33,13.44,0.02,10,13440,买盘
864,13:01:28,13.42,-0.02,54,72468,卖盘
865,13:01:23,13.44,--,5,6720,买盘
866,13:01:18,13.44,--,4,5376,买盘
867,13:01:07,13.44,--,0,0,买盘
868,13:01:03,13.44,0.05,6,8064,买盘
869,13:00:58,13.39,-0.05,207,277173,卖盘
870,13:00:52,13.44,-0.04,199,268128,卖盘
871,13:00:48,13.48,--,0,0,买盘
872,13:00:43,13.48,0.04,71,95708,买盘
873,13:00:38,13.44,--,0,0,卖盘
874,13:00:33,13.44,-0.04,32,43008,卖盘
875,13:00:28,13.48,0.01,54,72792,买盘
876,13:00:23,13.47,--,0,0,买盘
877,13:00:18,13.47,0.03,3,4041,买盘
878,13:00:07,13.44,-0.03,128,172032,卖盘
879,13:00:03,13.47,0.03,874,1177951,买盘
880,11:30:00,13.44,--,0,0,买盘
881,11:30:00,13.44,--,0,0,买盘
882,11:29:44,13.44,0.03,100,134400,买盘
883,11:29:23,13.41,--,54,72414,买盘
884,11:29:14,13.41,--,112,150192,买盘
885,11:29:08,13.41,--,1,1341,买盘
886,11:28:58,13.41,--,3,4023,买盘
887,11:28:53,13.41,--,4,5364,买盘
888,11:28:48,13.41,-0.03,181,242721,卖盘
889,11:28:44,13.44,-0.01,45,60480,卖盘
890,11:28:38,13.45,--,3,4035,买盘
891,11:28:29,13.45,0.01,35,47075,买盘
892,11:28:23,13.44,--,21,28224,卖盘
893,11:28:18,13.44,--,32,43008,卖盘
894,11:28:03,13.44,--,3,4032,买盘
895,11:27:59,13.44,0.01,4,5376,买盘
896,11:27:53,13.43,-0.01,101,135643,卖盘
897,11:27:44,13.44,--,3,4032,买盘
898,11:27:38,13.44,-0.01,188,252672,卖盘
899,11:27:33,13.45,0.01,8,10760,买盘
900,11:27:23,13.44,-0.01,23,30912,卖盘
901,11:27:18,13.45,--,30,40350,卖盘
902,11:26:59,13.45,0.01,16,21520,买盘
903,11:26:52,13.44,-0.01,66,88704,卖盘
904,11:26:38,13.45,0.01,140,188300,买盘
905,11:26:33,13.44,--,0,0,买盘
906,11:26:28,13.44,--,500,672000,买盘
907,11:26:23,13.44,--,100,134400,买盘
908,11:26:18,13.44,--,55,73920,买盘
909,11:26:12,13.44,--,4,5376,买盘
910,11:26:08,13.44,--,115,154560,买盘
911,11:25:58,13.44,--,4,5376,买盘
912,11:25:53,13.44,--,11,14784,买盘
913,11:25:38,13.44,0.04,800,1075200,买盘
914,11:25:33,13.4,0.02,35,46900,买盘
915,11:25:28,13.38,-0.02,113,151194,卖盘
916,11:25:18,13.4,--,0,0,买盘
917,11:25:12,13.4,0.01,31,41540,买盘
918,11:25:08,13.39,0.01,14,18746,中性盘
919,11:24:58,13.38,0.01,3,4014,中性盘
920,11:24:53,13.37,-0.01,53,70861,卖盘
921,11:24:38,13.38,-0.05,12,16056,卖盘
922,11:24:33,13.43,--,0,0,买盘
923,11:24:28,13.43,--,0,0,买盘
924,11:24:23,13.43,0.05,39,52377,买盘
925,11:24:18,13.38,--,0,0,卖盘
926,11:24:13,13.38,-0.01,44,58872,卖盘
927,11:24:08,13.39,-0.04,6,8034,卖盘
928,11:24:03,13.43,0.04,54,72522,买盘
929,11:23:57,13.39,0.01,4,5356,中性盘
930,11:23:53,13.38,-0.02,10,13380,卖盘
931,11:23:47,13.4,0.02,4,5360,买盘
932,11:23:43,13.38,-0.02,20,26760,卖盘
933,11:23:38,13.4,--,2,2680,买盘
934,11:23:27,13.4,-0.02,19,25460,卖盘
935,11:23:23,13.42,0.02,20,26840,买盘
936,11:23:12,13.4,-0.02,155,207700,卖盘
937,11:23:08,13.42,-0.01,5,6710,卖盘
938,11:22:53,13.43,--,2,2686,买盘
939,11:22:47,13.43,--,1,1343,买盘
940,11:22:43,13.43,0.01,26,34918,卖盘
941,11:22:28,13.42,--,5,6710,买盘
942,11:22:23,13.42,--,3,4026,买盘
943,11:22:17,13.42,-0.02,100,134200,卖盘
944,11:22:08,13.44,--,29,38976,买盘
945,11:22:02,13.44,-0.01,16,21504,卖盘
946,11:21:57,13.45,-0.01,10,13450,中性盘
947,11:21:47,13.46,0.01,33,44418,买盘
948,11:21:32,13.45,0.01,74,99530,买盘
949,11:21:27,13.44,--,1,1344,买盘
950,11:21:23,13.44,-0.01,14,18816,买盘
951,11:21:17,13.45,0.01,97,130465,买盘
952,11:21:12,13.44,--,188,252672,卖盘
953,11:21:02,13.44,--,50,67200,卖盘
954,11:20:53,13.44,-0.01,10,13440,中性盘
955,11:20:47,13.45,0.03,43,57835,买盘
956,11:20:38,13.42,-0.02,5,6710,卖盘
957,11:20:32,13.44,0.02,10,13440,买盘
958,11:20:23,13.42,--,0,0,卖盘
959,11:20:17,13.42,-0.02,27,36234,卖盘
960,11:20:12,13.44,-0.01,111,149184,卖盘
961,11:20:02,13.45,0.03,2,2690,买盘
962,11:19:57,13.42,--,20,26840,卖盘
963,11:19:53,13.42,-0.02,88,118096,卖盘
964,11:19:47,13.44,0.02,29,38976,买盘
965,11:19:32,13.42,--,10,13420,卖盘
966,11:19:22,13.42,-0.02,40,53680,卖盘
967,11:19:17,13.44,0.03,22,29568,买盘
968,11:19:12,13.41,--,36,48276,卖盘
969,11:19:08,13.41,-0.01,14,18774,卖盘
970,11:19:02,13.42,-0.02,1,1342,中性盘
971,11:18:52,13.44,0.02,13,17472,买盘
972,11:18:47,13.42,-0.03,40,53680,卖盘
973,11:18:36,13.45,0.01,200,269000,买盘
974,11:18:32,13.44,--,6,8064,买盘
975,11:18:27,13.44,--,11,14784,卖盘
976,11:18:21,13.44,-0.01,100,134400,卖盘
977,11:18:12,13.45,--,0,0,买盘
978,11:18:07,13.45,--,300,403500,买盘
979,11:18:02,13.45,0.01,166,223270,买盘
980,11:17:52,13.44,--,1,1344,买盘
981,11:17:47,13.44,-0.01,4,5376,中性盘
982,11:17:42,13.45,0.04,1,1345,买盘
983,11:17:36,13.41,-0.04,58,77778,卖盘
984,11:17:32,13.45,--,163,219235,买盘
985,11:17:27,13.45,--,10,13450,买盘
986,11:17:21,13.45,-0.01,6,8070,买盘
987,11:17:17,13.46,--,15,20190,买盘
988,11:17:12,13.46,0.06,5,6730,买盘
989,11:17:07,13.4,-0.07,269,360460,卖盘
990,11:17:02,13.47,--,30,40410,买盘
991,11:16:57,13.47,--,0,0,买盘
992,11:16:52,13.47,0.03,199,268053,买盘
993,11:16:42,13.44,0.04,168,225792,买盘
994,11:16:37,13.4,--,167,223780,卖盘
995,11:16:32,13.4,--,85,113900,买盘
996,11:16:22,13.4,--,15,20100,买盘
997,11:16:17,13.4,--,143,191620,买盘
998,11:16:06,13.4,--,53,71020,买盘
999,11:16:02,13.4,0.01,57,76380,买盘
1000,11:15:51,13.39,--,1,1339,卖盘
1001,11:15:47,13.39,--,6,8034,卖盘
1002,11:15:41,13.39,0.01,80,107120,买盘
1003,11:15:37,13.38,--,50,66900,卖盘
1004,11:15:32,13.38,--,35,46830,买盘
1005,11:15:17,13.38,0.01,13,17394,买盘
1006,11:15:11,13.37,--,21,28077,卖盘
1007,11:15:02,13.37,-0.01,25,33425,卖盘
1008,11:14:56,13.38,-0.01,3,4014,卖盘
1009,11:14:52,13.39,--,48,64272,买盘
1010,11:14:47,13.39,0.01,9,12051,买盘
1011,11:14:41,13.38,0.01,15,20070,买盘
1012,11:14:37,13.37,-0.01,289,386393,卖盘
1013,11:14:32,13.38,--,0,0,中性盘
1014,11:14:26,13.38,-0.02,20,26760,买盘
1015,11:14:22,13.4,0.02,347,464980,买盘
1016,11:14:16,13.38,-0.01,21,28098,卖盘
1017,11:14:11,13.39,0.01,3,4017,买盘
1018,11:13:56,13.38,-0.01,20,26760,卖盘
1019,11:13:51,13.39,--,10,13390,买盘
1020,11:13:47,13.39,--,1,1339,买盘
1021,11:13:41,13.39,-0.01,53,70967,卖盘
1022,11:13:36,13.4,--,67,89780,买盘
1023,11:13:32,13.4,--,56,75040,买盘
1024,11:13:26,13.4,--,69,92460,买盘
1025,11:13:17,13.4,--,210,281400,买盘
1026,11:13:11,13.4,-0.01,70,93800,中性盘
1027,11:13:06,13.41,0.01,15,20115,买盘
1028,11:13:02,13.4,--,35,46900,卖盘
1029,11:12:56,13.4,--,25,33500,卖盘
1030,11:12:51,13.4,0.01,21,28140,买盘
1031,11:12:47,13.39,-0.01,31,41509,卖盘
1032,11:12:41,13.4,--,20,26800,买盘
1033,11:12:36,13.4,0.03,50,67000,买盘
1034,11:12:32,13.37,--,96,128351,卖盘
1035,11:12:26,13.37,-0.03,75,100275,卖盘
1036,11:12:21,13.4,0.03,61,81740,买盘
1037,11:12:17,13.37,--,5,6685,卖盘
1038,11:12:11,13.37,--,1,1337,卖盘
1039,11:12:06,13.37,--,10,13370,卖盘
1040,11:12:02,13.37,-0.03,4,5348,卖盘
1041,11:11:56,13.4,--,0,0,买盘
1042,11:11:51,13.4,--,0,0,买盘
1043,11:11:46,13.4,0.03,52,69680,买盘
1044,11:11:41,13.37,--,14,18718,买盘
1045,11:11:36,13.37,-0.03,93,124341,卖盘
1046,11:11:31,13.4,0.01,43,57620,中性盘
1047,11:11:26,13.39,0.01,25,33475,中性盘
1048,11:11:21,13.38,-0.02,10,13380,卖盘
1049,11:11:16,13.4,0.02,3,4020,卖盘
1050,11:11:11,13.38,-0.06,15,20070,卖盘
1051,11:11:06,13.44,0.04,58,77952,买盘
1052,11:11:01,13.4,--,50,67000,买盘
1053,11:10:56,13.4,--,13,17420,买盘
1054,11:10:51,13.4,-0.04,234,313560,卖盘
1055,11:10:46,13.44,0.02,3,4032,买盘
1056,11:10:40,13.42,-0.02,2,2684,卖盘
1057,11:10:36,13.44,-0.01,2,2688,买盘
1058,11:10:31,13.45,--,0,0,买盘
1059,11:10:26,13.45,--,12,16140,买盘
1060,11:10:21,13.45,--,8,10760,买盘
1061,11:10:16,13.45,0.02,62,83390,买盘
1062,11:10:11,13.43,-0.01,20,26860,卖盘
1063,11:10:06,13.44,--,58,77952,买盘
1064,11:10:00,13.44,0.01,43,57792,买盘
1065,11:09:56,13.43,-0.01,41,55063,卖盘
1066,11:09:51,13.44,--,1,1344,买盘
1067,11:09:45,13.44,-0.03,8,10752,卖盘
1068,11:09:40,13.47,--,8,10776,买盘
1069,11:09:31,13.47,-0.01,275,370425,卖盘
1070,11:09:26,13.48,--,22,29656,买盘
1071,11:09:21,13.48,--,35,47180,买盘
1072,11:09:15,13.48,--,22,29656,买盘
1073,11:09:10,13.48,-0.01,65,87620,卖盘
1074,11:09:06,13.49,0.02,27,36423,买盘
1075,11:09:01,13.47,-0.02,331,445857,卖盘
1076,11:08:56,13.49,0.01,160,215840,买盘
1077,11:08:50,13.48,-0.01,44,59312,卖盘
1078,11:08:45,13.49,--,200,269800,买盘
1079,11:08:41,13.49,-0.01,62,83638,卖盘
1080,11:08:35,13.5,--,6,8100,买盘
1081,11:08:31,13.5,--,551,743850,买盘
1082,11:08:25,13.5,--,72,97200,买盘
1083,11:08:20,13.5,0.02,51,68850,买盘
1084,11:08:15,13.48,-0.02,19,25612,卖盘
1085,11:08:11,13.5,0.01,23,31050,买盘
1086,11:08:05,13.49,-0.02,9,12141,卖盘
1087,11:08:01,13.51,0.01,116,156716,买盘
1088,11:07:55,13.5,0.02,230,310500,买盘
1089,11:07:50,13.48,--,20,26960,卖盘
1090,11:07:46,13.48,0.01,107,144236,买盘
1091,11:07:41,13.47,--,132,177804,买盘
1092,11:07:35,13.47,--,6,8082,买盘
1093,11:07:30,13.47,--,17,22899,买盘
1094,11:07:20,13.47,0.01,15,20205,买盘
1095,11:07:16,13.46,0.01,17,22882,买盘
1096,11:07:11,13.45,--,19,25555,卖盘
1097,11:07:05,13.45,--,7,9415,买盘
1098,11:07:00,13.45,--,40,53800,买盘
1099,11:06:55,13.45,--,3,4035,买盘
1100,11:06:50,13.45,0.03,8,10760,买盘
1101,11:06:45,13.42,-0.01,66,88572,卖盘
1102,11:06:40,13.43,--,93,124899,买盘
1103,11:06:35,13.43,--,1,1343,买盘
1104,11:06:30,13.43,0.01,9,12087,买盘
1105,11:06:25,13.42,--,18,24156,买盘
1106,11:06:20,13.42,--,0,0,买盘
1107,11:06:16,13.42,0.01,22,29524,买盘
1108,11:06:10,13.41,0.01,40,53640,买盘
1109,11:06:05,13.4,--,39,52260,卖盘
1110,11:06:00,13.4,--,115,154100,买盘
1111,11:05:55,13.4,--,41,54940,买盘
1112,11:05:50,13.4,0.01,10,13400,买盘
1113,11:05:45,13.39,--,15,20085,卖盘
1114,11:05:41,13.39,-0.01,78,104442,卖盘
1115,11:05:34,13.4,0.01,10,13400,买盘
1116,11:05:25,13.39,0.02,42,56238,买盘
1117,11:05:20,13.37,-0.01,2,2674,卖盘
1118,11:05:11,13.38,0.01,25,33450,买盘
1119,11:05:05,13.37,--,17,22729,买盘
1120,11:04:56,13.37,--,40,53480,买盘
1121,11:04:50,13.37,--,65,86905,买盘
1122,11:04:45,13.37,--,6,8021,买盘
1123,11:04:41,13.37,--,6,8021,买盘
1124,11:04:35,13.37,--,43,57491,买盘
1125,11:04:30,13.37,--,20,26740,买盘
1126,11:04:25,13.37,--,21,28077,买盘
1127,11:04:20,13.37,--,65,86905,买盘
1128,11:04:15,13.37,--,2,2674,买盘
1129,11:04:10,13.37,-0.01,56,74872,卖盘
1130,11:04:05,13.38,0.02,3,4014,买盘
1131,11:03:55,13.36,-0.02,201,268536,卖盘
1132,11:03:49,13.38,0.02,1,1338,买盘
1133,11:03:45,13.36,--,30,40080,买盘
1134,11:03:40,13.36,-0.02,30,40080,卖盘
1135,11:03:35,13.38,0.02,30,40140,买盘
1136,11:03:25,13.36,--,17,22712,买盘
1137,11:03:15,13.36,--,15,20040,买盘
1138,11:03:10,13.36,-0.02,75,100200,卖盘
1139,11:03:00,13.38,0.03,93,124434,买盘
1140,11:02:55,13.35,--,50,66750,卖盘
1141,11:02:50,13.35,-0.01,37,49395,卖盘
1142,11:02:45,13.36,--,2,2672,买盘
1143,11:02:40,13.36,--,5,6680,买盘
1144,11:02:35,13.36,0.01,2,2672,买盘
1145,11:02:25,13.35,--,18,24030,卖盘
1146,11:02:20,13.35,--,25,33375,买盘
1147,11:02:15,13.35,--,12,16020,买盘
1148,11:02:10,13.35,0.04,39,52065,买盘
1149,11:02:05,13.31,--,10,13310,卖盘
1150,11:02:00,13.31,-0.03,2,2662,买盘
1151,11:01:55,13.34,--,12,16008,卖盘
1152,11:01:50,13.34,-0.01,3,4002,卖盘
1153,11:01:45,13.35,0.05,3,4005,买盘
1154,11:01:39,13.3,--,25,33250,买盘
1155,11:01:35,13.3,--,101,134330,卖盘
1156,11:01:20,13.3,-0.01,5,6650,卖盘
1157,11:01:14,13.31,-0.04,10,13310,卖盘
1158,11:01:09,13.35,-0.01,2,2670,中性盘
1159,11:01:04,13.36,--,0,0,买盘
1160,11:00:59,13.36,0.06,10,13360,买盘
1161,11:00:54,13.3,-0.06,66,87780,卖盘
1162,11:00:49,13.36,--,11,14696,买盘
1163,11:00:44,13.36,0.04,8,10688,买盘
1164,11:00:40,13.32,-0.04,22,29304,卖盘
1165,11:00:34,13.36,-0.03,12,16032,卖盘
1166,11:00:29,13.39,0.02,121,162019,买盘
1167,11:00:25,13.37,--,1,1337,买盘
1168,11:00:19,13.37,-0.01,45,60165,卖盘
1169,11:00:04,13.38,-0.02,104,139152,卖盘
1170,10:59:54,13.4,--,47,62980,买盘
1171,10:59:49,13.4,--,11,14740,卖盘
1172,10:59:44,13.4,-0.01,10,13400,卖盘
1173,10:59:39,13.41,0.02,16,21456,买盘
1174,10:59:34,13.39,-0.01,84,112476,卖盘
1175,10:59:28,13.4,0.01,3,4020,中性盘
1176,10:59:24,13.39,-0.01,56,74984,卖盘
1177,10:59:19,13.4,-0.02,6,8040,卖盘
1178,10:59:14,13.42,--,107,143594,买盘
1179,10:59:10,13.42,--,74,99308,买盘
1180,10:59:04,13.42,--,1,1342,买盘
1181,10:58:59,13.42,--,5,6710,买盘
1182,10:58:54,13.42,0.02,34,45628,买盘
1183,10:58:50,13.4,-0.03,55,73700,卖盘
1184,10:58:43,13.43,0.01,1,1343,买盘
1185,10:58:35,13.42,0.01,37,49654,买盘
1186,10:58:29,13.41,--,1,1341,卖盘
1187,10:58:25,13.41,--,33,44253,卖盘
1188,10:58:20,13.41,--,5,6705,卖盘
1189,10:58:13,13.41,0.01,110,147510,买盘
1190,10:58:09,13.4,--,12,16080,卖盘
1191,10:58:04,13.4,--,1,1340,卖盘
1192,10:57:59,13.4,--,10,13400,卖盘
1193,10:57:54,13.4,--,3,4020,卖盘
1194,10:57:44,13.4,--,14,18760,买盘
1195,10:57:40,13.4,0.01,36,48240,买盘
1196,10:57:34,13.39,--,8,10712,买盘
1197,10:57:29,13.39,0.01,13,17407,买盘
1198,10:57:24,13.38,-0.01,5,6690,卖盘
1199,10:57:19,13.39,--,20,26780,买盘
1200,10:57:14,13.39,--,30,40170,买盘
1201,10:57:09,13.39,--,7,9373,买盘
1202,10:57:04,13.39,-0.01,31,41509,卖盘
1203,10:56:58,13.4,0.01,86,115240,买盘
1204,10:56:49,13.39,-0.01,140,187460,卖盘
1205,10:56:44,13.4,--,43,57620,买盘
1206,10:56:39,13.4,-0.01,19,25460,卖盘
1207,10:56:34,13.41,0.01,18,24138,买盘
1208,10:56:29,13.4,-0.02,59,79060,卖盘
1209,10:56:19,13.42,--,34,45628,买盘
1210,10:56:14,13.42,--,30,40260,买盘
1211,10:56:09,13.42,-0.02,1,1342,中性盘
1212,10:56:04,13.44,0.03,24,32256,中性盘
1213,10:55:59,13.41,-0.04,12,16092,卖盘
1214,10:55:54,13.45,0.04,1,1345,买盘
1215,10:55:49,13.41,-0.01,15,20115,卖盘
1216,10:55:44,13.42,0.01,3,4026,卖盘
1217,10:55:39,13.41,--,0,0,卖盘
1218,10:55:34,13.41,-0.02,11,14751,卖盘
1219,10:55:29,13.43,0.02,46,61778,买盘
1220,10:55:24,13.41,--,14,18774,买盘
1221,10:55:19,13.41,-0.02,10,13410,卖盘
1222,10:55:14,13.43,-0.06,125,167875,卖盘
1223,10:55:09,13.49,0.03,111,149739,买盘
1224,10:55:04,13.46,-0.02,15,20190,中性盘
1225,10:54:59,13.48,--,54,72792,买盘
1226,10:54:54,13.48,--,2,2696,买盘
1227,10:54:49,13.48,-0.02,207,279036,卖盘
1228,10:54:44,13.5,--,69,93150,买盘
1229,10:54:39,13.5,--,120,162000,买盘
1230,10:54:34,13.5,--,10,13500,买盘
1231,10:54:29,13.5,0.02,71,95850,买盘
1232,10:54:24,13.48,--,9,12132,买盘
1233,10:54:19,13.48,-0.06,4,5392,买盘
1234,10:54:14,13.54,0.01,37,50098,买盘
1235,10:54:08,13.53,0.13,208,281424,买盘
1236,10:54:04,13.4,--,613,821420,买盘
1237,10:53:58,13.4,--,337,451580,买盘
1238,10:53:53,13.4,0.02,239,320260,买盘
1239,10:53:49,13.38,--,39,52182,买盘
1240,10:53:43,13.38,0.02,5,6690,买盘
1241,10:53:38,13.36,--,7,9352,买盘
1242,10:53:34,13.36,0.02,61,81496,买盘
1243,10:53:28,13.34,0.02,165,220110,买盘
1244,10:53:23,13.32,--,52,69264,买盘
1245,10:53:18,13.32,--,9,11988,买盘
1246,10:53:13,13.32,0.02,10,13320,买盘
1247,10:53:08,13.3,--,3,3990,中性盘
1248,10:53:03,13.3,0.07,623,828590,买盘
1249,10:52:58,13.23,-0.04,32,42336,中性盘
1250,10:52:53,13.27,0.01,188,249476,买盘
1251,10:52:43,13.26,0.04,568,753168,买盘
1252,10:52:38,13.22,0.02,67,88574,买盘
1253,10:52:34,13.2,-0.02,11,14520,卖盘
1254,10:52:19,13.22,--,30,39660,买盘
1255,10:52:13,13.22,0.02,50,66100,买盘
1256,10:52:08,13.2,--,15,19800,卖盘
1257,10:52:04,13.2,--,55,72600,卖盘
1258,10:51:58,13.2,--,18,23760,卖盘
1259,10:51:53,13.2,-0.01,22,29040,卖盘
1260,10:51:48,13.21,0.01,15,19815,买盘
1261,10:51:43,13.2,--,11,14520,卖盘
1262,10:51:38,13.2,0.02,35,46200,买盘
1263,10:51:33,13.18,-0.02,29,38222,卖盘
1264,10:51:28,13.2,--,120,158413,买盘
1265,10:51:23,13.2,--,2,2640,买盘
1266,10:51:18,13.2,0.02,15,19800,买盘
1267,10:51:13,13.18,-0.02,14,18452,卖盘
1268,10:51:08,13.2,--,30,39600,买盘
1269,10:51:03,13.2,0.02,41,54120,买盘
1270,10:50:58,13.18,--,32,42176,卖盘
1271,10:50:48,13.18,-0.02,3,3954,卖盘
1272,10:50:43,13.2,--,110,145200,卖盘
1273,10:50:33,13.2,--,7,9240,买盘
1274,10:50:28,13.2,--,0,0,买盘
1275,10:50:22,13.2,0.03,10,13200,买盘
1276,10:50:18,13.17,--,7,9219,卖盘
1277,10:50:13,13.17,0.01,13,17121,卖盘
1278,10:50:03,13.16,--,58,76328,买盘
1279,10:49:43,13.16,--,68,89488,卖盘
1280,10:49:37,13.16,--,11,14476,卖盘
1281,10:49:28,13.16,--,30,39480,卖盘
1282,10:49:23,13.16,--,33,43428,买盘
1283,10:49:18,13.16,--,17,22372,买盘
1284,10:49:13,13.16,-0.01,10,13160,买盘
1285,10:49:08,13.17,--,2,2634,买盘
1286,10:49:03,13.17,--,628,827076,买盘
1287,10:48:58,13.17,0.01,40,52680,买盘
1288,10:48:53,13.16,-0.01,1,1316,卖盘
1289,10:48:43,13.17,-0.01,18,23706,卖盘
1290,10:48:22,13.18,--,5,6590,卖盘
1291,10:48:18,13.18,--,10,13180,卖盘
1292,10:48:13,13.18,-0.01,12,15816,卖盘
1293,10:48:08,13.19,--,21,27699,卖盘
1294,10:48:03,13.19,--,172,226868,卖盘
1295,10:47:58,13.19,--,5,6595,卖盘
1296,10:47:53,13.19,-0.01,16,21104,卖盘
1297,10:47:43,13.2,--,40,52800,买盘
1298,10:47:38,13.2,--,13,17160,买盘
1299,10:47:33,13.2,-0.01,74,97680,卖盘
1300,10:47:28,13.21,-0.01,3,3963,卖盘
1301,10:47:23,13.22,0.02,6,7932,买盘
1302,10:47:13,13.2,-0.01,333,439560,卖盘
1303,10:47:08,13.21,--,21,27741,卖盘
1304,10:47:02,13.21,--,64,84544,卖盘
1305,10:46:58,13.21,-0.01,28,36988,卖盘
1306,10:46:53,13.22,--,2,2644,买盘
1307,10:46:43,13.22,-0.01,26,34372,卖盘
1308,10:46:37,13.23,--,34,44982,买盘
1309,10:46:32,13.23,--,21,27783,买盘
1310,10:46:28,13.23,--,16,21168,卖盘
1311,10:46:22,13.23,--,43,56889,买盘
1312,10:46:17,13.23,-0.01,1,1323,卖盘
1313,10:46:13,13.24,0.01,10,13240,买盘
1314,10:46:07,13.23,-0.01,29,38367,卖盘
1315,10:46:02,13.24,--,28,37072,买盘
1316,10:45:57,13.24,0.02,51,67524,买盘
1317,10:45:52,13.22,-0.01,33,43626,卖盘
1318,10:45:47,13.23,-0.01,3,3969,买盘
1319,10:45:42,13.24,0.01,26,34424,买盘
1320,10:45:37,13.23,--,65,85995,卖盘
1321,10:45:27,13.23,--,43,56889,卖盘
1322,10:45:22,13.23,-0.01,175,231525,卖盘
1323,10:45:17,13.24,0.01,12,15888,买盘
1324,10:45:12,13.23,-0.01,205,271215,卖盘
1325,10:45:07,13.24,--,78,103272,买盘
1326,10:44:57,13.24,0.01,139,184036,买盘
1327,10:44:52,13.23,-0.03,59,78057,卖盘
1328,10:44:47,13.26,--,149,197574,买盘
1329,10:44:42,13.26,--,70,92820,买盘
1330,10:44:37,13.26,0.01,114,151164,买盘
1331,10:44:32,13.25,--,184,243800,买盘
1332,10:44:27,13.25,--,40,53000,买盘
1333,10:44:22,13.25,0.02,28,37100,买盘
1334,10:44:17,13.23,-0.01,49,64827,卖盘
1335,10:44:12,13.24,0.03,30,39720,买盘
1336,10:44:07,13.21,0.01,36,47556,买盘
1337,10:44:02,13.2,0.01,555,732600,买盘
1338,10:43:57,13.19,-0.01,53,69907,卖盘
1339,10:43:52,13.2,--,26,34320,买盘
1340,10:43:47,13.2,--,144,190080,买盘
1341,10:43:42,13.2,--,2,2640,买盘
1342,10:43:37,13.2,--,76,100320,卖盘
1343,10:43:32,13.2,-0.01,89,117480,卖盘
1344,10:43:27,13.21,0.01,1,1321,买盘
1345,10:43:23,13.2,-0.01,59,77880,卖盘
1346,10:43:17,13.21,0.03,380,501980,买盘
1347,10:43:12,13.18,-0.02,70,92260,卖盘
1348,10:43:07,13.2,--,25,33000,买盘
1349,10:42:57,13.2,-0.02,90,118800,中性盘
1350,10:42:51,13.22,0.02,148,195656,买盘
1351,10:42:47,13.2,-0.02,202,266640,卖盘
1352,10:42:42,13.22,--,12,15864,买盘
1353,10:42:37,13.22,--,48,63456,买盘
1354,10:42:32,13.22,-0.03,491,649102,卖盘
1355,10:42:27,13.25,-0.02,293,388225,卖盘
1356,10:42:22,13.27,0.01,56,74312,买盘
1357,10:42:17,13.26,-0.01,246,326196,卖盘
1358,10:42:12,13.27,--,56,74312,买盘
1359,10:42:07,13.27,--,162,214974,买盘
1360,10:42:02,13.27,--,69,91563,买盘
1361,10:41:57,13.27,-0.01,2,2654,中性盘
1362,10:41:51,13.28,--,382,507296,买盘
1363,10:41:47,13.28,0.01,21,27888,买盘
1364,10:41:42,13.27,-0.01,79,104833,卖盘
1365,10:41:37,13.28,0.01,93,123504,买盘
1366,10:41:32,13.27,-0.01,96,127392,卖盘
1367,10:41:27,13.28,--,10,13280,买盘
1368,10:41:22,13.28,0.01,138,183264,买盘
1369,10:41:17,13.27,-0.01,101,134239,卖盘
1370,10:41:12,13.28,0.02,528,701184,买盘
1371,10:41:07,13.26,-0.01,154,204204,卖盘
1372,10:41:02,13.27,0.02,90,119430,买盘
1373,10:40:57,13.25,--,19,25175,卖盘
1374,10:40:52,13.25,-0.01,42,55650,卖盘
1375,10:40:47,13.26,0.01,66,87555,买盘
1376,10:40:42,13.25,--,130,172250,买盘
1377,10:40:37,13.25,--,46,60950,买盘
1378,10:40:32,13.25,0.01,49,64925,买盘
1379,10:40:27,13.24,-0.01,28,37072,中性盘
1380,10:40:22,13.25,--,83,109975,买盘
1381,10:40:17,13.25,--,34,45050,买盘
1382,10:40:12,13.25,--,18,23850,买盘
1383,10:40:07,13.25,0.03,40,53000,买盘
1384,10:40:01,13.22,--,246,325212,卖盘
1385,10:39:57,13.22,-0.02,685,905570,卖盘
1386,10:39:52,13.24,--,664,879136,买盘
1387,10:39:47,13.24,0.02,236,312464,买盘
1388,10:39:41,13.22,--,16,21152,卖盘
1389,10:39:37,13.22,--,237,313314,买盘
1390,10:39:31,13.22,-0.01,145,191690,中性盘
1391,10:39:26,13.23,0.01,137,181251,买盘
1392,10:39:22,13.22,--,37,48914,卖盘
1393,10:39:16,13.22,0.02,109,144098,买盘
1394,10:39:11,13.2,--,151,199320,卖盘
1395,10:39:07,13.2,-0.03,208,274560,卖盘
1396,10:39:01,13.23,0.01,151,199773,买盘
1397,10:38:56,13.22,-0.01,39,51558,中性盘
1398,10:38:52,13.23,-0.01,175,231525,中性盘
1399,10:38:46,13.24,0.01,37,48988,买盘
1400,10:38:41,13.23,0.03,31,41013,买盘
1401,10:38:37,13.2,-0.02,8,10560,卖盘
1402,10:38:31,13.22,0.02,59,77998,买盘
1403,10:38:26,13.2,0.04,304,401280,买盘
1404,10:38:21,13.16,-0.01,252,331632,卖盘
1405,10:38:16,13.17,0.02,5,6585,买盘
1406,10:38:11,13.15,--,38,49970,卖盘
1407,10:38:06,13.15,--,215,282725,买盘
1408,10:38:01,13.15,0.03,94,123610,买盘
1409,10:37:56,13.12,-0.02,14,18368,卖盘
1410,10:37:51,13.14,0.04,152,199728,买盘
1411,10:37:46,13.1,-0.03,512,670720,卖盘
1412,10:37:41,13.13,--,0,0,买盘
1413,10:37:36,13.13,0.03,84,110292,买盘
1414,10:37:31,13.1,-0.01,12,15720,卖盘
1415,10:37:26,13.11,-0.01,30,39330,卖盘
1416,10:37:21,13.12,0.01,63,82656,买盘
1417,10:37:16,13.11,0.01,181,237291,买盘
1418,10:37:06,13.1,-0.01,56,73360,卖盘
1419,10:37:01,13.11,0.01,152,199272,买盘
1420,10:36:56,13.1,--,24,31440,买盘
1421,10:36:51,13.1,0.01,72,94320,买盘
1422,10:36:46,13.09,-0.02,7,9163,卖盘
1423,10:36:41,13.11,0.02,20,26220,买盘
1424,10:36:36,13.09,-0.02,118,154462,卖盘
1425,10:36:31,13.11,0.01,24,31464,买盘
1426,10:36:26,13.1,0.01,52,68120,买盘
1427,10:36:21,13.09,0.03,120,157080,卖盘
1428,10:36:16,13.06,-0.05,94,122764,卖盘
1429,10:36:11,13.11,0.03,95,124545,买盘
1430,10:36:06,13.08,-0.02,216,282528,卖盘
1431,10:36:01,13.1,0.02,162,212220,买盘
1432,10:35:56,13.08,-0.01,17,22236,卖盘
1433,10:35:51,13.09,0.01,82,107338,买盘
1434,10:35:36,13.08,0.02,26,34374,买盘
1435,10:35:31,13.06,-0.02,41,53546,卖盘
1436,10:35:25,13.08,0.03,100,130800,买盘
1437,10:35:21,13.05,-0.03,80,104400,卖盘
1438,10:35:16,13.08,0.01,273,357084,买盘
1439,10:35:01,13.07,0.02,92,120244,买盘
1440,10:34:51,13.05,--,118,153990,卖盘
1441,10:34:46,13.05,0.01,21,27405,卖盘
1442,10:34:36,13.04,-0.03,46,59983,卖盘
1443,10:34:31,13.07,0.03,110,143770,买盘
1444,10:34:25,13.04,--,0,0,卖盘
1445,10:34:21,13.04,0.01,50,65199,买盘
1446,10:34:16,13.03,-0.04,80,104240,卖盘
1447,10:34:11,13.07,0.03,5,6535,买盘
1448,10:34:06,13.04,--,111,144744,卖盘
1449,10:34:01,13.04,-0.03,3,3911,卖盘
1450,10:33:51,13.07,0.04,1,1307,买盘
1451,10:33:46,13.03,--,0,0,卖盘
1452,10:33:41,13.03,-0.05,16,20848,卖盘
1453,10:33:36,13.08,--,76,100349,卖盘
1454,10:33:31,13.08,0.01,83,108930,买盘
1455,10:33:26,13.07,-0.01,318,416567,卖盘
1456,10:33:21,13.08,--,143,187410,买盘
1457,10:33:16,13.08,--,728,952224,买盘
1458,10:33:11,13.08,--,130,170040,买盘
1459,10:33:05,13.08,--,10,13080,买盘
1460,10:33:01,13.08,0.01,88,115104,买盘
1461,10:32:55,13.07,-0.01,96,125472,卖盘
1462,10:32:50,13.08,-0.02,64,83712,卖盘
1463,10:32:46,13.1,--,22,28820,买盘
1464,10:32:40,13.1,--,82,107420,买盘
1465,10:32:35,13.1,--,48,62880,买盘
1466,10:32:31,13.1,0.01,25,32750,中性盘
1467,10:32:25,13.09,-0.02,6,7854,卖盘
1468,10:32:16,13.11,-0.01,34,44574,卖盘
1469,10:32:05,13.12,-0.01,8,10496,卖盘
1470,10:32:00,13.13,0.01,119,156247,买盘
1471,10:31:55,13.12,-0.01,27,35424,卖盘
1472,10:31:50,13.13,0.01,18,23634,买盘
1473,10:31:45,13.12,--,81,106272,卖盘
1474,10:31:40,13.12,0.02,51,66912,买盘
1475,10:31:35,13.1,0.02,6,7860,买盘
1476,10:31:31,13.08,--,28,36624,卖盘
1477,10:31:25,13.08,-0.05,18,23544,卖盘
1478,10:31:19,13.13,0.05,90,118170,买盘
1479,10:31:10,13.08,--,20,26160,卖盘
1480,10:31:04,13.08,0.01,85,111180,买盘
1481,10:31:00,13.07,--,183,239181,卖盘
1482,10:30:55,13.07,0.01,41,53587,买盘
1483,10:30:50,13.06,--,48,62688,卖盘
1484,10:30:45,13.06,--,182,237692,卖盘
1485,10:30:40,13.06,--,12,15672,卖盘
1486,10:30:35,13.06,-0.02,40,52240,卖盘
1487,10:30:30,13.08,0.02,27,35316,买盘
1488,10:30:25,13.06,--,137,178922,卖盘
1489,10:30:20,13.06,--,90,117540,卖盘
1490,10:30:15,13.06,-0.02,510,666060,卖盘
1491,10:30:10,13.08,--,57,74556,买盘
1492,10:30:05,13.08,-0.01,205,268140,卖盘
1493,10:30:00,13.09,0.01,71,92939,买盘
1494,10:29:55,13.08,-0.02,125,163500,卖盘
1495,10:29:50,13.1,0.02,30,39300,买盘
1496,10:29:45,13.08,--,35,45780,卖盘
1497,10:29:40,13.08,-0.02,96,125568,卖盘
1498,10:29:34,13.1,0.01,8,10480,卖盘
1499,10:29:30,13.09,-0.03,42,54978,卖盘
1500,10:29:24,13.12,-0.01,20,26240,中性盘
1501,10:29:20,13.13,0.05,29,38077,买盘
1502,10:29:15,13.08,-0.06,62,81096,卖盘
1503,10:29:10,13.14,--,15,19710,买盘
1504,10:29:05,13.14,-0.03,9,11826,卖盘
1505,10:29:00,13.17,0.03,112,147504,买盘
1506,10:28:55,13.14,--,70,91980,买盘
1507,10:28:50,13.14,--,100,131400,卖盘
1508,10:28:45,13.14,--,45,59130,买盘
1509,10:28:40,13.14,--,121,158994,卖盘
1510,10:28:35,13.14,0.01,29,38106,买盘
1511,10:28:30,13.13,-0.01,385,505505,卖盘
1512,10:28:25,13.14,0.01,80,105120,买盘
1513,10:28:20,13.13,0.03,21,27573,卖盘
1514,10:28:15,13.1,-0.03,198,259380,卖盘
1515,10:28:09,13.13,--,155,203515,买盘
1516,10:28:04,13.13,-0.04,73,95849,卖盘
1517,10:28:00,13.17,0.04,140,184380,买盘
1518,10:27:55,13.13,0.03,41,53833,买盘
1519,10:27:50,13.1,-0.03,20,26200,卖盘
1520,10:27:45,13.13,0.05,6,7878,买盘
1521,10:27:40,13.08,--,70,91560,卖盘
1522,10:27:35,13.08,--,10,13080,买盘
1523,10:27:30,13.08,0.01,51,66708,买盘
1524,10:27:25,13.07,0.01,53,69271,买盘
1525,10:27:20,13.06,--,255,333030,买盘
1526,10:27:15,13.06,--,599,783443,买盘
1527,10:27:10,13.06,--,235,306910,买盘
1528,10:27:05,13.06,0.02,4,5224,中性盘
1529,10:27:00,13.04,0.01,147,191688,中性盘
1530,10:26:55,13.03,-0.05,593,772679,卖盘
1531,10:26:50,13.08,0.01,101,132108,买盘
1532,10:26:45,13.07,0.01,46,60122,中性盘
1533,10:26:40,13.06,-0.02,158,206348,卖盘
1534,10:26:35,13.08,--,276,361008,卖盘
1535,10:26:30,13.08,-0.02,72,94176,卖盘
1536,10:26:25,13.1,--,63,82530,买盘
1537,10:26:20,13.1,-0.01,28,36680,卖盘
1538,10:26:15,13.11,-0.03,59,77349,中性盘
1539,10:26:10,13.14,--,63,82782,卖盘
1540,10:26:05,13.14,--,91,119574,卖盘
1541,10:26:00,13.14,-0.03,11,14454,卖盘
1542,10:25:55,13.17,--,66,86922,买盘
1543,10:25:50,13.17,0.02,109,143553,买盘
1544,10:25:44,13.15,-0.02,43,56545,卖盘
1545,10:25:40,13.17,--,131,172527,卖盘
1546,10:25:35,13.17,--,290,381930,卖盘
1547,10:25:29,13.17,-0.07,378,497826,卖盘
1548,10:25:25,13.24,0.02,178,235672,买盘
1549,10:25:19,13.22,0.02,183,241926,买盘
1550,10:25:14,13.2,-0.02,127,167640,卖盘
1551,10:25:10,13.22,0.04,70,92540,中性盘
1552,10:25:04,13.18,--,241,317638,卖盘
1553,10:24:59,13.18,0.01,29,38222,买盘
1554,10:24:55,13.17,-0.05,199,262083,卖盘
1555,10:24:49,13.22,0.07,504,666949,买盘
1556,10:24:44,13.15,--,100,131500,卖盘
1557,10:24:40,13.15,-0.02,758,996770,卖盘
1558,10:24:34,13.17,0.02,1162,1530354,买盘
1559,10:24:29,13.15,-0.01,90,118350,中性盘
1560,10:24:24,13.16,-0.01,268,352688,中性盘
1561,10:24:19,13.17,0.03,95,125115,买盘
1562,10:24:14,13.14,0.01,36,47304,买盘
1563,10:24:10,13.13,-0.01,141,185133,中性盘
1564,10:24:04,13.14,0.11,112,147168,买盘
1565,10:23:59,13.03,-0.02,145,188935,卖盘
1566,10:23:54,13.05,-0.01,269,351045,卖盘
1567,10:23:49,13.06,0.01,76,99256,买盘
1568,10:23:44,13.05,--,18,23490,卖盘
1569,10:23:39,13.05,0.03,307,400635,买盘
1570,10:23:34,13.02,0.01,58,75516,买盘
1571,10:23:29,13.01,--,30,39030,卖盘
1572,10:23:24,13.01,0.01,473,615373,买盘
1573,10:23:19,13.0,--,100,130000,买盘
1574,10:23:14,13.0,0.04,550,715000,买盘
1575,10:23:10,12.96,0.01,5,6480,买盘
1576,10:23:04,12.95,0.03,107,138565,买盘
1577,10:22:54,12.92,-0.01,38,49096,卖盘
1578,10:22:49,12.93,0.01,17,21981,买盘
1579,10:22:44,12.92,--,4,5168,买盘
1580,10:22:39,12.92,0.02,4,5168,买盘
1581,10:22:34,12.9,--,15,19350,卖盘
1582,10:22:28,12.9,0.02,57,73530,卖盘
1583,10:22:24,12.88,--,51,65688,买盘
1584,10:22:19,12.88,-0.01,235,302680,卖盘
1585,10:22:14,12.89,--,216,278424,买盘
1586,10:22:09,12.89,--,63,81207,买盘
1587,10:22:04,12.89,--,72,92808,买盘
1588,10:21:59,12.89,--,123,158547,卖盘
1589,10:21:54,12.89,--,149,192061,卖盘
1590,10:21:49,12.89,--,6,7734,买盘
1591,10:21:44,12.89,0.04,276,355764,买盘
1592,10:21:39,12.85,--,267,343095,卖盘
1593,10:21:33,12.85,--,305,391925,卖盘
1594,10:21:29,12.85,0.01,604,776140,买盘
1595,10:21:24,12.84,--,1,1284,卖盘
1596,10:21:14,12.84,--,23,29532,买盘
1597,10:21:09,12.84,--,3,3852,买盘
1598,10:21:04,12.84,0.01,54,69336,买盘
1599,10:20:59,12.83,0.01,12,15396,买盘
1600,10:20:54,12.82,-0.02,60,76920,卖盘
1601,10:20:48,12.84,0.01,21,26964,买盘
1602,10:20:44,12.83,--,40,51320,买盘
1603,10:20:39,12.83,0.02,66,84678,买盘
1604,10:20:34,12.81,0.02,101,129381,买盘
1605,10:20:29,12.79,--,0,0,卖盘
1606,10:20:24,12.79,-0.01,175,224464,卖盘
1607,10:20:19,12.8,--,181,231680,买盘
1608,10:20:14,12.8,0.01,51,65280,买盘
1609,10:20:09,12.79,--,57,72903,买盘
1610,10:20:03,12.79,0.01,39,49881,买盘
1611,10:19:49,12.78,--,0,0,买盘
1612,10:19:44,12.78,0.03,200,255600,买盘
1613,10:19:39,12.75,--,17,22312,卖盘
1614,10:19:34,12.75,--,16,20400,卖盘
1615,10:19:29,12.75,--,159,203834,买盘
1616,10:19:24,12.75,0.01,100,127500,买盘
1617,10:19:19,12.74,--,8,10192,买盘
1618,10:19:09,12.74,0.01,143,182182,买盘
1619,10:19:04,12.73,-0.01,25,31825,买盘
1620,10:18:59,12.74,--,0,0,买盘
1621,10:18:54,12.74,0.01,38,48412,买盘
1622,10:18:49,12.73,--,72,91656,买盘
1623,10:18:39,12.73,0.02,9,11457,买盘
1624,10:18:34,12.71,-0.02,80,101680,卖盘
1625,10:18:28,12.73,--,78,99294,卖盘
1626,10:18:13,12.73,--,64,82426,买盘
1627,10:18:08,12.73,--,5,6365,买盘
1628,10:18:04,12.73,-0.02,44,56012,中性盘
1629,10:17:58,12.75,--,125,159375,买盘
1630,10:17:53,12.75,0.02,2,2550,买盘
1631,10:17:49,12.73,-0.02,20,25460,卖盘
1632,10:17:43,12.75,0.01,130,165750,买盘
1633,10:17:38,12.74,--,2,2548,买盘
1634,10:17:33,12.74,0.01,70,89180,买盘
1635,10:17:23,12.73,-0.02,20,25460,卖盘
1636,10:17:19,12.75,0.02,29,36975,买盘
1637,10:17:13,12.73,--,21,26733,买盘
1638,10:17:08,12.73,0.03,116,147668,买盘
1639,10:17:03,12.7,-0.05,93,118110,卖盘
1640,10:16:58,12.75,0.02,113,144075,买盘
1641,10:16:48,12.73,--,146,185858,买盘
1642,10:16:43,12.73,--,25,31825,买盘
1643,10:16:38,12.73,--,30,38190,买盘
1644,10:16:33,12.73,0.03,60,76380,买盘
1645,10:16:28,12.7,-0.02,110,139700,买盘
1646,10:16:23,12.72,0.02,217,276024,买盘
1647,10:16:18,12.7,--,110,139700,卖盘
1648,10:16:13,12.7,-0.02,5,6350,卖盘
1649,10:16:03,12.72,0.02,75,95400,买盘
1650,10:15:58,12.7,--,5,6350,买盘
1651,10:15:53,12.7,-0.03,22,27940,卖盘
1652,10:15:48,12.73,0.03,63,80199,买盘
1653,10:15:43,12.7,0.02,23,29210,卖盘
1654,10:15:38,12.68,--,0,0,卖盘
1655,10:15:33,12.68,-0.02,51,64668,卖盘
1656,10:15:28,12.7,0.01,47,59690,卖盘
1657,10:15:23,12.69,0.03,248,314712,买盘
1658,10:15:18,12.66,--,122,154452,卖盘
1659,10:15:12,12.66,--,12,15192,卖盘
1660,10:15:08,12.66,--,0,0,卖盘
1661,10:15:03,12.66,0.03,13,16458,买盘
1662,10:14:58,12.63,--,84,106092,卖盘
1663,10:14:53,12.63,--,12,15156,卖盘
1664,10:14:48,12.63,0.01,40,50520,中性盘
1665,10:14:43,12.62,--,50,63099,卖盘
1666,10:14:38,12.62,--,7,8834,卖盘
1667,10:14:33,12.62,--,7,8834,买盘
1668,10:14:28,12.62,0.01,8,10096,买盘
1669,10:14:22,12.61,-0.05,179,225719,卖盘
1670,10:14:18,12.66,--,41,51906,卖盘
1671,10:14:12,12.66,-0.02,25,31650,卖盘
1672,10:14:08,12.68,-0.01,117,148356,卖盘
1673,10:14:03,12.69,--,11,13959,卖盘
1674,10:13:57,12.69,--,10,12690,卖盘
1675,10:13:48,12.69,-0.04,107,135783,卖盘
1676,10:13:43,12.73,0.01,32,40736,买盘
1677,10:13:38,12.72,-0.01,3,3816,卖盘
1678,10:13:33,12.73,--,39,49647,买盘
1679,10:13:27,12.73,--,18,22914,买盘
1680,10:13:23,12.73,--,52,66196,卖盘
1681,10:13:18,12.73,--,146,185858,卖盘
1682,10:13:13,12.73,-0.02,27,34371,卖盘
1683,10:13:03,12.75,--,298,379950,买盘
1684,10:12:58,12.75,-0.03,223,284325,卖盘
1685,10:12:53,12.78,0.01,10,12780,中性盘
1686,10:12:48,12.77,-0.01,6,7662,卖盘
1687,10:12:42,12.78,--,60,76680,卖盘
1688,10:12:38,12.78,--,3,3834,卖盘
1689,10:12:33,12.78,--,155,198090,买盘
1690,10:12:22,12.78,0.01,10,12780,买盘
1691,10:12:13,12.77,-0.01,10,12770,卖盘
1692,10:12:07,12.78,--,3,3834,买盘
1693,10:12:02,12.78,--,189,241542,买盘
1694,10:11:57,12.78,-0.01,110,140580,卖盘
1695,10:11:52,12.79,--,11,14068,买盘
1696,10:11:43,12.79,0.02,19,24301,买盘
1697,10:11:37,12.77,--,0,0,卖盘
1698,10:11:32,12.77,-0.03,20,25540,卖盘
1699,10:11:27,12.8,--,37,47360,买盘
1700,10:11:22,12.8,0.01,116,148480,买盘
1701,10:11:17,12.79,--,7,8953,买盘
1702,10:11:12,12.79,-0.01,64,81856,中性盘
1703,10:11:06,12.8,--,17,21760,买盘
1704,10:10:57,12.8,--,0,0,买盘
1705,10:10:52,12.8,0.02,100,128000,买盘
1706,10:10:42,12.78,0.01,103,131634,买盘
1707,10:10:37,12.77,--,5,6385,卖盘
1708,10:10:32,12.77,-0.01,10,12770,买盘
1709,10:10:27,12.78,--,0,0,买盘
1710,10:10:22,12.78,0.02,143,182754,买盘
1711,10:10:12,12.76,--,113,144188,买盘
1712,10:10:07,12.76,--,10,12760,买盘
1713,10:10:02,12.76,--,76,96976,买盘
1714,10:09:57,12.76,0.01,1,1276,买盘
1715,10:09:52,12.75,-0.01,68,86700,卖盘
1716,10:09:47,12.76,--,49,62524,卖盘
1717,10:09:42,12.76,-0.04,11,14036,卖盘
1718,10:09:37,12.8,0.03,36,46080,买盘
1719,10:09:32,12.77,--,0,0,中性盘
1720,10:09:27,12.77,-0.01,35,44695,中性盘
1721,10:09:22,12.78,0.01,33,42174,买盘
1722,10:09:17,12.77,-0.01,17,21709,卖盘
1723,10:09:12,12.78,0.01,11,14058,买盘
1724,10:09:07,12.77,-0.01,30,38310,卖盘
1725,10:09:02,12.78,-0.01,121,154638,卖盘
1726,10:08:57,12.79,0.02,2,2558,买盘
1727,10:08:52,12.77,-0.03,89,113653,卖盘
1728,10:08:42,12.8,--,86,110080,买盘
1729,10:08:36,12.8,--,71,90880,买盘
1730,10:08:27,12.8,--,192,245760,卖盘
1731,10:08:21,12.8,--,1,1280,卖盘
1732,10:08:17,12.8,--,20,25600,卖盘
1733,10:08:12,12.8,-0.01,61,78080,卖盘
1734,10:08:06,12.81,0.02,63,80703,买盘
1735,10:08:02,12.79,-0.01,30,38370,卖盘
1736,10:07:57,12.8,-0.02,77,98560,卖盘
1737,10:07:51,12.82,0.02,5,6410,中性盘
1738,10:07:47,12.8,--,10,12800,卖盘
1739,10:07:42,12.8,--,21,26880,买盘
1740,10:07:36,12.8,0.02,200,256000,买盘
1741,10:07:31,12.78,-0.01,50,63900,卖盘
1742,10:07:27,12.79,-0.01,163,208477,中性盘
1743,10:07:21,12.8,--,429,549120,买盘
1744,10:07:17,12.8,--,14,17920,买盘
1745,10:07:12,12.8,--,51,65280,买盘
1746,10:07:06,12.8,-0.03,6,7680,卖盘
1747,10:07:02,12.83,0.02,11,14113,买盘
1748,10:06:57,12.81,0.03,6,7686,买盘
1749,10:06:51,12.78,-0.01,10,12780,卖盘
1750,10:06:47,12.79,-0.01,38,48602,卖盘
1751,10:06:42,12.8,0.02,155,198400,买盘
1752,10:06:32,12.78,--,60,76680,买盘
1753,10:06:27,12.78,0.03,46,58788,买盘
1754,10:06:21,12.75,0.01,6,7650,卖盘
1755,10:06:17,12.74,--,0,0,卖盘
1756,10:06:12,12.74,-0.03,16,20384,中性盘
1757,10:06:06,12.77,0.02,17,21709,买盘
1758,10:06:02,12.75,0.02,12,15300,买盘
1759,10:05:57,12.73,--,55,70015,买盘
1760,10:05:51,12.73,-0.02,445,566485,卖盘
1761,10:05:47,12.75,--,164,209100,买盘
1762,10:05:42,12.75,0.01,210,267750,买盘
1763,10:05:36,12.74,0.01,5,6370,买盘
1764,10:05:32,12.73,--,9,11457,买盘
1765,10:05:26,12.73,0.01,6,7638,买盘
1766,10:05:21,12.72,--,10,12720,卖盘
1767,10:05:11,12.72,--,25,31800,卖盘
1768,10:05:06,12.72,--,50,63600,卖盘
1769,10:05:01,12.72,--,27,34344,买盘
1770,10:04:56,12.72,--,16,20352,买盘
1771,10:04:41,12.72,--,3,3816,买盘
1772,10:04:36,12.72,0.02,30,38160,买盘
1773,10:04:26,12.7,-0.02,29,36830,卖盘
1774,10:04:21,12.72,--,64,81408,卖盘
1775,10:04:11,12.72,0.01,51,64872,买盘
1776,10:04:06,12.71,--,137,174127,买盘
1777,10:04:01,12.71,-0.01,7,8897,卖盘
1778,10:03:56,12.72,0.02,27,34344,买盘
1779,10:03:36,12.7,-0.01,30,38100,卖盘
1780,10:03:31,12.71,0.01,115,146165,买盘
1781,10:03:26,12.7,0.01,75,95250,买盘
1782,10:03:21,12.69,-0.01,18,22842,卖盘
1783,10:03:11,12.7,--,2,2540,买盘
1784,10:03:06,12.7,0.01,50,63500,买盘
1785,10:03:01,12.69,--,70,89464,买盘
1786,10:02:56,12.69,--,15,19035,买盘
1787,10:02:51,12.69,0.01,10,12690,买盘
1788,10:02:36,12.68,0.02,283,358844,买盘
1789,10:02:31,12.66,0.01,124,156984,买盘
1790,10:02:16,12.65,--,9,11385,买盘
1791,10:02:11,12.65,0.02,50,63250,买盘
1792,10:02:06,12.63,--,0,0,卖盘
1793,10:02:01,12.63,--,24,30312,卖盘
1794,10:01:56,12.63,--,12,15156,卖盘
1795,10:01:51,12.63,--,0,0,卖盘
1796,10:01:45,12.63,--,0,0,卖盘
1797,10:01:41,12.63,0.01,50,63150,买盘
1798,10:01:36,12.62,--,40,50480,卖盘
1799,10:01:30,12.62,-0.02,14,17668,卖盘
1800,10:01:26,12.64,--,2,2528,买盘
1801,10:01:21,12.64,0.02,10,12640,买盘
1802,10:01:15,12.62,0.01,34,42908,卖盘
1803,10:01:11,12.61,--,0,0,卖盘
1804,10:01:06,12.61,-0.03,33,41613,卖盘
1805,10:01:00,12.64,0.03,17,21488,买盘
1806,10:00:56,12.61,-0.03,20,25220,买盘
1807,10:00:51,12.64,--,0,0,买盘
1808,10:00:45,12.64,0.03,192,242688,买盘
1809,10:00:41,12.61,--,20,25220,卖盘
1810,10:00:36,12.61,--,14,17654,买盘
1811,10:00:30,12.61,--,19,23959,买盘
1812,10:00:26,12.61,0.01,5,6305,买盘
1813,10:00:15,12.6,-0.02,59,74352,卖盘
1814,10:00:00,12.62,--,28,35336,买盘
1815,09:59:55,12.62,-0.01,104,131248,卖盘
1816,09:59:51,12.63,0.01,12,15156,买盘
1817,09:59:41,12.62,--,10,12620,卖盘
1818,09:59:36,12.62,-0.01,77,98423,卖盘
1819,09:59:30,12.63,-0.03,17,21471,卖盘
1820,09:59:26,12.66,--,19,24054,买盘
1821,09:59:21,12.66,--,4,5064,买盘
1822,09:59:15,12.66,0.03,8,10128,中性盘
1823,09:59:00,12.63,-0.02,62,78318,卖盘
1824,09:58:56,12.65,--,0,0,卖盘
1825,09:58:50,12.65,--,2,2530,买盘
1826,09:58:35,12.65,--,24,30360,买盘
1827,09:58:30,12.65,--,9,11385,买盘
1828,09:58:25,12.65,--,18,22770,买盘
1829,09:58:20,12.65,-0.03,264,333960,卖盘
1830,09:58:15,12.68,--,0,0,中性盘
1831,09:58:10,12.68,--,0,0,中性盘
1832,09:58:05,12.68,--,100,126800,买盘
1833,09:58:00,12.68,--,56,71008,买盘
1834,09:57:55,12.68,--,21,26628,买盘
1835,09:57:50,12.68,-0.01,4,5072,卖盘
1836,09:57:45,12.69,--,34,43146,买盘
1837,09:57:40,12.69,--,50,63450,买盘
1838,09:57:30,12.69,--,128,162432,买盘
1839,09:57:25,12.69,0.01,44,55836,买盘
1840,09:57:20,12.68,--,80,101440,卖盘
1841,09:57:15,12.68,--,19,24092,卖盘
1842,09:57:05,12.68,-0.01,40,50720,中性盘
1843,09:57:00,12.69,0.01,160,203040,买盘
1844,09:56:55,12.68,0.03,21,26628,买盘
1845,09:56:50,12.65,0.02,20,25300,卖盘
1846,09:56:40,12.63,--,0,0,卖盘
1847,09:56:35,12.63,-0.05,120,151560,卖盘
1848,09:56:30,12.68,--,19,24092,卖盘
1849,09:56:25,12.68,0.05,60,76080,买盘
1850,09:56:15,12.63,-0.04,8,10104,卖盘
1851,09:56:10,12.67,-0.01,3,3801,中性盘
1852,09:56:04,12.68,--,60,76080,买盘
1853,09:56:00,12.68,--,52,65936,买盘
1854,09:55:55,12.68,0.05,21,26628,买盘
1855,09:55:50,12.63,-0.05,42,53046,卖盘
1856,09:55:45,12.68,-0.01,3,3804,中性盘
1857,09:55:40,12.69,0.01,208,263952,买盘
1858,09:55:35,12.68,--,3,3804,买盘
1859,09:55:25,12.68,0.03,47,59596,买盘
1860,09:55:19,12.65,--,15,18975,卖盘
1861,09:55:15,12.65,-0.03,32,40480,卖盘
1862,09:55:09,12.68,--,0,0,买盘
1863,09:55:05,12.68,0.04,190,240920,买盘
1864,09:54:54,12.64,0.02,21,26544,买盘
1865,09:54:45,12.62,-0.02,7,8834,卖盘
1866,09:54:39,12.64,--,5,6320,买盘
1867,09:54:35,12.64,0.06,50,63200,买盘
1868,09:54:30,12.58,-0.05,70,88060,卖盘
1869,09:54:24,12.63,0.01,21,26523,买盘
1870,09:54:20,12.62,0.02,4,5048,买盘
1871,09:54:15,12.6,0.02,17,21420,买盘
1872,09:54:09,12.58,--,10,12580,卖盘
1873,09:54:05,12.58,-0.02,40,50320,卖盘
1874,09:54:00,12.6,--,3,3780,买盘
1875,09:53:54,12.6,--,39,49140,买盘
1876,09:53:50,12.6,--,21,26460,买盘
1877,09:53:45,12.6,--,3,3780,买盘
1878,09:53:39,12.6,-0.03,199,250740,卖盘
1879,09:53:30,12.63,--,23,29049,买盘
1880,09:53:24,12.63,-0.01,79,99777,买盘
1881,09:53:15,12.64,--,0,0,买盘
1882,09:53:09,12.64,--,0,0,买盘
1883,09:53:05,12.64,-0.01,110,139040,卖盘
1884,09:52:54,12.65,-0.01,33,41745,卖盘
1885,09:52:50,12.66,--,18,22788,买盘
1886,09:52:45,12.66,0.01,18,22788,买盘
1887,09:52:39,12.65,-0.01,54,68310,卖盘
1888,09:52:30,12.66,-0.02,20,25320,卖盘
1889,09:52:24,12.68,--,21,26628,买盘
1890,09:52:15,12.68,--,14,17752,买盘
1891,09:52:09,12.68,0.02,127,161036,买盘
1892,09:52:05,12.66,-0.03,10,12660,卖盘
1893,09:52:00,12.69,0.01,40,50760,买盘
1894,09:51:54,12.68,--,51,64668,买盘
1895,09:51:50,12.68,-0.01,2,2536,买盘
1896,09:51:44,12.69,--,0,0,买盘
1897,09:51:39,12.69,0.04,2,2538,买盘
1898,09:51:29,12.65,-0.03,130,164450,卖盘
1899,09:51:24,12.68,--,164,207952,买盘
1900,09:51:14,12.68,0.03,5,6340,买盘
1901,09:51:09,12.65,-0.03,23,29095,中性盘
1902,09:51:04,12.68,0.03,44,55792,买盘
1903,09:50:59,12.65,--,200,253000,买盘
1904,09:50:54,12.65,--,81,102465,买盘
1905,09:50:49,12.65,--,86,108790,买盘
1906,09:50:44,12.65,-0.01,117,148005,卖盘
1907,09:50:39,12.66,0.01,75,94950,买盘
1908,09:50:24,12.65,0.04,10,12650,买盘
1909,09:50:19,12.61,0.03,43,54223,买盘
1910,09:50:14,12.58,0.01,14,17612,买盘
1911,09:50:09,12.57,0.01,10,12570,买盘
1912,09:50:04,12.56,--,32,40192,买盘
1913,09:49:59,12.56,--,64,80384,买盘
1914,09:49:54,12.56,0.01,184,231104,买盘
1915,09:49:44,12.55,-0.01,270,338850,卖盘
1916,09:49:39,12.56,--,265,332840,买盘
1917,09:49:34,12.56,--,21,26376,买盘
1918,09:49:29,12.56,0.01,5,6280,买盘
1919,09:49:24,12.55,--,22,27610,卖盘
1920,09:49:19,12.55,--,3,3765,卖盘
1921,09:49:14,12.55,0.01,129,161907,买盘
1922,09:49:09,12.54,-0.01,57,71478,卖盘
1923,09:49:04,12.55,--,15,18825,买盘
1924,09:48:59,12.55,--,74,92870,买盘
1925,09:48:54,12.55,--,19,23845,买盘
1926,09:48:49,12.55,--,26,32630,买盘
1927,09:48:44,12.55,0.04,9,11295,买盘
1928,09:48:39,12.51,--,103,128853,卖盘
1929,09:48:29,12.51,-0.03,17,21267,卖盘
1930,09:48:24,12.54,0.01,19,23826,买盘
1931,09:48:19,12.53,-0.02,11,13783,卖盘
1932,09:48:09,12.55,0.02,86,107930,买盘
1933,09:48:03,12.53,-0.02,2,2506,卖盘
1934,09:47:59,12.55,--,20,25100,买盘
1935,09:47:48,12.55,--,110,138050,买盘
1936,09:47:44,12.55,0.05,108,135540,买盘
1937,09:47:39,12.5,-0.03,140,175000,卖盘
1938,09:47:33,12.53,--,40,50120,买盘
1939,09:47:24,12.53,--,23,28819,买盘
1940,09:47:18,12.53,0.03,31,38843,买盘
1941,09:47:14,12.5,--,0,0,卖盘
1942,09:47:09,12.5,--,7,8750,卖盘
1943,09:47:03,12.5,--,59,73750,卖盘
1944,09:46:54,12.5,-0.01,36,45000,卖盘
1945,09:46:39,12.51,-0.03,100,125100,卖盘
1946,09:46:33,12.54,-0.01,10,12540,买盘
1947,09:46:28,12.55,--,0,0,买盘
1948,09:46:24,12.55,0.04,98,122990,买盘
1949,09:46:18,12.51,-0.03,36,45036,卖盘
1950,09:46:14,12.54,0.02,1,1254,买盘
1951,09:46:09,12.52,0.01,3,3756,买盘
1952,09:46:03,12.51,-0.03,46,57546,卖盘
1953,09:45:59,12.54,-0.01,6,7523,卖盘
1954,09:45:54,12.55,0.04,2,2510,买盘
1955,09:45:48,12.51,--,0,0,卖盘
1956,09:45:39,12.51,-0.04,135,168885,卖盘
1957,09:45:33,12.55,0.03,10,12550,买盘
1958,09:45:29,12.52,-0.03,12,15024,中性盘
1959,09:45:24,12.55,0.03,47,58985,买盘
1960,09:45:18,12.52,--,2,2504,买盘
1961,09:45:14,12.52,--,72,90144,卖盘
1962,09:45:08,12.52,-0.03,2,2504,卖盘
1963,09:45:03,12.55,--,9,11295,买盘
1964,09:44:48,12.55,--,50,62750,买盘
1965,09:44:43,12.55,--,157,197035,买盘
1966,09:44:38,12.55,--,66,82830,买盘
1967,09:44:33,12.55,-0.01,28,35140,中性盘
1968,09:44:28,12.56,--,32,40192,买盘
1969,09:44:23,12.56,--,105,131880,买盘
1970,09:44:18,12.56,--,9,11304,买盘
1971,09:44:13,12.56,0.01,33,41448,买盘
1972,09:44:08,12.55,0.04,100,125500,买盘
1973,09:44:03,12.51,-0.03,20,25020,卖盘
1974,09:43:53,12.54,0.04,8,10032,买盘
1975,09:43:48,12.5,0.03,24,30000,买盘
1976,09:43:43,12.47,-0.03,100,124700,卖盘
1977,09:43:38,12.5,0.02,130,162500,买盘
1978,09:43:33,12.48,0.02,11,13728,中性盘
1979,09:43:23,12.46,-0.02,105,130830,卖盘
1980,09:43:18,12.48,0.03,530,661440,买盘
1981,09:43:13,12.45,0.01,4,4980,卖盘
1982,09:43:08,12.44,--,405,503820,卖盘
1983,09:43:03,12.44,-0.01,259,322196,卖盘
1984,09:42:58,12.45,--,10,12450,买盘
1985,09:42:53,12.45,0.03,264,328680,买盘
1986,09:42:48,12.42,-0.02,84,104328,卖盘
1987,09:42:43,12.44,--,13,16172,买盘
1988,09:42:38,12.44,0.02,122,151768,买盘
1989,09:42:33,12.42,0.01,51,63342,卖盘
1990,09:42:23,12.41,-0.03,139,172499,卖盘
1991,09:42:18,12.44,--,20,24880,买盘
1992,09:42:13,12.44,0.04,29,36076,买盘
1993,09:42:08,12.4,-0.01,63,78120,卖盘
1994,09:42:03,12.41,--,60,74460,卖盘
1995,09:41:58,12.41,0.01,104,129064,买盘
1996,09:41:53,12.4,0.02,451,559240,卖盘
1997,09:41:48,12.38,-0.02,279,345402,卖盘
1998,09:41:43,12.4,--,15,18600,买盘
1999,09:41:38,12.4,--,28,34720,买盘
2000,09:41:33,12.4,-0.05,115,142600,卖盘
2001,09:41:27,12.45,-0.01,459,571455,卖盘
2002,09:41:23,12.46,-0.02,35,43610,卖盘
2003,09:41:18,12.48,--,105,131040,买盘
2004,09:41:12,12.48,-0.02,12,14976,中性盘
2005,09:41:08,12.5,--,1,1250,买盘
2006,09:41:03,12.5,-0.01,89,111250,卖盘
2007,09:40:57,12.51,-0.04,23,28773,买盘
2008,09:40:48,12.55,0.01,167,209585,买盘
2009,09:40:42,12.54,-0.01,162,203148,卖盘
2010,09:40:38,12.55,-0.01,171,214605,买盘
2011,09:40:33,12.56,--,795,998520,买盘
2012,09:40:27,12.56,--,439,551384,买盘
2013,09:40:23,12.56,--,300,376800,买盘
2014,09:40:18,12.56,-0.02,232,291392,卖盘
2015,09:40:12,12.58,--,11,13838,卖盘
2016,09:40:08,12.58,-0.01,6,7548,卖盘
2017,09:40:03,12.59,--,21,26439,买盘
2018,09:39:57,12.59,--,34,42806,买盘
2019,09:39:52,12.59,--,8,10072,买盘
2020,09:39:48,12.59,-0.01,15,18885,卖盘
2021,09:39:42,12.6,0.01,142,178920,中性盘
2022,09:39:38,12.59,--,168,211512,卖盘
2023,09:39:33,12.59,--,140,176260,卖盘
2024,09:39:27,12.59,--,16,20144,卖盘
2025,09:39:23,12.59,--,77,96943,卖盘
2026,09:39:18,12.59,--,11,13849,买盘
2027,09:39:12,12.59,0.03,147,185073,买盘
2028,09:39:08,12.56,-0.03,33,41448,卖盘
2029,09:39:03,12.59,--,106,133454,买盘
2030,09:38:57,12.59,--,47,59173,买盘
2031,09:38:48,12.59,0.03,30,37770,买盘
2032,09:38:42,12.56,-0.04,28,35168,卖盘
2033,09:38:38,12.6,--,10,12600,买盘
2034,09:38:33,12.6,--,26,32760,买盘
2035,09:38:27,12.6,--,25,31500,卖盘
2036,09:38:22,12.6,--,40,50400,卖盘
2037,09:38:12,12.6,-0.03,350,441000,卖盘
2038,09:38:07,12.63,-0.03,16,20208,卖盘
2039,09:38:02,12.66,0.01,142,179772,中性盘
2040,09:37:57,12.65,0.02,464,586960,买盘
2041,09:37:52,12.63,-0.01,119,150297,卖盘
2042,09:37:47,12.64,--,58,73312,卖盘
2043,09:37:42,12.64,-0.01,68,85952,卖盘
2044,09:37:37,12.65,--,55,69575,买盘
2045,09:37:32,12.65,--,40,50600,买盘
2046,09:37:27,12.65,--,306,387090,卖盘
2047,09:37:17,12.65,-0.04,50,63250,卖盘
2048,09:37:12,12.69,--,40,50760,买盘
2049,09:37:07,12.69,0.06,51,64719,买盘
2050,09:37:02,12.63,-0.01,200,252600,卖盘
2051,09:36:57,12.64,-0.05,72,91008,卖盘
2052,09:36:52,12.69,--,8,10152,买盘
2053,09:36:47,12.69,0.04,161,204309,买盘
2054,09:36:42,12.65,--,53,67045,买盘
2055,09:36:37,12.65,--,30,37950,买盘
2056,09:36:32,12.65,--,180,228952,卖盘
2057,09:36:27,12.65,--,135,170775,卖盘
2058,09:36:22,12.65,-0.04,106,134090,卖盘
2059,09:36:17,12.69,0.04,37,46953,买盘
2060,09:36:12,12.65,-0.04,72,91080,卖盘
2061,09:36:07,12.69,--,15,19035,买盘
2062,09:36:02,12.69,0.03,201,255069,买盘
2063,09:35:57,12.66,-0.03,31,39246,卖盘
2064,09:35:47,12.69,0.01,75,95175,买盘
2065,09:35:42,12.68,-0.01,91,115388,中性盘
2066,09:35:37,12.69,--,32,40608,买盘
2067,09:35:32,12.69,--,36,45684,买盘
2068,09:35:27,12.69,0.03,22,27930,买盘
2069,09:35:22,12.66,-0.04,56,72149,卖盘
2070,09:35:17,12.7,0.03,112,142252,买盘
2071,09:35:12,12.67,-0.03,73,92491,卖盘
2072,09:35:07,12.7,--,31,39370,买盘
2073,09:35:02,12.7,0.01,130,165100,买盘
2074,09:34:57,12.69,0.03,19,24111,中性盘
2075,09:34:52,12.66,-0.04,100,126600,卖盘
2076,09:34:47,12.7,--,65,82550,买盘
2077,09:34:42,12.7,-0.01,104,132080,卖盘
2078,09:34:36,12.71,--,43,54653,买盘
2079,09:34:32,12.71,--,96,122016,买盘
2080,09:34:27,12.71,-0.02,103,130913,卖盘
2081,09:34:21,12.73,0.01,118,150214,买盘
2082,09:34:17,12.72,--,53,67416,买盘
2083,09:34:12,12.72,--,42,53424,卖盘
2084,09:34:06,12.72,-0.01,113,143736,卖盘
2085,09:34:02,12.73,0.01,164,208772,买盘
2086,09:33:57,12.72,--,97,123384,买盘
2087,09:33:51,12.72,--,36,45792,买盘
2088,09:33:47,12.72,0.02,72,91584,买盘
2089,09:33:42,12.7,-0.03,21,26670,中性盘
2090,09:33:36,12.73,--,13,16549,买盘
2091,09:33:31,12.73,--,128,162944,买盘
2092,09:33:27,12.73,--,268,341164,买盘
2093,09:33:21,12.73,-0.01,57,72561,中性盘
2094,09:33:17,12.74,--,42,53508,买盘
2095,09:33:12,12.74,0.09,118,150332,中性盘
2096,09:33:06,12.65,-0.11,15,18975,卖盘
2097,09:33:01,12.76,0.13,114,145464,买盘
2098,09:32:57,12.63,--,184,232392,中性盘
2099,09:32:51,12.63,-0.01,474,598662,卖盘
2100,09:32:47,12.64,--,61,77104,卖盘
2101,09:32:42,12.64,--,0,0,中性盘
2102,09:32:36,12.64,-0.02,8,10112,中性盘
2103,09:32:32,12.66,0.01,46,58236,买盘
2104,09:32:27,12.65,0.01,275,347875,买盘
2105,09:32:21,12.64,-0.02,236,298304,卖盘
2106,09:32:17,12.66,--,168,212688,买盘
2107,09:32:12,12.66,--,4,5064,买盘
2108,09:32:06,12.66,-0.01,210,265860,中性盘
2109,09:32:02,12.67,0.02,150,190050,买盘
2110,09:31:57,12.65,-0.02,267,337755,卖盘
2111,09:31:51,12.67,--,127,160909,买盘
2112,09:31:47,12.67,0.02,159,201453,买盘
2113,09:31:42,12.65,-0.02,36,45540,卖盘
2114,09:31:36,12.67,0.03,110,139370,买盘
2115,09:31:32,12.64,-0.03,27,34128,买盘
2116,09:31:27,12.67,0.02,93,117831,买盘
2117,09:31:21,12.65,0.05,389,492085,买盘
2118,09:31:16,12.6,--,57,71820,卖盘
2119,09:31:12,12.6,--,229,289170,买盘
2120,09:31:06,12.6,--,110,138600,买盘
2121,09:31:01,12.6,--,52,65520,买盘
2122,09:30:57,12.6,0.01,252,317520,买盘
2123,09:30:51,12.59,0.03,174,219066,买盘
2124,09:30:46,12.56,0.01,16,20096,中性盘
2125,09:30:41,12.55,--,52,65260,买盘
2126,09:30:36,12.55,--,12,15060,买盘
2127,09:30:30,12.55,--,20,25100,买盘
2128,09:30:25,12.55,--,0,0,买盘
2129,09:30:21,12.55,0.1,15,18825,买盘
2130,09:30:11,12.45,--,55,68475,买盘
2131,09:30:06,12.45,0.14,406,505470,买盘
2132,09:28:51,12.31,--,0,0,卖盘
2133,09:25:04,12.31,12.31,996,1226076,买盘
