,time,price,change,volume,amount,type
0,15:00:00,17.04,--,0,0,卖盘
1,15:00:00,17.04,-0.01,0,0,卖盘
2,15:00:00,17.05,-0.01,35,59947,卖盘
3,14:59:56,17.06,0.03,10,17060,买盘
4,14:59:51,17.03,--,0,0,卖盘
5,14:59:45,17.03,-0.02,231,393393,卖盘
6,14:59:41,17.05,--,24,40920,买盘
7,14:59:36,17.05,0.02,77,131285,买盘
8,14:59:30,17.03,-0.01,346,589238,卖盘
9,14:59:26,17.04,0.01,10,17040,中性盘
10,14:59:21,17.03,-0.03,5,8515,卖盘
11,14:59:15,17.06,--,34,58003,买盘
12,14:59:11,17.06,--,17,29001,买盘
13,14:59:06,17.06,0.03,1,1705,买盘
14,14:59:00,17.03,-0.03,330,562875,卖盘
15,14:58:56,17.06,--,4,6823,卖盘
16,14:58:51,17.06,0.04,1837,3134928,买盘
17,14:58:45,17.02,--,75,129317,卖盘
18,14:58:41,17.02,-0.01,7,11914,卖盘
19,14:58:36,17.03,--,4,6812,买盘
20,14:58:30,17.03,--,236,401908,卖盘
21,14:58:26,17.03,0.01,2,3406,卖盘
22,14:58:21,17.02,-0.01,349,594066,卖盘
23,14:58:15,17.03,--,117,199251,买盘
24,14:58:11,17.03,--,120,204360,买盘
25,14:58:06,17.03,--,66,112398,买盘
26,14:58:00,17.03,--,46,78338,买盘
27,14:57:55,17.03,--,61,103883,买盘
28,14:57:50,17.03,0.01,17,28951,买盘
29,14:57:45,17.02,-0.01,35,59570,卖盘
30,14:57:40,17.03,--,66,112398,买盘
31,14:57:36,17.03,--,60,102180,买盘
32,14:57:30,17.03,-0.01,505,861649,卖盘
33,14:57:25,17.04,--,238,405552,买盘
34,14:57:20,17.04,-0.01,63,108050,卖盘
35,14:57:15,17.05,0.01,44,75020,买盘
36,14:57:09,17.04,-0.01,70,120285,卖盘
37,14:57:05,17.05,0.01,6,10230,买盘
38,14:57:00,17.04,-0.01,1,1704,卖盘
39,14:56:54,17.05,0.01,33,56265,买盘
40,14:56:45,17.04,--,15,25560,卖盘
41,14:56:39,17.04,--,159,270936,买盘
42,14:56:35,17.04,--,292,497568,买盘
43,14:56:30,17.04,--,24,40896,买盘
44,14:56:24,17.04,0.01,318,541872,买盘
45,14:56:15,17.03,--,30,51090,卖盘
46,14:56:09,17.03,--,74,126090,买盘
47,14:56:05,17.03,--,49,83447,买盘
48,14:56:00,17.03,--,50,85150,买盘
49,14:55:54,17.03,0.01,161,275749,买盘
50,14:55:50,17.02,-0.01,67,114034,卖盘
51,14:55:45,17.03,--,31,52793,买盘
52,14:55:39,17.03,0.01,46,78338,买盘
53,14:55:35,17.02,-0.01,25,42550,卖盘
54,14:55:30,17.03,--,160,272480,买盘
55,14:55:24,17.03,--,83,141349,买盘
56,14:55:20,17.03,--,5,8515,买盘
57,14:55:15,17.03,0.01,45,76635,买盘
58,14:55:09,17.02,--,41,69782,卖盘
59,14:55:05,17.02,-0.01,27,45954,卖盘
60,14:55:00,17.03,--,142,241826,买盘
61,14:54:54,17.03,--,75,129359,卖盘
62,14:54:50,17.03,--,1,1703,卖盘
63,14:54:45,17.03,--,54,91962,卖盘
64,14:54:39,17.03,0.01,488,831132,买盘
65,14:54:35,17.02,-0.01,14,23828,卖盘
66,14:54:30,17.03,-0.01,93,159060,卖盘
67,14:54:24,17.04,--,53,90312,买盘
68,14:54:20,17.04,--,64,110078,买盘
69,14:54:15,17.04,--,166,282864,买盘
70,14:54:09,17.04,0.01,110,187440,买盘
71,14:54:05,17.03,-0.01,67,114101,卖盘
72,14:54:00,17.04,0.01,96,163584,买盘
73,14:53:54,17.03,-0.01,153,260559,卖盘
74,14:53:50,17.04,0.01,21,35784,买盘
75,14:53:45,17.03,--,26,44278,卖盘
76,14:53:39,17.03,--,95,161785,卖盘
77,14:53:35,17.03,-0.01,179,304837,卖盘
78,14:53:30,17.04,--,62,105648,买盘
79,14:53:24,17.04,--,64,109056,买盘
80,14:53:20,17.04,--,6,10224,买盘
81,14:53:15,17.04,-0.01,28,47712,卖盘
82,14:53:09,17.05,0.02,16,27280,买盘
83,14:53:05,17.03,-0.02,91,154973,卖盘
84,14:53:00,17.05,0.01,8,13640,买盘
85,14:52:54,17.04,-0.01,57,97128,卖盘
86,14:52:50,17.05,--,1390,2369950,买盘
87,14:52:45,17.05,--,1,1705,买盘
88,14:52:39,17.05,0.01,48,81840,买盘
89,14:52:35,17.04,--,103,175512,卖盘
90,14:52:30,17.04,-0.01,4,6816,卖盘
91,14:52:24,17.05,--,39,66495,买盘
92,14:52:20,17.05,-0.01,131,223355,卖盘
93,14:52:15,17.06,-0.01,5,8530,卖盘
94,14:52:09,17.07,0.01,109,186063,买盘
95,14:52:05,17.06,--,136,232015,卖盘
96,14:52:00,17.06,--,5,8530,卖盘
97,14:51:54,17.06,0.02,779,1328974,买盘
98,14:51:49,17.04,--,232,395328,卖盘
99,14:51:45,17.04,-0.01,17,28968,卖盘
100,14:51:39,17.05,0.01,15,25575,买盘
101,14:51:34,17.04,--,32,54528,卖盘
102,14:51:24,17.04,-0.01,33,56232,卖盘
103,14:51:20,17.05,0.01,317,540485,买盘
104,14:51:15,17.04,-0.01,201,342504,卖盘
105,14:51:09,17.05,0.01,25,42625,买盘
106,14:51:04,17.04,-0.01,113,192552,卖盘
107,14:50:59,17.05,--,49,83545,买盘
108,14:50:54,17.05,--,39,66495,买盘
109,14:50:49,17.05,0.02,32,54560,买盘
110,14:50:44,17.03,--,22,37466,卖盘
111,14:50:39,17.03,--,11,18733,卖盘
112,14:50:33,17.03,--,134,228202,卖盘
113,14:50:29,17.03,--,5,8515,卖盘
114,14:50:24,17.03,--,1486,2530658,买盘
115,14:50:18,17.03,0.01,2,3406,买盘
116,14:50:14,17.02,-0.01,25,42550,卖盘
117,14:50:09,17.03,--,123,209469,买盘
118,14:50:03,17.03,0.01,180,306540,买盘
119,14:49:59,17.02,-0.01,7,11914,卖盘
120,14:49:54,17.03,--,110,187330,买盘
121,14:49:48,17.03,--,61,103883,买盘
122,14:49:44,17.03,-0.01,137,233311,卖盘
123,14:49:39,17.04,--,407,693528,买盘
124,14:49:33,17.04,0.02,1398,2382192,买盘
125,14:49:29,17.02,-0.01,139,236578,卖盘
126,14:49:24,17.03,0.01,7,11921,买盘
127,14:49:18,17.02,-0.01,79,134458,卖盘
128,14:49:14,17.03,0.01,12,20436,买盘
129,14:49:09,17.02,--,105,178710,买盘
130,14:49:03,17.02,--,98,166796,卖盘
131,14:48:59,17.02,-0.01,41,69782,卖盘
132,14:48:54,17.03,0.01,227,386581,买盘
133,14:48:48,17.02,-0.01,224,381248,卖盘
134,14:48:39,17.03,0.01,11,18733,买盘
135,14:48:33,17.02,-0.01,1641,2792982,卖盘
136,14:48:29,17.03,--,78,132834,卖盘
137,14:48:24,17.03,--,121,206063,卖盘
138,14:48:18,17.03,-0.01,213,362739,卖盘
139,14:48:14,17.04,--,19,32376,买盘
140,14:48:09,17.04,--,110,187440,买盘
141,14:48:03,17.04,-0.03,43,73272,卖盘
142,14:47:59,17.07,0.02,2,3414,买盘
143,14:47:54,17.05,0.01,1034,1762970,买盘
144,14:47:48,17.04,-0.01,140,238560,卖盘
145,14:47:44,17.05,--,18,30690,买盘
146,14:47:39,17.05,0.01,80,136400,买盘
147,14:47:33,17.04,--,642,1093968,卖盘
148,14:47:29,17.04,-0.01,4,6816,卖盘
149,14:47:24,17.05,--,206,351230,买盘
150,14:47:18,17.05,0.01,55,93775,买盘
151,14:47:14,17.04,0.02,69,117576,买盘
152,14:47:09,17.02,--,119,202538,卖盘
153,14:47:03,17.02,-0.02,52,88504,卖盘
154,14:46:59,17.04,--,26,44304,买盘
155,14:46:54,17.04,--,148,252192,卖盘
156,14:46:48,17.04,-0.01,6,10224,卖盘
157,14:46:44,17.05,0.04,13,22165,买盘
158,14:46:39,17.01,-0.01,211,358911,卖盘
159,14:46:33,17.02,-0.03,541,920782,卖盘
160,14:46:29,17.05,0.02,50,85250,买盘
161,14:46:24,17.03,--,15,25545,买盘
162,14:46:18,17.03,--,42,71526,卖盘
163,14:46:14,17.03,0.02,21,35763,中性盘
164,14:46:09,17.01,--,1314,2235114,卖盘
165,14:46:03,17.01,--,183,311283,卖盘
166,14:45:59,17.01,--,357,607257,买盘
167,14:45:54,17.01,0.01,15,25515,买盘
168,14:45:48,17.0,--,39,66300,卖盘
169,14:45:44,17.0,--,668,1135600,买盘
170,14:45:39,17.0,--,266,452200,买盘
171,14:45:33,17.0,--,135,229500,买盘
172,14:45:29,17.0,0.01,184,312800,买盘
173,14:45:24,16.99,-0.01,51,86648,卖盘
174,14:45:18,17.0,--,1377,2340900,买盘
175,14:45:13,17.0,0.01,123,209100,买盘
176,14:45:09,16.99,--,30,50969,卖盘
177,14:45:03,16.99,--,1329,2257971,卖盘
178,14:44:59,16.99,--,271,460428,卖盘
179,14:44:54,16.99,--,60,103044,买盘
180,14:44:48,16.99,--,77,130822,买盘
181,14:44:43,16.99,-0.01,950,1614049,卖盘
182,14:44:38,17.0,0.01,1044,1774800,买盘
183,14:44:33,16.99,-0.03,1866,3171064,卖盘
184,14:44:27,17.02,0.01,2744,4670288,买盘
185,14:44:23,17.01,-0.01,19,32319,卖盘
186,14:44:18,17.02,0.01,104,177008,买盘
187,14:44:12,17.01,--,380,646380,买盘
188,14:44:08,17.01,-0.04,81,137781,卖盘
189,14:44:03,17.05,--,3184,5428720,买盘
190,14:43:57,17.05,0.02,24,40920,买盘
191,14:43:53,17.03,-0.01,544,927402,卖盘
192,14:43:48,17.04,-0.01,127,216408,卖盘
193,14:43:42,17.05,--,86,146630,买盘
194,14:43:38,17.05,-0.01,1919,3271895,卖盘
195,14:43:33,17.06,--,190,324140,卖盘
196,14:43:27,17.06,-0.01,9,15353,卖盘
197,14:43:23,17.07,--,11,18777,买盘
198,14:43:18,17.07,-0.02,1808,3086256,卖盘
199,14:43:12,17.09,-0.01,657,1122813,卖盘
200,14:43:08,17.1,-0.01,288,493164,卖盘
201,14:43:03,17.11,--,64,109504,买盘
202,14:42:57,17.11,-0.01,114,195054,买盘
203,14:42:53,17.12,0.02,1,1712,买盘
204,14:42:48,17.1,-0.01,556,950760,卖盘
205,14:42:42,17.11,--,35,59885,卖盘
206,14:42:38,17.11,--,10,17110,卖盘
207,14:42:33,17.11,--,10,17110,卖盘
208,14:42:27,17.11,-0.01,138,236118,卖盘
209,14:42:23,17.12,0.01,5,8560,买盘
210,14:42:18,17.11,--,263,451019,买盘
211,14:42:12,17.11,-0.04,316,541360,卖盘
212,14:42:08,17.15,0.03,69,118334,中性盘
213,14:42:03,17.12,-0.01,93,160243,卖盘
214,14:41:57,17.13,--,31,53103,买盘
215,14:41:53,17.13,--,2,3426,买盘
216,14:41:48,17.13,--,38,65093,买盘
217,14:41:42,17.13,-0.05,42,72631,卖盘
218,14:41:38,17.18,0.05,207,355626,买盘
219,14:41:33,17.13,--,10,18157,卖盘
220,14:41:27,17.13,-0.03,14,23982,卖盘
221,14:41:23,17.16,--,4,6864,买盘
222,14:41:18,17.16,-0.04,209,358644,卖盘
223,14:41:12,17.2,0.03,1002,1723440,买盘
224,14:41:07,17.17,0.04,181,310777,买盘
225,14:41:03,17.13,--,34,58242,卖盘
226,14:40:57,17.13,-0.06,13,22269,卖盘
227,14:40:52,17.19,--,0,0,买盘
228,14:40:48,17.19,--,331,569246,卖盘
229,14:40:42,17.19,0.07,980,1686081,买盘
230,14:40:38,17.12,--,13,22256,卖盘
231,14:40:33,17.12,--,53,90736,买盘
232,14:40:27,17.12,0.02,338,578656,买盘
233,14:40:23,17.1,--,25,42750,卖盘
234,14:40:18,17.1,-0.01,90,153900,中性盘
235,14:40:12,17.11,0.02,326,557786,买盘
236,14:40:07,17.09,-0.02,20,34180,中性盘
237,14:40:03,17.11,0.03,54,93882,买盘
238,14:39:57,17.08,-0.02,273,466506,卖盘
239,14:39:52,17.1,--,99,169290,卖盘
240,14:39:48,17.1,0.02,2424,4146527,买盘
241,14:39:42,17.08,0.02,687,1173395,买盘
242,14:39:37,17.06,-0.02,8,13647,卖盘
243,14:39:33,17.08,0.01,111,189587,买盘
244,14:39:27,17.07,-0.01,22,37554,卖盘
245,14:39:22,17.08,0.03,239,408211,买盘
246,14:39:18,17.05,-0.02,600,1023000,卖盘
247,14:39:12,17.07,0.01,1125,1920375,买盘
248,14:39:08,17.06,-0.01,403,687518,卖盘
249,14:39:02,17.07,0.01,50,85350,买盘
250,14:38:57,17.06,-0.01,102,174012,卖盘
251,14:38:52,17.07,--,123,209961,买盘
252,14:38:47,17.07,0.01,646,1102722,卖盘
253,14:38:42,17.06,-0.02,10,17060,卖盘
254,14:38:37,17.08,0.01,504,860831,买盘
255,14:38:32,17.07,--,40,68280,卖盘
256,14:38:27,17.07,--,190,324330,买盘
257,14:38:22,17.07,--,81,138267,买盘
258,14:38:18,17.07,-0.01,10,17070,中性盘
259,14:38:12,17.08,-0.01,256,437470,卖盘
260,14:38:07,17.09,0.01,114,194826,买盘
261,14:38:03,17.08,-0.01,16,27327,卖盘
262,14:37:57,17.09,0.01,35,59815,买盘
263,14:37:52,17.08,--,159,271572,卖盘
264,14:37:47,17.08,-0.02,1,1707,卖盘
265,14:37:42,17.1,0.01,378,647867,买盘
266,14:37:36,17.09,-0.01,905,1546867,卖盘
267,14:37:32,17.1,-0.01,338,577980,卖盘
268,14:37:27,17.11,--,15,27153,买盘
269,14:37:21,17.11,--,199,340489,买盘
270,14:37:17,17.11,-0.01,533,911963,卖盘
271,14:37:12,17.12,0.01,13,22256,卖盘
272,14:37:06,17.11,-0.01,2546,4356206,卖盘
273,14:37:02,17.12,--,42,71904,卖盘
274,14:36:57,17.12,-0.01,21,35952,卖盘
275,14:36:51,17.13,0.01,28,47964,买盘
276,14:36:47,17.12,-0.01,1040,1780480,卖盘
277,14:36:42,17.13,-0.02,78,133614,卖盘
278,14:36:36,17.15,0.01,392,672280,买盘
279,14:36:32,17.14,-0.01,75,128550,卖盘
280,14:36:27,17.15,-0.01,414,710267,卖盘
281,14:36:21,17.16,0.01,259,444444,买盘
282,14:36:17,17.15,-0.01,280,480199,卖盘
283,14:36:12,17.16,0.01,79,135564,买盘
284,14:36:06,17.15,-0.02,866,1485327,卖盘
285,14:36:02,17.17,--,43,73831,卖盘
286,14:35:57,17.17,--,252,432684,卖盘
287,14:35:51,17.17,--,154,264418,卖盘
288,14:35:47,17.17,-0.01,1,1717,卖盘
289,14:35:42,17.18,--,122,209596,买盘
290,14:35:36,17.18,0.01,65,111670,买盘
291,14:35:32,17.17,--,60,103020,卖盘
292,14:35:27,17.17,-0.01,23,39491,卖盘
293,14:35:21,17.18,--,14,24052,买盘
294,14:35:17,17.18,--,300,515400,买盘
295,14:35:12,17.18,-0.02,251,431218,卖盘
296,14:35:06,17.2,0.01,683,1174760,中性盘
297,14:35:02,17.19,-0.01,4,6876,卖盘
298,14:34:57,17.2,--,55,94600,卖盘
299,14:34:51,17.2,0.01,24,41280,买盘
300,14:34:47,17.19,-0.02,12,20628,卖盘
301,14:34:42,17.21,0.01,12,20652,买盘
302,14:34:36,17.2,-0.04,76,130720,卖盘
303,14:34:32,17.24,0.02,3,5171,买盘
304,14:34:27,17.22,--,127,218694,买盘
305,14:34:21,17.22,-0.03,33,56825,中性盘
306,14:34:17,17.25,0.04,912,1573200,买盘
307,14:34:12,17.21,-0.01,383,660777,卖盘
308,14:34:06,17.22,--,713,1227786,卖盘
309,14:33:57,17.22,-0.01,760,1308720,卖盘
310,14:33:51,17.23,0.01,52,89596,中性盘
311,14:33:47,17.22,--,601,1034921,卖盘
312,14:33:42,17.22,--,399,687078,买盘
313,14:33:36,17.22,0.01,289,497657,买盘
314,14:33:32,17.21,-0.01,4,6884,卖盘
315,14:33:27,17.22,--,97,167034,买盘
316,14:33:21,17.22,0.01,95,163590,买盘
317,14:33:16,17.21,--,72,123998,卖盘
318,14:33:12,17.21,--,859,1478339,买盘
319,14:33:06,17.21,0.03,34,58514,买盘
320,14:33:01,17.18,-0.02,635,1090930,卖盘
321,14:32:57,17.2,0.02,500,860000,中性盘
322,14:32:51,17.18,--,5,8590,卖盘
323,14:32:46,17.18,-0.02,1,1718,卖盘
324,14:32:41,17.2,0.02,172,295840,买盘
325,14:32:36,17.18,0.02,100,171800,买盘
326,14:32:31,17.16,-0.01,162,277992,卖盘
327,14:32:27,17.17,--,21,36057,卖盘
328,14:32:21,17.17,-0.01,9,15453,卖盘
329,14:32:16,17.18,--,16,27488,买盘
330,14:32:11,17.18,0.02,1171,2011778,买盘
331,14:32:06,17.16,-0.06,696,1195914,卖盘
332,14:32:01,17.22,--,32,55964,卖盘
333,14:31:57,17.22,--,19,32717,卖盘
334,14:31:46,17.22,0.06,1020,1756440,买盘
335,14:31:41,17.16,-0.04,14,24024,卖盘
336,14:31:36,17.2,--,28,48160,买盘
337,14:31:31,17.2,0.03,283,486760,买盘
338,14:31:26,17.17,--,6,10302,卖盘
339,14:31:21,17.17,0.01,10,17170,卖盘
340,14:31:16,17.16,-0.04,36,61776,卖盘
341,14:31:11,17.2,0.03,1443,2481960,买盘
342,14:31:06,17.17,0.02,44,75548,买盘
343,14:31:01,17.15,-0.01,753,1291395,卖盘
344,14:30:56,17.16,-0.01,6,10296,卖盘
345,14:30:51,17.17,--,28,48076,卖盘
346,14:30:46,17.17,0.01,14,24038,买盘
347,14:30:41,17.16,--,520,892320,卖盘
348,14:30:36,17.16,--,16,27456,卖盘
349,14:30:30,17.16,-0.01,544,933504,卖盘
350,14:30:26,17.17,--,1,1717,卖盘
351,14:30:21,17.17,--,15,25755,卖盘
352,14:30:15,17.17,--,511,877387,买盘
353,14:30:11,17.17,-0.01,72,123624,卖盘
354,14:30:06,17.18,0.01,25,42950,买盘
355,14:30:00,17.17,-0.02,182,312494,卖盘
356,14:29:56,17.19,--,2,3438,卖盘
357,14:29:51,17.19,0.03,100,171900,买盘
358,14:29:45,17.16,--,714,1225224,卖盘
359,14:29:41,17.16,-0.03,350,600600,卖盘
360,14:29:36,17.19,--,44,75636,买盘
361,14:29:30,17.19,0.01,1106,1901214,买盘
362,14:29:26,17.18,-0.01,21,36078,卖盘
363,14:29:21,17.19,--,140,240660,买盘
364,14:29:15,17.19,--,4,6876,买盘
365,14:29:11,17.19,--,8,13752,买盘
366,14:29:06,17.19,--,18,30942,买盘
367,14:29:00,17.19,--,273,469287,卖盘
368,14:28:56,17.19,--,65,111735,卖盘
369,14:28:51,17.19,-0.01,144,247536,卖盘
370,14:28:45,17.2,--,45,77400,买盘
371,14:28:41,17.2,0.01,5,8600,中性盘
372,14:28:36,17.19,-0.02,178,305982,卖盘
373,14:28:30,17.21,-0.01,51,87771,卖盘
374,14:28:26,17.22,-0.02,451,776622,卖盘
375,14:28:15,17.24,--,20,34480,中性盘
376,14:28:11,17.24,--,378,651671,买盘
377,14:28:06,17.24,0.02,526,906823,买盘
378,14:28:00,17.22,--,188,323736,卖盘
379,14:27:56,17.22,--,9,15497,卖盘
380,14:27:51,17.22,0.01,1545,2660490,买盘
381,14:27:45,17.21,-0.01,16,27536,中性盘
382,14:27:41,17.22,0.04,218,375396,买盘
383,14:27:36,17.18,-0.04,92,158056,卖盘
384,14:27:30,17.22,0.05,1360,2341920,买盘
385,14:27:26,17.17,--,9,15453,卖盘
386,14:27:21,17.17,-0.01,23,39491,中性盘
387,14:27:15,17.18,-0.03,141,242238,中性盘
388,14:27:11,17.21,--,54,92934,买盘
389,14:27:06,17.21,0.01,524,901804,买盘
390,14:27:00,17.2,0.04,1721,2960120,买盘
391,14:26:56,17.16,--,7,12012,卖盘
392,14:26:51,17.16,--,21,36636,卖盘
393,14:26:45,17.16,0.01,489,839124,卖盘
394,14:26:41,17.15,--,126,216089,买盘
395,14:26:35,17.15,-0.02,2289,3925634,卖盘
396,14:26:30,17.17,0.01,87,149379,买盘
397,14:26:26,17.16,-0.01,139,238524,卖盘
398,14:26:21,17.17,--,1,1717,买盘
399,14:26:15,17.17,-0.02,472,810424,卖盘
400,14:26:11,17.19,--,37,63603,买盘
401,14:26:05,17.19,-0.01,124,213156,卖盘
402,14:26:00,17.2,--,112,192640,买盘
403,14:25:56,17.2,-0.01,305,524600,卖盘
404,14:25:50,17.21,--,21,36141,买盘
405,14:25:45,17.21,--,13,22373,买盘
406,14:25:41,17.21,0.01,1784,3070264,买盘
407,14:25:35,17.2,-0.02,3195,5495400,卖盘
408,14:25:30,17.22,0.01,2630,4528860,买盘
409,14:25:25,17.21,-0.01,14,24094,卖盘
410,14:25:20,17.22,--,38,65435,买盘
411,14:25:15,17.22,--,130,223859,买盘
412,14:25:10,17.22,--,81,139482,买盘
413,14:25:05,17.22,-0.01,1438,2477010,卖盘
414,14:25:00,17.23,-0.01,58,99934,卖盘
415,14:24:55,17.24,--,5649,9738876,买盘
416,14:24:51,17.24,--,26,44823,买盘
417,14:24:45,17.24,0.01,92,158608,买盘
418,14:24:40,17.23,-0.01,4,6892,卖盘
419,14:24:35,17.24,0.01,32,55167,买盘
420,14:24:30,17.23,-0.01,558,962381,卖盘
421,14:24:25,17.24,-0.01,3310,5707215,卖盘
422,14:24:21,17.25,--,17,29325,卖盘
423,14:24:15,17.25,--,9,15525,卖盘
424,14:24:10,17.25,-0.01,2019,3482775,卖盘
425,14:24:05,17.26,0.01,4333,7478758,买盘
426,14:24:00,17.25,--,11,18975,卖盘
427,14:23:55,17.25,--,3022,5213898,卖盘
428,14:23:45,17.25,-0.01,11,18975,卖盘
429,14:23:40,17.26,0.01,5,8630,买盘
430,14:23:35,17.25,--,24,41400,卖盘
431,14:23:24,17.25,-0.02,1930,3329940,卖盘
432,14:23:20,17.27,--,1587,2740749,卖盘
433,14:23:15,17.27,--,34,58718,卖盘
434,14:23:09,17.27,0.01,50,86350,中性盘
435,14:23:05,17.26,-0.01,3546,6120396,卖盘
436,14:23:00,17.27,--,117,202059,卖盘
437,14:22:54,17.27,--,56,96712,卖盘
438,14:22:50,17.27,--,204,352308,卖盘
439,14:22:45,17.27,--,63,108801,卖盘
440,14:22:39,17.27,--,270,466290,卖盘
441,14:22:35,17.27,-0.01,1844,3184898,卖盘
442,14:22:30,17.28,--,9,15552,卖盘
443,14:22:24,17.28,-0.01,2290,3957120,卖盘
444,14:22:20,17.29,--,14,24206,卖盘
445,14:22:15,17.29,--,50,86450,卖盘
446,14:22:09,17.29,--,14,24206,卖盘
447,14:22:05,17.29,--,11,19019,卖盘
448,14:22:00,17.29,--,9,15561,卖盘
449,14:21:54,17.29,0.01,663,1146759,买盘
450,14:21:50,17.28,--,9,15552,卖盘
451,14:21:45,17.28,-0.01,111,191808,卖盘
452,14:21:39,17.29,--,1007,1741103,买盘
453,14:21:35,17.29,-0.02,2558,4424078,卖盘
454,14:21:29,17.31,--,512,886271,卖盘
455,14:21:24,17.31,--,212,366972,卖盘
456,14:21:20,17.31,--,5,8655,卖盘
457,14:21:14,17.31,0.01,725,1256671,买盘
458,14:21:09,17.3,0.01,7,12110,中性盘
459,14:21:05,17.29,-0.01,4156,7185724,卖盘
460,14:20:59,17.3,--,1306,2259380,卖盘
461,14:20:54,17.3,--,15,26555,卖盘
462,14:20:44,17.3,--,10,17300,卖盘
463,14:20:39,17.3,--,2,3460,卖盘
464,14:20:35,17.3,-0.01,578,999974,卖盘
465,14:20:29,17.31,--,67,115976,卖盘
466,14:20:24,17.31,--,7,12117,卖盘
467,14:20:20,17.31,--,5,8655,卖盘
468,14:20:14,17.31,-0.01,19,34204,卖盘
469,14:20:09,17.32,0.01,308,533456,中性盘
470,14:20:05,17.31,-0.01,2507,4339617,卖盘
471,14:19:59,17.32,--,44,76208,卖盘
472,14:19:54,17.32,--,7,12124,卖盘
473,14:19:44,17.32,--,45,77940,卖盘
474,14:19:39,17.32,0.01,496,859072,买盘
475,14:19:35,17.31,--,27,46737,卖盘
476,14:19:29,17.31,--,171,296001,卖盘
477,14:19:24,17.31,--,22,38151,卖盘
478,14:19:20,17.31,--,42,72702,卖盘
479,14:19:14,17.31,--,78,135018,卖盘
480,14:19:09,17.31,--,110,190410,卖盘
481,14:19:04,17.31,--,25,43275,卖盘
482,14:18:59,17.31,--,8,13847,卖盘
483,14:18:54,17.31,--,12,20772,卖盘
484,14:18:50,17.31,--,5,8655,卖盘
485,14:18:44,17.31,--,10,17310,卖盘
486,14:18:39,17.31,--,10,17310,卖盘
487,14:18:35,17.31,--,11,19041,卖盘
488,14:18:29,17.31,--,75,129824,卖盘
489,14:18:24,17.31,-0.01,622,1076682,卖盘
490,14:18:19,17.32,0.01,99,171468,买盘
491,14:18:14,17.31,-0.01,61,105590,卖盘
492,14:18:09,17.32,0.01,14,24248,买盘
493,14:18:05,17.31,--,79,136749,卖盘
494,14:17:59,17.31,--,32,55391,卖盘
495,14:17:54,17.31,--,140,242339,卖盘
496,14:17:49,17.31,--,66,114245,卖盘
497,14:17:44,17.31,-0.01,129,223298,卖盘
498,14:17:39,17.32,--,373,646036,卖盘
499,14:17:34,17.32,-0.01,13,22516,卖盘
500,14:17:29,17.33,0.01,128,221823,买盘
501,14:17:24,17.32,--,377,652964,卖盘
502,14:17:14,17.32,-0.01,12,20784,卖盘
503,14:17:09,17.33,0.01,6,10397,买盘
504,14:17:04,17.32,-0.01,15,25980,卖盘
505,14:16:59,17.33,--,204,353531,买盘
506,14:16:54,17.33,0.01,393,681068,买盘
507,14:16:44,17.32,-0.01,6,10392,卖盘
508,14:16:39,17.33,--,147,254750,卖盘
509,14:16:34,17.33,--,208,360463,卖盘
510,14:16:29,17.33,--,99,171566,卖盘
511,14:16:24,17.33,--,701,1214832,卖盘
512,14:16:18,17.33,--,5,8665,卖盘
513,14:16:14,17.33,-0.01,626,1084858,卖盘
514,14:16:04,17.34,0.01,20,34680,买盘
515,14:15:59,17.33,--,16,27727,卖盘
516,14:15:54,17.33,--,12,20795,卖盘
517,14:15:44,17.33,--,9,15596,卖盘
518,14:15:39,17.33,--,14,24261,卖盘
519,14:15:33,17.33,--,159,275547,买盘
520,14:15:29,17.33,0.01,6,10397,买盘
521,14:15:24,17.32,-0.01,207,358524,卖盘
522,14:15:18,17.33,0.01,64,110911,买盘
523,14:15:09,17.32,--,5,8660,卖盘
524,14:15:03,17.32,-0.01,20,34640,卖盘
525,14:14:54,17.33,0.01,533,923688,买盘
526,14:14:48,17.32,--,6,10392,卖盘
527,14:14:44,17.32,--,127,219964,卖盘
528,14:14:38,17.32,--,6,10392,卖盘
529,14:14:33,17.32,--,16,27712,卖盘
530,14:14:29,17.32,--,5,8660,卖盘
531,14:14:23,17.32,-0.01,31,53692,卖盘
532,14:14:18,17.33,-0.01,6,10397,中性盘
533,14:14:14,17.34,0.01,917,1590078,买盘
534,14:14:08,17.33,0.01,357,618680,买盘
535,14:14:03,17.32,-0.01,92,159344,卖盘
536,14:13:58,17.33,0.01,79,136907,买盘
537,14:13:53,17.32,-0.01,207,358524,卖盘
538,14:13:48,17.33,--,13,22528,卖盘
539,14:13:43,17.33,0.01,10,17330,中性盘
540,14:13:38,17.32,--,99,171468,卖盘
541,14:13:33,17.32,--,20,34640,卖盘
542,14:13:28,17.32,--,4,6928,卖盘
543,14:13:23,17.32,-0.01,45,77940,卖盘
544,14:13:18,17.33,0.01,17,29460,买盘
545,14:13:13,17.32,-0.01,5,8660,卖盘
546,14:13:08,17.33,0.01,6,10397,买盘
547,14:13:03,17.32,--,27,46764,卖盘
548,14:12:53,17.32,--,11,19052,卖盘
549,14:12:48,17.32,--,9,15588,卖盘
550,14:12:43,17.32,--,4,6928,卖盘
551,14:12:33,17.32,--,17,29444,卖盘
552,14:12:23,17.32,--,16,27712,卖盘
553,14:12:18,17.32,--,21,36372,卖盘
554,14:12:13,17.32,-0.01,5,8660,卖盘
555,14:12:08,17.33,0.01,1,1732,买盘
556,14:12:03,17.32,-0.01,20,34640,卖盘
557,14:11:53,17.33,0.01,9,15596,中性盘
558,14:11:48,17.32,-0.02,37,64084,卖盘
559,14:11:43,17.34,0.02,192,332928,买盘
560,14:11:38,17.32,--,8,13856,卖盘
561,14:11:33,17.32,-0.01,16,27712,卖盘
562,14:11:28,17.33,--,2,3465,卖盘
563,14:11:23,17.33,--,52,90115,卖盘
564,14:11:18,17.33,--,48,83183,买盘
565,14:11:13,17.33,0.01,1,1732,买盘
566,14:11:08,17.32,--,10,17320,卖盘
567,14:11:03,17.32,--,17,29444,卖盘
568,14:10:58,17.32,--,8,13856,卖盘
569,14:10:53,17.32,--,2,3464,卖盘
570,14:10:48,17.32,-0.01,9,15588,卖盘
571,14:10:43,17.33,--,10,17330,买盘
572,14:10:38,17.33,0.01,12,20795,买盘
573,14:10:33,17.32,-0.01,493,853876,卖盘
574,14:10:28,17.33,--,5,8665,卖盘
575,14:10:23,17.33,--,8,13863,卖盘
576,14:10:18,17.33,--,775,1343074,卖盘
577,14:10:13,17.33,-0.01,4,6931,卖盘
578,14:10:08,17.34,0.01,103,178602,买盘
579,14:10:03,17.33,--,15,25994,卖盘
580,14:09:58,17.33,--,4,6931,卖盘
581,14:09:53,17.33,-0.01,20,34660,卖盘
582,14:09:48,17.34,--,107,185538,买盘
583,14:09:43,17.34,0.01,2,3468,买盘
584,14:09:38,17.33,--,5,8665,卖盘
585,14:09:33,17.33,-0.01,125,216624,卖盘
586,14:09:27,17.34,0.01,1,1734,买盘
587,14:09:23,17.33,--,7,12130,卖盘
588,14:09:18,17.33,-0.01,125,216624,卖盘
589,14:09:08,17.34,0.01,43,74562,买盘
590,14:09:03,17.33,--,1892,3278835,买盘
591,14:08:57,17.33,0.01,3,5198,买盘
592,14:08:53,17.32,--,445,770740,买盘
593,14:08:48,17.32,0.01,24,41568,买盘
594,14:08:42,17.31,--,4,6923,卖盘
595,14:08:38,17.31,--,354,612774,卖盘
596,14:08:33,17.31,--,48,83088,卖盘
597,14:08:23,17.31,-0.01,16,27695,卖盘
598,14:08:18,17.32,--,4,6928,买盘
599,14:08:12,17.32,--,6,10392,买盘
600,14:08:08,17.32,0.01,1,1732,买盘
601,14:08:03,17.31,--,44,76164,卖盘
602,14:07:57,17.31,--,116,200795,卖盘
603,14:07:53,17.31,-0.02,21,36351,卖盘
604,14:07:47,17.33,0.02,13,22528,买盘
605,14:07:42,17.31,--,9,15578,卖盘
606,14:07:32,17.31,-0.01,20,34620,卖盘
607,14:07:27,17.32,0.01,29,50228,中性盘
608,14:07:17,17.31,-0.01,10,17310,卖盘
609,14:07:12,17.32,0.01,6,10392,中性盘
610,14:07:08,17.31,--,4,6923,卖盘
611,14:07:02,17.31,--,108,186948,卖盘
612,14:06:57,17.31,-0.02,46,79626,卖盘
613,14:06:53,17.33,0.02,2,3465,买盘
614,14:06:47,17.31,--,40,69240,卖盘
615,14:06:42,17.31,-0.01,14,24234,卖盘
616,14:06:38,17.32,0.01,10,17320,中性盘
617,14:06:32,17.31,--,15,25964,卖盘
618,14:06:27,17.31,-0.01,198,344261,卖盘
619,14:06:22,17.32,--,7,13717,买盘
620,14:06:17,17.32,0.01,11,19052,买盘
621,14:06:12,17.31,-0.01,15,25964,卖盘
622,14:06:07,17.32,0.01,12,20784,买盘
623,14:06:02,17.31,--,415,718365,卖盘
624,14:05:57,17.31,-0.01,12,20772,卖盘
625,14:05:52,17.32,0.01,8,13856,买盘
626,14:05:47,17.31,-0.02,4,6923,卖盘
627,14:05:42,17.33,0.02,99,171566,买盘
628,14:05:32,17.31,-0.01,27,46737,卖盘
629,14:05:27,17.32,--,7,12124,买盘
630,14:05:22,17.32,--,2,3464,买盘
631,14:05:17,17.32,0.01,4,6928,买盘
632,14:05:12,17.31,-0.01,22,38082,卖盘
633,14:05:07,17.32,0.01,11,19052,买盘
634,14:05:02,17.31,--,30,51929,卖盘
635,14:04:57,17.31,-0.01,1,1730,卖盘
636,14:04:52,17.32,0.01,8,13856,买盘
637,14:04:47,17.31,--,4,6923,卖盘
638,14:04:42,17.31,--,11,19041,卖盘
639,14:04:32,17.31,--,219,379089,卖盘
640,14:04:27,17.31,--,10,17310,卖盘
641,14:04:22,17.31,--,9,15578,卖盘
642,14:04:17,17.31,--,18,31157,卖盘
643,14:04:12,17.31,--,16,27695,卖盘
644,14:04:02,17.31,--,68,117707,卖盘
645,14:03:57,17.31,-0.01,1,1730,卖盘
646,14:03:52,17.32,0.01,9,15588,买盘
647,14:03:47,17.31,-0.01,38,65778,卖盘
648,14:03:42,17.32,0.01,14,24248,买盘
649,14:03:32,17.31,--,95,164445,卖盘
650,14:03:27,17.31,--,9,15578,卖盘
651,14:03:22,17.31,--,6,10386,卖盘
652,14:03:17,17.31,--,6,10386,卖盘
653,14:03:12,17.31,--,2,3461,卖盘
654,14:03:07,17.31,--,13,22503,卖盘
655,14:03:02,17.31,--,40,69240,卖盘
656,14:02:57,17.31,--,33,57122,卖盘
657,14:02:47,17.31,--,66,114245,卖盘
658,14:02:42,17.31,--,10,17310,卖盘
659,14:02:37,17.31,--,21,36351,卖盘
660,14:02:32,17.31,--,25,43275,卖盘
661,14:02:27,17.31,--,25,43275,卖盘
662,14:02:22,17.31,0.02,1317,2280384,买盘
663,14:02:17,17.29,--,23,39767,卖盘
664,14:02:12,17.29,--,21,36309,卖盘
665,14:02:07,17.29,--,9,15561,卖盘
666,14:02:02,17.29,-0.01,37,63973,卖盘
667,14:01:57,17.3,--,23,39790,买盘
668,14:01:51,17.3,0.01,6,10380,买盘
669,14:01:47,17.29,--,5,8645,卖盘
670,14:01:42,17.29,--,1,1729,卖盘
671,14:01:36,17.29,--,2,3458,卖盘
672,14:01:32,17.29,-0.01,19,32851,卖盘
673,14:01:27,17.3,--,132,228360,买盘
674,14:01:21,17.3,0.01,2,3460,买盘
675,14:01:17,17.29,--,5,8645,卖盘
676,14:01:11,17.29,--,10,17290,卖盘
677,14:01:02,17.29,-0.01,29,50141,卖盘
678,14:00:56,17.3,--,6,10380,买盘
679,14:00:51,17.3,0.01,6,10380,买盘
680,14:00:47,17.29,--,7,12103,卖盘
681,14:00:42,17.29,--,10,17290,卖盘
682,14:00:36,17.29,--,4,6916,卖盘
683,14:00:32,17.29,-0.01,15,25935,卖盘
684,14:00:27,17.3,0.01,2,3460,卖盘
685,14:00:21,17.29,-0.02,4,6916,卖盘
686,14:00:17,17.31,0.01,4,6923,买盘
687,14:00:11,17.3,--,12,20760,卖盘
688,14:00:06,17.3,--,5,8650,卖盘
689,14:00:02,17.3,--,139,240470,卖盘
690,13:59:56,17.3,--,1,1730,卖盘
691,13:59:51,17.3,--,21,36330,卖盘
692,13:59:47,17.3,--,20,34600,卖盘
693,13:59:41,17.3,-0.01,56,96880,卖盘
694,13:59:36,17.31,0.01,20,34620,买盘
695,13:59:32,17.3,--,1,1730,卖盘
696,13:59:26,17.3,--,27,46710,卖盘
697,13:59:21,17.3,0.01,60,105391,买盘
698,13:59:17,17.29,--,2,3458,卖盘
699,13:59:11,17.29,--,28,48412,卖盘
700,13:59:06,17.29,--,27,46683,卖盘
701,13:59:02,17.29,-0.01,12,20748,卖盘
702,13:58:56,17.3,--,20,34600,买盘
703,13:58:51,17.3,0.01,3,5190,买盘
704,13:58:46,17.29,--,4,6916,卖盘
705,13:58:41,17.29,-0.01,1,1729,卖盘
706,13:58:36,17.3,--,618,1069278,卖盘
707,13:58:32,17.3,--,30,51900,卖盘
708,13:58:26,17.3,-0.01,37,64010,卖盘
709,13:58:21,17.31,0.01,274,474293,买盘
710,13:58:16,17.3,--,154,268011,卖盘
711,13:58:11,17.3,--,16,27680,卖盘
712,13:58:06,17.3,--,415,717950,卖盘
713,13:58:01,17.3,--,5,8650,卖盘
714,13:57:56,17.3,-0.01,260,449800,卖盘
715,13:57:51,17.31,0.01,14,24234,买盘
716,13:57:46,17.3,--,9,15570,卖盘
717,13:57:41,17.3,--,2,3460,卖盘
718,13:57:36,17.3,--,19,32870,卖盘
719,13:57:26,17.3,-0.01,5,8650,卖盘
720,13:57:21,17.31,0.01,7,12117,买盘
721,13:57:16,17.3,--,1,1730,卖盘
722,13:57:11,17.3,-0.01,21,36330,卖盘
723,13:57:06,17.31,0.01,717,1241127,买盘
724,13:57:01,17.3,--,4,6920,卖盘
725,13:56:56,17.3,-0.01,9,15570,卖盘
726,13:56:51,17.31,0.01,101,174831,买盘
727,13:56:41,17.3,-0.01,198,342540,卖盘
728,13:56:36,17.31,0.01,29,50198,买盘
729,13:56:31,17.3,--,4,6920,卖盘
730,13:56:26,17.3,-0.01,5,8650,卖盘
731,13:56:21,17.31,0.01,105,181755,买盘
732,13:56:16,17.3,--,202,349460,卖盘
733,13:56:11,17.3,--,10,17300,卖盘
734,13:56:06,17.3,--,17,29410,卖盘
735,13:56:01,17.3,-0.01,10,17300,卖盘
736,13:55:56,17.31,--,4,6923,买盘
737,13:55:51,17.31,--,6,10386,买盘
738,13:55:46,17.31,--,258,448000,卖盘
739,13:55:41,17.31,--,59,102128,卖盘
740,13:55:36,17.31,--,45,77895,卖盘
741,13:55:26,17.31,--,598,1035137,卖盘
742,13:55:21,17.31,--,8,13847,卖盘
743,13:55:16,17.31,--,120,207719,卖盘
744,13:55:11,17.31,-0.01,75,129824,卖盘
745,13:55:06,17.32,0.01,13,22516,买盘
746,13:55:01,17.31,--,8,13847,卖盘
747,13:54:56,17.31,-0.01,11,19041,卖盘
748,13:54:51,17.32,--,17,29444,买盘
749,13:54:46,17.32,0.01,1,1732,买盘
750,13:54:41,17.31,--,357,617967,卖盘
751,13:54:36,17.31,--,18,31157,卖盘
752,13:54:31,17.31,--,4,6923,卖盘
753,13:54:26,17.31,-0.01,123,212912,卖盘
754,13:54:21,17.32,0.01,6,10392,买盘
755,13:54:15,17.31,--,4,6923,卖盘
756,13:54:11,17.31,--,2,3461,卖盘
757,13:54:06,17.31,-0.01,24,41544,卖盘
758,13:54:00,17.32,0.01,7,12124,买盘
759,13:53:56,17.31,--,15,25964,卖盘
760,13:53:45,17.31,--,5,8655,卖盘
761,13:53:41,17.31,-0.01,6,10386,卖盘
762,13:53:35,17.32,--,128,221696,买盘
763,13:53:30,17.32,0.01,1,1732,买盘
764,13:53:26,17.31,--,130,225029,卖盘
765,13:53:20,17.31,-0.01,5,8655,卖盘
766,13:53:15,17.32,0.01,7,12124,买盘
767,13:53:11,17.31,--,11,19041,卖盘
768,13:53:05,17.31,--,19,32889,卖盘
769,13:53:00,17.31,--,9,15578,卖盘
770,13:52:56,17.31,-0.01,10,17310,卖盘
771,13:52:50,17.32,0.01,14,24248,买盘
772,13:52:45,17.31,-0.01,5,8655,卖盘
773,13:52:35,17.32,0.01,22,38104,买盘
774,13:52:30,17.31,--,15,25964,卖盘
775,13:52:26,17.31,-0.01,1,1730,卖盘
776,13:52:20,17.32,0.01,11,19052,买盘
777,13:52:15,17.31,--,5,8655,卖盘
778,13:52:10,17.31,--,10,17310,卖盘
779,13:52:05,17.31,--,72,124631,卖盘
780,13:52:00,17.31,-0.01,8,13847,卖盘
781,13:51:56,17.32,0.01,1,1732,买盘
782,13:51:50,17.31,--,8,13847,卖盘
783,13:51:45,17.31,--,5,8655,卖盘
784,13:51:40,17.31,--,9,15578,卖盘
785,13:51:35,17.31,--,11,19041,卖盘
786,13:51:30,17.31,-0.01,5,8655,卖盘
787,13:51:25,17.32,--,15,25980,买盘
788,13:51:20,17.32,0.01,9,15588,买盘
789,13:51:15,17.31,-0.01,8,13847,卖盘
790,13:51:11,17.32,--,5,8660,买盘
791,13:51:05,17.32,0.01,154,266728,买盘
792,13:51:00,17.31,--,13,22503,卖盘
793,13:50:56,17.31,-0.01,46,79626,卖盘
794,13:50:50,17.32,0.01,16,27712,买盘
795,13:50:45,17.31,-0.01,8,13847,卖盘
796,13:50:40,17.32,0.01,3,5196,买盘
797,13:50:35,17.31,--,15,25964,卖盘
798,13:50:30,17.31,--,9,15578,卖盘
799,13:50:25,17.31,--,6,10386,卖盘
800,13:50:20,17.31,--,9,15578,卖盘
801,13:50:15,17.31,-0.01,22,38082,卖盘
802,13:50:10,17.32,0.01,58,100456,买盘
803,13:50:05,17.31,--,416,720096,卖盘
804,13:50:00,17.31,--,271,469100,卖盘
805,13:49:55,17.31,-0.01,175,304361,卖盘
806,13:49:50,17.32,--,21,36372,卖盘
807,13:49:45,17.32,--,41,71012,卖盘
808,13:49:40,17.32,--,5,8660,卖盘
809,13:49:35,17.32,-0.01,40,69280,卖盘
810,13:49:30,17.33,0.01,3,5198,买盘
811,13:49:25,17.32,--,360,623520,卖盘
812,13:49:20,17.32,--,351,607932,卖盘
813,13:49:15,17.32,--,14,24248,卖盘
814,13:49:10,17.32,--,5,8660,卖盘
815,13:49:05,17.32,--,90,155880,卖盘
816,13:49:00,17.32,-0.01,219,379308,卖盘
817,13:48:55,17.33,0.01,2,3465,买盘
818,13:48:50,17.32,--,49,84868,卖盘
819,13:48:45,17.32,--,39,67548,卖盘
820,13:48:35,17.32,--,14,24248,卖盘
821,13:48:30,17.32,--,102,176664,卖盘
822,13:48:25,17.32,--,8,13856,卖盘
823,13:48:20,17.32,-0.01,27,46764,卖盘
824,13:48:15,17.33,0.01,8,13863,买盘
825,13:48:10,17.32,--,5,8660,卖盘
826,13:48:05,17.32,--,19,32908,卖盘
827,13:48:00,17.32,-0.01,12,20784,卖盘
828,13:47:55,17.33,0.01,2,3465,买盘
829,13:47:50,17.32,--,12,20784,卖盘
830,13:47:45,17.32,--,1,1732,卖盘
831,13:47:40,17.32,--,4,6928,卖盘
832,13:47:35,17.32,-0.01,24,41568,卖盘
833,13:47:30,17.33,0.01,10,17330,买盘
834,13:47:25,17.32,--,7,12124,卖盘
835,13:47:20,17.32,-0.01,15,25980,卖盘
836,13:47:15,17.33,0.01,23,39858,买盘
837,13:47:10,17.32,--,9,15588,卖盘
838,13:47:05,17.32,-0.01,71,122972,卖盘
839,13:47:00,17.33,--,31,53722,买盘
840,13:46:55,17.33,0.01,2,3465,买盘
841,13:46:50,17.32,-0.01,12,20784,卖盘
842,13:46:44,17.33,0.01,16,27727,买盘
843,13:46:35,17.32,--,65,112580,卖盘
844,13:46:29,17.32,--,4,6928,卖盘
845,13:46:24,17.32,--,6,10392,卖盘
846,13:46:20,17.32,--,348,602736,卖盘
847,13:46:14,17.32,-0.02,6,10392,卖盘
848,13:46:09,17.34,--,1,1734,买盘
849,13:46:05,17.34,--,65,113646,买盘
850,13:45:59,17.34,0.02,17,29478,买盘
851,13:45:54,17.32,--,6,11483,卖盘
852,13:45:50,17.32,-0.01,18,31176,卖盘
853,13:45:44,17.33,0.01,112,194095,买盘
854,13:45:34,17.32,--,25,43300,卖盘
855,13:45:24,17.32,--,6,10392,卖盘
856,13:45:20,17.32,--,3,5196,卖盘
857,13:45:14,17.32,-0.01,10,17320,卖盘
858,13:45:09,17.33,--,6,10397,买盘
859,13:45:05,17.33,0.01,16,27727,买盘
860,13:44:59,17.32,--,5,8660,卖盘
861,13:44:54,17.32,-0.01,292,505744,卖盘
862,13:44:49,17.33,0.01,3,5198,买盘
863,13:44:44,17.32,--,30,51960,卖盘
864,13:44:39,17.32,--,7,12124,卖盘
865,13:44:34,17.32,-0.01,20,34640,卖盘
866,13:44:24,17.33,0.01,12,20795,买盘
867,13:44:14,17.32,--,6,10392,卖盘
868,13:44:09,17.32,--,9,15588,卖盘
869,13:44:04,17.32,--,11,19052,卖盘
870,13:43:59,17.32,--,24,41568,卖盘
871,13:43:54,17.32,-0.01,5,8660,卖盘
872,13:43:49,17.33,0.01,178,308473,买盘
873,13:43:44,17.32,--,1,1732,卖盘
874,13:43:39,17.32,--,15,25980,卖盘
875,13:43:34,17.32,--,5,8660,卖盘
876,13:43:29,17.32,--,126,218232,卖盘
877,13:43:24,17.32,--,1,1732,卖盘
878,13:43:19,17.32,--,5,8660,卖盘
879,13:43:14,17.32,-0.01,1,1732,卖盘
880,13:43:09,17.33,0.01,5,8665,买盘
881,13:43:04,17.32,-0.01,54,94168,卖盘
882,13:42:59,17.33,--,14,24261,卖盘
883,13:42:54,17.33,--,1,1732,卖盘
884,13:42:49,17.33,--,5,8665,卖盘
885,13:42:44,17.33,--,9,15596,卖盘
886,13:42:39,17.33,--,4,6931,卖盘
887,13:42:34,17.33,--,11,19062,卖盘
888,13:42:29,17.33,--,5,8665,卖盘
889,13:42:24,17.33,--,6,10397,卖盘
890,13:42:19,17.33,--,105,181964,卖盘
891,13:42:14,17.33,-0.01,6,10397,卖盘
892,13:42:09,17.34,0.01,19,32946,买盘
893,13:42:04,17.33,--,2,3760,卖盘
894,13:41:59,17.33,--,18,31193,卖盘
895,13:41:54,17.33,--,10,17330,卖盘
896,13:41:44,17.33,-0.01,91,157702,卖盘
897,13:41:39,17.34,0.01,11,19074,买盘
898,13:41:34,17.33,--,10,17330,卖盘
899,13:41:28,17.33,--,5,8665,卖盘
900,13:41:24,17.33,--,5,8665,卖盘
901,13:41:19,17.33,-0.01,4,6931,卖盘
902,13:41:13,17.34,--,10,17340,买盘
903,13:41:09,17.34,0.01,5,8670,买盘
904,13:41:04,17.33,--,20,34660,卖盘
905,13:40:59,17.33,--,4,6931,卖盘
906,13:40:54,17.33,-0.01,11,19062,卖盘
907,13:40:49,17.34,0.01,1,1734,买盘
908,13:40:44,17.33,-0.01,22,38125,卖盘
909,13:40:39,17.34,0.01,2,3468,买盘
910,13:40:34,17.33,--,19,32927,卖盘
911,13:40:29,17.33,--,37,64120,卖盘
912,13:40:24,17.33,0.01,109,189694,买盘
913,13:40:19,17.32,--,5,8660,卖盘
914,13:40:13,17.32,-0.01,12,20784,卖盘
915,13:40:09,17.33,0.01,3,5198,买盘
916,13:40:04,17.32,-0.01,11,19052,卖盘
917,13:39:59,17.33,0.01,23,39858,买盘
918,13:39:54,17.32,--,409,708388,卖盘
919,13:39:44,17.32,--,2,3464,卖盘
920,13:39:38,17.32,--,14,24248,卖盘
921,13:39:34,17.32,-0.01,38,66751,卖盘
922,13:39:28,17.33,--,59,102246,卖盘
923,13:39:23,17.33,--,18,31991,卖盘
924,13:39:19,17.33,--,5,8665,卖盘
925,13:39:14,17.33,-0.01,25,43324,卖盘
926,13:39:08,17.34,0.01,340,589560,买盘
927,13:39:04,17.33,--,50,86649,卖盘
928,13:38:59,17.33,--,12,20795,卖盘
929,13:38:53,17.33,--,42,72786,卖盘
930,13:38:49,17.33,--,6,10397,卖盘
931,13:38:44,17.33,--,5,8665,卖盘
932,13:38:38,17.33,--,20,34660,卖盘
933,13:38:29,17.33,-0.02,9,15596,卖盘
934,13:38:23,17.35,0.02,8,13880,买盘
935,13:38:18,17.33,--,5,8665,卖盘
936,13:38:14,17.33,-0.02,15,25994,卖盘
937,13:38:08,17.35,0.02,12,20820,买盘
938,13:38:03,17.33,--,13,22528,卖盘
939,13:37:59,17.33,--,11,19062,卖盘
940,13:37:53,17.33,--,6,10397,卖盘
941,13:37:44,17.33,-0.01,6,10397,卖盘
942,13:37:38,17.34,--,9,15606,卖盘
943,13:37:33,17.34,--,10,17340,卖盘
944,13:37:28,17.34,--,5,8670,卖盘
945,13:37:23,17.34,-0.01,6,10404,卖盘
946,13:37:18,17.35,0.01,104,180440,买盘
947,13:37:13,17.34,--,6,10404,卖盘
948,13:37:08,17.34,--,10,17340,卖盘
949,13:37:03,17.34,0.01,12,20808,买盘
950,13:36:59,17.33,-0.01,25,43324,卖盘
951,13:36:53,17.34,-0.01,24,41616,卖盘
952,13:36:48,17.35,0.01,2,3470,买盘
953,13:36:43,17.34,0.01,10,17340,买盘
954,13:36:38,17.33,--,8,13863,卖盘
955,13:36:33,17.33,--,19,32927,卖盘
956,13:36:23,17.33,--,5,8665,卖盘
957,13:36:18,17.33,--,4,6931,卖盘
958,13:36:13,17.33,--,12,20795,卖盘
959,13:36:08,17.33,--,0,0,卖盘
960,13:36:03,17.33,-0.01,38,65854,卖盘
961,13:35:53,17.34,--,40,69360,买盘
962,13:35:48,17.34,0.01,276,478584,买盘
963,13:35:43,17.33,0.01,9,15596,买盘
964,13:35:38,17.32,-0.01,22,38104,卖盘
965,13:35:33,17.33,0.01,14,24261,买盘
966,13:35:23,17.32,--,15,25980,卖盘
967,13:35:18,17.32,--,52,90064,卖盘
968,13:35:13,17.32,-0.01,2,3464,卖盘
969,13:35:08,17.33,0.01,11,19062,买盘
970,13:35:03,17.32,-0.01,30,51960,卖盘
971,13:34:58,17.33,--,60,103979,买盘
972,13:34:53,17.33,0.01,6,10397,买盘
973,13:34:48,17.32,--,9,15588,卖盘
974,13:34:43,17.32,--,1,1732,卖盘
975,13:34:37,17.32,--,8,13856,卖盘
976,13:34:33,17.32,--,11,19052,卖盘
977,13:34:28,17.32,--,6,10392,卖盘
978,13:34:22,17.32,-0.01,8,13856,卖盘
979,13:34:18,17.33,0.01,27,46790,买盘
980,13:34:13,17.32,-0.01,6,10392,卖盘
981,13:34:08,17.33,0.01,16,27727,买盘
982,13:34:03,17.32,--,10,17320,卖盘
983,13:33:58,17.32,--,5,8660,卖盘
984,13:33:53,17.32,--,4,6928,卖盘
985,13:33:48,17.32,--,9,15588,卖盘
986,13:33:43,17.32,--,64,110848,卖盘
987,13:33:38,17.32,--,5,8660,卖盘
988,13:33:32,17.32,--,12,20784,卖盘
989,13:33:22,17.32,-0.01,17,29444,卖盘
990,13:33:18,17.33,0.01,6,10397,买盘
991,13:33:13,17.32,--,52,90064,卖盘
992,13:33:07,17.32,--,1,1732,卖盘
993,13:33:03,17.32,--,26,45032,卖盘
994,13:32:58,17.32,-0.01,55,95260,卖盘
995,13:32:52,17.33,0.01,8,13863,买盘
996,13:32:47,17.32,--,1,1732,卖盘
997,13:32:43,17.32,--,6,10392,卖盘
998,13:32:37,17.32,--,21,36372,卖盘
999,13:32:32,17.32,-0.01,12,20784,卖盘
1000,13:32:28,17.33,--,11,19062,买盘
1001,13:32:22,17.33,0.01,8,13863,买盘
1002,13:32:17,17.32,--,61,105652,卖盘
1003,13:32:13,17.32,--,5,8660,卖盘
1004,13:32:07,17.32,--,7,12124,卖盘
1005,13:32:02,17.32,-0.01,21,36372,卖盘
1006,13:31:58,17.33,--,12,20795,买盘
1007,13:31:52,17.33,0.01,13,22528,买盘
1008,13:31:47,17.32,--,4,6928,卖盘
1009,13:31:43,17.32,--,7,12124,卖盘
1010,13:31:37,17.32,--,10,17320,卖盘
1011,13:31:32,17.32,-0.01,11,19052,卖盘
1012,13:31:22,17.33,0.01,14,24261,买盘
1013,13:31:17,17.32,--,52,90064,卖盘
1014,13:31:13,17.32,--,2,3464,卖盘
1015,13:31:07,17.32,--,40,69280,卖盘
1016,13:31:02,17.32,--,10,17320,卖盘
1017,13:30:58,17.32,-0.01,8,13856,卖盘
1018,13:30:52,17.33,0.01,3,5198,买盘
1019,13:30:47,17.32,--,12,20784,卖盘
1020,13:30:43,17.32,--,127,219964,卖盘
1021,13:30:37,17.32,--,15,25980,卖盘
1022,13:30:32,17.32,--,1,1732,卖盘
1023,13:30:27,17.32,-0.01,9,15588,卖盘
1024,13:30:22,17.33,--,2,3465,卖盘
1025,13:30:17,17.33,--,6,10397,卖盘
1026,13:30:12,17.33,0.01,2,3465,卖盘
1027,13:30:07,17.32,--,20,34640,卖盘
1028,13:30:02,17.32,--,11,19052,卖盘
1029,13:29:57,17.32,--,4,6928,卖盘
1030,13:29:52,17.32,--,308,533456,卖盘
1031,13:29:47,17.32,--,144,249408,卖盘
1032,13:29:42,17.32,--,16,27712,卖盘
1033,13:29:37,17.32,--,17,29444,卖盘
1034,13:29:32,17.32,-0.01,3,5196,卖盘
1035,13:29:27,17.33,0.01,10,17330,买盘
1036,13:29:22,17.32,--,11,19052,卖盘
1037,13:29:17,17.32,--,11,19052,卖盘
1038,13:29:12,17.32,--,1,1732,卖盘
1039,13:29:07,17.32,--,1,1732,卖盘
1040,13:29:02,17.32,--,24,41568,卖盘
1041,13:28:57,17.32,-0.01,23,39836,卖盘
1042,13:28:52,17.33,0.01,3,5198,买盘
1043,13:28:47,17.32,--,1,1732,卖盘
1044,13:28:42,17.32,--,82,142024,卖盘
1045,13:28:37,17.32,--,11,19052,卖盘
1046,13:28:32,17.32,--,38,65816,卖盘
1047,13:28:22,17.32,--,68,117776,卖盘
1048,13:28:17,17.32,--,4,6928,卖盘
1049,13:28:12,17.32,--,9,15588,卖盘
1050,13:28:07,17.32,--,29,50228,卖盘
1051,13:28:02,17.32,--,10,17320,卖盘
1052,13:27:57,17.32,--,6,10392,卖盘
1053,13:27:52,17.32,-0.01,7,12124,卖盘
1054,13:27:47,17.33,--,22,38125,买盘
1055,13:27:42,17.33,0.01,98,169833,买盘
1056,13:27:31,17.32,--,19,32908,卖盘
1057,13:27:27,17.32,--,222,384504,卖盘
1058,13:27:22,17.32,--,6,10392,卖盘
1059,13:27:16,17.32,-0.01,6,10392,卖盘
1060,13:27:12,17.33,0.01,11,19062,买盘
1061,13:27:07,17.32,--,110,190520,卖盘
1062,13:27:01,17.32,--,12,20784,卖盘
1063,13:26:57,17.32,--,8,13856,卖盘
1064,13:26:52,17.32,--,1,1732,卖盘
1065,13:26:46,17.32,--,10,17320,卖盘
1066,13:26:42,17.32,--,6,10392,卖盘
1067,13:26:36,17.32,--,10,17320,卖盘
1068,13:26:31,17.32,--,7,12124,卖盘
1069,13:26:27,17.32,--,11,19052,卖盘
1070,13:26:21,17.32,-0.01,2,3464,卖盘
1071,13:26:16,17.33,0.01,6,10397,买盘
1072,13:26:12,17.32,--,4,6928,卖盘
1073,13:26:07,17.32,--,8,13856,卖盘
1074,13:26:01,17.32,--,22,38104,卖盘
1075,13:25:57,17.32,--,5,8660,卖盘
1076,13:25:52,17.32,-0.01,2,3464,卖盘
1077,13:25:46,17.33,0.01,21,36393,买盘
1078,13:25:42,17.32,--,6,10392,卖盘
1079,13:25:36,17.32,--,13,22516,卖盘
1080,13:25:31,17.32,--,1,1732,卖盘
1081,13:25:26,17.32,--,7,12124,卖盘
1082,13:25:22,17.32,--,28,48496,卖盘
1083,13:25:16,17.32,--,23,39836,卖盘
1084,13:25:11,17.32,--,2,3464,卖盘
1085,13:25:06,17.32,--,16,27712,卖盘
1086,13:25:01,17.32,--,10,17320,卖盘
1087,13:24:56,17.32,--,11,19052,卖盘
1088,13:24:52,17.32,--,5,8660,卖盘
1089,13:24:46,17.32,--,6,10392,卖盘
1090,13:24:41,17.32,--,1,1732,卖盘
1091,13:24:37,17.32,-0.01,103,178396,卖盘
1092,13:24:31,17.33,-0.01,10,17330,卖盘
1093,13:24:26,17.34,0.01,14,24276,买盘
1094,13:24:22,17.33,--,2,3465,卖盘
1095,13:24:16,17.33,--,4,6931,卖盘
1096,13:24:11,17.33,--,107,185430,卖盘
1097,13:24:06,17.33,--,10,17330,卖盘
1098,13:24:01,17.33,--,16,27727,卖盘
1099,13:23:56,17.33,--,106,183697,卖盘
1100,13:23:51,17.33,--,6,10397,卖盘
1101,13:23:41,17.33,--,9,15596,卖盘
1102,13:23:37,17.33,--,9,15596,卖盘
1103,13:23:31,17.33,--,10,17330,卖盘
1104,13:23:21,17.33,-0.01,5,8665,卖盘
1105,13:23:16,17.34,0.01,10,17340,买盘
1106,13:23:11,17.33,--,12,20795,卖盘
1107,13:23:06,17.33,--,140,242619,卖盘
1108,13:23:01,17.33,--,10,17330,卖盘
1109,13:22:56,17.33,--,103,178498,卖盘
1110,13:22:51,17.33,--,10,17330,卖盘
1111,13:22:46,17.33,--,9,15596,卖盘
1112,13:22:41,17.33,--,25,43324,卖盘
1113,13:22:36,17.33,0.01,59,102246,买盘
1114,13:22:31,17.32,--,6,10392,卖盘
1115,13:22:26,17.32,--,9,15588,卖盘
1116,13:22:21,17.32,-0.01,1,1732,卖盘
1117,13:22:16,17.33,--,56,97047,卖盘
1118,13:22:11,17.33,--,6,10397,卖盘
1119,13:22:06,17.33,--,13,22528,卖盘
1120,13:22:01,17.33,--,10,17330,卖盘
1121,13:21:56,17.33,0.01,5,8665,中性盘
1122,13:21:51,17.32,--,11,19052,卖盘
1123,13:21:46,17.32,-0.01,8,13856,卖盘
1124,13:21:41,17.33,0.01,30,51989,买盘
1125,13:21:36,17.32,--,20,34640,卖盘
1126,13:21:31,17.32,-0.01,2,3464,卖盘
1127,13:21:26,17.33,0.01,19,32927,买盘
1128,13:21:21,17.32,--,1,1732,卖盘
1129,13:21:16,17.32,--,5,8660,卖盘
1130,13:21:11,17.32,--,16,27712,卖盘
1131,13:21:06,17.32,--,18,31176,卖盘
1132,13:21:01,17.32,--,5,8660,卖盘
1133,13:20:56,17.32,--,14,24248,卖盘
1134,13:20:51,17.32,--,6,10392,卖盘
1135,13:20:46,17.32,--,4,6928,卖盘
1136,13:20:40,17.32,-0.02,6,10392,卖盘
1137,13:20:36,17.34,0.02,19,32946,买盘
1138,13:20:31,17.32,0.01,1,1732,卖盘
1139,13:20:25,17.31,--,10,17310,卖盘
1140,13:20:21,17.31,--,6,10386,卖盘
1141,13:20:16,17.31,--,5,8655,卖盘
1142,13:20:10,17.31,--,11,19041,卖盘
1143,13:20:06,17.31,--,15,25964,卖盘
1144,13:20:01,17.31,--,6,10386,卖盘
1145,13:19:55,17.31,--,9,15578,卖盘
1146,13:19:51,17.31,--,291,503720,卖盘
1147,13:19:46,17.31,--,0,0,卖盘
1148,13:19:40,17.31,--,6,10386,卖盘
1149,13:19:36,17.31,--,19,32889,卖盘
1150,13:19:31,17.31,-0.02,5,8655,卖盘
1151,13:19:25,17.33,0.02,3,5198,买盘
1152,13:19:21,17.31,--,7,12117,卖盘
1153,13:19:16,17.31,-0.02,5,8655,卖盘
1154,13:19:10,17.33,0.02,347,601350,买盘
1155,13:19:06,17.31,--,10,17310,卖盘
1156,13:19:01,17.31,-0.01,9,15578,卖盘
1157,13:18:51,17.32,--,10,17320,卖盘
1158,13:18:45,17.32,--,5,8660,卖盘
1159,13:18:40,17.32,--,15,25980,卖盘
1160,13:18:36,17.32,--,9,15588,卖盘
1161,13:18:30,17.32,--,241,417412,卖盘
1162,13:18:20,17.32,--,9,15588,卖盘
1163,13:18:15,17.32,-0.01,9,15588,卖盘
1164,13:18:10,17.33,--,12,20795,买盘
1165,13:18:05,17.33,0.01,12,20795,买盘
1166,13:18:00,17.32,--,6,10392,卖盘
1167,13:17:55,17.32,-0.02,126,218232,卖盘
1168,13:17:50,17.34,0.02,13,22542,买盘
1169,13:17:40,17.32,--,1,1732,卖盘
1170,13:17:35,17.32,--,18,31176,卖盘
1171,13:17:30,17.32,--,1,1732,卖盘
1172,13:17:25,17.32,--,239,413948,卖盘
1173,13:17:20,17.32,--,1,1732,卖盘
1174,13:17:15,17.32,-0.02,5,8660,卖盘
1175,13:17:10,17.34,0.02,18,31212,买盘
1176,13:17:05,17.32,-0.02,18,31176,卖盘
1177,13:17:00,17.34,0.02,35,60690,买盘
1178,13:16:55,17.32,--,12,20784,卖盘
1179,13:16:50,17.32,--,2,3464,卖盘
1180,13:16:45,17.32,--,8,13856,卖盘
1181,13:16:40,17.32,--,6,10392,卖盘
1182,13:16:35,17.32,--,14,24248,卖盘
1183,13:16:30,17.32,--,1,1732,卖盘
1184,13:16:25,17.32,--,4,6928,卖盘
1185,13:16:20,17.32,--,9,15588,卖盘
1186,13:16:10,17.32,--,7,12124,卖盘
1187,13:16:05,17.32,--,14,24248,卖盘
1188,13:16:00,17.32,-0.01,6,10392,卖盘
1189,13:15:55,17.33,--,10,17330,卖盘
1190,13:15:50,17.33,0.01,6,10397,中性盘
1191,13:15:40,17.32,--,5,8660,卖盘
1192,13:15:35,17.32,--,14,24248,卖盘
1193,13:15:30,17.32,-0.02,10,17320,卖盘
1194,13:15:25,17.34,0.02,3,5202,买盘
1195,13:15:20,17.32,--,6,10392,卖盘
1196,13:15:15,17.32,--,7,12124,卖盘
1197,13:15:10,17.32,--,16,27712,卖盘
1198,13:15:05,17.32,--,15,25980,卖盘
1199,13:15:00,17.32,--,11,19052,卖盘
1200,13:14:55,17.32,--,4,6928,卖盘
1201,13:14:50,17.32,--,5,8660,卖盘
1202,13:14:40,17.32,--,10,17320,卖盘
1203,13:14:35,17.32,--,13,22516,卖盘
1204,13:14:30,17.32,--,5,8660,卖盘
1205,13:14:20,17.32,--,11,19052,卖盘
1206,13:14:10,17.32,--,11,19052,卖盘
1207,13:14:05,17.32,--,10,17320,卖盘
1208,13:14:00,17.32,--,9,15588,卖盘
1209,13:13:55,17.32,-0.02,10,17320,卖盘
1210,13:13:50,17.34,0.02,113,195942,买盘
1211,13:13:40,17.32,--,1,1732,卖盘
1212,13:13:35,17.32,--,14,24248,卖盘
1213,13:13:30,17.32,-0.01,1,1732,卖盘
1214,13:13:25,17.33,--,375,649874,卖盘
1215,13:13:19,17.33,--,1,1732,卖盘
1216,13:13:15,17.33,-0.01,4,6931,卖盘
1217,13:13:10,17.34,0.02,2,3468,买盘
1218,13:13:04,17.32,--,22,38104,卖盘
1219,13:13:00,17.32,-0.02,14,24248,卖盘
1220,13:12:55,17.34,0.02,72,124848,买盘
1221,13:12:49,17.32,--,2,3464,卖盘
1222,13:12:45,17.32,--,10,18047,卖盘
1223,13:12:40,17.32,-0.01,6,10392,卖盘
1224,13:12:34,17.33,0.01,17,29460,买盘
1225,13:12:30,17.32,--,1,1732,卖盘
1226,13:12:25,17.32,--,5,8660,卖盘
1227,13:12:19,17.32,--,5,8660,卖盘
1228,13:12:15,17.32,--,9,15588,卖盘
1229,13:12:10,17.32,--,1,1732,卖盘
1230,13:12:04,17.32,--,24,41568,卖盘
1231,13:12:00,17.32,0.01,10,17320,卖盘
1232,13:11:55,17.31,-0.01,5,8655,卖盘
1233,13:11:49,17.32,0.01,95,164540,买盘
1234,13:11:45,17.31,--,4,6923,卖盘
1235,13:11:40,17.31,--,2,3461,卖盘
1236,13:11:34,17.31,-0.01,15,25964,卖盘
1237,13:11:30,17.32,0.01,6,10392,卖盘
1238,13:11:25,17.31,--,0,0,卖盘
1239,13:11:19,17.31,-0.02,15,25964,卖盘
1240,13:11:15,17.33,0.02,6,10397,买盘
1241,13:11:10,17.31,--,3,5193,卖盘
1242,13:11:04,17.31,-0.01,13,22503,卖盘
1243,13:10:59,17.32,--,10,17320,卖盘
1244,13:10:55,17.32,--,4,6928,卖盘
1245,13:10:49,17.32,0.01,6,10392,卖盘
1246,13:10:44,17.31,--,0,0,卖盘
1247,13:10:39,17.31,-0.02,10,17310,卖盘
1248,13:10:34,17.33,0.01,126,218357,买盘
1249,13:10:29,17.32,--,6,10392,卖盘
1250,13:10:19,17.32,--,6,10392,卖盘
1251,13:10:14,17.32,-0.02,5,8660,卖盘
1252,13:10:09,17.34,0.02,6,10404,买盘
1253,13:10:04,17.32,--,21,36372,卖盘
1254,13:09:59,17.32,-0.02,12,20784,卖盘
1255,13:09:54,17.34,0.02,146,253164,买盘
1256,13:09:49,17.32,--,762,1319784,卖盘
1257,13:09:44,17.32,--,0,796,卖盘
1258,13:09:39,17.32,--,26,45032,卖盘
1259,13:09:34,17.32,--,23,39836,卖盘
1260,13:09:29,17.32,--,10,17320,卖盘
1261,13:09:24,17.32,--,6,10392,卖盘
1262,13:09:19,17.32,--,5,8660,卖盘
1263,13:09:14,17.32,--,6,10392,卖盘
1264,13:09:09,17.32,--,2,3464,卖盘
1265,13:09:04,17.32,-0.01,18,31176,卖盘
1266,13:08:59,17.33,0.01,21,36393,买盘
1267,13:08:54,17.32,-0.01,93,161076,卖盘
1268,13:08:49,17.33,0.01,6,10397,买盘
1269,13:08:44,17.32,--,9,15588,卖盘
1270,13:08:39,17.32,--,31,53692,卖盘
1271,13:08:34,17.32,--,18,31176,卖盘
1272,13:08:29,17.32,--,1,1732,卖盘
1273,13:08:24,17.32,--,9,15588,卖盘
1274,13:08:19,17.32,-0.01,1,1732,卖盘
1275,13:08:14,17.33,0.02,37,64658,买盘
1276,13:08:09,17.31,--,1,1730,卖盘
1277,13:08:04,17.31,-0.01,138,240072,卖盘
1278,13:07:59,17.32,--,128,221696,卖盘
1279,13:07:54,17.32,--,4,6928,卖盘
1280,13:07:49,17.32,-0.01,13,22516,卖盘
1281,13:07:44,17.33,0.01,17,29460,买盘
1282,13:07:39,17.32,--,5,8660,卖盘
1283,13:07:34,17.32,--,13,22516,卖盘
1284,13:07:29,17.32,--,1,1732,卖盘
1285,13:07:24,17.32,--,4,6928,卖盘
1286,13:07:19,17.32,--,67,116044,卖盘
1287,13:07:14,17.32,--,4,6928,卖盘
1288,13:07:09,17.32,--,1,1732,卖盘
1289,13:07:04,17.32,--,10,17320,卖盘
1290,13:06:59,17.32,--,370,640840,卖盘
1291,13:06:54,17.32,--,100,173200,卖盘
1292,13:06:49,17.32,--,80,138560,卖盘
1293,13:06:44,17.32,--,431,746925,卖盘
1294,13:06:39,17.32,--,6,10392,卖盘
1295,13:06:34,17.32,--,183,316956,卖盘
1296,13:06:29,17.32,-0.01,7,12124,卖盘
1297,13:06:24,17.33,0.01,2,3465,买盘
1298,13:06:19,17.32,--,5,8660,卖盘
1299,13:06:13,17.32,-0.01,25,43300,卖盘
1300,13:06:09,17.33,0.01,7,12130,买盘
1301,13:06:04,17.32,-0.01,30,52964,卖盘
1302,13:05:58,17.33,--,9,15596,卖盘
1303,13:05:49,17.33,--,10,17330,卖盘
1304,13:05:43,17.33,--,24,41591,卖盘
1305,13:05:39,17.33,0.01,381,661000,买盘
1306,13:05:34,17.32,--,21,36372,卖盘
1307,13:05:28,17.32,-0.01,7,12124,卖盘
1308,13:05:24,17.33,--,328,569429,卖盘
1309,13:05:19,17.33,-0.01,10,17330,卖盘
1310,13:05:13,17.34,0.01,1,1734,买盘
1311,13:05:09,17.33,--,19,32927,卖盘
1312,13:04:58,17.33,--,41,71053,卖盘
1313,13:04:49,17.33,--,1,1732,卖盘
1314,13:04:43,17.33,--,13,22528,卖盘
1315,13:04:39,17.33,--,146,253017,卖盘
1316,13:04:34,17.33,--,113,195828,卖盘
1317,13:04:28,17.33,--,470,814509,卖盘
1318,13:04:23,17.33,--,11,19062,卖盘
1319,13:04:19,17.33,--,2,3465,卖盘
1320,13:04:13,17.33,-0.01,6,10397,卖盘
1321,13:04:09,17.34,0.01,19,32946,买盘
1322,13:04:04,17.33,--,10,17330,卖盘
1323,13:03:58,17.33,--,5,8665,卖盘
1324,13:03:53,17.33,--,264,457511,卖盘
1325,13:03:49,17.33,--,1,1732,卖盘
1326,13:03:43,17.33,-0.01,15,25994,卖盘
1327,13:03:38,17.34,0.01,39,67626,买盘
1328,13:03:34,17.33,--,6,10397,卖盘
1329,13:03:28,17.33,--,11,19062,卖盘
1330,13:03:23,17.33,--,5,8665,卖盘
1331,13:03:19,17.33,-0.01,15,25994,卖盘
1332,13:03:13,17.34,0.01,5,8670,买盘
1333,13:03:08,17.33,--,112,194095,卖盘
1334,13:02:58,17.33,-0.01,11,19062,卖盘
1335,13:02:53,17.34,--,10,17340,卖盘
1336,13:02:48,17.34,--,1,1734,卖盘
1337,13:02:43,17.34,0.01,506,877404,买盘
1338,13:02:38,17.33,--,20,34660,卖盘
1339,13:02:28,17.33,-0.01,21,36393,卖盘
1340,13:02:23,17.34,0.01,1,1734,买盘
1341,13:02:18,17.33,--,6,10397,卖盘
1342,13:02:13,17.33,--,7,12130,卖盘
1343,13:02:08,17.33,--,18,31193,卖盘
1344,13:01:58,17.33,--,39,67587,卖盘
1345,13:01:53,17.33,--,351,608282,卖盘
1346,13:01:48,17.33,-0.01,39,67587,卖盘
1347,13:01:43,17.34,--,448,776832,卖盘
1348,13:01:38,17.34,-0.01,108,187688,卖盘
1349,13:01:33,17.35,--,109,189115,卖盘
1350,13:01:28,17.35,-0.01,363,629805,卖盘
1351,13:01:23,17.36,0.01,1,1736,买盘
1352,13:01:18,17.35,-0.03,5,8675,卖盘
1353,13:01:13,17.38,0.02,1,1738,买盘
1354,13:01:08,17.36,0.01,69,121103,中性盘
1355,13:00:58,17.35,--,5,8675,卖盘
1356,13:00:53,17.35,--,55,95425,卖盘
1357,13:00:48,17.35,--,6,10410,卖盘
1358,13:00:43,17.35,--,5,8675,卖盘
1359,13:00:38,17.35,-0.03,15,26025,卖盘
1360,13:00:33,17.38,0.03,5,8690,买盘
1361,13:00:28,17.35,--,9,15615,卖盘
1362,13:00:23,17.35,--,11,19085,卖盘
1363,13:00:18,17.35,--,1,1735,卖盘
1364,13:00:13,17.35,-0.03,39,67665,卖盘
1365,13:00:07,17.38,--,587,1020205,卖盘
1366,13:00:03,17.38,--,11,19118,卖盘
1367,11:30:00,17.38,--,0,0,卖盘
1368,11:30:00,17.38,--,0,0,卖盘
1369,11:29:59,17.38,--,11,19118,卖盘
1370,11:29:53,17.38,0.01,8,13904,买盘
1371,11:29:49,17.37,--,1,1737,卖盘
1372,11:29:44,17.37,--,2,3474,卖盘
1373,11:29:38,17.37,-0.01,2,3474,卖盘
1374,11:29:33,17.38,--,10,17380,卖盘
1375,11:29:29,17.38,--,1,1738,卖盘
1376,11:29:18,17.38,-0.02,2,3476,卖盘
1377,11:29:14,17.4,0.02,66,114839,买盘
1378,11:29:08,17.38,--,1,1738,卖盘
1379,11:29:03,17.38,-0.01,11,19118,卖盘
1380,11:28:59,17.39,-0.01,5,8695,卖盘
1381,11:28:53,17.4,0.01,12,20880,中性盘
1382,11:28:48,17.39,--,1,1739,卖盘
1383,11:28:44,17.39,-0.02,38,66082,卖盘
1384,11:28:38,17.41,0.01,55,95755,买盘
1385,11:28:33,17.4,-0.01,10,17400,中性盘
1386,11:28:29,17.41,--,28,48748,买盘
1387,11:28:23,17.41,0.02,37,64417,买盘
1388,11:28:18,17.39,-0.02,9,15651,卖盘
1389,11:28:14,17.41,--,106,184546,买盘
1390,11:28:08,17.41,0.01,6,10446,买盘
1391,11:28:03,17.4,--,11,19140,卖盘
1392,11:27:59,17.4,--,37,64379,卖盘
1393,11:27:53,17.4,--,42,73080,卖盘
1394,11:27:48,17.4,--,31,53939,卖盘
1395,11:27:38,17.4,--,8,13919,卖盘
1396,11:27:33,17.4,--,110,191399,卖盘
1397,11:27:29,17.4,--,101,175740,卖盘
1398,11:27:23,17.4,0.01,11,19140,买盘
1399,11:27:18,17.39,-0.01,7,12173,中性盘
1400,11:27:14,17.4,--,10,17400,买盘
1401,11:27:08,17.4,0.03,215,374099,买盘
1402,11:27:03,17.37,--,64,111168,卖盘
1403,11:26:59,17.37,-0.03,6,10422,卖盘
1404,11:26:53,17.4,0.03,4,6959,买盘
1405,11:26:48,17.37,--,1,1737,卖盘
1406,11:26:44,17.37,--,4,6948,卖盘
1407,11:26:38,17.37,--,1,1737,卖盘
1408,11:26:33,17.37,-0.02,37,64269,卖盘
1409,11:26:29,17.39,0.02,1,1739,中性盘
1410,11:26:23,17.37,--,1,1737,卖盘
1411,11:26:18,17.37,-0.03,6,10422,卖盘
1412,11:26:14,17.4,0.01,20,34800,买盘
1413,11:26:08,17.39,0.02,2,3478,买盘
1414,11:26:03,17.37,--,10,17370,卖盘
1415,11:25:59,17.37,--,6,10422,卖盘
1416,11:25:53,17.37,--,4,6948,卖盘
1417,11:25:48,17.37,--,21,36477,卖盘
1418,11:25:43,17.37,-0.03,7,12159,卖盘
1419,11:25:38,17.4,0.03,114,198359,买盘
1420,11:25:33,17.37,--,109,189333,卖盘
1421,11:25:28,17.37,--,17,29529,卖盘
1422,11:25:18,17.37,0.01,12,20844,中性盘
1423,11:25:13,17.36,-0.01,4,6944,卖盘
1424,11:25:08,17.37,0.01,8,13896,中性盘
1425,11:25:03,17.36,-0.03,23,39928,中性盘
1426,11:24:58,17.39,--,9,15651,买盘
1427,11:24:53,17.39,0.04,4,6956,买盘
1428,11:24:48,17.35,-0.04,12,20820,卖盘
1429,11:24:38,17.39,0.04,57,99123,买盘
1430,11:24:33,17.35,-0.02,12,20820,卖盘
1431,11:24:28,17.37,0.01,8,13896,买盘
1432,11:24:23,17.36,--,5,8680,卖盘
1433,11:24:18,17.36,--,11,19096,卖盘
1434,11:24:13,17.36,--,4,6944,卖盘
1435,11:24:08,17.36,0.02,18,31248,买盘
1436,11:24:03,17.34,-0.02,65,112710,卖盘
1437,11:23:53,17.36,--,98,171360,卖盘
1438,11:23:48,17.36,-0.01,79,137144,卖盘
1439,11:23:38,17.37,0.01,14,24318,买盘
1440,11:23:33,17.36,--,16,27776,卖盘
1441,11:23:28,17.36,--,6,10416,卖盘
1442,11:23:23,17.36,--,113,196168,卖盘
1443,11:23:18,17.36,-0.01,8,13888,卖盘
1444,11:23:08,17.37,0.01,14,24318,买盘
1445,11:23:02,17.36,--,91,157976,卖盘
1446,11:22:58,17.36,--,10,17360,卖盘
1447,11:22:53,17.36,--,13,22568,卖盘
1448,11:22:47,17.36,--,6782,11773552,卖盘
1449,11:22:43,17.36,--,252,437472,卖盘
1450,11:22:38,17.36,--,13,22568,卖盘
1451,11:22:32,17.36,-0.01,114,197904,卖盘
1452,11:22:28,17.37,0.01,21,36477,买盘
1453,11:22:17,17.36,--,49,85064,卖盘
1454,11:22:13,17.36,--,5,8680,卖盘
1455,11:22:08,17.36,--,12,20832,卖盘
1456,11:22:02,17.36,--,9,15624,卖盘
1457,11:21:58,17.36,-0.01,16,27776,卖盘
1458,11:21:53,17.37,0.01,102,177174,买盘
1459,11:21:47,17.36,--,61,105896,卖盘
1460,11:21:43,17.36,--,20,34720,卖盘
1461,11:21:38,17.36,-0.01,8,13888,卖盘
1462,11:21:32,17.37,--,18,31266,买盘
1463,11:21:27,17.37,--,18,31266,买盘
1464,11:21:23,17.37,0.01,2,3474,买盘
1465,11:21:17,17.36,-0.02,12,20832,卖盘
1466,11:21:12,17.38,--,104,180752,买盘
1467,11:21:08,17.38,0.01,9,15642,买盘
1468,11:21:02,17.37,--,20,34740,卖盘
1469,11:20:57,17.37,--,176,305712,买盘
1470,11:20:53,17.37,0.01,25,43425,买盘
1471,11:20:47,17.36,-0.01,11,19096,卖盘
1472,11:20:38,17.37,0.01,15,26055,买盘
1473,11:20:32,17.36,--,41,71176,卖盘
1474,11:20:27,17.36,-0.01,9,15624,卖盘
1475,11:20:23,17.37,--,8,13896,买盘
1476,11:20:17,17.37,--,113,196281,买盘
1477,11:20:08,17.37,0.01,14,24318,买盘
1478,11:20:02,17.36,--,19,32984,卖盘
1479,11:19:57,17.36,--,16,27776,卖盘
1480,11:19:47,17.36,0.02,1721,2988159,买盘
1481,11:19:42,17.34,--,9,15606,卖盘
1482,11:19:38,17.34,--,8,13872,卖盘
1483,11:19:32,17.34,-0.01,10,17340,卖盘
1484,11:19:27,17.35,0.01,32,55520,买盘
1485,11:19:17,17.34,--,13,22542,卖盘
1486,11:19:12,17.34,-0.01,6,10404,卖盘
1487,11:19:08,17.35,0.01,13,22555,买盘
1488,11:19:02,17.34,--,10,17340,卖盘
1489,11:18:57,17.34,--,17,29478,卖盘
1490,11:18:53,17.34,--,5,8670,卖盘
1491,11:18:47,17.34,--,13,22542,卖盘
1492,11:18:42,17.34,--,5,8670,卖盘
1493,11:18:38,17.34,--,8,13872,卖盘
1494,11:18:32,17.34,--,13,22542,卖盘
1495,11:18:27,17.34,--,13,22542,卖盘
1496,11:18:17,17.34,-0.02,346,601195,卖盘
1497,11:18:12,17.36,0.01,1,1736,买盘
1498,11:18:08,17.35,--,8,13880,卖盘
1499,11:18:02,17.35,--,33,57255,卖盘
1500,11:17:57,17.35,--,8,13880,卖盘
1501,11:17:47,17.35,-0.01,52,90220,卖盘
1502,11:17:42,17.36,0.01,62,107632,买盘
1503,11:17:37,17.35,--,13,22555,卖盘
1504,11:17:32,17.35,-0.01,15,26025,卖盘
1505,11:17:27,17.36,0.01,108,187488,买盘
1506,11:17:22,17.35,-0.01,4,6940,卖盘
1507,11:17:17,17.36,0.01,142,246512,买盘
1508,11:17:12,17.35,--,5,8675,卖盘
1509,11:17:07,17.35,--,12,20820,卖盘
1510,11:17:02,17.35,--,10,17350,卖盘
1511,11:16:57,17.35,--,13,22555,卖盘
1512,11:16:52,17.35,--,4,6940,卖盘
1513,11:16:47,17.35,--,15,26025,卖盘
1514,11:16:42,17.35,--,5,8675,卖盘
1515,11:16:37,17.35,--,8,13880,卖盘
1516,11:16:32,17.35,--,9,15615,卖盘
1517,11:16:27,17.35,0.01,1780,3088803,买盘
1518,11:16:22,17.34,--,4,6936,卖盘
1519,11:16:17,17.34,--,9,15606,卖盘
1520,11:16:12,17.34,--,6,10404,卖盘
1521,11:16:07,17.34,--,8,13872,卖盘
1522,11:16:02,17.34,--,12,20808,卖盘
1523,11:15:57,17.34,--,21,36414,卖盘
1524,11:15:47,17.34,--,8,13872,卖盘
1525,11:15:42,17.34,--,5,8670,卖盘
1526,11:15:37,17.34,--,7,12138,卖盘
1527,11:15:32,17.34,--,16,27744,卖盘
1528,11:15:26,17.34,-0.01,12,20808,卖盘
1529,11:15:17,17.35,--,114,197790,买盘
1530,11:15:11,17.35,0.01,1,1735,买盘
1531,11:15:07,17.34,--,22,38148,卖盘
1532,11:15:02,17.34,--,18,31212,卖盘
1533,11:14:56,17.34,--,7,12138,卖盘
1534,11:14:47,17.34,--,113,195942,卖盘
1535,11:14:41,17.34,--,6,10404,卖盘
1536,11:14:37,17.34,--,8,13872,卖盘
1537,11:14:32,17.34,0.01,1168,2025312,买盘
1538,11:14:26,17.33,--,7,12130,卖盘
1539,11:14:17,17.33,-0.01,16,27727,卖盘
1540,11:14:11,17.34,0.01,4,6936,买盘
1541,11:14:07,17.33,--,13,22528,卖盘
1542,11:14:02,17.33,--,19,32927,卖盘
1543,11:13:56,17.33,--,7,12130,卖盘
1544,11:13:52,17.33,--,39,67587,卖盘
1545,11:13:47,17.33,--,26,45057,卖盘
1546,11:13:41,17.33,--,330,571890,卖盘
1547,11:13:37,17.33,--,13,22528,卖盘
1548,11:13:32,17.33,-0.01,25,43324,卖盘
1549,11:13:26,17.34,--,22,38148,买盘
1550,11:13:22,17.34,0.01,3,5202,买盘
1551,11:13:17,17.33,--,8,13863,卖盘
1552,11:13:11,17.33,--,16,27727,卖盘
1553,11:13:07,17.33,--,8,13863,卖盘
1554,11:13:02,17.33,--,19,32927,卖盘
1555,11:12:56,17.33,-0.01,16,27727,卖盘
1556,11:12:47,17.34,0.01,300,520928,买盘
1557,11:12:41,17.33,--,5,8665,卖盘
1558,11:12:36,17.33,--,13,22528,卖盘
1559,11:12:32,17.33,--,168,291144,卖盘
1560,11:12:26,17.33,--,16,27727,卖盘
1561,11:12:17,17.33,--,15,25994,卖盘
1562,11:12:11,17.33,-0.01,6,10397,卖盘
1563,11:12:06,17.34,--,732,1269288,卖盘
1564,11:12:02,17.34,--,24,41616,卖盘
1565,11:11:56,17.34,-0.01,7,12138,卖盘
1566,11:11:51,17.35,0.01,1,1735,买盘
1567,11:11:47,17.34,-0.01,47,81498,卖盘
1568,11:11:41,17.35,0.01,9,15615,买盘
1569,11:11:36,17.34,-0.01,24,41616,卖盘
1570,11:11:26,17.35,--,154,268421,卖盘
1571,11:11:21,17.35,--,367,636745,卖盘
1572,11:11:17,17.35,-0.01,7,12145,卖盘
1573,11:11:11,17.36,--,9,15624,买盘
1574,11:11:06,17.36,0.01,32,55552,买盘
1575,11:11:02,17.35,--,4,6940,卖盘
1576,11:10:56,17.35,-0.01,246,426810,卖盘
1577,11:10:51,17.36,--,47,81592,卖盘
1578,11:10:46,17.36,--,7,12152,卖盘
1579,11:10:36,17.36,--,67,116312,卖盘
1580,11:10:26,17.36,--,9,15624,卖盘
1581,11:10:21,17.36,--,104,180544,卖盘
1582,11:10:16,17.36,-0.01,7,12152,卖盘
1583,11:10:11,17.37,0.01,10,17370,买盘
1584,11:10:06,17.36,--,18,31248,卖盘
1585,11:10:01,17.36,--,5,8680,卖盘
1586,11:09:56,17.36,-0.01,24,41664,卖盘
1587,11:09:51,17.37,0.01,2,3474,买盘
1588,11:09:46,17.36,--,27,46872,卖盘
1589,11:09:41,17.36,--,20,34720,卖盘
1590,11:09:36,17.36,-0.01,48,83328,卖盘
1591,11:09:31,17.37,0.01,3,5211,买盘
1592,11:09:26,17.36,-0.01,12,20832,卖盘
1593,11:09:21,17.37,0.01,19,33003,买盘
1594,11:09:16,17.36,--,7,12152,卖盘
1595,11:09:11,17.36,--,19,32984,卖盘
1596,11:09:06,17.36,--,19,32984,卖盘
1597,11:09:01,17.36,--,13,22568,卖盘
1598,11:08:56,17.36,--,31,53816,卖盘
1599,11:08:46,17.36,--,12,20832,卖盘
1600,11:08:36,17.36,--,21,36456,卖盘
1601,11:08:31,17.36,--,4,6944,卖盘
1602,11:08:26,17.36,-0.01,13,22568,卖盘
1603,11:08:21,17.37,0.01,82,142434,买盘
1604,11:08:16,17.36,-0.01,8,13888,卖盘
1605,11:08:11,17.37,0.01,162,281394,买盘
1606,11:08:05,17.36,--,24,41664,卖盘
1607,11:08:01,17.36,--,5,8680,卖盘
1608,11:07:56,17.36,--,21,36456,卖盘
1609,11:07:50,17.36,--,5,8680,卖盘
1610,11:07:46,17.36,--,8,13888,卖盘
1611,11:07:41,17.36,-0.02,5,8680,卖盘
1612,11:07:35,17.38,0.01,48,83424,买盘
1613,11:07:31,17.37,--,0,0,买盘
1614,11:07:26,17.37,--,85,147645,卖盘
1615,11:07:20,17.37,--,5,8685,卖盘
1616,11:07:16,17.37,0.01,12,20844,卖盘
1617,11:07:11,17.36,--,0,0,卖盘
1618,11:07:05,17.36,-0.01,30,52080,卖盘
1619,11:07:01,17.37,--,24,41688,买盘
1620,11:06:56,17.37,0.01,21,36477,买盘
1621,11:06:50,17.36,--,5,8680,卖盘
1622,11:06:46,17.36,-0.01,8,13888,卖盘
1623,11:06:41,17.37,0.01,29,50373,中性盘
1624,11:06:35,17.36,-0.02,18,31248,卖盘
1625,11:06:31,17.38,0.01,501,870738,买盘
1626,11:06:26,17.37,--,117,203229,卖盘
1627,11:06:16,17.37,--,88,152856,卖盘
1628,11:06:11,17.37,--,6,10422,卖盘
1629,11:06:05,17.37,0.01,612,1063044,买盘
1630,11:06:01,17.36,--,5,8680,卖盘
1631,11:05:56,17.36,--,17,29512,卖盘
1632,11:05:50,17.36,0.01,46,79856,买盘
1633,11:05:46,17.35,-0.01,13,22555,卖盘
1634,11:05:41,17.36,--,10,17360,买盘
1635,11:05:35,17.36,--,370,642320,卖盘
1636,11:05:31,17.36,--,4,6944,卖盘
1637,11:05:26,17.36,0.01,203,352408,买盘
1638,11:05:16,17.35,-0.01,18,31230,卖盘
1639,11:05:11,17.36,0.01,6,10416,买盘
1640,11:05:05,17.35,--,37,64195,卖盘
1641,11:05:00,17.35,--,104,180440,卖盘
1642,11:04:56,17.35,--,7,12578,卖盘
1643,11:04:50,17.35,--,88,152680,卖盘
1644,11:04:45,17.35,--,22,38170,卖盘
1645,11:04:41,17.35,--,5,8675,卖盘
1646,11:04:35,17.35,-0.01,24,41640,卖盘
1647,11:04:30,17.36,0.01,6,10416,买盘
1648,11:04:26,17.35,--,57,98895,卖盘
1649,11:04:20,17.35,--,10,17350,卖盘
1650,11:04:15,17.35,--,11,19085,卖盘
1651,11:04:11,17.35,--,21,36435,卖盘
1652,11:04:05,17.35,--,75,130125,卖盘
1653,11:03:56,17.35,-0.01,132,229020,卖盘
1654,11:03:45,17.36,--,8,13888,卖盘
1655,11:03:40,17.36,--,4,6944,卖盘
1656,11:03:35,17.36,--,138,239568,卖盘
1657,11:03:30,17.36,--,11,19096,卖盘
1658,11:03:25,17.36,--,6,10416,卖盘
1659,11:03:15,17.36,-0.01,9,15624,卖盘
1660,11:03:10,17.37,--,20,34740,卖盘
1661,11:03:05,17.37,--,23,39951,卖盘
1662,11:03:00,17.37,--,15,26055,卖盘
1663,11:02:55,17.37,--,6,10422,卖盘
1664,11:02:50,17.37,--,10,17370,卖盘
1665,11:02:45,17.37,--,22,38214,卖盘
1666,11:02:35,17.37,--,28,48636,卖盘
1667,11:02:30,17.37,--,17,29529,卖盘
1668,11:02:25,17.37,--,1,1737,卖盘
1669,11:02:15,17.37,-0.01,37,64269,卖盘
1670,11:02:10,17.38,--,4,6952,买盘
1671,11:02:05,17.38,--,36,62568,买盘
1672,11:02:00,17.38,--,13,22594,卖盘
1673,11:01:55,17.38,--,14,24332,卖盘
1674,11:01:50,17.38,--,9,15642,卖盘
1675,11:01:45,17.38,--,132,229416,卖盘
1676,11:01:35,17.38,--,22,38236,卖盘
1677,11:01:30,17.38,--,71,123398,卖盘
1678,11:01:25,17.38,--,1,1738,卖盘
1679,11:01:20,17.38,0.01,651,1131438,买盘
1680,11:01:15,17.37,--,47,81639,卖盘
1681,11:01:10,17.37,--,6,10422,卖盘
1682,11:01:05,17.37,--,27,46899,卖盘
1683,11:01:00,17.37,0.01,46,79902,买盘
1684,11:00:55,17.36,-0.01,10,17360,卖盘
1685,11:00:50,17.37,--,19,33003,买盘
1686,11:00:44,17.37,0.01,43,74691,中性盘
1687,11:00:40,17.36,--,4,6944,卖盘
1688,11:00:35,17.36,-0.01,1222,2121392,卖盘
1689,11:00:29,17.37,0.01,17,29529,买盘
1690,11:00:25,17.36,-0.01,39,67704,卖盘
1691,11:00:20,17.37,0.01,5,8685,买盘
1692,11:00:14,17.36,--,91,157976,卖盘
1693,11:00:10,17.36,--,25,43400,卖盘
1694,11:00:04,17.36,0.01,1159,2012024,买盘
1695,10:59:59,17.35,--,216,374760,卖盘
1696,10:59:55,17.35,0.01,1014,1759359,买盘
1697,10:59:50,17.34,--,5,8670,卖盘
1698,10:59:44,17.34,--,685,1187790,买盘
1699,10:59:40,17.34,0.01,500,867000,买盘
1700,10:59:35,17.33,--,80,138640,卖盘
1701,10:59:29,17.33,--,12,20795,卖盘
1702,10:59:25,17.33,-0.01,1,1732,卖盘
1703,10:59:20,17.34,0.01,36,62424,买盘
1704,10:59:14,17.33,--,13,22528,卖盘
1705,10:59:05,17.33,--,25,43324,卖盘
1706,10:58:59,17.33,--,21,36393,卖盘
1707,10:58:55,17.33,-0.01,7,12130,卖盘
1708,10:58:50,17.34,0.01,2,3468,买盘
1709,10:58:44,17.33,--,22,38125,卖盘
1710,10:58:40,17.33,--,20,34660,卖盘
1711,10:58:35,17.33,--,62,107445,卖盘
1712,10:58:29,17.33,0.01,70,121309,买盘
1713,10:58:25,17.32,--,3,5196,卖盘
1714,10:58:20,17.32,--,5,8660,卖盘
1715,10:58:14,17.32,-0.01,7,12124,卖盘
1716,10:58:10,17.33,0.01,1,1732,买盘
1717,10:58:04,17.32,--,28,48496,卖盘
1718,10:57:59,17.32,--,24,41568,卖盘
1719,10:57:55,17.32,--,1,1732,卖盘
1720,10:57:49,17.32,--,6,10392,卖盘
1721,10:57:44,17.32,--,11,19052,卖盘
1722,10:57:35,17.32,--,22,38104,卖盘
1723,10:57:29,17.32,--,355,614860,卖盘
1724,10:57:25,17.32,--,8,13856,卖盘
1725,10:57:20,17.32,--,5,8660,卖盘
1726,10:57:14,17.32,--,10,17320,卖盘
1727,10:57:10,17.32,--,5,8660,卖盘
1728,10:57:05,17.32,--,161,278852,卖盘
1729,10:56:59,17.32,-0.02,12,20784,卖盘
1730,10:56:54,17.34,0.01,16,27744,买盘
1731,10:56:50,17.33,--,10,17330,卖盘
1732,10:56:44,17.33,--,113,195828,卖盘
1733,10:56:35,17.33,--,17,29460,卖盘
1734,10:56:29,17.33,0.01,210,363929,买盘
1735,10:56:24,17.32,--,19,32908,卖盘
1736,10:56:19,17.32,--,68,119334,卖盘
1737,10:56:14,17.32,-0.01,16,27712,卖盘
1738,10:56:09,17.33,0.01,1,1732,买盘
1739,10:56:04,17.32,--,27,46764,卖盘
1740,10:55:59,17.32,--,27,48063,卖盘
1741,10:55:54,17.32,--,4,6928,卖盘
1742,10:55:44,17.32,--,44,76208,卖盘
1743,10:55:39,17.32,--,126,218232,卖盘
1744,10:55:34,17.32,--,29,50228,卖盘
1745,10:55:29,17.32,--,7,12124,卖盘
1746,10:55:24,17.32,--,55,95260,卖盘
1747,10:55:19,17.32,--,333,576756,卖盘
1748,10:55:14,17.32,-0.01,164,284048,卖盘
1749,10:55:09,17.33,0.01,79,136907,买盘
1750,10:55:04,17.32,--,10,17320,卖盘
1751,10:54:59,17.32,--,33,57156,卖盘
1752,10:54:54,17.32,-0.01,7,12124,卖盘
1753,10:54:49,17.33,0.01,14,24261,买盘
1754,10:54:44,17.32,-0.01,9,15588,卖盘
1755,10:54:39,17.33,0.01,42,72786,买盘
1756,10:54:29,17.32,--,7,12124,卖盘
1757,10:54:24,17.32,-0.01,513,888516,卖盘
1758,10:54:19,17.33,0.01,1,1732,买盘
1759,10:54:14,17.32,--,10,17320,卖盘
1760,10:54:09,17.32,--,22,38104,卖盘
1761,10:54:04,17.32,--,3,5196,卖盘
1762,10:53:59,17.32,--,14,24248,卖盘
1763,10:53:54,17.32,--,8,13856,卖盘
1764,10:53:44,17.32,--,8,13856,卖盘
1765,10:53:39,17.32,--,33,57156,卖盘
1766,10:53:34,17.32,--,7,12124,卖盘
1767,10:53:29,17.32,--,12,20784,卖盘
1768,10:53:23,17.32,--,13,22516,卖盘
1769,10:53:13,17.32,--,16,27712,卖盘
1770,10:53:08,17.32,--,13,22516,卖盘
1771,10:53:04,17.32,-0.01,22,38104,卖盘
1772,10:52:58,17.33,0.01,24,41591,买盘
1773,10:52:53,17.32,-0.01,103,178396,卖盘
1774,10:52:48,17.33,0.01,5,8665,买盘
1775,10:52:44,17.32,-0.01,17,29444,卖盘
1776,10:52:38,17.33,0.01,254,440181,买盘
1777,10:52:34,17.32,--,7,12124,卖盘
1778,10:52:29,17.32,--,18,31176,卖盘
1779,10:52:23,17.32,--,27,46764,卖盘
1780,10:52:19,17.32,--,4,6928,卖盘
1781,10:52:14,17.32,--,9,15588,卖盘
1782,10:52:08,17.32,--,17,29444,卖盘
1783,10:52:04,17.32,--,9,15588,卖盘
1784,10:51:59,17.32,0.01,1021,1769082,买盘
1785,10:51:53,17.31,--,8,13847,卖盘
1786,10:51:48,17.31,--,4,6923,卖盘
1787,10:51:44,17.31,-0.01,8,13847,卖盘
1788,10:51:38,17.32,0.01,28,48496,买盘
1789,10:51:33,17.31,--,3,5193,卖盘
1790,10:51:29,17.31,--,45,77895,卖盘
1791,10:51:23,17.31,--,8,13847,卖盘
1792,10:51:14,17.31,--,9,15578,卖盘
1793,10:51:08,17.31,--,137,237146,卖盘
1794,10:51:03,17.31,--,11,19041,卖盘
1795,10:50:58,17.31,--,69,119438,卖盘
1796,10:50:53,17.31,-0.01,8,13847,卖盘
1797,10:50:48,17.32,0.01,15,25980,买盘
1798,10:50:43,17.31,--,9,15578,卖盘
1799,10:50:38,17.31,--,25,43275,卖盘
1800,10:50:34,17.31,--,16,27695,卖盘
1801,10:50:28,17.31,--,7,12117,卖盘
1802,10:50:23,17.31,--,108,186948,卖盘
1803,10:50:14,17.31,-0.01,32,55391,卖盘
1804,10:50:08,17.32,0.01,17,29444,买盘
1805,10:50:04,17.31,-0.01,4,6923,卖盘
1806,10:49:58,17.32,0.01,49,84868,买盘
1807,10:49:53,17.31,--,8,13847,卖盘
1808,10:49:44,17.31,--,13,22503,卖盘
1809,10:49:38,17.31,-0.01,28,49056,卖盘
1810,10:49:33,17.32,0.01,64,110848,买盘
1811,10:49:28,17.31,--,17,29426,卖盘
1812,10:49:23,17.31,--,3,5193,卖盘
1813,10:49:13,17.31,-0.01,12,20772,卖盘
1814,10:49:08,17.32,0.01,18,31176,买盘
1815,10:49:04,17.31,--,9,15578,卖盘
1816,10:48:58,17.31,0.01,291,504222,买盘
1817,10:48:53,17.3,--,9,15570,卖盘
1818,10:48:48,17.3,--,4,6920,卖盘
1819,10:48:43,17.3,--,9,15570,卖盘
1820,10:48:38,17.3,--,22,38060,卖盘
1821,10:48:33,17.3,--,7,12110,卖盘
1822,10:48:28,17.3,--,7,12110,卖盘
1823,10:48:23,17.3,--,7,12110,卖盘
1824,10:48:13,17.3,--,14,24220,卖盘
1825,10:48:08,17.3,--,21,36330,卖盘
1826,10:48:03,17.3,--,5,8650,卖盘
1827,10:47:58,17.3,--,20,34600,卖盘
1828,10:47:53,17.3,-0.01,2,3460,卖盘
1829,10:47:48,17.31,--,26,46235,卖盘
1830,10:47:43,17.31,--,14,24234,卖盘
1831,10:47:38,17.31,--,58,100899,卖盘
1832,10:47:33,17.31,-0.01,2,3461,卖盘
1833,10:47:28,17.32,0.01,307,531724,买盘
1834,10:47:23,17.31,-0.01,111,192141,卖盘
1835,10:47:18,17.32,--,26,45032,买盘
1836,10:47:13,17.32,0.01,5,8660,买盘
1837,10:47:08,17.31,--,115,199064,卖盘
1838,10:47:03,17.31,--,7,12117,卖盘
1839,10:46:58,17.31,--,16,27695,卖盘
1840,10:46:53,17.31,--,11,19041,卖盘
1841,10:46:48,17.31,--,9,15578,卖盘
1842,10:46:43,17.31,--,4,6923,卖盘
1843,10:46:38,17.31,--,15,25964,卖盘
1844,10:46:33,17.31,0.01,207,358317,买盘
1845,10:46:28,17.3,--,8,13840,卖盘
1846,10:46:23,17.3,--,3,5190,卖盘
1847,10:46:18,17.3,-0.01,112,193760,卖盘
1848,10:46:13,17.31,--,1,1730,买盘
1849,10:46:08,17.31,0.01,32,55391,买盘
1850,10:46:02,17.3,--,12,20760,卖盘
1851,10:45:58,17.3,--,17,29410,卖盘
1852,10:45:53,17.3,--,7,12110,卖盘
1853,10:45:47,17.3,--,12,20760,卖盘
1854,10:45:43,17.3,--,5,8650,卖盘
1855,10:45:37,17.3,--,16,27680,卖盘
1856,10:45:32,17.3,--,6,10380,卖盘
1857,10:45:28,17.3,--,7,12110,卖盘
1858,10:45:22,17.3,--,8,13840,卖盘
1859,10:45:17,17.3,-0.01,5,8650,卖盘
1860,10:45:12,17.31,-0.01,1183,2047772,卖盘
1861,10:45:07,17.32,0.01,22,38104,买盘
1862,10:45:02,17.31,-0.01,8,13847,卖盘
1863,10:44:57,17.32,0.01,27,46764,买盘
1864,10:44:52,17.31,--,12,20772,卖盘
1865,10:44:47,17.31,--,18,31157,卖盘
1866,10:44:37,17.31,-0.01,93,160983,卖盘
1867,10:44:32,17.32,0.01,53,91796,买盘
1868,10:44:27,17.31,--,11,19041,卖盘
1869,10:44:22,17.31,--,9,15578,卖盘
1870,10:44:17,17.31,--,8,13847,卖盘
1871,10:44:12,17.31,--,7,12117,卖盘
1872,10:44:07,17.31,--,21,36351,卖盘
1873,10:44:02,17.31,--,144,249263,卖盘
1874,10:43:57,17.31,--,1021,1767350,卖盘
1875,10:43:52,17.31,--,3,5193,卖盘
1876,10:43:47,17.31,-0.01,9,15578,卖盘
1877,10:43:42,17.32,0.01,6,10392,买盘
1878,10:43:37,17.31,--,45,77895,卖盘
1879,10:43:32,17.31,--,3,5193,卖盘
1880,10:43:27,17.31,--,12,20772,卖盘
1881,10:43:23,17.31,-0.01,4,6923,卖盘
1882,10:43:17,17.32,0.01,127,219964,买盘
1883,10:43:12,17.31,-0.01,5,8655,卖盘
1884,10:43:07,17.32,0.01,17,29444,买盘
1885,10:43:02,17.31,--,13,22503,卖盘
1886,10:42:57,17.31,--,6,10386,卖盘
1887,10:42:53,17.31,--,29,50198,卖盘
1888,10:42:47,17.31,--,16,27695,卖盘
1889,10:42:37,17.31,--,18,31157,卖盘
1890,10:42:32,17.31,0.01,473,818762,买盘
1891,10:42:27,17.3,--,106,183380,卖盘
1892,10:42:22,17.3,--,7,12110,卖盘
1893,10:42:17,17.3,-0.01,12,20760,卖盘
1894,10:42:07,17.31,0.01,118,204257,买盘
1895,10:42:02,17.3,--,12,20760,卖盘
1896,10:41:57,17.3,-0.01,10,17300,卖盘
1897,10:41:52,17.31,--,115,199064,买盘
1898,10:41:47,17.31,--,46,79626,买盘
1899,10:41:42,17.31,0.01,800,1384800,买盘
1900,10:41:37,17.3,--,22,38060,卖盘
1901,10:41:32,17.3,--,8,13840,卖盘
1902,10:41:27,17.3,--,6,10380,卖盘
1903,10:41:22,17.3,--,7,12110,卖盘
1904,10:41:17,17.3,-0.01,8,13840,卖盘
1905,10:41:07,17.31,--,26,45006,买盘
1906,10:41:02,17.31,--,13,22503,买盘
1907,10:40:57,17.31,0.01,23,39813,买盘
1908,10:40:52,17.3,--,74,128020,卖盘
1909,10:40:47,17.3,-0.01,12,20760,卖盘
1910,10:40:42,17.31,0.01,85,147135,买盘
1911,10:40:37,17.3,--,17,29410,卖盘
1912,10:40:32,17.3,--,31,53630,卖盘
1913,10:40:27,17.3,-0.01,10,17300,卖盘
1914,10:40:22,17.31,0.01,7,12117,买盘
1915,10:40:17,17.3,--,23,39790,卖盘
1916,10:40:12,17.3,-0.01,6,10380,卖盘
1917,10:40:07,17.31,0.01,18,31157,买盘
1918,10:40:02,17.3,--,73,126290,卖盘
1919,10:39:57,17.3,--,7,12110,卖盘
1920,10:39:52,17.3,--,55,95150,卖盘
1921,10:39:47,17.3,--,11,19030,卖盘
1922,10:39:42,17.3,--,9,15570,卖盘
1923,10:39:37,17.3,--,15,25950,卖盘
1924,10:39:32,17.3,--,12,20760,卖盘
1925,10:39:27,17.3,--,8,13840,卖盘
1926,10:39:22,17.3,--,14,24220,卖盘
1927,10:39:17,17.3,--,10,17300,卖盘
1928,10:39:11,17.3,-0.01,1,1730,卖盘
1929,10:39:07,17.31,0.02,55,95205,买盘
1930,10:39:02,17.29,--,32,55328,卖盘
1931,10:38:56,17.29,-0.01,7,12103,卖盘
1932,10:38:52,17.3,0.01,9,15570,买盘
1933,10:38:47,17.29,--,8,13832,卖盘
1934,10:38:41,17.29,--,6,10374,卖盘
1935,10:38:37,17.29,-0.01,15,25935,卖盘
1936,10:38:32,17.3,--,46,79580,卖盘
1937,10:38:26,17.3,--,50,86500,卖盘
1938,10:38:22,17.3,--,64,110720,卖盘
1939,10:38:16,17.3,--,34,58820,卖盘
1940,10:38:11,17.3,--,7,12110,卖盘
1941,10:38:07,17.3,0.01,94,162620,买盘
1942,10:38:01,17.29,-0.01,94,162526,卖盘
1943,10:37:56,17.3,--,355,614150,买盘
1944,10:37:52,17.3,--,160,276800,买盘
1945,10:37:46,17.3,0.01,303,524190,买盘
1946,10:37:41,17.29,--,6,10374,卖盘
1947,10:37:37,17.29,--,18,31122,卖盘
1948,10:37:31,17.29,--,14,24206,卖盘
1949,10:37:26,17.29,--,249,430521,卖盘
1950,10:37:16,17.29,--,27,46683,卖盘
1951,10:37:11,17.29,--,7,12103,卖盘
1952,10:37:06,17.29,--,17,29393,卖盘
1953,10:37:01,17.29,--,20,34580,卖盘
1954,10:36:56,17.29,--,12,20748,卖盘
1955,10:36:46,17.29,--,11,19019,卖盘
1956,10:36:41,17.29,--,1,1729,卖盘
1957,10:36:36,17.29,--,28,48412,卖盘
1958,10:36:31,17.29,--,7,12103,卖盘
1959,10:36:26,17.29,--,8,13832,卖盘
1960,10:36:16,17.29,--,66,114114,卖盘
1961,10:36:11,17.29,--,67,115843,卖盘
1962,10:36:06,17.29,-0.01,16,27664,卖盘
1963,10:36:01,17.3,--,13,22490,买盘
1964,10:35:56,17.3,0.01,43,74390,买盘
1965,10:35:46,17.29,--,38,65702,卖盘
1966,10:35:41,17.29,--,9,15561,卖盘
1967,10:35:36,17.29,--,530,916370,卖盘
1968,10:35:31,17.29,--,3,5187,卖盘
1969,10:35:26,17.29,--,62,107198,卖盘
1970,10:35:21,17.29,--,9,15561,卖盘
1971,10:35:16,17.29,--,7,12103,卖盘
1972,10:35:11,17.29,--,39,67431,卖盘
1973,10:35:06,17.29,-0.01,81,140049,卖盘
1974,10:35:01,17.3,0.01,64,110720,买盘
1975,10:34:56,17.29,-0.01,16,27664,卖盘
1976,10:34:51,17.3,0.01,1,1730,买盘
1977,10:34:46,17.29,--,11,19019,卖盘
1978,10:34:41,17.29,--,9,15561,卖盘
1979,10:34:36,17.29,--,16,27664,卖盘
1980,10:34:31,17.29,--,42,72618,卖盘
1981,10:34:26,17.29,--,12,20748,卖盘
1982,10:34:16,17.29,--,42,72618,卖盘
1983,10:34:11,17.29,--,7,12103,卖盘
1984,10:34:06,17.29,--,20,34580,卖盘
1985,10:34:01,17.29,--,75,129675,卖盘
1986,10:33:56,17.29,--,69,119301,卖盘
1987,10:33:46,17.29,--,7,12103,卖盘
1988,10:33:41,17.29,--,45,77805,卖盘
1989,10:33:36,17.29,--,16,27664,卖盘
1990,10:33:31,17.29,--,5,8645,卖盘
1991,10:33:26,17.29,-0.01,9,15561,卖盘
1992,10:33:16,17.3,0.01,18,31140,买盘
1993,10:33:11,17.29,--,26,44954,卖盘
1994,10:33:06,17.29,--,20,34580,卖盘
1995,10:33:01,17.29,-0.01,250,432250,卖盘
1996,10:32:56,17.3,0.01,107,185110,买盘
1997,10:32:51,17.29,--,22,38038,卖盘
1998,10:32:46,17.29,--,32,55328,卖盘
1999,10:32:41,17.29,--,2,3458,卖盘
2000,10:32:36,17.29,--,17,29393,卖盘
2001,10:32:31,17.29,--,5,8645,卖盘
2002,10:32:26,17.29,--,12,20748,卖盘
2003,10:32:20,17.29,--,5,8645,卖盘
2004,10:32:16,17.29,--,13,22477,卖盘
2005,10:32:11,17.29,--,2,3458,卖盘
2006,10:32:05,17.29,--,20,34580,卖盘
2007,10:32:01,17.29,--,110,190190,卖盘
2008,10:31:55,17.29,--,49,84721,卖盘
2009,10:31:50,17.29,--,11,19019,卖盘
2010,10:31:40,17.29,--,6,10374,卖盘
2011,10:31:35,17.29,--,28,48412,卖盘
2012,10:31:25,17.29,-0.01,13,22477,卖盘
2013,10:31:20,17.3,0.01,9,15570,买盘
2014,10:31:16,17.29,--,220,380380,卖盘
2015,10:31:10,17.29,--,12,20748,卖盘
2016,10:31:05,17.29,--,18,31122,卖盘
2017,10:31:01,17.29,--,4,6916,卖盘
2018,10:30:55,17.29,--,194,335426,卖盘
2019,10:30:50,17.29,-0.01,83,143507,卖盘
2020,10:30:46,17.3,0.01,2,3460,买盘
2021,10:30:40,17.29,--,6,10374,卖盘
2022,10:30:35,17.29,--,20,34580,卖盘
2023,10:30:31,17.29,--,4,6916,卖盘
2024,10:30:25,17.29,--,189,326781,卖盘
2025,10:30:20,17.29,--,12,20748,卖盘
2026,10:30:16,17.29,--,25,43225,卖盘
2027,10:30:10,17.29,--,32,55328,卖盘
2028,10:30:05,17.29,--,23,39767,卖盘
2029,10:30:00,17.29,--,55,95095,卖盘
2030,10:29:55,17.29,--,13,22477,卖盘
2031,10:29:50,17.29,--,12,20748,卖盘
2032,10:29:40,17.29,--,1,1729,卖盘
2033,10:29:35,17.29,-0.01,91,158843,卖盘
2034,10:29:30,17.3,0.01,63,108990,买盘
2035,10:29:25,17.29,--,22,38349,卖盘
2036,10:29:20,17.29,--,111,191919,卖盘
2037,10:29:15,17.29,--,10,17290,卖盘
2038,10:29:10,17.29,0.01,89,153881,买盘
2039,10:29:05,17.28,-0.02,36,62208,卖盘
2040,10:29:00,17.3,0.01,67,115910,买盘
2041,10:28:55,17.29,--,23,39767,卖盘
2042,10:28:50,17.29,--,11,19019,卖盘
2043,10:28:45,17.29,0.01,4,6916,卖盘
2044,10:28:40,17.28,--,2,3456,卖盘
2045,10:28:35,17.28,-0.01,113,196680,卖盘
2046,10:28:30,17.29,--,41,70889,买盘
2047,10:28:25,17.29,0.01,18,31122,买盘
2048,10:28:20,17.28,--,11,19008,卖盘
2049,10:28:15,17.28,--,1,1728,卖盘
2050,10:28:10,17.28,--,6,10368,卖盘
2051,10:28:05,17.28,--,18,31104,卖盘
2052,10:28:00,17.28,--,18,31104,卖盘
2053,10:27:55,17.28,-0.01,51,88128,卖盘
2054,10:27:50,17.29,0.01,16,27664,买盘
2055,10:27:40,17.28,--,10,17280,卖盘
2056,10:27:35,17.28,--,18,31104,卖盘
2057,10:27:30,17.28,--,4,6912,卖盘
2058,10:27:25,17.28,-0.01,13,22464,卖盘
2059,10:27:15,17.29,--,3,5498,卖盘
2060,10:27:10,17.29,--,17,29393,卖盘
2061,10:27:05,17.29,--,129,223041,卖盘
2062,10:27:00,17.29,--,33,58768,卖盘
2063,10:26:55,17.29,--,7,12103,卖盘
2064,10:26:50,17.29,--,47,81263,卖盘
2065,10:26:45,17.29,--,5,8645,卖盘
2066,10:26:40,17.29,--,9,15561,卖盘
2067,10:26:35,17.29,-0.01,22,38038,卖盘
2068,10:26:30,17.3,0.01,11,19030,买盘
2069,10:26:25,17.29,--,9,15561,卖盘
2070,10:26:20,17.29,--,38,65702,卖盘
2071,10:26:15,17.29,--,5,8645,卖盘
2072,10:26:10,17.29,--,2,3458,卖盘
2073,10:26:05,17.29,--,23,39767,卖盘
2074,10:26:00,17.29,--,5,8645,卖盘
2075,10:25:55,17.29,--,26,44954,卖盘
2076,10:25:50,17.29,--,38,65702,卖盘
2077,10:25:40,17.29,--,5,8645,卖盘
2078,10:25:35,17.29,-0.01,21,36309,卖盘
2079,10:25:30,17.3,--,1,1730,买盘
2080,10:25:25,17.3,0.01,20,34600,买盘
2081,10:25:20,17.29,--,15,25935,卖盘
2082,10:25:10,17.29,-0.01,6,10374,卖盘
2083,10:25:05,17.3,0.01,19,32870,买盘
2084,10:24:59,17.29,-0.01,8,13832,卖盘
2085,10:24:55,17.3,0.01,18,31140,买盘
2086,10:24:50,17.29,--,27,46683,卖盘
2087,10:24:40,17.29,--,9,17117,卖盘
2088,10:24:34,17.29,--,22,38038,卖盘
2089,10:24:25,17.29,--,16,27664,卖盘
2090,10:24:19,17.29,--,8,13832,卖盘
2091,10:24:10,17.29,--,11,19019,卖盘
2092,10:24:05,17.29,--,50,86450,卖盘
2093,10:23:59,17.29,--,13,22477,卖盘
2094,10:23:55,17.29,--,7,12103,卖盘
2095,10:23:49,17.29,--,8,13832,卖盘
2096,10:23:44,17.29,--,11,19019,卖盘
2097,10:23:40,17.29,--,1,1729,卖盘
2098,10:23:34,17.29,-0.01,13,22477,卖盘
2099,10:23:29,17.3,--,4,6920,卖盘
2100,10:23:25,17.3,--,115,198950,卖盘
2101,10:23:19,17.3,--,28,48440,卖盘
2102,10:23:14,17.3,0.01,10,17300,买盘
2103,10:23:10,17.29,-0.01,42,72618,卖盘
2104,10:23:04,17.3,--,34,58820,卖盘
2105,10:22:59,17.3,-0.01,16,27680,卖盘
2106,10:22:55,17.31,0.01,2,3461,买盘
2107,10:22:49,17.3,--,20,34600,卖盘
2108,10:22:44,17.3,--,1,1730,卖盘
2109,10:22:34,17.3,-0.01,62,107260,卖盘
2110,10:22:29,17.31,0.01,18,31157,买盘
2111,10:22:19,17.3,--,45,77850,卖盘
2112,10:22:14,17.3,--,9,15570,买盘
2113,10:22:10,17.3,-0.02,3,5190,买盘
2114,10:22:04,17.32,0.01,66,114502,买盘
2115,10:21:59,17.31,0.01,189,327159,买盘
2116,10:21:54,17.3,-0.01,5,8650,卖盘
2117,10:21:49,17.31,0.01,43,74433,买盘
2118,10:21:44,17.3,--,19,34288,卖盘
2119,10:21:39,17.3,--,4,6920,卖盘
2120,10:21:34,17.3,--,62,107260,卖盘
2121,10:21:29,17.3,--,11,19030,卖盘
2122,10:21:19,17.3,--,31,53751,买盘
2123,10:21:14,17.3,--,359,622678,卖盘
2124,10:21:04,17.3,--,18,31140,卖盘
2125,10:20:59,17.3,--,16,27680,卖盘
2126,10:20:49,17.3,-0.01,12,20760,卖盘
2127,10:20:44,17.31,0.01,70,121169,买盘
2128,10:20:34,17.3,--,18,31140,卖盘
2129,10:20:29,17.3,--,19,32870,卖盘
2130,10:20:19,17.3,--,13,22490,卖盘
2131,10:20:14,17.3,-0.02,71,122830,卖盘
2132,10:20:09,17.32,--,6,10392,买盘
2133,10:20:04,17.32,0.02,387,670284,买盘
2134,10:19:59,17.3,--,10,17300,卖盘
2135,10:19:49,17.3,--,14,24220,卖盘
2136,10:19:44,17.3,--,2,3460,卖盘
2137,10:19:34,17.3,--,125,216250,卖盘
2138,10:19:29,17.3,--,456,789001,卖盘
2139,10:19:24,17.3,--,50,86500,卖盘
2140,10:19:19,17.3,0.01,286,494780,买盘
2141,10:19:14,17.29,-0.01,15,25935,卖盘
2142,10:19:09,17.3,0.01,7,12110,买盘
2143,10:19:04,17.29,0.01,715,1237842,买盘
2144,10:18:59,17.28,--,12,20736,卖盘
2145,10:18:54,17.28,--,5,8640,卖盘
2146,10:18:49,17.28,--,22,38016,卖盘
2147,10:18:44,17.28,--,1,1728,卖盘
2148,10:18:39,17.28,--,4,6912,卖盘
2149,10:18:34,17.28,--,19,32832,卖盘
2150,10:18:29,17.28,--,27,46656,卖盘
2151,10:18:24,17.28,--,5,8640,卖盘
2152,10:18:19,17.28,-0.01,48,82944,卖盘
2153,10:18:14,17.29,--,40,69160,买盘
2154,10:18:09,17.29,0.01,4,6916,买盘
2155,10:18:04,17.28,--,39,67392,卖盘
2156,10:17:59,17.28,-0.01,20,34560,卖盘
2157,10:17:54,17.29,0.01,60,103740,买盘
2158,10:17:49,17.28,--,7,12096,卖盘
2159,10:17:44,17.28,--,109,188352,卖盘
2160,10:17:34,17.28,--,92,158976,卖盘
2161,10:17:28,17.28,--,14,24192,卖盘
2162,10:17:19,17.28,-0.01,7,12096,卖盘
2163,10:17:13,17.29,--,53,91637,买盘
2164,10:17:09,17.29,0.01,5,8645,买盘
2165,10:17:04,17.28,--,42,72576,卖盘
2166,10:16:58,17.28,--,20,34560,卖盘
2167,10:16:49,17.28,--,11,19008,卖盘
2168,10:16:43,17.28,-0.01,48,82944,卖盘
2169,10:16:38,17.29,0.01,60,103740,买盘
2170,10:16:34,17.28,-0.01,31,53568,卖盘
2171,10:16:28,17.29,0.01,46,79534,买盘
2172,10:16:19,17.28,-0.01,143,247104,卖盘
2173,10:16:13,17.29,--,53,91637,买盘
2174,10:16:08,17.29,0.01,4,6916,买盘
2175,10:16:04,17.28,--,157,271296,卖盘
2176,10:15:58,17.28,--,19,32832,卖盘
2177,10:15:53,17.28,--,50,86400,卖盘
2178,10:15:48,17.28,-0.01,11,19008,卖盘
2179,10:15:43,17.29,--,245,423605,买盘
2180,10:15:38,17.29,--,34,58786,买盘
2181,10:15:33,17.29,0.01,11,19019,买盘
2182,10:15:28,17.28,--,21,36288,卖盘
2183,10:15:23,17.28,-0.01,174,300672,卖盘
2184,10:15:18,17.29,0.01,15,25935,买盘
2185,10:15:13,17.28,--,3,5184,卖盘
2186,10:15:08,17.28,--,21,36288,卖盘
2187,10:15:03,17.28,--,9,15552,卖盘
2188,10:14:58,17.28,--,39,67392,卖盘
2189,10:14:53,17.28,--,211,364608,卖盘
2190,10:14:48,17.28,--,7,12096,卖盘
2191,10:14:43,17.28,--,10,17280,卖盘
2192,10:14:38,17.28,--,19,32832,卖盘
2193,10:14:33,17.28,-0.01,2,3456,卖盘
2194,10:14:28,17.29,--,302,522158,卖盘
2195,10:14:23,17.29,-0.01,472,816088,卖盘
2196,10:14:18,17.3,0.01,10,17300,买盘
2197,10:14:13,17.29,--,510,881790,卖盘
2198,10:14:08,17.29,--,16,27664,卖盘
2199,10:14:03,17.29,0.01,60,103740,中性盘
2200,10:13:58,17.28,--,16,27648,卖盘
2201,10:13:53,17.28,--,31,53568,卖盘
2202,10:13:48,17.28,-0.01,15,25920,卖盘
2203,10:13:43,17.29,0.01,53,91637,买盘
2204,10:13:38,17.28,-0.01,16,27648,卖盘
2205,10:13:33,17.29,0.01,16,27664,买盘
2206,10:13:28,17.28,--,7,12096,卖盘
2207,10:13:23,17.28,--,14,24192,卖盘
2208,10:13:18,17.28,-0.01,18,31104,卖盘
2209,10:13:13,17.29,--,75,129675,买盘
2210,10:13:08,17.29,0.01,42,72618,买盘
2211,10:12:58,17.28,--,18,31104,卖盘
2212,10:12:53,17.28,--,10,17280,卖盘
2213,10:12:48,17.28,-0.01,7,12096,卖盘
2214,10:12:43,17.29,0.01,7,12103,中性盘
2215,10:12:38,17.28,--,23,39744,卖盘
2216,10:12:33,17.28,-0.02,1,1728,卖盘
2217,10:12:23,17.3,0.02,6,10380,买盘
2218,10:12:13,17.28,--,1,1728,卖盘
2219,10:12:08,17.28,--,62,108345,卖盘
2220,10:11:58,17.28,--,6,10368,卖盘
2221,10:11:53,17.28,--,1,1728,卖盘
2222,10:11:48,17.28,--,18,31104,卖盘
2223,10:11:43,17.28,-0.02,5,8640,卖盘
2224,10:11:38,17.3,0.02,43,74390,买盘
2225,10:11:28,17.28,--,2,3456,卖盘
2226,10:11:23,17.28,--,6,10368,卖盘
2227,10:11:13,17.28,-0.01,9,15552,卖盘
2228,10:11:08,17.29,0.01,11,19019,买盘
2229,10:10:58,17.28,-0.01,6,10368,卖盘
2230,10:10:52,17.29,0.01,13,22477,买盘
2231,10:10:48,17.28,-0.01,2,3456,卖盘
2232,10:10:43,17.29,0.01,7,12103,买盘
2233,10:10:37,17.28,--,9,15552,卖盘
2234,10:10:28,17.28,--,62,107136,卖盘
2235,10:10:22,17.28,--,2,3456,卖盘
2236,10:10:17,17.28,--,2,3456,卖盘
2237,10:10:12,17.28,-0.01,2,3456,卖盘
2238,10:10:07,17.29,0.01,21,36309,买盘
2239,10:10:02,17.28,--,20,34560,卖盘
2240,10:09:57,17.28,--,8,13824,卖盘
2241,10:09:52,17.28,-0.01,7,12096,卖盘
2242,10:09:47,17.29,--,30,51870,买盘
2243,10:09:43,17.29,--,22,38038,买盘
2244,10:09:37,17.29,0.01,14,24206,买盘
2245,10:09:32,17.28,--,5,8640,卖盘
2246,10:09:28,17.28,--,191,330048,卖盘
2247,10:09:22,17.28,--,1,1728,卖盘
2248,10:09:17,17.28,-0.01,211,364608,卖盘
2249,10:09:12,17.29,--,3,5187,买盘
2250,10:09:07,17.29,--,111,191919,买盘
2251,10:09:02,17.29,0.01,34,58786,买盘
2252,10:08:57,17.28,-0.01,338,585273,卖盘
2253,10:08:52,17.29,--,6,10374,卖盘
2254,10:08:47,17.29,--,601,1039129,卖盘
2255,10:08:42,17.29,--,1,1729,卖盘
2256,10:08:37,17.29,-0.01,87,150423,卖盘
2257,10:08:32,17.3,--,5,8650,卖盘
2258,10:08:27,17.3,0.01,22,38994,买盘
2259,10:08:22,17.29,-0.01,12,20748,卖盘
2260,10:08:17,17.3,--,80,139195,卖盘
2261,10:08:12,17.3,--,2,3460,卖盘
2262,10:08:07,17.3,-0.01,50,86500,卖盘
2263,10:08:02,17.31,0.01,14,24234,买盘
2264,10:07:57,17.3,--,6,10380,卖盘
2265,10:07:52,17.3,--,2,3460,卖盘
2266,10:07:47,17.3,--,14,24220,卖盘
2267,10:07:42,17.3,-0.01,53,91690,卖盘
2268,10:07:37,17.31,0.01,122,211181,买盘
2269,10:07:32,17.3,--,1,1730,卖盘
2270,10:07:22,17.3,--,1,1730,卖盘
2271,10:07:12,17.3,-0.01,5,8650,卖盘
2272,10:07:06,17.31,--,10,17310,买盘
2273,10:07:02,17.31,0.01,12,20772,买盘
2274,10:06:52,17.3,-0.01,1,1730,卖盘
2275,10:06:47,17.31,0.01,7,12117,买盘
2276,10:06:42,17.3,--,66,114180,卖盘
2277,10:06:36,17.3,--,16,27680,卖盘
2278,10:06:32,17.3,-0.01,3,5190,卖盘
2279,10:06:27,17.31,--,1,1730,买盘
2280,10:06:21,17.31,--,28,48468,卖盘
2281,10:06:17,17.31,--,7,12117,卖盘
2282,10:06:12,17.31,--,1,1730,卖盘
2283,10:06:06,17.31,--,10,17310,卖盘
2284,10:06:02,17.31,--,11,19041,卖盘
2285,10:05:57,17.31,--,6,10386,卖盘
2286,10:05:51,17.31,--,45,77895,买盘
2287,10:05:47,17.31,0.01,9,15578,买盘
2288,10:05:42,17.3,--,1,1730,卖盘
2289,10:05:36,17.3,-0.01,41,70930,卖盘
2290,10:05:32,17.31,0.01,102,177496,买盘
2291,10:05:27,17.3,--,10,17300,卖盘
2292,10:05:21,17.3,--,1,1730,卖盘
2293,10:05:17,17.3,-0.01,38,65740,卖盘
2294,10:05:12,17.31,--,2,3461,买盘
2295,10:05:06,17.31,--,20,34620,买盘
2296,10:05:02,17.31,--,12,20772,买盘
2297,10:04:51,17.31,0.01,50,86550,买盘
2298,10:04:47,17.3,--,4,6920,卖盘
2299,10:04:42,17.3,--,59,102070,卖盘
2300,10:04:36,17.3,--,60,103800,卖盘
2301,10:04:32,17.3,--,38,65740,买盘
2302,10:04:21,17.3,0.01,55,95150,买盘
2303,10:04:17,17.29,--,5,8645,卖盘
2304,10:04:12,17.29,-0.01,2,3458,卖盘
2305,10:04:06,17.3,--,18,31140,买盘
2306,10:04:01,17.3,--,18,31140,买盘
2307,10:03:57,17.3,--,68,117640,卖盘
2308,10:03:51,17.3,--,5,8650,卖盘
2309,10:03:46,17.3,--,12,20760,卖盘
2310,10:03:41,17.3,--,1,1730,卖盘
2311,10:03:36,17.3,-0.01,9,15570,卖盘
2312,10:03:31,17.31,0.01,204,353124,买盘
2313,10:03:26,17.3,--,5,8650,卖盘
2314,10:03:21,17.3,0.01,136,235280,买盘
2315,10:03:11,17.29,-0.01,1,1729,卖盘
2316,10:03:06,17.3,0.01,11,19030,买盘
2317,10:03:01,17.29,-0.01,10,17290,卖盘
2318,10:02:51,17.3,0.01,11,19030,买盘
2319,10:02:41,17.29,--,1,1729,卖盘
2320,10:02:36,17.29,-0.01,56,96824,卖盘
2321,10:02:31,17.3,0.01,101,174730,买盘
2322,10:02:21,17.29,--,1,1729,卖盘
2323,10:02:16,17.29,-0.01,4,6916,卖盘
2324,10:02:11,17.3,--,89,153970,买盘
2325,10:02:06,17.3,--,137,237010,买盘
2326,10:02:01,17.3,--,39,67470,卖盘
2327,10:01:51,17.3,--,21,36330,卖盘
2328,10:01:46,17.3,--,5,8650,卖盘
2329,10:01:41,17.3,--,11,19030,卖盘
2330,10:01:36,17.3,--,11,19030,卖盘
2331,10:01:31,17.3,0.01,131,226630,买盘
2332,10:01:26,17.29,--,2,3458,卖盘
2333,10:01:21,17.29,-0.03,5,8645,卖盘
2334,10:01:16,17.32,--,0,0,买盘
2335,10:01:11,17.32,--,1,1732,买盘
2336,10:01:06,17.32,0.02,252,436464,买盘
2337,10:01:01,17.3,--,10,17300,卖盘
2338,10:00:56,17.3,-0.02,17,29410,卖盘
2339,10:00:41,17.32,--,0,0,买盘
2340,10:00:36,17.32,0.01,20,34640,买盘
2341,10:00:31,17.31,--,78,135018,卖盘
2342,10:00:26,17.31,-0.01,100,173100,卖盘
2343,10:00:21,17.32,--,25,43300,买盘
2344,10:00:15,17.32,--,8,13856,买盘
2345,10:00:11,17.32,0.01,9,15588,买盘
2346,10:00:06,17.31,--,9,15578,卖盘
2347,10:00:00,17.31,--,4,6923,卖盘
2348,09:59:51,17.31,-0.01,2,3461,卖盘
2349,09:59:45,17.32,0.01,67,116044,买盘
2350,09:59:36,17.31,-0.01,13,22503,卖盘
2351,09:59:26,17.32,0.01,100,173200,买盘
2352,09:59:21,17.31,--,2,3461,卖盘
2353,09:59:15,17.31,--,32,55391,卖盘
2354,09:59:06,17.31,-0.01,30,51929,卖盘
2355,09:59:00,17.32,--,20,34640,买盘
2356,09:58:56,17.32,--,10,17320,买盘
2357,09:58:45,17.32,0.01,2,3464,买盘
2358,09:58:36,17.31,--,9,15578,卖盘
2359,09:58:30,17.31,--,71,122900,卖盘
2360,09:58:25,17.31,--,54,93474,卖盘
2361,09:58:21,17.31,--,5,8655,卖盘
2362,09:58:15,17.31,-0.01,6,10386,卖盘
2363,09:58:11,17.32,--,4,6928,买盘
2364,09:58:05,17.32,--,150,259800,买盘
2365,09:58:00,17.32,0.01,6,10392,买盘
2366,09:57:56,17.31,-0.01,15,25964,卖盘
2367,09:57:45,17.32,0.01,31,53692,买盘
2368,09:57:40,17.31,--,15,25964,卖盘
2369,09:57:36,17.31,--,20,34620,卖盘
2370,09:57:30,17.31,--,19,32889,卖盘
2371,09:57:25,17.31,-0.01,61,105590,卖盘
2372,09:57:15,17.32,-0.01,11,19052,卖盘
2373,09:57:10,17.33,0.01,1,1732,买盘
2374,09:57:05,17.32,0.01,10,17320,卖盘
2375,09:57:00,17.31,-0.02,5,8655,卖盘
2376,09:56:55,17.33,0.02,31,53722,买盘
2377,09:56:50,17.31,-0.01,22,38082,卖盘
2378,09:56:45,17.32,0.01,33,57675,买盘
2379,09:56:35,17.31,-0.01,119,205988,卖盘
2380,09:56:25,17.32,--,17,29444,买盘
2381,09:56:20,17.32,--,12,21996,卖盘
2382,09:56:15,17.32,--,18,31176,卖盘
2383,09:56:10,17.32,--,169,292708,卖盘
2384,09:56:05,17.32,--,26,45551,买盘
2385,09:56:00,17.32,--,32,55424,买盘
2386,09:55:45,17.32,-0.01,345,598752,卖盘
2387,09:55:40,17.33,0.03,46,80237,买盘
2388,09:55:35,17.3,-0.02,10,17300,卖盘
2389,09:55:30,17.32,--,244,423820,买盘
2390,09:55:25,17.32,--,4,6928,买盘
2391,09:55:20,17.32,--,18,31176,买盘
2392,09:55:15,17.32,-0.01,6,10392,买盘
2393,09:55:10,17.33,--,1,1732,买盘
2394,09:55:05,17.33,--,354,613481,买盘
2395,09:55:00,17.33,0.01,10,17330,买盘
2396,09:54:55,17.32,-0.01,169,292708,卖盘
2397,09:54:50,17.33,--,5,8665,买盘
2398,09:54:40,17.33,0.01,5,8665,买盘
2399,09:54:35,17.32,-0.01,9,15588,卖盘
2400,09:54:30,17.33,0.01,9,15596,买盘
2401,09:54:25,17.32,--,19,32908,卖盘
2402,09:54:20,17.32,0.01,104,180128,买盘
2403,09:54:15,17.31,-0.01,104,180024,卖盘
2404,09:54:10,17.32,0.01,1,1732,买盘
2405,09:54:05,17.31,--,16,27695,卖盘
2406,09:54:00,17.31,0.01,84,145923,买盘
2407,09:53:55,17.3,--,24,41520,卖盘
2408,09:53:50,17.3,--,3,5190,卖盘
2409,09:53:45,17.3,0.02,351,607230,买盘
2410,09:53:39,17.28,-0.02,13,22464,中性盘
2411,09:53:35,17.3,0.02,97,167810,买盘
2412,09:53:30,17.28,--,93,161740,买盘
2413,09:53:15,17.28,--,5,8640,买盘
2414,09:53:09,17.28,0.01,11,19008,买盘
2415,09:53:05,17.27,--,33,56991,卖盘
2416,09:53:00,17.27,-0.02,62,107764,卖盘
2417,09:52:50,17.29,--,12,20748,买盘
2418,09:52:39,17.29,0.01,37,63973,买盘
2419,09:52:35,17.28,--,17,30412,卖盘
2420,09:52:24,17.28,--,14,24192,中性盘
2421,09:52:20,17.28,--,7,12096,买盘
2422,09:52:15,17.28,0.01,3,5184,买盘
2423,09:52:09,17.27,-0.01,2,3454,卖盘
2424,09:52:05,17.28,--,25,43891,卖盘
2425,09:52:00,17.28,-0.02,7,12096,卖盘
2426,09:51:54,17.3,--,243,420390,买盘
2427,09:51:50,17.3,--,0,0,买盘
2428,09:51:39,17.3,0.02,12,20760,买盘
2429,09:51:35,17.28,--,25,43200,卖盘
2430,09:51:30,17.28,-0.02,80,138240,卖盘
2431,09:51:24,17.3,--,3,5190,买盘
2432,09:51:19,17.3,--,2,3460,买盘
2433,09:51:15,17.3,--,11,19030,卖盘
2434,09:51:09,17.3,0.02,10,17300,买盘
2435,09:51:05,17.28,-0.02,9,15552,卖盘
2436,09:51:00,17.3,--,208,360878,买盘
2437,09:50:54,17.3,--,9,15570,买盘
2438,09:50:50,17.3,--,14,24220,买盘
2439,09:50:35,17.3,0.02,344,595120,买盘
2440,09:50:30,17.28,--,171,295488,买盘
2441,09:50:24,17.28,--,2,3456,买盘
2442,09:50:19,17.28,--,2,3456,买盘
2443,09:50:14,17.28,--,3,5184,卖盘
2444,09:50:09,17.28,--,133,229824,卖盘
2445,09:50:04,17.28,--,10,17280,卖盘
2446,09:49:59,17.28,0.01,73,126144,买盘
2447,09:49:54,17.27,--,52,89804,卖盘
2448,09:49:39,17.27,--,62,107074,卖盘
2449,09:49:34,17.27,-0.01,23,39721,卖盘
2450,09:49:29,17.28,--,200,345600,买盘
2451,09:49:24,17.28,--,6,10368,买盘
2452,09:49:19,17.28,--,10,17280,买盘
2453,09:49:09,17.28,0.01,5,8640,买盘
2454,09:49:04,17.27,--,20,34540,卖盘
2455,09:48:59,17.27,--,4,6908,卖盘
2456,09:48:54,17.27,--,2,3454,卖盘
2457,09:48:49,17.27,--,2,3454,买盘
2458,09:48:44,17.27,--,2,3454,买盘
2459,09:48:39,17.27,--,5,8635,买盘
2460,09:48:34,17.27,-0.01,65,112255,卖盘
2461,09:48:29,17.28,0.01,5,8640,买盘
2462,09:48:24,17.27,-0.01,50,86350,卖盘
2463,09:48:19,17.28,--,46,79488,买盘
2464,09:48:14,17.28,--,20,34560,买盘
2465,09:48:09,17.28,--,9,15552,买盘
2466,09:48:04,17.28,0.01,139,240192,买盘
2467,09:47:59,17.27,--,5,8635,卖盘
2468,09:47:49,17.27,-0.01,112,193424,卖盘
2469,09:47:44,17.28,--,20,34560,买盘
2470,09:47:39,17.28,0.01,102,176256,买盘
2471,09:47:34,17.27,-0.02,59,101893,卖盘
2472,09:47:29,17.29,0.01,37,63973,买盘
2473,09:47:24,17.28,--,56,96768,买盘
2474,09:47:14,17.28,0.01,4,6912,买盘
2475,09:47:09,17.27,--,122,210694,卖盘
2476,09:47:04,17.27,0.01,81,139887,买盘
2477,09:46:59,17.26,--,13,22438,卖盘
2478,09:46:54,17.26,--,1,1726,卖盘
2479,09:46:48,17.26,--,225,388350,买盘
2480,09:46:44,17.26,--,5,8630,买盘
2481,09:46:39,17.26,0.01,15,25890,买盘
2482,09:46:33,17.25,-0.02,75,129375,卖盘
2483,09:46:29,17.27,0.01,10,17270,买盘
2484,09:46:24,17.26,--,51,88026,卖盘
2485,09:46:18,17.26,--,31,53506,卖盘
2486,09:46:09,17.26,--,3,5178,卖盘
2487,09:46:03,17.26,--,14,24164,卖盘
2488,09:45:59,17.26,-0.01,8,13808,卖盘
2489,09:45:54,17.27,0.01,3,5181,中性盘
2490,09:45:48,17.26,-0.02,2,3452,卖盘
2491,09:45:33,17.28,0.02,12,20736,买盘
2492,09:45:14,17.26,--,4,6904,卖盘
2493,09:45:03,17.26,--,31,53506,卖盘
2494,09:44:59,17.26,-0.01,5,8630,卖盘
2495,09:44:48,17.27,0.01,3,5181,买盘
2496,09:44:44,17.26,-0.01,10,17260,卖盘
2497,09:44:38,17.27,0.01,9,15543,买盘
2498,09:44:33,17.26,-0.01,17,29342,卖盘
2499,09:44:28,17.27,--,1,1727,买盘
2500,09:44:18,17.27,-0.01,7,12089,卖盘
2501,09:44:14,17.28,--,50,86400,买盘
2502,09:44:03,17.28,0.02,53,91584,买盘
2503,09:43:59,17.26,-0.01,9,15534,卖盘
2504,09:43:48,17.27,0.01,42,72534,买盘
2505,09:43:43,17.26,--,5,8630,卖盘
2506,09:43:33,17.26,-0.02,10,17260,卖盘
2507,09:43:28,17.28,--,0,0,买盘
2508,09:43:23,17.28,--,7,12096,买盘
2509,09:43:13,17.28,0.03,9,15552,买盘
2510,09:43:03,17.25,0.01,30,51750,中性盘
2511,09:42:58,17.24,-0.05,5,8620,卖盘
2512,09:42:53,17.29,0.04,6,10374,买盘
2513,09:42:48,17.25,--,58,100050,卖盘
2514,09:42:38,17.25,-0.03,47,81075,卖盘
2515,09:42:33,17.28,0.05,57,98496,买盘
2516,09:42:28,17.23,--,57,98211,卖盘
2517,09:42:18,17.23,-0.01,26,44798,卖盘
2518,09:42:13,17.24,0.01,34,58615,中性盘
2519,09:42:03,17.23,-0.01,9,15507,卖盘
2520,09:41:58,17.24,-0.01,55,94819,卖盘
2521,09:41:53,17.25,-0.02,7,12075,卖盘
2522,09:41:43,17.27,0.02,2,3454,买盘
2523,09:41:38,17.25,--,15,25875,卖盘
2524,09:41:33,17.25,-0.02,41,70725,卖盘
2525,09:41:28,17.27,-0.01,20,34540,中性盘
2526,09:41:18,17.28,--,5,8640,卖盘
2527,09:41:13,17.28,--,58,100224,卖盘
2528,09:41:08,17.28,-0.01,2,3456,卖盘
2529,09:41:03,17.29,0.01,216,373464,买盘
2530,09:40:58,17.28,--,6,10368,买盘
2531,09:40:53,17.28,--,2,3456,买盘
2532,09:40:48,17.28,-0.02,57,98496,卖盘
2533,09:40:43,17.3,-0.01,108,186840,中性盘
2534,09:40:38,17.31,0.02,300,519299,买盘
2535,09:40:33,17.29,-0.01,16,27664,卖盘
2536,09:40:28,17.3,--,28,48440,买盘
2537,09:40:18,17.3,--,1,1730,买盘
2538,09:40:12,17.3,--,9,15570,卖盘
2539,09:40:08,17.3,-0.01,1,1730,中性盘
2540,09:40:03,17.31,0.02,1623,2809413,买盘
2541,09:39:57,17.29,0.01,27,46683,买盘
2542,09:39:48,17.28,-0.01,530,915840,卖盘
2543,09:39:38,17.29,--,100,172900,卖盘
2544,09:39:33,17.29,-0.01,22,38038,卖盘
2545,09:39:27,17.3,0.01,13,22490,买盘
2546,09:39:23,17.29,--,3,5187,卖盘
2547,09:39:18,17.29,0.01,218,376922,买盘
2548,09:39:12,17.28,--,2,3456,卖盘
2549,09:39:08,17.28,--,50,86400,卖盘
2550,09:39:03,17.28,--,20,34560,卖盘
2551,09:38:57,17.28,--,20,34560,买盘
2552,09:38:53,17.28,--,1,1728,买盘
2553,09:38:48,17.28,--,65,112320,买盘
2554,09:38:42,17.28,--,3,5184,买盘
2555,09:38:38,17.28,0.03,50,86400,买盘
2556,09:38:33,17.25,-0.03,21,36225,卖盘
2557,09:38:27,17.28,-0.01,3,5184,买盘
2558,09:38:23,17.29,0.07,2,3458,买盘
2559,09:38:12,17.22,-0.07,53,91266,卖盘
2560,09:38:08,17.29,0.07,64,110656,买盘
2561,09:38:03,17.22,-0.07,11,18942,卖盘
2562,09:37:57,17.29,0.08,3,5187,买盘
2563,09:37:53,17.21,--,29,49909,卖盘
2564,09:37:48,17.21,-0.09,77,132517,卖盘
2565,09:37:42,17.3,0.09,107,185110,买盘
2566,09:37:38,17.21,-0.08,10,17210,卖盘
2567,09:37:33,17.29,--,62,108754,卖盘
2568,09:37:27,17.29,0.08,948,1639264,买盘
2569,09:37:23,17.21,-0.06,34,59374,卖盘
2570,09:37:18,17.27,0.07,1400,2417800,买盘
2571,09:37:12,17.2,--,29,49880,卖盘
2572,09:37:07,17.2,-0.01,11,18920,卖盘
2573,09:36:57,17.21,-0.01,171,294291,卖盘
2574,09:36:52,17.22,--,4,6888,买盘
2575,09:36:47,17.22,--,1,1722,买盘
2576,09:36:42,17.22,--,153,263466,卖盘
2577,09:36:37,17.22,-0.02,48,82656,卖盘
2578,09:36:32,17.24,-0.01,26,44823,卖盘
2579,09:36:27,17.25,--,30,51750,买盘
2580,09:36:22,17.25,-0.01,16,27600,买盘
2581,09:36:12,17.26,-0.01,168,289968,卖盘
2582,09:36:07,17.27,0.01,98,169246,买盘
2583,09:36:02,17.26,--,15,25890,买盘
2584,09:35:57,17.26,--,180,310680,买盘
2585,09:35:52,17.26,--,96,165696,卖盘
2586,09:35:47,17.26,-0.01,5,8630,卖盘
2587,09:35:42,17.27,--,26,44902,卖盘
2588,09:35:37,17.27,-0.02,35,60445,中性盘
2589,09:35:32,17.29,--,0,0,买盘
2590,09:35:27,17.29,0.04,220,380380,买盘
2591,09:35:22,17.25,-0.02,37,63825,卖盘
2592,09:35:17,17.27,-0.02,1,1727,卖盘
2593,09:35:12,17.29,0.02,37,63973,买盘
2594,09:35:07,17.27,--,34,58718,买盘
2595,09:35:02,17.27,0.05,72,124344,买盘
2596,09:34:57,17.22,--,0,0,卖盘
2597,09:34:52,17.22,-0.04,82,142874,卖盘
2598,09:34:42,17.26,--,0,0,买盘
2599,09:34:37,17.26,0.05,95,163970,买盘
2600,09:34:32,17.21,--,13,22373,卖盘
2601,09:34:27,17.21,--,17,29257,卖盘
2602,09:34:22,17.21,--,35,60235,卖盘
2603,09:34:17,17.21,0.01,72,123912,买盘
2604,09:34:12,17.2,--,136,234848,卖盘
2605,09:34:07,17.2,--,10,17200,卖盘
2606,09:33:57,17.2,0.01,865,1487800,买盘
2607,09:33:52,17.19,-0.01,28,48132,买盘
2608,09:33:47,17.2,0.01,16,27520,买盘
2609,09:33:42,17.19,0.01,7,12033,买盘
2610,09:33:37,17.18,-0.02,31,53258,中性盘
2611,09:33:27,17.2,0.02,2077,3572440,买盘
2612,09:33:22,17.18,0.02,2079,3571722,买盘
2613,09:33:17,17.16,--,5,8580,卖盘
2614,09:33:12,17.16,-0.03,17,29172,卖盘
2615,09:33:06,17.19,0.03,26,44694,买盘
2616,09:33:02,17.16,--,11,18876,买盘
2617,09:32:57,17.16,0.01,26,44616,中性盘
2618,09:32:51,17.15,-0.01,54,92609,卖盘
2619,09:32:47,17.16,--,13,22308,卖盘
2620,09:32:42,17.16,0.02,20,34320,卖盘
2621,09:32:36,17.14,-0.02,15,25710,卖盘
2622,09:32:32,17.16,0.01,888,1523808,买盘
2623,09:32:27,17.15,--,67,114904,卖盘
2624,09:32:21,17.15,-0.01,18,30869,卖盘
2625,09:32:17,17.16,--,26,44616,买盘
2626,09:32:12,17.16,--,10,17160,买盘
2627,09:32:06,17.16,--,27,46332,买盘
2628,09:31:57,17.16,-0.03,10,17160,买盘
2629,09:31:51,17.19,0.01,35,60165,买盘
2630,09:31:47,17.18,-0.01,6,10308,卖盘
2631,09:31:42,17.19,--,475,816525,买盘
2632,09:31:36,17.19,-0.01,102,175338,卖盘
2633,09:31:32,17.2,--,33,56760,买盘
2634,09:31:27,17.2,--,62,106640,买盘
2635,09:31:21,17.2,--,55,94600,买盘
2636,09:31:17,17.2,0.01,98,168560,买盘
2637,09:31:12,17.19,-0.01,27,46413,卖盘
2638,09:31:06,17.2,0.01,309,531480,买盘
2639,09:31:02,17.19,--,1,1719,买盘
2640,09:30:57,17.19,0.03,32,55008,买盘
2641,09:30:51,17.16,--,0,0,卖盘
2642,09:30:47,17.16,--,53,90948,卖盘
2643,09:30:36,17.16,--,54,92664,买盘
2644,09:30:31,17.16,--,6,10296,买盘
2645,09:30:27,17.16,--,40,68640,买盘
2646,09:30:21,17.16,--,41,70356,买盘
2647,09:30:16,17.16,0.04,11,18876,中性盘
2648,09:30:11,17.12,--,0,0,卖盘
2649,09:30:06,17.12,0.01,405,693873,中性盘
2650,09:28:51,17.11,--,0,0,卖盘
2651,09:25:04,17.11,17.11,2319,3967809,买盘
