,time,price,change,volume,amount,type
0,15:00:00,29.53,--,0,0,卖盘
1,15:00:00,29.53,-0.03,0,0,卖盘
2,15:00:00,29.56,-0.02,14,41384,中性盘
3,14:59:56,29.58,0.02,91,269178,买盘
4,14:59:51,29.56,0.01,16,47296,卖盘
5,14:59:45,29.55,-0.01,10,29550,卖盘
6,14:59:41,29.56,0.02,32,94592,买盘
7,14:59:36,29.54,--,10,29540,中性盘
8,14:59:30,29.54,0.01,17,50218,买盘
9,14:59:26,29.53,0.01,6,17718,买盘
10,14:59:21,29.52,--,20,59040,买盘
11,14:59:15,29.52,--,112,330624,买盘
12,14:59:11,29.52,--,91,268632,买盘
13,14:59:06,29.52,0.02,12,35424,买盘
14,14:59:00,29.5,-0.01,6,17700,卖盘
15,14:58:56,29.51,0.01,47,138697,买盘
16,14:58:51,29.5,--,19,56050,卖盘
17,14:58:45,29.5,0.01,31,91450,买盘
18,14:58:41,29.49,--,13,38337,买盘
19,14:58:36,29.49,0.01,8,23592,买盘
20,14:58:30,29.48,--,8,24851,卖盘
21,14:58:26,29.48,0.02,7,20636,买盘
22,14:58:21,29.46,0.01,10,29460,卖盘
23,14:58:15,29.45,--,27,79515,买盘
24,14:58:11,29.45,-0.01,188,553660,卖盘
25,14:58:06,29.46,--,8,23568,买盘
26,14:58:00,29.46,--,13,38298,买盘
27,14:57:50,29.46,0.02,39,117751,买盘
28,14:57:45,29.44,0.01,3,8832,买盘
29,14:57:40,29.43,-0.01,26,76518,中性盘
30,14:57:35,29.44,0.02,20,58880,买盘
31,14:57:30,29.42,--,20,58957,买盘
32,14:57:25,29.42,--,51,150042,买盘
33,14:57:20,29.42,-0.01,55,164634,卖盘
34,14:57:15,29.43,--,15,44233,卖盘
35,14:57:09,29.43,0.01,0,2854,中性盘
36,14:57:05,29.42,-0.01,23,67783,买盘
37,14:57:00,29.43,0.01,50,147150,买盘
38,14:56:54,29.42,--,12,35304,买盘
39,14:56:50,29.42,0.01,3,8826,买盘
40,14:56:45,29.41,--,21,61761,卖盘
41,14:56:39,29.41,-0.01,20,58820,卖盘
42,14:56:35,29.42,--,13,38246,买盘
43,14:56:30,29.42,--,33,97086,买盘
44,14:56:24,29.42,--,39,114738,卖盘
45,14:56:15,29.42,-0.01,24,70608,卖盘
46,14:56:09,29.43,0.01,1,2943,买盘
47,14:56:05,29.42,-0.01,7,20594,卖盘
48,14:56:00,29.43,0.01,22,64746,买盘
49,14:55:54,29.42,--,19,55898,卖盘
50,14:55:45,29.42,--,50,147100,买盘
51,14:55:39,29.42,--,34,100028,买盘
52,14:55:35,29.42,0.02,25,73550,买盘
53,14:55:30,29.4,-0.03,37,108780,卖盘
54,14:55:24,29.43,0.01,21,61803,买盘
55,14:55:15,29.42,-0.01,45,132390,买盘
56,14:55:09,29.43,0.03,15,44145,买盘
57,14:55:05,29.4,-0.03,42,123480,卖盘
58,14:55:00,29.43,0.03,7,20601,买盘
59,14:54:54,29.4,-0.03,11,32340,卖盘
60,14:54:50,29.43,0.03,44,129492,买盘
61,14:54:45,29.4,-0.03,13,38220,卖盘
62,14:54:39,29.43,0.03,40,117720,买盘
63,14:54:35,29.4,-0.03,16,47040,卖盘
64,14:54:30,29.43,0.05,34,100062,卖盘
65,14:54:24,29.38,-0.01,16,47008,卖盘
66,14:54:20,29.39,-0.01,68,200087,卖盘
67,14:54:15,29.4,-0.01,13,38220,卖盘
68,14:54:09,29.41,0.01,33,97053,买盘
69,14:54:05,29.4,0.02,17,49980,中性盘
70,14:53:54,29.38,--,8,23709,卖盘
71,14:53:50,29.38,--,16,48741,卖盘
72,14:53:45,29.38,-0.01,7,20566,卖盘
73,14:53:39,29.39,0.01,57,167963,买盘
74,14:53:35,29.38,0.02,25,74390,买盘
75,14:53:30,29.36,-0.01,10,29360,卖盘
76,14:53:24,29.37,0.01,17,50163,中性盘
77,14:53:20,29.36,--,0,205,卖盘
78,14:53:15,29.36,--,83,243688,卖盘
79,14:53:09,29.36,--,36,105930,买盘
80,14:53:05,29.36,0.01,13,38168,买盘
81,14:53:00,29.35,--,0,234,卖盘
82,14:52:54,29.35,-0.02,47,138150,卖盘
83,14:52:50,29.37,0.02,49,143913,买盘
84,14:52:45,29.35,-0.01,28,82180,卖盘
85,14:52:39,29.36,0.03,7,20786,买盘
86,14:52:35,29.33,--,8,23464,卖盘
87,14:52:30,29.33,--,4,11966,卖盘
88,14:52:24,29.33,-0.02,17,49861,卖盘
89,14:52:20,29.35,0.01,144,422845,买盘
90,14:52:15,29.34,0.01,11,32274,卖盘
91,14:52:09,29.33,--,5,14899,卖盘
92,14:52:05,29.33,-0.01,24,70392,卖盘
93,14:52:00,29.34,-0.01,10,29574,卖盘
94,14:51:54,29.35,-0.02,20,61194,卖盘
95,14:51:49,29.37,--,9,26667,买盘
96,14:51:45,29.37,-0.01,9,26433,中性盘
97,14:51:39,29.38,0.01,31,93281,买盘
98,14:51:34,29.37,-0.02,8,23496,卖盘
99,14:51:30,29.39,0.02,5,14695,买盘
100,14:51:24,29.37,-0.02,13,38415,卖盘
101,14:51:20,29.39,--,36,105833,卖盘
102,14:51:14,29.39,--,11,32329,卖盘
103,14:51:09,29.39,0.02,31,91314,中性盘
104,14:51:04,29.37,-0.02,16,46992,卖盘
105,14:50:59,29.39,0.02,23,67832,买盘
106,14:50:54,29.37,-0.03,19,55803,卖盘
107,14:50:49,29.4,0.07,3,9055,买盘
108,14:50:44,29.33,-0.04,8,23464,卖盘
109,14:50:39,29.37,0.04,14,41323,买盘
110,14:50:33,29.33,--,9,26397,卖盘
111,14:50:29,29.33,--,0,234,卖盘
112,14:50:24,29.33,0.01,2,5866,买盘
113,14:50:18,29.32,--,89,261182,买盘
114,14:50:14,29.32,0.01,19,55708,买盘
115,14:50:09,29.31,--,16,47130,卖盘
116,14:50:03,29.31,--,21,61551,卖盘
117,14:49:59,29.31,0.01,12,35377,买盘
118,14:49:54,29.3,--,15,43950,买盘
119,14:49:48,29.3,--,35,102784,买盘
120,14:49:44,29.3,--,12,35160,买盘
121,14:49:39,29.3,-0.01,25,73250,卖盘
122,14:49:33,29.31,0.01,15,43965,买盘
123,14:49:29,29.3,0.01,166,486380,买盘
124,14:49:24,29.29,--,20,58580,买盘
125,14:49:18,29.29,--,12,35148,买盘
126,14:49:14,29.29,0.02,1,2929,买盘
127,14:49:09,29.27,--,18,52686,买盘
128,14:49:03,29.27,0.01,11,32197,买盘
129,14:48:59,29.26,-0.01,48,140448,卖盘
130,14:48:54,29.27,--,2,5854,买盘
131,14:48:48,29.27,-0.03,10,29270,卖盘
132,14:48:44,29.3,--,61,178730,买盘
133,14:48:39,29.3,--,13,38090,买盘
134,14:48:33,29.3,0.03,137,401410,买盘
135,14:48:29,29.27,-0.03,4,11708,卖盘
136,14:48:24,29.3,--,6,17580,买盘
137,14:48:18,29.3,--,17,49810,买盘
138,14:48:14,29.3,-0.01,57,167010,卖盘
139,14:48:09,29.31,0.01,32,93792,中性盘
140,14:48:03,29.3,-0.01,80,234400,卖盘
141,14:47:59,29.31,-0.02,13,38103,卖盘
142,14:47:54,29.33,0.02,6,17598,买盘
143,14:47:48,29.31,-0.03,26,76206,卖盘
144,14:47:44,29.34,-0.01,14,41076,中性盘
145,14:47:39,29.35,0.02,2,5870,买盘
146,14:47:33,29.33,-0.04,62,181846,卖盘
147,14:47:29,29.37,-0.01,6,17622,卖盘
148,14:47:18,29.38,-0.02,17,49946,卖盘
149,14:47:14,29.4,-0.03,75,220500,卖盘
150,14:47:09,29.43,0.02,82,241326,买盘
151,14:47:03,29.41,0.01,13,38233,卖盘
152,14:46:59,29.4,-0.04,16,47040,卖盘
153,14:46:48,29.44,0.01,122,359168,买盘
154,14:46:44,29.43,-0.01,26,76518,卖盘
155,14:46:39,29.44,-0.01,34,100096,卖盘
156,14:46:33,29.45,0.01,6,17670,中性盘
157,14:46:29,29.44,-0.02,23,67712,卖盘
158,14:46:24,29.46,--,0,0,买盘
159,14:46:18,29.46,-0.01,135,400066,卖盘
160,14:46:14,29.47,0.01,32,94304,买盘
161,14:46:09,29.46,--,1,2946,卖盘
162,14:46:03,29.46,--,27,79542,卖盘
163,14:45:59,29.46,-0.01,9,26514,卖盘
164,14:45:54,29.47,0.01,22,64834,买盘
165,14:45:48,29.46,--,33,97218,卖盘
166,14:45:44,29.46,-0.01,23,67758,卖盘
167,14:45:39,29.47,-0.01,1,2947,卖盘
168,14:45:33,29.48,--,21,61908,买盘
169,14:45:24,29.48,-0.02,77,226996,卖盘
170,14:45:18,29.5,0.01,29,85550,买盘
171,14:45:03,29.49,--,52,153348,买盘
172,14:44:59,29.49,0.01,66,194634,买盘
173,14:44:48,29.48,-0.01,12,35376,卖盘
174,14:44:43,29.49,--,18,53082,买盘
175,14:44:38,29.49,0.01,27,79623,买盘
176,14:44:33,29.48,-0.01,10,29480,卖盘
177,14:44:27,29.49,0.01,73,215277,买盘
178,14:44:23,29.48,--,5,14740,卖盘
179,14:44:18,29.48,--,40,117920,卖盘
180,14:44:12,29.48,--,13,38324,卖盘
181,14:44:08,29.48,--,52,155890,卖盘
182,14:44:03,29.48,0.02,54,159192,买盘
183,14:43:57,29.46,-0.01,24,71293,卖盘
184,14:43:48,29.47,--,5,14735,卖盘
185,14:43:42,29.47,0.02,23,67781,买盘
186,14:43:38,29.45,-0.01,34,100130,卖盘
187,14:43:27,29.46,--,17,50082,卖盘
188,14:43:18,29.46,--,6,17676,卖盘
189,14:43:12,29.46,-0.01,24,70704,卖盘
190,14:43:08,29.47,0.01,11,32417,买盘
191,14:43:03,29.46,-0.01,17,50082,卖盘
192,14:42:57,29.47,-0.01,56,165032,卖盘
193,14:42:53,29.48,-0.01,2,5896,卖盘
194,14:42:48,29.49,0.02,14,41286,买盘
195,14:42:42,29.47,--,0,0,卖盘
196,14:42:38,29.47,0.01,4,11788,中性盘
197,14:42:33,29.46,--,12,35352,卖盘
198,14:42:27,29.46,-0.01,11,32406,卖盘
199,14:42:23,29.47,-0.02,117,344799,卖盘
200,14:42:18,29.49,--,20,58980,买盘
201,14:42:12,29.49,-0.01,12,35388,卖盘
202,14:42:08,29.5,--,27,79650,买盘
203,14:42:03,29.5,0.01,1,2950,买盘
204,14:41:57,29.49,--,35,103215,卖盘
205,14:41:53,29.49,--,2,5898,卖盘
206,14:41:42,29.49,--,16,47184,卖盘
207,14:41:38,29.49,-0.01,23,67827,卖盘
208,14:41:27,29.5,-0.01,1,2950,卖盘
209,14:41:23,29.51,--,4,11804,买盘
210,14:41:18,29.51,0.01,11,32461,买盘
211,14:41:12,29.5,0.02,17,50150,卖盘
212,14:41:07,29.48,-0.03,17,50116,卖盘
213,14:40:57,29.51,--,165,486915,买盘
214,14:40:48,29.51,0.05,41,120991,买盘
215,14:40:42,29.46,-0.02,4,11784,卖盘
216,14:40:38,29.48,-0.02,39,114972,卖盘
217,14:40:33,29.5,0.02,8,23600,买盘
218,14:40:27,29.48,0.02,7,20636,中性盘
219,14:40:23,29.46,-0.04,24,70704,卖盘
220,14:40:18,29.5,--,58,171100,买盘
221,14:40:12,29.5,--,10,29500,买盘
222,14:40:07,29.5,--,43,126850,买盘
223,14:40:03,29.5,--,10,29500,买盘
224,14:39:57,29.5,--,50,147500,买盘
225,14:39:52,29.5,--,7,20650,买盘
226,14:39:48,29.5,--,36,106200,卖盘
227,14:39:42,29.5,--,8,23600,卖盘
228,14:39:37,29.5,--,12,35400,卖盘
229,14:39:32,29.5,--,8,23600,卖盘
230,14:39:27,29.5,0.04,179,528050,买盘
231,14:39:22,29.46,-0.02,10,29460,卖盘
232,14:39:17,29.48,--,54,159192,卖盘
233,14:39:12,29.48,-0.02,15,44220,卖盘
234,14:39:08,29.5,0.02,6,17700,买盘
235,14:39:02,29.48,-0.02,15,44220,卖盘
236,14:38:57,29.5,--,92,271400,卖盘
237,14:38:52,29.5,--,35,103250,卖盘
238,14:38:47,29.5,--,6,17700,卖盘
239,14:38:42,29.5,--,3,8850,卖盘
240,14:38:37,29.5,-0.03,31,91450,卖盘
241,14:38:32,29.53,0.01,21,62013,买盘
242,14:38:27,29.52,-0.02,4,11808,卖盘
243,14:38:22,29.54,0.01,37,109298,买盘
244,14:38:18,29.53,-0.01,3,8859,卖盘
245,14:38:12,29.54,-0.01,25,73850,卖盘
246,14:38:07,29.55,--,16,47280,买盘
247,14:38:03,29.55,-0.01,23,67965,卖盘
248,14:37:57,29.56,-0.04,22,65032,卖盘
249,14:37:52,29.6,0.01,162,479520,买盘
250,14:37:47,29.59,-0.01,10,29590,卖盘
251,14:37:42,29.6,--,32,94720,卖盘
252,14:37:36,29.6,-0.01,149,441040,卖盘
253,14:37:32,29.61,--,30,88830,卖盘
254,14:37:27,29.61,-0.01,6,17766,卖盘
255,14:37:21,29.62,--,41,121442,卖盘
256,14:37:06,29.62,-0.01,6,17772,卖盘
257,14:37:02,29.63,-0.01,5,14815,中性盘
258,14:36:57,29.64,--,55,163020,卖盘
259,14:36:51,29.64,--,3,8892,卖盘
260,14:36:42,29.64,0.02,10,29640,买盘
261,14:36:36,29.62,--,5,14810,卖盘
262,14:36:32,29.62,-0.02,4,11848,卖盘
263,14:36:27,29.64,--,4,11856,买盘
264,14:36:21,29.64,--,38,112632,卖盘
265,14:36:06,29.64,0.02,7,20748,买盘
266,14:36:02,29.62,-0.01,3,8886,卖盘
267,14:35:57,29.63,-0.02,36,106668,卖盘
268,14:35:51,29.65,-0.03,207,613755,卖盘
269,14:35:47,29.68,0.03,26,77168,买盘
270,14:35:42,29.65,-0.02,3,8895,卖盘
271,14:35:36,29.67,--,42,126097,卖盘
272,14:35:21,29.67,--,2,5934,卖盘
273,14:35:17,29.67,--,33,97911,卖盘
274,14:35:12,29.67,--,9,26703,卖盘
275,14:35:06,29.67,0.03,167,496972,买盘
276,14:35:02,29.64,--,5,14820,卖盘
277,14:34:57,29.64,-0.01,26,77064,卖盘
278,14:34:51,29.65,-0.01,16,47440,卖盘
279,14:34:47,29.66,--,6,17796,卖盘
280,14:34:42,29.66,--,3,8898,卖盘
281,14:34:36,29.66,0.01,70,207620,买盘
282,14:34:32,29.65,-0.01,68,201620,卖盘
283,14:34:27,29.66,--,48,142368,买盘
284,14:34:21,29.66,0.01,21,62286,买盘
285,14:34:17,29.65,--,14,41510,买盘
286,14:34:06,29.65,0.01,1,2965,中性盘
287,14:34:02,29.64,-0.01,42,124488,卖盘
288,14:33:57,29.65,--,2,5930,买盘
289,14:33:47,29.65,--,5,14825,买盘
290,14:33:42,29.65,--,1,2965,买盘
291,14:33:36,29.65,--,26,77090,卖盘
292,14:33:27,29.65,-0.01,2,5930,卖盘
293,14:33:21,29.66,-0.01,14,41524,卖盘
294,14:33:06,29.67,0.02,9,26703,买盘
295,14:33:01,29.65,-0.02,60,177900,卖盘
296,14:32:57,29.67,--,0,0,买盘
297,14:32:46,29.67,--,36,106812,买盘
298,14:32:41,29.67,0.03,25,74175,买盘
299,14:32:36,29.64,-0.03,11,32604,卖盘
300,14:32:26,29.67,--,0,0,买盘
301,14:32:21,29.67,--,11,32637,买盘
302,14:32:16,29.67,--,17,50439,卖盘
303,14:32:11,29.67,--,2,5934,卖盘
304,14:32:06,29.67,-0.01,6,17802,卖盘
305,14:32:01,29.68,--,20,59360,买盘
306,14:31:51,29.68,--,11,32648,买盘
307,14:31:46,29.68,--,6,17808,买盘
308,14:31:36,29.68,--,2,5936,买盘
309,14:31:31,29.68,-0.02,9,27572,卖盘
310,14:31:21,29.7,0.02,81,240570,买盘
311,14:31:16,29.68,0.01,1,2968,卖盘
312,14:31:06,29.67,-0.01,124,370014,买盘
313,14:31:01,29.68,--,38,112784,买盘
314,14:30:56,29.68,0.01,22,65296,买盘
315,14:30:51,29.67,--,4,11868,卖盘
316,14:30:46,29.67,-0.01,2,5934,卖盘
317,14:30:36,29.68,0.01,1,2968,买盘
318,14:30:30,29.67,-0.01,3,8901,卖盘
319,14:30:26,29.68,--,12,35616,买盘
320,14:30:21,29.68,--,89,265012,卖盘
321,14:30:11,29.68,--,5,14840,卖盘
322,14:30:06,29.68,--,21,64435,卖盘
323,14:30:00,29.68,-0.02,6,17808,卖盘
324,14:29:56,29.7,0.02,6,17820,买盘
325,14:29:51,29.68,-0.01,1,2968,卖盘
326,14:29:45,29.69,-0.01,19,56411,卖盘
327,14:29:41,29.7,--,4,11880,卖盘
328,14:29:36,29.7,--,12,35640,卖盘
329,14:29:30,29.7,-0.02,30,89100,卖盘
330,14:29:26,29.72,0.01,28,83216,买盘
331,14:29:21,29.71,-0.02,2,5942,卖盘
332,14:29:11,29.73,0.01,7,20811,买盘
333,14:29:06,29.72,-0.02,8,24637,卖盘
334,14:29:00,29.74,--,13,38662,买盘
335,14:28:45,29.74,--,12,37175,卖盘
336,14:28:41,29.74,--,29,87733,买盘
337,14:28:36,29.74,-0.01,7,22305,卖盘
338,14:28:21,29.75,-0.01,49,145864,卖盘
339,14:28:15,29.76,0.01,27,80352,买盘
340,14:28:11,29.75,--,0,0,卖盘
341,14:28:00,29.75,-0.01,58,172550,卖盘
342,14:27:56,29.76,--,3,8928,卖盘
343,14:27:45,29.76,--,6,20742,买盘
344,14:27:41,29.76,-0.01,16,47705,卖盘
345,14:27:36,29.77,--,15,44655,卖盘
346,14:27:30,29.77,--,5,17772,买盘
347,14:27:26,29.77,0.01,1,2977,买盘
348,14:27:21,29.76,--,1,2976,买盘
349,14:27:15,29.76,-0.01,10,29760,买盘
350,14:27:11,29.77,--,0,0,买盘
351,14:27:06,29.77,0.01,0,89,卖盘
352,14:27:00,29.76,--,74,220224,卖盘
353,14:26:51,29.76,--,2,5952,卖盘
354,14:26:45,29.76,--,10,29760,卖盘
355,14:26:41,29.76,--,10,29760,卖盘
356,14:26:30,29.76,0.01,112,336198,买盘
357,14:26:26,29.75,--,11,32725,买盘
358,14:26:21,29.75,-0.01,23,68514,卖盘
359,14:26:15,29.76,--,58,172608,买盘
360,14:26:11,29.76,0.01,10,29760,买盘
361,14:26:05,29.75,--,2,5950,卖盘
362,14:26:00,29.75,--,1,2975,卖盘
363,14:25:56,29.75,0.01,7,23710,买盘
364,14:25:50,29.74,-0.01,0,1487,卖盘
365,14:25:41,29.75,--,22,65450,买盘
366,14:25:35,29.75,0.01,6,17850,买盘
367,14:25:30,29.74,--,0,0,中性盘
368,14:25:25,29.74,0.01,1,2974,买盘
369,14:25:15,29.73,0.01,10,29730,买盘
370,14:25:00,29.72,0.01,9,26748,卖盘
371,14:24:45,29.71,--,6,17826,卖盘
372,14:24:40,29.71,--,10,29710,卖盘
373,14:24:25,29.71,0.01,13,40732,买盘
374,14:24:21,29.7,-0.01,42,125601,卖盘
375,14:24:15,29.71,0.01,8,23768,买盘
376,14:24:10,29.7,--,20,59400,卖盘
377,14:24:05,29.7,--,4,11880,卖盘
378,14:24:00,29.7,0.01,20,61508,买盘
379,14:23:55,29.69,--,2,5938,卖盘
380,14:23:45,29.69,0.01,11,32659,买盘
381,14:23:40,29.68,-0.01,71,210728,卖盘
382,14:23:30,29.69,--,1,2969,买盘
383,14:23:24,29.69,--,29,86101,买盘
384,14:23:15,29.69,--,11,32659,买盘
385,14:23:05,29.69,0.01,3,8907,买盘
386,14:23:00,29.68,--,102,302736,卖盘
387,14:22:54,29.68,--,1,2968,卖盘
388,14:22:50,29.68,-0.01,13,38584,卖盘
389,14:22:45,29.69,--,8,23752,卖盘
390,14:22:39,29.69,--,11,32659,卖盘
391,14:22:35,29.69,--,13,38597,卖盘
392,14:22:30,29.69,0.01,4,11876,买盘
393,14:22:24,29.68,-0.01,36,106848,卖盘
394,14:22:20,29.69,--,2,5938,买盘
395,14:22:15,29.69,-0.01,7,20783,卖盘
396,14:22:00,29.7,--,0,861,卖盘
397,14:21:54,29.7,-0.01,33,98010,卖盘
398,14:21:44,29.71,-0.03,1,2971,买盘
399,14:21:39,29.74,0.04,2,5948,买盘
400,14:21:35,29.7,-0.03,38,112949,卖盘
401,14:21:29,29.73,--,1,2973,买盘
402,14:21:24,29.73,--,3,8919,卖盘
403,14:21:20,29.73,-0.02,2,5946,卖盘
404,14:21:14,29.75,-0.01,1,2975,买盘
405,14:21:05,29.76,-0.01,23,68448,卖盘
406,14:20:59,29.77,--,31,92287,卖盘
407,14:20:54,29.77,-0.01,17,50609,卖盘
408,14:20:44,29.78,--,6,17868,卖盘
409,14:20:39,29.78,-0.01,74,220372,卖盘
410,14:20:24,29.79,--,10,29790,买盘
411,14:20:20,29.79,--,59,175761,卖盘
412,14:20:14,29.79,--,5,14895,卖盘
413,14:20:09,29.79,--,30,89370,卖盘
414,14:20:05,29.79,-0.01,5,14895,卖盘
415,14:19:54,29.8,--,5,14900,买盘
416,14:19:50,29.8,--,4,11920,卖盘
417,14:19:39,29.8,-0.01,3,8940,卖盘
418,14:19:35,29.81,-0.01,12,35772,中性盘
419,14:19:24,29.82,-0.01,10,29820,买盘
420,14:19:20,29.83,--,0,0,买盘
421,14:19:14,29.83,0.01,24,71592,买盘
422,14:19:09,29.82,0.02,22,65604,买盘
423,14:19:04,29.8,-0.02,160,478290,卖盘
424,14:18:59,29.82,--,5,14910,卖盘
425,14:18:54,29.82,-0.01,29,86478,卖盘
426,14:18:50,29.83,0.01,74,220742,买盘
427,14:18:44,29.82,-0.02,18,53676,卖盘
428,14:18:39,29.84,0.02,17,50728,买盘
429,14:18:35,29.82,--,8,23856,卖盘
430,14:18:29,29.82,--,3,8946,卖盘
431,14:18:24,29.82,-0.02,31,92442,中性盘
432,14:18:19,29.84,0.03,198,590832,买盘
433,14:18:14,29.81,-0.01,7,20867,卖盘
434,14:18:09,29.82,--,42,125244,买盘
435,14:18:05,29.82,-0.02,155,462210,卖盘
436,14:17:59,29.84,--,2,5968,卖盘
437,14:17:54,29.84,-0.01,21,62664,中性盘
438,14:17:49,29.85,0.02,145,432825,买盘
439,14:17:44,29.83,-0.01,52,155116,卖盘
440,14:17:39,29.84,--,28,83552,卖盘
441,14:17:34,29.84,0.01,29,86536,中性盘
442,14:17:29,29.83,--,69,205827,买盘
443,14:17:24,29.83,--,20,59660,买盘
444,14:17:19,29.83,--,54,161082,买盘
445,14:17:14,29.83,--,0,0,买盘
446,14:17:09,29.83,0.03,70,208810,买盘
447,14:17:04,29.8,--,76,226480,卖盘
448,14:16:54,29.8,0.02,340,1014690,买盘
449,14:16:49,29.78,--,6,17868,卖盘
450,14:16:44,29.78,--,12,36569,买盘
451,14:16:39,29.78,--,52,154856,买盘
452,14:16:34,29.78,0.01,2,5956,买盘
453,14:16:29,29.77,--,1,2977,卖盘
454,14:16:24,29.77,0.01,31,92287,买盘
455,14:16:18,29.76,-0.01,52,154752,卖盘
456,14:16:14,29.77,0.01,2,5954,买盘
457,14:16:09,29.76,0.01,41,122016,买盘
458,14:16:04,29.75,--,24,71400,卖盘
459,14:15:54,29.75,--,49,148660,买盘
460,14:15:48,29.75,0.03,16,47600,买盘
461,14:15:39,29.72,--,57,169404,卖盘
462,14:15:29,29.72,--,8,23776,卖盘
463,14:15:24,29.72,-0.01,19,56468,卖盘
464,14:15:18,29.73,0.03,12,35676,买盘
465,14:15:09,29.7,--,29,88238,买盘
466,14:15:03,29.7,--,28,84021,卖盘
467,14:14:59,29.7,--,15,44550,卖盘
468,14:14:54,29.7,-0.02,108,322868,卖盘
469,14:14:48,29.72,0.02,3,8916,买盘
470,14:14:44,29.7,--,7,20790,卖盘
471,14:14:38,29.7,--,53,157410,卖盘
472,14:14:33,29.7,0.02,132,392040,买盘
473,14:14:29,29.68,0.01,3,8904,买盘
474,14:14:18,29.67,-0.01,11,32637,卖盘
475,14:14:14,29.68,0.01,97,287896,中性盘
476,14:14:08,29.67,-0.01,11,32637,卖盘
477,14:14:03,29.68,--,10,29680,中性盘
478,14:13:58,29.68,0.02,20,59360,卖盘
479,14:13:43,29.66,-0.06,12,35592,卖盘
480,14:13:38,29.72,0.02,20,59440,买盘
481,14:13:33,29.7,-0.02,56,166320,卖盘
482,14:13:28,29.72,0.02,6,17832,买盘
483,14:13:23,29.7,0.02,53,157410,买盘
484,14:13:03,29.68,-0.02,6,17808,卖盘
485,14:12:58,29.7,--,3,8910,卖盘
486,14:12:53,29.7,-0.02,5,14850,卖盘
487,14:12:48,29.72,--,0,0,买盘
488,14:12:43,29.72,--,12,35664,买盘
489,14:12:38,29.72,--,21,62412,买盘
490,14:12:33,29.72,-0.02,105,312921,卖盘
491,14:12:23,29.74,--,0,0,中性盘
492,14:12:18,29.74,-0.01,6,17844,卖盘
493,14:12:13,29.75,--,23,68425,买盘
494,14:12:03,29.75,--,6,17850,买盘
495,14:11:58,29.75,0.02,45,133875,买盘
496,14:11:53,29.73,-0.02,5,14865,卖盘
497,14:11:48,29.75,0.02,4,11900,买盘
498,14:11:43,29.73,-0.03,44,130812,卖盘
499,14:11:33,29.76,0.04,168,499968,买盘
500,14:11:28,29.72,--,126,375452,卖盘
501,14:11:23,29.72,--,20,59440,卖盘
502,14:11:18,29.72,--,122,362584,卖盘
503,14:11:13,29.72,--,61,182421,买盘
504,14:11:03,29.72,--,37,111806,买盘
505,14:10:58,29.72,0.01,12,35664,买盘
506,14:10:43,29.71,-0.01,12,35652,卖盘
507,14:10:38,29.72,-0.01,22,65384,卖盘
508,14:10:33,29.73,--,14,41622,卖盘
509,14:10:23,29.73,0.02,7,20811,中性盘
510,14:10:18,29.71,-0.01,87,259605,卖盘
511,14:10:08,29.72,--,7,20804,卖盘
512,14:10:03,29.72,-0.01,10,29720,卖盘
513,14:09:58,29.73,0.05,21,62433,买盘
514,14:09:53,29.68,--,0,0,卖盘
515,14:09:48,29.68,-0.02,252,747936,卖盘
516,14:09:43,29.7,-0.01,101,299970,卖盘
517,14:09:38,29.71,--,2,5942,买盘
518,14:09:33,29.71,0.01,16,47536,买盘
519,14:09:18,29.7,--,0,0,卖盘
520,14:09:12,29.7,--,49,145530,买盘
521,14:09:08,29.7,0.01,32,95040,买盘
522,14:09:03,29.69,--,2,5938,卖盘
523,14:08:53,29.69,0.03,3,8907,买盘
524,14:08:48,29.66,-0.03,15,44490,卖盘
525,14:08:38,29.69,--,0,0,买盘
526,14:08:33,29.69,0.03,8,23752,买盘
527,14:08:27,29.66,0.03,85,253444,买盘
528,14:08:23,29.63,-0.01,20,59260,卖盘
529,14:08:18,29.64,--,8,23712,买盘
530,14:08:12,29.64,--,3,8892,买盘
531,14:08:02,29.64,--,22,66838,卖盘
532,14:07:53,29.64,--,0,0,卖盘
533,14:07:47,29.64,-0.02,15,44460,卖盘
534,14:07:42,29.66,0.02,35,105144,买盘
535,14:07:38,29.64,-0.02,34,100776,卖盘
536,14:07:32,29.66,0.01,16,47456,买盘
537,14:07:27,29.65,-0.01,79,234235,买盘
538,14:07:23,29.66,--,13,38558,买盘
539,14:07:17,29.66,--,24,71184,买盘
540,14:07:08,29.66,--,16,47456,买盘
541,14:07:02,29.66,--,1,2966,买盘
542,14:06:57,29.66,-0.04,231,685146,卖盘
543,14:06:53,29.7,--,17,50490,买盘
544,14:06:47,29.7,0.01,13,38610,买盘
545,14:06:42,29.69,0.02,73,216737,买盘
546,14:06:38,29.67,0.01,4,11868,买盘
547,14:06:27,29.66,--,1,2966,卖盘
548,14:06:22,29.66,0.04,96,284736,买盘
549,14:06:07,29.62,0.01,30,88860,买盘
550,14:05:57,29.61,--,3,8883,卖盘
551,14:05:52,29.61,0.01,15,44415,买盘
552,14:05:37,29.6,0.01,21,62160,买盘
553,14:05:32,29.59,--,43,127325,买盘
554,14:05:27,29.59,0.01,30,88770,买盘
555,14:05:22,29.58,-0.01,21,62118,卖盘
556,14:05:17,29.59,--,6,17754,买盘
557,14:05:12,29.59,0.01,1,2959,买盘
558,14:05:07,29.58,-0.01,7,20706,卖盘
559,14:05:02,29.59,--,21,62139,买盘
560,14:04:57,29.59,--,6,17754,买盘
561,14:04:52,29.59,0.01,12,35508,买盘
562,14:04:47,29.58,-0.01,10,29580,卖盘
563,14:04:42,29.59,--,6,17754,买盘
564,14:04:37,29.59,0.01,13,38467,买盘
565,14:04:32,29.58,-0.01,1,2958,中性盘
566,14:04:27,29.59,0.01,5,14795,买盘
567,14:04:22,29.58,0.01,15,44370,买盘
568,14:04:17,29.57,-0.02,12,35484,卖盘
569,14:04:12,29.59,0.01,23,68057,买盘
570,14:04:07,29.58,--,5,14790,卖盘
571,14:04:02,29.58,--,5,14790,卖盘
572,14:03:57,29.58,--,80,236640,卖盘
573,14:03:52,29.58,--,73,215934,买盘
574,14:03:37,29.58,0.02,60,177480,买盘
575,14:03:32,29.56,--,24,70944,卖盘
576,14:03:27,29.56,--,21,62076,卖盘
577,14:03:22,29.56,0.01,46,135976,买盘
578,14:03:12,29.55,--,51,150705,卖盘
579,14:03:07,29.55,0.02,16,47280,买盘
580,14:03:02,29.53,-0.02,34,100402,卖盘
581,14:02:57,29.55,--,3,8865,卖盘
582,14:02:52,29.55,-0.03,4,11820,卖盘
583,14:02:47,29.58,0.01,12,35496,买盘
584,14:02:42,29.57,--,1,2957,卖盘
585,14:02:37,29.57,-0.01,12,35484,卖盘
586,14:02:32,29.58,0.01,2,5916,买盘
587,14:02:27,29.57,-0.01,17,53137,卖盘
588,14:02:22,29.58,-0.01,21,62118,卖盘
589,14:02:17,29.59,--,5,14795,买盘
590,14:02:12,29.59,-0.01,4,11836,卖盘
591,14:02:07,29.6,--,2,5920,买盘
592,14:02:02,29.6,--,20,59200,买盘
593,14:01:57,29.6,-0.01,107,316808,卖盘
594,14:01:51,29.61,--,170,503399,卖盘
595,14:01:47,29.61,--,1,2961,卖盘
596,14:01:42,29.61,-0.03,8,26530,卖盘
597,14:01:36,29.64,0.02,13,38532,买盘
598,14:01:21,29.62,-0.02,10,29620,卖盘
599,14:01:17,29.64,-0.01,5,14820,买盘
600,14:01:11,29.65,--,15,44475,买盘
601,14:01:06,29.65,--,4,11860,买盘
602,14:00:56,29.65,--,22,65230,卖盘
603,14:00:51,29.65,-0.02,30,88950,卖盘
604,14:00:47,29.67,0.01,118,350106,买盘
605,14:00:42,29.66,0.01,23,68218,卖盘
606,14:00:36,29.65,--,132,391380,卖盘
607,14:00:26,29.65,-0.01,8,23720,卖盘
608,14:00:21,29.66,--,332,984712,买盘
609,14:00:17,29.66,0.01,63,186858,买盘
610,14:00:11,29.65,-0.01,2,5930,卖盘
611,14:00:06,29.66,0.01,21,62286,买盘
612,14:00:02,29.65,-0.01,103,305395,卖盘
613,13:59:56,29.66,--,16,47456,买盘
614,13:59:51,29.66,--,28,83048,卖盘
615,13:59:47,29.66,--,21,62286,卖盘
616,13:59:41,29.66,-0.02,10,29660,卖盘
617,13:59:36,29.68,0.02,22,65296,买盘
618,13:59:26,29.66,-0.03,15,44490,卖盘
619,13:59:21,29.69,0.01,4,11876,买盘
620,13:59:17,29.68,0.02,5,14840,中性盘
621,13:59:11,29.66,-0.03,26,77116,卖盘
622,13:59:06,29.69,0.01,6,17814,买盘
623,13:59:02,29.68,--,4,11872,买盘
624,13:58:56,29.68,--,2,5936,卖盘
625,13:58:51,29.68,--,70,207760,买盘
626,13:58:46,29.68,--,14,41552,买盘
627,13:58:41,29.68,0.01,11,32648,买盘
628,13:58:36,29.67,-0.01,25,74175,卖盘
629,13:58:32,29.68,0.01,16,47488,买盘
630,13:58:26,29.67,0.02,18,53406,买盘
631,13:58:21,29.65,--,48,142320,卖盘
632,13:58:16,29.65,-0.03,51,151215,卖盘
633,13:58:11,29.68,0.03,60,178080,买盘
634,13:58:06,29.65,--,35,103775,卖盘
635,13:58:01,29.65,--,176,521840,卖盘
636,13:57:56,29.65,--,2,5930,卖盘
637,13:57:51,29.65,--,11,32615,卖盘
638,13:57:46,29.65,-0.03,24,71160,中性盘
639,13:57:41,29.68,--,5,14840,买盘
640,13:57:36,29.68,0.06,1,2968,中性盘
641,13:57:31,29.62,-0.08,134,397944,卖盘
642,13:57:26,29.7,--,6,17820,卖盘
643,13:57:21,29.7,-0.01,13,38610,卖盘
644,13:57:16,29.71,-0.04,8,23768,卖盘
645,13:57:11,29.75,0.01,12,35700,买盘
646,13:57:06,29.74,--,14,41636,买盘
647,13:57:01,29.74,-0.01,12,37175,卖盘
648,13:56:56,29.75,--,21,63962,卖盘
649,13:56:51,29.75,--,402,1195950,卖盘
650,13:56:46,29.75,--,79,235025,卖盘
651,13:56:41,29.75,-0.03,5,14875,中性盘
652,13:56:36,29.78,--,21,62538,买盘
653,13:56:31,29.78,0.02,18,53604,买盘
654,13:56:26,29.76,-0.02,7,20832,卖盘
655,13:56:21,29.78,--,13,38714,卖盘
656,13:56:16,29.78,-0.02,17,50626,卖盘
657,13:56:11,29.8,--,27,83410,卖盘
658,13:56:06,29.8,--,335,998300,卖盘
659,13:56:01,29.8,--,330,983400,卖盘
660,13:55:56,29.8,--,8,23840,卖盘
661,13:55:51,29.8,--,393,1171140,卖盘
662,13:55:46,29.8,-0.04,56,166880,卖盘
663,13:55:41,29.84,0.03,71,211864,买盘
664,13:55:36,29.81,0.01,523,1559063,中性盘
665,13:55:31,29.8,-0.05,78,232440,卖盘
666,13:55:21,29.85,0.01,51,152235,买盘
667,13:55:16,29.84,-0.01,34,101456,中性盘
668,13:55:11,29.85,0.01,66,197010,买盘
669,13:55:06,29.84,--,119,355096,买盘
670,13:55:01,29.84,-0.01,33,98472,卖盘
671,13:54:56,29.85,0.04,26,77610,卖盘
672,13:54:51,29.81,-0.04,227,676687,卖盘
673,13:54:46,29.85,--,19,56715,买盘
674,13:54:41,29.85,0.03,107,319395,买盘
675,13:54:36,29.82,0.02,181,539771,买盘
676,13:54:31,29.8,--,65,193700,卖盘
677,13:54:26,29.8,-0.01,63,187740,卖盘
678,13:54:21,29.81,0.01,353,1052293,买盘
679,13:54:15,29.8,0.01,48,143040,买盘
680,13:54:11,29.79,-0.01,262,780498,卖盘
681,13:54:06,29.8,--,229,682420,卖盘
682,13:54:00,29.8,0.04,232,691360,买盘
683,13:53:56,29.76,0.01,10,29760,中性盘
684,13:53:50,29.75,--,629,1871275,卖盘
685,13:53:45,29.75,0.01,137,407575,买盘
686,13:53:41,29.74,-0.01,269,801879,卖盘
687,13:53:35,29.75,--,24,71400,卖盘
688,13:53:30,29.75,--,48,142800,卖盘
689,13:53:26,29.75,0.03,53,157675,买盘
690,13:53:20,29.72,--,6,17832,买盘
691,13:53:15,29.72,-0.01,353,1049116,中性盘
692,13:53:11,29.73,0.02,48,142704,买盘
693,13:53:05,29.71,-0.03,20,59420,卖盘
694,13:53:00,29.74,--,34,101116,买盘
695,13:52:56,29.74,-0.01,121,359854,买盘
696,13:52:50,29.75,0.01,8,23800,买盘
697,13:52:45,29.74,0.04,18,53532,中性盘
698,13:52:41,29.7,-0.03,92,273240,卖盘
699,13:52:35,29.73,0.02,56,166488,买盘
700,13:52:30,29.71,0.01,233,692243,买盘
701,13:52:26,29.7,-0.03,33,98010,卖盘
702,13:52:20,29.73,--,2,5946,卖盘
703,13:52:15,29.73,0.03,213,633249,买盘
704,13:52:10,29.7,-0.01,207,614790,卖盘
705,13:52:05,29.71,0.01,5,14855,买盘
706,13:52:00,29.7,0.04,55,163350,买盘
707,13:51:56,29.66,-0.03,322,955052,卖盘
708,13:51:50,29.69,0.03,64,190016,买盘
709,13:51:45,29.66,-0.02,35,103810,卖盘
710,13:51:40,29.68,0.02,160,474880,买盘
711,13:51:35,29.66,--,233,691078,买盘
712,13:51:30,29.66,0.01,50,148300,买盘
713,13:51:25,29.65,--,37,109705,卖盘
714,13:51:20,29.65,--,5,14825,卖盘
715,13:51:15,29.65,--,86,254990,卖盘
716,13:51:11,29.65,0.03,416,1233440,中性盘
717,13:51:05,29.62,-0.03,101,299162,卖盘
718,13:51:00,29.65,0.03,438,1300597,买盘
719,13:50:56,29.62,0.01,12,35544,中性盘
720,13:50:50,29.61,-0.01,60,177660,卖盘
721,13:50:45,29.62,0.01,47,139214,买盘
722,13:50:40,29.61,--,30,88830,卖盘
723,13:50:30,29.61,--,75,222075,卖盘
724,13:50:25,29.61,0.02,159,470799,买盘
725,13:50:20,29.59,0.01,27,79893,买盘
726,13:50:15,29.58,-0.01,81,239598,卖盘
727,13:50:10,29.59,--,95,281105,卖盘
728,13:50:05,29.59,--,4,11836,卖盘
729,13:50:00,29.59,--,17,50303,卖盘
730,13:49:55,29.59,--,44,130284,买盘
731,13:49:50,29.59,--,16,47344,买盘
732,13:49:45,29.59,-0.01,191,565169,卖盘
733,13:49:40,29.6,--,13,38480,买盘
734,13:49:35,29.6,--,44,130240,买盘
735,13:49:30,29.6,-0.01,32,97591,卖盘
736,13:49:25,29.61,0.01,114,337554,中性盘
737,13:49:20,29.6,--,118,349368,卖盘
738,13:49:15,29.6,-0.02,10,29600,卖盘
739,13:49:10,29.62,0.02,10,29620,中性盘
740,13:49:05,29.6,0.01,47,139120,买盘
741,13:49:00,29.59,--,40,118360,买盘
742,13:48:55,29.59,-0.03,103,304777,卖盘
743,13:48:50,29.62,0.02,159,471698,买盘
744,13:48:45,29.6,0.01,239,707440,买盘
745,13:48:40,29.59,--,27,79893,买盘
746,13:48:35,29.59,0.03,3,8877,买盘
747,13:48:30,29.56,--,102,301512,卖盘
748,13:48:25,29.56,-0.02,266,786296,卖盘
749,13:48:20,29.58,--,92,272136,买盘
750,13:48:15,29.58,0.07,99,292842,买盘
751,13:48:10,29.51,0.01,67,197717,卖盘
752,13:48:05,29.5,-0.06,17,50150,卖盘
753,13:48:00,29.56,0.06,55,162580,买盘
754,13:47:55,29.5,0.02,93,275825,买盘
755,13:47:50,29.48,0.02,2,5896,卖盘
756,13:47:45,29.46,-0.03,153,450738,卖盘
757,13:47:40,29.49,0.01,374,1102926,买盘
758,13:47:35,29.48,--,203,598444,买盘
759,13:47:25,29.48,0.03,136,400928,买盘
760,13:47:20,29.45,--,2,5890,卖盘
761,13:47:15,29.45,--,227,668515,买盘
762,13:47:10,29.45,0.01,17,50065,买盘
763,13:47:05,29.44,--,96,282624,买盘
764,13:47:00,29.44,0.01,4,11776,买盘
765,13:46:55,29.43,--,4,11772,卖盘
766,13:46:50,29.43,0.02,143,420849,买盘
767,13:46:40,29.41,0.01,150,442767,买盘
768,13:46:35,29.4,0.01,5,14700,买盘
769,13:46:24,29.39,0.04,1,2939,卖盘
770,13:46:20,29.35,--,14,41090,买盘
771,13:46:14,29.35,-0.06,6,17610,卖盘
772,13:46:09,29.41,--,60,176460,买盘
773,13:46:05,29.41,0.04,1000,2941000,买盘
774,13:45:54,29.37,0.01,22,65935,卖盘
775,13:45:50,29.36,--,0,0,卖盘
776,13:45:34,29.36,--,52,154286,买盘
777,13:45:29,29.36,-0.03,43,126570,卖盘
778,13:45:24,29.39,0.03,20,58780,买盘
779,13:45:20,29.36,-0.03,50,146800,卖盘
780,13:45:09,29.39,--,15,44085,卖盘
781,13:45:05,29.39,--,14,41146,卖盘
782,13:44:59,29.39,0.02,15,44085,中性盘
783,13:44:54,29.37,-0.02,160,469920,卖盘
784,13:44:49,29.39,--,27,79353,买盘
785,13:44:39,29.39,--,35,102865,买盘
786,13:44:34,29.39,--,5,14695,买盘
787,13:44:24,29.39,--,5,14695,买盘
788,13:44:19,29.39,-0.01,52,152828,卖盘
789,13:44:14,29.4,--,2,5880,买盘
790,13:44:09,29.4,--,36,105840,买盘
791,13:44:04,29.4,-0.01,34,99960,卖盘
792,13:43:54,29.41,0.01,7,20587,买盘
793,13:43:49,29.4,--,372,1093680,卖盘
794,13:43:44,29.4,--,42,123480,卖盘
795,13:43:39,29.4,0.01,356,1046640,买盘
796,13:43:34,29.39,--,13,38207,卖盘
797,13:43:24,29.39,-0.02,4,11756,卖盘
798,13:43:19,29.41,0.05,7,20587,买盘
799,13:43:14,29.36,-0.05,4,11744,卖盘
800,13:43:09,29.41,0.06,5,17116,买盘
801,13:43:04,29.35,--,41,120540,买盘
802,13:42:59,29.35,-0.01,25,76104,卖盘
803,13:42:54,29.36,--,3,9013,买盘
804,13:42:49,29.36,-0.05,106,313946,卖盘
805,13:42:44,29.41,0.05,10,29410,买盘
806,13:42:39,29.36,-0.05,62,182032,卖盘
807,13:42:34,29.41,--,31,91171,卖盘
808,13:42:29,29.41,--,20,58820,卖盘
809,13:42:24,29.41,0.04,505,1485410,买盘
810,13:42:19,29.37,--,7,20559,买盘
811,13:42:09,29.37,-0.01,21,61677,卖盘
812,13:42:04,29.38,0.01,3,8814,买盘
813,13:41:54,29.37,-0.02,2,5874,卖盘
814,13:41:49,29.39,-0.01,37,108743,买盘
815,13:41:39,29.4,0.01,14,41160,买盘
816,13:41:34,29.39,--,5,17428,卖盘
817,13:41:19,29.39,--,6,17634,卖盘
818,13:41:13,29.39,--,10,29390,卖盘
819,13:41:04,29.39,-0.01,10,29390,卖盘
820,13:40:54,29.4,0.01,5,14700,买盘
821,13:40:49,29.39,--,10,29390,卖盘
822,13:40:39,29.39,-0.01,41,120499,卖盘
823,13:40:34,29.4,0.01,26,76440,买盘
824,13:40:29,29.39,--,8,23512,卖盘
825,13:40:19,29.39,0.01,23,67802,买盘
826,13:40:13,29.38,--,25,73450,卖盘
827,13:40:09,29.38,-0.01,20,58760,卖盘
828,13:40:04,29.39,0.02,11,32329,买盘
829,13:39:59,29.37,-0.02,7,20559,卖盘
830,13:39:54,29.39,0.01,23,67597,买盘
831,13:39:49,29.38,--,14,41132,买盘
832,13:39:38,29.38,-0.01,14,43864,卖盘
833,13:39:34,29.39,0.01,21,61719,买盘
834,13:39:28,29.38,--,5,14690,卖盘
835,13:39:19,29.38,0.03,208,611309,买盘
836,13:39:14,29.35,-0.02,6,17610,卖盘
837,13:39:08,29.37,--,20,58740,买盘
838,13:39:04,29.37,0.02,8,23496,买盘
839,13:38:59,29.35,-0.02,12,35220,卖盘
840,13:38:53,29.37,-0.01,4,11748,卖盘
841,13:38:49,29.38,--,11,32318,买盘
842,13:38:43,29.38,-0.01,6,17628,卖盘
843,13:38:38,29.39,--,2,5878,买盘
844,13:38:33,29.39,0.01,17,49963,中性盘
845,13:38:29,29.38,-0.02,19,55822,卖盘
846,13:38:18,29.4,--,20,58800,卖盘
847,13:38:14,29.4,-0.01,9,26460,卖盘
848,13:38:08,29.41,--,5,14705,卖盘
849,13:38:03,29.41,-0.02,265,779365,卖盘
850,13:37:59,29.43,-0.03,3,8829,中性盘
851,13:37:53,29.46,0.01,45,132570,买盘
852,13:37:48,29.45,--,25,73625,买盘
853,13:37:44,29.45,--,9,26505,买盘
854,13:37:38,29.45,--,1,2945,买盘
855,13:37:33,29.45,0.05,17,50065,买盘
856,13:37:18,29.4,--,6,17640,卖盘
857,13:37:13,29.4,--,48,141120,卖盘
858,13:37:08,29.4,--,2,5880,卖盘
859,13:37:03,29.4,0.02,26,76440,买盘
860,13:36:58,29.38,0.01,38,111644,中性盘
861,13:36:53,29.37,--,7,20559,卖盘
862,13:36:48,29.37,--,103,302511,卖盘
863,13:36:43,29.37,0.02,12,35244,买盘
864,13:36:38,29.35,0.01,26,76310,买盘
865,13:36:33,29.34,-0.02,40,117360,卖盘
866,13:36:28,29.36,0.03,187,549032,买盘
867,13:36:23,29.33,--,2,5866,卖盘
868,13:36:18,29.33,0.01,15,43995,买盘
869,13:36:13,29.32,0.02,92,269744,买盘
870,13:36:08,29.3,--,3,8790,卖盘
871,13:36:03,29.3,0.05,320,940090,买盘
872,13:35:58,29.25,-0.01,20,58500,卖盘
873,13:35:48,29.26,--,62,181412,卖盘
874,13:35:43,29.26,0.01,133,390445,买盘
875,13:35:33,29.25,0.01,6,17550,买盘
876,13:35:28,29.24,0.01,6,17544,买盘
877,13:35:18,29.23,--,5,14615,卖盘
878,13:35:13,29.23,0.02,6,17538,买盘
879,13:35:03,29.21,--,32,93472,买盘
880,13:34:58,29.21,0.01,1,2921,买盘
881,13:34:48,29.2,0.02,217,634136,买盘
882,13:34:43,29.18,--,1,2918,买盘
883,13:34:37,29.18,--,2,5836,买盘
884,13:34:33,29.18,0.03,20,58360,买盘
885,13:34:18,29.15,0.01,30,87450,买盘
886,13:34:03,29.14,-0.01,36,104904,卖盘
887,13:33:43,29.15,-0.01,4,11660,卖盘
888,13:33:37,29.16,0.01,1,2916,买盘
889,13:33:18,29.15,-0.01,5,14575,中性盘
890,13:32:58,29.16,--,2,5832,买盘
891,13:32:43,29.16,0.01,1,2916,买盘
892,13:32:37,29.15,-0.01,2,5830,买盘
893,13:32:32,29.16,--,0,0,买盘
894,13:32:28,29.16,0.02,17,49572,买盘
895,13:32:02,29.14,--,2,5828,卖盘
896,13:31:58,29.14,-0.01,5,14570,卖盘
897,13:31:47,29.15,--,14,40810,卖盘
898,13:31:37,29.15,0.01,12,34980,买盘
899,13:31:32,29.14,--,1,2914,卖盘
900,13:31:28,29.14,-0.02,1,2914,卖盘
901,13:31:13,29.16,--,0,0,买盘
902,13:31:07,29.16,--,33,96228,买盘
903,13:30:52,29.16,--,3,8748,买盘
904,13:30:47,29.16,--,0,0,买盘
905,13:30:37,29.16,--,2,5832,买盘
906,13:30:27,29.16,--,6,17496,买盘
907,13:30:07,29.16,0.02,2,5832,买盘
908,13:29:57,29.14,-0.01,8,23574,卖盘
909,13:29:52,29.15,0.01,60,174900,买盘
910,13:29:47,29.14,--,2,5828,买盘
911,13:29:42,29.14,-0.01,1,2914,中性盘
912,13:29:37,29.15,--,3,8745,买盘
913,13:29:27,29.15,0.02,50,145750,买盘
914,13:29:22,29.13,--,9,26217,买盘
915,13:28:52,29.13,0.01,8,23304,买盘
916,13:28:42,29.12,--,1,2912,买盘
917,13:28:37,29.12,0.02,3,8736,买盘
918,13:28:27,29.1,--,0,0,卖盘
919,13:28:22,29.1,--,0,0,卖盘
920,13:28:12,29.1,--,13,39285,买盘
921,13:28:07,29.1,0.01,1,2910,买盘
922,13:27:52,29.09,0.01,29,84361,买盘
923,13:27:37,29.08,-0.01,3,8724,卖盘
924,13:27:31,29.09,--,1,2909,买盘
925,13:27:27,29.09,--,10,29090,买盘
926,13:27:16,29.09,--,10,29090,买盘
927,13:27:12,29.09,0.01,20,58180,买盘
928,13:27:07,29.08,--,5,14540,卖盘
929,13:27:01,29.08,-0.01,5,14540,卖盘
930,13:26:57,29.09,--,10,29090,买盘
931,13:26:36,29.09,0.01,2,5818,买盘
932,13:26:31,29.08,--,2,5816,卖盘
933,13:26:27,29.08,--,2,5816,卖盘
934,13:25:57,29.08,-0.01,14,40712,卖盘
935,13:25:52,29.09,-0.01,2,5818,卖盘
936,13:25:42,29.1,--,20,58200,买盘
937,13:25:36,29.1,0.01,101,293910,买盘
938,13:25:26,29.09,--,2,5818,卖盘
939,13:25:22,29.09,--,2,5818,卖盘
940,13:25:16,29.09,-0.01,11,31999,卖盘
941,13:25:11,29.1,0.01,1,2910,买盘
942,13:25:06,29.09,-0.01,16,46544,卖盘
943,13:25:01,29.1,-0.03,8,24735,卖盘
944,13:24:56,29.13,0.03,13,37869,买盘
945,13:24:52,29.1,--,5,14550,卖盘
946,13:24:46,29.1,--,23,66930,卖盘
947,13:24:41,29.1,--,3,8730,卖盘
948,13:24:37,29.1,--,4,13095,卖盘
949,13:24:31,29.1,--,22,64020,卖盘
950,13:24:26,29.1,-0.03,53,154230,卖盘
951,13:24:06,29.13,--,0,0,买盘
952,13:23:51,29.13,0.03,4,11652,买盘
953,13:23:41,29.1,-0.03,24,69840,卖盘
954,13:23:37,29.13,--,2,5826,买盘
955,13:23:26,29.13,--,42,122346,卖盘
956,13:23:21,29.13,0.02,3,8739,卖盘
957,13:23:16,29.11,-0.04,4,11644,中性盘
958,13:23:06,29.15,--,2,5830,买盘
959,13:23:01,29.15,--,1,2915,买盘
960,13:22:56,29.15,0.05,102,297330,买盘
961,13:22:51,29.1,--,15,43650,卖盘
962,13:22:46,29.1,-0.03,11,32010,卖盘
963,13:22:36,29.13,0.03,35,101955,买盘
964,13:22:26,29.1,--,2,5820,卖盘
965,13:22:16,29.1,0.01,67,194970,买盘
966,13:22:11,29.09,-0.01,3,8727,卖盘
967,13:22:06,29.1,--,3,8730,买盘
968,13:21:56,29.1,-0.01,11,32010,卖盘
969,13:21:46,29.11,0.01,2,5822,中性盘
970,13:21:36,29.1,--,23,66930,卖盘
971,13:21:31,29.1,-0.01,3,8730,卖盘
972,13:21:21,29.11,0.01,3,8733,买盘
973,13:21:16,29.1,--,28,81480,卖盘
974,13:21:06,29.1,-0.01,17,49470,卖盘
975,13:20:56,29.11,-0.02,3,8733,卖盘
976,13:20:51,29.13,--,21,61173,买盘
977,13:20:46,29.13,--,59,171867,卖盘
978,13:20:40,29.13,-0.01,5,14565,卖盘
979,13:20:36,29.14,--,4,11656,买盘
980,13:20:31,29.14,-0.01,14,40796,卖盘
981,13:20:25,29.15,--,6,17490,买盘
982,13:20:21,29.15,0.02,105,306075,买盘
983,13:20:16,29.13,-0.01,56,165545,卖盘
984,13:20:06,29.14,--,55,160765,买盘
985,13:20:01,29.14,0.01,42,122388,买盘
986,13:19:51,29.13,--,50,145650,卖盘
987,13:19:46,29.13,--,1,2913,卖盘
988,13:19:40,29.13,-0.01,10,29130,卖盘
989,13:19:36,29.14,0.01,10,29140,买盘
990,13:19:31,29.13,--,2,5826,买盘
991,13:19:25,29.13,-0.01,14,40782,卖盘
992,13:19:21,29.14,--,4,11656,买盘
993,13:19:16,29.14,--,8,23312,买盘
994,13:19:06,29.14,--,80,233120,买盘
995,13:19:01,29.14,--,5,14570,买盘
996,13:18:55,29.14,--,1,2914,买盘
997,13:18:51,29.14,--,0,0,买盘
998,13:18:45,29.14,0.07,15,43710,买盘
999,13:18:36,29.07,--,11,31977,卖盘
1000,13:18:25,29.07,-0.06,3,11133,卖盘
1001,13:18:15,29.13,--,17,49521,卖盘
1002,13:18:10,29.13,-0.01,10,29130,卖盘
1003,13:17:55,29.14,--,66,192324,买盘
1004,13:17:45,29.14,0.01,6,17484,买盘
1005,13:17:40,29.13,-0.01,2,5826,卖盘
1006,13:17:35,29.14,0.01,121,352594,买盘
1007,13:17:25,29.13,--,29,84477,卖盘
1008,13:17:15,29.13,0.05,144,419967,买盘
1009,13:17:10,29.08,--,10,29080,买盘
1010,13:17:00,29.08,--,43,125043,买盘
1011,13:16:55,29.08,--,1,2908,买盘
1012,13:16:35,29.08,--,1,2908,买盘
1013,13:16:25,29.08,0.01,1,2908,买盘
1014,13:16:20,29.07,-0.01,4,11628,卖盘
1015,13:16:10,29.08,--,1,2908,买盘
1016,13:15:50,29.08,-0.02,39,113412,卖盘
1017,13:15:40,29.1,0.02,2,5820,买盘
1018,13:15:25,29.08,-0.01,5,14540,卖盘
1019,13:15:15,29.09,--,5,14545,买盘
1020,13:14:55,29.09,-0.01,25,75139,卖盘
1021,13:14:50,29.1,--,6,17460,买盘
1022,13:14:40,29.1,0.01,1,2910,买盘
1023,13:14:30,29.09,--,1,2909,卖盘
1024,13:14:25,29.09,--,3,9221,买盘
1025,13:14:20,29.09,--,1,2909,买盘
1026,13:14:10,29.09,--,1,2909,买盘
1027,13:14:05,29.09,-0.01,4,14050,卖盘
1028,13:13:55,29.1,--,9,26190,买盘
1029,13:13:45,29.1,--,1,2910,买盘
1030,13:13:40,29.1,-0.03,2,5820,买盘
1031,13:13:35,29.13,--,0,0,买盘
1032,13:13:15,29.13,--,191,556383,卖盘
1033,13:13:04,29.13,0.03,55,160215,买盘
1034,13:13:00,29.1,--,4,12134,买盘
1035,13:12:49,29.1,--,20,58200,买盘
1036,13:12:45,29.1,-0.04,26,75660,卖盘
1037,13:12:40,29.14,--,3,8742,买盘
1038,13:12:34,29.14,--,2,5828,买盘
1039,13:12:30,29.14,--,0,0,买盘
1040,13:12:25,29.14,0.03,2,5828,买盘
1041,13:12:15,29.11,0.01,1,2911,卖盘
1042,13:12:00,29.1,0.01,21,61110,买盘
1043,13:11:49,29.09,0.01,55,160547,买盘
1044,13:11:45,29.08,-0.01,2,5816,卖盘
1045,13:11:40,29.09,--,2,5818,买盘
1046,13:11:34,29.09,--,16,46544,买盘
1047,13:11:30,29.09,--,15,43635,买盘
1048,13:11:25,29.09,-0.01,112,328164,卖盘
1049,13:11:19,29.1,--,3,8730,买盘
1050,13:11:15,29.1,--,0,0,中性盘
1051,13:11:10,29.1,-0.03,4,11640,卖盘
1052,13:10:59,29.13,--,1,2913,卖盘
1053,13:10:55,29.13,--,78,227214,卖盘
1054,13:10:39,29.13,--,1,2913,买盘
1055,13:10:34,29.13,-0.01,6,17478,买盘
1056,13:10:24,29.14,--,0,0,买盘
1057,13:10:19,29.14,0.01,49,142786,买盘
1058,13:10:14,29.13,--,0,0,买盘
1059,13:10:09,29.13,-0.01,6,17478,买盘
1060,13:10:04,29.14,--,0,0,买盘
1061,13:09:49,29.14,0.05,4,11656,买盘
1062,13:09:39,29.09,-0.05,2,6370,买盘
1063,13:09:34,29.14,--,0,0,买盘
1064,13:09:29,29.14,0.05,7,20398,买盘
1065,13:09:24,29.09,-0.03,2,5818,卖盘
1066,13:09:14,29.12,-0.03,4,11648,卖盘
1067,13:08:59,29.15,--,11,32065,卖盘
1068,13:08:54,29.15,0.02,50,145750,买盘
1069,13:08:39,29.13,--,1,2913,买盘
1070,13:08:34,29.13,-0.01,76,221388,卖盘
1071,13:08:24,29.14,--,56,163184,卖盘
1072,13:08:14,29.14,-0.01,49,142786,卖盘
1073,13:08:04,29.15,--,1,2915,买盘
1074,13:07:54,29.15,--,0,0,买盘
1075,13:07:49,29.15,-0.01,6,17490,卖盘
1076,13:07:39,29.16,0.01,3,8748,买盘
1077,13:07:34,29.15,0.02,2,5830,买盘
1078,13:07:29,29.13,-0.01,9,26217,卖盘
1079,13:07:24,29.14,-0.02,1,2914,卖盘
1080,13:06:54,29.16,--,1,2916,买盘
1081,13:06:49,29.16,--,1,2916,买盘
1082,13:06:34,29.16,0.02,3,8748,买盘
1083,13:06:13,29.14,-0.02,10,29140,卖盘
1084,13:06:09,29.16,-0.01,2,5832,买盘
1085,13:06:04,29.17,--,0,0,买盘
1086,13:05:54,29.17,0.03,6,17502,买盘
1087,13:05:49,29.14,-0.01,19,55366,卖盘
1088,13:05:39,29.15,-0.02,20,58300,中性盘
1089,13:05:34,29.17,--,2,5834,买盘
1090,13:05:13,29.17,0.04,36,105012,买盘
1091,13:05:04,29.13,-0.04,3,8739,卖盘
1092,13:04:58,29.17,--,0,0,买盘
1093,13:04:39,29.17,--,5,14585,买盘
1094,13:04:34,29.17,0.04,1,2917,买盘
1095,13:04:28,29.13,0.01,1,2913,卖盘
1096,13:04:19,29.12,--,0,0,卖盘
1097,13:04:04,29.12,0.01,2,5824,卖盘
1098,13:03:58,29.11,--,84,245222,买盘
1099,13:03:38,29.11,-0.04,4,11644,卖盘
1100,13:03:23,29.15,-0.02,5,14575,卖盘
1101,13:03:13,29.17,--,59,172103,卖盘
1102,13:03:04,29.17,--,12,35004,卖盘
1103,13:02:58,29.17,-0.01,2,5834,卖盘
1104,13:02:53,29.18,--,1,2918,买盘
1105,13:02:48,29.18,0.01,14,40852,买盘
1106,13:02:43,29.17,-0.01,1,2917,卖盘
1107,13:02:33,29.18,0.01,16,46688,买盘
1108,13:02:28,29.17,-0.01,10,29170,卖盘
1109,13:02:13,29.18,-0.01,37,107966,卖盘
1110,13:02:08,29.19,0.01,2,5838,买盘
1111,13:02:03,29.18,--,16,46688,卖盘
1112,13:01:58,29.18,-0.02,10,29180,卖盘
1113,13:01:53,29.2,--,1,2920,买盘
1114,13:01:43,29.2,--,0,0,中性盘
1115,13:01:38,29.2,--,52,151840,卖盘
1116,13:01:33,29.2,-0.01,16,46720,卖盘
1117,13:01:18,29.21,-0.01,15,43815,卖盘
1118,13:01:13,29.22,0.01,7,20454,中性盘
1119,13:01:08,29.21,--,1,2921,卖盘
1120,13:00:58,29.21,--,9,26289,买盘
1121,13:00:48,29.21,--,7,20447,卖盘
1122,13:00:43,29.21,-0.02,6,17526,卖盘
1123,13:00:33,29.23,--,0,0,买盘
1124,13:00:13,29.23,--,1,2923,买盘
1125,13:00:07,29.23,--,61,178303,买盘
1126,13:00:03,29.23,--,302,882746,买盘
1127,11:30:00,29.23,--,0,0,买盘
1128,11:30:00,29.23,--,169,493987,卖盘
1129,11:29:59,29.23,--,22,64306,卖盘
1130,11:29:53,29.23,--,17,49691,卖盘
1131,11:29:49,29.23,--,11,32153,卖盘
1132,11:29:38,29.23,--,27,78921,买盘
1133,11:29:33,29.23,0.01,1,2923,买盘
1134,11:29:29,29.22,-0.01,1,2922,买盘
1135,11:29:23,29.23,--,0,0,买盘
1136,11:29:18,29.23,--,36,105228,买盘
1137,11:29:08,29.23,0.03,32,93536,买盘
1138,11:29:03,29.2,--,1,2920,卖盘
1139,11:28:59,29.2,--,7,20440,卖盘
1140,11:28:53,29.2,-0.02,16,46720,卖盘
1141,11:28:48,29.22,--,25,73050,买盘
1142,11:28:44,29.22,--,4,11688,买盘
1143,11:28:38,29.22,--,17,49674,买盘
1144,11:28:33,29.22,--,4,11688,买盘
1145,11:28:29,29.22,0.02,7,20454,买盘
1146,11:28:23,29.2,--,20,58400,卖盘
1147,11:28:18,29.2,0.02,481,1404520,买盘
1148,11:28:08,29.18,0.01,201,586518,买盘
1149,11:28:03,29.17,0.03,21,61257,买盘
1150,11:27:59,29.14,--,1,2914,卖盘
1151,11:27:53,29.14,-0.01,5,14570,卖盘
1152,11:27:44,29.15,--,90,262350,买盘
1153,11:27:38,29.15,0.01,2,5830,买盘
1154,11:27:33,29.14,--,73,212722,买盘
1155,11:27:29,29.14,--,9,26226,买盘
1156,11:27:23,29.14,0.02,13,37882,买盘
1157,11:27:18,29.12,-0.02,5,14560,买盘
1158,11:27:14,29.14,--,0,0,买盘
1159,11:27:08,29.14,--,3,8742,买盘
1160,11:27:03,29.14,--,6,17484,买盘
1161,11:26:59,29.14,0.05,13,37882,买盘
1162,11:26:53,29.09,-0.05,3,8727,卖盘
1163,11:26:48,29.14,0.05,500,1457000,买盘
1164,11:26:44,29.09,--,2,5818,卖盘
1165,11:26:38,29.09,--,2,5818,卖盘
1166,11:26:33,29.09,--,3,8727,卖盘
1167,11:26:29,29.09,--,4,11636,买盘
1168,11:26:23,29.09,--,3,8727,卖盘
1169,11:26:18,29.09,--,7,20363,卖盘
1170,11:26:08,29.09,--,104,302536,买盘
1171,11:25:53,29.09,-0.01,17,49453,卖盘
1172,11:25:38,29.1,--,42,122220,买盘
1173,11:25:33,29.1,-0.01,16,46560,卖盘
1174,11:25:28,29.11,0.01,18,52398,买盘
1175,11:25:23,29.1,--,0,0,卖盘
1176,11:25:18,29.1,-0.01,75,218250,卖盘
1177,11:25:13,29.11,--,1,2911,卖盘
1178,11:25:08,29.11,-0.01,1,2911,卖盘
1179,11:24:58,29.12,--,5,14560,买盘
1180,11:24:53,29.12,--,4,11648,买盘
1181,11:24:48,29.12,--,57,165984,卖盘
1182,11:24:38,29.12,0.01,21,61152,买盘
1183,11:24:33,29.11,-0.01,19,55309,卖盘
1184,11:24:23,29.12,--,23,66976,买盘
1185,11:24:18,29.12,0.01,9,26208,买盘
1186,11:24:08,29.11,--,34,98974,买盘
1187,11:24:03,29.11,--,8,23288,买盘
1188,11:23:58,29.11,0.01,12,34932,买盘
1189,11:23:53,29.1,--,58,168780,买盘
1190,11:23:48,29.1,--,26,75660,买盘
1191,11:23:38,29.1,--,7,20370,买盘
1192,11:23:28,29.1,--,100,291000,买盘
1193,11:23:23,29.1,--,64,186240,买盘
1194,11:23:18,29.1,0.02,4,11640,买盘
1195,11:23:08,29.08,-0.01,100,290800,卖盘
1196,11:23:02,29.09,--,29,84361,买盘
1197,11:22:58,29.09,--,3,8727,买盘
1198,11:22:53,29.09,0.01,43,125087,买盘
1199,11:22:47,29.08,--,10,29080,卖盘
1200,11:22:38,29.08,--,21,61068,买盘
1201,11:22:32,29.08,--,7,20356,买盘
1202,11:22:28,29.08,--,27,78516,买盘
1203,11:22:23,29.08,0.01,30,87240,买盘
1204,11:22:17,29.07,0.01,7,20349,卖盘
1205,11:22:13,29.06,-0.01,62,180172,卖盘
1206,11:22:08,29.07,--,1,2907,买盘
1207,11:22:02,29.07,--,7,20349,买盘
1208,11:21:58,29.07,0.01,2,5814,中性盘
1209,11:21:53,29.06,-0.02,1,2906,卖盘
1210,11:21:47,29.08,--,1,2908,买盘
1211,11:21:43,29.08,0.01,4,11632,买盘
1212,11:21:38,29.07,--,2,5814,买盘
1213,11:21:27,29.07,-0.01,4,11628,卖盘
1214,11:21:17,29.08,0.01,19,55252,买盘
1215,11:21:12,29.07,-0.01,6,17442,卖盘
1216,11:21:08,29.08,--,4,11632,买盘
1217,11:21:02,29.08,--,21,61068,买盘
1218,11:20:53,29.08,--,2,5816,买盘
1219,11:20:47,29.08,--,19,55252,买盘
1220,11:20:42,29.08,--,22,63975,买盘
1221,11:20:38,29.08,--,2,5816,买盘
1222,11:20:32,29.08,-0.01,1,2908,中性盘
1223,11:20:27,29.09,0.01,6,17454,买盘
1224,11:20:23,29.08,-0.02,5,14540,卖盘
1225,11:20:17,29.1,--,20,58200,买盘
1226,11:20:12,29.1,0.02,116,337560,买盘
1227,11:20:08,29.08,-0.01,1,2908,卖盘
1228,11:19:57,29.09,0.01,51,148359,买盘
1229,11:19:53,29.08,--,22,63975,买盘
1230,11:19:47,29.08,0.01,33,95964,买盘
1231,11:19:38,29.07,0.02,271,787797,买盘
1232,11:19:32,29.05,-0.01,26,75530,卖盘
1233,11:19:27,29.06,0.01,11,31966,买盘
1234,11:19:23,29.05,0.01,6,17430,买盘
1235,11:19:12,29.04,0.04,44,127776,买盘
1236,11:19:08,29.0,--,0,0,卖盘
1237,11:19:02,29.0,--,253,733700,卖盘
1238,11:18:57,29.0,--,12,34800,卖盘
1239,11:18:38,29.0,--,34,98600,卖盘
1240,11:18:32,29.0,0.04,478,1386200,买盘
1241,11:18:27,28.96,--,4,11584,卖盘
1242,11:18:23,28.96,--,10,28960,卖盘
1243,11:18:17,28.96,-0.01,10,28960,卖盘
1244,11:18:12,28.97,--,1,2897,买盘
1245,11:18:08,28.97,0.01,13,37661,买盘
1246,11:18:02,28.96,--,1,2896,卖盘
1247,11:17:57,28.96,-0.01,2,5792,买盘
1248,11:17:47,28.97,--,0,0,买盘
1249,11:17:42,28.97,--,0,0,买盘
1250,11:17:37,28.97,0.03,2,5794,买盘
1251,11:17:27,28.94,--,2,5788,卖盘
1252,11:16:57,28.94,--,3,8682,卖盘
1253,11:16:47,28.94,-0.03,51,147594,卖盘
1254,11:16:32,28.97,0.03,1,2897,买盘
1255,11:16:17,28.94,-0.03,20,57880,卖盘
1256,11:15:47,28.97,0.03,10,28970,买盘
1257,11:15:42,28.94,-0.03,13,39069,卖盘
1258,11:15:32,28.97,0.01,2,5794,买盘
1259,11:15:26,28.96,0.02,9,26064,买盘
1260,11:15:07,28.94,-0.02,1,2894,卖盘
1261,11:15:02,28.96,--,5,14480,买盘
1262,11:14:52,28.96,--,1,2896,买盘
1263,11:14:37,28.96,--,1,2896,买盘
1264,11:14:11,28.96,-0.01,6,17376,买盘
1265,11:14:07,28.97,--,0,0,买盘
1266,11:14:02,28.97,0.04,1,2897,买盘
1267,11:13:56,28.93,-0.02,40,115720,卖盘
1268,11:13:52,28.95,-0.03,10,28950,买盘
1269,11:13:37,28.98,0.03,2,5796,买盘
1270,11:13:26,28.95,--,7,20265,买盘
1271,11:13:22,28.95,0.02,11,31845,买盘
1272,11:12:56,28.93,-0.02,26,75218,卖盘
1273,11:12:51,28.95,--,0,0,买盘
1274,11:12:41,28.95,--,9,26055,买盘
1275,11:12:36,28.95,0.01,1,2895,买盘
1276,11:12:32,28.94,--,37,107078,卖盘
1277,11:12:21,28.94,-0.01,1,2894,卖盘
1278,11:12:17,28.95,--,8,23160,买盘
1279,11:12:06,28.95,-0.02,12,34740,卖盘
1280,11:11:41,28.97,--,0,0,买盘
1281,11:11:36,28.97,--,27,78219,买盘
1282,11:11:26,28.97,0.01,5,14485,买盘
1283,11:10:51,28.96,0.02,7,20272,买盘
1284,11:10:46,28.94,-0.02,20,57880,卖盘
1285,11:10:36,28.96,0.01,10,28960,买盘
1286,11:10:31,28.95,--,2,5790,卖盘
1287,11:10:26,28.95,0.01,23,66585,买盘
1288,11:10:16,28.94,-0.01,2,5788,卖盘
1289,11:10:11,28.95,--,10,28950,买盘
1290,11:10:01,28.95,0.01,1,2895,买盘
1291,11:09:56,28.94,-0.01,6,17364,卖盘
1292,11:09:51,28.95,--,0,0,买盘
1293,11:09:36,28.95,0.01,12,34740,买盘
1294,11:09:31,28.94,-0.01,2,5788,卖盘
1295,11:09:11,28.95,--,0,0,买盘
1296,11:08:36,28.95,0.02,1,2895,买盘
1297,11:08:26,28.93,--,17,49181,卖盘
1298,11:08:11,28.93,--,1,2893,卖盘
1299,11:08:01,28.93,--,1,2893,卖盘
1300,11:07:50,28.93,-0.02,6,17358,卖盘
1301,11:07:46,28.95,--,7,20265,买盘
1302,11:07:35,28.95,--,1,2895,买盘
1303,11:06:50,28.95,--,1,2895,买盘
1304,11:06:46,28.95,--,1,2895,买盘
1305,11:06:35,28.95,--,2,5790,买盘
1306,11:06:31,28.95,-0.01,2,5790,卖盘
1307,11:06:20,28.96,0.03,100,289600,买盘
1308,11:05:56,28.93,-0.02,3,8679,卖盘
1309,11:05:50,28.95,--,1,2895,买盘
1310,11:05:35,28.95,0.03,1,2895,中性盘
1311,11:05:31,28.92,--,0,0,卖盘
1312,11:05:05,28.92,--,4,11654,卖盘
1313,11:04:50,28.92,--,0,0,卖盘
1314,11:04:45,28.92,-0.04,18,52056,卖盘
1315,11:04:35,28.96,0.03,2,5792,买盘
1316,11:04:20,28.93,0.01,1,2893,卖盘
1317,11:04:05,28.92,--,0,0,卖盘
1318,11:03:56,28.92,-0.04,5,14460,卖盘
1319,11:03:50,28.96,0.04,6,17376,买盘
1320,11:03:45,28.92,-0.02,201,581292,卖盘
1321,11:03:40,28.94,--,10,28940,买盘
1322,11:03:35,28.94,--,1,2894,买盘
1323,11:03:30,28.94,--,9,26046,买盘
1324,11:03:15,28.94,--,3,8682,买盘
1325,11:03:10,28.94,0.02,21,60774,买盘
1326,11:03:00,28.92,--,1,2892,卖盘
1327,11:02:55,28.92,--,2,5784,中性盘
1328,11:02:50,28.92,--,0,0,买盘
1329,11:02:35,28.92,0.01,2,5784,买盘
1330,11:02:30,28.91,-0.01,23,66493,卖盘
1331,11:02:20,28.92,0.02,4,11568,中性盘
1332,11:01:55,28.9,--,7,20230,卖盘
1333,11:01:50,28.9,-0.04,3,8670,卖盘
1334,11:01:45,28.94,0.04,4,11576,买盘
1335,11:01:40,28.9,--,0,0,卖盘
1336,11:01:35,28.9,-0.01,26,75140,卖盘
1337,11:01:20,28.91,--,0,0,卖盘
1338,11:01:00,28.91,-0.03,2,5782,卖盘
1339,11:00:35,28.94,0.03,2,5788,买盘
1340,11:00:29,28.91,-0.03,2,5782,卖盘
1341,11:00:25,28.94,--,5,14470,卖盘
1342,11:00:20,28.94,--,0,0,中性盘
1343,11:00:14,28.94,-0.01,19,54986,买盘
1344,10:59:59,28.95,--,0,0,买盘
1345,10:59:35,28.95,--,1,2895,买盘
1346,10:59:29,28.95,--,0,0,买盘
1347,10:59:25,28.95,0.01,1,2895,买盘
1348,10:59:14,28.94,--,10,28940,卖盘
1349,10:59:05,28.94,--,6,17364,卖盘
1350,10:58:50,28.94,--,1,2894,卖盘
1351,10:58:40,28.94,0.03,5,14470,中性盘
1352,10:58:35,28.91,-0.03,5,14455,卖盘
1353,10:58:29,28.94,--,0,0,买盘
1354,10:58:25,28.94,0.03,4,11576,买盘
1355,10:58:14,28.91,0.01,10,28910,卖盘
1356,10:57:55,28.9,--,0,0,卖盘
1357,10:57:49,28.9,--,3,8670,卖盘
1358,10:57:44,28.9,-0.01,5,14450,卖盘
1359,10:57:40,28.91,--,3,8673,买盘
1360,10:57:35,28.91,0.01,1,2891,买盘
1361,10:57:14,28.9,-0.01,20,57800,卖盘
1362,10:56:59,28.91,-0.03,10,28910,卖盘
1363,10:56:50,28.94,--,0,0,买盘
1364,10:56:35,28.94,0.04,3,8682,买盘
1365,10:56:29,28.9,-0.05,2,5780,卖盘
1366,10:56:14,28.95,--,47,136065,买盘
1367,10:56:09,28.95,--,2,5790,买盘
1368,10:55:59,28.95,--,4,11580,买盘
1369,10:55:54,28.95,0.04,2,5790,买盘
1370,10:55:44,28.91,-0.03,5,14455,卖盘
1371,10:55:39,28.94,0.01,13,37622,买盘
1372,10:55:34,28.93,0.01,1,2893,买盘
1373,10:55:24,28.92,--,5,14460,卖盘
1374,10:55:09,28.92,--,23,66516,买盘
1375,10:55:04,28.92,0.01,37,107004,买盘
1376,10:54:59,28.91,--,3,8673,买盘
1377,10:54:49,28.91,-0.01,1,2891,买盘
1378,10:54:39,28.92,--,0,0,买盘
1379,10:54:34,28.92,0.02,2,5784,买盘
1380,10:54:29,28.9,-0.02,10,28900,卖盘
1381,10:54:14,28.92,0.02,5,14460,买盘
1382,10:54:09,28.9,--,10,28900,卖盘
1383,10:54:04,28.9,--,1,2890,卖盘
1384,10:53:49,28.9,--,1,2890,买盘
1385,10:53:44,28.9,--,11,31790,买盘
1386,10:53:39,28.9,--,4,11560,买盘
1387,10:53:34,28.9,-0.02,4,11560,卖盘
1388,10:53:29,28.92,--,2,5784,买盘
1389,10:53:13,28.92,--,1,2892,买盘
1390,10:53:08,28.92,--,6,17352,买盘
1391,10:52:44,28.92,-0.01,7,20244,卖盘
1392,10:52:38,28.93,--,6,17358,买盘
1393,10:52:04,28.93,0.01,2,5786,买盘
1394,10:51:53,28.92,--,4,11568,买盘
1395,10:51:48,28.92,0.02,15,43380,买盘
1396,10:51:38,28.9,-0.01,6,17340,卖盘
1397,10:51:33,28.91,--,3,8673,买盘
1398,10:51:23,28.91,0.01,2,5782,买盘
1399,10:50:53,28.9,--,10,28900,买盘
1400,10:50:48,28.9,--,13,37570,买盘
1401,10:50:34,28.9,0.02,2,5780,买盘
1402,10:50:23,28.88,-0.01,9,28331,卖盘
1403,10:50:14,28.89,--,3,8667,买盘
1404,10:50:08,28.89,0.01,5,14445,买盘
1405,10:50:04,28.88,-0.01,16,46208,卖盘
1406,10:49:53,28.89,-0.01,3,8667,卖盘
1407,10:49:48,28.9,0.01,2,5780,买盘
1408,10:49:44,28.89,-0.01,6,17334,卖盘
1409,10:49:33,28.9,--,7,20230,卖盘
1410,10:49:28,28.9,-0.02,3,8670,卖盘
1411,10:49:08,28.92,--,1,2892,买盘
1412,10:48:38,28.92,0.02,2,5784,买盘
1413,10:48:33,28.9,--,1,2890,卖盘
1414,10:48:28,28.9,--,1,2890,卖盘
1415,10:47:53,28.9,--,27,78030,买盘
1416,10:47:38,28.9,0.01,4,11560,买盘
1417,10:47:23,28.89,--,2,5778,卖盘
1418,10:47:18,28.89,--,1,2889,卖盘
1419,10:46:58,28.89,--,5,14445,卖盘
1420,10:46:48,28.89,--,0,0,中性盘
1421,10:46:38,28.89,--,2,5778,买盘
1422,10:46:18,28.89,0.01,2,5778,买盘
1423,10:46:13,28.88,-0.01,1,2888,卖盘
1424,10:45:47,28.89,-0.01,1,2889,卖盘
1425,10:45:43,28.9,--,3,8670,买盘
1426,10:45:37,28.9,0.01,1,2890,买盘
1427,10:45:02,28.89,-0.01,2,5778,卖盘
1428,10:44:57,28.9,--,0,0,中性盘
1429,10:44:47,28.9,--,4,11560,买盘
1430,10:44:37,28.9,-0.03,4,11560,卖盘
1431,10:44:17,28.93,--,10,28930,买盘
1432,10:44:12,28.93,--,7,20251,买盘
1433,10:43:57,28.93,--,35,101255,买盘
1434,10:43:32,28.93,--,1,2893,买盘
1435,10:42:57,28.93,--,7,20251,卖盘
1436,10:42:52,28.93,--,7,20251,卖盘
1437,10:42:47,28.93,--,1,2893,卖盘
1438,10:42:37,28.93,0.01,34,98362,买盘
1439,10:42:32,28.92,-0.01,6,17352,买盘
1440,10:42:27,28.93,--,0,0,买盘
1441,10:42:12,28.93,--,15,43395,卖盘
1442,10:42:02,28.93,--,5,14465,买盘
1443,10:41:47,28.93,--,1,2893,买盘
1444,10:41:37,28.93,0.03,1,2893,买盘
1445,10:41:32,28.9,0.01,1,2890,卖盘
1446,10:41:27,28.89,--,0,0,卖盘
1447,10:41:02,28.89,--,0,0,中性盘
1448,10:40:32,28.89,-0.02,11,31779,卖盘
1449,10:40:27,28.91,--,19,54929,买盘
1450,10:40:17,28.91,--,8,23128,买盘
1451,10:40:07,28.91,-0.01,10,28910,买盘
1452,10:40:02,28.92,--,1,2892,卖盘
1453,10:39:57,28.92,--,1,2892,买盘
1454,10:39:52,28.92,0.02,5,14460,买盘
1455,10:39:32,28.9,0.02,2,5780,买盘
1456,10:39:11,28.88,--,30,86640,买盘
1457,10:38:56,28.88,0.02,98,283024,买盘
1458,10:38:52,28.86,--,50,144300,买盘
1459,10:38:47,28.86,--,1,2886,买盘
1460,10:38:37,28.86,0.01,2,5772,买盘
1461,10:38:32,28.85,--,12,34620,买盘
1462,10:38:26,28.85,--,8,23080,买盘
1463,10:38:22,28.85,--,2,5770,买盘
1464,10:38:11,28.85,--,9,25965,买盘
1465,10:38:07,28.85,--,4,11540,买盘
1466,10:38:01,28.85,--,1,2885,买盘
1467,10:37:56,28.85,0.01,23,66355,买盘
1468,10:37:52,28.84,0.01,7,20188,买盘
1469,10:37:46,28.83,-0.01,1,2883,卖盘
1470,10:37:36,28.84,0.01,4,11536,买盘
1471,10:37:26,28.83,0.01,5,16519,买盘
1472,10:37:16,28.82,--,2,5764,买盘
1473,10:37:11,28.82,-0.01,21,60522,中性盘
1474,10:37:06,28.83,0.02,2,5766,买盘
1475,10:37:01,28.81,--,0,0,卖盘
1476,10:36:51,28.81,--,0,0,卖盘
1477,10:36:46,28.81,-0.01,16,46096,卖盘
1478,10:36:36,28.82,0.02,3,8646,买盘
1479,10:36:11,28.8,-0.02,2,5760,卖盘
1480,10:35:56,28.82,--,34,97988,买盘
1481,10:35:41,28.82,--,0,0,买盘
1482,10:35:36,28.82,0.02,4,11528,买盘
1483,10:35:31,28.8,-0.02,1,2880,买盘
1484,10:35:26,28.82,--,0,0,买盘
1485,10:35:11,28.82,--,1,2882,买盘
1486,10:35:06,28.82,--,0,0,买盘
1487,10:34:56,28.82,--,0,0,买盘
1488,10:34:41,28.82,--,6,17292,买盘
1489,10:34:36,28.82,--,2,5764,买盘
1490,10:34:31,28.82,--,1,2882,买盘
1491,10:34:11,28.82,0.05,8,23056,买盘
1492,10:34:06,28.77,-0.05,14,40278,卖盘
1493,10:33:56,28.82,0.05,2,5764,买盘
1494,10:33:51,28.77,-0.05,1,2877,卖盘
1495,10:33:36,28.82,-0.01,2,5764,买盘
1496,10:33:26,28.83,--,0,0,买盘
1497,10:33:11,28.83,--,1,2883,买盘
1498,10:33:06,28.83,--,1,3661,卖盘
1499,10:32:56,28.83,0.07,0,2104,买盘
1500,10:32:41,28.76,-0.02,41,117916,卖盘
1501,10:32:36,28.78,-0.05,5,14390,卖盘
1502,10:32:11,28.83,--,17,49789,卖盘
1503,10:32:05,28.83,--,3,8649,卖盘
1504,10:31:50,28.83,0.06,16,48232,买盘
1505,10:31:46,28.77,-0.06,10,28770,卖盘
1506,10:31:35,28.83,0.07,1,2883,买盘
1507,10:31:05,28.76,--,4,11504,卖盘
1508,10:30:50,28.76,0.01,10,28760,买盘
1509,10:30:46,28.75,-0.01,39,112125,卖盘
1510,10:30:35,28.76,-0.02,21,60396,卖盘
1511,10:30:31,28.78,--,1,2878,买盘
1512,10:30:05,28.78,--,23,66194,买盘
1513,10:29:55,28.78,--,10,28780,买盘
1514,10:29:35,28.78,--,1,2878,买盘
1515,10:29:15,28.78,--,6,17268,买盘
1516,10:28:50,28.78,0.02,33,94974,买盘
1517,10:28:45,28.76,-0.02,3,8628,卖盘
1518,10:28:35,28.78,0.02,3,8634,买盘
1519,10:28:30,28.76,-0.02,20,57520,卖盘
1520,10:28:20,28.78,--,0,0,买盘
1521,10:28:15,28.78,--,30,86340,买盘
1522,10:28:10,28.78,--,1,2878,买盘
1523,10:28:00,28.78,--,0,0,买盘
1524,10:27:55,28.78,0.02,1,2878,买盘
1525,10:27:45,28.76,--,0,0,买盘
1526,10:27:35,28.76,0.03,5,14380,买盘
1527,10:27:25,28.73,--,0,0,卖盘
1528,10:27:20,28.73,--,56,160888,卖盘
1529,10:27:15,28.73,--,0,0,卖盘
1530,10:27:10,28.73,--,3,8619,卖盘
1531,10:27:05,28.73,0.01,61,175253,买盘
1532,10:26:55,28.72,--,0,0,中性盘
1533,10:26:45,28.72,-0.01,5,14360,卖盘
1534,10:26:35,28.73,--,4,11492,买盘
1535,10:26:30,28.73,-0.04,194,557362,卖盘
1536,10:26:25,28.77,0.01,8,23016,买盘
1537,10:26:20,28.76,--,0,0,卖盘
1538,10:26:15,28.76,-0.02,11,31636,卖盘
1539,10:26:10,28.78,0.01,3,8634,买盘
1540,10:26:05,28.77,-0.01,10,28770,卖盘
1541,10:26:00,28.78,--,4,11512,买盘
1542,10:25:55,28.78,-0.02,6,18045,卖盘
1543,10:25:45,28.8,--,0,0,卖盘
1544,10:25:40,28.8,-0.05,7,20160,卖盘
1545,10:25:35,28.85,--,35,100975,买盘
1546,10:25:30,28.85,0.05,1,2885,买盘
1547,10:25:20,28.8,--,7,22262,买盘
1548,10:25:10,28.8,--,2,5760,买盘
1549,10:25:05,28.8,-0.02,10,29577,卖盘
1550,10:24:59,28.82,--,0,2103,买盘
1551,10:24:55,28.82,0.05,10,28820,买盘
1552,10:24:50,28.77,-0.04,30,86310,卖盘
1553,10:24:34,28.81,0.01,2,5762,买盘
1554,10:24:29,28.8,-0.01,6,17280,卖盘
1555,10:24:25,28.81,0.01,2,5762,买盘
1556,10:24:05,28.8,--,10,28800,卖盘
1557,10:23:59,28.8,0.01,13,37440,买盘
1558,10:23:44,28.79,--,5,14395,买盘
1559,10:23:40,28.79,--,1,2879,买盘
1560,10:23:34,28.79,--,3,8637,买盘
1561,10:23:29,28.79,--,10,28790,买盘
1562,10:23:25,28.79,--,12,34548,卖盘
1563,10:22:59,28.79,--,0,0,中性盘
1564,10:22:55,28.79,0.03,2,5758,买盘
1565,10:22:49,28.76,--,2,5752,卖盘
1566,10:22:40,28.76,--,7,20132,买盘
1567,10:22:34,28.76,--,1,2876,买盘
1568,10:22:29,28.76,0.01,1,2876,买盘
1569,10:22:25,28.75,--,16,46000,买盘
1570,10:22:19,28.75,--,11,31625,买盘
1571,10:22:14,28.75,--,2,5750,买盘
1572,10:22:10,28.75,--,2,5750,买盘
1573,10:21:59,28.75,--,5,14375,买盘
1574,10:21:54,28.75,0.02,7,20125,买盘
1575,10:21:49,28.73,--,3,8619,买盘
1576,10:21:39,28.73,--,4,11492,买盘
1577,10:21:34,28.73,--,4,11492,买盘
1578,10:21:29,28.73,--,6,17238,买盘
1579,10:21:24,28.73,--,13,37349,卖盘
1580,10:21:19,28.73,-0.02,23,66079,卖盘
1581,10:21:09,28.75,0.02,1,2875,买盘
1582,10:21:04,28.73,--,10,28730,卖盘
1583,10:20:59,28.73,--,7,20111,卖盘
1584,10:20:44,28.73,-0.02,12,34476,卖盘
1585,10:20:34,28.75,--,2,5750,买盘
1586,10:20:24,28.75,--,1,2875,买盘
1587,10:20:19,28.75,--,0,0,买盘
1588,10:20:14,28.75,--,248,713000,买盘
1589,10:20:09,28.75,--,48,138000,卖盘
1590,10:19:59,28.75,-0.01,3,8625,卖盘
1591,10:19:54,28.76,--,12,34512,卖盘
1592,10:19:44,28.76,--,1,2876,卖盘
1593,10:19:39,28.76,--,2,5752,卖盘
1594,10:19:34,28.76,--,19,54644,卖盘
1595,10:19:29,28.76,--,5,14380,中性盘
1596,10:19:24,28.76,--,5,14380,买盘
1597,10:19:14,28.76,--,2,5752,买盘
1598,10:19:09,28.76,-0.01,14,40264,卖盘
1599,10:19:04,28.77,--,5,14385,卖盘
1600,10:18:54,28.77,--,11,31647,买盘
1601,10:18:49,28.77,--,6,17262,买盘
1602,10:18:34,28.77,0.01,3,8631,买盘
1603,10:18:29,28.76,-0.01,11,31636,卖盘
1604,10:18:24,28.77,--,3,8631,买盘
1605,10:18:19,28.77,--,3,8631,买盘
1606,10:18:14,28.77,-0.02,2,5754,买盘
1607,10:18:09,28.79,-0.01,3,8637,卖盘
1608,10:17:59,28.8,--,9,25920,买盘
1609,10:17:54,28.8,--,0,0,买盘
1610,10:17:49,28.8,0.01,11,31680,买盘
1611,10:17:44,28.79,-0.01,5,14395,卖盘
1612,10:17:39,28.8,--,2,5760,买盘
1613,10:17:34,28.8,0.01,8,23040,买盘
1614,10:17:23,28.79,--,6,17274,卖盘
1615,10:17:19,28.79,0.06,5,14395,卖盘
1616,10:17:13,28.73,-0.02,13,37349,卖盘
1617,10:17:09,28.75,--,0,0,卖盘
1618,10:17:04,28.75,-0.04,12,34500,中性盘
1619,10:16:38,28.79,0.06,1,2879,买盘
1620,10:16:33,28.73,0.01,6,17238,买盘
1621,10:16:28,28.72,-0.01,1,2872,卖盘
1622,10:16:23,28.73,--,1,2873,买盘
1623,10:16:18,28.73,0.01,5,14365,买盘
1624,10:16:13,28.72,--,1,2872,买盘
1625,10:16:08,28.72,--,0,0,买盘
1626,10:16:03,28.72,--,0,0,买盘
1627,10:15:53,28.72,0.04,14,40208,买盘
1628,10:15:48,28.68,-0.01,10,28680,卖盘
1629,10:15:43,28.69,--,18,51642,买盘
1630,10:15:38,28.69,--,13,37297,买盘
1631,10:15:33,28.69,--,10,28690,买盘
1632,10:15:28,28.69,0.01,39,112665,买盘
1633,10:15:23,28.68,--,20,57360,买盘
1634,10:15:18,28.68,0.01,12,34416,买盘
1635,10:15:08,28.67,--,74,214250,卖盘
1636,10:15:03,28.67,-0.01,37,106079,卖盘
1637,10:14:58,28.68,--,10,28680,买盘
1638,10:14:53,28.68,--,8,22944,买盘
1639,10:14:48,28.68,-0.01,17,48756,卖盘
1640,10:14:43,28.69,0.01,7,20083,买盘
1641,10:14:38,28.68,-0.01,24,68832,卖盘
1642,10:14:33,28.69,--,29,83201,卖盘
1643,10:14:28,28.69,--,9,25821,卖盘
1644,10:14:23,28.69,-0.01,14,40166,卖盘
1645,10:14:18,28.7,--,5,14350,买盘
1646,10:14:13,28.7,--,6,17220,买盘
1647,10:14:08,28.7,-0.02,12,34440,中性盘
1648,10:14:03,28.72,--,5,14360,买盘
1649,10:13:58,28.72,0.04,11,31592,买盘
1650,10:13:53,28.68,-0.04,79,226572,卖盘
1651,10:13:48,28.72,--,12,34464,卖盘
1652,10:13:43,28.72,--,8,22976,卖盘
1653,10:13:38,28.72,-0.03,35,100520,卖盘
1654,10:13:33,28.75,0.03,10,28750,买盘
1655,10:13:23,28.72,-0.03,105,301560,卖盘
1656,10:13:18,28.75,--,40,115000,卖盘
1657,10:13:13,28.75,--,4,11500,买盘
1658,10:13:08,28.75,0.05,6,17250,买盘
1659,10:13:03,28.7,-0.09,199,571130,卖盘
1660,10:12:58,28.79,--,76,218804,卖盘
1661,10:12:53,28.79,0.04,41,118039,买盘
1662,10:12:48,28.75,-0.05,12,34500,卖盘
1663,10:12:43,28.8,0.01,13,37440,买盘
1664,10:12:38,28.79,-0.01,2,5758,卖盘
1665,10:12:33,28.8,--,61,175680,卖盘
1666,10:12:28,28.8,-0.01,1,2880,卖盘
1667,10:12:23,28.81,--,43,123883,卖盘
1668,10:12:18,28.81,0.01,157,452317,买盘
1669,10:12:13,28.8,--,12,34560,卖盘
1670,10:12:08,28.8,-0.02,6,17280,卖盘
1671,10:12:03,28.82,--,9,25938,买盘
1672,10:11:53,28.82,--,2,5764,买盘
1673,10:11:48,28.82,-0.04,42,121044,卖盘
1674,10:11:43,28.86,0.01,10,28860,卖盘
1675,10:11:37,28.85,-0.02,5,14425,卖盘
1676,10:11:33,28.87,0.02,4,11548,买盘
1677,10:11:22,28.85,--,19,54815,卖盘
1678,10:11:18,28.85,--,0,0,卖盘
1679,10:11:13,28.85,-0.01,6,17310,卖盘
1680,10:11:07,28.86,-0.01,12,34632,卖盘
1681,10:11:03,28.87,0.01,2,5774,买盘
1682,10:10:58,28.86,--,10,28860,卖盘
1683,10:10:52,28.86,-0.01,10,28860,卖盘
1684,10:10:43,28.87,--,10,28870,卖盘
1685,10:10:37,28.87,-0.02,2,5774,卖盘
1686,10:10:32,28.89,--,10,28890,买盘
1687,10:10:28,28.89,0.01,35,101115,买盘
1688,10:10:12,28.88,-0.01,6,17328,卖盘
1689,10:10:07,28.89,--,0,0,买盘
1690,10:10:02,28.89,-0.01,22,63558,卖盘
1691,10:09:57,28.9,--,49,141610,买盘
1692,10:09:47,28.9,-0.01,47,135830,卖盘
1693,10:09:43,28.91,--,25,72275,买盘
1694,10:09:37,28.91,--,3,8673,买盘
1695,10:09:32,28.91,--,8,23128,买盘
1696,10:09:28,28.91,-0.01,1,2891,卖盘
1697,10:09:12,28.92,0.01,1,2892,买盘
1698,10:09:07,28.91,-0.01,4,11564,卖盘
1699,10:08:47,28.92,--,7,21024,卖盘
1700,10:08:42,28.92,--,31,89652,卖盘
1701,10:08:37,28.92,-0.01,32,92544,卖盘
1702,10:08:32,28.93,--,36,104148,买盘
1703,10:08:22,28.93,0.01,2,5786,买盘
1704,10:08:17,28.92,--,5,14460,卖盘
1705,10:08:12,28.92,-0.01,2,5784,卖盘
1706,10:08:07,28.93,--,1,2893,买盘
1707,10:08:02,28.93,0.01,10,28930,买盘
1708,10:07:51,28.92,-0.01,7,20244,卖盘
1709,10:07:36,28.93,0.01,2,5786,买盘
1710,10:07:32,28.92,-0.01,1,2892,卖盘
1711,10:07:17,28.93,-0.01,5,14465,卖盘
1712,10:07:06,28.94,--,2,5788,买盘
1713,10:07:02,28.94,0.01,21,60774,买盘
1714,10:06:47,28.93,-0.01,3,8679,卖盘
1715,10:06:32,28.94,0.01,2,5788,买盘
1716,10:06:27,28.93,-0.02,7,20251,卖盘
1717,10:06:21,28.95,--,0,0,买盘
1718,10:06:06,28.95,--,2,5790,买盘
1719,10:06:02,28.95,--,1,2895,卖盘
1720,10:05:57,28.95,-0.01,4,11580,卖盘
1721,10:05:51,28.96,--,1,2896,买盘
1722,10:05:47,28.96,--,0,0,买盘
1723,10:05:42,28.96,--,9,26064,买盘
1724,10:05:36,28.96,0.01,2,5792,买盘
1725,10:05:32,28.95,0.01,102,295290,买盘
1726,10:05:27,28.94,--,5,14470,买盘
1727,10:05:17,28.94,--,1,2894,买盘
1728,10:05:12,28.94,0.02,8,25264,买盘
1729,10:05:06,28.92,--,2,5784,卖盘
1730,10:04:57,28.92,--,17,49164,买盘
1731,10:04:47,28.92,--,3,8676,买盘
1732,10:04:42,28.92,--,3,8676,买盘
1733,10:04:36,28.92,0.02,1,2892,买盘
1734,10:04:21,28.9,--,1,2890,卖盘
1735,10:04:16,28.9,--,1,2890,卖盘
1736,10:04:12,28.9,--,2,5780,卖盘
1737,10:04:01,28.9,0.01,58,167620,买盘
1738,10:03:57,28.89,--,2,5778,卖盘
1739,10:03:51,28.89,--,16,46224,卖盘
1740,10:03:46,28.89,--,5,14445,卖盘
1741,10:03:41,28.89,--,2,5778,卖盘
1742,10:03:36,28.89,-0.01,4,11556,卖盘
1743,10:03:11,28.9,--,7,20230,买盘
1744,10:03:06,28.9,--,76,219640,卖盘
1745,10:02:56,28.9,-0.05,1,2890,卖盘
1746,10:02:36,28.95,--,1,2895,买盘
1747,10:02:26,28.95,--,14,40530,卖盘
1748,10:02:21,28.95,--,1,2895,卖盘
1749,10:02:11,28.95,--,2,5790,买盘
1750,10:02:06,28.95,--,21,60795,卖盘
1751,10:02:01,28.95,-0.01,1,2895,卖盘
1752,10:01:56,28.96,0.01,9,26064,买盘
1753,10:01:51,28.95,-0.01,5,14475,卖盘
1754,10:01:36,28.96,--,2,5792,买盘
1755,10:01:31,28.96,--,1,2896,买盘
1756,10:01:21,28.96,--,11,31856,卖盘
1757,10:01:16,28.96,-0.01,2,5792,卖盘
1758,10:01:00,28.97,0.01,15,43455,买盘
1759,10:00:45,28.96,-0.01,5,14480,卖盘
1760,10:00:36,28.97,0.01,9,26073,买盘
1761,10:00:30,28.96,--,6,17376,卖盘
1762,10:00:21,28.96,--,4,11584,卖盘
1763,10:00:11,28.96,-0.01,1,2896,卖盘
1764,09:59:56,28.97,-0.01,8,23176,卖盘
1765,09:59:51,28.98,-0.01,16,46368,卖盘
1766,09:59:45,28.99,--,2,5798,买盘
1767,09:59:41,28.99,--,4,11596,买盘
1768,09:59:36,28.99,--,12,36933,卖盘
1769,09:59:30,28.99,--,2,5798,卖盘
1770,09:59:26,28.99,--,2,5798,卖盘
1771,09:59:21,28.99,--,2,5798,卖盘
1772,09:59:15,28.99,-0.01,13,37687,卖盘
1773,09:59:11,29.0,--,8,23200,买盘
1774,09:59:00,29.0,0.01,9,26100,买盘
1775,09:58:56,28.99,-0.01,110,318890,卖盘
1776,09:58:51,29.0,--,13,37700,买盘
1777,09:58:45,29.0,--,86,249400,卖盘
1778,09:58:36,29.0,-0.03,6,17400,卖盘
1779,09:58:25,29.03,--,3,8709,买盘
1780,09:58:21,29.03,-0.01,3,8709,卖盘
1781,09:58:11,29.04,--,1,2904,买盘
1782,09:57:55,29.04,0.01,2,5808,买盘
1783,09:57:50,29.03,0.03,14,40642,中性盘
1784,09:57:45,29.0,-0.04,1,2900,卖盘
1785,09:57:36,29.04,0.01,2,5808,买盘
1786,09:57:20,29.03,0.04,1,2903,买盘
1787,09:57:15,28.99,--,17,49283,卖盘
1788,09:57:10,28.99,-0.01,12,34788,卖盘
1789,09:56:45,29.0,--,8,23200,买盘
1790,09:56:40,29.0,--,4,11600,买盘
1791,09:56:35,29.0,--,19,55100,买盘
1792,09:56:30,29.0,-0.05,9,26100,卖盘
1793,09:56:25,29.05,--,0,0,买盘
1794,09:56:20,29.05,--,2,5810,买盘
1795,09:56:10,29.05,--,11,31955,买盘
1796,09:56:05,29.05,0.01,3,8715,买盘
1797,09:56:00,29.04,-0.01,2,5808,卖盘
1798,09:55:50,29.05,--,2,5810,买盘
1799,09:55:35,29.05,--,2,5810,买盘
1800,09:55:30,29.05,0.01,6,17430,买盘
1801,09:55:20,29.04,0.05,7,20328,买盘
1802,09:55:00,28.99,--,16,47137,买盘
1803,09:54:45,28.99,--,14,42731,卖盘
1804,09:54:40,28.99,-0.06,7,20293,卖盘
1805,09:54:35,29.05,0.06,1,2905,买盘
1806,09:54:25,28.99,--,2,6551,卖盘
1807,09:54:20,28.99,--,13,37687,卖盘
1808,09:54:05,28.99,--,1,2899,买盘
1809,09:54:00,28.99,0.01,1,2899,中性盘
1810,09:53:54,28.98,--,18,52164,卖盘
1811,09:53:50,28.98,--,8,23184,卖盘
1812,09:53:45,28.98,--,16,46368,卖盘
1813,09:53:35,28.98,-0.01,5,14490,卖盘
1814,09:53:30,28.99,0.01,1,2899,买盘
1815,09:53:24,28.98,-0.01,5,14490,卖盘
1816,09:53:15,28.99,--,10,28990,卖盘
1817,09:53:09,28.99,--,30,86970,卖盘
1818,09:52:54,28.99,--,17,49283,卖盘
1819,09:52:50,28.99,--,7,20293,卖盘
1820,09:52:45,28.99,0.01,33,95667,买盘
1821,09:52:35,28.98,--,6,17388,买盘
1822,09:52:30,28.98,-0.01,38,110124,卖盘
1823,09:52:24,28.99,--,3,8697,买盘
1824,09:52:15,28.99,-0.01,14,40586,卖盘
1825,09:52:09,29.0,--,9,26100,买盘
1826,09:51:54,29.0,-0.03,175,507500,卖盘
1827,09:51:35,29.03,0.02,3,8709,买盘
1828,09:51:30,29.01,-0.02,3,8703,卖盘
1829,09:51:24,29.03,--,12,34836,买盘
1830,09:51:15,29.03,0.02,35,101605,买盘
1831,09:51:09,29.01,--,0,0,卖盘
1832,09:51:05,29.01,-0.02,4,11604,卖盘
1833,09:50:50,29.03,-0.04,7,20321,中性盘
1834,09:50:44,29.07,0.02,5,14535,买盘
1835,09:50:35,29.05,-0.03,26,75530,中性盘
1836,09:50:24,29.08,--,4,11632,买盘
1837,09:50:14,29.08,--,0,0,买盘
1838,09:49:59,29.08,0.08,16,46528,买盘
1839,09:49:54,29.0,-0.08,1,2900,卖盘
1840,09:49:39,29.08,0.08,20,58160,买盘
1841,09:49:34,29.0,--,2,5800,买盘
1842,09:49:24,29.0,--,39,113100,卖盘
1843,09:49:19,29.0,--,0,0,卖盘
1844,09:49:14,29.0,0.01,29,84100,买盘
1845,09:49:09,28.99,--,4,11596,中性盘
1846,09:49:04,28.99,--,0,0,中性盘
1847,09:48:59,28.99,--,38,110162,买盘
1848,09:48:54,28.99,-0.1,13,37687,卖盘
1849,09:48:49,29.09,--,0,0,买盘
1850,09:48:44,29.09,--,8,23272,买盘
1851,09:48:34,29.09,--,1,2909,买盘
1852,09:48:29,29.09,0.09,6,17454,买盘
1853,09:48:24,29.0,--,1,2900,买盘
1854,09:48:19,29.0,-0.09,4,11600,卖盘
1855,09:48:14,29.09,--,3,8727,买盘
1856,09:48:09,29.09,0.08,6,17454,买盘
1857,09:47:59,29.01,0.01,1,2901,买盘
1858,09:47:54,29.0,--,0,0,卖盘
1859,09:47:44,29.0,-0.09,47,136300,卖盘
1860,09:47:39,29.09,0.08,2,5818,买盘
1861,09:47:29,29.01,--,2,5802,卖盘
1862,09:47:19,29.01,--,4,11604,卖盘
1863,09:47:09,29.01,--,19,55119,买盘
1864,09:46:54,29.01,0.01,15,43515,买盘
1865,09:46:48,29.0,-0.01,17,49300,卖盘
1866,09:46:44,29.01,--,5,14505,买盘
1867,09:46:33,29.01,--,17,49317,买盘
1868,09:46:29,29.01,--,17,49317,卖盘
1869,09:46:24,29.01,--,0,0,卖盘
1870,09:46:18,29.01,-0.06,3,8703,卖盘
1871,09:46:14,29.07,--,3,8721,卖盘
1872,09:46:09,29.07,-0.01,2,5814,买盘
1873,09:45:54,29.08,-0.01,8,23264,卖盘
1874,09:45:48,29.09,0.01,2,5818,买盘
1875,09:45:39,29.08,--,5,14540,卖盘
1876,09:45:33,29.08,-0.01,6,17448,卖盘
1877,09:45:29,29.09,0.01,1,2909,买盘
1878,09:45:24,29.08,--,2,5816,卖盘
1879,09:45:18,29.08,0.08,1,2908,卖盘
1880,09:45:09,29.0,--,0,0,中性盘
1881,09:45:03,29.0,-0.08,12,34800,卖盘
1882,09:44:59,29.08,--,10,29080,买盘
1883,09:44:48,29.08,--,5,14540,买盘
1884,09:44:38,29.08,--,5,14540,买盘
1885,09:44:33,29.08,0.08,80,232640,买盘
1886,09:44:24,29.0,0.02,3,8700,买盘
1887,09:44:14,28.98,--,0,0,卖盘
1888,09:44:09,28.98,0.01,15,43470,买盘
1889,09:44:03,28.97,-0.01,5,14485,卖盘
1890,09:43:59,28.98,--,22,63756,买盘
1891,09:43:53,28.98,--,24,69552,买盘
1892,09:43:48,28.98,--,3,8694,买盘
1893,09:43:43,28.98,-0.01,16,46368,卖盘
1894,09:43:38,28.99,0.01,18,52182,买盘
1895,09:43:23,28.98,0.02,2,5796,卖盘
1896,09:43:18,28.96,-0.04,3,8688,卖盘
1897,09:43:08,29.0,0.01,6,17400,买盘
1898,09:43:03,28.99,--,29,84071,中性盘
1899,09:42:58,28.99,0.04,6,17394,买盘
1900,09:42:53,28.95,--,0,0,卖盘
1901,09:42:48,28.95,-0.03,55,159225,卖盘
1902,09:42:38,28.98,-0.01,4,11592,卖盘
1903,09:42:33,28.99,0.09,2,5798,买盘
1904,09:42:23,28.9,-0.08,10,28900,卖盘
1905,09:42:18,28.98,--,0,0,买盘
1906,09:42:13,28.98,0.03,6,17388,买盘
1907,09:42:08,28.95,--,0,0,买盘
1908,09:42:03,28.95,--,24,69480,买盘
1909,09:41:58,28.95,0.06,3,8685,买盘
1910,09:41:53,28.89,--,0,0,卖盘
1911,09:41:48,28.89,-0.01,12,34668,卖盘
1912,09:41:43,28.9,--,23,66470,买盘
1913,09:41:38,28.9,--,47,135830,买盘
1914,09:41:33,28.9,0.01,22,63580,卖盘
1915,09:41:18,28.89,-0.01,19,54891,卖盘
1916,09:41:03,28.9,--,23,66470,买盘
1917,09:40:58,28.9,0.01,6,17340,买盘
1918,09:40:53,28.89,0.03,2,5778,中性盘
1919,09:40:48,28.86,--,18,51948,卖盘
1920,09:40:43,28.86,-0.03,7,20202,卖盘
1921,09:40:38,28.89,--,2,5778,买盘
1922,09:40:33,28.89,--,7,20223,买盘
1923,09:40:27,28.89,-0.02,14,40446,卖盘
1924,09:40:23,28.91,0.07,3,8673,中性盘
1925,09:40:18,28.84,-0.06,23,66332,卖盘
1926,09:40:08,28.9,0.01,227,656030,买盘
1927,09:40:03,28.89,--,11,31779,卖盘
1928,09:39:57,28.89,-0.01,5,14445,卖盘
1929,09:39:53,28.9,-0.01,2,5780,买盘
1930,09:39:48,28.91,-0.01,15,43365,卖盘
1931,09:39:42,28.92,0.02,11,31812,买盘
1932,09:39:38,28.9,-0.03,34,98260,卖盘
1933,09:39:33,28.93,0.03,25,72325,中性盘
1934,09:39:27,28.9,-0.05,35,101150,卖盘
1935,09:39:23,28.95,--,43,124485,买盘
1936,09:39:18,28.95,--,31,89745,买盘
1937,09:39:08,28.95,--,5,14475,买盘
1938,09:39:03,28.95,--,12,34740,卖盘
1939,09:38:57,28.95,--,16,46320,卖盘
1940,09:38:48,28.95,-0.04,32,92640,卖盘
1941,09:38:42,28.99,--,0,0,买盘
1942,09:38:38,28.99,--,30,86970,卖盘
1943,09:38:33,28.99,-0.01,86,249314,卖盘
1944,09:38:23,29.0,--,5,14500,买盘
1945,09:38:18,29.0,-0.05,44,127600,卖盘
1946,09:38:12,29.05,0.04,10,29050,买盘
1947,09:38:08,29.01,-0.04,12,34812,卖盘
1948,09:38:03,29.05,-0.03,7,20335,卖盘
1949,09:37:48,29.08,-0.02,2,5816,卖盘
1950,09:37:38,29.1,-0.03,138,401580,卖盘
1951,09:37:33,29.13,--,32,93216,卖盘
1952,09:37:23,29.13,-0.02,27,78651,卖盘
1953,09:37:18,29.15,--,11,32065,卖盘
1954,09:37:12,29.15,-0.03,12,34980,卖盘
1955,09:37:03,29.18,--,6,17508,买盘
1956,09:36:57,29.18,-0.02,30,87540,卖盘
1957,09:36:52,29.2,--,6,17520,卖盘
1958,09:36:47,29.2,0.01,54,157680,买盘
1959,09:36:42,29.19,-0.01,7,20433,买盘
1960,09:36:37,29.2,--,2,5840,买盘
1961,09:36:32,29.2,0.01,15,43800,买盘
1962,09:36:27,29.19,0.01,14,40866,卖盘
1963,09:36:22,29.18,--,13,37934,卖盘
1964,09:36:17,29.18,-0.02,8,23344,买盘
1965,09:36:12,29.2,0.01,24,70080,买盘
1966,09:36:02,29.19,-0.01,5,14595,中性盘
1967,09:35:57,29.2,--,19,55480,买盘
1968,09:35:52,29.2,0.02,3,8760,买盘
1969,09:35:47,29.18,-0.05,20,58360,买盘
1970,09:35:42,29.23,0.03,29,84767,买盘
1971,09:35:37,29.2,0.02,2,5840,买盘
1972,09:35:32,29.18,--,19,55442,买盘
1973,09:35:27,29.18,0.03,3,8754,买盘
1974,09:35:17,29.15,-0.05,11,32065,卖盘
1975,09:35:12,29.2,-0.02,48,140160,卖盘
1976,09:35:07,29.22,--,10,29220,卖盘
1977,09:35:02,29.22,-0.03,11,32142,中性盘
1978,09:34:57,29.25,0.03,20,58500,买盘
1979,09:34:52,29.22,--,5,14610,买盘
1980,09:34:47,29.22,0.02,38,111036,买盘
1981,09:34:42,29.2,-0.05,53,154760,卖盘
1982,09:34:37,29.25,0.05,63,184275,买盘
1983,09:34:32,29.2,0.02,17,49640,买盘
1984,09:34:27,29.18,0.03,72,212372,买盘
1985,09:34:22,29.15,--,15,43725,买盘
1986,09:34:12,29.15,-0.1,33,96836,卖盘
1987,09:34:07,29.25,0.1,109,318825,买盘
1988,09:34:02,29.15,-0.04,21,61215,卖盘
1989,09:33:57,29.19,0.01,32,93408,买盘
1990,09:33:52,29.18,--,8,23344,买盘
1991,09:33:47,29.18,--,42,122556,卖盘
1992,09:33:42,29.18,-0.01,31,90458,卖盘
1993,09:33:37,29.19,0.01,17,49623,买盘
1994,09:33:32,29.18,--,60,175080,卖盘
1995,09:33:27,29.18,--,68,198424,买盘
1996,09:33:17,29.18,--,40,118996,中性盘
1997,09:33:12,29.18,--,38,110884,买盘
1998,09:33:06,29.18,--,0,0,中性盘
1999,09:33:02,29.18,0.03,1,2918,买盘
2000,09:32:57,29.15,0.01,78,227370,买盘
2001,09:32:47,29.14,--,10,29140,卖盘
2002,09:32:42,29.14,--,11,32054,卖盘
2003,09:32:36,29.14,0.02,4,11656,买盘
2004,09:32:32,29.12,--,141,410592,卖盘
2005,09:32:27,29.12,-0.02,1,2912,卖盘
2006,09:32:21,29.14,0.03,13,37882,买盘
2007,09:32:17,29.11,-0.04,16,46576,卖盘
2008,09:32:12,29.15,0.04,13,37895,买盘
2009,09:32:06,29.11,--,30,87330,卖盘
2010,09:32:02,29.11,0.02,20,58220,买盘
2011,09:31:57,29.09,-0.01,86,250174,卖盘
2012,09:31:51,29.1,--,14,40740,买盘
2013,09:31:47,29.1,--,74,215340,买盘
2014,09:31:42,29.1,--,0,0,买盘
2015,09:31:36,29.1,0.07,23,66930,买盘
2016,09:31:32,29.03,-0.07,16,46448,卖盘
2017,09:31:27,29.1,0.07,15,43650,买盘
2018,09:31:21,29.03,-0.07,19,55157,卖盘
2019,09:31:17,29.1,--,2,5820,买盘
2020,09:31:12,29.1,--,26,75660,买盘
2021,09:31:02,29.1,-0.01,33,96030,中性盘
2022,09:30:57,29.11,0.01,29,84419,中性盘
2023,09:30:51,29.1,-0.05,19,55290,卖盘
2024,09:30:47,29.15,0.15,20,58300,买盘
2025,09:30:42,29.0,-0.1,26,75400,卖盘
2026,09:30:31,29.1,-0.05,103,299730,卖盘
2027,09:30:27,29.15,-0.04,1,2915,中性盘
2028,09:30:21,29.19,-0.01,6,17514,中性盘
2029,09:30:11,29.2,--,15,43800,买盘
2030,09:30:06,29.2,-0.08,221,645320,卖盘
2031,09:28:51,29.28,--,0,0,买盘
2032,09:25:04,29.28,29.28,246,720288,买盘
