,time,price,change,volume,amount,type
0,15:00:00,8.94,--,0,0,卖盘
1,15:00:00,8.94,--,0,0,卖盘
2,14:59:51,8.94,--,20,17880,卖盘
3,14:59:30,8.94,0.01,27,24138,买盘
4,14:59:26,8.93,-0.01,122,108946,卖盘
5,14:59:21,8.94,0.01,34,30396,买盘
6,14:59:00,8.93,--,20,17860,卖盘
7,14:58:51,8.93,-0.01,100,89300,卖盘
8,14:58:45,8.94,0.01,7,6258,买盘
9,14:58:30,8.93,-0.01,100,89300,卖盘
10,14:58:20,8.94,--,8,7152,买盘
11,14:58:15,8.94,--,20,17880,买盘
12,14:58:09,8.94,--,10,8940,买盘
13,14:58:00,8.94,--,8,7152,买盘
14,14:57:54,8.94,--,10,8940,买盘
15,14:57:50,8.94,--,20,17880,买盘
16,14:57:45,8.94,0.01,16,14304,买盘
17,14:57:00,8.93,--,9,8037,买盘
18,14:56:50,8.93,0.01,3,2679,买盘
19,14:56:45,8.92,--,10,8920,卖盘
20,14:56:30,8.92,-0.02,210,187320,卖盘
21,14:56:19,8.94,0.01,10,8940,买盘
22,14:56:04,8.93,-0.01,10,8930,买盘
23,14:56:00,8.94,0.02,12,10728,买盘
24,14:55:54,8.92,-0.01,215,191780,卖盘
25,14:55:50,8.93,0.01,5,4465,买盘
26,14:55:45,8.92,--,10,8920,卖盘
27,14:55:39,8.92,--,50,44600,卖盘
28,14:55:34,8.92,--,5,4460,卖盘
29,14:55:30,8.92,--,141,125772,卖盘
30,14:55:05,8.92,-0.01,5,4460,卖盘
31,14:55:00,8.93,0.01,2,1786,买盘
32,14:54:54,8.92,--,13,11596,卖盘
33,14:54:39,8.92,--,210,187320,卖盘
34,14:54:35,8.92,--,7,6244,卖盘
35,14:54:30,8.92,-0.01,1,892,卖盘
36,14:54:24,8.93,--,2,1786,买盘
37,14:53:39,8.93,0.01,3,2679,买盘
38,14:53:24,8.92,-0.01,3,2676,卖盘
39,14:53:20,8.93,--,5,4465,买盘
40,14:53:15,8.93,0.01,10,8930,买盘
41,14:52:54,8.92,-0.01,20,17840,卖盘
42,14:52:49,8.93,--,5,4465,买盘
43,14:52:45,8.93,--,77,68761,买盘
44,14:52:35,8.93,--,20,17860,买盘
45,14:52:29,8.93,--,80,71440,买盘
46,14:52:14,8.93,--,200,178600,买盘
47,14:52:04,8.93,--,1,893,买盘
48,14:51:44,8.93,--,9,8037,买盘
49,14:51:29,8.93,--,11,9823,卖盘
50,14:51:09,8.93,--,5,4465,卖盘
51,14:50:54,8.93,--,10,8930,卖盘
52,14:50:48,8.93,--,5,4465,卖盘
53,14:50:39,8.93,0.01,10,8930,卖盘
54,14:50:29,8.92,--,68,60656,卖盘
55,14:50:18,8.92,-0.01,710,633320,卖盘
56,14:50:14,8.93,--,1,893,买盘
57,14:50:09,8.93,0.01,5,4465,买盘
58,14:50:03,8.92,--,20,17840,卖盘
59,14:49:48,8.92,--,22,19624,卖盘
60,14:49:44,8.92,--,119,106148,卖盘
61,14:49:33,8.92,-0.01,10,8920,卖盘
62,14:49:29,8.93,--,65,58045,买盘
63,14:49:24,8.93,--,3,2679,买盘
64,14:49:18,8.93,0.01,10,8930,买盘
65,14:49:09,8.92,--,15,13380,卖盘
66,14:48:54,8.92,-0.01,60,53520,卖盘
67,14:48:48,8.93,0.01,30,26790,买盘
68,14:48:33,8.92,-0.01,30,26760,卖盘
69,14:48:09,8.93,0.01,2,1786,买盘
70,14:48:03,8.92,--,20,17840,卖盘
71,14:47:59,8.92,-0.01,15,13380,卖盘
72,14:47:33,8.93,0.01,10,8930,买盘
73,14:47:24,8.92,-0.01,50,44600,卖盘
74,14:47:18,8.93,0.01,10,8930,买盘
75,14:47:13,8.92,--,10,8920,卖盘
76,14:46:48,8.92,--,20,17840,卖盘
77,14:46:44,8.92,-0.01,8,7136,卖盘
78,14:46:39,8.93,0.01,5,4465,买盘
79,14:46:33,8.92,-0.01,3,2676,卖盘
80,14:46:29,8.93,--,10,8930,买盘
81,14:46:24,8.93,--,60,53580,卖盘
82,14:46:18,8.93,--,169,150917,卖盘
83,14:46:14,8.93,--,93,83049,卖盘
84,14:46:09,8.93,--,38,33934,卖盘
85,14:46:03,8.93,--,11,9823,卖盘
86,14:45:59,8.93,--,50,44650,卖盘
87,14:45:54,8.93,--,10,8930,卖盘
88,14:45:48,8.93,--,30,26790,卖盘
89,14:45:29,8.93,--,7,6251,卖盘
90,14:45:18,8.93,--,14,12502,卖盘
91,14:45:12,8.93,--,2,1786,卖盘
92,14:44:57,8.93,--,9,8037,卖盘
93,14:44:27,8.93,--,10,8930,卖盘
94,14:44:18,8.93,-0.01,7,6251,卖盘
95,14:44:12,8.94,--,4,3576,买盘
96,14:43:48,8.94,0.01,25,22350,买盘
97,14:43:18,8.93,-0.01,33,29469,卖盘
98,14:43:08,8.94,0.01,60,53640,买盘
99,14:42:57,8.93,--,37,33041,卖盘
100,14:42:53,8.93,-0.01,7,6251,卖盘
101,14:42:42,8.94,--,23,20562,买盘
102,14:42:38,8.94,0.01,11,9834,买盘
103,14:42:17,8.93,--,49,43757,卖盘
104,14:41:52,8.93,-0.01,10,8930,卖盘
105,14:41:37,8.94,0.01,5,4470,买盘
106,14:41:27,8.93,--,21,18753,卖盘
107,14:41:23,8.93,--,20,17860,卖盘
108,14:41:07,8.93,--,7,6251,卖盘
109,14:41:03,8.93,--,5,4465,卖盘
110,14:40:57,8.93,-0.01,6,5358,卖盘
111,14:40:42,8.94,0.01,29,25926,买盘
112,14:40:12,8.93,-0.01,20,17860,卖盘
113,14:39:42,8.94,--,5,4470,买盘
114,14:39:17,8.94,0.01,93,83142,买盘
115,14:39:12,8.93,-0.01,23,20539,卖盘
116,14:39:07,8.94,0.01,24,21456,买盘
117,14:38:21,8.93,--,5,4465,卖盘
118,14:37:51,8.93,--,50,44650,卖盘
119,14:37:42,8.93,--,10,8930,卖盘
120,14:37:36,8.93,--,10,8930,卖盘
121,14:37:21,8.93,--,5,4465,卖盘
122,14:37:12,8.93,--,22,19646,卖盘
123,14:36:51,8.93,--,66,58938,卖盘
124,14:36:36,8.93,--,10,8930,卖盘
125,14:36:27,8.93,--,10,8930,卖盘
126,14:36:21,8.93,--,10,8930,卖盘
127,14:36:12,8.93,--,7,6251,卖盘
128,14:36:06,8.93,-0.01,10,8930,卖盘
129,14:35:26,8.94,0.01,5,4470,买盘
130,14:35:21,8.93,--,10,8930,卖盘
131,14:35:01,8.93,--,8,7144,卖盘
132,14:34:57,8.93,--,10,8930,卖盘
133,14:34:51,8.93,--,23,20539,卖盘
134,14:34:36,8.93,-0.01,8,7144,卖盘
135,14:34:21,8.94,--,89,79566,卖盘
136,14:34:11,8.94,--,238,212772,卖盘
137,14:34:01,8.94,--,8,7152,卖盘
138,14:33:27,8.94,-0.01,8,7152,卖盘
139,14:32:36,8.95,0.01,1,894,买盘
140,14:31:31,8.94,--,4,3576,卖盘
141,14:31:21,8.94,-0.01,3,2682,卖盘
142,14:31:06,8.95,--,20,17900,卖盘
143,14:30:56,8.95,0.01,45,40275,买盘
144,14:30:51,8.94,--,22,19668,卖盘
145,14:30:41,8.94,-0.01,22,19668,卖盘
146,14:30:30,8.95,0.01,4,3579,买盘
147,14:30:21,8.94,--,8,7152,卖盘
148,14:30:00,8.94,--,25,22350,卖盘
149,14:29:51,8.94,-0.01,8,7152,卖盘
150,14:29:35,8.95,-0.01,8,7159,卖盘
151,14:29:30,8.96,--,119,106624,买盘
152,14:29:25,8.96,0.01,16,14336,买盘
153,14:29:20,8.95,--,44,39380,买盘
154,14:29:00,8.95,0.01,46,41170,买盘
155,14:28:21,8.94,--,3,2682,卖盘
156,14:28:15,8.94,-0.01,10,8940,卖盘
157,14:28:06,8.95,--,10,8950,买盘
158,14:28:00,8.95,0.01,21,18795,买盘
159,14:27:51,8.94,--,6,5364,卖盘
160,14:27:36,8.94,-0.01,27,24138,卖盘
161,14:27:30,8.95,0.01,20,17900,买盘
162,14:27:20,8.94,--,1,894,卖盘
163,14:27:15,8.94,--,4,3576,卖盘
164,14:27:10,8.94,--,1,894,卖盘
165,14:27:00,8.94,-0.01,1,894,卖盘
166,14:26:55,8.95,--,8,7159,买盘
167,14:26:45,8.95,--,20,17900,买盘
168,14:26:40,8.95,0.01,66,59069,买盘
169,14:26:15,8.94,-0.01,1,894,卖盘
170,14:25:59,8.95,0.01,63,56384,买盘
171,14:25:45,8.94,--,1,894,卖盘
172,14:25:35,8.94,--,7,6258,卖盘
173,14:25:15,8.94,-0.01,11,9834,卖盘
174,14:25:05,8.95,--,13,11634,买盘
175,14:25:00,8.95,0.01,4,3579,买盘
176,14:24:45,8.94,-0.01,33,29502,卖盘
177,14:24:25,8.95,0.01,7,6264,买盘
178,14:24:00,8.94,-0.01,1,894,卖盘
179,14:23:15,8.95,--,3,2685,买盘
180,14:22:54,8.95,--,1,894,买盘
181,14:22:14,8.95,-0.01,39,34905,卖盘
182,14:21:59,8.96,--,1,896,买盘
183,14:21:54,8.96,--,25,22400,买盘
184,14:21:39,8.96,0.01,1,896,买盘
185,14:21:24,8.95,0.01,246,220169,买盘
186,14:21:19,8.94,--,23,20562,卖盘
187,14:21:14,8.94,-0.01,55,49170,卖盘
188,14:20:39,8.95,0.02,50,44750,买盘
189,14:20:29,8.93,--,0,0,卖盘
190,14:20:14,8.93,-0.02,18,16074,卖盘
191,14:20:09,8.95,0.01,11,9845,买盘
192,14:19:39,8.94,--,5,4470,买盘
193,14:19:19,8.94,-0.01,45,40230,卖盘
194,14:19:14,8.95,--,5,4475,买盘
195,14:19:09,8.95,--,5,4475,买盘
196,14:19:04,8.95,--,20,17900,买盘
197,14:18:54,8.95,--,30,26849,买盘
198,14:18:44,8.95,-0.01,161,144095,卖盘
199,14:18:29,8.96,--,11,9856,卖盘
200,14:18:24,8.96,--,23,20608,卖盘
201,14:17:44,8.96,--,28,25088,买盘
202,14:17:34,8.96,--,8,7168,买盘
203,14:17:29,8.96,0.01,5,4480,买盘
204,14:17:19,8.95,-0.01,10,8950,卖盘
205,14:17:09,8.96,--,88,78848,买盘
206,14:17:03,8.96,--,52,46592,买盘
207,14:16:54,8.96,0.01,4,3584,买盘
208,14:16:44,8.95,--,97,86815,买盘
209,14:16:39,8.95,0.01,30,26849,买盘
210,14:16:29,8.94,-0.01,4,3576,卖盘
211,14:16:24,8.95,--,27,24164,买盘
212,14:16:18,8.95,--,91,81445,买盘
213,14:16:14,8.95,0.01,5,4475,买盘
214,14:16:03,8.94,-0.01,8,7152,卖盘
215,14:15:59,8.95,0.01,51,45645,买盘
216,14:15:48,8.94,--,4,3576,卖盘
217,14:15:38,8.94,--,140,125589,买盘
218,14:15:23,8.94,--,168,150192,买盘
219,14:15:18,8.94,0.01,32,28608,买盘
220,14:15:14,8.93,-0.01,173,154489,卖盘
221,14:15:08,8.94,--,6,5364,买盘
222,14:15:03,8.94,--,11,9834,买盘
223,14:14:53,8.94,--,113,101022,买盘
224,14:14:23,8.94,--,6,5364,买盘
225,14:14:13,8.94,0.01,7,6258,买盘
226,14:14:08,8.93,--,78,69654,买盘
227,14:13:53,8.93,0.01,11,9823,买盘
228,14:13:48,8.92,-0.01,8,7136,卖盘
229,14:13:38,8.93,--,20,17860,买盘
230,14:13:32,8.93,--,11,9823,卖盘
231,14:13:23,8.93,--,3,2679,卖盘
232,14:13:08,8.93,--,68,60724,买盘
233,14:13:03,8.93,--,32,28576,卖盘
234,14:12:53,8.93,--,50,44650,卖盘
235,14:12:48,8.93,-0.01,70,62510,卖盘
236,14:12:38,8.94,--,1,894,买盘
237,14:12:13,8.94,0.01,54,48276,买盘
238,14:12:03,8.93,-0.01,4,3572,卖盘
239,14:11:18,8.94,0.01,2,1788,买盘
240,14:10:58,8.93,-0.01,10,8930,卖盘
241,14:10:12,8.94,0.01,1,894,买盘
242,14:10:08,8.93,-0.01,50,44650,卖盘
243,14:09:42,8.94,0.01,25,22350,买盘
244,14:09:23,8.93,--,19,16967,卖盘
245,14:09:17,8.93,--,4,3572,卖盘
246,14:08:23,8.93,--,3,2679,卖盘
247,14:07:57,8.93,--,1,893,卖盘
248,14:07:53,8.93,--,1,893,卖盘
249,14:07:42,8.93,0.01,3,2679,买盘
250,14:07:32,8.92,-0.01,36,32112,卖盘
251,14:07:26,8.93,--,100,89300,买盘
252,14:07:02,8.93,0.01,182,162526,买盘
253,14:06:57,8.92,--,2,1784,卖盘
254,14:06:52,8.92,--,1,892,卖盘
255,14:06:32,8.92,--,1,892,卖盘
256,14:06:27,8.92,--,1,892,卖盘
257,14:06:22,8.92,--,1,892,卖盘
258,14:06:17,8.92,--,9,8028,卖盘
259,14:06:07,8.92,--,5,4460,卖盘
260,14:05:57,8.92,--,1,892,卖盘
261,14:05:52,8.92,--,1,892,卖盘
262,14:05:32,8.92,--,1,892,卖盘
263,14:05:27,8.92,--,1,892,卖盘
264,14:04:37,8.92,0.01,1,892,买盘
265,14:04:32,8.91,--,0,0,卖盘
266,14:04:27,8.91,--,144,128304,卖盘
267,14:04:17,8.91,--,0,0,卖盘
268,14:04:07,8.91,--,10,8910,卖盘
269,14:04:02,8.91,-0.01,200,178200,卖盘
270,14:03:57,8.92,--,25,22300,卖盘
271,14:03:47,8.92,0.01,28,25100,买盘
272,14:03:37,8.91,--,1,891,卖盘
273,14:03:22,8.91,--,23,20493,卖盘
274,14:03:12,8.91,-0.01,42,37422,卖盘
275,14:02:57,8.92,0.01,16,14272,买盘
276,14:02:06,8.91,-0.01,1,891,卖盘
277,14:01:47,8.92,--,1,892,买盘
278,14:01:26,8.92,--,141,126539,卖盘
279,14:01:21,8.92,--,122,108824,卖盘
280,14:00:26,8.92,-0.02,5,4460,卖盘
281,14:00:21,8.94,--,10,8940,买盘
282,14:00:17,8.94,0.02,39,34866,买盘
283,14:00:11,8.92,--,133,118760,买盘
284,14:00:06,8.92,0.01,6,5352,买盘
285,13:59:36,8.91,-0.01,12,10692,卖盘
286,13:59:21,8.92,--,12,10704,买盘
287,13:59:11,8.92,--,2,1784,买盘
288,13:58:56,8.92,--,10,8920,卖盘
289,13:58:46,8.92,--,1,892,卖盘
290,13:58:26,8.92,--,39,34788,卖盘
291,13:58:21,8.92,--,28,24976,卖盘
292,13:58:01,8.92,-0.01,31,27652,卖盘
293,13:57:26,8.93,--,10,8930,买盘
294,13:56:56,8.93,--,22,20110,卖盘
295,13:56:46,8.93,--,6,5358,卖盘
296,13:56:31,8.93,0.01,17,15609,买盘
297,13:56:05,8.92,--,38,33896,卖盘
298,13:56:01,8.92,0.01,133,118636,买盘
299,13:55:46,8.91,--,8,7128,卖盘
300,13:55:36,8.91,--,0,0,卖盘
301,13:55:16,8.91,--,4,3564,卖盘
302,13:55:00,8.91,-0.01,166,147906,卖盘
303,13:54:30,8.92,--,5,4460,卖盘
304,13:54:00,8.92,--,35,31220,卖盘
305,13:53:45,8.92,--,7,6244,买盘
306,13:53:35,8.92,--,2,1784,买盘
307,13:53:30,8.92,-0.01,12,10704,卖盘
308,13:52:50,8.93,--,0,0,买盘
309,13:52:30,8.93,0.01,96,86192,卖盘
310,13:52:10,8.92,--,23,20944,买盘
311,13:52:00,8.92,--,13,12318,卖盘
312,13:51:50,8.92,-0.01,248,221216,卖盘
313,13:51:45,8.93,--,10,8930,买盘
314,13:51:35,8.93,0.01,3,2679,买盘
315,13:51:20,8.92,-0.01,4,3568,卖盘
316,13:51:10,8.93,--,5,4465,买盘
317,13:51:00,8.93,--,89,80111,卖盘
318,13:50:55,8.93,--,15,13395,卖盘
319,13:50:50,8.93,--,2,1786,卖盘
320,13:50:20,8.93,-0.01,4,3572,卖盘
321,13:49:44,8.94,-0.02,212,189528,卖盘
322,13:49:40,8.96,0.01,20,17920,买盘
323,13:49:35,8.95,0.01,21,18795,买盘
324,13:49:30,8.94,--,23,20562,卖盘
325,13:49:15,8.94,--,10,8940,卖盘
326,13:49:10,8.94,--,10,8940,卖盘
327,13:48:55,8.94,-0.01,34,30396,卖盘
328,13:48:50,8.95,--,10,8950,卖盘
329,13:48:25,8.95,--,7,6264,卖盘
330,13:48:20,8.95,--,38,34010,买盘
331,13:48:15,8.95,--,19,17005,卖盘
332,13:48:10,8.95,-0.01,5,4475,卖盘
333,13:47:45,8.96,--,2,1792,买盘
334,13:47:14,8.96,--,0,0,买盘
335,13:47:09,8.96,0.01,40,35840,买盘
336,13:46:39,8.95,--,15,13424,买盘
337,13:46:24,8.95,-0.01,2,1789,卖盘
338,13:46:05,8.96,--,252,225792,买盘
339,13:45:19,8.96,0.01,10,8960,买盘
340,13:45:14,8.95,--,24,21480,卖盘
341,13:44:53,8.95,-0.01,23,20585,卖盘
342,13:44:44,8.96,0.01,5,4480,买盘
343,13:44:13,8.95,--,5,4475,卖盘
344,13:43:23,8.95,-0.01,3,2685,卖盘
345,13:43:19,8.96,0.01,11,9856,买盘
346,13:43:09,8.95,--,18,16109,卖盘
347,13:42:58,8.95,--,20,17900,卖盘
348,13:42:23,8.95,--,29,25954,买盘
349,13:42:04,8.95,--,2,1789,买盘
350,13:41:54,8.95,--,6,5370,买盘
351,13:41:33,8.95,--,2,1789,买盘
352,13:41:23,8.95,--,20,17900,买盘
353,13:41:19,8.95,--,25,22375,买盘
354,13:41:04,8.95,0.01,27,24164,买盘
355,13:40:04,8.94,0.01,4,3576,卖盘
356,13:39:49,8.93,--,0,0,卖盘
357,13:39:34,8.93,-0.02,71,63403,卖盘
358,13:39:18,8.95,0.02,20,17900,买盘
359,13:39:08,8.93,--,0,0,卖盘
360,13:38:37,8.93,--,6,5616,买盘
361,13:38:33,8.93,--,23,20539,买盘
362,13:38:23,8.93,--,405,361665,买盘
363,13:38:18,8.93,--,125,111625,买盘
364,13:38:13,8.93,--,12,10716,买盘
365,13:38:08,8.93,--,45,40185,买盘
366,13:38:03,8.93,--,92,82156,买盘
367,13:37:48,8.93,--,10,8930,买盘
368,13:37:43,8.93,--,2,1786,买盘
369,13:37:32,8.93,--,23,20539,买盘
370,13:37:18,8.93,--,11,9823,买盘
371,13:37:03,8.93,--,383,342188,买盘
372,13:36:43,8.93,--,8,7144,买盘
373,13:36:38,8.93,-0.01,240,214954,卖盘
374,13:36:33,8.94,--,0,0,买盘
375,13:36:28,8.94,--,20,17880,买盘
376,13:36:18,8.94,--,280,250320,买盘
377,13:36:13,8.94,--,20,17880,买盘
378,13:36:08,8.94,--,1,894,买盘
379,13:36:03,8.94,--,5,4470,买盘
380,13:35:48,8.94,--,14,12516,买盘
381,13:35:43,8.94,--,5,4470,买盘
382,13:35:17,8.94,0.01,5,4470,买盘
383,13:35:07,8.93,--,257,229759,买盘
384,13:35:03,8.93,--,5,4465,买盘
385,13:34:52,8.93,-0.01,237,212275,卖盘
386,13:34:22,8.94,--,20,17880,买盘
387,13:34:03,8.94,--,4,3576,买盘
388,13:33:48,8.94,--,5,4470,买盘
389,13:33:37,8.94,0.01,40,35760,买盘
390,13:33:22,8.93,--,3,2679,卖盘
391,13:32:57,8.93,--,12,10716,卖盘
392,13:32:47,8.93,--,4,3572,卖盘
393,13:32:43,8.93,-0.01,7,6251,卖盘
394,13:31:58,8.94,--,76,68203,买盘
395,13:31:16,8.94,-0.01,200,179524,卖盘
396,13:30:42,8.95,--,1,894,买盘
397,13:30:12,8.95,--,1,894,买盘
398,13:30:07,8.95,--,22,20325,卖盘
399,13:29:32,8.95,-0.01,14,12529,卖盘
400,13:29:22,8.96,0.01,5,4480,买盘
401,13:28:22,8.95,--,4,3579,卖盘
402,13:27:21,8.95,0.01,29,26214,买盘
403,13:26:51,8.94,-0.01,50,44700,卖盘
404,13:25:26,8.95,0.01,2,1789,买盘
405,13:25:01,8.94,-0.01,10,8940,卖盘
406,13:24:41,8.95,--,74,66865,卖盘
407,13:24:26,8.95,--,88,79019,买盘
408,13:24:22,8.95,--,11,10480,卖盘
409,13:24:16,8.95,--,29,25954,卖盘
410,13:24:11,8.95,--,47,42065,卖盘
411,13:23:21,8.95,--,4,3579,卖盘
412,13:22:06,8.95,-0.02,1,894,卖盘
413,13:21:51,8.97,0.02,5,4485,买盘
414,13:21:36,8.95,--,9,8054,卖盘
415,13:21:10,8.95,--,1,894,卖盘
416,13:21:06,8.95,0.01,2,2049,买盘
417,13:20:20,8.94,-0.01,1,894,卖盘
418,13:20:16,8.95,--,110,98449,买盘
419,13:20:10,8.95,--,3,2685,买盘
420,13:20:00,8.95,--,10,8950,买盘
421,13:19:51,8.95,--,10,8950,买盘
422,13:19:40,8.95,--,2,1789,买盘
423,13:19:35,8.95,--,13,11634,买盘
424,13:19:05,8.95,0.01,4,3579,买盘
425,13:18:59,8.94,-0.01,1,894,卖盘
426,13:18:45,8.95,--,30,26849,买盘
427,13:17:35,8.95,0.01,10,8950,买盘
428,13:16:45,8.94,-0.01,16,14304,卖盘
429,13:16:34,8.95,--,5,4475,买盘
430,13:16:30,8.95,--,109,98190,卖盘
431,13:14:30,8.95,--,2,1789,卖盘
432,13:14:14,8.95,--,78,70069,买盘
433,13:13:55,8.95,--,10,8950,买盘
434,13:13:30,8.95,--,15,13424,买盘
435,13:13:25,8.95,--,8,7159,买盘
436,13:13:15,8.95,0.01,42,37590,买盘
437,13:12:54,8.94,--,1,894,卖盘
438,13:12:40,8.94,--,3,3155,卖盘
439,13:12:10,8.94,-0.01,1,894,卖盘
440,13:11:49,8.95,0.01,100,89500,买盘
441,13:11:44,8.94,--,1,894,卖盘
442,13:11:40,8.94,-0.02,49,43806,卖盘
443,13:11:29,8.96,0.01,2,1792,买盘
444,13:11:14,8.95,--,1,894,卖盘
445,13:10:54,8.95,0.01,1,894,卖盘
446,13:10:49,8.94,--,0,0,卖盘
447,13:10:34,8.94,--,34,30986,买盘
448,13:10:29,8.94,--,66,59004,买盘
449,13:10:09,8.94,--,5,4470,买盘
450,13:10:04,8.94,--,111,99537,卖盘
451,13:09:54,8.94,--,30,26820,卖盘
452,13:09:49,8.94,--,0,0,卖盘
453,13:09:39,8.94,-0.01,3,3272,卖盘
454,13:08:49,8.95,--,8,7159,买盘
455,13:08:04,8.95,-0.01,184,164680,卖盘
456,13:07:04,8.96,0.01,5,4480,买盘
457,13:06:59,8.95,-0.01,4,3579,卖盘
458,13:06:53,8.96,--,57,51188,卖盘
459,13:06:39,8.96,--,4,4363,卖盘
460,13:06:34,8.96,-0.01,4,3584,卖盘
461,13:05:53,8.97,0.01,10,8970,买盘
462,13:05:24,8.96,-0.01,3,2688,卖盘
463,13:05:19,8.97,-0.01,96,86632,卖盘
464,13:05:09,8.98,--,71,63758,买盘
465,13:04:53,8.98,--,1,898,买盘
466,13:04:38,8.98,0.01,1,898,买盘
467,13:04:34,8.97,-0.01,8,7176,卖盘
468,13:04:23,8.98,-0.01,62,55676,卖盘
469,13:04:18,8.99,--,59,53041,买盘
470,13:03:53,8.99,0.01,1,899,买盘
471,13:03:49,8.98,--,0,0,买盘
472,13:03:32,8.98,--,1,898,买盘
473,13:03:28,8.98,--,5,4490,买盘
474,13:03:18,8.98,--,1,898,买盘
475,13:03:13,8.98,-0.01,6,5388,卖盘
476,13:03:02,8.99,0.02,1,899,买盘
477,13:02:53,8.97,--,0,0,卖盘
478,13:02:48,8.97,-0.01,7,6655,卖盘
479,13:02:38,8.98,0.01,1,898,买盘
480,13:02:33,8.97,-0.01,10,8970,卖盘
481,13:02:18,8.98,0.01,1,898,买盘
482,13:02:03,8.97,-0.02,41,36777,卖盘
483,13:01:52,8.99,--,11,9889,买盘
484,13:01:33,8.99,--,3,2697,买盘
485,13:01:23,8.99,0.01,1,899,买盘
486,13:01:18,8.98,-0.01,2,1796,卖盘
487,13:01:08,8.99,--,31,27869,买盘
488,13:01:03,8.99,--,1,899,买盘
489,13:00:58,8.99,0.01,41,36859,买盘
490,13:00:43,8.98,-0.01,10,8980,卖盘
491,13:00:38,8.99,--,1,899,买盘
492,13:00:18,8.99,0.01,1,899,买盘
493,13:00:07,8.98,0.01,68,61064,买盘
494,13:00:03,8.97,0.02,107,95979,买盘
495,11:30:00,8.95,--,0,0,中性盘
496,11:30:00,8.95,--,0,0,卖盘
497,11:29:48,8.95,-0.02,5,4475,卖盘
498,11:29:44,8.97,-0.01,1,897,买盘
499,11:29:33,8.98,--,0,0,买盘
500,11:29:18,8.98,--,1,898,买盘
501,11:28:58,8.98,--,1,898,买盘
502,11:28:53,8.98,--,20,17960,买盘
503,11:28:44,8.98,0.05,1,898,买盘
504,11:28:38,8.93,--,4,3572,卖盘
505,11:28:33,8.93,-0.02,5,4465,卖盘
506,11:28:29,8.95,--,51,45645,买盘
507,11:28:23,8.95,0.02,81,72495,买盘
508,11:28:14,8.93,--,11,9823,卖盘
509,11:28:08,8.93,-0.02,21,18753,卖盘
510,11:28:03,8.95,--,1,894,买盘
511,11:27:53,8.95,--,28,25059,买盘
512,11:27:29,8.95,0.02,8,7159,买盘
513,11:27:18,8.93,--,8,7813,买盘
514,11:27:14,8.93,--,40,35720,买盘
515,11:27:08,8.93,0.02,1,893,买盘
516,11:26:59,8.91,-0.02,22,19602,卖盘
517,11:26:53,8.93,0.01,410,366130,买盘
518,11:26:48,8.92,--,4,3568,买盘
519,11:26:44,8.92,-0.01,343,306179,卖盘
520,11:26:38,8.93,--,24,21432,买盘
521,11:26:33,8.93,--,100,89300,买盘
522,11:26:23,8.93,0.01,4,3572,买盘
523,11:26:12,8.92,-0.01,22,19624,卖盘
524,11:26:08,8.93,--,37,33041,买盘
525,11:26:03,8.93,-0.01,298,266114,卖盘
526,11:25:58,8.94,--,0,0,中性盘
527,11:25:53,8.94,--,1,894,买盘
528,11:25:33,8.94,0.01,11,9834,买盘
529,11:25:18,8.93,-0.01,31,27683,卖盘
530,11:25:08,8.94,--,9,8046,买盘
531,11:24:48,8.94,--,1,894,买盘
532,11:24:23,8.94,--,21,18774,买盘
533,11:24:13,8.94,0.01,31,27714,买盘
534,11:24:03,8.93,-0.01,5,4465,卖盘
535,11:23:53,8.94,0.01,1,894,买盘
536,11:23:43,8.93,-0.01,50,44650,卖盘
537,11:23:32,8.94,--,4,3576,买盘
538,11:23:08,8.94,0.01,51,45594,买盘
539,11:22:53,8.93,-0.01,46,41078,卖盘
540,11:22:47,8.94,--,1,894,买盘
541,11:22:38,8.94,--,5,4470,买盘
542,11:22:23,8.94,0.01,1,894,买盘
543,11:22:08,8.93,-0.01,29,25897,卖盘
544,11:22:02,8.94,--,2,1788,买盘
545,11:21:38,8.94,-0.01,1,894,买盘
546,11:21:32,8.95,--,0,0,买盘
547,11:21:17,8.95,--,1,894,买盘
548,11:21:08,8.95,--,11,9845,买盘
549,11:20:57,8.95,0.02,2,1789,买盘
550,11:20:53,8.93,-0.02,29,25897,卖盘
551,11:20:47,8.95,0.01,21,18795,买盘
552,11:20:27,8.94,0.01,9,8046,买盘
553,11:20:23,8.93,-0.01,4,3572,卖盘
554,11:20:02,8.94,0.01,1,894,买盘
555,11:19:47,8.93,-0.01,29,25897,卖盘
556,11:19:37,8.94,-0.01,29,25926,卖盘
557,11:19:17,8.95,--,1,894,买盘
558,11:19:08,8.95,--,2,1789,买盘
559,11:18:57,8.95,--,1,894,买盘
560,11:18:42,8.95,0.01,23,20585,买盘
561,11:18:27,8.94,--,50,44700,买盘
562,11:18:21,8.94,--,30,26820,买盘
563,11:18:12,8.94,0.01,20,17880,买盘
564,11:18:02,8.93,-0.01,52,46436,卖盘
565,11:17:57,8.94,--,1,894,买盘
566,11:17:36,8.94,0.01,1,894,买盘
567,11:17:32,8.93,--,2,1786,卖盘
568,11:17:27,8.93,-0.01,29,25897,卖盘
569,11:17:21,8.94,-0.01,105,93870,卖盘
570,11:17:17,8.95,--,1,894,买盘
571,11:16:52,8.95,--,1,894,买盘
572,11:16:32,8.95,--,1,894,买盘
573,11:16:10,8.95,0.01,1,894,买盘
574,11:16:06,8.94,-0.01,29,25926,卖盘
575,11:15:56,8.95,--,1,894,买盘
576,11:15:51,8.95,--,1,894,买盘
577,11:15:37,8.95,--,1,894,买盘
578,11:15:17,8.95,0.01,1,894,买盘
579,11:15:02,8.94,--,29,25926,卖盘
580,11:14:56,8.94,--,12,10728,买盘
581,11:14:52,8.94,--,11,9834,买盘
582,11:14:32,8.94,--,1,894,买盘
583,11:14:26,8.94,--,1,894,买盘
584,11:14:11,8.94,0.01,1,894,买盘
585,11:13:56,8.93,-0.01,5,4465,卖盘
586,11:13:47,8.94,--,60,53640,买盘
587,11:13:36,8.94,--,50,44700,买盘
588,11:13:32,8.94,--,1,894,买盘
589,11:13:11,8.94,--,1,894,买盘
590,11:12:51,8.94,0.01,1,894,买盘
591,11:12:41,8.93,-0.01,29,25897,卖盘
592,11:12:32,8.94,--,11,9834,买盘
593,11:12:06,8.94,-0.01,10,8940,卖盘
594,11:11:56,8.95,0.02,2,1789,买盘
595,11:11:47,8.93,--,0,0,卖盘
596,11:11:41,8.93,-0.01,31,27683,卖盘
597,11:11:36,8.94,0.01,43,38442,买盘
598,11:11:06,8.93,-0.01,5,4465,卖盘
599,11:10:51,8.94,0.01,7,6258,中性盘
600,11:10:46,8.93,--,30,26790,卖盘
601,11:10:41,8.93,--,0,0,卖盘
602,11:10:31,8.93,--,0,0,卖盘
603,11:10:26,8.93,-0.01,32,28576,卖盘
604,11:10:21,8.94,-0.01,11,9834,卖盘
605,11:10:16,8.95,0.02,1,894,买盘
606,11:09:51,8.93,--,0,0,卖盘
607,11:09:45,8.93,--,0,0,卖盘
608,11:09:31,8.93,--,32,28576,卖盘
609,11:08:11,8.93,-0.02,8,7144,卖盘
610,11:08:01,8.95,0.02,5,4475,买盘
611,11:07:55,8.93,--,0,0,卖盘
612,11:07:50,8.93,-0.03,30,26790,卖盘
613,11:07:41,8.96,0.01,9,8064,买盘
614,11:07:11,8.95,--,27,24164,买盘
615,11:07:05,8.95,--,1,894,买盘
616,11:06:40,8.95,0.03,1,894,买盘
617,11:06:35,8.92,-0.01,30,26760,卖盘
618,11:06:30,8.93,--,0,0,卖盘
619,11:06:25,8.93,-0.04,186,166098,卖盘
620,11:06:20,8.97,--,1,897,买盘
621,11:05:55,8.97,--,1,897,买盘
622,11:05:50,8.97,0.04,4,3588,买盘
623,11:05:41,8.93,--,0,0,卖盘
624,11:05:34,8.93,--,0,0,卖盘
625,11:05:26,8.93,-0.05,33,29469,卖盘
626,11:05:20,8.98,--,15,13470,买盘
627,11:05:05,8.98,0.04,1,898,买盘
628,11:04:56,8.94,-0.04,428,383356,卖盘
629,11:04:41,8.98,--,1,898,买盘
630,11:04:20,8.98,--,1,898,买盘
631,11:04:10,8.98,--,44,39512,买盘
632,11:04:00,8.98,--,13,11674,买盘
633,11:03:35,8.98,--,1,898,买盘
634,11:03:20,8.98,--,0,0,买盘
635,11:03:15,8.98,--,1,898,买盘
636,11:03:00,8.98,0.01,47,42206,买盘
637,11:02:50,8.97,--,1,897,买盘
638,11:02:40,8.97,--,1,897,买盘
639,11:02:20,8.97,-0.01,1,897,买盘
640,11:02:05,8.98,--,0,0,买盘
641,11:02:00,8.98,0.02,1,898,买盘
642,11:01:45,8.96,-0.02,31,27776,卖盘
643,11:01:35,8.98,--,1,898,买盘
644,11:01:29,8.98,--,0,0,买盘
645,11:01:14,8.98,0.01,1,898,买盘
646,11:01:09,8.97,--,0,0,中性盘
647,11:01:04,8.97,-0.01,4,3588,卖盘
648,11:00:49,8.98,0.01,1,898,买盘
649,11:00:35,8.97,-0.01,51,45747,卖盘
650,11:00:29,8.98,--,1,898,买盘
651,11:00:04,8.98,0.01,1,898,买盘
652,10:59:59,8.97,-0.01,10,8970,卖盘
653,10:59:54,8.98,0.01,1,898,买盘
654,10:59:39,8.97,-0.01,13,11661,卖盘
655,10:59:34,8.98,--,1,898,买盘
656,10:59:29,8.98,0.01,6,5388,买盘
657,10:59:24,8.97,--,40,35880,卖盘
658,10:59:19,8.97,--,31,27807,卖盘
659,10:59:14,8.97,-0.01,8,7176,卖盘
660,10:59:10,8.98,--,1,898,买盘
661,10:58:50,8.98,--,1,898,买盘
662,10:58:29,8.98,--,1,898,买盘
663,10:58:04,8.98,0.01,34,30532,买盘
664,10:57:54,8.97,0.02,111,99567,买盘
665,10:57:49,8.95,--,0,0,卖盘
666,10:57:44,8.95,-0.02,9,8054,卖盘
667,10:57:29,8.97,0.01,1,897,买盘
668,10:57:19,8.96,--,10,8960,买盘
669,10:57:09,8.96,0.01,1,896,买盘
670,10:56:58,8.95,--,37,33115,卖盘
671,10:56:54,8.95,-0.01,5,4475,卖盘
672,10:56:49,8.96,--,1,896,买盘
673,10:56:24,8.96,-0.01,1,896,买盘
674,10:56:09,8.97,--,1,897,买盘
675,10:55:54,8.97,0.02,1,897,买盘
676,10:55:44,8.95,-0.01,32,28639,卖盘
677,10:55:39,8.96,--,2,1792,卖盘
678,10:54:59,8.96,--,18,16128,买盘
679,10:54:29,8.96,0.01,3,2688,中性盘
680,10:54:14,8.95,-0.02,30,26849,卖盘
681,10:54:08,8.97,-0.01,1,897,买盘
682,10:53:58,8.98,--,0,0,买盘
683,10:53:49,8.98,--,1,898,买盘
684,10:53:34,8.98,--,0,0,买盘
685,10:53:23,8.98,0.03,1,898,买盘
686,10:53:13,8.95,-0.03,31,27744,卖盘
687,10:53:08,8.98,--,7,6286,买盘
688,10:53:03,8.98,--,1,898,买盘
689,10:52:43,8.98,--,1,898,买盘
690,10:52:19,8.98,--,1,898,买盘
691,10:51:58,8.98,0.02,32,28736,买盘
692,10:51:53,8.96,-0.01,2,1792,卖盘
693,10:51:48,8.97,--,5,4485,买盘
694,10:51:43,8.97,--,0,0,买盘
695,10:51:38,8.97,--,1,897,买盘
696,10:51:33,8.97,0.02,5,4485,买盘
697,10:51:28,8.95,-0.02,9,8054,卖盘
698,10:51:23,8.97,--,1,897,买盘
699,10:51:08,8.97,-0.01,1,897,卖盘
700,10:51:03,8.98,0.01,1,898,买盘
701,10:50:53,8.97,0.02,3,2691,买盘
702,10:50:48,8.95,-0.02,43,38485,卖盘
703,10:50:38,8.97,--,1,897,买盘
704,10:50:18,8.97,--,1,897,买盘
705,10:50:13,8.97,--,0,0,买盘
706,10:50:08,8.97,--,200,179400,买盘
707,10:49:58,8.97,0.02,1,897,买盘
708,10:49:48,8.95,--,0,0,卖盘
709,10:49:37,8.95,--,32,28639,卖盘
710,10:49:33,8.95,-0.03,5,4475,卖盘
711,10:49:13,8.98,--,1,898,买盘
712,10:48:48,8.98,--,1,898,买盘
713,10:48:33,8.98,0.03,1,898,买盘
714,10:48:28,8.95,-0.03,32,28639,卖盘
715,10:48:18,8.98,--,1,898,买盘
716,10:47:53,8.98,--,5,4490,买盘
717,10:47:33,8.98,--,1,898,买盘
718,10:47:08,8.98,0.03,1,898,买盘
719,10:47:03,8.95,--,32,28639,卖盘
720,10:46:53,8.95,--,3,2685,卖盘
721,10:46:37,8.95,-0.03,2,1789,卖盘
722,10:46:28,8.98,--,1,898,买盘
723,10:46:17,8.98,--,1,898,买盘
724,10:46:02,8.98,--,10,8980,买盘
725,10:45:52,8.98,0.03,1,898,买盘
726,10:45:47,8.95,--,10,8950,卖盘
727,10:45:42,8.95,-0.03,30,26849,卖盘
728,10:45:32,8.98,--,1,898,买盘
729,10:45:07,8.98,--,1,898,买盘
730,10:44:47,8.98,0.02,1,898,买盘
731,10:44:32,8.96,-0.01,31,27776,卖盘
732,10:44:27,8.97,-0.01,15,13455,卖盘
733,10:44:22,8.98,--,1,898,买盘
734,10:44:02,8.98,--,1,898,买盘
735,10:43:42,8.98,--,1,898,买盘
736,10:43:23,8.98,--,1,898,买盘
737,10:43:17,8.98,--,31,27838,买盘
738,10:43:12,8.98,-0.01,7,6286,卖盘
739,10:43:07,8.99,--,1,899,买盘
740,10:43:02,8.99,0.01,3,2697,买盘
741,10:42:47,8.98,-0.01,8,7184,卖盘
742,10:42:37,8.99,0.01,1,899,买盘
743,10:42:32,8.98,--,34,30532,买盘
744,10:42:22,8.98,0.01,11,9878,买盘
745,10:42:07,8.97,--,32,28704,卖盘
746,10:42:02,8.97,-0.01,3,2691,卖盘
747,10:41:57,8.98,--,2,1796,买盘
748,10:41:47,8.98,--,1,898,买盘
749,10:41:32,8.98,--,11,9878,买盘
750,10:41:27,8.98,--,1,898,买盘
751,10:41:02,8.98,0.02,1,898,买盘
752,10:40:52,8.96,-0.02,30,26880,卖盘
753,10:40:42,8.98,--,1,898,买盘
754,10:40:22,8.98,--,7,6286,买盘
755,10:40:17,8.98,-0.01,1,898,中性盘
756,10:39:57,8.99,0.02,1,899,买盘
757,10:39:41,8.97,-0.02,31,27807,卖盘
758,10:39:31,8.99,0.01,1,899,买盘
759,10:39:26,8.98,-0.01,33,29634,卖盘
760,10:39:22,8.99,0.01,1,899,买盘
761,10:39:16,8.98,-0.01,10,8980,卖盘
762,10:39:11,8.99,--,10,8990,买盘
763,10:39:01,8.99,--,1,899,买盘
764,10:38:41,8.99,--,11,9889,买盘
765,10:38:37,8.99,--,0,0,买盘
766,10:38:31,8.99,0.02,2,1798,买盘
767,10:38:26,8.97,-0.02,42,37674,卖盘
768,10:38:16,8.99,--,2,1798,买盘
769,10:37:56,8.99,--,1,899,买盘
770,10:37:46,8.99,0.02,1,899,买盘
771,10:37:31,8.97,0.01,62,55614,买盘
772,10:37:21,8.96,--,1,896,买盘
773,10:37:16,8.96,0.02,12,10752,买盘
774,10:37:11,8.94,-0.03,30,26820,卖盘
775,10:37:01,8.97,0.01,1,897,买盘
776,10:36:46,8.96,--,7,7114,买盘
777,10:36:41,8.96,--,1,896,买盘
778,10:36:16,8.96,0.02,1,896,买盘
779,10:36:11,8.94,--,0,0,卖盘
780,10:36:01,8.94,-0.02,31,27714,卖盘
781,10:35:56,8.96,0.01,1,896,买盘
782,10:35:51,8.95,--,4,3579,买盘
783,10:35:36,8.95,--,14,12529,买盘
784,10:35:11,8.95,--,1,894,买盘
785,10:35:01,8.95,0.01,1,894,买盘
786,10:34:56,8.94,--,0,0,卖盘
787,10:34:51,8.94,--,42,37548,卖盘
788,10:34:41,8.94,-0.01,4,3576,卖盘
789,10:34:25,8.95,-0.01,12,10740,卖盘
790,10:34:21,8.96,--,5,4480,买盘
791,10:34:16,8.96,--,1,896,买盘
792,10:34:01,8.96,--,0,0,买盘
793,10:33:56,8.96,0.03,1,896,买盘
794,10:33:41,8.93,-0.03,32,28576,卖盘
795,10:33:31,8.96,--,1,896,买盘
796,10:33:11,8.96,0.02,11,9856,买盘
797,10:33:05,8.94,-0.02,9,8046,卖盘
798,10:32:55,8.96,0.01,11,9856,买盘
799,10:32:50,8.95,0.01,1,894,买盘
800,10:32:35,8.94,-0.02,2,1788,卖盘
801,10:32:31,8.96,--,0,0,买盘
802,10:32:25,8.96,0.02,49,43904,买盘
803,10:32:20,8.94,-0.02,32,28608,卖盘
804,10:32:16,8.96,--,13,11648,买盘
805,10:32:10,8.96,--,1,896,买盘
806,10:31:55,8.96,0.02,11,9856,买盘
807,10:31:40,8.94,-0.02,31,27714,卖盘
808,10:31:35,8.96,--,1,896,买盘
809,10:31:10,8.96,0.02,1,896,买盘
810,10:30:55,8.94,-0.02,31,27714,卖盘
811,10:30:50,8.96,--,37,33152,买盘
812,10:30:30,8.96,--,1,896,买盘
813,10:30:25,8.96,--,2,1792,买盘
814,10:30:10,8.96,--,1,896,买盘
815,10:30:05,8.96,0.01,5,4480,买盘
816,10:30:00,8.95,--,31,27744,卖盘
817,10:29:55,8.95,-0.01,32,28639,卖盘
818,10:29:50,8.96,--,0,0,买盘
819,10:29:45,8.96,--,1,896,买盘
820,10:29:25,8.96,0.01,1,896,买盘
821,10:29:00,8.95,0.02,15,13424,买盘
822,10:28:45,8.93,-0.03,302,269686,卖盘
823,10:28:35,8.96,0.01,10,8960,买盘
824,10:28:30,8.95,-0.01,30,26849,卖盘
825,10:28:20,8.96,--,9,8064,买盘
826,10:28:05,8.96,--,22,19712,买盘
827,10:28:00,8.96,0.01,1,896,买盘
828,10:27:50,8.95,--,5,4475,卖盘
829,10:27:45,8.95,-0.01,30,26849,卖盘
830,10:27:35,8.96,0.01,1,896,买盘
831,10:27:20,8.95,-0.01,62,55489,卖盘
832,10:27:10,8.96,-0.01,2,1792,卖盘
833,10:27:00,8.97,--,0,0,买盘
834,10:26:50,8.97,0.01,25,22425,买盘
835,10:26:45,8.96,-0.01,13,11648,卖盘
836,10:26:30,8.97,0.01,1,897,买盘
837,10:26:20,8.96,--,5,4480,卖盘
838,10:26:15,8.96,-0.01,32,28672,卖盘
839,10:26:10,8.97,--,4,3588,买盘
840,10:26:05,8.97,--,1,897,买盘
841,10:25:50,8.97,--,10,8970,买盘
842,10:25:44,8.97,0.01,25,22425,买盘
843,10:25:19,8.96,--,1,896,买盘
844,10:25:14,8.96,-0.01,1,896,买盘
845,10:24:59,8.97,0.02,1,897,买盘
846,10:24:49,8.95,-0.01,32,28639,卖盘
847,10:24:44,8.96,--,11,9856,买盘
848,10:24:34,8.96,--,1,896,买盘
849,10:24:19,8.96,--,1,896,买盘
850,10:24:04,8.96,--,20,17920,买盘
851,10:23:59,8.96,--,44,39424,买盘
852,10:23:54,8.96,--,1,896,买盘
853,10:23:44,8.96,0.01,1,896,买盘
854,10:23:34,8.95,-0.01,30,26849,卖盘
855,10:23:29,8.96,0.01,10,8960,买盘
856,10:23:24,8.95,-0.01,3,2685,卖盘
857,10:23:19,8.96,--,51,45696,买盘
858,10:22:58,8.96,0.01,1,896,买盘
859,10:22:49,8.95,--,19,17005,买盘
860,10:22:34,8.95,-0.01,31,27744,卖盘
861,10:22:28,8.96,0.01,2,1792,卖盘
862,10:22:24,8.95,--,0,0,卖盘
863,10:22:19,8.95,-0.02,32,28639,卖盘
864,10:22:14,8.97,0.01,1,897,买盘
865,10:21:49,8.96,0.01,37,33152,买盘
866,10:21:44,8.95,-0.01,19,17005,卖盘
867,10:21:29,8.96,0.01,1,896,买盘
868,10:21:24,8.95,0.01,90,80550,买盘
869,10:21:19,8.94,-0.01,32,28608,卖盘
870,10:21:14,8.95,--,8,7159,买盘
871,10:21:09,8.95,-0.01,22,19690,卖盘
872,10:20:39,8.96,0.01,1,896,买盘
873,10:20:34,8.95,-0.01,8,7159,卖盘
874,10:20:29,8.96,-0.01,1,896,买盘
875,10:20:24,8.97,--,1,897,买盘
876,10:20:09,8.97,--,1,897,买盘
877,10:20:04,8.97,0.03,2,1794,买盘
878,10:19:54,8.94,-0.01,31,27714,卖盘
879,10:19:44,8.95,--,29,25954,买盘
880,10:19:24,8.95,0.01,1,894,买盘
881,10:19:14,8.94,--,0,0,卖盘
882,10:19:04,8.94,-0.03,100,89400,卖盘
883,10:18:59,8.97,0.03,1,897,买盘
884,10:18:39,8.94,-0.01,31,27714,卖盘
885,10:18:34,8.95,--,10,8950,买盘
886,10:18:28,8.95,--,101,90395,买盘
887,10:18:13,8.95,0.01,11,9845,买盘
888,10:17:58,8.94,--,24,21456,买盘
889,10:17:53,8.94,--,1,894,买盘
890,10:17:49,8.94,--,3,2682,买盘
891,10:17:43,8.94,--,19,16986,买盘
892,10:17:38,8.94,-0.01,33,29502,卖盘
893,10:17:28,8.95,0.01,31,27744,买盘
894,10:17:23,8.94,--,3,2682,买盘
895,10:17:19,8.94,--,5,4470,买盘
896,10:17:13,8.94,--,2,1788,买盘
897,10:17:08,8.94,--,1,894,买盘
898,10:16:58,8.94,--,25,22350,卖盘
899,10:16:48,8.94,--,6,5364,卖盘
900,10:16:43,8.94,-0.01,15,13410,卖盘
901,10:16:38,8.95,--,51,45645,买盘
902,10:16:23,8.95,0.01,1,894,买盘
903,10:16:13,8.94,--,32,28608,卖盘
904,10:16:08,8.94,-0.01,1,894,卖盘
905,10:15:58,8.95,--,25,22375,买盘
906,10:15:53,8.95,--,5,4475,买盘
907,10:15:48,8.95,--,1,894,买盘
908,10:15:43,8.95,--,10,8950,买盘
909,10:15:38,8.95,--,21,18795,买盘
910,10:15:23,8.95,--,11,9845,买盘
911,10:15:18,8.95,0.01,41,36695,买盘
912,10:15:03,8.94,-0.01,41,36654,卖盘
913,10:14:58,8.95,-0.01,119,107024,卖盘
914,10:14:53,8.96,0.01,23,20608,买盘
915,10:14:43,8.95,-0.02,12,10740,卖盘
916,10:14:38,8.97,--,17,15249,买盘
917,10:14:33,8.97,--,1,897,买盘
918,10:14:28,8.97,--,1,897,买盘
919,10:14:23,8.97,-0.02,16,14352,卖盘
920,10:14:13,8.99,0.02,6,5394,买盘
921,10:14:08,8.97,-0.02,29,26013,卖盘
922,10:13:57,8.99,--,0,0,买盘
923,10:13:48,8.99,0.01,747,671553,买盘
924,10:13:38,8.98,-0.01,9,8082,卖盘
925,10:13:27,8.99,0.02,4,3596,买盘
926,10:13:18,8.97,--,0,0,卖盘
927,10:13:13,8.97,-0.02,26,23322,卖盘
928,10:13:08,8.99,0.01,1,899,买盘
929,10:13:03,8.98,--,186,167028,卖盘
930,10:12:53,8.98,-0.01,13,11674,卖盘
931,10:12:48,8.99,--,1,899,买盘
932,10:12:38,8.99,0.01,7,6293,买盘
933,10:12:33,8.98,-0.01,31,27838,卖盘
934,10:12:28,8.99,-0.01,3,3074,卖盘
935,10:12:22,9.0,0.01,1,900,买盘
936,10:12:13,8.99,--,50,44950,卖盘
937,10:12:07,8.99,-0.01,9,8091,卖盘
938,10:12:02,9.0,0.01,1,900,买盘
939,10:11:57,8.99,--,15,13485,卖盘
940,10:11:48,8.99,-0.01,30,26970,卖盘
941,10:11:37,9.0,--,1,900,买盘
942,10:11:28,9.0,--,1,900,买盘
943,10:11:17,9.0,-0.01,315,283500,卖盘
944,10:11:06,9.01,--,1,901,买盘
945,10:10:57,9.01,--,5,4505,买盘
946,10:10:42,9.01,--,11,9911,买盘
947,10:10:37,9.01,0.01,28,25228,买盘
948,10:10:17,9.0,-0.01,5,4500,卖盘
949,10:10:07,9.01,--,1,901,买盘
950,10:10:02,9.01,0.01,32,28832,买盘
951,10:09:52,9.0,-0.01,76,68400,卖盘
952,10:09:47,9.01,0.01,1,901,买盘
953,10:09:42,9.0,-0.01,4,3600,卖盘
954,10:09:37,9.01,--,1,901,买盘
955,10:09:02,9.01,--,1,901,买盘
956,10:08:52,9.01,--,40,36040,买盘
957,10:08:42,9.01,--,1,901,买盘
958,10:08:32,9.01,0.01,11,9911,买盘
959,10:07:42,9.0,-0.01,32,28800,卖盘
960,10:07:31,9.01,0.01,1,901,买盘
961,10:07:06,9.0,-0.01,8,7200,卖盘
962,10:07:02,9.01,0.01,3,2703,买盘
963,10:06:47,9.0,--,10,9000,卖盘
964,10:06:32,9.0,--,17,15300,卖盘
965,10:06:17,9.0,--,30,27000,卖盘
966,10:06:06,9.0,--,31,27900,卖盘
967,10:05:57,9.0,--,40,36000,卖盘
968,10:05:32,9.0,--,5,4500,卖盘
969,10:05:21,9.0,-0.02,3,2700,卖盘
970,10:05:16,9.02,0.02,3,2706,买盘
971,10:05:11,9.0,--,32,28800,卖盘
972,10:05:01,9.0,--,10,9000,卖盘
973,10:04:31,9.0,-0.02,7,6300,卖盘
974,10:04:11,9.02,--,11,9922,买盘
975,10:03:56,9.02,0.02,3,2706,买盘
976,10:03:51,9.0,-0.02,31,27900,卖盘
977,10:03:41,9.02,--,9,8118,买盘
978,10:03:26,9.02,0.02,37,33374,买盘
979,10:03:16,9.0,-0.02,19,17100,卖盘
980,10:02:16,9.02,0.01,30,27060,买盘
981,10:02:11,9.01,0.01,5,4505,卖盘
982,10:01:56,9.0,--,0,0,卖盘
983,10:01:41,9.0,--,34,30600,卖盘
984,10:01:36,9.0,--,14,12600,卖盘
985,10:01:21,9.0,-0.02,30,27000,卖盘
986,10:01:11,9.02,0.02,21,18942,买盘
987,10:01:06,9.0,--,24,21600,卖盘
988,10:00:56,9.0,-0.02,18,16200,卖盘
989,10:00:36,9.02,0.02,1,902,买盘
990,10:00:30,9.0,-0.01,25,22500,卖盘
991,10:00:15,9.01,0.01,14,12614,买盘
992,10:00:11,9.0,--,31,27900,卖盘
993,10:00:06,9.0,--,0,0,卖盘
994,10:00:00,9.0,-0.01,25,22500,卖盘
995,09:59:45,9.01,--,12,10812,买盘
996,09:59:41,9.01,--,19,17119,买盘
997,09:59:26,9.01,-0.01,38,34238,卖盘
998,09:59:21,9.02,0.01,20,18040,买盘
999,09:59:15,9.01,--,25,22525,卖盘
1000,09:59:06,9.01,--,5,4505,卖盘
1001,09:58:56,9.01,-0.01,32,28832,卖盘
1002,09:58:50,9.02,0.01,10,9020,买盘
1003,09:57:50,9.01,-0.01,47,42347,卖盘
1004,09:57:40,9.02,0.01,12,10824,买盘
1005,09:57:25,9.01,-0.01,23,20723,卖盘
1006,09:57:20,9.02,0.01,83,74866,买盘
1007,09:57:05,9.01,-0.01,6,5406,卖盘
1008,09:56:50,9.02,0.01,10,9020,买盘
1009,09:56:35,9.01,-0.01,32,28832,卖盘
1010,09:56:25,9.02,--,40,36080,买盘
1011,09:55:50,9.02,0.01,10,9020,买盘
1012,09:55:40,9.01,-0.01,54,48654,卖盘
1013,09:55:35,9.02,--,1,902,买盘
1014,09:55:25,9.02,0.02,6,5412,买盘
1015,09:55:15,9.0,--,44,39600,卖盘
1016,09:55:10,9.0,-0.01,41,36900,卖盘
1017,09:55:05,9.01,-0.01,3,2703,卖盘
1018,09:54:50,9.02,0.02,2,1804,买盘
1019,09:54:30,9.0,--,0,0,卖盘
1020,09:54:24,9.0,--,44,39600,卖盘
1021,09:54:20,9.0,-0.02,50,45000,卖盘
1022,09:53:54,9.02,0.02,33,29766,买盘
1023,09:53:50,9.0,-0.02,23,20700,卖盘
1024,09:53:45,9.02,-0.01,5,4510,中性盘
1025,09:53:39,9.03,0.03,10,9030,买盘
1026,09:53:30,9.0,-0.03,68,61200,卖盘
1027,09:53:24,9.03,--,20,18060,买盘
1028,09:52:50,9.03,0.02,53,47859,买盘
1029,09:52:45,9.01,-0.01,32,28832,卖盘
1030,09:52:35,9.02,--,44,39688,卖盘
1031,09:52:24,9.02,-0.02,19,17138,卖盘
1032,09:52:05,9.04,0.02,30,27119,买盘
1033,09:51:54,9.02,0.01,23,20746,卖盘
1034,09:51:44,9.01,--,0,0,卖盘
1035,09:51:34,9.01,-0.02,37,33337,卖盘
1036,09:51:29,9.03,0.02,14,12642,卖盘
1037,09:51:19,9.01,--,0,0,卖盘
1038,09:51:04,9.01,-0.03,100,90100,卖盘
1039,09:50:49,9.04,0.02,3,2711,买盘
1040,09:50:39,9.02,0.02,7,6314,买盘
1041,09:50:19,9.0,-0.02,42,37800,卖盘
1042,09:50:14,9.02,0.02,1,902,买盘
1043,09:50:09,9.0,-0.02,30,27000,卖盘
1044,09:50:04,9.02,0.02,53,47806,买盘
1045,09:49:29,9.0,--,0,0,卖盘
1046,09:49:24,9.0,-0.02,8,7200,卖盘
1047,09:49:19,9.02,--,8,7216,买盘
1048,09:49:14,9.02,--,8,7216,买盘
1049,09:49:09,9.02,0.02,1,902,买盘
1050,09:49:04,9.0,--,0,0,卖盘
1051,09:48:59,9.0,-0.02,30,27000,卖盘
1052,09:48:49,9.02,0.02,10,9020,买盘
1053,09:48:34,9.0,-0.02,27,24300,卖盘
1054,09:48:29,9.02,--,1,902,买盘
1055,09:48:24,9.02,0.03,11,9922,买盘
1056,09:48:09,8.99,--,0,0,卖盘
1057,09:47:48,8.99,-0.03,32,28768,卖盘
1058,09:47:39,9.02,0.03,10,9020,买盘
1059,09:47:14,8.99,--,0,0,卖盘
1060,09:47:09,8.99,-0.03,11,9889,卖盘
1061,09:46:59,9.02,0.04,20,18040,买盘
1062,09:46:39,8.98,--,0,0,卖盘
1063,09:46:28,8.98,--,31,27838,卖盘
1064,09:46:24,8.98,--,43,38614,卖盘
1065,09:46:14,8.98,-0.02,23,20654,卖盘
1066,09:45:59,9.0,--,280,252000,卖盘
1067,09:45:43,9.0,--,91,81900,卖盘
1068,09:45:29,9.0,-0.01,103,92700,卖盘
1069,09:45:18,9.01,--,5,4505,买盘
1070,09:44:58,9.01,--,53,47753,卖盘
1071,09:44:53,9.01,--,13,11713,买盘
1072,09:44:23,9.01,0.01,10,9010,买盘
1073,09:44:18,9.0,--,2,1800,卖盘
1074,09:44:08,9.0,--,32,28800,卖盘
1075,09:43:58,9.0,0.01,14,12600,买盘
1076,09:43:43,8.99,0.01,12,10788,买盘
1077,09:43:38,8.98,-0.01,27,24246,卖盘
1078,09:43:23,8.99,--,2,1798,买盘
1079,09:43:18,8.99,--,10,8990,买盘
1080,09:43:13,8.99,--,2,1798,买盘
1081,09:43:08,8.99,0.01,25,22475,买盘
1082,09:43:03,8.98,--,27,24246,卖盘
1083,09:42:48,8.98,--,50,44900,卖盘
1084,09:42:43,8.98,--,31,27838,卖盘
1085,09:42:38,8.98,--,139,124822,买盘
1086,09:42:28,8.98,--,36,32328,买盘
1087,09:42:23,8.98,0.01,20,17960,买盘
1088,09:42:13,8.97,--,1,897,卖盘
1089,09:41:48,8.97,-0.01,33,29601,卖盘
1090,09:41:33,8.98,--,42,37716,卖盘
1091,09:41:23,8.98,--,10,8980,卖盘
1092,09:41:12,8.98,-0.01,34,30532,卖盘
1093,09:41:03,8.99,--,3,2697,买盘
1094,09:40:53,8.99,--,28,25172,卖盘
1095,09:40:38,8.99,--,2,1798,卖盘
1096,09:40:23,8.99,--,0,0,中性盘
1097,09:40:18,8.99,--,42,37758,买盘
1098,09:40:08,8.99,--,40,35960,卖盘
1099,09:39:57,8.99,--,5,4495,卖盘
1100,09:39:42,8.99,--,0,0,卖盘
1101,09:39:38,8.99,--,21,18879,买盘
1102,09:39:33,8.99,--,9,8091,卖盘
1103,09:39:23,8.99,-0.01,30,26970,卖盘
1104,09:39:18,9.0,0.01,14,12600,买盘
1105,09:39:03,8.99,-0.01,47,42253,卖盘
1106,09:38:53,9.0,--,52,46800,卖盘
1107,09:38:48,9.0,--,81,72900,卖盘
1108,09:38:27,9.0,-0.01,100,90000,卖盘
1109,09:38:22,9.01,--,10,9010,买盘
1110,09:38:18,9.01,--,21,18921,买盘
1111,09:38:07,9.01,0.01,2,1802,买盘
1112,09:38:02,9.0,--,24,21600,卖盘
1113,09:37:52,9.0,--,0,0,卖盘
1114,09:37:47,9.0,-0.01,30,27000,卖盘
1115,09:37:42,9.01,-0.01,21,18921,卖盘
1116,09:37:37,9.02,--,9,8118,买盘
1117,09:37:32,9.02,0.02,5,4510,买盘
1118,09:37:07,9.0,-0.02,30,27000,卖盘
1119,09:36:57,9.02,0.02,2,1804,卖盘
1120,09:36:52,9.0,--,30,27000,卖盘
1121,09:36:37,9.0,-0.02,30,27000,卖盘
1122,09:36:32,9.02,-0.02,4,3608,卖盘
1123,09:36:27,9.04,0.01,10,9040,买盘
1124,09:36:22,9.03,-0.01,10,9030,卖盘
1125,09:36:07,9.04,0.02,220,198879,买盘
1126,09:36:02,9.02,--,18,16236,买盘
1127,09:35:47,9.02,--,40,36080,买盘
1128,09:35:37,9.02,--,35,31624,卖盘
1129,09:35:22,9.02,-0.01,32,28864,卖盘
1130,09:35:17,9.03,0.01,37,33411,买盘
1131,09:35:02,9.02,--,3,3553,买盘
1132,09:34:57,9.02,--,6,5412,买盘
1133,09:34:52,9.02,0.01,63,56826,买盘
1134,09:34:47,9.01,-0.01,15,13515,卖盘
1135,09:34:42,9.02,--,2,1804,买盘
1136,09:34:36,9.02,--,81,73062,买盘
1137,09:34:32,9.02,--,69,62238,买盘
1138,09:34:27,9.02,--,155,139810,卖盘
1139,09:34:21,9.02,--,15,13530,卖盘
1140,09:34:17,9.02,-0.01,10,9020,卖盘
1141,09:34:12,9.03,0.01,51,46053,买盘
1142,09:34:02,9.02,--,23,20746,卖盘
1143,09:33:57,9.02,-0.01,14,12628,卖盘
1144,09:33:51,9.03,-0.01,12,10836,买盘
1145,09:33:47,9.04,0.02,10,9040,买盘
1146,09:33:42,9.02,-0.01,42,37884,卖盘
1147,09:33:31,9.03,0.01,10,9030,买盘
1148,09:33:27,9.02,--,22,19844,买盘
1149,09:33:17,9.02,0.02,5,4510,卖盘
1150,09:32:57,9.0,--,34,30600,卖盘
1151,09:32:47,9.0,-0.05,1,900,卖盘
1152,09:32:36,9.05,--,19,17195,卖盘
1153,09:32:32,9.05,0.05,106,95930,买盘
1154,09:32:27,9.0,--,16,14400,卖盘
1155,09:32:17,9.0,--,13,11700,买盘
1156,09:32:12,9.0,--,1,900,买盘
1157,09:32:02,9.0,--,9,8100,买盘
1158,09:31:57,9.0,--,2,1800,买盘
1159,09:31:47,9.0,--,10,9000,买盘
1160,09:31:42,9.0,--,105,94500,买盘
1161,09:31:32,9.0,--,10,9000,买盘
1162,09:31:16,9.0,0.01,34,30600,买盘
1163,09:31:12,8.99,0.03,9,8091,买盘
1164,09:31:06,8.96,--,0,0,卖盘
1165,09:31:01,8.96,--,13,11648,卖盘
1166,09:30:51,8.96,--,158,141675,买盘
1167,09:30:36,8.96,--,53,47488,买盘
1168,09:30:31,8.96,--,50,44800,买盘
1169,09:30:25,8.96,--,65,58240,买盘
1170,09:30:21,8.96,--,10,8960,买盘
1171,09:30:06,8.96,-0.04,608,545556,卖盘
1172,09:30:01,9.0,0.04,25,22500,买盘
1173,09:28:51,8.96,--,0,0,卖盘
1174,09:25:04,8.96,8.96,202,181099,买盘
