,time,price,change,volume,amount,type
0,15:00:03,10.28,0.01,16840,17311520,买盘
1,14:57:00,10.27,--,250,256750,卖盘
2,14:56:57,10.27,--,148,151996,卖盘
3,14:56:54,10.27,--,10,10270,卖盘
4,14:56:51,10.27,-0.01,44,45188,卖盘
5,14:56:48,10.28,--,60,61679,买盘
6,14:56:45,10.28,--,136,139808,买盘
7,14:56:42,10.28,--,84,86352,买盘
8,14:56:39,10.28,--,38,39064,买盘
9,14:56:36,10.28,--,26,26728,买盘
10,14:56:33,10.28,--,16,16448,买盘
11,14:56:30,10.28,--,20,20560,买盘
12,14:56:27,10.28,-0.02,47,48316,卖盘
13,14:56:21,10.3,0.02,71,73130,买盘
14,14:56:18,10.28,--,271,278588,买盘
15,14:56:15,10.28,-0.02,7666,7880956,卖盘
16,14:56:12,10.3,0.01,20,20600,买盘
17,14:56:09,10.29,-0.01,110,113189,卖盘
18,14:56:03,10.3,--,509,524270,买盘
19,14:56:00,10.3,0.01,3,3090,买盘
20,14:55:57,10.29,-0.01,30,30869,卖盘
21,14:55:54,10.3,0.01,63,64890,买盘
22,14:55:51,10.29,--,5,5145,卖盘
23,14:55:48,10.29,-0.01,15,15434,卖盘
24,14:55:45,10.3,--,2,2060,买盘
25,14:55:42,10.3,--,5,5150,买盘
26,14:55:39,10.3,--,21,21630,买盘
27,14:55:33,10.3,0.01,51,52530,买盘
28,14:55:27,10.29,-0.01,218,224321,卖盘
29,14:55:24,10.3,--,82,84460,买盘
30,14:55:21,10.3,0.01,1,1030,买盘
31,14:55:18,10.29,-0.01,45,46304,卖盘
32,14:55:15,10.3,--,10,10300,买盘
33,14:55:12,10.3,--,30,30900,买盘
34,14:55:09,10.3,0.01,345,355350,买盘
35,14:55:06,10.29,--,32,32928,卖盘
36,14:55:03,10.29,-0.01,149,153321,卖盘
37,14:55:00,10.3,0.01,5,5150,买盘
38,14:54:57,10.29,-0.01,117,120392,卖盘
39,14:54:54,10.3,--,4,4120,买盘
40,14:54:48,10.3,--,9,9270,买盘
41,14:54:45,10.3,0.01,20,20600,买盘
42,14:54:42,10.29,--,20,20580,卖盘
43,14:54:39,10.29,-0.01,1444,1485875,卖盘
44,14:54:36,10.3,0.01,21,21630,买盘
45,14:54:33,10.29,-0.01,41,42189,卖盘
46,14:54:30,10.3,--,19,19570,买盘
47,14:54:27,10.3,0.01,171,176130,买盘
48,14:54:21,10.29,--,51,52478,卖盘
49,14:54:15,10.29,--,82,84378,卖盘
50,14:54:12,10.29,--,1,1029,卖盘
51,14:54:06,10.29,--,15,15434,卖盘
52,14:54:03,10.29,-0.01,457,470252,卖盘
53,14:54:00,10.3,0.01,1,1030,买盘
54,14:53:54,10.29,-0.01,16,16464,卖盘
55,14:53:51,10.3,0.01,55,56650,买盘
56,14:53:45,10.29,-0.01,6,6173,卖盘
57,14:53:39,10.3,0.01,29,29870,买盘
58,14:53:36,10.29,-0.01,5,5145,卖盘
59,14:53:33,10.3,0.01,20,20600,买盘
60,14:53:30,10.29,-0.01,100,102899,卖盘
61,14:53:27,10.3,0.01,20,20600,买盘
62,14:53:24,10.29,--,10,10290,卖盘
63,14:53:12,10.29,-0.01,56,57623,卖盘
64,14:53:09,10.3,0.01,215,221450,买盘
65,14:53:06,10.29,--,6,6173,卖盘
66,14:52:57,10.29,--,126,129653,卖盘
67,14:52:54,10.29,-0.01,10,10290,卖盘
68,14:52:51,10.3,0.01,5,5150,买盘
69,14:52:45,10.29,--,88,90551,卖盘
70,14:52:42,10.29,--,36,37044,卖盘
71,14:52:36,10.29,-0.01,107,110102,卖盘
72,14:52:33,10.3,--,12,12360,买盘
73,14:52:27,10.3,0.01,6,6180,买盘
74,14:52:24,10.29,--,1,1029,卖盘
75,14:52:18,10.29,--,75,77175,卖盘
76,14:52:15,10.29,-0.01,110,113189,卖盘
77,14:52:12,10.3,0.01,22,22660,买盘
78,14:52:09,10.29,-0.01,8,8232,卖盘
79,14:52:06,10.3,0.01,12,12360,买盘
80,14:52:03,10.29,--,4,4116,卖盘
81,14:52:00,10.29,--,3,3086,卖盘
82,14:51:51,10.29,-0.01,92,94667,卖盘
83,14:51:48,10.3,--,40,41200,买盘
84,14:51:42,10.3,0.01,5,5150,买盘
85,14:51:39,10.29,--,3,3086,卖盘
86,14:51:36,10.29,--,79,81291,卖盘
87,14:51:33,10.29,-0.01,96,98783,卖盘
88,14:51:27,10.3,0.01,130,133900,买盘
89,14:51:21,10.29,--,50,51449,卖盘
90,14:51:18,10.29,-0.01,12,12347,卖盘
91,14:51:12,10.3,--,34,35020,买盘
92,14:51:09,10.3,0.01,1,1030,买盘
93,14:51:06,10.29,--,78,80262,卖盘
94,14:51:03,10.29,-0.01,7,7202,卖盘
95,14:51:00,10.3,0.01,7,7210,买盘
96,14:50:57,10.29,--,133,136857,卖盘
97,14:50:54,10.29,--,149,153321,卖盘
98,14:50:51,10.29,--,110,113189,卖盘
99,14:50:48,10.29,--,211,217118,卖盘
100,14:50:42,10.29,--,101,103928,卖盘
101,14:50:39,10.29,--,50,51449,卖盘
102,14:50:36,10.29,--,5,5145,卖盘
103,14:50:33,10.29,-0.01,1,1029,卖盘
104,14:50:30,10.3,--,16,16480,买盘
105,14:50:24,10.3,0.01,20,20600,买盘
106,14:50:21,10.29,--,10,10290,卖盘
107,14:50:15,10.29,-0.01,101,103928,卖盘
108,14:50:12,10.3,0.01,11,11330,买盘
109,14:50:06,10.29,--,66,67914,卖盘
110,14:50:03,10.29,-0.01,3,3086,卖盘
111,14:50:00,10.3,--,2,2060,买盘
112,14:49:57,10.3,--,60,61800,买盘
113,14:49:54,10.3,0.01,1,1030,买盘
114,14:49:51,10.29,-0.01,248,255191,卖盘
115,14:49:48,10.3,0.01,50,51500,买盘
116,14:49:42,10.29,--,56,57623,卖盘
117,14:49:39,10.29,--,4,4116,卖盘
118,14:49:36,10.29,--,26,26753,卖盘
119,14:49:33,10.29,--,53,54536,卖盘
120,14:49:24,10.29,--,45,46304,卖盘
121,14:49:21,10.29,--,115,118334,买盘
122,14:49:18,10.29,0.01,20,20580,买盘
123,14:49:15,10.28,-0.01,1,1028,卖盘
124,14:49:12,10.29,--,86,88493,卖盘
125,14:49:09,10.29,0.01,141,145089,买盘
126,14:49:06,10.28,--,40,41120,卖盘
127,14:49:03,10.28,--,63,64763,卖盘
128,14:49:00,10.28,-0.01,1,1028,卖盘
129,14:48:54,10.29,--,27,27782,买盘
130,14:48:51,10.29,-0.01,112,115247,卖盘
131,14:48:45,10.3,0.01,1,1030,买盘
132,14:48:42,10.29,0.01,28,28811,中性盘
133,14:48:39,10.28,-0.01,45,46260,卖盘
134,14:48:36,10.29,--,5,5145,卖盘
135,14:48:33,10.29,-0.01,24,24695,卖盘
136,14:48:30,10.3,0.02,125,128750,买盘
137,14:48:24,10.28,--,224,230272,卖盘
138,14:48:21,10.28,-0.01,148,152144,卖盘
139,14:48:18,10.29,--,962,989980,买盘
140,14:48:15,10.29,--,2,2058,买盘
141,14:48:12,10.29,--,82,84378,买盘
142,14:48:09,10.29,--,30,30869,买盘
143,14:48:06,10.29,0.01,57,58652,买盘
144,14:48:03,10.28,-0.01,53,54484,卖盘
145,14:48:00,10.29,--,23,23666,买盘
146,14:47:57,10.29,--,10,10290,买盘
147,14:47:51,10.29,--,40,41160,买盘
148,14:47:48,10.29,0.01,85,87465,买盘
149,14:47:45,10.28,--,10,10280,卖盘
150,14:47:42,10.28,--,191,196348,卖盘
151,14:47:36,10.28,--,5,5140,卖盘
152,14:47:33,10.28,-0.01,24,24672,卖盘
153,14:47:30,10.29,--,59,60710,买盘
154,14:47:27,10.29,--,178,183161,买盘
155,14:47:15,10.29,--,130,133770,买盘
156,14:47:12,10.29,--,2050,2110396,卖盘
157,14:47:09,10.29,--,434,446585,卖盘
158,14:47:06,10.29,--,38,39102,卖盘
159,14:47:03,10.29,--,176,181103,卖盘
160,14:47:00,10.29,--,54,55565,卖盘
161,14:46:57,10.29,--,146,150234,卖盘
162,14:46:54,10.29,-0.01,510,524790,卖盘
163,14:46:51,10.3,0.01,24,24720,买盘
164,14:46:48,10.29,--,256,263424,卖盘
165,14:46:45,10.29,--,42,43218,卖盘
166,14:46:39,10.29,--,7,7202,卖盘
167,14:46:36,10.29,--,77,79233,卖盘
168,14:46:33,10.29,--,2,2058,卖盘
169,14:46:27,10.29,--,9,9261,卖盘
170,14:46:21,10.29,--,60,61739,卖盘
171,14:46:18,10.29,--,10,10290,卖盘
172,14:46:15,10.29,--,668,687372,卖盘
173,14:46:12,10.29,--,147,151263,卖盘
174,14:46:09,10.29,--,131,134799,卖盘
175,14:46:06,10.29,--,31,31898,卖盘
176,14:46:03,10.29,--,108,111131,卖盘
177,14:46:00,10.29,--,18,18522,卖盘
178,14:45:57,10.29,--,129,132741,卖盘
179,14:45:54,10.29,--,53,54536,卖盘
180,14:45:51,10.29,-0.01,53,54536,卖盘
181,14:45:48,10.3,--,222,228660,买盘
182,14:45:45,10.3,0.01,28,28840,买盘
183,14:45:42,10.29,--,50,51449,卖盘
184,14:45:39,10.29,-0.01,28,28811,卖盘
185,14:45:36,10.3,0.01,25,25750,买盘
186,14:45:33,10.29,--,1,1029,卖盘
187,14:45:27,10.29,--,20,20662,卖盘
188,14:45:21,10.29,--,80,82320,卖盘
189,14:45:15,10.29,--,6,6173,卖盘
190,14:45:12,10.29,--,3,3086,卖盘
191,14:45:06,10.29,-0.01,59,60710,卖盘
192,14:45:03,10.3,0.01,60,61800,买盘
193,14:45:00,10.29,--,152,156408,卖盘
194,14:44:57,10.29,-0.01,10,10290,卖盘
195,14:44:51,10.3,0.01,8,8240,买盘
196,14:44:48,10.29,--,11,11318,卖盘
197,14:44:36,10.29,--,7,7202,卖盘
198,14:44:33,10.29,-0.01,31,31898,卖盘
199,14:44:27,10.3,0.01,37,38110,买盘
200,14:44:24,10.29,--,45,46304,卖盘
201,14:44:21,10.29,-0.01,21,21609,卖盘
202,14:44:15,10.3,--,50,51500,买盘
203,14:44:12,10.3,0.01,670,690100,买盘
204,14:44:06,10.29,0.01,68,69972,买盘
205,14:44:03,10.28,-0.01,54,55512,卖盘
206,14:44:00,10.29,--,276,284004,买盘
207,14:43:57,10.29,0.01,30,30869,卖盘
208,14:43:54,10.28,--,53,54484,卖盘
209,14:43:51,10.28,-0.02,124,127471,卖盘
210,14:43:48,10.3,--,85,87550,买盘
211,14:43:45,10.3,0.01,590,607700,买盘
212,14:43:39,10.29,-0.01,111,114218,卖盘
213,14:43:36,10.3,0.01,144,148320,买盘
214,14:43:33,10.29,--,1,1029,卖盘
215,14:43:24,10.29,--,109,112160,卖盘
216,14:43:21,10.29,--,20,20580,卖盘
217,14:43:18,10.29,--,115,118334,卖盘
218,14:43:15,10.29,--,86,88493,卖盘
219,14:43:09,10.29,--,123,126566,买盘
220,14:43:06,10.29,--,52,53507,卖盘
221,14:43:03,10.29,0.01,316,326007,买盘
222,14:43:00,10.28,-0.01,2,2056,卖盘
223,14:42:57,10.29,--,3,3086,买盘
224,14:42:54,10.29,--,2,2058,买盘
225,14:42:51,10.29,--,97,99812,买盘
226,14:42:48,10.29,--,1645,1692890,卖盘
227,14:42:45,10.29,--,250,257249,卖盘
228,14:42:36,10.29,-0.01,5,5145,卖盘
229,14:42:33,10.3,0.01,20,20600,买盘
230,14:42:30,10.29,--,114,117305,卖盘
231,14:42:24,10.29,--,30,30869,卖盘
232,14:42:15,10.29,--,4,4116,卖盘
233,14:42:09,10.29,-0.01,229,235640,卖盘
234,14:42:06,10.3,0.01,269,277070,买盘
235,14:42:03,10.29,--,247,254162,卖盘
236,14:42:00,10.29,--,3,3086,卖盘
237,14:41:57,10.29,-0.01,1,1029,卖盘
238,14:41:48,10.3,--,100,103000,买盘
239,14:41:42,10.3,--,191,196730,买盘
240,14:41:39,10.3,--,5,5150,买盘
241,14:41:36,10.3,0.01,673,693190,买盘
242,14:41:33,10.29,--,125,128624,卖盘
243,14:41:30,10.29,--,57,58652,卖盘
244,14:41:27,10.29,--,22,22637,卖盘
245,14:41:24,10.29,--,10,10290,卖盘
246,14:41:15,10.29,--,135,138915,卖盘
247,14:41:12,10.29,-0.01,207,213002,卖盘
248,14:41:09,10.3,--,1,1030,买盘
249,14:41:06,10.3,0.01,291,299730,买盘
250,14:41:03,10.29,-0.01,119,122450,卖盘
251,14:41:00,10.3,--,22,22660,买盘
252,14:40:57,10.3,--,4,4120,买盘
253,14:40:54,10.3,--,96,98880,买盘
254,14:40:48,10.3,--,664,683920,买盘
255,14:40:39,10.3,0.01,2,2060,买盘
256,14:40:36,10.29,-0.01,8,8232,卖盘
257,14:40:33,10.3,--,4,4120,买盘
258,14:40:30,10.3,--,21,21630,买盘
259,14:40:27,10.3,--,10,10300,买盘
260,14:40:24,10.3,0.01,2,2060,买盘
261,14:40:21,10.29,-0.01,30,30869,卖盘
262,14:40:18,10.3,0.01,123,126690,买盘
263,14:40:15,10.29,--,11,11318,卖盘
264,14:40:09,10.29,--,72,74088,卖盘
265,14:40:06,10.29,--,16,16464,卖盘
266,14:40:03,10.29,--,2,2058,卖盘
267,14:40:00,10.29,--,494,509169,买盘
268,14:39:54,10.29,--,7,7202,买盘
269,14:39:51,10.29,--,13,13376,买盘
270,14:39:48,10.29,--,5,5145,买盘
271,14:39:45,10.29,--,714,734705,买盘
272,14:39:42,10.29,--,19,19551,买盘
273,14:39:39,10.29,--,49,50420,买盘
274,14:39:36,10.29,0.01,12,12347,买盘
275,14:39:33,10.28,-0.01,71,72988,卖盘
276,14:39:30,10.29,--,10,10290,买盘
277,14:39:27,10.29,--,20,20580,买盘
278,14:39:24,10.29,--,73,75117,买盘
279,14:39:21,10.29,--,122,125537,买盘
280,14:39:18,10.29,0.01,700,720299,买盘
281,14:39:15,10.28,--,100,102800,卖盘
282,14:39:12,10.28,-0.01,626,644350,卖盘
283,14:39:09,10.29,--,117,120392,买盘
284,14:39:06,10.29,0.01,11,11318,买盘
285,14:39:03,10.28,-0.01,54,55512,卖盘
286,14:39:00,10.29,0.01,53,54536,买盘
287,14:38:57,10.28,--,43,44204,卖盘
288,14:38:54,10.28,--,16,16448,卖盘
289,14:38:51,10.28,--,100,102800,卖盘
290,14:38:48,10.28,--,53,54484,卖盘
291,14:38:45,10.28,-0.01,17,17476,卖盘
292,14:38:42,10.29,--,302,310758,买盘
293,14:38:39,10.29,--,18,18522,买盘
294,14:38:36,10.29,--,3475,3575774,卖盘
295,14:38:33,10.29,--,77,79233,卖盘
296,14:38:30,10.29,-0.01,500,514499,卖盘
297,14:38:27,10.3,0.01,5,5150,买盘
298,14:38:18,10.29,-0.01,70,72030,卖盘
299,14:38:15,10.3,--,482,496460,买盘
300,14:38:09,10.3,--,1,1030,买盘
301,14:38:03,10.3,--,56,57680,买盘
302,14:38:00,10.3,--,38,39140,买盘
303,14:37:57,10.3,--,1035,1066050,卖盘
304,14:37:54,10.3,--,45,46350,卖盘
305,14:37:51,10.3,--,11,11330,卖盘
306,14:37:48,10.3,--,1000,1030000,卖盘
307,14:37:45,10.3,--,50,51500,卖盘
308,14:37:42,10.3,--,35,36050,卖盘
309,14:37:39,10.3,--,180,185400,卖盘
310,14:37:33,10.3,--,51,52530,卖盘
311,14:37:30,10.3,--,168,173040,卖盘
312,14:37:27,10.3,--,18,18540,卖盘
313,14:37:24,10.3,-0.01,2,2060,卖盘
314,14:37:21,10.31,--,664,684584,买盘
315,14:37:15,10.31,0.01,91,93821,买盘
316,14:37:12,10.3,-0.01,169,174420,卖盘
317,14:37:09,10.31,--,21,21651,卖盘
318,14:37:06,10.31,--,196,202756,买盘
319,14:37:03,10.31,--,52,53612,买盘
320,14:37:00,10.31,0.01,6,6186,买盘
321,14:36:57,10.3,--,10,10300,卖盘
322,14:36:54,10.3,-0.01,161,165830,卖盘
323,14:36:48,10.31,--,7,7217,买盘
324,14:36:45,10.31,--,11,11341,买盘
325,14:36:39,10.31,0.01,10,10310,买盘
326,14:36:36,10.3,--,15,15450,卖盘
327,14:36:33,10.3,-0.01,336,346080,卖盘
328,14:36:30,10.31,0.01,1302,1342362,买盘
329,14:36:27,10.3,-0.01,808,832240,卖盘
330,14:36:24,10.31,0.01,2,2062,买盘
331,14:36:21,10.3,--,328,337840,卖盘
332,14:36:12,10.3,--,56,57680,卖盘
333,14:36:09,10.3,--,27,27810,卖盘
334,14:36:06,10.3,--,169,174070,卖盘
335,14:36:03,10.3,--,53,54590,卖盘
336,14:36:00,10.3,--,87,89610,卖盘
337,14:35:57,10.3,-0.01,269,277070,卖盘
338,14:35:54,10.31,0.01,55,56705,买盘
339,14:35:51,10.3,--,33,33990,卖盘
340,14:35:48,10.3,--,69,71070,卖盘
341,14:35:45,10.3,--,96,98880,卖盘
342,14:35:42,10.3,-0.01,57,58710,卖盘
343,14:35:39,10.31,--,285,293835,买盘
344,14:35:36,10.31,0.01,50,51550,买盘
345,14:35:33,10.3,--,65,66950,卖盘
346,14:35:27,10.3,-0.01,11,11330,卖盘
347,14:35:24,10.31,--,20,20620,买盘
348,14:35:21,10.31,0.01,20,20620,买盘
349,14:35:18,10.3,-0.01,3,3090,卖盘
350,14:35:12,10.31,0.01,10,10310,买盘
351,14:35:06,10.3,--,97,99910,卖盘
352,14:35:03,10.3,--,198,203940,卖盘
353,14:35:00,10.3,--,161,165830,卖盘
354,14:34:54,10.3,--,18,18540,卖盘
355,14:34:42,10.3,-0.01,1,1030,卖盘
356,14:34:36,10.31,0.01,5,5155,买盘
357,14:34:33,10.3,-0.01,53,54590,卖盘
358,14:34:27,10.31,--,4,4124,买盘
359,14:34:24,10.31,0.01,27,27837,买盘
360,14:34:18,10.3,-0.01,16,16480,卖盘
361,14:34:15,10.31,--,11,11341,买盘
362,14:34:12,10.31,--,28,28868,买盘
363,14:34:09,10.31,0.01,1,1031,买盘
364,14:34:06,10.3,-0.01,55,56650,卖盘
365,14:34:03,10.31,--,76,78356,买盘
366,14:34:00,10.31,0.01,23,23713,买盘
367,14:33:57,10.3,-0.01,75,77250,卖盘
368,14:33:51,10.31,0.01,5,5155,买盘
369,14:33:48,10.3,-0.01,20,20600,卖盘
370,14:33:42,10.31,--,1,1031,买盘
371,14:33:36,10.31,0.01,5,5155,买盘
372,14:33:33,10.3,-0.01,60,61800,卖盘
373,14:33:30,10.31,--,10,10310,买盘
374,14:33:27,10.31,--,5,5155,买盘
375,14:33:24,10.31,--,6,6186,买盘
376,14:33:21,10.31,0.01,20,20620,买盘
377,14:33:18,10.3,-0.01,7,7210,卖盘
378,14:33:15,10.31,--,200,206200,买盘
379,14:33:12,10.31,--,23,23713,买盘
380,14:33:06,10.31,-0.01,2828,2916018,卖盘
381,14:33:03,10.32,--,112,115584,买盘
382,14:33:00,10.32,--,10,10320,买盘
383,14:32:57,10.32,--,163,168216,买盘
384,14:32:48,10.32,0.01,48,49536,买盘
385,14:32:45,10.31,-0.01,6,6186,卖盘
386,14:32:39,10.32,0.01,5,5160,买盘
387,14:32:33,10.31,-0.01,52,53612,卖盘
388,14:32:27,10.32,--,3,3096,买盘
389,14:32:21,10.32,--,104,107534,卖盘
390,14:32:18,10.32,-0.01,1000,1032000,卖盘
391,14:32:12,10.33,--,115,118795,买盘
392,14:32:09,10.33,0.01,19,20453,买盘
393,14:32:06,10.32,--,61,62952,卖盘
394,14:32:03,10.32,--,6,6192,卖盘
395,14:32:00,10.32,-0.01,3,3096,卖盘
396,14:31:42,10.33,0.01,9,9297,买盘
397,14:31:39,10.32,--,3,3096,卖盘
398,14:31:33,10.32,-0.01,51,52632,卖盘
399,14:31:30,10.33,--,679,701407,卖盘
400,14:31:24,10.33,--,16,16528,卖盘
401,14:31:12,10.33,--,530,547490,卖盘
402,14:31:06,10.33,--,20,20660,卖盘
403,14:31:03,10.33,--,2,2066,卖盘
404,14:31:00,10.33,-0.01,5,5165,卖盘
405,14:30:57,10.34,--,687,710358,买盘
406,14:30:54,10.34,0.01,1,1034,买盘
407,14:30:51,10.33,--,5,5165,卖盘
408,14:30:48,10.33,--,123,127059,卖盘
409,14:30:33,10.33,--,121,124993,卖盘
410,14:30:30,10.33,--,100,103300,卖盘
411,14:30:27,10.33,-0.01,4,4132,卖盘
412,14:30:24,10.34,--,7,7238,买盘
413,14:30:21,10.34,--,16,16544,买盘
414,14:30:09,10.34,0.01,3,3102,买盘
415,14:30:03,10.33,--,263,271679,卖盘
416,14:30:00,10.33,-0.01,3,3099,卖盘
417,14:29:57,10.34,0.01,119,123046,买盘
418,14:29:54,10.33,-0.01,130,134290,卖盘
419,14:29:51,10.34,--,100,103400,买盘
420,14:29:48,10.34,--,1,1034,买盘
421,14:29:45,10.34,0.01,664,686576,买盘
422,14:29:42,10.33,-0.01,100,103300,卖盘
423,14:29:36,10.34,0.01,29,29986,买盘
424,14:29:33,10.33,--,182,188006,卖盘
425,14:29:21,10.33,-0.01,100,103300,卖盘
426,14:29:15,10.34,0.01,5,5170,买盘
427,14:29:03,10.33,--,21,21693,卖盘
428,14:29:00,10.33,--,4,4132,卖盘
429,14:28:57,10.33,--,10,10330,卖盘
430,14:28:54,10.33,0.01,116,119828,买盘
431,14:28:42,10.32,--,15,15480,卖盘
432,14:28:33,10.32,-0.01,74,76368,卖盘
433,14:28:24,10.33,0.01,5,5165,买盘
434,14:28:18,10.32,-0.01,17,17544,卖盘
435,14:28:15,10.33,--,20,20660,买盘
436,14:28:12,10.33,0.01,11,11363,买盘
437,14:28:03,10.32,--,1,1032,卖盘
438,14:28:00,10.32,-0.01,3,3096,卖盘
439,14:27:57,10.33,--,200,206600,买盘
440,14:27:45,10.33,0.01,1,1033,买盘
441,14:27:33,10.32,-0.01,2,2064,卖盘
442,14:27:27,10.33,0.01,5,5165,买盘
443,14:27:18,10.32,-0.01,43,44376,卖盘
444,14:27:15,10.33,0.01,85,87805,买盘
445,14:27:12,10.32,--,6,6192,卖盘
446,14:27:09,10.32,--,42,43344,卖盘
447,14:27:06,10.32,--,1000,1032000,卖盘
448,14:27:03,10.32,--,44,45408,卖盘
449,14:27:00,10.32,-0.01,52,53664,卖盘
450,14:26:57,10.33,--,11,11363,买盘
451,14:26:54,10.33,--,6,6198,买盘
452,14:26:48,10.33,0.01,10,10330,买盘
453,14:26:45,10.32,-0.01,729,752328,卖盘
454,14:26:42,10.33,--,63,65079,卖盘
455,14:26:36,10.33,--,31,32023,卖盘
456,14:26:33,10.33,-0.01,7,7231,卖盘
457,14:26:27,10.34,0.01,76,78584,买盘
458,14:26:24,10.33,--,10,10330,卖盘
459,14:26:18,10.33,-0.01,11,11363,卖盘
460,14:26:09,10.34,0.01,63,65142,买盘
461,14:26:06,10.33,--,8,8264,卖盘
462,14:26:03,10.33,--,9,9297,卖盘
463,14:26:00,10.33,-0.01,9,9297,卖盘
464,14:25:57,10.34,0.01,14,14476,买盘
465,14:25:54,10.33,-0.01,19,19627,卖盘
466,14:25:51,10.34,--,53,54802,买盘
467,14:25:48,10.34,--,66,68244,买盘
468,14:25:42,10.34,--,10,10340,买盘
469,14:25:36,10.34,0.01,2,2068,买盘
470,14:25:33,10.33,--,32,33056,卖盘
471,14:25:30,10.33,--,178,183874,卖盘
472,14:25:27,10.33,--,100,103300,卖盘
473,14:25:24,10.33,--,49,50617,卖盘
474,14:25:18,10.33,--,179,184907,卖盘
475,14:25:15,10.33,--,17,17561,卖盘
476,14:25:06,10.33,--,117,120861,卖盘
477,14:25:03,10.33,--,2,2066,卖盘
478,14:25:00,10.33,--,3,3099,卖盘
479,14:24:54,10.33,--,53,54749,卖盘
480,14:24:48,10.33,--,19,19627,卖盘
481,14:24:45,10.33,-0.01,10,10330,卖盘
482,14:24:42,10.34,0.01,20,20680,买盘
483,14:24:39,10.33,-0.01,10,10330,卖盘
484,14:24:36,10.34,0.01,4,4136,买盘
485,14:24:33,10.33,-0.01,77,79541,卖盘
486,14:24:30,10.34,--,10,10340,买盘
487,14:24:21,10.34,0.01,5,5170,买盘
488,14:24:15,10.33,-0.01,11,11363,卖盘
489,14:24:12,10.34,0.01,11,11374,买盘
490,14:24:09,10.33,--,1,1033,卖盘
491,14:24:03,10.33,--,2,2066,卖盘
492,14:24:00,10.33,--,2,2066,卖盘
493,14:23:57,10.33,--,2,2066,卖盘
494,14:23:51,10.33,-0.01,61,63013,卖盘
495,14:23:42,10.34,0.01,15,15510,买盘
496,14:23:39,10.33,--,1025,1058825,卖盘
497,14:23:33,10.33,--,22,22726,卖盘
498,14:23:24,10.33,--,10,10330,卖盘
499,14:23:21,10.33,-0.01,385,397705,卖盘
500,14:23:18,10.34,0.01,190,196460,买盘
501,14:23:15,10.33,--,5,5165,卖盘
502,14:23:06,10.33,--,24,24792,卖盘
503,14:23:03,10.33,--,88,90904,卖盘
504,14:23:00,10.33,-0.01,78,80574,卖盘
505,14:22:57,10.34,0.01,5,5170,买盘
506,14:22:54,10.33,--,54,55782,卖盘
507,14:22:51,10.33,--,66,68178,卖盘
508,14:22:48,10.33,-0.01,90,92970,卖盘
509,14:22:45,10.34,0.01,63,65142,买盘
510,14:22:39,10.33,--,84,86772,卖盘
511,14:22:33,10.33,-0.01,86,88838,卖盘
512,14:22:27,10.34,--,4,4136,买盘
513,14:22:24,10.34,0.01,54,55836,买盘
514,14:22:21,10.33,-0.01,73,75409,卖盘
515,14:22:09,10.34,0.01,148,153032,买盘
516,14:22:03,10.33,--,86,88838,卖盘
517,14:22:00,10.33,-0.01,2,2066,卖盘
518,14:21:57,10.34,--,74,76516,买盘
519,14:21:54,10.34,--,30,31020,买盘
520,14:21:51,10.34,--,3,3102,买盘
521,14:21:48,10.34,--,25,25850,买盘
522,14:21:36,10.34,0.01,10,10340,买盘
523,14:21:33,10.33,-0.01,63,65079,卖盘
524,14:21:30,10.34,0.01,2,2068,买盘
525,14:21:27,10.33,-0.01,51,52683,卖盘
526,14:21:21,10.34,0.01,1,1034,买盘
527,14:21:18,10.33,--,11,11363,卖盘
528,14:21:09,10.33,--,3,3099,卖盘
529,14:21:03,10.33,-0.01,7,7231,卖盘
530,14:21:00,10.34,--,6,6204,买盘
531,14:20:57,10.34,0.01,45,46530,买盘
532,14:20:42,10.33,-0.01,6,6198,卖盘
533,14:20:39,10.34,0.01,2,2068,买盘
534,14:20:36,10.33,--,99,102267,卖盘
535,14:20:33,10.33,-0.01,129,133257,卖盘
536,14:20:24,10.34,0.01,5,5170,买盘
537,14:20:15,10.33,--,5,5165,卖盘
538,14:20:12,10.33,-0.01,8,8264,卖盘
539,14:20:09,10.34,0.01,1,1034,买盘
540,14:20:06,10.33,--,234,241722,卖盘
541,14:20:03,10.33,--,51,52683,卖盘
542,14:20:00,10.33,--,73,75409,卖盘
543,14:19:57,10.33,--,13,13429,卖盘
544,14:19:54,10.33,--,29,29957,卖盘
545,14:19:51,10.33,-0.01,40,41320,卖盘
546,14:19:48,10.34,0.01,117,120978,买盘
547,14:19:42,10.33,-0.01,99,102267,卖盘
548,14:19:39,10.34,--,5,5170,买盘
549,14:19:36,10.34,0.01,50,51700,买盘
550,14:19:33,10.33,--,51,52683,卖盘
551,14:19:27,10.33,-0.01,263,271679,卖盘
552,14:19:24,10.34,0.01,10,10340,买盘
553,14:19:21,10.33,--,3,3099,卖盘
554,14:19:18,10.33,-0.01,21,21693,卖盘
555,14:19:15,10.34,--,71,73414,买盘
556,14:19:12,10.34,--,110,113740,买盘
557,14:19:09,10.34,0.01,4,4136,买盘
558,14:19:03,10.33,-0.01,3,3099,卖盘
559,14:19:00,10.34,--,26,26884,买盘
560,14:18:51,10.34,--,1033,1068122,卖盘
561,14:18:48,10.34,--,2,2068,卖盘
562,14:18:45,10.34,--,115,118910,卖盘
563,14:18:42,10.34,--,10,10340,卖盘
564,14:18:36,10.34,--,2,2068,卖盘
565,14:18:33,10.34,-0.01,133,137522,卖盘
566,14:18:30,10.35,0.01,100,103500,买盘
567,14:18:27,10.34,--,61,63074,卖盘
568,14:18:24,10.34,-0.01,155,160270,卖盘
569,14:18:21,10.35,0.01,1,1035,买盘
570,14:18:15,10.34,--,16,16544,卖盘
571,14:18:12,10.34,-0.01,62,64108,卖盘
572,14:18:03,10.35,0.01,110,113850,买盘
573,14:18:00,10.34,-0.01,22,22748,卖盘
574,14:17:57,10.35,0.01,1,1035,买盘
575,14:17:54,10.34,-0.01,16,16544,卖盘
576,14:17:51,10.35,--,120,124200,买盘
577,14:17:48,10.35,--,22,22770,买盘
578,14:17:45,10.35,--,91,94185,买盘
579,14:17:39,10.35,0.01,112,115920,买盘
580,14:17:36,10.34,-0.01,228,235752,卖盘
581,14:17:33,10.35,0.01,152,157320,买盘
582,14:17:30,10.34,--,17,17578,卖盘
583,14:17:27,10.34,--,80,82720,卖盘
584,14:17:21,10.34,-0.01,51,52734,卖盘
585,14:17:18,10.35,--,5,5175,买盘
586,14:17:15,10.35,0.01,15,15525,买盘
587,14:17:09,10.34,-0.01,30,31020,卖盘
588,14:17:06,10.35,0.01,6,6210,买盘
589,14:17:03,10.34,-0.01,75,77550,卖盘
590,14:17:00,10.35,0.01,108,111780,买盘
591,14:16:57,10.34,-0.01,21,21714,卖盘
592,14:16:54,10.35,0.01,10,10350,买盘
593,14:16:51,10.34,-0.01,1,1034,卖盘
594,14:16:45,10.35,--,57,58995,买盘
595,14:16:42,10.35,0.01,20,20700,买盘
596,14:16:39,10.34,--,5,5170,卖盘
597,14:16:36,10.34,-0.01,971,1004014,卖盘
598,14:16:33,10.35,0.01,713,737955,买盘
599,14:16:30,10.34,--,444,459096,卖盘
600,14:16:27,10.34,0.01,1695,1752630,买盘
601,14:16:21,10.33,-0.01,17,17561,卖盘
602,14:16:09,10.34,--,1,1034,买盘
603,14:16:06,10.34,0.01,50,51700,买盘
604,14:16:03,10.33,--,73,75409,卖盘
605,14:16:00,10.33,-0.01,14,14462,卖盘
606,14:15:57,10.34,--,220,227480,买盘
607,14:15:45,10.34,0.01,13,13442,买盘
608,14:15:42,10.33,--,77,80026,买盘
609,14:15:39,10.33,--,54,55782,买盘
610,14:15:36,10.33,0.01,84,86772,买盘
611,14:15:33,10.32,-0.01,77,79464,卖盘
612,14:15:30,10.33,--,2,2066,买盘
613,14:15:27,10.33,--,526,543358,买盘
614,14:15:24,10.33,--,33,34089,买盘
615,14:15:21,10.33,--,150,154950,买盘
616,14:15:18,10.33,--,144,148752,买盘
617,14:15:15,10.33,--,2,2066,买盘
618,14:15:12,10.33,--,16,16528,买盘
619,14:15:09,10.33,0.01,16,16528,买盘
620,14:15:03,10.32,-0.01,444,458208,卖盘
621,14:15:00,10.33,--,25,25825,买盘
622,14:14:54,10.33,--,2,2066,买盘
623,14:14:48,10.33,0.01,14,14462,买盘
624,14:14:42,10.32,--,16,16512,卖盘
625,14:14:36,10.32,--,30,30960,卖盘
626,14:14:33,10.32,--,49,50568,卖盘
627,14:14:30,10.32,-0.01,80,82560,卖盘
628,14:14:27,10.33,--,15,15495,买盘
629,14:14:18,10.33,0.01,6,6198,买盘
630,14:14:15,10.32,--,143,147576,卖盘
631,14:14:12,10.32,-0.01,18,18576,卖盘
632,14:14:06,10.33,--,30,30990,买盘
633,14:14:03,10.33,--,166,171478,买盘
634,14:14:00,10.33,--,11,11363,买盘
635,14:13:57,10.33,0.01,59,60947,买盘
636,14:13:54,10.32,--,32,33024,卖盘
637,14:13:51,10.32,--,5,5160,卖盘
638,14:13:45,10.32,-0.01,19,19608,卖盘
639,14:13:42,10.33,0.01,5,5165,买盘
640,14:13:39,10.32,-0.01,20,20640,卖盘
641,14:13:36,10.33,0.01,2,2066,买盘
642,14:13:33,10.32,-0.01,1,1032,卖盘
643,14:13:30,10.33,--,170,175610,买盘
644,14:13:27,10.33,--,10,10330,买盘
645,14:13:12,10.33,--,180,185940,买盘
646,14:13:09,10.33,0.01,1,1033,买盘
647,14:13:03,10.32,--,2,2064,卖盘
648,14:13:00,10.32,--,203,209496,卖盘
649,14:12:54,10.32,-0.01,16,16512,卖盘
650,14:12:48,10.33,0.01,200,206600,买盘
651,14:12:42,10.32,--,17,17544,卖盘
652,14:12:33,10.32,-0.01,1,1032,卖盘
653,14:12:27,10.33,0.01,50,51650,买盘
654,14:12:24,10.32,--,9,9288,卖盘
655,14:12:21,10.32,--,18,18576,卖盘
656,14:12:18,10.32,--,5,5160,卖盘
657,14:12:06,10.32,--,52,53664,卖盘
658,14:12:03,10.32,--,2,2064,卖盘
659,14:12:00,10.32,--,9,9288,卖盘
660,14:11:57,10.32,--,45,46440,卖盘
661,14:11:48,10.32,--,12,12384,卖盘
662,14:11:45,10.32,-0.01,29,29928,卖盘
663,14:11:42,10.33,--,664,685912,买盘
664,14:11:39,10.33,0.01,2000,2066000,买盘
665,14:11:36,10.32,--,11,11352,卖盘
666,14:11:33,10.32,--,1,1032,卖盘
667,14:11:30,10.32,--,50,51600,卖盘
668,14:11:24,10.32,--,2,2064,卖盘
669,14:11:21,10.32,--,20,20640,卖盘
670,14:11:18,10.32,--,12,12384,卖盘
671,14:11:12,10.32,--,13,13416,卖盘
672,14:11:03,10.32,--,2,2064,卖盘
673,14:11:00,10.32,--,3,3096,卖盘
674,14:10:57,10.32,--,243,250776,卖盘
675,14:10:54,10.32,-0.01,40,41280,卖盘
676,14:10:48,10.33,0.01,21,21693,买盘
677,14:10:45,10.32,--,21,21672,卖盘
678,14:10:42,10.32,--,11,11352,卖盘
679,14:10:36,10.32,--,26,26832,卖盘
680,14:10:33,10.32,-0.01,2,2064,卖盘
681,14:10:27,10.33,0.01,5,5165,买盘
682,14:10:21,10.32,--,2,2064,卖盘
683,14:10:18,10.32,--,357,368424,卖盘
684,14:10:12,10.32,--,11,11352,卖盘
685,14:10:03,10.32,-0.01,3,3096,卖盘
686,14:10:00,10.33,0.01,47,48551,买盘
687,14:09:48,10.32,--,3,3096,卖盘
688,14:09:45,10.32,--,22,22704,卖盘
689,14:09:42,10.32,--,13,13416,卖盘
690,14:09:39,10.32,--,1,1032,卖盘
691,14:09:33,10.32,--,2,2064,卖盘
692,14:09:27,10.32,--,100,103200,卖盘
693,14:09:24,10.32,--,2,2064,卖盘
694,14:09:18,10.32,--,72,74304,卖盘
695,14:09:12,10.32,--,33,34056,卖盘
696,14:09:06,10.32,--,5,5160,卖盘
697,14:09:03,10.32,--,1,1032,卖盘
698,14:09:00,10.32,--,182,187824,卖盘
699,14:08:39,10.32,--,199,205368,卖盘
700,14:08:33,10.32,--,2,2064,卖盘
701,14:08:30,10.32,--,10,10320,卖盘
702,14:08:24,10.32,--,2,2064,卖盘
703,14:08:21,10.32,-0.01,2,2064,卖盘
704,14:08:18,10.33,--,1,1033,买盘
705,14:08:09,10.33,--,1,1033,买盘
706,14:08:06,10.33,0.01,1,1033,买盘
707,14:08:03,10.32,-0.01,3,3096,卖盘
708,14:08:00,10.33,0.01,4,4132,买盘
709,14:07:57,10.32,-0.01,78,80496,卖盘
710,14:07:51,10.33,--,1,1033,买盘
711,14:07:48,10.33,0.01,19,19627,买盘
712,14:07:45,10.32,--,19,19608,卖盘
713,14:07:33,10.32,--,4,4128,卖盘
714,14:07:27,10.32,--,50,51600,卖盘
715,14:07:24,10.32,-0.01,10,10320,卖盘
716,14:07:12,10.33,--,26,26858,买盘
717,14:07:09,10.33,0.02,1,1033,买盘
718,14:07:03,10.31,-0.02,2,2062,卖盘
719,14:07:00,10.33,--,6,6198,买盘
720,14:06:54,10.33,--,4,4132,买盘
721,14:06:42,10.33,0.01,21,21693,买盘
722,14:06:36,10.32,--,3,3096,卖盘
723,14:06:33,10.32,--,1,1032,卖盘
724,14:06:30,10.32,-0.01,6,6192,中性盘
725,14:06:24,10.33,0.02,704,727232,买盘
726,14:06:21,10.31,--,19,20413,卖盘
727,14:06:12,10.31,-0.01,30,30930,卖盘
728,14:06:09,10.32,0.01,210,216720,买盘
729,14:06:06,10.31,--,4,4124,卖盘
730,14:06:03,10.31,--,6,6186,卖盘
731,14:06:00,10.31,--,3,3093,卖盘
732,14:05:51,10.31,-0.01,7,7217,卖盘
733,14:05:48,10.32,0.01,14,14448,买盘
734,14:05:45,10.31,--,78,80418,卖盘
735,14:05:42,10.31,--,515,530965,卖盘
736,14:05:33,10.31,-0.01,1,1031,卖盘
737,14:05:27,10.32,0.01,6,6192,买盘
738,14:05:12,10.31,-0.01,11,11341,卖盘
739,14:05:06,10.32,0.01,7,7224,买盘
740,14:05:03,10.31,-0.01,6,6186,卖盘
741,14:05:00,10.32,--,39,40248,买盘
742,14:04:48,10.32,--,4,4128,买盘
743,14:04:45,10.32,--,7,7224,买盘
744,14:04:42,10.32,0.01,10,10320,买盘
745,14:04:33,10.31,-0.01,38,39178,卖盘
746,14:04:30,10.32,0.01,7,7224,买盘
747,14:04:24,10.31,-0.01,7,7217,卖盘
748,14:04:18,10.32,--,14,14448,买盘
749,14:04:12,10.32,0.01,7,7224,买盘
750,14:04:03,10.31,--,2,2062,卖盘
751,14:04:00,10.31,--,3,3093,卖盘
752,14:03:57,10.31,--,22,22682,卖盘
753,14:03:51,10.31,-0.01,305,314455,卖盘
754,14:03:45,10.32,--,24,24768,买盘
755,14:03:36,10.32,0.01,10,10320,买盘
756,14:03:33,10.31,--,2,2062,卖盘
757,14:03:27,10.31,-0.01,35,36085,卖盘
758,14:03:24,10.32,0.01,8,8256,买盘
759,14:03:21,10.31,--,3,3093,卖盘
760,14:03:18,10.31,-0.01,4,4124,卖盘
761,14:03:15,10.32,0.01,1,1032,买盘
762,14:03:09,10.31,-0.01,2,2062,卖盘
763,14:03:06,10.32,0.01,70,72240,买盘
764,14:03:03,10.31,--,1,1031,卖盘
765,14:03:00,10.31,--,2,2062,卖盘
766,14:02:57,10.31,--,15,15465,卖盘
767,14:02:54,10.31,--,50,51550,卖盘
768,14:02:51,10.31,--,500,515500,卖盘
769,14:02:48,10.31,--,105,108255,卖盘
770,14:02:45,10.31,--,44,45364,卖盘
771,14:02:42,10.31,-0.01,84,86604,卖盘
772,14:02:36,10.32,0.01,151,155832,买盘
773,14:02:33,10.31,--,2,2062,卖盘
774,14:02:30,10.31,--,100,103100,卖盘
775,14:02:27,10.31,--,1,1031,卖盘
776,14:02:24,10.31,--,5,5155,卖盘
777,14:02:21,10.31,-0.01,1,1031,卖盘
778,14:02:18,10.32,0.01,4,4128,买盘
779,14:02:06,10.31,--,55,56705,卖盘
780,14:02:03,10.31,--,1,1031,卖盘
781,14:02:00,10.31,--,103,106193,卖盘
782,14:01:39,10.31,--,33,34023,卖盘
783,14:01:33,10.31,--,2,2062,卖盘
784,14:01:30,10.31,-0.01,56,57736,卖盘
785,14:01:27,10.32,0.01,5,5160,买盘
786,14:01:24,10.31,-0.01,123,126813,卖盘
787,14:01:18,10.32,0.01,18,18576,买盘
788,14:01:15,10.31,-0.01,300,309300,卖盘
789,14:01:09,10.32,0.01,9,9288,买盘
790,14:01:03,10.31,--,7,7217,卖盘
791,14:01:00,10.31,-0.01,2,2062,卖盘
792,14:00:57,10.32,--,2,2064,买盘
793,14:00:48,10.32,--,8,8256,买盘
794,14:00:45,10.32,--,5,5160,买盘
795,14:00:36,10.32,0.01,2,2064,买盘
796,14:00:33,10.31,--,1,1031,卖盘
797,14:00:30,10.31,-0.01,4,4124,卖盘
798,14:00:27,10.32,--,41,42312,买盘
799,14:00:15,10.32,--,4,4128,买盘
800,14:00:12,10.32,0.01,62,63984,买盘
801,14:00:03,10.31,--,202,208262,卖盘
802,14:00:00,10.31,-0.01,3,3093,卖盘
803,13:59:54,10.32,--,2,2064,买盘
804,13:59:51,10.32,--,40,41280,买盘
805,13:59:48,10.32,--,16,16512,买盘
806,13:59:45,10.32,0.01,1017,1049544,买盘
807,13:59:42,10.31,--,50,51550,卖盘
808,13:59:39,10.31,--,5,5155,卖盘
809,13:59:33,10.31,-0.01,1,1031,卖盘
810,13:59:30,10.32,--,4,4128,买盘
811,13:59:27,10.32,--,3,3096,买盘
812,13:59:18,10.32,--,14,14448,买盘
813,13:59:09,10.32,0.01,1,1032,买盘
814,13:59:06,10.31,--,10,10310,卖盘
815,13:59:03,10.31,--,2,2062,卖盘
816,13:59:00,10.31,-0.01,2,2062,卖盘
817,13:58:51,10.32,0.01,3,3096,买盘
818,13:58:45,10.31,--,19,19589,卖盘
819,13:58:33,10.31,-0.01,2,2062,卖盘
820,13:58:30,10.32,0.01,8,8256,买盘
821,13:58:12,10.31,--,20,20620,卖盘
822,13:58:03,10.31,--,6,6186,卖盘
823,13:58:00,10.31,-0.01,3,3093,卖盘
824,13:57:57,10.32,--,1,1032,买盘
825,13:57:48,10.32,--,4,4128,买盘
826,13:57:39,10.32,0.01,103,106296,买盘
827,13:57:33,10.31,-0.01,2,2062,卖盘
828,13:57:30,10.32,--,5,5160,买盘
829,13:57:12,10.32,--,10,10320,买盘
830,13:57:09,10.32,0.01,1,1032,买盘
831,13:57:06,10.31,--,2,2062,卖盘
832,13:57:03,10.31,-0.01,52,53612,卖盘
833,13:57:00,10.32,--,12,12384,买盘
834,13:56:57,10.32,--,7,7224,买盘
835,13:56:54,10.32,0.01,11,11352,买盘
836,13:56:42,10.31,--,756,779436,卖盘
837,13:56:33,10.31,-0.01,32,32992,卖盘
838,13:56:21,10.32,0.01,10,10320,买盘
839,13:56:03,10.31,--,51,52581,卖盘
840,13:56:00,10.31,--,8,8248,卖盘
841,13:55:51,10.31,-0.01,13,13403,卖盘
842,13:55:48,10.32,0.01,15,15480,买盘
843,13:55:45,10.31,-0.01,178,183518,卖盘
844,13:55:39,10.32,0.01,3,3096,买盘
845,13:55:33,10.31,--,2,2062,卖盘
846,13:55:24,10.31,--,67,69077,卖盘
847,13:55:21,10.31,-0.01,46,47426,卖盘
848,13:55:18,10.32,0.01,16,16512,买盘
849,13:55:15,10.31,-0.01,6,6186,卖盘
850,13:55:09,10.32,0.01,18,18576,买盘
851,13:55:03,10.31,--,2,2062,卖盘
852,13:55:00,10.31,-0.01,8,8248,卖盘
853,13:54:54,10.32,--,12,12384,买盘
854,13:54:48,10.32,--,10,10320,卖盘
855,13:54:42,10.32,--,4,4128,卖盘
856,13:54:39,10.32,--,7,7224,买盘
857,13:54:36,10.32,--,184,189888,卖盘
858,13:54:33,10.32,--,1,1032,卖盘
859,13:54:30,10.32,--,139,143448,卖盘
860,13:54:24,10.32,--,5,5160,卖盘
861,13:54:21,10.32,--,72,74304,卖盘
862,13:54:12,10.32,--,69,71208,卖盘
863,13:54:03,10.32,--,2,2064,卖盘
864,13:54:00,10.32,--,3,3096,卖盘
865,13:53:57,10.32,-0.01,8,8256,卖盘
866,13:53:54,10.33,0.01,14,14462,买盘
867,13:53:51,10.32,--,2,2064,卖盘
868,13:53:45,10.32,--,50,51600,卖盘
869,13:53:36,10.32,--,37,38184,卖盘
870,13:53:33,10.32,-0.01,1,1032,卖盘
871,13:53:27,10.33,--,358,369814,买盘
872,13:53:24,10.33,0.01,18,18594,买盘
873,13:53:18,10.32,--,180,185760,卖盘
874,13:53:15,10.32,-0.01,65,67080,卖盘
875,13:53:09,10.33,--,1,1033,买盘
876,13:53:06,10.33,0.01,1,1033,买盘
877,13:53:03,10.32,--,3,3096,卖盘
878,13:53:00,10.32,-0.01,7,7224,卖盘
879,13:52:57,10.33,--,8,8264,买盘
880,13:52:51,10.33,0.01,3,3099,买盘
881,13:52:45,10.32,--,2,2064,卖盘
882,13:52:39,10.32,--,17,17544,卖盘
883,13:52:33,10.32,-0.01,256,264192,卖盘
884,13:52:18,10.33,0.01,8,8264,买盘
885,13:52:12,10.32,--,25,25800,卖盘
886,13:52:09,10.32,-0.01,100,103200,卖盘
887,13:52:06,10.33,0.01,50,51650,买盘
888,13:52:03,10.32,--,7,7224,卖盘
889,13:52:00,10.32,--,3,3096,卖盘
890,13:51:57,10.32,--,10,10320,卖盘
891,13:51:54,10.32,--,4,4128,卖盘
892,13:51:51,10.32,--,50,51600,卖盘
893,13:51:48,10.32,--,25,25800,卖盘
894,13:51:42,10.32,--,1002,1034064,卖盘
895,13:51:36,10.32,--,50,51600,卖盘
896,13:51:33,10.32,-0.01,2,2064,卖盘
897,13:51:24,10.33,0.01,2,2066,买盘
898,13:51:15,10.32,-0.01,200,206400,卖盘
899,13:51:12,10.33,0.01,1,1033,买盘
900,13:51:06,10.32,--,7,7224,卖盘
901,13:51:03,10.32,--,91,93912,卖盘
902,13:51:00,10.32,--,2,2064,卖盘
903,13:50:48,10.32,-0.01,41,42312,卖盘
904,13:50:39,10.33,0.01,1,1033,买盘
905,13:50:33,10.32,--,4,4128,卖盘
906,13:50:30,10.32,--,30,30960,卖盘
907,13:50:27,10.32,--,100,103200,卖盘
908,13:50:24,10.32,--,8,8256,卖盘
909,13:50:21,10.32,--,6,6192,卖盘
910,13:50:18,10.32,--,121,124872,卖盘
911,13:50:12,10.32,-0.01,20,20640,卖盘
912,13:50:09,10.33,0.01,11,11363,买盘
913,13:50:06,10.32,--,19,19608,卖盘
914,13:50:03,10.32,--,202,208464,卖盘
915,13:50:00,10.32,--,7,7224,卖盘
916,13:49:57,10.32,--,232,239424,卖盘
917,13:49:54,10.32,--,39,40248,卖盘
918,13:49:51,10.32,-0.01,11,11352,卖盘
919,13:49:39,10.33,0.01,3,3099,买盘
920,13:49:36,10.32,--,52,53664,卖盘
921,13:49:33,10.32,--,2,2064,卖盘
922,13:49:27,10.32,-0.01,200,206400,卖盘
923,13:49:21,10.33,--,40,41320,买盘
924,13:49:18,10.33,--,8,8264,买盘
925,13:49:15,10.33,--,20,20660,买盘
926,13:49:12,10.33,0.01,3,3099,买盘
927,13:49:09,10.32,-0.01,27,27864,卖盘
928,13:49:06,10.33,0.01,2,2066,买盘
929,13:49:03,10.32,-0.01,20,20640,卖盘
930,13:49:00,10.33,--,93,96069,买盘
931,13:48:54,10.33,0.01,50,51650,买盘
932,13:48:48,10.32,--,14,14448,卖盘
933,13:48:45,10.32,--,97,100104,卖盘
934,13:48:42,10.32,--,15,15480,卖盘
935,13:48:33,10.32,--,21,21672,卖盘
936,13:48:24,10.32,--,6,6192,卖盘
937,13:48:21,10.32,-0.01,420,433440,卖盘
938,13:48:15,10.33,--,150,154950,买盘
939,13:48:12,10.33,0.01,1,1033,买盘
940,13:48:09,10.32,--,1,1032,卖盘
941,13:48:03,10.32,-0.01,27,27864,卖盘
942,13:48:00,10.33,0.01,50,51650,买盘
943,13:47:54,10.32,--,68,70176,卖盘
944,13:47:42,10.32,--,45,46440,卖盘
945,13:47:39,10.32,--,31,31992,卖盘
946,13:47:36,10.32,--,8,8256,卖盘
947,13:47:33,10.32,-0.01,1,1032,卖盘
948,13:47:30,10.33,--,7,7231,买盘
949,13:47:27,10.33,0.01,4,4132,买盘
950,13:47:15,10.32,-0.01,3,3096,卖盘
951,13:47:12,10.33,0.01,463,478279,买盘
952,13:47:09,10.32,--,25,25800,买盘
953,13:47:06,10.32,0.01,14,14448,买盘
954,13:47:03,10.31,--,16,16496,卖盘
955,13:47:00,10.31,-0.01,3,3093,卖盘
956,13:46:57,10.32,--,27,27864,买盘
957,13:46:51,10.32,--,38,39216,买盘
958,13:46:48,10.32,--,44,45408,买盘
959,13:46:45,10.32,--,70,72240,买盘
960,13:46:42,10.32,--,3,3096,买盘
961,13:46:39,10.32,--,7,7224,买盘
962,13:46:36,10.32,--,5,5160,买盘
963,13:46:33,10.32,--,8,8256,买盘
964,13:46:21,10.32,0.01,10,10320,买盘
965,13:46:18,10.31,-0.01,168,173208,卖盘
966,13:46:12,10.32,--,50,51600,买盘
967,13:46:09,10.32,0.01,21,21672,买盘
968,13:46:03,10.31,--,2,2062,卖盘
969,13:46:00,10.31,-0.01,2,2062,卖盘
970,13:45:57,10.32,--,42,43344,买盘
971,13:45:54,10.32,--,7,7224,买盘
972,13:45:51,10.32,--,200,206400,买盘
973,13:45:48,10.32,0.01,10,10320,买盘
974,13:45:45,10.31,-0.01,70,72170,卖盘
975,13:45:42,10.32,--,124,127968,买盘
976,13:45:39,10.32,0.01,1,1032,买盘
977,13:45:33,10.31,--,2,2062,卖盘
978,13:45:27,10.31,-0.01,10,10310,卖盘
979,13:45:24,10.32,--,7,7224,买盘
980,13:45:21,10.32,0.01,2,2064,买盘
981,13:45:15,10.31,-0.01,9,9279,卖盘
982,13:45:09,10.32,--,40,41280,买盘
983,13:45:06,10.32,0.01,118,121776,买盘
984,13:45:03,10.31,--,1,1031,卖盘
985,13:45:00,10.31,-0.01,103,106193,卖盘
986,13:44:57,10.32,--,3,3096,买盘
987,13:44:54,10.32,--,10,10320,买盘
988,13:44:51,10.32,--,271,279672,卖盘
989,13:44:39,10.32,--,13,13416,卖盘
990,13:44:33,10.32,-0.01,2,2064,卖盘
991,13:44:24,10.33,0.01,10,10330,买盘
992,13:44:15,10.32,--,100,103200,卖盘
993,13:44:09,10.32,--,13,13416,卖盘
994,13:44:06,10.32,--,7,7224,卖盘
995,13:44:03,10.32,--,1,1032,卖盘
996,13:44:00,10.32,--,42,43344,买盘
997,13:43:54,10.32,--,6,6192,买盘
998,13:43:48,10.32,--,339,349848,卖盘
999,13:43:42,10.32,--,258,266256,卖盘
1000,13:43:39,10.32,--,3,3096,卖盘
1001,13:43:36,10.32,--,231,238392,卖盘
1002,13:43:33,10.32,--,3,3096,卖盘
1003,13:43:27,10.32,-0.01,16,16512,卖盘
1004,13:43:09,10.33,0.01,2,2066,买盘
1005,13:43:06,10.32,--,140,144480,卖盘
1006,13:43:03,10.32,-0.01,102,105264,卖盘
1007,13:43:00,10.33,0.01,5,5165,买盘
1008,13:42:57,10.32,--,2,2064,卖盘
1009,13:42:33,10.32,--,2,2064,卖盘
1010,13:42:27,10.32,-0.01,28,28896,卖盘
1011,13:42:21,10.33,0.01,30,30990,买盘
1012,13:42:15,10.32,-0.01,500,516000,卖盘
1013,13:42:09,10.33,--,1,1033,买盘
1014,13:42:06,10.33,0.01,5,5165,买盘
1015,13:42:03,10.32,--,2,2064,卖盘
1016,13:42:00,10.32,-0.01,2,2064,卖盘
1017,13:41:54,10.33,--,52,53716,买盘
1018,13:41:45,10.33,0.01,29,29957,买盘
1019,13:41:42,10.32,--,7,7224,卖盘
1020,13:41:33,10.32,--,1,1032,卖盘
1021,13:41:30,10.32,-0.01,1,1032,卖盘
1022,13:41:21,10.33,0.01,5,5165,买盘
1023,13:41:15,10.32,--,3,3096,卖盘
1024,13:41:09,10.32,-0.01,100,103200,卖盘
1025,13:41:03,10.33,0.01,22,22726,买盘
1026,13:41:00,10.32,--,50,51600,卖盘
1027,13:40:57,10.32,-0.01,22,22704,卖盘
1028,13:40:51,10.33,--,10,10330,买盘
1029,13:40:45,10.33,--,193,199369,买盘
1030,13:40:39,10.33,--,16,16528,买盘
1031,13:40:36,10.33,0.01,20,20660,买盘
1032,13:40:33,10.32,-0.01,1,1032,卖盘
1033,13:40:30,10.33,0.01,19,19627,买盘
1034,13:40:27,10.32,--,50,51600,卖盘
1035,13:40:21,10.32,-0.01,220,227040,卖盘
1036,13:40:12,10.33,0.01,1,1033,买盘
1037,13:40:06,10.32,--,5,5160,卖盘
1038,13:40:03,10.32,--,2,2064,卖盘
1039,13:40:00,10.32,--,12,12384,卖盘
1040,13:39:54,10.32,-0.01,11,11352,卖盘
1041,13:39:51,10.33,--,30,30990,买盘
1042,13:39:48,10.33,0.01,10,10330,买盘
1043,13:39:45,10.32,-0.01,19,19608,卖盘
1044,13:39:42,10.33,--,15,15495,买盘
1045,13:39:39,10.33,0.01,75,77475,买盘
1046,13:39:33,10.32,--,12,12384,卖盘
1047,13:39:30,10.32,--,61,62952,卖盘
1048,13:39:27,10.32,-0.01,377,389064,卖盘
1049,13:39:24,10.33,0.01,13,13429,买盘
1050,13:39:21,10.32,-0.01,1,1032,卖盘
1051,13:39:15,10.33,--,20,20660,买盘
1052,13:39:12,10.33,--,5,5165,买盘
1053,13:39:09,10.33,--,20,20660,买盘
1054,13:39:06,10.33,--,2,2066,买盘
1055,13:39:03,10.33,--,206,212798,买盘
1056,13:39:00,10.33,0.01,6,6198,买盘
1057,13:38:57,10.32,-0.01,3,3096,卖盘
1058,13:38:54,10.33,--,10,10330,买盘
1059,13:38:45,10.33,--,20,20660,买盘
1060,13:38:36,10.33,0.01,6,6198,买盘
1061,13:38:33,10.32,-0.01,2,2064,卖盘
1062,13:38:30,10.33,--,18,18594,买盘
1063,13:38:24,10.33,0.01,309,319197,买盘
1064,13:38:18,10.32,-0.01,250,258000,卖盘
1065,13:38:15,10.33,0.01,25,25825,买盘
1066,13:38:12,10.32,-0.01,15,15480,卖盘
1067,13:38:09,10.33,0.01,40,41320,买盘
1068,13:38:03,10.32,--,4,4128,卖盘
1069,13:37:57,10.32,--,2,2064,卖盘
1070,13:37:54,10.32,-0.01,100,103200,卖盘
1071,13:37:36,10.33,0.01,80,82640,买盘
1072,13:37:33,10.32,-0.01,22,22704,卖盘
1073,13:37:21,10.33,--,33,34089,买盘
1074,13:37:18,10.33,--,9,9297,买盘
1075,13:37:15,10.33,--,1,1033,买盘
1076,13:37:12,10.33,--,20,20660,买盘
1077,13:37:09,10.33,--,1,1033,买盘
1078,13:37:06,10.33,0.01,2,2066,买盘
1079,13:37:03,10.32,--,40,41280,卖盘
1080,13:37:00,10.32,-0.01,4,4128,卖盘
1081,13:36:57,10.33,--,22,22726,买盘
1082,13:36:51,10.33,--,2,2066,买盘
1083,13:36:45,10.33,--,6,6198,买盘
1084,13:36:42,10.33,0.01,8,8264,买盘
1085,13:36:33,10.32,-0.01,2,2064,卖盘
1086,13:36:30,10.33,0.01,7,7231,买盘
1087,13:36:21,10.32,--,300,309600,卖盘
1088,13:36:15,10.32,--,41,42312,买盘
1089,13:36:12,10.32,--,7,7224,买盘
1090,13:36:09,10.32,0.01,1,1032,买盘
1091,13:36:06,10.31,--,30,30930,卖盘
1092,13:36:03,10.31,--,62,63922,卖盘
1093,13:36:00,10.31,-0.01,20,20620,卖盘
1094,13:35:54,10.32,--,80,82560,买盘
1095,13:35:51,10.32,--,22,22704,买盘
1096,13:35:48,10.32,--,28,28896,买盘
1097,13:35:45,10.32,--,15,15480,买盘
1098,13:35:42,10.32,--,4,4128,买盘
1099,13:35:39,10.32,--,18,18576,买盘
1100,13:35:36,10.32,--,68,70299,买盘
1101,13:35:33,10.32,--,16,16512,买盘
1102,13:35:24,10.32,--,8,8256,买盘
1103,13:35:21,10.32,--,49,50568,买盘
1104,13:35:15,10.32,--,12,12384,买盘
1105,13:35:12,10.32,--,12,12384,买盘
1106,13:35:09,10.32,0.01,31,31992,买盘
1107,13:35:03,10.31,--,2,2062,卖盘
1108,13:35:00,10.31,--,85,87635,卖盘
1109,13:34:48,10.31,--,3,3093,卖盘
1110,13:34:42,10.31,--,15,15465,卖盘
1111,13:34:33,10.31,-0.01,1,1031,卖盘
1112,13:34:30,10.32,--,177,182664,买盘
1113,13:34:15,10.32,0.01,8,8256,买盘
1114,13:34:12,10.31,-0.01,6,6186,卖盘
1115,13:34:09,10.32,--,1,1032,买盘
1116,13:34:06,10.32,0.01,5,5160,买盘
1117,13:34:03,10.31,--,8,8248,卖盘
1118,13:34:00,10.31,--,2,2062,卖盘
1119,13:33:54,10.31,-0.01,1,1031,卖盘
1120,13:33:51,10.32,0.01,18,18576,买盘
1121,13:33:42,10.31,--,1,1031,卖盘
1122,13:33:33,10.31,-0.01,1,1031,卖盘
1123,13:33:30,10.32,--,11,11352,买盘
1124,13:33:24,10.32,--,100,103200,买盘
1125,13:33:18,10.32,--,16,16512,买盘
1126,13:33:15,10.32,0.01,80,82560,买盘
1127,13:33:09,10.31,--,1,1031,卖盘
1128,13:33:03,10.31,--,22,22682,卖盘
1129,13:32:57,10.31,--,50,51550,卖盘
1130,13:32:45,10.31,--,21,21651,卖盘
1131,13:32:42,10.31,--,10,10310,卖盘
1132,13:32:33,10.31,--,2,2062,卖盘
1133,13:32:24,10.31,-0.01,1,1031,卖盘
1134,13:32:21,10.32,0.01,39,40248,买盘
1135,13:32:18,10.31,--,10,10310,卖盘
1136,13:32:12,10.31,-0.01,1,1031,卖盘
1137,13:32:09,10.32,0.01,1,1032,买盘
1138,13:32:03,10.31,--,1,1031,卖盘
1139,13:32:00,10.31,-0.01,2,2062,卖盘
1140,13:31:54,10.32,0.01,1,1032,买盘
1141,13:31:51,10.31,-0.01,14,14434,卖盘
1142,13:31:42,10.32,0.01,115,118680,买盘
1143,13:31:39,10.31,-0.01,1,1031,卖盘
1144,13:31:36,10.32,0.01,2,2064,买盘
1145,13:31:33,10.31,-0.01,2,2062,卖盘
1146,13:31:27,10.32,0.01,3,3096,买盘
1147,13:31:24,10.31,--,10,10310,卖盘
1148,13:31:21,10.31,-0.01,6,6186,卖盘
1149,13:31:18,10.32,0.01,2,2064,买盘
1150,13:31:15,10.31,--,284,292804,卖盘
1151,13:31:12,10.31,-0.01,5,5155,卖盘
1152,13:31:09,10.32,0.01,1,1032,买盘
1153,13:31:06,10.31,--,1,1031,卖盘
1154,13:31:03,10.31,--,1,1031,卖盘
1155,13:31:00,10.31,--,3,3093,卖盘
1156,13:30:57,10.31,-0.01,15,15465,卖盘
1157,13:30:54,10.32,--,20,20640,买盘
1158,13:30:51,10.32,0.01,5,5160,买盘
1159,13:30:45,10.31,--,1,1031,卖盘
1160,13:30:33,10.31,--,3,3093,卖盘
1161,13:30:21,10.31,-0.01,10,10310,卖盘
1162,13:30:18,10.32,0.01,1,1032,买盘
1163,13:30:12,10.31,-0.01,1,1031,卖盘
1164,13:30:09,10.32,0.01,1,1032,买盘
1165,13:30:03,10.31,--,1,1031,卖盘
1166,13:30:00,10.31,--,1,1031,卖盘
1167,13:29:57,10.31,--,2,2062,卖盘
1168,13:29:39,10.31,-0.01,19,19589,卖盘
1169,13:29:36,10.32,0.01,10,10320,买盘
1170,13:29:33,10.31,--,2,2062,卖盘
1171,13:29:27,10.31,-0.01,5,5155,卖盘
1172,13:29:24,10.32,0.01,2,2064,买盘
1173,13:29:18,10.31,-0.01,1,1031,卖盘
1174,13:29:15,10.32,0.01,10,10320,买盘
1175,13:29:06,10.31,--,1,1031,卖盘
1176,13:29:03,10.31,--,2,2062,卖盘
1177,13:28:57,10.31,--,13,13403,卖盘
1178,13:28:54,10.31,-0.01,5,5155,卖盘
1179,13:28:51,10.32,--,5,5160,买盘
1180,13:28:48,10.32,--,99,102168,买盘
1181,13:28:45,10.32,--,264,272448,买盘
1182,13:28:42,10.32,0.01,50,51600,买盘
1183,13:28:33,10.31,--,2,2062,卖盘
1184,13:28:30,10.31,--,31,31961,卖盘
1185,13:28:27,10.31,-0.01,100,103100,卖盘
1186,13:28:21,10.32,0.01,60,61920,买盘
1187,13:28:18,10.31,-0.01,2,2062,卖盘
1188,13:28:15,10.32,0.01,100,103200,买盘
1189,13:28:12,10.31,--,2,2062,卖盘
1190,13:28:03,10.31,--,2,2062,卖盘
1191,13:28:00,10.31,--,1,1031,卖盘
1192,13:27:57,10.31,--,3,3093,卖盘
1193,13:27:48,10.31,-0.01,11,11341,卖盘
1194,13:27:45,10.32,0.01,37,38184,买盘
1195,13:27:39,10.31,-0.01,1,1031,卖盘
1196,13:27:36,10.32,0.01,15,15480,买盘
1197,13:27:33,10.31,--,1,1031,卖盘
1198,13:27:30,10.31,-0.01,17,17527,卖盘
1199,13:27:24,10.32,0.01,500,516000,买盘
1200,13:27:21,10.31,--,10,10310,卖盘
1201,13:27:18,10.31,-0.01,30,30930,卖盘
1202,13:27:15,10.32,0.01,24,24768,买盘
1203,13:27:06,10.31,--,1,1031,卖盘
1204,13:27:03,10.31,--,2,2062,卖盘
1205,13:26:57,10.31,-0.01,2,2062,卖盘
1206,13:26:51,10.32,0.01,2,2064,买盘
1207,13:26:45,10.31,--,10,10310,卖盘
1208,13:26:42,10.31,-0.01,1,1031,卖盘
1209,13:26:36,10.32,--,9,9288,买盘
1210,13:26:33,10.32,--,23,23736,买盘
1211,13:26:30,10.32,--,20,20640,买盘
1212,13:26:27,10.32,--,72,74304,卖盘
1213,13:26:24,10.32,--,8,8256,卖盘
1214,13:26:21,10.32,--,72,74304,买盘
1215,13:26:18,10.32,--,36,37152,买盘
1216,13:26:15,10.32,0.01,9,9288,买盘
1217,13:26:12,10.31,--,120,123720,卖盘
1218,13:26:09,10.31,--,22,22682,卖盘
1219,13:26:03,10.31,-0.01,1,1031,卖盘
1220,13:26:00,10.32,0.01,501,517032,买盘
1221,13:25:57,10.31,-0.01,3,3093,卖盘
1222,13:25:51,10.32,0.01,277,285864,买盘
1223,13:25:48,10.31,--,12,12372,卖盘
1224,13:25:42,10.31,-0.01,17,17527,卖盘
1225,13:25:39,10.32,0.01,10,10320,买盘
1226,13:25:36,10.31,--,1,1031,卖盘
1227,13:25:33,10.31,--,2,2062,卖盘
1228,13:25:24,10.31,--,201,207231,卖盘
1229,13:25:18,10.31,--,6,6186,卖盘
1230,13:25:12,10.31,--,380,391780,卖盘
1231,13:25:06,10.31,--,1,1031,卖盘
1232,13:25:03,10.31,--,28,28868,卖盘
1233,13:24:57,10.31,--,2,2062,卖盘
1234,13:24:51,10.31,--,1,1031,卖盘
1235,13:24:39,10.31,--,12,12372,卖盘
1236,13:24:33,10.31,--,19,19589,卖盘
1237,13:24:30,10.31,-0.01,1,1031,卖盘
1238,13:24:24,10.32,0.01,5,5160,买盘
1239,13:24:21,10.31,-0.01,17,17527,卖盘
1240,13:24:15,10.32,0.01,50,51600,买盘
1241,13:24:03,10.31,--,1,1031,卖盘
1242,13:23:57,10.31,--,3,3093,卖盘
1243,13:23:33,10.31,-0.01,462,476322,卖盘
1244,13:23:09,10.32,0.01,1,1032,买盘
1245,13:23:03,10.31,--,2,2062,卖盘
1246,13:22:57,10.31,-0.01,2,2062,卖盘
1247,13:22:54,10.32,--,49,50568,买盘
1248,13:22:51,10.32,--,37,38184,买盘
1249,13:22:42,10.32,0.01,1,1032,买盘
1250,13:22:33,10.31,-0.01,2,2062,卖盘
1251,13:22:30,10.32,0.01,10,10320,中性盘
1252,13:22:15,10.31,-0.02,8,8248,卖盘
1253,13:22:12,10.33,0.01,1221,1261293,买盘
1254,13:22:09,10.32,--,1,1032,买盘
1255,13:22:06,10.32,--,146,151497,卖盘
1256,13:22:03,10.32,--,2,2064,卖盘
1257,13:21:57,10.32,--,13,13416,卖盘
1258,13:21:54,10.32,--,6,6192,卖盘
1259,13:21:48,10.32,--,6,6192,卖盘
1260,13:21:42,10.32,--,9,9494,买盘
1261,13:21:39,10.32,--,8,9081,卖盘
1262,13:21:36,10.32,--,19,19608,卖盘
1263,13:21:33,10.32,--,10,10320,卖盘
1264,13:21:30,10.32,-0.01,13,13416,卖盘
1265,13:21:27,10.33,0.01,282,291306,买盘
1266,13:21:18,10.32,--,5,5160,卖盘
1267,13:21:15,10.32,--,60,61920,卖盘
1268,13:21:12,10.32,-0.01,5,5160,卖盘
1269,13:21:06,10.33,0.01,1,1033,买盘
1270,13:21:03,10.32,--,6,6192,卖盘
1271,13:20:57,10.32,-0.01,2,2064,卖盘
1272,13:20:48,10.33,--,1,1033,买盘
1273,13:20:42,10.33,--,9,9297,买盘
1274,13:20:39,10.33,0.01,10,10330,买盘
1275,13:20:33,10.32,-0.01,1,1032,卖盘
1276,13:20:30,10.33,--,1,1033,买盘
1277,13:20:27,10.33,--,305,315065,买盘
1278,13:20:12,10.33,0.01,5,5165,买盘
1279,13:20:09,10.32,-0.01,10,10320,卖盘
1280,13:20:06,10.33,0.01,11,11363,买盘
1281,13:20:03,10.32,--,5,5160,卖盘
1282,13:20:00,10.32,--,3,3096,卖盘
1283,13:19:57,10.32,--,2,2064,卖盘
1284,13:19:48,10.32,--,1,1032,卖盘
1285,13:19:42,10.32,--,30,30960,卖盘
1286,13:19:39,10.32,--,10,10320,卖盘
1287,13:19:36,10.32,--,97,100104,卖盘
1288,13:19:33,10.32,--,2,2064,卖盘
1289,13:19:30,10.32,--,200,206400,卖盘
1290,13:19:24,10.32,-0.01,2,2064,卖盘
1291,13:19:21,10.33,0.01,2,2066,买盘
1292,13:19:18,10.32,-0.01,3,3096,卖盘
1293,13:19:12,10.33,0.01,1,1033,买盘
1294,13:19:06,10.32,--,168,173376,卖盘
1295,13:19:03,10.32,--,6,6192,卖盘
1296,13:18:57,10.32,-0.01,337,347784,卖盘
1297,13:18:45,10.33,0.01,1,1033,买盘
1298,13:18:36,10.32,--,50,51600,卖盘
1299,13:18:33,10.32,--,2,2064,卖盘
1300,13:18:21,10.32,--,5,5160,卖盘
1301,13:18:03,10.32,--,1,1032,卖盘
1302,13:17:57,10.32,-0.01,233,240456,卖盘
1303,13:17:48,10.33,--,2,2066,买盘
1304,13:17:45,10.33,0.01,4,4132,买盘
1305,13:17:39,10.32,--,13,13416,卖盘
1306,13:17:33,10.32,--,5,5160,卖盘
1307,13:17:30,10.32,--,1,1032,卖盘
1308,13:17:21,10.32,--,100,103200,卖盘
1309,13:17:18,10.32,--,10,10320,卖盘
1310,13:17:15,10.32,-0.01,32,33024,卖盘
1311,13:17:12,10.33,--,11,11363,买盘
1312,13:17:09,10.33,0.01,2,2066,买盘
1313,13:17:03,10.32,--,2,2064,卖盘
1314,13:17:00,10.32,--,2,2064,卖盘
1315,13:16:57,10.32,--,14,14448,卖盘
1316,13:16:54,10.32,--,29,29928,卖盘
1317,13:16:51,10.32,--,100,103200,卖盘
1318,13:16:48,10.32,--,10,10320,卖盘
1319,13:16:45,10.32,--,2,2064,卖盘
1320,13:16:42,10.32,--,321,331478,买盘
1321,13:16:39,10.32,0.01,10,10320,买盘
1322,13:16:33,10.31,-0.01,1,1031,卖盘
1323,13:16:27,10.32,--,51,52632,买盘
1324,13:16:15,10.32,0.01,91,93912,买盘
1325,13:16:06,10.31,--,52,53612,卖盘
1326,13:16:03,10.31,--,2,2062,卖盘
1327,13:15:57,10.31,-0.01,394,407038,卖盘
1328,13:15:51,10.32,--,4,4128,卖盘
1329,13:15:48,10.32,--,204,210528,卖盘
1330,13:15:39,10.32,--,100,103200,卖盘
1331,13:15:33,10.32,--,241,248918,买盘
1332,13:15:21,10.32,--,209,215688,买盘
1333,13:15:12,10.32,0.01,7,7224,买盘
1334,13:15:09,10.31,--,15,15465,卖盘
1335,13:15:03,10.31,--,7,7217,卖盘
1336,13:15:00,10.31,-0.01,2,2062,卖盘
1337,13:14:57,10.32,--,10,10320,买盘
1338,13:14:54,10.32,--,9,9288,买盘
1339,13:14:42,10.32,--,22,22704,买盘
1340,13:14:36,10.32,0.01,8,8256,买盘
1341,13:14:33,10.31,--,51,52581,卖盘
1342,13:14:27,10.31,--,1,1031,卖盘
1343,13:14:21,10.31,-0.01,100,103100,卖盘
1344,13:14:12,10.32,--,25,25800,买盘
1345,13:14:09,10.32,--,15,15480,买盘
1346,13:14:06,10.32,0.01,30,30960,买盘
1347,13:14:03,10.31,--,2,2062,卖盘
1348,13:13:57,10.31,-0.01,13,13403,卖盘
1349,13:13:54,10.32,--,13,13416,买盘
1350,13:13:51,10.32,0.01,22,22704,买盘
1351,13:13:48,10.31,-0.01,350,360850,卖盘
1352,13:13:45,10.32,0.01,6,6192,买盘
1353,13:13:33,10.31,-0.01,2,2062,卖盘
1354,13:13:27,10.32,--,10,10320,买盘
1355,13:13:21,10.32,--,30,30960,买盘
1356,13:13:18,10.32,0.01,34,35088,买盘
1357,13:13:15,10.31,--,100,103100,卖盘
1358,13:13:12,10.31,-0.01,19,19589,卖盘
1359,13:13:09,10.32,--,3,3096,买盘
1360,13:13:06,10.32,0.01,20,20640,买盘
1361,13:13:03,10.31,--,1,1031,卖盘
1362,13:13:00,10.31,--,44,45364,卖盘
1363,13:12:57,10.31,--,2,2062,卖盘
1364,13:12:54,10.31,--,7,7217,卖盘
1365,13:12:42,10.31,-0.01,100,103759,卖盘
1366,13:12:39,10.32,0.01,9,9288,买盘
1367,13:12:33,10.31,--,2,2062,卖盘
1368,13:12:12,10.31,-0.01,9,9279,卖盘
1369,13:12:09,10.32,-0.01,186,192777,卖盘
1370,13:12:03,10.33,0.01,6,6198,买盘
1371,13:11:57,10.32,--,3,3096,卖盘
1372,13:11:54,10.32,--,9,9288,卖盘
1373,13:11:48,10.32,-0.01,20,20640,卖盘
1374,13:11:42,10.33,0.01,1,1033,买盘
1375,13:11:39,10.32,--,46,47678,买盘
1376,13:11:36,10.32,--,10,10320,买盘
1377,13:11:33,10.32,-0.01,73,76161,卖盘
1378,13:11:30,10.33,0.01,5,5165,买盘
1379,13:11:27,10.32,--,9,9288,卖盘
1380,13:11:24,10.32,-0.01,259,267288,卖盘
1381,13:11:21,10.33,0.01,10,10330,买盘
1382,13:11:15,10.32,--,6,6192,卖盘
1383,13:11:12,10.32,-0.01,7,7224,卖盘
1384,13:11:09,10.33,--,1,1033,买盘
1385,13:11:06,10.33,0.01,5,5165,买盘
1386,13:11:03,10.32,--,1,1032,卖盘
1387,13:10:57,10.32,--,4,4128,卖盘
1388,13:10:51,10.32,--,30,30960,卖盘
1389,13:10:48,10.32,--,9,9288,卖盘
1390,13:10:45,10.32,-0.01,510,526320,卖盘
1391,13:10:33,10.33,--,14,14462,买盘
1392,13:10:21,10.33,0.01,30,30990,买盘
1393,13:10:03,10.32,--,18,18576,卖盘
1394,13:10:00,10.32,--,478,493296,卖盘
1395,13:09:57,10.32,--,3,3096,卖盘
1396,13:09:48,10.32,-0.01,536,553152,卖盘
1397,13:09:45,10.33,0.01,10,10330,买盘
1398,13:09:42,10.32,--,0,732,卖盘
1399,13:09:33,10.32,-0.01,1,1032,卖盘
1400,13:09:18,10.33,0.01,10,10330,买盘
1401,13:09:09,10.32,--,38,39216,卖盘
1402,13:09:03,10.32,--,2,2064,卖盘
1403,13:08:57,10.32,-0.01,83,85656,卖盘
1404,13:08:51,10.33,0.01,10,10330,买盘
1405,13:08:39,10.32,--,9,9288,卖盘
1406,13:08:33,10.32,--,1,1032,卖盘
1407,13:08:24,10.32,-0.01,3,3096,卖盘
1408,13:08:21,10.33,0.01,3,3099,买盘
1409,13:08:12,10.32,--,300,309600,卖盘
1410,13:08:06,10.32,--,150,154800,卖盘
1411,13:08:03,10.32,-0.01,2,2064,卖盘
1412,13:08:00,10.33,0.01,21,21693,买盘
1413,13:07:57,10.32,-0.01,18,18576,卖盘
1414,13:07:54,10.33,--,5,5165,买盘
1415,13:07:51,10.33,0.01,7,7231,买盘
1416,13:07:48,10.32,-0.01,2,2064,卖盘
1417,13:07:42,10.33,0.01,30,30990,买盘
1418,13:07:33,10.32,-0.01,1,1032,卖盘
1419,13:07:30,10.33,--,2,2066,买盘
1420,13:07:27,10.33,0.01,15,15495,买盘
1421,13:07:24,10.32,-0.01,2,2064,卖盘
1422,13:07:21,10.33,0.01,7,7231,买盘
1423,13:07:12,10.32,-0.01,30,30960,卖盘
1424,13:07:09,10.33,0.01,1,1033,买盘
1425,13:07:06,10.32,--,54,55728,卖盘
1426,13:07:03,10.32,--,2,2064,卖盘
1427,13:07:00,10.32,--,9,9288,卖盘
1428,13:06:57,10.32,--,6,6192,卖盘
1429,13:06:54,10.32,-0.01,26,26832,卖盘
1430,13:06:51,10.33,0.01,8,8264,买盘
1431,13:06:45,10.32,-0.01,0,299,卖盘
1432,13:06:42,10.33,--,163,168379,买盘
1433,13:06:39,10.33,--,318,328494,买盘
1434,13:06:36,10.33,0.01,12,12396,买盘
1435,13:06:33,10.32,-0.01,14,14448,卖盘
1436,13:06:21,10.33,--,7,7231,买盘
1437,13:06:12,10.33,0.01,11,11363,买盘
1438,13:06:06,10.32,--,13,13622,卖盘
1439,13:06:03,10.32,-0.01,179,184728,卖盘
1440,13:06:00,10.33,0.01,3,3099,买盘
1441,13:05:57,10.32,-0.01,5,5160,卖盘
1442,13:05:51,10.33,0.01,7,7231,买盘
1443,13:05:33,10.32,-0.01,2,2064,卖盘
1444,13:05:30,10.33,--,15,15495,买盘
1445,13:05:21,10.33,0.01,586,605338,买盘
1446,13:05:15,10.32,-0.01,9,9288,卖盘
1447,13:05:12,10.33,--,10,10330,买盘
1448,13:05:09,10.33,0.01,1,1033,买盘
1449,13:05:03,10.32,--,27,27864,卖盘
1450,13:05:00,10.32,--,10,10320,卖盘
1451,13:04:57,10.32,-0.01,3,3096,卖盘
1452,13:04:51,10.33,0.01,7,7231,买盘
1453,13:04:48,10.32,--,185,190920,卖盘
1454,13:04:39,10.32,--,1013,1045416,卖盘
1455,13:04:33,10.32,--,2,2064,卖盘
1456,13:04:30,10.32,--,199,205368,卖盘
1457,13:04:24,10.32,--,20,20640,卖盘
1458,13:04:21,10.32,--,37,38184,卖盘
1459,13:04:15,10.32,-0.01,19,19608,卖盘
1460,13:04:09,10.33,0.01,10,10330,买盘
1461,13:04:03,10.32,-0.01,2,2064,卖盘
1462,13:04:00,10.33,0.01,3,3099,买盘
1463,13:03:57,10.32,--,3,3096,卖盘
1464,13:03:48,10.32,--,17,17544,卖盘
1465,13:03:45,10.32,--,340,350880,买盘
1466,13:03:42,10.32,--,10,10320,买盘
1467,13:03:36,10.32,0.01,3,3096,买盘
1468,13:03:33,10.31,-0.01,1,1031,卖盘
1469,13:03:27,10.32,--,107,110424,买盘
1470,13:03:21,10.32,--,75,77400,买盘
1471,13:03:18,10.32,0.01,20,20640,买盘
1472,13:03:15,10.31,-0.01,52,53612,卖盘
1473,13:03:12,10.32,0.01,2,2064,买盘
1474,13:03:09,10.31,--,5,5155,卖盘
1475,13:03:06,10.31,-0.01,3,3093,卖盘
1476,13:03:03,10.32,--,106,109392,买盘
1477,13:03:00,10.32,0.01,223,230136,买盘
1478,13:02:57,10.31,-0.01,3,3093,卖盘
1479,13:02:51,10.32,0.01,10,10320,买盘
1480,13:02:48,10.31,-0.01,1,1031,卖盘
1481,13:02:39,10.32,--,20,20640,买盘
1482,13:02:36,10.32,--,265,273480,卖盘
1483,13:02:33,10.32,--,1,1032,卖盘
1484,13:02:24,10.32,-0.01,32,33024,卖盘
1485,13:02:21,10.33,--,267,275811,买盘
1486,13:02:18,10.33,0.01,69,71277,买盘
1487,13:02:15,10.32,-0.01,180,185760,卖盘
1488,13:02:09,10.33,--,1,1033,买盘
1489,13:02:06,10.33,0.01,5,5165,买盘
1490,13:02:03,10.32,--,2,2064,卖盘
1491,13:02:00,10.32,--,32,33024,卖盘
1492,13:01:57,10.32,-0.01,246,253872,卖盘
1493,13:01:54,10.33,--,191,197303,买盘
1494,13:01:51,10.33,0.01,1,1033,买盘
1495,13:01:48,10.32,--,16,16512,卖盘
1496,13:01:45,10.32,--,68,70176,卖盘
1497,13:01:42,10.32,-0.01,315,325080,卖盘
1498,13:01:39,10.33,0.01,15,15495,买盘
1499,13:01:36,10.32,--,111,114552,卖盘
1500,13:01:33,10.32,--,401,413832,卖盘
1501,13:01:30,10.32,--,60,61920,卖盘
1502,13:01:27,10.32,-0.01,6,6192,卖盘
1503,13:01:18,10.33,--,50,51650,买盘
1504,13:01:15,10.33,--,4,4132,买盘
1505,13:01:09,10.33,0.01,1,1033,买盘
1506,13:01:03,10.32,--,2,2064,卖盘
1507,13:00:54,10.32,--,5,5160,卖盘
1508,13:00:51,10.32,--,50,51600,卖盘
1509,13:00:42,10.32,--,50,51600,卖盘
1510,13:00:33,10.32,--,2,2064,卖盘
1511,13:00:15,10.32,--,28,28896,卖盘
1512,13:00:06,10.32,--,35,36120,卖盘
1513,13:00:03,10.32,--,542,559447,买盘
1514,13:00:00,10.32,--,0,0,买盘
1515,11:30:00,10.32,0.01,4,4128,买盘
1516,11:29:57,10.31,-0.01,2,2062,卖盘
1517,11:29:54,10.32,--,20,20640,买盘
1518,11:29:51,10.32,0.01,1,1032,买盘
1519,11:29:42,10.31,--,5,5155,卖盘
1520,11:29:36,10.31,0.01,7,7217,中性盘
1521,11:29:33,10.3,-0.02,1,1030,卖盘
1522,11:29:27,10.32,0.02,22,22704,买盘
1523,11:29:18,10.3,--,10,10300,卖盘
1524,11:29:09,10.3,--,41,42230,买盘
1525,11:29:06,10.3,--,1128,1161840,买盘
1526,11:29:03,10.3,--,314,323420,买盘
1527,11:29:00,10.3,0.01,32,32960,买盘
1528,11:28:57,10.29,-0.01,69,71001,卖盘
1529,11:28:54,10.3,--,301,310030,买盘
1530,11:28:51,10.3,--,80,82400,买盘
1531,11:28:48,10.3,--,13,13390,买盘
1532,11:28:45,10.3,--,65,66950,买盘
1533,11:28:42,10.3,--,140,144200,买盘
1534,11:28:39,10.3,--,194,199820,买盘
1535,11:28:36,10.3,-0.01,3681,3791430,卖盘
1536,11:28:33,10.31,-0.01,1,1031,卖盘
1537,11:28:30,10.32,--,10,10320,买盘
1538,11:28:24,10.32,0.01,12,12384,买盘
1539,11:28:21,10.31,--,50,51550,卖盘
1540,11:28:18,10.31,--,378,389718,买盘
1541,11:28:15,10.31,--,41,42271,买盘
1542,11:28:12,10.31,--,166,171146,买盘
1543,11:28:09,10.31,--,6,6186,买盘
1544,11:28:06,10.31,--,409,421679,卖盘
1545,11:28:03,10.31,--,2,2062,卖盘
1546,11:27:57,10.31,--,6,6186,卖盘
1547,11:27:33,10.31,-0.01,20,20620,中性盘
1548,11:27:24,10.32,0.01,19,19608,买盘
1549,11:27:15,10.31,0.01,901,929116,买盘
1550,11:27:12,10.3,--,3397,3498910,买盘
1551,11:27:09,10.3,--,182,187460,买盘
1552,11:27:06,10.3,--,766,788980,买盘
1553,11:27:03,10.3,--,27,27810,买盘
1554,11:27:00,10.3,0.01,38,39140,买盘
1555,11:26:57,10.29,-0.01,1377,1416932,卖盘
1556,11:26:54,10.3,--,3,3090,买盘
1557,11:26:51,10.3,--,194,199820,买盘
1558,11:26:48,10.3,0.01,13,13390,买盘
1559,11:26:45,10.29,-0.01,200,205799,卖盘
1560,11:26:42,10.3,--,311,320330,买盘
1561,11:26:39,10.3,--,2,2060,买盘
1562,11:26:36,10.3,--,8,8240,买盘
1563,11:26:33,10.3,--,62,63860,买盘
1564,11:26:30,10.3,--,50,51500,买盘
1565,11:26:27,10.3,--,20,20600,买盘
1566,11:26:24,10.3,--,120,123600,买盘
1567,11:26:21,10.3,--,5,5150,买盘
1568,11:26:18,10.3,--,100,103000,买盘
1569,11:26:15,10.3,--,6,6180,买盘
1570,11:26:09,10.3,--,85,87550,买盘
1571,11:26:06,10.3,--,1,1030,买盘
1572,11:26:03,10.3,--,147,151410,买盘
1573,11:26:00,10.3,0.01,50,51500,买盘
1574,11:25:57,10.29,-0.01,185,190364,卖盘
1575,11:25:54,10.3,--,10,10300,买盘
1576,11:25:51,10.3,--,23,23690,买盘
1577,11:25:36,10.3,--,22,22660,买盘
1578,11:25:33,10.3,--,7,7210,买盘
1579,11:25:30,10.3,0.01,110,113300,买盘
1580,11:25:27,10.29,-0.01,30,30869,卖盘
1581,11:25:24,10.3,--,28,28840,买盘
1582,11:25:21,10.3,--,9,9270,买盘
1583,11:25:18,10.3,--,2,2060,买盘
1584,11:25:15,10.3,--,30,30900,买盘
1585,11:25:06,10.3,0.01,7,7210,买盘
1586,11:25:03,10.29,--,14,14405,卖盘
1587,11:24:57,10.29,-0.01,3,3086,卖盘
1588,11:24:48,10.3,--,40,41200,买盘
1589,11:24:39,10.3,--,218,224540,买盘
1590,11:24:36,10.3,0.01,5,5150,买盘
1591,11:24:33,10.29,-0.01,9,9261,卖盘
1592,11:24:30,10.3,--,13,13390,买盘
1593,11:24:21,10.3,--,23,23690,买盘
1594,11:24:15,10.3,--,5,5150,买盘
1595,11:24:12,10.3,--,5,5283,买盘
1596,11:24:09,10.3,--,1,1030,买盘
1597,11:24:06,10.3,0.01,35,36050,买盘
1598,11:24:03,10.29,-0.01,2,2058,卖盘
1599,11:24:00,10.3,0.01,1,1030,买盘
1600,11:23:57,10.29,-0.01,4,4116,卖盘
1601,11:23:51,10.3,--,26,26780,买盘
1602,11:23:48,10.3,--,33,33990,买盘
1603,11:23:45,10.3,--,20,20600,买盘
1604,11:23:42,10.3,0.01,1,1030,买盘
1605,11:23:39,10.29,-0.01,36,37044,卖盘
1606,11:23:33,10.3,--,55,56650,买盘
1607,11:23:30,10.3,--,4,4120,买盘
1608,11:23:27,10.3,--,102,105060,买盘
1609,11:23:24,10.3,--,100,103000,买盘
1610,11:23:21,10.3,--,30,30900,买盘
1611,11:23:15,10.3,0.01,55,56650,买盘
1612,11:23:06,10.29,-0.01,16,16464,卖盘
1613,11:23:03,10.3,--,23,23690,买盘
1614,11:23:00,10.3,--,45,46350,买盘
1615,11:22:57,10.3,0.01,23,23690,买盘
1616,11:22:54,10.29,-0.01,10,10290,卖盘
1617,11:22:48,10.3,--,6,6180,买盘
1618,11:22:45,10.3,0.01,24,24720,买盘
1619,11:22:33,10.29,-0.01,151,155379,卖盘
1620,11:22:30,10.3,--,5,5150,买盘
1621,11:22:24,10.3,--,28,28840,买盘
1622,11:22:18,10.3,--,67,69010,买盘
1623,11:22:09,10.3,--,1,1030,买盘
1624,11:22:06,10.3,0.01,24,24720,买盘
1625,11:22:03,10.29,--,2,2058,卖盘
1626,11:21:57,10.29,-0.01,2,2058,卖盘
1627,11:21:51,10.3,0.01,6,6180,买盘
1628,11:21:42,10.29,-0.01,17,17493,卖盘
1629,11:21:39,10.3,0.01,27,27810,买盘
1630,11:21:33,10.29,-0.01,52,53507,卖盘
1631,11:21:30,10.3,--,26,26780,买盘
1632,11:21:27,10.3,--,5,5150,买盘
1633,11:21:24,10.3,--,50,51500,买盘
1634,11:21:21,10.3,0.01,4005,4125150,买盘
1635,11:21:15,10.29,-0.01,116,119363,卖盘
1636,11:21:09,10.3,0.01,86,88580,买盘
1637,11:21:03,10.29,-0.01,1,1029,卖盘
1638,11:21:00,10.3,0.01,10,10300,买盘
1639,11:20:57,10.29,--,3,3086,卖盘
1640,11:20:54,10.29,--,124,127595,卖盘
1641,11:20:51,10.29,-0.01,106,109073,卖盘
1642,11:20:48,10.3,--,10,10300,买盘
1643,11:20:45,10.3,--,10,10300,买盘
1644,11:20:42,10.3,--,70,72100,买盘
1645,11:20:39,10.3,--,105,108150,买盘
1646,11:20:36,10.3,0.01,102,105060,买盘
1647,11:20:33,10.29,--,12,12347,卖盘
1648,11:20:21,10.29,--,3,3086,卖盘
1649,11:20:15,10.29,--,219,226009,买盘
1650,11:20:12,10.29,--,484,498035,买盘
1651,11:20:09,10.29,--,402,413657,买盘
1652,11:20:06,10.29,--,50,51449,买盘
1653,11:20:03,10.29,--,509,523760,买盘
1654,11:20:00,10.29,0.01,6,6173,买盘
1655,11:19:57,10.28,--,10,10280,卖盘
1656,11:19:54,10.28,-0.01,80,82240,卖盘
1657,11:19:48,10.29,--,417,429092,买盘
1658,11:19:45,10.29,0.01,10,10290,买盘
1659,11:19:33,10.28,-0.01,2,2056,卖盘
1660,11:19:27,10.29,--,30,30869,买盘
1661,11:19:24,10.29,0.01,16,16464,买盘
1662,11:19:18,10.28,--,40,41120,卖盘
1663,11:19:15,10.28,-0.01,125,128499,卖盘
1664,11:19:09,10.29,--,164,168756,买盘
1665,11:19:06,10.29,0.01,1,1029,买盘
1666,11:19:03,10.28,--,52,53456,卖盘
1667,11:18:57,10.28,-0.01,2,2056,卖盘
1668,11:18:54,10.29,--,5,5145,买盘
1669,11:18:51,10.29,--,15,15434,买盘
1670,11:18:48,10.29,--,495,509725,卖盘
1671,11:18:45,10.29,--,23,23666,卖盘
1672,11:18:39,10.29,-0.01,400,411846,卖盘
1673,11:18:36,10.3,0.01,1,1030,买盘
1674,11:18:33,10.29,-0.01,94,96725,卖盘
1675,11:18:30,10.3,0.01,2,2060,买盘
1676,11:18:27,10.29,-0.01,7,7202,卖盘
1677,11:18:24,10.3,0.01,103,106090,买盘
1678,11:18:21,10.29,-0.01,8,8232,卖盘
1679,11:18:09,10.3,0.01,1,1030,买盘
1680,11:18:03,10.29,--,2,2058,卖盘
1681,11:17:57,10.29,--,83,85407,卖盘
1682,11:17:54,10.29,-0.01,14,14405,卖盘
1683,11:17:48,10.3,--,30,30900,买盘
1684,11:17:45,10.3,-0.01,553,569590,卖盘
1685,11:17:42,10.31,0.01,1,1031,买盘
1686,11:17:36,10.3,--,30,30900,卖盘
1687,11:17:33,10.3,--,1,1030,卖盘
1688,11:17:30,10.3,--,1,1030,卖盘
1689,11:17:27,10.3,--,3,3090,卖盘
1690,11:17:24,10.3,--,19,19570,卖盘
1691,11:17:18,10.3,0.01,14,14420,中性盘
1692,11:17:06,10.29,-0.01,80,82320,卖盘
1693,11:17:03,10.3,--,38,39552,买盘
1694,11:17:00,10.3,0.01,31,31930,买盘
1695,11:16:57,10.29,0.01,26,26753,中性盘
1696,11:16:51,10.28,-0.02,16,16448,卖盘
1697,11:16:45,10.3,--,8,8240,买盘
1698,11:16:42,10.3,0.02,3,3090,买盘
1699,11:16:33,10.28,--,132,135696,买盘
1700,11:16:30,10.28,--,13,13364,买盘
1701,11:16:21,10.28,--,25,25700,买盘
1702,11:16:15,10.28,-0.03,10394,10685032,卖盘
1703,11:16:09,10.31,--,1,1031,买盘
1704,11:16:06,10.31,0.01,32,32992,买盘
1705,11:16:03,10.3,--,2,2060,卖盘
1706,11:15:57,10.3,-0.01,3,3090,卖盘
1707,11:15:54,10.31,--,25,25775,买盘
1708,11:15:51,10.31,-0.01,416,429019,卖盘
1709,11:15:48,10.32,0.01,10,10320,买盘
1710,11:15:45,10.31,--,209,215479,卖盘
1711,11:15:33,10.31,-0.01,13,13403,卖盘
1712,11:15:30,10.32,0.01,10,10320,买盘
1713,11:15:27,10.31,-0.01,311,320641,卖盘
1714,11:15:24,10.32,0.01,100,103200,买盘
1715,11:15:21,10.31,-0.01,600,618600,卖盘
1716,11:15:18,10.32,0.01,4,4128,买盘
1717,11:15:15,10.31,--,100,103100,卖盘
1718,11:15:12,10.31,--,424,437144,卖盘
1719,11:15:09,10.31,--,12,12372,卖盘
1720,11:15:03,10.31,--,1,1031,卖盘
1721,11:15:00,10.31,--,266,274246,卖盘
1722,11:14:57,10.31,-0.01,2,2062,卖盘
1723,11:14:45,10.32,0.01,8,8256,买盘
1724,11:14:42,10.31,--,10,10310,卖盘
1725,11:14:33,10.31,--,7,7217,卖盘
1726,11:14:24,10.31,--,80,82480,卖盘
1727,11:14:18,10.31,--,28,28868,卖盘
1728,11:14:15,10.31,-0.01,50,51550,卖盘
1729,11:14:09,10.32,0.01,4,4128,买盘
1730,11:14:03,10.31,--,1,1031,卖盘
1731,11:13:57,10.31,-0.01,3,3093,卖盘
1732,11:13:45,10.32,--,5,5160,买盘
1733,11:13:42,10.32,--,7,7224,买盘
1734,11:13:39,10.32,0.01,9,9288,买盘
1735,11:13:33,10.31,--,4,4124,卖盘
1736,11:13:27,10.31,-0.01,51,52581,卖盘
1737,11:13:24,10.32,0.01,4,4128,买盘
1738,11:13:21,10.31,--,250,257750,卖盘
1739,11:13:15,10.31,-0.01,7,7217,卖盘
1740,11:13:09,10.32,0.01,43,44376,买盘
1741,11:13:03,10.31,--,1,1031,卖盘
1742,11:13:00,10.31,--,2,2062,卖盘
1743,11:12:57,10.31,--,2,2062,卖盘
1744,11:12:48,10.31,--,50,51550,卖盘
1745,11:12:45,10.31,--,18,18558,卖盘
1746,11:12:36,10.31,--,10,10310,卖盘
1747,11:12:33,10.31,--,2,2062,卖盘
1748,11:12:27,10.31,--,100,103100,卖盘
1749,11:12:21,10.31,-0.01,10,10310,卖盘
1750,11:12:18,10.32,0.01,15,15480,买盘
1751,11:12:12,10.31,--,109,112379,卖盘
1752,11:12:09,10.31,--,153,157743,卖盘
1753,11:12:03,10.31,-0.01,52,53612,卖盘
1754,11:12:00,10.32,0.01,8,8256,买盘
1755,11:11:57,10.31,--,527,543337,卖盘
1756,11:11:54,10.31,--,5,5155,卖盘
1757,11:11:51,10.31,-0.01,171,176301,卖盘
1758,11:11:48,10.32,0.01,8,8256,买盘
1759,11:11:45,10.31,--,10,10310,卖盘
1760,11:11:42,10.31,--,9,9279,卖盘
1761,11:11:39,10.31,--,71,73201,卖盘
1762,11:11:36,10.31,--,30,30930,卖盘
1763,11:11:33,10.31,--,1,1031,卖盘
1764,11:11:27,10.31,--,51,52581,卖盘
1765,11:11:21,10.31,--,173,178363,卖盘
1766,11:11:09,10.31,--,2,2062,卖盘
1767,11:11:03,10.31,--,2,2062,卖盘
1768,11:10:57,10.31,--,81,83511,卖盘
1769,11:10:54,10.31,--,31,31961,卖盘
1770,11:10:51,10.31,-0.01,111,114441,卖盘
1771,11:10:48,10.32,--,8,8256,买盘
1772,11:10:39,10.32,0.01,12,12384,买盘
1773,11:10:33,10.31,--,126,129906,卖盘
1774,11:10:18,10.31,--,125,128875,卖盘
1775,11:10:15,10.31,--,87,89697,卖盘
1776,11:10:09,10.31,--,90,92790,卖盘
1777,11:10:06,10.31,--,20,21032,卖盘
1778,11:10:03,10.31,--,2,2062,卖盘
1779,11:10:00,10.31,--,4,4124,卖盘
1780,11:09:57,10.31,-0.01,3,3093,卖盘
1781,11:09:54,10.32,--,15,15480,买盘
1782,11:09:48,10.32,--,5,5160,买盘
1783,11:09:45,10.32,--,13,13416,买盘
1784,11:09:42,10.32,0.01,1,1032,买盘
1785,11:09:33,10.31,--,1,1031,卖盘
1786,11:09:30,10.31,-0.01,9,9279,卖盘
1787,11:09:27,10.32,--,3,3096,买盘
1788,11:09:18,10.32,0.01,10,10320,买盘
1789,11:09:15,10.31,--,134,138154,卖盘
1790,11:09:12,10.31,--,267,275277,卖盘
1791,11:09:09,10.31,--,3,3093,卖盘
1792,11:09:03,10.31,--,2,2062,卖盘
1793,11:09:00,10.31,--,80,82480,卖盘
1794,11:08:57,10.31,-0.01,2,2062,卖盘
1795,11:08:51,10.32,--,76,78432,买盘
1796,11:08:39,10.32,0.01,7,7224,买盘
1797,11:08:33,10.31,-0.01,2,2062,卖盘
1798,11:08:27,10.32,0.01,66,68112,买盘
1799,11:08:24,10.31,-0.01,4,4124,卖盘
1800,11:08:12,10.32,--,2,2064,买盘
1801,11:08:09,10.32,--,1,1032,买盘
1802,11:08:06,10.32,0.01,5,5160,买盘
1803,11:08:03,10.31,--,1,1031,卖盘
1804,11:07:57,10.31,--,503,518593,卖盘
1805,11:07:54,10.31,-0.01,47,48457,卖盘
1806,11:07:45,10.32,--,29,29928,买盘
1807,11:07:42,10.32,0.01,47,48504,买盘
1808,11:07:39,10.31,--,31,31961,卖盘
1809,11:07:33,10.31,-0.01,2,2062,卖盘
1810,11:07:24,10.32,0.01,20,20640,买盘
1811,11:07:03,10.31,--,11,11341,卖盘
1812,11:06:57,10.31,-0.01,2,2062,卖盘
1813,11:06:51,10.32,--,5,5160,买盘
1814,11:06:42,10.32,--,8,8256,买盘
1815,11:06:36,10.32,0.01,6,6192,买盘
1816,11:06:33,10.31,-0.01,9,9279,卖盘
1817,11:06:27,10.32,--,29,29928,买盘
1818,11:06:24,10.32,--,30,31021,买盘
1819,11:06:21,10.32,--,20,20640,买盘
1820,11:06:18,10.32,--,33,34056,买盘
1821,11:06:12,10.32,--,4,4128,买盘
1822,11:06:09,10.32,0.01,1,1032,买盘
1823,11:06:06,10.31,--,3,3093,卖盘
1824,11:06:03,10.31,--,1,1031,卖盘
1825,11:05:57,10.31,-0.01,3,3093,卖盘
1826,11:05:51,10.32,--,1,1032,买盘
1827,11:05:45,10.32,0.01,27,27864,买盘
1828,11:05:42,10.31,-0.01,21,21651,卖盘
1829,11:05:39,10.32,--,8,8256,买盘
1830,11:05:36,10.32,0.01,10,10320,买盘
1831,11:05:33,10.31,-0.01,2,2062,卖盘
1832,11:05:27,10.32,--,5,5160,买盘
1833,11:05:21,10.32,0.01,20,20640,买盘
1834,11:05:15,10.31,-0.01,1,1031,卖盘
1835,11:05:12,10.32,0.01,9,9288,买盘
1836,11:05:03,10.31,-0.01,2,2062,卖盘
1837,11:05:00,10.32,0.01,500,516000,买盘
1838,11:04:57,10.31,-0.01,2,2062,卖盘
1839,11:04:54,10.32,0.01,8,8256,买盘
1840,11:04:48,10.31,--,0,433,卖盘
1841,11:04:45,10.31,-0.01,17,17527,卖盘
1842,11:04:42,10.32,0.01,37,38184,买盘
1843,11:04:39,10.31,--,174,179394,卖盘
1844,11:04:33,10.31,-0.01,9,9279,卖盘
1845,11:04:27,10.32,0.01,8,8256,买盘
1846,11:04:12,10.31,-0.01,17,17527,卖盘
1847,11:04:09,10.32,--,101,104232,买盘
1848,11:04:06,10.32,0.01,20,20640,买盘
1849,11:04:03,10.31,--,19,19589,卖盘
1850,11:04:00,10.31,--,100,103100,卖盘
1851,11:03:57,10.31,-0.01,3,3093,卖盘
1852,11:03:54,10.32,--,46,47472,买盘
1853,11:03:48,10.32,--,18,18576,买盘
1854,11:03:42,10.32,--,23,23736,买盘
1855,11:03:39,10.32,--,12,12384,买盘
1856,11:03:36,10.32,0.01,3,3096,买盘
1857,11:03:33,10.31,-0.01,4,4124,卖盘
1858,11:03:30,10.32,0.01,12,12384,买盘
1859,11:03:24,10.31,-0.01,43,44333,卖盘
1860,11:03:18,10.32,0.01,200,206400,买盘
1861,11:03:06,10.31,--,247,254657,卖盘
1862,11:03:03,10.31,--,7,7217,卖盘
1863,11:02:57,10.31,-0.01,21,21651,卖盘
1864,11:02:45,10.32,--,9,9288,买盘
1865,11:02:39,10.32,0.01,4,4128,买盘
1866,11:02:33,10.31,-0.01,2,2062,卖盘
1867,11:02:30,10.32,--,88,90816,买盘
1868,11:02:27,10.32,--,14,14448,买盘
1869,11:02:24,10.32,--,6,6192,买盘
1870,11:02:21,10.32,--,66,68112,买盘
1871,11:02:18,10.32,--,1,1032,买盘
1872,11:02:15,10.32,0.01,7,7224,买盘
1873,11:02:12,10.31,--,20,20620,卖盘
1874,11:02:09,10.31,--,29,29899,卖盘
1875,11:02:03,10.31,-0.01,1,1031,卖盘
1876,11:01:57,10.32,0.01,6,6192,买盘
1877,11:01:51,10.31,-0.01,22,22682,卖盘
1878,11:01:48,10.32,0.01,29,29928,买盘
1879,11:01:45,10.31,-0.01,4,4124,卖盘
1880,11:01:42,10.32,--,43,44376,买盘
1881,11:01:39,10.32,0.01,1,1032,买盘
1882,11:01:33,10.31,-0.01,28,28868,卖盘
1883,11:01:27,10.32,--,10,10320,买盘
1884,11:01:24,10.32,--,25,25800,买盘
1885,11:01:18,10.32,--,31,31992,买盘
1886,11:01:09,10.32,0.01,2,2064,买盘
1887,11:01:06,10.31,--,201,207231,卖盘
1888,11:01:03,10.31,--,8,8248,卖盘
1889,11:01:00,10.31,--,3,3093,卖盘
1890,11:00:57,10.31,-0.01,2,2062,卖盘
1891,11:00:42,10.32,--,8,8256,买盘
1892,11:00:36,10.32,0.01,229,236328,买盘
1893,11:00:33,10.31,-0.01,2,2062,卖盘
1894,11:00:24,10.32,0.01,200,206400,买盘
1895,11:00:18,10.31,--,23,23713,卖盘
1896,11:00:15,10.31,-0.01,10,10310,卖盘
1897,11:00:06,10.32,0.01,30,30960,买盘
1898,11:00:03,10.31,--,1,1031,卖盘
1899,10:59:57,10.31,-0.01,3,3093,卖盘
1900,10:59:54,10.32,--,5,5160,买盘
1901,10:59:48,10.32,--,2,2064,买盘
1902,10:59:42,10.32,--,8,8256,买盘
1903,10:59:39,10.32,0.01,8,8256,买盘
1904,10:59:33,10.31,--,2,2062,卖盘
1905,10:59:27,10.31,--,10,10310,卖盘
1906,10:59:21,10.31,--,23,23713,卖盘
1907,10:59:15,10.31,--,7,7217,卖盘
1908,10:59:09,10.31,-0.01,301,310331,卖盘
1909,10:59:06,10.32,--,1,1032,买盘
1910,10:59:03,10.32,0.01,9,9288,买盘
1911,10:58:57,10.31,--,3,3093,卖盘
1912,10:58:54,10.31,-0.01,415,427865,卖盘
1913,10:58:51,10.32,--,7,7224,买盘
1914,10:58:45,10.32,--,5,5160,买盘
1915,10:58:42,10.32,0.01,8,8256,买盘
1916,10:58:36,10.31,--,39,40209,卖盘
1917,10:58:33,10.31,-0.01,1,1031,卖盘
1918,10:58:27,10.32,0.01,20,20640,买盘
1919,10:58:21,10.31,-0.01,400,412400,卖盘
1920,10:58:12,10.32,0.01,4,4128,买盘
1921,10:58:09,10.31,--,72,74232,卖盘
1922,10:58:03,10.31,--,2,2062,卖盘
1923,10:58:00,10.31,--,5,5155,卖盘
1924,10:57:57,10.31,--,2,2062,卖盘
1925,10:57:54,10.31,--,300,309300,卖盘
1926,10:57:48,10.31,-0.01,13,13403,卖盘
1927,10:57:45,10.32,--,2,2064,买盘
1928,10:57:42,10.32,--,3,3096,买盘
1929,10:57:39,10.32,0.01,557,574824,买盘
1930,10:57:33,10.31,-0.01,1,1031,卖盘
1931,10:57:27,10.32,0.01,29,29928,买盘
1932,10:57:24,10.31,-0.01,50,51550,卖盘
1933,10:57:15,10.32,--,13,13416,买盘
1934,10:57:09,10.32,0.01,36,37152,买盘
1935,10:57:06,10.31,--,15,15465,卖盘
1936,10:57:03,10.31,--,4,4124,卖盘
1937,10:57:00,10.31,-0.01,37,38147,卖盘
1938,10:56:57,10.32,--,35,36120,买盘
1939,10:56:54,10.32,0.01,1,1032,买盘
1940,10:56:51,10.31,-0.01,32,32992,卖盘
1941,10:56:45,10.32,--,37,38184,买盘
1942,10:56:42,10.32,0.01,10,10320,买盘
1943,10:56:39,10.31,--,31,31961,卖盘
1944,10:56:33,10.31,-0.01,1,1031,卖盘
1945,10:56:30,10.32,0.01,20,20640,买盘
1946,10:56:24,10.31,--,10,10310,卖盘
1947,10:56:21,10.31,-0.01,2,2062,卖盘
1948,10:56:12,10.32,0.01,27,27864,买盘
1949,10:56:09,10.31,--,9,9279,卖盘
1950,10:56:06,10.31,--,1,1031,卖盘
1951,10:56:03,10.31,--,112,115472,卖盘
1952,10:55:57,10.31,--,2,2062,卖盘
1953,10:55:45,10.31,-0.01,14,14434,卖盘
1954,10:55:39,10.32,--,17,17544,买盘
1955,10:55:36,10.32,0.01,1,1032,买盘
1956,10:55:33,10.31,--,23,23713,卖盘
1957,10:55:30,10.31,-0.01,14,14434,卖盘
1958,10:55:27,10.32,0.01,2,2064,买盘
1959,10:55:24,10.31,--,20,20620,卖盘
1960,10:55:21,10.31,--,20,20620,卖盘
1961,10:55:18,10.31,-0.01,50,51550,卖盘
1962,10:55:15,10.32,0.01,23,23736,买盘
1963,10:55:12,10.31,-0.01,124,127844,卖盘
1964,10:55:09,10.32,0.01,5,5160,买盘
1965,10:55:03,10.31,--,6,6186,卖盘
1966,10:54:57,10.31,--,3,3093,卖盘
1967,10:54:54,10.31,--,700,721700,卖盘
1968,10:54:45,10.31,-0.01,300,309300,卖盘
1969,10:54:42,10.32,--,9,9288,买盘
1970,10:54:39,10.32,0.01,20,20640,买盘
1971,10:54:33,10.31,-0.01,2,2062,卖盘
1972,10:54:30,10.32,--,10,10320,买盘
1973,10:54:27,10.32,--,31,31992,买盘
1974,10:54:24,10.32,0.01,5,5160,买盘
1975,10:54:21,10.31,-0.01,535,551585,卖盘
1976,10:54:18,10.32,--,13,13416,买盘
1977,10:54:12,10.32,0.01,100,103200,买盘
1978,10:54:09,10.31,-0.01,13,13403,卖盘
1979,10:54:06,10.32,--,73,75336,买盘
1980,10:54:03,10.32,0.01,16,16512,买盘
1981,10:53:57,10.31,-0.01,34,35054,卖盘
1982,10:53:42,10.32,--,30,30960,买盘
1983,10:53:36,10.32,0.01,21,21672,买盘
1984,10:53:33,10.31,-0.01,2,2062,卖盘
1985,10:53:24,10.32,--,120,123840,买盘
1986,10:53:15,10.32,--,6,6192,买盘
1987,10:53:12,10.32,--,11,11352,买盘
1988,10:53:09,10.32,0.01,51,52632,买盘
1989,10:53:03,10.31,-0.01,15,15465,卖盘
1990,10:53:00,10.32,0.01,10,10320,买盘
1991,10:52:57,10.31,-0.01,8,8248,卖盘
1992,10:52:54,10.32,--,40,41280,买盘
1993,10:52:51,10.32,--,15,15480,买盘
1994,10:52:48,10.32,--,11,11352,买盘
1995,10:52:42,10.32,--,5,5160,买盘
1996,10:52:39,10.32,0.01,8,8256,买盘
1997,10:52:33,10.31,-0.01,1,1031,卖盘
1998,10:52:30,10.32,--,3,3096,买盘
1999,10:52:27,10.32,--,68,70176,买盘
2000,10:52:21,10.32,--,26,26832,买盘
2001,10:52:15,10.32,0.01,1,1032,买盘
2002,10:52:03,10.31,--,2,2062,卖盘
2003,10:52:00,10.31,--,1,1031,卖盘
2004,10:51:57,10.31,-0.01,24,24744,卖盘
2005,10:51:54,10.32,--,50,51600,买盘
2006,10:51:51,10.32,--,10,10320,买盘
2007,10:51:48,10.32,0.01,10,10320,买盘
2008,10:51:45,10.31,-0.01,13,13403,卖盘
2009,10:51:42,10.32,--,28,28896,买盘
2010,10:51:36,10.32,0.01,18,18576,买盘
2011,10:51:33,10.31,-0.01,66,68046,卖盘
2012,10:51:30,10.32,0.01,19,19608,买盘
2013,10:51:27,10.31,-0.01,3,3093,卖盘
2014,10:51:21,10.32,0.01,3,3096,买盘
2015,10:51:18,10.31,-0.01,9,9279,卖盘
2016,10:51:15,10.32,--,27,27864,买盘
2017,10:51:09,10.32,--,1,1032,买盘
2018,10:51:06,10.32,0.01,6,6192,买盘
2019,10:51:03,10.31,--,231,238161,卖盘
2020,10:50:57,10.31,--,3,3093,卖盘
2021,10:50:54,10.31,--,7,7217,卖盘
2022,10:50:48,10.31,-0.01,13,13403,卖盘
2023,10:50:45,10.32,--,19,19608,买盘
2024,10:50:42,10.32,--,8,8256,买盘
2025,10:50:39,10.32,--,19,19608,买盘
2026,10:50:36,10.32,0.01,222,229104,买盘
2027,10:50:33,10.31,--,1,1031,卖盘
2028,10:50:30,10.31,-0.01,250,257750,卖盘
2029,10:50:24,10.32,--,5,5160,买盘
2030,10:50:18,10.32,--,10,10320,买盘
2031,10:50:15,10.32,--,330,340560,买盘
2032,10:50:12,10.32,--,164,169248,买盘
2033,10:50:09,10.32,0.01,17,17544,买盘
2034,10:50:06,10.31,-0.01,34,35054,卖盘
2035,10:50:03,10.32,--,82,84624,买盘
2036,10:50:00,10.32,0.01,9,9288,买盘
2037,10:49:57,10.31,-0.01,302,311362,卖盘
2038,10:49:45,10.32,--,29,29928,买盘
2039,10:49:42,10.32,--,97,100104,买盘
2040,10:49:39,10.32,0.01,8,8256,买盘
2041,10:49:36,10.31,--,50,51550,卖盘
2042,10:49:33,10.31,-0.01,121,124751,卖盘
2043,10:49:30,10.32,--,30,30960,买盘
2044,10:49:27,10.32,--,4,4128,买盘
2045,10:49:24,10.32,0.01,36,37152,买盘
2046,10:49:21,10.31,-0.01,13,13403,卖盘
2047,10:49:09,10.32,0.01,2,2064,买盘
2048,10:49:06,10.31,--,10,10310,卖盘
2049,10:49:03,10.31,--,6,6186,卖盘
2050,10:48:57,10.31,-0.01,3,3093,卖盘
2051,10:48:54,10.32,--,2,2064,买盘
2052,10:48:51,10.32,--,20,20640,买盘
2053,10:48:42,10.32,0.01,10,10320,买盘
2054,10:48:33,10.31,--,22,22682,卖盘
2055,10:48:24,10.31,-0.01,13,13403,卖盘
2056,10:48:18,10.32,0.01,10,10320,买盘
2057,10:48:12,10.31,--,134,138154,卖盘
2058,10:48:09,10.31,-0.01,14,14434,卖盘
2059,10:48:06,10.32,0.01,11,11352,买盘
2060,10:48:03,10.31,--,1,1031,卖盘
2061,10:48:00,10.31,--,17,17527,卖盘
2062,10:47:57,10.31,--,2,2062,卖盘
2063,10:47:54,10.31,--,33,34023,卖盘
2064,10:47:45,10.31,-0.01,9,9279,卖盘
2065,10:47:36,10.32,0.01,23,23736,买盘
2066,10:47:33,10.31,-0.01,2,2062,卖盘
2067,10:47:30,10.32,0.01,30,30960,买盘
2068,10:47:24,10.31,-0.01,130,134030,卖盘
2069,10:47:15,10.32,--,18,18576,买盘
2070,10:47:09,10.32,0.01,19,19608,买盘
2071,10:47:06,10.31,--,5,5155,卖盘
2072,10:47:03,10.31,--,50,51550,卖盘
2073,10:46:57,10.31,-0.01,3,3093,卖盘
2074,10:46:48,10.32,--,20,20640,买盘
2075,10:46:45,10.32,--,17,17544,买盘
2076,10:46:42,10.32,--,1,1032,买盘
2077,10:46:39,10.32,--,8,8256,买盘
2078,10:46:36,10.32,0.01,40,41280,买盘
2079,10:46:33,10.31,--,2,2062,卖盘
2080,10:46:21,10.31,--,14,14434,卖盘
2081,10:46:12,10.31,--,120,123720,卖盘
2082,10:46:09,10.31,--,13,13403,卖盘
2083,10:46:03,10.31,--,8,8248,卖盘
2084,10:45:57,10.31,--,2,2062,卖盘
2085,10:45:51,10.31,--,4,4124,卖盘
2086,10:45:42,10.31,--,44,45364,卖盘
2087,10:45:39,10.31,--,12,12372,卖盘
2088,10:45:33,10.31,--,1,1031,卖盘
2089,10:45:27,10.31,--,31,31961,卖盘
2090,10:45:24,10.31,--,6,6186,卖盘
2091,10:45:21,10.31,--,7,7217,卖盘
2092,10:45:18,10.31,-0.01,2,2062,卖盘
2093,10:45:15,10.32,--,21,21672,买盘
2094,10:45:09,10.32,0.01,1,1032,买盘
2095,10:45:03,10.31,-0.01,2,2062,卖盘
2096,10:45:00,10.32,--,2591,2674139,卖盘
2097,10:44:57,10.32,-0.01,13,13416,卖盘
2098,10:44:54,10.33,--,7,7231,买盘
2099,10:44:51,10.33,0.01,10,10330,买盘
2100,10:44:48,10.32,--,34,35088,卖盘
2101,10:44:45,10.32,-0.01,30,30960,卖盘
2102,10:44:39,10.33,0.01,17,17561,买盘
2103,10:44:36,10.32,--,4,4128,卖盘
2104,10:44:33,10.32,-0.01,1,1032,卖盘
2105,10:44:30,10.33,0.01,90,92970,买盘
2106,10:44:21,10.32,--,20,20640,卖盘
2107,10:44:18,10.32,-0.01,56,57792,卖盘
2108,10:44:15,10.33,--,20,20660,买盘
2109,10:44:12,10.33,0.01,23,23759,买盘
2110,10:44:09,10.32,--,122,125904,卖盘
2111,10:44:06,10.32,--,3,3096,卖盘
2112,10:44:03,10.32,--,102,105264,卖盘
2113,10:43:57,10.32,-0.01,93,95976,卖盘
2114,10:43:54,10.33,0.01,18,18594,买盘
2115,10:43:42,10.32,-0.01,1,1032,卖盘
2116,10:43:36,10.33,0.01,8,8264,买盘
2117,10:43:33,10.32,--,1002,1034064,卖盘
2118,10:43:30,10.32,-0.01,10,10320,卖盘
2119,10:43:24,10.33,--,40,41320,买盘
2120,10:43:15,10.33,--,2,2066,买盘
2121,10:43:09,10.33,0.01,19,19627,买盘
2122,10:43:06,10.32,--,20,20640,卖盘
2123,10:43:03,10.32,-0.01,1,1032,卖盘
2124,10:43:00,10.33,--,66,68178,买盘
2125,10:42:57,10.33,--,39,40287,买盘
2126,10:42:54,10.33,--,5,5165,买盘
2127,10:42:39,10.33,--,54,55782,买盘
2128,10:42:36,10.33,0.01,83,85739,买盘
2129,10:42:33,10.32,-0.01,2,2064,卖盘
2130,10:42:30,10.33,--,6,6198,买盘
2131,10:42:24,10.33,--,2,2066,买盘
2132,10:42:18,10.33,--,5,5165,买盘
2133,10:42:15,10.33,--,18,18594,买盘
2134,10:42:12,10.33,--,4,4132,买盘
2135,10:42:09,10.33,--,20,20660,买盘
2136,10:42:06,10.33,0.01,132,136356,买盘
2137,10:42:03,10.32,-0.01,1,1032,卖盘
2138,10:41:57,10.33,--,5,5165,买盘
2139,10:41:54,10.33,--,81,83673,买盘
2140,10:41:48,10.33,0.01,12,12396,买盘
2141,10:41:45,10.32,-0.01,44,45408,卖盘
2142,10:41:39,10.33,--,1,1033,买盘
2143,10:41:36,10.33,0.01,7,7231,买盘
2144,10:41:33,10.32,-0.01,13,13416,卖盘
2145,10:41:30,10.33,--,20,20660,买盘
2146,10:41:24,10.33,--,4,4132,买盘
2147,10:41:21,10.33,--,32,33056,买盘
2148,10:41:15,10.33,--,10,10330,买盘
2149,10:41:12,10.33,--,16,16528,买盘
2150,10:41:09,10.33,--,19,19627,买盘
2151,10:41:06,10.33,0.01,30,30990,买盘
2152,10:41:03,10.32,-0.01,21,21672,卖盘
2153,10:41:00,10.33,0.01,10,10330,买盘
2154,10:40:57,10.32,-0.01,399,411768,卖盘
2155,10:40:54,10.33,--,3,3099,买盘
2156,10:40:51,10.33,--,19,19627,买盘
2157,10:40:48,10.33,--,50,51650,买盘
2158,10:40:45,10.33,--,28,28924,买盘
2159,10:40:39,10.33,--,2,2066,买盘
2160,10:40:36,10.33,--,51,52683,买盘
2161,10:40:33,10.33,--,20,20660,买盘
2162,10:40:30,10.33,--,10,10330,买盘
2163,10:40:21,10.33,--,305,315065,买盘
2164,10:40:15,10.33,-0.01,1065,1100145,卖盘
2165,10:40:03,10.34,--,19,19646,买盘
2166,10:40:00,10.34,0.01,12,12408,买盘
2167,10:39:57,10.33,-0.01,3,3099,卖盘
2168,10:39:54,10.34,--,1,1034,买盘
2169,10:39:48,10.34,0.01,23,23782,买盘
2170,10:39:45,10.33,-0.01,7,7231,卖盘
2171,10:39:42,10.34,--,20,20680,买盘
2172,10:39:39,10.34,--,4,4136,买盘
2173,10:39:36,10.34,0.01,228,235752,买盘
2174,10:39:33,10.33,--,1,1033,卖盘
2175,10:39:24,10.33,--,100,103300,卖盘
2176,10:39:12,10.33,--,836,863588,买盘
2177,10:39:09,10.33,0.01,1,1033,买盘
2178,10:39:03,10.32,-0.01,2,2064,卖盘
2179,10:39:00,10.33,0.01,20,20660,买盘
2180,10:38:57,10.32,--,122,125904,卖盘
2181,10:38:54,10.32,--,3,3096,卖盘
2182,10:38:45,10.32,--,126,130836,买盘
2183,10:38:42,10.32,--,21,21672,买盘
2184,10:38:36,10.32,--,208,214656,买盘
2185,10:38:33,10.32,--,72,74304,买盘
2186,10:38:30,10.32,--,31,31992,买盘
2187,10:38:27,10.32,--,31,31992,买盘
2188,10:38:24,10.32,--,29,29928,买盘
2189,10:38:21,10.32,--,71,73272,买盘
2190,10:38:18,10.32,0.01,160,165120,买盘
2191,10:38:15,10.31,-0.01,144,148464,卖盘
2192,10:38:12,10.32,--,22,22704,买盘
2193,10:38:09,10.32,0.01,170,175440,买盘
2194,10:38:06,10.31,--,293,302083,卖盘
2195,10:38:03,10.31,--,33,34023,卖盘
2196,10:38:00,10.31,-0.01,17,17527,卖盘
2197,10:37:57,10.32,--,44,45408,买盘
2198,10:37:54,10.32,--,19,19608,买盘
2199,10:37:51,10.32,--,21,21672,买盘
2200,10:37:48,10.32,--,76,78432,买盘
2201,10:37:45,10.32,0.02,18,18576,买盘
2202,10:37:42,10.3,-0.01,120,123600,卖盘
2203,10:37:39,10.31,--,43,44333,买盘
2204,10:37:36,10.31,0.01,56,57736,买盘
2205,10:37:33,10.3,-0.01,2,2060,卖盘
2206,10:37:30,10.31,--,30,30930,买盘
2207,10:37:27,10.31,--,45,46395,买盘
2208,10:37:24,10.31,--,55,56705,买盘
2209,10:37:21,10.31,-0.01,316,325796,卖盘
2210,10:37:06,10.32,0.01,100,103200,买盘
2211,10:37:03,10.31,0.01,383,394873,买盘
2212,10:36:57,10.3,-0.01,2,2060,卖盘
2213,10:36:51,10.31,--,392,404378,卖盘
2214,10:36:39,10.31,-0.01,154,158774,卖盘
2215,10:36:36,10.32,0.01,8,8256,买盘
2216,10:36:33,10.31,--,2,2062,卖盘
2217,10:36:27,10.31,--,79,81449,卖盘
2218,10:36:21,10.31,--,5,5155,卖盘
2219,10:36:12,10.31,--,109,113183,买盘
2220,10:36:09,10.31,--,24,24744,买盘
2221,10:36:06,10.31,--,26,26806,买盘
2222,10:36:03,10.31,--,187,192797,买盘
2223,10:36:00,10.31,--,23,23713,买盘
2224,10:35:57,10.31,--,6,6186,买盘
2225,10:35:54,10.31,--,169,174239,买盘
2226,10:35:51,10.31,--,5,5155,买盘
2227,10:35:48,10.31,--,7,7217,买盘
2228,10:35:45,10.31,0.01,220,226820,买盘
2229,10:35:42,10.3,-0.01,20,20600,卖盘
2230,10:35:39,10.31,--,661,681491,买盘
2231,10:35:36,10.31,--,28,28868,买盘
2232,10:35:33,10.31,--,183,188673,买盘
2233,10:35:30,10.31,--,24,24744,买盘
2234,10:35:27,10.31,--,45,46395,买盘
2235,10:35:24,10.31,--,35,36085,买盘
2236,10:35:18,10.31,0.01,39,40209,买盘
2237,10:35:12,10.3,-0.01,139,143170,卖盘
2238,10:35:09,10.31,--,1,1031,买盘
2239,10:35:06,10.31,0.01,65,67015,买盘
2240,10:35:03,10.3,--,1,1030,卖盘
2241,10:34:57,10.3,-0.01,2,2060,卖盘
2242,10:34:54,10.31,--,10,10310,买盘
2243,10:34:51,10.31,0.01,35,36085,买盘
2244,10:34:45,10.3,--,120,123600,卖盘
2245,10:34:42,10.3,-0.01,38,39140,卖盘
2246,10:34:36,10.31,0.01,52,53612,买盘
2247,10:34:33,10.3,--,31,31930,卖盘
2248,10:34:27,10.3,--,417,429510,卖盘
2249,10:34:24,10.3,-0.01,6,6180,卖盘
2250,10:34:21,10.31,--,48,49488,买盘
2251,10:34:18,10.31,--,9,9279,买盘
2252,10:34:15,10.31,--,5,5155,买盘
2253,10:34:12,10.31,0.01,5,5155,买盘
2254,10:34:09,10.3,-0.01,6,6180,卖盘
2255,10:34:06,10.31,--,40,41240,买盘
2256,10:34:03,10.31,0.01,21,21651,买盘
2257,10:34:00,10.3,-0.01,138,142140,卖盘
2258,10:33:57,10.31,--,20,20620,买盘
2259,10:33:54,10.31,--,71,73201,买盘
2260,10:33:51,10.31,--,30,30930,买盘
2261,10:33:42,10.31,--,19,19589,买盘
2262,10:33:39,10.31,--,20,20620,买盘
2263,10:33:33,10.31,--,9,9279,买盘
2264,10:33:30,10.31,--,10,10310,买盘
2265,10:33:24,10.31,--,35,36085,买盘
2266,10:33:21,10.31,-0.01,236,243542,卖盘
2267,10:33:09,10.32,0.01,216,222912,买盘
2268,10:33:03,10.31,-0.01,32,32992,卖盘
2269,10:33:00,10.32,0.01,1,1032,买盘
2270,10:32:57,10.31,-0.01,2,2062,卖盘
2271,10:32:51,10.32,--,20,20640,买盘
2272,10:32:36,10.32,--,2,2064,买盘
2273,10:32:33,10.32,--,37,38184,买盘
2274,10:32:24,10.32,--,11,11352,买盘
2275,10:32:15,10.32,--,9,9288,买盘
2276,10:32:09,10.32,0.01,1,1032,买盘
2277,10:32:06,10.31,--,5,5155,卖盘
2278,10:32:03,10.31,--,2,2062,卖盘
2279,10:32:00,10.31,--,206,212994,卖盘
2280,10:31:57,10.31,--,123,126813,卖盘
2281,10:31:54,10.31,--,20,20620,卖盘
2282,10:31:45,10.31,--,5,5155,卖盘
2283,10:31:42,10.31,--,1,1031,卖盘
2284,10:31:39,10.31,-0.01,12,12372,卖盘
2285,10:31:36,10.32,0.01,8,8256,买盘
2286,10:31:33,10.31,-0.01,1,1031,卖盘
2287,10:31:30,10.32,--,4,4128,买盘
2288,10:31:27,10.32,0.01,20,20640,买盘
2289,10:31:21,10.31,-0.01,124,127844,卖盘
2290,10:31:12,10.32,0.01,2,2064,买盘
2291,10:31:03,10.31,--,2,2062,卖盘
2292,10:31:00,10.31,--,20,20620,卖盘
2293,10:30:57,10.31,--,2,2062,卖盘
2294,10:30:51,10.31,-0.01,15,15465,卖盘
2295,10:30:48,10.32,--,48,49536,买盘
2296,10:30:42,10.32,--,30,30960,买盘
2297,10:30:39,10.32,0.01,2,2064,买盘
2298,10:30:36,10.31,--,22,22682,卖盘
2299,10:30:33,10.31,-0.01,17,17527,卖盘
2300,10:30:21,10.32,0.01,29,29928,买盘
2301,10:30:18,10.31,--,269,277534,买盘
2302,10:30:15,10.31,--,20,20620,买盘
2303,10:30:12,10.31,--,1,1031,买盘
2304,10:30:09,10.31,-0.01,515,531800,卖盘
2305,10:30:06,10.32,--,2,2064,买盘
2306,10:30:03,10.32,0.01,3,3096,买盘
2307,10:29:57,10.31,--,143,147628,买盘
2308,10:29:54,10.31,--,20,20620,买盘
2309,10:29:51,10.31,--,46,47426,买盘
2310,10:29:48,10.31,--,17,17527,买盘
2311,10:29:45,10.31,--,110,113410,买盘
2312,10:29:42,10.31,--,31,31961,买盘
2313,10:29:39,10.31,--,40,41240,买盘
2314,10:29:36,10.31,0.01,261,269091,买盘
2315,10:29:33,10.3,-0.01,10,10300,卖盘
2316,10:29:30,10.31,--,22,22682,买盘
2317,10:29:27,10.31,--,13,13403,买盘
2318,10:29:24,10.31,--,15,15465,买盘
2319,10:29:21,10.31,--,5,5155,买盘
2320,10:29:18,10.31,0.01,20,20620,买盘
2321,10:29:15,10.3,-0.01,17,17510,卖盘
2322,10:29:12,10.31,--,52,53612,买盘
2323,10:29:09,10.31,0.01,51,52581,买盘
2324,10:29:03,10.3,-0.01,6,6180,卖盘
2325,10:29:00,10.31,0.01,15,15465,买盘
2326,10:28:57,10.3,-0.01,22,22660,卖盘
2327,10:28:54,10.31,--,190,195890,买盘
2328,10:28:51,10.31,--,4,4124,买盘
2329,10:28:45,10.31,0.01,5,5155,买盘
2330,10:28:42,10.3,-0.01,7,7210,卖盘
2331,10:28:39,10.31,--,11,11341,买盘
2332,10:28:36,10.31,--,69,71139,买盘
2333,10:28:33,10.31,--,40,41240,买盘
2334,10:28:30,10.31,--,334,344354,买盘
2335,10:28:27,10.31,0.01,1,1031,买盘
2336,10:28:24,10.3,-0.01,414,426420,卖盘
2337,10:28:15,10.31,--,46,47426,买盘
2338,10:28:12,10.31,--,18,18558,买盘
2339,10:28:09,10.31,--,79,81459,卖盘
2340,10:28:06,10.31,--,106,109286,卖盘
2341,10:28:03,10.31,--,41,42271,卖盘
2342,10:28:00,10.31,--,3,3093,卖盘
2343,10:27:57,10.31,--,42,43302,卖盘
2344,10:27:51,10.31,--,10,10310,卖盘
2345,10:27:42,10.31,-0.01,7,7217,卖盘
2346,10:27:36,10.32,0.01,5,5160,买盘
2347,10:27:33,10.31,--,66,69066,买盘
2348,10:27:30,10.31,--,72,74232,买盘
2349,10:27:27,10.31,-0.01,987,1017607,卖盘
2350,10:27:18,10.32,--,10,10320,买盘
2351,10:27:15,10.32,--,200,206400,买盘
2352,10:27:12,10.32,--,1,1032,买盘
2353,10:27:09,10.32,0.01,1,1032,买盘
2354,10:27:03,10.31,-0.01,3,3093,卖盘
2355,10:27:00,10.32,--,35,36120,买盘
2356,10:26:57,10.32,--,22,22704,买盘
2357,10:26:48,10.32,0.01,1,1032,买盘
2358,10:26:45,10.31,--,505,520655,卖盘
2359,10:26:33,10.31,-0.01,9,9279,卖盘
2360,10:26:30,10.32,0.01,9,9288,买盘
2361,10:26:18,10.31,-0.01,2,2062,卖盘
2362,10:26:15,10.32,0.01,2,2064,买盘
2363,10:26:12,10.31,-0.01,51,52581,卖盘
2364,10:26:09,10.32,--,21,21672,买盘
2365,10:26:06,10.32,0.01,6,6192,买盘
2366,10:26:03,10.31,-0.01,3,3093,卖盘
2367,10:25:57,10.32,0.01,34,35088,买盘
2368,10:25:54,10.31,-0.01,10,10310,卖盘
2369,10:25:51,10.32,--,275,283800,买盘
2370,10:25:45,10.32,--,207,213624,买盘
2371,10:25:42,10.32,--,1,1032,买盘
2372,10:25:36,10.32,0.01,10,10320,买盘
2373,10:25:33,10.31,-0.01,11,11341,卖盘
2374,10:25:30,10.32,0.01,26,26832,买盘
2375,10:25:27,10.31,-0.01,20,20620,卖盘
2376,10:25:24,10.32,--,10,10320,买盘
2377,10:25:21,10.32,--,39,40248,买盘
2378,10:25:18,10.32,--,20,20640,买盘
2379,10:25:09,10.32,0.01,1,1032,买盘
2380,10:25:06,10.31,--,115,118565,卖盘
2381,10:25:03,10.31,-0.01,128,131968,卖盘
2382,10:25:00,10.32,0.01,5,5160,买盘
2383,10:24:57,10.31,--,2,2062,卖盘
2384,10:24:51,10.31,-0.01,89,91759,卖盘
2385,10:24:45,10.32,--,8,8256,买盘
2386,10:24:42,10.32,--,126,130032,买盘
2387,10:24:33,10.32,--,9,9288,买盘
2388,10:24:24,10.32,--,4,4128,买盘
2389,10:24:15,10.32,0.01,32,33024,买盘
2390,10:24:09,10.31,-0.01,31,31961,卖盘
2391,10:24:06,10.32,0.01,4,4128,买盘
2392,10:24:03,10.31,-0.01,477,492714,卖盘
2393,10:24:00,10.32,0.01,98,101136,买盘
2394,10:23:57,10.31,-0.01,3,3093,卖盘
2395,10:23:54,10.32,-0.01,284,293088,卖盘
2396,10:23:48,10.33,0.01,2,2066,买盘
2397,10:23:45,10.32,-0.01,50,51600,卖盘
2398,10:23:33,10.33,--,10,10330,买盘
2399,10:23:30,10.33,--,8,8264,买盘
2400,10:23:27,10.33,0.01,10,10330,买盘
2401,10:23:24,10.32,-0.01,224,231168,卖盘
2402,10:23:18,10.33,0.01,49,50617,买盘
2403,10:23:12,10.32,-0.01,50,51600,卖盘
2404,10:23:06,10.33,0.01,5,5165,买盘
2405,10:23:03,10.32,--,468,482976,卖盘
2406,10:23:00,10.32,--,31,31992,卖盘
2407,10:22:57,10.32,-0.01,69,71208,卖盘
2408,10:22:48,10.33,0.01,14,14462,买盘
2409,10:22:45,10.32,--,30,30960,卖盘
2410,10:22:42,10.32,0.01,232,239424,买盘
2411,10:22:33,10.31,-0.02,2,2062,卖盘
2412,10:22:30,10.33,0.02,8,8264,买盘
2413,10:22:27,10.31,--,80,82480,卖盘
2414,10:22:21,10.31,-0.01,610,628910,卖盘
2415,10:22:18,10.32,0.01,132,136224,买盘
2416,10:22:15,10.31,-0.01,65,67015,卖盘
2417,10:22:12,10.32,--,20,20640,买盘
2418,10:22:09,10.32,--,85,87720,买盘
2419,10:22:03,10.32,-0.01,192,198144,卖盘
2420,10:22:00,10.33,0.01,19,19627,买盘
2421,10:21:57,10.32,--,84,86688,卖盘
2422,10:21:51,10.32,--,46,47472,买盘
2423,10:21:39,10.32,0.01,19,19608,买盘
2424,10:21:33,10.31,-0.01,2,2062,卖盘
2425,10:21:30,10.32,0.01,7,7224,买盘
2426,10:21:24,10.31,-0.01,35,36085,卖盘
2427,10:21:21,10.32,--,70,72240,买盘
2428,10:21:18,10.32,--,35,36120,买盘
2429,10:21:15,10.32,--,27,27864,买盘
2430,10:21:09,10.32,--,20,20640,买盘
2431,10:21:06,10.32,--,100,103200,买盘
2432,10:21:03,10.32,--,499,514968,买盘
2433,10:21:00,10.32,--,20,20640,买盘
2434,10:20:57,10.32,0.01,93,95976,买盘
2435,10:20:54,10.31,--,30,30930,卖盘
2436,10:20:48,10.31,-0.01,185,190735,卖盘
2437,10:20:42,10.32,0.01,60,61920,买盘
2438,10:20:33,10.31,-0.01,9,9279,卖盘
2439,10:20:30,10.32,--,202,208464,买盘
2440,10:20:27,10.32,--,6,6192,买盘
2441,10:20:24,10.32,--,2,2064,买盘
2442,10:20:21,10.32,--,41,42312,买盘
2443,10:20:18,10.32,--,5,5160,买盘
2444,10:20:12,10.32,--,300,309600,买盘
2445,10:20:09,10.32,--,1,1032,买盘
2446,10:20:06,10.32,0.01,3,3096,买盘
2447,10:20:03,10.31,-0.01,501,516531,卖盘
2448,10:19:57,10.32,--,2,2064,卖盘
2449,10:19:51,10.32,--,33,34056,卖盘
2450,10:19:48,10.32,--,3,3096,卖盘
2451,10:19:33,10.32,-0.01,101,104232,卖盘
2452,10:19:30,10.33,0.01,8,8264,买盘
2453,10:19:15,10.32,--,1,1032,卖盘
2454,10:19:06,10.32,--,5,5160,卖盘
2455,10:19:03,10.32,0.01,489,504648,买盘
2456,10:19:00,10.31,--,5,5155,卖盘
2457,10:18:57,10.31,-0.01,16,16496,卖盘
2458,10:18:54,10.32,--,30,30960,买盘
2459,10:18:51,10.32,--,28,28896,买盘
2460,10:18:48,10.32,--,483,498456,买盘
2461,10:18:42,10.32,--,82,84624,买盘
2462,10:18:36,10.32,--,38,39216,买盘
2463,10:18:33,10.32,--,21,21672,买盘
2464,10:18:30,10.32,--,19,19608,买盘
2465,10:18:27,10.32,--,8,8256,买盘
2466,10:18:21,10.32,--,2,2064,买盘
2467,10:18:18,10.32,--,19,19608,买盘
2468,10:18:15,10.32,--,6,6192,买盘
2469,10:18:12,10.32,--,4,4128,买盘
2470,10:18:09,10.32,0.01,20,20640,买盘
2471,10:18:06,10.31,--,11,11341,卖盘
2472,10:18:03,10.31,-0.01,81,83511,卖盘
2473,10:18:00,10.32,--,28,28896,卖盘
2474,10:17:57,10.32,-0.01,2,2064,卖盘
2475,10:17:54,10.33,--,211,217963,买盘
2476,10:17:45,10.33,--,40,41320,买盘
2477,10:17:42,10.33,--,268,276844,买盘
2478,10:17:39,10.33,0.01,26,26858,买盘
2479,10:17:36,10.32,--,4,4128,卖盘
2480,10:17:33,10.32,--,2,2064,卖盘
2481,10:17:30,10.32,--,61,63044,买盘
2482,10:17:21,10.32,--,19,19608,买盘
2483,10:17:15,10.32,--,2,2064,买盘
2484,10:17:12,10.32,0.01,108,111456,买盘
2485,10:17:06,10.31,--,12,12372,卖盘
2486,10:17:03,10.31,--,468,482508,卖盘
2487,10:16:57,10.31,--,16,16496,卖盘
2488,10:16:45,10.31,--,255,262905,卖盘
2489,10:16:42,10.31,--,16,16496,卖盘
2490,10:16:39,10.31,-0.01,1130,1165030,卖盘
2491,10:16:36,10.32,0.01,75,77400,买盘
2492,10:16:33,10.31,--,42,43302,卖盘
2493,10:16:30,10.31,-0.01,93,95883,卖盘
2494,10:16:24,10.32,0.01,22,22704,买盘
2495,10:16:21,10.31,--,69,71139,卖盘
2496,10:16:18,10.31,-0.01,79,81449,卖盘
2497,10:16:15,10.32,--,9,9288,买盘
2498,10:16:09,10.32,--,40,41280,买盘
2499,10:16:06,10.32,0.01,1,1032,买盘
2500,10:16:03,10.31,-0.01,468,482508,卖盘
2501,10:16:00,10.32,0.01,112,115584,买盘
2502,10:15:57,10.31,-0.01,70,73108,卖盘
2503,10:15:51,10.32,-0.01,185,190920,卖盘
2504,10:15:48,10.33,0.01,11,11363,买盘
2505,10:15:45,10.32,-0.01,8,8256,卖盘
2506,10:15:42,10.33,0.01,145,149785,买盘
2507,10:15:39,10.32,--,110,113520,卖盘
2508,10:15:36,10.32,--,6,6192,卖盘
2509,10:15:33,10.32,-0.01,2,2064,卖盘
2510,10:15:30,10.33,0.01,10,10330,买盘
2511,10:15:27,10.32,--,132,136224,卖盘
2512,10:15:21,10.32,--,2,2064,卖盘
2513,10:15:15,10.32,--,35,36120,卖盘
2514,10:15:12,10.32,--,56,57792,卖盘
2515,10:15:09,10.32,-0.01,1009,1041288,卖盘
2516,10:15:06,10.33,0.01,15,15495,买盘
2517,10:15:03,10.32,-0.01,468,482976,卖盘
2518,10:15:00,10.33,0.01,310,320230,买盘
2519,10:14:57,10.32,-0.01,3,3096,卖盘
2520,10:14:48,10.33,--,1,1033,买盘
2521,10:14:45,10.33,--,117,120861,买盘
2522,10:14:42,10.33,0.01,129,133257,买盘
2523,10:14:39,10.32,--,28,28896,卖盘
2524,10:14:36,10.32,--,63,65016,卖盘
2525,10:14:33,10.32,--,12,12384,卖盘
2526,10:14:30,10.32,-0.01,9,9288,卖盘
2527,10:14:27,10.33,0.01,28,28924,买盘
2528,10:14:24,10.32,--,2,2064,卖盘
2529,10:14:21,10.32,-0.01,62,63984,卖盘
2530,10:14:12,10.33,0.01,78,81524,买盘
2531,10:14:09,10.32,--,70,72240,卖盘
2532,10:14:06,10.32,--,360,371520,卖盘
2533,10:14:03,10.32,--,523,539736,卖盘
2534,10:14:00,10.32,--,5,5160,卖盘
2535,10:13:57,10.32,-0.01,4,4128,卖盘
2536,10:13:48,10.33,0.01,2,2066,买盘
2537,10:13:45,10.32,-0.01,75,77400,卖盘
2538,10:13:36,10.33,0.01,10,10330,买盘
2539,10:13:33,10.32,--,3,3096,卖盘
2540,10:13:30,10.32,-0.01,50,51600,卖盘
2541,10:13:27,10.33,0.01,7,7231,买盘
2542,10:13:21,10.32,-0.01,52,53664,卖盘
2543,10:13:18,10.33,--,15,15495,买盘
2544,10:13:12,10.33,0.01,9,9297,买盘
2545,10:13:03,10.32,--,469,484008,卖盘
2546,10:13:00,10.32,-0.01,10,10320,卖盘
2547,10:12:57,10.33,0.01,45,46485,买盘
2548,10:12:54,10.32,--,52,53664,卖盘
2549,10:12:42,10.32,-0.01,30,30960,卖盘
2550,10:12:39,10.33,0.01,19,19627,买盘
2551,10:12:33,10.32,-0.01,1,1032,卖盘
2552,10:12:30,10.33,0.01,1,1033,买盘
2553,10:12:27,10.32,-0.01,10,10320,卖盘
2554,10:12:24,10.33,--,103,106399,买盘
2555,10:12:15,10.33,--,10,10330,买盘
2556,10:12:09,10.33,--,86,88838,买盘
2557,10:12:06,10.33,--,9,9297,买盘
2558,10:12:03,10.33,--,33,34089,卖盘
2559,10:12:00,10.33,--,8,8264,卖盘
2560,10:11:57,10.33,--,54,55782,卖盘
2561,10:11:54,10.33,-0.01,8,8264,卖盘
2562,10:11:51,10.34,--,5,5170,买盘
2563,10:11:45,10.34,0.01,86,88924,买盘
2564,10:11:42,10.33,-0.01,21,21693,卖盘
2565,10:11:39,10.34,0.01,50,51700,买盘
2566,10:11:33,10.33,--,133,137389,卖盘
2567,10:11:27,10.33,-0.01,2,2066,卖盘
2568,10:11:24,10.34,--,509,526306,买盘
2569,10:11:09,10.34,--,110,113740,买盘
2570,10:11:06,10.34,0.01,26,26884,买盘
2571,10:11:03,10.33,--,468,483444,卖盘
2572,10:10:57,10.33,--,25,25825,卖盘
2573,10:10:54,10.33,--,300,309900,卖盘
2574,10:10:42,10.33,--,23,23759,卖盘
2575,10:10:33,10.33,--,47,48551,买盘
2576,10:10:30,10.33,--,55,56815,卖盘
2577,10:10:27,10.33,--,9,9297,卖盘
2578,10:10:24,10.33,--,40,41320,买盘
2579,10:10:21,10.33,--,1,1033,买盘
2580,10:10:18,10.33,--,2,2066,买盘
2581,10:10:15,10.33,--,10,10330,买盘
2582,10:10:12,10.33,--,5,5165,买盘
2583,10:10:09,10.33,--,16,16528,买盘
2584,10:10:06,10.33,0.01,30,30990,买盘
2585,10:10:03,10.32,-0.01,414,427248,卖盘
2586,10:09:57,10.33,--,7,7231,卖盘
2587,10:09:54,10.33,--,63,65079,卖盘
2588,10:09:39,10.33,--,310,320230,卖盘
2589,10:09:36,10.33,--,95,98135,卖盘
2590,10:09:33,10.33,-0.01,2,2066,卖盘
2591,10:09:27,10.34,--,10,10340,买盘
2592,10:09:24,10.34,--,10,10340,买盘
2593,10:09:06,10.34,0.01,1,1034,买盘
2594,10:09:03,10.33,--,488,504104,卖盘
2595,10:08:57,10.33,--,3,3099,卖盘
2596,10:08:54,10.33,--,4,4132,卖盘
2597,10:08:39,10.33,-0.01,11,11363,卖盘
2598,10:08:36,10.34,0.01,8,8272,买盘
2599,10:08:33,10.33,-0.01,2,2066,卖盘
2600,10:08:27,10.34,--,7,7238,买盘
2601,10:08:21,10.34,0.01,10,10340,买盘
2602,10:08:06,10.33,0.01,47,48551,买盘
2603,10:08:03,10.32,--,489,504648,卖盘
2604,10:08:00,10.32,-0.01,53,54696,卖盘
2605,10:07:57,10.33,--,2,2066,卖盘
2606,10:07:54,10.33,-0.01,210,216930,卖盘
2607,10:07:48,10.34,0.01,9,9306,买盘
2608,10:07:45,10.33,-0.01,6,6198,卖盘
2609,10:07:39,10.34,0.01,2,2068,买盘
2610,10:07:36,10.33,--,200,206600,卖盘
2611,10:07:33,10.33,--,1,1033,卖盘
2612,10:07:30,10.33,--,20,20660,买盘
2613,10:07:27,10.33,--,8,8264,买盘
2614,10:07:24,10.33,--,148,152884,买盘
2615,10:07:21,10.33,0.01,17,17561,买盘
2616,10:07:18,10.32,-0.01,30,31094,卖盘
2617,10:07:12,10.33,--,11,11363,买盘
2618,10:07:06,10.33,0.01,251,259283,买盘
2619,10:07:03,10.32,--,7,7224,卖盘
2620,10:06:57,10.32,--,3,3096,卖盘
2621,10:06:54,10.32,-0.01,360,371520,卖盘
2622,10:06:48,10.33,--,6,6198,卖盘
2623,10:06:45,10.33,-0.01,95,98135,卖盘
2624,10:06:36,10.34,0.01,61,63074,买盘
2625,10:06:33,10.33,-0.01,1,1033,卖盘
2626,10:06:27,10.34,0.01,8,8272,买盘
2627,10:06:21,10.33,-0.01,8,8264,卖盘
2628,10:06:18,10.34,0.01,20,20680,买盘
2629,10:06:09,10.33,--,138,142554,买盘
2630,10:06:06,10.33,0.01,20,20660,买盘
2631,10:06:03,10.32,-0.02,316,326112,卖盘
2632,10:06:00,10.34,--,3,3102,买盘
2633,10:05:57,10.34,0.01,22,22748,买盘
2634,10:05:39,10.33,--,36,37188,卖盘
2635,10:05:33,10.33,--,1,1033,卖盘
2636,10:05:30,10.33,-0.01,17,17561,卖盘
2637,10:05:27,10.34,0.01,20,20680,买盘
2638,10:05:24,10.33,0.01,27,27891,买盘
2639,10:05:21,10.32,-0.01,5,5201,卖盘
2640,10:05:18,10.33,0.01,11,11363,买盘
2641,10:05:12,10.32,-0.01,236,243552,卖盘
2642,10:05:09,10.33,0.01,3,3099,买盘
2643,10:05:03,10.32,-0.02,277,285864,卖盘
2644,10:05:00,10.34,--,10,10340,买盘
2645,10:04:57,10.34,--,365,377410,买盘
2646,10:04:54,10.34,--,30,31020,买盘
2647,10:04:48,10.34,--,10,10340,买盘
2648,10:04:45,10.34,0.01,80,82720,买盘
2649,10:04:33,10.33,--,2,2066,卖盘
2650,10:04:30,10.33,-0.01,40,41320,卖盘
2651,10:04:27,10.34,0.01,37,38258,买盘
2652,10:04:24,10.33,--,40,41320,卖盘
2653,10:04:21,10.33,-0.01,377,389441,卖盘
2654,10:04:18,10.34,--,4,4136,买盘
2655,10:04:15,10.34,--,6,6204,买盘
2656,10:04:12,10.34,--,10,10340,买盘
2657,10:04:09,10.34,--,20,20680,买盘
2658,10:04:06,10.34,0.01,30,31020,买盘
2659,10:04:03,10.33,-0.01,498,514434,卖盘
2660,10:03:57,10.34,--,12,12408,买盘
2661,10:03:51,10.34,0.01,17,17578,买盘
2662,10:03:42,10.33,-0.01,5,5165,卖盘
2663,10:03:39,10.34,--,70,72380,买盘
2664,10:03:36,10.34,0.01,35,36190,买盘
2665,10:03:33,10.33,--,2,2066,卖盘
2666,10:03:30,10.33,-0.01,24,24792,卖盘
2667,10:03:27,10.34,--,33,34122,买盘
2668,10:03:24,10.34,--,20,20680,买盘
2669,10:03:21,10.34,--,15,15510,买盘
2670,10:03:18,10.34,--,5,5170,买盘
2671,10:03:12,10.34,--,10,10340,买盘
2672,10:03:09,10.34,0.01,11,11374,买盘
2673,10:03:06,10.33,--,33,34089,卖盘
2674,10:03:03,10.33,--,468,483444,卖盘
2675,10:02:57,10.33,--,3,3099,卖盘
2676,10:02:54,10.33,-0.01,5,5165,卖盘
2677,10:02:51,10.34,--,52,53768,买盘
2678,10:02:39,10.34,0.01,4,4136,买盘
2679,10:02:33,10.33,--,7,7231,卖盘
2680,10:02:30,10.33,-0.01,10,10330,卖盘
2681,10:02:27,10.34,--,8,8272,买盘
2682,10:02:24,10.34,--,56,57904,买盘
2683,10:02:18,10.34,--,6,6204,买盘
2684,10:02:15,10.34,--,81,83754,买盘
2685,10:02:09,10.34,--,7,7238,买盘
2686,10:02:06,10.34,0.01,20,20680,买盘
2687,10:02:03,10.33,-0.01,99,102267,卖盘
2688,10:01:57,10.34,-0.01,16,16544,卖盘
2689,10:01:51,10.35,0.01,3,3105,买盘
2690,10:01:48,10.34,-0.01,4,4136,卖盘
2691,10:01:45,10.35,0.01,66,68310,买盘
2692,10:01:39,10.34,--,21,21714,卖盘
2693,10:01:33,10.34,--,2,2068,卖盘
2694,10:01:30,10.34,--,3,3102,卖盘
2695,10:01:27,10.34,-0.01,37,38258,卖盘
2696,10:01:24,10.35,0.01,1,1035,买盘
2697,10:01:15,10.34,0.01,17,17578,中性盘
2698,10:01:12,10.33,-0.01,132,136356,卖盘
2699,10:01:09,10.34,0.01,90,93060,买盘
2700,10:01:06,10.33,-0.01,50,51650,卖盘
2701,10:01:03,10.34,--,489,505626,买盘
2702,10:01:00,10.34,0.01,6,6204,买盘
2703,10:00:57,10.33,--,73,75409,卖盘
2704,10:00:48,10.33,-0.01,30,30990,卖盘
2705,10:00:45,10.34,--,307,317438,买盘
2706,10:00:42,10.34,--,8,8272,买盘
2707,10:00:39,10.34,0.01,20,20680,买盘
2708,10:00:33,10.33,-0.01,1,1033,卖盘
2709,10:00:30,10.34,--,6,6204,买盘
2710,10:00:27,10.34,--,124,128216,买盘
2711,10:00:24,10.34,--,8,8272,买盘
2712,10:00:21,10.34,0.01,10,10340,买盘
2713,10:00:18,10.33,-0.01,16,16528,卖盘
2714,10:00:15,10.34,0.01,13,13442,买盘
2715,10:00:12,10.33,-0.01,7,7231,卖盘
2716,10:00:06,10.34,--,86,89161,卖盘
2717,10:00:03,10.34,-0.01,469,484946,卖盘
2718,10:00:00,10.35,0.01,1,1035,买盘
2719,09:59:57,10.34,--,7,7238,卖盘
2720,09:59:54,10.34,-0.01,113,116842,卖盘
2721,09:59:39,10.35,--,39,40365,买盘
2722,09:59:36,10.35,0.01,98,101430,买盘
2723,09:59:33,10.34,-0.01,2,2068,卖盘
2724,09:59:30,10.35,--,10,10350,买盘
2725,09:59:24,10.35,--,30,31050,买盘
2726,09:59:21,10.35,0.01,10,10350,买盘
2727,09:59:18,10.34,--,8,8272,卖盘
2728,09:59:12,10.34,-0.01,45,46530,卖盘
2729,09:59:09,10.35,--,9,9315,买盘
2730,09:59:06,10.35,0.01,51,52785,买盘
2731,09:59:03,10.34,-0.01,469,484946,卖盘
2732,09:59:00,10.35,--,11,11385,买盘
2733,09:58:57,10.35,0.01,13,13455,买盘
2734,09:58:54,10.34,-0.01,101,104434,卖盘
2735,09:58:42,10.35,0.01,7,7245,买盘
2736,09:58:33,10.34,-0.01,22,22748,卖盘
2737,09:58:30,10.35,--,17,17595,买盘
2738,09:58:24,10.35,--,108,111780,买盘
2739,09:58:21,10.35,0.01,11,11385,买盘
2740,09:58:18,10.34,-0.01,8,8272,卖盘
2741,09:58:09,10.35,--,42,43470,买盘
2742,09:58:06,10.35,0.01,34,35190,买盘
2743,09:58:03,10.34,-0.01,10,10340,卖盘
2744,09:57:57,10.35,--,13,13455,卖盘
2745,09:57:51,10.35,--,4,4140,卖盘
2746,09:57:42,10.35,0.01,2,2070,买盘
2747,09:57:39,10.34,-0.02,4,4136,卖盘
2748,09:57:33,10.36,--,20,20720,买盘
2749,09:57:30,10.36,0.02,98,101528,买盘
2750,09:57:27,10.34,-0.01,17,17578,卖盘
2751,09:57:24,10.35,0.01,7,7245,买盘
2752,09:57:21,10.34,-0.01,10,10340,卖盘
2753,09:57:18,10.35,--,4,4140,买盘
2754,09:57:15,10.35,--,4,4140,买盘
2755,09:57:12,10.35,--,8,8280,买盘
2756,09:57:09,10.35,0.01,1,1035,买盘
2757,09:57:06,10.34,0.01,155,161066,买盘
2758,09:57:03,10.33,-0.02,493,509506,卖盘
2759,09:57:00,10.35,--,15,15525,买盘
2760,09:56:57,10.35,0.01,5,5175,买盘
2761,09:56:54,10.34,-0.01,1000,1034000,卖盘
2762,09:56:51,10.35,--,10,10350,买盘
2763,09:56:45,10.35,--,18,18630,买盘
2764,09:56:42,10.35,--,17,17595,买盘
2765,09:56:39,10.35,--,53,54855,买盘
2766,09:56:36,10.35,0.01,43,44505,买盘
2767,09:56:33,10.34,-0.01,29,29986,卖盘
2768,09:56:30,10.35,--,30,31050,买盘
2769,09:56:27,10.35,--,16,16560,买盘
2770,09:56:24,10.35,--,8,8280,买盘
2771,09:56:21,10.35,--,16,16560,买盘
2772,09:56:15,10.35,--,21,21735,买盘
2773,09:56:12,10.35,--,5,5175,买盘
2774,09:56:09,10.35,--,53,54855,买盘
2775,09:56:06,10.35,0.01,10,10350,买盘
2776,09:56:03,10.34,-0.02,211,219001,卖盘
2777,09:56:00,10.36,0.01,53,54908,买盘
2778,09:55:57,10.35,--,3,3105,卖盘
2779,09:55:54,10.35,-0.01,104,107640,卖盘
2780,09:55:51,10.36,0.01,1,1036,买盘
2781,09:55:48,10.35,-0.01,5,5175,卖盘
2782,09:55:45,10.36,0.01,1,1036,买盘
2783,09:55:33,10.35,--,40,41400,卖盘
2784,09:55:30,10.35,--,10,10350,卖盘
2785,09:55:27,10.35,--,6,6210,卖盘
2786,09:55:24,10.35,--,146,151317,买盘
2787,09:55:21,10.35,--,21,21735,买盘
2788,09:55:18,10.35,--,50,51750,买盘
2789,09:55:15,10.35,--,90,93150,买盘
2790,09:55:12,10.35,0.01,20,20700,买盘
2791,09:55:09,10.34,-0.01,41,42394,卖盘
2792,09:55:06,10.35,0.01,20,20700,买盘
2793,09:55:03,10.34,-0.01,2,2068,卖盘
2794,09:55:00,10.35,0.01,192,198720,买盘
2795,09:54:57,10.34,-0.01,44,45496,卖盘
2796,09:54:54,10.35,--,3,3105,买盘
2797,09:54:51,10.35,--,5,5175,买盘
2798,09:54:48,10.35,--,110,113850,买盘
2799,09:54:45,10.35,--,14,14490,买盘
2800,09:54:42,10.35,0.01,31,32085,买盘
2801,09:54:39,10.34,-0.01,44,45496,卖盘
2802,09:54:36,10.35,0.01,13,13455,买盘
2803,09:54:33,10.34,-0.01,6,6204,卖盘
2804,09:54:30,10.35,--,5,5175,买盘
2805,09:54:24,10.35,0.01,184,190440,买盘
2806,09:54:21,10.34,-0.01,18,18612,卖盘
2807,09:54:18,10.35,--,10,10350,买盘
2808,09:54:15,10.35,--,105,108675,买盘
2809,09:54:06,10.35,0.01,46,47610,买盘
2810,09:54:03,10.34,-0.01,9,9306,卖盘
2811,09:54:00,10.35,0.01,25,25875,买盘
2812,09:53:57,10.34,-0.01,3,3102,卖盘
2813,09:53:54,10.35,0.01,10,10350,买盘
2814,09:53:51,10.34,-0.01,5,5170,卖盘
2815,09:53:48,10.35,0.01,1,1035,买盘
2816,09:53:45,10.34,-0.01,125,129250,卖盘
2817,09:53:42,10.35,0.01,483,499905,买盘
2818,09:53:39,10.34,--,1,1034,卖盘
2819,09:53:33,10.34,--,1,1034,卖盘
2820,09:53:30,10.34,-0.01,2,2068,卖盘
2821,09:53:27,10.35,--,11,11385,买盘
2822,09:53:24,10.35,--,7,7245,买盘
2823,09:53:21,10.35,--,10,10350,买盘
2824,09:53:18,10.35,--,3,3105,买盘
2825,09:53:15,10.35,0.01,91,94185,买盘
2826,09:53:12,10.34,-0.01,20,20680,卖盘
2827,09:53:06,10.35,0.01,3,3105,买盘
2828,09:53:03,10.34,--,376,388784,卖盘
2829,09:53:00,10.34,--,215,222310,卖盘
2830,09:52:57,10.34,-0.01,2,2068,卖盘
2831,09:52:54,10.35,--,2,2070,买盘
