,time,price,change,volume,amount,type
0,15:00:03,14.09,--,524,738316,买盘
1,14:57:00,14.09,--,2,2818,买盘
2,14:56:57,14.09,-0.01,5,7045,中性盘
3,14:56:54,14.1,0.01,200,282000,买盘
4,14:56:51,14.09,0.02,2,2818,买盘
5,14:56:48,14.07,-0.02,7,9849,卖盘
6,14:56:42,14.09,--,5,7045,买盘
7,14:56:39,14.09,0.03,20,28180,买盘
8,14:56:36,14.06,--,14,19684,卖盘
9,14:56:33,14.06,-0.02,50,70300,卖盘
10,14:56:30,14.08,-0.01,0,704,卖盘
11,14:56:27,14.09,-0.01,2,2818,卖盘
12,14:56:24,14.1,0.01,2,2820,买盘
13,14:56:21,14.09,0.01,8,11272,买盘
14,14:56:18,14.08,--,13,18304,卖盘
15,14:56:09,14.08,--,10,14080,卖盘
16,14:56:03,14.08,-0.02,6,8448,卖盘
17,14:56:00,14.1,--,2,2820,买盘
18,14:55:54,14.1,0.01,32,45120,买盘
19,14:55:51,14.09,--,4,5636,卖盘
20,14:55:48,14.09,--,15,21135,卖盘
21,14:55:45,14.09,--,6,8454,卖盘
22,14:55:39,14.09,--,12,16908,卖盘
23,14:55:36,14.09,--,83,116947,卖盘
24,14:55:33,14.09,--,14,19726,卖盘
25,14:55:27,14.09,--,22,30998,卖盘
26,14:55:24,14.09,-0.01,69,97221,卖盘
27,14:55:21,14.1,0.01,16,22560,买盘
28,14:55:18,14.09,-0.01,7,9863,卖盘
29,14:55:15,14.1,0.01,1,1410,买盘
30,14:55:12,14.09,-0.01,10,14090,卖盘
31,14:55:09,14.1,--,4,5640,卖盘
32,14:55:06,14.1,--,6,8460,卖盘
33,14:55:03,14.1,--,20,28200,卖盘
34,14:55:00,14.1,--,1,1410,卖盘
35,14:54:54,14.1,--,12,16920,卖盘
36,14:54:51,14.1,0.01,21,29610,买盘
37,14:54:48,14.09,-0.01,7,9863,卖盘
38,14:54:45,14.1,0.01,50,70500,买盘
39,14:54:39,14.09,--,10,14090,卖盘
40,14:54:36,14.09,--,8,11272,卖盘
41,14:54:30,14.09,--,20,28180,卖盘
42,14:54:27,14.09,0.03,266,375188,买盘
43,14:54:24,14.06,-0.02,21,29526,卖盘
44,14:54:21,14.08,--,40,56320,买盘
45,14:54:18,14.08,0.02,10,14784,买盘
46,14:54:15,14.06,-0.02,25,35150,卖盘
47,14:54:12,14.08,--,4,5632,卖盘
48,14:54:09,14.08,--,10,14769,卖盘
49,14:54:06,14.08,-0.01,18,25344,卖盘
50,14:54:00,14.09,0.01,3,4227,买盘
51,14:53:57,14.08,--,12,17600,卖盘
52,14:53:54,14.08,--,50,70400,卖盘
53,14:53:51,14.08,--,6,8448,卖盘
54,14:53:48,14.08,--,7,10560,卖盘
55,14:53:45,14.08,-0.01,15,21120,卖盘
56,14:53:42,14.09,0.04,175,246772,买盘
57,14:53:39,14.05,-0.01,9,14035,卖盘
58,14:53:36,14.06,--,8,11248,卖盘
59,14:53:33,14.06,--,30,42180,卖盘
60,14:53:27,14.06,--,0,703,卖盘
61,14:53:24,14.06,--,15,21090,卖盘
62,14:53:21,14.06,--,18,25308,卖盘
63,14:53:18,14.06,--,10,14748,买盘
64,14:53:12,14.06,--,10,14060,卖盘
65,14:53:09,14.06,0.01,18,26011,买盘
66,14:53:06,14.05,--,8,11240,卖盘
67,14:53:00,14.05,--,0,688,卖盘
68,14:52:54,14.05,-0.02,78,109590,卖盘
69,14:52:51,14.07,0.02,15,21105,买盘
70,14:52:48,14.05,--,8,11942,卖盘
71,14:52:45,14.05,-0.01,22,30910,卖盘
72,14:52:39,14.06,--,10,14060,卖盘
73,14:52:36,14.06,-0.01,7,10530,卖盘
74,14:52:33,14.07,0.02,2,2814,买盘
75,14:52:27,14.05,--,20,28802,卖盘
76,14:52:21,14.05,--,6,8430,卖盘
77,14:52:18,14.05,--,24,34422,卖盘
78,14:52:15,14.05,--,126,177030,卖盘
79,14:52:12,14.05,--,380,534574,买盘
80,14:52:09,14.05,0.01,101,141905,买盘
81,14:52:06,14.04,-0.01,42,58968,卖盘
82,14:52:00,14.05,0.01,3,4215,买盘
83,14:51:57,14.04,-0.01,48,68094,卖盘
84,14:51:51,14.05,--,113,158765,买盘
85,14:51:48,14.05,--,490,688464,卖盘
86,14:51:45,14.05,--,10,14738,卖盘
87,14:51:39,14.05,-0.02,0,702,卖盘
88,14:51:36,14.07,--,10,14070,买盘
89,14:51:33,14.07,--,25,35892,卖盘
90,14:51:30,14.07,--,10,14759,卖盘
91,14:51:27,14.07,0.02,64,90048,买盘
92,14:51:24,14.05,0.01,13,18265,中性盘
93,14:51:21,14.04,-0.01,38,53352,卖盘
94,14:51:18,14.05,--,14,20372,卖盘
95,14:51:15,14.05,--,16,22480,卖盘
96,14:51:09,14.05,--,27,38637,卖盘
97,14:51:06,14.05,--,8,11240,卖盘
98,14:51:03,14.05,--,24,33720,卖盘
99,14:50:57,14.05,0.01,9,14021,买盘
100,14:50:54,14.04,--,10,14040,卖盘
101,14:50:51,14.04,--,7,9828,卖盘
102,14:50:48,14.04,-0.01,24,34398,卖盘
103,14:50:42,14.05,-0.01,10,14766,卖盘
104,14:50:39,14.06,0.01,4,5624,买盘
105,14:50:36,14.05,-0.01,8,11928,卖盘
106,14:50:27,14.06,--,4,6327,卖盘
107,14:50:24,14.06,-0.01,0,703,卖盘
108,14:50:21,14.07,--,10,14815,卖盘
109,14:50:18,14.07,--,7,10538,卖盘
110,14:50:15,14.07,0.02,110,156148,买盘
111,14:50:09,14.05,--,10,14050,卖盘
112,14:50:06,14.05,-0.02,8,11942,卖盘
113,14:50:03,14.07,0.03,2,2814,买盘
114,14:49:57,14.04,-0.03,14,20343,卖盘
115,14:49:54,14.07,0.04,80,112560,买盘
116,14:49:51,14.03,-0.01,8,11224,卖盘
117,14:49:48,14.04,0.01,11,15443,买盘
118,14:49:45,14.03,-0.01,0,701,卖盘
119,14:49:42,14.04,--,104,146016,卖盘
120,14:49:39,14.04,--,20,28080,卖盘
121,14:49:36,14.04,--,8,11232,卖盘
122,14:49:33,14.04,--,225,315900,卖盘
123,14:49:27,14.04,--,12,16848,卖盘
124,14:49:24,14.04,--,10,14040,卖盘
125,14:49:21,14.04,0.01,37,51948,中性盘
126,14:49:18,14.03,--,10,14030,卖盘
127,14:49:12,14.03,-0.04,15,21367,卖盘
128,14:49:09,14.07,0.03,23,32361,买盘
129,14:49:06,14.04,--,33,46332,卖盘
130,14:49:03,14.04,0.01,15,22141,买盘
131,14:48:57,14.03,--,36,51013,卖盘
132,14:48:54,14.03,-0.01,106,148718,卖盘
133,14:48:51,14.04,--,6,8424,卖盘
134,14:48:48,14.04,-0.03,7,9828,卖盘
135,14:48:45,14.07,0.03,20,28140,买盘
136,14:48:42,14.04,-0.03,12,16848,卖盘
137,14:48:39,14.07,--,8,11256,买盘
138,14:48:36,14.07,--,12,16884,买盘
139,14:48:33,14.07,--,42,60177,买盘
140,14:48:30,14.07,0.04,7,9849,买盘
141,14:48:27,14.03,-0.01,159,223077,卖盘
142,14:48:24,14.04,-0.03,5,7020,卖盘
143,14:48:21,14.07,--,28,39396,买盘
144,14:48:18,14.07,0.03,61,85827,买盘
145,14:48:15,14.04,--,20,28080,买盘
146,14:48:12,14.04,--,54,75816,卖盘
147,14:48:09,14.04,--,15,21060,买盘
148,14:48:06,14.04,-0.03,3,4212,中性盘
149,14:48:03,14.07,0.03,3,5304,买盘
150,14:48:00,14.04,0.01,76,108065,买盘
151,14:47:57,14.03,-0.01,21,29463,卖盘
152,14:47:54,14.04,--,108,151632,买盘
153,14:47:51,14.04,--,70,98280,买盘
154,14:47:48,14.04,0.01,122,171288,买盘
155,14:47:45,14.03,-0.01,23,32269,卖盘
156,14:47:42,14.04,0.01,13,18252,买盘
157,14:47:39,14.03,-0.01,25,35075,卖盘
158,14:47:36,14.04,--,78,109512,买盘
159,14:47:33,14.04,--,378,531793,买盘
160,14:47:30,14.04,--,331,464724,买盘
161,14:47:27,14.04,--,23,32291,买盘
162,14:47:24,14.04,--,57,80028,买盘
163,14:47:18,14.04,--,9,12636,买盘
164,14:47:15,14.04,0.01,129,181116,买盘
165,14:47:12,14.03,--,62,86986,卖盘
166,14:47:09,14.03,--,16,22448,卖盘
167,14:47:06,14.03,--,4,5612,卖盘
168,14:47:03,14.03,--,81,113643,卖盘
169,14:47:00,14.03,--,5,7015,卖盘
170,14:46:57,14.03,--,24,33672,卖盘
171,14:46:54,14.03,-0.01,425,597411,卖盘
172,14:46:48,14.04,0.01,63,88452,买盘
173,14:46:45,14.03,--,1,1403,卖盘
174,14:46:42,14.03,--,2,2806,卖盘
175,14:46:39,14.03,--,6,8418,卖盘
176,14:46:36,14.03,--,60,84180,卖盘
177,14:46:33,14.03,-0.01,14,19642,卖盘
178,14:46:27,14.04,--,2,2808,买盘
179,14:46:24,14.04,-0.02,3,4212,卖盘
180,14:46:21,14.06,0.02,115,161690,买盘
181,14:46:18,14.04,--,26,36504,卖盘
182,14:46:15,14.04,--,20,28080,卖盘
183,14:46:12,14.04,0.01,5,7020,买盘
184,14:46:09,14.03,--,63,88389,卖盘
185,14:46:06,14.03,--,70,98210,卖盘
186,14:46:03,14.03,-0.03,102,143106,卖盘
187,14:46:00,14.06,0.02,38,53428,买盘
188,14:45:57,14.04,0.01,1,2485,卖盘
189,14:45:54,14.03,-0.01,41,57523,卖盘
190,14:45:51,14.04,-0.02,63,88452,卖盘
191,14:45:48,14.06,0.01,314,441484,买盘
192,14:45:45,14.05,--,84,118020,卖盘
193,14:45:42,14.05,-0.01,76,106780,卖盘
194,14:45:39,14.06,0.01,121,170126,买盘
195,14:45:36,14.05,--,2,2810,卖盘
196,14:45:33,14.05,-0.01,104,147075,卖盘
197,14:45:30,14.06,--,1,2488,卖盘
198,14:45:27,14.06,-0.01,143,201058,卖盘
199,14:45:24,14.07,0.01,5,7035,买盘
200,14:45:21,14.06,--,16,22496,卖盘
201,14:45:12,14.06,--,220,309320,卖盘
202,14:45:06,14.06,-0.01,2,2812,卖盘
203,14:45:03,14.07,--,2,2814,买盘
204,14:45:00,14.07,0.01,99,139293,买盘
205,14:44:57,14.06,-0.01,1,2488,卖盘
206,14:44:54,14.07,0.01,2,2814,买盘
207,14:44:51,14.06,-0.01,1,2783,卖盘
208,14:44:48,14.07,--,43,61612,卖盘
209,14:44:42,14.07,--,10,14070,卖盘
210,14:44:39,14.07,--,21,29547,卖盘
211,14:44:36,14.07,--,8,11256,卖盘
212,14:44:27,14.07,--,20,28140,卖盘
213,14:44:24,14.07,-0.02,122,172849,卖盘
214,14:44:21,14.09,0.01,112,157808,买盘
215,14:44:18,14.08,-0.01,50,70400,卖盘
216,14:44:15,14.09,0.01,2,2818,买盘
217,14:44:06,14.08,--,22,30976,卖盘
218,14:44:03,14.08,--,2,2816,卖盘
219,14:44:00,14.08,--,167,236220,卖盘
220,14:43:54,14.08,--,2,3379,卖盘
221,14:43:51,14.08,--,101,142503,卖盘
222,14:43:48,14.08,-0.01,60,84480,卖盘
223,14:43:45,14.09,--,214,301526,买盘
224,14:43:39,14.09,0.01,6,8454,买盘
225,14:43:36,14.08,--,285,401280,卖盘
226,14:43:33,14.08,-0.01,1,2492,卖盘
227,14:43:30,14.09,0.01,1,1409,买盘
228,14:43:15,14.08,-0.01,16,22528,卖盘
229,14:43:09,14.09,--,12,16908,买盘
230,14:43:06,14.09,--,21,29589,买盘
231,14:43:03,14.09,--,55,77495,买盘
232,14:42:54,14.09,-0.05,37,53499,卖盘
233,14:42:51,14.14,0.02,103,145642,买盘
234,14:42:45,14.12,0.03,2,2824,买盘
235,14:42:42,14.09,--,11,15499,卖盘
236,14:42:36,14.09,-0.03,3,5311,卖盘
237,14:42:21,14.12,0.03,2,2824,买盘
238,14:42:12,14.09,--,117,164853,卖盘
239,14:42:09,14.09,-0.01,23,32407,卖盘
240,14:42:06,14.1,--,32,45120,卖盘
241,14:42:00,14.1,-0.02,1,1410,卖盘
242,14:41:57,14.12,0.02,12,16944,买盘
243,14:41:51,14.1,--,38,53833,买盘
244,14:41:42,14.1,--,33,46530,买盘
245,14:41:36,14.1,-0.04,8,12436,卖盘
246,14:41:33,14.14,0.04,9,12726,买盘
247,14:41:30,14.1,0.01,98,138433,中性盘
248,14:41:27,14.09,-0.01,42,59178,卖盘
249,14:41:24,14.1,--,0,1128,卖盘
250,14:41:21,14.1,-0.02,5,7050,卖盘
251,14:41:18,14.12,0.03,297,419759,买盘
252,14:41:15,14.09,--,12,16908,卖盘
253,14:41:09,14.09,--,1,1409,卖盘
254,14:41:06,14.09,--,66,92994,买盘
255,14:41:03,14.09,0.02,56,78904,买盘
256,14:41:00,14.07,-0.02,1,1407,卖盘
257,14:40:57,14.09,0.02,10,14090,买盘
258,14:40:54,14.07,-0.03,50,70350,卖盘
259,14:40:51,14.1,0.03,105,148050,买盘
260,14:40:48,14.07,--,2,3109,卖盘
261,14:40:45,14.07,-0.03,11,15477,卖盘
262,14:40:39,14.1,0.03,46,64860,买盘
263,14:40:36,14.07,-0.01,2,2814,卖盘
264,14:40:33,14.08,-0.01,51,71808,卖盘
265,14:40:30,14.09,--,30,42270,卖盘
266,14:40:24,14.09,--,8,11272,买盘
267,14:40:21,14.09,--,2,2818,买盘
268,14:40:18,14.09,--,90,126810,买盘
269,14:40:15,14.09,0.01,22,30998,买盘
270,14:40:12,14.08,-0.01,5,7040,卖盘
271,14:40:09,14.09,0.01,98,138082,买盘
272,14:40:06,14.08,-0.01,2,2816,卖盘
273,14:40:03,14.09,--,30,42270,买盘
274,14:40:00,14.09,--,39,54951,买盘
275,14:39:57,14.09,--,17,23953,买盘
276,14:39:48,14.09,0.01,3,4227,买盘
277,14:39:42,14.08,-0.01,12,16896,卖盘
278,14:39:39,14.09,--,20,28180,买盘
279,14:39:33,14.09,0.01,2,2818,买盘
280,14:39:30,14.08,--,126,177408,卖盘
281,14:39:27,14.08,-0.01,16,22528,卖盘
282,14:39:24,14.09,0.01,55,77495,买盘
283,14:39:15,14.08,--,81,114048,卖盘
284,14:39:12,14.08,--,124,174592,买盘
285,14:39:00,14.08,0.02,24,33792,买盘
286,14:38:57,14.06,-0.01,66,92796,卖盘
287,14:38:54,14.07,--,1,2532,卖盘
288,14:38:51,14.07,-0.01,5,7035,卖盘
289,14:38:48,14.08,--,67,94336,买盘
290,14:38:45,14.08,0.02,164,230912,买盘
291,14:38:42,14.06,-0.01,132,185592,卖盘
292,14:38:39,14.07,--,84,118188,卖盘
293,14:38:36,14.07,-0.01,5,7035,卖盘
294,14:38:33,14.08,0.01,2,2816,买盘
295,14:38:30,14.07,-0.01,26,36582,卖盘
296,14:38:21,14.08,--,250,352000,卖盘
297,14:38:18,14.08,--,45,63360,卖盘
298,14:38:15,14.08,--,50,70400,卖盘
299,14:38:12,14.08,-0.01,34,47872,卖盘
300,14:38:06,14.09,0.01,105,147945,买盘
301,14:38:00,14.08,-0.01,6,8448,卖盘
302,14:37:54,14.09,--,28,39761,卖盘
303,14:37:51,14.09,-0.01,319,449471,卖盘
304,14:37:48,14.1,0.01,2,2820,买盘
305,14:37:42,14.09,--,163,229667,卖盘
306,14:37:39,14.09,--,89,125401,卖盘
307,14:37:36,14.09,-0.01,13,18317,卖盘
308,14:37:33,14.1,--,60,84600,买盘
309,14:37:27,14.1,--,3,4230,买盘
310,14:37:24,14.1,0.01,109,153690,买盘
311,14:37:21,14.09,--,20,28180,卖盘
312,14:37:18,14.09,-0.01,65,92684,卖盘
313,14:37:15,14.1,0.01,141,198810,买盘
314,14:37:12,14.09,--,21,29589,卖盘
315,14:37:09,14.09,--,98,138082,卖盘
316,14:37:06,14.09,--,73,102857,卖盘
317,14:37:03,14.09,--,50,70450,卖盘
318,14:37:00,14.09,--,162,228258,卖盘
319,14:36:57,14.09,--,11,15499,卖盘
320,14:36:54,14.09,--,1,1409,卖盘
321,14:36:51,14.09,--,87,122583,卖盘
322,14:36:48,14.09,--,19,26771,卖盘
323,14:36:45,14.09,--,269,379021,卖盘
324,14:36:42,14.09,--,26,36634,卖盘
325,14:36:39,14.09,-0.01,100,140900,卖盘
326,14:36:36,14.1,--,15,21150,买盘
327,14:36:33,14.1,--,86,121260,卖盘
328,14:36:30,14.1,--,10,14100,卖盘
329,14:36:27,14.1,--,43,60630,卖盘
330,14:36:24,14.1,--,20,28200,卖盘
331,14:36:21,14.1,--,128,180480,卖盘
332,14:36:18,14.1,-0.01,59,83190,卖盘
333,14:36:15,14.11,0.01,231,325941,买盘
334,14:36:12,14.1,-0.01,63,88830,卖盘
335,14:36:09,14.11,--,115,162265,卖盘
336,14:36:06,14.11,--,169,238459,卖盘
337,14:36:03,14.11,--,6,8466,卖盘
338,14:36:00,14.11,--,1,1411,卖盘
339,14:35:57,14.11,-0.01,99,139689,卖盘
340,14:35:51,14.12,0.01,51,72012,买盘
341,14:35:48,14.11,--,92,129812,卖盘
342,14:35:45,14.11,--,5,7055,卖盘
343,14:35:42,14.11,-0.01,242,341772,卖盘
344,14:35:39,14.12,--,19,26828,卖盘
345,14:35:36,14.12,--,8,11296,卖盘
346,14:35:33,14.12,--,65,91780,卖盘
347,14:35:27,14.12,-0.01,190,269381,卖盘
348,14:35:21,14.13,--,175,247585,卖盘
349,14:35:18,14.13,--,122,172386,卖盘
350,14:35:12,14.13,--,41,57933,卖盘
351,14:35:00,14.13,--,35,49455,卖盘
352,14:34:57,14.13,--,19,26847,卖盘
353,14:34:54,14.13,-0.01,200,282600,卖盘
354,14:34:48,14.14,0.01,98,138572,买盘
355,14:34:42,14.13,-0.01,11,15543,卖盘
356,14:34:39,14.14,0.01,2,2828,买盘
357,14:34:36,14.13,--,44,62172,卖盘
358,14:34:24,14.13,-0.02,243,343359,卖盘
359,14:34:18,14.15,--,222,315049,卖盘
360,14:34:12,14.15,-0.02,12,16980,卖盘
361,14:34:09,14.17,0.01,98,138866,买盘
362,14:34:06,14.16,--,3,4248,卖盘
363,14:34:03,14.16,--,33,46728,卖盘
364,14:34:00,14.16,--,18,25488,卖盘
365,14:33:57,14.16,-0.01,32,45312,卖盘
366,14:33:54,14.17,0.01,1,1417,买盘
367,14:33:48,14.16,--,4,5664,卖盘
368,14:33:45,14.16,--,12,16992,卖盘
369,14:33:33,14.16,-0.01,70,99120,卖盘
370,14:33:30,14.17,0.01,108,153036,买盘
371,14:33:27,14.16,--,5,7080,卖盘
372,14:33:24,14.16,--,1,1416,卖盘
373,14:33:15,14.16,-0.01,11,15930,卖盘
374,14:33:12,14.17,--,49,69433,买盘
375,14:33:03,14.17,0.01,30,42510,买盘
376,14:33:00,14.16,--,1,1416,卖盘
377,14:32:51,14.16,-0.02,1,1416,卖盘
378,14:32:48,14.18,0.02,140,198520,买盘
379,14:32:45,14.16,-0.01,12,16992,卖盘
380,14:32:42,14.17,0.02,1,1417,中性盘
381,14:32:12,14.15,--,12,16980,卖盘
382,14:32:06,14.15,--,90,127350,卖盘
383,14:32:03,14.15,--,0,1273,卖盘
384,14:32:00,14.15,--,7,9905,卖盘
385,14:31:54,14.15,-0.03,1,1698,卖盘
386,14:31:51,14.18,0.03,113,160234,买盘
387,14:31:45,14.15,-0.01,112,158480,卖盘
388,14:31:36,14.16,0.01,3,4248,买盘
389,14:31:27,14.15,-0.02,1,1415,卖盘
390,14:31:24,14.17,0.02,50,70850,买盘
391,14:31:21,14.15,--,1,1415,卖盘
392,14:31:12,14.15,--,11,15565,卖盘
393,14:31:09,14.15,-0.03,71,100465,卖盘
394,14:31:06,14.18,0.01,105,148890,买盘
395,14:31:03,14.17,0.01,21,29757,买盘
396,14:31:00,14.16,-0.01,1,1416,卖盘
397,14:30:54,14.17,--,1,1417,买盘
398,14:30:45,14.17,0.02,42,59514,买盘
399,14:30:42,14.15,-0.02,12,16980,卖盘
400,14:30:39,14.17,0.02,1,1417,中性盘
401,14:30:24,14.15,-0.01,108,152820,卖盘
402,14:30:21,14.16,--,1,1416,卖盘
403,14:30:18,14.16,0.01,25,35400,买盘
404,14:30:12,14.15,0.02,14,19810,中性盘
405,14:30:00,14.13,--,1,1413,卖盘
406,14:29:57,14.13,--,11,15543,卖盘
407,14:29:48,14.13,-0.05,3,4239,卖盘
408,14:29:45,14.18,0.05,120,170160,买盘
409,14:29:42,14.13,-0.01,11,15543,卖盘
410,14:29:39,14.14,0.01,2,2828,中性盘
411,14:29:27,14.13,--,1,1413,卖盘
412,14:29:18,14.13,--,10,14130,卖盘
413,14:29:15,14.13,--,23,32499,卖盘
414,14:29:12,14.13,--,12,16956,卖盘
415,14:29:00,14.13,--,1,1413,卖盘
416,14:28:57,14.13,--,173,244449,卖盘
417,14:28:51,14.13,--,6,8675,卖盘
418,14:28:48,14.13,--,20,28260,卖盘
419,14:28:45,14.13,-0.02,11,15543,卖盘
420,14:28:39,14.15,0.02,21,29715,买盘
421,14:28:33,14.13,--,22,31086,卖盘
422,14:28:30,14.13,-0.02,239,337707,卖盘
423,14:28:27,14.15,--,7,9905,买盘
424,14:28:18,14.15,--,128,181120,买盘
425,14:28:15,14.15,0.01,75,106125,买盘
426,14:28:12,14.14,--,12,16968,卖盘
427,14:28:06,14.14,--,20,28280,卖盘
428,14:28:03,14.14,--,50,70700,卖盘
429,14:28:00,14.14,0.01,38,53732,买盘
430,14:27:54,14.13,-0.01,41,57933,卖盘
431,14:27:51,14.14,--,32,45248,买盘
432,14:27:48,14.14,--,30,42420,买盘
433,14:27:45,14.14,0.01,50,70700,买盘
434,14:27:42,14.13,--,59,83367,卖盘
435,14:27:39,14.13,-0.01,10,14130,卖盘
436,14:27:36,14.14,--,101,142814,买盘
437,14:27:30,14.14,0.01,30,42420,买盘
438,14:27:24,14.13,--,12,16956,卖盘
439,14:27:18,14.13,--,25,35325,卖盘
440,14:27:15,14.13,--,22,31086,卖盘
441,14:27:12,14.13,--,22,31086,卖盘
442,14:27:09,14.13,--,25,35325,卖盘
443,14:27:03,14.13,--,49,69237,卖盘
444,14:27:00,14.13,-0.02,65,91845,卖盘
445,14:26:57,14.15,0.01,120,169800,买盘
446,14:26:54,14.14,--,2,2828,卖盘
447,14:26:51,14.14,--,0,961,卖盘
448,14:26:45,14.14,--,81,115891,卖盘
449,14:26:42,14.14,0.01,12,16968,中性盘
450,14:26:27,14.13,--,76,107388,卖盘
451,14:26:24,14.13,-0.02,22,31086,卖盘
452,14:26:21,14.15,--,2,2830,买盘
453,14:26:18,14.15,0.02,98,138670,买盘
454,14:26:15,14.13,-0.02,11,15543,卖盘
455,14:26:12,14.15,0.02,22,31130,买盘
456,14:26:06,14.13,-0.01,18,25434,卖盘
457,14:26:00,14.14,0.01,1,1414,中性盘
458,14:25:54,14.13,-0.02,323,456399,卖盘
459,14:25:45,14.15,--,24,33960,买盘
460,14:25:39,14.15,0.01,98,138670,买盘
461,14:25:36,14.14,-0.01,4,5656,卖盘
462,14:25:33,14.15,--,50,70750,买盘
463,14:25:30,14.15,0.01,3,4245,买盘
464,14:25:24,14.14,-0.01,66,93324,卖盘
465,14:25:21,14.15,--,10,14150,买盘
466,14:25:15,14.15,0.01,31,43865,买盘
467,14:25:12,14.14,-0.01,12,16968,卖盘
468,14:25:09,14.15,--,20,28300,买盘
469,14:25:06,14.15,--,1,1415,买盘
470,14:25:03,14.15,--,10,14150,买盘
471,14:25:00,14.15,--,118,166970,买盘
472,14:24:57,14.15,--,20,28300,买盘
473,14:24:54,14.15,-0.01,269,381752,卖盘
474,14:24:48,14.16,--,12,16992,卖盘
475,14:24:45,14.16,-0.02,31,43896,卖盘
476,14:24:42,14.18,0.02,12,17016,中性盘
477,14:24:27,14.16,0.01,19,26904,中性盘
478,14:24:24,14.15,-0.04,613,867395,卖盘
479,14:24:18,14.19,0.02,103,146157,买盘
480,14:24:12,14.17,-0.02,12,17004,卖盘
481,14:24:09,14.19,0.03,1000,1419000,买盘
482,14:24:06,14.16,--,5,7080,卖盘
483,14:24:00,14.16,-0.03,1,1416,卖盘
484,14:23:57,14.19,0.03,20,28380,买盘
485,14:23:54,14.16,--,53,75048,卖盘
486,14:23:45,14.16,--,5,7080,卖盘
487,14:23:42,14.16,-0.03,11,15576,卖盘
488,14:23:36,14.19,0.03,100,141900,买盘
489,14:23:30,14.16,--,2,2832,卖盘
490,14:23:24,14.16,-0.02,51,72216,卖盘
491,14:23:15,14.18,0.02,2,2836,买盘
492,14:23:12,14.16,--,12,16992,卖盘
493,14:23:09,14.16,--,18,25488,卖盘
494,14:23:03,14.16,--,26,36816,卖盘
495,14:23:00,14.16,-0.03,32,45312,卖盘
496,14:22:57,14.19,0.03,103,146157,买盘
497,14:22:54,14.16,--,76,107616,卖盘
498,14:22:51,14.16,--,93,131688,卖盘
499,14:22:48,14.16,--,36,50976,卖盘
500,14:22:45,14.16,--,43,60888,卖盘
501,14:22:42,14.16,--,2,2832,卖盘
502,14:22:39,14.16,-0.01,30,42480,卖盘
503,14:22:36,14.17,0.01,35,49595,买盘
504,14:22:24,14.16,--,82,116112,卖盘
505,14:22:21,14.16,-0.03,4,5664,卖盘
506,14:22:15,14.19,0.02,117,166023,买盘
507,14:22:09,14.17,--,3,4251,卖盘
508,14:22:00,14.17,--,1,1417,卖盘
509,14:21:45,14.17,-0.02,19,26923,卖盘
510,14:21:39,14.19,--,2,2838,买盘
511,14:21:33,14.19,0.02,113,160347,买盘
512,14:21:27,14.17,-0.01,2,2834,卖盘
513,14:21:15,14.18,0.01,1,1418,买盘
514,14:21:12,14.17,0.01,11,15587,中性盘
515,14:21:06,14.16,--,5,7080,卖盘
516,14:21:03,14.16,--,3,4248,卖盘
517,14:20:57,14.16,-0.03,32,45312,卖盘
518,14:20:51,14.19,--,4,5676,买盘
519,14:20:48,14.19,0.03,97,137643,买盘
520,14:20:42,14.16,--,12,16992,卖盘
521,14:20:33,14.16,--,31,44391,卖盘
522,14:20:15,14.16,-0.01,8,11328,卖盘
523,14:20:12,14.17,--,29,42311,买盘
524,14:20:09,14.17,0.01,107,151619,买盘
525,14:20:06,14.16,--,24,33984,卖盘
526,14:20:03,14.16,--,31,43896,卖盘
527,14:20:00,14.16,--,35,49560,卖盘
528,14:19:54,14.16,--,2,2832,卖盘
529,14:19:48,14.16,--,7,9912,卖盘
530,14:19:45,14.16,--,13,18408,卖盘
531,14:19:36,14.16,--,40,56640,卖盘
532,14:19:33,14.16,-0.01,4,5664,卖盘
533,14:19:30,14.17,--,105,148785,买盘
534,14:19:27,14.17,--,16,23196,卖盘
535,14:19:24,14.17,--,17,24372,卖盘
536,14:19:12,14.17,--,11,15587,卖盘
537,14:19:06,14.17,-0.01,3,4251,卖盘
538,14:19:03,14.18,-0.01,17,24106,卖盘
539,14:19:00,14.19,0.01,21,29799,买盘
540,14:18:54,14.18,0.01,10,14180,中性盘
541,14:18:48,14.17,-0.02,118,167206,卖盘
542,14:18:45,14.19,0.01,20,28380,买盘
543,14:18:42,14.18,--,12,17016,卖盘
544,14:18:30,14.18,0.01,1,1701,中性盘
545,14:18:24,14.17,-0.02,70,99190,卖盘
546,14:18:18,14.19,0.01,2,2838,买盘
547,14:18:09,14.18,-0.01,11,15598,卖盘
548,14:18:06,14.19,0.01,134,190146,买盘
549,14:18:03,14.18,0.01,1,1418,买盘
550,14:18:00,14.17,-0.01,1,1417,卖盘
551,14:17:54,14.18,0.01,4,5672,买盘
552,14:17:45,14.17,--,1,1417,卖盘
553,14:17:42,14.17,-0.01,3,4251,卖盘
554,14:17:39,14.18,0.01,10,14180,卖盘
555,14:17:36,14.17,-0.02,19,26923,卖盘
556,14:17:27,14.19,--,253,359007,买盘
557,14:17:21,14.19,0.02,10,14190,买盘
558,14:17:09,14.17,-0.01,7,9919,卖盘
559,14:17:00,14.18,-0.01,13,18434,卖盘
560,14:16:57,14.19,0.01,7,9933,买盘
561,14:16:54,14.18,--,14,19852,卖盘
562,14:16:48,14.18,--,7,9926,买盘
563,14:16:45,14.18,--,105,148890,买盘
564,14:16:39,14.18,0.01,37,52466,买盘
565,14:16:33,14.17,--,4,5668,卖盘
566,14:16:24,14.17,-0.01,30,42510,卖盘
567,14:16:21,14.18,--,1,1418,买盘
568,14:16:18,14.18,0.01,22,31196,买盘
569,14:16:15,14.17,-0.01,60,85020,卖盘
570,14:16:12,14.18,--,5,7090,买盘
571,14:16:09,14.18,-0.01,45,63810,买盘
572,14:16:03,14.19,0.01,105,148995,买盘
573,14:16:00,14.18,0.01,24,34032,买盘
574,14:15:57,14.17,-0.01,4,5668,卖盘
575,14:15:51,14.18,--,7,9926,买盘
576,14:15:45,14.18,--,13,18434,买盘
577,14:15:39,14.18,--,2,2836,买盘
578,14:15:30,14.18,0.01,10,14180,中性盘
579,14:15:24,14.17,-0.01,157,222469,卖盘
580,14:15:21,14.18,-0.01,11,15598,卖盘
581,14:15:18,14.19,0.01,4,5676,买盘
582,14:15:15,14.18,-0.01,43,60974,卖盘
583,14:15:09,14.19,0.01,2,2838,买盘
584,14:15:03,14.18,--,65,92170,卖盘
585,14:15:00,14.18,-0.01,2,2836,卖盘
586,14:14:57,14.19,0.01,5,7095,买盘
587,14:14:54,14.18,-0.01,18,25524,卖盘
588,14:14:45,14.19,0.01,101,143319,买盘
589,14:14:42,14.18,--,1,1418,买盘
590,14:14:39,14.18,--,26,36868,买盘
591,14:14:36,14.18,--,12,17016,买盘
592,14:14:30,14.18,--,5,7090,买盘
593,14:14:18,14.18,0.01,5,7090,买盘
594,14:14:15,14.17,-0.01,3,4251,卖盘
595,14:14:12,14.18,--,25,35450,买盘
596,14:14:09,14.18,--,3,4254,买盘
597,14:14:06,14.18,0.01,106,150308,买盘
598,14:14:03,14.17,-0.01,23,32591,卖盘
599,14:14:00,14.18,0.01,20,28360,中性盘
600,14:13:45,14.17,-0.02,25,35425,卖盘
601,14:13:42,14.19,0.02,1,1419,买盘
602,14:13:39,14.17,--,1,1417,卖盘
603,14:13:36,14.17,-0.01,4,5668,卖盘
604,14:13:33,14.18,-0.01,30,42540,中性盘
605,14:13:24,14.19,0.02,100,141900,买盘
606,14:13:21,14.17,-0.01,12,17004,卖盘
607,14:13:18,14.18,-0.01,21,29778,卖盘
608,14:13:15,14.19,0.01,2,2838,买盘
609,14:13:06,14.18,--,21,29778,卖盘
610,14:13:00,14.18,-0.01,19,26942,卖盘
611,14:12:51,14.19,--,2,2838,买盘
612,14:12:45,14.19,-0.01,112,158928,卖盘
613,14:12:42,14.2,0.01,83,117860,买盘
614,14:12:39,14.19,-0.01,3,4257,卖盘
615,14:12:33,14.2,0.01,17,24140,买盘
616,14:12:21,14.19,--,18,25542,买盘
617,14:12:12,14.19,0.02,2,2838,中性盘
618,14:12:06,14.17,-0.02,17,24089,卖盘
619,14:12:03,14.19,--,2,2838,卖盘
620,14:12:00,14.19,0.02,257,365009,买盘
621,14:11:54,14.17,-0.02,24,34008,卖盘
622,14:11:48,14.19,0.02,7,9933,买盘
623,14:11:45,14.17,-0.02,7,9919,卖盘
624,14:11:27,14.19,--,2,2838,买盘
625,14:11:21,14.19,--,103,146157,买盘
626,14:11:18,14.19,0.02,10,14190,买盘
627,14:11:15,14.17,-0.02,28,39676,卖盘
628,14:11:03,14.19,0.02,1,1419,买盘
629,14:11:00,14.17,-0.02,1,1417,卖盘
630,14:10:57,14.19,--,22,31218,买盘
631,14:10:48,14.19,0.02,24,34056,买盘
632,14:10:45,14.17,--,7,9919,卖盘
633,14:10:42,14.17,-0.02,63,89271,卖盘
634,14:10:39,14.19,0.01,98,139062,买盘
635,14:10:36,14.18,-0.01,4,5672,卖盘
636,14:10:33,14.19,--,286,405834,买盘
637,14:10:30,14.19,--,2,2838,买盘
638,14:10:27,14.19,0.01,19,26961,买盘
639,14:10:24,14.18,--,100,141800,卖盘
640,14:10:18,14.18,--,11,15598,卖盘
641,14:10:06,14.18,-0.01,27,38286,卖盘
642,14:10:03,14.19,0.01,1,1419,买盘
643,14:10:00,14.18,--,100,141800,卖盘
644,14:09:57,14.18,--,5,7090,卖盘
645,14:09:54,14.18,--,19,26942,卖盘
646,14:09:48,14.18,--,26,36868,卖盘
647,14:09:45,14.18,-0.01,34,48212,卖盘
648,14:09:42,14.19,0.01,2,2838,买盘
649,14:09:30,14.18,-0.01,11,15598,卖盘
650,14:09:21,14.19,0.01,120,170280,买盘
651,14:09:18,14.18,-0.01,22,31196,卖盘
652,14:09:15,14.19,0.01,2,2838,买盘
653,14:09:06,14.18,-0.01,5,7090,卖盘
654,14:09:03,14.19,0.02,30,42570,买盘
655,14:09:00,14.17,-0.02,1,1417,卖盘
656,14:08:57,14.19,-0.01,2,2838,买盘
657,14:08:51,14.2,--,18,25560,买盘
658,14:08:48,14.2,0.01,12,17040,买盘
659,14:08:36,14.19,-0.01,139,197241,卖盘
660,14:08:33,14.2,--,28,39760,买盘
661,14:08:30,14.2,--,31,44020,买盘
662,14:08:12,14.2,0.03,16,22720,买盘
663,14:08:09,14.17,-0.02,30,42510,卖盘
664,14:08:06,14.19,0.02,4,5676,买盘
665,14:08:00,14.17,--,1,1417,卖盘
666,14:07:57,14.17,-0.02,22,31174,卖盘
667,14:07:54,14.19,-0.01,49,69531,买盘
668,14:07:48,14.2,--,2,2840,买盘
669,14:07:42,14.2,0.02,252,357840,买盘
670,14:07:36,14.18,--,6,8508,卖盘
671,14:07:33,14.18,--,20,28360,卖盘
672,14:07:30,14.18,-0.01,111,157398,卖盘
673,14:07:24,14.19,--,33,46827,买盘
674,14:07:18,14.19,--,5,7095,买盘
675,14:07:09,14.19,--,2,2838,买盘
676,14:07:03,14.19,--,97,137643,买盘
677,14:07:00,14.19,0.03,21,29799,买盘
678,14:06:57,14.16,-0.03,4,5664,卖盘
679,14:06:54,14.19,--,17,24123,买盘
680,14:06:42,14.19,--,126,178794,买盘
681,14:06:30,14.19,0.03,4,5676,买盘
682,14:06:27,14.16,-0.03,9,13480,卖盘
683,14:06:24,14.19,--,121,171699,买盘
684,14:06:18,14.19,0.03,2,2838,买盘
685,14:06:06,14.16,-0.03,5,7080,卖盘
686,14:06:03,14.19,--,1,1419,买盘
687,14:06:00,14.19,0.04,7,9933,买盘
688,14:05:45,14.15,-0.04,3,4245,卖盘
689,14:05:42,14.19,0.04,32,45408,买盘
690,14:05:39,14.15,-0.04,100,141500,卖盘
691,14:05:36,14.19,--,98,139062,买盘
692,14:05:30,14.19,--,9,12771,买盘
693,14:05:27,14.19,0.04,22,31218,买盘
694,14:05:18,14.15,-0.05,3,4245,卖盘
695,14:05:06,14.2,--,63,89460,买盘
696,14:05:03,14.2,0.01,40,56800,买盘
697,14:05:00,14.19,--,13,18447,买盘
698,14:04:57,14.19,0.01,103,146157,买盘
699,14:04:54,14.18,--,324,459432,买盘
700,14:04:51,14.18,0.02,3,4254,买盘
701,14:04:45,14.16,-0.02,5,7080,卖盘
702,14:04:42,14.18,0.02,1,1418,买盘
703,14:04:39,14.16,--,9,12744,买盘
704,14:04:36,14.16,-0.03,5,7080,中性盘
705,14:04:33,14.19,0.01,27,38313,买盘
706,14:04:30,14.18,--,227,321886,买盘
707,14:04:18,14.18,0.01,162,229716,买盘
708,14:04:15,14.17,--,63,89271,买盘
709,14:04:12,14.17,--,108,153036,买盘
710,14:04:03,14.17,--,3,4251,买盘
711,14:04:00,14.17,--,45,63765,买盘
712,14:03:57,14.17,-0.03,117,166752,卖盘
713,14:03:54,14.2,--,2,2840,买盘
714,14:03:48,14.2,0.03,28,39760,买盘
715,14:03:45,14.17,--,32,45344,卖盘
716,14:03:39,14.17,-0.03,23,32591,卖盘
717,14:03:36,14.2,0.02,112,159040,买盘
718,14:03:30,14.18,0.01,20,28360,买盘
719,14:03:21,14.17,-0.01,1,1417,卖盘
720,14:03:12,14.18,0.01,8,11344,买盘
721,14:03:03,14.17,-0.02,66,93522,卖盘
722,14:03:00,14.19,-0.01,5,7095,买盘
723,14:02:51,14.2,0.03,125,177500,买盘
724,14:02:45,14.17,-0.01,20,28340,卖盘
725,14:02:42,14.18,0.01,2,2836,买盘
726,14:02:39,14.17,--,15,21255,卖盘
727,14:02:36,14.17,-0.01,252,357084,卖盘
728,14:02:33,14.18,-0.01,29,41122,卖盘
729,14:02:30,14.19,0.02,218,309342,中性盘
730,14:02:24,14.17,-0.03,10,14170,卖盘
731,14:02:21,14.2,--,1,1420,买盘
732,14:02:18,14.2,--,17,24140,买盘
733,14:02:12,14.2,--,98,139160,买盘
734,14:02:06,14.2,--,15,21300,买盘
735,14:02:03,14.2,0.01,28,39760,买盘
736,14:02:00,14.19,-0.01,20,28380,中性盘
737,14:01:54,14.2,0.02,201,285420,买盘
738,14:01:51,14.18,--,118,167324,卖盘
739,14:01:39,14.18,-0.02,28,39704,卖盘
740,14:01:36,14.2,--,36,51120,买盘
741,14:01:33,14.2,0.01,116,164720,买盘
742,14:01:30,14.19,-0.01,26,36894,卖盘
743,14:01:27,14.2,0.03,16,22720,买盘
744,14:01:21,14.17,-0.01,25,35425,卖盘
745,14:01:12,14.18,-0.02,100,141800,卖盘
746,14:01:09,14.2,--,1,1420,买盘
747,14:01:00,14.2,--,22,31240,买盘
748,14:00:57,14.2,--,100,142000,买盘
749,14:00:54,14.2,-0.01,34,48280,买盘
750,14:00:51,14.21,0.01,184,261464,买盘
751,14:00:45,14.2,--,22,31240,卖盘
752,14:00:39,14.2,--,52,73840,卖盘
753,14:00:36,14.2,--,2,2840,卖盘
754,14:00:33,14.2,-0.01,59,83780,卖盘
755,14:00:30,14.21,0.01,24,34104,买盘
756,14:00:27,14.2,-0.01,17,24140,卖盘
757,14:00:24,14.21,0.01,22,31262,买盘
758,14:00:18,14.2,-0.01,25,35500,卖盘
759,14:00:15,14.21,0.01,21,29841,买盘
760,14:00:12,14.2,--,18,25560,买盘
761,14:00:09,14.2,0.01,98,139160,买盘
762,14:00:03,14.19,-0.01,41,58179,卖盘
763,14:00:00,14.2,0.01,21,29820,买盘
764,13:59:57,14.19,0.02,83,117777,买盘
765,13:59:54,14.17,-0.02,44,62348,卖盘
766,13:59:51,14.19,--,12,17028,买盘
767,13:59:45,14.19,--,1,1419,买盘
768,13:59:39,14.19,-0.01,31,43989,买盘
769,13:59:30,14.2,--,181,257020,买盘
770,13:59:27,14.2,--,16,22720,买盘
771,13:59:24,14.2,--,53,75260,买盘
772,13:59:21,14.2,--,8,11360,买盘
773,13:59:18,14.2,0.01,31,44020,买盘
774,13:59:15,14.19,--,10,14190,买盘
775,13:59:12,14.19,--,19,26961,买盘
776,13:59:09,14.19,0.01,364,516516,买盘
777,13:59:03,14.18,--,20,28360,卖盘
778,13:59:00,14.18,--,51,72771,买盘
779,13:58:57,14.18,--,17,24106,买盘
780,13:58:51,14.18,--,30,42540,买盘
781,13:58:48,14.18,--,97,137546,买盘
782,13:58:42,14.18,--,32,45376,买盘
783,13:58:36,14.18,--,1,2382,卖盘
784,13:58:33,14.18,--,300,425400,卖盘
785,13:58:30,14.18,-0.01,29,41122,卖盘
786,13:58:27,14.19,--,25,35475,买盘
787,13:58:15,14.19,-0.01,22,31218,卖盘
788,13:58:12,14.2,-0.01,11,15620,买盘
789,13:58:09,14.21,0.01,108,153468,买盘
790,13:58:06,14.2,--,43,61060,买盘
791,13:58:03,14.2,--,2,2840,买盘
792,13:58:00,14.2,0.01,22,31240,买盘
793,13:57:51,14.19,0.01,2,2838,中性盘
794,13:57:48,14.18,-0.02,300,425400,卖盘
795,13:57:45,14.2,--,50,71000,买盘
796,13:57:42,14.2,-0.01,32,45440,中性盘
797,13:57:36,14.21,-0.01,21,29841,买盘
798,13:57:30,14.22,0.02,129,183438,买盘
799,13:57:27,14.2,-0.01,3,4260,买盘
800,13:57:24,14.21,--,13,18473,卖盘
801,13:57:21,14.21,--,18,25578,卖盘
802,13:57:18,14.21,--,21,29841,卖盘
803,13:57:15,14.21,0.01,28,39788,买盘
804,13:57:12,14.2,--,23,32660,买盘
805,13:57:09,14.2,-0.01,7,9940,买盘
806,13:57:06,14.21,0.02,45,63945,买盘
807,13:57:03,14.19,-0.03,7,9933,卖盘
808,13:57:00,14.22,--,46,65412,买盘
809,13:56:57,14.22,--,28,39816,买盘
810,13:56:51,14.22,0.01,99,140778,买盘
811,13:56:48,14.21,--,22,31262,买盘
812,13:56:45,14.21,0.01,28,39788,买盘
813,13:56:42,14.2,--,18,25560,卖盘
814,13:56:39,14.2,-0.01,14,19880,卖盘
815,13:56:36,14.21,0.01,20,28420,买盘
816,13:56:33,14.2,-0.02,4,5680,卖盘
817,13:56:30,14.22,--,23,32706,买盘
818,13:56:24,14.22,--,18,25596,买盘
819,13:56:21,14.22,0.03,32,45504,买盘
820,13:56:18,14.19,-0.03,83,117777,卖盘
821,13:56:12,14.22,0.03,97,137934,买盘
822,13:56:06,14.19,--,81,114939,卖盘
823,13:56:03,14.19,-0.01,10,14190,中性盘
824,13:56:00,14.2,--,415,589300,买盘
825,13:55:57,14.2,--,4,5680,买盘
826,13:55:54,14.2,--,10,15336,卖盘
827,13:55:48,14.2,--,4,5680,卖盘
828,13:55:45,14.2,--,25,35500,卖盘
829,13:55:42,14.2,0.02,81,115304,买盘
830,13:55:39,14.18,-0.02,21,29778,卖盘
831,13:55:33,14.2,-0.01,265,377436,卖盘
832,13:55:30,14.21,--,29,41209,买盘
833,13:55:27,14.21,0.01,100,142100,买盘
834,13:55:21,14.2,-0.01,126,178920,卖盘
835,13:55:15,14.21,0.01,161,228781,买盘
836,13:55:12,14.2,-0.01,47,66740,卖盘
837,13:55:09,14.21,--,226,321146,买盘
838,13:55:06,14.21,0.01,107,152047,买盘
839,13:55:03,14.2,-0.01,3,4260,卖盘
840,13:55:00,14.21,0.01,32,45472,买盘
841,13:54:54,14.2,-0.01,7,9940,卖盘
842,13:54:51,14.21,0.01,443,629503,买盘
843,13:54:48,14.2,--,72,102524,卖盘
844,13:54:45,14.2,-0.01,108,153360,买盘
845,13:54:42,14.21,0.01,44,62524,买盘
846,13:54:39,14.2,--,36,51120,买盘
847,13:54:36,14.2,0.02,20,28400,买盘
848,13:54:33,14.18,-0.02,2,2836,卖盘
849,13:54:30,14.2,--,20,28400,买盘
850,13:54:24,14.2,0.02,21,29820,买盘
851,13:54:21,14.18,-0.02,42,59556,卖盘
852,13:54:18,14.2,--,2,2840,买盘
853,13:54:15,14.2,--,28,39760,买盘
854,13:54:12,14.2,--,2,2840,买盘
855,13:54:09,14.2,--,222,315950,买盘
856,13:54:06,14.2,0.01,21,29820,买盘
857,13:54:03,14.19,-0.02,75,106425,卖盘
858,13:54:00,14.21,0.02,41,58261,买盘
859,13:53:57,14.19,-0.02,18,25542,卖盘
860,13:53:54,14.21,0.01,73,103733,买盘
861,13:53:51,14.2,--,297,422450,买盘
862,13:53:45,14.2,--,49,69580,买盘
863,13:53:42,14.2,--,52,73840,买盘
864,13:53:36,14.2,0.02,74,105080,买盘
865,13:53:33,14.18,-0.02,28,39704,卖盘
866,13:53:30,14.2,0.01,143,203060,买盘
867,13:53:27,14.19,--,53,75207,买盘
868,13:53:24,14.19,--,57,80883,卖盘
869,13:53:21,14.19,-0.01,3,4257,卖盘
870,13:53:15,14.2,--,20,28400,买盘
871,13:53:12,14.2,--,147,208740,买盘
872,13:53:09,14.2,0.01,20,28400,买盘
873,13:53:03,14.19,--,11,15609,卖盘
874,13:53:00,14.19,--,43,61017,卖盘
875,13:52:57,14.19,-0.01,99,140481,卖盘
876,13:52:54,14.2,0.01,20,28400,买盘
877,13:52:51,14.19,-0.01,60,85140,卖盘
878,13:52:48,14.2,0.01,100,142000,买盘
879,13:52:42,14.19,--,16,22704,卖盘
880,13:52:39,14.19,--,103,146157,买盘
881,13:52:36,14.19,0.01,20,28380,买盘
882,13:52:33,14.18,-0.01,62,87916,卖盘
883,13:52:30,14.19,-0.01,22,31218,买盘
884,13:52:27,14.2,--,20,28400,买盘
885,13:52:24,14.2,--,49,69580,买盘
886,13:52:21,14.2,0.01,20,28400,买盘
887,13:52:18,14.19,-0.01,39,55341,卖盘
888,13:52:15,14.2,--,41,58220,买盘
889,13:52:09,14.2,0.01,105,149100,买盘
890,13:52:06,14.19,--,20,28380,买盘
891,13:52:03,14.19,-0.01,18,25542,卖盘
892,13:52:00,14.2,--,30,42600,买盘
893,13:51:57,14.2,--,20,28400,买盘
894,13:51:54,14.2,--,2,2840,买盘
895,13:51:51,14.2,0.01,21,29820,买盘
896,13:51:45,14.19,-0.01,51,72369,卖盘
897,13:51:42,14.2,--,4,5680,买盘
898,13:51:39,14.2,--,50,71000,买盘
899,13:51:36,14.2,--,9,12780,买盘
900,13:51:33,14.2,--,22,32376,卖盘
901,13:51:30,14.2,--,19,27264,买盘
902,13:51:27,14.2,-0.01,373,529660,卖盘
903,13:51:24,14.21,0.01,20,28420,买盘
904,13:51:21,14.2,--,27,38340,卖盘
905,13:51:18,14.2,-0.01,18,25560,卖盘
906,13:51:15,14.21,--,30,42630,买盘
907,13:51:09,14.21,--,21,29841,买盘
908,13:51:06,14.21,0.01,7,9947,买盘
909,13:51:03,14.2,0.01,32,45440,买盘
910,13:51:00,14.19,-0.02,1,1419,卖盘
911,13:50:57,14.21,--,20,28420,买盘
912,13:50:54,14.21,0.01,42,59682,买盘
913,13:50:51,14.2,-0.01,1,1420,买盘
914,13:50:48,14.21,0.03,109,154889,买盘
915,13:50:45,14.18,-0.02,8,11344,卖盘
916,13:50:42,14.2,-0.01,18,25560,中性盘
917,13:50:39,14.21,--,20,28420,买盘
918,13:50:36,14.21,--,21,29841,买盘
919,13:50:30,14.21,0.03,21,29841,买盘
920,13:50:27,14.18,--,6,8508,卖盘
921,13:50:21,14.18,-0.02,51,72318,卖盘
922,13:50:18,14.2,-0.01,15,21300,卖盘
923,13:50:15,14.21,0.01,6,8526,买盘
924,13:50:12,14.2,-0.02,10,14200,卖盘
925,13:50:09,14.22,0.01,97,137934,买盘
926,13:50:06,14.21,0.01,21,29841,买盘
927,13:50:03,14.2,-0.02,7,9940,卖盘
928,13:50:00,14.22,--,67,95274,买盘
929,13:49:54,14.22,--,48,68256,买盘
930,13:49:51,14.22,--,22,31284,买盘
931,13:49:45,14.22,0.01,21,29862,买盘
932,13:49:39,14.21,0.01,2,2842,买盘
933,13:49:36,14.2,-0.03,4,5680,卖盘
934,13:49:30,14.23,0.05,98,139454,买盘
935,13:49:27,14.18,-0.05,15,21270,卖盘
936,13:49:24,14.23,--,20,28460,买盘
937,13:49:21,14.23,0.02,73,103879,买盘
938,13:49:18,14.21,--,33,46893,买盘
939,13:49:15,14.21,--,13,18473,买盘
940,13:49:12,14.21,0.01,29,41209,买盘
941,13:49:09,14.2,0.02,17,24140,买盘
942,13:49:06,14.18,-0.03,26,36868,卖盘
943,13:49:03,14.21,0.02,2,2842,买盘
944,13:49:00,14.19,-0.01,23,32637,卖盘
945,13:48:57,14.2,-0.02,25,35500,卖盘
946,13:48:54,14.22,0.02,10,14220,买盘
947,13:48:51,14.2,--,141,200220,卖盘
948,13:48:48,14.2,--,10,14654,买盘
949,13:48:45,14.2,0.01,9,12780,买盘
950,13:48:42,14.19,-0.01,37,52503,卖盘
951,13:48:39,14.2,0.01,23,32660,买盘
952,13:48:36,14.19,0.01,11,15609,买盘
953,13:48:33,14.18,-0.01,23,32614,卖盘
954,13:48:30,14.19,--,25,35475,买盘
955,13:48:27,14.19,--,89,126291,卖盘
956,13:48:24,14.19,--,11,15609,卖盘
957,13:48:21,14.19,--,53,75207,卖盘
958,13:48:18,14.19,-0.01,5,7095,卖盘
959,13:48:15,14.2,--,21,29820,买盘
960,13:48:12,14.2,--,103,146260,买盘
961,13:48:09,14.2,--,27,38340,买盘
962,13:48:06,14.2,--,15,21300,买盘
963,13:48:03,14.2,0.01,121,171820,买盘
964,13:48:00,14.19,-0.01,36,51084,卖盘
965,13:47:54,14.2,--,21,29820,买盘
966,13:47:51,14.2,--,18,25560,买盘
967,13:47:48,14.2,--,16,22720,买盘
968,13:47:45,14.2,--,51,72420,买盘
969,13:47:42,14.2,--,57,80940,买盘
970,13:47:39,14.2,--,43,61060,买盘
971,13:47:36,14.2,--,21,29820,买盘
972,13:47:33,14.2,--,148,210160,买盘
973,13:47:27,14.2,--,19,26980,买盘
974,13:47:24,14.2,-0.04,272,387205,卖盘
975,13:47:21,14.24,0.01,20,28480,买盘
976,13:47:18,14.23,-0.01,5,7115,卖盘
977,13:47:15,14.24,--,36,51264,买盘
978,13:47:12,14.24,0.02,105,149520,买盘
979,13:47:09,14.22,--,49,69678,买盘
980,13:47:06,14.22,-0.01,25,35550,中性盘
981,13:47:03,14.23,0.01,56,79688,买盘
982,13:47:00,14.22,-0.01,22,31284,中性盘
983,13:46:57,14.23,--,61,86803,买盘
984,13:46:54,14.23,--,84,119532,买盘
985,13:46:51,14.23,0.01,126,179298,买盘
986,13:46:48,14.22,-0.01,19,27018,卖盘
987,13:46:45,14.23,0.01,91,129493,买盘
988,13:46:36,14.22,--,47,66834,买盘
989,13:46:30,14.22,--,20,28440,买盘
990,13:46:27,14.22,--,1,1422,买盘
991,13:46:24,14.22,--,22,31284,买盘
992,13:46:21,14.22,0.01,28,39816,买盘
993,13:46:18,14.21,-0.01,13,18473,卖盘
994,13:46:15,14.22,0.01,60,85320,买盘
995,13:46:12,14.21,-0.01,11,15631,卖盘
996,13:46:09,14.22,0.02,98,139356,买盘
997,13:46:03,14.2,-0.01,1,1420,卖盘
998,13:46:00,14.21,0.01,26,37400,买盘
999,13:45:57,14.2,--,4,6645,卖盘
1000,13:45:54,14.2,--,27,38794,买盘
1001,13:45:51,14.2,--,20,28400,买盘
1002,13:45:45,14.2,--,67,95140,买盘
1003,13:45:39,14.2,0.01,21,29820,买盘
1004,13:45:36,14.19,-0.01,21,29799,卖盘
1005,13:45:30,14.2,--,110,156200,买盘
1006,13:45:24,14.2,--,22,31240,买盘
1007,13:45:21,14.2,-0.01,140,199765,卖盘
1008,13:45:18,14.21,-0.01,14,19894,卖盘
1009,13:45:15,14.22,--,99,140778,卖盘
1010,13:45:12,14.22,0.01,367,521874,买盘
1011,13:45:06,14.21,-0.01,99,140679,卖盘
1012,13:45:03,14.22,--,18,25596,买盘
1013,13:45:00,14.22,0.02,59,83898,买盘
1014,13:44:57,14.2,--,113,160460,卖盘
1015,13:44:51,14.2,--,45,63900,卖盘
1016,13:44:48,14.2,-0.01,103,146260,卖盘
1017,13:44:45,14.21,--,32,45472,买盘
1018,13:44:42,14.21,--,25,35525,买盘
1019,13:44:39,14.21,0.01,26,36946,买盘
1020,13:44:36,14.2,-0.01,10,14200,卖盘
1021,13:44:33,14.21,0.01,2,2842,买盘
1022,13:44:30,14.2,-0.01,21,29820,卖盘
1023,13:44:27,14.21,--,15,21315,买盘
1024,13:44:24,14.21,0.01,67,95207,买盘
1025,13:44:21,14.2,-0.01,22,31240,卖盘
1026,13:44:15,14.21,--,21,29841,买盘
1027,13:44:12,14.21,--,20,28420,买盘
1028,13:44:09,14.21,--,23,32683,买盘
1029,13:44:06,14.21,--,21,29841,买盘
1030,13:44:03,14.21,0.01,2,2842,买盘
1031,13:44:00,14.2,-0.01,1,1420,卖盘
1032,13:43:57,14.21,--,18,25578,买盘
1033,13:43:54,14.21,0.01,21,29841,买盘
1034,13:43:51,14.2,-0.01,21,29820,卖盘
1035,13:43:48,14.21,--,100,142100,买盘
1036,13:43:45,14.21,--,1,1421,买盘
1037,13:43:42,14.21,--,21,29841,买盘
1038,13:43:39,14.21,0.01,25,35525,买盘
1039,13:43:36,14.2,-0.01,30,42600,卖盘
1040,13:43:30,14.21,--,22,31262,买盘
1041,13:43:27,14.21,0.01,49,69629,买盘
1042,13:43:24,14.2,-0.01,20,28400,卖盘
1043,13:43:21,14.21,0.01,21,29841,买盘
1044,13:43:18,14.2,-0.01,6,8520,卖盘
1045,13:43:15,14.21,0.01,28,39788,买盘
1046,13:43:12,14.2,-0.01,21,29820,卖盘
1047,13:43:09,14.21,--,11,15631,买盘
1048,13:43:06,14.21,0.01,29,41209,买盘
1049,13:43:03,14.2,--,21,29820,卖盘
1050,13:43:00,14.2,--,39,55834,买盘
1051,13:42:57,14.2,--,38,53960,买盘
1052,13:42:54,14.2,0.01,20,28400,买盘
1053,13:42:51,14.19,-0.01,51,72369,卖盘
1054,13:42:48,14.2,--,50,71000,买盘
1055,13:42:45,14.2,--,34,48280,买盘
1056,13:42:39,14.2,--,34,48280,买盘
1057,13:42:36,14.2,--,20,28400,买盘
1058,13:42:30,14.2,--,20,28400,买盘
1059,13:42:27,14.2,--,5,7100,买盘
1060,13:42:24,14.2,--,23,32660,买盘
1061,13:42:21,14.2,0.01,32,45440,买盘
1062,13:42:18,14.19,--,5,7095,卖盘
1063,13:42:12,14.19,--,1,1419,卖盘
1064,13:42:09,14.19,-0.01,21,29799,中性盘
1065,13:42:06,14.2,0.02,68,96560,买盘
1066,13:42:03,14.18,-0.01,5,7090,卖盘
1067,13:42:00,14.19,0.01,23,32637,买盘
1068,13:41:57,14.18,-0.01,1,1418,卖盘
1069,13:41:54,14.19,0.01,20,28380,买盘
1070,13:41:51,14.18,--,33,46794,卖盘
1071,13:41:45,14.18,-0.02,26,36868,卖盘
1072,13:41:39,14.2,0.02,2,2840,买盘
1073,13:41:36,14.18,-0.01,54,76572,卖盘
1074,13:41:30,14.19,0.01,18,25542,买盘
1075,13:41:21,14.18,--,1,1418,中性盘
1076,13:41:18,14.18,--,63,89334,买盘
1077,13:41:15,14.18,--,22,31196,买盘
1078,13:41:12,14.18,--,8,11344,买盘
1079,13:41:09,14.18,-0.02,32,45376,中性盘
1080,13:41:06,14.2,0.01,20,28400,买盘
1081,13:41:03,14.19,0.02,100,141900,买盘
1082,13:41:00,14.17,-0.01,32,45344,卖盘
1083,13:40:54,14.18,--,20,28360,买盘
1084,13:40:48,14.18,--,2,2836,买盘
1085,13:40:45,14.18,--,29,42256,卖盘
1086,13:40:42,14.18,--,31,43958,卖盘
1087,13:40:39,14.18,-0.01,78,110604,卖盘
1088,13:40:36,14.19,0.01,87,123453,买盘
1089,13:40:33,14.18,--,3,4254,卖盘
1090,13:40:27,14.18,-0.01,20,28360,卖盘
1091,13:40:24,14.19,--,20,28380,买盘
1092,13:40:21,14.19,0.01,20,28380,买盘
1093,13:40:18,14.18,--,10,14180,卖盘
1094,13:40:12,14.18,-0.01,31,43958,卖盘
1095,13:40:09,14.19,--,27,38313,买盘
1096,13:40:06,14.19,0.01,75,106425,买盘
1097,13:40:03,14.18,-0.01,15,21270,卖盘
1098,13:40:00,14.19,0.01,42,59598,买盘
1099,13:39:57,14.18,--,1,1418,卖盘
1100,13:39:51,14.18,--,33,46794,卖盘
1101,13:39:45,14.18,-0.01,44,62392,卖盘
1102,13:39:39,14.19,0.01,22,31218,买盘
1103,13:39:33,14.18,-0.01,1,1418,卖盘
1104,13:39:30,14.19,-0.01,41,58179,买盘
1105,13:39:24,14.2,--,22,31240,买盘
1106,13:39:21,14.2,0.01,18,25560,买盘
1107,13:39:15,14.19,--,20,28380,买盘
1108,13:39:12,14.19,--,307,435633,卖盘
1109,13:39:09,14.19,-0.01,16,22704,买盘
1110,13:39:06,14.2,0.02,30,42600,买盘
1111,13:39:03,14.18,-0.02,164,232552,卖盘
1112,13:39:00,14.2,--,22,31240,买盘
1113,13:38:57,14.2,0.01,35,49700,买盘
1114,13:38:54,14.19,--,62,87978,卖盘
1115,13:38:51,14.19,-0.01,79,112101,卖盘
1116,13:38:48,14.2,--,26,36920,买盘
1117,13:38:45,14.2,--,1,1420,买盘
1118,13:38:42,14.2,0.02,57,80940,买盘
1119,13:38:39,14.18,-0.02,59,83662,卖盘
1120,13:38:36,14.2,--,160,227200,买盘
1121,13:38:33,14.2,--,84,119280,买盘
1122,13:38:30,14.2,--,68,96560,买盘
1123,13:38:27,14.2,--,299,424580,买盘
1124,13:38:24,14.2,0.01,23,32660,买盘
1125,13:38:21,14.19,-0.01,125,177375,卖盘
1126,13:38:18,14.2,--,37,52540,买盘
1127,13:38:15,14.2,0.01,33,46860,买盘
1128,13:38:09,14.19,--,5,7095,买盘
1129,13:38:06,14.19,--,121,171699,买盘
1130,13:38:00,14.19,--,40,56760,买盘
1131,13:37:57,14.19,--,15,21285,买盘
1132,13:37:54,14.19,--,120,170280,买盘
1133,13:37:45,14.19,0.01,82,116358,买盘
1134,13:37:42,14.18,-0.01,1,1701,卖盘
1135,13:37:39,14.19,--,83,117777,买盘
1136,13:37:36,14.19,--,47,66693,买盘
1137,13:37:33,14.19,--,57,80883,买盘
1138,13:37:30,14.19,--,108,153252,买盘
1139,13:37:24,14.19,0.01,326,462594,买盘
1140,13:37:21,14.18,--,71,100678,卖盘
1141,13:37:18,14.18,-0.01,1,1418,卖盘
1142,13:37:15,14.19,0.01,103,146157,买盘
1143,13:37:09,14.18,--,23,32614,卖盘
1144,13:37:06,14.18,--,164,232552,买盘
1145,13:37:03,14.18,--,5,7090,买盘
1146,13:37:00,14.18,0.01,31,43958,买盘
1147,13:36:57,14.17,-0.01,61,86437,卖盘
1148,13:36:54,14.18,--,21,29778,买盘
1149,13:36:51,14.18,0.01,20,28360,买盘
1150,13:36:48,14.17,-0.01,20,28340,卖盘
1151,13:36:45,14.18,--,277,392786,买盘
1152,13:36:42,14.18,--,96,136128,买盘
1153,13:36:39,14.18,--,5,7090,买盘
1154,13:36:36,14.18,--,21,29778,买盘
1155,13:36:33,14.18,--,161,228298,买盘
1156,13:36:30,14.18,0.01,69,97842,买盘
1157,13:36:27,14.17,--,256,362752,卖盘
1158,13:36:21,14.17,--,2,2834,卖盘
1159,13:36:18,14.17,--,136,192712,买盘
1160,13:36:15,14.17,--,21,29757,买盘
1161,13:36:12,14.17,--,5,7085,买盘
1162,13:36:09,14.17,0.01,34,48178,买盘
1163,13:36:03,14.16,-0.01,5,7080,卖盘
1164,13:36:00,14.17,0.01,43,60931,买盘
1165,13:35:57,14.16,-0.01,33,46728,卖盘
1166,13:35:54,14.17,0.01,54,76518,中性盘
1167,13:35:51,14.16,-0.02,29,41064,卖盘
1168,13:35:48,14.18,0.01,128,181504,买盘
1169,13:35:45,14.17,-0.01,36,51012,卖盘
1170,13:35:42,14.18,0.01,105,148890,买盘
1171,13:35:39,14.17,--,22,31174,买盘
1172,13:35:36,14.17,--,83,117611,买盘
1173,13:35:33,14.17,--,32,45344,买盘
1174,13:35:27,14.17,--,21,29757,买盘
1175,13:35:24,14.17,-0.01,48,68016,中性盘
1176,13:35:21,14.18,0.01,79,112022,买盘
1177,13:35:18,14.17,-0.01,101,143117,中性盘
1178,13:35:15,14.18,--,50,70900,买盘
1179,13:35:09,14.18,0.01,21,29778,买盘
1180,13:35:06,14.17,--,74,104858,买盘
1181,13:35:03,14.17,--,9,12753,买盘
1182,13:35:00,14.17,--,91,128947,买盘
1183,13:34:57,14.17,--,85,120445,买盘
1184,13:34:51,14.17,--,45,63765,买盘
1185,13:34:45,14.17,--,21,29757,买盘
1186,13:34:36,14.17,--,29,41093,买盘
1187,13:34:30,14.17,--,20,28340,买盘
1188,13:34:27,14.17,--,11,15587,买盘
1189,13:34:24,14.17,--,93,131781,买盘
1190,13:34:21,14.17,--,58,82186,买盘
1191,13:34:18,14.17,--,30,42510,买盘
1192,13:34:15,14.17,0.01,21,29757,买盘
1193,13:34:12,14.16,-0.01,20,28320,卖盘
1194,13:34:09,14.17,0.02,7,9919,买盘
1195,13:34:03,14.15,-0.02,17,24055,卖盘
1196,13:34:00,14.17,0.01,21,29757,买盘
1197,13:33:57,14.16,-0.01,1,1416,卖盘
1198,13:33:54,14.17,--,20,28340,买盘
1199,13:33:51,14.17,--,40,56680,买盘
1200,13:33:48,14.17,--,58,82186,买盘
1201,13:33:45,14.17,0.01,18,25506,买盘
1202,13:33:42,14.16,-0.01,116,164256,买盘
1203,13:33:39,14.17,--,21,29757,买盘
1204,13:33:36,14.17,--,37,52429,买盘
1205,13:33:33,14.17,--,200,283400,买盘
1206,13:33:27,14.17,0.01,200,283400,买盘
1207,13:33:24,14.16,0.01,40,56640,买盘
1208,13:33:21,14.15,0.01,25,35375,买盘
1209,13:33:18,14.14,-0.01,21,29694,卖盘
1210,13:33:15,14.15,--,20,28300,买盘
1211,13:33:12,14.15,--,4,5660,买盘
1212,13:33:09,14.15,-0.01,12,16980,卖盘
1213,13:33:06,14.16,0.01,25,35400,买盘
1214,13:33:03,14.15,-0.01,3,4245,卖盘
1215,13:33:00,14.16,0.01,24,33984,买盘
1216,13:32:57,14.15,-0.01,102,144330,卖盘
1217,13:32:54,14.16,--,7,9912,买盘
1218,13:32:51,14.16,--,61,86376,买盘
1219,13:32:45,14.16,--,32,45312,买盘
1220,13:32:39,14.16,0.01,61,86376,买盘
1221,13:32:36,14.15,--,22,31130,买盘
1222,13:32:30,14.15,--,22,31130,买盘
1223,13:32:27,14.15,--,3,4245,买盘
1224,13:32:24,14.15,--,20,28300,买盘
1225,13:32:21,14.15,0.01,120,169800,买盘
1226,13:32:18,14.14,-0.01,9,12726,卖盘
1227,13:32:15,14.15,--,395,558925,买盘
1228,13:32:12,14.15,--,12,16980,买盘
1229,13:32:09,14.15,--,38,53770,买盘
1230,13:32:03,14.15,0.03,25,35375,买盘
1231,13:32:00,14.12,-0.02,1,1412,卖盘
1232,13:31:57,14.14,-0.01,2,2828,中性盘
1233,13:31:54,14.15,0.03,20,28300,买盘
1234,13:31:51,14.12,-0.03,25,35300,卖盘
1235,13:31:45,14.15,--,20,28300,买盘
1236,13:31:39,14.15,0.03,48,67920,买盘
1237,13:31:36,14.12,-0.02,51,72012,卖盘
1238,13:31:33,14.14,--,8,11312,卖盘
1239,13:31:30,14.14,--,25,35350,卖盘
1240,13:31:21,14.14,-0.01,28,39592,卖盘
1241,13:31:15,14.15,--,72,101880,买盘
1242,13:31:12,14.15,--,2,2830,买盘
1243,13:31:09,14.15,--,38,53770,买盘
1244,13:31:06,14.15,0.05,231,326865,买盘
1245,13:31:03,14.1,-0.04,34,47940,卖盘
1246,13:31:00,14.14,--,57,80598,买盘
1247,13:30:54,14.14,--,77,108878,买盘
1248,13:30:48,14.14,--,7,9898,买盘
1249,13:30:45,14.14,--,41,57974,买盘
1250,13:30:39,14.14,--,51,72114,卖盘
1251,13:30:36,14.14,--,1,1414,卖盘
1252,13:30:33,14.14,--,10,14140,卖盘
1253,13:30:30,14.14,-0.01,46,65044,卖盘
1254,13:30:24,14.15,0.01,24,33960,买盘
1255,13:30:21,14.14,--,25,35350,卖盘
1256,13:30:15,14.14,0.02,266,376124,买盘
1257,13:30:12,14.12,-0.02,2,2824,卖盘
1258,13:30:09,14.14,--,50,70700,买盘
1259,13:30:06,14.14,0.02,26,36764,买盘
1260,13:30:03,14.12,--,45,63540,卖盘
1261,13:29:57,14.12,--,1,1412,卖盘
1262,13:29:54,14.12,-0.01,567,801790,卖盘
1263,13:29:51,14.13,--,20,28260,买盘
1264,13:29:45,14.13,--,55,77715,买盘
1265,13:29:42,14.13,0.02,78,110214,买盘
1266,13:29:36,14.11,--,20,28220,买盘
1267,13:29:30,14.11,-0.01,20,28220,中性盘
1268,13:29:21,14.12,--,21,29652,买盘
1269,13:29:18,14.12,--,2,2824,买盘
1270,13:29:15,14.12,--,20,28240,买盘
1271,13:29:12,14.12,--,20,28240,买盘
1272,13:29:09,14.12,--,20,28240,买盘
1273,13:29:00,14.12,0.02,20,28240,买盘
1274,13:28:57,14.1,--,1,1410,卖盘
1275,13:28:54,14.1,-0.02,56,78960,中性盘
1276,13:28:48,14.12,--,222,313464,买盘
1277,13:28:45,14.12,0.01,21,29652,买盘
1278,13:28:42,14.11,-0.01,20,28220,中性盘
1279,13:28:39,14.12,--,39,55068,买盘
1280,13:28:36,14.12,0.03,383,540796,买盘
1281,13:28:33,14.09,-0.01,4,5636,卖盘
1282,13:28:30,14.1,--,100,141000,买盘
1283,13:28:24,14.1,0.01,20,28200,买盘
1284,13:28:18,14.09,--,1,1409,买盘
1285,13:28:15,14.09,--,11,15499,买盘
1286,13:28:12,14.09,--,20,28180,买盘
1287,13:28:09,14.09,--,21,29589,买盘
1288,13:28:06,14.09,--,20,28180,买盘
1289,13:28:00,14.09,0.01,21,29589,买盘
1290,13:27:57,14.08,-0.02,40,56320,卖盘
1291,13:27:51,14.1,0.02,32,45120,买盘
1292,13:27:48,14.08,-0.02,3,4224,卖盘
1293,13:27:45,14.1,--,20,28200,买盘
1294,13:27:42,14.1,--,20,28200,买盘
1295,13:27:36,14.1,0.02,20,28200,买盘
1296,13:27:33,14.08,--,1,1408,卖盘
1297,13:27:30,14.08,--,31,43648,卖盘
1298,13:27:27,14.08,-0.02,2,2816,卖盘
1299,13:27:24,14.1,0.02,20,28200,买盘
1300,13:27:18,14.08,--,1,1408,卖盘
1301,13:27:15,14.08,-0.03,21,29568,卖盘
1302,13:27:12,14.11,0.01,20,28220,买盘
1303,13:27:09,14.1,0.02,21,29610,买盘
1304,13:27:03,14.08,-0.02,6,8448,卖盘
1305,13:27:00,14.1,--,21,29610,买盘
1306,13:26:54,14.1,--,20,28200,买盘
1307,13:26:51,14.1,--,21,29610,买盘
1308,13:26:39,14.1,--,20,28200,买盘
1309,13:26:36,14.1,0.02,40,56400,买盘
1310,13:26:27,14.08,-0.02,2,2816,卖盘
1311,13:26:24,14.1,0.01,69,97290,买盘
1312,13:26:21,14.09,-0.02,10,14090,买盘
1313,13:26:15,14.11,0.03,20,28220,买盘
1314,13:26:12,14.08,-0.01,21,29568,卖盘
1315,13:26:09,14.09,--,3,4227,卖盘
1316,13:26:06,14.09,-0.02,62,87358,卖盘
1317,13:26:00,14.11,0.02,16,22576,买盘
1318,13:25:57,14.09,-0.02,1,1409,卖盘
1319,13:25:54,14.11,-0.01,19,26809,卖盘
1320,13:25:51,14.12,0.01,20,28240,买盘
1321,13:25:48,14.11,-0.01,1,1411,卖盘
1322,13:25:45,14.12,0.03,12,16944,买盘
1323,13:25:42,14.09,-0.03,4,5636,卖盘
1324,13:25:39,14.12,--,22,31064,买盘
1325,13:25:36,14.12,0.03,26,36712,买盘
1326,13:25:33,14.09,-0.02,1,1409,卖盘
1327,13:25:30,14.11,--,23,32453,买盘
1328,13:25:24,14.11,-0.01,20,28220,中性盘
1329,13:25:15,14.12,0.03,21,29652,买盘
1330,13:25:12,14.09,-0.02,20,28180,卖盘
1331,13:25:09,14.11,-0.01,21,29631,买盘
1332,13:25:06,14.12,0.01,41,57892,买盘
1333,13:24:57,14.11,--,14,19754,卖盘
1334,13:24:54,14.11,--,30,42330,买盘
1335,13:24:51,14.11,--,20,28220,买盘
1336,13:24:48,14.11,0.02,2,2822,买盘
1337,13:24:45,14.09,-0.02,1,1409,卖盘
1338,13:24:42,14.11,-0.01,2,2822,卖盘
1339,13:24:39,14.12,0.01,26,36712,买盘
1340,13:24:36,14.11,--,50,70550,卖盘
1341,13:24:30,14.11,--,3,4233,买盘
1342,13:24:27,14.11,0.02,2,2822,买盘
1343,13:24:21,14.09,--,21,29589,卖盘
1344,13:24:18,14.09,-0.03,13,18317,卖盘
1345,13:24:15,14.12,--,21,29652,买盘
1346,13:24:09,14.12,--,82,115784,买盘
1347,13:24:06,14.12,0.01,20,28240,买盘
1348,13:24:03,14.11,-0.01,5,7055,卖盘
1349,13:24:00,14.12,--,50,70600,买盘
1350,13:23:57,14.12,--,2,2824,买盘
1351,13:23:54,14.12,0.01,21,29652,买盘
1352,13:23:51,14.11,-0.01,2,2822,卖盘
1353,13:23:45,14.12,--,20,28240,买盘
1354,13:23:39,14.12,--,21,29652,买盘
1355,13:23:30,14.12,--,41,57892,买盘
1356,13:23:24,14.12,--,20,28240,买盘
1357,13:23:21,14.12,0.01,20,28240,买盘
1358,13:23:15,14.11,-0.01,1,1411,卖盘
1359,13:23:12,14.12,--,3,4236,卖盘
1360,13:23:09,14.12,--,17,24004,买盘
1361,13:23:06,14.12,--,21,29652,买盘
1362,13:23:03,14.12,--,35,49420,买盘
1363,13:23:00,14.12,--,23,32476,买盘
1364,13:22:54,14.12,0.01,20,28240,买盘
1365,13:22:51,14.11,--,1,1411,买盘
1366,13:22:45,14.11,--,21,29631,买盘
1367,13:22:42,14.11,--,1,1411,买盘
1368,13:22:39,14.11,0.01,48,67728,买盘
1369,13:22:36,14.1,-0.01,24,33840,卖盘
1370,13:22:30,14.11,-0.01,41,57851,买盘
1371,13:22:24,14.12,-0.01,20,28240,卖盘
1372,13:22:21,14.13,--,26,36738,买盘
1373,13:22:15,14.13,--,20,28260,买盘
1374,13:22:12,14.13,0.03,28,39564,买盘
1375,13:22:09,14.1,-0.03,32,45120,卖盘
1376,13:22:03,14.13,--,70,98910,买盘
1377,13:22:00,14.13,0.02,41,57933,买盘
1378,13:21:57,14.11,-0.02,11,15521,卖盘
1379,13:21:54,14.13,0.01,20,28260,买盘
1380,13:21:51,14.12,--,6,8472,卖盘
1381,13:21:45,14.12,-0.01,10,14120,买盘
1382,13:21:42,14.13,--,10,14130,买盘
1383,13:21:39,14.13,0.03,21,29673,买盘
1384,13:21:36,14.1,--,35,49350,卖盘
1385,13:21:27,14.1,-0.03,40,56400,卖盘
1386,13:21:24,14.13,--,43,60759,买盘
1387,13:21:21,14.13,--,21,29673,买盘
1388,13:21:15,14.13,0.01,4,5652,买盘
1389,13:21:09,14.12,--,9,12708,买盘
1390,13:21:06,14.12,0.02,27,38124,买盘
1391,13:21:03,14.1,-0.03,5,7050,卖盘
1392,13:21:00,14.13,0.03,21,29673,买盘
1393,13:20:57,14.1,-0.03,21,29610,中性盘
1394,13:20:54,14.13,0.05,1,1413,买盘
1395,13:20:51,14.08,-0.04,213,299904,卖盘
1396,13:20:48,14.12,0.02,1,1412,买盘
1397,13:20:45,14.1,-0.03,1,1410,中性盘
1398,13:20:36,14.13,--,21,29673,买盘
1399,13:20:30,14.13,--,43,60759,买盘
1400,13:20:27,14.13,0.01,21,29673,买盘
1401,13:20:24,14.12,--,20,28240,买盘
1402,13:20:15,14.12,--,20,28240,买盘
1403,13:20:12,14.12,-0.01,5,7285,卖盘
1404,13:20:09,14.13,0.01,22,31086,买盘
1405,13:20:03,14.12,--,20,28240,卖盘
1406,13:20:00,14.12,--,15,22366,买盘
1407,13:19:57,14.12,--,51,72012,买盘
1408,13:19:54,14.12,--,20,28240,买盘
1409,13:19:51,14.12,--,21,29652,买盘
1410,13:19:45,14.12,--,30,42360,买盘
1411,13:19:42,14.12,0.03,45,63540,买盘
1412,13:19:39,14.09,-0.03,33,46497,卖盘
1413,13:19:36,14.12,0.02,20,28240,买盘
1414,13:19:33,14.1,--,4,5640,卖盘
1415,13:19:30,14.1,-0.02,1,1410,卖盘
1416,13:19:27,14.12,--,20,28240,买盘
1417,13:19:24,14.12,--,21,29652,买盘
1418,13:19:21,14.12,--,20,28240,买盘
1419,13:19:15,14.12,--,20,28240,买盘
1420,13:19:06,14.12,--,21,29652,买盘
1421,13:19:00,14.12,0.03,20,28240,买盘
1422,13:18:57,14.09,-0.03,1,1409,卖盘
1423,13:18:51,14.12,--,63,88956,买盘
1424,13:18:45,14.12,--,21,29652,买盘
1425,13:18:39,14.12,0.01,23,32476,买盘
1426,13:18:36,14.11,-0.01,4,5644,卖盘
1427,13:18:30,14.12,--,20,28240,买盘
1428,13:18:24,14.12,--,21,29652,买盘
1429,13:18:21,14.12,0.01,20,28240,买盘
1430,13:18:15,14.11,-0.01,23,32453,卖盘
1431,13:18:09,14.12,0.01,31,43772,买盘
1432,13:18:06,14.11,0.03,8,11288,买盘
1433,13:17:57,14.08,-0.03,1,1408,卖盘
1434,13:17:54,14.11,--,20,28220,买盘
1435,13:17:51,14.11,0.03,40,56440,买盘
1436,13:17:42,14.08,-0.03,1,1408,卖盘
1437,13:17:39,14.11,--,24,33864,买盘
1438,13:17:36,14.11,--,20,28220,买盘
1439,13:17:30,14.11,--,20,28220,买盘
1440,13:17:21,14.11,--,40,56440,买盘
1441,13:17:15,14.11,--,21,29631,买盘
1442,13:17:09,14.11,--,1,1411,买盘
1443,13:17:06,14.11,--,21,29631,买盘
1444,13:17:00,14.11,--,20,28220,买盘
1445,13:16:54,14.11,--,21,29631,买盘
1446,13:16:51,14.11,--,20,28220,买盘
1447,13:16:45,14.11,-0.01,20,28220,中性盘
1448,13:16:39,14.12,0.04,30,42360,买盘
1449,13:16:33,14.08,-0.04,6,8448,卖盘
1450,13:16:30,14.12,--,21,29652,买盘
1451,13:16:24,14.12,0.04,20,28240,买盘
1452,13:16:21,14.08,-0.04,91,128128,卖盘
1453,13:16:18,14.12,--,97,136964,买盘
1454,13:16:15,14.12,--,20,28240,买盘
1455,13:16:12,14.12,--,10,14120,买盘
1456,13:16:09,14.12,--,21,29652,买盘
1457,13:16:06,14.12,0.04,20,28240,买盘
1458,13:16:03,14.08,-0.03,113,159104,卖盘
1459,13:15:57,14.11,-0.01,1,1411,中性盘
1460,13:15:54,14.12,0.02,20,28240,买盘
1461,13:15:51,14.1,-0.01,22,31020,卖盘
1462,13:15:48,14.11,--,27,38097,买盘
1463,13:15:45,14.11,--,41,57851,买盘
1464,13:15:39,14.11,-0.01,42,59262,卖盘
1465,13:15:36,14.12,--,20,28240,买盘
1466,13:15:33,14.12,--,4,5648,买盘
1467,13:15:30,14.12,0.01,21,29652,买盘
1468,13:15:27,14.11,-0.01,11,15521,卖盘
1469,13:15:21,14.12,--,20,28240,买盘
1470,13:15:15,14.12,--,40,56480,买盘
1471,13:15:09,14.12,0.01,21,29652,买盘
1472,13:15:06,14.11,-0.01,5,7055,卖盘
1473,13:15:00,14.12,0.01,20,28240,买盘
1474,13:14:57,14.11,-0.01,3,4233,卖盘
1475,13:14:54,14.12,0.01,20,28240,买盘
1476,13:14:51,14.11,--,1,1411,卖盘
1477,13:14:48,14.11,-0.01,13,18343,卖盘
1478,13:14:45,14.12,0.01,22,31064,买盘
1479,13:14:42,14.11,--,12,16932,卖盘
1480,13:14:39,14.11,--,12,16932,买盘
1481,13:14:36,14.11,--,20,28220,买盘
1482,13:14:33,14.11,--,8,11288,卖盘
1483,13:14:27,14.11,-0.01,1,1411,卖盘
1484,13:14:24,14.12,--,32,45184,买盘
1485,13:14:18,14.12,0.01,10,14120,买盘
1486,13:14:15,14.11,--,24,33864,卖盘
1487,13:14:09,14.11,--,32,45152,卖盘
1488,13:14:06,14.11,--,4,5644,买盘
1489,13:14:00,14.11,0.01,21,29631,买盘
1490,13:13:57,14.1,0.01,1,1410,中性盘
1491,13:13:54,14.09,-0.03,10,14090,卖盘
1492,13:13:51,14.12,--,22,31064,买盘
1493,13:13:45,14.12,0.01,20,28240,买盘
1494,13:13:42,14.11,-0.01,20,28220,中性盘
1495,13:13:36,14.12,0.01,21,29652,买盘
1496,13:13:33,14.11,-0.01,1,1411,卖盘
1497,13:13:30,14.12,0.01,20,28240,买盘
1498,13:13:27,14.11,-0.01,1,1411,卖盘
1499,13:13:24,14.12,0.03,20,28240,买盘
1500,13:13:15,14.09,-0.03,43,61178,卖盘
1501,13:13:12,14.12,--,20,28240,买盘
1502,13:13:09,14.12,0.01,20,28240,买盘
1503,13:13:00,14.11,0.01,19,27627,买盘
1504,13:12:57,14.1,-0.02,1,2002,卖盘
1505,13:12:54,14.12,0.01,21,29652,买盘
1506,13:12:51,14.11,--,26,36686,卖盘
1507,13:12:45,14.11,--,23,32453,卖盘
1508,13:12:42,14.11,--,26,36686,卖盘
1509,13:12:39,14.11,-0.01,25,36093,中性盘
1510,13:12:33,14.12,0.02,7,9884,买盘
1511,13:12:27,14.1,-0.01,18,25380,卖盘
1512,13:12:24,14.11,-0.01,47,66317,中性盘
1513,13:12:21,14.12,0.01,20,28240,买盘
1514,13:12:18,14.11,--,15,22209,卖盘
1515,13:12:15,14.11,-0.01,62,87482,卖盘
1516,13:12:12,14.12,0.01,20,28240,买盘
1517,13:12:09,14.11,-0.01,4,5644,卖盘
1518,13:12:06,14.12,0.01,20,28240,买盘
1519,13:12:03,14.11,-0.01,5,7055,卖盘
1520,13:12:00,14.12,0.01,20,28240,买盘
1521,13:11:57,14.11,-0.01,26,36686,卖盘
1522,13:11:51,14.12,--,21,29652,买盘
1523,13:11:45,14.12,--,47,66364,买盘
1524,13:11:42,14.12,--,20,28240,买盘
1525,13:11:39,14.12,--,20,28240,买盘
1526,13:11:30,14.12,0.01,20,28240,买盘
1527,13:11:27,14.11,-0.01,1,1411,卖盘
1528,13:11:24,14.12,0.01,39,55068,买盘
1529,13:11:21,14.11,-0.01,100,141100,卖盘
1530,13:11:15,14.12,--,20,28240,买盘
1531,13:11:09,14.12,--,20,28240,买盘
1532,13:11:06,14.12,0.01,43,60716,买盘
1533,13:10:57,14.11,-0.01,1,1411,卖盘
1534,13:10:54,14.12,--,70,98840,买盘
1535,13:10:51,14.12,--,20,28240,买盘
1536,13:10:42,14.12,--,2,2824,买盘
1537,13:10:39,14.12,--,21,29652,买盘
1538,13:10:36,14.12,0.01,41,57892,买盘
1539,13:10:33,14.11,-0.01,5,7055,卖盘
1540,13:10:30,14.12,0.01,24,33888,买盘
1541,13:10:27,14.11,--,81,114291,卖盘
1542,13:10:21,14.11,-0.01,31,43741,卖盘
1543,13:10:15,14.12,--,20,28240,买盘
1544,13:10:06,14.12,--,40,56480,买盘
1545,13:10:00,14.12,--,22,31064,买盘
1546,13:09:54,14.12,0.01,25,35300,买盘
1547,13:09:51,14.11,-0.01,10,14110,卖盘
1548,13:09:45,14.12,0.01,20,28240,买盘
1549,13:09:42,14.11,-0.01,5,7421,卖盘
1550,13:09:39,14.12,0.01,21,29652,买盘
1551,13:09:36,14.11,-0.01,39,55029,卖盘
1552,13:09:33,14.12,--,4,5648,买盘
1553,13:09:30,14.12,0.01,33,46596,买盘
1554,13:09:27,14.11,-0.01,1,1411,卖盘
1555,13:09:24,14.12,--,20,28240,买盘
1556,13:09:21,14.12,--,21,29652,买盘
1557,13:09:09,14.12,--,20,28240,买盘
1558,13:09:06,14.12,0.01,45,63540,买盘
1559,13:09:00,14.11,--,3,4233,卖盘
1560,13:08:57,14.11,--,4,5644,卖盘
1561,13:08:54,14.11,0.01,6,8466,买盘
1562,13:08:51,14.1,-0.01,30,42300,卖盘
1563,13:08:48,14.11,--,2,2822,买盘
1564,13:08:45,14.11,--,20,28220,买盘
1565,13:08:39,14.11,-0.01,2,2822,卖盘
1566,13:08:36,14.12,0.01,20,28240,买盘
1567,13:08:33,14.11,-0.01,19,26809,卖盘
1568,13:08:30,14.12,0.02,40,56480,买盘
1569,13:08:27,14.1,--,4,5640,卖盘
1570,13:08:21,14.1,-0.02,25,35250,卖盘
1571,13:08:15,14.12,--,22,31064,买盘
1572,13:08:09,14.12,--,31,43772,买盘
1573,13:08:00,14.12,0.02,43,60716,买盘
1574,13:07:57,14.1,-0.01,3,4230,卖盘
1575,13:07:54,14.11,--,20,28220,买盘
1576,13:07:45,14.11,--,21,29631,买盘
1577,13:07:42,14.11,--,1,1411,买盘
1578,13:07:39,14.11,0.01,20,28220,买盘
1579,13:07:36,14.1,-0.01,34,47940,卖盘
1580,13:07:30,14.11,0.01,20,28220,买盘
1581,13:07:27,14.1,-0.01,1,1410,卖盘
1582,13:07:24,14.11,0.01,21,29631,买盘
1583,13:07:21,14.1,-0.01,33,46530,卖盘
1584,13:07:09,14.11,--,20,28220,买盘
1585,13:07:06,14.11,0.01,21,29631,买盘
1586,13:07:00,14.1,-0.01,52,73320,卖盘
1587,13:06:57,14.11,--,55,77605,买盘
1588,13:06:51,14.11,0.02,20,28220,买盘
1589,13:06:45,14.09,-0.02,2,4015,中性盘
1590,13:06:36,14.11,0.04,20,28220,买盘
1591,13:06:33,14.07,-0.04,11,15477,卖盘
1592,13:06:30,14.11,--,40,56440,买盘
1593,13:06:27,14.11,--,26,36686,买盘
1594,13:06:24,14.11,0.01,47,66317,买盘
1595,13:06:18,14.1,--,1,1410,卖盘
1596,13:06:15,14.1,0.01,1,1410,买盘
1597,13:06:12,14.09,-0.01,23,32407,卖盘
1598,13:06:09,14.1,-0.01,6,8460,买盘
1599,13:06:00,14.11,0.02,21,29631,买盘
1600,13:05:57,14.09,-0.02,23,32407,卖盘
1601,13:05:54,14.11,--,20,28220,买盘
1602,13:05:51,14.11,0.01,20,28220,买盘
1603,13:05:45,14.1,--,1,1410,卖盘
1604,13:05:42,14.1,-0.01,7,9870,卖盘
1605,13:05:39,14.11,--,20,28220,买盘
1606,13:05:36,14.11,0.01,21,29631,买盘
1607,13:05:30,14.1,--,7,9870,卖盘
1608,13:05:27,14.1,--,21,29610,卖盘
1609,13:05:24,14.1,-0.01,5,7050,买盘
1610,13:05:21,14.11,0.03,20,28220,买盘
1611,13:05:18,14.08,-0.03,23,32384,卖盘
1612,13:05:15,14.11,--,47,66317,买盘
1613,13:05:03,14.11,--,20,28220,买盘
1614,13:05:00,14.11,0.02,20,28220,买盘
1615,13:04:57,14.09,--,21,29589,卖盘
1616,13:04:54,14.09,--,16,22544,买盘
1617,13:04:51,14.09,--,21,29589,买盘
1618,13:04:45,14.09,--,31,43679,买盘
1619,13:04:39,14.09,0.01,20,28180,买盘
1620,13:04:33,14.08,-0.01,54,76032,卖盘
1621,13:04:30,14.09,0.01,36,50724,买盘
1622,13:04:27,14.08,-0.01,21,29568,卖盘
1623,13:04:24,14.09,0.01,24,33816,买盘
1624,13:04:15,14.08,--,35,49280,卖盘
1625,13:04:12,14.08,-0.01,3,4224,卖盘
1626,13:04:09,14.09,--,23,32407,买盘
1627,13:04:06,14.09,--,20,28180,买盘
1628,13:04:00,14.09,--,97,136673,卖盘
1629,13:03:57,14.09,-0.02,26,36634,卖盘
1630,13:03:54,14.11,0.02,20,28220,买盘
1631,13:03:51,14.09,-0.02,28,39452,卖盘
1632,13:03:48,14.11,--,14,19754,买盘
1633,13:03:39,14.11,--,20,28220,买盘
1634,13:03:36,14.11,--,20,28220,买盘
1635,13:03:30,14.11,0.03,21,29631,买盘
1636,13:03:27,14.08,-0.03,1,1408,卖盘
1637,13:03:21,14.11,--,40,56440,买盘
1638,13:03:18,14.11,--,8,11288,卖盘
1639,13:03:15,14.11,--,12,16932,买盘
1640,13:03:06,14.11,--,21,29631,买盘
1641,13:03:00,14.11,--,22,31042,卖盘
1642,13:02:57,14.11,-0.01,1,1411,卖盘
1643,13:02:54,14.12,--,20,28240,买盘
1644,13:02:51,14.12,0.01,50,70600,买盘
1645,13:02:45,14.11,-0.01,20,28220,买盘
1646,13:02:42,14.12,--,50,70600,买盘
1647,13:02:39,14.12,0.01,21,29652,买盘
1648,13:02:36,14.11,--,10,14110,卖盘
1649,13:02:30,14.11,0.03,10,14110,买盘
1650,13:02:27,14.08,--,28,39424,卖盘
1651,13:02:24,14.08,-0.03,26,36608,卖盘
1652,13:02:21,14.11,0.03,36,50796,买盘
1653,13:02:15,14.08,-0.03,142,199936,卖盘
1654,13:02:12,14.11,--,62,87482,买盘
1655,13:02:09,14.11,--,64,90304,买盘
1656,13:02:06,14.11,0.01,20,28220,买盘
1657,13:02:03,14.1,--,1,1410,卖盘
1658,13:02:00,14.1,-0.01,25,35250,中性盘
1659,13:01:54,14.11,--,56,79016,买盘
1660,13:01:51,14.11,0.03,40,56440,买盘
1661,13:01:45,14.08,-0.03,33,46464,卖盘
1662,13:01:39,14.11,--,14,19754,买盘
1663,13:01:33,14.11,0.01,30,42330,买盘
1664,13:01:30,14.1,0.01,20,28200,买盘
1665,13:01:27,14.09,-0.02,1,1409,卖盘
1666,13:01:21,14.11,0.02,41,57851,买盘
1667,13:01:15,14.09,0.01,40,56360,买盘
1668,13:01:12,14.08,-0.01,23,32384,卖盘
1669,13:01:09,14.09,0.01,42,59178,买盘
1670,13:01:03,14.08,-0.02,25,35200,卖盘
1671,13:01:00,14.1,0.02,20,28200,买盘
1672,13:00:57,14.08,-0.01,49,68992,卖盘
1673,13:00:54,14.09,--,67,94684,卖盘
1674,13:00:51,14.09,-0.02,23,32407,卖盘
1675,13:00:45,14.11,0.02,40,56440,买盘
1676,13:00:42,14.09,-0.02,46,64814,卖盘
1677,13:00:39,14.11,0.01,20,28220,买盘
1678,13:00:36,14.1,--,6,9306,买盘
1679,13:00:27,14.1,--,11,15510,买盘
1680,13:00:24,14.1,--,20,28200,买盘
1681,13:00:21,14.1,--,20,28200,买盘
1682,13:00:15,14.1,--,27,38070,买盘
1683,13:00:09,14.1,0.01,21,29610,买盘
1684,13:00:06,14.09,--,51,71859,卖盘
1685,13:00:03,14.09,0.01,240,338441,中性盘
1686,13:00:00,14.08,--,0,0,卖盘
1687,11:30:00,14.08,--,0,0,卖盘
1688,11:29:57,14.08,-0.02,1,1408,卖盘
1689,11:29:54,14.1,--,20,28200,买盘
1690,11:29:48,14.1,--,21,29610,买盘
1691,11:29:45,14.1,--,7,9870,买盘
1692,11:29:39,14.1,--,20,28200,买盘
1693,11:29:36,14.1,--,1,1410,买盘
1694,11:29:33,14.1,--,20,28200,买盘
1695,11:29:30,14.1,0.01,41,57810,买盘
1696,11:29:27,14.09,--,7,9863,买盘
1697,11:29:21,14.09,--,30,42270,买盘
1698,11:29:18,14.09,--,21,29589,买盘
1699,11:29:15,14.09,--,52,73268,买盘
1700,11:29:12,14.09,--,1,1409,买盘
1701,11:29:03,14.09,--,21,29589,买盘
1702,11:29:00,14.09,0.01,52,73268,买盘
1703,11:28:57,14.08,-0.01,1,1408,卖盘
1704,11:28:54,14.09,--,20,28180,买盘
1705,11:28:51,14.09,-0.01,4,6763,卖盘
1706,11:28:48,14.1,0.01,26,36660,买盘
1707,11:28:45,14.09,--,24,34097,买盘
1708,11:28:39,14.09,--,20,28180,买盘
1709,11:28:36,14.09,--,12,16908,买盘
1710,11:28:33,14.09,-0.01,77,108493,卖盘
1711,11:28:30,14.1,0.01,104,146640,买盘
1712,11:28:27,14.09,-0.01,1,1409,卖盘
1713,11:28:24,14.1,--,21,29610,买盘
1714,11:28:21,14.1,--,31,43710,买盘
1715,11:28:18,14.1,--,20,28200,买盘
1716,11:28:15,14.1,--,12,16920,买盘
1717,11:28:12,14.1,--,1,1410,买盘
1718,11:28:09,14.1,--,20,28200,买盘
1719,11:28:03,14.1,--,69,97290,买盘
1720,11:28:00,14.1,0.01,20,28200,买盘
1721,11:27:57,14.09,-0.01,33,46497,卖盘
1722,11:27:54,14.1,0.01,20,28200,买盘
1723,11:27:48,14.09,-0.01,22,30998,卖盘
1724,11:27:45,14.1,--,2,2820,买盘
1725,11:27:42,14.1,--,31,43710,买盘
1726,11:27:33,14.1,--,97,136770,买盘
1727,11:27:30,14.1,--,43,60630,买盘
1728,11:27:27,14.1,0.01,34,47940,买盘
1729,11:27:24,14.09,--,54,76086,买盘
1730,11:27:21,14.09,--,16,22544,买盘
1731,11:27:18,14.09,--,38,53542,买盘
1732,11:27:12,14.09,--,114,160626,买盘
1733,11:27:09,14.09,--,47,66223,买盘
1734,11:27:06,14.09,--,218,307162,买盘
1735,11:27:03,14.09,--,27,38043,买盘
1736,11:27:00,14.09,--,134,188806,买盘
1737,11:26:57,14.09,--,45,63405,买盘
1738,11:26:54,14.09,--,21,29589,买盘
1739,11:26:48,14.09,--,34,47906,买盘
1740,11:26:42,14.09,--,20,28180,买盘
1741,11:26:39,14.09,--,20,28180,买盘
1742,11:26:33,14.09,0.01,21,29589,买盘
1743,11:26:30,14.08,--,58,81664,卖盘
1744,11:26:27,14.08,-0.01,1,1408,卖盘
1745,11:26:24,14.09,--,40,56360,买盘
1746,11:26:18,14.09,0.01,20,28180,买盘
1747,11:26:15,14.08,--,6,8448,卖盘
1748,11:26:09,14.08,--,27,38016,卖盘
1749,11:26:03,14.08,--,3,4336,买盘
1750,11:26:00,14.08,0.01,20,28160,买盘
1751,11:25:57,14.07,-0.01,21,29547,卖盘
1752,11:25:51,14.08,--,110,154880,买盘
1753,11:25:48,14.08,--,21,29568,买盘
1754,11:25:45,14.08,0.01,20,28160,买盘
1755,11:25:42,14.07,--,41,57687,卖盘
1756,11:25:33,14.07,-0.01,25,35175,卖盘
1757,11:25:30,14.08,0.01,21,29568,买盘
1758,11:25:27,14.07,-0.01,38,53466,卖盘
1759,11:25:24,14.08,0.01,20,28160,买盘
1760,11:25:21,14.07,-0.01,3,4221,卖盘
1761,11:25:15,14.08,--,20,28160,买盘
1762,11:25:09,14.08,0.01,22,30976,买盘
1763,11:25:06,14.07,--,10,14070,卖盘
1764,11:25:00,14.07,-0.01,60,84420,卖盘
1765,11:24:57,14.08,--,20,28160,买盘
1766,11:24:54,14.08,--,20,28160,买盘
1767,11:24:48,14.08,0.01,21,29568,买盘
1768,11:24:42,14.07,-0.01,2,2814,卖盘
1769,11:24:39,14.08,--,20,28160,买盘
1770,11:24:33,14.08,--,20,28160,买盘
1771,11:24:30,14.08,0.01,100,140800,买盘
1772,11:24:27,14.07,-0.01,1,1407,卖盘
1773,11:24:24,14.08,--,21,29568,买盘
1774,11:24:21,14.08,--,20,28160,买盘
1775,11:24:18,14.08,--,20,28160,买盘
1776,11:24:15,14.08,--,20,28160,买盘
1777,11:24:12,14.08,0.01,2,2816,买盘
1778,11:24:06,14.07,--,2,2814,卖盘
1779,11:24:03,14.07,-0.01,24,33768,卖盘
1780,11:24:00,14.08,0.01,121,170368,买盘
1781,11:23:57,14.07,-0.01,1,1407,卖盘
1782,11:23:51,14.08,--,20,28160,买盘
1783,11:23:48,14.08,--,30,42240,买盘
1784,11:23:42,14.08,0.01,20,28160,买盘
1785,11:23:39,14.07,-0.01,22,30954,卖盘
1786,11:23:36,14.08,--,2,2816,买盘
1787,11:23:30,14.08,0.01,20,28160,买盘
1788,11:23:27,14.07,-0.01,1,1407,卖盘
1789,11:23:24,14.08,--,20,28160,买盘
1790,11:23:21,14.08,--,30,42240,买盘
1791,11:23:12,14.08,--,21,29568,买盘
1792,11:23:09,14.08,--,23,32384,买盘
1793,11:23:03,14.08,0.01,20,28160,买盘
1794,11:23:00,14.07,--,1,1407,卖盘
1795,11:22:57,14.07,-0.01,1,1407,卖盘
1796,11:22:54,14.08,--,21,29568,买盘
1797,11:22:51,14.08,--,20,28160,买盘
1798,11:22:48,14.08,--,30,42240,买盘
1799,11:22:39,14.08,0.01,20,28160,买盘
1800,11:22:33,14.07,-0.01,26,36582,卖盘
1801,11:22:30,14.08,0.01,20,28160,买盘
1802,11:22:27,14.07,-0.01,1,1407,卖盘
1803,11:22:24,14.08,-0.01,22,32271,卖盘
1804,11:22:21,14.09,--,21,29589,买盘
1805,11:22:18,14.09,--,20,28180,买盘
1806,11:22:15,14.09,--,2,2818,买盘
1807,11:22:12,14.09,--,21,29589,买盘
1808,11:22:09,14.09,--,2,2818,买盘
1809,11:22:03,14.09,--,20,28180,买盘
1810,11:21:57,14.09,0.01,21,29589,买盘
1811,11:21:54,14.08,--,34,47872,卖盘
1812,11:21:51,14.08,--,95,133872,买盘
1813,11:21:45,14.08,--,20,28160,买盘
1814,11:21:42,14.08,0.01,32,45056,买盘
1815,11:21:39,14.07,-0.01,40,56280,卖盘
1816,11:21:33,14.08,--,11,15488,买盘
1817,11:21:30,14.08,0.01,21,29568,买盘
1818,11:21:27,14.07,-0.01,1,1407,卖盘
1819,11:21:24,14.08,--,20,28160,买盘
1820,11:21:18,14.08,0.01,20,28160,买盘
1821,11:21:15,14.07,--,24,33768,卖盘
1822,11:21:12,14.07,-0.01,12,16884,卖盘
1823,11:21:09,14.08,0.01,21,29568,买盘
1824,11:21:06,14.07,--,10,14070,卖盘
1825,11:21:03,14.07,-0.01,25,35175,卖盘
1826,11:20:57,14.08,0.01,11,15488,买盘
1827,11:20:54,14.07,-0.01,30,42210,卖盘
1828,11:20:48,14.08,--,20,28160,买盘
1829,11:20:45,14.08,--,41,57728,买盘
1830,11:20:36,14.08,--,1,1408,买盘
1831,11:20:33,14.08,--,20,28160,买盘
1832,11:20:27,14.08,0.01,21,29568,买盘
1833,11:20:24,14.07,-0.01,10,14070,卖盘
1834,11:20:18,14.08,--,44,61952,买盘
1835,11:20:15,14.08,--,63,88704,买盘
1836,11:20:12,14.08,0.02,22,30976,买盘
1837,11:20:09,14.06,--,56,78736,卖盘
1838,11:20:03,14.06,-0.02,93,130758,卖盘
1839,11:20:00,14.08,0.02,67,94336,买盘
1840,11:19:57,14.06,-0.02,24,33744,卖盘
1841,11:19:54,14.08,--,20,28160,买盘
1842,11:19:51,14.08,--,69,97152,买盘
1843,11:19:45,14.08,--,63,88704,买盘
1844,11:19:42,14.08,--,8,11264,买盘
1845,11:19:39,14.08,--,21,29568,买盘
1846,11:19:33,14.08,--,25,35200,买盘
1847,11:19:24,14.08,0.01,20,28160,买盘
1848,11:19:18,14.07,0.01,4,5628,买盘
1849,11:19:15,14.06,-0.01,2,2812,卖盘
1850,11:19:12,14.07,--,20,28140,买盘
1851,11:19:09,14.07,0.01,20,28140,买盘
1852,11:19:06,14.06,-0.01,24,33744,卖盘
1853,11:19:03,14.07,--,20,28140,买盘
1854,11:18:57,14.07,--,22,30954,买盘
1855,11:18:48,14.07,0.01,24,33768,中性盘
1856,11:18:45,14.06,-0.02,21,29526,卖盘
1857,11:18:42,14.08,--,20,28160,买盘
1858,11:18:33,14.08,0.02,21,29568,买盘
1859,11:18:30,14.06,-0.02,22,30932,卖盘
1860,11:18:27,14.08,--,20,28160,买盘
1861,11:18:24,14.08,0.01,20,28160,买盘
1862,11:18:18,14.07,--,1,1407,卖盘
1863,11:18:15,14.07,-0.01,1,1407,卖盘
1864,11:18:12,14.08,0.01,40,56320,买盘
1865,11:18:09,14.07,--,14,19698,买盘
1866,11:18:00,14.07,--,12,16884,卖盘
1867,11:17:57,14.07,--,18,25326,买盘
1868,11:17:54,14.07,--,20,28140,买盘
1869,11:17:48,14.07,--,21,29547,买盘
1870,11:17:42,14.07,--,1,1407,买盘
1871,11:17:39,14.07,--,42,59094,买盘
1872,11:17:33,14.07,--,20,28140,买盘
1873,11:17:24,14.07,--,21,29547,买盘
1874,11:17:18,14.07,0.02,20,28140,买盘
1875,11:17:15,14.05,--,21,29505,卖盘
1876,11:17:12,14.05,-0.02,26,36530,卖盘
1877,11:17:03,14.07,0.02,21,29547,买盘
1878,11:17:00,14.05,--,21,29505,卖盘
1879,11:16:57,14.05,-0.03,3,4215,卖盘
1880,11:16:48,14.08,--,20,28160,买盘
1881,11:16:45,14.08,--,2,2816,买盘
1882,11:16:42,14.08,--,21,29568,买盘
1883,11:16:39,14.08,--,30,42240,买盘
1884,11:16:36,14.08,0.03,20,28160,买盘
1885,11:16:33,14.05,-0.01,5,7025,卖盘
1886,11:16:30,14.06,0.01,20,28120,买盘
1887,11:16:24,14.05,-0.03,1,1405,中性盘
1888,11:16:12,14.08,--,20,28160,买盘
1889,11:16:09,14.08,--,20,28160,买盘
1890,11:16:06,14.08,0.01,20,28160,买盘
1891,11:16:03,14.07,0.03,21,29547,买盘
1892,11:16:00,14.04,-0.03,1,1404,卖盘
1893,11:15:57,14.07,--,25,35175,买盘
1894,11:15:54,14.07,--,20,28140,买盘
1895,11:15:48,14.07,--,22,30954,买盘
1896,11:15:42,14.07,-0.01,1,1407,中性盘
1897,11:15:39,14.08,--,21,29568,买盘
1898,11:15:36,14.08,--,20,28160,买盘
1899,11:15:33,14.08,--,20,28160,买盘
1900,11:15:30,14.08,0.04,20,28160,买盘
1901,11:15:24,14.04,--,15,21060,买盘
1902,11:15:18,14.04,-0.03,155,217620,卖盘
1903,11:15:15,14.07,--,1,1407,卖盘
1904,11:15:12,14.07,-0.01,20,28140,中性盘
1905,11:15:06,14.08,0.04,20,28160,买盘
1906,11:15:03,14.04,-0.03,24,33696,卖盘
1907,11:15:00,14.07,0.03,20,28140,买盘
1908,11:14:57,14.04,-0.03,1,1404,卖盘
1909,11:14:54,14.07,--,92,129444,买盘
1910,11:14:45,14.07,--,2,2814,买盘
1911,11:14:42,14.07,--,20,28140,买盘
1912,11:14:39,14.07,0.03,20,28140,买盘
1913,11:14:36,14.04,-0.03,43,60371,卖盘
1914,11:14:33,14.07,--,3,4221,买盘
1915,11:14:27,14.07,--,21,29547,买盘
1916,11:14:24,14.07,--,20,28140,买盘
1917,11:14:21,14.07,--,10,14070,买盘
1918,11:14:18,14.07,0.03,20,28140,买盘
1919,11:14:15,14.04,-0.03,3,4212,卖盘
1920,11:14:09,14.07,--,21,29547,买盘
1921,11:14:03,14.07,--,20,28140,买盘
1922,11:14:00,14.07,0.03,20,28140,买盘
1923,11:13:57,14.04,--,1,1404,卖盘
1924,11:13:54,14.04,-0.03,33,46332,卖盘
1925,11:13:48,14.07,--,74,104118,买盘
1926,11:13:45,14.07,--,2,2814,买盘
1927,11:13:42,14.07,0.01,20,28140,买盘
1928,11:13:36,14.06,--,21,29526,卖盘
1929,11:13:33,14.06,-0.01,26,36556,卖盘
1930,11:13:30,14.07,--,20,28140,买盘
1931,11:13:27,14.07,--,21,29547,买盘
1932,11:13:18,14.07,0.01,20,28140,买盘
1933,11:13:15,14.06,--,21,29526,卖盘
1934,11:13:12,14.06,-0.01,5,7030,卖盘
1935,11:13:09,14.07,0.01,21,29547,买盘
1936,11:13:06,14.06,--,22,30932,买盘
1937,11:13:00,14.06,--,21,29526,买盘
1938,11:12:57,14.06,--,21,29526,买盘
1939,11:12:54,14.06,--,20,28120,买盘
1940,11:12:45,14.06,--,1,1406,买盘
1941,11:12:42,14.06,--,21,29526,买盘
1942,11:12:39,14.06,--,20,28120,买盘
1943,11:12:33,14.06,--,20,28120,买盘
1944,11:12:30,14.06,--,20,28120,买盘
1945,11:12:24,14.06,0.03,20,28120,买盘
1946,11:12:21,14.03,-0.03,12,16836,卖盘
1947,11:12:18,14.06,0.01,21,29526,买盘
1948,11:12:15,14.05,--,1,1405,卖盘
1949,11:12:12,14.05,--,1,1405,卖盘
1950,11:12:09,14.05,--,13,18265,买盘
1951,11:12:03,14.05,-0.01,21,29505,卖盘
1952,11:12:00,14.06,0.03,40,56240,买盘
1953,11:11:57,14.03,-0.02,11,15433,卖盘
1954,11:11:51,14.05,-0.01,17,23885,卖盘
1955,11:11:48,14.06,--,20,28120,买盘
1956,11:11:42,14.06,--,21,29526,买盘
1957,11:11:39,14.06,--,3,4218,买盘
1958,11:11:33,14.06,--,21,29526,买盘
1959,11:11:27,14.06,0.01,40,56240,买盘
1960,11:11:24,14.05,--,1,1405,买盘
1961,11:11:21,14.05,0.02,1,1405,买盘
1962,11:11:15,14.03,-0.03,2,2806,卖盘
1963,11:11:12,14.06,--,21,29526,买盘
1964,11:11:09,14.06,0.01,21,29526,买盘
1965,11:11:03,14.05,-0.01,20,28100,卖盘
1966,11:10:57,14.06,0.01,40,56240,买盘
1967,11:10:54,14.05,--,1,1405,买盘
1968,11:10:48,14.05,-0.01,20,28100,中性盘
1969,11:10:45,14.06,--,2,2812,买盘
1970,11:10:39,14.06,0.03,20,28120,买盘
1971,11:10:33,14.03,--,26,36478,卖盘
1972,11:10:27,14.03,--,55,77165,卖盘
1973,11:10:24,14.03,-0.03,33,46299,卖盘
1974,11:10:18,14.06,0.02,40,56240,买盘
1975,11:10:15,14.04,-0.02,1,1404,卖盘
1976,11:10:12,14.06,0.02,22,30932,买盘
1977,11:10:06,14.04,-0.02,4,5616,卖盘
1978,11:10:03,14.06,0.02,20,28120,买盘
1979,11:10:00,14.04,-0.02,48,67392,卖盘
1980,11:09:57,14.06,--,41,57646,买盘
1981,11:09:48,14.06,--,44,61864,买盘
1982,11:09:45,14.06,--,2,2812,买盘
1983,11:09:42,14.06,--,20,28120,买盘
1984,11:09:39,14.06,0.03,20,28120,买盘
1985,11:09:36,14.03,--,23,32269,卖盘
1986,11:09:33,14.03,-0.03,46,64538,卖盘
1987,11:09:27,14.06,--,20,28120,买盘
1988,11:09:24,14.06,0.03,21,29526,买盘
1989,11:09:21,14.03,--,23,32269,卖盘
1990,11:09:15,14.03,-0.03,2,2806,卖盘
1991,11:09:12,14.06,--,32,44992,买盘
1992,11:09:09,14.06,0.02,20,28120,买盘
1993,11:09:03,14.04,--,225,315900,卖盘
1994,11:08:57,14.04,-0.02,1,1404,卖盘
1995,11:08:54,14.06,--,20,28120,买盘
1996,11:08:51,14.06,--,20,28120,买盘
1997,11:08:48,14.06,--,38,53428,买盘
1998,11:08:42,14.06,--,4,5624,买盘
1999,11:08:39,14.06,0.02,24,33744,买盘
2000,11:08:36,14.04,-0.02,100,140400,卖盘
2001,11:08:33,14.06,-0.01,20,28120,中性盘
2002,11:08:27,14.07,--,20,28140,买盘
2003,11:08:24,14.07,--,3,4221,买盘
2004,11:08:21,14.07,--,21,29547,买盘
2005,11:08:18,14.07,0.03,31,43617,买盘
2006,11:08:15,14.04,-0.03,1,1404,卖盘
2007,11:08:12,14.07,--,21,29547,买盘
2008,11:08:09,14.07,--,20,28140,买盘
2009,11:08:03,14.07,--,43,60501,买盘
2010,11:08:00,14.07,--,33,46431,买盘
2011,11:07:57,14.07,0.03,29,40803,买盘
2012,11:07:54,14.04,--,70,98280,卖盘
2013,11:07:51,14.04,--,43,60371,卖盘
2014,11:07:48,14.04,-0.01,25,35100,卖盘
2015,11:07:45,14.05,--,28,39340,买盘
2016,11:07:42,14.05,-0.02,21,29505,买盘
2017,11:07:39,14.07,--,21,29547,买盘
2018,11:07:36,14.07,0.02,8,11256,买盘
2019,11:07:33,14.05,-0.02,2,2810,卖盘
2020,11:07:30,14.07,--,7,9849,买盘
2021,11:07:27,14.07,--,25,35175,买盘
2022,11:07:24,14.07,--,20,28140,买盘
2023,11:07:21,14.07,--,24,33768,买盘
2024,11:07:18,14.07,0.02,21,29547,买盘
2025,11:07:15,14.05,-0.02,1,1405,卖盘
2026,11:07:12,14.07,0.01,5,7035,买盘
2027,11:07:09,14.06,-0.02,20,28120,买盘
2028,11:07:06,14.08,--,7,9856,买盘
2029,11:07:03,14.08,0.02,20,28160,买盘
2030,11:06:57,14.06,-0.02,6,8436,卖盘
2031,11:06:54,14.08,--,21,29568,买盘
2032,11:06:51,14.08,0.01,20,28160,买盘
2033,11:06:48,14.07,-0.01,32,46318,卖盘
2034,11:06:42,14.08,--,27,38016,买盘
2035,11:06:39,14.08,--,2,2816,买盘
2036,11:06:33,14.08,--,27,38016,买盘
2037,11:06:27,14.08,--,21,29568,买盘
2038,11:06:24,14.08,--,16,22528,买盘
2039,11:06:18,14.08,--,22,30976,买盘
2040,11:06:15,14.08,--,25,35200,买盘
2041,11:06:12,14.08,0.01,20,28160,买盘
2042,11:06:09,14.07,--,8,11368,买盘
2043,11:06:03,14.07,--,3,5515,卖盘
2044,11:05:57,14.07,--,17,24031,买盘
2045,11:05:54,14.07,--,31,43617,买盘
2046,11:05:45,14.07,--,25,35175,买盘
2047,11:05:42,14.07,--,23,32361,买盘
2048,11:05:39,14.07,0.02,20,28140,买盘
2049,11:05:36,14.05,-0.02,4,5620,卖盘
2050,11:05:33,14.07,--,20,28140,买盘
2051,11:05:30,14.07,--,11,15477,买盘
2052,11:05:24,14.07,--,21,29547,买盘
2053,11:05:21,14.07,0.02,6,8442,买盘
2054,11:05:18,14.05,-0.02,43,60415,卖盘
2055,11:05:15,14.07,--,21,29547,买盘
2056,11:05:12,14.07,0.02,15,21105,买盘
2057,11:05:09,14.05,--,24,34282,买盘
2058,11:05:06,14.05,--,5,7025,买盘
2059,11:05:03,14.05,-0.02,21,29505,中性盘
2060,11:04:57,14.07,--,34,47936,买盘
2061,11:04:48,14.07,0.02,26,36582,买盘
2062,11:04:45,14.05,-0.02,38,53390,卖盘
2063,11:04:42,14.07,--,5,7035,买盘
2064,11:04:33,14.07,--,37,52059,买盘
2065,11:04:27,14.07,--,20,28140,买盘
2066,11:04:24,14.07,0.02,34,47838,买盘
2067,11:04:21,14.05,-0.02,46,64630,卖盘
2068,11:04:15,14.07,--,21,29547,买盘
2069,11:04:12,14.07,--,32,45024,买盘
2070,11:04:09,14.07,0.03,28,39396,买盘
2071,11:04:03,14.04,-0.03,4,5616,卖盘
2072,11:04:00,14.07,0.01,5,7035,买盘
2073,11:03:57,14.06,-0.01,23,32338,买盘
2074,11:03:54,14.07,0.04,26,36582,买盘
2075,11:03:51,14.03,-0.03,23,32269,卖盘
2076,11:03:48,14.06,--,0,1124,买盘
2077,11:03:45,14.06,--,8,11248,买盘
2078,11:03:42,14.06,0.02,21,29526,买盘
2079,11:03:39,14.04,-0.02,20,28080,买盘
2080,11:03:36,14.06,--,3,4218,买盘
2081,11:03:33,14.06,--,21,29526,买盘
2082,11:03:30,14.06,--,27,37962,买盘
2083,11:03:24,14.06,0.02,20,28120,买盘
2084,11:03:21,14.04,-0.02,9,12636,卖盘
2085,11:03:18,14.06,0.03,20,28120,买盘
2086,11:03:15,14.03,-0.03,1,1403,卖盘
2087,11:03:12,14.06,--,46,64676,买盘
2088,11:03:06,14.06,--,5,7030,买盘
2089,11:03:03,14.06,--,24,33744,买盘
2090,11:03:00,14.06,--,7,9842,买盘
2091,11:02:57,14.06,-0.01,28,39368,中性盘
2092,11:02:51,14.07,--,8,11256,买盘
2093,11:02:48,14.07,--,46,64722,买盘
2094,11:02:42,14.07,--,46,64722,买盘
2095,11:02:39,14.07,--,20,28140,买盘
2096,11:02:33,14.07,--,102,143514,买盘
2097,11:02:27,14.07,--,30,42210,买盘
2098,11:02:24,14.07,--,19,26733,买盘
2099,11:02:15,14.07,--,14,19698,买盘
2100,11:02:12,14.07,0.03,62,87234,买盘
2101,11:02:09,14.04,-0.03,44,61775,卖盘
2102,11:02:03,14.07,--,20,28140,买盘
2103,11:02:00,14.07,0.01,7,9849,买盘
2104,11:01:57,14.06,--,2,2812,卖盘
2105,11:01:54,14.06,--,22,30932,买盘
2106,11:01:48,14.06,--,21,29526,买盘
2107,11:01:45,14.06,-0.01,24,33744,卖盘
2108,11:01:42,14.07,--,22,30954,买盘
2109,11:01:39,14.07,--,21,29547,买盘
2110,11:01:36,14.07,0.01,7,9849,买盘
2111,11:01:33,14.06,-0.01,25,35150,卖盘
2112,11:01:27,14.07,--,45,63315,买盘
2113,11:01:21,14.07,--,26,36582,买盘
2114,11:01:18,14.07,--,89,125223,买盘
2115,11:01:15,14.07,--,47,66129,买盘
2116,11:01:12,14.07,--,102,143514,买盘
2117,11:01:09,14.07,0.01,69,97083,买盘
2118,11:01:06,14.06,--,20,28120,买盘
2119,11:01:03,14.06,0.02,48,67488,买盘
2120,11:01:00,14.04,-0.02,1,1404,卖盘
2121,11:00:57,14.06,--,27,37962,买盘
2122,11:00:54,14.06,-0.01,20,28120,中性盘
2123,11:00:48,14.07,0.01,9,12663,买盘
2124,11:00:45,14.06,-0.01,7,9842,卖盘
2125,11:00:42,14.07,--,22,30954,买盘
2126,11:00:39,14.07,0.01,26,36582,买盘
2127,11:00:36,14.06,-0.01,30,42180,卖盘
2128,11:00:33,14.07,0.01,7,9849,买盘
2129,11:00:30,14.06,-0.01,2,2812,卖盘
2130,11:00:27,14.07,--,20,28140,买盘
2131,11:00:24,14.07,0.04,11,15477,买盘
2132,11:00:21,14.03,-0.03,23,32269,卖盘
2133,11:00:18,14.06,--,21,29526,买盘
2134,11:00:15,14.06,-0.01,10,14060,中性盘
2135,11:00:09,14.07,--,24,33768,买盘
2136,11:00:06,14.07,--,20,28140,买盘
2137,11:00:03,14.07,--,40,56280,买盘
2138,11:00:00,14.07,0.01,1,1407,买盘
2139,10:59:57,14.06,-0.01,2,2812,卖盘
2140,10:59:54,14.07,--,21,29547,买盘
2141,10:59:51,14.07,0.01,5,7035,买盘
2142,10:59:48,14.06,--,4,5624,买盘
2143,10:59:45,14.06,-0.01,9,12654,中性盘
2144,10:59:42,14.07,--,20,28140,买盘
2145,10:59:39,14.07,--,4,5628,买盘
2146,10:59:36,14.07,--,26,36582,买盘
2147,10:59:33,14.07,--,21,29547,买盘
2148,10:59:27,14.07,--,39,54873,买盘
2149,10:59:21,14.07,--,7,9849,买盘
2150,10:59:18,14.07,--,38,54760,卖盘
2151,10:59:15,14.07,--,3,4221,卖盘
2152,10:59:12,14.07,--,2,2926,买盘
2153,10:59:09,14.07,--,21,29547,买盘
2154,10:59:06,14.07,--,21,29547,买盘
2155,10:59:03,14.07,--,8,11256,买盘
2156,10:58:57,14.07,--,25,35175,买盘
2157,10:58:54,14.07,--,21,29547,买盘
2158,10:58:48,14.07,--,8,11256,买盘
2159,10:58:45,14.07,--,2,2814,买盘
2160,10:58:42,14.07,--,23,32361,买盘
2161,10:58:39,14.07,--,23,32361,买盘
2162,10:58:33,14.07,--,32,45024,买盘
2163,10:58:30,14.07,0.01,20,28140,买盘
2164,10:58:24,14.06,--,25,35150,买盘
2165,10:58:18,14.06,0.01,22,30932,买盘
2166,10:58:15,14.05,--,9,12645,买盘
2167,10:58:09,14.05,--,24,33720,买盘
2168,10:58:06,14.05,--,3,4215,买盘
2169,10:58:03,14.05,--,20,28100,买盘
2170,10:58:00,14.05,--,32,44960,买盘
2171,10:57:57,14.05,--,21,29505,买盘
2172,10:57:51,14.05,--,5,7025,买盘
2173,10:57:48,14.05,--,20,28100,买盘
2174,10:57:45,14.05,--,54,75870,买盘
2175,10:57:42,14.05,--,22,30910,买盘
2176,10:57:36,14.05,--,9,12645,买盘
2177,10:57:33,14.05,--,20,28100,买盘
2178,10:57:30,14.05,--,20,28100,买盘
2179,10:57:27,14.05,0.02,25,35125,买盘
2180,10:57:24,14.03,-0.02,9,12627,中性盘
2181,10:57:21,14.05,0.02,53,74465,买盘
2182,10:57:18,14.03,--,1,1403,卖盘
2183,10:57:15,14.03,-0.02,1,1403,卖盘
2184,10:57:12,14.05,--,29,40745,买盘
2185,10:57:09,14.05,--,20,28100,买盘
2186,10:57:03,14.05,--,10,14050,买盘
2187,10:57:00,14.05,--,20,28100,买盘
2188,10:56:57,14.05,--,27,37935,买盘
2189,10:56:54,14.05,0.01,20,28100,买盘
2190,10:56:48,14.04,--,19,26676,买盘
2191,10:56:45,14.04,-0.01,2,2808,卖盘
2192,10:56:42,14.05,--,2,2810,买盘
2193,10:56:39,14.05,--,24,33720,买盘
2194,10:56:33,14.05,--,30,42150,买盘
2195,10:56:30,14.05,0.01,20,28100,买盘
2196,10:56:24,14.04,--,44,61775,买盘
2197,10:56:18,14.04,--,26,36504,买盘
2198,10:56:15,14.04,--,5,7020,买盘
2199,10:56:12,14.04,--,20,28080,买盘
2200,10:56:09,14.04,--,8,11232,买盘
2201,10:56:03,14.04,--,20,28080,买盘
2202,10:56:00,14.04,--,7,9828,买盘
2203,10:55:57,14.04,--,42,58968,买盘
2204,10:55:51,14.04,--,25,35100,买盘
2205,10:55:48,14.04,0.02,25,35100,买盘
2206,10:55:45,14.02,--,35,49070,卖盘
2207,10:55:42,14.02,-0.02,103,144406,卖盘
2208,10:55:36,14.04,0.02,30,42120,买盘
2209,10:55:33,14.02,--,5,7010,卖盘
2210,10:55:30,14.02,-0.02,10,14020,卖盘
2211,10:55:27,14.04,0.02,95,133380,买盘
2212,10:55:24,14.02,-0.03,89,124778,卖盘
2213,10:55:21,14.05,0.02,3,4215,买盘
2214,10:55:15,14.03,--,37,51911,卖盘
2215,10:55:12,14.03,--,22,31146,买盘
2216,10:55:09,14.03,--,20,28060,买盘
2217,10:55:03,14.03,0.02,36,50508,买盘
2218,10:54:57,14.01,-0.01,46,64446,卖盘
2219,10:54:54,14.02,--,20,28040,买盘
2220,10:54:48,14.02,--,50,70100,买盘
2221,10:54:42,14.02,--,1,1402,买盘
2222,10:54:39,14.02,--,191,267782,买盘
2223,10:54:33,14.02,--,82,114964,买盘
2224,10:54:27,14.02,--,42,58884,买盘
2225,10:54:24,14.02,0.01,1004,1407608,买盘
2226,10:54:21,14.01,-0.01,23,32223,卖盘
2227,10:54:18,14.02,--,21,29442,买盘
2228,10:54:15,14.02,0.01,7,9814,买盘
2229,10:54:12,14.01,-0.01,23,32223,卖盘
2230,10:54:09,14.02,0.01,10,14020,买盘
2231,10:54:06,14.01,--,3,5043,卖盘
2232,10:54:03,14.01,-0.01,25,35025,卖盘
2233,10:54:00,14.02,--,7,9814,买盘
2234,10:53:57,14.02,--,45,63090,买盘
2235,10:53:54,14.02,--,20,28040,买盘
2236,10:53:51,14.02,--,8,11216,买盘
2237,10:53:45,14.02,--,5,7010,买盘
2238,10:53:42,14.02,--,35,49070,买盘
2239,10:53:39,14.02,--,22,30844,买盘
2240,10:53:36,14.02,--,7,9814,买盘
2241,10:53:27,14.02,--,26,36452,买盘
2242,10:53:24,14.02,--,22,30844,买盘
2243,10:53:21,14.02,--,20,28040,买盘
2244,10:53:18,14.02,--,42,58884,买盘
2245,10:53:12,14.02,--,15,21030,买盘
2246,10:53:09,14.02,--,25,35050,买盘
2247,10:53:06,14.02,--,104,145808,买盘
2248,10:53:03,14.02,--,73,102346,买盘
2249,10:53:00,14.02,--,20,28040,买盘
2250,10:52:57,14.02,--,7,9814,买盘
2251,10:52:54,14.02,--,36,50472,买盘
2252,10:52:51,14.02,--,28,39256,买盘
2253,10:52:48,14.02,--,26,36452,买盘
2254,10:52:42,14.02,--,21,29442,买盘
2255,10:52:39,14.02,--,7,9814,买盘
2256,10:52:33,14.02,--,41,57482,买盘
2257,10:52:30,14.02,--,8,11216,买盘
2258,10:52:27,14.02,--,32,44864,买盘
2259,10:52:24,14.02,--,10,14020,买盘
2260,10:52:21,14.02,--,20,28040,买盘
2261,10:52:18,14.02,--,21,29442,买盘
2262,10:52:15,14.02,--,1,1402,买盘
2263,10:52:12,14.02,--,23,32246,买盘
2264,10:52:09,14.02,--,43,60286,买盘
2265,10:52:03,14.02,--,3,4206,买盘
2266,10:51:57,14.02,--,54,75708,买盘
2267,10:51:54,14.02,--,21,29442,买盘
2268,10:51:51,14.02,0.01,72,100944,买盘
2269,10:51:45,14.01,-0.01,5,7005,卖盘
2270,10:51:42,14.02,--,106,148612,买盘
2271,10:51:39,14.02,--,68,95336,买盘
2272,10:51:36,14.02,--,18,25236,买盘
2273,10:51:33,14.02,--,167,234134,买盘
2274,10:51:30,14.02,--,98,137396,买盘
2275,10:51:27,14.02,--,13,18226,买盘
2276,10:51:24,14.02,--,20,28040,买盘
2277,10:51:21,14.02,--,37,51874,买盘
2278,10:51:18,14.02,--,23,32246,买盘
2279,10:51:12,14.02,--,63,88326,买盘
2280,10:51:09,14.02,--,21,29442,买盘
2281,10:51:03,14.02,--,192,269184,买盘
2282,10:50:57,14.02,--,21,29442,买盘
2283,10:50:54,14.02,--,31,43462,买盘
2284,10:50:48,14.02,0.01,63,88326,买盘
2285,10:50:45,14.01,-0.01,58,81258,卖盘
2286,10:50:42,14.02,--,53,74306,买盘
2287,10:50:39,14.02,--,92,128984,买盘
2288,10:50:36,14.02,--,261,365922,买盘
2289,10:50:33,14.02,--,20,28040,买盘
2290,10:50:30,14.02,--,383,536966,买盘
2291,10:50:27,14.02,--,21,29442,买盘
2292,10:50:24,14.02,--,42,58884,买盘
2293,10:50:21,14.02,--,84,117768,买盘
2294,10:50:15,14.02,--,57,79914,买盘
2295,10:50:12,14.02,--,58,81316,买盘
2296,10:50:09,14.02,--,36,50472,买盘
2297,10:50:06,14.02,0.01,7,9814,买盘
2298,10:50:03,14.01,-0.01,203,284403,卖盘
2299,10:50:00,14.02,--,21,29442,买盘
2300,10:49:57,14.02,0.01,21,29442,买盘
2301,10:49:54,14.01,-0.01,44,61644,卖盘
2302,10:49:51,14.02,--,36,50472,买盘
2303,10:49:48,14.02,--,21,29442,买盘
2304,10:49:45,14.02,--,41,57482,买盘
2305,10:49:42,14.02,--,8,11216,买盘
2306,10:49:39,14.02,--,65,91130,买盘
2307,10:49:36,14.02,--,7,9814,买盘
2308,10:49:33,14.02,--,25,35050,买盘
2309,10:49:30,14.02,--,12,16824,买盘
2310,10:49:27,14.02,--,7,9814,买盘
2311,10:49:24,14.02,0.01,21,29442,买盘
2312,10:49:21,14.01,-0.01,2,2802,卖盘
2313,10:49:18,14.02,--,24,33648,买盘
2314,10:49:15,14.02,--,1,1402,买盘
2315,10:49:12,14.02,--,20,28040,买盘
2316,10:49:06,14.02,--,5,7010,买盘
2317,10:49:03,14.02,--,21,29442,买盘
2318,10:48:54,14.02,--,1,1402,买盘
2319,10:48:48,14.02,--,2,2804,买盘
2320,10:48:42,14.02,--,5,7010,买盘
2321,10:48:39,14.02,0.01,11,15422,买盘
2322,10:48:36,14.01,-0.01,1,1401,卖盘
2323,10:48:30,14.02,0.01,2,2804,买盘
2324,10:48:21,14.01,-0.01,1,1401,卖盘
2325,10:48:15,14.02,--,13,18226,买盘
2326,10:48:06,14.02,0.01,7,9814,买盘
2327,10:48:03,14.01,-0.01,10,14010,卖盘
2328,10:48:00,14.02,0.01,32,44864,买盘
2329,10:47:57,14.01,-0.01,1,1401,卖盘
2330,10:47:51,14.02,--,1,1402,买盘
2331,10:47:42,14.02,--,1,1402,买盘
2332,10:47:36,14.02,--,4,5608,买盘
2333,10:47:27,14.02,--,10,14020,买盘
2334,10:47:24,14.02,--,11,15422,买盘
2335,10:47:18,14.02,--,70,98140,买盘
2336,10:47:12,14.02,--,3,4206,买盘
2337,10:47:09,14.02,0.01,9,12618,买盘
2338,10:47:06,14.01,-0.01,21,29421,卖盘
2339,10:47:03,14.02,--,95,133190,买盘
2340,10:47:00,14.02,0.01,5,7010,买盘
2341,10:46:57,14.01,--,1,1401,卖盘
2342,10:46:54,14.01,-0.01,14,19628,卖盘
2343,10:46:48,14.02,--,616,863632,买盘
2344,10:46:45,14.02,--,40,56080,买盘
2345,10:46:42,14.02,--,52,72904,买盘
2346,10:46:39,14.02,--,2,2804,买盘
2347,10:46:33,14.02,--,17,23834,买盘
2348,10:46:24,14.02,--,14,19628,买盘
2349,10:46:15,14.02,--,79,110758,买盘
2350,10:46:09,14.02,--,12,16824,买盘
2351,10:46:06,14.02,0.01,20,28040,买盘
2352,10:46:03,14.01,-0.01,3,4203,卖盘
2353,10:45:57,14.02,--,112,157024,买盘
2354,10:45:51,14.02,--,20,28040,买盘
2355,10:45:42,14.02,--,4,5608,买盘
2356,10:45:39,14.02,--,33,46266,买盘
2357,10:45:36,14.02,--,1,1402,买盘
2358,10:45:33,14.02,--,5,7010,买盘
2359,10:45:30,14.02,--,16,22432,买盘
2360,10:45:27,14.02,--,1,1402,买盘
2361,10:45:12,14.02,--,6,8412,买盘
2362,10:45:09,14.02,0.01,1,1402,买盘
2363,10:45:03,14.01,--,7,9807,卖盘
2364,10:44:57,14.01,-0.01,1,1401,卖盘
2365,10:44:54,14.02,0.01,29,40658,买盘
2366,10:44:48,14.01,-0.01,10,14010,卖盘
2367,10:44:45,14.02,--,39,54678,买盘
2368,10:44:39,14.02,0.01,7,9814,买盘
2369,10:44:33,14.01,-0.01,1,1401,卖盘
2370,10:44:30,14.02,0.01,23,32246,买盘
2371,10:44:27,14.01,--,3,4203,卖盘
2372,10:44:24,14.01,--,23,32223,卖盘
2373,10:44:21,14.01,--,31,43711,卖盘
2374,10:44:18,14.01,-0.01,15,21015,卖盘
2375,10:44:15,14.02,--,106,148612,买盘
2376,10:44:09,14.02,--,2,2804,买盘
2377,10:44:06,14.02,0.01,35,49070,买盘
2378,10:44:03,14.01,-0.01,1,1401,卖盘
2379,10:43:57,14.02,--,8,11216,买盘
2380,10:43:54,14.02,-0.02,228,319656,卖盘
2381,10:43:51,14.04,--,4,5616,买盘
2382,10:43:48,14.04,--,6,8424,买盘
2383,10:43:42,14.04,--,26,36504,买盘
2384,10:43:39,14.04,--,3,4212,买盘
2385,10:43:33,14.04,--,23,32291,买盘
2386,10:43:30,14.04,0.01,5,7020,中性盘
2387,10:43:27,14.03,--,23,32269,卖盘
2388,10:43:24,14.03,-0.02,14,19642,卖盘
2389,10:43:18,14.05,0.01,79,110995,买盘
2390,10:43:15,14.04,-0.01,3,4212,卖盘
2391,10:43:09,14.05,0.02,9,12645,买盘
2392,10:43:06,14.03,-0.01,499,700097,卖盘
2393,10:43:03,14.04,--,16,22464,卖盘
2394,10:42:57,14.04,-0.01,1,1404,中性盘
2395,10:42:51,14.05,--,100,140500,买盘
2396,10:42:39,14.05,--,1,1405,买盘
2397,10:42:36,14.05,--,1,1405,买盘
2398,10:42:33,14.05,--,2,2810,买盘
2399,10:42:30,14.05,--,2,2810,买盘
2400,10:42:15,14.05,--,7,9835,买盘
2401,10:42:06,14.05,0.02,34,47770,买盘
2402,10:42:03,14.03,-0.02,10,14030,卖盘
2403,10:42:00,14.05,--,1,1405,买盘
2404,10:41:57,14.05,-0.01,16,22480,买盘
2405,10:41:54,14.06,--,211,296666,卖盘
2406,10:41:51,14.06,0.03,90,126540,买盘
2407,10:41:45,14.03,-0.03,10,14030,卖盘
2408,10:41:42,14.06,--,12,16872,买盘
2409,10:41:39,14.06,--,2,2812,买盘
2410,10:41:36,14.06,--,5,7030,买盘
2411,10:41:33,14.06,0.03,4,5624,买盘
2412,10:41:27,14.03,-0.03,28,39284,卖盘
2413,10:41:18,14.06,0.03,8,11248,买盘
2414,10:41:15,14.03,-0.03,23,32269,卖盘
2415,10:41:09,14.06,0.03,51,71706,买盘
2416,10:41:03,14.03,-0.03,7,9821,卖盘
2417,10:41:00,14.06,0.03,1,1406,买盘
2418,10:40:57,14.03,-0.03,285,399855,卖盘
2419,10:40:54,14.06,--,2,2812,买盘
2420,10:40:45,14.06,--,10,14060,买盘
2421,10:40:42,14.06,--,1,1406,买盘
2422,10:40:39,14.06,0.03,2,2812,买盘
2423,10:40:33,14.03,-0.03,5,7015,卖盘
2424,10:40:30,14.06,--,9,12654,买盘
2425,10:40:21,14.06,0.04,7,9842,买盘
2426,10:40:15,14.02,-0.01,44,61688,卖盘
2427,10:40:09,14.03,-0.03,24,33672,卖盘
2428,10:40:06,14.06,0.03,17,23902,买盘
2429,10:40:03,14.03,-0.05,1,1403,卖盘
2430,10:40:00,14.08,--,2,2816,买盘
2431,10:39:57,14.08,0.05,101,142208,买盘
2432,10:39:54,14.03,-0.02,13,18239,卖盘
2433,10:39:51,14.05,--,2,2810,买盘
2434,10:39:48,14.05,-0.01,13,18265,卖盘
2435,10:39:45,14.06,0.02,4,5624,买盘
2436,10:39:42,14.04,-0.02,501,703404,卖盘
2437,10:39:39,14.06,--,5,7030,买盘
2438,10:39:36,14.06,--,3,4218,买盘
2439,10:39:33,14.06,--,5,7030,买盘
2440,10:39:30,14.06,--,10,14060,买盘
2441,10:39:27,14.06,--,1,1406,买盘
2442,10:39:18,14.06,--,5,7030,买盘
2443,10:39:09,14.06,0.01,20,28120,买盘
2444,10:39:03,14.05,-0.01,15,21075,卖盘
2445,10:39:00,14.06,--,2,2812,买盘
2446,10:38:57,14.06,--,39,54834,买盘
2447,10:38:54,14.06,--,21,29526,买盘
2448,10:38:48,14.06,--,2,2812,买盘
2449,10:38:45,14.06,--,79,111074,买盘
2450,10:38:42,14.06,--,17,23902,买盘
2451,10:38:39,14.06,--,22,30932,买盘
2452,10:38:36,14.06,--,300,421800,买盘
2453,10:38:33,14.06,--,229,321974,买盘
2454,10:38:30,14.06,--,41,57646,买盘
2455,10:38:27,14.06,--,76,106856,买盘
2456,10:38:24,14.06,--,7,9842,买盘
2457,10:38:21,14.06,--,79,111074,买盘
2458,10:38:15,14.06,--,35,49210,买盘
2459,10:38:12,14.06,0.01,38,53428,买盘
2460,10:38:09,14.05,-0.01,146,205130,卖盘
2461,10:38:06,14.06,--,72,101232,买盘
2462,10:38:03,14.06,--,31,43586,买盘
2463,10:38:00,14.06,--,24,33744,买盘
2464,10:37:57,14.06,--,12,16872,买盘
2465,10:37:54,14.06,--,30,42180,买盘
2466,10:37:51,14.06,--,301,423206,买盘
2467,10:37:48,14.06,0.01,26,36556,买盘
2468,10:37:45,14.05,-0.01,12,16860,卖盘
2469,10:37:42,14.06,0.01,2,2812,买盘
2470,10:37:33,14.05,-0.01,9,12645,卖盘
2471,10:37:27,14.06,--,1,1406,买盘
2472,10:37:18,14.06,0.01,24,33744,买盘
2473,10:37:12,14.05,-0.01,3,4215,卖盘
2474,10:37:06,14.06,0.02,26,36556,买盘
2475,10:37:03,14.04,-0.02,1,1404,卖盘
2476,10:37:00,14.06,0.02,3,4218,买盘
2477,10:36:57,14.04,-0.02,1,1404,卖盘
2478,10:36:54,14.06,0.02,20,28120,买盘
2479,10:36:45,14.04,-0.02,9,12636,卖盘
2480,10:36:42,14.06,--,120,168720,买盘
2481,10:36:36,14.06,--,8,11248,买盘
2482,10:36:30,14.06,0.01,2,2812,买盘
2483,10:36:27,14.05,-0.01,36,50580,卖盘
2484,10:36:21,14.06,--,13,18278,买盘
2485,10:36:12,14.06,--,54,75924,买盘
2486,10:36:09,14.06,--,23,32338,买盘
2487,10:36:06,14.06,0.01,11,15466,买盘
2488,10:36:03,14.05,-0.01,5,7025,卖盘
2489,10:36:00,14.06,0.01,68,95608,买盘
2490,10:35:57,14.05,-0.01,73,102565,卖盘
2491,10:35:51,14.06,--,2,2812,买盘
2492,10:35:48,14.06,--,2,2812,买盘
2493,10:35:45,14.06,--,467,656602,买盘
2494,10:35:42,14.06,--,13,18278,买盘
2495,10:35:33,14.06,--,7,9842,买盘
2496,10:35:24,14.06,0.01,7,9842,买盘
2497,10:35:21,14.05,-0.01,13,18265,卖盘
2498,10:35:18,14.06,0.01,11,15466,买盘
2499,10:35:15,14.05,-0.01,10,14050,买盘
2500,10:35:12,14.06,--,7,9842,买盘
2501,10:35:09,14.06,--,6,8436,买盘
2502,10:35:06,14.06,--,23,32338,买盘
2503,10:35:03,14.06,--,47,66082,买盘
2504,10:35:00,14.06,0.02,27,37962,买盘
2505,10:34:57,14.04,-0.01,1,1404,卖盘
2506,10:34:54,14.05,-0.01,26,36530,卖盘
2507,10:34:48,14.06,--,1,1406,买盘
2508,10:34:45,14.06,--,25,35150,买盘
2509,10:34:42,14.06,--,14,19684,买盘
2510,10:34:39,14.06,--,23,32338,买盘
2511,10:34:36,14.06,--,4,5624,买盘
2512,10:34:33,14.06,0.01,9,12654,买盘
2513,10:34:30,14.05,-0.01,3,4215,卖盘
2514,10:34:21,14.06,0.01,11,15466,买盘
2515,10:34:18,14.05,-0.01,1,1405,卖盘
2516,10:34:12,14.06,--,13,18278,买盘
2517,10:34:09,14.06,--,1,1406,买盘
2518,10:34:06,14.06,0.01,13,18278,买盘
2519,10:34:00,14.05,0.01,1,1405,卖盘
2520,10:33:57,14.04,--,36,50544,卖盘
2521,10:33:54,14.04,--,34,47736,买盘
2522,10:33:51,14.04,-0.01,53,74412,卖盘
2523,10:33:48,14.05,--,1,1405,买盘
2524,10:33:45,14.05,--,23,32315,买盘
2525,10:33:42,14.05,--,8,11240,买盘
2526,10:33:33,14.05,--,4,5620,买盘
2527,10:33:30,14.05,--,10,14050,买盘
2528,10:33:21,14.05,--,1,1405,买盘
2529,10:33:18,14.05,--,2,2810,买盘
2530,10:33:09,14.05,0.01,3,4215,买盘
2531,10:33:06,14.04,--,10,14040,卖盘
2532,10:33:03,14.04,--,4,5616,卖盘
2533,10:33:00,14.04,--,19,26676,卖盘
2534,10:32:57,14.04,--,1,1404,卖盘
2535,10:32:54,14.04,-0.01,25,35100,卖盘
2536,10:32:51,14.05,--,13,18265,卖盘
2537,10:32:48,14.05,--,13,18265,买盘
2538,10:32:45,14.05,--,20,28100,买盘
2539,10:32:36,14.05,--,22,30910,买盘
2540,10:32:33,14.05,--,111,155955,卖盘
2541,10:32:30,14.05,-0.01,3,4215,卖盘
2542,10:32:27,14.06,0.01,85,119510,买盘
2543,10:32:21,14.05,-0.01,57,80085,卖盘
2544,10:32:12,14.06,--,6,8436,买盘
2545,10:32:09,14.06,0.01,30,42180,买盘
2546,10:32:06,14.05,--,44,61820,卖盘
2547,10:32:00,14.05,--,1,1405,卖盘
2548,10:31:57,14.05,--,27,37935,卖盘
2549,10:31:54,14.05,--,27,37935,卖盘
2550,10:31:48,14.05,-0.01,175,245875,卖盘
2551,10:31:42,14.06,--,475,667850,买盘
2552,10:31:36,14.06,--,30,42180,买盘
2553,10:31:33,14.06,0.02,39,54834,买盘
2554,10:31:30,14.04,--,23,32291,卖盘
2555,10:31:27,14.04,-0.02,34,47736,卖盘
2556,10:31:24,14.06,--,159,223554,买盘
2557,10:31:21,14.06,--,10,14060,买盘
2558,10:31:18,14.06,--,40,56240,买盘
2559,10:31:15,14.06,-0.01,5,7030,买盘
2560,10:31:12,14.07,-0.02,960,1351845,卖盘
2561,10:31:09,14.09,0.01,7,9863,买盘
2562,10:31:00,14.08,--,1,1408,卖盘
2563,10:30:57,14.08,--,1,1408,卖盘
2564,10:30:54,14.08,-0.01,17,23936,卖盘
2565,10:30:45,14.09,--,37,52133,买盘
2566,10:30:42,14.09,--,20,28180,买盘
2567,10:30:39,14.09,--,17,23953,买盘
2568,10:30:36,14.09,--,206,290254,买盘
2569,10:30:30,14.09,--,5,7045,买盘
2570,10:30:27,14.09,--,20,28180,买盘
2571,10:30:24,14.09,--,18,25362,买盘
2572,10:30:21,14.09,--,3,4227,买盘
2573,10:30:18,14.09,--,17,23953,买盘
2574,10:30:12,14.09,--,6,8454,买盘
2575,10:30:09,14.09,--,17,23953,买盘
2576,10:30:06,14.09,--,15,21135,买盘
2577,10:30:03,14.09,0.01,22,30998,买盘
2578,10:30:00,14.08,--,3,4224,卖盘
2579,10:29:57,14.08,-0.01,15,21120,卖盘
2580,10:29:54,14.09,--,59,83131,买盘
2581,10:29:51,14.09,--,17,23953,买盘
2582,10:29:48,14.09,--,18,25362,买盘
2583,10:29:42,14.09,--,60,84540,买盘
2584,10:29:33,14.09,--,30,42270,买盘
2585,10:29:30,14.09,--,27,38043,买盘
2586,10:29:27,14.09,--,41,57769,买盘
2587,10:29:24,14.09,0.01,59,83131,买盘
2588,10:29:21,14.08,-0.01,50,70400,卖盘
2589,10:29:18,14.09,0.01,81,114129,买盘
2590,10:29:15,14.08,-0.01,95,133760,卖盘
2591,10:29:12,14.09,--,17,23953,买盘
2592,10:29:09,14.09,0.01,22,30998,买盘
2593,10:29:06,14.08,--,8,11545,卖盘
2594,10:29:00,14.08,-0.01,7,9856,卖盘
2595,10:28:57,14.09,--,18,25362,买盘
2596,10:28:54,14.09,--,25,35225,买盘
2597,10:28:45,14.09,--,16,22544,买盘
2598,10:28:42,14.09,--,19,26771,买盘
2599,10:28:39,14.09,--,17,23953,买盘
2600,10:28:36,14.09,--,15,21135,买盘
2601,10:28:33,14.09,0.01,25,35225,买盘
2602,10:28:30,14.08,-0.01,61,85888,卖盘
2603,10:28:27,14.09,0.01,47,66223,买盘
2604,10:28:24,14.08,-0.01,53,74624,卖盘
2605,10:28:21,14.09,0.01,24,33816,买盘
2606,10:28:18,14.08,-0.01,158,222464,卖盘
2607,10:28:12,14.09,--,24,33816,买盘
2608,10:28:09,14.09,--,118,166262,买盘
2609,10:28:06,14.09,--,15,21135,买盘
2610,10:28:03,14.09,0.01,20,28180,买盘
2611,10:28:00,14.08,-0.01,17,23936,卖盘
2612,10:27:57,14.09,--,52,73268,买盘
2613,10:27:48,14.09,--,34,47906,买盘
2614,10:27:42,14.09,--,17,23953,买盘
2615,10:27:39,14.09,--,3,4227,买盘
2616,10:27:36,14.09,--,8,11272,买盘
2617,10:27:33,14.09,--,40,56360,买盘
2618,10:27:27,14.09,--,17,23953,买盘
2619,10:27:24,14.09,0.01,103,145127,买盘
2620,10:27:18,14.08,-0.01,4,5632,卖盘
2621,10:27:15,14.09,--,1,1409,买盘
2622,10:27:12,14.09,--,19,26771,买盘
2623,10:27:09,14.09,0.01,23,32407,买盘
2624,10:27:03,14.08,-0.01,4,5632,卖盘
2625,10:27:00,14.09,-0.01,6,8454,中性盘
2626,10:26:57,14.1,--,20,28200,买盘
2627,10:26:54,14.1,--,18,25380,买盘
2628,10:26:51,14.1,--,6,8460,买盘
2629,10:26:48,14.1,0.01,26,36660,买盘
2630,10:26:45,14.09,-0.01,8,11272,买盘
2631,10:26:39,14.1,--,18,25380,买盘
2632,10:26:36,14.1,0.01,18,25380,买盘
2633,10:26:33,14.09,--,34,47906,买盘
2634,10:26:30,14.09,--,12,16908,买盘
2635,10:26:27,14.09,0.01,7,9863,中性盘
2636,10:26:24,14.08,-0.02,67,94336,卖盘
2637,10:26:21,14.1,--,32,45120,买盘
2638,10:26:18,14.1,--,24,33840,买盘
2639,10:26:15,14.1,0.01,15,21150,买盘
2640,10:26:12,14.09,-0.01,21,29589,中性盘
2641,10:26:03,14.1,0.01,103,145230,买盘
2642,10:26:00,14.09,--,19,28123,卖盘
2643,10:25:57,14.09,0.02,137,193089,买盘
2644,10:25:54,14.07,-0.02,71,99897,中性盘
2645,10:25:48,14.09,0.01,400,563600,买盘
2646,10:25:45,14.08,--,16,22528,买盘
2647,10:25:42,14.08,0.01,442,622336,买盘
2648,10:25:39,14.07,-0.01,37,52059,卖盘
2649,10:25:36,14.08,0.04,915,1288320,买盘
2650,10:25:33,14.04,-0.01,32,44928,卖盘
2651,10:25:30,14.05,-0.02,13,18265,卖盘
2652,10:25:27,14.07,--,23,32361,买盘
2653,10:25:24,14.07,--,35,49245,买盘
2654,10:25:18,14.07,--,28,39396,买盘
2655,10:25:15,14.07,--,6,8442,买盘
2656,10:25:12,14.07,0.01,37,52059,买盘
2657,10:25:09,14.06,0.01,39,54834,买盘
2658,10:25:06,14.05,-0.01,9,12645,卖盘
2659,10:25:03,14.06,-0.01,35,49210,中性盘
2660,10:25:00,14.07,--,22,30954,买盘
2661,10:24:57,14.07,--,44,61908,买盘
2662,10:24:54,14.07,--,19,26733,买盘
2663,10:24:51,14.07,--,11,15477,买盘
2664,10:24:48,14.07,--,41,57687,买盘
2665,10:24:45,14.07,0.03,29,40803,买盘
2666,10:24:42,14.04,-0.03,50,70200,卖盘
2667,10:24:39,14.07,--,18,25326,买盘
2668,10:24:36,14.07,--,9,12663,买盘
2669,10:24:33,14.07,--,28,39396,买盘
2670,10:24:30,14.07,--,2,2814,买盘
2671,10:24:27,14.07,--,45,63315,买盘
2672,10:24:21,14.07,--,15,21105,买盘
2673,10:24:18,14.07,--,34,47838,买盘
2674,10:24:12,14.07,--,22,30954,买盘
2675,10:24:09,14.07,--,21,29547,买盘
2676,10:24:03,14.07,0.03,56,78792,买盘
2677,10:24:00,14.04,-0.03,20,28080,卖盘
2678,10:23:57,14.07,0.01,51,71757,买盘
2679,10:23:54,14.06,0.01,28,39368,买盘
2680,10:23:51,14.05,-0.02,1,1405,卖盘
2681,10:23:48,14.07,0.01,69,97083,买盘
2682,10:23:45,14.06,--,18,25308,买盘
2683,10:23:42,14.06,--,38,53428,买盘
2684,10:23:39,14.06,--,79,111074,买盘
2685,10:23:36,14.06,--,4,5624,买盘
2686,10:23:33,14.06,0.01,64,89984,买盘
2687,10:23:30,14.05,-0.01,6,8430,卖盘
2688,10:23:27,14.06,0.01,47,66082,买盘
2689,10:23:24,14.05,-0.01,33,46365,卖盘
2690,10:23:21,14.06,--,5,7030,买盘
2691,10:23:18,14.06,--,23,32338,买盘
2692,10:23:15,14.06,--,4,5624,买盘
2693,10:23:12,14.06,--,12,16872,买盘
2694,10:23:09,14.06,0.01,9,13919,买盘
2695,10:23:03,14.05,--,25,35125,买盘
2696,10:23:00,14.05,--,11,15455,买盘
2697,10:22:57,14.05,0.01,20,28100,买盘
2698,10:22:54,14.04,-0.01,17,23868,中性盘
2699,10:22:51,14.05,0.01,19,26695,买盘
2700,10:22:48,14.04,--,30,42120,买盘
2701,10:22:45,14.04,-0.01,24,33696,卖盘
2702,10:22:42,14.05,--,58,81490,买盘
2703,10:22:39,14.05,--,11,15455,买盘
2704,10:22:36,14.05,--,17,23885,买盘
2705,10:22:33,14.05,0.01,94,132070,买盘
2706,10:22:30,14.04,-0.01,6,8424,卖盘
2707,10:22:27,14.05,--,54,75870,买盘
2708,10:22:24,14.05,--,18,25290,买盘
2709,10:22:21,14.05,--,9,12645,买盘
2710,10:22:18,14.05,--,55,77275,买盘
2711,10:22:12,14.05,--,52,73060,买盘
2712,10:22:09,14.05,--,31,43555,买盘
2713,10:22:06,14.05,--,1,1405,买盘
2714,10:22:03,14.05,--,29,40745,买盘
2715,10:22:00,14.05,--,10,14050,买盘
2716,10:21:57,14.05,--,60,84300,买盘
2717,10:21:54,14.05,0.01,18,25290,买盘
2718,10:21:51,14.04,-0.01,16,22464,中性盘
2719,10:21:48,14.05,0.01,48,67440,买盘
2720,10:21:45,14.04,-0.01,6,8424,卖盘
2721,10:21:42,14.05,--,38,53390,买盘
2722,10:21:39,14.05,--,36,50580,买盘
2723,10:21:36,14.05,0.01,10,14050,买盘
2724,10:21:33,14.04,--,42,58968,中性盘
2725,10:21:30,14.04,--,15,21060,卖盘
2726,10:21:27,14.04,--,1,1404,卖盘
2727,10:21:24,14.04,--,22,30887,买盘
2728,10:21:18,14.04,0.04,48,68094,买盘
2729,10:21:15,14.0,--,23,32200,买盘
2730,10:21:09,14.0,-0.04,184,258552,卖盘
2731,10:21:06,14.04,--,2,2808,卖盘
2732,10:21:03,14.04,--,32,44928,买盘
2733,10:21:00,14.04,--,8,11232,买盘
2734,10:20:57,14.04,--,36,50544,买盘
2735,10:20:54,14.04,-0.01,19,26676,卖盘
2736,10:20:51,14.05,--,7,9835,买盘
2737,10:20:48,14.05,--,40,56200,买盘
2738,10:20:45,14.05,0.01,7,9835,买盘
2739,10:20:42,14.04,--,6,8424,买盘
2740,10:20:39,14.04,--,29,40716,卖盘
2741,10:20:36,14.04,-0.01,13,18252,卖盘
2742,10:20:33,14.05,0.01,7,9835,买盘
2743,10:20:30,14.04,--,7,9828,买盘
2744,10:20:27,14.04,--,23,32291,买盘
2745,10:20:24,14.04,--,18,25272,买盘
2746,10:20:21,14.04,--,15,21060,买盘
2747,10:20:18,14.04,-0.01,31,43524,中性盘
2748,10:20:12,14.05,--,86,120830,买盘
2749,10:20:09,14.05,--,17,23885,买盘
2750,10:20:03,14.05,0.01,107,150335,买盘
2751,10:20:00,14.04,--,32,44928,买盘
2752,10:19:57,14.04,--,71,99684,买盘
2753,10:19:54,14.04,0.01,82,115128,买盘
2754,10:19:51,14.03,-0.01,17,23851,卖盘
2755,10:19:48,14.04,-0.01,40,56160,买盘
2756,10:19:45,14.05,--,113,158765,买盘
2757,10:19:42,14.05,--,34,47770,买盘
2758,10:19:39,14.05,0.01,27,38384,买盘
2759,10:19:36,14.04,--,14,19656,买盘
2760,10:19:33,14.04,--,46,64583,买盘
2761,10:19:30,14.04,--,29,40716,买盘
2762,10:19:27,14.04,0.01,6,8424,买盘
2763,10:19:24,14.03,-0.01,50,70150,卖盘
2764,10:19:21,14.04,--,3,4212,买盘
2765,10:19:18,14.04,--,26,36504,买盘
2766,10:19:15,14.04,--,6,8424,买盘
2767,10:19:12,14.04,--,29,40716,买盘
2768,10:19:09,14.04,--,17,23868,买盘
2769,10:19:06,14.04,--,5,7020,买盘
2770,10:19:03,14.04,--,26,36504,买盘
2771,10:19:00,14.04,--,10,14040,买盘
2772,10:18:57,14.04,--,37,51948,买盘
2773,10:18:51,14.04,--,15,21060,买盘
2774,10:18:48,14.04,--,35,49140,买盘
2775,10:18:45,14.04,--,13,18252,买盘
2776,10:18:42,14.04,--,47,65988,买盘
2777,10:18:39,14.04,--,17,23868,买盘
2778,10:18:36,14.04,--,32,44928,买盘
2779,10:18:33,14.04,--,34,47736,买盘
2780,10:18:30,14.04,--,16,22464,买盘
2781,10:18:27,14.04,--,55,77220,买盘
2782,10:18:24,14.04,--,24,33696,买盘
2783,10:18:18,14.04,--,46,64583,买盘
2784,10:18:15,14.04,--,39,54756,买盘
2785,10:18:12,14.04,--,58,81432,买盘
2786,10:18:09,14.04,0.01,25,35100,买盘
2787,10:18:06,14.03,-0.01,9,12627,卖盘
2788,10:18:03,14.04,--,81,113724,买盘
2789,10:17:57,14.04,--,23,32291,买盘
2790,10:17:54,14.04,0.01,59,82836,买盘
2791,10:17:51,14.03,-0.01,1,1403,卖盘
2792,10:17:48,14.04,--,64,89856,买盘
2793,10:17:45,14.04,0.01,70,98280,买盘
2794,10:17:42,14.03,--,11,15433,买盘
2795,10:17:39,14.03,-0.01,36,50508,买盘
2796,10:17:33,14.04,--,38,53352,买盘
2797,10:17:30,14.04,--,7,9828,买盘
2798,10:17:27,14.04,--,33,46332,买盘
2799,10:17:24,14.04,0.01,31,43524,买盘
2800,10:17:21,14.03,0.01,7,9821,中性盘
2801,10:17:18,14.02,-0.02,24,33648,卖盘
2802,10:17:15,14.04,0.02,31,43524,买盘
2803,10:17:12,14.02,--,26,36452,买盘
2804,10:17:09,14.02,--,12,16824,买盘
2805,10:17:06,14.02,-0.02,12,16824,买盘
2806,10:17:03,14.04,--,56,78624,买盘
2807,10:17:00,14.04,0.02,5,7020,买盘
2808,10:16:57,14.02,-0.02,39,54678,卖盘
2809,10:16:54,14.04,--,18,25272,买盘
2810,10:16:51,14.04,--,22,30887,买盘
2811,10:16:48,14.04,0.02,32,44928,买盘
2812,10:16:42,14.02,--,103,144406,买盘
2813,10:16:39,14.02,-0.01,17,23834,买盘
2814,10:16:36,14.03,--,22,30866,买盘
2815,10:16:33,14.03,--,115,161345,买盘
2816,10:16:30,14.03,--,16,22448,卖盘
2817,10:16:27,14.03,--,144,202032,买盘
2818,10:16:24,14.03,0.03,46,64538,中性盘
2819,10:16:21,14.0,-0.03,98,137200,卖盘
