,time,price,change,volume,amount,type
0,15:00:03,15.2,--,1347,2048230,卖盘
1,14:57:00,15.2,--,0,0,卖盘
2,14:56:57,15.2,--,345,524415,买盘
3,14:56:54,15.2,--,115,174800,买盘
4,14:56:48,15.2,--,2,3040,买盘
5,14:56:45,15.2,--,300,456000,买盘
6,14:56:42,15.2,0.01,43,65360,买盘
7,14:56:39,15.19,--,9,13671,卖盘
8,14:56:33,15.19,--,42,63798,卖盘
9,14:56:27,15.19,-0.01,18,27342,卖盘
10,14:56:24,15.2,--,42,63840,买盘
11,14:56:21,15.2,0.01,42,63840,买盘
12,14:56:18,15.19,--,13,19747,买盘
13,14:56:15,15.19,--,3,4557,卖盘
14,14:56:12,15.19,--,3,4557,卖盘
15,14:56:06,15.19,--,44,66836,卖盘
16,14:56:03,15.19,--,88,133672,卖盘
17,14:56:00,15.19,--,36,54684,卖盘
18,14:55:54,15.19,0.01,13,19747,买盘
19,14:55:51,15.18,-0.01,59,89562,卖盘
20,14:55:48,15.19,0.01,59,89621,买盘
21,14:55:45,15.18,-0.01,21,31878,卖盘
22,14:55:39,15.19,0.01,26,39494,买盘
23,14:55:36,15.18,--,20,30360,卖盘
24,14:55:33,15.18,-0.01,138,209484,卖盘
25,14:55:30,15.19,0.01,10,15190,买盘
26,14:55:27,15.18,--,26,39468,卖盘
27,14:55:21,15.18,-0.01,74,112332,卖盘
28,14:55:18,15.19,--,39,59241,买盘
29,14:55:15,15.19,0.01,43,65317,买盘
30,14:55:09,15.18,--,10,15180,卖盘
31,14:55:06,15.18,-0.01,8,12144,卖盘
32,14:55:03,15.19,0.01,125,189875,买盘
33,14:55:00,15.18,--,6,9108,卖盘
34,14:54:57,15.18,--,150,227700,卖盘
35,14:54:54,15.18,-0.01,25,37950,卖盘
36,14:54:51,15.19,--,197,299243,卖盘
37,14:54:48,15.19,0.01,172,261268,中性盘
38,14:54:42,15.18,-0.02,38,57684,卖盘
39,14:54:39,15.2,0.02,105,159600,买盘
40,14:54:36,15.18,-0.02,15,22770,卖盘
41,14:54:33,15.2,0.02,266,404320,买盘
42,14:54:27,15.18,-0.01,0,91,卖盘
43,14:54:24,15.19,0.01,56,85064,买盘
44,14:54:21,15.18,--,9,13662,卖盘
45,14:54:18,15.18,--,0,136,卖盘
46,14:54:15,15.18,-0.01,32,48576,卖盘
47,14:54:12,15.19,--,15,22785,买盘
48,14:54:09,15.19,0.01,30,45570,买盘
49,14:54:06,15.18,--,178,270355,卖盘
50,14:54:00,15.18,--,12,18216,卖盘
51,14:53:57,15.18,-0.01,25,38101,卖盘
52,14:53:54,15.19,--,27,41013,买盘
53,14:53:51,15.19,0.01,11,16709,买盘
54,14:53:48,15.18,-0.01,33,50230,卖盘
55,14:53:45,15.19,0.01,17,25823,买盘
56,14:53:39,15.18,--,20,30511,卖盘
57,14:53:36,15.18,--,42,63756,卖盘
58,14:53:33,15.18,--,23,34914,卖盘
59,14:53:30,15.18,--,116,176088,卖盘
60,14:53:27,15.18,--,0,151,卖盘
61,14:53:21,15.18,--,23,34914,卖盘
62,14:53:18,15.18,--,0,136,卖盘
63,14:53:15,15.18,--,1,1518,卖盘
64,14:53:12,15.18,0.01,389,590790,买盘
65,14:53:09,15.17,--,17,25789,卖盘
66,14:53:06,15.17,-0.01,1,1668,卖盘
67,14:53:00,15.18,--,2,3187,买盘
68,14:52:57,15.18,--,17,25806,买盘
69,14:52:54,15.18,--,104,159101,卖盘
70,14:52:48,15.18,--,26,39604,卖盘
71,14:52:45,15.18,--,22,33396,卖盘
72,14:52:42,15.18,--,7,10626,卖盘
73,14:52:36,15.18,--,1,1669,卖盘
74,14:52:33,15.18,--,34,51612,卖盘
75,14:52:27,15.18,--,30,46420,买盘
76,14:52:24,15.18,0.01,7,10626,买盘
77,14:52:21,15.17,-0.01,0,151,卖盘
78,14:52:18,15.18,--,1,1518,买盘
79,14:52:12,15.18,--,75,114639,卖盘
80,14:52:09,15.18,--,9,13662,卖盘
81,14:52:06,15.18,-0.01,2,3172,卖盘
82,14:52:03,15.19,--,22,33418,买盘
83,14:52:00,15.19,0.01,1,1670,买盘
84,14:51:57,15.18,-0.01,10,15180,卖盘
85,14:51:54,15.19,--,1,1519,买盘
86,14:51:51,15.19,--,15,23863,卖盘
87,14:51:48,15.19,--,0,151,卖盘
88,14:51:42,15.19,--,2,3038,卖盘
89,14:51:39,15.19,--,0,136,卖盘
90,14:51:36,15.19,--,21,31899,卖盘
91,14:51:33,15.19,--,10,15190,卖盘
92,14:51:30,15.19,--,22,33569,卖盘
93,14:51:27,15.19,0.01,18,27342,买盘
94,14:51:24,15.18,--,16,24728,买盘
95,14:51:21,15.18,--,50,75900,买盘
96,14:51:18,15.18,0.01,5,7590,买盘
97,14:51:15,15.17,-0.02,30,46738,卖盘
98,14:51:12,15.19,--,11,16845,买盘
99,14:51:09,15.19,0.01,2,3038,买盘
100,14:51:06,15.18,-0.01,2,3036,卖盘
101,14:51:03,15.19,0.01,32,48608,买盘
102,14:51:00,15.18,-0.01,190,288420,卖盘
103,14:50:57,15.19,--,0,151,卖盘
104,14:50:54,15.19,0.01,99,150381,买盘
105,14:50:48,15.18,--,17,25957,卖盘
106,14:50:45,15.18,0.01,64,97152,买盘
107,14:50:39,15.17,--,6,9102,卖盘
108,14:50:36,15.17,--,2,3185,卖盘
109,14:50:30,15.17,--,10,15170,卖盘
110,14:50:27,15.17,0.01,62,94054,买盘
111,14:50:24,15.16,-0.01,6,9232,卖盘
112,14:50:18,15.17,0.01,206,312653,买盘
113,14:50:12,15.16,--,7,10612,卖盘
114,14:50:06,15.16,--,33,50179,卖盘
115,14:50:03,15.16,-0.01,1,1516,卖盘
116,14:50:00,15.17,0.01,18,27306,买盘
117,14:49:57,15.16,-0.01,14,21360,卖盘
118,14:49:54,15.17,0.01,37,56129,买盘
119,14:49:48,15.16,--,0,151,卖盘
120,14:49:45,15.16,-0.01,1,1516,卖盘
121,14:49:42,15.17,0.01,33,50061,买盘
122,14:49:39,15.16,--,150,227400,卖盘
123,14:49:36,15.16,-0.01,12,18192,卖盘
124,14:49:30,15.17,0.01,97,147149,买盘
125,14:49:27,15.16,-0.03,25,37900,卖盘
126,14:49:18,15.19,0.03,8,12152,买盘
127,14:49:15,15.16,-0.03,4,6064,卖盘
128,14:49:12,15.19,--,3,4557,买盘
129,14:49:09,15.19,--,51,77469,买盘
130,14:49:06,15.19,--,52,78988,买盘
131,14:49:03,15.19,0.03,8,12152,买盘
132,14:49:00,15.16,-0.03,18,27288,卖盘
133,14:48:57,15.19,--,260,394940,卖盘
134,14:48:54,15.19,--,19,28861,卖盘
135,14:48:51,15.19,--,43,65317,卖盘
136,14:48:48,15.19,--,25,37975,卖盘
137,14:48:45,15.19,--,23,34937,卖盘
138,14:48:42,15.19,--,10,15190,卖盘
139,14:48:36,15.19,0.03,121,183799,买盘
140,14:48:33,15.16,-0.01,4,6064,卖盘
141,14:48:30,15.17,--,5,7585,买盘
142,14:48:21,15.17,-0.02,77,116809,卖盘
143,14:48:15,15.19,0.04,72,109368,中性盘
144,14:48:06,15.15,--,151,228765,卖盘
145,14:48:03,15.15,-0.03,7,10605,卖盘
146,14:48:00,15.18,0.01,124,188232,买盘
147,14:47:57,15.17,--,11,16687,买盘
148,14:47:54,15.17,0.02,214,324638,买盘
149,14:47:51,15.15,--,1,1515,卖盘
150,14:47:48,15.15,0.01,60,90900,中性盘
151,14:47:45,15.14,-0.01,20,30280,卖盘
152,14:47:42,15.15,-0.05,5,7575,中性盘
153,14:47:39,15.2,0.06,150,228000,买盘
154,14:47:36,15.14,-0.03,134,202876,卖盘
155,14:47:33,15.17,0.02,169,256373,买盘
156,14:47:30,15.15,--,47,71205,卖盘
157,14:47:27,15.15,--,151,230022,买盘
158,14:47:24,15.15,--,67,101505,买盘
159,14:47:21,15.15,--,1,1515,买盘
160,14:47:18,15.15,0.01,15,22725,买盘
161,14:47:15,15.14,-0.01,9,13626,卖盘
162,14:47:12,15.15,0.01,67,101505,买盘
163,14:47:09,15.14,--,1,1514,卖盘
164,14:47:06,15.14,-0.01,21,31794,卖盘
165,14:47:03,15.15,0.01,63,95445,买盘
166,14:47:00,15.14,-0.01,23,34822,卖盘
167,14:46:57,15.15,0.02,262,396930,买盘
168,14:46:54,15.13,--,5,7565,卖盘
169,14:46:51,15.13,-0.01,60,90780,卖盘
170,14:46:48,15.14,--,36,54504,买盘
171,14:46:45,15.14,--,23,34822,买盘
172,14:46:42,15.14,--,629,952306,卖盘
173,14:46:36,15.14,-0.01,36,54504,卖盘
174,14:46:33,15.15,0.01,1,1515,卖盘
175,14:46:30,15.14,-0.02,274,414836,卖盘
176,14:46:27,15.16,0.01,21,31836,买盘
177,14:46:18,15.15,--,23,34845,买盘
178,14:46:15,15.15,--,5,7575,买盘
179,14:46:12,15.15,--,92,139380,卖盘
180,14:46:09,15.15,--,13,19695,卖盘
181,14:46:06,15.15,-0.01,174,263610,卖盘
182,14:46:03,15.16,0.01,4,6064,中性盘
183,14:46:00,15.15,--,13,19695,卖盘
184,14:45:57,15.15,--,5,7575,卖盘
185,14:45:54,15.15,--,42,63630,卖盘
186,14:45:51,15.15,--,176,266640,卖盘
187,14:45:48,15.15,--,303,459045,卖盘
188,14:45:45,15.15,--,21,31815,卖盘
189,14:45:42,15.15,-0.02,63,95445,卖盘
190,14:45:39,15.17,-0.01,29,43993,中性盘
191,14:45:36,15.18,0.02,52,78936,买盘
192,14:45:33,15.16,-0.01,42,63672,卖盘
193,14:45:27,15.17,0.01,2,3034,买盘
194,14:45:24,15.16,--,1,1516,卖盘
195,14:45:12,15.16,-0.01,615,932340,卖盘
196,14:45:09,15.17,--,1,1517,卖盘
197,14:45:06,15.17,--,1,1517,卖盘
198,14:45:03,15.17,-0.01,102,154734,卖盘
199,14:45:00,15.18,--,10,15180,买盘
200,14:44:57,15.18,--,10,15180,买盘
201,14:44:54,15.18,--,2,3036,买盘
202,14:44:42,15.18,--,5,7590,买盘
203,14:44:36,15.18,--,7,10626,买盘
204,14:44:30,15.18,--,4,6072,买盘
205,14:44:27,15.18,-0.01,92,139656,卖盘
206,14:44:24,15.19,0.01,25,37975,买盘
207,14:44:21,15.18,--,13,19734,卖盘
208,14:44:18,15.18,-0.01,2,3036,卖盘
209,14:44:12,15.19,--,20,30380,买盘
210,14:44:09,15.19,--,2,3038,买盘
211,14:44:06,15.19,0.01,8,12152,买盘
212,14:44:03,15.18,--,10,15180,卖盘
213,14:44:00,15.18,-0.01,20,30360,卖盘
214,14:43:57,15.19,--,13,19747,买盘
215,14:43:54,15.19,0.01,5,7595,买盘
216,14:43:51,15.18,-0.01,2,3036,卖盘
217,14:43:48,15.19,0.01,20,30380,买盘
218,14:43:45,15.18,--,67,101706,卖盘
219,14:43:42,15.18,--,1,1518,卖盘
220,14:43:36,15.18,0.01,45,68310,买盘
221,14:43:33,15.17,--,3,4551,卖盘
222,14:43:30,15.17,--,2,3034,卖盘
223,14:43:24,15.17,-0.01,4,6068,卖盘
224,14:43:21,15.18,--,33,50094,买盘
225,14:43:18,15.18,0.01,10,15180,买盘
226,14:43:12,15.17,--,15,22755,卖盘
227,14:43:09,15.17,--,5,7585,卖盘
228,14:43:06,15.17,--,2,3034,卖盘
229,14:43:03,15.17,--,1,1517,买盘
230,14:42:57,15.17,--,7,10619,买盘
231,14:42:54,15.17,0.01,1,1517,买盘
232,14:42:51,15.16,-0.01,4,6064,卖盘
233,14:42:48,15.17,--,10,15170,买盘
234,14:42:45,15.17,0.01,5,7585,买盘
235,14:42:42,15.16,--,58,87928,卖盘
236,14:42:36,15.16,-0.02,2,3032,卖盘
237,14:42:27,15.18,0.02,10,15180,中性盘
238,14:42:21,15.16,-0.03,619,938404,卖盘
239,14:42:15,15.19,--,8,12152,买盘
240,14:42:12,15.19,0.01,4,6076,买盘
241,14:42:09,15.18,--,106,160908,卖盘
242,14:42:06,15.18,-0.01,2,3036,卖盘
243,14:42:03,15.19,--,20,30380,买盘
244,14:42:00,15.19,--,13,19747,买盘
245,14:41:54,15.19,-0.01,13,19747,卖盘
246,14:41:51,15.2,0.01,10,15200,买盘
247,14:41:48,15.19,--,24,36456,卖盘
248,14:41:45,15.19,-0.01,42,63798,卖盘
249,14:41:42,15.2,0.01,50,76000,买盘
250,14:41:36,15.19,-0.01,1,1519,卖盘
251,14:41:33,15.2,0.01,175,266000,买盘
252,14:41:24,15.19,-0.01,17,25823,卖盘
253,14:41:21,15.2,0.01,2,3040,买盘
254,14:41:18,15.19,-0.01,18,27342,中性盘
255,14:41:15,15.2,0.02,17,25840,买盘
256,14:41:12,15.18,-0.01,30,45540,卖盘
257,14:41:09,15.19,--,1,1519,卖盘
258,14:41:06,15.19,0.01,3,4557,卖盘
259,14:41:00,15.18,-0.02,100,151800,卖盘
260,14:40:57,15.2,0.02,8,12160,买盘
261,14:40:51,15.18,--,150,227700,卖盘
262,14:40:42,15.18,-0.01,42,63756,卖盘
263,14:40:39,15.19,--,62,94178,买盘
264,14:40:36,15.19,0.01,16,24304,买盘
265,14:40:33,15.18,-0.01,155,235290,卖盘
266,14:40:30,15.19,--,110,167090,买盘
267,14:40:24,15.19,--,42,63798,买盘
268,14:40:18,15.19,0.01,16,24304,买盘
269,14:40:12,15.18,--,31,47058,卖盘
270,14:40:06,15.18,--,2,3036,卖盘
271,14:40:03,15.18,--,1,1518,卖盘
272,14:40:00,15.18,0.01,69,104742,买盘
273,14:39:57,15.17,-0.01,1,1517,卖盘
274,14:39:54,15.18,--,8,12144,买盘
275,14:39:51,15.18,0.01,2,3036,买盘
276,14:39:48,15.17,-0.01,10,15170,卖盘
277,14:39:45,15.18,0.01,27,40986,买盘
278,14:39:36,15.17,0.01,66,100122,买盘
279,14:39:33,15.16,--,2,3032,卖盘
280,14:39:30,15.16,0.01,4,6064,买盘
281,14:39:27,15.15,--,84,127260,卖盘
282,14:39:21,15.15,--,67,101505,卖盘
283,14:39:18,15.15,--,5,7575,卖盘
284,14:39:15,15.15,0.01,479,725685,买盘
285,14:39:12,15.14,-0.01,31,46934,卖盘
286,14:39:09,15.15,--,51,77265,买盘
287,14:39:06,15.15,--,148,224220,买盘
288,14:39:03,15.15,--,15,22725,买盘
289,14:39:00,15.15,--,50,75750,买盘
290,14:38:57,15.15,--,80,121200,买盘
291,14:38:51,15.15,0.01,3,4545,买盘
292,14:38:48,15.14,--,159,240726,卖盘
293,14:38:45,15.14,-0.01,9,13626,卖盘
294,14:38:42,15.15,0.01,178,269670,买盘
295,14:38:39,15.14,--,229,346706,卖盘
296,14:38:36,15.14,--,38,57532,卖盘
297,14:38:33,15.14,--,21,31794,卖盘
298,14:38:30,15.14,--,166,251324,卖盘
299,14:38:24,15.14,-0.01,1,1514,卖盘
300,14:38:21,15.15,--,49,74235,买盘
301,14:38:18,15.15,--,12,18180,买盘
302,14:38:12,15.15,-0.03,1226,1857390,卖盘
303,14:38:09,15.18,--,29,44022,卖盘
304,14:38:06,15.18,--,2,3036,卖盘
305,14:38:00,15.18,--,20,30360,卖盘
306,14:37:57,15.18,--,6,9108,卖盘
307,14:37:54,15.18,--,118,179124,卖盘
308,14:37:48,15.18,--,104,157872,卖盘
309,14:37:45,15.18,--,5,7590,卖盘
310,14:37:39,15.18,--,2,3036,卖盘
311,14:37:33,15.18,-0.01,22,33396,卖盘
312,14:37:27,15.19,0.01,7,10633,买盘
313,14:37:24,15.18,-0.01,36,54648,卖盘
314,14:37:21,15.19,--,5,7595,卖盘
315,14:37:15,15.19,--,22,33418,卖盘
316,14:37:12,15.19,-0.01,8,12152,卖盘
317,14:37:09,15.2,--,3,4560,买盘
318,14:37:00,15.2,--,256,389120,卖盘
319,14:36:57,15.2,--,49,74480,卖盘
320,14:36:54,15.2,--,100,152000,卖盘
321,14:36:51,15.2,--,40,60800,卖盘
322,14:36:48,15.2,--,1,1520,卖盘
323,14:36:45,15.2,--,45,68400,卖盘
324,14:36:39,15.2,--,22,33440,卖盘
325,14:36:30,15.2,--,90,136800,卖盘
326,14:36:27,15.2,-0.01,2,3040,卖盘
327,14:36:24,15.21,--,5,7605,买盘
328,14:36:21,15.21,0.01,10,15210,买盘
329,14:36:15,15.2,-0.01,6,9120,卖盘
330,14:36:09,15.21,--,207,314847,卖盘
331,14:36:06,15.21,-0.01,1,1521,卖盘
332,14:36:00,15.22,0.01,105,159810,买盘
333,14:35:57,15.21,-0.01,13,19773,卖盘
334,14:35:54,15.22,--,10,15220,买盘
335,14:35:45,15.22,0.01,30,45660,买盘
336,14:35:42,15.21,-0.01,5,7605,卖盘
337,14:35:39,15.22,--,1,1522,买盘
338,14:35:36,15.22,--,20,30440,买盘
339,14:35:21,15.22,--,2,3044,买盘
340,14:35:18,15.22,--,15,22830,卖盘
341,14:35:15,15.22,--,6,9132,卖盘
342,14:35:12,15.22,-0.01,8,12176,卖盘
343,14:35:09,15.23,--,6,9138,买盘
344,14:35:06,15.23,--,15,22845,买盘
345,14:34:57,15.23,0.01,4,6092,买盘
346,14:34:48,15.22,--,15,22830,卖盘
347,14:34:45,15.22,--,6,9132,卖盘
348,14:34:42,15.22,--,14,21308,买盘
349,14:34:39,15.22,--,17,25874,买盘
350,14:34:36,15.22,0.01,38,57836,中性盘
351,14:34:30,15.21,-0.04,50,76050,卖盘
352,14:34:27,15.25,0.04,10,15250,买盘
353,14:34:18,15.21,--,5,7605,卖盘
354,14:34:15,15.21,-0.04,5,7605,卖盘
355,14:34:12,15.25,0.04,500,762500,买盘
356,14:34:09,15.21,--,30,45630,卖盘
357,14:34:03,15.21,--,15,22815,卖盘
358,14:33:57,15.21,-0.01,110,167310,卖盘
359,14:33:54,15.22,0.01,6,9132,买盘
360,14:33:51,15.21,-0.01,96,146016,卖盘
361,14:33:48,15.22,--,100,152200,卖盘
362,14:33:45,15.22,--,13,19786,卖盘
363,14:33:36,15.22,--,4,6088,卖盘
364,14:33:33,15.22,-0.01,7,10654,卖盘
365,14:33:30,15.23,0.02,1,1523,买盘
366,14:33:27,15.21,-0.02,15,22815,卖盘
367,14:33:24,15.23,0.01,27,41121,买盘
368,14:33:21,15.22,--,10,15220,卖盘
369,14:33:18,15.22,--,3,4566,卖盘
370,14:33:15,15.22,0.01,1,1522,中性盘
371,14:33:12,15.21,--,35,53235,卖盘
372,14:33:09,15.21,-0.01,50,76050,卖盘
373,14:33:06,15.22,--,31,47182,卖盘
374,14:33:03,15.22,0.01,5,7610,卖盘
375,14:32:57,15.21,-0.01,69,104949,卖盘
376,14:32:51,15.22,--,92,140024,买盘
377,14:32:45,15.22,--,10,15220,买盘
378,14:32:42,15.22,--,3,4566,买盘
379,14:32:30,15.22,--,5,7610,买盘
380,14:32:27,15.22,--,52,79144,买盘
381,14:32:24,15.22,0.01,10,15220,买盘
382,14:32:18,15.21,--,32,48672,卖盘
383,14:32:15,15.21,--,5,7605,卖盘
384,14:31:48,15.21,--,80,121680,卖盘
385,14:31:45,15.21,--,6,9126,卖盘
386,14:31:42,15.21,--,10,15210,卖盘
387,14:31:36,15.21,--,4,6084,卖盘
388,14:31:30,15.21,-0.01,9,13689,卖盘
389,14:31:27,15.22,--,1,1522,买盘
390,14:31:18,15.22,0.01,11,16742,买盘
391,14:31:15,15.21,--,5,7605,卖盘
392,14:31:12,15.21,-0.01,5,7605,卖盘
393,14:31:06,15.22,0.01,22,33484,买盘
394,14:31:03,15.21,--,24,36504,卖盘
395,14:30:48,15.21,--,12,18252,卖盘
396,14:30:45,15.21,-0.01,46,69966,卖盘
397,14:30:42,15.22,0.01,156,237432,买盘
398,14:30:33,15.21,--,16,24336,卖盘
399,14:30:30,15.21,--,3,4563,卖盘
400,14:30:15,15.21,--,40,60840,卖盘
401,14:30:12,15.21,-0.01,27,41067,卖盘
402,14:30:09,15.22,--,1,1522,买盘
403,14:30:06,15.22,--,13,19786,买盘
404,14:30:03,15.22,--,5,7610,买盘
405,14:29:57,15.22,0.01,25,38050,买盘
406,14:29:54,15.21,--,25,38025,卖盘
407,14:29:51,15.21,-0.01,3,4563,卖盘
408,14:29:48,15.22,0.01,30,45660,买盘
409,14:29:45,15.21,--,3,4563,卖盘
410,14:29:42,15.21,--,105,159705,卖盘
411,14:29:39,15.21,--,17,25857,卖盘
412,14:29:36,15.21,--,16,24336,卖盘
413,14:29:27,15.21,-0.01,51,77571,卖盘
414,14:29:21,15.22,0.01,19,28918,买盘
415,14:29:18,15.21,--,1,1521,卖盘
416,14:29:15,15.21,-0.01,29,44109,卖盘
417,14:29:12,15.22,--,25,38050,卖盘
418,14:29:09,15.22,--,41,62402,卖盘
419,14:29:03,15.22,--,18,27396,卖盘
420,14:29:00,15.22,-0.01,3,4566,卖盘
421,14:28:57,15.23,--,5,7615,买盘
422,14:28:54,15.23,0.01,27,41121,买盘
423,14:28:48,15.22,--,5,7610,卖盘
424,14:28:45,15.22,--,16,24352,卖盘
425,14:28:42,15.22,-0.01,10,15220,卖盘
426,14:28:39,15.23,0.01,10,15230,买盘
427,14:28:33,15.22,-0.01,22,33484,卖盘
428,14:28:27,15.23,--,10,15230,买盘
429,14:28:24,15.23,-0.01,16,24368,卖盘
430,14:28:18,15.24,0.01,86,131064,买盘
431,14:28:12,15.23,--,5,7615,卖盘
432,14:28:09,15.23,--,5,7615,卖盘
433,14:28:06,15.23,--,20,30460,卖盘
434,14:28:03,15.23,-0.01,16,24368,卖盘
435,14:27:57,15.24,0.01,8,12192,买盘
436,14:27:54,15.23,--,23,35029,卖盘
437,14:27:51,15.23,--,32,48736,卖盘
438,14:27:48,15.23,--,14,21322,卖盘
439,14:27:45,15.23,--,1,1523,卖盘
440,14:27:42,15.23,--,122,185806,卖盘
441,14:27:36,15.23,--,12,18276,卖盘
442,14:27:33,15.23,--,26,39598,卖盘
443,14:27:27,15.23,--,8,12184,卖盘
444,14:27:24,15.23,--,16,24368,卖盘
445,14:27:21,15.23,--,4,6092,卖盘
446,14:27:18,15.23,--,1,1523,卖盘
447,14:27:15,15.23,--,26,39598,卖盘
448,14:27:12,15.23,--,20,30460,卖盘
449,14:27:09,15.23,--,50,76150,卖盘
450,14:27:03,15.23,--,22,33506,卖盘
451,14:27:00,15.23,--,21,31983,卖盘
452,14:26:57,15.23,-0.01,39,59397,卖盘
453,14:26:54,15.24,--,10,15240,买盘
454,14:26:51,15.24,0.01,10,15240,买盘
455,14:26:48,15.23,--,3,4569,卖盘
456,14:26:45,15.23,--,5,7615,卖盘
457,14:26:42,15.23,-0.01,25,38075,卖盘
458,14:26:39,15.24,0.01,66,100584,买盘
459,14:26:27,15.23,-0.01,20,30460,卖盘
460,14:26:15,15.24,0.01,2,3048,买盘
461,14:26:12,15.23,--,15,22845,卖盘
462,14:26:06,15.23,-0.01,13,19799,卖盘
463,14:26:03,15.24,--,42,64008,买盘
464,14:25:57,15.24,0.01,20,30480,买盘
465,14:25:51,15.23,-0.01,21,31983,卖盘
466,14:25:45,15.24,0.01,9,13716,买盘
467,14:25:42,15.23,--,6,9138,卖盘
468,14:25:36,15.23,-0.01,32,48736,卖盘
469,14:25:33,15.24,0.01,6,9144,买盘
470,14:25:27,15.23,-0.01,20,30460,卖盘
471,14:25:21,15.24,0.01,21,32004,买盘
472,14:25:15,15.23,--,22,33506,卖盘
473,14:25:06,15.23,--,4,6092,卖盘
474,14:25:03,15.23,--,1,1523,卖盘
475,14:24:57,15.23,--,1,1523,卖盘
476,14:24:54,15.23,-0.01,9,13707,卖盘
477,14:24:48,15.24,--,15,22860,买盘
478,14:24:45,15.24,0.01,9,13716,买盘
479,14:24:42,15.23,-0.01,26,39598,卖盘
480,14:24:36,15.24,0.01,21,32004,买盘
481,14:24:33,15.23,--,5,7615,卖盘
482,14:24:30,15.23,--,3,4569,卖盘
483,14:24:21,15.23,--,6,9138,卖盘
484,14:24:12,15.23,-0.01,5,7615,卖盘
485,14:24:06,15.24,0.01,2,3048,买盘
486,14:24:03,15.23,-0.01,2,3046,卖盘
487,14:24:00,15.24,--,48,73152,买盘
488,14:23:57,15.24,0.01,5,7620,买盘
489,14:23:45,15.23,-0.01,12,18276,卖盘
490,14:23:36,15.24,0.01,2,3048,买盘
491,14:23:33,15.23,--,6,9138,卖盘
492,14:23:30,15.23,--,2,3046,卖盘
493,14:23:21,15.23,--,1,1523,卖盘
494,14:23:15,15.23,--,1,1523,卖盘
495,14:23:12,15.23,--,7,10661,卖盘
496,14:23:09,15.23,-0.01,5,7615,卖盘
497,14:23:06,15.24,--,20,30480,买盘
498,14:23:03,15.24,--,1,1524,买盘
499,14:23:00,15.24,--,19,28956,买盘
500,14:22:57,15.24,--,3,4572,买盘
501,14:22:51,15.24,--,26,39624,买盘
502,14:22:48,15.24,--,10,15240,卖盘
503,14:22:45,15.24,--,50,76200,卖盘
504,14:22:42,15.24,--,6,9144,卖盘
505,14:22:39,15.24,--,26,39624,卖盘
506,14:22:33,15.24,--,60,91440,卖盘
507,14:22:21,15.24,-0.01,5,7620,卖盘
508,14:22:15,15.25,0.01,19,28975,买盘
509,14:22:12,15.24,--,50,76200,卖盘
510,14:22:09,15.24,--,12,18288,卖盘
511,14:21:45,15.24,-0.01,5,7620,卖盘
512,14:21:42,15.25,--,2,3050,买盘
513,14:21:39,15.25,0.01,3,4575,买盘
514,14:21:36,15.24,-0.01,21,32004,卖盘
515,14:21:30,15.25,0.01,37,56425,买盘
516,14:21:27,15.24,--,21,32004,卖盘
517,14:21:21,15.24,--,1,1524,卖盘
518,14:21:18,15.24,-0.01,35,53340,卖盘
519,14:21:15,15.25,0.01,20,30500,买盘
520,14:21:12,15.24,--,15,22860,卖盘
521,14:21:09,15.24,--,1,1524,卖盘
522,14:21:03,15.24,--,3,4572,卖盘
523,14:21:00,15.24,--,1,1524,卖盘
524,14:20:54,15.24,--,9,13716,卖盘
525,14:20:51,15.24,--,4,6096,卖盘
526,14:20:42,15.24,--,6,9144,卖盘
527,14:20:39,15.24,--,38,57912,卖盘
528,14:20:36,15.24,--,5,7620,卖盘
529,14:20:33,15.24,--,70,106680,卖盘
530,14:20:30,15.24,-0.01,5,7620,卖盘
531,14:20:21,15.25,0.01,16,24400,买盘
532,14:20:15,15.24,--,10,15240,卖盘
533,14:20:12,15.24,-0.01,22,33528,卖盘
534,14:20:06,15.25,0.01,20,30500,买盘
535,14:20:00,15.24,--,22,33528,卖盘
536,14:19:57,15.24,-0.01,4,6096,卖盘
537,14:19:54,15.25,0.01,10,15250,买盘
538,14:19:48,15.24,-0.01,9,13716,卖盘
539,14:19:45,15.25,-0.01,14,21350,卖盘
540,14:19:42,15.26,0.01,9,13734,买盘
541,14:19:36,15.25,-0.01,10,15250,卖盘
542,14:19:33,15.26,-0.01,82,125132,中性盘
543,14:19:27,15.27,0.01,63,96201,买盘
544,14:19:24,15.26,--,6,9156,卖盘
545,14:19:21,15.26,--,10,15260,卖盘
546,14:19:18,15.26,--,11,16786,卖盘
547,14:19:15,15.26,-0.01,7,10682,卖盘
548,14:19:12,15.27,0.02,7,10689,买盘
549,14:19:09,15.25,-0.02,39,59475,卖盘
550,14:19:06,15.27,0.01,42,64134,买盘
551,14:19:03,15.26,--,45,68670,买盘
552,14:19:00,15.26,-0.01,232,354032,卖盘
553,14:18:57,15.27,--,71,108417,买盘
554,14:18:54,15.27,--,138,210726,买盘
555,14:18:51,15.27,--,97,148119,买盘
556,14:18:48,15.27,0.01,1,1527,买盘
557,14:18:45,15.26,-0.02,258,393708,卖盘
558,14:18:42,15.28,0.01,532,812896,买盘
559,14:18:39,15.27,--,9,13743,卖盘
560,14:18:36,15.27,-0.01,20,30540,卖盘
561,14:18:33,15.28,0.01,68,103904,买盘
562,14:18:30,15.27,0.01,172,262644,买盘
563,14:18:27,15.26,--,11,16786,卖盘
564,14:18:24,15.26,-0.01,49,74774,卖盘
565,14:18:21,15.27,--,49,74823,买盘
566,14:18:18,15.27,0.01,10,15270,买盘
567,14:18:12,15.26,--,103,157178,卖盘
568,14:18:09,15.26,--,131,199906,卖盘
569,14:18:06,15.26,-0.01,21,32046,卖盘
570,14:18:00,15.27,0.01,10,15270,买盘
571,14:17:57,15.26,0.01,71,108346,买盘
572,14:17:54,15.25,-0.01,47,71675,卖盘
573,14:17:51,15.26,--,22,33572,买盘
574,14:17:42,15.26,0.01,17,25942,买盘
575,14:17:39,15.25,-0.01,21,32025,卖盘
576,14:17:33,15.26,--,7,10682,买盘
577,14:17:30,15.26,0.01,226,344876,买盘
578,14:17:27,15.25,--,5,7625,卖盘
579,14:17:24,15.25,-0.01,12,18300,卖盘
580,14:17:21,15.26,--,11,16786,买盘
581,14:17:15,15.26,0.01,4,6104,买盘
582,14:17:12,15.25,--,60,91500,卖盘
583,14:17:09,15.25,--,15,22875,卖盘
584,14:17:06,15.25,--,31,47275,卖盘
585,14:17:03,15.25,0.01,41,62525,买盘
586,14:17:00,15.24,-0.01,71,108204,卖盘
587,14:16:54,15.25,0.01,36,54900,买盘
588,14:16:51,15.24,-0.01,1,1524,卖盘
589,14:16:45,15.25,--,114,173850,买盘
590,14:16:42,15.25,--,32,48800,买盘
591,14:16:39,15.25,--,10,15250,买盘
592,14:16:36,15.25,0.01,12,18300,买盘
593,14:16:33,15.24,-0.01,30,45720,卖盘
594,14:16:30,15.25,0.01,1,1525,买盘
595,14:16:21,15.24,--,10,15240,卖盘
596,14:16:18,15.24,--,27,41148,买盘
597,14:16:15,15.24,--,25,38100,买盘
598,14:16:12,15.24,--,30,45720,买盘
599,14:16:09,15.24,--,31,47244,买盘
600,14:16:06,15.24,--,50,76200,买盘
601,14:16:03,15.24,--,116,176784,买盘
602,14:16:00,15.24,--,21,32004,买盘
603,14:15:57,15.24,0.01,33,50292,买盘
604,14:15:54,15.23,-0.01,53,80719,卖盘
605,14:15:51,15.24,--,56,85344,买盘
606,14:15:48,15.24,--,287,437388,买盘
607,14:15:45,15.24,--,58,88392,买盘
608,14:15:42,15.24,--,21,32004,买盘
609,14:15:39,15.24,--,32,48768,买盘
610,14:15:36,15.24,--,155,236220,买盘
611,14:15:33,15.24,0.01,109,166116,买盘
612,14:15:24,15.23,--,101,153823,卖盘
613,14:15:15,15.23,--,25,38075,买盘
614,14:15:12,15.23,--,681,1037163,买盘
615,14:15:06,15.23,--,68,103564,买盘
616,14:15:03,15.23,--,67,102041,买盘
617,14:14:57,15.23,--,66,100518,买盘
618,14:14:54,15.23,--,79,120317,买盘
619,14:14:51,15.23,0.01,10,15230,买盘
620,14:14:48,15.22,-0.01,21,31962,卖盘
621,14:14:42,15.23,--,50,76150,买盘
622,14:14:36,15.23,0.01,3,4569,买盘
623,14:14:33,15.22,--,11,16742,卖盘
624,14:14:30,15.22,--,264,401960,买盘
625,14:14:27,15.22,--,30,45660,买盘
626,14:14:24,15.22,--,30,45660,买盘
627,14:14:21,15.22,--,153,232866,买盘
628,14:14:18,15.22,--,405,616410,买盘
629,14:14:15,15.22,0.01,6,9132,买盘
630,14:14:12,15.21,-0.01,10,15210,卖盘
631,14:14:09,15.22,--,33,50226,买盘
632,14:14:03,15.22,--,13,19786,买盘
633,14:14:00,15.22,--,117,178074,买盘
634,14:13:54,15.22,--,16,24352,买盘
635,14:13:45,15.22,0.01,40,60880,买盘
636,14:13:42,15.21,-0.01,19,28899,卖盘
637,14:13:36,15.22,0.01,100,152200,买盘
638,14:13:33,15.21,--,25,38025,卖盘
639,14:13:27,15.21,0.01,1,1521,中性盘
640,14:13:21,15.2,-0.01,35,53200,卖盘
641,14:13:18,15.21,--,10,15210,卖盘
642,14:13:09,15.21,--,18,27378,买盘
643,14:12:57,15.21,0.01,28,42588,买盘
644,14:12:54,15.2,-0.01,27,41040,卖盘
645,14:12:51,15.21,0.01,1,1521,买盘
646,14:12:48,15.2,--,1,1520,卖盘
647,14:12:45,15.2,-0.01,2,3040,卖盘
648,14:12:39,15.21,--,40,60840,买盘
649,14:12:36,15.21,0.01,12,18252,买盘
650,14:12:33,15.2,-0.01,5,7600,卖盘
651,14:12:24,15.21,--,2,3042,买盘
652,14:12:18,15.21,--,20,30420,买盘
653,14:12:15,15.21,--,10,15210,买盘
654,14:12:12,15.21,-0.01,24,36504,卖盘
655,14:12:03,15.22,--,46,70012,买盘
656,14:11:57,15.22,--,6,9132,买盘
657,14:11:54,15.22,--,31,47182,买盘
658,14:11:51,15.22,--,5,7610,买盘
659,14:11:48,15.22,0.01,10,15220,买盘
660,14:11:45,15.21,-0.01,10,15210,卖盘
661,14:11:42,15.22,--,50,77469,卖盘
662,14:11:36,15.22,-0.01,2,3044,卖盘
663,14:11:33,15.23,0.01,33,50259,买盘
664,14:11:27,15.22,--,11,16742,卖盘
665,14:11:24,15.22,--,15,22830,卖盘
666,14:11:18,15.22,--,6,9284,买盘
667,14:11:15,15.22,--,12,18264,买盘
668,14:11:12,15.22,--,10,15220,买盘
669,14:11:09,15.22,--,10,15220,买盘
670,14:11:03,15.22,0.01,54,82188,买盘
671,14:11:00,15.21,--,1,1521,卖盘
672,14:10:57,15.21,-0.01,82,124722,卖盘
673,14:10:51,15.22,0.01,1,1522,买盘
674,14:10:48,15.21,--,103,156663,卖盘
675,14:10:45,15.21,-0.01,5,7605,卖盘
676,14:10:39,15.22,--,4,6088,买盘
677,14:10:36,15.22,0.01,10,15220,买盘
678,14:10:27,15.21,--,30,45630,卖盘
679,14:10:24,15.21,-0.01,18,27378,卖盘
680,14:10:18,15.22,--,5,7610,买盘
681,14:10:03,15.22,--,5,7610,买盘
682,14:10:00,15.22,0.02,158,240476,买盘
683,14:09:57,15.2,-0.01,7,10640,卖盘
684,14:09:54,15.21,--,27,41067,卖盘
685,14:09:51,15.21,--,3,4563,买盘
686,14:09:48,15.21,-0.01,18,27378,中性盘
687,14:09:45,15.22,0.02,2,3044,买盘
688,14:09:42,15.2,-0.01,10,15200,卖盘
689,14:09:39,15.21,--,10,15210,卖盘
690,14:09:36,15.21,0.01,1,1521,买盘
691,14:09:27,15.2,-0.01,1,1520,卖盘
692,14:09:24,15.21,0.01,30,45630,买盘
693,14:09:21,15.2,-0.01,75,114000,卖盘
694,14:09:18,15.21,0.01,78,118638,买盘
695,14:09:15,15.2,--,30,45600,卖盘
696,14:09:09,15.2,-0.01,13,19760,卖盘
697,14:09:06,15.21,0.01,2,3042,买盘
698,14:09:00,15.2,-0.01,21,33272,卖盘
699,14:08:57,15.21,0.01,12,18419,买盘
700,14:08:54,15.2,--,1,1520,卖盘
701,14:08:51,15.2,-0.01,3,4560,卖盘
702,14:08:48,15.21,--,5,7605,买盘
703,14:08:45,15.21,--,11,16731,买盘
704,14:08:42,15.21,--,6,9126,买盘
705,14:08:39,15.21,--,31,47151,买盘
706,14:08:30,15.21,--,42,63882,买盘
707,14:08:27,15.21,--,110,167310,买盘
708,14:08:24,15.21,0.01,24,36504,买盘
709,14:08:21,15.2,-0.01,10,15200,卖盘
710,14:08:18,15.21,--,30,45630,买盘
711,14:08:12,15.21,--,6,9126,买盘
712,14:08:09,15.21,--,9,13689,买盘
713,14:08:06,15.21,--,22,33462,买盘
714,14:08:00,15.21,0.01,32,48672,买盘
715,14:07:57,15.2,--,20,30400,卖盘
716,14:07:54,15.2,-0.01,5,7600,卖盘
717,14:07:51,15.21,0.01,45,68445,买盘
718,14:07:48,15.2,--,15,22800,卖盘
719,14:07:45,15.2,-0.01,1,1520,卖盘
720,14:07:36,15.21,0.01,36,56048,买盘
721,14:07:33,15.2,--,40,61848,卖盘
722,14:07:30,15.2,--,24,37817,卖盘
723,14:07:27,15.2,-0.01,12,18604,卖盘
724,14:07:24,15.21,0.01,75,114181,买盘
725,14:07:21,15.2,--,1,1520,卖盘
726,14:07:12,15.2,--,22,33440,卖盘
727,14:07:09,15.2,--,70,106673,买盘
728,14:07:06,15.2,--,13,19760,买盘
729,14:07:03,15.2,--,7,10640,买盘
730,14:07:00,15.2,--,20,30400,买盘
731,14:06:57,15.2,--,33,50160,买盘
732,14:06:54,15.2,--,35,53200,买盘
733,14:06:48,15.2,--,27,41040,买盘
734,14:06:45,15.2,--,47,72580,卖盘
735,14:06:42,15.2,--,93,142120,卖盘
736,14:06:39,15.2,--,56,85773,卖盘
737,14:06:36,15.2,--,18,27816,卖盘
738,14:06:27,15.2,--,40,60830,买盘
739,14:06:24,15.2,--,11,16720,买盘
740,14:06:21,15.2,--,0,136,卖盘
741,14:06:15,15.2,--,1,1520,卖盘
742,14:06:12,15.2,0.01,5,8983,买盘
743,14:06:09,15.19,-0.01,58,88102,卖盘
744,14:06:06,15.2,0.01,114,173280,买盘
745,14:06:00,15.19,--,71,107849,卖盘
746,14:05:57,15.19,-0.01,12,18228,卖盘
747,14:05:54,15.2,--,164,249416,卖盘
748,14:05:51,15.2,0.01,85,130583,买盘
749,14:05:42,15.19,-0.01,21,31899,卖盘
750,14:05:39,15.2,0.01,1,1520,买盘
751,14:05:33,15.19,--,28,42532,卖盘
752,14:05:30,15.19,-0.01,1,1519,卖盘
753,14:05:27,15.2,--,34,51680,买盘
754,14:05:24,15.2,--,50,76000,买盘
755,14:05:18,15.2,--,11,16720,买盘
756,14:05:15,15.2,--,16,24320,卖盘
757,14:05:12,15.2,--,77,117845,卖盘
758,14:05:09,15.2,--,127,194240,卖盘
759,14:05:06,15.2,-0.01,5,8694,卖盘
760,14:05:03,15.21,0.01,22,33903,买盘
761,14:05:00,15.2,--,3,4620,卖盘
762,14:04:57,15.2,--,3,4651,卖盘
763,14:04:54,15.2,--,3,4560,卖盘
764,14:04:51,15.2,--,6,9120,卖盘
765,14:04:48,15.2,0.01,419,637746,买盘
766,14:04:45,15.19,-0.01,54,82026,卖盘
767,14:04:33,15.2,--,162,246240,买盘
768,14:04:30,15.2,0.01,20,30400,买盘
769,14:04:27,15.19,-0.01,3,4557,卖盘
770,14:04:21,15.2,--,49,74480,买盘
771,14:04:18,15.2,--,28,42560,卖盘
772,14:04:15,15.2,--,11,16720,卖盘
773,14:04:12,15.2,--,86,130720,买盘
774,14:04:09,15.2,--,30,45600,买盘
775,14:04:06,15.2,--,10,15200,买盘
776,14:04:03,15.2,--,107,162640,买盘
777,14:03:57,15.2,--,25,38000,买盘
778,14:03:54,15.2,0.01,44,66880,买盘
779,14:03:51,15.19,--,16,24304,卖盘
780,14:03:48,15.19,-0.01,26,39494,卖盘
781,14:03:42,15.2,--,32,48640,买盘
782,14:03:39,15.2,--,14,21280,买盘
783,14:03:36,15.2,--,22,33440,买盘
784,14:03:33,15.2,0.01,105,159600,买盘
785,14:03:30,15.19,-0.01,399,607448,卖盘
786,14:03:27,15.2,--,18,27512,卖盘
787,14:03:24,15.2,--,11,16720,卖盘
788,14:03:18,15.2,--,36,54720,买盘
789,14:03:15,15.2,--,74,112480,买盘
790,14:03:12,15.2,--,62,94240,买盘
791,14:03:09,15.2,--,29,44080,买盘
792,14:03:06,15.2,--,72,109440,买盘
793,14:03:00,15.2,--,56,85120,买盘
794,14:02:57,15.2,--,120,182400,买盘
795,14:02:54,15.2,--,10,15200,买盘
796,14:02:51,15.2,0.01,37,56240,买盘
797,14:02:48,15.19,-0.01,18,27342,卖盘
798,14:02:45,15.2,--,189,287280,买盘
799,14:02:42,15.2,0.01,7,10640,买盘
800,14:02:39,15.19,-0.01,21,31899,卖盘
801,14:02:36,15.2,0.01,21,31920,买盘
802,14:02:33,15.19,0.01,77,116963,买盘
803,14:02:30,15.18,--,59,89562,卖盘
804,14:02:27,15.18,--,45,68310,买盘
805,14:02:24,15.18,--,143,217074,买盘
806,14:02:21,15.18,--,108,163944,买盘
807,14:02:18,15.18,0.01,104,157872,买盘
808,14:02:12,15.17,--,20,30340,卖盘
809,14:02:09,15.17,--,38,57646,买盘
810,14:02:06,15.17,0.01,5,7585,买盘
811,14:02:03,15.16,-0.01,6,9096,卖盘
812,14:02:00,15.17,0.01,66,100122,买盘
813,14:01:51,15.16,-0.01,21,31836,卖盘
814,14:01:48,15.17,--,1,1517,买盘
815,14:01:39,15.17,--,42,63714,卖盘
816,14:01:33,15.17,--,14,21238,卖盘
817,14:01:27,15.17,--,9,13653,卖盘
818,14:01:24,15.17,--,20,30340,卖盘
819,14:01:21,15.17,--,7,10619,卖盘
820,14:01:18,15.17,--,60,91020,卖盘
821,14:01:15,15.17,--,10,15170,卖盘
822,14:01:12,15.17,--,15,22755,卖盘
823,14:01:09,15.17,--,600,910200,卖盘
824,14:01:06,15.17,--,2,3034,卖盘
825,14:01:03,15.17,-0.01,1,1517,卖盘
826,14:00:54,15.18,0.01,51,77418,买盘
827,14:00:36,15.17,-0.01,10,15170,卖盘
828,14:00:30,15.18,0.01,9,13662,买盘
829,14:00:27,15.17,-0.01,20,30340,卖盘
830,14:00:18,15.18,0.01,42,63756,买盘
831,14:00:15,15.17,-0.01,1,1517,卖盘
832,14:00:12,15.18,0.01,1,1518,买盘
833,14:00:09,15.17,--,1,1517,卖盘
834,14:00:06,15.17,--,1,1517,卖盘
835,14:00:03,15.17,--,30,45510,卖盘
836,14:00:00,15.17,--,1,1517,卖盘
837,13:59:57,15.17,--,1,1517,卖盘
838,13:59:48,15.17,0.01,1,1517,卖盘
839,13:59:42,15.16,--,105,159180,卖盘
840,13:59:36,15.16,-0.01,150,227400,卖盘
841,13:59:33,15.17,0.01,107,162319,买盘
842,13:59:27,15.16,--,4,6064,卖盘
843,13:59:24,15.16,--,13,19708,卖盘
844,13:59:21,15.16,--,10,15160,卖盘
845,13:59:18,15.16,--,20,30320,卖盘
846,13:59:15,15.16,0.01,437,662492,买盘
847,13:59:09,15.15,-0.01,1,1515,卖盘
848,13:59:06,15.16,0.01,3,4548,买盘
849,13:59:03,15.15,--,1,1515,卖盘
850,13:58:51,15.15,--,2,3030,卖盘
851,13:58:45,15.15,--,18,27270,卖盘
852,13:58:42,15.15,--,40,60600,卖盘
853,13:58:36,15.15,--,51,77265,卖盘
854,13:58:33,15.15,--,23,34845,卖盘
855,13:58:27,15.15,--,23,34845,卖盘
856,13:58:24,15.15,--,110,166650,卖盘
857,13:58:21,15.15,--,13,19695,卖盘
858,13:58:18,15.15,-0.01,4,6060,卖盘
859,13:58:12,15.16,--,1,1516,买盘
860,13:58:03,15.16,0.01,11,16676,买盘
861,13:58:00,15.15,--,9,13635,卖盘
862,13:57:57,15.15,--,292,442380,卖盘
863,13:57:51,15.15,--,355,537825,卖盘
864,13:57:48,15.15,--,9,13635,卖盘
865,13:57:45,15.15,--,20,30300,卖盘
866,13:57:36,15.15,--,3,4545,卖盘
867,13:57:33,15.15,-0.01,1,1515,卖盘
868,13:57:27,15.16,--,16,24256,买盘
869,13:57:21,15.16,--,50,75800,买盘
870,13:57:18,15.16,--,1,1516,买盘
871,13:57:12,15.16,--,130,197080,卖盘
872,13:57:09,15.16,--,5,7580,卖盘
873,13:57:03,15.16,--,8,12128,卖盘
874,13:57:00,15.16,--,15,22740,卖盘
875,13:56:57,15.16,--,2,3032,卖盘
876,13:56:54,15.16,--,7,10612,卖盘
877,13:56:51,15.16,--,10,15160,卖盘
878,13:56:48,15.16,--,1,1516,卖盘
879,13:56:45,15.16,--,45,68220,卖盘
880,13:56:36,15.16,--,63,95508,卖盘
881,13:56:30,15.16,--,1,1516,卖盘
882,13:56:27,15.16,--,104,157664,卖盘
883,13:56:21,15.16,--,3,4548,卖盘
884,13:56:18,15.16,--,10,15160,卖盘
885,13:56:15,15.16,--,25,37900,卖盘
886,13:56:12,15.16,--,10,15160,卖盘
887,13:56:09,15.16,--,22,33352,卖盘
888,13:56:06,15.16,--,10,15160,卖盘
889,13:56:03,15.16,-0.01,10,15160,卖盘
890,13:56:00,15.17,-0.01,7,10619,买盘
891,13:55:57,15.18,0.01,5,7590,买盘
892,13:55:54,15.17,--,258,392341,卖盘
893,13:55:51,15.17,--,30,45510,卖盘
894,13:55:48,15.17,--,33,50061,卖盘
895,13:55:45,15.17,--,12,18204,卖盘
896,13:55:39,15.17,--,3,4551,卖盘
897,13:55:36,15.17,--,13,19721,卖盘
898,13:55:33,15.17,--,40,60680,卖盘
899,13:55:27,15.17,--,23,34891,卖盘
900,13:55:24,15.17,--,1,1517,卖盘
901,13:55:18,15.17,-0.01,39,59163,卖盘
902,13:55:15,15.18,0.01,2,3036,买盘
903,13:55:12,15.17,-0.01,42,63714,卖盘
904,13:55:09,15.18,0.01,3,4554,买盘
905,13:55:06,15.17,-0.01,1,1517,卖盘
906,13:55:03,15.18,--,14,21252,买盘
907,13:54:54,15.18,--,160,243821,卖盘
908,13:54:51,15.18,--,100,151800,卖盘
909,13:54:42,15.18,--,1,1518,卖盘
910,13:54:39,15.18,--,5,7590,卖盘
911,13:54:30,15.18,--,24,36432,卖盘
912,13:54:27,15.18,--,20,30360,卖盘
913,13:54:21,15.18,--,22,33396,卖盘
914,13:54:09,15.18,--,9,13662,卖盘
915,13:54:00,15.18,--,19,28842,卖盘
916,13:53:57,15.18,--,19,28842,卖盘
917,13:53:51,15.18,--,1,1518,卖盘
918,13:53:48,15.18,--,10,15180,卖盘
919,13:53:42,15.18,--,7,10626,卖盘
920,13:53:36,15.18,--,53,81030,买盘
921,13:53:33,15.18,--,2,3036,买盘
922,13:53:18,15.18,0.01,15,22770,买盘
923,13:53:15,15.17,--,6,9102,卖盘
924,13:53:09,15.17,--,17,25789,卖盘
925,13:52:42,15.17,--,5,7585,卖盘
926,13:52:36,15.17,-0.01,1,1517,卖盘
927,13:52:27,15.18,0.01,2,3036,买盘
928,13:52:21,15.17,--,8,12136,卖盘
929,13:52:18,15.17,--,17,25789,卖盘
930,13:52:15,15.17,-0.01,1,1517,卖盘
931,13:52:09,15.18,--,1,1518,买盘
932,13:51:51,15.18,0.01,6,9108,买盘
933,13:51:42,15.17,--,15,22755,卖盘
934,13:51:36,15.17,-0.01,1,1517,卖盘
935,13:51:27,15.18,--,3,4554,买盘
936,13:51:24,15.18,--,2,3036,买盘
937,13:51:21,15.18,-0.01,24,37373,卖盘
938,13:51:18,15.19,0.01,91,138229,买盘
939,13:51:09,15.18,--,100,151800,卖盘
940,13:51:06,15.18,--,10,15180,卖盘
941,13:51:03,15.18,--,209,317262,卖盘
942,13:50:57,15.18,--,4,6072,卖盘
943,13:50:42,15.18,--,6,9108,卖盘
944,13:50:39,15.18,--,1,1518,卖盘
945,13:50:30,15.18,-0.01,200,303600,卖盘
946,13:50:27,15.19,0.01,38,57722,买盘
947,13:50:24,15.18,-0.01,17,25806,卖盘
948,13:50:21,15.19,0.01,7,10633,买盘
949,13:50:18,15.18,--,8,12144,卖盘
950,13:50:12,15.18,--,4,6072,卖盘
951,13:50:06,15.18,--,5,7590,卖盘
952,13:50:03,15.18,--,23,34914,卖盘
953,13:50:00,15.18,-0.01,66,100188,卖盘
954,13:49:57,15.19,0.01,5,7595,买盘
955,13:49:54,15.18,--,21,31878,卖盘
956,13:49:48,15.18,-0.01,1,1518,卖盘
957,13:49:45,15.19,--,3,4557,买盘
958,13:49:42,15.19,--,5,7595,买盘
959,13:49:39,15.19,--,206,312914,买盘
960,13:49:30,15.19,--,17,25823,买盘
961,13:49:21,15.19,--,360,546840,卖盘
962,13:49:12,15.19,--,1,1519,卖盘
963,13:49:09,15.19,--,5,7595,卖盘
964,13:49:03,15.19,--,3,4557,卖盘
965,13:49:00,15.19,--,24,36456,卖盘
966,13:48:51,15.19,-0.01,21,31899,卖盘
967,13:48:45,15.2,--,30,45600,买盘
968,13:48:36,15.2,--,50,76000,买盘
969,13:48:33,15.2,--,30,45600,买盘
970,13:48:30,15.2,0.01,19,28880,买盘
971,13:48:27,15.19,-0.01,21,31899,卖盘
972,13:48:15,15.2,--,23,36206,卖盘
973,13:48:12,15.2,--,14,21310,卖盘
974,13:48:09,15.2,--,5,7858,卖盘
975,13:48:03,15.2,--,2,3040,卖盘
976,13:48:00,15.2,0.01,32,50144,买盘
977,13:47:45,15.19,-0.01,41,62279,卖盘
978,13:47:42,15.2,0.01,400,608000,买盘
979,13:47:39,15.19,--,1,1519,卖盘
980,13:47:27,15.19,-0.01,9,13671,卖盘
981,13:47:24,15.2,0.01,13,19760,买盘
982,13:47:21,15.19,--,1,1519,卖盘
983,13:47:15,15.19,-0.01,34,51646,卖盘
984,13:47:12,15.2,0.01,10,15200,买盘
985,13:47:09,15.19,--,4,6076,卖盘
986,13:47:03,15.19,--,1,1519,卖盘
987,13:47:00,15.19,--,15,22785,卖盘
988,13:46:57,15.19,--,1,1519,卖盘
989,13:46:48,15.19,0.01,3,4557,中性盘
990,13:46:42,15.18,--,10,15180,卖盘
991,13:46:39,15.18,-0.02,52,78936,卖盘
992,13:46:36,15.2,0.01,21,31920,买盘
993,13:46:33,15.19,0.01,89,135768,买盘
994,13:46:24,15.18,-0.01,1,1518,卖盘
995,13:46:21,15.19,--,10,15190,买盘
996,13:46:18,15.19,--,4,6076,买盘
997,13:46:03,15.19,--,9,13671,买盘
998,13:45:57,15.19,0.01,18,27342,买盘
999,13:45:51,15.18,-0.01,21,31878,卖盘
1000,13:45:42,15.19,0.01,8,12152,买盘
1001,13:45:39,15.18,-0.01,6,9108,卖盘
1002,13:45:36,15.19,--,20,30380,买盘
1003,13:45:33,15.19,--,10,16131,卖盘
1004,13:45:30,15.19,--,69,105388,买盘
1005,13:45:27,15.19,-0.01,138,210563,卖盘
1006,13:45:24,15.2,0.01,1,1520,买盘
1007,13:45:18,15.19,--,1,1519,卖盘
1008,13:45:12,15.19,--,2,3038,卖盘
1009,13:45:06,15.19,-0.01,7,10633,卖盘
1010,13:45:03,15.2,0.01,6,9120,买盘
1011,13:44:54,15.19,-0.01,20,30380,卖盘
1012,13:44:51,15.2,0.01,5,7600,买盘
1013,13:44:33,15.19,0.01,15,23362,买盘
1014,13:44:27,15.18,-0.01,4,6072,卖盘
1015,13:44:18,15.19,--,33,50127,买盘
1016,13:44:09,15.19,--,17,25823,买盘
1017,13:44:03,15.19,0.01,102,154938,买盘
1018,13:43:54,15.18,--,1,1518,卖盘
1019,13:43:42,15.18,--,22,33396,卖盘
1020,13:43:36,15.18,-0.01,1,1518,卖盘
1021,13:43:30,15.19,--,5,7595,买盘
1022,13:43:24,15.19,0.01,11,16709,买盘
1023,13:42:57,15.18,-0.01,1,1518,卖盘
1024,13:42:45,15.19,--,5,7595,买盘
1025,13:42:39,15.19,--,2,3038,买盘
1026,13:42:33,15.19,0.01,5,7595,买盘
1027,13:42:30,15.18,--,200,303600,卖盘
1028,13:42:24,15.18,-0.01,1,1518,卖盘
1029,13:42:21,15.19,0.01,6,9114,买盘
1030,13:42:18,15.18,-0.01,5,7590,卖盘
1031,13:42:12,15.19,--,116,176204,买盘
1032,13:42:09,15.19,0.01,3,4557,买盘
1033,13:42:06,15.18,-0.01,10,15180,卖盘
1034,13:41:57,15.19,--,40,60760,买盘
1035,13:41:51,15.19,--,7,10633,买盘
1036,13:41:42,15.19,0.01,19,28861,买盘
1037,13:41:39,15.18,--,1,1518,卖盘
1038,13:41:33,15.18,-0.01,12,18216,卖盘
1039,13:41:27,15.19,--,2,3038,买盘
1040,13:41:21,15.19,0.01,10,15190,买盘
1041,13:41:18,15.18,--,31,47058,卖盘
1042,13:41:12,15.18,-0.01,1,1518,卖盘
1043,13:41:06,15.19,--,5,7595,买盘
1044,13:41:00,15.19,0.01,12,18228,买盘
1045,13:40:51,15.18,--,16,24288,卖盘
1046,13:40:39,15.18,--,21,31878,卖盘
1047,13:40:33,15.18,-0.01,1,1518,卖盘
1048,13:40:30,15.19,--,9,13671,买盘
1049,13:40:18,15.19,0.01,53,80507,买盘
1050,13:40:00,15.18,--,14,21252,卖盘
1051,13:39:51,15.18,--,3,4554,卖盘
1052,13:39:42,15.18,-0.01,1,1518,卖盘
1053,13:39:33,15.19,--,4,6076,买盘
1054,13:39:30,15.19,--,40,60760,买盘
1055,13:39:27,15.19,--,3,4557,买盘
1056,13:39:18,15.19,--,16,24304,买盘
1057,13:39:15,15.19,--,30,45570,买盘
1058,13:39:09,15.19,--,298,453603,卖盘
1059,13:39:06,15.19,--,46,69874,卖盘
1060,13:39:00,15.19,--,5,7595,卖盘
1061,13:38:57,15.19,-0.02,8,12152,卖盘
1062,13:38:54,15.21,0.01,70,106470,买盘
1063,13:38:51,15.2,--,2,3040,买盘
1064,13:38:45,15.2,0.01,10,15200,买盘
1065,13:38:42,15.19,-0.01,51,77469,卖盘
1066,13:38:39,15.2,--,4,6536,卖盘
1067,13:38:36,15.2,--,101,153520,卖盘
1068,13:38:33,15.2,--,38,57760,卖盘
1069,13:38:27,15.2,-0.01,3,4560,卖盘
1070,13:38:24,15.21,0.01,22,33462,买盘
1071,13:38:15,15.2,--,7,11704,买盘
1072,13:38:12,15.2,--,5,7600,买盘
1073,13:38:09,15.2,-0.01,57,87096,卖盘
1074,13:38:06,15.21,--,120,182824,卖盘
1075,13:38:03,15.21,--,46,71319,卖盘
1076,13:38:00,15.21,--,177,270144,卖盘
1077,13:37:57,15.21,--,12,19271,卖盘
1078,13:37:54,15.21,0.01,105,161073,买盘
1079,13:37:51,15.2,--,110,168096,卖盘
1080,13:37:48,15.2,--,20,31296,卖盘
1081,13:37:45,15.2,--,8,12296,卖盘
1082,13:37:42,15.2,--,3,4560,卖盘
1083,13:37:39,15.2,--,53,80560,卖盘
1084,13:37:36,15.2,--,8,12403,买盘
1085,13:37:30,15.2,--,10,15200,买盘
1086,13:37:27,15.2,--,7,10640,买盘
1087,13:37:21,15.2,--,6,10624,卖盘
1088,13:37:15,15.2,--,7,10640,卖盘
1089,13:37:12,15.2,--,91,138335,买盘
1090,13:37:09,15.2,--,11,16720,买盘
1091,13:37:06,15.2,--,3,4560,买盘
1092,13:37:03,15.2,--,50,76000,买盘
1093,13:36:54,15.2,--,25,38000,买盘
1094,13:36:51,15.2,0.01,3,4560,买盘
1095,13:36:48,15.19,-0.01,22,33418,卖盘
1096,13:36:45,15.2,--,14,21280,买盘
1097,13:36:42,15.2,--,4,6080,买盘
1098,13:36:36,15.2,--,20,30400,买盘
1099,13:36:33,15.2,0.01,3,4560,买盘
1100,13:36:21,15.19,--,1,1519,卖盘
1101,13:36:18,15.19,-0.01,35,53165,卖盘
1102,13:36:15,15.2,--,26,39520,买盘
1103,13:36:12,15.2,0.01,4,6080,买盘
1104,13:36:09,15.19,-0.01,18,27342,卖盘
1105,13:36:06,15.2,--,5,7600,买盘
1106,13:36:00,15.2,--,197,299440,买盘
1107,13:35:54,15.2,--,391,594320,买盘
1108,13:35:45,15.2,--,4,6080,买盘
1109,13:35:42,15.2,0.01,21,31920,买盘
1110,13:35:27,15.19,0.01,24,37033,买盘
1111,13:35:24,15.18,-0.01,3,4554,卖盘
1112,13:35:21,15.19,--,7,10633,买盘
1113,13:35:15,15.19,--,20,30380,买盘
1114,13:35:06,15.19,--,21,31899,买盘
1115,13:35:03,15.19,0.01,290,440510,买盘
1116,13:35:00,15.18,--,3,4554,买盘
1117,13:34:57,15.18,--,1,1518,买盘
1118,13:34:54,15.18,--,7,10626,买盘
1119,13:34:51,15.18,--,105,159390,买盘
1120,13:34:45,15.18,0.01,4,6072,买盘
1121,13:34:27,15.17,--,11,16687,卖盘
1122,13:34:24,15.17,-0.01,5,7585,卖盘
1123,13:34:21,15.18,--,50,75900,买盘
1124,13:34:18,15.18,0.01,5,7590,买盘
1125,13:34:12,15.17,-0.01,30,45510,卖盘
1126,13:34:03,15.18,0.01,50,75900,买盘
1127,13:34:00,15.17,--,9,13653,卖盘
1128,13:33:57,15.17,-0.01,11,16687,卖盘
1129,13:33:54,15.18,0.01,11,16698,买盘
1130,13:33:51,15.17,--,5,7585,卖盘
1131,13:33:48,15.17,--,5,7585,卖盘
1132,13:33:45,15.17,--,1,1517,卖盘
1133,13:33:36,15.17,-0.01,15,23316,卖盘
1134,13:33:33,15.18,0.01,10,15180,买盘
1135,13:33:30,15.17,--,70,106190,卖盘
1136,13:33:21,15.17,-0.01,1,1517,卖盘
1137,13:33:15,15.18,0.01,5,7590,买盘
1138,13:33:12,15.17,-0.01,234,354978,卖盘
1139,13:33:09,15.18,0.01,3,4554,买盘
1140,13:33:06,15.17,--,1,1517,卖盘
1141,13:33:03,15.17,--,18,27306,卖盘
1142,13:32:57,15.17,--,3,4551,卖盘
1143,13:32:54,15.17,--,1,1517,卖盘
1144,13:32:51,15.17,-0.01,104,157768,卖盘
1145,13:32:42,15.18,--,8,12144,买盘
1146,13:32:27,15.18,--,2,3036,买盘
1147,13:32:15,15.18,--,3,4554,买盘
1148,13:32:09,15.18,--,3,4554,买盘
1149,13:32:00,15.18,--,1,1518,买盘
1150,13:31:48,15.18,0.02,12,18216,买盘
1151,13:31:45,15.16,-0.01,50,75800,卖盘
1152,13:31:42,15.17,-0.01,6,9102,中性盘
1153,13:31:33,15.18,--,6,9108,买盘
1154,13:31:27,15.18,0.02,2,3036,买盘
1155,13:31:18,15.16,-0.02,10,15160,卖盘
1156,13:31:12,15.18,0.01,24,36432,买盘
1157,13:31:09,15.17,--,5,7585,买盘
1158,13:31:03,15.17,-0.01,12,18204,卖盘
1159,13:31:00,15.18,--,6,9108,买盘
1160,13:30:54,15.18,--,3,4554,买盘
1161,13:30:39,15.18,0.01,30,45540,买盘
1162,13:30:36,15.17,0.01,9,13653,买盘
1163,13:30:12,15.16,0.01,5,7580,中性盘
1164,13:30:06,15.15,-0.03,105,159075,卖盘
1165,13:30:03,15.18,0.03,387,587466,买盘
1166,13:29:51,15.15,--,20,30300,卖盘
1167,13:29:48,15.15,-0.02,1,1515,卖盘
1168,13:29:45,15.17,0.01,5,7585,买盘
1169,13:29:36,15.16,-0.01,4,6064,卖盘
1170,13:29:24,15.17,0.01,11,16687,买盘
1171,13:29:21,15.16,--,1,1516,卖盘
1172,13:29:12,15.16,-0.01,5,7580,中性盘
1173,13:29:03,15.17,0.02,5,7585,买盘
1174,13:29:00,15.15,-0.01,30,45450,卖盘
1175,13:28:54,15.16,--,29,43964,买盘
1176,13:28:48,15.16,--,129,195564,买盘
1177,13:28:42,15.16,--,10,15160,买盘
1178,13:28:33,15.16,--,10,15160,买盘
1179,13:28:27,15.16,0.01,20,30320,买盘
1180,13:28:24,15.15,--,1,1515,买盘
1181,13:28:21,15.15,-0.01,1,1515,买盘
1182,13:28:18,15.16,0.01,20,30320,买盘
1183,13:28:09,15.15,0.01,50,75750,买盘
1184,13:28:06,15.14,--,252,381528,卖盘
1185,13:28:03,15.14,--,3,4542,卖盘
1186,13:28:00,15.14,-0.01,61,92354,卖盘
1187,13:27:54,15.15,0.01,20,30300,买盘
1188,13:27:48,15.14,-0.01,1,1514,卖盘
1189,13:27:45,15.15,--,11,16665,买盘
1190,13:27:42,15.15,--,6,9090,买盘
1191,13:27:39,15.15,--,5,7575,买盘
1192,13:27:24,15.15,0.01,50,75750,买盘
1193,13:27:21,15.14,--,41,62074,卖盘
1194,13:27:18,15.14,--,11,16654,卖盘
1195,13:27:15,15.14,--,5,7570,卖盘
1196,13:27:09,15.14,--,21,31794,卖盘
1197,13:27:03,15.14,--,1,1514,卖盘
1198,13:26:57,15.14,--,100,151400,卖盘
1199,13:26:51,15.14,--,222,336108,卖盘
1200,13:26:42,15.14,-0.01,5,7570,卖盘
1201,13:26:39,15.15,--,13,19695,买盘
1202,13:26:36,15.15,0.01,3,4545,买盘
1203,13:26:33,15.14,--,11,16654,卖盘
1204,13:26:30,15.14,-0.01,17,25738,卖盘
1205,13:26:21,15.15,--,106,160590,买盘
1206,13:26:18,15.15,-0.01,209,317877,卖盘
1207,13:26:06,15.16,0.01,21,31836,买盘
1208,13:25:57,15.15,--,10,15150,卖盘
1209,13:25:51,15.15,--,1,1515,卖盘
1210,13:25:48,15.15,0.01,141,213887,买盘
1211,13:25:45,15.14,-0.01,1,1514,卖盘
1212,13:25:42,15.15,0.01,20,30300,买盘
1213,13:25:36,15.14,-0.01,100,151400,卖盘
1214,13:25:21,15.15,--,433,657237,卖盘
1215,13:25:12,15.15,--,100,151500,卖盘
1216,13:24:54,15.15,--,25,37875,卖盘
1217,13:24:51,15.15,--,4,6060,卖盘
1218,13:24:36,15.15,-0.01,20,30300,卖盘
1219,13:24:33,15.16,--,2,3032,买盘
1220,13:24:30,15.16,--,20,30320,卖盘
1221,13:24:24,15.16,0.01,1,1516,中性盘
1222,13:24:12,15.15,-0.01,424,642360,卖盘
1223,13:24:03,15.16,-0.01,3,4548,卖盘
1224,13:24:00,15.17,0.01,2,3034,买盘
1225,13:23:51,15.16,--,1,1516,卖盘
1226,13:23:48,15.16,-0.01,10,15160,卖盘
1227,13:23:45,15.17,--,25,37925,买盘
1228,13:23:42,15.17,--,2,3034,买盘
1229,13:23:36,15.17,--,25,39290,卖盘
1230,13:23:30,15.17,--,1,1517,卖盘
1231,13:23:27,15.17,0.01,10,15170,卖盘
1232,13:23:18,15.16,0.01,113,171459,买盘
1233,13:23:15,15.15,-0.02,90,136350,卖盘
1234,13:23:12,15.17,--,30,45510,买盘
1235,13:23:09,15.17,--,20,30340,买盘
1236,13:23:03,15.17,0.01,13,19721,买盘
1237,13:23:00,15.16,-0.01,492,746478,卖盘
1238,13:22:57,15.17,--,6,9102,买盘
1239,13:22:51,15.17,--,5,7585,买盘
1240,13:22:42,15.17,--,3,4551,买盘
1241,13:22:39,15.17,-0.01,3,4551,卖盘
1242,13:22:36,15.18,0.01,9,13662,买盘
1243,13:22:30,15.17,-0.01,1,1517,卖盘
1244,13:22:24,15.18,0.01,5,7590,买盘
1245,13:22:21,15.17,-0.01,1,1517,卖盘
1246,13:22:15,15.18,0.01,1,1518,买盘
1247,13:22:12,15.17,-0.01,18,27306,卖盘
1248,13:22:09,15.18,0.01,1,1518,买盘
1249,13:22:03,15.17,--,1,1517,卖盘
1250,13:21:54,15.17,--,4,6068,卖盘
1251,13:21:51,15.17,--,1,1517,卖盘
1252,13:21:48,15.17,--,20,30340,卖盘
1253,13:21:39,15.17,--,66,100122,买盘
1254,13:21:36,15.17,--,2,3034,买盘
1255,13:21:33,15.17,--,7,10619,买盘
1256,13:21:30,15.17,--,13,19721,卖盘
1257,13:21:27,15.17,-0.01,29,43993,卖盘
1258,13:21:24,15.18,0.01,10,15180,买盘
1259,13:21:21,15.17,-0.01,8,12136,卖盘
1260,13:21:15,15.18,0.01,10,15180,买盘
1261,13:21:12,15.17,--,3,4551,卖盘
1262,13:21:03,15.17,--,1,1517,卖盘
1263,13:21:00,15.17,-0.01,10,15170,卖盘
1264,13:20:51,15.18,--,28,42504,买盘
1265,13:20:48,15.18,0.01,35,53130,买盘
1266,13:20:33,15.17,--,17,25789,卖盘
1267,13:20:30,15.17,--,22,33374,卖盘
1268,13:20:27,15.17,-0.01,6,9102,卖盘
1269,13:20:21,15.18,0.01,4,6072,买盘
1270,13:20:15,15.17,--,10,15170,卖盘
1271,13:20:03,15.17,--,77,116809,卖盘
1272,13:19:54,15.17,-0.01,1,1517,卖盘
1273,13:19:48,15.18,0.01,45,68310,买盘
1274,13:19:45,15.17,--,4,6068,卖盘
1275,13:19:27,15.17,--,7,10619,卖盘
1276,13:19:24,15.17,--,12,18204,卖盘
1277,13:19:21,15.17,--,20,30340,卖盘
1278,13:19:09,15.17,-0.01,40,60680,卖盘
1279,13:19:03,15.18,0.01,17,25806,买盘
1280,13:19:00,15.17,-0.01,36,54612,卖盘
1281,13:18:51,15.18,--,7,10626,买盘
1282,13:18:42,15.18,--,1,1518,买盘
1283,13:18:39,15.18,--,32,48576,买盘
1284,13:18:36,15.18,--,7,10626,买盘
1285,13:18:24,15.18,--,93,141174,卖盘
1286,13:18:12,15.18,--,1,1518,卖盘
1287,13:18:03,15.18,-0.01,50,75900,卖盘
1288,13:17:54,15.19,0.01,2,3038,买盘
1289,13:17:27,15.18,--,21,31878,卖盘
1290,13:17:21,15.18,-0.01,29,44022,卖盘
1291,13:17:12,15.19,0.01,5,7595,买盘
1292,13:17:03,15.18,--,24,36432,卖盘
1293,13:16:57,15.18,--,4,6072,卖盘
1294,13:16:54,15.18,--,12,18216,卖盘
1295,13:16:51,15.18,-0.01,3,4554,卖盘
1296,13:16:42,15.19,0.01,5,7595,买盘
1297,13:16:33,15.18,-0.01,15,22770,卖盘
1298,13:16:24,15.19,0.01,6,9114,买盘
1299,13:16:18,15.18,-0.01,600,910800,卖盘
1300,13:16:12,15.19,--,5,7595,买盘
1301,13:16:03,15.19,--,10,15190,买盘
1302,13:15:57,15.19,--,112,171069,卖盘
1303,13:15:54,15.19,-0.01,1,1519,卖盘
1304,13:15:33,15.2,0.01,5,7600,买盘
1305,13:15:21,15.19,--,19,28861,卖盘
1306,13:15:09,15.19,-0.01,2,3038,卖盘
1307,13:15:00,15.2,0.01,2,3040,买盘
1308,13:14:51,15.19,--,4,6076,卖盘
1309,13:14:39,15.19,-0.01,7,10633,卖盘
1310,13:14:36,15.2,--,1,1520,买盘
1311,13:14:33,15.2,--,10,15200,买盘
1312,13:14:30,15.2,--,10,15200,买盘
1313,13:14:21,15.2,--,8,12160,买盘
1314,13:14:06,15.2,--,47,72944,卖盘
1315,13:14:00,15.2,--,18,27360,卖盘
1316,13:13:57,15.2,--,35,53215,买盘
1317,13:13:54,15.2,0.01,10,15200,买盘
1318,13:13:42,15.19,-0.01,18,27342,卖盘
1319,13:13:36,15.2,--,193,293360,买盘
1320,13:13:21,15.2,--,20,30400,买盘
1321,13:13:18,15.2,0.01,5,7600,买盘
1322,13:13:09,15.19,--,90,136710,卖盘
1323,13:13:06,15.19,-0.01,3,4557,卖盘
1324,13:13:03,15.2,--,12,18240,买盘
1325,13:12:57,15.2,0.01,39,59280,买盘
1326,13:12:54,15.19,-0.01,1,1519,卖盘
1327,13:12:51,15.2,0.01,20,30400,买盘
1328,13:12:48,15.19,--,36,54684,卖盘
1329,13:12:45,15.19,--,26,39494,卖盘
1330,13:12:42,15.19,--,5,7595,卖盘
1331,13:12:39,15.19,-0.01,51,77651,卖盘
1332,13:12:33,15.2,0.01,2,3040,买盘
1333,13:12:30,15.19,-0.01,20,30380,卖盘
1334,13:12:27,15.2,--,10,15200,买盘
1335,13:12:18,15.2,0.01,4,6080,买盘
1336,13:11:57,15.19,--,10,15584,买盘
1337,13:11:54,15.19,--,3,4557,买盘
1338,13:11:45,15.19,--,14,21266,买盘
1339,13:11:42,15.19,--,15,22785,买盘
1340,13:11:39,15.19,-0.01,58,89226,卖盘
1341,13:11:30,15.2,0.01,10,15200,买盘
1342,13:11:21,15.19,--,1,1519,卖盘
1343,13:11:18,15.19,-0.01,4,6076,卖盘
1344,13:11:15,15.2,0.01,8,12160,买盘
1345,13:11:06,15.19,--,3,4557,卖盘
1346,13:10:57,15.19,-0.01,5,7595,卖盘
1347,13:10:42,15.2,0.01,10,15200,买盘
1348,13:10:33,15.19,--,34,51646,卖盘
1349,13:10:27,15.19,-0.01,5,7595,卖盘
1350,13:10:24,15.2,0.01,3,4560,买盘
1351,13:10:18,15.19,--,20,30380,卖盘
1352,13:10:00,15.19,--,5,7595,卖盘
1353,13:09:57,15.19,--,21,31899,卖盘
1354,13:09:51,15.19,-0.01,63,95697,卖盘
1355,13:09:48,15.2,0.01,5,7600,买盘
1356,13:09:45,15.19,--,1,1519,卖盘
1357,13:09:42,15.19,--,10,15190,卖盘
1358,13:09:39,15.19,--,1,1913,卖盘
1359,13:09:36,15.19,--,49,74431,卖盘
1360,13:09:33,15.19,--,28,42532,买盘
1361,13:09:18,15.19,--,44,66836,卖盘
1362,13:09:03,15.19,-0.01,3,4557,卖盘
1363,13:09:00,15.2,0.01,5,7600,买盘
1364,13:08:51,15.19,-0.01,4,6076,中性盘
1365,13:08:42,15.2,0.02,1,1520,买盘
1366,13:08:39,15.18,--,9,13662,卖盘
1367,13:08:33,15.18,--,17,25806,卖盘
1368,13:08:30,15.18,0.01,1,1518,买盘
1369,13:08:24,15.17,-0.01,1,1517,卖盘
1370,13:08:21,15.18,--,3,4554,买盘
1371,13:08:18,15.18,--,10,15180,买盘
1372,13:08:00,15.18,0.01,2,3036,买盘
1373,13:07:57,15.17,--,1,1517,卖盘
1374,13:07:36,15.17,--,3,4551,买盘
1375,13:07:30,15.17,--,10,15170,买盘
1376,13:07:21,15.17,--,35,53095,买盘
1377,13:07:18,15.17,--,1,1517,买盘
1378,13:07:12,15.17,--,1,1517,买盘
1379,13:07:09,15.17,--,4,6068,买盘
1380,13:07:03,15.17,--,1,1517,买盘
1381,13:06:57,15.17,--,5,7585,买盘
1382,13:06:51,15.17,0.01,3,4551,买盘
1383,13:06:39,15.16,-0.02,0,909,卖盘
1384,13:06:30,15.18,0.02,1,1518,买盘
1385,13:06:27,15.16,-0.01,22,33352,卖盘
1386,13:06:24,15.17,--,21,31857,卖盘
1387,13:06:15,15.17,0.01,55,83435,买盘
1388,13:06:12,15.16,--,103,156148,卖盘
1389,13:06:00,15.16,-0.01,1,1516,卖盘
1390,13:05:51,15.17,-0.01,16,24272,卖盘
1391,13:05:45,15.18,--,7,10626,买盘
1392,13:05:42,15.18,0.01,5,7590,买盘
1393,13:05:36,15.17,-0.01,150,227550,卖盘
1394,13:05:27,15.18,0.01,2,3036,买盘
1395,13:05:18,15.17,-0.01,21,31857,卖盘
1396,13:05:15,15.18,--,16,24288,买盘
1397,13:05:12,15.18,0.01,6,9108,买盘
1398,13:05:03,15.17,-0.01,20,30340,卖盘
1399,13:05:00,15.18,--,10,15180,买盘
1400,13:04:57,15.18,--,2,3036,买盘
1401,13:04:48,15.18,--,2,3036,买盘
1402,13:04:42,15.18,-0.01,155,235290,卖盘
1403,13:04:39,15.19,0.01,94,142786,买盘
1404,13:04:36,15.18,--,30,45540,卖盘
1405,13:04:33,15.18,--,1,1518,卖盘
1406,13:04:30,15.18,--,26,39468,卖盘
1407,13:04:18,15.18,-0.01,33,50094,卖盘
1408,13:04:06,15.19,0.01,45,68355,买盘
1409,13:04:00,15.18,-0.01,14,21252,卖盘
1410,13:03:48,15.19,--,31,47089,卖盘
1411,13:03:45,15.19,-0.01,17,25823,卖盘
1412,13:03:42,15.2,0.01,1,1520,买盘
1413,13:03:24,15.19,-0.01,24,36456,卖盘
1414,13:03:12,15.2,--,10,15200,买盘
1415,13:03:09,15.2,--,7,10640,买盘
1416,13:03:06,15.2,--,85,130309,卖盘
1417,13:03:03,15.2,-0.01,126,192675,卖盘
1418,13:03:00,15.21,--,5,7605,买盘
1419,13:02:54,15.21,--,4,6084,买盘
1420,13:02:51,15.21,0.01,10,15210,买盘
1421,13:02:45,15.2,-0.01,51,77520,卖盘
1422,13:02:36,15.21,--,16,24746,卖盘
1423,13:02:27,15.21,0.01,3,5673,买盘
1424,13:02:24,15.2,-0.01,5,7600,卖盘
1425,13:02:21,15.21,0.01,1,1521,买盘
1426,13:02:18,15.2,-0.01,1,1520,卖盘
1427,13:02:12,15.21,0.01,2,3042,买盘
1428,13:02:09,15.2,--,92,139840,卖盘
1429,13:02:06,15.2,--,281,427226,卖盘
1430,13:02:03,15.2,--,1,1520,卖盘
1431,13:02:00,15.2,-0.01,21,31920,卖盘
1432,13:01:57,15.21,--,26,39546,卖盘
1433,13:01:54,15.21,--,21,31941,卖盘
1434,13:01:51,15.21,-0.01,32,48672,卖盘
1435,13:01:48,15.22,0.01,1,1522,买盘
1436,13:01:42,15.21,0.01,37,56277,买盘
1437,13:01:36,15.2,-0.01,2,3040,卖盘
1438,13:01:30,15.21,0.01,10,15210,买盘
1439,13:01:27,15.2,--,50,76000,卖盘
1440,13:01:21,15.2,--,2,3040,卖盘
1441,13:01:15,15.2,--,21,31920,卖盘
1442,13:01:12,15.2,-0.01,66,100320,卖盘
1443,13:01:09,15.21,--,5,7605,买盘
1444,13:01:03,15.21,--,111,169545,卖盘
1445,13:01:00,15.21,--,76,116402,卖盘
1446,13:00:57,15.21,-0.01,42,63882,卖盘
1447,13:00:54,15.22,0.01,47,71534,买盘
1448,13:00:51,15.21,0.01,21,31941,卖盘
1449,13:00:48,15.2,--,21,31920,卖盘
1450,13:00:42,15.2,-0.01,61,93540,卖盘
1451,13:00:39,15.21,--,1,1521,买盘
1452,13:00:36,15.21,-0.01,5,7605,买盘
1453,13:00:15,15.22,0.01,73,111790,买盘
1454,13:00:12,15.21,--,60,91731,卖盘
1455,13:00:09,15.21,--,46,71045,卖盘
1456,13:00:06,15.21,--,229,348339,卖盘
1457,13:00:03,15.21,0.01,267,406882,买盘
1458,13:00:00,15.2,--,11,16917,卖盘
1459,11:30:00,15.2,-0.01,18,27618,卖盘
1460,11:29:48,15.21,0.01,14,21294,买盘
1461,11:29:42,15.2,-0.01,1,1520,卖盘
1462,11:29:27,15.21,0.01,5,7605,买盘
1463,11:29:21,15.2,--,1,1520,卖盘
1464,11:29:15,15.2,0.01,7,11552,买盘
1465,11:29:03,15.19,-0.01,51,78775,卖盘
1466,11:29:00,15.2,--,243,369876,卖盘
1467,11:28:39,15.2,--,366,557612,卖盘
1468,11:28:36,15.2,--,21,33364,卖盘
1469,11:28:30,15.2,--,10,15200,卖盘
1470,11:28:24,15.2,--,50,76000,买盘
1471,11:28:21,15.2,--,14,21280,买盘
1472,11:28:18,15.2,--,15,22800,买盘
1473,11:28:15,15.2,--,6,9120,买盘
1474,11:28:09,15.2,--,5,7600,买盘
1475,11:28:06,15.2,--,10,15200,买盘
1476,11:27:45,15.2,--,90,138244,卖盘
1477,11:27:42,15.2,--,50,76000,卖盘
1478,11:27:36,15.2,--,11,16796,买盘
1479,11:27:30,15.2,--,27,41860,卖盘
1480,11:27:27,15.2,--,5,8299,卖盘
1481,11:27:18,15.2,-0.01,14,21827,买盘
1482,11:27:15,15.21,--,5,7878,卖盘
1483,11:27:12,15.21,--,30,45858,卖盘
1484,11:27:09,15.21,-0.01,27,42222,卖盘
1485,11:27:06,15.22,0.02,372,566534,买盘
1486,11:27:03,15.2,--,37,57273,卖盘
1487,11:27:00,15.2,-0.01,10,16446,卖盘
1488,11:26:57,15.21,0.01,29,45067,买盘
1489,11:26:54,15.2,--,0,258,卖盘
1490,11:26:51,15.2,--,3,5137,卖盘
1491,11:26:45,15.2,--,10,15200,卖盘
1492,11:26:42,15.2,--,32,48640,买盘
1493,11:26:36,15.2,--,19,28880,买盘
1494,11:26:24,15.2,--,19,28880,买盘
1495,11:26:12,15.2,--,6,9120,买盘
1496,11:26:06,15.2,--,4,6080,买盘
1497,11:25:57,15.2,--,36,55829,卖盘
1498,11:25:54,15.2,--,56,85272,卖盘
1499,11:25:51,15.2,--,39,59842,卖盘
1500,11:25:42,15.2,--,42,63840,卖盘
1501,11:25:33,15.2,--,99,151696,买盘
1502,11:25:30,15.2,--,2,3040,买盘
1503,11:25:18,15.2,--,60,91200,买盘
1504,11:25:12,15.2,--,1,1520,买盘
1505,11:25:06,15.2,--,5,7600,买盘
1506,11:25:03,15.2,0.01,35,53200,买盘
1507,11:24:57,15.19,--,1,1519,卖盘
1508,11:24:51,15.19,-0.01,6,9114,卖盘
1509,11:24:42,15.2,--,26,39520,买盘
1510,11:24:36,15.2,--,10,15200,买盘
1511,11:24:33,15.2,--,120,182400,买盘
1512,11:24:09,15.2,--,1,1520,买盘
1513,11:24:06,15.2,--,4,6080,买盘
1514,11:24:00,15.2,--,15,22800,买盘
1515,11:23:54,15.2,0.01,91,138320,买盘
1516,11:23:48,15.19,--,1,1519,卖盘
1517,11:23:45,15.19,-0.01,1,1519,卖盘
1518,11:23:36,15.2,--,6,9120,买盘
1519,11:23:30,15.2,--,60,91200,买盘
1520,11:23:24,15.2,--,1,1520,买盘
1521,11:23:21,15.2,--,100,152000,买盘
1522,11:23:09,15.2,--,50,76000,买盘
1523,11:23:06,15.2,--,48,72960,买盘
1524,11:22:57,15.2,--,7,10640,买盘
1525,11:22:54,15.2,--,13,19760,买盘
1526,11:22:51,15.2,--,10,15200,买盘
1527,11:22:36,15.2,0.02,156,237120,买盘
1528,11:22:27,15.18,-0.02,15,22770,卖盘
1529,11:22:24,15.2,--,41,62320,买盘
1530,11:22:09,15.2,0.01,1,1520,买盘
1531,11:22:03,15.19,--,8,12152,买盘
1532,11:22:00,15.19,0.01,53,80507,买盘
1533,11:21:57,15.18,--,1,1518,卖盘
1534,11:21:45,15.18,-0.01,24,36432,卖盘
1535,11:21:36,15.19,--,5,7595,买盘
1536,11:21:30,15.19,--,1,1519,买盘
1537,11:21:27,15.19,--,14,21266,买盘
1538,11:21:21,15.19,--,1,1519,买盘
1539,11:21:09,15.19,--,2,3038,买盘
1540,11:21:06,15.19,0.01,4,6076,买盘
1541,11:20:54,15.18,--,5,7590,卖盘
1542,11:20:45,15.18,--,9,13662,买盘
1543,11:20:42,15.18,-0.01,41,62238,卖盘
1544,11:20:39,15.19,--,4,6076,卖盘
1545,11:20:36,15.19,0.01,20,30380,买盘
1546,11:20:33,15.18,-0.02,5,7590,卖盘
1547,11:20:21,15.2,--,40,60800,买盘
1548,11:20:18,15.2,0.02,21,31920,买盘
1549,11:20:15,15.18,-0.02,31,47058,卖盘
1550,11:20:09,15.2,--,21,31920,买盘
1551,11:20:06,15.2,--,4,6080,买盘
1552,11:20:03,15.2,--,84,127680,买盘
1553,11:20:00,15.2,--,42,63840,买盘
1554,11:19:57,15.2,0.02,21,31920,买盘
1555,11:19:51,15.18,-0.01,87,132066,卖盘
1556,11:19:45,15.19,--,2,3038,买盘
1557,11:19:36,15.19,0.01,9,13671,买盘
1558,11:19:24,15.18,-0.01,50,75900,卖盘
1559,11:19:21,15.19,0.01,10,15190,买盘
1560,11:19:09,15.18,-0.01,6,9108,卖盘
1561,11:19:06,15.19,0.01,21,31899,买盘
1562,11:19:03,15.18,--,1,1518,卖盘
1563,11:19:00,15.18,0.02,51,77418,买盘
1564,11:18:51,15.16,-0.02,8,12128,卖盘
1565,11:18:36,15.18,0.02,4,6072,买盘
1566,11:18:30,15.16,--,3,4548,卖盘
1567,11:18:21,15.16,--,5,7580,买盘
1568,11:18:09,15.16,--,3,4548,买盘
1569,11:18:06,15.16,--,34,51544,买盘
1570,11:18:03,15.16,-0.02,43,65188,卖盘
1571,11:18:00,15.18,0.02,9,13662,买盘
1572,11:17:45,15.16,-0.02,42,63672,卖盘
1573,11:17:36,15.18,0.02,5,7590,买盘
1574,11:17:33,15.16,--,7,10612,卖盘
1575,11:17:09,15.16,-0.02,11,16676,卖盘
1576,11:17:06,15.18,0.02,4,6072,买盘
1577,11:17:03,15.16,-0.02,3,4548,卖盘
1578,11:17:00,15.18,--,3,4554,买盘
1579,11:16:54,15.18,0.01,10,15180,买盘
1580,11:16:48,15.17,-0.01,10,15170,卖盘
1581,11:16:45,15.18,0.02,2,3036,买盘
1582,11:16:39,15.16,-0.01,5,7580,卖盘
1583,11:16:36,15.17,0.01,1,1517,买盘
1584,11:16:21,15.16,0.01,15,22740,买盘
1585,11:16:06,15.15,--,607,919877,买盘
1586,11:16:03,15.15,--,13,19695,买盘
1587,11:16:00,15.15,--,2,3030,买盘
1588,11:15:57,15.15,--,11,16665,买盘
1589,11:15:54,15.15,--,1,1515,买盘
1590,11:15:48,15.15,--,32,48480,买盘
1591,11:15:45,15.15,--,7,10605,买盘
1592,11:15:36,15.15,0.01,4,6060,买盘
1593,11:15:30,15.14,-0.01,11,16654,卖盘
1594,11:15:21,15.15,--,26,39390,买盘
1595,11:15:18,15.15,--,1,1515,买盘
1596,11:15:15,15.15,--,45,68175,买盘
1597,11:15:12,15.15,0.01,2,3030,买盘
1598,11:15:09,15.14,-0.01,37,56018,卖盘
1599,11:15:06,15.15,--,5,7575,买盘
1600,11:15:03,15.15,--,6,9090,买盘
1601,11:15:00,15.15,--,3,4545,买盘
1602,11:14:42,15.15,--,97,146955,买盘
1603,11:14:39,15.15,-0.01,127,193647,卖盘
1604,11:14:36,15.16,0.01,25,37900,中性盘
1605,11:14:24,15.15,-0.02,10,15150,卖盘
1606,11:14:21,15.17,-0.01,17,25789,卖盘
1607,11:14:15,15.18,--,1,1518,买盘
1608,11:14:09,15.18,--,15,22770,买盘
1609,11:14:06,15.18,--,4,6072,买盘
1610,11:13:57,15.18,0.01,21,31878,买盘
1611,11:13:45,15.17,0.02,2,3034,买盘
1612,11:13:42,15.15,-0.03,48,72720,卖盘
1613,11:13:36,15.18,0.03,4,6072,买盘
1614,11:13:27,15.15,--,50,75750,卖盘
1615,11:13:15,15.15,-0.01,17,26254,卖盘
1616,11:13:12,15.16,-0.01,1,1516,卖盘
1617,11:13:09,15.17,--,1,1517,卖盘
1618,11:13:06,15.17,-0.01,14,21238,中性盘
1619,11:12:54,15.18,0.01,53,80454,买盘
1620,11:12:48,15.17,--,2,3034,买盘
1621,11:12:36,15.17,0.02,4,6068,买盘
1622,11:12:30,15.15,--,1,1515,卖盘
1623,11:12:24,15.15,-0.01,10,15150,卖盘
1624,11:12:21,15.16,--,82,124312,卖盘
1625,11:12:18,15.16,0.01,34,52832,买盘
1626,11:12:12,15.15,-0.01,7,10605,卖盘
1627,11:12:06,15.16,0.01,4,6064,买盘
1628,11:12:03,15.15,--,3,4545,卖盘
1629,11:11:57,15.15,--,50,75750,卖盘
1630,11:11:54,15.15,-0.01,62,93930,卖盘
1631,11:11:48,15.16,0.01,2,3032,买盘
1632,11:11:45,15.15,--,1,1515,卖盘
1633,11:11:42,15.15,-0.01,2,3030,卖盘
1634,11:11:36,15.16,--,4,6064,买盘
1635,11:11:33,15.16,0.01,10,15160,买盘
1636,11:11:30,15.15,-0.01,5,7575,卖盘
1637,11:11:27,15.16,--,4,6064,买盘
1638,11:11:18,15.16,--,3,4548,买盘
1639,11:11:15,15.16,0.01,20,30320,买盘
1640,11:11:12,15.15,--,76,115140,卖盘
1641,11:11:09,15.15,-0.01,60,90900,卖盘
1642,11:11:06,15.16,--,10,15160,买盘
1643,11:11:00,15.16,--,8,12128,买盘
1644,11:10:54,15.16,0.01,7,10612,买盘
1645,11:10:51,15.15,-0.01,9,13635,卖盘
1646,11:10:48,15.16,0.01,39,59124,买盘
1647,11:10:45,15.15,-0.01,6,9090,卖盘
1648,11:10:39,15.16,--,2,3032,买盘
1649,11:10:36,15.16,--,4,6064,买盘
1650,11:10:27,15.16,--,12,18192,买盘
1651,11:10:24,15.16,--,5,7580,买盘
1652,11:10:12,15.16,-0.02,85,129693,卖盘
1653,11:10:06,15.18,--,4,6072,买盘
1654,11:10:00,15.18,0.02,12,18216,买盘
1655,11:09:57,15.16,--,1,1516,卖盘
1656,11:09:48,15.16,-0.02,21,31836,卖盘
1657,11:09:45,15.18,0.02,2,3036,买盘
1658,11:09:42,15.16,-0.01,3,4548,卖盘
1659,11:09:36,15.17,--,29,43993,买盘
1660,11:09:33,15.17,-0.02,31,47027,卖盘
1661,11:09:27,15.19,0.02,15,22785,买盘
1662,11:09:21,15.17,-0.01,21,31857,卖盘
1663,11:09:15,15.18,--,6,10018,卖盘
1664,11:09:12,15.18,--,1,1518,卖盘
1665,11:09:06,15.18,--,16,24288,卖盘
1666,11:09:03,15.18,--,0,607,卖盘
1667,11:08:57,15.18,-0.01,2,3036,卖盘
1668,11:08:45,15.19,--,11,16709,买盘
1669,11:08:36,15.19,--,4,6076,买盘
1670,11:08:12,15.19,--,3,4557,卖盘
1671,11:08:09,15.19,--,10,15190,卖盘
1672,11:08:03,15.19,0.03,40,60760,买盘
1673,11:08:00,15.16,-0.03,21,31836,卖盘
1674,11:07:57,15.19,0.02,2,3038,卖盘
1675,11:07:54,15.17,--,21,31857,卖盘
1676,11:07:51,15.17,-0.02,21,31857,卖盘
1677,11:07:48,15.19,0.02,23,34937,买盘
1678,11:07:45,15.17,-0.02,21,31857,卖盘
1679,11:07:42,15.19,--,2,3038,买盘
1680,11:07:39,15.19,--,5,7595,买盘
1681,11:07:36,15.19,0.03,4,6076,买盘
1682,11:07:27,15.16,-0.02,300,454800,卖盘
1683,11:07:24,15.18,0.02,459,697445,买盘
1684,11:07:15,15.16,-0.01,18,27288,卖盘
1685,11:07:12,15.17,--,23,34891,买盘
1686,11:07:09,15.17,--,16,24272,买盘
1687,11:07:06,15.17,0.01,5,7585,买盘
1688,11:07:03,15.16,-0.01,1,1516,卖盘
1689,11:06:57,15.17,0.01,10,15170,买盘
1690,11:06:51,15.16,-0.01,4,6064,卖盘
1691,11:06:42,15.17,--,2,3034,买盘
1692,11:06:39,15.17,--,4,6068,买盘
1693,11:06:36,15.17,--,5,7585,买盘
1694,11:06:24,15.17,0.01,21,31857,买盘
1695,11:06:18,15.16,-0.01,12,18192,卖盘
1696,11:06:06,15.17,0.01,4,6068,买盘
1697,11:06:03,15.16,-0.01,1,1516,卖盘
1698,11:06:00,15.17,--,2,3034,买盘
1699,11:05:45,15.17,--,3,4551,买盘
1700,11:05:42,15.17,--,2,3034,买盘
1701,11:05:39,15.17,-0.01,58,88319,卖盘
1702,11:05:36,15.18,0.01,4,6072,买盘
1703,11:05:21,15.17,--,5,7585,卖盘
1704,11:05:18,15.17,--,21,31857,卖盘
1705,11:05:15,15.17,-0.01,1,1517,卖盘
1706,11:05:09,15.18,--,2,3036,买盘
1707,11:05:06,15.18,--,6,9108,买盘
1708,11:05:03,15.18,--,25,37950,买盘
1709,11:05:00,15.18,--,6,9108,买盘
1710,11:04:54,15.18,0.01,11,16698,买盘
1711,11:04:51,15.17,--,1,1517,卖盘
1712,11:04:48,15.17,-0.01,0,1183,卖盘
1713,11:04:45,15.18,0.01,2,3036,买盘
1714,11:04:36,15.17,--,11,16687,卖盘
1715,11:04:30,15.17,-0.01,6,9102,卖盘
1716,11:04:27,15.18,0.01,100,151800,买盘
1717,11:04:21,15.17,--,42,63714,卖盘
1718,11:04:15,15.17,-0.01,46,69782,卖盘
1719,11:04:12,15.18,--,24,36432,买盘
1720,11:04:06,15.18,0.01,4,6072,买盘
1721,11:04:03,15.17,--,1,1517,卖盘
1722,11:03:51,15.17,-0.01,21,31857,卖盘
1723,11:03:48,15.18,--,69,104742,买盘
1724,11:03:45,15.18,0.01,2,3036,买盘
1725,11:03:39,15.17,-0.01,21,31857,卖盘
1726,11:03:36,15.18,0.01,4,6072,买盘
1727,11:03:33,15.17,0.01,10,15170,中性盘
1728,11:03:30,15.16,-0.01,21,31836,卖盘
1729,11:03:27,15.17,--,16,24272,卖盘
1730,11:03:24,15.17,--,1,1517,卖盘
1731,11:03:15,15.17,--,1,1517,卖盘
1732,11:03:12,15.17,-0.01,21,31857,卖盘
1733,11:03:06,15.18,0.01,4,6072,买盘
1734,11:03:03,15.17,--,5,7585,买盘
1735,11:03:00,15.17,--,10,15170,卖盘
1736,11:02:54,15.17,-0.01,1,1517,卖盘
1737,11:02:42,15.18,0.01,2,3036,买盘
1738,11:02:39,15.17,--,5,7585,卖盘
1739,11:02:36,15.17,0.01,4,6068,买盘
1740,11:02:27,15.16,-0.01,5,7580,卖盘
1741,11:02:21,15.17,--,73,110741,买盘
1742,11:02:12,15.17,--,1,1517,买盘
1743,11:02:06,15.17,--,7,10619,买盘
1744,11:01:57,15.17,-0.01,3,4551,中性盘
1745,11:01:42,15.18,0.02,1,1518,买盘
1746,11:01:39,15.16,-0.01,28,42448,卖盘
1747,11:01:33,15.17,--,3,4551,买盘
1748,11:01:21,15.17,-0.01,3,4551,买盘
1749,11:01:18,15.18,--,64,97152,买盘
1750,11:01:15,15.18,--,42,63756,买盘
1751,11:01:12,15.18,--,84,127512,买盘
1752,11:01:09,15.18,0.01,63,95634,买盘
1753,11:01:06,15.17,0.01,50,75850,买盘
1754,11:00:57,15.16,-0.01,30,45480,卖盘
1755,11:00:54,15.17,0.01,10,15170,买盘
1756,11:00:48,15.16,-0.01,68,103088,卖盘
1757,11:00:45,15.17,--,5,7585,买盘
1758,11:00:42,15.17,--,14,21238,买盘
1759,11:00:39,15.17,--,3,4551,买盘
1760,11:00:36,15.17,--,5,7585,买盘
1761,11:00:27,15.17,0.01,2,3034,买盘
1762,11:00:21,15.16,-0.01,21,31836,卖盘
1763,11:00:18,15.17,--,13,19721,卖盘
1764,11:00:12,15.17,-0.01,1,1517,卖盘
1765,11:00:06,15.18,0.01,5,7590,买盘
1766,11:00:03,15.17,--,1,1517,卖盘
1767,11:00:00,15.17,--,5,7585,卖盘
1768,10:59:57,15.17,--,1,1517,卖盘
1769,10:59:54,15.17,0.01,1,1517,买盘
1770,10:59:51,15.16,-0.02,42,63672,卖盘
1771,10:59:42,15.18,0.02,2,3036,买盘
1772,10:59:39,15.16,-0.01,50,75800,卖盘
1773,10:59:36,15.17,--,9,15154,卖盘
1774,10:59:30,15.17,-0.01,19,28823,卖盘
1775,10:59:27,15.18,0.01,1,1518,买盘
1776,10:59:18,15.17,-0.01,1,1517,卖盘
1777,10:59:09,15.18,--,1,1518,买盘
1778,10:59:06,15.18,0.01,4,6072,买盘
1779,10:59:03,15.17,-0.01,1,1517,卖盘
1780,10:59:00,15.18,--,13,19734,买盘
1781,10:58:45,15.18,0.01,2,3036,买盘
1782,10:58:42,15.17,-0.01,1,1517,卖盘
1783,10:58:39,15.18,0.01,4,6072,买盘
1784,10:58:36,15.17,--,211,320087,卖盘
1785,10:58:27,15.17,-0.01,2,3034,卖盘
1786,10:58:21,15.18,0.01,100,151800,买盘
1787,10:58:15,15.17,-0.01,4,6068,卖盘
1788,10:58:06,15.18,0.01,19,28842,买盘
1789,10:58:00,15.17,-0.01,5,7585,卖盘
1790,10:57:54,15.18,--,7,10626,买盘
1791,10:57:45,15.18,--,12,18216,买盘
1792,10:57:39,15.18,0.01,7,10626,买盘
1793,10:57:36,15.17,--,14,21238,卖盘
1794,10:57:18,15.17,-0.01,1,1517,卖盘
1795,10:57:12,15.18,0.01,10,15180,买盘
1796,10:57:09,15.17,-0.01,1,1517,卖盘
1797,10:57:06,15.18,0.01,6,9108,买盘
1798,10:57:03,15.17,-0.01,1,1517,卖盘
1799,10:57:00,15.18,--,35,53130,买盘
1800,10:56:54,15.18,--,1,1518,买盘
1801,10:56:51,15.18,0.01,2,3036,买盘
1802,10:56:48,15.17,-0.01,1,1517,卖盘
1803,10:56:45,15.18,--,94,142692,买盘
1804,10:56:39,15.18,--,2,3036,买盘
1805,10:56:36,15.18,--,5,7590,买盘
1806,10:56:33,15.18,--,10,15180,买盘
1807,10:56:27,15.18,-0.01,531,806058,卖盘
1808,10:56:21,15.19,-0.01,14,21266,卖盘
1809,10:56:18,15.2,--,10,15200,买盘
1810,10:56:15,15.2,--,7,10640,买盘
1811,10:56:06,15.2,--,6,9120,买盘
1812,10:56:00,15.2,--,5,7600,买盘
1813,10:55:54,15.2,--,5,7600,买盘
1814,10:55:51,15.2,0.02,53,80560,买盘
1815,10:55:45,15.18,-0.01,42,63756,卖盘
1816,10:55:42,15.19,-0.01,144,218736,卖盘
1817,10:55:39,15.2,--,4,6080,买盘
1818,10:55:36,15.2,0.01,47,71440,买盘
1819,10:55:30,15.19,-0.01,21,31899,卖盘
1820,10:55:27,15.2,--,73,110960,买盘
1821,10:55:24,15.2,--,43,65360,买盘
1822,10:55:21,15.2,--,14,21584,卖盘
1823,10:55:18,15.2,--,0,1216,买盘
1824,10:55:15,15.2,--,34,51680,买盘
1825,10:55:12,15.2,--,15,22800,买盘
1826,10:55:09,15.2,--,15,22800,买盘
1827,10:55:06,15.2,0.01,14,21280,买盘
1828,10:55:00,15.19,--,117,177723,卖盘
1829,10:54:57,15.19,-0.01,21,31899,卖盘
1830,10:54:54,15.2,--,20,30400,买盘
1831,10:54:51,15.2,--,20,30400,买盘
1832,10:54:48,15.2,--,2,3040,买盘
1833,10:54:45,15.2,--,15,22800,买盘
1834,10:54:36,15.2,--,12,18240,买盘
1835,10:54:33,15.2,--,41,62456,卖盘
1836,10:54:30,15.2,--,33,50160,卖盘
1837,10:54:27,15.2,--,1,1520,卖盘
1838,10:54:24,15.2,0.01,24,37863,买盘
1839,10:54:21,15.19,-0.01,21,31899,卖盘
1840,10:54:15,15.2,0.01,18,27360,买盘
1841,10:54:12,15.19,-0.01,12,18228,卖盘
1842,10:54:09,15.2,--,6,9120,买盘
1843,10:54:06,15.2,--,11,16720,买盘
1844,10:53:57,15.2,--,7,10640,买盘
1845,10:53:54,15.2,--,89,135280,买盘
1846,10:53:51,15.2,--,4,6080,买盘
1847,10:53:45,15.2,--,5,7600,买盘
1848,10:53:42,15.2,--,12,18240,买盘
1849,10:53:39,15.2,-0.01,80,121828,卖盘
1850,10:53:36,15.21,0.01,36,54756,买盘
1851,10:53:33,15.2,--,1,1520,卖盘
1852,10:53:27,15.2,--,23,34960,买盘
1853,10:53:24,15.2,0.01,15,22800,买盘
1854,10:53:21,15.19,-0.01,34,51646,卖盘
1855,10:53:15,15.2,--,23,34960,买盘
1856,10:53:06,15.2,--,4,6080,买盘
1857,10:53:03,15.2,--,6,9120,买盘
1858,10:52:57,15.2,--,22,33440,买盘
1859,10:52:54,15.2,--,1,1520,买盘
1860,10:52:48,15.2,0.01,2,3040,买盘
1861,10:52:45,15.19,-0.01,71,108821,卖盘
1862,10:52:36,15.2,--,14,21280,买盘
1863,10:52:33,15.2,0.01,10,15200,买盘
1864,10:52:30,15.19,--,29,44051,卖盘
1865,10:52:27,15.19,-0.01,2,3038,卖盘
1866,10:52:24,15.2,--,1,1520,买盘
1867,10:52:21,15.2,--,1,1520,买盘
1868,10:52:18,15.2,--,35,53200,买盘
1869,10:52:15,15.2,--,28,42560,买盘
1870,10:52:12,15.2,--,22,33440,买盘
1871,10:52:09,15.2,--,1,1520,买盘
1872,10:52:06,15.2,--,39,59280,买盘
1873,10:52:03,15.2,--,10,15200,买盘
1874,10:51:57,15.2,--,46,69920,买盘
1875,10:51:54,15.2,-0.01,94,144004,卖盘
1876,10:51:51,15.21,0.01,21,31941,买盘
1877,10:51:48,15.2,--,11,16720,卖盘
1878,10:51:45,15.2,-0.01,1,1520,卖盘
1879,10:51:42,15.21,--,77,117117,买盘
1880,10:51:39,15.21,0.01,47,71487,买盘
1881,10:51:36,15.2,-0.01,278,422757,卖盘
1882,10:51:33,15.21,--,47,71487,买盘
1883,10:51:30,15.21,0.01,26,39546,买盘
1884,10:51:27,15.2,0.01,123,187157,买盘
1885,10:51:24,15.19,-0.01,4,6076,卖盘
1886,10:51:09,15.2,--,124,188480,买盘
1887,10:51:06,15.2,--,4,6080,买盘
1888,10:51:00,15.2,--,60,91200,买盘
1889,10:50:51,15.2,--,56,85697,卖盘
1890,10:50:48,15.2,--,111,170148,卖盘
1891,10:50:39,15.2,--,19,28880,卖盘
1892,10:50:36,15.2,--,1,1520,卖盘
1893,10:50:33,15.2,--,41,63353,买盘
1894,10:50:06,15.2,0.01,5,7600,买盘
1895,10:49:57,15.19,--,54,82026,卖盘
1896,10:49:54,15.19,-0.01,21,31899,卖盘
1897,10:49:48,15.2,--,2,3040,买盘
1898,10:49:45,15.2,--,2,3040,买盘
1899,10:49:42,15.2,--,25,38000,买盘
1900,10:49:36,15.2,--,6,9120,买盘
1901,10:49:33,15.2,--,1,1520,买盘
1902,10:49:30,15.2,0.01,3,4560,买盘
1903,10:49:27,15.19,--,1,1519,卖盘
1904,10:49:24,15.19,--,1,1519,卖盘
1905,10:49:21,15.19,--,62,94178,卖盘
1906,10:49:15,15.19,--,1,1519,卖盘
1907,10:49:09,15.19,-0.01,14,21266,卖盘
1908,10:49:06,15.2,--,4,6080,买盘
1909,10:49:03,15.2,0.01,1,1520,买盘
1910,10:49:00,15.19,-0.01,16,24304,卖盘
1911,10:48:54,15.2,--,5,7600,买盘
1912,10:48:51,15.2,--,2,3040,买盘
1913,10:48:48,15.2,--,4,7554,卖盘
1914,10:48:45,15.2,-0.01,4,6125,卖盘
1915,10:48:36,15.21,--,43,65403,买盘
1916,10:48:33,15.21,0.01,100,152100,买盘
1917,10:48:18,15.2,--,6,9120,买盘
1918,10:48:06,15.2,--,5,7600,买盘
1919,10:48:03,15.2,--,3,4560,买盘
1920,10:48:00,15.2,0.01,23,34960,买盘
1921,10:47:57,15.19,-0.01,52,79899,卖盘
1922,10:47:45,15.2,--,1,2128,买盘
1923,10:47:42,15.2,--,7,10640,买盘
1924,10:47:39,15.2,-0.01,2,3952,卖盘
1925,10:47:36,15.21,--,4,6084,买盘
1926,10:47:33,15.21,0.01,42,63882,买盘
1927,10:47:24,15.2,--,142,216144,卖盘
1928,10:47:21,15.2,--,168,256272,卖盘
1929,10:47:09,15.2,-0.01,5,7615,卖盘
1930,10:47:06,15.21,0.01,4,6084,买盘
1931,10:47:03,15.2,--,3,4560,卖盘
1932,10:47:00,15.2,--,20,30400,卖盘
1933,10:46:57,15.2,--,2,3040,卖盘
1934,10:46:51,15.2,--,5,7600,卖盘
1935,10:46:48,15.2,--,50,76000,卖盘
1936,10:46:45,15.2,--,3,4560,卖盘
1937,10:46:42,15.2,--,304,463296,卖盘
1938,10:46:39,15.2,--,158,240160,卖盘
1939,10:46:33,15.2,0.01,243,370560,买盘
1940,10:46:30,15.19,-0.01,1,1519,卖盘
1941,10:46:27,15.2,--,2,3040,买盘
1942,10:46:18,15.2,--,6,9120,买盘
1943,10:46:12,15.2,--,158,241330,卖盘
1944,10:46:09,15.2,--,26,40219,卖盘
1945,10:46:03,15.2,--,1,1520,卖盘
1946,10:46:00,15.2,--,18,28530,买盘
1947,10:45:51,15.2,0.01,4,6080,买盘
1948,10:45:42,15.19,-0.01,4,6076,卖盘
1949,10:45:39,15.2,--,2,3040,买盘
1950,10:45:36,15.2,--,4,6080,买盘
1951,10:45:33,15.2,0.01,3,4560,买盘
1952,10:45:30,15.19,--,16,24304,卖盘
1953,10:45:24,15.19,-0.01,103,156457,卖盘
1954,10:45:21,15.2,0.01,10,15200,买盘
1955,10:45:09,15.19,-0.01,10,15190,卖盘
1956,10:45:06,15.2,0.01,60,91200,买盘
1957,10:45:03,15.19,-0.01,40,60760,卖盘
1958,10:44:57,15.2,--,6,9120,买盘
1959,10:44:54,15.2,--,2,3040,买盘
1960,10:44:51,15.2,--,33,50160,买盘
1961,10:44:42,15.2,--,1,1520,买盘
1962,10:44:39,15.2,--,10,16507,卖盘
1963,10:44:36,15.2,-0.01,11,16932,中性盘
1964,10:44:33,15.21,0.01,70,107625,买盘
1965,10:44:30,15.2,0.01,15,23833,中性盘
1966,10:44:24,15.19,-0.01,24,36456,卖盘
1967,10:44:21,15.2,--,15,23879,买盘
1968,10:44:18,15.2,--,1,1520,买盘
1969,10:44:12,15.2,0.01,3,4560,买盘
1970,10:44:09,15.19,-0.01,30,45570,卖盘
1971,10:44:06,15.2,--,10,15200,买盘
1972,10:44:03,15.2,--,2,3040,买盘
1973,10:44:00,15.2,--,10,15200,买盘
1974,10:43:51,15.2,--,3,4560,买盘
1975,10:43:48,15.2,--,10,15200,买盘
1976,10:43:42,15.2,--,1,2994,卖盘
1977,10:43:39,15.2,--,15,24107,卖盘
1978,10:43:36,15.2,--,6,9682,卖盘
1979,10:43:30,15.2,0.01,69,106096,买盘
1980,10:43:27,15.19,-0.01,1,1519,卖盘
1981,10:43:21,15.2,0.01,5,7600,买盘
1982,10:43:18,15.19,--,40,60760,卖盘
1983,10:43:12,15.19,-0.01,17,25823,卖盘
1984,10:43:09,15.2,--,31,47120,买盘
1985,10:43:06,15.2,--,5,7600,买盘
1986,10:43:03,15.2,0.01,5,7600,买盘
1987,10:42:57,15.19,--,81,123039,卖盘
1988,10:42:48,15.19,--,10,15190,卖盘
1989,10:42:42,15.19,--,15,24091,买盘
1990,10:42:39,15.19,--,1,1519,买盘
1991,10:42:36,15.19,--,9,13671,买盘
1992,10:42:33,15.19,--,2,3038,买盘
1993,10:42:24,15.19,--,30,45570,买盘
1994,10:42:15,15.19,-0.01,81,123251,卖盘
1995,10:42:12,15.2,--,23,34960,买盘
1996,10:42:06,15.2,--,15,22800,买盘
1997,10:42:03,15.2,0.01,10,15200,买盘
1998,10:41:57,15.19,-0.01,3,4557,卖盘
1999,10:41:54,15.2,--,1,1520,买盘
2000,10:41:45,15.2,--,5,7600,买盘
2001,10:41:36,15.2,--,4,6080,买盘
2002,10:41:33,15.2,0.01,1,1520,买盘
2003,10:41:27,15.19,-0.01,23,34937,卖盘
2004,10:41:21,15.2,0.01,42,63840,买盘
2005,10:41:18,15.19,0.01,2,4344,买盘
2006,10:41:15,15.18,-0.01,21,31878,卖盘
2007,10:41:09,15.19,--,10,15190,买盘
2008,10:41:06,15.19,--,4,6076,买盘
2009,10:41:03,15.19,-0.01,120,182280,卖盘
2010,10:40:57,15.2,--,41,62320,卖盘
2011,10:40:54,15.2,--,40,60800,买盘
2012,10:40:51,15.2,--,43,65360,买盘
2013,10:40:48,15.2,--,7,10640,买盘
2014,10:40:45,15.2,--,6,9120,买盘
2015,10:40:36,15.2,--,10,15200,买盘
2016,10:40:33,15.2,--,12,18240,买盘
2017,10:40:24,15.2,--,50,76000,买盘
2018,10:40:21,15.2,--,23,34960,买盘
2019,10:40:18,15.2,--,20,30400,买盘
2020,10:40:15,15.2,--,78,119988,卖盘
2021,10:40:12,15.2,--,34,51771,卖盘
2022,10:40:09,15.2,-0.01,21,31920,卖盘
2023,10:40:06,15.21,--,19,28899,买盘
2024,10:40:03,15.21,--,22,33462,买盘
2025,10:40:00,15.21,-0.01,43,65403,买盘
2026,10:39:57,15.22,0.01,100,152200,买盘
2027,10:39:54,15.21,--,10,15210,买盘
2028,10:39:48,15.21,--,56,85176,买盘
2029,10:39:45,15.21,--,195,296595,买盘
2030,10:39:42,15.21,--,2,3042,买盘
2031,10:39:39,15.21,--,37,56277,买盘
2032,10:39:36,15.21,--,4,6084,买盘
2033,10:39:33,15.21,0.01,200,304200,买盘
2034,10:39:30,15.2,--,43,65360,卖盘
2035,10:39:27,15.2,-0.01,25,38000,卖盘
2036,10:39:24,15.21,0.01,83,126243,买盘
2037,10:39:21,15.2,-0.01,29,44080,卖盘
2038,10:39:15,15.21,--,58,88218,买盘
2039,10:39:12,15.21,0.01,281,427507,买盘
2040,10:39:09,15.2,--,211,321449,卖盘
2041,10:39:06,15.2,--,121,184056,卖盘
2042,10:39:03,15.2,--,3,4560,卖盘
2043,10:38:57,15.2,--,311,473069,买盘
2044,10:38:54,15.2,--,5,7600,买盘
2045,10:38:51,15.2,--,14,21280,买盘
2046,10:38:48,15.2,--,75,114000,买盘
2047,10:38:45,15.2,0.01,53,80560,买盘
2048,10:38:42,15.19,-0.01,11,16709,卖盘
2049,10:38:39,15.2,--,2,3040,买盘
2050,10:38:36,15.2,--,5,7600,买盘
2051,10:38:33,15.2,--,5,7600,买盘
2052,10:38:30,15.2,0.01,24,36480,买盘
2053,10:38:27,15.19,--,16,24304,买盘
2054,10:38:24,15.19,-0.01,6,9114,卖盘
2055,10:38:21,15.2,--,48,72960,买盘
2056,10:38:18,15.2,--,16,24320,买盘
2057,10:38:12,15.2,--,4,6080,买盘
2058,10:38:09,15.2,--,23,34960,买盘
2059,10:38:06,15.2,--,25,38000,买盘
2060,10:38:03,15.2,0.02,48,72960,买盘
2061,10:37:57,15.18,-0.02,21,31878,卖盘
2062,10:37:54,15.2,--,26,39520,买盘
2063,10:37:51,15.2,0.02,84,127680,买盘
2064,10:37:48,15.18,--,82,124476,买盘
2065,10:37:45,15.18,--,35,53130,买盘
2066,10:37:36,15.18,--,54,81972,买盘
2067,10:37:33,15.18,--,12,18216,买盘
2068,10:37:30,15.18,--,24,36432,买盘
2069,10:37:27,15.18,--,25,37950,买盘
2070,10:37:24,15.18,--,35,53130,买盘
2071,10:37:21,15.18,--,50,75900,买盘
2072,10:37:18,15.18,--,233,353694,买盘
2073,10:37:15,15.18,--,7,10626,买盘
2074,10:37:09,15.18,--,5,7590,买盘
2075,10:37:06,15.18,--,4,6072,买盘
2076,10:37:03,15.18,--,11,16698,买盘
2077,10:37:00,15.18,--,10,15180,买盘
2078,10:36:51,15.18,-0.01,357,541926,卖盘
2079,10:36:45,15.19,--,8,12152,买盘
2080,10:36:42,15.19,--,22,33418,买盘
2081,10:36:39,15.19,--,100,151900,买盘
2082,10:36:36,15.19,--,4,6076,买盘
2083,10:36:33,15.19,0.01,36,54684,买盘
2084,10:36:30,15.18,--,4,6072,卖盘
2085,10:36:27,15.18,--,140,212520,卖盘
2086,10:36:24,15.18,-0.01,1,1518,卖盘
2087,10:36:21,15.19,--,11,16709,买盘
2088,10:36:18,15.19,--,4,6076,买盘
2089,10:36:15,15.19,--,13,19747,买盘
2090,10:36:12,15.19,0.01,22,33418,买盘
2091,10:36:09,15.18,-0.01,25,37950,卖盘
2092,10:36:06,15.19,--,7,10633,买盘
2093,10:36:00,15.19,--,47,71393,买盘
2094,10:35:57,15.19,--,26,39494,买盘
2095,10:35:51,15.19,--,49,74431,买盘
2096,10:35:48,15.19,-0.01,178,270382,卖盘
2097,10:35:42,15.2,0.01,10,15200,买盘
2098,10:35:39,15.19,-0.01,25,37975,卖盘
2099,10:35:36,15.2,--,5,7600,买盘
2100,10:35:33,15.2,--,11,16735,卖盘
2101,10:35:30,15.2,--,1,1520,卖盘
2102,10:35:27,15.2,--,10,15200,卖盘
2103,10:35:24,15.2,--,45,69904,买盘
2104,10:35:21,15.2,0.01,3,4560,买盘
2105,10:35:15,15.19,-0.01,5,7595,卖盘
2106,10:35:09,15.2,--,5,7600,买盘
2107,10:35:06,15.2,--,28,42560,买盘
2108,10:35:03,15.2,--,42,63840,买盘
2109,10:35:00,15.2,0.01,221,335920,中性盘
2110,10:34:48,15.19,-0.02,33,50127,卖盘
2111,10:34:45,15.21,--,23,34983,买盘
2112,10:34:39,15.21,--,21,31941,买盘
2113,10:34:36,15.21,0.02,4,6084,买盘
2114,10:34:33,15.19,-0.02,229,347851,卖盘
2115,10:34:21,15.21,0.01,6,9126,买盘
2116,10:34:18,15.2,--,10,15200,卖盘
2117,10:34:15,15.2,--,10,15200,卖盘
2118,10:34:12,15.2,--,13,19760,卖盘
2119,10:34:09,15.2,0.01,80,121600,买盘
2120,10:34:06,15.19,-0.01,29,44051,卖盘
2121,10:34:00,15.2,--,10,15200,买盘
2122,10:33:57,15.2,0.01,33,50160,买盘
2123,10:33:54,15.19,-0.01,22,33418,卖盘
2124,10:33:45,15.2,--,21,31920,买盘
2125,10:33:42,15.2,0.01,5,7600,买盘
2126,10:33:39,15.19,-0.01,20,30380,卖盘
2127,10:33:36,15.2,--,5,7600,买盘
2128,10:33:33,15.2,0.01,2,3040,买盘
2129,10:33:30,15.19,--,9,13671,卖盘
2130,10:33:21,15.19,--,10,15190,卖盘
2131,10:33:18,15.19,--,23,34937,卖盘
2132,10:33:15,15.19,0.02,83,126077,买盘
2133,10:33:12,15.17,--,5,7585,卖盘
2134,10:33:09,15.17,-0.01,13,19721,卖盘
2135,10:33:06,15.18,--,4,6072,买盘
2136,10:33:03,15.18,0.01,3,4554,买盘
2137,10:32:51,15.17,-0.01,4,6068,卖盘
2138,10:32:45,15.18,--,22,33396,买盘
2139,10:32:42,15.18,--,10,15180,买盘
2140,10:32:36,15.18,--,29,44022,买盘
2141,10:32:33,15.18,--,2,3036,买盘
2142,10:32:27,15.18,--,10,15180,买盘
2143,10:32:24,15.18,--,2,3036,买盘
2144,10:32:21,15.18,0.01,11,16698,买盘
2145,10:32:18,15.17,--,1,1517,卖盘
2146,10:32:12,15.17,-0.01,36,54612,卖盘
2147,10:32:06,15.18,--,4,6072,买盘
2148,10:31:51,15.18,0.01,25,37950,买盘
2149,10:31:48,15.17,-0.01,49,74348,卖盘
2150,10:31:42,15.18,-0.01,5,7590,卖盘
2151,10:31:36,15.19,0.01,10,15190,买盘
2152,10:31:33,15.18,--,1,1518,卖盘
2153,10:31:30,15.18,--,31,47058,卖盘
2154,10:31:27,15.18,--,13,19734,买盘
2155,10:31:21,15.18,0.01,7,10626,买盘
2156,10:31:15,15.17,-0.01,39,59163,卖盘
2157,10:31:09,15.18,-0.01,12,18216,卖盘
2158,10:31:06,15.19,0.01,4,6076,买盘
2159,10:31:03,15.18,--,26,39468,卖盘
2160,10:30:57,15.18,-0.01,3,4554,卖盘
2161,10:30:54,15.19,--,87,132153,买盘
2162,10:30:42,15.19,0.01,20,30380,买盘
2163,10:30:39,15.18,--,4,6072,买盘
2164,10:30:36,15.18,-0.01,4,6072,买盘
2165,10:30:33,15.19,--,28,42532,买盘
2166,10:30:30,15.19,--,3,4557,买盘
2167,10:30:21,15.19,--,1,1519,买盘
2168,10:30:12,15.19,--,1,1519,买盘
2169,10:30:06,15.19,--,4,6076,买盘
2170,10:30:03,15.19,0.02,10,15190,买盘
2171,10:29:54,15.17,-0.02,10,15170,卖盘
2172,10:29:51,15.19,0.02,3,4557,买盘
2173,10:29:48,15.17,--,46,69782,卖盘
2174,10:29:45,15.17,-0.01,24,36408,卖盘
2175,10:29:39,15.18,--,10,15180,买盘
2176,10:29:36,15.18,0.01,5,7590,中性盘
2177,10:29:33,15.17,-0.02,8,12136,卖盘
2178,10:29:30,15.19,0.02,14,21266,买盘
2179,10:29:27,15.17,-0.01,61,92537,卖盘
2180,10:29:21,15.18,-0.01,30,45540,卖盘
2181,10:29:15,15.19,--,3,4557,买盘
2182,10:29:12,15.19,--,1,1519,买盘
2183,10:29:09,15.19,--,4,6076,买盘
2184,10:29:06,15.19,--,7,10633,卖盘
2185,10:29:03,15.19,--,15,22785,卖盘
2186,10:28:57,15.19,--,2,3038,卖盘
2187,10:28:45,15.19,--,4,6076,卖盘
2188,10:28:39,15.19,-0.01,1,1519,卖盘
2189,10:28:36,15.2,--,4,6080,买盘
2190,10:28:33,15.2,--,2,3040,买盘
2191,10:28:30,15.2,0.01,1,1520,买盘
2192,10:28:21,15.19,0.02,21,31899,买盘
2193,10:28:09,15.17,-0.01,20,30340,卖盘
2194,10:28:06,15.18,--,34,51612,卖盘
2195,10:28:03,15.18,-0.01,1,1518,卖盘
2196,10:28:00,15.19,0.01,24,36456,买盘
2197,10:27:57,15.18,--,5,7590,买盘
2198,10:27:48,15.18,--,5,7590,买盘
2199,10:27:42,15.18,--,1,1518,买盘
2200,10:27:39,15.18,0.01,6,9108,买盘
2201,10:27:36,15.17,--,17,25789,卖盘
2202,10:27:33,15.17,--,3,4551,卖盘
2203,10:27:27,15.17,-0.02,12,18204,卖盘
2204,10:27:12,15.19,0.02,20,30380,买盘
2205,10:27:09,15.17,-0.02,39,59163,卖盘
2206,10:27:06,15.19,0.02,8,12152,买盘
2207,10:27:03,15.17,--,22,33374,卖盘
2208,10:26:54,15.17,--,1,1517,卖盘
2209,10:26:51,15.17,--,54,81918,卖盘
2210,10:26:48,15.17,0.01,130,197210,买盘
2211,10:26:39,15.16,-0.01,18,27288,卖盘
2212,10:26:36,15.17,--,80,121360,买盘
2213,10:26:33,15.17,0.01,49,74333,买盘
2214,10:26:30,15.16,--,1,1516,卖盘
2215,10:26:27,15.16,-0.01,10,15160,卖盘
2216,10:26:21,15.17,0.01,4,6068,买盘
2217,10:26:12,15.16,--,72,109152,卖盘
2218,10:26:09,15.16,-0.01,22,33352,卖盘
2219,10:26:06,15.17,--,4,6068,买盘
2220,10:25:54,15.17,--,72,109224,卖盘
2221,10:25:48,15.17,-0.01,4,6068,卖盘
2222,10:25:45,15.18,--,1,1518,买盘
2223,10:25:42,15.18,--,34,51612,买盘
2224,10:25:36,15.18,--,5,7590,买盘
2225,10:25:33,15.18,--,32,48576,买盘
2226,10:25:30,15.18,-0.01,78,118404,卖盘
2227,10:25:27,15.19,0.01,4,6076,中性盘
2228,10:25:12,15.18,-0.02,57,86526,卖盘
2229,10:25:06,15.2,0.01,5,7600,买盘
2230,10:24:57,15.19,--,46,69874,买盘
2231,10:24:48,15.19,--,3,4557,买盘
2232,10:24:45,15.19,--,10,15190,买盘
2233,10:24:42,15.19,0.01,2,3038,中性盘
2234,10:24:39,15.18,-0.02,9,13662,卖盘
2235,10:24:36,15.2,0.02,7,10640,买盘
2236,10:24:33,15.18,-0.01,2,3036,卖盘
2237,10:24:30,15.19,-0.01,2,3038,中性盘
2238,10:24:24,15.2,--,7,10640,买盘
2239,10:24:21,15.2,-0.01,11,16720,买盘
2240,10:24:09,15.21,0.03,4,6084,卖盘
2241,10:24:06,15.18,-0.03,40,60720,卖盘
2242,10:24:03,15.21,0.03,28,42588,买盘
2243,10:23:39,15.18,--,21,31878,卖盘
2244,10:23:36,15.18,-0.02,25,37950,卖盘
2245,10:23:33,15.2,0.01,43,65360,买盘
2246,10:23:30,15.19,-0.01,22,33418,卖盘
2247,10:23:27,15.2,--,6,9120,卖盘
2248,10:23:24,15.2,--,14,21280,卖盘
2249,10:23:18,15.2,0.01,13,19760,买盘
2250,10:23:15,15.19,-0.01,5,7595,卖盘
2251,10:23:12,15.2,--,12,18240,买盘
2252,10:23:09,15.2,--,10,15200,买盘
2253,10:23:06,15.2,--,5,7600,买盘
2254,10:23:03,15.2,--,17,25840,买盘
2255,10:23:00,15.2,--,3,4560,买盘
2256,10:22:51,15.2,--,5,7600,买盘
2257,10:22:48,15.2,--,24,36480,买盘
2258,10:22:45,15.2,--,12,18240,买盘
2259,10:22:39,15.2,--,22,33440,买盘
2260,10:22:36,15.2,--,4,6080,买盘
2261,10:22:33,15.2,--,24,36480,买盘
2262,10:22:30,15.2,--,2,3040,买盘
2263,10:22:27,15.2,0.01,7,10640,买盘
2264,10:22:24,15.19,--,4,6076,卖盘
2265,10:22:18,15.19,-0.01,8,12152,卖盘
2266,10:22:12,15.2,--,22,33440,买盘
2267,10:22:09,15.2,0.01,7,10640,买盘
2268,10:22:06,15.19,-0.01,7,10633,卖盘
2269,10:22:00,15.2,0.01,5,7600,买盘
2270,10:21:57,15.19,0.01,20,30380,买盘
2271,10:21:51,15.18,--,1,1518,卖盘
2272,10:21:48,15.18,-0.01,10,15180,卖盘
2273,10:21:42,15.19,--,3,4557,买盘
2274,10:21:39,15.19,0.01,2,3038,买盘
2275,10:21:36,15.18,-0.01,10,15180,卖盘
2276,10:21:33,15.19,0.01,2,3038,买盘
2277,10:21:24,15.18,-0.01,100,151800,卖盘
2278,10:21:18,15.19,0.01,118,179242,买盘
2279,10:21:15,15.18,0.01,17,25806,买盘
2280,10:21:12,15.17,-0.01,119,180523,卖盘
2281,10:21:06,15.18,--,55,83490,买盘
2282,10:21:03,15.18,--,14,21252,买盘
2283,10:21:00,15.18,0.01,100,151800,买盘
2284,10:20:57,15.17,-0.01,20,30340,卖盘
2285,10:20:45,15.18,0.01,1,1518,买盘
2286,10:20:42,15.17,-0.01,4,6068,卖盘
2287,10:20:39,15.18,--,27,40986,买盘
2288,10:20:36,15.18,--,4,6072,买盘
2289,10:20:33,15.18,--,11,16698,买盘
2290,10:20:30,15.18,0.01,30,45540,买盘
2291,10:20:27,15.17,-0.01,7,10619,卖盘
2292,10:20:24,15.18,--,10,15180,买盘
2293,10:20:21,15.18,--,5,7590,买盘
2294,10:20:18,15.18,--,30,45540,买盘
2295,10:20:15,15.18,--,56,85008,卖盘
2296,10:20:09,15.18,-0.01,41,62238,卖盘
2297,10:20:06,15.19,0.01,10,15190,买盘
2298,10:20:03,15.18,-0.01,42,63756,卖盘
2299,10:20:00,15.19,0.01,31,47089,买盘
2300,10:19:57,15.18,-0.01,29,44022,中性盘
2301,10:19:54,15.19,0.02,22,33418,买盘
2302,10:19:48,15.17,-0.02,27,40959,卖盘
2303,10:19:45,15.19,--,10,15190,买盘
2304,10:19:42,15.19,0.02,30,45570,买盘
2305,10:19:39,15.17,--,1,1517,卖盘
2306,10:19:36,15.17,--,9,13653,卖盘
2307,10:19:30,15.17,--,21,31857,卖盘
2308,10:19:27,15.17,--,29,43993,买盘
2309,10:19:24,15.17,0.01,25,37925,买盘
2310,10:19:21,15.16,--,10,15160,卖盘
2311,10:19:18,15.16,--,8,12128,卖盘
2312,10:19:15,15.16,--,20,30320,卖盘
2313,10:19:12,15.16,--,5,7580,卖盘
2314,10:19:09,15.16,0.01,149,225884,买盘
2315,10:19:06,15.15,0.01,5,7575,买盘
2316,10:19:03,15.14,--,3,4542,卖盘
2317,10:19:00,15.14,--,50,75700,卖盘
2318,10:18:57,15.14,0.01,171,258894,买盘
2319,10:18:54,15.13,-0.01,21,31773,卖盘
2320,10:18:51,15.14,0.01,70,105980,买盘
2321,10:18:48,15.13,-0.01,2,3026,卖盘
2322,10:18:45,15.14,--,63,95382,买盘
2323,10:18:42,15.14,--,5,7706,买盘
2324,10:18:39,15.14,--,35,52990,买盘
2325,10:18:36,15.14,--,12,18168,买盘
2326,10:18:33,15.14,--,9,13626,买盘
2327,10:18:30,15.14,0.01,25,37850,买盘
2328,10:18:27,15.13,-0.01,17,25721,卖盘
2329,10:18:24,15.14,--,86,130204,买盘
2330,10:18:21,15.14,--,10,15140,买盘
2331,10:18:18,15.14,--,10,15140,买盘
2332,10:18:15,15.14,--,5,7570,买盘
2333,10:18:12,15.14,--,6,9084,买盘
2334,10:18:09,15.14,--,15,22710,买盘
2335,10:18:06,15.14,-0.02,301,455714,卖盘
2336,10:18:03,15.16,--,2,3032,买盘
2337,10:17:54,15.16,0.01,9,13644,卖盘
2338,10:17:48,15.15,-0.02,15,22725,卖盘
2339,10:17:45,15.17,--,58,87986,买盘
2340,10:17:39,15.17,0.01,3,4551,买盘
2341,10:17:36,15.16,--,14,21224,买盘
2342,10:17:30,15.16,0.01,12,18192,买盘
2343,10:17:27,15.15,-0.01,4,6060,卖盘
2344,10:17:24,15.16,0.01,18,27288,买盘
2345,10:17:21,15.15,-0.01,207,313605,卖盘
2346,10:17:18,15.16,0.01,54,81864,买盘
2347,10:17:15,15.15,--,27,40905,卖盘
2348,10:17:12,15.15,--,4,6060,卖盘
2349,10:17:09,15.15,--,4,6060,卖盘
2350,10:17:03,15.15,0.01,55,83325,买盘
2351,10:17:00,15.14,-0.01,1,1514,中性盘
2352,10:16:57,15.15,--,6,9090,买盘
2353,10:16:54,15.15,0.02,5,7575,买盘
2354,10:16:51,15.13,-0.02,30,45390,卖盘
2355,10:16:48,15.15,--,10,15150,买盘
2356,10:16:45,15.15,--,24,36360,买盘
2357,10:16:42,15.15,0.02,10,15150,买盘
2358,10:16:39,15.13,-0.02,4,6052,卖盘
2359,10:16:36,15.15,--,49,74235,买盘
2360,10:16:33,15.15,0.02,26,39390,买盘
2361,10:16:30,15.13,-0.02,3,4539,卖盘
2362,10:16:27,15.15,0.02,33,49995,买盘
2363,10:16:24,15.13,0.01,89,134657,买盘
2364,10:16:21,15.12,--,172,260064,买盘
2365,10:16:18,15.12,--,208,314496,卖盘
2366,10:16:15,15.12,--,128,193536,卖盘
2367,10:16:12,15.12,--,134,202608,卖盘
2368,10:16:09,15.12,-0.01,28,42336,卖盘
2369,10:16:06,15.13,--,7,10591,买盘
2370,10:16:03,15.13,--,10,15130,买盘
2371,10:16:00,15.13,0.01,121,183073,买盘
2372,10:15:57,15.12,--,43,65016,买盘
2373,10:15:54,15.12,--,87,131544,买盘
2374,10:15:51,15.12,-0.01,117,176904,卖盘
2375,10:15:48,15.13,--,4,6052,买盘
2376,10:15:45,15.13,0.01,189,285957,买盘
2377,10:15:42,15.12,--,2,3024,卖盘
2378,10:15:39,15.12,--,27,40824,卖盘
2379,10:15:36,15.12,--,16,24192,卖盘
2380,10:15:33,15.12,-0.01,117,176904,卖盘
2381,10:15:30,15.13,--,55,83215,买盘
2382,10:15:27,15.13,0.01,2,3026,买盘
2383,10:15:24,15.12,-0.01,13,19656,卖盘
2384,10:15:21,15.13,0.01,22,33286,买盘
2385,10:15:18,15.12,-0.01,20,30240,卖盘
2386,10:15:15,15.13,0.01,10,15130,买盘
2387,10:15:12,15.12,--,24,36288,卖盘
2388,10:15:09,15.12,-0.01,4,6048,卖盘
2389,10:15:06,15.13,0.01,8,12104,买盘
2390,10:15:03,15.12,-0.01,112,169344,卖盘
2391,10:15:00,15.13,--,17,25721,买盘
2392,10:14:51,15.13,--,51,77163,买盘
2393,10:14:48,15.13,--,52,78676,卖盘
2394,10:14:45,15.13,--,27,40851,卖盘
2395,10:14:42,15.13,--,16,24208,卖盘
2396,10:14:39,15.13,-0.01,31,46903,卖盘
2397,10:14:36,15.14,--,111,168054,买盘
2398,10:14:33,15.14,--,5,7570,买盘
2399,10:14:27,15.14,--,2,3028,买盘
2400,10:14:24,15.14,-0.01,72,109008,卖盘
2401,10:14:21,15.15,--,1,1515,买盘
2402,10:14:18,15.15,--,198,299970,卖盘
2403,10:14:15,15.15,--,83,125745,卖盘
2404,10:14:12,15.15,-0.01,15,22725,卖盘
2405,10:14:09,15.16,0.01,16,24256,买盘
2406,10:14:06,15.15,--,45,68175,卖盘
2407,10:14:03,15.15,-0.01,2,3030,卖盘
2408,10:14:00,15.16,--,6,9096,买盘
2409,10:13:57,15.16,--,86,130376,卖盘
2410,10:13:54,15.16,-0.01,195,295620,卖盘
2411,10:13:51,15.17,0.01,13,19721,买盘
2412,10:13:48,15.16,--,162,245592,卖盘
2413,10:13:45,15.16,--,45,68220,卖盘
2414,10:13:42,15.16,-0.01,26,39416,卖盘
2415,10:13:39,15.17,--,21,31857,买盘
2416,10:13:36,15.17,--,4,6068,买盘
2417,10:13:33,15.17,--,77,116809,买盘
2418,10:13:30,15.17,-0.02,287,435379,卖盘
2419,10:13:27,15.19,--,85,129115,买盘
2420,10:13:18,15.19,--,155,235445,卖盘
2421,10:13:15,15.19,-0.01,36,54684,卖盘
2422,10:13:12,15.2,--,38,57760,买盘
2423,10:13:09,15.2,--,110,167200,买盘
2424,10:13:06,15.2,--,4,6080,买盘
2425,10:13:03,15.2,0.01,2,3040,买盘
2426,10:13:00,15.19,-0.01,19,28861,卖盘
2427,10:12:54,15.2,0.01,5,7600,买盘
2428,10:12:51,15.19,-0.02,3,4557,卖盘
2429,10:12:45,15.21,0.01,144,219024,买盘
2430,10:12:42,15.2,--,3,4560,买盘
2431,10:12:36,15.2,--,6,9120,买盘
2432,10:12:33,15.2,--,26,39520,买盘
2433,10:12:30,15.2,--,2,3040,买盘
2434,10:12:27,15.2,--,11,16720,买盘
2435,10:12:24,15.2,--,7,11628,卖盘
2436,10:12:18,15.2,--,21,31920,卖盘
2437,10:12:15,15.2,-0.01,2,3040,卖盘
2438,10:12:12,15.21,0.01,6,9126,买盘
2439,10:12:09,15.2,--,21,32452,买盘
2440,10:12:06,15.2,--,81,124108,卖盘
2441,10:12:03,15.2,--,30,45600,卖盘
2442,10:12:00,15.2,--,1,1520,卖盘
2443,10:11:57,15.2,--,31,47120,卖盘
2444,10:11:54,15.2,-0.01,23,34960,卖盘
2445,10:11:51,15.21,--,5,7605,买盘
2446,10:11:48,15.21,0.01,5,7605,买盘
2447,10:11:45,15.2,--,80,121600,卖盘
2448,10:11:42,15.2,--,8,12160,卖盘
2449,10:11:36,15.2,--,5,7600,卖盘
2450,10:11:30,15.2,-0.01,4,6080,卖盘
2451,10:11:27,15.21,0.01,2,3042,买盘
2452,10:11:24,15.2,--,30,45600,卖盘
2453,10:11:21,15.2,-0.01,2,3040,卖盘
2454,10:11:18,15.21,0.01,16,24336,买盘
2455,10:11:15,15.2,--,14,21280,卖盘
2456,10:11:09,15.2,-0.01,1,1520,卖盘
2457,10:11:06,15.21,--,36,54756,买盘
2458,10:11:03,15.21,0.01,11,16731,买盘
2459,10:11:00,15.2,--,40,61332,卖盘
2460,10:10:57,15.2,--,1,1520,卖盘
2461,10:10:54,15.2,--,1,1520,卖盘
2462,10:10:51,15.2,--,12,18240,卖盘
2463,10:10:36,15.2,-0.01,49,74480,卖盘
2464,10:10:33,15.21,0.01,21,31941,买盘
2465,10:10:27,15.2,-0.01,3,4560,卖盘
2466,10:10:21,15.21,0.01,1,1521,买盘
2467,10:10:18,15.2,--,24,36480,卖盘
2468,10:10:06,15.2,--,4,6080,卖盘
2469,10:10:03,15.2,-0.01,1,1520,卖盘
2470,10:10:00,15.21,0.01,17,25857,买盘
2471,10:09:57,15.2,--,5,7600,卖盘
2472,10:09:48,15.2,--,16,24320,卖盘
2473,10:09:45,15.2,--,2,3040,卖盘
2474,10:09:42,15.2,0.01,389,591280,买盘
2475,10:09:39,15.19,--,35,53165,卖盘
2476,10:09:36,15.19,-0.01,5,7595,卖盘
2477,10:09:30,15.2,--,17,25840,买盘
2478,10:09:21,15.2,0.01,81,123120,买盘
2479,10:09:18,15.19,-0.01,5,7595,卖盘
2480,10:09:15,15.2,0.01,99,150480,买盘
2481,10:09:09,15.19,-0.01,3,4557,卖盘
2482,10:09:06,15.2,--,1,1520,买盘
2483,10:09:03,15.2,0.01,21,31920,买盘
2484,10:09:00,15.19,-0.01,6,9114,卖盘
2485,10:08:57,15.2,--,61,92720,买盘
2486,10:08:54,15.2,0.01,15,22800,买盘
2487,10:08:51,15.19,--,142,215698,卖盘
2488,10:08:48,15.19,-0.01,12,18228,卖盘
2489,10:08:42,15.2,0.01,12,18240,中性盘
2490,10:08:39,15.19,-0.02,39,59241,卖盘
2491,10:08:36,15.21,0.01,21,31941,买盘
2492,10:08:33,15.2,0.01,31,47120,买盘
2493,10:08:30,15.19,-0.01,1,1519,卖盘
2494,10:08:27,15.2,--,2,3040,买盘
2495,10:08:21,15.2,--,5,7600,买盘
2496,10:08:18,15.2,--,6,9120,买盘
2497,10:08:15,15.2,--,9,13680,卖盘
2498,10:08:12,15.2,-0.01,750,1140000,卖盘
2499,10:08:06,15.21,--,4,6084,买盘
2500,10:08:03,15.21,--,3,4563,买盘
2501,10:08:00,15.21,--,4,6084,买盘
2502,10:07:57,15.21,--,34,51714,卖盘
2503,10:07:54,15.21,--,11,16731,卖盘
2504,10:07:51,15.21,--,100,152100,卖盘
2505,10:07:48,15.21,--,24,36504,卖盘
2506,10:07:45,15.21,--,157,238797,卖盘
2507,10:07:42,15.21,-0.01,8,12168,卖盘
2508,10:07:39,15.22,0.01,1,1522,买盘
2509,10:07:36,15.21,-0.01,4,6084,卖盘
2510,10:07:30,15.22,--,17,25874,买盘
2511,10:07:27,15.22,--,1,1522,买盘
2512,10:07:24,15.22,--,2,3044,买盘
2513,10:07:18,15.22,--,215,327230,卖盘
2514,10:07:12,15.22,-0.01,40,60880,卖盘
2515,10:07:06,15.23,--,8,12184,买盘
2516,10:07:03,15.23,--,16,24368,卖盘
2517,10:06:57,15.23,--,1,1523,卖盘
2518,10:06:51,15.23,--,20,30460,卖盘
2519,10:06:48,15.23,-0.01,1,1523,卖盘
2520,10:06:39,15.24,--,44,67056,卖盘
2521,10:06:36,15.24,--,7,10668,卖盘
2522,10:06:30,15.24,--,11,16764,卖盘
2523,10:06:24,15.24,-0.01,1,1524,卖盘
2524,10:06:15,15.25,--,15,22875,买盘
2525,10:06:09,15.25,0.01,10,15250,买盘
2526,10:06:06,15.24,--,6,10134,卖盘
2527,10:05:57,15.24,0.01,39,59969,买盘
2528,10:05:54,15.23,--,15,22845,买盘
2529,10:05:51,15.23,--,44,67012,卖盘
2530,10:05:48,15.23,--,1,1523,卖盘
2531,10:05:45,15.23,-0.01,9,13707,卖盘
2532,10:05:42,15.24,--,5,7620,买盘
2533,10:05:39,15.24,--,25,38100,买盘
2534,10:05:36,15.24,0.01,10,15240,买盘
2535,10:05:30,15.23,--,28,42644,买盘
2536,10:05:27,15.23,-0.02,37,56351,卖盘
2537,10:05:18,15.25,0.02,6,9150,买盘
2538,10:05:15,15.23,-0.02,68,103564,卖盘
2539,10:05:12,15.25,--,22,33550,买盘
2540,10:05:06,15.25,--,63,96075,卖盘
2541,10:04:57,15.25,--,12,18300,卖盘
2542,10:04:54,15.25,--,61,93025,卖盘
2543,10:04:51,15.25,-0.01,11,16775,中性盘
2544,10:04:39,15.26,0.01,18,27468,买盘
2545,10:04:36,15.25,--,6,9150,买盘
2546,10:04:33,15.25,--,21,32025,买盘
2547,10:04:30,15.25,--,2,3050,买盘
2548,10:04:27,15.25,--,5,7625,买盘
2549,10:04:24,15.25,--,10,15250,买盘
2550,10:04:18,15.25,--,23,35075,卖盘
2551,10:04:12,15.25,--,27,41175,卖盘
2552,10:04:09,15.25,-0.01,60,91500,卖盘
2553,10:04:06,15.26,0.01,3,4578,买盘
2554,10:04:03,15.25,--,14,21350,卖盘
2555,10:03:45,15.25,--,1,1525,卖盘
2556,10:03:42,15.25,-0.01,2,3050,卖盘
2557,10:03:39,15.26,0.01,24,36624,买盘
2558,10:03:33,15.25,-0.01,10,15250,卖盘
2559,10:03:27,15.26,--,10,15260,买盘
2560,10:03:24,15.26,0.01,2,3052,买盘
2561,10:03:21,15.25,--,15,22875,卖盘
2562,10:03:18,15.25,-0.01,10,15250,卖盘
2563,10:03:12,15.26,0.01,20,30520,买盘
2564,10:03:09,15.25,-0.01,39,59475,卖盘
2565,10:03:06,15.26,0.01,3,4578,买盘
2566,10:03:03,15.25,-0.01,4,6100,卖盘
2567,10:03:00,15.26,0.01,1,1526,买盘
2568,10:02:57,15.25,--,4,6100,买盘
2569,10:02:54,15.25,-0.01,28,42700,卖盘
2570,10:02:51,15.26,--,5,7630,买盘
2571,10:02:45,15.26,0.01,15,22890,买盘
2572,10:02:42,15.25,-0.01,3,4575,卖盘
2573,10:02:36,15.26,--,56,85456,买盘
2574,10:02:33,15.26,--,18,27468,买盘
2575,10:02:27,15.26,--,2,3052,买盘
2576,10:02:24,15.26,0.01,5,7630,买盘
2577,10:02:21,15.25,--,12,18300,买盘
2578,10:02:18,15.25,--,109,166225,卖盘
2579,10:02:15,15.25,--,9,13725,卖盘
2580,10:02:12,15.25,-0.01,62,94550,卖盘
2581,10:02:09,15.26,--,23,35098,买盘
2582,10:02:06,15.26,0.01,26,39676,买盘
2583,10:02:03,15.25,--,31,47275,卖盘
2584,10:02:00,15.25,--,10,15250,卖盘
2585,10:01:57,15.25,-0.01,156,237900,卖盘
2586,10:01:54,15.26,0.01,52,79352,买盘
2587,10:01:48,15.25,-0.01,1,1525,卖盘
2588,10:01:45,15.26,0.01,148,225848,买盘
2589,10:01:36,15.25,-0.01,15,22875,卖盘
2590,10:01:24,15.26,--,74,114282,卖盘
2591,10:01:21,15.26,-0.01,20,30520,卖盘
2592,10:01:18,15.27,0.01,193,294878,买盘
2593,10:01:12,15.26,--,200,306558,卖盘
2594,10:01:09,15.26,--,5,7630,卖盘
2595,10:01:06,15.26,--,5,7630,卖盘
2596,10:01:03,15.26,--,6,9156,卖盘
2597,10:01:00,15.26,--,8,12208,卖盘
2598,10:00:57,15.26,--,1,1526,卖盘
2599,10:00:54,15.26,--,10,15260,卖盘
2600,10:00:51,15.26,--,14,21364,卖盘
2601,10:00:48,15.26,-0.01,88,134288,卖盘
2602,10:00:45,15.27,0.01,2,3054,买盘
2603,10:00:42,15.26,--,62,94612,卖盘
2604,10:00:33,15.26,-0.01,3,4578,卖盘
2605,10:00:27,15.27,0.01,6,9162,买盘
2606,10:00:24,15.26,--,21,32046,卖盘
2607,10:00:21,15.26,-0.01,7,10682,卖盘
2608,10:00:18,15.27,0.01,85,129795,买盘
2609,10:00:12,15.26,--,15,22890,卖盘
2610,10:00:09,15.26,-0.01,138,210588,卖盘
2611,10:00:06,15.27,--,40,61080,买盘
2612,10:00:03,15.27,--,9,13743,买盘
2613,10:00:00,15.27,0.01,30,45810,买盘
2614,09:59:48,15.26,-0.01,106,161756,卖盘
2615,09:59:45,15.27,-0.01,44,67188,卖盘
2616,09:59:42,15.28,--,62,94736,买盘
2617,09:59:39,15.28,0.01,40,61120,买盘
2618,09:59:36,15.27,--,5,7635,卖盘
2619,09:59:33,15.27,-0.01,62,94674,卖盘
2620,09:59:30,15.28,0.01,12,18336,买盘
2621,09:59:27,15.27,--,26,39702,卖盘
2622,09:59:21,15.27,-0.01,34,51918,卖盘
2623,09:59:18,15.28,0.01,84,128352,买盘
2624,09:59:09,15.27,--,31,47337,卖盘
2625,09:59:06,15.27,0.01,73,111471,买盘
2626,09:59:03,15.26,-0.01,30,45780,卖盘
2627,09:59:00,15.27,--,50,76350,买盘
2628,09:58:57,15.27,0.01,1,1527,买盘
2629,09:58:54,15.26,--,38,57988,卖盘
2630,09:58:51,15.26,--,26,39676,卖盘
2631,09:58:48,15.26,0.01,265,404557,买盘
2632,09:58:45,15.25,-0.01,7,10675,卖盘
2633,09:58:42,15.26,0.01,39,59514,买盘
2634,09:58:39,15.25,--,5,7625,卖盘
2635,09:58:36,15.25,--,13,19825,卖盘
2636,09:58:33,15.25,0.02,104,158600,买盘
2637,09:58:24,15.23,-0.01,375,571125,卖盘
2638,09:58:21,15.24,--,3,4572,卖盘
2639,09:58:18,15.24,-0.01,126,192024,卖盘
2640,09:58:15,15.25,0.01,9,13725,买盘
2641,09:58:12,15.24,--,200,304800,卖盘
2642,09:58:09,15.24,-0.01,3,4572,卖盘
2643,09:58:06,15.25,--,123,187575,买盘
2644,09:58:03,15.25,--,2,3050,买盘
2645,09:57:57,15.25,--,48,73200,卖盘
2646,09:57:51,15.25,--,17,25925,卖盘
2647,09:57:48,15.25,-0.01,228,347700,卖盘
2648,09:57:42,15.26,--,44,67144,买盘
2649,09:57:39,15.26,--,100,152600,买盘
2650,09:57:36,15.26,0.01,19,28994,买盘
2651,09:57:33,15.25,-0.01,20,30500,卖盘
2652,09:57:30,15.26,0.01,13,19838,买盘
2653,09:57:27,15.25,-0.01,20,30500,卖盘
2654,09:57:24,15.26,0.01,7,10682,买盘
2655,09:57:18,15.25,--,10,15250,卖盘
2656,09:57:15,15.25,-0.01,10,15250,卖盘
2657,09:57:12,15.26,--,23,35098,买盘
2658,09:57:09,15.26,--,5,7630,买盘
2659,09:57:06,15.26,0.01,8,12208,买盘
2660,09:57:03,15.25,-0.01,200,305000,卖盘
2661,09:57:00,15.26,--,2,3052,买盘
2662,09:56:57,15.26,0.01,10,15260,买盘
2663,09:56:54,15.25,--,19,28975,卖盘
2664,09:56:51,15.25,-0.01,54,82350,卖盘
2665,09:56:48,15.26,--,7,10682,买盘
2666,09:56:42,15.26,--,6,9156,买盘
2667,09:56:36,15.26,--,4,6104,买盘
2668,09:56:33,15.26,--,24,36624,买盘
2669,09:56:27,15.26,--,1,1526,买盘
2670,09:56:24,15.26,0.01,20,30520,买盘
2671,09:56:21,15.25,--,7,10675,买盘
2672,09:56:18,15.25,--,9,13725,卖盘
2673,09:56:15,15.25,--,45,68625,买盘
2674,09:56:12,15.25,0.01,2,3050,买盘
2675,09:56:09,15.24,--,1,1524,卖盘
2676,09:56:06,15.24,--,4,6096,卖盘
2677,09:56:03,15.24,--,1,1524,卖盘
2678,09:55:57,15.24,--,5,7620,卖盘
2679,09:55:51,15.24,--,1,1524,卖盘
2680,09:55:48,15.24,-0.01,3,4572,卖盘
2681,09:55:45,15.25,0.01,21,32025,买盘
2682,09:55:42,15.24,--,98,149352,买盘
2683,09:55:39,15.24,--,1,1524,买盘
2684,09:55:33,15.24,0.01,16,24384,买盘
2685,09:55:30,15.23,-0.01,46,70058,卖盘
2686,09:55:27,15.24,--,9,13716,买盘
2687,09:55:24,15.24,--,2,3048,买盘
2688,09:55:21,15.24,--,10,15240,买盘
2689,09:55:18,15.24,--,29,44196,卖盘
2690,09:55:15,15.24,--,1,1524,卖盘
2691,09:55:12,15.24,0.01,35,53340,买盘
2692,09:55:09,15.23,-0.01,6,9138,卖盘
2693,09:55:06,15.24,--,4,6096,买盘
2694,09:55:03,15.24,--,60,91440,买盘
2695,09:54:57,15.24,--,1,1524,买盘
2696,09:54:54,15.24,--,10,15240,买盘
2697,09:54:51,15.24,--,13,19812,买盘
2698,09:54:42,15.24,--,8,12192,买盘
2699,09:54:39,15.24,--,20,30480,买盘
2700,09:54:36,15.24,-0.01,7,10668,买盘
2701,09:54:27,15.25,0.01,2,3050,买盘
2702,09:54:24,15.24,-0.01,30,45720,卖盘
2703,09:54:21,15.25,0.01,17,25925,买盘
2704,09:54:18,15.24,--,10,15240,卖盘
2705,09:54:12,15.24,--,2,3048,卖盘
2706,09:54:09,15.24,-0.01,18,27432,卖盘
2707,09:54:06,15.25,--,9,13725,买盘
2708,09:54:03,15.25,0.01,11,16775,买盘
2709,09:54:00,15.24,-0.01,30,45720,卖盘
2710,09:53:57,15.25,0.01,8,12200,买盘
2711,09:53:54,15.24,--,50,76200,卖盘
2712,09:53:51,15.24,-0.01,1,1524,卖盘
2713,09:53:48,15.25,--,10,15250,买盘
2714,09:53:45,15.25,--,22,33550,买盘
2715,09:53:42,15.25,--,36,54900,买盘
2716,09:53:39,15.25,0.01,7,10675,买盘
2717,09:53:36,15.24,--,3,4572,卖盘
2718,09:53:30,15.24,-0.01,146,222504,卖盘
2719,09:53:27,15.25,--,15,22875,买盘
2720,09:53:24,15.25,--,19,28975,买盘
2721,09:53:21,15.25,--,1,1525,买盘
2722,09:53:15,15.25,-0.01,1,1525,卖盘
2723,09:53:12,15.26,0.01,30,45780,买盘
2724,09:53:09,15.25,--,3,4575,卖盘
2725,09:53:06,15.25,--,23,35075,卖盘
2726,09:53:03,15.25,--,4,6100,卖盘
2727,09:53:00,15.25,--,65,99125,卖盘
2728,09:52:54,15.25,--,22,33550,卖盘
2729,09:52:51,15.25,0.02,176,268400,买盘
2730,09:52:48,15.23,-0.01,21,31983,卖盘
2731,09:52:45,15.24,-0.01,27,41148,卖盘
2732,09:52:39,15.25,--,2,3050,买盘
2733,09:52:36,15.25,0.01,16,24400,买盘
2734,09:52:30,15.24,-0.01,2,3048,卖盘
2735,09:52:27,15.25,0.01,30,45750,买盘
2736,09:52:24,15.24,-0.01,5,7620,卖盘
2737,09:52:21,15.25,--,42,64050,买盘
2738,09:52:18,15.25,--,56,85400,买盘
2739,09:52:15,15.25,--,40,61000,买盘
2740,09:52:12,15.25,--,14,21350,买盘
2741,09:52:09,15.25,--,19,28975,买盘
2742,09:52:06,15.25,--,28,42700,买盘
2743,09:52:03,15.25,-0.01,182,277550,卖盘
2744,09:51:57,15.26,--,3,4578,买盘
2745,09:51:54,15.26,0.01,29,44254,买盘
2746,09:51:51,15.25,-0.01,338,515450,卖盘
2747,09:51:48,15.26,--,9,13734,卖盘
2748,09:51:42,15.26,--,30,45780,卖盘
2749,09:51:33,15.26,--,27,41202,卖盘
2750,09:51:30,15.26,--,30,45780,卖盘
2751,09:51:27,15.26,--,38,57988,买盘
2752,09:51:24,15.26,--,3,4578,买盘
2753,09:51:21,15.26,--,24,36624,买盘
2754,09:51:18,15.26,--,1,1526,买盘
2755,09:51:15,15.26,-0.01,11,16786,卖盘
2756,09:51:12,15.27,--,2,3054,买盘
2757,09:51:09,15.27,0.01,30,45810,买盘
2758,09:51:06,15.26,--,10,15260,卖盘
2759,09:51:03,15.26,--,21,32046,卖盘
2760,09:51:00,15.26,--,23,35098,卖盘
2761,09:50:57,15.26,-0.01,11,16786,卖盘
2762,09:50:54,15.27,0.01,10,15270,买盘
2763,09:50:51,15.26,--,23,35098,卖盘
2764,09:50:48,15.26,0.02,50,76300,卖盘
2765,09:50:45,15.24,--,34,51816,买盘
2766,09:50:42,15.24,-0.01,166,252984,卖盘
2767,09:50:39,15.25,--,130,198250,卖盘
2768,09:50:36,15.25,-0.01,22,33550,卖盘
2769,09:50:33,15.26,0.01,10,15260,买盘
2770,09:50:27,15.25,-0.01,10,15250,卖盘
2771,09:50:24,15.26,0.01,10,15260,买盘
2772,09:50:21,15.25,--,3,4575,卖盘
2773,09:50:15,15.25,--,89,135725,卖盘
2774,09:50:12,15.25,0.01,34,51850,买盘
2775,09:50:09,15.24,-0.01,32,48768,卖盘
2776,09:50:06,15.25,0.01,7,10675,买盘
2777,09:50:03,15.24,--,21,32004,卖盘
2778,09:50:00,15.24,-0.01,34,51816,卖盘
2779,09:49:57,15.25,0.01,243,370575,买盘
2780,09:49:54,15.24,-0.01,40,60960,卖盘
2781,09:49:51,15.25,--,2,3050,买盘
2782,09:49:48,15.25,--,1,1525,买盘
2783,09:49:45,15.25,--,54,82350,买盘
2784,09:49:42,15.25,--,43,65575,买盘
2785,09:49:39,15.25,--,131,199775,买盘
2786,09:49:33,15.25,--,35,53375,买盘
2787,09:49:30,15.25,--,16,24400,卖盘
2788,09:49:24,15.25,--,31,47275,卖盘
2789,09:49:21,15.25,--,16,24400,买盘
2790,09:49:18,15.25,0.01,36,54900,买盘
2791,09:49:15,15.24,-0.01,20,30480,卖盘
2792,09:49:09,15.25,0.01,30,45750,买盘
2793,09:49:06,15.24,-0.01,6,9144,卖盘
2794,09:49:03,15.25,--,8,12200,买盘
2795,09:49:00,15.25,0.02,69,105225,买盘
2796,09:48:54,15.23,--,5,7615,卖盘
2797,09:48:51,15.23,-0.02,8,12184,卖盘
2798,09:48:48,15.25,0.01,20,30500,买盘
2799,09:48:45,15.24,-0.01,23,35052,中性盘
2800,09:48:42,15.25,0.02,1,1525,买盘
2801,09:48:39,15.23,-0.02,81,123363,卖盘
2802,09:48:36,15.25,--,3,4575,买盘
2803,09:48:33,15.25,--,20,30500,买盘
2804,09:48:27,15.25,0.02,16,24400,买盘
2805,09:48:24,15.23,-0.01,120,182760,卖盘
2806,09:48:21,15.24,-0.02,15,22860,卖盘
2807,09:48:18,15.26,0.01,108,164808,买盘
2808,09:48:15,15.25,--,23,35075,买盘
2809,09:48:12,15.25,-0.01,3,4575,卖盘
2810,09:48:09,15.26,--,12,18312,买盘
2811,09:48:06,15.26,--,11,16786,买盘
2812,09:48:03,15.26,--,39,59514,买盘
2813,09:48:00,15.26,--,77,117502,买盘
2814,09:47:57,15.26,-0.01,115,176954,卖盘
2815,09:47:54,15.27,--,251,383338,买盘
2816,09:47:51,15.27,0.01,22,33594,买盘
2817,09:47:48,15.26,-0.01,34,51884,卖盘
2818,09:47:45,15.27,0.01,16,24432,买盘
2819,09:47:42,15.26,-0.01,7,10682,卖盘
2820,09:47:39,15.27,--,66,100782,买盘
2821,09:47:36,15.27,--,34,53383,卖盘
2822,09:47:33,15.27,--,75,114525,卖盘
2823,09:47:30,15.27,--,35,53506,买盘
2824,09:47:27,15.27,0.01,20,30540,买盘
2825,09:47:24,15.26,-0.01,63,96138,卖盘
2826,09:47:21,15.27,--,8,12216,买盘
2827,09:47:18,15.27,--,92,140484,买盘
2828,09:47:15,15.27,--,100,152700,买盘
2829,09:47:12,15.27,0.01,10,15270,买盘
2830,09:47:03,15.26,--,2,3052,卖盘
2831,09:47:00,15.26,--,30,45780,买盘
2832,09:46:57,15.26,0.01,21,32046,买盘
2833,09:46:54,15.25,0.01,8,12200,买盘
2834,09:46:51,15.24,--,30,45720,卖盘
2835,09:46:45,15.24,--,13,19812,买盘
2836,09:46:42,15.24,--,40,60960,买盘
2837,09:46:33,15.24,0.01,232,353568,买盘
2838,09:46:27,15.23,--,201,306123,买盘
2839,09:46:24,15.23,--,7,10661,买盘
2840,09:46:21,15.23,--,25,38075,买盘
2841,09:46:18,15.23,--,2,3046,买盘
2842,09:46:12,15.23,--,19,28937,买盘
2843,09:46:09,15.23,--,11,16753,买盘
2844,09:46:06,15.23,--,29,44167,买盘
2845,09:46:03,15.23,0.01,4,6092,买盘
2846,09:45:57,15.22,--,54,82188,卖盘
2847,09:45:54,15.22,-0.02,3,4566,卖盘
2848,09:45:51,15.24,0.01,10,15240,买盘
2849,09:45:48,15.23,-0.01,13,19799,卖盘
2850,09:45:42,15.24,0.01,5,7620,买盘
2851,09:45:39,15.23,--,51,77673,买盘
2852,09:45:36,15.23,--,68,103564,买盘
2853,09:45:33,15.23,0.01,20,30460,买盘
