,time,price,change,volume,amount,type
0,15:00:03,4.85,0.01,8917,4324745,买盘
1,14:57:00,4.84,--,240,116160,买盘
2,14:56:57,4.84,--,2,968,买盘
3,14:56:54,4.84,--,53,25652,买盘
4,14:56:48,4.84,--,269,130196,买盘
5,14:56:45,4.84,--,343,166012,买盘
6,14:56:42,4.84,-0.01,1484,718256,卖盘
7,14:56:39,4.85,--,828,402060,卖盘
8,14:56:30,4.85,--,52,25219,卖盘
9,14:56:27,4.85,--,26,12609,卖盘
10,14:56:18,4.85,--,432,209524,买盘
11,14:56:15,4.85,--,5,2425,买盘
12,14:56:12,4.85,--,114,55289,买盘
13,14:56:09,4.85,-0.01,1084,525977,卖盘
14,14:56:00,4.86,0.02,1244,604831,买盘
15,14:55:57,4.84,--,300,145200,卖盘
16,14:55:54,4.84,--,415,200860,卖盘
17,14:55:51,4.84,--,130,62920,卖盘
18,14:55:45,4.84,-0.01,140,67760,卖盘
19,14:55:42,4.85,--,60,29099,买盘
20,14:55:39,4.85,0.01,25,12125,买盘
21,14:55:33,4.84,--,71,34364,卖盘
22,14:55:30,4.84,--,106,51304,卖盘
23,14:55:27,4.84,-0.01,1,484,卖盘
24,14:55:21,4.85,0.01,27,13094,买盘
25,14:55:12,4.84,--,204,98736,卖盘
26,14:54:57,4.84,--,19,9196,卖盘
27,14:54:54,4.84,-0.01,55,26620,卖盘
28,14:54:48,4.85,--,55,26674,买盘
29,14:54:42,4.85,-0.01,234,113727,卖盘
30,14:54:36,4.86,--,2,972,买盘
31,14:54:30,4.86,0.01,10,4860,买盘
32,14:54:27,4.85,--,26,12609,卖盘
33,14:54:24,4.85,--,1116,541264,卖盘
34,14:54:21,4.85,-0.01,95,46075,卖盘
35,14:54:18,4.86,0.01,35,17010,买盘
36,14:54:12,4.85,--,25,12125,卖盘
37,14:54:03,4.85,--,2,969,卖盘
38,14:53:57,4.85,-0.01,24,11640,卖盘
39,14:53:39,4.86,0.01,3,1458,买盘
40,14:53:33,4.85,--,33,16004,卖盘
41,14:53:30,4.85,-0.01,27,13094,卖盘
42,14:53:21,4.86,--,5,2430,买盘
43,14:53:15,4.86,0.01,20,9720,买盘
44,14:53:12,4.85,--,32,15762,卖盘
45,14:53:09,4.85,--,135,65474,卖盘
46,14:53:00,4.85,--,7,3394,卖盘
47,14:52:57,4.85,--,6,2910,卖盘
48,14:52:54,4.85,--,21,10185,卖盘
49,14:52:51,4.85,--,6,2910,卖盘
50,14:52:48,4.85,--,30,14549,卖盘
51,14:52:45,4.85,--,398,193030,卖盘
52,14:52:42,4.85,--,40,19400,卖盘
53,14:52:33,4.85,-0.01,254,123189,卖盘
54,14:52:15,4.86,0.01,5,2430,买盘
55,14:52:03,4.85,-0.01,3,1455,卖盘
56,14:51:54,4.86,0.01,6,2916,买盘
57,14:51:48,4.85,-0.01,1,484,卖盘
58,14:51:45,4.86,0.01,162,78732,买盘
59,14:51:39,4.85,-0.01,5,2425,卖盘
60,14:51:27,4.86,0.01,10,4860,买盘
61,14:51:24,4.85,-0.01,20,9700,卖盘
62,14:51:18,4.86,0.01,245,119070,买盘
63,14:51:12,4.85,--,67,32494,卖盘
64,14:51:09,4.85,-0.01,800,388000,卖盘
65,14:51:03,4.86,--,6,2916,买盘
66,14:51:00,4.86,0.01,36,17496,买盘
67,14:50:45,4.85,-0.01,11,5335,卖盘
68,14:50:33,4.86,--,50,24300,买盘
69,14:50:21,4.86,--,181,87966,卖盘
70,14:50:18,4.86,--,50,24300,卖盘
71,14:50:12,4.86,--,378,183708,卖盘
72,14:50:09,4.86,-0.01,200,97200,卖盘
73,14:50:06,4.87,--,46,22402,买盘
74,14:50:03,4.87,0.01,27,13149,买盘
75,14:49:57,4.86,-0.01,247,120042,卖盘
76,14:49:51,4.87,--,10,4870,买盘
77,14:49:48,4.87,0.01,10,4870,买盘
78,14:49:39,4.86,--,114,55404,卖盘
79,14:49:33,4.86,--,52,25272,买盘
80,14:49:30,4.86,0.01,200,97200,买盘
81,14:49:27,4.85,-0.01,10,4850,卖盘
82,14:49:21,4.86,0.01,113,54918,买盘
83,14:49:15,4.85,-0.01,80,38800,卖盘
84,14:49:12,4.86,0.01,1,486,买盘
85,14:49:03,4.85,--,5,2425,卖盘
86,14:49:00,4.85,--,50,24250,卖盘
87,14:48:57,4.85,--,51,24735,买盘
88,14:48:51,4.85,0.01,79,38315,买盘
89,14:48:48,4.84,--,53,25652,卖盘
90,14:48:42,4.84,--,87,42108,买盘
91,14:48:36,4.84,--,381,184404,买盘
92,14:48:33,4.84,--,10,4840,买盘
93,14:48:30,4.84,--,190,91960,买盘
94,14:48:27,4.84,0.01,13,6292,买盘
95,14:48:21,4.83,--,132,63756,卖盘
96,14:48:18,4.83,--,2,966,卖盘
97,14:48:15,4.83,0.01,67,32361,买盘
98,14:48:12,4.82,-0.01,307,147974,卖盘
99,14:48:09,4.83,--,17,8211,买盘
100,14:48:06,4.83,--,150,72450,买盘
101,14:48:03,4.83,--,8,3864,买盘
102,14:47:54,4.83,--,50,24150,买盘
103,14:47:51,4.83,--,754,364182,卖盘
104,14:47:48,4.83,--,5,2415,卖盘
105,14:47:39,4.83,--,125,60375,卖盘
106,14:47:36,4.83,-0.01,20,9660,卖盘
107,14:47:27,4.84,-0.01,1263,611292,卖盘
108,14:47:18,4.85,--,1066,517009,卖盘
109,14:47:12,4.85,--,351,170235,卖盘
110,14:47:09,4.85,--,575,278875,卖盘
111,14:47:06,4.85,--,50,24250,卖盘
112,14:47:03,4.85,-0.01,30,14549,卖盘
113,14:46:54,4.86,--,383,186138,买盘
114,14:46:48,4.86,0.01,85,41310,买盘
115,14:46:45,4.85,-0.01,31,15034,卖盘
116,14:46:42,4.86,--,2,972,买盘
117,14:46:33,4.86,--,5,2430,买盘
118,14:46:27,4.86,--,279,135837,卖盘
119,14:46:21,4.86,--,140,68040,卖盘
120,14:46:15,4.86,--,10,4860,卖盘
121,14:46:12,4.86,--,91,44226,卖盘
122,14:46:03,4.86,-0.01,20,9720,卖盘
123,14:46:00,4.87,0.01,37,18019,买盘
124,14:45:54,4.86,-0.01,9,4374,卖盘
125,14:45:51,4.87,0.01,76,37012,买盘
126,14:45:48,4.86,--,42,20412,卖盘
127,14:45:39,4.86,-0.01,30,14580,卖盘
128,14:45:36,4.87,--,130,63310,买盘
129,14:45:33,4.87,--,4,1948,买盘
130,14:45:30,4.87,0.01,4,1948,买盘
131,14:45:21,4.86,-0.01,200,97200,卖盘
132,14:45:18,4.87,--,19,9253,买盘
133,14:45:00,4.87,--,6,2922,买盘
134,14:44:54,4.87,--,54,26298,卖盘
135,14:44:39,4.87,--,2,974,卖盘
136,14:44:33,4.87,0.01,15,7305,买盘
137,14:44:30,4.86,-0.01,102,49572,卖盘
138,14:44:09,4.87,--,25,12175,卖盘
139,14:43:48,4.87,--,13,6331,卖盘
140,14:43:39,4.87,--,100,48700,卖盘
141,14:43:36,4.87,--,20,9740,卖盘
142,14:43:33,4.87,--,20,9740,卖盘
143,14:43:27,4.87,--,38,18506,卖盘
144,14:43:15,4.87,--,20,9740,卖盘
145,14:43:06,4.87,--,16,7792,卖盘
146,14:43:03,4.87,-0.01,10,4870,卖盘
147,14:42:57,4.88,0.01,15,7320,买盘
148,14:42:54,4.87,--,8,3896,卖盘
149,14:42:45,4.87,-0.01,23,11683,卖盘
150,14:42:42,4.88,0.01,20,9760,买盘
151,14:42:39,4.87,--,60,29220,卖盘
152,14:42:36,4.87,--,8,3896,卖盘
153,14:42:30,4.87,--,184,89608,卖盘
154,14:41:54,4.87,0.01,138,67206,买盘
155,14:41:51,4.86,-0.01,1,486,卖盘
156,14:41:45,4.87,0.01,80,38960,买盘
157,14:41:39,4.86,-0.01,3,1458,卖盘
158,14:41:36,4.87,--,70,34090,买盘
159,14:41:30,4.87,--,50,24350,买盘
160,14:41:24,4.87,--,68,33116,买盘
161,14:41:18,4.87,0.01,14,6818,买盘
162,14:41:03,4.86,--,452,219915,买盘
163,14:40:57,4.86,--,131,63666,买盘
164,14:40:51,4.86,--,10,4860,买盘
165,14:40:45,4.86,--,5,2430,买盘
166,14:40:39,4.86,--,567,275562,卖盘
167,14:40:18,4.86,--,2,972,卖盘
168,14:40:09,4.86,-0.01,35,17010,卖盘
169,14:39:57,4.87,0.01,2,974,买盘
170,14:39:54,4.86,--,68,33048,买盘
171,14:39:51,4.86,-0.01,1644,798984,卖盘
172,14:39:48,4.87,0.01,120,58440,买盘
173,14:39:39,4.86,--,1,486,卖盘
174,14:39:36,4.86,--,100,48600,卖盘
175,14:39:24,4.86,-0.01,184,89424,卖盘
176,14:39:21,4.87,--,5,2435,买盘
177,14:39:18,4.87,0.01,198,96426,买盘
178,14:39:09,4.86,-0.01,20,9720,卖盘
179,14:39:06,4.87,--,3,1461,买盘
180,14:39:00,4.87,--,86,41882,买盘
181,14:38:57,4.87,--,1,487,买盘
182,14:38:42,4.87,--,339,165093,卖盘
183,14:38:39,4.87,--,200,97400,卖盘
184,14:38:33,4.87,--,10,4870,卖盘
185,14:38:27,4.87,-0.01,700,340900,卖盘
186,14:37:57,4.88,0.01,8,3904,买盘
187,14:37:51,4.87,-0.01,101,49187,卖盘
188,14:37:45,4.88,--,8,3904,买盘
189,14:37:42,4.88,0.01,1,488,买盘
190,14:37:33,4.87,--,3,1461,卖盘
191,14:37:30,4.87,--,1001,487487,卖盘
192,14:37:27,4.87,--,7,3409,卖盘
193,14:37:18,4.87,--,172,83764,卖盘
194,14:37:15,4.87,-0.01,16,7792,卖盘
195,14:37:06,4.88,0.01,8,3904,买盘
196,14:37:03,4.87,-0.01,2,974,卖盘
197,14:37:00,4.88,0.01,118,57584,买盘
198,14:36:48,4.87,-0.01,22,10714,卖盘
199,14:36:42,4.88,0.01,20,9760,买盘
200,14:36:36,4.87,-0.01,30,14610,卖盘
201,14:36:24,4.88,0.01,34,16592,买盘
202,14:36:18,4.87,--,15,7305,卖盘
203,14:36:15,4.87,-0.01,15,7305,卖盘
204,14:36:12,4.88,0.01,1186,578768,买盘
205,14:36:09,4.87,--,203,98861,卖盘
206,14:36:03,4.87,--,287,139769,卖盘
207,14:35:51,4.87,--,32,15584,卖盘
208,14:35:48,4.87,-0.01,3,1461,卖盘
209,14:35:36,4.88,0.01,2,976,买盘
210,14:35:30,4.87,-0.01,1,487,卖盘
211,14:35:24,4.88,--,10,4880,买盘
212,14:35:12,4.88,-0.01,2506,1223001,卖盘
213,14:35:00,4.89,--,10,4890,买盘
214,14:34:51,4.89,--,3,1467,卖盘
215,14:34:48,4.89,--,18,8802,买盘
216,14:34:42,4.89,0.01,1,488,买盘
217,14:34:39,4.88,-0.01,118,57584,卖盘
218,14:34:36,4.89,--,46,22494,卖盘
219,14:34:27,4.89,--,25,12225,卖盘
220,14:34:21,4.89,-0.01,260,127139,卖盘
221,14:34:18,4.9,0.01,145,71050,买盘
222,14:33:39,4.89,-0.01,16,7823,卖盘
223,14:33:15,4.9,0.01,13,6370,买盘
224,14:33:00,4.89,-0.01,184,89976,卖盘
225,14:32:51,4.9,0.01,2,980,买盘
226,14:32:42,4.89,--,5,2445,卖盘
227,14:32:21,4.89,--,18,8802,卖盘
228,14:31:54,4.89,--,12,5868,卖盘
229,14:31:51,4.89,-0.01,50,24450,卖盘
230,14:31:36,4.9,0.01,113,55370,买盘
231,14:31:33,4.89,--,96,46944,卖盘
232,14:31:30,4.89,--,13,6357,卖盘
233,14:31:18,4.89,--,33,16136,卖盘
234,14:31:06,4.89,--,14,6846,卖盘
235,14:31:03,4.89,--,20,9780,卖盘
236,14:30:57,4.89,--,417,204328,买盘
237,14:30:51,4.89,0.01,25,12225,买盘
238,14:30:48,4.88,--,21,10248,卖盘
239,14:30:45,4.88,--,34,16592,卖盘
240,14:30:15,4.88,-0.01,200,97600,卖盘
241,14:30:12,4.89,--,25,12225,买盘
242,14:29:57,4.89,0.01,18,8802,买盘
243,14:29:51,4.88,--,4,1952,卖盘
244,14:29:48,4.88,--,183,89304,卖盘
245,14:29:45,4.88,-0.01,10,4880,卖盘
246,14:29:42,4.89,--,153,74890,卖盘
247,14:29:39,4.89,-0.01,50,24450,卖盘
248,14:29:33,4.9,0.01,15,7350,买盘
249,14:29:24,4.89,--,107,52323,卖盘
250,14:29:21,4.89,--,3,1467,卖盘
251,14:29:15,4.89,-0.01,130,63569,卖盘
252,14:29:06,4.9,0.01,1,490,买盘
253,14:28:54,4.89,-0.01,71,35085,卖盘
254,14:28:51,4.9,0.01,7,3430,买盘
255,14:28:48,4.89,-0.01,5,2445,卖盘
256,14:28:45,4.9,0.01,50,24500,买盘
257,14:28:27,4.89,-0.01,140,68460,卖盘
258,14:28:21,4.9,0.01,20,9800,买盘
259,14:28:15,4.89,-0.01,10,4890,卖盘
260,14:28:03,4.9,0.01,2,980,买盘
261,14:27:51,4.89,--,75,36675,卖盘
262,14:27:48,4.89,--,80,39120,卖盘
263,14:27:45,4.89,-0.01,50,24450,卖盘
264,14:27:36,4.9,0.01,294,144109,买盘
265,14:27:06,4.89,--,1,488,卖盘
266,14:27:03,4.89,-0.01,89,43521,卖盘
267,14:26:39,4.9,--,5,2450,买盘
268,14:26:36,4.9,0.01,10,4900,买盘
269,14:26:33,4.89,--,183,89487,卖盘
270,14:26:30,4.89,--,17,8313,卖盘
271,14:26:21,4.89,--,260,127139,卖盘
272,14:26:18,4.89,--,6,2934,卖盘
273,14:25:57,4.89,-0.01,6,2934,卖盘
274,14:25:51,4.9,--,30,14700,买盘
275,14:25:36,4.9,0.01,10,4900,买盘
276,14:25:33,4.89,--,1,488,卖盘
277,14:25:18,4.89,--,276,134964,买盘
278,14:25:03,4.89,--,18,8802,买盘
279,14:24:48,4.89,--,35,17115,买盘
280,14:24:45,4.89,--,3,1467,买盘
281,14:24:36,4.89,--,20,9780,买盘
282,14:24:33,4.89,0.01,2,977,买盘
283,14:24:27,4.88,-0.01,15,7320,卖盘
284,14:24:24,4.89,--,10,4890,买盘
285,14:24:12,4.89,--,3,1467,买盘
286,14:24:06,4.89,--,10,4890,买盘
287,14:24:03,4.89,-0.01,390,190710,卖盘
288,14:24:00,4.9,0.01,6,2940,买盘
289,14:23:57,4.89,-0.01,40,19560,卖盘
290,14:23:54,4.9,--,22,10780,买盘
291,14:23:39,4.9,--,1,490,买盘
292,14:23:36,4.9,--,2998,1469265,卖盘
293,14:23:21,4.9,-0.01,183,89670,卖盘
294,14:23:09,4.91,0.01,18,8838,买盘
295,14:23:06,4.9,--,10,4900,卖盘
296,14:23:03,4.9,--,25,12250,卖盘
297,14:22:54,4.9,-0.01,10,4900,卖盘
298,14:22:51,4.91,0.01,5,2455,买盘
299,14:22:45,4.9,--,50,24500,卖盘
300,14:22:42,4.9,-0.01,200,98000,卖盘
301,14:22:30,4.91,0.01,60,29460,买盘
302,14:22:15,4.9,-0.01,4,1960,卖盘
303,14:22:12,4.91,--,20,9820,买盘
304,14:22:00,4.91,--,10,4910,买盘
305,14:21:51,4.91,--,55,27005,买盘
306,14:21:45,4.91,--,20,9820,买盘
307,14:21:36,4.91,--,13,6383,买盘
308,14:21:33,4.91,0.01,2,982,买盘
309,14:21:30,4.9,--,10,4900,卖盘
310,14:21:18,4.9,--,30,14700,卖盘
311,14:21:09,4.9,--,87,42630,卖盘
312,14:20:57,4.9,-0.01,4,1960,卖盘
313,14:20:45,4.91,--,27,13257,买盘
314,14:20:39,4.91,--,100,49100,买盘
315,14:20:33,4.91,--,2,982,买盘
316,14:20:18,4.91,0.01,40,19640,买盘
317,14:20:15,4.9,--,20,9800,卖盘
318,14:20:09,4.9,-0.01,184,90160,卖盘
319,14:20:03,4.91,--,286,140426,买盘
320,14:19:57,4.91,0.01,36,17676,买盘
321,14:19:54,4.9,--,10,4900,卖盘
322,14:19:48,4.9,--,30,14700,卖盘
323,14:19:39,4.9,-0.01,11,5390,卖盘
324,14:19:33,4.91,0.01,40,19640,买盘
325,14:19:27,4.9,--,9,4410,卖盘
326,14:19:24,4.9,--,5,2450,卖盘
327,14:19:18,4.9,-0.01,176,86240,卖盘
328,14:19:09,4.91,--,5,2455,买盘
329,14:19:00,4.91,--,255,125205,买盘
330,14:18:57,4.91,0.01,77,37807,买盘
331,14:18:54,4.9,-0.01,15,7350,卖盘
332,14:18:51,4.91,--,10,4910,买盘
333,14:18:48,4.91,--,832,408512,买盘
334,14:18:45,4.91,--,30,14730,买盘
335,14:18:42,4.91,--,128,62848,买盘
336,14:18:39,4.91,0.01,48,23568,买盘
337,14:18:36,4.9,--,258,126420,卖盘
338,14:18:30,4.9,-0.01,30,14700,卖盘
339,14:18:27,4.91,--,41,20131,买盘
340,14:18:21,4.91,--,77,37807,买盘
341,14:18:18,4.91,--,10,4910,买盘
342,14:18:15,4.91,-0.01,272,133552,卖盘
343,14:18:12,4.92,0.01,60,29520,买盘
344,14:18:09,4.91,-0.01,120,58920,卖盘
345,14:18:06,4.92,--,9,4428,买盘
346,14:18:03,4.92,--,5,2460,买盘
347,14:17:57,4.92,0.01,10,4920,买盘
348,14:17:54,4.91,-0.01,25,12275,卖盘
349,14:17:51,4.92,0.02,387,190404,买盘
350,14:17:48,4.9,-0.01,10,4900,卖盘
351,14:17:45,4.91,--,40,19640,买盘
352,14:17:39,4.91,0.01,211,103601,买盘
353,14:17:33,4.9,-0.01,11,5390,卖盘
354,14:17:27,4.91,--,58,28478,买盘
355,14:17:21,4.91,0.01,19,9329,买盘
356,14:17:15,4.9,-0.01,80,39200,卖盘
357,14:17:12,4.91,0.01,110,54010,买盘
358,14:17:06,4.9,0.01,641,314335,买盘
359,14:17:00,4.89,--,15,7334,卖盘
360,14:16:57,4.89,--,32,15882,买盘
361,14:16:54,4.89,--,387,189243,买盘
362,14:16:51,4.89,--,12,5868,买盘
363,14:16:48,4.89,0.01,100,48900,买盘
364,14:16:42,4.88,-0.01,77,37576,卖盘
365,14:16:36,4.89,--,5,2445,买盘
366,14:16:33,4.89,0.01,12,5868,买盘
367,14:16:24,4.88,-0.01,12,5856,卖盘
368,14:16:21,4.89,0.01,5,2445,买盘
369,14:16:18,4.88,-0.01,55,26840,卖盘
370,14:16:12,4.89,0.01,168,82152,买盘
371,14:16:09,4.88,-0.01,35,17080,卖盘
372,14:16:06,4.89,--,310,151590,买盘
373,14:16:03,4.89,--,25,12225,买盘
374,14:15:51,4.89,--,265,129584,买盘
375,14:15:48,4.89,-0.01,2296,1122744,卖盘
376,14:15:42,4.9,--,2,980,买盘
377,14:15:33,4.9,--,60,29400,买盘
378,14:15:30,4.9,--,83,40670,买盘
379,14:15:24,4.9,--,5,2450,买盘
380,14:15:21,4.9,--,30,14700,买盘
381,14:15:18,4.9,--,17,8330,买盘
382,14:15:12,4.9,--,50,24500,买盘
383,14:15:09,4.9,--,319,156310,买盘
384,14:15:03,4.9,--,40,19600,买盘
385,14:15:00,4.9,--,697,341530,买盘
386,14:14:57,4.9,0.01,20,9800,买盘
387,14:14:51,4.89,--,189,92421,卖盘
388,14:14:45,4.89,-0.01,24,11736,卖盘
389,14:14:42,4.9,0.01,80,39200,买盘
390,14:14:39,4.89,--,659,322251,买盘
391,14:14:36,4.89,--,29,14180,买盘
392,14:14:33,4.89,--,193,94377,买盘
393,14:14:15,4.89,0.01,646,315894,买盘
394,14:14:12,4.88,--,12,5856,买盘
395,14:14:09,4.88,-0.01,53,26108,卖盘
396,14:14:00,4.89,0.01,15,7334,买盘
397,14:13:33,4.88,0.01,1995,973804,买盘
398,14:13:21,4.87,--,15,7305,买盘
399,14:13:12,4.87,--,5,2435,买盘
400,14:13:00,4.87,--,3,1461,买盘
401,14:12:54,4.87,--,10,4870,买盘
402,14:12:39,4.87,--,46,22402,买盘
403,14:12:21,4.87,--,14,7061,卖盘
404,14:12:00,4.87,--,10,5113,买盘
405,14:11:57,4.87,--,11,5357,买盘
406,14:11:51,4.87,--,3,1461,买盘
407,14:11:42,4.87,--,2,974,买盘
408,14:11:36,4.87,--,25,12175,买盘
409,14:11:33,4.87,--,10,4870,买盘
410,14:11:30,4.87,0.01,10,4870,买盘
411,14:11:24,4.86,-0.01,5,2430,卖盘
412,14:11:21,4.87,--,122,59657,卖盘
413,14:11:18,4.87,--,877,427342,买盘
414,14:10:57,4.87,--,45,21915,买盘
415,14:10:30,4.87,0.01,6,2922,买盘
416,14:09:30,4.86,-0.01,36,17496,卖盘
417,14:09:15,4.87,--,10,4870,买盘
418,14:09:06,4.87,--,35,17045,买盘
419,14:09:00,4.87,0.01,2,974,买盘
420,14:08:57,4.86,-0.01,160,77760,卖盘
421,14:08:48,4.87,0.01,5,2435,买盘
422,14:08:33,4.86,-0.01,100,48600,卖盘
423,14:08:30,4.87,--,1,487,买盘
424,14:08:27,4.87,--,4,1948,买盘
425,14:08:21,4.87,0.01,23,11201,买盘
426,14:08:18,4.86,-0.01,32,15552,卖盘
427,14:08:09,4.87,--,41,19967,买盘
428,14:07:51,4.87,0.01,2,974,买盘
429,14:07:42,4.86,--,1,486,卖盘
430,14:07:33,4.86,--,30,14580,卖盘
431,14:07:24,4.86,--,15,7290,卖盘
432,14:06:51,4.86,--,52,25272,卖盘
433,14:06:27,4.86,--,40,19440,卖盘
434,14:06:12,4.86,-0.01,30,14580,卖盘
435,14:05:48,4.87,0.01,19,9253,买盘
436,14:05:45,4.86,-0.01,1,486,卖盘
437,14:05:42,4.87,0.01,42,20454,买盘
438,14:05:33,4.86,--,2,972,卖盘
439,14:05:27,4.86,-0.01,1,486,卖盘
440,14:05:00,4.87,--,2,974,买盘
441,14:04:45,4.87,--,104,50891,卖盘
442,14:04:39,4.87,--,42,20454,卖盘
443,14:04:33,4.87,--,16,7792,卖盘
444,14:04:27,4.87,--,310,151213,卖盘
445,14:04:24,4.87,--,100,48700,卖盘
446,14:04:21,4.87,0.01,548,266876,买盘
447,14:04:12,4.86,-0.01,283,137538,卖盘
448,14:04:03,4.87,--,390,189930,买盘
449,14:04:00,4.87,0.01,10,4870,买盘
450,14:03:57,4.86,-0.01,442,214812,卖盘
451,14:03:39,4.87,0.01,100,48700,买盘
452,14:03:21,4.86,--,1,486,卖盘
453,14:03:18,4.86,--,6,2916,卖盘
454,14:03:15,4.86,--,40,19440,卖盘
455,14:03:06,4.86,-0.01,29,14094,卖盘
456,14:01:48,4.87,0.01,13,6331,买盘
457,14:01:45,4.86,--,1,486,卖盘
458,14:01:42,4.86,--,34,16524,卖盘
459,14:01:24,4.86,--,1,486,卖盘
460,14:00:57,4.86,--,100,48600,卖盘
461,14:00:48,4.86,-0.01,178,86508,卖盘
462,14:00:42,4.87,--,100,48700,买盘
463,14:00:33,4.87,0.01,30,14610,买盘
464,14:00:27,4.86,-0.01,28,13608,卖盘
465,14:00:24,4.87,--,58,28246,买盘
466,14:00:12,4.87,0.01,50,24350,买盘
467,13:59:57,4.86,-0.01,100,48600,卖盘
468,13:59:51,4.87,--,16,7792,买盘
469,13:59:30,4.87,0.01,756,368172,买盘
470,13:59:27,4.86,--,100,48600,卖盘
471,13:59:21,4.86,--,5,2430,卖盘
472,13:59:15,4.86,--,5,2430,卖盘
473,13:59:00,4.86,--,5,2430,卖盘
474,13:58:57,4.86,--,3,1458,卖盘
475,13:58:39,4.86,--,200,97200,卖盘
476,13:58:24,4.86,-0.01,13,6318,卖盘
477,13:57:54,4.87,0.01,1,487,买盘
478,13:57:45,4.86,-0.01,100,48600,卖盘
479,13:57:42,4.87,0.01,90,43830,买盘
480,13:57:33,4.86,--,36,17496,卖盘
481,13:57:24,4.86,--,4,1944,卖盘
482,13:57:21,4.86,--,17,8262,卖盘
483,13:57:09,4.86,--,50,24300,卖盘
484,13:57:00,4.86,--,40,19449,卖盘
485,13:56:54,4.86,--,61,29646,卖盘
486,13:56:36,4.86,--,94,45684,卖盘
487,13:56:21,4.86,--,20,9720,卖盘
488,13:56:15,4.86,--,30,14580,卖盘
489,13:56:12,4.86,--,18,8748,卖盘
490,13:56:09,4.86,-0.01,12,5832,卖盘
491,13:55:42,4.87,--,8,3896,买盘
492,13:55:36,4.87,--,192,93504,中性盘
493,13:55:24,4.87,-0.01,10,4870,中性盘
494,13:55:09,4.88,0.01,113,55144,买盘
495,13:55:03,4.87,-0.01,14,6818,卖盘
496,13:54:51,4.88,0.01,3,1464,买盘
497,13:54:42,4.87,-0.01,25,12175,中性盘
498,13:54:36,4.88,--,20,9760,买盘
499,13:54:33,4.88,0.01,892,435296,买盘
500,13:54:18,4.87,--,10,4870,卖盘
501,13:54:12,4.87,0.01,805,392035,买盘
502,13:54:03,4.86,--,50,24300,卖盘
503,13:53:48,4.86,--,11,5346,卖盘
504,13:53:42,4.86,--,58,28188,卖盘
505,13:53:30,4.86,--,20,9720,卖盘
506,13:53:06,4.86,-0.01,188,91368,卖盘
507,13:53:03,4.87,--,192,93504,买盘
508,13:53:00,4.87,0.01,52,25324,买盘
509,13:52:51,4.86,--,180,87480,卖盘
510,13:52:42,4.86,--,29,14094,卖盘
511,13:52:39,4.86,--,105,51030,卖盘
512,13:52:36,4.86,--,60,29160,卖盘
513,13:52:30,4.86,--,15,7290,卖盘
514,13:52:24,4.86,--,502,243972,卖盘
515,13:52:18,4.86,--,26,12636,卖盘
516,13:52:12,4.86,--,382,185652,卖盘
517,13:52:09,4.86,-0.01,260,126360,卖盘
518,13:52:03,4.87,--,3,1461,买盘
519,13:52:00,4.87,0.01,3,1461,买盘
520,13:51:54,4.86,--,8,3888,卖盘
521,13:51:45,4.86,--,3,1458,卖盘
522,13:51:39,4.86,--,7,3402,卖盘
523,13:51:24,4.86,--,20,9720,卖盘
524,13:51:12,4.86,-0.01,115,55890,卖盘
525,13:51:09,4.87,0.01,4,1948,买盘
526,13:51:03,4.86,-0.01,30,14580,卖盘
527,13:50:57,4.87,0.01,300,146100,买盘
528,13:50:54,4.86,--,15,7290,卖盘
529,13:50:42,4.86,-0.01,23,11178,卖盘
530,13:50:24,4.87,--,1510,735370,卖盘
531,13:50:21,4.87,--,238,115906,卖盘
532,13:49:30,4.87,--,138,67206,卖盘
533,13:49:18,4.87,--,8,3896,卖盘
534,13:49:12,4.87,-0.01,19,9253,卖盘
535,13:49:09,4.88,0.01,5,2440,买盘
536,13:49:03,4.87,-0.01,10,4870,卖盘
537,13:48:51,4.88,0.01,50,24400,买盘
538,13:48:42,4.87,-0.01,25,12175,卖盘
539,13:48:30,4.88,0.01,8,3904,买盘
540,13:48:24,4.87,-0.01,33,16071,卖盘
541,13:48:12,4.88,--,8,3904,买盘
542,13:48:09,4.88,--,6,2928,买盘
543,13:48:03,4.88,--,50,24400,买盘
544,13:48:00,4.88,--,33,16104,买盘
545,13:47:36,4.88,0.01,20,9760,买盘
546,13:47:30,4.87,--,23,11201,卖盘
547,13:47:24,4.87,-0.01,338,164606,卖盘
548,13:47:15,4.88,--,30,14640,买盘
549,13:47:09,4.88,--,23,11224,买盘
550,13:47:03,4.88,--,34,16592,买盘
551,13:46:51,4.88,0.01,10,4880,买盘
552,13:46:45,4.87,-0.01,5,2435,卖盘
553,13:46:42,4.88,--,10,4880,买盘
554,13:46:39,4.88,--,3,1464,买盘
555,13:46:24,4.88,0.01,17,8296,买盘
556,13:46:03,4.87,-0.01,20,9740,卖盘
557,13:46:00,4.88,--,1,488,买盘
558,13:45:57,4.88,0.01,40,19520,买盘
559,13:45:42,4.87,--,43,20941,卖盘
560,13:45:27,4.87,--,21,10227,卖盘
561,13:45:12,4.87,-0.01,110,53570,卖盘
562,13:44:57,4.88,--,10,4880,买盘
563,13:44:39,4.88,--,7,3416,买盘
564,13:44:33,4.88,--,44,21472,买盘
565,13:44:27,4.88,--,328,160064,卖盘
566,13:44:24,4.88,--,20,9760,卖盘
567,13:44:21,4.88,--,22,10736,卖盘
568,13:44:18,4.88,--,5,2440,卖盘
569,13:44:12,4.88,-0.01,200,97600,卖盘
570,13:44:09,4.89,0.01,6,2934,买盘
571,13:44:06,4.88,--,5,2440,卖盘
572,13:43:54,4.88,-0.01,200,97600,卖盘
573,13:43:15,4.89,--,20,9780,买盘
574,13:42:27,4.89,0.01,25,12225,买盘
575,13:42:21,4.88,--,15,7320,卖盘
576,13:42:18,4.88,-0.01,14,6832,卖盘
577,13:42:00,4.89,--,128,62591,买盘
578,13:41:09,4.89,0.01,67,32762,买盘
579,13:41:00,4.88,--,2,976,卖盘
580,13:40:57,4.88,--,15,7320,卖盘
581,13:40:48,4.88,--,47,22936,卖盘
582,13:40:42,4.88,--,158,77104,卖盘
583,13:40:24,4.88,--,1,488,卖盘
584,13:40:21,4.88,-0.01,10,4880,卖盘
585,13:40:12,4.89,--,20,9780,买盘
586,13:39:42,4.89,0.01,11,5379,买盘
587,13:39:30,4.88,--,135,65880,卖盘
588,13:39:18,4.88,-0.01,295,143960,卖盘
589,13:39:15,4.89,0.01,3,1467,买盘
590,13:39:03,4.88,--,16,7808,卖盘
591,13:38:57,4.88,--,136,66368,买盘
592,13:38:54,4.88,--,13,6344,买盘
593,13:38:51,4.88,--,100,48800,买盘
594,13:38:42,4.88,--,66,32208,买盘
595,13:38:33,4.88,--,22,10736,买盘
596,13:38:27,4.88,--,92,44896,买盘
597,13:38:24,4.88,--,3,1464,买盘
598,13:38:21,4.88,--,3,1464,买盘
599,13:38:15,4.88,--,2,976,买盘
600,13:38:06,4.88,--,53,25864,买盘
601,13:38:00,4.88,0.01,30,14640,买盘
602,13:37:48,4.87,--,178,86686,买盘
603,13:37:33,4.87,--,6,2922,买盘
604,13:37:30,4.87,--,80,38960,买盘
605,13:37:24,4.87,--,10,4870,买盘
606,13:37:21,4.87,--,25,12175,买盘
607,13:37:18,4.87,--,59,28733,买盘
608,13:37:15,4.87,--,24,11688,买盘
609,13:37:12,4.87,--,24,11688,买盘
610,13:36:54,4.87,--,20,9740,买盘
611,13:36:51,4.87,--,3,1461,买盘
612,13:36:42,4.87,--,31,15097,买盘
613,13:36:09,4.87,0.01,10,4870,买盘
614,13:35:57,4.86,-0.01,6,2916,卖盘
615,13:35:36,4.87,0.01,5,2435,买盘
616,13:35:27,4.86,-0.01,3,1458,卖盘
617,13:35:24,4.87,--,10,4870,买盘
618,13:35:18,4.87,--,16,7792,买盘
619,13:34:54,4.87,0.01,1,487,买盘
620,13:34:48,4.86,--,30,14580,卖盘
621,13:34:36,4.86,--,1,486,卖盘
622,13:34:12,4.86,--,48,23328,卖盘
623,13:34:06,4.86,--,26,12636,卖盘
624,13:33:57,4.86,--,21,10206,买盘
625,13:33:54,4.86,--,116,56376,买盘
626,13:33:42,4.86,--,15,7290,买盘
627,13:33:36,4.86,--,200,97200,买盘
628,13:33:18,4.86,--,20,9720,买盘
629,13:33:15,4.86,--,100,48600,买盘
630,13:33:06,4.86,--,15,7290,买盘
631,13:32:51,4.86,--,3,1458,买盘
632,13:32:33,4.86,--,2,972,买盘
633,13:32:18,4.86,--,1,486,买盘
634,13:31:57,4.86,--,48,23328,买盘
635,13:31:39,4.86,--,14,6804,买盘
636,13:31:21,4.86,--,4,1944,买盘
637,13:31:03,4.86,--,34,16524,买盘
638,13:31:00,4.86,--,10,4860,买盘
639,13:30:51,4.86,0.01,3,1458,买盘
640,13:30:33,4.85,-0.01,10,4850,卖盘
641,13:30:30,4.86,--,1,486,买盘
642,13:30:06,4.86,--,10,4860,买盘
643,13:29:51,4.86,0.01,1,486,买盘
644,13:29:33,4.85,-0.01,2,969,卖盘
645,13:29:18,4.86,0.01,4,1944,买盘
646,13:29:12,4.85,--,3,1455,卖盘
647,13:29:06,4.85,-0.01,200,97000,卖盘
648,13:28:51,4.86,--,272,132192,买盘
649,13:28:36,4.86,0.01,46,22356,买盘
650,13:28:30,4.85,-0.01,152,73720,卖盘
651,13:28:24,4.86,0.01,10,4860,买盘
652,13:27:54,4.85,-0.01,50,24250,卖盘
653,13:27:51,4.86,0.01,4,1944,买盘
654,13:27:39,4.85,--,3,1455,卖盘
655,13:27:27,4.85,--,19,9215,卖盘
656,13:27:12,4.85,--,1,484,卖盘
657,13:27:00,4.85,--,29,14064,卖盘
658,13:26:57,4.85,-0.01,20,9700,卖盘
659,13:26:54,4.86,0.01,5,2430,买盘
660,13:26:33,4.85,--,2,969,卖盘
661,13:26:27,4.85,-0.01,428,207579,卖盘
662,13:26:24,4.86,0.01,100,48600,买盘
663,13:26:21,4.85,-0.01,2,969,卖盘
664,13:26:15,4.86,--,9,4374,买盘
665,13:26:06,4.86,0.01,23,11178,买盘
666,13:25:54,4.85,-0.01,1,484,卖盘
667,13:25:48,4.86,0.01,54,26244,买盘
668,13:25:27,4.85,-0.01,35,16975,卖盘
669,13:25:00,4.86,0.01,3,1458,买盘
670,13:24:33,4.85,--,2,969,卖盘
671,13:24:24,4.85,--,3,1455,卖盘
672,13:24:00,4.85,--,3,1455,卖盘
673,13:23:48,4.85,-0.01,67,32494,卖盘
674,13:23:12,4.86,0.01,10,4860,买盘
675,13:23:06,4.85,-0.01,35,16975,卖盘
676,13:23:00,4.86,0.01,5,2430,买盘
677,13:22:36,4.85,--,8,3879,卖盘
678,13:22:30,4.85,-0.01,138,66930,卖盘
679,13:22:27,4.86,0.01,10,4860,买盘
680,13:21:51,4.85,-0.01,30,14549,卖盘
681,13:21:42,4.86,0.01,100,48600,买盘
682,13:21:24,4.85,-0.01,20,9700,卖盘
683,13:21:15,4.86,--,47,22842,买盘
684,13:21:06,4.86,0.01,10,4860,中性盘
685,13:20:54,4.85,-0.01,200,97000,卖盘
686,13:20:42,4.86,0.01,52,25272,买盘
687,13:20:30,4.85,--,4,1939,卖盘
688,13:20:24,4.85,--,4,1939,卖盘
689,13:20:03,4.85,-0.01,245,118824,卖盘
690,13:19:45,4.86,--,5,2430,买盘
691,13:19:42,4.86,--,97,47142,卖盘
692,13:19:03,4.86,-0.01,100,48600,卖盘
693,13:19:00,4.87,--,2,974,买盘
694,13:18:06,4.87,0.01,3,1461,买盘
695,13:17:51,4.86,-0.01,200,97200,卖盘
696,13:17:27,4.87,--,12,5844,买盘
697,13:17:21,4.87,0.01,100,48700,买盘
698,13:17:06,4.86,--,20,9720,卖盘
699,13:16:57,4.86,--,4,1944,卖盘
700,13:16:45,4.86,--,30,14580,卖盘
701,13:16:09,4.86,--,10,4860,卖盘
702,13:16:06,4.86,--,51,24786,卖盘
703,13:15:15,4.86,-0.01,15,7290,卖盘
704,13:15:09,4.87,--,400,194800,买盘
705,13:15:03,4.87,0.01,10,4870,买盘
706,13:14:54,4.86,--,20,9720,卖盘
707,13:14:45,4.86,-0.01,140,68040,卖盘
708,13:14:39,4.87,--,10,4870,买盘
709,13:14:27,4.87,--,10,4870,买盘
710,13:14:24,4.87,--,10,4870,买盘
711,13:13:48,4.87,0.01,20,9740,买盘
712,13:13:42,4.86,--,20,9720,卖盘
713,13:13:18,4.86,--,96,46656,卖盘
714,13:13:15,4.86,-0.01,5,2430,卖盘
715,13:13:12,4.87,0.01,41,19967,买盘
716,13:13:06,4.86,--,79,38394,卖盘
717,13:12:24,4.86,-0.01,50,24300,卖盘
718,13:12:21,4.87,0.01,1,487,买盘
719,13:11:57,4.86,--,194,94284,卖盘
720,13:11:48,4.86,--,30,14580,卖盘
721,13:11:42,4.86,--,12,5832,卖盘
722,13:11:36,4.86,--,1,486,卖盘
723,13:11:30,4.86,-0.01,30,14580,卖盘
724,13:11:21,4.87,0.01,2,974,买盘
725,13:10:42,4.86,--,194,94284,卖盘
726,13:10:39,4.86,-0.01,4,1944,卖盘
727,13:10:03,4.87,0.01,1,487,买盘
728,13:09:48,4.86,--,2,972,卖盘
729,13:09:36,4.86,--,279,135594,卖盘
730,13:09:21,4.86,--,16,7776,卖盘
731,13:09:18,4.86,--,16,7776,卖盘
732,13:08:48,4.86,-0.01,15,7290,卖盘
733,13:08:33,4.87,0.01,40,19480,买盘
734,13:08:18,4.86,--,48,23328,卖盘
735,13:08:15,4.86,-0.01,201,97686,卖盘
736,13:08:12,4.87,--,24,11688,买盘
737,13:07:48,4.87,0.01,3,1461,买盘
738,13:07:42,4.86,-0.01,94,45684,卖盘
739,13:07:27,4.87,--,71,34577,买盘
740,13:07:18,4.87,--,50,24350,买盘
741,13:07:09,4.87,--,3,1461,买盘
742,13:06:54,4.87,--,1,487,买盘
743,13:06:48,4.87,--,18,8766,买盘
744,13:06:39,4.87,-0.01,164,79868,卖盘
745,13:06:36,4.88,0.01,100,48800,买盘
746,13:06:24,4.87,--,11,5357,卖盘
747,13:06:06,4.87,0.01,5,2435,买盘
748,13:05:42,4.86,--,101,49086,卖盘
749,13:05:00,4.86,-0.01,1,486,卖盘
750,13:04:48,4.87,--,48,23376,买盘
751,13:04:33,4.87,-0.01,320,155840,卖盘
752,13:04:21,4.88,0.01,134,65392,买盘
753,13:04:12,4.87,--,10,4870,卖盘
754,13:04:06,4.87,--,32,15584,卖盘
755,13:04:00,4.87,--,10,4870,卖盘
756,13:03:54,4.87,--,8,3896,卖盘
757,13:03:48,4.87,--,11,5357,卖盘
758,13:03:45,4.87,--,5,2435,卖盘
759,13:03:36,4.87,--,198,96426,卖盘
760,13:03:27,4.87,-0.01,9,4383,卖盘
761,13:03:21,4.88,--,51,24888,买盘
762,13:02:45,4.88,--,15,7320,买盘
763,13:02:42,4.88,--,50,24400,买盘
764,13:02:27,4.88,--,12,5856,买盘
765,13:02:03,4.88,--,10,4880,买盘
766,13:02:00,4.88,--,5,2440,买盘
767,13:01:51,4.88,--,103,50264,买盘
768,13:01:45,4.88,--,1,488,买盘
769,13:01:33,4.88,--,22,10736,买盘
770,13:01:24,4.88,0.01,103,50264,买盘
771,13:01:06,4.87,--,4,1948,卖盘
772,13:01:00,4.87,--,151,73537,买盘
773,13:00:42,4.87,--,2,974,买盘
774,13:00:06,4.87,0.01,149,72563,买盘
775,13:00:03,4.86,--,872,423792,卖盘
776,13:00:00,4.86,--,0,0,卖盘
777,11:30:00,4.86,--,0,0,卖盘
778,11:29:57,4.86,-0.02,253,122958,卖盘
779,11:29:51,4.88,0.01,20,9760,买盘
780,11:29:48,4.87,-0.01,6,2922,卖盘
781,11:29:42,4.88,0.01,20,9760,买盘
782,11:29:39,4.87,--,55,26785,买盘
783,11:29:33,4.87,--,22,10714,买盘
784,11:29:30,4.87,--,5,2435,买盘
785,11:29:27,4.87,--,50,24350,买盘
786,11:29:24,4.87,-0.01,16,7792,卖盘
787,11:29:15,4.88,--,1,488,买盘
788,11:29:06,4.88,0.01,60,29280,买盘
789,11:28:54,4.87,--,4,1948,买盘
790,11:28:42,4.87,--,80,38960,买盘
791,11:28:39,4.87,--,30,14610,买盘
792,11:28:36,4.87,0.01,80,38960,买盘
793,11:28:33,4.86,-0.01,218,105948,卖盘
794,11:28:15,4.87,--,20,9740,买盘
795,11:28:06,4.87,--,10,4870,买盘
796,11:28:00,4.87,0.01,30,14610,买盘
797,11:27:54,4.86,-0.01,10,4860,卖盘
798,11:27:51,4.87,--,8,3896,买盘
799,11:27:45,4.87,0.01,27,13149,买盘
800,11:27:36,4.86,-0.01,5,2430,卖盘
801,11:27:33,4.87,0.01,33,16071,买盘
802,11:27:21,4.86,--,10,4860,买盘
803,11:27:18,4.86,--,192,93312,买盘
804,11:27:06,4.86,--,196,95256,买盘
805,11:27:00,4.86,--,12,5832,买盘
806,11:26:30,4.86,--,3,1458,买盘
807,11:26:21,4.86,--,12,5832,买盘
808,11:26:03,4.86,0.01,5,2430,买盘
809,11:25:36,4.85,--,18,8730,买盘
810,11:25:27,4.85,--,7,3394,买盘
811,11:25:24,4.85,-0.01,60,29099,卖盘
812,11:25:00,4.86,0.01,10,4860,买盘
813,11:24:36,4.85,--,6,2910,买盘
814,11:24:27,4.85,--,15,7274,卖盘
815,11:24:18,4.85,-0.01,10,4850,中性盘
816,11:24:12,4.86,0.02,1,486,买盘
817,11:24:09,4.84,-0.02,199,96785,卖盘
818,11:24:06,4.86,0.01,415,201690,买盘
819,11:24:00,4.85,-0.01,31,15034,卖盘
820,11:23:54,4.86,0.01,5,2430,买盘
821,11:23:15,4.85,--,10,4850,卖盘
822,11:23:00,4.85,-0.01,7,3394,卖盘
823,11:22:54,4.86,--,30,14580,买盘
824,11:22:51,4.86,--,40,19440,买盘
825,11:22:48,4.86,-0.01,69,33548,卖盘
826,11:22:45,4.87,0.01,20,9740,买盘
827,11:22:39,4.86,--,209,101972,卖盘
828,11:22:12,4.86,0.01,140,68112,买盘
829,11:21:30,4.85,-0.01,37,17945,中性盘
830,11:21:18,4.86,0.01,423,205578,买盘
831,11:21:12,4.85,--,5,2425,买盘
832,11:20:57,4.85,--,100,48500,买盘
833,11:20:54,4.85,--,12,5820,买盘
834,11:20:48,4.85,--,12,5820,买盘
835,11:20:45,4.85,--,6,2914,卖盘
836,11:20:24,4.85,--,102,49950,买盘
837,11:20:15,4.85,0.01,25,12125,买盘
838,11:20:03,4.84,--,7,3388,卖盘
839,11:19:39,4.84,--,8,3872,卖盘
840,11:19:30,4.84,--,1,484,卖盘
841,11:19:21,4.84,-0.01,20,9680,卖盘
842,11:19:15,4.85,0.01,100,48500,买盘
843,11:19:12,4.84,--,1,484,卖盘
844,11:19:09,4.84,--,5,2420,卖盘
845,11:18:51,4.84,--,189,91476,买盘
846,11:18:27,4.84,0.01,3,1452,买盘
847,11:18:15,4.83,-0.01,246,118818,卖盘
848,11:18:12,4.84,0.01,1,484,买盘
849,11:17:48,4.83,-0.01,22,10626,卖盘
850,11:17:39,4.84,--,33,15972,买盘
851,11:17:33,4.84,--,13,6292,买盘
852,11:17:27,4.84,--,38,18392,卖盘
853,11:17:03,4.84,--,29,14036,买盘
854,11:16:57,4.84,--,5,2420,买盘
855,11:16:45,4.84,--,300,145200,买盘
856,11:16:33,4.84,--,16,7744,卖盘
857,11:16:27,4.84,--,19,9196,卖盘
858,11:16:15,4.84,--,155,75020,买盘
859,11:16:12,4.84,--,57,27588,买盘
860,11:16:09,4.84,--,3,1452,买盘
861,11:16:06,4.84,--,42,20328,买盘
862,11:16:03,4.84,--,100,48400,买盘
863,11:16:00,4.84,0.01,89,43076,买盘
864,11:15:51,4.83,-0.01,50,24150,卖盘
865,11:15:48,4.84,0.01,10,4840,买盘
866,11:15:45,4.83,-0.01,50,24150,卖盘
867,11:15:42,4.84,0.01,7,3388,买盘
868,11:15:36,4.83,-0.01,130,62790,卖盘
869,11:15:30,4.84,--,2,968,买盘
870,11:15:24,4.84,--,12,5808,买盘
871,11:15:15,4.84,--,50,24200,买盘
872,11:15:12,4.84,0.01,300,145200,买盘
873,11:14:48,4.83,--,8,3864,卖盘
874,11:14:18,4.83,--,5,2415,卖盘
875,11:13:45,4.83,--,40,19320,卖盘
876,11:13:36,4.83,-0.01,9,4347,卖盘
877,11:12:45,4.84,0.01,36,17424,买盘
878,11:12:36,4.83,--,103,49749,卖盘
879,11:12:27,4.83,--,6,2898,卖盘
880,11:12:24,4.83,-0.01,40,19320,卖盘
881,11:12:15,4.84,--,10,4840,买盘
882,11:12:06,4.84,0.01,4,1936,买盘
883,11:11:54,4.83,-0.01,15,7245,卖盘
884,11:11:51,4.84,0.01,11,5324,买盘
885,11:11:48,4.83,--,50,24150,卖盘
886,11:11:18,4.83,-0.01,2,966,卖盘
887,11:11:12,4.84,0.02,200,96800,买盘
888,11:10:45,4.82,-0.03,20,9640,卖盘
889,11:10:33,4.85,0.03,5,2425,买盘
890,11:10:27,4.82,-0.02,1000,482000,卖盘
891,11:10:24,4.84,-0.01,40,19360,卖盘
892,11:10:15,4.85,--,78,37830,买盘
893,11:10:12,4.85,0.01,4,1939,买盘
894,11:09:54,4.84,-0.01,70,33880,卖盘
895,11:09:36,4.85,--,1,484,买盘
896,11:09:30,4.85,--,3,1455,买盘
897,11:09:21,4.85,--,2,969,买盘
898,11:09:12,4.85,--,10,4850,买盘
899,11:08:57,4.85,--,20,9700,买盘
900,11:08:39,4.85,--,4,1939,买盘
901,11:08:33,4.85,--,4,1939,买盘
902,11:08:15,4.85,-0.01,42,20374,卖盘
903,11:08:12,4.86,--,50,24300,买盘
904,11:08:09,4.86,0.01,187,91363,买盘
905,11:08:00,4.85,-0.01,1,484,卖盘
906,11:07:39,4.86,--,25,12150,买盘
907,11:07:21,4.86,--,8,3888,买盘
908,11:07:15,4.86,0.01,22,10692,买盘
909,11:07:09,4.85,-0.01,1,484,卖盘
910,11:07:03,4.86,--,61,29646,买盘
911,11:07:00,4.86,--,15,7290,买盘
912,11:06:54,4.86,--,5,2430,买盘
913,11:06:48,4.86,--,20,9720,买盘
914,11:06:30,4.86,-0.01,488,237168,卖盘
915,11:06:18,4.87,-0.01,3,1461,卖盘
916,11:05:00,4.88,--,68,33184,买盘
917,11:04:51,4.88,0.01,1,488,买盘
918,11:04:45,4.87,-0.01,20,9740,卖盘
919,11:04:36,4.88,-0.01,51,24888,卖盘
920,11:04:33,4.89,0.01,10,4890,买盘
921,11:04:30,4.88,--,90,43920,卖盘
922,11:04:21,4.88,--,11,5368,卖盘
923,11:04:18,4.88,--,1,488,卖盘
924,11:04:15,4.88,-0.01,333,162504,卖盘
925,11:04:09,4.89,0.01,460,224939,买盘
926,11:03:54,4.88,--,90,43920,卖盘
927,11:03:45,4.88,0.01,358,174704,买盘
928,11:03:42,4.87,--,60,29220,卖盘
929,11:03:30,4.87,--,5,2435,卖盘
930,11:03:12,4.87,--,107,52109,买盘
931,11:03:06,4.87,0.01,70,34090,买盘
932,11:03:00,4.86,--,7,3402,卖盘
933,11:02:57,4.86,-0.01,1,486,卖盘
934,11:02:54,4.87,0.01,8,3896,买盘
935,11:02:51,4.86,--,70,34020,卖盘
936,11:02:45,4.86,--,4,1944,卖盘
937,11:02:06,4.86,--,3,1458,卖盘
938,11:02:00,4.86,0.01,2,972,买盘
939,11:01:51,4.85,--,253,122704,卖盘
940,11:01:48,4.85,0.02,13,6304,买盘
941,11:01:15,4.83,--,35,16905,买盘
942,11:01:09,4.83,--,10,4830,买盘
943,11:01:06,4.83,-0.02,555,268065,卖盘
944,11:00:57,4.85,--,6,2910,卖盘
945,11:00:54,4.85,0.01,74,35890,买盘
946,11:00:51,4.84,-0.01,390,188760,卖盘
947,11:00:27,4.85,-0.01,189,91665,卖盘
948,11:00:21,4.86,--,5,2430,买盘
949,11:00:03,4.86,--,3,1458,卖盘
950,11:00:00,4.86,--,7,3402,卖盘
951,10:59:51,4.86,--,6,2916,卖盘
952,10:59:30,4.86,-0.01,3,1458,卖盘
953,10:59:27,4.87,0.01,10,4870,买盘
954,10:59:18,4.86,--,57,27702,卖盘
955,10:59:09,4.86,--,1,486,买盘
956,10:58:57,4.86,--,22,10692,买盘
957,10:58:48,4.86,--,1,486,卖盘
958,10:58:42,4.86,--,5,2430,卖盘
959,10:58:36,4.86,-0.01,1,486,卖盘
960,10:58:24,4.87,0.01,106,51622,买盘
961,10:58:03,4.86,--,6,2916,中性盘
962,10:57:48,4.86,--,121,58806,卖盘
963,10:57:27,4.86,-0.01,100,48600,卖盘
964,10:57:21,4.87,--,23,11201,买盘
965,10:57:03,4.87,0.01,12,5844,买盘
966,10:56:51,4.86,-0.01,240,116640,卖盘
967,10:56:39,4.87,--,66,32142,卖盘
968,10:56:33,4.87,--,143,69641,卖盘
969,10:56:30,4.87,-0.01,140,68180,卖盘
970,10:56:27,4.88,0.01,179,87352,买盘
971,10:56:18,4.87,-0.01,193,93991,卖盘
972,10:56:06,4.88,--,5,2440,卖盘
973,10:56:00,4.88,0.01,95,46360,买盘
974,10:55:51,4.87,-0.01,20,9740,卖盘
975,10:55:42,4.88,--,20,9760,买盘
976,10:55:39,4.88,--,500,244000,买盘
977,10:55:36,4.88,--,10,4880,买盘
978,10:55:33,4.88,--,42,20496,买盘
979,10:55:18,4.88,--,1,488,买盘
980,10:55:15,4.88,0.01,3,1464,买盘
981,10:55:03,4.87,--,122,59414,卖盘
982,10:54:54,4.87,--,10,4870,卖盘
983,10:54:48,4.87,-0.01,364,177268,卖盘
984,10:54:45,4.88,0.01,2,976,买盘
985,10:54:24,4.87,-0.01,3,1461,卖盘
986,10:54:21,4.88,0.01,2,976,买盘
987,10:54:18,4.87,-0.01,60,29220,卖盘
988,10:54:09,4.88,--,6,2928,买盘
989,10:53:57,4.88,--,1,488,买盘
990,10:53:54,4.88,0.01,200,97600,买盘
991,10:53:42,4.87,-0.01,249,121263,卖盘
992,10:53:36,4.88,0.01,41,20008,买盘
993,10:53:33,4.87,--,8,3896,卖盘
994,10:53:30,4.87,--,38,18506,卖盘
995,10:53:18,4.87,0.01,749,364763,买盘
996,10:53:06,4.86,--,97,47142,买盘
997,10:53:00,4.86,--,20,9720,买盘
998,10:52:39,4.86,0.01,3,1458,买盘
999,10:52:36,4.85,--,10,4850,卖盘
1000,10:52:18,4.85,--,287,139195,买盘
1001,10:52:06,4.85,--,400,194000,买盘
1002,10:52:03,4.85,--,30,14549,买盘
1003,10:51:51,4.85,--,130,63049,买盘
1004,10:51:30,4.85,0.01,5,2425,买盘
1005,10:51:24,4.84,-0.01,8,3872,卖盘
1006,10:51:09,4.85,--,202,97970,买盘
1007,10:51:03,4.85,--,299,145015,卖盘
1008,10:51:00,4.85,0.01,4,1939,卖盘
1009,10:50:54,4.84,-0.01,28,13552,卖盘
1010,10:50:39,4.85,--,51,24735,买盘
1011,10:50:33,4.85,--,5,2425,买盘
1012,10:50:30,4.85,0.01,9,4365,买盘
1013,10:50:24,4.84,--,5,2420,卖盘
1014,10:50:21,4.84,-0.01,154,74536,卖盘
1015,10:50:18,4.85,0.01,5,2425,买盘
1016,10:50:15,4.84,--,30,14520,卖盘
1017,10:50:06,4.84,--,30,14520,卖盘
1018,10:49:48,4.84,-0.01,2,968,卖盘
1019,10:49:39,4.85,0.01,50,24250,买盘
1020,10:49:30,4.84,-0.01,30,14520,卖盘
1021,10:49:24,4.85,0.01,5,2425,买盘
1022,10:49:21,4.84,--,290,140360,卖盘
1023,10:49:15,4.84,--,2,968,卖盘
1024,10:49:09,4.84,-0.01,6,2904,卖盘
1025,10:49:00,4.85,--,24,11640,买盘
1026,10:48:57,4.85,--,9,4365,买盘
1027,10:48:51,4.85,--,50,24250,买盘
1028,10:48:42,4.85,--,3,1455,买盘
1029,10:48:21,4.85,--,10,4850,买盘
1030,10:48:03,4.85,0.01,14,6789,买盘
1031,10:48:00,4.84,-0.01,101,48884,卖盘
1032,10:47:57,4.85,--,10,4850,买盘
1033,10:47:54,4.85,--,28,13579,买盘
1034,10:47:51,4.85,--,211,102334,卖盘
1035,10:47:48,4.85,--,90,43650,卖盘
1036,10:47:45,4.85,--,1,484,卖盘
1037,10:47:42,4.85,--,9,4365,中性盘
1038,10:47:30,4.85,--,20,9700,买盘
1039,10:47:27,4.85,--,4,1939,卖盘
1040,10:47:21,4.85,--,9,4365,卖盘
1041,10:47:18,4.85,--,81,39285,买盘
1042,10:47:09,4.85,--,38,18430,买盘
1043,10:47:06,4.85,0.01,50,24250,买盘
1044,10:47:00,4.84,-0.01,50,24200,卖盘
1045,10:46:57,4.85,--,50,24250,买盘
1046,10:46:45,4.85,--,6,2910,买盘
1047,10:46:42,4.85,--,40,19400,买盘
1048,10:46:36,4.85,--,1,484,买盘
1049,10:46:33,4.85,--,2,969,买盘
1050,10:46:27,4.85,--,100,48500,买盘
1051,10:46:24,4.85,-0.01,45,21825,卖盘
1052,10:46:21,4.86,0.01,5,2430,买盘
1053,10:45:48,4.85,--,1,484,买盘
1054,10:45:36,4.85,--,74,35890,买盘
1055,10:45:33,4.85,0.01,58,28129,买盘
1056,10:45:30,4.84,--,73,35332,卖盘
1057,10:45:27,4.84,-0.01,49,23716,卖盘
1058,10:45:24,4.85,0.01,20,9700,买盘
1059,10:45:06,4.84,-0.01,1,484,卖盘
1060,10:44:57,4.85,0.01,34,16490,买盘
1061,10:44:51,4.84,-0.01,10,4840,卖盘
1062,10:44:42,4.85,--,2,969,买盘
1063,10:44:39,4.85,-0.01,530,257049,卖盘
1064,10:44:36,4.86,--,74,35964,买盘
1065,10:44:30,4.86,0.01,90,43740,买盘
1066,10:44:24,4.85,-0.01,13,6304,卖盘
1067,10:44:00,4.86,-0.01,90,43740,卖盘
1068,10:43:48,4.87,0.01,45,21915,买盘
1069,10:43:39,4.86,-0.01,37,17982,卖盘
1070,10:43:33,4.87,--,7,3409,买盘
1071,10:43:15,4.87,0.01,2,974,买盘
1072,10:43:12,4.86,--,50,24300,卖盘
1073,10:43:06,4.86,--,40,19440,卖盘
1074,10:43:03,4.86,-0.01,6,2916,卖盘
1075,10:43:00,4.87,0.01,1,487,买盘
1076,10:42:57,4.86,--,13,6318,卖盘
1077,10:42:54,4.86,--,8,3888,卖盘
1078,10:42:45,4.86,-0.01,2,972,卖盘
1079,10:42:42,4.87,0.01,30,14610,买盘
1080,10:42:39,4.86,--,10,4860,卖盘
1081,10:42:36,4.86,--,12,5832,卖盘
1082,10:42:27,4.86,--,11,5346,卖盘
1083,10:42:12,4.86,--,10,4860,卖盘
1084,10:42:06,4.86,--,3,1458,卖盘
1085,10:42:03,4.86,-0.01,5,2430,卖盘
1086,10:41:48,4.87,0.01,5,2435,买盘
1087,10:41:39,4.86,-0.01,26,12636,卖盘
1088,10:41:33,4.87,0.01,35,17045,买盘
1089,10:41:27,4.86,-0.01,134,65124,卖盘
1090,10:41:24,4.87,--,3,1461,卖盘
1091,10:41:21,4.87,--,51,24837,买盘
1092,10:41:09,4.87,--,15,7305,卖盘
1093,10:41:03,4.87,--,20,9740,卖盘
1094,10:40:57,4.87,--,63,30681,卖盘
1095,10:40:48,4.87,--,10,4870,卖盘
1096,10:40:45,4.87,--,5,2435,卖盘
1097,10:40:33,4.87,--,2,974,卖盘
1098,10:40:30,4.87,--,140,68180,买盘
1099,10:40:27,4.87,--,18,8766,买盘
1100,10:40:12,4.87,--,13,6331,买盘
1101,10:40:09,4.87,--,3,1461,买盘
1102,10:40:00,4.87,--,200,97400,买盘
1103,10:39:54,4.87,0.01,29,14123,买盘
1104,10:39:48,4.86,--,15,7290,卖盘
1105,10:39:42,4.86,-0.01,20,9720,卖盘
1106,10:39:39,4.87,--,50,24350,买盘
1107,10:39:33,4.87,--,19,9253,买盘
1108,10:39:27,4.87,0.01,44,21428,买盘
1109,10:39:21,4.86,-0.01,6,2916,卖盘
1110,10:39:18,4.87,--,5,2435,买盘
1111,10:39:15,4.87,0.01,31,15097,买盘
1112,10:39:12,4.86,-0.01,49,23814,卖盘
1113,10:39:09,4.87,--,59,28733,买盘
1114,10:39:00,4.87,0.01,148,72076,买盘
1115,10:38:54,4.86,-0.01,58,28188,卖盘
1116,10:38:51,4.87,--,10,4870,买盘
1117,10:38:48,4.87,--,48,23376,买盘
1118,10:38:42,4.87,--,104,50648,买盘
1119,10:38:30,4.87,0.01,5,2435,买盘
1120,10:38:27,4.86,-0.01,30,14580,卖盘
1121,10:38:21,4.87,--,100,48700,买盘
1122,10:38:15,4.87,--,2,974,买盘
1123,10:38:06,4.87,--,2,974,买盘
1124,10:38:03,4.87,0.01,127,61849,买盘
1125,10:38:00,4.86,-0.01,20,9720,卖盘
1126,10:37:51,4.87,0.01,112,54544,买盘
1127,10:37:48,4.86,--,14,6804,卖盘
1128,10:37:45,4.86,0.01,219,106434,买盘
1129,10:37:39,4.85,-0.01,66,32009,卖盘
1130,10:37:30,4.86,0.01,70,34020,买盘
1131,10:37:27,4.85,--,41,19885,卖盘
1132,10:37:12,4.85,--,46,22310,卖盘
1133,10:36:57,4.85,--,50,24250,买盘
1134,10:36:54,4.85,--,20,9700,买盘
1135,10:36:51,4.85,0.01,40,19400,买盘
1136,10:36:36,4.84,--,12,5808,买盘
1137,10:36:33,4.84,0.01,23,11132,买盘
1138,10:36:21,4.83,--,572,276285,买盘
1139,10:36:18,4.83,--,661,319263,买盘
1140,10:36:15,4.83,--,398,192234,买盘
1141,10:36:12,4.83,--,167,80661,买盘
1142,10:36:09,4.83,--,65,31395,买盘
1143,10:36:06,4.83,--,6,2898,买盘
1144,10:36:03,4.83,0.01,72,34776,买盘
1145,10:35:57,4.82,--,40,19280,卖盘
1146,10:35:54,4.82,--,17,8194,卖盘
1147,10:35:51,4.82,--,27,13255,卖盘
1148,10:35:48,4.82,--,134,64588,买盘
1149,10:35:45,4.82,0.02,11,5302,买盘
1150,10:35:30,4.8,0.01,247,118560,买盘
1151,10:35:27,4.79,-0.01,108,51732,卖盘
1152,10:35:24,4.8,--,272,130560,买盘
1153,10:35:21,4.8,--,28,13440,买盘
1154,10:35:18,4.8,--,80,38400,买盘
1155,10:35:15,4.8,-0.03,663,318240,卖盘
1156,10:35:12,4.83,-0.01,30,14490,中性盘
1157,10:35:09,4.84,0.04,3,1452,买盘
1158,10:35:06,4.8,-0.03,3011,1445280,卖盘
1159,10:35:00,4.83,-0.01,2005,968415,卖盘
1160,10:34:54,4.84,--,31,15004,买盘
1161,10:34:51,4.84,--,1,484,买盘
1162,10:34:48,4.84,--,4,1936,买盘
1163,10:34:42,4.84,--,11,5324,买盘
1164,10:34:39,4.84,0.02,23,11132,买盘
1165,10:34:33,4.82,-0.02,232,111824,卖盘
1166,10:34:24,4.84,0.02,36,17424,买盘
1167,10:34:21,4.82,-0.02,1,482,中性盘
1168,10:34:12,4.84,--,57,27588,买盘
1169,10:34:06,4.84,--,4,1936,买盘
1170,10:34:03,4.84,--,3026,1464584,买盘
1171,10:34:00,4.84,-0.01,463,224566,卖盘
1172,10:33:51,4.85,--,55,26674,买盘
1173,10:33:42,4.85,--,40,19400,买盘
1174,10:33:39,4.85,--,9,4365,买盘
1175,10:33:36,4.85,0.01,6,2910,买盘
1176,10:33:30,4.84,-0.01,65,31460,卖盘
1177,10:33:24,4.85,--,5,2425,买盘
1178,10:33:15,4.85,--,10,4850,买盘
1179,10:33:12,4.85,--,200,97000,买盘
1180,10:33:09,4.85,-0.01,143,69355,卖盘
1181,10:33:03,4.86,0.01,34,16524,买盘
1182,10:32:57,4.85,-0.01,3,1455,卖盘
1183,10:32:42,4.86,--,3,1458,买盘
1184,10:32:27,4.86,0.01,1,486,买盘
1185,10:32:24,4.85,-0.01,154,74690,卖盘
1186,10:32:21,4.86,--,5,2430,买盘
1187,10:32:12,4.86,0.01,3,1458,买盘
1188,10:32:09,4.85,--,5,2425,卖盘
1189,10:31:57,4.85,-0.01,16,7759,卖盘
1190,10:31:51,4.86,0.01,5,2430,买盘
1191,10:31:48,4.85,-0.01,398,193030,卖盘
1192,10:31:36,4.86,-0.01,7,3402,中性盘
1193,10:31:06,4.87,--,2,974,买盘
1194,10:31:03,4.87,--,1,487,买盘
1195,10:30:57,4.87,--,13,6331,卖盘
1196,10:30:54,4.87,--,1,487,卖盘
1197,10:30:51,4.87,-0.01,254,123698,买盘
1198,10:30:30,4.88,--,9,4392,买盘
1199,10:30:15,4.88,--,50,24400,买盘
1200,10:30:09,4.88,0.02,10,4880,买盘
1201,10:29:51,4.86,--,42,20412,卖盘
1202,10:29:36,4.86,--,19,9234,卖盘
1203,10:29:24,4.86,--,249,121014,买盘
1204,10:29:18,4.86,--,36,17496,买盘
1205,10:29:03,4.86,0.01,1,486,买盘
1206,10:29:00,4.85,--,7,3394,买盘
1207,10:28:57,4.85,0.01,1,484,卖盘
1208,10:28:54,4.84,-0.01,113,54692,卖盘
1209,10:28:51,4.85,-0.01,152,73720,卖盘
1210,10:28:45,4.86,0.01,10,4860,买盘
1211,10:28:39,4.85,-0.01,12,5820,卖盘
1212,10:28:36,4.86,0.01,210,102060,买盘
1213,10:28:24,4.85,-0.01,20,9700,卖盘
1214,10:28:21,4.86,--,59,28674,买盘
1215,10:28:06,4.86,--,100,48600,买盘
1216,10:28:03,4.86,--,90,43740,卖盘
1217,10:28:00,4.86,--,8,3888,卖盘
1218,10:27:54,4.86,--,78,37908,卖盘
1219,10:27:51,4.86,--,20,9720,卖盘
1220,10:27:42,4.86,0.01,5,2430,中性盘
1221,10:27:21,4.85,-0.03,40,19400,卖盘
1222,10:27:15,4.88,0.03,40,19520,买盘
1223,10:27:00,4.85,-0.02,2000,969999,卖盘
1224,10:26:57,4.87,-0.01,42,20454,卖盘
1225,10:26:54,4.88,--,10,4880,买盘
1226,10:26:51,4.88,--,50,24400,买盘
1227,10:26:48,4.88,--,36,17568,买盘
1228,10:26:33,4.88,--,5,2440,买盘
1229,10:26:30,4.88,--,60,29280,买盘
1230,10:25:54,4.88,-0.01,62,30256,卖盘
1231,10:25:51,4.89,--,1,488,买盘
1232,10:25:45,4.89,0.01,20,9780,买盘
1233,10:25:42,4.88,--,14,6832,买盘
1234,10:25:33,4.88,--,10,4880,买盘
1235,10:25:27,4.88,--,10,4880,买盘
1236,10:25:21,4.88,0.01,10,4880,买盘
1237,10:25:18,4.87,-0.01,4,1948,卖盘
1238,10:25:03,4.88,-0.01,5,2440,中性盘
1239,10:25:00,4.89,0.02,34,16626,买盘
1240,10:24:57,4.87,-0.01,143,69641,卖盘
1241,10:24:48,4.88,--,515,251320,卖盘
1242,10:24:45,4.88,0.01,8,3904,中性盘
1243,10:24:09,4.87,0.01,20,9740,中性盘
1244,10:23:39,4.86,-0.03,1000,486000,卖盘
1245,10:23:27,4.89,0.01,213,104157,买盘
1246,10:23:12,4.88,-0.01,3,1464,卖盘
1247,10:23:09,4.89,0.01,10,4890,买盘
1248,10:23:00,4.88,--,14,6832,卖盘
1249,10:22:48,4.88,--,151,73688,买盘
1250,10:22:45,4.88,--,5,2440,买盘
1251,10:22:36,4.88,--,8,3904,买盘
1252,10:22:27,4.88,--,70,34160,买盘
1253,10:22:21,4.88,--,20,9760,买盘
1254,10:22:18,4.88,0.02,20,9760,中性盘
1255,10:21:51,4.86,-0.03,900,437400,卖盘
1256,10:21:39,4.89,--,1,488,卖盘
1257,10:21:15,4.89,-0.01,3,1467,卖盘
1258,10:21:12,4.9,--,30,14700,买盘
1259,10:21:03,4.9,0.01,215,105350,买盘
1260,10:21:00,4.89,--,30,14669,买盘
1261,10:20:48,4.89,-0.01,28,13692,卖盘
1262,10:20:39,4.9,0.01,3,1470,买盘
1263,10:20:36,4.89,--,7,3423,卖盘
1264,10:20:30,4.89,-0.01,30,14669,卖盘
1265,10:20:21,4.9,--,3,1470,买盘
1266,10:20:18,4.9,0.01,25,12250,买盘
1267,10:20:15,4.89,-0.01,41,20049,卖盘
1268,10:19:57,4.9,0.01,92,45080,买盘
1269,10:19:21,4.89,0.01,430,210270,买盘
1270,10:19:15,4.88,-0.01,26,12688,卖盘
1271,10:19:12,4.89,--,112,54768,买盘
1272,10:19:09,4.89,--,2,977,买盘
1273,10:19:06,4.89,--,50,24450,买盘
1274,10:18:48,4.89,--,20,9780,买盘
1275,10:18:27,4.89,0.01,112,54768,买盘
1276,10:18:24,4.88,--,10,4880,买盘
1277,10:18:15,4.88,--,30,14640,买盘
1278,10:18:12,4.88,--,11,5368,买盘
1279,10:18:06,4.88,0.01,100,48800,买盘
1280,10:18:03,4.87,-0.01,30,14610,卖盘
1281,10:17:57,4.88,0.01,315,153720,买盘
1282,10:17:54,4.87,-0.01,45,21915,卖盘
1283,10:17:45,4.88,--,6,2928,买盘
1284,10:17:39,4.88,--,68,33184,卖盘
1285,10:17:33,4.88,--,5,2440,卖盘
1286,10:17:27,4.88,--,25,12200,卖盘
1287,10:17:24,4.88,--,10,4880,卖盘
1288,10:17:21,4.88,0.01,120,58560,买盘
1289,10:17:09,4.87,--,50,24350,卖盘
1290,10:17:06,4.87,--,1360,662320,卖盘
1291,10:17:03,4.87,--,10,4870,买盘
1292,10:17:00,4.87,--,36,17532,买盘
1293,10:16:57,4.87,--,7,3409,买盘
1294,10:16:54,4.87,--,71,34577,买盘
1295,10:16:51,4.87,0.01,10,4870,买盘
1296,10:16:48,4.86,-0.01,60,29160,卖盘
1297,10:16:42,4.87,-0.01,120,58440,卖盘
1298,10:16:39,4.88,0.01,3,1464,买盘
1299,10:16:36,4.87,--,100,48700,卖盘
1300,10:16:33,4.87,--,4,1948,卖盘
1301,10:16:30,4.87,--,17,8279,卖盘
1302,10:16:27,4.87,--,6,2922,卖盘
1303,10:16:24,4.87,0.01,35,17045,中性盘
1304,10:16:18,4.86,-0.02,22,10692,卖盘
1305,10:16:15,4.88,0.02,14,6832,买盘
1306,10:16:12,4.86,-0.01,60,29160,卖盘
1307,10:16:09,4.87,--,99,48213,卖盘
1308,10:16:06,4.87,--,18,8766,卖盘
1309,10:16:03,4.87,0.01,28,13636,中性盘
1310,10:16:00,4.86,-0.01,660,320769,卖盘
1311,10:15:51,4.87,--,200,97400,买盘
1312,10:15:48,4.87,--,130,63310,买盘
1313,10:15:45,4.87,--,882,429534,卖盘
1314,10:15:42,4.87,--,106,51622,卖盘
1315,10:15:39,4.87,--,5,2435,卖盘
1316,10:15:36,4.87,-0.01,42,20454,卖盘
1317,10:15:33,4.88,0.01,200,97600,买盘
1318,10:15:30,4.87,--,26,12662,卖盘
1319,10:15:27,4.87,--,11,5357,卖盘
1320,10:15:24,4.87,--,187,91069,卖盘
1321,10:15:21,4.87,-0.01,68,33116,卖盘
1322,10:15:12,4.88,0.01,3,1464,买盘
1323,10:15:06,4.87,-0.01,2,974,卖盘
1324,10:14:57,4.88,-0.01,192,93696,卖盘
1325,10:14:51,4.89,0.01,65,31784,买盘
1326,10:14:48,4.88,--,30,14640,卖盘
1327,10:14:45,4.88,--,20,9760,卖盘
1328,10:14:39,4.88,-0.01,72,35136,卖盘
1329,10:14:33,4.89,0.01,100,48900,买盘
1330,10:14:30,4.88,--,2,976,卖盘
1331,10:14:27,4.88,--,34,16592,卖盘
1332,10:14:24,4.88,--,60,29280,卖盘
1333,10:14:18,4.88,--,18,8784,卖盘
1334,10:14:12,4.88,--,100,48800,卖盘
1335,10:14:09,4.88,--,37,18056,卖盘
1336,10:14:06,4.88,--,38,18544,卖盘
1337,10:14:03,4.88,-0.01,20,9760,卖盘
1338,10:14:00,4.89,0.01,188,91932,买盘
1339,10:13:57,4.88,--,50,24400,卖盘
1340,10:13:54,4.88,-0.01,111,54168,卖盘
1341,10:13:51,4.89,--,7,3423,卖盘
1342,10:13:48,4.89,--,40,19560,卖盘
1343,10:13:45,4.89,-0.01,300,146700,卖盘
1344,10:13:18,4.9,--,651,318990,卖盘
1345,10:13:15,4.9,-0.01,201,98490,卖盘
1346,10:13:12,4.91,0.01,5,2455,买盘
1347,10:13:09,4.9,--,10,4900,卖盘
1348,10:13:06,4.9,-0.01,66,32340,卖盘
1349,10:12:48,4.91,0.01,139,68249,买盘
1350,10:12:45,4.9,--,66,32340,卖盘
1351,10:12:39,4.9,-0.01,30,14700,卖盘
1352,10:12:36,4.91,--,24,12265,卖盘
1353,10:12:33,4.91,--,7,3437,卖盘
1354,10:12:21,4.91,--,114,55974,卖盘
1355,10:12:18,4.91,--,87,42726,卖盘
1356,10:12:15,4.91,--,303,148773,卖盘
1357,10:12:06,4.91,--,300,147300,卖盘
1358,10:12:03,4.91,--,63,30933,卖盘
1359,10:12:00,4.91,-0.01,3,1473,卖盘
1360,10:11:42,4.92,--,4,1968,买盘
1361,10:11:36,4.92,--,3,1476,买盘
1362,10:11:30,4.92,0.01,60,29520,买盘
1363,10:11:18,4.91,--,4,1964,卖盘
1364,10:11:12,4.91,-0.01,20,9820,卖盘
1365,10:11:06,4.92,0.01,8,3936,买盘
1366,10:10:57,4.91,--,25,12275,卖盘
1367,10:10:45,4.91,-0.01,841,412931,卖盘
1368,10:10:30,4.92,0.01,20,9840,买盘
1369,10:10:27,4.91,-0.01,1,491,卖盘
1370,10:10:06,4.92,--,2,984,买盘
1371,10:10:03,4.92,--,30,14760,买盘
1372,10:09:54,4.92,--,14,6888,买盘
1373,10:09:48,4.92,0.01,15,7380,买盘
1374,10:09:36,4.91,-0.01,10,4910,卖盘
1375,10:09:33,4.92,--,50,24600,买盘
1376,10:09:27,4.92,--,3,1476,买盘
1377,10:09:06,4.92,0.01,2,984,买盘
1378,10:09:00,4.91,--,5,2455,卖盘
1379,10:08:48,4.91,-0.01,5,2455,卖盘
1380,10:08:36,4.92,--,47,23124,卖盘
1381,10:08:33,4.92,--,2,984,卖盘
1382,10:08:27,4.92,--,2,984,卖盘
1383,10:08:24,4.92,--,10,4920,卖盘
1384,10:08:18,4.92,-0.01,11,5412,卖盘
1385,10:08:09,4.93,0.01,58,28594,买盘
1386,10:08:00,4.92,--,43,21156,买盘
1387,10:07:57,4.92,--,30,14760,买盘
1388,10:07:51,4.92,--,5,2460,买盘
1389,10:07:42,4.92,--,2,984,卖盘
1390,10:07:39,4.92,--,98,48216,买盘
1391,10:07:36,4.92,--,39,19188,卖盘
1392,10:07:24,4.92,0.01,41,20172,买盘
1393,10:07:12,4.91,-0.01,41,20131,卖盘
1394,10:07:09,4.92,--,1,492,买盘
1395,10:07:00,4.92,--,65,31980,买盘
1396,10:06:36,4.92,--,23,11316,买盘
1397,10:06:30,4.92,--,30,14760,买盘
1398,10:06:27,4.92,--,52,25584,卖盘
1399,10:06:00,4.92,--,7,3444,卖盘
1400,10:05:57,4.92,--,28,13776,卖盘
1401,10:05:51,4.92,--,7,3444,卖盘
1402,10:05:48,4.92,-0.01,50,24600,卖盘
1403,10:05:36,4.93,--,460,226780,买盘
1404,10:05:30,4.93,--,30,14790,买盘
1405,10:05:24,4.93,0.01,7,3451,买盘
1406,10:05:21,4.92,-0.01,3,1476,卖盘
1407,10:05:18,4.93,0.01,1,493,买盘
1408,10:05:15,4.92,-0.01,100,49200,卖盘
1409,10:05:09,4.93,0.01,7,3451,买盘
1410,10:05:06,4.92,--,100,49200,卖盘
1411,10:05:00,4.92,-0.01,10,4920,卖盘
1412,10:04:57,4.93,0.01,2,986,买盘
1413,10:04:54,4.92,--,8,3936,卖盘
1414,10:04:45,4.92,-0.01,150,73800,卖盘
1415,10:04:30,4.93,0.01,32,15776,买盘
1416,10:04:24,4.92,-0.01,3,1476,卖盘
1417,10:03:57,4.93,0.01,1,493,买盘
1418,10:03:48,4.92,--,5,2460,卖盘
1419,10:03:30,4.92,--,7,3444,卖盘
1420,10:03:24,4.92,--,1,492,卖盘
1421,10:03:21,4.92,--,6,2952,卖盘
1422,10:03:15,4.92,-0.01,5,2460,卖盘
1423,10:03:03,4.93,0.01,251,123743,买盘
1424,10:03:00,4.92,--,6,2952,卖盘
1425,10:02:57,4.92,--,7,3444,卖盘
1426,10:02:51,4.92,--,2,984,卖盘
1427,10:02:39,4.92,--,50,24600,卖盘
1428,10:02:33,4.92,--,30,14760,卖盘
1429,10:02:24,4.92,0.01,164,80688,买盘
1430,10:02:12,4.91,--,3,1473,卖盘
1431,10:02:09,4.91,-0.01,3,1473,卖盘
1432,10:01:51,4.92,--,1,492,买盘
1433,10:01:48,4.92,0.01,4,1968,买盘
1434,10:01:45,4.91,--,8,3928,卖盘
1435,10:01:36,4.91,-0.01,38,18658,卖盘
1436,10:01:30,4.92,--,5,2460,买盘
1437,10:01:27,4.92,0.01,18,8856,买盘
1438,10:01:24,4.91,-0.01,30,14730,卖盘
1439,10:01:15,4.92,--,50,24600,买盘
1440,10:01:09,4.92,--,251,123492,买盘
1441,10:01:03,4.92,0.01,67,32964,买盘
1442,10:01:00,4.91,--,2,982,卖盘
1443,10:00:57,4.91,-0.01,8,3928,卖盘
1444,10:00:54,4.92,0.01,200,98400,买盘
1445,10:00:48,4.91,-0.01,5,2455,卖盘
1446,10:00:39,4.92,--,40,19680,买盘
1447,10:00:30,4.92,--,58,28536,买盘
1448,10:00:24,4.92,0.01,10,4920,买盘
1449,10:00:21,4.91,--,2,982,卖盘
1450,10:00:15,4.91,--,20,9820,卖盘
1451,10:00:09,4.91,--,12,5892,卖盘
1452,10:00:00,4.91,--,4,1964,卖盘
1453,09:59:57,4.91,-0.01,5,2455,卖盘
1454,09:59:54,4.92,--,19,9348,买盘
1455,09:59:51,4.92,--,10,4920,买盘
1456,09:59:42,4.92,--,10,4920,买盘
1457,09:59:39,4.92,--,2,984,买盘
1458,09:59:33,4.92,0.01,44,21648,买盘
1459,09:59:27,4.91,--,2,982,卖盘
1460,09:59:24,4.91,--,60,29460,卖盘
1461,09:59:15,4.91,--,2,982,卖盘
1462,09:58:57,4.91,--,100,49100,卖盘
1463,09:58:54,4.91,-0.01,3,1473,卖盘
1464,09:58:51,4.92,--,2,984,买盘
1465,09:58:48,4.92,--,2,984,买盘
1466,09:58:45,4.92,--,1,492,买盘
1467,09:58:33,4.92,--,5,2460,买盘
1468,09:58:30,4.92,--,20,9840,卖盘
1469,09:58:27,4.92,--,419,206148,卖盘
1470,09:58:18,4.92,--,10,4920,卖盘
1471,09:58:12,4.92,--,11,5412,卖盘
1472,09:58:06,4.92,--,35,17220,卖盘
1473,09:57:54,4.92,-0.01,403,198276,卖盘
1474,09:57:51,4.93,--,1,493,买盘
1475,09:57:45,4.93,0.01,10,4930,买盘
1476,09:57:42,4.92,-0.01,15,7380,卖盘
1477,09:57:24,4.93,--,5,2465,买盘
1478,09:57:00,4.93,0.01,4,1972,买盘
1479,09:56:57,4.92,--,18,8856,卖盘
1480,09:56:54,4.92,--,157,77244,卖盘
1481,09:56:51,4.92,-0.01,2,984,卖盘
1482,09:56:45,4.93,0.01,61,30073,买盘
1483,09:56:36,4.92,--,320,157440,卖盘
1484,09:56:09,4.92,--,2,984,中性盘
1485,09:56:03,4.92,-0.01,197,96924,卖盘
1486,09:55:54,4.93,0.01,10,4930,买盘
1487,09:55:48,4.92,-0.01,2,984,卖盘
1488,09:55:33,4.93,0.01,34,16762,买盘
1489,09:55:30,4.92,--,1,492,卖盘
1490,09:55:18,4.92,-0.01,8,3936,卖盘
1491,09:55:15,4.93,0.01,5,2465,买盘
1492,09:55:09,4.92,--,23,11316,卖盘
1493,09:55:03,4.92,-0.01,49,24108,卖盘
1494,09:54:51,4.93,--,103,50779,买盘
1495,09:54:45,4.93,--,100,49300,买盘
1496,09:54:39,4.93,--,92,45356,买盘
1497,09:54:27,4.93,--,100,49300,买盘
1498,09:54:15,4.93,0.01,170,83810,买盘
1499,09:54:12,4.92,-0.01,69,33948,卖盘
1500,09:54:03,4.93,0.01,100,49300,买盘
1501,09:54:00,4.92,--,5,2460,中性盘
1502,09:53:57,4.92,-0.01,9,4428,卖盘
1503,09:53:54,4.93,--,3,1479,买盘
1504,09:53:51,4.93,--,22,10846,买盘
1505,09:53:45,4.93,0.01,1,493,买盘
1506,09:53:42,4.92,--,8,3936,买盘
1507,09:53:33,4.92,-0.01,569,279948,卖盘
1508,09:53:30,4.93,0.01,10,4930,买盘
1509,09:53:27,4.92,--,8,3936,卖盘
1510,09:53:21,4.92,-0.01,6,2952,卖盘
1511,09:53:12,4.93,0.01,2,986,买盘
1512,09:53:09,4.92,--,84,41328,卖盘
1513,09:53:06,4.92,-0.01,24,11808,卖盘
1514,09:53:00,4.93,--,105,51765,买盘
1515,09:52:57,4.93,--,20,9860,买盘
1516,09:52:51,4.93,--,19,9367,买盘
1517,09:52:45,4.93,--,512,252416,买盘
1518,09:52:42,4.93,--,3,1479,买盘
1519,09:52:39,4.93,--,5,2465,买盘
1520,09:52:36,4.93,--,20,9860,买盘
1521,09:52:33,4.93,--,1,493,买盘
1522,09:52:30,4.93,--,5,2465,买盘
1523,09:52:27,4.93,--,8,3944,买盘
1524,09:52:24,4.93,--,93,45849,卖盘
1525,09:52:15,4.93,--,81,39933,卖盘
1526,09:52:12,4.93,--,20,9860,卖盘
1527,09:52:09,4.93,-0.01,18,8874,卖盘
1528,09:52:03,4.94,0.01,16,7904,买盘
1529,09:51:57,4.93,--,14,6902,卖盘
1530,09:51:48,4.93,--,84,41412,卖盘
1531,09:51:42,4.93,--,8,3944,卖盘
1532,09:51:39,4.93,--,10,4930,卖盘
1533,09:51:36,4.93,--,236,116348,买盘
1534,09:51:30,4.93,--,65,32044,买盘
1535,09:51:27,4.93,--,34,16762,买盘
1536,09:51:21,4.93,--,45,22185,买盘
1537,09:51:18,4.93,--,1,493,买盘
1538,09:51:12,4.93,-0.01,120,59160,卖盘
1539,09:51:06,4.94,0.01,32,15808,买盘
1540,09:50:57,4.93,-0.01,21,10353,卖盘
1541,09:50:51,4.94,0.01,89,43966,买盘
1542,09:50:48,4.93,--,333,164169,买盘
1543,09:50:42,4.93,--,26,12818,买盘
1544,09:50:36,4.93,--,8,3944,卖盘
1545,09:50:30,4.93,--,259,127686,买盘
1546,09:50:27,4.93,--,5,2465,买盘
1547,09:50:21,4.93,--,2,986,买盘
1548,09:50:18,4.93,--,18,8874,买盘
1549,09:50:15,4.93,--,20,9860,买盘
1550,09:50:12,4.93,--,1,493,买盘
1551,09:50:09,4.93,0.01,25,12325,买盘
1552,09:50:00,4.92,-0.01,1,492,卖盘
1553,09:49:57,4.93,--,339,167127,买盘
1554,09:49:54,4.93,--,20,9860,买盘
1555,09:49:48,4.93,--,50,24650,买盘
1556,09:49:45,4.93,--,10,4930,买盘
1557,09:49:42,4.93,--,9,4437,买盘
1558,09:49:39,4.93,--,78,38454,买盘
1559,09:49:36,4.93,--,30,14790,买盘
1560,09:49:30,4.93,0.01,56,27608,买盘
1561,09:49:27,4.92,-0.01,4,1968,卖盘
1562,09:49:24,4.93,--,10,4930,买盘
1563,09:49:21,4.93,--,118,58174,买盘
1564,09:49:18,4.93,--,21,10353,买盘
1565,09:49:15,4.93,--,21,10353,买盘
1566,09:49:09,4.93,0.01,13,6409,买盘
1567,09:49:03,4.92,--,100,49200,卖盘
1568,09:48:48,4.92,--,82,40344,买盘
1569,09:48:39,4.92,--,34,16728,买盘
1570,09:48:30,4.92,--,13,6396,卖盘
1571,09:48:27,4.92,--,57,28044,买盘
1572,09:48:24,4.92,0.01,20,9840,买盘
1573,09:48:15,4.91,-0.01,83,40753,卖盘
1574,09:48:12,4.92,--,200,98400,买盘
1575,09:48:09,4.92,--,259,127428,买盘
1576,09:48:06,4.92,--,52,25584,买盘
1577,09:48:00,4.92,--,10,4920,买盘
1578,09:47:57,4.92,--,30,14760,买盘
1579,09:47:48,4.92,0.01,5,2460,买盘
1580,09:47:39,4.91,--,1,491,卖盘
1581,09:47:33,4.91,-0.01,1,491,卖盘
1582,09:47:30,4.92,0.01,100,49200,买盘
1583,09:47:24,4.91,-0.01,1,491,卖盘
1584,09:47:21,4.92,0.01,3,1476,买盘
1585,09:47:18,4.91,-0.01,24,11784,卖盘
1586,09:47:12,4.92,--,10,4920,买盘
1587,09:47:06,4.92,0.01,5,2460,买盘
1588,09:46:57,4.91,--,2,982,卖盘
1589,09:46:51,4.91,--,20,9820,卖盘
1590,09:46:36,4.91,-0.01,76,37316,卖盘
1591,09:46:30,4.92,0.01,1,492,买盘
1592,09:46:27,4.91,-0.01,2,982,卖盘
1593,09:46:24,4.92,--,5,2460,买盘
1594,09:46:15,4.92,--,2,984,买盘
1595,09:46:09,4.92,--,2,984,买盘
1596,09:46:06,4.92,--,5,2460,买盘
1597,09:46:03,4.92,--,7,3444,买盘
1598,09:46:00,4.92,--,35,17220,买盘
1599,09:45:57,4.92,--,47,23124,买盘
1600,09:45:54,4.92,--,130,63960,买盘
1601,09:45:51,4.92,--,10,4920,买盘
1602,09:45:48,4.92,--,5,2460,买盘
1603,09:45:42,4.92,--,107,52644,买盘
1604,09:45:27,4.92,--,2,984,买盘
1605,09:45:24,4.92,--,10,4920,买盘
1606,09:45:21,4.92,--,68,33456,买盘
1607,09:45:15,4.92,--,1,492,买盘
1608,09:45:12,4.92,--,2,984,买盘
1609,09:45:09,4.92,--,50,24600,买盘
1610,09:45:00,4.92,--,36,17712,买盘
1611,09:44:57,4.92,0.01,23,11316,买盘
1612,09:44:48,4.91,--,30,14730,卖盘
1613,09:44:39,4.91,-0.01,17,8347,卖盘
1614,09:44:36,4.92,0.01,3,1476,买盘
1615,09:44:33,4.91,-0.01,44,21604,卖盘
1616,09:44:30,4.92,0.01,60,29520,买盘
1617,09:44:27,4.91,--,50,24550,卖盘
1618,09:44:21,4.91,--,3,1473,卖盘
1619,09:44:12,4.91,--,1,491,卖盘
1620,09:44:09,4.91,0.01,16,7856,买盘
1621,09:44:06,4.9,-0.01,79,38710,卖盘
1622,09:44:03,4.91,--,900,441900,买盘
1623,09:43:57,4.91,--,10,4910,买盘
1624,09:43:51,4.91,--,133,65303,买盘
1625,09:43:48,4.91,--,22,10802,买盘
1626,09:43:45,4.91,--,28,13748,买盘
1627,09:43:39,4.91,0.01,28,13748,买盘
1628,09:43:36,4.9,-0.01,257,125930,卖盘
1629,09:43:33,4.91,--,5,2455,买盘
1630,09:43:18,4.91,--,6,2946,买盘
1631,09:43:09,4.91,--,108,53028,买盘
1632,09:43:06,4.91,0.01,5,2455,买盘
1633,09:43:03,4.9,-0.01,11,5390,卖盘
1634,09:43:00,4.91,0.01,84,41244,买盘
1635,09:42:57,4.9,--,1,490,卖盘
1636,09:42:51,4.9,--,10,4900,卖盘
1637,09:42:42,4.9,-0.01,144,70560,卖盘
1638,09:42:39,4.91,0.01,1,491,买盘
1639,09:42:36,4.9,-0.01,15,7350,卖盘
1640,09:42:30,4.91,0.01,80,39280,买盘
1641,09:42:27,4.9,--,2,980,卖盘
1642,09:42:18,4.9,--,9,4410,卖盘
1643,09:42:12,4.9,--,30,14700,卖盘
1644,09:42:06,4.9,--,17,8330,卖盘
1645,09:42:03,4.9,-0.01,50,24500,卖盘
1646,09:42:00,4.91,0.01,1,491,买盘
1647,09:41:57,4.9,--,6,2940,卖盘
1648,09:41:51,4.9,--,6,2940,卖盘
1649,09:41:45,4.9,--,49,24010,卖盘
1650,09:41:42,4.9,--,6,2940,卖盘
1651,09:41:39,4.9,--,133,65170,卖盘
1652,09:41:36,4.9,--,150,73500,卖盘
1653,09:41:33,4.9,--,3,1470,卖盘
1654,09:41:30,4.9,--,14,6860,卖盘
1655,09:41:27,4.9,--,230,112700,卖盘
1656,09:41:24,4.9,--,10,4900,卖盘
1657,09:41:15,4.9,--,23,11270,卖盘
1658,09:41:09,4.9,--,11,5390,卖盘
1659,09:41:06,4.9,--,11,5390,卖盘
1660,09:41:03,4.9,-0.01,100,49000,卖盘
1661,09:41:00,4.91,0.01,2,982,买盘
1662,09:40:57,4.9,--,20,9800,卖盘
1663,09:40:54,4.9,-0.01,144,70560,卖盘
1664,09:40:51,4.91,--,8,3928,买盘
1665,09:40:48,4.91,0.01,2,982,买盘
1666,09:40:42,4.9,-0.01,10,4900,卖盘
1667,09:40:36,4.91,0.01,55,27005,买盘
1668,09:40:30,4.9,--,9,4410,卖盘
1669,09:40:27,4.9,--,165,80850,卖盘
1670,09:40:24,4.9,-0.01,35,17150,卖盘
1671,09:40:21,4.91,0.01,117,57447,买盘
1672,09:40:18,4.9,--,299,146510,卖盘
1673,09:40:12,4.9,--,128,62720,卖盘
1674,09:40:09,4.9,--,10,4900,卖盘
1675,09:40:06,4.9,-0.01,90,44100,卖盘
1676,09:40:03,4.91,--,3,1473,买盘
1677,09:40:00,4.91,0.01,17,8347,买盘
1678,09:39:54,4.9,--,78,38220,卖盘
1679,09:39:51,4.9,-0.01,3,1470,卖盘
1680,09:39:48,4.91,--,10,4910,买盘
1681,09:39:42,4.91,--,1,491,买盘
1682,09:39:39,4.91,--,103,50573,买盘
1683,09:39:33,4.91,0.01,10,4910,买盘
1684,09:39:30,4.9,-0.01,57,27930,卖盘
1685,09:39:27,4.91,0.01,6,2946,买盘
1686,09:39:24,4.9,--,177,86730,卖盘
1687,09:39:21,4.9,-0.01,20,9800,卖盘
1688,09:39:15,4.91,0.01,63,30933,买盘
1689,09:39:09,4.9,--,3,1470,卖盘
1690,09:39:06,4.9,--,20,9800,卖盘
1691,09:39:03,4.9,--,81,39690,买盘
1692,09:39:00,4.9,--,73,35770,买盘
1693,09:38:57,4.9,0.01,21,10290,买盘
1694,09:38:54,4.89,-0.01,15,7334,卖盘
1695,09:38:51,4.9,--,231,113190,买盘
1696,09:38:48,4.9,0.01,4,1960,买盘
1697,09:38:45,4.89,-0.01,80,39120,卖盘
1698,09:38:39,4.9,--,61,29890,买盘
1699,09:38:36,4.9,--,2,980,买盘
1700,09:38:33,4.9,--,6,2940,买盘
1701,09:38:30,4.9,--,51,24990,买盘
1702,09:38:24,4.9,--,20,9800,买盘
1703,09:38:21,4.9,--,15,7350,买盘
1704,09:38:18,4.9,--,223,109270,卖盘
1705,09:38:15,4.9,--,7,3430,卖盘
1706,09:38:12,4.9,--,45,22050,卖盘
1707,09:38:09,4.9,--,154,75460,买盘
1708,09:38:06,4.9,--,70,34300,买盘
1709,09:38:03,4.9,--,116,56840,卖盘
1710,09:38:00,4.9,-0.01,203,99470,卖盘
1711,09:37:54,4.91,0.01,10,4910,买盘
1712,09:37:51,4.9,--,30,14700,卖盘
1713,09:37:45,4.9,--,7,3430,卖盘
1714,09:37:42,4.9,--,167,81830,卖盘
1715,09:37:39,4.9,--,12,5880,卖盘
1716,09:37:30,4.9,--,21,10290,卖盘
1717,09:37:24,4.9,--,138,67620,卖盘
1718,09:37:18,4.9,--,31,15190,卖盘
1719,09:37:15,4.9,--,87,42630,卖盘
1720,09:37:12,4.9,--,317,155330,卖盘
1721,09:37:09,4.9,-0.01,1,490,卖盘
1722,09:37:06,4.91,0.01,530,260230,买盘
1723,09:37:00,4.9,-0.01,155,75950,卖盘
1724,09:36:57,4.91,--,19,9329,买盘
1725,09:36:54,4.91,--,1,491,买盘
1726,09:36:48,4.91,--,104,51064,买盘
1727,09:36:45,4.91,-0.01,985,483635,卖盘
1728,09:36:39,4.92,--,19,9348,买盘
1729,09:36:36,4.92,--,12,5904,买盘
1730,09:36:33,4.92,-0.01,6,2952,卖盘
1731,09:36:30,4.93,0.01,10,4930,买盘
1732,09:36:27,4.92,-0.01,24,11808,卖盘
1733,09:36:24,4.93,0.01,4,1972,买盘
1734,09:36:21,4.92,-0.01,55,27060,中性盘
1735,09:36:12,4.93,--,627,309111,买盘
1736,09:36:09,4.93,--,120,59160,买盘
1737,09:36:03,4.93,0.01,21,10353,买盘
1738,09:36:00,4.92,-0.01,10,4920,卖盘
1739,09:35:57,4.93,--,128,63104,买盘
1740,09:35:54,4.93,0.01,81,39933,买盘
1741,09:35:51,4.92,-0.01,3,1476,卖盘
1742,09:35:48,4.93,--,60,29580,买盘
1743,09:35:45,4.93,--,5,2465,买盘
1744,09:35:39,4.93,0.01,90,44370,买盘
1745,09:35:36,4.92,-0.01,60,29520,卖盘
1746,09:35:33,4.93,--,8,3944,买盘
1747,09:35:27,4.93,--,14,6902,买盘
1748,09:35:24,4.93,--,28,13804,卖盘
1749,09:35:21,4.93,--,8,3944,买盘
1750,09:35:18,4.93,--,52,25636,卖盘
1751,09:35:09,4.93,0.01,65,32044,买盘
1752,09:35:03,4.92,-0.01,56,27552,卖盘
1753,09:35:00,4.93,--,210,103530,买盘
1754,09:34:51,4.93,0.01,36,17748,买盘
1755,09:34:48,4.92,-0.01,20,9840,中性盘
1756,09:34:42,4.93,0.01,121,59653,买盘
1757,09:34:39,4.92,--,655,322260,卖盘
1758,09:34:36,4.92,-0.01,36,17712,卖盘
1759,09:34:33,4.93,0.01,65,32044,买盘
1760,09:34:30,4.92,-0.01,61,30012,卖盘
1761,09:34:24,4.93,--,130,64089,买盘
1762,09:34:18,4.93,0.01,10,4930,买盘
1763,09:34:15,4.92,-0.01,150,73800,卖盘
1764,09:34:12,4.93,--,11,5423,买盘
1765,09:34:09,4.93,--,33,16268,买盘
1766,09:34:06,4.93,0.01,33,16268,买盘
1767,09:34:03,4.92,-0.01,75,36900,卖盘
1768,09:33:57,4.93,--,20,9860,买盘
1769,09:33:51,4.93,--,10,4930,买盘
1770,09:33:48,4.93,0.01,956,471308,买盘
1771,09:33:45,4.92,-0.01,30,14760,卖盘
1772,09:33:42,4.93,--,150,73950,买盘
1773,09:33:39,4.93,--,10,4930,买盘
1774,09:33:36,4.93,--,6,2958,买盘
1775,09:33:30,4.93,0.01,6,2958,买盘
1776,09:33:24,4.92,--,10,4920,买盘
1777,09:33:18,4.92,--,40,19680,买盘
1778,09:33:15,4.92,--,295,145140,卖盘
1779,09:33:09,4.92,--,40,19680,卖盘
1780,09:33:06,4.92,-0.01,45,22140,卖盘
1781,09:33:03,4.93,0.01,334,164662,买盘
1782,09:32:57,4.92,--,50,24600,买盘
1783,09:32:54,4.92,--,80,39360,买盘
1784,09:32:51,4.92,-0.01,630,309960,卖盘
1785,09:32:48,4.93,--,356,175508,买盘
1786,09:32:45,4.93,--,26,12818,买盘
1787,09:32:42,4.93,0.01,25,12325,买盘
1788,09:32:39,4.92,--,681,335052,卖盘
1789,09:32:36,4.92,-0.01,39,19188,卖盘
1790,09:32:33,4.93,--,603,297279,买盘
1791,09:32:30,4.93,--,16,7888,买盘
1792,09:32:27,4.93,--,61,30073,买盘
1793,09:32:24,4.93,--,7,3451,买盘
1794,09:32:21,4.93,--,1,493,买盘
1795,09:32:18,4.93,--,33,16268,买盘
1796,09:32:15,4.93,--,11,5423,买盘
1797,09:32:12,4.93,-0.01,291,143463,卖盘
1798,09:32:09,4.94,--,31,15314,买盘
1799,09:32:00,4.94,0.01,25,12350,买盘
1800,09:31:57,4.93,-0.01,65,32044,卖盘
1801,09:31:54,4.94,0.01,3,1482,买盘
1802,09:31:51,4.93,0.01,107,52751,买盘
1803,09:31:48,4.92,-0.01,25,12300,卖盘
1804,09:31:45,4.93,--,3,1479,买盘
1805,09:31:42,4.93,0.01,21,10353,买盘
1806,09:31:39,4.92,-0.01,13,6396,卖盘
1807,09:31:33,4.93,--,1040,512719,买盘
1808,09:31:30,4.93,--,1,493,买盘
1809,09:31:27,4.93,--,7,3451,买盘
1810,09:31:24,4.93,-0.01,188,92684,卖盘
1811,09:31:21,4.94,0.01,240,118560,买盘
1812,09:31:18,4.93,-0.01,354,174522,卖盘
1813,09:31:15,4.94,--,2,988,买盘
1814,09:31:12,4.94,--,5,2470,买盘
1815,09:31:09,4.94,0.01,309,152646,买盘
1816,09:31:06,4.93,-0.01,79,38947,卖盘
1817,09:31:00,4.94,0.01,230,113620,买盘
1818,09:30:57,4.93,--,51,25143,卖盘
1819,09:30:54,4.93,--,5,2465,卖盘
1820,09:30:42,4.93,--,96,47328,卖盘
1821,09:30:36,4.93,--,79,38947,买盘
1822,09:30:33,4.93,--,4,1972,买盘
1823,09:30:30,4.93,--,19,9367,买盘
1824,09:30:27,4.93,--,11,5423,买盘
1825,09:30:24,4.93,-0.01,1,493,买盘
1826,09:30:21,4.94,0.01,89,43966,买盘
1827,09:30:15,4.93,--,12,5916,买盘
1828,09:30:09,4.93,-0.01,6,2958,中性盘
1829,09:30:06,4.94,0.01,109,53846,买盘
1830,09:30:03,4.93,-0.02,789,388977,卖盘
1831,09:30:00,4.95,--,0,0,买盘
1832,09:25:03,4.95,4.95,1483,734085,买盘
