,time,price,change,volume,amount,type
0,15:00:03,29.72,--,2689,7993847,卖盘
1,14:57:00,29.72,-0.02,79,234788,卖盘
2,14:56:57,29.74,0.02,23,68402,买盘
3,14:56:54,29.72,-0.02,51,151572,卖盘
4,14:56:51,29.74,0.02,1,2974,买盘
5,14:56:48,29.72,-0.01,30,89160,卖盘
6,14:56:45,29.73,-0.01,32,95136,买盘
7,14:56:42,29.74,--,58,172492,买盘
8,14:56:39,29.74,0.01,107,318218,买盘
9,14:56:36,29.73,--,8,23784,买盘
10,14:56:33,29.73,--,7,20811,买盘
11,14:56:30,29.73,--,10,29730,卖盘
12,14:56:27,29.73,0.01,3,8919,中性盘
13,14:56:24,29.72,-0.02,23,68356,卖盘
14,14:56:21,29.74,--,114,339036,买盘
15,14:56:18,29.74,--,94,279556,买盘
16,14:56:15,29.74,--,26,77324,买盘
17,14:56:12,29.74,0.01,17,50558,买盘
18,14:56:09,29.73,-0.01,24,71352,卖盘
19,14:56:06,29.74,0.01,5,14870,买盘
20,14:56:03,29.73,0.01,8,23784,中性盘
21,14:56:00,29.72,-0.01,91,270452,卖盘
22,14:55:57,29.73,--,11,32703,卖盘
23,14:55:54,29.73,--,16,47568,买盘
24,14:55:51,29.73,--,10,29730,买盘
25,14:55:48,29.73,0.02,53,157569,买盘
26,14:55:45,29.71,--,4,11884,卖盘
27,14:55:42,29.71,--,49,145579,卖盘
28,14:55:39,29.71,-0.01,3,8913,卖盘
29,14:55:36,29.72,0.01,5,14860,买盘
30,14:55:33,29.71,--,18,53478,买盘
31,14:55:30,29.71,0.02,20,59420,买盘
32,14:55:27,29.69,-0.02,54,160326,卖盘
33,14:55:24,29.71,-0.04,42,124782,卖盘
34,14:55:21,29.75,0.05,172,511700,买盘
35,14:55:18,29.7,-0.01,346,1029580,卖盘
36,14:55:15,29.71,--,94,279719,买盘
37,14:55:12,29.71,--,128,380288,买盘
38,14:55:09,29.71,--,36,106956,买盘
39,14:55:06,29.71,0.01,921,2736291,买盘
40,14:55:03,29.7,-0.01,59,175230,卖盘
41,14:55:00,29.71,--,52,154492,买盘
42,14:54:57,29.71,--,87,258477,买盘
43,14:54:54,29.71,--,53,157463,买盘
44,14:54:51,29.71,-0.01,197,586415,卖盘
45,14:54:48,29.72,0.02,69,207118,买盘
46,14:54:45,29.7,-0.01,264,784436,卖盘
47,14:54:42,29.71,-0.01,7,20797,卖盘
48,14:54:39,29.72,0.02,36,106992,买盘
49,14:54:36,29.7,--,70,207900,卖盘
50,14:54:33,29.7,-0.02,52,154440,卖盘
51,14:54:30,29.72,0.02,59,175348,买盘
52,14:54:27,29.7,-0.01,69,204930,卖盘
53,14:54:24,29.71,--,5,14855,卖盘
54,14:54:21,29.71,--,44,130724,买盘
55,14:54:18,29.71,0.01,55,163405,中性盘
56,14:54:15,29.7,-0.02,46,136620,卖盘
57,14:54:06,29.72,0.02,46,136712,买盘
58,14:54:03,29.7,-0.02,56,166320,卖盘
59,14:54:00,29.72,--,6,17832,买盘
60,14:53:57,29.72,-0.02,27,80897,卖盘
61,14:53:54,29.74,--,13,38662,买盘
62,14:53:51,29.74,-0.01,4,11896,卖盘
63,14:53:48,29.75,--,15,44625,买盘
64,14:53:45,29.75,--,12,35700,买盘
65,14:53:42,29.75,-0.02,52,157377,卖盘
66,14:53:39,29.77,--,12,35724,买盘
67,14:53:36,29.77,0.02,5,14885,买盘
68,14:53:33,29.75,--,63,187722,卖盘
69,14:53:30,29.75,--,13,38675,卖盘
70,14:53:27,29.75,--,10,29750,卖盘
71,14:53:24,29.75,--,40,119000,卖盘
72,14:53:21,29.75,--,390,1160250,买盘
73,14:53:18,29.75,--,9,26775,买盘
74,14:53:15,29.75,0.02,19,56525,买盘
75,14:53:12,29.73,-0.02,4,14210,卖盘
76,14:53:09,29.75,0.01,14,41650,中性盘
77,14:53:06,29.74,0.04,979,2911546,买盘
78,14:53:03,29.7,-0.06,549,1633143,卖盘
79,14:53:00,29.76,0.01,4,11904,买盘
80,14:52:57,29.75,--,6,17850,卖盘
81,14:52:54,29.75,--,1,2975,卖盘
82,14:52:51,29.75,--,28,83300,买盘
83,14:52:48,29.75,0.01,8,23800,买盘
84,14:52:45,29.74,-0.01,20,59480,卖盘
85,14:52:42,29.75,0.01,11,32725,中性盘
86,14:52:36,29.74,-0.01,92,273608,卖盘
87,14:52:33,29.75,-0.01,81,242016,卖盘
88,14:52:27,29.76,0.06,646,1924787,买盘
89,14:52:24,29.7,--,145,431392,买盘
90,14:52:21,29.7,-0.04,35,103950,卖盘
91,14:52:18,29.74,--,2,5948,买盘
92,14:52:15,29.74,0.02,60,178440,买盘
93,14:52:12,29.72,-0.03,13,38636,卖盘
94,14:52:09,29.75,-0.05,116,345189,卖盘
95,14:52:06,29.8,--,13,38740,卖盘
96,14:52:03,29.8,-0.01,112,334803,卖盘
97,14:52:00,29.81,0.01,1,2981,买盘
98,14:51:57,29.8,0.06,308,919687,买盘
99,14:51:54,29.74,-0.04,181,538294,卖盘
100,14:51:51,29.78,0.08,336,1001084,买盘
101,14:51:48,29.7,-0.01,150,447994,卖盘
102,14:51:45,29.71,-0.02,14,41594,卖盘
103,14:51:42,29.73,--,312,927576,买盘
104,14:51:39,29.73,0.01,5,14865,买盘
105,14:51:36,29.72,-0.02,1,2972,卖盘
106,14:51:33,29.74,-0.01,46,138975,中性盘
107,14:51:30,29.75,0.05,8,23800,买盘
108,14:51:27,29.7,-0.04,26,77220,卖盘
109,14:51:24,29.74,0.03,1,2974,买盘
110,14:51:21,29.71,-0.04,20,59420,卖盘
111,14:51:18,29.75,-0.01,24,71400,买盘
112,14:51:15,29.76,--,224,666624,卖盘
113,14:51:12,29.76,0.01,94,279744,买盘
114,14:51:09,29.75,0.05,103,307704,买盘
115,14:51:06,29.7,--,58,172260,买盘
116,14:51:03,29.7,-0.06,424,1262012,卖盘
117,14:50:57,29.76,0.05,282,839470,买盘
118,14:50:54,29.71,0.01,12,35652,买盘
119,14:50:51,29.7,-0.01,103,305910,卖盘
120,14:50:48,29.71,0.02,241,716011,买盘
121,14:50:45,29.69,0.01,2,5938,买盘
122,14:50:42,29.68,--,30,89040,卖盘
123,14:50:39,29.68,--,1,2968,卖盘
124,14:50:36,29.68,0.03,181,537831,买盘
125,14:50:33,29.65,--,36,108904,买盘
126,14:50:30,29.65,--,41,121565,买盘
127,14:50:27,29.65,--,29,85985,买盘
128,14:50:24,29.65,--,5,14825,买盘
129,14:50:21,29.65,-0.03,354,1049698,卖盘
130,14:50:18,29.68,--,30,89040,买盘
131,14:50:15,29.68,--,74,219632,买盘
132,14:50:12,29.68,0.03,61,181048,买盘
133,14:50:09,29.65,--,57,169005,卖盘
134,14:50:06,29.65,-0.02,2,5930,卖盘
135,14:50:03,29.67,0.02,71,212822,中性盘
136,14:50:00,29.65,--,20,59300,卖盘
137,14:49:57,29.65,--,215,637475,卖盘
138,14:49:54,29.65,--,13,38545,卖盘
139,14:49:51,29.65,0.01,181,537376,买盘
140,14:49:48,29.64,0.01,25,74100,买盘
141,14:49:45,29.63,-0.01,39,115557,卖盘
142,14:49:42,29.64,--,6,17784,买盘
143,14:49:39,29.64,--,33,97812,买盘
144,14:49:36,29.64,0.01,23,68172,买盘
145,14:49:33,29.63,-0.01,55,165127,卖盘
146,14:49:30,29.64,--,1,2964,卖盘
147,14:49:27,29.64,--,146,432744,卖盘
148,14:49:24,29.64,--,36,106704,卖盘
149,14:49:21,29.64,-0.01,24,71136,卖盘
150,14:49:18,29.65,0.01,29,85985,买盘
151,14:49:15,29.64,--,20,59280,卖盘
152,14:49:12,29.64,-0.01,206,610584,卖盘
153,14:49:09,29.65,--,17,50405,买盘
154,14:49:06,29.65,0.02,76,225340,买盘
155,14:49:03,29.63,-0.01,92,274758,卖盘
156,14:49:00,29.64,0.01,85,251940,买盘
157,14:48:57,29.63,-0.01,10,29778,卖盘
158,14:48:54,29.64,0.03,5,14820,买盘
159,14:48:51,29.61,--,16,47376,卖盘
160,14:48:48,29.61,--,51,151011,卖盘
161,14:48:45,29.61,-0.04,25,74025,卖盘
162,14:48:42,29.65,0.01,15,44475,买盘
163,14:48:39,29.64,-0.05,12,35568,卖盘
164,14:48:36,29.69,0.01,39,115791,买盘
165,14:48:33,29.68,0.03,297,882534,买盘
166,14:48:30,29.65,0.05,11,32615,买盘
167,14:48:27,29.6,--,46,136160,卖盘
168,14:48:24,29.6,--,108,319680,卖盘
169,14:48:21,29.6,--,130,384800,卖盘
170,14:48:18,29.6,-0.04,61,180560,中性盘
171,14:48:15,29.64,0.05,109,323076,买盘
172,14:48:12,29.59,-0.01,89,263351,卖盘
173,14:48:09,29.6,0.02,33,97680,中性盘
174,14:48:06,29.58,-0.01,47,141185,卖盘
175,14:48:03,29.59,0.01,53,156827,中性盘
176,14:48:00,29.58,--,100,295800,卖盘
177,14:47:57,29.58,-0.02,13,38454,卖盘
178,14:47:54,29.6,0.03,53,156880,买盘
179,14:47:51,29.57,-0.05,19,56183,卖盘
180,14:47:48,29.62,0.05,175,518350,买盘
181,14:47:45,29.57,--,21,62097,卖盘
182,14:47:42,29.57,-0.02,138,408154,卖盘
183,14:47:39,29.59,0.01,295,875775,买盘
184,14:47:36,29.58,0.02,10,29580,买盘
185,14:47:33,29.56,-0.01,41,121196,卖盘
186,14:47:30,29.57,--,275,813175,买盘
187,14:47:27,29.57,-0.01,215,635755,卖盘
188,14:47:24,29.58,0.01,17,50286,中性盘
189,14:47:21,29.57,-0.01,143,422851,卖盘
190,14:47:18,29.58,--,74,218892,买盘
191,14:47:15,29.58,0.01,4,11832,买盘
192,14:47:12,29.57,--,5,14785,卖盘
193,14:47:09,29.57,-0.03,473,1398749,卖盘
194,14:47:06,29.6,--,98,290080,卖盘
195,14:47:03,29.6,0.01,283,840551,买盘
196,14:47:00,29.59,-0.01,27,79893,中性盘
197,14:46:57,29.6,0.01,96,284160,买盘
198,14:46:54,29.59,-0.01,20,59180,卖盘
199,14:46:51,29.6,0.01,134,396640,买盘
200,14:46:48,29.59,-0.01,67,198253,卖盘
201,14:46:45,29.6,-0.03,56,165760,卖盘
202,14:46:42,29.63,0.03,189,560007,买盘
203,14:46:39,29.6,-0.02,65,192400,卖盘
204,14:46:36,29.62,-0.01,73,216226,中性盘
205,14:46:33,29.63,-0.02,116,343708,中性盘
206,14:46:30,29.65,--,64,189760,买盘
207,14:46:27,29.65,-0.03,34,100810,中性盘
208,14:46:24,29.68,0.06,120,356160,买盘
209,14:46:21,29.62,-0.01,269,797251,卖盘
210,14:46:18,29.63,-0.01,17,50371,卖盘
211,14:46:15,29.64,-0.02,128,379392,卖盘
212,14:46:12,29.66,-0.02,11,32626,买盘
213,14:46:09,29.68,0.03,37,109816,买盘
214,14:46:06,29.65,-0.01,32,94880,卖盘
215,14:46:03,29.66,-0.02,151,447866,卖盘
216,14:46:00,29.68,0.02,26,77168,买盘
217,14:45:57,29.66,-0.02,238,705908,卖盘
218,14:45:54,29.68,--,21,62328,买盘
219,14:45:51,29.68,--,227,675309,卖盘
220,14:45:48,29.68,-0.02,265,786520,卖盘
221,14:45:45,29.7,--,27,80190,买盘
222,14:45:42,29.7,--,25,74250,买盘
223,14:45:39,29.7,--,260,775051,卖盘
224,14:45:36,29.7,-0.01,8,23760,卖盘
225,14:45:33,29.71,-0.01,77,230935,卖盘
226,14:45:30,29.72,--,20,59440,买盘
227,14:45:27,29.72,--,168,499296,买盘
228,14:45:24,29.72,0.01,111,329892,买盘
229,14:45:21,29.71,-0.01,1,2971,卖盘
230,14:45:18,29.72,--,1,2972,买盘
231,14:45:15,29.72,--,3,8916,买盘
232,14:45:12,29.72,-0.03,50,151334,卖盘
233,14:45:09,29.75,--,41,121975,买盘
234,14:45:06,29.75,0.03,4,11900,买盘
235,14:45:03,29.72,-0.03,45,135909,卖盘
236,14:45:00,29.75,--,12,35700,买盘
237,14:44:57,29.75,-0.02,151,449225,中性盘
238,14:44:54,29.77,0.04,6,17862,买盘
239,14:44:51,29.73,-0.02,36,107028,卖盘
240,14:44:45,29.75,-0.04,17,50575,卖盘
241,14:44:42,29.79,-0.01,3,8937,买盘
242,14:44:39,29.8,--,75,223500,买盘
243,14:44:36,29.8,0.08,20,59600,买盘
244,14:44:33,29.72,-0.06,59,176388,卖盘
245,14:44:30,29.78,--,5,14890,卖盘
246,14:44:27,29.78,0.03,97,288866,买盘
247,14:44:24,29.75,--,26,77350,买盘
248,14:44:21,29.75,--,3,8925,卖盘
249,14:44:18,29.75,--,2,5950,买盘
250,14:44:15,29.75,0.04,10,29750,买盘
251,14:44:12,29.71,-0.09,374,1111154,卖盘
252,14:44:09,29.8,0.04,42,125160,买盘
253,14:44:06,29.76,-0.01,122,363072,中性盘
254,14:44:03,29.77,0.02,64,192701,中性盘
255,14:44:00,29.75,-0.05,10,29750,卖盘
256,14:43:57,29.8,0.05,138,411240,买盘
257,14:43:51,29.75,--,85,252875,卖盘
258,14:43:45,29.75,-0.01,16,50158,卖盘
259,14:43:42,29.76,--,36,107136,买盘
260,14:43:39,29.76,0.01,50,148800,买盘
261,14:43:36,29.75,--,36,107100,卖盘
262,14:43:33,29.75,-0.01,199,594196,卖盘
263,14:43:30,29.76,--,91,270816,买盘
264,14:43:27,29.76,0.01,154,458304,买盘
265,14:43:24,29.75,--,3,8925,卖盘
266,14:43:21,29.75,-0.01,3,8925,卖盘
267,14:43:18,29.76,0.01,16,47616,买盘
268,14:43:15,29.75,-0.01,15,44625,中性盘
269,14:43:12,29.76,--,2,5952,买盘
270,14:43:09,29.76,0.03,44,132789,买盘
271,14:43:06,29.73,--,3,8919,买盘
272,14:43:03,29.73,-0.03,120,358930,卖盘
273,14:43:00,29.76,--,68,202368,卖盘
274,14:42:57,29.76,0.04,26,77376,买盘
275,14:42:54,29.72,--,3,8916,卖盘
276,14:42:51,29.72,-0.04,20,59440,卖盘
277,14:42:48,29.76,0.03,25,74400,买盘
278,14:42:45,29.73,0.01,13,38649,买盘
279,14:42:42,29.72,-0.04,6,17832,卖盘
280,14:42:39,29.76,0.05,39,116064,卖盘
281,14:42:36,29.71,--,48,142608,卖盘
282,14:42:33,29.71,-0.05,65,194154,卖盘
283,14:42:30,29.76,--,3,9166,卖盘
284,14:42:27,29.76,0.05,110,327360,买盘
285,14:42:21,29.71,-0.04,14,41594,卖盘
286,14:42:12,29.75,--,2,5950,买盘
287,14:42:09,29.75,0.03,70,208250,买盘
288,14:42:06,29.72,0.01,6,17832,中性盘
289,14:42:03,29.71,-0.04,53,159631,卖盘
290,14:42:00,29.75,--,1,2975,买盘
291,14:41:57,29.75,0.04,133,395675,中性盘
292,14:41:51,29.71,-0.06,32,95072,卖盘
293,14:41:48,29.77,-0.01,12,35724,卖盘
294,14:41:45,29.78,0.01,8,23824,买盘
295,14:41:42,29.77,-0.02,73,219553,卖盘
296,14:41:39,29.79,0.05,392,1169942,买盘
297,14:41:36,29.74,0.03,7,20818,买盘
298,14:41:33,29.71,-0.09,42,124782,卖盘
299,14:41:30,29.8,0.05,500,1490000,买盘
300,14:41:27,29.75,0.03,151,449225,中性盘
301,14:41:21,29.72,-0.06,13,38636,卖盘
302,14:41:18,29.78,0.03,13,38714,买盘
303,14:41:15,29.75,0.04,11,32725,买盘
304,14:41:12,29.71,-0.03,315,935865,卖盘
305,14:41:09,29.74,-0.01,50,148700,卖盘
306,14:41:06,29.75,-0.03,81,240975,卖盘
307,14:41:03,29.78,-0.02,148,442352,卖盘
308,14:41:00,29.8,0.02,89,266590,买盘
309,14:40:57,29.78,0.03,80,238240,买盘
310,14:40:54,29.75,--,13,38675,买盘
311,14:40:51,29.75,0.04,20,59500,中性盘
312,14:40:48,29.71,-0.04,536,1592456,卖盘
313,14:40:45,29.75,--,21,62475,卖盘
314,14:40:42,29.75,-0.05,23,68425,卖盘
315,14:40:39,29.8,0.05,40,119200,买盘
316,14:40:36,29.75,--,84,249900,卖盘
317,14:40:33,29.75,--,85,253916,买盘
318,14:40:27,29.75,-0.01,175,520625,卖盘
319,14:40:24,29.76,0.02,11,32736,买盘
320,14:40:21,29.74,-0.01,14,41636,卖盘
321,14:40:15,29.75,0.03,14,41650,买盘
322,14:40:12,29.72,-0.06,142,422024,卖盘
323,14:40:09,29.78,0.03,47,142139,买盘
324,14:40:06,29.75,--,8,24603,卖盘
325,14:40:03,29.75,-0.03,52,156871,卖盘
326,14:40:00,29.78,0.03,36,107208,买盘
327,14:39:57,29.75,--,144,428400,卖盘
328,14:39:54,29.75,--,2,5950,卖盘
329,14:39:51,29.75,--,59,175525,卖盘
330,14:39:48,29.75,0.07,262,779450,买盘
331,14:39:45,29.68,-0.04,376,1115968,卖盘
332,14:39:42,29.72,-0.03,26,77272,卖盘
333,14:39:39,29.75,0.02,67,199325,买盘
334,14:39:36,29.73,0.02,44,130812,买盘
335,14:39:33,29.71,--,57,170386,卖盘
336,14:39:30,29.71,0.03,257,763547,买盘
337,14:39:27,29.68,-0.02,150,445200,卖盘
338,14:39:24,29.7,0.02,28,83160,买盘
339,14:39:21,29.68,--,132,391776,卖盘
340,14:39:18,29.68,0.01,107,317932,买盘
341,14:39:15,29.67,--,19,56373,买盘
342,14:39:12,29.67,-0.01,27,80109,中性盘
343,14:39:09,29.68,0.01,44,130592,买盘
344,14:39:06,29.67,0.04,23,68241,买盘
345,14:39:03,29.63,-0.07,34,100742,卖盘
346,14:39:00,29.7,0.05,1030,3059100,买盘
347,14:38:57,29.65,-0.03,379,1123735,卖盘
348,14:38:54,29.68,--,7,20776,买盘
349,14:38:51,29.68,--,31,92008,买盘
350,14:38:48,29.68,--,45,133560,买盘
351,14:38:45,29.68,--,29,86072,买盘
352,14:38:42,29.68,-0.02,36,106848,卖盘
353,14:38:39,29.7,0.01,649,1927530,买盘
354,14:38:36,29.69,0.01,30,89070,中性盘
355,14:38:33,29.68,--,182,541927,卖盘
356,14:38:30,29.68,--,18,53424,卖盘
357,14:38:27,29.68,-0.01,158,468944,卖盘
358,14:38:24,29.69,0.01,12,35628,买盘
359,14:38:21,29.68,-0.02,12,35616,卖盘
360,14:38:18,29.7,--,44,130680,买盘
361,14:38:15,29.7,0.01,134,397980,买盘
362,14:38:12,29.69,-0.01,34,100946,卖盘
363,14:38:09,29.7,--,92,274635,卖盘
364,14:38:06,29.7,--,1,2970,卖盘
365,14:38:03,29.7,-0.01,577,1714729,卖盘
366,14:38:00,29.71,0.01,136,404056,中性盘
367,14:37:57,29.7,0.02,454,1348914,买盘
368,14:37:54,29.68,--,52,154336,买盘
369,14:37:51,29.68,--,62,184016,买盘
370,14:37:48,29.68,--,11,32648,买盘
371,14:37:45,29.68,--,30,89040,买盘
372,14:37:39,29.68,-0.05,92,273056,卖盘
373,14:37:36,29.73,0.02,206,612438,买盘
374,14:37:33,29.71,-0.02,765,2274983,中性盘
375,14:37:30,29.73,0.02,23,68379,买盘
376,14:37:27,29.71,-0.02,346,1027966,卖盘
377,14:37:24,29.73,0.02,412,1224876,买盘
378,14:37:21,29.71,-0.02,501,1488471,卖盘
379,14:37:12,29.73,-0.02,48,143506,卖盘
380,14:37:09,29.75,--,65,193375,卖盘
381,14:37:06,29.75,--,9,26775,卖盘
382,14:37:03,29.75,--,100,299671,卖盘
383,14:37:00,29.75,-0.01,48,142800,卖盘
384,14:36:57,29.76,--,61,181536,买盘
385,14:36:54,29.76,0.05,33,98208,买盘
386,14:36:51,29.71,-0.05,678,2014338,卖盘
387,14:36:48,29.76,0.02,329,979282,买盘
388,14:36:45,29.74,-0.02,35,104090,买盘
389,14:36:42,29.76,0.03,27,80352,买盘
390,14:36:39,29.73,-0.03,71,211083,卖盘
391,14:36:36,29.76,0.03,29,86304,买盘
392,14:36:33,29.73,-0.06,177,526221,卖盘
393,14:36:30,29.79,0.03,42,125118,买盘
394,14:36:27,29.76,-0.02,23,68448,卖盘
395,14:36:24,29.78,0.02,33,98274,买盘
396,14:36:21,29.76,0.03,8,23808,卖盘
397,14:36:18,29.73,--,44,130812,买盘
398,14:36:15,29.73,--,39,115947,买盘
399,14:36:12,29.73,--,42,124866,买盘
400,14:36:09,29.73,--,362,1076226,买盘
401,14:36:06,29.73,0.01,114,340170,买盘
402,14:36:03,29.72,-0.01,230,683560,卖盘
403,14:36:00,29.73,--,4,11892,买盘
404,14:35:57,29.73,-0.05,357,1063085,卖盘
405,14:35:54,29.78,--,27,80406,卖盘
406,14:35:51,29.78,-0.02,139,413942,卖盘
407,14:35:48,29.8,--,672,2005242,卖盘
408,14:35:45,29.8,-0.03,37,113001,卖盘
409,14:35:42,29.83,-0.01,122,363926,买盘
410,14:35:39,29.84,0.01,38,113392,买盘
411,14:35:36,29.83,--,15,44745,买盘
412,14:35:33,29.83,0.01,126,375858,买盘
413,14:35:30,29.82,--,8,23856,卖盘
414,14:35:27,29.82,-0.02,276,823032,卖盘
415,14:35:24,29.84,--,2,5968,买盘
416,14:35:21,29.84,--,276,823584,卖盘
417,14:35:18,29.84,--,82,244688,卖盘
418,14:35:15,29.84,-0.01,118,352112,卖盘
419,14:35:09,29.85,--,57,170145,买盘
420,14:35:06,29.85,0.01,1,2985,买盘
421,14:35:03,29.84,-0.01,30,89520,卖盘
422,14:35:00,29.85,--,5,14925,买盘
423,14:34:57,29.85,-0.01,181,540285,买盘
424,14:34:54,29.86,0.01,7,23320,买盘
425,14:34:51,29.85,-0.01,115,343275,卖盘
426,14:34:48,29.86,0.01,148,441928,买盘
427,14:34:45,29.85,--,61,182085,卖盘
428,14:34:42,29.85,-0.01,40,119400,卖盘
429,14:34:39,29.86,0.01,43,128398,买盘
430,14:34:36,29.85,-0.01,19,56715,卖盘
431,14:34:33,29.86,--,98,292628,买盘
432,14:34:30,29.86,-0.01,13,38818,买盘
433,14:34:27,29.87,--,169,504803,卖盘
434,14:34:24,29.87,--,306,914022,卖盘
435,14:34:21,29.87,--,22,65714,卖盘
436,14:34:18,29.87,-0.03,31,92597,买盘
437,14:34:15,29.9,0.03,128,382720,买盘
438,14:34:12,29.87,--,86,256882,买盘
439,14:34:09,29.87,-0.01,94,280778,买盘
440,14:34:06,29.88,0.02,1,2988,中性盘
441,14:34:03,29.86,-0.01,57,171724,卖盘
442,14:34:00,29.87,-0.02,27,80649,卖盘
443,14:33:57,29.89,0.02,109,327265,买盘
444,14:33:51,29.87,--,17,50779,卖盘
445,14:33:48,29.87,-0.02,4,11948,卖盘
446,14:33:45,29.89,--,147,439383,买盘
447,14:33:39,29.89,0.03,44,131516,买盘
448,14:33:36,29.86,--,12,35832,买盘
449,14:33:33,29.86,--,59,176174,买盘
450,14:33:30,29.86,--,4,11944,买盘
451,14:33:27,29.86,--,160,477760,卖盘
452,14:33:21,29.86,--,15,44790,卖盘
453,14:33:18,29.86,--,3,8958,卖盘
454,14:33:15,29.86,--,127,379222,卖盘
455,14:33:12,29.86,-0.01,14,41804,买盘
456,14:33:09,29.87,0.02,38,113506,买盘
457,14:33:06,29.85,-0.01,8,23880,卖盘
458,14:33:03,29.86,0.01,86,258975,卖盘
459,14:33:00,29.85,--,4,11940,卖盘
460,14:32:57,29.85,-0.01,152,453720,卖盘
461,14:32:54,29.86,--,14,41804,买盘
462,14:32:51,29.86,0.01,25,74650,买盘
463,14:32:48,29.85,--,17,52118,买盘
464,14:32:45,29.85,--,125,373125,买盘
465,14:32:42,29.85,--,39,116415,买盘
466,14:32:39,29.85,--,79,235815,买盘
467,14:32:36,29.85,--,271,810546,卖盘
468,14:32:33,29.85,-0.02,37,110833,卖盘
469,14:32:30,29.87,0.01,1,4779,买盘
470,14:32:27,29.86,--,126,376236,买盘
471,14:32:24,29.86,--,1,2986,买盘
472,14:32:21,29.86,0.01,17,50762,买盘
473,14:32:18,29.85,-0.01,7,20895,卖盘
474,14:32:15,29.86,--,126,376236,买盘
475,14:32:12,29.86,--,1,2986,买盘
476,14:32:09,29.86,0.01,99,295614,买盘
477,14:32:06,29.85,--,21,62685,卖盘
478,14:32:03,29.85,-0.01,37,112624,卖盘
479,14:32:00,29.86,0.01,20,59720,买盘
480,14:31:57,29.85,-0.01,106,316410,卖盘
481,14:31:54,29.86,-0.01,122,365187,卖盘
482,14:31:51,29.87,-0.01,7,20909,中性盘
483,14:31:48,29.88,--,38,113544,买盘
484,14:31:45,29.88,0.02,126,376488,买盘
485,14:31:42,29.86,-0.02,18,53748,卖盘
486,14:31:39,29.88,--,40,119520,买盘
487,14:31:36,29.88,0.02,5,14940,买盘
488,14:31:33,29.86,--,32,97731,卖盘
489,14:31:30,29.86,--,21,62706,卖盘
490,14:31:27,29.86,-0.02,141,421026,卖盘
491,14:31:24,29.88,0.02,1,2988,买盘
492,14:31:21,29.86,-0.02,15,44790,卖盘
493,14:31:18,29.88,--,33,98604,买盘
494,14:31:15,29.88,--,142,424296,买盘
495,14:31:12,29.88,--,21,62748,买盘
496,14:31:09,29.88,--,38,113544,买盘
497,14:31:06,29.88,--,1,2988,买盘
498,14:31:03,29.88,--,69,206172,卖盘
499,14:31:00,29.88,--,7,20916,卖盘
500,14:30:57,29.88,-0.01,117,349596,卖盘
501,14:30:51,29.89,--,4,11956,买盘
502,14:30:48,29.89,--,12,35868,买盘
503,14:30:45,29.89,--,129,385581,买盘
504,14:30:42,29.89,--,15,44835,买盘
505,14:30:39,29.89,0.03,45,134505,买盘
506,14:30:36,29.86,-0.03,23,68678,卖盘
507,14:30:33,29.89,--,34,101626,买盘
508,14:30:30,29.89,-0.01,4,11956,卖盘
509,14:30:27,29.9,0.01,127,379730,中性盘
510,14:30:24,29.89,--,17,50813,卖盘
511,14:30:21,29.89,-0.03,15,44835,卖盘
512,14:30:18,29.92,0.03,6,17952,买盘
513,14:30:15,29.89,--,156,466284,卖盘
514,14:30:12,29.89,-0.01,646,1930894,卖盘
515,14:30:09,29.9,--,119,356617,卖盘
516,14:30:06,29.9,--,1,2990,卖盘
517,14:30:03,29.9,--,32,97862,卖盘
518,14:29:57,29.9,-0.01,6,17940,中性盘
519,14:29:51,29.91,--,1,2991,买盘
520,14:29:48,29.91,0.02,3,8973,买盘
521,14:29:45,29.89,-0.06,367,1096963,卖盘
522,14:29:42,29.95,--,138,413310,买盘
523,14:29:39,29.95,0.04,38,113810,买盘
524,14:29:36,29.91,-0.02,1,2991,卖盘
525,14:29:33,29.93,--,55,165662,买盘
526,14:29:30,29.93,0.02,6,17958,买盘
527,14:29:27,29.91,0.01,31,93917,买盘
528,14:29:24,29.9,--,8,23920,买盘
529,14:29:21,29.9,--,20,59800,买盘
530,14:29:18,29.9,--,7,20930,买盘
531,14:29:15,29.9,-0.04,332,992680,卖盘
532,14:29:12,29.94,-0.01,35,104790,买盘
533,14:29:09,29.95,0.04,51,152745,买盘
534,14:29:06,29.91,--,6,18753,卖盘
535,14:29:03,29.91,-0.03,44,133787,卖盘
536,14:29:00,29.94,-0.01,24,71856,卖盘
537,14:28:57,29.95,--,171,512145,买盘
538,14:28:54,29.95,0.01,159,476205,买盘
539,14:28:51,29.94,--,18,53892,卖盘
540,14:28:48,29.94,--,29,86826,卖盘
541,14:28:45,29.94,--,4,11976,卖盘
542,14:28:42,29.94,0.01,21,62874,中性盘
543,14:28:39,29.93,0.02,41,122713,买盘
544,14:28:36,29.91,-0.03,23,68793,卖盘
545,14:28:33,29.94,0.01,55,166885,买盘
546,14:28:30,29.93,--,46,137678,卖盘
547,14:28:27,29.93,0.02,194,580642,买盘
548,14:28:24,29.91,-0.02,10,29910,卖盘
549,14:28:21,29.93,0.02,6,17958,买盘
550,14:28:18,29.91,-0.02,12,35892,卖盘
551,14:28:15,29.93,-0.01,1,2993,买盘
552,14:28:09,29.94,0.01,209,625746,买盘
553,14:28:06,29.93,0.02,9,26937,买盘
554,14:28:03,29.91,-0.02,33,98703,卖盘
555,14:28:00,29.93,-0.03,8,23944,买盘
556,14:27:57,29.96,0.03,116,347536,买盘
557,14:27:54,29.93,--,45,134685,卖盘
558,14:27:51,29.93,--,5,14965,卖盘
559,14:27:48,29.93,-0.01,68,203524,卖盘
560,14:27:45,29.94,--,19,56886,买盘
561,14:27:42,29.94,--,25,74850,买盘
562,14:27:39,29.94,--,183,547902,买盘
563,14:27:36,29.94,--,8,23952,买盘
564,14:27:33,29.94,-0.01,139,416974,卖盘
565,14:27:27,29.95,0.01,105,314475,中性盘
566,14:27:24,29.94,-0.03,16,47904,卖盘
567,14:27:21,29.97,--,22,65934,买盘
568,14:27:18,29.97,0.02,8,23976,买盘
569,14:27:15,29.95,-0.05,20,59900,卖盘
570,14:27:12,30.0,--,27,81000,买盘
571,14:27:09,30.0,--,11,33000,买盘
572,14:27:06,30.0,--,197,593370,卖盘
573,14:27:03,30.0,--,99,299190,卖盘
574,14:27:00,30.0,--,20,60000,卖盘
575,14:26:57,30.0,--,16,48000,卖盘
576,14:26:54,30.0,0.04,1832,5497440,买盘
577,14:26:51,29.96,0.03,12,35952,卖盘
578,14:26:48,29.93,--,3,11163,买盘
579,14:26:45,29.93,--,3,8979,买盘
580,14:26:42,29.93,-0.06,54,162430,卖盘
581,14:26:36,29.99,0.01,187,560813,买盘
582,14:26:33,29.98,--,49,149090,买盘
583,14:26:30,29.98,--,7,20986,买盘
584,14:26:27,29.98,--,64,191872,买盘
585,14:26:21,29.98,--,20,59960,买盘
586,14:26:18,29.98,--,4,11992,买盘
587,14:26:12,29.98,0.04,54,161892,买盘
588,14:26:06,29.94,-0.05,9,26946,中性盘
589,14:26:03,29.99,0.07,263,788737,买盘
590,14:26:00,29.92,-0.02,104,311168,卖盘
591,14:25:57,29.94,0.01,28,83832,买盘
592,14:25:54,29.93,0.01,1,2993,买盘
593,14:25:51,29.92,--,13,38896,卖盘
594,14:25:48,29.92,0.01,4,11968,中性盘
595,14:25:42,29.91,-0.09,25,74775,卖盘
596,14:25:39,30.0,0.09,30,90000,买盘
597,14:25:36,29.91,-0.09,9,26919,卖盘
598,14:25:33,30.0,0.07,233,701910,买盘
599,14:25:27,29.93,0.02,57,170601,买盘
600,14:25:21,29.91,-0.01,20,59820,卖盘
601,14:25:18,29.92,0.01,4,11968,买盘
602,14:25:15,29.91,-0.01,4,11964,卖盘
603,14:25:12,29.92,0.01,1503,4496976,中性盘
604,14:25:09,29.91,-0.02,3,8973,卖盘
605,14:25:06,29.93,0.02,59,176587,买盘
606,14:25:03,29.91,-0.02,65,197316,卖盘
607,14:25:00,29.93,--,164,490852,买盘
608,14:24:57,29.93,--,23,68839,买盘
609,14:24:54,29.93,0.03,7,21908,买盘
610,14:24:51,29.9,--,23,68770,买盘
611,14:24:48,29.9,--,34,101660,买盘
612,14:24:45,29.9,--,18,53820,买盘
613,14:24:42,29.9,-0.03,180,540233,卖盘
614,14:24:39,29.93,0.03,35,104755,买盘
615,14:24:36,29.9,--,61,182390,卖盘
616,14:24:33,29.9,-0.03,105,314996,卖盘
617,14:24:30,29.93,0.01,164,490852,买盘
618,14:24:27,29.92,0.02,34,103912,买盘
619,14:24:24,29.9,-0.01,31,92690,卖盘
620,14:24:21,29.91,--,45,134595,买盘
621,14:24:18,29.91,0.01,23,68793,买盘
622,14:24:15,29.9,--,2,5980,卖盘
623,14:24:12,29.9,-0.01,7,20930,卖盘
624,14:24:06,29.91,0.01,13,38883,买盘
625,14:24:03,29.9,-0.03,34,101660,卖盘
626,14:24:00,29.93,0.02,249,745257,买盘
627,14:23:57,29.91,-0.02,108,323028,卖盘
628,14:23:54,29.93,--,938,2810097,买盘
629,14:23:48,29.93,--,20,59860,买盘
630,14:23:45,29.93,--,43,128699,买盘
631,14:23:42,29.93,--,5,14965,买盘
632,14:23:39,29.93,--,76,227468,买盘
633,14:23:36,29.93,-0.01,56,168416,卖盘
634,14:23:33,29.94,--,44,133921,卖盘
635,14:23:30,29.94,--,2,5988,卖盘
636,14:23:27,29.94,0.03,42,125748,中性盘
637,14:23:21,29.91,-0.01,37,110667,卖盘
638,14:23:18,29.92,-0.05,3,8976,卖盘
639,14:23:15,29.97,0.06,48,143856,买盘
640,14:23:12,29.91,-0.05,22,65802,卖盘
641,14:23:09,29.96,0.03,95,286477,买盘
642,14:23:06,29.93,0.03,2,5986,买盘
643,14:23:03,29.9,-0.03,93,280252,卖盘
644,14:22:57,29.93,--,106,317258,买盘
645,14:22:54,29.93,0.01,86,257398,买盘
646,14:22:51,29.92,--,13,38896,卖盘
647,14:22:48,29.92,0.02,42,125664,买盘
648,14:22:45,29.9,0.01,19,56810,买盘
649,14:22:42,29.89,-0.1,12,35868,中性盘
650,14:22:39,29.99,0.01,58,173942,买盘
651,14:22:36,29.98,0.1,5,14990,中性盘
652,14:22:33,29.88,-0.05,122,365581,卖盘
653,14:22:30,29.93,--,60,179580,卖盘
654,14:22:27,29.93,0.06,44,133158,买盘
655,14:22:24,29.87,-0.01,1,2987,卖盘
656,14:22:21,29.88,-0.02,37,110556,卖盘
657,14:22:18,29.9,0.02,5,16474,卖盘
658,14:22:15,29.88,--,2,7440,买盘
659,14:22:12,29.88,-0.12,24,73235,卖盘
660,14:22:06,30.0,0.12,28,85470,买盘
661,14:22:03,29.88,--,64,193801,卖盘
662,14:22:00,29.88,-0.12,4,11952,卖盘
663,14:21:57,30.0,0.12,129,389610,买盘
664,14:21:54,29.88,--,71,212148,买盘
665,14:21:51,29.88,--,24,71712,买盘
666,14:21:48,29.88,-0.12,63,189469,卖盘
667,14:21:45,30.0,0.12,12,37770,买盘
668,14:21:42,29.88,-0.01,1021,3051973,卖盘
669,14:21:39,29.89,--,17,50813,买盘
670,14:21:36,29.89,0.01,13,38857,中性盘
671,14:21:33,29.88,-0.03,1057,3160078,卖盘
672,14:21:30,29.91,--,39,116649,卖盘
673,14:21:27,29.91,0.02,33,98703,买盘
674,14:21:24,29.89,--,1,2989,买盘
675,14:21:21,29.89,-0.01,5,14945,卖盘
676,14:21:18,29.9,--,1009,3016910,买盘
677,14:21:15,29.9,--,16,47840,买盘
678,14:21:12,29.9,--,52,155480,买盘
679,14:21:09,29.9,--,18,53820,买盘
680,14:21:06,29.9,--,255,762450,卖盘
681,14:21:03,29.9,-0.02,120,358800,卖盘
682,14:20:57,29.92,--,109,326128,中性盘
683,14:20:54,29.92,--,10,29920,中性盘
684,14:20:51,29.92,-0.01,150,448800,卖盘
685,14:20:45,29.93,--,2,5986,买盘
686,14:20:42,29.93,--,17,50881,买盘
687,14:20:39,29.93,0.01,6,17958,买盘
688,14:20:36,29.92,-0.01,18,53856,中性盘
689,14:20:33,29.93,0.01,66,198346,买盘
690,14:20:30,29.92,-0.02,9,26928,卖盘
691,14:20:27,29.94,0.01,132,395208,买盘
692,14:20:24,29.93,--,48,143664,买盘
693,14:20:21,29.93,-0.01,20,62374,卖盘
694,14:20:18,29.94,0.01,2,5988,买盘
695,14:20:15,29.93,-0.01,3,8979,卖盘
696,14:20:12,29.94,0.01,29,86826,买盘
697,14:20:09,29.93,--,38,113734,卖盘
698,14:20:06,29.93,--,51,152643,卖盘
699,14:20:03,29.93,--,172,516980,卖盘
700,14:19:57,29.93,--,125,374125,卖盘
701,14:19:51,29.93,--,5,14965,卖盘
702,14:19:48,29.93,-0.02,6,17958,卖盘
703,14:19:42,29.95,--,2,5990,买盘
704,14:19:39,29.95,--,5,14975,买盘
705,14:19:36,29.95,0.01,28,83860,中性盘
706,14:19:33,29.94,-0.01,32,97993,卖盘
707,14:19:30,29.95,--,20,59900,卖盘
708,14:19:27,29.95,-0.01,152,455240,卖盘
709,14:19:24,29.96,0.01,14,41944,买盘
710,14:19:21,29.95,0.01,39,116805,买盘
711,14:19:18,29.94,-0.01,24,71856,卖盘
712,14:19:15,29.95,--,5,14975,买盘
713,14:19:12,29.95,0.01,12,35940,买盘
714,14:19:09,29.94,-0.02,18,53892,卖盘
715,14:19:06,29.96,--,100,299600,买盘
716,14:19:03,29.96,0.01,88,263648,买盘
717,14:19:00,29.95,-0.01,474,1421247,卖盘
718,14:18:57,29.96,-0.01,298,895564,卖盘
719,14:18:54,29.97,--,21,62937,卖盘
720,14:18:51,29.97,--,34,101898,买盘
721,14:18:48,29.97,--,5,14985,买盘
722,14:18:45,29.97,--,32,95904,卖盘
723,14:18:42,29.97,-0.01,36,107892,卖盘
724,14:18:39,29.98,--,5,14990,买盘
725,14:18:36,29.98,0.02,7,20986,买盘
726,14:18:33,29.96,-0.02,68,205915,卖盘
727,14:18:30,29.98,0.02,20,59960,买盘
728,14:18:27,29.96,--,119,356524,卖盘
729,14:18:24,29.96,--,53,158788,卖盘
730,14:18:21,29.96,-0.01,43,130685,卖盘
731,14:18:18,29.97,--,57,170829,买盘
732,14:18:15,29.97,--,2,5994,买盘
733,14:18:12,29.97,--,107,320679,买盘
734,14:18:09,29.97,--,2,5994,买盘
735,14:18:06,29.97,0.01,66,197802,买盘
736,14:18:03,29.96,-0.01,32,98059,卖盘
737,14:18:00,29.97,-0.01,1,2997,买盘
738,14:17:57,29.98,0.01,125,374750,买盘
739,14:17:54,29.97,0.01,16,47952,买盘
740,14:17:51,29.96,-0.01,31,92876,卖盘
741,14:17:48,29.97,--,17,50949,买盘
742,14:17:45,29.97,0.01,18,53946,卖盘
743,14:17:42,29.96,-0.02,40,119840,卖盘
744,14:17:39,29.98,--,7,20986,买盘
745,14:17:36,29.98,0.01,4,11992,买盘
746,14:17:33,29.97,--,63,191718,卖盘
747,14:17:30,29.97,--,11,32967,卖盘
748,14:17:27,29.97,-0.01,44,131868,中性盘
749,14:17:24,29.98,0.02,16,47968,买盘
750,14:17:21,29.96,--,16,47936,卖盘
751,14:17:18,29.96,0.01,71,213435,买盘
752,14:17:15,29.95,-0.01,1,2995,卖盘
753,14:17:12,29.96,0.01,61,182756,买盘
754,14:17:09,29.95,-0.01,13,38935,卖盘
755,14:17:06,29.96,--,17,50932,买盘
756,14:17:03,29.96,--,65,196118,买盘
757,14:17:00,29.96,--,16,47936,买盘
758,14:16:57,29.96,--,114,341544,买盘
759,14:16:54,29.96,--,15,44940,买盘
760,14:16:51,29.96,-0.01,100,299600,中性盘
761,14:16:48,29.97,0.02,23,68931,买盘
762,14:16:45,29.95,--,10,29950,卖盘
763,14:16:42,29.95,-0.02,23,68885,卖盘
764,14:16:39,29.97,--,15,44955,买盘
765,14:16:36,29.97,0.03,12,35964,买盘
766,14:16:33,29.94,-0.02,76,230448,卖盘
767,14:16:27,29.96,0.02,51,152796,买盘
768,14:16:24,29.94,-0.02,2,5988,卖盘
769,14:16:21,29.96,0.01,12,35952,买盘
770,14:16:18,29.95,--,15,44925,买盘
771,14:16:15,29.95,--,4,11980,买盘
772,14:16:12,29.95,--,1,2995,买盘
773,14:16:09,29.95,-0.02,11,32945,卖盘
774,14:16:06,29.97,0.03,20,59940,买盘
775,14:16:03,29.94,-0.03,53,160867,卖盘
776,14:16:00,29.97,--,29,86913,买盘
777,14:15:57,29.97,--,109,326673,买盘
778,14:15:51,29.97,--,49,146853,买盘
779,14:15:48,29.97,--,29,86913,买盘
780,14:15:45,29.97,--,29,86913,买盘
781,14:15:42,29.97,--,1,2997,买盘
782,14:15:39,29.97,-0.03,283,848420,卖盘
783,14:15:36,30.0,--,6,18000,买盘
784,14:15:33,30.0,--,51,153000,买盘
785,14:15:30,30.0,--,2,6000,买盘
786,14:15:27,30.0,--,135,405000,买盘
787,14:15:24,30.0,--,32,96000,卖盘
788,14:15:21,30.0,-0.02,34,102000,卖盘
789,14:15:18,30.02,--,1,3002,买盘
790,14:15:15,30.02,0.02,32,96064,买盘
791,14:15:12,30.0,--,79,239940,卖盘
792,14:15:09,30.0,-0.02,60,180000,卖盘
793,14:15:06,30.02,-0.03,10,30020,中性盘
794,14:15:03,30.05,0.03,56,168280,买盘
795,14:15:00,30.02,-0.03,13,39026,卖盘
796,14:14:57,30.05,--,40,120200,买盘
797,14:14:54,30.05,0.03,6,18030,买盘
798,14:14:51,30.02,--,16,48032,卖盘
799,14:14:48,30.02,-0.03,3,9006,卖盘
800,14:14:45,30.05,0.06,23,69115,买盘
801,14:14:42,29.99,-0.04,574,1721426,卖盘
802,14:14:39,30.03,-0.02,19,57057,卖盘
803,14:14:36,30.05,0.05,4,12020,买盘
804,14:14:33,30.0,-0.05,48,145050,卖盘
805,14:14:30,30.05,0.05,37,112957,买盘
806,14:14:27,30.0,--,1048,3144000,买盘
807,14:14:24,30.0,--,41,123000,买盘
808,14:14:21,30.0,--,40,120000,买盘
809,14:14:18,30.0,--,7,21000,买盘
810,14:14:15,30.0,0.01,65,195000,买盘
811,14:14:12,29.99,-0.01,100,299900,卖盘
812,14:14:09,30.0,--,504,1512000,买盘
813,14:14:06,30.0,0.01,172,516000,买盘
814,14:14:03,29.99,-0.01,47,143142,卖盘
815,14:14:00,30.0,0.01,1,3000,买盘
816,14:13:57,29.99,--,109,326891,卖盘
817,14:13:54,29.99,--,4,11996,卖盘
818,14:13:51,29.99,-0.01,17,50983,卖盘
819,14:13:48,30.0,0.01,12,36000,买盘
820,14:13:45,29.99,--,3,8997,卖盘
821,14:13:42,29.99,--,106,318943,买盘
822,14:13:39,29.99,--,6,17994,买盘
823,14:13:36,29.99,0.02,17,50983,买盘
824,14:13:33,29.97,--,90,271917,卖盘
825,14:13:30,29.97,--,290,869130,卖盘
826,14:13:27,29.97,-0.02,15,44955,卖盘
827,14:13:24,29.99,0.02,582,1745418,买盘
828,14:13:21,29.97,-0.01,17,50949,卖盘
829,14:13:18,29.98,--,64,191872,买盘
830,14:13:15,29.98,0.01,17,50966,买盘
831,14:13:12,29.97,--,28,83916,卖盘
832,14:13:09,29.97,-0.01,1,2997,卖盘
833,14:13:06,29.98,0.01,4,11992,买盘
834,14:13:03,29.97,-0.01,112,336712,卖盘
835,14:13:00,29.98,0.01,16,47968,买盘
836,14:12:57,29.97,0.02,320,961527,买盘
837,14:12:54,29.95,--,33,98835,买盘
838,14:12:51,29.95,0.01,221,661895,买盘
839,14:12:48,29.94,-0.01,1,2994,卖盘
840,14:12:42,29.95,-0.01,145,434275,买盘
841,14:12:36,29.96,0.02,6,17976,买盘
842,14:12:33,29.94,-0.02,41,122754,卖盘
843,14:12:30,29.96,--,20,59920,买盘
844,14:12:27,29.96,--,43,128828,买盘
845,14:12:24,29.96,--,14,41944,买盘
846,14:12:21,29.96,0.01,42,125832,买盘
847,14:12:18,29.95,-0.01,2,5990,中性盘
848,14:12:15,29.96,--,10,29960,买盘
849,14:12:12,29.96,--,30,89880,买盘
850,14:12:09,29.96,0.03,27,80892,买盘
851,14:12:06,29.93,--,1,2993,卖盘
852,14:12:03,29.93,--,147,442155,卖盘
853,14:11:57,29.93,-0.03,48,143664,卖盘
854,14:11:54,29.96,0.03,19,56924,买盘
855,14:11:51,29.93,-0.02,24,71832,卖盘
856,14:11:48,29.95,0.02,615,1844830,买盘
857,14:11:45,29.93,-0.01,6,17958,卖盘
858,14:11:42,29.94,--,1,2994,买盘
859,14:11:39,29.94,--,15,44910,买盘
860,14:11:36,29.94,0.01,15,44910,中性盘
861,14:11:33,29.93,-0.02,155,463915,卖盘
862,14:11:30,29.95,--,168,503160,买盘
863,14:11:27,29.95,--,22,65890,买盘
864,14:11:24,29.95,0.01,167,500165,买盘
865,14:11:21,29.94,--,206,616764,卖盘
866,14:11:15,29.94,0.01,4,11976,卖盘
867,14:11:12,29.93,-0.03,23,68839,卖盘
868,14:11:09,29.96,0.03,1,2996,买盘
869,14:11:06,29.93,-0.03,3,8979,卖盘
870,14:11:03,29.96,-0.02,49,148991,买盘
871,14:11:00,29.98,--,13,38974,买盘
872,14:10:57,29.98,0.05,42,125916,买盘
873,14:10:54,29.93,--,3,8979,卖盘
874,14:10:51,29.93,-0.05,67,200531,卖盘
875,14:10:48,29.98,0.06,14,41972,买盘
876,14:10:45,29.92,-0.01,6,17952,卖盘
877,14:10:42,29.93,0.01,44,131692,中性盘
878,14:10:39,29.92,-0.01,248,742016,卖盘
879,14:10:36,29.93,0.01,4,11972,买盘
880,14:10:33,29.92,-0.07,45,134640,卖盘
881,14:10:30,29.99,--,3,8997,买盘
882,14:10:27,29.99,0.07,457,1370543,买盘
883,14:10:24,29.92,-0.01,12,35904,卖盘
884,14:10:21,29.93,-0.06,16,47888,卖盘
885,14:10:15,29.99,--,23,68977,买盘
886,14:10:12,29.99,0.07,56,167944,买盘
887,14:10:09,29.92,--,23,68816,卖盘
888,14:10:03,29.92,--,59,178712,卖盘
889,14:10:00,29.92,-0.07,15,44880,卖盘
890,14:09:57,29.99,0.07,23,68977,中性盘
891,14:09:54,29.92,-0.08,316,945472,卖盘
892,14:09:51,30.0,--,392,1176000,买盘
893,14:09:48,30.0,--,21,63000,买盘
894,14:09:45,30.0,--,41,123000,买盘
895,14:09:42,30.0,--,54,162000,买盘
896,14:09:39,30.0,--,30,90000,买盘
897,14:09:36,30.0,-0.01,358,1074090,卖盘
898,14:09:33,30.01,--,62,186062,买盘
899,14:09:30,30.01,--,22,66022,买盘
900,14:09:27,30.01,-0.03,80,240080,卖盘
901,14:09:24,30.04,0.02,1002,3010008,买盘
902,14:09:21,30.02,0.01,23,69046,买盘
903,14:09:18,30.01,--,535,1605535,卖盘
904,14:09:15,30.01,--,10,30010,卖盘
905,14:09:12,30.01,--,177,533037,买盘
906,14:09:09,30.01,0.01,90,270090,买盘
907,14:09:06,30.0,-0.01,1262,3786000,卖盘
908,14:09:03,30.01,0.01,53,161243,买盘
909,14:09:00,30.0,--,503,1509000,卖盘
910,14:08:57,30.0,--,22,66000,卖盘
911,14:08:54,30.0,--,10,30000,卖盘
912,14:08:51,30.0,0.11,1326,3979860,买盘
913,14:08:48,29.89,--,13,38857,买盘
914,14:08:45,29.89,--,22,65758,买盘
915,14:08:42,29.89,0.01,24,71736,买盘
916,14:08:39,29.88,--,169,506824,买盘
917,14:08:36,29.88,0.01,45,134460,买盘
918,14:08:33,29.87,-0.01,63,190361,卖盘
919,14:08:30,29.88,--,53,158364,买盘
920,14:08:27,29.88,0.01,24,71712,买盘
921,14:08:24,29.87,0.01,4,11948,中性盘
922,14:08:21,29.86,-0.02,13,38818,卖盘
923,14:08:18,29.88,0.02,4,11952,买盘
924,14:08:15,29.86,-0.02,23,68678,卖盘
925,14:08:12,29.88,0.02,35,104580,买盘
926,14:08:09,29.86,--,357,1068928,卖盘
927,14:08:06,29.86,--,131,391882,买盘
928,14:08:03,29.86,--,73,220157,买盘
929,14:08:00,29.86,--,10,29860,买盘
930,14:07:57,29.86,0.01,46,137356,买盘
931,14:07:54,29.85,--,5,14925,卖盘
932,14:07:51,29.85,--,33,98505,卖盘
933,14:07:48,29.85,--,46,137310,卖盘
934,14:07:45,29.85,--,600,1792044,买盘
935,14:07:42,29.85,--,37,110445,买盘
936,14:07:39,29.85,--,13,38805,买盘
937,14:07:36,29.85,0.01,4,11940,买盘
938,14:07:33,29.84,--,185,552278,买盘
939,14:07:30,29.84,--,36,107424,买盘
940,14:07:27,29.84,--,47,140248,买盘
941,14:07:24,29.84,--,42,125328,买盘
942,14:07:21,29.84,-0.01,76,227589,卖盘
943,14:07:18,29.85,--,22,65670,买盘
944,14:07:15,29.85,--,13,38805,买盘
945,14:07:12,29.85,--,22,65670,买盘
946,14:07:09,29.85,--,21,62685,买盘
947,14:07:06,29.85,--,18,53730,买盘
948,14:07:03,29.85,--,146,437989,买盘
949,14:07:00,29.85,--,10,29850,买盘
950,14:06:57,29.85,--,102,304470,买盘
951,14:06:54,29.85,0.02,49,146265,买盘
952,14:06:51,29.83,-0.02,178,531779,卖盘
953,14:06:48,29.85,-0.01,6,17910,卖盘
954,14:06:45,29.86,0.01,6,17916,买盘
955,14:06:42,29.85,--,48,143280,卖盘
956,14:06:39,29.85,-0.01,261,779085,卖盘
957,14:06:36,29.86,0.01,8,23888,买盘
958,14:06:33,29.85,--,63,190234,买盘
959,14:06:30,29.85,0.02,3,8955,中性盘
960,14:06:27,29.83,--,42,125286,卖盘
961,14:06:24,29.83,--,3,8949,卖盘
962,14:06:21,29.83,--,74,221786,买盘
963,14:06:18,29.83,0.01,4,11932,买盘
964,14:06:15,29.82,--,63,187866,买盘
965,14:06:12,29.82,-0.01,9,26838,中性盘
966,14:06:09,29.83,0.01,140,417620,买盘
967,14:06:06,29.82,--,2,5964,买盘
968,14:06:03,29.82,--,78,232596,买盘
969,14:06:00,29.82,--,3,8946,买盘
970,14:05:57,29.82,--,127,378714,买盘
971,14:05:54,29.82,-0.01,101,301182,卖盘
972,14:05:51,29.83,-0.01,417,1243911,中性盘
973,14:05:48,29.84,0.01,290,867359,买盘
974,14:05:45,29.83,0.01,36,107388,卖盘
975,14:05:42,29.82,--,125,372750,卖盘
976,14:05:39,29.82,-0.01,39,116298,卖盘
977,14:05:36,29.83,0.01,8,26339,买盘
978,14:05:33,29.82,-0.03,103,309322,卖盘
979,14:05:30,29.85,--,10,29850,买盘
980,14:05:27,29.85,0.02,17,50745,买盘
981,14:05:24,29.83,--,71,213642,买盘
982,14:05:21,29.83,-0.01,7,22014,卖盘
983,14:05:18,29.84,0.01,64,192826,买盘
984,14:05:15,29.83,-0.01,111,331113,买盘
985,14:05:12,29.84,--,27,80568,买盘
986,14:05:09,29.84,0.01,34,101456,买盘
987,14:05:06,29.83,-0.01,26,77558,中性盘
988,14:05:03,29.84,--,43,130490,买盘
989,14:05:00,29.84,0.01,43,128312,买盘
990,14:04:57,29.83,0.01,8,23864,卖盘
991,14:04:54,29.82,-0.02,42,125244,卖盘
992,14:04:51,29.84,0.01,3,8952,中性盘
993,14:04:48,29.83,-0.01,234,698022,卖盘
994,14:04:45,29.84,-0.01,117,349128,卖盘
995,14:04:42,29.85,0.02,683,2040934,买盘
996,14:04:39,29.83,-0.01,13,38779,卖盘
997,14:04:36,29.84,-0.01,11,33629,卖盘
998,14:04:33,29.85,--,42,127549,买盘
999,14:04:27,29.85,0.01,15,44775,中性盘
1000,14:04:21,29.84,--,37,110408,卖盘
1001,14:04:15,29.84,-0.01,18,53712,卖盘
1002,14:04:12,29.85,--,47,140295,卖盘
1003,14:04:09,29.85,-0.01,25,74625,卖盘
1004,14:04:06,29.86,0.03,32,95552,买盘
1005,14:04:03,29.83,-0.01,58,173014,卖盘
1006,14:04:00,29.84,--,13,38792,卖盘
1007,14:03:57,29.84,-0.02,84,250656,卖盘
1008,14:03:54,29.86,--,21,62706,卖盘
1009,14:03:51,29.86,--,103,307558,卖盘
1010,14:03:48,29.86,--,11,32846,卖盘
1011,14:03:45,29.86,0.02,326,975197,买盘
1012,14:03:42,29.84,0.01,44,131296,买盘
1013,14:03:39,29.83,--,98,292334,卖盘
1014,14:03:36,29.83,-0.01,257,766631,卖盘
1015,14:03:33,29.84,--,47,140248,买盘
1016,14:03:30,29.84,--,115,343160,买盘
1017,14:03:27,29.84,--,34,101456,卖盘
1018,14:03:24,29.84,-0.01,176,525184,卖盘
1019,14:03:21,29.85,-0.01,12,35820,中性盘
1020,14:03:18,29.86,0.01,61,182146,买盘
1021,14:03:15,29.85,--,99,295515,卖盘
1022,14:03:12,29.85,--,8,23880,卖盘
1023,14:03:09,29.85,-0.03,31,92535,卖盘
1024,14:03:06,29.88,0.04,248,741024,买盘
1025,14:03:03,29.84,-0.02,83,247672,卖盘
1026,14:03:00,29.86,-0.03,21,62706,买盘
1027,14:02:57,29.89,0.04,12,35868,买盘
1028,14:02:54,29.85,-0.03,62,185070,卖盘
1029,14:02:51,29.88,-0.01,3,8964,中性盘
1030,14:02:48,29.89,0.03,19,56791,买盘
1031,14:02:42,29.86,-0.04,18,53748,卖盘
1032,14:02:39,29.9,0.06,7,20930,买盘
1033,14:02:36,29.84,-0.05,87,259608,卖盘
1034,14:02:33,29.89,0.04,46,137494,中性盘
1035,14:02:30,29.85,-0.05,89,265665,卖盘
1036,14:02:27,29.9,0.01,184,550160,买盘
1037,14:02:24,29.89,-0.01,76,227164,卖盘
1038,14:02:21,29.9,0.01,16,47869,买盘
1039,14:02:18,29.89,--,25,74725,卖盘
1040,14:02:15,29.89,--,59,176351,卖盘
1041,14:02:12,29.89,--,29,86681,卖盘
1042,14:02:09,29.89,--,12,35868,卖盘
1043,14:02:06,29.89,0.03,136,407878,买盘
1044,14:02:03,29.86,-0.04,34,101524,买盘
1045,14:02:00,29.9,0.01,87,260130,买盘
1046,14:01:57,29.89,0.03,33,98637,中性盘
1047,14:01:54,29.86,--,18,53748,卖盘
1048,14:01:51,29.86,-0.04,55,166409,卖盘
1049,14:01:48,29.9,0.05,11,32890,买盘
1050,14:01:45,29.85,0.02,10,29850,中性盘
1051,14:01:42,29.83,--,10,29830,卖盘
1052,14:01:39,29.83,-0.07,10,29830,卖盘
1053,14:01:36,29.9,--,28,83720,买盘
1054,14:01:33,29.9,--,51,153955,卖盘
1055,14:01:30,29.9,-0.03,16,47840,卖盘
1056,14:01:27,29.93,0.03,55,164615,买盘
1057,14:01:24,29.9,--,36,107640,卖盘
1058,14:01:21,29.9,--,119,357334,买盘
1059,14:01:18,29.9,--,18,53820,买盘
1060,14:01:15,29.9,--,233,696670,买盘
1061,14:01:09,29.9,--,582,1740180,买盘
1062,14:01:06,29.9,--,47,140530,买盘
1063,14:01:03,29.9,-0.03,1594,4766867,卖盘
1064,14:01:00,29.93,-0.02,12,35916,中性盘
1065,14:00:57,29.95,--,35,104825,买盘
1066,14:00:54,29.95,--,128,383360,买盘
1067,14:00:51,29.95,--,22,65890,买盘
1068,14:00:48,29.95,0.03,38,113810,买盘
1069,14:00:45,29.92,-0.02,1,2992,买盘
1070,14:00:42,29.94,-0.01,27,80838,中性盘
1071,14:00:39,29.95,--,4,11980,买盘
1072,14:00:36,29.95,--,116,347420,买盘
1073,14:00:33,29.95,0.02,52,155740,买盘
1074,14:00:30,29.93,-0.02,57,170601,卖盘
1075,14:00:27,29.95,-0.01,266,796670,卖盘
1076,14:00:24,29.96,0.01,177,530292,买盘
1077,14:00:21,29.95,-0.02,16,47920,卖盘
1078,14:00:18,29.97,--,15,44955,买盘
1079,14:00:15,29.97,0.02,52,155844,买盘
1080,14:00:12,29.95,-0.03,17,50915,卖盘
1081,14:00:09,29.98,0.03,70,209860,买盘
1082,14:00:06,29.95,-0.01,11,32945,卖盘
1083,14:00:03,29.96,0.01,105,316767,中性盘
1084,14:00:00,29.95,-0.03,12,35940,卖盘
1085,13:59:57,29.98,0.03,174,521652,买盘
1086,13:59:54,29.95,--,11,32945,卖盘
1087,13:59:51,29.95,-0.01,75,224625,卖盘
1088,13:59:48,29.96,-0.02,2,5992,中性盘
1089,13:59:45,29.98,0.02,37,110926,买盘
1090,13:59:42,29.96,0.01,80,239680,买盘
1091,13:59:39,29.95,-0.01,51,152745,卖盘
1092,13:59:36,29.96,0.01,41,122836,买盘
1093,13:59:33,29.95,0.05,112,338345,买盘
1094,13:59:30,29.9,-0.05,88,263120,卖盘
1095,13:59:27,29.95,--,56,167720,买盘
1096,13:59:24,29.95,0.04,122,365390,买盘
1097,13:59:21,29.91,--,25,74775,卖盘
1098,13:59:18,29.91,-0.04,58,173478,卖盘
1099,13:59:15,29.95,--,1,2995,买盘
1100,13:59:12,29.95,0.03,131,392345,买盘
1101,13:59:09,29.92,-0.03,51,152592,卖盘
1102,13:59:06,29.95,--,59,176705,买盘
1103,13:59:03,29.95,0.03,57,170715,买盘
1104,13:59:00,29.92,-0.03,3,8976,卖盘
1105,13:58:57,29.95,--,21,62895,买盘
1106,13:58:54,29.95,0.03,4,11980,买盘
1107,13:58:51,29.92,--,23,68816,卖盘
1108,13:58:48,29.92,0.02,6,17952,卖盘
1109,13:58:45,29.9,--,20,59800,卖盘
1110,13:58:42,29.9,-0.01,15,44850,卖盘
1111,13:58:39,29.91,-0.02,136,408331,中性盘
1112,13:58:36,29.93,0.03,17,50881,买盘
1113,13:58:33,29.9,0.04,281,841415,买盘
1114,13:58:30,29.86,-0.03,101,301586,卖盘
1115,13:58:27,29.89,0.01,244,730930,中性盘
1116,13:58:24,29.88,-0.01,49,146412,卖盘
1117,13:58:21,29.89,--,7,20923,买盘
1118,13:58:18,29.89,0.01,65,194285,买盘
1119,13:58:15,29.88,-0.01,16,47808,卖盘
1120,13:58:12,29.89,0.01,90,270384,买盘
1121,13:58:09,29.88,--,60,179280,买盘
1122,13:58:06,29.88,--,28,83664,买盘
1123,13:58:03,29.88,-0.02,142,424296,卖盘
1124,13:58:00,29.9,0.08,19,56810,买盘
1125,13:57:57,29.82,-0.07,239,712698,卖盘
1126,13:57:54,29.89,0.01,54,161406,中性盘
1127,13:57:51,29.88,--,533,1592604,卖盘
1128,13:57:48,29.88,-0.01,23,68724,卖盘
1129,13:57:45,29.89,--,30,89670,卖盘
1130,13:57:42,29.89,0.01,55,164395,中性盘
1131,13:57:39,29.88,-0.02,24,71712,卖盘
1132,13:57:36,29.9,0.01,50,150217,买盘
1133,13:57:33,29.89,0.02,86,258428,买盘
1134,13:57:30,29.87,0.01,22,65714,中性盘
1135,13:57:27,29.86,-0.02,41,122426,卖盘
1136,13:57:24,29.88,-0.01,38,113544,买盘
1137,13:57:21,29.89,--,93,277977,买盘
1138,13:57:18,29.89,0.01,7,20923,买盘
1139,13:57:15,29.88,-0.05,73,218930,卖盘
1140,13:57:12,29.93,0.02,87,260391,买盘
1141,13:57:09,29.91,-0.06,30,89730,中性盘
1142,13:57:06,29.97,0.07,39,116883,买盘
1143,13:57:03,29.9,--,36,109822,卖盘
1144,13:57:00,29.9,-0.08,23,68770,卖盘
1145,13:56:57,29.98,0.05,28,83944,买盘
1146,13:56:54,29.93,-0.04,11,32923,中性盘
1147,13:56:51,29.97,-0.03,276,827172,中性盘
1148,13:56:45,30.0,0.03,788,2364000,买盘
1149,13:56:39,29.97,-0.02,89,266733,卖盘
1150,13:56:36,29.99,-0.01,18,53982,中性盘
1151,13:56:33,30.0,--,218,655230,卖盘
1152,13:56:30,30.0,--,107,321000,卖盘
1153,13:56:27,30.0,--,34,102000,卖盘
1154,13:56:24,30.0,--,65,195000,卖盘
1155,13:56:21,30.0,-0.01,245,735000,卖盘
1156,13:56:18,30.01,--,54,162054,卖盘
1157,13:56:15,30.01,-0.01,282,846282,卖盘
1158,13:56:12,30.02,0.01,49,147098,买盘
1159,13:56:09,30.01,-0.01,39,117039,卖盘
1160,13:56:06,30.02,--,668,2007407,卖盘
1161,13:56:03,30.02,--,49,147098,卖盘
1162,13:56:00,30.02,-0.06,103,311907,卖盘
1163,13:55:57,30.08,--,36,108288,卖盘
1164,13:55:54,30.08,0.02,242,728236,买盘
1165,13:55:51,30.06,0.01,76,228456,中性盘
1166,13:55:48,30.05,0.01,125,378029,中性盘
1167,13:55:45,30.04,-0.02,29,87116,卖盘
1168,13:55:42,30.06,--,102,306612,卖盘
1169,13:55:39,30.06,--,26,78156,卖盘
1170,13:55:36,30.06,-0.01,66,198396,卖盘
1171,13:55:33,30.07,0.01,59,178796,买盘
1172,13:55:30,30.06,0.01,68,204408,中性盘
1173,13:55:27,30.05,-0.01,69,207345,卖盘
1174,13:55:24,30.06,0.01,37,114137,买盘
1175,13:55:21,30.05,-0.01,54,162270,卖盘
1176,13:55:18,30.06,0.01,18,54108,买盘
1177,13:55:15,30.05,0.01,58,174290,买盘
1178,13:55:12,30.04,-0.01,34,102136,中性盘
1179,13:55:09,30.05,0.01,60,180300,买盘
1180,13:55:06,30.04,-0.01,57,171228,买盘
1181,13:55:03,30.05,0.02,33,99165,中性盘
1182,13:55:00,30.03,--,3,9009,卖盘
1183,13:54:57,30.03,-0.01,18,54054,卖盘
1184,13:54:54,30.04,-0.04,13,39052,卖盘
1185,13:54:51,30.08,0.03,59,177472,买盘
1186,13:54:48,30.05,0.01,8,24040,中性盘
1187,13:54:45,30.04,-0.07,352,1058549,卖盘
1188,13:54:42,30.11,0.01,63,189693,中性盘
1189,13:54:39,30.1,0.02,779,2346656,买盘
1190,13:54:36,30.08,--,18,54144,买盘
1191,13:54:33,30.08,--,58,176659,买盘
1192,13:54:30,30.08,--,12,36096,买盘
1193,13:54:27,30.08,0.02,13,39104,中性盘
1194,13:54:24,30.06,--,3,9018,卖盘
1195,13:54:21,30.06,-0.03,33,99198,卖盘
1196,13:54:18,30.09,--,10,30090,卖盘
1197,13:54:15,30.09,-0.03,97,291873,卖盘
1198,13:54:12,30.12,0.02,18,54216,买盘
1199,13:54:09,30.1,-0.04,57,171570,卖盘
1200,13:54:06,30.14,--,258,777612,买盘
1201,13:54:03,30.14,--,338,1018732,买盘
1202,13:54:00,30.14,-0.01,966,2911584,卖盘
1203,13:53:57,30.15,-0.01,28,84420,卖盘
1204,13:53:54,30.16,0.01,22,66352,买盘
1205,13:53:51,30.15,-0.02,656,1977840,卖盘
1206,13:53:48,30.17,0.02,19,57323,买盘
1207,13:53:45,30.15,-0.02,43,129645,卖盘
1208,13:53:42,30.17,0.01,20,60340,买盘
1209,13:53:39,30.16,--,41,123656,买盘
1210,13:53:36,30.16,-0.01,33,99528,中性盘
1211,13:53:33,30.17,--,59,178003,买盘
1212,13:53:30,30.17,0.01,87,262479,买盘
1213,13:53:27,30.16,0.01,10,30160,卖盘
1214,13:53:24,30.15,--,153,461295,卖盘
1215,13:53:21,30.15,--,177,533655,卖盘
1216,13:53:18,30.15,-0.01,429,1293435,卖盘
1217,13:53:15,30.16,-0.01,15,45240,卖盘
1218,13:53:12,30.17,--,41,123697,买盘
1219,13:53:09,30.17,0.01,78,235326,买盘
1220,13:53:06,30.16,0.01,10,30160,中性盘
1221,13:53:03,30.15,-0.01,199,602185,卖盘
1222,13:53:00,30.16,-0.01,11,33176,卖盘
1223,13:52:57,30.17,0.01,19,57323,买盘
1224,13:52:54,30.16,--,69,208104,买盘
1225,13:52:51,30.16,0.01,23,69368,买盘
1226,13:52:48,30.15,--,35,105525,卖盘
1227,13:52:45,30.15,-0.02,35,105525,卖盘
1228,13:52:42,30.17,0.02,74,223258,买盘
1229,13:52:39,30.15,-0.01,40,120600,卖盘
1230,13:52:36,30.16,0.01,44,132704,买盘
1231,13:52:33,30.15,-0.03,61,183915,卖盘
1232,13:52:30,30.18,0.02,126,380268,买盘
1233,13:52:27,30.16,-0.02,9,27144,卖盘
1234,13:52:24,30.18,0.02,97,292746,买盘
1235,13:52:21,30.16,--,63,190008,卖盘
1236,13:52:18,30.16,-0.02,25,75400,买盘
1237,13:52:15,30.18,0.03,155,467790,买盘
1238,13:52:12,30.15,--,45,135675,卖盘
1239,13:52:09,30.15,-0.01,78,235170,卖盘
1240,13:52:06,30.16,0.01,24,72384,买盘
1241,13:52:03,30.15,--,132,399035,卖盘
1242,13:52:00,30.15,-0.03,61,183915,卖盘
1243,13:51:57,30.18,0.03,140,422520,买盘
1244,13:51:54,30.15,--,41,123615,买盘
1245,13:51:51,30.15,0.01,21,63315,买盘
1246,13:51:48,30.14,-0.01,31,93434,卖盘
1247,13:51:45,30.15,-0.01,209,630135,卖盘
1248,13:51:42,30.16,0.02,4,12064,买盘
1249,13:51:39,30.14,-0.05,16,48224,卖盘
1250,13:51:36,30.19,--,477,1440063,买盘
1251,13:51:33,30.19,--,51,156172,中性盘
1252,13:51:30,30.19,--,46,138874,卖盘
1253,13:51:27,30.19,0.02,7,21133,卖盘
1254,13:51:24,30.17,0.02,58,174986,中性盘
1255,13:51:21,30.15,--,46,138690,卖盘
1256,13:51:18,30.15,0.01,26,78390,卖盘
1257,13:51:15,30.14,-0.06,10,30140,卖盘
1258,13:51:12,30.2,--,7,21140,买盘
1259,13:51:09,30.2,--,129,389580,买盘
1260,13:51:06,30.2,0.05,5,15100,买盘
1261,13:51:03,30.15,-0.05,198,596970,卖盘
1262,13:51:00,30.2,-0.01,174,525480,卖盘
1263,13:50:57,30.21,0.01,221,667641,中性盘
1264,13:50:54,30.2,-0.01,125,377500,卖盘
1265,13:50:51,30.21,0.01,32,96672,中性盘
1266,13:50:48,30.2,--,29,87580,卖盘
1267,13:50:45,30.2,--,47,143812,卖盘
1268,13:50:42,30.2,--,101,305020,卖盘
1269,13:50:39,30.2,--,108,328364,买盘
1270,13:50:36,30.2,--,35,105700,买盘
1271,13:50:33,30.2,-0.02,87,262740,卖盘
1272,13:50:30,30.22,-0.03,148,447256,卖盘
1273,13:50:27,30.25,0.03,60,181500,买盘
1274,13:50:24,30.22,0.01,108,326376,中性盘
1275,13:50:21,30.21,-0.01,244,737124,卖盘
1276,13:50:18,30.22,-0.06,39,117858,卖盘
1277,13:50:15,30.28,0.06,152,460256,买盘
1278,13:50:12,30.22,--,35,105770,卖盘
1279,13:50:09,30.22,0.06,137,414014,中性盘
1280,13:50:06,30.16,-0.06,158,476528,卖盘
1281,13:50:03,30.22,-0.07,134,404948,卖盘
1282,13:50:00,30.29,-0.01,269,814801,中性盘
1283,13:49:57,30.3,0.09,138,418140,买盘
1284,13:49:54,30.21,-0.08,410,1238610,卖盘
1285,13:49:51,30.29,-0.02,476,1441804,卖盘
1286,13:49:48,30.31,-0.04,110,333410,卖盘
1287,13:49:45,30.35,-0.02,490,1487150,中性盘
1288,13:49:42,30.37,0.08,457,1387909,买盘
1289,13:49:39,30.29,-0.01,168,508872,中性盘
1290,13:49:36,30.3,--,416,1260480,买盘
1291,13:49:33,30.3,--,325,984750,买盘
1292,13:49:30,30.3,0.02,60,181800,买盘
1293,13:49:27,30.28,-0.02,16,48448,中性盘
1294,13:49:24,30.3,-0.07,736,2230080,卖盘
1295,13:49:21,30.37,0.09,76,233241,买盘
1296,13:49:18,30.28,-0.09,226,684328,中性盘
1297,13:49:15,30.37,0.13,2160,6559920,买盘
1298,13:49:12,30.24,--,677,2047248,卖盘
1299,13:49:09,30.24,--,773,2337552,卖盘
1300,13:49:06,30.24,--,107,323568,卖盘
1301,13:49:03,30.24,0.02,2090,6321218,买盘
1302,13:49:00,30.22,-0.01,133,401926,卖盘
1303,13:48:57,30.23,0.01,38,114874,买盘
1304,13:48:54,30.22,0.01,156,471432,买盘
1305,13:48:51,30.21,-0.02,62,187302,卖盘
1306,13:48:48,30.23,0.01,260,785980,买盘
1307,13:48:45,30.22,0.02,142,429124,买盘
1308,13:48:42,30.2,-0.02,46,138920,卖盘
1309,13:48:39,30.22,--,106,322205,买盘
1310,13:48:36,30.22,0.02,20,62646,买盘
1311,13:48:33,30.2,-0.01,69,208380,卖盘
1312,13:48:30,30.21,--,36,108756,卖盘
1313,13:48:27,30.21,--,23,69483,卖盘
1314,13:48:24,30.21,-0.01,227,685767,卖盘
1315,13:48:21,30.22,0.05,37,111814,中性盘
1316,13:48:18,30.17,-0.03,111,334887,卖盘
1317,13:48:15,30.2,--,618,1866360,卖盘
1318,13:48:12,30.2,--,79,238580,卖盘
1319,13:48:09,30.2,--,269,812380,卖盘
1320,13:48:06,30.2,0.01,155,469066,买盘
1321,13:48:03,30.19,--,58,175102,卖盘
1322,13:48:00,30.19,--,138,416622,卖盘
1323,13:47:57,30.19,--,21,63399,卖盘
1324,13:47:54,30.19,0.02,130,392470,中性盘
1325,13:47:51,30.17,--,47,141799,卖盘
1326,13:47:48,30.17,-0.02,429,1294293,卖盘
1327,13:47:45,30.19,0.01,62,187178,买盘
1328,13:47:42,30.18,0.01,56,169008,买盘
1329,13:47:39,30.17,0.01,330,997812,买盘
1330,13:47:36,30.16,--,111,335590,卖盘
1331,13:47:33,30.16,-0.01,112,339993,卖盘
1332,13:47:30,30.17,0.01,61,184037,买盘
1333,13:47:27,30.16,-0.01,41,123656,卖盘
1334,13:47:24,30.17,0.01,172,518924,买盘
1335,13:47:21,30.16,--,56,168896,买盘
1336,13:47:18,30.16,-0.02,25,76214,卖盘
1337,13:47:15,30.18,0.02,155,469993,买盘
1338,13:47:12,30.16,--,22,66352,买盘
1339,13:47:09,30.16,--,123,370968,卖盘
1340,13:47:06,30.16,-0.01,63,190008,卖盘
1341,13:47:03,30.17,-0.01,55,165935,中性盘
1342,13:47:00,30.18,--,12,36216,买盘
1343,13:46:57,30.18,0.01,27,81486,买盘
1344,13:46:54,30.17,--,26,78442,卖盘
1345,13:46:51,30.17,-0.02,25,75425,卖盘
1346,13:46:48,30.19,0.01,33,99627,买盘
1347,13:46:45,30.18,--,25,75450,买盘
1348,13:46:42,30.18,--,31,93558,买盘
1349,13:46:39,30.18,0.01,49,147882,买盘
1350,13:46:36,30.17,-0.01,41,123697,卖盘
1351,13:46:33,30.18,--,1108,3343944,卖盘
1352,13:46:30,30.18,--,222,669996,卖盘
1353,13:46:27,30.18,0.01,169,510042,买盘
1354,13:46:24,30.17,--,36,108612,买盘
1355,13:46:21,30.17,-0.01,194,586263,卖盘
1356,13:46:18,30.18,-0.01,34,102612,卖盘
1357,13:46:15,30.19,-0.01,63,190197,买盘
1358,13:46:12,30.2,0.01,259,782180,买盘
1359,13:46:09,30.19,0.02,198,599814,买盘
1360,13:46:06,30.17,-0.01,30,90510,卖盘
1361,13:46:03,30.18,-0.01,400,1207350,卖盘
1362,13:46:00,30.19,0.02,331,1002157,买盘
1363,13:45:57,30.17,--,43,129731,卖盘
1364,13:45:54,30.17,--,48,144816,卖盘
1365,13:45:51,30.17,-0.02,43,129731,卖盘
1366,13:45:48,30.19,0.02,141,425679,买盘
1367,13:45:45,30.17,--,85,256445,卖盘
1368,13:45:42,30.17,--,146,440482,卖盘
1369,13:45:39,30.17,0.01,2,6034,中性盘
1370,13:45:36,30.16,--,66,199056,卖盘
1371,13:45:33,30.16,-0.01,103,311703,卖盘
1372,13:45:30,30.17,--,37,111629,买盘
1373,13:45:27,30.17,--,49,147833,买盘
1374,13:45:24,30.17,--,3,9051,买盘
1375,13:45:21,30.17,-0.02,315,950355,买盘
1376,13:45:18,30.19,--,85,256615,买盘
1377,13:45:15,30.19,--,93,280767,买盘
1378,13:45:12,30.19,--,89,268691,买盘
1379,13:45:09,30.19,0.04,44,132836,买盘
1380,13:45:06,30.15,--,30,90450,卖盘
1381,13:45:03,30.15,-0.03,55,166880,卖盘
1382,13:45:00,30.18,-0.01,7,21126,中性盘
1383,13:44:57,30.19,--,45,135855,卖盘
1384,13:44:54,30.19,0.03,18,54342,买盘
1385,13:44:51,30.16,--,178,536848,买盘
1386,13:44:48,30.16,0.02,7,21112,买盘
1387,13:44:45,30.14,-0.02,115,346610,卖盘
1388,13:44:42,30.16,-0.01,29,87464,卖盘
1389,13:44:39,30.17,0.01,1061,3201037,买盘
1390,13:44:36,30.16,0.02,116,349856,买盘
1391,13:44:33,30.14,--,324,976536,买盘
1392,13:44:30,30.14,-0.03,526,1586027,卖盘
1393,13:44:27,30.17,--,65,196105,买盘
1394,13:44:24,30.17,--,74,223258,买盘
1395,13:44:21,30.17,0.01,52,156884,买盘
1396,13:44:18,30.16,--,73,220168,卖盘
1397,13:44:15,30.16,--,95,286520,卖盘
1398,13:44:12,30.16,--,15,46748,卖盘
1399,13:44:09,30.16,--,122,367952,卖盘
1400,13:44:06,30.16,--,255,769080,卖盘
1401,13:44:03,30.16,0.03,1948,5876012,买盘
1402,13:44:00,30.13,0.01,426,1283538,买盘
1403,13:43:57,30.12,0.01,36,108432,中性盘
1404,13:43:54,30.11,-0.01,20,60220,卖盘
1405,13:43:51,30.12,--,504,1518048,买盘
1406,13:43:48,30.12,0.01,21,63252,买盘
1407,13:43:45,30.11,-0.01,20,60220,卖盘
1408,13:43:42,30.12,-0.02,664,2001233,卖盘
1409,13:43:39,30.14,--,555,1673463,买盘
1410,13:43:36,30.14,0.02,68,204952,买盘
1411,13:43:33,30.12,-0.02,357,1075645,卖盘
1412,13:43:30,30.14,--,109,328526,买盘
1413,13:43:27,30.14,0.01,20,60280,买盘
1414,13:43:24,30.13,-0.01,15,47846,卖盘
1415,13:43:21,30.14,--,29,87406,买盘
1416,13:43:18,30.14,--,321,967494,买盘
1417,13:43:15,30.14,-0.01,17,51238,买盘
1418,13:43:12,30.15,--,276,832140,买盘
1419,13:43:09,30.15,--,42,126630,买盘
1420,13:43:06,30.15,0.02,92,277380,买盘
1421,13:43:03,30.13,0.01,124,373612,卖盘
1422,13:43:00,30.12,-0.03,15,45180,卖盘
1423,13:42:57,30.15,--,50,150750,买盘
1424,13:42:54,30.15,0.03,48,144720,买盘
1425,13:42:51,30.12,-0.03,35,105420,卖盘
1426,13:42:48,30.15,0.02,31,93465,买盘
1427,13:42:45,30.13,0.01,159,480121,买盘
1428,13:42:42,30.12,--,291,876492,买盘
1429,13:42:39,30.12,--,279,840348,买盘
1430,13:42:36,30.12,--,73,219876,买盘
1431,13:42:33,30.12,-0.01,101,304212,卖盘
1432,13:42:30,30.13,--,207,623691,买盘
1433,13:42:27,30.13,--,11,33143,买盘
1434,13:42:24,30.13,0.02,33,99429,买盘
1435,13:42:21,30.11,0.01,44,133327,买盘
1436,13:42:18,30.1,-0.01,94,285107,卖盘
1437,13:42:15,30.11,0.01,427,1285697,买盘
1438,13:42:12,30.1,-0.01,288,866880,卖盘
1439,13:42:09,30.11,0.01,5,15055,买盘
1440,13:42:06,30.1,--,21,63210,卖盘
1441,13:42:03,30.1,--,85,256903,卖盘
1442,13:42:00,30.1,0.02,119,360989,买盘
1443,13:41:57,30.08,--,14,42112,卖盘
1444,13:41:54,30.08,--,10,30080,卖盘
1445,13:41:51,30.08,--,21,63168,卖盘
1446,13:41:48,30.08,-0.01,28,84224,卖盘
1447,13:41:45,30.09,0.02,10,30090,买盘
1448,13:41:42,30.07,--,544,1635808,卖盘
1449,13:41:39,30.07,--,287,864061,买盘
1450,13:41:36,30.07,0.01,23,69161,买盘
1451,13:41:33,30.06,--,105,317824,卖盘
1452,13:41:30,30.06,--,48,144288,卖盘
1453,13:41:27,30.06,--,23,69138,卖盘
1454,13:41:24,30.06,--,103,309618,卖盘
1455,13:41:21,30.06,-0.01,1,3006,卖盘
1456,13:41:18,30.07,--,8,24056,买盘
1457,13:41:15,30.07,0.01,239,718913,买盘
1458,13:41:12,30.06,--,38,114228,买盘
1459,13:41:09,30.06,--,80,240480,买盘
1460,13:41:06,30.06,--,12,36072,买盘
1461,13:41:03,30.06,-0.02,96,288576,卖盘
1462,13:41:00,30.08,--,11,33088,买盘
1463,13:40:57,30.08,--,41,123328,买盘
1464,13:40:54,30.08,0.01,121,363968,中性盘
1465,13:40:51,30.07,-0.01,177,532239,卖盘
1466,13:40:48,30.08,--,10,30080,卖盘
1467,13:40:45,30.08,--,10,30080,卖盘
1468,13:40:42,30.08,0.03,14,42112,买盘
1469,13:40:39,30.05,-0.03,10,30050,卖盘
1470,13:40:36,30.08,0.04,69,207552,买盘
1471,13:40:33,30.04,-0.01,65,196311,卖盘
1472,13:40:30,30.05,0.01,11,33055,买盘
1473,13:40:27,30.04,--,34,102136,卖盘
1474,13:40:24,30.04,--,17,51068,卖盘
1475,13:40:21,30.04,--,16,48064,卖盘
1476,13:40:18,30.04,0.01,2,6008,中性盘
1477,13:40:12,30.03,--,37,111111,卖盘
1478,13:40:09,30.03,--,32,96096,卖盘
1479,13:40:06,30.03,-0.07,116,350420,卖盘
1480,13:40:03,30.1,--,255,768964,卖盘
1481,13:40:00,30.1,0.08,2618,7882708,买盘
1482,13:39:57,30.02,-0.01,8,24016,卖盘
1483,13:39:54,30.03,--,1,3003,买盘
1484,13:39:51,30.03,--,27,83032,卖盘
1485,13:39:48,30.03,-0.01,63,189189,卖盘
1486,13:39:45,30.04,0.01,14,42056,买盘
1487,13:39:42,30.03,-0.02,6,18018,卖盘
1488,13:39:39,30.05,0.01,337,1012685,买盘
1489,13:39:36,30.04,--,9,27036,买盘
1490,13:39:33,30.04,-0.01,70,210280,卖盘
1491,13:39:30,30.05,0.01,50,150250,买盘
1492,13:39:27,30.04,--,33,99132,卖盘
1493,13:39:24,30.04,--,43,129172,卖盘
1494,13:39:21,30.04,--,146,438584,卖盘
1495,13:39:18,30.04,--,175,525700,卖盘
1496,13:39:15,30.04,-0.01,59,177236,卖盘
1497,13:39:12,30.05,0.01,22,66110,买盘
1498,13:39:09,30.04,0.01,19,57076,买盘
1499,13:39:06,30.03,-0.01,3,9009,卖盘
1500,13:39:03,30.04,--,110,331491,卖盘
1501,13:39:00,30.04,--,8,24032,中性盘
1502,13:38:57,30.04,--,8,24032,买盘
1503,13:38:54,30.04,--,40,120160,买盘
1504,13:38:51,30.04,--,111,333444,买盘
1505,13:38:48,30.04,-0.01,166,498664,中性盘
1506,13:38:45,30.05,--,3,9015,买盘
1507,13:38:42,30.05,--,41,123205,买盘
1508,13:38:39,30.05,--,25,75125,买盘
1509,13:38:36,30.05,--,12,36060,买盘
1510,13:38:33,30.05,--,39,117195,买盘
1511,13:38:30,30.05,0.04,22,66110,买盘
1512,13:38:27,30.01,-0.05,710,2130710,卖盘
1513,13:38:24,30.06,--,69,207414,买盘
1514,13:38:21,30.06,0.03,16,48096,买盘
1515,13:38:18,30.03,-0.03,235,705705,卖盘
1516,13:38:15,30.06,0.02,18,54108,中性盘
1517,13:38:12,30.04,-0.02,240,720960,卖盘
1518,13:38:09,30.06,0.02,77,231462,中性盘
1519,13:38:06,30.04,--,25,75100,卖盘
1520,13:38:03,30.04,-0.04,87,262399,卖盘
1521,13:38:00,30.08,0.04,324,974592,买盘
1522,13:37:57,30.04,--,120,360480,买盘
1523,13:37:54,30.04,--,107,321428,买盘
1524,13:37:51,30.04,--,319,958276,买盘
1525,13:37:48,30.04,0.01,64,192256,买盘
1526,13:37:42,30.03,--,36,108108,卖盘
1527,13:37:39,30.03,--,322,966966,卖盘
1528,13:37:36,30.03,--,50,152011,买盘
1529,13:37:33,30.03,0.01,83,251441,买盘
1530,13:37:30,30.02,-0.01,67,201134,卖盘
1531,13:37:27,30.03,0.01,34,102102,买盘
1532,13:37:24,30.02,-0.01,189,567378,卖盘
1533,13:37:21,30.03,0.01,337,1012011,买盘
1534,13:37:18,30.02,--,39,117078,买盘
1535,13:37:15,30.02,-0.01,53,159106,卖盘
1536,13:37:12,30.03,0.02,50,150150,买盘
1537,13:37:09,30.01,-0.01,248,744248,卖盘
1538,13:37:06,30.02,0.01,38,114076,买盘
1539,13:37:03,30.01,--,165,496215,买盘
1540,13:37:00,30.01,--,54,162054,买盘
1541,13:36:57,30.01,--,64,192064,买盘
1542,13:36:54,30.01,0.01,44,132044,买盘
1543,13:36:51,30.0,--,51,153000,卖盘
1544,13:36:48,30.0,--,14,42000,卖盘
1545,13:36:45,30.0,--,87,261000,卖盘
1546,13:36:42,30.0,-0.01,57,171000,卖盘
1547,13:36:39,30.01,0.02,51,153771,买盘
1548,13:36:36,29.99,-0.01,142,425858,卖盘
1549,13:36:33,30.0,--,119,359190,买盘
1550,13:36:30,30.0,--,309,927000,买盘
1551,13:36:27,30.0,--,85,255000,买盘
1552,13:36:24,30.0,--,411,1233000,买盘
1553,13:36:21,30.0,--,746,2238000,买盘
1554,13:36:18,30.0,--,847,2541000,买盘
1555,13:36:15,30.0,0.03,862,2586000,买盘
1556,13:36:12,29.97,-0.02,187,560439,卖盘
1557,13:36:09,29.99,0.01,2117,6348883,买盘
1558,13:36:06,29.98,0.01,10,29980,买盘
1559,13:36:03,29.97,-0.01,92,276772,卖盘
1560,13:36:00,29.98,--,3,8994,买盘
1561,13:35:57,29.98,0.02,548,1642904,买盘
1562,13:35:54,29.96,0.01,30,89880,买盘
1563,13:35:51,29.95,-0.01,19,56905,卖盘
1564,13:35:48,29.96,--,4,11984,买盘
1565,13:35:45,29.96,0.01,18,53928,买盘
1566,13:35:42,29.95,--,15,44925,卖盘
1567,13:35:39,29.95,--,9,28003,卖盘
1568,13:35:36,29.95,-0.01,1517,4543415,买盘
1569,13:35:33,29.96,--,50,149800,买盘
1570,13:35:30,29.96,0.03,51,152796,买盘
1571,13:35:27,29.93,--,5,14965,卖盘
1572,13:35:24,29.93,--,163,487859,卖盘
1573,13:35:21,29.93,-0.01,22,65846,卖盘
1574,13:35:18,29.94,0.01,25,75897,买盘
1575,13:35:15,29.93,0.02,7,20951,买盘
1576,13:35:12,29.91,-0.01,19,56829,卖盘
1577,13:35:09,29.92,0.01,1,2992,中性盘
1578,13:35:03,29.91,-0.01,105,314055,卖盘
1579,13:35:00,29.92,0.01,54,161568,中性盘
1580,13:34:57,29.91,-0.01,26,79620,卖盘
1581,13:34:54,29.92,0.01,35,104720,买盘
1582,13:34:51,29.91,-0.01,76,227316,卖盘
1583,13:34:48,29.92,--,20,59840,买盘
1584,13:34:45,29.92,0.01,168,502656,买盘
1585,13:34:42,29.91,--,13,38883,卖盘
1586,13:34:39,29.91,-0.01,113,340166,卖盘
1587,13:34:36,29.92,0.01,10,29920,买盘
1588,13:34:33,29.91,-0.01,56,167496,卖盘
1589,13:34:30,29.92,--,33,98736,买盘
1590,13:34:27,29.92,-0.03,606,1813152,卖盘
1591,13:34:24,29.95,--,121,362395,卖盘
1592,13:34:21,29.95,--,18,53910,卖盘
1593,13:34:18,29.95,-0.01,245,733775,买盘
1594,13:34:15,29.96,0.02,95,284620,买盘
1595,13:34:12,29.94,-0.01,524,1568856,卖盘
1596,13:34:09,29.95,--,16,50106,买盘
1597,13:34:06,29.95,--,5,14975,买盘
1598,13:34:03,29.95,--,248,742760,买盘
1599,13:34:00,29.95,--,3,8985,买盘
1600,13:33:57,29.95,0.02,259,775705,买盘
1601,13:33:54,29.93,-0.01,39,116727,卖盘
1602,13:33:51,29.94,-0.01,33,98802,中性盘
1603,13:33:48,29.95,0.01,407,1218965,买盘
1604,13:33:45,29.94,--,50,149700,买盘
1605,13:33:42,29.94,--,213,637722,买盘
1606,13:33:39,29.94,0.01,530,1587867,买盘
1607,13:33:36,29.93,0.01,188,564539,买盘
1608,13:33:33,29.92,--,149,445808,卖盘
1609,13:33:30,29.92,-0.01,28,83776,卖盘
1610,13:33:27,29.93,0.01,54,161622,买盘
1611,13:33:24,29.92,--,262,783904,卖盘
1612,13:33:21,29.92,--,16,47872,卖盘
1613,13:33:18,29.92,--,107,320144,买盘
1614,13:33:15,29.92,0.01,40,119680,买盘
1615,13:33:12,29.91,--,106,317046,卖盘
1616,13:33:09,29.91,--,127,380903,卖盘
1617,13:33:06,29.91,0.01,35,104685,买盘
1618,13:33:03,29.9,--,118,352820,卖盘
1619,13:33:00,29.9,--,160,478400,卖盘
1620,13:32:57,29.9,--,19,56810,卖盘
1621,13:32:54,29.9,--,18,53820,卖盘
1622,13:32:51,29.9,0.01,13,38870,中性盘
1623,13:32:48,29.89,-0.01,330,986370,卖盘
1624,13:32:45,29.9,0.02,762,2281190,买盘
1625,13:32:42,29.88,-0.01,30,89640,卖盘
1626,13:32:36,29.89,--,5,14945,买盘
1627,13:32:33,29.89,0.01,58,173362,买盘
1628,13:32:30,29.88,-0.01,9,26892,卖盘
1629,13:32:27,29.89,-0.01,410,1225490,卖盘
1630,13:32:24,29.9,0.01,53,158470,买盘
1631,13:32:21,29.89,-0.01,40,119560,卖盘
1632,13:32:18,29.9,0.01,31,92690,买盘
1633,13:32:15,29.89,-0.01,90,269010,卖盘
1634,13:32:12,29.9,--,33,98670,买盘
1635,13:32:09,29.9,--,6,20122,买盘
1636,13:32:03,29.9,--,42,125580,买盘
1637,13:32:00,29.9,--,67,202602,卖盘
1638,13:31:57,29.9,--,58,174137,买盘
1639,13:31:54,29.9,0.02,15,44850,买盘
1640,13:31:51,29.88,-0.02,16,47808,卖盘
1641,13:31:48,29.9,0.02,108,322920,买盘
1642,13:31:42,29.88,--,65,194220,卖盘
1643,13:31:39,29.88,-0.01,57,172497,卖盘
1644,13:31:36,29.89,--,305,911645,买盘
1645,13:31:33,29.89,0.01,49,146461,买盘
1646,13:31:30,29.88,--,41,122508,卖盘
1647,13:31:27,29.88,--,108,322704,卖盘
1648,13:31:24,29.88,--,6,17928,卖盘
1649,13:31:21,29.88,--,22,65736,卖盘
1650,13:31:18,29.88,0.03,60,179280,买盘
1651,13:31:12,29.85,--,13,38805,卖盘
1652,13:31:09,29.85,--,8,24924,卖盘
1653,13:31:06,29.85,--,5,14925,卖盘
1654,13:31:03,29.85,0.01,43,128355,卖盘
1655,13:31:00,29.84,0.02,17,50728,买盘
1656,13:30:57,29.82,-0.04,6,17892,卖盘
1657,13:30:54,29.86,--,469,1400792,买盘
1658,13:30:51,29.86,0.04,100,298600,买盘
1659,13:30:48,29.82,-0.03,5,15029,卖盘
1660,13:30:45,29.85,0.03,685,2044725,买盘
1661,13:30:39,29.82,0.01,3,11122,中性盘
1662,13:30:36,29.81,-0.02,500,1490500,卖盘
1663,13:30:33,29.83,-0.02,33,98439,卖盘
1664,13:30:30,29.85,0.03,10,29850,中性盘
1665,13:30:27,29.82,--,7,20874,卖盘
1666,13:30:24,29.82,-0.02,531,1583442,卖盘
1667,13:30:21,29.84,0.02,13,38792,卖盘
1668,13:30:15,29.82,--,5,14910,卖盘
1669,13:30:12,29.82,-0.04,73,217686,卖盘
1670,13:30:09,29.86,--,11,35025,买盘
1671,13:30:06,29.86,--,10,29860,买盘
1672,13:30:03,29.86,-0.02,40,119440,卖盘
1673,13:30:00,29.88,-0.02,2,5976,中性盘
1674,13:29:57,29.9,0.04,346,1034540,买盘
1675,13:29:51,29.86,0.05,20,59720,买盘
1676,13:29:48,29.81,-0.09,219,652839,卖盘
1677,13:29:45,29.9,--,98,293020,卖盘
1678,13:29:42,29.9,--,15,44850,卖盘
1679,13:29:39,29.9,--,32,96726,卖盘
1680,13:29:36,29.9,0.04,292,873827,买盘
1681,13:29:33,29.86,--,49,146314,卖盘
1682,13:29:30,29.86,0.06,15,44790,卖盘
1683,13:29:27,29.8,--,5,14900,卖盘
1684,13:29:24,29.8,-0.06,622,1853560,卖盘
1685,13:29:21,29.86,--,184,549424,卖盘
1686,13:29:18,29.86,0.02,147,441121,买盘
1687,13:29:15,29.84,--,53,158152,买盘
1688,13:29:12,29.84,0.02,601,1793384,买盘
1689,13:29:09,29.82,-0.04,35,104370,卖盘
1690,13:29:06,29.86,0.04,4,11944,买盘
1691,13:29:03,29.82,-0.08,117,348894,卖盘
1692,13:29:00,29.9,--,5,14950,买盘
1693,13:28:57,29.9,--,30,89700,买盘
1694,13:28:54,29.9,--,139,415610,买盘
1695,13:28:48,29.9,--,658,1968526,卖盘
1696,13:28:45,29.9,-0.02,5,14950,卖盘
1697,13:28:42,29.92,0.01,79,236368,中性盘
1698,13:28:39,29.91,0.01,88,265391,中性盘
1699,13:28:36,29.9,--,27,80730,卖盘
1700,13:28:33,29.9,--,205,612950,卖盘
1701,13:28:30,29.9,--,513,1533870,卖盘
1702,13:28:27,29.9,--,33,98670,卖盘
1703,13:28:24,29.9,--,2,5980,卖盘
1704,13:28:21,29.9,--,13,38870,卖盘
1705,13:28:18,29.9,0.09,405,1213641,买盘
1706,13:28:12,29.81,-0.05,36,107316,卖盘
1707,13:28:09,29.86,-0.04,479,1432682,卖盘
1708,13:28:06,29.9,0.04,1532,4581278,买盘
1709,13:28:03,29.86,--,90,268740,卖盘
1710,13:28:00,29.86,--,10,29860,卖盘
1711,13:27:57,29.86,0.06,202,603172,买盘
1712,13:27:54,29.8,--,175,521500,卖盘
1713,13:27:51,29.8,--,88,262240,卖盘
1714,13:27:48,29.8,-0.05,58,172840,卖盘
1715,13:27:45,29.85,--,2,5970,卖盘
1716,13:27:42,29.85,0.05,244,728369,买盘
1717,13:27:39,29.8,--,142,424113,卖盘
1718,13:27:36,29.8,0.03,25,75632,买盘
1719,13:27:33,29.77,-0.03,307,913939,卖盘
1720,13:27:30,29.8,0.03,517,1540660,买盘
1721,13:27:27,29.77,--,16,47632,卖盘
1722,13:27:24,29.77,--,4,11908,卖盘
1723,13:27:21,29.77,--,57,169689,卖盘
1724,13:27:18,29.77,--,13,38701,卖盘
1725,13:27:15,29.77,0.01,60,180465,买盘
1726,13:27:12,29.76,--,28,83328,卖盘
1727,13:27:09,29.76,--,4,14076,卖盘
1728,13:27:06,29.76,--,1,2976,卖盘
1729,13:27:03,29.76,--,55,163680,卖盘
1730,13:27:00,29.76,--,62,184512,卖盘
1731,13:26:57,29.76,--,6,17856,卖盘
1732,13:26:54,29.76,--,9,26784,卖盘
1733,13:26:51,29.76,-0.04,95,282720,卖盘
1734,13:26:48,29.8,0.04,508,1513840,买盘
1735,13:26:45,29.76,-0.01,27,80352,卖盘
1736,13:26:42,29.77,-0.03,6,17862,中性盘
1737,13:26:36,29.8,0.04,25,74500,买盘
1738,13:26:33,29.76,-0.02,63,187488,卖盘
1739,13:26:27,29.78,-0.02,20,59560,卖盘
1740,13:26:24,29.8,--,6,17880,买盘
1741,13:26:21,29.8,--,9,26820,买盘
1742,13:26:15,29.8,--,493,1472030,卖盘
1743,13:26:12,29.8,--,1,2980,卖盘
1744,13:26:09,29.8,-0.02,1,2980,卖盘
1745,13:26:06,29.82,0.02,10,29820,买盘
1746,13:26:03,29.8,--,30,89400,卖盘
1747,13:26:00,29.8,-0.04,84,250320,卖盘
1748,13:25:57,29.84,0.01,245,733974,买盘
1749,13:25:54,29.83,--,183,547827,卖盘
1750,13:25:51,29.83,--,64,190912,卖盘
1751,13:25:48,29.83,--,14,41762,卖盘
1752,13:25:45,29.83,--,3,8949,卖盘
1753,13:25:42,29.83,--,42,125286,卖盘
1754,13:25:39,29.83,--,10,30874,卖盘
1755,13:25:36,29.83,0.03,75,223725,买盘
1756,13:25:33,29.8,-0.02,102,303960,卖盘
1757,13:25:30,29.82,--,194,578508,卖盘
1758,13:25:27,29.82,--,37,110334,卖盘
1759,13:25:24,29.82,--,3,8946,卖盘
1760,13:25:21,29.82,--,26,77532,卖盘
1761,13:25:18,29.82,--,5,14910,卖盘
1762,13:25:15,29.82,--,931,2776242,买盘
1763,13:25:09,29.82,0.01,4,14104,买盘
1764,13:25:06,29.81,--,7,20867,卖盘
1765,13:25:03,29.81,--,49,146069,卖盘
1766,13:25:00,29.81,-0.03,1,2981,卖盘
1767,13:24:57,29.84,0.01,39,116376,买盘
1768,13:24:51,29.83,-0.01,39,119200,卖盘
1769,13:24:48,29.84,0.01,3,8952,中性盘
1770,13:24:42,29.83,-0.01,15,44745,卖盘
1771,13:24:39,29.84,--,4,14114,卖盘
1772,13:24:36,29.84,-0.04,5,14920,中性盘
1773,13:24:33,29.88,0.05,192,573696,买盘
1774,13:24:27,29.83,-0.01,24,71592,卖盘
1775,13:24:24,29.84,-0.02,6,17904,卖盘
1776,13:24:21,29.86,-0.01,13,38818,买盘
1777,13:24:15,29.87,0.03,162,483894,买盘
1778,13:24:12,29.84,-0.02,65,195780,卖盘
1779,13:24:09,29.86,--,15,47686,卖盘
1780,13:24:06,29.86,--,100,298600,卖盘
1781,13:24:03,29.86,--,106,316516,卖盘
1782,13:24:00,29.86,--,4,11944,卖盘
1783,13:23:57,29.86,--,173,517832,买盘
1784,13:23:54,29.86,0.01,20,59720,买盘
1785,13:23:51,29.85,--,15,44775,卖盘
1786,13:23:48,29.85,--,13,38805,卖盘
1787,13:23:45,29.85,-0.01,10,29850,卖盘
1788,13:23:42,29.86,0.01,41,122426,买盘
1789,13:23:39,29.85,--,20,60744,卖盘
1790,13:23:36,29.85,--,82,247725,买盘
1791,13:23:33,29.85,--,63,188055,买盘
1792,13:23:30,29.85,--,103,307455,买盘
1793,13:23:27,29.85,0.01,99,295515,买盘
1794,13:23:24,29.84,--,133,396872,卖盘
1795,13:23:21,29.84,--,69,205896,卖盘
1796,13:23:18,29.84,0.01,2,5968,卖盘
1797,13:23:15,29.83,-0.01,5,14915,卖盘
1798,13:23:12,29.84,--,74,220816,买盘
1799,13:23:09,29.84,--,7,23066,买盘
1800,13:23:03,29.84,--,35,104440,买盘
1801,13:23:00,29.84,--,27,80836,卖盘
1802,13:22:57,29.84,--,17,50728,卖盘
1803,13:22:54,29.84,--,41,122344,卖盘
1804,13:22:51,29.84,-0.01,23,68632,卖盘
1805,13:22:45,29.85,--,3,8955,买盘
1806,13:22:42,29.85,--,189,565776,卖盘
1807,13:22:39,29.85,--,4,14119,卖盘
1808,13:22:36,29.85,-0.01,12,35820,卖盘
1809,13:22:33,29.86,0.01,46,137356,买盘
1810,13:22:30,29.85,--,22,65670,卖盘
1811,13:22:27,29.85,-0.01,23,68655,卖盘
1812,13:22:24,29.86,0.01,360,1077139,买盘
1813,13:22:21,29.85,--,5,14925,买盘
1814,13:22:18,29.85,--,257,767950,卖盘
1815,13:22:15,29.85,--,9,26865,卖盘
1816,13:22:12,29.85,--,19,56715,卖盘
1817,13:22:09,29.85,-0.01,9,29044,卖盘
1818,13:22:06,29.86,0.01,8,23888,买盘
1819,13:22:03,29.85,-0.01,47,140295,卖盘
1820,13:22:00,29.86,--,1,2986,买盘
1821,13:21:57,29.86,--,20,59720,中性盘
1822,13:21:54,29.86,0.01,15,44790,买盘
1823,13:21:51,29.85,-0.01,12,35820,卖盘
1824,13:21:48,29.86,--,26,77636,买盘
1825,13:21:45,29.86,-0.01,6,17916,卖盘
1826,13:21:42,29.87,0.02,694,2072978,买盘
1827,13:21:39,29.85,0.01,192,573120,买盘
1828,13:21:36,29.84,--,14,41776,卖盘
1829,13:21:33,29.84,-0.01,85,253640,卖盘
1830,13:21:30,29.85,0.01,1,2985,卖盘
1831,13:21:27,29.84,-0.02,18,53712,卖盘
1832,13:21:24,29.86,0.02,2,5972,买盘
1833,13:21:21,29.84,--,16,47744,卖盘
1834,13:21:18,29.84,-0.01,36,110139,中性盘
1835,13:21:15,29.85,--,0,268,卖盘
1836,13:21:12,29.85,-0.01,41,122385,卖盘
1837,13:21:09,29.86,0.03,116,349093,买盘
1838,13:21:06,29.83,--,8,23864,卖盘
1839,13:21:03,29.83,-0.02,134,401213,卖盘
1840,13:21:00,29.85,--,182,545449,买盘
1841,13:20:57,29.85,--,9,26865,买盘
1842,13:20:54,29.85,--,102,304470,买盘
1843,13:20:51,29.85,--,145,433630,卖盘
1844,13:20:48,29.85,-0.01,18,53730,卖盘
1845,13:20:45,29.86,0.01,15,44790,买盘
1846,13:20:42,29.85,--,25,74625,卖盘
1847,13:20:39,29.85,-0.01,222,664849,卖盘
1848,13:20:36,29.86,--,94,280684,买盘
1849,13:20:33,29.86,0.01,52,155272,买盘
1850,13:20:30,29.85,--,1,2985,卖盘
1851,13:20:27,29.85,--,84,250740,卖盘
1852,13:20:24,29.85,--,3,8955,卖盘
1853,13:20:21,29.85,--,39,116415,卖盘
1854,13:20:18,29.85,--,2,5970,卖盘
1855,13:20:12,29.85,--,19,56715,卖盘
1856,13:20:09,29.85,--,51,153279,买盘
1857,13:20:06,29.85,--,7,20895,买盘
1858,13:20:03,29.85,0.02,50,149250,买盘
1859,13:20:00,29.83,--,3,8949,卖盘
1860,13:19:57,29.83,--,21,62643,卖盘
1861,13:19:54,29.83,--,1,2983,卖盘
1862,13:19:51,29.83,--,12,35796,卖盘
1863,13:19:48,29.83,--,3,8949,卖盘
1864,13:19:45,29.83,--,4,11932,卖盘
1865,13:19:42,29.83,-0.01,544,1622752,买盘
1866,13:19:36,29.84,0.03,14,41776,买盘
1867,13:19:33,29.81,-0.02,44,131164,卖盘
1868,13:19:30,29.83,--,10,29830,卖盘
1869,13:19:27,29.83,--,23,68609,卖盘
1870,13:19:24,29.83,--,2,5966,卖盘
1871,13:19:21,29.83,--,435,1300230,买盘
1872,13:19:18,29.83,0.02,1,2983,买盘
1873,13:19:12,29.81,-0.03,161,480298,卖盘
1874,13:19:09,29.84,0.01,57,172266,买盘
1875,13:19:06,29.83,--,6,17898,卖盘
1876,13:19:03,29.83,--,48,143184,卖盘
1877,13:18:57,29.83,--,6,17898,卖盘
1878,13:18:54,29.83,0.03,410,1223477,买盘
1879,13:18:51,29.8,-0.01,15,44700,卖盘
1880,13:18:45,29.81,0.01,11,32791,买盘
1881,13:18:42,29.8,-0.01,17,50660,卖盘
1882,13:18:39,29.81,0.01,19,58815,买盘
1883,13:18:36,29.8,-0.01,5,14900,卖盘
1884,13:18:33,29.81,0.01,45,134145,买盘
1885,13:18:30,29.8,--,40,119200,卖盘
1886,13:18:27,29.8,--,10,29800,卖盘
1887,13:18:24,29.8,--,31,92380,卖盘
1888,13:18:21,29.8,-0.01,19,57812,卖盘
1889,13:18:18,29.81,0.01,1,2981,买盘
1890,13:18:12,29.8,--,49,146020,卖盘
1891,13:18:09,29.8,--,119,355663,卖盘
1892,13:18:06,29.8,--,20,59600,卖盘
1893,13:18:03,29.8,0.02,171,512470,买盘
1894,13:17:57,29.78,-0.02,62,184725,卖盘
1895,13:17:54,29.8,--,1,2980,卖盘
1896,13:17:51,29.8,--,115,342700,卖盘
1897,13:17:48,29.8,--,25,74500,卖盘
1898,13:17:45,29.8,0.02,62,187650,买盘
1899,13:17:39,29.78,-0.03,3,8934,中性盘
1900,13:17:36,29.81,0.05,304,906224,买盘
1901,13:17:33,29.76,-0.02,29,86304,卖盘
1902,13:17:27,29.78,-0.02,5,14890,卖盘
1903,13:17:24,29.8,--,26,79327,卖盘
1904,13:17:21,29.8,--,308,917840,卖盘
1905,13:17:18,29.8,--,17,50660,卖盘
1906,13:17:15,29.8,--,13,38740,卖盘
1907,13:17:12,29.8,-0.01,77,229460,卖盘
1908,13:17:09,29.81,0.01,150,449326,买盘
1909,13:17:06,29.8,--,20,59600,卖盘
1910,13:17:03,29.8,--,500,1490000,卖盘
1911,13:16:57,29.8,-0.02,57,169860,卖盘
1912,13:16:54,29.82,0.01,137,408534,买盘
1913,13:16:51,29.81,--,21,63763,卖盘
1914,13:16:48,29.81,--,14,41734,卖盘
1915,13:16:45,29.81,-0.01,38,113278,卖盘
1916,13:16:42,29.82,--,15,44730,买盘
1917,13:16:39,29.82,0.01,46,139348,买盘
1918,13:16:36,29.81,--,6,17886,卖盘
1919,13:16:33,29.81,--,58,172898,卖盘
1920,13:16:30,29.81,--,25,74525,卖盘
1921,13:16:27,29.81,--,10,29810,卖盘
1922,13:16:24,29.81,--,7,20867,卖盘
1923,13:16:21,29.81,--,19,56639,卖盘
1924,13:16:18,29.81,--,17,50677,卖盘
1925,13:16:15,29.81,--,2,5962,卖盘
1926,13:16:12,29.81,--,32,95392,卖盘
1927,13:16:09,29.81,--,21,64777,卖盘
1928,13:16:03,29.81,--,68,202708,卖盘
1929,13:16:00,29.81,--,2,5962,卖盘
1930,13:15:57,29.81,--,14,43910,卖盘
1931,13:15:54,29.81,--,30,89430,卖盘
1932,13:15:51,29.81,--,20,59620,卖盘
1933,13:15:48,29.81,--,2,5962,卖盘
1934,13:15:45,29.81,--,12,35772,卖盘
1935,13:15:42,29.81,-0.01,13,38753,卖盘
1936,13:15:39,29.82,-0.02,45,134190,中性盘
1937,13:15:36,29.84,--,15,44760,买盘
1938,13:15:33,29.84,--,119,355096,买盘
1939,13:15:30,29.84,0.03,11,32824,买盘
1940,13:15:27,29.81,-0.01,105,313005,卖盘
1941,13:15:24,29.82,-0.02,25,74550,卖盘
1942,13:15:21,29.84,--,306,915849,卖盘
1943,13:15:18,29.84,-0.01,8,23872,卖盘
1944,13:15:15,29.85,0.01,12,35820,买盘
1945,13:15:12,29.84,-0.01,18,53712,卖盘
1946,13:15:09,29.85,0.01,55,166354,买盘
1947,13:15:06,29.84,-0.01,7,20888,卖盘
1948,13:15:03,29.85,--,61,182085,买盘
1949,13:15:00,29.85,0.01,53,158205,买盘
1950,13:14:57,29.84,-0.01,23,68632,卖盘
1951,13:14:54,29.85,--,7,20895,中性盘
1952,13:14:51,29.85,0.01,48,143280,中性盘
1953,13:14:48,29.84,-0.01,33,98472,卖盘
1954,13:14:45,29.85,-0.01,11,32835,卖盘
1955,13:14:42,29.86,0.01,29,86594,买盘
1956,13:14:39,29.85,--,54,162234,卖盘
1957,13:14:36,29.85,-0.01,25,74625,卖盘
1958,13:14:33,29.86,0.01,51,152286,买盘
1959,13:14:30,29.85,--,20,59700,买盘
1960,13:14:27,29.85,0.01,14,41790,买盘
1961,13:14:24,29.84,--,20,59680,卖盘
1962,13:14:21,29.84,0.03,13,38792,中性盘
1963,13:14:18,29.81,-0.05,82,244442,卖盘
1964,13:14:15,29.86,0.01,30,89580,买盘
1965,13:14:12,29.85,--,127,379095,卖盘
1966,13:14:09,29.85,--,34,103669,卖盘
1967,13:14:06,29.85,--,32,95520,卖盘
1968,13:14:03,29.85,--,100,298500,卖盘
1969,13:14:00,29.85,-0.01,15,44775,卖盘
1970,13:13:57,29.86,0.01,77,229922,买盘
1971,13:13:54,29.85,--,21,62685,卖盘
1972,13:13:51,29.85,0.04,12,35820,中性盘
1973,13:13:48,29.81,--,60,178860,卖盘
1974,13:13:45,29.81,-0.02,36,107316,卖盘
1975,13:13:42,29.83,0.02,165,492195,中性盘
1976,13:13:39,29.81,0.01,123,368719,中性盘
1977,13:13:36,29.8,-0.05,42,127126,卖盘
1978,13:13:33,29.85,--,185,552433,买盘
1979,13:13:30,29.85,0.05,8,23880,买盘
1980,13:13:27,29.8,--,97,289060,卖盘
1981,13:13:24,29.8,-0.05,52,154960,卖盘
1982,13:13:21,29.85,0.01,275,820875,买盘
1983,13:13:18,29.84,--,57,170088,卖盘
1984,13:13:15,29.84,--,3,8952,卖盘
1985,13:13:12,29.84,0.04,84,250656,中性盘
1986,13:13:09,29.8,-0.05,153,458115,卖盘
1987,13:13:06,29.85,0.03,233,695505,买盘
1988,13:13:03,29.82,0.02,91,273538,买盘
1989,13:12:57,29.8,-0.02,12,35760,卖盘
1990,13:12:54,29.82,--,1,3787,卖盘
1991,13:12:51,29.82,--,16,47712,卖盘
1992,13:12:48,29.82,-0.01,4,11928,卖盘
1993,13:12:45,29.83,0.03,5,17092,买盘
1994,13:12:42,29.8,--,13,38740,卖盘
1995,13:12:39,29.8,-0.05,115,342700,卖盘
1996,13:12:36,29.85,--,1,2985,买盘
1997,13:12:33,29.85,0.03,132,394020,买盘
1998,13:12:30,29.82,--,255,760410,卖盘
1999,13:12:27,29.82,--,232,691824,卖盘
2000,13:12:24,29.82,0.02,103,307146,中性盘
2001,13:12:21,29.8,--,67,199660,卖盘
2002,13:12:18,29.8,-0.04,70,208600,卖盘
2003,13:12:15,29.84,0.04,259,772856,买盘
2004,13:12:12,29.8,--,71,211580,卖盘
2005,13:12:09,29.8,--,27,82635,卖盘
2006,13:12:06,29.8,--,2,5960,卖盘
2007,13:12:03,29.8,--,63,187740,卖盘
2008,13:12:00,29.8,--,7,20860,卖盘
2009,13:11:57,29.8,-0.02,70,208600,卖盘
2010,13:11:54,29.82,0.02,43,128226,买盘
2011,13:11:51,29.8,--,13,38740,卖盘
2012,13:11:48,29.8,-0.03,91,271180,卖盘
2013,13:11:45,29.83,0.03,112,334096,买盘
2014,13:11:42,29.8,--,229,682420,卖盘
2015,13:11:39,29.8,--,19,58795,卖盘
2016,13:11:36,29.8,-0.02,2,5960,卖盘
2017,13:11:33,29.82,0.02,54,161028,中性盘
2018,13:11:27,29.8,--,107,318860,卖盘
2019,13:11:24,29.8,--,9,26820,卖盘
2020,13:11:21,29.8,--,115,342700,卖盘
2021,13:11:18,29.8,--,169,503620,卖盘
2022,13:11:15,29.8,-0.03,221,658580,卖盘
2023,13:11:12,29.83,0.03,590,1759970,买盘
2024,13:11:09,29.8,--,8,24883,卖盘
2025,13:11:06,29.8,--,29,86420,卖盘
2026,13:11:03,29.8,0.02,277,825460,买盘
2027,13:11:00,29.78,0.02,95,282910,卖盘
2028,13:10:57,29.76,--,26,77376,卖盘
2029,13:10:54,29.76,-0.07,20,59520,卖盘
2030,13:10:51,29.83,0.03,64,190912,买盘
2031,13:10:48,29.8,0.05,60,178800,买盘
2032,13:10:45,29.75,--,8,23800,卖盘
2033,13:10:39,29.75,-0.05,20,61671,卖盘
2034,13:10:36,29.8,--,13,38740,买盘
2035,13:10:33,29.8,--,60,180737,卖盘
2036,13:10:30,29.8,--,34,102363,买盘
2037,13:10:27,29.8,--,6,17880,买盘
2038,13:10:24,29.8,0.04,59,175820,买盘
2039,13:10:21,29.76,-0.02,29,86304,卖盘
2040,13:10:18,29.78,-0.03,124,371207,卖盘
2041,13:10:15,29.81,0.01,24,71544,买盘
2042,13:10:12,29.8,--,32,95360,卖盘
2043,13:10:09,29.8,-0.01,109,325863,卖盘
2044,13:10:06,29.81,0.01,33,98373,买盘
2045,13:10:03,29.8,--,220,655600,买盘
2046,13:10:00,29.8,0.05,11,32780,买盘
2047,13:09:57,29.75,-0.09,6,17850,卖盘
2048,13:09:54,29.84,0.04,326,972784,买盘
2049,13:09:51,29.8,--,19,56620,卖盘
2050,13:09:48,29.8,--,13,38740,卖盘
2051,13:09:45,29.8,--,955,2845900,卖盘
2052,13:09:42,29.8,--,87,259260,卖盘
2053,13:09:39,29.8,--,29,86420,卖盘
2054,13:09:36,29.8,--,276,824655,卖盘
2055,13:09:33,29.8,--,73,217540,卖盘
2056,13:09:30,29.8,--,13,38740,卖盘
2057,13:09:27,29.8,-0.01,63,187740,卖盘
2058,13:09:24,29.81,-0.04,114,339834,卖盘
2059,13:09:21,29.85,0.05,271,810845,买盘
2060,13:09:18,29.8,-0.02,240,715200,卖盘
2061,13:09:15,29.82,0.02,299,891618,买盘
2062,13:09:12,29.8,-0.01,32,95360,卖盘
2063,13:09:09,29.81,-0.04,712,2123932,卖盘
2064,13:09:06,29.85,0.01,133,397005,买盘
2065,13:09:03,29.84,--,55,164120,卖盘
2066,13:09:00,29.84,--,107,319288,卖盘
2067,13:08:57,29.84,--,28,83552,卖盘
2068,13:08:54,29.84,--,52,155168,卖盘
2069,13:08:51,29.84,-0.01,21,62664,卖盘
2070,13:08:48,29.85,0.01,122,364170,买盘
2071,13:08:45,29.84,-0.01,4,11936,卖盘
2072,13:08:42,29.85,0.01,63,188055,买盘
2073,13:08:39,29.84,--,20,61858,卖盘
2074,13:08:36,29.84,0.02,38,113392,中性盘
2075,13:08:33,29.82,-0.02,54,161028,卖盘
2076,13:08:27,29.84,0.02,64,190976,买盘
2077,13:08:24,29.82,-0.02,8,23856,卖盘
2078,13:08:21,29.84,0.02,139,414776,买盘
2079,13:08:18,29.82,-0.02,123,366786,卖盘
2080,13:08:15,29.84,--,3,8952,卖盘
2081,13:08:12,29.84,--,415,1238360,卖盘
2082,13:08:09,29.84,--,7,21932,卖盘
2083,13:08:06,29.84,--,18,53712,卖盘
2084,13:08:03,29.84,0.02,151,450584,买盘
2085,13:08:00,29.82,-0.02,26,77532,卖盘
2086,13:07:57,29.84,--,52,155168,买盘
2087,13:07:54,29.84,0.02,9,26856,买盘
2088,13:07:51,29.82,--,52,155064,卖盘
2089,13:07:48,29.82,-0.03,17,50694,卖盘
2090,13:07:45,29.85,0.01,84,250740,买盘
2091,13:07:42,29.84,--,109,325256,买盘
2092,13:07:39,29.84,0.03,7,20888,中性盘
2093,13:07:36,29.81,-0.01,248,741464,卖盘
2094,13:07:33,29.82,--,61,181902,卖盘
2095,13:07:30,29.82,-0.03,23,68586,中性盘
2096,13:07:27,29.85,0.03,206,614910,买盘
2097,13:07:24,29.82,--,75,223650,卖盘
2098,13:07:21,29.82,0.01,63,189953,买盘
2099,13:07:18,29.81,--,22,65582,买盘
2100,13:07:15,29.81,--,6,17886,买盘
2101,13:07:12,29.81,0.01,6,17886,买盘
2102,13:07:09,29.8,-0.01,22,65560,卖盘
2103,13:07:06,29.81,--,1,2981,买盘
2104,13:07:03,29.81,--,78,232518,卖盘
2105,13:07:00,29.81,--,2,5962,卖盘
2106,13:06:57,29.81,--,49,146069,买盘
2107,13:06:54,29.81,0.01,6,17886,卖盘
2108,13:06:51,29.8,-0.01,75,223500,卖盘
2109,13:06:48,29.81,--,12,35772,卖盘
2110,13:06:45,29.81,0.01,133,396473,中性盘
2111,13:06:42,29.8,-0.01,39,116220,卖盘
2112,13:06:39,29.81,0.01,3,8943,中性盘
2113,13:06:36,29.8,--,121,360580,卖盘
2114,13:06:33,29.8,--,41,122180,卖盘
2115,13:06:30,29.8,--,119,354620,卖盘
2116,13:06:27,29.8,-0.02,330,983400,卖盘
2117,13:06:24,29.82,0.01,5,14910,买盘
2118,13:06:21,29.81,0.01,357,1065170,买盘
2119,13:06:18,29.8,--,16,49706,卖盘
2120,13:06:15,29.8,--,17,50660,卖盘
2121,13:06:12,29.8,--,13,38740,卖盘
2122,13:06:09,29.8,0.02,92,275203,买盘
2123,13:06:06,29.78,-0.02,2,8040,买盘
2124,13:06:03,29.8,0.04,155,461900,买盘
2125,13:06:00,29.76,-0.02,11,32736,卖盘
2126,13:05:57,29.78,0.02,23,68494,卖盘
2127,13:05:54,29.76,-0.02,63,187488,卖盘
2128,13:05:51,29.78,0.02,25,74450,中性盘
2129,13:05:48,29.76,-0.04,3,8928,卖盘
2130,13:05:45,29.8,--,180,537294,卖盘
2131,13:05:42,29.8,-0.01,16,47680,卖盘
2132,13:05:39,29.81,0.01,29,88297,买盘
2133,13:05:36,29.8,-0.01,6,20055,卖盘
2134,13:05:33,29.81,0.01,74,220594,买盘
2135,13:05:27,29.8,0.06,62,185803,买盘
2136,13:05:24,29.74,--,20,59480,卖盘
2137,13:05:21,29.74,-0.02,17,52401,卖盘
2138,13:05:18,29.76,--,39,116064,买盘
2139,13:05:15,29.76,0.02,9,26784,买盘
2140,13:05:12,29.74,-0.01,130,386620,卖盘
2141,13:05:09,29.75,-0.03,4,14071,卖盘
2142,13:05:06,29.78,0.02,133,396074,买盘
2143,13:05:03,29.76,-0.02,35,104160,中性盘
2144,13:05:00,29.78,0.04,11,32758,买盘
2145,13:04:57,29.74,--,49,145726,卖盘
2146,13:04:51,29.74,-0.05,303,901122,卖盘
2147,13:04:48,29.79,-0.06,18,55558,卖盘
2148,13:04:45,29.85,0.11,591,1765179,买盘
2149,13:04:42,29.74,--,36,107064,卖盘
2150,13:04:39,29.74,--,8,23792,卖盘
2151,13:04:36,29.74,-0.02,60,178440,卖盘
2152,13:04:33,29.76,-0.03,41,122016,卖盘
2153,13:04:30,29.79,0.01,26,77454,买盘
2154,13:04:27,29.78,0.02,16,47648,买盘
2155,13:04:24,29.76,--,14,41664,卖盘
2156,13:04:21,29.76,-0.01,19,56544,卖盘
2157,13:04:18,29.77,0.03,65,193505,买盘
2158,13:04:12,29.74,-0.04,132,393370,卖盘
2159,13:04:09,29.78,--,52,157029,卖盘
2160,13:04:06,29.78,--,78,232284,卖盘
2161,13:04:03,29.78,--,64,190592,卖盘
2162,13:04:00,29.78,--,10,29780,卖盘
2163,13:03:57,29.78,0.01,15,44670,卖盘
2164,13:03:54,29.77,0.04,54,160758,买盘
2165,13:03:51,29.73,-0.01,15,44595,卖盘
2166,13:03:48,29.74,-0.05,109,324166,买盘
2167,13:03:45,29.79,--,6,17874,买盘
2168,13:03:42,29.79,0.04,270,804330,买盘
2169,13:03:39,29.75,0.03,15,44625,买盘
2170,13:03:36,29.72,-0.02,95,282340,卖盘
2171,13:03:33,29.74,-0.03,55,163570,卖盘
2172,13:03:30,29.77,--,266,791882,卖盘
2173,13:03:27,29.77,-0.03,25,74425,卖盘
2174,13:03:24,29.8,0.01,47,140060,买盘
2175,13:03:21,29.79,--,52,154908,买盘
2176,13:03:18,29.79,0.02,18,53622,买盘
2177,13:03:15,29.77,-0.02,55,163735,卖盘
2178,13:03:12,29.79,--,27,80433,买盘
2179,13:03:09,29.79,-0.04,183,546944,卖盘
2180,13:03:06,29.83,0.04,64,190912,买盘
2181,13:03:03,29.79,-0.06,45,134055,卖盘
2182,13:03:00,29.85,0.05,182,543270,买盘
2183,13:02:57,29.8,--,9,26820,卖盘
2184,13:02:54,29.8,--,68,202640,买盘
2185,13:02:51,29.8,0.01,15,44700,中性盘
2186,13:02:48,29.79,--,13,38727,卖盘
2187,13:02:45,29.79,-0.01,167,497493,卖盘
2188,13:02:42,29.8,--,16,47680,卖盘
2189,13:02:39,29.8,0.02,450,1342192,买盘
2190,13:02:36,29.78,0.01,1,2978,买盘
2191,13:02:33,29.77,-0.03,89,264953,卖盘
2192,13:02:27,29.8,--,181,539380,卖盘
2193,13:02:24,29.8,0.03,7,20860,中性盘
2194,13:02:21,29.77,-0.08,62,184574,卖盘
2195,13:02:18,29.85,0.08,31,92535,买盘
2196,13:02:15,29.77,0.03,134,398918,中性盘
2197,13:02:09,29.74,-0.01,19,56506,卖盘
2198,13:02:06,29.75,-0.05,21,62475,卖盘
2199,13:02:03,29.8,0.05,56,166880,买盘
2200,13:02:00,29.75,-0.05,395,1175125,卖盘
2201,13:01:57,29.8,--,6,17880,买盘
2202,13:01:54,29.8,-0.07,1182,3524505,卖盘
2203,13:01:51,29.87,-0.02,31,92597,买盘
2204,13:01:48,29.89,--,10,29890,买盘
2205,13:01:45,29.89,0.02,155,463295,买盘
2206,13:01:42,29.87,0.02,6,17922,买盘
2207,13:01:39,29.85,-0.03,330,985050,卖盘
2208,13:01:36,29.88,-0.01,9,29073,中性盘
2209,13:01:33,29.89,0.02,355,1061095,买盘
2210,13:01:30,29.87,-0.01,44,131428,卖盘
2211,13:01:27,29.88,--,47,140436,买盘
2212,13:01:24,29.88,--,102,304776,买盘
2213,13:01:21,29.88,-0.02,10,29880,买盘
2214,13:01:18,29.9,0.01,293,876070,买盘
2215,13:01:15,29.89,0.01,19,56791,买盘
2216,13:01:12,29.88,-0.01,56,168941,卖盘
2217,13:01:09,29.89,--,23,70928,卖盘
2218,13:01:06,29.89,--,10,29890,卖盘
2219,13:01:03,29.89,--,84,251076,卖盘
2220,13:01:00,29.89,--,16,47824,卖盘
2221,13:00:57,29.89,--,37,110593,卖盘
2222,13:00:54,29.89,0.02,95,286136,买盘
2223,13:00:51,29.87,-0.01,33,98571,卖盘
2224,13:00:48,29.88,0.01,15,44820,中性盘
2225,13:00:45,29.87,--,17,51824,卖盘
2226,13:00:42,29.87,-0.01,30,89610,卖盘
2227,13:00:39,29.88,0.01,31,92628,买盘
2228,13:00:33,29.87,--,47,140389,卖盘
2229,13:00:30,29.87,0.01,10,29870,中性盘
2230,13:00:27,29.86,-0.02,22,65692,卖盘
2231,13:00:24,29.88,0.01,14,41832,买盘
2232,13:00:21,29.87,0.06,6,17922,卖盘
2233,13:00:18,29.81,-0.07,178,530618,卖盘
2234,13:00:15,29.88,0.01,12,35856,买盘
2235,13:00:12,29.87,--,196,585810,买盘
2236,13:00:09,29.87,0.01,455,1361265,买盘
2237,13:00:06,29.86,--,793,2367898,买盘
2238,13:00:03,29.86,-0.01,1315,3927396,中性盘
2239,13:00:00,29.87,0.01,7,20909,买盘
2240,11:30:00,29.86,0.01,7,20902,中性盘
2241,11:29:57,29.85,--,30,89550,卖盘
2242,11:29:54,29.85,--,16,47760,卖盘
2243,11:29:51,29.85,-0.01,39,116415,卖盘
2244,11:29:48,29.86,-0.01,74,220964,中性盘
2245,11:29:45,29.87,0.02,17,50779,中性盘
2246,11:29:42,29.85,--,22,65670,卖盘
2247,11:29:39,29.85,--,203,605955,卖盘
2248,11:29:36,29.85,-0.03,21,64864,卖盘
2249,11:29:33,29.88,0.01,37,110556,买盘
2250,11:29:30,29.87,0.02,26,77662,买盘
2251,11:29:27,29.85,--,84,250740,卖盘
2252,11:29:24,29.85,-0.03,33,98505,卖盘
2253,11:29:21,29.88,0.03,9,26892,买盘
2254,11:29:18,29.85,--,116,346260,卖盘
2255,11:29:15,29.85,0.03,43,128355,中性盘
2256,11:29:12,29.82,--,367,1094394,卖盘
2257,11:29:09,29.82,-0.03,63,187866,卖盘
2258,11:29:06,29.85,-0.01,26,78415,卖盘
2259,11:29:03,29.86,0.04,120,360499,中性盘
2260,11:29:00,29.82,-0.05,9,26838,中性盘
2261,11:28:57,29.87,0.02,76,227012,买盘
2262,11:28:54,29.85,--,55,164175,卖盘
2263,11:28:51,29.85,0.01,92,274620,买盘
2264,11:28:48,29.84,--,89,265576,卖盘
2265,11:28:45,29.84,-0.05,129,384936,卖盘
2266,11:28:42,29.89,0.08,89,266021,买盘
2267,11:28:39,29.81,-0.01,31,92411,卖盘
2268,11:28:36,29.82,--,121,361865,卖盘
2269,11:28:33,29.82,-0.06,38,113316,卖盘
2270,11:28:30,29.88,0.06,315,941220,买盘
2271,11:28:27,29.82,-0.02,125,372750,卖盘
2272,11:28:24,29.84,--,23,68632,卖盘
2273,11:28:21,29.84,-0.01,9,26856,卖盘
2274,11:28:18,29.85,-0.02,114,342230,卖盘
2275,11:28:15,29.87,0.02,40,119480,买盘
2276,11:28:12,29.85,--,22,65670,卖盘
2277,11:28:09,29.85,--,57,170145,卖盘
2278,11:28:06,29.85,--,37,111489,卖盘
2279,11:28:03,29.85,--,123,367155,买盘
2280,11:28:00,29.85,--,8,23880,买盘
2281,11:27:57,29.85,--,44,131340,买盘
2282,11:27:54,29.85,--,73,217905,买盘
2283,11:27:51,29.85,-0.04,56,167160,卖盘
2284,11:27:48,29.89,0.04,124,370636,买盘
2285,11:27:45,29.85,--,37,110445,卖盘
2286,11:27:42,29.85,-0.04,11,32835,卖盘
2287,11:27:39,29.89,0.09,322,962458,买盘
2288,11:27:36,29.8,-0.04,14,41720,卖盘
2289,11:27:33,29.84,-0.03,21,62664,卖盘
2290,11:27:30,29.87,0.07,14,41818,中性盘
2291,11:27:27,29.8,-0.03,86,256280,卖盘
2292,11:27:24,29.83,-0.02,27,80541,卖盘
2293,11:27:21,29.85,--,235,701475,买盘
2294,11:27:18,29.85,0.09,18,53730,买盘
2295,11:27:15,29.76,-0.04,132,394171,卖盘
2296,11:27:12,29.8,--,51,151980,买盘
2297,11:27:09,29.8,0.01,281,837380,买盘
2298,11:27:06,29.79,-0.01,351,1045629,中性盘
2299,11:27:03,29.8,-0.1,22,65560,买盘
2300,11:27:00,29.9,0.13,1002,2995980,买盘
2301,11:26:57,29.77,--,26,77402,卖盘
2302,11:26:51,29.77,-0.01,28,83356,卖盘
2303,11:26:48,29.78,0.01,0,1042,买盘
2304,11:26:45,29.77,-0.01,51,153762,卖盘
2305,11:26:42,29.78,-0.01,46,136988,卖盘
2306,11:26:39,29.79,-0.04,121,360459,卖盘
2307,11:26:36,29.83,--,68,203888,买盘
2308,11:26:33,29.83,0.06,38,113354,买盘
2309,11:26:30,29.77,-0.03,70,208390,卖盘
2310,11:26:27,29.8,--,72,214560,买盘
2311,11:26:24,29.8,0.02,183,545340,买盘
2312,11:26:21,29.78,-0.02,37,110186,卖盘
2313,11:26:18,29.8,--,26,77480,买盘
2314,11:26:15,29.8,--,27,80460,买盘
2315,11:26:12,29.8,--,149,444020,卖盘
2316,11:26:09,29.8,--,27,80460,卖盘
2317,11:26:06,29.8,-0.05,66,197723,中性盘
2318,11:26:03,29.85,0.05,311,928335,买盘
2319,11:26:00,29.8,0.02,17,50660,买盘
2320,11:25:57,29.78,0.01,11,32758,中性盘
2321,11:25:54,29.77,-0.06,62,184574,卖盘
2322,11:25:51,29.83,-0.02,22,65626,中性盘
2323,11:25:48,29.85,0.05,168,501480,买盘
2324,11:25:45,29.8,0.03,120,357600,中性盘
2325,11:25:39,29.77,-0.01,33,98241,卖盘
2326,11:25:36,29.78,-0.07,274,818145,卖盘
2327,11:25:33,29.85,0.08,10,29850,买盘
2328,11:25:30,29.77,-0.09,11,32747,卖盘
2329,11:25:27,29.86,--,9,26874,买盘
2330,11:25:24,29.86,0.01,16,47776,买盘
2331,11:25:21,29.85,-0.02,18,53730,买盘
2332,11:25:15,29.87,-0.01,28,83636,中性盘
2333,11:25:12,29.88,0.02,10,29880,中性盘
2334,11:25:09,29.86,-0.02,119,356379,中性盘
2335,11:25:06,29.88,-0.02,36,107568,买盘
2336,11:25:03,29.9,0.04,452,1351480,买盘
2337,11:25:00,29.86,--,8,23888,卖盘
2338,11:24:57,29.86,-0.03,62,185132,卖盘
2339,11:24:54,29.89,0.03,512,1530368,买盘
2340,11:24:51,29.86,-0.02,45,134370,卖盘
2341,11:24:48,29.88,0.02,25,74700,买盘
2342,11:24:45,29.86,--,13,38818,卖盘
2343,11:24:42,29.86,--,36,107496,卖盘
2344,11:24:39,29.86,--,47,140342,卖盘
2345,11:24:36,29.86,0.01,71,214185,中性盘
2346,11:24:33,29.85,--,108,322380,卖盘
2347,11:24:30,29.85,-0.01,11,32835,卖盘
2348,11:24:27,29.86,-0.03,130,388180,中性盘
2349,11:24:24,29.89,0.03,175,523075,买盘
2350,11:24:21,29.86,--,198,591228,卖盘
2351,11:24:18,29.86,0.01,99,296181,买盘
2352,11:24:15,29.85,-0.01,43,128355,中性盘
2353,11:24:12,29.86,0.03,99,295614,买盘
2354,11:24:09,29.83,--,36,107388,卖盘
2355,11:24:06,29.83,-0.03,107,319181,卖盘
2356,11:24:03,29.86,--,179,534494,买盘
2357,11:24:00,29.86,--,399,1193026,卖盘
2358,11:23:57,29.86,--,68,203048,卖盘
2359,11:23:54,29.86,--,442,1319812,卖盘
2360,11:23:51,29.86,--,74,220964,卖盘
2361,11:23:48,29.86,--,183,546438,卖盘
2362,11:23:45,29.86,--,54,161244,卖盘
2363,11:23:42,29.86,0.02,365,1091263,买盘
2364,11:23:39,29.84,-0.01,175,523811,卖盘
2365,11:23:36,29.85,-0.01,27,82774,卖盘
2366,11:23:33,29.86,--,57,170202,买盘
2367,11:23:30,29.86,0.01,38,113468,中性盘
2368,11:23:27,29.85,-0.01,83,247755,卖盘
2369,11:23:24,29.86,0.01,83,247838,中性盘
2370,11:23:21,29.85,-0.02,200,597000,卖盘
2371,11:23:18,29.87,0.01,73,218051,中性盘
2372,11:23:15,29.86,-0.02,512,1528832,卖盘
2373,11:23:12,29.88,0.02,22,65736,中性盘
2374,11:23:09,29.86,-0.02,128,382208,卖盘
2375,11:23:06,29.88,0.01,58,174349,买盘
2376,11:23:03,29.87,0.01,25,74675,买盘
2377,11:22:57,29.86,-0.01,30,89580,卖盘
2378,11:22:54,29.87,-0.02,8,23896,中性盘
2379,11:22:51,29.89,0.01,71,212219,买盘
2380,11:22:48,29.88,0.02,9,26892,买盘
2381,11:22:45,29.86,-0.03,50,149300,卖盘
2382,11:22:42,29.89,0.01,137,409493,买盘
2383,11:22:39,29.88,--,180,537840,卖盘
2384,11:22:36,29.88,--,22,66781,卖盘
2385,11:22:33,29.88,0.01,292,874677,买盘
2386,11:22:30,29.87,0.01,22,65714,买盘
2387,11:22:27,29.86,-0.01,77,229922,卖盘
2388,11:22:24,29.87,-0.01,1,2987,买盘
2389,11:22:21,29.88,0.01,66,197208,买盘
2390,11:22:18,29.87,--,21,62727,买盘
2391,11:22:15,29.87,-0.01,34,101558,卖盘
2392,11:22:12,29.88,--,57,170316,买盘
2393,11:22:09,29.88,--,48,143424,买盘
2394,11:22:06,29.88,-0.02,51,152388,卖盘
2395,11:22:03,29.9,0.01,48,143520,买盘
2396,11:22:00,29.89,-0.01,241,720349,中性盘
2397,11:21:57,29.9,0.02,31,92690,买盘
2398,11:21:54,29.88,-0.02,145,433260,卖盘
2399,11:21:51,29.9,0.01,29,86710,买盘
2400,11:21:48,29.89,-0.01,5,14945,中性盘
2401,11:21:45,29.9,-0.02,51,152490,卖盘
2402,11:21:42,29.92,--,285,852720,买盘
2403,11:21:39,29.92,--,79,236368,买盘
2404,11:21:36,29.92,0.01,40,119680,买盘
2405,11:21:33,29.91,-0.01,19,56829,中性盘
2406,11:21:30,29.92,0.02,3,8976,买盘
2407,11:21:27,29.9,--,29,86710,卖盘
2408,11:21:24,29.9,-0.07,23,68770,买盘
2409,11:21:21,29.97,0.09,707,2118879,买盘
2410,11:21:18,29.88,-0.03,119,355572,卖盘
2411,11:21:15,29.91,0.01,1045,3125595,中性盘
2412,11:21:12,29.9,0.03,3,8970,中性盘
2413,11:21:09,29.87,-0.01,551,1645837,卖盘
2414,11:21:06,29.88,-0.02,140,418320,卖盘
2415,11:21:03,29.9,0.02,624,1865760,买盘
2416,11:21:00,29.88,-0.01,263,785844,卖盘
2417,11:20:57,29.89,0.04,118,352702,买盘
2418,11:20:54,29.85,-0.03,577,1722345,卖盘
2419,11:20:51,29.88,0.03,732,2187216,买盘
2420,11:20:48,29.85,--,437,1304445,卖盘
2421,11:20:45,29.85,0.01,1226,3660505,买盘
2422,11:20:42,29.84,0.01,176,525184,买盘
2423,11:20:39,29.83,--,23,68609,卖盘
2424,11:20:36,29.83,--,211,631978,买盘
2425,11:20:33,29.83,0.02,476,1421757,买盘
2426,11:20:30,29.81,0.03,659,1965760,买盘
2427,11:20:27,29.78,0.03,23,68494,中性盘
2428,11:20:24,29.75,-0.03,24,71400,卖盘
2429,11:20:21,29.78,-0.02,12,35736,中性盘
2430,11:20:18,29.8,0.02,539,1606220,买盘
2431,11:20:15,29.78,--,4,11912,买盘
2432,11:20:12,29.78,--,39,116142,买盘
2433,11:20:09,29.78,0.04,13,39428,买盘
2434,11:20:06,29.74,-0.04,270,805151,卖盘
2435,11:20:03,29.78,--,22,65516,买盘
2436,11:20:00,29.78,0.03,9,26802,买盘
2437,11:19:57,29.75,-0.01,17,51378,卖盘
2438,11:19:54,29.76,-0.02,2,5952,中性盘
2439,11:19:51,29.78,0.01,59,175702,买盘
2440,11:19:48,29.77,0.01,14,41678,中性盘
2441,11:19:45,29.76,-0.02,24,71424,中性盘
2442,11:19:42,29.78,0.03,2,5956,买盘
2443,11:19:39,29.75,-0.04,39,116025,卖盘
2444,11:19:36,29.79,0.01,80,240494,买盘
2445,11:19:33,29.78,-0.01,23,68494,中性盘
2446,11:19:30,29.79,-0.01,39,116181,买盘
2447,11:19:27,29.8,-0.01,21,63712,卖盘
2448,11:19:24,29.81,0.02,112,335720,买盘
2449,11:19:21,29.79,0.01,91,271089,买盘
2450,11:19:18,29.78,-0.02,3,8934,卖盘
2451,11:19:15,29.8,--,223,665672,卖盘
2452,11:19:12,29.8,--,18,53640,卖盘
2453,11:19:09,29.8,--,420,1253447,买盘
2454,11:19:06,29.8,0.06,51,154155,买盘
2455,11:19:03,29.74,-0.06,7,20818,卖盘
2456,11:19:00,29.8,--,352,1048960,买盘
2457,11:18:57,29.8,--,24,71520,买盘
2458,11:18:54,29.8,0.01,6,17880,买盘
2459,11:18:51,29.79,-0.01,8,23832,中性盘
2460,11:18:48,29.8,--,263,783740,卖盘
2461,11:18:45,29.8,--,39,116220,买盘
2462,11:18:42,29.8,0.09,11,32780,中性盘
2463,11:18:39,29.71,-0.04,276,819996,卖盘
2464,11:18:36,29.75,-0.05,31,93028,卖盘
2465,11:18:33,29.8,-0.02,65,193700,卖盘
2466,11:18:30,29.82,0.02,168,500976,买盘
2467,11:18:27,29.8,0.05,262,780760,买盘
2468,11:18:24,29.75,-0.05,14,41650,卖盘
2469,11:18:21,29.8,-0.01,58,172840,买盘
2470,11:18:18,29.81,0.01,41,122221,买盘
2471,11:18:15,29.8,0.01,123,366540,中性盘
2472,11:18:12,29.79,-0.01,47,140013,卖盘
2473,11:18:09,29.8,--,112,333760,卖盘
2474,11:18:06,29.8,--,301,899155,卖盘
2475,11:18:03,29.8,--,18,53640,卖盘
2476,11:18:00,29.8,-0.02,26,77480,卖盘
2477,11:17:57,29.82,0.02,18,53676,买盘
2478,11:17:54,29.8,0.01,97,289060,买盘
2479,11:17:51,29.79,-0.04,9,26811,买盘
2480,11:17:48,29.83,0.03,273,814359,买盘
2481,11:17:45,29.8,--,193,575140,买盘
2482,11:17:42,29.8,0.05,17,50660,买盘
2483,11:17:39,29.75,-0.02,44,130900,卖盘
2484,11:17:36,29.77,-0.03,21,62517,卖盘
2485,11:17:33,29.8,--,13,41243,卖盘
2486,11:17:30,29.8,0.09,151,450456,买盘
2487,11:17:24,29.71,0.01,13,38623,中性盘
2488,11:17:21,29.7,-0.09,58,172260,卖盘
2489,11:17:18,29.79,0.09,179,533241,中性盘
2490,11:17:15,29.7,-0.06,255,757350,卖盘
2491,11:17:12,29.76,-0.02,86,255936,卖盘
2492,11:17:09,29.78,-0.02,3,8934,中性盘
2493,11:17:06,29.8,0.1,1958,5834840,买盘
2494,11:17:03,29.7,-0.05,67,201514,卖盘
2495,11:17:00,29.75,-0.02,13,38675,卖盘
2496,11:16:57,29.77,0.07,1140,3393780,买盘
2497,11:16:54,29.7,-0.01,6,17820,卖盘
2498,11:16:51,29.71,0.01,9,26739,买盘
2499,11:16:48,29.7,-0.02,11,32670,卖盘
2500,11:16:45,29.72,-0.01,6,17832,中性盘
2501,11:16:39,29.73,0.02,49,146479,买盘
2502,11:16:36,29.71,-0.01,18,55646,卖盘
2503,11:16:33,29.72,--,7,20804,买盘
2504,11:16:30,29.72,0.01,9,26748,买盘
2505,11:16:27,29.71,--,26,77246,卖盘
2506,11:16:24,29.71,-0.01,10,29710,中性盘
2507,11:16:21,29.72,-0.01,13,38636,买盘
2508,11:16:18,29.73,0.03,119,353787,买盘
2509,11:16:15,29.7,--,14,41580,卖盘
2510,11:16:12,29.7,--,5,14850,卖盘
2511,11:16:09,29.7,-0.01,158,469260,卖盘
2512,11:16:06,29.71,0.01,40,119879,买盘
2513,11:16:03,29.7,0.02,279,831006,买盘
2514,11:16:00,29.68,-0.01,866,2570881,卖盘
2515,11:15:57,29.69,0.01,34,100946,买盘
2516,11:15:54,29.68,--,3,8904,卖盘
2517,11:15:51,29.68,--,47,139496,卖盘
2518,11:15:48,29.68,--,14,41552,卖盘
2519,11:15:45,29.68,--,22,65296,卖盘
2520,11:15:42,29.68,0.03,115,343694,买盘
2521,11:15:39,29.65,--,33,99683,卖盘
2522,11:15:36,29.65,-0.03,20,61464,卖盘
2523,11:15:33,29.68,0.02,174,516432,买盘
2524,11:15:30,29.66,0.01,51,151266,买盘
2525,11:15:27,29.65,--,32,94880,卖盘
2526,11:15:24,29.65,--,34,100810,卖盘
2527,11:15:21,29.65,0.01,117,349069,买盘
2528,11:15:15,29.64,-0.01,17,50388,卖盘
2529,11:15:12,29.65,--,56,166840,卖盘
2530,11:15:09,29.65,--,129,382485,卖盘
2531,11:15:06,29.65,--,15,46639,卖盘
2532,11:15:03,29.65,--,8,23720,卖盘
2533,11:15:00,29.65,--,3,8895,卖盘
2534,11:14:57,29.65,--,12,35580,卖盘
2535,11:14:54,29.65,--,19,56335,买盘
2536,11:14:51,29.65,-0.01,10,29650,买盘
2537,11:14:42,29.66,0.02,2,5932,买盘
2538,11:14:39,29.64,-0.01,37,110320,卖盘
2539,11:14:36,29.65,-0.01,140,417976,卖盘
2540,11:14:33,29.66,0.01,10,29897,买盘
2541,11:14:30,29.65,-0.01,5,14825,卖盘
2542,11:14:27,29.66,0.01,70,207620,买盘
2543,11:14:24,29.65,--,14,41510,卖盘
2544,11:14:21,29.65,-0.01,29,85985,卖盘
2545,11:14:18,29.66,0.01,58,172028,买盘
2546,11:14:15,29.65,--,29,85985,卖盘
2547,11:14:12,29.65,-0.01,25,74125,卖盘
2548,11:14:09,29.66,--,13,38558,买盘
2549,11:14:06,29.66,--,689,2045739,买盘
2550,11:14:03,29.66,--,114,338124,买盘
2551,11:14:00,29.66,--,8,23728,买盘
2552,11:13:57,29.66,0.01,6,17796,买盘
2553,11:13:54,29.65,--,8,23720,卖盘
2554,11:13:51,29.65,-0.01,14,43111,卖盘
2555,11:13:48,29.66,--,120,355920,卖盘
2556,11:13:45,29.66,-0.01,40,118640,卖盘
2557,11:13:42,29.67,0.01,8,23736,买盘
2558,11:13:39,29.66,--,31,91946,卖盘
2559,11:13:36,29.66,--,127,378847,卖盘
2560,11:13:33,29.66,--,8,23728,卖盘
2561,11:13:30,29.66,--,8,23728,卖盘
2562,11:13:27,29.66,--,27,80082,卖盘
2563,11:13:24,29.66,--,100,296600,卖盘
2564,11:13:21,29.66,0.01,99,295799,买盘
2565,11:13:18,29.65,--,18,53370,卖盘
2566,11:13:15,29.65,--,30,88950,买盘
2567,11:13:12,29.65,0.02,6,17790,买盘
2568,11:13:09,29.63,-0.02,37,109631,卖盘
2569,11:13:06,29.65,0.02,5,14825,买盘
2570,11:13:03,29.63,-0.05,3,8889,卖盘
2571,11:13:00,29.68,0.02,37,109816,买盘
2572,11:12:57,29.66,--,18,53388,卖盘
2573,11:12:54,29.66,0.01,15,44490,买盘
2574,11:12:51,29.65,--,117,346905,卖盘
2575,11:12:48,29.65,--,17,50405,卖盘
2576,11:12:45,29.65,--,17,50405,卖盘
2577,11:12:42,29.65,--,275,815375,卖盘
2578,11:12:39,29.65,--,29,85985,卖盘
2579,11:12:36,29.65,0.02,96,287516,买盘
2580,11:12:33,29.63,0.01,12,35556,买盘
2581,11:12:30,29.62,-0.01,11,32582,卖盘
2582,11:12:27,29.63,0.01,60,177780,买盘
2583,11:12:24,29.62,-0.01,8,23696,卖盘
2584,11:12:21,29.63,0.02,43,127409,买盘
2585,11:12:18,29.61,-0.03,96,284256,卖盘
2586,11:12:15,29.64,0.01,4,11856,买盘
2587,11:12:12,29.63,0.02,1,2963,买盘
2588,11:12:09,29.61,-0.01,77,227997,卖盘
2589,11:12:06,29.62,-0.02,18,55478,卖盘
2590,11:12:03,29.64,0.02,18,54982,买盘
2591,11:12:00,29.62,--,6,17772,卖盘
2592,11:11:57,29.62,--,13,38506,卖盘
2593,11:11:54,29.62,--,14,41468,卖盘
2594,11:11:51,29.62,--,4,11848,卖盘
2595,11:11:48,29.62,0.02,52,154024,买盘
2596,11:11:45,29.6,--,21,62160,卖盘
2597,11:11:42,29.6,--,35,103600,卖盘
2598,11:11:39,29.6,--,69,204240,卖盘
2599,11:11:36,29.6,-0.02,56,167920,卖盘
2600,11:11:33,29.62,0.02,45,133290,买盘
2601,11:11:30,29.6,--,12,35520,卖盘
2602,11:11:27,29.6,--,78,230880,卖盘
2603,11:11:24,29.6,0.02,25,75272,买盘
2604,11:11:21,29.58,-0.02,3,8874,卖盘
2605,11:11:18,29.6,-0.01,16,47360,买盘
2606,11:11:15,29.61,0.01,22,66829,中性盘
2607,11:11:12,29.6,--,298,882080,卖盘
2608,11:11:09,29.6,--,27,79920,卖盘
2609,11:11:06,29.6,--,17,52480,卖盘
2610,11:11:03,29.6,--,171,506160,卖盘
2611,11:11:00,29.6,--,14,41440,卖盘
2612,11:10:57,29.6,--,20,59200,卖盘
2613,11:10:54,29.6,--,36,108632,买盘
2614,11:10:51,29.6,0.01,25,74000,买盘
2615,11:10:48,29.59,--,8,23672,买盘
2616,11:10:45,29.59,-0.01,36,107411,卖盘
2617,11:10:42,29.6,--,5,14800,卖盘
2618,11:10:39,29.6,-0.02,27,79920,卖盘
2619,11:10:36,29.62,--,69,205414,卖盘
2620,11:10:33,29.62,-0.03,51,151062,卖盘
2621,11:10:30,29.65,0.05,130,386487,买盘
2622,11:10:27,29.6,0.01,29,85840,买盘
2623,11:10:24,29.59,-0.01,5,14795,卖盘
2624,11:10:21,29.6,--,5,14800,买盘
2625,11:10:18,29.6,--,8,23680,卖盘
2626,11:10:15,29.6,-0.02,864,2557440,卖盘
2627,11:10:12,29.62,-0.03,25,74050,卖盘
2628,11:10:09,29.65,0.03,1,2965,买盘
2629,11:10:06,29.62,-0.03,425,1258850,卖盘
2630,11:10:03,29.65,--,1,2965,卖盘
2631,11:10:00,29.65,-0.01,229,678985,卖盘
2632,11:09:57,29.66,0.01,31,91946,买盘
2633,11:09:54,29.65,-0.02,29,85985,卖盘
2634,11:09:51,29.67,0.01,263,780321,买盘
2635,11:09:48,29.66,--,2,5932,买盘
2636,11:09:45,29.66,--,90,267740,卖盘
2637,11:09:42,29.66,--,10,29660,卖盘
2638,11:09:39,29.66,--,84,249144,卖盘
2639,11:09:36,29.66,-0.01,57,171227,卖盘
2640,11:09:33,29.67,--,17,50439,买盘
2641,11:09:30,29.67,--,151,448017,买盘
2642,11:09:27,29.67,--,51,151317,卖盘
2643,11:09:24,29.67,-0.01,15,44505,卖盘
2644,11:09:21,29.68,--,63,186984,买盘
2645,11:09:15,29.68,--,43,127624,买盘
2646,11:09:12,29.68,-0.02,93,276676,卖盘
2647,11:09:09,29.7,0.02,50,150252,买盘
2648,11:09:06,29.68,--,170,506726,卖盘
2649,11:09:03,29.68,--,7,20776,卖盘
2650,11:09:00,29.68,-0.02,11,32648,卖盘
2651,11:08:57,29.7,0.02,71,210870,买盘
2652,11:08:54,29.68,--,6,17808,卖盘
2653,11:08:51,29.68,-0.02,3,8904,卖盘
2654,11:08:45,29.7,0.02,2,5940,买盘
2655,11:08:42,29.68,--,42,124656,卖盘
2656,11:08:39,29.68,-0.02,46,136617,卖盘
2657,11:08:36,29.7,--,34,102019,卖盘
2658,11:08:33,29.7,--,9,26730,卖盘
2659,11:08:30,29.7,0.02,48,144401,买盘
2660,11:08:27,29.68,--,35,103880,卖盘
2661,11:08:24,29.68,-0.02,22,65296,卖盘
2662,11:08:21,29.7,0.02,20,59400,买盘
2663,11:08:18,29.68,--,3,8904,卖盘
2664,11:08:15,29.68,--,29,86072,卖盘
2665,11:08:09,29.68,--,33,97944,卖盘
2666,11:08:06,29.68,--,26,79334,卖盘
2667,11:07:57,29.68,--,12,35616,卖盘
2668,11:07:54,29.68,-0.01,128,379904,卖盘
2669,11:07:51,29.69,0.01,4,11876,中性盘
2670,11:07:48,29.68,--,15,44520,卖盘
2671,11:07:45,29.68,--,19,56392,卖盘
2672,11:07:42,29.68,--,7,20776,卖盘
2673,11:07:39,29.68,--,26,77168,卖盘
2674,11:07:36,29.68,0.01,20,61526,中性盘
2675,11:07:30,29.67,-0.03,16,47472,卖盘
2676,11:07:27,29.7,0.03,59,175230,买盘
2677,11:07:24,29.67,-0.03,27,82037,卖盘
2678,11:07:21,29.7,--,5,14850,卖盘
2679,11:07:18,29.7,--,5,14850,卖盘
2680,11:07:15,29.7,-0.02,20,59400,卖盘
2681,11:07:12,29.72,0.02,115,341780,买盘
2682,11:07:09,29.7,--,4,11880,卖盘
2683,11:07:06,29.7,0.02,66,197059,买盘
2684,11:07:03,29.68,0.02,7,20776,卖盘
2685,11:07:00,29.66,--,8,23728,卖盘
2686,11:06:57,29.66,--,15,44490,卖盘
2687,11:06:54,29.66,-0.04,6,17796,卖盘
2688,11:06:51,29.7,0.05,98,291060,买盘
2689,11:06:48,29.65,--,2,5930,卖盘
2690,11:06:45,29.65,-0.05,123,364695,卖盘
2691,11:06:42,29.7,0.05,5,14850,买盘
2692,11:06:39,29.65,--,84,249771,卖盘
2693,11:06:36,29.65,--,35,104723,卖盘
2694,11:06:33,29.65,-0.01,6,17790,卖盘
2695,11:06:30,29.66,0.03,7,20762,买盘
2696,11:06:27,29.63,-0.02,37,109631,卖盘
2697,11:06:24,29.65,0.02,69,204881,买盘
2698,11:06:21,29.63,--,10,29630,卖盘
2699,11:06:18,29.63,--,10,29630,卖盘
2700,11:06:15,29.63,--,29,85927,卖盘
2701,11:06:12,29.63,--,5,14815,卖盘
2702,11:06:09,29.63,0.01,52,154076,买盘
2703,11:06:06,29.62,--,75,224312,卖盘
2704,11:06:03,29.62,--,21,62202,卖盘
2705,11:06:00,29.62,-0.01,5,14810,卖盘
2706,11:05:57,29.63,0.01,7,20741,中性盘
2707,11:05:54,29.62,-0.02,70,207340,卖盘
2708,11:05:51,29.64,--,21,62244,买盘
2709,11:05:48,29.64,--,10,29640,买盘
2710,11:05:45,29.64,--,24,71136,买盘
2711,11:05:42,29.64,--,35,103740,买盘
2712,11:05:39,29.64,-0.01,159,471690,卖盘
2713,11:05:36,29.65,--,33,99208,卖盘
2714,11:05:33,29.65,--,7,20755,卖盘
2715,11:05:30,29.65,-0.01,5,14825,卖盘
2716,11:05:27,29.66,0.01,13,38558,买盘
2717,11:05:24,29.65,-0.01,32,94880,卖盘
2718,11:05:21,29.66,-0.04,1012,3001592,卖盘
2719,11:05:15,29.7,0.02,300,891000,买盘
2720,11:05:12,29.68,0.01,6,17808,买盘
2721,11:05:09,29.67,-0.01,30,89010,卖盘
2722,11:05:03,29.68,-0.02,553,1641304,卖盘
2723,11:05:00,29.7,--,1,2970,卖盘
2724,11:04:57,29.7,-0.01,82,246361,卖盘
2725,11:04:54,29.71,--,7,20797,卖盘
2726,11:04:51,29.71,--,16,47536,卖盘
2727,11:04:48,29.71,--,89,264419,卖盘
