,time,price,change,volume,amount,type
0,15:00:03,6.31,0.02,469,296437,买盘
1,14:57:00,6.29,--,0,0,买盘
2,14:56:39,6.29,--,15,9435,买盘
3,14:56:30,6.29,0.01,25,15725,买盘
4,14:56:24,6.28,--,2,1256,卖盘
5,14:56:15,6.28,-0.01,20,12560,卖盘
6,14:55:54,6.29,0.01,50,31450,买盘
7,14:55:45,6.28,--,22,13816,买盘
8,14:55:27,6.28,--,5,3140,买盘
9,14:55:18,6.28,--,8,5024,买盘
10,14:55:09,6.28,0.01,20,12560,买盘
11,14:55:06,6.27,--,82,51414,买盘
12,14:54:48,6.27,--,9,5643,买盘
13,14:54:30,6.27,--,9,5643,卖盘
14,14:54:03,6.27,0.01,1,627,中性盘
15,14:53:54,6.26,--,20,12520,卖盘
16,14:53:27,6.26,-0.01,10,6260,卖盘
17,14:53:03,6.27,0.01,1,627,中性盘
18,14:52:09,6.26,-0.02,4,2504,卖盘
19,14:51:54,6.28,--,52,32656,买盘
20,14:51:27,6.28,--,20,12560,买盘
21,14:51:15,6.28,-0.01,10,6280,卖盘
22,14:51:00,6.29,--,26,16354,买盘
23,14:50:54,6.29,--,22,13838,买盘
24,14:50:24,6.29,-0.01,8,5032,卖盘
25,14:50:21,6.3,--,9,5670,买盘
26,14:49:48,6.3,--,15,9450,买盘
27,14:49:18,6.3,--,18,11340,买盘
28,14:48:51,6.3,0.02,45,28350,买盘
29,14:48:45,6.28,-0.02,1,628,中性盘
30,14:48:33,6.3,0.02,111,69930,买盘
31,14:48:09,6.28,--,5,3140,卖盘
32,14:48:03,6.28,0.04,147,92824,买盘
33,14:47:06,6.24,-0.02,20,12480,卖盘
34,14:47:03,6.26,0.02,40,25040,买盘
35,14:46:57,6.24,-0.01,37,23088,卖盘
36,14:46:51,6.25,--,17,10756,卖盘
37,14:46:48,6.25,--,0,31,卖盘
38,14:46:36,6.25,--,47,29918,卖盘
39,14:46:24,6.25,--,16,10000,卖盘
40,14:46:21,6.25,-0.01,28,17500,卖盘
41,14:46:18,6.26,0.01,14,8764,买盘
42,14:46:09,6.25,--,11,6875,卖盘
43,14:46:06,6.25,--,30,18750,卖盘
44,14:46:00,6.25,-0.01,22,14293,卖盘
45,14:45:54,6.26,--,5,3130,买盘
46,14:45:48,6.26,--,55,34430,卖盘
47,14:45:42,6.26,--,6,3756,卖盘
48,14:45:36,6.26,-0.01,20,12520,卖盘
49,14:45:21,6.27,0.01,37,23199,买盘
50,14:45:15,6.26,-0.01,10,6260,卖盘
51,14:44:54,6.27,0.01,10,6270,买盘
52,14:44:39,6.26,-0.01,25,15650,卖盘
53,14:44:30,6.27,0.01,10,6270,买盘
54,14:44:27,6.26,-0.01,26,16276,卖盘
55,14:44:15,6.27,--,2,1254,买盘
56,14:43:36,6.27,--,6,3761,买盘
57,14:43:33,6.27,-0.01,299,188005,卖盘
58,14:43:21,6.28,--,20,12560,买盘
59,14:43:18,6.28,0.01,110,69080,买盘
60,14:43:12,6.27,-0.01,1,627,卖盘
61,14:43:09,6.28,--,3,1884,买盘
62,14:42:48,6.28,--,36,22689,卖盘
63,14:42:33,6.28,--,12,8082,卖盘
64,14:42:06,6.28,0.01,2,1256,中性盘
65,14:41:33,6.27,-0.03,46,28841,卖盘
66,14:41:27,6.3,--,14,8820,买盘
67,14:41:00,6.3,0.03,32,20160,买盘
68,14:39:27,6.27,-0.04,25,15674,卖盘
69,14:39:21,6.31,--,1,631,买盘
70,14:39:18,6.31,0.01,154,97174,买盘
71,14:39:15,6.3,--,7,4410,买盘
72,14:39:12,6.3,0.03,1,630,买盘
73,14:38:36,6.27,--,22,13793,卖盘
74,14:38:30,6.27,--,12,8069,卖盘
75,14:38:21,6.27,-0.01,50,31349,卖盘
76,14:38:18,6.28,--,83,52299,买盘
77,14:37:21,6.28,--,5,3140,买盘
78,14:36:54,6.28,--,119,75184,卖盘
79,14:36:45,6.28,--,12,8082,卖盘
80,14:36:06,6.28,--,22,13816,卖盘
81,14:35:18,6.28,--,40,25120,卖盘
82,14:34:39,6.28,-0.04,92,57776,卖盘
83,14:33:57,6.32,--,55,34760,卖盘
84,14:33:51,6.32,--,3,1896,卖盘
85,14:33:30,6.32,--,5,3160,卖盘
86,14:33:15,6.32,0.04,60,37920,买盘
87,14:32:57,6.28,--,4,2769,买盘
88,14:32:45,6.28,--,378,237754,卖盘
89,14:32:30,6.28,-0.01,86,54008,卖盘
90,14:32:09,6.29,--,37,23656,买盘
91,14:31:33,6.29,--,10,6290,买盘
92,14:31:27,6.29,--,10,6290,买盘
93,14:30:57,6.29,--,10,6290,买盘
94,14:30:21,6.29,--,5,3145,买盘
95,14:30:15,6.29,--,9,5661,买盘
96,14:30:09,6.29,--,1,629,买盘
97,14:30:03,6.29,-0.01,120,75813,卖盘
98,14:29:27,6.3,--,10,6300,买盘
99,14:29:12,6.3,--,95,60391,卖盘
100,14:29:00,6.3,-0.03,12,8108,卖盘
101,14:28:51,6.33,--,1,633,买盘
102,14:28:27,6.33,--,9,5697,买盘
103,14:28:21,6.33,--,37,23503,卖盘
104,14:28:12,6.33,0.03,86,54988,买盘
105,14:28:09,6.3,-0.02,300,189000,卖盘
106,14:27:06,6.32,-0.01,8,5056,卖盘
107,14:26:54,6.33,0.01,46,29118,买盘
108,14:26:39,6.32,-0.01,2,1264,卖盘
109,14:26:03,6.33,--,3,1899,买盘
110,14:26:00,6.33,--,87,55153,卖盘
111,14:25:33,6.33,--,12,8146,卖盘
112,14:25:24,6.33,--,41,25953,买盘
113,14:25:06,6.33,--,8,5064,买盘
114,14:25:03,6.33,0.01,50,31650,买盘
115,14:23:57,6.32,--,36,22752,买盘
116,14:23:21,6.32,--,13,8216,买盘
117,14:23:03,6.32,0.01,25,15800,买盘
118,14:22:57,6.31,--,7,4417,卖盘
119,14:22:48,6.31,--,6,4038,卖盘
120,14:22:39,6.31,-0.01,15,10013,卖盘
121,14:22:15,6.32,--,5,3160,买盘
122,14:21:27,6.32,--,30,18960,买盘
123,14:20:45,6.32,--,50,31600,买盘
124,14:20:36,6.32,0.01,5,3160,中性盘
125,14:20:06,6.31,--,53,33443,卖盘
126,14:20:03,6.31,--,2,1262,卖盘
127,14:19:57,6.31,-0.01,12,8120,卖盘
128,14:19:42,6.32,0.01,1,632,中性盘
129,14:19:33,6.31,-0.01,39,24609,卖盘
130,14:19:24,6.32,--,15,9480,卖盘
131,14:19:03,6.32,--,17,10744,买盘
132,14:18:57,6.32,--,20,12640,买盘
133,14:18:21,6.32,--,23,14536,买盘
134,14:18:03,6.32,--,18,11376,买盘
135,14:17:42,6.32,0.01,7,4424,买盘
136,14:16:39,6.31,0.01,21,13333,买盘
137,14:16:33,6.3,-0.01,9,5670,卖盘
138,14:16:24,6.31,0.01,20,12620,买盘
139,14:16:03,6.3,--,9,5670,卖盘
140,14:15:57,6.3,-0.01,60,37800,卖盘
141,14:15:51,6.31,0.01,50,31549,买盘
142,14:15:42,6.3,--,1,630,买盘
143,14:15:39,6.3,--,5,3150,买盘
144,14:15:33,6.3,--,3,1890,卖盘
145,14:15:06,6.3,--,10,6300,卖盘
146,14:15:03,6.3,--,9,5670,卖盘
147,14:14:57,6.3,--,60,37800,卖盘
148,14:14:33,6.3,--,8,5040,卖盘
149,14:14:06,6.3,--,8,5040,卖盘
150,14:13:33,6.3,--,8,5040,卖盘
151,14:13:21,6.3,--,1,630,买盘
152,14:13:03,6.3,--,7,4410,卖盘
153,14:12:54,6.3,--,5,3150,卖盘
154,14:12:33,6.3,-0.01,8,5040,卖盘
155,14:12:18,6.31,0.02,100,63099,买盘
156,14:12:03,6.29,-0.01,8,5032,卖盘
157,14:11:36,6.3,0.01,28,17640,买盘
158,14:11:24,6.29,--,12,8095,卖盘
159,14:11:00,6.29,-0.01,0,377,卖盘
160,14:10:30,6.3,--,1,630,买盘
161,14:10:27,6.3,--,10,6300,买盘
162,14:10:06,6.3,--,20,12600,买盘
163,14:09:45,6.3,0.02,10,6300,买盘
164,14:09:36,6.28,--,71,44588,卖盘
165,14:09:30,6.28,--,137,86538,卖盘
166,14:09:24,6.28,-0.01,46,28888,卖盘
167,14:09:15,6.29,--,8,5032,卖盘
168,14:08:33,6.29,-0.01,119,74851,卖盘
169,14:08:21,6.3,-0.01,13,8190,中性盘
170,14:08:15,6.31,0.02,13,8203,买盘
171,14:08:03,6.29,--,54,33966,卖盘
172,14:07:42,6.29,-0.01,59,37111,卖盘
173,14:07:27,6.3,-0.01,21,13230,中性盘
174,14:07:00,6.31,--,10,6310,买盘
175,14:06:54,6.31,0.01,10,6310,买盘
176,14:06:48,6.3,--,1,630,买盘
177,14:06:45,6.3,--,48,30240,买盘
178,14:06:21,6.3,--,18,11636,卖盘
179,14:05:33,6.3,--,90,56700,卖盘
180,14:05:24,6.3,--,31,19530,卖盘
181,14:05:06,6.3,-0.01,3,1890,卖盘
182,14:05:03,6.31,0.01,36,22716,买盘
183,14:04:54,6.3,0.01,65,41283,买盘
184,14:04:48,6.29,-0.01,8,5032,卖盘
185,14:04:30,6.3,--,16,10080,买盘
186,14:04:21,6.3,--,8,5336,卖盘
187,14:04:18,6.3,--,43,27423,买盘
188,14:04:12,6.3,--,16,10080,买盘
189,14:03:45,6.3,--,32,20160,买盘
190,14:03:42,6.3,--,10,6300,买盘
191,14:03:24,6.3,--,25,16046,卖盘
192,14:03:06,6.3,--,64,40320,卖盘
193,14:02:42,6.3,--,50,31500,卖盘
194,14:02:30,6.3,-0.01,408,257040,卖盘
195,14:02:18,6.31,--,10,6310,中性盘
196,14:01:45,6.31,--,130,82030,卖盘
197,14:01:24,6.31,--,120,75720,买盘
198,14:00:54,6.31,--,20,12620,买盘
199,14:00:45,6.31,--,5,3155,买盘
200,14:00:39,6.31,0.01,1,631,买盘
201,14:00:30,6.3,--,139,87570,卖盘
202,14:00:27,6.3,-0.01,136,85680,卖盘
203,14:00:15,6.31,--,10,6310,买盘
204,13:59:30,6.31,--,14,8834,买盘
205,13:59:24,6.31,--,31,19561,买盘
206,13:59:18,6.31,0.01,6,3785,买盘
207,13:58:57,6.3,--,100,63000,卖盘
208,13:58:45,6.3,--,10,6300,卖盘
209,13:58:42,6.3,--,11,6930,卖盘
210,13:58:39,6.3,--,18,11340,卖盘
211,13:58:33,6.3,--,61,38430,卖盘
212,13:58:30,6.3,--,10,6300,卖盘
213,13:57:54,6.3,-0.01,88,55855,卖盘
214,13:57:45,6.31,--,47,29871,卖盘
215,13:57:36,6.31,--,71,44801,卖盘
216,13:57:27,6.31,--,5,3155,卖盘
217,13:57:06,6.31,--,50,31549,卖盘
218,13:57:00,6.31,-0.01,10,6310,卖盘
219,13:56:57,6.32,0.01,16,10112,买盘
220,13:56:54,6.31,-0.01,28,17668,卖盘
221,13:55:57,6.32,0.01,20,12640,中性盘
222,13:54:45,6.31,--,88,55528,卖盘
223,13:54:30,6.31,--,1,631,卖盘
224,13:54:18,6.31,--,36,22716,卖盘
225,13:54:09,6.31,-0.01,54,34074,卖盘
226,13:53:57,6.32,-0.01,5,3160,卖盘
227,13:53:54,6.33,--,16,10128,买盘
228,13:53:36,6.33,--,16,10128,买盘
229,13:53:21,6.33,--,13,8229,买盘
230,13:53:03,6.33,0.02,5,3165,买盘
231,13:53:00,6.31,-0.02,109,68779,卖盘
232,13:52:57,6.33,--,20,12660,买盘
233,13:52:54,6.33,0.01,10,6330,买盘
234,13:52:36,6.32,--,8,5056,卖盘
235,13:52:30,6.32,-0.01,50,31600,卖盘
236,13:52:18,6.33,0.01,20,12660,买盘
237,13:52:15,6.32,--,40,25280,卖盘
238,13:52:00,6.32,--,10,6320,卖盘
239,13:51:18,6.32,--,2,1264,卖盘
240,13:51:00,6.32,--,2,1264,卖盘
241,13:50:42,6.32,--,39,24648,卖盘
242,13:50:21,6.32,--,33,20856,卖盘
243,13:49:51,6.32,-0.01,66,41712,卖盘
244,13:49:30,6.33,--,30,18990,买盘
245,13:48:54,6.33,0.01,18,11394,买盘
246,13:48:51,6.32,--,155,97960,卖盘
247,13:48:36,6.32,-0.01,2,1264,卖盘
248,13:48:30,6.33,--,100,63300,买盘
249,13:48:27,6.33,--,4,2532,买盘
250,13:48:21,6.33,-0.01,13,8229,买盘
251,13:48:12,6.34,0.02,45,28530,买盘
252,13:48:09,6.32,-0.02,33,20856,卖盘
253,13:47:57,6.34,--,4,2536,买盘
254,13:47:36,6.34,--,10,6340,买盘
255,13:47:33,6.34,--,16,10144,买盘
256,13:47:27,6.34,--,15,9510,买盘
257,13:47:18,6.34,--,30,19020,买盘
258,13:47:12,6.34,--,48,30432,买盘
259,13:47:09,6.34,--,36,22824,买盘
260,13:47:03,6.34,--,32,20288,买盘
261,13:47:00,6.34,--,48,30432,买盘
262,13:46:57,6.34,--,34,21556,买盘
263,13:46:27,6.34,--,4,2536,买盘
264,13:45:57,6.34,--,4,2536,买盘
265,13:45:48,6.34,--,10,6340,买盘
266,13:45:27,6.34,--,4,2536,买盘
267,13:44:57,6.34,--,4,2536,买盘
268,13:44:48,6.34,0.03,4,2536,买盘
269,13:44:36,6.31,-0.03,97,61206,卖盘
270,13:44:27,6.34,--,4,2536,买盘
271,13:43:57,6.34,0.01,4,2536,买盘
272,13:43:51,6.33,--,16,10128,卖盘
273,13:43:48,6.33,-0.01,100,63300,卖盘
274,13:43:21,6.34,--,13,8242,买盘
275,13:43:06,6.34,0.01,2,1268,买盘
276,13:42:54,6.33,--,13,8229,卖盘
277,13:42:48,6.33,0.02,16,10128,买盘
278,13:42:06,6.31,-0.01,11,6941,卖盘
279,13:41:57,6.32,0.01,8,5605,买盘
280,13:41:30,6.31,-0.01,0,31,卖盘
281,13:41:21,6.32,0.01,1,632,买盘
282,13:41:18,6.31,-0.01,12,8120,卖盘
283,13:41:15,6.32,0.01,15,9480,买盘
284,13:41:12,6.31,--,12,7571,卖盘
285,13:41:06,6.31,--,12,8120,卖盘
286,13:40:12,6.31,--,22,13882,卖盘
287,13:39:39,6.31,--,2,1262,卖盘
288,13:39:33,6.31,--,12,8120,卖盘
289,13:39:24,6.31,--,7,4417,卖盘
290,13:39:18,6.31,--,33,20823,卖盘
291,13:39:09,6.31,-0.01,137,86699,卖盘
292,13:39:00,6.32,--,15,9562,卖盘
293,13:38:54,6.32,-0.01,55,34760,卖盘
294,13:38:27,6.33,--,56,35448,卖盘
295,13:38:09,6.33,-0.01,12,8146,卖盘
296,13:37:42,6.34,0.01,101,64034,买盘
297,13:37:39,6.33,-0.01,30,18990,卖盘
298,13:36:57,6.34,--,20,12680,买盘
299,13:36:54,6.34,--,8,5072,买盘
300,13:36:42,6.34,--,20,12680,买盘
301,13:36:30,6.34,0.02,16,10144,买盘
302,13:36:27,6.32,-0.02,30,18960,卖盘
303,13:35:54,6.34,--,10,6340,买盘
304,13:35:51,6.34,--,64,40576,买盘
305,13:35:48,6.34,--,16,10144,买盘
306,13:35:39,6.34,--,30,19020,买盘
307,13:35:36,6.34,--,25,15850,买盘
308,13:35:33,6.34,0.01,32,20288,买盘
309,13:35:21,6.33,0.01,21,13761,买盘
310,13:35:18,6.32,--,90,56880,买盘
311,13:35:15,6.32,0.01,16,10112,买盘
312,13:34:39,6.31,--,10,6310,卖盘
313,13:34:30,6.31,--,60,37860,卖盘
314,13:34:06,6.31,-0.01,8,5048,卖盘
315,13:33:45,6.32,--,1,632,买盘
316,13:33:30,6.32,--,90,57044,卖盘
317,13:32:27,6.32,--,90,56880,卖盘
318,13:32:21,6.32,-0.01,20,12640,卖盘
319,13:31:57,6.33,--,29,18357,买盘
320,13:31:51,6.33,-0.01,10,6330,中性盘
321,13:28:42,6.34,0.02,59,37406,买盘
322,13:27:33,6.32,--,10,6320,卖盘
323,13:26:51,6.32,--,30,18960,卖盘
324,13:26:27,6.32,--,107,68091,买盘
325,13:26:06,6.32,--,10,6320,买盘
326,13:25:36,6.32,0.01,2,1264,买盘
327,13:25:15,6.31,-0.01,10,6310,卖盘
328,13:25:09,6.32,--,66,41876,卖盘
329,13:25:03,6.32,--,70,44240,卖盘
330,13:24:57,6.32,--,5,3160,卖盘
331,13:24:51,6.32,--,8,5056,卖盘
332,13:24:45,6.32,--,68,42976,卖盘
333,13:24:42,6.32,--,4,2528,卖盘
334,13:24:36,6.32,-0.03,12,8133,卖盘
335,13:23:21,6.35,--,14,8890,买盘
336,13:22:24,6.35,0.03,1,635,买盘
337,13:21:48,6.32,--,10,6320,卖盘
338,13:21:09,6.32,--,33,20856,卖盘
339,13:21:06,6.32,--,12,8133,卖盘
340,13:20:21,6.32,-0.03,70,44240,卖盘
341,13:19:57,6.35,--,4,2540,卖盘
342,13:19:42,6.35,--,47,29845,卖盘
343,13:19:15,6.35,--,36,22860,卖盘
344,13:18:42,6.35,-0.01,50,31750,卖盘
345,13:18:21,6.36,--,14,8904,买盘
346,13:17:06,6.36,--,10,6360,买盘
347,13:16:39,6.36,0.01,1,636,买盘
348,13:16:27,6.35,-0.01,19,12065,卖盘
349,13:16:09,6.36,0.01,6,3816,买盘
350,13:16:06,6.35,-0.01,15,9525,卖盘
351,13:15:51,6.36,0.01,1,636,买盘
352,13:15:18,6.35,-0.01,5,3175,卖盘
353,13:15:00,6.36,0.01,9,5724,买盘
354,13:14:18,6.35,--,5,3175,卖盘
355,13:13:36,6.35,--,10,6350,卖盘
356,13:13:18,6.35,--,5,3175,卖盘
357,13:12:39,6.35,--,1,635,卖盘
358,13:12:18,6.35,-0.01,20,12700,卖盘
359,13:12:09,6.36,0.01,10,6360,买盘
360,13:11:54,6.35,-0.01,10,6350,卖盘
361,13:11:48,6.36,0.01,5,3180,买盘
362,13:11:18,6.35,--,5,3175,卖盘
363,13:10:51,6.35,--,13,8255,买盘
364,13:10:36,6.35,--,1,635,买盘
365,13:07:51,6.35,--,5,3175,买盘
366,13:07:27,6.35,--,40,25400,卖盘
367,13:07:21,6.35,--,5,3175,卖盘
368,13:07:18,6.35,--,105,66675,卖盘
369,13:06:48,6.35,-0.01,300,190500,卖盘
370,13:06:36,6.36,0.01,3,1908,买盘
371,13:06:18,6.35,--,5,3175,卖盘
372,13:06:12,6.35,--,20,12700,卖盘
373,13:05:57,6.35,--,1,635,卖盘
374,13:04:45,6.35,--,10,6350,卖盘
375,13:03:33,6.35,--,131,83185,卖盘
376,13:03:24,6.35,-0.03,5,3175,卖盘
377,13:02:27,6.38,--,1,638,买盘
378,13:01:24,6.38,--,53,33814,卖盘
379,13:01:03,6.38,--,37,23606,卖盘
380,13:00:06,6.38,-0.01,23,14674,卖盘
381,13:00:03,6.39,0.01,11,7029,买盘
382,13:00:00,6.38,--,0,0,卖盘
383,11:30:00,6.38,--,0,0,卖盘
384,11:29:09,6.38,-0.01,30,19140,卖盘
385,11:29:00,6.39,--,6,3834,买盘
386,11:28:51,6.39,--,3,1917,买盘
387,11:28:24,6.39,0.01,2,1278,买盘
388,11:28:18,6.38,-0.01,6,3828,中性盘
389,11:27:30,6.39,--,10,6390,买盘
390,11:27:21,6.39,--,18,11502,买盘
391,11:26:51,6.39,--,20,12780,买盘
392,11:26:45,6.39,--,5,3195,买盘
393,11:26:18,6.39,--,9,5751,卖盘
394,11:25:57,6.39,--,34,21726,卖盘
395,11:25:51,6.39,--,28,17892,卖盘
396,11:25:45,6.39,--,200,127800,卖盘
397,11:25:42,6.39,-0.01,17,10863,卖盘
398,11:25:21,6.4,0.01,62,39680,买盘
399,11:25:18,6.39,-0.01,28,17892,卖盘
400,11:25:00,6.4,0.01,20,12800,买盘
401,11:24:54,6.39,--,110,70290,卖盘
402,11:24:45,6.39,--,30,19170,卖盘
403,11:24:42,6.39,--,47,30033,买盘
404,11:23:48,6.39,--,1,639,买盘
405,11:23:39,6.39,--,55,35145,买盘
406,11:23:33,6.39,0.04,8,5112,买盘
407,11:23:30,6.35,--,6,3810,卖盘
408,11:23:24,6.35,-0.02,17,10795,卖盘
409,11:23:15,6.37,-0.01,32,20384,卖盘
410,11:23:00,6.38,0.01,5,3190,中性盘
411,11:22:48,6.37,-0.01,260,165620,卖盘
412,11:22:42,6.38,0.01,56,35728,买盘
413,11:22:18,6.37,-0.01,2,1274,卖盘
414,11:22:03,6.38,0.01,33,21054,买盘
415,11:21:39,6.37,0.02,57,36309,买盘
416,11:20:45,6.35,--,5,3175,买盘
417,11:20:39,6.35,--,29,18415,买盘
418,11:20:09,6.35,0.02,111,70485,买盘
419,11:19:39,6.33,--,8,5064,买盘
420,11:19:36,6.33,0.02,12,7596,买盘
421,11:19:09,6.31,-0.02,20,12620,卖盘
422,11:19:06,6.33,--,7,4431,买盘
423,11:18:30,6.33,0.03,2,1266,买盘
424,11:18:12,6.3,-0.02,42,26460,卖盘
425,11:18:03,6.32,0.01,10,6320,买盘
426,11:18:00,6.31,0.01,20,12620,中性盘
427,11:17:45,6.3,--,7,4410,卖盘
428,11:17:36,6.3,-0.02,778,490140,卖盘
429,11:17:30,6.32,0.01,22,13904,买盘
430,11:17:27,6.31,-0.01,79,49849,卖盘
431,11:17:12,6.32,0.01,3,1896,买盘
432,11:16:45,6.31,-0.01,230,145130,卖盘
433,11:16:39,6.32,-0.01,66,41712,卖盘
434,11:16:27,6.33,-0.01,20,12660,买盘
435,11:16:09,6.34,-0.01,3,1902,中性盘
436,11:15:33,6.35,-0.02,67,42545,卖盘
437,11:15:30,6.37,0.02,10,6370,买盘
438,11:15:27,6.35,--,100,63500,卖盘
439,11:15:06,6.35,--,14,8890,买盘
440,11:14:51,6.35,-0.01,36,22860,卖盘
441,11:14:36,6.36,0.01,28,17808,买盘
442,11:14:18,6.35,--,5,3175,卖盘
443,11:14:15,6.35,0.04,23,14605,买盘
444,11:13:24,6.31,--,377,237886,买盘
445,11:12:48,6.31,--,83,52373,买盘
446,11:12:39,6.31,--,20,12620,买盘
447,11:12:33,6.31,--,23,14513,买盘
448,11:12:30,6.31,--,15,9465,买盘
449,11:12:09,6.31,--,20,12620,买盘
450,11:12:00,6.31,0.01,20,12620,买盘
451,11:11:51,6.3,-0.01,4,2520,卖盘
452,11:11:42,6.31,--,340,214540,买盘
453,11:11:21,6.31,-0.03,692,436652,卖盘
454,11:11:18,6.34,-0.03,10,6340,卖盘
455,11:11:00,6.37,0.02,3,1911,买盘
456,11:10:45,6.35,0.01,2,1270,买盘
457,11:10:33,6.34,-0.01,1,634,卖盘
458,11:10:09,6.35,-0.02,498,316230,卖盘
459,11:10:06,6.37,-0.01,100,63700,卖盘
460,11:09:18,6.38,-0.01,10,6380,卖盘
461,11:09:03,6.39,--,32,20448,买盘
462,11:08:48,6.39,0.01,10,6390,买盘
463,11:07:27,6.38,-0.01,20,12760,卖盘
464,11:07:21,6.39,0.01,2,1278,买盘
465,11:07:09,6.38,--,2,1276,卖盘
466,11:06:45,6.38,--,50,31900,卖盘
467,11:06:39,6.38,--,10,6380,卖盘
468,11:06:30,6.38,--,5,3190,卖盘
469,11:06:09,6.38,--,10,6380,卖盘
470,11:06:03,6.38,--,3,1914,买盘
471,11:05:42,6.38,--,5,3190,买盘
472,11:05:12,6.38,--,5,3190,买盘
473,11:05:09,6.38,--,13,8294,卖盘
474,11:05:00,6.38,--,100,63800,卖盘
475,11:04:33,6.38,--,21,13398,买盘
476,11:04:09,6.38,0.01,27,17226,买盘
477,11:02:33,6.37,--,4,2548,买盘
478,11:02:24,6.37,--,16,10192,买盘
479,11:00:57,6.37,--,4,2548,买盘
480,11:00:27,6.37,--,20,12740,买盘
481,11:00:06,6.37,--,10,6370,买盘
482,10:59:09,6.37,0.02,1,637,买盘
483,10:59:06,6.35,-0.01,70,44450,卖盘
484,10:58:21,6.36,--,9,5724,卖盘
485,10:58:15,6.36,--,38,24168,卖盘
486,10:57:24,6.36,--,50,31800,卖盘
487,10:57:18,6.36,-0.01,50,31800,卖盘
488,10:57:03,6.37,--,29,18473,卖盘
489,10:56:51,6.37,-0.01,10,6370,卖盘
490,10:55:51,6.38,--,68,43384,买盘
491,10:55:48,6.38,-0.01,5,3190,卖盘
492,10:55:27,6.39,--,4,2556,买盘
493,10:55:09,6.39,--,3,1917,买盘
494,10:54:54,6.39,0.01,1,639,买盘
495,10:54:42,6.38,-0.01,70,44660,卖盘
496,10:54:36,6.39,0.01,10,6390,买盘
497,10:54:24,6.38,-0.01,10,6380,卖盘
498,10:54:15,6.39,--,2,1278,买盘
499,10:53:54,6.39,--,9,5751,买盘
500,10:53:36,6.39,--,8,5112,买盘
501,10:53:33,6.39,--,40,25560,买盘
502,10:52:57,6.39,--,1,639,买盘
503,10:52:48,6.39,0.01,8,5112,买盘
504,10:52:24,6.38,--,21,13398,买盘
505,10:52:18,6.38,--,20,12760,买盘
506,10:51:54,6.38,--,33,21054,买盘
507,10:51:51,6.38,--,26,16588,卖盘
508,10:51:30,6.38,--,29,18502,买盘
509,10:51:21,6.38,--,33,21054,买盘
510,10:51:09,6.38,--,25,15950,买盘
511,10:51:03,6.38,--,33,21054,买盘
512,10:50:57,6.38,--,30,19140,卖盘
513,10:50:54,6.38,-0.01,10,6380,卖盘
514,10:50:36,6.39,-0.01,24,15336,中性盘
515,10:50:03,6.4,0.02,554,354560,买盘
516,10:49:42,6.38,0.01,34,21692,买盘
517,10:49:39,6.37,-0.01,49,31213,卖盘
518,10:49:21,6.38,0.01,3,1914,买盘
519,10:49:09,6.37,--,6,3822,卖盘
520,10:49:00,6.37,--,12,7644,卖盘
521,10:48:51,6.37,-0.01,10,6370,卖盘
522,10:48:45,6.38,--,9,5742,买盘
523,10:48:36,6.38,--,20,12760,买盘
524,10:48:33,6.38,--,29,18502,卖盘
525,10:48:12,6.38,--,12,7656,卖盘
526,10:48:03,6.38,-0.02,4,2552,卖盘
527,10:48:00,6.4,--,9,5760,买盘
528,10:47:39,6.4,-0.01,58,37120,卖盘
529,10:47:27,6.41,--,2,1282,买盘
530,10:47:12,6.41,--,13,8333,买盘
531,10:47:06,6.41,--,3,1923,买盘
532,10:46:57,6.41,-0.03,20,12820,中性盘
533,10:46:30,6.44,--,3,1932,买盘
534,10:46:27,6.44,--,1,644,买盘
535,10:46:12,6.44,0.02,350,225400,买盘
536,10:46:00,6.42,0.02,1,642,买盘
537,10:45:54,6.4,--,11,7040,卖盘
538,10:45:36,6.4,--,278,177920,卖盘
539,10:45:24,6.4,-0.03,43,27520,卖盘
540,10:45:21,6.43,0.03,20,12860,中性盘
541,10:44:54,6.4,-0.04,6,3840,卖盘
542,10:44:51,6.44,0.01,32,20608,买盘
543,10:44:48,6.43,--,57,36651,卖盘
544,10:44:30,6.43,--,23,14789,卖盘
545,10:44:24,6.43,--,1,643,卖盘
546,10:44:18,6.43,--,33,21219,买盘
547,10:44:06,6.43,0.01,4,2572,买盘
548,10:43:54,6.42,0.02,11,7062,买盘
549,10:43:45,6.4,--,50,32000,卖盘
550,10:43:18,6.4,-0.02,50,32000,卖盘
551,10:43:15,6.42,0.02,10,6420,卖盘
552,10:43:00,6.4,-0.02,30,19200,卖盘
553,10:42:57,6.42,-0.02,1,642,卖盘
554,10:42:54,6.44,0.04,3,1932,买盘
555,10:42:51,6.4,-0.04,100,64000,卖盘
556,10:42:48,6.44,0.02,128,82432,买盘
557,10:42:45,6.42,--,10,6420,买盘
558,10:42:42,6.42,--,4,2568,买盘
559,10:42:39,6.42,-0.02,6,3852,卖盘
560,10:42:36,6.44,--,26,16744,买盘
561,10:42:30,6.44,--,20,12880,买盘
562,10:42:27,6.44,--,31,19964,买盘
563,10:42:24,6.44,--,106,68264,卖盘
564,10:42:21,6.44,-0.03,8,5152,卖盘
565,10:42:18,6.47,0.02,250,161750,买盘
566,10:42:09,6.45,-0.01,26,16770,卖盘
567,10:42:06,6.46,0.01,38,24548,买盘
568,10:42:00,6.45,-0.01,4,2580,卖盘
569,10:41:48,6.46,0.01,2,1292,买盘
570,10:41:42,6.45,0.05,34,21930,买盘
571,10:41:36,6.4,-0.08,20,12800,卖盘
572,10:41:33,6.48,0.04,277,179496,买盘
573,10:41:30,6.44,--,14,9016,买盘
574,10:41:27,6.44,0.04,30,19320,买盘
575,10:41:24,6.4,--,12,7680,卖盘
576,10:41:18,6.4,-0.02,33,21120,卖盘
577,10:41:15,6.42,0.02,8,5136,中性盘
578,10:41:09,6.4,-0.05,40,25600,卖盘
579,10:41:06,6.45,0.05,83,53535,买盘
580,10:41:03,6.4,-0.05,41,26240,卖盘
581,10:41:00,6.45,-0.05,2,1290,中性盘
582,10:40:54,6.5,0.02,1582,1028300,买盘
583,10:40:42,6.48,0.01,422,273456,买盘
584,10:40:33,6.47,0.05,129,83463,买盘
585,10:40:24,6.42,0.07,484,310728,买盘
586,10:40:21,6.35,-0.04,10,6350,中性盘
587,10:40:12,6.39,0.04,685,437715,买盘
588,10:40:06,6.35,--,72,45720,买盘
589,10:39:54,6.35,0.01,310,196850,买盘
590,10:39:48,6.34,--,50,31700,买盘
591,10:39:39,6.34,0.01,5,3170,买盘
592,10:39:27,6.33,--,1,633,买盘
593,10:39:24,6.33,--,1,633,买盘
594,10:39:21,6.33,--,5,3165,买盘
595,10:39:18,6.33,--,123,77859,买盘
596,10:39:06,6.33,0.01,10,6330,买盘
597,10:38:39,6.32,--,67,42344,买盘
598,10:38:30,6.32,--,20,12640,买盘
599,10:38:12,6.32,--,21,13272,买盘
600,10:38:03,6.32,--,5,3160,买盘
601,10:37:54,6.32,0.01,1,632,买盘
602,10:37:15,6.31,--,1,631,卖盘
603,10:36:57,6.31,--,44,28312,买盘
604,10:36:18,6.31,--,21,13251,买盘
605,10:35:48,6.31,--,2,1262,买盘
606,10:35:39,6.31,--,4,2524,买盘
607,10:34:57,6.31,--,20,12620,买盘
608,10:34:42,6.31,--,86,54266,卖盘
609,10:33:51,6.31,--,14,8834,买盘
610,10:33:03,6.31,--,1,631,买盘
611,10:32:57,6.31,--,134,84554,卖盘
612,10:32:36,6.31,--,13,8203,卖盘
613,10:32:21,6.31,--,20,12620,卖盘
614,10:32:12,6.31,--,50,31549,卖盘
615,10:32:00,6.31,0.01,136,86364,买盘
616,10:31:57,6.3,--,300,189000,卖盘
617,10:31:45,6.3,--,100,63000,卖盘
618,10:31:42,6.3,--,36,22680,卖盘
619,10:31:30,6.3,--,4,2520,卖盘
620,10:31:24,6.3,--,38,23940,买盘
621,10:30:45,6.3,--,6,3780,买盘
622,10:30:39,6.3,--,4,2520,买盘
623,10:30:27,6.3,--,2,1260,卖盘
624,10:30:21,6.3,--,340,214200,卖盘
625,10:29:39,6.3,-0.01,160,100800,卖盘
626,10:29:33,6.31,0.01,57,35967,买盘
627,10:29:06,6.3,--,27,17010,卖盘
628,10:29:00,6.3,--,140,88363,买盘
629,10:28:51,6.3,--,1,630,买盘
630,10:28:18,6.3,--,1,630,买盘
631,10:27:57,6.3,--,19,12436,卖盘
632,10:27:54,6.3,--,100,63000,卖盘
633,10:27:42,6.3,--,300,189000,卖盘
634,10:27:12,6.3,-0.01,20,12600,卖盘
635,10:26:30,6.31,0.01,10,6310,买盘
636,10:26:24,6.3,--,13,8190,卖盘
637,10:26:21,6.3,--,16,10080,卖盘
638,10:25:48,6.3,-0.02,62,39608,卖盘
639,10:25:27,6.32,0.02,62,39184,买盘
640,10:25:24,6.3,-0.01,38,23940,卖盘
641,10:25:18,6.31,--,83,52455,卖盘
642,10:25:03,6.31,--,13,8751,卖盘
643,10:24:51,6.31,--,2,1262,卖盘
644,10:24:27,6.31,-0.01,15,9465,卖盘
645,10:24:24,6.32,0.01,120,75840,买盘
646,10:24:09,6.31,--,102,64361,卖盘
647,10:23:48,6.31,--,4,2524,中性盘
648,10:23:24,6.31,--,110,69410,买盘
649,10:22:54,6.31,-0.01,33,20823,卖盘
650,10:22:42,6.32,--,10,6320,买盘
651,10:22:24,6.32,--,2,1264,买盘
652,10:22:21,6.32,0.01,10,6320,买盘
653,10:22:03,6.31,0.01,5,3155,买盘
654,10:21:48,6.3,--,101,63630,卖盘
655,10:21:45,6.3,-0.01,3,1890,卖盘
656,10:21:42,6.31,0.01,15,9465,买盘
657,10:21:18,6.3,0.02,255,160895,买盘
658,10:21:09,6.28,-0.01,1,628,卖盘
659,10:20:36,6.29,-0.01,5,3145,买盘
660,10:20:27,6.3,0.01,432,272160,买盘
661,10:20:12,6.29,--,10,6290,买盘
662,10:20:03,6.29,-0.01,0,383,卖盘
663,10:19:57,6.3,0.01,5,3150,买盘
664,10:19:45,6.29,0.01,95,60000,买盘
665,10:19:18,6.28,0.01,5,3140,买盘
666,10:19:03,6.27,0.01,14,8778,中性盘
667,10:18:48,6.26,-0.01,15,9390,卖盘
668,10:18:36,6.27,-0.02,5,3135,卖盘
669,10:18:18,6.29,0.01,1,1012,卖盘
670,10:18:15,6.28,--,1,872,买盘
671,10:18:12,6.28,--,12,7919,卖盘
672,10:18:06,6.28,--,19,11932,卖盘
673,10:17:33,6.28,--,10,6280,卖盘
674,10:17:12,6.28,0.02,61,38552,买盘
675,10:17:06,6.26,--,87,54462,卖盘
676,10:17:03,6.26,--,11,6886,卖盘
677,10:16:54,6.26,--,20,12520,卖盘
678,10:16:48,6.26,--,7,4382,卖盘
679,10:16:42,6.26,--,14,8764,卖盘
680,10:16:36,6.26,-0.02,8,5008,卖盘
681,10:16:27,6.28,0.01,100,62800,买盘
682,10:16:21,6.27,--,11,6896,买盘
683,10:16:12,6.27,--,50,31349,买盘
684,10:16:03,6.27,-0.01,9,5643,卖盘
685,10:16:00,6.28,0.01,1,628,买盘
686,10:15:57,6.27,--,6,3761,卖盘
687,10:15:51,6.27,0.01,40,25080,卖盘
688,10:15:42,6.26,--,175,109550,卖盘
689,10:15:39,6.26,-0.02,10,6260,卖盘
690,10:15:33,6.28,--,57,35796,买盘
691,10:15:30,6.28,0.02,5,3140,买盘
692,10:15:27,6.26,--,5,3130,卖盘
693,10:15:09,6.26,--,10,6260,卖盘
694,10:15:06,6.26,--,319,199694,买盘
695,10:15:00,6.26,--,9,5634,买盘
696,10:14:54,6.26,--,89,55714,卖盘
697,10:14:45,6.26,--,73,45698,卖盘
698,10:14:33,6.26,--,6,3756,卖盘
699,10:14:30,6.26,-0.01,14,8764,卖盘
700,10:14:15,6.27,0.01,1,627,买盘
701,10:13:54,6.26,--,27,16902,卖盘
702,10:13:48,6.26,-0.01,26,16276,卖盘
703,10:13:45,6.27,-0.01,2,1335,卖盘
704,10:13:33,6.28,--,184,115935,卖盘
705,10:13:09,6.28,-0.02,14,8792,卖盘
706,10:13:00,6.3,0.02,63,39690,买盘
707,10:12:51,6.28,--,67,42076,卖盘
708,10:12:45,6.28,--,7,4396,卖盘
709,10:12:42,6.28,0.01,527,331200,买盘
710,10:12:36,6.27,-0.01,12,8069,卖盘
711,10:12:09,6.28,--,205,129123,卖盘
712,10:11:54,6.28,--,13,8164,卖盘
713,10:11:48,6.28,-0.02,14,8792,卖盘
714,10:11:36,6.3,-0.02,10,6300,中性盘
715,10:11:33,6.32,0.02,76,48032,买盘
716,10:11:27,6.3,--,88,55440,买盘
717,10:11:03,6.3,0.02,1,630,买盘
718,10:11:00,6.28,-0.02,25,15700,卖盘
719,10:10:48,6.3,--,3,1890,买盘
720,10:10:36,6.3,-0.01,55,34650,卖盘
721,10:10:33,6.31,--,13,8203,卖盘
722,10:10:24,6.31,-0.01,50,31549,卖盘
723,10:10:15,6.32,0.02,21,13272,买盘
724,10:10:06,6.3,--,60,37800,卖盘
725,10:10:03,6.3,-0.02,3,1890,卖盘
726,10:09:54,6.32,0.02,63,39816,买盘
727,10:09:42,6.3,--,15,9450,卖盘
728,10:09:39,6.3,0.01,661,416430,买盘
729,10:09:24,6.29,--,3,1887,买盘
730,10:09:12,6.29,--,5,3145,买盘
731,10:09:06,6.29,0.01,2,1258,买盘
732,10:08:51,6.28,--,163,102608,买盘
733,10:08:45,6.28,0.01,30,18840,买盘
734,10:08:15,6.27,-0.01,71,44517,卖盘
735,10:08:06,6.28,0.01,64,40192,买盘
736,10:08:03,6.27,--,4,2508,卖盘
737,10:07:54,6.27,0.02,1,627,买盘
738,10:07:45,6.25,-0.03,14,8750,卖盘
739,10:07:42,6.28,0.01,103,64684,买盘
740,10:07:27,6.27,-0.01,2,1254,中性盘
741,10:07:21,6.28,--,3,1884,买盘
742,10:07:06,6.28,0.04,5,3140,买盘
743,10:06:54,6.24,-0.04,12,8030,卖盘
744,10:06:42,6.28,-0.02,18,11687,卖盘
745,10:06:39,6.3,0.01,82,51660,买盘
746,10:06:36,6.29,0.01,1,629,中性盘
747,10:06:27,6.28,--,74,46472,卖盘
748,10:06:21,6.28,--,5,3140,卖盘
749,10:06:15,6.28,--,40,25120,卖盘
750,10:06:06,6.28,--,24,15072,卖盘
751,10:06:03,6.28,--,382,240140,卖盘
752,10:05:45,6.28,0.04,1093,686404,买盘
753,10:05:39,6.24,-0.01,50,31200,卖盘
754,10:05:36,6.25,--,1,625,买盘
755,10:05:18,6.25,--,66,41250,买盘
756,10:05:15,6.25,--,3,1875,买盘
757,10:04:30,6.25,--,54,33750,买盘
758,10:04:00,6.25,--,50,31250,买盘
759,10:03:39,6.25,-0.01,10,6250,卖盘
760,10:03:27,6.26,0.02,10,6260,买盘
761,10:02:57,6.24,--,29,18096,卖盘
762,10:02:45,6.24,-0.01,48,29952,卖盘
763,10:02:12,6.25,--,5,3125,买盘
764,10:01:42,6.25,0.01,50,31250,买盘
765,10:01:09,6.24,-0.01,14,8736,卖盘
766,10:00:51,6.25,--,1,625,买盘
767,10:00:06,6.25,0.01,5,3125,买盘
768,09:59:57,6.24,-0.01,16,9984,卖盘
769,09:59:51,6.25,0.01,38,23750,买盘
770,09:59:48,6.24,--,20,12480,卖盘
771,09:59:45,6.24,--,5,3120,卖盘
772,09:59:03,6.24,-0.01,14,8736,卖盘
773,09:58:51,6.25,--,70,43750,买盘
774,09:58:18,6.25,--,1,625,买盘
775,09:58:15,6.25,--,5,3125,买盘
776,09:58:09,6.25,--,1,625,买盘
777,09:58:00,6.25,0.02,45,28125,买盘
778,09:57:24,6.23,-0.02,14,8722,卖盘
779,09:57:03,6.25,0.02,15,9375,买盘
780,09:56:54,6.23,-0.02,123,76629,卖盘
781,09:56:51,6.25,--,64,40000,卖盘
782,09:56:45,6.25,--,80,50000,卖盘
783,09:55:33,6.25,--,61,38125,买盘
784,09:55:18,6.25,--,450,281250,买盘
785,09:55:00,6.25,0.01,5,3125,买盘
786,09:54:42,6.24,--,14,8736,卖盘
787,09:54:27,6.24,--,73,45552,买盘
788,09:53:42,6.24,--,51,31824,买盘
789,09:53:33,6.24,0.01,83,51792,买盘
790,09:53:09,6.23,-0.02,28,17444,卖盘
791,09:53:00,6.25,--,19,11875,买盘
792,09:52:36,6.25,0.01,78,48750,买盘
793,09:52:33,6.24,-0.01,474,295776,卖盘
794,09:52:30,6.25,0.01,15,9375,买盘
795,09:52:27,6.24,-0.01,14,8736,卖盘
796,09:52:15,6.25,-0.01,122,76250,卖盘
797,09:52:12,6.26,--,30,18780,买盘
798,09:52:09,6.26,--,8,5008,买盘
799,09:52:06,6.26,--,6,3756,买盘
800,09:52:00,6.26,--,91,56966,卖盘
801,09:51:54,6.26,--,100,62600,卖盘
802,09:51:48,6.26,-0.01,1,626,卖盘
803,09:51:36,6.27,0.01,5,3135,买盘
804,09:50:24,6.26,--,10,6260,卖盘
805,09:50:18,6.26,--,39,24414,买盘
806,09:50:15,6.26,--,49,30674,买盘
807,09:50:03,6.26,0.01,117,73242,买盘
808,09:49:54,6.25,-0.01,10,6250,卖盘
809,09:49:48,6.26,--,73,45698,买盘
810,09:49:45,6.26,0.01,20,12520,买盘
811,09:49:36,6.25,--,17,10625,买盘
812,09:49:33,6.25,--,2,1250,买盘
813,09:49:21,6.25,-0.01,81,50625,卖盘
814,09:49:18,6.26,--,10,6260,买盘
815,09:49:09,6.26,0.01,2,1252,买盘
816,09:49:03,6.25,--,3,1875,卖盘
817,09:48:57,6.25,-0.01,3,1875,卖盘
818,09:48:42,6.26,0.01,50,31300,买盘
819,09:47:54,6.25,--,232,145062,买盘
820,09:47:45,6.25,--,22,13750,买盘
821,09:47:42,6.25,--,50,31250,买盘
822,09:47:27,6.25,--,10,6250,买盘
823,09:47:18,6.25,--,28,17500,买盘
824,09:46:54,6.25,--,6,3750,买盘
825,09:46:48,6.25,--,16,10562,卖盘
826,09:46:42,6.25,0.01,68,42562,买盘
827,09:46:30,6.24,-0.01,25,15600,卖盘
828,09:46:24,6.25,0.02,38,23750,买盘
829,09:46:15,6.23,-0.02,23,14329,卖盘
830,09:46:12,6.25,--,4,2500,买盘
831,09:46:06,6.25,--,0,562,卖盘
832,09:46:03,6.25,--,9,5687,买盘
833,09:46:00,6.25,--,6,3750,买盘
834,09:45:54,6.25,--,30,18750,买盘
835,09:45:51,6.25,0.01,50,31250,买盘
836,09:45:27,6.24,--,126,78624,买盘
837,09:45:00,6.24,0.02,50,31200,买盘
838,09:44:54,6.22,--,23,14306,卖盘
839,09:44:45,6.22,-0.02,17,10574,卖盘
840,09:44:39,6.24,--,2,1248,买盘
841,09:44:21,6.24,--,16,9984,卖盘
842,09:44:12,6.24,-0.01,14,8736,卖盘
843,09:43:51,6.25,0.03,2,1250,买盘
844,09:43:48,6.22,-0.03,34,21148,卖盘
845,09:43:36,6.25,--,64,40062,卖盘
846,09:43:21,6.25,--,27,16875,卖盘
847,09:43:18,6.25,--,10,6250,卖盘
848,09:43:06,6.25,--,239,149937,买盘
849,09:42:57,6.25,--,2,1250,买盘
850,09:42:54,6.25,--,21,13125,买盘
851,09:42:45,6.25,0.02,235,146875,买盘
852,09:42:36,6.23,0.01,150,93450,买盘
853,09:42:30,6.22,--,86,53492,卖盘
854,09:42:21,6.22,--,2,1244,卖盘
855,09:42:15,6.22,-0.01,2,1244,卖盘
856,09:42:06,6.23,0.01,15,9345,买盘
857,09:42:00,6.22,--,27,16794,卖盘
858,09:41:54,6.22,--,38,23636,卖盘
859,09:41:48,6.22,-0.01,5,3110,卖盘
860,09:41:45,6.23,--,3,1869,买盘
861,09:41:39,6.23,--,1,623,买盘
862,09:41:36,6.23,--,309,192569,卖盘
863,09:41:33,6.23,--,11,6853,卖盘
864,09:41:30,6.23,--,62,38626,卖盘
865,09:41:27,6.23,--,1,623,卖盘
866,09:41:21,6.23,--,155,96565,卖盘
867,09:41:09,6.23,--,8,4984,卖盘
868,09:40:51,6.23,--,100,62300,卖盘
869,09:40:45,6.23,--,92,57316,卖盘
870,09:40:42,6.23,--,100,62300,卖盘
871,09:40:39,6.23,0.01,55,34825,买盘
872,09:40:24,6.22,-0.01,2,1244,卖盘
873,09:40:15,6.23,0.01,20,12460,买盘
874,09:40:03,6.22,0.01,186,115692,买盘
875,09:40:00,6.21,--,1,621,卖盘
876,09:39:57,6.21,--,100,62100,卖盘
877,09:39:45,6.21,--,14,8694,卖盘
878,09:39:09,6.21,-0.01,100,62100,卖盘
879,09:39:06,6.22,0.01,22,13684,买盘
880,09:39:00,6.21,--,15,9315,买盘
881,09:38:45,6.21,--,12,7452,卖盘
882,09:38:36,6.21,--,11,6831,卖盘
883,09:38:33,6.21,--,100,62100,卖盘
884,09:38:30,6.21,-0.01,2,1242,卖盘
885,09:38:27,6.22,0.01,7,4354,买盘
886,09:38:24,6.21,--,6,3726,卖盘
887,09:38:18,6.21,-0.01,37,22977,卖盘
888,09:38:09,6.22,--,76,47272,卖盘
889,09:38:06,6.22,--,5,3110,卖盘
890,09:37:30,6.22,--,13,8086,买盘
891,09:37:27,6.22,--,17,10574,买盘
892,09:37:24,6.22,--,15,9330,买盘
893,09:37:18,6.22,--,1,622,买盘
894,09:37:09,6.22,-0.02,14,8708,卖盘
895,09:37:03,6.24,-0.01,9,5616,卖盘
896,09:37:00,6.25,--,25,15625,买盘
897,09:36:54,6.25,--,69,43125,买盘
898,09:36:51,6.25,--,34,21250,买盘
899,09:36:45,6.25,-0.01,557,348631,卖盘
900,09:36:33,6.26,--,18,11268,买盘
901,09:36:21,6.26,--,7,4382,买盘
902,09:36:12,6.26,--,2,1252,买盘
903,09:36:09,6.26,--,23,14398,买盘
904,09:36:03,6.26,0.01,17,10642,买盘
905,09:36:00,6.25,--,20,12500,卖盘
906,09:35:48,6.25,0.01,332,207618,买盘
907,09:35:45,6.24,--,6,3744,卖盘
908,09:35:42,6.24,--,35,21840,卖盘
909,09:35:39,6.24,--,26,16224,买盘
910,09:35:36,6.24,-0.01,17,10608,买盘
911,09:35:27,6.25,--,5,3125,买盘
912,09:35:24,6.25,--,1,625,买盘
913,09:35:21,6.25,--,24,15506,买盘
914,09:35:18,6.25,0.01,10,6250,买盘
915,09:35:15,6.24,--,100,62400,卖盘
916,09:35:06,6.24,-0.02,58,36192,卖盘
917,09:34:24,6.26,0.02,31,19524,买盘
918,09:34:21,6.24,--,18,11232,买盘
919,09:34:18,6.24,--,7,4368,买盘
920,09:34:15,6.24,--,426,265824,买盘
921,09:33:57,6.24,--,87,54793,卖盘
922,09:33:54,6.24,-0.01,20,12480,卖盘
923,09:33:51,6.25,0.01,12,7500,买盘
924,09:33:39,6.24,--,50,31200,卖盘
925,09:33:36,6.24,-0.01,200,124800,卖盘
926,09:33:33,6.25,--,30,18750,买盘
927,09:33:30,6.25,--,100,62500,买盘
928,09:33:27,6.25,--,36,22500,买盘
929,09:33:21,6.25,-0.01,55,34375,卖盘
930,09:33:18,6.26,0.01,139,87014,买盘
931,09:33:15,6.25,-0.01,100,62500,卖盘
932,09:33:03,6.26,0.01,14,8764,买盘
933,09:32:57,6.25,--,1,625,卖盘
934,09:32:48,6.25,--,112,70000,买盘
935,09:32:42,6.25,--,100,62500,买盘
936,09:32:39,6.25,--,26,16250,买盘
937,09:32:33,6.25,--,91,56875,买盘
938,09:32:30,6.25,--,20,12500,买盘
939,09:32:27,6.25,--,53,33125,卖盘
940,09:32:24,6.25,--,32,20000,卖盘
941,09:32:18,6.25,-0.01,27,16875,卖盘
942,09:32:15,6.26,--,33,20658,买盘
943,09:32:12,6.26,--,113,70738,买盘
944,09:32:09,6.26,0.01,3,1878,中性盘
945,09:31:48,6.25,--,45,28125,卖盘
946,09:31:36,6.25,0.01,107,66875,买盘
947,09:31:33,6.24,0.01,21,13222,买盘
948,09:31:30,6.23,-0.01,145,90335,卖盘
949,09:31:21,6.24,--,50,31200,买盘
950,09:31:18,6.24,--,30,18720,买盘
951,09:31:09,6.24,--,5,3120,买盘
952,09:31:03,6.24,--,15,9360,买盘
953,09:30:54,6.24,0.04,24,14976,买盘
954,09:30:51,6.2,-0.04,23,14260,卖盘
955,09:30:36,6.24,--,5,3120,买盘
956,09:30:18,6.24,0.07,40,24960,买盘
957,09:30:12,6.17,-0.06,30,18510,卖盘
958,09:30:06,6.23,0.06,1,623,卖盘
959,09:30:03,6.17,-0.07,236,145612,中性盘
960,09:30:00,6.24,0.09,70,43680,买盘
961,09:25:03,6.15,6.15,235,144525,买盘
