,time,price,change,volume,amount,type
0,15:00:00,21.24,--,0,0,卖盘
1,15:00:00,21.24,-0.01,0,0,卖盘
2,14:59:59,21.25,0.02,20,42500,买盘
3,14:59:57,21.23,0.01,32,67936,中性盘
4,14:59:52,21.22,-0.03,6,12732,卖盘
5,14:59:46,21.25,0.02,40,85000,买盘
6,14:59:42,21.23,-0.01,10,21230,买盘
7,14:59:37,21.24,--,10,21240,买盘
8,14:59:31,21.24,-0.01,18,38232,中性盘
9,14:59:27,21.25,0.01,40,85000,买盘
10,14:59:21,21.24,--,24,50975,卖盘
11,14:59:16,21.24,--,27,57347,卖盘
12,14:59:12,21.24,0.01,17,36108,卖盘
13,14:59:07,21.23,--,49,104027,卖盘
14,14:59:01,21.23,--,28,59444,卖盘
15,14:58:57,21.23,-0.01,38,80674,卖盘
16,14:58:51,21.24,--,8,16992,买盘
17,14:58:46,21.24,--,27,57347,卖盘
18,14:58:42,21.24,--,184,390816,卖盘
19,14:58:36,21.24,--,36,76464,卖盘
20,14:58:31,21.24,-0.01,47,99827,卖盘
21,14:58:27,21.25,0.01,6,12750,买盘
22,14:58:21,21.24,--,19,40356,卖盘
23,14:58:16,21.24,-0.01,41,87084,卖盘
24,14:58:12,21.25,0.01,7,14875,买盘
25,14:58:06,21.24,--,34,72216,卖盘
26,14:58:01,21.24,-0.01,58,123191,卖盘
27,14:57:57,21.25,0.01,3,6375,买盘
28,14:57:51,21.24,-0.01,15,31859,卖盘
29,14:57:42,21.25,--,5,10625,买盘
30,14:57:36,21.25,0.01,16,34000,买盘
31,14:57:31,21.24,--,10,21240,卖盘
32,14:57:27,21.24,--,53,112571,卖盘
33,14:57:21,21.24,--,42,89208,买盘
34,14:57:12,21.24,-0.01,13,27611,卖盘
35,14:57:06,21.25,0.01,93,197625,买盘
36,14:57:01,21.24,0.01,10,21240,中性盘
37,14:56:56,21.23,-0.01,15,31845,卖盘
38,14:56:51,21.24,--,74,157176,买盘
39,14:56:42,21.24,0.01,7,14867,买盘
40,14:56:36,21.23,--,11,23353,卖盘
41,14:56:26,21.23,--,29,61567,卖盘
42,14:56:21,21.23,-0.01,3,6369,卖盘
43,14:56:16,21.24,--,3,6371,卖盘
44,14:56:11,21.24,--,9,19116,卖盘
45,14:56:06,21.24,--,13,27611,卖盘
46,14:56:01,21.24,0.04,168,356832,买盘
47,14:55:56,21.2,-0.03,29,61480,卖盘
48,14:55:51,21.23,--,15,31845,卖盘
49,14:55:41,21.23,0.01,63,133749,买盘
50,14:55:36,21.22,-0.02,10,21220,中性盘
51,14:55:31,21.24,0.02,185,392940,买盘
52,14:55:26,21.22,-0.02,4,8488,买盘
53,14:55:21,21.24,0.01,38,80712,买盘
54,14:55:16,21.23,0.02,195,413985,买盘
55,14:55:11,21.21,-0.01,13,27573,卖盘
56,14:55:01,21.22,-0.01,47,99734,卖盘
57,14:54:56,21.23,--,11,23353,卖盘
58,14:54:51,21.23,0.01,22,46706,买盘
59,14:54:46,21.22,0.01,148,314056,买盘
60,14:54:41,21.21,--,3,6363,卖盘
61,14:54:36,21.21,--,58,123018,卖盘
62,14:54:31,21.21,0.01,18,38178,买盘
63,14:54:21,21.2,-0.01,15,31800,卖盘
64,14:54:16,21.21,0.01,38,80598,买盘
65,14:54:11,21.2,--,1,2120,卖盘
66,14:54:06,21.2,--,23,48760,卖盘
67,14:53:55,21.2,--,21,44520,买盘
68,14:53:51,21.2,0.01,26,55120,买盘
69,14:53:46,21.19,0.01,29,61451,中性盘
70,14:53:41,21.18,-0.01,70,148260,卖盘
71,14:53:36,21.19,-0.01,72,152568,卖盘
72,14:53:31,21.2,--,19,40280,买盘
73,14:53:21,21.2,0.01,19,40280,买盘
74,14:53:16,21.19,-0.01,41,86879,中性盘
75,14:53:06,21.2,0.03,12,25440,买盘
76,14:52:55,21.17,--,0,0,卖盘
77,14:52:51,21.17,--,18,38106,卖盘
78,14:52:46,21.17,--,24,50808,买盘
79,14:52:40,21.17,--,4,8468,买盘
80,14:52:31,21.17,0.01,40,84680,买盘
81,14:52:21,21.16,--,12,25392,卖盘
82,14:52:15,21.16,0.03,77,162932,买盘
83,14:52:06,21.13,--,13,27469,卖盘
84,14:52:00,21.13,--,0,0,中性盘
85,14:51:55,21.13,0.03,1,2113,买盘
86,14:51:51,21.1,-0.02,17,35870,卖盘
87,14:51:45,21.12,0.01,3,6336,买盘
88,14:51:40,21.11,0.02,4,8444,中性盘
89,14:51:36,21.09,-0.01,59,124852,卖盘
90,14:51:30,21.1,--,12,25320,买盘
91,14:51:21,21.1,0.01,6,12660,买盘
92,14:51:15,21.09,--,19,40071,卖盘
93,14:51:10,21.09,--,12,25308,买盘
94,14:51:06,21.09,0.01,229,482961,买盘
95,14:51:00,21.08,--,1,2108,卖盘
96,14:50:51,21.08,--,8,16864,卖盘
97,14:50:45,21.08,--,34,71672,买盘
98,14:50:35,21.08,--,5,10540,买盘
99,14:50:30,21.08,0.01,12,25295,买盘
100,14:50:15,21.07,--,33,69531,买盘
101,14:50:06,21.07,0.01,21,44247,买盘
102,14:50:00,21.06,--,14,29484,买盘
103,14:49:55,21.06,0.01,7,14742,中性盘
104,14:49:50,21.05,-0.01,38,79990,卖盘
105,14:49:45,21.06,-0.01,5,10530,中性盘
106,14:49:40,21.07,0.02,20,42140,买盘
107,14:49:30,21.05,--,3,6483,买盘
108,14:49:25,21.05,0.02,20,42100,买盘
109,14:49:20,21.03,--,2,4206,买盘
110,14:49:15,21.03,-0.03,13,27339,卖盘
111,14:49:05,21.06,--,15,31589,买盘
112,14:49:00,21.06,0.05,36,75816,买盘
113,14:48:55,21.01,-0.02,83,174593,卖盘
114,14:48:50,21.03,0.01,1,2103,买盘
115,14:48:45,21.02,0.01,2,4204,买盘
116,14:48:40,21.01,--,18,37818,卖盘
117,14:48:35,21.01,--,4,8404,卖盘
118,14:48:30,21.01,--,10,21010,卖盘
119,14:48:20,21.01,-0.02,11,23111,卖盘
120,14:48:15,21.03,-0.03,2,4206,中性盘
121,14:48:10,21.06,--,7,14742,买盘
122,14:48:05,21.06,--,108,227448,买盘
123,14:48:00,21.06,0.05,1,2106,中性盘
124,14:47:55,21.01,--,10,21010,卖盘
125,14:47:50,21.01,-0.05,22,46222,卖盘
126,14:47:45,21.06,0.04,7,14742,买盘
127,14:47:40,21.02,-0.04,7,14714,中性盘
128,14:47:30,21.06,0.05,8,16848,买盘
129,14:47:25,21.01,-0.07,8,16808,卖盘
130,14:47:20,21.08,0.07,10,21080,买盘
131,14:47:15,21.01,-0.08,14,29414,卖盘
132,14:47:10,21.09,--,0,0,买盘
133,14:47:05,21.09,0.07,2,4218,买盘
134,14:47:00,21.02,-0.06,10,21020,卖盘
135,14:46:55,21.08,0.02,37,77996,买盘
136,14:46:50,21.06,--,9,18954,卖盘
137,14:46:45,21.06,-0.03,2,4212,卖盘
138,14:46:40,21.09,0.01,13,27417,买盘
139,14:46:34,21.08,--,3,6323,卖盘
140,14:46:30,21.08,--,0,0,卖盘
141,14:46:25,21.08,--,6,12647,卖盘
142,14:46:15,21.08,0.03,1,2108,买盘
143,14:46:09,21.05,--,5,10525,买盘
144,14:46:04,21.05,--,13,27365,卖盘
145,14:46:00,21.05,--,15,31575,卖盘
146,14:45:55,21.05,-0.01,32,67360,卖盘
147,14:45:49,21.06,0.01,1,2106,买盘
148,14:45:39,21.05,--,18,37890,中性盘
149,14:45:34,21.05,0.05,105,221025,买盘
150,14:45:24,21.0,--,9,18900,卖盘
151,14:45:19,21.0,--,39,81900,买盘
152,14:45:04,21.0,--,5,10500,买盘
153,14:45:00,21.0,0.02,20,42000,买盘
154,14:44:54,20.98,--,64,135908,买盘
155,14:44:49,20.98,--,30,62940,买盘
156,14:44:45,20.98,0.03,65,136370,买盘
157,14:44:39,20.95,--,24,50280,卖盘
158,14:44:34,20.95,--,3,6285,卖盘
159,14:44:30,20.95,--,123,257685,买盘
160,14:44:24,20.95,--,13,27235,买盘
161,14:44:19,20.95,--,47,98465,买盘
162,14:44:15,20.95,--,10,20950,买盘
163,14:44:09,20.95,--,31,64945,买盘
164,14:44:04,20.95,--,27,56565,买盘
165,14:44:00,20.95,0.05,180,377100,买盘
166,14:43:54,20.9,--,31,64789,卖盘
167,14:43:49,20.9,--,99,206910,卖盘
168,14:43:44,20.9,0.02,236,493239,买盘
169,14:43:39,20.88,-0.01,166,346608,卖盘
170,14:43:34,20.89,--,6,12534,买盘
171,14:43:29,20.89,0.02,22,45958,买盘
172,14:43:24,20.87,-0.01,146,304702,卖盘
173,14:43:19,20.88,--,8,16704,卖盘
174,14:43:15,20.88,-0.02,58,121104,卖盘
175,14:43:09,20.9,0.01,113,236169,买盘
176,14:43:04,20.89,0.02,10,20890,买盘
177,14:42:59,20.87,-0.01,30,62610,卖盘
178,14:42:54,20.88,--,74,154512,卖盘
179,14:42:49,20.88,-0.01,22,45936,卖盘
180,14:42:44,20.89,-0.01,16,33424,卖盘
181,14:42:39,20.9,--,33,68970,买盘
182,14:42:34,20.9,-0.02,161,336490,卖盘
183,14:42:29,20.92,0.02,3,6276,中性盘
184,14:42:24,20.9,-0.02,19,39710,卖盘
185,14:42:19,20.92,0.02,10,20920,卖盘
186,14:42:14,20.9,-0.05,93,194370,卖盘
187,14:42:09,20.95,--,11,23045,卖盘
188,14:41:59,20.95,-0.01,59,123605,中性盘
189,14:41:54,20.96,--,42,88032,买盘
190,14:41:49,20.96,-0.02,26,54496,卖盘
191,14:41:44,20.98,--,52,109096,卖盘
192,14:41:39,20.98,-0.02,33,69234,卖盘
193,14:41:29,21.0,--,38,79800,买盘
194,14:41:24,21.0,-0.02,203,426300,卖盘
195,14:41:19,21.02,--,46,96692,买盘
196,14:41:14,21.02,0.02,342,718884,买盘
197,14:41:09,21.0,--,10,21000,卖盘
198,14:41:04,21.0,-0.01,74,155400,卖盘
199,14:40:59,21.01,-0.01,15,31515,卖盘
200,14:40:54,21.02,-0.02,50,105100,卖盘
201,14:40:49,21.04,-0.04,59,124136,卖盘
202,14:40:44,21.08,--,29,61131,卖盘
203,14:40:39,21.08,-0.01,10,21080,卖盘
204,14:40:34,21.09,--,12,25308,买盘
205,14:40:29,21.09,--,7,14763,买盘
206,14:40:24,21.09,-0.01,125,265523,卖盘
207,14:40:19,21.1,--,11,23210,卖盘
208,14:40:14,21.1,--,12,25320,卖盘
209,14:40:09,21.1,--,15,31650,卖盘
210,14:39:58,21.1,-0.03,150,316500,卖盘
211,14:39:54,21.13,0.03,10,21130,买盘
212,14:39:49,21.1,--,39,82290,卖盘
213,14:39:39,21.1,-0.03,31,65410,卖盘
214,14:39:33,21.13,0.03,24,50712,买盘
215,14:39:28,21.1,-0.03,47,99170,卖盘
216,14:39:24,21.13,-0.01,8,16904,买盘
217,14:39:19,21.14,0.04,1,2114,中性盘
218,14:39:13,21.1,-0.03,114,240540,卖盘
219,14:39:09,21.13,--,168,354984,卖盘
220,14:39:04,21.13,--,55,116215,卖盘
221,14:38:54,21.13,--,12,25356,卖盘
222,14:38:48,21.13,--,13,27469,卖盘
223,14:38:43,21.13,-0.01,4,8452,卖盘
224,14:38:39,21.14,-0.01,56,118384,卖盘
225,14:38:33,21.15,--,56,118439,卖盘
226,14:38:28,21.15,--,15,31724,卖盘
227,14:38:24,21.15,--,1,2115,卖盘
228,14:38:18,21.15,0.01,2,4230,买盘
229,14:38:13,21.14,--,0,0,卖盘
230,14:38:09,21.14,-0.01,13,27482,卖盘
231,14:38:03,21.15,--,129,272835,卖盘
232,14:37:54,21.15,--,17,35955,卖盘
233,14:37:48,21.15,--,13,27494,卖盘
234,14:37:43,21.15,-0.01,20,42300,卖盘
235,14:37:39,21.16,0.01,92,194672,中性盘
236,14:37:33,21.15,--,34,71910,卖盘
237,14:37:28,21.15,-0.01,25,52875,卖盘
238,14:37:24,21.16,--,16,33856,卖盘
239,14:37:18,21.16,--,15,31740,卖盘
240,14:37:13,21.16,--,1,2116,卖盘
241,14:37:08,21.16,--,51,107916,卖盘
242,14:37:03,21.16,--,2,4232,卖盘
243,14:36:53,21.16,-0.02,678,1434648,卖盘
244,14:36:48,21.18,-0.01,13,27534,卖盘
245,14:36:38,21.19,--,6,12714,卖盘
246,14:36:28,21.19,-0.01,15,31785,卖盘
247,14:36:18,21.2,--,21,44520,卖盘
248,14:36:13,21.2,--,1,2120,卖盘
249,14:36:08,21.2,-0.01,614,1301680,卖盘
250,14:35:58,21.21,0.01,1,2121,买盘
251,14:35:53,21.2,--,1,2120,卖盘
252,14:35:48,21.2,--,14,29680,卖盘
253,14:35:43,21.2,-0.02,4,8480,卖盘
254,14:35:38,21.22,--,9,19098,卖盘
255,14:35:28,21.22,--,14,29708,卖盘
256,14:35:23,21.22,--,4,8488,卖盘
257,14:35:18,21.22,-0.03,3,6366,中性盘
258,14:35:13,21.25,0.05,54,114750,买盘
259,14:35:08,21.2,-0.03,15,31800,卖盘
260,14:34:58,21.23,0.01,9,19107,买盘
261,14:34:53,21.22,0.02,5,10610,买盘
262,14:34:48,21.2,--,14,29680,卖盘
263,14:34:43,21.2,--,20,42400,卖盘
264,14:34:38,21.2,-0.02,57,120840,卖盘
265,14:34:33,21.22,0.02,19,40318,买盘
266,14:34:28,21.2,-0.02,16,33920,卖盘
267,14:34:23,21.22,--,10,21220,买盘
268,14:34:18,21.22,0.02,10,21220,中性盘
269,14:34:08,21.2,-0.02,34,72080,卖盘
270,14:34:03,21.22,--,8,16976,买盘
271,14:33:58,21.22,--,1,2122,买盘
272,14:33:53,21.22,0.02,2,4244,买盘
273,14:33:48,21.2,-0.02,16,33920,卖盘
274,14:33:43,21.22,0.01,2,4244,买盘
275,14:33:38,21.21,-0.02,6,12726,中性盘
276,14:33:33,21.23,0.01,28,59444,买盘
277,14:33:28,21.22,--,14,29708,卖盘
278,14:33:23,21.22,--,10,21220,卖盘
279,14:33:18,21.22,0.04,82,174004,买盘
280,14:33:13,21.18,-0.04,23,48714,卖盘
281,14:33:07,21.22,--,20,42440,买盘
282,14:33:03,21.22,--,6,12732,买盘
283,14:32:58,21.22,0.04,2,4244,买盘
284,14:32:52,21.18,0.01,1,2118,中性盘
285,14:32:48,21.17,-0.01,36,76212,卖盘
286,14:32:42,21.18,-0.04,29,61422,卖盘
287,14:32:37,21.22,0.05,175,371350,买盘
288,14:32:33,21.17,-0.01,18,38106,卖盘
289,14:32:27,21.18,--,240,508320,买盘
290,14:32:18,21.18,0.02,2,4236,买盘
291,14:32:07,21.16,-0.02,122,258152,卖盘
292,14:32:02,21.18,--,107,226626,买盘
293,14:31:57,21.18,0.02,1,2118,买盘
294,14:31:47,21.16,--,40,84640,卖盘
295,14:31:42,21.16,0.01,76,160816,买盘
296,14:31:37,21.15,--,2,4230,卖盘
297,14:31:32,21.15,0.02,6,12690,买盘
298,14:31:27,21.13,-0.01,14,29582,卖盘
299,14:31:18,21.14,0.01,1,2114,中性盘
300,14:31:12,21.13,0.01,19,40147,买盘
301,14:31:07,21.12,--,63,133056,卖盘
302,14:31:02,21.12,0.01,1,2112,卖盘
303,14:30:57,21.11,--,0,0,卖盘
304,14:30:47,21.11,--,24,50664,卖盘
305,14:30:42,21.11,-0.02,24,50664,卖盘
306,14:30:37,21.13,--,31,65503,卖盘
307,14:30:32,21.13,-0.02,5,10565,卖盘
308,14:30:27,21.15,0.02,25,52875,买盘
309,14:30:22,21.13,-0.02,221,466973,卖盘
310,14:30:17,21.15,0.05,17,35955,买盘
311,14:30:12,21.1,-0.05,218,459980,卖盘
312,14:30:07,21.15,0.03,2,4230,买盘
313,14:30:02,21.12,-0.04,130,274560,卖盘
314,14:29:52,21.16,--,24,50784,卖盘
315,14:29:47,21.16,0.01,27,57132,卖盘
316,14:29:42,21.15,-0.01,56,118439,卖盘
317,14:29:37,21.16,--,3,6348,卖盘
318,14:29:32,21.16,0.01,36,76176,买盘
319,14:29:27,21.15,-0.01,43,90945,卖盘
320,14:29:22,21.16,--,2,4232,卖盘
321,14:29:17,21.16,-0.01,81,171396,卖盘
322,14:29:12,21.17,0.01,83,175711,买盘
323,14:29:07,21.16,-0.02,14,29624,卖盘
324,14:28:52,21.18,--,0,0,买盘
325,14:28:47,21.18,--,22,46596,买盘
326,14:28:42,21.18,--,0,0,买盘
327,14:28:37,21.18,0.02,16,33888,买盘
328,14:28:32,21.16,-0.02,69,146004,卖盘
329,14:28:27,21.18,-0.02,34,72012,卖盘
330,14:28:17,21.2,--,6,12720,卖盘
331,14:28:07,21.2,--,13,27560,卖盘
332,14:28:02,21.2,-0.02,21,44520,卖盘
333,14:27:57,21.22,--,0,0,买盘
334,14:27:47,21.22,0.02,79,167638,买盘
335,14:27:42,21.2,--,0,0,买盘
336,14:27:37,21.2,--,38,80560,买盘
337,14:27:32,21.2,--,1,2120,卖盘
338,14:27:27,21.2,0.05,22,46640,卖盘
339,14:27:22,21.15,--,0,0,卖盘
340,14:27:12,21.15,--,0,0,卖盘
341,14:27:07,21.15,-0.05,13,27494,卖盘
342,14:27:02,21.2,0.05,35,74200,买盘
343,14:26:57,21.15,-0.03,540,1142100,卖盘
344,14:26:52,21.18,--,2,4236,卖盘
345,14:26:47,21.18,-0.01,14,29652,卖盘
346,14:26:42,21.19,0.01,3,6357,卖盘
347,14:26:32,21.18,--,1,2118,卖盘
348,14:26:27,21.18,--,13,27534,卖盘
349,14:26:22,21.18,--,0,0,卖盘
350,14:26:16,21.18,--,0,0,卖盘
351,14:26:12,21.18,--,84,177912,卖盘
352,14:26:07,21.18,-0.02,15,31770,卖盘
353,14:26:02,21.2,--,8,16960,买盘
354,14:25:52,21.2,0.02,157,332840,买盘
355,14:25:47,21.18,--,17,36006,卖盘
356,14:25:36,21.18,-0.02,5,10590,卖盘
357,14:25:31,21.2,--,5,10600,买盘
358,14:25:26,21.2,--,48,101760,卖盘
359,14:25:11,21.2,--,40,84800,买盘
360,14:25:06,21.2,0.01,48,101760,买盘
361,14:25:01,21.19,-0.01,2,4238,卖盘
362,14:24:57,21.2,0.01,3,6360,买盘
363,14:24:51,21.19,0.01,3,6357,卖盘
364,14:24:46,21.18,-0.02,14,29652,卖盘
365,14:24:41,21.2,0.02,3,6360,买盘
366,14:24:36,21.18,--,4,8472,卖盘
367,14:24:26,21.18,0.01,15,31770,卖盘
368,14:24:16,21.17,--,0,211,卖盘
369,14:24:12,21.17,--,12,25404,卖盘
370,14:24:06,21.17,-0.03,24,50808,卖盘
371,14:24:01,21.2,0.03,20,42400,买盘
372,14:23:51,21.17,0.01,3,6351,中性盘
373,14:23:46,21.16,-0.04,13,27508,卖盘
374,14:23:41,21.2,--,41,86920,买盘
375,14:23:35,21.2,--,0,0,买盘
376,14:23:31,21.2,0.03,7,14840,买盘
377,14:23:26,21.17,-0.03,14,29638,卖盘
378,14:23:11,21.2,--,0,0,买盘
379,14:23:06,21.2,0.04,27,57240,买盘
380,14:23:01,21.16,--,0,0,卖盘
381,14:22:56,21.16,-0.04,1,2116,卖盘
382,14:22:51,21.2,0.04,50,106000,买盘
383,14:22:46,21.16,-0.04,13,27508,卖盘
384,14:22:41,21.2,--,5,10600,买盘
385,14:22:36,21.2,0.04,63,133560,买盘
386,14:22:26,21.16,-0.04,15,31740,卖盘
387,14:22:16,21.2,0.02,10,21200,买盘
388,14:22:11,21.18,0.02,1,2118,卖盘
389,14:22:06,21.16,-0.06,164,347024,卖盘
390,14:22:01,21.22,--,1,2122,买盘
391,14:21:56,21.22,0.01,5,10610,买盘
392,14:21:51,21.21,--,4,8484,卖盘
393,14:21:46,21.21,--,14,29694,卖盘
394,14:21:41,21.21,0.05,57,120897,买盘
395,14:21:36,21.16,-0.01,11,23276,卖盘
396,14:21:31,21.17,--,51,107967,买盘
397,14:21:26,21.17,-0.01,149,315433,卖盘
398,14:21:21,21.18,--,63,133434,卖盘
399,14:21:11,21.18,0.01,10,21180,中性盘
400,14:21:06,21.17,-0.01,52,110084,卖盘
401,14:21:01,21.18,0.01,4,8472,买盘
402,14:20:56,21.17,--,7,14819,卖盘
403,14:20:51,21.17,--,11,23287,卖盘
404,14:20:46,21.17,-0.01,3,6351,卖盘
405,14:20:41,21.18,0.03,5,10590,买盘
406,14:20:31,21.15,--,0,0,卖盘
407,14:20:26,21.15,-0.03,30,63449,卖盘
408,14:20:16,21.18,-0.02,2,4236,卖盘
409,14:20:11,21.2,--,2,4240,买盘
410,14:20:06,21.2,-0.01,25,53000,卖盘
411,14:19:51,21.21,-0.01,13,27573,卖盘
412,14:19:46,21.22,--,4,8488,卖盘
413,14:19:41,21.22,--,4,8488,卖盘
414,14:19:36,21.22,-0.01,3,6366,卖盘
415,14:19:26,21.23,-0.02,100,212300,卖盘
416,14:19:06,21.25,-0.05,18,38250,卖盘
417,14:18:56,21.3,-0.01,29,61770,卖盘
418,14:18:41,21.31,--,0,0,中性盘
419,14:18:36,21.31,--,0,0,买盘
420,14:18:21,21.31,--,2,4262,买盘
421,14:18:15,21.31,-0.01,9,19179,卖盘
422,14:18:00,21.32,--,3,6396,买盘
423,14:17:55,21.32,--,3,6396,卖盘
424,14:17:35,21.32,--,2,4264,卖盘
425,14:17:20,21.32,-0.04,30,63960,卖盘
426,14:17:10,21.36,0.02,2,4272,买盘
427,14:16:50,21.34,0.01,10,21340,卖盘
428,14:16:45,21.33,--,0,0,卖盘
429,14:16:30,21.33,-0.03,2,4266,卖盘
430,14:16:25,21.36,--,0,0,中性盘
431,14:16:20,21.36,-0.02,1,2136,买盘
432,14:16:15,21.38,0.02,1,2138,买盘
433,14:16:10,21.36,--,10,21360,卖盘
434,14:15:59,21.36,--,0,0,卖盘
435,14:15:45,21.36,--,46,98256,卖盘
436,14:15:30,21.36,-0.03,1,2136,卖盘
437,14:15:20,21.39,0.03,15,32085,买盘
438,14:15:10,21.36,--,1,2136,卖盘
439,14:14:35,21.36,--,3,6408,卖盘
440,14:14:30,21.36,--,0,0,卖盘
441,14:14:25,21.36,-0.03,5,10680,卖盘
442,14:14:20,21.39,0.04,5,10695,买盘
443,14:14:05,21.35,0.03,7,14945,买盘
444,14:13:50,21.32,--,0,0,卖盘
445,14:13:40,21.32,--,3,6396,卖盘
446,14:13:35,21.32,--,0,0,卖盘
447,14:13:30,21.32,-0.07,10,21320,卖盘
448,14:13:20,21.39,0.07,5,10695,买盘
449,14:13:10,21.32,0.01,1,2132,卖盘
450,14:13:00,21.31,0.01,6,12786,买盘
451,14:12:55,21.3,-0.09,20,42600,卖盘
452,14:12:50,21.39,-0.01,37,79143,卖盘
453,14:12:45,21.4,0.01,15,32099,买盘
454,14:12:35,21.39,--,31,66309,卖盘
455,14:12:29,21.39,-0.01,10,21390,卖盘
456,14:12:25,21.4,-0.01,5,10700,买盘
457,14:12:20,21.41,--,28,59948,买盘
458,14:12:00,21.41,0.01,14,29974,买盘
459,14:11:53,21.4,-0.04,1,2140,卖盘
460,14:11:49,21.44,0.01,12,25728,买盘
461,14:11:44,21.43,--,4,8572,中性盘
462,14:11:40,21.43,0.04,1,2143,卖盘
463,14:11:30,21.39,--,0,0,卖盘
464,14:11:24,21.39,-0.05,1,2139,卖盘
465,14:11:20,21.44,0.05,5,10720,买盘
466,14:11:09,21.39,-0.02,10,21390,卖盘
467,14:11:04,21.41,--,100,214100,买盘
468,14:10:54,21.41,--,5,10705,买盘
469,14:10:49,21.41,--,123,263343,买盘
470,14:10:39,21.41,0.01,59,126319,买盘
471,14:10:34,21.4,-0.01,4,8560,卖盘
472,14:10:30,21.41,--,25,53525,买盘
473,14:10:19,21.41,0.01,7,14987,中性盘
474,14:10:14,21.4,-0.01,1,2140,卖盘
475,14:10:04,21.41,-0.01,32,68512,卖盘
476,14:09:59,21.42,--,0,0,中性盘
477,14:09:53,21.42,0.02,1,2142,买盘
478,14:09:44,21.4,0.01,124,265360,买盘
479,14:09:39,21.39,0.04,20,42780,买盘
480,14:09:34,21.35,-0.02,5,10675,卖盘
481,14:09:29,21.37,-0.02,6,12822,卖盘
482,14:09:23,21.39,0.02,6,12834,买盘
483,14:09:08,21.37,0.02,115,245755,买盘
484,14:09:04,21.35,0.02,4,8540,买盘
485,14:08:44,21.33,0.01,4,8532,买盘
486,14:08:38,21.32,--,3,6396,卖盘
487,14:08:29,21.32,-0.01,13,27716,卖盘
488,14:08:23,21.33,0.02,5,10665,买盘
489,14:08:19,21.31,--,3,8268,卖盘
490,14:08:08,21.31,0.01,65,138515,买盘
491,14:07:59,21.3,--,1,2130,买盘
492,14:07:53,21.3,--,26,55380,买盘
493,14:07:49,21.3,0.01,4,8520,买盘
494,14:07:44,21.29,-0.01,55,117095,卖盘
495,14:07:39,21.3,--,1,2130,买盘
496,14:07:34,21.3,0.01,100,213000,买盘
497,14:07:29,21.29,-0.01,2,4258,卖盘
498,14:07:23,21.3,0.01,24,51120,买盘
499,14:06:59,21.29,--,1,2129,买盘
500,14:06:44,21.29,--,12,25548,卖盘
501,14:06:29,21.29,-0.01,19,40451,卖盘
502,14:06:23,21.3,--,136,289680,买盘
503,14:06:19,21.3,--,5,10650,买盘
504,14:06:14,21.3,0.01,43,91590,买盘
505,14:06:08,21.29,--,10,21290,卖盘
506,14:06:04,21.29,-0.01,100,212900,买盘
507,14:05:59,21.3,0.01,2,4260,买盘
508,14:05:53,21.29,--,0,0,卖盘
509,14:05:43,21.29,--,9,19161,买盘
510,14:05:34,21.29,0.01,5,10645,买盘
511,14:05:23,21.28,-0.01,2,4256,卖盘
512,14:05:02,21.29,--,9,19161,买盘
513,14:04:53,21.29,0.01,3,6387,买盘
514,14:04:38,21.28,--,1,2128,卖盘
515,14:04:33,21.28,0.03,1,2128,卖盘
516,14:04:28,21.25,--,0,0,卖盘
517,14:04:23,21.25,--,0,0,中性盘
518,14:04:13,21.25,--,0,0,中性盘
519,14:03:58,21.25,-0.03,6,12750,卖盘
520,14:03:53,21.28,0.03,9,19152,买盘
521,14:03:47,21.25,--,6,12750,卖盘
522,14:03:38,21.25,--,0,0,卖盘
523,14:03:32,21.25,--,15,31875,卖盘
524,14:03:28,21.25,0.1,5,10625,买盘
525,14:03:23,21.15,-0.07,103,217844,卖盘
526,14:03:17,21.22,-0.03,2,4244,卖盘
527,14:03:08,21.25,0.04,5,10625,买盘
528,14:02:53,21.21,--,30,63630,卖盘
529,14:02:47,21.21,-0.08,3,6363,卖盘
530,14:02:43,21.29,--,0,0,买盘
531,14:02:38,21.29,--,9,19161,买盘
532,14:02:28,21.29,--,15,31935,卖盘
533,14:02:23,21.29,0.08,1,2129,卖盘
534,14:02:13,21.21,--,0,0,卖盘
535,14:02:08,21.21,--,16,33936,卖盘
536,14:01:47,21.21,-0.08,7,14847,卖盘
537,14:01:32,21.29,-0.01,2,4258,卖盘
538,14:01:28,21.3,--,171,364230,卖盘
539,14:01:23,21.3,--,1,2130,卖盘
540,14:01:17,21.3,-0.01,20,42600,卖盘
541,14:01:08,21.31,0.01,10,21310,买盘
542,14:01:02,21.3,--,6,12780,卖盘
543,14:00:47,21.3,0.02,6,12780,中性盘
544,14:00:32,21.28,-0.02,36,76608,卖盘
545,14:00:17,21.3,--,3,6390,卖盘
546,14:00:02,21.3,--,50,106500,卖盘
547,13:59:58,21.3,-0.01,55,117150,卖盘
548,13:59:53,21.31,0.01,8,17048,中性盘
549,13:59:47,21.3,--,12,25560,卖盘
550,13:59:43,21.3,--,7,14910,卖盘
551,13:59:32,21.3,-0.02,201,428130,卖盘
552,13:59:28,21.32,0.01,301,641732,买盘
553,13:59:23,21.31,0.01,1,2131,买盘
554,13:59:17,21.3,--,4,8520,卖盘
555,13:59:08,21.3,-0.01,52,110760,卖盘
556,13:59:02,21.31,-0.01,37,78847,买盘
557,13:58:47,21.32,0.01,12,25584,买盘
558,13:58:43,21.31,0.01,1,2131,买盘
559,13:58:32,21.3,--,63,134190,卖盘
560,13:58:28,21.3,--,5,10650,卖盘
561,13:58:22,21.3,--,20,42600,卖盘
562,13:58:17,21.3,--,100,213000,卖盘
563,13:58:12,21.3,--,0,0,卖盘
564,13:58:07,21.3,--,172,366360,卖盘
565,13:57:57,21.3,-0.02,2,4260,卖盘
566,13:57:52,21.32,0.01,4,8528,买盘
567,13:57:47,21.31,--,8,17048,卖盘
568,13:57:32,21.31,--,2,4262,卖盘
569,13:57:26,21.31,--,12,27362,买盘
570,13:57:22,21.31,--,2,4602,卖盘
571,13:57:07,21.31,--,14,29834,卖盘
572,13:57:02,21.31,--,1,2131,卖盘
573,13:56:52,21.31,--,11,23441,卖盘
574,13:56:47,21.31,--,0,0,卖盘
575,13:56:37,21.31,--,5,10655,卖盘
576,13:56:22,21.31,--,2,4262,卖盘
577,13:56:17,21.31,--,15,33755,买盘
578,13:56:02,21.31,--,7,14917,买盘
579,13:55:56,21.31,--,8,17048,买盘
580,13:55:47,21.31,--,0,0,买盘
581,13:55:37,21.31,--,11,23441,买盘
582,13:55:32,21.31,0.01,10,21310,买盘
583,13:55:26,21.3,--,5,10990,卖盘
584,13:55:22,21.3,--,13,27690,卖盘
585,13:54:47,21.3,--,18,38340,卖盘
586,13:54:41,21.3,0.02,74,159409,买盘
587,13:54:37,21.28,-0.02,40,85460,卖盘
588,13:54:32,21.3,0.02,2,4260,买盘
589,13:54:26,21.28,-0.02,26,55328,卖盘
590,13:54:22,21.3,--,8,17040,买盘
591,13:54:17,21.3,--,2,4260,买盘
592,13:54:06,21.3,--,1,2130,卖盘
593,13:53:52,21.3,0.02,10,21300,买盘
594,13:53:47,21.28,--,4,8512,卖盘
595,13:53:32,21.28,-0.02,2,4256,卖盘
596,13:53:26,21.3,--,2,4260,卖盘
597,13:53:17,21.3,--,10,21300,卖盘
598,13:53:11,21.3,--,25,53250,买盘
599,13:53:02,21.3,--,1,2130,买盘
600,13:52:56,21.3,--,0,0,买盘
601,13:52:52,21.3,-0.01,124,264120,卖盘
602,13:52:47,21.31,-0.04,10,21310,卖盘
603,13:52:41,21.35,0.04,3,6405,买盘
604,13:52:37,21.31,--,16,34096,卖盘
605,13:52:26,21.31,-0.04,5,10655,卖盘
606,13:52:22,21.35,--,0,0,中性盘
607,13:52:17,21.35,--,2,4270,卖盘
608,13:52:11,21.35,0.05,3,6405,买盘
609,13:51:56,21.3,-0.05,3,6390,卖盘
610,13:51:46,21.35,0.05,1,2135,买盘
611,13:51:41,21.3,-0.05,10,21300,卖盘
612,13:51:37,21.35,0.05,27,57645,买盘
613,13:51:31,21.3,--,5,10650,卖盘
614,13:51:26,21.3,-0.04,73,155490,卖盘
615,13:51:22,21.34,0.04,10,21340,卖盘
616,13:51:16,21.3,--,3,6390,卖盘
617,13:51:11,21.3,--,11,23430,卖盘
618,13:51:01,21.3,--,18,38340,卖盘
619,13:50:56,21.3,-0.03,10,21300,卖盘
620,13:50:41,21.33,0.03,20,42660,买盘
621,13:50:35,21.3,--,10,21300,卖盘
622,13:50:31,21.3,-0.02,10,21300,卖盘
623,13:50:26,21.32,0.02,3,6396,买盘
624,13:50:20,21.3,-0.02,7,14910,卖盘
625,13:50:16,21.32,0.02,13,27716,买盘
626,13:50:11,21.3,--,0,0,中性盘
627,13:50:05,21.3,-0.02,13,27690,卖盘
628,13:50:01,21.32,0.04,29,61828,买盘
629,13:49:56,21.28,-0.02,110,234080,卖盘
630,13:49:50,21.3,--,54,115020,卖盘
631,13:49:46,21.3,--,7,14910,买盘
632,13:49:31,21.3,-0.02,16,34080,卖盘
633,13:49:26,21.32,0.02,23,49036,卖盘
634,13:49:16,21.3,--,6,12780,买盘
635,13:49:11,21.3,0.02,8,17040,买盘
636,13:49:01,21.28,--,46,99675,买盘
637,13:48:56,21.28,--,15,31920,买盘
638,13:48:46,21.28,0.07,2,4256,买盘
639,13:48:41,21.21,-0.06,1,2121,卖盘
640,13:48:31,21.27,0.06,29,61683,买盘
641,13:48:16,21.21,0.02,4,8484,买盘
642,13:48:05,21.19,-0.01,1,2119,卖盘
643,13:47:56,21.2,0.01,40,84800,买盘
644,13:47:46,21.19,-0.04,62,131378,卖盘
645,13:47:31,21.23,-0.09,7,14861,卖盘
646,13:47:20,21.32,--,37,79225,卖盘
647,13:47:16,21.32,0.02,45,97730,买盘
648,13:47:05,21.3,--,18,38680,卖盘
649,13:47:01,21.3,--,17,36210,卖盘
650,13:46:50,21.3,0.09,15,33739,买盘
651,13:46:45,21.21,--,12,25452,买盘
652,13:46:41,21.21,-0.09,35,74235,卖盘
653,13:46:35,21.3,--,4,8520,买盘
654,13:46:26,21.3,0.07,90,191700,买盘
655,13:46:16,21.23,0.02,10,21230,买盘
656,13:46:11,21.21,-0.02,19,40299,买盘
657,13:46:05,21.23,0.02,10,21230,买盘
658,13:46:01,21.21,--,0,0,买盘
659,13:45:56,21.21,-0.02,15,32154,卖盘
660,13:45:50,21.23,0.02,2,4246,买盘
661,13:45:46,21.21,-0.05,72,152712,卖盘
662,13:45:41,21.26,-0.01,17,36142,卖盘
663,13:45:35,21.27,0.01,2,4254,买盘
664,13:45:31,21.26,--,50,106300,卖盘
665,13:45:25,21.26,0.05,5,10630,卖盘
666,13:45:20,21.21,-0.01,71,152372,卖盘
667,13:45:16,21.22,-0.04,24,50928,卖盘
668,13:45:11,21.26,--,3,6378,买盘
669,13:45:05,21.26,--,0,0,买盘
670,13:45:01,21.26,0.09,3,6378,买盘
671,13:44:56,21.17,-0.06,153,323901,卖盘
672,13:44:50,21.23,0.01,1,2123,中性盘
673,13:44:46,21.22,-0.01,1,2122,卖盘
674,13:44:41,21.23,--,0,0,中性盘
675,13:44:35,21.23,--,9,19107,卖盘
676,13:44:25,21.23,0.05,52,110396,买盘
677,13:44:20,21.18,-0.03,6,12708,中性盘
678,13:44:15,21.21,--,130,275730,买盘
679,13:44:10,21.21,0.03,15,31815,买盘
680,13:44:00,21.18,-0.03,1,2118,中性盘
681,13:43:55,21.21,0.06,10,21210,买盘
682,13:43:50,21.15,-0.03,11,23265,卖盘
683,13:43:40,21.18,0.05,20,42360,买盘
684,13:43:35,21.13,-0.08,162,342306,卖盘
685,13:43:29,21.21,--,0,0,买盘
686,13:43:25,21.21,0.01,60,127260,买盘
687,13:43:20,21.2,0.02,10,21200,买盘
688,13:43:14,21.18,0.06,1,2118,买盘
689,13:43:10,21.12,--,0,0,卖盘
690,13:43:05,21.12,-0.08,4,8448,卖盘
691,13:42:59,21.2,0.08,16,33920,买盘
692,13:42:55,21.12,-0.08,184,388608,卖盘
693,13:42:50,21.2,0.02,5,10600,买盘
694,13:42:44,21.18,-0.02,9,19062,卖盘
695,13:42:40,21.2,--,58,122960,卖盘
696,13:42:35,21.2,-0.01,7,14840,卖盘
697,13:42:29,21.21,0.01,1,2121,买盘
698,13:42:25,21.2,-0.03,50,106000,卖盘
699,13:42:20,21.23,-0.02,10,21230,买盘
700,13:42:10,21.25,--,0,0,买盘
701,13:42:05,21.25,--,16,34000,卖盘
702,13:41:55,21.25,0.03,25,53125,买盘
703,13:41:50,21.22,--,0,0,中性盘
704,13:41:44,21.22,-0.03,2,4244,卖盘
705,13:41:40,21.25,--,13,27625,买盘
706,13:41:35,21.25,-0.01,141,299625,卖盘
707,13:41:29,21.26,0.01,10,21260,买盘
708,13:41:25,21.25,-0.05,59,125715,卖盘
709,13:41:20,21.3,--,25,53250,买盘
710,13:41:14,21.3,--,15,31950,买盘
711,13:41:10,21.3,-0.02,143,304590,卖盘
712,13:40:59,21.32,--,2,4264,卖盘
713,13:40:55,21.32,-0.01,33,70356,卖盘
714,13:40:50,21.33,-0.02,11,23462,卖盘
715,13:40:44,21.35,--,7,14945,卖盘
716,13:40:40,21.35,-0.01,2,4270,卖盘
717,13:40:35,21.36,--,58,123888,卖盘
718,13:40:29,21.36,--,30,64080,卖盘
719,13:40:24,21.36,--,20,42720,卖盘
720,13:40:20,21.36,--,29,61944,买盘
721,13:40:14,21.36,--,100,213600,买盘
722,13:40:10,21.36,-0.01,6,12816,卖盘
723,13:40:05,21.37,--,0,0,中性盘
724,13:39:44,21.37,-0.01,5,10685,卖盘
725,13:39:35,21.38,--,1,2138,买盘
726,13:39:29,21.38,-0.01,131,280078,卖盘
727,13:39:14,21.39,--,1,2139,卖盘
728,13:39:09,21.39,-0.01,1,2139,卖盘
729,13:39:04,21.4,--,1,2140,买盘
730,13:38:55,21.4,-0.06,2,4280,买盘
731,13:38:49,21.46,0.06,30,64380,买盘
732,13:38:40,21.4,--,2,4280,卖盘
733,13:38:34,21.4,0.01,4,8560,买盘
734,13:38:19,21.39,0.01,27,57753,买盘
735,13:38:04,21.38,-0.01,1,2138,卖盘
736,13:37:59,21.39,0.01,10,21390,买盘
737,13:37:34,21.38,--,1,2138,卖盘
738,13:37:29,21.38,0.05,11,23518,买盘
739,13:37:08,21.33,--,5,10665,卖盘
740,13:37:04,21.33,0.01,2,4266,中性盘
741,13:36:59,21.32,--,3,6396,卖盘
742,13:36:44,21.32,-0.03,7,14924,卖盘
743,13:36:38,21.35,-0.05,5,10675,中性盘
744,13:36:23,21.4,--,0,0,买盘
745,13:36:19,21.4,0.03,30,64199,买盘
746,13:36:14,21.37,-0.01,8,17096,卖盘
747,13:36:04,21.38,-0.02,6,12828,卖盘
748,13:35:44,21.4,-0.02,93,199020,卖盘
749,13:35:38,21.42,-0.03,49,104958,卖盘
750,13:35:34,21.45,--,2,4290,中性盘
751,13:35:29,21.45,--,2,4290,卖盘
752,13:35:23,21.45,--,1,2145,卖盘
753,13:35:19,21.45,--,12,25740,卖盘
754,13:35:14,21.45,-0.02,24,51480,卖盘
755,13:35:04,21.47,-0.01,2,4294,卖盘
756,13:34:49,21.48,--,0,0,买盘
757,13:34:44,21.48,0.02,1,2148,买盘
758,13:34:34,21.46,-0.02,13,27898,卖盘
759,13:34:29,21.48,--,1,2148,卖盘
760,13:34:08,21.48,0.03,2,4296,买盘
761,13:33:59,21.45,-0.03,15,32175,卖盘
762,13:33:44,21.48,--,69,148212,卖盘
763,13:33:34,21.48,-0.02,1,2148,卖盘
764,13:33:14,21.5,0.02,13,27950,买盘
765,13:32:59,21.48,--,10,21480,卖盘
766,13:32:53,21.48,0.03,10,21480,买盘
767,13:32:33,21.45,--,1,2145,卖盘
768,13:32:28,21.45,-0.03,23,49335,卖盘
769,13:32:18,21.48,-0.01,3,6444,卖盘
770,13:31:43,21.49,0.01,2,4298,买盘
771,13:31:34,21.48,-0.01,1,2148,卖盘
772,13:31:28,21.49,--,18,38682,卖盘
773,13:31:18,21.49,-0.01,5,10745,卖盘
774,13:31:13,21.5,--,25,53750,中性盘
775,13:30:53,21.5,--,0,0,中性盘
776,13:30:47,21.5,--,3,6450,卖盘
777,13:30:32,21.5,--,1,2150,卖盘
778,13:30:28,21.5,0.01,2,4300,卖盘
779,13:30:23,21.49,--,0,0,卖盘
780,13:30:08,21.49,-0.06,1,2149,卖盘
781,13:29:58,21.55,0.08,10,21550,买盘
782,13:29:53,21.47,--,0,0,卖盘
783,13:29:43,21.47,--,0,0,卖盘
784,13:29:38,21.47,--,0,0,卖盘
785,13:29:32,21.47,--,1,2147,卖盘
786,13:29:28,21.47,-0.02,16,34352,卖盘
787,13:29:17,21.49,--,4,8596,卖盘
788,13:29:13,21.49,--,11,23639,卖盘
789,13:29:08,21.49,0.02,2,4298,买盘
790,13:28:47,21.47,--,1,2147,卖盘
791,13:28:38,21.47,--,4,8588,卖盘
792,13:28:23,21.47,--,45,96615,买盘
793,13:28:17,21.47,--,0,0,买盘
794,13:28:13,21.47,--,5,10735,买盘
795,13:28:02,21.47,-0.1,1,2147,买盘
796,13:27:58,21.57,--,0,0,买盘
797,13:27:53,21.57,0.17,14,30198,买盘
798,13:27:47,21.4,-0.13,57,121979,卖盘
799,13:27:43,21.53,0.04,10,21530,买盘
800,13:27:38,21.49,-0.04,4,8596,卖盘
801,13:27:28,21.53,-0.06,11,23683,卖盘
802,13:27:23,21.59,--,0,0,买盘
803,13:27:08,21.59,0.05,2,4318,买盘
804,13:27:02,21.54,0.01,5,10770,买盘
805,13:26:58,21.53,-0.07,6,12918,中性盘
806,13:26:53,21.6,--,20,43200,买盘
807,13:26:43,21.6,0.07,63,136080,买盘
808,13:26:32,21.53,-0.07,31,66743,卖盘
809,13:26:28,21.6,--,9,19440,买盘
810,13:26:23,21.6,--,60,129600,卖盘
811,13:26:17,21.6,--,16,34560,卖盘
812,13:26:13,21.6,--,1,2160,卖盘
813,13:26:08,21.6,--,4,8640,卖盘
814,13:26:02,21.6,--,2,4320,卖盘
815,13:25:58,21.6,0.1,407,879120,买盘
816,13:25:53,21.5,--,2,4300,卖盘
817,13:25:47,21.5,-0.01,1,2150,卖盘
818,13:25:43,21.51,0.01,100,215100,卖盘
819,13:25:38,21.5,--,7,15050,卖盘
820,13:25:32,21.5,-0.01,60,129000,卖盘
821,13:25:28,21.51,--,167,359217,买盘
822,13:25:23,21.51,0.01,2,4302,买盘
823,13:25:12,21.5,--,123,265847,买盘
824,13:25:08,21.5,0.05,320,688000,买盘
825,13:25:02,21.45,0.01,38,81510,卖盘
826,13:24:43,21.44,0.04,12,25728,买盘
827,13:24:37,21.4,-0.01,7,14979,卖盘
828,13:24:27,21.41,-0.06,2,4282,中性盘
829,13:24:22,21.47,--,0,0,买盘
830,13:24:17,21.47,-0.02,1,2147,卖盘
831,13:24:13,21.49,--,25,53724,买盘
832,13:23:52,21.49,--,0,0,买盘
833,13:23:37,21.49,0.02,11,23639,买盘
834,13:23:32,21.47,0.09,28,60116,买盘
835,13:23:27,21.38,-0.09,7,14966,卖盘
836,13:23:17,21.47,0.05,153,328491,买盘
837,13:23:12,21.42,--,1,2142,买盘
838,13:22:52,21.42,--,19,40698,买盘
839,13:22:47,21.42,--,0,0,买盘
840,13:22:41,21.42,--,0,0,买盘
841,13:22:22,21.42,0.02,5,10710,卖盘
842,13:22:11,21.4,-0.05,2,4280,买盘
843,13:22:07,21.45,--,0,0,买盘
844,13:22:02,21.45,0.03,10,21450,买盘
845,13:21:52,21.42,--,2,5355,卖盘
846,13:21:47,21.42,0.03,197,423045,买盘
847,13:21:41,21.39,0.07,1,2139,买盘
848,13:21:32,21.32,--,0,0,卖盘
849,13:21:22,21.32,-0.07,2,4264,卖盘
850,13:21:17,21.39,0.08,1,2139,买盘
851,13:21:11,21.31,--,0,0,卖盘
852,13:21:07,21.31,--,16,34096,卖盘
853,13:21:02,21.31,--,5,10655,卖盘
854,13:20:56,21.31,--,0,0,中性盘
855,13:20:52,21.31,0.02,6,12786,中性盘
856,13:20:47,21.29,--,0,0,卖盘
857,13:20:41,21.29,-0.02,20,42580,卖盘
858,13:20:32,21.31,--,17,36227,买盘
859,13:20:21,21.31,--,0,0,卖盘
860,13:20:17,21.31,-0.09,11,23441,卖盘
861,13:20:11,21.4,--,0,0,买盘
862,13:20:07,21.4,0.1,2,4280,买盘
863,13:19:52,21.3,-0.1,96,204480,卖盘
864,13:19:47,21.4,0.1,159,340260,买盘
865,13:19:37,21.3,-0.01,5,10650,卖盘
866,13:19:32,21.31,--,15,31964,买盘
867,13:19:26,21.31,--,50,106550,买盘
868,13:19:22,21.31,--,18,38358,买盘
869,13:19:16,21.31,0.01,17,36227,买盘
870,13:19:11,21.3,-0.01,5,10650,卖盘
871,13:19:06,21.31,-0.05,81,172611,卖盘
872,13:19:02,21.36,0.05,10,21360,买盘
873,13:18:56,21.31,--,3,6393,卖盘
874,13:18:52,21.31,-0.05,19,40489,卖盘
875,13:18:41,21.36,0.05,6,12816,买盘
876,13:18:36,21.31,--,5,10655,卖盘
877,13:18:32,21.31,--,0,0,卖盘
878,13:18:26,21.31,-0.05,20,42620,卖盘
879,13:18:16,21.36,0.05,32,68352,买盘
880,13:18:06,21.31,-0.05,101,215231,卖盘
881,13:17:46,21.36,--,5,10680,卖盘
882,13:17:41,21.36,-0.04,5,10680,卖盘
883,13:17:26,21.4,0.03,3,6420,买盘
884,13:17:21,21.37,-0.03,2,4274,卖盘
885,13:17:06,21.4,-0.02,6,12840,卖盘
886,13:17:01,21.42,0.02,2,4284,买盘
887,13:16:51,21.4,--,5,10700,卖盘
888,13:16:26,21.4,-0.02,2,4280,卖盘
889,13:16:20,21.42,-0.03,70,149940,卖盘
890,13:16:11,21.45,0.03,30,64350,买盘
891,13:16:06,21.42,-0.01,30,64260,卖盘
892,13:15:46,21.43,-0.03,10,21430,卖盘
893,13:15:41,21.46,--,0,0,买盘
894,13:15:31,21.46,--,18,38628,买盘
895,13:15:16,21.46,0.01,8,17168,卖盘
896,13:15:11,21.45,--,0,0,卖盘
897,13:15:05,21.45,-0.05,2,4290,卖盘
898,13:15:01,21.5,--,24,51600,买盘
899,13:14:56,21.5,--,14,30100,买盘
900,13:14:50,21.5,0.05,5,10750,买盘
901,13:14:46,21.45,-0.01,1,2145,卖盘
902,13:14:41,21.46,--,0,0,中性盘
903,13:14:31,21.46,-0.04,6,12876,卖盘
904,13:14:26,21.5,--,0,0,买盘
905,13:14:20,21.5,0.01,7,15050,买盘
906,13:14:16,21.49,-0.01,10,21490,买盘
907,13:14:11,21.5,--,69,149102,卖盘
908,13:14:01,21.5,--,0,0,卖盘
909,13:13:50,21.5,--,3,7847,卖盘
910,13:13:41,21.5,0.05,80,172000,买盘
911,13:13:35,21.45,--,13,27885,卖盘
912,13:13:26,21.45,0.05,87,186615,买盘
913,13:13:01,21.4,--,6,12840,买盘
914,13:12:46,21.4,0.01,5,10700,买盘
915,13:12:41,21.39,0.04,9,19251,买盘
916,13:12:30,21.35,0.01,2,4270,卖盘
917,13:12:26,21.34,--,0,0,卖盘
918,13:12:11,21.34,--,7,14938,卖盘
919,13:12:05,21.34,0.01,1,2134,买盘
920,13:12:00,21.33,--,34,72522,买盘
921,13:11:56,21.33,0.01,10,21330,买盘
922,13:11:45,21.32,--,2,4264,卖盘
923,13:11:40,21.32,-0.01,11,23452,卖盘
924,13:11:35,21.33,--,1,2133,买盘
925,13:11:26,21.33,0.01,5,10665,中性盘
926,13:11:15,21.32,--,18,38376,卖盘
927,13:11:05,21.32,--,0,0,卖盘
928,13:11:00,21.32,-0.01,12,25584,卖盘
929,13:10:56,21.33,-0.06,2,4266,卖盘
930,13:10:45,21.39,0.06,1,2139,买盘
931,13:10:35,21.33,--,1,2133,卖盘
932,13:10:25,21.33,0.01,1,2133,中性盘
933,13:09:55,21.32,-0.07,2,4264,中性盘
934,13:09:50,21.39,0.08,1,2139,买盘
935,13:09:40,21.31,-0.08,13,27703,卖盘
936,13:09:15,21.39,0.08,13,27807,买盘
937,13:09:10,21.31,--,10,21310,卖盘
938,13:09:00,21.31,0.01,12,25572,中性盘
939,13:08:55,21.3,--,23,48990,卖盘
940,13:08:45,21.3,-0.01,9,19170,卖盘
941,13:08:40,21.31,0.01,7,14917,买盘
942,13:08:35,21.3,--,30,63900,卖盘
943,13:08:20,21.3,-0.01,30,63900,卖盘
944,13:08:10,21.31,--,5,10655,买盘
945,13:08:05,21.31,--,24,51144,卖盘
946,13:07:55,21.31,--,2,4262,卖盘
947,13:07:50,21.31,--,2,4262,卖盘
948,13:07:44,21.31,--,0,0,卖盘
949,13:07:40,21.31,-0.09,65,138515,卖盘
950,13:07:35,21.4,--,6,12840,卖盘
951,13:07:29,21.4,--,8,17120,卖盘
952,13:07:20,21.4,--,28,59919,卖盘
953,13:07:10,21.4,--,2,4280,卖盘
954,13:06:59,21.4,--,7,14979,卖盘
955,13:06:40,21.4,-0.02,4,8560,卖盘
956,13:06:19,21.42,0.02,2,4284,买盘
957,13:06:10,21.4,--,13,27819,卖盘
958,13:06:05,21.4,--,11,23540,卖盘
959,13:05:59,21.4,--,3,6420,卖盘
960,13:05:49,21.4,0.01,15,32099,买盘
961,13:05:10,21.39,-0.01,88,188232,卖盘
962,13:04:50,21.4,-0.02,25,53500,卖盘
963,13:04:35,21.42,-0.01,3,6426,卖盘
964,13:04:24,21.43,--,5,10715,买盘
965,13:04:09,21.43,--,0,0,中性盘
966,13:04:04,21.43,-0.02,4,8572,卖盘
967,13:03:54,21.45,0.02,7,15015,买盘
968,13:03:49,21.43,-0.02,16,34288,卖盘
969,13:03:34,21.45,--,4,8580,卖盘
970,13:03:24,21.45,--,1,2145,卖盘
971,13:03:09,21.45,--,6,12870,卖盘
972,13:03:04,21.45,--,7,15015,卖盘
973,13:02:49,21.45,--,24,51480,卖盘
974,13:02:24,21.45,--,1,2145,卖盘
975,13:02:04,21.45,--,2,4290,卖盘
976,13:01:54,21.45,-0.01,2,4290,卖盘
977,13:01:49,21.46,-0.04,7,15022,卖盘
978,13:01:44,21.5,--,4,8600,买盘
979,13:01:39,21.5,0.05,8,17200,买盘
980,13:01:34,21.45,-0.05,100,214500,卖盘
981,13:01:19,21.5,0.04,12,25800,买盘
982,13:01:14,21.46,-0.04,10,21460,卖盘
983,13:01:08,21.5,--,4,8600,买盘
984,13:00:59,21.5,--,5,10750,中性盘
985,13:00:52,21.5,--,4,8600,卖盘
986,13:00:49,21.5,--,4,8600,卖盘
987,13:00:44,21.5,0.04,2,4300,卖盘
988,13:00:14,21.46,--,0,0,卖盘
989,13:00:08,21.46,--,5,10730,卖盘
990,13:00:04,21.46,0.01,185,397010,买盘
991,11:30:00,21.45,--,0,0,卖盘
992,11:29:59,21.45,--,0,0,卖盘
993,11:29:59,21.45,-0.01,5,10725,卖盘
994,11:29:45,21.46,--,0,0,中性盘
995,11:29:35,21.46,--,2,4292,卖盘
996,11:29:30,21.46,--,50,107300,卖盘
997,11:29:20,21.46,-0.04,3,6438,卖盘
998,11:29:15,21.5,--,14,30100,买盘
999,11:29:05,21.5,--,0,0,买盘
1000,11:29:00,21.5,0.05,6,12900,买盘
1001,11:28:54,21.45,-0.01,27,57915,卖盘
1002,11:28:50,21.46,-0.01,7,15022,卖盘
1003,11:28:45,21.47,--,0,0,中性盘
1004,11:28:39,21.47,-0.03,3,6441,卖盘
1005,11:28:34,21.5,--,1,2150,买盘
1006,11:28:30,21.5,-0.01,11,23650,卖盘
1007,11:28:20,21.51,-0.02,7,15057,卖盘
1008,11:28:05,21.53,--,0,0,中性盘
1009,11:28:00,21.53,-0.02,5,10765,卖盘
1010,11:27:30,21.55,-0.05,1,2155,卖盘
1011,11:27:24,21.6,0.05,163,352080,买盘
1012,11:27:20,21.55,--,9,19395,卖盘
1013,11:27:15,21.55,-0.03,2,4310,卖盘
1014,11:27:09,21.58,--,21,45318,买盘
1015,11:27:05,21.58,0.04,15,32369,买盘
1016,11:27:00,21.54,-0.04,167,359718,卖盘
1017,11:26:54,21.58,--,15,32369,卖盘
1018,11:26:50,21.58,0.01,15,32369,卖盘
1019,11:26:39,21.57,--,0,0,卖盘
1020,11:26:35,21.57,-0.01,11,23727,卖盘
1021,11:26:24,21.58,-0.02,5,10790,中性盘
1022,11:26:09,21.6,0.02,32,69120,买盘
1023,11:26:00,21.58,-0.02,8,17264,卖盘
1024,11:25:54,21.6,--,5,10800,卖盘
1025,11:25:50,21.6,--,2,4320,卖盘
1026,11:25:44,21.6,--,5,10800,卖盘
1027,11:25:39,21.6,-0.01,99,213840,卖盘
1028,11:25:29,21.61,0.01,34,73474,买盘
1029,11:25:24,21.6,--,4,8640,卖盘
1030,11:25:19,21.6,--,5,10800,卖盘
1031,11:25:09,21.6,0.02,6,12960,卖盘
1032,11:25:05,21.58,--,2,4316,卖盘
1033,11:24:59,21.58,--,6,12947,卖盘
1034,11:24:54,21.58,-0.03,2,4316,中性盘
1035,11:24:49,21.61,0.04,100,216100,买盘
1036,11:24:44,21.57,-0.04,5,10785,卖盘
1037,11:24:39,21.61,-0.04,55,118855,卖盘
1038,11:24:34,21.65,0.01,32,69280,买盘
1039,11:24:29,21.64,--,4,8656,卖盘
1040,11:24:24,21.64,-0.02,1,2164,卖盘
1041,11:24:19,21.66,--,0,0,买盘
1042,11:24:14,21.66,0.02,100,216600,买盘
1043,11:24:05,21.64,0.03,39,84396,买盘
1044,11:23:59,21.61,0.01,6,12966,买盘
1045,11:23:54,21.6,-0.04,5,10800,卖盘
1046,11:23:49,21.64,-0.01,2,4328,买盘
1047,11:23:39,21.65,--,0,0,买盘
1048,11:23:34,21.65,0.08,10,21650,买盘
1049,11:23:29,21.57,-0.03,3,6471,卖盘
1050,11:23:24,21.6,--,9,19440,卖盘
1051,11:23:19,21.6,-0.05,54,116640,卖盘
1052,11:23:14,21.65,0.05,13,28144,买盘
1053,11:23:09,21.6,--,32,69120,卖盘
1054,11:23:04,21.6,--,1,2160,卖盘
1055,11:22:44,21.6,-0.04,16,34560,卖盘
1056,11:22:34,21.64,0.04,8,17312,买盘
1057,11:22:29,21.6,--,8,17280,卖盘
1058,11:22:19,21.6,0.04,41,88560,买盘
1059,11:22:14,21.56,-0.02,22,49243,卖盘
1060,11:22:09,21.58,0.02,41,88478,买盘
1061,11:22:04,21.56,--,1,2156,卖盘
1062,11:21:59,21.56,--,1,2156,卖盘
1063,11:21:54,21.56,--,10,21560,卖盘
1064,11:21:49,21.56,--,2,4312,卖盘
1065,11:21:44,21.56,0.02,123,265188,买盘
1066,11:21:39,21.54,-0.01,6,12924,卖盘
1067,11:21:33,21.55,--,11,23705,卖盘
1068,11:21:29,21.55,0.01,5,10775,中性盘
1069,11:21:24,21.54,-0.02,24,51696,卖盘
1070,11:21:14,21.56,-0.01,2,4312,中性盘
1071,11:21:09,21.57,--,72,155304,买盘
1072,11:20:59,21.57,--,4,8628,买盘
1073,11:20:54,21.57,-0.01,27,58239,卖盘
1074,11:20:48,21.58,0.02,14,30211,买盘
1075,11:20:39,21.56,--,0,0,卖盘
1076,11:20:33,21.56,--,4,8624,卖盘
1077,11:20:29,21.56,-0.01,105,226380,卖盘
1078,11:20:24,21.57,0.01,2,4314,买盘
1079,11:20:18,21.56,0.01,5,10780,卖盘
1080,11:20:14,21.55,0.01,4,8620,买盘
1081,11:20:09,21.54,-0.01,2,4308,卖盘
1082,11:20:03,21.55,-0.01,3,6465,中性盘
1083,11:19:59,21.56,0.02,20,43120,买盘
1084,11:19:54,21.54,--,1,2154,卖盘
1085,11:19:44,21.54,-0.01,1,2154,卖盘
1086,11:19:39,21.55,0.01,35,75425,买盘
1087,11:19:29,21.54,--,22,47388,卖盘
1088,11:19:24,21.54,-0.01,2,4308,卖盘
1089,11:19:14,21.55,--,11,23705,买盘
1090,11:19:09,21.55,--,3,6465,买盘
1091,11:18:59,21.55,0.01,53,114215,买盘
1092,11:18:54,21.54,-0.01,4,8616,卖盘
1093,11:18:48,21.55,--,0,0,买盘
1094,11:18:44,21.55,--,15,32325,买盘
1095,11:18:39,21.55,0.03,32,68960,买盘
1096,11:18:29,21.52,-0.03,5,10760,卖盘
1097,11:18:24,21.55,--,0,0,买盘
1098,11:18:14,21.55,--,0,0,买盘
1099,11:18:09,21.55,--,150,323250,买盘
1100,11:18:03,21.55,0.01,2,4310,买盘
1101,11:17:54,21.54,0.06,65,140010,买盘
1102,11:17:48,21.48,0.01,5,10740,卖盘
1103,11:17:39,21.47,--,2,4294,卖盘
1104,11:17:23,21.47,--,24,51528,卖盘
1105,11:17:13,21.47,-0.05,10,21470,卖盘
1106,11:17:08,21.52,0.05,1,2152,中性盘
1107,11:16:58,21.47,0.01,80,171760,买盘
1108,11:16:53,21.46,-0.06,37,79402,卖盘
1109,11:16:44,21.52,0.06,283,609016,买盘
1110,11:16:38,21.46,-0.01,340,729640,卖盘
1111,11:16:28,21.47,--,61,130967,卖盘
1112,11:16:18,21.47,-0.02,3,6441,卖盘
1113,11:16:13,21.49,--,1,2149,买盘
1114,11:16:08,21.49,0.02,20,42980,买盘
1115,11:15:48,21.47,-0.02,5,10735,卖盘
1116,11:15:43,21.49,--,48,103151,买盘
1117,11:15:33,21.49,0.02,3,6446,买盘
1118,11:15:28,21.47,--,5,10735,卖盘
1119,11:15:23,21.47,--,3,6441,卖盘
1120,11:15:18,21.47,--,10,21470,卖盘
1121,11:15:13,21.47,-0.02,11,23617,卖盘
1122,11:15:08,21.49,--,2,4298,买盘
1123,11:15:03,21.49,--,30,64469,买盘
1124,11:14:58,21.49,--,29,62320,买盘
1125,11:14:43,21.49,--,1,2149,买盘
1126,11:14:38,21.49,--,2,4298,买盘
1127,11:14:32,21.49,0.02,13,27936,买盘
1128,11:14:28,21.47,--,0,0,卖盘
1129,11:14:23,21.47,--,57,122379,卖盘
1130,11:14:18,21.47,--,5,10735,卖盘
1131,11:14:08,21.47,--,10,21470,卖盘
1132,11:14:03,21.47,0.02,21,45087,买盘
1133,11:13:53,21.45,--,1,2145,卖盘
1134,11:13:43,21.45,--,98,210210,卖盘
1135,11:13:33,21.45,0.02,32,68640,买盘
1136,11:13:23,21.43,--,6,12858,卖盘
1137,11:13:18,21.43,--,63,135009,卖盘
1138,11:13:03,21.43,--,9,19287,卖盘
1139,11:12:57,21.43,--,0,0,卖盘
1140,11:12:53,21.43,-0.04,26,55718,卖盘
1141,11:12:42,21.47,-0.01,1,2147,买盘
1142,11:12:38,21.48,--,0,0,买盘
1143,11:12:33,21.48,0.05,46,98808,买盘
1144,11:12:27,21.43,-0.05,30,64290,卖盘
1145,11:12:23,21.48,0.05,7,15036,买盘
1146,11:12:18,21.43,-0.05,10,21430,中性盘
1147,11:12:03,21.48,--,36,77328,买盘
1148,11:11:53,21.48,--,0,0,买盘
1149,11:11:48,21.48,--,15,32220,买盘
1150,11:11:42,21.48,--,1,2148,买盘
1151,11:11:38,21.48,-0.02,43,92364,卖盘
1152,11:11:33,21.5,0.02,203,436450,买盘
1153,11:11:27,21.48,--,10,21480,卖盘
1154,11:11:22,21.48,--,5,10740,卖盘
1155,11:11:18,21.48,--,11,23628,卖盘
1156,11:11:12,21.48,0.06,98,210504,买盘
1157,11:11:08,21.42,-0.06,7,14994,卖盘
1158,11:11:03,21.48,--,30,64440,买盘
1159,11:10:57,21.48,--,2,4296,买盘
1160,11:10:53,21.48,--,12,25776,买盘
1161,11:10:48,21.48,0.01,33,70884,买盘
1162,11:10:42,21.47,-0.01,5,10735,卖盘
1163,11:10:38,21.48,--,20,42960,买盘
1164,11:10:33,21.48,--,32,68736,买盘
1165,11:10:22,21.48,--,53,113844,买盘
1166,11:10:17,21.48,--,28,60144,买盘
1167,11:10:12,21.48,-0.02,1,2148,买盘
1168,11:10:08,21.5,0.01,27,58050,买盘
1169,11:10:02,21.49,--,40,85960,买盘
1170,11:09:41,21.49,--,0,0,买盘
1171,11:09:38,21.49,0.03,13,27936,买盘
1172,11:09:22,21.46,0.01,14,30044,买盘
1173,11:09:17,21.45,--,13,27885,卖盘
1174,11:09:02,21.45,0.02,15,32175,买盘
1175,11:08:57,21.43,--,2,4286,买盘
1176,11:08:52,21.43,-0.02,1,2143,中性盘
1177,11:08:47,21.45,--,11,23595,买盘
1178,11:08:42,21.45,--,0,0,买盘
1179,11:08:32,21.45,--,0,0,买盘
1180,11:08:27,21.45,0.04,7,15015,买盘
1181,11:08:17,21.41,--,9,19269,卖盘
1182,11:08:12,21.41,0.01,48,103388,买盘
1183,11:08:02,21.4,0.01,30,64199,买盘
1184,11:07:52,21.39,-0.01,6,12834,中性盘
1185,11:07:47,21.4,--,32,68480,买盘
1186,11:07:42,21.4,--,10,21400,买盘
1187,11:07:32,21.4,-0.01,30,64199,买盘
1188,11:07:22,21.41,--,115,247735,卖盘
1189,11:07:17,21.41,--,36,77696,买盘
1190,11:07:02,21.41,--,31,66371,买盘
1191,11:06:57,21.41,--,1,2141,买盘
1192,11:06:52,21.41,--,70,151390,卖盘
1193,11:06:47,21.41,--,3,6423,卖盘
1194,11:06:41,21.41,0.01,26,56286,买盘
1195,11:06:32,21.4,0.03,16,34240,买盘
1196,11:06:22,21.37,-0.03,3,6411,卖盘
1197,11:06:17,21.4,--,1,2140,买盘
1198,11:06:02,21.4,--,30,64199,买盘
1199,11:05:47,21.4,--,10,21400,买盘
1200,11:05:27,21.4,--,0,0,买盘
1201,11:05:22,21.4,0.03,6,12840,买盘
1202,11:05:17,21.37,0.01,4,8548,卖盘
1203,11:05:12,21.36,--,0,0,卖盘
1204,11:05:01,21.36,--,46,98256,买盘
1205,11:04:51,21.36,-0.05,5,10680,卖盘
1206,11:04:46,21.41,0.02,100,214100,买盘
1207,11:04:42,21.39,--,6,12834,买盘
1208,11:04:36,21.39,0.03,5,10695,买盘
1209,11:04:32,21.36,-0.03,1,2136,中性盘
1210,11:04:26,21.39,0.07,10,21390,买盘
1211,11:04:21,21.32,0.01,20,42640,中性盘
1212,11:04:16,21.31,-0.04,54,115074,卖盘
1213,11:04:12,21.35,--,10,21350,卖盘
1214,11:04:01,21.35,0.04,7,14945,买盘
1215,11:03:57,21.31,-0.03,108,230148,卖盘
1216,11:03:46,21.34,-0.01,2,4268,中性盘
1217,11:03:42,21.35,--,52,111020,买盘
1218,11:03:27,21.35,0.03,55,117425,买盘
1219,11:03:21,21.32,0.01,8,17056,买盘
1220,11:03:01,21.31,-0.01,10,21310,卖盘
1221,11:02:56,21.32,--,0,0,买盘
1222,11:02:51,21.32,--,0,0,中性盘
1223,11:02:46,21.32,0.02,3,6396,买盘
1224,11:02:42,21.3,--,0,0,卖盘
1225,11:02:35,21.3,-0.02,27,57510,卖盘
1226,11:02:31,21.32,0.02,32,68224,买盘
1227,11:02:26,21.3,-0.02,42,89460,卖盘
1228,11:02:21,21.32,0.02,4,8528,买盘
1229,11:02:16,21.3,-0.02,72,153360,卖盘
1230,11:02:11,21.32,0.02,16,34112,买盘
1231,11:02:06,21.3,-0.02,150,319500,卖盘
1232,11:02:01,21.32,--,5,10660,中性盘
1233,11:01:46,21.32,--,0,0,卖盘
1234,11:01:36,21.32,-0.03,84,179088,卖盘
1235,11:01:31,21.35,0.02,19,40565,买盘
1236,11:01:26,21.33,--,9,19197,卖盘
1237,11:01:16,21.33,--,121,258092,卖盘
1238,11:01:11,21.33,-0.02,60,127979,卖盘
1239,11:01:01,21.35,--,30,64050,买盘
1240,11:00:56,21.35,-0.01,34,72590,卖盘
1241,11:00:50,21.36,0.01,17,36312,买盘
1242,11:00:41,21.35,--,12,25620,卖盘
1243,11:00:36,21.35,--,5,10675,卖盘
1244,11:00:26,21.35,0.01,6,12810,买盘
1245,11:00:21,21.34,--,1,2134,卖盘
1246,11:00:16,21.34,-0.01,15,32010,卖盘
1247,11:00:11,21.35,--,45,96075,卖盘
1248,11:00:06,21.35,--,5,10675,卖盘
1249,10:59:51,21.35,--,0,0,卖盘
1250,10:59:46,21.35,0.01,1,2135,中性盘
1251,10:59:41,21.34,-0.01,70,149380,卖盘
1252,10:59:36,21.35,--,2,4270,卖盘
1253,10:59:31,21.35,0.01,40,85400,买盘
1254,10:59:26,21.34,--,50,106700,卖盘
1255,10:59:20,21.34,--,3,6402,卖盘
1256,10:59:16,21.34,--,1,2134,卖盘
1257,10:59:11,21.34,--,79,168586,卖盘
1258,10:59:05,21.34,--,1,2134,卖盘
1259,10:59:01,21.34,-0.01,62,132308,卖盘
1260,10:58:56,21.35,-0.05,199,424865,卖盘
1261,10:58:51,21.4,--,0,0,买盘
1262,10:58:46,21.4,--,125,267500,买盘
1263,10:58:41,21.4,--,3,6420,买盘
1264,10:58:36,21.4,--,19,40660,卖盘
1265,10:58:31,21.4,-0.01,19,40660,卖盘
1266,10:58:26,21.41,--,54,115614,买盘
1267,10:58:20,21.41,0.01,20,42820,买盘
1268,10:58:16,21.4,-0.05,95,205033,卖盘
1269,10:58:11,21.45,0.03,74,159352,买盘
1270,10:58:01,21.42,--,145,310590,买盘
1271,10:57:56,21.42,0.02,13,27846,买盘
1272,10:57:51,21.4,-0.05,2,4280,卖盘
1273,10:57:46,21.45,--,0,0,买盘
1274,10:57:41,21.45,0.05,20,42900,买盘
1275,10:57:30,21.4,--,1,2140,买盘
1276,10:57:26,21.4,--,0,0,买盘
1277,10:57:21,21.4,0.08,40,85600,买盘
1278,10:57:16,21.32,0.02,26,55432,买盘
1279,10:57:11,21.3,--,54,116809,买盘
1280,10:57:06,21.3,0.01,10,21300,买盘
1281,10:57:01,21.29,--,19,40451,卖盘
1282,10:56:56,21.29,0.07,32,68128,买盘
1283,10:56:51,21.22,-0.04,3,6366,卖盘
1284,10:56:45,21.26,--,18,38268,卖盘
1285,10:56:41,21.26,--,3,6378,卖盘
1286,10:56:36,21.26,0.04,4,8504,中性盘
1287,10:56:26,21.22,--,2,4244,买盘
1288,10:56:20,21.22,-0.06,99,210078,卖盘
1289,10:56:15,21.28,0.06,11,23408,买盘
1290,10:56:11,21.22,-0.06,14,29708,卖盘
1291,10:56:06,21.28,--,3,6384,买盘
1292,10:55:55,21.28,0.08,24,51072,买盘
1293,10:55:51,21.2,--,0,0,中性盘
1294,10:55:40,21.2,0.03,15,31800,买盘
1295,10:55:36,21.17,0.02,6,12702,买盘
1296,10:55:30,21.15,--,3,6345,卖盘
1297,10:55:25,21.15,0.02,16,33840,买盘
1298,10:55:20,21.13,-0.01,7,14791,中性盘
1299,10:55:10,21.14,0.05,166,352446,买盘
1300,10:55:06,21.09,-0.01,75,158175,卖盘
1301,10:55:00,21.1,0.01,21,44310,买盘
1302,10:54:55,21.09,-0.01,73,153957,卖盘
1303,10:54:50,21.1,--,88,185680,买盘
1304,10:54:45,21.1,--,3,6330,买盘
1305,10:54:40,21.1,-0.01,67,141370,卖盘
1306,10:54:35,21.11,-0.03,37,78107,卖盘
1307,10:54:30,21.14,--,1,2114,买盘
1308,10:54:25,21.14,0.03,51,107814,买盘
1309,10:54:19,21.11,-0.03,55,116105,卖盘
1310,10:54:10,21.14,-0.03,70,147980,卖盘
1311,10:54:05,21.17,-0.03,44,93148,卖盘
1312,10:53:55,21.2,--,10,21200,买盘
1313,10:53:50,21.2,--,2,4240,买盘
1314,10:53:40,21.2,-0.08,88,186560,卖盘
1315,10:53:35,21.28,-0.02,2,4256,中性盘
1316,10:53:30,21.3,--,0,0,买盘
1317,10:53:25,21.3,--,100,213000,买盘
1318,10:53:20,21.3,-0.01,156,332620,卖盘
1319,10:53:15,21.31,-0.01,21,44751,卖盘
1320,10:53:05,21.32,--,0,0,中性盘
1321,10:53:00,21.32,-0.04,25,53300,卖盘
1322,10:52:55,21.36,--,83,179210,卖盘
1323,10:52:50,21.36,--,8,17301,买盘
1324,10:52:45,21.36,--,10,23282,卖盘
1325,10:52:35,21.36,--,7,14952,卖盘
1326,10:52:25,21.36,0.02,27,57885,买盘
1327,10:52:20,21.34,-0.02,17,36278,卖盘
1328,10:52:15,21.36,--,0,0,买盘
1329,10:52:10,21.36,0.01,16,34176,买盘
1330,10:52:05,21.35,--,7,14945,卖盘
1331,10:52:00,21.35,--,3,6405,卖盘
1332,10:51:55,21.35,0.01,12,25620,买盘
1333,10:51:50,21.34,-0.01,2,4268,卖盘
1334,10:51:40,21.35,--,8,17080,卖盘
1335,10:51:30,21.35,--,20,42700,卖盘
1336,10:51:25,21.35,--,14,29890,买盘
1337,10:51:20,21.35,--,28,59780,卖盘
1338,10:51:10,21.35,--,24,51240,卖盘
1339,10:51:00,21.35,--,10,21350,卖盘
1340,10:50:55,21.35,-0.01,10,21350,买盘
1341,10:50:50,21.36,0.04,27,57672,买盘
1342,10:50:45,21.32,--,0,0,卖盘
1343,10:50:40,21.32,-0.03,18,38376,卖盘
1344,10:50:30,21.35,-0.01,1,2135,卖盘
1345,10:50:24,21.36,0.01,31,66216,买盘
1346,10:50:20,21.35,-0.01,42,89670,卖盘
1347,10:50:10,21.36,0.01,32,68352,买盘
1348,10:50:05,21.35,--,0,0,中性盘
1349,10:49:55,21.35,-0.01,37,78995,卖盘
1350,10:49:50,21.36,--,42,89712,卖盘
1351,10:49:44,21.36,-0.02,1,2136,卖盘
1352,10:49:35,21.38,--,13,27794,买盘
1353,10:49:29,21.38,--,33,72071,卖盘
1354,10:49:24,21.38,--,0,0,卖盘
1355,10:49:20,21.38,-0.02,140,299320,卖盘
1356,10:49:09,21.4,-0.01,47,100580,卖盘
1357,10:49:05,21.41,-0.01,39,83499,卖盘
1358,10:49:00,21.42,-0.01,37,79254,卖盘
1359,10:48:45,21.43,-0.01,30,64290,卖盘
1360,10:48:34,21.44,--,2,4288,卖盘
1361,10:48:29,21.44,-0.01,79,169376,卖盘
1362,10:48:19,21.45,--,5,10725,卖盘
1363,10:48:14,21.45,-0.03,9,19305,卖盘
1364,10:47:59,21.48,--,30,64440,买盘
1365,10:47:49,21.48,--,8,17184,买盘
1366,10:47:44,21.48,--,20,42960,卖盘
1367,10:47:38,21.48,-0.01,6,12888,卖盘
1368,10:47:34,21.49,--,4,8596,卖盘
1369,10:47:29,21.49,0.01,26,55873,买盘
1370,10:47:24,21.48,--,19,40812,买盘
1371,10:47:19,21.48,--,15,32220,买盘
1372,10:47:14,21.48,-0.01,33,70884,卖盘
1373,10:47:04,21.49,0.01,11,23639,买盘
1374,10:46:59,21.48,--,4,8592,卖盘
1375,10:46:54,21.48,--,3,6444,买盘
1376,10:46:49,21.48,--,12,25776,买盘
1377,10:46:29,21.48,0.05,41,88068,买盘
1378,10:46:19,21.43,-0.04,29,62147,卖盘
1379,10:46:14,21.47,--,10,21470,买盘
1380,10:46:04,21.47,--,12,25764,买盘
1381,10:45:59,21.47,0.02,35,75145,买盘
1382,10:45:49,21.45,-0.02,5,10725,卖盘
1383,10:45:44,21.47,0.04,16,34352,买盘
1384,10:45:29,21.43,0.01,12,25716,买盘
1385,10:45:19,21.42,--,0,0,卖盘
1386,10:45:14,21.42,-0.01,25,53550,卖盘
1387,10:45:09,21.43,0.01,0,621,买盘
1388,10:45:04,21.42,-0.01,134,287028,卖盘
1389,10:44:53,21.43,--,34,72862,买盘
1390,10:44:49,21.43,--,69,147867,卖盘
1391,10:44:43,21.43,--,0,0,卖盘
1392,10:44:38,21.43,--,0,0,卖盘
1393,10:44:29,21.43,--,17,36431,卖盘
1394,10:44:14,21.43,--,50,107150,卖盘
1395,10:44:04,21.43,--,7,15001,卖盘
1396,10:43:48,21.43,--,1,2143,卖盘
1397,10:43:43,21.43,0.01,134,287162,买盘
1398,10:43:39,21.42,--,22,47124,卖盘
1399,10:43:34,21.42,-0.01,74,158508,卖盘
1400,10:43:28,21.43,--,12,25716,买盘
1401,10:43:19,21.43,0.01,6,12858,买盘
1402,10:43:09,21.42,--,6,12852,卖盘
1403,10:43:03,21.42,--,11,23562,买盘
1404,10:42:58,21.42,0.01,2,4284,买盘
1405,10:42:53,21.41,-0.01,33,70653,卖盘
1406,10:42:44,21.42,--,5,10710,买盘
1407,10:42:38,21.42,0.02,2,4284,买盘
1408,10:42:34,21.4,-0.02,1,2140,卖盘
1409,10:42:29,21.42,0.01,6,12852,买盘
1410,10:42:24,21.41,-0.01,30,64230,中性盘
1411,10:42:19,21.42,--,2,4284,买盘
1412,10:42:13,21.42,--,1,2142,买盘
1413,10:42:08,21.42,0.02,10,21420,买盘
1414,10:42:04,21.4,--,6,12840,卖盘
1415,10:41:58,21.4,--,10,21400,卖盘
1416,10:41:54,21.4,--,10,21400,卖盘
1417,10:41:47,21.4,--,12,25680,卖盘
1418,10:41:44,21.4,--,15,32099,卖盘
1419,10:41:33,21.4,-0.01,6,12840,卖盘
1420,10:41:28,21.41,0.01,21,44961,中性盘
1421,10:41:23,21.4,--,5,10700,卖盘
1422,10:41:18,21.4,--,19,40660,卖盘
1423,10:41:13,21.4,--,2,4280,卖盘
1424,10:41:03,21.4,-0.02,70,149800,卖盘
1425,10:40:58,21.42,0.02,3,6426,买盘
1426,10:40:53,21.4,--,15,32099,卖盘
1427,10:40:43,21.4,--,15,32099,卖盘
1428,10:40:37,21.4,--,18,38520,卖盘
1429,10:40:28,21.4,--,22,47080,卖盘
1430,10:40:17,21.4,-0.01,5,10700,卖盘
1431,10:40:13,21.41,0.01,22,47102,买盘
1432,10:40:07,21.4,-0.01,6,12840,卖盘
1433,10:39:58,21.41,-0.04,32,68512,卖盘
1434,10:39:52,21.45,0.02,31,66495,买盘
1435,10:39:47,21.43,-0.02,14,30002,卖盘
1436,10:39:43,21.45,--,11,23595,买盘
1437,10:39:37,21.45,-0.01,48,102960,卖盘
1438,10:39:32,21.46,-0.03,5,10730,卖盘
1439,10:39:28,21.49,0.04,12,25787,买盘
1440,10:39:22,21.45,--,0,0,卖盘
1441,10:39:13,21.45,--,6,12870,卖盘
1442,10:39:07,21.45,0.02,4,8580,买盘
1443,10:39:02,21.43,--,8,17144,卖盘
1444,10:38:52,21.43,0.01,73,156439,买盘
1445,10:38:43,21.42,0.04,7,14994,买盘
1446,10:38:37,21.38,--,31,66278,卖盘
1447,10:38:32,21.38,0.02,10,21380,买盘
1448,10:38:22,21.36,0.05,4,8544,买盘
1449,10:38:17,21.31,--,1,2131,卖盘
1450,10:38:13,21.31,-0.04,109,232279,卖盘
1451,10:38:07,21.35,0.03,21,44835,卖盘
1452,10:37:52,21.32,--,0,0,卖盘
1453,10:37:43,21.32,-0.04,5,10660,卖盘
1454,10:37:37,21.36,0.01,64,136704,买盘
1455,10:37:22,21.35,-0.01,22,46970,中性盘
1456,10:37:17,21.36,0.04,5,10680,买盘
1457,10:37:13,21.32,--,3,6396,卖盘
1458,10:37:07,21.32,-0.01,45,95940,卖盘
1459,10:37:02,21.33,-0.02,25,53324,卖盘
1460,10:36:58,21.35,-0.01,7,14945,卖盘
1461,10:36:52,21.36,0.04,78,166608,买盘
1462,10:36:43,21.32,-0.01,24,51168,卖盘
1463,10:36:37,21.33,-0.02,16,34128,卖盘
1464,10:36:32,21.35,0.04,223,476105,买盘
1465,10:36:28,21.31,-0.01,7,14917,中性盘
1466,10:36:22,21.32,--,40,85280,买盘
1467,10:36:17,21.32,--,7,14924,卖盘
1468,10:36:13,21.32,--,20,44430,卖盘
1469,10:36:07,21.32,--,91,194012,卖盘
1470,10:36:02,21.32,-0.03,8,17056,中性盘
1471,10:35:58,21.35,0.04,2,4270,买盘
1472,10:35:52,21.31,-0.05,172,366532,卖盘
1473,10:35:43,21.36,-0.01,64,136704,卖盘
1474,10:35:37,21.37,--,14,29918,买盘
1475,10:35:32,21.37,-0.01,13,27781,卖盘
1476,10:35:28,21.38,-0.02,22,47036,卖盘
1477,10:35:22,21.4,--,44,94160,买盘
1478,10:35:12,21.4,-0.03,321,687282,卖盘
1479,10:35:07,21.43,-0.05,20,42860,卖盘
1480,10:35:02,21.48,0.05,3,6444,买盘
1481,10:34:57,21.43,-0.02,15,33945,卖盘
1482,10:34:52,21.45,0.02,33,70785,买盘
1483,10:34:47,21.43,-0.02,9,19287,卖盘
1484,10:34:42,21.45,0.02,22,47190,买盘
1485,10:34:37,21.43,--,1,2143,卖盘
1486,10:34:33,21.43,--,2,4286,卖盘
1487,10:34:27,21.43,0.02,19,40717,买盘
1488,10:34:22,21.41,-0.02,116,248356,卖盘
1489,10:34:17,21.43,--,0,0,中性盘
1490,10:34:12,21.43,--,123,263589,买盘
1491,10:34:07,21.43,0.02,22,47146,买盘
1492,10:34:02,21.41,-0.02,12,26034,卖盘
1493,10:33:52,21.43,0.02,23,51089,买盘
1494,10:33:47,21.41,-0.01,27,58149,卖盘
1495,10:33:42,21.42,-0.01,5,10710,中性盘
1496,10:33:37,21.43,0.02,3,6429,买盘
1497,10:33:32,21.41,-0.02,62,132742,卖盘
1498,10:33:27,21.43,--,1,2143,买盘
1499,10:33:22,21.43,0.02,43,92149,买盘
1500,10:33:17,21.41,-0.01,6,12846,卖盘
1501,10:33:12,21.42,0.01,12,25704,中性盘
1502,10:33:07,21.41,-0.01,58,124178,卖盘
1503,10:33:01,21.42,0.01,4,8568,买盘
1504,10:32:57,21.41,-0.04,22,47102,卖盘
1505,10:32:52,21.45,0.02,12,25740,买盘
1506,10:32:47,21.43,0.02,1,2143,中性盘
1507,10:32:41,21.41,-0.04,50,107050,卖盘
1508,10:32:37,21.45,0.03,55,117975,买盘
1509,10:32:32,21.42,--,19,40698,买盘
1510,10:32:26,21.42,--,43,92106,卖盘
1511,10:32:22,21.42,--,46,98532,买盘
1512,10:32:16,21.42,--,39,83538,买盘
1513,10:32:01,21.42,-0.03,10,21420,卖盘
1514,10:31:56,21.45,0.03,7,15015,买盘
1515,10:31:52,21.42,--,2,4284,卖盘
1516,10:31:46,21.42,--,9,19278,卖盘
1517,10:31:37,21.42,0.01,5,10710,买盘
1518,10:31:31,21.41,-0.01,31,66371,卖盘
1519,10:31:22,21.42,-0.03,40,87479,卖盘
1520,10:31:16,21.45,--,28,60060,买盘
1521,10:31:07,21.45,-0.07,19,41098,卖盘
1522,10:31:01,21.52,--,4,8608,卖盘
1523,10:30:56,21.52,0.06,10,21520,买盘
1524,10:30:52,21.46,-0.05,300,643800,卖盘
1525,10:30:46,21.51,--,15,32265,卖盘
1526,10:30:41,21.51,--,0,0,卖盘
1527,10:30:37,21.51,-0.01,52,111852,卖盘
1528,10:30:31,21.52,-0.03,16,34432,卖盘
1529,10:30:26,21.55,--,10,21550,买盘
1530,10:30:22,21.55,0.03,30,64650,买盘
1531,10:30:16,21.52,-0.03,100,216405,卖盘
1532,10:30:11,21.55,--,2,4310,卖盘
1533,10:30:07,21.55,--,65,140075,卖盘
1534,10:30:01,21.55,--,7,15085,卖盘
1535,10:29:56,21.55,-0.01,40,86200,卖盘
1536,10:29:46,21.56,--,14,30184,买盘
1537,10:29:41,21.56,0.01,5,10780,买盘
1538,10:29:37,21.55,-0.01,54,116370,卖盘
1539,10:29:26,21.56,0.01,8,17894,买盘
1540,10:29:22,21.55,-0.01,49,105595,卖盘
1541,10:29:16,21.56,0.01,4,8624,买盘
1542,10:29:11,21.55,-0.01,4,8620,卖盘
1543,10:29:07,21.56,--,6,12936,买盘
1544,10:29:01,21.56,--,66,142296,买盘
1545,10:28:56,21.56,--,50,107800,买盘
1546,10:28:52,21.56,--,30,64679,买盘
1547,10:28:46,21.56,--,52,112112,买盘
1548,10:28:37,21.56,0.01,10,21560,买盘
1549,10:28:31,21.55,-0.01,19,41246,卖盘
1550,10:28:26,21.56,0.01,28,60368,买盘
1551,10:28:22,21.55,-0.01,155,334025,卖盘
1552,10:28:16,21.56,--,20,43120,买盘
1553,10:28:06,21.56,0.01,12,25872,买盘
1554,10:28:01,21.55,--,30,64650,卖盘
1555,10:27:51,21.55,--,4,8620,卖盘
1556,10:27:46,21.55,--,343,739165,买盘
1557,10:27:41,21.55,0.02,10,21550,买盘
1558,10:27:36,21.53,--,7,15071,卖盘
1559,10:27:26,21.53,-0.02,14,30142,卖盘
1560,10:27:16,21.55,0.02,7,15085,买盘
1561,10:27:06,21.53,0.02,9,19377,中性盘
1562,10:27:01,21.51,-0.04,24,51624,卖盘
1563,10:26:56,21.55,0.03,53,114215,买盘
1564,10:26:51,21.52,--,12,25824,买盘
1565,10:26:46,21.52,0.01,5,10760,买盘
1566,10:26:41,21.51,-0.02,4,8604,卖盘
1567,10:26:36,21.53,0.02,20,43060,买盘
1568,10:26:31,21.51,-0.01,108,232308,卖盘
1569,10:26:26,21.52,0.01,21,45192,卖盘
1570,10:26:21,21.51,-0.01,57,124413,卖盘
1571,10:26:16,21.52,-0.01,23,49496,买盘
1572,10:26:11,21.53,0.01,3,6459,买盘
1573,10:26:06,21.52,-0.03,38,82120,卖盘
1574,10:26:01,21.55,0.02,39,85855,买盘
1575,10:25:51,21.53,-0.02,51,110147,卖盘
1576,10:25:46,21.55,0.02,41,88355,买盘
1577,10:25:40,21.53,-0.02,20,43060,卖盘
1578,10:25:36,21.55,--,5,10775,买盘
1579,10:25:31,21.55,--,10,21550,买盘
1580,10:25:21,21.55,--,71,153005,买盘
1581,10:25:16,21.55,--,95,204725,卖盘
1582,10:25:10,21.55,-0.01,62,133610,卖盘
1583,10:25:06,21.56,--,10,21560,买盘
1584,10:25:01,21.56,-0.02,76,165365,卖盘
1585,10:24:55,21.58,0.02,4,8632,买盘
1586,10:24:51,21.56,-0.01,65,140786,卖盘
1587,10:24:46,21.57,0.01,7,15099,中性盘
1588,10:24:36,21.56,--,6,12936,卖盘
1589,10:24:31,21.56,--,23,49588,卖盘
1590,10:24:25,21.56,0.01,23,49588,买盘
1591,10:24:21,21.55,-0.01,47,101285,卖盘
1592,10:24:16,21.56,--,6,12936,买盘
1593,10:24:10,21.56,-0.02,1,2156,中性盘
1594,10:24:05,21.58,0.05,2,4316,买盘
1595,10:24:01,21.53,-0.03,20,43060,卖盘
1596,10:23:55,21.56,--,66,142296,卖盘
1597,10:23:46,21.56,-0.03,15,32339,卖盘
1598,10:23:40,21.59,0.03,10,21590,买盘
1599,10:23:31,21.56,--,34,73304,卖盘
1600,10:23:25,21.56,-0.04,14,30184,卖盘
1601,10:23:20,21.6,0.04,19,41040,买盘
1602,10:23:16,21.56,--,2,4312,卖盘
1603,10:23:10,21.56,-0.04,50,107800,卖盘
1604,10:23:05,21.6,0.04,12,25920,买盘
1605,10:22:55,21.56,--,6,12936,卖盘
1606,10:22:50,21.56,0.01,21,47087,买盘
1607,10:22:46,21.55,-0.01,23,49565,卖盘
1608,10:22:40,21.56,--,9,19404,买盘
1609,10:22:31,21.56,--,20,43120,买盘
1610,10:22:25,21.56,--,21,45276,买盘
1611,10:22:20,21.56,--,36,77616,买盘
1612,10:22:16,21.56,--,63,136172,卖盘
1613,10:22:10,21.56,-0.07,23,49588,卖盘
1614,10:22:05,21.63,0.05,38,82194,买盘
1615,10:22:01,21.58,-0.02,61,131638,卖盘
1616,10:21:55,21.6,-0.01,31,66960,卖盘
1617,10:21:50,21.61,0.01,4,8644,中性盘
1618,10:21:46,21.6,--,55,118800,买盘
1619,10:21:40,21.6,--,13,28080,卖盘
1620,10:21:31,21.6,--,8,17280,卖盘
1621,10:21:20,21.6,--,7,15120,卖盘
1622,10:21:16,21.6,--,93,200880,买盘
1623,10:21:10,21.6,0.04,26,57974,买盘
1624,10:21:05,21.56,-0.04,50,108144,卖盘
1625,10:21:01,21.6,--,42,92534,买盘
1626,10:20:55,21.6,--,61,131760,买盘
1627,10:20:50,21.6,--,2,4320,买盘
1628,10:20:46,21.6,--,75,162000,卖盘
1629,10:20:40,21.6,-0.07,200,432000,卖盘
1630,10:20:35,21.67,0.02,57,123519,买盘
1631,10:20:25,21.65,-0.03,77,166705,卖盘
1632,10:20:20,21.68,0.02,3,6504,买盘
1633,10:20:16,21.66,--,17,36822,买盘
1634,10:20:10,21.66,-0.01,22,47652,卖盘
1635,10:20:05,21.67,-0.01,23,49841,卖盘
1636,10:20:00,21.68,--,21,45528,买盘
1637,10:19:55,21.68,--,158,342544,卖盘
1638,10:19:50,21.68,--,0,0,卖盘
1639,10:19:45,21.68,-0.02,44,95392,卖盘
1640,10:19:40,21.7,0.03,162,351540,买盘
1641,10:19:35,21.67,-0.01,10,21670,卖盘
1642,10:19:31,21.68,0.01,3,6504,买盘
1643,10:19:25,21.67,--,180,390060,卖盘
1644,10:19:15,21.67,--,62,134354,卖盘
1645,10:19:10,21.67,0.05,63,137604,买盘
1646,10:19:05,21.62,-0.03,2,4324,卖盘
1647,10:19:00,21.65,0.04,10,21650,买盘
1648,10:18:55,21.61,-0.06,34,73474,卖盘
1649,10:18:45,21.67,0.06,15,32505,买盘
1650,10:18:40,21.61,-0.05,6,12966,卖盘
1651,10:18:30,21.66,0.06,6,12996,买盘
1652,10:18:25,21.6,0.02,2,4320,买盘
1653,10:18:19,21.58,--,3,6473,卖盘
1654,10:18:15,21.58,0.02,8,17264,中性盘
1655,10:18:10,21.56,--,210,452760,卖盘
1656,10:18:05,21.56,--,42,90552,卖盘
1657,10:18:00,21.56,--,67,144452,卖盘
1658,10:17:55,21.56,0.01,55,118580,买盘
1659,10:17:45,21.55,0.02,16,34480,买盘
1660,10:17:40,21.53,-0.02,48,103344,中性盘
1661,10:17:34,21.55,0.01,349,752095,买盘
1662,10:17:30,21.54,--,41,88314,买盘
1663,10:17:25,21.54,0.01,70,150780,买盘
1664,10:17:19,21.53,-0.02,5,10765,卖盘
1665,10:17:15,21.55,--,64,137920,中性盘
1666,10:17:10,21.55,-0.04,217,467635,卖盘
1667,10:17:04,21.59,--,9,19431,买盘
1668,10:17:00,21.59,0.04,20,43180,买盘
1669,10:16:55,21.55,-0.04,45,96975,卖盘
1670,10:16:49,21.59,-0.08,1,2159,买盘
1671,10:16:45,21.67,0.08,45,97515,买盘
1672,10:16:40,21.59,--,66,142494,卖盘
1673,10:16:34,21.59,-0.08,19,41021,卖盘
1674,10:16:29,21.67,0.08,1,2167,买盘
1675,10:16:25,21.59,-0.01,34,73406,卖盘
1676,10:16:19,21.6,-0.1,535,1155600,卖盘
1677,10:16:14,21.7,--,31,67270,卖盘
1678,10:16:10,21.7,--,76,164920,卖盘
1679,10:16:04,21.7,-0.01,70,151900,卖盘
1680,10:15:59,21.71,-0.01,11,23881,卖盘
1681,10:15:55,21.72,--,54,117288,卖盘
1682,10:15:49,21.72,--,47,102084,卖盘
1683,10:15:44,21.72,--,2,4344,卖盘
1684,10:15:40,21.72,-0.01,65,141527,卖盘
1685,10:15:34,21.73,--,207,451636,卖盘
1686,10:15:29,21.73,-0.02,2,4346,卖盘
1687,10:15:25,21.75,--,32,70687,卖盘
1688,10:15:19,21.75,--,49,106575,卖盘
1689,10:15:14,21.75,-0.05,25,54375,卖盘
1690,10:15:10,21.8,0.05,503,1096540,买盘
1691,10:15:04,21.75,-0.03,100,217500,卖盘
1692,10:14:59,21.78,-0.02,1,2178,卖盘
1693,10:14:55,21.8,--,4,8720,买盘
1694,10:14:49,21.8,0.02,30,65400,买盘
1695,10:14:39,21.78,-0.02,3,6534,买盘
1696,10:14:24,21.8,0.04,11,23980,买盘
1697,10:14:19,21.76,--,32,69632,卖盘
1698,10:14:14,21.76,-0.04,117,254592,卖盘
1699,10:14:09,21.8,--,55,119900,买盘
1700,10:14:04,21.8,--,43,93740,买盘
1701,10:13:59,21.8,0.02,30,65400,买盘
1702,10:13:54,21.78,-0.02,1,2178,卖盘
1703,10:13:49,21.8,--,21,45780,买盘
1704,10:13:39,21.8,0.02,6,13080,买盘
1705,10:13:34,21.78,--,12,26136,卖盘
1706,10:13:29,21.78,0.02,9,19602,中性盘
1707,10:13:24,21.76,-0.04,20,43520,卖盘
1708,10:13:19,21.8,0.02,135,294300,买盘
1709,10:13:09,21.78,0.03,15,32670,中性盘
1710,10:13:04,21.75,-0.05,11,23925,卖盘
1711,10:12:59,21.8,0.05,100,218000,买盘
1712,10:12:54,21.75,-0.01,66,143550,卖盘
1713,10:12:49,21.76,--,21,45696,买盘
1714,10:12:44,21.76,--,3,6528,买盘
1715,10:12:39,21.76,0.01,4,8704,买盘
1716,10:12:34,21.75,--,26,56550,卖盘
1717,10:12:29,21.75,-0.05,350,761250,卖盘
1718,10:12:24,21.8,0.02,110,239800,买盘
1719,10:12:19,21.78,-0.02,34,74052,中性盘
1720,10:12:09,21.8,--,18,39240,买盘
1721,10:12:04,21.8,--,5,10900,买盘
1722,10:11:54,21.8,-0.01,52,113360,卖盘
1723,10:11:49,21.81,--,42,91602,买盘
1724,10:11:39,21.81,0.01,16,34896,买盘
1725,10:11:34,21.8,-0.01,12,28034,卖盘
1726,10:11:29,21.81,--,50,109050,卖盘
1727,10:11:24,21.81,-0.01,84,183204,卖盘
1728,10:11:19,21.82,0.01,49,107223,买盘
1729,10:11:13,21.81,--,615,1341315,买盘
1730,10:11:09,21.81,-0.01,6,13086,买盘
1731,10:11:04,21.82,--,36,78552,买盘
1732,10:10:58,21.82,--,1,2182,买盘
1733,10:10:54,21.82,-0.05,11,24002,卖盘
1734,10:10:49,21.87,-0.01,106,231822,卖盘
1735,10:10:43,21.88,0.01,52,113776,买盘
1736,10:10:39,21.87,-0.01,2,4374,卖盘
1737,10:10:34,21.88,0.01,27,59076,买盘
1738,10:10:28,21.87,-0.06,344,752437,卖盘
1739,10:10:24,21.93,0.02,5,10965,买盘
1740,10:10:19,21.91,0.02,21,46011,卖盘
1741,10:10:13,21.89,-0.04,5,10945,卖盘
1742,10:10:09,21.93,--,3,6579,卖盘
1743,10:10:04,21.93,0.03,150,331033,买盘
1744,10:09:58,21.9,--,94,205860,卖盘
1745,10:09:54,21.9,--,35,76650,卖盘
1746,10:09:49,21.9,--,30,65700,卖盘
1747,10:09:43,21.9,--,13,28469,卖盘
1748,10:09:39,21.9,--,98,214620,买盘
1749,10:09:34,21.9,0.03,81,177390,买盘
1750,10:09:28,21.87,-0.02,29,63423,卖盘
1751,10:09:24,21.89,--,20,43780,卖盘
1752,10:09:19,21.89,--,4,8756,卖盘
1753,10:09:13,21.89,0.02,11,24079,买盘
1754,10:09:09,21.87,--,13,28431,卖盘
1755,10:09:04,21.87,0.07,28,61236,买盘
1756,10:08:58,21.8,-0.07,81,176580,卖盘
1757,10:08:53,21.87,--,3,6561,买盘
1758,10:08:49,21.87,--,0,0,买盘
1759,10:08:43,21.87,-0.02,15,32805,买盘
1760,10:08:38,21.89,--,0,0,买盘
1761,10:08:34,21.89,0.09,14,30646,中性盘
1762,10:08:28,21.8,-0.12,2,4360,卖盘
1763,10:08:19,21.92,0.03,50,109600,买盘
1764,10:08:13,21.89,0.09,49,107261,买盘
1765,10:08:04,21.8,-0.15,184,401229,卖盘
1766,10:07:58,21.95,0.05,106,232670,买盘
1767,10:07:53,21.9,0.01,2,4380,买盘
1768,10:07:48,21.89,-0.01,19,41591,卖盘
1769,10:07:43,21.9,--,11,24090,卖盘
1770,10:07:38,21.9,0.01,40,87600,中性盘
1771,10:07:33,21.89,--,342,748638,买盘
1772,10:07:28,21.89,0.03,36,78804,中性盘
1773,10:07:23,21.86,-0.04,1,2186,卖盘
1774,10:07:18,21.9,-0.01,24,52560,买盘
1775,10:07:13,21.91,0.06,10,21910,卖盘
1776,10:07:03,21.85,--,0,0,卖盘
1777,10:06:58,21.85,-0.01,26,56810,卖盘
1778,10:06:53,21.86,-0.08,1,2186,卖盘
1779,10:06:48,21.94,0.05,23,50462,买盘
1780,10:06:43,21.89,0.04,3,6567,卖盘
1781,10:06:38,21.85,--,1,2185,卖盘
1782,10:06:33,21.85,--,16,34960,卖盘
1783,10:06:28,21.85,0.01,149,327640,买盘
1784,10:06:23,21.84,0.04,1,2184,买盘
1785,10:06:18,21.8,--,10,21800,卖盘
1786,10:06:13,21.8,--,51,111180,卖盘
1787,10:06:08,21.8,--,30,65400,卖盘
1788,10:06:03,21.8,--,26,56680,卖盘
1789,10:05:58,21.8,0.01,45,98100,买盘
1790,10:05:48,21.79,-0.01,212,461948,卖盘
1791,10:05:43,21.8,0.04,21,45780,买盘
1792,10:05:33,21.76,-0.03,13,28288,卖盘
1793,10:05:28,21.79,0.06,1,3268,中性盘
1794,10:05:23,21.73,--,0,0,卖盘
1795,10:05:18,21.73,-0.03,116,252068,卖盘
1796,10:05:13,21.76,0.01,34,73984,买盘
1797,10:05:08,21.75,--,2,4350,买盘
1798,10:05:03,21.75,--,19,41325,卖盘
1799,10:04:58,21.75,--,101,219675,卖盘
1800,10:04:48,21.75,--,93,202275,买盘
1801,10:04:43,21.75,--,33,71775,买盘
1802,10:04:38,21.75,--,5,10875,买盘
1803,10:04:28,21.75,--,15,32625,卖盘
1804,10:04:23,21.75,--,0,0,卖盘
1805,10:04:18,21.75,--,721,1568175,卖盘
1806,10:04:13,21.75,-0.01,15,32625,卖盘
1807,10:04:07,21.76,0.03,306,665856,买盘
1808,10:04:03,21.73,-0.02,50,108650,卖盘
1809,10:03:58,21.75,0.02,4,8700,买盘
1810,10:03:52,21.73,-0.02,7,15211,卖盘
1811,10:03:48,21.75,0.03,11,23925,买盘
1812,10:03:43,21.72,-0.01,298,647256,卖盘
1813,10:03:33,21.73,--,18,39114,买盘
1814,10:03:28,21.73,--,19,41287,卖盘
1815,10:03:22,21.73,-0.02,2,4346,卖盘
1816,10:03:18,21.75,-0.01,92,200100,卖盘
1817,10:03:13,21.76,0.01,64,139264,中性盘
1818,10:03:07,21.75,--,2,4350,卖盘
1819,10:03:03,21.75,-0.01,38,82650,卖盘
1820,10:02:58,21.76,--,45,97920,买盘
1821,10:02:52,21.76,0.01,18,39168,买盘
1822,10:02:48,21.75,-0.01,123,267525,卖盘
1823,10:02:43,21.76,--,122,265472,卖盘
1824,10:02:37,21.76,--,1,2176,卖盘
1825,10:02:33,21.76,-0.02,12,26112,卖盘
1826,10:02:28,21.78,-0.02,67,147189,卖盘
1827,10:02:22,21.8,0.03,53,115540,中性盘
1828,10:02:18,21.77,-0.03,21,45717,卖盘
1829,10:02:13,21.8,--,62,136075,买盘
1830,10:02:07,21.8,--,9,19620,卖盘
1831,10:02:03,21.8,--,42,91560,买盘
1832,10:01:58,21.8,-0.02,94,204920,卖盘
1833,10:01:52,21.82,-0.05,7,15274,卖盘
1834,10:01:48,21.87,0.07,11,24057,买盘
1835,10:01:43,21.8,-0.03,97,211460,卖盘
1836,10:01:37,21.83,0.02,32,69856,买盘
1837,10:01:32,21.81,0.01,21,45801,买盘
1838,10:01:22,21.8,--,48,104640,买盘
1839,10:01:18,21.8,0.09,46,100280,买盘
1840,10:01:13,21.71,-0.06,630,1367730,卖盘
1841,10:01:07,21.77,0.02,117,254709,买盘
1842,10:00:58,21.75,0.03,20,43500,卖盘
1843,10:00:52,21.72,--,18,39096,卖盘
1844,10:00:47,21.72,--,19,41268,买盘
1845,10:00:43,21.72,0.02,31,67332,买盘
1846,10:00:37,21.7,0.03,31,67313,买盘
1847,10:00:32,21.67,-0.03,7,15169,卖盘
1848,10:00:28,21.7,--,126,273420,买盘
1849,10:00:22,21.7,--,82,177940,买盘
1850,10:00:17,21.7,-0.01,505,1097976,卖盘
1851,10:00:12,21.71,0.01,660,1432860,中性盘
1852,10:00:07,21.7,-0.04,57,123690,卖盘
1853,10:00:02,21.74,0.04,13,28261,买盘
1854,09:59:57,21.7,-0.02,222,481740,卖盘
1855,09:59:52,21.72,-0.07,208,451776,卖盘
1856,09:59:47,21.79,-0.01,8,17432,卖盘
1857,09:59:42,21.8,--,148,322988,卖盘
1858,09:59:37,21.8,-0.02,114,250351,卖盘
1859,09:59:32,21.82,-0.01,29,63278,卖盘
1860,09:59:27,21.83,--,8,17464,卖盘
1861,09:59:22,21.83,-0.05,25,54574,中性盘
1862,09:59:12,21.88,--,49,107212,买盘
1863,09:59:07,21.88,--,30,65640,买盘
1864,09:59:02,21.88,-0.02,15,32820,卖盘
1865,09:58:57,21.9,--,261,571590,买盘
1866,09:58:52,21.9,-0.01,260,569400,卖盘
1867,09:58:47,21.91,0.01,41,89831,买盘
1868,09:58:42,21.9,-0.01,70,153300,卖盘
1869,09:58:37,21.91,-0.02,396,867636,卖盘
1870,09:58:32,21.93,--,1,2193,买盘
1871,09:58:27,21.93,-0.05,266,584434,卖盘
1872,09:58:22,21.98,-0.01,226,496748,中性盘
1873,09:58:17,21.99,--,11,24189,买盘
1874,09:58:12,21.99,-0.01,74,162726,卖盘
1875,09:58:07,22.0,--,209,459800,买盘
1876,09:58:02,22.0,--,0,0,买盘
1877,09:57:57,22.0,0.04,355,781000,买盘
1878,09:57:52,21.96,--,58,127368,卖盘
1879,09:57:47,21.96,0.01,10,21960,卖盘
1880,09:57:42,21.95,--,175,384125,卖盘
1881,09:57:37,21.95,--,35,76825,卖盘
1882,09:57:32,21.95,-0.01,22,48290,中性盘
1883,09:57:27,21.96,0.03,247,543510,买盘
1884,09:57:22,21.93,--,158,346494,卖盘
1885,09:57:16,21.93,0.03,58,127194,买盘
1886,09:57:12,21.9,-0.02,130,284700,卖盘
1887,09:57:07,21.92,0.02,71,155632,买盘
1888,09:57:01,21.9,--,23,50370,卖盘
1889,09:56:57,21.9,0.03,156,341640,卖盘
1890,09:56:52,21.87,-0.08,231,505197,卖盘
1891,09:56:46,21.95,0.08,79,173405,买盘
1892,09:56:42,21.87,0.05,61,133407,中性盘
1893,09:56:37,21.82,-0.04,434,946988,卖盘
1894,09:56:31,21.86,--,12,26232,卖盘
1895,09:56:27,21.86,--,109,238274,卖盘
1896,09:56:22,21.86,-0.02,258,563988,中性盘
1897,09:56:16,21.88,0.04,116,253808,买盘
1898,09:56:12,21.84,-0.01,73,159432,卖盘
1899,09:56:07,21.85,-0.05,267,583395,卖盘
1900,09:56:01,21.9,0.02,27,59129,买盘
1901,09:55:57,21.88,--,171,374148,卖盘
1902,09:55:52,21.88,-0.02,58,126904,卖盘
1903,09:55:46,21.9,0.02,30,65700,买盘
1904,09:55:42,21.88,--,105,229740,卖盘
1905,09:55:37,21.88,-0.02,14,30632,卖盘
1906,09:55:31,21.9,--,36,79935,卖盘
1907,09:55:27,21.9,-0.04,310,678900,卖盘
1908,09:55:22,21.94,0.01,82,179908,买盘
1909,09:55:16,21.93,0.03,36,78948,买盘
1910,09:55:12,21.9,-0.07,38,84315,卖盘
1911,09:55:07,21.97,0.04,36,79092,买盘
1912,09:55:01,21.93,0.03,11,24123,中性盘
1913,09:54:57,21.9,-0.1,167,365730,卖盘
1914,09:54:52,22.0,0.05,67,147400,买盘
1915,09:54:46,21.95,-0.02,45,98775,卖盘
1916,09:54:42,21.97,-0.05,173,381179,卖盘
1917,09:54:37,22.02,--,195,429390,买盘
1918,09:54:31,22.02,0.02,26,57252,中性盘
1919,09:54:27,22.0,-0.08,94,206800,卖盘
1920,09:54:22,22.08,-0.01,198,437183,中性盘
1921,09:54:16,22.09,--,73,161257,买盘
1922,09:54:12,22.09,0.01,59,130331,买盘
1923,09:54:07,22.08,0.08,74,163392,买盘
1924,09:54:01,22.0,--,75,165000,卖盘
1925,09:53:57,22.0,0.07,388,854700,买盘
1926,09:53:52,21.93,-0.02,907,1989051,中性盘
1927,09:53:46,21.95,-0.05,8,17560,中性盘
1928,09:53:42,22.0,0.05,1043,2294600,买盘
1929,09:53:37,21.95,0.02,456,1000920,买盘
1930,09:53:31,21.93,0.03,12,26316,卖盘
1931,09:53:27,21.9,-0.05,83,181770,卖盘
1932,09:53:22,21.95,0.02,429,941655,买盘
1933,09:53:16,21.93,0.03,99,217107,买盘
1934,09:53:11,21.9,-0.03,31,67890,卖盘
1935,09:53:07,21.93,--,97,212721,买盘
1936,09:53:01,21.93,0.06,382,837726,买盘
1937,09:52:56,21.87,-0.03,63,137781,卖盘
1938,09:52:52,21.9,0.03,180,396214,买盘
1939,09:52:46,21.87,0.01,412,901044,买盘
1940,09:52:41,21.86,--,11,24046,买盘
1941,09:52:36,21.86,0.03,89,194554,买盘
1942,09:52:31,21.83,-0.02,339,740037,卖盘
1943,09:52:26,21.85,0.01,844,1844140,买盘
1944,09:52:21,21.84,0.03,73,159432,买盘
1945,09:52:16,21.81,-0.01,65,141765,中性盘
1946,09:52:11,21.82,0.02,17,37094,买盘
1947,09:52:06,21.8,--,64,139520,卖盘
1948,09:52:01,21.8,0.05,122,267050,买盘
1949,09:51:56,21.75,-0.01,117,254475,卖盘
1950,09:51:51,21.76,--,625,1360000,买盘
1951,09:51:46,21.76,0.01,546,1188096,买盘
1952,09:51:41,21.75,0.01,13,28275,买盘
1953,09:51:36,21.74,0.02,201,436973,买盘
1954,09:51:31,21.72,0.02,344,747168,买盘
1955,09:51:26,21.7,-0.02,154,334180,卖盘
1956,09:51:21,21.72,--,113,245436,买盘
1957,09:51:16,21.72,0.02,708,1537819,买盘
1958,09:51:11,21.7,--,167,362390,买盘
1959,09:51:06,21.7,--,30,65100,买盘
1960,09:51:01,21.7,0.04,330,716121,买盘
1961,09:50:56,21.66,--,3,6498,卖盘
1962,09:50:51,21.66,-0.02,198,428868,中性盘
1963,09:50:46,21.68,0.04,38,82384,买盘
1964,09:50:41,21.64,-0.02,42,90888,卖盘
1965,09:50:36,21.66,0.03,450,974700,买盘
1966,09:50:31,21.63,-0.01,23,49749,卖盘
1967,09:50:26,21.64,0.04,5,10820,买盘
1968,09:50:21,21.6,-0.02,62,133920,卖盘
1969,09:50:16,21.62,0.02,157,339434,买盘
1970,09:50:11,21.6,--,35,75600,买盘
1971,09:50:06,21.6,0.01,198,427680,买盘
1972,09:50:01,21.59,0.02,155,334645,中性盘
1973,09:49:55,21.57,-0.02,10,21570,卖盘
1974,09:49:51,21.59,-0.01,111,239649,卖盘
1975,09:49:46,21.6,0.01,67,144720,买盘
1976,09:49:40,21.59,-0.01,22,47498,卖盘
1977,09:49:36,21.6,0.1,23,49680,买盘
1978,09:49:31,21.5,-0.1,285,612750,卖盘
1979,09:49:25,21.6,0.03,55,118800,买盘
1980,09:49:21,21.57,0.01,281,606117,买盘
1981,09:49:16,21.56,-0.02,155,334180,卖盘
1982,09:49:10,21.58,-0.02,6,12947,买盘
1983,09:49:06,21.6,0.03,116,250560,买盘
1984,09:49:01,21.57,0.02,36,77652,中性盘
1985,09:48:55,21.55,-0.05,155,334025,卖盘
1986,09:48:51,21.6,0.02,81,174960,买盘
1987,09:48:46,21.58,-0.01,80,172640,中性盘
1988,09:48:40,21.59,--,27,58293,买盘
1989,09:48:36,21.59,-0.07,47,101473,中性盘
1990,09:48:31,21.66,0.01,167,361722,买盘
1991,09:48:25,21.65,--,5,10825,买盘
1992,09:48:21,21.65,-0.01,419,907134,中性盘
1993,09:48:16,21.66,0.01,99,214434,买盘
1994,09:48:10,21.65,--,36,77940,买盘
1995,09:48:05,21.65,0.05,146,316090,买盘
1996,09:48:01,21.6,-0.06,50,108000,卖盘
1997,09:47:55,21.66,--,176,381216,卖盘
1998,09:47:51,21.66,0.06,143,309738,中性盘
1999,09:47:46,21.6,-0.07,346,747360,卖盘
2000,09:47:40,21.67,0.01,55,119185,买盘
2001,09:47:35,21.66,-0.01,372,805752,卖盘
2002,09:47:30,21.67,-0.01,100,216700,卖盘
2003,09:47:25,21.68,-0.02,69,149592,卖盘
2004,09:47:21,21.7,0.01,86,186620,买盘
2005,09:47:16,21.69,0.03,169,366561,买盘
2006,09:47:10,21.66,0.04,32,69312,买盘
2007,09:47:06,21.62,0.02,225,486450,买盘
2008,09:47:00,21.6,0.01,10,21600,买盘
2009,09:46:55,21.59,0.04,7,15113,买盘
2010,09:46:51,21.55,0.06,1128,2430840,买盘
2011,09:46:45,21.49,0.01,796,1710603,买盘
2012,09:46:40,21.48,0.03,118,253464,买盘
2013,09:46:36,21.45,0.06,158,338910,买盘
2014,09:46:30,21.39,-0.01,336,718704,中性盘
2015,09:46:25,21.4,--,172,368080,卖盘
2016,09:46:20,21.4,0.01,285,609900,买盘
2017,09:46:15,21.39,0.09,59,126201,买盘
2018,09:46:10,21.3,-0.1,131,279030,卖盘
2019,09:46:06,21.4,0.02,330,706200,买盘
2020,09:46:00,21.38,0.03,62,132556,买盘
2021,09:45:55,21.35,-0.03,27,57645,卖盘
2022,09:45:50,21.38,-0.01,26,55588,买盘
2023,09:45:45,21.39,0.04,18,38502,中性盘
2024,09:45:40,21.35,-0.06,129,275415,卖盘
2025,09:45:30,21.41,0.06,116,248356,买盘
2026,09:45:25,21.35,-0.06,36,76860,卖盘
2027,09:45:20,21.41,-0.02,49,104909,卖盘
2028,09:45:15,21.43,0.03,41,87863,买盘
2029,09:45:10,21.4,-0.02,536,1147040,卖盘
2030,09:45:05,21.42,--,671,1437282,买盘
2031,09:45:00,21.42,--,103,220626,买盘
2032,09:44:55,21.42,-0.01,50,107100,卖盘
2033,09:44:50,21.43,--,20,42860,买盘
2034,09:44:45,21.43,0.03,76,162868,买盘
2035,09:44:40,21.4,--,52,111279,买盘
2036,09:44:35,21.4,0.01,10,21400,买盘
2037,09:44:30,21.39,0.01,2,4278,买盘
2038,09:44:25,21.38,0.03,471,1006998,买盘
2039,09:44:20,21.35,0.01,15,32025,买盘
2040,09:44:15,21.34,--,257,548438,卖盘
2041,09:44:10,21.34,0.04,15,32010,买盘
2042,09:44:05,21.3,-0.04,17,36210,卖盘
2043,09:44:00,21.34,0.06,9,19206,买盘
2044,09:43:55,21.28,-0.02,125,266000,卖盘
2045,09:43:50,21.3,--,44,93720,买盘
2046,09:43:45,21.3,--,197,419610,卖盘
2047,09:43:40,21.3,0.02,130,276900,买盘
2048,09:43:35,21.28,-0.02,50,106400,卖盘
2049,09:43:30,21.3,0.03,145,308850,买盘
2050,09:43:25,21.27,-0.01,62,131874,卖盘
2051,09:43:19,21.28,--,4,8512,卖盘
2052,09:43:15,21.28,--,151,321328,卖盘
2053,09:43:10,21.28,0.08,25,53200,买盘
2054,09:43:04,21.2,-0.02,52,110240,卖盘
2055,09:43:00,21.22,-0.06,163,345886,中性盘
2056,09:42:55,21.28,0.07,26,55328,买盘
2057,09:42:45,21.21,-0.07,27,57267,卖盘
2058,09:42:40,21.28,-0.08,232,493696,卖盘
2059,09:42:30,21.36,0.05,4,8544,买盘
2060,09:42:25,21.31,-0.07,28,59668,卖盘
2061,09:42:19,21.38,--,14,29932,买盘
2062,09:42:15,21.38,--,58,124004,买盘
2063,09:42:10,21.38,--,100,213800,买盘
2064,09:42:04,21.38,-0.01,3,6414,买盘
2065,09:42:00,21.39,0.01,136,290904,买盘
2066,09:41:55,21.38,--,70,149660,卖盘
2067,09:41:49,21.38,-0.02,41,87658,卖盘
2068,09:41:45,21.4,--,257,549980,买盘
2069,09:41:40,21.4,0.01,499,1067860,买盘
2070,09:41:34,21.39,-0.01,57,121923,买盘
2071,09:41:30,21.4,--,58,124119,买盘
2072,09:41:25,21.4,0.02,348,744720,买盘
2073,09:41:19,21.38,-0.02,9,19242,卖盘
2074,09:41:14,21.4,0.02,164,350960,买盘
2075,09:41:10,21.38,-0.02,241,515258,买盘
2076,09:41:04,21.4,0.04,231,494339,买盘
2077,09:40:59,21.36,--,75,160200,卖盘
2078,09:40:55,21.36,-0.01,54,115344,卖盘
2079,09:40:49,21.37,0.01,26,55562,中性盘
2080,09:40:44,21.36,0.08,177,378072,买盘
2081,09:40:40,21.28,-0.08,137,291536,卖盘
2082,09:40:34,21.36,0.01,20,42720,买盘
2083,09:40:29,21.35,--,17,36295,卖盘
2084,09:40:24,21.35,0.07,164,350140,买盘
2085,09:40:19,21.28,--,22,46816,卖盘
2086,09:40:14,21.28,0.01,7,14896,买盘
2087,09:40:09,21.27,--,10,21270,卖盘
2088,09:40:04,21.27,0.07,56,119112,买盘
2089,09:39:59,21.2,--,1,2120,卖盘
2090,09:39:54,21.2,0.05,1298,2751760,买盘
2091,09:39:49,21.15,-0.02,6,12690,买盘
2092,09:39:44,21.17,--,0,0,买盘
2093,09:39:39,21.17,0.02,29,61393,买盘
2094,09:39:29,21.15,-0.02,33,69795,卖盘
2095,09:39:24,21.17,0.02,15,31755,买盘
2096,09:39:19,21.15,0.03,70,148050,买盘
2097,09:39:14,21.12,-0.03,28,59136,卖盘
2098,09:39:09,21.15,-0.02,26,54989,中性盘
2099,09:39:04,21.17,0.02,61,129137,买盘
2100,09:38:59,21.15,--,1,2115,卖盘
2101,09:38:54,21.15,0.01,106,224189,买盘
2102,09:38:49,21.14,-0.01,32,67648,卖盘
2103,09:38:44,21.15,--,26,54989,买盘
2104,09:38:39,21.15,--,43,90945,买盘
2105,09:38:34,21.15,-0.05,214,452609,卖盘
2106,09:38:29,21.2,0.02,70,148400,买盘
2107,09:38:24,21.18,--,54,114372,买盘
2108,09:38:19,21.18,0.01,22,46596,买盘
2109,09:38:14,21.17,-0.01,6,12702,卖盘
2110,09:38:09,21.18,0.01,33,69894,买盘
2111,09:38:04,21.17,--,45,95265,买盘
2112,09:37:59,21.17,0.03,13,27521,买盘
2113,09:37:54,21.14,-0.02,28,59192,卖盘
2114,09:37:49,21.16,0.02,97,205421,中性盘
2115,09:37:44,21.14,-0.03,6,12684,卖盘
2116,09:37:39,21.17,--,49,103733,买盘
2117,09:37:34,21.17,-0.02,33,69861,中性盘
2118,09:37:29,21.19,0.02,104,220376,买盘
2119,09:37:24,21.17,--,143,302731,卖盘
2120,09:37:19,21.17,-0.02,254,537718,卖盘
2121,09:37:14,21.19,--,35,74165,买盘
2122,09:37:09,21.19,0.01,107,226733,买盘
2123,09:37:04,21.18,-0.01,75,158850,卖盘
2124,09:36:58,21.19,-0.01,25,52975,卖盘
2125,09:36:54,21.2,0.01,34,72080,买盘
2126,09:36:49,21.19,0.01,231,489489,买盘
2127,09:36:43,21.18,0.09,14,29652,买盘
2128,09:36:39,21.09,0.02,107,225663,买盘
2129,09:36:28,21.07,-0.02,21,44247,卖盘
2130,09:36:24,21.09,0.09,216,455544,买盘
2131,09:36:19,21.0,-0.03,35,73500,中性盘
2132,09:36:13,21.03,0.04,50,105150,买盘
2133,09:36:09,20.99,--,77,161623,买盘
2134,09:36:04,20.99,0.03,231,484868,买盘
2135,09:35:58,20.96,--,15,31440,卖盘
2136,09:35:54,20.96,-0.03,30,62880,卖盘
2137,09:35:49,20.99,0.03,206,432393,买盘
2138,09:35:43,20.96,0.01,207,433872,买盘
2139,09:35:39,20.95,--,1,2095,卖盘
2140,09:35:34,20.95,--,24,50280,买盘
2141,09:35:28,20.95,--,18,37710,买盘
2142,09:35:24,20.95,--,28,58660,买盘
2143,09:35:19,20.95,0.01,34,71230,买盘
2144,09:35:13,20.94,-0.01,4,8376,卖盘
2145,09:35:09,20.95,0.01,30,62850,买盘
2146,09:35:03,20.94,0.04,10,20940,买盘
2147,09:34:58,20.9,--,0,0,卖盘
2148,09:34:54,20.9,-0.04,34,71060,卖盘
2149,09:34:49,20.94,--,1,2094,买盘
2150,09:34:43,20.94,--,17,35598,卖盘
2151,09:34:38,20.94,0.04,169,353886,卖盘
2152,09:34:23,20.9,-0.05,23,48070,卖盘
2153,09:34:18,20.95,0.01,105,219975,买盘
2154,09:34:08,20.94,--,14,29316,买盘
2155,09:34:03,20.94,-0.01,35,73290,卖盘
2156,09:33:58,20.95,0.01,10,20950,买盘
2157,09:33:53,20.94,--,5,10470,卖盘
2158,09:33:48,20.94,0.04,2,4188,中性盘
2159,09:33:43,20.9,-0.04,71,148390,卖盘
2160,09:33:38,20.94,--,37,77478,买盘
2161,09:33:33,20.94,0.01,191,399954,买盘
2162,09:33:28,20.93,--,57,119301,卖盘
2163,09:33:23,20.93,-0.01,54,113022,卖盘
2164,09:33:18,20.94,--,5,10470,买盘
2165,09:33:13,20.94,-0.01,16,33504,卖盘
2166,09:33:08,20.95,0.01,9,18855,买盘
2167,09:33:03,20.94,--,13,27222,卖盘
2168,09:32:58,20.94,--,2,4188,中性盘
2169,09:32:53,20.94,--,193,404142,买盘
2170,09:32:48,20.94,0.02,30,62820,买盘
2171,09:32:43,20.92,-0.02,2,4184,卖盘
2172,09:32:38,20.94,--,6,12564,买盘
2173,09:32:28,20.94,-0.04,25,52350,卖盘
2174,09:32:18,20.98,--,0,0,买盘
2175,09:32:13,20.98,0.03,165,346170,买盘
2176,09:32:03,20.95,-0.03,54,113130,卖盘
2177,09:31:58,20.98,--,23,48254,买盘
2178,09:31:53,20.98,-0.01,12,25176,买盘
2179,09:31:48,20.99,0.03,20,41980,买盘
2180,09:31:43,20.96,0.01,3,6288,中性盘
2181,09:31:38,20.95,-0.04,13,27235,卖盘
2182,09:31:33,20.99,0.06,7,14692,买盘
2183,09:31:28,20.93,-0.06,151,316043,卖盘
2184,09:31:18,20.99,--,0,0,买盘
2185,09:31:13,20.99,-0.01,52,109147,卖盘
2186,09:31:03,21.0,0.01,2,4200,买盘
2187,09:30:58,20.99,--,9,18891,买盘
2188,09:30:52,20.99,0.09,6,12593,买盘
2189,09:30:48,20.9,--,15,31349,卖盘
2190,09:30:43,20.9,0.02,46,96140,买盘
2191,09:30:37,20.88,--,0,0,卖盘
2192,09:30:33,20.88,--,5,10440,卖盘
2193,09:30:28,20.88,-0.11,6,12528,卖盘
2194,09:30:18,20.99,0.11,60,125939,买盘
2195,09:30:13,20.88,-0.02,133,277704,卖盘
2196,09:30:07,20.9,-0.14,46,96140,卖盘
2197,09:30:03,21.04,0.19,210,441840,买盘
2198,09:28:52,20.85,--,0,0,卖盘
2199,09:25:04,20.85,20.85,287,598395,买盘
