,time,price,change,volume,amount,type
0,15:00:00,17.57,--,0,0,买盘
1,15:00:00,17.57,--,0,0,买盘
2,15:00:00,17.57,-0.01,236,416356,卖盘
3,14:59:57,17.58,0.01,157,276006,买盘
4,14:59:52,17.57,--,0,1493,卖盘
5,14:59:46,17.57,0.01,50,88166,买盘
6,14:59:37,17.56,-0.01,178,314007,卖盘
7,14:59:27,17.57,--,49,86409,买盘
8,14:59:22,17.57,--,281,493717,买盘
9,14:59:16,17.57,0.01,10,17570,买盘
10,14:59:12,17.56,-0.01,2,3511,卖盘
11,14:59:07,17.57,--,22,38654,买盘
12,14:58:57,17.57,0.01,8,14056,买盘
13,14:58:51,17.56,-0.01,4,7023,卖盘
14,14:58:42,17.57,--,67,119159,卖盘
15,14:58:36,17.57,--,12,21400,卖盘
16,14:58:27,17.57,0.01,39,68523,买盘
17,14:58:21,17.56,--,0,0,卖盘
18,14:58:16,17.56,0.01,7,12660,买盘
19,14:58:06,17.55,-0.01,180,315900,卖盘
20,14:58:01,17.56,--,36,64199,卖盘
21,14:57:57,17.56,--,140,246612,买盘
22,14:57:51,17.56,--,20,35120,买盘
23,14:57:46,17.56,--,100,175600,买盘
24,14:57:36,17.56,--,5,8780,买盘
25,14:57:31,17.56,-0.01,199,350427,卖盘
26,14:57:21,17.57,--,32,57805,买盘
27,14:57:06,17.57,--,2,3514,买盘
28,14:57:01,17.57,0.01,37,65009,买盘
29,14:56:56,17.56,--,102,179112,卖盘
30,14:56:51,17.56,-0.01,51,90504,卖盘
31,14:56:46,17.57,--,105,184485,买盘
32,14:56:42,17.57,0.01,37,65009,买盘
33,14:56:36,17.56,--,45,79020,卖盘
34,14:56:31,17.56,-0.02,1362,2391672,卖盘
35,14:56:27,17.58,0.01,15,26369,买盘
36,14:56:21,17.57,-0.01,25,43925,卖盘
37,14:56:16,17.58,0.01,87,152945,买盘
38,14:56:06,17.57,--,55,96635,卖盘
39,14:56:01,17.57,0.01,10,17570,卖盘
40,14:55:51,17.56,--,0,0,卖盘
41,14:55:46,17.56,-0.01,1030,1808679,卖盘
42,14:55:41,17.57,-0.01,44,77308,卖盘
43,14:55:36,17.58,0.01,43,75593,买盘
44,14:55:31,17.57,0.01,11,19327,中性盘
45,14:55:26,17.56,-0.02,28,49168,卖盘
46,14:55:21,17.58,0.02,551,968657,买盘
47,14:55:16,17.56,--,3,5268,卖盘
48,14:55:11,17.56,--,15,26339,卖盘
49,14:55:06,17.56,0.01,35,61459,卖盘
50,14:55:01,17.55,-0.01,40,70200,卖盘
51,14:54:56,17.56,--,90,158479,买盘
52,14:54:51,17.56,0.01,2,3511,买盘
53,14:54:46,17.55,-0.01,220,386100,卖盘
54,14:54:41,17.56,0.01,1,1755,买盘
55,14:54:36,17.55,-0.01,83,145665,卖盘
56,14:54:31,17.56,--,13,22828,买盘
57,14:54:21,17.56,--,80,140585,买盘
58,14:54:16,17.56,--,188,331445,卖盘
59,14:54:06,17.56,--,27,47412,卖盘
60,14:54:01,17.56,--,2,3511,卖盘
61,14:53:46,17.56,-0.01,192,338170,卖盘
62,14:53:41,17.57,-0.02,8,14056,买盘
63,14:53:21,17.59,0.03,430,756370,买盘
64,14:53:06,17.56,-0.01,131,230071,卖盘
65,14:53:01,17.57,0.01,12,21084,中性盘
66,14:52:51,17.56,-0.03,11,19316,卖盘
67,14:52:46,17.59,--,13,22867,买盘
68,14:52:40,17.59,0.02,3,5277,买盘
69,14:52:36,17.57,--,268,470876,卖盘
70,14:52:31,17.57,-0.02,14,24598,卖盘
71,14:52:25,17.59,--,8,14072,买盘
72,14:52:21,17.59,--,24,42216,买盘
73,14:52:15,17.59,0.03,1,1759,买盘
74,14:52:06,17.56,0.01,70,124061,卖盘
75,14:51:55,17.55,--,0,0,卖盘
76,14:51:51,17.55,-0.04,13,22815,卖盘
77,14:51:45,17.59,--,459,807381,买盘
78,14:51:36,17.59,0.02,362,636758,买盘
79,14:51:30,17.57,--,10,17570,卖盘
80,14:51:21,17.57,--,2,3514,卖盘
81,14:51:15,17.57,--,0,0,中性盘
82,14:51:10,17.57,-0.03,5,8785,买盘
83,14:51:06,17.6,0.04,1426,2509760,买盘
84,14:51:00,17.56,--,4,7023,卖盘
85,14:50:51,17.56,-0.03,16,28095,卖盘
86,14:50:45,17.59,-0.01,1023,1799457,买盘
87,14:50:40,17.6,0.02,2330,4100800,买盘
88,14:50:36,17.58,-0.01,265,465869,卖盘
89,14:50:30,17.59,0.01,1,1759,卖盘
90,14:50:25,17.58,-0.01,59,103721,卖盘
91,14:50:21,17.59,--,2,3518,卖盘
92,14:50:15,17.59,--,2245,3948955,卖盘
93,14:50:06,17.59,--,2,3518,卖盘
94,14:50:00,17.59,0.01,877,1542959,买盘
95,14:49:55,17.58,0.01,410,720779,买盘
96,14:49:50,17.57,0.01,56,98392,买盘
97,14:49:45,17.56,--,5,8780,卖盘
98,14:49:40,17.56,--,0,0,卖盘
99,14:49:35,17.56,-0.02,261,458315,卖盘
100,14:49:30,17.58,0.02,50,87899,买盘
101,14:49:25,17.56,-0.01,11,19316,卖盘
102,14:49:21,17.57,--,0,0,中性盘
103,14:49:15,17.57,0.01,14,24598,买盘
104,14:49:10,17.56,--,161,282716,买盘
105,14:49:05,17.56,0.01,100,175600,买盘
106,14:49:00,17.55,--,1,1755,卖盘
107,14:48:55,17.55,-0.01,126,221130,卖盘
108,14:48:50,17.56,0.01,382,670792,买盘
109,14:48:45,17.55,--,193,338715,卖盘
110,14:48:40,17.55,--,6,10530,卖盘
111,14:48:35,17.55,-0.01,271,475605,卖盘
112,14:48:30,17.56,--,2225,3907099,卖盘
113,14:48:25,17.56,--,30,52679,卖盘
114,14:48:20,17.56,--,200,351200,卖盘
115,14:48:15,17.56,--,4,7023,卖盘
116,14:48:10,17.56,--,30,52679,卖盘
117,14:48:05,17.56,--,6,10536,卖盘
118,14:48:00,17.56,--,14,24584,卖盘
119,14:47:55,17.56,--,98,173352,买盘
120,14:47:50,17.56,--,9,15803,买盘
121,14:47:45,17.56,-0.01,153,269159,卖盘
122,14:47:40,17.57,0.01,521,915397,中性盘
123,14:47:35,17.56,--,378,663926,卖盘
124,14:47:25,17.56,-0.01,3,5268,卖盘
125,14:47:15,17.57,--,25,44627,卖盘
126,14:47:10,17.57,-0.01,6,10542,卖盘
127,14:47:05,17.58,0.01,1,1757,买盘
128,14:47:00,17.57,--,28,49196,卖盘
129,14:46:55,17.57,0.01,250,440304,买盘
130,14:46:45,17.56,--,80,140480,卖盘
131,14:46:40,17.56,--,6,10536,卖盘
132,14:46:35,17.56,-0.01,262,460071,卖盘
133,14:46:25,17.57,0.01,5,8785,买盘
134,14:46:20,17.56,--,9,15803,卖盘
135,14:46:15,17.56,-0.01,64,113297,卖盘
136,14:46:10,17.57,0.01,268,470876,买盘
137,14:46:00,17.56,--,68,119407,卖盘
138,14:45:55,17.56,--,91,159796,卖盘
139,14:45:49,17.56,-0.01,193,340172,卖盘
140,14:45:45,17.57,0.01,50,87850,买盘
141,14:45:40,17.56,--,92,161552,卖盘
142,14:45:34,17.56,-0.01,261,458315,卖盘
143,14:45:25,17.57,--,1,1757,买盘
144,14:45:19,17.57,--,4,7028,买盘
145,14:45:15,17.57,--,26,45682,买盘
146,14:45:10,17.57,0.01,80,140560,买盘
147,14:45:00,17.56,-0.01,3,5268,卖盘
148,14:44:54,17.57,--,147,258279,买盘
149,14:44:45,17.57,--,30,52710,买盘
150,14:44:39,17.57,0.01,103,180971,买盘
151,14:44:34,17.56,-0.01,262,460071,卖盘
152,14:44:30,17.57,--,54,94878,买盘
153,14:44:24,17.57,--,2353,4134221,卖盘
154,14:44:19,17.57,--,51,89607,卖盘
155,14:44:15,17.57,-0.01,5,8785,卖盘
156,14:44:04,17.58,0.01,10,17580,买盘
157,14:44:00,17.57,--,3,5271,卖盘
158,14:43:54,17.57,--,51,89607,买盘
159,14:43:49,17.57,--,55,96635,买盘
160,14:43:45,17.57,0.01,3,5271,中性盘
161,14:43:34,17.56,-0.03,261,458315,卖盘
162,14:43:30,17.59,0.02,2,3518,买盘
163,14:43:24,17.57,-0.02,8,14056,卖盘
164,14:43:15,17.59,0.01,59,103781,买盘
165,14:43:04,17.58,0.01,41,72078,买盘
166,14:43:00,17.57,0.01,6,10542,卖盘
167,14:42:54,17.56,-0.03,85,149260,卖盘
168,14:42:49,17.59,0.03,910,1600690,买盘
169,14:42:44,17.56,--,51,89556,卖盘
170,14:42:39,17.56,-0.01,160,280960,卖盘
171,14:42:34,17.57,0.02,672,1181389,买盘
172,14:42:29,17.55,--,26,45630,卖盘
173,14:42:24,17.55,--,217,380835,卖盘
174,14:42:19,17.55,--,40,70200,卖盘
175,14:42:14,17.55,--,2,3510,卖盘
176,14:42:09,17.55,-0.01,54,94770,卖盘
177,14:42:04,17.56,0.01,1,1755,买盘
178,14:41:59,17.55,--,17,29835,卖盘
179,14:41:54,17.55,-0.01,118,207090,卖盘
180,14:41:49,17.56,--,36,63215,买盘
181,14:41:44,17.56,--,197,345932,中性盘
182,14:41:39,17.56,--,170,298520,卖盘
183,14:41:34,17.56,--,812,1425872,卖盘
184,14:41:29,17.56,--,278,488167,卖盘
185,14:41:24,17.56,--,252,442511,卖盘
186,14:41:19,17.56,--,275,482899,卖盘
187,14:41:14,17.56,--,5,8780,卖盘
188,14:41:09,17.56,--,85,149260,卖盘
189,14:41:04,17.56,--,84,148364,卖盘
190,14:40:59,17.56,--,11,19316,卖盘
191,14:40:54,17.56,--,29,50923,卖盘
192,14:40:49,17.56,--,255,447779,卖盘
193,14:40:44,17.56,-0.01,41,71996,卖盘
194,14:40:39,17.57,--,240,422663,卖盘
195,14:40:34,17.57,--,287,504259,卖盘
196,14:40:29,17.57,--,33,59298,卖盘
197,14:40:24,17.57,--,226,397082,卖盘
198,14:40:19,17.57,--,177,310989,卖盘
199,14:40:14,17.57,--,64,112448,卖盘
200,14:40:09,17.57,--,9,15813,卖盘
201,14:40:04,17.57,--,75,131775,卖盘
202,14:39:54,17.57,--,354,621978,卖盘
203,14:39:49,17.57,--,236,414652,卖盘
204,14:39:44,17.57,--,2,3514,卖盘
205,14:39:39,17.57,--,45,79065,卖盘
206,14:39:34,17.57,--,282,495474,卖盘
207,14:39:28,17.57,--,20,35140,卖盘
208,14:39:24,17.57,--,32,56224,卖盘
209,14:39:19,17.57,-0.01,100,175700,卖盘
210,14:39:13,17.58,--,29,50981,买盘
211,14:39:04,17.58,-0.01,1,1757,买盘
212,14:38:54,17.59,0.02,1607,2826713,买盘
213,14:38:48,17.57,-0.01,3358,5900006,卖盘
214,14:38:43,17.58,--,20,35160,卖盘
215,14:38:39,17.58,--,3,5273,卖盘
216,14:38:33,17.58,--,271,476417,卖盘
217,14:38:28,17.58,--,20,35160,卖盘
218,14:38:24,17.58,-0.01,215,377969,卖盘
219,14:38:18,17.59,0.01,11,19349,买盘
220,14:38:13,17.58,-0.01,150,263700,卖盘
221,14:38:09,17.59,--,13,22867,买盘
222,14:38:03,17.59,--,18,31767,卖盘
223,14:37:58,17.59,--,127,223393,卖盘
224,14:37:54,17.59,-0.01,333,585747,卖盘
225,14:37:48,17.6,0.01,6,10560,买盘
226,14:37:43,17.59,--,36,63324,卖盘
227,14:37:39,17.59,--,390,686010,卖盘
228,14:37:33,17.59,--,588,1034292,卖盘
229,14:37:28,17.59,--,194,341246,卖盘
230,14:37:24,17.59,--,32,56288,卖盘
231,14:37:18,17.59,--,7,12313,卖盘
232,14:37:13,17.59,--,3,5277,卖盘
233,14:37:09,17.59,--,54,94986,卖盘
234,14:37:03,17.59,-0.01,251,441509,卖盘
235,14:36:58,17.6,0.01,2,3520,买盘
236,14:36:54,17.59,-0.01,382,671938,卖盘
237,14:36:48,17.6,0.01,52,91520,买盘
238,14:36:39,17.59,--,133,233947,卖盘
239,14:36:33,17.59,--,634,1115206,卖盘
240,14:36:28,17.59,-0.01,3,5277,卖盘
241,14:36:23,17.6,0.01,9,15840,买盘
242,14:36:18,17.59,-0.01,3,5277,卖盘
243,14:36:08,17.6,--,2,3520,买盘
244,14:35:53,17.6,0.01,76,133760,买盘
245,14:35:48,17.59,-0.01,84,147756,卖盘
246,14:35:43,17.6,0.01,24,42240,买盘
247,14:35:38,17.59,--,29,51011,卖盘
248,14:35:33,17.59,--,302,531218,卖盘
249,14:35:28,17.59,--,43,75637,卖盘
250,14:35:23,17.59,--,31,54529,卖盘
251,14:35:18,17.59,--,47,82673,卖盘
252,14:35:13,17.59,--,22,38698,卖盘
253,14:35:03,17.59,--,7,12313,卖盘
254,14:34:58,17.59,--,11,19349,卖盘
255,14:34:53,17.59,--,13,22867,卖盘
256,14:34:48,17.59,--,206,362354,卖盘
257,14:34:43,17.59,--,20,35180,卖盘
258,14:34:33,17.59,--,112,197008,卖盘
259,14:34:13,17.59,--,40,70360,卖盘
260,14:34:08,17.59,--,10,17590,卖盘
261,14:34:03,17.59,--,30,52770,卖盘
262,14:33:58,17.59,--,10,17590,卖盘
263,14:33:53,17.59,--,12,21108,卖盘
264,14:33:48,17.59,-0.01,102,179418,卖盘
265,14:33:43,17.6,0.01,1,1760,买盘
266,14:33:38,17.59,--,107,188213,卖盘
267,14:33:33,17.59,--,102,179418,卖盘
268,14:33:23,17.59,-0.01,6,10554,卖盘
269,14:33:18,17.6,0.01,1,1760,买盘
270,14:33:13,17.59,--,10,17590,卖盘
271,14:33:03,17.59,--,96,168864,卖盘
272,14:32:58,17.59,--,20,35180,卖盘
273,14:32:52,17.59,--,13,22867,卖盘
274,14:32:48,17.59,--,24,42216,卖盘
275,14:32:43,17.59,--,10,17590,卖盘
276,14:32:33,17.59,--,1,1759,卖盘
277,14:32:28,17.59,-0.01,6,10554,卖盘
278,14:32:22,17.6,--,71,124960,买盘
279,14:32:18,17.6,0.01,68,119680,买盘
280,14:32:13,17.59,-0.01,369,649071,卖盘
281,14:32:07,17.6,--,161,283360,买盘
282,14:32:02,17.6,-0.01,819,1441440,卖盘
283,14:31:58,17.61,0.02,312,549432,买盘
284,14:31:52,17.59,-0.02,56,99717,卖盘
285,14:31:48,17.61,0.01,1006,1772111,买盘
286,14:31:43,17.6,0.01,1384,2435840,买盘
287,14:31:37,17.59,--,50,87950,卖盘
288,14:31:33,17.59,-0.01,184,323656,卖盘
289,14:31:27,17.6,0.01,119,209440,买盘
290,14:31:22,17.59,-0.01,56,98504,卖盘
291,14:31:18,17.6,0.01,302,531520,买盘
292,14:31:12,17.59,--,130,228670,卖盘
293,14:31:07,17.59,-0.01,221,388739,卖盘
294,14:31:02,17.6,0.01,125,220000,买盘
295,14:30:57,17.59,--,76,133684,卖盘
296,14:30:52,17.59,--,23,40457,卖盘
297,14:30:48,17.59,--,124,218116,卖盘
298,14:30:37,17.59,-0.01,2,3518,卖盘
299,14:30:33,17.6,0.01,39,68640,买盘
300,14:30:27,17.59,--,74,130166,卖盘
301,14:30:22,17.59,--,16,28144,卖盘
302,14:30:17,17.59,-0.01,45,79155,卖盘
303,14:30:12,17.6,0.01,49,86240,买盘
304,14:30:07,17.59,--,16,28144,卖盘
305,14:30:02,17.59,-0.01,109,191731,卖盘
306,14:29:57,17.6,0.01,2111,3715360,买盘
307,14:29:52,17.59,--,14,24626,卖盘
308,14:29:47,17.59,--,45,79155,卖盘
309,14:29:42,17.59,--,19,33421,卖盘
310,14:29:37,17.59,--,10,17590,卖盘
311,14:29:32,17.59,--,4,7036,卖盘
312,14:29:27,17.59,--,623,1097510,卖盘
313,14:29:22,17.59,-0.01,169,297271,卖盘
314,14:29:17,17.6,0.01,6,10560,买盘
315,14:29:12,17.59,--,5,8795,卖盘
316,14:29:07,17.59,--,3,5277,卖盘
317,14:29:02,17.59,--,10,17590,卖盘
318,14:28:52,17.59,-0.01,262,460858,卖盘
319,14:28:47,17.6,--,18,31680,买盘
320,14:28:42,17.6,--,71,124960,买盘
321,14:28:32,17.6,--,2352,4140646,卖盘
322,14:28:27,17.6,--,140,246400,卖盘
323,14:28:22,17.6,--,1256,2210560,卖盘
324,14:28:12,17.6,--,70,123200,卖盘
325,14:28:02,17.6,--,16,28160,卖盘
326,14:27:57,17.6,--,29,51040,卖盘
327,14:27:52,17.6,--,64,112640,卖盘
328,14:27:47,17.6,--,440,774400,卖盘
329,14:27:42,17.6,--,34,59840,卖盘
330,14:27:37,17.6,--,41,72160,卖盘
331,14:27:32,17.6,--,5,8800,卖盘
332,14:27:27,17.6,--,65,114400,卖盘
333,14:27:22,17.6,--,92,161920,卖盘
334,14:27:17,17.6,--,10,17600,卖盘
335,14:27:12,17.6,--,12,21120,卖盘
336,14:27:07,17.6,--,18,31680,卖盘
337,14:27:02,17.6,--,10,17600,卖盘
338,14:26:57,17.6,--,4,7040,卖盘
339,14:26:52,17.6,--,23,40480,卖盘
340,14:26:42,17.6,--,31,54560,卖盘
341,14:26:37,17.6,--,40,70400,卖盘
342,14:26:27,17.6,--,1,1760,卖盘
343,14:26:22,17.6,--,119,209440,卖盘
344,14:26:16,17.6,--,100,176000,卖盘
345,14:26:12,17.6,--,8,14080,卖盘
346,14:26:07,17.6,--,49,86240,卖盘
347,14:26:02,17.6,--,2,3520,卖盘
348,14:25:52,17.6,-0.01,20,35200,卖盘
349,14:25:42,17.61,--,32,56352,买盘
350,14:25:37,17.61,--,2,3522,买盘
351,14:25:27,17.61,0.01,24,42264,买盘
352,14:25:21,17.6,--,5,8800,卖盘
353,14:25:16,17.6,--,19,33440,卖盘
354,14:25:11,17.6,-0.01,15,26400,卖盘
355,14:25:06,17.61,0.01,5,8805,买盘
356,14:24:51,17.6,-0.01,15,26400,卖盘
357,14:24:46,17.61,0.01,9,15849,买盘
358,14:24:31,17.6,-0.01,21,36960,卖盘
359,14:24:26,17.61,0.01,54,95094,买盘
360,14:24:06,17.6,--,22,38720,卖盘
361,14:23:57,17.6,--,17,29920,卖盘
362,14:23:51,17.6,-0.01,13,22880,卖盘
363,14:23:46,17.61,0.01,5,8805,买盘
364,14:23:41,17.6,-0.01,23,40480,卖盘
365,14:23:31,17.61,--,42,73962,卖盘
366,14:23:26,17.61,0.01,25,44025,买盘
367,14:23:21,17.6,-0.02,71,124960,卖盘
368,14:23:16,17.62,0.01,24,43169,买盘
369,14:23:11,17.61,--,157,277357,卖盘
370,14:23:06,17.61,--,433,763393,买盘
371,14:23:01,17.61,--,85,149685,买盘
372,14:22:56,17.61,0.01,82,144402,买盘
373,14:22:51,17.6,--,67,117920,卖盘
374,14:22:36,17.6,--,381,670560,卖盘
375,14:22:26,17.6,--,40,70400,卖盘
376,14:22:21,17.6,--,66,116160,卖盘
377,14:22:11,17.6,--,5,8800,卖盘
378,14:22:06,17.6,--,5,8800,卖盘
379,14:22:01,17.6,--,4,7040,卖盘
380,14:21:56,17.6,--,50,88000,卖盘
381,14:21:51,17.6,--,13,22880,卖盘
382,14:21:46,17.6,--,2,3520,卖盘
383,14:21:41,17.6,--,70,123200,卖盘
384,14:21:31,17.6,--,1,1760,卖盘
385,14:21:26,17.6,-0.01,27,47520,卖盘
386,14:21:21,17.61,0.01,135,237735,买盘
387,14:21:16,17.6,--,21,36960,卖盘
388,14:21:11,17.6,--,25,44000,卖盘
389,14:21:06,17.6,--,13,22880,卖盘
390,14:21:01,17.6,--,29,51040,卖盘
391,14:20:56,17.6,--,23,40480,卖盘
392,14:20:51,17.6,-0.01,12,21120,卖盘
393,14:20:41,17.61,--,12,21167,卖盘
394,14:20:36,17.61,--,20,35220,卖盘
395,14:20:31,17.61,--,53,93333,卖盘
396,14:20:26,17.61,--,18,31698,卖盘
397,14:20:21,17.61,--,61,107421,卖盘
398,14:20:16,17.61,--,111,195471,卖盘
399,14:20:11,17.61,--,3,5283,卖盘
400,14:20:06,17.61,--,39,68679,卖盘
401,14:20:01,17.61,--,39,68679,卖盘
402,14:19:56,17.61,--,3,5283,卖盘
403,14:19:51,17.61,--,143,251823,卖盘
404,14:19:46,17.61,-0.01,33,58113,卖盘
405,14:19:41,17.62,0.01,33,58146,买盘
406,14:19:36,17.61,-0.01,35,61635,卖盘
407,14:19:31,17.62,0.01,50,88100,买盘
408,14:19:21,17.61,-0.01,80,140880,卖盘
409,14:19:16,17.62,0.01,115,202841,买盘
410,14:19:11,17.61,-0.01,50,88050,卖盘
411,14:19:06,17.62,0.01,53,93386,买盘
412,14:19:01,17.61,-0.01,49,86289,卖盘
413,14:18:56,17.62,0.01,23,40526,买盘
414,14:18:51,17.61,--,71,125031,卖盘
415,14:18:46,17.61,--,16,28176,卖盘
416,14:18:41,17.61,--,7,12327,卖盘
417,14:18:36,17.61,0.01,1643,2894837,买盘
418,14:18:21,17.6,0.01,1036,1823993,买盘
419,14:18:15,17.59,--,1039,1827601,卖盘
420,14:18:06,17.59,--,200,351800,卖盘
421,14:18:00,17.59,--,61,107299,卖盘
422,14:17:55,17.59,--,46,80914,卖盘
423,14:17:51,17.59,-0.01,13,22867,卖盘
424,14:17:45,17.6,0.01,286,503360,买盘
425,14:17:35,17.59,--,20,35180,卖盘
426,14:17:30,17.59,--,20,35180,卖盘
427,14:17:20,17.59,--,32,56288,卖盘
428,14:17:15,17.59,0.01,222,390498,买盘
429,14:17:10,17.58,--,17,29885,卖盘
430,14:17:05,17.58,--,33,58013,卖盘
431,14:17:00,17.58,-0.01,17,29885,卖盘
432,14:16:55,17.59,0.01,9,15831,买盘
433,14:16:50,17.58,-0.01,22,38675,卖盘
434,14:16:20,17.59,--,62,109058,买盘
435,14:16:15,17.59,0.01,1,1759,买盘
436,14:16:05,17.58,--,6,10547,卖盘
437,14:15:59,17.58,-0.01,58,101963,卖盘
438,14:15:55,17.59,0.01,1,1759,买盘
439,14:15:50,17.58,-0.01,13,22853,卖盘
440,14:15:45,17.59,0.01,20,35180,买盘
441,14:15:40,17.58,--,36,63287,卖盘
442,14:15:30,17.58,-0.01,4,7031,卖盘
443,14:15:25,17.59,--,8,14072,卖盘
444,14:15:20,17.59,0.01,61,107299,买盘
445,14:15:15,17.58,-0.01,52,91415,卖盘
446,14:15:10,17.59,--,1,1759,卖盘
447,14:15:00,17.59,--,16,28144,卖盘
448,14:14:50,17.59,--,26,45734,卖盘
449,14:14:35,17.59,-0.01,36,63324,卖盘
450,14:14:30,17.6,--,14,24640,买盘
451,14:14:20,17.6,--,2,3520,买盘
452,14:14:15,17.6,0.01,3,5280,买盘
453,14:14:10,17.59,--,27,47493,卖盘
454,14:14:05,17.59,-0.01,20,35180,卖盘
455,14:14:00,17.6,0.01,26,45760,买盘
456,14:13:50,17.59,-0.01,13,22867,卖盘
457,14:13:45,17.6,0.01,1,1760,买盘
458,14:13:40,17.59,--,3,5277,卖盘
459,14:13:30,17.59,0.01,65,114335,买盘
460,14:13:25,17.58,-0.02,91,159977,卖盘
461,14:13:15,17.6,0.01,79,139040,买盘
462,14:13:10,17.59,--,0,0,卖盘
463,14:13:05,17.59,--,50,87950,买盘
464,14:13:00,17.59,0.01,94,165346,买盘
465,14:12:55,17.58,--,21,36918,卖盘
466,14:12:50,17.58,--,3,5273,卖盘
467,14:12:45,17.58,-0.01,1,1757,卖盘
468,14:12:40,17.59,0.01,94,165346,买盘
469,14:12:29,17.58,--,3,5273,卖盘
470,14:12:25,17.58,-0.01,3,5273,卖盘
471,14:12:20,17.59,0.01,4,7036,买盘
472,14:12:15,17.58,--,39,68562,卖盘
473,14:12:10,17.58,--,72,127085,卖盘
474,14:12:00,17.58,--,21,36918,卖盘
475,14:11:55,17.58,--,51,89657,卖盘
476,14:11:45,17.58,--,18,31643,卖盘
477,14:11:30,17.58,--,34,59771,卖盘
478,14:11:20,17.58,--,6,10547,卖盘
479,14:11:15,17.58,--,10,17580,卖盘
480,14:11:04,17.58,--,5,8790,卖盘
481,14:10:54,17.58,--,17,29885,卖盘
482,14:10:49,17.58,-0.01,2,3515,卖盘
483,14:10:35,17.59,--,9,15831,买盘
484,14:10:23,17.59,--,19,33421,买盘
485,14:10:19,17.59,--,1,1759,买盘
486,14:10:14,17.59,--,48,84432,买盘
487,14:09:59,17.59,-0.01,14,24626,中性盘
488,14:09:53,17.6,-0.01,84,148966,卖盘
489,14:09:49,17.61,0.01,20,35220,买盘
490,14:09:44,17.6,-0.01,12,21120,卖盘
491,14:09:39,17.61,--,45,79245,买盘
492,14:09:34,17.61,0.01,10,17610,买盘
493,14:09:29,17.6,-0.01,53,93280,卖盘
494,14:09:23,17.61,0.01,11,19371,买盘
495,14:09:04,17.6,--,1,1760,卖盘
496,14:08:54,17.6,0.02,5333,9386713,买盘
497,14:08:44,17.58,--,10,17580,买盘
498,14:08:34,17.58,0.01,138,242603,买盘
499,14:08:29,17.57,-0.01,20,35140,卖盘
500,14:08:23,17.58,0.01,4,7031,买盘
501,14:08:19,17.57,--,1,2284,卖盘
502,14:08:08,17.57,-0.01,25,43925,卖盘
503,14:08:04,17.58,--,2,3515,买盘
504,14:07:53,17.58,--,17,29885,买盘
505,14:07:44,17.58,--,23,40433,买盘
506,14:07:14,17.58,0.01,33,58013,买盘
507,14:07:04,17.57,--,1,1757,卖盘
508,14:06:53,17.57,-0.01,13,22841,卖盘
509,14:06:44,17.58,--,59,103721,买盘
510,14:06:38,17.58,--,95,167009,买盘
511,14:06:23,17.58,--,5,8790,买盘
512,14:06:19,17.58,--,82,144156,买盘
513,14:06:04,17.58,0.01,13,22853,买盘
514,14:05:53,17.57,-0.01,13,22841,卖盘
515,14:05:49,17.58,--,150,263700,买盘
516,14:05:43,17.58,0.01,27,47641,买盘
517,14:05:34,17.57,-0.01,4,7028,卖盘
518,14:05:19,17.58,--,114,200411,买盘
519,14:05:08,17.58,0.01,110,193379,买盘
520,14:04:53,17.57,--,12,21084,卖盘
521,14:04:49,17.57,--,22,38654,卖盘
522,14:04:38,17.57,-0.01,6,10542,卖盘
523,14:04:28,17.58,--,20,35160,买盘
524,14:04:23,17.58,0.01,22,38675,买盘
525,14:04:08,17.57,--,0,0,卖盘
526,14:04:02,17.57,--,1227,2155839,卖盘
527,14:03:53,17.57,-0.01,13,22841,卖盘
528,14:03:28,17.58,--,55,98061,卖盘
529,14:03:23,17.58,--,6,10547,卖盘
530,14:03:17,17.58,--,32,56255,卖盘
531,14:03:08,17.58,--,1,1757,卖盘
532,14:02:53,17.58,--,13,22853,卖盘
533,14:02:47,17.58,--,167,293586,卖盘
534,14:02:38,17.58,--,240,421919,卖盘
535,14:02:32,17.58,--,7,12305,卖盘
536,14:02:23,17.58,--,10,17580,卖盘
537,14:02:17,17.58,--,30,52739,卖盘
538,14:02:13,17.58,0.02,793,1394480,买盘
539,14:02:02,17.56,-0.01,2,3511,卖盘
540,14:01:53,17.57,--,158,277606,买盘
541,14:01:47,17.57,--,4,7028,买盘
542,14:01:43,17.57,0.01,20,35140,买盘
543,14:01:38,17.56,-0.01,5,8780,卖盘
544,14:01:23,17.57,--,82,144074,买盘
545,14:01:17,17.57,--,15,26355,买盘
546,14:01:13,17.57,0.01,4,7028,买盘
547,14:01:08,17.56,-0.01,37,65270,卖盘
548,14:01:02,17.57,--,37,65009,买盘
549,14:00:58,17.57,--,62,108934,买盘
550,14:00:53,17.57,0.01,142,249494,买盘
551,14:00:47,17.56,--,4,7023,卖盘
552,14:00:38,17.56,--,140,245839,卖盘
553,14:00:32,17.56,-0.01,31,54435,卖盘
554,14:00:28,17.57,0.01,4,7028,买盘
555,14:00:23,17.56,--,58,101847,卖盘
556,14:00:08,17.56,--,2,3511,卖盘
557,14:00:02,17.56,-0.01,3,5268,卖盘
558,13:59:58,17.57,0.01,68,119476,买盘
559,13:59:53,17.56,--,58,101847,卖盘
560,13:59:47,17.56,--,8,14047,卖盘
561,13:59:32,17.56,--,372,653232,卖盘
562,13:59:23,17.56,--,5,8780,卖盘
563,13:59:13,17.56,--,26,45656,卖盘
564,13:59:02,17.56,--,39,68484,卖盘
565,13:58:52,17.56,--,15,26339,卖盘
566,13:58:32,17.56,-0.02,73,128187,卖盘
567,13:58:23,17.58,--,0,0,买盘
568,13:58:17,17.58,--,284,499271,卖盘
569,13:58:13,17.58,--,3,5273,卖盘
570,13:58:07,17.58,--,2,3515,卖盘
571,13:58:02,17.58,0.01,725,1274549,买盘
572,13:57:58,17.57,--,224,393568,卖盘
573,13:57:52,17.57,--,13,22841,卖盘
574,13:57:43,17.57,--,2,3514,卖盘
575,13:57:37,17.57,-0.01,27,47439,卖盘
576,13:57:26,17.58,--,129,226781,买盘
577,13:57:22,17.58,0.01,42,73836,买盘
578,13:57:11,17.57,--,16,28112,卖盘
579,13:57:02,17.57,--,123,216111,卖盘
580,13:56:56,17.57,--,20,35140,卖盘
581,13:56:52,17.57,-0.01,3,5271,卖盘
582,13:56:47,17.58,0.01,42,73836,买盘
583,13:56:41,17.57,--,7,12299,卖盘
584,13:56:37,17.57,--,30,52710,卖盘
585,13:56:32,17.57,--,3,5271,卖盘
586,13:56:26,17.57,--,1,1757,卖盘
587,13:56:17,17.57,--,5,8785,卖盘
588,13:56:11,17.57,--,52,91364,卖盘
589,13:56:07,17.57,--,50,87850,卖盘
590,13:56:02,17.57,-0.01,82,144074,卖盘
591,13:55:56,17.58,0.01,2,3515,买盘
592,13:55:52,17.57,-0.01,13,22841,卖盘
593,13:55:47,17.58,0.01,71,124817,买盘
594,13:55:41,17.57,-0.01,23,40411,卖盘
595,13:55:37,17.58,--,62,108995,买盘
596,13:55:32,17.58,--,62,108995,买盘
597,13:55:26,17.58,0.01,287,504545,买盘
598,13:55:17,17.57,--,4,7028,卖盘
599,13:55:11,17.57,--,41,72037,卖盘
600,13:55:02,17.57,--,62,108934,卖盘
601,13:54:52,17.57,--,15,26355,卖盘
602,13:54:47,17.57,--,25,43925,卖盘
603,13:54:26,17.57,0.01,208,365456,买盘
604,13:54:22,17.56,-0.01,22,38632,卖盘
605,13:54:17,17.57,0.01,286,502502,买盘
606,13:54:11,17.56,-0.01,126,221255,卖盘
607,13:54:07,17.57,0.01,23,40411,买盘
608,13:54:02,17.56,--,42,73752,卖盘
609,13:53:56,17.56,--,21,36876,卖盘
610,13:53:52,17.56,--,12,21072,卖盘
611,13:53:41,17.56,-0.01,4,7023,卖盘
612,13:53:32,17.57,--,9,15813,买盘
613,13:53:26,17.57,--,13,23227,卖盘
614,13:53:22,17.57,--,5,8785,卖盘
615,13:53:17,17.57,--,53,93121,卖盘
616,13:53:07,17.57,--,131,230167,卖盘
617,13:53:02,17.57,--,125,219625,卖盘
618,13:52:56,17.57,--,6,10542,卖盘
619,13:52:52,17.57,-0.01,38,66766,卖盘
620,13:52:47,17.58,0.01,6,10547,买盘
621,13:52:41,17.57,-0.01,20,35140,卖盘
622,13:52:32,17.58,0.01,1,1757,买盘
623,13:52:26,17.57,-0.01,51,89607,卖盘
624,13:52:22,17.58,0.01,6,10547,买盘
625,13:52:11,17.57,--,20,35140,卖盘
626,13:52:02,17.57,--,96,168672,卖盘
627,13:51:52,17.57,--,37,65009,卖盘
628,13:51:41,17.57,-0.01,21,36897,卖盘
629,13:51:37,17.58,0.01,33,58013,买盘
630,13:51:32,17.57,-0.01,5,8785,卖盘
631,13:51:26,17.58,0.01,5,8790,买盘
632,13:51:22,17.57,--,29,50953,卖盘
633,13:51:02,17.57,--,78,137046,卖盘
634,13:50:56,17.57,--,30,52710,卖盘
635,13:50:51,17.57,--,63,110691,卖盘
636,13:50:47,17.57,-0.01,15,26355,卖盘
637,13:50:35,17.58,--,50,87899,买盘
638,13:50:31,17.58,0.01,7,12305,买盘
639,13:50:26,17.57,--,3,5271,卖盘
640,13:50:01,17.57,--,132,231924,卖盘
641,13:49:50,17.57,-0.01,13,22841,卖盘
642,13:49:46,17.58,0.01,60,105479,买盘
643,13:49:35,17.57,-0.01,3,5271,卖盘
644,13:49:31,17.58,0.01,20,35160,买盘
645,13:49:26,17.57,-0.01,105,184485,卖盘
646,13:49:20,17.58,--,143,251393,买盘
647,13:49:05,17.58,0.01,68,119543,买盘
648,13:48:56,17.57,-0.01,50,87850,卖盘
649,13:48:50,17.58,--,113,198653,买盘
650,13:48:46,17.58,--,53,93173,买盘
651,13:48:41,17.58,--,124,217991,买盘
652,13:48:35,17.58,--,595,1046009,买盘
653,13:48:31,17.58,0.01,249,437741,买盘
654,13:48:26,17.57,--,160,281120,卖盘
655,13:48:20,17.57,-0.01,50,87850,卖盘
656,13:48:16,17.58,0.01,1,1757,买盘
657,13:48:11,17.57,--,64,112448,卖盘
658,13:48:05,17.57,--,90,158130,卖盘
659,13:47:56,17.57,--,56,98392,卖盘
660,13:47:50,17.57,--,12,21084,卖盘
661,13:47:35,17.57,--,39,68523,卖盘
662,13:47:31,17.57,-0.01,1,1757,卖盘
663,13:47:26,17.58,0.01,10,17580,买盘
664,13:47:20,17.57,--,103,180971,卖盘
665,13:47:05,17.57,--,42,73794,卖盘
666,13:47:01,17.57,--,60,105420,卖盘
667,13:46:56,17.57,--,3,5271,卖盘
668,13:46:50,17.57,--,63,110691,卖盘
669,13:46:41,17.57,--,32,56224,卖盘
670,13:46:35,17.57,-0.01,39,68523,卖盘
671,13:46:31,17.58,--,3,5273,买盘
672,13:46:26,17.58,0.01,90,158219,买盘
673,13:46:05,17.57,-0.01,39,68523,卖盘
674,13:46:01,17.58,--,172,302375,买盘
675,13:45:56,17.58,0.01,14,24611,买盘
676,13:45:50,17.57,--,113,198541,卖盘
677,13:45:46,17.57,-0.01,3,5271,卖盘
678,13:45:35,17.58,0.01,242,425435,买盘
679,13:45:25,17.57,--,10,17570,卖盘
680,13:45:20,17.57,-0.01,1,1757,卖盘
681,13:45:11,17.58,0.01,138,242603,买盘
682,13:45:05,17.57,--,83,145831,卖盘
683,13:45:01,17.57,--,39,68523,卖盘
684,13:44:56,17.57,--,11,19327,卖盘
685,13:44:50,17.57,-0.01,23,40411,卖盘
686,13:44:41,17.58,0.01,22,38675,买盘
687,13:44:35,17.57,-0.01,39,68523,卖盘
688,13:44:31,17.58,0.01,3,5273,买盘
689,13:44:25,17.57,--,76,133532,卖盘
690,13:44:20,17.57,-0.01,6,10542,卖盘
691,13:44:15,17.58,--,46,80867,卖盘
692,13:44:10,17.58,-0.01,80,140640,卖盘
693,13:43:56,17.59,0.01,189,332451,买盘
694,13:43:50,17.58,--,17,29885,卖盘
695,13:43:44,17.58,--,7,12305,卖盘
696,13:43:40,17.58,--,11,19337,卖盘
697,13:43:35,17.58,0.01,170,298860,买盘
698,13:43:29,17.57,--,5,8785,卖盘
699,13:43:25,17.57,--,9,15813,卖盘
700,13:43:20,17.57,0.01,234,412508,买盘
701,13:43:05,17.56,--,25,43900,卖盘
702,13:42:59,17.56,--,39,68484,卖盘
703,13:42:50,17.56,--,15,26339,卖盘
704,13:42:40,17.56,--,26,45656,卖盘
705,13:42:35,17.56,--,31,54435,卖盘
706,13:42:29,17.56,--,3,5268,卖盘
707,13:42:25,17.56,-0.01,107,187892,卖盘
708,13:42:20,17.57,--,144,253693,卖盘
709,13:42:14,17.57,--,62,108934,卖盘
710,13:42:10,17.57,0.01,1805,3172456,买盘
711,13:42:05,17.56,--,84,147504,卖盘
712,13:41:59,17.56,--,1099,1929843,卖盘
713,13:41:50,17.56,--,102,179112,卖盘
714,13:41:44,17.56,--,18,31607,卖盘
715,13:41:40,17.56,--,57,100285,卖盘
716,13:41:35,17.56,-0.01,39,68484,卖盘
717,13:41:29,17.57,--,1594,2801905,卖盘
718,13:41:14,17.57,-0.01,1003,1762271,卖盘
719,13:41:10,17.58,-0.01,1,1757,卖盘
720,13:41:05,17.59,--,0,0,买盘
721,13:40:59,17.59,--,374,659202,卖盘
722,13:40:55,17.59,--,159,279681,卖盘
723,13:40:50,17.59,--,268,471412,卖盘
724,13:40:44,17.59,--,227,399750,卖盘
725,13:40:40,17.59,--,150,264360,卖盘
726,13:40:35,17.59,--,39,68601,卖盘
727,13:40:29,17.59,--,31,55039,卖盘
728,13:40:25,17.59,--,23,40967,卖盘
729,13:40:20,17.59,-0.01,308,541965,卖盘
730,13:40:14,17.6,0.01,1,1760,买盘
731,13:40:10,17.59,--,12,21108,卖盘
732,13:40:05,17.59,--,40,70360,卖盘
733,13:39:59,17.59,--,40,70360,卖盘
734,13:39:55,17.59,--,2,3518,卖盘
735,13:39:50,17.59,--,17,29903,卖盘
736,13:39:44,17.59,-0.01,1,1759,卖盘
737,13:39:40,17.6,0.01,302,531520,买盘
738,13:39:35,17.59,-0.01,66,116094,卖盘
739,13:39:29,17.6,--,165,290400,买盘
740,13:39:25,17.6,--,22,38720,买盘
741,13:39:20,17.6,--,10,17600,买盘
742,13:39:14,17.6,0.01,10,17600,买盘
743,13:39:09,17.59,--,20,35180,卖盘
744,13:39:05,17.59,--,30,52770,卖盘
745,13:38:59,17.59,-0.01,112,197008,卖盘
746,13:38:55,17.6,0.01,2,3520,买盘
747,13:38:49,17.59,-0.01,17,29903,卖盘
748,13:38:44,17.6,0.01,26,45760,买盘
749,13:38:40,17.59,-0.01,19,33421,卖盘
750,13:38:34,17.6,--,124,218240,买盘
751,13:38:29,17.6,--,22,38720,买盘
752,13:38:14,17.6,0.01,43,75680,买盘
753,13:38:09,17.59,-0.01,23,40457,卖盘
754,13:38:04,17.6,0.01,8,14080,买盘
755,13:37:59,17.59,-0.01,66,116094,卖盘
756,13:37:55,17.6,0.01,20,35200,买盘
757,13:37:49,17.59,-0.01,54,94986,卖盘
758,13:37:44,17.6,0.01,2,3520,买盘
759,13:37:34,17.59,-0.01,38,66842,卖盘
760,13:37:29,17.6,0.01,24,42240,买盘
761,13:37:25,17.59,--,4,7036,卖盘
762,13:37:19,17.59,-0.01,14,24626,卖盘
763,13:37:14,17.6,--,659,1160755,卖盘
764,13:37:08,17.6,--,36,63360,卖盘
765,13:37:04,17.6,0.01,3385,5958444,买盘
766,13:36:53,17.59,--,13,22867,买盘
767,13:36:49,17.59,--,166,292099,卖盘
768,13:36:44,17.59,--,22,38698,卖盘
769,13:36:34,17.59,--,55,96745,卖盘
770,13:36:29,17.59,--,1,1759,卖盘
771,13:36:23,17.59,0.01,1761,3099252,买盘
772,13:36:14,17.58,--,126,221507,卖盘
773,13:36:08,17.58,--,77,135875,卖盘
774,13:36:04,17.58,--,130,228539,卖盘
775,13:35:59,17.58,--,5,8790,卖盘
776,13:35:49,17.58,-0.01,13,22853,卖盘
777,13:35:44,17.59,--,25,43975,买盘
778,13:35:38,17.59,0.01,45,79155,买盘
779,13:35:34,17.58,--,40,70320,卖盘
780,13:35:29,17.58,--,5,8790,卖盘
781,13:35:23,17.58,0.01,273,479933,买盘
782,13:35:14,17.57,--,29,50953,卖盘
783,13:35:08,17.57,--,255,448035,卖盘
784,13:34:59,17.57,--,37,65009,卖盘
785,13:34:53,17.57,--,1512,2656584,卖盘
786,13:34:49,17.57,-0.01,50,87850,卖盘
787,13:34:44,17.58,0.01,3,5273,买盘
788,13:34:34,17.57,--,46,80822,卖盘
789,13:34:29,17.57,--,4,7028,卖盘
790,13:34:23,17.57,--,28,49196,卖盘
791,13:34:19,17.57,--,2,3514,卖盘
792,13:34:14,17.57,-0.01,238,418166,卖盘
793,13:34:04,17.58,0.01,52,91415,买盘
794,13:33:59,17.57,--,20,35140,卖盘
795,13:33:53,17.57,--,123,216111,卖盘
796,13:33:49,17.57,0.01,332,583324,买盘
797,13:33:29,17.56,--,299,525044,卖盘
798,13:33:23,17.56,--,14,24584,卖盘
799,13:33:19,17.56,-0.01,9,15803,卖盘
800,13:33:14,17.57,0.01,505,887285,买盘
801,13:33:08,17.56,--,39,68484,卖盘
802,13:33:04,17.56,--,144,252863,卖盘
803,13:32:59,17.56,--,1076,1889455,卖盘
804,13:32:53,17.56,-0.01,83,145748,卖盘
805,13:32:44,17.57,0.01,54,94878,买盘
806,13:32:38,17.56,-0.01,50,87800,卖盘
807,13:32:34,17.57,0.01,208,365456,买盘
808,13:32:29,17.56,--,22,38632,卖盘
809,13:32:23,17.56,--,104,182624,卖盘
810,13:32:14,17.56,--,54,94824,卖盘
811,13:32:08,17.56,--,56,98336,卖盘
812,13:31:58,17.56,--,183,321348,卖盘
813,13:31:53,17.56,--,13,22828,卖盘
814,13:31:48,17.56,--,1,1755,卖盘
815,13:31:34,17.56,-0.01,9,15803,卖盘
816,13:31:23,17.57,0.01,23,40411,买盘
817,13:31:08,17.56,--,29,50923,卖盘
818,13:31:04,17.56,--,0,0,卖盘
819,13:30:58,17.56,-0.01,10,17560,卖盘
820,13:30:53,17.57,--,153,268821,买盘
821,13:30:48,17.57,0.01,29,50953,买盘
822,13:30:43,17.56,-0.01,14,24584,卖盘
823,13:30:38,17.57,0.01,8,14056,买盘
824,13:30:33,17.56,-0.01,354,621624,卖盘
825,13:30:28,17.57,--,16,28112,卖盘
826,13:30:23,17.57,0.01,641,1126237,买盘
827,13:30:13,17.56,--,122,214231,卖盘
828,13:30:08,17.56,--,16,28095,卖盘
829,13:29:58,17.56,--,91,159796,卖盘
830,13:29:53,17.56,--,13,22828,卖盘
831,13:29:47,17.56,--,10,17560,卖盘
832,13:29:43,17.56,0.01,336,590542,买盘
833,13:29:38,17.55,-0.01,3,5265,卖盘
834,13:29:28,17.56,0.01,5,8780,买盘
835,13:29:23,17.55,-0.01,25,43875,卖盘
836,13:29:13,17.56,--,365,642169,卖盘
837,13:29:08,17.56,--,18,31607,卖盘
838,13:28:58,17.56,--,40,70240,卖盘
839,13:28:53,17.56,--,13,22828,卖盘
840,13:28:43,17.56,--,6,10536,卖盘
841,13:28:32,17.56,--,46,80776,卖盘
842,13:28:28,17.56,--,1,1755,卖盘
843,13:28:23,17.56,-0.01,260,456559,卖盘
844,13:28:17,17.57,0.01,50,87850,买盘
845,13:28:13,17.56,--,7,12292,卖盘
846,13:28:08,17.56,--,39,69010,卖盘
847,13:27:58,17.56,--,39,68484,卖盘
848,13:27:53,17.56,0.01,307,539092,买盘
849,13:27:32,17.55,--,39,68445,卖盘
850,13:27:17,17.55,--,20,35100,卖盘
851,13:27:08,17.55,--,16,28080,卖盘
852,13:27:02,17.55,-0.01,39,68445,卖盘
853,13:26:53,17.56,-0.01,13,22828,卖盘
854,13:26:47,17.57,0.01,354,621978,买盘
855,13:26:38,17.56,--,3,5268,卖盘
856,13:26:32,17.56,--,21,36876,卖盘
857,13:26:28,17.56,0.01,871,1529476,买盘
858,13:26:23,17.55,--,10,17550,卖盘
859,13:26:17,17.55,--,1,1755,卖盘
860,13:26:13,17.55,--,100,175500,卖盘
861,13:26:02,17.55,--,40,70200,卖盘
862,13:25:53,17.55,0.01,467,819585,买盘
863,13:25:32,17.54,--,20,35080,卖盘
864,13:25:28,17.54,--,1,1754,卖盘
865,13:25:23,17.54,--,37,64898,卖盘
866,13:25:02,17.54,--,4,7016,卖盘
867,13:24:53,17.54,--,13,22802,卖盘
868,13:24:43,17.54,--,2,3508,卖盘
869,13:24:38,17.54,-0.01,90,159508,买盘
870,13:24:27,17.55,--,0,0,买盘
871,13:24:23,17.55,0.01,435,763425,买盘
872,13:24:17,17.54,--,2434,4269236,卖盘
873,13:24:13,17.54,-0.01,42,73668,卖盘
874,13:24:08,17.55,0.01,53,93015,买盘
875,13:24:02,17.54,--,40,70160,卖盘
876,13:23:52,17.54,--,35,61390,卖盘
877,13:23:47,17.54,--,5,8770,卖盘
878,13:23:37,17.54,--,1431,2509974,卖盘
879,13:23:32,17.54,--,41,71914,卖盘
880,13:23:27,17.54,--,28,49112,卖盘
881,13:23:02,17.54,--,83,145582,卖盘
882,13:22:52,17.54,-0.01,47,82438,卖盘
883,13:22:47,17.55,--,584,1025025,卖盘
884,13:22:37,17.55,--,14,24570,卖盘
885,13:22:32,17.55,-0.01,89,156195,卖盘
886,13:22:22,17.56,0.01,7,12292,买盘
887,13:22:17,17.55,--,4,7020,卖盘
888,13:22:07,17.55,--,27,47385,卖盘
889,13:22:02,17.55,-0.01,107,187785,卖盘
890,13:21:52,17.56,0.01,20,35120,买盘
891,13:21:47,17.55,--,4,7020,卖盘
892,13:21:37,17.55,--,30,52650,卖盘
893,13:21:32,17.55,--,10,17550,卖盘
894,13:21:26,17.55,--,2,3510,卖盘
895,13:21:17,17.55,--,103,180765,卖盘
896,13:21:07,17.55,--,27,47385,卖盘
897,13:21:02,17.55,--,41,73411,卖盘
898,13:20:52,17.55,-0.01,21,36855,卖盘
899,13:20:47,17.56,--,62,108871,买盘
900,13:20:41,17.56,--,34,59703,买盘
901,13:20:37,17.56,0.01,165,289740,买盘
902,13:20:32,17.55,--,78,136890,卖盘
903,13:20:22,17.55,-0.01,36,63180,卖盘
904,13:20:17,17.56,0.01,459,806003,买盘
905,13:20:11,17.55,--,10,17550,卖盘
906,13:20:07,17.55,--,14,24570,卖盘
907,13:20:02,17.55,--,20,35100,卖盘
908,13:19:56,17.55,--,3,5265,卖盘
909,13:19:52,17.55,--,30,52650,卖盘
910,13:19:47,17.55,--,50,87750,卖盘
911,13:19:41,17.55,--,50,87750,卖盘
912,13:19:32,17.55,--,54,94770,卖盘
913,13:19:26,17.55,0.02,574,1007563,买盘
914,13:19:17,17.53,-0.02,1421,2492573,卖盘
915,13:19:11,17.55,0.01,163,286065,买盘
916,13:19:02,17.54,--,79,138566,卖盘
917,13:18:56,17.54,--,5,8770,卖盘
918,13:18:52,17.54,--,12,21048,卖盘
919,13:18:32,17.54,-0.01,37,64898,卖盘
920,13:18:26,17.55,0.01,62,108810,买盘
921,13:18:22,17.54,--,20,35080,卖盘
922,13:18:11,17.54,--,125,219250,卖盘
923,13:18:02,17.54,--,39,68406,卖盘
924,13:17:56,17.54,--,16,28064,卖盘
925,13:17:51,17.54,--,130,228020,卖盘
926,13:17:47,17.54,--,4,7016,卖盘
927,13:17:41,17.54,--,22,38588,卖盘
928,13:17:31,17.54,--,47,82438,卖盘
929,13:17:26,17.54,--,20,35080,卖盘
930,13:17:11,17.54,--,55,98188,卖盘
931,13:17:07,17.54,--,2,3508,卖盘
932,13:17:01,17.54,-0.01,234,410436,卖盘
933,13:16:56,17.55,0.01,10,17550,买盘
934,13:16:51,17.54,--,13,22802,卖盘
935,13:16:47,17.54,-0.01,3,5262,卖盘
936,13:16:37,17.55,--,5,8775,买盘
937,13:16:31,17.55,0.01,23,40365,买盘
938,13:16:26,17.54,--,20,35080,卖盘
939,13:16:11,17.54,--,0,0,卖盘
940,13:16:01,17.54,-0.01,1004,1761016,卖盘
941,13:15:56,17.55,--,17,29835,卖盘
942,13:15:51,17.55,--,51,89505,卖盘
943,13:15:46,17.55,0.01,208,365040,买盘
944,13:15:41,17.54,--,76,133304,卖盘
945,13:15:16,17.54,--,18,31572,卖盘
946,13:15:05,17.54,--,0,0,卖盘
947,13:15:01,17.54,--,517,906818,卖盘
948,13:14:56,17.54,--,3,5262,卖盘
949,13:14:50,17.54,--,15,26310,卖盘
950,13:14:46,17.54,--,43,75422,卖盘
951,13:14:41,17.54,--,30,52620,卖盘
952,13:14:31,17.54,--,56,98224,卖盘
953,13:14:26,17.54,--,128,224512,卖盘
954,13:14:16,17.54,--,2,3508,卖盘
955,13:14:01,17.54,-0.01,155,271870,卖盘
956,13:13:56,17.55,0.01,1,1755,买盘
957,13:13:50,17.54,--,12,21048,卖盘
958,13:13:46,17.54,-0.01,13,22802,卖盘
959,13:13:41,17.55,0.01,1,1755,买盘
960,13:13:31,17.54,--,23,40342,卖盘
961,13:13:26,17.54,--,40,70160,卖盘
962,13:13:20,17.54,--,1,1754,卖盘
963,13:13:11,17.54,--,35,61390,卖盘
964,13:13:05,17.54,-0.01,48,84192,卖盘
965,13:13:01,17.55,--,39,68445,卖盘
966,13:12:50,17.55,--,13,22815,卖盘
967,13:12:46,17.55,--,10,17550,卖盘
968,13:12:31,17.55,--,63,110565,卖盘
969,13:12:20,17.55,-0.01,15,26325,卖盘
970,13:12:16,17.56,0.01,28,49168,买盘
971,13:12:05,17.55,--,671,1177605,买盘
972,13:12:00,17.55,0.01,22,38610,买盘
973,13:11:56,17.54,--,63,110502,卖盘
974,13:11:46,17.54,--,2,3508,卖盘
975,13:11:41,17.54,--,6,10524,卖盘
976,13:11:35,17.54,--,104,182416,卖盘
977,13:11:26,17.54,--,1,1754,卖盘
978,13:11:20,17.54,-0.01,3,5262,卖盘
979,13:11:05,17.55,0.01,60,105300,买盘
980,13:11:00,17.54,--,44,77176,卖盘
981,13:10:56,17.54,--,31,54374,卖盘
982,13:10:50,17.54,--,28,49112,卖盘
983,13:10:45,17.54,-0.01,4,7016,卖盘
984,13:10:41,17.55,0.01,509,893295,买盘
985,13:10:35,17.54,-0.01,33,57882,卖盘
986,13:10:30,17.55,0.01,4,7020,买盘
987,13:10:25,17.54,--,103,180662,卖盘
988,13:10:20,17.54,--,7,12278,卖盘
989,13:10:05,17.54,--,45,78930,卖盘
990,13:10:00,17.54,--,20,35080,卖盘
991,13:09:55,17.54,--,10,17540,卖盘
992,13:09:50,17.54,--,13,22802,卖盘
993,13:09:40,17.54,--,11,19294,卖盘
994,13:09:35,17.54,--,3,5262,卖盘
995,13:09:25,17.54,--,58,101732,卖盘
996,13:09:20,17.54,--,11,19294,卖盘
997,13:09:15,17.54,--,2,3508,卖盘
998,13:09:10,17.54,--,23,40342,卖盘
999,13:09:05,17.54,--,30,52620,卖盘
1000,13:09:00,17.54,--,165,289410,卖盘
1001,13:08:50,17.54,--,113,198202,卖盘
1002,13:08:45,17.54,--,10,17540,卖盘
1003,13:08:40,17.54,--,17,29818,卖盘
1004,13:08:35,17.54,--,55,96470,卖盘
1005,13:08:25,17.54,-0.01,150,263100,卖盘
1006,13:08:20,17.55,0.01,384,674376,买盘
1007,13:08:14,17.54,-0.01,75,131550,卖盘
1008,13:08:10,17.55,--,223,392663,卖盘
1009,13:08:05,17.55,--,83,145665,卖盘
1010,13:07:59,17.55,--,3,5265,卖盘
1011,13:07:55,17.55,--,507,889785,卖盘
1012,13:07:50,17.55,-0.01,98,171990,卖盘
1013,13:07:44,17.56,0.01,220,386320,买盘
1014,13:07:40,17.55,--,20,35100,卖盘
1015,13:07:35,17.55,--,39,68445,卖盘
1016,13:07:29,17.55,-0.01,10,17550,卖盘
1017,13:07:25,17.56,0.01,64,112383,买盘
1018,13:07:20,17.55,--,68,119340,卖盘
1019,13:07:14,17.55,-0.01,37,64935,卖盘
1020,13:07:05,17.56,0.01,45,79020,买盘
1021,13:06:59,17.55,--,200,351000,卖盘
1022,13:06:55,17.55,--,16,28080,卖盘
1023,13:06:50,17.55,--,94,164970,卖盘
1024,13:06:44,17.55,--,46,80730,卖盘
1025,13:06:40,17.55,--,51,89505,卖盘
1026,13:06:35,17.55,--,44,77220,卖盘
1027,13:06:29,17.55,--,11,19305,卖盘
1028,13:06:25,17.55,--,32,56160,卖盘
1029,13:06:20,17.55,--,6,10530,卖盘
1030,13:06:10,17.55,--,41,71955,卖盘
1031,13:06:05,17.55,--,43,75465,卖盘
1032,13:05:55,17.55,--,43,75465,卖盘
1033,13:05:49,17.55,-0.01,13,23604,卖盘
1034,13:05:44,17.56,--,278,488167,卖盘
1035,13:05:40,17.56,-0.01,93,163308,卖盘
1036,13:05:35,17.57,0.01,119,209557,买盘
1037,13:05:25,17.56,--,2,3511,卖盘
1038,13:05:20,17.56,--,66,115895,卖盘
1039,13:05:14,17.56,--,5,8780,卖盘
1040,13:05:05,17.56,--,566,993895,卖盘
1041,13:04:59,17.56,--,5,8780,卖盘
1042,13:04:50,17.56,-0.01,287,503971,卖盘
1043,13:04:40,17.57,0.01,1,1757,买盘
1044,13:04:20,17.56,--,10,17560,卖盘
1045,13:04:14,17.56,--,16,28095,卖盘
1046,13:04:04,17.56,--,10,17560,卖盘
1047,13:03:59,17.56,--,18,31607,卖盘
1048,13:03:49,17.56,-0.01,13,22828,卖盘
1049,13:03:29,17.57,0.01,16,28112,买盘
1050,13:03:14,17.56,-0.01,6,10536,卖盘
1051,13:03:04,17.57,0.01,922,1619954,买盘
1052,13:02:59,17.56,--,5,8780,卖盘
1053,13:02:54,17.56,--,462,811271,卖盘
1054,13:02:49,17.56,--,29,50923,卖盘
1055,13:02:34,17.56,--,15,26339,卖盘
1056,13:02:04,17.56,-0.01,35,61459,卖盘
1057,13:01:59,17.57,--,248,435736,卖盘
1058,13:01:54,17.57,--,12,21084,卖盘
1059,13:01:49,17.57,-0.01,1600,2811200,卖盘
1060,13:01:44,17.58,0.01,69,121301,买盘
1061,13:01:39,17.57,-0.01,10,17570,卖盘
1062,13:01:29,17.58,--,8,14063,买盘
1063,13:01:24,17.58,--,51,89657,卖盘
1064,13:01:19,17.58,0.01,78,137124,买盘
1065,13:01:14,17.57,--,0,0,卖盘
1066,13:01:04,17.57,-0.02,25,44241,卖盘
1067,13:00:59,17.59,0.01,1,1759,买盘
1068,13:00:54,17.58,--,160,281280,卖盘
1069,13:00:49,17.58,-0.01,54,94931,卖盘
1070,13:00:34,17.59,0.01,3,5277,买盘
1071,13:00:29,17.58,--,10,17580,卖盘
1072,13:00:19,17.58,--,9,15821,卖盘
1073,13:00:14,17.58,--,19,33402,卖盘
1074,13:00:08,17.58,--,10,17580,卖盘
1075,13:00:04,17.58,0.02,2000,3517441,买盘
1076,11:30:00,17.56,--,0,0,卖盘
1077,11:29:59,17.56,--,0,0,卖盘
1078,11:29:50,17.56,--,13,22828,卖盘
1079,11:29:45,17.56,--,262,460071,卖盘
1080,11:29:35,17.56,-0.01,47,82532,卖盘
1081,11:29:05,17.57,0.01,10,17570,买盘
1082,11:29:00,17.56,--,1,1755,卖盘
1083,11:28:55,17.56,--,2,3511,卖盘
1084,11:28:50,17.56,-0.01,17,29851,卖盘
1085,11:28:35,17.57,0.01,10,17570,买盘
1086,11:28:24,17.56,-0.01,6,10536,卖盘
1087,11:28:15,17.57,0.01,62,108934,买盘
1088,11:28:09,17.56,--,1,1755,卖盘
1089,11:28:05,17.56,--,1,1755,卖盘
1090,11:27:50,17.56,-0.01,13,22828,卖盘
1091,11:27:45,17.57,0.01,17,29869,买盘
1092,11:27:39,17.56,-0.01,5,8780,卖盘
1093,11:27:30,17.57,0.01,6,10542,买盘
1094,11:27:24,17.56,-0.01,4,7023,卖盘
1095,11:27:15,17.57,-0.01,119,209083,卖盘
1096,11:27:09,17.58,0.01,6,10547,买盘
1097,11:27:05,17.57,--,1,1757,卖盘
1098,11:27:00,17.57,--,14,24598,卖盘
1099,11:26:50,17.57,-0.01,13,22841,卖盘
1100,11:26:45,17.58,0.01,5,8790,买盘
1101,11:26:39,17.57,--,5,8785,卖盘
1102,11:26:35,17.57,-0.01,5,8785,卖盘
1103,11:26:24,17.58,--,0,0,买盘
1104,11:26:20,17.58,--,5,8790,买盘
1105,11:26:15,17.58,--,2,3515,买盘
1106,11:26:00,17.58,0.01,1,1757,买盘
1107,11:25:50,17.57,--,14,24598,卖盘
1108,11:25:45,17.57,--,25,43925,卖盘
1109,11:25:39,17.57,0.01,11,19327,买盘
1110,11:25:35,17.56,--,208,365248,卖盘
1111,11:25:30,17.56,-0.01,155,272478,卖盘
1112,11:25:24,17.57,--,10,17570,卖盘
1113,11:25:20,17.57,0.01,749,1316186,买盘
1114,11:25:15,17.56,--,1,1755,卖盘
1115,11:25:09,17.56,--,155,272180,卖盘
1116,11:25:05,17.56,--,15,26339,卖盘
1117,11:24:59,17.56,--,1,1755,卖盘
1118,11:24:54,17.56,--,14,24584,卖盘
1119,11:24:49,17.56,--,172,302032,卖盘
1120,11:24:44,17.56,--,18,31607,卖盘
1121,11:24:34,17.56,0.01,539,946483,买盘
1122,11:24:29,17.55,-0.01,20,35100,卖盘
1123,11:24:24,17.56,--,30,52679,买盘
1124,11:24:20,17.56,--,1,1755,买盘
1125,11:24:14,17.56,--,4,7023,买盘
1126,11:24:09,17.56,0.01,20,35120,买盘
1127,11:24:05,17.55,--,10,17550,卖盘
1128,11:23:54,17.55,--,13,22815,卖盘
1129,11:23:50,17.55,--,5,8775,卖盘
1130,11:23:44,17.55,--,6,10530,卖盘
1131,11:23:39,17.55,-0.01,400,702000,卖盘
1132,11:23:34,17.56,0.01,3,5268,买盘
1133,11:23:29,17.55,--,20,35100,卖盘
1134,11:23:24,17.55,-0.01,61,107055,卖盘
1135,11:22:59,17.56,--,53,93068,买盘
1136,11:22:54,17.56,--,25,43900,买盘
1137,11:22:44,17.56,--,5,8780,买盘
1138,11:22:34,17.56,0.01,11,19316,买盘
1139,11:22:29,17.55,--,5,8775,卖盘
1140,11:22:14,17.55,-0.01,10,17550,卖盘
1141,11:22:09,17.56,0.01,35,61459,买盘
1142,11:21:59,17.55,--,64,112320,卖盘
1143,11:21:54,17.55,--,13,22815,卖盘
1144,11:21:49,17.55,--,18,31590,卖盘
1145,11:21:39,17.55,-0.01,5,8775,卖盘
1146,11:21:34,17.56,--,2,3511,买盘
1147,11:21:19,17.56,0.01,1,1755,买盘
1148,11:21:09,17.55,--,58,101790,卖盘
1149,11:21:04,17.55,--,5,8775,卖盘
1150,11:20:59,17.55,--,1,1755,卖盘
1151,11:20:54,17.55,--,16,28080,卖盘
1152,11:20:44,17.55,-0.01,2,3510,卖盘
1153,11:20:39,17.56,0.01,161,282716,买盘
1154,11:20:29,17.55,-0.01,12,21060,卖盘
1155,11:20:24,17.56,0.01,51,89556,买盘
1156,11:19:59,17.55,--,2,3510,卖盘
1157,11:19:54,17.55,-0.01,23,40365,卖盘
1158,11:19:39,17.56,--,5,8780,买盘
1159,11:19:33,17.56,--,5,8780,买盘
1160,11:19:29,17.56,0.01,30,52679,买盘
1161,11:19:24,17.55,-0.01,2,3510,卖盘
1162,11:19:14,17.56,--,3,5268,买盘
1163,11:19:09,17.56,--,22,38632,买盘
1164,11:18:59,17.56,0.01,86,151016,买盘
1165,11:18:54,17.55,--,73,128115,卖盘
1166,11:18:48,17.55,-0.01,143,250965,卖盘
1167,11:18:29,17.56,0.01,30,52679,买盘
1168,11:18:24,17.55,-0.01,4,7020,卖盘
1169,11:18:18,17.56,0.01,1,1755,买盘
1170,11:18:14,17.55,-0.01,84,147420,卖盘
1171,11:18:09,17.56,--,101,177356,买盘
1172,11:17:59,17.56,0.01,62,108871,买盘
1173,11:17:54,17.55,-0.01,13,22815,卖盘
1174,11:17:48,17.56,0.01,10,17560,买盘
1175,11:17:44,17.55,--,268,470340,卖盘
1176,11:17:29,17.55,--,4,7020,卖盘
1177,11:17:24,17.55,--,1,1755,卖盘
1178,11:17:08,17.55,-0.01,3,5265,卖盘
1179,11:16:59,17.56,0.01,10,17560,买盘
1180,11:16:53,17.55,-0.01,28,49140,卖盘
1181,11:16:48,17.56,--,4,7023,买盘
1182,11:16:38,17.56,0.01,86,151016,买盘
1183,11:16:23,17.55,-0.01,56,98280,卖盘
1184,11:16:08,17.56,0.01,50,87800,买盘
1185,11:15:58,17.55,--,17,29835,卖盘
1186,11:15:53,17.55,-0.01,13,22815,卖盘
1187,11:15:48,17.56,--,41,71996,买盘
1188,11:15:38,17.56,0.01,15,26339,买盘
1189,11:15:28,17.55,--,75,131625,卖盘
1190,11:15:23,17.55,0.01,798,1400946,买盘
1191,11:15:08,17.54,-0.01,95,166630,卖盘
1192,11:15:03,17.55,0.01,130,228150,买盘
1193,11:14:53,17.54,--,12,21048,卖盘
1194,11:14:43,17.54,--,40,70160,卖盘
1195,11:14:32,17.54,--,42,73668,卖盘
1196,11:14:23,17.54,-0.01,7,12278,卖盘
1197,11:14:13,17.55,0.01,2,3510,买盘
1198,11:14:03,17.54,--,3,5262,卖盘
1199,11:13:53,17.54,-0.01,21,36834,卖盘
1200,11:13:48,17.55,0.01,5,8775,买盘
1201,11:13:38,17.54,--,3,5262,卖盘
1202,11:13:11,17.54,--,20,35080,卖盘
1203,11:13:08,17.54,--,3,5262,卖盘
1204,11:13:03,17.54,--,2,3508,卖盘
1205,11:12:57,17.54,--,16,28064,卖盘
1206,11:12:53,17.54,-0.01,63,110502,卖盘
1207,11:12:48,17.55,0.01,101,177255,买盘
1208,11:12:38,17.54,--,53,92962,卖盘
1209,11:12:33,17.54,--,12,21048,卖盘
1210,11:12:23,17.54,--,77,136583,买盘
1211,11:12:18,17.54,--,1337,2346010,买盘
1212,11:12:12,17.54,0.01,20,35080,买盘
1213,11:12:08,17.53,-0.01,27,47331,卖盘
1214,11:12:03,17.54,0.01,350,613900,买盘
1215,11:11:53,17.53,-0.01,16,28048,卖盘
1216,11:11:33,17.54,--,2,3508,买盘
1217,11:11:08,17.54,--,122,214216,卖盘
1218,11:11:03,17.54,--,8,14032,卖盘
1219,11:10:57,17.54,--,745,1308255,买盘
1220,11:10:53,17.54,0.01,23,40342,买盘
1221,11:10:38,17.53,-0.01,45,78885,卖盘
1222,11:10:22,17.54,--,1,1754,买盘
1223,11:10:18,17.54,--,1,1754,买盘
1224,11:10:08,17.54,0.01,5,8770,买盘
1225,11:09:53,17.53,-0.01,17,29801,卖盘
1226,11:09:38,17.54,--,3,5262,买盘
1227,11:09:08,17.54,--,2,3508,买盘
1228,11:09:02,17.54,0.01,80,140320,买盘
1229,11:08:53,17.53,-0.01,13,22789,卖盘
1230,11:08:47,17.54,--,88,154352,买盘
1231,11:08:42,17.54,--,10,17540,买盘
1232,11:08:32,17.54,0.01,2,3508,买盘
1233,11:08:27,17.53,-0.01,3,5259,卖盘
1234,11:08:22,17.54,--,1,1754,买盘
1235,11:08:17,17.54,--,5,8770,买盘
1236,11:08:12,17.54,-0.01,149,261346,卖盘
1237,11:08:02,17.55,0.01,5,8775,买盘
1238,11:07:57,17.54,-0.01,2,3508,卖盘
1239,11:07:52,17.55,0.01,219,384345,买盘
1240,11:07:47,17.54,--,6,10524,卖盘
1241,11:07:42,17.54,--,30,52620,卖盘
1242,11:07:32,17.54,--,5,8770,卖盘
1243,11:07:27,17.54,-0.01,7,12278,卖盘
1244,11:07:17,17.55,0.02,404,709020,买盘
1245,11:07:02,17.53,-0.01,3,5259,卖盘
1246,11:06:57,17.54,0.01,23,40342,买盘
1247,11:06:52,17.53,-0.01,13,22789,卖盘
1248,11:06:42,17.54,0.01,24,42096,买盘
1249,11:06:32,17.53,--,4,7012,卖盘
1250,11:06:27,17.53,--,1,1753,卖盘
1251,11:06:22,17.53,--,10,17530,卖盘
1252,11:06:12,17.53,--,15,26295,卖盘
1253,11:05:57,17.53,-0.01,3,5259,卖盘
1254,11:05:52,17.54,--,32,56128,卖盘
1255,11:05:47,17.54,0.01,65,114010,买盘
1256,11:05:42,17.53,-0.01,20,35060,卖盘
1257,11:05:32,17.54,0.01,225,394650,买盘
1258,11:05:27,17.53,-0.01,10,17530,卖盘
1259,11:05:22,17.54,--,152,266608,买盘
1260,11:05:17,17.54,--,133,233282,买盘
1261,11:05:12,17.54,--,124,217496,买盘
1262,11:05:06,17.54,--,210,368340,买盘
1263,11:05:02,17.54,0.01,28,49112,买盘
1264,11:04:57,17.53,--,4,7012,卖盘
1265,11:04:51,17.53,-0.01,13,22789,卖盘
1266,11:04:47,17.54,--,3,5262,买盘
1267,11:04:42,17.54,0.01,9,15786,买盘
1268,11:04:32,17.53,-0.01,20,35060,卖盘
1269,11:04:16,17.54,--,15,26310,买盘
1270,11:04:12,17.54,0.01,10,17540,买盘
1271,11:04:01,17.53,--,21,36813,卖盘
1272,11:03:57,17.53,--,29,50837,卖盘
1273,11:03:51,17.53,--,13,22789,卖盘
1274,11:03:46,17.53,--,1,1753,卖盘
1275,11:03:42,17.53,-0.01,50,87650,卖盘
1276,11:03:36,17.54,0.01,61,106994,买盘
1277,11:03:31,17.53,-0.01,20,35060,卖盘
1278,11:03:27,17.54,--,23,40342,买盘
1279,11:03:16,17.54,0.01,7,12278,买盘
1280,11:03:01,17.53,--,100,175300,卖盘
1281,11:02:51,17.53,-0.01,12,21036,卖盘
1282,11:02:46,17.54,0.01,1,1754,买盘
1283,11:02:42,17.53,-0.01,22,38566,卖盘
1284,11:02:36,17.54,0.01,24,42096,买盘
1285,11:02:31,17.53,-0.01,35,61355,卖盘
1286,11:02:16,17.54,0.01,2,3508,买盘
1287,11:02:01,17.53,--,204,357612,卖盘
1288,11:01:56,17.53,--,39,68367,卖盘
1289,11:01:51,17.53,-0.01,39,68367,卖盘
1290,11:01:46,17.54,--,31,54374,买盘
1291,11:01:41,17.54,0.01,40,70160,买盘
1292,11:01:31,17.53,-0.02,439,769567,卖盘
1293,11:01:26,17.55,0.01,47,82485,买盘
1294,11:01:21,17.54,--,0,0,卖盘
1295,11:01:16,17.54,--,81,143599,买盘
1296,11:01:11,17.54,--,50,87700,买盘
1297,11:01:01,17.54,0.01,133,233282,买盘
1298,11:00:56,17.53,-0.01,17,29801,卖盘
1299,11:00:51,17.54,0.01,42,73668,买盘
1300,11:00:41,17.53,-0.01,2,3506,卖盘
1301,11:00:36,17.54,--,6,10524,买盘
1302,11:00:31,17.54,0.01,14,24556,买盘
1303,11:00:26,17.53,--,10,17530,卖盘
1304,11:00:21,17.53,--,12,21036,卖盘
1305,11:00:11,17.53,--,83,145499,买盘
1306,11:00:01,17.53,0.01,174,305022,买盘
1307,10:59:56,17.52,--,119,208488,卖盘
1308,10:59:51,17.52,-0.01,20,35040,卖盘
1309,10:59:36,17.53,--,8,14024,买盘
1310,10:59:21,17.53,--,1,1753,买盘
1311,10:59:16,17.53,--,3,5259,买盘
1312,10:59:11,17.53,0.01,3,5259,买盘
1313,10:59:01,17.52,-0.01,142,248784,卖盘
1314,10:58:56,17.53,0.01,20,35060,买盘
1315,10:58:51,17.52,-0.01,25,43800,卖盘
1316,10:58:41,17.53,--,5,8765,买盘
1317,10:58:36,17.53,0.01,169,296257,买盘
1318,10:58:26,17.52,0.01,1,1752,卖盘
1319,10:58:11,17.51,--,0,0,卖盘
1320,10:58:06,17.51,--,4,7004,卖盘
1321,10:57:56,17.51,--,3,5253,卖盘
1322,10:57:51,17.51,-0.02,19,33269,卖盘
1323,10:57:36,17.53,0.02,26,45578,买盘
1324,10:57:31,17.51,-0.02,2,3502,卖盘
1325,10:57:21,17.53,0.01,35,61355,买盘
1326,10:57:11,17.52,--,17,29784,买盘
1327,10:57:06,17.52,0.01,2,3504,买盘
1328,10:56:56,17.51,--,1,1751,卖盘
1329,10:56:51,17.51,-0.01,13,22763,卖盘
1330,10:56:45,17.52,0.01,2,3504,买盘
1331,10:56:41,17.51,--,25,43775,卖盘
1332,10:56:36,17.51,-0.01,22,38522,卖盘
1333,10:56:26,17.52,0.01,60,105120,买盘
1334,10:56:21,17.51,-0.01,28,49028,卖盘
1335,10:56:06,17.52,--,8,14016,买盘
1336,10:55:55,17.52,0.01,10,17520,卖盘
1337,10:55:51,17.51,-0.01,13,22763,卖盘
1338,10:55:40,17.52,--,10,17520,买盘
1339,10:55:36,17.52,--,4,7008,卖盘
1340,10:55:30,17.52,-0.01,5,8760,卖盘
1341,10:55:25,17.53,0.01,62,108686,买盘
1342,10:55:21,17.52,--,21,36792,卖盘
1343,10:55:15,17.52,--,530,929891,买盘
1344,10:55:10,17.52,0.01,116,203232,买盘
1345,10:55:06,17.51,--,7,12257,卖盘
1346,10:55:00,17.51,--,8,14008,卖盘
1347,10:54:55,17.51,--,9,15759,卖盘
1348,10:54:50,17.51,--,20,35020,卖盘
1349,10:54:35,17.51,--,77,136402,卖盘
1350,10:54:30,17.51,--,36,63036,卖盘
1351,10:54:20,17.51,--,70,122570,卖盘
1352,10:54:15,17.51,--,3,5253,卖盘
1353,10:54:10,17.51,--,8,14008,卖盘
1354,10:54:00,17.51,--,2,3502,卖盘
1355,10:53:50,17.51,--,15,26265,卖盘
1356,10:53:45,17.51,--,75,131325,卖盘
1357,10:53:40,17.51,--,95,166345,卖盘
1358,10:53:35,17.51,--,1005,1759755,卖盘
1359,10:53:30,17.51,--,5,8755,卖盘
1360,10:53:25,17.51,--,10,17510,卖盘
1361,10:53:20,17.51,--,6,10506,卖盘
1362,10:53:10,17.51,--,3,5253,卖盘
1363,10:53:05,17.51,-0.01,23,40273,卖盘
1364,10:53:00,17.52,0.01,10,17520,买盘
1365,10:52:55,17.51,--,32,56032,卖盘
1366,10:52:50,17.51,--,13,22763,卖盘
1367,10:52:45,17.51,--,2,3502,卖盘
1368,10:52:40,17.51,--,53,92803,卖盘
1369,10:52:35,17.51,--,11,20556,卖盘
1370,10:52:25,17.51,--,306,535806,卖盘
1371,10:52:20,17.51,-0.01,383,670633,卖盘
1372,10:52:10,17.52,0.01,4,7008,买盘
1373,10:52:05,17.51,--,1820,3186820,卖盘
1374,10:51:50,17.51,--,146,255646,卖盘
1375,10:51:44,17.51,--,23,40273,卖盘
1376,10:51:30,17.51,-0.01,332,581332,卖盘
1377,10:51:20,17.52,--,134,234768,买盘
1378,10:51:05,17.52,--,5,8760,买盘
1379,10:51:00,17.52,0.01,29,50808,买盘
1380,10:50:50,17.51,-0.01,525,919275,卖盘
1381,10:50:40,17.52,--,228,399876,卖盘
1382,10:50:35,17.52,-0.01,12,21024,卖盘
1383,10:50:30,17.53,0.01,35,62687,买盘
1384,10:50:20,17.52,-0.01,66,115632,卖盘
1385,10:50:15,17.53,0.01,23,40319,买盘
1386,10:50:05,17.52,--,623,1091496,卖盘
1387,10:49:50,17.52,--,16,28032,卖盘
1388,10:49:45,17.52,-0.01,1,1752,卖盘
1389,10:49:30,17.53,0.01,53,92909,买盘
1390,10:49:15,17.52,--,33,57816,卖盘
1391,10:49:05,17.52,-0.01,29,50808,卖盘
1392,10:49:00,17.53,0.01,6,10518,买盘
1393,10:48:53,17.52,--,10,17520,卖盘
1394,10:48:50,17.52,--,23,40296,卖盘
1395,10:48:45,17.52,--,5,8760,卖盘
1396,10:48:29,17.52,-0.01,1205,2111160,卖盘
1397,10:48:19,17.53,--,2,3506,买盘
1398,10:48:15,17.53,-0.01,2252,3947756,卖盘
1399,10:48:04,17.54,--,172,301688,买盘
1400,10:48:00,17.54,--,9,15786,买盘
1401,10:47:54,17.54,0.01,2,3508,买盘
1402,10:47:49,17.53,-0.01,22,38566,卖盘
1403,10:47:44,17.54,--,50,87700,买盘
1404,10:47:38,17.54,--,129,226266,买盘
1405,10:47:34,17.54,--,184,322736,买盘
1406,10:47:29,17.54,0.01,91,159614,买盘
1407,10:47:19,17.53,--,20,35060,卖盘
1408,10:47:04,17.53,--,130,227890,卖盘
1409,10:46:59,17.53,--,3,5259,卖盘
1410,10:46:54,17.53,--,1,1753,卖盘
1411,10:46:49,17.53,0.01,1624,2846872,买盘
1412,10:46:44,17.52,0.02,3151,5520902,买盘
1413,10:46:29,17.5,-0.01,21,36750,卖盘
1414,10:46:24,17.51,--,2,3502,买盘
1415,10:46:14,17.51,--,1805,3161955,卖盘
1416,10:46:08,17.51,--,10,17510,卖盘
1417,10:46:04,17.51,--,16,28016,卖盘
1418,10:45:59,17.51,--,2,3502,卖盘
1419,10:45:53,17.51,--,1,1751,卖盘
1420,10:45:49,17.51,--,12,21012,卖盘
1421,10:45:44,17.51,-0.01,36,63911,卖盘
1422,10:45:34,17.52,--,80,140160,买盘
1423,10:45:29,17.52,--,27,47304,买盘
1424,10:45:19,17.52,0.01,114,199728,买盘
1425,10:45:04,17.51,--,10,17510,卖盘
1426,10:44:49,17.51,--,13,22763,卖盘
1427,10:44:38,17.51,-0.01,20,35020,卖盘
1428,10:44:34,17.52,0.01,103,180456,买盘
1429,10:44:14,17.51,--,119,208369,卖盘
1430,10:44:04,17.51,-0.01,4,7004,卖盘
1431,10:43:58,17.52,0.01,48,84096,买盘
1432,10:43:49,17.51,--,23,40273,卖盘
1433,10:43:34,17.51,--,1,1751,卖盘
1434,10:43:28,17.51,--,8,15233,买盘
1435,10:43:24,17.51,--,24,42549,卖盘
1436,10:43:13,17.51,--,1,1751,卖盘
1437,10:43:09,17.51,--,56,98056,卖盘
1438,10:42:53,17.51,-0.01,13,22763,卖盘
1439,10:42:49,17.52,0.01,2,3504,买盘
1440,10:42:44,17.51,-0.01,10,17510,卖盘
1441,10:42:38,17.52,0.01,62,108624,买盘
1442,10:42:34,17.51,--,10,17510,卖盘
1443,10:42:29,17.51,--,519,909994,买盘
1444,10:42:24,17.51,--,511,894761,买盘
1445,10:42:13,17.51,--,4,7004,买盘
1446,10:41:58,17.51,0.01,120,210120,买盘
1447,10:41:54,17.5,-0.01,14,24500,卖盘
1448,10:41:44,17.51,--,22,38522,买盘
1449,10:41:38,17.51,--,16,28016,买盘
1450,10:41:33,17.51,--,5,8755,买盘
1451,10:41:28,17.51,--,4,7004,买盘
1452,10:41:24,17.51,--,8,14008,买盘
1453,10:41:13,17.51,--,9,16284,卖盘
1454,10:41:08,17.51,--,1019,1785494,买盘
1455,10:40:53,17.51,--,19,33269,买盘
1456,10:40:48,17.51,--,10,17510,买盘
1457,10:40:43,17.51,--,10,18035,卖盘
1458,10:40:38,17.51,--,294,514794,卖盘
1459,10:40:32,17.51,--,1,2976,卖盘
1460,10:40:28,17.51,--,332,581332,卖盘
1461,10:40:23,17.51,0.01,1710,2994210,买盘
1462,10:40:08,17.5,-0.01,6,10500,卖盘
1463,10:40:03,17.51,0.01,1,1751,买盘
1464,10:39:52,17.5,--,15,26250,卖盘
1465,10:39:37,17.5,--,45,78750,卖盘
1466,10:39:32,17.5,-0.01,48,85032,卖盘
1467,10:39:28,17.51,0.01,12,21012,买盘
1468,10:39:18,17.5,--,50,87500,卖盘
1469,10:39:07,17.5,--,10,17500,卖盘
1470,10:39:02,17.5,--,45,78750,卖盘
1471,10:38:58,17.5,-0.01,20,35000,卖盘
1472,10:38:52,17.51,0.01,18,31518,买盘
1473,10:38:43,17.5,--,279,489912,卖盘
1474,10:38:32,17.5,--,2275,3981250,买盘
1475,10:38:28,17.5,0.01,6,10500,买盘
1476,10:38:22,17.49,--,79,138171,卖盘
1477,10:38:13,17.49,--,20,34980,卖盘
1478,10:37:58,17.49,--,20,34980,卖盘
1479,10:37:52,17.49,--,86,150414,卖盘
1480,10:37:43,17.49,--,235,411014,卖盘
1481,10:37:37,17.49,--,20,34980,卖盘
1482,10:37:32,17.49,--,10,17490,卖盘
1483,10:37:28,17.49,--,60,104939,卖盘
1484,10:37:22,17.49,--,9,15740,卖盘
1485,10:37:07,17.49,--,107,187142,卖盘
1486,10:37:02,17.49,--,10,17490,卖盘
1487,10:36:58,17.49,--,5,8745,卖盘
1488,10:36:52,17.49,--,14,24485,卖盘
1489,10:36:47,17.49,--,13,22736,卖盘
1490,10:36:43,17.49,--,3,5246,卖盘
1491,10:36:37,17.49,--,1,1748,卖盘
1492,10:36:28,17.49,--,88,153912,卖盘
1493,10:36:22,17.49,--,65,113684,卖盘
1494,10:36:13,17.49,--,100,174899,卖盘
1495,10:36:07,17.49,--,50,87449,卖盘
1496,10:36:02,17.49,-0.01,27,47222,卖盘
1497,10:35:58,17.5,0.01,133,232750,买盘
1498,10:35:52,17.49,--,95,166154,卖盘
1499,10:35:43,17.49,--,176,307824,卖盘
1500,10:35:37,17.49,--,77,134673,卖盘
1501,10:35:32,17.49,--,70,122429,卖盘
1502,10:35:22,17.49,--,75,131175,卖盘
1503,10:35:17,17.49,--,138,241361,卖盘
1504,10:35:02,17.49,--,5,8745,卖盘
1505,10:34:52,17.49,--,22,38478,卖盘
1506,10:34:47,17.49,--,25,43724,卖盘
1507,10:34:33,17.49,-0.01,237,414600,卖盘
1508,10:34:22,17.5,--,84,147000,卖盘
1509,10:34:17,17.5,--,19,33250,卖盘
1510,10:34:02,17.5,-0.01,50,87500,卖盘
1511,10:33:57,17.51,0.01,2,3502,买盘
1512,10:33:52,17.5,--,13,22750,卖盘
1513,10:33:47,17.5,--,24,42000,卖盘
1514,10:33:42,17.5,--,100,175000,卖盘
1515,10:33:37,17.5,--,20,35000,卖盘
1516,10:33:22,17.5,--,280,490717,卖盘
1517,10:33:17,17.5,--,30,52500,卖盘
1518,10:33:07,17.5,--,6,10500,卖盘
1519,10:33:02,17.5,--,52,91000,卖盘
1520,10:32:57,17.5,--,126,220500,卖盘
1521,10:32:52,17.5,--,384,672000,卖盘
1522,10:32:37,17.5,--,83,145250,卖盘
1523,10:32:32,17.5,0.01,1786,3126445,买盘
1524,10:32:27,17.49,--,29,50720,卖盘
1525,10:32:22,17.49,--,20,34980,卖盘
1526,10:32:11,17.49,--,200,349799,卖盘
1527,10:31:56,17.49,--,91,159159,卖盘
1528,10:31:52,17.49,--,13,22736,卖盘
1529,10:31:46,17.49,-0.01,75,131175,卖盘
1530,10:31:41,17.5,0.01,7,12250,买盘
1531,10:31:37,17.49,-0.01,85,148665,卖盘
1532,10:31:22,17.5,--,1,1750,买盘
1533,10:31:07,17.5,--,15,26250,买盘
1534,10:30:52,17.5,--,102,179305,卖盘
1535,10:30:46,17.5,--,27,47250,卖盘
1536,10:30:37,17.5,--,23,40757,卖盘
1537,10:30:26,17.5,--,84,147000,卖盘
1538,10:30:22,17.5,0.01,938,1641937,买盘
1539,10:30:16,17.49,-0.01,149,261912,卖盘
1540,10:30:11,17.5,--,1,1750,买盘
1541,10:30:07,17.5,0.01,251,439250,买盘
1542,10:29:52,17.49,-0.01,1001,1752060,卖盘
1543,10:29:46,17.5,--,95,166250,卖盘
1544,10:29:41,17.5,--,84,147000,卖盘
1545,10:29:37,17.5,--,897,1570187,买盘
1546,10:29:31,17.5,0.01,1005,1758750,买盘
1547,10:29:26,17.49,--,75,131175,卖盘
1548,10:29:22,17.49,--,166,290334,卖盘
1549,10:29:16,17.49,--,25,43724,卖盘
1550,10:28:52,17.49,--,16,27983,卖盘
1551,10:28:46,17.49,--,1,1748,卖盘
1552,10:28:26,17.49,--,10,17490,卖盘
1553,10:28:22,17.49,-0.01,92,160908,卖盘
1554,10:28:16,17.5,0.01,50,87500,买盘
1555,10:28:11,17.49,--,40,69960,卖盘
1556,10:28:01,17.49,-0.01,2407,4211154,卖盘
1557,10:27:52,17.5,--,13,22750,卖盘
1558,10:27:36,17.5,--,0,0,卖盘
1559,10:27:31,17.5,--,103,180250,卖盘
1560,10:27:26,17.5,--,75,131250,卖盘
1561,10:27:22,17.5,--,75,131250,卖盘
1562,10:27:11,17.5,--,0,0,卖盘
1563,10:27:01,17.5,-0.02,120,210000,卖盘
1564,10:26:56,17.52,0.01,55,96360,买盘
1565,10:26:51,17.51,0.01,13,22763,中性盘
1566,10:26:41,17.5,--,332,581000,卖盘
1567,10:26:31,17.5,--,0,0,卖盘
1568,10:26:26,17.5,--,6,10500,卖盘
1569,10:26:16,17.5,--,58,101500,卖盘
1570,10:26:11,17.5,--,20,35437,买盘
1571,10:26:01,17.5,--,7,12250,买盘
1572,10:25:56,17.5,-0.02,999,1749562,卖盘
1573,10:25:51,17.52,--,13,22776,卖盘
1574,10:25:46,17.52,--,262,460267,买盘
1575,10:25:41,17.52,0.02,1,1752,买盘
1576,10:25:31,17.5,-0.02,49,85750,卖盘
1577,10:25:26,17.52,0.01,35,61320,买盘
1578,10:25:16,17.51,--,6026,10551526,买盘
1579,10:25:01,17.51,0.01,43,75293,买盘
1580,10:24:51,17.5,-0.01,15,26250,卖盘
1581,10:24:46,17.51,--,423,740673,买盘
1582,10:24:25,17.51,--,1,1751,买盘
1583,10:24:10,17.51,--,601,1053944,卖盘
1584,10:24:05,17.51,--,59,103309,卖盘
1585,10:24:01,17.51,--,21,36771,卖盘
1586,10:23:55,17.51,--,11,19261,卖盘
1587,10:23:50,17.51,--,13,22763,卖盘
1588,10:23:46,17.51,--,48,84048,卖盘
1589,10:23:31,17.51,--,9,15759,卖盘
1590,10:23:16,17.51,--,12,21012,卖盘
1591,10:22:55,17.51,--,2,3502,卖盘
1592,10:22:50,17.51,-0.01,64,112064,卖盘
1593,10:22:35,17.52,--,30,52560,卖盘
1594,10:22:31,17.52,--,73,128053,买盘
1595,10:22:25,17.52,--,22,38544,买盘
1596,10:22:16,17.52,0.01,12,21024,买盘
1597,10:21:55,17.51,--,3,5253,卖盘
1598,10:21:50,17.51,-0.01,13,22763,卖盘
1599,10:21:40,17.52,0.01,10,17520,买盘
1600,10:21:35,17.51,--,10,17510,卖盘
1601,10:21:16,17.51,-0.01,7,12257,卖盘
1602,10:21:01,17.52,0.01,40,70080,买盘
1603,10:20:55,17.51,0.01,16,28016,买盘
1604,10:20:50,17.5,--,14,24500,卖盘
1605,10:20:46,17.5,--,0,0,卖盘
1606,10:20:40,17.5,-0.01,100,175000,卖盘
1607,10:20:31,17.51,0.01,6,10506,卖盘
1608,10:20:25,17.5,-0.01,7,12250,卖盘
1609,10:20:20,17.51,--,19,33269,买盘
1610,10:20:16,17.51,0.01,9,15759,买盘
1611,10:20:05,17.5,--,1,1750,卖盘
1612,10:20:01,17.5,--,65,113750,卖盘
1613,10:19:55,17.5,--,17,29750,卖盘
1614,10:19:50,17.5,-0.01,13,22750,卖盘
1615,10:19:40,17.51,0.01,10,17510,买盘
1616,10:19:31,17.5,-0.01,9,15750,卖盘
1617,10:19:25,17.51,--,10,17510,买盘
1618,10:19:05,17.51,0.01,64,112064,买盘
1619,10:19:00,17.5,--,20,35000,卖盘
1620,10:18:55,17.5,--,10,17500,卖盘
1621,10:18:50,17.5,--,13,22750,卖盘
1622,10:18:40,17.5,-0.01,26,45500,卖盘
1623,10:18:30,17.51,--,309,541059,买盘
1624,10:18:25,17.51,--,15,26265,买盘
1625,10:18:15,17.51,0.01,5,8755,买盘
1626,10:18:10,17.5,--,200,350000,卖盘
1627,10:18:05,17.5,-0.01,6,10500,卖盘
1628,10:18:00,17.51,0.01,6,10506,买盘
1629,10:17:55,17.5,--,13,22750,卖盘
1630,10:17:49,17.5,-0.01,30,52500,卖盘
1631,10:17:40,17.51,--,81,141831,买盘
1632,10:17:34,17.51,0.01,48,84048,买盘
1633,10:17:30,17.5,--,13,22750,卖盘
1634,10:17:25,17.5,--,6,10500,卖盘
1635,10:17:19,17.5,--,106,185500,卖盘
1636,10:17:10,17.5,-0.01,77,134750,卖盘
1637,10:17:04,17.51,0.01,110,192610,买盘
1638,10:16:55,17.5,-0.01,49,85750,卖盘
1639,10:16:49,17.51,--,10,17510,买盘
1640,10:16:45,17.51,--,18,32095,买盘
1641,10:16:40,17.51,--,6,10506,买盘
1642,10:16:29,17.51,0.01,50,87550,买盘
1643,10:16:25,17.5,-0.01,20,35000,卖盘
1644,10:16:19,17.51,--,3,5253,买盘
1645,10:16:15,17.51,0.01,51,89301,买盘
1646,10:16:10,17.5,--,24,42000,卖盘
1647,10:16:04,17.5,-0.01,87,152250,卖盘
1648,10:15:55,17.51,--,60,105060,卖盘
1649,10:15:49,17.51,--,14,24514,卖盘
1650,10:15:40,17.51,--,145,253895,卖盘
1651,10:15:34,17.51,--,196,343196,卖盘
1652,10:15:29,17.51,--,9,15759,卖盘
1653,10:15:25,17.51,--,42,73542,卖盘
1654,10:15:19,17.51,--,2040,3572040,卖盘
1655,10:15:14,17.51,-0.03,120,210120,卖盘
1656,10:15:04,17.54,--,338,592852,买盘
1657,10:14:55,17.54,0.03,10,17540,买盘
1658,10:14:49,17.51,--,13,22763,卖盘
1659,10:14:44,17.51,-0.01,343,600593,卖盘
1660,10:14:34,17.52,--,18,31536,卖盘
1661,10:14:29,17.52,-0.02,10,17520,卖盘
1662,10:14:24,17.54,--,21,36834,买盘
1663,10:14:19,17.54,0.02,20,35080,中性盘
1664,10:14:14,17.52,-0.02,115,201480,卖盘
1665,10:14:09,17.54,-0.01,16,28064,卖盘
1666,10:14:04,17.55,0.01,110,193050,买盘
1667,10:13:59,17.54,-0.01,108,189432,卖盘
1668,10:13:54,17.55,--,37,64935,买盘
1669,10:13:49,17.55,0.01,57,100035,买盘
1670,10:13:39,17.54,0.02,42,73668,卖盘
1671,10:13:34,17.52,-0.03,100,175200,卖盘
1672,10:13:29,17.55,0.02,126,221130,买盘
1673,10:13:24,17.53,0.01,30,52590,买盘
1674,10:13:19,17.52,-0.02,54,94608,卖盘
1675,10:13:14,17.54,0.02,2,3508,买盘
1676,10:13:09,17.52,-0.02,4,7008,卖盘
1677,10:13:04,17.54,0.02,44,77176,买盘
1678,10:12:59,17.52,0.01,3,5256,买盘
1679,10:12:54,17.51,-0.03,12,21012,卖盘
1680,10:12:49,17.54,--,0,0,买盘
1681,10:12:44,17.54,0.02,100,175400,买盘
1682,10:12:39,17.52,--,59,103368,买盘
1683,10:12:34,17.52,0.01,10,17520,买盘
1684,10:12:29,17.51,--,82,143582,卖盘
1685,10:12:24,17.51,--,10,17510,卖盘
1686,10:12:19,17.51,--,25,43775,卖盘
1687,10:12:04,17.51,--,56,98056,买盘
1688,10:11:54,17.51,0.01,23,40273,买盘
1689,10:11:44,17.5,--,35,61250,卖盘
1690,10:11:39,17.5,0.01,452,791367,买盘
1691,10:11:34,17.49,--,13,22736,卖盘
1692,10:11:19,17.49,--,55,96194,买盘
1693,10:10:58,17.49,0.01,1,1748,买盘
1694,10:10:54,17.48,-0.01,210,367080,卖盘
1695,10:10:49,17.49,0.01,11,19239,买盘
1696,10:10:43,17.48,-0.01,267,466716,卖盘
1697,10:10:34,17.49,--,18,31481,买盘
1698,10:10:28,17.49,--,8,13991,买盘
1699,10:10:24,17.49,-0.01,64,111935,卖盘
1700,10:10:19,17.5,--,6,10500,买盘
1701,10:10:13,17.5,--,2,3500,买盘
1702,10:09:58,17.5,0.01,54,94500,买盘
1703,10:09:43,17.49,-0.01,43,75207,卖盘
1704,10:09:39,17.5,0.01,35,61250,买盘
1705,10:09:34,17.49,--,38,66462,买盘
1706,10:09:28,17.49,0.01,97,169652,买盘
1707,10:09:24,17.48,--,60,104880,卖盘
1708,10:09:19,17.48,--,313,547124,买盘
1709,10:09:13,17.48,--,239,417772,买盘
1710,10:08:43,17.48,-0.01,6,10488,中性盘
1711,10:08:39,17.49,--,10,17490,买盘
1712,10:08:34,17.49,--,123,215126,买盘
1713,10:08:28,17.49,--,96,167903,买盘
1714,10:08:19,17.49,--,58,101441,买盘
1715,10:08:13,17.49,0.01,35,61214,买盘
1716,10:08:08,17.48,-0.01,16,27968,中性盘
1717,10:08:04,17.49,0.02,89,155661,买盘
1718,10:07:58,17.47,-0.01,170,296990,卖盘
1719,10:07:49,17.48,--,61,106628,买盘
1720,10:07:43,17.48,--,27,47196,买盘
1721,10:07:38,17.48,--,47,82156,买盘
1722,10:07:34,17.48,0.01,215,375820,买盘
1723,10:07:23,17.47,-0.01,35,61144,卖盘
1724,10:07:18,17.48,0.01,3,5244,买盘
1725,10:07:13,17.47,-0.01,104,181688,卖盘
1726,10:07:08,17.48,--,2,3496,买盘
1727,10:06:58,17.48,0.01,1,1748,买盘
1728,10:06:28,17.47,-0.01,56,97832,卖盘
1729,10:06:18,17.48,--,10,17480,买盘
1730,10:06:03,17.48,0.01,5,8740,买盘
1731,10:05:58,17.47,-0.01,45,78615,卖盘
1732,10:05:53,17.48,0.01,5,8740,买盘
1733,10:05:48,17.47,--,312,545064,卖盘
1734,10:05:43,17.47,--,42,73374,卖盘
1735,10:05:33,17.47,--,20,34940,卖盘
1736,10:05:28,17.47,--,35,61144,卖盘
1737,10:05:23,17.47,0.01,68,118795,买盘
1738,10:05:13,17.46,--,355,619830,卖盘
1739,10:05:08,17.46,-0.01,28,48888,卖盘
1740,10:05:03,17.47,0.01,16,27952,买盘
1741,10:04:58,17.46,-0.01,10,17460,卖盘
1742,10:04:48,17.47,--,50,87350,买盘
1743,10:04:43,17.47,0.01,200,349400,买盘
1744,10:04:38,17.46,-0.01,59,103014,卖盘
1745,10:04:33,17.47,--,15,26205,买盘
1746,10:04:28,17.47,--,35,61144,买盘
1747,10:04:23,17.47,--,764,1334708,卖盘
1748,10:04:18,17.47,--,27,47169,卖盘
1749,10:04:13,17.47,-0.01,1000,1747000,卖盘
1750,10:04:03,17.48,--,21,36708,买盘
1751,10:03:48,17.48,--,75,131100,买盘
1752,10:03:38,17.48,--,1,1748,买盘
1753,10:03:33,17.48,--,43,75164,买盘
1754,10:03:28,17.48,--,200,349600,买盘
1755,10:03:18,17.48,--,136,237728,买盘
1756,10:03:13,17.48,0.01,45,78660,买盘
1757,10:03:03,17.47,-0.01,67,117048,卖盘
1758,10:02:58,17.48,0.01,137,239476,买盘
1759,10:02:48,17.47,-0.01,23,40181,卖盘
1760,10:02:43,17.48,0.01,83,145084,买盘
1761,10:02:37,17.47,0.01,192,335424,买盘
1762,10:02:28,17.46,-0.01,132,230472,卖盘
1763,10:02:22,17.47,0.01,13,22711,买盘
1764,10:02:18,17.46,--,1,1746,卖盘
1765,10:02:13,17.46,--,80,139680,卖盘
1766,10:02:07,17.46,--,5,8730,卖盘
1767,10:02:03,17.46,--,108,188568,卖盘
1768,10:01:58,17.46,-0.01,11,19206,卖盘
1769,10:01:52,17.47,0.01,7,12229,买盘
1770,10:01:43,17.46,--,10,17460,卖盘
1771,10:01:37,17.46,-0.01,25,43650,卖盘
1772,10:01:28,17.47,0.01,71,124036,买盘
1773,10:01:22,17.46,-0.01,74,129204,卖盘
1774,10:01:18,17.47,0.01,22,38434,买盘
1775,10:01:07,17.46,--,88,153648,卖盘
1776,10:00:58,17.46,--,59,103014,卖盘
1777,10:00:52,17.46,--,41,71586,卖盘
1778,10:00:43,17.46,--,3,5238,卖盘
1779,10:00:33,17.46,--,40,69840,卖盘
1780,10:00:28,17.46,0.01,439,766494,买盘
1781,10:00:17,17.45,--,100,174500,卖盘
1782,10:00:07,17.45,-0.01,10,17450,卖盘
1783,09:59:52,17.46,--,88,153648,卖盘
1784,09:59:43,17.46,--,106,185076,卖盘
1785,09:59:37,17.46,-0.01,64,111744,卖盘
1786,09:59:32,17.47,0.01,39,68133,买盘
1787,09:59:22,17.46,--,85,148410,卖盘
1788,09:59:17,17.46,-0.01,66,115236,卖盘
1789,09:59:07,17.47,--,1,1747,买盘
1790,09:58:57,17.47,--,10,17470,买盘
1791,09:58:52,17.47,--,32,55904,买盘
1792,09:58:42,17.47,--,5,8735,买盘
1793,09:58:27,17.47,0.01,11,19217,买盘
1794,09:58:22,17.46,-0.01,190,331740,卖盘
1795,09:58:07,17.47,--,46,80362,买盘
1796,09:58:02,17.47,0.01,1,1747,买盘
1797,09:57:57,17.46,-0.01,9,15714,卖盘
1798,09:57:47,17.47,0.01,20,34940,买盘
1799,09:57:42,17.46,-0.01,10,17460,卖盘
1800,09:57:37,17.47,--,27,47169,买盘
1801,09:57:27,17.47,--,1,1747,买盘
1802,09:57:22,17.47,--,10,17470,买盘
1803,09:57:07,17.47,--,1,1747,买盘
1804,09:57:01,17.47,-0.01,30,52410,卖盘
1805,09:56:57,17.48,--,10,17480,买盘
1806,09:56:42,17.48,0.01,1,1748,买盘
1807,09:56:27,17.47,--,16,27952,买盘
1808,09:56:16,17.47,0.01,30,52410,买盘
1809,09:56:12,17.46,--,43,75078,卖盘
1810,09:56:01,17.46,--,67,116982,卖盘
1811,09:55:52,17.46,--,13,22698,卖盘
1812,09:55:46,17.46,0.01,431,752526,买盘
1813,09:55:42,17.45,--,32,55840,买盘
1814,09:55:37,17.45,0.02,10,17450,买盘
1815,09:55:31,17.43,-0.02,83,144669,卖盘
1816,09:55:27,17.45,--,10,17450,卖盘
1817,09:55:22,17.45,--,84,146580,卖盘
1818,09:55:16,17.45,--,344,600280,卖盘
1819,09:55:07,17.45,--,100,174500,卖盘
1820,09:54:52,17.45,-0.01,73,127385,卖盘
1821,09:54:46,17.46,--,8,13968,买盘
1822,09:54:42,17.46,--,7,12222,买盘
1823,09:54:37,17.46,--,11,19206,卖盘
1824,09:54:31,17.46,0.01,344,600624,买盘
1825,09:54:22,17.45,-0.01,11,19195,卖盘
1826,09:54:16,17.46,0.01,17,29682,买盘
1827,09:54:07,17.45,-0.01,150,261750,卖盘
1828,09:53:52,17.46,--,4,6984,买盘
1829,09:53:46,17.46,--,3,5238,买盘
1830,09:53:37,17.46,--,34,59364,中性盘
1831,09:53:31,17.46,--,0,0,买盘
1832,09:53:22,17.46,--,10,17460,买盘
1833,09:53:16,17.46,0.01,7,12222,买盘
1834,09:53:12,17.45,-0.01,91,158795,卖盘
1835,09:53:07,17.46,-0.01,1,1746,卖盘
1836,09:52:52,17.47,--,27,47169,买盘
1837,09:52:46,17.47,0.02,10,17470,买盘
1838,09:52:42,17.45,-0.01,1,1745,卖盘
1839,09:52:36,17.46,-0.01,10,17686,卖盘
1840,09:52:31,17.47,0.01,15,26205,买盘
1841,09:52:26,17.46,--,8,15487,买盘
1842,09:52:22,17.46,--,12,20952,买盘
1843,09:52:16,17.46,--,5,8730,买盘
1844,09:52:06,17.46,-0.02,92,160858,卖盘
1845,09:51:56,17.48,0.02,23,40204,买盘
1846,09:51:51,17.46,-0.01,33,57618,卖盘
1847,09:51:46,17.47,0.01,54,94338,买盘
1848,09:51:41,17.46,--,1,1746,卖盘
1849,09:51:36,17.46,-0.01,40,69840,卖盘
1850,09:51:31,17.47,0.01,97,169459,买盘
1851,09:51:21,17.46,--,1,1746,卖盘
1852,09:51:16,17.46,--,31,55645,买盘
1853,09:51:06,17.46,0.01,67,116982,买盘
1854,09:51:01,17.45,--,0,0,买盘
1855,09:50:56,17.45,0.02,100,174500,买盘
1856,09:50:51,17.43,--,95,165585,买盘
1857,09:50:46,17.43,--,89,155127,买盘
1858,09:50:41,17.43,0.01,70,122010,买盘
1859,09:50:36,17.42,-0.01,12,20904,中性盘
1860,09:50:31,17.43,0.01,120,209160,买盘
1861,09:50:26,17.42,0.01,10,17420,买盘
1862,09:50:21,17.41,-0.01,63,109683,卖盘
1863,09:50:11,17.42,--,100,174200,买盘
1864,09:50:06,17.42,--,1,1742,买盘
1865,09:50:01,17.42,--,5,8710,买盘
1866,09:49:51,17.42,--,28,48776,买盘
1867,09:49:46,17.42,0.01,13,22646,买盘
1868,09:49:31,17.41,-0.01,24,43089,卖盘
1869,09:49:25,17.42,--,1,1742,买盘
1870,09:49:16,17.42,-0.01,37,64454,卖盘
1871,09:49:10,17.43,0.01,1,1743,买盘
1872,09:49:06,17.42,--,15,26130,卖盘
1873,09:49:01,17.42,--,79,137618,卖盘
1874,09:48:51,17.42,0.01,1139,1984138,买盘
1875,09:48:46,17.41,--,123,214143,卖盘
1876,09:48:36,17.41,--,13,22633,卖盘
1877,09:48:31,17.41,--,103,179323,卖盘
1878,09:48:25,17.41,--,454,790414,卖盘
1879,09:48:21,17.41,--,1,1741,卖盘
1880,09:48:16,17.41,--,12,20892,卖盘
1881,09:48:10,17.41,--,35,60935,卖盘
1882,09:48:06,17.41,--,67,116647,卖盘
1883,09:48:01,17.41,--,324,564084,卖盘
1884,09:47:55,17.41,--,29,50489,卖盘
1885,09:47:51,17.41,--,405,705105,卖盘
1886,09:47:46,17.41,--,681,1185621,卖盘
1887,09:47:40,17.41,-0.01,80,139280,卖盘
1888,09:47:35,17.42,--,81,141102,卖盘
1889,09:47:31,17.42,--,281,489502,卖盘
1890,09:47:25,17.42,--,252,438984,卖盘
1891,09:47:21,17.42,-0.01,54,94068,卖盘
1892,09:47:16,17.43,0.01,51,88893,买盘
1893,09:47:10,17.42,--,102,177684,卖盘
1894,09:47:06,17.42,-0.01,11,19162,卖盘
1895,09:47:01,17.43,0.01,58,101094,买盘
1896,09:46:55,17.42,--,78,135876,卖盘
1897,09:46:46,17.42,--,22,38324,卖盘
1898,09:46:40,17.42,--,20,34840,卖盘
1899,09:46:36,17.42,--,20,34840,卖盘
1900,09:46:30,17.42,--,3,5226,卖盘
1901,09:46:25,17.42,--,23,40066,卖盘
1902,09:46:21,17.42,--,73,127166,买盘
1903,09:46:15,17.42,0.01,10,17420,买盘
1904,09:46:10,17.41,--,65,113165,卖盘
1905,09:46:00,17.41,-0.01,235,409135,卖盘
1906,09:45:50,17.42,0.01,2,3484,买盘
1907,09:45:45,17.41,--,61,106201,卖盘
1908,09:45:35,17.41,-0.01,4,6964,卖盘
1909,09:45:30,17.42,--,2,3484,买盘
1910,09:45:25,17.42,--,9,15678,卖盘
1911,09:45:15,17.42,--,5,8710,卖盘
1912,09:45:10,17.42,-0.01,6,10452,中性盘
1913,09:45:00,17.43,0.02,89,155127,买盘
1914,09:44:55,17.41,-0.01,64,111424,卖盘
1915,09:44:50,17.42,--,41,71422,卖盘
1916,09:44:45,17.42,0.01,1,1742,中性盘
1917,09:44:40,17.41,-0.02,53,92273,卖盘
1918,09:44:35,17.43,--,106,185193,买盘
1919,09:44:30,17.43,0.01,145,252735,买盘
1920,09:44:25,17.42,--,192,334464,卖盘
1921,09:44:15,17.42,-0.01,6,10452,卖盘
1922,09:44:10,17.43,0.01,1,1743,卖盘
1923,09:44:00,17.42,-0.03,5,8710,卖盘
1924,09:43:55,17.45,0.03,29,50605,买盘
1925,09:43:50,17.42,--,102,177684,卖盘
1926,09:43:45,17.42,--,12,20904,卖盘
1927,09:43:40,17.42,-0.03,35,60970,卖盘
1928,09:43:35,17.45,0.02,1,1745,买盘
1929,09:43:30,17.43,0.01,18,31374,卖盘
1930,09:43:25,17.42,-0.01,12,20904,卖盘
1931,09:43:20,17.43,--,6,11590,买盘
1932,09:43:15,17.43,0.01,27,47566,买盘
1933,09:43:10,17.42,--,7,12194,卖盘
1934,09:43:00,17.42,--,326,567892,卖盘
1935,09:42:55,17.42,--,10,17420,卖盘
1936,09:42:50,17.42,-0.01,22,39735,卖盘
1937,09:42:45,17.43,0.01,10,17430,买盘
1938,09:42:40,17.42,-0.01,10,17420,卖盘
1939,09:42:34,17.43,--,10,17430,买盘
1940,09:42:30,17.43,-0.03,39,67977,卖盘
1941,09:42:25,17.46,--,0,0,买盘
1942,09:42:19,17.46,--,10,17460,买盘
1943,09:42:15,17.46,--,10,17460,买盘
1944,09:42:10,17.46,0.04,42,73332,买盘
1945,09:42:04,17.42,-0.03,1,1742,卖盘
1946,09:42:00,17.45,0.03,103,179735,中性盘
1947,09:41:55,17.42,-0.03,28,48776,卖盘
1948,09:41:49,17.45,--,15,26175,买盘
1949,09:41:45,17.45,--,5,8725,买盘
1950,09:41:40,17.45,--,1,1745,买盘
1951,09:41:34,17.45,0.03,6,10470,买盘
1952,09:41:25,17.42,-0.03,420,731640,卖盘
1953,09:41:19,17.45,0.01,382,666590,买盘
1954,09:41:14,17.44,0.03,3,5232,买盘
1955,09:41:00,17.41,-0.03,130,226330,卖盘
1956,09:40:55,17.44,0.02,38,66272,买盘
1957,09:40:44,17.42,0.01,153,266526,买盘
1958,09:40:40,17.41,-0.01,5,8705,卖盘
1959,09:40:34,17.42,0.01,31,54002,买盘
1960,09:40:29,17.41,--,69,120129,卖盘
1961,09:40:24,17.41,--,28,48748,卖盘
1962,09:40:19,17.41,-0.01,197,342977,卖盘
1963,09:40:14,17.42,--,13,22646,买盘
1964,09:40:04,17.42,0.01,687,1196754,买盘
1965,09:39:49,17.41,--,5,8705,卖盘
1966,09:39:39,17.41,--,610,1062010,买盘
1967,09:39:34,17.41,--,372,647652,卖盘
1968,09:39:29,17.41,--,128,222848,卖盘
1969,09:39:24,17.41,--,9,15669,卖盘
1970,09:39:19,17.41,--,7,12187,卖盘
1971,09:39:14,17.41,--,23,40043,卖盘
1972,09:39:09,17.41,--,23,40043,卖盘
1973,09:39:04,17.41,--,35,60935,卖盘
1974,09:38:59,17.41,--,10,17410,卖盘
1975,09:38:54,17.41,--,12,20892,卖盘
1976,09:38:49,17.41,0.01,5,8705,买盘
1977,09:38:44,17.4,-0.01,141,245339,卖盘
1978,09:38:39,17.41,0.01,125,217625,卖盘
1979,09:38:34,17.4,--,316,549996,卖盘
1980,09:38:29,17.4,--,5,8700,卖盘
1981,09:38:24,17.4,--,17,29579,卖盘
1982,09:38:19,17.4,-0.01,50,87000,卖盘
1983,09:38:14,17.41,0.01,9,15669,买盘
1984,09:38:09,17.4,-0.01,611,1064549,卖盘
1985,09:38:04,17.41,0.01,26,45266,买盘
1986,09:37:59,17.4,--,37,64379,卖盘
1987,09:37:54,17.4,0.01,1,1739,中性盘
1988,09:37:49,17.39,-0.02,96,166944,卖盘
1989,09:37:44,17.41,0.01,34,59194,买盘
1990,09:37:39,17.4,-0.01,29,50459,卖盘
1991,09:37:34,17.41,--,2,3482,买盘
1992,09:37:29,17.41,-0.01,37,64417,卖盘
1993,09:37:24,17.42,--,62,108004,买盘
1994,09:37:19,17.42,0.01,75,130650,买盘
1995,09:37:14,17.41,--,23,40043,卖盘
1996,09:37:09,17.41,-0.03,35,60935,卖盘
1997,09:37:04,17.44,0.01,3,5232,买盘
1998,09:36:44,17.43,0.03,5,8715,买盘
1999,09:36:39,17.4,--,0,0,卖盘
2000,09:36:34,17.4,-0.03,9,15659,卖盘
2001,09:36:28,17.43,0.01,5,8715,买盘
2002,09:36:24,17.42,0.02,42,73164,买盘
2003,09:36:19,17.4,0.01,10,17400,买盘
2004,09:36:09,17.39,--,2,3478,卖盘
2005,09:36:04,17.39,0.01,2,3478,买盘
2006,09:35:49,17.38,--,496,862048,买盘
2007,09:35:43,17.38,--,7,12166,买盘
2008,09:35:39,17.38,--,260,451880,买盘
2009,09:35:34,17.38,0.01,13,22594,买盘
2010,09:35:24,17.37,--,18,31266,卖盘
2011,09:35:19,17.37,--,6,10422,买盘
2012,09:35:13,17.37,0.01,1,1737,买盘
2013,09:35:09,17.36,-0.02,35,60760,卖盘
2014,09:35:04,17.38,--,9,15642,买盘
2015,09:34:58,17.38,0.03,5,8690,买盘
2016,09:34:54,17.35,-0.02,60,104100,卖盘
2017,09:34:49,17.37,0.01,48,83376,买盘
2018,09:34:43,17.36,--,5,8680,买盘
2019,09:34:39,17.36,0.01,103,178808,买盘
2020,09:34:34,17.35,-0.02,120,208200,卖盘
2021,09:34:28,17.37,0.01,92,159804,买盘
2022,09:34:24,17.36,-0.01,2,3472,卖盘
2023,09:34:19,17.37,--,19,33003,买盘
2024,09:34:13,17.37,0.02,55,95535,买盘
2025,09:34:09,17.35,-0.01,39,67665,卖盘
2026,09:34:03,17.36,-0.01,8,13888,卖盘
2027,09:33:58,17.37,--,55,95535,卖盘
2028,09:33:54,17.37,0.01,44,76428,买盘
2029,09:33:48,17.36,-0.01,116,201376,卖盘
2030,09:33:43,17.37,0.01,18,31266,买盘
2031,09:33:38,17.36,-0.01,1,1736,卖盘
2032,09:33:33,17.37,0.01,67,116379,买盘
2033,09:33:28,17.36,-0.01,28,48608,卖盘
2034,09:33:23,17.37,--,51,88587,买盘
2035,09:33:18,17.37,-0.01,181,314397,卖盘
2036,09:33:13,17.38,--,51,88638,买盘
2037,09:33:08,17.38,-0.01,157,272866,卖盘
2038,09:33:03,17.39,--,46,79994,买盘
2039,09:32:58,17.39,-0.02,6,10434,卖盘
2040,09:32:53,17.41,0.02,5,8705,买盘
2041,09:32:48,17.39,-0.04,9,15651,卖盘
2042,09:32:43,17.43,--,149,259707,买盘
2043,09:32:38,17.43,0.01,10,17430,买盘
2044,09:32:33,17.42,0.04,50,87100,买盘
2045,09:32:28,17.38,--,1,1738,卖盘
2046,09:32:23,17.38,-0.05,8,13904,卖盘
2047,09:32:18,17.43,--,0,0,买盘
2048,09:32:13,17.43,0.06,1,1743,买盘
2049,09:32:03,17.37,-0.07,15,26055,卖盘
2050,09:31:58,17.44,0.02,11,19184,买盘
2051,09:31:53,17.42,0.01,1,1742,卖盘
2052,09:31:48,17.41,-0.01,7,12187,卖盘
2053,09:31:43,17.42,0.01,6,10452,买盘
2054,09:31:38,17.41,-0.01,1,1741,卖盘
2055,09:31:28,17.42,0.01,9,15678,买盘
2056,09:31:23,17.41,0.05,1,1741,卖盘
2057,09:31:18,17.36,-0.06,58,100688,卖盘
2058,09:31:13,17.42,0.06,9,15678,买盘
2059,09:31:08,17.36,--,51,88536,买盘
2060,09:31:03,17.36,0.01,68,118048,卖盘
2061,09:30:48,17.35,0.01,2,3470,中性盘
2062,09:30:43,17.34,--,65,112710,卖盘
2063,09:30:37,17.34,-0.08,10,17340,卖盘
2064,09:30:33,17.42,0.06,51,88842,买盘
2065,09:30:28,17.36,0.01,68,118048,买盘
2066,09:30:18,17.35,--,23,39905,卖盘
2067,09:30:13,17.35,-0.07,81,140535,卖盘
2068,09:30:07,17.42,0.05,332,578344,买盘
2069,09:30:03,17.37,-0.04,309,536733,卖盘
2070,09:28:52,17.41,--,0,0,买盘
2071,09:25:04,17.41,17.41,171,297711,买盘
