,time,price,change,volume,amount,type
0,15:00:00,13.86,-0.02,0,0,卖盘
1,14:59:59,13.88,--,26,36088,卖盘
2,14:59:57,13.88,--,12,16656,卖盘
3,14:59:51,13.88,0.01,86,119368,买盘
4,14:59:46,13.87,--,31,42997,卖盘
5,14:59:42,13.87,--,172,238564,卖盘
6,14:59:37,13.87,0.01,350,485450,买盘
7,14:59:31,13.86,0.01,59,81774,买盘
8,14:59:27,13.85,-0.01,19,26315,卖盘
9,14:59:21,13.86,0.01,27,37422,买盘
10,14:59:16,13.85,--,135,186975,卖盘
11,14:59:12,13.85,--,1,1385,卖盘
12,14:59:06,13.85,--,20,27713,卖盘
13,14:59:01,13.85,--,216,299160,买盘
14,14:58:56,13.85,--,91,126035,买盘
15,14:58:51,13.85,--,29,40165,买盘
16,14:58:46,13.85,-0.01,44,60940,中性盘
17,14:58:42,13.86,0.01,142,196812,买盘
18,14:58:36,13.85,-0.01,41,56785,卖盘
19,14:58:31,13.86,0.01,42,58212,买盘
20,14:58:27,13.85,-0.01,3,4155,卖盘
21,14:58:21,13.86,--,130,180180,卖盘
22,14:58:16,13.86,--,7,9702,卖盘
23,14:58:12,13.86,--,27,37422,卖盘
24,14:58:06,13.86,--,17,23562,卖盘
25,14:58:01,13.86,0.01,232,322771,买盘
26,14:57:56,13.85,--,14,19390,买盘
27,14:57:51,13.85,--,318,440596,卖盘
28,14:57:46,13.85,--,41,56785,卖盘
29,14:57:41,13.85,-0.01,15,20775,卖盘
30,14:57:36,13.86,0.01,89,123354,买盘
31,14:57:31,13.85,--,77,106645,卖盘
32,14:57:27,13.85,--,42,58170,卖盘
33,14:57:21,13.85,--,6,8310,卖盘
34,14:57:16,13.85,--,16,22160,卖盘
35,14:57:11,13.85,0.01,134,186808,买盘
36,14:57:06,13.84,--,68,94112,买盘
37,14:57:01,13.84,-0.01,335,464844,卖盘
38,14:56:56,13.85,--,51,70635,买盘
39,14:56:51,13.85,--,137,189745,卖盘
40,14:56:46,13.85,-0.01,114,157890,中性盘
41,14:56:41,13.86,0.01,97,134442,买盘
42,14:56:36,13.85,--,68,94180,买盘
43,14:56:31,13.85,--,82,113570,卖盘
44,14:56:26,13.85,--,15,20775,卖盘
45,14:56:21,13.85,--,166,229910,卖盘
46,14:56:16,13.85,0.01,54,74790,中性盘
47,14:56:11,13.84,-0.01,59,81656,卖盘
48,14:56:06,13.85,0.01,39,54195,买盘
49,14:55:56,13.84,--,2,2768,卖盘
50,14:55:51,13.84,--,31,42904,卖盘
51,14:55:46,13.84,--,114,157776,买盘
52,14:55:41,13.84,--,116,160544,买盘
53,14:55:36,13.84,--,24,33216,买盘
54,14:55:31,13.84,0.02,50,69200,中性盘
55,14:55:26,13.82,-0.03,217,299894,卖盘
56,14:55:21,13.85,-0.02,183,254659,卖盘
57,14:55:16,13.87,0.02,322,446794,买盘
58,14:55:11,13.85,--,52,72020,买盘
59,14:55:06,13.85,--,105,145425,买盘
60,14:55:01,13.85,--,25,34625,买盘
61,14:54:51,13.85,0.01,501,693885,买盘
62,14:54:46,13.84,-0.01,35,48440,卖盘
63,14:54:41,13.85,--,50,69250,买盘
64,14:54:36,13.85,0.01,58,80330,买盘
65,14:54:31,13.84,-0.01,1,1384,卖盘
66,14:54:26,13.85,--,114,157890,买盘
67,14:54:16,13.85,--,112,155120,卖盘
68,14:54:11,13.85,-0.01,6,8310,卖盘
69,14:54:06,13.86,--,45,62370,买盘
70,14:54:01,13.86,0.01,11,15246,买盘
71,14:53:55,13.85,-0.01,108,149580,卖盘
72,14:53:51,13.86,0.01,85,117810,买盘
73,14:53:46,13.85,-0.01,24,34264,卖盘
74,14:53:40,13.86,0.01,11,15246,买盘
75,14:53:36,13.85,--,10,13850,卖盘
76,14:53:31,13.85,-0.01,367,508295,卖盘
77,14:53:25,13.86,0.01,133,184338,买盘
78,14:53:21,13.85,-0.01,4,5540,卖盘
79,14:53:16,13.86,0.01,68,94248,买盘
80,14:53:10,13.85,--,9,12465,卖盘
81,14:53:06,13.85,--,44,60940,卖盘
82,14:52:55,13.85,--,83,114955,卖盘
83,14:52:51,13.85,--,10,13850,卖盘
84,14:52:45,13.85,0.01,160,221960,买盘
85,14:52:40,13.84,--,14,19376,卖盘
86,14:52:36,13.84,0.03,6,8304,买盘
87,14:52:30,13.81,-0.03,21,29001,卖盘
88,14:52:25,13.84,-0.01,8,11072,买盘
89,14:52:21,13.85,0.04,5,6925,买盘
90,14:52:15,13.81,-0.04,250,345250,卖盘
91,14:52:10,13.85,-0.02,156,217098,卖盘
92,14:52:06,13.87,0.02,3,4507,买盘
93,14:52:00,13.85,-0.01,41,56785,卖盘
94,14:51:55,13.86,-0.01,7,9702,买盘
95,14:51:51,13.87,0.02,20,27740,买盘
96,14:51:45,13.85,0.02,49,67865,买盘
97,14:51:40,13.83,-0.04,24,33192,卖盘
98,14:51:35,13.87,0.02,39,54093,买盘
99,14:51:30,13.85,--,46,63710,买盘
100,14:51:25,13.85,-0.01,25,34625,卖盘
101,14:51:21,13.86,0.01,2,2772,买盘
102,14:51:15,13.85,0.01,23,31855,买盘
103,14:51:10,13.84,-0.01,45,62280,卖盘
104,14:51:00,13.85,--,39,54015,买盘
105,14:50:55,13.85,0.01,56,77560,买盘
106,14:50:45,13.84,-0.01,65,89960,卖盘
107,14:50:40,13.85,--,29,40165,买盘
108,14:50:35,13.85,0.02,10,13850,买盘
109,14:50:30,13.83,-0.02,18,24894,卖盘
110,14:50:25,13.85,0.02,56,77560,买盘
111,14:50:20,13.83,--,7,9681,卖盘
112,14:50:15,13.83,--,4,5532,卖盘
113,14:50:10,13.83,-0.01,15,20745,卖盘
114,14:50:00,13.84,-0.01,17,23528,卖盘
115,14:49:55,13.85,--,20,27700,买盘
116,14:49:50,13.85,--,5,6925,买盘
117,14:49:45,13.85,--,20,27700,买盘
118,14:49:40,13.85,--,13,18005,买盘
119,14:49:30,13.85,0.01,78,108030,买盘
120,14:49:25,13.84,-0.01,16,22144,中性盘
121,14:49:15,13.85,0.01,45,62325,买盘
122,14:49:10,13.84,--,39,53976,卖盘
123,14:49:05,13.84,0.01,35,48440,买盘
124,14:49:00,13.83,--,9,12447,卖盘
125,14:48:55,13.83,--,33,45639,买盘
126,14:48:50,13.83,0.01,2,2766,买盘
127,14:48:45,13.82,--,72,99504,卖盘
128,14:48:40,13.82,--,60,82920,卖盘
129,14:48:35,13.82,--,13,17966,卖盘
130,14:48:30,13.82,-0.01,53,73246,卖盘
131,14:48:25,13.83,0.01,23,31809,买盘
132,14:48:20,13.82,--,27,37314,卖盘
133,14:48:15,13.82,--,2,2764,卖盘
134,14:48:10,13.82,--,101,139582,买盘
135,14:48:05,13.82,--,22,30404,买盘
136,14:48:00,13.82,--,20,27640,买盘
137,14:47:50,13.82,0.02,18,24876,买盘
138,14:47:45,13.8,-0.01,11,15180,卖盘
139,14:47:40,13.81,--,37,51097,买盘
140,14:47:35,13.81,--,192,265152,买盘
141,14:47:30,13.81,--,20,27620,买盘
142,14:47:25,13.81,--,21,29001,买盘
143,14:47:20,13.81,--,19,26239,卖盘
144,14:47:15,13.81,-0.01,19,26239,卖盘
145,14:47:10,13.82,--,10,13820,买盘
146,14:47:04,13.82,0.02,41,56662,买盘
147,14:47:00,13.8,0.01,134,184920,买盘
148,14:46:55,13.79,--,12,16548,卖盘
149,14:46:49,13.79,--,30,41370,卖盘
150,14:46:40,13.79,0.01,10,13790,买盘
151,14:46:34,13.78,--,19,26182,卖盘
152,14:46:30,13.78,-0.01,11,15158,卖盘
153,14:46:25,13.79,0.01,46,63433,买盘
154,14:46:15,13.78,--,4,5512,卖盘
155,14:46:09,13.78,0.03,74,103115,买盘
156,14:46:04,13.75,--,1,1375,卖盘
157,14:46:00,13.75,--,8,11000,卖盘
158,14:45:54,13.75,0.01,715,983125,买盘
159,14:45:49,13.74,--,28,38472,买盘
160,14:45:45,13.74,-0.01,15,20610,卖盘
161,14:45:39,13.75,0.01,29,39875,买盘
162,14:45:34,13.74,-0.01,33,45342,卖盘
163,14:45:30,13.75,--,1,1375,买盘
164,14:45:24,13.75,-0.01,40,55000,买盘
165,14:45:19,13.76,--,14,19264,买盘
166,14:45:15,13.76,--,20,27520,买盘
167,14:45:09,13.76,0.01,28,38528,买盘
168,14:45:04,13.75,-0.02,36,49500,中性盘
169,14:45:00,13.77,--,51,70227,买盘
170,14:44:54,13.77,--,37,50949,买盘
171,14:44:49,13.77,-0.02,85,117279,卖盘
172,14:44:45,13.79,0.02,3,4137,买盘
173,14:44:39,13.77,-0.02,30,42452,卖盘
174,14:44:34,13.79,0.02,58,79982,买盘
175,14:44:29,13.77,--,25,34425,卖盘
176,14:44:24,13.77,0.06,8,11016,卖盘
177,14:44:19,13.71,-0.06,309,423639,卖盘
178,14:44:15,13.77,--,19,26163,买盘
179,14:44:09,13.77,0.01,36,49572,买盘
180,14:44:04,13.76,--,10,13760,卖盘
181,14:43:59,13.76,0.05,4,5504,卖盘
182,14:43:54,13.71,0.01,8,10968,中性盘
183,14:43:49,13.7,--,115,157550,卖盘
184,14:43:44,13.7,0.02,950,1301500,买盘
185,14:43:39,13.68,0.03,209,285912,买盘
186,14:43:34,13.65,-0.01,48,65520,卖盘
187,14:43:29,13.66,0.02,80,109280,买盘
188,14:43:24,13.64,0.02,94,128216,中性盘
189,14:43:19,13.62,0.01,141,192042,中性盘
190,14:43:14,13.61,--,128,174208,卖盘
191,14:43:09,13.61,0.01,100,136100,买盘
192,14:43:04,13.6,-0.01,142,193120,卖盘
193,14:42:59,13.61,0.01,152,206872,买盘
194,14:42:54,13.6,-0.01,241,327760,卖盘
195,14:42:49,13.61,0.01,212,288532,买盘
196,14:42:44,13.6,--,31,42160,卖盘
197,14:42:39,13.6,-0.08,215,292400,卖盘
198,14:42:34,13.68,--,393,537624,买盘
199,14:42:29,13.68,--,17,23256,买盘
200,14:42:24,13.68,--,8,10944,买盘
201,14:42:19,13.68,-0.02,102,139536,卖盘
202,14:42:14,13.7,--,21,28770,买盘
203,14:42:09,13.7,-0.07,1096,1501520,卖盘
204,14:42:04,13.77,--,201,276777,卖盘
205,14:41:59,13.77,-0.01,19,26163,卖盘
206,14:41:54,13.78,--,134,184652,卖盘
207,14:41:49,13.78,--,261,359658,卖盘
208,14:41:44,13.78,--,5,6890,卖盘
209,14:41:39,13.78,--,40,55120,卖盘
210,14:41:34,13.78,-0.01,89,122642,卖盘
211,14:41:29,13.79,--,7,9653,卖盘
212,14:41:24,13.79,-0.01,32,44128,卖盘
213,14:41:14,13.8,--,2,2760,买盘
214,14:41:09,13.8,--,110,151800,卖盘
215,14:41:04,13.8,--,139,191820,卖盘
216,14:40:59,13.8,--,210,289800,卖盘
217,14:40:53,13.8,-0.01,41,56580,卖盘
218,14:40:49,13.81,-0.01,264,364584,卖盘
219,14:40:44,13.82,-0.01,18,24876,卖盘
220,14:40:39,13.83,0.01,1,1383,买盘
221,14:40:34,13.82,-0.01,22,30404,卖盘
222,14:40:28,13.83,--,368,508944,卖盘
223,14:40:19,13.83,--,31,42873,卖盘
224,14:40:13,13.83,--,5,6915,卖盘
225,14:40:09,13.83,-0.01,15,20745,卖盘
226,14:40:04,13.84,--,125,173000,买盘
227,14:39:58,13.84,--,117,161928,卖盘
228,14:39:54,13.84,--,3,4152,卖盘
229,14:39:49,13.84,-0.01,8,11072,卖盘
230,14:39:43,13.85,0.01,16,22160,买盘
231,14:39:33,13.84,-0.01,5,6920,卖盘
232,14:39:28,13.85,--,63,87255,买盘
233,14:39:24,13.85,--,18,24930,买盘
234,14:39:18,13.85,--,213,295005,卖盘
235,14:39:13,13.85,--,18,24930,卖盘
236,14:39:09,13.85,--,25,34625,买盘
237,14:39:03,13.85,--,12,16620,买盘
238,14:38:58,13.85,0.01,58,80330,中性盘
239,14:38:53,13.84,-0.01,12,16608,卖盘
240,14:38:48,13.85,0.01,11,15235,买盘
241,14:38:33,13.84,--,6,8304,卖盘
242,14:38:28,13.84,--,55,76120,买盘
243,14:38:24,13.84,0.01,20,27680,买盘
244,14:38:18,13.83,--,24,33192,卖盘
245,14:38:13,13.83,-0.01,17,23511,卖盘
246,14:38:09,13.84,0.02,78,107952,买盘
247,14:38:03,13.82,-0.01,43,59426,卖盘
248,14:37:58,13.83,-0.01,29,40107,卖盘
249,14:37:54,13.84,0.01,20,27680,买盘
250,14:37:48,13.83,0.01,41,56703,买盘
251,14:37:43,13.82,-0.02,16,22112,卖盘
252,14:37:33,13.84,--,40,55360,买盘
253,14:37:28,13.84,--,4,5536,买盘
254,14:37:24,13.84,--,12,16608,买盘
255,14:37:13,13.84,0.03,19,26296,买盘
256,14:37:08,13.81,--,112,154672,卖盘
257,14:37:02,13.81,-0.02,20,27620,卖盘
258,14:36:58,13.83,--,20,27660,买盘
259,14:36:48,13.83,0.03,36,49788,买盘
260,14:36:43,13.8,--,6,8280,卖盘
261,14:36:38,13.8,-0.05,427,589260,卖盘
262,14:36:32,13.85,0.01,65,90025,买盘
263,14:36:28,13.84,-0.01,15,20760,卖盘
264,14:36:23,13.85,--,32,44320,买盘
265,14:36:18,13.85,--,75,103875,买盘
266,14:36:13,13.85,-0.02,123,170355,卖盘
267,14:36:08,13.87,-0.02,33,45771,卖盘
268,14:36:02,13.89,0.01,2,2778,买盘
269,14:35:58,13.88,--,21,29148,卖盘
270,14:35:53,13.88,-0.02,20,27760,卖盘
271,14:35:48,13.9,--,10,13900,买盘
272,14:35:43,13.9,--,15,20850,买盘
273,14:35:38,13.9,--,18,25020,买盘
274,14:35:33,13.9,-0.01,32,44480,卖盘
275,14:35:28,13.91,--,12,16692,买盘
276,14:35:23,13.91,--,20,27820,买盘
277,14:35:17,13.91,0.01,2,2782,买盘
278,14:35:13,13.9,-0.01,10,13900,卖盘
279,14:35:08,13.91,--,7,9737,卖盘
280,14:35:02,13.91,-0.01,2,2782,中性盘
281,14:34:58,13.92,0.02,12,16704,买盘
282,14:34:53,13.9,--,1,1390,卖盘
283,14:34:48,13.9,--,100,139000,卖盘
284,14:34:43,13.9,-0.02,14,19460,卖盘
285,14:34:38,13.92,0.02,1,1392,买盘
286,14:34:33,13.9,-0.01,106,147340,卖盘
287,14:34:28,13.91,--,41,57031,卖盘
288,14:34:23,13.91,0.01,91,126581,买盘
289,14:34:18,13.9,--,6,8340,卖盘
290,14:34:13,13.9,-0.01,32,44480,卖盘
291,14:34:03,13.91,0.02,3,4173,买盘
292,14:33:48,13.89,--,20,27780,买盘
293,14:33:43,13.89,--,21,29169,买盘
294,14:33:37,13.89,--,8,11112,买盘
295,14:33:33,13.89,--,9,12501,买盘
296,14:33:28,13.89,--,0,0,买盘
297,14:33:22,13.89,0.03,8,11112,买盘
298,14:33:17,13.86,-0.01,4,5544,买盘
299,14:33:13,13.87,--,82,113734,卖盘
300,14:33:07,13.87,0.01,193,267691,买盘
301,14:32:58,13.86,--,37,51282,买盘
302,14:32:52,13.86,--,5,6930,买盘
303,14:32:48,13.86,0.01,5,6930,买盘
304,14:32:42,13.85,--,16,22160,买盘
305,14:32:37,13.85,0.01,58,80330,买盘
306,14:32:27,13.84,0.01,35,48440,买盘
307,14:32:22,13.83,0.01,10,13830,买盘
308,14:32:12,13.82,0.02,69,95358,买盘
309,14:32:07,13.8,--,129,178710,买盘
310,14:32:02,13.8,--,328,452640,买盘
311,14:31:57,13.8,--,206,284280,买盘
312,14:31:52,13.8,0.02,73,100740,买盘
313,14:31:47,13.78,-0.02,17,23426,卖盘
314,14:31:42,13.8,0.02,96,132480,买盘
315,14:31:37,13.78,0.01,192,264576,买盘
316,14:31:32,13.77,--,56,77112,卖盘
317,14:31:27,13.77,0.01,17,23409,卖盘
318,14:31:22,13.76,--,0,0,卖盘
319,14:31:17,13.76,-0.02,81,111456,卖盘
320,14:31:12,13.78,--,74,101972,卖盘
321,14:31:07,13.78,-0.02,188,259064,卖盘
322,14:31:02,13.8,--,8,11040,买盘
323,14:30:57,13.8,--,5,6900,买盘
324,14:30:52,13.8,-0.03,868,1199206,卖盘
325,14:30:47,13.83,--,11,15213,卖盘
326,14:30:42,13.83,--,175,242025,卖盘
327,14:30:37,13.83,--,52,71916,卖盘
328,14:30:32,13.83,-0.02,26,35958,卖盘
329,14:30:27,13.85,--,90,124650,买盘
330,14:30:22,13.85,--,127,175895,卖盘
331,14:30:17,13.85,--,10,13850,卖盘
332,14:30:12,13.85,-0.01,40,55400,卖盘
333,14:30:07,13.86,-0.01,33,45738,卖盘
334,14:30:02,13.87,--,6,8322,卖盘
335,14:29:57,13.87,--,18,24966,卖盘
336,14:29:52,13.87,-0.01,204,282948,卖盘
337,14:29:47,13.88,--,11,15268,卖盘
338,14:29:42,13.88,--,10,13880,卖盘
339,14:29:37,13.88,-0.01,4,5552,卖盘
340,14:29:27,13.89,--,12,16668,卖盘
341,14:29:22,13.89,--,10,13890,卖盘
342,14:29:17,13.89,--,4,5556,卖盘
343,14:29:12,13.89,-0.01,2,2778,卖盘
344,14:29:07,13.9,-0.01,187,259930,卖盘
345,14:29:02,13.91,--,10,13910,买盘
346,14:28:56,13.91,--,4,5564,买盘
347,14:28:52,13.91,--,427,595014,卖盘
348,14:28:47,13.91,-0.01,7,9737,卖盘
349,14:28:42,13.92,0.01,168,233856,买盘
350,14:28:37,13.91,--,82,114062,卖盘
351,14:28:27,13.91,--,17,23647,卖盘
352,14:28:22,13.91,-0.01,24,33384,卖盘
353,14:28:12,13.92,--,2,2784,买盘
354,14:28:07,13.92,-0.01,67,93264,卖盘
355,14:28:02,13.93,0.01,49,68257,买盘
356,14:27:57,13.92,--,37,51504,卖盘
357,14:27:52,13.92,-0.01,61,84912,卖盘
358,14:27:42,13.93,0.01,45,62685,买盘
359,14:27:37,13.92,-0.01,3,4176,卖盘
360,14:27:26,13.93,-0.01,1,1393,买盘
361,14:27:22,13.94,0.01,14,19516,买盘
362,14:27:16,13.93,--,1,1393,买盘
363,14:27:12,13.93,--,719,1001567,卖盘
364,14:27:07,13.93,-0.01,34,47362,卖盘
365,14:27:02,13.94,0.01,2,2788,买盘
366,14:26:56,13.93,-0.01,11,15323,卖盘
367,14:26:52,13.94,0.01,31,43214,买盘
368,14:26:37,13.93,--,31,43183,卖盘
369,14:26:26,13.93,--,1,1393,卖盘
370,14:26:22,13.93,--,29,40397,买盘
371,14:26:16,13.93,--,90,125370,买盘
372,14:26:06,13.93,--,2,2786,买盘
373,14:26:01,13.93,--,13,18109,买盘
374,14:25:50,13.93,0.01,11,15323,买盘
375,14:25:46,13.92,-0.01,34,47328,卖盘
376,14:25:31,13.93,0.01,32,44576,买盘
377,14:25:20,13.92,--,8,11136,买盘
378,14:25:16,13.92,--,5,6960,买盘
379,14:25:11,13.92,--,10,13920,买盘
380,14:25:05,13.92,0.01,5,6960,买盘
381,14:25:01,13.91,--,79,109889,卖盘
382,14:24:46,13.91,--,6,8679,买盘
383,14:24:41,13.91,--,50,69550,买盘
384,14:24:35,13.91,--,20,27820,买盘
385,14:24:26,13.91,0.01,15,20865,买盘
386,14:24:21,13.9,--,66,91740,买盘
387,14:24:16,13.9,--,52,72280,买盘
388,14:24:12,13.9,--,5,6950,买盘
389,14:24:06,13.9,--,18,25020,买盘
390,14:24:01,13.9,--,0,0,买盘
391,14:23:56,13.9,0.03,41,56990,买盘
392,14:23:51,13.87,-0.03,36,49932,卖盘
393,14:23:46,13.9,0.05,22,30580,买盘
394,14:23:35,13.85,-0.02,365,505525,卖盘
395,14:23:31,13.87,--,62,86007,买盘
396,14:23:26,13.87,--,14,19418,买盘
397,14:23:20,13.87,--,38,52706,买盘
398,14:23:16,13.87,-0.03,68,94316,卖盘
399,14:23:11,13.9,0.02,54,75060,买盘
400,14:23:06,13.88,--,237,328956,买盘
401,14:23:01,13.88,--,110,152680,买盘
402,14:22:56,13.88,--,63,87444,买盘
403,14:22:51,13.88,--,123,170724,买盘
404,14:22:46,13.88,--,46,63848,买盘
405,14:22:41,13.88,--,17,23596,买盘
406,14:22:35,13.88,-0.01,3,4164,中性盘
407,14:22:31,13.89,--,62,86118,买盘
408,14:22:26,13.89,0.01,14,19446,买盘
409,14:22:21,13.88,-0.01,28,38864,卖盘
410,14:22:16,13.89,0.01,39,54171,买盘
411,14:22:11,13.88,-0.01,30,41640,卖盘
412,14:22:06,13.89,--,41,56949,买盘
413,14:22:01,13.89,-0.01,33,45837,卖盘
414,14:21:56,13.9,--,20,27800,买盘
415,14:21:51,13.9,-0.01,433,602926,卖盘
416,14:21:46,13.91,--,25,34775,卖盘
417,14:21:36,13.91,--,56,77896,卖盘
418,14:21:31,13.91,--,72,100152,卖盘
419,14:21:26,13.91,-0.01,35,48685,卖盘
420,14:21:21,13.92,0.01,2,2784,买盘
421,14:21:16,13.91,-0.01,106,147446,卖盘
422,14:21:11,13.92,--,24,33408,卖盘
423,14:21:06,13.92,-0.01,3,4176,卖盘
424,14:21:01,13.93,--,6,8358,买盘
425,14:20:56,13.93,--,55,76615,卖盘
426,14:20:51,13.93,--,9,12537,卖盘
427,14:20:46,13.93,-0.02,20,27860,卖盘
428,14:20:35,13.95,--,1,1395,买盘
429,14:20:20,13.95,-0.01,216,301320,卖盘
430,14:20:16,13.96,--,40,55840,卖盘
431,14:20:11,13.96,-0.01,8,11168,卖盘
432,14:20:01,13.97,0.01,33,46101,买盘
433,14:19:55,13.96,--,95,132620,卖盘
434,14:19:50,13.96,--,0,0,卖盘
435,14:19:46,13.96,-0.01,532,742672,卖盘
436,14:19:40,13.97,--,3,4191,卖盘
437,14:19:36,13.97,-0.01,36,50292,卖盘
438,14:19:31,13.98,--,72,100656,买盘
439,14:19:26,13.98,--,28,40528,卖盘
440,14:19:21,13.98,--,10,13980,卖盘
441,14:19:16,13.98,--,22,30756,卖盘
442,14:19:10,13.98,--,30,41940,卖盘
443,14:19:05,13.98,-0.01,39,54522,卖盘
444,14:19:00,13.99,0.01,22,30778,买盘
445,14:18:45,13.98,-0.02,14,19572,卖盘
446,14:18:40,14.0,--,1,1400,买盘
447,14:18:35,14.0,--,375,525000,卖盘
448,14:18:30,14.0,--,98,137200,卖盘
449,14:18:25,14.0,0.02,41,57400,买盘
450,14:18:15,13.98,-0.01,54,75492,卖盘
451,14:18:10,13.99,0.01,65,90935,买盘
452,14:18:05,13.98,-0.01,16,22368,卖盘
453,14:18:00,13.99,--,1,1399,买盘
454,14:17:55,13.99,--,503,703697,买盘
455,14:17:45,13.99,-0.01,16,22384,卖盘
456,14:17:29,14.0,-0.02,52,72800,卖盘
457,14:17:25,14.02,0.02,10,14020,买盘
458,14:17:15,14.0,--,2,2800,卖盘
459,14:17:10,14.0,--,33,46200,卖盘
460,14:17:00,14.0,--,12,16800,卖盘
461,14:16:44,14.0,--,0,0,卖盘
462,14:16:40,14.0,--,6,8400,卖盘
463,14:16:34,14.0,--,0,0,中性盘
464,14:16:30,14.0,--,1,1400,买盘
465,14:16:25,14.0,--,4,5600,买盘
466,14:16:20,14.0,--,4,5600,买盘
467,14:16:10,14.0,--,19,26600,买盘
468,14:15:55,14.0,--,8,11200,买盘
469,14:15:50,14.0,--,5,7000,买盘
470,14:15:40,14.0,--,3,4200,买盘
471,14:15:29,14.0,-0.02,8,11200,卖盘
472,14:15:25,14.02,0.02,1,1402,买盘
473,14:15:14,14.0,--,29,40600,卖盘
474,14:15:10,14.0,--,2,2800,卖盘
475,14:15:00,14.0,0.01,209,292600,买盘
476,14:14:55,13.99,--,11,15389,买盘
477,14:14:50,13.99,-0.01,18,25182,卖盘
478,14:14:45,14.0,--,133,186214,买盘
479,14:14:40,14.0,0.01,17,23800,买盘
480,14:14:29,13.99,0.01,4,5596,买盘
481,14:14:25,13.98,-0.02,33,46134,卖盘
482,14:14:20,14.0,--,15,21000,买盘
483,14:14:15,14.0,0.01,16,22400,买盘
484,14:14:10,13.99,--,60,83940,卖盘
485,14:13:59,13.99,--,46,64354,卖盘
486,14:13:54,13.99,-0.01,125,174875,卖盘
487,14:13:44,14.0,--,86,120400,买盘
488,14:13:40,14.0,-0.01,225,315000,卖盘
489,14:13:35,14.01,--,39,54639,买盘
490,14:13:29,14.01,0.01,159,222759,买盘
491,14:13:19,14.0,-0.01,28,39200,卖盘
492,14:13:15,14.01,-0.01,6,8406,中性盘
493,14:13:10,14.02,--,142,199084,买盘
494,14:13:04,14.02,0.01,1,1402,买盘
495,14:13:00,14.01,-0.01,11,15411,卖盘
496,14:12:55,14.02,--,25,36437,卖盘
497,14:12:45,14.02,-0.01,170,238340,卖盘
498,14:12:39,14.03,--,7,9821,卖盘
499,14:12:35,14.03,-0.01,6,8418,卖盘
500,14:12:29,14.04,--,22,30887,买盘
501,14:12:25,14.04,--,1,1404,买盘
502,14:12:08,14.04,--,13,18252,卖盘
503,14:12:05,14.04,--,11,15443,卖盘
504,14:12:00,14.04,-0.01,4,5616,卖盘
505,14:11:53,14.05,0.01,34,47770,买盘
506,14:11:44,14.04,-0.02,133,186732,卖盘
507,14:11:38,14.06,0.01,10,14060,买盘
508,14:11:34,14.05,-0.01,7,9835,卖盘
509,14:11:29,14.06,0.01,1,1406,买盘
510,14:11:19,14.05,-0.01,2,2810,卖盘
511,14:11:04,14.06,--,2,2812,买盘
512,14:10:59,14.06,-0.01,126,177170,卖盘
513,14:10:53,14.07,0.01,5,7035,买盘
514,14:10:44,14.06,-0.01,200,281200,卖盘
515,14:10:39,14.07,0.01,3,4221,买盘
516,14:10:34,14.06,--,6,8436,卖盘
517,14:10:29,14.06,--,9,12654,卖盘
518,14:10:23,14.06,--,12,16872,卖盘
519,14:10:19,14.06,--,2,2812,卖盘
520,14:10:08,14.06,--,4,5624,卖盘
521,14:10:04,14.06,0.01,88,125119,买盘
522,14:09:53,14.05,-0.01,12,16860,卖盘
523,14:09:38,14.06,-0.01,31,43586,卖盘
524,14:09:34,14.07,--,4,5628,买盘
525,14:09:23,14.07,0.01,19,26733,买盘
526,14:09:18,14.06,-0.01,2,2812,卖盘
527,14:08:53,14.07,--,2,2814,买盘
528,14:08:49,14.07,--,23,32361,买盘
529,14:08:44,14.07,--,25,35175,买盘
530,14:08:38,14.07,-0.02,96,135072,卖盘
531,14:08:34,14.09,--,3,4227,买盘
532,14:08:29,14.09,--,12,16908,买盘
533,14:08:23,14.09,0.01,13,18317,买盘
534,14:08:19,14.08,-0.01,10,14080,卖盘
535,14:08:14,14.09,--,8,11272,买盘
536,14:08:08,14.09,0.01,12,16908,买盘
537,14:07:53,14.08,--,1,1408,卖盘
538,14:07:48,14.08,--,2,2816,卖盘
539,14:07:44,14.08,-0.01,1,1408,卖盘
540,14:07:38,14.09,--,1,1409,买盘
541,14:07:34,14.09,0.01,50,70450,买盘
542,14:07:29,14.08,--,10,14080,卖盘
543,14:07:23,14.08,-0.01,12,16896,卖盘
544,14:07:19,14.09,--,4,5636,买盘
545,14:07:14,14.09,--,10,14090,买盘
546,14:07:08,14.09,0.01,138,194442,买盘
547,14:07:04,14.08,-0.01,1,1408,卖盘
548,14:06:53,14.09,0.01,2,2818,买盘
549,14:06:48,14.08,--,1,1408,卖盘
550,14:06:23,14.08,--,13,18304,卖盘
551,14:06:19,14.08,0.01,20,28160,买盘
552,14:06:13,14.07,-0.01,18,25326,卖盘
553,14:06:08,14.08,--,13,18304,买盘
554,14:05:43,14.08,--,15,21120,买盘
555,14:05:38,14.08,--,20,28160,买盘
556,14:05:08,14.08,--,18,25344,卖盘
557,14:05:02,14.08,0.01,17,23936,买盘
558,14:04:53,14.07,-0.01,2,2814,卖盘
559,14:04:47,14.08,0.01,40,56320,买盘
560,14:04:43,14.07,-0.01,5,7035,买盘
561,14:04:38,14.08,0.02,9,12672,卖盘
562,14:04:32,14.06,-0.01,240,337440,卖盘
563,14:04:28,14.07,--,3,4221,卖盘
564,14:04:23,14.07,0.01,131,185372,买盘
565,14:04:17,14.06,-0.01,10,14060,卖盘
566,14:04:13,14.07,0.01,100,140700,买盘
567,14:04:08,14.06,--,1,1406,卖盘
568,14:04:02,14.06,-0.01,38,53428,卖盘
569,14:03:53,14.07,--,1,1407,买盘
570,14:03:47,14.07,--,0,0,买盘
571,14:03:43,14.07,0.03,100,140700,买盘
572,14:03:32,14.04,-0.01,30,42120,卖盘
573,14:03:28,14.05,0.01,5,7025,买盘
574,14:03:08,14.04,0.01,11,15443,买盘
575,14:03:02,14.03,--,30,42090,卖盘
576,14:02:58,14.03,-0.01,6,8418,卖盘
577,14:02:53,14.04,0.01,2,2808,买盘
578,14:02:43,14.03,--,47,65941,卖盘
579,14:02:38,14.03,--,70,98210,买盘
580,14:02:32,14.03,--,27,37881,买盘
581,14:02:28,14.03,0.01,28,39284,买盘
582,14:02:17,14.02,--,20,28054,卖盘
583,14:02:08,14.02,--,2,2804,卖盘
584,14:02:02,14.02,--,1,1402,卖盘
585,14:01:58,14.02,0.01,10,14020,中性盘
586,14:01:53,14.01,--,20,28020,卖盘
587,14:01:43,14.01,--,10,14010,卖盘
588,14:01:38,14.01,0.01,43,60243,买盘
589,14:01:32,14.0,--,0,0,卖盘
590,14:01:17,14.0,-0.02,105,147000,卖盘
591,14:01:13,14.02,0.01,10,14020,买盘
592,14:01:08,14.01,-0.01,20,28020,卖盘
593,14:01:02,14.02,--,13,18226,买盘
594,14:00:58,14.02,--,3,4206,买盘
595,14:00:43,14.02,--,3,4206,买盘
596,14:00:38,14.02,--,7,9814,买盘
597,14:00:28,14.02,--,0,0,买盘
598,14:00:23,14.02,0.01,18,25236,买盘
599,14:00:17,14.01,--,12,16812,买盘
600,13:59:58,14.01,--,11,15411,买盘
601,13:59:53,14.01,0.01,147,205947,买盘
602,13:59:43,14.0,-0.01,12,16800,卖盘
603,13:59:28,14.01,--,13,18213,卖盘
604,13:59:13,14.01,-0.01,10,14010,卖盘
605,13:59:07,14.02,0.01,3,4206,买盘
606,13:59:02,14.01,--,13,18213,卖盘
607,13:58:58,14.01,-0.01,31,43431,卖盘
608,13:58:47,14.02,--,51,71502,卖盘
609,13:58:43,14.02,--,11,15422,卖盘
610,13:58:32,14.02,-0.01,6,8412,卖盘
611,13:58:28,14.03,--,10,14030,买盘
612,13:58:22,14.03,--,2,2806,买盘
613,13:58:17,14.03,--,4,5612,卖盘
614,13:58:07,14.03,--,3,4209,卖盘
615,13:58:02,14.03,--,3,4209,买盘
616,13:57:56,14.03,--,13,18239,买盘
617,13:57:41,14.03,--,3,4209,买盘
618,13:57:37,14.03,0.01,52,72956,买盘
619,13:57:32,14.02,-0.01,33,46266,卖盘
620,13:57:26,14.03,--,5,7015,卖盘
621,13:57:02,14.03,--,4,5612,卖盘
622,13:56:56,14.03,--,10,14030,卖盘
623,13:56:52,14.03,--,1,1403,卖盘
624,13:56:41,14.03,--,45,63135,卖盘
625,13:56:37,14.03,--,1,1403,卖盘
626,13:56:26,14.03,-0.01,30,42090,卖盘
627,13:56:22,14.04,-0.02,65,91260,卖盘
628,13:56:17,14.06,0.02,5,7030,买盘
629,13:56:11,14.04,--,1,1404,卖盘
630,13:56:02,14.04,--,5,7020,买盘
631,13:55:52,14.04,--,2,2808,买盘
632,13:55:47,14.04,--,6,8424,卖盘
633,13:55:41,14.04,--,4,5616,卖盘
634,13:55:36,14.04,-0.02,10,14040,卖盘
635,13:55:32,14.06,0.02,30,42180,买盘
636,13:55:22,14.04,-0.02,6,8424,卖盘
637,13:55:11,14.06,--,5,7030,买盘
638,13:55:07,14.06,0.02,24,33744,买盘
639,13:54:52,14.04,--,14,19656,卖盘
640,13:54:47,14.04,-0.02,4,5616,卖盘
641,13:54:41,14.06,--,12,16872,买盘
642,13:54:26,14.06,--,27,37962,买盘
643,13:54:11,14.06,--,30,42180,买盘
644,13:53:56,14.06,0.02,39,54834,买盘
645,13:53:41,14.04,-0.02,2,2808,卖盘
646,13:53:37,14.06,--,100,140600,买盘
647,13:53:26,14.06,0.02,4,5624,买盘
648,13:53:17,14.04,--,1,1404,卖盘
649,13:53:02,14.04,--,3,4212,买盘
650,13:52:56,14.04,--,5,7020,买盘
651,13:52:52,14.04,0.01,1,1404,买盘
652,13:52:41,14.03,-0.03,10,14030,卖盘
653,13:52:37,14.06,0.03,1,1406,买盘
654,13:52:26,14.03,--,4,5612,卖盘
655,13:52:22,14.03,--,0,0,卖盘
656,13:52:16,14.03,--,12,16836,卖盘
657,13:52:06,14.03,-0.04,5,7015,卖盘
658,13:52:01,14.07,0.04,6,8442,买盘
659,13:51:56,14.03,-0.04,20,28060,卖盘
660,13:51:52,14.07,--,8,11256,买盘
661,13:51:46,14.07,-0.03,240,338031,卖盘
662,13:51:26,14.1,--,92,129720,卖盘
663,13:51:22,14.1,-0.01,27,38070,卖盘
664,13:51:11,14.11,0.01,34,47974,买盘
665,13:51:05,14.1,-0.01,35,49350,卖盘
666,13:50:56,14.11,--,3,4233,买盘
667,13:50:50,14.11,--,5,7055,买盘
668,13:50:46,14.11,0.01,3,4233,买盘
669,13:50:41,14.1,--,23,32430,卖盘
670,13:50:35,14.1,-0.01,18,25380,卖盘
671,13:50:31,14.11,-0.01,4,5644,卖盘
672,13:50:26,14.12,0.02,27,38124,买盘
673,13:50:20,14.1,--,5,7050,卖盘
674,13:50:16,14.1,--,28,39480,买盘
675,13:50:01,14.1,0.03,6,8460,买盘
676,13:49:50,14.07,--,0,0,卖盘
677,13:49:46,14.07,-0.01,15,21105,卖盘
678,13:49:41,14.08,--,36,51744,买盘
679,13:49:35,14.08,0.01,50,70400,买盘
680,13:49:26,14.07,0.02,6,8442,买盘
681,13:49:20,14.05,-0.01,108,151740,卖盘
682,13:49:16,14.06,-0.01,5,7030,卖盘
683,13:49:11,14.07,0.01,4,5628,买盘
684,13:49:05,14.06,--,55,77330,卖盘
685,13:49:01,14.06,-0.01,54,75924,买盘
686,13:48:50,14.07,--,0,0,买盘
687,13:48:46,14.07,--,5,7035,买盘
688,13:48:41,14.07,0.01,115,161805,买盘
689,13:48:35,14.06,-0.01,20,28120,卖盘
690,13:48:26,14.07,-0.01,3,4221,买盘
691,13:48:11,14.08,0.03,13,18304,买盘
692,13:47:56,14.05,-0.03,10,14050,卖盘
693,13:47:50,14.08,0.03,38,53504,买盘
694,13:47:41,14.05,--,1,1405,卖盘
695,13:47:35,14.05,--,39,54795,卖盘
696,13:47:31,14.05,--,46,64630,卖盘
697,13:47:20,14.05,-0.03,20,28100,卖盘
698,13:47:16,14.08,0.03,1,1408,买盘
699,13:47:01,14.05,--,2,2810,买盘
700,13:46:56,14.05,0.01,5,7025,买盘
701,13:46:45,14.04,--,10,14040,卖盘
702,13:46:41,14.04,0.01,100,140400,买盘
703,13:46:35,14.03,0.03,10,14030,卖盘
704,13:46:26,14.0,--,0,0,卖盘
705,13:46:20,14.0,--,29,40600,卖盘
706,13:46:05,14.0,0.02,138,193200,买盘
707,13:46:01,13.98,0.01,3,4194,买盘
708,13:45:50,13.97,--,121,169037,买盘
709,13:45:46,13.97,--,112,156464,买盘
710,13:45:41,13.97,--,19,26543,买盘
711,13:45:35,13.97,--,50,69850,买盘
712,13:45:31,13.97,--,17,23749,买盘
713,13:45:25,13.97,--,1,1397,买盘
714,13:45:20,13.97,--,11,15367,买盘
715,13:45:16,13.97,--,18,25146,买盘
716,13:45:10,13.97,--,58,81026,买盘
717,13:45:05,13.97,0.01,55,76835,买盘
718,13:45:01,13.96,-0.01,6,8376,中性盘
719,13:44:55,13.97,--,1,1397,买盘
720,13:44:50,13.97,--,99,138303,买盘
721,13:44:46,13.97,0.01,21,29337,买盘
722,13:44:35,13.96,--,87,121452,卖盘
723,13:44:29,13.96,0.01,54,75384,买盘
724,13:44:25,13.95,-0.02,28,39060,卖盘
725,13:44:20,13.97,0.02,26,36322,买盘
726,13:44:14,13.95,-0.01,84,117180,卖盘
727,13:44:10,13.96,--,17,23732,买盘
728,13:44:05,13.96,-0.01,27,38390,卖盘
729,13:43:59,13.97,0.01,51,71247,卖盘
730,13:43:55,13.96,--,0,0,卖盘
731,13:43:50,13.96,--,40,56538,卖盘
732,13:43:44,13.96,--,129,180084,卖盘
733,13:43:40,13.96,--,6,8376,卖盘
734,13:43:35,13.96,0.02,78,108888,卖盘
735,13:43:29,13.94,-0.01,62,86428,卖盘
736,13:43:25,13.95,--,183,255285,卖盘
737,13:43:20,13.95,-0.02,23,32085,卖盘
738,13:43:14,13.97,0.01,16,22352,买盘
739,13:43:10,13.96,0.01,15,20940,买盘
740,13:43:05,13.95,-0.02,29,40455,卖盘
741,13:42:59,13.97,--,33,46101,买盘
742,13:42:55,13.97,0.02,28,39116,买盘
743,13:42:50,13.95,-0.03,33,46035,卖盘
744,13:42:44,13.98,--,31,43338,买盘
745,13:42:35,13.98,0.03,18,25164,卖盘
746,13:42:29,13.95,-0.02,70,97650,卖盘
747,13:42:25,13.97,-0.03,27,37719,卖盘
748,13:42:20,14.0,0.03,694,971600,买盘
749,13:42:14,13.97,--,5,6985,卖盘
750,13:42:10,13.97,-0.01,33,46101,卖盘
751,13:42:05,13.98,--,3,4194,卖盘
752,13:41:59,13.98,-0.01,16,22368,卖盘
753,13:41:55,13.99,-0.01,6,8394,卖盘
754,13:41:50,14.0,--,45,63000,买盘
755,13:41:44,14.0,--,166,232400,卖盘
756,13:41:35,14.0,--,79,110600,卖盘
757,13:41:29,14.0,--,500,700000,卖盘
758,13:41:25,14.0,--,121,169400,卖盘
759,13:41:20,14.0,-0.03,35,49000,卖盘
760,13:41:14,14.03,--,102,143106,买盘
761,13:41:10,14.03,--,232,325496,卖盘
762,13:41:05,14.03,-0.01,29,40687,卖盘
763,13:40:50,14.04,-0.04,16,22464,卖盘
764,13:40:44,14.08,0.05,8,11264,买盘
765,13:40:40,14.03,-0.05,100,140300,卖盘
766,13:40:35,14.08,0.04,30,42240,买盘
767,13:40:29,14.04,-0.01,17,23868,卖盘
768,13:40:14,14.05,--,18,25290,买盘
769,13:40:10,14.05,--,36,50580,卖盘
770,13:39:55,14.05,--,10,14050,买盘
771,13:39:49,14.05,--,23,32315,买盘
772,13:39:39,14.05,0.01,7,9835,中性盘
773,13:39:34,14.04,-0.04,36,50544,卖盘
774,13:39:29,14.08,--,300,422400,买盘
775,13:39:25,14.08,0.04,1,1408,买盘
776,13:39:14,14.04,-0.04,10,14040,卖盘
777,13:38:59,14.08,0.04,2,2816,买盘
778,13:38:55,14.04,0.01,10,14040,卖盘
779,13:38:29,14.03,--,0,0,卖盘
780,13:38:25,14.03,--,20,28060,卖盘
781,13:38:19,14.03,0.01,5,7015,卖盘
782,13:38:14,14.02,--,85,119170,买盘
783,13:38:09,14.02,--,9,12618,卖盘
784,13:37:59,14.02,-0.06,9,12618,卖盘
785,13:37:53,14.08,0.07,10,14080,买盘
786,13:37:49,14.01,-0.07,1,1401,卖盘
787,13:37:44,14.08,0.07,50,70400,买盘
788,13:37:38,14.01,--,0,0,卖盘
789,13:37:34,14.01,-0.07,20,28020,卖盘
790,13:37:29,14.08,--,2,2816,买盘
791,13:37:23,14.08,--,343,482944,卖盘
792,13:37:14,14.08,-0.07,21,29568,卖盘
793,13:37:08,14.15,--,0,0,买盘
794,13:37:04,14.15,--,18,25470,买盘
795,13:36:59,14.15,--,4,5660,买盘
796,13:36:49,14.15,0.07,31,43865,买盘
797,13:36:44,14.08,-0.07,10,14080,卖盘
798,13:36:38,14.15,0.07,10,14150,买盘
799,13:36:34,14.08,-0.07,1,1408,卖盘
800,13:36:29,14.15,0.07,20,28300,买盘
801,13:36:23,14.08,0.08,321,451968,买盘
802,13:36:19,14.0,--,1,1400,卖盘
803,13:36:14,14.0,--,10,14000,买盘
804,13:36:08,14.0,--,6,8400,卖盘
805,13:36:04,14.0,--,7,9800,卖盘
806,13:35:53,14.0,--,7,9800,买盘
807,13:35:44,14.0,--,12,16800,买盘
808,13:35:38,14.0,--,29,40600,买盘
809,13:35:34,14.0,--,25,35000,买盘
810,13:35:29,14.0,0.05,27,37800,买盘
811,13:35:23,13.95,--,3,4185,卖盘
812,13:35:14,13.95,-0.05,83,115785,卖盘
813,13:35:08,14.0,0.01,83,116536,买盘
814,13:35:03,13.99,--,5,6995,买盘
815,13:34:59,13.99,-0.01,210,293790,中性盘
816,13:34:52,14.0,--,110,154000,买盘
817,13:34:49,14.0,--,46,64400,买盘
818,13:34:44,14.0,--,92,128800,买盘
819,13:34:38,14.0,-0.03,257,360864,卖盘
820,13:34:34,14.03,0.03,1,1403,买盘
821,13:34:29,14.0,-0.03,1021,1429400,卖盘
822,13:34:23,14.03,0.03,40,56120,卖盘
823,13:34:18,14.0,-0.08,399,558600,卖盘
824,13:34:13,14.08,0.04,11,15488,买盘
825,13:34:08,14.04,--,0,0,卖盘
826,13:34:04,14.04,-0.02,10,14040,卖盘
827,13:33:58,14.06,0.02,1,1406,中性盘
828,13:33:53,14.04,-0.04,100,140400,卖盘
829,13:33:49,14.08,--,55,77440,买盘
830,13:33:44,14.08,0.01,180,253440,中性盘
831,13:33:38,14.07,-0.03,214,301098,卖盘
832,13:33:29,14.1,--,6,8460,买盘
833,13:33:19,14.1,-0.01,166,234060,卖盘
834,13:33:14,14.11,--,5,7055,卖盘
835,13:33:08,14.11,0.01,19,26809,买盘
836,13:33:04,14.1,--,502,707820,卖盘
837,13:32:59,14.1,--,0,0,卖盘
838,13:32:53,14.1,-0.02,93,131130,卖盘
839,13:32:43,14.12,-0.01,143,201916,卖盘
840,13:32:37,14.13,--,2,2826,卖盘
841,13:32:28,14.13,-0.01,27,38151,卖盘
842,13:32:23,14.14,-0.01,3,4242,中性盘
843,13:32:07,14.15,--,1,1415,买盘
844,13:32:04,14.15,--,68,96220,卖盘
845,13:31:53,14.15,-0.01,28,39620,卖盘
846,13:31:34,14.16,-0.02,4,5664,卖盘
847,13:31:28,14.18,--,0,0,买盘
848,13:31:23,14.18,--,3,4254,买盘
849,13:31:04,14.18,0.01,18,25524,买盘
850,13:30:58,14.17,--,5,7085,买盘
851,13:30:43,14.17,-0.01,51,72267,卖盘
852,13:30:38,14.18,--,50,70900,买盘
853,13:30:28,14.18,--,198,280764,卖盘
854,13:30:22,14.18,--,0,0,卖盘
855,13:30:17,14.18,-0.02,3,4254,卖盘
856,13:30:13,14.2,0.01,20,28400,买盘
857,13:30:02,14.19,0.01,12,17028,中性盘
858,13:29:58,14.18,-0.02,200,283600,卖盘
859,13:29:53,14.2,--,4,5680,买盘
860,13:29:47,14.2,0.01,9,12780,买盘
861,13:29:37,14.19,-0.01,5,7095,卖盘
862,13:29:28,14.2,--,11,15620,买盘
863,13:29:22,14.2,--,48,68160,买盘
864,13:29:17,14.2,--,36,51120,买盘
865,13:29:13,14.2,--,1,1420,买盘
866,13:29:08,14.2,--,56,79520,买盘
867,13:28:53,14.2,0.02,51,72420,买盘
868,13:28:47,14.18,--,10,14180,卖盘
869,13:28:38,14.18,0.01,397,562946,买盘
870,13:28:32,14.17,--,3,4251,买盘
871,13:28:17,14.17,--,44,62348,买盘
872,13:27:57,14.17,--,7,9919,买盘
873,13:27:53,14.17,-0.01,13,18421,卖盘
874,13:27:47,14.18,--,2,2836,买盘
875,13:27:38,14.18,0.01,34,48212,买盘
876,13:27:32,14.17,-0.01,1,1417,卖盘
877,13:27:23,14.18,--,35,49630,买盘
878,13:27:17,14.18,0.01,21,29778,买盘
879,13:27:13,14.17,--,19,26923,卖盘
880,13:27:02,14.17,--,7,9919,卖盘
881,13:26:58,14.17,-0.01,5,7085,卖盘
882,13:26:52,14.18,0.01,8,11344,买盘
883,13:26:47,14.17,-0.01,1,1417,卖盘
884,13:26:37,14.18,0.01,4,5672,买盘
885,13:26:32,14.17,--,17,24089,卖盘
886,13:26:28,14.17,--,0,0,中性盘
887,13:26:23,14.17,0.01,2,2834,卖盘
888,13:26:16,14.16,--,0,0,卖盘
889,13:26:08,14.16,-0.01,40,56640,卖盘
890,13:25:53,14.17,--,19,26923,买盘
891,13:25:43,14.17,--,1,1417,买盘
892,13:25:37,14.17,--,15,21255,卖盘
893,13:25:31,14.17,-0.01,10,14170,卖盘
894,13:25:23,14.18,0.01,2,2836,买盘
895,13:25:17,14.17,-0.01,11,15587,卖盘
896,13:25:12,14.18,--,30,42540,买盘
897,13:25:07,14.18,--,7,9926,买盘
898,13:25:02,14.18,--,750,1063500,卖盘
899,13:24:58,14.18,--,2,2836,卖盘
900,13:24:47,14.18,--,46,65228,买盘
901,13:24:42,14.18,--,50,70900,买盘
902,13:24:22,14.18,--,2,2836,买盘
903,13:24:17,14.18,0.01,3,4254,买盘
904,13:24:01,14.17,-0.01,51,72267,卖盘
905,13:23:47,14.18,-0.01,30,42540,卖盘
906,13:23:41,14.19,--,23,32637,买盘
907,13:23:32,14.19,-0.01,7,9933,卖盘
908,13:23:26,14.2,0.02,50,71000,买盘
909,13:23:22,14.18,-0.02,5,7090,卖盘
910,13:23:11,14.2,--,10,14200,买盘
911,13:23:01,14.2,0.01,30,42600,买盘
912,13:22:56,14.19,--,1,1419,买盘
913,13:22:52,14.19,-0.01,6,8514,中性盘
914,13:22:47,14.2,0.02,62,88040,买盘
915,13:22:41,14.18,-0.01,65,92170,卖盘
916,13:22:37,14.19,--,3,4257,买盘
917,13:22:32,14.19,--,2,2838,买盘
918,13:22:26,14.19,--,33,46827,卖盘
919,13:22:17,14.19,--,7,9933,卖盘
920,13:22:11,14.19,-0.01,3,4257,卖盘
921,13:22:02,14.2,--,0,0,买盘
922,13:21:56,14.2,0.02,10,14200,买盘
923,13:21:41,14.18,-0.01,10,14180,卖盘
924,13:21:36,14.19,--,10,14190,卖盘
925,13:21:26,14.19,0.01,19,26961,买盘
926,13:21:22,14.18,-0.01,30,42540,卖盘
927,13:21:11,14.19,-0.01,6,8514,中性盘
928,13:21:07,14.2,--,10,14200,买盘
929,13:21:01,14.2,--,360,511200,买盘
930,13:20:56,14.2,--,33,46860,买盘
931,13:20:52,14.2,--,3,4260,买盘
932,13:20:46,14.2,--,69,97980,买盘
933,13:20:41,14.2,--,490,695800,买盘
934,13:20:25,14.2,0.02,3,4260,买盘
935,13:20:17,14.18,-0.01,8,11344,卖盘
936,13:20:11,14.19,--,40,56760,买盘
937,13:20:07,14.19,0.01,1,1419,买盘
938,13:20:02,14.18,--,5,7090,卖盘
939,13:19:56,14.18,0.01,87,123366,买盘
940,13:19:51,14.17,0.02,35,49595,买盘
941,13:19:47,14.15,-0.02,1,1415,买盘
942,13:19:26,14.17,--,0,0,买盘
943,13:19:22,14.17,0.04,685,970645,买盘
944,13:19:16,14.13,--,7,9891,卖盘
945,13:19:06,14.13,0.01,1,1413,卖盘
946,13:18:56,14.12,--,0,0,卖盘
947,13:18:41,14.12,-0.01,25,35300,卖盘
948,13:18:31,14.13,--,7,9891,买盘
949,13:18:26,14.13,--,7,9891,买盘
950,13:18:21,14.13,-0.02,1,1413,卖盘
951,13:18:16,14.15,--,20,28300,买盘
952,13:18:11,14.15,--,2,2830,买盘
953,13:18:06,14.15,--,14,19810,买盘
954,13:17:56,14.15,0.03,5,7075,买盘
955,13:17:51,14.12,-0.03,41,57892,卖盘
956,13:17:36,14.15,--,5,7075,买盘
957,13:17:11,14.15,0.03,10,14150,买盘
958,13:17:01,14.12,-0.01,10,14120,卖盘
959,13:16:56,14.13,-0.01,1,1413,中性盘
960,13:16:51,14.14,0.02,1,1414,中性盘
961,13:16:41,14.12,--,1,1412,卖盘
962,13:16:26,14.12,--,10,14120,卖盘
963,13:16:19,14.12,--,20,28240,买盘
964,13:16:16,14.12,--,0,0,买盘
965,13:15:56,14.12,-0.01,24,33888,卖盘
966,13:15:50,14.13,0.01,2,2826,买盘
967,13:15:15,14.12,--,71,100252,买盘
968,13:15:11,14.12,--,50,70600,买盘
969,13:15:04,14.12,--,100,141200,买盘
970,13:14:49,14.12,--,9,12708,买盘
971,13:14:46,14.12,--,2,2824,买盘
972,13:14:41,14.12,--,0,0,买盘
973,13:14:35,14.12,--,50,70600,买盘
974,13:14:26,14.12,--,10,14120,买盘
975,13:14:20,14.12,--,28,39536,买盘
976,13:14:16,14.12,0.01,4,5648,买盘
977,13:13:55,14.11,0.01,42,59262,买盘
978,13:13:50,14.1,0.01,20,28200,买盘
979,13:13:40,14.09,--,1,1409,买盘
980,13:13:35,14.09,-0.01,5,7045,卖盘
981,13:13:30,14.1,--,0,0,买盘
982,13:13:26,14.1,0.01,42,59220,买盘
983,13:13:20,14.09,-0.01,3,4227,卖盘
984,13:13:10,14.1,0.01,13,18330,买盘
985,13:13:01,14.09,--,18,25362,买盘
986,13:12:56,14.09,0.01,8,11272,买盘
987,13:12:46,14.08,--,31,43648,卖盘
988,13:12:40,14.08,--,9,12672,卖盘
989,13:12:34,14.08,0.02,111,156288,买盘
990,13:12:30,14.06,--,1,1406,卖盘
991,13:12:25,14.06,--,1,1406,卖盘
992,13:12:20,14.06,--,1,1406,卖盘
993,13:12:05,14.06,--,5,7030,卖盘
994,13:12:00,14.06,0.01,4,5624,卖盘
995,13:11:55,14.05,--,18,25290,卖盘
996,13:11:50,14.05,-0.01,20,28100,卖盘
997,13:11:45,14.06,0.01,5,7943,买盘
998,13:11:40,14.05,-0.01,22,30910,卖盘
999,13:11:34,14.06,0.01,19,26714,买盘
1000,13:11:30,14.05,-0.01,4,5620,卖盘
1001,13:11:25,14.06,--,10,14060,买盘
1002,13:11:20,14.06,--,3,4218,买盘
1003,13:11:15,14.06,--,75,105942,卖盘
1004,13:11:10,14.06,-0.02,15,21090,卖盘
1005,13:11:05,14.08,0.02,10,14080,买盘
1006,13:11:00,14.06,--,0,0,卖盘
1007,13:10:55,14.06,--,50,70300,卖盘
1008,13:10:50,14.06,-0.02,10,14060,卖盘
1009,13:10:45,14.08,0.01,23,32384,买盘
1010,13:10:40,14.07,--,14,20612,买盘
1011,13:10:35,14.07,--,10,14070,买盘
1012,13:10:20,14.07,--,5,7527,卖盘
1013,13:10:10,14.07,--,2,2814,卖盘
1014,13:09:55,14.07,-0.01,3,4221,卖盘
1015,13:09:50,14.08,0.01,15,21120,买盘
1016,13:09:45,14.07,--,1,1407,卖盘
1017,13:09:40,14.07,--,6,8442,卖盘
1018,13:09:35,14.07,--,87,123323,买盘
1019,13:09:30,14.07,--,4,5628,买盘
1020,13:09:25,14.07,--,38,53466,买盘
1021,13:09:20,14.07,--,20,28140,卖盘
1022,13:08:44,14.07,--,1,1407,卖盘
1023,13:08:29,14.07,--,20,28140,卖盘
1024,13:08:20,14.07,--,5,7035,买盘
1025,13:08:14,14.07,--,39,54873,买盘
1026,13:08:09,14.07,--,7,9849,买盘
1027,13:07:55,14.07,--,104,146328,卖盘
1028,13:07:50,14.07,-0.01,1,1407,卖盘
1029,13:07:35,14.08,--,10,14080,买盘
1030,13:07:29,14.08,0.01,16,22528,买盘
1031,13:07:20,14.07,-0.01,18,25326,卖盘
1032,13:07:14,14.08,0.01,3,4224,买盘
1033,13:07:10,14.07,-0.01,3,4221,卖盘
1034,13:07:05,14.08,--,7,9856,买盘
1035,13:06:59,14.08,--,4,5632,买盘
1036,13:06:55,14.08,--,5,7040,买盘
1037,13:06:49,14.08,--,34,47872,卖盘
1038,13:06:28,14.08,-0.01,1,1408,卖盘
1039,13:06:13,14.09,0.01,21,29589,卖盘
1040,13:05:58,14.08,--,0,0,卖盘
1041,13:05:48,14.08,-0.01,15,21120,卖盘
1042,13:05:44,14.09,--,25,35225,卖盘
1043,13:05:29,14.09,-0.01,19,26771,卖盘
1044,13:05:19,14.1,--,30,42300,买盘
1045,13:05:14,14.1,--,83,117030,卖盘
1046,13:05:03,14.1,--,0,0,卖盘
1047,13:04:54,14.1,--,32,45120,卖盘
1048,13:04:49,14.1,-0.02,2,2820,卖盘
1049,13:04:44,14.12,--,1,1412,买盘
1050,13:04:39,14.12,0.02,5,7060,买盘
1051,13:04:35,14.1,-0.01,5,7050,卖盘
1052,13:04:29,14.11,0.01,1,1411,卖盘
1053,13:04:24,14.1,--,0,0,卖盘
1054,13:04:18,14.1,-0.01,10,14100,卖盘
1055,13:04:14,14.11,0.01,43,60673,买盘
1056,13:04:09,14.1,-0.01,34,47940,卖盘
1057,13:03:44,14.11,-0.01,15,21165,买盘
1058,13:03:29,14.12,--,30,42360,买盘
1059,13:03:24,14.12,--,18,25416,买盘
1060,13:03:13,14.12,--,0,0,买盘
1061,13:03:09,14.12,0.03,1,1412,买盘
1062,13:03:04,14.09,-0.01,8,11272,卖盘
1063,13:02:58,14.1,--,0,0,中性盘
1064,13:02:54,14.1,-0.01,10,14100,卖盘
1065,13:02:49,14.11,-0.01,20,28220,卖盘
1066,13:02:43,14.12,0.01,27,38124,买盘
1067,13:02:34,14.11,-0.01,2,2822,卖盘
1068,13:02:29,14.12,--,3,4236,买盘
1069,13:02:24,14.12,--,2,2824,买盘
1070,13:02:19,14.12,--,7,9884,买盘
1071,13:02:14,14.12,--,30,42360,买盘
1072,13:01:59,14.12,--,24,33888,买盘
1073,13:01:54,14.12,--,11,15532,买盘
1074,13:01:39,14.12,--,3,4236,买盘
1075,13:01:34,14.12,--,2,2824,买盘
1076,13:01:29,14.12,--,0,0,买盘
1077,13:01:19,14.12,--,3,4236,买盘
1078,13:01:13,14.12,--,0,0,买盘
1079,13:01:04,14.12,0.03,10,14120,买盘
1080,13:00:49,14.09,0.02,3,4227,买盘
1081,13:00:43,14.07,--,0,0,卖盘
1082,13:00:38,14.07,--,27,37989,卖盘
1083,13:00:13,14.07,--,0,0,卖盘
1084,13:00:08,14.07,--,801,1127302,买盘
1085,13:00:04,14.07,-0.01,24,33768,卖盘
1086,11:30:00,14.08,--,0,0,买盘
1087,11:29:59,14.08,--,0,0,买盘
1088,11:29:39,14.08,-0.01,317,446336,卖盘
1089,11:29:30,14.09,0.01,11,15499,中性盘
1090,11:29:09,14.08,--,1,1408,卖盘
1091,11:29:00,14.08,--,5,7040,卖盘
1092,11:28:54,14.08,--,0,0,卖盘
1093,11:28:50,14.08,0.03,4,5632,买盘
1094,11:28:24,14.05,--,0,0,卖盘
1095,11:28:20,14.05,-0.05,60,84300,卖盘
1096,11:28:15,14.1,-0.01,14,19740,中性盘
1097,11:28:00,14.11,0.01,10,14998,买盘
1098,11:27:54,14.1,--,2,2820,卖盘
1099,11:27:49,14.1,--,30,42300,卖盘
1100,11:27:45,14.1,--,1,1410,卖盘
1101,11:27:39,14.1,--,7,10391,卖盘
1102,11:27:30,14.1,--,1,1410,买盘
1103,11:27:24,14.1,0.02,9,12690,买盘
1104,11:27:15,14.08,0.03,3,4224,买盘
1105,11:27:09,14.05,--,6,9202,卖盘
1106,11:27:05,14.05,--,13,18967,卖盘
1107,11:27:00,14.05,-0.05,17,23885,卖盘
1108,11:26:54,14.1,0.05,19,26790,买盘
1109,11:26:49,14.05,--,20,28100,卖盘
1110,11:26:45,14.05,--,8,11240,卖盘
1111,11:26:30,14.05,-0.05,50,70250,卖盘
1112,11:26:24,14.1,--,50,70500,卖盘
1113,11:26:15,14.1,--,3,4230,卖盘
1114,11:26:09,14.1,--,5,7050,卖盘
1115,11:26:04,14.1,-0.02,109,153690,卖盘
1116,11:25:49,14.12,0.02,14,19768,中性盘
1117,11:25:34,14.1,-0.05,164,231240,卖盘
1118,11:25:24,14.15,--,2,2830,买盘
1119,11:25:14,14.15,--,9,12735,买盘
1120,11:25:09,14.15,-0.01,4,5660,卖盘
1121,11:24:59,14.16,--,9,12744,买盘
1122,11:24:34,14.16,--,11,15576,买盘
1123,11:24:24,14.16,--,3,4248,卖盘
1124,11:24:19,14.16,-0.01,2,2832,卖盘
1125,11:24:14,14.17,0.01,2,2834,买盘
1126,11:24:09,14.16,-0.01,58,82128,卖盘
1127,11:24:04,14.17,--,2,2834,买盘
1128,11:23:59,14.17,--,5,7085,买盘
1129,11:23:54,14.17,--,3,4251,买盘
1130,11:23:49,14.17,-0.01,5,7085,买盘
1131,11:23:44,14.18,--,12,17016,买盘
1132,11:23:29,14.18,--,7,9926,买盘
1133,11:23:24,14.18,--,15,21270,买盘
1134,11:23:19,14.18,--,30,42540,卖盘
1135,11:23:14,14.18,0.01,10,14180,买盘
1136,11:23:09,14.17,-0.01,22,31174,卖盘
1137,11:23:04,14.18,0.01,2,2836,买盘
1138,11:22:59,14.17,-0.01,4,5668,卖盘
1139,11:22:53,14.18,0.01,1,1418,买盘
1140,11:22:49,14.17,--,10,14170,卖盘
1141,11:22:39,14.17,--,0,0,中性盘
1142,11:22:33,14.17,--,5,7085,买盘
1143,11:22:24,14.17,0.01,1,1417,买盘
1144,11:22:19,14.16,--,2,2832,买盘
1145,11:22:13,14.16,0.01,8,11328,买盘
1146,11:21:59,14.15,0.02,29,41035,买盘
1147,11:21:54,14.13,0.02,12,16956,中性盘
1148,11:21:49,14.11,-0.04,6,8466,卖盘
1149,11:21:44,14.15,0.02,12,16980,买盘
1150,11:21:39,14.13,0.01,10,14130,卖盘
1151,11:21:33,14.12,--,77,108724,卖盘
1152,11:21:28,14.12,-0.01,91,128492,卖盘
1153,11:21:24,14.13,0.01,9,12717,买盘
1154,11:21:18,14.12,--,5,7060,卖盘
1155,11:21:09,14.12,0.01,220,311981,买盘
1156,11:21:02,14.11,-0.01,200,282200,卖盘
1157,11:20:54,14.12,0.01,8,11296,买盘
1158,11:20:39,14.11,--,5,7055,卖盘
1159,11:20:33,14.11,-0.01,47,66317,卖盘
1160,11:20:23,14.12,--,37,52244,买盘
1161,11:20:18,14.12,--,52,73494,卖盘
1162,11:20:09,14.12,--,1,1412,卖盘
1163,11:20:03,14.12,--,5,7060,卖盘
1164,11:19:59,14.12,--,15,22521,买盘
1165,11:19:54,14.12,--,3,4236,买盘
1166,11:19:33,14.12,--,4,5648,买盘
1167,11:19:29,14.12,--,4,5648,买盘
1168,11:19:14,14.12,0.01,29,40948,买盘
1169,11:19:09,14.11,-0.01,100,141100,卖盘
1170,11:19:03,14.12,0.01,1,1412,买盘
1171,11:18:58,14.11,-0.01,1,1411,卖盘
1172,11:18:53,14.12,0.01,11,15532,买盘
1173,11:18:48,14.11,--,12,16932,卖盘
1174,11:18:39,14.11,-0.01,13,18343,卖盘
1175,11:18:33,14.12,0.02,61,86132,买盘
1176,11:18:28,14.1,-0.01,125,176250,卖盘
1177,11:18:18,14.11,0.01,14,19754,买盘
1178,11:18:03,14.1,0.01,27,38070,买盘
1179,11:17:58,14.09,-0.01,3,4227,买盘
1180,11:17:43,14.1,--,0,0,买盘
1181,11:17:38,14.1,--,3,4230,买盘
1182,11:17:22,14.1,--,6,8460,卖盘
1183,11:17:08,14.1,0.02,14,19740,买盘
1184,11:17:03,14.08,-0.02,13,18304,卖盘
1185,11:16:53,14.1,--,11,15510,买盘
1186,11:16:48,14.1,--,0,0,买盘
1187,11:16:38,14.1,0.05,10,14100,买盘
1188,11:16:13,14.05,-0.02,244,342820,卖盘
1189,11:16:03,14.07,--,0,0,卖盘
1190,11:15:58,14.07,-0.01,13,19318,卖盘
1191,11:15:53,14.08,--,16,22528,买盘
1192,11:15:48,14.08,0.01,9,12672,买盘
1193,11:15:33,14.07,--,11,15477,买盘
1194,11:15:23,14.07,0.02,2,2814,中性盘
1195,11:15:08,14.05,--,0,0,卖盘
1196,11:15:03,14.05,--,60,84300,买盘
1197,11:14:53,14.05,--,11,15455,买盘
1198,11:14:48,14.05,-0.02,13,18265,买盘
1199,11:14:43,14.07,--,10,14070,卖盘
1200,11:14:37,14.07,0.03,102,143514,买盘
1201,11:14:32,14.04,-0.02,242,339768,卖盘
1202,11:14:23,14.06,-0.01,13,18278,卖盘
1203,11:14:18,14.07,0.02,2,2814,买盘
1204,11:14:08,14.05,-0.02,201,282405,卖盘
1205,11:14:03,14.07,0.01,16,22512,买盘
1206,11:13:53,14.06,0.01,6,8436,买盘
1207,11:13:48,14.05,-0.01,8,11240,卖盘
1208,11:13:41,14.06,-0.01,18,25308,卖盘
1209,11:13:38,14.07,--,9,12663,买盘
1210,11:13:33,14.07,-0.01,4,5628,卖盘
1211,11:13:26,14.08,--,54,76032,买盘
1212,11:13:18,14.08,--,13,18304,买盘
1213,11:13:07,14.08,-0.02,24,34172,卖盘
1214,11:13:03,14.1,-0.01,36,50760,卖盘
1215,11:12:57,14.11,--,14,19754,买盘
1216,11:12:52,14.11,--,1,1411,买盘
1217,11:12:47,14.11,0.01,2,2822,买盘
1218,11:12:42,14.1,-0.01,22,31020,卖盘
1219,11:12:32,14.11,--,10,14110,买盘
1220,11:12:23,14.11,0.01,10,14110,卖盘
1221,11:12:18,14.1,--,0,0,卖盘
1222,11:12:12,14.1,-0.01,14,19740,卖盘
1223,11:12:07,14.11,-0.01,8,11288,卖盘
1224,11:12:03,14.12,0.02,1,1412,买盘
1225,11:11:57,14.1,-0.01,4,5640,卖盘
1226,11:11:48,14.11,--,4,5644,卖盘
1227,11:11:42,14.11,0.02,19,26809,买盘
1228,11:11:37,14.09,-0.01,12,16908,卖盘
1229,11:11:27,14.1,--,1,1410,卖盘
1230,11:11:22,14.1,0.01,10,14100,中性盘
1231,11:11:17,14.09,-0.01,1,1409,卖盘
1232,11:11:12,14.1,--,49,69090,买盘
1233,11:11:07,14.1,--,2,2820,买盘
1234,11:10:52,14.1,--,21,29610,卖盘
1235,11:10:48,14.1,-0.01,3,4230,卖盘
1236,11:10:37,14.11,0.02,11,15521,买盘
1237,11:10:26,14.09,--,0,0,卖盘
1238,11:10:16,14.09,-0.02,48,67632,卖盘
1239,11:10:12,14.11,--,2,3852,卖盘
1240,11:10:08,14.11,--,1,1411,买盘
1241,11:10:02,14.11,--,2,2822,买盘
1242,11:09:57,14.11,--,2,2822,卖盘
1243,11:09:38,14.11,-0.01,33,46563,卖盘
1244,11:09:32,14.12,--,10,14120,卖盘
1245,11:09:17,14.12,0.01,15,21180,买盘
1246,11:09:12,14.11,-0.01,9,12699,卖盘
1247,11:09:07,14.12,--,3,4236,买盘
1248,11:09:02,14.12,--,44,62128,买盘
1249,11:08:57,14.12,--,11,15532,买盘
1250,11:08:52,14.12,--,102,144024,卖盘
1251,11:08:42,14.12,--,13,18356,卖盘
1252,11:08:31,14.12,--,19,26828,买盘
1253,11:08:27,14.12,--,9,12708,买盘
1254,11:08:22,14.12,--,4,5648,买盘
1255,11:08:12,14.12,--,20,28240,买盘
1256,11:08:02,14.12,--,0,0,买盘
1257,11:07:57,14.12,0.02,4,5648,买盘
1258,11:07:52,14.1,-0.02,24,33840,卖盘
1259,11:07:41,14.12,--,21,29652,卖盘
1260,11:07:31,14.12,--,3,4236,卖盘
1261,11:07:27,14.12,--,5,7060,卖盘
1262,11:07:22,14.12,0.02,6,8472,买盘
1263,11:07:16,14.1,--,5,7050,卖盘
1264,11:07:07,14.1,--,47,66270,买盘
1265,11:07:02,14.1,0.01,3,4230,买盘
1266,11:06:57,14.09,-0.01,5,7045,卖盘
1267,11:06:52,14.1,--,5,7050,买盘
1268,11:06:47,14.1,--,9,12690,买盘
1269,11:06:41,14.1,--,8,11280,买盘
1270,11:06:37,14.1,--,5,7050,买盘
1271,11:06:27,14.1,--,34,47940,买盘
1272,11:06:21,14.1,--,11,15510,买盘
1273,11:06:17,14.1,0.02,21,29610,买盘
1274,11:06:01,14.08,0.01,10,14080,买盘
1275,11:05:57,14.07,--,1,1407,买盘
1276,11:05:51,14.07,--,5,7035,买盘
1277,11:05:46,14.07,--,27,37989,买盘
1278,11:05:42,14.07,0.03,4,5628,买盘
1279,11:05:36,14.04,-0.03,24,33696,卖盘
1280,11:05:32,14.07,--,2,2814,买盘
1281,11:05:27,14.07,--,130,182910,买盘
1282,11:05:21,14.07,--,8,11256,买盘
1283,11:05:17,14.07,-0.01,1,1407,卖盘
1284,11:05:12,14.08,0.05,8,11264,买盘
1285,11:04:35,14.03,-0.04,106,148718,卖盘
1286,11:04:16,14.07,0.03,60,85123,买盘
1287,11:04:12,14.04,-0.03,81,113724,卖盘
1288,11:04:06,14.07,--,24,33768,买盘
1289,11:04:01,14.07,0.02,3,4221,买盘
1290,11:03:57,14.05,-0.02,87,122235,卖盘
1291,11:03:51,14.07,--,16,22512,买盘
1292,11:03:46,14.07,--,17,23919,买盘
1293,11:03:42,14.07,-0.01,28,39396,卖盘
1294,11:03:36,14.08,0.05,40,56320,买盘
1295,11:03:27,14.03,-0.01,55,77165,卖盘
1296,11:03:21,14.04,0.01,84,117936,中性盘
1297,11:03:16,14.03,-0.04,15,21045,卖盘
1298,11:03:12,14.07,0.04,4,5628,买盘
1299,11:03:06,14.03,--,6,8418,卖盘
1300,11:03:01,14.03,--,3,4209,卖盘
1301,11:02:56,14.03,0.01,37,51911,买盘
1302,11:02:51,14.02,-0.01,22,30844,卖盘
1303,11:02:46,14.03,--,5,7015,买盘
1304,11:02:41,14.03,0.02,3,4209,中性盘
1305,11:02:35,14.01,-0.02,55,77055,卖盘
1306,11:02:26,14.03,-0.04,10,14030,卖盘
1307,11:02:21,14.07,-0.02,12,16884,卖盘
1308,11:02:11,14.09,-0.01,14,19726,卖盘
1309,11:02:06,14.1,--,3,4230,买盘
1310,11:01:55,14.1,--,4,5640,买盘
1311,11:01:51,14.1,--,20,28200,卖盘
1312,11:01:46,14.1,-0.03,20,28200,卖盘
1313,11:01:41,14.13,0.03,7,9891,买盘
1314,11:01:36,14.1,--,22,31020,卖盘
1315,11:01:26,14.1,--,53,74730,卖盘
1316,11:01:16,14.1,0.09,7,9870,卖盘
1317,11:01:10,14.01,--,0,0,卖盘
1318,11:01:06,14.01,-0.07,600,840600,卖盘
1319,11:00:56,14.08,-0.05,4,5632,卖盘
1320,11:00:50,14.13,0.05,13,18369,买盘
1321,11:00:36,14.08,-0.07,5,7040,卖盘
1322,11:00:31,14.15,0.08,35,49525,买盘
1323,11:00:25,14.07,-0.08,7,9849,卖盘
1324,11:00:20,14.15,--,0,0,买盘
1325,11:00:11,14.15,--,38,53770,买盘
1326,10:59:55,14.15,0.11,14,19810,买盘
1327,10:59:51,14.04,-0.06,450,631800,卖盘
1328,10:59:40,14.1,-0.06,301,424410,卖盘
1329,10:59:20,14.16,--,2,2832,买盘
1330,10:59:11,14.16,-0.01,18,25488,卖盘
1331,10:59:05,14.17,--,59,83603,买盘
1332,10:58:46,14.17,-0.01,28,39676,卖盘
1333,10:58:40,14.18,0.01,36,51048,买盘
1334,10:58:36,14.17,--,1,1417,卖盘
1335,10:58:31,14.17,-0.01,5,7085,卖盘
1336,10:58:20,14.18,-0.01,1,1418,买盘
1337,10:58:11,14.19,--,0,0,买盘
1338,10:58:06,14.19,--,27,38313,买盘
1339,10:58:00,14.19,--,1,1419,买盘
1340,10:57:55,14.19,--,0,0,买盘
1341,10:57:50,14.19,--,10,14190,买盘
1342,10:57:46,14.19,--,5,7095,买盘
1343,10:57:40,14.19,-0.01,28,39732,卖盘
1344,10:57:35,14.2,0.01,10,14200,买盘
1345,10:57:29,14.19,-0.01,5,7095,卖盘
1346,10:57:26,14.2,--,25,35500,买盘
1347,10:57:20,14.2,0.01,5,7100,买盘
1348,10:57:15,14.19,-0.01,70,99330,卖盘
1349,10:57:10,14.2,--,27,38340,买盘
1350,10:57:06,14.2,--,6,8520,买盘
1351,10:57:00,14.2,0.01,12,17040,买盘
1352,10:56:45,14.19,--,2,2838,卖盘
1353,10:56:40,14.19,0.03,31,43989,买盘
1354,10:56:36,14.16,0.01,10,14160,卖盘
1355,10:56:25,14.15,--,3,4245,卖盘
1356,10:56:10,14.15,0.02,9,12735,卖盘
1357,10:56:06,14.13,-0.02,5,7065,卖盘
1358,10:56:00,14.15,0.03,10,14150,买盘
1359,10:55:55,14.12,-0.01,8,11296,卖盘
1360,10:55:50,14.13,0.03,13,18369,买盘
1361,10:55:44,14.1,0.02,25,35250,卖盘
1362,10:55:30,14.08,-0.02,46,64768,卖盘
1363,10:55:20,14.1,0.02,1,1410,买盘
1364,10:55:15,14.08,--,14,19712,卖盘
1365,10:55:10,14.08,--,2,2816,卖盘
1366,10:55:05,14.08,0.01,21,29568,买盘
1367,10:55:00,14.07,-0.01,1,1407,卖盘
1368,10:54:50,14.08,0.01,21,29568,中性盘
1369,10:54:45,14.07,--,49,68943,卖盘
1370,10:54:34,14.07,-0.02,9,12663,卖盘
1371,10:54:29,14.09,0.02,2,2818,买盘
1372,10:54:19,14.07,--,10,14070,卖盘
1373,10:54:15,14.07,--,9,12663,买盘
1374,10:54:10,14.07,--,17,23919,卖盘
1375,10:54:05,14.07,--,5,7035,卖盘
1376,10:54:00,14.07,--,8,11256,卖盘
1377,10:53:55,14.07,--,5,7035,卖盘
1378,10:53:50,14.07,0.01,67,94269,买盘
1379,10:53:45,14.06,-0.01,26,36556,卖盘
1380,10:53:34,14.07,--,12,16884,卖盘
1381,10:53:30,14.07,-0.03,4,5628,卖盘
1382,10:53:25,14.1,--,48,67680,卖盘
1383,10:53:19,14.1,0.02,17,23970,中性盘
1384,10:53:15,14.08,-0.02,45,63360,卖盘
1385,10:53:10,14.1,--,16,22560,卖盘
1386,10:53:05,14.1,-0.01,42,59220,卖盘
1387,10:52:59,14.11,--,19,26809,卖盘
1388,10:52:55,14.11,-0.01,2,2822,卖盘
1389,10:52:50,14.12,--,14,19768,卖盘
1390,10:52:45,14.12,0.01,5,7060,卖盘
1391,10:52:34,14.11,-0.02,12,16932,卖盘
1392,10:52:30,14.13,0.01,1,1413,买盘
1393,10:52:20,14.12,-0.01,5,7243,卖盘
1394,10:52:14,14.13,0.01,101,142713,买盘
1395,10:52:04,14.12,0.01,46,66180,买盘
1396,10:52:00,14.11,-0.01,4,5644,卖盘
1397,10:51:49,14.12,--,24,33888,卖盘
1398,10:51:34,14.12,0.01,6,8472,卖盘
1399,10:51:30,14.11,-0.02,2,2822,卖盘
1400,10:51:20,14.13,0.01,16,22608,买盘
1401,10:51:05,14.12,--,24,33888,卖盘
1402,10:51:00,14.12,--,10,14120,卖盘
1403,10:50:55,14.12,-0.01,23,32476,卖盘
1404,10:50:44,14.13,--,11,15543,买盘
1405,10:50:40,14.13,-0.02,5,7065,卖盘
1406,10:50:34,14.15,--,0,0,买盘
1407,10:50:29,14.15,--,21,29715,买盘
1408,10:50:19,14.15,0.01,20,28300,买盘
1409,10:50:15,14.14,-0.01,1,1414,卖盘
1410,10:50:10,14.15,--,0,0,买盘
1411,10:50:04,14.15,0.01,8,11320,买盘
1412,10:50:00,14.14,-0.01,3,4242,买盘
1413,10:49:55,14.15,--,0,0,买盘
1414,10:49:49,14.15,--,19,27068,买盘
1415,10:49:44,14.15,--,7,9905,买盘
1416,10:49:35,14.15,--,13,18395,卖盘
1417,10:49:29,14.15,-0.03,6,8490,卖盘
1418,10:49:19,14.18,0.03,5,7090,买盘
1419,10:49:09,14.15,-0.03,1,1415,卖盘
1420,10:49:04,14.18,--,15,21270,买盘
1421,10:48:59,14.18,--,10,14180,买盘
1422,10:48:53,14.18,--,11,15598,买盘
1423,10:48:49,14.18,-0.02,4,5672,卖盘
1424,10:48:44,14.2,0.01,10,14200,买盘
1425,10:48:39,14.19,-0.01,5,7095,中性盘
1426,10:48:29,14.2,0.02,26,36920,买盘
1427,10:48:23,14.18,-0.02,1,1418,中性盘
1428,10:48:19,14.2,0.01,363,515460,买盘
1429,10:48:13,14.19,--,203,288057,卖盘
1430,10:48:09,14.19,--,22,31218,卖盘
1431,10:47:53,14.19,0.04,126,178794,买盘
1432,10:47:49,14.15,--,0,0,卖盘
1433,10:47:44,14.15,-0.04,51,72165,卖盘
1434,10:47:38,14.19,0.02,5,7095,买盘
1435,10:47:28,14.17,-0.03,1,1417,卖盘
1436,10:47:24,14.2,0.01,100,142000,买盘
1437,10:47:19,14.19,--,62,87978,卖盘
1438,10:47:14,14.19,--,11,15609,卖盘
1439,10:46:59,14.19,0.03,29,41151,买盘
1440,10:46:54,14.16,-0.03,302,427632,卖盘
1441,10:46:44,14.19,--,7,9933,卖盘
1442,10:46:39,14.19,--,1,1419,卖盘
1443,10:46:34,14.19,0.01,1,1419,买盘
1444,10:46:28,14.18,-0.01,29,41122,卖盘
1445,10:46:24,14.19,--,14,19866,买盘
1446,10:46:19,14.19,--,29,41151,卖盘
1447,10:46:13,14.19,-0.01,1,1419,卖盘
1448,10:46:08,14.2,0.01,14,19880,买盘
1449,10:46:04,14.19,-0.01,1,1419,卖盘
1450,10:45:58,14.2,--,12,17040,买盘
1451,10:45:53,14.2,--,22,31240,买盘
1452,10:45:49,14.2,-0.02,120,170400,卖盘
1453,10:45:44,14.22,0.02,90,127980,买盘
1454,10:45:38,14.2,--,8,11360,卖盘
1455,10:45:34,14.2,-0.03,8,11360,卖盘
1456,10:45:28,14.23,0.03,4,5692,买盘
1457,10:45:23,14.2,--,0,0,卖盘
1458,10:45:14,14.2,--,3,4260,卖盘
1459,10:45:09,14.2,--,5,7100,卖盘
1460,10:45:03,14.2,--,8,11360,卖盘
1461,10:44:58,14.2,--,25,35500,买盘
1462,10:44:49,14.2,-0.04,27,38340,卖盘
1463,10:44:38,14.24,--,2,2848,买盘
1464,10:44:34,14.24,-0.01,29,41296,卖盘
1465,10:44:23,14.25,--,11,15675,买盘
1466,10:44:14,14.25,-0.03,79,112575,卖盘
1467,10:44:09,14.28,--,23,32844,买盘
1468,10:44:03,14.28,-0.01,10,14280,买盘
1469,10:43:53,14.29,0.04,30,42870,买盘
1470,10:43:48,14.25,-0.03,155,220875,卖盘
1471,10:43:43,14.28,--,68,97104,卖盘
1472,10:43:38,14.28,0.04,321,458388,买盘
1473,10:43:33,14.24,-0.03,1,1424,卖盘
1474,10:43:28,14.27,0.03,10,14270,买盘
1475,10:43:24,14.24,--,108,153792,卖盘
1476,10:43:19,14.24,--,2,2848,卖盘
1477,10:43:13,14.24,--,12,17088,卖盘
1478,10:43:08,14.24,0.01,10,14240,买盘
1479,10:42:53,14.23,0.01,2,2846,买盘
1480,10:42:49,14.22,--,6,8532,买盘
1481,10:42:44,14.22,--,23,32706,买盘
1482,10:42:34,14.22,--,1,1422,买盘
1483,10:42:28,14.22,--,8,11376,买盘
1484,10:42:24,14.22,0.02,25,35550,卖盘
1485,10:42:13,14.2,-0.03,173,245660,卖盘
1486,10:42:08,14.23,0.03,8,11384,买盘
1487,10:41:58,14.2,--,23,32660,买盘
1488,10:41:54,14.2,0.01,64,90880,买盘
1489,10:41:47,14.19,--,81,114939,卖盘
1490,10:41:38,14.19,--,1,1419,卖盘
1491,10:41:32,14.19,0.01,21,29799,买盘
1492,10:41:28,14.18,--,29,41122,卖盘
1493,10:41:23,14.18,--,24,34032,卖盘
1494,10:41:17,14.18,0.01,94,133292,买盘
1495,10:41:08,14.17,0.01,51,72267,买盘
1496,10:40:58,14.16,--,3,4248,卖盘
1497,10:40:52,14.16,0.02,37,52392,买盘
1498,10:40:48,14.14,-0.01,21,29694,卖盘
1499,10:40:43,14.15,0.01,64,90560,中性盘
1500,10:40:37,14.14,--,14,21026,卖盘
1501,10:40:32,14.14,--,1,1414,卖盘
1502,10:40:28,14.14,0.04,23,32522,卖盘
1503,10:40:22,14.1,-0.03,40,56400,卖盘
1504,10:40:17,14.13,-0.02,3,4239,中性盘
1505,10:40:13,14.15,0.05,11,15565,买盘
1506,10:40:07,14.1,-0.04,55,77550,卖盘
1507,10:40:02,14.14,0.04,1,1414,买盘
1508,10:39:52,14.1,0.03,1311,1848510,买盘
1509,10:39:47,14.07,--,0,0,卖盘
1510,10:39:43,14.07,--,9,12663,卖盘
1511,10:39:37,14.07,0.03,83,116781,买盘
1512,10:39:32,14.04,0.01,25,35100,中性盘
1513,10:39:28,14.03,--,5,7477,卖盘
1514,10:39:22,14.03,--,41,57523,卖盘
1515,10:39:17,14.03,--,56,78568,买盘
1516,10:39:13,14.03,--,51,71553,买盘
1517,10:39:07,14.03,0.01,93,130479,买盘
1518,10:39:02,14.02,-0.01,98,137396,中性盘
1519,10:38:58,14.03,--,14,19642,买盘
1520,10:38:52,14.03,-0.05,20,28060,买盘
1521,10:38:47,14.08,-0.08,16,22528,中性盘
1522,10:38:43,14.16,0.08,760,1076160,买盘
1523,10:38:37,14.08,--,18,25344,买盘
1524,10:38:32,14.08,--,16,22528,买盘
1525,10:38:28,14.08,-0.01,324,456192,卖盘
1526,10:38:22,14.09,--,6,8454,卖盘
1527,10:38:17,14.09,--,59,83131,卖盘
1528,10:38:13,14.09,0.01,14,19726,中性盘
1529,10:38:07,14.08,-0.01,54,76032,卖盘
1530,10:38:02,14.09,-0.02,15,21135,中性盘
1531,10:37:58,14.11,0.01,15,21165,买盘
1532,10:37:52,14.1,0.02,48,67680,买盘
1533,10:37:47,14.08,-0.03,3,4224,卖盘
1534,10:37:43,14.11,--,0,0,买盘
1535,10:37:37,14.11,0.03,7,9877,买盘
1536,10:37:32,14.08,-0.03,98,137984,卖盘
1537,10:37:28,14.11,--,6,8466,买盘
1538,10:37:22,14.11,-0.03,56,79016,卖盘
1539,10:37:17,14.14,--,522,738108,买盘
1540,10:37:13,14.14,--,3,4242,买盘
1541,10:37:07,14.14,--,21,29694,卖盘
1542,10:36:58,14.14,-0.03,10,14140,卖盘
1543,10:36:52,14.17,0.03,20,28340,买盘
1544,10:36:47,14.14,--,4,5656,买盘
1545,10:36:43,14.14,--,34,48076,买盘
1546,10:36:37,14.14,--,114,161196,买盘
1547,10:36:32,14.14,--,129,182406,卖盘
1548,10:36:28,14.14,-0.03,10,14140,卖盘
1549,10:36:22,14.17,0.02,21,29757,买盘
1550,10:36:17,14.15,--,149,210835,卖盘
1551,10:36:13,14.15,--,17,24055,买盘
1552,10:36:07,14.15,0.01,17,24055,买盘
1553,10:36:02,14.14,--,112,158368,卖盘
1554,10:35:57,14.14,--,23,32522,卖盘
1555,10:35:52,14.14,--,10,14140,卖盘
1556,10:35:47,14.14,0.04,14,19796,买盘
1557,10:35:43,14.1,-0.04,102,143820,卖盘
1558,10:35:37,14.14,--,6,8484,买盘
1559,10:35:32,14.14,--,5,7070,买盘
1560,10:35:22,14.14,-0.04,421,595294,卖盘
1561,10:35:17,14.18,0.03,657,931626,买盘
1562,10:35:07,14.15,-0.02,19,26885,卖盘
1563,10:35:02,14.17,--,5,7085,买盘
1564,10:34:57,14.17,--,54,76518,买盘
1565,10:34:52,14.17,-0.01,145,205465,卖盘
1566,10:34:47,14.18,--,140,198520,买盘
1567,10:34:42,14.18,--,23,32614,买盘
1568,10:34:37,14.18,--,81,114858,买盘
1569,10:34:33,14.18,--,113,160234,卖盘
1570,10:34:27,14.18,--,10,14180,卖盘
1571,10:34:22,14.18,--,5,7090,卖盘
1572,10:34:17,14.18,--,7,9926,买盘
1573,10:34:07,14.18,0.02,18,25524,买盘
1574,10:34:02,14.16,-0.01,137,193992,卖盘
1575,10:33:57,14.17,0.01,5,7085,买盘
1576,10:33:52,14.16,-0.01,35,49560,卖盘
1577,10:33:47,14.17,0.01,31,43927,买盘
1578,10:33:37,14.16,0.07,9,12744,买盘
1579,10:33:32,14.09,--,5,7045,卖盘
1580,10:33:27,14.09,-0.01,16,22544,卖盘
1581,10:33:22,14.1,0.02,41,57810,买盘
1582,10:33:16,14.08,0.01,141,198528,买盘
1583,10:33:12,14.07,--,274,385518,买盘
1584,10:33:07,14.07,0.01,64,90048,中性盘
1585,10:33:01,14.06,-0.01,61,85766,卖盘
1586,10:32:56,14.07,-0.01,25,35175,卖盘
1587,10:32:52,14.08,--,3,4224,卖盘
1588,10:32:46,14.08,-0.01,22,30976,卖盘
1589,10:32:41,14.09,--,27,38043,买盘
1590,10:32:37,14.09,-0.02,160,225440,卖盘
1591,10:32:31,14.11,-0.03,263,371093,卖盘
1592,10:32:26,14.14,--,10,14140,买盘
1593,10:32:22,14.14,-0.01,195,275730,卖盘
1594,10:32:16,14.15,-0.03,443,626845,卖盘
1595,10:32:11,14.18,--,236,334648,卖盘
1596,10:32:07,14.18,--,14,19852,卖盘
1597,10:32:01,14.18,--,24,34032,卖盘
1598,10:31:56,14.18,--,34,48212,卖盘
1599,10:31:46,14.18,--,0,0,卖盘
1600,10:31:41,14.18,-0.01,20,28360,卖盘
1601,10:31:37,14.19,--,13,18447,卖盘
1602,10:31:31,14.19,--,80,113520,买盘
1603,10:31:26,14.19,0.01,12,17028,买盘
1604,10:31:22,14.18,-0.01,2,2836,卖盘
1605,10:31:16,14.19,--,22,31218,买盘
1606,10:31:11,14.19,--,7,9933,买盘
1607,10:31:01,14.19,0.01,36,51084,买盘
1608,10:30:56,14.18,--,12,17016,买盘
1609,10:30:52,14.18,-0.01,76,107768,卖盘
1610,10:30:46,14.19,-0.02,28,39732,卖盘
1611,10:30:41,14.21,0.02,2,2842,买盘
1612,10:30:37,14.19,-0.01,63,89397,卖盘
1613,10:30:31,14.2,--,3,4260,买盘
1614,10:30:26,14.2,-0.01,2,2840,卖盘
1615,10:30:22,14.21,--,20,28420,买盘
1616,10:30:16,14.21,-0.02,620,881020,卖盘
1617,10:30:11,14.23,0.01,103,146569,买盘
1618,10:30:01,14.22,-0.01,56,79632,卖盘
1619,10:29:41,14.23,-0.03,23,32729,卖盘
1620,10:29:37,14.26,0.03,1,1426,买盘
1621,10:29:31,14.23,-0.03,16,22768,卖盘
1622,10:29:26,14.26,-0.01,6,8556,买盘
1623,10:29:22,14.27,--,29,41383,卖盘
1624,10:29:16,14.27,--,10,14270,卖盘
1625,10:29:11,14.27,0.01,46,65642,买盘
1626,10:29:06,14.26,--,32,45632,卖盘
1627,10:29:01,14.26,-0.04,6,8556,卖盘
1628,10:28:56,14.3,0.03,41,58630,买盘
1629,10:28:52,14.27,--,24,34248,买盘
1630,10:28:46,14.27,--,19,27113,卖盘
1631,10:28:41,14.27,-0.01,20,28540,卖盘
1632,10:28:36,14.28,--,4,5712,买盘
1633,10:28:31,14.28,-0.02,315,449820,卖盘
1634,10:28:26,14.3,-0.01,140,200200,卖盘
1635,10:28:21,14.31,0.01,26,37206,买盘
1636,10:28:16,14.3,-0.01,1,1430,卖盘
1637,10:28:11,14.31,0.01,14,20034,买盘
1638,10:28:06,14.3,--,3,4290,卖盘
1639,10:28:01,14.3,-0.01,25,35750,卖盘
1640,10:27:46,14.31,0.01,1,1431,买盘
1641,10:27:41,14.3,--,7,10010,卖盘
1642,10:27:36,14.3,-0.01,1,1430,卖盘
1643,10:27:31,14.31,0.01,34,48654,买盘
1644,10:27:26,14.3,--,5,7150,卖盘
1645,10:27:16,14.3,--,84,120120,买盘
1646,10:27:11,14.3,--,24,34320,买盘
1647,10:26:56,14.3,0.01,116,165880,买盘
1648,10:26:51,14.29,-0.01,14,20006,卖盘
1649,10:26:46,14.3,0.01,65,92950,买盘
1650,10:26:41,14.29,-0.01,8,11432,卖盘
1651,10:26:31,14.3,0.01,3,4290,买盘
1652,10:26:26,14.29,-0.01,11,15718,卖盘
1653,10:26:21,14.3,0.01,3,4290,买盘
1654,10:26:11,14.29,--,82,117178,卖盘
1655,10:26:06,14.29,--,40,57160,买盘
1656,10:26:01,14.29,--,2,2858,买盘
1657,10:25:46,14.29,-0.01,23,32867,卖盘
1658,10:25:40,14.3,0.01,94,134420,买盘
1659,10:25:36,14.29,0.01,4,5716,卖盘
1660,10:25:31,14.28,-0.02,34,48552,卖盘
1661,10:25:24,14.3,0.01,64,91520,买盘
1662,10:25:21,14.29,--,52,74308,买盘
1663,10:25:16,14.29,-0.01,29,41441,卖盘
1664,10:25:10,14.3,0.01,13,18590,买盘
1665,10:25:05,14.29,-0.01,40,57160,卖盘
1666,10:25:01,14.3,--,42,60060,买盘
1667,10:24:55,14.3,0.02,8,11440,买盘
1668,10:24:50,14.28,--,0,0,卖盘
1669,10:24:46,14.28,-0.02,13,18564,卖盘
1670,10:24:40,14.3,--,11,15730,买盘
1671,10:24:31,14.3,--,2,2860,买盘
1672,10:24:25,14.3,0.01,11,15730,买盘
1673,10:24:20,14.29,-0.01,1,1429,中性盘
1674,10:24:16,14.3,0.02,16,22880,买盘
1675,10:24:10,14.28,-0.01,190,271320,卖盘
1676,10:24:05,14.29,--,49,70021,买盘
1677,10:24:01,14.29,0.01,20,28580,买盘
1678,10:23:55,14.28,-0.01,15,21420,卖盘
1679,10:23:50,14.29,--,8,11432,买盘
1680,10:23:45,14.29,--,3,4287,买盘
1681,10:23:40,14.29,--,14,20006,买盘
1682,10:23:35,14.29,--,30,42870,卖盘
1683,10:23:31,14.29,-0.01,44,62875,卖盘
1684,10:23:25,14.3,--,42,60060,买盘
1685,10:23:20,14.3,0.02,5,7150,买盘
1686,10:23:16,14.28,-0.02,25,35700,卖盘
1687,10:23:10,14.3,0.02,30,42900,买盘
1688,10:23:05,14.28,--,12,17136,卖盘
1689,10:23:01,14.28,--,10,14280,买盘
1690,10:22:55,14.28,--,44,62832,买盘
1691,10:22:50,14.28,0.02,5,7140,买盘
1692,10:22:40,14.26,0.03,1,1426,买盘
1693,10:22:35,14.23,-0.02,30,42690,卖盘
1694,10:22:25,14.25,0.04,60,85500,买盘
1695,10:22:20,14.21,--,5,7105,卖盘
1696,10:22:10,14.21,0.01,23,32683,买盘
1697,10:22:05,14.2,--,114,161880,买盘
1698,10:22:01,14.2,--,31,44020,买盘
1699,10:21:55,14.2,--,147,208740,买盘
1700,10:21:50,14.2,--,588,834960,买盘
1701,10:21:45,14.2,--,25,35500,买盘
1702,10:21:40,14.2,0.01,643,913060,买盘
1703,10:21:35,14.19,-0.01,52,73788,卖盘
1704,10:21:31,14.2,--,309,438780,买盘
1705,10:21:25,14.2,--,57,80940,买盘
1706,10:21:20,14.2,--,41,58220,买盘
1707,10:21:10,14.2,--,25,35500,买盘
1708,10:21:05,14.2,--,199,282580,买盘
1709,10:21:01,14.2,--,47,66740,买盘
1710,10:20:55,14.2,--,13,18460,买盘
1711,10:20:50,14.2,--,190,269800,买盘
1712,10:20:45,14.2,0.01,2,2840,买盘
1713,10:20:40,14.19,0.01,75,106425,买盘
1714,10:20:35,14.18,--,77,109186,卖盘
1715,10:20:31,14.18,--,26,36868,卖盘
1716,10:20:25,14.18,--,16,22688,卖盘
1717,10:20:20,14.18,--,6,8508,卖盘
1718,10:20:15,14.18,0.01,77,109186,买盘
1719,10:20:10,14.17,--,200,283400,买盘
1720,10:20:05,14.17,--,49,69433,买盘
1721,10:19:55,14.17,--,65,92105,卖盘
1722,10:19:50,14.17,--,79,111943,卖盘
1723,10:19:45,14.17,--,44,62348,卖盘
1724,10:19:40,14.17,--,42,59514,卖盘
1725,10:19:35,14.17,-0.01,45,63765,卖盘
1726,10:19:30,14.18,0.02,116,164488,买盘
1727,10:19:25,14.16,-0.02,45,63720,卖盘
1728,10:19:20,14.18,--,43,60974,买盘
1729,10:19:15,14.18,--,10,14180,买盘
1730,10:19:10,14.18,-0.02,16,22688,卖盘
1731,10:19:05,14.2,--,90,127800,买盘
1732,10:19:00,14.2,--,1,1420,买盘
1733,10:18:55,14.2,0.01,136,193120,买盘
1734,10:18:50,14.19,-0.01,163,231297,卖盘
1735,10:18:45,14.2,0.01,35,49700,买盘
1736,10:18:40,14.19,-0.01,33,46827,卖盘
1737,10:18:34,14.2,-0.01,206,292520,卖盘
1738,10:18:30,14.21,--,70,99470,买盘
1739,10:18:25,14.21,0.01,100,142100,买盘
1740,10:18:19,14.2,-0.01,78,110760,卖盘
1741,10:18:15,14.21,--,21,29841,买盘
1742,10:18:10,14.21,--,6,8526,买盘
1743,10:18:04,14.21,-0.02,173,245833,卖盘
1744,10:18:00,14.23,--,18,25614,卖盘
1745,10:17:55,14.23,--,47,66881,买盘
1746,10:17:49,14.23,-0.01,14,19922,卖盘
1747,10:17:45,14.24,0.01,2,2848,买盘
1748,10:17:40,14.23,--,1,1423,卖盘
1749,10:17:34,14.23,-0.02,14,19922,卖盘
1750,10:17:30,14.25,0.03,15,21375,买盘
1751,10:17:25,14.22,-0.03,89,126558,卖盘
1752,10:17:19,14.25,--,15,21375,卖盘
1753,10:17:15,14.25,-0.01,59,84075,中性盘
1754,10:17:10,14.26,0.04,39,55614,买盘
1755,10:17:04,14.22,-0.04,411,584442,卖盘
1756,10:16:59,14.26,--,15,21390,买盘
1757,10:16:55,14.26,-0.01,238,339388,卖盘
1758,10:16:49,14.27,0.01,30,42810,买盘
1759,10:16:44,14.26,-0.02,37,52762,卖盘
1760,10:16:40,14.28,0.01,8,11424,买盘
1761,10:16:34,14.27,--,14,19978,卖盘
1762,10:16:29,14.27,-0.01,26,37102,卖盘
1763,10:16:25,14.28,0.01,20,28560,买盘
1764,10:16:19,14.27,-0.02,299,426673,卖盘
1765,10:16:14,14.29,--,50,71450,买盘
1766,10:16:10,14.29,--,16,22864,买盘
1767,10:16:04,14.29,--,102,145758,卖盘
1768,10:15:59,14.29,-0.01,31,44299,卖盘
1769,10:15:55,14.3,-0.01,10,14300,买盘
1770,10:15:49,14.31,--,13,18603,买盘
1771,10:15:44,14.31,--,114,163134,卖盘
1772,10:15:40,14.31,0.01,24,34344,买盘
1773,10:15:34,14.3,-0.01,35,50050,卖盘
1774,10:15:29,14.31,--,14,20034,买盘
1775,10:15:24,14.31,--,28,40068,买盘
1776,10:15:19,14.31,--,8,11448,买盘
1777,10:15:14,14.31,0.03,46,65826,买盘
1778,10:15:09,14.28,--,0,0,卖盘
1779,10:15:04,14.28,-0.03,2,2856,卖盘
1780,10:14:59,14.31,--,18,25758,买盘
1781,10:14:54,14.31,0.04,25,35775,买盘
1782,10:14:49,14.27,--,13,18551,买盘
1783,10:14:44,14.27,0.01,131,186937,中性盘
1784,10:14:39,14.26,-0.03,45,64170,卖盘
1785,10:14:29,14.29,0.03,100,142900,买盘
1786,10:14:19,14.26,0.01,91,129766,买盘
1787,10:14:14,14.25,0.01,86,122550,买盘
1788,10:14:09,14.24,-0.01,111,158064,卖盘
1789,10:14:04,14.25,--,79,112575,卖盘
1790,10:13:59,14.25,--,11,15675,卖盘
1791,10:13:49,14.25,0.02,14,19950,买盘
1792,10:13:44,14.23,-0.02,160,227680,卖盘
1793,10:13:39,14.25,--,23,32775,买盘
1794,10:13:34,14.25,--,60,85500,买盘
1795,10:13:29,14.25,0.02,59,84075,买盘
1796,10:13:24,14.23,-0.01,81,115263,卖盘
1797,10:13:19,14.24,-0.01,43,61232,卖盘
1798,10:13:14,14.25,-0.01,98,139650,买盘
1799,10:13:09,14.26,--,5,7130,卖盘
1800,10:13:04,14.26,-0.04,108,154008,卖盘
1801,10:12:59,14.3,0.03,585,836550,买盘
1802,10:12:54,14.27,--,4,5708,买盘
1803,10:12:49,14.27,--,123,175521,买盘
1804,10:12:44,14.27,--,33,47162,卖盘
1805,10:12:39,14.27,--,31,45592,卖盘
1806,10:12:34,14.27,-0.01,16,22832,卖盘
1807,10:12:29,14.28,--,31,44268,买盘
1808,10:12:19,14.28,--,9,12852,卖盘
1809,10:12:14,14.28,-0.02,10,14280,卖盘
1810,10:12:09,14.3,--,8,11440,买盘
1811,10:12:04,14.3,--,171,244530,买盘
1812,10:11:59,14.3,--,14,20020,买盘
1813,10:11:49,14.3,--,4,5720,买盘
1814,10:11:43,14.3,-0.01,178,254540,卖盘
1815,10:11:39,14.31,-0.01,5,7155,卖盘
1816,10:11:34,14.32,0.01,20,28640,买盘
1817,10:11:28,14.31,-0.01,81,115911,买盘
1818,10:11:24,14.32,0.02,116,166112,买盘
1819,10:11:19,14.3,-0.02,30,42900,卖盘
1820,10:11:13,14.32,0.01,90,128880,买盘
1821,10:11:09,14.31,-0.02,246,352026,卖盘
1822,10:11:04,14.33,0.01,31,44423,买盘
1823,10:10:58,14.32,0.01,77,110264,中性盘
1824,10:10:54,14.31,-0.02,3,4293,卖盘
1825,10:10:49,14.33,0.05,122,174826,买盘
1826,10:10:43,14.28,-0.02,5,7140,卖盘
1827,10:10:34,14.3,0.03,144,205920,买盘
1828,10:10:28,14.27,0.02,20,28540,中性盘
1829,10:10:24,14.25,--,30,42750,卖盘
1830,10:10:19,14.25,--,28,39900,卖盘
1831,10:10:13,14.25,0.01,96,136800,买盘
1832,10:10:09,14.24,-0.01,31,44144,卖盘
1833,10:10:04,14.25,--,62,88350,买盘
1834,10:09:58,14.25,-0.03,374,532950,卖盘
1835,10:09:54,14.28,-0.02,492,702576,卖盘
1836,10:09:49,14.3,--,158,225940,卖盘
1837,10:09:43,14.3,--,143,204490,买盘
1838,10:09:38,14.3,0.01,58,82940,买盘
1839,10:09:34,14.29,-0.01,77,110033,卖盘
1840,10:09:28,14.3,--,19,27170,买盘
1841,10:09:23,14.3,--,27,38610,买盘
1842,10:09:19,14.3,-0.03,204,291720,卖盘
1843,10:09:13,14.33,0.03,47,67351,买盘
1844,10:09:08,14.3,-0.03,4,5720,卖盘
1845,10:09:04,14.33,0.03,84,120372,买盘
1846,10:08:57,14.3,-0.03,3,4290,卖盘
1847,10:08:53,14.33,--,0,0,买盘
1848,10:08:49,14.33,0.03,103,147599,买盘
1849,10:08:43,14.3,--,23,32890,买盘
1850,10:08:38,14.3,-0.06,413,590590,卖盘
1851,10:08:33,14.36,0.03,243,348948,买盘
1852,10:08:28,14.33,--,153,219249,卖盘
1853,10:08:23,14.33,--,363,520179,买盘
1854,10:08:18,14.33,0.02,53,75949,买盘
1855,10:08:13,14.31,0.01,38,54378,卖盘
1856,10:08:08,14.3,-0.03,102,145860,卖盘
1857,10:08:03,14.33,0.03,80,114640,买盘
1858,10:07:58,14.3,--,120,171600,卖盘
1859,10:07:53,14.3,-0.02,119,170170,卖盘
1860,10:07:48,14.32,-0.01,239,343207,卖盘
1861,10:07:43,14.33,--,4,5732,卖盘
1862,10:07:38,14.33,--,218,312394,卖盘
1863,10:07:33,14.33,-0.03,4,5732,卖盘
1864,10:07:28,14.36,0.03,32,45952,买盘
1865,10:07:23,14.33,-0.03,13,18629,卖盘
1866,10:07:13,14.36,0.03,39,56004,买盘
1867,10:07:08,14.33,-0.05,637,912821,卖盘
1868,10:07:03,14.38,--,51,73338,卖盘
1869,10:06:58,14.38,--,430,618814,买盘
1870,10:06:53,14.38,0.03,85,122230,买盘
1871,10:06:48,14.35,-0.03,100,143500,卖盘
1872,10:06:43,14.38,--,6,8628,买盘
1873,10:06:38,14.38,--,109,156742,买盘
1874,10:06:33,14.38,--,73,104974,卖盘
1875,10:06:28,14.38,-0.01,42,60396,卖盘
1876,10:06:23,14.39,0.01,90,129510,买盘
1877,10:06:18,14.38,-0.02,19,27322,卖盘
1878,10:06:13,14.4,0.02,71,102240,买盘
1879,10:06:08,14.38,--,12,17256,卖盘
1880,10:06:03,14.38,-0.03,14,20132,卖盘
1881,10:05:58,14.41,0.03,52,74932,买盘
1882,10:05:53,14.38,-0.05,168,241584,卖盘
1883,10:05:48,14.43,--,0,0,买盘
1884,10:05:43,14.43,--,38,54834,买盘
1885,10:05:38,14.43,0.02,242,349206,买盘
1886,10:05:33,14.41,-0.02,8,11528,卖盘
1887,10:05:28,14.43,0.02,13,18759,中性盘
1888,10:05:23,14.41,--,13,19453,买盘
1889,10:05:18,14.41,0.01,91,131131,买盘
1890,10:05:13,14.4,-0.01,53,76320,卖盘
1891,10:05:08,14.41,--,200,288200,买盘
1892,10:05:03,14.41,--,40,57640,买盘
1893,10:04:58,14.41,--,9,12969,买盘
1894,10:04:53,14.41,0.01,205,295405,买盘
1895,10:04:48,14.4,-0.01,221,318960,卖盘
1896,10:04:43,14.41,--,37,53317,买盘
1897,10:04:36,14.41,0.01,701,1010141,买盘
1898,10:04:33,14.4,--,2,2880,卖盘
1899,10:04:28,14.4,--,10,14400,卖盘
1900,10:04:22,14.4,0.04,1054,1518480,买盘
1901,10:04:18,14.36,0.01,74,106264,买盘
1902,10:04:13,14.35,--,25,35875,中性盘
1903,10:04:07,14.35,0.01,14,20090,中性盘
1904,10:04:03,14.34,-0.01,12,17208,卖盘
1905,10:03:58,14.35,0.02,92,132020,买盘
1906,10:03:52,14.33,-0.02,137,196321,卖盘
1907,10:03:48,14.35,--,29,41615,买盘
1908,10:03:43,14.35,--,34,48790,买盘
1909,10:03:37,14.35,-0.01,94,134890,卖盘
1910,10:03:33,14.36,-0.01,5,7180,卖盘
1911,10:03:28,14.37,-0.01,2,2874,买盘
1912,10:03:22,14.38,--,160,230080,买盘
1913,10:03:18,14.38,0.03,26,37388,买盘
1914,10:03:13,14.35,-0.03,100,143500,卖盘
1915,10:03:07,14.38,--,34,48892,买盘
1916,10:03:03,14.38,--,407,585266,卖盘
1917,10:02:58,14.38,-0.02,132,189816,卖盘
1918,10:02:52,14.4,0.01,93,133920,买盘
1919,10:02:48,14.39,-0.01,25,35975,中性盘
1920,10:02:43,14.4,--,43,61920,买盘
1921,10:02:37,14.4,0.01,230,331200,买盘
1922,10:02:33,14.39,-0.01,10,14390,卖盘
1923,10:02:28,14.4,--,552,794880,买盘
1924,10:02:22,14.4,--,49,70560,买盘
1925,10:02:18,14.4,-0.01,286,411840,卖盘
1926,10:02:13,14.41,--,10,14410,买盘
1927,10:02:07,14.41,-0.01,95,136895,卖盘
1928,10:02:03,14.42,--,18,25956,买盘
1929,10:01:58,14.42,-0.02,11,15862,买盘
1930,10:01:51,14.44,0.03,11,15884,买盘
1931,10:01:47,14.41,-0.02,187,269467,卖盘
1932,10:01:43,14.43,--,83,119769,买盘
1933,10:01:37,14.43,--,73,105339,卖盘
1934,10:01:32,14.43,-0.01,20,28860,卖盘
1935,10:01:27,14.44,--,5,7220,买盘
1936,10:01:22,14.44,-0.01,214,309016,卖盘
1937,10:01:13,14.45,--,439,634355,卖盘
1938,10:01:07,14.45,--,45,65025,卖盘
1939,10:01:02,14.45,-0.01,36,52020,卖盘
1940,10:00:58,14.46,--,1,1446,买盘
1941,10:00:52,14.46,-0.01,273,394758,卖盘
1942,10:00:47,14.47,--,38,54986,买盘
1943,10:00:42,14.47,-0.01,2,2894,买盘
1944,10:00:37,14.48,0.02,587,849976,买盘
1945,10:00:32,14.46,-0.02,21,30366,卖盘
1946,10:00:27,14.48,--,14,20272,买盘
1947,10:00:22,14.48,0.02,125,181000,买盘
1948,10:00:17,14.46,-0.01,23,33258,卖盘
1949,10:00:07,14.47,--,30,43410,卖盘
1950,10:00:02,14.47,-0.03,18,26046,卖盘
1951,09:59:57,14.5,0.02,213,308850,买盘
1952,09:59:52,14.48,-0.02,227,328696,卖盘
1953,09:59:47,14.5,0.02,110,159500,买盘
1954,09:59:42,14.48,--,807,1168536,卖盘
1955,09:59:32,14.48,-0.02,10,14480,卖盘
1956,09:59:27,14.5,-0.02,110,160225,卖盘
1957,09:59:22,14.52,-0.01,528,766656,卖盘
1958,09:59:17,14.53,0.01,133,193249,卖盘
1959,09:59:07,14.52,--,12,17424,卖盘
1960,09:59:02,14.52,-0.04,47,68244,卖盘
1961,09:58:57,14.56,--,34,49504,买盘
1962,09:58:52,14.56,0.01,40,58240,买盘
1963,09:58:47,14.55,--,132,192060,卖盘
1964,09:58:42,14.55,0.03,215,312825,买盘
1965,09:58:37,14.52,--,71,103092,卖盘
1966,09:58:32,14.52,--,55,79860,卖盘
1967,09:58:27,14.52,--,108,156816,卖盘
1968,09:58:22,14.52,--,186,270072,卖盘
1969,09:58:17,14.52,0.04,663,963402,买盘
1970,09:58:12,14.48,--,97,140456,买盘
1971,09:58:07,14.48,-0.02,60,87604,卖盘
1972,09:58:02,14.5,0.02,172,250125,买盘
1973,09:57:57,14.48,--,22,31856,买盘
1974,09:57:52,14.48,-0.04,183,265708,卖盘
1975,09:57:46,14.52,0.02,77,112530,买盘
1976,09:57:42,14.5,--,16,23925,卖盘
1977,09:57:37,14.5,--,192,279125,卖盘
1978,09:57:31,14.5,-0.01,49,71050,卖盘
1979,09:57:27,14.51,0.01,5,7255,中性盘
1980,09:57:22,14.5,--,182,263900,卖盘
1981,09:57:16,14.5,--,12,17400,卖盘
1982,09:57:07,14.5,--,33,47850,卖盘
1983,09:57:01,14.5,-0.01,38,55100,卖盘
1984,09:56:57,14.51,0.03,179,259729,买盘
1985,09:56:52,14.48,--,11,15928,买盘
1986,09:56:46,14.48,--,122,176656,买盘
1987,09:56:41,14.48,--,2,2896,买盘
1988,09:56:37,14.48,-0.02,85,123080,卖盘
1989,09:56:31,14.5,0.02,2,2900,买盘
1990,09:56:27,14.48,-0.02,20,28960,中性盘
1991,09:56:22,14.5,0.01,197,285650,买盘
1992,09:56:16,14.49,-0.01,14,20286,中性盘
1993,09:56:12,14.5,0.02,186,269700,买盘
1994,09:56:07,14.48,-0.01,169,244712,卖盘
1995,09:56:01,14.49,--,87,126063,卖盘
1996,09:55:57,14.49,-0.01,32,46368,卖盘
1997,09:55:52,14.5,0.01,103,149350,买盘
1998,09:55:46,14.49,--,158,228942,卖盘
1999,09:55:42,14.49,--,4,5796,卖盘
2000,09:55:37,14.49,-0.01,77,111573,卖盘
2001,09:55:31,14.5,--,76,110200,买盘
2002,09:55:27,14.5,0.01,62,89900,买盘
2003,09:55:22,14.49,--,192,278208,卖盘
2004,09:55:16,14.49,-0.01,26,37674,卖盘
2005,09:55:11,14.5,--,4,5800,买盘
2006,09:55:07,14.5,--,49,71050,买盘
2007,09:55:01,14.5,-0.01,171,247964,卖盘
2008,09:54:56,14.51,--,13,18863,买盘
2009,09:54:52,14.51,--,64,92864,买盘
2010,09:54:46,14.51,-0.02,137,198787,卖盘
2011,09:54:42,14.53,0.01,217,315301,买盘
2012,09:54:37,14.52,--,48,69696,买盘
2013,09:54:31,14.52,-0.01,9,13068,卖盘
2014,09:54:26,14.53,--,15,21795,买盘
2015,09:54:22,14.53,-0.01,484,703252,卖盘
2016,09:54:16,14.54,0.01,55,79970,中性盘
2017,09:54:12,14.53,--,56,81368,卖盘
2018,09:54:07,14.53,--,91,132223,卖盘
2019,09:54:01,14.53,--,32,46496,卖盘
2020,09:53:56,14.53,--,86,124958,卖盘
2021,09:53:52,14.53,--,203,294959,卖盘
2022,09:53:46,14.53,--,32,46496,卖盘
2023,09:53:41,14.53,0.02,28,40684,卖盘
2024,09:53:37,14.51,-0.01,57,82707,卖盘
2025,09:53:31,14.52,-0.01,286,415272,中性盘
2026,09:53:26,14.53,--,172,249916,买盘
2027,09:53:21,14.53,0.01,786,1142058,买盘
2028,09:53:16,14.52,-0.03,115,166980,卖盘
2029,09:53:11,14.55,0.01,4,5820,买盘
2030,09:53:06,14.54,0.02,246,357684,买盘
2031,09:53:01,14.52,-0.02,135,196020,卖盘
2032,09:52:56,14.54,--,126,183204,卖盘
2033,09:52:51,14.54,--,35,50890,卖盘
2034,09:52:46,14.54,-0.02,48,69792,卖盘
2035,09:52:41,14.56,-0.01,64,93184,中性盘
2036,09:52:36,14.57,0.03,56,81592,卖盘
2037,09:52:31,14.54,-0.03,421,612134,卖盘
2038,09:52:26,14.57,--,141,205437,买盘
2039,09:52:21,14.57,--,11,16027,买盘
2040,09:52:16,14.57,-0.04,569,829033,卖盘
2041,09:52:11,14.61,0.01,672,981792,买盘
2042,09:52:06,14.6,0.02,56,81760,买盘
2043,09:52:01,14.58,-0.02,235,342630,卖盘
2044,09:51:56,14.6,0.02,155,226300,买盘
2045,09:51:50,14.58,-0.02,265,386370,卖盘
2046,09:51:46,14.6,0.02,1149,1677540,买盘
2047,09:51:41,14.58,--,110,160380,买盘
2048,09:51:36,14.58,0.01,168,244944,买盘
2049,09:51:31,14.57,-0.01,167,243319,中性盘
2050,09:51:26,14.58,--,349,508842,买盘
2051,09:51:21,14.58,--,11,16038,买盘
2052,09:51:16,14.58,0.01,81,118098,买盘
2053,09:51:11,14.57,0.03,353,514321,买盘
2054,09:51:06,14.54,0.02,64,93056,买盘
2055,09:51:01,14.52,--,520,755040,卖盘
2056,09:50:56,14.52,0.01,118,171336,买盘
2057,09:50:51,14.51,--,20,29020,卖盘
2058,09:50:46,14.51,--,383,557169,买盘
2059,09:50:40,14.51,0.03,722,1047622,买盘
2060,09:50:35,14.48,--,0,0,卖盘
2061,09:50:31,14.48,--,737,1067176,卖盘
2062,09:50:25,14.48,0.01,204,295392,买盘
2063,09:50:21,14.47,--,114,164958,买盘
2064,09:50:15,14.47,--,22,31834,买盘
2065,09:50:10,14.47,--,32,46304,卖盘
2066,09:50:06,14.47,-0.01,96,138912,卖盘
2067,09:50:01,14.48,0.01,261,377928,买盘
2068,09:49:55,14.47,--,128,185216,卖盘
2069,09:49:51,14.47,-0.01,51,73797,卖盘
2070,09:49:46,14.48,--,31,44888,买盘
2071,09:49:40,14.48,--,125,181000,卖盘
2072,09:49:36,14.48,--,8,11584,卖盘
2073,09:49:31,14.48,--,190,275120,卖盘
2074,09:49:25,14.48,-0.01,157,227336,卖盘
2075,09:49:21,14.49,-0.01,20,28980,中性盘
2076,09:49:16,14.5,0.02,299,433550,买盘
2077,09:49:10,14.48,-0.02,218,315664,卖盘
2078,09:49:05,14.5,--,5,7250,买盘
2079,09:49:01,14.5,--,131,189950,买盘
2080,09:48:55,14.5,--,134,194314,卖盘
2081,09:48:51,14.5,-0.03,59,85550,卖盘
2082,09:48:45,14.53,0.01,294,427182,买盘
2083,09:48:40,14.52,-0.02,164,238128,卖盘
2084,09:48:36,14.54,--,24,34896,卖盘
2085,09:48:31,14.54,0.02,96,139584,中性盘
2086,09:48:25,14.52,--,85,123420,卖盘
2087,09:48:20,14.52,-0.02,30,43560,卖盘
2088,09:48:15,14.54,0.04,78,113412,中性盘
2089,09:48:10,14.5,-0.03,228,330600,卖盘
2090,09:48:05,14.53,-0.05,31,45043,卖盘
2091,09:48:01,14.58,0.07,79,115182,买盘
2092,09:47:55,14.51,-0.02,90,130590,卖盘
2093,09:47:51,14.53,0.03,2,2906,中性盘
2094,09:47:45,14.5,-0.01,271,392950,卖盘
2095,09:47:39,14.51,-0.02,131,190081,卖盘
2096,09:47:35,14.53,-0.07,61,88633,卖盘
2097,09:47:30,14.6,--,261,381060,买盘
2098,09:47:25,14.6,0.04,157,229220,买盘
2099,09:47:20,14.56,-0.03,174,253344,卖盘
2100,09:47:15,14.59,0.01,544,793696,买盘
2101,09:47:10,14.58,-0.01,334,486972,卖盘
2102,09:47:06,14.59,--,173,252407,卖盘
2103,09:47:00,14.59,0.01,660,962940,买盘
2104,09:46:54,14.58,0.02,246,358668,买盘
2105,09:46:50,14.56,-0.02,102,148512,卖盘
2106,09:46:45,14.58,--,340,495720,买盘
2107,09:46:40,14.58,0.07,207,301806,买盘
2108,09:46:35,14.51,-0.07,63,91413,卖盘
2109,09:46:30,14.58,-0.02,492,717336,卖盘
2110,09:46:25,14.6,0.02,1273,1858580,买盘
2111,09:46:20,14.58,0.02,92,134136,买盘
2112,09:46:15,14.56,-0.02,166,241696,中性盘
2113,09:46:10,14.58,0.04,155,225990,买盘
2114,09:46:05,14.54,0.04,31,45074,卖盘
2115,09:46:00,14.5,--,227,329150,卖盘
2116,09:45:55,14.5,-0.02,144,208800,卖盘
2117,09:45:50,14.52,--,33,47916,卖盘
2118,09:45:45,14.52,0.04,397,577881,买盘
2119,09:45:40,14.48,--,284,411232,卖盘
2120,09:45:35,14.48,-0.01,616,891968,买盘
2121,09:45:30,14.49,--,20,28980,买盘
2122,09:45:25,14.49,0.01,18,26082,买盘
2123,09:45:20,14.48,-0.01,181,262088,卖盘
2124,09:45:15,14.49,--,83,120267,买盘
2125,09:45:10,14.49,-0.01,136,197064,卖盘
2126,09:45:05,14.5,-0.03,365,529250,卖盘
2127,09:45:00,14.53,0.03,146,212138,买盘
2128,09:44:55,14.5,-0.02,218,316100,卖盘
2129,09:44:50,14.52,0.02,120,174240,中性盘
2130,09:44:45,14.5,--,84,121800,卖盘
2131,09:44:40,14.5,--,305,442250,买盘
2132,09:44:35,14.5,--,286,414700,买盘
2133,09:44:30,14.5,--,71,102950,买盘
2134,09:44:25,14.5,--,40,58000,买盘
2135,09:44:20,14.5,--,38,55100,卖盘
2136,09:44:15,14.5,--,332,481400,买盘
2137,09:44:10,14.5,-0.1,317,459650,卖盘
2138,09:44:05,14.6,0.04,1009,1473140,买盘
2139,09:44:00,14.56,-0.04,74,107744,中性盘
2140,09:43:55,14.6,0.05,649,947540,买盘
2141,09:43:49,14.55,-0.01,243,353565,卖盘
2142,09:43:45,14.56,--,127,184912,买盘
2143,09:43:40,14.56,--,161,234416,买盘
2144,09:43:34,14.56,--,454,661024,卖盘
2145,09:43:30,14.56,-0.06,213,310128,卖盘
2146,09:43:25,14.62,0.04,415,606730,买盘
2147,09:43:19,14.58,--,121,176418,买盘
2148,09:43:15,14.58,0.01,39,56862,买盘
2149,09:43:10,14.57,-0.02,125,182125,卖盘
2150,09:43:04,14.59,-0.02,254,370586,卖盘
2151,09:43:00,14.61,--,206,300966,卖盘
2152,09:42:54,14.61,--,231,337491,买盘
2153,09:42:49,14.61,0.05,96,140256,买盘
2154,09:42:45,14.56,-0.02,202,294112,卖盘
2155,09:42:40,14.58,-0.04,79,115182,中性盘
2156,09:42:34,14.62,0.04,560,818720,买盘
2157,09:42:30,14.58,0.02,105,153090,中性盘
2158,09:42:25,14.56,-0.05,520,757120,卖盘
2159,09:42:19,14.61,0.05,103,150483,买盘
2160,09:42:15,14.56,--,40,58240,卖盘
2161,09:42:10,14.56,-0.04,234,340704,卖盘
2162,09:42:04,14.6,0.04,265,386900,买盘
2163,09:42:00,14.56,-0.02,260,378560,卖盘
2164,09:41:55,14.58,0.02,329,479682,买盘
2165,09:41:49,14.56,--,101,147056,买盘
2166,09:41:44,14.56,--,53,77168,买盘
2167,09:41:39,14.56,-0.04,150,218414,卖盘
2168,09:41:33,14.6,0.02,1149,1677540,买盘
2169,09:41:29,14.58,0.02,59,86022,买盘
2170,09:41:25,14.56,-0.02,73,106288,卖盘
2171,09:41:18,14.58,--,161,234738,买盘
2172,09:41:14,14.58,0.01,764,1113912,卖盘
2173,09:41:09,14.57,-0.02,513,747441,卖盘
2174,09:41:04,14.59,0.03,355,517945,买盘
2175,09:40:59,14.56,-0.01,208,302848,卖盘
2176,09:40:54,14.57,0.01,601,877099,买盘
2177,09:40:49,14.56,-0.03,765,1113854,卖盘
2178,09:40:44,14.59,--,167,243653,买盘
2179,09:40:39,14.59,0.03,417,608403,买盘
2180,09:40:34,14.56,--,148,215488,卖盘
2181,09:40:29,14.56,-0.03,453,659568,卖盘
2182,09:40:24,14.59,0.03,116,169244,卖盘
2183,09:40:19,14.56,--,193,281008,卖盘
2184,09:40:14,14.56,-0.03,89,129584,卖盘
2185,09:40:09,14.59,-0.01,246,358914,卖盘
2186,09:40:04,14.6,0.04,53,78825,买盘
2187,09:39:59,14.56,0.03,159,231504,买盘
2188,09:39:54,14.53,--,945,1373085,买盘
2189,09:39:49,14.53,--,260,377780,买盘
2190,09:39:44,14.53,--,68,98804,买盘
2191,09:39:39,14.53,-0.15,709,1030177,卖盘
2192,09:39:34,14.68,0.15,434,637112,买盘
2193,09:39:29,14.53,-0.03,13,18889,卖盘
2194,09:39:24,14.56,0.03,421,612976,卖盘
2195,09:39:19,14.53,-0.02,178,258634,卖盘
2196,09:39:14,14.55,--,261,379755,卖盘
2197,09:39:09,14.55,0.02,1061,1543755,买盘
2198,09:39:04,14.53,0.01,569,826757,买盘
2199,09:38:59,14.52,--,14,20328,买盘
2200,09:38:54,14.52,0.03,335,486957,买盘
2201,09:38:49,14.49,--,552,799848,买盘
2202,09:38:44,14.49,-0.01,45,65205,中性盘
2203,09:38:39,14.5,0.05,634,919300,买盘
2204,09:38:34,14.45,-0.02,712,1028840,卖盘
2205,09:38:29,14.47,0.02,340,491980,买盘
2206,09:38:24,14.45,0.06,1013,1463785,买盘
2207,09:38:19,14.39,--,47,67633,买盘
2208,09:38:14,14.39,-0.1,309,444651,卖盘
2209,09:38:09,14.49,--,64,92736,买盘
2210,09:38:04,14.49,0.04,547,792603,买盘
2211,09:37:59,14.45,0.05,302,436390,买盘
2212,09:37:54,14.4,-0.05,534,768960,卖盘
2213,09:37:49,14.45,0.03,344,497080,买盘
2214,09:37:43,14.42,--,373,537866,买盘
2215,09:37:39,14.42,-0.03,238,343196,卖盘
2216,09:37:34,14.45,--,143,207545,卖盘
2217,09:37:28,14.45,0.03,565,816959,买盘
2218,09:37:23,14.42,-0.01,45,64890,中性盘
2219,09:37:19,14.43,0.03,595,858585,买盘
2220,09:37:13,14.4,-0.03,220,316800,卖盘
2221,09:37:09,14.43,-0.02,183,264069,卖盘
2222,09:37:04,14.45,0.02,141,203745,买盘
2223,09:36:58,14.43,--,508,733044,卖盘
2224,09:36:54,14.43,0.08,79,113997,买盘
2225,09:36:49,14.35,0.01,553,793555,买盘
2226,09:36:43,14.34,-0.01,121,173514,卖盘
2227,09:36:39,14.35,-0.03,73,104755,卖盘
2228,09:36:34,14.38,0.01,278,399764,买盘
2229,09:36:28,14.37,-0.08,722,1037514,卖盘
2230,09:36:24,14.45,-0.02,147,212415,卖盘
2231,09:36:18,14.47,-0.01,332,480404,卖盘
2232,09:36:13,14.48,-0.02,190,275120,买盘
2233,09:36:09,14.5,0.19,332,481400,买盘
2234,09:36:04,14.31,-0.14,353,505143,卖盘
2235,09:35:58,14.45,0.15,458,661810,买盘
2236,09:35:53,14.3,--,250,357500,卖盘
2237,09:35:48,14.3,--,143,204490,卖盘
2238,09:35:43,14.3,0.07,148,211640,买盘
2239,09:35:39,14.23,-0.05,300,426900,卖盘
2240,09:35:34,14.28,0.03,94,134232,买盘
2241,09:35:28,14.25,-0.03,65,92625,中性盘
2242,09:35:24,14.28,0.01,256,365568,买盘
2243,09:35:19,14.27,0.08,1327,1893629,买盘
2244,09:35:13,14.19,--,177,251163,买盘
2245,09:35:08,14.19,--,89,126291,买盘
2246,09:35:03,14.19,--,654,928026,卖盘
2247,09:34:58,14.19,--,171,242649,卖盘
2248,09:34:53,14.19,-0.01,7,9933,卖盘
2249,09:34:48,14.2,0.04,359,509780,买盘
2250,09:34:43,14.16,-0.02,25,35400,中性盘
2251,09:34:38,14.18,0.01,118,167324,买盘
2252,09:34:33,14.17,--,47,66599,买盘
2253,09:34:28,14.17,--,211,298987,买盘
2254,09:34:23,14.17,-0.02,83,117611,买盘
2255,09:34:18,14.19,--,233,330627,卖盘
2256,09:34:13,14.19,--,218,309342,买盘
2257,09:34:08,14.19,--,27,38313,买盘
2258,09:34:03,14.19,-0.08,63,89397,卖盘
2259,09:33:58,14.27,--,33,47091,买盘
2260,09:33:53,14.27,0.02,210,299670,买盘
2261,09:33:48,14.25,-0.01,685,976125,卖盘
2262,09:33:43,14.26,0.02,511,728686,买盘
2263,09:33:38,14.24,-0.01,110,156640,卖盘
2264,09:33:33,14.25,-0.01,241,343425,卖盘
2265,09:33:28,14.26,0.02,394,561844,买盘
2266,09:33:23,14.24,-0.01,181,257744,卖盘
2267,09:33:18,14.25,-0.02,239,340575,卖盘
2268,09:33:13,14.27,0.04,660,941820,买盘
2269,09:33:08,14.23,-0.01,45,64035,卖盘
2270,09:33:03,14.24,0.02,29,41296,买盘
2271,09:32:57,14.22,--,90,127980,卖盘
2272,09:32:53,14.22,--,3,4266,卖盘
2273,09:32:48,14.22,0.03,193,274446,买盘
2274,09:32:43,14.19,0.03,96,136224,买盘
2275,09:32:38,14.16,0.01,10,14160,卖盘
2276,09:32:33,14.15,-0.01,15,21225,中性盘
2277,09:32:28,14.16,--,161,227976,买盘
2278,09:32:23,14.16,--,0,0,买盘
2279,09:32:18,14.16,0.09,2,2832,买盘
2280,09:32:13,14.07,-0.02,147,206829,中性盘
2281,09:32:08,14.09,0.03,315,443835,买盘
2282,09:32:03,14.06,--,254,357124,卖盘
2283,09:31:58,14.06,--,101,142006,卖盘
2284,09:31:53,14.06,0.04,342,480852,买盘
2285,09:31:47,14.02,-0.01,37,51874,卖盘
2286,09:31:43,14.03,-0.03,60,84180,卖盘
2287,09:31:37,14.06,-0.01,32,44992,中性盘
2288,09:31:32,14.07,-0.01,28,39396,中性盘
2289,09:31:28,14.08,0.02,232,326656,买盘
2290,09:31:22,14.06,0.03,47,66082,买盘
2291,09:31:17,14.03,0.03,42,58926,买盘
2292,09:31:13,14.0,0.02,411,575400,买盘
2293,09:31:07,13.98,--,135,188730,买盘
2294,09:31:03,13.98,--,1,1398,买盘
2295,09:30:58,13.98,-0.03,145,202710,卖盘
2296,09:30:52,14.01,0.01,49,68649,买盘
2297,09:30:47,14.0,0.01,14,19600,买盘
2298,09:30:43,13.99,--,46,64354,买盘
2299,09:30:37,13.99,0.13,203,285116,买盘
2300,09:30:32,13.86,0.01,31,42966,买盘
2301,09:30:28,13.85,--,309,429322,买盘
2302,09:30:22,13.85,--,7,9695,买盘
2303,09:30:17,13.85,--,5,6925,买盘
2304,09:30:07,13.85,-0.1,1154,1598290,卖盘
2305,09:30:03,13.95,0.08,311,433845,买盘
2306,09:28:52,13.87,--,0,0,买盘
2307,09:25:04,13.87,13.87,914,1267718,买盘
