,time,price,change,volume,amount,type
0,15:00:00,3.05,--,0,0,买盘
1,15:00:00,3.05,--,0,0,买盘
2,15:00:00,3.05,--,865,263825,买盘
3,14:59:57,3.05,--,1068,325740,买盘
4,14:59:46,3.05,--,862,262910,买盘
5,14:59:42,3.05,--,31,9455,买盘
6,14:59:37,3.05,--,330,100650,买盘
7,14:59:32,3.05,--,1071,326655,买盘
8,14:59:27,3.05,--,1432,436760,买盘
9,14:59:22,3.05,--,232,70760,买盘
10,14:59:17,3.05,--,91,27755,买盘
11,14:59:12,3.05,--,231,70455,买盘
12,14:59:07,3.05,--,842,256809,买盘
13,14:59:01,3.05,0.01,80,24400,买盘
14,14:58:57,3.04,-0.01,2778,844512,卖盘
15,14:58:51,3.05,--,10,3050,买盘
16,14:58:46,3.05,0.01,11,3355,买盘
17,14:58:42,3.04,-0.01,4968,1510515,卖盘
18,14:58:37,3.05,--,50,15250,买盘
19,14:58:31,3.05,--,27,8235,买盘
20,14:58:27,3.05,--,130,39650,买盘
21,14:58:21,3.05,--,497,151585,买盘
22,14:58:12,3.05,0.01,494,150670,买盘
23,14:58:06,3.04,-0.01,188,57152,卖盘
24,14:58:01,3.05,--,240,73200,买盘
25,14:57:57,3.05,--,205,62524,买盘
26,14:57:51,3.05,--,70,21350,买盘
27,14:57:42,3.05,--,1,305,买盘
28,14:57:36,3.05,--,23,7015,买盘
29,14:57:31,3.05,0.01,195,59475,买盘
30,14:57:27,3.04,-0.01,2153,654512,卖盘
31,14:57:21,3.05,--,381,116205,买盘
32,14:57:16,3.05,--,400,122000,买盘
33,14:57:12,3.05,--,120,36600,买盘
34,14:57:06,3.05,--,309,94245,买盘
35,14:57:01,3.05,--,10,3050,买盘
36,14:56:56,3.05,0.01,89,27145,买盘
37,14:56:51,3.04,-0.01,393,119627,卖盘
38,14:56:42,3.05,0.01,72,21960,买盘
39,14:56:36,3.04,-0.01,108,32832,卖盘
40,14:56:31,3.05,--,169,51545,买盘
41,14:56:27,3.05,--,400,122000,买盘
42,14:56:21,3.05,--,101,30805,买盘
43,14:56:16,3.05,0.01,480,146400,买盘
44,14:56:11,3.04,--,244,74176,卖盘
45,14:56:06,3.04,-0.01,110,33440,卖盘
46,14:55:56,3.05,--,157,47885,买盘
47,14:55:51,3.05,--,179,54595,买盘
48,14:55:46,3.05,--,2,610,买盘
49,14:55:41,3.05,--,76,23180,买盘
50,14:55:36,3.05,0.01,456,139080,买盘
51,14:55:31,3.04,--,179,54416,卖盘
52,14:55:26,3.04,-0.01,328,99712,卖盘
53,14:55:21,3.05,--,249,75945,买盘
54,14:55:16,3.05,0.01,52,15859,买盘
55,14:55:11,3.04,-0.01,290,88160,卖盘
56,14:55:06,3.05,0.01,482,147010,买盘
57,14:55:01,3.04,-0.01,10,3040,卖盘
58,14:54:56,3.05,--,176,53680,买盘
59,14:54:51,3.05,--,12,3660,买盘
60,14:54:46,3.05,--,36,10980,买盘
61,14:54:41,3.05,0.01,161,49105,买盘
62,14:54:36,3.04,--,370,112480,卖盘
63,14:54:31,3.04,-0.01,238,72352,卖盘
64,14:54:26,3.05,0.01,133,40565,买盘
65,14:54:21,3.04,-0.01,485,147704,卖盘
66,14:54:16,3.05,--,185,56425,买盘
67,14:54:11,3.05,--,153,46665,买盘
68,14:54:06,3.05,0.01,234,71370,买盘
69,14:54:01,3.04,-0.01,205,62320,卖盘
70,14:53:56,3.05,--,151,46055,买盘
71,14:53:51,3.05,0.01,135,41175,买盘
72,14:53:46,3.04,--,44,13376,卖盘
73,14:53:41,3.04,-0.01,309,94005,卖盘
74,14:53:36,3.05,--,4927,1502735,买盘
75,14:53:31,3.05,0.01,35,10675,买盘
76,14:53:26,3.04,-0.01,196,59584,卖盘
77,14:53:21,3.05,0.01,187,57035,买盘
78,14:53:16,3.04,-0.01,36,10944,卖盘
79,14:53:11,3.05,--,1176,358680,买盘
80,14:53:06,3.05,0.01,583,178065,买盘
81,14:53:01,3.04,-0.01,15,4560,卖盘
82,14:52:56,3.05,0.01,53,16164,买盘
83,14:52:51,3.04,-0.01,122,37088,卖盘
84,14:52:46,3.05,--,1,305,买盘
85,14:52:40,3.05,--,91,27755,买盘
86,14:52:36,3.05,--,931,283955,买盘
87,14:52:31,3.05,--,5,1525,买盘
88,14:52:26,3.05,--,33,10065,买盘
89,14:52:21,3.05,0.01,176,53680,买盘
90,14:52:10,3.04,--,399,121578,卖盘
91,14:52:06,3.04,--,14,4256,卖盘
92,14:52:01,3.04,--,605,183920,卖盘
93,14:51:55,3.04,--,48,14592,卖盘
94,14:51:51,3.04,-0.01,37,11248,卖盘
95,14:51:45,3.05,--,155,47275,买盘
96,14:51:36,3.05,--,1097,334585,买盘
97,14:51:31,3.05,--,94,28670,买盘
98,14:51:25,3.05,--,254,77470,买盘
99,14:51:21,3.05,--,4,1220,买盘
100,14:51:16,3.05,--,56,17080,买盘
101,14:51:10,3.05,0.01,43,13115,买盘
102,14:51:06,3.04,-0.01,301,91504,卖盘
103,14:51:00,3.05,--,333,101565,买盘
104,14:50:55,3.05,--,50,15250,买盘
105,14:50:51,3.05,--,501,152805,买盘
106,14:50:45,3.05,--,319,97295,买盘
107,14:50:40,3.05,--,28,8540,买盘
108,14:50:36,3.05,--,963,293715,买盘
109,14:50:30,3.05,--,354,107970,买盘
110,14:50:25,3.05,--,116,35380,买盘
111,14:50:21,3.05,--,835,254674,买盘
112,14:50:15,3.05,--,284,86620,买盘
113,14:50:10,3.05,--,353,107665,买盘
114,14:50:06,3.05,--,638,194590,买盘
115,14:50:00,3.05,--,36,10980,买盘
116,14:49:55,3.05,--,130,39650,买盘
117,14:49:51,3.05,0.01,1446,441030,买盘
118,14:49:45,3.04,-0.01,441,134064,卖盘
119,14:49:40,3.05,0.01,1,305,买盘
120,14:49:35,3.04,-0.01,922,280288,卖盘
121,14:49:30,3.05,0.01,288,87840,买盘
122,14:49:25,3.04,-0.01,10,3040,卖盘
123,14:49:21,3.05,0.01,37,11285,买盘
124,14:49:15,3.04,-0.01,104,31616,卖盘
125,14:49:10,3.05,--,268,81740,买盘
126,14:49:05,3.05,0.01,2,610,买盘
127,14:49:00,3.04,-0.01,55,16720,卖盘
128,14:48:55,3.05,0.01,48,14640,买盘
129,14:48:50,3.04,-0.01,182,55328,卖盘
130,14:48:45,3.05,--,362,110410,买盘
131,14:48:40,3.05,0.01,12,3660,买盘
132,14:48:35,3.04,-0.01,937,284848,卖盘
133,14:48:30,3.05,--,22,6710,买盘
134,14:48:25,3.05,--,306,93330,买盘
135,14:48:20,3.05,--,106,32329,买盘
136,14:48:15,3.05,--,10,3050,买盘
137,14:48:05,3.05,0.01,21,6405,买盘
138,14:48:00,3.04,-0.01,312,94848,卖盘
139,14:47:55,3.05,0.01,49,14945,买盘
140,14:47:50,3.04,-0.01,18,5472,卖盘
141,14:47:45,3.05,0.01,100,30500,买盘
142,14:47:40,3.04,-0.01,24,7296,卖盘
143,14:47:35,3.05,--,924,281820,买盘
144,14:47:30,3.05,--,156,47580,买盘
145,14:47:25,3.05,--,120,36600,买盘
146,14:47:20,3.05,--,419,127813,买盘
147,14:47:15,3.05,0.01,26,7929,买盘
148,14:47:10,3.04,-0.01,217,65968,卖盘
149,14:47:05,3.05,0.01,18,5490,买盘
150,14:47:00,3.04,--,73,22192,卖盘
151,14:46:55,3.04,--,67,20368,卖盘
152,14:46:50,3.04,-0.01,152,46208,卖盘
153,14:46:45,3.05,0.01,93,28365,买盘
154,14:46:40,3.04,-0.01,91,27664,卖盘
155,14:46:35,3.05,0.01,944,287920,买盘
156,14:46:30,3.04,-0.01,24,7296,卖盘
157,14:46:25,3.05,--,30,9150,买盘
158,14:46:20,3.05,0.01,115,35075,买盘
159,14:46:15,3.04,-0.01,646,196578,卖盘
160,14:46:10,3.05,--,51,15555,买盘
161,14:46:05,3.05,--,1516,462380,买盘
162,14:46:00,3.05,0.01,819,250078,买盘
163,14:45:55,3.04,--,307,93413,卖盘
164,14:45:49,3.04,--,256,77824,卖盘
165,14:45:45,3.04,-0.01,29,8816,卖盘
166,14:45:40,3.05,--,156,47580,买盘
167,14:45:34,3.05,0.01,1125,343125,买盘
168,14:45:30,3.04,-0.01,23,6992,卖盘
169,14:45:25,3.05,0.01,6391,1949255,买盘
170,14:45:19,3.04,--,285,86640,卖盘
171,14:45:15,3.04,-0.01,223,67792,卖盘
172,14:45:10,3.05,--,1877,572485,买盘
173,14:45:00,3.05,--,1002,305884,买盘
174,14:44:55,3.05,--,50,15250,买盘
175,14:44:49,3.05,--,77,23485,买盘
176,14:44:45,3.05,--,16,4880,买盘
177,14:44:40,3.05,0.01,35,10675,买盘
178,14:44:34,3.04,-0.01,922,280288,卖盘
179,14:44:30,3.05,--,556,169580,买盘
180,14:44:24,3.05,--,379,115595,买盘
181,14:44:19,3.05,0.01,210,64049,买盘
182,14:44:15,3.04,-0.01,15,4560,卖盘
183,14:44:09,3.05,--,5,1525,买盘
184,14:44:04,3.05,0.01,8,2440,买盘
185,14:44:00,3.04,--,956,290894,卖盘
186,14:43:54,3.04,-0.01,286,86944,卖盘
187,14:43:49,3.05,--,9,2745,买盘
188,14:43:45,3.05,--,106,32329,买盘
189,14:43:39,3.05,0.01,19,5795,买盘
190,14:43:34,3.04,--,922,280288,卖盘
191,14:43:30,3.04,-0.01,32,9728,卖盘
192,14:43:24,3.05,--,12,3660,买盘
193,14:43:19,3.05,--,21,6405,买盘
194,14:43:15,3.05,--,90,27450,买盘
195,14:43:09,3.05,0.01,6,1830,买盘
196,14:43:04,3.04,-0.01,15,4560,卖盘
197,14:43:00,3.05,--,1043,318392,买盘
198,14:42:54,3.05,0.01,3854,1175470,买盘
199,14:42:49,3.04,-0.01,105,31920,卖盘
200,14:42:45,3.05,0.01,253,77165,买盘
201,14:42:39,3.04,--,325,98800,卖盘
202,14:42:34,3.04,--,1346,409184,卖盘
203,14:42:29,3.04,-0.01,117,35568,卖盘
204,14:42:24,3.05,0.01,1,305,买盘
205,14:42:14,3.04,--,230,69920,卖盘
206,14:42:09,3.04,--,472,143488,卖盘
207,14:42:04,3.04,--,915,278427,卖盘
208,14:41:59,3.04,--,112,34048,卖盘
209,14:41:54,3.04,-0.01,130,39520,卖盘
210,14:41:44,3.05,0.01,748,228140,买盘
211,14:41:39,3.04,--,1050,319200,卖盘
212,14:41:34,3.04,-0.01,1207,366928,卖盘
213,14:41:29,3.05,--,4600,1403000,买盘
214,14:41:24,3.05,--,105,32024,买盘
215,14:41:19,3.05,0.01,32,9760,买盘
216,14:41:14,3.04,--,251,76304,卖盘
217,14:41:09,3.04,--,595,181065,卖盘
218,14:41:04,3.04,--,837,254679,卖盘
219,14:40:59,3.04,--,385,117040,卖盘
220,14:40:54,3.04,--,63,19152,卖盘
221,14:40:49,3.04,-0.01,72,21888,卖盘
222,14:40:44,3.05,--,103,31414,买盘
223,14:40:39,3.05,0.01,32,9760,买盘
224,14:40:34,3.04,-0.01,1258,382432,卖盘
225,14:40:29,3.05,--,631,192455,买盘
226,14:40:24,3.05,--,5351,1632341,卖盘
227,14:40:19,3.05,--,17,5185,卖盘
228,14:40:14,3.05,--,114,34770,卖盘
229,14:40:09,3.05,--,1311,400129,卖盘
230,14:39:59,3.05,--,217,66185,卖盘
231,14:39:54,3.05,--,345,105225,卖盘
232,14:39:49,3.05,--,19,5795,卖盘
233,14:39:44,3.05,-0.01,371,113155,卖盘
234,14:39:39,3.06,0.01,251,76806,买盘
235,14:39:34,3.05,--,1179,359595,卖盘
236,14:39:29,3.05,--,14,4270,卖盘
237,14:39:24,3.05,--,34,10370,卖盘
238,14:39:14,3.05,--,925,282125,卖盘
239,14:39:09,3.05,--,985,300699,卖盘
240,14:39:04,3.05,--,549,167445,卖盘
241,14:38:59,3.05,--,14,4270,卖盘
242,14:38:54,3.05,--,60,18300,卖盘
243,14:38:49,3.05,--,99,30195,卖盘
244,14:38:43,3.05,--,5,1525,卖盘
245,14:38:39,3.05,-0.01,99,30195,卖盘
246,14:38:34,3.06,0.01,967,295902,买盘
247,14:38:28,3.05,--,1,305,卖盘
248,14:38:18,3.05,--,104,31719,卖盘
249,14:38:13,3.05,--,404,123406,卖盘
250,14:38:09,3.05,--,511,155940,卖盘
251,14:38:03,3.05,--,15,4575,卖盘
252,14:37:58,3.05,--,15,4575,卖盘
253,14:37:54,3.05,-0.01,306,93330,卖盘
254,14:37:48,3.06,0.01,20,6120,买盘
255,14:37:43,3.05,--,159,48495,卖盘
256,14:37:39,3.05,-0.01,15,4575,卖盘
257,14:37:33,3.06,0.01,932,285192,买盘
258,14:37:28,3.05,--,200,61000,卖盘
259,14:37:24,3.05,--,17,5185,卖盘
260,14:37:18,3.05,--,430,131150,卖盘
261,14:37:13,3.05,--,686,209443,卖盘
262,14:37:09,3.05,--,251,76619,卖盘
263,14:37:03,3.05,--,61,18605,卖盘
264,14:36:54,3.05,--,230,70150,卖盘
265,14:36:48,3.05,--,360,109800,卖盘
266,14:36:39,3.05,--,289,88145,卖盘
267,14:36:33,3.05,--,951,290055,卖盘
268,14:36:28,3.05,-0.01,94,28670,卖盘
269,14:36:24,3.06,0.01,23,7038,买盘
270,14:36:18,3.05,--,15,4575,卖盘
271,14:36:13,3.05,-0.01,915,279349,卖盘
272,14:36:08,3.06,0.01,17,5202,买盘
273,14:36:03,3.05,--,15,4575,卖盘
274,14:35:58,3.05,--,6,1830,卖盘
275,14:35:53,3.05,--,143,43615,卖盘
276,14:35:48,3.05,--,181,55205,卖盘
277,14:35:43,3.05,--,14,4270,卖盘
278,14:35:38,3.05,--,63,19215,卖盘
279,14:35:33,3.05,--,462,140910,卖盘
280,14:35:28,3.05,-0.01,79,24095,卖盘
281,14:35:23,3.06,0.01,183,55998,买盘
282,14:35:18,3.05,--,915,279343,卖盘
283,14:35:13,3.05,-0.01,126,38430,卖盘
284,14:34:58,3.06,0.01,114,34884,买盘
285,14:34:53,3.05,-0.01,311,94855,卖盘
286,14:34:48,3.06,0.01,565,172890,买盘
287,14:34:43,3.05,-0.01,104,31719,卖盘
288,14:34:38,3.06,--,1,306,买盘
289,14:34:33,3.06,--,311,95166,买盘
290,14:34:28,3.06,--,1,306,买盘
291,14:34:23,3.06,0.01,569,174114,买盘
292,14:34:18,3.05,--,969,295819,卖盘
293,14:34:13,3.05,--,15,4575,卖盘
294,14:34:08,3.05,-0.01,304,92720,卖盘
295,14:34:03,3.06,--,1,306,买盘
296,14:33:58,3.06,0.01,17,5202,买盘
297,14:33:53,3.05,-0.01,125,38125,卖盘
298,14:33:38,3.06,--,81,24786,买盘
299,14:33:33,3.06,0.01,4,1224,买盘
300,14:33:28,3.05,-0.01,667,203435,卖盘
301,14:33:23,3.06,0.01,19,5814,买盘
302,14:33:18,3.05,--,916,279651,卖盘
303,14:33:08,3.05,--,38,11590,卖盘
304,14:33:03,3.05,--,101,30805,卖盘
305,14:32:58,3.05,--,5,1525,卖盘
306,14:32:53,3.05,-0.01,73,22265,卖盘
307,14:32:48,3.06,--,5,1530,买盘
308,14:32:38,3.06,--,1,306,买盘
309,14:32:33,3.06,0.01,4,1224,买盘
310,14:32:28,3.05,--,191,58255,卖盘
311,14:32:23,3.05,--,1211,369632,卖盘
312,14:32:18,3.05,--,59,17995,卖盘
313,14:32:13,3.05,-0.01,14,4270,卖盘
314,14:32:07,3.06,0.01,141,43146,买盘
315,14:32:03,3.05,--,74,22570,卖盘
316,14:31:58,3.05,-0.01,1569,478545,卖盘
317,14:31:52,3.06,--,294,89964,买盘
318,14:31:48,3.06,--,311,95166,买盘
319,14:31:43,3.06,--,204,62424,买盘
320,14:31:38,3.06,0.01,136,41616,买盘
321,14:31:33,3.05,-0.01,57,17385,卖盘
322,14:31:27,3.06,0.01,550,168300,买盘
323,14:31:22,3.05,--,1116,340651,卖盘
324,14:31:18,3.05,--,879,268095,卖盘
325,14:31:12,3.05,-0.01,426,129929,卖盘
326,14:31:07,3.06,0.01,400,122400,买盘
327,14:31:02,3.05,--,266,81130,卖盘
328,14:30:57,3.05,--,285,86925,卖盘
329,14:30:52,3.05,-0.01,88,26840,卖盘
330,14:30:48,3.06,0.01,2636,806616,买盘
331,14:30:42,3.05,-0.01,90,27450,卖盘
332,14:30:37,3.06,--,1,306,买盘
333,14:30:33,3.06,0.01,201,61506,买盘
334,14:30:27,3.05,-0.01,1026,313204,卖盘
335,14:30:22,3.06,0.01,454,138924,买盘
336,14:30:18,3.05,-0.01,69,21045,卖盘
337,14:30:12,3.06,0.01,87,26622,买盘
338,14:30:07,3.05,--,341,104005,卖盘
339,14:30:02,3.05,--,4,1220,卖盘
340,14:29:57,3.05,--,163,49715,卖盘
341,14:29:47,3.05,--,343,104615,卖盘
342,14:29:42,3.05,--,176,53680,卖盘
343,14:29:32,3.05,--,226,68930,卖盘
344,14:29:27,3.05,--,1094,333944,卖盘
345,14:29:17,3.05,-0.01,162,49410,卖盘
346,14:29:02,3.06,--,687,210222,买盘
347,14:28:57,3.06,0.01,298,91188,买盘
348,14:28:52,3.05,--,1,305,卖盘
349,14:28:47,3.05,-0.01,72,21960,卖盘
350,14:28:37,3.06,0.01,1,306,买盘
351,14:28:32,3.05,--,192,58560,卖盘
352,14:28:27,3.05,--,1056,322351,卖盘
353,14:28:22,3.05,--,45,13725,卖盘
354,14:28:12,3.05,--,400,122000,卖盘
355,14:28:07,3.05,-0.01,200,61000,卖盘
356,14:28:02,3.06,0.01,39,11934,买盘
357,14:27:52,3.05,--,47,14335,卖盘
358,14:27:47,3.05,-0.01,102,31110,卖盘
359,14:27:42,3.06,0.01,10,3060,买盘
360,14:27:37,3.05,--,133,40565,卖盘
361,14:27:32,3.05,--,862,263032,卖盘
362,14:27:27,3.05,--,133,40714,卖盘
363,14:27:17,3.05,-0.01,497,151585,卖盘
364,14:27:12,3.06,0.01,81,24786,买盘
365,14:27:07,3.05,--,509,155245,卖盘
366,14:27:02,3.05,--,1,305,卖盘
367,14:26:57,3.05,--,178,54290,卖盘
368,14:26:52,3.05,--,48,14640,卖盘
369,14:26:47,3.05,--,161,49105,卖盘
370,14:26:32,3.05,--,915,279352,卖盘
371,14:26:27,3.05,-0.01,77,23485,卖盘
372,14:26:22,3.06,--,199,60894,买盘
373,14:26:17,3.06,0.01,1,306,买盘
374,14:26:12,3.05,--,1,305,卖盘
375,14:26:07,3.05,--,54,16470,卖盘
376,14:26:02,3.05,--,222,67710,卖盘
377,14:25:52,3.05,-0.01,47,14335,卖盘
378,14:25:47,3.06,0.01,200,61200,买盘
379,14:25:37,3.05,-0.01,1006,307104,卖盘
380,14:25:27,3.06,--,2398,733788,买盘
381,14:25:22,3.06,--,5024,1537344,买盘
382,14:25:17,3.06,0.01,11,3366,买盘
383,14:25:12,3.05,--,344,104920,卖盘
384,14:25:07,3.05,--,73,22265,卖盘
385,14:24:52,3.05,-0.01,502,153110,卖盘
386,14:24:42,3.06,--,5,1530,买盘
387,14:24:36,3.06,0.01,996,305048,买盘
388,14:24:21,3.05,-0.01,3,915,卖盘
389,14:24:12,3.06,0.01,8,2448,买盘
390,14:24:06,3.05,-0.01,259,78995,卖盘
391,14:24:01,3.06,0.01,1,306,买盘
392,14:23:57,3.05,--,64,19520,卖盘
393,14:23:51,3.05,-0.01,49,14945,卖盘
394,14:23:46,3.06,0.01,34592,10585152,买盘
395,14:23:36,3.05,-0.01,915,279352,卖盘
396,14:23:31,3.06,--,11,3366,买盘
397,14:23:26,3.06,0.01,186,56916,买盘
398,14:23:21,3.05,--,182,55510,卖盘
399,14:23:16,3.05,--,138,42090,卖盘
400,14:23:11,3.05,--,251,76555,卖盘
401,14:23:06,3.05,-0.01,50,15250,卖盘
402,14:22:56,3.06,0.01,376,115056,买盘
403,14:22:46,3.05,-0.01,190,57950,卖盘
404,14:22:41,3.06,0.01,642,196699,买盘
405,14:22:36,3.05,-0.01,1203,366939,卖盘
406,14:22:16,3.06,0.01,233,71298,买盘
407,14:22:11,3.05,--,20,6100,卖盘
408,14:22:06,3.05,--,98,29890,卖盘
409,14:21:56,3.05,--,67,20435,卖盘
410,14:21:51,3.05,--,196,59780,卖盘
411,14:21:46,3.05,--,161,49105,卖盘
412,14:21:41,3.05,--,968,295508,卖盘
413,14:21:36,3.05,--,21,6405,卖盘
414,14:21:26,3.05,--,100,30500,卖盘
415,14:21:06,3.05,-0.01,962,293410,卖盘
416,14:21:01,3.06,0.01,1,306,买盘
417,14:20:56,3.05,--,211,64354,卖盘
418,14:20:51,3.05,--,47,14335,卖盘
419,14:20:46,3.05,--,100,30500,卖盘
420,14:20:41,3.05,--,915,279349,卖盘
421,14:20:26,3.05,-0.01,376,114680,卖盘
422,14:20:16,3.06,--,1,306,买盘
423,14:20:06,3.06,0.01,9,2754,买盘
424,14:19:56,3.05,--,150,45750,卖盘
425,14:19:51,3.05,--,49,14945,卖盘
426,14:19:46,3.05,--,404,123406,卖盘
427,14:19:41,3.05,--,511,155943,卖盘
428,14:19:36,3.05,--,58,17717,卖盘
429,14:19:26,3.05,--,230,70150,卖盘
430,14:19:11,3.05,--,218,66490,卖盘
431,14:19:06,3.05,--,78,23790,卖盘
432,14:19:01,3.05,--,103,31414,卖盘
433,14:18:56,3.05,--,87,26535,卖盘
434,14:18:51,3.05,--,105,32024,卖盘
435,14:18:46,3.05,-0.01,1068,326014,卖盘
436,14:18:41,3.06,0.01,1,306,买盘
437,14:18:36,3.05,-0.01,281,85705,卖盘
438,14:18:31,3.06,0.01,2,612,买盘
439,14:18:26,3.05,-0.01,176,53680,卖盘
440,14:18:21,3.06,--,1,306,买盘
441,14:18:16,3.06,--,1005,307530,买盘
442,14:18:11,3.06,--,17,5202,买盘
443,14:18:06,3.06,0.01,1,306,买盘
444,14:18:01,3.05,--,67,20435,卖盘
445,14:17:51,3.05,--,772,235484,卖盘
446,14:17:45,3.05,-0.01,193,59115,卖盘
447,14:17:41,3.06,--,1,306,买盘
448,14:17:36,3.06,--,74,22644,买盘
449,14:17:30,3.06,0.01,50,15300,买盘
450,14:17:21,3.05,--,10,3050,卖盘
451,14:17:15,3.05,-0.01,101,30805,卖盘
452,14:17:10,3.06,0.01,1,306,买盘
453,14:17:06,3.05,--,33,10065,卖盘
454,14:17:00,3.05,--,330,100650,卖盘
455,14:16:50,3.05,-0.01,963,293986,卖盘
456,14:16:45,3.06,--,71,21726,买盘
457,14:16:40,3.06,--,11,3366,买盘
458,14:16:30,3.06,0.01,1,306,买盘
459,14:16:20,3.05,-0.01,61,18605,卖盘
460,14:16:15,3.06,--,186,56916,买盘
461,14:16:05,3.06,0.01,56,17136,买盘
462,14:16:00,3.05,-0.01,434,132370,卖盘
463,14:15:55,3.06,0.01,1,306,买盘
464,14:15:50,3.05,-0.01,964,294294,卖盘
465,14:15:45,3.06,0.01,1,306,买盘
466,14:15:40,3.05,-0.01,59,17995,卖盘
467,14:15:35,3.06,--,1,306,买盘
468,14:15:30,3.06,0.01,12,3672,买盘
469,14:15:20,3.05,--,83,25315,卖盘
470,14:15:15,3.05,-0.01,78,23790,卖盘
471,14:15:05,3.06,--,1,306,买盘
472,14:15:00,3.06,--,66,20196,买盘
473,14:14:55,3.06,0.01,405,124116,买盘
474,14:14:50,3.05,-0.01,618,188578,卖盘
475,14:14:45,3.06,0.01,329,100674,买盘
476,14:14:35,3.05,-0.01,262,79910,卖盘
477,14:14:30,3.06,--,251,76806,买盘
478,14:14:25,3.06,--,47,14382,买盘
479,14:14:20,3.06,0.01,36,11016,买盘
480,14:14:15,3.05,-0.01,94,28670,卖盘
481,14:14:10,3.06,--,16,4896,买盘
482,14:14:05,3.06,--,1,306,买盘
483,14:14:00,3.06,--,68,20808,买盘
484,14:13:55,3.06,0.01,916,280568,买盘
485,14:13:50,3.05,-0.01,49,14945,卖盘
486,14:13:45,3.06,--,1,306,买盘
487,14:13:40,3.06,0.01,1,306,买盘
488,14:13:35,3.05,-0.01,94,28670,卖盘
489,14:13:30,3.06,0.01,1,306,买盘
490,14:13:25,3.05,--,350,106750,卖盘
491,14:13:20,3.05,-0.01,2,610,卖盘
492,14:13:15,3.06,--,152,46512,买盘
493,14:13:05,3.06,--,6,1836,买盘
494,14:13:00,3.06,--,980,300152,买盘
495,14:12:55,3.06,0.01,1,306,买盘
496,14:12:50,3.05,--,148,45140,卖盘
497,14:12:45,3.05,-0.01,250,76250,卖盘
498,14:12:40,3.06,--,2,612,买盘
499,14:12:35,3.06,--,1,306,买盘
500,14:12:30,3.06,0.01,3,918,买盘
501,14:12:25,3.05,--,64,19520,卖盘
502,14:12:20,3.05,-0.01,145,44225,卖盘
503,14:12:15,3.06,--,1,306,买盘
504,14:12:10,3.06,0.01,1,306,买盘
505,14:12:00,3.05,--,980,299180,卖盘
506,14:11:55,3.05,-0.01,218,66490,卖盘
507,14:11:50,3.06,--,16,4896,买盘
508,14:11:45,3.06,--,4,1224,买盘
509,14:11:40,3.06,0.01,155,47430,买盘
510,14:11:35,3.05,-0.01,112,34160,卖盘
511,14:11:30,3.06,0.01,1,306,买盘
512,14:11:25,3.05,--,63,19215,卖盘
513,14:11:15,3.05,--,150,45750,卖盘
514,14:11:09,3.05,-0.01,50,15250,卖盘
515,14:11:04,3.06,--,1,306,买盘
516,14:11:00,3.06,--,917,280874,买盘
517,14:10:55,3.06,--,129,39474,买盘
518,14:10:45,3.06,0.01,64,19584,买盘
519,14:10:39,3.05,-0.01,58,17690,卖盘
520,14:10:35,3.06,--,4,1224,买盘
521,14:10:30,3.06,0.01,3,918,买盘
522,14:10:24,3.05,--,52,15859,卖盘
523,14:10:19,3.05,--,140,42700,卖盘
524,14:10:15,3.05,--,150,45750,卖盘
525,14:10:09,3.05,--,91,27755,卖盘
526,14:09:59,3.05,-0.01,934,285141,卖盘
527,14:09:53,3.06,--,226,69156,买盘
528,14:09:49,3.06,--,1,306,买盘
529,14:09:44,3.06,--,138,42228,买盘
530,14:09:39,3.06,--,1,306,买盘
531,14:09:29,3.06,0.01,51,15606,买盘
532,14:09:23,3.05,-0.01,96,29280,卖盘
533,14:09:19,3.06,--,1,306,买盘
534,14:09:15,3.06,--,93,28458,买盘
535,14:09:04,3.06,--,1056,323414,买盘
536,14:08:59,3.06,0.01,21,6426,买盘
537,14:08:54,3.05,--,48,14640,卖盘
538,14:08:49,3.05,--,66,20130,卖盘
539,14:08:44,3.05,--,111,33855,卖盘
540,14:08:39,3.05,--,1709,521244,卖盘
541,14:08:34,3.05,-0.01,2,610,卖盘
542,14:08:29,3.06,--,1,306,买盘
543,14:08:23,3.06,--,1,306,买盘
544,14:08:19,3.06,--,2,612,买盘
545,14:08:14,3.06,0.01,222,67932,买盘
546,14:08:08,3.05,-0.01,404,123403,卖盘
547,14:08:04,3.06,--,627,191947,买盘
548,14:07:59,3.06,0.01,2,612,买盘
549,14:07:53,3.05,-0.01,49,14945,卖盘
550,14:07:49,3.06,0.01,451,138006,买盘
551,14:07:44,3.05,-0.01,82,25010,卖盘
552,14:07:39,3.06,--,1,306,买盘
553,14:07:34,3.06,--,1,306,买盘
554,14:07:29,3.06,--,1,306,买盘
555,14:07:23,3.06,--,1,306,买盘
556,14:07:14,3.06,--,86,26316,买盘
557,14:07:08,3.06,0.01,981,300458,买盘
558,14:06:59,3.05,-0.01,103,31414,卖盘
559,14:06:53,3.06,0.01,567,173502,买盘
560,14:06:49,3.05,-0.01,50,15250,卖盘
561,14:06:44,3.06,0.01,1,306,买盘
562,14:06:38,3.05,-0.01,1,305,卖盘
563,14:06:34,3.06,--,1,306,买盘
564,14:06:29,3.06,--,177,54162,买盘
565,14:06:23,3.06,--,1,306,买盘
566,14:06:19,3.06,--,185,56610,买盘
567,14:06:14,3.06,0.01,16,4896,买盘
568,14:06:08,3.05,-0.01,925,282399,卖盘
569,14:06:04,3.06,--,2,612,买盘
570,14:05:59,3.06,0.01,1,306,买盘
571,14:05:53,3.05,--,298,90890,卖盘
572,14:05:49,3.05,--,289,88145,卖盘
573,14:05:44,3.05,-0.01,252,76860,卖盘
574,14:05:38,3.06,--,83,25398,买盘
575,14:05:34,3.06,0.01,1,306,买盘
576,14:05:29,3.05,-0.01,49,14945,卖盘
577,14:05:23,3.06,0.01,2,612,买盘
578,14:05:08,3.05,-0.01,981,299482,卖盘
579,14:05:04,3.06,0.01,1,306,买盘
580,14:04:59,3.05,-0.01,3278,999893,卖盘
581,14:04:53,3.06,--,59,18054,买盘
582,14:04:49,3.06,0.01,131,40086,买盘
583,14:04:43,3.05,--,3000,915000,卖盘
584,14:04:38,3.05,-0.01,735,224358,卖盘
585,14:04:34,3.06,--,1,306,买盘
586,14:04:23,3.06,0.01,52,15912,买盘
587,14:04:19,3.05,--,20,6100,卖盘
588,14:04:13,3.05,--,502,153369,卖盘
589,14:04:08,3.05,-0.01,499,152204,卖盘
590,14:04:03,3.06,--,101,30906,买盘
591,14:03:58,3.06,0.01,1,306,买盘
592,14:03:53,3.05,-0.01,90,27450,卖盘
593,14:03:43,3.06,0.01,1,306,买盘
594,14:03:38,3.05,--,87,26535,卖盘
595,14:03:28,3.05,-0.01,3020,921100,卖盘
596,14:03:23,3.06,0.01,1,306,买盘
597,14:03:17,3.05,--,71,21655,卖盘
598,14:03:13,3.05,-0.01,1047,319612,卖盘
599,14:03:08,3.06,--,219,67014,买盘
600,14:02:58,3.06,--,1,306,买盘
601,14:02:53,3.06,--,57,17442,买盘
602,14:02:47,3.06,--,186,56916,买盘
603,14:02:38,3.06,0.01,1,306,买盘
604,14:02:32,3.05,-0.01,128,39040,卖盘
605,14:02:28,3.06,--,31,9486,买盘
606,14:02:23,3.06,--,78,23868,买盘
607,14:02:17,3.06,--,931,285158,买盘
608,14:02:13,3.06,0.01,205,62730,买盘
609,14:02:08,3.05,-0.01,167,50935,卖盘
610,14:02:02,3.06,0.01,16,4896,买盘
611,14:01:58,3.05,--,93,28365,卖盘
612,14:01:53,3.05,--,164,50020,卖盘
613,14:01:47,3.05,-0.01,8,2440,卖盘
614,14:01:43,3.06,--,16,4896,买盘
615,14:01:38,3.06,0.01,17,5202,买盘
616,14:01:32,3.05,-0.01,78,23790,卖盘
617,14:01:28,3.06,--,15,4590,买盘
618,14:01:23,3.06,--,261,79866,买盘
619,14:01:17,3.06,--,1046,320354,买盘
620,14:01:13,3.06,--,15,4590,买盘
621,14:01:08,3.06,--,3,918,买盘
622,14:01:02,3.06,--,384,117504,买盘
623,14:00:58,3.06,--,1,306,买盘
624,14:00:53,3.06,--,508,155448,买盘
625,14:00:47,3.06,0.01,1,306,买盘
626,14:00:38,3.05,--,15,4575,卖盘
627,14:00:32,3.05,-0.01,158,48190,卖盘
628,14:00:28,3.06,0.01,2,612,买盘
629,14:00:23,3.05,-0.01,271,82655,卖盘
630,14:00:17,3.06,--,936,286688,买盘
631,14:00:13,3.06,--,137,41922,买盘
632,14:00:08,3.06,0.01,112,34272,买盘
633,14:00:02,3.05,--,113,34465,卖盘
634,13:59:53,3.05,-0.01,358,109190,卖盘
635,13:59:47,3.06,--,17,5202,买盘
636,13:59:43,3.06,0.01,1,306,买盘
637,13:59:38,3.05,--,337,102785,卖盘
638,13:59:32,3.05,-0.01,105,32024,卖盘
639,13:59:23,3.06,0.01,2,612,买盘
640,13:59:17,3.05,--,1029,314116,卖盘
641,13:59:13,3.05,-0.01,79,24095,卖盘
642,13:59:08,3.06,0.01,1,306,买盘
643,13:59:02,3.05,--,804,245220,卖盘
644,13:58:58,3.05,--,28,8540,卖盘
645,13:58:53,3.05,-0.01,50,15250,卖盘
646,13:58:47,3.06,--,90,27540,买盘
647,13:58:43,3.06,--,20,6120,买盘
648,13:58:38,3.06,0.01,1,306,买盘
649,13:58:32,3.05,--,117,35685,卖盘
650,13:58:28,3.05,--,179,54595,卖盘
651,13:58:23,3.05,-0.01,916,279660,卖盘
652,13:58:17,3.06,--,3,918,买盘
653,13:58:13,3.06,--,153,46818,买盘
654,13:58:07,3.06,0.01,2,612,买盘
655,13:58:02,3.05,--,171,52155,卖盘
656,13:57:58,3.05,--,158,48190,卖盘
657,13:57:53,3.05,-0.01,53,16164,卖盘
658,13:57:47,3.06,0.01,2,612,买盘
659,13:57:32,3.05,--,118,35990,卖盘
660,13:57:27,3.05,--,744,227197,卖盘
661,13:57:22,3.05,-0.01,372,113758,卖盘
662,13:57:17,3.06,--,1,306,买盘
663,13:57:12,3.06,--,20,6120,买盘
664,13:57:07,3.06,0.01,75,22950,买盘
665,13:57:02,3.05,--,119,36295,卖盘
666,13:56:56,3.05,--,10,3050,卖盘
667,13:56:52,3.05,-0.01,133,40565,卖盘
668,13:56:47,3.06,0.01,118,36108,买盘
669,13:56:41,3.05,-0.01,3019,920795,卖盘
670,13:56:37,3.06,0.01,64,19584,买盘
671,13:56:32,3.05,-0.01,117,35685,卖盘
672,13:56:26,3.06,--,916,280568,买盘
673,13:56:22,3.06,--,13,3978,买盘
674,13:56:17,3.06,--,35,10710,买盘
675,13:56:11,3.06,--,73,22338,买盘
676,13:56:07,3.06,0.01,118,36108,买盘
677,13:56:02,3.05,-0.01,118,35990,卖盘
678,13:55:56,3.06,0.01,1,306,买盘
679,13:55:52,3.05,--,57,17385,卖盘
680,13:55:47,3.05,-0.01,24,7320,卖盘
681,13:55:41,3.06,--,186,56916,买盘
682,13:55:37,3.06,0.01,1,306,买盘
683,13:55:32,3.05,--,621,189591,卖盘
684,13:55:26,3.05,-0.01,1631,497543,卖盘
685,13:55:17,3.06,--,3061,936666,买盘
686,13:55:11,3.06,--,1,306,买盘
687,13:55:07,3.06,0.01,1,306,买盘
688,13:55:02,3.05,-0.01,168,51240,卖盘
689,13:54:56,3.06,0.01,620,189720,买盘
690,13:54:52,3.05,-0.01,49,14945,卖盘
691,13:54:47,3.06,--,76,23256,买盘
692,13:54:41,3.06,0.01,98,29988,买盘
693,13:54:32,3.05,--,1037,316556,卖盘
694,13:54:26,3.05,--,2,610,卖盘
695,13:54:22,3.05,-0.01,1,305,卖盘
696,13:54:17,3.06,0.01,115,35190,买盘
697,13:54:11,3.05,--,1,305,卖盘
698,13:54:07,3.05,--,1,305,卖盘
699,13:54:02,3.05,--,211,64354,卖盘
700,13:53:56,3.05,--,72,21960,卖盘
701,13:53:52,3.05,--,104,31719,卖盘
702,13:53:47,3.05,--,107,32634,卖盘
703,13:53:41,3.05,--,1,305,卖盘
704,13:53:32,3.05,-0.01,1066,325398,卖盘
705,13:53:26,3.06,0.01,14,4284,买盘
706,13:53:17,3.05,--,3,915,卖盘
707,13:53:07,3.05,--,91,27755,卖盘
708,13:53:02,3.05,-0.01,414,126269,卖盘
709,13:52:56,3.06,--,52,15912,买盘
710,13:52:52,3.06,--,143,43758,买盘
711,13:52:47,3.06,0.01,216,66096,买盘
712,13:52:37,3.05,--,447,136594,卖盘
713,13:52:32,3.05,--,667,203453,卖盘
714,13:52:11,3.05,--,2,610,卖盘
715,13:52:07,3.05,-0.01,90,27450,卖盘
716,13:52:02,3.06,0.01,124,37944,买盘
717,13:51:52,3.05,--,129,39345,卖盘
718,13:51:47,3.05,--,127,38735,卖盘
719,13:51:41,3.05,--,1,305,卖盘
720,13:51:37,3.05,--,73,22265,卖盘
721,13:51:32,3.05,-0.01,1032,315034,卖盘
722,13:51:26,3.06,--,8104,2479824,买盘
723,13:51:22,3.06,0.01,66,20196,买盘
724,13:51:17,3.05,--,1,305,卖盘
725,13:51:07,3.05,-0.01,120,36600,卖盘
726,13:51:02,3.06,--,1,306,买盘
727,13:50:56,3.06,0.01,70,21420,买盘
728,13:50:51,3.05,-0.01,52,15859,卖盘
729,13:50:41,3.06,--,97,29682,买盘
730,13:50:36,3.06,0.01,1212,371147,买盘
731,13:50:31,3.05,-0.01,92,28060,卖盘
732,13:50:22,3.06,0.01,75,22950,买盘
733,13:50:07,3.05,--,175,53375,卖盘
734,13:50:02,3.05,--,78,23790,卖盘
735,13:49:56,3.05,--,71,21655,卖盘
736,13:49:50,3.05,--,70,21350,卖盘
737,13:49:46,3.05,--,10,3050,卖盘
738,13:49:41,3.05,--,404,123406,卖盘
739,13:49:35,3.05,-0.01,628,191625,卖盘
740,13:49:26,3.06,--,65,19890,买盘
741,13:49:21,3.06,--,185,56610,买盘
742,13:49:11,3.06,0.01,2,612,买盘
743,13:49:05,3.05,-0.01,613,186965,卖盘
744,13:49:01,3.06,0.01,277,84762,买盘
745,13:48:56,3.05,-0.01,48,14640,卖盘
746,13:48:50,3.06,--,427,130662,买盘
747,13:48:46,3.06,--,1789,547434,买盘
748,13:48:41,3.06,--,1366,418271,买盘
749,13:48:35,3.06,--,404,123624,买盘
750,13:48:31,3.06,0.01,1250,382500,买盘
751,13:48:26,3.05,--,192,58560,卖盘
752,13:48:20,3.05,--,90,27450,卖盘
753,13:48:16,3.05,--,100,30500,卖盘
754,13:48:11,3.05,--,34,10370,卖盘
755,13:48:05,3.05,--,205,62524,卖盘
756,13:48:01,3.05,--,30,9150,卖盘
757,13:47:56,3.05,--,264,80520,卖盘
758,13:47:50,3.05,-0.01,47,14335,卖盘
759,13:47:46,3.06,0.01,1,306,买盘
760,13:47:35,3.05,--,195,59475,卖盘
761,13:47:26,3.05,--,4,1220,卖盘
762,13:47:20,3.05,--,123,37515,卖盘
763,13:47:11,3.05,--,20,6100,卖盘
764,13:47:05,3.05,--,183,55815,卖盘
765,13:47:01,3.05,--,150,45750,卖盘
766,13:46:56,3.05,--,1,305,卖盘
767,13:46:50,3.05,--,105,32024,卖盘
768,13:46:41,3.05,--,1,305,卖盘
769,13:46:35,3.05,--,117,35685,卖盘
770,13:46:31,3.05,-0.01,1,305,卖盘
771,13:46:26,3.06,--,80,24480,买盘
772,13:46:20,3.06,0.01,32,9792,买盘
773,13:46:16,3.05,--,4,1220,卖盘
774,13:46:11,3.05,--,53,16164,卖盘
775,13:46:05,3.05,-0.01,210,64049,卖盘
776,13:45:56,3.06,0.01,1010,309060,买盘
777,13:45:50,3.05,--,100,30500,卖盘
778,13:45:46,3.05,--,16,4880,卖盘
779,13:45:41,3.05,-0.01,494,150670,卖盘
780,13:45:35,3.06,0.01,802,245412,买盘
781,13:45:31,3.05,-0.01,12,3660,卖盘
782,13:45:26,3.06,0.01,66,20196,买盘
783,13:45:20,3.05,-0.01,84,25620,卖盘
784,13:45:16,3.06,--,3,918,买盘
785,13:45:11,3.06,0.01,578,176868,买盘
786,13:45:05,3.05,--,118,35990,卖盘
787,13:44:56,3.05,--,90,27450,卖盘
788,13:44:50,3.05,--,48,14640,卖盘
789,13:44:35,3.05,--,117,35685,卖盘
790,13:44:26,3.05,--,1,305,卖盘
791,13:44:20,3.05,-0.01,98,29890,卖盘
792,13:44:15,3.06,--,192,58752,买盘
793,13:44:10,3.06,0.01,185,56610,买盘
794,13:44:05,3.05,--,118,35990,卖盘
795,13:44:01,3.05,-0.01,730,222650,卖盘
796,13:43:56,3.06,0.01,50,15300,买盘
797,13:43:50,3.05,-0.01,82,25010,卖盘
798,13:43:46,3.06,--,1,306,买盘
799,13:43:35,3.06,0.01,1324,405144,买盘
800,13:43:31,3.05,--,100,30500,卖盘
801,13:43:25,3.05,--,98,29890,卖盘
802,13:43:20,3.05,--,387,118035,卖盘
803,13:43:16,3.05,-0.01,85,25925,卖盘
804,13:43:10,3.06,0.01,15,4590,买盘
805,13:43:05,3.05,--,135,41175,卖盘
806,13:42:55,3.05,--,1610,491050,卖盘
807,13:42:50,3.05,-0.01,47,14335,卖盘
808,13:42:44,3.06,0.01,1,306,买盘
809,13:42:35,3.05,-0.01,292,89060,卖盘
810,13:42:29,3.06,0.01,17,5202,买盘
811,13:42:25,3.05,-0.01,289,88145,卖盘
812,13:42:20,3.06,0.01,36,11016,买盘
813,13:42:10,3.05,--,162,49410,卖盘
814,13:42:05,3.05,-0.01,167,50935,卖盘
815,13:41:59,3.06,0.01,127,38862,买盘
816,13:41:50,3.05,--,123,37515,卖盘
817,13:41:35,3.05,-0.01,133,40565,卖盘
818,13:41:29,3.06,0.01,5,1530,买盘
819,13:41:25,3.05,--,450,137250,卖盘
820,13:41:20,3.05,--,130,39650,卖盘
821,13:41:14,3.05,--,179,54595,卖盘
822,13:41:05,3.05,--,517,157685,卖盘
823,13:40:59,3.05,--,2,610,卖盘
824,13:40:50,3.05,--,47,14335,卖盘
825,13:40:44,3.05,--,201,61305,卖盘
826,13:40:35,3.05,--,117,35685,卖盘
827,13:40:20,3.05,-0.01,243,74115,卖盘
828,13:40:14,3.06,0.01,171,52326,买盘
829,13:40:05,3.05,--,318,96990,卖盘
830,13:39:59,3.05,--,68,20740,卖盘
831,13:39:50,3.05,--,653,199165,卖盘
832,13:39:44,3.05,--,63,19215,卖盘
833,13:39:35,3.05,-0.01,117,35685,卖盘
834,13:39:29,3.06,--,933,285498,买盘
835,13:39:20,3.06,0.01,1,306,买盘
836,13:39:09,3.05,-0.01,8,2440,卖盘
837,13:39:05,3.06,0.01,539,164934,买盘
838,13:38:59,3.05,--,80,24400,卖盘
839,13:38:55,3.05,--,1287,392602,卖盘
840,13:38:49,3.05,-0.01,47,14335,卖盘
841,13:38:40,3.06,0.01,2,612,买盘
842,13:38:34,3.05,-0.01,3140,957700,卖盘
843,13:38:20,3.06,0.01,195,59670,买盘
844,13:38:14,3.05,--,35,10675,卖盘
845,13:38:09,3.05,--,171,52155,卖盘
846,13:38:04,3.05,--,118,35990,卖盘
847,13:37:59,3.05,--,1110,338754,卖盘
848,13:37:55,3.05,--,65,19898,卖盘
849,13:37:44,3.05,--,3,915,卖盘
850,13:37:40,3.05,--,2176,663680,卖盘
851,13:37:34,3.05,--,117,35685,卖盘
852,13:37:29,3.05,--,87,26535,卖盘
853,13:37:25,3.05,-0.01,10,3050,卖盘
854,13:37:19,3.06,0.01,107,32742,买盘
855,13:37:14,3.05,--,93,28365,卖盘
856,13:37:10,3.05,--,163,49715,卖盘
857,13:37:04,3.05,--,180,54900,卖盘
858,13:36:59,3.05,--,945,288496,卖盘
859,13:36:54,3.05,-0.01,47,14335,卖盘
860,13:36:44,3.06,0.01,1,306,买盘
861,13:36:39,3.05,--,67,20435,卖盘
862,13:36:34,3.05,-0.01,117,35685,卖盘
863,13:36:29,3.06,0.01,327,100062,买盘
864,13:36:23,3.05,--,1000,305000,卖盘
865,13:36:19,3.05,-0.01,52,15859,卖盘
866,13:36:14,3.06,--,41,12546,买盘
867,13:36:08,3.06,0.01,368,112608,买盘
868,13:36:04,3.05,--,118,35990,卖盘
869,13:35:59,3.05,--,918,280267,卖盘
870,13:35:53,3.05,--,48,14640,卖盘
871,13:35:49,3.05,--,70,21350,卖盘
872,13:35:38,3.05,--,177,53985,卖盘
873,13:35:34,3.05,--,117,35685,卖盘
874,13:35:29,3.05,-0.01,10,3050,卖盘
875,13:35:23,3.06,0.01,89,27234,买盘
876,13:35:19,3.05,-0.01,5,1525,卖盘
877,13:35:14,3.06,0.01,9,2754,买盘
878,13:35:08,3.05,--,69,21045,卖盘
879,13:35:04,3.05,--,695,212072,卖盘
880,13:34:59,3.05,--,433,132238,卖盘
881,13:34:53,3.05,-0.01,47,14335,卖盘
882,13:34:44,3.06,0.01,2,612,买盘
883,13:34:38,3.05,--,46,14030,卖盘
884,13:34:34,3.05,--,117,35685,卖盘
885,13:34:29,3.05,-0.01,331,100955,卖盘
886,13:34:23,3.06,--,82,25092,买盘
887,13:34:19,3.06,--,42,12852,买盘
888,13:34:14,3.06,0.01,1,306,买盘
889,13:34:08,3.05,-0.01,86,26230,卖盘
890,13:34:04,3.06,--,1034,316676,买盘
891,13:33:59,3.06,--,21,6426,买盘
892,13:33:53,3.06,--,128,39168,买盘
893,13:33:38,3.06,0.01,42,12852,买盘
894,13:33:34,3.05,--,117,35685,卖盘
895,13:33:29,3.05,--,326,99430,卖盘
896,13:33:23,3.05,--,87,26535,卖盘
897,13:33:19,3.05,--,176,53680,卖盘
898,13:33:14,3.05,--,90,27450,卖盘
899,13:33:08,3.05,--,538,164276,卖盘
900,13:33:04,3.05,--,645,196810,卖盘
901,13:32:59,3.05,--,563,171715,卖盘
902,13:32:53,3.05,--,47,14335,卖盘
903,13:32:49,3.05,-0.01,196,59780,卖盘
904,13:32:44,3.06,--,20,6120,买盘
905,13:32:38,3.06,0.01,1,306,买盘
906,13:32:34,3.05,--,117,35685,卖盘
907,13:32:29,3.05,-0.01,104,31719,卖盘
908,13:32:23,3.06,--,48,14688,买盘
909,13:32:19,3.06,0.01,46,14076,买盘
910,13:32:08,3.05,--,980,299174,卖盘
911,13:32:04,3.05,--,118,35990,卖盘
912,13:31:59,3.05,-0.01,70,21350,卖盘
913,13:31:53,3.06,0.01,49,14994,买盘
914,13:31:49,3.05,-0.01,87,26535,卖盘
915,13:31:44,3.06,0.01,114,34884,买盘
916,13:31:34,3.05,-0.01,117,35685,卖盘
917,13:31:29,3.06,0.01,99,30294,买盘
918,13:31:23,3.05,-0.01,67,20435,卖盘
919,13:31:19,3.06,0.01,1,306,买盘
920,13:31:08,3.05,--,2539,774666,卖盘
921,13:31:04,3.05,-0.01,118,35990,卖盘
922,13:30:58,3.06,0.01,60,18360,买盘
923,13:30:53,3.05,-0.01,150,45750,卖盘
924,13:30:38,3.06,0.01,116,35496,买盘
925,13:30:33,3.05,--,117,35685,卖盘
926,13:30:28,3.05,-0.01,92,28060,卖盘
927,13:30:23,3.06,0.01,50,15300,买盘
928,13:30:18,3.05,--,10,3050,卖盘
929,13:30:08,3.05,--,1000,305274,卖盘
930,13:30:03,3.05,--,118,35990,卖盘
931,13:29:53,3.05,--,133,40565,卖盘
932,13:29:43,3.05,--,102,31110,卖盘
933,13:29:32,3.05,--,185,56425,卖盘
934,13:29:13,3.05,--,915,279355,卖盘
935,13:29:08,3.05,--,64,19520,卖盘
936,13:29:02,3.05,--,120,36600,卖盘
937,13:28:58,3.05,-0.01,118,35990,卖盘
938,13:28:53,3.06,0.01,48,14688,买盘
939,13:28:43,3.05,--,108,32940,卖盘
940,13:28:38,3.05,-0.01,1,305,卖盘
941,13:28:32,3.06,--,174,53244,买盘
942,13:28:23,3.06,0.01,10,3060,买盘
943,13:28:17,3.05,--,120,36600,卖盘
944,13:28:13,3.05,--,915,279343,卖盘
945,13:28:08,3.05,-0.01,82,25010,卖盘
946,13:28:02,3.06,--,136,41616,买盘
947,13:27:53,3.06,0.01,65,19890,买盘
948,13:27:38,3.05,-0.01,92,28060,卖盘
949,13:27:32,3.06,--,284,86904,买盘
950,13:27:23,3.06,--,90,27540,买盘
951,13:27:17,3.06,0.01,918,281183,买盘
952,13:27:08,3.05,--,68,20740,卖盘
953,13:27:02,3.05,--,117,35685,卖盘
954,13:26:58,3.05,--,1,305,卖盘
955,13:26:53,3.05,-0.01,47,14335,卖盘
956,13:26:47,3.06,0.01,721,220626,买盘
957,13:26:38,3.05,--,82,25010,卖盘
958,13:26:32,3.05,--,207,63134,卖盘
959,13:26:28,3.05,--,94,28670,卖盘
960,13:26:23,3.05,--,69,21045,卖盘
961,13:26:17,3.05,-0.01,915,279349,卖盘
962,13:26:08,3.06,0.01,68,20808,买盘
963,13:26:02,3.05,--,182,55510,卖盘
964,13:25:53,3.05,--,225,68625,卖盘
965,13:25:32,3.05,--,197,60085,卖盘
966,13:25:23,3.05,--,71,21655,卖盘
967,13:25:17,3.05,-0.01,996,304054,卖盘
968,13:25:08,3.06,0.01,1,306,买盘
969,13:25:02,3.05,--,217,66185,卖盘
970,13:24:58,3.05,--,4,1220,卖盘
971,13:24:53,3.05,--,67,20435,卖盘
972,13:24:38,3.05,--,73,22265,卖盘
973,13:24:32,3.05,--,117,35685,卖盘
974,13:24:27,3.05,-0.01,87,26535,卖盘
975,13:24:23,3.06,--,917,280871,买盘
976,13:24:17,3.06,0.01,15,4590,买盘
977,13:24:13,3.05,--,83,25315,卖盘
978,13:24:02,3.05,--,118,35990,卖盘
979,13:23:52,3.05,--,48,14640,卖盘
980,13:23:47,3.05,--,177,53985,卖盘
981,13:23:43,3.05,--,95,28975,卖盘
982,13:23:32,3.05,--,348,106140,卖盘
983,13:23:27,3.05,--,955,291555,卖盘
984,13:23:23,3.05,-0.01,1,305,卖盘
985,13:23:07,3.06,0.01,5,1530,买盘
986,13:23:02,3.05,--,184,56120,卖盘
987,13:22:57,3.05,--,70,21350,卖盘
988,13:22:52,3.05,-0.01,48,14640,卖盘
989,13:22:37,3.06,0.01,67,20502,买盘
990,13:22:32,3.05,--,185,56425,卖盘
991,13:22:27,3.05,-0.01,1136,346751,卖盘
992,13:22:17,3.06,0.01,34,10404,买盘
993,13:22:11,3.05,-0.01,174,53070,卖盘
994,13:22:02,3.06,0.01,451,138006,买盘
995,13:21:52,3.05,--,47,14335,卖盘
996,13:21:41,3.05,-0.01,89,27145,卖盘
997,13:21:37,3.06,0.01,2,612,买盘
998,13:21:32,3.05,--,117,35685,卖盘
999,13:21:26,3.05,--,1013,309242,卖盘
1000,13:21:17,3.05,--,121,37075,卖盘
1001,13:21:02,3.05,--,118,35990,卖盘
1002,13:20:56,3.05,--,232,70760,卖盘
1003,13:20:52,3.05,--,93,28365,卖盘
1004,13:20:47,3.05,-0.01,215,65575,卖盘
1005,13:20:41,3.06,0.01,718,219708,买盘
1006,13:20:37,3.05,--,200,61000,卖盘
1007,13:20:32,3.05,--,140,42700,卖盘
1008,13:20:26,3.05,-0.01,1030,314421,卖盘
1009,13:20:22,3.06,0.01,1,306,买盘
1010,13:20:17,3.05,--,194,59340,卖盘
1011,13:20:11,3.05,-0.01,6,1830,卖盘
1012,13:20:07,3.06,0.01,10,3060,买盘
1013,13:20:02,3.05,-0.01,129,39345,卖盘
1014,13:19:56,3.06,0.01,2,612,买盘
1015,13:19:52,3.05,-0.01,124,37820,卖盘
1016,13:19:41,3.06,--,11,3366,买盘
1017,13:19:37,3.06,0.01,171,52326,买盘
1018,13:19:32,3.05,--,543,165758,卖盘
1019,13:19:26,3.05,--,561,171236,卖盘
1020,13:19:17,3.05,--,249,76118,卖盘
1021,13:19:11,3.05,-0.01,3,915,卖盘
1022,13:19:06,3.06,0.01,727,222462,买盘
1023,13:19:02,3.05,--,191,58255,卖盘
1024,13:18:52,3.05,-0.01,48,14640,卖盘
1025,13:18:47,3.06,0.01,8,2448,买盘
1026,13:18:41,3.05,-0.01,1,305,卖盘
1027,13:18:37,3.06,0.01,8,2448,买盘
1028,13:18:32,3.05,--,1032,315031,卖盘
1029,13:18:26,3.05,--,200,61000,卖盘
1030,13:18:22,3.05,--,197,60085,卖盘
1031,13:18:17,3.05,-0.01,187,57205,卖盘
1032,13:18:07,3.06,0.01,8,2448,买盘
1033,13:18:02,3.05,--,121,36905,卖盘
1034,13:17:56,3.05,--,314,95770,卖盘
1035,13:17:52,3.05,--,47,14335,卖盘
1036,13:17:41,3.05,-0.01,83,25315,卖盘
1037,13:17:37,3.06,0.01,8,2448,买盘
1038,13:17:31,3.05,-0.01,1032,315031,卖盘
1039,13:17:26,3.06,0.01,10,3060,买盘
1040,13:17:16,3.05,--,71,21825,卖盘
1041,13:17:11,3.05,-0.01,51,15555,卖盘
1042,13:17:07,3.06,0.01,88,26928,买盘
1043,13:17:01,3.05,-0.01,118,35990,卖盘
1044,13:16:56,3.06,0.01,1,306,买盘
1045,13:16:51,3.05,--,48,14640,卖盘
1046,13:16:47,3.05,-0.01,69,21045,卖盘
1047,13:16:37,3.06,0.01,1040,318518,买盘
1048,13:16:31,3.05,-0.01,81,24705,卖盘
1049,13:16:16,3.06,0.01,90,27540,买盘
1050,13:16:11,3.05,-0.01,190,57950,卖盘
1051,13:16:06,3.06,0.01,129,39474,买盘
1052,13:15:51,3.05,--,114,34770,卖盘
1053,13:15:35,3.05,--,1041,317779,卖盘
1054,13:15:26,3.05,--,80,24400,卖盘
1055,13:15:21,3.05,-0.01,77,23485,卖盘
1056,13:15:05,3.06,0.01,126,38556,买盘
1057,13:14:56,3.05,--,95,28975,卖盘
1058,13:14:50,3.05,--,59,17995,卖盘
1059,13:14:41,3.05,--,254,77768,卖盘
1060,13:14:35,3.05,--,785,239702,卖盘
1061,13:14:20,3.05,--,1,305,卖盘
1062,13:14:11,3.05,-0.01,125,38125,卖盘
1063,13:14:05,3.06,0.01,125,38250,买盘
1064,13:13:50,3.05,--,47,14335,卖盘
1065,13:13:41,3.05,-0.01,1003,306186,卖盘
1066,13:13:35,3.06,--,333,101898,买盘
1067,13:13:26,3.06,0.01,1,306,买盘
1068,13:13:20,3.05,-0.01,65,19825,卖盘
1069,13:13:16,3.06,--,10,3060,买盘
1070,13:13:05,3.06,0.01,126,38556,买盘
1071,13:12:56,3.05,--,68,20740,卖盘
1072,13:12:50,3.05,--,48,14640,卖盘
1073,13:12:41,3.05,-0.01,915,279352,卖盘
1074,13:12:35,3.06,--,125,38250,买盘
1075,13:12:26,3.06,--,185,56610,买盘
1076,13:12:20,3.06,0.01,49,14994,买盘
1077,13:12:11,3.05,-0.01,168,51240,卖盘
1078,13:12:05,3.06,0.01,125,38250,买盘
1079,13:12:01,3.05,--,195,59475,卖盘
1080,13:11:50,3.05,--,210,64049,卖盘
1081,13:11:41,3.05,-0.01,915,279346,卖盘
1082,13:11:35,3.06,0.01,125,38250,买盘
1083,13:11:26,3.05,-0.01,106,32329,卖盘
1084,13:11:20,3.06,0.01,3,918,买盘
1085,13:11:11,3.05,-0.01,5,1525,卖盘
1086,13:11:05,3.06,0.01,126,38556,买盘
1087,13:10:56,3.05,--,194,59170,卖盘
1088,13:10:50,3.05,-0.01,138,42090,卖盘
1089,13:10:45,3.06,0.01,407,124728,买盘
1090,13:10:41,3.05,-0.01,512,156245,卖盘
1091,13:10:35,3.06,0.01,126,38556,买盘
1092,13:10:26,3.05,-0.01,165,50325,卖盘
1093,13:10:20,3.06,--,2,612,买盘
1094,13:10:11,3.06,--,5,1530,买盘
1095,13:10:05,3.06,0.01,125,38250,买盘
1096,13:10:00,3.05,--,73,22265,卖盘
1097,13:09:56,3.05,--,3,915,卖盘
1098,13:09:50,3.05,--,171,52155,卖盘
1099,13:09:45,3.05,-0.01,1047,319612,卖盘
1100,13:09:35,3.06,--,188,57528,买盘
1101,13:09:20,3.06,0.01,21,6426,买盘
1102,13:09:15,3.05,--,102,31110,卖盘
1103,13:09:10,3.05,-0.01,2,610,卖盘
1104,13:09:05,3.06,--,126,38556,买盘
1105,13:09:00,3.06,0.01,2,612,买盘
1106,13:08:55,3.05,--,55,16775,卖盘
1107,13:08:50,3.05,--,453,138351,卖盘
1108,13:08:45,3.05,-0.01,620,189188,卖盘
1109,13:08:35,3.06,0.01,175,53550,买盘
1110,13:08:30,3.05,--,960,292800,卖盘
1111,13:08:25,3.05,--,226,68930,卖盘
1112,13:08:20,3.05,--,226,68930,卖盘
1113,13:08:15,3.05,-0.01,550,167750,卖盘
1114,13:08:05,3.06,0.01,211,64566,买盘
1115,13:07:55,3.05,--,3,915,卖盘
1116,13:07:50,3.05,--,1188,362611,卖盘
1117,13:07:44,3.05,-0.01,317,96685,卖盘
1118,13:07:35,3.06,0.01,125,38250,买盘
1119,13:07:29,3.05,-0.01,143,43615,卖盘
1120,13:07:25,3.06,0.01,67,20502,买盘
1121,13:07:20,3.05,--,205,62524,卖盘
1122,13:07:14,3.05,-0.01,68,20740,卖盘
1123,13:07:05,3.06,0.01,126,38556,买盘
1124,13:06:59,3.05,--,1,305,卖盘
1125,13:06:50,3.05,--,965,294599,卖盘
1126,13:06:44,3.05,-0.01,10,3050,卖盘
1127,13:06:35,3.06,--,225,68850,买盘
1128,13:06:20,3.06,0.01,5,1530,买盘
1129,13:06:05,3.05,--,214,65269,卖盘
1130,13:05:59,3.05,--,159,48495,卖盘
1131,13:05:55,3.05,--,404,123406,卖盘
1132,13:05:50,3.05,--,1558,475275,卖盘
1133,13:05:44,3.05,-0.01,65,19825,卖盘
1134,13:05:35,3.06,0.01,125,38250,买盘
1135,13:05:20,3.05,--,16,4880,卖盘
1136,13:05:10,3.05,-0.01,87,26535,卖盘
1137,13:05:05,3.06,--,125,38250,买盘
1138,13:04:59,3.06,0.01,1,306,买盘
1139,13:04:55,3.05,--,915,279352,卖盘
1140,13:04:50,3.05,-0.01,54,16470,卖盘
1141,13:04:44,3.06,0.01,6,1836,买盘
1142,13:04:35,3.05,--,97,29585,卖盘
1143,13:04:29,3.05,-0.01,3,915,卖盘
1144,13:04:20,3.06,0.01,6,1836,买盘
1145,13:04:14,3.05,--,1,305,卖盘
1146,13:04:04,3.05,--,308,93940,卖盘
1147,13:03:59,3.05,--,915,279346,卖盘
1148,13:03:50,3.05,--,58,17690,卖盘
1149,13:03:44,3.05,-0.01,71,21655,卖盘
1150,13:03:39,3.06,0.01,50,15300,买盘
1151,13:03:35,3.05,-0.01,78,23790,卖盘
1152,13:03:29,3.06,0.01,20,6120,买盘
1153,13:03:14,3.05,-0.01,84,25620,卖盘
1154,13:03:05,3.06,0.01,8,2448,买盘
1155,13:02:59,3.05,-0.01,915,279346,卖盘
1156,13:02:54,3.06,0.01,27,8262,买盘
1157,13:02:49,3.05,--,47,14335,卖盘
1158,13:02:44,3.05,-0.01,71,21655,卖盘
1159,13:02:39,3.06,0.01,8,2448,买盘
1160,13:02:34,3.05,--,171,52155,卖盘
1161,13:02:24,3.05,--,52,15859,卖盘
1162,13:02:09,3.05,--,528,161040,卖盘
1163,13:01:59,3.05,--,915,279352,卖盘
1164,13:01:54,3.05,--,347,105835,卖盘
1165,13:01:44,3.05,-0.01,201,61305,卖盘
1166,13:01:39,3.06,--,8,2448,买盘
1167,13:01:29,3.06,0.01,26,7956,买盘
1168,13:01:19,3.05,--,119,36295,卖盘
1169,13:01:14,3.05,-0.01,87,26535,卖盘
1170,13:01:09,3.06,0.01,108,33048,买盘
1171,13:00:59,3.05,-0.01,333,101565,卖盘
1172,13:00:39,3.06,0.01,8,2448,买盘
1173,13:00:09,3.05,--,1352,412360,卖盘
1174,13:00:04,3.05,--,1384,422272,卖盘
1175,11:30:00,3.05,--,0,0,卖盘
1176,11:29:59,3.05,--,511,155940,卖盘
1177,11:29:55,3.05,--,260,79300,卖盘
1178,11:29:50,3.05,--,49,14945,卖盘
1179,11:29:35,3.05,--,17,5185,卖盘
1180,11:29:20,3.05,--,9,2745,卖盘
1181,11:29:10,3.05,--,192,58807,卖盘
1182,11:29:05,3.05,-0.01,723,220542,卖盘
1183,11:28:55,3.06,0.01,337,103122,买盘
1184,11:28:50,3.05,--,47,14335,卖盘
1185,11:28:40,3.05,--,11,3355,卖盘
1186,11:28:24,3.05,-0.01,25,7625,卖盘
1187,11:28:15,3.06,0.01,186,56916,买盘
1188,11:28:10,3.05,--,837,255336,卖盘
1189,11:28:05,3.05,-0.01,78,24012,卖盘
1190,11:28:00,3.06,0.01,1,306,买盘
1191,11:27:50,3.05,-0.01,48,14640,卖盘
1192,11:27:35,3.06,--,100,30600,买盘
1193,11:27:20,3.06,0.01,2,612,买盘
1194,11:27:09,3.05,--,659,201174,卖盘
1195,11:27:05,3.05,--,256,78171,卖盘
1196,11:27:00,3.05,-0.01,409,124745,卖盘
1197,11:26:54,3.06,0.01,30,9180,买盘
1198,11:26:50,3.05,--,47,14335,卖盘
1199,11:26:45,3.05,-0.01,175,53375,卖盘
1200,11:26:35,3.06,0.01,1,306,买盘
1201,11:26:30,3.05,-0.01,7,2135,卖盘
1202,11:26:24,3.06,--,1,306,买盘
1203,11:26:20,3.06,0.01,1,306,买盘
1204,11:26:09,3.05,-0.01,950,290027,卖盘
1205,11:26:00,3.06,0.01,1,306,买盘
1206,11:25:50,3.05,--,50,15250,卖盘
1207,11:25:35,3.05,-0.01,1905,581025,卖盘
1208,11:25:20,3.06,0.01,1,306,买盘
1209,11:25:15,3.05,-0.01,915,279346,卖盘
1210,11:25:09,3.06,0.01,40,12240,买盘
1211,11:24:54,3.05,--,478,145790,卖盘
1212,11:24:49,3.05,-0.01,47,14335,卖盘
1213,11:24:30,3.06,0.01,1,306,买盘
1214,11:24:14,3.05,--,916,279654,卖盘
1215,11:24:05,3.05,--,29,8845,卖盘
1216,11:23:50,3.05,--,48,14640,卖盘
1217,11:23:39,3.05,-0.01,7,2135,卖盘
1218,11:23:34,3.06,0.01,20,6120,买盘
1219,11:23:19,3.05,--,414,126456,卖盘
1220,11:23:14,3.05,--,511,155943,卖盘
1221,11:23:04,3.05,--,26,7929,卖盘
1222,11:22:59,3.05,--,16,4880,卖盘
1223,11:22:49,3.05,-0.01,47,14335,卖盘
1224,11:22:44,3.06,0.01,1,306,买盘
1225,11:22:29,3.05,--,26,7929,卖盘
1226,11:22:19,3.05,--,738,225187,卖盘
1227,11:22:14,3.05,-0.01,177,54158,卖盘
1228,11:22:04,3.06,--,2,612,买盘
1229,11:21:59,3.06,0.01,185,56610,买盘
1230,11:21:54,3.05,--,15,4575,卖盘
1231,11:21:49,3.05,-0.01,66,20130,卖盘
1232,11:21:39,3.06,0.01,5,1530,买盘
1233,11:21:29,3.05,--,11,3355,卖盘
1234,11:21:24,3.05,-0.01,42,12810,卖盘
1235,11:21:19,3.06,0.01,926,283631,买盘
1236,11:21:14,3.05,--,25,7625,卖盘
1237,11:21:04,3.05,-0.01,1,305,卖盘
1238,11:20:49,3.06,0.01,300,91800,买盘
1239,11:20:44,3.05,-0.01,20,6100,卖盘
1240,11:20:29,3.06,0.01,70,21420,买盘
1241,11:20:18,3.05,-0.01,915,279352,卖盘
1242,11:20:09,3.06,--,1,306,买盘
1243,11:20:03,3.06,0.01,2,612,买盘
1244,11:19:54,3.05,--,48,14640,卖盘
1245,11:19:24,3.05,-0.01,915,279346,卖盘
1246,11:19:14,3.06,0.01,10,3060,买盘
1247,11:18:54,3.05,--,47,14335,卖盘
1248,11:18:39,3.05,--,20,6100,卖盘
1249,11:18:24,3.05,-0.01,1333,406836,卖盘
1250,11:18:14,3.06,--,185,56610,买盘
1251,11:17:59,3.06,0.01,185,56610,买盘
1252,11:17:54,3.05,--,48,14640,卖盘
1253,11:17:44,3.05,--,190,57950,卖盘
1254,11:17:29,3.05,--,198,60609,卖盘
1255,11:17:24,3.05,--,742,226364,卖盘
1256,11:17:18,3.05,--,146,44530,卖盘
1257,11:17:13,3.05,--,1,305,卖盘
1258,11:16:54,3.05,-0.01,47,14335,卖盘
1259,11:16:38,3.06,0.01,76,23256,买盘
1260,11:16:28,3.05,--,915,279343,卖盘
1261,11:16:23,3.05,-0.01,228,69540,卖盘
1262,11:16:18,3.06,--,1,306,买盘
1263,11:15:58,3.06,0.01,11,3366,买盘
1264,11:15:53,3.05,-0.01,49,14945,卖盘
1265,11:15:48,3.06,0.01,7,2142,买盘
1266,11:15:38,3.05,--,27,8235,卖盘
1267,11:15:28,3.05,--,1141,348282,卖盘
1268,11:15:13,3.05,--,5,1525,卖盘
1269,11:15:08,3.05,--,328,100040,卖盘
1270,11:14:58,3.05,--,3,915,卖盘
1271,11:14:53,3.05,--,57,17385,卖盘
1272,11:14:43,3.05,-0.01,25,7625,卖盘
1273,11:14:38,3.06,0.01,7,2142,买盘
1274,11:14:32,3.05,--,404,123406,卖盘
1275,11:14:28,3.05,-0.01,952,290448,卖盘
1276,11:14:23,3.06,--,588,179928,买盘
1277,11:13:58,3.06,0.01,900,275400,买盘
1278,11:13:53,3.05,-0.01,140,42700,卖盘
1279,11:13:43,3.06,--,1001,306306,买盘
1280,11:13:33,3.06,--,964,295259,买盘
1281,11:13:28,3.06,--,36,11016,买盘
1282,11:13:18,3.06,--,3,918,买盘
1283,11:13:13,3.06,0.01,1,306,买盘
1284,11:13:03,3.05,--,62,18910,卖盘
1285,11:12:53,3.05,--,75,22875,卖盘
1286,11:12:43,3.05,-0.01,108,32940,卖盘
1287,11:12:38,3.06,0.01,130,39780,买盘
1288,11:12:33,3.05,--,919,280566,卖盘
1289,11:12:23,3.05,--,50,15250,卖盘
1290,11:12:03,3.05,-0.01,92,28060,卖盘
1291,11:11:57,3.06,0.01,26,7956,买盘
1292,11:11:53,3.05,--,47,14335,卖盘
1293,11:11:38,3.05,-0.01,915,279349,卖盘
1294,11:11:33,3.06,--,220,67320,买盘
1295,11:11:23,3.06,0.01,128,39168,买盘
1296,11:11:08,3.05,--,100,30500,卖盘
1297,11:11:03,3.05,-0.01,76,23180,卖盘
1298,11:10:57,3.06,--,2,612,买盘
1299,11:10:53,3.06,--,49,14994,买盘
1300,11:10:38,3.06,0.01,4,1224,买盘
1301,11:10:33,3.05,--,124,37820,卖盘
1302,11:10:27,3.05,--,11,3355,卖盘
1303,11:10:23,3.05,-0.01,796,243060,卖盘
1304,11:10:18,3.06,0.01,15,4590,买盘
1305,11:10:08,3.05,--,25,7625,卖盘
1306,11:09:53,3.05,--,49,14945,卖盘
1307,11:09:48,3.05,-0.01,126,38430,卖盘
1308,11:09:38,3.06,0.01,50,15300,买盘
1309,11:09:22,3.05,-0.01,797,243362,卖盘
1310,11:09:12,3.06,--,15,4590,买盘
1311,11:09:08,3.06,0.01,3,918,买盘
1312,11:09:02,3.05,-0.01,350,106750,卖盘
1313,11:08:57,3.06,--,2,612,买盘
1314,11:08:53,3.06,0.01,50,15300,买盘
1315,11:08:47,3.05,-0.01,226,68930,卖盘
1316,11:08:42,3.06,0.01,3,918,买盘
1317,11:08:22,3.05,--,796,243060,卖盘
1318,11:08:12,3.05,--,26,7929,卖盘
1319,11:08:07,3.05,--,145,44225,卖盘
1320,11:07:52,3.05,-0.01,738,225090,卖盘
1321,11:07:32,3.06,--,5,1530,买盘
1322,11:07:27,3.06,0.01,25,7760,买盘
1323,11:07:22,3.05,--,793,242032,卖盘
1324,11:07:17,3.05,--,25,7625,卖盘
1325,11:07:07,3.05,--,128,39040,卖盘
1326,11:06:52,3.05,--,48,14640,卖盘
1327,11:06:37,3.05,-0.01,294,89670,卖盘
1328,11:06:32,3.06,0.01,755,231033,买盘
1329,11:06:27,3.05,-0.01,573,175042,卖盘
1330,11:06:22,3.06,--,133,40698,买盘
1331,11:06:17,3.06,--,1,306,买盘
1332,11:06:12,3.06,0.01,11,3366,买盘
1333,11:06:07,3.05,-0.01,36,10980,卖盘
1334,11:06:02,3.06,0.01,1,306,买盘
1335,11:05:52,3.05,-0.01,47,14335,卖盘
1336,11:05:37,3.06,0.01,3,918,买盘
1337,11:05:32,3.05,--,1084,330903,卖盘
1338,11:05:27,3.05,-0.01,147,44835,卖盘
1339,11:05:22,3.06,--,532,162792,买盘
1340,11:04:57,3.06,0.01,1,306,买盘
1341,11:04:52,3.05,--,149,45445,卖盘
1342,11:04:37,3.05,--,130,39650,卖盘
1343,11:04:32,3.05,--,822,250990,卖盘
1344,11:04:17,3.05,--,1,305,卖盘
1345,11:03:57,3.05,--,5,1525,卖盘
1346,11:03:51,3.05,--,47,14335,卖盘
1347,11:03:47,3.05,-0.01,140,42700,卖盘
1348,11:03:36,3.06,0.01,1,306,买盘
1349,11:03:31,3.05,--,821,250685,卖盘
1350,11:03:21,3.05,--,10,3050,卖盘
1351,11:03:16,3.05,-0.01,33,10065,卖盘
1352,11:03:12,3.06,--,88,26928,买盘
1353,11:03:01,3.06,0.01,51,15606,买盘
1354,11:02:51,3.05,--,188,57340,卖盘
1355,11:02:42,3.05,-0.01,25,7625,卖盘
1356,11:02:36,3.06,0.01,86,26316,买盘
1357,11:02:31,3.05,--,882,269287,卖盘
1358,11:02:26,3.05,-0.01,21,6405,卖盘
1359,11:02:16,3.06,--,1,306,买盘
1360,11:02:12,3.06,--,1,306,买盘
1361,11:02:01,3.06,0.01,171,52326,买盘
1362,11:01:56,3.05,--,142,43310,卖盘
1363,11:01:51,3.05,--,47,14335,卖盘
1364,11:01:41,3.05,--,99,30195,卖盘
1365,11:01:36,3.05,--,796,243057,卖盘
1366,11:01:31,3.05,-0.01,992,302560,卖盘
1367,11:01:26,3.06,--,2,612,买盘
1368,11:01:16,3.06,--,1,306,买盘
1369,11:01:06,3.06,0.01,532,162792,买盘
1370,11:01:01,3.05,--,140,42700,卖盘
1371,11:00:56,3.05,--,588,179340,卖盘
1372,11:00:51,3.05,--,48,14640,卖盘
1373,11:00:46,3.05,--,35,10675,卖盘
1374,11:00:41,3.05,--,796,243057,卖盘
1375,11:00:31,3.05,--,295,89975,卖盘
1376,11:00:21,3.05,-0.01,294,89670,卖盘
1377,11:00:11,3.06,0.01,86,26316,买盘
1378,11:00:06,3.05,-0.01,140,42700,卖盘
1379,10:59:56,3.06,0.01,1,306,买盘
1380,10:59:51,3.05,-0.01,72,21960,卖盘
1381,10:59:46,3.06,0.01,1,306,买盘
1382,10:59:41,3.05,-0.01,811,247635,卖盘
1383,10:59:31,3.06,--,15,4590,买盘
1384,10:59:26,3.06,--,2,612,买盘
1385,10:59:21,3.06,--,31,9486,买盘
1386,10:59:16,3.06,0.01,151,46206,买盘
1387,10:59:11,3.05,--,20,6100,卖盘
1388,10:59:06,3.05,--,5,1525,卖盘
1389,10:58:56,3.05,--,25,7625,卖盘
1390,10:58:51,3.05,--,198,60390,卖盘
1391,10:58:46,3.05,--,16,4880,卖盘
1392,10:58:41,3.05,-0.01,934,285153,卖盘
1393,10:58:36,3.06,--,1,306,买盘
1394,10:58:26,3.06,--,1,306,买盘
1395,10:58:16,3.06,--,1,306,买盘
1396,10:58:11,3.06,--,5,1530,买盘
1397,10:58:01,3.06,0.01,26,7986,买盘
1398,10:57:51,3.05,--,48,14640,卖盘
1399,10:57:46,3.05,-0.01,796,243060,卖盘
1400,10:57:26,3.06,--,130,39780,买盘
1401,10:57:16,3.06,--,5,1530,买盘
1402,10:57:11,3.06,--,1,306,买盘
1403,10:57:06,3.06,--,1,306,买盘
1404,10:56:56,3.06,0.01,10,3060,买盘
1405,10:56:51,3.05,--,51,15555,卖盘
1406,10:56:46,3.05,-0.01,796,243060,卖盘
1407,10:56:41,3.06,--,90,27540,买盘
1408,10:56:26,3.06,--,8,2448,买盘
1409,10:56:21,3.06,--,90,27540,买盘
1410,10:56:06,3.06,--,10,3060,买盘
1411,10:56:00,3.06,0.01,1,306,买盘
1412,10:55:51,3.05,--,844,257700,卖盘
1413,10:55:45,3.05,-0.01,20,6100,卖盘
1414,10:55:41,3.06,--,1,306,买盘
1415,10:55:36,3.06,0.01,1,306,买盘
1416,10:55:30,3.05,-0.01,7,2135,卖盘
1417,10:55:26,3.06,0.01,191,58446,买盘
1418,10:55:21,3.05,-0.01,1,305,卖盘
1419,10:55:15,3.06,0.01,185,56610,买盘
1420,10:55:10,3.05,--,117,35685,卖盘
1421,10:55:06,3.05,--,502,153110,卖盘
1422,10:55:00,3.05,--,1,305,卖盘
1423,10:54:55,3.05,--,2,610,卖盘
1424,10:54:50,3.05,--,844,257697,卖盘
1425,10:54:45,3.05,--,3430,1046149,卖盘
1426,10:54:40,3.05,--,4,1220,卖盘
1427,10:54:36,3.05,-0.01,100,30500,卖盘
1428,10:54:30,3.06,0.01,125,38250,买盘
1429,10:54:25,3.05,-0.01,20,6100,卖盘
1430,10:54:21,3.06,--,27,8262,买盘
1431,10:54:15,3.06,--,11,3366,买盘
1432,10:54:10,3.06,--,123,37638,买盘
1433,10:53:55,3.06,0.01,124,37944,买盘
1434,10:53:50,3.05,--,944,288197,卖盘
1435,10:53:45,3.05,-0.01,226,68930,卖盘
1436,10:53:40,3.06,0.01,124,37944,买盘
1437,10:53:35,3.05,--,452,137860,卖盘
1438,10:53:25,3.05,--,40,12200,卖盘
1439,10:53:20,3.05,--,26,7929,卖盘
1440,10:53:15,3.05,--,80,24400,卖盘
1441,10:53:10,3.05,--,5,1525,卖盘
1442,10:53:05,3.05,--,37,11285,卖盘
1443,10:52:55,3.05,--,796,243057,卖盘
1444,10:52:50,3.05,--,47,14335,卖盘
1445,10:52:40,3.05,--,201,61305,卖盘
1446,10:52:35,3.05,--,50,15250,卖盘
1447,10:52:25,3.05,--,752,229360,卖盘
1448,10:52:20,3.05,--,1180,359900,卖盘
1449,10:52:00,3.05,--,4,1220,卖盘
1450,10:51:55,3.05,--,1328,405323,卖盘
1451,10:51:50,3.05,--,66,20130,卖盘
1452,10:51:40,3.05,-0.01,220,67100,卖盘
1453,10:51:35,3.06,--,165,50490,买盘
1454,10:51:30,3.06,0.01,17,5202,买盘
1455,10:51:25,3.05,-0.01,992,302560,卖盘
1456,10:51:20,3.06,--,976,298656,买盘
1457,10:51:15,3.06,--,185,56610,买盘
1458,10:51:10,3.06,--,12,3672,买盘
1459,10:51:05,3.06,0.01,123,37638,买盘
1460,10:50:55,3.05,-0.01,796,243060,卖盘
1461,10:50:50,3.06,0.01,267,81702,买盘
1462,10:50:35,3.05,--,148,45140,卖盘
1463,10:50:30,3.05,--,319,97295,卖盘
1464,10:50:25,3.05,--,65,20093,卖盘
1465,10:50:15,3.05,-0.01,10,3050,卖盘
1466,10:50:05,3.06,0.01,124,37944,买盘
1467,10:50:00,3.05,-0.01,796,243060,卖盘
1468,10:49:50,3.06,0.01,172,52632,买盘
1469,10:49:40,3.05,-0.01,3,915,卖盘
1470,10:49:35,3.06,--,1,306,买盘
1471,10:49:30,3.06,--,20,6120,买盘
1472,10:49:20,3.06,0.01,41,12546,买盘
1473,10:49:05,3.05,--,181,55205,卖盘
1474,10:49:00,3.05,--,863,263495,卖盘
1475,10:48:50,3.05,-0.01,47,14335,卖盘
1476,10:48:35,3.06,--,10,3060,买盘
1477,10:48:30,3.06,0.01,3,918,买盘
1478,10:48:24,3.05,-0.01,2,610,卖盘
1479,10:48:20,3.06,0.01,7,2142,买盘
1480,10:48:05,3.05,-0.01,796,243057,卖盘
1481,10:48:00,3.06,--,10,3060,买盘
1482,10:47:49,3.06,0.01,49,14994,买盘
1483,10:47:45,3.05,-0.01,10,3050,卖盘
1484,10:47:38,3.06,--,2,612,买盘
1485,10:47:34,3.06,0.01,2,612,买盘
1486,10:47:29,3.05,-0.01,200,61000,卖盘
1487,10:47:19,3.06,0.01,10,3060,买盘
1488,10:47:08,3.05,--,1,305,卖盘
1489,10:47:04,3.05,-0.01,796,243057,卖盘
1490,10:46:59,3.06,0.01,2,612,买盘
1491,10:46:54,3.05,--,1,305,卖盘
1492,10:46:49,3.05,--,72,21960,卖盘
1493,10:46:44,3.05,--,1,305,卖盘
1494,10:46:39,3.05,--,6,1830,卖盘
1495,10:46:34,3.05,--,4,1220,卖盘
1496,10:46:29,3.05,--,15,4575,卖盘
1497,10:46:04,3.05,--,796,243063,卖盘
1498,10:45:53,3.05,--,26,7929,卖盘
1499,10:45:49,3.05,--,53,16164,卖盘
1500,10:45:44,3.05,-0.01,153,46665,卖盘
1501,10:45:24,3.06,--,3,918,买盘
1502,10:45:19,3.06,0.01,1,306,买盘
1503,10:45:09,3.05,--,816,249160,卖盘
1504,10:44:58,3.05,--,25,7625,卖盘
1505,10:44:49,3.05,--,47,14335,卖盘
1506,10:44:43,3.05,-0.01,3,915,卖盘
1507,10:44:29,3.06,--,101,30906,买盘
1508,10:44:23,3.06,--,11,3366,买盘
1509,10:44:19,3.06,0.01,4,1224,买盘
1510,10:44:14,3.05,--,55,16848,卖盘
1511,10:44:09,3.05,-0.01,741,226212,卖盘
1512,10:44:04,3.06,--,134,41004,买盘
1513,10:43:58,3.06,0.01,1,306,买盘
1514,10:43:49,3.05,--,51,15555,卖盘
1515,10:43:43,3.05,-0.01,1,305,卖盘
1516,10:43:39,3.06,--,9,2754,买盘
1517,10:43:28,3.06,0.01,124,37944,买盘
1518,10:43:24,3.05,--,1,305,卖盘
1519,10:43:19,3.05,--,95,28975,卖盘
1520,10:43:13,3.05,--,796,243057,卖盘
1521,10:43:04,3.05,--,204,62220,卖盘
1522,10:42:54,3.05,-0.01,47,14335,卖盘
1523,10:42:49,3.06,--,3,921,买盘
1524,10:42:38,3.06,--,186,56916,买盘
1525,10:42:24,3.06,--,1,306,买盘
1526,10:42:19,3.06,--,57,17442,买盘
1527,10:42:14,3.06,0.01,798,244469,买盘
1528,10:42:08,3.05,--,29,8845,卖盘
1529,10:41:58,3.05,-0.01,15,4575,卖盘
1530,10:41:54,3.06,0.01,172,52632,买盘
1531,10:41:38,3.05,-0.01,2,610,卖盘
1532,10:41:34,3.06,--,60,18360,买盘
1533,10:41:24,3.06,0.01,4,1224,买盘
1534,10:41:13,3.05,-0.01,796,243057,卖盘
1535,10:41:08,3.06,--,1,306,买盘
1536,10:40:58,3.06,0.01,4,1224,买盘
1537,10:40:53,3.05,-0.01,47,14335,卖盘
1538,10:40:43,3.06,--,1,306,买盘
1539,10:40:38,3.06,0.01,10,3060,买盘
1540,10:40:33,3.05,--,97,29703,卖盘
1541,10:40:28,3.05,--,992,302560,卖盘
1542,10:40:19,3.05,--,834,254647,卖盘
1543,10:40:08,3.05,--,4,1220,卖盘
1544,10:39:53,3.05,--,52,15859,卖盘
1545,10:39:47,3.05,--,5,1525,卖盘
1546,10:39:38,3.05,--,564,172108,卖盘
1547,10:39:28,3.05,--,1,305,卖盘
1548,10:39:23,3.05,--,26,7929,卖盘
1549,10:39:18,3.05,--,796,243063,卖盘
1550,10:39:02,3.05,-0.01,338,103090,卖盘
1551,10:38:58,3.06,0.01,3,918,买盘
1552,10:38:52,3.05,-0.01,47,14335,卖盘
1553,10:38:43,3.06,--,433,132498,买盘
1554,10:38:37,3.06,--,1,306,买盘
1555,10:38:32,3.06,0.01,1,306,买盘
1556,10:38:28,3.05,-0.01,26,7929,卖盘
1557,10:38:22,3.06,0.01,798,244469,买盘
1558,10:38:13,3.05,-0.01,1,305,卖盘
1559,10:38:07,3.06,--,1,306,买盘
1560,10:38:02,3.06,0.01,433,132498,买盘
1561,10:37:58,3.05,--,2,610,卖盘
1562,10:37:52,3.05,--,51,15555,卖盘
1563,10:37:43,3.05,--,483,147315,卖盘
1564,10:37:32,3.05,--,25,7625,卖盘
1565,10:37:22,3.05,-0.01,797,243365,卖盘
1566,10:36:58,3.06,0.01,142,43452,买盘
1567,10:36:52,3.05,-0.01,59,17995,卖盘
1568,10:36:47,3.06,0.01,1,306,买盘
1569,10:36:43,3.05,--,542,165310,卖盘
1570,10:36:37,3.05,--,25,7625,卖盘
1571,10:36:22,3.05,--,796,243060,卖盘
1572,10:35:58,3.05,--,540,164700,卖盘
1573,10:35:52,3.05,--,48,14640,卖盘
1574,10:35:47,3.05,--,226,68930,卖盘
1575,10:35:43,3.05,--,229,69845,卖盘
1576,10:35:37,3.05,-0.01,25,7625,卖盘
1577,10:35:32,3.06,0.01,15,4590,买盘
1578,10:35:28,3.05,--,796,243060,卖盘
1579,10:35:22,3.05,-0.01,1,305,卖盘
1580,10:35:17,3.06,--,266,81396,买盘
1581,10:35:13,3.06,--,1015,310590,买盘
1582,10:35:07,3.06,--,1,306,买盘
1583,10:35:02,3.06,--,532,162792,买盘
1584,10:34:52,3.06,--,48,14688,买盘
1585,10:34:47,3.06,--,1,306,买盘
1586,10:34:33,3.06,0.01,20,6120,买盘
1587,10:34:27,3.05,--,796,243057,卖盘
1588,10:34:22,3.05,-0.01,632,192760,卖盘
1589,10:34:17,3.06,--,8,2448,买盘
1590,10:34:07,3.06,--,10,3060,买盘
1591,10:34:02,3.06,--,10,3060,买盘
1592,10:33:57,3.06,0.01,164,50184,买盘
1593,10:33:52,3.05,-0.01,49,14945,卖盘
1594,10:33:47,3.06,--,49,14994,买盘
1595,10:33:37,3.06,0.01,1,306,买盘
1596,10:33:32,3.05,--,796,243057,卖盘
1597,10:33:27,3.05,--,633,193065,卖盘
1598,10:33:12,3.05,-0.01,171,52155,卖盘
1599,10:33:07,3.06,--,15,4590,买盘
1600,10:33:02,3.06,0.01,2,612,买盘
1601,10:32:52,3.05,--,48,14640,卖盘
1602,10:32:47,3.05,-0.01,69,21045,卖盘
1603,10:32:42,3.06,--,1,306,买盘
1604,10:32:37,3.06,0.01,651,199206,买盘
1605,10:32:32,3.05,--,796,243060,卖盘
1606,10:32:27,3.05,-0.01,2,610,卖盘
1607,10:32:22,3.06,--,10,3060,买盘
1608,10:32:02,3.06,--,63,19278,买盘
1609,10:31:57,3.06,--,253,77418,买盘
1610,10:31:52,3.06,0.01,58,17748,买盘
1611,10:31:42,3.05,-0.01,859,261994,卖盘
1612,10:31:37,3.06,0.01,582,178107,买盘
1613,10:31:31,3.05,-0.01,444,135685,卖盘
1614,10:31:26,3.06,0.01,9,2754,买盘
1615,10:31:22,3.05,-0.01,202,61610,卖盘
1616,10:31:16,3.06,0.01,20,6120,买盘
1617,10:31:07,3.05,--,49,14945,卖盘
1618,10:31:01,3.05,--,26,7929,卖盘
1619,10:30:56,3.05,--,5,1525,卖盘
1620,10:30:52,3.05,--,48,14640,卖盘
1621,10:30:37,3.05,-0.01,856,261360,卖盘
1622,10:30:16,3.06,--,1958,599148,买盘
1623,10:30:11,3.06,0.01,7,2142,买盘
1624,10:30:07,3.05,-0.01,67,20435,卖盘
1625,10:30:01,3.06,0.01,179,54774,买盘
1626,10:29:52,3.05,-0.01,47,14335,卖盘
1627,10:29:46,3.06,--,262,80172,买盘
1628,10:29:41,3.06,-0.01,92,28152,卖盘
1629,10:29:31,3.07,--,0,0,买盘
1630,10:29:26,3.07,0.02,227,69689,买盘
1631,10:29:22,3.05,-0.01,394,120170,卖盘
1632,10:29:16,3.06,--,227,69462,卖盘
1633,10:29:11,3.06,--,292,89352,卖盘
1634,10:29:07,3.06,--,306,93636,卖盘
1635,10:29:01,3.06,--,1,306,卖盘
1636,10:28:56,3.06,0.01,215,65790,买盘
1637,10:28:52,3.05,-0.01,378,115290,卖盘
1638,10:28:46,3.06,--,58,17748,买盘
1639,10:28:41,3.06,--,11,3366,买盘
1640,10:28:37,3.06,--,461,141066,买盘
1641,10:28:31,3.06,--,96,29376,买盘
1642,10:28:26,3.06,0.01,11,3366,买盘
1643,10:28:22,3.05,-0.01,9,2745,卖盘
1644,10:28:16,3.06,--,2,612,买盘
1645,10:28:07,3.06,--,1,306,买盘
1646,10:28:01,3.06,0.01,784,239904,买盘
1647,10:27:56,3.05,--,227,69235,卖盘
1648,10:27:52,3.05,-0.01,47,14335,卖盘
1649,10:27:46,3.06,--,911,278766,买盘
1650,10:27:37,3.06,0.01,50,15300,中性盘
1651,10:27:31,3.05,-0.01,418,127489,卖盘
1652,10:27:26,3.06,-0.01,260,79560,卖盘
1653,10:27:22,3.07,0.02,30,9210,买盘
1654,10:27:16,3.05,-0.01,252,76860,卖盘
1655,10:27:11,3.06,0.01,1,306,买盘
1656,10:27:07,3.05,--,0,0,卖盘
1657,10:27:01,3.05,-0.02,640,195200,卖盘
1658,10:26:56,3.07,0.01,2,614,买盘
1659,10:26:52,3.06,--,48,14688,卖盘
1660,10:26:46,3.06,--,20,6120,卖盘
1661,10:26:41,3.06,--,1793,548936,卖盘
1662,10:26:31,3.06,--,186,56916,卖盘
1663,10:26:21,3.06,-0.01,25,7650,卖盘
1664,10:26:16,3.07,0.01,253,77671,买盘
1665,10:26:11,3.06,--,1,306,卖盘
1666,10:25:51,3.06,--,47,14382,卖盘
1667,10:25:46,3.06,--,738,225922,卖盘
1668,10:25:41,3.06,--,749,229377,卖盘
1669,10:25:36,3.06,-0.01,180,55080,卖盘
1670,10:25:26,3.07,--,194,59558,买盘
1671,10:25:21,3.07,--,122,37454,买盘
1672,10:25:16,3.07,--,1,307,买盘
1673,10:25:06,3.07,--,2,614,买盘
1674,10:25:01,3.07,0.01,231,70917,买盘
1675,10:24:51,3.06,0.01,48,14688,卖盘
1676,10:24:46,3.05,-0.01,816,249160,卖盘
1677,10:24:31,3.06,0.01,25,7650,中性盘
1678,10:24:25,3.05,-0.01,98,29890,卖盘
1679,10:24:21,3.06,--,3,918,买盘
1680,10:24:16,3.06,--,1,306,买盘
1681,10:24:06,3.06,-0.01,4,1224,卖盘
1682,10:24:01,3.07,0.02,122,37454,买盘
1683,10:23:55,3.05,--,168,51240,卖盘
1684,10:23:51,3.05,-0.01,47,14335,卖盘
1685,10:23:46,3.06,--,887,271703,买盘
1686,10:23:31,3.06,--,32,9792,买盘
1687,10:23:25,3.06,--,189,57834,中性盘
1688,10:23:16,3.06,0.01,154,47124,中性盘
1689,10:23:10,3.05,-0.01,1,305,卖盘
1690,10:23:01,3.06,--,106,32436,买盘
1691,10:22:55,3.06,0.01,4,1224,中性盘
1692,10:22:50,3.05,--,244,74420,卖盘
1693,10:22:46,3.05,-0.01,1164,355300,卖盘
1694,10:22:40,3.06,--,25,7650,卖盘
1695,10:22:35,3.06,--,3,918,买盘
1696,10:22:31,3.06,--,594,181764,买盘
1697,10:22:25,3.06,0.01,1,306,买盘
1698,10:22:20,3.05,-0.01,169,51545,卖盘
1699,10:22:16,3.06,0.01,285,87210,买盘
1700,10:22:10,3.05,-0.01,1,305,卖盘
1701,10:22:05,3.06,--,500,153000,买盘
1702,10:22:01,3.06,0.01,369,112914,买盘
1703,10:21:50,3.05,-0.01,844,257700,卖盘
1704,10:21:46,3.06,--,2,612,买盘
1705,10:21:31,3.06,0.01,6,1836,买盘
1706,10:21:25,3.05,-0.01,1,305,卖盘
1707,10:21:20,3.06,--,6,1836,买盘
1708,10:21:16,3.06,--,1,306,买盘
1709,10:21:10,3.06,--,463,141678,买盘
1710,10:21:05,3.06,--,10,3060,买盘
1711,10:21:01,3.06,--,214,65484,买盘
1712,10:20:55,3.06,0.01,501,153306,买盘
1713,10:20:50,3.05,--,844,257697,卖盘
1714,10:20:46,3.05,--,25,7625,卖盘
1715,10:20:40,3.05,-0.01,19,5795,卖盘
1716,10:20:35,3.06,--,100,30600,买盘
1717,10:20:31,3.06,--,52,15912,买盘
1718,10:20:20,3.06,--,9,2754,买盘
1719,10:20:10,3.06,--,30,9180,买盘
1720,10:20:05,3.06,--,1,306,买盘
1721,10:20:01,3.06,--,411,125766,买盘
1722,10:19:55,3.06,0.01,1030,315458,买盘
1723,10:19:50,3.05,-0.01,48,14640,卖盘
1724,10:19:40,3.06,--,26,7956,买盘
1725,10:19:35,3.06,--,76,23256,买盘
1726,10:19:25,3.06,--,444,135864,买盘
1727,10:19:20,3.06,--,1,306,买盘
1728,10:19:16,3.06,--,19,5814,买盘
1729,10:19:10,3.06,--,94,28764,买盘
1730,10:19:05,3.06,--,1,306,买盘
1731,10:19:00,3.06,--,399,122094,买盘
1732,10:18:55,3.06,0.01,898,275069,买盘
1733,10:18:50,3.05,-0.01,85,25925,卖盘
1734,10:18:45,3.06,--,1,306,买盘
1735,10:18:35,3.06,0.01,1,306,买盘
1736,10:18:25,3.05,-0.01,1,305,卖盘
1737,10:18:10,3.06,0.01,6,1836,买盘
1738,10:18:05,3.05,-0.01,41,12505,卖盘
1739,10:18:00,3.06,0.01,397,121482,买盘
1740,10:17:55,3.05,-0.01,799,243978,卖盘
1741,10:17:50,3.06,--,66,20196,买盘
1742,10:17:45,3.06,--,97,29682,买盘
1743,10:17:40,3.06,0.01,621,190026,买盘
1744,10:17:35,3.05,-0.01,228,69540,卖盘
1745,10:17:20,3.06,--,289,88434,买盘
1746,10:17:10,3.06,0.01,20,6120,买盘
1747,10:17:04,3.05,--,252,76860,卖盘
1748,10:16:55,3.05,--,796,243057,卖盘
1749,10:16:49,3.05,-0.01,54,16470,卖盘
1750,10:16:45,3.06,--,108,33323,买盘
1751,10:16:34,3.06,--,2,612,买盘
1752,10:16:10,3.06,--,53,16218,买盘
1753,10:16:04,3.06,0.01,980,299880,买盘
1754,10:16:00,3.05,--,796,243060,卖盘
1755,10:15:55,3.05,-0.01,873,266265,卖盘
1756,10:15:49,3.06,--,127,38862,买盘
1757,10:15:40,3.06,0.01,356,108936,买盘
1758,10:15:34,3.05,-0.01,527,160735,卖盘
1759,10:15:25,3.06,0.01,30,9180,买盘
1760,10:15:19,3.05,--,364,111020,卖盘
1761,10:15:15,3.05,--,1321,402905,卖盘
1762,10:15:04,3.05,-0.01,796,243060,卖盘
1763,10:14:59,3.06,--,332,101592,卖盘
1764,10:14:49,3.06,0.01,51,15606,中性盘
1765,10:14:44,3.05,-0.01,1202,366671,卖盘
1766,10:14:40,3.06,0.01,2,612,买盘
1767,10:14:34,3.05,-0.01,141,43169,卖盘
1768,10:14:25,3.06,--,100,30600,买盘
1769,10:14:19,3.06,0.01,10,3060,买盘
1770,10:14:14,3.05,-0.01,10,3050,卖盘
1771,10:14:10,3.06,--,1,306,买盘
1772,10:14:04,3.06,--,914,279965,买盘
1773,10:13:59,3.06,0.01,21,6426,买盘
1774,10:13:54,3.05,-0.01,961,293105,卖盘
1775,10:13:49,3.06,--,7,2142,买盘
1776,10:13:44,3.06,--,210,64260,买盘
1777,10:13:39,3.06,--,86,26316,买盘
1778,10:13:34,3.06,0.01,94,28764,买盘
1779,10:13:29,3.05,-0.01,367,112179,卖盘
1780,10:13:24,3.06,--,1,306,卖盘
1781,10:13:19,3.06,--,357,109242,卖盘
1782,10:13:14,3.06,--,36,11016,卖盘
1783,10:13:04,3.06,--,1167,357380,卖盘
1784,10:12:49,3.06,--,120,36720,卖盘
1785,10:12:44,3.06,--,440,134640,卖盘
1786,10:12:34,3.06,-0.01,1,306,卖盘
1787,10:12:29,3.07,0.01,86,26402,买盘
1788,10:12:24,3.06,--,26,7956,卖盘
1789,10:12:19,3.06,--,450,137700,卖盘
1790,10:12:14,3.06,--,225,68850,卖盘
1791,10:12:09,3.06,--,423,129716,卖盘
1792,10:12:04,3.06,--,374,114447,卖盘
1793,10:11:59,3.06,-0.01,40,12240,卖盘
1794,10:11:54,3.07,0.01,10,3070,买盘
1795,10:11:49,3.06,-0.01,20,6309,卖盘
1796,10:11:44,3.07,--,236,72452,买盘
1797,10:11:39,3.07,0.01,2,614,买盘
1798,10:11:34,3.06,-0.01,100,30600,卖盘
1799,10:11:29,3.07,--,40,12280,买盘
1800,10:11:24,3.07,0.01,83,25481,买盘
1801,10:11:19,3.06,--,201,61506,卖盘
1802,10:11:14,3.06,--,281,85986,卖盘
1803,10:11:09,3.06,--,797,244163,卖盘
1804,10:11:04,3.06,--,43,13158,卖盘
1805,10:10:59,3.06,--,1,306,卖盘
1806,10:10:54,3.06,--,1,306,卖盘
1807,10:10:49,3.06,--,1,306,卖盘
1808,10:10:44,3.06,--,653,199818,卖盘
1809,10:10:39,3.06,-0.01,1,306,卖盘
1810,10:10:34,3.07,0.01,127,38989,买盘
1811,10:10:29,3.06,-0.01,282,86292,卖盘
1812,10:10:24,3.07,0.01,1,307,买盘
1813,10:10:19,3.06,--,2,612,卖盘
1814,10:10:13,3.06,--,352,107727,卖盘
1815,10:10:09,3.06,--,676,207119,卖盘
1816,10:10:04,3.06,--,1,306,卖盘
1817,10:09:58,3.06,--,3,918,卖盘
1818,10:09:54,3.06,--,284,86904,卖盘
1819,10:09:49,3.06,--,230,70380,卖盘
1820,10:09:43,3.06,--,9,2754,卖盘
1821,10:09:39,3.06,-0.01,1,306,卖盘
1822,10:09:34,3.07,--,321,98547,买盘
1823,10:09:28,3.07,0.01,185,56795,买盘
1824,10:09:19,3.06,-0.01,45,13770,卖盘
1825,10:09:13,3.07,--,1046,321404,买盘
1826,10:09:09,3.07,0.01,1,307,买盘
1827,10:09:04,3.06,-0.01,334,102204,卖盘
1828,10:08:58,3.07,--,2033,624131,买盘
1829,10:08:54,3.07,0.01,35,10745,买盘
1830,10:08:43,3.06,--,359,109854,卖盘
1831,10:08:39,3.06,--,6,1836,卖盘
1832,10:08:34,3.06,-0.01,187,57222,卖盘
1833,10:08:28,3.07,0.01,112,34384,买盘
1834,10:08:24,3.06,--,50,15300,卖盘
1835,10:08:19,3.06,-0.01,461,141066,卖盘
1836,10:08:13,3.07,0.01,1230,377892,买盘
1837,10:08:09,3.06,-0.01,3225,986850,卖盘
1838,10:08:04,3.07,--,261,80127,买盘
1839,10:07:58,3.07,0.01,357,109599,买盘
1840,10:07:54,3.06,--,17,5202,卖盘
1841,10:07:49,3.06,-0.01,586,179316,卖盘
1842,10:07:43,3.07,0.01,102,31314,买盘
1843,10:07:39,3.06,-0.01,788,241128,卖盘
1844,10:07:34,3.07,0.01,217,66619,买盘
1845,10:07:28,3.06,--,833,254898,卖盘
1846,10:07:19,3.06,--,1033,316113,卖盘
1847,10:07:13,3.06,--,1544,472730,卖盘
1848,10:07:08,3.06,--,1,306,卖盘
1849,10:06:53,3.06,-0.01,329,100674,卖盘
1850,10:06:48,3.07,0.01,126,38682,买盘
1851,10:06:43,3.06,--,17,5202,卖盘
1852,10:06:38,3.06,--,339,103734,卖盘
1853,10:06:33,3.06,--,1,306,卖盘
1854,10:06:28,3.06,--,1020,312398,买盘
1855,10:06:23,3.06,--,2,612,买盘
1856,10:06:18,3.06,0.01,10,3060,买盘
1857,10:06:08,3.05,-0.01,365,111325,卖盘
1858,10:05:58,3.06,--,230,70606,买盘
1859,10:05:53,3.06,--,517,158281,卖盘
1860,10:05:48,3.06,--,2001,612532,买盘
1861,10:05:43,3.06,0.01,4,1224,买盘
1862,10:05:38,3.05,--,0,3,卖盘
1863,10:05:33,3.05,-0.01,409,124745,卖盘
1864,10:05:28,3.06,--,28,8568,买盘
1865,10:05:23,3.06,0.01,2,612,买盘
1866,10:05:18,3.05,--,852,260143,卖盘
1867,10:05:13,3.05,-0.01,993,302865,卖盘
1868,10:05:08,3.06,0.01,18,5508,买盘
1869,10:04:58,3.05,-0.01,1,305,卖盘
1870,10:04:53,3.06,0.01,54,16524,买盘
1871,10:04:48,3.05,--,17,5185,卖盘
1872,10:04:38,3.05,-0.01,1097,334585,卖盘
1873,10:04:33,3.06,--,1,306,买盘
1874,10:04:28,3.06,--,155,47430,买盘
1875,10:04:23,3.06,--,932,285247,卖盘
1876,10:04:18,3.06,--,1,306,卖盘
1877,10:04:13,3.06,--,146,44676,卖盘
1878,10:04:08,3.06,--,46,14076,卖盘
1879,10:04:03,3.06,--,263,80478,卖盘
1880,10:03:58,3.06,-0.01,91,27846,卖盘
1881,10:03:53,3.07,0.01,9,2763,买盘
1882,10:03:48,3.06,-0.01,198,60588,卖盘
1883,10:03:43,3.07,--,2,614,买盘
1884,10:03:38,3.07,0.01,157,48199,买盘
1885,10:03:33,3.06,--,412,126072,卖盘
1886,10:03:22,3.06,--,874,267725,卖盘
1887,10:03:13,3.06,-0.01,250,76500,卖盘
1888,10:03:03,3.07,0.01,185,56795,买盘
1889,10:02:58,3.06,--,151,46206,卖盘
1890,10:02:52,3.06,-0.01,289,88434,卖盘
1891,10:02:48,3.07,--,134,41138,买盘
1892,10:02:43,3.07,0.01,326,100082,买盘
1893,10:02:37,3.06,--,56,17136,卖盘
1894,10:02:28,3.06,--,354,108339,卖盘
1895,10:02:22,3.06,--,692,212012,卖盘
1896,10:02:18,3.06,--,30,9180,卖盘
1897,10:02:13,3.06,--,269,82314,卖盘
1898,10:02:07,3.06,0.01,215,65790,买盘
1899,10:01:58,3.05,-0.01,9,2745,卖盘
1900,10:01:52,3.06,--,12,3672,买盘
1901,10:01:48,3.06,--,50,15300,买盘
1902,10:01:43,3.06,--,556,170136,买盘
1903,10:01:37,3.06,0.01,43,13158,买盘
1904,10:01:33,3.05,--,50,15250,卖盘
1905,10:01:28,3.05,-0.01,3683,1123595,卖盘
1906,10:01:22,3.06,--,82,25092,买盘
1907,10:01:13,3.06,--,2,612,买盘
1908,10:01:03,3.06,--,40,12240,买盘
1909,10:00:58,3.06,--,2,612,买盘
1910,10:00:52,3.06,--,53,16218,买盘
1911,10:00:48,3.06,--,20,6120,买盘
1912,10:00:37,3.06,0.01,10,3060,买盘
1913,10:00:28,3.05,-0.01,796,243060,卖盘
1914,10:00:22,3.06,--,50,15300,买盘
1915,10:00:07,3.06,--,1,306,买盘
1916,10:00:03,3.06,--,197,60282,买盘
1917,09:59:58,3.06,--,31,9486,买盘
1918,09:59:52,3.06,--,37,11322,买盘
1919,09:59:48,3.06,0.01,501,153306,买盘
1920,09:59:43,3.05,-0.01,230,70150,卖盘
1921,09:59:37,3.06,--,201,61506,卖盘
1922,09:59:32,3.06,--,827,253340,卖盘
1923,09:59:28,3.06,-0.01,23,7038,卖盘
1924,09:59:22,3.07,0.01,1,307,买盘
1925,09:59:17,3.06,--,388,118728,卖盘
1926,09:59:07,3.06,--,25,7772,买盘
1927,09:59:02,3.06,--,70,21420,买盘
1928,09:58:57,3.06,--,210,64260,买盘
1929,09:58:52,3.06,--,1086,332316,买盘
1930,09:58:47,3.06,--,84,25704,买盘
1931,09:58:42,3.06,--,22,6732,买盘
1932,09:58:37,3.06,--,899,275094,买盘
1933,09:58:32,3.06,0.01,1573,481622,买盘
1934,09:58:27,3.05,-0.01,165,50325,卖盘
1935,09:58:22,3.06,--,29,8874,买盘
1936,09:58:17,3.06,--,319,97614,买盘
1937,09:58:12,3.06,--,401,122706,买盘
1938,09:58:07,3.06,--,360,110160,买盘
1939,09:58:02,3.06,--,102,31212,买盘
1940,09:57:57,3.06,--,4981,1524186,买盘
1941,09:57:52,3.06,--,30,9180,买盘
1942,09:57:47,3.06,0.01,15,4590,买盘
1943,09:57:42,3.05,-0.01,8412,2565660,卖盘
1944,09:57:37,3.06,--,195,59670,买盘
1945,09:57:32,3.06,--,1353,414299,买盘
1946,09:57:27,3.06,--,151,46206,买盘
1947,09:57:22,3.06,--,859,262854,买盘
1948,09:57:17,3.06,--,71,21726,买盘
1949,09:57:12,3.06,--,44,13464,买盘
1950,09:57:07,3.06,--,312,95472,买盘
1951,09:57:02,3.06,0.01,5516,1687896,买盘
1952,09:56:57,3.05,-0.01,1114,339770,卖盘
1953,09:56:52,3.06,0.01,491,150246,买盘
1954,09:56:47,3.05,-0.01,191,58255,卖盘
1955,09:56:42,3.06,--,984,301104,买盘
1956,09:56:37,3.06,--,10472,3204713,买盘
1957,09:56:32,3.06,--,20,6120,买盘
1958,09:56:27,3.06,0.01,10,3060,买盘
1959,09:56:22,3.05,-0.01,28,8540,卖盘
1960,09:56:17,3.06,--,3245,992970,买盘
1961,09:56:07,3.06,--,2,612,买盘
1962,09:56:02,3.06,0.01,205,62730,买盘
1963,09:55:57,3.05,-0.01,69,21045,卖盘
1964,09:55:42,3.06,0.01,40,12240,买盘
1965,09:55:37,3.05,--,796,243057,卖盘
1966,09:55:31,3.05,-0.01,90,27450,卖盘
1967,09:55:22,3.06,0.01,97,29682,买盘
1968,09:55:16,3.05,--,38,11590,卖盘
1969,09:55:12,3.05,-0.01,13,3964,卖盘
1970,09:55:07,3.06,0.01,2,612,买盘
1971,09:55:01,3.05,-0.01,5,1525,卖盘
1972,09:54:46,3.06,0.01,1,306,买盘
1973,09:54:37,3.05,-0.01,951,290335,卖盘
1974,09:54:31,3.06,0.01,594,181764,买盘
1975,09:54:22,3.05,--,1,305,卖盘
1976,09:54:01,3.05,-0.01,112,34160,卖盘
1977,09:53:52,3.06,--,363,111078,买盘
1978,09:53:46,3.06,0.01,55,16830,买盘
1979,09:53:42,3.05,--,352,107375,卖盘
1980,09:53:37,3.05,-0.01,502,153375,卖盘
1981,09:53:31,3.06,--,710,217260,买盘
1982,09:53:27,3.06,--,42,12852,买盘
1983,09:53:22,3.06,--,327,100062,买盘
1984,09:53:16,3.06,0.01,16,4896,买盘
1985,09:53:12,3.05,--,211,64354,卖盘
1986,09:53:07,3.05,-0.01,2,610,卖盘
1987,09:53:01,3.06,--,3,918,买盘
1988,09:52:57,3.06,--,20,6120,买盘
1989,09:52:52,3.06,0.01,21,6426,买盘
1990,09:52:42,3.05,-0.01,810,247327,卖盘
1991,09:52:36,3.06,--,119,36414,买盘
1992,09:52:31,3.06,--,7,2142,买盘
1993,09:52:27,3.06,--,56,17136,买盘
1994,09:52:16,3.06,--,100,30600,买盘
1995,09:52:12,3.06,0.01,40,12240,买盘
1996,09:52:01,3.05,-0.01,430,131150,卖盘
1997,09:51:56,3.06,--,5,1530,买盘
1998,09:51:46,3.06,0.01,1201,367787,买盘
1999,09:51:41,3.05,-0.01,1,305,卖盘
2000,09:51:36,3.06,--,179,54774,买盘
2001,09:51:31,3.06,--,131,40086,买盘
2002,09:51:26,3.06,--,1,306,买盘
2003,09:51:21,3.06,--,147,44982,买盘
2004,09:51:16,3.06,--,333,101898,买盘
2005,09:51:11,3.06,--,959,293454,买盘
2006,09:51:06,3.06,0.01,682,208692,买盘
2007,09:51:01,3.05,-0.01,78,23790,卖盘
2008,09:50:56,3.06,--,491,150246,买盘
2009,09:50:51,3.06,0.01,1,306,买盘
2010,09:50:46,3.05,-0.01,1079,329375,卖盘
2011,09:50:41,3.06,--,609,186354,买盘
2012,09:50:36,3.06,--,226,69156,买盘
2013,09:50:31,3.06,--,429,131274,买盘
2014,09:50:26,3.06,0.01,5,1530,买盘
2015,09:50:16,3.05,-0.01,100,30500,卖盘
2016,09:50:11,3.06,--,62,18972,买盘
2017,09:50:06,3.06,0.01,10,3060,买盘
2018,09:50:01,3.05,--,1160,353800,卖盘
2019,09:49:56,3.05,-0.01,81,24705,卖盘
2020,09:49:51,3.06,0.01,6,1836,买盘
2021,09:49:46,3.05,-0.01,1299,396475,卖盘
2022,09:49:41,3.06,--,3,918,买盘
2023,09:49:25,3.06,--,4,1224,买盘
2024,09:49:16,3.06,0.01,1,306,买盘
2025,09:49:10,3.05,--,434,132370,卖盘
2026,09:49:06,3.05,-0.01,1,305,卖盘
2027,09:49:01,3.06,0.01,6,1836,买盘
2028,09:48:55,3.05,--,20,6100,卖盘
2029,09:48:51,3.05,--,552,168375,卖盘
2030,09:48:46,3.05,-0.01,497,151850,卖盘
2031,09:48:40,3.06,--,10,3060,买盘
2032,09:48:36,3.06,0.01,2,612,买盘
2033,09:48:31,3.05,--,682,208010,卖盘
2034,09:48:25,3.05,-0.01,201,61305,卖盘
2035,09:48:16,3.06,--,1,306,买盘
2036,09:48:10,3.06,0.01,149,45594,买盘
2037,09:48:06,3.05,--,1,305,卖盘
2038,09:48:01,3.05,--,8,2440,卖盘
2039,09:47:55,3.05,--,1875,571875,卖盘
2040,09:47:51,3.05,-0.01,889,271422,卖盘
2041,09:47:46,3.06,--,21,6426,买盘
2042,09:47:40,3.06,0.01,118,36108,买盘
2043,09:47:35,3.05,--,151,46055,卖盘
2044,09:47:31,3.05,--,853,260164,卖盘
2045,09:47:25,3.05,--,86,26230,卖盘
2046,09:47:21,3.05,-0.01,43,13115,卖盘
2047,09:47:16,3.06,0.01,53,16218,买盘
2048,09:47:10,3.05,-0.01,39,11895,卖盘
2049,09:47:06,3.06,0.01,40,12240,买盘
2050,09:47:01,3.05,--,17,5185,卖盘
2051,09:46:55,3.05,--,841,256785,卖盘
2052,09:46:46,3.05,-0.01,2,610,卖盘
2053,09:46:40,3.06,--,59,18054,买盘
2054,09:46:31,3.06,--,43,13158,买盘
2055,09:46:25,3.06,--,130,39780,买盘
2056,09:46:15,3.06,--,2,612,买盘
2057,09:46:10,3.06,0.01,152,46512,买盘
2058,09:46:00,3.05,--,189,57645,卖盘
2059,09:45:55,3.05,-0.01,809,247025,卖盘
2060,09:45:51,3.06,--,49,14994,买盘
2061,09:45:40,3.06,--,158,48348,买盘
2062,09:45:35,3.06,0.01,500,153000,买盘
2063,09:45:25,3.05,--,8,2440,卖盘
2064,09:45:21,3.05,-0.01,1,305,卖盘
2065,09:45:15,3.06,--,20,6120,买盘
2066,09:45:10,3.06,0.01,339,103734,买盘
2067,09:45:00,3.05,-0.01,260,79300,卖盘
2068,09:44:55,3.06,--,1415,433158,买盘
2069,09:44:51,3.06,0.01,75,22950,买盘
2070,09:44:40,3.05,--,173,52765,卖盘
2071,09:44:35,3.05,--,640,195200,卖盘
2072,09:44:30,3.05,--,43,13115,卖盘
2073,09:44:25,3.05,--,579,176595,卖盘
2074,09:44:20,3.05,-0.01,5,1525,卖盘
2075,09:44:15,3.06,0.01,2,612,买盘
2076,09:44:10,3.05,--,88,26840,卖盘
2077,09:44:05,3.05,-0.01,29,8845,卖盘
2078,09:44:00,3.06,0.01,12,3672,买盘
2079,09:43:55,3.05,--,839,256172,卖盘
2080,09:43:50,3.05,--,26,7929,卖盘
2081,09:43:45,3.05,--,43,13115,卖盘
2082,09:43:40,3.05,-0.01,86,26230,卖盘
2083,09:43:35,3.06,0.01,102,31212,买盘
2084,09:43:25,3.05,-0.01,43,13115,卖盘
2085,09:43:20,3.06,--,75,22950,买盘
2086,09:43:10,3.06,--,61,18666,买盘
2087,09:43:05,3.06,0.01,6,1836,买盘
2088,09:43:00,3.05,-0.01,796,243060,卖盘
2089,09:42:55,3.06,--,15,4590,买盘
2090,09:42:45,3.06,0.01,3043,931158,买盘
2091,09:42:40,3.05,--,55,16775,卖盘
2092,09:42:30,3.05,-0.01,419,127987,卖盘
2093,09:42:20,3.06,--,631,193086,买盘
2094,09:42:15,3.06,0.01,44,13464,买盘
2095,09:42:10,3.05,-0.01,62,18910,卖盘
2096,09:42:04,3.06,--,816,249977,买盘
2097,09:41:55,3.06,--,9,2754,买盘
2098,09:41:49,3.06,--,5690,1741140,买盘
2099,09:41:40,3.06,--,22,6732,买盘
2100,09:41:34,3.06,0.01,57,17442,买盘
2101,09:41:30,3.05,-0.01,1,305,卖盘
2102,09:41:25,3.06,0.01,93,28458,买盘
2103,09:41:19,3.05,-0.01,61,18605,卖盘
2104,09:41:15,3.06,0.01,2,612,买盘
2105,09:41:10,3.05,--,10,3050,卖盘
2106,09:41:04,3.05,-0.01,796,243057,卖盘
2107,09:41:00,3.06,--,31,9486,买盘
2108,09:40:55,3.06,--,22,6732,买盘
2109,09:40:49,3.06,0.01,48,14688,买盘
2110,09:40:45,3.05,-0.01,50,15250,卖盘
2111,09:40:40,3.06,0.01,1262,386172,买盘
2112,09:40:25,3.05,--,64,19520,卖盘
2113,09:40:19,3.05,-0.01,5,1525,卖盘
2114,09:40:14,3.06,0.01,15,4590,买盘
2115,09:40:04,3.05,--,838,255867,卖盘
2116,09:39:59,3.05,--,61,18605,卖盘
2117,09:39:44,3.05,-0.01,115,35075,卖盘
2118,09:39:39,3.06,0.01,14,4284,买盘
2119,09:39:34,3.05,--,1,305,卖盘
2120,09:39:29,3.05,-0.01,61,18605,卖盘
2121,09:39:19,3.06,0.01,456,139728,买盘
2122,09:39:14,3.05,--,67,20435,卖盘
2123,09:39:04,3.05,--,927,283018,卖盘
2124,09:38:59,3.05,--,48,14640,卖盘
2125,09:38:49,3.05,--,116,35380,卖盘
2126,09:38:44,3.05,--,855,260774,卖盘
2127,09:38:39,3.05,--,43,13115,卖盘
2128,09:38:34,3.05,--,1393,425102,卖盘
2129,09:38:29,3.05,--,276,84180,卖盘
2130,09:38:24,3.05,--,1,305,卖盘
2131,09:38:19,3.05,-0.01,130,39650,卖盘
2132,09:38:14,3.06,0.01,183,55998,买盘
2133,09:38:09,3.05,--,4111,1253946,卖盘
2134,09:38:04,3.05,--,4,1220,卖盘
2135,09:37:59,3.05,-0.01,95,28975,卖盘
2136,09:37:49,3.06,0.01,29,8874,买盘
2137,09:37:44,3.05,--,89,27145,卖盘
2138,09:37:39,3.05,--,48,14640,卖盘
2139,09:37:29,3.05,--,89,27145,卖盘
2140,09:37:24,3.05,--,488,148840,卖盘
2141,09:37:19,3.05,--,516,157380,卖盘
2142,09:37:14,3.05,--,870,265551,卖盘
2143,09:37:09,3.05,-0.01,157,47964,卖盘
2144,09:37:04,3.06,--,304,93024,买盘
2145,09:36:49,3.06,--,1,306,买盘
2146,09:36:44,3.06,--,2,612,买盘
2147,09:36:34,3.06,--,78,23868,买盘
2148,09:36:29,3.06,--,9,2754,买盘
2149,09:36:24,3.06,--,1,306,买盘
2150,09:36:19,3.06,--,61,18666,买盘
2151,09:36:13,3.06,--,885,271091,买盘
2152,09:36:09,3.06,--,4,1224,买盘
2153,09:36:04,3.06,0.01,8,2448,买盘
2154,09:35:58,3.05,-0.01,16,4880,卖盘
2155,09:35:54,3.06,--,17,5202,买盘
2156,09:35:43,3.06,--,7,2142,买盘
2157,09:35:39,3.06,--,4,1224,买盘
2158,09:35:34,3.06,--,104,31824,买盘
2159,09:35:28,3.06,0.01,22,6732,买盘
2160,09:35:24,3.05,-0.01,167,50935,卖盘
2161,09:35:19,3.06,0.01,1,306,买盘
2162,09:35:13,3.05,--,796,243060,卖盘
2163,09:35:04,3.05,-0.01,19,5795,卖盘
2164,09:34:58,3.06,--,215,65790,买盘
2165,09:34:49,3.06,0.01,2,612,买盘
2166,09:34:39,3.05,-0.01,20,6100,卖盘
2167,09:34:34,3.06,--,221,67626,买盘
2168,09:34:28,3.06,0.01,3,918,买盘
2169,09:34:19,3.05,--,37,11285,卖盘
2170,09:34:13,3.05,--,803,245192,卖盘
2171,09:34:09,3.05,--,220,67100,卖盘
2172,09:34:04,3.05,--,126,38430,卖盘
2173,09:33:58,3.05,--,60,18300,卖盘
2174,09:33:48,3.05,-0.01,1,305,卖盘
2175,09:33:38,3.06,--,1,306,买盘
2176,09:33:33,3.06,--,70,21420,买盘
2177,09:33:28,3.06,0.01,3,918,买盘
2178,09:33:19,3.05,--,881,268982,卖盘
2179,09:33:13,3.05,--,110,33550,卖盘
2180,09:33:08,3.05,-0.01,1726,526430,卖盘
2181,09:32:58,3.06,0.01,9,2754,买盘
2182,09:32:53,3.05,--,200,61000,卖盘
2183,09:32:43,3.05,--,22,6710,卖盘
2184,09:32:38,3.05,--,1,305,卖盘
2185,09:32:23,3.05,--,362,110425,卖盘
2186,09:32:18,3.05,--,444,135685,卖盘
2187,09:32:13,3.05,--,165,50325,卖盘
2188,09:32:08,3.05,--,4,1220,卖盘
2189,09:32:03,3.05,-0.01,37,11285,卖盘
2190,09:31:58,3.06,0.01,67,20502,买盘
2191,09:31:53,3.05,--,1315,401075,卖盘
2192,09:31:43,3.05,--,165,50325,卖盘
2193,09:31:33,3.05,--,47,14335,卖盘
2194,09:31:23,3.05,--,1790,546230,卖盘
2195,09:31:18,3.05,--,50,15250,卖盘
2196,09:31:03,3.05,--,41,12505,卖盘
2197,09:30:58,3.05,-0.01,1033,315065,卖盘
2198,09:30:53,3.06,--,20,6120,买盘
2199,09:30:48,3.06,0.01,36,11016,买盘
2200,09:30:43,3.05,--,200,61000,卖盘
2201,09:30:38,3.05,--,37,11285,卖盘
2202,09:30:33,3.05,--,5000,1525000,卖盘
2203,09:30:23,3.05,--,1086,331510,卖盘
2204,09:30:13,3.05,-0.01,397,121085,卖盘
2205,09:30:07,3.06,--,1364,417384,买盘
2206,09:30:03,3.06,0.01,3,918,买盘
2207,09:28:52,3.05,--,0,0,卖盘
2208,09:25:05,3.05,3.05,984,300120,买盘
