,time,price,change,volume,amount,type
0,15:00:00,9.83,--,0,0,卖盘
1,15:00:00,9.83,-0.01,0,0,卖盘
2,14:59:57,9.84,0.01,14,13776,买盘
3,14:59:52,9.83,--,12,11796,卖盘
4,14:59:42,9.83,0.01,1156,1136967,买盘
5,14:59:31,9.82,-0.01,113,111329,卖盘
6,14:59:27,9.83,0.01,5,4915,买盘
7,14:59:22,9.82,-0.01,29,28478,卖盘
8,14:59:16,9.83,--,24,23592,买盘
9,14:59:12,9.83,0.01,27,26541,买盘
10,14:59:07,9.82,-0.01,100,98200,卖盘
11,14:59:01,9.83,--,15,14745,买盘
12,14:58:57,9.83,0.01,2,1966,买盘
13,14:58:51,9.82,-0.01,25,24550,卖盘
14,14:58:42,9.83,0.01,3,2949,买盘
15,14:58:21,9.82,--,119,116858,卖盘
16,14:58:12,9.82,--,7,6874,卖盘
17,14:58:06,9.82,-0.01,30,29460,卖盘
18,14:57:57,9.83,0.01,73,71759,买盘
19,14:57:51,9.82,0.01,408,401274,买盘
20,14:57:46,9.81,-0.01,14,13734,卖盘
21,14:57:42,9.82,0.01,10,9820,买盘
22,14:57:36,9.81,-0.01,103,101043,卖盘
23,14:57:31,9.82,0.01,20,19640,买盘
24,14:57:27,9.81,--,8,7848,卖盘
25,14:57:21,9.81,--,10,9810,卖盘
26,14:57:12,9.81,-0.01,10,9810,卖盘
27,14:57:06,9.82,--,100,98200,买盘
28,14:57:01,9.82,--,5,4910,买盘
29,14:56:56,9.82,0.01,36,35352,买盘
30,14:56:51,9.81,--,30,29430,卖盘
31,14:56:46,9.81,--,20,19620,卖盘
32,14:56:36,9.81,--,129,126549,买盘
33,14:56:27,9.81,--,99,97119,卖盘
34,14:56:01,9.81,-0.01,1,981,中性盘
35,14:55:51,9.82,0.02,600,589200,买盘
36,14:55:41,9.8,--,8,7840,卖盘
37,14:55:36,9.8,--,33,32340,卖盘
38,14:55:26,9.8,--,40,40042,买盘
39,14:55:21,9.8,--,15,14700,买盘
40,14:55:11,9.8,--,12,11897,卖盘
41,14:55:01,9.8,--,6,6722,买盘
42,14:54:56,9.8,-0.01,309,302957,卖盘
43,14:54:51,9.81,0.01,10,9810,买盘
44,14:54:36,9.8,-0.01,5,4900,卖盘
45,14:54:26,9.81,--,3,2943,买盘
46,14:54:16,9.81,0.01,9,8829,买盘
47,14:54:11,9.8,--,2,1960,卖盘
48,14:54:06,9.8,--,10,9800,卖盘
49,14:53:56,9.8,--,24,23520,卖盘
50,14:53:51,9.8,--,10,9800,卖盘
51,14:53:46,9.8,-0.01,5,4900,卖盘
52,14:53:41,9.81,0.01,45,44145,买盘
53,14:53:36,9.8,-0.01,30,29400,卖盘
54,14:53:21,9.81,0.01,151,148131,买盘
55,14:53:06,9.8,-0.02,17,17502,卖盘
56,14:52:51,9.82,0.03,2,1964,买盘
57,14:52:46,9.79,-0.02,20,19580,卖盘
58,14:52:36,9.81,--,32,31392,卖盘
59,14:52:31,9.81,0.01,275,269775,买盘
60,14:52:21,9.8,--,83,81340,买盘
61,14:52:16,9.8,--,127,124460,卖盘
62,14:52:01,9.8,-0.01,15,14700,卖盘
63,14:51:55,9.81,0.01,176,172656,买盘
64,14:51:51,9.8,-0.01,35,34300,卖盘
65,14:51:45,9.81,--,18,17658,买盘
66,14:51:36,9.81,0.01,154,151074,买盘
67,14:51:25,9.8,--,114,111720,卖盘
68,14:51:21,9.8,--,12,11760,卖盘
69,14:51:15,9.8,--,31,30380,卖盘
70,14:51:00,9.8,--,5,4900,卖盘
71,14:50:55,9.8,0.01,83,81340,买盘
72,14:50:45,9.79,-0.01,17,16643,卖盘
73,14:50:36,9.8,0.01,127,124460,买盘
74,14:50:30,9.79,-0.01,60,58739,卖盘
75,14:50:25,9.8,0.01,30,29400,买盘
76,14:50:21,9.79,-0.01,27,26432,卖盘
77,14:50:15,9.8,--,0,0,买盘
78,14:50:06,9.8,0.02,30,29400,买盘
79,14:50:00,9.78,-0.01,11,10758,卖盘
80,14:49:55,9.79,-0.01,15,14684,卖盘
81,14:49:51,9.8,--,87,85260,买盘
82,14:49:45,9.8,--,0,0,买盘
83,14:49:35,9.8,--,102,99960,买盘
84,14:49:05,9.8,0.02,100,98000,买盘
85,14:49:00,9.78,-0.01,177,173106,卖盘
86,14:48:55,9.79,-0.01,13,12726,卖盘
87,14:48:45,9.8,0.01,9,8820,买盘
88,14:48:35,9.79,--,33,32306,卖盘
89,14:48:30,9.79,--,4,3915,卖盘
90,14:48:20,9.79,--,10,9790,买盘
91,14:48:15,9.79,0.01,120,117479,买盘
92,14:47:55,9.78,--,10,9780,卖盘
93,14:47:50,9.78,--,96,93888,买盘
94,14:47:45,9.78,-0.01,251,245477,卖盘
95,14:47:35,9.79,0.01,84,82236,买盘
96,14:47:30,9.78,--,92,89976,卖盘
97,14:47:20,9.78,--,7,6846,卖盘
98,14:47:05,9.78,-0.01,5,4890,卖盘
99,14:46:45,9.79,0.01,53,51886,买盘
100,14:46:35,9.78,--,48,46944,卖盘
101,14:46:30,9.78,--,21,20538,卖盘
102,14:46:25,9.78,-0.01,10,9780,卖盘
103,14:46:20,9.79,0.01,6,5873,买盘
104,14:46:10,9.78,-0.01,13,12714,卖盘
105,14:46:00,9.79,0.01,40,39160,买盘
106,14:45:55,9.78,-0.01,16,15647,卖盘
107,14:45:40,9.79,--,136,133144,卖盘
108,14:45:34,9.79,--,98,95941,卖盘
109,14:45:30,9.79,-0.01,13,12726,卖盘
110,14:45:19,9.8,--,20,19600,买盘
111,14:45:15,9.8,0.01,85,83300,买盘
112,14:45:04,9.79,-0.01,11,10768,卖盘
113,14:45:00,9.8,--,0,0,买盘
114,14:44:54,9.8,--,23,22540,买盘
115,14:44:49,9.8,--,0,0,买盘
116,14:44:45,9.8,0.01,10,9800,买盘
117,14:44:39,9.79,--,37,36223,买盘
118,14:44:30,9.79,--,10,9790,买盘
119,14:44:24,9.79,0.01,3,2936,买盘
120,14:44:19,9.78,--,10,9780,卖盘
121,14:44:00,9.78,--,135,132186,买盘
122,14:43:54,9.78,--,210,205380,买盘
123,14:43:45,9.78,--,335,327630,买盘
124,14:43:39,9.78,--,159,155502,买盘
125,14:43:30,9.78,--,11,10758,买盘
126,14:43:24,9.78,0.01,218,213204,买盘
127,14:43:19,9.77,--,1,977,卖盘
128,14:43:00,9.77,--,2,1954,卖盘
129,14:42:54,9.77,--,373,364421,卖盘
130,14:42:49,9.77,-0.01,87,84999,卖盘
131,14:42:45,9.78,0.01,9,8802,买盘
132,14:42:39,9.77,--,32,31264,卖盘
133,14:42:34,9.77,-0.01,78,76206,卖盘
134,14:42:29,9.78,0.01,3,2934,买盘
135,14:42:24,9.77,--,30,29310,卖盘
136,14:42:19,9.77,-0.01,133,129941,卖盘
137,14:42:14,9.78,--,13,12714,买盘
138,14:42:09,9.78,0.01,1,977,买盘
139,14:42:04,9.77,--,13,12701,卖盘
140,14:41:54,9.77,--,40,39080,卖盘
141,14:41:49,9.77,--,9,8793,卖盘
142,14:41:44,9.77,--,10,9770,卖盘
143,14:41:39,9.77,--,127,124079,买盘
144,14:41:34,9.77,--,43,42011,买盘
145,14:41:29,9.77,--,131,127987,卖盘
146,14:41:24,9.77,--,57,55689,卖盘
147,14:41:19,9.77,--,100,97700,卖盘
148,14:41:14,9.77,--,30,29310,卖盘
149,14:41:09,9.77,0.01,105,102585,买盘
150,14:41:04,9.76,-0.01,50,48800,卖盘
151,14:40:59,9.77,--,27,26379,买盘
152,14:40:54,9.77,0.01,2,1954,买盘
153,14:40:44,9.76,-0.01,186,181536,卖盘
154,14:40:39,9.77,-0.01,144,140688,卖盘
155,14:40:34,9.78,0.01,3,2934,买盘
156,14:40:29,9.77,-0.01,72,70344,卖盘
157,14:40:19,9.78,--,159,156323,卖盘
158,14:40:14,9.78,-0.01,300,293400,卖盘
159,14:40:09,9.79,--,20,19580,卖盘
160,14:39:54,9.79,--,35,34265,卖盘
161,14:39:44,9.79,0.01,22,21537,买盘
162,14:39:39,9.78,-0.01,32,31295,卖盘
163,14:39:34,9.79,--,138,135102,买盘
164,14:39:29,9.79,0.01,6,5873,买盘
165,14:39:19,9.78,-0.01,6,6024,卖盘
166,14:39:13,9.79,-0.01,263,257476,卖盘
167,14:39:09,9.8,--,10,9800,买盘
168,14:39:04,9.8,--,2,1960,买盘
169,14:38:54,9.8,--,68,66640,买盘
170,14:38:39,9.8,0.01,10,9800,买盘
171,14:38:34,9.79,-0.01,33,32306,卖盘
172,14:38:28,9.8,--,5,4900,买盘
173,14:38:24,9.8,--,78,76440,买盘
174,14:38:13,9.8,-0.01,306,300722,卖盘
175,14:38:09,9.81,0.01,134,131454,买盘
176,14:38:03,9.8,-0.01,7,6860,卖盘
177,14:37:48,9.81,0.01,2,1962,买盘
178,14:37:39,9.8,-0.01,32,31360,卖盘
179,14:37:28,9.81,--,5,4905,买盘
180,14:37:24,9.81,--,161,157941,买盘
181,14:37:18,9.81,0.01,1,981,买盘
182,14:37:13,9.8,--,200,196000,卖盘
183,14:37:09,9.8,-0.01,2,1960,卖盘
184,14:37:03,9.81,0.01,8,7848,买盘
185,14:36:39,9.8,--,43,42140,卖盘
186,14:36:33,9.8,-0.01,5,4900,卖盘
187,14:36:18,9.81,0.01,1,981,买盘
188,14:36:13,9.8,-0.01,10,9800,卖盘
189,14:36:08,9.81,--,15,14715,买盘
190,14:36:03,9.81,--,10,9810,买盘
191,14:35:48,9.81,0.01,13,12753,买盘
192,14:35:38,9.8,-0.01,16,15680,卖盘
193,14:35:33,9.81,-0.01,28,27468,卖盘
194,14:35:23,9.82,0.01,3,2946,买盘
195,14:35:13,9.81,--,100,98100,卖盘
196,14:35:08,9.81,--,1130,1108530,买盘
197,14:35:03,9.81,0.01,4,3924,买盘
198,14:34:48,9.8,--,11,10780,卖盘
199,14:34:28,9.8,-0.01,2,1960,卖盘
200,14:34:23,9.81,--,6,5886,买盘
201,14:34:08,9.81,--,6,5886,买盘
202,14:33:18,9.81,--,73,71613,卖盘
203,14:33:08,9.81,0.01,16,15696,买盘
204,14:33:03,9.8,--,38,37240,卖盘
205,14:32:58,9.8,--,3,3077,卖盘
206,14:32:53,9.8,--,11,10780,卖盘
207,14:32:38,9.8,--,38,37240,买盘
208,14:32:33,9.8,--,44,43120,买盘
209,14:32:28,9.8,--,50,49000,买盘
210,14:32:18,9.8,--,22,21560,买盘
211,14:32:13,9.8,--,240,235200,买盘
212,14:32:07,9.8,--,54,52920,买盘
213,14:32:03,9.8,0.01,50,49000,买盘
214,14:31:58,9.79,-0.01,108,105731,卖盘
215,14:31:52,9.8,--,39,38220,买盘
216,14:31:48,9.8,--,5,4900,买盘
217,14:31:37,9.8,0.01,3,2940,买盘
218,14:31:27,9.79,--,56,54823,卖盘
219,14:31:18,9.79,--,183,179156,卖盘
220,14:31:12,9.79,-0.01,10,9790,卖盘
221,14:31:07,9.8,--,8,7840,买盘
222,14:31:02,9.8,--,7,6860,买盘
223,14:30:57,9.8,--,3,2940,买盘
224,14:30:48,9.8,0.01,2,1960,买盘
225,14:30:37,9.79,--,7,6852,买盘
226,14:30:33,9.79,-0.01,13,12726,中性盘
227,14:30:27,9.8,--,26,25480,卖盘
228,14:30:22,9.8,0.01,248,243040,买盘
229,14:30:18,9.79,-0.01,28,27411,卖盘
230,14:30:12,9.8,0.01,20,19600,买盘
231,14:29:57,9.79,--,152,148808,卖盘
232,14:29:47,9.79,-0.01,9,8811,卖盘
233,14:29:42,9.8,0.01,31,30380,买盘
234,14:29:37,9.79,-0.02,115,112584,卖盘
235,14:29:32,9.81,0.01,5,4905,买盘
236,14:29:27,9.8,--,20,19600,买盘
237,14:29:22,9.8,--,71,69580,卖盘
238,14:29:12,9.8,--,219,214620,卖盘
239,14:29:02,9.8,-0.01,51,49980,卖盘
240,14:28:57,9.81,--,68,66708,买盘
241,14:28:47,9.81,--,5,4905,买盘
242,14:28:37,9.81,0.01,1,981,买盘
243,14:28:27,9.8,-0.01,66,64680,卖盘
244,14:28:12,9.81,0.01,18,17658,买盘
245,14:28:02,9.8,--,2,1960,卖盘
246,14:27:57,9.8,--,60,58800,卖盘
247,14:27:52,9.8,--,9,8820,卖盘
248,14:27:42,9.8,--,20,19600,卖盘
249,14:27:32,9.8,-0.01,30,29400,卖盘
250,14:27:27,9.81,0.01,43,42183,买盘
251,14:27:22,9.8,--,13,12740,卖盘
252,14:27:17,9.8,-0.01,11,10780,卖盘
253,14:27:12,9.81,--,7,6867,买盘
254,14:27:02,9.81,--,8,7848,买盘
255,14:26:57,9.81,--,5,4905,买盘
256,14:26:52,9.81,-0.01,61,59841,卖盘
257,14:26:47,9.82,0.01,100,98200,买盘
258,14:26:42,9.81,--,30,29430,卖盘
259,14:26:37,9.81,--,18,17658,卖盘
260,14:26:32,9.81,--,13,12753,卖盘
261,14:25:57,9.81,--,13,12753,卖盘
262,14:25:52,9.81,-0.01,59,57879,卖盘
263,14:25:37,9.82,--,5,4910,买盘
264,14:25:27,9.82,0.01,3,2946,买盘
265,14:25:22,9.81,-0.01,49,48069,卖盘
266,14:25:16,9.82,0.01,63,61866,买盘
267,14:25:07,9.81,--,13,12753,卖盘
268,14:24:57,9.81,--,30,29430,卖盘
269,14:24:26,9.81,--,13,12753,卖盘
270,14:24:12,9.81,--,50,49050,卖盘
271,14:23:57,9.81,--,33,32373,买盘
272,14:23:51,9.81,--,12,11772,买盘
273,14:23:46,9.81,--,50,49050,买盘
274,14:23:41,9.81,0.01,96,94176,买盘
275,14:23:36,9.8,-0.01,5,4900,卖盘
276,14:23:26,9.81,--,5,4905,买盘
277,14:23:16,9.81,--,1,981,买盘
278,14:23:11,9.81,--,56,54936,买盘
279,14:23:06,9.81,--,3,2943,买盘
280,14:22:56,9.81,--,52,51012,买盘
281,14:22:51,9.81,--,9,8829,买盘
282,14:22:46,9.81,--,10,9810,买盘
283,14:22:41,9.81,--,44,43164,卖盘
284,14:22:21,9.81,--,28,27468,买盘
285,14:22:06,9.81,0.01,7,6867,买盘
286,14:22:01,9.8,-0.01,20,19600,卖盘
287,14:21:56,9.81,0.01,110,107910,买盘
288,14:21:51,9.8,-0.01,24,23520,卖盘
289,14:21:41,9.81,0.01,5,4905,买盘
290,14:21:31,9.8,--,10,9800,卖盘
291,14:21:26,9.8,--,10,9800,卖盘
292,14:21:16,9.8,-0.01,6,5880,卖盘
293,14:21:11,9.81,--,11,10791,买盘
294,14:21:06,9.81,0.01,7,6867,买盘
295,14:21:01,9.8,-0.01,10,9800,卖盘
296,14:20:36,9.81,0.01,10,9810,买盘
297,14:20:16,9.8,-0.01,34,33320,卖盘
298,14:20:11,9.81,--,91,89271,卖盘
299,14:20:06,9.81,--,10,9810,卖盘
300,14:20:01,9.81,--,30,29430,卖盘
301,14:19:56,9.81,--,27,26487,卖盘
302,14:19:51,9.81,-0.01,14,13734,卖盘
303,14:19:36,9.82,--,267,262694,卖盘
304,14:19:26,9.82,--,30,29460,卖盘
305,14:19:21,9.82,--,10,9820,卖盘
306,14:19:11,9.82,-0.01,99,97218,卖盘
307,14:18:46,9.83,--,108,106164,卖盘
308,14:18:36,9.83,--,25,24575,卖盘
309,14:18:31,9.83,--,6,5898,卖盘
310,14:18:21,9.83,--,17,16711,卖盘
311,14:17:35,9.83,--,188,184804,卖盘
312,14:17:21,9.83,--,59,57997,卖盘
313,14:16:50,9.83,--,16,15728,卖盘
314,14:16:45,9.83,0.01,76,74708,买盘
315,14:16:40,9.82,-0.01,20,19640,卖盘
316,14:16:35,9.83,--,1,983,买盘
317,14:15:55,9.83,--,4,3932,买盘
318,14:15:35,9.83,--,7,6881,买盘
319,14:15:30,9.83,--,1,983,买盘
320,14:14:50,9.83,0.01,5,4915,中性盘
321,14:14:40,9.82,--,10,9820,卖盘
322,14:14:35,9.82,--,0,0,卖盘
323,14:14:30,9.82,-0.02,17,16694,卖盘
324,14:14:20,9.84,0.02,2,1968,买盘
325,14:14:10,9.82,-0.02,14,13748,卖盘
326,14:13:55,9.84,0.01,15,14760,买盘
327,14:13:50,9.83,--,18,17694,卖盘
328,14:13:45,9.83,--,11,10813,卖盘
329,14:13:35,9.83,--,50,49150,卖盘
330,14:13:05,9.83,--,2,1966,卖盘
331,14:13:00,9.83,-0.01,30,29490,卖盘
332,14:12:55,9.84,0.01,27,26568,买盘
333,14:12:45,9.83,--,40,39320,卖盘
334,14:12:25,9.83,--,14,13762,卖盘
335,14:12:15,9.83,--,11,10813,卖盘
336,14:12:10,9.83,-0.01,9,8847,卖盘
337,14:12:00,9.84,--,4,3936,买盘
338,14:11:55,9.84,--,4,3936,买盘
339,14:11:40,9.84,0.01,5,4920,买盘
340,14:11:35,9.83,--,61,59963,卖盘
341,14:11:30,9.83,-0.01,6,5898,卖盘
342,14:11:25,9.84,--,1,984,买盘
343,14:11:15,9.84,--,5,4920,买盘
344,14:10:50,9.84,--,5,4920,买盘
345,14:10:39,9.84,--,10,9840,买盘
346,14:10:19,9.84,-0.01,34,33456,卖盘
347,14:10:09,9.85,0.01,5,4925,买盘
348,14:10:04,9.84,--,10,9840,卖盘
349,14:09:53,9.84,--,210,206640,买盘
350,14:09:49,9.84,--,5,4920,买盘
351,14:09:44,9.84,0.01,50,49200,买盘
352,14:09:39,9.83,--,100,98300,卖盘
353,14:09:14,9.83,--,1,983,买盘
354,14:09:08,9.83,--,10,9830,买盘
355,14:08:59,9.83,--,127,124841,卖盘
356,14:08:44,9.83,-0.01,2,1966,中性盘
357,14:08:38,9.84,0.02,10,9840,买盘
358,14:08:34,9.82,-0.01,15,14730,卖盘
359,14:08:19,9.83,--,0,0,中性盘
360,14:08:04,9.83,0.01,3,2949,买盘
361,14:07:59,9.82,-0.01,20,19777,卖盘
362,14:07:53,9.83,--,8,7864,买盘
363,14:07:49,9.83,--,55,54065,卖盘
364,14:07:29,9.83,-0.01,90,88470,卖盘
365,14:07:23,9.84,--,6,5904,买盘
366,14:07:08,9.84,0.01,9,8856,买盘
367,14:06:59,9.83,-0.01,21,20643,卖盘
368,14:06:44,9.84,0.01,20,19680,买盘
369,14:06:14,9.83,--,82,80606,买盘
370,14:06:04,9.83,0.01,50,49150,买盘
371,14:05:59,9.82,-0.01,67,65794,卖盘
372,14:05:53,9.83,--,5,4915,买盘
373,14:05:44,9.83,0.01,15,14745,买盘
374,14:05:38,9.82,--,33,32749,卖盘
375,14:05:34,9.82,--,17,16694,卖盘
376,14:05:23,9.82,--,17,16694,卖盘
377,14:05:08,9.82,--,10,9820,卖盘
378,14:04:59,9.82,--,7,6874,买盘
379,14:04:53,9.82,--,9,8838,买盘
380,14:04:38,9.82,--,12,11784,买盘
381,14:04:13,9.82,--,5,4910,买盘
382,14:04:03,9.82,--,5,4910,买盘
383,14:03:53,9.82,--,21,20622,买盘
384,14:03:32,9.82,--,31,30442,卖盘
385,14:03:28,9.82,--,4,3928,卖盘
386,14:02:58,9.82,--,10,9820,卖盘
387,14:02:53,9.82,--,55,54010,买盘
388,14:02:47,9.82,--,10,9820,买盘
389,14:02:43,9.82,--,6,5892,买盘
390,14:02:38,9.82,0.01,30,29460,买盘
391,14:02:32,9.81,-0.01,80,78480,卖盘
392,14:02:23,9.82,0.01,4,3928,买盘
393,14:01:58,9.81,-0.01,2,1962,卖盘
394,14:01:38,9.82,--,4,3928,买盘
395,14:01:23,9.82,0.01,18,17676,买盘
396,14:01:08,9.81,-0.01,10,9810,卖盘
397,14:01:02,9.82,--,4,3928,买盘
398,14:00:53,9.82,--,23,22586,买盘
399,14:00:47,9.82,--,50,49100,买盘
400,14:00:43,9.82,--,106,104092,卖盘
401,14:00:13,9.82,--,8,7856,卖盘
402,14:00:08,9.82,-0.01,42,41244,卖盘
403,14:00:02,9.83,0.01,51,50133,买盘
404,13:59:47,9.82,--,0,0,卖盘
405,13:59:38,9.82,-0.01,100,98200,卖盘
406,13:59:32,9.83,0.01,119,116977,买盘
407,13:59:17,9.82,--,10,9820,卖盘
408,13:59:08,9.82,--,2,1964,卖盘
409,13:58:28,9.82,--,74,72668,卖盘
410,13:58:17,9.82,--,10,9820,卖盘
411,13:58:13,9.82,--,26,25532,卖盘
412,13:58:02,9.82,-0.01,360,353520,卖盘
413,13:57:47,9.83,--,192,188736,卖盘
414,13:57:32,9.83,--,34,33422,卖盘
415,13:57:27,9.83,0.01,27,26541,卖盘
416,13:57:22,9.82,-0.01,32,31424,卖盘
417,13:57:17,9.83,--,197,193651,买盘
418,13:57:12,9.83,0.01,300,294900,买盘
419,13:56:56,9.82,-0.01,30,29460,卖盘
420,13:56:52,9.83,--,1,983,买盘
421,13:56:47,9.83,--,23,22609,买盘
422,13:56:22,9.83,0.01,102,100266,买盘
423,13:55:56,9.82,--,11,10802,卖盘
424,13:55:52,9.82,0.01,20,19640,买盘
425,13:55:37,9.81,--,10,9810,卖盘
426,13:55:22,9.81,--,65,63765,卖盘
427,13:55:02,9.81,--,0,0,卖盘
428,13:54:56,9.81,-0.01,11,10791,卖盘
429,13:54:41,9.82,0.01,3,2946,卖盘
430,13:54:22,9.81,--,0,0,卖盘
431,13:54:17,9.81,--,100,98100,卖盘
432,13:54:11,9.81,--,11,10791,卖盘
433,13:53:11,9.81,-0.01,11,10791,卖盘
434,13:53:02,9.82,--,0,0,中性盘
435,13:52:56,9.82,--,0,0,买盘
436,13:52:41,9.82,--,136,133552,卖盘
437,13:52:37,9.82,-0.01,11,10802,卖盘
438,13:52:32,9.83,0.01,4,3932,买盘
439,13:52:22,9.82,--,11,10802,卖盘
440,13:52:02,9.82,-0.01,14,13748,卖盘
441,13:51:47,9.83,--,18,17694,买盘
442,13:51:32,9.83,--,6,5898,买盘
443,13:51:22,9.83,--,94,92402,卖盘
444,13:51:02,9.83,0.02,6,5898,买盘
445,13:50:56,9.81,--,0,0,卖盘
446,13:50:51,9.81,--,3,2943,买盘
447,13:50:47,9.81,-0.01,77,75537,卖盘
448,13:50:31,9.82,--,79,77578,卖盘
449,13:50:16,9.82,--,0,0,卖盘
450,13:50:11,9.82,--,321,315222,买盘
451,13:49:50,9.82,--,34,33388,卖盘
452,13:49:26,9.82,--,147,144354,买盘
453,13:49:20,9.82,--,7,6874,买盘
454,13:49:05,9.82,--,11,10802,买盘
455,13:49:01,9.82,--,2,1964,买盘
456,13:48:50,9.82,--,16,15712,买盘
457,13:48:46,9.82,0.01,78,76596,买盘
458,13:48:41,9.81,--,19,19080,买盘
459,13:48:35,9.81,--,2,1962,买盘
460,13:48:31,9.81,--,33,32373,买盘
461,13:48:26,9.81,--,21,20601,买盘
462,13:48:20,9.81,--,5,4905,买盘
463,13:48:11,9.81,0.01,7,6867,买盘
464,13:48:05,9.8,--,0,0,中性盘
465,13:48:01,9.8,--,0,0,买盘
466,13:47:56,9.8,--,2,1960,买盘
467,13:47:46,9.8,--,13,12740,买盘
468,13:47:41,9.8,--,241,236905,卖盘
469,13:47:35,9.8,-0.01,50,49000,卖盘
470,13:47:05,9.81,0.01,67,65727,买盘
471,13:46:50,9.8,-0.01,40,39200,卖盘
472,13:46:41,9.81,0.01,1,981,买盘
473,13:46:35,9.8,--,17,16660,卖盘
474,13:46:26,9.8,-0.01,11,10780,卖盘
475,13:46:20,9.81,--,100,98100,买盘
476,13:46:05,9.81,0.01,20,19620,买盘
477,13:45:31,9.8,--,100,98000,卖盘
478,13:45:16,9.8,--,10,9800,卖盘
479,13:45:05,9.8,--,16,15680,卖盘
480,13:45:01,9.8,--,14,13720,卖盘
481,13:44:50,9.8,--,3,2940,卖盘
482,13:44:46,9.8,--,14,13974,买盘
483,13:44:41,9.8,--,2,1960,买盘
484,13:44:35,9.8,-0.01,117,114660,卖盘
485,13:44:26,9.81,0.01,10,9810,买盘
486,13:44:20,9.8,-0.01,25,24500,卖盘
487,13:44:15,9.81,--,6,5886,买盘
488,13:44:10,9.81,--,20,19620,买盘
489,13:44:05,9.81,--,9,8829,买盘
490,13:44:01,9.81,0.01,100,98100,买盘
491,13:43:56,9.8,--,100,98000,卖盘
492,13:43:35,9.8,--,44,43120,买盘
493,13:43:25,9.8,0.01,1,980,买盘
494,13:43:10,9.79,--,230,225169,买盘
495,13:43:05,9.79,--,13,12726,买盘
496,13:42:59,9.79,--,130,127269,买盘
497,13:42:55,9.79,0.01,50,48949,买盘
498,13:42:40,9.78,-0.01,10,9780,卖盘
499,13:42:35,9.79,--,91,89088,买盘
500,13:42:29,9.79,--,20,19580,买盘
501,13:42:20,9.79,0.01,2,1957,卖盘
502,13:42:14,9.78,-0.01,230,224939,卖盘
503,13:42:10,9.79,--,177,173282,卖盘
504,13:42:05,9.79,-0.01,34,33286,卖盘
505,13:41:44,9.8,-0.02,1769,1733620,卖盘
506,13:41:40,9.82,--,76,74632,买盘
507,13:41:20,9.82,--,726,712932,卖盘
508,13:41:14,9.82,--,220,216040,卖盘
509,13:41:05,9.82,--,73,71686,卖盘
510,13:40:59,9.82,-0.01,15,14730,卖盘
511,13:40:50,9.83,--,160,157918,卖盘
512,13:40:44,9.83,--,530,520990,卖盘
513,13:40:40,9.83,--,75,73725,卖盘
514,13:40:29,9.83,--,40,39320,卖盘
515,13:40:20,9.83,--,7,6881,卖盘
516,13:40:05,9.83,-0.01,20,19660,卖盘
517,13:39:50,9.84,0.01,2,1968,买盘
518,13:39:29,9.83,-0.01,3,2949,卖盘
519,13:38:49,9.84,--,22,21648,买盘
520,13:38:40,9.84,0.01,505,496920,买盘
521,13:38:29,9.83,-0.01,39,38337,卖盘
522,13:38:14,9.84,--,152,149568,卖盘
523,13:38:09,9.84,--,11,10824,卖盘
524,13:38:04,9.84,--,60,59040,卖盘
525,13:37:44,9.84,-0.01,10,9840,卖盘
526,13:37:29,9.85,--,2,1970,买盘
527,13:37:19,9.85,--,5,4925,买盘
528,13:37:14,9.85,0.01,23,22655,买盘
529,13:37:10,9.84,--,50,49200,卖盘
530,13:36:59,9.84,--,5,4920,卖盘
531,13:36:23,9.84,--,9,8856,卖盘
532,13:36:19,9.84,-0.01,19,18696,卖盘
533,13:36:14,9.85,--,10,9850,买盘
534,13:35:14,9.85,--,3,2955,买盘
535,13:35:08,9.85,--,9,8865,买盘
536,13:35:04,9.85,0.01,86,84710,买盘
537,13:34:53,9.84,-0.01,2,1968,卖盘
538,13:34:49,9.85,0.01,3,2955,买盘
539,13:34:44,9.84,--,11,10824,卖盘
540,13:34:34,9.84,-0.01,20,19680,卖盘
541,13:34:29,9.85,0.01,20,19700,买盘
542,13:34:14,9.84,-0.01,10,9840,卖盘
543,13:34:08,9.85,--,11,10835,买盘
544,13:33:53,9.85,0.01,10,9850,买盘
545,13:33:38,9.84,-0.01,1,984,卖盘
546,13:33:29,9.85,0.01,2,1970,买盘
547,13:32:59,9.84,--,17,16728,卖盘
548,13:32:38,9.84,-0.01,20,19680,卖盘
549,13:32:08,9.85,--,5,4925,买盘
550,13:31:59,9.85,--,1,985,买盘
551,13:31:44,9.85,--,7,6895,买盘
552,13:31:29,9.85,-0.01,137,135703,卖盘
553,13:31:04,9.86,0.01,2,1972,买盘
554,13:30:53,9.85,-0.01,3,2955,卖盘
555,13:30:03,9.86,0.01,10,9860,买盘
556,13:29:48,9.85,--,12,11820,卖盘
557,13:29:43,9.85,--,20,19700,卖盘
558,13:29:23,9.85,-0.01,30,29550,卖盘
559,13:29:17,9.86,0.01,5,4930,买盘
560,13:29:13,9.85,--,31,30535,卖盘
561,13:29:02,9.85,-0.01,15,14775,卖盘
562,13:28:28,9.86,--,8,7888,买盘
563,13:28:23,9.86,0.01,1,986,买盘
564,13:27:43,9.85,--,13,12805,卖盘
565,13:27:38,9.85,-0.01,1,985,卖盘
566,13:27:28,9.86,0.01,30,29580,买盘
567,13:27:08,9.85,--,9,8865,卖盘
568,13:26:47,9.85,-0.01,2,1970,卖盘
569,13:26:38,9.86,0.01,2,1972,买盘
570,13:26:23,9.85,-0.01,82,80770,卖盘
571,13:26:08,9.86,--,2,1972,买盘
572,13:26:02,9.86,0.01,5,4930,买盘
573,13:25:58,9.85,--,51,50235,卖盘
574,13:25:47,9.85,--,26,25610,卖盘
575,13:25:38,9.85,--,0,945,卖盘
576,13:25:17,9.85,--,19,19079,卖盘
577,13:25:13,9.85,--,267,263881,买盘
578,13:24:53,9.85,--,73,71905,买盘
579,13:24:23,9.85,--,10,9850,买盘
580,13:24:17,9.85,0.01,5,4925,买盘
581,13:24:13,9.84,-0.01,1,1141,卖盘
582,13:24:02,9.85,0.01,1,985,买盘
583,13:23:52,9.84,--,1,1249,卖盘
584,13:23:37,9.84,--,14,13776,卖盘
585,13:23:32,9.84,--,191,188268,买盘
586,13:23:27,9.84,--,20,19680,买盘
587,13:23:22,9.84,--,4,3936,买盘
588,13:23:12,9.84,--,102,100712,买盘
589,13:23:07,9.84,0.01,2,1968,买盘
590,13:22:47,9.83,-0.01,12,11796,卖盘
591,13:22:17,9.84,--,6,5904,买盘
592,13:22:07,9.84,--,3,2952,买盘
593,13:22:02,9.84,--,5,4920,买盘
594,13:21:52,9.84,--,5,4920,买盘
595,13:21:37,9.84,--,15,14760,买盘
596,13:21:26,9.84,--,10,9840,买盘
597,13:21:02,9.84,--,20,19680,买盘
598,13:20:56,9.84,--,17,16728,买盘
599,13:20:52,9.84,--,85,83640,买盘
600,13:20:37,9.84,--,40,39360,买盘
601,13:20:32,9.84,--,3,2952,买盘
602,13:20:26,9.84,0.01,5,4920,买盘
603,13:20:17,9.83,-0.01,2,1966,卖盘
604,13:20:07,9.84,--,73,71832,买盘
605,13:19:56,9.84,--,8,7872,买盘
606,13:19:41,9.84,0.01,4,3936,买盘
607,13:19:22,9.83,--,10,9830,卖盘
608,13:19:11,9.83,--,100,98300,卖盘
609,13:19:02,9.83,-0.01,38,37354,卖盘
610,13:18:56,9.84,0.01,10,9840,买盘
611,13:18:26,9.83,--,2,1966,卖盘
612,13:18:22,9.83,--,19,18677,卖盘
613,13:18:17,9.83,--,146,143518,卖盘
614,13:18:02,9.83,--,30,29490,卖盘
615,13:17:52,9.83,-0.01,9,8847,卖盘
616,13:17:41,9.84,0.01,1,984,买盘
617,13:17:16,9.83,-0.01,8,7864,卖盘
618,13:16:56,9.84,--,5,4920,买盘
619,13:16:11,9.84,0.01,2,1968,买盘
620,13:15:56,9.83,-0.01,5,4915,卖盘
621,13:15:46,9.84,--,1,984,买盘
622,13:15:41,9.84,--,1,984,买盘
623,13:15:35,9.84,--,45,44447,卖盘
624,13:15:31,9.84,--,2,1968,卖盘
625,13:15:21,9.84,--,12,11808,卖盘
626,13:14:50,9.84,--,25,24600,卖盘
627,13:14:11,9.84,--,742,730128,买盘
628,13:13:26,9.84,--,105,103320,买盘
629,13:13:20,9.84,0.01,1,984,买盘
630,13:13:16,9.83,--,7,6881,卖盘
631,13:13:11,9.83,--,200,196600,卖盘
632,13:13:05,9.83,--,170,167110,卖盘
633,13:12:56,9.83,--,1,983,卖盘
634,13:12:41,9.83,--,7,6881,卖盘
635,13:12:05,9.83,-0.01,20,19660,卖盘
636,13:11:50,9.84,--,1,984,买盘
637,13:11:20,9.84,0.01,20,19680,买盘
638,13:11:15,9.83,--,10,9830,卖盘
639,13:10:56,9.83,-0.01,3,2949,卖盘
640,13:10:50,9.84,0.01,28,27552,买盘
641,13:10:41,9.83,--,30,29490,卖盘
642,13:10:35,9.83,-0.01,21,20643,卖盘
643,13:10:30,9.84,0.01,5,4920,买盘
644,13:10:20,9.83,--,48,47184,卖盘
645,13:10:11,9.83,--,48,47184,卖盘
646,13:09:55,9.83,--,8,7864,卖盘
647,13:09:50,9.83,--,50,49150,卖盘
648,13:09:35,9.83,-0.01,20,19660,卖盘
649,13:09:30,9.84,0.01,2,1968,买盘
650,13:09:00,9.83,--,1,983,卖盘
651,13:08:45,9.83,-0.01,50,49150,卖盘
652,13:08:35,9.84,--,5,4920,买盘
653,13:08:30,9.84,--,24,23616,买盘
654,13:08:15,9.84,--,302,297168,卖盘
655,13:08:05,9.84,--,4,3936,卖盘
656,13:08:00,9.84,--,55,54120,卖盘
657,13:07:44,9.84,--,3,2952,卖盘
658,13:07:14,9.84,--,3,2952,卖盘
659,13:06:35,9.84,--,11,10824,买盘
660,13:06:29,9.84,--,9,8856,买盘
661,13:06:20,9.84,--,50,49200,买盘
662,13:06:05,9.84,-0.01,30,29520,买盘
663,13:05:59,9.85,0.01,79,77815,买盘
664,13:05:50,9.84,--,40,39360,买盘
665,13:05:40,9.84,-0.01,183,180190,卖盘
666,13:05:35,9.85,0.01,14,13790,买盘
667,13:05:20,9.84,--,40,39360,卖盘
668,13:04:35,9.84,--,11,10824,卖盘
669,13:03:50,9.84,--,5,4920,卖盘
670,13:03:14,9.84,-0.01,104,102336,卖盘
671,13:03:05,9.85,--,10,9850,买盘
672,13:02:59,9.85,--,34,33490,买盘
673,13:02:44,9.85,-0.01,3,2955,卖盘
674,13:02:14,9.86,--,0,0,买盘
675,13:01:54,9.86,--,0,0,买盘
676,13:01:24,9.86,--,5,4930,买盘
677,13:01:04,9.86,--,0,0,买盘
678,13:00:59,9.86,--,4,3944,买盘
679,13:00:23,9.86,0.02,10,9860,买盘
680,13:00:09,9.84,--,273,268632,卖盘
681,13:00:04,9.84,--,40,39360,卖盘
682,11:30:00,9.84,--,0,0,卖盘
683,11:29:59,9.84,--,0,0,卖盘
684,11:29:40,9.84,--,0,0,卖盘
685,11:29:05,9.84,--,0,0,卖盘
686,11:28:55,9.84,--,5,4920,卖盘
687,11:28:50,9.84,--,6,6769,买盘
688,11:28:40,9.84,--,100,98400,买盘
689,11:28:35,9.84,--,20,19680,买盘
690,11:28:30,9.84,-0.02,493,485230,卖盘
691,11:28:15,9.86,0.01,5,4930,买盘
692,11:27:50,9.85,-0.01,231,228401,卖盘
693,11:27:24,9.86,--,10,9860,买盘
694,11:26:05,9.86,--,5,4930,买盘
695,11:25:39,9.86,0.01,10,9860,买盘
696,11:25:35,9.85,-0.01,25,24625,卖盘
697,11:25:15,9.86,--,19,18734,买盘
698,11:25:00,9.86,--,18,17748,买盘
699,11:24:54,9.86,--,10,9860,买盘
700,11:24:49,9.86,-0.01,95,93670,卖盘
701,11:24:14,9.87,0.01,10,9870,买盘
702,11:23:44,9.86,--,15,14790,卖盘
703,11:23:34,9.86,--,15,14790,卖盘
704,11:23:14,9.86,--,14,13804,买盘
705,11:22:59,9.86,--,46,45356,买盘
706,11:22:34,9.86,--,64,63104,卖盘
707,11:22:04,9.86,--,8,7888,卖盘
708,11:21:44,9.86,--,15,14790,卖盘
709,11:21:04,9.86,-0.01,3,2958,卖盘
710,11:20:54,9.87,--,20,19740,买盘
711,11:20:29,9.87,0.01,1,986,买盘
712,11:20:14,9.86,0.01,2,1972,买盘
713,11:20:09,9.85,-0.01,15,14775,卖盘
714,11:19:54,9.86,--,2,1972,卖盘
715,11:19:24,9.86,--,13,12818,卖盘
716,11:18:59,9.86,0.01,17,16762,买盘
717,11:18:54,9.85,--,3,2955,买盘
718,11:18:44,9.85,-0.01,53,52205,卖盘
719,11:18:39,9.86,0.01,18,17748,买盘
720,11:18:33,9.85,--,3,2955,买盘
721,11:18:29,9.85,--,112,110320,买盘
722,11:18:09,9.85,--,107,105395,卖盘
723,11:17:54,9.85,0.01,3,2955,卖盘
724,11:17:39,9.84,--,0,0,卖盘
725,11:17:33,9.84,--,13,12792,卖盘
726,11:17:18,9.84,-0.01,49,48216,卖盘
727,11:17:09,9.85,0.01,5,4925,卖盘
728,11:16:38,9.84,-0.02,12,11808,卖盘
729,11:16:18,9.86,0.02,1,986,买盘
730,11:16:08,9.84,-0.01,13,12792,卖盘
731,11:14:58,9.85,--,13,12805,卖盘
732,11:14:53,9.85,-0.01,250,246250,卖盘
733,11:14:48,9.86,0.01,18,17748,买盘
734,11:14:38,9.85,--,12,11820,卖盘
735,11:14:13,9.85,--,13,12805,卖盘
736,11:14:08,9.85,--,57,56145,卖盘
737,11:13:53,9.85,--,41,40385,卖盘
738,11:13:38,9.85,-0.01,7,6895,卖盘
739,11:13:28,9.86,--,5,4930,买盘
740,11:13:12,9.86,0.01,49,48314,买盘
741,11:12:53,9.85,-0.01,12,11820,卖盘
742,11:12:48,9.86,--,10,9860,买盘
743,11:12:38,9.86,--,2,1972,买盘
744,11:12:33,9.86,--,14,13804,买盘
745,11:12:23,9.86,0.01,5,4930,买盘
746,11:12:18,9.85,--,32,31520,卖盘
747,11:11:48,9.85,-0.01,8,7880,卖盘
748,11:11:38,9.86,--,8,7888,买盘
749,11:11:27,9.86,--,2,1972,买盘
750,11:11:23,9.86,0.01,6,5916,买盘
751,11:10:53,9.85,--,19,18715,卖盘
752,11:10:18,9.85,--,13,12805,卖盘
753,11:10:03,9.85,-0.01,5,4925,卖盘
754,11:09:42,9.86,0.01,37,36482,买盘
755,11:09:33,9.85,-0.01,5,4925,卖盘
756,11:09:22,9.86,0.01,1,986,买盘
757,11:09:08,9.85,-0.01,10,9850,卖盘
758,11:08:53,9.86,0.01,20,19720,买盘
759,11:08:17,9.85,--,14,13790,卖盘
760,11:08:07,9.85,--,10,9850,卖盘
761,11:07:57,9.85,--,108,106380,买盘
762,11:07:52,9.85,--,27,26595,买盘
763,11:07:37,9.85,0.01,50,49250,买盘
764,11:07:32,9.84,--,1,984,卖盘
765,11:07:17,9.84,--,6,5904,卖盘
766,11:06:52,9.84,--,6,5904,卖盘
767,11:06:47,9.84,-0.01,1,984,卖盘
768,11:06:37,9.85,0.01,3,2955,买盘
769,11:06:22,9.84,--,1,984,卖盘
770,11:05:57,9.84,--,13,12792,卖盘
771,11:05:47,9.84,-0.01,39,38376,卖盘
772,11:05:32,9.85,--,21,20685,买盘
773,11:05:22,9.85,0.01,1,985,买盘
774,11:05:17,9.84,-0.01,2,1968,卖盘
775,11:05:12,9.85,--,19,18715,卖盘
776,11:05:06,9.85,--,6,5910,卖盘
777,11:05:02,9.85,--,76,74860,卖盘
778,11:04:57,9.85,--,1,985,卖盘
779,11:04:47,9.85,--,6,5910,卖盘
780,11:04:32,9.85,-0.01,4,3940,卖盘
781,11:04:12,9.86,--,16,15776,买盘
782,11:04:01,9.86,0.01,10,9860,买盘
783,11:03:57,9.85,-0.01,4,3940,卖盘
784,11:03:47,9.86,--,34,33524,卖盘
785,11:03:42,9.86,0.01,3,2958,买盘
786,11:03:36,9.85,-0.01,10,9850,卖盘
787,11:03:27,9.86,0.01,100,98600,买盘
788,11:03:16,9.85,--,5,4925,卖盘
789,11:03:12,9.85,--,46,45310,卖盘
790,11:03:01,9.85,--,1,985,卖盘
791,11:02:46,9.85,0.02,40,39400,买盘
792,11:02:42,9.83,-0.02,495,486585,卖盘
793,11:02:36,9.85,--,2,1970,买盘
794,11:02:31,9.85,0.02,2,1970,买盘
795,11:02:26,9.83,-0.01,48,47184,卖盘
796,11:02:16,9.84,--,23,23448,买盘
797,11:02:12,9.84,--,5,4920,买盘
798,11:02:01,9.84,--,12,11975,卖盘
799,11:01:46,9.84,--,58,57072,卖盘
800,11:01:31,9.84,--,6,5904,卖盘
801,11:01:26,9.84,--,34,33456,卖盘
802,11:01:16,9.84,--,4,3936,卖盘
803,11:01:11,9.84,--,132,129888,卖盘
804,11:00:31,9.84,--,0,0,卖盘
805,11:00:21,9.84,--,20,19680,卖盘
806,11:00:16,9.84,--,0,0,卖盘
807,10:59:56,9.84,--,43,42312,卖盘
808,10:59:51,9.84,--,20,19680,卖盘
809,10:59:41,9.84,--,30,29520,卖盘
810,10:59:36,9.84,--,10,9840,卖盘
811,10:59:31,9.84,--,41,41160,买盘
812,10:59:26,9.84,--,150,147600,买盘
813,10:59:06,9.84,--,51,50184,买盘
814,10:59:01,9.84,--,14,13776,买盘
815,10:58:46,9.84,--,2,1968,买盘
816,10:58:36,9.84,-0.01,246,242064,卖盘
817,10:58:31,9.85,--,50,49250,买盘
818,10:58:21,9.85,0.01,3,2955,买盘
819,10:58:16,9.84,-0.01,2,1968,卖盘
820,10:58:11,9.85,--,30,29550,买盘
821,10:57:41,9.85,--,10,9850,买盘
822,10:57:31,9.85,--,1,985,买盘
823,10:57:26,9.85,--,4,3940,买盘
824,10:57:11,9.85,--,52,51220,买盘
825,10:57:06,9.85,--,20,19700,买盘
826,10:56:56,9.85,--,6,5910,买盘
827,10:56:41,9.85,--,3,2955,买盘
828,10:56:26,9.85,0.01,3,2955,买盘
829,10:56:21,9.84,-0.01,21,20664,卖盘
830,10:56:16,9.85,--,21,20685,买盘
831,10:56:00,9.85,0.01,8,7880,买盘
832,10:55:51,9.84,--,8,7872,卖盘
833,10:55:40,9.84,--,10,9840,卖盘
834,10:55:36,9.84,--,0,0,买盘
835,10:55:30,9.84,--,61,60024,买盘
836,10:55:10,9.84,--,57,56088,卖盘
837,10:54:45,9.84,-0.01,2,1968,卖盘
838,10:54:30,9.85,0.01,4,3940,买盘
839,10:54:25,9.84,-0.01,5,4920,卖盘
840,10:54:05,9.85,--,0,0,买盘
841,10:53:55,9.85,--,11,11002,买盘
842,10:53:45,9.85,0.01,5,4925,买盘
843,10:53:40,9.84,-0.01,8,8688,卖盘
844,10:53:30,9.85,--,1,985,买盘
845,10:53:25,9.85,0.02,21,20685,买盘
846,10:53:20,9.83,-0.01,309,303747,卖盘
847,10:53:05,9.84,--,1,984,卖盘
848,10:52:55,9.84,--,85,83640,卖盘
849,10:52:50,9.84,-0.01,808,795072,卖盘
850,10:52:35,9.85,--,220,216700,卖盘
851,10:52:30,9.85,--,5,4925,卖盘
852,10:52:20,9.85,--,20,19700,卖盘
853,10:52:15,9.85,--,5,4925,卖盘
854,10:52:05,9.85,-0.01,469,461965,卖盘
855,10:51:55,9.86,--,12,11832,卖盘
856,10:51:25,9.86,--,83,81838,卖盘
857,10:51:00,9.86,--,21,20706,卖盘
858,10:50:50,9.86,0.01,13,12818,卖盘
859,10:50:45,9.85,--,9,8865,卖盘
860,10:50:05,9.85,--,2,1970,卖盘
861,10:49:35,9.85,--,0,0,卖盘
862,10:49:30,9.85,--,131,129586,买盘
863,10:49:20,9.85,-0.02,717,706678,卖盘
864,10:49:15,9.87,--,29,28622,卖盘
865,10:49:00,9.87,--,0,0,卖盘
866,10:48:53,9.87,--,5,4935,卖盘
867,10:48:34,9.87,--,15,14804,卖盘
868,10:48:04,9.87,--,0,0,卖盘
869,10:47:54,9.87,--,25,24674,卖盘
870,10:47:34,9.87,--,2,1973,卖盘
871,10:46:59,9.87,-0.01,35,34545,卖盘
872,10:46:49,9.88,--,0,0,买盘
873,10:46:34,9.88,--,5,4940,卖盘
874,10:46:29,9.88,--,10,9880,卖盘
875,10:46:04,9.88,--,8,7904,卖盘
876,10:45:49,9.88,--,77,76076,买盘
877,10:45:44,9.88,0.01,3,2964,买盘
878,10:45:38,9.87,-0.01,5,4935,卖盘
879,10:45:29,9.88,--,1,988,买盘
880,10:45:19,9.88,--,15,14820,买盘
881,10:45:09,9.88,0.01,2,1976,买盘
882,10:44:49,9.87,-0.01,26,25661,卖盘
883,10:44:43,9.88,--,4,3952,买盘
884,10:44:38,9.88,0.01,5,4940,买盘
885,10:44:34,9.87,-0.01,32,31583,卖盘
886,10:44:29,9.88,--,1,988,买盘
887,10:44:14,9.88,--,100,98800,买盘
888,10:43:43,9.88,0.01,11,10868,买盘
889,10:43:34,9.87,--,39,38493,卖盘
890,10:43:19,9.87,--,90,88830,卖盘
891,10:43:13,9.87,--,15,14804,卖盘
892,10:43:09,9.87,--,0,0,卖盘
893,10:42:49,9.87,--,0,0,卖盘
894,10:42:24,9.87,-0.01,108,106595,卖盘
895,10:41:54,9.88,--,1,988,买盘
896,10:41:44,9.88,0.01,39,38532,买盘
897,10:41:08,9.87,-0.01,22,21714,卖盘
898,10:40:53,9.88,0.01,50,49400,买盘
899,10:40:23,9.87,--,11,11261,买盘
900,10:40:13,9.87,--,20,20322,卖盘
901,10:40:08,9.87,-0.01,2,1973,卖盘
902,10:40:04,9.88,0.01,10,9880,买盘
903,10:39:38,9.87,--,0,404,卖盘
904,10:38:58,9.87,--,0,0,卖盘
905,10:38:28,9.87,-0.02,10,9870,卖盘
906,10:38:22,9.89,0.01,109,107801,买盘
907,10:38:13,9.88,-0.01,19,18772,卖盘
908,10:37:58,9.89,--,24,23736,买盘
909,10:37:43,9.89,0.01,7,6923,买盘
910,10:37:37,9.88,--,9,8892,卖盘
911,10:37:28,9.88,--,21,20748,卖盘
912,10:37:17,9.88,--,1,988,卖盘
913,10:37:13,9.88,-0.01,6,5928,卖盘
914,10:37:07,9.89,--,0,0,买盘
915,10:36:52,9.89,0.01,10,9890,买盘
916,10:36:47,9.88,--,0,0,中性盘
917,10:36:43,9.88,--,0,0,卖盘
918,10:36:37,9.88,--,50,49400,卖盘
919,10:36:28,9.88,0.02,241,238898,买盘
920,10:36:22,9.86,--,20,19720,卖盘
921,10:36:07,9.86,--,13,12965,卖盘
922,10:35:58,9.86,-0.01,10,9860,卖盘
923,10:35:52,9.87,0.01,50,49349,买盘
924,10:35:43,9.86,--,276,272136,卖盘
925,10:35:37,9.86,-0.01,10,9860,卖盘
926,10:35:07,9.87,--,10,9870,买盘
927,10:35:02,9.87,-0.01,570,562590,卖盘
928,10:34:52,9.88,--,208,205504,卖盘
929,10:34:43,9.88,-0.01,10,9880,卖盘
930,10:34:33,9.89,0.01,57,56373,买盘
931,10:34:22,9.88,--,1,988,卖盘
932,10:34:02,9.88,--,10,9880,卖盘
933,10:33:52,9.88,-0.01,53,52364,卖盘
934,10:33:27,9.89,0.01,1,989,买盘
935,10:33:02,9.88,--,29,28652,卖盘
936,10:32:57,9.88,-0.01,30,29640,卖盘
937,10:32:42,9.89,0.01,5,4945,买盘
938,10:32:27,9.88,-0.01,3,2964,卖盘
939,10:32:07,9.89,--,2,1978,买盘
940,10:32:02,9.89,0.01,4,3956,卖盘
941,10:31:37,9.88,-0.01,14,13832,卖盘
942,10:31:31,9.89,--,8,7912,卖盘
943,10:31:22,9.89,--,0,0,买盘
944,10:31:07,9.89,--,30,29670,买盘
945,10:30:52,9.89,--,3,2967,买盘
946,10:30:31,9.89,--,75,74175,买盘
947,10:30:16,9.89,0.01,31,30659,买盘
948,10:30:07,9.88,-0.01,1,988,卖盘
949,10:29:52,9.89,--,146,144394,卖盘
950,10:29:22,9.89,--,3,2967,卖盘
951,10:29:16,9.89,--,9,8901,卖盘
952,10:28:56,9.89,-0.01,40,39560,卖盘
953,10:28:37,9.9,--,21,20790,买盘
954,10:28:22,9.9,-0.01,53,52470,卖盘
955,10:28:11,9.91,0.01,4,3964,买盘
956,10:28:07,9.9,-0.01,30,29700,卖盘
957,10:27:46,9.91,--,10,9910,买盘
958,10:27:37,9.91,0.01,7,6937,买盘
959,10:27:16,9.9,--,10,9900,卖盘
960,10:26:56,9.9,--,118,116820,买盘
961,10:26:37,9.9,--,2,1980,买盘
962,10:26:31,9.9,0.01,1,990,买盘
963,10:26:16,9.89,-0.01,15,14835,卖盘
964,10:26:01,9.9,--,10,9900,买盘
965,10:25:46,9.9,--,60,59400,买盘
966,10:25:41,9.9,0.01,26,25740,买盘
967,10:25:31,9.89,--,50,49450,买盘
968,10:25:26,9.89,--,4,3956,买盘
969,10:25:16,9.89,0.01,39,38571,中性盘
970,10:25:11,9.88,-0.01,20,19760,卖盘
971,10:25:01,9.89,--,17,16813,卖盘
972,10:24:46,9.89,--,48,47472,买盘
973,10:24:21,9.89,--,50,49450,买盘
974,10:24:01,9.89,--,20,19780,买盘
975,10:23:55,9.89,--,16,15824,买盘
976,10:23:51,9.89,--,15,14835,买盘
977,10:23:25,9.89,--,25,24725,买盘
978,10:23:20,9.89,--,20,19780,买盘
979,10:23:05,9.89,--,0,0,中性盘
980,10:23:01,9.89,--,5,4945,买盘
981,10:22:46,9.89,0.01,6,5934,中性盘
982,10:22:35,9.88,-0.02,20,19760,卖盘
983,10:22:31,9.9,0.01,20,19800,买盘
984,10:22:25,9.89,-0.01,62,62089,卖盘
985,10:22:10,9.9,--,168,166537,买盘
986,10:22:05,9.9,0.01,100,99000,买盘
987,10:21:40,9.89,-0.01,20,19780,卖盘
988,10:21:35,9.9,--,0,0,买盘
989,10:21:31,9.9,0.02,10,9900,买盘
990,10:21:10,9.88,--,0,0,卖盘
991,10:20:40,9.88,--,200,197600,卖盘
992,10:20:31,9.88,--,1,988,卖盘
993,10:20:20,9.88,-0.01,8,7904,卖盘
994,10:20:05,9.89,0.01,71,70219,买盘
995,10:20:01,9.88,-0.01,14,13832,卖盘
996,10:19:55,9.89,--,74,73186,买盘
997,10:19:50,9.89,--,50,49450,买盘
998,10:19:35,9.89,--,11,10879,买盘
999,10:19:05,9.89,0.01,43,42527,买盘
1000,10:19:00,9.88,--,61,60268,卖盘
1001,10:18:55,9.88,--,2,1976,卖盘
1002,10:18:40,9.88,--,6,5928,卖盘
1003,10:18:20,9.88,--,17,16796,卖盘
1004,10:18:05,9.88,--,9,8892,卖盘
1005,10:17:40,9.88,--,24,23712,卖盘
1006,10:17:35,9.88,-0.01,5,4940,卖盘
1007,10:17:19,9.89,0.01,10,9890,买盘
1008,10:17:15,9.88,-0.01,8,7904,卖盘
1009,10:17:10,9.89,--,24,24319,卖盘
1010,10:17:04,9.89,--,5,4945,卖盘
1011,10:17:00,9.89,0.01,21,21174,买盘
1012,10:16:55,9.88,-0.01,20,19760,卖盘
1013,10:16:49,9.89,0.01,8,7912,买盘
1014,10:16:34,9.88,-0.01,12,11856,卖盘
1015,10:16:25,9.89,0.01,9,8901,买盘
1016,10:16:10,9.88,--,23,22724,卖盘
1017,10:15:55,9.88,-0.01,26,25688,卖盘
1018,10:15:49,9.89,-0.01,26,25714,卖盘
1019,10:15:40,9.9,--,54,53460,买盘
1020,10:15:29,9.9,--,131,129690,买盘
1021,10:15:25,9.9,0.01,18,17820,买盘
1022,10:15:19,9.89,-0.01,164,162196,卖盘
1023,10:15:10,9.9,0.01,102,100980,中性盘
1024,10:15:04,9.89,-0.02,11,10879,卖盘
1025,10:14:59,9.91,--,18,17838,买盘
1026,10:14:55,9.91,--,2,1982,买盘
1027,10:14:49,9.91,--,160,158560,卖盘
1028,10:14:40,9.91,--,25,24775,卖盘
1029,10:14:34,9.91,-0.01,3,2973,卖盘
1030,10:14:29,9.92,--,5,4960,买盘
1031,10:14:24,9.92,0.01,54,53568,买盘
1032,10:14:19,9.91,-0.01,3,2973,卖盘
1033,10:14:09,9.92,--,9,8928,买盘
1034,10:14:04,9.92,--,50,49600,买盘
1035,10:13:59,9.92,--,33,32736,买盘
1036,10:13:54,9.92,--,10,9920,买盘
1037,10:13:49,9.92,-0.01,64,63488,卖盘
1038,10:13:44,9.93,0.01,5,4965,买盘
1039,10:13:39,9.92,--,11,10912,卖盘
1040,10:13:34,9.92,--,20,19840,卖盘
1041,10:13:29,9.92,--,119,118048,买盘
1042,10:13:24,9.92,0.01,1,992,买盘
1043,10:13:19,9.91,-0.01,36,35676,卖盘
1044,10:13:14,9.92,--,30,29760,买盘
1045,10:13:09,9.92,0.01,300,297600,买盘
1046,10:13:04,9.91,0.01,2,1982,买盘
1047,10:12:59,9.9,0.02,80,79269,买盘
1048,10:12:54,9.88,--,1,988,卖盘
1049,10:12:49,9.88,--,164,162032,买盘
1050,10:12:44,9.88,0.01,1064,1051232,买盘
1051,10:12:39,9.87,-0.01,6,5921,卖盘
1052,10:12:34,9.88,--,192,189696,买盘
1053,10:12:29,9.88,-0.01,558,551304,卖盘
1054,10:12:19,9.89,0.01,5,4945,买盘
1055,10:12:04,9.88,--,82,81016,买盘
1056,10:11:59,9.88,--,5,4940,买盘
1057,10:11:49,9.88,--,17,16796,卖盘
1058,10:11:44,9.88,--,11,10868,卖盘
1059,10:11:34,9.88,--,1,988,卖盘
1060,10:11:14,9.88,-0.01,300,296400,卖盘
1061,10:11:09,9.89,--,40,39560,买盘
1062,10:11:04,9.89,--,2,1978,买盘
1063,10:10:59,9.89,0.01,2,1978,买盘
1064,10:10:49,9.88,-0.02,20,19760,卖盘
1065,10:10:44,9.9,--,0,0,买盘
1066,10:10:34,9.9,0.01,159,157410,买盘
1067,10:10:19,9.89,--,39,38571,卖盘
1068,10:10:13,9.89,--,23,22747,卖盘
1069,10:10:04,9.89,--,4,3956,买盘
1070,10:09:58,9.89,0.01,7,6923,买盘
1071,10:09:34,9.88,-0.01,19,18772,卖盘
1072,10:09:28,9.89,-0.01,20,19780,卖盘
1073,10:09:13,9.9,--,26,25740,买盘
1074,10:09:09,9.9,0.01,30,29700,买盘
1075,10:09:04,9.89,0.01,71,70219,买盘
1076,10:08:49,9.88,--,10,9880,卖盘
1077,10:08:39,9.88,0.01,6,5928,卖盘
1078,10:08:34,9.87,--,0,0,卖盘
1079,10:08:28,9.87,-0.01,44,43428,卖盘
1080,10:08:24,9.88,--,78,77064,买盘
1081,10:08:19,9.88,--,20,19760,买盘
1082,10:08:13,9.88,--,4,3952,买盘
1083,10:08:04,9.88,--,1,988,买盘
1084,10:07:58,9.88,0.01,4,3952,买盘
1085,10:07:53,9.87,--,11,10857,卖盘
1086,10:07:49,9.87,-0.01,97,95738,卖盘
1087,10:07:43,9.88,--,1,988,买盘
1088,10:07:34,9.88,0.01,6,5928,中性盘
1089,10:07:28,9.87,-0.02,145,143115,卖盘
1090,10:07:23,9.89,--,54,53406,买盘
1091,10:07:19,9.89,0.01,20,19780,买盘
1092,10:07:13,9.88,--,82,81016,卖盘
1093,10:07:08,9.88,--,5,4940,卖盘
1094,10:07:03,9.88,--,2,1976,卖盘
1095,10:06:58,9.88,-0.01,60,59280,卖盘
1096,10:06:53,9.89,--,10,9890,买盘
1097,10:06:48,9.89,--,12,11868,卖盘
1098,10:06:28,9.89,--,59,58351,买盘
1099,10:06:18,9.89,--,5,4945,买盘
1100,10:06:08,9.89,--,100,98900,卖盘
1101,10:06:03,9.89,--,51,50439,卖盘
1102,10:05:53,9.89,-0.01,43,42527,卖盘
1103,10:05:48,9.9,0.01,14,13860,买盘
1104,10:05:43,9.89,-0.01,3,2967,卖盘
1105,10:05:38,9.9,0.01,20,19800,买盘
1106,10:05:33,9.89,-0.01,65,64285,卖盘
1107,10:05:23,9.9,--,20,19800,买盘
1108,10:05:13,9.9,--,20,19800,买盘
1109,10:05:03,9.9,--,159,157410,买盘
1110,10:04:53,9.9,0.01,27,26730,买盘
1111,10:04:43,9.89,-0.01,24,23736,卖盘
1112,10:04:33,9.9,0.01,4,3960,买盘
1113,10:04:28,9.89,-0.01,10,9890,卖盘
1114,10:04:23,9.9,0.01,31,30690,买盘
1115,10:04:08,9.89,--,11,10879,卖盘
1116,10:03:58,9.89,--,8,7912,卖盘
1117,10:03:53,9.89,-0.01,59,58351,卖盘
1118,10:03:43,9.9,--,310,306900,买盘
1119,10:03:38,9.9,0.01,4,3960,买盘
1120,10:03:22,9.89,--,20,19780,卖盘
1121,10:03:13,9.89,-0.01,50,49450,卖盘
1122,10:03:07,9.9,--,14,13860,买盘
1123,10:03:03,9.9,0.01,50,49500,买盘
1124,10:02:58,9.89,--,120,118680,卖盘
1125,10:02:43,9.89,-0.01,52,51428,卖盘
1126,10:02:37,9.9,0.01,217,214830,买盘
1127,10:02:28,9.89,--,68,67252,卖盘
1128,10:02:22,9.89,-0.01,1,989,卖盘
1129,10:02:13,9.9,--,11,10890,买盘
1130,10:02:07,9.9,--,92,91080,买盘
1131,10:01:58,9.9,0.01,1,990,买盘
1132,10:01:43,9.89,-0.01,36,35604,卖盘
1133,10:01:37,9.9,-0.01,50,49500,卖盘
1134,10:01:28,9.91,0.01,1,991,买盘
1135,10:01:22,9.9,--,3,2970,卖盘
1136,10:01:18,9.9,--,11,10890,卖盘
1137,10:01:13,9.9,--,72,71280,买盘
1138,10:01:07,9.9,0.01,4,3960,买盘
1139,10:01:03,9.89,-0.01,30,29670,卖盘
1140,10:00:58,9.9,0.01,23,22770,买盘
1141,10:00:52,9.89,-0.01,3,2967,卖盘
1142,10:00:43,9.9,0.01,6,5940,买盘
1143,10:00:22,9.89,-0.01,15,14835,卖盘
1144,10:00:17,9.9,--,25,24750,买盘
1145,10:00:12,9.9,--,68,67320,买盘
1146,10:00:02,9.9,0.01,11,10890,买盘
1147,09:59:52,9.89,--,2,1978,卖盘
1148,09:59:47,9.89,-0.01,7,6923,卖盘
1149,09:59:37,9.9,--,12,11880,买盘
1150,09:59:32,9.9,--,59,58410,买盘
1151,09:59:27,9.9,--,2,1980,卖盘
1152,09:59:22,9.9,-0.01,89,88110,卖盘
1153,09:59:17,9.91,0.01,294,291354,买盘
1154,09:59:07,9.9,--,70,69300,卖盘
1155,09:59:02,9.9,--,10,9900,卖盘
1156,09:58:57,9.9,-0.01,50,49500,卖盘
1157,09:58:47,9.91,--,25,24775,买盘
1158,09:58:37,9.91,0.01,11,10901,买盘
1159,09:58:32,9.9,--,22,21780,卖盘
1160,09:58:22,9.9,--,5,4950,卖盘
1161,09:58:17,9.9,--,15,14850,卖盘
1162,09:58:07,9.9,-0.01,20,19800,卖盘
1163,09:58:02,9.91,0.01,178,176398,买盘
1164,09:57:47,9.9,-0.01,20,19800,卖盘
1165,09:57:37,9.91,0.01,6,5946,买盘
1166,09:57:32,9.9,--,25,24750,卖盘
1167,09:57:22,9.9,-0.01,31,30690,卖盘
1168,09:57:17,9.91,--,12,11892,买盘
1169,09:57:02,9.91,--,276,273516,卖盘
1170,09:56:57,9.91,-0.01,12,11892,卖盘
1171,09:56:52,9.92,--,5,4960,买盘
1172,09:56:47,9.92,0.01,8,7936,买盘
1173,09:56:37,9.91,--,16,15856,卖盘
1174,09:56:31,9.91,-0.01,11,10901,卖盘
1175,09:56:27,9.92,0.01,11,10912,买盘
1176,09:56:22,9.91,--,10,9910,卖盘
1177,09:56:16,9.91,--,56,55496,卖盘
1178,09:56:12,9.91,--,36,35676,买盘
1179,09:56:07,9.91,--,10,9910,买盘
1180,09:55:52,9.91,--,10,9910,卖盘
1181,09:55:46,9.91,-0.01,11,10901,卖盘
1182,09:55:37,9.92,--,12,11904,买盘
1183,09:55:31,9.92,0.01,68,67456,买盘
1184,09:55:22,9.91,0.01,205,203155,买盘
1185,09:55:07,9.9,--,20,19800,卖盘
1186,09:55:01,9.9,--,34,33660,买盘
1187,09:54:52,9.9,--,17,16830,买盘
1188,09:54:46,9.9,--,11,10890,买盘
1189,09:54:42,9.9,-0.01,63,62370,卖盘
1190,09:54:31,9.91,0.01,21,20811,买盘
1191,09:54:27,9.9,--,4,3960,买盘
1192,09:54:22,9.9,--,161,159390,买盘
1193,09:54:16,9.9,0.01,13,12870,买盘
1194,09:54:07,9.89,-0.01,87,86043,卖盘
1195,09:54:01,9.9,--,5,4950,买盘
1196,09:53:52,9.9,0.01,32,31680,买盘
1197,09:53:46,9.89,-0.01,15,14835,卖盘
1198,09:53:37,9.9,--,30,29700,买盘
1199,09:53:31,9.9,--,179,177210,卖盘
1200,09:53:27,9.9,-0.01,10,9900,卖盘
1201,09:53:22,9.91,--,12,11892,买盘
1202,09:53:16,9.91,--,20,19820,买盘
1203,09:53:12,9.91,--,33,32703,买盘
1204,09:53:01,9.91,--,36,35676,买盘
1205,09:52:52,9.91,-0.01,33,32703,卖盘
1206,09:52:46,9.92,0.01,23,22816,买盘
1207,09:52:42,9.91,--,38,37658,卖盘
1208,09:52:36,9.91,--,25,24775,卖盘
1209,09:52:31,9.91,-0.01,84,83244,卖盘
1210,09:52:26,9.92,--,19,18848,买盘
1211,09:52:16,9.92,--,21,20832,买盘
1212,09:52:11,9.92,--,9,8928,卖盘
1213,09:52:06,9.92,--,231,229152,卖盘
1214,09:52:01,9.92,0.01,175,173600,买盘
1215,09:51:56,9.91,-0.01,20,19820,卖盘
1216,09:51:51,9.92,--,36,35712,买盘
1217,09:51:46,9.92,--,39,38688,买盘
1218,09:51:41,9.92,--,47,46624,买盘
1219,09:51:36,9.92,--,149,147808,买盘
1220,09:51:31,9.92,--,34,33728,买盘
1221,09:51:26,9.92,-0.01,182,180544,卖盘
1222,09:51:21,9.93,0.01,1,993,买盘
1223,09:51:16,9.92,--,5,4960,卖盘
1224,09:51:11,9.92,-0.01,24,23808,中性盘
1225,09:51:06,9.93,--,6,5958,买盘
1226,09:51:01,9.93,0.01,111,110223,买盘
1227,09:50:56,9.92,0.01,12,11904,买盘
1228,09:50:51,9.91,--,13,12883,卖盘
1229,09:50:46,9.91,--,57,56487,买盘
1230,09:50:41,9.91,--,115,113965,买盘
1231,09:50:31,9.91,0.01,3,2973,买盘
1232,09:50:26,9.9,--,20,19800,卖盘
1233,09:50:21,9.9,0.04,1156,1144440,买盘
1234,09:50:16,9.86,-0.02,87,85782,卖盘
1235,09:50:11,9.88,--,0,0,买盘
1236,09:50:06,9.88,0.01,127,125476,买盘
1237,09:50:01,9.87,0.01,70,69090,买盘
1238,09:49:56,9.86,--,5,4930,卖盘
1239,09:49:51,9.86,--,19,18734,卖盘
1240,09:49:46,9.86,-0.01,224,220864,卖盘
1241,09:49:41,9.87,0.01,104,102647,买盘
1242,09:49:36,9.86,--,172,169592,卖盘
1243,09:49:31,9.86,-0.01,50,49300,卖盘
1244,09:49:25,9.87,0.01,78,76986,买盘
1245,09:49:21,9.86,--,10,9860,卖盘
1246,09:49:16,9.86,--,48,47328,卖盘
1247,09:49:10,9.86,--,50,49300,卖盘
1248,09:49:01,9.86,0.01,556,548216,买盘
1249,09:48:51,9.85,--,8,7880,卖盘
1250,09:48:46,9.85,--,15,14775,卖盘
1251,09:48:31,9.85,0.01,150,148459,买盘
1252,09:48:21,9.84,-0.01,38,37392,卖盘
1253,09:48:16,9.85,0.01,1,985,买盘
1254,09:48:10,9.84,--,54,53136,卖盘
1255,09:48:01,9.84,-0.01,19,18696,卖盘
1256,09:47:55,9.85,--,231,227810,卖盘
1257,09:47:51,9.85,--,2,1970,卖盘
1258,09:47:46,9.85,-0.01,254,250190,卖盘
1259,09:47:40,9.86,0.01,11,10846,买盘
1260,09:47:35,9.85,-0.01,28,27580,卖盘
1261,09:47:31,9.86,--,23,22678,卖盘
1262,09:47:25,9.86,0.01,14,13804,买盘
1263,09:47:21,9.85,-0.01,1,985,卖盘
1264,09:47:16,9.86,--,35,34510,买盘
1265,09:47:10,9.86,--,80,78880,买盘
1266,09:47:01,9.86,--,2,1972,买盘
1267,09:46:55,9.86,--,2,1972,买盘
1268,09:46:46,9.86,0.01,20,19720,买盘
1269,09:46:36,9.85,--,15,14775,卖盘
1270,09:46:31,9.85,-0.01,1,985,卖盘
1271,09:46:25,9.86,--,1,986,买盘
1272,09:46:21,9.86,0.01,11,10846,买盘
1273,09:46:15,9.85,-0.01,97,95545,卖盘
1274,09:46:10,9.86,--,4,3944,买盘
1275,09:46:06,9.86,--,63,62118,卖盘
1276,09:45:55,9.86,--,11,10846,卖盘
1277,09:45:40,9.86,--,68,67048,买盘
1278,09:45:35,9.86,--,23,22678,买盘
1279,09:45:15,9.86,-0.01,41,40426,卖盘
1280,09:45:10,9.87,0.02,10,9870,买盘
1281,09:45:05,9.85,--,0,0,卖盘
1282,09:45:00,9.85,-0.01,275,270875,卖盘
1283,09:44:55,9.86,--,27,26622,买盘
1284,09:44:50,9.86,--,3,2958,买盘
1285,09:44:45,9.86,--,60,59160,买盘
1286,09:44:40,9.86,0.01,71,70006,买盘
1287,09:44:35,9.85,-0.02,185,182225,卖盘
1288,09:44:30,9.87,0.01,2,1973,买盘
1289,09:44:25,9.86,-0.01,90,88740,卖盘
1290,09:44:20,9.87,0.01,11,10857,买盘
1291,09:44:15,9.86,-0.01,10,9860,卖盘
1292,09:44:10,9.87,0.01,166,163842,买盘
1293,09:44:05,9.86,-0.01,14,13804,卖盘
1294,09:43:55,9.87,--,2,1973,买盘
1295,09:43:50,9.87,--,30,29609,买盘
1296,09:43:45,9.87,0.01,7,6908,买盘
1297,09:43:40,9.86,-0.01,23,22678,卖盘
1298,09:43:35,9.87,--,142,140154,卖盘
1299,09:43:25,9.87,--,190,187529,卖盘
1300,09:43:10,9.87,--,30,29609,卖盘
1301,09:43:05,9.87,--,247,243788,买盘
1302,09:42:55,9.87,0.01,138,136206,买盘
1303,09:42:50,9.86,-0.01,162,159732,卖盘
1304,09:42:45,9.87,--,3,2960,买盘
1305,09:42:34,9.87,--,11,10857,买盘
1306,09:42:30,9.87,--,10,9870,买盘
1307,09:42:25,9.87,0.01,3,2960,买盘
1308,09:42:19,9.86,--,43,42398,买盘
1309,09:42:15,9.86,0.01,5,4930,买盘
1310,09:41:55,9.85,--,48,47989,买盘
1311,09:41:49,9.85,0.01,7,6895,买盘
1312,09:41:45,9.84,-0.01,18,17712,卖盘
1313,09:41:40,9.85,--,15,14775,买盘
1314,09:41:34,9.85,0.01,35,34475,买盘
1315,09:41:25,9.84,--,21,20664,卖盘
1316,09:41:15,9.84,-0.01,4,3936,卖盘
1317,09:41:10,9.85,0.01,100,98500,买盘
1318,09:41:00,9.84,-0.01,20,19680,卖盘
1319,09:40:49,9.85,0.01,15,14775,买盘
1320,09:40:40,9.84,0.01,50,49200,中性盘
1321,09:40:34,9.83,--,128,125824,卖盘
1322,09:40:29,9.83,-0.01,50,49150,卖盘
1323,09:40:25,9.84,0.01,83,81672,买盘
1324,09:40:19,9.83,-0.01,300,294900,卖盘
1325,09:40:14,9.84,--,90,88560,买盘
1326,09:40:10,9.84,--,87,85608,卖盘
1327,09:39:59,9.84,--,158,155472,卖盘
1328,09:39:54,9.84,-0.01,14,13776,卖盘
1329,09:39:49,9.85,0.01,4,3940,买盘
1330,09:39:44,9.84,-0.01,1,984,中性盘
1331,09:39:34,9.85,0.02,42,41370,买盘
1332,09:39:29,9.83,-0.02,14,13762,卖盘
1333,09:39:14,9.85,0.02,11,10835,买盘
1334,09:39:09,9.83,-0.01,84,82572,卖盘
1335,09:39:04,9.84,--,71,69864,卖盘
1336,09:38:59,9.84,-0.02,101,99384,卖盘
1337,09:38:54,9.86,--,2,1972,买盘
1338,09:38:49,9.86,0.01,20,19720,买盘
1339,09:38:44,9.85,-0.01,25,24625,卖盘
1340,09:38:39,9.86,0.01,124,122264,买盘
1341,09:38:34,9.85,--,197,194045,卖盘
1342,09:38:29,9.85,-0.01,1,985,卖盘
1343,09:38:24,9.86,0.01,27,26622,买盘
1344,09:38:19,9.85,--,26,25610,卖盘
1345,09:38:14,9.85,--,3,2955,卖盘
1346,09:38:09,9.85,-0.01,7,6895,卖盘
1347,09:38:04,9.86,0.01,64,63104,买盘
1348,09:37:59,9.85,--,4,3940,中性盘
1349,09:37:54,9.85,--,0,0,买盘
1350,09:37:44,9.85,0.01,1,985,中性盘
1351,09:37:39,9.84,-0.01,75,73800,卖盘
1352,09:37:34,9.85,-0.01,20,19700,中性盘
1353,09:37:29,9.86,0.01,133,131138,买盘
1354,09:37:19,9.85,--,38,37430,买盘
1355,09:37:14,9.85,--,6,5910,买盘
1356,09:37:04,9.85,0.01,25,24625,买盘
1357,09:36:59,9.84,-0.01,4,3936,买盘
1358,09:36:54,9.85,--,0,0,买盘
1359,09:36:49,9.85,0.02,10,9850,买盘
1360,09:36:44,9.83,--,1,983,卖盘
1361,09:36:34,9.83,-0.02,269,264427,卖盘
1362,09:36:28,9.85,--,65,64025,买盘
1363,09:36:19,9.85,--,0,0,买盘
1364,09:36:13,9.85,0.01,26,25610,买盘
1365,09:36:09,9.84,--,9,8856,买盘
1366,09:36:04,9.84,--,32,31488,卖盘
1367,09:35:58,9.84,--,10,9840,卖盘
1368,09:35:54,9.84,-0.01,1,984,卖盘
1369,09:35:49,9.85,0.01,94,92590,买盘
1370,09:35:43,9.84,--,4,3936,卖盘
1371,09:35:39,9.84,--,4,3936,卖盘
1372,09:35:28,9.84,--,1,984,买盘
1373,09:35:24,9.84,--,10,9840,买盘
1374,09:35:19,9.84,--,20,19680,买盘
1375,09:35:13,9.84,--,6,5904,买盘
1376,09:35:04,9.84,--,31,30504,买盘
1377,09:34:43,9.84,--,2,1968,买盘
1378,09:34:39,9.84,--,21,20664,买盘
1379,09:34:34,9.84,0.01,10,9840,买盘
1380,09:34:13,9.83,-0.01,10,9830,卖盘
1381,09:33:58,9.84,0.01,26,25584,买盘
1382,09:33:54,9.83,--,4,3932,卖盘
1383,09:33:48,9.83,0.01,16,15728,卖盘
1384,09:33:43,9.82,--,99,97218,卖盘
1385,09:33:38,9.82,-0.01,19,18658,卖盘
1386,09:33:33,9.83,0.01,2,1966,买盘
1387,09:33:28,9.82,-0.01,37,36334,卖盘
1388,09:33:23,9.83,--,6,5898,买盘
1389,09:33:18,9.83,--,66,64878,卖盘
1390,09:33:08,9.83,-0.01,3,2949,卖盘
1391,09:32:58,9.84,0.01,82,80688,买盘
1392,09:32:53,9.83,--,50,49150,卖盘
1393,09:32:43,9.83,--,79,77657,卖盘
1394,09:32:38,9.83,--,29,28507,买盘
1395,09:32:28,9.83,--,10,9830,买盘
1396,09:32:23,9.83,0.01,62,60946,卖盘
1397,09:31:53,9.82,--,0,0,卖盘
1398,09:31:48,9.82,--,0,0,卖盘
1399,09:31:43,9.82,--,0,0,卖盘
1400,09:31:38,9.82,-0.01,87,85434,卖盘
1401,09:31:33,9.83,--,2,1966,买盘
1402,09:31:23,9.83,--,29,28507,买盘
1403,09:31:18,9.83,0.01,12,11796,买盘
1404,09:31:13,9.82,--,189,185598,卖盘
1405,09:30:53,9.82,0.01,20,19640,卖盘
1406,09:30:43,9.81,--,7,6867,卖盘
1407,09:30:33,9.81,--,0,0,卖盘
1408,09:30:28,9.81,-0.01,37,36297,卖盘
1409,09:30:23,9.82,--,26,25532,卖盘
1410,09:30:13,9.82,-0.01,12,11784,卖盘
1411,09:30:07,9.83,-0.01,329,323407,卖盘
1412,09:28:52,9.84,--,0,0,卖盘
1413,09:25:05,9.84,9.84,114,112176,买盘
