,time,price,change,volume,amount,type
0,15:00:00,8.81,--,0,0,买盘
1,15:00:00,8.81,--,0,0,买盘
2,14:59:59,8.81,--,2,1762,买盘
3,14:59:57,8.81,--,24,21144,卖盘
4,14:59:51,8.81,--,55,48455,卖盘
5,14:59:42,8.81,--,50,44050,卖盘
6,14:59:27,8.81,--,68,59908,买盘
7,14:59:21,8.81,--,6,5286,买盘
8,14:59:12,8.81,--,12,10572,买盘
9,14:59:01,8.81,--,48,42288,买盘
10,14:58:51,8.81,0.01,9,7929,买盘
11,14:58:46,8.8,-0.01,30,26400,卖盘
12,14:58:42,8.81,--,39,34359,买盘
13,14:58:31,8.81,--,10,8810,买盘
14,14:58:16,8.81,--,9,7929,买盘
15,14:57:56,8.81,--,26,22906,买盘
16,14:57:51,8.81,--,10,8810,买盘
17,14:57:46,8.81,--,5,4405,买盘
18,14:57:41,8.81,--,15,13215,买盘
19,14:57:31,8.81,-0.01,10,8810,中性盘
20,14:57:21,8.82,0.01,10,8820,买盘
21,14:57:11,8.81,-0.01,11,9691,卖盘
22,14:57:06,8.82,0.01,1,882,买盘
23,14:57:01,8.81,--,8,7048,买盘
24,14:56:56,8.81,0.01,17,14977,卖盘
25,14:56:51,8.8,-0.01,10,8800,卖盘
26,14:56:41,8.81,0.01,17,14977,买盘
27,14:56:26,8.8,--,100,88000,卖盘
28,14:56:11,8.8,-0.01,30,26400,卖盘
29,14:55:56,8.81,0.01,236,207916,买盘
30,14:55:51,8.8,--,1,880,卖盘
31,14:55:41,8.8,-0.01,13,11440,卖盘
32,14:55:01,8.81,0.01,1,881,买盘
33,14:54:51,8.8,--,20,17600,卖盘
34,14:54:41,8.8,--,52,46384,卖盘
35,14:54:36,8.8,--,7,6160,卖盘
36,14:54:26,8.8,--,60,52800,卖盘
37,14:54:21,8.8,-0.01,6,5280,卖盘
38,14:54:16,8.81,--,6,5286,买盘
39,14:54:01,8.81,--,23,20263,买盘
40,14:53:51,8.81,--,19,16739,买盘
41,14:53:21,8.81,--,34,29954,买盘
42,14:52:40,8.81,--,3,2643,买盘
43,14:52:36,8.81,--,3,2643,买盘
44,14:52:15,8.81,0.01,19,16739,买盘
45,14:52:06,8.8,--,5,4400,卖盘
46,14:51:55,8.8,--,4,3520,卖盘
47,14:51:51,8.8,--,30,26400,卖盘
48,14:51:30,8.8,-0.01,3,2640,卖盘
49,14:51:15,8.81,0.01,2,1762,买盘
50,14:50:55,8.8,0.01,5,4400,买盘
51,14:50:45,8.79,-0.01,2,1757,卖盘
52,14:50:35,8.8,0.01,20,17600,买盘
53,14:50:20,8.79,-0.01,3,2636,卖盘
54,14:50:10,8.8,--,3,2640,买盘
55,14:49:55,8.8,--,25,22000,买盘
56,14:49:50,8.8,0.01,5,4400,买盘
57,14:49:45,8.79,--,3,2636,卖盘
58,14:49:20,8.79,0.01,34,29885,买盘
59,14:48:55,8.78,-0.01,3,2634,卖盘
60,14:48:50,8.79,--,31,27248,卖盘
61,14:48:35,8.79,--,4,3515,卖盘
62,14:48:20,8.79,--,25,21974,卖盘
63,14:48:05,8.79,--,40,35160,卖盘
64,14:48:00,8.79,--,50,43949,卖盘
65,14:47:55,8.79,--,2,1757,卖盘
66,14:47:30,8.79,-0.01,30,26369,卖盘
67,14:47:25,8.8,0.01,3,2640,买盘
68,14:47:20,8.79,-0.01,49,43070,卖盘
69,14:47:10,8.8,0.01,2,1760,买盘
70,14:47:04,8.79,--,5,4395,卖盘
71,14:46:55,8.79,--,11,9668,卖盘
72,14:46:45,8.79,--,2,1757,卖盘
73,14:46:19,8.79,-0.01,10,8790,卖盘
74,14:46:15,8.8,0.01,2,1760,买盘
75,14:46:00,8.79,--,3,2636,卖盘
76,14:45:39,8.79,-0.01,3,2636,卖盘
77,14:45:30,8.8,--,10,8800,买盘
78,14:45:24,8.8,0.01,1,880,买盘
79,14:45:19,8.79,--,10,8790,卖盘
80,14:45:09,8.79,--,3,2636,卖盘
81,14:44:49,8.79,-0.01,1,878,卖盘
82,14:44:39,8.8,0.01,5,4400,买盘
83,14:44:34,8.79,--,50,43949,卖盘
84,14:44:29,8.79,--,4,3515,卖盘
85,14:44:00,8.79,--,5,4395,买盘
86,14:43:29,8.79,0.01,3,2636,买盘
87,14:43:24,8.78,--,23,20194,卖盘
88,14:43:04,8.78,--,25,21950,卖盘
89,14:42:44,8.78,-0.01,2,1755,卖盘
90,14:42:39,8.79,0.01,2,1757,买盘
91,14:42:29,8.78,--,50,43900,卖盘
92,14:42:24,8.78,--,45,39510,卖盘
93,14:42:19,8.78,--,100,87800,卖盘
94,14:41:44,8.78,--,3,2634,卖盘
95,14:41:34,8.78,-0.01,70,61459,卖盘
96,14:41:29,8.79,0.01,2,1757,买盘
97,14:41:09,8.78,-0.01,9,7901,卖盘
98,14:40:59,8.79,0.01,110,96689,买盘
99,14:40:49,8.78,-0.01,43,37754,卖盘
100,14:40:44,8.79,0.01,12,10547,买盘
101,14:40:39,8.78,-0.01,10,8780,卖盘
102,14:40:19,8.79,--,51,44828,卖盘
103,14:40:09,8.79,--,80,70320,卖盘
104,14:40:04,8.79,--,34,29885,卖盘
105,14:39:58,8.79,--,1,878,卖盘
106,14:39:49,8.79,--,3,2636,卖盘
107,14:39:39,8.79,-0.01,3,2636,卖盘
108,14:39:33,8.8,--,6,5280,买盘
109,14:39:24,8.8,0.01,18,15840,买盘
110,14:39:18,8.79,-0.01,24,21095,卖盘
111,14:39:09,8.8,--,44,38720,卖盘
112,14:38:53,8.8,--,10,8800,卖盘
113,14:38:13,8.8,--,3,2640,卖盘
114,14:37:43,8.8,-0.01,2,1760,卖盘
115,14:37:33,8.81,0.01,3,2643,买盘
116,14:37:18,8.8,--,9,7920,卖盘
117,14:37:08,8.8,-0.01,2,1760,卖盘
118,14:37:02,8.81,0.01,3,2643,买盘
119,14:36:48,8.8,--,3,2640,卖盘
120,14:36:43,8.8,--,0,0,卖盘
121,14:36:28,8.8,--,25,22000,卖盘
122,14:36:08,8.8,--,9,7920,卖盘
123,14:35:33,8.8,--,30,26400,买盘
124,14:35:18,8.8,0.01,30,26400,中性盘
125,14:35:08,8.79,-0.01,140,123059,卖盘
126,14:34:58,8.8,-0.02,1,880,卖盘
127,14:34:48,8.82,0.02,140,123480,买盘
128,14:34:38,8.8,--,3,2640,卖盘
129,14:34:33,8.8,--,0,0,卖盘
130,14:34:28,8.8,--,0,0,卖盘
131,14:33:43,8.8,--,8,7040,卖盘
132,14:32:58,8.8,0.01,60,52800,卖盘
133,14:32:42,8.79,--,0,0,卖盘
134,14:32:32,8.79,-0.01,123,108116,卖盘
135,14:32:27,8.8,--,0,0,卖盘
136,14:32:22,8.8,--,0,0,中性盘
137,14:32:18,8.8,--,50,44000,买盘
138,14:32:07,8.8,--,5,4400,买盘
139,14:31:57,8.8,0.01,68,59840,买盘
140,14:31:42,8.79,-0.01,12,10547,卖盘
141,14:31:27,8.8,0.01,10,8800,买盘
142,14:31:12,8.79,--,4,3515,卖盘
143,14:30:47,8.79,--,180,158219,卖盘
144,14:30:27,8.79,0.01,1,878,卖盘
145,14:30:22,8.78,--,0,0,卖盘
146,14:30:17,8.78,-0.01,118,103603,卖盘
147,14:29:57,8.79,-0.01,9,7910,卖盘
148,14:29:37,8.8,-0.01,1396,1228480,卖盘
149,14:29:27,8.81,--,470,414070,卖盘
150,14:29:02,8.81,-0.01,10,8810,卖盘
151,14:28:52,8.82,-0.01,46,40572,卖盘
152,14:28:42,8.83,0.01,2,1766,买盘
153,14:28:32,8.82,--,22,19404,卖盘
154,14:28:22,8.82,--,24,21168,卖盘
155,14:28:02,8.82,0.01,25,22050,买盘
156,14:27:57,8.81,-0.01,3,2643,卖盘
157,14:27:52,8.82,--,5,4410,买盘
158,14:27:47,8.82,0.01,2,1764,卖盘
159,14:27:16,8.81,-0.01,2,1762,卖盘
160,14:27:07,8.82,0.01,6,5803,买盘
161,14:26:46,8.81,-0.01,4,3524,卖盘
162,14:26:11,8.82,0.01,11,9702,买盘
163,14:26:06,8.81,-0.01,4,3524,卖盘
164,14:25:56,8.82,0.01,5,4410,买盘
165,14:25:46,8.81,-0.01,4,3524,卖盘
166,14:25:41,8.82,--,15,13230,买盘
167,14:25:31,8.82,--,62,55054,卖盘
168,14:25:20,8.82,--,4,3528,卖盘
169,14:25:05,8.82,-0.01,24,21168,卖盘
170,14:24:31,8.83,0.01,86,75938,买盘
171,14:24:12,8.82,--,8,7056,卖盘
172,14:23:56,8.82,--,48,42847,买盘
173,14:23:51,8.82,--,10,8820,买盘
174,14:23:41,8.82,0.01,3,2646,买盘
175,14:23:35,8.81,-0.01,3,2643,卖盘
176,14:23:31,8.82,0.01,30,26460,买盘
177,14:23:06,8.81,--,20,17620,卖盘
178,14:22:51,8.81,--,2,1762,卖盘
179,14:22:35,8.81,-0.01,35,30835,卖盘
180,14:22:06,8.82,--,0,370,卖盘
181,14:21:46,8.82,--,40,35280,卖盘
182,14:21:36,8.82,--,24,21168,卖盘
183,14:21:31,8.82,--,42,37044,卖盘
184,14:21:21,8.82,--,10,8820,卖盘
185,14:21:11,8.82,--,65,57330,卖盘
186,14:21:06,8.82,--,31,27342,卖盘
187,14:21:01,8.82,--,2,1764,卖盘
188,14:20:41,8.82,--,15,13230,卖盘
189,14:20:35,8.82,--,26,22932,卖盘
190,14:20:05,8.82,--,10,8820,卖盘
191,14:19:50,8.82,--,1,882,卖盘
192,14:19:46,8.82,--,2,1764,卖盘
193,14:19:36,8.82,-0.01,1,882,卖盘
194,14:19:16,8.83,0.01,2,1766,买盘
195,14:19:11,8.82,--,79,69678,卖盘
196,14:18:51,8.82,-0.01,24,21168,卖盘
197,14:18:45,8.83,--,9,7947,买盘
198,14:18:30,8.83,0.01,1,883,买盘
199,14:18:20,8.82,--,10,8820,卖盘
200,14:18:10,8.82,--,2,1764,卖盘
201,14:17:29,8.82,-0.01,2,1764,卖盘
202,14:16:50,8.83,--,14,12362,买盘
203,14:16:25,8.83,-0.01,4,3532,卖盘
204,14:16:15,8.84,0.01,5,4420,买盘
205,14:15:55,8.83,--,13,11479,买盘
206,14:15:14,8.83,--,2,1766,买盘
207,14:14:05,8.83,--,5,4415,买盘
208,14:13:50,8.83,--,4,3532,卖盘
209,14:13:00,8.83,-0.01,3,2649,卖盘
210,14:12:45,8.84,0.01,5,4420,买盘
211,14:12:20,8.83,-0.01,22,19426,卖盘
212,14:12:08,8.84,0.01,7,6188,买盘
213,14:11:44,8.83,--,1,883,卖盘
214,14:11:38,8.83,--,3,2649,卖盘
215,14:09:53,8.83,0.01,3,2649,卖盘
216,14:08:38,8.82,--,0,0,卖盘
217,14:08:23,8.82,-0.02,3,2646,卖盘
218,14:07:53,8.84,--,4,3536,买盘
219,14:07:44,8.84,--,5,4420,买盘
220,14:07:38,8.84,--,0,0,买盘
221,14:07:34,8.84,--,20,17680,买盘
222,14:07:23,8.84,--,0,0,买盘
223,14:06:59,8.84,0.02,7,6188,买盘
224,14:06:34,8.82,--,3,2646,卖盘
225,14:05:38,8.82,-0.01,32,28735,卖盘
226,14:05:34,8.83,0.01,10,8830,买盘
227,14:05:08,8.82,--,7,6174,卖盘
228,14:04:47,8.82,-0.01,3,2646,卖盘
229,14:04:38,8.83,--,10,8830,买盘
230,14:04:32,8.83,--,5,4415,买盘
231,14:04:23,8.83,--,103,90949,卖盘
232,14:03:58,8.83,--,18,15894,卖盘
233,14:03:53,8.83,0.01,49,43267,买盘
234,14:03:17,8.82,--,3,2646,卖盘
235,14:02:32,8.82,-0.01,9,7938,卖盘
236,14:02:17,8.83,0.01,10,8830,买盘
237,14:01:47,8.82,--,0,0,卖盘
238,14:01:32,8.82,--,34,29988,卖盘
239,14:01:23,8.82,-0.01,4,3528,卖盘
240,14:01:08,8.83,--,0,0,买盘
241,14:00:53,8.83,--,17,15011,卖盘
242,14:00:43,8.83,--,10,8830,卖盘
243,14:00:17,8.83,--,42,37086,卖盘
244,13:59:58,8.83,--,22,19426,卖盘
245,13:59:43,8.83,--,50,44150,卖盘
246,13:59:02,8.83,--,3,2649,卖盘
247,13:58:32,8.83,--,3,2649,卖盘
248,13:58:11,8.83,--,44,38852,卖盘
249,13:56:17,8.83,--,1,883,卖盘
250,13:55:52,8.83,-0.01,3,2649,卖盘
251,13:55:36,8.84,--,8,7072,买盘
252,13:55:32,8.84,0.01,51,45084,买盘
253,13:55:26,8.83,--,3,2649,卖盘
254,13:54:56,8.83,--,3,2649,卖盘
255,13:54:16,8.83,--,3,2649,卖盘
256,13:53:17,8.83,-0.01,3,2649,卖盘
257,13:52:56,8.84,0.01,12,10608,买盘
258,13:52:52,8.83,--,3,2649,卖盘
259,13:52:22,8.83,-0.01,13,11479,卖盘
260,13:51:16,8.84,--,3,2652,买盘
261,13:51:01,8.84,0.01,7,6188,买盘
262,13:49:26,8.83,--,12,10596,卖盘
263,13:49:05,8.83,--,3,2649,卖盘
264,13:48:41,8.83,0.01,25,22075,买盘
265,13:48:35,8.82,--,0,0,卖盘
266,13:48:26,8.82,--,0,0,卖盘
267,13:48:20,8.82,-0.01,8,7056,卖盘
268,13:48:11,8.83,--,466,411478,卖盘
269,13:48:05,8.83,--,20,17660,卖盘
270,13:47:10,8.83,--,12,10596,卖盘
271,13:47:05,8.83,--,2,1766,买盘
272,13:46:41,8.83,--,8,7064,买盘
273,13:46:20,8.83,0.01,2,1766,买盘
274,13:45:46,8.82,0.01,30,26460,卖盘
275,13:45:35,8.81,--,0,0,卖盘
276,13:45:20,8.81,--,3,2643,卖盘
277,13:45:01,8.81,--,77,67837,买盘
278,13:44:41,8.81,0.01,116,102196,买盘
279,13:44:35,8.8,--,11,9680,卖盘
280,13:44:29,8.8,-0.01,3,2640,卖盘
281,13:44:14,8.81,-0.02,1876,1652756,卖盘
282,13:43:59,8.83,0.01,30,26490,买盘
283,13:43:55,8.82,-0.01,10,8820,卖盘
284,13:43:29,8.83,0.01,2,1766,买盘
285,13:43:20,8.82,--,3,2646,卖盘
286,13:43:14,8.82,--,0,0,卖盘
287,13:43:05,8.82,-0.01,20,17640,卖盘
288,13:42:59,8.83,--,19,16777,卖盘
289,13:42:55,8.83,--,5,4415,卖盘
290,13:42:20,8.83,--,27,23841,卖盘
291,13:42:14,8.83,--,5,4415,卖盘
292,13:41:59,8.83,-0.01,16,14128,卖盘
293,13:41:29,8.84,--,27,24168,卖盘
294,13:41:20,8.84,--,50,44200,卖盘
295,13:41:14,8.84,--,40,35360,卖盘
296,13:41:10,8.84,--,20,17680,卖盘
297,13:40:59,8.84,--,4,3536,卖盘
298,13:40:35,8.84,-0.01,31,27404,卖盘
299,13:40:05,8.85,--,4,3540,买盘
300,13:38:34,8.85,0.01,20,17700,买盘
301,13:38:29,8.84,--,25,22100,卖盘
302,13:37:44,8.84,--,17,15611,买盘
303,13:37:23,8.84,--,32,28588,卖盘
304,13:36:14,8.84,--,15,13260,卖盘
305,13:35:59,8.84,--,1,884,卖盘
306,13:34:49,8.84,--,3,2652,卖盘
307,13:34:23,8.84,--,2,1768,卖盘
308,13:33:58,8.84,--,3,3235,卖盘
309,13:33:44,8.84,-0.01,2,1768,卖盘
310,13:32:59,8.85,0.01,20,17700,买盘
311,13:32:28,8.84,-0.01,15,13260,卖盘
312,13:32:23,8.85,-0.01,10,8850,买盘
313,13:31:08,8.86,--,0,0,买盘
314,13:30:53,8.86,0.01,94,83284,买盘
315,13:30:32,8.85,--,5,4425,卖盘
316,13:30:23,8.85,--,20,17700,卖盘
317,13:30:02,8.85,--,3,2655,卖盘
318,13:29:47,8.85,--,2,1770,卖盘
319,13:29:02,8.85,--,10,8850,卖盘
320,13:28:32,8.85,--,5,4425,卖盘
321,13:28:02,8.85,-0.01,2,1770,买盘
322,13:27:53,8.86,--,0,0,买盘
323,13:27:47,8.86,--,20,17720,买盘
324,13:27:43,8.86,0.01,40,35440,买盘
325,13:27:38,8.85,--,0,0,卖盘
326,13:27:27,8.85,--,10,8850,卖盘
327,13:27:02,8.85,--,4,3540,买盘
328,13:26:47,8.85,--,183,161955,买盘
329,13:26:32,8.85,--,120,106200,买盘
330,13:26:28,8.85,--,30,26550,买盘
331,13:26:23,8.85,--,80,70800,买盘
332,13:26:16,8.85,--,20,17700,买盘
333,13:25:23,8.85,0.01,27,23895,买盘
334,13:25:17,8.84,--,9,7956,卖盘
335,13:25:02,8.84,-0.01,4,3536,卖盘
336,13:24:32,8.85,0.01,2,1770,买盘
337,13:24:02,8.84,--,10,8840,卖盘
338,13:23:57,8.84,--,50,44200,卖盘
339,13:23:41,8.84,--,4,3536,卖盘
340,13:22:26,8.84,-0.01,9,7956,卖盘
341,13:21:32,8.85,0.01,26,23010,买盘
342,13:21:07,8.84,-0.01,18,15912,卖盘
343,13:19:31,8.85,0.01,1,885,买盘
344,13:19:22,8.84,--,8,7072,卖盘
345,13:19:01,8.84,-0.01,2,1768,卖盘
346,13:18:56,8.85,0.01,11,9735,买盘
347,13:18:31,8.84,--,24,21216,卖盘
348,13:17:56,8.84,--,3,2652,卖盘
349,13:16:56,8.84,--,1,884,卖盘
350,13:16:35,8.84,-0.01,50,44200,卖盘
351,13:16:31,8.85,0.01,30,26550,买盘
352,13:16:05,8.84,-0.01,2,1768,卖盘
353,13:15:26,8.85,0.01,3,2655,买盘
354,13:13:31,8.84,-0.01,2,1768,卖盘
355,13:12:40,8.85,--,1,885,卖盘
356,13:12:34,8.85,--,2,1770,卖盘
357,13:12:16,8.85,--,10,8850,卖盘
358,13:11:45,8.85,--,58,51330,买盘
359,13:10:40,8.85,--,4,3540,卖盘
360,13:10:15,8.85,--,4,3540,卖盘
361,13:09:50,8.85,--,16,14160,卖盘
362,13:09:45,8.85,--,11,9735,卖盘
363,13:09:35,8.85,--,4,3540,卖盘
364,13:09:20,8.85,--,57,50445,买盘
365,13:09:10,8.85,--,49,43365,卖盘
366,13:09:04,8.85,--,4,3540,卖盘
367,13:08:50,8.85,--,21,18585,卖盘
368,13:08:20,8.85,--,13,11505,卖盘
369,13:08:05,8.85,--,14,12390,卖盘
370,13:07:59,8.85,-0.01,20,17700,卖盘
371,13:07:14,8.86,--,100,88600,买盘
372,13:06:04,8.86,0.01,15,13290,买盘
373,13:03:59,8.85,--,70,61950,卖盘
374,13:03:29,8.85,-0.01,5,4425,卖盘
375,13:01:39,8.86,0.01,30,26580,买盘
376,13:01:29,8.85,--,28,24780,卖盘
377,13:00:08,8.85,-0.01,61,53985,卖盘
378,13:00:04,8.86,0.01,5,4430,买盘
379,11:30:00,8.85,--,0,0,卖盘
380,11:29:59,8.85,--,0,0,卖盘
381,11:28:54,8.85,--,10,8850,卖盘
382,11:28:50,8.85,-0.01,10,8850,卖盘
383,11:28:15,8.86,--,860,762757,卖盘
384,11:27:45,8.86,--,20,17720,卖盘
385,11:27:34,8.86,-0.01,117,103662,卖盘
386,11:27:30,8.87,0.01,1,886,买盘
387,11:27:20,8.86,-0.01,15,13290,卖盘
388,11:26:49,8.87,--,33,29270,买盘
389,11:26:19,8.87,-0.01,10,8870,卖盘
390,11:26:15,8.88,--,6,5328,买盘
391,11:25:44,8.88,0.01,50,44400,买盘
392,11:25:39,8.87,--,5,4435,卖盘
393,11:25:34,8.87,--,4,3547,买盘
394,11:25:29,8.87,--,12,10643,卖盘
395,11:25:14,8.87,--,3,2660,卖盘
396,11:25:05,8.87,--,67,59428,买盘
397,11:24:54,8.87,--,38,33706,卖盘
398,11:24:49,8.87,--,60,53219,卖盘
399,11:24:39,8.87,--,5,4435,卖盘
400,11:24:34,8.87,--,50,44349,卖盘
401,11:24:29,8.87,--,1,886,卖盘
402,11:24:14,8.87,-0.01,1,886,卖盘
403,11:24:04,8.88,0.01,8,7104,买盘
404,11:23:49,8.87,-0.01,4,3547,卖盘
405,11:23:44,8.88,--,60,53280,买盘
406,11:23:39,8.88,0.01,1,888,买盘
407,11:23:34,8.87,--,4,3547,卖盘
408,11:23:29,8.87,--,100,88699,卖盘
409,11:23:19,8.87,--,28,24835,卖盘
410,11:23:09,8.87,--,20,17740,卖盘
411,11:23:04,8.87,--,21,18627,卖盘
412,11:22:33,8.87,--,10,8870,卖盘
413,11:22:24,8.87,--,10,8870,卖盘
414,11:22:13,8.87,--,6,5321,卖盘
415,11:22:09,8.87,--,12,10643,买盘
416,11:21:59,8.87,0.01,20,17740,买盘
417,11:21:54,8.86,-0.01,4,3544,卖盘
418,11:21:39,8.87,--,0,0,中性盘
419,11:21:24,8.87,-0.01,100,88699,卖盘
420,11:21:13,8.88,--,187,166056,买盘
421,11:20:54,8.88,0.01,26,23088,买盘
422,11:20:29,8.87,--,685,607595,买盘
423,11:20:23,8.87,0.01,110,97569,买盘
424,11:20:18,8.86,--,14,12404,卖盘
425,11:20:03,8.86,0.01,290,257028,买盘
426,11:19:48,8.85,--,1,885,卖盘
427,11:19:29,8.85,-0.01,50,44250,卖盘
428,11:18:58,8.86,0.01,4,3544,买盘
429,11:18:33,8.85,0.01,11,9735,买盘
430,11:18:28,8.84,--,5,4420,卖盘
431,11:18:14,8.84,-0.01,3,2652,卖盘
432,11:18:09,8.85,0.01,15,13275,买盘
433,11:18:03,8.84,-0.01,3,2652,卖盘
434,11:17:58,8.85,--,6,5310,卖盘
435,11:17:43,8.85,--,50,44250,卖盘
436,11:17:28,8.85,--,97,85845,买盘
437,11:17:22,8.85,0.01,7,6195,买盘
438,11:16:28,8.84,-0.01,52,45968,卖盘
439,11:16:13,8.85,0.01,2,1770,买盘
440,11:16:08,8.84,--,3,2652,卖盘
441,11:15:53,8.84,--,4,3536,卖盘
442,11:14:28,8.84,--,4,3536,卖盘
443,11:14:23,8.84,--,4,3536,卖盘
444,11:14:13,8.84,--,1,884,卖盘
445,11:13:48,8.84,--,2,1768,卖盘
446,11:13:33,8.84,--,10,8840,卖盘
447,11:13:07,8.84,--,3,2652,卖盘
448,11:12:37,8.84,--,11,9724,卖盘
449,11:12:23,8.84,--,2,1768,卖盘
450,11:12:18,8.84,-0.01,5,4420,卖盘
451,11:12:03,8.85,--,14,12390,买盘
452,11:11:53,8.85,--,10,8850,买盘
453,11:11:33,8.85,-0.01,21,18585,卖盘
454,11:11:18,8.86,0.01,76,67336,买盘
455,11:11:07,8.85,--,14,12390,卖盘
456,11:11:03,8.85,--,39,34515,卖盘
457,11:10:52,8.85,--,50,44250,卖盘
458,11:10:48,8.85,--,5,4425,卖盘
459,11:10:33,8.85,--,2,1770,卖盘
460,11:10:12,8.85,0.01,420,371700,买盘
461,11:10:08,8.84,-0.01,4,3536,卖盘
462,11:09:57,8.85,0.01,1,885,买盘
463,11:09:53,8.84,--,55,48620,卖盘
464,11:09:22,8.84,0.01,316,279344,买盘
465,11:08:32,8.83,--,53,46799,买盘
466,11:08:27,8.83,--,62,54746,买盘
467,11:08:22,8.83,--,22,19426,买盘
468,11:08:17,8.83,0.01,36,31788,买盘
469,11:08:07,8.82,-0.01,4,3528,卖盘
470,11:08:02,8.83,--,16,14128,买盘
471,11:07:46,8.83,0.01,5,4415,买盘
472,11:07:07,8.82,--,2,1764,卖盘
473,11:06:47,8.82,-0.01,2,1764,卖盘
474,11:06:21,8.83,--,13,11479,买盘
475,11:06:17,8.83,0.01,40,35320,买盘
476,11:06:12,8.82,--,82,72324,卖盘
477,11:06:07,8.82,-0.01,4,3528,卖盘
478,11:06:02,8.83,--,10,8830,买盘
479,11:05:57,8.83,--,70,61810,买盘
480,11:05:36,8.83,0.01,20,17660,买盘
481,11:05:27,8.82,-0.01,2,1764,卖盘
482,11:05:12,8.83,--,10,8830,买盘
483,11:04:57,8.83,--,12,10596,买盘
484,11:04:51,8.83,--,2,1766,买盘
485,11:04:16,8.83,--,14,12362,买盘
486,11:04:01,8.83,--,11,9713,买盘
487,11:03:42,8.83,--,2,1766,买盘
488,11:03:31,8.83,0.01,5,4415,买盘
489,11:03:16,8.82,-0.01,10,8820,卖盘
490,11:03:12,8.83,--,13,11479,买盘
491,11:02:41,8.83,--,16,14128,买盘
492,11:02:26,8.83,0.01,10,8830,买盘
493,11:02:21,8.82,-0.01,4,3528,卖盘
494,11:01:51,8.83,--,24,21192,买盘
495,11:01:41,8.83,0.01,5,4415,买盘
496,11:01:26,8.82,-0.01,1,882,卖盘
497,11:00:50,8.83,0.01,22,19426,买盘
498,11:00:25,8.82,--,16,14112,卖盘
499,10:59:40,8.82,--,0,0,卖盘
500,10:59:31,8.82,--,2,1764,卖盘
501,10:59:11,8.82,--,15,13230,卖盘
502,10:57:50,8.82,--,2,1764,卖盘
503,10:56:51,8.82,-0.01,3,2646,卖盘
504,10:56:40,8.83,--,12,10596,买盘
505,10:56:25,8.83,--,35,30905,买盘
506,10:55:50,8.83,--,0,0,中性盘
507,10:55:44,8.83,0.01,166,146578,买盘
508,10:54:35,8.82,--,1,882,卖盘
509,10:54:19,8.82,--,67,59094,卖盘
510,10:53:55,8.82,--,10,8820,卖盘
511,10:53:45,8.82,--,1,882,卖盘
512,10:53:30,8.82,--,180,158760,卖盘
513,10:53:19,8.82,-0.01,2,1764,卖盘
514,10:52:59,8.83,--,67,59161,卖盘
515,10:52:50,8.83,--,47,41501,卖盘
516,10:52:40,8.83,--,10,8830,卖盘
517,10:52:25,8.83,--,10,8830,卖盘
518,10:52:20,8.83,--,10,8830,卖盘
519,10:52:10,8.83,--,6,5298,卖盘
520,10:51:49,8.83,-0.01,16,14128,卖盘
521,10:51:30,8.84,--,1,884,买盘
522,10:51:20,8.84,0.01,18,15912,买盘
523,10:51:00,8.83,--,0,0,卖盘
524,10:50:34,8.83,-0.02,4,3532,卖盘
525,10:50:19,8.85,0.01,50,44250,买盘
526,10:50:10,8.84,--,11,9724,买盘
527,10:50:00,8.84,--,5,4420,买盘
528,10:49:44,8.84,-0.01,10,8840,买盘
529,10:49:19,8.85,--,0,0,买盘
530,10:49:14,8.85,--,17,15045,买盘
531,10:48:49,8.85,--,10,8850,买盘
532,10:48:44,8.85,--,25,22125,买盘
533,10:48:34,8.85,--,43,38055,买盘
534,10:48:23,8.85,0.02,3,2655,买盘
535,10:48:19,8.83,-0.02,4,3532,卖盘
536,10:47:49,8.85,0.02,58,51330,买盘
537,10:46:49,8.83,-0.01,4,3532,卖盘
538,10:46:44,8.84,-0.01,5,4420,买盘
539,10:46:24,8.85,--,0,0,买盘
540,10:45:58,8.85,0.01,3,2655,买盘
541,10:45:44,8.84,--,0,0,买盘
542,10:45:34,8.84,0.02,100,88400,买盘
543,10:45:19,8.82,--,0,0,卖盘
544,10:45:04,8.82,--,30,26460,卖盘
545,10:44:43,8.82,--,4,3528,卖盘
546,10:43:24,8.82,-0.02,4,3528,卖盘
547,10:42:58,8.84,0.02,3,2652,买盘
548,10:42:44,8.82,--,0,0,卖盘
549,10:42:28,8.82,-0.01,24,21168,卖盘
550,10:41:58,8.83,--,88,77704,买盘
551,10:41:38,8.83,--,4,3532,买盘
552,10:41:08,8.83,--,6,5298,买盘
553,10:40:58,8.83,-0.01,340,300220,卖盘
554,10:40:52,8.84,--,236,208624,买盘
555,10:40:32,8.84,0.01,150,132600,买盘
556,10:40:22,8.83,--,2,1766,卖盘
557,10:39:43,8.83,--,2,1766,卖盘
558,10:39:28,8.83,--,20,17660,卖盘
559,10:39:22,8.83,0.01,68,60044,买盘
560,10:38:43,8.82,--,3,2646,卖盘
561,10:38:37,8.82,-0.01,2,1764,卖盘
562,10:38:13,8.83,--,22,19426,卖盘
563,10:37:43,8.83,--,6,5298,卖盘
564,10:37:37,8.83,--,10,8830,卖盘
565,10:36:32,8.83,--,3,2649,卖盘
566,10:36:17,8.83,--,1,883,卖盘
567,10:36:13,8.83,--,5,4415,卖盘
568,10:36:07,8.83,--,10,8830,卖盘
569,10:35:37,8.83,--,4,3532,卖盘
570,10:35:27,8.83,--,3,2649,卖盘
571,10:35:22,8.83,--,90,79470,卖盘
572,10:35:17,8.83,--,26,22958,卖盘
573,10:35:02,8.83,--,16,14128,卖盘
574,10:34:52,8.83,--,96,84768,买盘
575,10:34:47,8.83,--,15,13245,买盘
576,10:34:07,8.83,--,21,18543,买盘
577,10:33:42,8.83,0.01,5,4415,买盘
578,10:33:07,8.82,--,40,35280,卖盘
579,10:33:01,8.82,--,30,26460,卖盘
580,10:32:56,8.82,-0.01,3,2646,卖盘
581,10:32:52,8.83,0.01,4,3532,买盘
582,10:32:37,8.82,--,50,44100,卖盘
583,10:31:37,8.82,--,10,8820,买盘
584,10:31:16,8.82,-0.01,5,4410,买盘
585,10:30:56,8.83,-0.01,13,11479,卖盘
586,10:30:46,8.84,-0.01,11,9724,卖盘
587,10:30:41,8.85,0.01,6,5310,买盘
588,10:30:37,8.84,--,300,265200,卖盘
589,10:30:31,8.84,--,20,17680,卖盘
590,10:30:16,8.84,0.03,348,307632,买盘
591,10:30:11,8.81,-0.02,167,147127,卖盘
592,10:30:07,8.83,--,5,4415,买盘
593,10:29:46,8.83,0.01,3,2649,买盘
594,10:29:41,8.82,-0.01,1,882,卖盘
595,10:29:22,8.83,--,10,8830,买盘
596,10:29:16,8.83,--,5,4415,买盘
597,10:29:01,8.83,-0.01,26,22958,卖盘
598,10:28:36,8.84,--,10,8840,买盘
599,10:28:11,8.84,--,5,4420,买盘
600,10:27:31,8.84,--,20,17680,买盘
601,10:27:06,8.84,0.01,7,6188,买盘
602,10:26:51,8.83,--,3,2649,买盘
603,10:26:46,8.83,--,47,41501,卖盘
604,10:26:36,8.83,--,4,3532,卖盘
605,10:26:31,8.83,--,33,29139,卖盘
606,10:26:26,8.83,0.01,20,17660,卖盘
607,10:26:01,8.82,--,0,0,卖盘
608,10:25:36,8.82,-0.01,393,346626,卖盘
609,10:25:16,8.83,0.01,30,26490,买盘
610,10:24:55,8.82,--,40,35280,卖盘
611,10:24:40,8.82,--,0,0,卖盘
612,10:24:35,8.82,-0.01,663,584766,卖盘
613,10:24:31,8.83,-0.01,5,4415,卖盘
614,10:24:10,8.84,0.01,2,1768,买盘
615,10:23:55,8.83,0.01,49,43267,买盘
616,10:23:50,8.82,--,150,132300,卖盘
617,10:23:45,8.82,0.01,21,18522,买盘
618,10:23:40,8.81,0.01,40,35240,中性盘
619,10:23:31,8.8,-0.02,256,225280,卖盘
620,10:23:25,8.82,0.01,32,28224,买盘
621,10:23:20,8.81,-0.01,10,8810,卖盘
622,10:22:55,8.82,--,0,0,买盘
623,10:22:50,8.82,0.02,30,26460,买盘
624,10:22:31,8.8,-0.02,288,253440,卖盘
625,10:22:20,8.82,0.02,3,2646,买盘
626,10:22:16,8.8,--,0,0,卖盘
627,10:22:05,8.8,--,60,52800,卖盘
628,10:21:45,8.8,--,0,0,卖盘
629,10:21:35,8.8,-0.02,381,335280,卖盘
630,10:21:31,8.82,--,5,4410,买盘
631,10:21:25,8.82,--,2,1764,买盘
632,10:21:10,8.82,0.01,2,1764,卖盘
633,10:20:50,8.81,--,0,0,卖盘
634,10:20:35,8.81,-0.01,354,311874,卖盘
635,10:20:25,8.82,--,1,882,卖盘
636,10:20:15,8.82,--,2,1764,卖盘
637,10:20:05,8.82,--,9,7938,卖盘
638,10:20:00,8.82,-0.01,19,16758,卖盘
639,10:19:50,8.83,0.01,5,4415,买盘
640,10:19:40,8.82,--,5,4410,卖盘
641,10:19:30,8.82,--,2,1764,卖盘
642,10:18:55,8.82,--,2,1764,卖盘
643,10:18:40,8.82,0.01,100,88200,卖盘
644,10:18:19,8.81,--,0,0,卖盘
645,10:18:15,8.81,--,2,1762,卖盘
646,10:17:55,8.81,--,10,8810,卖盘
647,10:17:40,8.81,-0.01,49,43169,卖盘
648,10:17:34,8.82,--,10,8820,买盘
649,10:17:30,8.82,--,12,10584,买盘
650,10:17:25,8.82,--,28,24696,卖盘
651,10:17:15,8.82,--,2,1764,买盘
652,10:17:10,8.82,--,25,22050,买盘
653,10:17:04,8.82,--,6,5292,买盘
654,10:16:55,8.82,--,15,13230,买盘
655,10:16:49,8.82,--,43,37926,卖盘
656,10:16:40,8.82,--,3,2646,卖盘
657,10:16:34,8.82,--,61,53802,买盘
658,10:16:29,8.82,--,1,882,买盘
659,10:15:55,8.82,--,10,8820,买盘
660,10:15:49,8.82,-0.02,729,642978,卖盘
661,10:15:24,8.84,--,16,14144,卖盘
662,10:15:19,8.84,--,16,14144,卖盘
663,10:14:59,8.84,--,1,884,卖盘
664,10:14:54,8.84,--,91,80444,买盘
665,10:14:49,8.84,--,8,7072,买盘
666,10:14:44,8.84,0.01,130,114920,买盘
667,10:14:19,8.83,-0.01,1,883,卖盘
668,10:14:04,8.84,0.01,9,7956,买盘
669,10:13:59,8.83,--,1,883,卖盘
670,10:13:29,8.83,-0.01,1,883,卖盘
671,10:13:24,8.84,0.01,10,8840,买盘
672,10:13:14,8.83,--,48,42384,卖盘
673,10:12:44,8.83,--,20,17660,卖盘
674,10:12:29,8.83,-0.01,1,883,卖盘
675,10:12:14,8.84,--,1,884,买盘
676,10:11:54,8.84,0.01,11,9724,买盘
677,10:11:34,8.83,-0.01,3,2649,卖盘
678,10:11:09,8.84,--,7,6188,卖盘
679,10:10:58,8.84,--,80,70720,卖盘
680,10:10:43,8.84,--,27,23868,买盘
681,10:10:34,8.84,0.01,60,53040,买盘
682,10:10:24,8.83,--,2,1766,卖盘
683,10:09:58,8.83,-0.01,13,11479,卖盘
684,10:09:54,8.84,0.01,13,11492,买盘
685,10:09:34,8.83,--,2,1766,卖盘
686,10:09:04,8.83,--,8,7064,卖盘
687,10:08:49,8.83,-0.01,2,1766,卖盘
688,10:08:43,8.84,--,6,5304,买盘
689,10:08:28,8.84,0.01,40,35360,买盘
690,10:07:48,8.83,-0.01,3,2649,卖盘
691,10:07:28,8.84,--,8,7072,买盘
692,10:07:23,8.84,--,5,4420,买盘
693,10:06:38,8.84,0.01,22,19448,买盘
694,10:06:28,8.83,0.01,3,2649,买盘
695,10:06:23,8.82,-0.02,110,97020,卖盘
696,10:06:18,8.84,0.01,5,4420,买盘
697,10:05:58,8.83,-0.01,1,883,卖盘
698,10:05:53,8.84,--,10,8840,买盘
699,10:05:43,8.84,--,519,458796,卖盘
700,10:05:33,8.84,-0.01,12,10608,卖盘
701,10:05:28,8.85,--,1,885,买盘
702,10:05:13,8.85,-0.01,472,417720,卖盘
703,10:05:08,8.86,0.01,13,11518,买盘
704,10:04:53,8.85,--,2,1770,卖盘
705,10:04:37,8.85,--,5,4425,卖盘
706,10:03:52,8.85,-0.01,2,1770,卖盘
707,10:03:37,8.86,0.01,2,1772,买盘
708,10:03:28,8.85,-0.01,11,9735,卖盘
709,10:02:58,8.86,--,9,7973,买盘
710,10:02:52,8.86,0.01,1,886,买盘
711,10:02:43,8.85,-0.01,3,2655,卖盘
712,10:02:37,8.86,--,67,59361,买盘
713,10:02:22,8.86,--,33,29237,买盘
714,10:02:18,8.86,0.01,51,45186,买盘
715,10:02:13,8.85,--,7,6195,卖盘
716,10:01:58,8.85,-0.01,5,4425,卖盘
717,10:01:43,8.86,0.01,5,4430,买盘
718,10:01:37,8.85,--,1,885,卖盘
719,10:01:32,8.85,-0.01,5,4425,卖盘
720,10:01:27,8.86,0.01,16,14176,买盘
721,10:01:07,8.85,--,89,78765,卖盘
722,10:00:52,8.85,-0.01,20,17700,卖盘
723,10:00:47,8.86,0.01,10,8860,买盘
724,10:00:37,8.85,-0.01,1,885,卖盘
725,10:00:32,8.86,--,5,4430,买盘
726,10:00:12,8.86,--,10,8860,买盘
727,09:59:57,8.86,--,1,1683,卖盘
728,09:59:52,8.86,--,20,17720,卖盘
729,09:59:37,8.86,--,1,886,卖盘
730,09:59:27,8.86,--,3,2658,卖盘
731,09:59:17,8.86,--,5,4518,买盘
732,09:59:02,8.86,-0.01,4,4341,卖盘
733,09:58:52,8.87,--,50,44438,买盘
734,09:58:37,8.87,--,28,24835,买盘
735,09:58:07,8.87,0.01,1,886,买盘
736,09:57:52,8.86,--,30,26580,卖盘
737,09:57:46,8.86,--,38,33668,卖盘
738,09:57:37,8.86,--,10,8860,卖盘
739,09:57:31,8.86,--,5,4430,卖盘
740,09:57:27,8.86,--,3,2658,卖盘
741,09:57:22,8.86,--,93,82398,买盘
742,09:57:16,8.86,--,40,35440,买盘
743,09:57:07,8.86,--,5,4430,买盘
744,09:57:01,8.86,-0.01,68,60247,卖盘
745,09:56:57,8.87,0.01,10,8870,买盘
746,09:56:42,8.86,-0.01,50,44300,卖盘
747,09:56:37,8.87,0.01,301,266987,买盘
748,09:56:31,8.86,--,50,44300,卖盘
749,09:56:16,8.86,--,55,48730,卖盘
750,09:55:57,8.86,--,91,80626,买盘
751,09:55:46,8.86,--,10,8860,买盘
752,09:55:42,8.86,0.01,13,11518,买盘
753,09:55:37,8.85,-0.01,3,2655,卖盘
754,09:55:31,8.86,--,5,4430,买盘
755,09:55:12,8.86,0.01,10,8860,买盘
756,09:55:07,8.85,-0.01,31,27435,卖盘
757,09:54:56,8.86,--,3,2658,买盘
758,09:54:46,8.86,--,33,29237,买盘
759,09:54:37,8.86,--,13,11518,卖盘
760,09:54:31,8.86,--,35,31009,卖盘
761,09:54:22,8.86,-0.01,38,33668,卖盘
762,09:54:12,8.87,--,105,93134,买盘
763,09:54:01,8.87,--,8,7095,买盘
764,09:53:46,8.87,--,87,77169,买盘
765,09:53:37,8.87,0.01,27,23948,买盘
766,09:53:31,8.86,--,10,8860,卖盘
767,09:53:26,8.86,--,22,19492,卖盘
768,09:53:21,8.86,--,41,36326,卖盘
769,09:53:01,8.86,-0.01,15,13290,卖盘
770,09:52:56,8.87,--,56,49671,买盘
771,09:52:46,8.87,--,10,8870,买盘
772,09:52:41,8.87,0.01,28,24835,买盘
773,09:52:31,8.86,-0.01,3,2658,卖盘
774,09:52:26,8.87,--,247,219088,卖盘
775,09:52:11,8.87,0.01,250,221749,买盘
776,09:52:01,8.86,--,23,20378,买盘
777,09:51:56,8.86,--,24,21264,卖盘
778,09:51:51,8.86,--,13,11518,买盘
779,09:51:46,8.86,--,42,37212,买盘
780,09:51:41,8.86,--,25,22150,买盘
781,09:51:31,8.86,0.02,32,28352,买盘
782,09:51:16,8.84,-0.01,2,1768,卖盘
783,09:51:11,8.85,0.01,32,28320,买盘
784,09:50:56,8.84,--,3,2652,买盘
785,09:50:51,8.84,--,2,1768,买盘
786,09:50:46,8.84,0.01,150,132600,买盘
787,09:50:40,8.83,-0.01,20,17660,卖盘
788,09:50:36,8.84,0.01,38,33592,买盘
789,09:50:21,8.83,-0.01,2,1766,卖盘
790,09:50:16,8.84,--,102,90168,买盘
791,09:50:10,8.84,0.01,5,4420,买盘
792,09:50:01,8.83,-0.01,10,8830,卖盘
793,09:49:55,8.84,0.01,17,15028,买盘
794,09:49:40,8.83,-0.01,33,29139,卖盘
795,09:49:16,8.84,0.01,1,884,买盘
796,09:49:10,8.83,--,2,1766,卖盘
797,09:48:45,8.83,-0.01,2,1766,卖盘
798,09:48:31,8.84,--,17,15028,买盘
799,09:48:25,8.84,--,3,2652,买盘
800,09:48:20,8.84,--,1,884,买盘
801,09:48:05,8.84,0.01,19,16796,买盘
802,09:48:01,8.83,--,10,8830,卖盘
803,09:47:55,8.83,--,2,1766,卖盘
804,09:47:40,8.83,-0.01,13,11479,卖盘
805,09:47:20,8.84,0.01,20,17680,卖盘
806,09:47:00,8.83,--,40,35320,卖盘
807,09:46:45,8.83,--,0,0,卖盘
808,09:46:25,8.83,-0.01,20,17660,卖盘
809,09:46:10,8.84,--,1,884,买盘
810,09:46:05,8.84,--,90,79560,买盘
811,09:46:00,8.84,0.01,10,8840,买盘
812,09:45:55,8.83,-0.01,3,2649,卖盘
813,09:45:50,8.84,--,5,4420,买盘
814,09:45:35,8.84,--,5,4420,买盘
815,09:45:25,8.84,--,29,25636,买盘
816,09:45:20,8.84,--,13,11492,买盘
817,09:45:15,8.84,--,55,48620,卖盘
818,09:45:10,8.84,--,19,16796,卖盘
819,09:44:30,8.84,--,5,4420,卖盘
820,09:44:20,8.84,--,54,47736,买盘
821,09:44:15,8.84,--,5,4420,买盘
822,09:44:10,8.84,--,19,16796,买盘
823,09:44:05,8.84,--,352,311168,卖盘
824,09:43:55,8.84,-0.01,13,11492,卖盘
825,09:43:45,8.85,0.01,11,9735,买盘
826,09:43:40,8.84,--,13,11492,卖盘
827,09:43:25,8.84,-0.01,18,15912,卖盘
828,09:43:19,8.85,0.01,10,8850,买盘
829,09:43:04,8.84,-0.01,79,69836,卖盘
830,09:42:55,8.85,--,9,7965,买盘
831,09:42:40,8.85,--,40,35400,买盘
832,09:42:34,8.85,0.01,44,38940,买盘
833,09:42:30,8.84,-0.01,21,18564,卖盘
834,09:42:19,8.85,--,30,26550,买盘
835,09:42:15,8.85,--,5,4425,买盘
836,09:41:55,8.85,--,7,6195,买盘
837,09:41:44,8.85,0.01,7,6195,买盘
838,09:41:18,8.84,--,8,7072,卖盘
839,09:41:09,8.84,--,90,79560,买盘
840,09:41:04,8.84,--,6,5304,买盘
841,09:40:54,8.84,--,11,9724,卖盘
842,09:40:49,8.84,--,9,7956,买盘
843,09:40:34,8.84,0.01,2,1768,买盘
844,09:40:29,8.83,--,8,7064,卖盘
845,09:40:19,8.83,-0.01,21,18543,卖盘
846,09:40:14,8.84,--,44,38896,买盘
847,09:40:04,8.84,--,71,62764,买盘
848,09:39:59,8.84,--,28,24752,买盘
849,09:39:49,8.84,0.01,53,46852,买盘
850,09:39:44,8.83,-0.01,20,17660,卖盘
851,09:39:39,8.84,--,5,4420,买盘
852,09:39:29,8.84,--,37,32708,买盘
853,09:39:24,8.84,--,5,4420,买盘
854,09:39:19,8.84,--,2,1768,买盘
855,09:39:09,8.84,0.01,3,2652,买盘
856,09:39:04,8.83,-0.01,72,63576,卖盘
857,09:38:59,8.84,0.01,1,884,买盘
858,09:38:49,8.83,--,10,8830,卖盘
859,09:38:44,8.83,--,5,4415,卖盘
860,09:38:39,8.83,--,19,16777,卖盘
861,09:38:19,8.83,-0.01,22,19426,卖盘
862,09:38:14,8.84,--,10,8840,买盘
863,09:38:04,8.84,--,11,9724,买盘
864,09:37:13,8.84,--,15,13260,买盘
865,09:37:09,8.84,--,5,4420,买盘
866,09:37:04,8.84,--,32,28288,卖盘
867,09:36:58,8.84,--,7,6188,买盘
868,09:36:49,8.84,--,130,114920,买盘
869,09:36:39,8.84,0.01,32,28288,买盘
870,09:36:34,8.83,-0.01,32,28256,卖盘
871,09:36:13,8.84,--,24,21216,买盘
872,09:36:04,8.84,0.01,3,2652,买盘
873,09:35:54,8.83,--,10,8830,买盘
874,09:35:43,8.83,--,30,26490,买盘
875,09:35:28,8.83,0.01,40,35320,买盘
876,09:35:13,8.82,--,0,0,中性盘
877,09:35:08,8.82,--,0,0,买盘
878,09:34:58,8.82,--,147,129654,买盘
879,09:34:53,8.82,--,5,4410,买盘
880,09:34:48,8.82,-0.02,202,178164,卖盘
881,09:34:43,8.84,--,0,0,买盘
882,09:34:38,8.84,0.02,60,53040,买盘
883,09:34:28,8.82,--,50,44100,卖盘
884,09:34:23,8.82,-0.02,23,20286,卖盘
885,09:34:13,8.84,0.02,5,4420,买盘
886,09:33:58,8.82,-0.01,65,57330,卖盘
887,09:33:53,8.83,--,20,17660,买盘
888,09:33:23,8.83,0.01,10,8830,买盘
889,09:33:13,8.82,-0.01,32,28224,卖盘
890,09:33:03,8.83,--,21,18543,买盘
891,09:32:58,8.83,--,98,86534,买盘
892,09:32:43,8.83,-0.01,82,72406,卖盘
893,09:32:38,8.84,--,10,8840,买盘
894,09:32:13,8.84,--,2,1768,买盘
895,09:32:08,8.84,--,7,6188,中性盘
896,09:32:03,8.84,--,0,0,买盘
897,09:31:58,8.84,--,5,4420,买盘
898,09:31:43,8.84,--,23,20332,买盘
899,09:31:37,8.84,--,87,76908,买盘
900,09:31:17,8.84,0.01,68,60112,买盘
901,09:31:03,8.83,--,48,42384,买盘
902,09:30:58,8.83,0.01,33,29139,买盘
903,09:30:37,8.82,--,100,88200,卖盘
904,09:30:22,8.82,--,95,83790,买盘
905,09:30:12,8.82,0.02,200,176400,买盘
906,09:30:07,8.8,8.8,56,49280,买盘
