,time,price,change,volume,amount,type
0,15:00:00,30.16,--,0,0,卖盘
1,15:00:00,30.16,-0.02,0,0,卖盘
2,15:00:00,30.18,0.02,15,45270,卖盘
3,14:59:57,30.16,--,20,60320,卖盘
4,14:59:52,30.16,-0.01,134,404144,卖盘
5,14:59:46,30.17,--,24,72408,卖盘
6,14:59:42,30.17,0.06,56,168952,买盘
7,14:59:37,30.11,-0.05,28,84308,卖盘
8,14:59:31,30.16,--,11,33176,卖盘
9,14:59:27,30.16,0.02,9,27144,买盘
10,14:59:22,30.14,0.03,34,102476,买盘
11,14:59:12,30.11,--,46,138506,卖盘
12,14:59:07,30.11,--,0,0,卖盘
13,14:59:01,30.11,-0.04,21,63231,卖盘
14,14:58:57,30.15,0.04,30,90450,买盘
15,14:58:51,30.11,0.01,1,3011,买盘
16,14:58:46,30.1,-0.01,20,60200,卖盘
17,14:58:42,30.11,0.01,5,15055,买盘
18,14:58:36,30.1,--,20,60200,买盘
19,14:58:31,30.1,0.01,2,6020,买盘
20,14:58:27,30.09,-0.01,5,15045,卖盘
21,14:58:21,30.1,--,6,18060,买盘
22,14:58:16,30.1,0.02,2,6020,买盘
23,14:58:12,30.08,--,59,179788,卖盘
24,14:58:06,30.08,-0.01,6,18048,卖盘
25,14:58:01,30.09,0.01,3,9027,买盘
26,14:57:57,30.08,0.08,19,57152,买盘
27,14:57:51,30.0,-0.01,101,303000,卖盘
28,14:57:46,30.01,-0.07,2,6002,卖盘
29,14:57:36,30.08,--,16,48128,卖盘
30,14:57:27,30.08,0.08,47,141376,买盘
31,14:57:21,30.0,--,9,27000,卖盘
32,14:57:16,30.0,--,43,131280,买盘
33,14:57:12,30.0,--,61,183000,买盘
34,14:57:06,30.0,--,5,15000,买盘
35,14:57:01,30.0,--,58,174000,买盘
36,14:56:56,30.0,0.01,74,222000,买盘
37,14:56:51,29.99,--,65,194964,卖盘
38,14:56:46,29.99,-0.01,20,59980,卖盘
39,14:56:42,30.0,0.01,10,30000,买盘
40,14:56:36,29.99,--,26,77974,卖盘
41,14:56:31,29.99,--,25,77704,卖盘
42,14:56:27,29.99,-0.01,150,449850,卖盘
43,14:56:21,30.0,--,13,39000,买盘
44,14:56:16,30.0,--,8,24000,买盘
45,14:56:11,30.0,--,46,138000,买盘
46,14:56:06,30.0,0.01,90,270000,买盘
47,14:56:01,29.99,--,13,38987,卖盘
48,14:55:56,29.99,-0.01,15,44985,卖盘
49,14:55:51,30.0,0.01,12,36000,买盘
50,14:55:46,29.99,-0.01,47,143232,卖盘
51,14:55:41,30.0,--,9,27000,买盘
52,14:55:36,30.0,0.01,13,39000,买盘
53,14:55:31,29.99,--,75,224925,卖盘
54,14:55:21,29.99,-0.01,15,44985,卖盘
55,14:55:16,30.0,--,10,30000,买盘
56,14:55:11,30.0,--,65,195000,买盘
57,14:55:06,30.0,0.01,68,204000,买盘
58,14:55:01,29.99,-0.01,15,44985,卖盘
59,14:54:51,30.0,0.01,105,315000,买盘
60,14:54:46,29.99,-0.01,26,77974,卖盘
61,14:54:41,30.0,--,109,327000,买盘
62,14:54:36,30.0,0.01,24,72000,买盘
63,14:54:31,29.99,-0.01,109,329560,卖盘
64,14:54:21,30.0,--,43,129000,买盘
65,14:54:16,30.0,--,10,30000,买盘
66,14:54:11,30.0,--,23,69000,买盘
67,14:54:06,30.0,--,23,69000,买盘
68,14:54:01,30.0,--,59,179070,卖盘
69,14:53:46,30.0,--,48,144930,买盘
70,14:53:41,30.0,--,12,36000,买盘
71,14:53:36,30.0,--,13,39000,买盘
72,14:53:31,30.0,--,2,6000,买盘
73,14:53:21,30.0,--,95,285480,卖盘
74,14:53:16,30.0,-0.09,27,81030,卖盘
75,14:53:10,30.09,0.09,3,9027,买盘
76,14:53:06,30.0,0.02,8,26490,卖盘
77,14:53:01,29.98,-0.02,70,209860,卖盘
78,14:52:55,30.0,--,13,39390,买盘
79,14:52:51,30.0,--,53,159000,买盘
80,14:52:46,30.0,--,25,75000,买盘
81,14:52:40,30.0,--,4,12000,买盘
82,14:52:36,30.0,-0.1,23,71130,卖盘
83,14:52:31,30.1,0.1,36,109232,买盘
84,14:52:25,30.0,--,3,9000,买盘
85,14:52:21,30.0,--,69,207000,买盘
86,14:52:15,30.0,--,14,42000,买盘
87,14:52:10,30.0,0.01,21,63000,买盘
88,14:52:06,29.99,--,9,26991,卖盘
89,14:52:01,29.99,-0.01,137,410863,卖盘
90,14:51:51,30.0,--,12,36000,买盘
91,14:51:45,30.0,-0.1,333,1000170,卖盘
92,14:51:36,30.1,0.01,28,84280,买盘
93,14:51:30,30.09,-0.01,10,30090,中性盘
94,14:51:25,30.1,0.01,200,602000,买盘
95,14:51:15,30.09,0.05,4,12036,买盘
96,14:51:10,30.04,0.01,5,15020,买盘
97,14:51:06,30.03,-0.01,5,15015,卖盘
98,14:51:00,30.04,--,5,15020,买盘
99,14:50:55,30.04,0.02,7,21028,买盘
100,14:50:51,30.02,--,1,3002,卖盘
101,14:50:45,30.02,0.01,11,33022,买盘
102,14:50:40,30.01,-0.01,12,36012,卖盘
103,14:50:36,30.02,0.01,9,27018,买盘
104,14:50:30,30.01,--,26,79856,买盘
105,14:50:25,30.01,--,2,6002,买盘
106,14:50:21,30.01,--,1,3001,买盘
107,14:50:15,30.01,0.01,16,48016,买盘
108,14:50:10,30.0,--,0,0,中性盘
109,14:50:06,30.0,--,21,63000,买盘
110,14:50:00,30.0,0.01,15,45000,买盘
111,14:49:55,29.99,--,3,8997,卖盘
112,14:49:50,29.99,--,1,2999,卖盘
113,14:49:45,29.99,--,31,92969,卖盘
114,14:49:40,29.99,--,4,11996,卖盘
115,14:49:35,29.99,0.01,33,98967,买盘
116,14:49:30,29.98,--,2,5996,卖盘
117,14:49:25,29.98,--,8,23984,卖盘
118,14:49:20,29.98,0.02,17,50966,买盘
119,14:49:10,29.96,-0.02,10,29960,卖盘
120,14:49:00,29.98,-0.01,2,5996,买盘
121,14:48:55,29.99,--,29,86971,买盘
122,14:48:45,29.99,0.04,10,29990,买盘
123,14:48:40,29.95,0.01,9,26955,卖盘
124,14:48:35,29.94,--,0,0,卖盘
125,14:48:30,29.94,-0.01,48,146077,卖盘
126,14:48:25,29.95,0.01,17,50915,买盘
127,14:48:20,29.94,-0.01,3,8982,卖盘
128,14:48:15,29.95,-0.01,83,249213,卖盘
129,14:48:10,29.96,0.01,49,146804,买盘
130,14:48:00,29.95,--,56,167720,卖盘
131,14:47:55,29.95,--,50,149750,卖盘
132,14:47:50,29.95,-0.01,14,41930,卖盘
133,14:47:45,29.96,0.01,16,47936,买盘
134,14:47:35,29.95,-0.04,24,71880,卖盘
135,14:47:30,29.99,0.03,8,23992,买盘
136,14:47:25,29.96,0.01,11,32956,中性盘
137,14:47:15,29.95,--,20,59900,卖盘
138,14:47:10,29.95,--,26,77870,卖盘
139,14:47:00,29.95,-0.01,7,20965,卖盘
140,14:46:55,29.96,0.01,5,14980,买盘
141,14:46:50,29.95,-0.01,17,50915,卖盘
142,14:46:45,29.96,0.01,4,11984,中性盘
143,14:46:40,29.95,-0.01,131,394052,卖盘
144,14:46:34,29.96,0.01,7,20972,卖盘
145,14:46:25,29.95,--,6,17970,卖盘
146,14:46:19,29.95,--,5,14975,卖盘
147,14:46:15,29.95,--,6,18628,买盘
148,14:46:10,29.95,--,65,194675,买盘
149,14:46:00,29.95,-0.03,49,146755,卖盘
150,14:45:55,29.98,0.03,10,29980,买盘
151,14:45:49,29.95,--,1,2995,买盘
152,14:45:45,29.95,-0.01,8,23960,卖盘
153,14:45:40,29.96,0.01,36,107856,买盘
154,14:45:34,29.95,-0.01,8,23960,卖盘
155,14:45:25,29.96,-0.03,17,50932,卖盘
156,14:45:19,29.99,--,5,14995,买盘
157,14:45:15,29.99,--,14,41986,买盘
158,14:45:10,29.99,--,4,11996,买盘
159,14:45:04,29.99,--,3,8997,买盘
160,14:44:54,29.99,-0.01,7,22282,卖盘
161,14:44:49,30.0,--,7,21000,买盘
162,14:44:45,30.0,0.01,26,78000,买盘
163,14:44:39,29.99,--,13,38987,卖盘
164,14:44:34,29.99,--,5,14995,卖盘
165,14:44:30,29.99,--,33,100676,买盘
166,14:44:24,29.99,--,41,124248,买盘
167,14:44:19,29.99,--,28,83972,买盘
168,14:44:15,29.99,--,27,80973,买盘
169,14:44:09,29.99,-0.01,48,145661,中性盘
170,14:44:04,30.0,0.01,5,15000,买盘
171,14:44:00,29.99,--,51,152949,卖盘
172,14:43:54,29.99,-0.01,7,20993,买盘
173,14:43:49,30.0,--,0,0,买盘
174,14:43:45,30.0,--,56,168000,买盘
175,14:43:39,30.0,0.08,306,918000,买盘
176,14:43:34,29.92,--,3,8976,买盘
177,14:43:30,29.92,-0.06,109,326128,卖盘
178,14:43:24,29.98,0.06,5,14990,买盘
179,14:43:19,29.92,--,0,0,卖盘
180,14:43:15,29.92,-0.03,4,11968,卖盘
181,14:43:09,29.95,0.05,50,149750,买盘
182,14:43:04,29.9,--,2,5980,买盘
183,14:43:00,29.9,--,3,8970,买盘
184,14:42:54,29.9,--,15,44850,买盘
185,14:42:44,29.9,0.03,47,140530,买盘
186,14:42:39,29.87,0.01,36,107532,买盘
187,14:42:34,29.86,--,55,164230,卖盘
188,14:42:24,29.86,--,28,83608,中性盘
189,14:42:19,29.86,0.01,67,200062,买盘
190,14:42:14,29.85,--,100,298500,卖盘
191,14:42:09,29.85,--,113,337305,卖盘
192,14:42:04,29.85,0.02,305,910425,买盘
193,14:41:59,29.83,0.01,4,11932,买盘
194,14:41:54,29.82,-0.03,58,172956,卖盘
195,14:41:49,29.85,0.02,25,74625,买盘
196,14:41:44,29.83,-0.02,14,41762,卖盘
197,14:41:39,29.85,-0.02,44,131340,卖盘
198,14:41:34,29.87,-0.01,72,215064,卖盘
199,14:41:29,29.88,--,6,17928,买盘
200,14:41:24,29.88,-0.02,8,23904,卖盘
201,14:41:19,29.9,--,47,140530,卖盘
202,14:41:14,29.9,-0.04,5,14950,卖盘
203,14:41:09,29.94,0.01,128,383232,买盘
204,14:41:04,29.93,-0.02,52,155636,中性盘
205,14:40:59,29.95,--,0,0,买盘
206,14:40:54,29.95,--,115,344425,卖盘
207,14:40:49,29.95,-0.02,30,89850,卖盘
208,14:40:39,29.97,-0.01,42,125874,卖盘
209,14:40:34,29.98,-0.02,659,1975682,卖盘
210,14:40:29,30.0,--,83,249000,卖盘
211,14:40:24,30.0,--,267,801000,卖盘
212,14:40:19,30.0,-0.01,235,705000,卖盘
213,14:40:14,30.01,0.01,3,9003,买盘
214,14:40:09,30.0,-0.02,24,72000,卖盘
215,14:40:04,30.02,0.01,131,394432,买盘
216,14:39:58,30.01,-0.01,6,18006,卖盘
217,14:39:54,30.02,--,10,30020,买盘
218,14:39:49,30.02,--,24,72048,买盘
219,14:39:43,30.02,--,5,15010,中性盘
220,14:39:39,30.02,-0.01,15,45030,卖盘
221,14:39:34,30.03,0.01,23,69069,买盘
222,14:39:24,30.02,0.01,22,66044,卖盘
223,14:39:19,30.01,-0.01,65,196895,卖盘
224,14:39:13,30.02,--,1,3002,卖盘
225,14:39:09,30.02,0.01,40,120080,买盘
226,14:39:04,30.01,-0.01,18,54018,卖盘
227,14:38:58,30.02,--,15,45030,买盘
228,14:38:54,30.02,0.01,23,69046,买盘
229,14:38:48,30.01,-0.02,94,282094,卖盘
230,14:38:43,30.03,0.01,1,3003,买盘
231,14:38:39,30.02,--,88,264176,卖盘
232,14:38:33,30.02,--,7,21014,卖盘
233,14:38:28,30.02,-0.01,18,54036,卖盘
234,14:38:24,30.03,0.01,9,27027,买盘
235,14:38:18,30.02,-0.01,28,84056,卖盘
236,14:38:13,30.03,--,28,84084,卖盘
237,14:38:09,30.03,--,49,147147,卖盘
238,14:38:03,30.03,--,12,36036,卖盘
239,14:37:58,30.03,-0.01,10,30030,卖盘
240,14:37:54,30.04,0.01,31,93124,买盘
241,14:37:48,30.03,-0.01,147,441741,卖盘
242,14:37:43,30.04,-0.01,8,24032,卖盘
243,14:37:39,30.05,0.01,15,45075,买盘
244,14:37:33,30.04,--,2,8711,买盘
245,14:37:28,30.04,--,27,81108,买盘
246,14:37:24,30.04,--,54,162216,买盘
247,14:37:18,30.04,-0.01,40,120160,卖盘
248,14:37:13,30.05,0.01,1,3005,卖盘
249,14:37:09,30.04,--,17,51068,买盘
250,14:37:03,30.04,-0.01,35,105140,卖盘
251,14:36:54,30.05,0.01,29,87145,买盘
252,14:36:48,30.04,-0.01,16,48064,卖盘
253,14:36:43,30.05,0.01,2,6010,买盘
254,14:36:39,30.04,-0.01,30,90120,卖盘
255,14:36:33,30.05,-0.01,66,198330,卖盘
256,14:36:28,30.06,-0.01,56,168336,卖盘
257,14:36:23,30.07,--,0,0,中性盘
258,14:36:18,30.07,0.01,1,3007,买盘
259,14:36:13,30.06,-0.01,8,24048,卖盘
260,14:36:08,30.07,--,150,451050,买盘
261,14:36:03,30.07,-0.02,34,102238,卖盘
262,14:35:58,30.09,0.02,10,30090,买盘
263,14:35:53,30.07,-0.01,1,3007,中性盘
264,14:35:48,30.08,--,20,60160,买盘
265,14:35:43,30.08,--,22,66176,卖盘
266,14:35:38,30.08,-0.01,3,9024,卖盘
267,14:35:33,30.09,-0.01,90,270810,卖盘
268,14:35:28,30.1,--,54,162540,卖盘
269,14:35:13,30.1,--,5,15050,卖盘
270,14:35:08,30.1,-0.01,17,51170,卖盘
271,14:34:58,30.11,--,21,63231,卖盘
272,14:34:53,30.11,--,6,18066,卖盘
273,14:34:48,30.11,-0.01,15,45165,卖盘
274,14:34:43,30.12,-0.02,26,78312,卖盘
275,14:34:33,30.14,0.02,4,12056,买盘
276,14:34:28,30.12,--,39,117468,卖盘
277,14:34:23,30.12,-0.02,22,66264,卖盘
278,14:34:18,30.14,0.01,3,9042,买盘
279,14:34:13,30.13,--,5,15065,卖盘
280,14:34:08,30.13,--,17,51221,卖盘
281,14:34:03,30.13,-0.01,10,30130,卖盘
282,14:33:58,30.14,--,0,0,买盘
283,14:33:53,30.14,0.02,33,99462,买盘
284,14:33:43,30.12,-0.02,7,22409,卖盘
285,14:33:28,30.14,0.01,38,114532,买盘
286,14:33:23,30.13,-0.01,11,33143,卖盘
287,14:33:18,30.14,--,2,6028,买盘
288,14:33:13,30.14,0.01,37,111518,买盘
289,14:33:08,30.13,-0.01,16,48208,卖盘
290,14:33:03,30.14,--,2,6028,买盘
291,14:32:58,30.14,--,13,40869,买盘
292,14:32:52,30.14,0.02,11,33154,买盘
293,14:32:48,30.12,--,18,54216,卖盘
294,14:32:43,30.12,-0.01,32,98673,卖盘
295,14:32:37,30.13,--,6,18078,买盘
296,14:32:33,30.13,0.01,38,114494,买盘
297,14:32:28,30.12,--,26,78312,卖盘
298,14:32:18,30.12,0.02,34,102408,买盘
299,14:32:13,30.1,--,4,12040,买盘
300,14:32:07,30.1,0.01,167,502670,买盘
301,14:32:02,30.09,--,0,0,买盘
302,14:31:58,30.09,0.02,11,33099,买盘
303,14:31:52,30.07,0.01,9,27063,买盘
304,14:31:48,30.06,0.02,39,117234,买盘
305,14:31:43,30.04,-0.01,65,195260,卖盘
306,14:31:33,30.05,0.02,13,39065,买盘
307,14:31:27,30.03,-0.02,46,138138,卖盘
308,14:31:22,30.05,--,7,21035,买盘
309,14:31:18,30.05,--,4,12020,买盘
310,14:31:12,30.05,--,2,6010,买盘
311,14:31:07,30.05,-0.01,121,363605,卖盘
312,14:31:02,30.06,--,19,57114,买盘
313,14:30:57,30.06,-0.02,26,78156,买盘
314,14:30:52,30.08,--,0,0,买盘
315,14:30:48,30.08,0.01,73,219584,买盘
316,14:30:42,30.07,--,22,66154,买盘
317,14:30:37,30.07,--,1,3007,买盘
318,14:30:32,30.07,--,3,9021,买盘
319,14:30:27,30.07,-0.02,109,327763,卖盘
320,14:30:22,30.09,--,15,45135,买盘
321,14:30:17,30.09,--,2,6018,买盘
322,14:30:12,30.09,--,6,18054,买盘
323,14:30:07,30.09,--,20,61684,卖盘
324,14:30:02,30.09,--,25,75225,卖盘
325,14:29:57,30.09,-0.01,26,78234,卖盘
326,14:29:52,30.1,--,13,39130,买盘
327,14:29:47,30.1,--,359,1080590,卖盘
328,14:29:42,30.1,-0.01,5,15050,卖盘
329,14:29:37,30.11,--,72,217394,卖盘
330,14:29:32,30.11,--,1,3011,卖盘
331,14:29:27,30.11,-0.03,18,54198,卖盘
332,14:29:22,30.14,0.03,25,75350,买盘
333,14:29:17,30.11,--,0,0,卖盘
334,14:29:12,30.11,-0.04,35,105385,卖盘
335,14:29:07,30.15,0.04,143,431145,买盘
336,14:29:02,30.11,-0.02,5,15055,卖盘
337,14:28:57,30.13,0.01,150,451950,买盘
338,14:28:52,30.12,0.01,6,18072,买盘
339,14:28:47,30.11,-0.02,34,102374,卖盘
340,14:28:42,30.13,--,17,51221,买盘
341,14:28:37,30.13,--,19,57247,买盘
342,14:28:32,30.13,0.01,15,45195,买盘
343,14:28:27,30.12,-0.01,24,72288,卖盘
344,14:28:22,30.13,--,6,18078,卖盘
345,14:28:12,30.13,--,1,3013,卖盘
346,14:28:07,30.13,-0.02,23,69299,卖盘
347,14:27:57,30.15,--,62,186930,卖盘
348,14:27:52,30.15,--,7,21105,卖盘
349,14:27:47,30.15,-0.02,50,150750,卖盘
350,14:27:42,30.17,-0.01,1,3017,卖盘
351,14:27:37,30.18,0.01,1,3018,买盘
352,14:27:32,30.17,--,0,0,卖盘
353,14:27:27,30.17,-0.02,18,54306,卖盘
354,14:27:22,30.19,-0.01,4,12076,买盘
355,14:27:17,30.2,--,1,3020,买盘
356,14:27:12,30.2,--,72,217440,卖盘
357,14:27:07,30.2,-0.01,17,51340,卖盘
358,14:27:02,30.21,--,2,6042,买盘
359,14:26:57,30.21,0.01,12,36252,买盘
360,14:26:47,30.2,--,17,51340,卖盘
361,14:26:42,30.2,--,25,75500,卖盘
362,14:26:27,30.2,0.03,31,93620,买盘
363,14:26:16,30.17,--,6,18102,买盘
364,14:26:12,30.17,0.01,2,6034,买盘
365,14:26:07,30.16,-0.02,20,60320,卖盘
366,14:26:02,30.18,--,0,0,买盘
367,14:25:57,30.18,--,1,3018,买盘
368,14:25:52,30.18,0.01,26,78468,买盘
369,14:25:47,30.17,-0.01,8,24136,卖盘
370,14:25:42,30.18,--,27,81486,卖盘
371,14:25:31,30.18,--,7,21126,卖盘
372,14:25:27,30.18,-0.01,20,60360,卖盘
373,14:25:21,30.19,--,3,9057,买盘
374,14:25:16,30.19,--,5,15095,买盘
375,14:25:11,30.19,--,7,21133,买盘
376,14:25:06,30.19,--,5,15095,卖盘
377,14:25:01,30.19,-0.01,18,54342,卖盘
378,14:24:57,30.2,--,12,36240,买盘
379,14:24:51,30.2,0.01,11,33220,买盘
380,14:24:46,30.19,--,17,51323,卖盘
381,14:24:36,30.19,0.01,4,12076,买盘
382,14:24:31,30.18,-0.01,1,3018,卖盘
383,14:24:26,30.19,0.01,34,102646,买盘
384,14:24:16,30.18,--,5,15090,卖盘
385,14:24:12,30.18,--,32,96576,买盘
386,14:24:06,30.18,--,64,193152,买盘
387,14:23:51,30.18,0.03,2,7182,买盘
388,14:23:46,30.15,-0.03,31,95334,卖盘
389,14:23:41,30.18,0.02,74,223332,买盘
390,14:23:36,30.16,--,24,72384,买盘
391,14:23:31,30.16,0.01,3,9048,买盘
392,14:23:26,30.15,--,38,115715,卖盘
393,14:23:21,30.15,0.04,15,45225,买盘
394,14:23:11,30.11,--,0,0,卖盘
395,14:23:06,30.11,-0.01,32,96352,卖盘
396,14:23:01,30.12,--,3,9036,买盘
397,14:22:56,30.12,-0.06,8,24096,卖盘
398,14:22:51,30.18,0.06,18,54324,买盘
399,14:22:46,30.12,-0.06,15,45180,卖盘
400,14:22:36,30.18,--,8,24144,买盘
401,14:22:31,30.18,0.07,8,24144,买盘
402,14:22:26,30.11,-0.08,19,57209,卖盘
403,14:22:21,30.19,0.01,13,39247,买盘
404,14:22:11,30.18,0.03,13,39234,中性盘
405,14:22:06,30.15,-0.05,15,45225,卖盘
406,14:22:01,30.2,0.02,6,18120,买盘
407,14:21:56,30.18,-0.02,8,24144,卖盘
408,14:21:51,30.2,--,19,59252,卖盘
409,14:21:46,30.2,--,22,66440,卖盘
410,14:21:41,30.2,--,10,30200,卖盘
411,14:21:36,30.2,-0.02,17,51340,卖盘
412,14:21:31,30.22,0.01,18,54396,买盘
413,14:21:21,30.21,--,0,0,卖盘
414,14:21:16,30.21,-0.01,29,87609,卖盘
415,14:21:11,30.22,--,14,42308,卖盘
416,14:21:06,30.22,-0.03,8,24176,卖盘
417,14:21:01,30.25,0.01,3,9075,卖盘
418,14:20:56,30.24,--,5,15120,买盘
419,14:20:51,30.24,0.02,5,15120,中性盘
420,14:20:46,30.22,-0.03,200,604400,卖盘
421,14:20:41,30.25,--,27,81675,卖盘
422,14:20:31,30.25,--,0,0,卖盘
423,14:20:26,30.25,-0.05,7,21175,卖盘
424,14:20:21,30.3,0.01,25,75750,买盘
425,14:20:11,30.29,-0.01,1,3029,买盘
426,14:20:06,30.3,--,0,0,买盘
427,14:20:01,30.3,0.05,19,57570,买盘
428,14:19:56,30.25,-0.05,11,33275,卖盘
429,14:19:31,30.3,0.05,2,6060,买盘
430,14:19:21,30.25,-0.05,11,33275,卖盘
431,14:19:16,30.3,--,3,9090,卖盘
432,14:19:11,30.3,--,3,9090,卖盘
433,14:19:01,30.3,0.05,13,39390,买盘
434,14:18:30,30.25,--,21,63525,卖盘
435,14:18:26,30.25,--,7,21175,卖盘
436,14:18:15,30.25,--,3,9075,卖盘
437,14:17:25,30.25,--,2,6050,卖盘
438,14:17:20,30.25,--,5,15125,买盘
439,14:17:10,30.25,--,1,3025,买盘
440,14:17:05,30.25,0.01,2,6050,买盘
441,14:16:55,30.24,--,30,90720,卖盘
442,14:16:40,30.24,--,0,0,卖盘
443,14:16:20,30.24,-0.01,18,54432,卖盘
444,14:15:59,30.25,0.01,1,3025,中性盘
445,14:15:55,30.24,--,2,7015,卖盘
446,14:15:25,30.24,--,8,24192,卖盘
447,14:15:15,30.24,--,0,0,卖盘
448,14:15:10,30.24,-0.07,3,9072,卖盘
449,14:14:55,30.31,0.08,10,30310,买盘
450,14:14:40,30.23,--,8,24184,卖盘
451,14:14:30,30.23,--,1,3023,卖盘
452,14:14:25,30.23,--,0,0,卖盘
453,14:14:10,30.23,--,18,54414,卖盘
454,14:14:00,30.23,--,0,0,卖盘
455,14:13:55,30.23,-0.09,23,69529,卖盘
456,14:13:50,30.32,--,0,0,买盘
457,14:13:40,30.32,0.1,10,30320,买盘
458,14:13:35,30.22,-0.1,5,15110,卖盘
459,14:13:30,30.32,--,1,3032,买盘
460,14:13:25,30.32,--,0,0,买盘
461,14:13:10,30.32,-0.03,3,9096,买盘
462,14:13:05,30.35,--,0,0,买盘
463,14:12:50,30.35,0.15,25,75875,买盘
464,14:12:40,30.2,-0.15,96,289920,卖盘
465,14:12:35,30.35,--,8,24280,卖盘
466,14:12:29,30.35,-0.01,17,51595,卖盘
467,14:12:20,30.36,--,2,6072,卖盘
468,14:12:15,30.36,-0.02,12,36432,卖盘
469,14:12:00,30.38,-0.04,13,41559,卖盘
470,14:11:55,30.42,--,0,0,买盘
471,14:11:50,30.42,0.04,9,27378,买盘
472,14:11:45,30.38,--,5,15190,卖盘
473,14:11:40,30.38,--,0,0,卖盘
474,14:11:30,30.38,-0.04,10,30380,卖盘
475,14:11:15,30.42,--,2,6084,买盘
476,14:11:09,30.42,--,4,12168,买盘
477,14:10:59,30.42,--,10,30420,买盘
478,14:10:45,30.42,--,3,9126,卖盘
479,14:10:39,30.42,--,4,12168,卖盘
480,14:10:30,30.42,0.04,5,15210,卖盘
481,14:10:23,30.38,--,0,0,卖盘
482,14:10:09,30.38,-0.07,23,72182,卖盘
483,14:10:04,30.45,--,9,27405,买盘
484,14:09:59,30.45,--,9,27405,买盘
485,14:09:49,30.45,--,9,27405,买盘
486,14:09:44,30.45,--,1,3045,买盘
487,14:09:34,30.45,--,0,0,中性盘
488,14:09:29,30.45,--,8,24360,卖盘
489,14:09:19,30.45,0.04,2,6090,买盘
490,14:09:14,30.41,-0.01,2,6082,卖盘
491,14:09:04,30.42,--,38,117299,买盘
492,14:08:59,30.42,--,18,54756,买盘
493,14:08:54,30.42,--,15,45630,买盘
494,14:08:44,30.42,--,19,59136,卖盘
495,14:08:23,30.42,--,11,35165,买盘
496,14:08:19,30.42,0.02,2,6084,买盘
497,14:08:08,30.4,--,0,0,中性盘
498,14:08:04,30.4,-0.09,4,12160,卖盘
499,14:07:59,30.49,--,3,9147,买盘
500,14:07:53,30.49,0.01,27,82323,买盘
501,14:07:49,30.48,-0.01,29,88392,买盘
502,14:07:44,30.49,0.08,50,152450,买盘
503,14:07:39,30.41,-0.04,21,64134,卖盘
504,14:07:23,30.45,0.05,36,112390,买盘
505,14:07:19,30.4,-0.08,140,425600,卖盘
506,14:07:14,30.48,--,0,0,买盘
507,14:07:08,30.48,--,0,0,买盘
508,14:06:59,30.48,0.08,13,39624,买盘
509,14:06:53,30.4,--,0,0,买盘
510,14:06:44,30.4,0.05,150,456000,买盘
511,14:06:38,30.35,0.03,8,24280,买盘
512,14:06:29,30.32,-0.01,43,130376,卖盘
513,14:06:23,30.33,--,3,9099,卖盘
514,14:06:19,30.33,--,5,15165,买盘
515,14:06:14,30.33,0.03,25,75825,买盘
516,14:06:08,30.3,-0.01,3,9090,卖盘
517,14:05:53,30.31,0.01,11,33341,买盘
518,14:05:49,30.3,0.02,133,402990,买盘
519,14:05:38,30.28,--,5,15140,卖盘
520,14:05:34,30.28,--,18,54504,卖盘
521,14:05:28,30.28,0.03,10,30280,买盘
522,14:05:23,30.25,--,0,0,卖盘
523,14:05:19,30.25,-0.03,7,21175,卖盘
524,14:05:08,30.28,-0.01,6,18168,买盘
525,14:05:04,30.29,--,0,0,买盘
526,14:04:59,30.29,0.03,9,27261,买盘
527,14:04:49,30.26,0.06,5,15311,买盘
528,14:04:43,30.2,-0.06,8,24160,卖盘
529,14:04:34,30.26,--,0,0,买盘
530,14:04:23,30.26,0.09,51,154326,买盘
531,14:04:17,30.17,--,0,0,中性盘
532,14:04:08,30.17,-0.03,21,63357,卖盘
533,14:04:02,30.2,--,5,15100,买盘
534,14:03:53,30.2,--,10,30200,买盘
535,14:03:47,30.2,--,4,12080,买盘
536,14:03:43,30.2,-0.06,25,75500,卖盘
537,14:03:38,30.26,0.06,29,87754,买盘
538,14:03:32,30.2,-0.01,8,24160,卖盘
539,14:03:28,30.21,--,1,3021,买盘
540,14:03:23,30.21,-0.03,11,33231,卖盘
541,14:03:17,30.24,0.03,6,18144,买盘
542,14:03:08,30.21,-0.01,26,78546,卖盘
543,14:03:02,30.22,0.01,4,12088,中性盘
544,14:02:58,30.21,-0.02,16,48336,卖盘
545,14:02:53,30.23,0.02,86,259978,买盘
546,14:02:47,30.21,-0.01,15,45315,卖盘
547,14:02:43,30.22,0.01,8,24176,买盘
548,14:02:38,30.21,--,2,6042,卖盘
549,14:02:23,30.21,--,16,48336,买盘
550,14:02:13,30.21,--,0,0,买盘
551,14:02:08,30.21,--,10,30210,买盘
552,14:01:58,30.21,--,0,0,买盘
553,14:01:38,30.21,--,13,39273,买盘
554,14:01:28,30.21,0.01,2,6042,买盘
555,14:01:13,30.2,-0.02,7,21140,卖盘
556,14:01:08,30.22,--,3,9066,买盘
557,14:01:02,30.22,--,1,3022,买盘
558,14:00:58,30.22,0.02,3,9066,买盘
559,14:00:47,30.2,--,0,0,卖盘
560,14:00:28,30.2,--,6,18120,买盘
561,14:00:17,30.2,0.04,2,6040,买盘
562,14:00:08,30.16,-0.04,3,9048,卖盘
563,13:59:58,30.2,0.04,12,36240,买盘
564,13:59:53,30.16,-0.04,10,30160,卖盘
565,13:59:47,30.2,--,1,3020,买盘
566,13:59:38,30.2,--,2,6040,买盘
567,13:59:32,30.2,--,1,3020,卖盘
568,13:59:23,30.2,--,10,30200,卖盘
569,13:59:13,30.2,-0.02,8,24160,卖盘
570,13:59:08,30.22,--,5,15110,买盘
571,13:58:52,30.22,-0.01,32,96704,卖盘
572,13:58:38,30.23,--,2,6046,买盘
573,13:58:32,30.23,0.01,10,30230,买盘
574,13:58:28,30.22,-0.03,3,9066,卖盘
575,13:58:23,30.25,--,1,3025,买盘
576,13:58:07,30.25,-0.01,1,5868,卖盘
577,13:57:58,30.26,--,4,12104,卖盘
578,13:57:47,30.26,--,0,0,卖盘
579,13:57:43,30.26,--,10,30260,卖盘
580,13:57:37,30.26,-0.01,4,12104,卖盘
581,13:57:22,30.27,0.01,3,9081,中性盘
582,13:57:17,30.26,--,3,9078,卖盘
583,13:57:11,30.26,--,14,42364,买盘
584,13:57:02,30.26,--,1,3026,买盘
585,13:56:47,30.26,-0.01,10,30260,中性盘
586,13:56:37,30.27,-0.02,3,9081,卖盘
587,13:56:32,30.29,--,0,0,买盘
588,13:56:26,30.29,--,0,0,买盘
589,13:56:22,30.29,0.04,10,30290,买盘
590,13:56:07,30.25,--,0,0,卖盘
591,13:55:56,30.25,--,0,0,卖盘
592,13:55:47,30.25,-0.04,15,45375,卖盘
593,13:55:32,30.29,--,6,18174,卖盘
594,13:55:26,30.29,--,5,15145,卖盘
595,13:55:17,30.29,--,20,60580,卖盘
596,13:55:07,30.29,--,49,148602,买盘
597,13:54:56,30.29,--,3,9087,买盘
598,13:54:47,30.29,0.07,1,3029,买盘
599,13:54:41,30.22,-0.06,49,148078,卖盘
600,13:54:26,30.28,-0.01,2,6056,卖盘
601,13:54:22,30.29,0.01,5,15145,买盘
602,13:54:11,30.28,--,2,6056,卖盘
603,13:54:07,30.28,0.03,32,96896,买盘
604,13:54:02,30.25,-0.02,1,3025,卖盘
605,13:53:56,30.27,--,3,9081,卖盘
606,13:53:47,30.27,0.02,1,3027,卖盘
607,13:53:37,30.25,--,0,0,卖盘
608,13:53:22,30.25,-0.03,1,3025,卖盘
609,13:53:11,30.28,0.06,3,9084,买盘
610,13:53:07,30.22,--,0,0,卖盘
611,13:53:02,30.22,-0.08,18,54396,卖盘
612,13:52:56,30.3,--,0,0,买盘
613,13:52:52,30.3,--,0,0,买盘
614,13:52:41,30.3,0.01,3,9090,买盘
615,13:52:37,30.29,0.07,16,48464,买盘
616,13:52:32,30.22,-0.08,7,21154,卖盘
617,13:52:26,30.3,--,0,0,买盘
618,13:52:22,30.3,--,7,21210,买盘
619,13:52:11,30.3,-0.01,49,148470,卖盘
620,13:52:07,30.31,0.01,2,6062,买盘
621,13:52:02,30.3,--,32,96960,卖盘
622,13:51:56,30.3,--,1,3030,卖盘
623,13:51:52,30.3,0.05,84,254520,买盘
624,13:51:47,30.25,--,50,151250,买盘
625,13:51:41,30.25,--,3,9075,买盘
626,13:51:37,30.25,--,15,45375,买盘
627,13:51:26,30.25,0.05,9,27225,买盘
628,13:51:11,30.2,-0.05,7,21140,卖盘
629,13:51:07,30.25,0.04,27,83974,买盘
630,13:51:02,30.21,0.01,1,3021,卖盘
631,13:50:56,30.2,--,0,0,卖盘
632,13:50:51,30.2,0.02,6,18120,中性盘
633,13:50:35,30.18,0.02,20,60360,买盘
634,13:50:26,30.16,--,1,3016,卖盘
635,13:50:20,30.16,0.01,20,60320,买盘
636,13:49:56,30.15,0.05,472,1425492,买盘
637,13:49:50,30.1,-0.04,13,39130,卖盘
638,13:49:46,30.14,0.01,6,18084,买盘
639,13:49:41,30.13,-0.01,1,3013,卖盘
640,13:49:35,30.14,0.01,6,18084,买盘
641,13:49:31,30.13,0.03,28,84364,买盘
642,13:49:16,30.1,--,6,18060,卖盘
643,13:49:11,30.1,--,50,150500,买盘
644,13:49:05,30.1,--,9,27090,买盘
645,13:49:01,30.1,--,2,6020,买盘
646,13:48:56,30.1,--,25,75250,买盘
647,13:48:50,30.1,--,3,9030,买盘
648,13:48:46,30.1,--,5,15050,买盘
649,13:48:41,30.1,--,2,6020,买盘
650,13:48:26,30.1,--,8,24080,买盘
651,13:48:20,30.1,--,5,15050,卖盘
652,13:48:11,30.1,--,18,54180,卖盘
653,13:48:01,30.1,--,15,45150,卖盘
654,13:47:56,30.1,--,9,27090,卖盘
655,13:47:50,30.1,--,2,6020,卖盘
656,13:47:46,30.1,-0.05,1,3010,卖盘
657,13:47:41,30.15,--,0,0,买盘
658,13:47:35,30.15,--,2,6030,买盘
659,13:47:26,30.15,--,83,250848,卖盘
660,13:47:16,30.15,-0.01,14,42210,卖盘
661,13:47:05,30.16,--,35,105560,买盘
662,13:46:45,30.16,--,2,6032,买盘
663,13:46:41,30.16,--,2,6032,买盘
664,13:46:35,30.16,--,3,9048,买盘
665,13:46:31,30.16,--,11,33176,买盘
666,13:46:20,30.16,0.01,5,15080,买盘
667,13:46:16,30.15,--,50,153162,买盘
668,13:46:11,30.15,0.05,158,476370,买盘
669,13:46:05,30.1,--,6,18060,买盘
670,13:46:01,30.1,--,34,102340,买盘
671,13:45:56,30.1,0.01,20,60200,买盘
672,13:45:46,30.09,--,10,30090,卖盘
673,13:45:41,30.09,--,26,78234,卖盘
674,13:45:35,30.09,--,6,19558,买盘
675,13:45:31,30.09,--,5,15045,买盘
676,13:45:20,30.09,--,6,18054,买盘
677,13:45:16,30.09,0.02,5,15045,买盘
678,13:45:11,30.07,-0.02,2,6014,卖盘
679,13:45:05,30.09,--,30,90270,买盘
680,13:45:01,30.09,--,2,6018,买盘
681,13:44:56,30.09,0.02,3,9027,买盘
682,13:44:50,30.07,--,12,36084,卖盘
683,13:44:46,30.07,0.01,21,63147,买盘
684,13:44:41,30.06,--,3,9018,买盘
685,13:44:35,30.06,--,9,27054,买盘
686,13:44:31,30.06,-0.03,47,141282,卖盘
687,13:44:25,30.09,0.03,3,9027,买盘
688,13:44:20,30.06,--,0,0,卖盘
689,13:44:15,30.06,-0.01,20,60120,卖盘
690,13:44:10,30.07,--,17,51119,买盘
691,13:44:05,30.07,0.01,4,12028,买盘
692,13:44:01,30.06,-0.01,12,36072,卖盘
693,13:43:55,30.07,--,11,33077,买盘
694,13:43:50,30.07,--,7,21049,买盘
695,13:43:44,30.07,-0.02,44,132308,卖盘
696,13:43:35,30.09,0.02,6,18054,买盘
697,13:43:25,30.07,-0.02,41,123287,卖盘
698,13:43:20,30.09,-0.01,2,6018,卖盘
699,13:43:14,30.1,--,54,162540,买盘
700,13:43:10,30.1,--,5,15050,买盘
701,13:43:05,30.1,-0.01,201,605010,卖盘
702,13:42:59,30.11,--,10,30110,卖盘
703,13:42:55,30.11,--,28,84308,买盘
704,13:42:50,30.11,--,59,177649,买盘
705,13:42:44,30.11,--,3,9033,买盘
706,13:42:40,30.11,--,47,141517,卖盘
707,13:42:35,30.11,--,27,81297,卖盘
708,13:42:29,30.11,--,97,292067,卖盘
709,13:42:25,30.11,--,11,33121,卖盘
710,13:42:20,30.11,--,11,33121,卖盘
711,13:42:14,30.11,--,11,33121,卖盘
712,13:42:10,30.11,-0.02,6,18066,卖盘
713,13:41:59,30.13,0.01,92,277196,买盘
714,13:41:55,30.12,--,2,6024,买盘
715,13:41:50,30.12,-0.01,42,126504,卖盘
716,13:41:44,30.13,-0.02,26,78338,卖盘
717,13:41:40,30.15,0.02,3,9045,买盘
718,13:41:35,30.13,-0.02,10,30130,卖盘
719,13:41:29,30.15,--,3,10431,卖盘
720,13:41:25,30.15,--,13,39195,卖盘
721,13:41:20,30.15,-0.01,25,75375,卖盘
722,13:41:14,30.16,--,24,72384,中性盘
723,13:41:10,30.16,0.01,5,15080,买盘
724,13:41:05,30.15,--,70,211050,卖盘
725,13:40:59,30.15,-0.01,166,500490,卖盘
726,13:40:55,30.16,--,1,3016,卖盘
727,13:40:50,30.16,-0.02,50,150800,卖盘
728,13:40:44,30.18,0.01,5,15090,买盘
729,13:40:40,30.17,-0.01,17,51289,卖盘
730,13:40:29,30.18,--,37,111666,卖盘
731,13:40:25,30.18,-0.02,5,15090,卖盘
732,13:40:20,30.2,0.01,41,123820,买盘
733,13:40:14,30.19,0.01,37,111703,中性盘
734,13:40:10,30.18,-0.01,40,120720,卖盘
735,13:39:59,30.19,-0.01,11,33209,卖盘
736,13:39:55,30.2,0.01,2,6040,买盘
737,13:39:50,30.19,--,7,21133,买盘
738,13:39:44,30.19,--,15,45285,买盘
739,13:39:40,30.19,--,27,81513,买盘
740,13:39:25,30.19,--,1,3019,买盘
741,13:39:20,30.19,--,29,87551,卖盘
742,13:39:09,30.19,-0.01,13,39247,卖盘
743,13:39:05,30.2,0.01,5,15100,买盘
744,13:38:59,30.19,-0.01,27,81513,卖盘
745,13:38:55,30.2,--,20,60400,买盘
746,13:38:40,30.2,--,11,33220,买盘
747,13:38:34,30.2,-0.01,45,135900,卖盘
748,13:38:29,30.21,--,1,3021,买盘
749,13:38:19,30.21,--,3,9063,买盘
750,13:38:14,30.21,-0.01,1,3021,卖盘
751,13:38:09,30.22,--,5,15110,买盘
752,13:38:04,30.22,--,27,81594,买盘
753,13:37:55,30.22,--,0,0,买盘
754,13:37:49,30.22,0.01,20,60440,买盘
755,13:37:44,30.21,--,19,57399,卖盘
756,13:37:40,30.21,0.01,1,3021,卖盘
757,13:37:29,30.2,--,4,12080,卖盘
758,13:37:19,30.2,-0.01,18,54360,卖盘
759,13:37:14,30.21,--,2,6042,卖盘
760,13:37:08,30.21,--,13,39273,卖盘
761,13:37:04,30.21,0.01,28,84588,买盘
762,13:36:59,30.2,0.01,83,250660,买盘
763,13:36:44,30.19,--,3,9057,卖盘
764,13:36:38,30.19,0.01,1,3019,买盘
765,13:36:19,30.18,0.01,5,15090,买盘
766,13:36:08,30.17,--,9,27153,买盘
767,13:36:04,30.17,--,2,6034,卖盘
768,13:35:53,30.17,--,7,21119,卖盘
769,13:35:49,30.17,--,2,6034,买盘
770,13:35:44,30.17,--,43,129731,卖盘
771,13:35:29,30.17,-0.03,3,9051,卖盘
772,13:35:23,30.2,--,55,166100,买盘
773,13:35:14,30.2,--,90,271800,买盘
774,13:35:08,30.2,--,30,90600,卖盘
775,13:34:59,30.2,-0.01,12,36240,卖盘
776,13:34:53,30.21,--,3,9063,买盘
777,13:34:49,30.21,-0.01,22,66462,卖盘
778,13:34:38,30.22,0.01,5,15110,买盘
779,13:34:34,30.21,-0.01,6,18126,卖盘
780,13:34:23,30.22,--,1,3022,卖盘
781,13:34:19,30.22,-0.01,5,15110,卖盘
782,13:34:08,30.23,--,1,3023,买盘
783,13:34:04,30.23,--,1,3023,卖盘
784,13:33:59,30.23,--,0,0,卖盘
785,13:33:53,30.23,-0.01,17,51391,卖盘
786,13:33:34,30.24,--,40,120960,买盘
787,13:33:29,30.24,-0.01,8,24192,卖盘
788,13:33:19,30.25,--,17,51425,买盘
789,13:33:14,30.25,--,2,6050,买盘
790,13:33:04,30.25,--,5,15125,卖盘
791,13:32:38,30.25,--,3,9075,卖盘
792,13:32:34,30.25,--,0,0,卖盘
793,13:32:18,30.25,--,10,30250,买盘
794,13:32:14,30.25,-0.05,161,487025,卖盘
795,13:32:08,30.3,--,2,6060,买盘
796,13:31:53,30.3,--,1,3030,买盘
797,13:31:38,30.3,0.05,150,454500,买盘
798,13:31:23,30.25,--,6,18150,买盘
799,13:31:19,30.25,0.01,66,199650,买盘
800,13:31:08,30.24,-0.01,3,9072,卖盘
801,13:30:58,30.25,--,2,6050,买盘
802,13:30:53,30.25,--,14,42350,卖盘
803,13:30:48,30.25,-0.01,118,356950,卖盘
804,13:30:43,30.26,0.01,8,24208,买盘
805,13:30:23,30.25,--,5,15125,卖盘
806,13:30:08,30.25,--,17,51425,卖盘
807,13:29:58,30.25,--,40,121000,买盘
808,13:29:43,30.25,--,4,12100,买盘
809,13:29:38,30.25,0.01,5,15125,买盘
810,13:29:23,30.24,-0.01,10,30240,卖盘
811,13:29:08,30.25,--,0,0,买盘
812,13:29:02,30.25,--,10,30250,买盘
813,13:28:58,30.25,--,7,21175,卖盘
814,13:28:53,30.25,-0.01,20,60500,卖盘
815,13:28:47,30.26,--,1,3026,买盘
816,13:28:32,30.26,--,2,6052,买盘
817,13:28:23,30.26,--,1,3026,买盘
818,13:28:17,30.26,--,8,24208,卖盘
819,13:28:08,30.26,-0.01,25,75650,卖盘
820,13:28:02,30.27,--,1,3027,买盘
821,13:27:53,30.27,-0.01,15,45405,卖盘
822,13:27:32,30.28,-0.01,11,33308,卖盘
823,13:27:28,30.29,0.01,5,15145,买盘
824,13:27:23,30.28,-0.01,20,60560,卖盘
825,13:26:53,30.29,--,1,3029,买盘
826,13:26:47,30.29,0.01,2,6058,买盘
827,13:26:43,30.28,-0.01,4,12112,卖盘
828,13:26:32,30.29,-0.01,1,3029,中性盘
829,13:26:23,30.3,0.01,10,30300,买盘
830,13:26:13,30.29,--,4,12116,买盘
831,13:26:02,30.29,-0.01,1,3029,卖盘
832,13:25:58,30.3,--,14,42420,买盘
833,13:25:47,30.3,--,1,3030,买盘
834,13:25:43,30.3,--,22,66660,买盘
835,13:25:38,30.3,0.02,1,3030,买盘
836,13:25:32,30.28,--,1,3028,卖盘
837,13:25:13,30.28,0.01,4,12112,买盘
838,13:25:02,30.27,-0.01,14,42378,卖盘
839,13:24:58,30.28,--,5,15140,买盘
840,13:24:43,30.28,0.01,14,42392,买盘
841,13:24:27,30.27,--,24,72648,卖盘
842,13:24:23,30.27,0.02,6,18162,买盘
843,13:24:17,30.25,--,18,54450,卖盘
844,13:24:02,30.25,--,20,60500,买盘
845,13:23:57,30.25,--,2,6050,买盘
846,13:23:52,30.25,--,3,9075,买盘
847,13:23:37,30.25,--,2,6050,买盘
848,13:23:32,30.25,--,4,12100,买盘
849,13:23:22,30.25,--,2,6050,买盘
850,13:23:17,30.25,--,30,90750,买盘
851,13:23:12,30.25,--,6,18150,买盘
852,13:23:07,30.25,0.03,1,3025,买盘
853,13:23:02,30.22,0.01,1,3022,买盘
854,13:22:56,30.21,--,1,3021,买盘
855,13:22:52,30.21,--,7,21147,买盘
856,13:22:47,30.21,--,2,6042,买盘
857,13:22:41,30.21,0.01,7,21147,买盘
858,13:22:32,30.2,--,3,9060,卖盘
859,13:22:26,30.2,--,4,12080,卖盘
860,13:22:22,30.2,--,1,4046,买盘
861,13:22:17,30.2,--,3,9060,买盘
862,13:22:11,30.2,0.02,22,66440,买盘
863,13:21:56,30.18,--,46,138828,买盘
864,13:21:52,30.18,0.01,7,21126,买盘
865,13:21:47,30.17,--,9,27153,买盘
866,13:21:41,30.17,--,2,6034,买盘
867,13:21:37,30.17,--,4,12068,买盘
868,13:21:32,30.17,--,24,72408,买盘
869,13:21:26,30.17,--,3,9051,买盘
870,13:21:22,30.17,--,8,24136,买盘
871,13:21:17,30.17,--,4,12068,买盘
872,13:21:11,30.17,--,50,150850,买盘
873,13:21:02,30.17,--,8,24136,买盘
874,13:20:56,30.17,--,5,15085,买盘
875,13:20:47,30.17,--,3,9051,买盘
876,13:20:41,30.17,--,23,69391,买盘
877,13:20:37,30.17,0.02,3,9051,买盘
878,13:20:22,30.15,-0.03,5,15075,卖盘
879,13:20:17,30.18,0.02,5,15090,买盘
880,13:20:11,30.16,--,14,42224,买盘
881,13:20:07,30.16,0.01,5,15080,卖盘
882,13:20:02,30.15,-0.02,35,105525,卖盘
883,13:19:56,30.17,0.01,3,9051,卖盘
884,13:19:52,30.16,--,3,9048,卖盘
885,13:19:47,30.16,--,13,39208,卖盘
886,13:19:41,30.16,--,1,3016,卖盘
887,13:19:32,30.16,-0.02,4,12064,卖盘
888,13:19:26,30.18,0.03,10,30180,买盘
889,13:19:22,30.15,--,0,0,卖盘
890,13:19:17,30.15,-0.01,66,200618,卖盘
891,13:19:11,30.16,--,1,3016,卖盘
892,13:19:06,30.16,--,0,0,中性盘
893,13:18:56,30.16,-0.03,1,3016,买盘
894,13:18:52,30.19,0.03,91,274729,买盘
895,13:18:47,30.16,--,2,6032,买盘
896,13:18:41,30.16,-0.04,131,396483,卖盘
897,13:18:37,30.2,0.01,38,114760,买盘
898,13:18:26,30.19,-0.01,13,39247,卖盘
899,13:18:22,30.2,--,17,51340,买盘
900,13:18:17,30.2,-0.01,171,518413,卖盘
901,13:18:11,30.21,--,8,24168,买盘
902,13:17:56,30.21,0.01,1,3021,买盘
903,13:17:51,30.2,--,0,0,卖盘
904,13:17:41,30.2,--,12,36240,卖盘
905,13:17:37,30.2,-0.02,20,60400,卖盘
906,13:17:31,30.22,0.02,30,90660,买盘
907,13:17:26,30.2,-0.02,142,428840,卖盘
908,13:17:16,30.22,--,1,3022,买盘
909,13:17:07,30.22,--,4,12088,买盘
910,13:17:01,30.22,-0.01,38,114836,卖盘
911,13:16:56,30.23,--,2,6046,买盘
912,13:16:51,30.23,--,11,33253,买盘
913,13:16:47,30.23,--,1,3023,买盘
914,13:16:41,30.23,-0.05,16,48368,卖盘
915,13:16:37,30.28,0.05,86,260408,买盘
916,13:16:21,30.23,--,0,0,卖盘
917,13:16:11,30.23,-0.05,20,60460,卖盘
918,13:15:56,30.28,--,5,15140,卖盘
919,13:15:51,30.28,0.05,4,12112,卖盘
920,13:15:41,30.23,-0.05,18,54414,卖盘
921,13:15:35,30.28,--,76,230128,买盘
922,13:15:20,30.28,--,0,0,买盘
923,13:15:11,30.28,--,1,3028,卖盘
924,13:14:56,30.28,0.05,1,3028,买盘
925,13:14:50,30.23,-0.01,10,30230,卖盘
926,13:14:31,30.24,-0.01,10,30240,卖盘
927,13:14:26,30.25,0.03,4,12100,买盘
928,13:13:41,30.22,--,0,0,卖盘
929,13:13:31,30.22,-0.02,38,114836,卖盘
930,13:13:20,30.24,0.02,5,15120,买盘
931,13:13:05,30.22,--,2,6044,卖盘
932,13:12:50,30.22,--,1,3022,买盘
933,13:12:46,30.22,-0.03,9,27198,中性盘
934,13:12:35,30.25,0.04,5,15125,买盘
935,13:12:31,30.21,-0.04,12,36252,卖盘
936,13:12:26,30.25,--,1,3025,买盘
937,13:12:20,30.25,--,1,3025,买盘
938,13:12:16,30.25,0.04,2,6050,买盘
939,13:12:11,30.21,--,2,6042,卖盘
940,13:12:05,30.21,--,10,30210,卖盘
941,13:12:00,30.21,--,1,3021,卖盘
942,13:11:56,30.21,--,3,9063,卖盘
943,13:11:50,30.21,0.01,5,15105,卖盘
944,13:11:46,30.2,-0.01,20,60400,卖盘
945,13:11:35,30.21,--,1,4048,买盘
946,13:11:30,30.21,--,16,48336,买盘
947,13:11:26,30.21,-0.03,184,557857,卖盘
948,13:11:20,30.24,--,21,64532,买盘
949,13:11:15,30.24,0.01,2,6048,买盘
950,13:11:11,30.23,-0.01,4,12092,卖盘
951,13:11:05,30.24,0.01,9,27216,买盘
952,13:11:00,30.23,--,8,24184,买盘
953,13:10:56,30.23,--,2,6046,买盘
954,13:10:45,30.23,--,1,3023,买盘
955,13:10:35,30.23,-0.01,15,45345,卖盘
956,13:10:20,30.24,-0.01,7,23163,卖盘
957,13:10:15,30.25,0.01,3,9075,买盘
958,13:10:05,30.24,0.01,1,3024,卖盘
959,13:10:00,30.23,--,0,0,卖盘
960,13:09:40,30.23,--,1,4050,买盘
961,13:09:35,30.23,-0.01,27,81621,卖盘
962,13:09:30,30.24,0.02,6,18144,买盘
963,13:09:25,30.22,-0.01,16,48352,卖盘
964,13:09:20,30.23,-0.01,11,33253,买盘
965,13:09:15,30.24,--,0,0,买盘
966,13:09:10,30.24,--,6,18144,卖盘
967,13:09:05,30.24,--,0,0,中性盘
968,13:09:00,30.24,--,16,48384,买盘
969,13:08:50,30.24,--,5,15120,买盘
970,13:08:45,30.24,-0.03,5,15120,卖盘
971,13:08:29,30.27,0.03,60,181620,买盘
972,13:08:25,30.24,-0.03,19,57456,卖盘
973,13:08:14,30.27,0.01,15,45405,中性盘
974,13:08:10,30.26,-0.02,50,151300,卖盘
975,13:07:59,30.28,-0.02,2,6056,卖盘
976,13:07:44,30.3,--,5,15150,卖盘
977,13:07:35,30.3,--,0,0,中性盘
978,13:07:29,30.3,--,5,15150,买盘
979,13:07:20,30.3,-0.03,4,12120,卖盘
980,13:07:05,30.33,0.03,2,6066,买盘
981,13:06:59,30.3,--,0,0,卖盘
982,13:06:55,30.3,-0.03,24,72720,卖盘
983,13:06:50,30.33,--,3,9099,买盘
984,13:06:35,30.33,--,5,15165,卖盘
985,13:06:29,30.33,--,4,12132,卖盘
986,13:06:20,30.33,-0.02,2,6066,卖盘
987,13:06:14,30.35,--,0,0,买盘
988,13:05:40,30.35,--,8,24280,买盘
989,13:05:29,30.35,--,2,6070,买盘
990,13:05:10,30.35,--,23,69805,买盘
991,13:04:50,30.35,-0.01,7,21245,卖盘
992,13:04:44,30.36,--,1,3036,买盘
993,13:04:40,30.36,--,4,12144,买盘
994,13:04:29,30.36,-0.02,2,6072,买盘
995,13:04:14,30.38,--,0,0,买盘
996,13:04:10,30.38,--,0,0,买盘
997,13:03:59,30.38,--,4,12152,买盘
998,13:03:54,30.38,--,11,33418,买盘
999,13:03:39,30.38,0.02,21,63798,买盘
1000,13:03:29,30.36,-0.02,44,133584,卖盘
1001,13:03:14,30.38,0.02,7,21266,卖盘
1002,13:02:54,30.36,--,3,9108,买盘
1003,13:02:44,30.36,--,43,130548,买盘
1004,13:02:39,30.36,-0.02,74,224664,卖盘
1005,13:02:34,30.38,--,5,15190,卖盘
1006,13:02:29,30.38,--,1,3038,买盘
1007,13:02:24,30.38,0.02,4,12152,买盘
1008,13:02:19,30.36,-0.02,10,30360,卖盘
1009,13:02:09,30.38,0.02,5,15190,买盘
1010,13:01:54,30.36,0.01,7,21252,买盘
1011,13:01:34,30.35,--,3,9105,买盘
1012,13:01:24,30.35,--,3,9105,买盘
1013,13:01:19,30.35,--,3,9105,买盘
1014,13:01:14,30.35,-0.01,1,3035,买盘
1015,13:01:09,30.36,--,0,0,买盘
1016,13:00:54,30.36,0.04,23,69828,买盘
1017,13:00:39,30.32,--,0,0,卖盘
1018,13:00:08,30.32,--,38,115216,卖盘
1019,13:00:04,30.32,0.06,103,312296,买盘
1020,11:30:00,30.26,--,0,0,卖盘
1021,11:29:59,30.26,--,0,0,卖盘
1022,11:29:40,30.26,--,0,0,卖盘
1023,11:29:30,30.26,-0.05,28,84728,卖盘
1024,11:29:25,30.31,--,12,36372,买盘
1025,11:29:20,30.31,0.03,11,33341,买盘
1026,11:29:10,30.28,-0.01,15,45420,卖盘
1027,11:29:00,30.29,--,12,36348,买盘
1028,11:28:55,30.29,0.01,1,3029,买盘
1029,11:28:50,30.28,-0.01,7,21196,卖盘
1030,11:28:45,30.29,--,1,3029,买盘
1031,11:28:39,30.29,-0.02,15,45435,卖盘
1032,11:28:35,30.31,0.02,38,115178,买盘
1033,11:28:24,30.29,-0.01,1,3029,卖盘
1034,11:28:20,30.3,--,9,27270,买盘
1035,11:28:05,30.3,-0.01,47,142410,卖盘
1036,11:27:54,30.31,--,6,18186,买盘
1037,11:27:50,30.31,--,4,12124,卖盘
1038,11:27:35,30.31,--,5,15155,卖盘
1039,11:27:24,30.31,-0.03,3,9093,卖盘
1040,11:27:20,30.34,0.03,2,6068,买盘
1041,11:27:15,30.31,--,0,0,卖盘
1042,11:27:05,30.31,-0.05,5,15155,卖盘
1043,11:27:00,30.36,0.04,14,42504,买盘
1044,11:26:54,30.32,0.01,1,3032,中性盘
1045,11:26:50,30.31,--,8,24248,卖盘
1046,11:26:45,30.31,--,11,33341,卖盘
1047,11:26:35,30.31,-0.01,7,21217,卖盘
1048,11:26:30,30.32,0.01,1,3032,买盘
1049,11:26:24,30.31,-0.01,10,30310,卖盘
1050,11:26:20,30.32,--,15,45480,买盘
1051,11:26:15,30.32,--,12,36384,卖盘
1052,11:26:05,30.32,-0.04,6,18192,卖盘
1053,11:25:54,30.36,0.04,21,63756,买盘
1054,11:25:50,30.32,--,32,97024,卖盘
1055,11:25:35,30.32,--,7,21224,卖盘
1056,11:25:30,30.32,0.01,4,12128,卖盘
1057,11:25:19,30.31,--,0,0,卖盘
1058,11:25:15,30.31,-0.05,1,3031,卖盘
1059,11:25:09,30.36,0.01,10,30360,买盘
1060,11:25:05,30.35,0.04,1,3035,中性盘
1061,11:24:59,30.31,-0.07,36,109116,卖盘
1062,11:24:49,30.38,--,0,0,买盘
1063,11:24:44,30.38,--,0,0,买盘
1064,11:24:39,30.38,0.02,5,15190,买盘
1065,11:24:29,30.36,-0.02,10,30360,卖盘
1066,11:24:05,30.38,--,3,9114,买盘
1067,11:23:59,30.38,-0.02,23,69874,买盘
1068,11:23:44,30.4,--,0,0,买盘
1069,11:23:39,30.4,0.05,2,6080,买盘
1070,11:23:34,30.35,--,0,0,卖盘
1071,11:23:09,30.35,--,0,0,卖盘
1072,11:22:59,30.35,-0.03,2,6070,卖盘
1073,11:22:54,30.38,--,5,15190,买盘
1074,11:22:49,30.38,-0.02,6,18228,卖盘
1075,11:22:44,30.4,0.05,10,30400,买盘
1076,11:22:39,30.35,-0.03,4,12352,卖盘
1077,11:22:29,30.38,-0.02,8,24304,卖盘
1078,11:22:24,30.4,--,1,3040,买盘
1079,11:21:59,30.4,--,5,15200,买盘
1080,11:21:54,30.4,--,42,127680,买盘
1081,11:21:49,30.4,--,5,15200,买盘
1082,11:21:44,30.4,--,2,6080,买盘
1083,11:21:19,30.4,--,5,15200,买盘
1084,11:21:09,30.4,--,15,45600,买盘
1085,11:20:59,30.4,--,2,6080,买盘
1086,11:20:54,30.4,--,26,79040,买盘
1087,11:20:48,30.4,--,4,12160,买盘
1088,11:20:39,30.4,-0.03,45,136800,卖盘
1089,11:20:24,30.43,0.01,2,6086,买盘
1090,11:20:14,30.42,--,3,9126,卖盘
1091,11:19:54,30.42,--,7,21294,买盘
1092,11:19:48,30.42,--,1,3042,买盘
1093,11:19:44,30.42,0.02,24,73008,买盘
1094,11:19:39,30.4,--,0,0,卖盘
1095,11:19:33,30.4,--,92,279680,卖盘
1096,11:19:29,30.4,-0.02,3,9120,卖盘
1097,11:19:24,30.42,0.02,2,6084,买盘
1098,11:19:14,30.4,--,31,97036,买盘
1099,11:19:09,30.4,--,31,94240,买盘
1100,11:19:03,30.4,--,14,42560,买盘
1101,11:18:59,30.4,0.02,20,60800,买盘
1102,11:18:44,30.38,--,79,240032,买盘
1103,11:18:39,30.38,--,2,6076,买盘
1104,11:18:29,30.38,0.01,44,133672,买盘
1105,11:18:24,30.37,--,10,30370,买盘
1106,11:18:14,30.37,--,16,48592,买盘
1107,11:18:09,30.37,--,53,160961,买盘
1108,11:18:03,30.37,--,3,9111,买盘
1109,11:17:59,30.37,--,10,30370,买盘
1110,11:17:44,30.37,0.02,2,6074,买盘
1111,11:17:33,30.35,0.01,132,400620,买盘
1112,11:17:29,30.34,--,20,60680,买盘
1113,11:17:18,30.34,-0.01,2,6068,卖盘
1114,11:17:08,30.35,0.01,5,15175,买盘
1115,11:17:03,30.34,0.04,1,3034,卖盘
1116,11:16:59,30.3,--,0,0,卖盘
1117,11:16:53,30.3,-0.05,1,3030,卖盘
1118,11:16:48,30.35,--,1,3035,买盘
1119,11:16:44,30.35,0.01,5,15175,买盘
1120,11:16:38,30.34,-0.01,1,3034,中性盘
1121,11:16:28,30.35,--,30,91050,买盘
1122,11:16:13,30.35,--,0,0,买盘
1123,11:16:08,30.35,0.05,1,3035,买盘
1124,11:15:58,30.3,-0.05,2,6060,卖盘
1125,11:15:53,30.35,--,0,0,买盘
1126,11:15:48,30.35,--,2,6070,买盘
1127,11:15:43,30.35,--,1,3035,买盘
1128,11:15:38,30.35,--,0,0,买盘
1129,11:15:28,30.35,0.05,20,60700,买盘
1130,11:15:23,30.3,--,19,57570,买盘
1131,11:15:18,30.3,--,0,0,买盘
1132,11:15:08,30.3,0.02,30,90900,买盘
1133,11:15:03,30.28,0.01,3,9084,卖盘
1134,11:14:53,30.27,--,0,0,卖盘
1135,11:14:48,30.27,-0.01,6,18162,卖盘
1136,11:14:43,30.28,0.01,4,12112,买盘
1137,11:14:32,30.27,--,5,15135,卖盘
1138,11:14:23,30.27,--,4,12108,买盘
1139,11:14:03,30.27,-0.02,18,54486,卖盘
1140,11:13:53,30.29,--,8,24232,买盘
1141,11:13:43,30.29,--,0,0,买盘
1142,11:13:38,30.29,0.01,5,15145,买盘
1143,11:13:33,30.28,-0.01,9,27252,卖盘
1144,11:13:18,30.29,--,1,3029,买盘
1145,11:13:11,30.29,--,4,12116,买盘
1146,11:13:08,30.29,-0.01,11,33319,买盘
1147,11:13:03,30.3,--,0,0,买盘
1148,11:12:57,30.3,0.01,10,30300,买盘
1149,11:12:53,30.29,-0.01,1,3029,卖盘
1150,11:12:33,30.3,--,3,9090,买盘
1151,11:12:23,30.3,--,117,354510,卖盘
1152,11:12:18,30.3,--,5,15150,卖盘
1153,11:12:12,30.3,-0.05,2,6060,卖盘
1154,11:12:08,30.35,--,0,0,买盘
1155,11:12:03,30.35,0.02,26,78910,买盘
1156,11:11:53,30.33,--,3,9099,买盘
1157,11:11:48,30.33,--,2,6066,买盘
1158,11:11:38,30.33,0.03,9,27297,卖盘
1159,11:11:23,30.3,--,0,0,卖盘
1160,11:11:18,30.3,--,24,72720,卖盘
1161,11:11:12,30.3,--,0,0,卖盘
1162,11:11:08,30.3,--,0,0,卖盘
1163,11:11:03,30.3,--,30,90900,卖盘
1164,11:10:57,30.3,-0.01,13,39390,卖盘
1165,11:10:48,30.31,--,6,18186,买盘
1166,11:10:42,30.31,--,76,230356,买盘
1167,11:10:38,30.31,-0.02,28,84868,卖盘
1168,11:10:33,30.33,-0.02,2,6066,买盘
1169,11:10:18,30.35,--,0,0,买盘
1170,11:10:08,30.35,0.05,18,54630,买盘
1171,11:10:03,30.3,-0.01,60,181800,卖盘
1172,11:09:53,30.31,--,4,12124,中性盘
1173,11:09:48,30.31,-0.04,8,24248,卖盘
1174,11:09:38,30.35,0.02,15,45525,买盘
1175,11:09:22,30.33,--,6,18198,买盘
1176,11:09:17,30.33,-0.02,21,63693,卖盘
1177,11:09:12,30.35,--,2,6070,买盘
1178,11:09:02,30.35,--,5,15175,买盘
1179,11:08:57,30.35,--,2,6070,买盘
1180,11:08:53,30.35,--,69,209415,卖盘
1181,11:08:38,30.35,0.04,10,30350,买盘
1182,11:08:27,30.31,--,0,0,卖盘
1183,11:08:22,30.31,-0.04,2,6062,卖盘
1184,11:08:17,30.35,--,5,15175,买盘
1185,11:08:12,30.35,--,0,0,买盘
1186,11:08:07,30.35,--,23,69805,买盘
1187,11:07:52,30.35,0.01,6,18210,买盘
1188,11:07:47,30.34,--,1,3034,买盘
1189,11:07:37,30.34,0.01,2,6068,买盘
1190,11:07:32,30.33,--,0,0,卖盘
1191,11:07:22,30.33,--,13,39429,卖盘
1192,11:07:17,30.33,-0.01,5,15165,卖盘
1193,11:07:12,30.34,0.01,15,45510,买盘
1194,11:07:07,30.33,-0.01,5,15165,卖盘
1195,11:06:47,30.34,-0.01,3,9102,买盘
1196,11:06:42,30.35,--,0,0,买盘
1197,11:06:32,30.35,0.01,10,30350,买盘
1198,11:06:27,30.34,-0.01,9,27306,卖盘
1199,11:06:22,30.35,0.01,23,69805,买盘
1200,11:06:17,30.34,-0.01,7,21238,卖盘
1201,11:06:12,30.35,--,11,33385,买盘
1202,11:06:02,30.35,--,10,30350,买盘
1203,11:05:57,30.35,0.01,1,3035,买盘
1204,11:05:47,30.34,--,0,0,买盘
1205,11:05:42,30.34,0.01,43,130462,买盘
1206,11:05:27,30.33,0.12,14,42462,买盘
1207,11:05:12,30.21,--,42,126882,买盘
1208,11:05:06,30.21,--,35,105735,买盘
1209,11:05:02,30.21,--,29,87609,买盘
1210,11:04:57,30.21,--,49,148029,买盘
1211,11:04:51,30.21,--,10,30210,买盘
1212,11:04:47,30.21,0.01,12,36252,买盘
1213,11:04:42,30.2,-0.01,16,48320,卖盘
1214,11:04:36,30.21,0.01,10,30210,卖盘
1215,11:04:32,30.2,--,7,21140,卖盘
1216,11:04:27,30.2,--,24,72480,买盘
1217,11:04:21,30.2,--,0,0,买盘
1218,11:04:16,30.2,0.02,24,72480,买盘
1219,11:04:12,30.18,--,17,51306,卖盘
1220,11:04:06,30.18,-0.02,9,27162,卖盘
1221,11:04:01,30.2,-0.01,27,81540,卖盘
1222,11:03:57,30.21,0.01,14,42294,买盘
1223,11:03:51,30.2,--,0,0,卖盘
1224,11:03:46,30.2,-0.01,34,102680,卖盘
1225,11:03:42,30.21,--,21,63441,卖盘
1226,11:03:36,30.21,-0.14,18,54378,卖盘
1227,11:03:31,30.35,0.04,13,39455,买盘
1228,11:03:27,30.31,--,0,0,中性盘
1229,11:03:21,30.31,0.11,3,9093,买盘
1230,11:03:16,30.2,-0.13,259,782180,卖盘
1231,11:03:12,30.33,0.01,37,112221,买盘
1232,11:03:06,30.32,--,6,18192,中性盘
1233,11:03:01,30.32,-0.01,10,30320,卖盘
1234,11:02:57,30.33,--,29,87957,买盘
1235,11:02:51,30.33,0.02,4,12132,买盘
1236,11:02:46,30.31,-0.02,10,30310,卖盘
1237,11:02:42,30.33,0.01,10,30330,中性盘
1238,11:02:36,30.32,-0.03,58,175856,卖盘
1239,11:02:21,30.35,0.02,23,69805,中性盘
1240,11:02:16,30.33,-0.02,16,48528,卖盘
1241,11:02:11,30.35,0.02,8,24280,卖盘
1242,11:02:06,30.33,-0.03,5,15165,卖盘
1243,11:02:01,30.36,0.01,42,127512,买盘
1244,11:01:56,30.35,0.02,2,6070,买盘
1245,11:01:46,30.33,-0.02,101,306333,卖盘
1246,11:01:41,30.35,-0.05,29,88015,卖盘
1247,11:01:31,30.4,--,1,3040,买盘
1248,11:01:26,30.4,0.03,18,54720,买盘
1249,11:01:21,30.37,-0.03,142,432893,卖盘
1250,11:01:16,30.4,-0.01,2,6080,卖盘
1251,11:01:11,30.41,--,563,1712083,卖盘
1252,11:01:06,30.41,-0.01,3,9123,卖盘
1253,11:01:01,30.42,0.01,15,45630,买盘
1254,11:00:56,30.41,-0.01,16,48656,卖盘
1255,11:00:51,30.42,--,7,21294,买盘
1256,11:00:46,30.42,--,44,133848,卖盘
1257,11:00:41,30.42,-0.01,4,12168,卖盘
1258,11:00:31,30.43,0.01,16,48688,买盘
1259,11:00:21,30.42,0.02,8,24336,买盘
1260,11:00:16,30.4,-0.01,1,3040,卖盘
1261,11:00:11,30.41,-0.02,12,36492,卖盘
1262,11:00:06,30.43,0.01,16,48688,买盘
1263,10:59:56,30.42,0.02,5,15210,买盘
1264,10:59:51,30.4,-0.01,10,30400,卖盘
1265,10:59:46,30.41,-0.01,5,15205,中性盘
1266,10:59:41,30.42,0.02,7,21294,买盘
1267,10:59:36,30.4,--,34,103360,卖盘
1268,10:59:31,30.4,--,9,27360,卖盘
1269,10:59:26,30.4,--,23,69920,卖盘
1270,10:59:21,30.4,--,17,51680,卖盘
1271,10:59:16,30.4,--,29,88160,卖盘
1272,10:59:11,30.4,--,18,54720,卖盘
1273,10:59:05,30.4,--,8,24320,卖盘
1274,10:59:01,30.4,--,11,33440,卖盘
1275,10:58:51,30.4,0.01,91,276640,买盘
1276,10:58:46,30.39,0.02,1,3039,卖盘
1277,10:58:41,30.37,-0.02,7,21259,卖盘
1278,10:58:36,30.39,0.02,13,39507,买盘
1279,10:58:26,30.37,--,17,51629,卖盘
1280,10:58:21,30.37,--,8,24296,卖盘
1281,10:58:16,30.37,0.01,3,9111,卖盘
1282,10:58:11,30.36,--,12,36432,买盘
1283,10:58:06,30.36,--,7,21252,卖盘
1284,10:58:01,30.36,-0.01,32,97152,卖盘
1285,10:57:56,30.37,--,34,103258,买盘
1286,10:57:51,30.37,0.01,13,39481,买盘
1287,10:57:46,30.36,-0.01,13,39468,卖盘
1288,10:57:41,30.37,--,20,60740,买盘
1289,10:57:36,30.37,--,14,42518,买盘
1290,10:57:31,30.37,--,1,3037,买盘
1291,10:57:21,30.37,0.01,1,3037,买盘
1292,10:57:11,30.36,--,5,15180,买盘
1293,10:57:06,30.36,-0.01,5,15180,买盘
1294,10:57:01,30.37,--,0,0,买盘
1295,10:56:56,30.37,0.04,20,60740,买盘
1296,10:56:51,30.33,--,315,955425,卖盘
1297,10:56:45,30.33,--,36,111189,买盘
1298,10:56:41,30.33,0.02,16,48528,买盘
1299,10:56:36,30.31,--,50,152489,卖盘
1300,10:56:30,30.31,0.01,188,569828,买盘
1301,10:56:26,30.3,-0.01,11,33330,卖盘
1302,10:56:21,30.31,--,11,33341,买盘
1303,10:56:15,30.31,--,6,18186,买盘
1304,10:56:11,30.31,--,24,72744,买盘
1305,10:56:06,30.31,0.01,18,54558,买盘
1306,10:56:00,30.3,-0.01,34,103020,卖盘
1307,10:55:55,30.31,0.01,13,39403,中性盘
1308,10:55:51,30.3,-0.01,66,199980,卖盘
1309,10:55:45,30.31,--,2,6062,卖盘
1310,10:55:40,30.31,-0.01,38,115178,卖盘
1311,10:55:36,30.32,--,7,21224,买盘
1312,10:55:30,30.32,-0.01,42,127344,卖盘
1313,10:55:25,30.33,0.01,29,87957,买盘
1314,10:55:21,30.32,-0.03,55,166760,卖盘
1315,10:55:15,30.35,--,0,0,买盘
1316,10:55:06,30.35,--,10,30350,卖盘
1317,10:54:55,30.35,--,11,33385,卖盘
1318,10:54:50,30.35,-0.01,4,12140,卖盘
1319,10:54:40,30.36,-0.01,5,15180,中性盘
1320,10:54:35,30.37,--,6,18222,买盘
1321,10:54:30,30.37,-0.01,85,258145,卖盘
1322,10:54:25,30.38,--,11,33418,中性盘
1323,10:54:20,30.38,--,2,6076,买盘
1324,10:54:15,30.38,--,6,18228,买盘
1325,10:54:10,30.38,0.01,73,221774,买盘
1326,10:54:05,30.37,--,4,12148,卖盘
1327,10:54:00,30.37,-0.01,1,3037,卖盘
1328,10:53:55,30.38,--,14,42532,买盘
1329,10:53:50,30.38,--,38,115444,卖盘
1330,10:53:40,30.38,--,34,103292,卖盘
1331,10:53:35,30.38,-0.02,23,69874,卖盘
1332,10:53:25,30.4,0.02,11,33440,中性盘
1333,10:53:20,30.38,-0.07,11,33418,卖盘
1334,10:53:15,30.45,--,14,42630,卖盘
1335,10:53:10,30.45,0.01,69,210105,买盘
1336,10:53:05,30.44,0.04,1,3044,买盘
1337,10:53:00,30.4,-0.05,2,6080,卖盘
1338,10:52:55,30.45,--,0,0,买盘
1339,10:52:50,30.45,--,15,45675,买盘
1340,10:52:45,30.45,--,0,0,买盘
1341,10:52:40,30.45,--,8,24360,买盘
1342,10:52:35,30.45,0.05,477,1452465,买盘
1343,10:52:30,30.4,--,11,33440,卖盘
1344,10:52:25,30.4,--,7,21280,卖盘
1345,10:52:20,30.4,0.01,68,206720,买盘
1346,10:52:15,30.39,-0.01,22,66858,中性盘
1347,10:52:05,30.4,--,68,206720,买盘
1348,10:52:00,30.4,--,0,0,买盘
1349,10:51:50,30.4,0.02,15,45600,买盘
1350,10:51:44,30.38,-0.02,10,30380,卖盘
1351,10:51:40,30.4,--,17,51680,卖盘
1352,10:51:35,30.4,--,3,9120,买盘
1353,10:51:30,30.4,-0.03,9,27360,卖盘
1354,10:51:25,30.43,0.01,14,42602,买盘
1355,10:51:15,30.42,0.02,23,69966,买盘
1356,10:51:10,30.4,-0.04,38,115520,卖盘
1357,10:51:05,30.44,0.01,89,270916,买盘
1358,10:51:00,30.43,--,12,36516,买盘
1359,10:50:55,30.43,-0.02,47,143021,卖盘
1360,10:50:50,30.45,0.01,26,79170,买盘
1361,10:50:45,30.44,-0.01,3,9132,卖盘
1362,10:50:35,30.45,--,5,15225,卖盘
1363,10:50:20,30.45,-0.03,21,63945,卖盘
1364,10:50:15,30.48,-0.02,3,9144,卖盘
1365,10:50:10,30.5,--,36,109800,买盘
1366,10:50:05,30.5,--,0,0,买盘
1367,10:50:00,30.5,--,32,97600,买盘
1368,10:49:50,30.5,--,2,6100,买盘
1369,10:49:45,30.5,-0.04,760,2318000,卖盘
1370,10:49:40,30.54,--,8,24432,卖盘
1371,10:49:35,30.54,--,4,12216,卖盘
1372,10:49:30,30.54,--,0,0,卖盘
1373,10:49:20,30.54,-0.01,20,61080,卖盘
1374,10:49:15,30.55,-0.01,7,21385,卖盘
1375,10:49:10,30.56,--,5,15280,买盘
1376,10:49:05,30.56,0.01,6,18336,买盘
1377,10:48:53,30.55,--,0,0,中性盘
1378,10:48:50,30.55,--,1,3055,买盘
1379,10:48:45,30.55,--,1,3055,买盘
1380,10:48:34,30.55,--,7,21385,买盘
1381,10:48:29,30.55,--,25,76375,买盘
1382,10:48:23,30.55,--,2,6110,买盘
1383,10:48:19,30.55,--,7,21385,卖盘
1384,10:48:15,30.55,--,15,45825,买盘
1385,10:48:09,30.55,--,10,30550,买盘
1386,10:48:04,30.55,--,44,134420,买盘
1387,10:48:00,30.55,--,1,3055,买盘
1388,10:47:49,30.55,0.01,1,3055,买盘
1389,10:47:44,30.54,--,5,15270,卖盘
1390,10:47:38,30.54,-0.01,4,12216,卖盘
1391,10:47:34,30.55,0.01,12,36660,买盘
1392,10:47:29,30.54,--,8,24432,卖盘
1393,10:47:24,30.54,--,8,24432,卖盘
1394,10:47:19,30.54,--,3,9162,卖盘
1395,10:47:14,30.54,--,58,177132,卖盘
1396,10:47:08,30.54,--,18,54972,卖盘
1397,10:47:04,30.54,-0.01,8,24432,卖盘
1398,10:46:59,30.55,--,46,140530,买盘
1399,10:46:49,30.55,--,11,33605,买盘
1400,10:46:44,30.55,--,37,113035,卖盘
1401,10:46:39,30.55,--,16,48880,卖盘
1402,10:46:29,30.55,--,10,30550,卖盘
1403,10:46:04,30.55,--,1,3055,卖盘
1404,10:45:53,30.55,--,1,3055,卖盘
1405,10:45:49,30.55,-0.01,25,76375,卖盘
1406,10:45:44,30.56,--,39,119184,卖盘
1407,10:45:38,30.56,-0.01,6,18336,卖盘
1408,10:45:29,30.57,0.01,9,27513,买盘
1409,10:45:24,30.56,--,10,30560,卖盘
1410,10:45:19,30.56,-0.01,10,30560,卖盘
1411,10:45:04,30.57,--,1,3057,买盘
1412,10:44:58,30.57,--,15,45855,卖盘
1413,10:44:49,30.57,-0.01,2,6114,卖盘
1414,10:44:43,30.58,0.01,1,3058,买盘
1415,10:44:38,30.57,--,2,6114,卖盘
1416,10:44:34,30.57,--,4,12228,卖盘
1417,10:44:29,30.57,-0.01,7,21399,卖盘
1418,10:44:14,30.58,--,1,3058,买盘
1419,10:44:04,30.58,--,6,18348,买盘
1420,10:43:58,30.58,-0.03,163,501481,卖盘
1421,10:43:43,30.61,--,9,27549,买盘
1422,10:43:39,30.61,0.02,11,33671,买盘
1423,10:43:28,30.59,-0.02,7,21413,卖盘
1424,10:43:24,30.61,0.01,15,45915,买盘
1425,10:43:19,30.6,--,3,9180,买盘
1426,10:43:13,30.6,--,6,18360,买盘
1427,10:43:09,30.6,0.01,4,12240,买盘
1428,10:42:58,30.59,-0.02,3,9177,卖盘
1429,10:42:53,30.61,0.01,49,150019,买盘
1430,10:42:49,30.6,--,12,36720,卖盘
1431,10:42:44,30.6,--,1,3060,卖盘
1432,10:42:38,30.6,0.01,9,27540,买盘
1433,10:42:29,30.59,-0.01,70,214130,卖盘
1434,10:42:19,30.6,--,10,30600,买盘
1435,10:42:13,30.6,--,5,15300,买盘
1436,10:42:04,30.6,--,2,6120,卖盘
1437,10:41:58,30.6,-0.01,33,100980,卖盘
1438,10:41:54,30.61,0.01,100,306100,买盘
1439,10:41:48,30.6,--,20,61200,买盘
1440,10:41:44,30.6,--,69,211140,买盘
1441,10:41:38,30.6,--,14,42840,买盘
1442,10:41:33,30.6,--,2,6120,买盘
1443,10:41:28,30.6,-0.01,14,42840,卖盘
1444,10:41:24,30.61,0.01,1,3061,买盘
1445,10:41:13,30.6,0.01,20,61200,买盘
1446,10:41:08,30.59,--,26,79534,买盘
1447,10:40:58,30.59,--,23,70357,卖盘
1448,10:40:48,30.59,0.02,3,9177,卖盘
1449,10:40:43,30.57,--,0,0,卖盘
1450,10:40:38,30.57,-0.02,318,972126,卖盘
1451,10:40:32,30.59,0.01,37,113183,买盘
1452,10:40:28,30.58,--,12,36696,买盘
1453,10:40:23,30.58,-0.01,5,15290,中性盘
1454,10:40:17,30.59,0.02,1,3059,买盘
1455,10:40:13,30.57,-0.01,21,64197,卖盘
1456,10:40:08,30.58,0.01,14,42812,买盘
1457,10:39:47,30.57,0.02,1,3057,买盘
1458,10:39:32,30.55,--,31,94705,买盘
1459,10:39:28,30.55,--,2,6110,买盘
1460,10:39:22,30.55,--,10,30550,卖盘
1461,10:39:18,30.55,--,13,39715,买盘
1462,10:39:13,30.55,--,6,18330,卖盘
1463,10:39:07,30.55,--,11,33605,买盘
1464,10:39:02,30.55,--,5,15275,卖盘
1465,10:38:58,30.55,--,0,0,卖盘
1466,10:38:52,30.55,--,2,6110,卖盘
1467,10:38:47,30.55,--,0,0,卖盘
1468,10:38:43,30.55,--,8,24440,买盘
1469,10:38:32,30.55,--,3,9165,买盘
1470,10:38:28,30.55,0.01,19,58045,中性盘
1471,10:38:22,30.54,-0.01,20,61080,卖盘
1472,10:38:17,30.55,--,16,48880,卖盘
1473,10:38:13,30.55,-0.01,130,397150,卖盘
1474,10:38:02,30.56,--,5,15280,买盘
1475,10:37:58,30.56,-0.01,24,73344,卖盘
1476,10:37:52,30.57,-0.01,1,3057,买盘
1477,10:37:47,30.58,0.02,3,9174,买盘
1478,10:37:43,30.56,--,9,27504,买盘
1479,10:37:37,30.56,-0.02,10,30560,卖盘
1480,10:37:32,30.58,0.02,34,103972,买盘
1481,10:37:28,30.56,--,15,45840,卖盘
1482,10:37:22,30.56,0.01,10,30560,买盘
1483,10:37:17,30.55,--,12,36660,卖盘
1484,10:37:13,30.55,--,20,61100,卖盘
1485,10:37:07,30.55,--,13,39715,卖盘
1486,10:37:02,30.55,0.01,21,64155,买盘
1487,10:36:52,30.54,0.01,48,146592,中性盘
1488,10:36:47,30.53,-0.03,24,73272,卖盘
1489,10:36:43,30.56,--,0,0,买盘
1490,10:36:37,30.56,0.01,83,253648,买盘
1491,10:36:32,30.55,-0.02,15,45825,卖盘
1492,10:36:22,30.57,-0.01,10,30570,中性盘
1493,10:36:17,30.58,0.02,5,15290,买盘
1494,10:36:13,30.56,-0.02,3,9168,卖盘
1495,10:36:07,30.58,--,19,58102,卖盘
1496,10:36:02,30.58,-0.02,248,759148,卖盘
1497,10:35:52,30.6,0.01,27,82620,买盘
1498,10:35:47,30.59,--,38,116242,卖盘
1499,10:35:43,30.59,-0.01,24,73416,卖盘
1500,10:35:37,30.6,0.01,15,45900,买盘
1501,10:35:32,30.59,--,15,45885,卖盘
1502,10:35:28,30.59,-0.01,1,5353,卖盘
1503,10:35:22,30.6,--,17,52020,买盘
1504,10:35:17,30.6,--,3,9180,买盘
1505,10:35:12,30.6,--,3,9180,买盘
1506,10:35:07,30.6,-0.01,2,6120,中性盘
1507,10:35:02,30.61,0.01,27,82647,买盘
1508,10:34:57,30.6,-0.02,12,36720,中性盘
1509,10:34:52,30.62,0.01,56,174350,买盘
1510,10:34:47,30.61,--,58,177721,买盘
1511,10:34:37,30.61,-0.01,51,158988,卖盘
1512,10:34:33,30.62,0.01,26,79795,中性盘
1513,10:34:27,30.61,--,47,143867,卖盘
1514,10:34:22,30.61,--,28,85708,卖盘
1515,10:34:17,30.61,--,149,456089,卖盘
1516,10:34:12,30.61,--,38,116318,卖盘
1517,10:34:07,30.61,--,11,33671,卖盘
1518,10:34:02,30.61,-0.03,125,382625,卖盘
1519,10:33:57,30.64,--,3,9192,买盘
1520,10:33:52,30.64,0.03,26,79664,买盘
1521,10:33:47,30.61,-0.03,9,27549,卖盘
1522,10:33:42,30.64,-0.01,6,18384,卖盘
1523,10:33:37,30.65,0.01,14,42910,中性盘
1524,10:33:32,30.64,-0.01,11,33704,卖盘
1525,10:33:27,30.65,--,14,42910,卖盘
1526,10:33:22,30.65,-0.04,14,42910,卖盘
1527,10:33:17,30.69,0.04,43,131967,买盘
1528,10:33:12,30.65,-0.02,8,24520,卖盘
1529,10:33:07,30.67,-0.02,4,12268,中性盘
1530,10:33:02,30.69,0.02,20,61380,买盘
1531,10:32:57,30.67,-0.02,7,22235,卖盘
1532,10:32:52,30.69,--,37,113553,卖盘
1533,10:32:47,30.69,--,4,12276,卖盘
1534,10:32:42,30.69,--,2,6138,卖盘
1535,10:32:37,30.69,0.02,16,49104,买盘
1536,10:32:32,30.67,--,5,15335,卖盘
1537,10:32:22,30.67,--,17,52139,卖盘
1538,10:32:16,30.67,--,4,12268,卖盘
1539,10:32:11,30.67,-0.03,9,27603,卖盘
1540,10:32:07,30.7,--,28,88262,买盘
1541,10:32:01,30.7,--,25,77517,卖盘
1542,10:31:56,30.7,--,12,36840,卖盘
1543,10:31:52,30.7,--,23,70610,卖盘
1544,10:31:46,30.7,--,7,21490,卖盘
1545,10:31:41,30.7,--,13,39910,卖盘
1546,10:31:37,30.7,--,8,24560,卖盘
1547,10:31:31,30.7,-0.05,29,89030,卖盘
1548,10:31:26,30.75,-0.01,17,54581,买盘
1549,10:31:22,30.76,0.06,34,104584,买盘
1550,10:31:16,30.7,-0.01,30,92100,卖盘
1551,10:31:11,30.71,0.01,24,73704,中性盘
1552,10:31:07,30.7,--,14,42980,卖盘
1553,10:31:01,30.7,-0.03,88,270160,卖盘
1554,10:30:56,30.73,0.03,17,52241,中性盘
1555,10:30:52,30.7,-0.03,212,650840,卖盘
1556,10:30:46,30.73,0.03,29,89117,买盘
1557,10:30:41,30.7,--,28,85960,卖盘
1558,10:30:37,30.7,--,15,46050,卖盘
1559,10:30:31,30.7,-0.01,44,135080,卖盘
1560,10:30:26,30.71,-0.01,58,178118,中性盘
1561,10:30:22,30.72,0.02,62,190464,买盘
1562,10:30:16,30.7,--,15,46050,卖盘
1563,10:30:11,30.7,--,5,15350,卖盘
1564,10:30:07,30.7,-0.01,7,21490,卖盘
1565,10:30:01,30.71,--,7,21497,买盘
1566,10:29:56,30.71,--,15,46065,卖盘
1567,10:29:52,30.71,-0.01,5,15355,卖盘
1568,10:29:46,30.72,--,1,3072,买盘
1569,10:29:41,30.72,-0.03,14,43008,卖盘
1570,10:29:37,30.75,--,6,18450,卖盘
1571,10:29:31,30.75,0.04,3,9225,买盘
1572,10:29:26,30.71,-0.04,14,42994,卖盘
1573,10:29:22,30.75,0.03,3,9225,买盘
1574,10:29:16,30.72,--,1,3072,卖盘
1575,10:29:11,30.72,--,11,33792,卖盘
1576,10:29:07,30.72,--,0,0,卖盘
1577,10:29:01,30.72,0.01,8,24576,卖盘
1578,10:28:56,30.71,--,21,64491,卖盘
1579,10:28:52,30.71,-0.05,19,58349,卖盘
1580,10:28:46,30.76,0.05,1,3076,中性盘
1581,10:28:41,30.71,-0.06,3,9213,卖盘
1582,10:28:37,30.77,0.06,6,18462,买盘
1583,10:28:31,30.71,-0.05,10,30710,卖盘
1584,10:28:26,30.76,0.04,3,9228,卖盘
1585,10:28:22,30.72,0.01,23,70656,买盘
1586,10:28:11,30.71,-0.01,2,6142,卖盘
1587,10:28:07,30.72,--,2,6144,卖盘
1588,10:28:01,30.72,0.01,2,6144,卖盘
1589,10:27:56,30.71,-0.05,8,24568,卖盘
1590,10:27:52,30.76,0.05,5,15380,买盘
1591,10:27:41,30.71,-0.01,26,79846,卖盘
1592,10:27:36,30.72,--,1,3072,卖盘
1593,10:27:31,30.72,--,1,3072,卖盘
1594,10:27:26,30.72,0.01,47,144384,买盘
1595,10:27:22,30.71,-0.03,6,18426,卖盘
1596,10:27:11,30.74,-0.02,13,39962,卖盘
1597,10:27:06,30.76,0.02,15,46140,中性盘
1598,10:27:01,30.74,-0.04,10,30740,卖盘
1599,10:26:56,30.78,0.06,14,43092,买盘
1600,10:26:51,30.72,--,65,199680,卖盘
1601,10:26:46,30.72,-0.02,14,43008,卖盘
1602,10:26:41,30.74,0.03,17,52258,中性盘
1603,10:26:36,30.71,--,52,159692,卖盘
1604,10:26:31,30.71,-0.03,2,6142,卖盘
1605,10:26:26,30.74,-0.03,78,239772,买盘
1606,10:26:21,30.77,0.01,5,15385,买盘
1607,10:26:16,30.76,--,9,27684,卖盘
1608,10:26:11,30.76,--,100,307600,卖盘
1609,10:26:06,30.76,0.04,40,123593,买盘
1610,10:26:01,30.72,-0.02,9,30167,卖盘
1611,10:25:56,30.74,-0.02,13,39962,卖盘
1612,10:25:51,30.76,0.01,203,624428,买盘
1613,10:25:41,30.75,--,20,62053,买盘
1614,10:25:36,30.75,--,11,33825,买盘
1615,10:25:31,30.75,--,7,21525,买盘
1616,10:25:26,30.75,--,10,30750,买盘
1617,10:25:21,30.75,0.01,27,83025,买盘
1618,10:25:10,30.74,--,42,129108,买盘
1619,10:25:06,30.74,--,0,0,买盘
1620,10:25:01,30.74,-0.01,11,33814,买盘
1621,10:24:55,30.75,--,0,0,买盘
1622,10:24:51,30.75,--,275,845625,买盘
1623,10:24:46,30.75,--,4,12300,买盘
1624,10:24:40,30.75,-0.01,2,6150,买盘
1625,10:24:36,30.76,0.01,34,104584,买盘
1626,10:24:31,30.75,-0.01,5,15375,卖盘
1627,10:24:21,30.76,-0.02,7,21532,卖盘
1628,10:24:16,30.78,--,21,64638,买盘
1629,10:24:10,30.78,--,0,0,买盘
1630,10:24:05,30.78,--,1,3078,买盘
1631,10:24:01,30.78,0.01,8,24624,买盘
1632,10:23:55,30.77,--,1,3077,卖盘
1633,10:23:50,30.77,0.01,15,46155,买盘
1634,10:23:46,30.76,0.01,18,55368,买盘
1635,10:23:35,30.75,-0.01,10,30750,卖盘
1636,10:23:31,30.76,0.01,2,6152,买盘
1637,10:23:25,30.75,--,5,15375,卖盘
1638,10:23:20,30.75,--,30,92250,卖盘
1639,10:23:16,30.75,--,7,21525,卖盘
1640,10:23:10,30.75,0.05,15,46125,买盘
1641,10:22:55,30.7,--,3,9210,卖盘
1642,10:22:50,30.7,--,53,162710,卖盘
1643,10:22:46,30.7,--,1,3070,卖盘
1644,10:22:35,30.7,-0.05,18,55260,卖盘
1645,10:22:31,30.75,--,1,3075,买盘
1646,10:22:25,30.75,--,1,3075,买盘
1647,10:22:20,30.75,--,11,33825,买盘
1648,10:22:16,30.75,--,3,9225,买盘
1649,10:22:10,30.75,0.03,33,101475,买盘
1650,10:22:05,30.72,--,0,0,卖盘
1651,10:21:55,30.72,-0.03,2,6144,卖盘
1652,10:21:50,30.75,--,8,24600,买盘
1653,10:21:40,30.75,0.03,2,6150,中性盘
1654,10:21:35,30.72,-0.04,3,9216,卖盘
1655,10:21:20,30.76,0.01,23,70748,买盘
1656,10:21:16,30.75,--,14,43050,卖盘
1657,10:21:10,30.75,--,114,350550,买盘
1658,10:21:05,30.75,0.05,3,9225,买盘
1659,10:21:01,30.7,-0.05,1,3070,卖盘
1660,10:20:50,30.75,0.1,41,126075,买盘
1661,10:20:40,30.65,0.01,62,190918,买盘
1662,10:20:35,30.64,0.04,145,445597,中性盘
1663,10:20:31,30.6,-0.03,450,1377428,卖盘
1664,10:20:25,30.63,-0.01,5,15315,卖盘
1665,10:20:20,30.64,0.03,24,73536,买盘
1666,10:20:16,30.61,--,4,12244,卖盘
1667,10:20:10,30.61,--,3,9183,卖盘
1668,10:20:05,30.61,0.01,213,654564,买盘
1669,10:20:01,30.6,0.01,16,48960,买盘
1670,10:19:55,30.59,-0.01,28,85652,卖盘
1671,10:19:50,30.6,--,135,413100,买盘
1672,10:19:46,30.6,--,9,27540,买盘
1673,10:19:40,30.6,--,69,211140,卖盘
1674,10:19:35,30.6,--,40,122400,卖盘
1675,10:19:31,30.6,-0.01,48,146880,卖盘
1676,10:19:25,30.61,--,48,146928,卖盘
1677,10:19:20,30.61,-0.01,238,728518,卖盘
1678,10:19:15,30.62,--,7,21434,卖盘
1679,10:19:10,30.62,-0.03,516,1579992,卖盘
1680,10:19:05,30.65,0.01,70,214550,买盘
1681,10:19:00,30.64,-0.01,21,64344,卖盘
1682,10:18:55,30.65,0.01,15,45975,买盘
1683,10:18:50,30.64,-0.01,156,477984,卖盘
1684,10:18:45,30.65,--,5,15325,卖盘
1685,10:18:40,30.65,-0.01,74,226810,卖盘
1686,10:18:35,30.66,-0.01,32,98112,卖盘
1687,10:18:30,30.67,--,30,92010,卖盘
1688,10:18:25,30.67,-0.01,19,58273,卖盘
1689,10:18:20,30.68,-0.02,90,276120,卖盘
1690,10:18:15,30.7,0.01,7,21490,买盘
1691,10:18:10,30.69,--,30,92070,卖盘
1692,10:18:05,30.69,--,6,18414,卖盘
1693,10:18:00,30.69,-0.01,25,76725,卖盘
1694,10:17:55,30.7,-0.01,6,18420,中性盘
1695,10:17:49,30.71,0.02,13,39923,买盘
1696,10:17:45,30.69,-0.01,5,15345,卖盘
1697,10:17:40,30.7,--,16,49120,买盘
1698,10:17:30,30.7,0.01,24,73680,买盘
1699,10:17:25,30.69,--,4,12276,卖盘
1700,10:17:19,30.69,-0.01,109,334521,卖盘
1701,10:17:15,30.7,--,16,49120,卖盘
1702,10:17:10,30.7,-0.01,2,6140,卖盘
1703,10:17:04,30.71,0.01,9,27639,买盘
1704,10:17:00,30.7,-0.02,100,307000,卖盘
1705,10:16:49,30.72,0.01,51,157593,买盘
1706,10:16:45,30.71,--,8,24568,卖盘
1707,10:16:40,30.71,--,6,18426,卖盘
1708,10:16:34,30.71,-0.01,27,85066,卖盘
1709,10:16:29,30.72,--,12,36864,卖盘
1710,10:16:25,30.72,-0.01,58,178176,卖盘
1711,10:16:19,30.73,--,2,6146,卖盘
1712,10:16:15,30.73,--,13,39949,卖盘
1713,10:16:10,30.73,-0.01,14,43636,卖盘
1714,10:16:04,30.74,-0.01,8,24592,卖盘
1715,10:15:59,30.75,--,23,71647,卖盘
1716,10:15:55,30.75,--,10,30750,卖盘
1717,10:15:49,30.75,--,63,195877,卖盘
1718,10:15:44,30.75,--,29,89175,卖盘
1719,10:15:40,30.75,--,11,33825,卖盘
1720,10:15:34,30.75,-0.01,90,276750,卖盘
1721,10:15:29,30.76,-0.01,2,6152,卖盘
1722,10:15:25,30.77,-0.03,8,24616,买盘
1723,10:15:19,30.8,0.03,71,218680,买盘
1724,10:15:14,30.77,-0.03,6,18462,卖盘
1725,10:15:10,30.8,-0.01,1,3080,卖盘
1726,10:15:04,30.81,0.04,18,55458,买盘
1727,10:14:59,30.77,-0.03,25,76925,中性盘
1728,10:14:55,30.8,--,1,3080,卖盘
1729,10:14:49,30.8,-0.01,30,92400,卖盘
1730,10:14:44,30.81,0.04,14,43134,买盘
1731,10:14:39,30.77,-0.03,52,160004,卖盘
1732,10:14:34,30.8,0.03,2,6160,中性盘
1733,10:14:29,30.77,-0.04,49,150773,卖盘
1734,10:14:24,30.81,0.04,15,46215,买盘
1735,10:14:19,30.77,-0.03,89,273853,卖盘
1736,10:14:14,30.8,0.03,115,354200,买盘
1737,10:14:09,30.77,0.01,8,24616,卖盘
1738,10:14:04,30.76,--,0,0,卖盘
1739,10:13:59,30.76,-0.01,37,113812,卖盘
1740,10:13:54,30.77,--,2,6154,卖盘
1741,10:13:49,30.77,--,19,58463,买盘
1742,10:13:44,30.77,--,18,55386,买盘
1743,10:13:39,30.77,-0.03,3,9231,买盘
1744,10:13:34,30.8,--,34,104720,卖盘
1745,10:13:29,30.8,--,17,52360,卖盘
1746,10:13:24,30.8,--,69,212520,卖盘
1747,10:13:19,30.8,--,41,126280,卖盘
1748,10:13:14,30.8,0.04,235,723800,买盘
1749,10:13:09,30.76,--,109,335284,买盘
1750,10:13:04,30.76,--,10,30760,买盘
1751,10:12:59,30.76,--,17,52292,买盘
1752,10:12:54,30.76,--,13,39988,卖盘
1753,10:12:49,30.76,--,6,18456,卖盘
1754,10:12:44,30.76,--,37,113812,卖盘
1755,10:12:39,30.76,-0.04,22,67672,卖盘
1756,10:12:34,30.8,0.05,23,70840,买盘
1757,10:12:29,30.75,--,136,418200,卖盘
1758,10:12:24,30.75,0.01,7,21525,买盘
1759,10:12:19,30.74,-0.04,49,150626,卖盘
1760,10:12:14,30.78,0.03,27,85568,买盘
1761,10:12:09,30.75,--,11,33825,买盘
1762,10:12:04,30.75,--,10,30750,买盘
1763,10:11:59,30.75,-0.01,88,271215,卖盘
1764,10:11:54,30.76,--,3,9228,卖盘
1765,10:11:49,30.76,0.01,46,141496,买盘
1766,10:11:44,30.75,--,64,196800,卖盘
1767,10:11:39,30.75,--,11,33825,卖盘
1768,10:11:34,30.75,--,28,86100,卖盘
1769,10:11:29,30.75,0.06,38,119310,买盘
1770,10:11:24,30.69,-0.06,86,263934,卖盘
1771,10:11:19,30.75,0.01,13,39975,买盘
1772,10:11:14,30.74,0.04,67,205958,买盘
1773,10:11:09,30.7,-0.01,15,46050,卖盘
1774,10:11:04,30.71,0.01,26,79846,买盘
1775,10:10:58,30.7,--,9,27630,买盘
1776,10:10:54,30.7,--,20,61400,买盘
1777,10:10:49,30.7,--,16,49120,卖盘
1778,10:10:43,30.7,-0.01,40,122800,卖盘
1779,10:10:39,30.71,--,1,3071,买盘
1780,10:10:34,30.71,-0.03,62,190402,卖盘
1781,10:10:28,30.74,--,21,64554,买盘
1782,10:10:24,30.74,--,53,162922,买盘
1783,10:10:19,30.74,0.01,18,55332,中性盘
1784,10:10:13,30.73,-0.02,15,46095,卖盘
1785,10:10:09,30.75,0.01,8,24600,买盘
1786,10:10:04,30.74,--,17,52258,买盘
1787,10:09:58,30.74,--,52,159848,卖盘
1788,10:09:49,30.74,--,25,76850,卖盘
1789,10:09:43,30.74,--,9,27666,卖盘
1790,10:09:39,30.74,-0.02,21,64554,卖盘
1791,10:09:34,30.76,--,21,64596,买盘
1792,10:09:28,30.76,0.01,63,193788,买盘
1793,10:09:24,30.75,--,5,15375,卖盘
1794,10:09:19,30.75,--,27,83025,买盘
1795,10:09:13,30.75,-0.01,1,3075,中性盘
1796,10:09:04,30.76,0.01,72,221472,买盘
1797,10:08:58,30.75,--,1,3075,买盘
1798,10:08:53,30.75,--,46,141450,卖盘
1799,10:08:49,30.75,0.02,36,110700,买盘
1800,10:08:43,30.73,--,15,46095,买盘
1801,10:08:38,30.73,-0.01,16,49168,中性盘
1802,10:08:34,30.74,--,0,0,买盘
1803,10:08:23,30.74,--,5,15370,买盘
1804,10:08:19,30.74,-0.01,1,3074,中性盘
1805,10:08:13,30.75,0.07,38,116850,买盘
1806,10:08:08,30.68,-0.04,79,242372,卖盘
1807,10:08:04,30.72,--,0,0,卖盘
1808,10:07:58,30.72,-0.02,7,21504,中性盘
1809,10:07:53,30.74,0.06,1,3074,买盘
1810,10:07:48,30.68,-0.08,1,3068,卖盘
1811,10:07:43,30.76,0.08,110,338360,买盘
1812,10:07:38,30.68,--,2,6136,买盘
1813,10:07:33,30.68,0.03,10,30680,买盘
1814,10:07:28,30.65,-0.01,15,45975,卖盘
1815,10:07:23,30.66,0.01,5,15330,中性盘
1816,10:07:13,30.65,0.01,9,27585,买盘
1817,10:07:08,30.64,--,0,0,卖盘
1818,10:06:58,30.64,-0.02,13,39832,卖盘
1819,10:06:53,30.66,--,22,67452,买盘
1820,10:06:48,30.66,--,3,9198,买盘
1821,10:06:43,30.66,0.02,10,30660,买盘
1822,10:06:38,30.64,--,25,76600,买盘
1823,10:06:33,30.64,0.02,5,15320,中性盘
1824,10:06:28,30.62,-0.03,30,91860,卖盘
1825,10:06:23,30.65,--,0,0,买盘
1826,10:06:18,30.65,-0.03,7,21455,卖盘
1827,10:06:13,30.68,0.02,16,49088,买盘
1828,10:06:08,30.66,-0.02,13,39858,卖盘
1829,10:06:03,30.68,--,11,33748,买盘
1830,10:05:58,30.68,-0.02,6,18408,卖盘
1831,10:05:53,30.7,--,15,46050,买盘
1832,10:05:48,30.7,-0.05,14,42980,买盘
1833,10:05:43,30.75,--,0,0,买盘
1834,10:05:38,30.75,--,55,169125,买盘
1835,10:05:33,30.75,-0.01,20,61500,卖盘
1836,10:05:28,30.76,0.01,37,113812,中性盘
1837,10:05:23,30.75,-0.02,30,92250,卖盘
1838,10:05:18,30.77,-0.03,37,113849,卖盘
1839,10:05:13,30.8,-0.01,93,286440,卖盘
1840,10:05:08,30.81,--,82,252642,卖盘
1841,10:05:03,30.81,--,58,178698,卖盘
1842,10:04:58,30.81,-0.01,22,67782,卖盘
1843,10:04:53,30.82,-0.05,7,21574,中性盘
1844,10:04:48,30.87,--,52,160524,买盘
1845,10:04:43,30.87,-0.01,2,6174,买盘
1846,10:04:38,30.88,-0.02,74,228512,卖盘
1847,10:04:33,30.9,--,8,24720,卖盘
1848,10:04:28,30.9,-0.02,138,426420,卖盘
1849,10:04:23,30.92,0.02,17,52564,中性盘
1850,10:04:18,30.9,-0.02,405,1251450,卖盘
1851,10:04:13,30.92,0.01,64,197888,买盘
1852,10:04:07,30.91,--,1,3091,买盘
1853,10:04:03,30.91,0.01,23,71093,买盘
1854,10:03:58,30.9,0.02,204,630360,买盘
1855,10:03:53,30.88,0.03,51,157488,买盘
1856,10:03:48,30.85,-0.03,79,243715,卖盘
1857,10:03:43,30.88,--,24,74112,买盘
1858,10:03:38,30.88,0.02,31,95728,买盘
1859,10:03:33,30.86,--,0,0,中性盘
1860,10:03:28,30.86,0.02,28,86408,买盘
1861,10:03:22,30.84,--,1,3084,中性盘
1862,10:03:18,30.84,0.01,1,3084,买盘
1863,10:03:13,30.83,-0.02,31,95573,卖盘
1864,10:03:07,30.85,0.03,21,64785,买盘
1865,10:03:03,30.82,--,0,0,卖盘
1866,10:02:58,30.82,--,26,80132,卖盘
1867,10:02:52,30.82,--,16,49312,卖盘
1868,10:02:48,30.82,0.01,16,49312,卖盘
1869,10:02:43,30.81,--,0,0,卖盘
1870,10:02:37,30.81,-0.01,20,61620,卖盘
1871,10:02:28,30.82,--,22,67804,中性盘
1872,10:02:22,30.82,--,4,12328,卖盘
1873,10:02:18,30.82,-0.02,36,110952,卖盘
1874,10:02:13,30.84,-0.01,10,30840,卖盘
1875,10:02:07,30.85,--,6,18510,卖盘
1876,10:02:03,30.85,0.01,1,3085,买盘
1877,10:01:52,30.84,-0.01,3,9252,卖盘
1878,10:01:48,30.85,0.03,5,15425,中性盘
1879,10:01:43,30.82,--,10,30820,买盘
1880,10:01:37,30.82,--,29,89378,卖盘
1881,10:01:33,30.82,0.01,1,3082,买盘
1882,10:01:28,30.81,-0.01,1,3081,卖盘
1883,10:01:22,30.82,-0.01,52,160264,卖盘
1884,10:01:18,30.83,-0.02,74,228142,卖盘
1885,10:01:13,30.85,--,0,0,买盘
1886,10:01:07,30.85,--,43,132655,卖盘
1887,10:01:02,30.85,--,17,52445,卖盘
1888,10:00:58,30.85,--,1,3085,卖盘
1889,10:00:52,30.85,--,0,0,卖盘
1890,10:00:47,30.85,-0.05,18,55530,卖盘
1891,10:00:37,30.9,0.02,46,142140,买盘
1892,10:00:33,30.88,-0.02,12,37056,卖盘
1893,10:00:22,30.9,-0.02,178,551719,卖盘
1894,10:00:17,30.92,-0.01,3,9276,卖盘
1895,10:00:12,30.93,--,5,15465,买盘
1896,10:00:07,30.93,--,30,92790,卖盘
1897,10:00:02,30.93,-0.01,28,86604,卖盘
1898,09:59:57,30.94,-0.01,5,15470,卖盘
1899,09:59:52,30.95,--,70,216650,买盘
1900,09:59:47,30.95,-0.03,58,179510,卖盘
1901,09:59:43,30.98,--,46,142508,买盘
1902,09:59:37,30.98,0.03,17,52666,买盘
1903,09:59:32,30.95,-0.03,119,368305,卖盘
1904,09:59:22,30.98,--,198,613404,买盘
1905,09:59:17,30.98,--,10,30980,买盘
1906,09:59:02,30.98,--,0,0,买盘
1907,09:58:57,30.98,0.03,130,402740,买盘
1908,09:58:52,30.95,-0.01,3,9285,卖盘
1909,09:58:47,30.96,0.01,40,125388,买盘
1910,09:58:42,30.95,0.01,7,21665,买盘
1911,09:58:37,30.94,0.01,14,43316,卖盘
1912,09:58:27,30.93,--,0,0,卖盘
1913,09:58:22,30.93,--,135,417555,卖盘
1914,09:58:17,30.93,0.01,13,40209,买盘
1915,09:58:07,30.92,-0.01,75,231900,卖盘
1916,09:57:57,30.93,0.01,3,9279,买盘
1917,09:57:52,30.92,--,15,46380,买盘
1918,09:57:47,30.92,--,6,18552,买盘
1919,09:57:42,30.92,-0.02,5,15460,卖盘
1920,09:57:37,30.94,0.02,1,3094,买盘
1921,09:57:27,30.92,--,4,12368,卖盘
1922,09:57:22,30.92,--,16,49472,卖盘
1923,09:57:17,30.92,--,9,27828,卖盘
1924,09:57:12,30.92,-0.03,2,6184,中性盘
1925,09:57:07,30.95,0.04,158,489010,买盘
1926,09:57:01,30.91,-0.04,1,3091,卖盘
1927,09:56:57,30.95,--,3,9285,买盘
1928,09:56:52,30.95,--,44,136180,买盘
1929,09:56:46,30.95,-0.01,440,1361800,卖盘
1930,09:56:42,30.96,0.01,151,467496,买盘
1931,09:56:37,30.95,-0.01,212,656140,卖盘
1932,09:56:31,30.96,--,23,71208,买盘
1933,09:56:27,30.96,--,8,24768,卖盘
1934,09:56:22,30.96,--,35,108360,卖盘
1935,09:56:16,30.96,--,23,71208,卖盘
1936,09:56:07,30.96,-0.02,10,30960,卖盘
1937,09:56:01,30.98,--,13,40274,买盘
1938,09:55:57,30.98,0.02,10,30980,买盘
1939,09:55:52,30.96,--,3,9288,卖盘
1940,09:55:46,30.96,--,25,77400,卖盘
1941,09:55:42,30.96,--,0,0,卖盘
1942,09:55:37,30.96,-0.02,48,148608,卖盘
1943,09:55:31,30.98,0.02,19,58862,买盘
1944,09:55:27,30.96,-0.05,50,154800,卖盘
1945,09:55:22,31.01,0.01,68,210868,买盘
1946,09:55:16,31.0,--,46,142600,卖盘
1947,09:55:12,31.0,--,15,46500,卖盘
1948,09:55:07,31.0,--,67,207700,卖盘
1949,09:55:01,31.0,--,9,27900,卖盘
1950,09:54:57,31.0,--,7,21700,卖盘
1951,09:54:52,31.0,--,23,71300,卖盘
1952,09:54:46,31.0,0.02,226,700600,买盘
1953,09:54:42,30.98,--,4,12392,买盘
1954,09:54:31,30.98,-0.01,29,89842,中性盘
1955,09:54:27,30.99,0.01,62,192138,买盘
1956,09:54:22,30.98,-0.02,6,18588,卖盘
1957,09:54:16,31.0,--,11,34100,买盘
1958,09:54:12,31.0,--,8,24800,买盘
1959,09:54:07,31.0,0.01,88,272800,买盘
1960,09:54:01,30.99,-0.01,19,58881,中性盘
1961,09:53:57,31.0,--,11,34100,买盘
1962,09:53:52,31.0,0.01,53,164300,买盘
1963,09:53:46,30.99,0.04,20,61980,买盘
1964,09:53:42,30.95,-0.01,5,15475,卖盘
1965,09:53:37,30.96,0.06,6,18576,中性盘
1966,09:53:31,30.9,-0.06,29,89610,卖盘
1967,09:53:27,30.96,-0.04,8,24768,卖盘
1968,09:53:22,31.0,--,23,71300,买盘
1969,09:53:16,31.0,--,38,117800,买盘
1970,09:53:12,31.0,0.04,196,607600,买盘
1971,09:53:07,30.96,-0.05,95,294120,卖盘
1972,09:53:01,31.01,--,33,102333,买盘
1973,09:52:57,31.01,-0.03,49,151949,卖盘
1974,09:52:52,31.04,--,2,6208,买盘
1975,09:52:46,31.04,-0.01,18,55872,买盘
1976,09:52:42,31.05,--,60,186300,买盘
1977,09:52:36,31.05,--,18,55890,买盘
1978,09:52:31,31.05,--,108,335340,卖盘
1979,09:52:26,31.05,--,36,111780,卖盘
1980,09:52:22,31.05,0.05,233,723465,买盘
1981,09:52:16,31.0,-0.01,48,148800,卖盘
1982,09:52:11,31.01,--,31,96131,买盘
1983,09:52:06,31.01,-0.05,5,15505,中性盘
1984,09:52:01,31.06,0.01,172,534232,买盘
1985,09:51:56,31.05,-0.03,54,170650,卖盘
1986,09:51:51,31.08,-0.02,93,289044,中性盘
1987,09:51:46,31.1,0.1,49,152514,买盘
1988,09:51:41,31.0,--,167,520676,卖盘
1989,09:51:36,31.0,-0.06,64,198400,卖盘
1990,09:51:31,31.06,-0.04,198,614988,卖盘
1991,09:51:26,31.1,0.1,226,702860,买盘
1992,09:51:21,31.0,-0.06,159,492900,卖盘
1993,09:51:16,31.06,0.06,68,211208,买盘
1994,09:51:11,31.0,--,436,1351724,买盘
1995,09:51:06,31.0,--,244,756400,买盘
1996,09:51:01,31.0,0.02,100,310000,买盘
1997,09:50:56,30.98,-0.01,296,917008,卖盘
1998,09:50:51,30.99,-0.01,54,167346,卖盘
1999,09:50:46,31.0,0.02,77,238700,买盘
2000,09:50:41,30.98,--,324,1003752,卖盘
2001,09:50:36,30.98,0.06,168,520464,买盘
2002,09:50:31,30.92,0.02,76,234992,中性盘
2003,09:50:26,30.9,--,291,900580,卖盘
2004,09:50:21,30.9,0.01,71,219390,买盘
2005,09:50:16,30.89,--,165,509685,买盘
2006,09:50:11,30.89,-0.01,49,151361,卖盘
2007,09:50:06,30.9,0.01,26,80340,买盘
2008,09:50:01,30.89,0.01,31,95759,买盘
2009,09:49:55,30.88,0.07,153,472464,买盘
2010,09:49:51,30.81,--,0,0,卖盘
2011,09:49:40,30.81,0.03,42,131712,买盘
2012,09:49:36,30.78,-0.01,72,221616,卖盘
2013,09:49:31,30.79,0.01,155,478568,中性盘
2014,09:49:25,30.78,--,1,3078,卖盘
2015,09:49:16,30.78,-0.02,59,181602,卖盘
2016,09:49:10,30.8,0.03,36,110880,买盘
2017,09:49:06,30.77,--,11,33847,卖盘
2018,09:49:01,30.77,0.01,633,1947741,买盘
2019,09:48:55,30.76,--,51,156876,买盘
2020,09:48:51,30.76,-0.02,5,15380,卖盘
2021,09:48:46,30.78,-0.01,33,101574,买盘
2022,09:48:40,30.79,0.01,108,332532,中性盘
2023,09:48:36,30.78,-0.02,12,36936,卖盘
2024,09:48:31,30.8,--,100,308000,买盘
2025,09:48:25,30.8,--,16,49280,买盘
2026,09:48:21,30.8,-0.06,315,970970,卖盘
2027,09:48:16,30.86,0.01,9,27774,中性盘
2028,09:48:10,30.85,-0.03,44,135740,卖盘
2029,09:48:06,30.88,--,14,43232,中性盘
2030,09:48:01,30.88,-0.02,5,15440,卖盘
2031,09:47:55,30.9,0.01,34,105060,买盘
2032,09:47:51,30.89,-0.01,45,139005,卖盘
2033,09:47:40,30.9,-0.04,30,92700,卖盘
2034,09:47:35,30.94,--,66,204204,卖盘
2035,09:47:31,30.94,--,24,74256,卖盘
2036,09:47:25,30.94,0.05,224,693056,买盘
2037,09:47:21,30.89,-0.02,91,281099,卖盘
2038,09:47:16,30.91,--,1,3091,卖盘
2039,09:47:10,30.91,0.01,8,24728,中性盘
2040,09:47:06,30.9,--,38,117420,卖盘
2041,09:46:55,30.9,0.01,9,27810,买盘
2042,09:46:51,30.89,0.01,13,40157,买盘
2043,09:46:45,30.88,-0.01,44,135872,卖盘
2044,09:46:40,30.89,--,63,194607,买盘
2045,09:46:36,30.89,--,393,1213977,买盘
2046,09:46:30,30.89,--,20,61780,买盘
2047,09:46:25,30.89,--,52,160628,买盘
2048,09:46:21,30.89,0.03,67,206963,买盘
2049,09:46:15,30.86,0.01,20,61720,买盘
2050,09:46:10,30.85,0.05,13,40105,买盘
2051,09:46:06,30.8,0.02,63,196350,买盘
2052,09:46:00,30.78,-0.02,16,49248,卖盘
2053,09:45:55,30.8,0.04,38,117040,买盘
2054,09:45:50,30.76,-0.04,86,264536,卖盘
2055,09:45:40,30.8,0.04,156,481250,买盘
2056,09:45:35,30.76,0.01,8,24608,中性盘
2057,09:45:30,30.75,-0.03,10,30750,卖盘
2058,09:45:25,30.78,0.03,21,64638,买盘
2059,09:45:15,30.75,-0.01,16,49200,卖盘
2060,09:45:10,30.76,--,3,9228,买盘
2061,09:45:05,30.76,--,11,33836,卖盘
2062,09:45:00,30.76,-0.02,35,107660,卖盘
2063,09:44:55,30.78,-0.02,3,9234,中性盘
2064,09:44:50,30.8,--,110,338800,卖盘
2065,09:44:45,30.8,-0.04,10,30800,卖盘
2066,09:44:40,30.84,0.04,4,12336,中性盘
2067,09:44:35,30.8,-0.04,110,338800,卖盘
2068,09:44:30,30.84,-0.03,1,3084,中性盘
2069,09:44:25,30.87,0.02,134,413658,买盘
2070,09:44:20,30.85,--,14,43190,买盘
2071,09:44:10,30.85,-0.01,160,493600,卖盘
2072,09:44:05,30.86,-0.02,393,1212798,卖盘
2073,09:44:00,30.88,0.02,10,30880,买盘
2074,09:43:55,30.86,-0.03,8,24688,卖盘
2075,09:43:50,30.89,0.01,47,145183,买盘
2076,09:43:45,30.88,--,25,77200,卖盘
2077,09:43:40,30.88,--,15,46320,卖盘
2078,09:43:35,30.88,-0.01,55,169840,卖盘
2079,09:43:30,30.89,--,2,6178,买盘
2080,09:43:25,30.89,-0.01,83,256387,中性盘
2081,09:43:20,30.9,0.01,57,176130,买盘
2082,09:43:15,30.89,-0.01,88,271832,卖盘
2083,09:43:10,30.9,--,15,46350,买盘
2084,09:43:05,30.9,0.02,65,200850,买盘
2085,09:42:55,30.88,-0.02,32,98816,卖盘
2086,09:42:50,30.9,0.02,24,74160,买盘
2087,09:42:45,30.88,--,15,46320,卖盘
2088,09:42:40,30.88,-0.05,64,197632,卖盘
2089,09:42:34,30.93,0.03,35,108255,买盘
2090,09:42:30,30.9,-0.02,45,139050,卖盘
2091,09:42:25,30.92,--,21,64932,买盘
2092,09:42:19,30.92,--,8,24736,卖盘
2093,09:42:15,30.92,--,62,191704,中性盘
2094,09:42:10,30.92,-0.02,138,426696,卖盘
2095,09:42:04,30.94,--,80,247520,买盘
2096,09:42:00,30.94,--,10,30940,买盘
2097,09:41:55,30.94,-0.03,592,1831648,卖盘
2098,09:41:49,30.97,0.02,707,2189579,买盘
2099,09:41:45,30.95,0.01,15,46425,中性盘
2100,09:41:40,30.94,-0.02,119,368186,卖盘
2101,09:41:34,30.96,0.04,11,34056,买盘
2102,09:41:30,30.92,-0.02,34,105128,卖盘
2103,09:41:25,30.94,0.02,4,12376,中性盘
2104,09:41:19,30.92,-0.02,177,547284,卖盘
2105,09:41:14,30.94,-0.03,69,213486,中性盘
2106,09:41:10,30.97,--,47,145559,买盘
2107,09:41:04,30.97,--,401,1241897,卖盘
2108,09:41:00,30.97,--,33,102201,卖盘
2109,09:40:55,30.97,--,22,68134,卖盘
2110,09:40:49,30.97,0.02,88,272536,买盘
2111,09:40:44,30.95,-0.02,68,210460,中性盘
2112,09:40:40,30.97,0.1,1,3097,买盘
2113,09:40:34,30.87,-0.07,45,138915,卖盘
2114,09:40:29,30.94,0.07,189,584766,中性盘
2115,09:40:24,30.87,-0.12,36,111132,卖盘
2116,09:40:19,30.99,0.04,102,316098,买盘
2117,09:40:14,30.95,--,37,114515,买盘
2118,09:40:09,30.95,-0.02,21,64995,卖盘
2119,09:40:04,30.97,-0.01,75,232275,卖盘
2120,09:39:59,30.98,0.15,213,659874,买盘
2121,09:39:54,30.83,-0.14,20,61660,卖盘
2122,09:39:49,30.97,0.01,155,480035,买盘
2123,09:39:44,30.96,--,27,83592,买盘
2124,09:39:39,30.96,--,5,15480,买盘
2125,09:39:34,30.96,0.17,40,123840,买盘
2126,09:39:29,30.79,0.03,31,95449,中性盘
2127,09:39:24,30.76,-0.03,62,190712,卖盘
2128,09:39:19,30.79,-0.17,211,649669,卖盘
2129,09:39:14,30.96,-0.04,74,229104,中性盘
2130,09:39:09,31.0,--,82,254200,买盘
2131,09:39:04,31.0,0.15,94,293725,买盘
2132,09:38:59,30.85,-0.15,128,394880,卖盘
2133,09:38:54,31.0,--,242,750975,卖盘
2134,09:38:49,31.0,--,64,200725,卖盘
2135,09:38:44,31.0,--,108,334800,卖盘
2136,09:38:39,31.0,0.24,795,2464500,买盘
2137,09:38:34,30.76,-0.01,48,147648,中性盘
2138,09:38:29,30.77,--,11,33847,买盘
2139,09:38:24,30.77,0.02,37,113849,买盘
2140,09:38:19,30.75,0.01,105,322875,买盘
2141,09:38:14,30.74,0.02,59,181366,买盘
2142,09:38:09,30.72,--,7,21504,卖盘
2143,09:38:04,30.72,--,8,24576,卖盘
2144,09:37:59,30.72,0.02,108,331776,买盘
2145,09:37:54,30.7,0.01,76,233320,买盘
2146,09:37:49,30.69,0.04,50,153450,买盘
2147,09:37:44,30.65,-0.05,95,291175,卖盘
2148,09:37:39,30.7,0.06,226,693820,买盘
2149,09:37:34,30.64,-0.01,11,33704,中性盘
2150,09:37:29,30.65,--,17,52105,买盘
2151,09:37:24,30.65,--,5,15325,买盘
2152,09:37:19,30.65,--,7,21455,卖盘
2153,09:37:14,30.65,0.09,59,180835,买盘
2154,09:37:09,30.56,--,17,51952,买盘
2155,09:37:04,30.56,--,324,990144,买盘
2156,09:36:59,30.56,-0.02,84,256704,买盘
2157,09:36:54,30.58,--,22,67276,买盘
2158,09:36:49,30.58,0.06,49,149842,买盘
2159,09:36:44,30.52,-0.06,50,152600,卖盘
2160,09:36:39,30.58,0.06,10,30580,买盘
2161,09:36:34,30.52,-0.02,11,33572,卖盘
2162,09:36:28,30.54,0.02,4,12216,买盘
2163,09:36:24,30.52,0.02,3,9156,买盘
2164,09:36:19,30.5,0.03,14,42700,买盘
2165,09:36:13,30.47,--,7,21329,卖盘
2166,09:36:04,30.47,--,37,112739,买盘
2167,09:35:58,30.47,0.04,23,70081,买盘
2168,09:35:54,30.43,0.01,1,3043,卖盘
2169,09:35:49,30.42,-0.05,31,94302,卖盘
2170,09:35:43,30.47,0.05,97,295559,买盘
2171,09:35:39,30.42,--,31,94302,买盘
2172,09:35:34,30.42,-0.01,50,152100,卖盘
2173,09:35:28,30.43,--,15,45645,买盘
2174,09:35:24,30.43,0.03,13,39559,买盘
2175,09:35:13,30.4,--,16,48640,买盘
2176,09:35:09,30.4,--,13,39520,买盘
2177,09:35:04,30.4,--,2,6080,买盘
2178,09:34:58,30.4,0.05,43,130720,买盘
2179,09:34:54,30.35,-0.02,82,248870,卖盘
2180,09:34:49,30.37,--,1,3037,卖盘
2181,09:34:43,30.37,0.03,28,85673,买盘
2182,09:34:39,30.34,0.02,12,36408,买盘
2183,09:34:34,30.32,0.02,24,72768,卖盘
2184,09:34:28,30.3,--,9,27270,卖盘
2185,09:34:24,30.3,-0.05,3,9090,卖盘
2186,09:34:19,30.35,0.05,100,303500,买盘
2187,09:34:09,30.3,--,121,366630,买盘
2188,09:33:58,30.3,--,151,457530,卖盘
2189,09:33:54,30.3,--,55,166650,卖盘
2190,09:33:48,30.3,--,21,63630,卖盘
2191,09:33:43,30.3,--,5,15150,买盘
2192,09:33:38,30.3,--,10,30300,买盘
2193,09:33:28,30.3,0.02,45,136350,买盘
2194,09:33:23,30.28,-0.03,62,187736,卖盘
2195,09:33:13,30.31,--,22,66682,卖盘
2196,09:33:08,30.31,0.01,4,12124,中性盘
2197,09:33:03,30.3,--,15,45450,买盘
2198,09:32:58,30.3,0.02,40,121200,买盘
2199,09:32:53,30.28,-0.02,13,39364,卖盘
2200,09:32:48,30.3,--,50,151500,买盘
2201,09:32:43,30.3,-0.02,26,78780,中性盘
2202,09:32:38,30.32,0.08,45,136440,买盘
2203,09:32:28,30.24,-0.01,107,323568,卖盘
2204,09:32:23,30.25,--,59,178475,买盘
2205,09:32:18,30.25,--,22,66550,卖盘
2206,09:32:13,30.25,--,4,12100,买盘
2207,09:32:03,30.25,0.05,2,6050,买盘
2208,09:31:58,30.2,-0.02,137,413740,卖盘
2209,09:31:48,30.22,--,4,12088,卖盘
2210,09:31:43,30.22,0.06,21,63462,买盘
2211,09:31:38,30.16,0.01,122,367952,中性盘
2212,09:31:28,30.15,--,1,3015,卖盘
2213,09:31:23,30.15,--,23,69345,卖盘
2214,09:31:18,30.15,0.01,27,81405,买盘
2215,09:31:13,30.14,0.01,1,3014,中性盘
2216,09:31:08,30.13,-0.01,42,126546,卖盘
2217,09:30:58,30.14,-0.01,52,156728,卖盘
2218,09:30:52,30.15,-0.03,54,162810,中性盘
2219,09:30:48,30.18,0.04,10,30180,买盘
2220,09:30:43,30.14,-0.01,4,12056,卖盘
2221,09:30:37,30.15,-0.03,4,12060,卖盘
2222,09:30:33,30.18,0.03,8,24144,买盘
2223,09:30:28,30.15,0.01,5,15075,中性盘
2224,09:30:22,30.14,-0.04,8,24112,卖盘
2225,09:30:18,30.18,--,1,3018,卖盘
2226,09:30:13,30.18,--,4,12072,卖盘
2227,09:30:07,30.18,0.05,148,446664,中性盘
2228,09:30:03,30.13,-0.1,10,30130,卖盘
2229,09:28:52,30.23,--,0,0,买盘
2230,09:25:04,30.23,30.23,114,344622,买盘
