,time,price,change,volume,amount,type
0,15:00:00,5.24,--,0,0,卖盘
1,15:00:00,5.24,--,0,0,卖盘
2,14:59:57,5.24,--,532,278768,卖盘
3,14:59:52,5.24,-0.01,180,94320,卖盘
4,14:59:46,5.25,0.01,270,141750,买盘
5,14:59:42,5.24,-0.01,100,52400,卖盘
6,14:59:27,5.25,--,1,525,买盘
7,14:59:22,5.25,0.01,74,38850,买盘
8,14:59:16,5.24,-0.01,457,239468,卖盘
9,14:59:12,5.25,0.01,10,5250,买盘
10,14:59:07,5.24,--,3,1572,卖盘
11,14:58:57,5.24,--,14,7336,卖盘
12,14:58:51,5.24,--,5,2620,卖盘
13,14:58:46,5.24,--,61,31964,卖盘
14,14:58:36,5.24,--,400,209600,卖盘
15,14:58:31,5.24,--,13,6812,卖盘
16,14:58:21,5.24,-0.01,10,5240,卖盘
17,14:58:16,5.25,--,10,5250,买盘
18,14:58:06,5.25,--,130,68250,买盘
19,14:58:01,5.25,--,126,66150,买盘
20,14:57:51,5.25,--,52,27300,买盘
21,14:57:46,5.25,--,203,106575,买盘
22,14:57:42,5.25,0.01,21,11025,买盘
23,14:57:31,5.24,--,119,62356,卖盘
24,14:57:21,5.24,-0.01,40,20960,卖盘
25,14:57:16,5.25,0.01,200,105000,买盘
26,14:57:06,5.24,--,52,27248,卖盘
27,14:57:01,5.24,--,24,12576,卖盘
28,14:56:51,5.24,--,97,50828,卖盘
29,14:56:46,5.24,--,615,322260,卖盘
30,14:56:36,5.24,-0.01,130,68120,卖盘
31,14:56:31,5.25,--,40,21000,买盘
32,14:56:21,5.25,0.01,97,50925,买盘
33,14:56:16,5.24,-0.01,108,56592,卖盘
34,14:56:11,5.25,0.01,29,15225,买盘
35,14:56:06,5.24,--,66,34584,卖盘
36,14:56:01,5.24,-0.01,50,26200,卖盘
37,14:55:51,5.25,--,115,60375,买盘
38,14:55:46,5.25,0.01,20,10500,买盘
39,14:55:41,5.24,-0.01,3,1572,卖盘
40,14:55:36,5.25,0.01,81,42525,买盘
41,14:55:31,5.24,-0.01,49,25676,卖盘
42,14:55:21,5.25,--,521,273525,买盘
43,14:55:16,5.25,0.01,1,525,买盘
44,14:55:11,5.24,--,1,524,卖盘
45,14:55:06,5.24,--,100,52400,卖盘
46,14:55:01,5.24,--,77,40348,卖盘
47,14:54:56,5.24,--,69,36156,卖盘
48,14:54:51,5.24,-0.01,60,31440,卖盘
49,14:54:41,5.25,0.01,18,9450,买盘
50,14:54:36,5.24,--,10,5240,卖盘
51,14:54:31,5.24,--,12,6288,卖盘
52,14:54:26,5.24,-0.01,14,7336,卖盘
53,14:54:21,5.25,0.01,55,28875,买盘
54,14:54:11,5.24,--,10,5240,卖盘
55,14:54:06,5.24,-0.01,102,53448,卖盘
56,14:54:01,5.25,0.01,7,3675,买盘
57,14:53:56,5.24,-0.01,20,10480,卖盘
58,14:53:41,5.25,0.01,70,36750,买盘
59,14:53:36,5.24,--,3,1572,卖盘
60,14:53:31,5.24,--,203,106372,卖盘
61,14:53:16,5.24,-0.01,15,7860,卖盘
62,14:53:10,5.25,--,47,24675,买盘
63,14:53:06,5.25,0.01,369,193767,买盘
64,14:52:55,5.24,-0.01,116,60784,卖盘
65,14:52:40,5.25,0.01,81,42656,买盘
66,14:52:36,5.24,--,604,316496,卖盘
67,14:52:31,5.24,-0.01,20,10480,卖盘
68,14:52:25,5.25,0.01,218,114450,买盘
69,14:52:15,5.24,--,45,23580,卖盘
70,14:52:10,5.24,--,28,14672,卖盘
71,14:52:06,5.24,--,1,524,卖盘
72,14:52:01,5.24,--,19,9956,卖盘
73,14:51:55,5.24,--,100,52400,卖盘
74,14:51:45,5.24,--,93,48732,卖盘
75,14:51:40,5.24,--,179,93796,卖盘
76,14:51:36,5.24,--,592,310208,卖盘
77,14:51:25,5.24,--,21,11004,卖盘
78,14:51:21,5.24,--,110,57640,卖盘
79,14:51:15,5.24,--,59,30916,卖盘
80,14:51:06,5.24,--,39,20436,卖盘
81,14:51:00,5.24,--,11,5764,卖盘
82,14:50:55,5.24,--,129,67596,卖盘
83,14:50:51,5.24,--,7,3668,卖盘
84,14:50:45,5.24,--,125,65500,卖盘
85,14:50:40,5.24,0.01,145,75980,中性盘
86,14:50:36,5.23,-0.02,593,310139,卖盘
87,14:50:30,5.25,--,0,0,买盘
88,14:50:25,5.25,0.01,2728,1432200,买盘
89,14:50:21,5.24,--,305,159820,买盘
90,14:50:15,5.24,-0.01,612,320688,中性盘
91,14:50:10,5.25,0.01,633,332325,买盘
92,14:50:06,5.24,--,261,136764,卖盘
93,14:50:00,5.24,--,154,80696,卖盘
94,14:49:55,5.24,--,50,26540,卖盘
95,14:49:50,5.24,0.01,816,427584,买盘
96,14:49:45,5.23,-0.01,76,39852,卖盘
97,14:49:35,5.24,--,597,313247,卖盘
98,14:49:30,5.24,--,135,70740,卖盘
99,14:49:25,5.24,--,591,309684,买盘
100,14:49:21,5.24,--,3,1572,买盘
101,14:49:15,5.24,0.01,9,4716,买盘
102,14:49:10,5.23,-0.01,21,10983,卖盘
103,14:49:05,5.24,0.01,23,12052,买盘
104,14:49:00,5.23,-0.01,127,66421,卖盘
105,14:48:55,5.24,--,50,26200,买盘
106,14:48:50,5.24,-0.01,2,1048,卖盘
107,14:48:45,5.25,0.02,133,69825,买盘
108,14:48:40,5.23,--,268,140164,卖盘
109,14:48:35,5.23,-0.01,602,314846,卖盘
110,14:48:30,5.24,--,70,36680,卖盘
111,14:48:25,5.24,0.01,54,28296,中性盘
112,14:48:20,5.23,-0.01,8,4184,卖盘
113,14:48:15,5.24,-0.01,2,1048,卖盘
114,14:48:10,5.25,0.02,219,114975,买盘
115,14:48:05,5.23,--,129,67467,卖盘
116,14:48:00,5.23,--,22,11506,卖盘
117,14:47:55,5.23,-0.01,29,15167,卖盘
118,14:47:50,5.24,--,31,16244,买盘
119,14:47:45,5.24,-0.01,29,15196,卖盘
120,14:47:40,5.25,0.01,13,6825,买盘
121,14:47:35,5.24,0.01,653,342172,买盘
122,14:47:30,5.23,-0.01,150,78450,卖盘
123,14:47:25,5.24,--,49,25676,买盘
124,14:47:20,5.24,--,23,12052,卖盘
125,14:47:15,5.24,-0.01,41,21484,卖盘
126,14:47:10,5.25,0.01,4,2100,买盘
127,14:47:05,5.24,--,49,25676,卖盘
128,14:47:00,5.24,0.01,8,4192,买盘
129,14:46:55,5.23,-0.01,270,141210,卖盘
130,14:46:50,5.24,0.01,16,8384,买盘
131,14:46:45,5.23,-0.02,11,5753,卖盘
132,14:46:40,5.25,0.02,604,317100,买盘
133,14:46:35,5.23,-0.01,592,309616,卖盘
134,14:46:25,5.24,--,10,5240,卖盘
135,14:46:19,5.24,-0.01,2,1048,中性盘
136,14:46:15,5.25,0.02,386,202650,买盘
137,14:46:10,5.23,--,915,478545,卖盘
138,14:46:04,5.23,--,1,523,卖盘
139,14:45:55,5.23,--,99,51777,卖盘
140,14:45:49,5.23,--,21,10983,卖盘
141,14:45:40,5.23,--,68,35564,卖盘
142,14:45:34,5.23,--,592,309616,卖盘
143,14:45:30,5.23,--,11,5753,卖盘
144,14:45:19,5.23,--,286,149578,卖盘
145,14:45:10,5.23,-0.01,321,167883,卖盘
146,14:45:04,5.24,--,775,406100,买盘
147,14:44:54,5.24,0.01,160,83840,买盘
148,14:44:49,5.23,-0.01,31,16213,卖盘
149,14:44:45,5.24,0.01,10,5240,买盘
150,14:44:39,5.23,--,70,36610,卖盘
151,14:44:34,5.23,-0.01,726,379698,卖盘
152,14:44:30,5.24,--,317,166108,买盘
153,14:44:24,5.24,--,74,38776,买盘
154,14:44:19,5.24,0.01,112,58688,买盘
155,14:44:09,5.23,-0.01,105,54915,卖盘
156,14:44:04,5.24,0.01,110,57640,买盘
157,14:43:54,5.23,-0.01,49,25627,卖盘
158,14:43:49,5.24,--,3,1572,买盘
159,14:43:45,5.24,--,5,2620,买盘
160,14:43:39,5.24,0.01,2062,1080488,买盘
161,14:43:34,5.23,-0.01,642,335766,卖盘
162,14:43:30,5.24,--,10,5240,买盘
163,14:43:24,5.24,--,266,139384,卖盘
164,14:43:19,5.24,--,11,5764,卖盘
165,14:43:15,5.24,--,10,5240,卖盘
166,14:43:09,5.24,--,213,111612,卖盘
167,14:43:04,5.24,--,1,524,卖盘
168,14:43:00,5.24,--,172,90128,卖盘
169,14:42:54,5.24,-0.01,153,80172,卖盘
170,14:42:49,5.25,--,365,191625,买盘
171,14:42:39,5.25,0.01,105,55125,买盘
172,14:42:34,5.24,--,877,459548,卖盘
173,14:42:24,5.24,--,524,274576,卖盘
174,14:42:19,5.24,--,339,177636,卖盘
175,14:42:14,5.24,--,39,20436,卖盘
176,14:42:09,5.24,--,61,31964,卖盘
177,14:42:04,5.24,0.01,102,53448,买盘
178,14:41:59,5.23,--,152,79496,卖盘
179,14:41:54,5.23,-0.01,162,84726,卖盘
180,14:41:49,5.24,--,48,25152,买盘
181,14:41:44,5.24,--,81,42444,卖盘
182,14:41:39,5.24,--,555,290820,买盘
183,14:41:34,5.24,--,801,419724,卖盘
184,14:41:29,5.24,--,29,15196,卖盘
185,14:41:24,5.24,--,1518,795432,买盘
186,14:41:19,5.24,--,237,124188,买盘
187,14:41:14,5.24,0.01,61,31964,买盘
188,14:41:09,5.23,--,45,23535,卖盘
189,14:41:04,5.23,--,1156,604588,卖盘
190,14:40:59,5.23,--,69,36087,卖盘
191,14:40:54,5.23,-0.01,123,64329,卖盘
192,14:40:49,5.24,0.01,430,225320,买盘
193,14:40:39,5.23,--,29,15167,卖盘
194,14:40:34,5.23,--,704,368192,卖盘
195,14:40:29,5.23,-0.01,176,92048,卖盘
196,14:40:24,5.24,0.01,80,41920,买盘
197,14:40:19,5.23,-0.01,289,151147,卖盘
198,14:40:14,5.24,--,17,8908,卖盘
199,14:40:09,5.24,--,347,181828,卖盘
200,14:40:04,5.24,0.01,521,273004,买盘
201,14:39:58,5.23,--,39,20397,卖盘
202,14:39:54,5.23,-0.01,132,69036,卖盘
203,14:39:49,5.24,0.01,50,26200,买盘
204,14:39:39,5.23,--,100,52300,卖盘
205,14:39:34,5.23,-0.01,866,452918,卖盘
206,14:39:28,5.24,--,33,17292,卖盘
207,14:39:24,5.24,0.01,155,81220,买盘
208,14:39:19,5.23,-0.02,181,94997,卖盘
209,14:39:13,5.25,0.01,124,65100,买盘
210,14:39:04,5.24,0.01,15,7860,买盘
211,14:38:58,5.23,-0.01,5036,2633828,卖盘
212,14:38:54,5.24,--,30,15720,卖盘
213,14:38:48,5.24,0.01,666,348999,买盘
214,14:38:43,5.23,-0.01,90,47070,卖盘
215,14:38:33,5.24,--,1497,784936,卖盘
216,14:38:28,5.24,--,65,34060,卖盘
217,14:38:24,5.24,--,450,235800,卖盘
218,14:38:13,5.24,--,100,52400,卖盘
219,14:38:03,5.24,--,161,84364,卖盘
220,14:37:54,5.24,-0.01,29,15196,卖盘
221,14:37:48,5.25,0.01,51,26775,买盘
222,14:37:43,5.24,--,13,6812,卖盘
223,14:37:33,5.24,--,10,5240,卖盘
224,14:37:28,5.24,--,10,5240,卖盘
225,14:37:24,5.24,--,1,524,卖盘
226,14:37:13,5.24,--,204,106896,卖盘
227,14:37:09,5.24,--,54,28296,卖盘
228,14:37:03,5.24,--,700,366800,卖盘
229,14:36:58,5.24,--,21,11004,卖盘
230,14:36:54,5.24,--,39,20436,卖盘
231,14:36:43,5.24,--,13,6812,卖盘
232,14:36:39,5.24,--,70,36680,卖盘
233,14:36:33,5.24,-0.01,259,135716,卖盘
234,14:36:28,5.25,0.01,13,6825,买盘
235,14:36:18,5.24,--,177,92748,卖盘
236,14:36:13,5.24,--,42,22008,卖盘
237,14:36:08,5.24,--,11,5764,卖盘
238,14:36:03,5.24,--,1,524,卖盘
239,14:35:58,5.24,--,1,524,卖盘
240,14:35:53,5.24,-0.01,50,26200,卖盘
241,14:35:48,5.25,0.01,58,30450,买盘
242,14:35:43,5.24,--,1,524,卖盘
243,14:35:33,5.24,--,344,180434,卖盘
244,14:35:28,5.24,-0.01,128,67072,卖盘
245,14:35:23,5.25,--,17,8925,买盘
246,14:35:18,5.25,0.01,1,525,买盘
247,14:35:13,5.24,--,67,35108,卖盘
248,14:35:03,5.24,-0.01,94,49256,卖盘
249,14:34:58,5.25,0.01,105,55125,买盘
250,14:34:53,5.24,--,40,20960,卖盘
251,14:34:48,5.24,--,229,119996,卖盘
252,14:34:38,5.24,--,61,31964,卖盘
253,14:34:33,5.24,-0.01,10,5240,卖盘
254,14:34:28,5.25,--,36,18900,买盘
255,14:34:23,5.25,0.01,2,1050,买盘
256,14:34:18,5.24,--,58,30392,卖盘
257,14:34:13,5.24,--,11,5764,卖盘
258,14:34:03,5.24,--,137,71788,卖盘
259,14:33:58,5.24,--,10,5240,卖盘
260,14:33:53,5.24,--,29,15196,卖盘
261,14:33:43,5.24,--,56,29344,卖盘
262,14:33:38,5.24,-0.01,79,41396,卖盘
263,14:33:33,5.25,0.01,67,35175,买盘
264,14:33:28,5.24,--,10,5240,卖盘
265,14:33:18,5.24,-0.01,68,35632,卖盘
266,14:33:13,5.25,0.01,21,11025,买盘
267,14:33:08,5.24,--,97,50828,卖盘
268,14:33:03,5.24,--,121,63404,卖盘
269,14:32:58,5.24,--,166,87036,卖盘
270,14:32:52,5.24,--,244,127856,卖盘
271,14:32:48,5.24,--,70,36680,卖盘
272,14:32:43,5.24,--,416,217984,卖盘
273,14:32:33,5.24,--,11,5764,卖盘
274,14:32:28,5.24,--,144,75456,卖盘
275,14:32:18,5.24,--,37,19388,卖盘
276,14:32:13,5.24,-0.01,34,17816,卖盘
277,14:32:07,5.25,0.01,156,81900,买盘
278,14:32:02,5.24,--,102,53448,卖盘
279,14:31:58,5.24,-0.01,65,34060,卖盘
280,14:31:52,5.25,0.01,1321,693525,买盘
281,14:31:48,5.24,--,76,39824,卖盘
282,14:31:43,5.24,--,104,54496,卖盘
283,14:31:37,5.24,-0.01,202,105848,卖盘
284,14:31:33,5.25,0.01,17,8925,买盘
285,14:31:27,5.24,--,129,67596,卖盘
286,14:31:22,5.24,-0.01,224,117376,卖盘
287,14:31:18,5.25,--,288,151200,买盘
288,14:31:12,5.25,0.01,86,45150,买盘
289,14:31:07,5.24,-0.01,221,115804,卖盘
290,14:31:02,5.25,0.01,152,79800,买盘
291,14:30:57,5.24,--,264,138336,卖盘
292,14:30:52,5.24,-0.01,1163,609412,卖盘
293,14:30:48,5.25,0.01,124,65100,买盘
294,14:30:42,5.24,--,140,73360,卖盘
295,14:30:37,5.24,--,204,106896,卖盘
296,14:30:27,5.24,-0.01,329,172396,卖盘
297,14:30:22,5.25,0.01,10,5250,买盘
298,14:30:17,5.24,--,29,15196,卖盘
299,14:30:12,5.24,--,172,90128,卖盘
300,14:30:07,5.24,--,134,70216,卖盘
301,14:29:57,5.24,--,181,94844,卖盘
302,14:29:52,5.24,--,72,37728,卖盘
303,14:29:42,5.24,--,89,46636,卖盘
304,14:29:37,5.24,--,86,45064,卖盘
305,14:29:32,5.24,--,25,13100,卖盘
306,14:29:27,5.24,--,63,33012,卖盘
307,14:29:22,5.24,--,140,73360,卖盘
308,14:29:17,5.24,--,39,20436,卖盘
309,14:29:12,5.24,-0.01,519,271956,卖盘
310,14:29:07,5.25,--,40,21000,买盘
311,14:29:02,5.25,0.01,78,40950,买盘
312,14:28:57,5.24,-0.01,433,226892,卖盘
313,14:28:52,5.25,0.01,320,168000,买盘
314,14:28:47,5.24,--,1,524,卖盘
315,14:28:42,5.24,--,721,377804,卖盘
316,14:28:32,5.24,-0.01,15,7860,卖盘
317,14:28:27,5.25,0.01,1231,646275,买盘
318,14:28:22,5.24,--,0,377,卖盘
319,14:28:07,5.24,-0.01,146,76504,卖盘
320,14:28:02,5.25,0.01,289,151725,买盘
321,14:27:52,5.24,-0.01,29,15196,卖盘
322,14:27:47,5.25,--,6,3150,买盘
323,14:27:37,5.25,0.01,49,25725,买盘
324,14:27:22,5.24,--,331,173444,卖盘
325,14:27:12,5.24,--,105,55020,卖盘
326,14:27:07,5.24,--,195,102180,卖盘
327,14:27:02,5.24,--,288,150912,卖盘
328,14:26:52,5.24,--,198,103752,卖盘
329,14:26:47,5.24,--,291,152484,卖盘
330,14:26:37,5.24,--,78,40872,卖盘
331,14:26:27,5.24,--,26,13624,卖盘
332,14:26:22,5.24,--,45,23580,卖盘
333,14:26:07,5.24,-0.01,60,31440,卖盘
334,14:25:57,5.25,0.01,291,152775,买盘
335,14:25:52,5.24,-0.01,30,15720,卖盘
336,14:25:42,5.25,0.01,108,56700,买盘
337,14:25:31,5.24,-0.01,1,524,卖盘
338,14:25:27,5.25,0.01,55,28875,买盘
339,14:25:11,5.24,-0.01,50,26200,卖盘
340,14:25:06,5.25,--,291,152775,买盘
341,14:25:01,5.25,0.01,4,2100,买盘
342,14:24:51,5.24,-0.01,294,154056,卖盘
343,14:24:46,5.25,0.01,1000,525000,买盘
344,14:24:36,5.24,--,50,26200,卖盘
345,14:24:31,5.24,--,90,47160,卖盘
346,14:24:26,5.24,-0.01,74,38776,卖盘
347,14:24:21,5.25,--,101,53025,买盘
348,14:24:16,5.25,--,291,152775,买盘
349,14:24:06,5.25,0.01,28,14700,买盘
350,14:23:51,5.24,--,79,41396,卖盘
351,14:23:36,5.24,--,120,62880,卖盘
352,14:23:31,5.24,-0.01,40,20960,卖盘
353,14:23:26,5.25,--,20,10500,买盘
354,14:23:21,5.25,--,2,1050,买盘
355,14:23:16,5.25,--,155,81375,买盘
356,14:22:51,5.25,0.01,233,122325,买盘
357,14:22:46,5.24,--,96,50304,卖盘
358,14:22:36,5.24,--,495,259547,卖盘
359,14:22:31,5.24,-0.01,41,21484,卖盘
360,14:22:16,5.25,--,21,11025,买盘
361,14:22:06,5.25,0.01,36,18900,买盘
362,14:21:51,5.24,-0.01,29,15196,卖盘
363,14:21:46,5.25,--,57,29925,买盘
364,14:21:41,5.25,0.01,1,525,买盘
365,14:21:31,5.24,--,39,20436,卖盘
366,14:21:21,5.24,--,46,24104,卖盘
367,14:21:16,5.24,--,227,119320,卖盘
368,14:21:11,5.24,--,159,83316,卖盘
369,14:21:06,5.24,--,122,63928,卖盘
370,14:21:01,5.24,--,1,576,卖盘
371,14:20:51,5.24,--,31,16244,卖盘
372,14:20:31,5.24,-0.01,157,82268,卖盘
373,14:20:26,5.25,--,1,525,买盘
374,14:20:11,5.25,--,3,1575,买盘
375,14:20:01,5.25,0.01,1,525,买盘
376,14:19:51,5.24,-0.01,37,19388,卖盘
377,14:19:46,5.25,--,368,193200,买盘
378,14:19:41,5.25,0.01,100,52500,买盘
379,14:19:31,5.24,--,41,21484,卖盘
380,14:19:16,5.24,--,43,22532,卖盘
381,14:19:11,5.24,-0.01,184,96416,卖盘
382,14:19:06,5.25,0.01,1,525,买盘
383,14:19:01,5.24,--,169,88556,卖盘
384,14:18:51,5.24,--,29,15196,卖盘
385,14:18:46,5.24,-0.01,205,107420,卖盘
386,14:18:41,5.25,--,4,2100,卖盘
387,14:18:36,5.25,--,200,105000,卖盘
388,14:18:30,5.25,--,223,117075,卖盘
389,14:18:26,5.25,--,178,93450,卖盘
390,14:18:15,5.25,-0.01,506,265650,卖盘
391,14:18:06,5.26,0.01,19,9994,买盘
392,14:17:51,5.25,--,440,231000,卖盘
393,14:17:40,5.25,0.01,189,99225,买盘
394,14:17:35,5.24,--,71,37204,卖盘
395,14:17:30,5.24,-0.01,40,20960,卖盘
396,14:17:25,5.25,--,10,5250,卖盘
397,14:17:10,5.25,--,40,21000,卖盘
398,14:17:00,5.25,--,20,10500,卖盘
399,14:16:55,5.25,--,29,15225,卖盘
400,14:16:45,5.25,--,33,17325,卖盘
401,14:16:40,5.25,--,104,54600,买盘
402,14:16:35,5.25,0.01,1,525,买盘
403,14:16:30,5.24,-0.01,39,20436,卖盘
404,14:16:25,5.25,0.01,20,10500,买盘
405,14:16:20,5.24,--,45,23580,卖盘
406,14:16:15,5.24,-0.01,2,1048,卖盘
407,14:16:10,5.25,0.01,136,71400,买盘
408,14:16:05,5.24,--,60,31440,卖盘
409,14:15:55,5.24,-0.01,29,15196,卖盘
410,14:15:45,5.25,--,5,2625,买盘
411,14:15:40,5.25,0.01,239,125475,买盘
412,14:15:30,5.24,-0.01,40,20960,卖盘
413,14:15:20,5.25,0.01,38,19950,买盘
414,14:15:10,5.24,--,104,54496,卖盘
415,14:15:00,5.24,-0.01,66,34584,卖盘
416,14:14:55,5.25,0.01,131,68775,买盘
417,14:14:45,5.24,-0.01,5,2620,卖盘
418,14:14:40,5.25,0.01,444,233100,买盘
419,14:14:30,5.24,-0.01,71,37204,卖盘
420,14:14:20,5.25,0.01,30,15750,买盘
421,14:14:15,5.24,-0.01,1,524,卖盘
422,14:14:00,5.25,0.01,1,525,买盘
423,14:13:55,5.24,--,30,15720,卖盘
424,14:13:50,5.24,-0.01,1,524,卖盘
425,14:13:40,5.25,0.01,248,130200,买盘
426,14:13:30,5.24,--,44,23056,卖盘
427,14:13:25,5.24,-0.01,2266,1187384,卖盘
428,14:13:15,5.25,--,153,80325,买盘
429,14:13:10,5.25,--,142,74550,买盘
430,14:13:00,5.25,--,94,49350,买盘
431,14:12:55,5.25,0.01,34,17850,买盘
432,14:12:40,5.24,--,62,32488,卖盘
433,14:12:29,5.24,-0.02,488,255712,卖盘
434,14:12:25,5.26,--,134,70484,买盘
435,14:12:20,5.26,--,1,526,买盘
436,14:12:15,5.26,--,0,0,买盘
437,14:12:00,5.26,0.02,375,197649,买盘
438,14:11:55,5.24,-0.01,83,43492,卖盘
439,14:11:50,5.25,--,282,148050,买盘
440,14:11:40,5.25,--,95,50001,卖盘
441,14:11:30,5.25,--,42,22050,卖盘
442,14:11:24,5.25,--,199,104475,卖盘
443,14:11:20,5.25,--,69,36225,卖盘
444,14:11:15,5.25,--,100,52500,卖盘
445,14:11:09,5.25,--,169,88725,卖盘
446,14:10:54,5.25,--,50,26250,卖盘
447,14:10:45,5.25,--,5879,3086874,买盘
448,14:10:39,5.25,0.01,31,16275,买盘
449,14:10:34,5.24,-0.01,169,88556,卖盘
450,14:10:23,5.25,--,67,35175,买盘
451,14:10:19,5.25,--,115,60375,买盘
452,14:10:14,5.25,--,30,15750,买盘
453,14:10:09,5.25,--,221,116025,买盘
454,14:09:59,5.25,--,15,7875,买盘
455,14:09:53,5.25,--,375,196875,买盘
456,14:09:49,5.25,--,51,26775,买盘
457,14:09:39,5.25,0.01,10,5250,买盘
458,14:09:34,5.24,--,10,5240,卖盘
459,14:09:29,5.24,-0.01,1,524,卖盘
460,14:09:23,5.25,--,158,82950,买盘
461,14:09:04,5.25,--,35,18375,买盘
462,14:08:54,5.25,0.01,101,53025,买盘
463,14:08:38,5.24,-0.01,2,1048,卖盘
464,14:08:29,5.25,0.01,5,2625,买盘
465,14:08:23,5.24,--,216,113184,卖盘
466,14:08:19,5.24,-0.01,6,3144,卖盘
467,14:08:14,5.25,0.01,76,39900,买盘
468,14:08:04,5.24,--,217,113739,卖盘
469,14:07:53,5.24,--,207,108468,卖盘
470,14:07:44,5.24,--,487,255188,卖盘
471,14:07:34,5.24,-0.01,2,1048,卖盘
472,14:07:23,5.25,0.01,100,52500,买盘
473,14:07:19,5.24,-0.01,1401,734124,卖盘
474,14:07:14,5.25,0.01,1,525,买盘
475,14:07:08,5.24,-0.01,70,36680,卖盘
476,14:07:04,5.25,0.01,246,129150,买盘
477,14:06:53,5.24,--,245,128380,卖盘
478,14:06:49,5.24,--,85,44540,卖盘
479,14:06:44,5.24,--,30,15720,卖盘
480,14:06:38,5.24,--,1,524,卖盘
481,14:06:34,5.24,-0.01,1,524,卖盘
482,14:06:23,5.25,--,1,525,买盘
483,14:06:08,5.25,0.01,69,36225,买盘
484,14:05:59,5.24,--,358,187592,卖盘
485,14:05:53,5.24,-0.01,29,15196,卖盘
486,14:05:49,5.25,--,63,33075,买盘
487,14:05:43,5.25,--,5,2625,买盘
488,14:05:38,5.25,--,385,202125,买盘
489,14:05:34,5.25,--,1,525,买盘
490,14:05:23,5.25,0.01,268,140700,买盘
491,14:05:19,5.24,-0.01,413,216867,卖盘
492,14:05:08,5.25,0.01,120,63000,买盘
493,14:05:04,5.24,--,86,45064,卖盘
494,14:04:53,5.24,-0.01,244,127856,卖盘
495,14:04:49,5.25,--,10,5250,买盘
496,14:04:38,5.25,0.01,1,525,买盘
497,14:04:34,5.24,-0.01,2,1048,卖盘
498,14:04:13,5.25,0.01,10,5250,买盘
499,14:04:02,5.24,-0.01,178,93272,卖盘
500,14:03:58,5.25,0.01,20,10500,买盘
501,14:03:53,5.24,-0.01,29,15196,卖盘
502,14:03:47,5.25,0.01,1,525,买盘
503,14:03:38,5.24,-0.01,12,6288,卖盘
504,14:03:32,5.25,0.01,1,525,买盘
505,14:03:28,5.24,-0.01,4,2096,卖盘
506,14:03:23,5.25,--,12,6300,买盘
507,14:03:17,5.25,--,3,1575,买盘
508,14:03:13,5.25,0.01,76,39900,买盘
509,14:03:08,5.24,-0.01,264,138336,卖盘
510,14:03:02,5.25,--,1,525,买盘
511,14:02:58,5.25,0.01,2,1050,买盘
512,14:02:53,5.24,-0.01,117,61308,卖盘
513,14:02:47,5.25,--,267,140175,买盘
514,14:02:43,5.25,--,1,525,买盘
515,14:02:38,5.25,--,12,6300,买盘
516,14:02:32,5.25,--,560,294000,买盘
517,14:02:28,5.25,--,1,525,买盘
518,14:02:17,5.25,--,1,525,买盘
519,14:02:13,5.25,--,12,6300,买盘
520,14:02:08,5.25,--,98,51450,买盘
521,14:02:02,5.25,--,75,39375,买盘
522,14:01:58,5.25,0.01,1,525,买盘
523,14:01:53,5.24,-0.01,40,20960,卖盘
524,14:01:43,5.25,--,16,8400,买盘
525,14:01:32,5.25,--,231,121275,买盘
526,14:01:28,5.25,--,177,92925,买盘
527,14:01:23,5.25,--,15,7875,买盘
528,14:01:17,5.25,--,208,109200,买盘
529,14:01:13,5.25,--,16,8400,买盘
530,14:01:08,5.25,--,1,525,买盘
531,14:01:02,5.25,--,80,42000,买盘
532,14:00:58,5.25,0.01,864,453600,买盘
533,14:00:47,5.24,--,96,50304,卖盘
534,14:00:43,5.24,-0.01,91,47684,卖盘
535,14:00:38,5.25,0.01,1,525,买盘
536,14:00:32,5.24,-0.01,187,97988,卖盘
537,14:00:28,5.25,--,2,1050,买盘
538,14:00:17,5.25,--,13,7171,买盘
539,14:00:13,5.25,--,9,4725,买盘
540,14:00:08,5.25,0.01,1,525,买盘
541,14:00:02,5.24,-0.01,5,2620,卖盘
542,13:59:58,5.25,0.01,107,56175,买盘
543,13:59:53,5.24,-0.01,142,74408,卖盘
544,13:59:47,5.25,--,50,26250,买盘
545,13:59:38,5.25,--,1,525,买盘
546,13:59:32,5.25,--,38,19950,买盘
547,13:59:28,5.25,--,1,525,买盘
548,13:59:17,5.25,0.01,10,5250,买盘
549,13:59:13,5.24,-0.01,38,19912,卖盘
550,13:59:08,5.25,--,1,525,买盘
551,13:59:02,5.25,0.01,103,54075,买盘
552,13:58:58,5.24,--,112,58688,卖盘
553,13:58:52,5.24,-0.01,29,15196,卖盘
554,13:58:47,5.25,--,2,1050,买盘
555,13:58:43,5.25,--,52,27300,买盘
556,13:58:38,5.25,--,1,525,买盘
557,13:58:28,5.25,0.01,2,1050,买盘
558,13:58:17,5.24,-0.01,215,112660,卖盘
559,13:58:13,5.25,--,43,22575,买盘
560,13:58:07,5.25,0.01,144,75600,买盘
561,13:58:02,5.24,--,471,247024,卖盘
562,13:57:58,5.24,--,113,59212,卖盘
563,13:57:52,5.24,-0.01,30,15720,卖盘
564,13:57:47,5.25,--,2,1050,买盘
565,13:57:37,5.25,0.01,1,525,买盘
566,13:57:32,5.24,--,86,45064,卖盘
567,13:57:26,5.24,-0.01,70,36680,卖盘
568,13:57:17,5.25,--,179,93975,买盘
569,13:57:07,5.25,--,1,525,买盘
570,13:57:02,5.25,0.01,1,525,买盘
571,13:56:56,5.24,--,114,59736,卖盘
572,13:56:52,5.24,-0.01,91,47684,卖盘
573,13:56:47,5.25,0.01,48,25200,买盘
574,13:56:41,5.24,-0.01,30,15720,卖盘
575,13:56:37,5.25,--,1,525,买盘
576,13:56:32,5.25,0.01,1,525,买盘
577,13:56:26,5.24,-0.01,11,5764,卖盘
578,13:56:22,5.25,--,35,18375,买盘
579,13:56:17,5.25,--,71,37275,买盘
580,13:56:11,5.25,0.01,152,79800,买盘
581,13:56:07,5.24,--,216,113184,卖盘
582,13:56:02,5.24,--,341,178684,卖盘
583,13:55:56,5.24,--,113,59212,卖盘
584,13:55:52,5.24,-0.01,30,15720,卖盘
585,13:55:41,5.25,0.01,40,21000,买盘
586,13:55:32,5.24,--,101,52924,卖盘
587,13:55:26,5.24,--,602,315448,卖盘
588,13:55:22,5.24,-0.01,10,5240,卖盘
589,13:55:17,5.25,--,11,5775,买盘
590,13:55:11,5.25,0.01,101,53025,买盘
591,13:55:07,5.24,-0.01,84,44016,卖盘
592,13:55:02,5.25,0.01,277,145425,买盘
593,13:54:56,5.24,--,277,145148,卖盘
594,13:54:52,5.24,--,31,16244,卖盘
595,13:54:47,5.24,-0.01,44,23056,卖盘
596,13:54:41,5.25,--,2,1050,买盘
597,13:54:32,5.25,--,1,525,买盘
598,13:54:26,5.25,0.01,1,525,买盘
599,13:54:22,5.24,-0.01,282,147768,卖盘
600,13:54:17,5.25,--,55,28875,买盘
601,13:54:11,5.25,--,1,525,买盘
602,13:54:07,5.25,0.01,100,52500,买盘
603,13:54:02,5.24,--,43,22532,卖盘
604,13:53:56,5.24,--,122,63928,卖盘
605,13:53:52,5.24,-0.01,29,15196,卖盘
606,13:53:37,5.25,0.01,1,525,买盘
607,13:53:26,5.24,--,142,74408,卖盘
608,13:53:17,5.24,-0.01,20,10480,卖盘
609,13:53:11,5.25,0.01,242,127050,买盘
610,13:53:07,5.24,--,110,57640,卖盘
611,13:52:56,5.24,--,418,219032,卖盘
612,13:52:52,5.24,--,30,15720,卖盘
613,13:52:47,5.24,-0.01,66,34584,卖盘
614,13:52:41,5.25,--,344,180600,买盘
615,13:52:37,5.25,0.01,80,42000,买盘
616,13:52:26,5.24,--,1,524,卖盘
617,13:52:11,5.24,-0.01,20,10480,卖盘
618,13:52:07,5.25,0.01,68,35700,买盘
619,13:52:02,5.24,--,10,5240,卖盘
620,13:51:56,5.24,--,113,59212,卖盘
621,13:51:52,5.24,--,29,15196,卖盘
622,13:51:41,5.24,-0.01,82,42968,卖盘
623,13:51:37,5.25,--,16,8400,买盘
624,13:51:32,5.25,0.01,49,25725,买盘
625,13:51:26,5.24,-0.01,99,51876,卖盘
626,13:51:11,5.25,--,1,525,买盘
627,13:51:07,5.25,--,1,525,买盘
628,13:51:02,5.25,0.01,8,4200,买盘
629,13:50:56,5.24,--,123,64452,卖盘
630,13:50:51,5.24,--,29,15196,卖盘
631,13:50:41,5.24,--,20,10480,卖盘
632,13:50:26,5.24,-0.01,74,38776,卖盘
633,13:50:16,5.25,--,16,8400,买盘
634,13:50:11,5.25,--,85,44625,买盘
635,13:50:01,5.25,--,1,525,买盘
636,13:49:56,5.25,--,164,86100,卖盘
637,13:49:50,5.25,--,29,15225,卖盘
638,13:49:41,5.25,--,2,1050,卖盘
639,13:49:35,5.25,-0.01,56,29400,卖盘
640,13:49:26,5.26,--,99,52074,买盘
641,13:49:20,5.26,--,2,1052,买盘
642,13:49:05,5.26,0.02,172,90472,买盘
643,13:49:01,5.24,--,0,0,卖盘
644,13:48:50,5.24,-0.01,288,150912,卖盘
645,13:48:46,5.25,--,180,94500,买盘
646,13:48:41,5.25,--,618,324450,买盘
647,13:48:35,5.25,--,413,216825,买盘
648,13:48:31,5.25,0.01,726,381150,买盘
649,13:48:26,5.24,-0.01,125,65500,卖盘
650,13:48:11,5.25,--,18,9450,买盘
651,13:48:05,5.25,0.01,18,9450,买盘
652,13:47:56,5.24,--,173,90652,卖盘
653,13:47:50,5.24,-0.01,29,15196,卖盘
654,13:47:41,5.25,--,1,525,买盘
655,13:47:35,5.25,--,18,9450,买盘
656,13:47:26,5.25,--,415,217875,买盘
657,13:47:16,5.25,--,82,43050,买盘
658,13:47:01,5.25,0.01,57,29925,买盘
659,13:46:50,5.24,-0.01,45,23580,卖盘
660,13:46:45,5.25,--,87,45675,买盘
661,13:46:31,5.25,0.01,655,343875,买盘
662,13:46:26,5.24,-0.01,7,3668,卖盘
663,13:46:20,5.25,--,28,14700,买盘
664,13:46:16,5.25,0.01,10,5250,买盘
665,13:46:11,5.24,--,235,123140,卖盘
666,13:46:05,5.24,--,24,12576,卖盘
667,13:46:01,5.24,--,915,479528,卖盘
668,13:45:50,5.24,--,117,61308,卖盘
669,13:45:41,5.24,-0.01,101,52924,卖盘
670,13:45:35,5.25,--,445,233625,买盘
671,13:45:31,5.25,--,20,10500,买盘
672,13:45:16,5.25,--,316,165900,买盘
673,13:45:05,5.25,0.01,1,525,买盘
674,13:45:01,5.24,-0.01,235,123140,卖盘
675,13:44:56,5.25,0.01,25,13125,买盘
676,13:44:50,5.24,-0.01,30,15720,卖盘
677,13:44:46,5.25,--,1113,584325,卖盘
678,13:44:35,5.25,--,208,109200,卖盘
679,13:44:31,5.25,--,22,11550,卖盘
680,13:44:25,5.25,--,131,68775,卖盘
681,13:44:20,5.25,-0.01,392,205800,卖盘
682,13:44:15,5.26,0.01,336,176736,买盘
683,13:44:10,5.25,--,100,52500,卖盘
684,13:44:05,5.25,-0.01,562,295050,卖盘
685,13:44:01,5.26,0.01,446,234596,买盘
686,13:43:56,5.25,--,20,10500,卖盘
687,13:43:50,5.25,--,199,104475,卖盘
688,13:43:44,5.25,--,286,150150,卖盘
689,13:43:40,5.25,-0.01,10,5250,卖盘
690,13:43:35,5.26,--,1101,579126,买盘
691,13:43:25,5.26,0.01,1,526,买盘
692,13:43:20,5.25,--,143,75075,卖盘
693,13:43:14,5.25,--,354,185850,卖盘
694,13:43:05,5.25,--,117,61425,卖盘
695,13:42:59,5.25,-0.01,301,158025,卖盘
696,13:42:50,5.26,0.01,230,120980,买盘
697,13:42:44,5.25,--,25,13125,卖盘
698,13:42:40,5.25,--,50,26250,卖盘
699,13:42:35,5.25,--,1815,952875,卖盘
700,13:42:29,5.25,0.01,117,61425,买盘
701,13:42:25,5.24,-0.01,2218,1162232,卖盘
702,13:42:20,5.25,--,289,151725,卖盘
703,13:42:14,5.25,--,693,363825,卖盘
704,13:42:10,5.25,--,143,75075,卖盘
705,13:42:05,5.25,--,239,125475,卖盘
706,13:41:59,5.25,--,236,123900,卖盘
707,13:41:50,5.25,--,61,32025,卖盘
708,13:41:44,5.25,--,339,177975,卖盘
709,13:41:40,5.25,--,225,118361,卖盘
710,13:41:35,5.25,--,186,97650,卖盘
711,13:41:25,5.25,--,59,30975,卖盘
712,13:41:20,5.25,--,380,199500,卖盘
713,13:41:14,5.25,--,627,329175,卖盘
714,13:41:05,5.25,--,112,58800,卖盘
715,13:40:59,5.25,--,503,264075,卖盘
716,13:40:55,5.25,--,168,88200,卖盘
717,13:40:50,5.25,--,130,68250,卖盘
718,13:40:44,5.25,--,393,206325,卖盘
719,13:40:40,5.25,--,169,88725,卖盘
720,13:40:35,5.25,--,56,29400,卖盘
721,13:40:29,5.25,--,48,25200,卖盘
722,13:40:20,5.25,-0.01,760,399000,卖盘
723,13:40:14,5.26,0.01,472,248272,买盘
724,13:40:05,5.25,-0.01,216,113400,卖盘
725,13:39:59,5.26,0.01,21,11046,买盘
726,13:39:55,5.25,--,220,115500,卖盘
727,13:39:50,5.25,-0.01,293,153825,卖盘
728,13:39:44,5.26,--,278,146228,买盘
729,13:39:35,5.26,--,60,31560,买盘
730,13:39:29,5.26,0.01,446,234596,买盘
731,13:39:20,5.25,-0.01,2,1050,卖盘
732,13:39:09,5.26,0.01,119,62594,买盘
733,13:39:05,5.25,--,134,70350,卖盘
734,13:38:55,5.25,-0.01,29,15225,卖盘
735,13:38:44,5.26,--,923,485498,买盘
736,13:38:34,5.26,--,504,265104,买盘
737,13:38:25,5.26,--,244,128344,买盘
738,13:38:19,5.26,0.01,23,12098,买盘
739,13:38:14,5.25,--,39,20475,卖盘
740,13:38:04,5.25,--,56,29400,卖盘
741,13:37:59,5.25,--,2,1050,卖盘
742,13:37:55,5.25,-0.01,30,15750,卖盘
743,13:37:44,5.26,0.01,229,120454,买盘
744,13:37:40,5.25,--,98,51450,卖盘
745,13:37:34,5.25,-0.01,56,29400,卖盘
746,13:37:29,5.26,0.01,1,526,买盘
747,13:37:19,5.25,--,127,66675,卖盘
748,13:37:14,5.25,--,89,46725,卖盘
749,13:37:08,5.25,--,139,72975,卖盘
750,13:37:04,5.25,--,56,29400,卖盘
751,13:36:59,5.25,--,16,8400,卖盘
752,13:36:53,5.25,--,79,41475,卖盘
753,13:36:44,5.25,-0.01,125,65625,卖盘
754,13:36:38,5.26,0.01,1,526,买盘
755,13:36:34,5.25,--,56,29400,卖盘
756,13:36:29,5.25,-0.01,20,10500,卖盘
757,13:36:14,5.26,--,36,18936,买盘
758,13:36:08,5.26,0.01,273,143598,买盘
759,13:36:04,5.25,--,56,29400,卖盘
760,13:35:59,5.25,--,403,211575,卖盘
761,13:35:53,5.25,-0.01,29,15225,卖盘
762,13:35:44,5.26,0.01,15,7890,买盘
763,13:35:34,5.25,--,56,29400,卖盘
764,13:35:29,5.25,--,151,79275,卖盘
765,13:35:23,5.25,--,89,46725,卖盘
766,13:35:08,5.25,--,103,54075,卖盘
767,13:35:04,5.25,--,56,29400,卖盘
768,13:34:53,5.25,--,95,50216,卖盘
769,13:34:49,5.25,--,235,123375,卖盘
770,13:34:44,5.25,--,61,32025,卖盘
771,13:34:34,5.25,-0.01,56,29400,卖盘
772,13:34:19,5.26,0.01,25,13150,买盘
773,13:34:14,5.25,--,13,6825,卖盘
774,13:34:08,5.25,-0.01,39,20475,卖盘
775,13:34:04,5.26,0.01,57,29982,买盘
776,13:33:53,5.25,--,279,146475,卖盘
777,13:33:49,5.25,-0.01,3,1575,卖盘
778,13:33:38,5.26,0.01,24,12624,买盘
779,13:33:34,5.25,--,57,29977,卖盘
780,13:33:29,5.25,--,78,40950,卖盘
781,13:33:19,5.25,--,378,198450,卖盘
782,13:33:14,5.25,--,6,3181,卖盘
783,13:33:08,5.25,--,147,77175,卖盘
784,13:33:04,5.25,--,115,60375,卖盘
785,13:32:59,5.25,-0.01,346,181650,卖盘
786,13:32:53,5.26,--,49,25774,买盘
787,13:32:44,5.26,0.01,302,158852,买盘
788,13:32:34,5.25,--,56,29400,卖盘
789,13:32:29,5.25,-0.01,174,91350,卖盘
790,13:32:23,5.26,--,1,526,买盘
791,13:32:18,5.26,0.01,26,13676,买盘
792,13:32:08,5.25,--,39,20475,卖盘
793,13:32:04,5.25,--,102,53550,卖盘
794,13:31:58,5.25,-0.01,91,47775,卖盘
795,13:31:53,5.26,--,84,44184,买盘
796,13:31:48,5.26,0.01,229,120454,买盘
797,13:31:34,5.25,--,57,29925,卖盘
798,13:31:28,5.25,--,100,52500,卖盘
799,13:31:19,5.25,--,52,27300,卖盘
800,13:31:08,5.25,--,39,20475,卖盘
801,13:31:04,5.25,--,56,29400,卖盘
802,13:30:53,5.25,-0.01,108,56700,卖盘
803,13:30:48,5.26,--,305,160430,买盘
804,13:30:38,5.26,0.01,1,526,买盘
805,13:30:33,5.25,--,130,68250,卖盘
806,13:30:28,5.25,--,21,11025,卖盘
807,13:30:23,5.25,--,87,45675,卖盘
808,13:30:08,5.25,--,53,27825,卖盘
809,13:30:02,5.25,--,56,29400,卖盘
810,13:29:53,5.25,-0.01,47,24675,卖盘
811,13:29:47,5.26,0.01,230,120980,买盘
812,13:29:32,5.25,--,56,29400,卖盘
813,13:29:08,5.25,--,39,20475,卖盘
814,13:29:02,5.25,-0.01,94,49350,卖盘
815,13:28:58,5.26,0.01,1,526,买盘
816,13:28:53,5.25,--,29,15225,卖盘
817,13:28:38,5.25,--,399,209475,买盘
818,13:28:32,5.25,0.01,9,4725,买盘
819,13:28:13,5.24,-0.01,39,20436,卖盘
820,13:28:08,5.25,0.01,1,525,买盘
821,13:27:53,5.24,-0.01,100,52400,卖盘
822,13:27:43,5.25,0.01,229,120225,买盘
823,13:27:38,5.24,-0.01,22,11528,卖盘
824,13:27:32,5.25,--,10,5250,买盘
825,13:27:28,5.25,--,19,9975,买盘
826,13:27:17,5.25,--,1,525,买盘
827,13:27:13,5.25,--,43,22575,买盘
828,13:27:02,5.25,--,1,525,卖盘
829,13:26:53,5.25,-0.01,30,15750,卖盘
830,13:26:47,5.26,0.01,447,235122,买盘
831,13:26:43,5.25,--,249,130725,卖盘
832,13:26:32,5.25,0.01,477,250425,买盘
833,13:26:28,5.24,-0.01,42,22008,卖盘
834,13:26:23,5.25,--,1,525,买盘
835,13:26:17,5.25,--,5,2625,买盘
836,13:26:13,5.25,--,18,9450,买盘
837,13:26:08,5.25,--,105,55125,买盘
838,13:26:02,5.25,--,278,145950,买盘
839,13:25:58,5.25,--,10,5250,买盘
840,13:25:53,5.25,--,111,58275,买盘
841,13:25:43,5.25,--,229,120225,买盘
842,13:25:38,5.25,--,73,38325,买盘
843,13:25:32,5.25,0.01,1,525,买盘
844,13:25:17,5.24,-0.01,433,226892,卖盘
845,13:25:02,5.25,--,21,11025,买盘
846,13:24:53,5.25,--,49,25725,买盘
847,13:24:43,5.25,--,305,160125,买盘
848,13:24:32,5.25,--,6,3150,买盘
849,13:24:08,5.25,--,60,31500,买盘
850,13:24:02,5.25,0.01,50,26250,卖盘
851,13:23:57,5.24,-0.02,320,167680,卖盘
852,13:23:52,5.26,0.01,31,16306,买盘
853,13:23:42,5.25,--,121,63525,买盘
854,13:23:32,5.25,0.01,77,40425,买盘
855,13:23:27,5.24,--,81,42444,卖盘
856,13:23:17,5.24,-0.01,78,40872,卖盘
857,13:23:02,5.25,0.01,15,7875,买盘
858,13:22:52,5.24,-0.02,29,15196,卖盘
859,13:22:41,5.26,--,234,123462,买盘
860,13:22:37,5.26,0.01,39,20514,买盘
861,13:22:32,5.25,-0.01,75,39375,卖盘
862,13:22:22,5.26,--,151,79426,买盘
863,13:22:11,5.26,0.01,47,24722,买盘
864,13:22:02,5.25,-0.01,56,29400,卖盘
865,13:21:56,5.26,0.01,20,10520,买盘
866,13:21:52,5.25,--,29,15225,卖盘
867,13:21:47,5.25,--,92,48300,卖盘
868,13:21:41,5.25,--,30,15750,卖盘
869,13:21:32,5.25,--,56,29400,卖盘
870,13:21:26,5.25,--,38,19950,卖盘
871,13:21:17,5.25,--,424,222747,买盘
872,13:21:11,5.25,--,17,8925,买盘
873,13:21:02,5.25,0.01,6,3150,买盘
874,13:20:52,5.24,-0.01,29,15196,卖盘
875,13:20:41,5.25,--,467,245175,买盘
876,13:20:37,5.25,--,1,525,买盘
877,13:20:26,5.25,0.01,1,525,买盘
878,13:20:17,5.24,--,195,102279,卖盘
879,13:20:07,5.24,--,50,26200,卖盘
880,13:20:02,5.24,-0.01,168,88032,卖盘
881,13:19:56,5.25,0.01,160,84000,买盘
882,13:19:52,5.24,--,30,15720,卖盘
883,13:19:47,5.24,-0.01,2,1048,卖盘
884,13:19:37,5.25,0.01,6,3150,买盘
885,13:19:26,5.24,--,0,0,卖盘
886,13:19:17,5.24,--,41,21583,卖盘
887,13:19:11,5.24,-0.01,455,238420,卖盘
888,13:19:06,5.25,0.01,5,2625,买盘
889,13:19:02,5.24,--,280,146720,卖盘
890,13:18:52,5.24,-0.01,29,15196,卖盘
891,13:18:47,5.25,0.01,6,3150,买盘
892,13:18:41,5.24,-0.01,2,1048,卖盘
893,13:18:37,5.25,--,6,3150,买盘
894,13:18:26,5.25,0.01,24,12600,买盘
895,13:18:17,5.24,-0.01,71,37298,卖盘
896,13:18:06,5.25,--,81,42525,买盘
897,13:18:02,5.25,--,408,214200,买盘
898,13:17:56,5.25,0.01,22,11550,买盘
899,13:17:51,5.24,-0.01,29,15196,卖盘
900,13:17:41,5.25,--,37,19425,买盘
901,13:17:37,5.25,0.01,5,2625,买盘
902,13:17:31,5.24,--,0,0,卖盘
903,13:17:16,5.24,-0.02,41,21583,卖盘
904,13:17:07,5.26,--,64,33664,买盘
905,13:17:01,5.26,0.01,97,51022,买盘
906,13:16:56,5.25,--,83,43575,卖盘
907,13:16:51,5.25,--,29,15225,卖盘
908,13:16:47,5.25,--,86,45150,卖盘
909,13:16:41,5.25,-0.01,140,73500,卖盘
910,13:16:37,5.26,0.01,8,4208,买盘
911,13:16:31,5.25,-0.01,63,33075,卖盘
912,13:16:11,5.26,--,1,526,买盘
913,13:16:06,5.26,0.01,5,2630,买盘
914,13:16:01,5.25,-0.01,101,53025,卖盘
915,13:15:56,5.26,0.01,92,48392,买盘
916,13:15:51,5.25,--,30,15750,卖盘
917,13:15:46,5.25,--,85,44625,卖盘
918,13:15:41,5.25,-0.01,168,88200,卖盘
919,13:15:35,5.26,--,61,32086,买盘
920,13:15:20,5.26,0.01,1,526,买盘
921,13:15:11,5.25,-0.01,9,4725,卖盘
922,13:15:05,5.26,0.01,61,32086,买盘
923,13:14:56,5.25,--,5,2625,卖盘
924,13:14:50,5.25,-0.01,230,120750,卖盘
925,13:14:46,5.26,--,118,62068,买盘
926,13:14:35,5.26,--,61,32086,买盘
927,13:14:31,5.26,0.01,1,526,买盘
928,13:14:26,5.25,--,102,53550,卖盘
929,13:14:20,5.25,--,60,31500,卖盘
930,13:14:11,5.25,--,134,70350,卖盘
931,13:14:05,5.25,--,63,33075,卖盘
932,13:14:01,5.25,--,686,360150,卖盘
933,13:13:56,5.25,--,1564,821100,卖盘
934,13:13:50,5.25,--,100,52500,卖盘
935,13:13:41,5.25,-0.01,7,3675,卖盘
936,13:13:35,5.26,0.01,359,188834,买盘
937,13:13:20,5.25,--,140,73500,卖盘
938,13:13:11,5.25,-0.01,50,26250,卖盘
939,13:13:05,5.26,0.01,61,32086,买盘
940,13:12:56,5.25,--,1002,526050,卖盘
941,13:12:50,5.25,-0.01,31,16275,卖盘
942,13:12:41,5.26,0.01,200,105200,买盘
943,13:12:35,5.25,-0.01,62,32550,卖盘
944,13:12:31,5.26,0.01,221,116246,买盘
945,13:12:26,5.25,--,44,23100,卖盘
946,13:12:11,5.25,--,21,11025,卖盘
947,13:12:05,5.25,-0.01,196,102900,卖盘
948,13:12:00,5.26,--,2,1052,买盘
949,13:11:56,5.26,--,183,96258,买盘
950,13:11:35,5.26,0.01,324,170424,买盘
951,13:11:30,5.25,--,3,1575,卖盘
952,13:11:20,5.25,--,31,16275,卖盘
953,13:11:15,5.25,--,1,525,卖盘
954,13:11:11,5.25,-0.01,242,127050,卖盘
955,13:11:05,5.26,0.01,62,32612,买盘
956,13:10:50,5.25,--,29,15225,卖盘
957,13:10:45,5.25,-0.01,111,58275,卖盘
958,13:10:41,5.26,--,200,105200,买盘
959,13:10:35,5.26,0.01,63,33138,买盘
960,13:10:30,5.25,-0.01,73,38325,卖盘
961,13:10:25,5.26,--,262,137812,买盘
962,13:10:15,5.26,0.01,1,526,买盘
963,13:10:05,5.25,--,66,34650,卖盘
964,13:09:50,5.25,--,29,15225,卖盘
965,13:09:45,5.25,-0.01,150,78750,卖盘
966,13:09:35,5.26,0.01,62,32612,买盘
967,13:09:25,5.25,--,58,30450,卖盘
968,13:09:20,5.25,--,23,12075,卖盘
969,13:09:15,5.25,-0.01,92,48300,卖盘
970,13:09:05,5.26,--,111,58386,买盘
971,13:09:00,5.26,0.01,3,1578,买盘
972,13:08:50,5.25,--,82,43050,卖盘
973,13:08:40,5.25,-0.01,10,5250,卖盘
974,13:08:35,5.26,0.01,62,32612,买盘
975,13:08:25,5.25,--,362,190050,卖盘
976,13:08:20,5.25,--,107,56175,卖盘
977,13:08:14,5.25,--,107,56175,卖盘
978,13:08:10,5.25,-0.01,107,56175,卖盘
979,13:08:05,5.26,0.01,115,60490,买盘
980,13:07:55,5.25,--,92,48300,卖盘
981,13:07:50,5.25,-0.01,233,122325,卖盘
982,13:07:44,5.26,--,108,56808,买盘
983,13:07:35,5.26,--,62,32612,买盘
984,13:07:29,5.26,--,126,66276,买盘
985,13:07:25,5.26,0.01,44,23144,买盘
986,13:07:20,5.25,-0.01,124,65100,卖盘
987,13:07:05,5.26,0.01,61,32086,买盘
988,13:06:50,5.25,--,30,15750,卖盘
989,13:06:44,5.25,--,1,525,卖盘
990,13:06:40,5.25,-0.01,40,21000,卖盘
991,13:06:35,5.26,0.01,61,32086,买盘
992,13:06:29,5.25,--,53,27825,卖盘
993,13:06:25,5.25,--,150,78750,卖盘
994,13:06:20,5.25,--,231,121275,卖盘
995,13:06:10,5.25,-0.01,10,5250,卖盘
996,13:06:05,5.26,--,61,32086,买盘
997,13:05:59,5.26,0.01,51,26826,买盘
998,13:05:49,5.25,--,30,15750,卖盘
999,13:05:44,5.25,-0.01,172,90300,卖盘
1000,13:05:35,5.26,--,62,32612,买盘
1001,13:05:10,5.26,--,1,526,买盘
1002,13:05:05,5.26,0.01,153,80478,买盘
1003,13:04:50,5.25,--,129,67725,卖盘
1004,13:04:44,5.25,-0.01,78,40950,卖盘
1005,13:04:40,5.26,--,1,526,买盘
1006,13:04:35,5.26,--,5,2630,买盘
1007,13:04:25,5.26,--,37,19462,买盘
1008,13:04:20,5.26,--,1,526,买盘
1009,13:04:04,5.26,0.01,5,2630,买盘
1010,13:03:49,5.25,--,29,15225,卖盘
1011,13:03:35,5.25,-0.01,139,72975,卖盘
1012,13:03:29,5.26,--,96,50496,买盘
1013,13:03:24,5.26,--,100,52600,买盘
1014,13:03:19,5.26,--,200,105200,买盘
1015,13:03:04,5.26,0.01,6,3156,买盘
1016,13:02:49,5.25,-0.01,93,48825,卖盘
1017,13:02:34,5.26,0.01,11,5786,买盘
1018,13:02:29,5.25,-0.01,74,38850,卖盘
1019,13:02:14,5.26,0.01,200,105200,买盘
1020,13:02:09,5.25,-0.01,75,39375,卖盘
1021,13:02:04,5.26,0.01,55,28930,买盘
1022,13:01:49,5.25,-0.01,30,15750,卖盘
1023,13:01:44,5.26,--,125,65750,买盘
1024,13:01:34,5.26,0.01,5,2630,买盘
1025,13:01:19,5.25,-0.01,9,4725,卖盘
1026,13:01:14,5.26,--,299,157274,买盘
1027,13:01:04,5.26,--,78,41028,买盘
1028,13:00:54,5.26,--,1,526,买盘
1029,13:00:34,5.26,--,5,2630,买盘
1030,13:00:04,5.26,--,574,301924,买盘
1031,11:30:00,5.26,--,0,0,买盘
1032,11:29:59,5.26,--,0,0,买盘
1033,11:29:55,5.26,0.01,1,526,买盘
1034,11:29:50,5.25,--,39,20475,卖盘
1035,11:29:10,5.25,-0.01,43,22575,卖盘
1036,11:29:05,5.26,0.01,1,526,买盘
1037,11:28:55,5.25,--,29,15225,卖盘
1038,11:28:45,5.25,--,77,40425,卖盘
1039,11:28:35,5.25,--,500,262500,卖盘
1040,11:28:24,5.25,-0.01,53,27825,卖盘
1041,11:28:15,5.26,0.01,1,526,买盘
1042,11:27:54,5.25,-0.01,30,15750,卖盘
1043,11:27:50,5.26,0.01,10,5260,买盘
1044,11:27:39,5.25,--,29,15225,卖盘
1045,11:27:35,5.25,-0.01,410,215250,卖盘
1046,11:27:24,5.26,0.01,1,526,买盘
1047,11:27:00,5.25,--,1,525,卖盘
1048,11:26:54,5.25,-0.01,29,15225,卖盘
1049,11:26:39,5.26,--,19,9994,买盘
1050,11:26:30,5.26,0.01,23,12098,买盘
1051,11:26:20,5.25,--,29,15225,卖盘
1052,11:25:54,5.25,-0.01,29,15225,卖盘
1053,11:25:50,5.26,--,2,1052,买盘
1054,11:25:39,5.26,0.01,6,3156,买盘
1055,11:25:35,5.25,--,502,263550,卖盘
1056,11:25:09,5.25,-0.01,325,170625,卖盘
1057,11:25:05,5.26,0.01,25,13150,买盘
1058,11:24:59,5.25,--,100,52500,卖盘
1059,11:24:54,5.25,-0.01,293,153825,卖盘
1060,11:24:49,5.26,0.01,230,120980,买盘
1061,11:24:39,5.25,-0.01,131,68775,卖盘
1062,11:24:24,5.26,0.01,10,5260,买盘
1063,11:24:09,5.25,-0.01,21,11025,卖盘
1064,11:23:59,5.26,0.01,1,526,买盘
1065,11:23:54,5.25,--,258,135450,卖盘
1066,11:23:44,5.25,--,63,33075,卖盘
1067,11:23:39,5.25,--,24,12600,卖盘
1068,11:23:29,5.25,--,319,167475,卖盘
1069,11:23:24,5.25,--,1,525,卖盘
1070,11:23:19,5.25,--,4,2100,卖盘
1071,11:23:14,5.25,-0.01,7,3675,卖盘
1072,11:23:09,5.26,0.01,1,526,买盘
1073,11:22:54,5.25,-0.01,258,135450,卖盘
1074,11:22:29,5.26,0.01,20,10520,买盘
1075,11:22:24,5.25,-0.01,6,3150,卖盘
1076,11:22:14,5.26,0.01,1,526,买盘
1077,11:21:59,5.25,--,200,105000,卖盘
1078,11:21:54,5.25,--,273,143325,卖盘
1079,11:21:34,5.25,-0.01,319,167475,卖盘
1080,11:21:24,5.26,0.01,1,526,买盘
1081,11:21:19,5.25,--,29,15225,卖盘
1082,11:21:09,5.25,--,2,1050,卖盘
1083,11:20:54,5.25,-0.01,30,15750,卖盘
1084,11:20:48,5.26,--,229,120454,买盘
1085,11:20:33,5.26,0.01,31,16306,买盘
1086,11:20:09,5.25,--,15,7875,卖盘
1087,11:19:59,5.25,--,319,167475,卖盘
1088,11:19:54,5.25,-0.01,250,131250,卖盘
1089,11:19:44,5.26,0.02,200,105200,买盘
1090,11:19:39,5.24,--,28,14672,卖盘
1091,11:19:33,5.24,-0.01,20,10480,卖盘
1092,11:19:29,5.25,--,100,52500,买盘
1093,11:19:24,5.25,--,1653,867825,买盘
1094,11:19:18,5.25,--,216,113400,买盘
1095,11:19:14,5.25,--,10,5250,买盘
1096,11:19:09,5.25,--,259,135975,买盘
1097,11:19:03,5.25,--,20,10500,买盘
1098,11:18:54,5.25,--,30,15750,买盘
1099,11:18:48,5.25,--,20,10500,买盘
1100,11:18:33,5.25,0.01,100,52500,买盘
1101,11:18:24,5.24,-0.01,257,134668,卖盘
1102,11:18:18,5.25,0.01,20,10500,买盘
1103,11:18:14,5.24,-0.01,254,133096,卖盘
1104,11:18:03,5.25,0.01,16,8400,买盘
1105,11:17:54,5.24,--,30,15720,卖盘
1106,11:17:44,5.24,--,20,10480,卖盘
1107,11:17:39,5.24,-0.01,297,155628,卖盘
1108,11:17:13,5.25,--,229,120225,买盘
1109,11:17:08,5.25,--,1,525,买盘
1110,11:16:53,5.25,0.01,43,22575,买盘
1111,11:16:38,5.24,-0.01,14,7336,卖盘
1112,11:16:33,5.25,0.01,34,17850,买盘
1113,11:16:23,5.24,-0.01,287,150388,卖盘
1114,11:16:18,5.25,--,176,92400,买盘
1115,11:16:13,5.25,--,242,127050,买盘
1116,11:16:08,5.25,0.01,47,24675,买盘
1117,11:16:03,5.24,--,355,186020,卖盘
1118,11:15:58,5.24,--,1,524,卖盘
1119,11:15:53,5.24,--,129,67596,卖盘
1120,11:15:38,5.24,-0.01,10,5240,卖盘
1121,11:15:28,5.25,--,108,56700,买盘
1122,11:15:23,5.25,--,1,525,买盘
1123,11:15:13,5.25,--,229,120225,买盘
1124,11:15:08,5.25,0.01,113,59325,买盘
1125,11:14:53,5.24,--,304,159296,卖盘
1126,11:14:48,5.24,--,55,28820,卖盘
1127,11:14:43,5.24,-0.01,6,3144,卖盘
1128,11:14:38,5.25,0.01,21,11025,买盘
1129,11:14:28,5.24,-0.01,195,102180,卖盘
1130,11:14:23,5.25,--,49,25725,买盘
1131,11:14:18,5.25,--,288,151200,买盘
1132,11:14:13,5.25,0.01,229,120225,买盘
1133,11:13:53,5.24,-0.01,45,23580,卖盘
1134,11:13:48,5.25,--,1,525,买盘
1135,11:13:38,5.25,--,159,83475,买盘
1136,11:13:33,5.25,--,10,5250,买盘
1137,11:13:11,5.25,0.01,229,120225,买盘
1138,11:13:08,5.24,--,107,56068,卖盘
1139,11:13:03,5.24,--,15,7860,卖盘
1140,11:12:57,5.24,-0.01,1,524,卖盘
1141,11:12:53,5.25,0.01,30,15750,买盘
1142,11:12:48,5.24,-0.01,255,133620,卖盘
1143,11:12:33,5.25,--,380,199500,买盘
1144,11:12:18,5.25,0.01,380,199500,买盘
1145,11:12:12,5.24,-0.01,15,7860,卖盘
1146,11:12:03,5.25,0.01,205,107625,买盘
1147,11:11:57,5.24,--,287,150388,卖盘
1148,11:11:53,5.24,-0.01,48,25152,卖盘
1149,11:11:48,5.25,0.01,200,105000,买盘
1150,11:11:33,5.24,--,10,5240,卖盘
1151,11:11:23,5.24,-0.01,1,524,卖盘
1152,11:11:12,5.25,--,1,525,买盘
1153,11:11:03,5.25,0.01,40,21000,买盘
1154,11:10:53,5.24,--,29,15196,卖盘
1155,11:10:42,5.24,--,1,524,卖盘
1156,11:10:38,5.24,-0.01,74,38776,卖盘
1157,11:10:22,5.25,0.01,1,525,买盘
1158,11:10:18,5.24,-0.01,287,150388,卖盘
1159,11:10:12,5.25,0.01,40,21000,买盘
1160,11:10:03,5.24,-0.01,1,524,卖盘
1161,11:09:57,5.25,0.01,8,4200,买盘
1162,11:09:53,5.24,-0.01,30,15720,卖盘
1163,11:09:42,5.25,0.01,100,52500,买盘
1164,11:09:32,5.24,--,17,8908,卖盘
1165,11:08:57,5.24,--,157,82268,卖盘
1166,11:08:53,5.24,--,29,15196,卖盘
1167,11:08:42,5.24,--,108,56592,卖盘
1168,11:08:38,5.24,-0.01,14,7336,卖盘
1169,11:08:32,5.25,0.01,2,1050,买盘
1170,11:08:17,5.24,--,289,151436,卖盘
1171,11:08:07,5.24,--,1020,534480,卖盘
1172,11:07:52,5.24,-0.01,454,237896,卖盘
1173,11:07:47,5.25,--,144,75600,买盘
1174,11:07:42,5.25,0.01,1,525,买盘
1175,11:07:37,5.24,--,30,15720,卖盘
1176,11:07:32,5.24,-0.01,159,83316,卖盘
1177,11:07:27,5.25,--,3,1575,买盘
1178,11:07:17,5.25,--,30,15750,买盘
1179,11:07:12,5.25,--,11,5775,买盘
1180,11:07:02,5.25,--,39,20475,买盘
1181,11:06:57,5.25,0.01,148,77700,买盘
1182,11:06:52,5.24,-0.01,45,23580,卖盘
1183,11:06:47,5.25,0.01,52,27300,买盘
1184,11:06:42,5.24,--,65,34060,卖盘
1185,11:06:32,5.24,--,65,34060,卖盘
1186,11:06:12,5.24,-0.01,308,161392,卖盘
1187,11:06:07,5.25,0.01,1,525,买盘
1188,11:05:57,5.24,--,15,7860,卖盘
1189,11:05:52,5.24,--,29,15196,卖盘
1190,11:05:47,5.24,--,61,31964,卖盘
1191,11:05:42,5.24,-0.01,129,67596,卖盘
1192,11:05:32,5.25,--,51,26775,买盘
1193,11:05:27,5.25,--,131,68775,买盘
1194,11:05:17,5.25,--,1,525,买盘
1195,11:05:12,5.25,0.01,1301,683025,买盘
1196,11:05:06,5.24,--,143,74932,卖盘
1197,11:04:51,5.24,--,29,15196,卖盘
1198,11:04:32,5.24,-0.01,10,5240,卖盘
1199,11:04:27,5.25,0.01,1,525,买盘
1200,11:04:21,5.24,--,287,150388,卖盘
1201,11:04:12,5.24,--,16,8384,卖盘
1202,11:03:51,5.24,--,29,15196,卖盘
1203,11:03:36,5.24,--,3,1572,卖盘
1204,11:03:21,5.24,--,15,7860,卖盘
1205,11:03:06,5.24,--,164,85936,卖盘
1206,11:02:51,5.24,-0.01,30,15720,卖盘
1207,11:02:42,5.25,0.01,824,432600,买盘
1208,11:02:36,5.24,-0.01,64,33536,卖盘
1209,11:02:31,5.25,0.01,54,28350,买盘
1210,11:02:26,5.24,-0.01,287,150388,卖盘
1211,11:02:06,5.25,0.01,4,2100,买盘
1212,11:01:56,5.24,-0.01,25,13100,卖盘
1213,11:01:51,5.25,0.01,46,24150,买盘
1214,11:01:46,5.24,--,15,7860,卖盘
1215,11:01:36,5.24,--,15,7860,卖盘
1216,11:01:31,5.24,--,474,248376,卖盘
1217,11:01:26,5.24,--,10,5240,卖盘
1218,11:01:11,5.24,--,135,70740,卖盘
1219,11:01:06,5.24,-0.01,15,7860,卖盘
1220,11:01:01,5.25,0.01,1,525,买盘
1221,11:00:56,5.24,--,206,107944,卖盘
1222,11:00:51,5.24,-0.01,159,83316,卖盘
1223,11:00:41,5.25,--,20,10500,买盘
1224,11:00:36,5.25,--,135,70875,买盘
1225,11:00:31,5.25,--,3,1575,买盘
1226,11:00:26,5.25,0.01,719,377475,买盘
1227,11:00:16,5.24,--,50,26200,卖盘
1228,11:00:11,5.24,-0.01,10,5240,卖盘
1229,10:59:56,5.25,0.01,19,9975,买盘
1230,10:59:51,5.24,--,44,23056,卖盘
1231,10:59:46,5.24,--,189,99036,卖盘
1232,10:59:31,5.24,--,135,70740,卖盘
1233,10:59:26,5.24,-0.01,10,5240,卖盘
1234,10:59:21,5.25,0.01,1,525,买盘
1235,10:59:11,5.24,--,1,524,卖盘
1236,10:58:56,5.24,--,15,7860,卖盘
1237,10:58:51,5.24,--,29,15196,卖盘
1238,10:58:31,5.24,-0.01,50,26200,卖盘
1239,10:58:26,5.25,--,1,525,买盘
1240,10:58:21,5.25,--,1,525,买盘
1241,10:58:11,5.25,--,74,38850,买盘
1242,10:57:56,5.25,0.01,33,17325,买盘
1243,10:57:51,5.24,-0.01,29,15196,卖盘
1244,10:57:41,5.25,--,20,10500,买盘
1245,10:57:36,5.25,--,1,525,买盘
1246,10:57:26,5.25,--,1,525,买盘
1247,10:57:21,5.25,0.01,80,42000,买盘
1248,10:57:11,5.24,--,14,7336,卖盘
1249,10:56:51,5.24,-0.01,29,15196,卖盘
1250,10:56:45,5.25,--,1,525,买盘
1251,10:56:41,5.25,0.01,55,28875,买盘
1252,10:56:21,5.24,-0.01,65,34060,卖盘
1253,10:55:55,5.25,0.01,1,525,买盘
1254,10:55:51,5.24,-0.01,30,15720,卖盘
1255,10:55:36,5.25,--,28,14700,买盘
1256,10:55:25,5.25,0.01,5,2625,买盘
1257,10:55:21,5.24,--,15,7860,卖盘
1258,10:55:06,5.24,--,64,33536,卖盘
1259,10:55:00,5.24,--,80,41920,卖盘
1260,10:54:50,5.24,-0.01,29,15196,卖盘
1261,10:54:30,5.25,--,77,40425,买盘
1262,10:54:15,5.25,--,36,18900,买盘
1263,10:54:10,5.25,0.01,200,105000,买盘
1264,10:54:05,5.24,--,50,26200,卖盘
1265,10:54:00,5.24,-0.01,90,47678,卖盘
1266,10:53:55,5.25,0.01,49,25725,买盘
1267,10:53:50,5.24,--,59,30916,卖盘
1268,10:53:45,5.24,-0.01,107,56068,卖盘
1269,10:53:40,5.25,0.01,195,102375,买盘
1270,10:53:35,5.24,-0.01,2339,1225636,卖盘
1271,10:53:20,5.25,0.01,96,50400,买盘
1272,10:53:10,5.24,-0.01,20,10480,卖盘
1273,10:53:00,5.25,--,61,32025,卖盘
1274,10:52:50,5.25,0.01,39,20475,中性盘
1275,10:52:45,5.24,-0.01,482,252568,卖盘
1276,10:52:40,5.25,--,50,26250,卖盘
1277,10:52:35,5.25,-0.01,1,525,卖盘
1278,10:52:30,5.26,0.01,184,96784,买盘
1279,10:52:25,5.25,--,437,229425,卖盘
1280,10:52:20,5.25,--,592,310800,卖盘
1281,10:52:15,5.25,--,95,49875,卖盘
1282,10:52:00,5.25,--,54,28350,卖盘
1283,10:51:55,5.25,-0.01,8,4200,卖盘
1284,10:51:50,5.26,--,412,216712,买盘
1285,10:51:40,5.26,0.01,1,526,买盘
1286,10:51:35,5.25,--,166,87150,卖盘
1287,10:51:25,5.25,--,474,248850,卖盘
1288,10:51:05,5.25,--,46,24150,卖盘
1289,10:51:00,5.25,--,10,5250,卖盘
1290,10:50:55,5.25,--,1,525,卖盘
1291,10:50:50,5.25,-0.01,387,203175,卖盘
1292,10:50:35,5.26,--,20,10520,买盘
1293,10:50:30,5.26,0.01,128,67328,买盘
1294,10:50:25,5.25,--,47,24675,卖盘
1295,10:50:20,5.25,-0.01,6,3150,卖盘
1296,10:50:05,5.26,0.01,35,18410,买盘
1297,10:50:00,5.25,-0.01,3,1575,卖盘
1298,10:49:50,5.26,0.01,104,54704,买盘
1299,10:49:45,5.25,--,1,525,卖盘
1300,10:49:35,5.25,--,50,26250,卖盘
1301,10:49:20,5.25,--,10,5250,卖盘
1302,10:49:15,5.25,-0.01,10,5250,卖盘
1303,10:49:05,5.26,0.01,34,17884,买盘
1304,10:48:50,5.25,--,106,55650,卖盘
1305,10:48:45,5.25,--,20,10500,卖盘
1306,10:48:39,5.25,--,190,99750,卖盘
1307,10:48:29,5.25,--,550,288750,卖盘
1308,10:48:23,5.25,--,12,6300,卖盘
1309,10:48:19,5.25,-0.01,84,44100,卖盘
1310,10:48:15,5.26,0.01,1,526,买盘
1311,10:47:54,5.25,-0.01,30,15750,卖盘
1312,10:47:44,5.26,--,1,526,买盘
1313,10:47:34,5.26,0.01,12,6312,买盘
1314,10:47:24,5.25,-0.01,36,18900,卖盘
1315,10:47:14,5.26,0.01,5,2630,买盘
1316,10:47:08,5.25,--,2,1050,卖盘
1317,10:46:54,5.25,--,29,15225,卖盘
1318,10:46:49,5.25,--,314,164850,卖盘
1319,10:46:44,5.25,-0.01,30,15750,卖盘
1320,10:46:34,5.26,0.01,16,8416,买盘
1321,10:46:29,5.25,--,10,5250,卖盘
1322,10:46:24,5.25,--,100,52500,卖盘
1323,10:46:14,5.25,--,1,525,卖盘
1324,10:45:53,5.25,--,829,435225,卖盘
1325,10:45:44,5.25,--,86,45150,卖盘
1326,10:45:38,5.25,--,14,7355,卖盘
1327,10:45:14,5.25,-0.01,50,26250,卖盘
1328,10:45:09,5.26,0.01,1,526,买盘
1329,10:44:58,5.25,-0.01,314,164850,卖盘
1330,10:44:53,5.26,0.01,31,16306,买盘
1331,10:44:49,5.25,-0.01,40,21000,卖盘
1332,10:44:43,5.26,--,8,4208,买盘
1333,10:44:14,5.26,--,39,20514,买盘
1334,10:43:58,5.26,0.01,1,526,买盘
1335,10:43:53,5.25,--,65,34125,卖盘
1336,10:43:39,5.25,-0.01,38,19950,卖盘
1337,10:43:28,5.26,0.01,35,18410,买盘
1338,10:43:24,5.25,--,59,30975,卖盘
1339,10:43:19,5.25,-0.01,314,164850,卖盘
1340,10:43:09,5.26,0.01,155,81530,买盘
1341,10:43:03,5.25,-0.01,27,14175,卖盘
1342,10:42:53,5.26,--,51,26826,买盘
1343,10:42:38,5.26,0.01,194,102044,买盘
1344,10:42:34,5.25,--,20,10500,卖盘
1345,10:42:29,5.25,--,3,1575,卖盘
1346,10:42:19,5.25,--,21,11025,卖盘
1347,10:42:08,5.25,--,100,52500,卖盘
1348,10:42:04,5.25,-0.01,1417,744009,卖盘
1349,10:41:54,5.26,0.01,64,33664,买盘
1350,10:41:44,5.25,0.01,2313,1214325,买盘
1351,10:41:38,5.24,-0.01,59,30916,卖盘
1352,10:41:28,5.25,--,1,525,买盘
1353,10:41:24,5.25,--,20,10500,买盘
1354,10:41:08,5.25,--,10,5250,买盘
1355,10:40:58,5.25,0.01,82,43050,买盘
1356,10:40:53,5.24,--,29,15196,卖盘
1357,10:40:43,5.24,-0.01,165,86460,卖盘
1358,10:40:38,5.25,0.01,1,525,买盘
1359,10:40:28,5.24,--,474,248376,卖盘
1360,10:40:23,5.24,--,15,7860,卖盘
1361,10:40:17,5.24,--,245,128380,卖盘
1362,10:39:52,5.24,-0.01,39,20436,卖盘
1363,10:39:47,5.25,--,20,10500,买盘
1364,10:39:43,5.25,0.01,21,11025,买盘
1365,10:39:37,5.24,--,100,52400,卖盘
1366,10:39:28,5.24,--,44,23056,卖盘
1367,10:39:07,5.24,-0.01,6,3144,卖盘
1368,10:39:02,5.25,--,50,26250,买盘
1369,10:38:52,5.25,--,30,15750,买盘
1370,10:38:47,5.25,0.01,31,16275,买盘
1371,10:38:37,5.24,--,15,7860,卖盘
1372,10:38:22,5.24,--,266,139384,卖盘
1373,10:38:17,5.24,-0.01,23,12052,卖盘
1374,10:38:02,5.25,0.01,3,1575,买盘
1375,10:37:58,5.24,--,50,26200,卖盘
1376,10:37:52,5.24,-0.01,30,15720,卖盘
1377,10:37:47,5.25,--,5,2625,买盘
1378,10:37:43,5.25,--,5,2625,买盘
1379,10:37:32,5.25,--,3,1575,买盘
1380,10:37:17,5.25,--,3,1575,买盘
1381,10:37:13,5.25,0.01,2,1050,买盘
1382,10:36:52,5.24,-0.01,29,15196,卖盘
1383,10:36:43,5.25,--,681,357966,卖盘
1384,10:36:37,5.25,--,203,106575,卖盘
1385,10:36:28,5.25,-0.01,30,15750,卖盘
1386,10:36:22,5.26,0.01,1,526,买盘
1387,10:36:13,5.25,--,2,1050,卖盘
1388,10:36:07,5.25,-0.01,155,81459,卖盘
1389,10:35:58,5.26,0.01,380,199880,买盘
1390,10:35:52,5.25,-0.01,3137,1646925,卖盘
1391,10:35:47,5.26,--,108,56808,买盘
1392,10:35:32,5.26,--,19,9994,买盘
1393,10:35:22,5.26,0.01,108,56808,买盘
1394,10:35:17,5.25,--,124,65100,卖盘
1395,10:35:12,5.25,--,107,56175,卖盘
1396,10:35:07,5.25,--,25,13125,卖盘
1397,10:35:02,5.25,--,15,7875,卖盘
1398,10:34:52,5.25,--,129,67725,卖盘
1399,10:34:47,5.25,-0.01,4,2100,卖盘
1400,10:34:37,5.26,0.01,21,11046,买盘
1401,10:34:33,5.25,--,2,1050,卖盘
1402,10:34:17,5.25,--,62,32550,卖盘
1403,10:34:12,5.25,-0.01,1,525,卖盘
1404,10:33:52,5.26,--,35,18410,买盘
1405,10:33:47,5.26,0.01,1,526,买盘
1406,10:33:32,5.25,-0.01,100,52500,卖盘
1407,10:33:17,5.26,0.01,16,8416,买盘
1408,10:33:12,5.25,--,233,122325,卖盘
1409,10:33:07,5.25,-0.01,251,131775,卖盘
1410,10:32:57,5.26,0.01,31,16306,买盘
1411,10:32:52,5.25,--,29,15225,卖盘
1412,10:32:47,5.25,-0.01,25,13125,卖盘
1413,10:32:37,5.26,0.01,6,3156,买盘
1414,10:32:32,5.25,--,3,1575,卖盘
1415,10:32:27,5.25,--,30,15750,卖盘
1416,10:32:22,5.25,-0.01,1020,535500,卖盘
1417,10:32:07,5.26,--,17,8942,买盘
1418,10:32:01,5.26,0.01,44,23144,买盘
1419,10:31:56,5.25,--,107,56175,卖盘
1420,10:31:52,5.25,--,29,15225,卖盘
1421,10:31:46,5.25,--,107,56175,卖盘
1422,10:31:37,5.25,--,117,61425,卖盘
1423,10:31:31,5.25,-0.01,116,60900,卖盘
1424,10:31:22,5.26,0.01,10,5260,买盘
1425,10:31:16,5.25,--,11,5775,卖盘
1426,10:31:11,5.25,-0.01,264,138600,卖盘
1427,10:30:56,5.26,0.01,32,16832,买盘
1428,10:30:52,5.25,--,30,15750,卖盘
1429,10:30:41,5.25,--,172,90300,卖盘
1430,10:30:37,5.25,--,29,15225,卖盘
1431,10:30:31,5.25,-0.01,124,65100,卖盘
1432,10:30:26,5.26,0.01,4,2104,买盘
1433,10:30:22,5.25,-0.01,107,56175,卖盘
1434,10:30:16,5.26,0.01,380,199880,买盘
1435,10:30:07,5.25,--,26,13650,卖盘
1436,10:30:01,5.25,--,124,65100,卖盘
1437,10:29:52,5.25,--,29,15225,卖盘
1438,10:29:46,5.25,-0.01,107,56175,卖盘
1439,10:29:31,5.26,0.01,1,526,买盘
1440,10:29:26,5.25,--,107,56175,卖盘
1441,10:29:22,5.25,--,118,61950,卖盘
1442,10:29:16,5.25,-0.01,10,5250,卖盘
1443,10:29:11,5.26,0.01,21,11046,买盘
1444,10:29:07,5.25,--,3,1575,卖盘
1445,10:28:52,5.25,--,53,27825,卖盘
1446,10:28:46,5.25,-0.01,24,12600,卖盘
1447,10:28:41,5.26,--,1,526,买盘
1448,10:28:37,5.26,--,10,5260,买盘
1449,10:28:31,5.26,--,4,2104,买盘
1450,10:28:26,5.26,--,1,526,买盘
1451,10:28:16,5.26,0.01,78,41028,买盘
1452,10:28:01,5.25,--,107,56175,卖盘
1453,10:27:56,5.25,-0.01,30,15750,卖盘
1454,10:27:52,5.26,--,30,15780,买盘
1455,10:27:46,5.26,--,527,277202,买盘
1456,10:27:26,5.26,0.01,226,118876,买盘
1457,10:27:22,5.25,-0.01,107,56175,卖盘
1458,10:27:16,5.26,0.01,1,526,买盘
1459,10:27:11,5.25,--,50,26250,卖盘
1460,10:27:06,5.25,-0.01,15,7875,卖盘
1461,10:27:01,5.26,0.01,2,1052,买盘
1462,10:26:51,5.25,--,31,16275,卖盘
1463,10:26:41,5.25,-0.01,474,248850,卖盘
1464,10:26:26,5.26,--,1,526,买盘
1465,10:26:16,5.26,--,225,118350,买盘
1466,10:26:11,5.26,--,1,526,买盘
1467,10:25:56,5.26,0.01,41,21566,买盘
1468,10:25:51,5.25,--,29,15225,卖盘
1469,10:25:46,5.25,-0.01,120,63000,卖盘
1470,10:25:41,5.26,0.01,682,358732,买盘
1471,10:25:31,5.25,-0.01,2000,1050000,卖盘
1472,10:25:26,5.26,--,90,47340,买盘
1473,10:25:16,5.26,--,11,5786,买盘
1474,10:25:10,5.26,0.01,118,62068,买盘
1475,10:25:01,5.25,--,50,26250,卖盘
1476,10:24:55,5.25,--,100,52500,卖盘
1477,10:24:51,5.25,--,29,15225,卖盘
1478,10:24:36,5.25,-0.01,5,2625,卖盘
1479,10:24:25,5.26,0.01,73,38398,买盘
1480,10:24:16,5.25,-0.01,500,262500,卖盘
1481,10:24:10,5.26,0.01,5,2630,买盘
1482,10:23:50,5.25,--,30,15750,卖盘
1483,10:23:46,5.25,--,300,157500,卖盘
1484,10:23:40,5.25,-0.01,106,55650,卖盘
1485,10:23:35,5.26,0.01,1,526,买盘
1486,10:23:31,5.25,--,15,7875,卖盘
1487,10:23:25,5.25,--,243,127575,卖盘
1488,10:23:16,5.25,--,500,262500,卖盘
1489,10:22:55,5.25,--,10,5250,卖盘
1490,10:22:50,5.25,-0.01,29,15225,卖盘
1491,10:22:46,5.26,0.01,1,526,买盘
1492,10:22:40,5.25,--,34,17850,卖盘
1493,10:22:16,5.25,-0.01,500,262500,卖盘
1494,10:21:55,5.26,0.01,3,1578,买盘
1495,10:21:50,5.25,--,44,23100,卖盘
1496,10:21:35,5.25,-0.01,500,262500,卖盘
1497,10:21:20,5.26,--,2,1052,买盘
1498,10:21:05,5.26,0.01,286,150436,买盘
1499,10:21:01,5.25,--,100,52500,卖盘
1500,10:20:55,5.25,--,52,27300,卖盘
1501,10:20:50,5.25,-0.01,529,277725,卖盘
1502,10:20:40,5.26,0.01,17,8942,买盘
1503,10:20:31,5.25,-0.01,1,525,卖盘
1504,10:20:10,5.26,0.01,211,110986,买盘
1505,10:20:05,5.25,--,14,7350,卖盘
1506,10:19:55,5.25,--,476,249900,卖盘
1507,10:19:50,5.25,--,30,15750,卖盘
1508,10:19:46,5.25,--,4,2100,卖盘
1509,10:19:40,5.25,--,376,197400,卖盘
1510,10:19:35,5.25,--,705,370125,买盘
1511,10:19:25,5.25,--,150,78750,买盘
1512,10:19:20,5.25,--,1,525,买盘
1513,10:19:15,5.25,0.01,10,5250,买盘
1514,10:19:10,5.24,-0.01,163,85412,卖盘
1515,10:19:05,5.25,0.01,34,17850,卖盘
1516,10:19:00,5.24,-0.01,170,89080,卖盘
1517,10:18:55,5.25,--,1,525,卖盘
1518,10:18:50,5.25,--,579,303975,卖盘
1519,10:18:45,5.25,--,1,525,卖盘
1520,10:18:40,5.25,--,2,1050,卖盘
1521,10:18:35,5.25,-0.01,286,150150,卖盘
1522,10:18:30,5.26,0.01,177,93102,买盘
1523,10:18:20,5.25,--,201,105525,卖盘
1524,10:18:10,5.25,-0.01,634,332850,卖盘
1525,10:18:00,5.26,0.01,434,228284,买盘
1526,10:17:55,5.25,--,333,174825,卖盘
1527,10:17:49,5.25,--,280,147000,卖盘
1528,10:17:40,5.25,--,348,182700,卖盘
1529,10:17:34,5.25,--,52,27300,卖盘
1530,10:17:25,5.25,--,15,7875,卖盘
1531,10:17:19,5.25,--,107,56175,卖盘
1532,10:17:10,5.25,--,107,56175,卖盘
1533,10:17:04,5.25,--,24,12600,卖盘
1534,10:16:55,5.25,--,7,3675,卖盘
1535,10:16:49,5.25,--,33,17325,卖盘
1536,10:16:40,5.25,--,500,262500,卖盘
1537,10:16:34,5.25,--,35,18375,卖盘
1538,10:16:25,5.25,-0.01,283,148575,卖盘
1539,10:16:04,5.26,0.01,819,431277,买盘
1540,10:15:59,5.25,-0.01,31,16275,卖盘
1541,10:15:55,5.26,0.01,426,224076,买盘
1542,10:15:49,5.25,--,294,154743,卖盘
1543,10:15:40,5.25,--,1068,560700,卖盘
1544,10:15:34,5.25,--,189,99225,卖盘
1545,10:15:19,5.25,--,171,89775,卖盘
1546,10:15:14,5.25,--,307,161175,卖盘
1547,10:15:10,5.25,--,1745,916125,卖盘
1548,10:15:04,5.25,--,460,241500,卖盘
1549,10:14:59,5.25,--,171,89775,卖盘
1550,10:14:49,5.25,--,29,15225,卖盘
1551,10:14:44,5.25,-0.01,974,511350,卖盘
1552,10:14:34,5.26,--,194,102044,买盘
1553,10:14:29,5.26,--,108,56808,买盘
1554,10:14:19,5.26,0.01,1,526,买盘
1555,10:14:14,5.25,-0.01,1,525,卖盘
1556,10:14:09,5.26,0.01,5,2630,买盘
1557,10:13:54,5.25,-0.01,100,52500,卖盘
1558,10:13:49,5.26,0.01,54,28404,买盘
1559,10:13:44,5.25,-0.01,10,5250,卖盘
1560,10:13:34,5.26,0.01,1062,558612,买盘
1561,10:13:29,5.25,--,1499,786975,卖盘
1562,10:13:19,5.25,--,106,55650,卖盘
1563,10:13:04,5.25,--,55,28875,卖盘
1564,10:12:59,5.25,--,115,60375,卖盘
1565,10:12:44,5.25,--,166,87150,卖盘
1566,10:12:39,5.25,--,100,52500,卖盘
1567,10:12:34,5.25,-0.01,11,5775,卖盘
1568,10:12:29,5.26,0.01,55,28930,买盘
1569,10:12:14,5.25,-0.01,22,11550,卖盘
1570,10:12:04,5.26,--,1,526,买盘
1571,10:11:44,5.26,0.01,1,526,买盘
1572,10:11:29,5.25,--,231,121275,卖盘
1573,10:11:24,5.25,-0.01,19,9975,卖盘
1574,10:11:04,5.26,0.01,82,43132,买盘
1575,10:10:58,5.25,--,10,5250,卖盘
1576,10:10:54,5.25,-0.01,6,3150,卖盘
1577,10:10:49,5.26,0.01,877,461302,买盘
1578,10:10:43,5.25,--,312,163800,卖盘
1579,10:10:39,5.25,-0.01,10,5250,卖盘
1580,10:10:34,5.26,--,4,2104,买盘
1581,10:10:28,5.26,0.01,951,500226,买盘
1582,10:10:24,5.25,--,122,64050,卖盘
1583,10:10:19,5.25,--,246,129150,卖盘
1584,10:10:13,5.25,--,10,5250,卖盘
1585,10:10:04,5.25,--,261,137025,卖盘
1586,10:09:58,5.25,--,100,52500,卖盘
1587,10:09:39,5.25,-0.01,45,23625,卖盘
1588,10:09:34,5.26,0.01,260,136760,买盘
1589,10:09:28,5.25,--,21,11025,卖盘
1590,10:09:24,5.25,--,9,4725,卖盘
1591,10:09:19,5.25,-0.01,139,72975,卖盘
1592,10:09:13,5.26,0.01,202,106252,买盘
1593,10:09:04,5.25,--,568,298200,卖盘
1594,10:08:58,5.25,--,78,40950,卖盘
1595,10:08:53,5.25,--,49,25725,卖盘
1596,10:08:43,5.25,--,137,71925,卖盘
1597,10:08:34,5.25,-0.01,1,525,卖盘
1598,10:08:28,5.26,--,39,20514,买盘
1599,10:08:23,5.26,--,1,526,买盘
1600,10:08:19,5.26,--,17,8942,买盘
1601,10:08:13,5.26,0.01,226,118876,买盘
1602,10:08:04,5.25,-0.01,374,196350,卖盘
1603,10:07:58,5.26,0.01,108,56808,买盘
1604,10:07:53,5.25,--,10,5250,卖盘
1605,10:07:48,5.25,-0.01,104,54600,卖盘
1606,10:07:43,5.26,--,45,23670,买盘
1607,10:07:38,5.26,--,1,526,买盘
1608,10:07:34,5.26,--,134,70484,买盘
1609,10:07:28,5.26,0.01,594,312444,买盘
1610,10:07:23,5.25,--,240,126262,卖盘
1611,10:07:13,5.25,-0.01,100,52500,卖盘
1612,10:07:08,5.26,--,44,23144,买盘
1613,10:07:03,5.26,0.01,7,3682,买盘
1614,10:06:48,5.25,--,6,3150,卖盘
1615,10:06:43,5.25,-0.01,15,7875,卖盘
1616,10:06:38,5.26,0.01,1,526,买盘
1617,10:06:33,5.25,--,65,34125,卖盘
1618,10:06:28,5.25,--,404,212100,卖盘
1619,10:06:18,5.25,--,47,24675,卖盘
1620,10:06:08,5.25,--,249,130725,卖盘
1621,10:05:58,5.25,--,11,5775,卖盘
1622,10:05:53,5.25,--,162,85050,卖盘
1623,10:05:48,5.25,-0.01,2,1050,卖盘
1624,10:05:38,5.26,0.01,5,2630,买盘
1625,10:05:28,5.25,--,586,307650,卖盘
1626,10:05:18,5.25,--,162,85050,卖盘
1627,10:05:13,5.25,--,474,248850,卖盘
1628,10:05:08,5.25,-0.01,1,525,卖盘
1629,10:04:58,5.26,0.01,1,526,买盘
1630,10:04:43,5.25,--,162,85050,卖盘
1631,10:04:33,5.25,--,3,1575,卖盘
1632,10:04:28,5.25,--,116,60900,卖盘
1633,10:04:18,5.25,-0.01,233,122325,卖盘
1634,10:04:13,5.26,--,5,2630,买盘
1635,10:04:07,5.26,0.01,11,5786,买盘
1636,10:03:58,5.25,-0.01,738,387450,卖盘
1637,10:03:48,5.26,--,19,9994,买盘
1638,10:03:43,5.26,--,69,36294,买盘
1639,10:03:38,5.26,0.01,130,68380,买盘
1640,10:03:28,5.25,--,100,52500,卖盘
1641,10:03:22,5.25,--,20,10500,卖盘
1642,10:03:18,5.25,--,1,525,卖盘
1643,10:03:13,5.25,-0.01,101,53025,卖盘
1644,10:03:07,5.26,0.01,131,69426,买盘
1645,10:02:58,5.25,-0.01,231,121275,卖盘
1646,10:02:52,5.26,--,10,5260,买盘
1647,10:02:48,5.26,0.01,17,8942,买盘
1648,10:02:43,5.25,--,789,414225,卖盘
1649,10:02:28,5.25,-0.01,55,28875,卖盘
1650,10:02:22,5.26,0.01,19,9994,买盘
1651,10:02:13,5.25,--,67,35175,卖盘
1652,10:02:07,5.25,-0.01,5,2625,卖盘
1653,10:01:52,5.26,0.01,8,4208,买盘
1654,10:01:48,5.25,--,3,1575,卖盘
1655,10:01:43,5.25,--,5,2625,卖盘
1656,10:01:37,5.25,-0.01,331,173775,卖盘
1657,10:01:33,5.26,0.01,1,526,买盘
1658,10:01:28,5.25,-0.01,20,10500,卖盘
1659,10:01:22,5.26,0.01,5,2630,买盘
1660,10:01:18,5.25,-0.01,241,126525,卖盘
1661,10:01:13,5.26,--,1,526,买盘
1662,10:01:02,5.26,0.01,21,11046,买盘
1663,10:00:58,5.25,-0.01,1,525,卖盘
1664,10:00:52,5.26,--,137,72062,买盘
1665,10:00:47,5.26,0.01,10,5260,买盘
1666,10:00:43,5.25,--,57,29925,卖盘
1667,10:00:28,5.25,-0.01,20,10500,卖盘
1668,10:00:07,5.26,0.01,56,29456,买盘
1669,09:59:57,5.25,-0.01,10,5250,卖盘
1670,09:59:52,5.26,0.01,494,259844,买盘
1671,09:59:43,5.25,--,80,42000,卖盘
1672,09:59:37,5.25,--,381,200025,卖盘
1673,09:59:32,5.25,--,231,121275,卖盘
1674,09:59:17,5.25,-0.01,64,33600,卖盘
1675,09:59:12,5.26,--,3,1578,买盘
1676,09:59:07,5.26,--,15,7890,买盘
1677,09:59:02,5.26,--,19,9994,买盘
1678,09:58:57,5.26,0.01,210,110460,买盘
1679,09:58:52,5.25,-0.01,1,525,卖盘
1680,09:58:47,5.26,--,107,56282,买盘
1681,09:58:37,5.26,--,719,378194,买盘
1682,09:58:32,5.26,--,39,20514,买盘
1683,09:58:27,5.26,--,24,12624,买盘
1684,09:58:22,5.26,--,623,327698,买盘
1685,09:58:17,5.26,--,40,21040,买盘
1686,09:58:12,5.26,--,18,9468,买盘
1687,09:58:07,5.26,0.01,129,67854,买盘
1688,09:58:02,5.25,-0.01,20,10500,卖盘
1689,09:57:47,5.26,--,529,278254,买盘
1690,09:57:37,5.26,0.01,489,257214,买盘
1691,09:57:32,5.25,-0.01,409,214725,卖盘
1692,09:57:27,5.26,0.01,514,270364,买盘
1693,09:57:22,5.25,-0.01,13,6825,卖盘
1694,09:57:17,5.26,--,11,5786,买盘
1695,09:57:07,5.26,--,20,10520,买盘
1696,09:57:01,5.26,--,100,52600,买盘
1697,09:56:57,5.26,0.01,54,28404,买盘
1698,09:56:52,5.25,--,834,437850,卖盘
1699,09:56:46,5.25,-0.01,21,11025,卖盘
1700,09:56:42,5.26,0.01,1226,644876,买盘
1701,09:56:37,5.25,--,21,11025,卖盘
1702,09:56:31,5.25,--,52,27300,卖盘
1703,09:56:27,5.25,-0.01,118,61950,卖盘
1704,09:56:22,5.26,0.01,100,52600,买盘
1705,09:56:16,5.25,--,1,525,卖盘
1706,09:56:01,5.25,--,10,5250,卖盘
1707,09:55:57,5.25,--,1,525,卖盘
1708,09:55:46,5.25,-0.01,84,44100,卖盘
1709,09:55:37,5.26,0.01,354,186204,买盘
1710,09:55:31,5.25,-0.01,392,205800,卖盘
1711,09:55:27,5.26,--,10,5260,买盘
1712,09:55:22,5.26,0.01,59,31034,买盘
1713,09:55:16,5.25,-0.01,1,525,卖盘
1714,09:55:01,5.26,0.01,296,155696,买盘
1715,09:54:52,5.25,--,15,7875,卖盘
1716,09:54:46,5.25,-0.01,51,26775,卖盘
1717,09:54:42,5.26,--,62,32612,买盘
1718,09:54:31,5.26,--,159,83634,买盘
1719,09:54:22,5.26,--,459,241434,买盘
1720,09:54:16,5.26,0.01,10,5260,买盘
1721,09:54:12,5.25,--,731,383775,卖盘
1722,09:54:07,5.25,--,70,36750,卖盘
1723,09:54:01,5.25,-0.01,226,118650,卖盘
1724,09:53:52,5.26,--,413,217238,买盘
1725,09:53:42,5.26,--,6,3156,买盘
1726,09:53:37,5.26,0.01,501,263526,买盘
1727,09:53:31,5.25,-0.01,30,15750,卖盘
1728,09:53:27,5.26,0.01,20,10520,买盘
1729,09:53:22,5.25,--,111,58275,卖盘
1730,09:53:16,5.25,--,22,11550,卖盘
1731,09:53:12,5.25,--,128,67200,卖盘
1732,09:53:07,5.25,-0.01,16,8400,卖盘
1733,09:53:01,5.26,--,89,46814,买盘
1734,09:52:52,5.26,--,22,11572,买盘
1735,09:52:46,5.26,0.01,296,155696,买盘
1736,09:52:42,5.25,--,297,155925,卖盘
1737,09:52:36,5.25,-0.01,168,88200,卖盘
1738,09:52:31,5.26,--,2,1052,买盘
1739,09:52:22,5.26,0.01,10,5260,买盘
1740,09:52:11,5.25,-0.01,34,17850,卖盘
1741,09:52:06,5.26,--,120,63120,买盘
1742,09:52:01,5.26,--,53,27878,买盘
1743,09:51:56,5.26,--,5,2630,买盘
1744,09:51:46,5.26,--,391,205666,买盘
1745,09:51:41,5.26,--,50,26300,买盘
1746,09:51:36,5.26,--,96,50496,买盘
1747,09:51:31,5.26,0.01,160,84160,买盘
1748,09:51:26,5.25,-0.01,885,464625,卖盘
1749,09:51:21,5.26,--,73,38398,买盘
1750,09:51:16,5.26,--,214,112564,买盘
1751,09:51:11,5.26,--,1095,575970,买盘
1752,09:51:06,5.26,--,191,100466,买盘
1753,09:50:56,5.26,--,419,220394,买盘
1754,09:50:51,5.26,--,1108,582808,买盘
1755,09:50:46,5.26,--,169,88894,买盘
1756,09:50:41,5.26,0.01,241,126766,买盘
1757,09:50:36,5.25,--,892,468405,买盘
1758,09:50:31,5.25,--,2006,1053150,买盘
1759,09:50:26,5.25,0.01,20,10500,买盘
1760,09:50:16,5.24,-0.01,20,10480,卖盘
1761,09:50:11,5.25,--,75,39375,买盘
1762,09:50:06,5.25,--,60,31500,买盘
1763,09:50:01,5.25,0.01,264,138600,买盘
1764,09:49:55,5.24,--,189,99036,卖盘
1765,09:49:51,5.24,-0.01,231,121044,卖盘
1766,09:49:46,5.25,--,136,71400,买盘
1767,09:49:40,5.25,--,61,32025,买盘
1768,09:49:36,5.25,--,220,115500,买盘
1769,09:49:31,5.25,--,2188,1148700,买盘
1770,09:49:21,5.25,0.01,1,525,买盘
1771,09:49:16,5.24,-0.01,11,5764,卖盘
1772,09:49:10,5.25,0.01,136,71400,买盘
1773,09:49:01,5.24,--,765,400860,卖盘
1774,09:48:55,5.24,-0.01,1040,544960,卖盘
1775,09:48:51,5.25,0.01,17,8925,买盘
1776,09:48:46,5.24,--,231,121044,卖盘
1777,09:48:40,5.24,--,70,36680,卖盘
1778,09:48:31,5.24,--,230,120520,卖盘
1779,09:48:25,5.24,-0.01,351,183924,卖盘
1780,09:48:21,5.25,0.01,1,525,买盘
1781,09:48:16,5.24,--,293,153532,卖盘
1782,09:48:10,5.24,--,133,69692,卖盘
1783,09:48:01,5.24,--,211,110564,卖盘
1784,09:47:55,5.24,--,1079,565396,卖盘
1785,09:47:51,5.24,--,57,29868,卖盘
1786,09:47:46,5.24,-0.01,173,90652,卖盘
1787,09:47:40,5.25,0.01,372,195300,买盘
1788,09:47:35,5.24,--,68,35632,卖盘
1789,09:47:31,5.24,--,672,352128,卖盘
1790,09:47:25,5.24,-0.01,74,38776,卖盘
1791,09:47:21,5.25,--,57,29925,买盘
1792,09:47:16,5.25,0.01,64,33600,买盘
1793,09:47:10,5.24,-0.01,20,10480,卖盘
1794,09:47:06,5.25,0.01,86,45150,买盘
1795,09:47:01,5.24,--,5,2620,卖盘
1796,09:46:55,5.24,--,31,16244,卖盘
1797,09:46:45,5.24,-0.01,60,31440,卖盘
1798,09:46:36,5.25,--,14,7350,买盘
1799,09:46:30,5.25,--,1,525,买盘
1800,09:46:25,5.25,--,12,6300,买盘
1801,09:46:21,5.25,--,7,3675,买盘
1802,09:46:15,5.25,--,1,525,买盘
1803,09:46:10,5.25,--,1,525,买盘
1804,09:46:06,5.25,0.01,14,7350,买盘
1805,09:46:00,5.24,-0.01,261,136764,卖盘
1806,09:45:55,5.25,--,23,12075,买盘
1807,09:45:35,5.25,--,1809,950145,卖盘
1808,09:45:30,5.25,-0.01,90,47250,卖盘
1809,09:45:25,5.26,0.01,1,526,买盘
1810,09:45:20,5.25,--,1280,672000,卖盘
1811,09:45:15,5.25,-0.01,5,2625,卖盘
1812,09:45:05,5.26,0.01,20,10520,买盘
1813,09:45:00,5.25,-0.01,160,84000,卖盘
1814,09:44:55,5.26,0.01,154,81004,买盘
1815,09:44:50,5.25,--,34,17850,卖盘
1816,09:44:45,5.25,--,5,2625,卖盘
1817,09:44:40,5.25,-0.01,116,60900,卖盘
1818,09:44:35,5.26,0.01,354,186204,买盘
1819,09:44:30,5.25,--,83,43575,卖盘
1820,09:44:25,5.25,-0.01,323,169575,卖盘
1821,09:44:20,5.26,0.01,22,11572,买盘
1822,09:44:15,5.25,--,166,87150,卖盘
1823,09:44:10,5.25,--,39,20475,卖盘
1824,09:44:05,5.25,-0.01,120,63000,卖盘
1825,09:44:00,5.26,0.01,3,1578,买盘
1826,09:43:45,5.25,--,258,135450,卖盘
1827,09:43:40,5.25,-0.01,149,78225,卖盘
1828,09:43:35,5.26,--,22,11572,买盘
1829,09:43:30,5.26,0.01,36,18936,买盘
1830,09:43:25,5.25,-0.01,47,24675,卖盘
1831,09:43:20,5.26,0.01,75,39450,买盘
1832,09:43:10,5.25,-0.01,5,2625,卖盘
1833,09:42:50,5.26,--,1,526,买盘
1834,09:42:40,5.26,--,218,114668,买盘
1835,09:42:34,5.26,0.01,80,42080,买盘
1836,09:42:30,5.25,--,243,127680,卖盘
1837,09:42:19,5.25,--,9,4725,卖盘
1838,09:42:04,5.25,-0.01,8,4200,卖盘
1839,09:42:00,5.26,0.01,1,526,买盘
1840,09:41:49,5.25,--,250,131250,卖盘
1841,09:41:40,5.25,--,411,215775,买盘
1842,09:41:34,5.25,--,119,62475,买盘
1843,09:41:30,5.25,--,21,11025,买盘
1844,09:41:25,5.25,--,43,22575,买盘
1845,09:41:19,5.25,0.01,124,65100,买盘
1846,09:41:14,5.24,-0.01,123,64452,卖盘
1847,09:41:10,5.25,0.01,12,6300,买盘
1848,09:41:00,5.24,-0.01,19,9956,卖盘
1849,09:40:55,5.25,--,30,15750,买盘
1850,09:40:49,5.25,0.01,52,27300,买盘
1851,09:40:44,5.24,--,18,9432,卖盘
1852,09:40:40,5.24,--,120,62880,卖盘
1853,09:40:24,5.24,-0.01,372,194928,卖盘
1854,09:40:19,5.25,--,163,85575,卖盘
1855,09:40:14,5.25,--,214,112350,卖盘
1856,09:40:04,5.25,--,203,106575,买盘
1857,09:39:59,5.25,0.01,25,13125,买盘
1858,09:39:54,5.24,-0.01,392,205408,卖盘
1859,09:39:49,5.25,-0.01,2,1050,买盘
1860,09:39:39,5.26,0.01,1336,702736,买盘
1861,09:39:34,5.25,--,715,375375,卖盘
1862,09:39:24,5.25,0.01,113,59325,买盘
1863,09:39:14,5.24,--,0,0,卖盘
1864,09:39:09,5.24,--,505,264620,卖盘
1865,09:39:04,5.24,-0.01,157,82268,卖盘
1866,09:38:59,5.25,0.01,4,2100,买盘
1867,09:38:54,5.24,--,127,66548,卖盘
1868,09:38:44,5.24,--,294,154056,卖盘
1869,09:38:39,5.24,-0.01,318,166632,卖盘
1870,09:38:34,5.25,0.01,173,90825,卖盘
1871,09:38:29,5.24,--,10,5240,卖盘
1872,09:38:19,5.24,-0.01,182,95368,卖盘
1873,09:38:09,5.25,--,2405,1262934,卖盘
1874,09:38:04,5.25,0.01,36,18900,中性盘
1875,09:37:59,5.24,--,54,28296,卖盘
1876,09:37:54,5.24,--,0,0,卖盘
1877,09:37:44,5.24,--,554,290296,卖盘
1878,09:37:39,5.24,-0.01,22,11528,卖盘
1879,09:37:34,5.25,0.01,471,247275,买盘
1880,09:37:29,5.24,-0.01,54,28296,卖盘
1881,09:37:24,5.25,--,22,11550,卖盘
1882,09:37:19,5.25,--,30,15750,卖盘
1883,09:37:14,5.25,--,563,295575,卖盘
1884,09:37:09,5.25,0.01,1891,992775,买盘
1885,09:37:04,5.24,-0.01,100,52400,卖盘
1886,09:36:54,5.25,--,6,3150,买盘
1887,09:36:49,5.25,0.01,7,3675,买盘
1888,09:36:44,5.24,-0.01,21,11004,卖盘
1889,09:36:39,5.25,--,520,273000,买盘
1890,09:36:34,5.25,--,27,14175,买盘
1891,09:36:28,5.25,--,19,9975,买盘
1892,09:36:13,5.25,0.01,510,267750,买盘
1893,09:36:04,5.24,-0.01,26,13624,卖盘
1894,09:35:58,5.25,--,14,7350,买盘
1895,09:35:49,5.25,--,459,240975,买盘
1896,09:35:43,5.25,--,604,317100,买盘
1897,09:35:39,5.25,--,51,26775,买盘
1898,09:35:34,5.25,--,1,525,买盘
1899,09:35:28,5.25,--,9,4725,买盘
1900,09:35:24,5.25,--,1,525,买盘
1901,09:35:19,5.25,0.01,813,426825,买盘
1902,09:35:13,5.24,-0.01,11,5764,卖盘
1903,09:35:09,5.25,--,500,262500,买盘
1904,09:35:04,5.25,--,11,5775,买盘
1905,09:34:58,5.25,--,614,322350,买盘
1906,09:34:49,5.25,0.01,79,41475,买盘
1907,09:34:43,5.24,-0.01,3248,1701952,卖盘
1908,09:34:39,5.25,--,20,10500,买盘
1909,09:34:34,5.25,--,1,525,买盘
1910,09:34:19,5.25,0.01,1,525,买盘
1911,09:34:13,5.24,--,520,272480,卖盘
1912,09:34:09,5.24,--,11,5764,卖盘
1913,09:34:03,5.24,-0.01,1,524,卖盘
1914,09:33:58,5.25,--,45,23625,买盘
1915,09:33:54,5.25,0.01,15,7875,买盘
1916,09:33:48,5.24,-0.01,100,52400,卖盘
1917,09:33:43,5.25,--,500,262500,买盘
1918,09:33:33,5.25,--,103,54075,买盘
1919,09:33:28,5.25,--,1,525,买盘
1920,09:33:23,5.25,--,5,2625,买盘
1921,09:33:18,5.25,--,380,199500,买盘
1922,09:33:13,5.25,0.01,754,395850,买盘
1923,09:33:08,5.24,--,964,505136,卖盘
1924,09:33:03,5.24,--,502,263048,卖盘
1925,09:32:58,5.24,--,35,18340,卖盘
1926,09:32:48,5.24,--,28,14672,卖盘
1927,09:32:43,5.24,-0.01,193,101132,卖盘
1928,09:32:38,5.25,0.01,501,263025,买盘
1929,09:32:28,5.24,--,358,187592,卖盘
1930,09:32:23,5.24,-0.01,56,29344,卖盘
1931,09:32:13,5.25,0.01,500,262500,买盘
1932,09:32:08,5.24,--,4,2096,卖盘
1933,09:32:03,5.24,--,1,524,卖盘
1934,09:31:58,5.24,--,42,22008,卖盘
1935,09:31:53,5.24,-0.01,1,524,卖盘
1936,09:31:48,5.25,0.01,1,525,买盘
1937,09:31:38,5.24,--,508,266192,卖盘
1938,09:31:33,5.24,--,108,56592,卖盘
1939,09:31:28,5.24,--,84,44016,卖盘
1940,09:31:23,5.24,--,48,25152,卖盘
1941,09:31:18,5.24,--,80,41920,买盘
1942,09:31:08,5.24,--,29,15196,买盘
1943,09:31:03,5.24,--,10,5240,买盘
1944,09:30:58,5.24,0.01,11,5764,买盘
1945,09:30:52,5.23,--,30,15690,卖盘
1946,09:30:48,5.23,--,1,523,卖盘
1947,09:30:43,5.23,-0.01,2029,1061167,卖盘
1948,09:30:37,5.24,0.01,989,518236,买盘
1949,09:30:33,5.23,-0.01,574,300202,卖盘
1950,09:30:28,5.24,0.01,5,2620,买盘
1951,09:30:22,5.23,--,217,113491,卖盘
1952,09:30:18,5.23,-0.01,53,27719,卖盘
1953,09:30:13,5.24,--,526,275624,买盘
1954,09:30:07,5.24,--,451,236324,买盘
1955,09:30:03,5.24,--,24,12576,买盘
1956,09:28:52,5.24,--,0,0,买盘
1957,09:25:04,5.24,5.24,1541,807484,买盘
