,time,price,change,volume,amount,type
0,15:00:03,42.7,-0.02,840,3586970,卖盘
1,14:57:00,42.72,--,39,166608,买盘
2,14:56:57,42.72,-0.04,1,4272,买盘
3,14:56:51,42.76,0.04,25,106900,中性盘
4,14:56:48,42.72,-0.03,32,140933,卖盘
5,14:56:45,42.75,0.05,10,42750,买盘
6,14:56:42,42.7,--,61,264697,买盘
7,14:56:39,42.7,-0.02,157,670390,卖盘
8,14:56:36,42.72,--,1,4272,买盘
9,14:56:33,42.72,--,21,89712,买盘
10,14:56:30,42.72,--,7,29904,买盘
11,14:56:27,42.72,-0.04,4,17088,中性盘
12,14:56:24,42.76,-0.03,25,106900,买盘
13,14:56:21,42.79,0.07,17,72743,买盘
14,14:56:18,42.72,-0.03,147,629778,卖盘
15,14:56:09,42.75,-0.03,110,470250,卖盘
16,14:56:06,42.78,0.03,69,297278,买盘
17,14:56:00,42.75,--,10,42750,卖盘
18,14:55:57,42.75,0.03,31,132909,买盘
19,14:55:54,42.72,-0.03,7,29904,卖盘
20,14:55:51,42.75,0.05,42,179550,买盘
21,14:55:48,42.7,-0.02,150,640500,卖盘
22,14:55:45,42.72,--,30,128160,卖盘
23,14:55:42,42.72,--,9,38448,卖盘
24,14:55:39,42.72,-0.03,5,21360,卖盘
25,14:55:36,42.75,0.03,5,21375,买盘
26,14:55:33,42.72,--,1,4272,卖盘
27,14:55:30,42.72,0.02,1,4272,卖盘
28,14:55:21,42.7,-0.02,30,128100,卖盘
29,14:55:18,42.72,0.02,5,21360,买盘
30,14:55:12,42.7,--,20,85400,卖盘
31,14:55:09,42.7,--,89,382250,买盘
32,14:55:06,42.7,--,3,14987,买盘
33,14:55:03,42.7,--,19,81130,买盘
34,14:55:00,42.7,--,4,17080,买盘
35,14:54:57,42.7,--,2,8540,买盘
36,14:54:54,42.7,--,96,412012,卖盘
37,14:54:51,42.7,--,55,234850,卖盘
38,14:54:48,42.7,--,10,42700,卖盘
39,14:54:42,42.7,--,216,924497,买盘
40,14:54:39,42.7,0.02,2,8540,买盘
41,14:54:36,42.68,-0.02,26,115150,卖盘
42,14:54:33,42.7,--,42,179340,买盘
43,14:54:27,42.7,--,14,59780,买盘
44,14:54:24,42.7,--,2,8540,买盘
45,14:54:15,42.7,--,47,202782,卖盘
46,14:54:12,42.7,-0.03,300,1281000,卖盘
47,14:54:06,42.73,-0.02,2,8546,卖盘
48,14:54:03,42.75,-0.04,57,247266,卖盘
49,14:53:54,42.79,0.04,1,4279,买盘
50,14:53:51,42.75,-0.05,54,235082,卖盘
51,14:53:48,42.8,--,2,8560,买盘
52,14:53:45,42.8,--,9,38520,买盘
53,14:53:42,42.8,--,30,128399,买盘
54,14:53:39,42.8,0.01,27,115559,中性盘
55,14:53:36,42.79,-0.03,5,21437,卖盘
56,14:53:33,42.82,0.02,28,119896,买盘
57,14:53:27,42.8,-0.02,60,257912,卖盘
58,14:53:24,42.82,0.02,10,42820,买盘
59,14:53:15,42.8,--,150,642000,卖盘
60,14:53:12,42.8,--,60,256799,卖盘
61,14:53:09,42.8,--,10,42800,卖盘
62,14:53:06,42.8,-0.01,25,107000,卖盘
63,14:53:00,42.81,0.01,4,17124,买盘
64,14:52:57,42.8,--,62,268527,买盘
65,14:52:51,42.8,--,5,21400,买盘
66,14:52:42,42.8,--,6,25680,买盘
67,14:52:39,42.8,--,11,47080,买盘
68,14:52:33,42.8,--,11,47080,买盘
69,14:52:27,42.8,-0.05,163,698752,卖盘
70,14:52:24,42.85,--,2,8570,买盘
71,14:52:21,42.85,--,1,4285,买盘
72,14:52:18,42.85,--,22,94270,卖盘
73,14:52:15,42.85,0.04,1,4285,中性盘
74,14:52:12,42.81,-0.01,107,460335,卖盘
75,14:52:09,42.82,0.02,3,12846,买盘
76,14:52:06,42.8,-0.05,150,642000,卖盘
77,14:52:03,42.85,--,6,28066,买盘
78,14:52:00,42.85,--,18,77130,买盘
79,14:51:57,42.85,--,7,29995,买盘
80,14:51:54,42.85,--,1,4285,买盘
81,14:51:51,42.85,--,10,42850,买盘
82,14:51:48,42.85,--,12,51420,买盘
83,14:51:39,42.85,0.01,5,21425,买盘
84,14:51:36,42.84,-0.01,30,132546,卖盘
85,14:51:30,42.85,--,1,4285,卖盘
86,14:51:27,42.85,0.01,36,154260,买盘
87,14:51:24,42.84,-0.01,2,8568,卖盘
88,14:51:18,42.85,--,16,68560,买盘
89,14:51:12,42.85,0.01,1,4285,买盘
90,14:51:06,42.84,-0.01,8,34272,卖盘
91,14:51:03,42.85,--,8,34280,买盘
92,14:51:00,42.85,--,9,38565,买盘
93,14:50:51,42.85,0.03,2,8570,买盘
94,14:50:48,42.82,-0.02,5,21410,卖盘
95,14:50:45,42.84,0.03,2,8568,中性盘
96,14:50:42,42.81,-0.03,4,17124,卖盘
97,14:50:36,42.84,--,18,79254,买盘
98,14:50:33,42.84,--,5,21420,买盘
99,14:50:30,42.84,--,1,4284,买盘
100,14:50:24,42.84,0.03,4,17136,买盘
101,14:50:21,42.81,0.01,1,4281,中性盘
102,14:50:18,42.8,--,35,150484,买盘
103,14:50:15,42.8,--,5,21400,买盘
104,14:50:09,42.8,0.04,12,51360,买盘
105,14:50:06,42.76,-0.04,1,7140,卖盘
106,14:50:03,42.8,0.02,10,42800,买盘
107,14:50:00,42.78,-0.02,2,9967,卖盘
108,14:49:54,42.8,-0.04,20,87782,卖盘
109,14:49:51,42.84,--,12,51408,买盘
110,14:49:48,42.84,--,2,8568,买盘
111,14:49:45,42.84,-0.01,6,25704,中性盘
112,14:49:39,42.85,--,15,64275,买盘
113,14:49:36,42.85,--,71,306334,买盘
114,14:49:30,42.85,0.05,3,12855,买盘
115,14:49:06,42.8,--,6,28205,买盘
116,14:49:03,42.8,--,45,192600,买盘
117,14:49:00,42.8,--,2,8560,买盘
118,14:48:57,42.8,0.01,1,4280,买盘
119,14:48:48,42.79,-0.01,1,4279,中性盘
120,14:48:36,42.8,0.05,79,340217,买盘
121,14:48:33,42.75,-0.04,3,12825,卖盘
122,14:48:24,42.79,--,4,17116,买盘
123,14:48:18,42.79,0.04,10,42790,买盘
124,14:48:09,42.75,--,16,69468,卖盘
125,14:48:06,42.75,--,8,35226,卖盘
126,14:48:03,42.75,-0.04,3,12825,卖盘
127,14:47:57,42.79,0.04,1,4279,买盘
128,14:47:51,42.75,--,10,42750,卖盘
129,14:47:42,42.75,--,103,440325,卖盘
130,14:47:36,42.75,--,9,40655,卖盘
131,14:47:33,42.75,--,7,29925,卖盘
132,14:47:30,42.75,--,61,260775,买盘
133,14:47:27,42.75,--,2,8550,买盘
134,14:47:18,42.75,--,151,645525,买盘
135,14:47:12,42.75,0.03,17,72675,买盘
136,14:47:03,42.72,-0.03,17,72624,卖盘
137,14:46:51,42.75,--,1,4275,买盘
138,14:46:48,42.75,-0.01,1,4275,买盘
139,14:46:45,42.76,--,22,94072,买盘
140,14:46:42,42.76,-0.01,15,64140,卖盘
141,14:46:39,42.77,--,2,8554,买盘
142,14:46:36,42.77,--,118,506824,买盘
143,14:46:33,42.77,0.01,3,12831,买盘
144,14:46:21,42.76,--,10,42760,卖盘
145,14:46:18,42.76,-0.01,52,222352,中性盘
146,14:46:12,42.77,0.01,20,85540,买盘
147,14:46:09,42.76,0.01,3,12828,买盘
148,14:46:06,42.75,-0.01,11,49162,卖盘
149,14:46:03,42.76,-0.01,66,282216,卖盘
150,14:46:00,42.77,0.01,2,8554,买盘
151,14:45:57,42.76,--,12,51312,买盘
152,14:45:54,42.76,--,12,51312,买盘
153,14:45:51,42.76,--,3,12828,买盘
154,14:45:42,42.76,0.01,19,81244,买盘
155,14:45:36,42.75,--,5,21375,卖盘
156,14:45:33,42.75,--,9,38475,买盘
157,14:45:30,42.75,--,72,307800,买盘
158,14:45:27,42.75,--,1,4275,买盘
159,14:45:21,42.75,0.03,2,8550,买盘
160,14:45:12,42.72,--,22,93984,买盘
161,14:45:09,42.72,0.02,37,158064,买盘
162,14:45:06,42.7,--,7,32067,卖盘
163,14:45:03,42.7,-0.02,1,4270,卖盘
164,14:44:57,42.72,0.02,64,273408,买盘
165,14:44:54,42.7,--,6,25620,买盘
166,14:44:51,42.7,--,32,136640,买盘
167,14:44:48,42.7,--,7,29890,买盘
168,14:44:45,42.7,--,4,17080,买盘
169,14:44:39,42.7,0.02,2,8540,买盘
170,14:44:36,42.68,--,82,352067,卖盘
171,14:44:30,42.68,-0.02,29,127869,卖盘
172,14:44:27,42.7,--,22,93940,买盘
173,14:44:24,42.7,0.01,7,29890,买盘
174,14:44:21,42.69,-0.01,1,4269,卖盘
175,14:44:18,42.7,--,3,12810,买盘
176,14:44:15,42.7,0.02,12,51240,买盘
177,14:44:12,42.68,--,9,38412,卖盘
178,14:44:09,42.68,-0.02,46,198504,中性盘
179,14:44:06,42.7,0.02,53,226310,买盘
180,14:44:03,42.68,--,21,89628,买盘
181,14:44:00,42.68,--,90,384120,买盘
182,14:43:54,42.68,-0.02,33,140844,卖盘
183,14:43:51,42.7,--,19,81300,卖盘
184,14:43:48,42.7,--,50,213500,卖盘
185,14:43:39,42.7,0.02,168,721459,买盘
186,14:43:36,42.68,-0.02,58,249891,卖盘
187,14:43:33,42.7,0.02,1,4270,买盘
188,14:43:30,42.68,-0.01,185,789580,卖盘
189,14:43:27,42.69,--,33,144036,买盘
190,14:43:24,42.69,--,12,51228,买盘
191,14:43:21,42.69,--,52,221988,买盘
192,14:43:18,42.69,--,9,38421,买盘
193,14:43:15,42.69,0.01,46,196374,买盘
194,14:43:12,42.68,-0.01,3,12804,卖盘
195,14:43:09,42.69,--,5,21345,买盘
196,14:43:06,42.69,--,73,312533,买盘
197,14:43:03,42.69,-0.07,110,471425,卖盘
198,14:43:00,42.76,0.07,8,34208,买盘
199,14:42:57,42.69,--,22,93918,卖盘
200,14:42:48,42.69,--,7,29883,卖盘
201,14:42:45,42.69,--,3,12807,卖盘
202,14:42:42,42.69,-0.02,208,887952,卖盘
203,14:42:39,42.71,0.03,246,1053100,买盘
204,14:42:36,42.68,-0.02,97,416130,卖盘
205,14:42:30,42.7,--,43,183610,买盘
206,14:42:27,42.7,--,59,251930,买盘
207,14:42:24,42.7,0.01,13,55510,买盘
208,14:42:21,42.69,-0.01,14,59766,卖盘
209,14:42:18,42.7,-0.02,232,992476,卖盘
210,14:42:15,42.72,-0.04,40,170880,卖盘
211,14:42:12,42.76,0.04,20,85520,买盘
212,14:42:09,42.72,-0.04,419,1792403,卖盘
213,14:42:06,42.76,--,5,21380,买盘
214,14:42:03,42.76,-0.03,52,222352,卖盘
215,14:41:54,42.79,-0.01,5,21395,卖盘
216,14:41:51,42.8,-0.05,92,394487,卖盘
217,14:41:45,42.85,0.04,101,432785,买盘
218,14:41:39,42.81,--,4,17124,卖盘
219,14:41:36,42.81,--,51,219144,卖盘
220,14:41:30,42.81,0.01,14,59934,中性盘
221,14:41:21,42.8,--,112,479359,卖盘
222,14:41:18,42.8,--,14,59919,卖盘
223,14:41:09,42.8,-0.05,20,85600,卖盘
224,14:41:06,42.85,-0.07,21,91441,卖盘
225,14:40:57,42.92,0.04,20,85840,买盘
226,14:40:54,42.88,-0.04,59,257237,卖盘
227,14:40:51,42.92,--,1,4292,买盘
228,14:40:48,42.92,-0.08,11,47212,卖盘
229,14:40:39,43.0,--,63,273007,卖盘
230,14:40:36,43.0,--,57,247293,卖盘
231,14:40:33,43.0,--,3,12900,卖盘
232,14:40:27,43.0,--,1,4300,卖盘
233,14:40:24,43.0,--,2,8600,卖盘
234,14:40:21,43.0,-0.01,3,12900,卖盘
235,14:40:18,43.01,-0.04,60,261242,卖盘
236,14:40:15,43.05,--,10,44728,卖盘
237,14:40:06,43.05,--,33,143657,卖盘
238,14:40:03,43.05,--,1,4305,卖盘
239,14:39:54,43.05,-0.07,2,8610,卖盘
240,14:39:48,43.12,0.07,2,8624,买盘
241,14:39:45,43.05,--,11,47355,卖盘
242,14:39:36,43.05,--,6,29015,卖盘
243,14:39:33,43.05,--,2,8610,卖盘
244,14:39:24,43.05,-0.05,5,21525,卖盘
245,14:39:21,43.1,0.05,2,8620,买盘
246,14:39:06,43.05,-0.08,19,83990,卖盘
247,14:39:00,43.13,0.08,1,4313,买盘
248,14:38:57,43.05,-0.08,5,21525,卖盘
249,14:38:54,43.13,0.12,2,8626,买盘
250,14:38:45,43.01,--,7,30107,卖盘
251,14:38:36,43.01,--,13,60084,卖盘
252,14:38:33,43.01,--,2,8602,卖盘
253,14:38:27,43.01,--,6,25806,卖盘
254,14:38:06,43.01,-0.12,8,37547,卖盘
255,14:37:48,43.13,0.05,21,90573,中性盘
256,14:37:45,43.08,--,5,21540,卖盘
257,14:37:39,43.08,-0.05,6,25848,卖盘
258,14:37:36,43.13,--,5,25662,卖盘
259,14:37:30,43.13,--,5,21565,卖盘
260,14:37:27,43.13,0.01,6,25878,卖盘
261,14:37:18,43.12,0.02,26,112500,买盘
262,14:37:12,43.1,--,52,228042,卖盘
263,14:37:06,43.1,-0.01,7,34178,卖盘
264,14:37:00,43.11,-0.01,5,21555,卖盘
265,14:36:57,43.12,--,1,4312,买盘
266,14:36:54,43.12,0.01,1,4312,买盘
267,14:36:45,43.11,-0.01,11,47421,卖盘
268,14:36:42,43.12,0.01,1,4312,买盘
269,14:36:39,43.11,--,11,47421,卖盘
270,14:36:36,43.11,--,8,38109,卖盘
271,14:36:21,43.11,-0.02,5,21555,卖盘
272,14:36:15,43.13,0.02,1,4313,中性盘
273,14:36:06,43.11,-0.01,39,170068,卖盘
274,14:35:57,43.12,0.01,2,8624,买盘
275,14:35:48,43.11,0.03,19,85659,买盘
276,14:35:45,43.08,--,7,30156,卖盘
277,14:35:42,43.08,-0.02,20,86720,卖盘
278,14:35:36,43.1,--,20,86587,卖盘
279,14:35:24,43.1,-0.02,7,30170,卖盘
280,14:35:21,43.12,0.02,30,129359,买盘
281,14:35:15,43.1,--,2,8620,卖盘
282,14:35:12,43.1,--,13,60296,卖盘
283,14:35:09,43.1,0.02,26,115464,买盘
284,14:35:06,43.08,-0.02,43,187441,卖盘
285,14:35:03,43.1,0.01,5,21550,买盘
286,14:35:00,43.09,0.01,10,43090,买盘
287,14:34:45,43.08,-0.01,7,30156,卖盘
288,14:34:42,43.09,--,2,8618,买盘
289,14:34:39,43.09,--,21,90532,卖盘
290,14:34:36,43.09,-0.01,24,107681,卖盘
291,14:34:30,43.1,0.01,19,81890,买盘
292,14:34:27,43.09,--,6,25854,卖盘
293,14:34:24,43.09,0.01,2,8618,中性盘
294,14:34:12,43.08,0.01,1,4308,卖盘
295,14:34:06,43.07,-0.03,13,59393,卖盘
296,14:34:00,43.1,0.02,16,68960,买盘
297,14:33:54,43.08,--,1,4308,卖盘
298,14:33:51,43.08,0.01,3,16370,买盘
299,14:33:45,43.07,0.02,7,30149,卖盘
300,14:33:42,43.05,-0.03,3,12915,卖盘
301,14:33:39,43.08,0.03,5,21540,买盘
302,14:33:36,43.05,--,2,8610,卖盘
303,14:33:33,43.05,0.03,1,4305,买盘
304,14:33:30,43.02,-0.03,13,55926,卖盘
305,14:33:24,43.05,--,7,30134,卖盘
306,14:33:21,43.05,0.05,1,4305,买盘
307,14:33:12,43.0,--,3,12900,中性盘
308,14:33:09,43.0,0.02,42,180600,买盘
309,14:33:06,42.98,--,37,160444,卖盘
310,14:32:54,42.98,--,4,17192,卖盘
311,14:32:51,42.98,--,23,100315,买盘
312,14:32:48,42.98,0.06,5,21490,买盘
313,14:32:45,42.92,-0.06,7,30044,中性盘
314,14:32:39,42.98,0.08,12,51575,买盘
315,14:32:36,42.9,-0.08,1,4332,卖盘
316,14:32:33,42.98,0.1,1,4298,买盘
317,14:32:30,42.88,--,9,38592,卖盘
318,14:32:24,42.88,--,13,55744,卖盘
319,14:32:18,42.88,0.03,3,12864,买盘
320,14:32:09,42.85,0.06,5,22753,买盘
321,14:32:06,42.79,-0.06,13,57766,卖盘
322,14:31:54,42.85,0.04,10,42850,买盘
323,14:31:48,42.81,0.05,1,4281,买盘
324,14:31:45,42.76,-0.03,6,25656,卖盘
325,14:31:39,42.79,0.04,10,42790,买盘
326,14:31:36,42.75,-0.01,7,29925,卖盘
327,14:31:30,42.76,--,3,12828,买盘
328,14:31:27,42.76,--,17,72692,买盘
329,14:31:24,42.76,--,1,4276,买盘
330,14:31:21,42.76,--,6,25656,买盘
331,14:31:12,42.76,0.04,2,8552,买盘
332,14:31:06,42.72,-0.04,108,461376,卖盘
333,14:30:54,42.76,--,2,8552,买盘
334,14:30:48,42.76,0.04,7,29932,买盘
335,14:30:45,42.72,--,8,37550,买盘
336,14:30:39,42.72,--,1,4272,买盘
337,14:30:36,42.72,-0.04,19,81381,卖盘
338,14:30:33,42.76,--,47,203922,卖盘
339,14:30:24,42.76,--,7,29932,卖盘
340,14:30:21,42.76,--,10,42760,卖盘
341,14:30:09,42.76,--,20,85520,卖盘
342,14:30:06,42.76,0.04,102,437648,买盘
343,14:30:00,42.72,--,9,38448,卖盘
344,14:29:57,42.72,--,4,17088,卖盘
345,14:29:51,42.72,--,7,29904,卖盘
346,14:29:45,42.72,--,7,29904,卖盘
347,14:29:39,42.72,-0.03,1,4272,卖盘
348,14:29:36,42.75,0.02,149,637402,买盘
349,14:29:30,42.73,0.01,10,42730,中性盘
350,14:29:24,42.72,-0.01,107,458428,卖盘
351,14:29:21,42.73,-0.03,1,4273,卖盘
352,14:29:12,42.76,0.03,3,12828,买盘
353,14:29:06,42.73,-0.04,8,36320,卖盘
354,14:28:57,42.77,-0.04,14,62829,卖盘
355,14:28:51,42.81,--,2,8562,卖盘
356,14:28:45,42.81,0.01,14,59934,中性盘
357,14:28:36,42.8,-0.04,5,21400,卖盘
358,14:28:33,42.84,--,2,8568,卖盘
359,14:28:30,42.84,0.07,1,4284,买盘
360,14:28:27,42.77,-0.03,16,70998,卖盘
361,14:28:24,42.8,--,2,8560,卖盘
362,14:28:06,42.8,--,13,55639,卖盘
363,14:28:03,42.8,0.03,75,321000,买盘
364,14:27:57,42.77,--,4,17108,卖盘
365,14:27:51,42.77,0.01,1,4277,卖盘
366,14:27:48,42.76,--,0,3035,买盘
367,14:27:45,42.76,--,27,116136,卖盘
368,14:27:42,42.76,--,50,213800,卖盘
369,14:27:36,42.76,-0.01,136,585127,卖盘
370,14:27:24,42.77,-0.01,6,25790,卖盘
371,14:27:18,42.78,-0.07,1,4278,中性盘
372,14:27:06,42.85,0.08,16,68560,买盘
373,14:26:57,42.77,-0.03,19,82417,卖盘
374,14:26:51,42.8,--,7,29959,卖盘
375,14:26:45,42.8,--,7,29959,卖盘
376,14:26:39,42.8,0.03,0,3466,中性盘
377,14:26:24,42.77,-0.03,6,25662,卖盘
378,14:26:09,42.8,-0.05,105,449442,卖盘
379,14:26:06,42.85,-0.03,6,25710,卖盘
380,14:26:00,42.88,0.03,1,4288,买盘
381,14:25:57,42.85,-0.03,3,14783,中性盘
382,14:25:54,42.88,--,2,8576,买盘
383,14:25:51,42.88,0.08,5,21440,买盘
384,14:25:48,42.8,--,8,36080,买盘
385,14:25:45,42.8,-0.08,17,75199,卖盘
386,14:25:30,42.88,0.08,10,42880,买盘
387,14:25:27,42.8,--,38,163795,卖盘
388,14:25:24,42.8,--,11,47080,卖盘
389,14:25:18,42.8,-0.07,80,342442,卖盘
390,14:25:12,42.87,0.05,5,24007,买盘
391,14:25:06,42.82,-0.05,4,17128,卖盘
392,14:25:03,42.87,--,0,1714,卖盘
393,14:24:57,42.87,--,2,11146,卖盘
394,14:24:45,42.87,-0.01,8,34296,卖盘
395,14:24:33,42.88,0.08,5,21440,买盘
396,14:24:27,42.8,--,1,6848,卖盘
397,14:24:24,42.8,-0.05,7,29959,卖盘
398,14:24:18,42.85,0.05,10,42850,买盘
399,14:24:09,42.8,-0.05,54,231119,卖盘
400,14:24:06,42.85,--,7,29995,卖盘
401,14:24:03,42.85,--,14,60632,买盘
402,14:24:00,42.85,0.03,10,42850,买盘
403,14:23:57,42.82,--,29,125034,卖盘
404,14:23:51,42.82,-0.03,8,34256,卖盘
405,14:23:45,42.85,0.01,16,68560,买盘
406,14:23:39,42.84,0.04,3,12852,中性盘
407,14:23:36,42.8,-0.02,22,94160,卖盘
408,14:23:27,42.82,--,5,23979,卖盘
409,14:23:24,42.82,-0.05,11,47102,卖盘
410,14:23:09,42.87,--,59,255848,卖盘
411,14:23:06,42.87,-0.02,6,25722,卖盘
412,14:23:00,42.89,0.02,1,4289,中性盘
413,14:22:54,42.87,-0.08,230,986052,卖盘
414,14:22:45,42.95,0.05,5,21475,中性盘
415,14:22:42,42.9,--,2,8580,卖盘
416,14:22:30,42.9,-0.05,80,343200,卖盘
417,14:22:27,42.95,-0.01,16,72156,卖盘
418,14:22:24,42.96,-0.01,6,25776,中性盘
419,14:22:09,42.97,0.02,11,47267,买盘
420,14:22:06,42.95,--,5,21475,卖盘
421,14:21:57,42.95,-0.01,156,672124,卖盘
422,14:21:51,42.96,0.01,2,8592,中性盘
423,14:21:45,42.95,--,8,34360,卖盘
424,14:21:36,42.95,-0.01,8,34360,卖盘
425,14:21:33,42.96,--,1,7689,卖盘
426,14:21:27,42.96,--,49,213597,卖盘
427,14:21:24,42.96,-0.02,5,21480,卖盘
428,14:21:03,42.98,-0.01,3,14957,卖盘
429,14:21:00,42.99,0.01,1,4299,买盘
430,14:20:57,42.98,-0.01,13,59699,卖盘
431,14:20:48,42.99,0.01,5,21495,买盘
432,14:20:45,42.98,-0.01,20,85960,卖盘
433,14:20:30,42.99,-0.01,14,62421,卖盘
434,14:20:27,43.0,--,130,559129,买盘
435,14:20:24,43.0,0.01,100,430000,买盘
436,14:20:21,42.99,-0.01,11,47289,卖盘
437,14:20:18,43.0,--,1,4300,买盘
438,14:20:15,43.0,0.01,8,34400,买盘
439,14:20:09,42.99,-0.01,12,51588,卖盘
440,14:20:06,43.0,0.01,1,4300,买盘
441,14:19:57,42.99,-0.01,115,496319,卖盘
442,14:19:48,43.0,0.03,12,54309,买盘
443,14:19:39,42.97,--,6,27371,卖盘
444,14:19:36,42.97,-0.02,8,34376,卖盘
445,14:19:33,42.99,--,5,21495,卖盘
446,14:19:30,42.99,--,22,94578,卖盘
447,14:19:27,42.99,--,4,19345,卖盘
448,14:19:24,42.99,--,6,25794,卖盘
449,14:19:21,42.99,0.02,261,1125263,买盘
450,14:19:12,42.97,--,2,8594,卖盘
451,14:19:06,42.97,-0.01,17,73049,卖盘
452,14:19:03,42.98,-0.01,39,171834,卖盘
453,14:19:00,42.99,0.01,1,4299,买盘
454,14:18:57,42.98,-0.01,159,686863,卖盘
455,14:18:51,42.99,0.01,5,21495,买盘
456,14:18:48,42.98,--,4,17192,卖盘
457,14:18:33,42.98,--,5,21490,卖盘
458,14:18:27,42.98,--,6,26690,卖盘
459,14:18:24,42.98,-0.01,10,42980,卖盘
460,14:18:18,42.99,--,0,386,卖盘
461,14:17:57,42.99,-0.01,0,1719,卖盘
462,14:17:27,43.0,--,6,29842,买盘
463,14:17:15,43.0,--,4,17200,买盘
464,14:17:09,43.0,--,4,19307,卖盘
465,14:16:57,43.0,-0.05,9,42871,卖盘
466,14:16:39,43.05,-0.01,5,21525,买盘
467,14:16:33,43.06,0.06,1,4306,卖盘
468,14:16:30,43.0,-0.05,14,63339,卖盘
469,14:16:27,43.05,-0.02,3,13474,卖盘
470,14:16:24,43.07,--,2,8614,买盘
471,14:16:15,43.07,--,0,861,卖盘
472,14:15:57,43.07,--,0,3574,卖盘
473,14:15:27,43.07,-0.03,0,430,卖盘
474,14:15:21,43.1,0.03,3,12930,买盘
475,14:15:15,43.07,0.02,0,3747,买盘
476,14:15:03,43.05,--,2,8610,卖盘
477,14:14:57,43.05,--,11,48431,卖盘
478,14:14:54,43.05,-0.02,0,1851,卖盘
479,14:14:48,43.07,--,2,8614,买盘
480,14:14:36,43.07,--,1,4866,卖盘
481,14:14:27,43.07,--,4,18520,卖盘
482,14:14:24,43.07,-0.02,0,732,卖盘
483,14:14:18,43.09,-0.02,3,13831,卖盘
484,14:13:57,43.11,--,0,4181,卖盘
485,14:13:54,43.11,-0.01,0,129,中性盘
486,14:13:42,43.12,0.02,5,21560,买盘
487,14:13:39,43.1,-0.01,4,17240,卖盘
488,14:13:36,43.11,--,5,21555,买盘
489,14:13:33,43.11,--,1,4311,买盘
490,14:13:30,43.11,--,6,27978,卖盘
491,14:13:27,43.11,--,24,107473,卖盘
492,14:13:24,43.11,-0.02,0,4181,卖盘
493,14:13:18,43.13,0.01,4,17252,买盘
494,14:13:06,43.12,--,5,21560,买盘
495,14:12:57,43.12,--,17,75330,卖盘
496,14:12:54,43.12,-0.01,0,2285,卖盘
497,14:12:39,43.13,--,17,75563,卖盘
498,14:12:27,43.13,--,67,290998,卖盘
499,14:12:24,43.13,-0.06,2,11300,卖盘
500,14:12:21,43.19,0.06,3,12957,买盘
501,14:11:57,43.13,--,13,59778,卖盘
502,14:11:54,43.13,0.01,0,2285,中性盘
503,14:11:39,43.12,0.01,2,8624,中性盘
504,14:11:27,43.11,--,124,537926,卖盘
505,14:11:24,43.11,-0.09,4,20822,卖盘
506,14:11:15,43.2,0.11,3,12960,中性盘
507,14:10:57,43.09,--,0,3274,卖盘
508,14:10:54,43.09,-0.01,1,4438,卖盘
509,14:10:45,43.1,-0.11,1,4310,卖盘
510,14:10:42,43.21,0.01,4,17284,买盘
511,14:10:36,43.2,--,0,1555,卖盘
512,14:10:33,43.2,-0.01,1,4320,卖盘
513,14:10:30,43.21,0.01,4,17284,买盘
514,14:10:27,43.2,--,12,55857,卖盘
515,14:10:24,43.2,--,3,15120,卖盘
516,14:10:21,43.2,--,1,4320,卖盘
517,14:10:15,43.2,--,6,25920,卖盘
518,14:10:12,43.2,--,0,1728,卖盘
519,14:10:00,43.2,--,7,30240,卖盘
520,14:09:57,43.2,0.09,4,20995,买盘
521,14:09:54,43.11,-0.09,1,4354,卖盘
522,14:09:48,43.2,--,20,86400,买盘
523,14:09:39,43.2,0.09,2,8640,买盘
524,14:09:27,43.11,--,0,4052,卖盘
525,14:09:24,43.11,-0.09,1,4311,中性盘
526,14:09:21,43.2,0.1,3,12960,买盘
527,14:09:12,43.1,--,2,8620,买盘
528,14:09:03,43.1,--,2,8620,买盘
529,14:08:57,43.1,--,0,3577,卖盘
530,14:08:54,43.1,-0.1,0,732,卖盘
531,14:08:48,43.2,-0.01,1,4320,买盘
532,14:08:33,43.21,--,1,6654,卖盘
533,14:08:27,43.21,--,3,15253,卖盘
534,14:08:24,43.21,-0.01,0,4018,中性盘
535,14:08:21,43.22,0.15,4,17288,买盘
536,14:08:18,43.07,-0.13,51,219657,卖盘
537,14:08:12,43.2,0.1,3,12960,买盘
538,14:07:57,43.1,--,0,1293,卖盘
539,14:07:54,43.1,-0.1,2,10775,卖盘
540,14:07:42,43.2,--,24,103680,买盘
541,14:07:39,43.2,--,10,43200,买盘
542,14:07:30,43.2,0.13,1,4320,买盘
543,14:07:27,43.07,-0.02,5,23214,卖盘
544,14:07:24,43.09,--,3,13831,卖盘
545,14:07:21,43.09,-0.11,2,8618,中性盘
546,14:07:15,43.2,0.11,3,12960,买盘
547,14:07:06,43.09,--,1,4309,买盘
548,14:07:03,43.09,--,14,60326,买盘
549,14:07:00,43.09,--,10,43090,买盘
550,14:06:57,43.09,0.04,70,302793,买盘
551,14:06:54,43.05,-0.04,13,56524,卖盘
552,14:06:45,43.09,--,2,8618,买盘
553,14:06:39,43.09,0.04,3,12927,买盘
554,14:06:33,43.05,-0.03,49,214647,卖盘
555,14:06:27,43.08,--,14,62595,卖盘
556,14:06:24,43.08,--,3,16715,卖盘
557,14:06:18,43.08,--,2,8616,买盘
558,14:06:15,43.08,0.01,3,12924,买盘
559,14:06:12,43.07,--,14,60298,卖盘
560,14:06:00,43.07,0.06,29,128047,买盘
561,14:05:57,43.01,--,0,2623,卖盘
562,14:05:54,43.01,-0.04,0,4257,中性盘
563,14:05:39,43.05,0.03,14,60269,买盘
564,14:05:33,43.02,--,0,2753,卖盘
565,14:05:27,43.02,--,2,9163,卖盘
566,14:05:24,43.02,--,0,1849,卖盘
567,14:05:18,43.02,0.01,1,7743,买盘
568,14:05:15,43.01,0.02,2,8602,买盘
569,14:05:12,42.99,--,5,21495,卖盘
570,14:04:57,42.99,--,2,11392,卖盘
571,14:04:54,42.99,-0.04,0,1332,卖盘
572,14:04:51,43.03,-0.02,1,5163,卖盘
573,14:04:45,43.05,0.02,1,4305,中性盘
574,14:04:27,43.03,--,3,13597,卖盘
575,14:04:24,43.03,-0.03,11,50172,卖盘
576,14:04:18,43.06,0.03,20,86120,买盘
577,14:04:09,43.03,--,5,21515,卖盘
578,14:04:06,43.03,0.02,10,43030,卖盘
579,14:03:57,43.01,0.02,9,42192,买盘
580,14:03:54,42.99,-0.02,6,29147,卖盘
581,14:03:42,43.01,--,2,8602,买盘
582,14:03:30,43.01,0.03,1,4301,买盘
583,14:03:27,42.98,-0.01,10,46074,卖盘
584,14:03:24,42.99,--,1,5846,卖盘
585,14:03:09,42.99,--,1,4299,卖盘
586,14:03:06,42.99,0.02,13,59842,买盘
587,14:03:03,42.97,-0.01,3,12891,卖盘
588,14:03:00,42.98,0.01,3,12893,买盘
589,14:02:57,42.97,--,30,131144,卖盘
590,14:02:54,42.97,--,15,68150,卖盘
591,14:02:45,42.97,--,17,73049,买盘
592,14:02:42,42.97,0.01,1,4297,买盘
593,14:02:39,42.96,--,3,12888,卖盘
594,14:02:33,42.96,--,0,300,卖盘
595,14:02:30,42.96,--,0,3436,买盘
596,14:02:27,42.96,0.01,13,58382,买盘
597,14:02:24,42.95,-0.01,16,71382,卖盘
598,14:02:18,42.96,0.02,12,51552,买盘
599,14:02:03,42.94,0.04,9,38646,买盘
600,14:01:57,42.9,--,27,116387,卖盘
601,14:01:54,42.9,-0.04,5,23637,卖盘
602,14:01:48,42.94,0.04,1,4294,买盘
603,14:01:42,42.9,--,12,51480,卖盘
604,14:01:27,42.9,--,3,13556,卖盘
605,14:01:24,42.9,-0.03,0,3603,卖盘
606,14:01:21,42.93,--,5,21465,卖盘
607,14:01:09,42.93,0.03,5,21465,中性盘
608,14:00:57,42.9,--,5,25654,卖盘
609,14:00:54,42.9,-0.04,1,5233,卖盘
610,14:00:42,42.94,0.05,9,38646,买盘
611,14:00:39,42.89,-0.01,5,21445,卖盘
612,14:00:27,42.9,--,4,18060,卖盘
613,14:00:24,42.9,--,2,9395,卖盘
614,14:00:18,42.9,-0.05,5,21450,卖盘
615,14:00:15,42.95,0.04,1,4295,买盘
616,14:00:06,42.91,-0.05,7,30036,卖盘
617,13:59:57,42.96,--,0,2148,卖盘
618,13:59:54,42.96,-0.02,0,2148,卖盘
619,13:59:51,42.98,--,1,4298,买盘
620,13:59:42,42.98,-0.01,1,4298,中性盘
621,13:59:33,42.99,-0.01,10,43333,卖盘
622,13:59:27,43.0,--,2,11008,卖盘
623,13:59:24,43.0,-0.04,7,30272,卖盘
624,13:59:21,43.04,--,3,12912,卖盘
625,13:59:18,43.04,--,5,21520,卖盘
626,13:59:15,43.04,--,13,55952,卖盘
627,13:58:57,43.04,-0.01,7,31333,卖盘
628,13:58:54,43.05,-0.01,1,6543,卖盘
629,13:58:45,43.06,--,3,16922,卖盘
630,13:58:27,43.06,--,10,44696,卖盘
631,13:58:24,43.06,--,7,31864,卖盘
632,13:58:15,43.06,-0.01,3,12918,卖盘
633,13:57:57,43.07,--,6,28555,卖盘
634,13:57:54,43.07,--,0,1722,卖盘
635,13:57:51,43.07,-0.01,5,21535,卖盘
636,13:57:42,43.08,0.01,1,4308,中性盘
637,13:57:36,43.07,-0.02,3,12921,卖盘
638,13:57:33,43.09,0.01,32,137888,买盘
639,13:57:30,43.08,0.01,2,8616,买盘
640,13:57:27,43.07,--,5,21836,卖盘
641,13:57:24,43.07,-0.01,5,21707,卖盘
642,13:57:21,43.08,0.01,1,4308,买盘
643,13:57:06,43.07,--,3,12921,卖盘
644,13:57:00,43.07,--,1,4307,卖盘
645,13:56:57,43.07,--,54,235119,卖盘
646,13:56:54,43.07,--,1,8441,卖盘
647,13:56:39,43.07,--,1,4307,卖盘
648,13:56:36,43.07,--,2,8614,卖盘
649,13:56:27,43.07,--,4,21405,卖盘
650,13:56:24,43.07,--,3,14299,卖盘
651,13:55:57,43.07,--,3,13308,卖盘
652,13:55:54,43.07,-0.02,9,41002,卖盘
653,13:55:51,43.09,0.01,2,8618,买盘
654,13:55:48,43.08,--,3,12924,卖盘
655,13:55:39,43.08,-0.01,11,47388,卖盘
656,13:55:33,43.09,--,10,43090,买盘
657,13:55:30,43.09,--,20,86266,卖盘
658,13:55:27,43.09,--,22,95271,卖盘
659,13:55:24,43.09,-0.11,5,25336,卖盘
660,13:55:21,43.2,--,35,151200,卖盘
661,13:55:12,43.2,--,15,64800,买盘
662,13:55:03,43.2,--,2,8640,买盘
663,13:55:00,43.2,0.11,3,12960,中性盘
664,13:54:57,43.09,--,3,13573,卖盘
665,13:54:54,43.09,0.01,0,3619,中性盘
666,13:54:45,43.08,-0.05,9,38772,中性盘
667,13:54:33,43.13,0.06,3,12939,买盘
668,13:54:27,43.07,--,1,6072,卖盘
669,13:54:24,43.07,-0.14,25,107675,卖盘
670,13:54:12,43.21,0.01,4,17284,买盘
671,13:54:03,43.2,0.14,1,4320,买盘
672,13:53:57,43.06,--,20,87153,卖盘
673,13:53:54,43.06,-0.15,6,27730,卖盘
674,13:53:42,43.21,--,1,4321,买盘
675,13:53:36,43.21,0.15,3,12963,买盘
676,13:53:27,43.06,-0.14,16,72943,卖盘
677,13:53:24,43.2,--,0,2808,卖盘
678,13:53:18,43.2,--,10,43200,卖盘
679,13:53:15,43.2,0.14,28,120960,买盘
680,13:52:57,43.06,-0.09,6,28721,卖盘
681,13:52:54,43.15,0.03,5,23085,买盘
682,13:52:27,43.12,0.08,82,357206,买盘
683,13:52:24,43.04,-0.01,38,166823,卖盘
684,13:52:09,43.05,0.01,4,17220,买盘
685,13:52:00,43.04,0.04,64,275456,中性盘
686,13:51:57,43.0,--,73,317942,卖盘
687,13:51:54,43.0,--,2,12255,卖盘
688,13:51:48,43.0,-0.04,20,86000,卖盘
689,13:51:45,43.04,--,1,4304,买盘
690,13:51:42,43.04,0.04,1,4304,买盘
691,13:51:39,43.0,--,1,4300,卖盘
692,13:51:36,43.0,--,1,4300,买盘
693,13:51:33,43.0,--,1,4300,买盘
694,13:51:30,43.0,0.01,58,249400,买盘
695,13:51:27,42.99,--,0,386,卖盘
696,13:51:24,42.99,-0.01,8,35337,卖盘
697,13:51:18,43.0,--,1,4300,买盘
698,13:51:06,43.0,--,2,8600,买盘
699,13:51:03,43.0,--,1,4300,买盘
700,13:51:00,43.0,0.01,12,51600,买盘
701,13:50:57,42.99,--,1,4556,卖盘
702,13:50:54,42.99,-0.01,0,2364,卖盘
703,13:50:51,43.0,0.11,10,43000,买盘
704,13:50:33,42.89,--,3,13896,买盘
705,13:50:27,42.89,0.01,6,27492,买盘
706,13:50:24,42.88,-0.01,116,498051,卖盘
707,13:50:18,42.89,--,17,73942,买盘
708,13:50:06,42.89,0.02,50,214450,买盘
709,13:50:00,42.87,--,46,197202,买盘
710,13:49:57,42.87,0.01,8,36310,买盘
711,13:49:54,42.86,-0.01,2,10843,卖盘
712,13:49:51,42.87,--,5,21435,买盘
713,13:49:45,42.87,-0.01,3,12861,卖盘
714,13:49:42,42.88,--,3,12864,买盘
715,13:49:33,42.88,--,8,34304,买盘
716,13:49:30,42.88,0.03,29,124352,买盘
717,13:49:27,42.85,--,7,30723,卖盘
718,13:49:24,42.85,-0.03,10,44006,卖盘
719,13:49:21,42.88,--,41,175808,买盘
720,13:49:18,42.88,0.01,39,167232,买盘
721,13:49:15,42.87,0.02,1,4287,中性盘
722,13:49:09,42.85,-0.03,3,12855,卖盘
723,13:49:06,42.88,--,1,4288,买盘
724,13:49:03,42.88,--,3,12864,买盘
725,13:48:57,42.88,-0.02,5,21440,买盘
726,13:48:54,42.9,-0.01,5,21450,卖盘
727,13:48:51,42.91,0.06,1,4291,买盘
728,13:48:48,42.85,-0.05,4,17140,卖盘
729,13:48:45,42.9,--,3,14543,买盘
730,13:48:42,42.9,--,4,17160,买盘
731,13:48:39,42.9,--,4,17160,买盘
732,13:48:33,42.9,-0.01,12,52209,卖盘
733,13:48:30,42.91,0.01,5,21455,买盘
734,13:48:27,42.9,--,30,131745,卖盘
735,13:48:24,42.9,--,29,128356,卖盘
736,13:48:21,42.9,-0.01,3,12870,卖盘
737,13:48:15,42.91,--,8,34328,买盘
738,13:48:12,42.91,--,2,8582,买盘
739,13:48:00,42.91,0.01,12,51491,买盘
740,13:47:57,42.9,--,2,11411,卖盘
741,13:47:54,42.9,-0.01,12,53710,卖盘
742,13:47:45,42.91,--,6,25745,买盘
743,13:47:42,42.91,--,3,12872,买盘
744,13:47:39,42.91,0.01,21,90111,买盘
745,13:47:33,42.9,-0.01,10,42900,卖盘
746,13:47:30,42.91,--,1,4291,买盘
747,13:47:24,42.91,-0.07,13,57585,卖盘
748,13:47:15,42.98,--,1,4298,买盘
749,13:47:12,42.98,--,31,133238,买盘
750,13:46:54,42.98,--,10,42980,买盘
751,13:46:51,42.98,--,5,21490,买盘
752,13:46:48,42.98,--,11,49384,卖盘
753,13:46:39,42.98,--,3,12893,卖盘
754,13:46:27,42.98,0.06,12,51962,买盘
755,13:46:24,42.92,-0.06,11,47254,卖盘
756,13:46:18,42.98,--,1,4298,买盘
757,13:46:06,42.98,-0.02,2,8596,中性盘
758,13:46:00,43.0,0.09,3,12900,买盘
759,13:45:57,42.91,-0.07,29,124524,卖盘
760,13:45:54,42.98,--,26,113381,卖盘
761,13:45:51,42.98,0.07,5,21490,卖盘
762,13:45:42,42.91,--,1,4291,买盘
763,13:45:39,42.91,--,17,72947,买盘
764,13:45:36,42.91,--,7,30036,买盘
765,13:45:33,42.91,--,1,4291,买盘
766,13:45:30,42.91,--,5,21455,买盘
767,13:45:27,42.91,--,1,4291,买盘
768,13:45:24,42.91,-0.01,11,47200,卖盘
769,13:45:21,42.92,-0.06,1,4292,中性盘
770,13:45:18,42.98,0.06,47,202005,买盘
771,13:45:12,42.92,--,17,72964,买盘
772,13:45:06,42.92,--,8,34336,买盘
773,13:45:03,42.92,0.02,2,8584,买盘
774,13:44:57,42.9,--,20,89875,卖盘
775,13:44:54,42.9,--,12,51780,卖盘
776,13:44:51,42.9,--,2,8580,卖盘
777,13:44:45,42.9,--,2,8580,卖盘
778,13:44:30,42.9,--,32,137280,买盘
779,13:44:27,42.9,0.02,10,47104,买盘
780,13:44:24,42.88,-0.01,48,209340,卖盘
781,13:44:21,42.89,-0.01,6,25734,中性盘
782,13:44:18,42.9,0.01,11,47190,买盘
783,13:44:15,42.89,--,1,4289,买盘
784,13:44:09,42.89,--,6,25734,卖盘
785,13:44:06,42.89,-0.09,6,25734,卖盘
786,13:44:03,42.98,0.08,7,30085,买盘
787,13:43:57,42.9,--,8,37923,卖盘
788,13:43:54,42.9,--,9,42256,卖盘
789,13:43:48,42.9,-0.08,5,21450,卖盘
790,13:43:39,42.98,0.08,3,12893,买盘
791,13:43:36,42.9,-0.04,129,553410,卖盘
792,13:43:30,42.94,--,2,8588,卖盘
793,13:43:27,42.94,--,1,8029,卖盘
794,13:43:24,42.94,-0.01,0,3735,卖盘
795,13:43:21,42.95,--,18,77310,卖盘
796,13:43:12,42.95,--,5,21475,卖盘
797,13:43:09,42.95,--,1,4295,卖盘
798,13:43:06,42.95,-0.01,12,51540,卖盘
799,13:43:00,42.96,--,2,8592,卖盘
800,13:42:57,42.96,--,8,37203,卖盘
801,13:42:54,42.96,0.01,11,47771,中性盘
802,13:42:51,42.95,--,8,34360,卖盘
803,13:42:48,42.95,-0.01,25,107375,卖盘
804,13:42:45,42.96,0.01,8,37761,买盘
805,13:42:42,42.95,-0.01,8,34360,卖盘
806,13:42:27,42.96,-0.02,40,172398,卖盘
807,13:42:24,42.98,--,39,171361,卖盘
808,13:42:21,42.98,--,20,85960,卖盘
809,13:42:18,42.98,--,4,17192,卖盘
810,13:42:15,42.98,-0.02,8,34384,卖盘
811,13:42:12,43.0,--,4,17200,买盘
812,13:42:03,43.0,0.02,1,4300,买盘
813,13:42:00,42.98,-0.07,7,32707,卖盘
814,13:41:57,43.05,0.05,16,71204,买盘
815,13:41:54,43.0,--,97,420970,卖盘
816,13:41:48,43.0,--,10,43000,卖盘
817,13:41:33,43.0,--,2,8600,卖盘
818,13:41:24,43.0,-0.05,20,89483,卖盘
819,13:41:21,43.05,--,20,86100,卖盘
820,13:41:15,43.05,--,8,34440,卖盘
821,13:41:12,43.05,0.02,4,17220,卖盘
822,13:41:06,43.03,0.03,14,62307,中性盘
823,13:40:54,43.0,-0.12,83,359007,卖盘
824,13:40:45,43.12,--,2,8624,卖盘
825,13:40:33,43.12,0.04,1,4312,卖盘
826,13:40:27,43.08,-0.03,2,9391,卖盘
827,13:40:24,43.11,--,2,8665,卖盘
828,13:40:12,43.11,-0.05,1,4311,卖盘
829,13:39:57,43.16,0.05,25,112172,买盘
830,13:39:54,43.11,0.06,10,43196,中性盘
831,13:39:36,43.05,--,1,4305,卖盘
832,13:39:24,43.05,--,115,498562,卖盘
833,13:39:21,43.05,--,13,55964,卖盘
834,13:39:18,43.05,--,3,12915,卖盘
835,13:39:15,43.05,--,6,25830,卖盘
836,13:39:09,43.05,--,46,199063,买盘
837,13:39:06,43.05,0.04,100,430500,买盘
838,13:39:03,43.01,0.01,10,43010,中性盘
839,13:38:57,43.0,--,6,27520,卖盘
840,13:38:54,43.0,-0.05,23,101953,卖盘
841,13:38:48,43.05,0.04,17,73185,买盘
842,13:38:45,43.01,-0.04,7,30107,卖盘
843,13:38:42,43.05,0.04,11,47355,买盘
844,13:38:39,43.01,-0.04,100,430100,卖盘
845,13:38:36,43.05,--,5,21525,买盘
846,13:38:30,43.05,--,1,4305,买盘
847,13:38:27,43.05,-0.05,110,474970,卖盘
848,13:38:24,43.1,-0.06,3,14955,卖盘
849,13:38:21,43.16,--,1,4316,买盘
850,13:38:18,43.16,0.06,28,120847,买盘
851,13:38:12,43.1,-0.05,50,215500,卖盘
852,13:38:09,43.15,--,21,91650,卖盘
853,13:38:06,43.15,--,5,24940,卖盘
854,13:37:48,43.15,0.03,33,142395,中性盘
855,13:37:39,43.12,0.02,1,7114,中性盘
856,13:37:36,43.1,-0.05,51,221318,卖盘
857,13:37:33,43.15,-0.01,1,4315,卖盘
858,13:37:18,43.16,--,28,120847,买盘
859,13:37:09,43.16,--,27,120416,卖盘
860,13:37:06,43.16,-0.11,2,9063,卖盘
861,13:37:00,43.27,0.09,2,8654,买盘
862,13:36:48,43.18,0.04,2,8636,卖盘
863,13:36:39,43.14,--,0,3753,卖盘
864,13:36:36,43.14,-0.13,3,13373,卖盘
865,13:36:30,43.27,--,50,216350,卖盘
866,13:36:24,43.27,0.13,11,49803,买盘
867,13:36:18,43.14,-0.13,24,103536,卖盘
868,13:36:15,43.27,0.15,50,216350,买盘
869,13:36:09,43.12,--,0,1767,卖盘
870,13:36:06,43.12,--,0,862,卖盘
871,13:35:54,43.12,-0.15,13,56056,中性盘
872,13:35:45,43.27,0.16,1,4327,买盘
873,13:35:39,43.11,--,30,130321,卖盘
874,13:35:36,43.11,-0.16,7,34315,卖盘
875,13:35:15,43.27,0.16,2,8654,买盘
876,13:35:09,43.11,0.01,100,433298,中性盘
877,13:35:06,43.1,-0.17,44,191708,卖盘
878,13:35:03,43.27,0.17,1,4327,买盘
879,13:34:42,43.1,0.06,21,90510,买盘
880,13:34:39,43.04,--,3,15795,卖盘
881,13:34:36,43.04,0.01,1,4906,中性盘
882,13:34:33,43.03,0.01,4,20611,中性盘
883,13:34:09,43.02,--,0,4043,卖盘
884,13:34:06,43.02,-0.08,0,1118,卖盘
885,13:34:03,43.1,--,2,8620,买盘
886,13:33:48,43.1,--,2,8620,买盘
887,13:33:45,43.1,--,92,396520,买盘
888,13:33:42,43.1,-0.05,208,899281,卖盘
889,13:33:39,43.15,--,0,3020,卖盘
890,13:33:36,43.15,--,1,7680,卖盘
891,13:33:24,43.15,--,2,8630,卖盘
892,13:33:18,43.15,--,10,43150,卖盘
893,13:33:09,43.15,--,9,38835,卖盘
894,13:33:03,43.15,--,2,12254,卖盘
895,13:33:00,43.15,--,2,11995,卖盘
896,13:32:33,43.15,--,5,24207,卖盘
897,13:32:30,43.15,0.02,1,4919,卖盘
898,13:32:24,43.13,-0.02,2,10782,买盘
899,13:32:15,43.15,-0.13,3,15102,卖盘
900,13:32:03,43.28,0.13,2,9738,买盘
901,13:32:00,43.15,-0.13,0,1078,卖盘
902,13:31:42,43.28,-0.07,4,21466,卖盘
903,13:31:39,43.35,--,27,117955,卖盘
904,13:31:36,43.35,0.07,44,194164,买盘
905,13:31:30,43.28,-0.07,24,103872,卖盘
906,13:31:27,43.35,0.01,24,104040,买盘
907,13:31:24,43.34,--,11,47674,卖盘
908,13:31:21,43.34,-0.01,1,4334,中性盘
909,13:31:09,43.35,--,28,123157,卖盘
910,13:31:03,43.35,--,11,49852,卖盘
911,13:31:00,43.35,--,2,9190,卖盘
912,13:30:51,43.35,--,1,4335,卖盘
913,13:30:33,43.35,--,1,4335,卖盘
914,13:30:30,43.35,-0.03,40,173400,卖盘
915,13:30:27,43.38,--,1,4641,卖盘
916,13:30:24,43.38,-0.03,1,4338,卖盘
917,13:30:15,43.41,--,13,56997,卖盘
918,13:30:06,43.41,--,2,8682,卖盘
919,13:30:03,43.41,--,0,2213,卖盘
920,13:30:00,43.41,--,0,1562,买盘
921,13:29:36,43.41,0.03,2,8682,买盘
922,13:29:30,43.38,-0.04,10,46026,卖盘
923,13:29:27,43.42,--,3,13026,卖盘
924,13:29:21,43.42,--,53,230126,卖盘
925,13:29:03,43.42,--,1,6122,买盘
926,13:29:00,43.42,-0.06,1,4342,卖盘
927,13:28:57,43.48,-0.02,9,39132,卖盘
928,13:28:54,43.5,0.02,10,43500,买盘
929,13:28:39,43.48,0.05,14,60871,买盘
930,13:28:36,43.43,0.05,3,13029,买盘
931,13:28:33,43.38,--,0,3166,卖盘
932,13:28:30,43.38,-0.03,0,2602,卖盘
933,13:28:21,43.41,--,1,4341,买盘
934,13:28:18,43.41,0.03,2,8682,中性盘
935,13:28:03,43.38,--,0,2125,卖盘
936,13:28:00,43.38,--,3,13404,卖盘
937,13:27:48,43.38,--,12,52056,买盘
938,13:27:42,43.38,0.03,18,78084,买盘
939,13:27:33,43.35,--,0,2731,卖盘
940,13:27:30,43.35,0.01,0,1473,卖盘
941,13:27:27,43.34,0.04,6,26004,买盘
942,13:27:21,43.3,--,1,4330,卖盘
943,13:27:06,43.3,--,6,25980,卖盘
944,13:27:03,43.3,--,8,37584,卖盘
945,13:27:00,43.3,--,7,30829,卖盘
946,13:26:39,43.3,--,1,4330,买盘
947,13:26:36,43.3,0.02,11,47630,买盘
948,13:26:33,43.28,--,6,26747,卖盘
949,13:26:30,43.28,-0.02,0,1082,卖盘
950,13:26:18,43.3,--,14,60619,买盘
951,13:26:15,43.3,-0.03,19,85344,卖盘
952,13:26:09,43.33,0.03,4,17332,买盘
953,13:26:06,43.3,--,2,8660,卖盘
954,13:26:03,43.3,--,8,38753,卖盘
955,13:26:00,43.3,--,0,1472,卖盘
956,13:25:45,43.3,0.02,29,125569,买盘
957,13:25:33,43.28,--,0,1731,卖盘
958,13:25:30,43.28,-0.02,0,908,卖盘
959,13:25:24,43.3,--,12,51960,买盘
960,13:25:21,43.3,--,2,8660,买盘
961,13:25:09,43.3,0.04,10,43300,买盘
962,13:25:03,43.26,--,2,10901,卖盘
963,13:25:00,43.26,-0.04,0,2163,卖盘
964,13:24:54,43.3,--,2,8660,卖盘
965,13:24:42,43.3,0.04,1,4330,买盘
966,13:24:33,43.26,--,9,39020,卖盘
967,13:24:18,43.26,-0.05,5,21630,卖盘
968,13:24:15,43.31,0.01,15,68862,买盘
969,13:24:06,43.3,--,5,25547,买盘
970,13:24:03,43.3,0.05,1,6365,买盘
971,13:24:00,43.25,-0.05,0,562,中性盘
972,13:23:45,43.3,--,5,21650,买盘
973,13:23:39,43.3,--,2,8660,买盘
974,13:23:36,43.3,0.06,2,8660,买盘
975,13:23:33,43.24,--,7,30657,卖盘
976,13:23:30,43.24,-0.06,3,16085,卖盘
977,13:23:24,43.3,0.02,13,56289,买盘
978,13:23:18,43.28,-0.02,90,389952,卖盘
979,13:23:09,43.3,--,17,73610,买盘
980,13:23:03,43.3,0.02,19,85041,买盘
981,13:23:00,43.28,--,33,143949,卖盘
982,13:22:48,43.28,--,2,8656,卖盘
983,13:22:42,43.28,--,52,225056,买盘
984,13:22:39,43.28,0.04,3,12984,买盘
985,13:22:33,43.24,--,0,302,卖盘
986,13:22:30,43.24,--,0,172,卖盘
987,13:22:03,43.24,0.09,3,14571,买盘
988,13:22:00,43.15,--,2,9277,卖盘
989,13:21:48,43.15,--,2,8630,买盘
990,13:21:42,43.15,0.12,9,38835,买盘
991,13:21:33,43.03,--,1,7487,卖盘
992,13:21:30,43.03,-0.08,5,21515,卖盘
993,13:21:21,43.11,--,8,34488,卖盘
994,13:21:18,43.11,0.08,2,8622,买盘
995,13:21:15,43.03,-0.08,5,21515,卖盘
996,13:21:12,43.11,--,1,4311,买盘
997,13:21:09,43.11,0.01,4,17244,买盘
998,13:21:06,43.1,0.07,1,4310,中性盘
999,13:21:00,43.03,-0.07,11,50043,中性盘
1000,13:20:45,43.1,0.08,1,4310,买盘
1001,13:20:36,43.02,--,20,86040,卖盘
1002,13:20:30,43.02,-0.08,3,12906,卖盘
1003,13:20:21,43.1,0.08,10,43100,买盘
1004,13:20:15,43.02,--,1,4302,卖盘
1005,13:20:12,43.02,0.01,0,3269,买盘
1006,13:20:06,43.01,-0.02,4,17204,卖盘
1007,13:20:00,43.03,-0.07,2,9638,卖盘
1008,13:19:54,43.1,--,42,182528,买盘
1009,13:19:45,43.1,0.08,5,21550,买盘
1010,13:19:42,43.02,-0.08,25,107550,卖盘
1011,13:19:30,43.1,0.08,1,4310,买盘
1012,13:19:24,43.02,-0.08,14,61991,卖盘
1013,13:19:21,43.1,--,1,4310,买盘
1014,13:19:18,43.1,0.08,1,4310,买盘
1015,13:19:12,43.02,-0.08,2,8604,卖盘
1016,13:19:06,43.1,--,3,12930,买盘
1017,13:19:00,43.1,--,11,47410,买盘
1018,13:18:57,43.1,0.09,2,8620,买盘
1019,13:18:54,43.01,-0.09,0,2537,卖盘
1020,13:18:45,43.1,-0.01,1,4310,买盘
1021,13:18:39,43.11,0.11,1,4311,买盘
1022,13:18:33,43.0,--,5,21500,卖盘
1023,13:18:27,43.0,--,12,51600,卖盘
1024,13:18:24,43.0,--,2,10363,卖盘
1025,13:18:06,43.0,--,12,51600,买盘
1026,13:18:00,43.0,--,1,4300,买盘
1027,13:17:57,43.0,0.02,6,25800,买盘
1028,13:17:54,42.98,0.02,6,27464,中性盘
1029,13:17:48,42.96,--,18,79948,卖盘
1030,13:17:33,42.96,0.02,1,4296,卖盘
1031,13:17:30,42.94,--,6,25764,卖盘
1032,13:17:24,42.94,-0.01,24,103399,卖盘
1033,13:17:21,42.95,--,6,25770,买盘
1034,13:17:03,42.95,0.01,4,17180,中性盘
1035,13:17:00,42.94,-0.01,1,4294,卖盘
1036,13:16:54,42.95,-0.01,1,5154,卖盘
1037,13:16:48,42.96,-0.02,5,21480,中性盘
1038,13:16:45,42.98,--,2,8596,卖盘
1039,13:16:42,42.98,-0.02,1,4298,卖盘
1040,13:16:39,43.0,0.04,5,21500,买盘
1041,13:16:33,42.96,-0.04,2,8592,卖盘
1042,13:16:30,43.0,--,26,111800,买盘
1043,13:16:27,43.0,0.02,3,12900,买盘
1044,13:16:24,42.98,-0.02,0,2621,卖盘
1045,13:16:18,43.0,--,32,137600,买盘
1046,13:16:15,43.0,--,80,347440,卖盘
1047,13:16:09,43.0,--,5,21500,卖盘
1048,13:16:00,43.0,-0.11,108,466378,卖盘
1049,13:15:54,43.11,--,0,1595,卖盘
1050,13:15:51,43.11,--,0,1595,买盘
1051,13:15:48,43.11,--,0,2715,卖盘
1052,13:15:42,43.11,-0.03,2,8622,卖盘
1053,13:15:36,43.14,0.03,1,4314,中性盘
1054,13:15:24,43.11,-0.04,6,28452,卖盘
1055,13:15:21,43.15,0.01,1,4315,买盘
1056,13:15:18,43.14,--,0,3321,卖盘
1057,13:15:15,43.14,--,10,43140,卖盘
1058,13:15:12,43.14,-0.01,8,34512,卖盘
1059,13:15:03,43.15,--,2,10312,卖盘
1060,13:14:57,43.15,--,3,12945,卖盘
1061,13:14:54,43.15,-0.05,5,24207,中性盘
1062,13:14:18,43.2,-0.03,58,250560,卖盘
1063,13:14:15,43.23,--,5,21615,买盘
1064,13:14:12,43.23,--,2,8646,买盘
1065,13:14:03,43.23,-0.01,4,17292,卖盘
1066,13:13:57,43.24,-0.01,3,12972,买盘
1067,13:13:54,43.25,--,11,49564,卖盘
1068,13:13:48,43.25,--,2,8650,卖盘
1069,13:13:45,43.25,-0.01,2,8650,卖盘
1070,13:13:42,43.26,--,2,8652,卖盘
1071,13:13:36,43.26,0.01,3,12978,买盘
1072,13:13:33,43.25,-0.01,13,56614,卖盘
1073,13:13:30,43.26,0.01,10,43260,买盘
1074,13:13:21,43.25,-0.01,3,12975,卖盘
1075,13:13:18,43.26,--,1,4326,买盘
1076,13:13:15,43.26,--,5,21630,买盘
1077,13:13:09,43.26,--,10,43260,买盘
1078,13:13:03,43.26,-0.02,5,24225,卖盘
1079,13:12:57,43.28,--,4,17312,买盘
1080,13:12:54,43.28,--,20,86560,买盘
1081,13:12:45,43.28,0.02,3,12984,买盘
1082,13:12:33,43.26,-0.02,10,45249,卖盘
1083,13:12:30,43.28,--,1,4328,买盘
1084,13:12:27,43.28,--,1,4328,买盘
1085,13:12:24,43.28,0.01,21,90888,买盘
1086,13:12:18,43.27,--,1,4327,卖盘
1087,13:12:15,43.27,--,5,22067,买盘
1088,13:12:09,43.27,0.01,1,4327,买盘
1089,13:12:03,43.26,-0.01,23,101185,卖盘
1090,13:11:57,43.27,--,1,4327,买盘
1091,13:11:51,43.27,-0.01,0,3894,卖盘
1092,13:11:48,43.28,--,2,8656,买盘
1093,13:11:45,43.28,--,8,34624,买盘
1094,13:11:33,43.28,-0.02,9,39384,买盘
1095,13:11:21,43.3,-0.01,2,8660,卖盘
1096,13:11:06,43.31,--,3,12993,买盘
1097,13:11:03,43.31,-0.03,11,47641,卖盘
1098,13:10:51,43.34,--,2,8668,买盘
1099,13:10:42,43.34,--,0,996,卖盘
1100,13:10:33,43.34,-0.04,2,8971,卖盘
1101,13:10:24,43.38,--,1,4338,买盘
1102,13:10:03,43.38,--,7,30366,卖盘
1103,13:09:51,43.38,--,2,8676,卖盘
1104,13:09:39,43.38,0.04,2,8676,中性盘
1105,13:09:33,43.34,-0.04,2,11701,卖盘
1106,13:09:30,43.38,-0.02,1,4338,卖盘
1107,13:09:21,43.4,--,11,47740,买盘
1108,13:09:18,43.4,--,39,170301,卖盘
1109,13:09:15,43.4,-0.03,41,180240,卖盘
1110,13:09:12,43.43,0.03,2,10814,买盘
1111,13:09:03,43.4,-0.01,36,157672,卖盘
1112,13:09:00,43.41,--,6,26045,卖盘
1113,13:08:48,43.41,-0.01,3,13022,卖盘
1114,13:08:45,43.42,0.01,1,4342,中性盘
1115,13:08:36,43.41,-0.02,3,13022,卖盘
1116,13:08:33,43.43,-0.08,2,9598,卖盘
1117,13:08:30,43.51,0.01,4,17404,买盘
1118,13:08:27,43.5,-0.01,2,8700,卖盘
1119,13:08:21,43.51,0.01,1,4351,买盘
1120,13:08:15,43.5,--,9,39150,卖盘
1121,13:08:03,43.5,--,37,164386,卖盘
1122,13:07:57,43.5,--,15,65250,卖盘
1123,13:07:51,43.5,--,1,4350,卖盘
1124,13:07:45,43.5,--,1,4350,卖盘
1125,13:07:39,43.5,0.08,5,21750,买盘
1126,13:07:33,43.42,-0.08,10,46937,卖盘
1127,13:07:30,43.5,0.07,5,21750,买盘
1128,13:07:24,43.43,0.01,3,13029,中性盘
1129,13:07:15,43.42,--,1,4342,卖盘
1130,13:07:03,43.42,--,14,64826,卖盘
1131,13:07:00,43.42,-0.09,1,4342,卖盘
1132,13:06:57,43.51,0.09,28,121828,买盘
1133,13:06:51,43.42,--,1,4342,卖盘
1134,13:06:33,43.42,--,41,180583,卖盘
1135,13:06:06,43.42,--,5,21710,卖盘
1136,13:06:03,43.42,--,1,7772,卖盘
1137,13:05:42,43.42,-0.03,1,4342,卖盘
1138,13:05:39,43.45,0.03,11,47795,卖盘
1139,13:05:33,43.42,-0.08,9,39121,卖盘
1140,13:05:27,43.5,0.09,1,4350,买盘
1141,13:05:06,43.41,-0.04,1,4341,卖盘
1142,13:05:03,43.45,-0.06,4,19509,卖盘
1143,13:05:00,43.51,--,1,4351,买盘
1144,13:04:45,43.51,--,11,47861,卖盘
1145,13:04:33,43.51,-0.04,0,3915,卖盘
1146,13:04:30,43.55,--,1,4355,买盘
1147,13:04:15,43.55,0.04,17,76081,卖盘
1148,13:04:03,43.51,--,36,158071,买盘
1149,13:03:57,43.51,0.01,2,8702,买盘
1150,13:03:45,43.5,-0.01,1,4350,中性盘
1151,13:03:36,43.51,--,14,62958,卖盘
1152,13:03:33,43.51,-0.05,13,57955,卖盘
1153,13:03:27,43.56,0.06,1,4356,买盘
1154,13:03:24,43.5,-0.02,99,430650,卖盘
1155,13:03:15,43.52,--,4,17408,卖盘
1156,13:03:12,43.52,0.01,1,4352,卖盘
1157,13:03:06,43.51,0.01,6,26106,买盘
1158,13:03:03,43.5,-0.02,19,84999,卖盘
1159,13:03:00,43.52,--,15,65280,卖盘
1160,13:02:54,43.52,--,2,8704,卖盘
1161,13:02:33,43.52,--,2,11184,卖盘
1162,13:02:30,43.52,--,3,13578,卖盘
1163,13:02:03,43.52,--,56,244669,卖盘
1164,13:02:00,43.52,--,2,10836,卖盘
1165,13:01:33,43.52,--,26,116154,卖盘
1166,13:01:30,43.52,--,1,5222,卖盘
1167,13:01:27,43.52,-0.25,1,4352,中性盘
1168,13:01:18,43.77,--,9,39393,卖盘
1169,13:01:09,43.77,0.27,20,87540,买盘
1170,13:01:03,43.5,-0.02,14,63423,卖盘
1171,13:01:00,43.52,--,5,21760,卖盘
1172,13:00:27,43.52,-0.01,27,121420,卖盘
1173,13:00:21,43.53,--,0,3917,买盘
1174,13:00:06,43.53,--,9,39612,卖盘
1175,13:00:03,43.53,-0.02,80,352157,卖盘
1176,13:00:00,43.55,--,0,0,买盘
1177,11:30:00,43.55,--,0,0,买盘
1178,11:29:54,43.55,-0.03,55,239524,卖盘
1179,11:29:45,43.58,--,2,8716,卖盘
1180,11:29:39,43.58,0.02,2,8716,买盘
1181,11:29:27,43.56,--,3,13068,买盘
1182,11:29:15,43.56,--,19,82764,卖盘
1183,11:29:03,43.56,--,3,13068,中性盘
1184,11:28:42,43.56,0.01,10,43560,买盘
1185,11:28:39,43.55,--,1,4355,卖盘
1186,11:28:30,43.55,--,2,8710,买盘
1187,11:28:27,43.55,--,10,43550,买盘
1188,11:28:24,43.55,--,1,4355,买盘
1189,11:28:18,43.55,--,50,217750,买盘
1190,11:27:57,43.55,--,2,8710,买盘
1191,11:27:48,43.55,--,3,13065,买盘
1192,11:27:42,43.55,--,10,43550,买盘
1193,11:27:21,43.55,--,2,8710,买盘
1194,11:27:12,43.55,--,5,21775,买盘
1195,11:27:09,43.55,-0.01,85,370175,卖盘
1196,11:27:03,43.56,--,17,74052,买盘
1197,11:26:57,43.56,--,10,43560,买盘
1198,11:26:54,43.56,0.01,7,30492,中性盘
1199,11:26:21,43.55,-0.05,2,8710,中性盘
1200,11:25:45,43.6,--,2,8720,卖盘
1201,11:25:42,43.6,0.04,13,56680,中性盘
1202,11:25:30,43.56,-0.04,1,4356,卖盘
1203,11:25:27,43.6,--,1,4360,卖盘
1204,11:25:24,43.6,-0.1,2,8720,卖盘
1205,11:25:09,43.7,--,55,240350,卖盘
1206,11:25:06,43.7,--,1,4370,卖盘
1207,11:25:03,43.7,--,1,4370,卖盘
1208,11:24:54,43.7,-0.01,20,87400,卖盘
1209,11:24:51,43.71,-0.02,3,13113,卖盘
1210,11:24:48,43.73,--,2,8746,卖盘
1211,11:24:45,43.73,-0.01,5,21865,卖盘
1212,11:24:21,43.74,-0.09,102,446148,卖盘
1213,11:24:12,43.83,0.08,9,39447,买盘
1214,11:24:06,43.75,-0.06,7,30625,中性盘
1215,11:23:33,43.81,--,6,26286,卖盘
1216,11:23:21,43.81,--,3,13143,卖盘
1217,11:22:54,43.81,--,1,4381,卖盘
1218,11:22:42,43.81,-0.08,2,8762,卖盘
1219,11:22:39,43.89,0.01,50,219450,买盘
1220,11:22:36,43.88,-0.01,5,21940,中性盘
1221,11:22:06,43.89,--,50,219450,买盘
1222,11:21:51,43.89,0.11,50,219450,买盘
1223,11:21:42,43.78,-0.11,79,345862,卖盘
1224,11:21:39,43.89,--,2,8778,买盘
1225,11:21:33,43.89,-0.01,26,114114,卖盘
1226,11:21:21,43.9,0.01,11,48290,买盘
1227,11:21:15,43.89,--,3,13167,买盘
1228,11:20:45,43.89,0.17,30,131670,买盘
1229,11:20:33,43.72,--,44,192368,买盘
1230,11:20:24,43.72,0.05,5,21860,买盘
1231,11:20:21,43.67,-0.05,1,4367,卖盘
1232,11:20:12,43.72,0.05,89,389108,买盘
1233,11:20:09,43.67,-0.03,2,8734,卖盘
1234,11:19:51,43.7,0.01,11,48070,买盘
1235,11:19:45,43.69,0.04,1,4369,买盘
1236,11:19:27,43.65,-0.05,1,4365,中性盘
1237,11:19:09,43.7,0.05,55,240350,买盘
1238,11:18:51,43.65,0.05,10,43650,买盘
1239,11:18:45,43.6,0.05,15,65400,买盘
1240,11:18:12,43.55,--,5,21775,买盘
1241,11:18:06,43.55,--,1,4355,买盘
1242,11:17:54,43.55,0.03,1,4355,买盘
1243,11:17:51,43.52,--,1,4352,卖盘
1244,11:17:48,43.52,--,2,8704,买盘
1245,11:17:39,43.52,--,2,8704,买盘
1246,11:17:33,43.52,--,1,4352,买盘
1247,11:17:27,43.52,--,13,56576,买盘
1248,11:17:03,43.52,0.02,10,43520,买盘
1249,11:16:54,43.5,--,2,8700,卖盘
1250,11:16:51,43.5,0.05,2,8700,买盘
1251,11:16:39,43.45,-0.05,1,4345,卖盘
1252,11:16:36,43.5,0.05,10,43500,买盘
1253,11:16:12,43.45,-0.05,20,86900,卖盘
1254,11:16:03,43.5,--,16,69600,买盘
1255,11:15:48,43.5,--,22,95700,卖盘
1256,11:15:30,43.5,--,9,39150,买盘
1257,11:15:24,43.5,0.09,1,4350,买盘
1258,11:15:12,43.41,-0.01,1,4341,卖盘
1259,11:15:03,43.42,--,9,39078,卖盘
1260,11:14:51,43.42,--,10,43420,卖盘
1261,11:14:27,43.42,--,1,4342,卖盘
1262,11:14:24,43.42,0.01,1,4342,中性盘
1263,11:14:09,43.41,-0.01,30,130229,卖盘
1264,11:14:00,43.42,--,16,69472,买盘
1265,11:13:57,43.42,--,14,60788,买盘
1266,11:13:51,43.42,-0.08,8,34736,卖盘
1267,11:13:39,43.5,0.08,9,39150,买盘
1268,11:13:24,43.42,--,1,4342,买盘
1269,11:13:06,43.42,--,5,21710,买盘
1270,11:13:00,43.42,--,10,43420,买盘
1271,11:12:45,43.42,0.01,1,4342,买盘
1272,11:12:39,43.41,--,30,130229,卖盘
1273,11:12:18,43.41,-0.09,6,26045,卖盘
1274,11:12:06,43.5,-0.02,49,213150,卖盘
1275,11:12:00,43.52,0.02,1,4352,买盘
1276,11:11:57,43.5,-0.02,5,21750,卖盘
1277,11:11:36,43.52,0.02,64,278528,买盘
1278,11:11:30,43.5,--,2,8700,卖盘
1279,11:11:27,43.5,-0.02,4,17400,卖盘
1280,11:11:24,43.52,0.02,22,95744,买盘
1281,11:11:18,43.5,--,7,30450,卖盘
1282,11:11:12,43.5,-0.01,1,4350,卖盘
1283,11:11:09,43.51,--,3,13053,中性盘
1284,11:11:03,43.51,-0.01,1,4351,卖盘
1285,11:10:57,43.52,--,6,28592,卖盘
1286,11:10:48,43.52,--,1,4352,卖盘
1287,11:10:42,43.52,--,1,4352,卖盘
1288,11:10:39,43.52,--,0,1871,卖盘
1289,11:10:36,43.52,--,4,17408,卖盘
1290,11:10:33,43.52,0.02,2,8704,买盘
1291,11:10:21,43.5,--,4,17400,卖盘
1292,11:10:18,43.5,--,18,78300,卖盘
1293,11:10:12,43.5,-0.02,16,69600,卖盘
1294,11:10:06,43.52,--,10,43520,买盘
1295,11:09:54,43.52,--,2,8704,买盘
1296,11:09:51,43.52,-0.03,3,13056,卖盘
1297,11:09:48,43.55,0.03,3,13065,买盘
1298,11:09:36,43.52,--,5,21760,买盘
1299,11:09:30,43.52,-0.08,14,60928,中性盘
1300,11:09:18,43.6,0.08,19,82840,买盘
1301,11:09:15,43.52,-0.02,5,21760,买盘
1302,11:09:12,43.54,-0.06,10,43540,中性盘
1303,11:09:00,43.6,0.06,22,95920,买盘
1304,11:08:54,43.54,0.02,30,130620,买盘
1305,11:08:51,43.52,-0.02,6,26112,卖盘
1306,11:08:48,43.54,0.02,6,26124,买盘
1307,11:08:45,43.52,--,10,43520,卖盘
1308,11:08:42,43.52,0.02,1,4352,买盘
1309,11:08:30,43.5,-0.02,16,69600,卖盘
1310,11:08:24,43.52,0.1,7,30464,买盘
1311,11:08:21,43.42,--,3,13026,买盘
1312,11:08:18,43.42,--,2,8684,买盘
1313,11:08:12,43.42,--,2,8684,买盘
1314,11:08:09,43.42,-0.08,3,13026,卖盘
1315,11:07:57,43.5,0.08,1,4350,买盘
1316,11:07:51,43.42,-0.08,15,65130,卖盘
1317,11:07:48,43.5,0.08,24,104400,买盘
1318,11:07:42,43.42,-0.08,5,21710,卖盘
1319,11:07:39,43.5,--,10,43500,买盘
1320,11:07:33,43.5,--,55,239250,卖盘
1321,11:07:30,43.5,--,12,52200,卖盘
1322,11:07:24,43.5,--,7,30450,卖盘
1323,11:07:21,43.5,0.09,62,269700,买盘
1324,11:07:18,43.41,--,1,4341,卖盘
1325,11:07:15,43.41,--,1,4341,卖盘
1326,11:07:12,43.41,--,16,69456,卖盘
1327,11:07:03,43.41,--,8,36073,买盘
1328,11:07:00,43.41,--,75,325575,买盘
1329,11:06:57,43.41,0.01,1,4341,买盘
1330,11:06:51,43.4,-0.01,11,47740,卖盘
1331,11:06:48,43.41,--,3,13022,买盘
1332,11:06:42,43.41,--,14,60773,买盘
1333,11:06:33,43.41,--,1,4341,买盘
1334,11:06:30,43.41,--,7,32123,卖盘
1335,11:06:21,43.41,--,7,30386,卖盘
1336,11:06:12,43.41,0.07,21,93765,买盘
1337,11:06:06,43.34,--,42,182028,买盘
1338,11:06:03,43.34,0.08,26,112684,中性盘
1339,11:06:00,43.26,-0.12,7,30282,卖盘
1340,11:05:54,43.38,0.13,1,4338,买盘
1341,11:05:51,43.25,-0.09,67,289775,卖盘
1342,11:05:45,43.34,0.08,6,26004,买盘
1343,11:05:36,43.26,0.01,1,4326,中性盘
1344,11:05:33,43.25,--,2,8650,卖盘
1345,11:05:30,43.25,--,10,43250,中性盘
1346,11:05:24,43.25,0.01,4,17300,卖盘
1347,11:05:15,43.24,--,1,4324,买盘
1348,11:05:12,43.24,-0.01,13,56212,卖盘
1349,11:05:03,43.25,--,7,30275,买盘
1350,11:04:54,43.25,--,5,21625,买盘
1351,11:04:51,43.25,--,20,86500,买盘
1352,11:04:45,43.25,-0.1,4,17300,买盘
1353,11:04:30,43.35,--,2,8670,卖盘
1354,11:04:27,43.35,0.04,66,286110,买盘
1355,11:04:24,43.31,0.03,15,64965,买盘
1356,11:04:21,43.28,--,3,12984,买盘
1357,11:04:18,43.28,-0.03,46,199088,卖盘
1358,11:04:12,43.31,0.01,26,112606,买盘
1359,11:04:09,43.3,-0.02,52,225159,卖盘
1360,11:04:06,43.32,--,2,8664,买盘
1361,11:04:03,43.32,--,9,38988,买盘
1362,11:03:54,43.32,--,1,4332,买盘
1363,11:03:51,43.32,0.01,3,12996,卖盘
1364,11:03:45,43.31,-0.04,6,25986,卖盘
1365,11:03:39,43.35,--,4,17340,买盘
1366,11:03:33,43.35,0.04,28,121380,买盘
1367,11:03:30,43.31,-0.04,17,73627,卖盘
1368,11:03:27,43.35,--,40,173400,买盘
1369,11:03:24,43.35,--,11,47685,买盘
1370,11:03:18,43.35,0.02,5,21675,买盘
1371,11:03:15,43.33,-0.02,3,12999,中性盘
1372,11:03:12,43.35,-0.05,1,4335,卖盘
1373,11:03:09,43.4,--,5,21700,买盘
1374,11:03:06,43.4,--,4,17360,买盘
1375,11:02:51,43.4,-0.05,7,30380,卖盘
1376,11:02:48,43.45,-0.03,20,86900,买盘
1377,11:02:42,43.48,-0.03,23,100004,卖盘
1378,11:02:30,43.51,-0.03,8,34808,卖盘
1379,11:02:27,43.54,0.02,15,65310,买盘
1380,11:02:18,43.52,-0.02,1,4352,卖盘
1381,11:02:12,43.54,-0.01,1,4354,卖盘
1382,11:02:03,43.55,-0.01,195,850008,卖盘
1383,11:02:00,43.56,--,2,8712,买盘
1384,11:01:48,43.56,-0.04,4,17424,卖盘
1385,11:01:39,43.6,--,4,17440,买盘
1386,11:01:33,43.6,--,1,4360,中性盘
1387,11:01:27,43.6,--,14,61040,卖盘
1388,11:01:21,43.6,-0.06,3,13080,卖盘
1389,11:01:15,43.66,0.06,3,13097,买盘
1390,11:01:12,43.6,--,2,8720,卖盘
1391,11:01:09,43.6,-0.06,4,17440,卖盘
1392,11:01:03,43.66,--,4,17464,卖盘
1393,11:00:57,43.66,-0.02,1,4366,卖盘
1394,11:00:45,43.68,-0.02,2,8736,卖盘
1395,11:00:36,43.7,--,8,34960,中性盘
1396,11:00:33,43.7,--,6,26220,卖盘
1397,11:00:30,43.7,--,18,78660,卖盘
1398,11:00:24,43.7,--,1,4370,卖盘
1399,11:00:15,43.7,--,2,8740,卖盘
1400,11:00:12,43.7,--,18,78660,卖盘
1401,11:00:06,43.7,--,25,109250,买盘
1402,10:59:54,43.7,0.01,82,358340,买盘
1403,10:59:51,43.69,-0.01,10,43690,卖盘
1404,10:59:48,43.7,--,30,131100,买盘
1405,10:59:39,43.7,-0.02,27,117990,卖盘
1406,10:59:33,43.72,0.02,3,13116,买盘
1407,10:59:30,43.7,-0.02,1,4370,卖盘
1408,10:59:24,43.72,--,27,118044,卖盘
1409,10:59:12,43.72,-0.19,20,87440,卖盘
1410,10:59:09,43.91,0.21,7,30736,买盘
1411,10:59:03,43.7,--,1,4370,买盘
1412,10:58:57,43.7,--,5,21850,买盘
1413,10:58:51,43.7,--,2,8740,卖盘
1414,10:58:48,43.7,-0.21,9,39330,卖盘
1415,10:58:39,43.91,0.24,100,439099,买盘
1416,10:58:36,43.67,--,5,21835,买盘
1417,10:58:33,43.67,0.02,10,43670,中性盘
1418,10:58:27,43.65,-0.02,10,43650,卖盘
1419,10:58:21,43.67,-0.02,4,17468,卖盘
1420,10:58:18,43.69,0.02,1,4369,中性盘
1421,10:58:12,43.67,-0.02,17,74239,卖盘
1422,10:58:09,43.69,0.04,8,34952,买盘
1423,10:58:00,43.65,-0.03,44,192060,卖盘
1424,10:57:57,43.68,--,3,13104,卖盘
1425,10:57:54,43.68,0.03,29,126672,买盘
1426,10:57:51,43.65,0.05,21,91665,买盘
1427,10:57:48,43.6,--,2,8720,卖盘
1428,10:57:45,43.6,-0.05,6,26160,卖盘
1429,10:57:42,43.65,--,3,13095,买盘
1430,10:57:39,43.65,0.05,5,21825,买盘
1431,10:57:30,43.6,0.04,28,122080,卖盘
1432,10:57:27,43.56,--,2,8712,卖盘
1433,10:57:24,43.56,-0.01,8,34848,卖盘
1434,10:57:21,43.57,--,10,43570,买盘
1435,10:57:18,43.57,-0.03,6,26142,卖盘
1436,10:57:15,43.6,0.04,19,82840,买盘
1437,10:57:12,43.56,-0.04,27,117612,卖盘
1438,10:57:09,43.6,0.03,8,34880,买盘
1439,10:57:06,43.57,0.02,3,13071,买盘
1440,10:57:03,43.55,-0.05,37,161135,卖盘
1441,10:57:00,43.6,0.05,80,348800,买盘
1442,10:56:54,43.55,--,4,17420,卖盘
1443,10:56:51,43.55,--,21,91455,卖盘
1444,10:56:48,43.55,--,4,17420,卖盘
1445,10:56:45,43.55,--,10,47121,买盘
1446,10:56:42,43.55,--,8,34840,买盘
1447,10:56:39,43.55,--,12,52260,买盘
1448,10:56:30,43.55,-0.02,50,217750,卖盘
1449,10:56:27,43.57,-0.03,37,162385,卖盘
1450,10:56:24,43.6,--,41,178760,卖盘
1451,10:56:21,43.6,0.02,134,584240,买盘
1452,10:56:15,43.58,--,6,26148,买盘
1453,10:56:12,43.58,0.01,28,122024,买盘
1454,10:56:09,43.57,--,16,72892,卖盘
1455,10:56:03,43.57,-0.02,52,226564,卖盘
1456,10:56:00,43.59,0.01,23,100257,买盘
1457,10:55:57,43.58,--,8,34864,买盘
1458,10:55:54,43.58,--,2,8716,买盘
1459,10:55:51,43.58,--,14,61012,卖盘
1460,10:55:48,43.58,--,20,87160,卖盘
1461,10:55:45,43.58,-0.02,2,8716,卖盘
1462,10:55:36,43.6,--,2,8720,卖盘
1463,10:55:33,43.6,-0.02,12,52320,卖盘
1464,10:55:30,43.62,--,11,47982,卖盘
1465,10:55:27,43.62,--,10,43620,卖盘
1466,10:55:21,43.62,-0.05,1,4362,卖盘
1467,10:55:18,43.67,--,2,8734,卖盘
1468,10:55:15,43.67,0.01,8,34936,买盘
1469,10:55:12,43.66,--,23,100417,卖盘
1470,10:55:06,43.66,--,11,48025,卖盘
1471,10:55:03,43.66,-0.03,1,4366,卖盘
1472,10:54:57,43.69,-0.01,32,139808,卖盘
1473,10:54:51,43.7,--,7,30590,卖盘
1474,10:54:45,43.7,-0.01,4,17480,卖盘
1475,10:54:42,43.71,--,15,65565,卖盘
1476,10:54:39,43.71,--,20,87420,卖盘
1477,10:54:36,43.71,-0.04,1,4371,卖盘
1478,10:54:30,43.75,-0.05,2,8750,卖盘
1479,10:54:18,43.8,-0.05,5,21900,卖盘
1480,10:54:09,43.85,--,6,27493,卖盘
1481,10:54:06,43.85,--,6,26310,卖盘
1482,10:54:03,43.85,-0.04,13,57005,卖盘
1483,10:53:54,43.89,--,168,738361,买盘
1484,10:53:51,43.89,-0.01,12,52668,卖盘
1485,10:53:48,43.9,--,3,13170,卖盘
1486,10:53:45,43.9,--,4,17560,卖盘
1487,10:53:36,43.9,-0.01,2,8780,卖盘
1488,10:53:33,43.91,--,12,52691,卖盘
1489,10:53:30,43.91,--,24,105383,卖盘
1490,10:53:27,43.91,--,2,8782,卖盘
1491,10:53:24,43.91,--,11,48300,卖盘
1492,10:53:21,43.91,--,80,351280,卖盘
1493,10:53:18,43.91,--,12,52691,卖盘
1494,10:53:15,43.91,--,35,153685,卖盘
1495,10:53:12,43.91,--,13,57082,卖盘
1496,10:53:06,43.91,--,8,35128,卖盘
1497,10:53:00,43.91,-0.01,37,162467,卖盘
1498,10:52:57,43.92,--,2,8784,卖盘
1499,10:52:51,43.92,--,12,52704,卖盘
1500,10:52:48,43.92,--,5,21960,卖盘
1501,10:52:45,43.92,--,1,4392,卖盘
1502,10:52:42,43.92,-0.01,200,878400,卖盘
1503,10:52:39,43.93,--,2,8786,卖盘
1504,10:52:36,43.93,-0.02,1,4393,卖盘
1505,10:52:30,43.95,-0.01,4,17580,卖盘
1506,10:52:27,43.96,--,7,30772,卖盘
1507,10:52:21,43.96,0.01,144,633024,买盘
1508,10:52:18,43.95,--,11,48345,卖盘
1509,10:52:15,43.95,--,14,61530,卖盘
1510,10:52:12,43.95,--,10,43950,卖盘
1511,10:52:09,43.95,--,76,334020,卖盘
1512,10:52:06,43.95,--,6,26370,卖盘
1513,10:52:03,43.95,--,1,4395,卖盘
1514,10:52:00,43.95,--,95,417525,卖盘
1515,10:51:57,43.95,--,55,241725,卖盘
1516,10:51:54,43.95,--,4,17580,卖盘
1517,10:51:51,43.95,-0.01,15,65925,卖盘
1518,10:51:45,43.96,0.01,4,17584,买盘
1519,10:51:30,43.95,-0.01,18,79110,卖盘
1520,10:51:27,43.96,0.01,1,4396,买盘
1521,10:51:12,43.95,-0.01,16,70320,卖盘
1522,10:51:03,43.96,--,17,74732,卖盘
1523,10:50:57,43.96,-0.01,300,1318800,卖盘
1524,10:50:54,43.97,0.01,2,8794,买盘
1525,10:50:51,43.96,-0.01,15,65940,卖盘
1526,10:50:45,43.97,0.01,1,4397,买盘
1527,10:50:33,43.96,--,2,8792,卖盘
1528,10:50:30,43.96,--,19,83524,卖盘
1529,10:50:15,43.96,--,1,4396,卖盘
1530,10:50:09,43.96,-0.01,18,79128,卖盘
1531,10:50:03,43.97,--,1,4397,买盘
1532,10:50:00,43.97,0.01,5,21985,买盘
1533,10:49:54,43.96,-0.03,10,43960,卖盘
1534,10:49:48,43.99,0.03,10,43990,买盘
1535,10:49:45,43.96,-0.03,5,21980,卖盘
1536,10:49:39,43.99,0.03,1,4399,买盘
1537,10:49:30,43.96,-0.01,11,48356,卖盘
1538,10:49:27,43.97,0.01,1,4397,中性盘
1539,10:49:24,43.96,--,1,4396,卖盘
1540,10:49:15,43.96,--,6,26376,卖盘
1541,10:49:12,43.96,-0.01,9,39564,卖盘
1542,10:49:06,43.97,--,15,65955,买盘
1543,10:48:45,43.97,0.01,3,13191,中性盘
1544,10:48:36,43.96,--,1,4396,卖盘
1545,10:48:30,43.96,--,17,74732,卖盘
1546,10:48:24,43.96,--,2,8792,卖盘
1547,10:48:21,43.96,--,25,109900,卖盘
1548,10:48:12,43.96,--,1,4396,卖盘
1549,10:48:09,43.96,-0.03,26,114296,卖盘
1550,10:48:03,43.99,0.03,5,21995,买盘
1551,10:47:57,43.96,--,1,4396,卖盘
1552,10:47:54,43.96,--,1,4396,卖盘
1553,10:47:51,43.96,--,15,65940,卖盘
1554,10:47:42,43.96,--,2,8792,卖盘
1555,10:47:39,43.96,--,1,4396,卖盘
1556,10:47:30,43.96,-0.01,18,79128,卖盘
1557,10:47:21,43.97,--,8,35176,卖盘
1558,10:47:18,43.97,--,2,8794,卖盘
1559,10:47:12,43.97,--,5,21985,卖盘
1560,10:47:09,43.97,--,18,79146,卖盘
1561,10:47:06,43.97,-0.02,3,13191,卖盘
1562,10:46:57,43.99,0.02,12,52788,买盘
1563,10:46:54,43.97,--,6,26382,卖盘
1564,10:46:51,43.97,-0.02,12,52764,卖盘
1565,10:46:42,43.99,0.03,1,4399,买盘
1566,10:46:39,43.96,--,2,8792,卖盘
1567,10:46:36,43.96,--,9,39564,卖盘
1568,10:46:30,43.96,--,10,43960,卖盘
1569,10:46:09,43.96,-0.01,54,237384,卖盘
1570,10:46:03,43.97,--,3,13191,买盘
1571,10:45:51,43.97,--,3,15741,卖盘
1572,10:45:39,43.97,-0.02,6,26382,卖盘
1573,10:45:36,43.99,0.02,34,149566,买盘
1574,10:45:30,43.97,--,17,74749,卖盘
1575,10:45:24,43.97,-0.02,5,21985,卖盘
1576,10:45:15,43.99,--,1,4399,买盘
1577,10:45:09,43.99,--,4,17596,卖盘
1578,10:44:57,43.99,0.02,26,114374,买盘
1579,10:44:51,43.97,--,15,65955,卖盘
1580,10:44:48,43.97,-0.02,0,1846,卖盘
1581,10:44:30,43.99,--,2,8798,卖盘
1582,10:44:24,43.99,--,1,4399,卖盘
1583,10:44:21,43.99,0.02,8,35192,买盘
1584,10:44:09,43.97,-0.02,12,52764,卖盘
1585,10:44:06,43.99,--,1,4399,买盘
1586,10:43:54,43.99,--,3,13197,买盘
1587,10:43:51,43.99,0.03,14,61586,买盘
1588,10:43:39,43.96,--,10,43960,卖盘
1589,10:43:33,43.96,--,1,4396,卖盘
1590,10:43:30,43.96,-0.03,10,43960,卖盘
1591,10:43:27,43.99,0.03,3,13197,买盘
1592,10:43:21,43.96,-0.03,6,26376,卖盘
1593,10:43:18,43.99,0.03,5,21995,买盘
1594,10:43:15,43.96,--,12,52752,买盘
1595,10:43:12,43.96,--,1,4396,买盘
1596,10:43:09,43.96,-0.03,1,4396,卖盘
1597,10:42:54,43.99,--,1,4399,买盘
1598,10:42:51,43.99,--,8,35192,卖盘
1599,10:42:45,43.99,--,2,8798,卖盘
1600,10:42:36,43.99,0.04,10,43990,买盘
1601,10:42:30,43.95,-0.04,11,48345,卖盘
1602,10:42:27,43.99,--,253,1112947,买盘
1603,10:42:21,43.99,--,1,4399,买盘
1604,10:42:18,43.99,--,1,4399,买盘
1605,10:42:09,43.99,-0.01,7,30793,卖盘
1606,10:42:00,44.0,-0.05,110,488004,卖盘
1607,10:41:57,44.05,--,3,13215,买盘
1608,10:41:51,44.05,--,15,66075,买盘
1609,10:41:45,44.05,0.05,10,44050,买盘
1610,10:41:30,44.0,-0.03,21,92400,卖盘
1611,10:41:21,44.03,0.03,1,4403,卖盘
1612,10:41:18,44.0,-0.02,52,228800,卖盘
1613,10:41:15,44.02,0.02,5,22010,买盘
1614,10:41:12,44.0,--,1,4400,卖盘
1615,10:41:09,44.0,--,12,52800,卖盘
1616,10:41:03,44.0,--,8,35200,卖盘
1617,10:41:00,44.0,0.06,285,1254396,买盘
1618,10:40:51,43.94,-0.01,1,4394,卖盘
1619,10:40:33,43.95,--,106,465870,卖盘
1620,10:40:30,43.95,-0.01,10,43950,卖盘
1621,10:40:27,43.96,0.01,9,39564,买盘
1622,10:40:24,43.95,--,3,13185,卖盘
1623,10:40:21,43.95,--,1,4395,卖盘
1624,10:40:12,43.95,--,5,21975,卖盘
1625,10:40:09,43.95,--,18,79110,卖盘
1626,10:40:06,43.95,--,75,329625,卖盘
1627,10:40:00,43.95,--,26,114270,卖盘
1628,10:39:51,43.95,-0.01,18,79110,卖盘
1629,10:39:48,43.96,0.01,26,114296,买盘
1630,10:39:45,43.95,--,3,13185,卖盘
1631,10:39:36,43.95,--,5,21975,卖盘
1632,10:39:33,43.95,-0.01,7,30765,卖盘
1633,10:39:30,43.96,--,3,13188,买盘
1634,10:39:27,43.96,--,2,8792,买盘
1635,10:39:21,43.96,--,20,87920,卖盘
1636,10:39:15,43.96,--,17,74732,卖盘
1637,10:39:09,43.96,--,5,21980,卖盘
1638,10:39:06,43.96,--,11,48356,卖盘
1639,10:39:03,43.96,--,18,79128,卖盘
1640,10:38:57,43.96,--,6,26376,卖盘
1641,10:38:54,43.96,--,4,17584,卖盘
1642,10:38:45,43.96,-0.01,116,509936,卖盘
1643,10:38:42,43.97,--,4,17588,卖盘
1644,10:38:39,43.97,0.01,1,4397,卖盘
1645,10:38:36,43.96,-0.02,9,39564,卖盘
1646,10:38:27,43.98,--,2,8796,买盘
1647,10:38:24,43.98,--,19,83562,卖盘
1648,10:38:12,43.98,-0.01,9,39582,卖盘
1649,10:38:09,43.99,0.01,1,4399,买盘
1650,10:38:06,43.98,-0.02,1,4398,卖盘
1651,10:38:00,44.0,0.02,4,17600,买盘
1652,10:37:54,43.98,--,4,17592,卖盘
1653,10:37:48,43.98,0.01,1,4398,中性盘
1654,10:37:45,43.97,-0.01,4,17588,卖盘
1655,10:37:42,43.98,0.01,5,21990,中性盘
1656,10:37:39,43.97,-0.03,1,4397,卖盘
1657,10:37:33,44.0,0.03,7,30800,买盘
1658,10:37:27,43.97,--,2,8794,卖盘
1659,10:37:24,43.97,--,8,35176,卖盘
1660,10:37:18,43.97,--,1,4397,买盘
1661,10:37:12,43.97,-0.03,2,8794,卖盘
1662,10:37:03,44.0,0.02,6,26400,买盘
1663,10:36:51,43.98,-0.02,1,4398,中性盘
1664,10:36:45,44.0,--,1,4400,买盘
1665,10:36:42,44.0,-0.02,11,49984,卖盘
1666,10:36:39,44.02,0.02,2,8804,买盘
1667,10:36:36,44.0,--,20,88000,卖盘
1668,10:36:33,44.0,--,23,101200,卖盘
1669,10:36:30,44.0,--,7,30800,卖盘
1670,10:36:27,44.0,--,21,92400,卖盘
1671,10:36:21,44.0,--,4,17600,卖盘
1672,10:36:18,44.0,--,30,132000,卖盘
1673,10:36:15,44.0,-0.02,17,74800,卖盘
1674,10:36:12,44.02,0.02,18,79236,买盘
1675,10:36:09,44.0,--,59,259600,卖盘
1676,10:36:03,44.0,--,6,26400,卖盘
1677,10:36:00,44.0,--,10,44000,卖盘
1678,10:35:57,44.0,--,23,101200,卖盘
1679,10:35:54,44.0,--,10,44000,卖盘
1680,10:35:48,44.0,--,5,22000,卖盘
1681,10:35:42,44.0,--,2,8800,卖盘
1682,10:35:39,44.0,--,11,49016,卖盘
1683,10:35:36,44.0,--,20,88000,卖盘
1684,10:35:33,44.0,--,23,101200,卖盘
1685,10:35:21,44.0,--,5,22000,卖盘
1686,10:35:12,44.0,--,15,66000,卖盘
1687,10:35:09,44.0,--,1,4400,卖盘
1688,10:35:06,44.0,--,1,4400,卖盘
1689,10:35:03,44.0,--,4,17600,卖盘
1690,10:34:54,44.0,--,1,4400,卖盘
1691,10:34:51,44.0,-0.02,21,92400,卖盘
1692,10:34:45,44.02,0.02,2,8804,中性盘
1693,10:34:42,44.0,--,1,4400,卖盘
1694,10:34:36,44.0,--,12,52800,卖盘
1695,10:34:30,44.0,-0.07,14,61600,卖盘
1696,10:34:21,44.07,0.04,33,145431,买盘
1697,10:34:18,44.03,--,32,144682,卖盘
1698,10:34:12,44.03,--,2,8806,卖盘
1699,10:33:54,44.03,--,76,334628,卖盘
1700,10:33:42,44.03,-0.04,10,44030,卖盘
1701,10:33:33,44.07,--,6,26442,卖盘
1702,10:33:24,44.07,--,20,88140,卖盘
1703,10:33:21,44.07,--,1,4407,卖盘
1704,10:33:18,44.07,--,3,13221,卖盘
1705,10:33:15,44.07,-0.01,38,167466,卖盘
1706,10:33:00,44.08,--,12,52896,买盘
1707,10:32:57,44.08,--,1,4408,卖盘
1708,10:32:42,44.08,0.01,1,4408,中性盘
1709,10:32:36,44.07,--,2,8814,卖盘
1710,10:32:27,44.07,--,5,22035,卖盘
1711,10:32:24,44.07,--,16,70512,卖盘
1712,10:32:18,44.07,--,3,13221,卖盘
1713,10:31:54,44.07,-0.01,11,48477,卖盘
1714,10:31:51,44.08,0.05,6,26448,买盘
1715,10:31:48,44.03,--,61,268583,卖盘
1716,10:31:45,44.03,--,6,26418,卖盘
1717,10:31:33,44.03,--,4,17612,卖盘
1718,10:31:30,44.03,0.02,5,22631,买盘
1719,10:31:18,44.01,--,4,17604,卖盘
1720,10:31:12,44.01,0.01,2,8802,中性盘
1721,10:31:09,44.0,--,54,237600,卖盘
1722,10:31:06,44.0,-0.03,31,136400,卖盘
1723,10:31:00,44.03,0.03,14,61642,买盘
1724,10:30:54,44.0,--,5,22000,卖盘
1725,10:30:51,44.0,--,1,4400,卖盘
1726,10:30:48,44.0,--,1,4400,卖盘
1727,10:30:42,44.0,--,57,250800,卖盘
1728,10:30:36,44.0,--,3,13200,卖盘
1729,10:30:33,44.0,-0.02,75,330000,卖盘
1730,10:30:30,44.02,-0.01,1,4402,卖盘
1731,10:30:18,44.03,-0.05,1,4403,卖盘
1732,10:30:06,44.08,-0.02,4,17632,卖盘
1733,10:30:00,44.1,--,5,22050,买盘
1734,10:29:54,44.1,--,21,92610,卖盘
1735,10:29:33,44.1,--,4,17640,卖盘
1736,10:29:27,44.1,-0.06,1,4410,卖盘
1737,10:29:21,44.16,0.08,10,44160,买盘
1738,10:29:18,44.08,-0.08,2,8816,卖盘
1739,10:29:09,44.16,0.06,2,8832,买盘
1740,10:29:03,44.1,--,5,22050,卖盘
1741,10:28:54,44.1,-0.06,1,4410,卖盘
1742,10:28:48,44.16,0.06,9,39744,买盘
1743,10:28:42,44.1,--,3,13230,卖盘
1744,10:28:36,44.1,-0.06,1,4410,卖盘
1745,10:28:24,44.16,--,1,4416,买盘
1746,10:28:18,44.16,-0.01,24,105983,买盘
1747,10:28:12,44.17,--,5,22085,卖盘
1748,10:28:09,44.17,-0.02,1,4417,中性盘
1749,10:28:03,44.19,0.03,66,291654,买盘
1750,10:28:00,44.16,0.06,4,17664,卖盘
1751,10:27:51,44.1,--,32,141120,买盘
1752,10:27:45,44.1,--,10,44100,买盘
1753,10:27:42,44.1,-0.05,58,255780,卖盘
1754,10:27:39,44.15,0.05,5,22075,买盘
1755,10:27:36,44.1,-0.04,9,39690,卖盘
1756,10:27:33,44.14,0.02,2,8828,买盘
1757,10:27:30,44.12,--,2,8824,买盘
1758,10:27:24,44.12,0.02,6,26472,买盘
1759,10:27:21,44.1,--,8,35280,买盘
1760,10:27:18,44.1,--,2,8820,买盘
1761,10:27:15,44.1,--,1,4410,买盘
1762,10:27:12,44.1,0.02,4,17640,买盘
1763,10:27:06,44.08,-0.02,1,4408,卖盘
1764,10:27:03,44.1,--,15,66150,买盘
1765,10:27:00,44.1,--,4,17640,买盘
1766,10:26:45,44.1,0.02,7,30870,买盘
1767,10:26:39,44.08,0.02,1,4408,买盘
1768,10:26:33,44.06,--,3,13218,买盘
1769,10:26:30,44.06,--,3,13218,买盘
1770,10:26:27,44.06,0.06,11,48466,买盘
1771,10:26:21,44.0,-0.04,121,532400,卖盘
1772,10:26:18,44.04,0.01,13,57252,买盘
1773,10:26:15,44.03,0.02,1,4403,买盘
1774,10:26:12,44.01,0.01,7,30807,买盘
1775,10:26:09,44.0,--,148,653400,买盘
1776,10:26:03,44.0,--,10,44000,买盘
1777,10:26:00,44.0,0.07,2,8800,买盘
1778,10:25:57,43.93,--,11,48323,卖盘
1779,10:25:54,43.93,-0.07,4,17572,卖盘
1780,10:25:45,44.0,0.07,192,844800,买盘
1781,10:25:39,43.93,-0.01,34,149362,卖盘
1782,10:25:36,43.94,0.01,42,184548,买盘
1783,10:25:30,43.93,0.02,20,87860,卖盘
1784,10:25:21,43.91,--,3,13172,卖盘
1785,10:25:18,43.91,--,6,26345,卖盘
1786,10:25:15,43.91,--,2,8782,卖盘
1787,10:25:12,43.91,-0.02,30,131730,卖盘
1788,10:25:09,43.93,0.02,1,4393,买盘
1789,10:25:03,43.91,--,2,8782,卖盘
1790,10:25:00,43.91,--,1,4391,卖盘
1791,10:24:57,43.91,0.01,5,21955,买盘
1792,10:24:54,43.9,0.01,1,4390,买盘
1793,10:24:51,43.89,-0.01,1,4389,卖盘
1794,10:24:48,43.9,-0.01,1,4390,卖盘
1795,10:24:45,43.91,0.01,6,26345,买盘
1796,10:24:39,43.9,-0.01,2,8780,卖盘
1797,10:24:21,43.91,--,71,311761,卖盘
1798,10:24:18,43.91,--,3,13172,卖盘
1799,10:24:06,43.91,--,17,74647,卖盘
1800,10:23:51,43.91,--,14,61473,买盘
1801,10:23:48,43.91,0.01,13,57082,买盘
1802,10:23:42,43.9,-0.01,40,175600,卖盘
1803,10:23:27,43.91,--,1,4391,买盘
1804,10:23:24,43.91,--,4,17564,卖盘
1805,10:23:21,43.91,--,8,35128,卖盘
1806,10:23:18,43.91,--,2,8782,卖盘
1807,10:23:15,43.91,--,11,48300,卖盘
1808,10:23:12,43.91,-0.01,4,17564,卖盘
1809,10:23:09,43.92,-0.05,1,4392,卖盘
1810,10:23:06,43.97,0.06,15,65955,买盘
1811,10:23:03,43.91,--,2,8782,卖盘
1812,10:22:57,43.91,-0.04,1,4391,卖盘
1813,10:22:51,43.95,--,1,4395,买盘
1814,10:22:33,43.95,--,5,21975,买盘
1815,10:22:30,43.95,0.04,3,13185,中性盘
1816,10:22:18,43.91,--,18,79038,卖盘
1817,10:22:15,43.91,-0.06,3,13172,卖盘
1818,10:22:09,43.97,0.01,3,13191,买盘
1819,10:22:03,43.96,-0.01,1,4396,中性盘
1820,10:21:45,43.97,0.01,6,26382,买盘
1821,10:21:36,43.96,0.06,7,30772,中性盘
1822,10:21:21,43.9,--,1,4390,卖盘
1823,10:21:18,43.9,-0.07,14,61460,卖盘
1824,10:21:09,43.97,0.07,3,13191,买盘
1825,10:20:48,43.9,0.01,0,1448,买盘
1826,10:20:39,43.89,--,10,43890,卖盘
1827,10:20:33,43.89,-0.01,12,52668,卖盘
1828,10:20:24,43.9,--,11,48290,买盘
1829,10:20:21,43.9,--,84,368760,买盘
1830,10:20:15,43.9,0.01,1,4390,买盘
1831,10:19:51,43.89,-0.01,1,4389,中性盘
1832,10:19:48,43.9,0.01,5,21950,买盘
1833,10:19:45,43.89,--,10,43890,买盘
1834,10:19:39,43.89,--,5,21945,买盘
1835,10:19:36,43.89,--,98,430122,卖盘
1836,10:19:24,43.89,--,8,35112,卖盘
1837,10:19:21,43.89,--,15,65835,卖盘
1838,10:19:09,43.89,-0.01,2,8778,卖盘
1839,10:19:06,43.9,0.01,1,4390,买盘
1840,10:19:03,43.89,--,2,8778,卖盘
1841,10:18:57,43.89,0.02,119,522291,买盘
1842,10:18:45,43.87,--,3,13161,卖盘
1843,10:18:39,43.87,-0.02,13,57031,卖盘
1844,10:18:36,43.89,0.02,1,4389,买盘
1845,10:18:33,43.87,--,16,70192,卖盘
1846,10:18:15,43.87,--,3,13161,卖盘
1847,10:18:12,43.87,-0.02,12,52644,卖盘
1848,10:18:09,43.89,0.02,30,131670,买盘
1849,10:18:06,43.87,--,5,21935,卖盘
1850,10:18:03,43.87,-0.02,3,13161,卖盘
1851,10:17:57,43.89,0.02,1,4389,买盘
1852,10:17:51,43.87,--,2,8774,卖盘
1853,10:17:48,43.87,-0.02,10,43870,卖盘
1854,10:17:45,43.89,0.02,1,4389,买盘
1855,10:17:42,43.87,--,13,57031,卖盘
1856,10:17:30,43.87,-0.02,45,197415,卖盘
1857,10:17:24,43.89,-0.01,2,8778,卖盘
1858,10:17:15,43.9,0.01,15,65850,买盘
1859,10:17:12,43.89,--,3,13167,卖盘
1860,10:17:09,43.89,-0.01,2,8778,中性盘
1861,10:17:00,43.9,0.03,15,65850,买盘
1862,10:16:57,43.87,-0.02,2,8774,卖盘
1863,10:16:48,43.89,-0.01,5,21945,中性盘
1864,10:16:42,43.9,0.03,5,21950,买盘
1865,10:16:36,43.87,--,50,219350,卖盘
1866,10:16:30,43.87,--,54,236898,卖盘
1867,10:16:24,43.87,--,12,52644,卖盘
1868,10:16:21,43.87,-0.02,28,122836,卖盘
1869,10:16:18,43.89,0.02,16,70224,买盘
1870,10:16:03,43.87,--,218,956366,卖盘
1871,10:15:54,43.87,-0.03,3,13161,卖盘
1872,10:15:51,43.9,0.01,3,13170,买盘
1873,10:15:48,43.89,0.02,13,57057,买盘
1874,10:15:45,43.87,-0.02,13,57031,卖盘
1875,10:15:39,43.89,0.02,2,8778,买盘
1876,10:15:33,43.87,-0.01,30,131610,卖盘
1877,10:15:30,43.88,0.01,8,35104,中性盘
1878,10:15:24,43.87,--,16,70192,卖盘
1879,10:15:21,43.87,-0.02,3,13161,卖盘
1880,10:15:18,43.89,--,45,197505,买盘
1881,10:15:15,43.89,0.01,24,105336,买盘
1882,10:15:12,43.88,0.01,6,26328,买盘
1883,10:15:06,43.87,--,3,13161,卖盘
1884,10:15:03,43.87,0.02,20,87740,买盘
1885,10:15:00,43.85,--,1,4385,卖盘
1886,10:14:48,43.85,--,6,26310,卖盘
1887,10:14:45,43.85,--,19,83315,卖盘
1888,10:14:39,43.85,--,27,120587,买盘
1889,10:14:24,43.85,--,7,32887,卖盘
1890,10:14:21,43.85,--,5,21925,卖盘
1891,10:14:18,43.85,--,3,13155,卖盘
1892,10:14:15,43.85,--,21,92085,卖盘
1893,10:14:12,43.85,-0.01,5,21925,卖盘
1894,10:14:09,43.86,0.06,14,63597,买盘
1895,10:14:03,43.8,-0.05,6,26280,卖盘
1896,10:13:51,43.85,--,2,8770,卖盘
1897,10:13:45,43.85,--,15,65775,卖盘
1898,10:13:42,43.85,--,31,135935,卖盘
1899,10:13:39,43.85,0.05,21,92085,买盘
1900,10:13:30,43.8,--,11,48180,买盘
1901,10:13:27,43.8,--,1,4380,买盘
1902,10:13:24,43.8,-0.05,2,8760,卖盘
1903,10:13:15,43.85,--,7,30695,卖盘
1904,10:13:09,43.85,0.03,48,210480,买盘
1905,10:13:03,43.82,-0.03,20,87640,卖盘
1906,10:12:54,43.85,--,2,8770,买盘
1907,10:12:51,43.85,--,1,4385,买盘
1908,10:12:48,43.85,--,7,30695,卖盘
1909,10:12:45,43.85,--,16,70160,卖盘
1910,10:12:42,43.85,--,3,13155,卖盘
1911,10:12:39,43.85,--,31,135935,买盘
1912,10:12:30,43.85,--,13,57005,卖盘
1913,10:12:24,43.85,--,11,48235,卖盘
1914,10:12:21,43.85,--,3,13155,卖盘
1915,10:12:15,43.85,--,6,26310,卖盘
1916,10:12:09,43.85,0.17,24,105240,买盘
1917,10:12:06,43.68,--,5,21840,卖盘
1918,10:12:03,43.68,--,2,8736,卖盘
1919,10:12:00,43.68,-0.11,5,21840,卖盘
1920,10:11:48,43.79,0.09,12,52548,中性盘
1921,10:11:45,43.7,-0.15,19,83030,卖盘
1922,10:11:42,43.85,--,1,4385,卖盘
1923,10:11:39,43.85,0.06,50,221442,买盘
1924,10:11:30,43.79,--,1,4379,买盘
1925,10:11:27,43.79,--,10,43790,买盘
1926,10:11:24,43.79,--,1,4379,卖盘
1927,10:11:18,43.79,-0.01,6,26274,卖盘
1928,10:11:12,43.8,--,2,8760,卖盘
1929,10:11:09,43.8,--,56,245279,中性盘
1930,10:11:06,43.8,-0.02,1,4380,中性盘
1931,10:11:03,43.82,0.01,35,155867,买盘
1932,10:11:00,43.81,--,21,93884,买盘
1933,10:10:57,43.81,0.01,8,35048,买盘
1934,10:10:54,43.8,-0.02,4,17520,卖盘
1935,10:10:51,43.82,0.02,5,21910,买盘
1936,10:10:42,43.8,--,15,65700,卖盘
1937,10:10:36,43.8,--,5,21900,卖盘
1938,10:10:33,43.8,-0.01,30,131400,卖盘
1939,10:10:30,43.81,--,5,21905,卖盘
1940,10:10:27,43.81,0.01,14,61334,中性盘
1941,10:10:18,43.8,-0.02,5,21900,卖盘
1942,10:10:12,43.82,--,10,43820,买盘
1943,10:10:06,43.82,0.02,10,43820,买盘
1944,10:10:03,43.8,-0.02,53,232139,卖盘
1945,10:09:57,43.82,0.01,3,13146,买盘
1946,10:09:51,43.81,0.01,4,17524,中性盘
1947,10:09:45,43.8,-0.02,40,175200,卖盘
1948,10:09:42,43.82,--,6,26292,卖盘
1949,10:09:36,43.82,--,3,13146,卖盘
1950,10:09:33,43.82,0.02,2,8764,中性盘
1951,10:09:30,43.8,-0.02,36,157680,卖盘
1952,10:09:27,43.82,0.02,40,175280,买盘
1953,10:09:24,43.8,-0.02,39,170820,卖盘
1954,10:09:21,43.82,0.02,1,4382,买盘
1955,10:09:18,43.8,-0.02,6,26280,卖盘
1956,10:09:15,43.82,0.02,1,4382,买盘
1957,10:09:12,43.8,--,3,13140,卖盘
1958,10:09:09,43.8,--,1,4380,卖盘
1959,10:09:06,43.8,--,149,652620,卖盘
1960,10:09:03,43.8,-0.02,14,61319,卖盘
1961,10:08:54,43.82,--,12,52584,卖盘
1962,10:08:51,43.82,-0.07,1,4382,卖盘
1963,10:08:48,43.89,--,1,4389,买盘
1964,10:08:45,43.89,0.07,1,4389,买盘
1965,10:08:42,43.82,-0.06,19,83258,卖盘
1966,10:08:39,43.88,-0.01,1,4388,中性盘
1967,10:08:33,43.89,0.01,12,52668,买盘
1968,10:08:30,43.88,--,10,43880,卖盘
1969,10:08:27,43.88,-0.01,1,4388,卖盘
1970,10:08:24,43.89,0.01,15,65835,买盘
1971,10:08:18,43.88,-0.01,42,184296,卖盘
1972,10:08:15,43.89,--,93,408177,买盘
1973,10:08:09,43.89,0.01,3,13167,买盘
1974,10:08:06,43.88,-0.01,1,4388,卖盘
1975,10:08:03,43.89,-0.01,21,92169,卖盘
1976,10:07:57,43.9,--,1,4390,买盘
1977,10:07:54,43.9,0.01,1,4390,买盘
1978,10:07:51,43.89,--,1,4389,买盘
1979,10:07:48,43.89,0.01,16,70224,买盘
1980,10:07:45,43.88,--,1,4388,卖盘
1981,10:07:42,43.88,--,10,43880,卖盘
1982,10:07:39,43.88,-0.02,6,26328,卖盘
1983,10:07:33,43.9,0.02,1,4390,买盘
1984,10:07:30,43.88,--,41,179908,卖盘
1985,10:07:27,43.88,-0.02,62,272056,卖盘
1986,10:07:24,43.9,--,5,21950,买盘
1987,10:07:18,43.9,-0.01,56,246586,卖盘
1988,10:07:15,43.91,0.01,5,21955,买盘
1989,10:07:09,43.9,--,1,4390,卖盘
1990,10:07:06,43.9,--,25,109750,卖盘
1991,10:07:03,43.9,--,44,193160,卖盘
1992,10:07:00,43.9,--,37,162430,卖盘
1993,10:06:57,43.9,0.1,60,267043,买盘
1994,10:06:51,43.8,-0.08,6,26280,卖盘
1995,10:06:48,43.88,-0.02,10,43880,卖盘
1996,10:06:42,43.9,--,3,13170,买盘
1997,10:06:39,43.9,--,2,8780,买盘
1998,10:06:36,43.9,--,3,13916,卖盘
1999,10:06:33,43.9,--,4,17560,卖盘
2000,10:06:30,43.9,--,6,26340,卖盘
2001,10:06:24,43.9,--,15,65850,卖盘
2002,10:06:21,43.9,--,13,57070,卖盘
2003,10:06:18,43.9,--,5,21950,卖盘
2004,10:06:15,43.9,--,6,26340,卖盘
2005,10:06:09,43.9,--,38,166820,卖盘
2006,10:06:06,43.9,--,9,39510,卖盘
2007,10:06:00,43.9,--,20,87800,卖盘
2008,10:05:57,43.9,-0.02,75,329250,卖盘
2009,10:05:48,43.92,0.02,1,4392,买盘
2010,10:05:45,43.9,-0.06,22,96580,卖盘
2011,10:05:42,43.96,--,41,180236,卖盘
2012,10:05:36,43.96,0.02,68,298928,买盘
2013,10:05:33,43.94,-0.01,45,197730,卖盘
2014,10:05:30,43.95,--,4,17580,卖盘
2015,10:05:27,43.95,--,48,210960,卖盘
2016,10:05:24,43.95,--,11,48345,卖盘
2017,10:05:21,43.95,0.05,39,171405,买盘
2018,10:05:18,43.9,--,5,21950,卖盘
2019,10:05:12,43.9,--,2,8780,卖盘
2020,10:05:03,43.9,--,3,13170,卖盘
2021,10:05:00,43.9,-0.06,7,30730,卖盘
2022,10:04:57,43.96,--,1,4396,卖盘
2023,10:04:54,43.96,-0.02,1,4396,中性盘
2024,10:04:51,43.98,0.08,8,35184,买盘
2025,10:04:48,43.9,--,17,74630,卖盘
2026,10:04:45,43.9,--,1,4390,卖盘
2027,10:04:42,43.9,--,9,39510,卖盘
2028,10:04:39,43.9,--,20,87800,卖盘
2029,10:04:27,43.9,-0.04,300,1317000,卖盘
2030,10:04:24,43.94,--,18,79092,卖盘
2031,10:04:18,43.94,-0.05,1,4394,卖盘
2032,10:04:15,43.99,--,10,43990,买盘
2033,10:04:12,43.99,0.03,30,131970,买盘
2034,10:04:06,43.96,-0.03,2,8792,中性盘
2035,10:04:00,43.99,--,17,74783,买盘
2036,10:03:57,43.99,--,31,136369,买盘
2037,10:03:48,43.99,--,2,8798,买盘
2038,10:03:42,43.99,-0.01,16,70384,卖盘
2039,10:03:39,44.0,0.01,1,4400,买盘
2040,10:03:33,43.99,-0.01,4,17596,中性盘
2041,10:03:27,44.0,0.06,60,264000,买盘
2042,10:03:24,43.94,-0.05,5,21970,卖盘
2043,10:03:15,43.99,0.05,1,4399,买盘
2044,10:03:12,43.94,-0.05,1,4394,卖盘
2045,10:03:09,43.99,0.03,15,65985,买盘
2046,10:03:06,43.96,--,1,4396,买盘
2047,10:03:03,43.96,0.02,11,48356,卖盘
2048,10:03:00,43.94,-0.02,25,109850,卖盘
2049,10:02:54,43.96,--,9,39564,买盘
2050,10:02:51,43.96,0.02,1,5714,买盘
2051,10:02:48,43.94,0.03,3,13182,卖盘
2052,10:02:45,43.91,--,29,127382,买盘
2053,10:02:39,43.91,--,51,223940,卖盘
2054,10:02:36,43.91,0.01,1,4391,卖盘
2055,10:02:33,43.9,-0.01,307,1347730,卖盘
2056,10:02:27,43.91,0.01,21,92211,买盘
2057,10:02:24,43.9,--,19,83410,卖盘
2058,10:02:21,43.9,-0.01,28,122920,卖盘
2059,10:02:18,43.91,--,4,17564,买盘
2060,10:02:12,43.91,--,262,1150442,卖盘
2061,10:02:06,43.91,--,90,395189,卖盘
2062,10:02:03,43.91,0.01,52,228331,中性盘
2063,10:01:57,43.9,-0.06,43,188770,卖盘
2064,10:01:51,43.96,0.01,1,4396,卖盘
2065,10:01:48,43.95,--,8,35160,买盘
2066,10:01:45,43.95,-0.01,1,4395,买盘
2067,10:01:42,43.96,--,9,39564,卖盘
2068,10:01:39,43.96,--,83,364868,中性盘
2069,10:01:36,43.96,0.01,3,13188,买盘
2070,10:01:33,43.95,--,132,580140,卖盘
2071,10:01:24,43.95,-0.08,13,57135,卖盘
2072,10:01:21,44.03,0.08,10,44030,买盘
2073,10:01:18,43.95,-0.05,4,17580,卖盘
2074,10:01:15,44.0,-0.03,15,66000,卖盘
2075,10:01:12,44.03,0.03,11,48433,买盘
2076,10:01:09,44.0,--,31,136928,买盘
2077,10:01:06,44.0,--,18,79200,买盘
2078,10:01:03,44.0,0.05,14,61600,买盘
2079,10:01:00,43.95,-0.05,5,21975,卖盘
2080,10:00:57,44.0,0.08,5,22000,买盘
2081,10:00:48,43.92,-0.08,6,26352,卖盘
2082,10:00:45,44.0,0.08,3,13200,买盘
2083,10:00:42,43.92,-0.08,10,43920,卖盘
2084,10:00:36,44.0,--,10,44000,买盘
2085,10:00:30,44.0,--,18,79200,买盘
2086,10:00:27,44.0,--,25,110000,买盘
2087,10:00:24,44.0,--,12,56672,卖盘
2088,10:00:21,44.0,0.01,111,488928,买盘
2089,10:00:18,43.99,-0.01,1,4399,卖盘
2090,10:00:15,44.0,--,1,4400,买盘
2091,10:00:12,44.0,--,10,44000,买盘
2092,10:00:06,44.0,-0.02,193,853072,卖盘
2093,10:00:03,44.02,--,49,215698,卖盘
2094,10:00:00,44.02,--,51,227231,买盘
2095,09:59:57,44.02,0.01,33,145266,买盘
2096,09:59:54,44.01,-0.01,12,52812,卖盘
2097,09:59:51,44.02,--,18,79236,买盘
2098,09:59:48,44.02,--,16,70432,买盘
2099,09:59:45,44.02,0.01,46,202492,买盘
2100,09:59:42,44.01,-0.01,28,123228,卖盘
2101,09:59:39,44.02,--,16,70432,买盘
2102,09:59:36,44.02,-0.02,10,45692,卖盘
2103,09:59:30,44.04,0.02,1,4404,买盘
2104,09:59:24,44.02,-0.01,28,123256,卖盘
2105,09:59:21,44.03,0.01,6,26418,中性盘
2106,09:59:18,44.02,-0.02,14,61628,卖盘
2107,09:59:15,44.04,0.02,4,17616,买盘
2108,09:59:12,44.02,-0.02,2,8804,卖盘
2109,09:59:09,44.04,-0.01,4,17616,买盘
2110,09:59:06,44.05,--,3,13215,卖盘
2111,09:59:03,44.05,0.01,52,229059,买盘
2112,09:59:00,44.04,-0.01,6,26424,卖盘
2113,09:58:57,44.05,0.01,4,17620,买盘
2114,09:58:54,44.04,--,6,26424,卖盘
2115,09:58:51,44.04,-0.01,15,66060,卖盘
2116,09:58:48,44.05,--,2,8810,买盘
2117,09:58:45,44.05,0.01,13,57264,买盘
2118,09:58:42,44.04,--,31,136524,卖盘
2119,09:58:39,44.04,--,138,610482,买盘
2120,09:58:33,44.04,-0.01,20,88080,卖盘
2121,09:58:30,44.05,0.01,4,17620,买盘
2122,09:58:27,44.04,-0.01,2,8808,卖盘
2123,09:58:21,44.05,--,2,8810,买盘
2124,09:58:12,44.05,-0.05,22,96910,卖盘
2125,09:58:09,44.1,0.05,4,17640,买盘
2126,09:58:06,44.05,-0.05,51,224655,卖盘
2127,09:57:57,44.1,--,12,52920,卖盘
2128,09:57:45,44.1,-0.1,12,52920,卖盘
2129,09:57:36,44.2,0.15,4,17680,买盘
2130,09:57:30,44.05,-0.07,4,17620,卖盘
2131,09:57:27,44.12,--,6,26472,卖盘
2132,09:57:24,44.12,0.02,91,401492,买盘
2133,09:57:21,44.1,--,2,8820,买盘
2134,09:57:15,44.1,0.09,2,8820,买盘
2135,09:57:12,44.01,-0.09,53,233253,卖盘
2136,09:57:09,44.1,--,10,44100,卖盘
2137,09:57:06,44.1,--,33,145530,卖盘
2138,09:57:03,44.1,--,2,8820,卖盘
2139,09:57:00,44.1,--,10,44100,卖盘
2140,09:56:57,44.1,0.09,147,650475,买盘
2141,09:56:54,44.01,--,24,105624,卖盘
2142,09:56:45,44.01,--,2,8802,卖盘
2143,09:56:39,44.01,-0.11,12,52812,卖盘
2144,09:56:36,44.12,0.02,8,35296,买盘
2145,09:56:33,44.1,--,79,348390,卖盘
2146,09:56:30,44.1,--,11,48510,卖盘
2147,09:56:27,44.1,-0.02,5,22050,卖盘
2148,09:56:24,44.12,--,24,105888,买盘
2149,09:56:18,44.12,--,8,35296,卖盘
2150,09:56:15,44.12,--,2,8824,卖盘
2151,09:56:12,44.12,-0.13,3,13236,卖盘
2152,09:56:03,44.25,--,5,22125,买盘
2153,09:56:00,44.25,--,36,159300,卖盘
2154,09:55:57,44.25,--,1,4425,卖盘
2155,09:55:54,44.25,--,10,44250,卖盘
2156,09:55:51,44.25,--,1,4425,卖盘
2157,09:55:48,44.25,--,56,247800,卖盘
2158,09:55:45,44.25,--,56,247800,卖盘
2159,09:55:42,44.25,--,8,35400,卖盘
2160,09:55:39,44.25,--,41,181425,卖盘
2161,09:55:36,44.25,--,6,26550,卖盘
2162,09:55:33,44.25,--,43,190275,卖盘
2163,09:55:30,44.25,0.08,447,1977975,买盘
2164,09:55:27,44.17,--,1,4417,买盘
2165,09:55:24,44.17,0.07,131,578627,买盘
2166,09:55:21,44.1,-0.07,100,441000,卖盘
2167,09:55:18,44.17,-0.03,6,26502,买盘
2168,09:55:15,44.2,-0.05,6,26520,卖盘
2169,09:55:09,44.25,--,239,1057575,卖盘
2170,09:55:06,44.25,-0.05,35,154875,卖盘
2171,09:55:03,44.3,--,0,2215,卖盘
2172,09:55:00,44.3,--,24,108535,卖盘
2173,09:54:57,44.3,--,6,26580,卖盘
2174,09:54:54,44.3,--,3,13290,卖盘
2175,09:54:51,44.3,--,6,26580,卖盘
2176,09:54:48,44.3,-0.06,4,17720,卖盘
2177,09:54:39,44.36,0.06,11,48796,买盘
2178,09:54:36,44.3,-0.06,40,177200,卖盘
2179,09:54:30,44.36,-0.02,56,248416,卖盘
2180,09:54:27,44.38,-0.01,1,4438,卖盘
2181,09:54:21,44.39,0.01,18,79902,买盘
2182,09:54:18,44.38,-0.01,10,44380,卖盘
2183,09:54:15,44.39,-0.01,20,88780,卖盘
2184,09:54:12,44.4,0.01,3,13320,卖盘
2185,09:54:09,44.39,-0.02,11,48829,卖盘
2186,09:54:06,44.41,0.01,1,4441,买盘
2187,09:54:03,44.4,--,1,4440,卖盘
2188,09:54:00,44.4,--,103,457320,买盘
2189,09:53:54,44.4,-0.03,14,62160,卖盘
2190,09:53:51,44.43,0.02,40,177720,买盘
2191,09:53:48,44.41,-0.03,5,23537,卖盘
2192,09:53:42,44.44,0.01,58,257752,买盘
2193,09:53:39,44.43,-0.02,5,25325,买盘
2194,09:53:33,44.45,0.01,20,88900,买盘
2195,09:53:30,44.44,--,24,106656,卖盘
2196,09:53:27,44.44,--,63,279972,买盘
2197,09:53:21,44.44,--,119,528836,买盘
2198,09:53:18,44.44,-0.01,16,71104,中性盘
2199,09:53:15,44.45,0.01,4,17780,买盘
2200,09:53:12,44.44,--,29,128876,买盘
2201,09:53:09,44.44,--,6,26664,卖盘
2202,09:53:06,44.44,-0.01,1,4444,卖盘
2203,09:53:03,44.45,0.01,2,8890,买盘
2204,09:52:57,44.44,--,19,84436,买盘
2205,09:52:54,44.44,0.01,41,182204,卖盘
2206,09:52:51,44.43,-0.06,2,8886,买盘
2207,09:52:48,44.49,0.06,445,1979805,买盘
2208,09:52:45,44.43,--,38,168834,卖盘
2209,09:52:42,44.43,--,10,44430,卖盘
2210,09:52:39,44.43,0.01,13,57759,卖盘
2211,09:52:36,44.42,-0.02,26,116380,卖盘
2212,09:52:33,44.44,0.03,45,203535,买盘
2213,09:52:30,44.41,-0.02,6,26645,卖盘
2214,09:52:27,44.43,--,93,413199,买盘
2215,09:52:24,44.43,0.01,2,8886,买盘
2216,09:52:21,44.42,-0.01,7,31094,买盘
2217,09:52:18,44.43,--,5,22215,买盘
2218,09:52:15,44.43,0.02,21,93303,买盘
2219,09:52:12,44.41,0.02,10,44410,卖盘
2220,09:52:09,44.39,-0.04,18,79902,卖盘
2221,09:52:06,44.43,0.03,30,133290,买盘
2222,09:52:03,44.4,--,16,71040,买盘
2223,09:52:00,44.4,0.01,25,111000,买盘
2224,09:51:57,44.39,-0.01,2,8878,卖盘
2225,09:51:54,44.4,0.01,19,84360,买盘
2226,09:51:51,44.39,0.01,86,381754,买盘
2227,09:51:48,44.38,0.03,3,13314,买盘
2228,09:51:45,44.35,-0.03,30,133050,卖盘
2229,09:51:42,44.38,--,1,4438,买盘
2230,09:51:39,44.38,0.02,133,590254,买盘
2231,09:51:36,44.36,--,8,35488,买盘
2232,09:51:33,44.36,0.02,36,159696,买盘
2233,09:51:30,44.34,0.02,12,53208,买盘
2234,09:51:27,44.32,-0.04,2,8864,卖盘
2235,09:51:24,44.36,--,107,474652,买盘
2236,09:51:21,44.36,0.01,44,195184,买盘
2237,09:51:18,44.35,0.04,90,399150,买盘
2238,09:51:15,44.31,0.01,15,66465,卖盘
2239,09:51:12,44.3,-0.05,24,106320,卖盘
2240,09:51:09,44.35,0.01,98,434630,买盘
2241,09:51:06,44.34,0.04,10,44340,买盘
2242,09:51:03,44.3,--,48,212640,卖盘
2243,09:51:00,44.3,-0.02,188,832840,卖盘
2244,09:50:57,44.32,0.02,164,726848,买盘
2245,09:50:54,44.3,-0.04,17,75310,卖盘
2246,09:50:51,44.34,0.02,48,212832,买盘
2247,09:50:48,44.32,-0.02,15,66480,中性盘
2248,09:50:45,44.34,0.02,64,283776,中性盘
2249,09:50:42,44.32,-0.01,9,39888,卖盘
2250,09:50:39,44.33,0.01,1,4433,中性盘
2251,09:50:36,44.32,-0.03,49,217168,卖盘
2252,09:50:33,44.35,--,41,181835,卖盘
2253,09:50:30,44.35,--,60,266100,买盘
2254,09:50:27,44.35,0.01,27,119745,买盘
2255,09:50:24,44.34,-0.01,167,740478,卖盘
2256,09:50:21,44.35,--,1,4435,卖盘
2257,09:50:18,44.35,--,11,48785,卖盘
2258,09:50:15,44.35,-0.01,12,53220,买盘
2259,09:50:12,44.36,0.02,125,554500,买盘
2260,09:50:06,44.34,0.01,16,70944,中性盘
2261,09:50:03,44.33,-0.05,25,110825,卖盘
2262,09:50:00,44.38,-0.01,30,133140,中性盘
2263,09:49:57,44.39,0.03,4,17756,买盘
2264,09:49:54,44.36,-0.04,9,39924,卖盘
2265,09:49:51,44.4,0.05,165,732600,买盘
2266,09:49:45,44.35,0.01,86,381410,中性盘
2267,09:49:39,44.34,0.03,26,115284,中性盘
2268,09:49:36,44.31,-0.09,3,13293,买盘
2269,09:49:33,44.4,--,1,4440,买盘
2270,09:49:30,44.4,--,105,466200,买盘
2271,09:49:27,44.4,--,2,8880,买盘
2272,09:49:24,44.4,--,3,13320,买盘
2273,09:49:21,44.4,--,79,350760,买盘
2274,09:49:18,44.4,--,33,146520,买盘
2275,09:49:15,44.4,-0.1,26,116328,卖盘
2276,09:49:12,44.5,0.03,66,293700,买盘
2277,09:49:09,44.47,-0.03,16,71152,中性盘
2278,09:49:06,44.5,--,15,66750,卖盘
2279,09:49:03,44.5,0.07,180,804560,买盘
2280,09:49:00,44.43,0.03,19,84417,中性盘
2281,09:48:57,44.4,--,5,22200,卖盘
2282,09:48:54,44.4,--,33,146520,卖盘
2283,09:48:51,44.4,--,76,337440,卖盘
2284,09:48:48,44.4,--,76,337440,卖盘
2285,09:48:45,44.4,0.09,61,270840,买盘
2286,09:48:42,44.31,-0.09,70,310170,卖盘
2287,09:48:39,44.4,--,34,150960,卖盘
2288,09:48:36,44.4,-0.1,37,164280,中性盘
2289,09:48:33,44.5,0.1,48,213600,买盘
2290,09:48:30,44.4,-0.1,34,150960,卖盘
2291,09:48:27,44.5,-0.07,74,329300,卖盘
2292,09:48:24,44.57,-0.02,165,735405,中性盘
2293,09:48:21,44.59,0.09,114,508326,买盘
2294,09:48:18,44.5,-0.1,22,97900,卖盘
2295,09:48:15,44.6,0.04,11,49060,买盘
2296,09:48:12,44.56,-0.04,41,182696,买盘
2297,09:48:09,44.6,0.05,108,481680,买盘
2298,09:48:06,44.55,-0.01,70,311850,卖盘
2299,09:48:03,44.56,0.01,66,294096,中性盘
2300,09:48:00,44.55,-0.02,30,133650,卖盘
2301,09:47:57,44.57,-0.08,22,98054,卖盘
2302,09:47:54,44.65,0.09,34,151810,买盘
2303,09:47:51,44.56,-0.04,290,1292240,卖盘
2304,09:47:48,44.6,0.06,55,245300,买盘
2305,09:47:45,44.54,-0.01,10,44540,卖盘
2306,09:47:42,44.55,--,43,191565,卖盘
2307,09:47:39,44.55,0.02,27,120284,买盘
2308,09:47:36,44.53,--,29,129137,卖盘
2309,09:47:33,44.53,--,10,44530,卖盘
2310,09:47:30,44.53,0.03,4,17812,中性盘
2311,09:47:27,44.5,--,27,120150,买盘
2312,09:47:24,44.5,0.05,17,75650,买盘
2313,09:47:21,44.45,0.14,5,22225,中性盘
2314,09:47:18,44.31,-0.09,22,97482,中性盘
2315,09:47:15,44.4,-0.1,15,66600,买盘
2316,09:47:12,44.5,0.21,108,480600,买盘
2317,09:47:09,44.29,--,56,248024,买盘
2318,09:47:06,44.29,-0.11,19,84151,中性盘
2319,09:47:03,44.4,0.11,28,124320,买盘
2320,09:47:00,44.29,0.03,8,35432,买盘
2321,09:46:57,44.26,--,56,247856,卖盘
2322,09:46:54,44.26,-0.03,37,163762,卖盘
2323,09:46:51,44.29,0.01,2,8858,卖盘
2324,09:46:48,44.28,0.13,32,141696,买盘
2325,09:46:45,44.15,0.03,1,4415,中性盘
2326,09:46:42,44.12,0.02,1,4412,中性盘
2327,09:46:39,44.1,-0.1,62,275625,卖盘
2328,09:46:36,44.2,0.08,189,835380,买盘
2329,09:46:33,44.12,--,2,8824,买盘
2330,09:46:30,44.12,--,36,158832,买盘
2331,09:46:27,44.12,--,10,44120,买盘
2332,09:46:24,44.12,0.02,1,4412,买盘
2333,09:46:21,44.1,--,51,224910,买盘
2334,09:46:18,44.1,0.1,32,141120,买盘
2335,09:46:15,44.0,-0.1,47,206800,卖盘
2336,09:46:12,44.1,--,14,61740,买盘
2337,09:46:09,44.1,0.1,4,17640,买盘
2338,09:46:06,44.0,--,123,541200,卖盘
2339,09:46:00,44.0,-0.1,86,378400,卖盘
2340,09:45:57,44.1,0.1,21,92610,买盘
2341,09:45:54,44.0,-0.09,190,839256,卖盘
2342,09:45:51,44.09,0.11,275,1214635,买盘
2343,09:45:48,43.98,0.08,64,281472,买盘
2344,09:45:45,43.9,-0.08,144,632160,卖盘
2345,09:45:42,43.98,0.07,11,48378,买盘
2346,09:45:39,43.91,0.01,1,4391,中性盘
2347,09:45:36,43.9,--,107,469730,卖盘
2348,09:45:33,43.9,--,18,79020,卖盘
2349,09:45:30,43.9,-0.08,67,294130,卖盘
2350,09:45:27,43.98,0.01,79,347442,中性盘
2351,09:45:24,43.97,--,19,83543,卖盘
2352,09:45:21,43.97,-0.01,221,971737,中性盘
2353,09:45:18,43.98,0.08,96,422207,买盘
2354,09:45:15,43.9,-0.07,60,263400,卖盘
2355,09:45:12,43.97,0.07,6,26382,卖盘
2356,09:45:09,43.9,--,140,614600,卖盘
2357,09:45:06,43.9,-0.07,26,115896,卖盘
2358,09:45:03,43.97,-0.01,40,175880,中性盘
2359,09:45:00,43.98,-0.01,14,61571,买盘
2360,09:44:57,43.99,0.09,29,127571,买盘
2361,09:44:54,43.9,--,48,210720,卖盘
2362,09:44:51,43.9,-0.09,14,61460,卖盘
2363,09:44:48,43.99,0.02,95,417905,买盘
2364,09:44:45,43.97,-0.01,11,48367,中性盘
2365,09:44:42,43.98,0.08,107,470585,买盘
2366,09:44:39,43.9,-0.05,20,87800,卖盘
2367,09:44:36,43.95,--,45,197775,卖盘
2368,09:44:33,43.95,0.05,9,39555,买盘
2369,09:44:30,43.9,--,13,57070,买盘
2370,09:44:27,43.9,-0.05,102,447780,卖盘
2371,09:44:24,43.95,0.01,11,48345,卖盘
2372,09:44:21,43.94,0.04,192,843648,买盘
2373,09:44:18,43.9,--,10,43900,卖盘
2374,09:44:15,43.9,--,51,223890,卖盘
2375,09:44:12,43.9,0.1,130,570700,买盘
2376,09:44:09,43.8,-0.09,28,122639,卖盘
2377,09:44:06,43.89,0.06,10,43890,中性盘
2378,09:44:03,43.83,0.08,209,916047,买盘
2379,09:44:00,43.75,0.22,1,4375,买盘
2380,09:43:57,43.53,--,21,91413,卖盘
2381,09:43:51,43.53,-0.27,3,13059,卖盘
2382,09:43:45,43.8,0.34,4,17520,买盘
2383,09:43:42,43.46,-0.44,38,165148,卖盘
2384,09:43:39,43.9,--,7,30730,卖盘
2385,09:43:36,43.9,0.38,15,65850,买盘
2386,09:43:33,43.52,0.06,2,8704,卖盘
2387,09:43:30,43.46,--,5,21730,买盘
2388,09:43:27,43.46,0.02,2,8692,买盘
2389,09:43:24,43.44,--,2,8688,卖盘
2390,09:43:18,43.44,0.13,14,60816,买盘
2391,09:43:15,43.31,0.01,1,4331,卖盘
2392,09:43:12,43.3,--,11,47630,卖盘
2393,09:43:06,43.3,--,41,177530,卖盘
2394,09:43:03,43.3,-0.69,32,138560,卖盘
2395,09:43:00,43.99,0.87,400,1759600,买盘
2396,09:42:57,43.12,-0.09,5,21560,卖盘
2397,09:42:54,43.21,0.07,12,51852,中性盘
2398,09:42:51,43.14,-0.07,366,1578924,中性盘
2399,09:42:48,43.21,--,2,8642,买盘
2400,09:42:45,43.21,0.06,2,8642,买盘
2401,09:42:42,43.15,-0.14,21,90615,卖盘
2402,09:42:39,43.29,0.01,27,116883,买盘
2403,09:42:36,43.28,-0.02,6,25968,卖盘
2404,09:42:33,43.3,--,9,38970,买盘
2405,09:42:30,43.3,0.01,9,38970,买盘
2406,09:42:27,43.29,--,6,25974,卖盘
2407,09:42:24,43.29,-0.01,26,112554,买盘
2408,09:42:21,43.3,0.01,66,285780,买盘
2409,09:42:18,43.29,0.01,21,90909,买盘
2410,09:42:15,43.28,-0.01,7,30296,卖盘
2411,09:42:12,43.29,0.01,1,4329,买盘
2412,09:42:09,43.28,0.01,3,12984,中性盘
2413,09:42:06,43.27,-0.03,1,4327,卖盘
2414,09:42:03,43.3,--,11,47630,买盘
2415,09:41:54,43.3,0.09,10,43300,买盘
2416,09:41:51,43.21,0.01,5,21605,卖盘
2417,09:41:48,43.2,0.06,19,82080,买盘
2418,09:41:45,43.14,0.04,18,77652,买盘
2419,09:41:42,43.1,--,5,21550,买盘
2420,09:41:39,43.1,0.05,11,47410,买盘
2421,09:41:36,43.05,--,3,12915,买盘
2422,09:41:33,43.05,--,5,21525,买盘
2423,09:41:30,43.05,0.02,3,12915,买盘
2424,09:41:27,43.03,0.02,7,30121,买盘
2425,09:41:24,43.01,--,11,47311,卖盘
2426,09:41:21,43.01,0.01,6,25806,中性盘
2427,09:41:15,43.0,0.03,13,55900,买盘
2428,09:41:12,42.97,-0.03,1,4297,卖盘
2429,09:41:09,43.0,0.03,12,51600,买盘
2430,09:41:03,42.97,0.05,17,73049,买盘
2431,09:41:00,42.92,-0.02,16,68672,卖盘
2432,09:40:57,42.94,0.01,63,270522,买盘
2433,09:40:54,42.93,-0.01,1,4293,中性盘
2434,09:40:51,42.94,0.01,10,42940,买盘
2435,09:40:48,42.93,0.03,3,12879,买盘
2436,09:40:45,42.9,--,6,25740,买盘
2437,09:40:42,42.9,0.01,4,17160,卖盘
2438,09:40:33,42.89,-0.04,3,12867,卖盘
2439,09:40:30,42.93,0.03,3,12879,买盘
2440,09:40:27,42.9,-0.02,33,141570,卖盘
2441,09:40:24,42.92,--,2,8584,买盘
2442,09:40:21,42.92,0.03,5,21460,买盘
2443,09:40:18,42.89,-0.03,2,8578,卖盘
2444,09:40:12,42.92,--,57,244644,买盘
2445,09:40:06,42.92,--,5,21460,买盘
2446,09:40:03,42.92,-0.01,11,47212,买盘
2447,09:40:00,42.93,0.04,5,21465,买盘
2448,09:39:54,42.89,--,12,51468,卖盘
2449,09:39:51,42.89,--,3,12867,卖盘
2450,09:39:48,42.89,--,1,4289,卖盘
2451,09:39:45,42.89,--,18,77202,卖盘
2452,09:39:42,42.89,0.01,8,34312,买盘
2453,09:39:39,42.88,-0.01,2,8576,卖盘
2454,09:39:36,42.89,--,23,98647,买盘
2455,09:39:30,42.89,0.01,25,107225,买盘
2456,09:39:27,42.88,-0.01,13,55744,卖盘
2457,09:39:24,42.89,--,9,38601,卖盘
2458,09:39:21,42.89,0.02,4,17156,卖盘
2459,09:39:18,42.87,--,1,4287,买盘
2460,09:39:15,42.87,0.03,4,17148,中性盘
2461,09:39:12,42.84,-0.04,8,34272,卖盘
2462,09:39:09,42.88,--,7,30016,买盘
2463,09:39:06,42.88,--,17,72896,买盘
2464,09:39:00,42.88,0.01,20,85760,买盘
2465,09:38:57,42.87,-0.01,3,12861,卖盘
2466,09:38:54,42.88,-0.02,42,180096,卖盘
2467,09:38:51,42.9,0.03,7,30030,买盘
2468,09:38:48,42.87,-0.01,1,4287,卖盘
2469,09:38:45,42.88,0.04,5,21440,买盘
2470,09:38:42,42.84,0.04,3,12852,买盘
2471,09:38:39,42.8,--,3,12840,卖盘
2472,09:38:36,42.8,-0.04,1,4280,卖盘
2473,09:38:33,42.84,0.04,11,47124,买盘
2474,09:38:30,42.8,--,6,25680,买盘
2475,09:38:27,42.8,--,23,98440,买盘
2476,09:38:24,42.8,0.05,61,261079,买盘
2477,09:38:18,42.75,-0.05,5,21375,中性盘
2478,09:38:12,42.8,0.1,31,132680,买盘
2479,09:38:06,42.7,0.01,10,42700,买盘
2480,09:37:57,42.69,0.04,1,4269,中性盘
2481,09:37:51,42.65,-0.04,5,21325,卖盘
2482,09:37:48,42.69,--,9,38421,买盘
2483,09:37:45,42.69,--,2,8538,买盘
2484,09:37:42,42.69,0.06,1,4269,买盘
2485,09:37:36,42.63,-0.05,6,25578,卖盘
2486,09:37:33,42.68,0.05,14,59752,买盘
2487,09:37:30,42.63,--,2,8526,卖盘
2488,09:37:24,42.63,--,1,4263,卖盘
2489,09:37:18,42.63,0.09,20,85260,买盘
2490,09:37:15,42.54,--,26,110604,卖盘
2491,09:37:12,42.54,--,1,4254,买盘
2492,09:37:06,42.54,--,7,29778,买盘
2493,09:37:03,42.54,-0.09,2,8508,卖盘
2494,09:37:00,42.63,--,3,12789,买盘
2495,09:36:57,42.63,--,30,127890,买盘
2496,09:36:54,42.63,--,3,12789,买盘
2497,09:36:51,42.63,--,12,51156,买盘
2498,09:36:48,42.63,--,3,12789,买盘
2499,09:36:45,42.63,0.09,9,38367,买盘
2500,09:36:42,42.54,-0.09,13,55302,卖盘
2501,09:36:39,42.63,--,6,25578,买盘
2502,09:36:36,42.63,--,10,42630,买盘
2503,09:36:33,42.63,0.03,15,63945,买盘
2504,09:36:27,42.6,-0.03,6,25560,卖盘
2505,09:36:24,42.63,0.01,16,68208,买盘
2506,09:36:21,42.62,-0.01,2,8524,中性盘
2507,09:36:18,42.63,--,6,25578,买盘
2508,09:36:15,42.63,--,4,17052,买盘
2509,09:36:09,42.63,--,8,34104,买盘
2510,09:36:06,42.63,0.03,18,76734,买盘
2511,09:36:03,42.6,-0.04,47,200220,卖盘
2512,09:36:00,42.64,0.01,5,21320,中性盘
2513,09:35:51,42.63,0.13,12,51156,买盘
2514,09:35:48,42.5,-0.03,34,144500,卖盘
2515,09:35:42,42.53,--,2,8506,买盘
2516,09:35:36,42.53,--,1,4253,买盘
2517,09:35:27,42.53,0.05,3,12759,买盘
2518,09:35:24,42.48,--,6,25487,买盘
2519,09:35:21,42.48,0.01,4,16992,买盘
2520,09:35:18,42.47,-0.02,6,25482,卖盘
2521,09:35:12,42.49,--,3,12747,卖盘
2522,09:35:09,42.49,--,2,8498,买盘
2523,09:35:06,42.49,0.02,13,55237,买盘
2524,09:34:57,42.47,0.01,1,4247,买盘
2525,09:34:54,42.46,-0.01,5,21230,卖盘
2526,09:34:48,42.47,0.01,2,8494,买盘
2527,09:34:45,42.46,-0.01,2,8492,卖盘
2528,09:34:33,42.47,0.01,2,8494,买盘
2529,09:34:27,42.46,--,7,29722,卖盘
2530,09:34:21,42.46,--,3,12738,买盘
2531,09:34:18,42.46,0.01,8,33968,买盘
2532,09:34:15,42.45,--,4,16980,卖盘
2533,09:34:12,42.45,--,2,8490,卖盘
2534,09:34:09,42.45,0.02,7,29715,中性盘
2535,09:34:00,42.43,-0.01,27,114561,卖盘
2536,09:33:51,42.44,0.04,3,12732,买盘
2537,09:33:48,42.4,--,29,122960,卖盘
2538,09:33:45,42.4,-0.03,7,29680,卖盘
2539,09:33:39,42.43,-0.01,2,8486,卖盘
2540,09:33:36,42.44,0.01,7,29708,买盘
2541,09:33:33,42.43,0.03,10,42430,买盘
2542,09:33:30,42.4,--,4,16960,卖盘
2543,09:33:27,42.4,-0.03,3,12720,卖盘
2544,09:33:21,42.43,0.03,34,144262,买盘
2545,09:33:15,42.4,--,126,534240,买盘
2546,09:33:12,42.4,-0.03,33,139920,卖盘
2547,09:33:09,42.43,--,1,4243,中性盘
2548,09:33:06,42.43,-0.01,2,8486,卖盘
2549,09:33:03,42.44,0.04,6,25464,买盘
2550,09:33:00,42.4,-0.03,16,67840,卖盘
2551,09:32:57,42.43,0.03,2,8486,买盘
2552,09:32:54,42.4,--,1,4240,卖盘
2553,09:32:51,42.4,-0.03,4,16960,卖盘
2554,09:32:45,42.43,0.03,2,8486,买盘
2555,09:32:42,42.4,--,14,59360,买盘
2556,09:32:36,42.4,0.01,10,42400,买盘
2557,09:32:24,42.39,0.19,1,4239,买盘
2558,09:32:21,42.2,--,17,71740,买盘
2559,09:32:18,42.2,-0.15,53,223660,卖盘
2560,09:32:15,42.35,--,20,84700,买盘
2561,09:32:12,42.35,0.15,10,42350,买盘
2562,09:32:06,42.2,--,2,8440,买盘
2563,09:31:57,42.2,0.03,12,50640,买盘
2564,09:31:51,42.17,--,1,4217,买盘
2565,09:31:42,42.17,--,2,8434,买盘
2566,09:31:39,42.17,0.17,5,21085,买盘
2567,09:31:36,42.0,--,3,12600,卖盘
2568,09:31:33,42.0,--,4,16800,买盘
2569,09:31:24,42.0,0.1,1,4200,买盘
2570,09:31:21,41.9,--,7,30712,卖盘
2571,09:31:18,41.9,-0.1,5,20950,中性盘
2572,09:31:15,42.0,--,5,21000,买盘
2573,09:31:12,42.0,0.01,10,42000,买盘
2574,09:31:03,41.99,--,3,12597,卖盘
2575,09:31:00,41.99,--,1,4199,卖盘
2576,09:30:48,41.99,0.37,7,29393,买盘
2577,09:30:42,41.62,--,1,4162,卖盘
2578,09:30:39,41.62,-0.28,2,8324,卖盘
2579,09:30:36,41.9,-0.09,1,4190,卖盘
2580,09:30:33,41.99,-0.01,5,20995,中性盘
2581,09:30:30,42.0,--,2,8400,买盘
2582,09:30:27,42.0,--,2,8400,买盘
2583,09:30:24,42.0,--,4,16800,买盘
2584,09:30:21,42.0,--,17,71400,卖盘
2585,09:30:15,42.0,--,3,12600,卖盘
2586,09:30:09,42.0,0.4,7,29400,中性盘
2587,09:30:06,41.6,-0.3,15,62400,卖盘
2588,09:30:03,41.9,-0.01,196,821240,卖盘
2589,09:30:00,41.91,--,0,0,卖盘
2590,09:25:03,41.91,41.91,158,662178,买盘
