,time,price,change,volume,amount,type
0,15:00:03,10.35,0.01,2927,3029652,买盘
1,14:57:00,10.34,--,0,0,卖盘
2,14:56:57,10.34,-0.01,15,15510,卖盘
3,14:56:54,10.35,0.01,98,101430,买盘
4,14:56:51,10.34,--,255,263670,卖盘
5,14:56:48,10.34,-0.01,51,52734,卖盘
6,14:56:45,10.35,--,154,159390,买盘
7,14:56:42,10.35,0.01,13,13455,买盘
8,14:56:36,10.34,-0.01,53,54802,卖盘
9,14:56:33,10.35,--,20,20700,买盘
10,14:56:30,10.35,--,245,253575,买盘
11,14:56:24,10.35,0.01,16,16560,买盘
12,14:56:21,10.34,-0.01,1,1034,卖盘
13,14:56:18,10.35,--,66,68310,买盘
14,14:56:15,10.35,--,85,87975,买盘
15,14:56:12,10.35,--,6,6210,买盘
16,14:56:09,10.35,--,15,15525,买盘
17,14:56:03,10.35,--,27,28255,买盘
18,14:55:57,10.35,0.01,66,68310,买盘
19,14:55:54,10.34,--,20,20680,卖盘
20,14:55:51,10.34,-0.01,2,2068,卖盘
21,14:55:48,10.35,0.01,15,15525,买盘
22,14:55:45,10.34,-0.01,60,62040,卖盘
23,14:55:42,10.35,0.01,424,438840,买盘
24,14:55:39,10.34,-0.01,15,15510,卖盘
25,14:55:36,10.35,--,63,65205,买盘
26,14:55:30,10.35,--,47,48645,买盘
27,14:55:27,10.35,0.01,61,63135,买盘
28,14:55:21,10.34,--,24,24816,卖盘
29,14:55:18,10.34,-0.01,23,23782,卖盘
30,14:55:15,10.35,--,35,36225,买盘
31,14:55:12,10.35,--,23,23805,买盘
32,14:55:09,10.35,0.01,111,114885,买盘
33,14:55:03,10.34,-0.01,50,51700,卖盘
34,14:54:57,10.35,--,18,18630,买盘
35,14:54:54,10.35,0.01,156,161460,买盘
36,14:54:42,10.34,--,5,5170,卖盘
37,14:54:39,10.34,-0.01,6,6204,卖盘
38,14:54:36,10.35,0.01,17,17595,买盘
39,14:54:33,10.34,--,23,23782,卖盘
40,14:54:18,10.34,-0.01,12,12408,卖盘
41,14:54:12,10.35,--,61,63135,买盘
42,14:54:06,10.35,--,15,15525,买盘
43,14:53:57,10.35,0.01,11,11385,买盘
44,14:53:54,10.34,--,10,10340,卖盘
45,14:53:51,10.34,-0.01,10,10340,卖盘
46,14:53:48,10.35,0.01,130,134550,买盘
47,14:53:42,10.34,-0.01,10,10340,卖盘
48,14:53:36,10.35,--,31,32085,买盘
49,14:53:33,10.35,0.01,28,28980,买盘
50,14:53:27,10.34,-0.01,2,2068,卖盘
51,14:53:21,10.35,--,1,1035,买盘
52,14:53:18,10.35,0.01,5,5175,买盘
53,14:53:15,10.34,--,20,20680,卖盘
54,14:53:12,10.34,--,13,13442,卖盘
55,14:53:09,10.34,--,23,23782,卖盘
56,14:53:03,10.34,--,87,90506,卖盘
57,14:53:00,10.34,-0.01,10,10340,卖盘
58,14:52:57,10.35,0.01,15,15525,买盘
59,14:52:51,10.34,--,12,12408,卖盘
60,14:52:48,10.34,--,15,15510,买盘
61,14:52:45,10.34,--,18,18612,买盘
62,14:52:42,10.34,0.01,25,25850,买盘
63,14:52:39,10.33,-0.01,21,21693,卖盘
64,14:52:36,10.34,--,10,10340,买盘
65,14:52:33,10.34,--,498,514932,买盘
66,14:52:30,10.34,--,210,217140,买盘
67,14:52:24,10.34,0.01,20,20680,买盘
68,14:52:21,10.33,-0.01,2,2066,卖盘
69,14:52:18,10.34,0.01,252,260568,买盘
70,14:52:15,10.33,-0.01,612,632196,卖盘
71,14:52:12,10.34,--,120,124080,买盘
72,14:52:09,10.34,--,300,310200,买盘
73,14:52:03,10.34,--,110,113740,买盘
74,14:51:54,10.34,--,1071,1107414,买盘
75,14:51:48,10.34,0.01,5,5170,买盘
76,14:51:45,10.33,-0.01,7,7231,卖盘
77,14:51:42,10.34,--,20,20680,买盘
78,14:51:39,10.34,0.01,1,1034,买盘
79,14:51:33,10.33,--,182,188006,卖盘
80,14:51:21,10.33,--,8,8264,卖盘
81,14:51:15,10.33,-0.01,2,2066,卖盘
82,14:51:09,10.34,0.01,5,5170,买盘
83,14:51:03,10.33,-0.01,4,4132,卖盘
84,14:51:00,10.34,0.01,22,22748,买盘
85,14:50:57,10.33,-0.01,103,106399,卖盘
86,14:50:54,10.34,0.01,64,66176,买盘
87,14:50:51,10.33,--,22,22726,卖盘
88,14:50:48,10.33,-0.01,7,7231,卖盘
89,14:50:45,10.34,--,20,20680,买盘
90,14:50:42,10.34,--,2,2068,买盘
91,14:50:39,10.34,--,50,51700,买盘
92,14:50:36,10.34,0.01,84,86856,买盘
93,14:50:33,10.33,-0.01,164,169412,卖盘
94,14:50:30,10.34,--,2,2068,买盘
95,14:50:27,10.34,0.01,2,2068,买盘
96,14:50:24,10.33,--,2,2066,卖盘
97,14:50:21,10.33,--,16,16528,卖盘
98,14:50:12,10.33,-0.01,188,194204,卖盘
99,14:50:09,10.34,-0.01,293,302962,卖盘
100,14:50:06,10.35,--,5,5175,买盘
101,14:50:03,10.35,0.01,268,277380,买盘
102,14:50:00,10.34,--,3,3102,卖盘
103,14:49:57,10.34,--,5,5170,卖盘
104,14:49:54,10.34,--,7,7238,卖盘
105,14:49:48,10.34,--,70,72380,卖盘
106,14:49:45,10.34,--,509,526306,买盘
107,14:49:42,10.34,0.01,48,49632,买盘
108,14:49:39,10.33,-0.01,100,103300,卖盘
109,14:49:36,10.34,0.01,1,1034,买盘
110,14:49:33,10.33,--,1577,1629041,卖盘
111,14:49:24,10.33,--,16,16528,卖盘
112,14:49:18,10.33,--,22,22726,卖盘
113,14:49:15,10.33,-0.01,100,103300,卖盘
114,14:49:12,10.34,--,3,3102,买盘
115,14:49:03,10.34,--,34,35156,买盘
116,14:49:00,10.34,0.01,3,3102,买盘
117,14:48:57,10.33,-0.01,65,67145,卖盘
118,14:48:54,10.34,0.01,10,10340,买盘
119,14:48:51,10.33,-0.01,97,100201,卖盘
120,14:48:48,10.34,--,5,5170,买盘
121,14:48:45,10.34,--,32,33088,买盘
122,14:48:42,10.34,--,97,100298,买盘
123,14:48:33,10.34,0.01,167,172678,买盘
124,14:48:27,10.33,-0.01,1,1033,卖盘
125,14:48:24,10.34,--,15,15510,买盘
126,14:48:18,10.34,0.01,109,112706,买盘
127,14:48:15,10.33,-0.01,130,134290,卖盘
128,14:48:09,10.34,--,35,36190,买盘
129,14:48:03,10.34,0.01,26,26884,买盘
130,14:48:00,10.33,-0.01,25,25825,卖盘
131,14:47:54,10.34,0.01,14,14476,买盘
132,14:47:51,10.33,--,13,13429,卖盘
133,14:47:45,10.33,--,10,10330,卖盘
134,14:47:39,10.33,-0.01,28,28924,卖盘
135,14:47:36,10.34,0.01,6,6204,买盘
136,14:47:33,10.33,-0.01,165,170445,卖盘
137,14:47:24,10.34,0.01,10,10340,买盘
138,14:47:18,10.33,-0.01,23,23759,卖盘
139,14:47:15,10.34,--,2,2068,买盘
140,14:47:09,10.34,--,27,27918,卖盘
141,14:47:06,10.34,--,28,28952,卖盘
142,14:47:03,10.34,0.01,47,48598,买盘
143,14:46:54,10.33,-0.01,8,8264,卖盘
144,14:46:51,10.34,0.01,1,1034,买盘
145,14:46:48,10.33,-0.01,37,38221,卖盘
146,14:46:45,10.34,-0.01,25,25850,卖盘
147,14:46:42,10.35,0.01,8,8280,买盘
148,14:46:39,10.34,-0.01,4,4136,卖盘
149,14:46:36,10.35,0.01,77,79695,买盘
150,14:46:33,10.34,--,169,174746,卖盘
151,14:46:30,10.34,--,9,9306,卖盘
152,14:46:27,10.34,0.01,34,35156,卖盘
153,14:46:24,10.33,-0.02,30,30990,卖盘
154,14:46:15,10.35,0.02,359,371565,买盘
155,14:46:12,10.33,-0.01,12,12396,卖盘
156,14:46:09,10.34,--,10,10340,卖盘
157,14:46:06,10.34,--,285,294690,买盘
158,14:46:03,10.34,0.01,100,103400,买盘
159,14:46:00,10.33,-0.01,23,23759,卖盘
160,14:45:57,10.34,--,10,10340,买盘
161,14:45:51,10.34,--,146,150964,买盘
162,14:45:45,10.34,--,20,20680,买盘
163,14:45:42,10.34,--,24,24816,买盘
164,14:45:39,10.34,--,5,5170,买盘
165,14:45:36,10.34,--,148,153032,卖盘
166,14:45:33,10.34,--,165,170610,卖盘
167,14:45:30,10.34,--,20,20680,卖盘
168,14:45:27,10.34,0.01,137,141658,买盘
169,14:45:24,10.33,-0.01,140,145033,卖盘
170,14:45:18,10.34,--,5,5170,买盘
171,14:45:12,10.34,--,56,57904,买盘
172,14:45:09,10.34,--,10,10340,买盘
173,14:45:03,10.34,0.01,50,51700,买盘
174,14:45:00,10.33,-0.01,163,168812,卖盘
175,14:44:57,10.34,--,81,83754,买盘
176,14:44:54,10.34,0.01,60,62040,买盘
177,14:44:51,10.33,-0.01,40,41320,卖盘
178,14:44:48,10.34,0.01,11,11374,买盘
179,14:44:45,10.33,-0.01,16,16528,卖盘
180,14:44:42,10.34,--,90,93060,买盘
181,14:44:39,10.34,--,10,10340,买盘
182,14:44:36,10.34,0.01,29,29986,买盘
183,14:44:33,10.33,-0.01,174,179742,卖盘
184,14:44:30,10.34,--,10,10340,买盘
185,14:44:27,10.34,--,93,96162,买盘
186,14:44:24,10.34,--,31,32054,买盘
187,14:44:21,10.34,--,10,10340,买盘
188,14:44:18,10.34,--,22,22748,买盘
189,14:44:09,10.34,--,88,90992,买盘
190,14:44:03,10.34,0.01,10,10340,买盘
191,14:44:00,10.33,--,1,1033,卖盘
192,14:43:51,10.33,--,75,77475,卖盘
193,14:43:48,10.33,-0.01,37,38221,卖盘
194,14:43:45,10.34,--,36,37224,买盘
195,14:43:42,10.34,0.01,13,13442,买盘
196,14:43:33,10.33,--,366,378078,卖盘
197,14:43:30,10.33,-0.01,15,15495,卖盘
198,14:43:27,10.34,0.01,8,8272,买盘
199,14:43:21,10.33,-0.01,32,33056,卖盘
200,14:43:18,10.34,--,5,5170,买盘
201,14:43:15,10.34,--,5,5170,买盘
202,14:43:09,10.34,0.01,8,8272,买盘
203,14:43:03,10.33,--,24,24792,卖盘
204,14:43:00,10.33,--,17,17561,卖盘
205,14:42:54,10.33,--,2,2066,卖盘
206,14:42:51,10.33,--,119,122927,卖盘
207,14:42:45,10.33,--,502,518566,卖盘
208,14:42:42,10.33,-0.01,4,4132,卖盘
209,14:42:39,10.34,0.01,166,171644,买盘
210,14:42:36,10.33,--,155,160115,卖盘
211,14:42:33,10.33,-0.01,165,170445,卖盘
212,14:42:30,10.34,--,10,10340,买盘
213,14:42:24,10.34,0.01,38,39292,买盘
214,14:42:21,10.33,-0.01,32,33056,卖盘
215,14:42:18,10.34,--,290,299860,卖盘
216,14:42:15,10.34,-0.01,4,4136,卖盘
217,14:42:12,10.35,0.01,66,68310,买盘
218,14:42:09,10.34,--,6,6204,卖盘
219,14:42:06,10.34,--,20,20680,卖盘
220,14:42:03,10.34,--,7,7238,卖盘
221,14:42:00,10.34,-0.01,1,1034,卖盘
222,14:41:57,10.35,0.01,9,9315,买盘
223,14:41:54,10.34,--,255,263670,卖盘
224,14:41:51,10.34,--,55,56870,卖盘
225,14:41:45,10.34,--,555,573870,卖盘
226,14:41:42,10.34,--,30,31020,卖盘
227,14:41:39,10.34,--,20,20680,卖盘
228,14:41:36,10.34,-0.01,1,1034,卖盘
229,14:41:33,10.35,0.01,202,209070,买盘
230,14:41:30,10.34,--,30,31020,卖盘
231,14:41:27,10.34,--,200,206800,卖盘
232,14:41:24,10.34,--,10,10340,卖盘
233,14:41:21,10.34,--,40,41360,卖盘
234,14:41:18,10.34,--,149,154066,卖盘
235,14:41:15,10.34,-0.01,55,56870,卖盘
236,14:41:12,10.35,0.01,1,1035,买盘
237,14:41:09,10.34,--,15,15510,卖盘
238,14:41:03,10.34,--,10,10340,卖盘
239,14:41:00,10.34,--,172,177848,卖盘
240,14:40:57,10.34,--,20,20680,卖盘
241,14:40:51,10.34,--,107,110638,卖盘
242,14:40:48,10.34,--,1,1034,卖盘
243,14:40:45,10.34,--,43,44462,卖盘
244,14:40:33,10.34,-0.01,178,184052,卖盘
245,14:40:30,10.35,--,124,128340,买盘
246,14:40:24,10.35,0.01,28,28980,买盘
247,14:40:21,10.34,--,30,31020,卖盘
248,14:40:18,10.34,-0.02,17,17578,卖盘
249,14:40:15,10.36,0.02,49,50764,买盘
250,14:40:09,10.34,--,4,4136,卖盘
251,14:40:03,10.34,--,1,1034,卖盘
252,14:39:57,10.34,-0.02,3,3102,卖盘
253,14:39:54,10.36,0.02,64,66304,买盘
254,14:39:51,10.34,-0.02,14,14476,卖盘
255,14:39:45,10.36,0.01,61,63196,买盘
256,14:39:42,10.35,--,13,13455,卖盘
257,14:39:39,10.35,0.01,15,15525,中性盘
258,14:39:33,10.34,-0.01,164,169576,卖盘
259,14:39:30,10.35,--,21,21735,卖盘
260,14:39:15,10.35,--,75,77625,卖盘
261,14:39:12,10.35,0.01,166,171810,卖盘
262,14:39:06,10.34,--,31,32054,卖盘
263,14:39:03,10.34,-0.02,10,10340,卖盘
264,14:38:57,10.36,0.02,38,39368,买盘
265,14:38:51,10.34,-0.01,7,7238,卖盘
266,14:38:42,10.35,--,15,15525,买盘
267,14:38:39,10.35,0.01,22,22770,买盘
268,14:38:33,10.34,-0.01,164,169576,卖盘
269,14:38:27,10.35,-0.01,142,147694,卖盘
270,14:38:24,10.36,--,30,31080,卖盘
271,14:38:21,10.36,0.01,32,33152,买盘
272,14:38:18,10.35,-0.01,9,9315,卖盘
273,14:38:12,10.36,--,112,116032,买盘
274,14:38:09,10.36,--,704,729344,买盘
275,14:38:03,10.36,0.01,37,38332,买盘
276,14:37:51,10.35,--,8,8280,卖盘
277,14:37:48,10.35,--,9,9315,卖盘
278,14:37:42,10.35,--,45,46575,卖盘
279,14:37:33,10.35,--,165,170775,卖盘
280,14:37:21,10.35,--,10,10350,卖盘
281,14:37:09,10.35,--,12,12420,卖盘
282,14:37:06,10.35,-0.01,500,517500,卖盘
283,14:37:03,10.36,0.01,100,103600,买盘
284,14:36:54,10.35,--,7,7245,卖盘
285,14:36:39,10.35,-0.02,15,15525,卖盘
286,14:36:36,10.37,0.02,9,9333,买盘
287,14:36:33,10.35,-0.02,167,172845,卖盘
288,14:36:21,10.37,0.02,39,40443,买盘
289,14:36:18,10.35,-0.02,750,776250,卖盘
290,14:36:15,10.37,0.02,5,5185,买盘
291,14:36:06,10.35,--,12,12420,卖盘
292,14:36:03,10.35,--,38,39330,卖盘
293,14:35:51,10.35,-0.02,28,28980,卖盘
294,14:35:42,10.37,0.02,13,13480,买盘
295,14:35:36,10.35,--,1,1035,卖盘
296,14:35:33,10.35,--,82,84870,卖盘
297,14:35:27,10.35,-0.02,234,242190,卖盘
298,14:35:21,10.37,--,24,24887,买盘
299,14:35:18,10.37,--,1,1037,买盘
300,14:35:15,10.37,0.01,361,374357,买盘
301,14:35:03,10.36,-0.01,5,5180,卖盘
302,14:35:00,10.37,0.01,38,39406,买盘
303,14:34:57,10.36,-0.01,100,103600,卖盘
304,14:34:54,10.37,0.01,63,65330,买盘
305,14:34:51,10.36,--,7,7252,卖盘
306,14:34:45,10.36,--,10,10360,卖盘
307,14:34:36,10.36,--,15,15540,卖盘
308,14:34:33,10.36,--,298,308728,卖盘
309,14:34:27,10.36,-0.01,10,10360,卖盘
310,14:34:24,10.37,0.01,45,46665,买盘
311,14:34:09,10.36,--,53,54908,卖盘
312,14:33:51,10.36,-0.01,11,11396,卖盘
313,14:33:45,10.37,0.01,38,39406,买盘
314,14:33:39,10.36,--,105,108780,卖盘
315,14:33:33,10.36,-0.01,15,15540,卖盘
316,14:33:30,10.37,--,1,1037,买盘
317,14:33:18,10.37,0.01,6,6221,买盘
318,14:33:03,10.36,--,38,39368,卖盘
319,14:32:57,10.36,-0.01,15,15540,卖盘
320,14:32:51,10.37,--,54,55997,卖盘
321,14:32:45,10.37,--,86,89182,卖盘
322,14:32:33,10.37,--,166,172142,卖盘
323,14:32:30,10.37,-0.01,1,1037,卖盘
324,14:32:27,10.38,0.01,46,47748,买盘
325,14:32:24,10.37,--,811,841006,买盘
326,14:32:21,10.37,0.01,36,37332,买盘
327,14:32:18,10.36,-0.01,18,18648,卖盘
328,14:32:12,10.37,--,22,22814,买盘
329,14:32:09,10.37,0.01,50,51849,买盘
330,14:32:06,10.36,--,1,1036,卖盘
331,14:32:03,10.36,--,10,10360,卖盘
332,14:32:00,10.36,0.01,719,745547,买盘
333,14:31:57,10.35,--,124,129023,买盘
334,14:31:54,10.35,--,12,12420,买盘
335,14:31:51,10.35,--,65,67275,买盘
336,14:31:48,10.35,--,35,36225,买盘
337,14:31:45,10.35,--,584,604440,买盘
338,14:31:42,10.35,0.01,61,63135,买盘
339,14:31:39,10.34,-0.01,52,53768,卖盘
340,14:31:36,10.35,0.01,63,65205,买盘
341,14:31:27,10.34,-0.01,1300,1344200,卖盘
342,14:31:24,10.35,--,13,13455,买盘
343,14:31:18,10.35,0.01,33,34155,买盘
344,14:31:15,10.34,-0.01,55,56870,卖盘
345,14:31:12,10.35,--,91,94185,买盘
346,14:31:09,10.35,--,68,70380,买盘
347,14:31:06,10.35,0.01,19,19665,买盘
348,14:31:03,10.34,-0.01,9,9306,卖盘
349,14:30:57,10.35,--,13,13455,买盘
350,14:30:54,10.35,--,13,13455,买盘
351,14:30:51,10.35,0.01,196,202860,买盘
352,14:30:48,10.34,--,53,54802,卖盘
353,14:30:45,10.34,--,111,114774,卖盘
354,14:30:39,10.34,--,5,5170,卖盘
355,14:30:33,10.34,--,25,25850,卖盘
356,14:30:27,10.34,--,13,13442,卖盘
357,14:30:24,10.34,--,94,97196,卖盘
358,14:30:15,10.34,--,8,8272,卖盘
359,14:30:12,10.34,-0.01,200,206800,卖盘
360,14:30:09,10.35,0.01,38,39330,买盘
361,14:30:06,10.34,--,247,255398,卖盘
362,14:30:03,10.34,--,18,18612,卖盘
363,14:30:00,10.34,--,1,1034,卖盘
364,14:29:51,10.34,--,81,83754,卖盘
365,14:29:48,10.34,--,4,4136,卖盘
366,14:29:45,10.34,--,20,20680,卖盘
367,14:29:42,10.34,--,8,8272,卖盘
368,14:29:33,10.34,--,7,7238,卖盘
369,14:29:27,10.34,--,50,51700,卖盘
370,14:29:24,10.34,-0.01,8,8272,卖盘
371,14:29:21,10.35,0.01,5,5175,买盘
372,14:29:15,10.34,--,19,19646,卖盘
373,14:29:12,10.34,--,20,20680,卖盘
374,14:29:09,10.34,--,52,53768,卖盘
375,14:29:00,10.34,--,27,27918,卖盘
376,14:28:54,10.34,--,154,159236,卖盘
377,14:28:51,10.34,-0.01,34,35507,卖盘
378,14:28:48,10.35,--,47,48645,卖盘
379,14:28:42,10.35,--,64,66923,买盘
380,14:28:39,10.35,--,10,10350,买盘
381,14:28:36,10.35,--,7,7245,买盘
382,14:28:27,10.35,--,73,75555,买盘
383,14:28:21,10.35,--,728,753831,卖盘
384,14:28:18,10.35,-0.01,15,15525,卖盘
385,14:28:15,10.36,0.01,4,4144,买盘
386,14:28:03,10.35,--,20,20700,卖盘
387,14:27:54,10.35,--,62,64170,卖盘
388,14:27:51,10.35,--,25,25875,卖盘
389,14:27:48,10.35,--,10,10350,卖盘
390,14:27:45,10.35,-0.01,101,104535,卖盘
391,14:27:42,10.36,0.01,10,10360,买盘
392,14:27:36,10.35,--,3,3105,卖盘
393,14:27:33,10.35,--,16,16560,卖盘
394,14:27:21,10.35,-0.01,1,1035,卖盘
395,14:27:18,10.36,--,8,8288,买盘
396,14:27:15,10.36,0.01,54,55944,买盘
397,14:27:09,10.35,-0.01,256,264960,卖盘
398,14:27:03,10.36,--,225,233100,买盘
399,14:27:00,10.36,--,7,7252,买盘
400,14:26:54,10.36,0.01,8,8288,买盘
401,14:26:51,10.35,--,15,15525,卖盘
402,14:26:36,10.35,--,29,30015,卖盘
403,14:26:30,10.35,--,19,19665,卖盘
404,14:26:27,10.35,-0.01,10,10350,卖盘
405,14:25:54,10.36,--,27,27972,买盘
406,14:25:51,10.36,0.01,45,46620,买盘
407,14:25:48,10.35,--,19,19665,卖盘
408,14:25:45,10.35,--,19,19665,卖盘
409,14:25:33,10.35,--,5,5175,卖盘
410,14:25:30,10.35,-0.01,10,10350,卖盘
411,14:25:21,10.36,0.01,57,59052,买盘
412,14:25:18,10.35,-0.01,110,113850,卖盘
413,14:25:12,10.36,0.01,8,8288,买盘
414,14:25:09,10.35,--,10,10350,卖盘
415,14:24:57,10.35,--,53,54855,卖盘
416,14:24:54,10.35,--,39,40365,卖盘
417,14:24:51,10.35,--,7,7245,卖盘
418,14:24:33,10.35,-0.01,86,89693,卖盘
419,14:24:27,10.36,0.01,22,22792,买盘
420,14:24:24,10.35,-0.01,19,19665,卖盘
421,14:24:21,10.36,0.01,1,1036,买盘
422,14:24:18,10.35,--,4,4140,卖盘
423,14:24:12,10.35,--,401,415035,卖盘
424,14:24:03,10.35,--,19,19665,卖盘
425,14:23:57,10.35,--,10,10350,卖盘
426,14:23:54,10.35,--,100,103500,卖盘
427,14:23:51,10.35,--,7,7245,卖盘
428,14:23:39,10.35,-0.01,314,324990,卖盘
429,14:23:36,10.36,--,354,366744,买盘
430,14:23:33,10.36,--,1,1036,买盘
431,14:23:30,10.36,--,1,1036,买盘
432,14:23:27,10.36,--,61,63196,买盘
433,14:23:24,10.36,--,28,29008,买盘
434,14:23:21,10.36,--,1,1036,买盘
435,14:23:15,10.36,--,81,83916,买盘
436,14:23:12,10.36,0.01,204,211344,买盘
437,14:23:09,10.35,-0.01,11,11385,卖盘
438,14:23:03,10.36,--,4,4144,买盘
439,14:22:57,10.36,0.01,73,75628,买盘
440,14:22:54,10.35,-0.01,12,12420,卖盘
441,14:22:51,10.36,0.01,12,12432,买盘
442,14:22:48,10.35,-0.01,106,109710,卖盘
443,14:22:39,10.36,0.01,1,1036,买盘
444,14:22:36,10.35,--,57,59367,买盘
445,14:22:33,10.35,0.01,193,199755,买盘
446,14:22:30,10.34,--,2,2068,卖盘
447,14:22:27,10.34,-0.01,39,40326,卖盘
448,14:22:24,10.35,--,5,5175,买盘
449,14:22:21,10.35,--,1,1035,买盘
450,14:22:15,10.35,--,83,85905,买盘
451,14:22:09,10.35,0.01,4,4140,买盘
452,14:22:06,10.34,-0.01,49,50666,卖盘
453,14:22:03,10.35,--,1,1035,买盘
454,14:21:57,10.35,--,62,64170,买盘
455,14:21:54,10.35,0.01,96,99360,买盘
456,14:21:51,10.34,-0.01,9,9306,卖盘
457,14:21:48,10.35,--,60,62100,买盘
458,14:21:45,10.35,--,366,379472,卖盘
459,14:21:42,10.35,-0.01,180,186300,卖盘
460,14:21:39,10.36,0.01,1,1036,买盘
461,14:21:36,10.35,-0.01,1,1035,卖盘
462,14:21:33,10.36,--,1,1036,买盘
463,14:21:27,10.36,0.01,1,1036,买盘
464,14:21:21,10.35,--,2,2070,卖盘
465,14:21:18,10.35,--,36,37260,卖盘
466,14:21:15,10.35,--,23,23805,卖盘
467,14:21:12,10.35,-0.01,8,8280,卖盘
468,14:21:09,10.36,--,1,1036,买盘
469,14:21:03,10.36,0.01,1,1036,买盘
470,14:21:00,10.35,-0.01,5,5175,卖盘
471,14:20:57,10.36,0.01,11,11396,买盘
472,14:20:54,10.35,--,4,4140,卖盘
473,14:20:51,10.35,--,9,9315,卖盘
474,14:20:48,10.35,-0.01,150,155250,卖盘
475,14:20:45,10.36,--,6,6216,买盘
476,14:20:39,10.36,0.01,48,49728,买盘
477,14:20:36,10.35,-0.01,5,5175,卖盘
478,14:20:33,10.36,--,1,1036,买盘
479,14:20:27,10.36,0.01,2,2072,买盘
480,14:20:21,10.35,--,31,32085,卖盘
481,14:20:15,10.35,--,23,23805,卖盘
482,14:20:12,10.35,-0.01,20,20700,卖盘
483,14:20:09,10.36,0.01,1,1036,买盘
484,14:20:03,10.35,--,35,36225,卖盘
485,14:20:00,10.35,--,12,12420,卖盘
486,14:19:57,10.35,-0.01,22,22770,卖盘
487,14:19:54,10.36,0.01,3,3108,买盘
488,14:19:51,10.35,--,8,8280,卖盘
489,14:19:45,10.35,-0.01,281,290835,卖盘
490,14:19:39,10.36,0.01,1,1036,买盘
491,14:19:33,10.35,-0.01,48,49680,卖盘
492,14:19:27,10.36,--,1,1036,买盘
493,14:19:21,10.36,0.01,1,1036,买盘
494,14:19:18,10.35,--,92,95220,卖盘
495,14:19:15,10.35,--,23,23805,卖盘
496,14:19:12,10.35,--,90,93150,卖盘
497,14:19:09,10.35,-0.01,12,12420,卖盘
498,14:19:03,10.36,--,1,1036,买盘
499,14:19:00,10.36,0.01,18,18648,买盘
500,14:18:57,10.35,-0.01,18,18630,卖盘
501,14:18:54,10.36,0.01,77,79772,买盘
502,14:18:51,10.35,--,16,16560,卖盘
503,14:18:39,10.35,--,8,8280,卖盘
504,14:18:36,10.35,-0.01,106,109710,卖盘
505,14:18:33,10.36,0.01,1,1036,买盘
506,14:18:27,10.35,--,11,11385,卖盘
507,14:18:24,10.35,-0.01,8,8280,卖盘
508,14:18:21,10.36,0.01,1,1036,买盘
509,14:18:18,10.35,--,1,1035,卖盘
510,14:18:15,10.35,-0.01,176,182160,卖盘
511,14:18:12,10.36,--,1,1036,买盘
512,14:18:06,10.36,--,8,8288,买盘
513,14:18:00,10.36,0.01,69,71484,买盘
514,14:17:57,10.35,--,11,11385,卖盘
515,14:17:54,10.35,--,1,1035,卖盘
516,14:17:51,10.35,-0.01,8,8280,卖盘
517,14:17:39,10.36,--,1,1036,买盘
518,14:17:33,10.36,0.01,1,1036,买盘
519,14:17:30,10.35,--,8,8280,卖盘
520,14:17:27,10.35,-0.01,2,2070,卖盘
521,14:17:21,10.36,--,26,26936,买盘
522,14:17:18,10.36,--,14,14504,买盘
523,14:17:15,10.36,--,41,42476,买盘
524,14:17:09,10.36,--,1,1036,买盘
525,14:17:06,10.36,--,1,1036,买盘
526,14:17:03,10.36,--,1,1036,买盘
527,14:16:57,10.36,-0.01,27,27972,卖盘
528,14:16:54,10.37,--,20,20740,买盘
529,14:16:51,10.37,--,9,9333,买盘
530,14:16:48,10.37,--,54,55997,买盘
531,14:16:42,10.37,--,39,40443,买盘
532,14:16:36,10.37,--,1,1037,买盘
533,14:16:30,10.37,0.01,34,35258,买盘
534,14:16:27,10.36,-0.01,135,139860,卖盘
535,14:16:24,10.37,--,1,1037,买盘
536,14:16:21,10.37,--,2,2074,买盘
537,14:16:18,10.37,--,1,1037,买盘
538,14:16:15,10.37,--,61,63256,买盘
539,14:16:12,10.37,0.01,1,1037,买盘
540,14:16:09,10.36,--,50,51800,卖盘
541,14:16:06,10.36,--,2,2072,卖盘
542,14:16:03,10.36,-0.01,3,3108,卖盘
543,14:16:00,10.37,0.01,1,1037,买盘
544,14:15:57,10.36,--,11,11396,卖盘
545,14:15:51,10.36,-0.01,7,7252,卖盘
546,14:15:48,10.37,--,1,1037,买盘
547,14:15:42,10.37,--,1,1037,买盘
548,14:15:36,10.37,0.01,1,1037,买盘
549,14:15:27,10.36,-0.01,3,3108,卖盘
550,14:15:24,10.37,0.01,62,64293,买盘
551,14:15:21,10.36,-0.01,10,10360,卖盘
552,14:15:18,10.37,--,53,54960,买盘
553,14:15:12,10.37,--,3,3110,买盘
554,14:15:06,10.37,--,1,1037,买盘
555,14:15:00,10.37,0.01,1,1037,买盘
556,14:14:57,10.36,-0.01,13,13468,卖盘
557,14:14:54,10.37,0.01,8,8296,买盘
558,14:14:48,10.36,-0.01,2,2072,卖盘
559,14:14:45,10.37,0.01,194,201177,买盘
560,14:14:42,10.36,-0.01,15,15540,卖盘
561,14:14:36,10.37,--,1,1037,买盘
562,14:14:30,10.37,0.01,1,1037,买盘
563,14:14:27,10.36,-0.01,21,21756,卖盘
564,14:14:24,10.37,--,1,1037,买盘
565,14:14:21,10.37,--,11,11407,买盘
566,14:14:18,10.37,--,11,11407,买盘
567,14:14:12,10.37,0.01,11,11407,买盘
568,14:14:06,10.36,-0.01,35,36260,卖盘
569,14:14:03,10.37,--,39,40443,买盘
570,14:14:00,10.37,0.01,1,1037,买盘
571,14:13:57,10.36,--,11,11396,卖盘
572,14:13:51,10.36,-0.01,7,7252,卖盘
573,14:13:48,10.37,--,1,1037,买盘
574,14:13:42,10.37,--,1,1037,买盘
575,14:13:39,10.37,--,1,1037,买盘
576,14:13:36,10.37,--,260,269620,买盘
577,14:13:30,10.37,0.01,22,22814,买盘
578,14:13:24,10.36,-0.01,167,173012,卖盘
579,14:13:18,10.37,0.01,21,21777,买盘
580,14:13:15,10.36,-0.01,3,3108,卖盘
581,14:13:12,10.37,--,1,1037,买盘
582,14:13:06,10.37,0.01,1,1037,买盘
583,14:13:03,10.36,-0.01,296,306656,卖盘
584,14:13:00,10.37,0.01,1,1037,买盘
585,14:12:57,10.36,--,11,11396,卖盘
586,14:12:54,10.36,-0.01,34,35224,卖盘
587,14:12:51,10.37,--,194,201177,买盘
588,14:12:48,10.37,--,41,42517,买盘
589,14:12:42,10.37,0.01,1,1037,买盘
590,14:12:30,10.36,-0.01,22,22792,卖盘
591,14:12:24,10.37,--,1,1037,买盘
592,14:12:15,10.37,--,12,12443,买盘
593,14:12:12,10.37,--,1,1037,买盘
594,14:12:00,10.37,0.01,1,1037,买盘
595,14:11:57,10.36,--,10,10360,卖盘
596,14:11:54,10.36,-0.01,22,22792,卖盘
597,14:11:51,10.37,--,193,200140,买盘
598,14:11:48,10.37,0.01,15,15554,买盘
599,14:11:42,10.36,-0.01,33,34188,卖盘
600,14:11:36,10.37,0.01,134,138958,买盘
601,14:11:30,10.36,--,52,53872,卖盘
602,14:11:24,10.36,-0.01,8,8288,卖盘
603,14:11:21,10.37,--,3,3110,买盘
604,14:11:18,10.37,0.01,40,41480,买盘
605,14:11:12,10.36,-0.01,9,9324,卖盘
606,14:11:09,10.37,0.01,1,1037,买盘
607,14:11:06,10.36,--,9,9324,卖盘
608,14:11:00,10.36,-0.01,92,95312,卖盘
609,14:10:54,10.37,0.01,1,1037,买盘
610,14:10:51,10.36,-0.01,7,7252,卖盘
611,14:10:48,10.37,--,195,202214,买盘
612,14:10:42,10.37,--,101,104736,买盘
613,14:10:36,10.37,0.01,1,1037,买盘
614,14:10:33,10.36,--,8,8288,卖盘
615,14:10:30,10.36,--,116,120176,卖盘
616,14:10:27,10.36,-0.01,5,5180,卖盘
617,14:10:24,10.37,--,1,1037,买盘
618,14:10:18,10.37,0.01,1,1037,买盘
619,14:10:12,10.36,-0.01,15,15540,卖盘
620,14:10:03,10.37,--,6,6221,买盘
621,14:10:00,10.37,--,38,39406,买盘
622,14:09:57,10.37,--,1,1037,买盘
623,14:09:54,10.37,0.01,1,1037,买盘
624,14:09:51,10.36,-0.01,17,17612,卖盘
625,14:09:48,10.37,--,194,201177,买盘
626,14:09:42,10.37,--,1,1037,买盘
627,14:09:39,10.37,--,10,10370,买盘
628,14:09:36,10.37,--,13,13480,买盘
629,14:09:33,10.37,--,22,22814,买盘
630,14:09:27,10.37,--,33,34221,买盘
631,14:09:21,10.37,0.01,1,1037,买盘
632,14:09:18,10.36,-0.01,33,34188,卖盘
633,14:09:15,10.37,--,1,1037,买盘
634,14:09:03,10.37,--,1,1037,买盘
635,14:09:00,10.37,0.01,6,6221,买盘
636,14:08:54,10.36,-0.01,18,18648,卖盘
637,14:08:51,10.37,--,1,1037,买盘
638,14:08:48,10.37,--,194,201177,买盘
639,14:08:45,10.37,--,1,1037,买盘
640,14:08:42,10.37,0.01,38,39406,买盘
641,14:08:36,10.36,-0.01,3,3108,卖盘
642,14:08:33,10.37,--,63,65330,买盘
643,14:08:27,10.37,--,1,1037,买盘
644,14:08:21,10.37,0.01,1,1037,买盘
645,14:08:18,10.36,-0.01,39,40404,卖盘
646,14:08:15,10.37,0.01,1,1037,买盘
647,14:08:09,10.36,-0.01,2,2072,卖盘
648,14:08:03,10.37,0.01,50,51849,买盘
649,14:08:00,10.36,--,36,37296,卖盘
650,14:07:54,10.36,-0.01,7,7252,卖盘
651,14:07:51,10.37,--,195,202214,买盘
652,14:07:48,10.37,--,50,51849,买盘
653,14:07:39,10.37,--,20,20740,买盘
654,14:07:33,10.37,--,1,1037,买盘
655,14:07:30,10.37,--,30,31109,买盘
656,14:07:27,10.37,--,1,1037,买盘
657,14:07:24,10.37,0.01,39,40443,买盘
658,14:07:21,10.36,-0.01,54,55944,卖盘
659,14:07:18,10.37,--,31,32146,买盘
660,14:07:15,10.37,--,1,1037,买盘
661,14:07:09,10.37,0.01,1,1037,买盘
662,14:07:06,10.36,-0.01,37,38332,卖盘
663,14:07:03,10.37,0.01,1,1037,买盘
664,14:07:00,10.36,-0.01,10,10360,卖盘
665,14:06:54,10.37,--,203,210510,买盘
666,14:06:51,10.37,--,2,2074,买盘
667,14:06:45,10.37,--,1,1037,买盘
668,14:06:39,10.37,--,1,1037,买盘
669,14:06:33,10.37,0.01,22,22814,买盘
670,14:06:30,10.36,--,17,17612,卖盘
671,14:06:24,10.36,-0.01,33,34188,卖盘
672,14:06:21,10.37,--,1,1037,买盘
673,14:06:18,10.37,0.01,1,1037,买盘
674,14:06:15,10.36,--,14,14504,买盘
675,14:06:09,10.36,-0.01,13,13468,中性盘
676,14:06:06,10.37,0.01,38,39406,买盘
677,14:06:03,10.36,0.01,12,12432,买盘
678,14:06:00,10.35,-0.01,0,724,卖盘
679,14:05:57,10.36,-0.01,1,1036,中性盘
680,14:05:54,10.37,0.02,394,408577,买盘
681,14:05:51,10.35,--,8,8280,卖盘
682,14:05:48,10.35,-0.01,37,38295,卖盘
683,14:05:45,10.36,--,1,1036,买盘
684,14:05:42,10.36,--,70,72520,买盘
685,14:05:39,10.36,--,1,1036,买盘
686,14:05:33,10.36,--,6,6216,买盘
687,14:05:27,10.36,--,1,1036,买盘
688,14:05:21,10.36,--,21,21756,买盘
689,14:05:15,10.36,--,1,1036,买盘
690,14:05:09,10.36,0.01,1,1036,买盘
691,14:05:03,10.35,-0.01,29,30698,卖盘
692,14:05:00,10.36,0.01,55,56980,买盘
693,14:04:57,10.35,-0.01,232,240120,卖盘
694,14:04:54,10.36,--,27,27972,买盘
695,14:04:48,10.36,--,52,53872,买盘
696,14:04:45,10.36,--,1,1036,买盘
697,14:04:42,10.36,--,30,31080,买盘
698,14:04:39,10.36,--,24,24864,买盘
699,14:04:33,10.36,--,73,75628,买盘
700,14:04:21,10.36,0.01,1,1036,买盘
701,14:04:15,10.35,-0.01,8,8280,卖盘
702,14:04:09,10.36,--,1,1036,买盘
703,14:04:06,10.36,--,26,26936,买盘
704,14:04:03,10.36,--,36,37296,买盘
705,14:04:00,10.36,--,29,30044,买盘
706,14:03:54,10.36,0.01,30,31080,买盘
707,14:03:51,10.35,--,40,41400,卖盘
708,14:03:42,10.35,-0.01,21,21735,卖盘
709,14:03:36,10.36,--,6,6216,买盘
710,14:03:33,10.36,--,50,51800,买盘
711,14:03:30,10.36,0.01,38,39368,买盘
712,14:03:24,10.35,-0.01,2,2070,卖盘
713,14:03:21,10.36,0.01,101,104636,买盘
714,14:03:18,10.35,-0.01,33,34155,卖盘
715,14:03:12,10.36,--,1,1036,买盘
716,14:03:09,10.36,--,1,1036,买盘
717,14:03:06,10.36,--,106,109816,买盘
718,14:03:03,10.36,0.01,15,15540,买盘
719,14:03:00,10.35,--,10,10350,卖盘
720,14:02:57,10.35,--,267,276345,卖盘
721,14:02:51,10.35,--,107,110745,卖盘
722,14:02:48,10.35,-0.01,21,21735,卖盘
723,14:02:45,10.36,--,72,74592,买盘
724,14:02:42,10.36,--,31,32116,买盘
725,14:02:33,10.36,--,1,1036,买盘
726,14:02:27,10.36,--,10,10360,买盘
727,14:02:24,10.36,0.01,1,1036,买盘
728,14:02:21,10.35,--,5,5175,卖盘
729,14:02:12,10.35,-0.01,129,133515,卖盘
730,14:02:09,10.36,0.01,5,5180,买盘
731,14:02:06,10.35,-0.01,33,34155,卖盘
732,14:02:00,10.36,0.01,1,1036,买盘
733,14:01:54,10.35,--,216,223560,卖盘
734,14:01:51,10.35,-0.01,8,8280,卖盘
735,14:01:48,10.36,0.01,1,1036,买盘
736,14:01:42,10.35,-0.01,21,21735,卖盘
737,14:01:36,10.36,--,6,6216,买盘
738,14:01:33,10.36,--,38,39368,买盘
739,14:01:30,10.36,0.01,38,39368,买盘
740,14:01:27,10.35,-0.01,113,116955,卖盘
741,14:01:24,10.36,--,1,1036,买盘
742,14:01:21,10.36,--,15,15540,买盘
743,14:01:18,10.36,0.01,22,22792,买盘
744,14:01:15,10.35,-0.01,27,27945,卖盘
745,14:01:12,10.36,0.01,15,15540,买盘
746,14:01:09,10.35,-0.01,14,14490,卖盘
747,14:01:06,10.36,--,52,53872,买盘
748,14:01:00,10.36,--,62,64232,买盘
749,14:00:54,10.36,0.01,106,109816,买盘
750,14:00:51,10.35,--,7,7245,卖盘
751,14:00:48,10.35,-0.01,40,41400,卖盘
752,14:00:45,10.36,0.01,1,1036,买盘
753,14:00:42,10.35,-0.01,1,1035,卖盘
754,14:00:36,10.36,--,15,15540,买盘
755,14:00:24,10.36,--,1,1036,买盘
756,14:00:18,10.36,--,37,38332,买盘
757,14:00:06,10.36,0.01,1,1036,买盘
758,14:00:03,10.35,-0.01,19,19665,卖盘
759,14:00:00,10.36,--,1,1036,买盘
760,13:59:54,10.36,0.01,30,31080,买盘
761,13:59:51,10.35,-0.01,7,7245,卖盘
762,13:59:48,10.36,0.01,22,22792,买盘
763,13:59:42,10.35,-0.01,56,57960,卖盘
764,13:59:36,10.36,--,46,47656,买盘
765,13:59:30,10.36,--,11,11396,买盘
766,13:59:24,10.36,--,1,1036,买盘
767,13:59:21,10.36,--,10,10360,买盘
768,13:59:18,10.36,--,1,1036,买盘
769,13:59:12,10.36,--,1,1036,买盘
770,13:59:06,10.36,--,77,79772,买盘
771,13:59:00,10.36,--,1,1036,买盘
772,13:58:54,10.36,0.01,192,198912,买盘
773,13:58:51,10.35,-0.01,7,7245,卖盘
774,13:58:48,10.36,0.01,22,22792,买盘
775,13:58:45,10.35,-0.01,50,51750,卖盘
776,13:58:42,10.36,--,1,1036,买盘
777,13:58:36,10.36,0.01,1,1036,买盘
778,13:58:30,10.35,--,57,58995,卖盘
779,13:58:27,10.35,-0.01,54,55890,卖盘
780,13:58:24,10.36,0.01,29,30044,买盘
781,13:58:21,10.35,-0.01,15,15525,卖盘
782,13:58:18,10.36,--,38,39368,买盘
783,13:58:12,10.36,--,11,11396,买盘
784,13:58:06,10.36,--,1,1036,买盘
785,13:58:03,10.36,--,1,1036,买盘
786,13:57:54,10.36,0.01,1,1036,买盘
787,13:57:51,10.35,-0.01,26,26910,卖盘
788,13:57:48,10.36,--,6,6216,买盘
789,13:57:42,10.36,--,23,23828,买盘
790,13:57:36,10.36,0.01,1,1036,买盘
791,13:57:33,10.35,-0.01,19,19665,卖盘
792,13:57:30,10.36,0.01,11,11396,买盘
793,13:57:27,10.35,-0.01,36,37260,卖盘
794,13:57:21,10.36,--,36,37296,买盘
795,13:57:18,10.36,0.01,1,1036,买盘
796,13:57:15,10.35,-0.01,34,35190,卖盘
797,13:57:09,10.36,--,20,20720,买盘
798,13:57:06,10.36,--,1,1036,买盘
799,13:57:00,10.36,--,44,45584,买盘
800,13:56:54,10.36,0.01,1,1036,买盘
801,13:56:51,10.35,--,7,7245,卖盘
802,13:56:48,10.35,-0.01,27,27945,卖盘
803,13:56:42,10.36,--,86,89096,买盘
804,13:56:36,10.36,0.01,113,117068,买盘
805,13:56:33,10.35,-0.01,35,36225,卖盘
806,13:56:27,10.36,--,1,1036,买盘
807,13:56:24,10.36,--,10,10360,买盘
808,13:56:12,10.36,--,1,1036,买盘
809,13:56:06,10.36,0.01,37,38332,买盘
810,13:56:00,10.35,-0.01,35,36225,卖盘
811,13:55:57,10.36,--,30,31080,买盘
812,13:55:54,10.36,0.01,14,14504,买盘
813,13:55:51,10.35,-0.01,12,12420,卖盘
814,13:55:48,10.36,0.01,10,10360,买盘
815,13:55:45,10.35,--,14,14490,卖盘
816,13:55:42,10.35,-0.01,98,101430,卖盘
817,13:55:36,10.36,--,66,68376,买盘
818,13:55:27,10.36,--,61,63196,买盘
819,13:55:24,10.36,0.01,1,1036,买盘
820,13:55:21,10.35,-0.01,16,16560,卖盘
821,13:55:18,10.36,--,1,1036,买盘
822,13:55:12,10.36,--,1,1036,买盘
823,13:55:09,10.36,0.01,4,4144,买盘
824,13:55:06,10.35,-0.01,16,16560,卖盘
825,13:55:00,10.36,--,10,10360,买盘
826,13:54:54,10.36,0.01,1,1036,买盘
827,13:54:51,10.35,--,11,11385,卖盘
828,13:54:48,10.35,--,89,92115,卖盘
829,13:54:42,10.35,-0.01,198,204930,卖盘
830,13:54:36,10.36,0.01,1,1036,买盘
831,13:54:30,10.35,-0.01,21,21735,卖盘
832,13:54:27,10.36,--,65,67340,买盘
833,13:54:24,10.36,0.01,39,40404,买盘
834,13:54:18,10.35,--,200,207000,卖盘
835,13:54:12,10.35,--,4,4140,卖盘
836,13:54:09,10.35,--,1,1035,卖盘
837,13:54:03,10.35,--,50,51750,卖盘
838,13:53:57,10.35,--,36,37260,卖盘
839,13:53:51,10.35,--,7,7245,卖盘
840,13:53:45,10.35,-0.01,22,22770,卖盘
841,13:53:39,10.36,0.01,8,8288,买盘
842,13:53:33,10.35,--,118,122130,卖盘
843,13:53:30,10.35,-0.01,10,10350,卖盘
844,13:53:27,10.36,0.01,5,5180,买盘
845,13:53:12,10.35,--,159,165186,卖盘
846,13:53:09,10.35,-0.01,56,57960,卖盘
847,13:53:06,10.36,0.01,38,39368,买盘
848,13:53:03,10.35,--,7,7245,卖盘
849,13:53:00,10.35,--,36,37260,卖盘
850,13:52:57,10.35,-0.01,10,10350,卖盘
851,13:52:54,10.36,0.01,12,12432,买盘
852,13:52:51,10.35,--,69,71415,卖盘
853,13:52:45,10.35,--,16,16560,卖盘
854,13:52:42,10.35,-0.01,22,22770,卖盘
855,13:52:39,10.36,0.01,5,5180,买盘
856,13:52:36,10.35,-0.01,10,10350,卖盘
857,13:52:33,10.36,0.01,21,21756,买盘
858,13:52:24,10.35,--,34,35190,卖盘
859,13:52:21,10.35,--,81,83835,卖盘
860,13:52:18,10.35,-0.01,36,37260,卖盘
861,13:51:54,10.36,0.01,41,42476,买盘
862,13:51:51,10.35,--,7,7245,卖盘
863,13:51:48,10.35,-0.01,51,52785,卖盘
864,13:51:33,10.36,--,6,6216,买盘
865,13:51:24,10.36,--,50,51800,买盘
866,13:51:12,10.36,0.01,10,10360,买盘
867,13:51:09,10.35,-0.01,74,76590,卖盘
868,13:51:03,10.36,0.01,22,22792,买盘
869,13:50:51,10.35,--,7,7245,卖盘
870,13:50:42,10.35,--,25,25875,卖盘
871,13:50:39,10.35,--,9,9315,卖盘
872,13:50:36,10.35,-0.01,34,35883,卖盘
873,13:50:30,10.36,--,16,16576,买盘
874,13:50:24,10.36,0.01,39,40404,买盘
875,13:50:18,10.35,-0.01,37,38295,卖盘
876,13:50:12,10.36,--,4,4144,买盘
877,13:50:00,10.36,--,10,10360,买盘
878,13:49:54,10.36,0.01,11,11396,买盘
879,13:49:51,10.35,--,91,94185,卖盘
880,13:49:45,10.35,-0.01,22,22770,卖盘
881,13:49:39,10.36,--,12,12432,买盘
882,13:49:27,10.36,--,1,1036,买盘
883,13:49:15,10.36,0.01,101,104636,买盘
884,13:49:09,10.35,-0.01,1,1035,卖盘
885,13:49:06,10.36,--,64,66304,买盘
886,13:49:03,10.36,--,6,6216,买盘
887,13:49:00,10.36,--,35,36260,买盘
888,13:48:54,10.36,--,75,77700,买盘
889,13:48:51,10.36,--,34,35224,买盘
890,13:48:48,10.36,--,50,51800,买盘
891,13:48:45,10.36,--,14,14504,买盘
892,13:48:42,10.36,--,94,97384,买盘
893,13:48:39,10.36,--,518,536648,买盘
894,13:48:36,10.36,--,22,22792,买盘
895,13:48:30,10.36,0.01,370,383320,买盘
896,13:48:21,10.35,--,14,14490,卖盘
897,13:48:18,10.35,--,37,38295,卖盘
898,13:48:15,10.35,-0.01,126,131269,卖盘
899,13:47:51,10.36,0.01,60,62160,买盘
900,13:47:48,10.35,-0.01,21,21735,卖盘
901,13:47:45,10.36,--,8,8288,买盘
902,13:47:30,10.36,0.01,18,18648,买盘
903,13:47:27,10.35,--,74,76590,卖盘
904,13:47:18,10.35,--,3,3105,卖盘
905,13:47:09,10.35,--,1,1035,卖盘
906,13:47:06,10.35,-0.01,3,3519,卖盘
907,13:47:00,10.36,0.01,29,30044,买盘
908,13:46:51,10.35,--,8,8280,卖盘
909,13:46:48,10.35,--,193,199755,卖盘
910,13:46:45,10.35,--,10,10350,卖盘
911,13:46:39,10.35,--,23,23805,卖盘
912,13:46:33,10.35,-0.01,16,16560,卖盘
913,13:46:21,10.36,0.01,129,133644,买盘
914,13:46:15,10.35,--,34,35190,卖盘
915,13:46:09,10.35,-0.01,84,86940,卖盘
916,13:45:57,10.36,0.01,296,306656,买盘
917,13:45:51,10.35,-0.01,7,7245,卖盘
918,13:45:48,10.36,0.01,3,3108,买盘
919,13:45:36,10.35,-0.01,25,25875,卖盘
920,13:45:33,10.36,0.01,202,209272,买盘
921,13:45:30,10.35,-0.01,1,1035,卖盘
922,13:45:27,10.36,0.01,5,5180,买盘
923,13:45:18,10.35,-0.01,40,41400,卖盘
924,13:45:12,10.36,0.01,180,186480,买盘
925,13:45:09,10.35,--,2,2070,卖盘
926,13:45:06,10.35,--,2,2070,卖盘
927,13:45:03,10.35,--,55,56925,卖盘
928,13:45:00,10.35,--,65,67275,卖盘
929,13:44:57,10.35,-0.01,34,35190,卖盘
930,13:44:54,10.36,0.01,26,26936,买盘
931,13:44:51,10.35,--,32,33120,卖盘
932,13:44:39,10.35,--,49,50715,卖盘
933,13:44:36,10.35,--,23,24012,卖盘
934,13:44:33,10.35,--,39,40365,卖盘
935,13:44:30,10.35,-0.01,5,5175,卖盘
936,13:44:27,10.36,0.01,5,5180,买盘
937,13:44:09,10.35,-0.01,82,84870,卖盘
938,13:44:06,10.36,0.01,5,5180,买盘
939,13:44:00,10.35,-0.01,130,134550,卖盘
940,13:43:57,10.36,0.01,216,224418,买盘
941,13:43:51,10.35,--,8,8280,卖盘
942,13:43:48,10.35,-0.01,33,34155,卖盘
943,13:43:42,10.36,0.01,38,39368,买盘
944,13:43:36,10.35,--,20,20700,卖盘
945,13:43:33,10.35,--,875,905625,卖盘
946,13:43:30,10.35,--,50,51750,卖盘
947,13:43:27,10.35,--,42,43470,卖盘
948,13:43:24,10.35,-0.01,13,13455,卖盘
949,13:43:21,10.36,0.01,502,520072,买盘
950,13:43:12,10.35,--,10,10350,卖盘
951,13:43:09,10.35,--,10,10350,卖盘
952,13:43:06,10.35,--,66,68310,卖盘
953,13:43:00,10.35,--,21,21735,卖盘
954,13:42:57,10.35,--,145,150075,卖盘
955,13:42:54,10.35,--,35,36225,卖盘
956,13:42:51,10.35,--,9,9315,卖盘
957,13:42:42,10.35,--,80,82800,卖盘
958,13:42:33,10.35,--,75,77625,卖盘
959,13:42:30,10.35,-0.01,34,35190,卖盘
960,13:42:27,10.36,--,289,299404,买盘
961,13:42:24,10.36,--,117,121212,买盘
962,13:42:21,10.36,0.01,2,2072,买盘
963,13:42:06,10.35,-0.01,28,28980,卖盘
964,13:41:57,10.36,--,137,141932,卖盘
965,13:41:54,10.36,--,6,6216,卖盘
966,13:41:51,10.36,--,9,9324,卖盘
967,13:41:48,10.36,--,33,34188,卖盘
968,13:41:42,10.36,--,6,6216,卖盘
969,13:41:36,10.36,--,11,11396,卖盘
970,13:41:33,10.36,--,310,321160,卖盘
971,13:41:30,10.36,--,67,69412,卖盘
972,13:41:24,10.36,--,126,130536,卖盘
973,13:41:21,10.36,-0.01,161,166796,卖盘
974,13:41:18,10.37,0.01,35,36295,买盘
975,13:41:15,10.36,--,72,74592,卖盘
976,13:41:09,10.36,--,5,5180,卖盘
977,13:41:06,10.36,--,207,214452,卖盘
978,13:41:00,10.36,--,132,136752,卖盘
979,13:40:57,10.36,--,378,391608,卖盘
980,13:40:54,10.36,--,177,183372,卖盘
981,13:40:51,10.36,-0.01,17,17612,卖盘
982,13:40:48,10.37,0.01,2,2074,买盘
983,13:40:42,10.36,--,6,6216,卖盘
984,13:40:39,10.36,--,111,114996,卖盘
985,13:40:36,10.36,--,533,552188,卖盘
986,13:40:33,10.36,--,21,21756,卖盘
987,13:40:30,10.36,--,30,31080,卖盘
988,13:40:24,10.36,-0.01,66,68376,卖盘
989,13:40:21,10.37,--,42,43554,买盘
990,13:40:18,10.37,0.01,37,38369,买盘
991,13:40:15,10.36,--,6,6216,卖盘
992,13:40:09,10.36,--,34,35224,卖盘
993,13:40:03,10.36,--,10,10360,卖盘
994,13:39:54,10.36,-0.01,1,1036,卖盘
995,13:39:51,10.37,--,48,49775,买盘
996,13:39:48,10.37,--,2,2074,买盘
997,13:39:42,10.37,0.01,1,1037,买盘
998,13:39:30,10.36,--,125,129500,卖盘
999,13:39:24,10.36,--,40,41440,卖盘
1000,13:39:21,10.36,-0.01,50,51800,卖盘
1001,13:39:18,10.37,0.01,2,2074,买盘
1002,13:39:06,10.36,--,6,6216,卖盘
1003,13:39:00,10.36,--,8,8288,卖盘
1004,13:38:54,10.36,--,34,35224,卖盘
1005,13:38:51,10.36,-0.01,8,8288,卖盘
1006,13:38:48,10.37,0.01,2,2074,买盘
1007,13:38:42,10.36,--,8,8288,卖盘
1008,13:38:39,10.36,-0.01,27,27972,卖盘
1009,13:38:33,10.37,0.01,52,53923,买盘
1010,13:38:30,10.36,-0.01,22,22792,卖盘
1011,13:38:24,10.37,--,81,83997,买盘
1012,13:38:21,10.37,--,22,22814,买盘
1013,13:38:18,10.37,0.01,2,2074,买盘
1014,13:37:57,10.36,--,8,8288,卖盘
1015,13:37:51,10.36,-0.01,7,7252,卖盘
1016,13:37:45,10.37,0.01,397,411688,买盘
1017,13:37:36,10.36,-0.01,34,35224,卖盘
1018,13:37:33,10.37,0.01,9,9333,买盘
1019,13:37:30,10.36,--,11,11396,卖盘
1020,13:37:27,10.36,--,22,22792,卖盘
1021,13:37:21,10.36,-0.01,40,41440,卖盘
1022,13:37:15,10.37,--,36,37332,买盘
1023,13:37:09,10.37,--,13,13480,买盘
1024,13:36:57,10.37,0.01,47,48738,买盘
1025,13:36:51,10.36,--,87,90132,卖盘
1026,13:36:33,10.36,--,91,94276,卖盘
1027,13:36:27,10.36,--,11,11396,卖盘
1028,13:36:15,10.36,-0.01,27,27972,卖盘
1029,13:36:12,10.37,--,10,10370,买盘
1030,13:36:09,10.37,0.01,100,103699,买盘
1031,13:35:51,10.36,--,10,10360,卖盘
1032,13:35:48,10.36,--,1,1036,卖盘
1033,13:35:45,10.36,-0.01,10,10360,卖盘
1034,13:35:36,10.37,0.01,39,40443,买盘
1035,13:35:30,10.36,--,122,126392,卖盘
1036,13:35:24,10.36,--,50,51800,卖盘
1037,13:35:18,10.36,--,33,34188,卖盘
1038,13:34:51,10.36,-0.01,8,8288,卖盘
1039,13:34:45,10.37,0.01,4,4148,买盘
1040,13:34:30,10.36,--,16,16576,卖盘
1041,13:34:27,10.36,--,22,22792,卖盘
1042,13:34:24,10.36,--,16,16576,卖盘
1043,13:34:21,10.36,-0.01,42,43512,卖盘
1044,13:34:18,10.37,--,8,8296,买盘
1045,13:34:15,10.37,--,39,40443,买盘
1046,13:34:09,10.37,0.01,3,3110,买盘
1047,13:34:03,10.36,--,1033,1070188,卖盘
1048,13:33:57,10.36,--,17,17612,卖盘
1049,13:33:51,10.36,--,7,7252,卖盘
1050,13:33:24,10.36,--,62,64232,卖盘
1051,13:33:21,10.36,--,19,19684,卖盘
1052,13:33:18,10.36,-0.01,8,8288,卖盘
1053,13:33:03,10.37,0.01,10,10370,买盘
1054,13:33:00,10.36,--,82,84952,卖盘
1055,13:32:57,10.36,-0.01,44,45584,卖盘
1056,13:32:51,10.37,0.01,12,12443,买盘
1057,13:32:42,10.36,--,78,80808,卖盘
1058,13:32:30,10.36,--,1,1036,卖盘
1059,13:32:24,10.36,--,2,2072,卖盘
1060,13:32:21,10.36,-0.01,11,11396,卖盘
1061,13:32:12,10.37,--,29,30072,买盘
1062,13:32:00,10.37,0.01,8,8296,买盘
1063,13:31:51,10.36,-0.01,8,8288,卖盘
1064,13:31:48,10.37,--,90,93330,买盘
1065,13:31:42,10.37,--,20,20740,买盘
1066,13:31:39,10.37,--,228,236435,买盘
1067,13:31:33,10.37,--,1,1037,买盘
1068,13:31:30,10.37,0.01,10,10370,买盘
1069,13:31:21,10.36,-0.02,33,34188,卖盘
1070,13:31:18,10.38,0.01,196,203448,买盘
1071,13:31:12,10.37,0.01,5,5185,卖盘
1072,13:31:03,10.36,-0.01,92,95312,卖盘
1073,13:30:57,10.37,0.01,5,5185,买盘
1074,13:30:51,10.36,-0.01,8,8288,卖盘
1075,13:30:48,10.37,-0.01,114,118217,卖盘
1076,13:30:45,10.38,0.01,157,162966,买盘
1077,13:30:42,10.37,--,40,41480,中性盘
1078,13:30:24,10.37,0.01,117,121328,买盘
1079,13:30:15,10.36,-0.01,11,11396,卖盘
1080,13:30:12,10.37,--,39,40443,买盘
1081,13:30:06,10.37,--,90,93330,买盘
1082,13:30:03,10.37,--,1,1037,买盘
1083,13:29:57,10.37,0.01,10,10370,买盘
1084,13:29:51,10.36,-0.01,7,7252,卖盘
1085,13:29:36,10.37,0.01,5,5185,买盘
1086,13:29:24,10.36,-0.01,286,296296,卖盘
1087,13:29:18,10.37,0.01,20,20740,买盘
1088,13:29:12,10.36,--,11,11396,卖盘
1089,13:29:00,10.36,-0.01,5,5180,卖盘
1090,13:28:57,10.37,--,68,70516,买盘
1091,13:28:54,10.37,0.01,28,29035,买盘
1092,13:28:51,10.36,-0.01,7,7252,卖盘
1093,13:28:24,10.37,0.01,3,3110,买盘
1094,13:28:15,10.36,--,15,15540,卖盘
1095,13:28:09,10.36,-0.01,31,32116,卖盘
1096,13:27:54,10.37,0.01,5,5185,买盘
1097,13:27:51,10.36,-0.01,7,7252,卖盘
1098,13:27:42,10.37,--,41,42517,买盘
1099,13:27:36,10.37,--,255,264435,卖盘
1100,13:27:15,10.37,--,59,61182,卖盘
1101,13:27:09,10.37,--,11,11407,卖盘
1102,13:26:57,10.37,0.01,237,245768,买盘
1103,13:26:51,10.36,--,7,7252,卖盘
1104,13:26:48,10.36,-0.01,74,76664,卖盘
1105,13:26:45,10.37,0.01,123,127550,买盘
1106,13:26:42,10.36,--,36,37296,卖盘
1107,13:26:30,10.36,-0.01,83,85988,卖盘
1108,13:26:27,10.37,0.01,122,126513,买盘
1109,13:26:24,10.36,-0.01,10,10360,卖盘
1110,13:26:09,10.37,--,41,42517,买盘
1111,13:26:03,10.37,0.01,22,22814,买盘
1112,13:25:51,10.36,-0.01,7,7252,卖盘
1113,13:25:48,10.37,0.01,18,18666,买盘
1114,13:25:39,10.36,--,40,41440,卖盘
1115,13:25:33,10.36,--,34,35224,卖盘
1116,13:25:27,10.36,-0.01,27,27972,卖盘
1117,13:25:15,10.37,0.01,20,20740,买盘
1118,13:24:54,10.36,--,51,52836,卖盘
1119,13:24:51,10.36,-0.01,7,7252,卖盘
1120,13:24:48,10.37,0.01,55,57034,买盘
1121,13:24:24,10.36,-0.01,22,22792,卖盘
1122,13:24:21,10.37,0.01,100,103699,买盘
1123,13:24:18,10.36,-0.01,300,310800,卖盘
1124,13:24:12,10.37,0.01,8,8296,买盘
1125,13:24:06,10.36,-0.01,39,40404,卖盘
1126,13:23:54,10.37,0.01,203,210510,买盘
1127,13:23:51,10.36,--,7,7252,卖盘
1128,13:23:48,10.36,--,38,39368,卖盘
1129,13:23:45,10.36,-0.01,20,20720,卖盘
1130,13:23:33,10.37,0.01,200,207399,买盘
1131,13:23:30,10.36,--,10,10360,卖盘
1132,13:23:24,10.36,-0.01,22,22792,卖盘
1133,13:23:18,10.37,0.01,55,57034,买盘
1134,13:23:12,10.36,--,34,35224,卖盘
1135,13:23:09,10.36,-0.01,4,4144,卖盘
1136,13:23:06,10.37,--,58,60145,买盘
1137,13:22:54,10.37,0.01,2,2074,买盘
1138,13:22:51,10.36,--,7,7252,卖盘
1139,13:22:48,10.36,-0.01,40,41440,卖盘
1140,13:22:45,10.37,--,77,79849,买盘
1141,13:22:36,10.37,0.01,20,20740,买盘
1142,13:22:27,10.36,-0.01,53,54908,卖盘
1143,13:22:24,10.37,0.01,15,15554,买盘
1144,13:22:21,10.36,-0.01,88,91168,卖盘
1145,13:22:06,10.37,--,1,1037,买盘
1146,13:22:00,10.37,0.01,68,70516,买盘
1147,13:21:54,10.36,--,34,35224,卖盘
1148,13:21:51,10.36,--,76,78736,卖盘
1149,13:21:48,10.36,-0.01,40,41440,卖盘
1150,13:21:45,10.37,--,22,22814,买盘
1151,13:21:39,10.37,0.01,14,14517,买盘
1152,13:21:36,10.36,--,50,51800,卖盘
1153,13:21:27,10.36,--,10,10360,卖盘
1154,13:21:24,10.36,--,30,31080,卖盘
1155,13:21:21,10.36,--,20,20720,卖盘
1156,13:21:18,10.36,--,21,22035,卖盘
1157,13:20:57,10.36,--,0,20,卖盘
1158,13:20:51,10.36,-0.01,7,7252,卖盘
1159,13:20:48,10.37,--,66,68442,买盘
1160,13:20:45,10.37,--,61,63256,买盘
1161,13:20:42,10.37,--,72,74664,买盘
1162,13:20:36,10.37,--,103,106810,买盘
1163,13:20:30,10.37,--,18,18666,买盘
1164,13:20:21,10.37,0.01,37,38369,买盘
1165,13:20:18,10.36,--,443,459227,卖盘
1166,13:20:15,10.36,--,1,1036,卖盘
1167,13:20:12,10.36,-0.01,5,5180,卖盘
1168,13:20:06,10.37,0.01,86,89182,买盘
1169,13:19:51,10.36,--,7,7252,卖盘
1170,13:19:48,10.36,--,39,40404,卖盘
1171,13:19:45,10.36,--,2,2072,卖盘
1172,13:19:42,10.36,--,20,20720,卖盘
1173,13:19:39,10.36,-0.01,35,36260,卖盘
1174,13:19:30,10.37,0.01,134,138958,买盘
1175,13:19:27,10.36,-0.01,10,10360,卖盘
1176,13:19:24,10.37,0.01,74,76738,买盘
1177,13:19:18,10.36,-0.01,43,44838,卖盘
1178,13:19:06,10.37,--,102,105773,买盘
1179,13:18:57,10.37,0.01,5,5185,买盘
1180,13:18:54,10.36,--,13,13468,卖盘
1181,13:18:51,10.36,--,7,7252,卖盘
1182,13:18:39,10.36,-0.01,200,207200,卖盘
1183,13:18:21,10.37,0.01,61,63256,买盘
1184,13:18:18,10.36,--,43,44827,卖盘
1185,13:18:12,10.36,--,34,35224,卖盘
1186,13:18:06,10.36,-0.01,40,41440,卖盘
1187,13:18:03,10.37,0.01,38,39406,买盘
1188,13:17:57,10.36,--,52,53872,卖盘
1189,13:17:51,10.36,--,7,7252,卖盘
1190,13:17:39,10.36,--,5,5180,卖盘
1191,13:17:24,10.36,--,200,207200,卖盘
1192,13:17:21,10.36,--,5,5180,卖盘
1193,13:17:18,10.36,--,43,44838,卖盘
1194,13:17:12,10.36,--,2,2072,卖盘
1195,13:17:03,10.36,-0.01,39,40404,卖盘
1196,13:16:57,10.37,0.01,41,42517,买盘
1197,13:16:51,10.36,--,46,47656,卖盘
1198,13:16:18,10.36,--,22,22792,卖盘
1199,13:16:03,10.36,--,33,34188,卖盘
1200,13:16:00,10.36,--,66,68376,卖盘
1201,13:15:54,10.36,--,39,40404,卖盘
1202,13:15:51,10.36,--,13,13468,卖盘
1203,13:15:48,10.36,-0.01,33,34188,卖盘
1204,13:15:45,10.37,0.01,115,119254,买盘
1205,13:15:36,10.36,-0.01,1,1036,卖盘
1206,13:15:21,10.37,0.01,42,43554,买盘
1207,13:15:18,10.36,-0.01,22,22792,卖盘
1208,13:15:15,10.37,--,148,153476,买盘
1209,13:14:57,10.37,0.01,41,42517,买盘
1210,13:14:51,10.36,-0.01,7,7252,卖盘
1211,13:14:33,10.37,0.01,187,193918,买盘
1212,13:14:18,10.36,-0.01,22,22792,卖盘
1213,13:13:57,10.37,--,80,82960,买盘
1214,13:13:54,10.37,0.01,7,7258,买盘
1215,13:13:51,10.36,--,8,8288,卖盘
1216,13:13:30,10.36,--,21,21756,卖盘
1217,13:13:27,10.36,-0.01,10,10360,卖盘
1218,13:13:15,10.37,0.01,50,51849,中性盘
1219,13:12:57,10.36,-0.01,96,99456,卖盘
1220,13:12:54,10.37,--,100,103699,卖盘
1221,13:12:51,10.37,--,107,110958,卖盘
1222,13:12:45,10.37,-0.01,10,10370,卖盘
1223,13:12:33,10.38,0.01,227,235626,买盘
1224,13:12:30,10.37,--,5,5185,卖盘
1225,13:12:27,10.37,--,63,65330,卖盘
1226,13:12:18,10.37,-0.01,20,20740,卖盘
1227,13:12:15,10.38,0.01,1,1038,买盘
1228,13:12:12,10.37,--,34,35258,卖盘
1229,13:12:06,10.37,--,72,74664,卖盘
1230,13:12:00,10.37,--,30,31109,卖盘
1231,13:11:57,10.37,--,39,40443,卖盘
1232,13:11:51,10.37,--,7,7258,卖盘
1233,13:11:30,10.37,-0.01,72,74664,卖盘
1234,13:11:21,10.38,--,115,119370,买盘
1235,13:11:12,10.38,0.01,62,64356,买盘
1236,13:11:06,10.37,--,1,1037,卖盘
1237,13:10:57,10.37,--,73,75701,卖盘
1238,13:10:51,10.37,--,7,7258,卖盘
1239,13:10:33,10.37,--,10,10370,卖盘
1240,13:10:30,10.37,--,1,1037,卖盘
1241,13:10:15,10.37,--,22,22814,卖盘
1242,13:10:09,10.37,--,95,98514,卖盘
1243,13:09:57,10.37,-0.01,39,40443,卖盘
1244,13:09:54,10.38,0.01,41,42558,买盘
1245,13:09:51,10.37,--,25,25924,卖盘
1246,13:09:48,10.37,--,35,36295,卖盘
1247,13:09:30,10.37,--,27,27998,卖盘
1248,13:09:24,10.37,--,5,5185,卖盘
1249,13:09:21,10.37,--,45,46665,卖盘
1250,13:09:18,10.37,--,20,20740,卖盘
1251,13:09:03,10.37,--,42,43554,卖盘
1252,13:09:00,10.37,--,59,61182,卖盘
1253,13:08:54,10.37,--,600,622200,卖盘
1254,13:08:51,10.37,--,7,7258,卖盘
1255,13:08:42,10.37,--,35,36295,卖盘
1256,13:08:39,10.37,--,9,9333,卖盘
1257,13:08:30,10.37,-0.01,34,35258,卖盘
1258,13:08:27,10.38,0.01,48,49824,买盘
1259,13:08:24,10.37,--,39,40443,卖盘
1260,13:08:21,10.37,--,220,228139,卖盘
1261,13:08:18,10.37,-0.01,39,40443,卖盘
1262,13:08:12,10.38,0.01,23,23874,买盘
1263,13:08:09,10.37,--,78,80886,卖盘
1264,13:08:03,10.37,--,52,53923,卖盘
1265,13:08:00,10.37,-0.01,94,97477,卖盘
1266,13:07:54,10.38,0.01,250,259500,买盘
1267,13:07:51,10.37,--,17,17629,卖盘
1268,13:07:45,10.37,--,52,53923,卖盘
1269,13:07:42,10.37,-0.01,40,41480,卖盘
1270,13:07:39,10.38,0.01,6,6228,买盘
1271,13:07:12,10.37,-0.01,5,5185,卖盘
1272,13:07:09,10.38,0.01,41,42558,买盘
1273,13:07:03,10.37,--,60,62219,卖盘
1274,13:06:51,10.37,-0.01,7,7258,卖盘
1275,13:06:48,10.38,0.01,6,6228,买盘
1276,13:06:33,10.37,--,10,10370,卖盘
1277,13:06:30,10.37,--,60,62219,卖盘
1278,13:06:18,10.37,-0.01,480,497759,卖盘
1279,13:06:15,10.38,0.01,5,5190,买盘
1280,13:06:12,10.37,--,15,15554,卖盘
1281,13:05:57,10.37,--,256,265472,卖盘
1282,13:05:54,10.37,-0.01,20,20740,卖盘
1283,13:05:51,10.38,--,12,12456,买盘
1284,13:05:45,10.38,0.01,39,40482,买盘
1285,13:05:39,10.37,-0.01,16,16592,卖盘
1286,13:05:33,10.38,-0.01,10,10380,买盘
1287,13:05:27,10.39,0.02,40,41560,买盘
1288,13:05:24,10.37,-0.02,48,49775,卖盘
1289,13:05:18,10.39,0.01,100,103900,买盘
1290,13:05:09,10.38,0.01,1,1038,买盘
1291,13:05:03,10.37,-0.02,10,10370,卖盘
1292,13:04:54,10.39,0.02,187,194293,买盘
1293,13:04:51,10.37,-0.01,8,8296,卖盘
1294,13:04:48,10.38,--,50,51900,买盘
1295,13:04:42,10.38,--,10,10380,买盘
1296,13:04:39,10.38,--,425,441772,卖盘
1297,13:04:36,10.38,-0.01,311,322818,卖盘
1298,13:04:27,10.39,0.01,38,39482,买盘
1299,13:04:21,10.38,-0.01,7,7266,卖盘
1300,13:04:12,10.39,0.01,19,19741,买盘
1301,13:04:09,10.38,--,30,31140,卖盘
1302,13:04:00,10.38,--,57,59166,卖盘
1303,13:03:57,10.38,-0.01,40,41520,卖盘
1304,13:03:54,10.39,0.01,188,195332,买盘
1305,13:03:51,10.38,--,11,11418,卖盘
1306,13:03:48,10.38,--,33,34254,卖盘
1307,13:03:33,10.38,--,5,5190,卖盘
1308,13:03:24,10.38,--,13,13494,卖盘
1309,13:03:21,10.38,--,4,4152,卖盘
1310,13:03:12,10.38,--,20,20760,卖盘
1311,13:03:09,10.38,--,338,350844,卖盘
1312,13:03:06,10.38,--,9,9342,卖盘
1313,13:03:03,10.38,--,21,21798,卖盘
1314,13:03:00,10.38,--,5,5190,卖盘
1315,13:02:51,10.38,--,16,16608,卖盘
1316,13:02:39,10.38,--,10,10380,卖盘
1317,13:02:33,10.38,--,33,34254,卖盘
1318,13:02:27,10.38,--,10,10380,卖盘
1319,13:02:12,10.38,-0.01,1,1038,卖盘
1320,13:01:54,10.39,0.01,41,42599,买盘
1321,13:01:51,10.38,--,7,7266,卖盘
1322,13:01:48,10.38,--,10,10380,卖盘
1323,13:01:21,10.38,--,1,1038,卖盘
1324,13:01:06,10.38,--,28,29064,卖盘
1325,13:00:57,10.38,--,5,5190,卖盘
1326,13:00:45,10.38,--,505,524605,买盘
1327,13:00:36,10.38,--,115,119370,买盘
1328,13:00:15,10.38,--,11,11418,买盘
1329,13:00:06,10.38,0.01,110,114180,买盘
1330,13:00:03,10.37,-0.01,1107,1148581,卖盘
1331,13:00:00,10.38,--,0,0,卖盘
1332,11:30:00,10.38,--,0,0,卖盘
1333,11:29:51,10.38,--,7,7266,卖盘
1334,11:29:42,10.38,--,1,1038,卖盘
1335,11:29:36,10.38,-0.01,20,20760,卖盘
1336,11:29:15,10.39,0.01,36,37404,买盘
1337,11:29:12,10.38,-0.01,18,18684,卖盘
1338,11:29:03,10.39,0.01,39,40521,买盘
1339,11:28:57,10.38,--,21,21798,卖盘
1340,11:28:51,10.38,--,17,17646,卖盘
1341,11:28:48,10.38,--,5,5190,卖盘
1342,11:28:42,10.38,--,10,10380,卖盘
1343,11:28:36,10.38,-0.01,11,11418,卖盘
1344,11:28:15,10.39,0.01,61,63379,买盘
1345,11:28:09,10.38,-0.01,53,55014,卖盘
1346,11:28:03,10.39,0.01,3,3117,买盘
1347,11:27:51,10.38,-0.01,7,7266,卖盘
1348,11:27:48,10.39,0.01,42,43638,买盘
1349,11:27:42,10.38,--,51,52938,卖盘
1350,11:27:03,10.38,--,165,171270,卖盘
1351,11:27:00,10.38,--,1,1038,卖盘
1352,11:26:51,10.38,--,10,10380,卖盘
1353,11:26:45,10.38,--,1,1038,卖盘
1354,11:26:42,10.38,--,10,10380,卖盘
1355,11:26:36,10.38,--,500,519000,卖盘
1356,11:26:30,10.38,-0.01,58,60204,卖盘
1357,11:26:21,10.39,--,38,39482,买盘
1358,11:26:15,10.39,--,2,2078,买盘
1359,11:26:03,10.39,0.01,33,34287,买盘
1360,11:25:51,10.38,--,47,48786,卖盘
1361,11:25:33,10.38,--,118,122484,卖盘
1362,11:25:21,10.38,--,200,207600,卖盘
1363,11:25:09,10.38,-0.01,11,11418,卖盘
1364,11:25:03,10.39,0.01,175,181825,买盘
1365,11:24:57,10.38,--,6,6228,卖盘
1366,11:24:51,10.38,-0.01,7,7266,卖盘
1367,11:24:18,10.39,--,5,5195,买盘
1368,11:24:06,10.39,--,1,1039,买盘
1369,11:23:54,10.39,0.01,10,10390,买盘
1370,11:23:51,10.38,-0.01,7,7266,卖盘
1371,11:23:45,10.39,--,41,42599,买盘
1372,11:23:39,10.39,0.01,1,1039,买盘
1373,11:23:30,10.38,-0.01,21,21798,卖盘
1374,11:23:27,10.39,0.01,10,10390,买盘
1375,11:23:18,10.38,--,2,2076,卖盘
1376,11:23:03,10.38,--,29,30102,卖盘
1377,11:22:51,10.38,--,7,7266,卖盘
1378,11:22:48,10.38,-0.01,15,15570,卖盘
1379,11:22:27,10.39,0.01,43,44677,买盘
1380,11:22:24,10.38,--,18,18684,卖盘
1381,11:22:21,10.38,--,5,5190,卖盘
1382,11:22:06,10.38,-0.01,38,39444,卖盘
1383,11:22:00,10.39,0.01,61,63379,买盘
1384,11:21:51,10.38,-0.01,7,7266,卖盘
1385,11:21:36,10.39,0.01,221,229619,买盘
1386,11:21:33,10.38,-0.01,6,6228,卖盘
1387,11:21:30,10.39,0.01,3,3117,买盘
1388,11:20:57,10.38,0.01,127,132241,买盘
1389,11:20:51,10.37,-0.01,7,7258,卖盘
1390,11:20:42,10.38,0.01,50,51900,买盘
1391,11:20:39,10.37,--,205,212584,卖盘
1392,11:20:36,10.37,--,2,2074,卖盘
1393,11:20:27,10.37,-0.01,5,5185,卖盘
1394,11:20:12,10.38,0.01,52,53976,买盘
1395,11:20:09,10.37,-0.01,20,20740,卖盘
1396,11:20:06,10.38,0.01,1,1038,买盘
1397,11:20:03,10.37,--,20,20740,卖盘
1398,11:20:00,10.37,--,21,21777,卖盘
1399,11:19:51,10.37,-0.01,7,7258,卖盘
1400,11:19:48,10.38,0.01,131,135978,买盘
1401,11:19:45,10.37,--,1,1037,卖盘
1402,11:19:42,10.37,--,12,12443,卖盘
1403,11:19:15,10.37,-0.01,17,17629,卖盘
1404,11:19:06,10.38,--,49,50862,买盘
1405,11:19:00,10.38,0.01,49,50862,买盘
1406,11:18:51,10.37,-0.01,7,7258,卖盘
1407,11:18:48,10.38,--,300,311400,买盘
1408,11:18:39,10.38,--,22,22836,买盘
1409,11:18:30,10.38,--,1,1038,买盘
1410,11:18:18,10.38,--,110,114180,买盘
1411,11:18:15,10.38,--,38,39444,买盘
1412,11:18:12,10.38,--,1,1038,买盘
1413,11:18:09,10.38,0.01,61,63318,买盘
1414,11:18:03,10.37,-0.01,17,17629,卖盘
1415,11:17:57,10.38,0.01,61,63318,买盘
1416,11:17:54,10.37,--,20,20740,卖盘
1417,11:17:51,10.37,-0.01,8,8296,卖盘
1418,11:17:39,10.38,--,61,63318,买盘
1419,11:17:24,10.38,0.01,50,51900,买盘
1420,11:17:18,10.37,--,1,1037,卖盘
1421,11:17:15,10.37,--,1,1037,卖盘
1422,11:17:06,10.37,-0.01,2,2074,卖盘
1423,11:16:57,10.38,0.01,41,42558,买盘
1424,11:16:51,10.37,-0.01,7,7258,卖盘
1425,11:16:30,10.38,0.01,2,2076,买盘
1426,11:16:21,10.37,--,10,10370,卖盘
1427,11:16:06,10.37,--,17,17629,卖盘
1428,11:15:51,10.37,-0.01,141,146217,卖盘
1429,11:15:42,10.38,0.01,3,3114,买盘
1430,11:15:39,10.37,--,50,51849,卖盘
1431,11:15:36,10.37,-0.01,20,20740,卖盘
1432,11:15:33,10.38,0.01,40,41520,买盘
1433,11:15:27,10.37,--,39,40443,卖盘
1434,11:15:06,10.37,--,39,40443,卖盘
1435,11:15:00,10.37,--,1,1037,卖盘
1436,11:14:51,10.37,-0.01,7,7258,卖盘
1437,11:14:42,10.38,0.01,300,311400,买盘
1438,11:14:30,10.37,--,21,21777,卖盘
1439,11:14:24,10.37,--,19,19703,卖盘
1440,11:14:21,10.37,--,4,4148,卖盘
1441,11:14:18,10.37,-0.01,17,17629,卖盘
1442,11:14:12,10.38,0.01,40,41520,买盘
1443,11:14:09,10.37,0.01,499,517462,买盘
1444,11:14:06,10.36,-0.01,50,51800,卖盘
1445,11:14:00,10.37,--,30,31109,买盘
1446,11:13:51,10.37,--,17,17629,买盘
1447,11:13:45,10.37,--,136,141032,买盘
1448,11:13:42,10.37,0.01,26,26961,买盘
1449,11:13:30,10.36,-0.01,9,9324,卖盘
1450,11:13:24,10.37,0.01,22,22814,买盘
1451,11:13:15,10.36,-0.01,10,10360,卖盘
1452,11:13:06,10.37,0.01,17,17629,买盘
1453,11:12:57,10.36,-0.01,12,12432,卖盘
1454,11:12:51,10.37,0.01,47,48738,买盘
1455,11:12:48,10.36,--,17,17612,卖盘
1456,11:12:45,10.36,--,1,1036,卖盘
1457,11:12:36,10.36,--,12,12432,卖盘
1458,11:12:00,10.36,--,10,10360,卖盘
1459,11:11:54,10.36,--,76,78736,卖盘
1460,11:11:51,10.36,--,7,7252,卖盘
1461,11:11:48,10.36,--,19,19684,卖盘
1462,11:11:42,10.36,-0.01,20,20720,卖盘
1463,11:11:30,10.37,--,41,42517,买盘
1464,11:11:27,10.37,-0.01,120,124439,卖盘
1465,11:11:24,10.38,0.01,110,114180,买盘
1466,11:11:12,10.37,--,3,3110,卖盘
1467,11:11:09,10.37,--,100,103699,卖盘
1468,11:11:03,10.37,-0.01,80,82960,卖盘
1469,11:10:57,10.38,0.01,1,1038,买盘
1470,11:10:51,10.37,-0.01,7,7258,卖盘
1471,11:10:06,10.38,0.01,150,155700,买盘
1472,11:10:00,10.37,--,53,54960,卖盘
1473,11:09:54,10.37,--,15,15554,卖盘
1474,11:09:51,10.37,--,8,8296,卖盘
1475,11:08:57,10.37,--,39,40443,卖盘
1476,11:08:51,10.37,--,10,10370,卖盘
1477,11:08:48,10.37,--,116,120291,买盘
1478,11:08:45,10.37,0.01,56,58071,买盘
1479,11:08:42,10.36,-0.01,297,307692,卖盘
1480,11:08:39,10.37,--,1,1037,买盘
1481,11:08:24,10.37,--,24,24887,买盘
1482,11:08:18,10.37,0.01,1,1037,买盘
1483,11:08:15,10.36,--,19,19684,卖盘
1484,11:08:09,10.36,--,10,10360,卖盘
1485,11:08:06,10.36,-0.01,300,310800,卖盘
1486,11:07:54,10.37,0.01,12,12443,买盘
1487,11:07:51,10.36,-0.01,7,7252,卖盘
1488,11:07:48,10.37,0.01,108,111995,买盘
1489,11:07:27,10.36,--,50,51800,卖盘
1490,11:07:21,10.36,--,300,310800,卖盘
1491,11:07:06,10.36,--,10,10360,卖盘
1492,11:07:03,10.36,--,20,20720,卖盘
1493,11:06:51,10.36,-0.01,7,7252,卖盘
1494,11:06:39,10.37,0.01,12,12443,买盘
1495,11:06:36,10.36,--,16,16576,卖盘
1496,11:06:33,10.36,-0.01,7,7252,卖盘
1497,11:06:30,10.37,--,88,91256,买盘
1498,11:06:03,10.37,--,6,6221,卖盘
1499,11:06:00,10.37,-0.01,100,103699,卖盘
1500,11:05:57,10.38,0.01,38,39444,买盘
1501,11:05:54,10.37,--,19,19703,卖盘
1502,11:05:51,10.37,--,7,7258,卖盘
1503,11:05:30,10.37,0.01,7,7258,卖盘
1504,11:05:24,10.36,-0.01,16,16576,卖盘
1505,11:05:15,10.37,--,66,68442,买盘
1506,11:05:12,10.37,--,15,15554,买盘
1507,11:05:06,10.37,--,50,51849,买盘
1508,11:05:03,10.37,--,670,694790,买盘
1509,11:04:57,10.37,0.01,10,10370,买盘
1510,11:04:54,10.36,--,1,1036,卖盘
1511,11:04:51,10.36,--,7,7252,卖盘
1512,11:04:45,10.36,-0.01,39,40404,卖盘
1513,11:04:42,10.37,0.01,48,49775,买盘
1514,11:04:39,10.36,--,1,1036,卖盘
1515,11:04:33,10.36,-0.01,284,294224,卖盘
1516,11:04:24,10.37,--,100,103699,买盘
1517,11:04:21,10.37,--,22,22814,买盘
1518,11:04:18,10.37,0.01,10,10370,买盘
1519,11:04:12,10.36,-0.01,19,19684,卖盘
1520,11:03:51,10.37,--,122,126513,买盘
1521,11:03:48,10.37,--,30,31109,买盘
1522,11:03:39,10.37,0.01,1,1037,买盘
1523,11:03:21,10.36,--,15,15540,卖盘
1524,11:03:15,10.36,--,2,2072,卖盘
1525,11:03:12,10.36,-0.01,7,7252,卖盘
1526,11:03:09,10.37,0.01,30,31109,买盘
1527,11:02:51,10.36,--,7,7252,卖盘
1528,11:02:42,10.36,--,25,25900,卖盘
1529,11:02:36,10.36,-0.01,19,19684,卖盘
1530,11:02:33,10.37,0.01,12,12443,买盘
1531,11:02:30,10.36,--,122,126392,卖盘
1532,11:02:09,10.36,-0.01,29,30044,卖盘
1533,11:02:03,10.37,0.01,100,103699,买盘
1534,11:01:51,10.36,-0.01,7,7252,卖盘
1535,11:01:48,10.37,--,51,52886,卖盘
1536,11:01:45,10.37,0.01,49,50812,买盘
1537,11:01:30,10.36,--,20,20720,卖盘
1538,11:01:27,10.36,--,168,174048,卖盘
1539,11:01:24,10.36,--,9,9324,卖盘
1540,11:01:15,10.36,-0.01,1,1036,卖盘
1541,11:01:03,10.37,--,2,2074,买盘
1542,11:00:57,10.37,--,9,9333,卖盘
1543,11:00:51,10.37,--,53,54960,卖盘
1544,11:00:48,10.37,-0.01,30,31109,卖盘
1545,11:00:39,10.38,0.01,102,105876,买盘
1546,11:00:33,10.37,--,14,14517,卖盘
1547,11:00:24,10.37,--,98,101625,卖盘
1548,11:00:21,10.37,--,14,14517,卖盘
1549,11:00:09,10.37,--,15,15554,卖盘
1550,10:59:51,10.37,-0.01,7,7258,卖盘
1551,10:59:39,10.38,0.01,400,415200,买盘
1552,10:59:36,10.37,--,2,2074,买盘
1553,10:59:30,10.37,0.01,3,3110,中性盘
1554,10:59:27,10.36,--,1,1036,卖盘
1555,10:59:24,10.36,-0.02,9,9324,卖盘
1556,10:59:18,10.38,0.02,20,20760,买盘
1557,10:59:09,10.36,-0.01,2033,2106188,卖盘
1558,10:58:57,10.37,-0.01,10,10370,卖盘
1559,10:58:51,10.38,--,13,13494,买盘
1560,10:58:21,10.38,0.01,5,5190,买盘
1561,10:58:06,10.37,--,15,15554,卖盘
1562,10:57:51,10.37,--,7,7258,卖盘
1563,10:57:36,10.37,-0.01,20,20740,卖盘
1564,10:57:30,10.38,0.01,19,19722,买盘
1565,10:57:27,10.37,-0.01,58,60145,卖盘
1566,10:57:21,10.38,--,50,51900,买盘
1567,10:57:18,10.38,0.02,76,78888,买盘
1568,10:57:15,10.36,--,10,10360,卖盘
1569,10:57:12,10.36,-0.01,30,31080,卖盘
1570,10:57:09,10.37,--,8,8296,买盘
1571,10:57:06,10.37,--,1,1037,买盘
1572,10:57:03,10.37,--,5,5185,买盘
1573,10:56:51,10.37,0.01,11,11407,买盘
1574,10:56:45,10.36,-0.01,150,155400,卖盘
1575,10:56:36,10.37,--,12,12443,买盘
1576,10:56:30,10.37,--,6,6221,买盘
1577,10:56:27,10.37,--,1,1037,买盘
1578,10:56:15,10.37,--,106,109921,买盘
1579,10:56:12,10.37,--,30,31109,买盘
1580,10:56:06,10.37,--,5,5185,买盘
1581,10:56:00,10.37,--,76,78812,买盘
1582,10:55:57,10.37,--,100,103699,买盘
1583,10:55:51,10.37,--,17,17629,买盘
1584,10:55:45,10.37,--,103,106810,买盘
1585,10:55:39,10.37,--,12,12443,买盘
1586,10:55:36,10.37,-0.01,24,24887,卖盘
1587,10:55:27,10.38,0.01,61,63318,买盘
1588,10:55:21,10.37,0.01,50,51849,中性盘
1589,10:54:51,10.36,-0.02,7,7252,卖盘
1590,10:54:42,10.38,0.02,28,29064,买盘
1591,10:54:30,10.36,-0.02,602,623672,卖盘
1592,10:54:27,10.38,0.01,19,19722,买盘
1593,10:54:15,10.37,--,7,7258,中性盘
1594,10:54:09,10.37,--,14,14517,买盘
1595,10:54:06,10.37,0.01,42,43554,买盘
1596,10:54:00,10.36,-0.01,30,31080,卖盘
1597,10:53:57,10.37,0.01,5,5185,买盘
1598,10:53:54,10.36,--,15,15540,卖盘
1599,10:53:51,10.36,--,12,12432,卖盘
1600,10:53:42,10.36,-0.01,39,40404,卖盘
1601,10:53:39,10.37,0.01,14,14517,买盘
1602,10:53:36,10.36,--,39,40404,卖盘
1603,10:53:30,10.36,--,59,61124,卖盘
1604,10:53:27,10.36,-0.01,20,20720,卖盘
1605,10:53:15,10.37,0.01,59,61182,买盘
1606,10:53:12,10.36,--,43,44548,卖盘
1607,10:53:09,10.36,-0.01,46,47656,卖盘
1608,10:53:06,10.37,--,10,10370,买盘
1609,10:52:51,10.37,--,18,18666,买盘
1610,10:52:45,10.37,0.01,24,24887,买盘
1611,10:52:39,10.36,-0.01,7,7252,卖盘
1612,10:52:33,10.37,0.01,10,10370,买盘
1613,10:52:27,10.36,--,1,1036,卖盘
1614,10:52:24,10.36,--,155,160580,卖盘
1615,10:52:18,10.36,--,167,173012,卖盘
1616,10:52:15,10.36,-0.01,7,7252,卖盘
1617,10:52:03,10.37,-0.02,807,836858,卖盘
1618,10:51:51,10.39,0.01,87,90393,买盘
1619,10:51:48,10.38,-0.01,7,7266,卖盘
1620,10:51:36,10.39,0.01,60,62340,买盘
1621,10:51:30,10.38,0.01,2,2076,卖盘
1622,10:51:24,10.37,-0.02,168,174216,卖盘
1623,10:51:15,10.39,--,122,126758,买盘
1624,10:51:00,10.39,--,13,13507,买盘
1625,10:50:51,10.39,-0.01,63,65612,卖盘
1626,10:50:45,10.4,0.01,53,56139,买盘
1627,10:50:42,10.39,--,50,51950,卖盘
1628,10:50:30,10.39,--,18,18702,卖盘
1629,10:50:27,10.39,--,25,25975,卖盘
1630,10:50:21,10.39,-0.01,19,19741,卖盘
1631,10:50:06,10.4,0.01,14,14560,买盘
1632,10:50:03,10.39,--,10,10390,卖盘
1633,10:50:00,10.39,--,91,94549,卖盘
1634,10:49:51,10.39,--,1285,1336018,买盘
1635,10:49:48,10.39,--,13,13507,买盘
1636,10:49:33,10.39,0.01,2,2078,买盘
1637,10:49:30,10.38,--,30,31140,卖盘
1638,10:49:27,10.38,--,9,9342,卖盘
1639,10:49:21,10.38,--,10,10380,卖盘
1640,10:49:12,10.38,--,10,10380,卖盘
1641,10:48:48,10.38,--,7,7266,卖盘
1642,10:48:39,10.38,--,21,21798,卖盘
1643,10:48:36,10.38,--,86,90056,买盘
1644,10:48:24,10.38,--,2,2076,买盘
1645,10:48:12,10.38,--,2,2076,买盘
1646,10:48:03,10.38,--,29,30351,卖盘
1647,10:47:51,10.38,0.01,10,11168,买盘
1648,10:47:48,10.37,-0.01,8,8296,卖盘
1649,10:47:39,10.38,0.01,21,21798,买盘
1650,10:47:30,10.37,-0.01,1,1037,卖盘
1651,10:47:24,10.38,0.01,25,25950,买盘
1652,10:47:15,10.37,-0.01,20,20740,卖盘
1653,10:47:09,10.38,--,15,15570,买盘
1654,10:47:06,10.38,--,20,20760,买盘
1655,10:47:03,10.38,--,74,77061,卖盘
1656,10:46:51,10.38,--,28,29064,卖盘
1657,10:46:42,10.38,-0.01,255,264690,卖盘
1658,10:46:33,10.39,0.01,410,425990,买盘
1659,10:46:27,10.38,0.01,903,938102,买盘
1660,10:46:21,10.37,--,15,15554,卖盘
1661,10:45:57,10.37,-0.01,1,1037,卖盘
1662,10:45:51,10.38,0.01,61,63318,买盘
1663,10:45:48,10.37,--,7,7258,卖盘
1664,10:45:45,10.37,-0.01,20,20740,卖盘
1665,10:45:39,10.38,--,96,99648,买盘
1666,10:45:33,10.38,--,1,1038,买盘
1667,10:45:24,10.38,--,50,51900,买盘
1668,10:45:18,10.38,--,31,32178,买盘
1669,10:45:12,10.38,0.01,10,10380,买盘
1670,10:45:03,10.37,-0.01,21,21777,卖盘
1671,10:44:57,10.38,0.01,12,12456,买盘
1672,10:44:51,10.37,-0.01,57,59108,卖盘
1673,10:44:39,10.38,0.01,30,31140,买盘
1674,10:44:27,10.37,-0.01,2,2074,卖盘
1675,10:44:12,10.38,0.01,1,1038,买盘
1676,10:43:54,10.37,--,19,19703,卖盘
1677,10:43:51,10.37,-0.01,8,8296,卖盘
1678,10:43:48,10.38,--,22,22836,买盘
1679,10:43:27,10.38,0.01,14,14532,买盘
1680,10:43:24,10.37,--,15,15554,卖盘
1681,10:43:18,10.37,--,21,21777,卖盘
1682,10:42:57,10.37,--,30,31109,卖盘
1683,10:42:51,10.37,0.01,1746,1810601,买盘
1684,10:42:48,10.36,-0.01,40,41440,卖盘
1685,10:42:42,10.37,--,7,7258,买盘
1686,10:42:36,10.37,0.01,61,63256,买盘
1687,10:42:30,10.36,-0.01,20,20720,卖盘
1688,10:42:24,10.37,--,10,10370,买盘
1689,10:42:12,10.37,--,20,20740,买盘
1690,10:41:54,10.37,--,2,2074,买盘
1691,10:41:51,10.37,0.01,691,716567,买盘
1692,10:41:48,10.36,-0.01,76,78736,卖盘
1693,10:41:45,10.37,--,25,25924,买盘
1694,10:41:42,10.37,0.01,2,2074,买盘
1695,10:41:33,10.36,--,4,4144,卖盘
1696,10:41:06,10.36,--,1,1036,卖盘
1697,10:40:48,10.36,-0.01,7,7252,卖盘
1698,10:40:33,10.37,0.01,4,4148,买盘
1699,10:40:27,10.36,-0.01,221,228956,卖盘
1700,10:40:24,10.37,--,50,51849,买盘
1701,10:40:21,10.37,--,1,1037,买盘
1702,10:40:18,10.37,--,40,41480,卖盘
1703,10:40:12,10.37,--,11,11407,卖盘
1704,10:40:06,10.37,--,50,51849,卖盘
1705,10:40:00,10.37,-0.01,23,23851,卖盘
1706,10:39:57,10.38,--,20,20760,买盘
1707,10:39:54,10.38,0.01,19,19722,买盘
1708,10:39:51,10.37,--,8,8296,卖盘
1709,10:39:39,10.37,-0.01,30,31109,卖盘
1710,10:39:33,10.38,0.01,42,43596,买盘
1711,10:39:27,10.37,--,20,20740,卖盘
1712,10:39:15,10.37,--,10,10370,卖盘
1713,10:39:12,10.37,-0.01,1,1037,卖盘
1714,10:39:09,10.38,0.01,200,207600,买盘
1715,10:39:00,10.37,--,200,207399,卖盘
1716,10:38:51,10.37,--,10,10370,卖盘
1717,10:38:48,10.37,--,7,7258,卖盘
1718,10:38:33,10.37,--,69,71553,卖盘
1719,10:38:24,10.37,--,339,351543,买盘
1720,10:38:21,10.37,0.01,12,12443,买盘
1721,10:38:09,10.36,--,10,10360,卖盘
1722,10:37:48,10.36,--,7,7252,卖盘
1723,10:37:45,10.36,--,75,77700,卖盘
1724,10:37:33,10.36,-0.02,26,26936,卖盘
1725,10:37:03,10.38,0.02,489,507582,买盘
1726,10:37:00,10.36,-0.01,529,548044,卖盘
1727,10:36:54,10.37,0.01,10,10370,中性盘
1728,10:36:48,10.36,-0.02,7,7252,卖盘
1729,10:36:39,10.38,0.02,160,166080,买盘
1730,10:36:33,10.36,-0.02,494,511784,卖盘
1731,10:36:30,10.38,0.01,30,31140,买盘
1732,10:36:27,10.37,--,25,25924,卖盘
1733,10:36:18,10.37,--,200,207399,卖盘
1734,10:36:15,10.37,--,10,10370,卖盘
1735,10:36:12,10.37,--,6,6221,卖盘
1736,10:36:09,10.37,-0.01,13,13480,卖盘
1737,10:36:06,10.38,--,1,1038,买盘
1738,10:36:00,10.38,0.01,821,852198,买盘
1739,10:35:57,10.37,-0.01,7,7258,卖盘
1740,10:35:54,10.38,0.01,87,90306,买盘
1741,10:35:51,10.37,--,8,8296,卖盘
1742,10:35:45,10.37,--,42,43554,卖盘
1743,10:35:42,10.37,--,39,40443,卖盘
1744,10:35:39,10.37,--,15,15554,卖盘
1745,10:35:36,10.37,--,36,37332,卖盘
1746,10:35:33,10.37,-0.01,24,24887,卖盘
1747,10:35:15,10.38,0.01,62,64356,买盘
1748,10:35:09,10.37,--,39,40443,卖盘
1749,10:35:06,10.37,--,30,31109,卖盘
1750,10:35:03,10.37,--,33,34221,卖盘
1751,10:34:51,10.37,--,7,7258,卖盘
1752,10:34:48,10.37,--,40,41480,卖盘
1753,10:34:39,10.37,--,14,14517,卖盘
1754,10:34:36,10.37,--,33,34221,卖盘
1755,10:34:24,10.37,-0.01,73,75701,卖盘
1756,10:34:21,10.38,0.01,115,119370,买盘
1757,10:34:03,10.37,-0.01,14,14517,卖盘
1758,10:33:57,10.38,0.01,10,10380,买盘
1759,10:33:48,10.37,--,7,7258,卖盘
1760,10:33:39,10.37,-0.01,1,1037,卖盘
1761,10:33:30,10.38,0.01,30,31140,买盘
1762,10:33:06,10.37,-0.01,1,1037,卖盘
1763,10:32:51,10.38,0.01,24,24912,买盘
1764,10:32:48,10.37,--,7,7258,卖盘
1765,10:32:45,10.37,--,1,1037,卖盘
1766,10:32:42,10.37,-0.01,1,1037,卖盘
1767,10:32:30,10.38,--,13,13494,买盘
1768,10:32:27,10.38,--,5,5190,买盘
1769,10:32:03,10.38,--,24,25161,卖盘
1770,10:32:00,10.38,--,18,18684,卖盘
1771,10:31:57,10.38,--,557,578954,买盘
1772,10:31:54,10.38,0.01,42,43596,买盘
1773,10:31:51,10.37,-0.01,7,7258,卖盘
1774,10:31:42,10.38,0.01,57,59166,买盘
1775,10:31:33,10.37,--,282,292434,卖盘
1776,10:31:21,10.37,--,31,32146,卖盘
1777,10:31:09,10.37,--,24,24887,卖盘
1778,10:31:06,10.37,--,25,25924,卖盘
1779,10:31:00,10.37,--,70,72590,卖盘
1780,10:30:48,10.37,-0.01,83,86071,卖盘
1781,10:30:45,10.38,--,38,39444,买盘
1782,10:30:42,10.38,0.01,400,415200,买盘
1783,10:30:39,10.37,-0.01,20,20740,卖盘
1784,10:30:30,10.38,--,16,16608,买盘
1785,10:30:24,10.38,--,100,103800,买盘
1786,10:30:18,10.38,0.01,87,90306,买盘
1787,10:30:15,10.37,-0.01,39,40443,卖盘
1788,10:30:12,10.38,0.01,8,8304,买盘
1789,10:30:06,10.37,-0.01,6,6221,卖盘
1790,10:30:03,10.38,--,70,72660,买盘
1791,10:29:51,10.38,0.01,13,13494,买盘
1792,10:29:45,10.37,-0.01,39,40443,卖盘
1793,10:29:39,10.38,0.01,10,10380,买盘
1794,10:29:33,10.37,--,60,62219,卖盘
1795,10:29:24,10.37,-0.01,39,40443,卖盘
1796,10:29:21,10.38,0.01,50,51900,买盘
1797,10:29:18,10.37,-0.01,39,40443,卖盘
1798,10:29:00,10.38,--,31,32178,卖盘
1799,10:28:57,10.38,--,28,29064,卖盘
1800,10:28:51,10.38,--,7,7266,卖盘
1801,10:28:48,10.38,-0.01,7,7266,卖盘
1802,10:28:39,10.39,0.01,135,140265,买盘
1803,10:28:33,10.38,0.01,264,274032,买盘
1804,10:28:30,10.37,-0.01,70,72590,卖盘
1805,10:28:12,10.38,--,47,48786,买盘
1806,10:28:09,10.38,0.01,5,5190,买盘
1807,10:28:06,10.37,--,35,36295,卖盘
1808,10:28:03,10.37,--,18,18666,卖盘
1809,10:27:57,10.37,--,49,50812,卖盘
1810,10:27:48,10.37,--,7,7258,卖盘
1811,10:27:45,10.37,-0.01,8,8296,卖盘
1812,10:27:42,10.38,0.01,81,84078,买盘
1813,10:27:30,10.37,--,1,1037,卖盘
1814,10:27:24,10.37,-0.01,39,40443,卖盘
1815,10:27:21,10.38,0.01,10,10380,买盘
1816,10:27:18,10.37,-0.01,39,40443,卖盘
1817,10:27:12,10.38,--,81,84078,买盘
1818,10:27:06,10.38,0.01,78,80964,买盘
1819,10:27:00,10.37,--,20,20740,卖盘
1820,10:26:57,10.37,-0.01,15,15554,卖盘
1821,10:26:51,10.38,0.01,1,1038,买盘
1822,10:26:48,10.37,--,8,8296,卖盘
1823,10:26:42,10.37,-0.01,249,258212,卖盘
1824,10:26:39,10.38,--,5,5190,买盘
1825,10:26:27,10.38,0.01,61,63318,买盘
1826,10:26:15,10.37,-0.01,100,103699,卖盘
1827,10:26:12,10.38,--,84,87192,买盘
1828,10:26:09,10.38,0.01,62,64356,买盘
1829,10:25:48,10.37,--,7,7258,卖盘
1830,10:25:45,10.37,-0.01,30,31109,卖盘
1831,10:25:42,10.38,--,183,189954,买盘
1832,10:25:39,10.38,0.01,50,51900,买盘
1833,10:25:36,10.37,--,20,20740,卖盘
1834,10:25:33,10.37,--,46,47702,买盘
1835,10:25:30,10.37,--,29,30072,买盘
1836,10:25:24,10.37,--,57,59108,买盘
1837,10:25:21,10.37,--,36,37332,买盘
1838,10:25:18,10.37,--,576,597312,买盘
1839,10:25:12,10.37,--,81,83997,买盘
1840,10:25:09,10.37,--,30,31109,买盘
1841,10:24:54,10.37,0.01,10,10370,买盘
1842,10:24:48,10.36,-0.01,7,7252,卖盘
1843,10:24:42,10.37,--,81,83997,买盘
1844,10:24:30,10.37,0.01,81,83997,买盘
1845,10:23:48,10.36,-0.01,27,27972,卖盘
1846,10:23:45,10.37,-0.01,263,272731,卖盘
1847,10:23:42,10.38,--,81,84078,买盘
1848,10:23:36,10.38,--,5,5190,买盘
1849,10:23:30,10.38,--,4,4152,买盘
1850,10:23:12,10.38,0.01,81,84078,买盘
1851,10:23:09,10.37,--,50,51849,卖盘
1852,10:22:57,10.37,--,9,9333,卖盘
1853,10:22:48,10.37,-0.01,56,58071,卖盘
1854,10:22:45,10.38,0.01,98,101724,买盘
1855,10:22:42,10.37,--,128,132736,卖盘
1856,10:22:36,10.37,-0.01,89,92293,卖盘
1857,10:22:33,10.38,--,87,90306,买盘
1858,10:22:12,10.38,0.01,81,84078,买盘
1859,10:21:51,10.37,0.01,443,459390,买盘
1860,10:21:48,10.36,-0.01,7,7252,卖盘
1861,10:21:45,10.37,--,5,5185,买盘
1862,10:21:42,10.37,--,81,83997,买盘
1863,10:21:30,10.37,--,10,10370,买盘
1864,10:21:27,10.37,--,32,33184,买盘
1865,10:21:21,10.37,--,2,2074,买盘
1866,10:21:15,10.37,--,110,114069,买盘
1867,10:21:12,10.37,--,82,85034,买盘
1868,10:21:00,10.37,--,1,1037,买盘
1869,10:20:57,10.37,--,35,36295,买盘
1870,10:20:51,10.37,0.01,20,20740,买盘
1871,10:20:48,10.36,--,7,7252,卖盘
1872,10:20:42,10.36,-0.01,20,20720,卖盘
1873,10:20:39,10.37,--,81,83997,买盘
1874,10:20:33,10.37,0.01,496,514351,买盘
1875,10:20:27,10.36,-0.01,1,1036,卖盘
1876,10:20:21,10.37,--,46,47702,买盘
1877,10:20:15,10.37,0.01,5,5185,买盘
1878,10:20:12,10.36,-0.01,11,11396,卖盘
1879,10:20:09,10.37,--,91,94367,买盘
1880,10:20:03,10.37,--,2,2074,买盘
1881,10:19:51,10.37,0.01,14,14517,买盘
1882,10:19:48,10.36,-0.01,35,36260,卖盘
1883,10:19:42,10.37,-0.01,29,30072,卖盘
1884,10:19:39,10.38,0.01,84,87192,买盘
1885,10:19:33,10.37,-0.01,11,11407,卖盘
1886,10:19:27,10.38,0.02,81,84078,买盘
1887,10:19:15,10.36,-0.02,13,13468,卖盘
1888,10:19:12,10.38,--,9,9342,买盘
1889,10:19:09,10.38,0.01,92,95496,买盘
1890,10:19:00,10.37,0.01,2,2074,买盘
1891,10:18:57,10.36,-0.02,11,11396,卖盘
1892,10:18:54,10.38,0.01,86,89268,买盘
1893,10:18:51,10.37,--,73,75701,卖盘
1894,10:18:48,10.37,-0.01,28,29035,卖盘
1895,10:18:45,10.38,--,10,10380,买盘
1896,10:18:42,10.38,--,76,78888,买盘
1897,10:18:39,10.38,0.01,81,84078,买盘
1898,10:18:33,10.37,0.01,39,40443,买盘
1899,10:18:27,10.36,-0.01,11,11396,卖盘
1900,10:18:24,10.37,0.01,700,725900,买盘
1901,10:18:21,10.36,-0.01,10,10360,卖盘
1902,10:18:18,10.37,--,35,36295,买盘
1903,10:18:09,10.37,0.01,81,83997,买盘
1904,10:18:06,10.36,-0.01,19,19684,卖盘
1905,10:18:03,10.37,0.01,10,10370,买盘
1906,10:17:48,10.36,-0.01,7,7252,卖盘
1907,10:17:45,10.37,0.01,30,31109,买盘
1908,10:17:42,10.36,-0.01,78,80808,卖盘
1909,10:17:39,10.37,--,81,83997,买盘
1910,10:17:36,10.37,0.01,59,61182,买盘
1911,10:17:21,10.36,-0.01,2,2072,卖盘
1912,10:17:18,10.37,0.01,22,22814,买盘
1913,10:17:15,10.36,-0.02,39,40404,卖盘
1914,10:17:09,10.38,0.02,83,86154,买盘
1915,10:17:06,10.36,--,89,92204,卖盘
1916,10:16:54,10.36,--,72,74592,卖盘
1917,10:16:48,10.36,--,7,7252,卖盘
1918,10:16:42,10.36,-0.02,20,20720,卖盘
1919,10:16:39,10.38,0.02,81,84078,买盘
1920,10:16:30,10.36,-0.01,15,15540,卖盘
1921,10:16:18,10.37,--,54,55997,卖盘
1922,10:16:15,10.37,--,18,18666,买盘
1923,10:16:09,10.37,--,81,83997,买盘
1924,10:16:03,10.37,--,59,61182,卖盘
1925,10:15:57,10.37,--,102,105773,卖盘
1926,10:15:51,10.37,--,21,21777,卖盘
1927,10:15:48,10.37,-0.01,7,7258,卖盘
1928,10:15:45,10.38,0.01,28,29064,买盘
1929,10:15:42,10.37,-0.01,56,58071,卖盘
1930,10:15:39,10.38,--,81,84078,买盘
1931,10:15:36,10.38,0.01,66,68508,买盘
1932,10:15:33,10.37,-0.01,632,655384,卖盘
1933,10:15:30,10.38,--,50,51900,买盘
1934,10:15:27,10.38,0.01,20,20760,买盘
1935,10:15:21,10.37,--,494,512277,卖盘
1936,10:15:18,10.37,-0.01,21,21777,卖盘
1937,10:15:15,10.38,-0.01,221,229398,中性盘
1938,10:15:09,10.39,0.02,81,84159,买盘
1939,10:15:03,10.37,--,63,65330,卖盘
1940,10:15:00,10.37,--,126,130661,卖盘
1941,10:14:57,10.37,-0.01,108,111995,卖盘
1942,10:14:51,10.38,0.01,54,56052,买盘
1943,10:14:48,10.37,--,7,7258,卖盘
1944,10:14:45,10.37,--,39,40443,卖盘
1945,10:14:42,10.37,-0.01,228,236435,卖盘
1946,10:14:39,10.38,--,81,84078,买盘
1947,10:14:36,10.38,0.01,202,209676,买盘
1948,10:14:33,10.37,-0.01,65,67405,卖盘
1949,10:14:30,10.38,--,15,15570,买盘
1950,10:14:27,10.38,--,4,5086,卖盘
1951,10:14:24,10.38,0.01,595,617713,买盘
1952,10:14:18,10.37,-0.01,6,6221,卖盘
1953,10:14:15,10.38,--,60,62280,买盘
1954,10:14:12,10.38,--,9,9342,买盘
1955,10:14:09,10.38,--,81,84078,买盘
1956,10:14:03,10.38,-0.01,116,120408,卖盘
1957,10:13:48,10.39,0.01,15,15585,买盘
1958,10:13:45,10.38,--,7,7266,卖盘
1959,10:13:42,10.38,-0.01,10,10380,卖盘
1960,10:13:39,10.39,0.01,123,127797,买盘
1961,10:13:36,10.38,--,15,15570,卖盘
1962,10:13:33,10.38,-0.01,17,17646,卖盘
1963,10:13:30,10.39,--,50,51950,买盘
1964,10:13:24,10.39,--,55,57145,买盘
1965,10:13:09,10.39,--,86,89354,买盘
1966,10:13:03,10.39,0.01,13,13507,买盘
1967,10:12:57,10.38,--,19,19722,卖盘
1968,10:12:54,10.38,--,34,35292,买盘
1969,10:12:45,10.38,--,19,19722,买盘
1970,10:12:39,10.38,--,103,106914,卖盘
1971,10:12:27,10.38,--,13,13494,卖盘
1972,10:12:21,10.38,--,10,10380,卖盘
1973,10:12:18,10.38,--,23,23874,买盘
1974,10:12:15,10.38,-0.01,288,298944,卖盘
1975,10:12:09,10.39,0.01,81,84159,买盘
1976,10:12:06,10.38,-0.01,24,24912,卖盘
1977,10:12:00,10.39,0.01,46,47794,买盘
1978,10:11:45,10.38,-0.01,141,146358,卖盘
1979,10:11:39,10.39,0.01,81,84159,买盘
1980,10:11:36,10.38,--,1,1038,卖盘
1981,10:11:21,10.38,--,1,1038,卖盘
1982,10:11:09,10.38,--,40,41520,卖盘
1983,10:11:00,10.38,--,10,10380,卖盘
1984,10:10:48,10.38,--,102,105876,卖盘
1985,10:10:45,10.38,--,156,161928,卖盘
1986,10:10:42,10.38,--,156,161928,卖盘
1987,10:10:39,10.38,--,8,8304,卖盘
1988,10:10:24,10.38,-0.01,10,10380,卖盘
1989,10:10:15,10.39,0.01,11,11429,买盘
1990,10:10:12,10.38,-0.01,10,10380,卖盘
1991,10:10:09,10.39,0.01,1,1039,买盘
1992,10:10:06,10.38,--,107,111066,卖盘
1993,10:10:03,10.38,--,100,103800,卖盘
1994,10:10:00,10.38,--,386,400668,卖盘
1995,10:09:51,10.38,-0.01,8,8304,卖盘
1996,10:09:48,10.39,--,6,6234,买盘
1997,10:09:45,10.39,0.01,12,12468,买盘
1998,10:09:42,10.38,-0.01,20,20760,卖盘
1999,10:09:36,10.39,0.01,37,38443,买盘
2000,10:09:30,10.38,--,65,67470,卖盘
2001,10:09:18,10.38,-0.01,8,8304,卖盘
2002,10:09:12,10.39,0.01,31,32209,买盘
2003,10:09:03,10.38,-0.01,3,3114,卖盘
2004,10:09:00,10.39,0.01,4,4156,买盘
2005,10:08:57,10.38,--,88,91344,卖盘
2006,10:08:48,10.38,--,60,62280,卖盘
2007,10:08:36,10.38,-0.01,20,20760,卖盘
2008,10:08:30,10.39,0.02,40,41560,买盘
2009,10:08:21,10.37,-0.01,30,31109,卖盘
2010,10:08:18,10.38,0.01,19,19722,买盘
2011,10:08:09,10.37,--,769,797452,卖盘
2012,10:08:06,10.37,--,148,153476,卖盘
2013,10:08:03,10.37,-0.01,2,2074,卖盘
2014,10:08:00,10.38,--,16,16608,买盘
2015,10:07:57,10.38,--,12,12456,买盘
2016,10:07:54,10.38,--,170,176460,卖盘
2017,10:07:48,10.38,-0.01,10,10380,卖盘
2018,10:07:45,10.39,0.01,18,18702,买盘
2019,10:07:42,10.38,-0.01,500,519000,卖盘
2020,10:07:36,10.39,0.01,31,32209,买盘
2021,10:07:27,10.38,-0.01,1,1038,卖盘
2022,10:07:21,10.39,0.01,20,20780,买盘
2023,10:07:18,10.38,--,20,20760,卖盘
2024,10:07:15,10.38,-0.01,35,36330,卖盘
2025,10:07:12,10.39,0.01,15,15585,买盘
2026,10:07:09,10.38,--,5,5190,卖盘
2027,10:07:03,10.38,--,39,40482,卖盘
2028,10:06:42,10.38,--,100,103800,卖盘
2029,10:06:24,10.38,--,21,21798,卖盘
2030,10:06:21,10.38,--,12,12456,卖盘
2031,10:06:15,10.38,--,1,1038,卖盘
2032,10:06:00,10.38,--,15,15570,卖盘
2033,10:05:57,10.38,--,10,10380,卖盘
2034,10:05:54,10.38,--,7,7266,卖盘
2035,10:05:51,10.38,--,50,51900,卖盘
2036,10:05:48,10.38,-0.01,10,10380,卖盘
2037,10:05:39,10.39,0.01,161,167279,买盘
2038,10:05:24,10.38,--,10,10380,卖盘
2039,10:05:18,10.38,--,80,83040,卖盘
2040,10:05:12,10.38,--,173,179574,卖盘
2041,10:05:06,10.38,-0.01,3,3114,卖盘
2042,10:04:57,10.39,--,46,47794,买盘
2043,10:04:54,10.39,0.01,10,10390,买盘
2044,10:04:51,10.38,-0.01,50,51900,卖盘
2045,10:04:36,10.39,0.01,7,7273,买盘
2046,10:04:33,10.38,-0.01,15,15570,卖盘
2047,10:04:21,10.39,--,11,11429,买盘
2048,10:04:15,10.39,0.01,4,4156,买盘
2049,10:04:03,10.38,--,10,10380,卖盘
2050,10:03:48,10.38,-0.01,1111,1153218,卖盘
2051,10:03:39,10.39,0.01,19,19741,买盘
2052,10:03:36,10.38,-0.01,10,10380,卖盘
2053,10:03:33,10.39,--,79,82829,卖盘
2054,10:03:24,10.39,--,10,10390,卖盘
2055,10:03:18,10.39,0.01,136,141594,买盘
2056,10:03:15,10.38,-0.01,2,2076,卖盘
2057,10:03:12,10.39,--,19,19741,买盘
2058,10:03:06,10.39,--,32,33248,买盘
2059,10:03:00,10.39,0.01,76,78964,买盘
2060,10:02:48,10.38,-0.01,15,15570,卖盘
2061,10:02:45,10.39,--,61,63379,买盘
2062,10:02:42,10.39,--,4,4156,买盘
2063,10:02:39,10.39,0.01,11,11429,买盘
2064,10:02:36,10.38,-0.01,225,233550,卖盘
2065,10:02:30,10.39,--,217,226211,卖盘
2066,10:02:24,10.39,-0.01,2,2078,卖盘
2067,10:02:21,10.4,0.01,81,84240,买盘
2068,10:02:15,10.39,--,4,4156,卖盘
2069,10:02:09,10.39,-0.01,190,197410,卖盘
2070,10:02:06,10.4,0.01,67,69680,买盘
2071,10:02:00,10.39,--,7,7273,卖盘
2072,10:01:51,10.39,--,10,10390,卖盘
2073,10:01:48,10.39,-0.01,18,18702,卖盘
2074,10:01:42,10.4,0.01,10,10400,买盘
2075,10:01:39,10.39,--,4,4156,卖盘
2076,10:01:36,10.39,-0.01,225,233795,卖盘
2077,10:01:27,10.4,0.01,50,52000,买盘
2078,10:01:24,10.39,--,91,94549,卖盘
2079,10:01:18,10.39,--,280,290920,卖盘
2080,10:01:15,10.39,--,15,15585,卖盘
2081,10:01:12,10.39,-0.01,30,31170,卖盘
2082,10:01:09,10.4,--,34,35360,买盘
2083,10:01:06,10.4,--,67,69680,买盘
2084,10:01:00,10.4,--,200,208000,买盘
2085,10:00:57,10.4,0.01,134,139360,买盘
2086,10:00:48,10.39,-0.01,4,4156,卖盘
2087,10:00:36,10.4,--,67,69680,买盘
2088,10:00:30,10.4,--,250,260000,买盘
2089,10:00:27,10.4,--,5,5200,买盘
2090,10:00:18,10.4,--,5,5200,买盘
2091,10:00:06,10.4,--,67,69680,买盘
2092,10:00:00,10.4,0.01,250,260000,买盘
2093,09:59:54,10.39,--,70,72730,卖盘
2094,09:59:51,10.39,--,17,17663,卖盘
2095,09:59:48,10.39,-0.01,1,1039,卖盘
2096,09:59:45,10.4,0.01,5,5200,买盘
2097,09:59:42,10.39,--,219,227541,卖盘
2098,09:59:36,10.39,--,336,349104,卖盘
2099,09:59:33,10.39,-0.01,8,8312,卖盘
2100,09:59:30,10.4,--,8,8320,买盘
2101,09:59:27,10.4,0.01,10,10400,买盘
2102,09:59:24,10.39,--,25,25975,卖盘
2103,09:59:21,10.39,--,5,5195,卖盘
2104,09:59:18,10.39,-0.01,50,51950,卖盘
2105,09:59:12,10.4,--,74,76960,买盘
2106,09:59:09,10.4,--,21,21840,买盘
2107,09:59:06,10.4,--,95,98800,买盘
2108,09:59:00,10.4,--,250,260000,买盘
2109,09:58:57,10.4,--,16,16640,买盘
2110,09:58:54,10.4,0.01,23,23920,买盘
2111,09:58:51,10.39,-0.01,5,5195,卖盘
2112,09:58:48,10.4,--,16,16640,买盘
2113,09:58:36,10.4,--,267,277680,买盘
2114,09:58:33,10.4,--,2,2080,买盘
2115,09:58:30,10.4,--,81,84240,买盘
2116,09:58:24,10.4,--,3,3120,买盘
2117,09:58:21,10.4,--,3,3120,买盘
2118,09:58:18,10.4,--,44,45760,买盘
2119,09:58:15,10.4,--,92,95680,买盘
2120,09:58:12,10.4,0.01,50,52000,买盘
2121,09:58:09,10.39,-0.01,1,1039,卖盘
2122,09:58:06,10.4,--,317,329680,买盘
2123,09:58:00,10.4,--,25,26000,买盘
2124,09:57:57,10.4,0.01,404,420160,买盘
2125,09:57:54,10.39,-0.01,1,1039,卖盘
2126,09:57:51,10.4,--,2,2080,买盘
2127,09:57:48,10.4,--,20,20800,买盘
2128,09:57:42,10.4,--,35,36400,买盘
2129,09:57:39,10.4,--,20,20800,买盘
2130,09:57:36,10.4,0.01,642,667680,买盘
2131,09:57:33,10.39,-0.01,20,20780,卖盘
2132,09:57:30,10.4,--,250,260000,买盘
2133,09:57:27,10.4,--,85,89336,卖盘
2134,09:57:24,10.4,--,15,15600,卖盘
2135,09:57:21,10.4,--,10,10400,卖盘
2136,09:57:18,10.4,0.01,254,264264,买盘
2137,09:57:15,10.39,-0.01,1100,1142900,卖盘
2138,09:57:12,10.4,--,1,1040,买盘
2139,09:57:06,10.4,--,80,83200,买盘
2140,09:57:03,10.4,0.01,260,270400,买盘
2141,09:56:51,10.39,-0.01,454,472641,卖盘
2142,09:56:48,10.4,--,115,119600,卖盘
2143,09:56:42,10.4,--,1082,1125384,买盘
2144,09:56:36,10.4,--,833,866320,买盘
2145,09:56:30,10.4,0.01,250,260000,买盘
2146,09:56:27,10.39,--,274,284873,卖盘
2147,09:56:21,10.39,--,224,232736,卖盘
2148,09:56:18,10.39,-0.01,4,4156,卖盘
2149,09:56:15,10.4,--,4,4160,买盘
2150,09:56:12,10.4,--,26,27040,买盘
2151,09:56:06,10.4,--,118,122803,买盘
2152,09:56:03,10.4,--,38,39520,买盘
2153,09:56:00,10.4,0.01,311,323440,买盘
2154,09:55:54,10.39,--,104,108056,卖盘
2155,09:55:45,10.39,-0.01,15,15585,卖盘
2156,09:55:36,10.4,0.01,67,69680,买盘
2157,09:55:33,10.39,--,1180,1226020,买盘
2158,09:55:30,10.39,--,268,278452,买盘
2159,09:55:27,10.39,--,35,36365,买盘
2160,09:55:18,10.39,0.01,14,14546,买盘
2161,09:55:12,10.38,-0.01,11,11418,卖盘
2162,09:55:06,10.39,--,67,69613,买盘
2163,09:55:03,10.39,0.01,50,51950,买盘
2164,09:55:00,10.38,--,266,276108,卖盘
2165,09:54:45,10.38,-0.01,500,519000,卖盘
2166,09:54:42,10.39,0.01,15,15585,买盘
2167,09:54:39,10.38,-0.01,3,3114,卖盘
2168,09:54:36,10.39,--,317,329363,买盘
2169,09:54:27,10.39,--,47,48833,买盘
2170,09:54:21,10.39,--,20,20780,买盘
2171,09:54:18,10.39,--,6,6234,买盘
2172,09:54:15,10.39,--,18,18702,买盘
2173,09:54:12,10.39,0.01,20,20780,买盘
2174,09:54:09,10.38,--,22,22836,卖盘
2175,09:54:06,10.38,--,311,322818,买盘
2176,09:54:03,10.38,-0.01,200,207600,卖盘
2177,09:54:00,10.39,0.01,290,301310,买盘
2178,09:53:57,10.38,--,280,290640,卖盘
2179,09:53:54,10.38,--,15,15570,卖盘
2180,09:53:36,10.38,--,550,570900,买盘
2181,09:53:30,10.38,--,250,259500,买盘
2182,09:53:27,10.38,--,15,15570,买盘
2183,09:53:24,10.38,--,124,128712,买盘
2184,09:53:21,10.38,--,15,15570,买盘
2185,09:53:18,10.38,--,17,17646,买盘
2186,09:53:06,10.38,--,67,69546,买盘
2187,09:53:03,10.38,--,394,408972,买盘
2188,09:53:00,10.38,--,410,425580,买盘
2189,09:52:57,10.38,--,5,5190,买盘
2190,09:52:54,10.38,--,46,47748,买盘
2191,09:52:51,10.38,0.01,28,29064,买盘
2192,09:52:42,10.37,-0.01,90,93330,卖盘
2193,09:52:39,10.38,--,121,125598,买盘
2194,09:52:36,10.38,--,75,77850,买盘
2195,09:52:33,10.38,--,405,420390,买盘
2196,09:52:30,10.38,--,55,57090,买盘
2197,09:52:21,10.38,--,10,10380,买盘
2198,09:52:18,10.38,--,2,2076,买盘
2199,09:52:15,10.38,0.01,36,37368,买盘
2200,09:52:12,10.37,-0.01,1,1037,卖盘
2201,09:52:09,10.38,--,1,1038,买盘
2202,09:52:06,10.38,--,75,77850,买盘
2203,09:52:00,10.38,--,252,261576,买盘
2204,09:51:57,10.38,--,20,20760,买盘
2205,09:51:51,10.38,0.01,60,62280,买盘
2206,09:51:48,10.37,--,10,10370,卖盘
2207,09:51:45,10.37,--,14,14517,卖盘
2208,09:51:42,10.37,--,198,205803,买盘
2209,09:51:39,10.37,0.01,10,10370,买盘
2210,09:51:36,10.36,-0.01,400,414400,卖盘
2211,09:51:33,10.37,--,19,19703,买盘
2212,09:51:30,10.37,0.01,10,10370,买盘
2213,09:51:21,10.36,-0.01,18,18648,卖盘
2214,09:51:18,10.37,0.01,66,68442,买盘
2215,09:51:12,10.36,0.01,10,10360,中性盘
2216,09:51:09,10.35,-0.02,150,155250,卖盘
2217,09:51:06,10.37,--,1710,1773269,买盘
2218,09:51:03,10.37,0.01,257,266509,买盘
2219,09:51:00,10.36,--,470,486920,买盘
2220,09:50:57,10.36,0.01,68,70448,买盘
2221,09:50:54,10.35,--,23,23805,卖盘
2222,09:50:51,10.35,-0.01,63,65205,卖盘
2223,09:50:48,10.36,--,10,10360,买盘
2224,09:50:45,10.36,--,19,19684,买盘
2225,09:50:42,10.36,--,56,58016,买盘
2226,09:50:39,10.36,--,527,545972,买盘
2227,09:50:36,10.36,--,431,446516,买盘
2228,09:50:33,10.36,--,37,38332,买盘
2229,09:50:30,10.36,--,26,26936,买盘
2230,09:50:27,10.36,0.01,84,87024,中性盘
2231,09:50:24,10.35,--,12,12420,卖盘
2232,09:50:12,10.35,-0.02,10,10350,卖盘
2233,09:50:09,10.37,0.01,34,35258,买盘
2234,09:50:06,10.36,0.01,112,116032,买盘
2235,09:50:00,10.35,-0.01,915,947863,卖盘
2236,09:49:57,10.36,0.01,37,38332,买盘
2237,09:49:48,10.35,--,60,62100,卖盘
2238,09:49:45,10.35,--,15,15525,卖盘
2239,09:49:39,10.35,-0.01,100,103500,卖盘
2240,09:49:36,10.36,0.01,317,328412,买盘
2241,09:49:27,10.35,--,1,1035,卖盘
2242,09:49:15,10.35,-0.01,12,12420,卖盘
2243,09:49:09,10.36,--,1,1036,买盘
2244,09:49:06,10.36,--,67,69412,买盘
2245,09:49:03,10.36,--,255,264180,买盘
2246,09:49:00,10.36,--,5,5180,买盘
2247,09:48:57,10.36,--,18,18648,买盘
2248,09:48:51,10.36,--,6,6216,买盘
2249,09:48:48,10.36,--,30,31080,买盘
2250,09:48:45,10.36,0.01,20,20720,买盘
2251,09:48:42,10.35,--,1006,1041210,卖盘
2252,09:48:36,10.35,-0.01,193,199755,卖盘
2253,09:48:33,10.36,--,10,10360,买盘
2254,09:48:30,10.36,0.01,82,84952,买盘
2255,09:48:27,10.35,--,1005,1040175,卖盘
2256,09:48:24,10.35,-0.01,71,73485,卖盘
2257,09:48:18,10.36,--,10,10360,买盘
2258,09:48:12,10.36,-0.01,133,137788,卖盘
2259,09:48:09,10.37,--,14,14517,买盘
2260,09:48:06,10.37,--,66,68442,买盘
2261,09:48:03,10.37,0.02,281,291397,买盘
2262,09:47:54,10.35,--,40,41400,卖盘
2263,09:47:51,10.35,--,110,113850,卖盘
2264,09:47:48,10.35,-0.02,507,524745,卖盘
2265,09:47:45,10.37,0.02,1,1037,买盘
2266,09:47:42,10.35,--,32,33120,卖盘
2267,09:47:36,10.35,--,86,89010,卖盘
2268,09:47:33,10.35,-0.02,17,17595,卖盘
2269,09:47:30,10.37,0.02,310,321470,买盘
2270,09:47:27,10.35,-0.01,83,85905,卖盘
2271,09:47:24,10.36,0.01,53,54908,买盘
2272,09:47:21,10.35,-0.01,77,79695,卖盘
2273,09:47:18,10.36,--,6,6216,卖盘
2274,09:47:15,10.36,--,4,4144,卖盘
2275,09:47:12,10.36,--,1,1036,卖盘
2276,09:47:09,10.36,-0.01,220,227920,卖盘
2277,09:47:06,10.37,--,67,69479,买盘
2278,09:47:03,10.37,--,141,146217,买盘
2279,09:47:00,10.37,0.01,42,43554,买盘
2280,09:46:57,10.36,-0.01,23,23828,卖盘
2281,09:46:54,10.37,0.01,52,53923,买盘
2282,09:46:51,10.36,--,68,70448,买盘
2283,09:46:48,10.36,--,4,4144,买盘
2284,09:46:45,10.36,--,16,16576,买盘
2285,09:46:42,10.36,--,80,82880,买盘
2286,09:46:39,10.36,--,10,10360,买盘
2287,09:46:36,10.36,--,67,69412,买盘
2288,09:46:30,10.36,--,560,580160,卖盘
2289,09:46:15,10.36,--,38,39368,买盘
2290,09:46:09,10.36,0.01,77,79772,买盘
2291,09:46:06,10.35,-0.01,15,15525,卖盘
2292,09:46:00,10.36,--,340,352240,卖盘
2293,09:45:57,10.36,--,5,5180,卖盘
2294,09:45:51,10.36,--,3,3108,中性盘
2295,09:45:39,10.36,0.01,50,51800,卖盘
2296,09:45:36,10.35,-0.02,1,1035,卖盘
2297,09:45:33,10.37,0.01,317,328729,买盘
2298,09:45:21,10.36,--,35,36260,买盘
2299,09:45:18,10.36,--,1015,1051540,卖盘
2300,09:45:15,10.36,-0.01,287,297332,卖盘
2301,09:45:09,10.37,0.01,5,5185,买盘
2302,09:45:06,10.36,-0.01,118,122248,卖盘
2303,09:45:03,10.37,0.01,279,289323,买盘
2304,09:44:57,10.36,-0.01,44,45584,卖盘
2305,09:44:54,10.37,0.01,100,103699,买盘
2306,09:44:48,10.36,--,42,43512,卖盘
2307,09:44:45,10.36,--,267,276612,卖盘
2308,09:44:42,10.36,-0.01,21,21756,卖盘
2309,09:44:39,10.37,0.01,10,10370,买盘
2310,09:44:36,10.36,-0.01,19,19684,卖盘
2311,09:44:33,10.37,--,7,7258,买盘
2312,09:44:30,10.37,--,9,9333,买盘
2313,09:44:27,10.37,0.01,25,25924,买盘
2314,09:44:24,10.36,-0.01,63,65268,卖盘
2315,09:44:21,10.37,0.01,11,11407,买盘
2316,09:44:18,10.36,-0.01,118,122248,卖盘
2317,09:44:15,10.37,--,19,19900,卖盘
2318,09:44:12,10.37,--,34,35258,卖盘
2319,09:44:09,10.37,-0.01,6,6221,卖盘
2320,09:44:06,10.38,0.01,31,32178,买盘
2321,09:44:03,10.37,--,419,435342,买盘
2322,09:44:00,10.37,--,102,105773,买盘
2323,09:43:57,10.37,-0.01,1544,1601325,卖盘
2324,09:43:54,10.38,--,11,11418,买盘
2325,09:43:51,10.38,0.01,2,2076,买盘
2326,09:43:48,10.37,--,6,6221,卖盘
2327,09:43:45,10.37,--,15,15554,卖盘
2328,09:43:42,10.37,--,6,6221,卖盘
2329,09:43:39,10.37,-0.01,29,30072,卖盘
2330,09:43:30,10.38,--,50,51900,买盘
2331,09:43:27,10.38,0.01,600,622800,买盘
2332,09:43:24,10.37,--,34,35258,卖盘
2333,09:43:18,10.37,-0.01,50,51849,卖盘
2334,09:43:12,10.38,--,10,10380,买盘
2335,09:43:09,10.38,--,10,10380,买盘
2336,09:43:00,10.38,0.01,1,1038,买盘
2337,09:42:51,10.37,--,20,20740,卖盘
2338,09:42:42,10.37,--,847,879178,买盘
2339,09:42:33,10.37,--,300,311100,买盘
2340,09:42:30,10.37,0.01,3,3110,买盘
2341,09:42:27,10.36,-0.01,139,144946,卖盘
2342,09:42:18,10.37,--,5,5185,买盘
2343,09:42:15,10.37,--,47,48738,买盘
2344,09:42:12,10.37,--,50,51849,买盘
2345,09:42:09,10.37,--,72,74664,买盘
2346,09:42:03,10.37,0.01,6,6221,买盘
2347,09:42:00,10.36,-0.01,176,182336,卖盘
2348,09:41:51,10.37,--,46,47702,买盘
2349,09:41:48,10.37,--,1001,1038036,买盘
2350,09:41:45,10.37,--,12,12443,买盘
2351,09:41:42,10.37,--,15,15554,买盘
2352,09:41:39,10.37,--,12,12443,买盘
2353,09:41:36,10.37,--,33,34221,买盘
2354,09:41:27,10.37,--,4,4148,买盘
2355,09:41:24,10.37,--,44,46239,卖盘
2356,09:41:21,10.37,--,41,42517,卖盘
2357,09:41:15,10.37,--,11,11407,卖盘
2358,09:41:12,10.37,--,109,113032,卖盘
2359,09:41:09,10.37,--,8,8296,卖盘
2360,09:41:03,10.37,--,12,12869,买盘
2361,09:41:00,10.37,--,30,31109,买盘
2362,09:40:57,10.37,--,15,15554,买盘
2363,09:40:54,10.37,0.01,2,2074,买盘
2364,09:40:51,10.36,--,186,192696,卖盘
2365,09:40:48,10.36,-0.01,239,247780,卖盘
2366,09:40:45,10.37,--,10,10370,买盘
2367,09:40:42,10.37,--,1,1037,买盘
2368,09:40:39,10.37,--,33,34221,买盘
2369,09:40:36,10.37,--,92,96015,卖盘
2370,09:40:30,10.37,--,58,60145,卖盘
2371,09:40:24,10.37,--,43,44591,卖盘
2372,09:40:21,10.37,-0.01,19,19703,卖盘
2373,09:40:18,10.38,0.01,19,19722,买盘
2374,09:40:09,10.37,-0.01,5,5185,卖盘
2375,09:40:03,10.38,0.01,25,25950,买盘
2376,09:40:00,10.37,--,43,44591,卖盘
2377,09:39:57,10.37,--,18,18666,卖盘
2378,09:39:51,10.37,--,216,223991,卖盘
2379,09:39:45,10.37,--,1,1037,卖盘
2380,09:39:39,10.37,--,47,48738,卖盘
2381,09:39:36,10.37,-0.01,28,29035,卖盘
2382,09:39:33,10.38,--,26,26988,买盘
2383,09:39:27,10.38,0.01,36,37368,买盘
2384,09:39:24,10.37,-0.01,23,23851,卖盘
2385,09:39:18,10.38,0.01,337,349806,买盘
2386,09:39:15,10.37,--,10,10370,卖盘
2387,09:39:06,10.37,--,9,9333,卖盘
2388,09:38:57,10.37,--,30,31109,卖盘
2389,09:38:54,10.37,--,6,6221,卖盘
2390,09:38:51,10.37,--,239,248268,买盘
2391,09:38:48,10.37,0.01,156,161772,买盘
2392,09:38:42,10.36,-0.01,12,12432,卖盘
2393,09:38:39,10.37,--,7,7258,买盘
2394,09:38:36,10.37,0.01,168,174216,买盘
2395,09:38:33,10.36,-0.01,76,78736,卖盘
2396,09:38:30,10.37,--,10,10370,买盘
2397,09:38:27,10.37,-0.01,13,13480,卖盘
2398,09:38:24,10.38,0.02,102,105876,买盘
2399,09:38:18,10.36,--,6,6216,卖盘
2400,09:38:15,10.36,--,13,13468,卖盘
2401,09:38:09,10.36,-0.02,916,949058,卖盘
2402,09:38:06,10.38,0.01,240,249120,买盘
2403,09:38:03,10.37,--,3,3110,买盘
2404,09:38:00,10.37,--,2,2074,卖盘
2405,09:37:57,10.37,-0.01,33,34221,卖盘
2406,09:37:51,10.38,--,1,1038,买盘
2407,09:37:48,10.38,0.01,220,228360,买盘
2408,09:37:45,10.37,--,164,170068,卖盘
2409,09:37:42,10.37,--,18,18666,卖盘
2410,09:37:39,10.37,--,2,2074,卖盘
2411,09:37:36,10.37,--,13,13480,卖盘
2412,09:37:27,10.37,--,113,117180,卖盘
2413,09:37:24,10.37,--,86,89182,卖盘
2414,09:37:21,10.37,--,3,3110,卖盘
2415,09:37:18,10.37,--,112,116143,买盘
2416,09:37:15,10.37,0.01,17,17629,买盘
2417,09:37:12,10.36,-0.01,13,13468,卖盘
2418,09:37:06,10.37,--,19,19703,买盘
2419,09:37:00,10.37,--,50,51849,买盘
2420,09:36:57,10.37,-0.01,46,47702,买盘
2421,09:36:54,10.38,--,3,3114,买盘
2422,09:36:51,10.38,0.01,300,311400,买盘
2423,09:36:48,10.37,--,96,99551,买盘
2424,09:36:45,10.37,-0.01,15,15554,卖盘
2425,09:36:42,10.38,0.01,22,22836,买盘
2426,09:36:36,10.37,--,10,10370,卖盘
2427,09:36:27,10.37,-0.01,36,37332,卖盘
2428,09:36:24,10.38,0.02,251,260538,买盘
2429,09:36:21,10.36,-0.01,2,2072,卖盘
2430,09:36:18,10.37,--,12,12443,买盘
2431,09:36:09,10.37,--,10,10370,买盘
2432,09:36:06,10.37,--,82,85034,买盘
2433,09:36:00,10.37,--,22,22814,买盘
2434,09:35:51,10.37,--,2,2074,买盘
2435,09:35:45,10.37,--,3,3110,买盘
2436,09:35:42,10.37,0.01,92,95404,买盘
2437,09:35:39,10.36,--,9,9324,卖盘
2438,09:35:27,10.36,--,10,10360,卖盘
2439,09:35:21,10.36,--,5,5180,卖盘
2440,09:35:09,10.36,-0.01,30,31080,卖盘
2441,09:35:06,10.37,--,230,238509,买盘
2442,09:35:03,10.37,--,76,78812,买盘
2443,09:34:57,10.37,--,183,189771,买盘
2444,09:34:51,10.37,--,86,89182,买盘
2445,09:34:48,10.37,--,12,12443,买盘
2446,09:34:45,10.37,--,100,103699,买盘
2447,09:34:36,10.37,--,118,122365,买盘
2448,09:34:33,10.37,--,58,60145,买盘
2449,09:34:27,10.37,--,45,46665,买盘
2450,09:34:15,10.37,--,10,10370,买盘
2451,09:34:12,10.37,0.01,96,99551,买盘
2452,09:34:03,10.36,--,5,5180,卖盘
2453,09:34:00,10.36,-0.01,43,44548,卖盘
2454,09:33:57,10.37,0.01,28,29035,买盘
2455,09:33:54,10.36,--,50,51800,卖盘
2456,09:33:51,10.36,-0.01,15,15540,卖盘
2457,09:33:36,10.37,0.01,128,132736,买盘
2458,09:33:33,10.36,--,29,30044,卖盘
2459,09:33:27,10.36,-0.01,16,16576,卖盘
2460,09:33:15,10.37,--,10,10370,买盘
2461,09:33:12,10.37,--,5,5185,买盘
2462,09:33:09,10.37,-0.01,67,69479,卖盘
2463,09:33:06,10.38,--,350,363300,买盘
2464,09:33:03,10.38,0.01,1,1038,买盘
2465,09:33:00,10.37,-0.01,61,63256,卖盘
2466,09:32:51,10.38,0.01,158,164004,买盘
2467,09:32:45,10.37,-0.01,14,14517,卖盘
2468,09:32:42,10.38,--,291,302058,买盘
2469,09:32:21,10.38,0.01,450,467100,买盘
2470,09:32:18,10.37,-0.01,2,2074,卖盘
2471,09:32:12,10.38,0.02,1081,1122078,买盘
2472,09:32:03,10.36,--,11,11396,卖盘
2473,09:31:57,10.36,--,1,1036,卖盘
2474,09:31:51,10.36,--,112,116032,卖盘
2475,09:31:42,10.36,--,262,271432,卖盘
2476,09:31:36,10.36,-0.01,1,1036,卖盘
2477,09:31:33,10.37,0.01,41,42517,买盘
2478,09:31:27,10.36,-0.01,25,25900,中性盘
2479,09:31:24,10.37,--,7,7258,买盘
2480,09:31:21,10.37,--,4,4148,买盘
2481,09:31:18,10.37,--,134,138958,买盘
2482,09:31:12,10.37,0.01,260,269620,买盘
2483,09:31:06,10.36,--,18,18648,卖盘
2484,09:31:03,10.36,--,20,20720,卖盘
2485,09:30:57,10.36,0.02,10,10360,中性盘
2486,09:30:39,10.34,-0.03,32,33088,卖盘
2487,09:30:36,10.37,0.01,126,130661,买盘
2488,09:30:33,10.36,0.02,30,31080,买盘
2489,09:30:21,10.34,--,32,33088,卖盘
2490,09:30:15,10.34,-0.01,13,13442,卖盘
2491,09:30:12,10.35,-0.01,406,420210,卖盘
2492,09:30:09,10.36,--,4,4144,买盘
2493,09:30:06,10.36,0.01,2,2072,买盘
2494,09:30:03,10.35,--,399,412965,卖盘
2495,09:30:00,10.35,--,0,0,卖盘
2496,09:25:03,10.35,10.35,957,990495,买盘
