,time,price,change,volume,amount,type
0,15:00:03,21.37,--,454,970198,买盘
1,14:57:00,21.37,0.01,20,42740,买盘
2,14:56:57,21.36,--,11,23496,卖盘
3,14:56:54,21.36,-0.01,13,27768,卖盘
4,14:56:51,21.37,0.01,5,10685,买盘
5,14:56:45,21.36,--,7,14952,卖盘
6,14:56:39,21.36,-0.01,13,27768,卖盘
7,14:56:36,21.37,0.01,58,123946,买盘
8,14:56:30,21.36,0.01,15,32040,买盘
9,14:56:27,21.35,-0.01,20,42700,卖盘
10,14:56:24,21.36,--,4,8544,买盘
11,14:56:21,21.36,--,3,6408,卖盘
12,14:56:18,21.36,0.01,11,23496,买盘
13,14:56:15,21.35,--,14,29890,卖盘
14,14:56:09,21.35,--,29,61915,卖盘
15,14:56:00,21.35,-0.02,20,42700,中性盘
16,14:55:54,21.37,0.02,10,21370,买盘
17,14:55:48,21.35,--,8,17080,买盘
18,14:55:42,21.35,-0.02,8,17080,卖盘
19,14:55:33,21.37,0.01,4,8548,买盘
20,14:55:30,21.36,0.01,1,2136,中性盘
21,14:55:15,21.35,-0.01,15,32025,卖盘
22,14:55:12,21.36,-0.01,39,83304,卖盘
23,14:55:09,21.37,--,7,14959,卖盘
24,14:55:03,21.37,--,17,36329,买盘
25,14:55:00,21.37,--,20,42740,买盘
26,14:54:57,21.37,0.01,24,51288,买盘
27,14:54:54,21.36,--,35,74760,买盘
28,14:54:45,21.36,--,29,61944,卖盘
29,14:54:42,21.36,-0.01,7,14952,卖盘
30,14:54:39,21.37,0.01,3,6411,买盘
31,14:54:36,21.36,--,10,21360,卖盘
32,14:54:27,21.36,0.02,15,32040,买盘
33,14:54:24,21.34,-0.02,50,106700,卖盘
34,14:54:15,21.36,0.01,1,2136,买盘
35,14:54:12,21.35,--,1,2135,卖盘
36,14:54:09,21.35,--,1,2135,卖盘
37,14:54:03,21.35,--,6,13599,买盘
38,14:54:00,21.35,--,23,49105,买盘
39,14:53:57,21.35,--,12,25620,买盘
40,14:53:48,21.35,--,48,103825,卖盘
41,14:53:42,21.35,0.01,72,154509,买盘
42,14:53:39,21.34,-0.01,10,21340,买盘
43,14:53:36,21.35,0.01,12,25620,买盘
44,14:53:30,21.34,-0.01,12,25608,卖盘
45,14:53:27,21.35,0.01,4,8540,买盘
46,14:53:18,21.34,--,14,29876,买盘
47,14:53:15,21.34,0.03,1,2134,买盘
48,14:53:12,21.31,-0.03,1,2131,卖盘
49,14:53:09,21.34,0.03,4,8536,买盘
50,14:53:00,21.31,-0.01,10,21310,卖盘
51,14:52:54,21.32,0.01,1,3198,买盘
52,14:52:48,21.31,0.01,4,8524,买盘
53,14:52:45,21.3,-0.01,7,14910,卖盘
54,14:52:42,21.31,--,6,12786,买盘
55,14:52:39,21.31,--,21,44751,买盘
56,14:52:33,21.31,--,51,109746,卖盘
57,14:52:24,21.31,--,9,19179,卖盘
58,14:52:18,21.31,--,7,15982,买盘
59,14:52:15,21.31,--,22,46882,买盘
60,14:52:12,21.31,--,31,66061,买盘
61,14:52:09,21.31,--,262,558322,买盘
62,14:52:06,21.31,--,1,2131,买盘
63,14:52:00,21.31,--,24,51144,买盘
64,14:51:57,21.31,--,1,2131,买盘
65,14:51:54,21.31,--,5,10655,买盘
66,14:51:51,21.31,--,22,46882,买盘
67,14:51:39,21.31,0.01,57,121466,买盘
68,14:51:36,21.3,--,24,51120,买盘
69,14:51:33,21.3,--,15,31950,买盘
70,14:51:27,21.3,--,5,10650,买盘
71,14:51:24,21.3,--,10,21300,买盘
72,14:51:21,21.3,--,2,4260,买盘
73,14:51:15,21.3,--,4,8520,买盘
74,14:51:09,21.3,--,2,4260,买盘
75,14:51:06,21.3,--,9,19170,买盘
76,14:51:00,21.3,--,36,77745,卖盘
77,14:50:51,21.3,--,2,4260,卖盘
78,14:50:45,21.3,--,3,6390,卖盘
79,14:50:42,21.3,0.01,20,43665,买盘
80,14:50:36,21.29,--,26,55354,买盘
81,14:50:33,21.29,--,6,12774,买盘
82,14:50:24,21.29,-0.01,32,69192,卖盘
83,14:50:21,21.3,--,4,9585,买盘
84,14:50:18,21.3,0.01,5,10650,买盘
85,14:50:15,21.29,-0.01,17,37853,卖盘
86,14:50:12,21.3,--,5,10650,买盘
87,14:50:06,21.3,--,110,234300,买盘
88,14:50:03,21.3,--,9,19170,买盘
89,14:49:57,21.3,0.01,2,4260,买盘
90,14:49:54,21.29,--,79,168191,买盘
91,14:49:42,21.29,0.01,3,6387,买盘
92,14:49:30,21.28,--,5,10640,买盘
93,14:49:27,21.28,--,7,14896,买盘
94,14:49:21,21.28,--,6,12768,买盘
95,14:49:18,21.28,--,11,23408,买盘
96,14:49:12,21.28,0.01,10,21280,买盘
97,14:49:06,21.27,--,3,6381,卖盘
98,14:49:03,21.27,--,13,27651,卖盘
99,14:49:00,21.27,0.01,119,253113,买盘
100,14:48:51,21.26,--,20,42520,买盘
101,14:48:45,21.26,--,6,12756,买盘
102,14:48:42,21.26,--,20,42520,买盘
103,14:48:39,21.26,--,31,65906,卖盘
104,14:48:30,21.26,-0.01,28,59528,卖盘
105,14:48:27,21.27,--,2,4254,买盘
106,14:48:24,21.27,0.01,23,48921,买盘
107,14:48:12,21.26,--,14,29764,卖盘
108,14:48:00,21.26,-0.02,30,63780,卖盘
109,14:47:57,21.28,--,6,12768,买盘
110,14:47:54,21.28,--,22,46816,买盘
111,14:47:42,21.28,--,2,4256,买盘
112,14:47:36,21.28,0.02,1,2128,买盘
113,14:47:27,21.26,--,76,161576,卖盘
114,14:47:24,21.26,--,9,19134,卖盘
115,14:47:21,21.26,--,3,6378,买盘
116,14:47:18,21.26,--,4,8504,买盘
117,14:47:15,21.26,--,17,36142,买盘
118,14:47:12,21.26,--,3,6378,买盘
119,14:47:09,21.26,--,41,87166,卖盘
120,14:46:57,21.26,--,3,6378,卖盘
121,14:46:51,21.26,0.01,21,44646,买盘
122,14:46:48,21.25,--,125,265625,卖盘
123,14:46:36,21.25,--,41,87125,卖盘
124,14:46:33,21.25,--,20,42500,买盘
125,14:46:30,21.25,--,1,2125,买盘
126,14:46:27,21.25,--,5,10625,买盘
127,14:46:24,21.25,--,4,8500,买盘
128,14:46:18,21.25,0.01,3,6375,中性盘
129,14:46:15,21.24,--,30,63719,卖盘
130,14:46:09,21.24,-0.01,13,27611,卖盘
131,14:46:06,21.25,--,13,27625,买盘
132,14:46:03,21.25,0.01,19,40375,买盘
133,14:46:00,21.24,-0.01,13,27611,卖盘
134,14:45:57,21.25,--,50,106250,买盘
135,14:45:54,21.25,--,107,227375,买盘
136,14:45:48,21.25,0.01,11,23375,买盘
137,14:45:42,21.24,--,10,21240,卖盘
138,14:45:36,21.24,--,30,63719,买盘
139,14:45:33,21.24,0.01,2,4248,买盘
140,14:45:30,21.23,-0.01,10,21230,卖盘
141,14:45:27,21.24,0.01,30,63719,买盘
142,14:45:21,21.23,--,13,27599,卖盘
143,14:45:18,21.23,0.02,4,8492,买盘
144,14:45:12,21.21,-0.02,47,99687,卖盘
145,14:45:06,21.23,0.01,2,4246,买盘
146,14:45:03,21.22,--,6,12732,买盘
147,14:44:57,21.22,0.01,8,16976,买盘
148,14:44:51,21.21,--,47,100514,买盘
149,14:44:48,21.21,--,24,50904,买盘
150,14:44:45,21.21,--,26,55146,买盘
151,14:44:42,21.21,--,389,826129,买盘
152,14:44:39,21.21,--,5,10605,买盘
153,14:44:36,21.21,--,18,38178,买盘
154,14:44:21,21.21,0.01,6,12726,买盘
155,14:44:18,21.2,--,20,42400,买盘
156,14:44:15,21.2,--,6,12720,买盘
157,14:44:09,21.2,--,9,19080,卖盘
158,14:44:06,21.2,0.01,23,48760,买盘
159,14:44:03,21.19,-0.01,43,91117,中性盘
160,14:43:57,21.2,--,1,2120,买盘
161,14:43:51,21.2,0.03,11,23320,买盘
162,14:43:45,21.17,-0.03,8,16936,卖盘
163,14:43:42,21.2,0.03,60,127200,买盘
164,14:43:39,21.17,--,15,31755,买盘
165,14:43:36,21.17,--,17,35989,买盘
166,14:43:33,21.17,--,19,40223,买盘
167,14:43:30,21.17,--,18,38106,买盘
168,14:43:27,21.17,--,19,40223,买盘
169,14:43:24,21.17,-0.04,139,294263,卖盘
170,14:43:21,21.21,--,5,10605,买盘
171,14:43:18,21.21,0.01,21,44541,买盘
172,14:43:15,21.2,--,10,21200,买盘
173,14:43:12,21.2,--,2,4240,买盘
174,14:43:06,21.2,--,44,93280,卖盘
175,14:43:03,21.2,-0.01,132,279840,卖盘
176,14:43:00,21.21,--,10,21210,买盘
177,14:42:57,21.21,--,1,2121,买盘
178,14:42:51,21.21,--,40,84840,买盘
179,14:42:48,21.21,-0.01,99,209979,卖盘
180,14:42:45,21.22,0.01,10,21220,买盘
181,14:42:39,21.21,-0.01,12,25452,卖盘
182,14:42:36,21.22,--,31,65782,买盘
183,14:42:33,21.22,--,30,63660,买盘
184,14:42:30,21.22,-0.02,25,53050,卖盘
185,14:42:27,21.24,0.01,9,19116,买盘
186,14:42:24,21.23,0.01,1,2123,中性盘
187,14:42:15,21.22,-0.01,2,4244,卖盘
188,14:42:12,21.23,--,2,4246,买盘
189,14:42:09,21.23,-0.01,2,4246,买盘
190,14:42:03,21.24,--,55,116819,卖盘
191,14:42:00,21.24,-0.01,1,2124,卖盘
192,14:41:57,21.25,0.01,2,4250,买盘
193,14:41:54,21.24,--,14,29735,卖盘
194,14:41:51,21.24,--,9,19116,卖盘
195,14:41:48,21.24,--,5,10620,卖盘
196,14:41:45,21.24,-0.02,5,10620,卖盘
197,14:41:42,21.26,0.02,44,93544,买盘
198,14:41:39,21.24,--,11,23364,买盘
199,14:41:36,21.24,-0.01,40,84960,卖盘
200,14:41:33,21.25,0.01,5,10625,买盘
201,14:41:27,21.24,--,1,2124,卖盘
202,14:41:24,21.24,-0.01,5,10620,卖盘
203,14:41:21,21.25,-0.01,19,40375,卖盘
204,14:41:18,21.26,--,2,4252,买盘
205,14:41:15,21.26,-0.01,8,17008,卖盘
206,14:41:12,21.27,--,10,21270,买盘
207,14:41:09,21.27,0.01,2,4254,买盘
208,14:41:03,21.26,--,27,57402,卖盘
209,14:41:00,21.26,-0.01,33,70158,卖盘
210,14:40:51,21.27,--,5,10635,卖盘
211,14:40:48,21.27,-0.01,9,19143,卖盘
212,14:40:45,21.28,--,21,44688,卖盘
213,14:40:42,21.28,--,32,68096,卖盘
214,14:40:39,21.28,--,24,51072,卖盘
215,14:40:36,21.28,-0.01,10,21280,卖盘
216,14:40:30,21.29,-0.01,6,12774,卖盘
217,14:40:24,21.3,--,64,136852,卖盘
218,14:40:21,21.3,-0.01,51,110227,卖盘
219,14:40:18,21.31,-0.02,1,2131,卖盘
220,14:40:15,21.33,0.01,22,46925,买盘
221,14:40:12,21.32,0.02,10,21320,买盘
222,14:40:09,21.3,-0.03,146,310980,卖盘
223,14:40:06,21.33,0.03,5,10665,买盘
224,14:40:03,21.3,--,7,14910,卖盘
225,14:40:00,21.3,-0.03,112,238560,卖盘
226,14:39:54,21.33,0.02,20,42660,买盘
227,14:39:51,21.31,-0.02,31,67126,卖盘
228,14:39:48,21.33,--,0,1066,买盘
229,14:39:42,21.33,--,1,3199,卖盘
230,14:39:33,21.33,--,4,8532,卖盘
231,14:39:24,21.33,--,3,6398,卖盘
232,14:39:15,21.33,0.01,1,2986,卖盘
233,14:39:12,21.32,--,5,10873,买盘
234,14:39:09,21.32,--,388,827216,卖盘
235,14:39:03,21.32,-0.02,42,89544,卖盘
236,14:39:00,21.34,0.01,100,213400,买盘
237,14:38:57,21.33,--,6,12797,卖盘
238,14:38:51,21.33,0.01,16,34128,买盘
239,14:38:45,21.32,--,12,25584,卖盘
240,14:38:36,21.32,--,6,12792,卖盘
241,14:38:27,21.32,--,10,21320,卖盘
242,14:38:21,21.32,-0.01,100,213200,卖盘
243,14:38:15,21.33,--,20,42660,卖盘
244,14:38:06,21.33,--,11,23462,买盘
245,14:37:57,21.33,--,1,2133,买盘
246,14:37:54,21.33,0.01,2,4266,中性盘
247,14:37:48,21.32,--,15,31980,卖盘
248,14:37:45,21.32,-0.01,33,70356,卖盘
249,14:37:42,21.33,0.01,20,42660,买盘
250,14:37:36,21.32,--,8,17056,卖盘
251,14:37:33,21.32,--,5,10660,卖盘
252,14:37:27,21.32,--,52,110864,买盘
253,14:37:24,21.32,--,5,10660,买盘
254,14:37:18,21.32,-0.02,33,70356,中性盘
255,14:37:09,21.34,--,106,226204,卖盘
256,14:37:03,21.34,-0.01,10,21340,卖盘
257,14:36:48,21.35,-0.01,50,108095,卖盘
258,14:36:45,21.36,--,45,96120,买盘
259,14:36:42,21.36,--,22,46992,买盘
260,14:36:39,21.36,--,169,360984,买盘
261,14:36:36,21.36,--,11,23496,买盘
262,14:36:33,21.36,--,139,297694,买盘
263,14:36:21,21.36,--,11,23496,买盘
264,14:36:15,21.36,0.01,47,100392,买盘
265,14:36:12,21.35,-0.01,5,10675,卖盘
266,14:36:09,21.36,--,5,10680,买盘
267,14:36:03,21.36,--,10,21360,买盘
268,14:36:00,21.36,-0.01,7,14952,卖盘
269,14:35:54,21.37,0.01,5,10685,买盘
270,14:35:48,21.36,--,5,10680,卖盘
271,14:35:36,21.36,--,5,10680,买盘
272,14:35:33,21.36,--,11,23496,买盘
273,14:35:30,21.36,--,15,32040,买盘
274,14:35:24,21.36,--,2,4272,买盘
275,14:35:21,21.36,--,15,32040,买盘
276,14:35:18,21.36,--,42,89712,买盘
277,14:35:15,21.36,--,1,2136,买盘
278,14:35:09,21.36,--,11,23496,买盘
279,14:35:00,21.36,--,2,4272,买盘
280,14:34:57,21.36,--,3,6408,买盘
281,14:34:54,21.36,--,2,4272,买盘
282,14:34:51,21.36,-0.01,119,254184,卖盘
283,14:34:48,21.37,--,62,133840,卖盘
284,14:34:45,21.37,--,19,40603,卖盘
285,14:34:36,21.37,--,30,64110,卖盘
286,14:34:33,21.37,--,20,42740,卖盘
287,14:34:27,21.37,-0.01,4,8569,卖盘
288,14:34:24,21.38,--,3,6414,买盘
289,14:34:21,21.38,--,24,51312,买盘
290,14:34:12,21.38,--,16,34208,买盘
291,14:34:06,21.38,0.01,4,8552,买盘
292,14:34:03,21.37,--,39,84112,买盘
293,14:34:00,21.37,-0.01,22,47014,卖盘
294,14:33:45,21.38,--,20,42760,买盘
295,14:33:42,21.38,--,1,2138,买盘
296,14:33:39,21.38,-0.03,164,351936,卖盘
297,14:33:36,21.41,0.02,3,7257,买盘
298,14:33:33,21.39,-0.01,1,2139,卖盘
299,14:33:30,21.4,--,7,14979,买盘
300,14:33:24,21.4,--,11,23540,买盘
301,14:33:12,21.4,-0.01,1,3445,卖盘
302,14:33:03,21.41,0.01,1,2141,买盘
303,14:32:54,21.4,0.02,7,15814,买盘
304,14:32:51,21.38,-0.01,55,117590,卖盘
305,14:32:48,21.39,-0.01,34,72726,卖盘
306,14:32:45,21.4,--,11,23540,买盘
307,14:32:42,21.4,--,2,4280,买盘
308,14:32:39,21.4,--,10,21400,买盘
309,14:32:33,21.4,--,10,21400,买盘
310,14:32:30,21.4,0.02,3,6420,买盘
311,14:32:24,21.38,-0.02,20,42760,卖盘
312,14:32:18,21.4,--,12,25680,买盘
313,14:32:15,21.4,--,5,10700,买盘
314,14:32:12,21.4,--,1,2140,买盘
315,14:32:09,21.4,--,45,96300,买盘
316,14:32:00,21.4,--,1,2140,买盘
317,14:31:45,21.4,0.02,29,62059,买盘
318,14:31:42,21.38,0.01,8,17104,买盘
319,14:31:39,21.37,--,4,8548,买盘
320,14:31:36,21.37,--,1,2137,中性盘
321,14:31:30,21.37,--,55,117535,卖盘
322,14:31:27,21.37,--,16,34192,卖盘
323,14:31:24,21.37,0.01,20,42740,买盘
324,14:31:18,21.36,0.01,65,138840,买盘
325,14:31:15,21.35,--,31,66185,卖盘
326,14:31:12,21.35,--,117,249795,卖盘
327,14:31:09,21.35,0.01,83,177205,买盘
328,14:31:06,21.34,-0.01,25,53350,卖盘
329,14:30:54,21.35,--,62,133437,卖盘
330,14:30:48,21.35,-0.01,9,20282,卖盘
331,14:30:45,21.36,--,1,2136,买盘
332,14:30:36,21.36,--,3,6408,买盘
333,14:30:30,21.36,-0.01,16,34176,卖盘
334,14:30:27,21.37,0.01,10,21370,买盘
335,14:30:24,21.36,--,2,4272,卖盘
336,14:30:21,21.36,-0.01,30,64080,卖盘
337,14:30:18,21.37,0.01,25,53425,买盘
338,14:30:12,21.36,-0.01,1,2136,卖盘
339,14:30:06,21.37,--,8,17096,买盘
340,14:30:03,21.37,0.01,7,14959,买盘
341,14:30:00,21.36,--,1,2136,卖盘
342,14:29:54,21.36,--,1,2136,卖盘
343,14:29:51,21.36,--,21,44856,卖盘
344,14:29:48,21.36,--,1,2136,卖盘
345,14:29:42,21.36,0.01,46,98256,买盘
346,14:29:33,21.35,-0.01,6,12810,卖盘
347,14:29:27,21.36,--,6,12816,卖盘
348,14:29:24,21.36,--,10,21360,卖盘
349,14:29:15,21.36,--,17,36312,卖盘
350,14:29:12,21.36,--,10,21360,卖盘
351,14:29:09,21.36,--,8,17088,卖盘
352,14:29:06,21.36,-0.02,10,21360,卖盘
353,14:29:03,21.38,0.02,10,21380,买盘
354,14:28:57,21.36,-0.02,30,64080,卖盘
355,14:28:54,21.38,--,9,19242,买盘
356,14:28:51,21.38,--,21,44898,买盘
357,14:28:48,21.38,--,32,68950,卖盘
358,14:28:45,21.38,-0.02,26,55588,卖盘
359,14:28:42,21.4,--,20,42800,买盘
360,14:28:39,21.4,0.01,9,19260,中性盘
361,14:28:30,21.39,-0.01,100,213900,卖盘
362,14:28:27,21.4,-0.01,3,6420,卖盘
363,14:28:15,21.41,0.01,9,19269,卖盘
364,14:28:12,21.4,-0.01,181,387340,卖盘
365,14:28:06,21.41,-0.01,8,17128,卖盘
366,14:27:54,21.42,0.01,7,14994,买盘
367,14:27:51,21.41,--,28,59948,卖盘
368,14:27:48,21.41,-0.01,24,51384,卖盘
369,14:27:45,21.42,--,1,2142,卖盘
370,14:27:42,21.42,--,10,21420,卖盘
371,14:27:27,21.42,-0.01,11,23562,卖盘
372,14:27:24,21.43,0.01,2,4286,买盘
373,14:27:15,21.42,-0.01,5,10710,卖盘
374,14:27:12,21.43,-0.01,7,15001,卖盘
375,14:27:03,21.44,-0.01,1,2144,中性盘
376,14:26:45,21.45,0.02,3,6435,买盘
377,14:26:39,21.43,-0.02,1,2143,中性盘
378,14:26:18,21.45,--,4,8580,卖盘
379,14:26:09,21.45,--,6,12870,买盘
380,14:25:45,21.45,0.03,5,10725,买盘
381,14:25:24,21.42,-0.01,40,85680,卖盘
382,14:25:21,21.43,-0.02,1,2143,卖盘
383,14:24:57,21.45,--,2,4290,买盘
384,14:24:51,21.45,-0.01,125,268125,卖盘
385,14:24:33,21.46,--,1,2146,中性盘
386,14:24:27,21.46,-0.01,1,2146,卖盘
387,14:24:24,21.47,--,5,10735,买盘
388,14:24:18,21.47,0.02,5,10735,买盘
389,14:24:12,21.45,--,70,150150,卖盘
390,14:24:06,21.45,--,5,10725,卖盘
391,14:23:51,21.45,--,32,68640,卖盘
392,14:23:48,21.45,-0.02,261,559845,卖盘
393,14:23:45,21.47,--,6,12882,卖盘
394,14:23:42,21.47,--,2,4294,卖盘
395,14:23:39,21.47,--,5,10735,卖盘
396,14:23:30,21.47,--,4,8588,买盘
397,14:23:21,21.47,--,3,6441,卖盘
398,14:23:15,21.47,--,1,2147,卖盘
399,14:23:06,21.47,--,6,12882,中性盘
400,14:23:00,21.47,--,5,10735,卖盘
401,14:22:51,21.47,--,12,25764,卖盘
402,14:22:48,21.47,0.02,64,137408,买盘
403,14:22:39,21.45,--,9,19305,卖盘
404,14:22:36,21.45,--,11,23595,买盘
405,14:22:15,21.45,0.02,1,2145,买盘
406,14:21:54,21.43,--,23,49289,卖盘
407,14:21:51,21.43,--,2,4286,卖盘
408,14:21:45,21.43,0.01,14,30044,买盘
409,14:21:24,21.42,-0.01,13,27846,卖盘
410,14:21:18,21.43,0.01,2,4286,买盘
411,14:21:15,21.42,--,4,8568,卖盘
412,14:21:12,21.42,--,27,57834,卖盘
413,14:21:09,21.42,-0.01,12,25704,卖盘
414,14:21:06,21.43,0.01,58,124294,买盘
415,14:21:03,21.42,--,54,115668,卖盘
416,14:21:00,21.42,--,7,14994,卖盘
417,14:20:57,21.42,--,1,2142,卖盘
418,14:20:54,21.42,-0.01,49,104958,卖盘
419,14:20:51,21.43,0.01,2,4286,买盘
420,14:20:48,21.42,-0.01,2,4284,卖盘
421,14:20:30,21.43,--,8,19244,卖盘
422,14:20:24,21.43,--,6,12900,买盘
423,14:20:12,21.43,--,30,66390,卖盘
424,14:20:00,21.43,0.01,8,17186,买盘
425,14:19:57,21.42,-0.01,1,2142,卖盘
426,14:19:54,21.43,--,14,32102,卖盘
427,14:19:42,21.43,-0.01,4,8572,卖盘
428,14:19:33,21.44,-0.01,2,4288,中性盘
429,14:19:24,21.45,-0.01,29,62205,卖盘
430,14:19:21,21.46,0.01,11,23606,买盘
431,14:19:18,21.45,--,22,47190,卖盘
432,14:19:15,21.45,-0.01,39,83655,卖盘
433,14:19:12,21.46,0.01,15,32190,买盘
434,14:19:06,21.45,--,1,2145,卖盘
435,14:19:03,21.45,-0.01,3,6435,卖盘
436,14:18:42,21.46,--,16,34336,卖盘
437,14:18:36,21.46,-0.01,3,6438,卖盘
438,14:18:27,21.47,0.01,1,2147,买盘
439,14:18:21,21.46,-0.02,6,12876,卖盘
440,14:18:12,21.48,0.01,10,21480,买盘
441,14:17:54,21.47,-0.01,3,6441,卖盘
442,14:17:45,21.48,-0.01,75,162775,卖盘
443,14:17:39,21.49,--,1,2149,买盘
444,14:17:06,21.49,--,5,10745,买盘
445,14:16:45,21.49,0.01,11,23639,买盘
446,14:16:36,21.48,-0.01,1,2148,卖盘
447,14:16:18,21.49,--,5,10745,买盘
448,14:16:12,21.49,--,2,4298,买盘
449,14:15:54,21.49,--,3,6446,买盘
450,14:15:51,21.49,0.01,1,2149,买盘
451,14:15:42,21.48,--,10,21480,卖盘
452,14:15:36,21.48,0.01,221,475180,买盘
453,14:15:30,21.47,0.01,1,2147,卖盘
454,14:15:24,21.46,-0.01,1,2146,中性盘
455,14:14:24,21.47,0.02,12,25764,买盘
456,14:14:21,21.45,-0.01,10,21450,卖盘
457,14:14:15,21.46,0.01,10,21460,买盘
458,14:14:06,21.45,-0.01,1,2145,卖盘
459,14:14:03,21.46,--,4,8584,买盘
460,14:13:54,21.46,--,2,4292,买盘
461,14:13:27,21.46,-0.01,5,10730,卖盘
462,14:13:15,21.47,--,1,2147,买盘
463,14:13:12,21.47,0.01,3,6441,买盘
464,14:13:09,21.46,--,10,21460,卖盘
465,14:13:03,21.46,--,23,49358,买盘
466,14:12:39,21.46,0.03,1,2146,买盘
467,14:12:36,21.43,-0.03,14,30002,卖盘
468,14:12:18,21.46,--,30,64380,卖盘
469,14:12:15,21.46,--,2,4292,卖盘
470,14:12:12,21.46,0.01,9,19314,买盘
471,14:11:57,21.45,-0.01,2,4290,中性盘
472,14:11:48,21.46,0.01,39,83694,买盘
473,14:11:42,21.45,--,10,21450,卖盘
474,14:11:24,21.45,--,16,34320,买盘
475,14:11:21,21.45,0.01,4,8580,买盘
476,14:11:12,21.44,-0.01,5,10720,卖盘
477,14:11:00,21.45,0.01,22,47190,买盘
478,14:10:57,21.44,-0.02,2,4288,卖盘
479,14:10:24,21.46,0.01,3,6438,买盘
480,14:10:18,21.45,-0.01,3,6435,卖盘
481,14:10:09,21.46,-0.01,2,4292,卖盘
482,14:10:03,21.47,--,2,4294,买盘
483,14:09:57,21.47,-0.01,3,6441,卖盘
484,14:09:51,21.48,--,10,21480,买盘
485,14:09:48,21.48,--,5,10740,买盘
486,14:09:36,21.48,--,3,6444,买盘
487,14:09:24,21.48,--,20,42960,买盘
488,14:09:18,21.48,--,46,98808,买盘
489,14:08:57,21.48,--,16,34368,买盘
490,14:08:54,21.48,0.03,7,15036,买盘
491,14:08:51,21.45,--,3,6435,买盘
492,14:08:42,21.45,-0.03,63,136808,卖盘
493,14:08:39,21.48,0.01,26,55848,买盘
494,14:08:36,21.47,--,8,18958,买盘
495,14:08:24,21.47,0.02,3,6441,买盘
496,14:08:18,21.45,--,15,32175,卖盘
497,14:08:15,21.45,-0.02,1,2145,卖盘
498,14:08:09,21.47,0.02,1,2147,买盘
499,14:08:06,21.45,--,1,2145,卖盘
500,14:08:00,21.45,--,1,2981,卖盘
501,14:07:45,21.45,-0.02,10,21450,卖盘
502,14:07:39,21.47,0.01,25,53675,买盘
503,14:07:30,21.46,0.01,37,79402,买盘
504,14:07:27,21.45,--,10,21450,卖盘
505,14:07:06,21.45,-0.01,10,21450,卖盘
506,14:07:00,21.46,0.01,10,21460,买盘
507,14:06:51,21.45,--,3,6435,卖盘
508,14:06:45,21.45,--,12,25740,卖盘
509,14:06:24,21.45,--,38,81510,买盘
510,14:06:18,21.45,--,5,10725,买盘
511,14:06:15,21.45,0.01,2,4290,买盘
512,14:06:06,21.44,-0.01,4,8576,卖盘
513,14:06:03,21.45,--,2,4290,买盘
514,14:06:00,21.45,--,9,19305,买盘
515,14:05:42,21.45,--,10,21450,卖盘
516,14:05:39,21.45,--,6,12870,买盘
517,14:05:36,21.45,--,2,4290,买盘
518,14:05:30,21.45,0.01,1,2145,买盘
519,14:05:27,21.44,--,5,10720,卖盘
520,14:05:24,21.44,-0.01,12,25728,卖盘
521,14:05:21,21.45,0.01,1,2145,买盘
522,14:05:00,21.44,--,1,2144,卖盘
523,14:04:57,21.44,--,27,57888,买盘
524,14:04:54,21.44,--,5,10720,买盘
525,14:04:15,21.44,--,9,19296,买盘
526,14:04:09,21.44,--,1,2144,买盘
527,14:04:06,21.44,--,20,42880,买盘
528,14:03:54,21.44,--,3,6432,买盘
529,14:03:42,21.44,--,5,10720,买盘
530,14:03:24,21.44,0.01,3,6432,买盘
531,14:03:12,21.43,--,41,87905,买盘
532,14:03:09,21.43,--,5,10715,买盘
533,14:02:57,21.43,--,1,2143,买盘
534,14:02:48,21.43,0.02,33,70719,买盘
535,14:02:24,21.41,--,12,25692,卖盘
536,14:02:21,21.41,--,5,10705,卖盘
537,14:02:12,21.41,--,74,158434,买盘
538,14:02:09,21.41,--,10,21410,买盘
539,14:02:00,21.41,0.01,29,62089,买盘
540,14:01:57,21.4,-0.01,39,83460,卖盘
541,14:01:45,21.41,0.01,5,10705,买盘
542,14:01:42,21.4,-0.01,2,4280,卖盘
543,14:01:33,21.41,-0.01,87,186267,卖盘
544,14:01:27,21.42,--,4,8568,买盘
545,14:01:24,21.42,0.01,3,6426,买盘
546,14:01:09,21.41,--,10,21410,卖盘
547,14:01:00,21.41,-0.01,5,10705,卖盘
548,14:00:57,21.42,--,8,17136,买盘
549,14:00:48,21.42,0.01,3,6426,买盘
550,14:00:36,21.41,-0.01,2,4282,卖盘
551,14:00:33,21.42,0.01,20,42840,买盘
552,14:00:15,21.41,--,3,6423,卖盘
553,14:00:06,21.41,-0.02,9,19269,卖盘
554,13:59:51,21.43,0.02,8,17144,买盘
555,13:59:48,21.41,--,16,34256,卖盘
556,13:59:45,21.41,-0.01,6,12846,卖盘
557,13:59:39,21.42,0.01,2,4284,中性盘
558,13:59:30,21.41,-0.02,10,21410,卖盘
559,13:59:24,21.43,0.02,5,10715,买盘
560,13:59:18,21.41,-0.02,30,64230,卖盘
561,13:59:09,21.43,--,2,6386,卖盘
562,13:59:03,21.43,-0.01,6,12858,卖盘
563,13:58:57,21.44,--,1,2144,买盘
564,13:58:48,21.44,--,39,83616,卖盘
565,13:58:39,21.44,-0.01,93,199392,卖盘
566,13:58:30,21.45,--,2,4290,卖盘
567,13:58:27,21.45,-0.01,1,2145,卖盘
568,13:58:18,21.46,0.01,1,2146,买盘
569,13:58:15,21.45,--,3,6435,卖盘
570,13:58:12,21.45,--,6,12870,卖盘
571,13:58:00,21.45,-0.01,13,27885,卖盘
572,13:57:57,21.46,--,10,21460,买盘
573,13:57:54,21.46,0.01,1,2146,买盘
574,13:57:42,21.45,-0.01,22,47190,卖盘
575,13:57:39,21.46,0.01,1,2146,买盘
576,13:57:33,21.45,--,5,10725,卖盘
577,13:57:21,21.45,--,9,19305,卖盘
578,13:57:03,21.45,--,1,2145,买盘
579,13:56:48,21.45,--,10,21450,买盘
580,13:56:39,21.45,--,5,10725,买盘
581,13:56:33,21.45,--,15,32175,买盘
582,13:56:24,21.45,--,1,2145,买盘
583,13:56:09,21.45,-0.01,5,10725,买盘
584,13:56:00,21.46,0.01,5,10730,买盘
585,13:55:51,21.45,--,3,6435,卖盘
586,13:55:39,21.45,--,2,4290,卖盘
587,13:55:27,21.45,0.02,14,30030,中性盘
588,13:55:18,21.43,-0.02,197,422171,卖盘
589,13:55:12,21.45,--,44,94422,买盘
590,13:55:06,21.45,--,3,6435,买盘
591,13:55:03,21.45,--,5,10725,买盘
592,13:54:39,21.45,0.01,2,4290,买盘
593,13:54:33,21.44,--,1,2144,卖盘
594,13:54:18,21.44,-0.01,10,21440,卖盘
595,13:53:57,21.45,--,1,2145,买盘
596,13:53:54,21.45,--,2,4290,买盘
597,13:53:45,21.45,--,2,4290,买盘
598,13:53:33,21.45,-0.01,41,90047,卖盘
599,13:53:27,21.46,0.01,1,2146,买盘
600,13:53:21,21.45,-0.01,15,32175,卖盘
601,13:52:48,21.46,0.01,3,6438,买盘
602,13:52:42,21.45,-0.01,18,38610,卖盘
603,13:52:30,21.46,--,10,21460,买盘
604,13:52:27,21.46,--,4,8584,买盘
605,13:52:21,21.46,0.01,40,85840,买盘
606,13:52:12,21.45,-0.01,41,87987,卖盘
607,13:52:03,21.46,--,10,21460,买盘
608,13:51:42,21.46,--,56,120176,卖盘
609,13:51:15,21.46,--,5,10730,卖盘
610,13:51:12,21.46,-0.01,6,12876,卖盘
611,13:50:57,21.47,0.02,2,4294,买盘
612,13:50:39,21.45,--,1,2145,卖盘
613,13:50:36,21.45,--,18,38610,卖盘
614,13:50:30,21.45,-0.01,9,19305,卖盘
615,13:50:27,21.46,--,6,12876,买盘
616,13:50:03,21.46,0.02,1,2146,买盘
617,13:50:00,21.44,-0.01,44,94336,卖盘
618,13:49:57,21.45,--,6,12870,卖盘
619,13:49:51,21.45,--,44,94380,买盘
620,13:49:48,21.45,--,2,4290,买盘
621,13:49:42,21.45,--,11,23595,买盘
622,13:49:39,21.45,--,21,45045,买盘
623,13:49:36,21.45,0.01,24,51480,买盘
624,13:49:27,21.44,--,1,2144,中性盘
625,13:49:21,21.44,0.01,8,17152,买盘
626,13:49:15,21.43,0.03,2,4286,买盘
627,13:49:06,21.4,-0.01,193,414625,卖盘
628,13:49:03,21.41,--,145,310445,买盘
629,13:48:57,21.41,--,111,237651,买盘
630,13:48:54,21.41,--,43,92063,买盘
631,13:48:51,21.41,--,12,25692,买盘
632,13:48:48,21.41,0.01,12,25692,买盘
633,13:48:45,21.4,--,13,27819,卖盘
634,13:48:42,21.4,-0.01,5,10700,卖盘
635,13:48:36,21.41,--,1,2141,买盘
636,13:48:30,21.41,-0.03,222,475302,卖盘
637,13:48:27,21.44,-0.01,5,10720,卖盘
638,13:48:21,21.45,--,1,2145,买盘
639,13:48:03,21.45,-0.01,8,17160,卖盘
640,13:48:00,21.46,0.01,13,27898,买盘
641,13:47:57,21.45,--,10,21450,卖盘
642,13:47:51,21.45,-0.01,10,21450,卖盘
643,13:47:30,21.46,0.01,5,10730,买盘
644,13:47:27,21.45,-0.01,3,6435,卖盘
645,13:47:15,21.46,--,7,15022,买盘
646,13:47:12,21.46,--,13,27898,卖盘
647,13:47:09,21.46,--,3,6438,卖盘
648,13:47:06,21.46,-0.01,6,12876,卖盘
649,13:46:48,21.47,--,1,2147,买盘
650,13:46:42,21.47,--,9,19323,卖盘
651,13:46:39,21.47,--,1,2147,卖盘
652,13:46:36,21.47,-0.01,2,4294,卖盘
653,13:46:27,21.48,--,168,360864,买盘
654,13:46:24,21.48,0.02,1,2148,买盘
655,13:46:15,21.46,-0.02,3,6438,卖盘
656,13:46:12,21.48,0.02,100,214800,买盘
657,13:46:00,21.46,-0.01,69,148074,卖盘
658,13:45:57,21.47,-0.01,8,17176,卖盘
659,13:45:39,21.48,-0.01,2,4296,中性盘
660,13:45:27,21.49,0.01,6,12893,买盘
661,13:45:24,21.48,--,10,21480,卖盘
662,13:45:18,21.48,--,20,42960,中性盘
663,13:45:06,21.48,--,4,8592,买盘
664,13:45:03,21.48,0.02,14,30072,买盘
665,13:45:00,21.46,-0.01,64,137344,卖盘
666,13:44:54,21.47,--,2,4294,卖盘
667,13:44:48,21.47,--,21,45087,买盘
668,13:44:36,21.47,0.02,73,156731,买盘
669,13:44:33,21.45,-0.01,12,25740,卖盘
670,13:44:30,21.46,0.01,5,10730,买盘
671,13:44:24,21.45,--,4,8580,卖盘
672,13:44:21,21.45,--,4,8580,卖盘
673,13:44:18,21.45,0.02,59,126555,买盘
674,13:44:15,21.43,--,10,21430,卖盘
675,13:44:03,21.43,--,76,162868,买盘
676,13:43:57,21.43,--,1,2143,买盘
677,13:43:54,21.43,0.01,13,27859,买盘
678,13:43:51,21.42,-0.01,19,40698,中性盘
679,13:43:45,21.43,0.02,44,94292,买盘
680,13:43:42,21.41,-0.02,48,102768,卖盘
681,13:43:39,21.43,--,5,10715,买盘
682,13:43:30,21.43,0.02,1,2143,买盘
683,13:43:27,21.41,0.01,9,19269,买盘
684,13:43:24,21.4,-0.03,5,10700,卖盘
685,13:43:21,21.43,0.01,125,267875,买盘
686,13:43:15,21.42,--,6,12852,买盘
687,13:43:09,21.42,-0.01,10,21420,卖盘
688,13:43:06,21.43,0.01,1,2143,买盘
689,13:43:03,21.42,--,1,2142,卖盘
690,13:43:00,21.42,-0.02,5,10710,卖盘
691,13:42:57,21.44,0.01,10,21440,买盘
692,13:42:54,21.43,--,1,2143,买盘
693,13:42:51,21.43,-0.01,1,2143,中性盘
694,13:42:48,21.44,-0.01,5,10720,买盘
695,13:42:36,21.45,--,19,40755,卖盘
696,13:42:33,21.45,--,27,57915,卖盘
697,13:42:30,21.45,--,2,4290,卖盘
698,13:42:27,21.45,-0.01,8,17160,卖盘
699,13:42:18,21.46,--,3,6438,卖盘
700,13:42:15,21.46,--,16,34336,卖盘
701,13:42:12,21.46,--,12,25752,卖盘
702,13:42:09,21.46,-0.01,10,21460,卖盘
703,13:42:03,21.47,--,10,21470,卖盘
704,13:42:00,21.47,-0.01,8,17176,卖盘
705,13:41:54,21.48,-0.01,72,154656,卖盘
706,13:41:48,21.49,--,12,25787,卖盘
707,13:41:42,21.49,--,2,4298,卖盘
708,13:41:39,21.49,-0.01,11,23639,卖盘
709,13:41:36,21.5,--,199,427850,卖盘
710,13:41:33,21.5,--,18,38700,卖盘
711,13:41:30,21.5,--,106,227900,卖盘
712,13:41:27,21.5,--,99,212850,卖盘
713,13:41:24,21.5,--,2,4300,卖盘
714,13:41:18,21.5,--,4,8600,卖盘
715,13:41:15,21.5,-0.02,100,215000,卖盘
716,13:41:06,21.52,--,10,21520,卖盘
717,13:41:03,21.52,--,24,51648,卖盘
718,13:41:00,21.52,--,32,68864,卖盘
719,13:40:57,21.52,--,25,53800,卖盘
720,13:40:54,21.52,--,26,55952,卖盘
721,13:40:48,21.52,--,32,68864,卖盘
722,13:40:45,21.52,-0.01,2,4304,卖盘
723,13:40:39,21.53,0.01,10,21530,买盘
724,13:40:36,21.52,--,4,8608,卖盘
725,13:40:33,21.52,--,10,21520,卖盘
726,13:40:27,21.52,-0.01,13,27976,卖盘
727,13:40:24,21.53,--,1,2153,卖盘
728,13:40:21,21.53,--,2,4306,卖盘
729,13:40:18,21.53,--,8,17224,卖盘
730,13:40:12,21.53,--,2,4306,卖盘
731,13:40:09,21.53,--,57,122721,卖盘
732,13:40:06,21.53,-0.01,44,94732,卖盘
733,13:39:51,21.54,-0.01,5,10770,卖盘
734,13:39:48,21.55,--,1,2155,卖盘
735,13:39:24,21.55,--,1,2155,卖盘
736,13:39:21,21.55,--,3,6465,买盘
737,13:39:18,21.55,--,10,21550,买盘
738,13:38:54,21.55,--,4,8620,卖盘
739,13:38:51,21.55,--,1,2155,买盘
740,13:38:42,21.55,--,8,17240,卖盘
741,13:38:39,21.55,--,2,4310,卖盘
742,13:38:27,21.55,0.02,5,10775,买盘
743,13:38:24,21.53,-0.02,8,17224,卖盘
744,13:38:12,21.55,--,5,10775,买盘
745,13:38:06,21.55,--,13,28015,买盘
746,13:37:48,21.55,0.02,10,21550,买盘
747,13:37:33,21.53,--,10,21530,卖盘
748,13:37:06,21.53,--,156,335868,买盘
749,13:37:00,21.53,--,10,21530,买盘
750,13:36:48,21.53,--,10,21530,买盘
751,13:36:45,21.53,0.01,13,27989,买盘
752,13:36:36,21.52,--,3,6456,卖盘
753,13:36:27,21.52,--,3,6456,买盘
754,13:36:24,21.52,--,58,124816,买盘
755,13:36:21,21.52,--,2,4304,买盘
756,13:36:18,21.52,0.01,10,21520,买盘
757,13:36:00,21.51,--,2,4302,卖盘
758,13:35:54,21.51,--,4,8604,卖盘
759,13:35:51,21.51,--,5,10755,卖盘
760,13:35:45,21.51,--,2,4302,卖盘
761,13:35:42,21.51,--,2,4302,卖盘
762,13:35:36,21.51,-0.01,114,245214,卖盘
763,13:35:24,21.52,-0.01,3,6456,卖盘
764,13:35:09,21.53,-0.02,211,454283,卖盘
765,13:35:00,21.55,--,48,103440,卖盘
766,13:34:42,21.55,--,2,4310,卖盘
767,13:34:39,21.55,--,10,21550,卖盘
768,13:34:27,21.55,--,8,17240,卖盘
769,13:34:18,21.55,-0.01,10,21550,卖盘
770,13:34:03,21.56,--,14,30184,卖盘
771,13:33:51,21.56,--,30,64679,卖盘
772,13:33:42,21.56,--,20,43120,卖盘
773,13:33:39,21.56,--,29,62523,卖盘
774,13:33:30,21.56,-0.01,5,10780,卖盘
775,13:33:24,21.57,-0.01,19,40983,卖盘
776,13:33:00,21.58,--,2,4316,卖盘
777,13:32:30,21.58,--,20,43160,卖盘
778,13:32:18,21.58,--,6,12947,卖盘
779,13:31:57,21.58,--,8,17264,卖盘
780,13:31:51,21.58,--,12,25895,卖盘
781,13:31:27,21.58,-0.01,6,12947,卖盘
782,13:31:24,21.59,--,3,6477,卖盘
783,13:31:18,21.59,--,13,28067,卖盘
784,13:31:06,21.59,--,1,2159,卖盘
785,13:31:03,21.59,-0.01,5,10795,卖盘
786,13:30:45,21.6,--,3,6480,中性盘
787,13:30:21,21.6,--,30,64800,卖盘
788,13:30:15,21.6,--,3,6480,卖盘
789,13:30:00,21.6,--,3,6480,卖盘
790,13:29:27,21.6,-0.02,1,2160,卖盘
791,13:29:18,21.62,0.02,2,4324,买盘
792,13:29:00,21.6,-0.02,3,6480,卖盘
793,13:28:57,21.62,--,22,47564,卖盘
794,13:28:48,21.62,--,10,21620,卖盘
795,13:28:39,21.62,--,35,75670,卖盘
796,13:28:36,21.62,-0.01,10,21620,卖盘
797,13:28:33,21.63,--,3,6489,买盘
798,13:28:30,21.63,--,1,2163,买盘
799,13:28:18,21.63,--,1,2163,中性盘
800,13:28:00,21.63,--,4,8652,卖盘
801,13:27:57,21.63,--,30,64890,卖盘
802,13:27:42,21.63,--,11,23793,卖盘
803,13:27:36,21.63,--,6,12978,卖盘
804,13:27:24,21.63,--,10,21630,卖盘
805,13:27:12,21.63,--,40,86520,买盘
806,13:27:09,21.63,--,2,4326,买盘
807,13:27:00,21.63,--,1,2163,买盘
808,13:26:51,21.63,--,9,19467,买盘
809,13:26:42,21.63,--,2,4326,买盘
810,13:26:30,21.63,0.01,11,23793,买盘
811,13:26:12,21.62,0.03,46,99452,买盘
812,13:25:48,21.59,0.01,9,20380,买盘
813,13:25:42,21.58,--,10,21580,卖盘
814,13:25:36,21.58,--,10,21580,卖盘
815,13:25:33,21.58,--,8,17264,买盘
816,13:25:27,21.58,--,2,4316,买盘
817,13:25:15,21.58,--,20,43160,买盘
818,13:25:00,21.58,0.02,1,2158,中性盘
819,13:24:12,21.56,-0.03,1,2156,中性盘
820,13:24:06,21.59,--,1,2159,买盘
821,13:24:03,21.59,--,2,4318,买盘
822,13:23:57,21.59,0.02,17,36703,买盘
823,13:23:54,21.57,--,10,21570,买盘
824,13:23:51,21.57,-0.02,10,21570,卖盘
825,13:23:06,21.59,--,10,21590,买盘
826,13:23:03,21.59,--,10,21590,买盘
827,13:22:57,21.59,-0.01,34,74615,卖盘
828,13:22:54,21.6,--,1,2160,卖盘
829,13:22:48,21.6,0.01,29,62640,买盘
830,13:22:36,21.59,--,1,2159,卖盘
831,13:22:21,21.59,--,16,34544,卖盘
832,13:21:48,21.59,--,4,9585,买盘
833,13:21:33,21.59,--,2,4318,买盘
834,13:21:27,21.59,--,3,6477,买盘
835,13:21:15,21.59,0.02,5,10795,买盘
836,13:20:57,21.57,0.02,12,25884,中性盘
837,13:20:30,21.55,-0.01,5,10775,卖盘
838,13:20:27,21.56,--,5,10780,买盘
839,13:20:12,21.56,0.01,13,28028,买盘
840,13:20:09,21.55,--,13,28015,买盘
841,13:20:06,21.55,0.01,10,21550,买盘
842,13:19:57,21.54,--,1,2154,买盘
843,13:19:51,21.54,--,36,77544,买盘
844,13:19:48,21.54,0.01,1,2154,买盘
845,13:19:45,21.53,--,5,10765,卖盘
846,13:19:27,21.53,-0.01,10,21530,卖盘
847,13:18:48,21.54,--,3,6462,卖盘
848,13:18:36,21.54,-0.01,1,2154,卖盘
849,13:18:30,21.55,--,2,4310,卖盘
850,13:18:18,21.55,0.01,21,45255,买盘
851,13:18:12,21.54,--,1,2154,卖盘
852,13:18:03,21.54,-0.01,4,8616,卖盘
853,13:17:54,21.55,--,2,4310,买盘
854,13:17:36,21.55,0.01,4,8620,买盘
855,13:17:33,21.54,-0.01,3,6462,卖盘
856,13:17:30,21.55,--,10,21550,买盘
857,13:17:24,21.55,--,8,17240,买盘
858,13:17:09,21.55,--,8,17240,买盘
859,13:16:27,21.55,--,1,2155,买盘
860,13:16:24,21.55,0.01,1,2155,买盘
861,13:16:18,21.54,-0.01,2,4308,中性盘
862,13:16:09,21.55,--,12,25860,买盘
863,13:15:48,21.55,--,10,21550,买盘
864,13:15:45,21.55,0.02,2,4310,买盘
865,13:15:15,21.53,--,2,4306,卖盘
866,13:15:12,21.53,--,5,10765,卖盘
867,13:15:09,21.53,--,2,4306,卖盘
868,13:15:06,21.53,--,2,4306,买盘
869,13:15:03,21.53,--,5,10765,买盘
870,13:14:54,21.53,--,1,2153,买盘
871,13:14:51,21.53,--,10,21530,买盘
872,13:14:48,21.53,--,2,4306,卖盘
873,13:14:06,21.53,0.01,14,30142,买盘
874,13:14:03,21.52,--,7,15064,卖盘
875,13:14:00,21.52,-0.01,10,21520,卖盘
876,13:13:57,21.53,0.01,1,2153,买盘
877,13:13:51,21.52,-0.01,105,225960,卖盘
878,13:13:36,21.53,--,20,43060,卖盘
879,13:13:00,21.53,-0.02,2,4306,卖盘
880,13:12:54,21.55,--,2,4310,买盘
881,13:12:51,21.55,--,5,10775,买盘
882,13:12:45,21.55,--,8,17240,卖盘
883,13:12:24,21.55,--,2,4310,买盘
884,13:12:21,21.55,0.02,5,10775,买盘
885,13:12:12,21.53,-0.02,5,10765,中性盘
886,13:12:03,21.55,--,5,10775,买盘
887,13:11:57,21.55,--,8,17240,买盘
888,13:11:48,21.55,--,8,17240,买盘
889,13:11:39,21.55,--,5,10775,买盘
890,13:11:33,21.55,-0.01,10,21550,买盘
891,13:11:21,21.56,0.03,10,21560,买盘
892,13:11:15,21.53,-0.02,60,129180,卖盘
893,13:11:09,21.55,0.02,1,2155,中性盘
894,13:10:36,21.53,-0.02,10,21530,卖盘
895,13:10:33,21.55,--,4,8620,买盘
896,13:10:21,21.55,0.01,18,38790,买盘
897,13:10:12,21.54,--,7,15078,卖盘
898,13:10:00,21.54,--,1,2154,买盘
899,13:09:36,21.54,0.01,1,2154,买盘
900,13:09:24,21.53,--,4,8612,卖盘
901,13:09:21,21.53,--,13,27989,卖盘
902,13:09:09,21.53,--,17,36601,卖盘
903,13:09:06,21.53,--,70,150710,卖盘
904,13:08:48,21.53,--,1,2153,卖盘
905,13:08:42,21.53,-0.01,40,86120,卖盘
906,13:08:39,21.54,-0.01,2,4308,卖盘
907,13:08:30,21.55,--,6,12930,卖盘
908,13:08:27,21.55,--,13,28015,卖盘
909,13:08:21,21.55,--,4,8620,卖盘
910,13:08:15,21.55,--,50,107750,卖盘
911,13:08:09,21.55,--,30,64650,卖盘
912,13:07:54,21.55,--,7,15085,卖盘
913,13:07:45,21.55,-0.02,16,34480,卖盘
914,13:07:33,21.57,--,8,17256,卖盘
915,13:07:30,21.57,--,4,8628,卖盘
916,13:07:27,21.57,--,6,12942,卖盘
917,13:07:18,21.57,-0.02,5,10785,卖盘
918,13:07:15,21.59,0.02,1,2159,买盘
919,13:07:12,21.57,-0.01,25,53925,卖盘
920,13:07:00,21.58,--,10,21580,买盘
921,13:06:54,21.58,--,20,43160,卖盘
922,13:06:51,21.58,--,10,21580,卖盘
923,13:06:42,21.58,--,24,51791,卖盘
924,13:06:36,21.58,--,8,17264,卖盘
925,13:06:33,21.58,--,2,4316,卖盘
926,13:06:30,21.58,--,20,43160,卖盘
927,13:06:21,21.58,-0.01,70,151060,卖盘
928,13:06:12,21.59,0.01,5,10795,买盘
929,13:06:06,21.58,-0.01,1,2158,卖盘
930,13:05:48,21.59,0.01,3,6477,买盘
931,13:05:45,21.58,-0.01,5,10790,卖盘
932,13:05:39,21.59,--,7,15113,买盘
933,13:05:30,21.59,--,4,8636,买盘
934,13:05:18,21.59,0.01,10,21590,买盘
935,13:04:45,21.58,--,1,2158,买盘
936,13:04:33,21.58,--,1,2158,买盘
937,13:04:00,21.58,--,98,211483,卖盘
938,13:03:39,21.58,-0.01,3,6473,卖盘
939,13:03:06,21.59,--,38,83251,卖盘
940,13:03:03,21.59,--,11,23749,卖盘
941,13:02:57,21.59,-0.01,15,32385,卖盘
942,13:02:45,21.6,--,2,4320,买盘
943,13:02:42,21.6,--,2,4320,买盘
944,13:02:30,21.6,-0.02,51,110160,卖盘
945,13:02:12,21.62,--,2,4324,买盘
946,13:02:09,21.62,--,27,58374,卖盘
947,13:01:54,21.62,--,2,4324,卖盘
948,13:01:48,21.62,0.02,15,32430,买盘
949,13:01:09,21.6,--,1,2160,卖盘
950,13:00:48,21.6,0.01,10,21600,买盘
951,13:00:45,21.59,--,6,12954,卖盘
952,13:00:42,21.59,--,6,12954,卖盘
953,13:00:39,21.59,--,5,10795,卖盘
954,13:00:27,21.59,--,1,2159,卖盘
955,13:00:03,21.59,--,297,642172,买盘
956,13:00:00,21.59,--,0,0,买盘
957,11:30:00,21.59,--,0,0,买盘
958,11:29:36,21.59,0.01,33,71247,买盘
959,11:29:12,21.58,-0.01,1,2158,卖盘
960,11:29:00,21.59,0.01,4,8636,买盘
961,11:28:48,21.58,--,2,4316,中性盘
962,11:28:03,21.58,0.01,3,6473,买盘
963,11:28:00,21.57,0.01,102,220014,买盘
964,11:27:57,21.56,--,3,6468,卖盘
965,11:27:54,21.56,-0.01,40,86240,卖盘
966,11:27:48,21.57,--,1,2157,买盘
967,11:27:33,21.57,--,1,2157,买盘
968,11:27:30,21.57,0.01,36,77652,买盘
969,11:27:12,21.56,-0.01,1,2156,卖盘
970,11:27:09,21.57,--,1,2157,买盘
971,11:26:48,21.57,0.01,3,6471,买盘
972,11:26:42,21.56,--,1,2156,卖盘
973,11:26:24,21.56,--,3,6468,卖盘
974,11:26:03,21.56,--,10,21560,卖盘
975,11:25:51,21.56,--,7,15092,卖盘
976,11:25:30,21.56,--,2,4312,卖盘
977,11:25:24,21.56,-0.01,4,8624,卖盘
978,11:25:06,21.57,--,4,8628,卖盘
979,11:25:03,21.57,--,2,4314,卖盘
980,11:25:00,21.57,--,4,8628,卖盘
981,11:24:57,21.57,-0.03,3,6471,卖盘
982,11:24:48,21.6,0.02,15,32400,买盘
983,11:24:36,21.58,--,2,4316,买盘
984,11:24:09,21.58,--,6,12947,卖盘
985,11:24:03,21.58,--,2,4316,卖盘
986,11:23:48,21.58,-0.01,7,15105,卖盘
987,11:23:39,21.59,--,11,23749,买盘
988,11:23:18,21.59,--,2,4318,买盘
989,11:23:12,21.59,--,2,4318,买盘
990,11:22:54,21.59,--,5,10795,买盘
991,11:22:51,21.59,-0.04,164,354076,卖盘
992,11:22:36,21.63,--,5,10815,买盘
993,11:21:45,21.63,--,5,10815,买盘
994,11:21:06,21.63,--,3,6489,买盘
995,11:21:03,21.63,-0.02,2,4326,卖盘
996,11:20:15,21.65,0.01,9,19485,买盘
997,11:20:09,21.64,-0.01,10,21640,卖盘
998,11:19:54,21.65,0.01,1,2165,买盘
999,11:19:45,21.64,0.01,6,12984,买盘
1000,11:19:36,21.63,-0.01,30,64890,卖盘
1001,11:18:45,21.64,--,10,21640,买盘
1002,11:18:36,21.64,--,1,2164,卖盘
1003,11:18:24,21.64,0.01,23,49772,买盘
1004,11:18:21,21.63,-0.01,5,10815,卖盘
1005,11:18:09,21.64,0.01,2,4328,买盘
1006,11:17:39,21.63,-0.01,6,12978,中性盘
1007,11:16:51,21.64,0.04,1,2164,买盘
1008,11:16:42,21.6,--,10,21600,卖盘
1009,11:16:36,21.6,--,5,10800,卖盘
1010,11:16:21,21.6,--,2,4320,卖盘
1011,11:16:12,21.6,--,17,36720,卖盘
1012,11:16:06,21.6,--,6,12960,卖盘
1013,11:15:48,21.6,--,40,86400,卖盘
1014,11:15:36,21.6,--,3,6480,买盘
1015,11:15:18,21.6,--,7,15120,卖盘
1016,11:15:15,21.6,--,1,2160,卖盘
1017,11:15:12,21.6,--,2,4320,卖盘
1018,11:15:03,21.6,--,31,66960,卖盘
1019,11:14:45,21.6,--,23,49680,卖盘
1020,11:14:27,21.6,-0.01,17,36720,卖盘
1021,11:14:24,21.61,0.01,2,4322,卖盘
1022,11:13:57,21.6,-0.01,37,79920,卖盘
1023,11:13:54,21.61,0.01,40,86440,买盘
1024,11:13:39,21.6,--,13,28080,买盘
1025,11:13:03,21.6,0.02,50,108000,买盘
1026,11:12:27,21.58,-0.01,1,2158,买盘
1027,11:12:24,21.59,--,2,4318,中性盘
1028,11:11:39,21.59,--,5,10795,买盘
1029,11:11:33,21.59,0.02,11,23749,买盘
1030,11:11:24,21.57,--,20,43140,卖盘
1031,11:11:18,21.57,--,7,15099,卖盘
1032,11:11:12,21.57,-0.02,2,4314,卖盘
1033,11:11:09,21.59,0.02,2,4318,买盘
1034,11:10:45,21.57,-0.02,2,4314,卖盘
1035,11:10:42,21.59,-0.01,4,8636,卖盘
1036,11:10:39,21.6,0.01,4,8640,买盘
1037,11:10:36,21.59,-0.01,9,19431,卖盘
1038,11:10:30,21.6,-0.01,37,79920,卖盘
1039,11:10:24,21.61,0.01,2,4322,买盘
1040,11:09:54,21.6,--,1,2160,买盘
1041,11:09:42,21.6,--,13,28080,买盘
1042,11:09:36,21.6,--,13,28080,买盘
1043,11:09:30,21.6,--,2,4320,买盘
1044,11:09:27,21.6,--,5,10800,买盘
1045,11:09:24,21.6,0.01,1,2160,买盘
1046,11:09:09,21.59,-0.01,4,8636,卖盘
1047,11:09:06,21.6,--,2,4320,买盘
1048,11:09:00,21.6,--,5,10800,买盘
1049,11:08:57,21.6,--,5,10800,买盘
1050,11:08:54,21.6,0.01,39,84240,买盘
1051,11:08:51,21.59,-0.01,10,21590,卖盘
1052,11:08:42,21.6,0.01,103,222480,买盘
1053,11:08:30,21.59,0.02,60,129540,买盘
1054,11:08:06,21.57,--,9,19413,卖盘
1055,11:07:42,21.57,-0.02,12,25884,卖盘
1056,11:07:39,21.59,--,10,21590,买盘
1057,11:07:24,21.59,--,2,4318,买盘
1058,11:07:15,21.59,-0.01,1,2159,卖盘
1059,11:07:09,21.6,0.01,5,10800,买盘
1060,11:06:57,21.59,--,5,10795,卖盘
1061,11:06:33,21.59,--,1,2159,买盘
1062,11:06:09,21.59,--,2,4318,中性盘
1063,11:05:57,21.59,--,5,10795,卖盘
1064,11:05:54,21.59,--,7,15113,卖盘
1065,11:05:51,21.59,-0.01,10,21590,卖盘
1066,11:05:42,21.6,0.01,1,2160,买盘
1067,11:05:36,21.59,--,51,110109,买盘
1068,11:05:12,21.59,0.02,6,12954,买盘
1069,11:05:03,21.57,-0.02,5,10785,卖盘
1070,11:04:27,21.59,--,12,25908,买盘
1071,11:04:03,21.59,0.01,20,43180,买盘
1072,11:04:00,21.58,0.01,4,8632,中性盘
1073,11:03:51,21.57,-0.01,1,2157,卖盘
1074,11:03:24,21.58,--,3,6473,买盘
1075,11:03:18,21.58,--,4,8632,买盘
1076,11:03:09,21.58,0.01,9,19422,买盘
1077,11:03:03,21.57,--,26,56082,买盘
1078,11:02:54,21.57,0.02,6,12942,买盘
1079,11:02:48,21.55,-0.01,18,38790,中性盘
1080,11:02:42,21.56,0.01,18,38808,买盘
1081,11:02:39,21.55,--,2,4310,卖盘
1082,11:02:33,21.55,--,10,21550,卖盘
1083,11:02:24,21.55,0.02,33,71115,买盘
1084,11:02:21,21.53,--,1,2153,卖盘
1085,11:02:03,21.53,--,30,64590,卖盘
1086,11:02:00,21.53,--,1,2153,卖盘
1087,11:01:54,21.53,-0.01,68,146404,卖盘
1088,11:01:39,21.54,--,6,12924,买盘
1089,11:01:33,21.54,--,31,66774,卖盘
1090,11:01:30,21.54,--,7,15078,卖盘
1091,11:01:27,21.54,-0.01,10,21540,卖盘
1092,11:01:21,21.55,--,23,49565,卖盘
1093,11:01:12,21.55,--,2,4310,卖盘
1094,11:01:09,21.55,--,21,45255,卖盘
1095,11:01:06,21.55,--,9,19395,卖盘
1096,11:01:03,21.55,--,10,21550,卖盘
1097,11:01:00,21.55,--,7,15085,卖盘
1098,11:00:57,21.55,-0.01,2,4310,卖盘
1099,11:00:51,21.56,0.01,7,15092,买盘
1100,11:00:48,21.55,--,3,6465,卖盘
1101,11:00:39,21.55,--,3,6465,卖盘
1102,11:00:36,21.55,-0.01,12,25860,卖盘
1103,11:00:27,21.56,--,20,43120,卖盘
1104,11:00:24,21.56,-0.01,7,15092,卖盘
1105,11:00:18,21.57,0.01,4,8628,买盘
1106,11:00:15,21.56,--,4,8624,卖盘
1107,11:00:12,21.56,-0.01,10,21560,卖盘
1108,11:00:00,21.57,0.01,4,8628,买盘
1109,10:59:30,21.56,--,2,4312,卖盘
1110,10:59:21,21.56,-0.01,2,4312,卖盘
1111,10:59:06,21.57,0.01,2,4314,买盘
1112,10:58:42,21.56,0.01,7,15092,买盘
1113,10:58:36,21.55,-0.01,10,21550,卖盘
1114,10:58:21,21.56,-0.01,12,25872,卖盘
1115,10:57:57,21.57,-0.01,20,43140,卖盘
1116,10:57:54,21.58,--,1,2158,买盘
1117,10:57:51,21.58,--,9,19422,买盘
1118,10:57:39,21.58,--,10,21580,买盘
1119,10:57:36,21.58,--,8,17264,买盘
1120,10:57:33,21.58,0.01,7,15105,买盘
1121,10:57:27,21.57,--,20,43140,卖盘
1122,10:57:06,21.57,--,6,12942,买盘
1123,10:57:03,21.57,--,8,17256,买盘
1124,10:57:00,21.57,--,17,36669,买盘
1125,10:56:54,21.57,0.02,8,17256,买盘
1126,10:56:51,21.55,-0.02,2,4310,卖盘
1127,10:56:45,21.57,0.02,33,71181,买盘
1128,10:56:27,21.55,--,4,8620,买盘
1129,10:56:21,21.55,--,6,12930,买盘
1130,10:56:18,21.55,--,17,36635,买盘
1131,10:56:12,21.55,0.02,7,15085,买盘
1132,10:56:09,21.53,--,5,10765,卖盘
1133,10:56:06,21.53,-0.02,5,10765,卖盘
1134,10:56:03,21.55,0.02,1,2155,买盘
1135,10:55:54,21.53,--,2,4306,卖盘
1136,10:55:39,21.53,0.01,79,170087,买盘
1137,10:55:33,21.52,--,5,10760,卖盘
1138,10:55:30,21.52,--,6,12912,卖盘
1139,10:55:27,21.52,--,32,68864,卖盘
1140,10:55:24,21.52,--,15,32280,卖盘
1141,10:55:21,21.52,-0.01,18,38736,卖盘
1142,10:55:18,21.53,--,10,21530,买盘
1143,10:55:15,21.53,--,2,4306,买盘
1144,10:55:06,21.53,-0.02,49,105497,卖盘
1145,10:55:03,21.55,--,26,56030,卖盘
1146,10:55:00,21.55,--,4,8620,卖盘
1147,10:54:57,21.55,--,5,10775,卖盘
1148,10:54:54,21.55,-0.02,2,4310,卖盘
1149,10:54:51,21.57,--,1,2157,买盘
1150,10:54:48,21.57,0.02,33,71181,买盘
1151,10:54:42,21.55,-0.02,5,10775,卖盘
1152,10:54:33,21.57,--,2,4314,买盘
1153,10:54:30,21.57,-0.01,2,4314,卖盘
1154,10:54:18,21.58,-0.02,8,17264,卖盘
1155,10:54:15,21.6,--,26,56160,买盘
1156,10:54:12,21.6,--,4,8640,买盘
1157,10:54:06,21.6,--,89,192240,卖盘
1158,10:54:03,21.6,--,14,30240,卖盘
1159,10:54:00,21.6,--,40,86400,卖盘
1160,10:53:57,21.6,-0.01,6,12960,卖盘
1161,10:53:54,21.61,0.01,3,6483,买盘
1162,10:53:51,21.6,--,24,51840,卖盘
1163,10:53:48,21.6,-0.01,10,21600,卖盘
1164,10:53:42,21.61,--,9,19449,卖盘
1165,10:53:39,21.61,-0.01,3,6483,卖盘
1166,10:53:33,21.62,--,5,10810,买盘
1167,10:53:30,21.62,--,42,90804,卖盘
1168,10:53:27,21.62,--,13,28106,卖盘
1169,10:53:24,21.62,-0.01,35,75670,卖盘
1170,10:53:15,21.63,-0.01,2,4326,卖盘
1171,10:53:12,21.64,--,70,151480,卖盘
1172,10:53:09,21.64,--,50,108200,卖盘
1173,10:53:00,21.64,--,5,10820,卖盘
1174,10:52:51,21.64,-0.02,12,25968,卖盘
1175,10:52:48,21.66,0.01,17,36822,买盘
1176,10:52:45,21.65,--,4,8660,卖盘
1177,10:52:39,21.65,--,3,6495,卖盘
1178,10:52:36,21.65,-0.01,22,47630,卖盘
1179,10:52:33,21.66,--,10,21660,卖盘
1180,10:52:27,21.66,-0.01,60,129960,卖盘
1181,10:52:21,21.67,0.01,33,71511,买盘
1182,10:52:18,21.66,--,21,45486,卖盘
1183,10:52:12,21.66,--,5,10830,卖盘
1184,10:52:09,21.66,--,3,6498,卖盘
1185,10:51:51,21.66,0.01,5,10830,中性盘
1186,10:51:45,21.65,--,3,6495,卖盘
1187,10:51:39,21.65,--,43,93095,卖盘
1188,10:51:33,21.65,-0.02,5,10825,卖盘
1189,10:51:21,21.67,--,22,47674,买盘
1190,10:50:54,21.67,--,9,19503,卖盘
1191,10:50:48,21.67,--,1,2167,卖盘
1192,10:50:36,21.67,--,1,2167,卖盘
1193,10:50:30,21.67,--,3,6501,卖盘
1194,10:49:57,21.67,-0.01,10,21670,卖盘
1195,10:49:54,21.68,0.01,21,45528,买盘
1196,10:49:51,21.67,-0.01,30,65010,卖盘
1197,10:49:48,21.68,--,8,17344,买盘
1198,10:49:18,21.68,--,1,2168,卖盘
1199,10:49:12,21.68,--,18,39024,卖盘
1200,10:49:09,21.68,--,20,43360,卖盘
1201,10:48:45,21.68,-0.01,8,17344,卖盘
1202,10:48:36,21.69,--,1,2169,卖盘
1203,10:48:27,21.69,-0.01,1,2169,卖盘
1204,10:48:18,21.7,-0.01,10,21700,卖盘
1205,10:48:09,21.71,--,4,8684,卖盘
1206,10:48:03,21.71,0.01,50,108550,买盘
1207,10:47:57,21.7,--,2,4340,卖盘
1208,10:47:54,21.7,--,8,17360,卖盘
1209,10:47:48,21.7,--,10,21700,卖盘
1210,10:47:45,21.7,--,15,32550,卖盘
1211,10:47:33,21.7,--,1,2170,卖盘
1212,10:47:30,21.7,-0.01,22,47740,卖盘
1213,10:47:27,21.71,--,20,43420,买盘
1214,10:47:24,21.71,--,1,2171,买盘
1215,10:47:12,21.71,--,58,125918,卖盘
1216,10:46:54,21.71,--,1,2171,卖盘
1217,10:46:48,21.71,-0.01,46,99866,卖盘
1218,10:46:45,21.72,--,2,4344,买盘
1219,10:46:39,21.72,--,11,23892,买盘
1220,10:46:36,21.72,0.01,15,32580,买盘
1221,10:46:33,21.71,-0.01,7,15197,卖盘
1222,10:46:30,21.72,0.01,1,2172,买盘
1223,10:46:27,21.71,--,20,43420,卖盘
1224,10:46:24,21.71,--,4,8684,卖盘
1225,10:46:18,21.71,--,12,26052,卖盘
1226,10:46:15,21.71,--,6,13026,卖盘
1227,10:46:03,21.71,--,2,4342,卖盘
1228,10:46:00,21.71,0.01,18,39078,买盘
1229,10:45:51,21.7,--,5,10850,卖盘
1230,10:45:45,21.7,-0.02,29,62930,卖盘
1231,10:45:12,21.72,0.01,24,52128,买盘
1232,10:45:06,21.71,--,2,4342,卖盘
1233,10:44:57,21.71,--,1,2171,卖盘
1234,10:44:51,21.71,--,1,2171,卖盘
1235,10:44:36,21.71,-0.02,1,2171,卖盘
1236,10:44:33,21.73,0.03,6,13038,买盘
1237,10:44:24,21.7,--,20,43400,卖盘
1238,10:44:21,21.7,-0.01,96,208320,卖盘
1239,10:44:15,21.71,0.01,1,2171,买盘
1240,10:44:09,21.7,-0.01,50,108500,卖盘
1241,10:44:03,21.71,--,7,15197,买盘
1242,10:43:57,21.71,0.01,4,8684,买盘
1243,10:43:39,21.7,0.05,85,184450,买盘
1244,10:43:30,21.65,-0.03,22,47630,卖盘
1245,10:43:24,21.68,--,26,56368,买盘
1246,10:43:12,21.68,0.03,12,26016,买盘
1247,10:42:57,21.65,-0.03,1,2165,卖盘
1248,10:42:54,21.68,0.04,5,10840,买盘
1249,10:42:33,21.64,-0.01,53,114692,卖盘
1250,10:42:27,21.65,--,7,15154,卖盘
1251,10:42:24,21.65,--,7,15154,买盘
1252,10:42:21,21.65,--,12,25980,买盘
1253,10:42:15,21.65,--,21,45465,买盘
1254,10:42:09,21.65,--,1,2165,买盘
1255,10:42:06,21.65,0.01,14,30309,买盘
1256,10:42:03,21.64,--,10,21640,卖盘
1257,10:41:45,21.64,-0.01,2,4328,卖盘
1258,10:41:39,21.65,--,3,6495,买盘
1259,10:41:36,21.65,--,1,2165,买盘
1260,10:41:33,21.65,--,1,2165,买盘
1261,10:41:24,21.65,--,2,4330,买盘
1262,10:41:21,21.65,--,4,8660,买盘
1263,10:41:15,21.65,--,4,8660,买盘
1264,10:41:06,21.65,--,13,28144,买盘
1265,10:41:00,21.65,--,5,10825,买盘
1266,10:40:51,21.65,--,2,4330,买盘
1267,10:40:39,21.65,0.01,10,21650,买盘
1268,10:40:21,21.64,0.01,15,32460,买盘
1269,10:40:18,21.63,--,4,8652,卖盘
1270,10:40:15,21.63,--,20,43260,卖盘
1271,10:40:12,21.63,--,4,8652,卖盘
1272,10:40:06,21.63,--,2,4326,卖盘
1273,10:40:03,21.63,--,17,36771,卖盘
1274,10:40:00,21.63,-0.01,12,25956,卖盘
1275,10:39:48,21.64,-0.01,6,12984,卖盘
1276,10:39:42,21.65,0.01,1,2165,中性盘
1277,10:39:30,21.64,-0.01,6,12984,卖盘
1278,10:39:21,21.65,--,10,21650,买盘
1279,10:39:18,21.65,--,13,28144,买盘
1280,10:39:03,21.65,--,10,21650,买盘
1281,10:38:57,21.65,0.01,5,10825,买盘
1282,10:38:54,21.64,0.01,5,10820,中性盘
1283,10:38:36,21.63,--,1,2163,卖盘
1284,10:38:30,21.63,-0.03,6,12978,卖盘
1285,10:38:27,21.66,--,14,30324,买盘
1286,10:38:18,21.66,--,8,17328,买盘
1287,10:38:15,21.66,0.01,16,34656,买盘
1288,10:38:12,21.65,--,9,19485,卖盘
1289,10:38:09,21.65,-0.01,6,12990,卖盘
1290,10:37:54,21.66,0.01,55,119130,买盘
1291,10:37:51,21.65,--,10,21650,卖盘
1292,10:37:45,21.65,-0.01,5,10825,卖盘
1293,10:37:42,21.66,--,3,6498,买盘
1294,10:37:36,21.66,--,6,12996,买盘
1295,10:37:27,21.66,0.01,5,10830,买盘
1296,10:37:15,21.65,--,5,10825,卖盘
1297,10:37:12,21.65,-0.01,5,10825,卖盘
1298,10:37:09,21.66,--,1,2166,买盘
1299,10:37:06,21.66,0.01,2,4332,买盘
1300,10:37:00,21.65,-0.01,4,8660,卖盘
1301,10:36:42,21.66,--,4,9985,卖盘
1302,10:36:39,21.66,--,8,17328,卖盘
1303,10:36:36,21.66,--,7,15162,卖盘
1304,10:36:33,21.66,--,15,32490,卖盘
1305,10:36:27,21.66,--,10,21660,卖盘
1306,10:36:24,21.66,--,11,23826,卖盘
1307,10:36:21,21.66,--,4,8664,卖盘
1308,10:36:15,21.66,--,1,2166,卖盘
1309,10:36:09,21.66,--,1,3010,卖盘
1310,10:36:06,21.66,-0.01,10,21660,卖盘
1311,10:35:57,21.67,--,3,6501,卖盘
1312,10:35:54,21.67,-0.01,10,21670,卖盘
1313,10:35:51,21.68,--,10,21680,买盘
1314,10:35:39,21.68,--,11,23848,卖盘
1315,10:35:36,21.68,--,3,6504,卖盘
1316,10:35:33,21.68,--,32,69376,卖盘
1317,10:35:30,21.68,--,10,21680,卖盘
1318,10:35:15,21.68,--,24,52032,卖盘
1319,10:35:12,21.68,--,3,6504,卖盘
1320,10:35:06,21.68,--,7,15176,卖盘
1321,10:35:03,21.68,-0.01,10,21680,卖盘
1322,10:34:48,21.69,0.01,1,2169,中性盘
1323,10:34:30,21.68,-0.01,42,91056,卖盘
1324,10:34:24,21.69,-0.01,1,2169,卖盘
1325,10:34:21,21.7,0.01,3,6510,买盘
1326,10:34:18,21.69,--,6,13014,卖盘
1327,10:34:15,21.69,-0.01,5,10845,卖盘
1328,10:34:12,21.7,0.01,7,15190,买盘
1329,10:34:09,21.69,-0.01,18,39042,卖盘
1330,10:33:57,21.7,--,5,10850,买盘
1331,10:33:54,21.7,--,20,43400,买盘
1332,10:33:48,21.7,--,15,32550,买盘
1333,10:33:36,21.7,-0.02,46,99820,卖盘
1334,10:33:33,21.72,0.01,3,6516,卖盘
1335,10:33:30,21.71,-0.01,7,15197,买盘
1336,10:33:24,21.72,--,7,15204,卖盘
1337,10:33:18,21.72,0.02,25,54300,买盘
1338,10:33:15,21.7,--,21,45570,卖盘
1339,10:33:12,21.7,-0.02,10,21700,卖盘
1340,10:33:09,21.72,0.02,3,6516,买盘
1341,10:33:03,21.7,-0.01,8,17360,卖盘
1342,10:33:00,21.71,-0.01,28,60788,中性盘
1343,10:32:48,21.72,-0.01,4,8688,中性盘
1344,10:32:39,21.73,0.01,13,28249,买盘
1345,10:32:36,21.72,--,2,4344,卖盘
1346,10:32:33,21.72,--,8,17376,卖盘
1347,10:32:27,21.72,-0.01,16,34752,卖盘
1348,10:32:21,21.73,--,17,36941,买盘
1349,10:32:18,21.73,0.01,10,21730,买盘
1350,10:32:15,21.72,-0.01,3,6516,卖盘
1351,10:32:03,21.73,--,23,49979,买盘
1352,10:31:51,21.73,0.01,28,60844,买盘
1353,10:31:48,21.72,-0.01,101,219372,卖盘
1354,10:31:42,21.73,--,1,2173,卖盘
1355,10:31:39,21.73,-0.01,10,21730,卖盘
1356,10:31:33,21.74,0.01,2,4348,买盘
1357,10:31:30,21.73,--,3,6519,卖盘
1358,10:31:15,21.73,--,13,28249,卖盘
1359,10:31:09,21.73,--,16,34768,卖盘
1360,10:31:03,21.73,0.01,10,21730,买盘
1361,10:31:00,21.72,--,15,32580,卖盘
1362,10:30:54,21.72,--,4,8688,卖盘
1363,10:30:48,21.72,--,4,8688,卖盘
1364,10:30:45,21.72,--,13,28236,卖盘
1365,10:30:42,21.72,--,5,10860,卖盘
1366,10:30:39,21.72,--,54,117288,卖盘
1367,10:30:36,21.72,0.02,12,26064,买盘
1368,10:30:33,21.7,--,77,167090,卖盘
1369,10:30:30,21.7,-0.02,9,19530,卖盘
1370,10:30:27,21.72,--,5,10860,买盘
1371,10:30:24,21.72,--,2,4344,买盘
1372,10:30:15,21.72,0.02,2,4344,买盘
1373,10:30:12,21.7,-0.02,2,4340,卖盘
1374,10:30:06,21.72,--,6,13032,中性盘
1375,10:30:00,21.72,--,4,8688,买盘
1376,10:29:57,21.72,--,17,36924,卖盘
1377,10:29:54,21.72,-0.03,10,21720,卖盘
1378,10:29:51,21.75,--,2,4350,买盘
1379,10:29:42,21.75,-0.01,2,4350,卖盘
1380,10:29:39,21.76,--,2,4352,卖盘
1381,10:29:36,21.76,0.01,10,21760,卖盘
1382,10:29:33,21.75,-0.01,22,47850,卖盘
1383,10:29:30,21.76,-0.01,8,17408,中性盘
1384,10:29:27,21.77,0.02,7,15239,买盘
1385,10:29:24,21.75,--,2,4350,卖盘
1386,10:29:18,21.75,--,34,73950,卖盘
1387,10:29:12,21.75,--,3,6525,卖盘
1388,10:29:09,21.75,--,6,13050,卖盘
1389,10:28:57,21.75,--,10,21750,卖盘
1390,10:28:42,21.75,0.02,77,167475,买盘
1391,10:28:36,21.73,--,2,4346,卖盘
1392,10:28:33,21.73,--,12,26076,卖盘
1393,10:28:30,21.73,0.01,4,8692,买盘
1394,10:28:27,21.72,--,17,36924,买盘
1395,10:28:18,21.72,0.01,3,6516,买盘
1396,10:28:15,21.71,--,3,6513,买盘
1397,10:28:12,21.71,-0.02,5,10855,卖盘
1398,10:28:03,21.73,0.01,3,6519,买盘
1399,10:27:57,21.72,-0.01,10,21720,卖盘
1400,10:27:51,21.73,0.01,4,8692,买盘
1401,10:27:48,21.72,--,5,10860,卖盘
1402,10:27:36,21.72,--,1,2172,买盘
1403,10:27:24,21.72,0.01,2,4344,买盘
1404,10:27:18,21.71,0.01,2,4342,买盘
1405,10:27:15,21.7,--,32,69440,买盘
1406,10:27:12,21.7,--,27,58590,买盘
1407,10:27:09,21.7,0.01,1,2170,买盘
1408,10:27:06,21.69,-0.01,2,4338,卖盘
1409,10:27:03,21.7,--,17,36890,买盘
1410,10:27:00,21.7,--,284,616280,买盘
1411,10:26:51,21.7,0.01,3,6510,买盘
1412,10:26:48,21.69,--,1,2169,卖盘
1413,10:26:42,21.69,--,6,13014,买盘
1414,10:26:39,21.69,--,30,65070,买盘
1415,10:26:36,21.69,0.01,6,13014,买盘
1416,10:26:21,21.68,--,6,13008,买盘
1417,10:26:15,21.68,0.01,63,136584,买盘
1418,10:26:09,21.67,-0.01,10,21670,卖盘
1419,10:26:06,21.68,--,5,10840,买盘
1420,10:26:00,21.68,--,8,17344,卖盘
1421,10:25:57,21.68,--,2,4336,买盘
1422,10:25:39,21.68,--,10,21680,买盘
1423,10:25:36,21.68,0.01,7,15176,买盘
1424,10:25:27,21.67,--,5,10835,中性盘
1425,10:25:18,21.67,--,5,10835,卖盘
1426,10:25:06,21.67,0.01,5,10835,买盘
1427,10:25:03,21.66,-0.01,2,4332,卖盘
1428,10:25:00,21.67,--,38,82346,买盘
1429,10:24:54,21.67,--,4,8668,买盘
1430,10:24:42,21.67,0.01,10,21670,买盘
1431,10:24:39,21.66,0.01,10,21660,买盘
1432,10:24:30,21.65,--,7,15154,卖盘
1433,10:24:27,21.65,-0.01,1,2165,卖盘
1434,10:24:18,21.66,0.01,10,21660,买盘
1435,10:24:15,21.65,-0.01,11,23815,卖盘
1436,10:24:12,21.66,0.01,1,2166,买盘
1437,10:23:57,21.65,-0.01,10,21650,卖盘
1438,10:23:54,21.66,--,10,21660,卖盘
1439,10:23:45,21.66,--,1,2166,卖盘
1440,10:23:42,21.66,-0.01,4,8664,卖盘
1441,10:23:39,21.67,--,3,6501,买盘
1442,10:23:36,21.67,--,20,43340,买盘
1443,10:23:33,21.67,0.01,7,15169,买盘
1444,10:23:30,21.66,-0.01,2,4332,卖盘
1445,10:23:21,21.67,0.01,6,13002,买盘
1446,10:23:18,21.66,-0.01,1,2166,卖盘
1447,10:23:15,21.67,--,49,106183,卖盘
1448,10:23:09,21.67,-0.03,7,15169,卖盘
1449,10:22:51,21.7,0.03,129,279930,买盘
1450,10:22:48,21.67,-0.01,20,43340,卖盘
1451,10:22:42,21.68,--,14,30352,买盘
1452,10:22:30,21.68,0.01,10,21680,买盘
1453,10:22:24,21.67,-0.01,21,45507,卖盘
1454,10:22:21,21.68,--,5,10840,买盘
1455,10:22:15,21.68,--,1,2168,买盘
1456,10:22:09,21.68,-0.01,19,41192,卖盘
1457,10:22:03,21.69,0.01,5,10845,买盘
1458,10:21:57,21.68,-0.02,2,4336,卖盘
1459,10:21:42,21.7,--,69,149730,买盘
1460,10:21:36,21.7,--,5,10850,买盘
1461,10:21:33,21.7,0.01,10,21700,买盘
1462,10:21:30,21.69,-0.01,10,21690,卖盘
1463,10:21:27,21.7,-0.01,85,184450,卖盘
1464,10:21:21,21.71,--,5,10855,买盘
1465,10:21:18,21.71,--,4,8684,买盘
1466,10:21:12,21.71,--,5,10855,买盘
1467,10:21:03,21.71,--,14,30394,买盘
1468,10:21:00,21.71,-0.01,4,8684,卖盘
1469,10:20:54,21.72,--,7,15204,买盘
1470,10:20:48,21.72,0.01,1,2172,买盘
1471,10:20:45,21.71,-0.01,3,6513,卖盘
1472,10:20:42,21.72,-0.01,28,62054,卖盘
1473,10:20:39,21.73,0.01,6,13038,买盘
1474,10:20:36,21.72,--,5,10860,卖盘
1475,10:20:33,21.72,0.01,12,26997,买盘
1476,10:20:30,21.71,--,10,22947,卖盘
1477,10:20:27,21.71,-0.01,5,10855,卖盘
1478,10:20:24,21.72,--,10,21720,买盘
1479,10:20:21,21.72,-0.01,8,17376,买盘
1480,10:20:18,21.73,0.01,20,43460,买盘
1481,10:20:15,21.72,0.01,3,6516,买盘
1482,10:20:09,21.71,-0.01,41,89011,卖盘
1483,10:20:06,21.72,--,56,121632,卖盘
1484,10:20:00,21.72,0.01,80,174693,买盘
1485,10:19:57,21.71,--,21,46828,卖盘
1486,10:19:54,21.71,--,10,21710,卖盘
1487,10:19:48,21.71,0.01,102,222375,买盘
1488,10:19:45,21.7,--,19,42466,卖盘
1489,10:19:42,21.7,--,10,21700,卖盘
1490,10:19:36,21.7,0.02,70,152833,买盘
1491,10:19:33,21.68,-0.01,16,34688,卖盘
1492,10:19:30,21.69,--,6,13014,买盘
1493,10:19:27,21.69,--,5,10845,买盘
1494,10:19:24,21.69,--,5,10845,买盘
1495,10:19:21,21.69,--,20,43380,买盘
1496,10:19:15,21.69,--,7,15183,买盘
1497,10:19:09,21.69,--,5,10845,卖盘
1498,10:19:06,21.69,--,5,10845,卖盘
1499,10:19:00,21.69,0.01,3,6507,中性盘
1500,10:18:57,21.68,--,11,23848,卖盘
1501,10:18:51,21.68,--,3,6504,卖盘
1502,10:18:48,21.68,-0.01,15,32520,卖盘
1503,10:18:45,21.69,0.01,13,28197,买盘
1504,10:18:33,21.68,-0.01,10,21680,卖盘
1505,10:18:30,21.69,0.01,10,21690,买盘
1506,10:18:27,21.68,--,1,2168,买盘
1507,10:18:21,21.68,-0.01,3,6504,中性盘
1508,10:18:18,21.69,--,18,39042,中性盘
1509,10:18:03,21.69,-0.01,10,21690,卖盘
1510,10:18:00,21.7,0.01,6,13020,买盘
1511,10:17:57,21.69,--,1,2169,买盘
1512,10:17:54,21.69,-0.02,1,3405,卖盘
1513,10:17:51,21.71,--,6,13026,买盘
1514,10:17:48,21.71,0.02,17,36907,中性盘
1515,10:17:33,21.69,-0.01,9,19521,卖盘
1516,10:17:27,21.7,--,5,10850,卖盘
1517,10:17:21,21.7,0.01,43,93310,买盘
1518,10:17:18,21.69,--,2,4338,卖盘
1519,10:17:15,21.69,--,8,17352,卖盘
1520,10:17:12,21.69,--,9,19521,卖盘
1521,10:16:54,21.69,-0.01,56,121464,卖盘
1522,10:16:51,21.7,--,15,32550,卖盘
1523,10:16:39,21.7,0.01,122,265673,买盘
1524,10:16:36,21.69,--,2,4338,买盘
1525,10:16:33,21.69,0.03,10,21690,买盘
1526,10:16:30,21.66,-0.03,13,28158,卖盘
1527,10:16:21,21.69,--,10,21690,买盘
1528,10:16:18,21.69,--,13,28197,买盘
1529,10:16:15,21.69,--,21,45549,买盘
1530,10:16:09,21.69,--,20,43380,买盘
1531,10:16:06,21.69,-0.01,20,43380,卖盘
1532,10:16:03,21.7,0.01,5,10850,买盘
1533,10:15:57,21.69,-0.01,20,43380,卖盘
1534,10:15:51,21.7,--,66,144456,卖盘
1535,10:15:48,21.7,--,5,11783,卖盘
1536,10:15:45,21.7,-0.03,4,8680,卖盘
1537,10:15:42,21.73,-0.01,7,15211,卖盘
1538,10:15:39,21.74,-0.01,2,4348,买盘
1539,10:15:36,21.75,--,20,43500,买盘
1540,10:15:33,21.75,--,51,110925,卖盘
1541,10:15:30,21.75,-0.01,12,26100,卖盘
1542,10:15:24,21.76,-0.01,178,387328,卖盘
1543,10:15:21,21.77,-0.02,102,222054,卖盘
1544,10:15:18,21.79,0.03,1,2179,买盘
1545,10:15:15,21.76,-0.04,80,174080,卖盘
1546,10:15:12,21.8,-0.02,20,43600,卖盘
1547,10:15:09,21.82,0.02,25,54550,买盘
1548,10:15:06,21.8,--,23,50140,卖盘
1549,10:15:03,21.8,-0.02,27,58860,卖盘
1550,10:15:00,21.82,0.06,18,39276,买盘
1551,10:14:57,21.76,-0.06,20,43520,卖盘
1552,10:14:54,21.82,0.03,95,207290,买盘
1553,10:14:51,21.79,0.02,199,433621,买盘
1554,10:14:48,21.77,--,12,26124,买盘
1555,10:14:42,21.77,0.02,3,6531,买盘
1556,10:14:39,21.75,-0.02,5,10875,中性盘
1557,10:14:36,21.77,0.02,251,546427,买盘
1558,10:14:33,21.75,--,1,2175,买盘
1559,10:14:30,21.75,--,48,104400,买盘
1560,10:14:27,21.75,--,16,34800,卖盘
1561,10:14:24,21.75,-0.02,12,26100,卖盘
1562,10:14:21,21.77,--,7,15239,买盘
1563,10:14:18,21.77,0.02,11,23947,买盘
1564,10:14:15,21.75,--,26,56550,买盘
1565,10:14:12,21.75,--,27,58725,卖盘
1566,10:14:06,21.75,--,2,4350,卖盘
1567,10:14:03,21.75,--,21,45675,卖盘
1568,10:14:00,21.75,0.02,112,243600,买盘
1569,10:13:57,21.73,--,10,21730,买盘
1570,10:13:54,21.73,--,110,239030,卖盘
1571,10:13:51,21.73,-0.02,33,71709,卖盘
1572,10:13:48,21.75,--,1,2175,买盘
1573,10:13:45,21.75,--,8,17400,买盘
1574,10:13:42,21.75,-0.02,23,50025,卖盘
1575,10:13:39,21.77,--,9,19593,买盘
1576,10:13:36,21.77,--,2,4354,买盘
1577,10:13:33,21.77,--,65,141505,买盘
1578,10:13:30,21.77,--,31,67487,卖盘
1579,10:13:27,21.77,--,40,87080,卖盘
1580,10:13:24,21.77,-0.02,14,30478,卖盘
1581,10:13:21,21.79,--,155,337745,中性盘
1582,10:13:18,21.79,--,30,65370,卖盘
1583,10:13:15,21.79,-0.04,61,132919,卖盘
1584,10:13:12,21.83,--,41,89503,买盘
1585,10:13:09,21.83,0.01,178,388573,买盘
1586,10:13:06,21.82,-0.01,78,170196,卖盘
1587,10:13:03,21.83,-0.02,131,285973,卖盘
1588,10:13:00,21.85,--,4,8740,买盘
1589,10:12:57,21.85,--,18,39330,买盘
1590,10:12:54,21.85,0.02,44,96140,中性盘
1591,10:12:51,21.83,--,1,2183,卖盘
1592,10:12:48,21.83,0.01,67,146261,买盘
1593,10:12:45,21.82,0.02,58,126556,买盘
1594,10:12:42,21.8,--,155,337900,买盘
1595,10:12:39,21.8,--,20,43600,买盘
1596,10:12:36,21.8,0.03,183,398940,买盘
1597,10:12:33,21.77,0.04,130,283010,买盘
1598,10:12:27,21.73,--,10,21730,卖盘
1599,10:12:24,21.73,0.03,81,176013,买盘
1600,10:12:21,21.7,0.01,28,60760,买盘
1601,10:12:18,21.69,--,96,208224,买盘
1602,10:12:15,21.69,0.06,30,65070,买盘
1603,10:12:12,21.63,-0.03,3,6489,卖盘
1604,10:12:09,21.66,0.05,178,386544,买盘
1605,10:12:06,21.61,0.01,318,687198,买盘
1606,10:12:03,21.6,0.03,300,648000,买盘
1607,10:12:00,21.57,0.03,209,450813,买盘
1608,10:11:51,21.54,0.03,10,21540,买盘
1609,10:11:36,21.51,-0.03,30,64530,卖盘
1610,10:11:33,21.54,--,9,19386,买盘
1611,10:11:30,21.54,--,2,4308,买盘
1612,10:11:21,21.54,0.03,10,21540,买盘
1613,10:11:18,21.51,-0.03,20,43020,卖盘
1614,10:11:09,21.54,0.02,8,17232,买盘
1615,10:10:54,21.52,--,2,4304,卖盘
1616,10:10:45,21.52,0.01,4,8608,买盘
1617,10:10:30,21.51,-0.01,5,10755,卖盘
1618,10:10:27,21.52,0.01,5,10760,买盘
1619,10:10:21,21.51,-0.01,4,8604,卖盘
1620,10:10:15,21.52,--,1,2152,买盘
1621,10:10:03,21.52,0.01,8,17216,买盘
1622,10:09:51,21.51,--,13,27963,买盘
1623,10:09:45,21.51,0.01,1,2151,买盘
1624,10:09:42,21.5,--,1,2150,卖盘
1625,10:09:33,21.5,--,43,92450,买盘
1626,10:09:30,21.5,--,10,21500,买盘
1627,10:09:27,21.5,--,16,34400,买盘
1628,10:09:15,21.5,--,6,12900,买盘
1629,10:09:09,21.5,--,10,21500,买盘
1630,10:09:00,21.5,--,23,49450,买盘
1631,10:08:48,21.5,--,48,103200,卖盘
1632,10:08:42,21.5,--,3,6450,卖盘
1633,10:08:24,21.5,--,5,10750,卖盘
1634,10:08:18,21.5,0.02,58,124700,买盘
1635,10:08:12,21.48,-0.02,31,66588,卖盘
1636,10:08:00,21.5,--,30,64500,买盘
1637,10:07:54,21.5,0.01,4,8600,买盘
1638,10:07:45,21.49,-0.01,2,4298,卖盘
1639,10:07:42,21.5,--,4,8600,买盘
1640,10:07:33,21.5,--,2,4300,买盘
1641,10:07:30,21.5,--,211,453650,卖盘
1642,10:07:24,21.5,-0.01,8,17200,卖盘
1643,10:07:12,21.51,--,46,98946,卖盘
1644,10:07:09,21.51,--,4,8604,卖盘
1645,10:07:06,21.51,-0.03,5,10755,卖盘
1646,10:06:33,21.54,--,10,21540,买盘
1647,10:06:30,21.54,--,26,57942,卖盘
1648,10:06:27,21.54,--,27,58158,卖盘
1649,10:06:15,21.54,0.02,57,122778,买盘
1650,10:06:12,21.52,-0.02,2,4304,卖盘
1651,10:06:03,21.54,0.02,5,10770,买盘
1652,10:06:00,21.52,-0.02,5,10760,卖盘
1653,10:05:48,21.54,--,3,6462,卖盘
1654,10:05:42,21.54,--,2,4308,买盘
1655,10:05:39,21.54,--,7,15078,中性盘
1656,10:05:30,21.54,0.01,6,12924,买盘
1657,10:05:27,21.53,-0.01,4,8612,卖盘
1658,10:05:21,21.54,0.01,17,36618,买盘
1659,10:05:18,21.53,-0.01,5,10765,卖盘
1660,10:05:15,21.54,--,7,15078,买盘
1661,10:05:12,21.54,--,2,4308,买盘
1662,10:05:09,21.54,--,6,12924,买盘
1663,10:04:48,21.54,-0.01,28,60312,卖盘
1664,10:04:45,21.55,--,11,23705,买盘
1665,10:04:39,21.55,--,5,10775,买盘
1666,10:04:36,21.55,--,18,38790,卖盘
1667,10:04:30,21.55,--,5,10775,卖盘
1668,10:04:27,21.55,0.01,2,4310,买盘
1669,10:04:24,21.54,-0.01,4,8616,卖盘
1670,10:04:06,21.55,--,9,19395,买盘
1671,10:04:03,21.55,--,5,10775,买盘
1672,10:03:54,21.55,--,11,23705,买盘
1673,10:03:48,21.55,--,24,51720,买盘
1674,10:03:39,21.55,--,9,19395,买盘
1675,10:03:30,21.55,0.01,1,2155,中性盘
1676,10:03:27,21.54,-0.01,15,32310,卖盘
1677,10:03:21,21.55,0.01,1,2155,买盘
1678,10:03:15,21.54,-0.01,5,10770,中性盘
1679,10:03:00,21.55,0.02,10,21550,买盘
1680,10:02:42,21.53,--,1,2153,卖盘
1681,10:02:36,21.53,0.01,11,23683,中性盘
1682,10:02:18,21.52,--,16,34647,买盘
1683,10:02:09,21.52,--,5,10760,买盘
1684,10:02:06,21.52,0.02,21,45192,买盘
1685,10:02:03,21.5,-0.02,2,4300,卖盘
1686,10:01:57,21.52,0.02,8,17216,买盘
1687,10:01:51,21.5,-0.02,5,10750,中性盘
1688,10:01:39,21.52,0.02,17,36584,买盘
1689,10:01:33,21.5,-0.02,110,238435,卖盘
1690,10:01:24,21.52,--,102,219504,卖盘
1691,10:01:21,21.52,0.01,13,28191,买盘
1692,10:01:09,21.51,-0.01,1,2151,买盘
1693,10:01:03,21.52,0.01,11,23672,买盘
1694,10:01:00,21.51,--,38,81738,卖盘
1695,10:00:57,21.51,--,10,21510,卖盘
1696,10:00:54,21.51,--,5,10755,卖盘
1697,10:00:48,21.51,-0.01,13,27963,卖盘
1698,10:00:45,21.52,--,5,10760,买盘
1699,10:00:39,21.52,--,1,2152,买盘
1700,10:00:24,21.52,-0.03,283,610952,卖盘
1701,10:00:21,21.55,--,12,25860,买盘
1702,10:00:09,21.55,--,2,4310,买盘
1703,10:00:06,21.55,--,2,4310,买盘
1704,10:00:03,21.55,0.02,3,6465,买盘
1705,10:00:00,21.53,--,12,25836,卖盘
1706,09:59:57,21.53,-0.02,1,2153,卖盘
1707,09:59:54,21.55,--,3,6465,买盘
1708,09:59:45,21.55,-0.02,1,2155,卖盘
1709,09:59:42,21.57,0.02,17,36669,买盘
1710,09:59:36,21.55,--,1,2155,卖盘
1711,09:59:33,21.55,-0.02,15,32325,卖盘
1712,09:59:30,21.57,0.02,9,19413,买盘
1713,09:59:27,21.55,--,5,10775,卖盘
1714,09:59:21,21.55,-0.02,6,12930,卖盘
1715,09:59:18,21.57,0.02,10,21570,买盘
1716,09:59:15,21.55,-0.02,7,15085,卖盘
1717,09:59:12,21.57,--,3,6471,买盘
1718,09:59:06,21.57,-0.01,85,183345,卖盘
1719,09:59:03,21.58,--,18,38844,买盘
1720,09:59:00,21.58,0.01,15,32369,买盘
1721,09:58:57,21.57,-0.01,1,2157,卖盘
1722,09:58:48,21.58,--,7,15105,买盘
1723,09:58:42,21.58,-0.01,36,77688,卖盘
1724,09:58:39,21.59,0.01,27,58293,买盘
1725,09:58:36,21.58,-0.01,13,28053,卖盘
1726,09:58:33,21.59,--,53,114427,买盘
1727,09:58:30,21.59,--,16,34544,买盘
1728,09:58:24,21.59,--,23,49657,买盘
1729,09:58:18,21.59,--,4,8636,买盘
1730,09:58:15,21.59,--,9,19431,卖盘
1731,09:58:12,21.59,--,8,17272,卖盘
1732,09:58:06,21.59,--,39,84201,卖盘
1733,09:58:03,21.59,-0.01,1,2159,卖盘
1734,09:58:00,21.6,0.01,19,41040,买盘
1735,09:57:57,21.59,-0.01,10,21590,中性盘
1736,09:57:51,21.6,0.01,32,69120,买盘
1737,09:57:48,21.59,--,10,22971,卖盘
1738,09:57:42,21.59,--,15,32385,卖盘
1739,09:57:39,21.59,--,7,16322,卖盘
1740,09:57:36,21.59,-0.01,2,4318,卖盘
1741,09:57:33,21.6,0.01,55,118800,买盘
1742,09:57:30,21.59,--,20,43180,卖盘
1743,09:57:21,21.59,--,36,79451,买盘
1744,09:57:18,21.59,--,26,56134,买盘
1745,09:57:15,21.59,0.01,6,12954,买盘
1746,09:57:12,21.58,-0.01,13,28053,卖盘
1747,09:57:09,21.59,--,120,259080,买盘
1748,09:57:06,21.59,0.01,2,4318,买盘
1749,09:57:00,21.58,--,13,28053,买盘
1750,09:56:57,21.58,--,33,71214,卖盘
1751,09:56:48,21.58,--,6,12947,买盘
1752,09:56:45,21.58,0.01,38,82004,买盘
1753,09:56:42,21.57,--,27,58239,卖盘
1754,09:56:39,21.57,-0.01,2,4314,卖盘
1755,09:56:36,21.58,0.01,2,4316,买盘
1756,09:56:33,21.57,-0.01,2,4314,卖盘
1757,09:56:27,21.58,--,22,47475,买盘
1758,09:56:24,21.58,--,11,23737,卖盘
1759,09:56:21,21.58,-0.01,10,21580,卖盘
1760,09:56:18,21.59,0.01,2,4318,买盘
1761,09:56:15,21.58,-0.01,9,19422,买盘
1762,09:56:12,21.59,0.02,40,86360,买盘
1763,09:56:00,21.57,--,5,10785,卖盘
1764,09:55:54,21.57,-0.01,15,32355,卖盘
1765,09:55:51,21.58,0.01,10,21580,买盘
1766,09:55:48,21.57,--,18,38826,买盘
1767,09:55:45,21.57,--,3,6471,买盘
1768,09:55:36,21.57,--,4,8628,买盘
1769,09:55:33,21.57,--,2,4314,买盘
1770,09:55:30,21.57,--,6,12942,买盘
1771,09:55:27,21.57,--,55,118635,买盘
1772,09:55:24,21.57,--,3,6471,买盘
1773,09:55:12,21.57,0.02,8,17256,买盘
1774,09:55:06,21.55,-0.01,79,170245,中性盘
1775,09:54:57,21.56,0.04,20,43120,买盘
1776,09:54:51,21.52,--,15,32280,卖盘
1777,09:54:39,21.52,0.01,24,51863,买盘
1778,09:54:36,21.51,-0.01,3,6453,卖盘
1779,09:54:33,21.52,--,22,47344,买盘
1780,09:54:30,21.52,--,51,109752,买盘
1781,09:54:27,21.52,--,6,12912,买盘
1782,09:54:24,21.52,--,67,144184,买盘
1783,09:54:21,21.52,--,4,8608,买盘
1784,09:54:18,21.52,--,1,2152,买盘
1785,09:54:15,21.52,--,21,45192,买盘
1786,09:54:12,21.52,--,51,109752,买盘
1787,09:54:09,21.52,--,2,4304,买盘
1788,09:54:06,21.52,--,11,23672,买盘
1789,09:54:03,21.52,--,10,21520,买盘
1790,09:54:00,21.52,--,2,4304,买盘
1791,09:53:57,21.52,--,32,68864,买盘
1792,09:53:51,21.52,-0.04,232,501200,卖盘
1793,09:53:48,21.56,--,15,32339,买盘
1794,09:53:36,21.56,-0.03,76,163856,卖盘
1795,09:53:33,21.59,0.03,149,321691,买盘
1796,09:53:27,21.56,-0.02,12,25872,卖盘
1797,09:53:24,21.58,0.01,14,30211,买盘
1798,09:53:18,21.57,--,6,12942,买盘
1799,09:53:09,21.57,0.01,81,174717,买盘
1800,09:53:06,21.56,-0.01,13,28028,卖盘
1801,09:53:03,21.57,--,13,28041,买盘
1802,09:53:00,21.57,0.01,2,4314,买盘
1803,09:52:57,21.56,--,15,32339,买盘
1804,09:52:54,21.56,0.01,10,21560,中性盘
1805,09:52:51,21.55,-0.01,14,30170,卖盘
1806,09:52:48,21.56,0.01,7,15092,买盘
1807,09:52:42,21.55,-0.01,1,2155,卖盘
1808,09:52:39,21.56,0.01,4,8624,买盘
1809,09:52:36,21.55,--,6,12930,买盘
1810,09:52:33,21.55,--,1,2155,买盘
1811,09:52:30,21.55,--,16,34480,买盘
1812,09:52:21,21.55,0.01,2,4310,买盘
1813,09:52:18,21.54,--,7,15078,卖盘
1814,09:52:15,21.54,0.01,70,150995,买盘
1815,09:52:12,21.53,--,24,51672,买盘
1816,09:52:09,21.53,--,5,10765,买盘
1817,09:52:06,21.53,--,7,15071,买盘
1818,09:52:00,21.53,0.01,10,21530,买盘
1819,09:51:54,21.52,--,14,30128,买盘
1820,09:51:51,21.52,0.01,8,17216,买盘
1821,09:51:45,21.51,--,5,10755,卖盘
1822,09:51:42,21.51,0.01,103,221553,买盘
1823,09:51:39,21.5,--,50,107500,买盘
1824,09:51:36,21.5,--,106,227900,买盘
1825,09:51:33,21.5,0.01,127,273050,买盘
1826,09:51:30,21.49,-0.01,14,30085,卖盘
1827,09:51:27,21.5,--,22,47300,买盘
1828,09:51:24,21.5,--,184,395600,买盘
1829,09:51:21,21.5,--,55,118250,买盘
1830,09:51:18,21.5,--,29,62350,买盘
1831,09:51:12,21.5,--,5,10750,买盘
1832,09:51:09,21.5,--,93,199950,买盘
1833,09:51:06,21.5,--,12,25800,买盘
1834,09:51:03,21.5,--,2,4300,买盘
1835,09:51:00,21.5,--,2,4300,买盘
1836,09:50:54,21.5,--,4,8600,买盘
1837,09:50:51,21.5,0.02,10,21500,买盘
1838,09:50:48,21.48,--,19,40812,卖盘
1839,09:50:42,21.48,-0.02,4,8592,卖盘
1840,09:50:36,21.5,0.01,12,25800,买盘
1841,09:50:30,21.49,0.01,10,21490,买盘
1842,09:50:24,21.48,-0.02,5,10740,卖盘
1843,09:50:15,21.5,0.02,7,15050,买盘
1844,09:50:06,21.48,--,1,2148,卖盘
1845,09:50:00,21.48,--,16,34368,卖盘
1846,09:49:57,21.48,-0.02,10,21480,卖盘
1847,09:49:54,21.5,--,30,64500,买盘
1848,09:49:51,21.5,0.01,65,139750,买盘
1849,09:49:48,21.49,--,3,6446,买盘
1850,09:49:42,21.49,--,16,34384,卖盘
1851,09:49:39,21.49,-0.01,5,10745,卖盘
1852,09:49:36,21.5,0.01,7,15050,买盘
1853,09:49:30,21.49,-0.01,4,8596,卖盘
1854,09:49:27,21.5,0.01,10,21500,买盘
1855,09:49:21,21.49,-0.01,14,30085,卖盘
1856,09:49:18,21.5,--,2,4300,卖盘
1857,09:49:15,21.5,--,4,8600,买盘
1858,09:49:12,21.5,--,10,21500,卖盘
1859,09:49:09,21.5,--,40,86000,卖盘
1860,09:49:06,21.5,--,18,38700,卖盘
1861,09:49:03,21.5,--,57,122550,卖盘
1862,09:49:00,21.5,--,13,27950,卖盘
1863,09:48:57,21.5,--,5,10750,卖盘
1864,09:48:54,21.5,--,59,126850,卖盘
1865,09:48:48,21.5,--,3,6450,卖盘
1866,09:48:45,21.5,-0.01,32,68800,卖盘
1867,09:48:39,21.51,0.01,82,176382,买盘
1868,09:48:36,21.5,--,1,2150,卖盘
1869,09:48:27,21.5,-0.01,3,6450,卖盘
1870,09:48:21,21.51,0.01,5,10755,买盘
1871,09:48:18,21.5,-0.01,5,10750,卖盘
1872,09:48:15,21.51,--,26,55926,买盘
1873,09:48:12,21.51,0.01,86,184986,买盘
1874,09:48:09,21.5,--,10,21500,卖盘
1875,09:48:03,21.5,--,50,107500,卖盘
1876,09:48:00,21.5,-0.01,34,73100,卖盘
1877,09:47:57,21.51,--,24,51624,买盘
1878,09:47:54,21.51,0.01,3,6453,买盘
1879,09:47:51,21.5,-0.01,2,4300,卖盘
1880,09:47:48,21.51,--,5,10755,卖盘
1881,09:47:45,21.51,--,14,30114,卖盘
1882,09:47:42,21.51,-0.01,8,17208,卖盘
1883,09:47:39,21.52,--,2,4304,买盘
1884,09:47:36,21.52,--,13,27976,买盘
1885,09:47:33,21.52,--,1,2152,买盘
1886,09:47:27,21.52,0.01,13,27976,买盘
1887,09:47:21,21.51,--,10,21510,卖盘
1888,09:47:15,21.51,0.01,3,6453,买盘
1889,09:47:09,21.5,--,7,15050,卖盘
1890,09:47:06,21.5,--,1,2150,卖盘
1891,09:47:03,21.5,-0.01,20,43000,卖盘
1892,09:46:54,21.51,--,12,25812,买盘
1893,09:46:51,21.51,0.01,10,21510,买盘
1894,09:46:45,21.5,--,66,141900,卖盘
1895,09:46:42,21.5,-0.01,1,2150,卖盘
1896,09:46:39,21.51,--,1,2151,买盘
1897,09:46:36,21.51,--,1,2151,买盘
1898,09:46:33,21.51,0.01,15,32265,买盘
1899,09:46:21,21.5,--,11,23650,卖盘
1900,09:46:15,21.5,--,6,12900,卖盘
1901,09:46:12,21.5,--,8,17200,卖盘
1902,09:46:06,21.5,--,5,10750,卖盘
1903,09:46:00,21.5,--,4,8600,卖盘
1904,09:45:57,21.5,--,1,2150,卖盘
1905,09:45:51,21.5,--,10,21500,卖盘
1906,09:45:48,21.5,-0.01,20,43000,卖盘
1907,09:45:45,21.51,--,18,38718,买盘
1908,09:45:42,21.51,0.01,10,21510,买盘
1909,09:45:36,21.5,--,29,62350,卖盘
1910,09:45:33,21.5,-0.01,5,10750,卖盘
1911,09:45:30,21.51,--,11,23661,买盘
1912,09:45:27,21.51,--,59,126909,买盘
1913,09:45:24,21.51,0.01,5,10755,买盘
1914,09:45:21,21.5,-0.01,2,4300,卖盘
1915,09:45:18,21.51,--,1,2151,买盘
1916,09:45:00,21.51,-0.01,49,105399,卖盘
1917,09:44:57,21.52,0.01,21,45192,买盘
1918,09:44:54,21.51,--,20,43020,卖盘
1919,09:44:51,21.51,--,12,25812,卖盘
1920,09:44:48,21.51,--,10,21510,卖盘
1921,09:44:45,21.51,-0.01,41,88191,卖盘
1922,09:44:42,21.52,0.01,20,43040,买盘
1923,09:44:39,21.51,-0.01,2,4302,卖盘
1924,09:44:36,21.52,--,14,30128,卖盘
1925,09:44:30,21.52,-0.02,2,4304,卖盘
1926,09:44:27,21.54,0.02,4,8616,买盘
1927,09:44:24,21.52,-0.01,3,6456,卖盘
1928,09:44:21,21.53,-0.01,10,21530,中性盘
1929,09:44:12,21.54,--,6,12924,买盘
1930,09:44:09,21.54,0.02,15,32310,买盘
1931,09:44:06,21.52,-0.02,2,4304,卖盘
1932,09:43:57,21.54,0.01,27,58158,买盘
1933,09:43:54,21.53,--,16,34448,卖盘
1934,09:43:51,21.53,-0.01,2,4306,卖盘
1935,09:43:42,21.54,0.01,10,21540,买盘
1936,09:43:39,21.53,-0.01,2,4306,卖盘
1937,09:43:36,21.54,--,15,32310,买盘
1938,09:43:33,21.54,-0.02,396,854922,卖盘
1939,09:43:27,21.56,0.01,11,23716,买盘
1940,09:43:24,21.55,--,49,105595,买盘
1941,09:43:21,21.55,--,9,19395,买盘
1942,09:43:18,21.55,0.01,14,30170,买盘
1943,09:43:15,21.54,-0.01,3,6677,卖盘
1944,09:43:12,21.55,0.01,1,2155,买盘
1945,09:43:09,21.54,-0.01,8,17232,卖盘
1946,09:43:06,21.55,0.01,1,2155,买盘
1947,09:43:00,21.54,-0.01,8,17232,卖盘
1948,09:42:57,21.55,0.01,1,2155,买盘
1949,09:42:54,21.54,-0.01,3,6462,卖盘
1950,09:42:51,21.55,--,23,49565,买盘
1951,09:42:48,21.55,0.01,5,10775,买盘
1952,09:42:42,21.54,-0.01,2,4308,卖盘
1953,09:42:39,21.55,0.01,11,23705,买盘
1954,09:42:36,21.54,--,3,6462,卖盘
1955,09:42:33,21.54,--,5,10770,买盘
1956,09:42:30,21.54,0.01,2,4308,买盘
1957,09:42:27,21.53,-0.01,1,2153,卖盘
1958,09:42:21,21.54,--,31,66774,买盘
1959,09:42:15,21.54,--,13,28002,买盘
1960,09:42:12,21.54,--,8,17232,买盘
1961,09:42:09,21.54,0.01,2,4308,买盘
1962,09:42:03,21.53,--,67,144251,买盘
1963,09:41:54,21.53,0.02,6,12918,买盘
1964,09:41:51,21.51,--,1,2151,卖盘
1965,09:41:48,21.51,0.01,1,2151,中性盘
1966,09:41:42,21.5,--,98,211323,买盘
1967,09:41:39,21.5,--,11,23650,买盘
1968,09:41:36,21.5,--,10,21500,买盘
1969,09:41:33,21.5,--,19,40850,买盘
1970,09:41:30,21.5,--,20,43000,买盘
1971,09:41:27,21.5,--,31,66650,买盘
1972,09:41:24,21.5,--,4,8600,买盘
1973,09:41:18,21.5,0.01,150,322500,买盘
1974,09:41:15,21.49,-0.01,2,4298,卖盘
1975,09:41:12,21.5,--,7,15050,买盘
1976,09:41:09,21.5,--,3,6450,买盘
1977,09:41:06,21.5,--,5,10750,买盘
1978,09:41:03,21.5,--,10,21500,买盘
1979,09:40:57,21.5,--,42,90300,买盘
1980,09:40:54,21.5,--,15,32250,买盘
1981,09:40:51,21.5,--,7,15050,买盘
1982,09:40:48,21.5,-0.03,182,391794,卖盘
1983,09:40:45,21.53,-0.01,13,27989,卖盘
1984,09:40:42,21.54,--,20,43080,买盘
1985,09:40:33,21.54,--,6,12924,买盘
1986,09:40:30,21.54,--,6,12924,买盘
1987,09:40:27,21.54,-0.01,168,361872,卖盘
1988,09:40:24,21.55,0.01,18,38790,买盘
1989,09:40:21,21.54,--,100,215400,卖盘
1990,09:40:18,21.54,-0.01,7,15078,卖盘
1991,09:40:15,21.55,--,6,12930,买盘
1992,09:40:12,21.55,--,40,86200,买盘
1993,09:40:09,21.55,--,1,2155,买盘
1994,09:40:03,21.55,0.01,6,12930,买盘
1995,09:40:00,21.54,-0.01,21,45234,卖盘
1996,09:39:57,21.55,--,6,12930,买盘
1997,09:39:51,21.55,--,41,88355,买盘
1998,09:39:48,21.55,--,15,32325,买盘
1999,09:39:45,21.55,--,11,23705,卖盘
2000,09:39:42,21.55,--,6,12930,卖盘
2001,09:39:39,21.55,--,4,8620,卖盘
2002,09:39:33,21.55,--,3,6465,卖盘
2003,09:39:30,21.55,-0.01,27,58185,卖盘
2004,09:39:27,21.56,-0.01,12,25872,买盘
2005,09:39:24,21.57,0.01,13,28041,买盘
2006,09:39:21,21.56,--,67,144452,卖盘
2007,09:39:18,21.56,--,27,58212,卖盘
2008,09:39:15,21.56,-0.01,5,10780,卖盘
2009,09:39:12,21.57,0.01,32,69024,买盘
2010,09:39:09,21.56,--,32,68992,卖盘
2011,09:39:06,21.56,--,8,17248,卖盘
2012,09:39:03,21.56,-0.01,13,28028,卖盘
2013,09:39:00,21.57,0.03,55,118635,买盘
2014,09:38:57,21.54,-0.02,1,2154,卖盘
2015,09:38:54,21.56,--,5,10780,买盘
2016,09:38:51,21.56,--,56,120736,买盘
2017,09:38:48,21.56,0.02,4,8624,买盘
2018,09:38:45,21.54,-0.02,3,6462,卖盘
2019,09:38:42,21.56,0.02,4,8624,买盘
2020,09:38:39,21.54,--,5,10770,卖盘
2021,09:38:36,21.54,--,2,4308,卖盘
2022,09:38:33,21.54,-0.02,28,60312,卖盘
2023,09:38:27,21.56,0.02,7,15092,中性盘
2024,09:38:24,21.54,-0.03,5,10770,卖盘
2025,09:38:18,21.57,0.03,113,243741,买盘
2026,09:38:12,21.54,--,45,96930,卖盘
2027,09:38:09,21.54,-0.02,5,10770,卖盘
2028,09:38:06,21.56,0.02,10,21560,买盘
2029,09:37:57,21.54,0.01,49,105546,买盘
2030,09:37:54,21.53,--,10,21530,卖盘
2031,09:37:51,21.53,-0.01,21,45213,卖盘
2032,09:37:48,21.54,--,7,15078,买盘
2033,09:37:45,21.54,0.01,1,2154,买盘
2034,09:37:42,21.53,--,7,15071,卖盘
2035,09:37:39,21.53,-0.01,2,4306,卖盘
2036,09:37:36,21.54,0.01,6,12924,买盘
2037,09:37:33,21.53,--,17,36601,卖盘
2038,09:37:30,21.53,--,11,23683,卖盘
2039,09:37:24,21.53,--,20,43060,卖盘
2040,09:37:18,21.53,--,7,15071,卖盘
2041,09:37:15,21.53,--,29,62437,卖盘
2042,09:37:12,21.53,--,4,8612,卖盘
2043,09:37:06,21.53,0.01,11,23683,买盘
2044,09:37:00,21.52,-0.01,6,12912,卖盘
2045,09:36:57,21.53,--,3,6459,买盘
2046,09:36:51,21.53,0.01,13,27989,买盘
2047,09:36:48,21.52,-0.01,3,6456,卖盘
2048,09:36:42,21.53,-0.02,5,10765,买盘
2049,09:36:39,21.55,0.02,100,215500,买盘
2050,09:36:36,21.53,--,39,83967,卖盘
2051,09:36:33,21.53,-0.01,2,4306,卖盘
2052,09:36:30,21.54,0.01,10,21540,买盘
2053,09:36:27,21.53,0.01,9,19377,卖盘
2054,09:36:24,21.52,-0.01,10,21520,卖盘
2055,09:36:21,21.53,-0.02,5,10765,中性盘
2056,09:36:18,21.55,0.02,26,56030,买盘
2057,09:36:15,21.53,--,16,34448,买盘
2058,09:36:12,21.53,--,7,15071,买盘
2059,09:36:06,21.53,-0.02,7,15071,卖盘
2060,09:36:03,21.55,0.02,15,32325,买盘
2061,09:36:00,21.53,--,10,21530,卖盘
2062,09:35:51,21.53,--,5,10765,卖盘
2063,09:35:48,21.53,--,2,4306,卖盘
2064,09:35:42,21.53,0.01,32,68896,买盘
2065,09:35:39,21.52,-0.01,36,77472,卖盘
2066,09:35:33,21.53,0.01,21,45213,买盘
2067,09:35:30,21.52,0.01,46,98992,买盘
2068,09:35:24,21.51,-0.02,31,66681,卖盘
2069,09:35:21,21.53,--,12,25836,买盘
2070,09:35:18,21.53,--,2,4306,买盘
2071,09:35:15,21.53,0.01,13,27989,买盘
2072,09:35:12,21.52,0.02,18,38736,中性盘
2073,09:35:09,21.5,--,10,21500,卖盘
2074,09:35:06,21.5,-0.02,14,30100,卖盘
2075,09:35:03,21.52,0.02,4,8608,买盘
2076,09:34:57,21.5,-0.02,2,4300,卖盘
2077,09:34:54,21.52,0.02,28,60256,买盘
2078,09:34:48,21.5,--,24,53255,买盘
2079,09:34:45,21.5,--,37,79550,买盘
2080,09:34:42,21.5,--,9,19350,买盘
2081,09:34:39,21.5,--,20,43494,卖盘
2082,09:34:36,21.5,--,11,23650,卖盘
2083,09:34:33,21.5,--,6,12900,卖盘
2084,09:34:27,21.5,--,1,3805,买盘
2085,09:34:24,21.5,0.02,6,12900,买盘
2086,09:34:09,21.48,--,15,32220,卖盘
2087,09:34:06,21.48,--,48,103104,买盘
2088,09:34:00,21.48,--,6,12888,买盘
2089,09:33:54,21.48,0.01,6,12888,买盘
2090,09:33:51,21.47,-0.01,13,27911,卖盘
2091,09:33:48,21.48,--,10,21480,买盘
2092,09:33:45,21.48,--,13,27924,买盘
2093,09:33:42,21.48,--,3,6444,买盘
2094,09:33:36,21.48,0.01,16,34368,买盘
2095,09:33:30,21.47,--,17,36499,卖盘
2096,09:33:27,21.47,-0.01,25,53675,卖盘
2097,09:33:24,21.48,--,41,88068,买盘
2098,09:33:21,21.48,0.01,6,12888,买盘
2099,09:33:15,21.47,--,2,4294,卖盘
2100,09:33:09,21.47,0.01,2,4294,买盘
2101,09:33:06,21.46,-0.01,12,25752,卖盘
2102,09:33:03,21.47,--,32,68704,买盘
2103,09:33:00,21.47,0.01,4,8588,买盘
2104,09:32:57,21.46,-0.01,13,27898,卖盘
2105,09:32:54,21.47,--,5,10735,买盘
2106,09:32:51,21.47,0.01,3,6441,买盘
2107,09:32:42,21.46,0.01,22,47212,中性盘
2108,09:32:30,21.45,--,13,27885,卖盘
2109,09:32:27,21.45,-0.01,54,115830,卖盘
2110,09:32:18,21.46,0.05,15,32190,买盘
2111,09:32:15,21.41,-0.02,29,62089,卖盘
2112,09:32:12,21.43,-0.02,4,8572,卖盘
2113,09:32:06,21.45,--,10,21450,买盘
2114,09:31:57,21.45,0.04,11,23595,买盘
2115,09:31:54,21.41,--,2,4282,卖盘
2116,09:31:51,21.41,--,8,17128,卖盘
2117,09:31:48,21.41,-0.04,5,10705,卖盘
2118,09:31:42,21.45,0.04,25,53625,买盘
2119,09:31:39,21.41,--,14,29974,卖盘
2120,09:31:36,21.41,-0.05,7,14987,卖盘
2121,09:31:30,21.46,--,18,38628,买盘
2122,09:31:27,21.46,-0.02,1,2146,买盘
2123,09:31:24,21.48,-0.02,5,10740,买盘
2124,09:31:03,21.5,0.01,244,525094,买盘
2125,09:31:00,21.49,0.01,19,40831,买盘
2126,09:30:57,21.48,--,12,25776,卖盘
2127,09:30:54,21.48,--,40,85920,卖盘
2128,09:30:42,21.48,--,16,34368,卖盘
2129,09:30:39,21.48,--,3,6444,卖盘
2130,09:30:36,21.48,--,16,34368,卖盘
2131,09:30:33,21.48,--,1,2148,卖盘
2132,09:30:30,21.48,0.08,63,136977,买盘
2133,09:30:27,21.4,0.02,2,4280,买盘
2134,09:30:24,21.38,--,4,8552,卖盘
2135,09:30:21,21.38,--,2,4276,卖盘
2136,09:30:18,21.38,-0.02,20,42760,卖盘
2137,09:30:12,21.4,--,1,2140,卖盘
2138,09:30:09,21.4,--,2,4280,卖盘
2139,09:30:06,21.4,--,14,29959,卖盘
2140,09:30:03,21.4,0.01,224,479359,买盘
2141,09:30:00,21.39,--,0,0,卖盘
2142,09:25:03,21.39,21.39,45,96255,买盘
