,time,price,change,volume,amount,type
0,15:00:03,2.74,--,3013,825562,买盘
1,14:57:00,2.74,0.01,131,36113,买盘
2,14:56:57,2.73,-0.01,27,7534,卖盘
3,14:56:51,2.74,--,17,4658,买盘
4,14:56:48,2.74,--,73,20221,买盘
5,14:56:45,2.74,--,5,1370,买盘
6,14:56:42,2.74,0.01,5,1370,买盘
7,14:56:39,2.73,--,266,72727,卖盘
8,14:56:33,2.73,-0.01,318,86814,卖盘
9,14:56:30,2.74,--,38,10412,买盘
10,14:56:24,2.74,--,3,822,买盘
11,14:56:21,2.74,--,1,274,买盘
12,14:56:15,2.74,--,18,5151,卖盘
13,14:56:09,2.74,0.01,210,57540,卖盘
14,14:56:03,2.73,-0.01,709,193557,卖盘
15,14:56:00,2.74,--,159,43807,买盘
16,14:55:57,2.74,--,4,1096,买盘
17,14:55:54,2.74,--,97,26578,买盘
18,14:55:51,2.74,--,21,5754,买盘
19,14:55:48,2.74,--,485,132890,买盘
20,14:55:45,2.74,--,100,27400,买盘
21,14:55:42,2.74,--,10,2740,买盘
22,14:55:39,2.74,--,20,5589,买盘
23,14:55:36,2.74,0.01,10,2740,买盘
24,14:55:33,2.73,-0.01,133,36309,卖盘
25,14:55:30,2.74,--,206,56444,买盘
26,14:55:24,2.74,0.01,48,13152,买盘
27,14:55:21,2.73,-0.01,7,1965,卖盘
28,14:55:18,2.74,0.01,593,162482,买盘
29,14:55:15,2.73,-0.01,101,27791,卖盘
30,14:55:12,2.74,--,250,68500,买盘
31,14:55:06,2.74,--,1,274,买盘
32,14:54:57,2.74,--,334,91516,买盘
33,14:54:54,2.74,0.01,43,11782,买盘
34,14:54:51,2.73,-0.01,110,30030,卖盘
35,14:54:48,2.74,--,353,96722,买盘
36,14:54:42,2.74,0.01,14,3836,买盘
37,14:54:39,2.73,-0.01,203,55528,卖盘
38,14:54:36,2.74,--,1,274,买盘
39,14:54:27,2.74,0.01,100,27400,买盘
40,14:54:24,2.73,-0.01,171,46683,卖盘
41,14:54:21,2.74,--,87,23838,买盘
42,14:54:18,2.74,--,445,121930,买盘
43,14:54:15,2.74,--,945,258984,买盘
44,14:54:12,2.74,--,46,12604,买盘
45,14:54:09,2.74,--,225,61650,买盘
46,14:54:03,2.74,--,1,274,买盘
47,14:54:00,2.74,0.01,52,14248,买盘
48,14:53:54,2.73,-0.01,40,10920,卖盘
49,14:53:48,2.74,0.01,1,274,买盘
50,14:53:39,2.73,-0.01,112,30794,卖盘
51,14:53:30,2.74,--,32,8768,买盘
52,14:53:27,2.74,--,9,2466,买盘
53,14:53:24,2.74,--,4,1096,买盘
54,14:53:21,2.74,--,37,10138,买盘
55,14:53:18,2.74,--,14,3836,买盘
56,14:53:15,2.74,--,320,87680,买盘
57,14:53:12,2.74,--,18,4932,买盘
58,14:53:00,2.74,--,10,2740,买盘
59,14:52:57,2.74,--,1,274,买盘
60,14:52:54,2.74,--,7,1918,买盘
61,14:52:51,2.74,0.01,3,822,买盘
62,14:52:42,2.73,-0.01,38,10374,卖盘
63,14:52:33,2.74,--,106,29044,买盘
64,14:52:27,2.74,--,73,20002,买盘
65,14:52:24,2.74,0.01,3,822,买盘
66,14:52:18,2.73,-0.01,36,9828,卖盘
67,14:52:15,2.74,--,40,10960,买盘
68,14:52:12,2.74,--,1,274,买盘
69,14:51:54,2.74,0.01,14,3836,买盘
70,14:51:39,2.73,-0.01,182,49686,卖盘
71,14:51:36,2.74,--,22,6028,买盘
72,14:51:27,2.74,0.01,14,3836,买盘
73,14:51:24,2.73,--,47,12831,卖盘
74,14:51:21,2.73,--,7,1965,卖盘
75,14:51:12,2.73,--,30,8190,卖盘
76,14:51:00,2.73,--,31,8463,卖盘
77,14:50:54,2.73,--,105,28665,卖盘
78,14:50:51,2.73,--,26,7098,卖盘
79,14:50:45,2.73,--,300,81900,卖盘
80,14:50:42,2.73,--,50,13650,卖盘
81,14:50:33,2.73,-0.01,30,8190,卖盘
82,14:50:30,2.74,--,25,6850,买盘
83,14:50:27,2.74,--,27,7398,买盘
84,14:50:24,2.74,0.01,91,24934,买盘
85,14:50:21,2.73,-0.01,30,8190,卖盘
86,14:50:18,2.74,--,2,548,买盘
87,14:50:15,2.74,--,200,54800,买盘
88,14:50:12,2.74,--,18,4932,买盘
89,14:50:09,2.74,0.01,33,9042,买盘
90,14:50:03,2.73,-0.01,1746,476658,卖盘
91,14:50:00,2.74,--,47,12878,买盘
92,14:49:57,2.74,0.01,13,3616,买盘
93,14:49:51,2.73,--,16,4422,卖盘
94,14:49:42,2.73,-0.01,19,5405,卖盘
95,14:49:39,2.74,0.01,33,9042,买盘
96,14:49:33,2.73,-0.01,9,2675,卖盘
97,14:49:21,2.74,0.01,21,5754,买盘
98,14:49:18,2.73,-0.01,1,491,卖盘
99,14:49:15,2.74,--,1,274,买盘
100,14:49:09,2.74,0.01,17,4658,买盘
101,14:49:03,2.73,-0.01,25,6825,卖盘
102,14:48:57,2.74,--,3,822,买盘
103,14:48:54,2.74,--,62,16988,买盘
104,14:48:45,2.74,0.01,20,5480,买盘
105,14:48:42,2.73,--,76,20802,卖盘
106,14:48:39,2.73,-0.01,36,9828,卖盘
107,14:48:33,2.74,--,2,548,买盘
108,14:48:24,2.74,0.01,9,2466,买盘
109,14:48:21,2.73,--,8,2184,卖盘
110,14:48:18,2.73,--,60,16380,卖盘
111,14:48:12,2.73,-0.01,16,4368,卖盘
112,14:48:09,2.74,--,19,5206,买盘
113,14:48:03,2.74,--,37,10138,买盘
114,14:48:00,2.74,0.01,189,51786,买盘
115,14:47:54,2.73,-0.01,31,8463,卖盘
116,14:47:51,2.74,--,8,2192,买盘
117,14:47:42,2.74,0.01,3,822,买盘
118,14:47:39,2.73,-0.01,30,8190,卖盘
119,14:47:36,2.74,--,1,274,买盘
120,14:47:33,2.74,--,63,17316,买盘
121,14:47:21,2.74,--,1,274,买盘
122,14:47:15,2.74,--,7,1918,买盘
123,14:47:06,2.74,0.01,51,13974,买盘
124,14:47:03,2.73,-0.01,20,5460,卖盘
125,14:46:57,2.74,--,3,822,买盘
126,14:46:51,2.74,0.01,6,1644,买盘
127,14:46:39,2.73,-0.01,21,5896,卖盘
128,14:46:33,2.74,--,30,8274,买盘
129,14:46:30,2.74,--,3,822,买盘
130,14:46:27,2.74,--,2,548,买盘
131,14:46:15,2.74,0.01,35,9590,买盘
132,14:46:09,2.73,-0.01,75,20638,卖盘
133,14:46:03,2.74,--,10,2740,买盘
134,14:45:57,2.74,--,20,5480,买盘
135,14:45:51,2.74,--,45,12330,买盘
136,14:45:42,2.74,--,5,1370,买盘
137,14:45:36,2.74,--,64,17536,买盘
138,14:45:30,2.74,--,10,2740,买盘
139,14:45:27,2.74,--,3,876,买盘
140,14:45:24,2.74,0.01,50,13700,买盘
141,14:45:21,2.73,-0.01,10,2730,卖盘
142,14:45:15,2.74,0.01,4,1096,买盘
143,14:45:09,2.73,--,126,34398,卖盘
144,14:45:06,2.73,--,2,709,卖盘
145,14:44:45,2.73,--,348,95004,买盘
146,14:44:42,2.73,--,2,546,买盘
147,14:44:39,2.73,--,9,2457,买盘
148,14:44:36,2.73,--,31,8463,买盘
149,14:44:24,2.73,--,30,8190,买盘
150,14:44:21,2.73,--,36,9828,买盘
151,14:44:18,2.73,-0.01,2,546,买盘
152,14:44:15,2.74,0.01,100,27400,买盘
153,14:44:12,2.73,--,15,4204,卖盘
154,14:44:09,2.73,--,1,491,卖盘
155,14:44:06,2.73,--,100,27300,卖盘
156,14:44:03,2.73,--,20,5460,卖盘
157,14:44:00,2.73,0.01,1493,407807,买盘
158,14:43:54,2.72,--,801,217872,卖盘
159,14:43:51,2.72,-0.01,20,5440,卖盘
160,14:43:45,2.73,0.01,1,273,买盘
161,14:43:42,2.72,--,2,544,卖盘
162,14:43:39,2.72,-0.01,20,5440,卖盘
163,14:43:36,2.73,0.01,36,9828,买盘
164,14:43:33,2.72,-0.01,20,5440,卖盘
165,14:43:21,2.73,0.01,2,546,买盘
166,14:43:18,2.72,-0.01,115,31334,卖盘
167,14:43:15,2.73,--,101,27573,买盘
168,14:43:09,2.73,0.01,1,273,买盘
169,14:43:06,2.72,-0.01,84,22902,卖盘
170,14:43:03,2.73,0.01,29,7917,买盘
171,14:43:00,2.72,-0.01,14,3916,卖盘
172,14:42:57,2.73,--,752,205296,买盘
173,14:42:54,2.73,--,100,27300,买盘
174,14:42:45,2.73,0.01,83,22659,买盘
175,14:42:42,2.72,--,100,27200,卖盘
176,14:42:36,2.72,-0.01,26,7289,卖盘
177,14:42:27,2.73,--,1,273,买盘
178,14:42:21,2.73,0.01,281,76713,买盘
179,14:42:18,2.72,--,23,6256,卖盘
180,14:42:15,2.72,--,158,42976,卖盘
181,14:42:12,2.72,--,118,32204,卖盘
182,14:42:09,2.72,--,50,13600,卖盘
183,14:42:03,2.72,--,25,6908,卖盘
184,14:41:57,2.72,--,105,28560,卖盘
185,14:41:51,2.72,--,389,105916,卖盘
186,14:41:48,2.72,--,8,2176,卖盘
187,14:41:39,2.72,-0.01,70,19094,卖盘
188,14:41:33,2.73,--,5,1365,买盘
189,14:41:30,2.73,--,109,29757,买盘
190,14:41:21,2.73,--,11,3003,买盘
191,14:41:12,2.73,0.01,5,1365,买盘
192,14:41:09,2.72,-0.01,160,43520,卖盘
193,14:41:06,2.73,--,10,2730,买盘
194,14:41:03,2.73,--,2,546,买盘
195,14:40:57,2.73,--,13,3658,卖盘
196,14:40:54,2.73,-0.01,52,14196,卖盘
197,14:40:51,2.74,0.01,20,5480,买盘
198,14:40:48,2.73,-0.01,20,5460,卖盘
199,14:40:42,2.74,0.01,16,4548,买盘
200,14:40:39,2.73,--,22,6006,买盘
201,14:40:36,2.73,-0.01,276,75348,卖盘
202,14:40:33,2.74,0.01,1,274,买盘
203,14:40:30,2.73,--,45,12285,卖盘
204,14:40:27,2.73,--,10,2730,卖盘
205,14:40:24,2.73,--,113,31067,卖盘
206,14:40:21,2.73,--,10,2730,卖盘
207,14:40:18,2.73,-0.01,36,9828,卖盘
208,14:40:15,2.74,0.01,33,9042,买盘
209,14:40:09,2.73,--,64,17690,卖盘
210,14:40:03,2.73,--,34,9391,卖盘
211,14:40:00,2.73,--,152,41496,卖盘
212,14:39:54,2.73,--,45,12285,卖盘
213,14:39:45,2.73,--,36,9828,卖盘
214,14:39:42,2.73,--,36,9828,卖盘
215,14:39:36,2.73,--,24,6552,卖盘
216,14:39:30,2.73,--,4,1310,卖盘
217,14:39:27,2.73,--,50,13650,卖盘
218,14:39:15,2.73,-0.01,100,27300,卖盘
219,14:39:09,2.74,0.01,4,1096,买盘
220,14:38:57,2.73,-0.01,48,13267,卖盘
221,14:38:54,2.74,0.01,6,1644,买盘
222,14:38:48,2.73,-0.01,10,2730,卖盘
223,14:38:45,2.74,0.01,36,9864,买盘
224,14:38:36,2.73,--,15,4095,卖盘
225,14:38:33,2.73,-0.01,39,10647,卖盘
226,14:38:24,2.74,--,41,11453,买盘
227,14:38:15,2.74,--,9,2466,买盘
228,14:38:09,2.74,--,71,19454,买盘
229,14:38:06,2.74,--,7,1918,买盘
230,14:37:57,2.74,--,11,3014,买盘
231,14:37:54,2.74,0.01,8,2192,买盘
232,14:37:51,2.73,-0.01,5,1365,卖盘
233,14:37:48,2.74,0.01,1,274,买盘
234,14:37:42,2.73,--,385,105323,卖盘
235,14:37:33,2.73,-0.01,180,49140,卖盘
236,14:37:18,2.74,--,1,274,买盘
237,14:37:12,2.74,0.01,1,274,买盘
238,14:37:06,2.73,-0.01,70,19110,卖盘
239,14:36:57,2.74,0.01,2,548,买盘
240,14:36:48,2.73,-0.01,22,6006,卖盘
241,14:36:42,2.74,--,51,13974,买盘
242,14:36:39,2.74,--,50,13700,买盘
243,14:36:33,2.74,--,549,150426,买盘
244,14:36:30,2.74,--,8,2192,买盘
245,14:36:24,2.74,--,49,13426,买盘
246,14:36:21,2.74,0.01,4,1096,买盘
247,14:36:18,2.73,-0.01,0,109,卖盘
248,14:36:12,2.74,--,49,13426,买盘
249,14:36:03,2.74,0.01,70,19180,买盘
250,14:36:00,2.73,--,100,27300,卖盘
251,14:35:57,2.73,-0.01,56,15288,卖盘
252,14:35:48,2.74,0.01,7,1918,买盘
253,14:35:45,2.73,-0.01,1,273,卖盘
254,14:35:36,2.74,0.01,50,13700,买盘
255,14:35:27,2.73,-0.01,5,1365,卖盘
256,14:35:24,2.74,0.01,102,27948,买盘
257,14:35:15,2.73,--,6,1638,卖盘
258,14:35:12,2.73,--,3,819,卖盘
259,14:35:03,2.73,--,268,73273,买盘
260,14:34:54,2.73,--,2,546,买盘
261,14:34:51,2.73,--,80,21840,买盘
262,14:34:42,2.73,--,61,16653,买盘
263,14:34:39,2.73,--,3,819,买盘
264,14:34:36,2.73,--,10,2730,买盘
265,14:34:30,2.73,--,35,9555,买盘
266,14:34:27,2.73,--,505,137865,买盘
267,14:34:18,2.73,0.01,41,11193,买盘
268,14:34:15,2.72,-0.01,50,13600,卖盘
269,14:34:12,2.73,--,20,5460,买盘
270,14:34:09,2.73,--,3,819,买盘
271,14:34:06,2.73,--,14,3822,买盘
272,14:34:03,2.73,0.01,100,27300,买盘
273,14:33:57,2.72,-0.01,14,3808,卖盘
274,14:33:54,2.73,--,229,62517,买盘
275,14:33:48,2.73,--,1,273,买盘
276,14:33:33,2.73,--,72,19656,买盘
277,14:33:27,2.73,--,2,546,买盘
278,14:33:24,2.73,--,72,19656,买盘
279,14:33:18,2.73,0.01,44,12012,买盘
280,14:33:09,2.72,-0.01,800,217600,卖盘
281,14:33:06,2.73,--,106,28938,买盘
282,14:32:54,2.73,0.01,25,6825,买盘
283,14:32:51,2.72,-0.01,10,2720,卖盘
284,14:32:48,2.73,--,11,3003,买盘
285,14:32:42,2.73,0.01,110,30030,买盘
286,14:32:36,2.72,--,36,9792,卖盘
287,14:32:33,2.72,-0.01,43,11859,卖盘
288,14:32:30,2.73,0.01,5,1365,买盘
289,14:32:27,2.72,--,36,9792,卖盘
290,14:32:18,2.72,--,33,9193,买盘
291,14:32:15,2.72,--,277,75344,买盘
292,14:32:12,2.72,--,10,2720,买盘
293,14:32:09,2.72,--,1,272,买盘
294,14:32:06,2.72,--,105,28560,买盘
295,14:32:03,2.72,--,2,544,买盘
296,14:32:00,2.72,--,132,35904,买盘
297,14:31:57,2.72,--,135,36720,买盘
298,14:31:54,2.72,-0.01,1221,332112,卖盘
299,14:31:51,2.73,0.01,18,4914,买盘
300,14:31:39,2.72,--,52,14144,买盘
301,14:31:36,2.72,--,50,13600,买盘
302,14:31:33,2.72,0.01,106,28832,买盘
303,14:31:30,2.71,-0.01,240,65040,卖盘
304,14:31:27,2.72,--,137,37264,买盘
305,14:31:24,2.72,--,115,31280,买盘
306,14:31:21,2.72,0.01,300,81600,买盘
307,14:31:18,2.71,--,45,12195,卖盘
308,14:31:15,2.71,-0.01,50,13550,卖盘
309,14:31:12,2.72,--,211,57555,买盘
310,14:31:09,2.72,--,1,272,买盘
311,14:31:06,2.72,--,287,78064,买盘
312,14:31:03,2.72,--,10,2720,买盘
313,14:31:00,2.72,--,12,3264,买盘
314,14:30:54,2.72,0.01,33,8976,买盘
315,14:30:51,2.71,-0.01,50,13550,卖盘
316,14:30:48,2.72,--,111,30192,买盘
317,14:30:45,2.72,--,179,48688,买盘
318,14:30:36,2.72,--,2,544,买盘
319,14:30:33,2.72,--,21,5929,卖盘
320,14:30:30,2.72,--,20,5440,卖盘
321,14:30:24,2.72,--,83,22630,买盘
322,14:30:15,2.72,--,365,99280,买盘
323,14:30:12,2.72,--,80,21760,买盘
324,14:30:09,2.72,--,1175,319600,买盘
325,14:30:06,2.72,--,9,2448,买盘
326,14:30:03,2.72,--,101,27472,买盘
327,14:30:00,2.72,--,2,544,买盘
328,14:29:57,2.72,--,2,544,买盘
329,14:29:54,2.72,--,3,816,买盘
330,14:29:51,2.72,--,16,4352,买盘
331,14:29:45,2.72,--,10,2720,买盘
332,14:29:42,2.72,-0.01,3401,925072,卖盘
333,14:29:39,2.73,--,23,6279,买盘
334,14:29:36,2.73,--,1,273,买盘
335,14:29:33,2.73,--,5,1365,买盘
336,14:29:27,2.73,--,9,2457,买盘
337,14:29:24,2.73,--,154,42151,卖盘
338,14:29:21,2.73,-0.01,130,35490,卖盘
339,14:29:18,2.74,--,135,36990,买盘
340,14:29:15,2.74,0.01,50,13700,买盘
341,14:29:09,2.73,-0.01,1414,386022,卖盘
342,14:29:06,2.74,0.01,19,5206,买盘
343,14:29:03,2.73,--,30,8190,卖盘
344,14:29:00,2.73,--,360,98280,卖盘
345,14:28:57,2.73,--,8,2184,卖盘
346,14:28:54,2.73,--,72,19656,卖盘
347,14:28:45,2.73,--,56,15288,卖盘
348,14:28:42,2.73,--,90,24570,卖盘
349,14:28:36,2.73,-0.01,35,9718,卖盘
350,14:28:27,2.74,--,1,274,买盘
351,14:28:15,2.74,--,32,8768,买盘
352,14:28:12,2.74,--,168,46032,买盘
353,14:28:06,2.74,--,50,13700,买盘
354,14:28:03,2.74,--,4,1096,买盘
355,14:28:00,2.74,--,12,3288,买盘
356,14:27:57,2.74,--,9,2466,买盘
357,14:27:51,2.74,--,23,6302,买盘
358,14:27:48,2.74,--,148,40552,买盘
359,14:27:45,2.74,--,20,5480,买盘
360,14:27:42,2.74,--,76,20824,买盘
361,14:27:39,2.74,--,3,822,买盘
362,14:27:36,2.74,--,5,1370,买盘
363,14:27:33,2.74,-0.01,1764,483390,卖盘
364,14:27:30,2.75,--,5,1375,买盘
365,14:27:18,2.75,0.01,39,10725,买盘
366,14:27:15,2.74,--,1,493,卖盘
367,14:27:12,2.74,-0.01,40,10960,卖盘
368,14:27:09,2.75,--,21,5775,买盘
369,14:27:03,2.75,0.01,41,11275,买盘
370,14:27:00,2.74,--,52,14248,卖盘
371,14:26:57,2.74,--,80,21920,卖盘
372,14:26:54,2.74,--,87,23838,卖盘
373,14:26:48,2.74,--,21,5918,卖盘
374,14:26:45,2.74,-0.01,10,2740,卖盘
375,14:26:42,2.75,0.01,1,275,买盘
376,14:26:33,2.74,--,8,2301,卖盘
377,14:26:24,2.74,-0.01,181,49594,卖盘
378,14:26:12,2.75,--,2,550,买盘
379,14:26:06,2.75,0.01,50,13750,买盘
380,14:26:03,2.74,-0.01,1511,414014,卖盘
381,14:25:54,2.75,--,5,1375,买盘
382,14:25:48,2.75,0.01,4,1100,买盘
383,14:25:45,2.74,--,228,62472,卖盘
384,14:25:39,2.74,-0.01,561,153714,卖盘
385,14:25:27,2.75,--,12,3300,买盘
386,14:25:24,2.75,--,33,9075,买盘
387,14:25:21,2.75,0.01,3,825,买盘
388,14:25:18,2.74,-0.01,264,72336,卖盘
389,14:25:09,2.75,0.01,5,1375,买盘
390,14:25:03,2.74,-0.01,20,5480,卖盘
391,14:25:00,2.75,0.01,115,31625,买盘
392,14:24:48,2.74,-0.01,5,1370,卖盘
393,14:24:39,2.75,0.01,5,1375,买盘
394,14:24:30,2.74,-0.01,150,41100,卖盘
395,14:24:18,2.75,0.01,2,550,买盘
396,14:24:12,2.74,-0.01,55,15070,卖盘
397,14:24:06,2.75,0.01,20,5500,买盘
398,14:23:42,2.74,-0.01,8,2192,卖盘
399,14:23:36,2.75,--,340,93500,买盘
400,14:23:33,2.75,0.01,2,550,买盘
401,14:23:27,2.74,--,177,48498,卖盘
402,14:23:18,2.74,--,130,35620,卖盘
403,14:23:12,2.74,--,232,63622,卖盘
404,14:23:09,2.74,-0.01,208,56992,卖盘
405,14:23:06,2.75,0.01,1,275,买盘
406,14:22:57,2.74,--,72,19728,卖盘
407,14:22:54,2.74,-0.01,30,8220,卖盘
408,14:22:45,2.75,0.01,10,2750,买盘
409,14:22:39,2.74,-0.01,27,7398,卖盘
410,14:22:27,2.75,0.01,394,108350,买盘
411,14:22:24,2.74,-0.01,35,9809,卖盘
412,14:22:21,2.75,--,2,550,买盘
413,14:22:18,2.75,--,24,6600,买盘
414,14:22:15,2.75,--,4,1100,买盘
415,14:22:12,2.75,--,171,47074,卖盘
416,14:22:09,2.75,--,534,147015,卖盘
417,14:22:06,2.75,--,40,11000,卖盘
418,14:22:03,2.75,--,385,105985,卖盘
419,14:22:00,2.75,--,99,27225,卖盘
420,14:21:57,2.75,--,114,31405,卖盘
421,14:21:54,2.75,--,546,150150,卖盘
422,14:21:51,2.75,--,21,5775,卖盘
423,14:21:45,2.75,--,30,8250,卖盘
424,14:21:42,2.75,--,19,5225,卖盘
425,14:21:39,2.75,--,20,5500,卖盘
426,14:21:33,2.75,--,9,2475,卖盘
427,14:21:30,2.75,--,23,6325,卖盘
428,14:21:27,2.75,--,50,13750,卖盘
429,14:21:24,2.75,--,150,41250,卖盘
430,14:21:15,2.75,-0.01,128,35200,卖盘
431,14:21:12,2.76,0.01,48,13247,买盘
432,14:21:09,2.75,--,46,12870,卖盘
433,14:21:06,2.75,--,36,9900,卖盘
434,14:21:03,2.75,-0.01,169,46475,卖盘
435,14:20:57,2.76,0.01,1,276,买盘
436,14:20:54,2.75,--,127,34925,卖盘
437,14:20:51,2.75,--,20,5500,卖盘
438,14:20:48,2.75,-0.01,0,110,卖盘
439,14:20:39,2.76,0.01,31,8556,买盘
440,14:20:36,2.75,--,26,7150,卖盘
441,14:20:33,2.75,--,23,6325,卖盘
442,14:20:30,2.75,--,23,6325,卖盘
443,14:20:27,2.75,--,4,1100,卖盘
444,14:20:06,2.75,-0.01,36,9900,卖盘
445,14:19:57,2.76,--,21,5796,买盘
446,14:19:54,2.76,0.01,3,827,买盘
447,14:19:45,2.75,-0.01,5,1375,卖盘
448,14:19:42,2.76,--,140,38640,买盘
449,14:19:36,2.76,--,82,22632,买盘
450,14:19:27,2.76,--,57,15731,买盘
451,14:19:24,2.76,0.01,2,552,买盘
452,14:19:21,2.75,-0.01,196,53900,卖盘
453,14:19:00,2.76,--,10,2760,买盘
454,14:18:54,2.76,--,35,9660,买盘
455,14:18:51,2.76,0.01,10,2760,买盘
456,14:18:48,2.75,-0.01,9,2475,卖盘
457,14:18:45,2.76,0.01,1,276,买盘
458,14:18:42,2.75,-0.01,26,7150,卖盘
459,14:18:36,2.76,--,6,1655,买盘
460,14:18:27,2.76,0.01,20,5520,买盘
461,14:18:24,2.75,--,200,55000,卖盘
462,14:18:18,2.75,--,23,6325,卖盘
463,14:18:12,2.75,--,1,275,卖盘
464,14:18:09,2.75,--,36,9900,卖盘
465,14:17:48,2.75,-0.01,90,24750,卖盘
466,14:17:42,2.76,--,1,276,买盘
467,14:17:39,2.76,0.01,1,276,买盘
468,14:17:30,2.75,-0.01,1,275,卖盘
469,14:17:21,2.76,0.01,38,10488,买盘
470,14:17:06,2.75,-0.01,305,83875,卖盘
471,14:16:51,2.76,--,2,552,买盘
472,14:16:48,2.76,--,10,2760,买盘
473,14:16:33,2.76,--,13,3587,买盘
474,14:16:27,2.76,--,22,6071,买盘
475,14:16:24,2.76,0.01,6,1655,买盘
476,14:16:21,2.75,-0.01,5,1485,卖盘
477,14:16:03,2.76,--,3,827,买盘
478,14:15:57,2.76,0.01,23,6347,买盘
479,14:15:51,2.75,-0.01,0,220,卖盘
480,14:15:48,2.76,0.01,20,5520,买盘
481,14:15:45,2.75,-0.01,52,14300,卖盘
482,14:15:42,2.76,--,10,2760,买盘
483,14:15:36,2.76,--,5,1380,买盘
484,14:15:24,2.76,--,33,9108,买盘
485,14:15:18,2.76,--,50,13799,买盘
486,14:15:03,2.76,--,4,1104,买盘
487,14:15:00,2.76,0.01,33,9108,买盘
488,14:14:48,2.75,--,24,6710,卖盘
489,14:14:42,2.75,-0.01,50,13750,卖盘
490,14:14:30,2.76,--,5,1380,买盘
491,14:14:27,2.76,--,20,5520,买盘
492,14:14:21,2.76,--,40,11040,买盘
493,14:14:18,2.76,--,1,276,买盘
494,14:14:15,2.76,--,1,276,买盘
495,14:14:06,2.76,--,11,3035,买盘
496,14:14:03,2.76,--,4,1104,买盘
497,14:14:00,2.76,--,100,27599,买盘
498,14:13:57,2.76,--,3,827,买盘
499,14:13:51,2.76,--,14,3863,买盘
500,14:13:27,2.76,0.01,223,61658,买盘
501,14:13:21,2.75,-0.01,6,1650,卖盘
502,14:13:18,2.76,0.01,5,1380,买盘
503,14:13:15,2.75,-0.01,30,8250,卖盘
504,14:13:12,2.76,--,11,3035,买盘
505,14:13:09,2.76,--,54,14903,买盘
506,14:13:03,2.76,--,4,1104,买盘
507,14:12:54,2.76,--,11,3035,买盘
508,14:12:48,2.76,--,5,1380,买盘
509,14:12:45,2.76,--,21,5796,买盘
510,14:12:39,2.76,--,1,276,买盘
511,14:12:33,2.76,--,3,827,买盘
512,14:12:24,2.76,--,30,8280,买盘
513,14:12:21,2.76,0.01,16,4416,买盘
514,14:12:03,2.75,-0.01,10,2805,卖盘
515,14:12:00,2.76,--,5,1380,买盘
516,14:11:51,2.76,--,10,2760,买盘
517,14:11:48,2.76,0.01,31,8556,买盘
518,14:11:45,2.75,--,100,27500,卖盘
519,14:11:42,2.75,--,10,2750,卖盘
520,14:11:39,2.75,--,22,6160,卖盘
521,14:11:36,2.75,--,200,55000,卖盘
522,14:10:48,2.75,-0.01,7,1925,卖盘
523,14:10:39,2.76,--,61,16836,买盘
524,14:10:33,2.76,--,17,4692,买盘
525,14:10:24,2.76,--,2,552,买盘
526,14:10:12,2.76,--,3,827,买盘
527,14:10:00,2.76,--,15,4140,买盘
528,14:09:45,2.76,--,1,276,买盘
529,14:09:33,2.76,--,2,552,买盘
530,14:09:27,2.76,--,20,5520,买盘
531,14:09:24,2.76,--,9,2484,买盘
532,14:09:21,2.76,0.01,10,2760,买盘
533,14:09:18,2.75,-0.01,27,7425,卖盘
534,14:09:09,2.76,0.01,10,2760,买盘
535,14:08:57,2.75,-0.01,0,5,卖盘
536,14:08:51,2.76,--,2,552,买盘
537,14:08:48,2.76,--,130,35880,买盘
538,14:08:42,2.76,--,12,3311,买盘
539,14:08:27,2.76,--,30,8280,买盘
540,14:08:24,2.76,0.01,20,5520,买盘
541,14:08:18,2.75,-0.01,65,18040,卖盘
542,14:08:15,2.76,--,2,552,买盘
543,14:08:12,2.76,--,96,26495,买盘
544,14:08:00,2.76,--,69,19209,买盘
545,14:07:57,2.76,--,171,47195,买盘
546,14:07:54,2.76,--,55,15179,买盘
547,14:07:45,2.76,--,3,827,买盘
548,14:07:39,2.76,--,2,552,买盘
549,14:07:36,2.76,--,1643,453467,买盘
550,14:07:30,2.76,--,44,12143,买盘
551,14:07:24,2.76,0.01,55,15179,买盘
552,14:07:12,2.75,--,65,17875,卖盘
553,14:07:06,2.75,--,180,49500,卖盘
554,14:07:00,2.75,-0.01,122,33550,卖盘
555,14:06:48,2.76,--,16,4416,买盘
556,14:06:42,2.76,--,1,276,买盘
557,14:06:30,2.76,0.01,72,19872,买盘
558,14:06:27,2.75,-0.01,20,5500,卖盘
559,14:06:15,2.76,0.01,7,1931,买盘
560,14:06:12,2.75,--,12,3355,卖盘
561,14:06:09,2.75,--,27,7425,卖盘
562,14:05:54,2.75,-0.01,5,1375,卖盘
563,14:05:51,2.76,0.01,409,112883,买盘
564,14:05:39,2.75,--,2,550,卖盘
565,14:05:36,2.75,-0.01,40,11000,卖盘
566,14:05:33,2.76,0.01,10,2760,买盘
567,14:05:18,2.75,--,1,495,卖盘
568,14:04:54,2.75,--,3,825,卖盘
569,14:04:45,2.75,--,85,23540,买盘
570,14:04:42,2.75,0.01,30,8250,买盘
571,14:04:39,2.74,-0.01,27,7398,卖盘
572,14:04:36,2.75,--,14,3850,买盘
573,14:04:33,2.75,--,2,550,买盘
574,14:04:30,2.75,--,11,3025,买盘
575,14:04:24,2.75,--,50,13750,买盘
576,14:04:21,2.75,--,6,1650,买盘
577,14:04:06,2.75,--,21,5775,买盘
578,14:03:45,2.75,--,1,275,买盘
579,14:03:30,2.75,--,1,275,买盘
580,14:03:24,2.75,0.01,31,8525,买盘
581,14:03:12,2.74,-0.01,5,1370,卖盘
582,14:02:57,2.75,--,12,3300,卖盘
583,14:02:48,2.75,0.01,10,2750,买盘
584,14:02:45,2.74,-0.02,7,2082,卖盘
585,14:02:33,2.76,0.01,40,11040,买盘
586,14:02:30,2.75,--,5,1375,买盘
587,14:02:24,2.75,--,19,5225,买盘
588,14:02:21,2.75,--,2,550,买盘
589,14:02:09,2.75,0.01,20,5500,卖盘
590,14:02:06,2.74,-0.02,55,15070,卖盘
591,14:02:00,2.76,0.01,11,3035,买盘
592,14:01:57,2.75,--,72,19800,卖盘
593,14:01:51,2.75,--,13,3575,卖盘
594,14:01:45,2.75,-0.01,28,7810,卖盘
595,14:01:42,2.76,0.01,3,827,买盘
596,14:01:33,2.75,--,17,4675,卖盘
597,14:01:24,2.75,--,7,1980,卖盘
598,14:01:18,2.75,--,79,21780,卖盘
599,14:01:15,2.75,--,10,2750,卖盘
600,14:01:06,2.75,--,2,550,卖盘
601,14:01:00,2.75,-0.01,70,19305,卖盘
602,14:00:54,2.76,--,31,8556,买盘
603,14:00:45,2.76,0.01,60,16560,买盘
604,14:00:42,2.75,--,56,15400,卖盘
605,14:00:36,2.75,-0.01,20,5500,卖盘
606,14:00:33,2.76,--,3,827,买盘
607,14:00:30,2.76,--,101,27875,买盘
608,14:00:27,2.76,0.01,20,5520,买盘
609,14:00:24,2.75,--,65,17930,卖盘
610,14:00:21,2.75,--,4,1100,卖盘
611,14:00:18,2.75,--,112,30855,卖盘
612,14:00:12,2.75,-0.01,40,11000,卖盘
613,14:00:06,2.76,0.01,3,827,买盘
614,14:00:03,2.75,--,60,16500,卖盘
615,13:59:57,2.75,--,1,495,卖盘
616,13:59:54,2.75,--,400,110000,卖盘
617,13:59:48,2.75,--,8,2200,卖盘
618,13:59:45,2.75,--,152,41800,卖盘
619,13:59:39,2.75,--,32,8800,卖盘
620,13:59:30,2.75,--,30,8250,卖盘
621,13:59:24,2.75,--,860,236615,卖盘
622,13:59:21,2.75,--,10,2750,卖盘
623,13:59:18,2.75,--,2,550,卖盘
624,13:59:12,2.75,--,10,2758,卖盘
625,13:59:09,2.75,-0.01,159,43780,卖盘
626,13:59:06,2.76,--,11,3035,买盘
627,13:59:00,2.76,--,2,552,买盘
628,13:58:54,2.76,--,56,15455,买盘
629,13:58:51,2.76,0.01,4,1104,买盘
630,13:58:48,2.75,--,30,8250,卖盘
631,13:58:39,2.75,--,409,112475,卖盘
632,13:58:33,2.75,--,1,495,卖盘
633,13:58:30,2.75,--,5,1375,卖盘
634,13:58:27,2.75,--,8,2200,卖盘
635,13:58:18,2.75,-0.01,2,550,卖盘
636,13:58:15,2.76,--,10,2760,买盘
637,13:58:12,2.76,0.01,10,2760,买盘
638,13:58:06,2.75,-0.01,10,2750,卖盘
639,13:58:03,2.76,--,5,1380,买盘
640,13:57:54,2.76,--,1,276,买盘
641,13:57:48,2.76,--,5,1380,买盘
642,13:57:42,2.76,--,3,827,买盘
643,13:57:24,2.76,--,21,5796,买盘
644,13:57:18,2.76,0.01,66,18216,买盘
645,13:57:15,2.75,-0.01,12,3300,卖盘
646,13:57:12,2.76,--,1,276,买盘
647,13:57:06,2.76,--,1,276,买盘
648,13:57:00,2.76,--,10,2760,买盘
649,13:56:57,2.76,0.01,11,3035,买盘
650,13:56:48,2.75,--,30,8250,卖盘
651,13:56:42,2.75,--,32,8800,卖盘
652,13:56:30,2.75,--,680,187110,买盘
653,13:56:24,2.75,0.01,35,9625,买盘
654,13:56:09,2.74,-0.01,418,114532,卖盘
655,13:56:03,2.75,--,17,4675,买盘
656,13:56:00,2.75,--,2,550,买盘
657,13:55:42,2.75,--,16,4400,买盘
658,13:55:39,2.75,--,75,20625,买盘
659,13:55:36,2.75,--,25,6875,买盘
660,13:55:30,2.75,--,4,1100,买盘
661,13:55:21,2.75,--,10,2750,买盘
662,13:55:18,2.75,0.01,1,275,买盘
663,13:55:03,2.74,-0.01,1,274,卖盘
664,13:55:00,2.75,--,7,1925,买盘
665,13:54:51,2.75,--,78,21450,买盘
666,13:54:45,2.75,--,21,5775,买盘
667,13:54:36,2.75,--,12,3520,买盘
668,13:54:30,2.75,--,20,5500,买盘
669,13:54:27,2.75,--,24,6765,卖盘
670,13:54:21,2.75,0.01,985,270985,买盘
671,13:54:18,2.74,-0.01,23,6411,卖盘
672,13:54:15,2.75,--,2,550,买盘
673,13:54:12,2.75,--,30,8250,买盘
674,13:54:09,2.75,--,3,825,买盘
675,13:53:57,2.75,0.01,71,19525,买盘
676,13:53:54,2.74,-0.01,20,5534,卖盘
677,13:53:51,2.75,0.01,10,2750,买盘
678,13:53:48,2.74,--,3,822,卖盘
679,13:53:42,2.74,-0.01,3,822,卖盘
680,13:53:33,2.75,0.01,5,1375,买盘
681,13:53:21,2.74,-0.01,24,6576,卖盘
682,13:53:15,2.75,0.01,76,20900,买盘
683,13:53:12,2.74,-0.01,15,4164,卖盘
684,13:53:06,2.75,--,52,14300,买盘
685,13:52:54,2.75,0.01,5,1375,买盘
686,13:52:51,2.74,--,210,57540,卖盘
687,13:52:48,2.74,-0.01,74,20276,卖盘
688,13:52:45,2.75,--,6,1650,买盘
689,13:52:33,2.75,--,1,275,买盘
690,13:52:30,2.75,--,20,5500,买盘
691,13:52:24,2.75,--,1000,275000,买盘
692,13:52:12,2.75,--,6,1650,买盘
693,13:52:09,2.75,-0.01,20,5500,买盘
694,13:52:06,2.76,--,47,12971,买盘
695,13:51:51,2.76,--,12,3311,买盘
696,13:51:48,2.76,--,10,2760,买盘
697,13:51:36,2.76,0.01,99,27323,买盘
698,13:51:33,2.75,-0.01,69,19228,卖盘
699,13:51:27,2.76,--,29,8003,买盘
700,13:51:21,2.76,0.01,122,33672,买盘
701,13:51:18,2.75,-0.01,5,1375,卖盘
702,13:51:09,2.76,0.01,33,9273,买盘
703,13:51:03,2.75,-0.01,10,2750,卖盘
704,13:50:54,2.76,0.01,35,9660,买盘
705,13:50:51,2.75,--,61,16775,卖盘
706,13:50:45,2.75,-0.01,10,2750,卖盘
707,13:50:42,2.76,0.01,30,8280,买盘
708,13:50:39,2.75,--,242,66627,卖盘
709,13:50:30,2.75,--,14,3960,卖盘
710,13:50:27,2.75,--,30,8415,卖盘
711,13:50:24,2.75,--,59,16225,卖盘
712,13:50:00,2.75,-0.01,177,48675,卖盘
713,13:49:57,2.76,0.01,31,8556,买盘
714,13:49:51,2.75,--,8,2200,卖盘
715,13:49:36,2.75,--,1,495,卖盘
716,13:49:33,2.75,--,10,2750,卖盘
717,13:49:30,2.75,0.01,620,170610,买盘
718,13:49:27,2.74,--,75,20550,卖盘
719,13:49:06,2.74,-0.01,12,3288,卖盘
720,13:49:03,2.75,0.01,20,5500,买盘
721,13:48:54,2.74,--,535,146699,买盘
722,13:48:30,2.74,--,8,2192,买盘
723,13:48:27,2.74,--,531,145494,买盘
724,13:48:24,2.74,--,201,55074,买盘
725,13:48:21,2.74,--,3,822,买盘
726,13:48:15,2.74,0.01,10,2740,买盘
727,13:48:03,2.73,-0.01,90,24570,卖盘
728,13:47:57,2.74,0.01,6,1644,买盘
729,13:47:51,2.73,-0.01,13,3549,卖盘
730,13:47:48,2.74,--,40,10960,买盘
731,13:47:33,2.74,0.01,1,274,买盘
732,13:47:27,2.73,--,10,2730,卖盘
733,13:47:24,2.73,-0.01,421,114933,卖盘
734,13:47:21,2.74,--,43,11782,买盘
735,13:47:18,2.74,--,6,1644,买盘
736,13:47:15,2.74,--,2,548,买盘
737,13:47:09,2.74,0.01,5,1370,买盘
738,13:47:03,2.73,-0.01,1,491,卖盘
739,13:46:54,2.74,0.01,50,13700,买盘
740,13:46:45,2.73,-0.01,1,491,卖盘
741,13:46:24,2.74,0.01,93,25482,买盘
742,13:46:12,2.73,--,397,108599,卖盘
743,13:46:06,2.73,-0.01,83,22659,卖盘
744,13:46:03,2.74,--,10,2740,买盘
745,13:45:57,2.74,0.01,100,27400,买盘
746,13:45:48,2.73,-0.01,5,1365,卖盘
747,13:45:45,2.74,--,30,8220,买盘
748,13:45:33,2.74,--,101,27893,买盘
749,13:45:18,2.74,--,10,2740,买盘
750,13:45:15,2.74,--,200,54800,买盘
751,13:45:06,2.74,0.01,17,4658,买盘
752,13:45:03,2.73,-0.01,91,24843,卖盘
753,13:45:00,2.74,--,15,4110,买盘
754,13:44:57,2.74,--,5,1370,买盘
755,13:44:54,2.74,--,2,548,买盘
756,13:44:51,2.74,--,5,1370,买盘
757,13:44:48,2.74,--,10,2740,买盘
758,13:44:36,2.74,--,60,16440,买盘
759,13:44:21,2.74,--,8,2192,买盘
760,13:44:15,2.74,--,108,29592,买盘
761,13:43:57,2.74,0.01,6,1644,买盘
762,13:43:51,2.73,--,3,982,卖盘
763,13:43:48,2.73,--,2,546,卖盘
764,13:43:45,2.73,-0.01,4,1092,卖盘
765,13:43:33,2.74,0.01,51,13974,买盘
766,13:43:30,2.73,--,51,14141,卖盘
767,13:43:24,2.73,--,30,8244,卖盘
768,13:43:21,2.73,--,900,245700,卖盘
769,13:43:12,2.73,--,38,10374,卖盘
770,13:43:09,2.73,--,89,24297,卖盘
771,13:43:03,2.73,--,36,9828,卖盘
772,13:42:51,2.73,-0.01,1075,293475,卖盘
773,13:42:45,2.74,0.01,1,274,买盘
774,13:42:42,2.73,--,92,25225,卖盘
775,13:42:39,2.73,--,100,27300,卖盘
776,13:42:36,2.73,-0.01,160,43680,卖盘
777,13:42:33,2.74,--,21,5754,买盘
778,13:42:30,2.74,--,103,28222,买盘
779,13:42:15,2.74,--,416,113984,卖盘
780,13:42:12,2.74,--,299,81926,卖盘
781,13:42:09,2.74,--,46,12604,卖盘
782,13:42:06,2.74,--,1004,275096,卖盘
783,13:42:03,2.74,-0.01,32,8768,卖盘
784,13:41:48,2.75,--,28,7700,买盘
785,13:41:45,2.75,--,97,26730,卖盘
786,13:41:42,2.75,--,97,26895,卖盘
787,13:41:39,2.75,--,3538,973060,卖盘
788,13:41:36,2.75,--,10,2750,卖盘
789,13:41:33,2.75,--,900,247500,卖盘
790,13:41:30,2.75,--,300,82500,卖盘
791,13:41:24,2.75,--,334,91850,卖盘
792,13:41:21,2.75,--,18,5170,卖盘
793,13:41:18,2.75,--,40,11000,卖盘
794,13:41:15,2.75,-0.01,100,27500,卖盘
795,13:41:12,2.76,0.01,21,5796,买盘
796,13:41:09,2.75,--,40,11000,卖盘
797,13:41:06,2.75,--,1,275,卖盘
798,13:41:03,2.75,--,1622,446050,卖盘
799,13:41:00,2.75,-0.01,12,3355,卖盘
800,13:40:57,2.76,0.01,1,276,买盘
801,13:40:54,2.75,--,27,7425,卖盘
802,13:40:51,2.75,--,138,38005,卖盘
803,13:40:48,2.75,--,28,7700,卖盘
804,13:40:42,2.75,--,14,3960,卖盘
805,13:40:39,2.75,-0.01,19,5390,卖盘
806,13:40:36,2.76,0.01,20,5520,买盘
807,13:40:30,2.75,--,1600,440000,卖盘
808,13:40:27,2.75,--,30,8250,卖盘
809,13:40:18,2.75,--,60,16500,卖盘
810,13:40:06,2.75,-0.01,30,8250,卖盘
811,13:40:03,2.76,--,10,2760,买盘
812,13:39:48,2.76,0.01,1,276,买盘
813,13:39:45,2.75,--,5,1485,卖盘
814,13:39:39,2.75,--,8,2200,卖盘
815,13:39:36,2.75,-0.01,1,495,卖盘
816,13:39:30,2.76,0.01,100,27599,买盘
817,13:39:27,2.75,--,20,5500,卖盘
818,13:39:18,2.75,-0.01,13,3685,卖盘
819,13:39:09,2.76,--,20,5520,买盘
820,13:38:51,2.76,0.01,3,827,买盘
821,13:38:48,2.75,-0.01,3,935,卖盘
822,13:38:45,2.76,--,10,2760,买盘
823,13:38:42,2.76,--,10,2760,买盘
824,13:38:21,2.76,--,5,1380,买盘
825,13:37:54,2.76,--,3,827,买盘
826,13:37:21,2.76,--,66,18216,买盘
827,13:37:12,2.76,--,6,1655,买盘
828,13:37:09,2.76,0.01,12,3311,买盘
829,13:37:00,2.75,-0.01,4,1265,卖盘
830,13:36:36,2.76,--,2,552,买盘
831,13:36:33,2.76,0.01,19,5244,买盘
832,13:36:24,2.75,--,18,4950,卖盘
833,13:36:18,2.75,--,7,1925,卖盘
834,13:36:12,2.75,-0.01,0,220,卖盘
835,13:35:54,2.76,--,27,7451,买盘
836,13:35:51,2.76,--,3,827,买盘
837,13:35:42,2.76,--,3,827,买盘
838,13:35:24,2.76,--,2,552,买盘
839,13:35:15,2.76,--,13,3587,买盘
840,13:35:12,2.76,--,1,276,买盘
841,13:35:00,2.76,--,4,1104,买盘
842,13:34:48,2.76,--,5,1380,买盘
843,13:34:42,2.76,--,5,1380,买盘
844,13:34:39,2.76,--,130,35880,买盘
845,13:34:33,2.76,--,3,827,买盘
846,13:34:18,2.76,0.01,73,20148,买盘
847,13:34:12,2.75,-0.01,10,2750,卖盘
848,13:33:57,2.76,--,7,1931,买盘
849,13:33:54,2.76,--,121,33396,买盘
850,13:33:51,2.76,0.01,721,198995,买盘
851,13:33:36,2.75,-0.01,100,27500,卖盘
852,13:33:24,2.76,--,2,552,买盘
853,13:32:54,2.76,--,7,1931,买盘
854,13:32:48,2.76,0.01,1,276,买盘
855,13:32:45,2.75,-0.01,779,214225,卖盘
856,13:32:42,2.76,--,100,27599,买盘
857,13:32:36,2.76,--,20,5520,买盘
858,13:32:24,2.76,--,10,2760,买盘
859,13:32:21,2.76,0.01,1,276,买盘
860,13:32:18,2.75,-0.01,4,1100,卖盘
861,13:31:48,2.76,--,38,10488,买盘
862,13:31:39,2.76,--,14,3863,买盘
863,13:31:30,2.76,--,2,552,买盘
864,13:31:27,2.76,--,15,4140,买盘
865,13:31:24,2.76,--,13,3587,买盘
866,13:31:06,2.76,--,2,552,买盘
867,13:31:00,2.76,--,20,5520,买盘
868,13:30:42,2.76,--,44,12143,买盘
869,13:30:39,2.76,0.01,25,6899,买盘
870,13:30:30,2.75,--,1,275,卖盘
871,13:30:27,2.75,-0.01,3,990,卖盘
872,13:30:15,2.76,--,73,20148,买盘
873,13:30:03,2.76,--,33,9108,买盘
874,13:30:00,2.76,--,1,276,买盘
875,13:29:57,2.76,--,50,13799,买盘
876,13:29:54,2.76,--,6,1655,买盘
877,13:29:51,2.76,--,12,3311,买盘
878,13:29:42,2.76,--,102,28151,买盘
879,13:29:39,2.76,--,3,827,买盘
880,13:29:24,2.76,--,4,1104,买盘
881,13:29:21,2.76,-0.01,200,55255,卖盘
882,13:29:18,2.77,0.01,25,6925,买盘
883,13:29:12,2.76,-0.01,200,55199,卖盘
884,13:29:03,2.77,0.01,10,2770,买盘
885,13:29:00,2.76,--,200,55199,卖盘
886,13:28:51,2.76,-0.01,64,17884,卖盘
887,13:28:48,2.77,--,100,27700,买盘
888,13:28:36,2.77,0.01,2,554,买盘
889,13:28:30,2.76,-0.01,243,67123,卖盘
890,13:28:24,2.77,0.01,14,3878,买盘
891,13:28:15,2.76,-0.01,202,55751,卖盘
892,13:28:12,2.77,0.01,3,831,买盘
893,13:28:03,2.76,-0.01,1,276,卖盘
894,13:27:51,2.77,--,19,5263,买盘
895,13:27:39,2.77,--,10,2770,买盘
896,13:27:24,2.77,--,2,554,买盘
897,13:27:21,2.77,--,4,1108,买盘
898,13:27:15,2.77,0.01,25,6925,买盘
899,13:27:06,2.76,-0.01,5,1380,卖盘
900,13:27:03,2.77,--,27,7479,买盘
901,13:27:00,2.77,--,12,3324,买盘
902,13:26:54,2.77,--,4,1108,买盘
903,13:26:51,2.77,--,71,19667,买盘
904,13:26:48,2.77,0.01,2,554,买盘
905,13:26:45,2.76,-0.01,111,30635,卖盘
906,13:26:42,2.77,--,10,2770,买盘
907,13:26:36,2.77,--,33,9141,买盘
908,13:26:27,2.77,--,2,554,买盘
909,13:26:21,2.77,--,1,277,买盘
910,13:26:15,2.77,--,8,2216,买盘
911,13:25:57,2.77,--,35,9695,买盘
912,13:25:54,2.77,0.01,10,2770,买盘
913,13:25:39,2.76,--,10,2870,卖盘
914,13:25:36,2.76,--,85,23570,买盘
915,13:25:30,2.76,--,60,16560,买盘
916,13:25:24,2.76,--,88,24398,卖盘
917,13:25:09,2.76,--,7,1931,卖盘
918,13:25:06,2.76,0.01,144,39909,买盘
919,13:25:03,2.75,-0.01,101,27995,卖盘
920,13:25:00,2.76,--,320,88320,买盘
921,13:24:57,2.76,0.01,10,2760,买盘
922,13:24:51,2.75,-0.01,19,5225,卖盘
923,13:24:45,2.76,--,10,2760,买盘
924,13:24:42,2.76,--,30,8280,买盘
925,13:24:39,2.76,-0.01,163,44988,卖盘
926,13:24:36,2.77,0.01,20,5540,买盘
927,13:24:33,2.76,--,200,55199,卖盘
928,13:24:27,2.76,--,20,5520,卖盘
929,13:24:15,2.76,-0.01,81,22356,卖盘
930,13:24:12,2.77,0.01,143,39611,买盘
931,13:24:00,2.76,-0.01,200,55199,卖盘
932,13:23:57,2.77,--,81,22437,买盘
933,13:23:54,2.77,--,10,2770,买盘
934,13:23:51,2.77,0.01,44,12188,买盘
935,13:23:48,2.76,-0.01,205,56579,卖盘
936,13:23:36,2.77,--,25,6925,买盘
937,13:23:30,2.77,--,12,3545,买盘
938,13:23:27,2.77,--,201,55677,买盘
939,13:23:18,2.77,--,30,8310,买盘
940,13:23:15,2.77,0.01,221,61217,买盘
941,13:23:09,2.76,-0.01,5,1380,卖盘
942,13:23:06,2.77,--,50,13850,买盘
943,13:23:03,2.77,--,8,2216,买盘
944,13:23:00,2.77,--,30,8310,买盘
945,13:22:57,2.77,0.01,1,277,买盘
946,13:22:54,2.76,--,100,27599,卖盘
947,13:22:48,2.76,--,40,11040,卖盘
948,13:22:42,2.76,-0.01,100,27599,卖盘
949,13:22:33,2.77,0.01,1,277,买盘
950,13:22:24,2.76,--,141,39026,卖盘
951,13:22:21,2.76,--,30,8280,卖盘
952,13:22:18,2.76,--,103,28593,卖盘
953,13:22:00,2.76,--,50,13799,卖盘
954,13:21:54,2.76,--,3,827,卖盘
955,13:21:51,2.76,--,50,13799,卖盘
956,13:21:45,2.76,--,20,5520,卖盘
957,13:21:42,2.76,--,112,30967,买盘
958,13:21:39,2.76,--,60,16560,买盘
959,13:21:36,2.76,--,100,27655,买盘
960,13:21:24,2.76,--,10,2760,买盘
961,13:21:21,2.76,--,10,2760,买盘
962,13:21:09,2.76,--,10,2760,买盘
963,13:21:00,2.76,0.01,20,5520,买盘
964,13:20:54,2.75,-0.01,200,55000,卖盘
965,13:20:51,2.76,--,16,4416,买盘
966,13:20:45,2.76,--,11,3035,买盘
967,13:20:36,2.76,--,10,2760,买盘
968,13:20:18,2.76,--,24,6623,买盘
969,13:20:06,2.76,--,15,4140,买盘
970,13:20:00,2.76,0.01,10,2760,买盘
971,13:19:57,2.75,-0.01,162,44550,卖盘
972,13:19:45,2.76,--,40,11040,买盘
973,13:19:39,2.76,--,22,6071,买盘
974,13:19:24,2.76,--,80,22080,买盘
975,13:19:15,2.76,--,263,72698,卖盘
976,13:19:06,2.76,--,54,14903,卖盘
977,13:19:00,2.76,--,12,3311,卖盘
978,13:18:54,2.76,-0.01,3,993,卖盘
979,13:18:51,2.77,0.01,160,44320,买盘
980,13:18:45,2.76,--,13,3587,买盘
981,13:18:36,2.76,-0.01,60,16780,卖盘
982,13:18:33,2.77,0.01,51,14127,买盘
983,13:18:24,2.76,--,486,134191,买盘
984,13:18:21,2.76,0.01,10,2760,买盘
985,13:18:00,2.75,--,10,2750,卖盘
986,13:17:42,2.75,--,5,1375,卖盘
987,13:17:39,2.75,--,47,12925,卖盘
988,13:17:33,2.75,--,4,1320,卖盘
989,13:17:30,2.75,-0.01,19,5445,卖盘
990,13:17:27,2.76,0.01,1,276,买盘
991,13:17:21,2.75,-0.01,42,11550,卖盘
992,13:17:06,2.76,--,1,276,买盘
993,13:16:51,2.76,--,10,2760,买盘
994,13:16:24,2.76,--,1,276,买盘
995,13:16:21,2.76,--,1,276,买盘
996,13:16:12,2.76,--,4,1104,买盘
997,13:16:09,2.76,--,44,12143,买盘
998,13:16:06,2.76,--,6,1655,买盘
999,13:16:03,2.76,--,2,552,买盘
1000,13:15:39,2.76,--,3,827,买盘
1001,13:15:33,2.76,--,8,2208,买盘
1002,13:15:15,2.76,--,120,33120,买盘
1003,13:15:09,2.76,--,1,276,买盘
1004,13:15:06,2.76,--,14,3863,买盘
1005,13:14:39,2.76,--,38,10488,买盘
1006,13:14:33,2.76,0.01,53,14627,买盘
1007,13:14:30,2.75,-0.01,49,13475,卖盘
1008,13:14:27,2.76,0.01,6,1655,买盘
1009,13:14:09,2.75,-0.01,828,227700,卖盘
1010,13:14:00,2.76,--,34,9384,买盘
1011,13:13:45,2.76,--,20,5520,买盘
1012,13:13:39,2.76,0.01,76,20976,买盘
1013,13:13:21,2.75,-0.01,14,3960,卖盘
1014,13:13:18,2.76,--,2,552,买盘
1015,13:13:15,2.76,0.01,112,30911,买盘
1016,13:12:57,2.75,-0.01,28,7700,卖盘
1017,13:12:54,2.76,--,20,5520,买盘
1018,13:12:51,2.76,--,8,2208,买盘
1019,13:12:36,2.76,0.01,8,2208,买盘
1020,13:12:27,2.75,--,255,70235,卖盘
1021,13:12:24,2.75,-0.01,5,1375,卖盘
1022,13:12:21,2.76,--,5,1380,买盘
1023,13:12:15,2.76,--,185,51059,买盘
1024,13:12:12,2.76,--,1,276,买盘
1025,13:12:06,2.76,--,3,827,买盘
1026,13:11:54,2.76,--,2,552,买盘
1027,13:11:51,2.76,--,1,276,买盘
1028,13:11:45,2.76,--,5,1380,买盘
1029,13:11:27,2.76,--,100,27599,买盘
1030,13:11:24,2.76,--,3,827,买盘
1031,13:11:21,2.76,--,100,27599,买盘
1032,13:11:18,2.76,--,1,276,买盘
1033,13:10:57,2.76,--,3,827,买盘
1034,13:10:54,2.76,--,15,4140,买盘
1035,13:10:51,2.76,--,30,8280,买盘
1036,13:10:45,2.76,--,7,1931,买盘
1037,13:10:33,2.76,--,14,3863,买盘
1038,13:10:27,2.76,--,18,4968,买盘
1039,13:10:18,2.76,--,50,13799,买盘
1040,13:10:09,2.76,--,170,46920,卖盘
1041,13:10:06,2.76,-0.01,11,3035,卖盘
1042,13:09:54,2.77,0.01,1,277,买盘
1043,13:09:48,2.76,--,51,14241,卖盘
1044,13:09:45,2.76,--,2,662,卖盘
1045,13:09:39,2.76,-0.01,18,4968,卖盘
1046,13:09:33,2.77,0.01,73,20221,买盘
1047,13:09:30,2.76,--,72,19872,卖盘
1048,13:09:18,2.76,-0.01,40,11040,卖盘
1049,13:09:15,2.77,0.01,60,16620,买盘
1050,13:09:00,2.76,-0.01,45,12419,卖盘
1051,13:08:54,2.77,0.01,1,277,买盘
1052,13:08:42,2.76,-0.01,10,2760,卖盘
1053,13:08:39,2.77,0.01,5,1385,买盘
1054,13:08:33,2.76,--,151,41676,卖盘
1055,13:08:30,2.76,--,283,78108,卖盘
1056,13:08:27,2.76,--,124,34389,卖盘
1057,13:08:24,2.76,--,106,29255,卖盘
1058,13:08:21,2.76,--,125,34500,卖盘
1059,13:08:18,2.76,--,10,2760,卖盘
1060,13:08:15,2.76,--,16,4416,卖盘
1061,13:08:12,2.76,-0.01,6,1655,卖盘
1062,13:08:09,2.77,--,1,277,买盘
1063,13:08:06,2.77,--,349,96673,买盘
1064,13:08:03,2.77,--,2,554,买盘
1065,13:07:57,2.77,--,1,277,买盘
1066,13:07:54,2.77,--,3,831,买盘
1067,13:07:51,2.77,0.01,5,1385,买盘
1068,13:07:48,2.76,-0.01,119,32844,卖盘
1069,13:07:30,2.77,--,54,14958,买盘
1070,13:07:24,2.77,--,1,277,买盘
1071,13:07:18,2.77,--,20,5540,买盘
1072,13:07:00,2.77,0.01,1,277,买盘
1073,13:06:39,2.76,--,8,2208,卖盘
1074,13:06:33,2.76,--,238,65688,卖盘
1075,13:06:30,2.76,--,84,23184,卖盘
1076,13:06:27,2.76,--,100,27599,卖盘
1077,13:05:51,2.76,--,232,64252,卖盘
1078,13:05:39,2.76,--,1,496,卖盘
1079,13:05:21,2.76,--,352,97372,买盘
1080,13:05:12,2.76,--,134,36984,买盘
1081,13:05:09,2.76,--,36,9936,买盘
1082,13:05:06,2.76,--,243,67068,买盘
1083,13:05:03,2.76,--,7,1931,买盘
1084,13:05:00,2.76,--,40,11040,买盘
1085,13:04:57,2.76,--,800,220799,买盘
1086,13:04:51,2.76,--,464,128063,买盘
1087,13:04:45,2.76,--,5,1380,买盘
1088,13:04:30,2.76,--,1,276,买盘
1089,13:04:15,2.76,--,23,6347,买盘
1090,13:04:03,2.76,--,20,5520,买盘
1091,13:03:57,2.76,--,155,42780,买盘
1092,13:03:51,2.76,0.01,40,11040,买盘
1093,13:03:48,2.75,-0.01,10,2750,卖盘
1094,13:03:45,2.76,--,20,5520,买盘
1095,13:03:42,2.76,--,14,3863,买盘
1096,13:03:33,2.76,--,67,18492,买盘
1097,13:03:30,2.76,--,5,1380,买盘
1098,13:03:27,2.76,--,4,1104,买盘
1099,13:03:21,2.76,--,1,276,买盘
1100,13:03:06,2.76,--,47,12971,买盘
1101,13:03:03,2.76,--,100,27599,买盘
1102,13:03:00,2.76,-0.01,2869,791843,卖盘
1103,13:02:48,2.77,--,4,1108,买盘
1104,13:02:39,2.77,-0.01,263,72906,卖盘
1105,13:02:36,2.78,--,3,833,买盘
1106,13:02:24,2.78,0.01,54,15011,买盘
1107,13:02:15,2.77,-0.01,4,1108,卖盘
1108,13:02:06,2.78,--,2,556,买盘
1109,13:01:57,2.78,0.01,2,556,买盘
1110,13:01:54,2.77,--,98,27146,卖盘
1111,13:01:51,2.77,-0.01,10,2770,卖盘
1112,13:01:45,2.78,--,10,2780,买盘
1113,13:01:21,2.78,0.01,30,8340,买盘
1114,13:01:12,2.77,-0.01,316,87532,卖盘
1115,13:01:06,2.78,--,21,5838,买盘
1116,13:00:42,2.78,--,5,1390,买盘
1117,13:00:24,2.78,--,4,1112,买盘
1118,13:00:18,2.78,0.01,2,556,买盘
1119,13:00:12,2.77,-0.01,3,831,卖盘
1120,13:00:06,2.78,--,105,29189,买盘
1121,13:00:03,2.78,0.02,878,244195,买盘
1122,13:00:00,2.76,-0.01,19,5244,卖盘
1123,11:30:00,2.77,--,0,0,买盘
1124,11:29:51,2.77,--,53,14681,买盘
1125,11:29:39,2.77,--,41,11357,买盘
1126,11:29:21,2.77,-0.01,897,248469,卖盘
1127,11:29:18,2.78,0.01,4,1112,买盘
1128,11:29:12,2.77,--,400,110800,卖盘
1129,11:29:06,2.77,-0.01,26,7202,卖盘
1130,11:29:03,2.78,0.01,20,5560,买盘
1131,11:29:00,2.77,-0.01,100,27700,卖盘
1132,11:28:57,2.78,--,10,2780,买盘
1133,11:28:54,2.78,--,5,1390,买盘
1134,11:28:48,2.78,0.01,34,9452,买盘
1135,11:28:45,2.77,-0.01,631,174787,卖盘
1136,11:28:42,2.78,--,1,278,买盘
1137,11:28:39,2.78,--,60,16680,买盘
1138,11:28:33,2.78,--,5,1390,买盘
1139,11:28:30,2.78,--,2,556,买盘
1140,11:28:15,2.78,0.01,10,2780,买盘
1141,11:28:06,2.77,-0.01,60,16620,卖盘
1142,11:28:00,2.78,--,20,5560,买盘
1143,11:27:39,2.78,0.01,121,33638,买盘
1144,11:27:33,2.77,--,45,12575,卖盘
1145,11:27:30,2.77,-0.01,14,3878,卖盘
1146,11:27:24,2.78,--,1,278,买盘
1147,11:27:21,2.78,0.01,8,2279,买盘
1148,11:27:18,2.77,-0.01,18,4986,卖盘
1149,11:27:12,2.78,--,1,278,买盘
1150,11:27:09,2.78,--,18,5004,买盘
1151,11:26:57,2.78,--,3,833,买盘
1152,11:26:54,2.78,0.01,50,13899,买盘
1153,11:26:45,2.77,--,71,19722,卖盘
1154,11:26:39,2.77,--,20,5540,卖盘
1155,11:26:24,2.77,--,3,831,卖盘
1156,11:26:15,2.77,-0.01,44,12188,卖盘
1157,11:25:51,2.78,--,30,8340,买盘
1158,11:25:36,2.78,--,125,34750,买盘
1159,11:25:30,2.78,0.01,2,556,买盘
1160,11:25:27,2.77,-0.01,8,2216,卖盘
1161,11:25:24,2.78,0.01,3,833,买盘
1162,11:25:18,2.77,-0.01,25,6925,卖盘
1163,11:24:54,2.78,--,2,556,买盘
1164,11:24:48,2.78,--,13,3613,买盘
1165,11:24:36,2.78,0.01,1,278,买盘
1166,11:24:24,2.77,--,28,7756,卖盘
1167,11:24:21,2.77,-0.01,29,8033,卖盘
1168,11:24:18,2.78,0.01,3,833,买盘
1169,11:24:12,2.77,--,5,1385,卖盘
1170,11:24:09,2.77,-0.01,140,38780,卖盘
1171,11:24:06,2.78,--,2,556,买盘
1172,11:23:57,2.78,--,71,19738,买盘
1173,11:23:54,2.78,--,10,2780,买盘
1174,11:23:51,2.78,0.01,2,556,买盘
1175,11:23:45,2.77,-0.01,67,18725,卖盘
1176,11:23:30,2.78,--,9,2502,买盘
1177,11:23:27,2.78,0.01,40,11120,买盘
1178,11:23:24,2.77,--,20,5650,卖盘
1179,11:23:21,2.77,--,0,166,卖盘
1180,11:23:15,2.77,-0.01,10,2770,卖盘
1181,11:23:12,2.78,--,20,5560,买盘
1182,11:22:42,2.78,0.01,20,5560,买盘
1183,11:22:39,2.77,-0.01,3,831,卖盘
1184,11:22:36,2.78,--,60,16680,买盘
1185,11:22:24,2.78,--,150,41700,买盘
1186,11:22:18,2.78,--,7,1945,买盘
1187,11:22:15,2.78,--,50,13899,买盘
1188,11:22:06,2.78,--,14,3891,买盘
1189,11:22:03,2.78,--,26,7227,买盘
1190,11:22:00,2.78,--,4,1112,买盘
1191,11:21:57,2.78,--,3,833,买盘
1192,11:21:45,2.78,--,11,3058,买盘
1193,11:21:42,2.78,--,5,1390,买盘
1194,11:21:39,2.78,--,15,4170,买盘
1195,11:21:33,2.78,--,349,97022,买盘
1196,11:21:21,2.78,--,60,16680,买盘
1197,11:21:18,2.78,--,81,22518,买盘
1198,11:21:15,2.78,0.01,49,13621,买盘
1199,11:21:12,2.77,-0.01,50,13850,卖盘
1200,11:21:09,2.78,--,42,11676,买盘
1201,11:20:54,2.78,--,117,32525,买盘
1202,11:20:51,2.78,--,2,556,买盘
1203,11:20:48,2.78,--,1,278,买盘
1204,11:20:42,2.78,0.01,2,556,买盘
1205,11:20:30,2.77,-0.01,23,6481,卖盘
1206,11:20:24,2.78,0.01,19,5282,买盘
1207,11:20:18,2.77,-0.01,10,2770,卖盘
1208,11:20:12,2.78,--,8,2224,买盘
1209,11:20:09,2.78,--,18,5004,买盘
1210,11:19:57,2.78,0.01,1,278,买盘
1211,11:19:48,2.77,-0.01,30,8310,卖盘
1212,11:19:45,2.78,--,8,2224,买盘
1213,11:19:42,2.78,--,1,278,买盘
1214,11:19:39,2.78,--,11,3058,买盘
1215,11:19:36,2.78,--,16,4448,买盘
1216,11:19:30,2.78,--,9,2502,买盘
1217,11:19:27,2.78,0.01,5,1390,买盘
1218,11:19:21,2.77,-0.01,25,6925,卖盘
1219,11:19:18,2.78,--,135,37530,买盘
1220,11:19:15,2.78,--,1,278,买盘
1221,11:19:00,2.78,0.01,2,556,买盘
1222,11:18:57,2.77,-0.01,500,138500,卖盘
1223,11:18:48,2.78,--,1,278,买盘
1224,11:18:45,2.78,--,6,1667,买盘
1225,11:18:42,2.78,--,24,6671,买盘
1226,11:18:39,2.78,--,106,29467,买盘
1227,11:18:27,2.78,0.01,11,3058,买盘
1228,11:18:21,2.77,--,10,2770,卖盘
1229,11:18:15,2.77,--,0,55,卖盘
1230,11:18:03,2.77,--,200,55400,卖盘
1231,11:17:54,2.77,--,13,3601,卖盘
1232,11:17:51,2.77,--,25,7146,卖盘
1233,11:17:45,2.77,0.01,74,20553,买盘
1234,11:17:42,2.76,-0.01,29,8003,卖盘
1235,11:17:39,2.77,--,251,69527,买盘
1236,11:17:36,2.77,--,5,1385,买盘
1237,11:17:24,2.77,--,204,56508,买盘
1238,11:17:15,2.77,--,43,11911,买盘
1239,11:17:12,2.77,0.01,326,90302,买盘
1240,11:17:09,2.76,--,16,4416,卖盘
1241,11:17:06,2.76,-0.01,0,165,卖盘
1242,11:16:57,2.77,--,1,277,买盘
1243,11:16:54,2.77,0.01,6,1662,买盘
1244,11:16:48,2.76,-0.01,14,3863,卖盘
1245,11:16:42,2.77,--,100,27700,买盘
1246,11:16:33,2.77,--,1,277,买盘
1247,11:16:30,2.77,--,50,13850,买盘
1248,11:16:27,2.77,--,44,12188,买盘
1249,11:16:18,2.77,0.01,16,4432,买盘
1250,11:16:15,2.76,-0.01,23,6347,卖盘
1251,11:16:12,2.77,--,76,21052,买盘
1252,11:16:09,2.77,--,1,277,买盘
1253,11:16:06,2.77,0.01,4,1108,买盘
1254,11:16:03,2.76,-0.01,30,8280,卖盘
1255,11:16:00,2.77,--,5,1385,买盘
1256,11:15:54,2.77,0.01,1,277,买盘
1257,11:15:51,2.76,-0.01,4,1324,卖盘
1258,11:15:45,2.77,--,100,27700,买盘
1259,11:15:42,2.77,--,7,1939,买盘
1260,11:15:39,2.77,--,13,3601,买盘
1261,11:15:33,2.77,--,6,1662,买盘
1262,11:15:30,2.77,--,2,554,买盘
1263,11:15:27,2.77,--,4,1108,买盘
1264,11:15:24,2.77,--,100,27700,买盘
1265,11:15:21,2.77,--,1,277,买盘
1266,11:15:18,2.77,--,16,4432,买盘
1267,11:15:12,2.77,--,5,1385,买盘
1268,11:15:06,2.77,--,23,6371,买盘
1269,11:15:00,2.77,--,6,1662,买盘
1270,11:14:57,2.77,--,49,13573,买盘
1271,11:14:54,2.77,--,1,277,买盘
1272,11:14:48,2.77,--,10,2770,买盘
1273,11:14:42,2.77,0.01,72,19944,买盘
1274,11:14:39,2.76,--,101,27875,卖盘
1275,11:14:30,2.76,-0.01,123,34113,卖盘
1276,11:14:24,2.77,--,43,11911,买盘
1277,11:14:21,2.77,--,84,23268,买盘
1278,11:14:15,2.77,--,2,554,买盘
1279,11:14:12,2.77,--,5,1385,买盘
1280,11:14:06,2.77,--,56,15512,买盘
1281,11:14:03,2.77,0.01,30,8310,买盘
1282,11:14:00,2.76,-0.01,100,27599,卖盘
1283,11:13:57,2.77,--,1001,277277,买盘
1284,11:13:54,2.77,--,7,1939,买盘
1285,11:13:51,2.77,--,10,2770,买盘
1286,11:13:48,2.77,--,13,3601,买盘
1287,11:13:36,2.77,--,17,4709,买盘
1288,11:13:27,2.77,--,10,2770,买盘
1289,11:13:21,2.77,--,6,1662,买盘
1290,11:13:18,2.77,--,30,8310,买盘
1291,11:13:06,2.77,--,1,277,买盘
1292,11:13:03,2.77,--,50,13850,买盘
1293,11:13:00,2.77,--,1,277,买盘
1294,11:12:57,2.77,--,10,2770,买盘
1295,11:12:54,2.77,--,14,3878,买盘
1296,11:12:51,2.77,0.01,1,277,买盘
1297,11:12:48,2.76,-0.01,6,1655,卖盘
1298,11:12:45,2.77,--,74,20498,买盘
1299,11:12:42,2.77,--,83,22991,买盘
1300,11:12:39,2.77,0.01,38,10526,买盘
1301,11:12:36,2.76,-0.01,3501,966275,卖盘
1302,11:12:33,2.77,0.01,1,277,买盘
1303,11:12:30,2.76,-0.01,105,28979,卖盘
1304,11:12:27,2.77,--,24,6648,买盘
1305,11:12:21,2.77,--,23,6371,买盘
1306,11:12:12,2.77,--,1,277,买盘
1307,11:12:06,2.77,--,16,4432,买盘
1308,11:12:03,2.77,--,1,277,买盘
1309,11:11:57,2.77,--,6,1662,买盘
1310,11:11:54,2.77,0.01,10,2770,买盘
1311,11:11:51,2.76,-0.01,2,552,卖盘
1312,11:11:45,2.77,--,25,6925,买盘
1313,11:11:42,2.77,--,18,4986,买盘
1314,11:11:33,2.77,--,2,554,买盘
1315,11:11:30,2.77,--,102,28254,买盘
1316,11:11:03,2.77,--,21,5817,买盘
1317,11:11:00,2.77,--,28,7756,买盘
1318,11:10:57,2.77,--,4,1108,买盘
1319,11:10:45,2.77,--,20,5540,买盘
1320,11:10:39,2.77,--,7,1939,买盘
1321,11:10:33,2.77,--,960,265920,买盘
1322,11:10:27,2.77,--,13,3601,买盘
1323,11:10:18,2.77,0.01,5,1385,买盘
1324,11:10:15,2.76,-0.01,8,2208,卖盘
1325,11:10:12,2.77,--,10,2770,买盘
1326,11:10:03,2.77,--,2,554,买盘
1327,11:10:00,2.77,--,2,554,买盘
1328,11:09:54,2.77,--,24,6648,买盘
1329,11:09:42,2.77,--,55,15235,买盘
1330,11:09:39,2.77,0.01,45,12465,买盘
1331,11:09:30,2.76,--,22,6127,卖盘
1332,11:09:27,2.76,-0.01,10,2760,卖盘
1333,11:09:18,2.77,0.01,10,2770,买盘
1334,11:09:15,2.76,-0.01,17,4692,卖盘
1335,11:09:09,2.77,--,21,5817,买盘
1336,11:09:06,2.77,0.01,85,23545,买盘
1337,11:08:57,2.76,-0.01,200,55199,卖盘
1338,11:08:51,2.77,--,1,277,买盘
1339,11:08:48,2.77,--,86,23822,买盘
1340,11:08:45,2.77,--,28,7756,买盘
1341,11:08:42,2.77,--,146,40442,买盘
1342,11:08:39,2.77,--,66,18282,买盘
1343,11:08:30,2.77,--,10,2770,买盘
1344,11:08:18,2.77,--,33,9141,买盘
1345,11:08:15,2.77,0.01,7,1939,买盘
1346,11:08:03,2.76,-0.01,1,441,卖盘
1347,11:07:48,2.77,--,176,48752,买盘
1348,11:07:42,2.77,--,14,3878,买盘
1349,11:07:36,2.77,--,10,2770,买盘
1350,11:07:33,2.77,--,13,3601,买盘
1351,11:07:27,2.77,--,280,77560,买盘
1352,11:07:21,2.77,--,100,27700,买盘
1353,11:07:18,2.77,--,50,13850,买盘
1354,11:07:09,2.77,--,13,3601,买盘
1355,11:07:03,2.77,--,1,277,买盘
1356,11:06:54,2.77,--,10,2770,买盘
1357,11:06:51,2.77,--,336,93072,买盘
1358,11:06:48,2.77,0.01,81,22437,买盘
1359,11:06:45,2.76,-0.01,7,1931,卖盘
1360,11:06:36,2.77,--,155,42935,买盘
1361,11:06:33,2.77,--,11,3047,买盘
1362,11:06:18,2.77,0.01,30,8310,买盘
1363,11:06:15,2.76,-0.01,20,5520,卖盘
1364,11:06:03,2.77,0.01,53,14681,买盘
1365,11:05:54,2.76,-0.01,20,5520,卖盘
1366,11:05:48,2.77,--,40,11080,买盘
1367,11:05:42,2.77,--,79,21883,买盘
1368,11:05:30,2.77,--,50,13850,买盘
1369,11:05:24,2.77,--,4,1108,买盘
1370,11:05:18,2.77,0.01,27,7479,买盘
1371,11:05:12,2.76,-0.01,336,92901,卖盘
1372,11:05:09,2.77,0.01,1,277,买盘
1373,11:05:06,2.76,-0.01,37,10212,卖盘
1374,11:05:00,2.77,--,15,4155,买盘
1375,11:04:57,2.77,0.01,25,6925,买盘
1376,11:04:54,2.76,-0.01,100,27599,卖盘
1377,11:04:48,2.77,--,34,9418,买盘
1378,11:04:39,2.77,--,1,277,买盘
1379,11:04:36,2.77,0.01,56,15512,买盘
1380,11:04:30,2.76,-0.01,10,2760,卖盘
1381,11:04:21,2.77,0.01,9,2493,买盘
1382,11:04:15,2.76,--,30,8445,卖盘
1383,11:04:03,2.76,--,62,17222,卖盘
1384,11:03:48,2.76,--,4,1104,卖盘
1385,11:03:42,2.76,--,50,13799,卖盘
1386,11:03:36,2.76,--,100,27599,卖盘
1387,11:03:24,2.76,-0.01,133,36708,卖盘
1388,11:03:21,2.77,--,31,8587,买盘
1389,11:03:03,2.77,0.01,24,6648,买盘
1390,11:03:00,2.76,--,2,552,卖盘
1391,11:02:54,2.76,--,236,65356,卖盘
1392,11:02:51,2.76,-0.01,34,9604,卖盘
1393,11:02:45,2.77,0.01,15,4155,买盘
1394,11:02:36,2.76,-0.01,137,37977,卖盘
1395,11:02:30,2.77,--,109,30414,买盘
1396,11:02:24,2.77,0.01,1,277,买盘
1397,11:02:21,2.76,--,1,276,卖盘
1398,11:02:15,2.76,-0.01,20,5520,卖盘
1399,11:02:12,2.77,0.01,1,277,买盘
1400,11:02:09,2.76,--,5,1380,卖盘
1401,11:02:06,2.76,-0.01,90,24839,卖盘
1402,11:01:57,2.77,0.01,171,47367,买盘
1403,11:01:54,2.76,-0.01,523,144568,卖盘
1404,11:01:48,2.77,--,56,15567,买盘
1405,11:01:45,2.77,0.01,27,7479,买盘
1406,11:01:42,2.76,-0.01,220,60719,卖盘
1407,11:01:39,2.77,--,9,2493,买盘
1408,11:01:30,2.77,--,52,14404,买盘
1409,11:01:24,2.77,0.01,3,831,买盘
1410,11:01:21,2.76,--,10,2760,卖盘
1411,11:01:18,2.76,--,336,92846,卖盘
1412,11:01:09,2.76,-0.01,36,9936,卖盘
1413,11:01:03,2.77,0.01,10,2770,买盘
1414,11:00:54,2.76,--,10,2760,卖盘
1415,11:00:48,2.76,--,7,1987,卖盘
1416,11:00:45,2.76,--,12,3311,卖盘
1417,11:00:30,2.76,--,23,6347,卖盘
1418,11:00:21,2.76,--,101,28041,买盘
1419,11:00:18,2.76,--,2,552,买盘
1420,11:00:12,2.76,--,96,26606,卖盘
1421,11:00:09,2.76,-0.01,1300,359020,卖盘
1422,11:00:03,2.77,--,23,6371,买盘
1423,11:00:00,2.77,--,82,22714,买盘
1424,10:59:54,2.77,--,17,4709,买盘
1425,10:59:45,2.77,--,1990,551230,买盘
1426,10:59:42,2.77,--,5,1385,买盘
1427,10:59:39,2.77,0.01,6,1662,买盘
1428,10:59:33,2.76,--,3,993,卖盘
1429,10:59:24,2.76,--,999,275834,卖盘
1430,10:59:21,2.76,-0.01,36,9936,卖盘
1431,10:59:15,2.77,--,8,2216,买盘
1432,10:59:12,2.77,--,82,22714,买盘
1433,10:59:09,2.77,--,31,8587,买盘
1434,10:59:03,2.77,--,2,554,买盘
1435,10:59:00,2.77,--,1,277,买盘
1436,10:58:57,2.77,0.01,6,1662,买盘
1437,10:58:48,2.76,--,13,3587,卖盘
1438,10:58:45,2.76,-0.01,8,2208,卖盘
1439,10:58:42,2.77,--,6,1662,买盘
1440,10:58:27,2.77,0.01,6,1662,买盘
1441,10:58:18,2.76,-0.01,28,7727,卖盘
1442,10:58:15,2.77,--,2,554,买盘
1443,10:58:09,2.77,--,27,7479,买盘
1444,10:58:06,2.77,--,9,2493,买盘
1445,10:58:00,2.77,--,85,23545,买盘
1446,10:57:54,2.77,--,2,554,买盘
1447,10:57:51,2.77,--,5,1385,买盘
1448,10:57:42,2.77,--,6,1662,买盘
1449,10:57:39,2.77,0.01,9,2493,买盘
1450,10:57:33,2.76,-0.01,100,27599,卖盘
1451,10:57:21,2.77,0.01,6,1662,买盘
1452,10:57:18,2.76,--,132,36652,买盘
1453,10:57:15,2.76,--,528,145728,买盘
1454,10:57:12,2.76,--,4,1104,买盘
1455,10:57:09,2.76,0.01,74,20424,买盘
1456,10:57:06,2.75,-0.01,25,6930,卖盘
1457,10:57:03,2.76,--,201,55475,买盘
1458,10:56:57,2.76,--,52,14407,买盘
1459,10:56:51,2.76,--,18,4968,买盘
1460,10:56:48,2.76,--,13,3587,买盘
1461,10:56:45,2.76,--,170,46975,买盘
1462,10:56:42,2.76,--,76,20976,买盘
1463,10:56:39,2.76,--,51,14075,买盘
1464,10:56:36,2.76,--,260,71760,买盘
1465,10:56:33,2.76,--,10,2760,买盘
1466,10:56:30,2.76,--,80,22080,买盘
1467,10:56:24,2.76,--,39,10764,买盘
1468,10:56:21,2.76,--,309,85284,买盘
1469,10:56:15,2.76,--,130,35880,买盘
1470,10:56:12,2.76,0.01,200,55199,买盘
1471,10:56:06,2.75,-0.01,118,32450,卖盘
1472,10:56:03,2.76,--,23,6347,买盘
1473,10:55:57,2.76,--,20,5520,买盘
1474,10:55:54,2.76,--,2,552,买盘
1475,10:55:48,2.76,0.01,6,1655,买盘
1476,10:55:45,2.75,--,16,4455,卖盘
1477,10:55:42,2.75,-0.01,30,8250,卖盘
1478,10:55:39,2.76,0.01,145,40020,买盘
1479,10:55:33,2.75,--,28,7810,卖盘
1480,10:55:30,2.75,-0.01,100,27500,卖盘
1481,10:55:27,2.76,--,4,1104,买盘
1482,10:55:24,2.76,0.01,2,552,买盘
1483,10:55:21,2.75,-0.01,83,22935,卖盘
1484,10:55:15,2.76,0.01,1,276,买盘
1485,10:55:12,2.75,--,33,9075,卖盘
1486,10:55:09,2.75,--,93,25630,卖盘
1487,10:55:06,2.75,--,13,3575,卖盘
1488,10:55:03,2.75,--,110,30250,卖盘
1489,10:55:00,2.75,--,60,16555,卖盘
1490,10:54:57,2.75,--,74,20350,卖盘
1491,10:54:51,2.75,--,44,12100,卖盘
1492,10:54:48,2.75,--,70,19250,卖盘
1493,10:54:42,2.75,-0.01,85,23375,卖盘
1494,10:54:39,2.76,0.01,31,8556,买盘
1495,10:54:36,2.75,--,3,825,卖盘
1496,10:54:33,2.75,-0.01,51,14025,卖盘
1497,10:54:30,2.76,0.01,23,6347,买盘
1498,10:54:21,2.75,-0.01,30,8250,卖盘
1499,10:54:18,2.76,0.01,2,552,买盘
1500,10:54:15,2.75,-0.01,40,11000,卖盘
1501,10:54:12,2.76,--,48,13247,买盘
1502,10:53:54,2.76,--,38,10639,卖盘
1503,10:53:51,2.76,--,462,127580,卖盘
1504,10:53:48,2.76,--,100,27599,卖盘
1505,10:53:42,2.76,--,3570,985319,卖盘
1506,10:53:36,2.76,-0.01,68,18768,卖盘
1507,10:53:33,2.77,--,210,58170,买盘
1508,10:53:30,2.77,0.01,46,12742,买盘
1509,10:53:27,2.76,-0.01,39,10819,卖盘
1510,10:53:21,2.77,0.01,74,20498,买盘
1511,10:53:15,2.76,--,45,12419,卖盘
1512,10:53:12,2.76,-0.01,4,1159,卖盘
1513,10:53:09,2.77,0.01,22,6094,买盘
1514,10:53:03,2.76,-0.01,210,57959,卖盘
1515,10:53:00,2.77,0.01,4,1108,买盘
1516,10:52:57,2.76,--,20,5520,卖盘
1517,10:52:54,2.76,--,5,1380,卖盘
1518,10:52:51,2.76,-0.01,20,5740,卖盘
1519,10:52:48,2.77,--,121,33517,买盘
1520,10:52:45,2.77,--,2,554,买盘
1521,10:52:42,2.77,--,296,82102,卖盘
1522,10:52:39,2.77,--,81,22437,卖盘
1523,10:52:36,2.77,-0.01,929,257333,卖盘
1524,10:52:33,2.78,0.01,18,5004,买盘
1525,10:52:30,2.77,--,1547,428519,卖盘
1526,10:52:27,2.77,--,46,12742,卖盘
1527,10:52:18,2.77,-0.01,10,2770,卖盘
1528,10:52:15,2.78,--,51,14177,买盘
1529,10:52:12,2.78,--,10,2780,买盘
1530,10:52:09,2.78,0.01,2,556,买盘
1531,10:52:06,2.77,--,12,3324,卖盘
1532,10:51:54,2.77,--,7,2160,卖盘
1533,10:51:48,2.77,--,14,3988,卖盘
1534,10:51:45,2.77,--,12,3324,卖盘
1535,10:51:42,2.77,-0.01,65,18005,卖盘
1536,10:51:39,2.78,--,18,5004,买盘
1537,10:51:36,2.78,--,19,5282,买盘
1538,10:51:33,2.78,--,106,29467,买盘
1539,10:51:30,2.78,--,10,2780,买盘
1540,10:51:24,2.78,0.01,1,278,买盘
1541,10:51:21,2.77,-0.01,60,16620,卖盘
1542,10:51:12,2.78,0.01,21,5838,买盘
1543,10:51:06,2.77,--,3,831,卖盘
1544,10:51:00,2.77,-0.01,19,5429,卖盘
1545,10:50:48,2.78,--,13,3613,买盘
1546,10:50:36,2.78,0.01,31,8618,买盘
1547,10:50:27,2.77,-0.01,16,4432,卖盘
1548,10:50:18,2.78,--,100,27799,买盘
1549,10:50:15,2.78,0.01,20,5560,买盘
1550,10:50:06,2.77,-0.01,26,7257,卖盘
1551,10:50:00,2.78,0.01,32,8896,买盘
1552,10:49:57,2.77,--,19,5484,卖盘
1553,10:49:54,2.77,--,16,4653,卖盘
1554,10:49:45,2.77,-0.01,120,33240,卖盘
1555,10:49:42,2.78,--,2,556,买盘
1556,10:49:39,2.78,--,49,13788,买盘
1557,10:49:36,2.78,0.01,23,6394,买盘
1558,10:49:24,2.77,-0.01,104,28918,卖盘
1559,10:49:21,2.78,0.01,3,833,买盘
1560,10:49:18,2.77,--,3,831,卖盘
1561,10:49:06,2.77,--,20,5540,卖盘
1562,10:49:03,2.77,--,18,4986,卖盘
1563,10:49:00,2.77,--,97,26869,卖盘
1564,10:48:57,2.77,--,7,1994,卖盘
1565,10:48:54,2.77,--,5,1385,卖盘
1566,10:48:51,2.77,--,438,121536,买盘
1567,10:48:48,2.77,--,8,2216,买盘
1568,10:48:45,2.77,0.01,1000,277000,买盘
1569,10:48:42,2.76,-0.01,5,1380,卖盘
1570,10:48:39,2.77,--,30,8310,买盘
1571,10:48:36,2.77,--,303,83931,买盘
1572,10:48:33,2.77,0.01,17,4709,买盘
1573,10:48:30,2.76,-0.01,46,12695,卖盘
1574,10:48:27,2.77,--,6,1662,买盘
1575,10:48:18,2.77,0.01,12,3545,买盘
1576,10:48:15,2.76,-0.01,6,1655,卖盘
1577,10:48:09,2.77,--,22,6094,买盘
1578,10:48:06,2.77,--,50,13850,买盘
1579,10:48:03,2.77,--,11,3047,买盘
1580,10:48:00,2.77,--,133,36841,买盘
1581,10:47:57,2.77,--,137,37949,买盘
1582,10:47:48,2.77,--,3,831,买盘
1583,10:47:42,2.77,--,11,3047,买盘
1584,10:47:36,2.77,0.01,1,277,买盘
1585,10:47:33,2.76,--,56,15455,卖盘
1586,10:47:30,2.76,--,20,5520,卖盘
1587,10:47:27,2.76,-0.01,9,2484,卖盘
1588,10:47:24,2.77,--,4,1108,买盘
1589,10:47:21,2.77,--,8,2216,买盘
1590,10:47:18,2.77,--,100,27700,买盘
1591,10:47:12,2.77,--,14,3878,买盘
1592,10:47:09,2.77,--,10,2770,买盘
1593,10:47:06,2.77,--,3,831,买盘
1594,10:47:03,2.77,--,3,831,买盘
1595,10:46:57,2.77,--,1,277,买盘
1596,10:46:45,2.77,--,191,52907,买盘
1597,10:46:39,2.77,--,8,2216,买盘
1598,10:46:33,2.77,--,63,17451,买盘
1599,10:46:30,2.77,--,12,3324,买盘
1600,10:46:27,2.77,--,10,2770,买盘
1601,10:46:21,2.77,--,19,5263,买盘
1602,10:46:18,2.77,0.01,50,13850,买盘
1603,10:46:15,2.76,-0.01,26,7231,卖盘
1604,10:46:12,2.77,--,5,1385,买盘
1605,10:46:09,2.77,--,32,8864,买盘
1606,10:46:06,2.77,--,40,11080,买盘
1607,10:46:00,2.77,--,20,5540,买盘
1608,10:45:57,2.77,--,4,1108,买盘
1609,10:45:54,2.77,--,18,4986,买盘
1610,10:45:48,2.77,--,50,13850,买盘
1611,10:45:45,2.77,--,25,6925,买盘
1612,10:45:42,2.77,--,15,4155,买盘
1613,10:45:36,2.77,--,2,554,买盘
1614,10:45:30,2.77,--,50,13850,买盘
1615,10:45:27,2.77,--,38,10526,买盘
1616,10:45:24,2.77,--,13,3601,买盘
1617,10:45:21,2.77,--,40,11080,买盘
1618,10:45:18,2.77,--,11,3047,买盘
1619,10:45:15,2.77,--,60,16620,买盘
1620,10:45:12,2.77,--,1,443,买盘
1621,10:45:09,2.77,--,40,11080,买盘
1622,10:45:06,2.77,--,76,21052,买盘
1623,10:45:03,2.77,--,2,554,买盘
1624,10:45:00,2.77,--,23,6371,买盘
1625,10:44:57,2.77,--,93,25761,买盘
1626,10:44:54,2.77,--,10,2770,买盘
1627,10:44:51,2.77,--,179,49583,买盘
1628,10:44:42,2.77,0.01,1,277,买盘
1629,10:44:39,2.76,-0.01,360,99415,卖盘
1630,10:44:36,2.77,0.01,20,5540,买盘
1631,10:44:30,2.76,-0.01,3,827,卖盘
1632,10:44:27,2.77,0.01,26,7202,买盘
1633,10:44:18,2.76,-0.01,47,13192,卖盘
1634,10:44:15,2.77,--,12,3324,买盘
1635,10:44:06,2.77,0.01,50,13850,买盘
1636,10:44:03,2.76,-0.01,30,8280,卖盘
1637,10:44:00,2.77,--,200,55400,买盘
1638,10:43:57,2.77,--,11,3047,买盘
1639,10:43:54,2.77,--,50,13960,买盘
1640,10:43:51,2.77,--,280,77560,买盘
1641,10:43:45,2.77,--,22,6094,买盘
1642,10:43:42,2.77,--,377,104429,买盘
1643,10:43:39,2.77,--,31,8753,买盘
1644,10:43:36,2.77,0.01,9,2493,买盘
1645,10:43:33,2.76,-0.01,114,31463,卖盘
1646,10:43:30,2.77,--,8,2216,买盘
1647,10:43:27,2.77,--,101,27977,买盘
1648,10:43:24,2.77,0.01,108,29916,买盘
1649,10:43:21,2.76,-0.01,32,8832,卖盘
1650,10:43:18,2.77,0.01,114,31578,买盘
1651,10:43:15,2.76,-0.01,223,61547,卖盘
1652,10:43:12,2.77,--,140,38780,买盘
1653,10:43:09,2.77,--,182,50414,买盘
1654,10:43:06,2.77,--,73,20221,买盘
1655,10:43:03,2.77,--,1,277,买盘
1656,10:43:00,2.77,--,15,4155,买盘
1657,10:42:57,2.77,0.01,199,55123,买盘
1658,10:42:54,2.76,-0.01,2703,746028,卖盘
1659,10:42:51,2.77,0.01,34,9418,买盘
1660,10:42:48,2.76,-0.01,83,23018,卖盘
1661,10:42:45,2.77,--,82,22714,买盘
1662,10:42:39,2.77,--,50,13850,买盘
1663,10:42:36,2.77,--,10,2770,买盘
1664,10:42:30,2.77,--,1,277,买盘
1665,10:42:27,2.77,--,80,22160,买盘
1666,10:42:24,2.77,--,217,60109,买盘
1667,10:42:21,2.77,--,26,7202,买盘
1668,10:42:18,2.77,--,448,124123,卖盘
1669,10:42:15,2.77,--,480,132960,卖盘
1670,10:42:12,2.77,--,404,111908,卖盘
1671,10:42:09,2.77,--,5,1385,卖盘
1672,10:42:03,2.77,--,100,27700,卖盘
1673,10:42:00,2.77,--,1000,277000,卖盘
1674,10:41:57,2.77,-0.01,400,110800,卖盘
1675,10:41:54,2.78,0.01,16,4448,买盘
1676,10:41:51,2.77,--,200,55400,卖盘
1677,10:41:48,2.77,--,9,2493,卖盘
1678,10:41:45,2.77,--,120,33240,卖盘
1679,10:41:36,2.77,--,10,2770,卖盘
1680,10:41:30,2.77,-0.01,3,886,卖盘
1681,10:41:24,2.78,--,17,4726,买盘
1682,10:41:15,2.78,--,42,11676,买盘
1683,10:41:12,2.78,--,13,3613,买盘
1684,10:41:09,2.78,0.01,76,21128,买盘
1685,10:41:06,2.77,-0.01,512,141824,卖盘
1686,10:41:00,2.78,--,230,63939,买盘
1687,10:40:57,2.78,--,1,278,买盘
1688,10:40:54,2.78,--,5,1390,买盘
1689,10:40:51,2.78,--,105,29189,买盘
1690,10:40:39,2.78,0.01,92,25576,买盘
1691,10:40:36,2.77,-0.01,12,3324,卖盘
1692,10:40:33,2.78,0.01,1,278,买盘
1693,10:40:30,2.77,--,8,2216,卖盘
1694,10:40:27,2.77,--,115,31855,卖盘
1695,10:40:24,2.77,--,112,31024,卖盘
1696,10:40:21,2.77,--,49,13711,卖盘
1697,10:40:18,2.77,-0.01,48,13296,卖盘
1698,10:40:15,2.78,--,1,278,买盘
1699,10:40:12,2.78,0.01,1,278,买盘
1700,10:40:09,2.77,--,139,38613,卖盘
1701,10:40:06,2.77,--,10,2770,卖盘
1702,10:40:03,2.77,-0.01,68,18836,卖盘
1703,10:39:57,2.78,0.01,10,2780,买盘
1704,10:39:54,2.77,--,22,6094,卖盘
1705,10:39:48,2.77,-0.01,9,2493,卖盘
1706,10:39:42,2.78,0.01,27,7505,买盘
1707,10:39:39,2.77,--,17,4709,卖盘
1708,10:39:36,2.77,-0.01,426,118168,卖盘
1709,10:39:30,2.78,0.01,2,556,买盘
1710,10:39:27,2.77,--,680,188526,卖盘
1711,10:39:24,2.77,-0.01,184,50968,卖盘
1712,10:39:21,2.78,0.01,25,6949,买盘
1713,10:39:18,2.77,-0.01,31,8642,卖盘
1714,10:39:15,2.78,--,55,15289,买盘
1715,10:39:09,2.78,0.01,119,33082,买盘
1716,10:39:06,2.77,-0.01,730,202210,卖盘
1717,10:38:54,2.78,--,58,16123,买盘
1718,10:38:51,2.78,--,8,2224,买盘
1719,10:38:48,2.78,--,33,9174,买盘
1720,10:38:45,2.78,--,225,62549,买盘
1721,10:38:39,2.78,0.01,141,39198,买盘
1722,10:38:36,2.77,-0.01,1,277,卖盘
1723,10:38:33,2.78,0.01,20,5560,买盘
1724,10:38:30,2.77,-0.01,9,2493,卖盘
1725,10:38:27,2.78,--,200,55599,买盘
1726,10:38:24,2.78,--,27,7505,买盘
1727,10:38:18,2.78,--,52,14455,买盘
1728,10:38:15,2.78,--,143,39754,买盘
1729,10:38:12,2.78,--,11,3058,买盘
1730,10:38:09,2.78,--,107,29745,买盘
1731,10:38:06,2.78,--,304,84512,买盘
1732,10:38:03,2.78,--,1,278,买盘
1733,10:38:00,2.78,--,40,11120,买盘
1734,10:37:54,2.78,--,24,6671,买盘
1735,10:37:51,2.78,--,33,9174,买盘
1736,10:37:48,2.78,--,72,20016,买盘
1737,10:37:45,2.78,--,89,24742,买盘
1738,10:37:39,2.78,--,378,105083,买盘
1739,10:37:36,2.78,--,1243,345554,买盘
1740,10:37:30,2.78,--,29,8061,买盘
1741,10:37:21,2.78,0.01,41,11398,买盘
1742,10:37:18,2.77,-0.01,10,2770,卖盘
1743,10:37:12,2.78,--,91,25298,买盘
1744,10:37:09,2.78,--,46,12788,买盘
1745,10:37:06,2.78,--,11,3058,买盘
1746,10:37:03,2.78,--,75,20850,买盘
1747,10:37:00,2.78,--,53,14733,买盘
1748,10:36:54,2.78,--,16,4670,买盘
1749,10:36:51,2.78,--,6,1667,买盘
1750,10:36:48,2.78,--,50,13899,买盘
1751,10:36:45,2.78,--,19,5282,买盘
1752,10:36:39,2.78,--,41,11398,买盘
1753,10:36:33,2.78,--,14,3891,买盘
1754,10:36:27,2.78,-0.01,161,44980,卖盘
1755,10:36:24,2.79,0.01,42,11718,买盘
1756,10:36:21,2.78,--,54,15234,卖盘
1757,10:36:18,2.78,-0.01,6,1667,卖盘
1758,10:36:15,2.79,0.01,2,725,买盘
1759,10:36:12,2.78,--,53,14733,卖盘
1760,10:36:09,2.78,--,541,150398,卖盘
1761,10:36:06,2.78,-0.01,7,2168,卖盘
1762,10:36:03,2.79,0.01,392,109368,买盘
1763,10:36:00,2.78,--,35,9730,卖盘
1764,10:35:57,2.78,-0.01,15,4170,卖盘
1765,10:35:54,2.79,--,11,3069,买盘
1766,10:35:51,2.79,--,3,837,买盘
1767,10:35:48,2.79,0.01,15,4185,买盘
1768,10:35:45,2.78,--,21,5838,卖盘
1769,10:35:42,2.78,-0.01,10,2780,卖盘
1770,10:35:39,2.79,--,302,84258,买盘
1771,10:35:36,2.79,0.01,1,279,买盘
1772,10:35:33,2.78,--,45,12510,卖盘
1773,10:35:27,2.78,--,8,2224,卖盘
1774,10:35:21,2.78,-0.01,132,36696,卖盘
1775,10:35:18,2.79,0.01,16,4464,买盘
1776,10:35:15,2.78,--,77,21628,卖盘
1777,10:35:09,2.78,--,11,3169,卖盘
1778,10:35:03,2.78,-0.01,1,389,卖盘
1779,10:35:00,2.79,0.01,8,2232,买盘
1780,10:34:57,2.78,--,5,1390,卖盘
1781,10:34:54,2.78,-0.01,15,4170,卖盘
1782,10:34:51,2.79,0.01,57,15903,买盘
1783,10:34:48,2.78,--,36,10008,卖盘
1784,10:34:45,2.78,--,34,9452,卖盘
1785,10:34:42,2.78,-0.01,19,5393,卖盘
1786,10:34:39,2.79,--,36,10044,买盘
1787,10:34:33,2.79,0.01,20,5580,买盘
1788,10:34:30,2.78,--,104,29078,卖盘
1789,10:34:27,2.78,-0.01,200,55599,卖盘
1790,10:34:24,2.79,--,1,279,买盘
1791,10:34:18,2.79,0.01,35,9820,买盘
1792,10:34:15,2.78,-0.01,35,9730,卖盘
1793,10:34:09,2.79,--,3,837,买盘
1794,10:34:06,2.79,--,2,558,买盘
1795,10:34:00,2.79,0.01,227,63333,买盘
1796,10:33:57,2.78,-0.01,63,17736,卖盘
1797,10:33:54,2.79,0.01,1,279,买盘
1798,10:33:51,2.78,-0.01,18,5004,卖盘
1799,10:33:48,2.79,0.01,4,1116,买盘
1800,10:33:42,2.78,-0.01,6,1667,卖盘
1801,10:33:39,2.79,--,95,26505,买盘
1802,10:33:36,2.79,--,18,5133,买盘
1803,10:33:27,2.79,--,48,13392,买盘
1804,10:33:24,2.79,0.01,3,837,买盘
1805,10:33:21,2.78,--,250,69500,卖盘
1806,10:33:18,2.78,--,32,8896,卖盘
1807,10:33:12,2.78,--,10,2780,卖盘
1808,10:33:06,2.78,--,54,15178,卖盘
1809,10:33:03,2.78,--,188,52486,卖盘
1810,10:33:00,2.78,-0.01,20,5560,卖盘
1811,10:32:57,2.79,--,1,279,买盘
1812,10:32:54,2.79,0.01,2,558,买盘
1813,10:32:48,2.78,-0.01,128,35584,卖盘
1814,10:32:45,2.79,0.01,30,8370,买盘
1815,10:32:42,2.78,-0.01,22,6282,卖盘
1816,10:32:39,2.79,--,15,4185,买盘
1817,10:32:36,2.79,--,25,6975,买盘
1818,10:32:33,2.79,--,90,25110,买盘
1819,10:32:30,2.79,--,10,2790,买盘
1820,10:32:24,2.79,--,3,837,买盘
1821,10:32:21,2.79,--,1030,287370,买盘
1822,10:32:18,2.79,--,5,1395,买盘
1823,10:32:12,2.79,--,38,10602,买盘
1824,10:32:06,2.79,0.01,11,3069,买盘
1825,10:32:03,2.78,-0.01,107,29745,卖盘
1826,10:32:00,2.79,--,165,46035,买盘
1827,10:31:54,2.79,0.01,173,48267,买盘
1828,10:31:51,2.78,-0.01,54,15011,卖盘
1829,10:31:48,2.79,0.01,157,43803,买盘
1830,10:31:45,2.78,--,39,10842,卖盘
1831,10:31:42,2.78,--,160,44480,卖盘
1832,10:31:39,2.78,-0.01,15,4225,卖盘
1833,10:31:36,2.79,--,53,14787,买盘
1834,10:31:33,2.79,--,240,66960,买盘
1835,10:31:30,2.79,--,9,2511,买盘
1836,10:31:27,2.79,0.01,1,279,买盘
1837,10:31:21,2.78,-0.01,39,10842,卖盘
1838,10:31:15,2.79,--,50,13950,买盘
1839,10:31:12,2.79,--,25,6975,买盘
1840,10:31:06,2.79,--,11,3069,买盘
1841,10:31:03,2.79,--,56,15624,买盘
1842,10:31:00,2.79,--,107,30076,买盘
1843,10:30:57,2.79,0.01,8,2232,买盘
1844,10:30:54,2.78,-0.01,26,7283,卖盘
1845,10:30:51,2.79,0.01,4,1116,买盘
1846,10:30:48,2.78,-0.01,118,32804,卖盘
1847,10:30:45,2.79,--,117,32643,卖盘
1848,10:30:42,2.79,0.01,5,1395,中性盘
1849,10:30:39,2.78,--,2500,695000,卖盘
1850,10:30:36,2.78,-0.01,20,5560,卖盘
1851,10:30:33,2.79,--,71,19809,买盘
1852,10:30:24,2.79,--,5,1395,买盘
1853,10:30:21,2.79,--,32,8928,买盘
1854,10:30:18,2.79,--,311,86796,卖盘
1855,10:30:15,2.79,--,517,144354,卖盘
1856,10:30:12,2.79,--,56,15624,卖盘
1857,10:30:09,2.79,--,95,26728,卖盘
1858,10:30:06,2.79,-0.01,55,15345,卖盘
1859,10:30:03,2.8,--,9,2520,买盘
1860,10:30:00,2.8,--,31,8680,买盘
1861,10:29:54,2.8,0.01,34,9520,买盘
1862,10:29:51,2.79,--,117,32754,卖盘
1863,10:29:48,2.79,-0.01,175,48992,卖盘
1864,10:29:45,2.8,0.01,248,69440,买盘
1865,10:29:42,2.79,-0.01,1187,331173,卖盘
1866,10:29:39,2.8,0.01,43,12040,买盘
1867,10:29:36,2.79,--,106,29574,卖盘
1868,10:29:33,2.79,-0.01,46,12889,卖盘
1869,10:29:30,2.8,0.01,68,19040,买盘
1870,10:29:27,2.79,-0.01,50,13950,卖盘
1871,10:29:24,2.8,--,2,560,买盘
1872,10:29:21,2.8,--,15,4200,买盘
1873,10:29:18,2.8,--,30,8400,买盘
1874,10:29:15,2.8,--,149,41720,买盘
1875,10:29:12,2.8,--,36,10080,买盘
1876,10:29:09,2.8,--,100,28000,买盘
1877,10:29:06,2.8,0.01,72,20160,买盘
1878,10:29:03,2.79,-0.01,8,2232,卖盘
1879,10:29:00,2.8,--,29,8119,买盘
1880,10:28:57,2.8,--,35,9800,买盘
1881,10:28:54,2.8,--,132,36960,买盘
1882,10:28:51,2.8,--,91,25480,买盘
1883,10:28:48,2.8,--,66,18480,买盘
1884,10:28:45,2.8,--,17,4760,买盘
1885,10:28:42,2.8,--,7,1959,买盘
1886,10:28:39,2.8,--,149,41720,买盘
1887,10:28:36,2.8,-0.01,211,59287,卖盘
1888,10:28:33,2.81,0.01,1261,354341,买盘
1889,10:28:30,2.8,-0.01,1014,283920,卖盘
1890,10:28:27,2.81,0.01,829,232949,买盘
1891,10:28:24,2.8,-0.01,76,21280,卖盘
1892,10:28:21,2.81,0.01,353,99193,买盘
1893,10:28:18,2.8,-0.01,652,182560,卖盘
1894,10:28:15,2.81,0.01,1365,383565,买盘
1895,10:28:12,2.8,-0.01,23,6440,卖盘
1896,10:28:09,2.81,--,101,28381,买盘
1897,10:28:06,2.81,--,136,38328,买盘
1898,10:28:03,2.81,--,420,118020,买盘
1899,10:28:00,2.81,0.01,259,72779,买盘
1900,10:27:57,2.8,--,89,24920,卖盘
1901,10:27:54,2.8,-0.01,32,8960,卖盘
1902,10:27:51,2.81,--,281,78961,买盘
1903,10:27:48,2.81,--,301,84581,买盘
1904,10:27:45,2.81,--,766,215246,买盘
1905,10:27:42,2.81,--,484,136004,买盘
1906,10:27:39,2.81,--,50,14050,买盘
1907,10:27:36,2.81,--,91,25571,买盘
1908,10:27:33,2.81,0.01,23,6463,买盘
1909,10:27:30,2.8,-0.01,318,89040,卖盘
1910,10:27:27,2.81,--,10,2810,买盘
1911,10:27:24,2.81,--,394,110714,买盘
1912,10:27:21,2.81,--,100,28100,买盘
1913,10:27:18,2.81,--,538,151178,买盘
1914,10:27:15,2.81,0.01,71,20192,买盘
1915,10:27:12,2.8,-0.01,85,23912,卖盘
1916,10:27:09,2.81,0.01,111,31191,买盘
1917,10:27:06,2.8,--,147,41160,卖盘
1918,10:27:03,2.8,--,35,10024,卖盘
1919,10:27:00,2.8,--,114,31919,卖盘
1920,10:26:57,2.8,--,1,280,卖盘
1921,10:26:54,2.8,--,173,48664,买盘
1922,10:26:51,2.8,--,535,149800,买盘
1923,10:26:48,2.8,--,198,55608,买盘
1924,10:26:45,2.8,--,70,19600,买盘
1925,10:26:42,2.8,0.01,278,77840,买盘
1926,10:26:39,2.79,-0.01,194,54126,卖盘
1927,10:26:36,2.8,--,142,39760,买盘
1928,10:26:33,2.8,--,248,69440,买盘
1929,10:26:30,2.8,--,62,17360,买盘
1930,10:26:27,2.8,--,289,80920,买盘
1931,10:26:24,2.8,0.01,202,56560,买盘
1932,10:26:21,2.79,--,165,46035,卖盘
1933,10:26:18,2.79,-0.01,812,226603,卖盘
1934,10:26:15,2.8,--,317,88760,买盘
1935,10:26:12,2.8,0.01,65,18200,买盘
1936,10:26:09,2.79,--,196,54684,卖盘
1937,10:26:06,2.79,--,162,45253,卖盘
1938,10:26:03,2.79,-0.01,11,3069,卖盘
1939,10:26:00,2.8,0.01,20,5600,买盘
1940,10:25:57,2.79,-0.01,45,12555,卖盘
1941,10:25:54,2.8,--,198,55440,买盘
1942,10:25:51,2.8,0.01,424,118859,买盘
1943,10:25:48,2.79,--,99,27621,买盘
1944,10:25:45,2.79,--,244,68187,买盘
1945,10:25:42,2.79,0.01,2068,576972,买盘
1946,10:25:39,2.78,-0.01,109,30301,卖盘
1947,10:25:36,2.79,--,20,5580,买盘
1948,10:25:33,2.79,--,503,140337,买盘
1949,10:25:30,2.79,0.01,49,13671,买盘
1950,10:25:27,2.78,--,115,31969,卖盘
1951,10:25:24,2.78,-0.01,135,37641,卖盘
1952,10:25:21,2.79,0.01,21,5859,买盘
1953,10:25:18,2.78,-0.01,283,78674,卖盘
1954,10:25:15,2.79,0.01,31,8649,买盘
1955,10:25:12,2.78,-0.01,120,33360,卖盘
1956,10:25:06,2.79,--,172,47988,买盘
1957,10:25:03,2.79,--,365,101835,买盘
1958,10:25:00,2.79,0.01,142,39618,买盘
1959,10:24:57,2.78,--,26,7227,卖盘
1960,10:24:54,2.78,--,294,81787,卖盘
1961,10:24:51,2.78,--,9,2502,卖盘
1962,10:24:48,2.78,--,126,35028,卖盘
1963,10:24:42,2.78,--,46,12788,卖盘
1964,10:24:39,2.78,--,20,5560,卖盘
1965,10:24:33,2.78,--,130,36140,卖盘
1966,10:24:30,2.78,--,691,192264,买盘
1967,10:24:27,2.78,--,50,13899,买盘
1968,10:24:24,2.78,--,43,11954,买盘
1969,10:24:21,2.78,0.01,91,25298,买盘
1970,10:24:18,2.77,-0.01,429,118833,卖盘
1971,10:24:15,2.78,--,171,47538,买盘
1972,10:24:12,2.78,--,61,16958,买盘
1973,10:24:09,2.78,0.01,100,27799,买盘
1974,10:24:06,2.77,-0.01,145,40165,卖盘
1975,10:24:03,2.78,--,439,122041,买盘
1976,10:24:00,2.78,--,16,4448,买盘
1977,10:23:57,2.78,--,95,26409,买盘
1978,10:23:54,2.78,--,12,3335,买盘
1979,10:23:51,2.78,--,79,21962,买盘
1980,10:23:48,2.78,--,82,22796,买盘
1981,10:23:45,2.78,--,33,9174,买盘
1982,10:23:42,2.78,--,39,10842,买盘
1983,10:23:39,2.78,--,644,179032,买盘
1984,10:23:36,2.78,-0.01,951,264489,卖盘
1985,10:23:33,2.79,--,389,108531,买盘
1986,10:23:30,2.79,0.01,1319,368001,买盘
1987,10:23:27,2.78,-0.01,58,16123,卖盘
1988,10:23:24,2.79,--,123,34317,买盘
1989,10:23:21,2.79,0.01,24,6696,买盘
1990,10:23:18,2.78,--,61,16958,卖盘
1991,10:23:15,2.78,--,301,83678,卖盘
1992,10:23:12,2.78,-0.01,20,5560,卖盘
1993,10:23:09,2.79,0.01,39,10881,买盘
1994,10:23:06,2.78,--,8,2446,卖盘
1995,10:23:03,2.78,--,30,8340,卖盘
1996,10:23:00,2.78,-0.01,63,17736,卖盘
1997,10:22:57,2.79,0.01,4002,1116558,买盘
1998,10:22:54,2.78,--,208,57823,买盘
1999,10:22:51,2.78,--,1071,297738,买盘
2000,10:22:48,2.78,--,7,1945,买盘
2001,10:22:45,2.78,--,164,45592,买盘
2002,10:22:42,2.78,--,51,14177,买盘
2003,10:22:39,2.78,0.01,185,51430,买盘
2004,10:22:36,2.77,-0.01,133,36841,卖盘
2005,10:22:33,2.78,--,511,142058,买盘
2006,10:22:30,2.78,--,120,33360,买盘
2007,10:22:27,2.78,--,15,4170,买盘
2008,10:22:24,2.78,--,62,17236,买盘
2009,10:22:21,2.78,--,120,33360,买盘
2010,10:22:18,2.78,0.01,127,35472,买盘
2011,10:22:15,2.77,--,377,104429,卖盘
2012,10:22:12,2.77,-0.01,319,88363,卖盘
2013,10:22:09,2.78,0.01,58,16123,买盘
2014,10:22:03,2.77,-0.01,20,5540,卖盘
2015,10:22:00,2.78,0.01,52,14455,买盘
2016,10:21:57,2.77,--,87,24099,卖盘
2017,10:21:54,2.77,-0.01,150,41550,卖盘
2018,10:21:51,2.78,0.01,110,30691,买盘
2019,10:21:48,2.77,--,30,8310,卖盘
2020,10:21:42,2.77,--,252,69970,买盘
2021,10:21:39,2.77,--,18,4986,买盘
2022,10:21:36,2.77,--,54,14958,买盘
2023,10:21:33,2.77,--,21,5817,买盘
2024,10:21:30,2.77,--,149,41273,买盘
2025,10:21:27,2.77,0.01,3050,844850,买盘
2026,10:21:21,2.76,-0.01,213,58787,卖盘
2027,10:21:18,2.77,0.01,22,6094,买盘
2028,10:21:15,2.76,--,20,5520,卖盘
2029,10:21:12,2.76,--,36,9936,卖盘
2030,10:21:06,2.76,--,30,8280,卖盘
2031,10:21:03,2.76,0.01,10,2760,卖盘
2032,10:21:00,2.75,-0.01,401,110349,卖盘
2033,10:20:57,2.76,--,25,6899,买盘
2034,10:20:54,2.76,--,317,87492,买盘
2035,10:20:48,2.76,--,1300,358800,买盘
2036,10:20:45,2.76,--,1200,331200,买盘
2037,10:20:42,2.76,--,117,32291,买盘
2038,10:20:39,2.76,--,636,175536,买盘
2039,10:20:36,2.76,--,60,16560,买盘
2040,10:20:33,2.76,--,118,32567,买盘
2041,10:20:27,2.76,--,9,2539,买盘
2042,10:20:24,2.76,0.01,200,55199,买盘
2043,10:20:18,2.75,--,15,4125,卖盘
2044,10:20:15,2.75,-0.01,33,9075,卖盘
2045,10:20:09,2.76,0.01,80,22080,买盘
2046,10:20:03,2.75,--,2347,645645,买盘
2047,10:20:00,2.75,--,472,129800,买盘
2048,10:19:54,2.75,--,2000,550000,买盘
2049,10:19:45,2.75,--,15,4125,买盘
2050,10:19:42,2.75,0.01,12,3300,买盘
2051,10:19:39,2.74,-0.01,16,4384,卖盘
2052,10:19:36,2.75,0.01,1561,429275,买盘
2053,10:19:33,2.74,-0.01,100,27400,卖盘
2054,10:19:30,2.75,--,25,6875,买盘
2055,10:19:27,2.75,0.01,78,21450,买盘
2056,10:19:21,2.74,--,40,10960,卖盘
2057,10:19:18,2.74,--,8,2192,卖盘
2058,10:19:12,2.74,--,6,1644,卖盘
2059,10:19:09,2.74,-0.01,310,84994,卖盘
2060,10:19:06,2.75,0.01,12,3300,买盘
2061,10:19:00,2.74,--,102,27948,卖盘
2062,10:18:57,2.74,--,60,16440,卖盘
2063,10:18:54,2.74,--,28,7672,卖盘
2064,10:18:51,2.74,--,5,1370,卖盘
2065,10:18:45,2.74,--,68,18632,卖盘
2066,10:18:42,2.74,--,410,112340,卖盘
2067,10:18:36,2.74,-0.01,19,5206,卖盘
2068,10:18:33,2.75,0.01,47,12925,买盘
2069,10:18:24,2.74,--,2,767,卖盘
2070,10:18:18,2.74,--,326,89326,买盘
2071,10:18:12,2.74,--,236,64716,卖盘
2072,10:18:06,2.74,--,81,22361,卖盘
2073,10:18:03,2.74,--,35,9590,卖盘
2074,10:17:57,2.74,--,68,18741,卖盘
2075,10:17:48,2.74,-0.01,295,80830,卖盘
2076,10:17:45,2.75,0.01,281,77275,买盘
2077,10:17:39,2.74,-0.01,300,82200,卖盘
2078,10:17:36,2.75,0.01,103,28325,买盘
2079,10:17:33,2.74,-0.01,9,2466,卖盘
2080,10:17:24,2.75,0.01,2,550,买盘
2081,10:17:21,2.74,--,130,35839,买盘
2082,10:17:18,2.74,--,202,55348,买盘
2083,10:17:15,2.74,--,5,1370,买盘
2084,10:17:12,2.74,--,515,141164,卖盘
2085,10:17:09,2.74,-0.01,89,24386,卖盘
2086,10:17:06,2.75,--,40,11220,买盘
2087,10:17:03,2.75,0.01,31,8525,买盘
2088,10:16:57,2.74,-0.01,1,274,卖盘
2089,10:16:54,2.75,--,3,825,买盘
2090,10:16:51,2.75,--,2,550,买盘
2091,10:16:48,2.75,--,8,2200,买盘
2092,10:16:45,2.75,--,176,48400,买盘
2093,10:16:42,2.75,0.01,22,6050,买盘
2094,10:16:39,2.74,-0.01,10,2849,卖盘
2095,10:16:36,2.75,--,574,158070,卖盘
2096,10:16:33,2.75,--,337,92675,卖盘
2097,10:16:30,2.75,--,41,11275,卖盘
2098,10:16:24,2.75,-0.01,291,80025,卖盘
2099,10:16:18,2.76,--,50,13799,买盘
2100,10:16:12,2.76,--,54,14903,买盘
2101,10:16:09,2.76,--,157,43332,买盘
2102,10:16:06,2.76,--,67,18492,买盘
2103,10:16:03,2.76,0.01,13,3587,买盘
2104,10:16:00,2.75,-0.01,2329,640475,卖盘
2105,10:15:54,2.76,0.01,94,25943,买盘
2106,10:15:51,2.75,-0.01,35,9625,卖盘
2107,10:15:48,2.76,0.01,47,12971,买盘
2108,10:15:45,2.75,-0.01,5,1375,卖盘
2109,10:15:42,2.76,--,1147,316572,买盘
2110,10:15:39,2.76,--,10,2760,买盘
2111,10:15:36,2.76,0.01,502,138552,买盘
2112,10:15:30,2.75,-0.01,18,4950,卖盘
2113,10:15:27,2.76,--,11,3035,买盘
2114,10:15:24,2.76,--,180,49679,买盘
2115,10:15:21,2.76,0.01,479,132259,买盘
2116,10:15:18,2.75,-0.01,22,6050,卖盘
2117,10:15:15,2.76,--,215,59339,买盘
2118,10:15:09,2.76,--,152,41952,买盘
2119,10:15:00,2.76,--,1,276,买盘
2120,10:14:57,2.76,--,12,3311,买盘
2121,10:14:54,2.76,--,25,6899,买盘
2122,10:14:51,2.76,--,40,11040,买盘
2123,10:14:45,2.76,--,154,42504,买盘
2124,10:14:42,2.76,--,50,13799,买盘
2125,10:14:39,2.76,--,1,276,买盘
2126,10:14:36,2.76,0.01,27,7451,买盘
2127,10:14:30,2.75,-0.01,5,1375,卖盘
2128,10:14:24,2.76,--,3,827,买盘
2129,10:14:21,2.76,--,55,15179,买盘
2130,10:14:18,2.76,0.01,99,27323,买盘
2131,10:14:15,2.75,-0.01,689,189475,卖盘
2132,10:14:12,2.76,0.01,2,552,买盘
2133,10:14:09,2.75,0.01,24,6600,中性盘
2134,10:14:06,2.74,-0.01,20,5480,卖盘
2135,10:14:03,2.75,--,15,4125,买盘
2136,10:14:00,2.75,-0.01,17,4675,中性盘
2137,10:13:57,2.76,0.01,5000,1380000,买盘
2138,10:13:54,2.75,--,28,7700,买盘
2139,10:13:51,2.75,--,111,30525,买盘
2140,10:13:45,2.75,--,23,6325,买盘
2141,10:13:42,2.75,0.01,4,1320,买盘
2142,10:13:36,2.74,-0.01,5,1370,卖盘
2143,10:13:33,2.75,0.01,110,30470,买盘
2144,10:13:30,2.74,-0.01,66,18084,卖盘
2145,10:13:27,2.75,--,8,2200,买盘
2146,10:13:24,2.75,0.01,32,8800,买盘
2147,10:13:21,2.74,-0.01,3,822,卖盘
2148,10:13:18,2.75,0.01,1,275,买盘
2149,10:13:15,2.74,--,10,2740,卖盘
2150,10:13:12,2.74,--,82,22468,卖盘
2151,10:13:09,2.74,--,10,2740,卖盘
2152,10:13:00,2.74,--,94,25756,卖盘
2153,10:12:57,2.74,--,135,37099,卖盘
2154,10:12:51,2.74,--,35,9590,卖盘
2155,10:12:48,2.74,0.01,203,55676,买盘
2156,10:12:45,2.73,-0.01,29,7917,卖盘
2157,10:12:42,2.74,-0.01,474,130095,卖盘
2158,10:12:39,2.75,--,1,275,买盘
2159,10:12:33,2.75,--,150,41250,买盘
2160,10:12:24,2.75,0.01,30,8250,买盘
2161,10:12:18,2.74,-0.01,126,34524,卖盘
2162,10:12:15,2.75,--,24,6600,买盘
2163,10:12:09,2.75,0.01,555,152680,买盘
2164,10:12:06,2.74,--,8,2192,卖盘
2165,10:12:00,2.74,--,62,17152,卖盘
2166,10:11:57,2.74,--,28,7672,卖盘
2167,10:11:54,2.74,--,32,8768,卖盘
2168,10:11:48,2.74,--,18,4932,卖盘
2169,10:11:45,2.74,--,49,13535,买盘
2170,10:11:42,2.74,--,55,15070,买盘
2171,10:11:39,2.74,--,10,2740,买盘
2172,10:11:36,2.74,--,224,61376,买盘
2173,10:11:33,2.74,--,11,3014,买盘
2174,10:11:30,2.74,0.01,22,6028,买盘
2175,10:11:27,2.73,-0.01,52,14196,卖盘
2176,10:11:24,2.74,--,2,548,买盘
2177,10:11:21,2.74,0.01,32,8768,买盘
2178,10:11:15,2.73,-0.01,9,2457,卖盘
2179,10:11:12,2.74,--,1039,284686,买盘
2180,10:11:09,2.74,--,113,30962,买盘
2181,10:11:06,2.74,--,46,12604,买盘
2182,10:11:03,2.74,--,30,8220,买盘
2183,10:11:00,2.74,--,14,3836,买盘
2184,10:10:57,2.74,--,17,4658,买盘
2185,10:10:51,2.74,--,27,7398,买盘
2186,10:10:48,2.74,--,35,9590,买盘
2187,10:10:45,2.74,--,30,8220,买盘
2188,10:10:42,2.74,--,111,30414,买盘
2189,10:10:39,2.74,--,30,8220,买盘
2190,10:10:36,2.74,--,6,1644,买盘
2191,10:10:33,2.74,--,4,1096,买盘
2192,10:10:30,2.74,--,138,37812,买盘
2193,10:10:27,2.74,--,510,139740,卖盘
2194,10:10:24,2.74,-0.01,6,1644,卖盘
2195,10:10:21,2.75,0.01,3013,828575,买盘
2196,10:10:18,2.74,--,84,23016,买盘
2197,10:10:12,2.74,--,10,2740,买盘
2198,10:10:09,2.74,--,2,548,买盘
2199,10:10:06,2.74,--,21,5754,买盘
2200,10:10:03,2.74,--,86,23564,买盘
2201,10:10:00,2.74,--,300,82200,买盘
2202,10:09:57,2.74,--,10,2740,买盘
2203,10:09:54,2.74,--,5,1370,买盘
2204,10:09:51,2.74,0.01,3,822,买盘
2205,10:09:48,2.73,-0.01,15,4204,卖盘
2206,10:09:42,2.74,--,40,10960,买盘
2207,10:09:39,2.74,--,25,6850,买盘
2208,10:09:36,2.74,--,21,5754,买盘
2209,10:09:30,2.74,--,1,274,买盘
2210,10:09:27,2.74,--,140,38360,买盘
2211,10:09:24,2.74,--,4,1096,买盘
2212,10:09:21,2.74,--,59,16166,买盘
2213,10:09:15,2.74,--,10,2740,买盘
2214,10:09:12,2.74,--,101,27674,买盘
2215,10:09:09,2.74,--,10,2740,买盘
2216,10:09:03,2.74,--,102,27948,买盘
2217,10:09:00,2.74,--,7,1918,买盘
2218,10:08:57,2.74,--,200,54800,买盘
2219,10:08:51,2.74,--,3,822,买盘
2220,10:08:45,2.74,0.01,5,1370,买盘
2221,10:08:42,2.73,-0.01,5,1365,卖盘
2222,10:08:39,2.74,--,489,134205,买盘
2223,10:08:33,2.74,--,20,5480,买盘
2224,10:08:27,2.74,--,8,2192,买盘
2225,10:08:24,2.74,--,4,1096,买盘
2226,10:08:21,2.74,--,87,23838,买盘
2227,10:08:18,2.74,0.01,54,14796,买盘
2228,10:08:15,2.73,--,5,1365,卖盘
2229,10:08:06,2.73,-0.01,61,16653,卖盘
2230,10:08:03,2.74,--,12,3288,买盘
2231,10:08:00,2.74,--,12,3288,买盘
2232,10:07:57,2.74,--,120,32880,买盘
2233,10:07:54,2.74,--,136,37264,买盘
2234,10:07:51,2.74,--,12,3288,买盘
2235,10:07:48,2.74,--,41,11234,买盘
2236,10:07:39,2.74,--,104,28496,买盘
2237,10:07:33,2.74,--,25,6850,买盘
2238,10:07:27,2.74,--,100,27400,买盘
2239,10:07:24,2.74,--,145,39730,买盘
2240,10:07:21,2.74,--,100,27400,买盘
2241,10:07:18,2.74,--,66,18084,买盘
2242,10:07:15,2.74,0.01,55,15070,买盘
2243,10:07:12,2.73,-0.01,93,25443,卖盘
2244,10:07:09,2.74,--,84,23125,买盘
2245,10:07:06,2.74,--,32,8768,买盘
2246,10:07:03,2.74,0.01,7,1918,买盘
2247,10:07:00,2.73,--,5,1365,卖盘
2248,10:06:54,2.73,-0.01,2,546,卖盘
2249,10:06:51,2.74,--,19,5206,买盘
2250,10:06:48,2.74,--,101,27674,买盘
2251,10:06:45,2.74,--,5,1370,买盘
2252,10:06:39,2.74,--,5,1370,买盘
2253,10:06:33,2.74,--,590,161660,买盘
2254,10:06:27,2.74,--,2,548,买盘
2255,10:06:24,2.74,--,30,8220,买盘
2256,10:06:21,2.74,-0.01,226,62143,卖盘
2257,10:06:18,2.75,0.01,104,28600,买盘
2258,10:06:15,2.74,-0.01,219,60006,卖盘
2259,10:06:12,2.75,--,167,45925,买盘
2260,10:06:09,2.75,--,48,13200,买盘
2261,10:06:06,2.75,0.01,637,175175,买盘
2262,10:06:00,2.74,-0.01,100,27400,卖盘
2263,10:05:57,2.75,0.01,100,27500,买盘
2264,10:05:54,2.74,-0.01,156,42744,卖盘
2265,10:05:51,2.75,--,102,28050,买盘
2266,10:05:48,2.75,0.01,10,2750,买盘
2267,10:05:45,2.74,-0.01,46,12604,卖盘
2268,10:05:42,2.75,--,127,34925,买盘
2269,10:05:36,2.75,--,47,12925,买盘
2270,10:05:33,2.75,0.01,30,8250,买盘
2271,10:05:30,2.74,-0.01,22,6028,卖盘
2272,10:05:27,2.75,0.01,61,16775,买盘
2273,10:05:24,2.74,-0.01,25,6850,卖盘
2274,10:05:21,2.75,--,73,20075,买盘
2275,10:05:18,2.75,--,3,825,买盘
2276,10:05:15,2.75,--,73,20075,买盘
2277,10:05:12,2.75,0.01,1019,280225,买盘
2278,10:05:09,2.74,-0.01,76,20824,卖盘
2279,10:05:06,2.75,--,65,17875,买盘
2280,10:05:03,2.75,--,4,1100,买盘
2281,10:05:00,2.75,--,47,12925,买盘
2282,10:04:57,2.75,--,4,1100,买盘
2283,10:04:51,2.75,--,163,44825,卖盘
2284,10:04:48,2.75,-0.01,197,54175,卖盘
2285,10:04:42,2.76,0.01,10,2760,买盘
2286,10:04:39,2.75,--,16,4400,卖盘
2287,10:04:36,2.75,-0.01,134,36850,卖盘
2288,10:04:33,2.76,0.01,13,3587,买盘
2289,10:04:30,2.75,-0.01,88,24200,卖盘
2290,10:04:27,2.76,0.01,165,45595,买盘
2291,10:04:24,2.75,--,3,825,卖盘
2292,10:04:21,2.75,--,334,92070,买盘
2293,10:04:18,2.75,0.01,95,26125,买盘
2294,10:04:15,2.74,-0.01,57,15618,卖盘
2295,10:04:12,2.75,--,5,1375,买盘
2296,10:04:09,2.75,--,6,1650,买盘
2297,10:04:06,2.75,--,51,14025,买盘
2298,10:04:03,2.75,--,314,86350,买盘
2299,10:04:00,2.75,--,68,18700,买盘
2300,10:03:57,2.75,0.01,102,28050,买盘
2301,10:03:54,2.74,-0.01,2026,555178,卖盘
2302,10:03:51,2.75,0.01,124,34100,买盘
2303,10:03:48,2.74,-0.01,100,27400,卖盘
2304,10:03:45,2.75,--,11,3025,买盘
2305,10:03:42,2.75,--,79,21725,买盘
2306,10:03:39,2.75,--,30,8250,买盘
2307,10:03:36,2.75,--,6,1650,买盘
2308,10:03:33,2.75,--,144,39600,买盘
2309,10:03:30,2.75,-0.01,194,53405,卖盘
2310,10:03:27,2.76,--,223,61547,买盘
2311,10:03:24,2.76,0.01,146,40296,买盘
2312,10:03:21,2.75,--,84,23100,卖盘
2313,10:03:18,2.75,-0.01,173,47575,卖盘
2314,10:03:15,2.76,--,451,124475,买盘
2315,10:03:12,2.76,0.01,32,8832,买盘
2316,10:03:09,2.75,--,90,24970,卖盘
2317,10:03:06,2.75,-0.01,1030,283250,卖盘
2318,10:03:03,2.76,--,83,22908,买盘
2319,10:03:00,2.76,--,101,27875,买盘
2320,10:02:57,2.76,--,242,66792,买盘
2321,10:02:54,2.76,0.01,36,9936,买盘
2322,10:02:51,2.75,--,326,89650,卖盘
2323,10:02:48,2.75,-0.01,342,94050,卖盘
2324,10:02:45,2.76,0.01,91,25115,买盘
2325,10:02:42,2.75,--,102,28050,卖盘
2326,10:02:39,2.75,-0.01,336,92400,卖盘
2327,10:02:36,2.76,--,613,169188,买盘
2328,10:02:33,2.76,--,80,22080,买盘
2329,10:02:30,2.76,0.01,242,66792,买盘
2330,10:02:27,2.75,--,288,79200,卖盘
2331,10:02:24,2.75,-0.01,209,57475,卖盘
2332,10:02:21,2.76,0.01,89,24674,买盘
2333,10:02:18,2.75,-0.01,73,20075,卖盘
2334,10:02:15,2.76,--,3,827,买盘
2335,10:02:12,2.76,--,110,30359,买盘
2336,10:02:09,2.76,--,310,85560,买盘
2337,10:02:06,2.76,0.01,92,25391,买盘
2338,10:02:03,2.75,-0.01,100,27500,卖盘
2339,10:02:00,2.76,0.01,53,14627,买盘
2340,10:01:57,2.75,-0.01,57,15840,卖盘
2341,10:01:54,2.76,0.01,156,43056,买盘
2342,10:01:51,2.75,-0.01,10,2750,卖盘
2343,10:01:48,2.76,0.01,100,27599,买盘
2344,10:01:45,2.75,--,53,14575,卖盘
2345,10:01:42,2.75,--,102,28050,买盘
2346,10:01:39,2.75,-0.01,126,34650,卖盘
2347,10:01:36,2.76,0.01,3079,849803,买盘
2348,10:01:33,2.75,--,37,10175,买盘
2349,10:01:30,2.75,--,97,26675,买盘
2350,10:01:27,2.75,--,543,149435,买盘
2351,10:01:24,2.75,0.01,186,51150,买盘
2352,10:01:21,2.74,-0.01,182,49868,卖盘
2353,10:01:18,2.75,--,46,12650,买盘
2354,10:01:15,2.75,--,320,88165,买盘
2355,10:01:09,2.75,0.01,502,138050,买盘
2356,10:01:06,2.74,--,51,14138,卖盘
2357,10:01:03,2.74,--,109,29920,买盘
2358,10:01:00,2.74,--,28,7672,买盘
2359,10:00:57,2.74,--,13,3562,买盘
2360,10:00:54,2.74,0.01,53,14522,买盘
2361,10:00:51,2.73,-0.01,10,2730,卖盘
2362,10:00:48,2.74,0.01,239,65705,买盘
2363,10:00:45,2.73,-0.01,12,3276,卖盘
2364,10:00:42,2.74,--,11,3014,买盘
2365,10:00:39,2.74,-0.01,27,7398,买盘
2366,10:00:36,2.75,0.02,3000,825000,买盘
2367,10:00:33,2.73,-0.01,32,8736,卖盘
2368,10:00:30,2.74,--,25,6850,买盘
2369,10:00:27,2.74,0.01,121,33154,买盘
2370,10:00:24,2.73,--,388,105924,卖盘
2371,10:00:21,2.73,-0.01,109,29975,卖盘
2372,10:00:18,2.74,--,92,25208,买盘
2373,10:00:15,2.74,--,23,6302,买盘
2374,10:00:12,2.74,--,202,55348,买盘
2375,10:00:09,2.74,0.01,3,822,买盘
2376,10:00:06,2.73,-0.01,30,8190,卖盘
2377,10:00:03,2.74,--,32,8768,买盘
2378,10:00:00,2.74,--,783,214624,卖盘
2379,09:59:57,2.74,--,10,2740,卖盘
2380,09:59:54,2.74,--,20,5480,卖盘
2381,09:59:51,2.74,--,649,178045,卖盘
2382,09:59:48,2.74,--,335,92009,卖盘
2383,09:59:45,2.74,0.01,3803,1042049,买盘
2384,09:59:39,2.73,0.01,100,27300,买盘
2385,09:59:33,2.72,-0.01,50,13600,卖盘
2386,09:59:30,2.73,--,74,20365,卖盘
2387,09:59:27,2.73,--,30,8190,卖盘
2388,09:59:21,2.73,--,7,1911,卖盘
2389,09:59:18,2.73,--,8,2184,卖盘
2390,09:59:15,2.73,0.01,3896,1063717,买盘
2391,09:59:12,2.72,-0.01,540,147097,卖盘
2392,09:59:09,2.73,--,7,1911,买盘
2393,09:59:00,2.73,--,200,54600,买盘
2394,09:58:57,2.73,--,170,46628,买盘
2395,09:58:45,2.73,0.01,5,1365,买盘
2396,09:58:42,2.72,--,171,46620,买盘
2397,09:58:39,2.72,--,39,10608,买盘
2398,09:58:36,2.72,0.01,257,69904,买盘
2399,09:58:33,2.71,-0.01,1,271,卖盘
2400,09:58:21,2.72,0.01,27,7344,买盘
2401,09:58:18,2.71,-0.01,0,216,卖盘
2402,09:58:12,2.72,--,80,21760,买盘
2403,09:58:09,2.72,--,6,1632,买盘
2404,09:58:06,2.72,0.01,2,544,买盘
2405,09:58:03,2.71,-0.01,61,16531,卖盘
2406,09:58:00,2.72,--,124,33728,买盘
2407,09:57:57,2.72,--,64,17408,买盘
2408,09:57:54,2.72,--,2,544,买盘
2409,09:57:51,2.72,--,42,11424,买盘
2410,09:57:48,2.72,--,130,35360,买盘
2411,09:57:45,2.72,--,36,9792,买盘
2412,09:57:42,2.72,--,6,1632,买盘
2413,09:57:39,2.72,--,46,12512,买盘
2414,09:57:36,2.72,--,143,38896,买盘
2415,09:57:30,2.72,--,30,8160,买盘
2416,09:57:27,2.72,--,20,5440,买盘
2417,09:57:24,2.72,--,84,22848,买盘
2418,09:57:21,2.72,--,4,1088,买盘
2419,09:57:18,2.72,--,515,140080,买盘
2420,09:57:15,2.72,--,61,16592,买盘
2421,09:57:12,2.72,--,100,27200,买盘
2422,09:57:09,2.72,--,21,5712,买盘
2423,09:57:06,2.72,--,43,11696,买盘
2424,09:57:03,2.72,--,30,8160,买盘
2425,09:56:57,2.72,--,13,3536,买盘
2426,09:56:54,2.72,--,63,17136,买盘
2427,09:56:51,2.72,--,83,22576,卖盘
2428,09:56:45,2.72,--,68,18496,卖盘
2429,09:56:42,2.72,--,215,58480,卖盘
2430,09:56:39,2.72,--,156,42595,买盘
2431,09:56:36,2.72,--,23,6256,买盘
2432,09:56:30,2.72,--,131,35632,买盘
2433,09:56:24,2.72,--,278,75616,买盘
2434,09:56:21,2.72,0.01,63,17136,中性盘
2435,09:56:15,2.71,-0.01,2827,766171,卖盘
2436,09:56:12,2.72,--,32,8704,买盘
2437,09:56:09,2.72,-0.01,1333,362793,卖盘
2438,09:56:06,2.73,0.01,50,13650,买盘
2439,09:56:03,2.72,-0.01,86,23446,卖盘
2440,09:56:00,2.73,--,17,4641,买盘
2441,09:55:57,2.73,--,89,24297,买盘
2442,09:55:54,2.73,--,87,23751,买盘
2443,09:55:51,2.73,--,39,10647,买盘
2444,09:55:48,2.73,0.01,24,6552,买盘
2445,09:55:45,2.72,-0.01,6,1632,卖盘
2446,09:55:42,2.73,--,40,10920,买盘
2447,09:55:39,2.73,--,560,152880,买盘
2448,09:55:36,2.73,--,28,7644,买盘
2449,09:55:33,2.73,--,42,11466,买盘
2450,09:55:30,2.73,--,79,21567,买盘
2451,09:55:27,2.73,--,30,8190,买盘
2452,09:55:24,2.73,--,23,6279,买盘
2453,09:55:21,2.73,--,11,3003,买盘
2454,09:55:18,2.73,--,11,3003,买盘
2455,09:55:15,2.73,--,20,5460,买盘
2456,09:55:12,2.73,--,102,27846,买盘
2457,09:55:09,2.73,-0.01,698,190663,卖盘
2458,09:55:06,2.74,0.01,501,137493,买盘
2459,09:55:03,2.73,--,155,42315,卖盘
2460,09:55:00,2.73,--,490,133770,卖盘
2461,09:54:57,2.73,--,85,23314,卖盘
2462,09:54:54,2.73,--,214,58422,卖盘
2463,09:54:51,2.73,--,510,139230,卖盘
2464,09:54:48,2.73,--,1555,424624,买盘
2465,09:54:45,2.73,--,71,19383,买盘
2466,09:54:42,2.73,--,57,15779,买盘
2467,09:54:39,2.73,0.01,504,137592,买盘
2468,09:54:36,2.72,-0.01,80,21760,卖盘
2469,09:54:33,2.73,--,46,12558,买盘
2470,09:54:30,2.73,--,76,20748,买盘
2471,09:54:24,2.73,0.01,57,15561,买盘
2472,09:54:21,2.72,-0.01,360,97920,卖盘
2473,09:54:18,2.73,--,49,13377,买盘
2474,09:54:15,2.73,--,29,7917,买盘
2475,09:54:12,2.73,--,49,13377,买盘
2476,09:54:09,2.73,--,14,3822,买盘
2477,09:54:06,2.73,--,243,66339,买盘
2478,09:54:03,2.73,--,134,36636,买盘
2479,09:54:00,2.73,--,9,2457,买盘
2480,09:53:57,2.73,--,135,36855,卖盘
2481,09:53:54,2.73,--,70,19110,卖盘
2482,09:53:51,2.73,--,37,10101,卖盘
2483,09:53:48,2.73,--,244,66612,卖盘
2484,09:53:45,2.73,--,1691,461643,买盘
2485,09:53:42,2.73,--,30,8190,买盘
2486,09:53:39,2.73,0.01,30,8190,买盘
2487,09:53:36,2.72,--,6,1740,卖盘
2488,09:53:33,2.72,--,132,35904,卖盘
2489,09:53:30,2.72,--,292,79478,卖盘
2490,09:53:27,2.72,--,156,42432,买盘
2491,09:53:24,2.72,--,540,146880,买盘
2492,09:53:21,2.72,--,109,29648,买盘
2493,09:53:15,2.72,--,650,176800,买盘
2494,09:53:12,2.72,--,72,19584,买盘
2495,09:53:09,2.72,--,96,26112,买盘
2496,09:53:06,2.72,--,100,27200,买盘
2497,09:53:03,2.72,--,91,24752,买盘
2498,09:52:57,2.72,--,2182,593504,买盘
2499,09:52:54,2.72,--,35,9520,买盘
2500,09:52:51,2.72,--,162,44064,买盘
2501,09:52:48,2.72,--,71,19312,买盘
2502,09:52:45,2.72,0.01,48,13056,买盘
2503,09:52:42,2.71,--,5,1355,卖盘
2504,09:52:36,2.71,--,100,27100,卖盘
2505,09:52:33,2.71,--,343,92953,买盘
2506,09:52:30,2.71,--,94,25474,买盘
2507,09:52:27,2.71,--,109,29539,买盘
2508,09:52:24,2.71,--,454,123034,买盘
2509,09:52:21,2.71,--,651,176421,买盘
2510,09:52:18,2.71,--,10,2710,买盘
2511,09:52:15,2.71,--,222,60162,买盘
2512,09:52:12,2.71,0.01,15,4065,买盘
2513,09:52:09,2.7,-0.01,50,13500,卖盘
2514,09:52:00,2.71,0.01,200,54200,买盘
2515,09:51:57,2.7,--,1560,421443,买盘
2516,09:51:51,2.7,--,570,153900,买盘
2517,09:51:48,2.7,0.01,513,138510,买盘
2518,09:51:45,2.69,-0.01,40,10760,卖盘
2519,09:51:42,2.7,0.01,430,116100,买盘
2520,09:51:27,2.69,--,237,64005,买盘
2521,09:51:24,2.69,--,132,35508,买盘
2522,09:51:21,2.69,--,3006,808721,买盘
2523,09:51:18,2.69,--,39,10491,买盘
2524,09:51:09,2.69,0.01,6,1614,买盘
2525,09:51:06,2.68,-0.01,178,47704,卖盘
2526,09:50:54,2.69,--,290,78010,买盘
2527,09:50:51,2.69,--,37,9953,买盘
2528,09:50:48,2.69,--,360,96840,买盘
2529,09:50:42,2.69,--,617,165973,买盘
2530,09:50:39,2.69,--,440,118360,买盘
2531,09:50:36,2.69,--,10,2690,买盘
2532,09:50:30,2.69,--,5,1345,买盘
2533,09:50:27,2.69,--,24,6456,买盘
2534,09:50:21,2.69,--,114,30666,买盘
2535,09:50:18,2.69,--,100,26900,买盘
2536,09:50:15,2.69,--,1,269,买盘
2537,09:50:12,2.69,--,4,1076,买盘
2538,09:50:09,2.69,--,6,1614,买盘
2539,09:50:06,2.69,--,34,9146,买盘
2540,09:49:57,2.69,--,20,5380,买盘
2541,09:49:54,2.69,0.01,10,2690,买盘
2542,09:49:48,2.68,-0.01,2,750,卖盘
2543,09:49:39,2.69,--,67,18023,买盘
2544,09:49:36,2.69,0.01,12,3228,买盘
2545,09:49:33,2.68,-0.01,3,964,卖盘
2546,09:49:30,2.69,--,1,269,买盘
2547,09:49:27,2.69,--,61,16409,买盘
2548,09:49:18,2.69,--,7,1883,买盘
2549,09:49:15,2.69,--,17,4573,买盘
2550,09:49:09,2.69,--,41,11029,买盘
2551,09:49:06,2.69,--,32,8608,买盘
2552,09:49:03,2.69,--,20,5380,买盘
2553,09:49:00,2.69,--,300,80700,买盘
2554,09:48:57,2.69,--,213,57297,买盘
2555,09:48:51,2.69,--,10,2690,买盘
2556,09:48:48,2.69,--,14,3766,买盘
2557,09:48:45,2.69,--,15,4035,买盘
2558,09:48:42,2.69,--,5,1345,买盘
2559,09:48:39,2.69,--,33,8877,买盘
2560,09:48:36,2.69,--,31,8339,买盘
2561,09:48:33,2.69,-0.01,721,194072,卖盘
2562,09:48:30,2.7,0.01,21,5670,买盘
2563,09:48:24,2.69,--,100,26900,卖盘
2564,09:48:18,2.69,-0.01,200,53800,卖盘
2565,09:48:15,2.7,0.01,1,270,买盘
2566,09:48:09,2.69,--,13,3497,卖盘
2567,09:48:06,2.69,-0.01,32,8608,卖盘
2568,09:48:03,2.7,0.01,32,8694,买盘
2569,09:48:00,2.69,--,42,11298,卖盘
2570,09:47:54,2.69,--,10,2690,卖盘
2571,09:47:51,2.69,--,191,51470,买盘
2572,09:47:48,2.69,--,211,56759,买盘
2573,09:47:45,2.69,--,3,807,买盘
2574,09:47:42,2.69,--,157,42233,买盘
2575,09:47:39,2.69,--,33,8877,买盘
2576,09:47:36,2.69,--,25,6725,买盘
2577,09:47:33,2.69,--,32,8608,买盘
2578,09:47:27,2.69,--,175,47118,卖盘
2579,09:47:24,2.69,--,19,5111,卖盘
2580,09:47:21,2.69,--,0,161,卖盘
2581,09:47:15,2.69,--,7,1947,买盘
2582,09:47:12,2.69,--,13,3755,卖盘
2583,09:47:03,2.69,--,22,5918,卖盘
2584,09:47:00,2.69,--,187,50313,买盘
2585,09:46:57,2.69,--,104,27976,买盘
2586,09:46:51,2.69,--,20,5380,买盘
2587,09:46:48,2.69,--,181,48689,买盘
2588,09:46:45,2.69,--,140,37918,卖盘
2589,09:46:33,2.69,--,128,34442,买盘
2590,09:46:30,2.69,--,30,8070,买盘
2591,09:46:27,2.69,--,77,20713,买盘
2592,09:46:21,2.69,--,1024,275456,买盘
2593,09:46:18,2.69,--,10,2690,买盘
2594,09:46:15,2.69,--,209,56221,买盘
2595,09:46:09,2.69,--,39,10491,买盘
2596,09:46:03,2.69,--,2,538,买盘
2597,09:46:00,2.69,--,54,14526,买盘
2598,09:45:57,2.69,--,13,3497,买盘
2599,09:45:54,2.69,--,134,36046,买盘
2600,09:45:42,2.69,--,10,2690,买盘
2601,09:45:36,2.69,0.01,15,4035,买盘
2602,09:45:27,2.68,-0.01,91,24388,卖盘
2603,09:45:24,2.69,0.01,124,33356,买盘
2604,09:45:21,2.68,-0.01,10,2680,卖盘
2605,09:45:18,2.69,--,19,5111,买盘
2606,09:45:15,2.69,--,6,1614,买盘
2607,09:45:12,2.69,--,100,26900,买盘
2608,09:45:09,2.69,0.01,59,15871,买盘
2609,09:45:03,2.68,-0.01,494,132392,卖盘
2610,09:45:00,2.69,--,85,23080,买盘
2611,09:44:57,2.69,--,2,538,买盘
2612,09:44:54,2.69,--,26,6994,买盘
2613,09:44:51,2.69,--,1,269,买盘
2614,09:44:48,2.69,--,206,55414,买盘
2615,09:44:45,2.69,--,8,2152,买盘
2616,09:44:42,2.69,--,3,807,买盘
2617,09:44:39,2.69,--,3,807,买盘
2618,09:44:36,2.69,--,2,538,买盘
2619,09:44:33,2.69,--,3,807,买盘
2620,09:44:27,2.69,--,19,5111,买盘
2621,09:44:24,2.69,--,146,39274,买盘
2622,09:44:21,2.69,--,5,1345,买盘
2623,09:44:18,2.69,--,200,53800,买盘
2624,09:44:15,2.69,--,40,10760,买盘
2625,09:44:12,2.69,--,100,26900,买盘
2626,09:44:06,2.69,--,20,5380,买盘
2627,09:44:03,2.69,--,14,3766,买盘
2628,09:44:00,2.69,0.01,5,1345,买盘
2629,09:43:57,2.68,--,24,6432,卖盘
2630,09:43:54,2.68,-0.01,63,16884,卖盘
2631,09:43:51,2.69,--,15,4035,买盘
2632,09:43:45,2.69,--,162,43578,买盘
2633,09:43:42,2.69,0.01,63,16947,买盘
2634,09:43:39,2.68,-0.01,75,20100,卖盘
2635,09:43:36,2.69,--,176,47344,买盘
2636,09:43:33,2.69,--,7,1883,买盘
2637,09:43:30,2.69,--,163,43847,买盘
2638,09:43:24,2.69,--,46,12374,买盘
2639,09:43:21,2.69,--,214,57566,买盘
2640,09:43:18,2.69,--,20,5380,买盘
2641,09:43:15,2.69,--,35,9415,买盘
2642,09:43:12,2.69,--,66,17754,买盘
2643,09:43:09,2.69,--,174,46849,卖盘
2644,09:43:03,2.69,--,24,6456,卖盘
2645,09:43:00,2.69,--,880,236720,卖盘
2646,09:42:57,2.69,--,57,15558,买盘
2647,09:42:54,2.69,--,133,35777,买盘
2648,09:42:51,2.69,--,705,189645,买盘
2649,09:42:45,2.69,--,273,73437,买盘
2650,09:42:39,2.69,--,30,8070,买盘
2651,09:42:36,2.69,--,50,13450,买盘
2652,09:42:33,2.69,--,200,53800,买盘
2653,09:42:30,2.69,--,5,1345,买盘
2654,09:42:27,2.69,--,1,269,买盘
2655,09:42:24,2.69,--,20,5380,买盘
2656,09:42:21,2.69,--,100,26900,买盘
2657,09:42:18,2.69,--,30,8070,买盘
2658,09:42:15,2.69,--,116,31204,买盘
2659,09:42:12,2.69,--,76,20632,买盘
2660,09:42:09,2.69,--,506,136114,买盘
2661,09:42:06,2.69,--,8,2152,买盘
2662,09:42:03,2.69,--,15,4035,买盘
2663,09:42:00,2.69,--,3,807,买盘
2664,09:41:57,2.69,0.01,17,4573,买盘
2665,09:41:54,2.68,-0.01,1,482,卖盘
2666,09:41:51,2.69,0.01,240,64560,买盘
2667,09:41:48,2.68,-0.01,94,25192,卖盘
2668,09:41:42,2.69,--,743,200082,买盘
2669,09:41:39,2.69,0.01,2,538,买盘
2670,09:41:36,2.68,--,50,13400,卖盘
2671,09:41:30,2.68,--,128,34384,买盘
2672,09:41:27,2.68,--,13,3484,买盘
2673,09:41:24,2.68,0.01,550,147400,买盘
2674,09:41:21,2.67,-0.01,19,5073,卖盘
2675,09:41:18,2.68,--,100,26800,买盘
2676,09:41:15,2.68,--,50,13400,买盘
2677,09:41:12,2.68,--,247,66196,买盘
2678,09:41:09,2.68,--,60,16080,买盘
2679,09:41:06,2.68,--,43,11524,买盘
2680,09:41:03,2.68,--,43,11524,买盘
2681,09:41:00,2.68,--,110,29480,买盘
2682,09:40:54,2.68,--,19,5092,买盘
2683,09:40:45,2.68,--,3,804,买盘
2684,09:40:39,2.68,--,923,247364,买盘
2685,09:40:30,2.68,--,51,13668,买盘
2686,09:40:21,2.68,--,72,19296,买盘
2687,09:40:15,2.68,0.01,5,1340,买盘
2688,09:40:12,2.67,--,7,1922,卖盘
2689,09:40:09,2.67,--,11,2937,卖盘
2690,09:39:57,2.67,-0.01,29,7903,卖盘
2691,09:39:54,2.68,0.01,2,536,买盘
2692,09:39:48,2.67,--,7,1869,卖盘
2693,09:39:42,2.67,-0.01,31,8277,卖盘
2694,09:39:36,2.68,0.01,12,3216,买盘
2695,09:39:33,2.67,-0.01,137,36579,卖盘
2696,09:39:27,2.68,--,86,23048,买盘
2697,09:39:24,2.68,--,29,7879,买盘
2698,09:39:21,2.68,--,2,536,买盘
2699,09:39:15,2.68,--,8,2144,买盘
2700,09:39:12,2.68,--,9,2412,买盘
2701,09:39:09,2.68,0.01,2,536,买盘
2702,09:39:06,2.67,-0.01,24,6408,卖盘
2703,09:39:00,2.68,--,66,17688,买盘
2704,09:38:57,2.68,--,7,1876,买盘
2705,09:38:54,2.68,--,55,14740,买盘
2706,09:38:51,2.68,--,20,5360,买盘
2707,09:38:48,2.68,--,34,9112,买盘
2708,09:38:45,2.68,--,178,47704,买盘
2709,09:38:42,2.68,--,86,23048,买盘
2710,09:38:39,2.68,--,1,268,买盘
2711,09:38:36,2.68,--,2,536,买盘
2712,09:38:33,2.68,--,36,9648,买盘
2713,09:38:27,2.68,--,14,3752,买盘
2714,09:38:21,2.68,--,19,5092,买盘
2715,09:38:18,2.68,--,200,53600,买盘
2716,09:38:15,2.68,--,12,3216,买盘
2717,09:38:12,2.68,--,6,1608,买盘
2718,09:38:09,2.68,--,8,2144,买盘
2719,09:38:06,2.68,--,130,34840,买盘
2720,09:38:03,2.68,--,13,3484,买盘
2721,09:38:00,2.68,--,106,28408,买盘
2722,09:37:57,2.68,--,62,16616,买盘
2723,09:37:54,2.68,--,1,268,买盘
2724,09:37:51,2.68,--,80,21440,买盘
2725,09:37:48,2.68,--,50,13400,买盘
2726,09:37:45,2.68,--,146,39128,买盘
2727,09:37:39,2.68,--,10,2680,买盘
2728,09:37:36,2.68,--,25,6700,买盘
2729,09:37:33,2.68,--,9,2412,买盘
2730,09:37:30,2.68,--,16,4288,买盘
2731,09:37:24,2.68,--,101,27068,买盘
2732,09:37:21,2.68,--,15,4020,买盘
2733,09:37:18,2.68,--,36,9648,买盘
2734,09:37:15,2.68,--,30,8040,买盘
2735,09:37:12,2.68,--,150,40200,买盘
2736,09:37:09,2.68,--,10,2680,买盘
2737,09:37:06,2.68,--,8,2144,买盘
2738,09:37:00,2.68,--,90,24120,买盘
2739,09:36:57,2.68,--,79,21172,买盘
2740,09:36:54,2.68,--,3,804,买盘
2741,09:36:51,2.68,--,30,8040,买盘
2742,09:36:48,2.68,--,10,2680,买盘
2743,09:36:45,2.68,--,68,18224,买盘
2744,09:36:42,2.68,--,1000,268000,买盘
2745,09:36:39,2.68,--,4,1072,买盘
2746,09:36:24,2.68,0.01,1,268,买盘
2747,09:36:21,2.67,--,27,7209,卖盘
2748,09:36:18,2.67,--,25,6675,卖盘
2749,09:36:15,2.67,--,10,2670,卖盘
2750,09:36:12,2.67,--,83,22214,买盘
2751,09:36:09,2.67,--,66,17622,买盘
2752,09:36:06,2.67,--,97,25899,买盘
2753,09:36:03,2.67,--,20,5340,买盘
2754,09:35:57,2.67,--,74,19758,买盘
2755,09:35:54,2.67,--,1,267,买盘
2756,09:35:51,2.67,--,172,45977,买盘
2757,09:35:48,2.67,--,25,6675,买盘
2758,09:35:42,2.67,--,3,801,买盘
2759,09:35:36,2.67,--,10,2670,买盘
2760,09:35:30,2.67,0.01,55,14685,买盘
2761,09:35:27,2.66,-0.01,314,83524,卖盘
2762,09:35:24,2.67,--,83,22161,买盘
2763,09:35:21,2.67,--,10,2670,买盘
2764,09:35:18,2.67,--,175,46725,买盘
2765,09:35:15,2.67,0.01,31,8330,买盘
2766,09:35:12,2.66,-0.01,128,34154,卖盘
2767,09:35:06,2.67,--,11,2937,买盘
2768,09:35:03,2.67,0.01,10,2670,买盘
2769,09:35:00,2.66,-0.01,4,1064,卖盘
2770,09:34:57,2.67,--,17,4539,买盘
2771,09:34:54,2.67,--,3,801,买盘
2772,09:34:51,2.67,--,41,10947,买盘
2773,09:34:48,2.67,0.01,22,5874,买盘
2774,09:34:45,2.66,--,47,12502,卖盘
2775,09:34:42,2.66,-0.01,11,2926,卖盘
2776,09:34:39,2.67,--,3,801,买盘
2777,09:34:36,2.67,--,30,8010,买盘
2778,09:34:27,2.67,0.01,2,534,买盘
2779,09:34:21,2.66,-0.01,7,1915,卖盘
2780,09:34:18,2.67,0.01,1,267,买盘
2781,09:34:15,2.66,--,14,3724,卖盘
2782,09:34:03,2.66,-0.01,14,3830,卖盘
2783,09:34:00,2.67,--,1,267,买盘
2784,09:33:57,2.67,--,3,801,买盘
2785,09:33:54,2.67,--,6,1602,买盘
2786,09:33:48,2.67,0.01,100,26700,买盘
2787,09:33:36,2.66,-0.01,93,24738,卖盘
2788,09:33:33,2.67,--,18,4806,买盘
2789,09:33:30,2.67,--,28,7476,买盘
2790,09:33:27,2.67,--,31,8277,买盘
2791,09:33:21,2.67,--,10,2670,买盘
2792,09:33:18,2.67,--,42,11214,买盘
2793,09:33:15,2.67,0.01,36,9612,买盘
2794,09:33:09,2.66,-0.01,11,2926,卖盘
2795,09:33:06,2.67,--,300,80100,买盘
2796,09:33:03,2.67,--,5,1335,买盘
2797,09:32:57,2.67,--,11,3150,买盘
2798,09:32:54,2.67,--,15,4005,买盘
2799,09:32:51,2.67,--,30,8010,买盘
2800,09:32:45,2.67,--,22,5874,买盘
2801,09:32:42,2.67,--,860,229620,买盘
2802,09:32:36,2.67,--,10,2670,买盘
2803,09:32:33,2.67,0.01,31,8277,买盘
2804,09:32:30,2.66,-0.01,151,40219,卖盘
2805,09:32:27,2.67,0.01,3,801,买盘
2806,09:32:06,2.66,--,5,1330,卖盘
2807,09:31:54,2.66,--,626,166622,买盘
2808,09:31:51,2.66,--,17,4522,买盘
2809,09:31:45,2.66,--,47,12502,买盘
2810,09:31:36,2.66,--,7,1862,买盘
2811,09:31:33,2.66,0.01,47,12502,买盘
2812,09:31:24,2.65,-0.01,103,27295,卖盘
2813,09:31:09,2.66,--,3,798,买盘
2814,09:31:06,2.66,0.01,2,532,买盘
2815,09:31:00,2.65,-0.01,119,31588,卖盘
2816,09:30:42,2.66,--,8,2128,买盘
2817,09:30:39,2.66,--,6,1596,买盘
2818,09:30:33,2.66,--,40,10640,买盘
2819,09:30:27,2.66,--,23,6118,买盘
2820,09:30:24,2.66,--,10,2660,买盘
2821,09:30:21,2.66,--,20,5320,买盘
2822,09:30:06,2.66,0.01,609,162100,买盘
2823,09:30:03,2.65,-0.01,2755,730075,卖盘
2824,09:30:00,2.66,--,0,0,买盘
2825,09:25:03,2.66,2.66,1093,290738,买盘
