,time,price,change,volume,amount,type
0,15:00:03,4.77,--,1869,891512,买盘
1,14:57:00,4.77,--,0,0,买盘
2,14:56:54,4.77,--,2,953,买盘
3,14:56:51,4.77,--,36,17172,买盘
4,14:56:48,4.77,0.01,12,5723,买盘
5,14:56:45,4.76,--,1,476,卖盘
6,14:56:42,4.76,-0.01,20,9520,卖盘
7,14:56:39,4.77,--,12,5723,买盘
8,14:56:36,4.77,0.01,7,3338,买盘
9,14:56:33,4.76,--,35,16660,卖盘
10,14:56:30,4.76,--,67,31892,卖盘
11,14:56:27,4.76,--,343,163268,卖盘
12,14:56:24,4.76,--,9,4284,卖盘
13,14:56:15,4.76,--,17,8092,卖盘
14,14:56:12,4.76,--,14,6664,卖盘
15,14:56:06,4.76,-0.01,4,1904,卖盘
16,14:56:03,4.77,0.01,32,15263,买盘
17,14:55:57,4.76,--,123,58548,卖盘
18,14:55:51,4.76,--,100,47600,卖盘
19,14:55:48,4.76,--,11,5236,卖盘
20,14:55:45,4.76,-0.01,21,9996,卖盘
21,14:55:39,4.77,0.01,28,13355,买盘
22,14:55:33,4.76,-0.01,5,2380,卖盘
23,14:55:30,4.77,0.01,20,9540,买盘
24,14:55:27,4.76,-0.01,2,952,卖盘
25,14:55:24,4.77,--,35,16695,买盘
26,14:55:21,4.77,--,19,9063,买盘
27,14:55:06,4.77,--,2,953,买盘
28,14:55:00,4.77,--,100,47699,买盘
29,14:54:57,4.77,--,148,70596,买盘
30,14:54:48,4.77,--,24,11681,买盘
31,14:54:39,4.77,--,2,953,买盘
32,14:54:24,4.77,--,60,28619,买盘
33,14:54:21,4.77,0.01,1,476,买盘
34,14:54:06,4.76,--,4,1904,卖盘
35,14:53:57,4.76,--,14,6664,卖盘
36,14:53:51,4.76,--,56,26656,卖盘
37,14:53:42,4.76,--,332,158036,买盘
38,14:53:36,4.76,0.01,26,12376,买盘
39,14:53:27,4.75,-0.01,86,40850,卖盘
40,14:53:24,4.76,--,10,4760,买盘
41,14:53:09,4.76,--,61,29036,买盘
42,14:53:06,4.76,0.01,41,19516,买盘
43,14:52:57,4.75,-0.01,10,4750,卖盘
44,14:52:45,4.76,--,10,4760,买盘
45,14:52:36,4.76,--,108,51408,买盘
46,14:52:27,4.76,0.01,20,9520,买盘
47,14:52:24,4.75,--,3,1425,卖盘
48,14:52:12,4.75,--,13,6175,卖盘
49,14:52:00,4.75,--,5,2375,卖盘
50,14:51:45,4.75,-0.01,800,380000,卖盘
51,14:51:33,4.76,--,34,16184,买盘
52,14:51:30,4.76,0.01,90,42840,买盘
53,14:51:24,4.75,--,10,4750,卖盘
54,14:51:18,4.75,--,96,45600,卖盘
55,14:51:06,4.75,-0.01,5,2375,卖盘
56,14:50:57,4.76,0.01,22,10472,买盘
57,14:50:51,4.75,--,5,2375,卖盘
58,14:50:48,4.75,--,14,6650,卖盘
59,14:50:33,4.75,--,1,475,卖盘
60,14:50:30,4.75,-0.01,200,95000,卖盘
61,14:50:24,4.76,--,200,95200,买盘
62,14:50:21,4.76,--,10,4760,买盘
63,14:50:06,4.76,--,4,1904,买盘
64,14:49:51,4.76,0.01,10,4760,买盘
65,14:49:45,4.75,--,5,2375,卖盘
66,14:49:42,4.75,-0.01,5,2375,卖盘
67,14:49:39,4.76,--,2,952,买盘
68,14:49:33,4.76,--,50,23800,买盘
69,14:49:21,4.76,--,5,2380,买盘
70,14:49:06,4.76,0.01,8,3808,买盘
71,14:49:03,4.75,--,20,9500,卖盘
72,14:48:54,4.75,0.01,112,53200,买盘
73,14:48:45,4.74,--,25,11850,卖盘
74,14:48:39,4.74,-0.01,2,948,卖盘
75,14:48:36,4.75,--,13,6175,买盘
76,14:48:18,4.75,--,2,950,买盘
77,14:48:12,4.75,--,10,4750,买盘
78,14:48:09,4.75,--,84,39900,卖盘
79,14:47:54,4.75,--,31,14725,卖盘
80,14:47:42,4.75,--,130,61750,卖盘
81,14:47:39,4.75,--,5,2375,卖盘
82,14:47:30,4.75,--,2,950,卖盘
83,14:47:24,4.75,--,150,71250,卖盘
84,14:47:03,4.75,--,30,14250,卖盘
85,14:46:57,4.75,--,3,1425,卖盘
86,14:46:54,4.75,-0.01,80,38000,卖盘
87,14:46:48,4.76,0.01,57,27132,买盘
88,14:46:45,4.75,--,230,109250,卖盘
89,14:46:39,4.75,-0.01,38,18050,卖盘
90,14:46:36,4.76,--,52,24752,买盘
91,14:46:24,4.76,--,181,86156,买盘
92,14:46:09,4.76,--,425,202771,卖盘
93,14:46:06,4.76,--,196,93300,买盘
94,14:46:03,4.76,--,200,95671,卖盘
95,14:45:39,4.76,--,177,84252,卖盘
96,14:45:36,4.76,--,123,58548,卖盘
97,14:45:27,4.76,--,4,1904,卖盘
98,14:45:21,4.76,--,121,57596,卖盘
99,14:45:18,4.76,0.01,1520,723524,买盘
100,14:45:15,4.75,0.01,7,3325,买盘
101,14:45:12,4.74,--,4,1896,卖盘
102,14:44:54,4.74,--,4,1896,卖盘
103,14:44:45,4.74,-0.01,36,17064,卖盘
104,14:44:42,4.75,0.01,31,14725,买盘
105,14:44:33,4.74,-0.01,25,11850,卖盘
106,14:44:27,4.75,0.01,4,1900,买盘
107,14:44:09,4.74,0.01,412,195292,买盘
108,14:43:48,4.73,--,10,4730,卖盘
109,14:43:42,4.73,--,15,7095,卖盘
110,14:43:39,4.73,0.01,98,46354,买盘
111,14:43:36,4.72,--,70,33040,卖盘
112,14:43:33,4.72,--,22,10384,卖盘
113,14:43:24,4.72,--,68,32096,卖盘
114,14:43:15,4.72,--,1712,808064,买盘
115,14:43:09,4.72,--,31,14632,买盘
116,14:43:03,4.72,--,51,24072,买盘
117,14:42:51,4.72,0.01,1,472,买盘
118,14:42:45,4.71,--,55,25905,卖盘
119,14:42:42,4.71,--,20,9420,卖盘
120,14:42:39,4.71,--,10,4710,卖盘
121,14:42:36,4.71,--,107,50397,卖盘
122,14:42:33,4.71,--,5,2355,卖盘
123,14:42:30,4.71,--,47,22137,卖盘
124,14:42:27,4.71,-0.01,128,60288,卖盘
125,14:42:24,4.72,--,5,2360,买盘
126,14:42:21,4.72,0.01,49,23128,买盘
127,14:42:18,4.71,-0.01,105,49455,卖盘
128,14:42:00,4.72,--,5,2360,买盘
129,14:41:57,4.72,-0.01,811,382792,卖盘
130,14:41:54,4.73,--,20,9460,买盘
131,14:41:45,4.73,--,18,8514,买盘
132,14:41:39,4.73,--,38,17974,卖盘
133,14:41:36,4.73,--,65,30745,卖盘
134,14:41:30,4.73,--,366,173118,卖盘
135,14:41:27,4.73,-0.01,1,473,卖盘
136,14:41:18,4.74,--,7,3318,买盘
137,14:41:15,4.74,--,1,474,买盘
138,14:41:12,4.74,--,3,1422,买盘
139,14:41:09,4.74,--,4,2365,卖盘
140,14:41:03,4.74,--,860,407640,卖盘
141,14:40:57,4.74,--,5,2370,卖盘
142,14:40:54,4.74,-0.01,30,14220,卖盘
143,14:40:51,4.75,0.01,30,14250,买盘
144,14:40:48,4.74,-0.01,96,45504,卖盘
145,14:40:45,4.75,0.01,500,237500,买盘
146,14:40:42,4.74,--,150,71100,卖盘
147,14:40:39,4.74,--,323,153102,卖盘
148,14:40:36,4.74,-0.01,77,36498,卖盘
149,14:40:30,4.75,0.01,10,4750,买盘
150,14:40:24,4.74,-0.01,100,47400,卖盘
151,14:40:15,4.75,--,94,44650,卖盘
152,14:40:12,4.75,--,40,19000,卖盘
153,14:39:57,4.75,--,500,237500,卖盘
154,14:39:48,4.75,--,98,46550,卖盘
155,14:39:39,4.75,--,30,14250,卖盘
156,14:39:36,4.75,--,10,4750,卖盘
157,14:39:30,4.75,--,17,8075,卖盘
158,14:39:27,4.75,--,20,9500,卖盘
159,14:39:15,4.75,--,399,189700,买盘
160,14:39:06,4.75,--,472,224200,买盘
161,14:38:48,4.75,--,26,12350,买盘
162,14:38:45,4.75,--,104,49699,卖盘
163,14:38:36,4.75,--,1,475,卖盘
164,14:38:30,4.75,--,180,85500,卖盘
165,14:38:12,4.75,--,8,3800,卖盘
166,14:38:09,4.75,--,10,4750,卖盘
167,14:38:00,4.75,-0.01,39,18525,卖盘
168,14:37:39,4.76,--,50,23800,买盘
169,14:37:33,4.76,0.01,5,2380,买盘
170,14:37:27,4.75,--,3,1425,卖盘
171,14:37:18,4.75,--,2,950,卖盘
172,14:37:15,4.75,--,100,47500,卖盘
173,14:37:09,4.75,--,307,145825,卖盘
174,14:37:06,4.75,--,18,8550,卖盘
175,14:37:00,4.75,--,15,7125,卖盘
176,14:36:51,4.75,-0.01,5,2375,卖盘
177,14:36:30,4.76,0.01,5,2380,买盘
178,14:36:21,4.75,-0.01,2,950,卖盘
179,14:36:15,4.76,0.01,10,4760,买盘
180,14:36:12,4.75,--,186,88350,卖盘
181,14:36:09,4.75,-0.01,38,18050,卖盘
182,14:36:00,4.76,0.01,5,2380,买盘
183,14:35:45,4.75,--,182,86450,卖盘
184,14:35:30,4.75,--,14,6825,卖盘
185,14:35:24,4.75,-0.01,800,380000,卖盘
186,14:35:21,4.76,0.01,210,99960,买盘
187,14:35:18,4.75,--,50,23750,卖盘
188,14:35:09,4.75,-0.01,9,4275,卖盘
189,14:35:03,4.76,0.01,14,6664,买盘
190,14:34:57,4.75,--,9,4275,卖盘
191,14:34:54,4.75,--,6,2850,卖盘
192,14:34:36,4.75,--,8,3800,卖盘
193,14:34:30,4.75,--,50,23750,卖盘
194,14:34:15,4.75,-0.01,92,43700,卖盘
195,14:34:09,4.76,--,125,59500,买盘
196,14:34:06,4.76,--,1,476,买盘
197,14:34:03,4.76,--,9,4284,买盘
198,14:33:57,4.76,--,11,5236,买盘
199,14:33:54,4.76,--,1,476,买盘
200,14:33:48,4.76,--,3,1428,买盘
201,14:33:45,4.76,--,35,16660,买盘
202,14:33:42,4.76,0.01,2,952,买盘
203,14:33:39,4.75,-0.01,14,6650,卖盘
204,14:33:33,4.76,--,5,2380,买盘
205,14:33:27,4.76,--,8,3808,卖盘
206,14:33:15,4.76,0.01,19,9044,买盘
207,14:33:06,4.75,--,7,3325,卖盘
208,14:33:03,4.75,--,5,2375,卖盘
209,14:32:48,4.75,-0.02,85,40375,卖盘
210,14:32:45,4.77,0.01,50,23849,买盘
211,14:32:42,4.76,--,151,71876,买盘
212,14:32:27,4.76,--,115,54740,买盘
213,14:32:18,4.76,--,45,21420,卖盘
214,14:32:12,4.76,0.01,275,130900,买盘
215,14:32:06,4.75,-0.01,6,2850,卖盘
216,14:32:03,4.76,--,42,19992,买盘
217,14:32:00,4.76,--,44,20944,买盘
218,14:31:54,4.76,0.01,125,59500,买盘
219,14:31:48,4.75,--,16,7600,卖盘
220,14:31:45,4.75,--,6,2850,卖盘
221,14:31:33,4.75,--,150,71250,买盘
222,14:31:30,4.75,--,123,58425,买盘
223,14:31:27,4.75,--,6,2850,买盘
224,14:31:24,4.75,--,45,21375,买盘
225,14:31:21,4.75,--,2,950,买盘
226,14:31:15,4.75,--,6,2850,买盘
227,14:31:12,4.75,--,8,3800,买盘
228,14:31:09,4.75,--,25,11875,买盘
229,14:31:06,4.75,0.01,225,106875,买盘
230,14:30:48,4.74,-0.01,22,10428,卖盘
231,14:30:33,4.75,--,20,9500,买盘
232,14:30:24,4.75,0.01,33,15675,买盘
233,14:30:21,4.74,--,20,9480,卖盘
234,14:30:15,4.74,--,19,9006,卖盘
235,14:30:09,4.74,--,60,28440,卖盘
236,14:30:06,4.74,--,30,14224,卖盘
237,14:29:57,4.74,--,17,8058,卖盘
238,14:29:51,4.74,--,50,23700,卖盘
239,14:29:48,4.74,--,1,474,卖盘
240,14:29:39,4.74,-0.01,12,5688,卖盘
241,14:29:33,4.75,--,50,23750,买盘
242,14:29:24,4.75,--,1,475,买盘
243,14:29:21,4.75,--,3,1425,卖盘
244,14:29:18,4.75,0.01,11,5225,中性盘
245,14:29:12,4.74,-0.01,105,49770,卖盘
246,14:29:06,4.75,--,6,2850,卖盘
247,14:29:03,4.75,--,117,55575,买盘
248,14:28:51,4.75,--,10,4750,买盘
249,14:28:39,4.75,0.01,1,475,中性盘
250,14:28:33,4.74,-0.01,60,28440,卖盘
251,14:28:30,4.75,--,53,25175,卖盘
252,14:28:24,4.75,--,7,3325,卖盘
253,14:28:21,4.75,--,10,4750,卖盘
254,14:28:12,4.75,--,216,102600,卖盘
255,14:28:09,4.75,-0.01,30,14250,卖盘
256,14:28:03,4.76,--,16,7616,买盘
257,14:27:54,4.76,--,74,35228,卖盘
258,14:27:48,4.76,--,614,292264,卖盘
259,14:27:42,4.76,-0.01,219,104244,卖盘
260,14:27:36,4.77,0.01,4,1907,买盘
261,14:27:33,4.76,--,50,23800,卖盘
262,14:27:30,4.76,-0.01,200,95200,卖盘
263,14:27:27,4.77,0.01,280,133560,买盘
264,14:27:06,4.76,-0.01,100,47600,卖盘
265,14:26:51,4.77,--,10,4770,买盘
266,14:26:45,4.77,0.01,5,2385,买盘
267,14:26:42,4.76,--,5,2380,卖盘
268,14:26:39,4.76,--,1,476,卖盘
269,14:26:33,4.76,-0.01,84,39984,卖盘
270,14:26:30,4.77,0.01,3,1430,买盘
271,14:26:03,4.76,--,2,952,卖盘
272,14:25:54,4.76,--,101,48076,卖盘
273,14:25:39,4.76,-0.01,344,163744,卖盘
274,14:25:36,4.77,0.01,10,4770,买盘
275,14:25:12,4.76,-0.01,10,4760,卖盘
276,14:24:51,4.77,0.01,2,953,买盘
277,14:24:45,4.76,--,1,476,卖盘
278,14:24:42,4.76,--,100,47600,卖盘
279,14:24:36,4.76,--,10,4760,卖盘
280,14:24:18,4.76,--,267,127092,卖盘
281,14:24:15,4.76,-0.01,21,9996,卖盘
282,14:24:12,4.77,0.01,116,55331,买盘
283,14:23:54,4.76,--,20,9520,卖盘
284,14:23:42,4.76,-0.01,49,23324,卖盘
285,14:23:39,4.77,--,5,2385,买盘
286,14:23:33,4.77,0.01,11,5246,买盘
287,14:23:27,4.76,--,118,56168,卖盘
288,14:23:18,4.76,--,200,95200,卖盘
289,14:23:03,4.76,--,27,12852,卖盘
290,14:23:00,4.76,-0.01,170,80920,卖盘
291,14:22:54,4.77,--,20,9540,买盘
292,14:22:48,4.77,0.01,11,5246,买盘
293,14:22:36,4.76,--,20,9520,卖盘
294,14:22:33,4.76,--,50,23800,卖盘
295,14:22:24,4.76,--,72,34272,卖盘
296,14:22:18,4.76,--,41,19516,卖盘
297,14:22:15,4.76,--,5,2380,卖盘
298,14:22:12,4.76,--,9,4755,卖盘
299,14:22:06,4.76,--,1,476,卖盘
300,14:21:48,4.76,-0.01,1,476,卖盘
301,14:21:36,4.77,--,3,1430,买盘
302,14:21:09,4.77,0.01,35,16695,买盘
303,14:20:54,4.76,-0.01,10,4760,卖盘
304,14:20:27,4.77,--,94,44837,卖盘
305,14:20:21,4.77,--,670,319590,卖盘
306,14:20:15,4.77,--,196,93491,卖盘
307,14:20:12,4.77,--,219,104462,卖盘
308,14:20:09,4.77,--,18,8586,卖盘
309,14:20:06,4.77,--,200,95399,卖盘
310,14:20:00,4.77,--,72,34344,卖盘
311,14:19:57,4.77,--,332,158364,卖盘
312,14:19:54,4.77,--,334,159318,卖盘
313,14:19:42,4.77,--,2,953,卖盘
314,14:19:36,4.77,-0.01,196,93491,卖盘
315,14:19:21,4.78,0.01,3,1434,买盘
316,14:19:12,4.77,--,50,23849,卖盘
317,14:18:57,4.77,-0.01,240,114479,卖盘
318,14:18:48,4.78,0.01,20,9560,买盘
319,14:18:42,4.77,--,23,10970,卖盘
320,14:18:39,4.77,--,54,25757,卖盘
321,14:18:30,4.77,-0.01,100,47699,卖盘
322,14:18:18,4.78,0.01,1,478,买盘
323,14:17:45,4.77,-0.01,2,953,卖盘
324,14:17:33,4.78,--,1,478,买盘
325,14:17:27,4.78,--,36,17518,卖盘
326,14:17:24,4.78,--,24,11472,卖盘
327,14:17:15,4.78,-0.01,60,28680,卖盘
328,14:17:12,4.79,0.01,1,479,买盘
329,14:17:03,4.78,--,9,4302,卖盘
330,14:16:57,4.78,--,90,43020,卖盘
331,14:16:39,4.78,--,29,13862,卖盘
332,14:16:30,4.78,--,13,6214,卖盘
333,14:16:24,4.78,--,3,1434,卖盘
334,14:16:21,4.78,--,2,956,卖盘
335,14:15:51,4.78,--,890,425587,买盘
336,14:15:42,4.78,--,100,47800,买盘
337,14:15:39,4.78,--,11,5258,买盘
338,14:15:30,4.78,--,100,47800,买盘
339,14:15:21,4.78,--,18,8604,买盘
340,14:15:18,4.78,--,100,47800,买盘
341,14:15:06,4.78,--,100,47800,买盘
342,14:14:57,4.78,--,20,9560,买盘
343,14:14:36,4.78,--,17,8126,买盘
344,14:14:21,4.78,--,26,12428,买盘
345,14:14:12,4.78,--,1,478,买盘
346,14:13:57,4.78,--,5,2390,买盘
347,14:13:54,4.78,--,5,2390,买盘
348,14:13:42,4.78,--,10,4780,买盘
349,14:13:12,4.78,0.01,20,9560,买盘
350,14:13:06,4.77,-0.01,50,23849,卖盘
351,14:12:48,4.78,--,57,27556,卖盘
352,14:12:42,4.78,--,33,15774,卖盘
353,14:12:18,4.78,-0.01,8,3824,卖盘
354,14:12:00,4.79,--,1,479,买盘
355,14:11:51,4.79,0.01,15,7185,买盘
356,14:11:45,4.78,-0.01,25,11950,卖盘
357,14:11:21,4.79,0.01,20,9580,买盘
358,14:10:57,4.78,--,30,14340,卖盘
359,14:10:45,4.78,--,60,28680,卖盘
360,14:10:27,4.78,-0.01,10,4780,卖盘
361,14:10:15,4.79,--,283,135724,买盘
362,14:09:48,4.79,--,1,479,买盘
363,14:09:45,4.79,--,6,2874,买盘
364,14:09:39,4.79,0.01,288,137952,买盘
365,14:09:33,4.78,-0.01,10,4780,卖盘
366,14:09:27,4.79,0.01,1,479,买盘
367,14:09:09,4.78,-0.01,200,95600,卖盘
368,14:09:03,4.79,--,4,1916,买盘
369,14:08:57,4.79,0.01,50,23950,买盘
370,14:08:51,4.78,--,30,14340,卖盘
371,14:08:27,4.78,--,298,142444,买盘
372,14:08:21,4.78,--,51,24378,买盘
373,14:08:18,4.78,--,201,96078,买盘
374,14:08:15,4.78,--,99,47322,买盘
375,14:08:06,4.78,--,100,47800,买盘
376,14:08:03,4.78,--,1004,479912,买盘
377,14:07:57,4.78,--,4,1912,买盘
378,14:07:48,4.78,--,20,9560,买盘
379,14:07:39,4.78,--,37,17686,买盘
380,14:07:18,4.78,--,10,4780,买盘
381,14:07:15,4.78,0.01,3,1434,买盘
382,14:07:12,4.77,-0.01,8,3815,卖盘
383,14:07:09,4.78,--,69,32982,买盘
384,14:07:06,4.78,--,20,9560,买盘
385,14:06:48,4.78,--,5,2390,买盘
386,14:06:33,4.78,--,3,1434,买盘
387,14:06:24,4.78,--,15,7170,买盘
388,14:06:18,4.78,--,3,1434,买盘
389,14:06:03,4.78,--,60,28680,买盘
390,14:05:48,4.78,--,2,956,买盘
391,14:05:18,4.78,--,10,4780,买盘
392,14:05:09,4.78,--,14,6692,买盘
393,14:05:06,4.78,--,100,47800,买盘
394,14:05:03,4.78,--,2,956,买盘
395,14:04:57,4.78,--,50,23900,买盘
396,14:04:48,4.78,0.01,1,478,买盘
397,14:04:42,4.77,-0.01,30,14309,卖盘
398,14:04:33,4.78,0.01,3,1434,买盘
399,14:04:00,4.77,--,1,476,卖盘
400,14:03:30,4.77,--,9,4293,卖盘
401,14:03:18,4.77,--,5,2385,卖盘
402,14:03:00,4.77,-0.01,5,2385,卖盘
403,14:02:30,4.78,--,14,6692,卖盘
404,14:02:27,4.78,--,7,3346,买盘
405,14:02:15,4.78,--,1,478,买盘
406,14:02:12,4.78,0.01,2,956,卖盘
407,14:02:09,4.77,-0.01,25,11924,卖盘
408,14:01:57,4.78,--,102,48756,买盘
409,14:01:45,4.78,--,50,23900,买盘
410,14:01:42,4.78,--,100,47800,买盘
411,14:01:33,4.78,--,2,956,买盘
412,14:01:21,4.78,--,13,6214,买盘
413,14:00:54,4.78,--,20,9560,买盘
414,14:00:51,4.78,--,14,6692,买盘
415,14:00:36,4.78,0.01,3,1434,买盘
416,14:00:33,4.77,--,5,2385,卖盘
417,14:00:30,4.77,--,51,24326,卖盘
418,14:00:18,4.77,--,100,47699,卖盘
419,14:00:00,4.77,--,10,4770,卖盘
420,13:59:57,4.77,--,15,7154,卖盘
421,13:59:39,4.77,-0.01,60,28619,卖盘
422,13:59:30,4.78,0.01,3,1434,买盘
423,13:59:24,4.77,-0.01,200,95399,卖盘
424,13:59:12,4.78,--,95,45410,买盘
425,13:59:03,4.78,0.01,2,956,买盘
426,13:58:57,4.77,--,10,4770,卖盘
427,13:58:54,4.77,-0.01,100,47699,卖盘
428,13:58:39,4.78,0.01,1,478,买盘
429,13:58:24,4.77,-0.01,37,17649,卖盘
430,13:58:21,4.78,--,10,4780,买盘
431,13:58:12,4.78,--,45,21510,买盘
432,13:58:09,4.78,--,2,956,买盘
433,13:58:03,4.78,--,20,9560,买盘
434,13:57:48,4.78,--,47,22466,买盘
435,13:57:27,4.78,0.01,20,9560,买盘
436,13:57:21,4.77,-0.01,202,96353,卖盘
437,13:56:57,4.78,--,2,956,买盘
438,13:56:33,4.78,0.01,18,8604,买盘
439,13:56:06,4.77,-0.01,20,9540,卖盘
440,13:55:48,4.78,0.01,2,956,买盘
441,13:55:42,4.77,--,40,19080,卖盘
442,13:55:36,4.77,-0.01,17,8108,卖盘
443,13:55:30,4.78,--,2,956,买盘
444,13:55:18,4.78,0.01,90,43020,买盘
445,13:55:12,4.77,--,3,1430,卖盘
446,13:55:06,4.77,--,2,953,卖盘
447,13:55:03,4.77,--,20,9540,卖盘
448,13:54:51,4.77,--,29,13832,卖盘
449,13:54:48,4.77,--,10,4770,卖盘
450,13:54:36,4.77,-0.01,5,2385,卖盘
451,13:54:18,4.78,--,1,478,买盘
452,13:54:15,4.78,0.01,8,3824,买盘
453,13:54:06,4.77,-0.01,2,953,卖盘
454,13:54:00,4.78,--,43,20554,买盘
455,13:53:57,4.78,--,60,28680,买盘
456,13:53:54,4.78,--,140,66920,卖盘
457,13:53:45,4.78,--,29,13862,卖盘
458,13:53:39,4.78,--,11,5258,卖盘
459,13:53:36,4.78,--,30,14340,卖盘
460,13:53:27,4.78,--,105,50190,卖盘
461,13:53:21,4.78,-0.01,2,956,卖盘
462,13:53:18,4.79,0.01,1,479,买盘
463,13:52:42,4.78,-0.01,5,2390,卖盘
464,13:52:33,4.79,0.01,4,1916,买盘
465,13:52:27,4.78,--,2,956,卖盘
466,13:52:21,4.78,-0.01,10,4780,卖盘
467,13:52:15,4.79,--,200,95800,买盘
468,13:51:48,4.79,0.01,5,2395,买盘
469,13:51:36,4.78,--,10,4780,卖盘
470,13:51:18,4.78,-0.01,72,34416,卖盘
471,13:51:15,4.79,--,25,11975,买盘
472,13:51:03,4.79,0.01,20,9580,买盘
473,13:50:45,4.78,-0.01,6,2868,卖盘
474,13:50:39,4.79,--,2,958,买盘
475,13:50:36,4.79,--,18,8622,买盘
476,13:50:33,4.79,0.01,40,19160,买盘
477,13:50:24,4.78,-0.01,39,18642,卖盘
478,13:50:12,4.79,--,50,23950,买盘
479,13:50:03,4.79,--,5,2395,买盘
480,13:49:33,4.79,--,45,21555,卖盘
481,13:49:27,4.79,--,37,17723,买盘
482,13:49:21,4.79,--,3,1437,中性盘
483,13:49:09,4.79,0.02,128,61312,买盘
484,13:49:03,4.77,-0.02,23,10970,卖盘
485,13:48:54,4.79,--,10,4790,买盘
486,13:48:42,4.79,0.01,100,47900,买盘
487,13:48:33,4.78,--,30,14340,买盘
488,13:48:18,4.78,0.01,249,119022,买盘
489,13:48:12,4.77,--,5,2385,买盘
490,13:48:09,4.77,--,1,476,买盘
491,13:47:57,4.77,--,500,238499,买盘
492,13:47:54,4.77,0.01,43,20510,买盘
493,13:47:51,4.76,-0.01,10,4760,卖盘
494,13:47:48,4.77,--,4,1907,买盘
495,13:47:45,4.77,0.01,289,137853,买盘
496,13:47:42,4.76,--,37,17612,卖盘
497,13:47:36,4.76,-0.01,9,4284,卖盘
498,13:47:33,4.77,--,1500,715499,买盘
499,13:47:21,4.77,0.01,8,3815,买盘
500,13:47:15,4.76,-0.01,50,23800,卖盘
501,13:47:09,4.77,0.01,6,2861,买盘
502,13:47:06,4.76,--,1,476,卖盘
503,13:47:00,4.76,--,76,36176,卖盘
504,13:46:57,4.76,--,81,38556,买盘
505,13:46:54,4.76,--,12,5712,买盘
506,13:46:51,4.76,--,55,26180,买盘
507,13:46:42,4.76,-0.01,898,427448,卖盘
508,13:46:24,4.77,--,50,23849,买盘
509,13:46:21,4.77,--,28,13355,买盘
510,13:46:15,4.77,--,26,12401,买盘
511,13:46:03,4.77,0.01,5,2385,买盘
512,13:45:48,4.76,--,25,11900,卖盘
513,13:45:45,4.76,--,11,5236,卖盘
514,13:45:36,4.76,--,2,952,卖盘
515,13:45:21,4.76,--,16,7616,买盘
516,13:45:15,4.76,--,58,27608,买盘
517,13:45:09,4.76,--,7,3332,买盘
518,13:45:03,4.76,--,107,50932,买盘
519,13:45:00,4.76,--,20,9520,买盘
520,13:44:48,4.76,--,1,476,买盘
521,13:44:39,4.76,0.01,20,9520,买盘
522,13:44:36,4.75,-0.01,22,10450,卖盘
523,13:44:33,4.76,--,16,7616,买盘
524,13:44:24,4.76,--,60,28560,买盘
525,13:44:12,4.76,--,50,23800,买盘
526,13:43:57,4.76,--,53,25228,卖盘
527,13:43:54,4.76,--,200,95200,卖盘
528,13:43:48,4.76,--,89,42364,卖盘
529,13:43:45,4.76,0.01,3,1428,中性盘
530,13:43:30,4.75,-0.02,164,77900,卖盘
531,13:43:21,4.77,--,39,18603,买盘
532,13:43:15,4.77,0.02,1,476,买盘
533,13:43:09,4.75,-0.01,50,23750,卖盘
534,13:43:00,4.76,--,155,73780,买盘
535,13:42:54,4.76,--,10,4760,买盘
536,13:42:51,4.76,--,30,14280,买盘
537,13:42:48,4.76,--,6,2856,买盘
538,13:42:33,4.76,0.01,13,6188,买盘
539,13:42:30,4.75,--,4,1900,卖盘
540,13:42:27,4.75,--,84,39900,卖盘
541,13:42:24,4.75,--,622,295450,卖盘
542,13:42:18,4.75,--,50,23750,卖盘
543,13:42:15,4.75,--,100,47500,卖盘
544,13:42:09,4.75,--,80,38000,卖盘
545,13:41:57,4.75,--,16,7600,卖盘
546,13:41:51,4.75,-0.01,67,31825,卖盘
547,13:41:45,4.76,--,115,54740,买盘
548,13:41:42,4.76,--,10,4760,买盘
549,13:41:30,4.76,--,28,13328,卖盘
550,13:41:27,4.76,--,42,19992,卖盘
551,13:41:24,4.76,--,61,29036,卖盘
552,13:41:21,4.76,--,91,43316,卖盘
553,13:41:18,4.76,--,646,307496,卖盘
554,13:41:15,4.76,--,27,12852,卖盘
555,13:41:12,4.76,--,30,14280,卖盘
556,13:41:09,4.76,--,97,46172,卖盘
557,13:41:06,4.76,--,50,23800,卖盘
558,13:41:03,4.76,-0.01,28,13328,卖盘
559,13:40:57,4.77,-0.01,754,359896,卖盘
560,13:40:45,4.78,--,2131,1018618,卖盘
561,13:40:42,4.78,-0.01,210,100380,卖盘
562,13:40:39,4.79,0.01,402,192558,买盘
563,13:40:36,4.78,--,290,138620,卖盘
564,13:40:30,4.78,-0.01,123,58794,卖盘
565,13:40:15,4.79,--,14,6706,买盘
566,13:40:12,4.79,-0.01,150,71850,卖盘
567,13:39:51,4.8,0.01,10,4800,买盘
568,13:39:33,4.79,--,67,32093,买盘
569,13:39:30,4.79,0.01,10,4790,买盘
570,13:39:27,4.78,--,20,9560,卖盘
571,13:39:24,4.78,-0.01,39,18642,卖盘
572,13:39:12,4.79,--,50,23950,买盘
573,13:39:06,4.79,0.01,5,2395,买盘
574,13:39:03,4.78,--,1,478,买盘
575,13:39:00,4.78,--,7,3346,卖盘
576,13:38:51,4.78,-0.01,20,9560,卖盘
577,13:38:27,4.79,0.02,21,10059,买盘
578,13:38:24,4.77,-0.01,1263,602451,卖盘
579,13:38:15,4.78,--,580,277240,卖盘
580,13:38:12,4.78,-0.01,30,14340,卖盘
581,13:38:03,4.79,0.01,5,2395,买盘
582,13:38:00,4.78,--,59,28202,卖盘
583,13:37:57,4.78,--,122,58316,卖盘
584,13:37:45,4.78,-0.01,11,5258,卖盘
585,13:37:42,4.79,0.01,5,2395,买盘
586,13:37:39,4.78,--,31,14818,卖盘
587,13:37:33,4.78,--,85,40630,卖盘
588,13:37:27,4.78,--,53,25334,卖盘
589,13:37:21,4.78,--,2,956,卖盘
590,13:37:15,4.78,--,18,8604,卖盘
591,13:37:12,4.78,--,14,6692,卖盘
592,13:37:09,4.78,--,47,22466,卖盘
593,13:37:00,4.78,--,2,956,卖盘
594,13:36:54,4.78,--,2,956,卖盘
595,13:36:51,4.78,-0.01,250,119500,卖盘
596,13:36:42,4.79,--,42,20357,买盘
597,13:36:36,4.79,--,163,78077,卖盘
598,13:36:33,4.79,--,349,167171,卖盘
599,13:36:30,4.79,--,3,1437,卖盘
600,13:36:21,4.79,-0.01,11,5269,卖盘
601,13:36:12,4.8,--,10,4800,买盘
602,13:36:09,4.8,--,5,2400,买盘
603,13:36:06,4.8,--,754,361920,卖盘
604,13:36:03,4.8,--,160,76800,卖盘
605,13:36:00,4.8,--,192,92160,卖盘
606,13:35:57,4.8,--,11,5280,卖盘
607,13:35:54,4.8,-0.01,308,147840,卖盘
608,13:35:51,4.81,0.01,120,57719,买盘
609,13:35:48,4.8,--,25,12000,卖盘
610,13:35:45,4.8,--,20,9600,卖盘
611,13:35:42,4.8,-0.01,100,48000,卖盘
612,13:35:36,4.81,0.01,10,4810,买盘
613,13:35:30,4.8,--,238,114240,卖盘
614,13:35:24,4.8,--,5,2400,卖盘
615,13:35:15,4.8,--,90,43200,卖盘
616,13:35:09,4.8,-0.01,30,14400,卖盘
617,13:35:06,4.81,0.01,3,1442,买盘
618,13:35:03,4.8,--,35,16800,卖盘
619,13:35:00,4.8,--,41,19680,卖盘
620,13:34:57,4.8,--,400,192000,卖盘
621,13:34:48,4.8,-0.01,534,256320,卖盘
622,13:34:36,4.81,0.01,5,2405,买盘
623,13:34:33,4.8,--,599,287520,卖盘
624,13:34:30,4.8,--,136,65280,卖盘
625,13:34:21,4.8,-0.01,40,19200,卖盘
626,13:34:15,4.81,0.01,6,2885,买盘
627,13:34:03,4.8,-0.01,109,52320,卖盘
628,13:33:54,4.81,--,5,2405,买盘
629,13:33:48,4.81,--,10,4810,买盘
630,13:33:42,4.81,--,10,4810,买盘
631,13:33:33,4.81,--,152,73112,买盘
632,13:33:09,4.81,0.01,3,1442,买盘
633,13:32:45,4.8,-0.01,5,2400,卖盘
634,13:32:27,4.81,--,12,5771,买盘
635,13:32:09,4.81,--,57,27416,买盘
636,13:31:51,4.81,--,93,44733,买盘
637,13:31:33,4.81,--,20,9620,买盘
638,13:31:27,4.81,--,7,3366,买盘
639,13:31:24,4.81,--,10,4810,买盘
640,13:31:21,4.81,--,42,20202,买盘
641,13:31:06,4.81,0.01,10,4810,买盘
642,13:30:57,4.8,-0.01,1,480,卖盘
643,13:30:51,4.81,--,5,2405,买盘
644,13:30:45,4.81,--,63,30302,卖盘
645,13:30:42,4.81,--,22,10582,卖盘
646,13:30:30,4.81,-0.01,1000,480999,卖盘
647,13:30:27,4.82,0.01,150,72300,买盘
648,13:30:21,4.81,-0.01,4,1923,卖盘
649,13:30:18,4.82,0.01,15,7230,买盘
650,13:30:06,4.81,--,5,2405,卖盘
651,13:30:03,4.81,-0.01,14,6733,卖盘
652,13:30:00,4.82,0.01,12,5784,买盘
653,13:29:39,4.81,-0.01,15,7214,卖盘
654,13:29:33,4.82,--,5,2410,买盘
655,13:29:27,4.82,0.01,100,48200,买盘
656,13:29:21,4.81,--,50,24049,卖盘
657,13:29:12,4.81,--,10,4810,卖盘
658,13:29:03,4.81,--,20,9620,卖盘
659,13:29:00,4.81,--,14,6733,卖盘
660,13:28:54,4.81,--,18,8658,卖盘
661,13:28:51,4.81,-0.01,37,17797,卖盘
662,13:28:48,4.82,0.01,52,25064,买盘
663,13:28:30,4.81,-0.01,100,48099,卖盘
664,13:28:18,4.82,0.01,200,96400,买盘
665,13:28:15,4.81,-0.01,2,961,卖盘
666,13:27:39,4.82,0.01,40,19280,买盘
667,13:27:36,4.81,--,44,21164,卖盘
668,13:27:30,4.81,--,50,24049,卖盘
669,13:27:24,4.81,-0.01,5,2405,卖盘
670,13:27:15,4.82,0.01,3,1446,买盘
671,13:27:06,4.81,--,89,42809,卖盘
672,13:27:03,4.81,--,1,480,卖盘
673,13:27:00,4.81,-0.01,20,9620,卖盘
674,13:26:48,4.82,0.01,3,1446,买盘
675,13:26:36,4.81,--,20,9620,卖盘
676,13:26:30,4.81,--,397,190956,卖盘
677,13:26:18,4.81,-0.01,10,4810,卖盘
678,13:26:09,4.82,0.01,32,15424,买盘
679,13:26:06,4.81,-0.01,214,102933,卖盘
680,13:26:00,4.82,0.01,99,47718,买盘
681,13:25:54,4.81,--,10,4810,卖盘
682,13:25:51,4.81,--,108,51947,卖盘
683,13:25:27,4.81,--,82,39442,卖盘
684,13:25:15,4.81,--,140,67340,卖盘
685,13:24:57,4.81,-0.01,149,71669,卖盘
686,13:24:51,4.82,--,60,28920,买盘
687,13:24:48,4.82,0.01,25,12050,买盘
688,13:24:42,4.81,--,40,19240,卖盘
689,13:24:03,4.81,-0.01,4,1923,卖盘
690,13:23:54,4.82,0.01,5,2410,买盘
691,13:23:51,4.81,--,10,4810,卖盘
692,13:23:27,4.81,--,20,9620,卖盘
693,13:23:06,4.81,--,118,56757,卖盘
694,13:22:57,4.81,-0.01,20,9620,卖盘
695,13:22:48,4.82,0.01,10,4820,买盘
696,13:22:42,4.81,--,13,6252,卖盘
697,13:22:21,4.81,--,30,14429,卖盘
698,13:22:18,4.81,--,4,1923,卖盘
699,13:22:12,4.81,--,1368,658008,买盘
700,13:21:42,4.81,0.01,40,19240,买盘
701,13:21:33,4.8,--,3,1440,卖盘
702,13:21:21,4.8,-0.01,5,2400,卖盘
703,13:21:15,4.81,0.01,16,7695,买盘
704,13:21:12,4.8,--,16,7680,卖盘
705,13:21:06,4.8,-0.01,12,5760,卖盘
706,13:21:03,4.81,0.01,32,15391,买盘
707,13:21:00,4.8,-0.01,11,5280,卖盘
708,13:20:51,4.81,--,30,14429,买盘
709,13:20:42,4.81,0.01,60,28859,买盘
710,13:20:36,4.8,--,100,48000,卖盘
711,13:20:33,4.8,--,5,2400,卖盘
712,13:20:27,4.8,--,50,24000,卖盘
713,13:20:12,4.8,--,15,7200,卖盘
714,13:20:09,4.8,-0.01,49,23520,卖盘
715,13:20:03,4.81,0.01,44,21164,买盘
716,13:20:00,4.8,--,20,9600,卖盘
717,13:19:48,4.8,--,3,1440,卖盘
718,13:19:42,4.8,--,32,15360,卖盘
719,13:19:39,4.8,--,100,48000,卖盘
720,13:19:36,4.8,-0.01,706,338880,卖盘
721,13:19:18,4.81,0.01,3,1442,买盘
722,13:19:09,4.8,--,42,20160,卖盘
723,13:19:00,4.8,--,12,5760,卖盘
724,13:18:54,4.8,--,45,21600,卖盘
725,13:18:48,4.8,--,20,9600,卖盘
726,13:18:45,4.8,--,2,960,卖盘
727,13:18:42,4.8,--,11,5280,卖盘
728,13:18:33,4.8,--,11,5280,卖盘
729,13:18:21,4.8,-0.01,15,7200,卖盘
730,13:18:18,4.81,0.01,50,24049,买盘
731,13:18:15,4.8,-0.01,20,9600,卖盘
732,13:18:12,4.81,0.01,197,94756,买盘
733,13:18:06,4.8,--,15,7200,卖盘
734,13:17:57,4.8,-0.01,1,480,卖盘
735,13:17:39,4.81,--,134,64453,买盘
736,13:17:33,4.81,--,121,58200,卖盘
737,13:17:30,4.81,--,5,2405,卖盘
738,13:17:27,4.81,--,30,14429,卖盘
739,13:17:24,4.81,--,161,77441,卖盘
740,13:17:21,4.81,--,1,480,卖盘
741,13:17:18,4.81,--,15,7214,卖盘
742,13:17:09,4.81,--,497,239056,卖盘
743,13:17:06,4.81,--,30,14429,卖盘
744,13:17:03,4.81,--,40,19240,卖盘
745,13:17:00,4.81,--,200,96199,卖盘
746,13:16:57,4.81,--,90,43290,卖盘
747,13:16:39,4.81,--,10,4810,卖盘
748,13:16:36,4.81,--,25,12024,卖盘
749,13:16:30,4.81,--,18,8658,卖盘
750,13:16:15,4.81,--,34,16353,卖盘
751,13:16:12,4.81,--,99,47618,卖盘
752,13:16:09,4.81,--,2,961,卖盘
753,13:16:06,4.81,--,10,4810,卖盘
754,13:15:48,4.81,--,24,11543,卖盘
755,13:15:45,4.81,--,38,18278,卖盘
756,13:15:36,4.81,--,5,2405,卖盘
757,13:15:24,4.81,--,26,12505,卖盘
758,13:15:12,4.81,--,150,72150,卖盘
759,13:15:03,4.81,--,5,2405,卖盘
760,13:15:00,4.81,--,5,2405,卖盘
761,13:14:54,4.81,--,10,4810,卖盘
762,13:14:51,4.81,--,15,7214,卖盘
763,13:14:45,4.81,--,14,6733,卖盘
764,13:14:39,4.81,--,7,3366,卖盘
765,13:14:36,4.81,--,8,3847,卖盘
766,13:14:33,4.81,--,105,50504,卖盘
767,13:14:18,4.81,--,14,6733,卖盘
768,13:14:03,4.81,--,5,2405,卖盘
769,13:13:54,4.81,--,10,4810,卖盘
770,13:13:51,4.81,-0.01,5,2405,卖盘
771,13:13:45,4.82,0.01,4,1928,买盘
772,13:13:39,4.81,--,32,15391,卖盘
773,13:13:36,4.81,--,100,48099,卖盘
774,13:13:33,4.81,-0.01,6,2885,卖盘
775,13:13:30,4.82,0.01,30,14460,买盘
776,13:13:15,4.81,--,30,14429,卖盘
777,13:12:45,4.81,--,30,14429,卖盘
778,13:12:24,4.81,--,46,22126,卖盘
779,13:12:21,4.81,--,7,3366,卖盘
780,13:12:15,4.81,--,11,5291,卖盘
781,13:12:09,4.81,--,5,2405,卖盘
782,13:12:06,4.81,--,10,4810,卖盘
783,13:11:54,4.81,--,20,9620,卖盘
784,13:11:48,4.81,--,12,5771,卖盘
785,13:11:39,4.81,-0.01,23,11063,卖盘
786,13:11:36,4.82,0.01,101,48682,买盘
787,13:11:24,4.81,--,49,23568,卖盘
788,13:11:21,4.81,--,73,35113,卖盘
789,13:11:06,4.81,--,52,25011,买盘
790,13:11:03,4.81,--,386,185665,买盘
791,13:11:00,4.81,--,60,28859,买盘
792,13:10:57,4.81,--,60,28859,买盘
793,13:10:42,4.81,--,100,48099,买盘
794,13:10:36,4.81,--,200,96199,买盘
795,13:10:33,4.81,--,530,254929,买盘
796,13:10:30,4.81,--,173,83213,买盘
797,13:10:24,4.81,0.01,3,1442,买盘
798,13:10:18,4.8,--,1,480,卖盘
799,13:10:15,4.8,--,30,14400,卖盘
800,13:10:12,4.8,--,6,2880,卖盘
801,13:10:09,4.8,--,5,2400,卖盘
802,13:10:06,4.8,--,1,480,卖盘
803,13:10:00,4.8,--,9,4320,卖盘
804,13:09:48,4.8,--,10,4800,卖盘
805,13:09:45,4.8,--,11,5280,卖盘
806,13:09:42,4.8,--,1,480,卖盘
807,13:09:39,4.8,-0.01,3,1440,卖盘
808,13:09:36,4.81,0.01,2,961,买盘
809,13:09:30,4.8,--,103,49440,卖盘
810,13:09:27,4.8,--,31,14880,卖盘
811,13:09:24,4.8,-0.01,38,18240,卖盘
812,13:09:12,4.81,--,1,480,买盘
813,13:09:09,4.81,--,95,45694,卖盘
814,13:09:06,4.81,--,10,4810,卖盘
815,13:09:03,4.81,--,3,1442,卖盘
816,13:09:00,4.81,--,90,43290,卖盘
817,13:08:57,4.81,--,10,4810,卖盘
818,13:08:54,4.81,-0.01,21,10101,卖盘
819,13:08:51,4.82,0.01,5,2410,买盘
820,13:08:48,4.81,--,1053,506492,卖盘
821,13:08:45,4.81,--,20,9620,卖盘
822,13:08:42,4.81,--,204,98123,卖盘
823,13:08:39,4.81,--,6,2885,卖盘
824,13:08:36,4.81,--,23,11063,卖盘
825,13:08:33,4.81,--,50,24049,卖盘
826,13:08:30,4.81,--,176,84656,卖盘
827,13:08:27,4.81,--,30,14429,卖盘
828,13:08:24,4.81,--,22,10582,卖盘
829,13:08:21,4.81,--,37,17797,卖盘
830,13:08:18,4.81,--,230,110629,卖盘
831,13:08:09,4.81,--,10,4810,卖盘
832,13:08:06,4.81,--,10,4810,卖盘
833,13:07:57,4.81,-0.01,15,7214,卖盘
834,13:07:51,4.82,--,65,31330,买盘
835,13:07:48,4.82,--,31,14942,买盘
836,13:07:42,4.82,--,39,18798,买盘
837,13:07:39,4.82,--,100,48200,买盘
838,13:07:33,4.82,--,21,10122,买盘
839,13:07:24,4.82,--,162,78088,卖盘
840,13:07:15,4.82,-0.01,338,162916,卖盘
841,13:07:12,4.83,0.01,14,6762,买盘
842,13:07:06,4.82,--,35,16870,卖盘
843,13:07:03,4.82,-0.01,23,11086,卖盘
844,13:06:57,4.83,0.01,15,7245,买盘
845,13:06:54,4.82,--,50,24100,卖盘
846,13:06:51,4.82,--,73,35186,卖盘
847,13:06:45,4.82,--,200,96400,卖盘
848,13:06:42,4.82,--,38,18316,卖盘
849,13:06:33,4.82,--,55,26510,卖盘
850,13:06:30,4.82,--,7,3374,卖盘
851,13:06:27,4.82,--,50,24100,卖盘
852,13:06:18,4.82,--,10,4820,卖盘
853,13:06:15,4.82,-0.01,5,2410,卖盘
854,13:06:12,4.83,--,10,4830,买盘
855,13:06:09,4.83,0.01,159,76797,买盘
856,13:06:00,4.82,-0.01,3,1446,卖盘
857,13:05:57,4.83,0.01,188,91282,买盘
858,13:05:54,4.82,--,6,2892,买盘
859,13:05:48,4.82,0.01,154,74228,买盘
860,13:05:45,4.81,-0.01,284,136604,卖盘
861,13:05:42,4.82,0.01,102,49164,买盘
862,13:05:39,4.81,-0.01,6,2885,卖盘
863,13:05:30,4.82,0.01,26,12532,买盘
864,13:05:15,4.81,--,2,961,卖盘
865,13:05:09,4.81,-0.01,200,96199,卖盘
866,13:05:06,4.82,0.01,200,96400,买盘
867,13:04:42,4.81,--,12,5771,卖盘
868,13:04:39,4.81,--,13,6252,卖盘
869,13:04:36,4.81,0.01,20,9620,中性盘
870,13:04:27,4.8,--,1,480,卖盘
871,13:04:24,4.8,-0.01,42,20160,卖盘
872,13:04:21,4.81,--,68,32707,买盘
873,13:04:18,4.81,--,5,2405,买盘
874,13:04:09,4.81,0.01,20,9620,买盘
875,13:04:00,4.8,-0.01,70,33600,卖盘
876,13:03:54,4.81,--,41,19721,买盘
877,13:03:39,4.81,--,4,1923,买盘
878,13:03:36,4.81,0.01,12,5771,买盘
879,13:03:33,4.8,-0.01,10,4800,卖盘
880,13:03:30,4.81,--,10,4810,买盘
881,13:03:27,4.81,-0.01,5,2405,中性盘
882,13:03:15,4.82,0.01,1500,723000,买盘
883,13:03:12,4.81,--,20,9620,买盘
884,13:02:48,4.81,--,348,167388,卖盘
885,13:02:45,4.81,--,50,24049,卖盘
886,13:02:42,4.81,--,200,96199,卖盘
887,13:02:39,4.81,--,46,22126,卖盘
888,13:02:36,4.81,--,20,9620,卖盘
889,13:02:27,4.81,--,20,9620,卖盘
890,13:02:24,4.81,-0.01,5,2405,卖盘
891,13:02:15,4.82,0.01,20,9640,买盘
892,13:02:12,4.81,--,59,28378,卖盘
893,13:02:09,4.81,-0.01,4,1923,卖盘
894,13:02:03,4.82,--,107,51574,买盘
895,13:02:00,4.82,--,11,5302,买盘
896,13:01:51,4.82,0.01,90,43380,买盘
897,13:01:48,4.81,-0.01,5,2405,卖盘
898,13:01:42,4.82,--,204,98328,买盘
899,13:01:36,4.82,--,3,1446,买盘
900,13:01:33,4.82,--,28,13496,买盘
901,13:01:15,4.82,0.01,24,11568,买盘
902,13:00:51,4.81,--,4,1923,卖盘
903,13:00:18,4.81,--,5,2405,卖盘
904,13:00:06,4.81,-0.01,10,4810,卖盘
905,13:00:03,4.82,0.01,1818,876276,买盘
906,13:00:00,4.81,--,0,0,卖盘
907,11:30:00,4.81,--,0,0,卖盘
908,11:29:45,4.81,-0.01,501,240980,卖盘
909,11:29:42,4.82,--,59,28438,买盘
910,11:29:36,4.82,0.01,9,4338,买盘
911,11:29:30,4.81,-0.01,70,33670,卖盘
912,11:29:27,4.82,0.01,20,9640,买盘
913,11:29:24,4.81,--,254,122173,卖盘
914,11:29:21,4.81,-0.01,3,1442,卖盘
915,11:29:18,4.82,0.01,31,14942,买盘
916,11:29:15,4.81,-0.01,4,1923,卖盘
917,11:29:12,4.82,--,107,51574,买盘
918,11:29:09,4.82,0.01,2,964,买盘
919,11:29:06,4.81,--,451,216930,买盘
920,11:29:03,4.81,--,57,27416,买盘
921,11:28:57,4.81,--,86,41366,买盘
922,11:28:54,4.81,--,6,2885,买盘
923,11:28:51,4.81,--,4,1923,买盘
924,11:28:48,4.81,--,353,169793,买盘
925,11:28:45,4.81,-0.01,152,73112,卖盘
926,11:28:39,4.82,--,108,52056,买盘
927,11:28:36,4.82,--,25,12050,买盘
928,11:28:33,4.82,0.01,54,26028,买盘
929,11:28:30,4.81,-0.01,2,961,卖盘
930,11:28:27,4.82,--,60,28920,买盘
931,11:28:24,4.82,--,402,193764,卖盘
932,11:28:21,4.82,--,54,26028,卖盘
933,11:28:18,4.82,--,34,16388,卖盘
934,11:28:15,4.82,--,134,64588,卖盘
935,11:28:12,4.82,--,21,10122,卖盘
936,11:28:09,4.82,--,5,2410,卖盘
937,11:28:06,4.82,--,177,85314,卖盘
938,11:28:03,4.82,--,39,18798,卖盘
939,11:28:00,4.82,-0.01,71,34222,卖盘
940,11:27:57,4.83,0.01,28,13524,买盘
941,11:27:54,4.82,-0.01,15,7230,卖盘
942,11:27:51,4.83,--,31,14973,买盘
943,11:27:48,4.83,--,6,2898,买盘
944,11:27:45,4.83,0.01,1,483,买盘
945,11:27:42,4.82,-0.01,26,12532,卖盘
946,11:27:39,4.83,--,31,14973,卖盘
947,11:27:36,4.83,-0.01,30,14490,卖盘
948,11:27:33,4.84,--,208,100676,卖盘
949,11:27:30,4.84,--,331,160683,买盘
950,11:27:27,4.84,--,25,12100,买盘
951,11:27:24,4.84,--,69,33396,买盘
952,11:27:21,4.84,--,426,206184,买盘
953,11:27:18,4.84,0.01,354,171336,买盘
954,11:27:15,4.83,--,50,24150,卖盘
955,11:27:12,4.83,-0.01,10,4830,卖盘
956,11:27:09,4.84,0.01,102,49368,买盘
957,11:27:06,4.83,--,841,406203,买盘
958,11:27:03,4.83,0.01,161,77763,买盘
959,11:27:00,4.82,-0.01,2,964,卖盘
960,11:26:57,4.83,--,79,38157,买盘
961,11:26:54,4.83,--,167,80661,买盘
962,11:26:51,4.83,0.01,117,56511,买盘
963,11:26:45,4.82,--,37,17834,卖盘
964,11:26:39,4.82,0.01,727,350414,买盘
965,11:26:33,4.81,--,4,1923,卖盘
966,11:26:30,4.81,--,229,110148,买盘
967,11:26:27,4.81,--,4,1923,买盘
968,11:26:24,4.81,--,111,53390,买盘
969,11:26:15,4.81,0.01,103,49542,买盘
970,11:26:09,4.8,-0.01,10,4800,卖盘
971,11:26:06,4.81,0.01,37,17797,买盘
972,11:25:57,4.8,--,31,14880,卖盘
973,11:25:51,4.8,--,2,960,卖盘
974,11:25:48,4.8,--,10,4800,卖盘
975,11:25:45,4.8,0.01,139,66720,买盘
976,11:25:39,4.79,-0.01,300,143700,卖盘
977,11:25:36,4.8,--,376,180480,买盘
978,11:25:33,4.8,--,105,50400,买盘
979,11:25:27,4.8,--,26,12480,买盘
980,11:25:24,4.8,0.01,2,960,买盘
981,11:25:18,4.79,--,72,34488,卖盘
982,11:25:15,4.79,-0.01,5,2395,卖盘
983,11:25:12,4.8,0.01,13,6240,买盘
984,11:25:09,4.79,--,868,415772,卖盘
985,11:25:06,4.79,-0.01,302,144658,卖盘
986,11:24:57,4.8,0.01,100,48000,买盘
987,11:24:54,4.79,--,117,56043,卖盘
988,11:24:51,4.79,-0.01,52,24908,卖盘
989,11:24:48,4.8,--,95,45600,买盘
990,11:24:36,4.8,--,4,1920,买盘
991,11:24:27,4.8,0.01,61,29280,买盘
992,11:24:21,4.79,--,78,37362,卖盘
993,11:24:18,4.79,-0.01,18,8622,卖盘
994,11:24:15,4.8,--,1,480,买盘
995,11:24:12,4.8,--,50,24000,买盘
996,11:24:09,4.8,--,50,24000,买盘
997,11:24:06,4.8,--,17,8160,买盘
998,11:24:03,4.8,--,185,88800,卖盘
999,11:24:00,4.8,--,118,56640,卖盘
1000,11:23:57,4.8,-0.01,15,7200,卖盘
1001,11:23:54,4.81,0.01,48,23087,买盘
1002,11:23:48,4.8,-0.01,66,31680,卖盘
1003,11:23:45,4.81,0.01,485,233284,买盘
1004,11:23:39,4.8,--,6,2880,买盘
1005,11:23:36,4.8,--,30,14400,买盘
1006,11:23:33,4.8,--,258,123840,买盘
1007,11:23:27,4.8,--,75,36000,买盘
1008,11:23:24,4.8,-0.01,37,17760,卖盘
1009,11:23:21,4.81,-0.01,76,36556,卖盘
1010,11:23:18,4.82,--,8,3856,买盘
1011,11:23:15,4.82,--,435,209670,买盘
1012,11:23:12,4.82,-0.01,22,10604,买盘
1013,11:23:09,4.83,0.01,544,262752,买盘
1014,11:23:06,4.82,--,50,24100,卖盘
1015,11:23:03,4.82,-0.01,1037,499834,卖盘
1016,11:23:00,4.83,0.01,324,156492,买盘
1017,11:22:57,4.82,--,495,238590,卖盘
1018,11:22:54,4.82,-0.01,140,67480,卖盘
1019,11:22:51,4.83,0.01,20,9660,买盘
1020,11:22:48,4.82,-0.01,84,40488,卖盘
1021,11:22:45,4.83,--,5,2415,买盘
1022,11:22:42,4.83,-0.01,2,966,买盘
1023,11:22:39,4.84,0.02,918,444312,买盘
1024,11:22:36,4.82,-0.01,39,18798,中性盘
1025,11:22:33,4.83,-0.01,70,33810,中性盘
1026,11:22:30,4.84,0.02,700,338800,买盘
1027,11:22:27,4.82,0.01,5,2410,买盘
1028,11:22:24,4.81,--,9,4329,卖盘
1029,11:22:21,4.81,--,539,259258,卖盘
1030,11:22:18,4.81,--,400,192399,卖盘
1031,11:22:15,4.81,0.02,2220,1067820,买盘
1032,11:22:12,4.79,--,45,21555,卖盘
1033,11:22:06,4.79,--,235,112565,卖盘
1034,11:22:03,4.79,-0.01,5,2395,卖盘
1035,11:22:00,4.8,0.01,55,26400,买盘
1036,11:21:51,4.79,--,507,242853,买盘
1037,11:21:48,4.79,--,13,6227,买盘
1038,11:21:45,4.79,--,1,479,买盘
1039,11:21:39,4.79,--,39,18681,买盘
1040,11:21:36,4.79,-0.01,320,153280,卖盘
1041,11:21:33,4.8,0.02,390,187200,买盘
1042,11:21:27,4.78,--,1,478,卖盘
1043,11:21:21,4.78,-0.02,40,19120,中性盘
1044,11:21:18,4.8,0.02,3000,1440000,买盘
1045,11:21:12,4.78,--,10,4780,买盘
1046,11:21:09,4.78,0.01,4,1912,买盘
1047,11:21:06,4.77,--,30,14309,卖盘
1048,11:21:03,4.77,--,1,476,卖盘
1049,11:21:00,4.77,-0.01,22,10493,卖盘
1050,11:20:57,4.78,--,2,956,买盘
1051,11:20:51,4.78,0.01,28,13384,买盘
1052,11:20:48,4.77,-0.01,37,17649,卖盘
1053,11:20:42,4.78,--,68,32504,买盘
1054,11:20:33,4.78,0.01,81,38718,买盘
1055,11:20:30,4.77,--,10,4770,买盘
1056,11:20:24,4.77,0.01,45,21464,中性盘
1057,11:20:18,4.76,-0.01,100,47600,卖盘
1058,11:20:15,4.77,--,230,109709,买盘
1059,11:20:12,4.77,--,37,17649,买盘
1060,11:20:06,4.77,--,100,47699,买盘
1061,11:20:00,4.77,--,30,14309,买盘
1062,11:19:57,4.77,0.01,40,19080,买盘
1063,11:19:54,4.76,--,83,39508,卖盘
1064,11:19:42,4.76,0.01,1489,708764,买盘
1065,11:19:36,4.75,-0.01,2,950,卖盘
1066,11:19:33,4.76,0.01,20,9520,买盘
1067,11:19:30,4.75,-0.01,1,475,卖盘
1068,11:19:24,4.76,0.02,482,229432,买盘
1069,11:19:21,4.74,-0.01,74,35076,卖盘
1070,11:19:18,4.75,--,34,16150,买盘
1071,11:19:12,4.75,--,10,4750,买盘
1072,11:19:06,4.75,--,310,147250,买盘
1073,11:19:03,4.75,--,108,51300,买盘
1074,11:18:54,4.75,--,568,269800,买盘
1075,11:18:51,4.75,--,90,42750,买盘
1076,11:18:30,4.75,--,60,28500,买盘
1077,11:18:24,4.75,--,10,4750,买盘
1078,11:18:15,4.75,--,30,14250,买盘
1079,11:18:12,4.75,--,215,102125,买盘
1080,11:17:51,4.75,0.01,111,52725,买盘
1081,11:17:45,4.74,--,39,18486,卖盘
1082,11:17:36,4.74,--,1084,513816,买盘
1083,11:17:27,4.74,--,103,48822,买盘
1084,11:16:57,4.74,0.01,34,16116,买盘
1085,11:16:51,4.73,-0.01,10,4730,卖盘
1086,11:16:42,4.74,0.01,10,4740,买盘
1087,11:16:33,4.73,-0.01,8,3784,卖盘
1088,11:15:48,4.74,--,14,6636,买盘
1089,11:15:45,4.74,--,31,14694,买盘
1090,11:15:39,4.74,0.01,16,7584,买盘
1091,11:15:33,4.73,-0.01,5,2365,卖盘
1092,11:15:21,4.74,--,5,2370,买盘
1093,11:15:15,4.74,--,8,3792,买盘
1094,11:15:03,4.74,--,5,2370,买盘
1095,11:14:54,4.74,--,327,154998,卖盘
1096,11:14:42,4.74,--,40,18960,卖盘
1097,11:14:36,4.74,--,676,320424,买盘
1098,11:14:06,4.74,--,12,5688,买盘
1099,11:14:03,4.74,0.01,47,22278,买盘
1100,11:13:45,4.73,--,10,4730,卖盘
1101,11:13:24,4.73,-0.01,6,2838,卖盘
1102,11:13:09,4.74,--,44,20856,卖盘
1103,11:13:06,4.74,--,174,82476,买盘
1104,11:12:51,4.74,--,32,15168,买盘
1105,11:12:39,4.74,--,24,11376,买盘
1106,11:12:36,4.74,--,100,47400,买盘
1107,11:12:27,4.74,--,70,33180,买盘
1108,11:12:15,4.74,--,46,21804,买盘
1109,11:12:06,4.74,--,26,12324,买盘
1110,11:12:03,4.74,--,18,8532,卖盘
1111,11:11:57,4.74,--,300,142200,卖盘
1112,11:11:51,4.74,--,16,7584,卖盘
1113,11:11:48,4.74,--,200,94800,卖盘
1114,11:11:42,4.74,-0.01,228,108072,卖盘
1115,11:11:36,4.75,--,29,13775,买盘
1116,11:11:33,4.75,--,17,8075,买盘
1117,11:11:24,4.75,--,96,45600,买盘
1118,11:11:18,4.75,--,1,475,买盘
1119,11:11:15,4.75,--,10,4750,买盘
1120,11:11:09,4.75,--,6,2850,买盘
1121,11:11:06,4.75,0.01,138,65550,买盘
1122,11:10:51,4.74,-0.01,30,14220,卖盘
1123,11:10:48,4.75,0.01,58,27550,买盘
1124,11:10:42,4.74,-0.01,20,9480,卖盘
1125,11:10:36,4.75,--,172,81700,买盘
1126,11:10:33,4.75,0.01,100,47500,买盘
1127,11:10:30,4.74,-0.01,76,36024,卖盘
1128,11:10:27,4.75,0.01,25,11875,买盘
1129,11:10:24,4.74,--,117,55458,卖盘
1130,11:10:18,4.74,--,25,11850,卖盘
1131,11:10:15,4.74,--,135,63990,卖盘
1132,11:10:00,4.74,--,20,9480,卖盘
1133,11:09:45,4.74,--,2,948,买盘
1134,11:09:39,4.74,--,30,14220,买盘
1135,11:09:36,4.74,--,205,97170,买盘
1136,11:09:27,4.74,--,497,235578,买盘
1137,11:09:24,4.74,--,100,47400,买盘
1138,11:09:15,4.74,--,8,3792,买盘
1139,11:09:09,4.74,0.01,271,128454,买盘
1140,11:08:54,4.73,--,8,3784,卖盘
1141,11:08:51,4.73,--,237,112110,买盘
1142,11:08:42,4.73,0.01,42,19866,买盘
1143,11:08:39,4.72,-0.01,6,2832,卖盘
1144,11:08:33,4.73,--,50,23650,买盘
1145,11:08:24,4.73,--,315,148995,买盘
1146,11:08:21,4.73,--,10,4730,买盘
1147,11:08:18,4.73,--,339,160347,买盘
1148,11:07:45,4.73,0.02,2,946,买盘
1149,11:07:42,4.71,-0.02,125,58875,卖盘
1150,11:07:27,4.73,0.01,60,28380,买盘
1151,11:07:12,4.72,--,116,54752,买盘
1152,11:07:09,4.72,0.02,45,21240,买盘
1153,11:06:54,4.7,-0.02,40,18800,卖盘
1154,11:06:48,4.72,--,43,20296,买盘
1155,11:06:30,4.72,0.02,21,9912,买盘
1156,11:06:21,4.7,-0.02,40,18800,卖盘
1157,11:06:09,4.72,0.01,1692,798624,买盘
1158,11:06:00,4.71,--,2,942,买盘
1159,11:05:54,4.71,--,74,34854,买盘
1160,11:05:51,4.71,--,5,2355,买盘
1161,11:05:48,4.71,0.01,49,23079,买盘
1162,11:05:45,4.7,-0.01,67,31490,卖盘
1163,11:05:36,4.71,0.01,100,47100,买盘
1164,11:05:30,4.7,0.01,3,1410,中性盘
1165,11:05:24,4.69,-0.01,796,373324,卖盘
1166,11:05:06,4.7,--,34,15980,买盘
1167,11:05:03,4.7,--,100,47000,买盘
1168,11:04:54,4.7,--,10,4700,买盘
1169,11:04:48,4.7,--,200,94000,买盘
1170,11:04:45,4.7,--,1,470,买盘
1171,11:04:42,4.7,0.01,5,2350,买盘
1172,11:04:33,4.69,-0.01,50,23450,卖盘
1173,11:04:27,4.7,--,11,5170,买盘
1174,11:04:06,4.7,0.01,47,22090,买盘
1175,11:04:00,4.69,-0.01,10,4690,卖盘
1176,11:03:30,4.7,0.02,10,4700,买盘
1177,11:03:24,4.68,-0.01,147,69189,卖盘
1178,11:03:18,4.69,--,10,4690,买盘
1179,11:03:15,4.69,--,200,93800,买盘
1180,11:03:06,4.69,--,1,469,买盘
1181,11:02:57,4.69,0.01,15,7035,买盘
1182,11:02:54,4.68,-0.01,10,4680,卖盘
1183,11:02:45,4.69,--,48,22512,买盘
1184,11:02:39,4.69,0.01,95,44555,买盘
1185,11:02:21,4.68,-0.01,18,8424,卖盘
1186,11:02:18,4.69,--,51,23919,买盘
1187,11:02:00,4.69,--,5,2345,买盘
1188,11:01:54,4.69,0.01,1,469,买盘
1189,11:01:33,4.68,--,8,3744,卖盘
1190,11:01:27,4.68,-0.01,93,43524,卖盘
1191,11:01:24,4.69,--,13,6097,买盘
1192,11:01:18,4.69,-0.01,995,466730,卖盘
1193,11:01:12,4.7,0.01,1,470,买盘
1194,11:00:54,4.69,--,22,10318,卖盘
1195,11:00:33,4.69,--,46,21574,卖盘
1196,11:00:27,4.69,--,3,1407,卖盘
1197,10:59:51,4.69,--,319,149611,卖盘
1198,10:59:30,4.69,-0.01,5,2345,卖盘
1199,10:59:24,4.7,--,20,9400,买盘
1200,10:59:12,4.7,0.01,46,21620,买盘
1201,10:59:09,4.69,-0.01,19,8911,卖盘
1202,10:58:57,4.7,--,4,1880,买盘
1203,10:58:51,4.7,--,23,10810,买盘
1204,10:58:42,4.7,--,3,1410,买盘
1205,10:58:39,4.7,--,20,9400,买盘
1206,10:58:36,4.7,--,4,1880,买盘
1207,10:58:27,4.7,--,4,1880,买盘
1208,10:58:18,4.7,--,10,4700,买盘
1209,10:58:06,4.7,--,3,1410,买盘
1210,10:57:57,4.7,--,32,15040,买盘
1211,10:57:54,4.7,--,10,4700,买盘
1212,10:57:42,4.7,--,4,1880,买盘
1213,10:57:36,4.7,--,1,470,买盘
1214,10:57:21,4.7,0.01,5,2350,买盘
1215,10:57:18,4.69,--,20,9380,卖盘
1216,10:57:06,4.69,--,11,5159,卖盘
1217,10:57:03,4.69,--,10,4690,卖盘
1218,10:56:36,4.69,--,184,86689,买盘
1219,10:56:15,4.69,--,3,1407,买盘
1220,10:56:09,4.69,0.01,10,4690,买盘
1221,10:56:03,4.68,--,22,10296,卖盘
1222,10:55:57,4.68,-0.01,4,1872,卖盘
1223,10:55:51,4.69,--,3,1407,买盘
1224,10:55:48,4.69,--,3,1407,买盘
1225,10:55:39,4.69,--,217,101848,卖盘
1226,10:55:24,4.69,-0.01,120,56280,卖盘
1227,10:55:21,4.7,--,17,7990,买盘
1228,10:55:18,4.7,--,10,4700,买盘
1229,10:55:00,4.7,--,20,9400,买盘
1230,10:54:45,4.7,--,2,940,买盘
1231,10:54:39,4.7,0.01,63,29610,买盘
1232,10:54:30,4.69,--,107,50183,卖盘
1233,10:54:24,4.69,--,37,17353,卖盘
1234,10:54:15,4.69,--,10,4690,卖盘
1235,10:54:03,4.69,--,9,4614,买盘
1236,10:53:45,4.69,--,50,23450,买盘
1237,10:53:33,4.69,0.01,50,23450,买盘
1238,10:53:21,4.68,0.01,30,14040,中性盘
1239,10:53:00,4.67,-0.02,1715,800979,卖盘
1240,10:52:48,4.69,-0.01,118,55342,卖盘
1241,10:52:39,4.7,--,1,470,买盘
1242,10:52:36,4.7,--,16,7520,买盘
1243,10:52:33,4.7,0.01,44,20680,买盘
1244,10:52:24,4.69,-0.02,80,37520,卖盘
1245,10:52:12,4.71,--,2,942,买盘
1246,10:52:03,4.71,-0.01,20,9420,中性盘
1247,10:51:57,4.72,0.01,2,944,买盘
1248,10:51:51,4.71,--,4,1884,卖盘
1249,10:51:42,4.71,--,5,2355,买盘
1250,10:51:33,4.71,0.02,5,2355,买盘
1251,10:51:21,4.69,-0.03,4021,1885849,卖盘
1252,10:51:15,4.72,0.01,7,3304,买盘
1253,10:51:09,4.71,--,19,8949,卖盘
1254,10:51:06,4.71,-0.01,25,11775,卖盘
1255,10:50:57,4.72,--,42,19824,买盘
1256,10:50:24,4.72,0.01,57,26904,买盘
1257,10:49:48,4.71,-0.01,9,4239,卖盘
1258,10:49:24,4.72,0.01,569,268568,买盘
1259,10:49:18,4.71,--,8,3768,卖盘
1260,10:49:09,4.71,--,30,14130,卖盘
1261,10:49:06,4.71,--,150,70650,卖盘
1262,10:48:54,4.71,--,147,69237,卖盘
1263,10:48:27,4.71,--,83,39493,买盘
1264,10:48:24,4.71,--,25,11775,买盘
1265,10:48:21,4.71,--,34,16014,买盘
1266,10:48:15,4.71,--,30,14130,买盘
1267,10:48:12,4.71,--,20,9420,买盘
1268,10:48:06,4.71,0.01,1174,552954,买盘
1269,10:48:00,4.7,-0.01,10,4700,卖盘
1270,10:47:39,4.71,--,113,53223,买盘
1271,10:47:21,4.71,--,106,49926,买盘
1272,10:47:12,4.71,0.01,2,942,买盘
1273,10:46:39,4.7,-0.01,6,2820,卖盘
1274,10:46:33,4.71,--,622,292962,买盘
1275,10:46:18,4.71,--,12,5652,买盘
1276,10:46:12,4.71,--,9,4239,买盘
1277,10:46:09,4.71,--,1,471,买盘
1278,10:45:48,4.71,0.01,3,1413,买盘
1279,10:45:27,4.7,-0.01,8,3760,卖盘
1280,10:45:06,4.71,--,10,4710,买盘
1281,10:45:03,4.71,--,136,64126,卖盘
1282,10:45:00,4.71,--,40,18840,卖盘
1283,10:44:54,4.71,--,50,23550,卖盘
1284,10:44:48,4.71,--,0,400,卖盘
1285,10:44:12,4.71,--,300,141300,卖盘
1286,10:44:00,4.71,--,1,471,卖盘
1287,10:43:57,4.71,-0.01,71,33441,卖盘
1288,10:43:42,4.72,0.01,111,52392,买盘
1289,10:43:21,4.71,--,50,23550,卖盘
1290,10:43:06,4.71,--,10,4710,卖盘
1291,10:42:45,4.71,-0.01,486,228906,卖盘
1292,10:42:33,4.72,--,6,2832,买盘
1293,10:42:24,4.72,0.01,5,2360,买盘
1294,10:42:03,4.71,-0.01,10,4710,卖盘
1295,10:41:57,4.72,0.01,6,2832,买盘
1296,10:41:36,4.71,--,4,1884,卖盘
1297,10:41:24,4.71,-0.01,1,471,卖盘
1298,10:41:15,4.72,--,150,70800,买盘
1299,10:41:09,4.72,0.01,5,2360,买盘
1300,10:40:30,4.71,-0.01,10,4710,卖盘
1301,10:40:24,4.72,0.01,6,2832,买盘
1302,10:40:12,4.71,--,5,2355,卖盘
1303,10:40:00,4.71,-0.01,2,942,卖盘
1304,10:39:57,4.72,--,120,56640,买盘
1305,10:39:51,4.72,0.01,5,2360,买盘
1306,10:39:33,4.71,--,100,47100,卖盘
1307,10:39:30,4.71,--,15,7065,卖盘
1308,10:39:24,4.71,-0.01,1,471,卖盘
1309,10:39:21,4.72,0.01,1,472,买盘
1310,10:39:06,4.71,-0.01,104,48984,卖盘
1311,10:39:03,4.72,--,19,8968,买盘
1312,10:38:45,4.72,--,7,3304,买盘
1313,10:38:39,4.72,--,6,2832,买盘
1314,10:38:24,4.72,0.01,50,23600,买盘
1315,10:38:15,4.71,--,38,17898,卖盘
1316,10:38:06,4.71,--,8,3768,卖盘
1317,10:38:00,4.71,--,20,9420,卖盘
1318,10:37:42,4.71,-0.01,165,77715,卖盘
1319,10:37:39,4.72,0.01,3,1416,买盘
1320,10:37:36,4.71,--,5,2355,卖盘
1321,10:37:33,4.71,--,233,109743,卖盘
1322,10:37:21,4.71,-0.01,52,24492,卖盘
1323,10:37:18,4.72,0.01,6,2832,买盘
1324,10:36:57,4.71,-0.01,15,7065,卖盘
1325,10:36:51,4.72,--,6,2832,买盘
1326,10:36:39,4.72,--,215,101480,买盘
1327,10:36:33,4.72,--,106,50032,卖盘
1328,10:36:30,4.72,-0.01,50,23600,卖盘
1329,10:36:27,4.73,0.01,6,2838,买盘
1330,10:36:21,4.72,-0.01,14,6608,卖盘
1331,10:36:09,4.73,0.01,4,1892,买盘
1332,10:36:03,4.72,-0.01,47,22184,卖盘
1333,10:35:57,4.73,0.01,5,2365,买盘
1334,10:35:45,4.72,--,4,1888,卖盘
1335,10:35:36,4.72,-0.01,69,32568,卖盘
1336,10:35:21,4.73,--,10,4730,买盘
1337,10:35:18,4.73,--,3,1419,买盘
1338,10:34:51,4.73,--,34,16082,买盘
1339,10:34:45,4.73,--,1,473,买盘
1340,10:34:39,4.73,0.01,3,1419,买盘
1341,10:34:33,4.72,--,172,81184,卖盘
1342,10:34:30,4.72,-0.01,147,69384,卖盘
1343,10:34:18,4.73,--,4,1892,买盘
1344,10:33:51,4.73,--,53,25069,卖盘
1345,10:33:42,4.73,--,56,26488,卖盘
1346,10:33:24,4.73,--,8,3784,卖盘
1347,10:33:15,4.73,-0.01,4,1892,卖盘
1348,10:32:54,4.74,0.01,1,474,买盘
1349,10:32:51,4.73,--,10,4730,卖盘
1350,10:32:36,4.73,-0.01,118,55814,卖盘
1351,10:31:57,4.74,--,105,49770,买盘
1352,10:31:33,4.74,--,16,7584,买盘
1353,10:31:30,4.74,0.01,5,2370,买盘
1354,10:31:00,4.73,-0.01,8,3784,卖盘
1355,10:30:51,4.74,--,50,23700,买盘
1356,10:30:42,4.74,--,36,17064,买盘
1357,10:30:24,4.74,0.01,10,4740,买盘
1358,10:30:18,4.73,--,50,23650,卖盘
1359,10:29:51,4.73,--,6,2838,卖盘
1360,10:29:33,4.73,--,7,3311,卖盘
1361,10:29:27,4.73,--,10,4730,卖盘
1362,10:29:21,4.73,--,136,64328,买盘
1363,10:29:15,4.73,--,15,7095,买盘
1364,10:29:12,4.73,--,218,103114,买盘
1365,10:29:03,4.73,0.01,10,4730,买盘
1366,10:28:51,4.72,-0.01,43,20296,卖盘
1367,10:28:48,4.73,0.01,25,11825,买盘
1368,10:28:21,4.72,--,29,13688,卖盘
1369,10:28:18,4.72,-0.01,1,472,卖盘
1370,10:28:12,4.73,--,4,1892,买盘
1371,10:28:00,4.73,-0.01,161,76153,卖盘
1372,10:27:54,4.74,0.01,20,9480,买盘
1373,10:27:51,4.73,-0.01,21,9933,卖盘
1374,10:27:48,4.74,0.01,29,13746,买盘
1375,10:27:36,4.73,-0.01,2,946,卖盘
1376,10:27:24,4.74,0.01,1,474,买盘
1377,10:27:21,4.73,-0.01,21,9933,卖盘
1378,10:27:03,4.74,0.02,64,30336,买盘
1379,10:27:00,4.72,--,120,56640,卖盘
1380,10:26:54,4.72,-0.01,20,9440,卖盘
1381,10:26:39,4.73,--,26,12298,买盘
1382,10:26:33,4.73,--,45,21285,买盘
1383,10:26:24,4.73,--,254,120142,买盘
1384,10:25:57,4.73,0.01,3169,1498937,买盘
1385,10:25:48,4.72,-0.01,33,15576,卖盘
1386,10:25:45,4.73,0.01,5,2365,买盘
1387,10:24:57,4.72,--,40,18880,卖盘
1388,10:24:48,4.72,-0.01,60,28320,卖盘
1389,10:24:45,4.73,--,4,1892,买盘
1390,10:24:30,4.73,--,3,1419,买盘
1391,10:24:27,4.73,--,17,8041,卖盘
1392,10:24:21,4.73,--,20,9460,卖盘
1393,10:24:18,4.73,--,68,32164,卖盘
1394,10:24:12,4.73,--,68,32164,卖盘
1395,10:24:06,4.73,--,2,946,卖盘
1396,10:24:03,4.73,--,31,14663,卖盘
1397,10:23:51,4.73,--,15,7095,卖盘
1398,10:23:42,4.73,--,30,14190,卖盘
1399,10:23:21,4.73,--,166,78518,卖盘
1400,10:23:15,4.73,-0.01,104,49192,卖盘
1401,10:22:54,4.74,--,6,2844,买盘
1402,10:22:51,4.74,--,100,47400,买盘
1403,10:22:42,4.74,0.01,2,948,买盘
1404,10:22:39,4.73,-0.01,9,4257,卖盘
1405,10:22:36,4.74,0.01,5,2370,买盘
1406,10:22:30,4.73,-0.01,72,34056,卖盘
1407,10:22:09,4.74,--,3,1422,买盘
1408,10:22:03,4.74,0.01,10,4740,买盘
1409,10:21:36,4.73,--,20,9460,卖盘
1410,10:21:33,4.73,--,49,23177,卖盘
1411,10:21:30,4.73,--,42,19866,卖盘
1412,10:21:12,4.73,--,1,473,卖盘
1413,10:20:33,4.73,--,577,272921,买盘
1414,10:20:27,4.73,--,10,4730,买盘
1415,10:19:54,4.73,0.01,2,946,买盘
1416,10:19:48,4.72,--,13,6136,买盘
1417,10:19:24,4.72,--,437,206264,卖盘
1418,10:19:21,4.72,--,73,34456,卖盘
1419,10:19:09,4.72,--,55,25960,卖盘
1420,10:19:03,4.72,--,46,21712,卖盘
1421,10:18:57,4.72,-0.01,23,10856,卖盘
1422,10:18:51,4.73,0.01,4,1892,买盘
1423,10:18:48,4.72,--,4,1888,卖盘
1424,10:18:42,4.72,-0.01,100,47200,卖盘
1425,10:18:24,4.73,0.01,7,3311,买盘
1426,10:18:21,4.72,--,1126,531472,卖盘
1427,10:18:18,4.72,--,80,37760,卖盘
1428,10:18:12,4.72,--,117,55224,卖盘
1429,10:18:09,4.72,-0.01,100,47200,卖盘
1430,10:18:00,4.73,--,5,2365,买盘
1431,10:17:57,4.73,0.01,10,4730,买盘
1432,10:17:39,4.72,--,62,29264,卖盘
1433,10:17:36,4.72,-0.01,3,1416,卖盘
1434,10:17:18,4.73,--,11,5203,买盘
1435,10:17:15,4.73,--,2,946,买盘
1436,10:17:06,4.73,0.01,10,4730,买盘
1437,10:16:51,4.72,-0.01,30,14160,卖盘
1438,10:16:21,4.73,--,1,473,买盘
1439,10:16:18,4.73,--,100,47300,买盘
1440,10:16:06,4.73,--,21,9933,卖盘
1441,10:16:00,4.73,--,40,18920,卖盘
1442,10:15:57,4.73,--,40,18920,卖盘
1443,10:15:42,4.73,--,45,21285,卖盘
1444,10:15:39,4.73,-0.01,87,41151,卖盘
1445,10:15:33,4.74,--,20,9480,买盘
1446,10:15:21,4.74,0.01,214,101436,买盘
1447,10:15:00,4.73,-0.01,10,4730,卖盘
1448,10:14:42,4.74,--,1,474,买盘
1449,10:14:39,4.74,0.01,271,128454,买盘
1450,10:14:36,4.73,-0.01,11,5203,卖盘
1451,10:14:12,4.74,--,30,14220,买盘
1452,10:14:03,4.74,--,10,4740,买盘
1453,10:14:00,4.74,--,20,9480,买盘
1454,10:13:39,4.74,--,137,64938,买盘
1455,10:13:30,4.74,0.01,80,37920,买盘
1456,10:13:27,4.73,-0.01,3,1419,卖盘
1457,10:13:21,4.74,0.01,11,5214,买盘
1458,10:13:06,4.73,--,2,946,卖盘
1459,10:12:54,4.73,--,1,473,卖盘
1460,10:12:51,4.73,-0.01,15,7095,卖盘
1461,10:12:42,4.74,0.01,30,14220,买盘
1462,10:12:39,4.73,--,10,4730,卖盘
1463,10:12:24,4.73,--,27,12771,买盘
1464,10:12:21,4.73,--,42,19866,卖盘
1465,10:12:15,4.73,--,158,74734,买盘
1466,10:12:12,4.73,--,12,5676,买盘
1467,10:11:57,4.73,--,20,9460,买盘
1468,10:11:54,4.73,0.01,10,4730,中性盘
1469,10:11:30,4.72,-0.01,2424,1144128,卖盘
1470,10:11:09,4.73,-0.01,6,2838,卖盘
1471,10:10:42,4.74,--,2,948,买盘
1472,10:10:39,4.74,--,2,948,买盘
1473,10:10:36,4.74,--,20,9480,买盘
1474,10:10:33,4.74,0.01,2,948,买盘
1475,10:10:21,4.73,-0.01,42,19866,卖盘
1476,10:10:18,4.74,--,12,5688,买盘
1477,10:10:06,4.74,0.01,200,94800,买盘
1478,10:10:03,4.73,--,5,2365,卖盘
1479,10:09:39,4.73,-0.01,14,6622,卖盘
1480,10:09:24,4.74,0.01,11,5214,买盘
1481,10:09:21,4.73,0.01,963,455499,买盘
1482,10:09:15,4.72,-0.01,8,3776,卖盘
1483,10:09:12,4.73,--,10,4730,买盘
1484,10:09:00,4.73,0.01,11,5203,买盘
1485,10:08:51,4.72,--,50,23600,卖盘
1486,10:08:45,4.72,-0.01,11,5192,卖盘
1487,10:08:36,4.73,0.01,23,10879,买盘
1488,10:08:33,4.72,-0.01,118,55696,卖盘
1489,10:08:24,4.73,0.01,7,3311,买盘
1490,10:08:12,4.72,-0.01,2,944,卖盘
1491,10:08:00,4.73,--,14,6622,买盘
1492,10:07:48,4.73,--,34,16082,买盘
1493,10:07:45,4.73,0.01,1,473,买盘
1494,10:07:36,4.72,-0.01,5,2360,卖盘
1495,10:07:30,4.73,--,200,94600,买盘
1496,10:07:18,4.73,--,11,5203,买盘
1497,10:07:12,4.73,0.01,48,22704,买盘
1498,10:07:09,4.72,-0.01,4,1888,卖盘
1499,10:06:42,4.73,--,25,11825,买盘
1500,10:06:39,4.73,--,363,171699,卖盘
1501,10:06:27,4.73,-0.01,38,17974,卖盘
1502,10:06:24,4.74,--,73,34602,买盘
1503,10:06:12,4.74,0.01,11,5214,买盘
1504,10:06:09,4.73,-0.01,18,8514,卖盘
1505,10:06:03,4.74,0.01,3,1422,买盘
1506,10:05:54,4.73,-0.01,50,23650,卖盘
1507,10:05:48,4.74,0.01,11,5214,买盘
1508,10:05:30,4.73,-0.01,754,356642,卖盘
1509,10:05:24,4.74,--,25,11850,买盘
1510,10:05:21,4.74,--,11,5214,买盘
1511,10:05:12,4.74,0.01,12,5688,买盘
1512,10:05:09,4.73,-0.01,30,14190,卖盘
1513,10:05:06,4.74,--,56,26544,买盘
1514,10:05:00,4.74,--,5,2370,买盘
1515,10:04:54,4.74,--,11,5214,买盘
1516,10:04:24,4.74,0.01,11,5214,买盘
1517,10:04:21,4.73,-0.01,16,7568,卖盘
1518,10:04:18,4.74,--,478,226572,买盘
1519,10:04:15,4.74,--,59,27966,买盘
1520,10:03:51,4.74,0.01,21,9954,买盘
1521,10:03:39,4.73,-0.01,9,4257,卖盘
1522,10:03:36,4.74,--,1,474,买盘
1523,10:03:24,4.74,0.01,50,23700,买盘
1524,10:03:06,4.73,-0.01,1,473,卖盘
1525,10:02:54,4.74,0.01,11,5214,买盘
1526,10:02:48,4.73,-0.01,60,28380,卖盘
1527,10:02:45,4.74,0.01,200,94800,买盘
1528,10:02:39,4.73,-0.01,14,6622,卖盘
1529,10:02:36,4.74,0.01,2,948,买盘
1530,10:02:33,4.73,--,36,17028,卖盘
1531,10:02:27,4.73,--,100,47300,卖盘
1532,10:02:06,4.73,--,230,108790,卖盘
1533,10:01:48,4.73,-0.01,2,946,卖盘
1534,10:01:24,4.74,--,11,5214,买盘
1535,10:00:57,4.74,--,84,39816,买盘
1536,10:00:42,4.74,0.01,12,5688,买盘
1537,10:00:39,4.73,-0.01,20,9460,卖盘
1538,10:00:33,4.74,--,10,4740,买盘
1539,10:00:30,4.74,0.01,16,7584,买盘
1540,10:00:15,4.73,-0.01,7,3311,卖盘
1541,10:00:00,4.74,-0.01,38,18012,卖盘
1542,09:59:57,4.75,0.01,11,5225,买盘
1543,09:59:51,4.74,-0.01,1,474,卖盘
1544,09:59:42,4.75,0.01,120,57000,买盘
1545,09:59:36,4.74,--,19,9006,卖盘
1546,09:59:30,4.74,--,10,4740,卖盘
1547,09:59:24,4.74,-0.01,66,31284,卖盘
1548,09:59:21,4.75,0.01,11,5225,买盘
1549,09:59:18,4.74,--,78,36972,卖盘
1550,09:59:12,4.74,--,146,69204,卖盘
1551,09:59:06,4.74,--,11,5214,卖盘
1552,09:59:03,4.74,--,25,11850,卖盘
1553,09:58:57,4.74,-0.01,500,237000,卖盘
1554,09:58:51,4.75,0.01,31,14725,买盘
1555,09:58:42,4.74,-0.01,37,17538,卖盘
1556,09:58:39,4.75,0.01,40,19000,买盘
1557,09:58:33,4.74,-0.01,23,10902,卖盘
1558,09:58:21,4.75,--,20,9500,买盘
1559,09:58:18,4.75,0.01,3,1425,买盘
1560,09:58:15,4.74,-0.01,16,7584,卖盘
1561,09:58:12,4.75,0.01,60,28500,买盘
1562,09:58:09,4.74,-0.01,5,2370,卖盘
1563,09:58:06,4.75,--,5,2375,买盘
1564,09:58:00,4.75,--,11,5225,买盘
1565,09:57:54,4.75,--,271,128725,买盘
1566,09:57:51,4.75,--,20,9500,买盘
1567,09:57:45,4.75,--,5,2375,买盘
1568,09:57:42,4.75,--,14,6764,卖盘
1569,09:57:36,4.75,-0.01,38,18050,卖盘
1570,09:57:33,4.76,0.01,11,5236,买盘
1571,09:57:27,4.75,0.01,16,7961,买盘
1572,09:57:24,4.74,-0.01,20,9480,卖盘
1573,09:57:15,4.75,--,434,206150,买盘
1574,09:57:12,4.75,0.01,2,950,买盘
1575,09:57:03,4.74,-0.01,1,474,卖盘
1576,09:57:00,4.75,0.01,21,9975,买盘
1577,09:56:57,4.74,-0.01,118,55932,卖盘
1578,09:56:51,4.75,--,11,5225,买盘
1579,09:56:45,4.75,--,2,950,买盘
1580,09:56:39,4.75,0.01,100,47500,买盘
1581,09:56:33,4.74,-0.01,10,4740,卖盘
1582,09:56:21,4.75,--,2,950,买盘
1583,09:56:18,4.75,0.01,30,14250,买盘
1584,09:56:15,4.74,-0.01,5,2370,卖盘
1585,09:56:12,4.75,--,51,24225,买盘
1586,09:56:03,4.75,--,5,2375,买盘
1587,09:55:51,4.75,--,11,5225,买盘
1588,09:55:48,4.75,--,237,112689,卖盘
1589,09:55:45,4.75,--,24,11400,卖盘
1590,09:55:42,4.75,--,341,161975,卖盘
1591,09:55:39,4.75,--,12,5700,卖盘
1592,09:55:36,4.75,--,188,89300,卖盘
1593,09:55:30,4.75,--,1330,631750,卖盘
1594,09:55:18,4.75,--,920,437361,卖盘
1595,09:55:15,4.75,--,651,309225,卖盘
1596,09:55:12,4.75,--,30,14250,卖盘
1597,09:55:09,4.75,-0.01,40,19000,卖盘
1598,09:54:57,4.76,0.01,10,4760,买盘
1599,09:54:51,4.75,-0.01,25,11875,卖盘
1600,09:54:45,4.76,--,250,119000,买盘
1601,09:54:36,4.76,0.01,285,135660,买盘
1602,09:54:33,4.75,-0.01,108,51300,卖盘
1603,09:54:30,4.76,0.01,20,9520,买盘
1604,09:54:27,4.75,-0.01,10,4750,卖盘
1605,09:54:06,4.76,--,43,20468,买盘
1606,09:54:03,4.76,--,33,15708,买盘
1607,09:54:00,4.76,--,20,9520,买盘
1608,09:53:54,4.76,--,80,38080,买盘
1609,09:53:45,4.76,--,122,58072,买盘
1610,09:53:39,4.76,--,41,19516,买盘
1611,09:53:36,4.76,0.01,61,29036,买盘
1612,09:53:33,4.75,-0.01,22,10450,卖盘
1613,09:53:30,4.76,--,470,223720,买盘
1614,09:53:24,4.76,--,10,4760,买盘
1615,09:53:18,4.76,--,49,23324,买盘
1616,09:53:15,4.76,--,123,58548,卖盘
1617,09:53:09,4.76,--,54,25704,买盘
1618,09:53:06,4.76,--,10,4760,买盘
1619,09:53:03,4.76,0.01,11,5236,买盘
1620,09:53:00,4.75,-0.01,564,267900,卖盘
1621,09:52:57,4.76,--,40,19040,买盘
1622,09:52:54,4.76,0.01,55,26180,买盘
1623,09:52:51,4.75,--,669,317775,卖盘
1624,09:52:42,4.75,--,19,9025,卖盘
1625,09:52:30,4.75,--,766,363850,买盘
1626,09:52:24,4.75,--,140,66500,买盘
1627,09:52:21,4.75,--,112,53200,买盘
1628,09:52:18,4.75,--,5,2375,买盘
1629,09:52:12,4.75,--,337,160075,买盘
1630,09:52:06,4.75,--,20,9500,买盘
1631,09:52:00,4.75,--,5,2375,买盘
1632,09:51:57,4.75,--,58,27550,买盘
1633,09:51:45,4.75,--,5,2375,买盘
1634,09:51:42,4.75,0.01,10,4750,买盘
1635,09:51:33,4.74,-0.01,184,87216,卖盘
1636,09:51:27,4.75,--,63,29925,买盘
1637,09:51:24,4.75,0.01,11,5225,买盘
1638,09:51:18,4.74,--,50,23700,卖盘
1639,09:51:15,4.74,--,50,23756,卖盘
1640,09:51:12,4.74,--,8,3792,卖盘
1641,09:51:06,4.74,0.01,640,303360,买盘
1642,09:51:03,4.73,--,5,2365,卖盘
1643,09:50:57,4.73,--,125,59125,卖盘
1644,09:50:54,4.73,--,100,47300,卖盘
1645,09:50:24,4.73,--,114,53922,买盘
1646,09:50:15,4.73,0.01,34,16082,买盘
1647,09:50:09,4.72,-0.02,1,472,卖盘
1648,09:50:06,4.74,0.01,11,5214,买盘
1649,09:50:03,4.73,0.01,30,14190,买盘
1650,09:49:42,4.72,-0.01,20,9440,卖盘
1651,09:49:33,4.73,--,4,1892,买盘
1652,09:49:30,4.73,--,11,5203,买盘
1653,09:49:24,4.73,--,34,16082,买盘
1654,09:49:12,4.73,--,6,2838,卖盘
1655,09:49:09,4.73,-0.01,36,17028,卖盘
1656,09:49:03,4.74,0.01,2,948,买盘
1657,09:49:00,4.73,--,47,22231,卖盘
1658,09:48:57,4.73,--,5,2365,卖盘
1659,09:48:54,4.73,-0.01,20,9460,卖盘
1660,09:48:51,4.74,--,56,26544,买盘
1661,09:48:48,4.74,--,1,474,买盘
1662,09:48:45,4.74,--,100,47400,买盘
1663,09:48:42,4.74,--,10,4740,买盘
1664,09:48:36,4.74,0.01,11,5214,买盘
1665,09:48:33,4.73,-0.01,8,3784,卖盘
1666,09:48:30,4.74,--,414,196236,买盘
1667,09:48:24,4.74,0.01,26,12324,买盘
1668,09:48:21,4.73,-0.01,29,13717,卖盘
1669,09:48:06,4.74,--,11,5214,买盘
1670,09:48:00,4.74,0.01,5,2370,买盘
1671,09:47:57,4.73,--,150,70950,卖盘
1672,09:47:54,4.73,--,5,2365,卖盘
1673,09:47:48,4.73,-0.01,72,34056,卖盘
1674,09:47:36,4.74,0.01,11,5214,买盘
1675,09:47:21,4.73,--,15,7095,卖盘
1676,09:47:18,4.73,-0.01,11,5203,卖盘
1677,09:47:15,4.74,0.01,376,178224,买盘
1678,09:47:00,4.73,--,2,946,卖盘
1679,09:46:54,4.73,--,1,473,卖盘
1680,09:46:51,4.73,--,32,15136,买盘
1681,09:46:48,4.73,--,38,17974,卖盘
1682,09:46:45,4.73,0.01,21,9933,买盘
1683,09:46:39,4.72,-0.01,40,18880,卖盘
1684,09:46:36,4.73,--,1,473,买盘
1685,09:46:30,4.73,--,25,11825,买盘
1686,09:46:24,4.73,--,30,14190,买盘
1687,09:46:21,4.73,--,10,4730,买盘
1688,09:46:18,4.73,--,69,32637,买盘
1689,09:46:15,4.73,--,11,5203,买盘
1690,09:46:12,4.73,--,20,9460,买盘
1691,09:46:09,4.73,0.01,8,3784,买盘
1692,09:46:06,4.72,-0.01,46,21712,卖盘
1693,09:46:03,4.73,--,50,23650,买盘
1694,09:46:00,4.73,--,6,2838,买盘
1695,09:45:54,4.73,--,2,946,买盘
1696,09:45:51,4.73,0.01,2,946,买盘
1697,09:45:45,4.72,-0.01,12,5664,卖盘
1698,09:45:42,4.73,--,19,8987,买盘
1699,09:45:30,4.73,--,5,2365,买盘
1700,09:45:27,4.73,0.01,1,473,买盘
1701,09:45:06,4.72,-0.01,121,57112,卖盘
1702,09:45:00,4.73,--,46,21758,买盘
1703,09:44:57,4.73,0.01,25,11825,买盘
1704,09:44:54,4.72,-0.01,56,26432,卖盘
1705,09:44:51,4.73,--,5,2365,买盘
1706,09:44:42,4.73,--,1,473,买盘
1707,09:44:39,4.73,--,30,14190,买盘
1708,09:44:36,4.73,--,5,2365,买盘
1709,09:44:30,4.73,-0.01,453,214269,卖盘
1710,09:44:27,4.74,--,200,94800,买盘
1711,09:44:24,4.74,--,130,61620,买盘
1712,09:44:18,4.74,--,20,9480,买盘
1713,09:44:15,4.74,0.01,5,2370,买盘
1714,09:44:06,4.73,-0.01,218,103114,卖盘
1715,09:44:03,4.74,0.01,12,5688,买盘
1716,09:43:51,4.73,--,10,4730,卖盘
1717,09:43:48,4.73,-0.01,4,1892,中性盘
1718,09:43:45,4.74,0.01,52,24648,买盘
1719,09:43:42,4.73,-0.01,14,6622,卖盘
1720,09:43:39,4.74,0.01,117,55458,买盘
1721,09:43:36,4.73,-0.01,24,11352,卖盘
1722,09:43:30,4.74,0.01,29,13746,买盘
1723,09:43:21,4.73,--,2,946,卖盘
1724,09:43:18,4.73,-0.01,97,45881,卖盘
1725,09:43:09,4.74,0.01,13,6162,买盘
1726,09:43:03,4.73,-0.01,123,58179,卖盘
1727,09:43:00,4.74,0.01,33,15642,买盘
1728,09:42:57,4.73,-0.01,58,27434,卖盘
1729,09:42:54,4.74,--,94,44556,买盘
1730,09:42:51,4.74,--,10,4740,买盘
1731,09:42:48,4.74,--,31,14694,买盘
1732,09:42:45,4.74,--,153,72522,买盘
1733,09:42:42,4.74,--,2,948,买盘
1734,09:42:39,4.74,--,11,5214,买盘
1735,09:42:36,4.74,--,2,948,买盘
1736,09:42:33,4.74,--,31,14694,卖盘
1737,09:42:21,4.74,0.01,626,296724,买盘
1738,09:42:18,4.73,--,2,946,卖盘
1739,09:42:12,4.73,0.01,609,288057,买盘
1740,09:42:09,4.72,--,11,5192,卖盘
1741,09:41:51,4.72,0.01,369,174168,买盘
1742,09:41:45,4.71,-0.01,38,17898,卖盘
1743,09:41:39,4.72,0.01,385,181720,买盘
1744,09:41:36,4.71,--,20,9420,卖盘
1745,09:41:27,4.71,--,35,16951,买盘
1746,09:41:18,4.71,--,18,8478,买盘
1747,09:41:15,4.71,--,125,58875,买盘
1748,09:41:09,4.71,0.01,95,44745,买盘
1749,09:40:54,4.7,-0.01,6,2820,卖盘
1750,09:40:48,4.71,0.01,16,7536,买盘
1751,09:40:39,4.7,-0.01,6,2820,卖盘
1752,09:40:36,4.71,0.01,127,59817,买盘
1753,09:40:30,4.7,--,10,4700,卖盘
1754,09:40:21,4.7,-0.01,92,43240,卖盘
1755,09:40:18,4.71,0.01,30,14130,买盘
1756,09:40:15,4.7,-0.01,1,470,卖盘
1757,09:40:12,4.71,0.01,5,2355,买盘
1758,09:40:03,4.7,--,117,54990,卖盘
1759,09:40:00,4.7,-0.01,40,18800,卖盘
1760,09:39:51,4.71,--,9,4239,买盘
1761,09:39:48,4.71,0.01,6,2826,买盘
1762,09:39:45,4.7,--,5,2350,卖盘
1763,09:39:39,4.7,-0.01,2,940,卖盘
1764,09:39:36,4.71,--,32,15072,买盘
1765,09:39:33,4.71,--,6,2826,买盘
1766,09:39:24,4.71,--,82,38622,买盘
1767,09:39:21,4.71,--,10,4710,买盘
1768,09:39:18,4.71,--,10,4710,买盘
1769,09:39:15,4.71,--,1,471,买盘
1770,09:39:12,4.71,--,6,2826,买盘
1771,09:39:09,4.71,--,20,9420,买盘
1772,09:39:03,4.71,--,1,471,买盘
1773,09:38:57,4.71,--,62,29206,卖盘
1774,09:38:48,4.71,--,11,5647,买盘
1775,09:38:45,4.71,-0.01,88,41452,卖盘
1776,09:38:42,4.72,0.01,24,11328,买盘
1777,09:38:18,4.71,--,99,47095,买盘
1778,09:38:15,4.71,--,1,471,买盘
1779,09:38:03,4.71,--,24,11304,买盘
1780,09:38:00,4.71,--,39,18373,卖盘
1781,09:37:54,4.71,--,17,8007,卖盘
1782,09:37:51,4.71,--,11,5647,买盘
1783,09:37:48,4.71,--,10,4710,买盘
1784,09:37:45,4.71,--,4,1884,买盘
1785,09:37:36,4.71,--,34,16014,买盘
1786,09:37:30,4.71,--,76,35796,买盘
1787,09:37:27,4.71,--,44,20724,买盘
1788,09:37:21,4.71,--,280,131880,买盘
1789,09:37:18,4.71,--,20,9420,买盘
1790,09:36:54,4.71,--,2,942,买盘
1791,09:36:51,4.71,--,145,68295,买盘
1792,09:36:48,4.71,--,209,98439,买盘
1793,09:36:45,4.71,--,61,28731,买盘
1794,09:36:27,4.71,--,100,47100,买盘
1795,09:36:24,4.71,0.01,8,3768,买盘
1796,09:36:18,4.7,--,30,14100,卖盘
1797,09:36:09,4.7,--,4,1880,卖盘
1798,09:36:00,4.7,-0.01,48,22560,卖盘
1799,09:35:57,4.71,--,317,149307,买盘
1800,09:35:45,4.71,0.01,8,3768,买盘
1801,09:35:42,4.7,--,19,8930,卖盘
1802,09:35:39,4.7,--,2,940,卖盘
1803,09:35:33,4.7,--,40,18800,买盘
1804,09:35:30,4.7,--,12,5640,卖盘
1805,09:35:27,4.7,-0.01,20,9400,卖盘
1806,09:35:24,4.71,0.01,153,72063,买盘
1807,09:35:21,4.7,-0.01,50,23500,卖盘
1808,09:35:18,4.71,0.01,51,24021,买盘
1809,09:35:15,4.7,--,20,9400,卖盘
1810,09:35:00,4.7,-0.01,100,47000,卖盘
1811,09:34:51,4.71,0.01,1,471,买盘
1812,09:34:45,4.7,-0.01,40,18800,卖盘
1813,09:34:39,4.71,0.01,23,10833,买盘
1814,09:34:30,4.7,-0.01,59,27730,卖盘
1815,09:34:27,4.71,0.01,10,4710,买盘
1816,09:34:24,4.7,-0.01,4,1880,卖盘
1817,09:34:09,4.71,--,20,9420,买盘
1818,09:34:06,4.71,-0.01,612,288256,卖盘
1819,09:34:00,4.72,--,91,42952,买盘
1820,09:33:54,4.72,--,4,1888,买盘
1821,09:33:48,4.72,--,52,24544,买盘
1822,09:33:36,4.72,--,1,472,买盘
1823,09:33:33,4.72,0.01,7,3304,中性盘
1824,09:33:24,4.71,--,10,4710,卖盘
1825,09:33:21,4.71,-0.01,94,44274,卖盘
1826,09:33:18,4.72,--,352,166144,买盘
1827,09:33:12,4.72,0.01,1,472,中性盘
1828,09:32:57,4.71,-0.01,52,24492,卖盘
1829,09:32:51,4.72,0.01,318,150096,买盘
1830,09:32:39,4.71,0.02,495,233611,买盘
1831,09:32:36,4.69,-0.01,3,1407,卖盘
1832,09:32:33,4.7,--,19,8930,买盘
1833,09:32:21,4.7,0.01,45,21150,卖盘
1834,09:32:18,4.69,-0.01,534,250446,卖盘
1835,09:32:12,4.7,--,365,171550,买盘
1836,09:32:09,4.7,--,5,2350,买盘
1837,09:32:06,4.7,--,26,12220,买盘
1838,09:32:03,4.7,--,5,2350,买盘
1839,09:32:00,4.7,--,39,18330,买盘
1840,09:31:57,4.7,--,19,8930,买盘
1841,09:31:48,4.7,--,109,51230,买盘
1842,09:31:45,4.7,--,27,12690,买盘
1843,09:31:42,4.7,--,5,2350,买盘
1844,09:31:36,4.7,--,84,39480,买盘
1845,09:31:27,4.7,--,15,7050,买盘
1846,09:31:24,4.7,0.01,209,98230,买盘
1847,09:31:15,4.69,--,11,5159,卖盘
1848,09:31:12,4.69,0.01,3,1407,卖盘
1849,09:31:09,4.68,--,432,202176,卖盘
1850,09:30:48,4.68,--,83,38844,买盘
1851,09:30:45,4.68,--,3,1404,买盘
1852,09:30:39,4.68,--,58,27144,买盘
1853,09:30:36,4.68,--,34,15911,买盘
1854,09:30:27,4.68,-0.01,136,63647,卖盘
1855,09:30:24,4.69,--,147,68943,买盘
1856,09:30:18,4.69,0.01,46,21574,中性盘
1857,09:30:09,4.68,0.01,296,138528,买盘
1858,09:30:06,4.67,--,223,104141,卖盘
1859,09:30:03,4.67,--,2098,979766,买盘
1860,09:30:00,4.67,--,0,0,买盘
1861,09:25:03,4.67,4.67,577,269459,买盘
