,time,price,change,volume,amount,type
0,15:00:00,8.91,--,0,0,买盘
1,15:00:00,8.91,--,0,0,买盘
2,15:00:00,8.91,--,15,13365,买盘
3,14:59:57,8.91,--,2,1782,买盘
4,14:59:52,8.91,--,14,12474,买盘
5,14:59:46,8.91,--,35,31185,买盘
6,14:59:42,8.91,--,1,891,买盘
7,14:59:37,8.91,--,10,8910,买盘
8,14:59:22,8.91,--,14,12474,买盘
9,14:59:16,8.91,--,27,24057,买盘
10,14:59:12,8.91,--,8,7128,买盘
11,14:59:07,8.91,--,322,286902,买盘
12,14:59:01,8.91,--,30,26730,买盘
13,14:58:57,8.91,--,22,19602,买盘
14,14:58:52,8.91,--,10,8910,买盘
15,14:58:46,8.91,--,57,50787,买盘
16,14:58:42,8.91,--,14,12474,买盘
17,14:58:37,8.91,--,8,7128,买盘
18,14:58:31,8.91,--,24,21384,买盘
19,14:58:27,8.91,--,106,94446,买盘
20,14:58:22,8.91,--,28,24948,买盘
21,14:58:12,8.91,--,60,53460,买盘
22,14:58:07,8.91,--,6,5346,买盘
23,14:58:01,8.91,--,25,22275,买盘
24,14:57:52,8.91,--,31,27621,买盘
25,14:57:46,8.91,--,10,8910,买盘
26,14:57:42,8.91,--,8,7128,买盘
27,14:57:37,8.91,--,38,33858,买盘
28,14:57:31,8.91,--,13,11583,买盘
29,14:57:27,8.91,--,51,45441,买盘
30,14:57:22,8.91,--,10,8910,买盘
31,14:57:16,8.91,--,36,32076,买盘
32,14:57:07,8.91,--,12,10692,买盘
33,14:57:01,8.91,--,34,30294,买盘
34,14:56:57,8.91,--,3,2673,买盘
35,14:56:52,8.91,--,200,178200,买盘
36,14:56:46,8.91,--,3,2673,买盘
37,14:56:42,8.91,--,11,9801,买盘
38,14:56:37,8.91,--,28,24948,买盘
39,14:56:31,8.91,--,25,22275,买盘
40,14:56:27,8.91,--,2,1782,买盘
41,14:56:22,8.91,--,5,4455,买盘
42,14:56:16,8.91,--,11,9801,买盘
43,14:56:12,8.91,--,25,22275,买盘
44,14:56:07,8.91,--,44,39204,买盘
45,14:56:01,8.91,--,5,4455,买盘
46,14:55:57,8.91,--,5,4455,买盘
47,14:55:52,8.91,--,19,16929,买盘
48,14:55:46,8.91,--,20,17820,买盘
49,14:55:37,8.91,--,25,22275,买盘
50,14:55:27,8.91,--,6,5346,买盘
51,14:55:22,8.91,--,9,8019,买盘
52,14:55:16,8.91,--,26,23166,买盘
53,14:55:12,8.91,--,15,13365,买盘
54,14:55:07,8.91,--,3,2673,买盘
55,14:55:01,8.91,--,2,1782,买盘
56,14:54:57,8.91,--,106,94446,买盘
57,14:54:52,8.91,--,28,24948,买盘
58,14:54:46,8.91,--,27,24057,买盘
59,14:54:37,8.91,--,51,45441,买盘
60,14:54:31,8.91,--,22,19602,买盘
61,14:54:25,8.91,--,2,1782,买盘
62,14:54:22,8.91,--,16,14256,买盘
63,14:54:16,8.91,--,7,6237,买盘
64,14:54:10,8.91,--,1,891,买盘
65,14:54:06,8.91,--,34,30294,买盘
66,14:54:01,8.91,--,27,24057,买盘
67,14:53:55,8.91,--,34,30294,买盘
68,14:53:51,8.91,--,38,33858,买盘
69,14:53:46,8.91,--,26,23166,买盘
70,14:53:40,8.91,--,34,30294,买盘
71,14:53:36,8.91,--,5,4455,买盘
72,14:53:31,8.91,--,16,14256,买盘
73,14:53:25,8.91,--,1,891,买盘
74,14:53:16,8.91,--,91,81081,买盘
75,14:53:10,8.91,--,69,61479,买盘
76,14:53:01,8.91,--,18,16038,买盘
77,14:52:55,8.91,--,120,106920,买盘
78,14:52:51,8.91,--,6,5346,买盘
79,14:52:46,8.91,--,48,42768,买盘
80,14:52:40,8.91,--,30,26730,买盘
81,14:52:36,8.91,--,13,11583,买盘
82,14:52:31,8.91,--,12,10692,买盘
83,14:52:25,8.91,--,147,130977,买盘
84,14:52:21,8.91,--,4,3564,买盘
85,14:52:16,8.91,--,1,891,买盘
86,14:52:10,8.91,--,28,24948,买盘
87,14:52:06,8.91,--,61,54351,买盘
88,14:52:01,8.91,--,1,891,买盘
89,14:51:55,8.91,--,82,73062,买盘
90,14:51:51,8.91,--,3,2673,买盘
91,14:51:46,8.91,--,145,129195,买盘
92,14:51:40,8.91,--,61,54351,买盘
93,14:51:31,8.91,--,69,61479,买盘
94,14:51:25,8.91,--,6,5346,买盘
95,14:51:21,8.91,--,29,25839,买盘
96,14:51:16,8.91,--,33,29403,买盘
97,14:51:10,8.91,--,18,16038,买盘
98,14:51:06,8.91,--,93,82863,买盘
99,14:51:01,8.91,--,23,20493,买盘
100,14:50:55,8.91,--,36,32076,买盘
101,14:50:51,8.91,--,3,2673,买盘
102,14:50:46,8.91,--,3,2673,买盘
103,14:50:31,8.91,--,10,8910,买盘
104,14:50:25,8.91,--,46,40986,买盘
105,14:50:21,8.91,--,68,60588,买盘
106,14:50:16,8.91,--,39,34749,买盘
107,14:50:10,8.91,--,65,57915,买盘
108,14:50:06,8.91,--,2,1782,买盘
109,14:50:01,8.91,--,113,100683,买盘
110,14:49:55,8.91,--,31,27621,买盘
111,14:49:51,8.91,--,3,2673,买盘
112,14:49:40,8.91,--,1,891,买盘
113,14:49:36,8.91,--,5,4455,买盘
114,14:49:31,8.91,--,12,10692,买盘
115,14:49:25,8.91,--,139,123849,买盘
116,14:49:16,8.91,--,34,30294,买盘
117,14:49:10,8.91,--,31,27621,买盘
118,14:49:06,8.91,--,81,72171,买盘
119,14:49:01,8.91,--,86,76626,买盘
120,14:48:55,8.91,--,23,20493,买盘
121,14:48:51,8.91,--,3,2673,买盘
122,14:48:46,8.91,--,1,891,买盘
123,14:48:40,8.91,--,78,69498,买盘
124,14:48:36,8.91,--,201,179091,买盘
125,14:48:31,8.91,--,10,8910,买盘
126,14:48:25,8.91,--,25,22275,买盘
127,14:48:21,8.91,--,4,3564,买盘
128,14:48:16,8.91,--,22,19602,买盘
129,14:48:10,8.91,--,21,18711,买盘
130,14:48:06,8.91,--,112,99792,买盘
131,14:48:01,8.91,--,30,26730,买盘
132,14:47:55,8.91,--,40,35640,买盘
133,14:47:46,8.91,--,60,53460,买盘
134,14:47:40,8.91,--,141,125631,买盘
135,14:47:35,8.91,--,5,4455,买盘
136,14:47:31,8.91,--,9,8019,买盘
137,14:47:25,8.91,--,13,11583,买盘
138,14:47:19,8.91,--,104,92664,买盘
139,14:47:15,8.91,--,23,20493,买盘
140,14:47:10,8.91,--,36,32076,买盘
141,14:47:04,8.91,--,49,43659,买盘
142,14:47:00,8.91,--,7,6237,买盘
143,14:46:55,8.91,--,80,71280,买盘
144,14:46:49,8.91,--,60,53460,买盘
145,14:46:45,8.91,--,5,4455,买盘
146,14:46:40,8.91,--,49,43659,买盘
147,14:46:34,8.91,--,37,32967,买盘
148,14:46:30,8.91,--,76,67716,买盘
149,14:46:25,8.91,--,61,54351,买盘
150,14:46:19,8.91,--,26,23166,买盘
151,14:46:15,8.91,--,30,26730,买盘
152,14:46:10,8.91,--,38,33858,买盘
153,14:46:04,8.91,--,91,81081,买盘
154,14:46:00,8.91,--,70,62370,买盘
155,14:45:55,8.91,-0.01,489,435699,买盘
156,14:45:49,8.92,0.01,95,84740,买盘
157,14:45:45,8.91,-0.01,70,62370,卖盘
158,14:45:40,8.92,0.01,185,165020,买盘
159,14:45:34,8.91,--,88,78408,卖盘
160,14:45:30,8.91,--,16,14256,卖盘
161,14:45:25,8.91,-0.01,179,159489,卖盘
162,14:45:19,8.92,0.01,7,6244,买盘
163,14:45:15,8.91,--,10,8910,卖盘
164,14:45:10,8.91,-0.01,114,101574,卖盘
165,14:45:04,8.92,--,538,479896,买盘
166,14:45:00,8.92,--,1,892,买盘
167,14:44:55,8.92,0.01,103,91876,买盘
168,14:44:49,8.91,--,57,50787,卖盘
169,14:44:45,8.91,--,2,1782,卖盘
170,14:44:40,8.91,--,10,8910,卖盘
171,14:44:34,8.91,--,116,103356,卖盘
172,14:44:25,8.91,--,227,202257,买盘
173,14:44:19,8.91,--,51,45441,买盘
174,14:44:15,8.91,--,102,90882,买盘
175,14:44:10,8.91,--,59,52569,买盘
176,14:44:04,8.91,--,294,261954,买盘
177,14:44:00,8.91,--,35,31185,买盘
178,14:43:55,8.91,--,91,81081,买盘
179,14:43:49,8.91,--,265,236115,买盘
180,14:43:45,8.91,--,35,31185,买盘
181,14:43:40,8.91,--,198,176418,买盘
182,14:43:34,8.91,--,101,89991,买盘
183,14:43:30,8.91,--,207,184437,卖盘
184,14:43:25,8.91,-0.01,243,216513,卖盘
185,14:43:19,8.92,0.01,198,176616,买盘
186,14:43:15,8.91,--,186,165726,卖盘
187,14:43:10,8.91,--,5,4455,卖盘
188,14:43:04,8.91,--,1034,921294,买盘
189,14:43:00,8.91,--,7,6237,买盘
190,14:42:55,8.91,--,69,61479,买盘
191,14:42:49,8.91,--,184,163944,买盘
192,14:42:45,8.91,--,32,28512,买盘
193,14:42:40,8.91,--,51,45441,买盘
194,14:42:34,8.91,--,1182,1053162,买盘
195,14:42:30,8.91,--,10,8910,买盘
196,14:42:25,8.91,--,90,80190,买盘
197,14:42:19,8.91,--,57,50787,买盘
198,14:42:15,8.91,--,31,27621,买盘
199,14:42:10,8.91,--,107,95337,买盘
200,14:42:04,8.91,--,251,223641,买盘
201,14:42:00,8.91,--,6,5346,买盘
202,14:41:55,8.91,-0.01,4476,3988124,买盘
203,14:41:49,8.92,0.01,362,322904,买盘
204,14:41:44,8.91,-0.01,61,54351,卖盘
205,14:41:40,8.92,0.01,564,503971,买盘
206,14:41:34,8.91,--,1401,1248291,卖盘
207,14:41:29,8.91,--,644,573804,卖盘
208,14:41:25,8.91,--,255,227205,卖盘
209,14:41:19,8.91,--,634,564894,卖盘
210,14:41:14,8.91,--,82,73062,卖盘
211,14:41:10,8.91,-0.01,1708,1521828,卖盘
212,14:41:04,8.92,0.01,1079,962468,买盘
213,14:40:59,8.91,--,161,143451,卖盘
214,14:40:54,8.91,--,741,660231,卖盘
215,14:40:49,8.91,-0.01,62,55242,卖盘
216,14:40:44,8.92,0.01,160,142720,买盘
217,14:40:39,8.91,--,198,176418,卖盘
218,14:40:34,8.91,--,574,511434,卖盘
219,14:40:29,8.91,-0.01,73,65043,卖盘
220,14:40:24,8.92,--,75,66900,买盘
221,14:40:19,8.92,--,3543,3160819,卖盘
222,14:40:13,8.92,-0.01,71,63332,卖盘
223,14:40:09,8.93,0.01,341,304513,买盘
224,14:40:04,8.92,--,237,211404,卖盘
225,14:39:58,8.92,--,5224,4659808,卖盘
226,14:39:54,8.92,-0.01,69,61548,卖盘
227,14:39:49,8.93,0.01,266,238002,买盘
228,14:39:43,8.92,--,94,83848,卖盘
229,14:39:39,8.92,-0.01,30,26760,卖盘
230,14:39:34,8.93,--,68,60724,买盘
231,14:39:27,8.93,--,161,143773,买盘
232,14:39:24,8.93,0.01,36,32148,买盘
233,14:39:18,8.92,-0.01,694,619048,卖盘
234,14:39:13,8.93,--,141,125913,买盘
235,14:39:09,8.93,0.01,140,125020,买盘
236,14:39:04,8.92,-0.01,96,85632,卖盘
237,14:38:58,8.93,--,92,82156,买盘
238,14:38:54,8.93,--,6,5358,买盘
239,14:38:49,8.93,--,70,62510,卖盘
240,14:38:43,8.93,0.01,33,29469,卖盘
241,14:38:39,8.92,-0.01,46,41032,卖盘
242,14:38:34,8.93,0.01,255,227715,买盘
243,14:38:28,8.92,-0.01,162,144504,卖盘
244,14:38:24,8.93,0.01,263,235305,买盘
245,14:38:19,8.92,--,400,356800,卖盘
246,14:38:13,8.92,-0.01,1159,1033828,卖盘
247,14:38:09,8.93,0.01,420,375060,买盘
248,14:38:04,8.92,-0.01,365,325580,卖盘
249,14:37:58,8.93,-0.01,185,165205,中性盘
250,14:37:54,8.94,0.01,132,118008,买盘
251,14:37:49,8.93,--,139,124127,卖盘
252,14:37:43,8.93,--,78,69654,卖盘
253,14:37:39,8.93,--,58,51794,卖盘
254,14:37:34,8.93,-0.02,120,107160,卖盘
255,14:37:27,8.95,--,1547,1385110,卖盘
256,14:37:24,8.95,--,350,313250,卖盘
257,14:37:19,8.95,-0.01,44,39380,卖盘
258,14:37:13,8.96,0.01,57,51072,中性盘
259,14:37:09,8.95,-0.02,5132,4593140,卖盘
260,14:37:04,8.97,--,197,176709,卖盘
261,14:36:57,8.97,--,22,19734,卖盘
262,14:36:54,8.97,--,62,55614,卖盘
263,14:36:49,8.97,-0.01,141,126477,卖盘
264,14:36:43,8.98,--,42,37716,买盘
265,14:36:34,8.98,--,302,271196,卖盘
266,14:36:28,8.98,-0.01,57,51186,卖盘
267,14:36:24,8.99,--,10,8990,买盘
268,14:36:19,8.99,--,51,45849,买盘
269,14:36:13,8.99,-0.01,201,181130,卖盘
270,14:36:08,9.0,--,50,45000,买盘
271,14:36:04,9.0,--,138,124200,买盘
272,14:35:58,9.0,--,172,154800,卖盘
273,14:35:49,9.0,--,12,10800,卖盘
274,14:35:43,9.0,--,6,5400,卖盘
275,14:35:38,9.0,0.01,60,54000,买盘
276,14:35:34,8.99,--,2,1798,卖盘
277,14:35:28,8.99,-0.01,50,44950,卖盘
278,14:35:23,9.0,--,248,223200,买盘
279,14:35:19,9.0,0.01,84,75600,买盘
280,14:35:13,8.99,-0.01,90,81377,卖盘
281,14:35:04,9.0,--,90,81000,买盘
282,14:34:49,9.0,0.01,1,900,买盘
283,14:34:43,8.99,-0.01,10,8990,卖盘
284,14:34:38,9.0,--,1,900,买盘
285,14:34:33,9.0,--,49,44100,买盘
286,14:34:27,9.0,0.01,49,44100,买盘
287,14:34:23,8.99,-0.01,124,111476,卖盘
288,14:34:18,9.0,--,4,3600,买盘
289,14:34:12,9.0,--,6,5400,买盘
290,14:34:08,9.0,--,34,30600,买盘
291,14:34:03,9.0,--,20,18000,买盘
292,14:33:58,9.0,--,17,15300,买盘
293,14:33:53,9.0,--,6,5400,买盘
294,14:33:48,9.0,--,1,900,买盘
295,14:33:43,9.0,0.01,56,50400,买盘
296,14:33:38,8.99,-0.01,122,109678,卖盘
297,14:33:33,9.0,0.01,40,36000,买盘
298,14:33:27,8.99,-0.01,65,58435,卖盘
299,14:33:23,9.0,--,10,9000,买盘
300,14:33:12,9.0,--,61,54900,买盘
301,14:33:08,9.0,0.01,10,9000,买盘
302,14:32:58,8.99,-0.01,39,35061,卖盘
303,14:32:51,9.0,0.01,20,18000,买盘
304,14:32:48,8.99,--,43,38657,卖盘
305,14:32:43,8.99,-0.01,33,29667,卖盘
306,14:32:37,9.0,--,20,18000,买盘
307,14:32:33,9.0,--,90,81000,买盘
308,14:32:28,9.0,--,440,396000,卖盘
309,14:32:18,9.0,-0.01,35,31500,卖盘
310,14:32:13,9.01,--,5,4505,买盘
311,14:32:06,9.01,--,52,46852,买盘
312,14:32:03,9.01,-0.01,100,90100,卖盘
313,14:31:57,9.02,0.02,76,68552,买盘
314,14:31:52,9.0,-0.02,1059,953100,卖盘
315,14:31:43,9.02,0.02,1,902,买盘
316,14:31:37,9.0,--,1,900,卖盘
317,14:31:33,9.0,--,75,67500,卖盘
318,14:31:28,9.0,--,26,23400,卖盘
319,14:31:21,9.0,--,365,328500,买盘
320,14:31:18,9.0,--,20,18000,买盘
321,14:31:13,9.0,--,232,208800,买盘
322,14:31:07,9.0,0.01,303,272700,买盘
323,14:31:03,8.99,-0.01,33,29667,卖盘
324,14:30:57,9.0,0.01,71,63900,买盘
325,14:30:51,8.99,-0.01,222,199578,卖盘
326,14:30:42,9.0,--,19,17100,买盘
327,14:30:36,9.0,--,92,82800,买盘
328,14:30:27,9.0,0.01,10,9000,买盘
329,14:30:22,8.99,-0.01,17,15283,卖盘
330,14:30:18,9.0,0.01,2,1800,买盘
331,14:30:13,8.99,-0.01,112,100688,卖盘
332,14:30:06,9.0,--,41,36900,买盘
333,14:30:03,9.0,--,10,9000,买盘
334,14:29:57,9.0,--,68,61200,买盘
335,14:29:48,9.0,0.01,20,18000,买盘
336,14:29:42,8.99,-0.01,88,79112,卖盘
337,14:29:37,9.0,0.01,5,4500,买盘
338,14:29:27,8.99,0.01,26,23374,卖盘
339,14:29:22,8.98,-0.02,83,74534,卖盘
340,14:29:17,9.0,0.01,549,494100,买盘
341,14:29:12,8.99,--,1,899,买盘
342,14:29:07,8.99,-0.01,15,13485,中性盘
343,14:28:58,9.0,--,4,3600,买盘
344,14:28:52,9.0,--,82,73800,买盘
345,14:28:47,9.0,0.01,6,5400,买盘
346,14:28:42,8.99,--,71,63829,卖盘
347,14:28:37,8.99,--,10,8990,卖盘
348,14:28:32,8.99,--,80,71920,卖盘
349,14:28:21,8.99,-0.01,82,73718,卖盘
350,14:28:17,9.0,0.01,63,56700,买盘
351,14:28:12,8.99,--,94,84506,买盘
352,14:28:07,8.99,--,8,7192,买盘
353,14:28:02,8.99,-0.01,1,899,买盘
354,14:27:57,9.0,--,0,0,买盘
355,14:27:51,9.0,--,2073,1865700,买盘
356,14:27:47,9.0,--,4,3600,买盘
357,14:27:42,9.0,--,42,37800,买盘
358,14:27:36,9.0,--,151,135900,买盘
359,14:27:32,9.0,-0.02,254,228600,卖盘
360,14:27:27,9.02,0.01,50,45100,买盘
361,14:27:21,9.01,-0.01,61,54961,卖盘
362,14:27:17,9.02,--,5,4510,买盘
363,14:27:12,9.02,--,8,7216,买盘
364,14:27:02,9.02,0.01,13,11726,买盘
365,14:26:51,9.01,--,80,72080,卖盘
366,14:26:32,9.01,0.01,115,103615,中性盘
367,14:26:27,9.0,-0.02,4,3600,卖盘
368,14:26:21,9.02,0.02,1020,920040,买盘
369,14:26:06,9.0,--,33,29700,买盘
370,14:26:02,9.0,0.01,418,376200,买盘
371,14:25:51,8.99,-0.01,75,67425,卖盘
372,14:25:45,9.0,--,147,132300,卖盘
373,14:25:42,9.0,0.01,154,138600,买盘
374,14:25:36,8.99,-0.01,131,117769,卖盘
375,14:25:30,9.0,--,46,41400,买盘
376,14:25:27,9.0,--,2,1800,买盘
377,14:25:21,9.0,--,3,2700,买盘
378,14:25:15,9.0,--,52,46800,买盘
379,14:25:12,9.0,--,3,2700,买盘
380,14:25:06,9.0,-0.03,785,706500,卖盘
381,14:25:00,9.03,-0.01,106,95718,卖盘
382,14:24:57,9.04,-0.01,17,15367,卖盘
383,14:24:51,9.05,--,97,87785,买盘
384,14:24:45,9.05,--,3,2715,买盘
385,14:24:36,9.05,--,136,123080,买盘
386,14:24:30,9.05,-0.01,6,5430,卖盘
387,14:24:21,9.06,-0.01,113,102378,卖盘
388,14:24:15,9.07,--,10,9070,卖盘
389,14:24:12,9.07,--,27,24489,卖盘
390,14:24:06,9.07,--,129,117003,买盘
391,14:24:00,9.07,--,5,4535,买盘
392,14:23:57,9.07,--,4,3628,买盘
393,14:23:51,9.07,0.04,1,907,买盘
394,14:23:45,9.03,-0.03,65,58694,卖盘
395,14:23:42,9.06,0.02,4,3624,卖盘
396,14:23:36,9.04,-0.04,78,70512,卖盘
397,14:23:30,9.08,0.01,507,460356,买盘
398,14:23:27,9.07,--,4,3628,卖盘
399,14:23:21,9.07,--,173,156911,卖盘
400,14:23:06,9.07,-0.01,4,3628,卖盘
401,14:23:00,9.08,--,34,30872,买盘
402,14:22:45,9.08,--,5,4540,买盘
403,14:22:41,9.08,--,94,85352,买盘
404,14:22:36,9.08,0.01,93,84444,买盘
405,14:22:30,9.07,-0.01,34,30838,卖盘
406,14:22:26,9.08,--,10,9080,买盘
407,14:22:21,9.08,--,24,21792,买盘
408,14:22:15,9.08,--,14,12712,买盘
409,14:22:11,9.08,--,5,4540,买盘
410,14:22:06,9.08,--,11,9988,买盘
411,14:22:00,9.08,--,24,21792,买盘
412,14:21:56,9.08,--,9,8172,买盘
413,14:21:51,9.08,--,12,10896,买盘
414,14:21:45,9.08,--,90,81720,买盘
415,14:21:41,9.08,0.01,27,24516,买盘
416,14:21:36,9.07,--,106,96142,卖盘
417,14:21:30,9.07,-0.01,40,36280,卖盘
418,14:21:15,9.08,0.01,70,63560,买盘
419,14:21:06,9.07,--,21,19047,卖盘
420,14:21:00,9.07,--,6,5442,卖盘
421,14:20:56,9.07,0.01,113,102491,买盘
422,14:20:51,9.06,-0.01,10,9060,卖盘
423,14:20:45,9.07,--,15,13605,买盘
424,14:20:41,9.07,0.01,80,72560,中性盘
425,14:20:36,9.06,-0.02,45,40770,卖盘
426,14:20:30,9.08,--,77,69916,买盘
427,14:20:26,9.08,--,62,56296,买盘
428,14:20:21,9.08,--,8,7264,买盘
429,14:20:15,9.08,0.01,106,96248,买盘
430,14:20:11,9.07,-0.01,102,92514,卖盘
431,14:20:00,9.08,0.01,21,19068,买盘
432,14:19:56,9.07,-0.01,10,9070,买盘
433,14:19:51,9.08,--,0,0,买盘
434,14:19:45,9.08,--,61,55388,买盘
435,14:19:36,9.08,--,0,0,买盘
436,14:19:30,9.08,0.04,25,22700,买盘
437,14:19:26,9.04,-0.04,108,97631,卖盘
438,14:19:21,9.08,0.02,5,4540,买盘
439,14:19:15,9.06,-0.01,33,29898,卖盘
440,14:19:11,9.07,-0.01,2,1814,卖盘
441,14:19:06,9.08,--,220,199760,买盘
442,14:19:00,9.08,-0.01,5,4540,买盘
443,14:18:55,9.09,0.01,139,126351,买盘
444,14:18:51,9.08,-0.01,187,169796,卖盘
445,14:18:45,9.09,0.01,253,229977,买盘
446,14:18:41,9.08,-0.01,45,40860,卖盘
447,14:18:30,9.09,--,107,97263,买盘
448,14:18:21,9.09,--,29,26361,买盘
449,14:18:15,9.09,--,40,36360,卖盘
450,14:18:09,9.09,-0.01,103,93627,卖盘
451,14:18:06,9.1,--,60,54600,买盘
452,14:18:00,9.1,0.01,50,45500,中性盘
453,14:17:54,9.09,-0.01,107,97263,卖盘
454,14:17:51,9.1,--,71,64610,卖盘
455,14:17:45,9.1,0.01,63,57330,买盘
456,14:17:39,9.09,--,21,19089,卖盘
457,14:17:36,9.09,-0.01,152,138168,卖盘
458,14:17:30,9.1,--,85,77350,买盘
459,14:17:24,9.1,0.01,54,49140,买盘
460,14:17:21,9.09,-0.01,4,3636,卖盘
461,14:17:15,9.1,--,21,19110,买盘
462,14:17:09,9.1,0.01,74,67340,买盘
463,14:17:06,9.09,-0.01,3,2727,卖盘
464,14:17:00,9.1,--,124,112840,买盘
465,14:16:54,9.1,--,145,131950,买盘
466,14:16:51,9.1,0.01,109,99190,买盘
467,14:16:45,9.09,-0.02,43,39087,卖盘
468,14:16:39,9.11,0.02,140,127539,买盘
469,14:16:36,9.09,--,30,28069,卖盘
470,14:16:30,9.09,-0.01,95,86355,卖盘
471,14:16:24,9.1,0.01,920,837309,买盘
472,14:16:15,9.09,--,67,60903,买盘
473,14:16:09,9.09,-0.01,512,465408,中性盘
474,14:16:06,9.1,--,87,79170,买盘
475,14:16:00,9.1,0.01,52,47320,买盘
476,14:15:54,9.09,--,30,27270,卖盘
477,14:15:50,9.09,-0.01,270,245430,卖盘
478,14:15:45,9.1,--,2,1820,买盘
479,14:15:39,9.1,--,240,218400,买盘
480,14:15:35,9.1,--,5,4550,买盘
481,14:15:30,9.1,0.03,10,9100,买盘
482,14:15:24,9.07,-0.01,436,395452,卖盘
483,14:15:20,9.08,--,0,0,买盘
484,14:15:15,9.08,0.03,78,70824,买盘
485,14:15:09,9.05,--,394,356570,买盘
486,14:15:00,9.05,0.01,353,319465,买盘
487,14:14:54,9.04,--,2005,1812519,买盘
488,14:14:50,9.04,--,37,33448,买盘
489,14:14:45,9.04,--,25,22599,买盘
490,14:14:39,9.04,--,22,19887,买盘
491,14:14:35,9.04,--,68,61471,买盘
492,14:14:20,9.04,0.01,58,52431,买盘
493,14:14:15,9.03,--,7,6321,买盘
494,14:14:09,9.03,--,18,16253,买盘
495,14:14:05,9.03,0.03,10,9030,买盘
496,14:14:00,9.0,--,2,1800,卖盘
497,14:13:54,9.0,--,112,100800,买盘
498,14:13:50,9.0,--,272,244800,买盘
499,14:13:45,9.0,--,15,13500,买盘
500,14:13:39,9.0,--,345,310500,买盘
501,14:13:35,9.0,--,84,75600,买盘
502,14:13:30,9.0,--,15,13500,买盘
503,14:13:24,9.0,0.01,1011,909900,买盘
504,14:13:20,8.99,-0.01,132,118668,卖盘
505,14:13:09,9.0,--,5,4500,买盘
506,14:13:05,9.0,0.01,9,8100,买盘
507,14:13:00,8.99,0.03,111,99789,买盘
508,14:12:54,8.96,-0.03,104,93184,卖盘
509,14:12:50,8.99,0.03,63,56637,买盘
510,14:12:45,8.96,--,338,303197,买盘
511,14:12:39,8.96,--,10,8960,买盘
512,14:12:35,8.96,--,4,3584,买盘
513,14:12:30,8.96,--,2,1792,买盘
514,14:12:24,8.96,--,105,94080,买盘
515,14:12:20,8.96,0.03,25,22400,买盘
516,14:12:15,8.93,-0.03,1850,1652050,卖盘
517,14:12:09,8.96,--,15,13440,买盘
518,14:12:05,8.96,--,68,60928,买盘
519,14:11:54,8.96,--,22,19712,买盘
520,14:11:50,8.96,--,74,66304,买盘
521,14:11:45,8.96,-0.04,3019,2705570,卖盘
522,14:11:39,9.0,--,63,56700,卖盘
523,14:11:35,9.0,0.01,1010,909000,买盘
524,14:11:30,8.99,-0.01,23,20677,卖盘
525,14:11:24,9.0,--,4,3600,买盘
526,14:11:18,9.0,--,87,78300,买盘
527,14:11:09,9.0,--,42,37800,买盘
528,14:11:03,9.0,--,301,270900,卖盘
529,14:11:00,9.0,-0.04,1608,1447200,卖盘
530,14:10:48,9.04,--,5,4520,买盘
531,14:10:39,9.04,--,1,903,买盘
532,14:10:33,9.04,0.03,37,33448,买盘
533,14:10:30,9.01,-0.03,307,276607,卖盘
534,14:10:24,9.04,0.03,58,52431,买盘
535,14:10:18,9.01,-0.03,48,43248,卖盘
536,14:10:15,9.04,--,28,25311,买盘
537,14:10:09,9.04,--,4,3615,买盘
538,14:10:03,9.04,--,1,903,买盘
539,14:09:54,9.04,0.03,19,17176,买盘
540,14:09:45,9.01,-0.03,3,2703,卖盘
541,14:09:39,9.04,0.03,35,31639,买盘
542,14:09:30,9.01,--,5,4505,卖盘
543,14:09:24,9.01,-0.01,145,130645,卖盘
544,14:09:18,9.02,--,10,9020,卖盘
545,14:09:03,9.02,--,14,12628,买盘
546,14:08:59,9.02,-0.02,3,2706,买盘
547,14:08:54,9.04,--,0,0,买盘
548,14:08:48,9.04,--,3,2711,买盘
549,14:08:44,9.04,--,5,4520,买盘
550,14:08:39,9.04,--,8,7231,买盘
551,14:08:33,9.04,--,16,14463,买盘
552,14:08:29,9.04,0.04,15,13559,买盘
553,14:08:24,9.0,-0.04,158,142200,卖盘
554,14:08:18,9.04,--,43,38871,买盘
555,14:08:14,9.04,--,8,7231,买盘
556,14:08:09,9.04,0.01,5,4520,买盘
557,14:08:03,9.03,-0.01,21,18963,卖盘
558,14:07:59,9.04,--,6,5423,买盘
559,14:07:54,9.04,--,6,5423,买盘
560,14:07:48,9.04,--,55,49719,买盘
561,14:07:44,9.04,--,85,76840,买盘
562,14:07:33,9.04,--,5,4520,买盘
563,14:07:29,9.04,0.04,200,180799,买盘
564,14:07:24,9.0,-0.04,107,96300,卖盘
565,14:07:18,9.04,0.01,44,39775,买盘
566,14:07:14,9.03,0.03,7,6321,中性盘
567,14:07:09,9.0,-0.04,20,18000,卖盘
568,14:07:03,9.04,0.04,29,26215,买盘
569,14:06:59,9.0,--,7,6300,买盘
570,14:06:48,9.0,-0.04,17,15300,卖盘
571,14:06:39,9.04,0.06,2,1807,买盘
572,14:06:24,8.98,-0.01,209,187682,卖盘
573,14:06:18,8.99,-0.05,37,33263,卖盘
574,14:06:14,9.04,0.04,11,9943,中性盘
575,14:06:09,9.0,-0.05,3,2700,卖盘
576,14:06:03,9.05,--,6,5430,买盘
577,14:05:59,9.05,0.06,1000,905000,买盘
578,14:05:54,8.99,--,25,22475,卖盘
579,14:05:44,8.99,0.01,19,17962,买盘
580,14:05:29,8.98,--,5,4490,卖盘
581,14:05:24,8.98,--,111,99678,卖盘
582,14:05:18,8.98,-0.01,34,30532,卖盘
583,14:05:14,8.99,--,112,100688,买盘
584,14:05:03,8.99,--,399,358718,卖盘
585,14:04:59,8.99,--,30,26970,卖盘
586,14:04:48,8.99,-0.01,49,44051,卖盘
587,14:04:43,9.0,0.01,2,1800,买盘
588,14:04:39,8.99,--,14,12586,卖盘
589,14:04:33,8.99,--,4,3596,卖盘
590,14:04:29,8.99,--,147,132153,卖盘
591,14:04:24,8.99,--,10,8990,卖盘
592,14:04:18,8.99,--,32,28768,卖盘
593,14:04:03,8.99,0.01,91,82690,买盘
594,14:03:57,8.98,-0.01,45,40410,卖盘
595,14:03:53,8.99,0.01,59,53041,买盘
596,14:03:48,8.98,--,106,95188,卖盘
597,14:03:42,8.98,-0.01,80,71840,卖盘
598,14:03:39,8.99,0.01,2,1798,买盘
599,14:03:33,8.98,--,148,132904,卖盘
600,14:03:27,8.98,-0.01,95,85310,卖盘
601,14:03:23,8.99,--,1,899,买盘
602,14:03:18,8.99,--,3,2697,买盘
603,14:03:12,8.99,--,6,5394,买盘
604,14:03:09,8.99,--,75,67442,卖盘
605,14:03:03,8.99,--,102,91698,卖盘
606,14:02:57,8.99,--,20,17980,卖盘
607,14:02:53,8.99,--,4,3596,卖盘
608,14:02:48,8.99,-0.01,22,19778,卖盘
609,14:02:42,9.0,--,226,203400,买盘
610,14:02:33,9.0,0.01,50,45000,买盘
611,14:02:27,8.99,-0.01,86,78195,卖盘
612,14:02:23,9.0,--,6,5400,买盘
613,14:02:18,9.0,0.01,17,15300,买盘
614,14:02:12,8.99,--,57,51243,卖盘
615,14:02:08,8.99,-0.01,10,8990,卖盘
616,14:02:03,9.0,0.01,120,108000,买盘
617,14:01:57,8.99,-0.01,163,146537,卖盘
618,14:01:48,9.0,--,27,24300,买盘
619,14:01:42,9.0,--,591,532350,卖盘
620,14:01:38,9.0,-0.01,61,54900,卖盘
621,14:01:33,9.01,--,20,18020,买盘
622,14:01:27,9.01,0.01,182,163982,买盘
623,14:01:23,9.0,-0.01,45,40500,卖盘
624,14:01:18,9.01,0.01,61,54961,买盘
625,14:01:12,9.0,-0.01,455,409500,卖盘
626,14:01:08,9.01,0.01,16,14416,买盘
627,14:01:03,9.0,--,20,18000,卖盘
628,14:00:57,9.0,-0.01,643,578700,卖盘
629,14:00:53,9.01,--,25,22525,卖盘
630,14:00:48,9.01,0.01,58,52708,买盘
631,14:00:42,9.0,-0.01,26,23400,卖盘
632,14:00:38,9.01,--,167,150467,买盘
633,14:00:12,9.01,--,7,6757,卖盘
634,14:00:08,9.01,-0.01,186,167586,卖盘
635,14:00:03,9.02,--,4,3608,买盘
636,13:59:57,9.02,0.01,1,902,买盘
637,13:59:53,9.01,--,105,94605,卖盘
638,13:59:48,9.01,--,1,901,卖盘
639,13:59:38,9.01,-0.01,287,258587,卖盘
640,13:59:33,9.02,--,17,15334,买盘
641,13:59:27,9.02,0.01,67,60434,买盘
642,13:59:23,9.01,-0.01,174,156774,卖盘
643,13:59:08,9.02,--,17,15334,买盘
644,13:59:03,9.02,--,10,9020,买盘
645,13:58:57,9.02,0.01,5,4510,买盘
646,13:58:53,9.01,-0.01,16,14416,卖盘
647,13:58:42,9.02,0.01,30,27060,卖盘
648,13:58:38,9.01,-0.01,138,124338,卖盘
649,13:58:33,9.02,--,24,21648,买盘
650,13:58:23,9.02,--,42,37884,卖盘
651,13:58:12,9.02,--,15,13530,买盘
652,13:57:57,9.02,0.01,33,29766,买盘
653,13:57:53,9.01,--,150,135150,卖盘
654,13:57:48,9.01,-0.01,40,36040,卖盘
655,13:57:38,9.02,0.01,1,902,买盘
656,13:57:27,9.01,--,20,18020,卖盘
657,13:57:22,9.01,--,0,0,卖盘
658,13:57:12,9.01,--,157,141457,卖盘
659,13:57:08,9.01,-0.01,5,4505,卖盘
660,13:56:47,9.02,-0.02,39,35178,卖盘
661,13:56:42,9.04,0.03,19,17176,买盘
662,13:56:36,9.01,--,6,5406,卖盘
663,13:56:21,9.01,--,157,141457,卖盘
664,13:56:17,9.01,-0.03,10,9010,卖盘
665,13:56:12,9.04,0.03,190,171759,买盘
666,13:56:02,9.01,--,100,90100,卖盘
667,13:55:57,9.01,-0.03,3,3153,卖盘
668,13:55:51,9.04,--,59,53335,买盘
669,13:55:47,9.04,0.02,10,9040,买盘
670,13:55:42,9.02,0.02,91,82082,买盘
671,13:55:36,9.0,-0.01,157,141300,卖盘
672,13:55:32,9.01,--,35,31535,卖盘
673,13:55:12,9.01,0.01,5,4505,卖盘
674,13:55:06,9.0,--,0,0,卖盘
675,13:55:02,9.0,-0.03,30,27000,卖盘
676,13:54:51,9.03,0.03,4,3611,买盘
677,13:54:36,9.0,-0.01,10,9000,卖盘
678,13:54:32,9.01,-0.02,63,56763,卖盘
679,13:54:27,9.03,-0.01,103,93009,卖盘
680,13:54:21,9.04,--,17,15367,买盘
681,13:54:16,9.04,0.01,8,7231,买盘
682,13:54:06,9.03,-0.02,10,9030,卖盘
683,13:53:57,9.05,0.01,21,19005,买盘
684,13:53:51,9.04,--,18,16271,卖盘
685,13:53:42,9.04,--,10,9040,卖盘
686,13:53:36,9.04,--,34,30735,卖盘
687,13:53:32,9.04,-0.01,162,146448,卖盘
688,13:53:27,9.05,0.01,36,32580,买盘
689,13:53:17,9.04,--,91,82263,卖盘
690,13:53:12,9.04,--,22,19887,卖盘
691,13:53:01,9.04,--,170,153680,卖盘
692,13:52:51,9.04,-0.01,130,117519,卖盘
693,13:52:47,9.05,0.01,153,138465,买盘
694,13:52:36,9.04,--,248,224191,卖盘
695,13:52:31,9.04,0.03,275,248599,买盘
696,13:52:27,9.01,0.01,24,21624,卖盘
697,13:52:06,9.0,-0.04,3,2700,卖盘
698,13:51:51,9.04,0.04,9,8135,买盘
699,13:51:42,9.0,--,62,55800,卖盘
700,13:51:36,9.0,-0.01,30,27000,卖盘
701,13:51:32,9.01,--,37,33337,卖盘
702,13:51:27,9.01,-0.03,79,71179,卖盘
703,13:51:21,9.04,--,55,49719,买盘
704,13:51:17,9.04,0.01,26,23503,买盘
705,13:51:06,9.03,--,0,0,买盘
706,13:51:01,9.03,-0.01,1,902,买盘
707,13:50:57,9.04,--,0,0,买盘
708,13:50:51,9.04,0.03,8,7231,卖盘
709,13:50:46,9.01,-0.03,65,58565,卖盘
710,13:50:36,9.04,0.01,23,20791,买盘
711,13:50:32,9.03,-0.01,104,93912,卖盘
712,13:50:27,9.04,--,23,20791,买盘
713,13:50:11,9.04,--,0,0,买盘
714,13:50:06,9.04,--,12,10847,买盘
715,13:50:01,9.04,0.01,36,32543,买盘
716,13:49:56,9.03,-0.01,2,1805,买盘
717,13:49:51,9.04,-0.01,77,69608,中性盘
718,13:49:46,9.05,0.01,836,756580,买盘
719,13:49:36,9.04,--,40,36160,买盘
720,13:49:31,9.04,0.04,3,2711,买盘
721,13:49:26,9.0,-0.04,107,96300,卖盘
722,13:49:21,9.04,--,37,33448,买盘
723,13:49:11,9.04,-0.01,123,111191,卖盘
724,13:49:06,9.05,0.01,131,118555,买盘
725,13:49:00,9.04,--,26,23503,卖盘
726,13:48:56,9.04,-0.01,1,903,中性盘
727,13:48:51,9.05,0.01,327,295935,买盘
728,13:48:45,9.04,--,93,84071,买盘
729,13:48:41,9.04,-0.01,10,9040,买盘
730,13:48:36,9.05,--,5,4525,买盘
731,13:48:30,9.05,--,43,38915,买盘
732,13:48:26,9.05,--,9,8145,买盘
733,13:48:21,9.05,0.02,2,1810,买盘
734,13:48:15,9.03,-0.02,86,77658,卖盘
735,13:48:11,9.05,0.01,9,8145,买盘
736,13:48:06,9.04,-0.01,18,16271,卖盘
737,13:48:00,9.05,0.02,179,161995,买盘
738,13:47:56,9.03,--,0,0,卖盘
739,13:47:51,9.03,-0.01,30,27089,卖盘
740,13:47:45,9.04,--,44,40164,买盘
741,13:47:41,9.04,--,66,59663,买盘
742,13:47:36,9.04,--,74,66896,买盘
743,13:47:30,9.04,--,22,19887,买盘
744,13:47:26,9.04,--,86,77743,买盘
745,13:47:21,9.04,--,5,4520,买盘
746,13:47:15,9.04,--,97,87687,买盘
747,13:47:11,9.04,0.01,25,22599,买盘
748,13:46:56,9.03,0.03,141,127530,买盘
749,13:46:45,9.0,--,18,16200,买盘
750,13:46:41,9.0,0.01,1,900,买盘
751,13:46:36,8.99,--,72,64728,卖盘
752,13:46:30,8.99,--,1,899,卖盘
753,13:46:25,8.99,--,65,58435,买盘
754,13:46:21,8.99,--,4,3596,买盘
755,13:46:15,8.99,--,19,17081,买盘
756,13:46:10,8.99,--,148,133052,买盘
757,13:46:06,8.99,--,50,44950,买盘
758,13:46:00,8.99,--,10,8990,买盘
759,13:45:55,8.99,--,11,9889,买盘
760,13:45:45,8.99,0.01,214,192386,买盘
761,13:45:40,8.98,--,32,28736,卖盘
762,13:45:30,8.98,0.01,20,17960,中性盘
763,13:45:25,8.97,-0.01,194,174762,卖盘
764,13:45:21,8.98,--,12,10776,买盘
765,13:45:15,8.98,--,11,9878,买盘
766,13:45:10,8.98,--,283,254134,买盘
767,13:45:06,8.98,--,856,768688,买盘
768,13:45:00,8.98,--,661,593578,卖盘
769,13:44:55,8.98,--,86,77228,买盘
770,13:44:45,8.98,--,75,67350,买盘
771,13:44:40,8.98,-0.01,624,560693,卖盘
772,13:44:36,8.99,--,17,15283,买盘
773,13:44:10,8.99,0.01,4,3596,买盘
774,13:44:06,8.98,0.01,401,360627,买盘
775,13:44:00,8.97,--,79,71383,卖盘
776,13:43:55,8.97,-0.01,946,848562,卖盘
777,13:43:45,8.98,--,297,266706,买盘
778,13:43:40,8.98,--,5,4490,买盘
779,13:43:35,8.98,--,15,13470,买盘
780,13:43:30,8.98,--,93,83514,买盘
781,13:43:25,8.98,-0.01,114,103099,卖盘
782,13:43:20,8.99,--,9,8091,买盘
783,13:43:15,8.99,0.01,37,33263,买盘
784,13:43:10,8.98,-0.01,71,63758,卖盘
785,13:43:05,8.99,--,30,26970,买盘
786,13:43:00,8.99,--,1,899,买盘
787,13:42:55,8.99,0.01,2,1798,买盘
788,13:42:50,8.98,-0.02,46,41308,卖盘
789,13:42:45,9.0,--,0,0,买盘
790,13:42:40,9.0,0.01,172,154800,买盘
791,13:42:25,8.99,0.01,1,899,卖盘
792,13:42:15,8.98,--,199,178872,买盘
793,13:42:10,8.98,-0.01,262,235276,卖盘
794,13:42:00,8.99,0.01,132,118668,买盘
795,13:41:55,8.98,-0.01,8,7184,卖盘
796,13:41:50,8.99,--,15,13485,买盘
797,13:41:45,8.99,0.01,15,13485,买盘
798,13:41:40,8.98,-0.01,70,62860,卖盘
799,13:41:35,8.99,-0.01,1,899,买盘
800,13:41:30,9.0,0.01,45,40500,买盘
801,13:41:24,8.99,--,25,22475,卖盘
802,13:41:09,8.99,--,10,8990,买盘
803,13:41:05,8.99,0.01,9,8091,买盘
804,13:41:00,8.98,0.01,25,22450,卖盘
805,13:40:54,8.97,-0.01,458,411283,卖盘
806,13:40:50,8.98,--,847,760606,买盘
807,13:40:39,8.98,0.01,11,9878,买盘
808,13:40:35,8.97,-0.01,61,54717,卖盘
809,13:40:30,8.98,0.01,60,53880,买盘
810,13:40:24,8.97,--,110,98670,卖盘
811,13:40:20,8.97,--,40,36660,卖盘
812,13:40:15,8.97,--,452,405596,卖盘
813,13:40:05,8.97,--,197,177516,买盘
814,13:40:00,8.97,--,7,6279,买盘
815,13:39:54,8.97,0.01,167,149799,买盘
816,13:39:49,8.96,-0.01,47,42112,卖盘
817,13:39:45,8.97,--,10,8970,买盘
818,13:39:39,8.97,--,149,133653,买盘
819,13:39:34,8.97,--,56,50232,买盘
820,13:39:30,8.97,--,6,5382,买盘
821,13:39:24,8.97,--,890,798742,卖盘
822,13:39:20,8.97,--,32,28704,卖盘
823,13:39:15,8.97,--,70,62790,卖盘
824,13:39:09,8.97,--,0,0,卖盘
825,13:39:04,8.97,--,34,30498,卖盘
826,13:39:00,8.97,--,459,411938,卖盘
827,13:38:49,8.97,--,83,74720,买盘
828,13:38:45,8.97,0.01,2,1794,买盘
829,13:38:39,8.96,-0.01,55,49647,卖盘
830,13:38:34,8.97,--,6,5382,买盘
831,13:38:30,8.97,--,10,8970,买盘
832,13:38:24,8.97,--,9,8073,买盘
833,13:38:19,8.97,-0.01,404,363258,卖盘
834,13:38:15,8.98,-0.01,20,17960,卖盘
835,13:38:09,8.99,0.01,95,85431,买盘
836,13:38:04,8.98,0.01,110,98780,买盘
837,13:37:59,8.97,-0.01,274,245778,卖盘
838,13:37:54,8.98,--,10,8980,买盘
839,13:37:44,8.98,--,103,92494,买盘
840,13:37:39,8.98,-0.01,299,268502,卖盘
841,13:37:34,8.99,0.01,120,107880,买盘
842,13:37:24,8.98,-0.01,104,93392,卖盘
843,13:37:19,8.99,--,110,98890,买盘
844,13:37:14,8.99,--,9,8091,买盘
845,13:37:09,8.99,--,9,8091,买盘
846,13:37:04,8.99,--,76,68324,卖盘
847,13:36:54,8.99,--,77,69223,卖盘
848,13:36:49,8.99,--,0,0,卖盘
849,13:36:45,8.99,-0.01,30,26970,卖盘
850,13:36:39,9.0,0.01,7,6300,买盘
851,13:36:34,8.99,-0.01,49,44051,卖盘
852,13:36:29,9.0,--,4,3600,买盘
853,13:36:24,9.0,--,84,75600,卖盘
854,13:36:19,9.0,-0.01,49,44100,卖盘
855,13:36:14,9.01,--,4,3604,买盘
856,13:36:04,9.01,-0.01,50,45050,卖盘
857,13:35:59,9.02,--,1,902,买盘
858,13:35:49,9.02,-0.01,107,96514,卖盘
859,13:35:39,9.03,--,1,902,买盘
860,13:35:34,9.03,--,77,69531,买盘
861,13:35:29,9.03,-0.01,4,3611,卖盘
862,13:35:24,9.04,--,0,0,买盘
863,13:35:19,9.04,0.02,23,20791,买盘
864,13:35:14,9.02,--,0,0,卖盘
865,13:35:09,9.02,--,123,110946,卖盘
866,13:35:04,9.02,--,24,21648,卖盘
867,13:34:59,9.02,--,0,0,卖盘
868,13:34:54,9.02,-0.03,4044,3647688,卖盘
869,13:34:49,9.05,0.02,2059,1863395,买盘
870,13:34:44,9.03,--,20,18060,买盘
871,13:34:39,9.03,-0.02,89,80367,卖盘
872,13:34:34,9.05,--,25,22625,买盘
873,13:34:29,9.05,--,405,366760,卖盘
874,13:34:19,9.05,-0.02,3,2715,卖盘
875,13:34:14,9.07,0.01,18,16326,买盘
876,13:34:09,9.06,0.01,94,85164,买盘
877,13:34:04,9.05,-0.01,78,70590,卖盘
878,13:33:59,9.06,0.01,100,90600,买盘
879,13:33:54,9.05,-0.01,503,455884,卖盘
880,13:33:48,9.06,--,106,96036,买盘
881,13:33:44,9.06,0.01,318,288108,买盘
882,13:33:39,9.05,--,33,29865,卖盘
883,13:33:33,9.05,--,406,367430,卖盘
884,13:33:29,9.05,--,157,142085,卖盘
885,13:33:24,9.05,--,8,7240,卖盘
886,13:33:18,9.05,--,13,11765,卖盘
887,13:33:14,9.05,0.03,968,876465,买盘
888,13:33:09,9.02,-0.03,2,1804,卖盘
889,13:33:03,9.05,--,115,104075,买盘
890,13:32:59,9.05,--,15,13575,买盘
891,13:32:54,9.05,0.05,234,211770,买盘
892,13:32:48,9.0,-0.02,777,699759,卖盘
893,13:32:44,9.02,-0.03,300,270600,卖盘
894,13:32:39,9.05,0.03,19,17195,买盘
895,13:32:33,9.02,-0.03,512,462265,卖盘
896,13:32:29,9.05,--,73,66065,卖盘
897,13:32:24,9.05,0.03,180,162900,买盘
898,13:32:18,9.02,0.01,74,66748,卖盘
899,13:32:13,9.01,-0.05,105,94605,卖盘
900,13:32:03,9.06,0.03,372,337032,买盘
901,13:31:58,9.03,-0.03,508,458723,卖盘
902,13:31:54,9.06,0.01,10,9060,买盘
903,13:31:48,9.05,0.01,98,88690,中性盘
904,13:31:44,9.04,-0.02,30,27119,卖盘
905,13:31:33,9.06,--,70,63420,买盘
906,13:31:28,9.06,--,103,93318,买盘
907,13:31:24,9.06,--,7,6342,买盘
908,13:31:18,9.06,--,107,96942,买盘
909,13:31:13,9.06,-0.01,212,192072,卖盘
910,13:31:09,9.07,--,53,48071,买盘
911,13:31:03,9.07,--,339,307473,买盘
912,13:30:58,9.07,--,75,68025,卖盘
913,13:30:53,9.07,--,5,4535,卖盘
914,13:30:48,9.07,--,318,288426,买盘
915,13:30:43,9.07,0.06,519,471277,买盘
916,13:30:33,9.01,-0.04,200,180200,卖盘
917,13:30:28,9.05,0.04,1049,949580,买盘
918,13:30:18,9.01,--,220,198220,卖盘
919,13:30:13,9.01,0.01,4,3604,买盘
920,13:30:03,9.0,0.01,576,518949,买盘
921,13:29:58,8.99,--,32,28768,买盘
922,13:29:53,8.99,--,22,19778,买盘
923,13:29:48,8.99,0.01,310,278707,买盘
924,13:29:43,8.98,--,444,399601,卖盘
925,13:29:38,8.98,-0.01,30,26940,卖盘
926,13:29:33,8.99,0.01,1,899,买盘
927,13:29:28,8.98,--,50,44900,卖盘
928,13:29:23,8.98,--,53,47602,买盘
929,13:29:18,8.98,--,397,356506,买盘
930,13:29:13,8.98,--,16,14368,买盘
931,13:29:08,8.98,-0.01,67,60166,买盘
932,13:29:03,8.99,0.01,398,357802,买盘
933,13:28:58,8.98,0.02,16,14368,买盘
934,13:28:53,8.96,-0.02,113,101248,卖盘
935,13:28:48,8.98,--,32,28736,买盘
936,13:28:43,8.98,0.02,31,27838,买盘
937,13:28:38,8.96,-0.02,43,38528,卖盘
938,13:28:33,8.98,--,158,141884,买盘
939,13:28:28,8.98,0.01,96,86208,买盘
940,13:28:23,8.97,--,10,8970,卖盘
941,13:28:18,8.97,-0.01,326,292422,卖盘
942,13:28:13,8.98,--,259,232582,买盘
943,13:28:08,8.98,--,315,282870,买盘
944,13:28:03,8.98,--,74,66452,买盘
945,13:27:58,8.98,--,60,53880,买盘
946,13:27:53,8.98,--,224,201152,买盘
947,13:27:48,8.98,--,84,75432,买盘
948,13:27:43,8.98,--,179,160742,买盘
949,13:27:38,8.98,--,170,152660,卖盘
950,13:27:33,8.98,--,6,5388,卖盘
951,13:27:28,8.98,--,57,51186,买盘
952,13:27:23,8.98,--,68,61064,买盘
953,13:27:08,8.98,0.02,315,282870,买盘
954,13:27:03,8.96,--,78,69888,买盘
955,13:26:58,8.96,--,18,16128,买盘
956,13:26:53,8.96,--,5,4480,买盘
957,13:26:48,8.96,0.01,61,54656,买盘
958,13:26:38,8.95,--,66,59087,买盘
959,13:26:33,8.95,--,119,106504,买盘
960,13:26:28,8.95,--,63,56384,买盘
961,13:26:23,8.95,--,93,83235,买盘
962,13:26:18,8.95,--,65,58174,买盘
963,13:26:12,8.95,--,139,124404,买盘
964,13:26:08,8.95,--,83,74285,买盘
965,13:26:03,8.95,--,58,51909,买盘
966,13:25:53,8.95,0.01,25,22375,买盘
967,13:25:42,8.94,--,20,17880,卖盘
968,13:25:38,8.94,--,7,6266,买盘
969,13:25:33,8.94,0.01,53,47382,买盘
970,13:25:27,8.93,-0.01,32,28576,卖盘
971,13:25:23,8.94,0.01,58,51852,买盘
972,13:25:18,8.93,-0.01,6,5358,卖盘
973,13:25:12,8.94,--,575,514050,买盘
974,13:25:08,8.94,0.01,2,1788,买盘
975,13:25:03,8.93,-0.01,44,39292,卖盘
976,13:24:57,8.94,--,51,45594,买盘
977,13:24:53,8.94,--,426,380844,买盘
978,13:24:48,8.94,--,32,28608,买盘
979,13:24:42,8.94,--,76,67944,买盘
980,13:24:38,8.94,0.01,49,43806,买盘
981,13:24:33,8.93,-0.01,10,9519,卖盘
982,13:24:27,8.94,--,20,17880,买盘
983,13:24:22,8.94,--,61,54534,买盘
984,13:24:12,8.94,--,105,93870,买盘
985,13:24:07,8.94,0.01,90,80460,买盘
986,13:24:02,8.93,-0.01,39,34827,卖盘
987,13:23:57,8.94,--,131,117114,买盘
988,13:23:52,8.94,--,59,52746,买盘
989,13:23:47,8.94,0.01,514,459516,买盘
990,13:23:42,8.93,-0.01,1055,942115,卖盘
991,13:23:37,8.94,--,71,63474,买盘
992,13:23:32,8.94,--,9,8046,买盘
993,13:23:27,8.94,--,15,13410,买盘
994,13:23:22,8.94,--,42,37548,买盘
995,13:23:17,8.94,--,4,3576,买盘
996,13:23:12,8.94,--,24,21456,买盘
997,13:23:07,8.94,--,48,42912,买盘
998,13:23:02,8.94,--,134,119796,买盘
999,13:22:57,8.94,--,91,81354,买盘
1000,13:22:52,8.94,--,222,198468,买盘
1001,13:22:47,8.94,0.01,61,54534,买盘
1002,13:22:42,8.93,-0.01,14,12502,卖盘
1003,13:22:37,8.94,--,2,1788,买盘
1004,13:22:27,8.94,0.01,56,50064,买盘
1005,13:22:22,8.93,-0.01,116,103588,卖盘
1006,13:22:17,8.94,--,95,84930,买盘
1007,13:22:12,8.94,0.01,13,11622,买盘
1008,13:22:07,8.93,-0.01,30,26790,卖盘
1009,13:21:57,8.94,0.01,119,106386,买盘
1010,13:21:52,8.93,-0.01,208,185744,卖盘
1011,13:21:47,8.94,0.01,25,22350,买盘
1012,13:21:42,8.93,-0.01,174,155382,卖盘
1013,13:21:37,8.94,--,36,32184,买盘
1014,13:21:32,8.94,--,12,10728,买盘
1015,13:21:27,8.94,--,51,45594,买盘
1016,13:21:22,8.94,--,175,156450,买盘
1017,13:21:17,8.94,0.01,63,56322,买盘
1018,13:21:12,8.93,-0.01,42,37506,卖盘
1019,13:21:07,8.94,--,144,128736,买盘
1020,13:21:02,8.94,--,32,28608,买盘
1021,13:20:57,8.94,--,86,76884,买盘
1022,13:20:52,8.94,--,26,23244,买盘
1023,13:20:42,8.94,0.02,2113,1889022,买盘
1024,13:20:37,8.92,-0.01,81,72252,卖盘
1025,13:20:32,8.93,--,60,53580,买盘
1026,13:20:27,8.93,--,65,58045,买盘
1027,13:20:22,8.93,-0.01,426,380418,卖盘
1028,13:20:17,8.94,--,66,59004,买盘
1029,13:20:12,8.94,--,355,317370,买盘
1030,13:20:07,8.94,--,61,54534,买盘
1031,13:20:02,8.94,0.01,5,4470,买盘
1032,13:19:57,8.93,--,19,16967,卖盘
1033,13:19:52,8.93,-0.01,123,109839,卖盘
1034,13:19:47,8.94,--,15,13410,买盘
1035,13:19:42,8.94,--,5,4470,买盘
1036,13:19:37,8.94,0.01,90,80460,买盘
1037,13:19:32,8.93,-0.01,75,66975,卖盘
1038,13:19:27,8.94,--,81,72414,买盘
1039,13:19:22,8.94,--,163,145722,买盘
1040,13:19:17,8.94,0.01,3,2682,买盘
1041,13:19:07,8.93,-0.01,97,86621,卖盘
1042,13:19:02,8.94,0.02,10,8940,买盘
1043,13:18:52,8.92,--,73,65116,卖盘
1044,13:18:47,8.92,-0.01,223,198916,卖盘
1045,13:18:42,8.93,0.01,50,44650,买盘
1046,13:18:36,8.92,-0.01,909,810828,卖盘
1047,13:18:32,8.93,0.01,28,25004,买盘
1048,13:18:27,8.92,-0.02,713,636442,卖盘
1049,13:18:21,8.94,--,45,40230,买盘
1050,13:18:17,8.94,--,79,70626,买盘
1051,13:18:12,8.94,--,230,205620,买盘
1052,13:18:06,8.94,-0.01,439,392466,卖盘
1053,13:18:02,8.95,--,112,100239,买盘
1054,13:17:57,8.95,--,260,232699,买盘
1055,13:17:51,8.95,--,23,20585,买盘
1056,13:17:47,8.95,--,88,78760,买盘
1057,13:17:42,8.95,--,68,60859,买盘
1058,13:17:36,8.95,--,161,144095,买盘
1059,13:17:32,8.95,--,57,51014,买盘
1060,13:17:27,8.95,--,43,38485,买盘
1061,13:17:21,8.95,--,83,74285,买盘
1062,13:17:17,8.95,--,79,70705,买盘
1063,13:17:11,8.95,--,71,63544,买盘
1064,13:17:06,8.95,--,63,56384,买盘
1065,13:17:02,8.95,--,149,133355,买盘
1066,13:16:56,8.95,--,29,25954,买盘
1067,13:16:51,8.95,--,436,390219,买盘
1068,13:16:47,8.95,--,95,85025,买盘
1069,13:16:41,8.95,--,46,41170,买盘
1070,13:16:36,8.95,--,86,76970,买盘
1071,13:16:31,8.95,--,23,20585,买盘
1072,13:16:26,8.95,--,534,477938,买盘
1073,13:16:21,8.95,0.01,189,169486,买盘
1074,13:16:16,8.94,--,30,26820,卖盘
1075,13:16:06,8.94,--,127,114423,买盘
1076,13:16:01,8.94,--,47,42018,买盘
1077,13:15:56,8.94,--,106,94764,买盘
1078,13:15:51,8.94,0.01,116,103704,买盘
1079,13:15:46,8.93,-0.01,70,63036,卖盘
1080,13:15:41,8.94,--,11,9834,买盘
1081,13:15:36,8.94,--,136,121584,买盘
1082,13:15:31,8.94,0.01,51,45594,买盘
1083,13:15:26,8.93,--,30,26790,卖盘
1084,13:15:21,8.93,-0.02,52,46436,卖盘
1085,13:15:16,8.95,0.02,812,726740,买盘
1086,13:15:11,8.93,--,166,148238,卖盘
1087,13:15:06,8.93,-0.02,21,18753,卖盘
1088,13:15:01,8.95,0.02,79,70705,买盘
1089,13:14:56,8.93,0.01,276,246468,买盘
1090,13:14:51,8.92,--,187,166804,买盘
1091,13:14:46,8.92,--,385,343420,卖盘
1092,13:14:41,8.92,--,60,53520,卖盘
1093,13:14:36,8.92,--,868,774256,买盘
1094,13:14:31,8.92,--,408,363936,买盘
1095,13:14:26,8.92,--,106,94552,买盘
1096,13:14:21,8.92,-0.01,940,838480,卖盘
1097,13:14:16,8.93,0.01,75,66975,买盘
1098,13:14:11,8.92,--,192,171264,卖盘
1099,13:14:06,8.92,--,5175,4616100,买盘
1100,13:14:01,8.92,--,229,204268,买盘
1101,13:13:56,8.92,--,57,50844,买盘
1102,13:13:51,8.92,--,70,62440,买盘
1103,13:13:46,8.92,--,73,65116,买盘
1104,13:13:41,8.92,--,37,33004,买盘
1105,13:13:36,8.92,0.01,118,105256,买盘
1106,13:13:31,8.91,--,46,40986,卖盘
1107,13:13:26,8.91,-0.01,903,804573,卖盘
1108,13:13:21,8.92,0.01,9,8028,买盘
1109,13:13:16,8.91,--,210,187110,卖盘
1110,13:13:11,8.91,--,218,194238,卖盘
1111,13:13:06,8.91,--,541,482031,卖盘
1112,13:13:01,8.91,-0.01,668,595188,卖盘
1113,13:12:56,8.92,--,75,66900,买盘
1114,13:12:51,8.92,--,6,5352,买盘
1115,13:12:46,8.92,--,389,346988,买盘
1116,13:12:41,8.92,-0.02,4101,3658092,卖盘
1117,13:12:36,8.94,0.01,63,56322,买盘
1118,13:12:31,8.93,-0.01,287,256621,卖盘
1119,13:12:26,8.94,0.01,77,68838,中性盘
1120,13:12:21,8.93,--,121,108053,卖盘
1121,13:12:16,8.93,-0.01,48,42864,卖盘
1122,13:12:11,8.94,0.01,59,52746,买盘
1123,13:12:06,8.93,--,8,7144,卖盘
1124,13:12:01,8.93,-0.02,51,45543,卖盘
1125,13:11:56,8.95,0.01,367,328465,买盘
1126,13:11:46,8.94,--,193,172542,卖盘
1127,13:11:40,8.94,-0.01,68,60792,卖盘
1128,13:11:36,8.95,--,17,15420,买盘
1129,13:11:31,8.95,0.02,41,36695,买盘
1130,13:11:25,8.93,-0.02,12,10716,卖盘
1131,13:11:21,8.95,0.02,100,89500,买盘
1132,13:11:15,8.93,-0.01,182,162883,卖盘
1133,13:11:10,8.94,--,10,8940,卖盘
1134,13:11:06,8.94,--,115,102810,买盘
1135,13:11:00,8.94,--,191,170754,卖盘
1136,13:10:55,8.94,--,68,60792,卖盘
1137,13:10:51,8.94,--,24,21456,卖盘
1138,13:10:45,8.94,--,88,78672,买盘
1139,13:10:40,8.94,--,102,91188,买盘
1140,13:10:36,8.94,--,77,68838,买盘
1141,13:10:30,8.94,--,102,91188,卖盘
1142,13:10:25,8.94,--,101,90294,买盘
1143,13:10:20,8.94,0.01,7,6258,中性盘
1144,13:10:15,8.93,-0.02,135,120555,卖盘
1145,13:10:10,8.95,0.01,97,86815,买盘
1146,13:10:05,8.94,-0.01,29,25926,卖盘
1147,13:10:00,8.95,--,83,74285,中性盘
1148,13:09:55,8.95,--,71,63544,买盘
1149,13:09:50,8.95,0.01,33,29534,买盘
1150,13:09:45,8.94,0.01,18,16092,卖盘
1151,13:09:40,8.93,-0.02,21,18753,卖盘
1152,13:09:35,8.95,0.02,160,143200,买盘
1153,13:09:30,8.93,-0.01,119,106267,卖盘
1154,13:09:25,8.94,--,53,47382,买盘
1155,13:09:20,8.94,--,145,129630,买盘
1156,13:09:15,8.94,--,12,10728,买盘
1157,13:09:10,8.94,-0.01,73,65262,卖盘
1158,13:09:05,8.95,0.01,304,272080,买盘
1159,13:09:00,8.94,--,140,125160,卖盘
1160,13:08:55,8.94,-0.01,2180,1948920,卖盘
1161,13:08:50,8.95,--,0,0,买盘
1162,13:08:45,8.95,0.02,90,80550,买盘
1163,13:08:40,8.93,-0.02,115,102695,卖盘
1164,13:08:35,8.95,--,65,58174,买盘
1165,13:08:30,8.95,--,148,132460,买盘
1166,13:08:25,8.95,--,11,9845,买盘
1167,13:08:20,8.95,-0.01,26,23959,卖盘
1168,13:08:15,8.96,0.01,57,51278,买盘
1169,13:08:10,8.95,--,268,240504,卖盘
1170,13:08:05,8.95,-0.01,16,14319,卖盘
1171,13:08:00,8.96,0.01,40,35840,买盘
1172,13:07:55,8.95,--,159,142555,买盘
1173,13:07:50,8.95,0.02,39,34905,中性盘
1174,13:07:45,8.93,-0.02,98,87514,卖盘
1175,13:07:40,8.95,--,67,59964,买盘
1176,13:07:35,8.95,--,25,22375,买盘
1177,13:07:30,8.95,--,119,106504,买盘
1178,13:07:25,8.95,0.03,342,306090,买盘
1179,13:07:20,8.92,--,41,36572,卖盘
1180,13:07:15,8.92,--,119,106148,卖盘
1181,13:07:10,8.92,-0.03,405,361260,卖盘
1182,13:07:05,8.95,0.03,220,196899,买盘
1183,13:07:00,8.92,--,455,405860,买盘
1184,13:06:55,8.92,--,3052,2722384,买盘
1185,13:06:50,8.92,--,625,557500,买盘
1186,13:06:45,8.92,--,30,26760,买盘
1187,13:06:40,8.92,--,515,459380,买盘
1188,13:06:35,8.92,--,167,148964,买盘
1189,13:06:30,8.92,0.01,37,33004,买盘
1190,13:06:25,8.91,-0.01,877,781407,卖盘
1191,13:06:20,8.92,-0.03,11525,10280300,卖盘
1192,13:06:10,8.95,-0.01,212,189739,卖盘
1193,13:06:05,8.96,0.01,421,377216,买盘
1194,13:06:00,8.95,--,10,8950,卖盘
1195,13:05:54,8.95,-0.01,38,34010,卖盘
1196,13:05:50,8.96,--,214,191744,买盘
1197,13:05:45,8.96,0.01,150,134400,买盘
1198,13:05:40,8.95,--,48,42960,卖盘
1199,13:05:35,8.95,-0.01,517,462714,卖盘
1200,13:05:29,8.96,--,65,58240,买盘
1201,13:05:25,8.96,--,537,481152,买盘
1202,13:05:20,8.96,--,97,86912,买盘
1203,13:05:15,8.96,--,81,72576,买盘
1204,13:05:10,8.96,-0.01,225,201600,卖盘
1205,13:05:05,8.97,--,1325,1188525,买盘
1206,13:05:00,8.97,--,2,1794,买盘
1207,13:04:55,8.97,--,48,43056,买盘
1208,13:04:49,8.97,--,116,104052,买盘
1209,13:04:45,8.97,0.02,50,44850,买盘
1210,13:04:40,8.95,-0.01,58,51927,卖盘
1211,13:04:34,8.96,--,315,282240,买盘
1212,13:04:29,8.96,-0.01,326,292096,卖盘
1213,13:04:24,8.97,--,129,115713,买盘
1214,13:04:19,8.97,--,458,410826,买盘
1215,13:04:15,8.97,--,20,17940,买盘
1216,13:04:09,8.97,-0.01,174,156078,卖盘
1217,13:04:04,8.98,0.01,136,122128,买盘
1218,13:03:59,8.97,--,93,83421,买盘
1219,13:03:54,8.97,--,190,170430,卖盘
1220,13:03:49,8.97,--,39,34983,买盘
1221,13:03:44,8.97,--,54,48438,买盘
1222,13:03:39,8.97,--,174,156078,买盘
1223,13:03:34,8.97,-0.01,120,107640,卖盘
1224,13:03:29,8.98,--,32,28736,买盘
1225,13:03:24,8.98,--,106,95188,买盘
1226,13:03:19,8.98,--,121,108658,买盘
1227,13:03:14,8.98,--,1184,1063232,买盘
1228,13:03:09,8.98,--,139,124822,买盘
1229,13:03:04,8.98,--,573,515434,买盘
1230,13:02:59,8.98,--,34,30532,买盘
1231,13:02:54,8.98,-0.01,113,101474,卖盘
1232,13:02:49,8.99,0.02,2,1798,买盘
1233,13:02:39,8.97,--,34,30498,卖盘
1234,13:02:34,8.97,--,76,68172,买盘
1235,13:02:24,8.97,0.01,338,303186,买盘
1236,13:02:19,8.96,0.01,85,76160,卖盘
1237,13:02:14,8.95,-0.02,754,674830,卖盘
1238,13:02:09,8.97,0.01,459,411723,买盘
1239,13:02:04,8.96,-0.01,1018,912128,卖盘
1240,13:01:59,8.97,--,765,686205,卖盘
1241,13:01:54,8.97,--,285,255645,买盘
1242,13:01:49,8.97,--,32,28704,买盘
1243,13:01:44,8.97,--,6,5382,买盘
1244,13:01:39,8.97,--,214,191958,买盘
1245,13:01:34,8.97,-0.01,217,194649,卖盘
1246,13:01:24,8.98,--,155,139190,卖盘
1247,13:01:19,8.98,-0.01,25,22450,卖盘
1248,13:01:14,8.99,--,8,7192,买盘
1249,13:01:09,8.99,--,3746,3367654,卖盘
1250,13:01:04,8.99,-0.01,1236,1111164,卖盘
1251,13:00:59,9.0,--,50,45000,买盘
1252,13:00:54,9.0,--,164,147600,买盘
1253,13:00:49,9.0,--,28,25200,买盘
1254,13:00:44,9.0,-0.01,2213,1992150,卖盘
1255,13:00:39,9.01,0.01,38,34238,买盘
1256,13:00:34,9.0,-0.01,696,626400,卖盘
1257,13:00:29,9.01,0.01,59,53159,买盘
1258,13:00:24,9.0,-0.01,53,47700,卖盘
1259,13:00:19,9.01,-0.01,36,32436,买盘
1260,13:00:14,9.02,--,225,202950,买盘
1261,13:00:08,9.02,-0.01,1978,1784291,中性盘
1262,13:00:03,9.03,--,6719,6067573,卖盘
1263,11:30:00,9.03,--,0,0,卖盘
1264,11:29:59,9.03,--,0,0,卖盘
1265,11:29:59,9.03,-0.02,322,290766,卖盘
1266,11:29:54,9.05,0.01,242,219010,买盘
1267,11:29:49,9.04,-0.01,28,25311,买盘
1268,11:29:45,9.05,0.02,400,362000,买盘
1269,11:29:39,9.03,-0.02,974,879521,卖盘
1270,11:29:34,9.05,--,145,131225,买盘
1271,11:29:30,9.05,--,10,9050,买盘
1272,11:29:24,9.05,--,28,25340,买盘
1273,11:29:18,9.05,--,3,2715,买盘
1274,11:29:14,9.05,--,32,28960,买盘
1275,11:29:09,9.05,0.01,21,19005,买盘
1276,11:29:03,9.04,--,90,81359,卖盘
1277,11:29:00,9.04,-0.01,113,102151,卖盘
1278,11:28:54,9.05,--,25,22625,买盘
1279,11:28:48,9.05,--,96,87314,卖盘
1280,11:28:45,9.05,--,145,131225,卖盘
1281,11:28:39,9.05,--,239,216494,卖盘
1282,11:28:33,9.05,-0.01,236,213842,卖盘
1283,11:28:30,9.06,--,13,11778,买盘
1284,11:28:24,9.06,--,227,205662,买盘
1285,11:28:18,9.06,0.01,15,13590,买盘
1286,11:28:15,9.05,-0.01,117,105885,卖盘
1287,11:28:09,9.06,0.01,19,17214,买盘
1288,11:28:03,9.05,-0.01,99,89595,卖盘
1289,11:27:59,9.06,--,27,24915,卖盘
1290,11:27:54,9.06,--,71,64326,卖盘
1291,11:27:48,9.06,--,352,318912,卖盘
1292,11:27:44,9.06,-0.01,21,19026,卖盘
1293,11:27:39,9.07,0.01,118,107026,买盘
1294,11:27:33,9.06,-0.02,78,70668,卖盘
1295,11:27:29,9.08,--,167,151636,买盘
1296,11:27:24,9.08,-0.01,49,44492,卖盘
1297,11:27:18,9.09,0.02,48,43632,中性盘
1298,11:27:14,9.07,-0.01,32,29024,卖盘
1299,11:27:09,9.08,--,290,263320,卖盘
1300,11:27:03,9.08,--,21,19068,卖盘
1301,11:26:59,9.08,-0.01,1224,1111392,卖盘
1302,11:26:54,9.09,--,72,65448,买盘
1303,11:26:48,9.09,0.01,328,298152,买盘
1304,11:26:44,9.08,-0.01,28,25424,卖盘
1305,11:26:39,9.09,--,54,49086,买盘
1306,11:26:33,9.09,0.01,105,95445,买盘
1307,11:26:29,9.08,-0.01,25,22700,卖盘
1308,11:26:24,9.09,--,175,159075,买盘
1309,11:26:18,9.09,0.01,290,264064,买盘
1310,11:26:14,9.08,--,114,103512,卖盘
1311,11:26:09,9.08,--,18,16344,卖盘
1312,11:26:03,9.08,--,1145,1039660,买盘
1313,11:25:59,9.08,0.02,78,70824,买盘
1314,11:25:54,9.06,-0.01,524,474744,卖盘
1315,11:25:48,9.07,-0.01,303,274821,卖盘
1316,11:25:44,9.08,--,76,69008,买盘
1317,11:25:39,9.08,--,25,22700,买盘
1318,11:25:33,9.08,0.01,116,105328,买盘
1319,11:25:29,9.07,--,6,5442,卖盘
1320,11:25:24,9.07,--,169,153283,买盘
1321,11:25:18,9.07,0.02,15,13605,买盘
1322,11:25:14,9.05,--,47,42535,卖盘
1323,11:25:09,9.05,-0.01,38,34399,卖盘
1324,11:25:03,9.06,0.01,656,594336,卖盘
1325,11:24:59,9.05,--,132,119460,买盘
1326,11:24:54,9.05,--,134,121270,卖盘
1327,11:24:48,9.05,-0.01,420,380100,卖盘
1328,11:24:44,9.06,--,8,7248,买盘
1329,11:24:39,9.06,-0.01,732,663192,卖盘
1330,11:24:33,9.07,-0.01,63,57141,卖盘
1331,11:24:29,9.08,0.01,236,214288,买盘
1332,11:24:24,9.07,-0.01,50,45350,卖盘
1333,11:24:18,9.08,--,183,166164,卖盘
1334,11:24:14,9.08,--,10,9080,卖盘
1335,11:24:09,9.08,-0.01,201,182508,卖盘
1336,11:24:03,9.09,--,93,84537,买盘
1337,11:23:59,9.09,-0.01,105,95445,卖盘
1338,11:23:54,9.1,--,35,31850,买盘
1339,11:23:48,9.1,--,81,73710,卖盘
1340,11:23:44,9.1,--,368,334880,卖盘
1341,11:23:39,9.1,-0.01,156,141960,卖盘
1342,11:23:33,9.11,--,140,127539,买盘
1343,11:23:29,9.11,0.01,158,143938,买盘
1344,11:23:24,9.1,-0.01,113,102830,卖盘
1345,11:23:18,9.11,-0.01,223,203153,卖盘
1346,11:23:14,9.12,0.01,40,36480,买盘
1347,11:23:09,9.11,-0.01,20,18220,卖盘
1348,11:23:03,9.12,-0.01,250,228455,卖盘
1349,11:22:59,9.13,0.01,1402,1280026,买盘
1350,11:22:54,9.12,-0.01,591,539448,卖盘
1351,11:22:48,9.13,0.01,137,125081,买盘
1352,11:22:38,9.12,-0.01,63,57455,卖盘
1353,11:22:33,9.13,--,567,517671,卖盘
1354,11:22:28,9.13,-0.02,88,80344,卖盘
1355,11:22:24,9.15,0.01,55,50325,买盘
1356,11:22:18,9.14,--,190,173660,卖盘
1357,11:22:13,9.14,-0.01,110,100540,卖盘
1358,11:22:09,9.15,--,344,315071,卖盘
1359,11:22:03,9.15,-0.03,142,129930,卖盘
1360,11:21:59,9.18,0.02,57,52326,买盘
1361,11:21:53,9.16,0.01,7,6412,买盘
1362,11:21:48,9.15,--,15,13725,卖盘
1363,11:21:42,9.15,--,27,24705,卖盘
1364,11:21:38,9.15,-0.01,545,498675,卖盘
1365,11:21:27,9.16,0.01,22,20152,买盘
1366,11:21:23,9.15,-0.03,39,35685,卖盘
1367,11:21:18,9.18,0.02,204,187272,买盘
1368,11:21:12,9.16,--,177,162132,卖盘
1369,11:21:08,9.16,-0.01,302,276632,卖盘
1370,11:21:03,9.17,-0.01,319,292523,卖盘
1371,11:20:57,9.18,-0.01,358,328644,卖盘
1372,11:20:53,9.19,--,300,275700,买盘
1373,11:20:48,9.19,0.01,151,138769,买盘
1374,11:20:42,9.18,--,205,188190,卖盘
1375,11:20:38,9.18,--,42,38556,卖盘
1376,11:20:33,9.18,-0.01,406,372708,卖盘
1377,11:20:27,9.19,0.01,27,24813,买盘
1378,11:20:23,9.18,--,5,4590,卖盘
1379,11:20:18,9.18,0.01,10,9180,买盘
1380,11:20:12,9.17,-0.01,86,78862,卖盘
1381,11:20:08,9.18,--,2,1836,买盘
1382,11:20:03,9.18,--,15,13770,买盘
1383,11:19:57,9.18,--,143,131274,卖盘
1384,11:19:53,9.18,-0.01,200,183600,卖盘
1385,11:19:48,9.19,--,154,141526,买盘
1386,11:19:42,9.19,--,12,11028,买盘
1387,11:19:38,9.19,--,1,919,买盘
1388,11:19:33,9.19,--,63,57897,买盘
1389,11:19:27,9.19,--,16,14704,买盘
1390,11:19:12,9.19,--,40,36760,买盘
1391,11:19:08,9.19,0.01,11,10109,买盘
1392,11:19:03,9.18,--,16,14688,卖盘
1393,11:18:57,9.18,--,50,45900,卖盘
1394,11:18:53,9.18,--,8,7344,卖盘
1395,11:18:48,9.18,--,98,89964,卖盘
1396,11:18:42,9.18,0.01,15,13770,中性盘
1397,11:18:38,9.17,-0.01,55,50435,卖盘
1398,11:18:33,9.18,--,49,44982,买盘
1399,11:18:27,9.18,--,21,19278,买盘
1400,11:18:23,9.18,--,4,3672,买盘
1401,11:18:18,9.18,--,128,117504,买盘
1402,11:18:12,9.18,--,152,139536,买盘
1403,11:18:08,9.18,--,10,9180,买盘
1404,11:18:03,9.18,--,48,44064,买盘
1405,11:17:57,9.18,--,167,153306,买盘
1406,11:17:53,9.18,--,2,1836,买盘
1407,11:17:48,9.18,--,36,33048,买盘
1408,11:17:42,9.18,--,18,16524,买盘
1409,11:17:38,9.18,--,20,18360,买盘
1410,11:17:33,9.18,--,13,11934,买盘
1411,11:17:27,9.18,0.01,24,22032,卖盘
1412,11:17:23,9.17,--,0,0,卖盘
1413,11:17:18,9.17,-0.01,202,185234,卖盘
1414,11:17:12,9.18,--,222,203796,买盘
1415,11:17:08,9.18,--,12,11016,买盘
1416,11:17:03,9.18,0.02,22,20196,买盘
1417,11:16:57,9.16,--,0,0,卖盘
1418,11:16:53,9.16,-0.02,47,43052,卖盘
1419,11:16:48,9.18,0.01,100,91800,买盘
1420,11:16:41,9.17,0.01,6,5502,中性盘
1421,11:16:38,9.16,--,32,29312,卖盘
1422,11:16:33,9.16,-0.01,141,129156,卖盘
1423,11:16:22,9.17,--,20,18340,卖盘
1424,11:16:18,9.17,0.02,171,156807,买盘
1425,11:16:12,9.15,--,0,0,卖盘
1426,11:16:08,9.15,--,50,45750,卖盘
1427,11:15:57,9.15,-0.01,104,95160,卖盘
1428,11:15:52,9.16,-0.02,32,29312,卖盘
1429,11:15:48,9.18,--,14,12852,买盘
1430,11:15:42,9.18,0.03,71,65783,买盘
1431,11:15:37,9.15,--,8,7320,卖盘
1432,11:15:27,9.15,--,74,67710,卖盘
1433,11:15:23,9.15,-0.04,101,92415,卖盘
1434,11:15:18,9.19,0.04,14,12866,买盘
1435,11:15:12,9.15,--,0,0,卖盘
1436,11:15:08,9.15,-0.03,44,40260,卖盘
1437,11:15:02,9.18,--,2,1836,卖盘
1438,11:14:57,9.18,0.02,8,7344,卖盘
1439,11:14:53,9.16,--,21,19236,买盘
1440,11:14:47,9.16,-0.02,229,209764,卖盘
1441,11:14:42,9.18,--,85,78030,买盘
1442,11:14:37,9.18,0.02,62,56916,买盘
1443,11:14:22,9.16,0.02,16,14656,买盘
1444,11:14:18,9.14,-0.01,306,279684,卖盘
1445,11:14:12,9.15,--,109,99735,卖盘
1446,11:14:08,9.15,--,6,5490,卖盘
1447,11:14:02,9.15,--,10,9150,卖盘
1448,11:13:51,9.15,--,0,0,卖盘
1449,11:13:47,9.15,--,48,43920,卖盘
1450,11:13:41,9.15,-0.04,38,34770,卖盘
1451,11:13:37,9.19,0.04,35,32165,买盘
1452,11:13:32,9.15,-0.03,162,148230,卖盘
1453,11:13:26,9.18,--,6,5508,买盘
1454,11:13:21,9.18,-0.01,35,32130,卖盘
1455,11:13:17,9.19,0.01,201,184719,买盘
1456,11:13:06,9.18,--,36,33048,卖盘
1457,11:12:57,9.18,-0.01,213,195534,卖盘
1458,11:12:51,9.19,0.01,50,45950,中性盘
1459,11:12:41,9.18,-0.01,255,234090,卖盘
1460,11:12:36,9.19,0.01,36,33084,买盘
1461,11:12:32,9.18,--,33,30294,卖盘
1462,11:12:21,9.18,--,114,104652,卖盘
1463,11:12:11,9.18,--,88,80784,卖盘
1464,11:12:06,9.18,--,38,34884,卖盘
1465,11:11:57,9.18,-0.01,205,188190,卖盘
1466,11:11:50,9.19,--,252,231588,卖盘
1467,11:11:47,9.19,-0.01,108,99252,卖盘
1468,11:11:41,9.2,0.01,10,9200,买盘
1469,11:11:32,9.19,--,1,919,买盘
1470,11:11:27,9.19,0.01,19,17461,卖盘
1471,11:11:21,9.18,--,108,99144,卖盘
1472,11:11:12,9.18,-0.01,134,123012,卖盘
1473,11:11:06,9.19,--,60,55140,买盘
1474,11:11:02,9.19,0.01,10,9190,买盘
1475,11:10:57,9.18,--,19,17442,买盘
1476,11:10:51,9.18,0.01,130,119340,买盘
1477,11:10:47,9.17,--,62,56854,买盘
1478,11:10:41,9.17,0.03,90,82530,买盘
1479,11:10:35,9.14,-0.03,371,339094,卖盘
1480,11:10:32,9.17,--,25,22925,卖盘
1481,11:10:26,9.17,0.03,1519,1393133,买盘
1482,11:10:20,9.14,-0.01,271,247694,卖盘
1483,11:10:05,9.15,-0.01,133,121695,卖盘
1484,11:10:02,9.16,0.02,24,21984,买盘
1485,11:09:57,9.14,--,257,234898,卖盘
1486,11:09:50,9.14,--,56,51184,卖盘
1487,11:09:46,9.14,-0.01,84,76776,卖盘
1488,11:09:42,9.15,0.02,43,39345,买盘
1489,11:09:35,9.13,--,89,81257,卖盘
1490,11:09:31,9.13,--,110,100430,卖盘
1491,11:09:27,9.13,-0.01,63,57519,卖盘
1492,11:09:20,9.14,0.01,71,64894,买盘
1493,11:09:16,9.13,--,11,10043,卖盘
1494,11:09:12,9.13,-0.01,193,176209,卖盘
1495,11:09:06,9.14,--,112,102368,卖盘
1496,11:09:01,9.14,--,122,111508,卖盘
1497,11:08:56,9.14,0.02,200,182800,买盘
1498,11:08:51,9.12,-0.01,369,336528,卖盘
1499,11:08:46,9.13,--,10,9130,卖盘
1500,11:08:42,9.13,--,50,45650,卖盘
1501,11:08:35,9.13,-0.01,27,24651,卖盘
1502,11:08:31,9.14,0.01,195,178230,买盘
1503,11:08:26,9.13,-0.01,53,48389,卖盘
1504,11:08:21,9.14,--,64,58496,卖盘
1505,11:08:16,9.14,-0.01,32,29248,卖盘
1506,11:08:11,9.15,0.02,39,35685,卖盘
1507,11:08:06,9.13,-0.04,205,187165,卖盘
1508,11:08:01,9.17,0.01,330,302610,买盘
1509,11:07:56,9.16,--,159,145644,卖盘
1510,11:07:50,9.16,--,431,394796,卖盘
1511,11:07:46,9.16,0.01,41,37556,中性盘
1512,11:07:41,9.15,0.02,57,52155,买盘
1513,11:07:35,9.13,-0.03,253,230989,卖盘
1514,11:07:31,9.16,--,543,497388,买盘
1515,11:07:26,9.16,0.01,439,402124,买盘
1516,11:07:20,9.15,-0.02,128,117120,卖盘
1517,11:07:16,9.17,-0.01,1,917,买盘
1518,11:07:11,9.18,0.01,244,223992,买盘
1519,11:07:05,9.17,--,134,122878,卖盘
1520,11:06:56,9.17,0.03,115,105455,中性盘
1521,11:06:50,9.14,-0.02,535,488990,卖盘
1522,11:06:46,9.16,--,62,56792,卖盘
1523,11:06:41,9.16,0.01,374,342584,中性盘
1524,11:06:35,9.15,-0.02,702,642330,卖盘
1525,11:06:31,9.17,--,0,0,买盘
1526,11:06:26,9.17,--,381,349377,买盘
1527,11:06:20,9.17,0.02,83,76111,卖盘
1528,11:06:16,9.15,-0.02,194,177510,卖盘
1529,11:06:11,9.17,--,3,2751,买盘
1530,11:06:05,9.17,0.02,27,24759,卖盘
1531,11:06:01,9.15,--,97,88755,卖盘
1532,11:05:56,9.15,-0.02,49,44835,卖盘
1533,11:05:50,9.17,--,133,121961,买盘
1534,11:05:46,9.17,0.02,10,9170,买盘
1535,11:05:41,9.15,0.02,2,1830,中性盘
1536,11:05:35,9.13,--,261,238293,卖盘
1537,11:05:30,9.13,--,438,399894,买盘
1538,11:05:26,9.13,--,294,268422,买盘
1539,11:05:20,9.13,--,614,560582,买盘
1540,11:05:14,9.13,-0.03,240,219120,卖盘
1541,11:05:11,9.16,0.03,206,188696,买盘
1542,11:05:05,9.13,-0.02,332,303116,中性盘
1543,11:04:59,9.15,--,236,215940,卖盘
1544,11:04:56,9.15,-0.02,177,161955,卖盘
1545,11:04:50,9.17,--,91,83447,卖盘
1546,11:04:44,9.17,--,10,9170,卖盘
1547,11:04:35,9.17,--,343,314531,卖盘
1548,11:04:29,9.17,-0.03,281,257677,卖盘
1549,11:04:20,9.2,--,571,525320,买盘
1550,11:04:14,9.2,--,1638,1506960,卖盘
1551,11:04:11,9.2,--,105,96599,卖盘
1552,11:04:05,9.2,--,342,314640,卖盘
1553,11:03:59,9.2,-0.01,352,323840,卖盘
1554,11:03:56,9.21,--,25,23025,卖盘
1555,11:03:50,9.21,-0.02,455,419055,卖盘
1556,11:03:44,9.23,0.01,148,136604,买盘
1557,11:03:41,9.22,-0.01,678,625116,卖盘
1558,11:03:35,9.23,--,1816,1676168,卖盘
1559,11:03:29,9.23,-0.01,516,476268,卖盘
1560,11:03:26,9.24,--,1219,1126356,卖盘
1561,11:03:20,9.24,-0.02,854,789096,卖盘
1562,11:03:14,9.26,--,2157,1997382,卖盘
1563,11:03:11,9.26,-0.01,176,162976,卖盘
1564,11:03:05,9.27,--,480,444960,买盘
1565,11:02:59,9.27,0.01,164,152028,买盘
1566,11:02:55,9.26,-0.01,217,200942,卖盘
1567,11:02:50,9.27,--,355,329085,卖盘
1568,11:02:44,9.27,--,52,48204,卖盘
1569,11:02:40,9.27,-0.02,368,341136,卖盘
1570,11:02:29,9.29,0.02,16,14863,中性盘
1571,11:02:25,9.27,--,32,29664,卖盘
1572,11:02:20,9.27,-0.02,198,183546,卖盘
1573,11:02:14,9.29,0.02,292,271268,买盘
1574,11:02:10,9.27,-0.02,10,9270,卖盘
1575,11:02:05,9.29,0.02,33,30656,买盘
1576,11:01:59,9.27,--,0,0,卖盘
1577,11:01:50,9.27,--,8,7416,卖盘
1578,11:01:44,9.27,-0.02,365,338355,卖盘
1579,11:01:40,9.29,--,525,487724,买盘
1580,11:01:35,9.29,-0.01,444,412475,卖盘
1581,11:01:29,9.3,0.01,34,31620,买盘
1582,11:01:25,9.29,--,18,16722,卖盘
1583,11:01:20,9.29,--,37,34373,卖盘
1584,11:01:14,9.29,-0.01,125,116124,中性盘
1585,11:01:10,9.3,--,21,19530,买盘
1586,11:01:05,9.3,0.01,182,169260,买盘
1587,11:00:59,9.29,--,47,43662,卖盘
1588,11:00:44,9.29,--,51,47378,买盘
1589,11:00:40,9.29,--,28,26011,买盘
1590,11:00:35,9.29,--,1,928,买盘
1591,11:00:25,9.29,--,3,2786,买盘
1592,11:00:14,9.29,--,165,153285,卖盘
1593,11:00:10,9.29,--,1,928,卖盘
1594,10:59:59,9.29,--,1,928,买盘
1595,10:59:55,9.29,0.01,4,3715,买盘
1596,10:59:50,9.28,--,29,26911,卖盘
1597,10:59:44,9.28,-0.02,87,80736,卖盘
1598,10:59:35,9.3,--,3,2790,买盘
1599,10:59:29,9.3,--,5,4650,买盘
1600,10:59:25,9.3,0.02,13,12090,买盘
1601,10:59:14,9.28,--,21,19488,卖盘
1602,10:59:10,9.28,-0.02,55,51040,卖盘
1603,10:59:05,9.3,0.03,2,1860,买盘
1604,10:58:55,9.27,--,0,0,卖盘
1605,10:58:50,9.27,--,34,31518,卖盘
1606,10:58:44,9.27,-0.01,531,492237,卖盘
1607,10:58:40,9.28,--,152,141056,卖盘
1608,10:58:35,9.28,--,17,15775,卖盘
1609,10:58:29,9.28,--,10,9280,卖盘
1610,10:58:24,9.28,--,71,65888,卖盘
1611,10:58:20,9.28,--,40,37120,卖盘
1612,10:58:09,9.28,--,305,283040,卖盘
1613,10:57:54,9.28,-0.01,194,180032,卖盘
1614,10:57:50,9.29,-0.01,4,3715,卖盘
1615,10:57:44,9.3,0.01,10,9300,买盘
1616,10:57:38,9.29,-0.01,58,53881,卖盘
1617,10:57:35,9.3,0.01,20,18600,买盘
1618,10:57:29,9.29,-0.01,51,47378,卖盘
1619,10:57:23,9.3,0.02,100,93000,买盘
1620,10:57:14,9.28,-0.02,1,927,卖盘
1621,10:57:05,9.3,0.02,3,2790,买盘
1622,10:56:59,9.28,-0.02,176,163328,卖盘
1623,10:56:53,9.3,-0.01,303,282459,卖盘
1624,10:56:50,9.31,0.01,39,36309,买盘
1625,10:56:44,9.3,--,26,24180,卖盘
1626,10:56:38,9.3,0.02,190,176960,买盘
1627,10:56:35,9.28,-0.01,117,108575,卖盘
1628,10:56:29,9.29,--,322,299138,卖盘
1629,10:56:23,9.29,-0.01,124,115195,卖盘
1630,10:56:20,9.3,0.01,216,200880,买盘
1631,10:56:14,9.29,--,294,273126,卖盘
1632,10:56:08,9.29,-0.01,32,29727,卖盘
1633,10:55:59,9.3,--,24,22320,买盘
1634,10:55:53,9.3,--,20,19269,卖盘
1635,10:55:44,9.3,--,13,12350,买盘
1636,10:55:38,9.3,--,34,31620,买盘
1637,10:55:35,9.3,0.01,16,14880,买盘
1638,10:55:29,9.29,0.01,21,19509,中性盘
1639,10:55:23,9.28,-0.02,572,530816,卖盘
1640,10:55:14,9.3,--,1,930,买盘
1641,10:55:08,9.3,--,37,34410,买盘
1642,10:55:04,9.3,0.02,118,109740,买盘
1643,10:54:59,9.28,-0.02,184,170752,卖盘
1644,10:54:53,9.3,--,29,26970,买盘
1645,10:54:49,9.3,--,0,0,买盘
1646,10:54:44,9.3,--,192,178560,买盘
1647,10:54:38,9.3,--,108,100440,买盘
1648,10:54:34,9.3,--,3,2790,买盘
1649,10:54:23,9.3,--,28,26040,买盘
1650,10:54:19,9.3,0.02,30,27900,买盘
1651,10:54:14,9.28,-0.02,215,199520,卖盘
1652,10:54:08,9.3,--,139,129270,买盘
1653,10:54:04,9.3,0.01,3,2790,买盘
1654,10:53:59,9.29,-0.01,172,159787,卖盘
1655,10:53:53,9.3,0.01,201,186930,买盘
1656,10:53:44,9.29,--,13,12076,卖盘
1657,10:53:38,9.29,--,116,107763,买盘
1658,10:53:34,9.29,--,44,40875,买盘
1659,10:53:29,9.29,--,30,27869,买盘
1660,10:53:19,9.29,--,10,9290,买盘
1661,10:53:14,9.29,0.01,4,3715,买盘
1662,10:53:08,9.28,0.02,61,56607,卖盘
1663,10:53:04,9.26,--,0,0,卖盘
1664,10:52:59,9.26,-0.01,86,79636,卖盘
1665,10:52:53,9.27,-0.01,250,231750,卖盘
1666,10:52:44,9.28,--,0,0,买盘
1667,10:52:38,9.28,0.02,2,1855,买盘
1668,10:52:34,9.26,0.02,232,214832,中性盘
1669,10:52:29,9.24,--,360,332640,卖盘
1670,10:52:23,9.24,-0.04,998,922152,卖盘
1671,10:52:19,9.28,0.01,6,5568,买盘
1672,10:52:08,9.27,--,10,9270,买盘
1673,10:52:04,9.27,--,12,11124,买盘
1674,10:51:59,9.27,0.01,67,62109,买盘
1675,10:51:49,9.26,--,56,51856,买盘
1676,10:51:44,9.26,--,35,32410,买盘
1677,10:51:38,9.26,0.01,20,18520,买盘
1678,10:51:34,9.25,-0.01,51,47175,卖盘
1679,10:51:23,9.26,0.01,2,1852,买盘
1680,10:51:19,9.25,--,5,4625,卖盘
1681,10:51:04,9.25,--,1,925,买盘
1682,10:50:59,9.25,--,3,2775,买盘
1683,10:50:53,9.25,--,21,19425,买盘
1684,10:50:44,9.25,-0.01,55,50875,卖盘
1685,10:50:38,9.26,0.01,157,145382,买盘
1686,10:50:33,9.25,-0.01,314,290450,卖盘
1687,10:50:29,9.26,0.01,13,12038,买盘
1688,10:50:23,9.25,-0.01,19,17575,卖盘
1689,10:50:14,9.26,--,5,4630,买盘
1690,10:50:08,9.26,--,168,155568,买盘
1691,10:50:04,9.26,--,53,49078,买盘
1692,10:49:59,9.26,--,9,8334,买盘
1693,10:49:53,9.26,-0.01,346,320396,卖盘
1694,10:49:47,9.27,--,134,124218,买盘
1695,10:49:44,9.27,0.01,60,55620,买盘
1696,10:49:38,9.26,-0.01,92,85192,卖盘
1697,10:49:32,9.27,--,183,169641,买盘
1698,10:49:23,9.27,--,26,24102,买盘
1699,10:49:17,9.27,-0.01,239,221553,卖盘
1700,10:49:14,9.28,0.01,19,17632,买盘
1701,10:49:08,9.27,-0.01,26,24102,卖盘
1702,10:49:02,9.28,0.01,30,27839,买盘
1703,10:48:59,9.27,-0.01,37,34299,卖盘
1704,10:48:53,9.28,0.01,140,129919,买盘
1705,10:48:47,9.27,-0.01,43,39861,中性盘
1706,10:48:43,9.28,0.02,73,67744,买盘
1707,10:48:38,9.26,-0.01,280,259280,卖盘
1708,10:48:32,9.27,--,20,18540,卖盘
1709,10:48:28,9.27,--,15,13905,卖盘
1710,10:48:17,9.27,--,126,116802,卖盘
1711,10:48:08,9.27,--,27,25029,卖盘
1712,10:48:02,9.27,-0.01,45,41715,卖盘
1713,10:47:58,9.28,0.01,1,927,买盘
1714,10:47:53,9.27,--,3,2781,卖盘
1715,10:47:47,9.27,--,13,12051,卖盘
1716,10:47:38,9.27,--,68,63036,买盘
1717,10:47:32,9.27,--,103,95481,买盘
1718,10:47:28,9.27,0.02,62,57474,买盘
1719,10:47:23,9.25,-0.02,162,149850,卖盘
1720,10:47:17,9.27,0.02,6,5562,买盘
1721,10:47:08,9.25,-0.02,435,402375,卖盘
1722,10:47:02,9.27,--,18,16686,买盘
1723,10:46:58,9.27,0.02,6,5562,买盘
1724,10:46:53,9.25,-0.01,199,184075,卖盘
1725,10:46:47,9.26,--,2,1852,卖盘
1726,10:46:38,9.26,--,113,104638,买盘
1727,10:46:32,9.26,0.01,125,115750,中性盘
1728,10:46:23,9.25,-0.01,205,189625,卖盘
1729,10:46:17,9.26,-0.02,20,18520,卖盘
1730,10:46:13,9.28,--,5,4640,买盘
1731,10:46:08,9.28,0.03,137,127135,买盘
1732,10:46:02,9.25,-0.02,85,78625,卖盘
1733,10:45:58,9.27,-0.01,2,1854,卖盘
1734,10:45:53,9.28,0.02,351,325728,买盘
1735,10:45:47,9.26,-0.02,221,204646,卖盘
1736,10:45:43,9.28,--,4,3711,买盘
1737,10:45:38,9.28,--,49,45472,买盘
1738,10:45:32,9.28,--,83,77024,买盘
1739,10:45:28,9.28,--,12,11136,卖盘
1740,10:45:23,9.28,--,182,168896,卖盘
1741,10:45:17,9.28,0.02,114,105791,买盘
1742,10:45:13,9.26,--,0,0,中性盘
1743,10:45:08,9.26,-0.02,31,28706,卖盘
1744,10:45:02,9.28,0.03,191,177248,买盘
1745,10:44:58,9.25,--,0,0,卖盘
1746,10:44:53,9.25,-0.01,171,158175,卖盘
1747,10:44:47,9.26,0.01,38,35188,卖盘
1748,10:44:43,9.25,-0.01,53,49025,卖盘
1749,10:44:38,9.26,--,15,13890,卖盘
1750,10:44:32,9.26,--,10,9260,卖盘
1751,10:44:28,9.26,--,175,162050,卖盘
1752,10:44:23,9.26,--,150,138900,卖盘
1753,10:44:17,9.26,-0.02,83,76858,卖盘
1754,10:44:13,9.28,0.02,50,46400,买盘
1755,10:44:02,9.26,-0.02,66,61116,卖盘
1756,10:43:58,9.28,0.03,27,25056,买盘
1757,10:43:53,9.25,--,230,212750,卖盘
1758,10:43:47,9.25,-0.03,92,85100,卖盘
1759,10:43:38,9.28,0.02,77,71456,买盘
1760,10:43:32,9.26,--,22,20372,卖盘
1761,10:43:28,9.26,0.01,34,31484,卖盘
1762,10:43:23,9.25,-0.01,136,125800,卖盘
1763,10:43:17,9.26,0.01,1,926,卖盘
1764,10:43:13,9.25,--,110,101750,卖盘
1765,10:42:58,9.25,--,37,34225,卖盘
1766,10:42:53,9.25,0.02,43,39775,买盘
1767,10:42:47,9.23,-0.02,144,132912,卖盘
1768,10:42:43,9.25,--,58,53650,买盘
1769,10:42:38,9.25,0.02,20,18500,买盘
1770,10:42:32,9.23,--,51,47073,卖盘
1771,10:42:28,9.23,--,75,69225,卖盘
1772,10:42:23,9.23,--,39,35997,卖盘
1773,10:42:17,9.23,-0.01,243,224289,卖盘
1774,10:42:11,9.24,--,153,141372,买盘
1775,10:42:08,9.24,0.01,13,12012,买盘
1776,10:42:02,9.23,-0.01,53,48919,卖盘
1777,10:41:57,9.24,0.01,44,40656,买盘
1778,10:41:53,9.23,-0.01,109,100607,卖盘
1779,10:41:47,9.24,--,297,274428,买盘
1780,10:41:42,9.24,--,17,15708,买盘
1781,10:41:38,9.24,--,6,5544,买盘
1782,10:41:32,9.24,--,222,205312,买盘
1783,10:41:26,9.24,0.01,146,134904,中性盘
1784,10:41:17,9.23,-0.01,398,367354,卖盘
1785,10:41:11,9.24,-0.01,40,36960,卖盘
1786,10:41:08,9.25,--,13,12025,买盘
1787,10:41:02,9.25,0.01,25,23125,买盘
1788,10:40:56,9.24,0.01,15,13860,卖盘
1789,10:40:53,9.23,--,0,0,卖盘
1790,10:40:47,9.23,-0.03,276,254748,卖盘
1791,10:40:41,9.26,0.03,160,148160,买盘
1792,10:40:38,9.23,--,1493,1378039,卖盘
1793,10:40:32,9.23,-0.03,190,175370,卖盘
1794,10:40:26,9.26,0.01,13,12038,买盘
1795,10:40:22,9.25,0.01,97,89734,中性盘
1796,10:40:17,9.24,-0.02,204,188496,卖盘
1797,10:40:11,9.26,--,35,32410,买盘
1798,10:40:07,9.26,0.03,14,12964,买盘
1799,10:40:02,9.23,-0.03,120,110760,卖盘
1800,10:39:56,9.26,0.03,32,29632,卖盘
1801,10:39:52,9.23,--,0,0,卖盘
1802,10:39:47,9.23,-0.07,1120,1033879,卖盘
1803,10:39:41,9.3,0.01,17,15810,买盘
1804,10:39:32,9.29,0.03,4,3715,买盘
1805,10:39:26,9.26,-0.03,103,95378,卖盘
1806,10:39:22,9.29,0.02,34,31585,买盘
1807,10:39:17,9.27,-0.02,635,588645,卖盘
1808,10:39:11,9.29,-0.01,6,5573,买盘
1809,10:39:02,9.3,--,5,4650,买盘
1810,10:38:56,9.3,0.04,18,16740,买盘
1811,10:38:52,9.26,0.01,500,463000,中性盘
1812,10:38:47,9.25,-0.04,301,278425,卖盘
1813,10:38:41,9.29,--,10,9290,买盘
1814,10:38:37,9.29,--,58,53881,买盘
1815,10:38:32,9.29,-0.01,39,36231,卖盘
1816,10:38:26,9.3,--,33,30690,买盘
1817,10:38:17,9.3,0.05,63,58590,买盘
1818,10:38:11,9.25,-0.05,2577,2383725,卖盘
1819,10:37:56,9.3,0.03,1,930,买盘
1820,10:37:52,9.27,--,203,188181,卖盘
1821,10:37:47,9.27,--,0,0,卖盘
1822,10:37:41,9.27,-0.03,340,315180,卖盘
1823,10:37:37,9.3,0.03,19,17670,中性盘
1824,10:37:32,9.27,-0.03,125,115875,卖盘
1825,10:37:26,9.3,--,20,18600,卖盘
1826,10:37:22,9.3,--,4,3720,卖盘
1827,10:37:17,9.3,--,410,381300,卖盘
1828,10:37:11,9.3,--,156,145080,卖盘
1829,10:37:07,9.3,--,20,18600,卖盘
1830,10:36:56,9.3,--,307,285510,买盘
1831,10:36:52,9.3,0.01,114,106020,买盘
1832,10:36:47,9.29,-0.01,6,5573,卖盘
1833,10:36:41,9.3,--,171,159030,买盘
1834,10:36:37,9.3,--,180,167400,买盘
1835,10:36:32,9.3,--,39,36270,买盘
1836,10:36:26,9.3,--,1,930,买盘
1837,10:36:22,9.3,--,140,130200,买盘
1838,10:36:17,9.3,0.01,4,3720,买盘
1839,10:36:11,9.29,-0.01,142,131918,中性盘
1840,10:36:07,9.3,0.02,167,155310,买盘
1841,10:36:02,9.28,--,11,10208,卖盘
1842,10:35:56,9.28,-0.02,201,186528,卖盘
1843,10:35:52,9.3,--,52,48360,买盘
1844,10:35:47,9.3,--,7,6510,卖盘
1845,10:35:41,9.3,0.02,66,61380,买盘
1846,10:35:37,9.28,-0.02,302,280256,卖盘
1847,10:35:32,9.3,--,22,20460,买盘
1848,10:35:26,9.3,--,83,77190,买盘
1849,10:35:22,9.3,0.01,34,31620,卖盘
1850,10:35:11,9.29,--,0,0,卖盘
1851,10:35:07,9.29,0.02,14,13005,买盘
1852,10:35:02,9.27,-0.03,267,247509,卖盘
1853,10:34:56,9.3,--,267,248310,卖盘
1854,10:34:47,9.3,--,110,102300,买盘
1855,10:34:41,9.3,--,62,57660,买盘
1856,10:34:37,9.3,--,20,18600,买盘
1857,10:34:32,9.3,--,292,271560,买盘
1858,10:34:26,9.3,-0.03,60,55800,卖盘
1859,10:34:22,9.33,0.03,51,47583,买盘
1860,10:34:17,9.3,--,348,323640,卖盘
1861,10:34:11,9.3,--,202,187860,卖盘
1862,10:34:07,9.3,-0.02,159,147870,卖盘
1863,10:33:56,9.32,0.02,372,346704,买盘
1864,10:33:50,9.3,0.02,79,73470,卖盘
1865,10:33:36,9.28,--,142,131776,卖盘
1866,10:33:31,9.28,--,0,0,卖盘
1867,10:33:26,9.28,-0.01,190,176320,卖盘
1868,10:33:22,9.29,--,256,237823,卖盘
1869,10:33:16,9.29,-0.01,94,87325,卖盘
1870,10:33:11,9.3,--,1381,1284330,买盘
1871,10:33:05,9.3,--,2,1860,买盘
1872,10:33:01,9.3,0.01,297,276210,买盘
1873,10:32:56,9.29,--,193,179296,买盘
1874,10:32:50,9.29,--,72,66888,卖盘
1875,10:32:46,9.29,0.01,81,75249,卖盘
1876,10:32:41,9.28,0.02,69,64031,中性盘
1877,10:32:35,9.26,-0.02,210,194460,卖盘
1878,10:32:31,9.28,--,9,8352,卖盘
1879,10:32:26,9.28,--,396,367515,买盘
1880,10:32:20,9.28,0.02,5,4640,买盘
1881,10:32:16,9.26,--,0,0,卖盘
1882,10:32:11,9.26,-0.01,146,135196,卖盘
1883,10:32:05,9.27,0.01,200,185631,买盘
1884,10:32:01,9.26,--,47,44216,卖盘
1885,10:31:56,9.26,0.01,1369,1267925,买盘
1886,10:31:50,9.25,-0.01,838,775150,卖盘
1887,10:31:46,9.26,--,16,14816,卖盘
1888,10:31:41,9.26,-0.01,450,416700,卖盘
1889,10:31:35,9.27,--,201,186327,买盘
1890,10:31:31,9.27,0.01,194,179838,买盘
1891,10:31:26,9.26,-0.01,337,312756,卖盘
1892,10:31:20,9.27,--,318,294786,卖盘
1893,10:31:16,9.27,--,113,104751,卖盘
1894,10:31:11,9.27,0.01,187,173580,买盘
1895,10:31:05,9.26,--,149,137974,卖盘
1896,10:31:01,9.26,-0.01,130,120380,卖盘
1897,10:30:56,9.27,--,268,248436,买盘
1898,10:30:50,9.27,--,102,94554,买盘
1899,10:30:46,9.27,-0.01,220,204635,卖盘
1900,10:30:41,9.28,--,123,114143,买盘
1901,10:30:35,9.28,0.01,298,276544,卖盘
1902,10:30:30,9.27,-0.01,424,393048,卖盘
1903,10:30:26,9.28,-0.02,1523,1413455,卖盘
1904,10:30:20,9.3,--,97,90210,买盘
1905,10:30:16,9.3,-0.01,296,276098,卖盘
1906,10:30:11,9.31,0.01,14,13034,中性盘
1907,10:30:05,9.3,--,91,84630,卖盘
1908,10:30:01,9.3,--,200,186000,卖盘
1909,10:29:56,9.3,--,38,35340,卖盘
1910,10:29:50,9.3,-0.03,356,331080,卖盘
1911,10:29:46,9.33,0.01,211,196863,卖盘
1912,10:29:41,9.32,0.01,4,3728,中性盘
1913,10:29:35,9.31,-0.04,274,255094,中性盘
1914,10:29:31,9.35,0.04,147,137445,买盘
1915,10:29:26,9.31,--,12,11172,买盘
1916,10:29:20,9.31,-0.04,314,292334,卖盘
1917,10:29:16,9.35,--,101,94435,买盘
1918,10:29:11,9.35,--,30,28975,卖盘
1919,10:29:05,9.35,0.01,128,119689,买盘
1920,10:29:01,9.34,0.02,13,12142,中性盘
1921,10:28:56,9.32,-0.03,364,339248,卖盘
1922,10:28:50,9.35,--,21,19635,买盘
1923,10:28:46,9.35,--,11,10285,买盘
1924,10:28:41,9.35,0.02,7,6545,买盘
1925,10:28:35,9.33,-0.02,245,228585,卖盘
1926,10:28:31,9.35,0.02,5,4675,买盘
1927,10:28:26,9.33,-0.02,38,36377,卖盘
1928,10:28:20,9.35,0.02,453,423564,买盘
1929,10:28:16,9.33,--,114,106362,买盘
1930,10:28:11,9.33,--,511,476763,买盘
1931,10:28:05,9.33,--,21,19593,买盘
1932,10:28:00,9.33,-0.02,214,199662,卖盘
1933,10:27:56,9.35,--,28,26180,买盘
1934,10:27:50,9.35,--,1114,1041590,买盘
1935,10:27:45,9.35,--,90,84150,买盘
1936,10:27:41,9.35,0.01,28,26180,买盘
1937,10:27:35,9.34,-0.01,6,5604,卖盘
1938,10:27:31,9.35,0.01,850,794750,买盘
1939,10:27:26,9.34,0.01,11,10274,买盘
1940,10:27:20,9.33,-0.01,81,75573,卖盘
1941,10:27:16,9.34,--,59,55106,买盘
1942,10:27:11,9.34,--,83,77522,买盘
1943,10:27:05,9.34,0.01,3240,3026160,买盘
1944,10:27:00,9.33,-0.01,34,31722,卖盘
1945,10:26:50,9.34,--,293,273662,买盘
1946,10:26:46,9.34,--,34,31756,买盘
1947,10:26:41,9.34,--,12,11208,买盘
1948,10:26:35,9.34,--,41,38294,买盘
1949,10:26:31,9.34,--,95,88730,买盘
1950,10:26:26,9.34,--,5,4670,买盘
1951,10:26:20,9.34,--,121,113014,买盘
1952,10:26:15,9.34,--,973,908782,买盘
1953,10:26:11,9.34,0.01,25,23350,买盘
1954,10:26:05,9.33,-0.01,6,5598,卖盘
1955,10:25:50,9.34,--,0,0,买盘
1956,10:25:46,9.34,--,41,38294,买盘
1957,10:25:40,9.34,-0.01,31,28954,买盘
1958,10:25:35,9.35,0.04,42,39270,买盘
1959,10:25:30,9.31,-0.04,238,221578,卖盘
1960,10:25:25,9.35,--,12,11220,买盘
1961,10:25:20,9.35,--,386,360910,买盘
1962,10:25:15,9.35,--,772,721820,买盘
1963,10:25:10,9.35,--,10,9350,买盘
1964,10:25:05,9.35,-0.01,125,116875,卖盘
1965,10:24:55,9.36,0.02,7,6552,买盘
1966,10:24:50,9.34,-0.02,115,107410,卖盘
1967,10:24:44,9.36,0.03,39,36504,买盘
1968,10:24:35,9.33,--,218,203403,卖盘
1969,10:24:29,9.33,--,0,0,卖盘
1970,10:24:25,9.33,-0.01,6,5598,卖盘
1971,10:24:20,9.34,0.01,27,25218,买盘
1972,10:24:14,9.33,--,353,329349,买盘
1973,10:24:05,9.33,-0.02,160,149280,卖盘
1974,10:23:59,9.35,0.01,126,117810,买盘
1975,10:23:55,9.34,-0.01,8,7472,卖盘
1976,10:23:50,9.35,0.04,40,37400,买盘
1977,10:23:44,9.31,-0.03,208,193648,卖盘
1978,10:23:40,9.34,0.03,54,50436,买盘
1979,10:23:35,9.31,--,123,114513,卖盘
1980,10:23:29,9.31,-0.03,9,8379,中性盘
1981,10:23:25,9.34,0.04,280,261520,买盘
1982,10:23:20,9.3,--,40,37200,卖盘
1983,10:23:14,9.3,--,200,186000,卖盘
1984,10:23:10,9.3,0.01,174,161922,买盘
1985,10:23:05,9.29,-0.01,1859,1727010,卖盘
1986,10:22:59,9.3,0.01,428,398877,买盘
1987,10:22:54,9.29,--,487,452422,卖盘
1988,10:22:50,9.29,-0.01,526,488653,卖盘
1989,10:22:44,9.3,0.01,1223,1137390,买盘
1990,10:22:39,9.29,-0.01,204,189515,卖盘
1991,10:22:35,9.3,0.02,4,3720,买盘
1992,10:22:29,9.28,-0.02,359,333152,卖盘
1993,10:22:24,9.3,0.01,135,125763,买盘
1994,10:22:20,9.29,--,77,71533,买盘
1995,10:22:14,9.29,0.01,449,417120,买盘
1996,10:22:09,9.28,-0.01,39,36192,卖盘
1997,10:22:05,9.29,--,20,18580,买盘
1998,10:21:59,9.29,-0.01,174,161645,买盘
1999,10:21:54,9.3,0.01,56,52080,买盘
2000,10:21:50,9.29,-0.01,1500,1393499,卖盘
2001,10:21:44,9.3,0.01,115,106950,买盘
2002,10:21:39,9.29,--,569,528601,买盘
2003,10:21:35,9.29,--,131,121698,买盘
2004,10:21:29,9.29,0.01,132,122627,买盘
2005,10:21:24,9.28,-0.02,270,250559,卖盘
2006,10:21:20,9.3,--,24,22320,买盘
2007,10:21:14,9.3,--,687,638910,买盘
2008,10:21:09,9.3,-0.05,2424,2254320,卖盘
2009,10:21:05,9.35,--,1018,951830,卖盘
2010,10:20:54,9.35,0.01,222,207570,买盘
2011,10:20:50,9.34,-0.01,44,41096,卖盘
2012,10:20:44,9.35,--,10,9350,买盘
2013,10:20:39,9.35,0.01,399,373065,买盘
2014,10:20:35,9.34,-0.01,103,96202,卖盘
2015,10:20:29,9.35,--,7,6545,买盘
2016,10:20:24,9.35,--,19,17765,买盘
2017,10:20:20,9.35,--,35,32725,买盘
2018,10:20:14,9.35,--,315,294525,卖盘
2019,10:20:09,9.35,-0.02,740,691900,卖盘
2020,10:20:05,9.37,--,15,14054,买盘
2021,10:19:59,9.37,-0.01,125,117124,卖盘
2022,10:19:54,9.38,--,1,938,买盘
2023,10:19:50,9.38,--,10,9380,买盘
2024,10:19:44,9.38,0.01,30,29068,卖盘
2025,10:19:39,9.37,-0.02,600,562200,卖盘
2026,10:19:35,9.39,--,113,106116,买盘
2027,10:19:29,9.39,0.01,4,3756,买盘
2028,10:19:24,9.38,-0.01,3,2814,卖盘
2029,10:19:20,9.39,--,10,9390,买盘
2030,10:19:14,9.39,--,203,190617,买盘
2031,10:19:09,9.39,0.01,28,26292,买盘
2032,10:19:05,9.38,-0.01,118,110684,卖盘
2033,10:18:59,9.39,--,195,183105,买盘
2034,10:18:54,9.39,--,2,1878,买盘
2035,10:18:50,9.39,--,2,1878,买盘
2036,10:18:44,9.39,--,26,24414,买盘
2037,10:18:39,9.39,-0.01,593,557756,卖盘
2038,10:18:35,9.4,-0.01,53,49820,卖盘
2039,10:18:29,9.41,-0.02,2,1882,卖盘
2040,10:18:24,9.43,0.01,170,160310,买盘
2041,10:18:20,9.42,0.02,11,10362,买盘
2042,10:18:14,9.4,--,50,47000,卖盘
2043,10:18:09,9.4,--,161,151349,买盘
2044,10:18:04,9.4,--,45,42300,买盘
2045,10:17:59,9.4,-0.04,823,774550,卖盘
2046,10:17:54,9.44,0.04,122,115168,买盘
2047,10:17:44,9.4,-0.04,500,470009,卖盘
2048,10:17:39,9.44,0.02,20,18880,买盘
2049,10:17:29,9.42,-0.03,106,99852,卖盘
2050,10:17:24,9.45,0.02,27,25514,买盘
2051,10:17:19,9.43,-0.01,1,943,卖盘
2052,10:17:14,9.44,--,7,6608,卖盘
2053,10:17:09,9.44,--,1,944,卖盘
2054,10:17:04,9.44,0.02,38,35872,买盘
2055,10:16:59,9.42,0.02,103,97026,买盘
2056,10:16:54,9.4,--,10,9400,卖盘
2057,10:16:49,9.4,0.01,50,47000,买盘
2058,10:16:44,9.39,--,19,17841,买盘
2059,10:16:38,9.39,0.01,15,14085,买盘
2060,10:16:29,9.38,--,32,30016,卖盘
2061,10:16:23,9.38,0.01,198,185724,买盘
2062,10:16:19,9.37,--,123,115250,买盘
2063,10:16:14,9.37,--,347,325139,买盘
2064,10:16:08,9.37,--,105,98384,买盘
2065,10:16:04,9.37,--,18,16866,买盘
2066,10:15:59,9.37,--,1711,1603206,卖盘
2067,10:15:53,9.37,--,23,21551,卖盘
2068,10:15:49,9.37,--,287,268919,买盘
2069,10:15:38,9.37,--,5471,5126327,买盘
2070,10:15:34,9.37,0.02,386,361681,买盘
2071,10:15:29,9.35,-0.01,17,15895,卖盘
2072,10:15:23,9.36,0.02,59,55224,卖盘
2073,10:15:19,9.34,-0.01,55,51370,卖盘
2074,10:15:14,9.35,0.01,33,30855,买盘
2075,10:15:08,9.34,-0.01,7,6538,卖盘
2076,10:15:03,9.35,--,249,232815,卖盘
2077,10:14:59,9.35,--,58,54230,卖盘
2078,10:14:53,9.35,0.02,483,451605,买盘
2079,10:14:48,9.33,0.02,45,41985,中性盘
2080,10:14:38,9.31,-0.02,383,356573,卖盘
2081,10:14:33,9.33,--,81,75573,买盘
2082,10:14:29,9.33,--,300,279900,买盘
2083,10:14:23,9.33,0.02,200,186600,买盘
2084,10:14:18,9.31,-0.04,802,746662,卖盘
2085,10:14:14,9.35,--,10,9350,买盘
2086,10:14:08,9.35,0.02,13,12155,中性盘
2087,10:14:03,9.33,-0.03,22,20526,中性盘
2088,10:13:59,9.36,--,60,56160,买盘
2089,10:13:53,9.36,-0.01,124,116064,卖盘
2090,10:13:48,9.37,0.01,196,183651,买盘
2091,10:13:44,9.36,--,2621,2453256,卖盘
2092,10:13:38,9.36,--,307,287352,卖盘
2093,10:13:33,9.36,--,117,109512,卖盘
2094,10:13:29,9.36,--,2,1872,卖盘
2095,10:13:23,9.36,-0.01,24,22464,卖盘
2096,10:13:18,9.37,-0.02,639,598743,卖盘
2097,10:13:14,9.39,--,52,48828,卖盘
2098,10:13:08,9.39,--,51,47889,卖盘
2099,10:13:03,9.39,--,126,118314,买盘
2100,10:12:59,9.39,0.01,100,93900,买盘
2101,10:12:53,9.38,--,49,45962,卖盘
2102,10:12:48,9.38,-0.01,78,73164,买盘
2103,10:12:38,9.39,0.01,78,73242,买盘
2104,10:12:33,9.38,--,646,605948,卖盘
2105,10:12:29,9.38,-0.01,79,74102,卖盘
2106,10:12:23,9.39,--,157,147423,卖盘
2107,10:12:18,9.39,--,229,215031,卖盘
2108,10:12:13,9.39,-0.01,83,77937,卖盘
2109,10:12:08,9.4,0.01,19,17860,买盘
2110,10:12:03,9.39,-0.04,644,604716,卖盘
2111,10:11:53,9.43,0.04,1285,1211755,买盘
2112,10:11:48,9.39,--,203,190617,卖盘
2113,10:11:43,9.39,-0.01,51,47889,卖盘
2114,10:11:38,9.4,--,11,10340,买盘
2115,10:11:33,9.4,-0.03,3586,3370840,卖盘
2116,10:11:28,9.43,--,27,25461,卖盘
2117,10:11:23,9.43,--,178,167854,卖盘
2118,10:11:18,9.43,-0.01,10,9430,卖盘
2119,10:11:08,9.44,-0.02,116,109504,卖盘
2120,10:11:03,9.46,0.01,213,201498,买盘
2121,10:10:58,9.45,-0.01,21,19845,卖盘
2122,10:10:53,9.46,--,1396,1320616,卖盘
2123,10:10:48,9.46,--,106,100276,卖盘
2124,10:10:43,9.46,-0.01,144,136224,卖盘
2125,10:10:38,9.47,0.01,24,22728,买盘
2126,10:10:33,9.46,--,18,17028,卖盘
2127,10:10:28,9.46,--,60,56760,卖盘
2128,10:10:23,9.46,--,5,4730,卖盘
2129,10:10:18,9.46,--,0,0,中性盘
2130,10:10:13,9.46,0.01,10,9460,买盘
2131,10:10:08,9.45,--,222,209789,卖盘
2132,10:10:03,9.45,--,20,18900,卖盘
2133,10:09:58,9.45,-0.01,5,4725,卖盘
2134,10:09:53,9.46,0.01,14,13244,买盘
2135,10:09:48,9.45,--,70,66150,卖盘
2136,10:09:38,9.45,0.01,774,732252,买盘
2137,10:09:33,9.44,0.01,2,1888,买盘
2138,10:09:28,9.43,-0.01,164,154652,卖盘
2139,10:09:23,9.44,--,11,10384,买盘
2140,10:09:17,9.44,--,7,6608,买盘
2141,10:09:13,9.44,--,4,3776,买盘
2142,10:09:08,9.44,-0.01,30,28320,卖盘
2143,10:09:02,9.45,--,404,381780,买盘
2144,10:08:53,9.45,-0.01,804,759902,卖盘
2145,10:08:47,9.46,--,40,37840,卖盘
2146,10:08:43,9.46,0.01,5,5553,买盘
2147,10:08:38,9.45,-0.01,42,39690,卖盘
2148,10:08:32,9.46,--,58,54868,买盘
2149,10:08:28,9.46,--,30,28380,买盘
2150,10:08:23,9.46,0.01,3,2838,买盘
2151,10:08:17,9.45,-0.01,32,30239,卖盘
2152,10:08:13,9.46,0.01,55,52030,买盘
2153,10:08:02,9.45,--,4,3779,卖盘
2154,10:07:58,9.45,--,12,11340,卖盘
2155,10:07:53,9.45,--,448,423359,买盘
2156,10:07:47,9.45,--,59,55754,买盘
2157,10:07:43,9.45,--,57,53864,卖盘
2158,10:07:38,9.45,-0.01,32,30239,卖盘
2159,10:07:32,9.46,0.01,8,7568,买盘
2160,10:07:28,9.45,-0.01,70,66150,卖盘
2161,10:07:23,9.46,0.01,101,95546,买盘
2162,10:07:17,9.45,-0.01,710,670950,卖盘
2163,10:07:12,9.46,--,23,21758,买盘
2164,10:07:08,9.46,--,23,21758,买盘
2165,10:07:02,9.46,--,50,47300,买盘
2166,10:06:57,9.46,-0.01,85,80532,卖盘
2167,10:06:53,9.47,--,17,16099,买盘
2168,10:06:47,9.47,--,26,24622,买盘
2169,10:06:42,9.47,--,236,223492,买盘
2170,10:06:38,9.47,--,30,28410,买盘
2171,10:06:32,9.47,-0.02,209,197923,卖盘
2172,10:06:27,9.49,0.01,17,16133,卖盘
2173,10:06:23,9.48,-0.02,45,42660,卖盘
2174,10:06:17,9.5,0.02,37,35150,买盘
2175,10:06:12,9.48,--,31,29388,卖盘
2176,10:06:08,9.48,-0.01,5,4740,卖盘
2177,10:06:02,9.49,--,104,98696,买盘
2178,10:05:57,9.49,0.01,16,15184,买盘
2179,10:05:47,9.48,0.01,153,145044,买盘
2180,10:05:42,9.47,0.01,93,88071,中性盘
2181,10:05:38,9.46,-0.01,1643,1554278,卖盘
2182,10:05:32,9.47,--,35,33145,卖盘
2183,10:05:27,9.47,--,20,18940,卖盘
2184,10:05:22,9.47,--,14,13258,卖盘
2185,10:05:17,9.47,0.01,4,3788,买盘
2186,10:05:12,9.46,--,10,9460,卖盘
2187,10:05:08,9.46,--,57,53922,卖盘
2188,10:05:02,9.46,--,662,627075,买盘
2189,10:04:57,9.46,--,7,6622,买盘
2190,10:04:53,9.46,--,2,1892,买盘
2191,10:04:47,9.46,--,20,19042,卖盘
2192,10:04:42,9.46,--,188,178671,卖盘
2193,10:04:27,9.46,0.01,33,31218,买盘
2194,10:04:17,9.45,0.01,395,373275,买盘
2195,10:04:12,9.44,--,56,52864,买盘
2196,10:04:07,9.44,--,9,8496,买盘
2197,10:04:02,9.44,--,669,631536,买盘
2198,10:03:57,9.44,--,20,18880,买盘
2199,10:03:52,9.44,--,2,1888,买盘
2200,10:03:47,9.44,-0.01,329,310576,卖盘
2201,10:03:42,9.45,--,362,342090,买盘
2202,10:03:37,9.45,--,830,784349,买盘
2203,10:03:32,9.45,-0.02,288,272160,卖盘
2204,10:03:27,9.47,0.02,50,47350,买盘
2205,10:03:17,9.45,-0.01,1202,1135890,卖盘
2206,10:03:12,9.46,--,300,283800,买盘
2207,10:03:07,9.46,-0.01,8,7568,卖盘
2208,10:03:02,9.47,0.01,167,158149,买盘
2209,10:02:57,9.46,--,39,36894,买盘
2210,10:02:52,9.46,--,150,141900,买盘
2211,10:02:47,9.46,-0.01,93,88100,卖盘
2212,10:02:42,9.47,0.01,2951,2795420,买盘
2213,10:02:37,9.46,--,77,72842,买盘
2214,10:02:32,9.46,-0.01,88,83248,卖盘
2215,10:02:27,9.47,--,188,178036,买盘
2216,10:02:22,9.47,0.01,20,18940,买盘
2217,10:02:17,9.46,-0.01,357,337722,卖盘
2218,10:02:07,9.47,0.01,100,94700,买盘
2219,10:02:02,9.46,--,136,128656,买盘
2220,10:01:57,9.46,--,50,47300,买盘
2221,10:01:52,9.46,0.01,1,946,买盘
2222,10:01:42,9.45,--,10,9450,卖盘
2223,10:01:32,9.45,0.01,2824,2668680,买盘
2224,10:01:27,9.44,--,49,46256,买盘
2225,10:01:22,9.44,--,1163,1097872,卖盘
2226,10:01:17,9.44,-0.01,10,9440,卖盘
2227,10:01:12,9.45,0.01,3,2835,买盘
2228,10:01:07,9.44,--,178,168032,买盘
2229,10:00:52,9.44,0.01,69,65136,买盘
2230,10:00:47,9.43,--,108,101844,买盘
2231,10:00:41,9.43,0.01,10,9430,买盘
2232,10:00:37,9.42,0.01,52,48984,卖盘
2233,10:00:32,9.41,-0.01,20,18820,卖盘
2234,10:00:26,9.42,--,16,15072,买盘
2235,10:00:22,9.42,0.01,102,96084,买盘
2236,10:00:17,9.41,--,40,37640,卖盘
2237,10:00:11,9.41,0.01,116,109156,买盘
2238,10:00:07,9.4,--,12,11280,卖盘
2239,10:00:02,9.4,--,412,387280,买盘
2240,09:59:56,9.4,--,37,34780,买盘
2241,09:59:52,9.4,0.01,491,461540,买盘
2242,09:59:47,9.39,-0.01,10,9390,卖盘
2243,09:59:41,9.4,--,1,940,买盘
2244,09:59:37,9.4,--,308,289520,买盘
2245,09:59:32,9.4,--,26,24440,买盘
2246,09:59:26,9.4,--,31,29140,买盘
2247,09:59:21,9.4,--,124,116560,买盘
2248,09:59:17,9.4,--,44,41360,买盘
2249,09:59:11,9.4,--,207,194580,卖盘
2250,09:59:06,9.4,--,104,97760,卖盘
2251,09:59:02,9.4,--,10,9400,卖盘
2252,09:58:56,9.4,--,370,347800,买盘
2253,09:58:51,9.4,--,207,194580,卖盘
2254,09:58:47,9.4,0.01,28,26320,中性盘
2255,09:58:41,9.39,-0.01,270,253530,卖盘
2256,09:58:36,9.4,0.01,169,158860,买盘
2257,09:58:31,9.39,-0.01,45,42255,卖盘
2258,09:58:26,9.4,--,39,36660,买盘
2259,09:58:21,9.4,-0.01,461,433340,卖盘
2260,09:58:16,9.41,0.01,27,25407,卖盘
2261,09:58:11,9.4,-0.01,236,221840,卖盘
2262,09:58:06,9.41,0.01,202,190082,买盘
2263,09:58:01,9.4,-0.01,57,53580,卖盘
2264,09:57:56,9.41,--,5,4705,买盘
2265,09:57:51,9.41,-0.01,186,175026,中性盘
2266,09:57:46,9.42,--,25,23550,买盘
2267,09:57:41,9.42,--,967,910914,买盘
2268,09:57:36,9.42,-0.01,717,675414,卖盘
2269,09:57:31,9.43,-0.01,108,101844,卖盘
2270,09:57:26,9.44,--,204,192576,买盘
2271,09:57:21,9.44,0.01,9,8496,买盘
2272,09:57:16,9.43,--,37,34891,卖盘
2273,09:57:11,9.43,--,58,54694,卖盘
2274,09:57:06,9.43,-0.01,39,36777,卖盘
2275,09:56:56,9.44,--,15,14160,买盘
2276,09:56:51,9.44,0.01,133,125552,买盘
2277,09:56:46,9.43,-0.01,20,18860,卖盘
2278,09:56:41,9.44,--,102,96288,买盘
2279,09:56:36,9.44,--,441,416304,买盘
2280,09:56:26,9.44,--,25,23600,买盘
2281,09:56:21,9.44,-0.02,277,261488,卖盘
2282,09:56:16,9.46,0.01,240,227040,买盘
2283,09:56:11,9.45,-0.01,1,944,买盘
2284,09:56:06,9.46,0.01,33,31218,买盘
2285,09:56:01,9.45,--,33,31184,卖盘
2286,09:55:56,9.45,--,15,14174,卖盘
2287,09:55:51,9.45,--,22,20790,卖盘
2288,09:55:46,9.45,-0.01,103,97334,卖盘
2289,09:55:41,9.46,0.01,431,407726,买盘
2290,09:55:36,9.45,--,364,343980,卖盘
2291,09:55:31,9.45,--,148,139860,卖盘
2292,09:55:26,9.45,--,50,47250,卖盘
2293,09:55:21,9.45,--,60,56699,卖盘
2294,09:55:16,9.45,--,5,4725,卖盘
2295,09:55:11,9.45,--,81,76545,卖盘
2296,09:55:06,9.45,--,212,200339,卖盘
2297,09:54:56,9.45,-0.01,22,20790,卖盘
2298,09:54:51,9.46,--,5,4730,买盘
2299,09:54:46,9.46,--,31,29326,买盘
2300,09:54:41,9.46,--,75,70950,卖盘
2301,09:54:36,9.46,--,44,41624,卖盘
2302,09:54:31,9.46,-0.01,23,21758,卖盘
2303,09:54:26,9.47,0.02,50,47350,买盘
2304,09:54:21,9.45,-0.01,10,9450,卖盘
2305,09:54:16,9.46,-0.02,3,2838,中性盘
2306,09:54:11,9.48,0.02,2025,1919700,买盘
2307,09:54:06,9.46,-0.02,217,205282,卖盘
2308,09:54:01,9.48,--,110,104280,买盘
2309,09:53:56,9.48,0.02,12,11376,买盘
2310,09:53:51,9.46,--,45,42570,卖盘
2311,09:53:46,9.46,0.01,7,6622,中性盘
2312,09:53:41,9.45,-0.01,173,163485,卖盘
2313,09:53:35,9.46,--,149,140954,卖盘
2314,09:53:31,9.46,--,47,44462,卖盘
2315,09:53:26,9.46,--,100,94600,卖盘
2316,09:53:20,9.46,0.01,522,493812,买盘
2317,09:53:16,9.45,--,266,251369,卖盘
2318,09:53:11,9.45,--,8,7559,卖盘
2319,09:53:05,9.45,--,87,82215,卖盘
2320,09:53:01,9.45,0.01,95,89775,买盘
2321,09:52:56,9.44,-0.01,215,202960,卖盘
2322,09:52:50,9.45,--,32,30239,卖盘
2323,09:52:46,9.45,0.01,147,138915,买盘
2324,09:52:41,9.44,-0.01,21,19824,卖盘
2325,09:52:35,9.45,--,29,27404,买盘
2326,09:52:30,9.45,--,53,50084,买盘
2327,09:52:26,9.45,--,357,337365,卖盘
2328,09:52:20,9.45,--,150,141750,卖盘
2329,09:52:15,9.45,-0.01,114,107729,卖盘
2330,09:52:11,9.46,--,265,251626,买盘
2331,09:52:05,9.46,--,1124,1063304,买盘
2332,09:52:00,9.46,--,66,62436,买盘
2333,09:51:56,9.46,0.01,41,38786,买盘
2334,09:51:50,9.45,-0.01,20,18900,卖盘
2335,09:51:45,9.46,0.01,2,1892,买盘
2336,09:51:41,9.45,--,8,7569,买盘
2337,09:51:35,9.45,--,195,184275,买盘
2338,09:51:30,9.45,--,159,150255,买盘
2339,09:51:26,9.45,--,126,119069,买盘
2340,09:51:20,9.45,-0.01,669,633140,卖盘
2341,09:51:15,9.46,--,436,412456,买盘
2342,09:51:10,9.46,--,12,11352,买盘
2343,09:51:05,9.46,-0.04,264,249744,中性盘
2344,09:51:00,9.5,0.05,402,381900,买盘
2345,09:50:50,9.45,--,308,291060,卖盘
2346,09:50:45,9.45,--,175,165384,卖盘
2347,09:50:35,9.45,0.02,23,21735,中性盘
2348,09:50:30,9.43,-0.02,1035,976005,卖盘
2349,09:50:25,9.45,--,5,4725,买盘
2350,09:50:20,9.45,--,25,23625,买盘
2351,09:50:15,9.45,0.02,549,518804,买盘
2352,09:50:10,9.43,0.01,30,28290,卖盘
2353,09:50:05,9.42,-0.01,618,582156,卖盘
2354,09:50:00,9.43,--,358,337594,买盘
2355,09:49:55,9.43,0.01,21,19803,买盘
2356,09:49:50,9.42,--,40,37680,卖盘
2357,09:49:45,9.42,-0.01,663,624546,卖盘
2358,09:49:40,9.43,0.03,2,1886,买盘
2359,09:49:35,9.4,-0.02,2139,2010660,卖盘
2360,09:49:30,9.42,--,74,69708,买盘
2361,09:49:25,9.42,0.01,306,288252,买盘
2362,09:49:20,9.41,--,346,325586,卖盘
2363,09:49:15,9.41,-0.01,113,106333,卖盘
2364,09:49:10,9.42,--,77,72534,买盘
2365,09:49:05,9.42,--,363,341946,卖盘
2366,09:49:00,9.42,-0.01,68,64056,卖盘
2367,09:48:55,9.43,--,146,137678,买盘
2368,09:48:50,9.43,-0.01,604,569572,中性盘
2369,09:48:45,9.44,--,351,331344,买盘
2370,09:48:40,9.44,0.02,118,111392,买盘
2371,09:48:35,9.42,-0.03,103,97026,卖盘
2372,09:48:30,9.45,0.01,11,10395,买盘
2373,09:48:25,9.44,0.04,37,34928,买盘
2374,09:48:20,9.4,-0.05,1637,1538780,卖盘
2375,09:48:15,9.45,--,85,80325,买盘
2376,09:48:10,9.45,--,44,41580,卖盘
2377,09:48:05,9.45,--,92,86940,买盘
2378,09:48:00,9.45,0.02,63,59534,中性盘
2379,09:47:55,9.43,-0.03,855,806265,卖盘
2380,09:47:50,9.46,0.01,30,28380,买盘
2381,09:47:45,9.45,--,64,60479,买盘
2382,09:47:40,9.45,--,27,25514,买盘
2383,09:47:35,9.45,0.01,41,38745,买盘
2384,09:47:30,9.44,--,42,39648,卖盘
2385,09:47:25,9.44,--,554,522976,买盘
2386,09:47:20,9.44,--,130,122720,买盘
2387,09:47:15,9.44,0.01,288,271872,买盘
2388,09:47:10,9.43,-0.01,17,16031,卖盘
2389,09:47:05,9.44,0.01,369,348336,买盘
2390,09:47:00,9.43,--,221,208403,买盘
2391,09:46:55,9.43,0.03,50,47150,买盘
2392,09:46:45,9.4,-0.02,2000,1880000,卖盘
2393,09:46:40,9.42,0.01,75,70650,买盘
2394,09:46:34,9.41,--,30,28230,卖盘
2395,09:46:30,9.41,--,19,17879,卖盘
2396,09:46:25,9.41,--,177,166557,卖盘
2397,09:46:20,9.41,0.01,3,2823,买盘
2398,09:46:14,9.4,-0.01,84,78960,卖盘
2399,09:46:10,9.41,0.01,431,405571,买盘
2400,09:46:05,9.4,--,96,90240,买盘
2401,09:45:59,9.4,0.01,117,109980,买盘
2402,09:45:55,9.39,-0.01,139,130521,卖盘
2403,09:45:50,9.4,--,133,125020,买盘
2404,09:45:44,9.4,0.01,1122,1054680,买盘
2405,09:45:40,9.39,-0.02,228,214092,卖盘
2406,09:45:35,9.41,--,16,15056,买盘
2407,09:45:29,9.41,0.01,47,44227,买盘
2408,09:45:25,9.4,-0.02,90,84600,卖盘
2409,09:45:20,9.42,0.01,222,209124,买盘
2410,09:45:14,9.41,--,107,100687,买盘
2411,09:45:10,9.41,0.01,69,64929,买盘
2412,09:45:04,9.4,-0.01,14,13160,卖盘
2413,09:44:59,9.41,--,212,199492,买盘
2414,09:44:55,9.41,-0.01,156,146796,卖盘
2415,09:44:49,9.42,--,8,7536,买盘
2416,09:44:44,9.42,--,563,530346,买盘
2417,09:44:39,9.42,--,34,32028,买盘
2418,09:44:34,9.42,0.01,162,152604,买盘
2419,09:44:29,9.41,-0.02,345,324645,卖盘
2420,09:44:24,9.43,--,263,248009,买盘
2421,09:44:19,9.43,--,54,50922,买盘
2422,09:44:14,9.43,--,420,396060,买盘
2423,09:44:09,9.43,-0.01,270,254610,卖盘
2424,09:44:04,9.44,--,156,147264,买盘
2425,09:43:59,9.44,0.01,167,157648,买盘
2426,09:43:54,9.43,--,147,138621,卖盘
2427,09:43:44,9.43,0.01,193,181999,买盘
2428,09:43:39,9.42,-0.01,217,204414,卖盘
2429,09:43:34,9.43,--,13,12259,买盘
2430,09:43:29,9.43,0.01,241,227263,买盘
2431,09:43:24,9.42,--,65,61230,卖盘
2432,09:43:19,9.42,0.03,14,13188,买盘
2433,09:43:14,9.39,-0.02,209,196251,卖盘
2434,09:43:09,9.41,0.02,163,154211,买盘
2435,09:43:04,9.39,-0.01,63,59157,卖盘
2436,09:42:59,9.4,0.01,76,71440,买盘
2437,09:42:54,9.39,-0.01,80,75120,中性盘
2438,09:42:49,9.4,--,61,57340,买盘
2439,09:42:44,9.4,0.01,845,794412,买盘
2440,09:42:39,9.39,-0.01,251,235689,卖盘
2441,09:42:34,9.4,--,79,74260,买盘
2442,09:42:29,9.4,-0.01,284,267787,中性盘
2443,09:42:24,9.41,0.01,118,111038,买盘
2444,09:42:19,9.4,-0.02,134,125960,卖盘
2445,09:42:14,9.42,0.01,197,185574,买盘
2446,09:42:09,9.41,0.01,1007,947587,买盘
2447,09:42:04,9.4,--,10,9400,卖盘
2448,09:41:59,9.4,0.02,711,668340,买盘
2449,09:41:54,9.38,-0.01,182,170716,卖盘
2450,09:41:49,9.39,--,52,48828,买盘
2451,09:41:44,9.39,--,572,537108,买盘
2452,09:41:39,9.39,--,419,393441,买盘
2453,09:41:34,9.39,0.04,75,70425,买盘
2454,09:41:29,9.35,-0.03,480,448800,卖盘
2455,09:41:24,9.38,-0.01,162,151956,买盘
2456,09:41:19,9.39,0.01,3940,3699660,买盘
2457,09:41:13,9.38,0.04,59,55342,买盘
2458,09:41:09,9.34,--,151,141034,卖盘
2459,09:41:04,9.34,0.03,709,662206,中性盘
2460,09:40:58,9.31,-0.04,548,510188,中性盘
2461,09:40:54,9.35,0.07,26,24310,买盘
2462,09:40:49,9.28,-0.02,179,166112,卖盘
2463,09:40:44,9.3,-0.07,37,34410,卖盘
2464,09:40:39,9.37,-0.02,416,389791,卖盘
2465,09:40:34,9.39,0.09,842,790638,买盘
2466,09:40:29,9.3,--,321,298530,买盘
2467,09:40:24,9.3,-0.09,2086,1939980,卖盘
2468,09:40:19,9.39,-0.01,1205,1131495,卖盘
2469,09:40:14,9.4,0.01,580,545200,买盘
2470,09:40:09,9.39,-0.02,777,729603,卖盘
2471,09:40:04,9.41,-0.01,119,111979,卖盘
2472,09:39:59,9.42,--,23,21666,卖盘
2473,09:39:54,9.42,0.03,554,521868,买盘
2474,09:39:48,9.39,--,2285,2145615,买盘
2475,09:39:44,9.39,0.01,86,80754,中性盘
2476,09:39:39,9.38,-0.02,1347,1263486,卖盘
2477,09:39:33,9.4,--,367,344980,买盘
2478,09:39:29,9.4,0.01,336,315840,买盘
2479,09:39:24,9.39,0.02,527,494853,卖盘
2480,09:39:18,9.37,-0.03,550,515349,卖盘
2481,09:39:14,9.4,--,64,60160,买盘
2482,09:39:09,9.4,--,583,548020,买盘
2483,09:39:03,9.4,--,549,516060,买盘
2484,09:38:58,9.4,-0.01,1238,1163720,卖盘
2485,09:38:53,9.41,--,383,360403,买盘
2486,09:38:48,9.41,-0.05,1352,1272232,卖盘
2487,09:38:44,9.46,0.05,495,468270,买盘
2488,09:38:38,9.41,-0.01,192,180672,卖盘
2489,09:38:33,9.42,0.02,595,560490,卖盘
2490,09:38:28,9.4,--,350,329000,卖盘
2491,09:38:23,9.4,-0.06,313,294220,卖盘
2492,09:38:18,9.46,0.05,595,562870,买盘
2493,09:38:14,9.41,--,356,334996,买盘
2494,09:38:08,9.41,-0.07,368,346288,卖盘
2495,09:38:03,9.48,0.02,231,218988,买盘
2496,09:37:58,9.46,-0.04,313,296098,卖盘
2497,09:37:53,9.5,--,364,345800,买盘
2498,09:37:48,9.5,--,128,121600,买盘
2499,09:37:43,9.5,-0.06,180,171000,卖盘
2500,09:37:38,9.56,-0.02,691,660596,中性盘
2501,09:37:33,9.58,-0.02,438,419604,买盘
2502,09:37:28,9.6,0.03,71,68160,买盘
2503,09:37:23,9.57,-0.02,233,222981,卖盘
2504,09:37:18,9.59,-0.03,171,163989,卖盘
2505,09:37:13,9.62,0.02,2,1923,中性盘
2506,09:37:08,9.6,-0.06,43,41280,卖盘
2507,09:37:03,9.66,0.02,862,832692,买盘
2508,09:36:58,9.64,-0.03,180,173520,卖盘
2509,09:36:53,9.67,-0.01,73,70591,卖盘
2510,09:36:48,9.68,--,48,46464,卖盘
2511,09:36:43,9.68,--,35,33880,卖盘
2512,09:36:38,9.68,-0.02,147,143157,卖盘
2513,09:36:33,9.7,-0.01,842,816739,卖盘
2514,09:36:28,9.71,--,229,222359,卖盘
2515,09:36:23,9.71,-0.01,87,84477,卖盘
2516,09:36:18,9.72,0.01,178,173016,买盘
2517,09:36:13,9.71,-0.01,453,439863,卖盘
2518,09:36:08,9.72,-0.01,34,33048,卖盘
2519,09:36:03,9.73,--,31,30163,买盘
2520,09:35:58,9.73,-0.01,95,92435,卖盘
2521,09:35:53,9.74,--,53,51622,买盘
2522,09:35:48,9.74,--,42,40908,买盘
2523,09:35:43,9.74,-0.01,6,5844,中性盘
2524,09:35:38,9.75,0.01,64,62400,买盘
2525,09:35:33,9.74,--,348,338952,买盘
2526,09:35:28,9.74,--,70,68180,卖盘
2527,09:35:18,9.74,--,13,12662,买盘
2528,09:35:13,9.74,-0.01,563,548362,卖盘
2529,09:35:08,9.75,0.01,60,58500,买盘
2530,09:35:03,9.74,--,246,239604,买盘
2531,09:34:58,9.74,-0.01,78,75972,卖盘
2532,09:34:53,9.75,--,11,10725,中性盘
2533,09:34:48,9.75,0.01,525,511875,买盘
2534,09:34:43,9.74,--,54,52596,买盘
2535,09:34:38,9.74,--,317,308758,买盘
2536,09:34:33,9.74,-0.01,47,45778,中性盘
2537,09:34:28,9.75,--,111,108225,买盘
2538,09:34:22,9.75,0.03,64,62400,卖盘
2539,09:34:18,9.72,-0.04,670,651240,卖盘
2540,09:34:13,9.76,0.02,34,33184,买盘
2541,09:34:07,9.74,-0.01,89,86686,卖盘
2542,09:34:03,9.75,--,86,83850,买盘
2543,09:33:58,9.75,0.01,932,908700,买盘
2544,09:33:52,9.74,--,63,61362,买盘
2545,09:33:48,9.74,--,373,363302,买盘
2546,09:33:43,9.74,-0.01,212,206488,卖盘
2547,09:33:38,9.75,0.02,7,6825,卖盘
2548,09:33:33,9.73,-0.02,461,448553,卖盘
2549,09:33:28,9.75,0.01,139,135525,买盘
2550,09:33:22,9.74,0.02,970,944780,买盘
2551,09:33:17,9.72,-0.02,400,388800,卖盘
2552,09:33:13,9.74,0.01,757,738282,买盘
2553,09:33:07,9.73,0.01,104,101192,买盘
2554,09:33:03,9.72,0.02,197,191484,买盘
2555,09:32:58,9.7,-0.01,205,198849,卖盘
2556,09:32:52,9.71,--,91,88361,买盘
2557,09:32:48,9.71,-0.01,468,454428,卖盘
2558,09:32:43,9.72,0.01,522,507870,买盘
2559,09:32:37,9.71,--,115,111665,卖盘
2560,09:32:33,9.71,--,312,302952,卖盘
2561,09:32:28,9.71,0.01,528,513290,买盘
2562,09:32:22,9.7,-0.01,175,169750,卖盘
2563,09:32:18,9.71,0.01,678,658338,买盘
2564,09:32:12,9.7,-0.02,206,199819,卖盘
2565,09:32:07,9.72,0.01,19,18468,买盘
2566,09:32:02,9.71,-0.02,770,747670,卖盘
2567,09:31:57,9.73,--,407,396011,买盘
2568,09:31:52,9.73,--,64,62272,买盘
2569,09:31:47,9.73,--,94,91471,卖盘
2570,09:31:42,9.73,-0.02,84,81732,卖盘
2571,09:31:37,9.75,--,22,22415,买盘
2572,09:31:32,9.75,-0.02,676,659100,卖盘
2573,09:31:27,9.77,-0.01,167,163159,中性盘
2574,09:31:22,9.78,-0.01,69,67482,卖盘
2575,09:31:17,9.79,-0.01,42,41118,中性盘
2576,09:31:12,9.8,--,61,59780,买盘
2577,09:31:07,9.8,-0.02,497,487060,卖盘
2578,09:31:02,9.82,--,113,110966,卖盘
2579,09:30:57,9.82,--,23,22586,卖盘
2580,09:30:52,9.82,-0.02,89,87398,卖盘
2581,09:30:47,9.84,-0.02,270,265680,卖盘
2582,09:30:42,9.86,0.01,87,85782,中性盘
2583,09:30:37,9.85,-0.04,48,47280,卖盘
2584,09:30:32,9.89,0.01,530,524170,买盘
2585,09:30:27,9.88,--,421,415948,卖盘
2586,09:30:22,9.88,-0.01,19,18772,卖盘
2587,09:30:17,9.89,--,75,74175,买盘
2588,09:30:12,9.89,--,104,102856,买盘
2589,09:30:07,9.89,-0.01,1723,1704047,卖盘
2590,09:30:02,9.9,-0.05,810,801900,卖盘
2591,09:28:45,9.95,--,0,0,买盘
2592,09:25:04,9.95,9.95,1461,1453695,买盘
