,time,price,change,volume,amount,type
0,15:00:00,10.01,--,0,0,买盘
1,15:00:00,10.01,--,0,0,买盘
2,14:59:57,10.01,--,40,40040,买盘
3,14:59:46,10.01,0.01,10,10010,买盘
4,14:59:42,10.0,-0.01,20,20000,卖盘
5,14:59:37,10.01,--,49,49049,买盘
6,14:59:31,10.01,--,54,54054,买盘
7,14:59:27,10.01,--,108,108108,卖盘
8,14:59:16,10.01,--,28,28028,买盘
9,14:59:12,10.01,--,4,4004,买盘
10,14:59:01,10.01,-0.01,10,10010,卖盘
11,14:58:57,10.02,--,29,29058,买盘
12,14:58:52,10.02,--,56,56112,买盘
13,14:58:46,10.02,--,18,18036,买盘
14,14:58:37,10.02,--,53,53106,买盘
15,14:58:31,10.02,--,27,27054,买盘
16,14:58:27,10.02,--,18,18036,买盘
17,14:58:22,10.02,--,0,0,买盘
18,14:58:16,10.02,0.02,111,111222,买盘
19,14:58:12,10.0,-0.01,15,15000,卖盘
20,14:58:07,10.01,--,5,5005,卖盘
21,14:58:01,10.01,0.01,46,46046,买盘
22,14:57:57,10.0,-0.01,10,10000,卖盘
23,14:57:52,10.01,0.01,66,66066,买盘
24,14:57:46,10.0,--,58,58000,买盘
25,14:57:42,10.0,--,10,10000,买盘
26,14:57:37,10.0,--,94,94000,买盘
27,14:57:31,10.0,--,54,54000,买盘
28,14:57:22,10.0,--,862,862000,卖盘
29,14:57:16,10.0,-0.01,127,127000,卖盘
30,14:57:12,10.01,-0.01,1,1001,买盘
31,14:57:07,10.02,0.02,19,19038,买盘
32,14:57:01,10.0,--,51,51000,卖盘
33,14:56:51,10.0,--,70,70000,卖盘
34,14:56:46,10.0,-0.02,307,307000,卖盘
35,14:56:42,10.02,--,36,36072,买盘
36,14:56:37,10.02,--,186,186372,买盘
37,14:56:31,10.02,--,124,124248,买盘
38,14:56:27,10.02,--,18,18036,买盘
39,14:56:21,10.02,-0.01,64,64128,买盘
40,14:56:07,10.03,0.01,18,18054,买盘
41,14:56:01,10.02,0.02,1,1002,中性盘
42,14:55:46,10.0,-0.03,246,246000,卖盘
43,14:55:37,10.03,--,64,64191,买盘
44,14:55:31,10.03,--,61,61182,买盘
45,14:55:25,10.03,-0.01,341,342745,卖盘
46,14:55:21,10.04,--,624,626496,买盘
47,14:55:16,10.04,--,28,28111,买盘
48,14:55:10,10.04,0.01,232,232927,买盘
49,14:54:55,10.03,-0.01,81,81243,卖盘
50,14:54:51,10.04,0.01,210,210839,买盘
51,14:54:46,10.03,-0.01,65,65194,卖盘
52,14:54:40,10.04,0.01,13,13051,买盘
53,14:54:36,10.03,0.02,1979,1985217,买盘
54,14:54:31,10.01,--,1,1001,卖盘
55,14:54:16,10.01,-0.01,7,7007,卖盘
56,14:54:10,10.02,--,244,245209,卖盘
57,14:54:06,10.02,--,143,143286,卖盘
58,14:54:01,10.02,-0.01,16,16032,卖盘
59,14:53:55,10.03,--,1,1002,买盘
60,14:53:46,10.03,--,232,232695,买盘
61,14:53:40,10.03,0.01,107,107321,买盘
62,14:53:36,10.02,--,195,195390,卖盘
63,14:53:31,10.02,--,7,7014,卖盘
64,14:53:21,10.02,--,42,42084,卖盘
65,14:53:16,10.02,-0.01,120,120240,卖盘
66,14:53:10,10.03,0.01,19,19057,买盘
67,14:53:06,10.02,-0.01,183,184047,卖盘
68,14:53:01,10.03,--,2,2005,买盘
69,14:52:55,10.03,0.01,13,13039,买盘
70,14:52:51,10.02,0.01,468,469537,买盘
71,14:52:46,10.01,-0.01,115,115115,卖盘
72,14:52:40,10.02,0.01,36,36072,买盘
73,14:52:36,10.01,0.01,132,132132,买盘
74,14:52:31,10.0,--,91,91000,卖盘
75,14:52:25,10.0,-0.01,33,33000,卖盘
76,14:52:21,10.01,--,162,162162,买盘
77,14:52:16,10.01,0.01,114,114114,买盘
78,14:52:10,10.0,-0.01,292,292000,卖盘
79,14:52:06,10.01,--,458,458458,买盘
80,14:52:01,10.01,--,77,77077,卖盘
81,14:51:55,10.01,--,19,19019,卖盘
82,14:51:51,10.01,--,184,184184,买盘
83,14:51:46,10.01,0.01,4,4004,买盘
84,14:51:40,10.0,--,324,324000,卖盘
85,14:51:36,10.0,--,320,320000,卖盘
86,14:51:31,10.0,-0.01,23,23000,卖盘
87,14:51:24,10.01,0.02,26,27016,买盘
88,14:51:21,9.99,-0.01,633,632376,卖盘
89,14:51:16,10.0,0.01,311,311990,买盘
90,14:51:10,9.99,-0.01,41,40959,卖盘
91,14:51:01,10.0,--,95,95000,买盘
92,14:50:55,10.0,0.01,50,50000,买盘
93,14:50:51,9.99,-0.01,13,13346,卖盘
94,14:50:45,10.0,0.01,1,1000,买盘
95,14:50:40,9.99,--,43,42957,卖盘
96,14:50:31,9.99,0.01,132,131868,买盘
97,14:50:25,9.98,--,95,94810,卖盘
98,14:50:21,9.98,-0.01,178,177644,卖盘
99,14:50:16,9.99,--,163,162837,买盘
100,14:50:10,9.99,0.01,167,166833,买盘
101,14:50:06,9.98,--,236,235528,卖盘
102,14:50:01,9.98,--,450,449100,卖盘
103,14:49:55,9.98,--,71,70858,卖盘
104,14:49:51,9.98,--,1000,998000,卖盘
105,14:49:46,9.98,-0.01,11,10978,卖盘
106,14:49:40,9.99,0.01,65,64935,买盘
107,14:49:36,9.98,--,20,19960,卖盘
108,14:49:31,9.98,--,228,227544,卖盘
109,14:49:25,9.98,--,565,563870,买盘
110,14:49:21,9.98,--,576,574848,买盘
111,14:49:16,9.98,-0.01,320,319360,卖盘
112,14:49:10,9.99,--,249,248751,买盘
113,14:49:05,9.99,--,32,31968,买盘
114,14:49:01,9.99,0.02,54,53946,买盘
115,14:48:55,9.97,-0.02,11,10967,卖盘
116,14:48:49,9.99,0.01,69,68931,买盘
117,14:48:46,9.98,--,59,58882,卖盘
118,14:48:40,9.98,--,184,184031,买盘
119,14:48:34,9.98,--,798,796404,买盘
120,14:48:30,9.98,0.01,79,78842,买盘
121,14:48:25,9.97,--,48,47856,卖盘
122,14:48:19,9.97,--,8,7976,卖盘
123,14:48:15,9.97,-0.01,157,156529,卖盘
124,14:48:10,9.98,0.01,23,22954,买盘
125,14:48:04,9.97,-0.01,12,11964,卖盘
126,14:48:00,9.98,--,4,3992,买盘
127,14:47:55,9.98,--,278,277444,卖盘
128,14:47:49,9.98,-0.01,20,19960,卖盘
129,14:47:45,9.99,--,88,87912,买盘
130,14:47:40,9.99,0.01,297,296703,买盘
131,14:47:34,9.98,0.01,5,4990,买盘
132,14:47:30,9.97,--,22,21934,卖盘
133,14:47:25,9.97,--,50,49850,卖盘
134,14:47:19,9.97,--,14,13958,卖盘
135,14:47:15,9.97,-0.01,8,7976,卖盘
136,14:47:09,9.98,0.01,14,13972,中性盘
137,14:47:04,9.97,-0.01,659,657023,卖盘
138,14:47:00,9.98,--,22,21956,卖盘
139,14:46:54,9.98,-0.01,160,159680,卖盘
140,14:46:49,9.99,--,26,25974,买盘
141,14:46:45,9.99,--,26,25974,买盘
142,14:46:40,9.99,0.01,1239,1237761,买盘
143,14:46:34,9.98,--,95,94810,卖盘
144,14:46:30,9.98,-0.01,269,268462,卖盘
145,14:46:25,9.99,--,133,132867,卖盘
146,14:46:19,9.99,--,5,4995,卖盘
147,14:46:15,9.99,0.01,310,310339,买盘
148,14:46:10,9.98,-0.01,91,90818,卖盘
149,14:46:04,9.99,--,99,99250,卖盘
150,14:46:00,9.99,--,79,78921,卖盘
151,14:45:49,9.99,--,88,87912,卖盘
152,14:45:45,9.99,--,28,27972,卖盘
153,14:45:39,9.99,--,111,111688,卖盘
154,14:45:34,9.99,--,113,112887,卖盘
155,14:45:29,9.99,--,12,11988,卖盘
156,14:45:25,9.99,--,1,999,卖盘
157,14:45:19,9.99,--,17,16983,卖盘
158,14:45:10,9.99,--,375,375474,买盘
159,14:45:04,9.99,--,8,7992,买盘
160,14:44:59,9.99,--,3,2997,买盘
161,14:44:55,9.99,--,601,600399,买盘
162,14:44:49,9.99,0.01,303,302697,买盘
163,14:44:45,9.98,-0.01,92,91816,卖盘
164,14:44:40,9.99,0.01,13,12987,买盘
165,14:44:34,9.98,-0.01,50,49900,卖盘
166,14:44:30,9.99,0.01,19,18981,买盘
167,14:44:25,9.98,-0.01,116,115768,卖盘
168,14:44:19,9.99,0.01,10,9990,买盘
169,14:44:15,9.98,--,17,16966,卖盘
170,14:44:10,9.98,--,202,201596,卖盘
171,14:44:04,9.98,-0.01,80,79840,卖盘
172,14:44:00,9.99,--,68,67932,买盘
173,14:43:55,9.99,0.01,55,54945,买盘
174,14:43:49,9.98,-0.01,133,132734,卖盘
175,14:43:45,9.99,0.01,1,999,买盘
176,14:43:40,9.98,--,30,29940,卖盘
177,14:43:34,9.98,--,173,172654,卖盘
178,14:43:29,9.98,-0.01,10,9980,卖盘
179,14:43:25,9.99,0.01,44,43956,买盘
180,14:43:19,9.98,--,545,543910,卖盘
181,14:43:14,9.98,-0.01,3,2994,卖盘
182,14:43:10,9.99,0.01,1020,1019479,买盘
183,14:43:03,9.98,-0.01,293,292414,卖盘
184,14:42:59,9.99,0.01,32,31968,买盘
185,14:42:55,9.98,-0.01,83,83243,卖盘
186,14:42:49,9.99,0.01,16,15984,买盘
187,14:42:44,9.98,--,112,111776,卖盘
188,14:42:40,9.98,--,178,177644,卖盘
189,14:42:34,9.98,--,40,39920,卖盘
190,14:42:30,9.98,--,61,60878,卖盘
191,14:42:25,9.98,--,22,21956,卖盘
192,14:42:19,9.98,--,85,84830,卖盘
193,14:42:09,9.98,-0.01,66,65868,卖盘
194,14:42:04,9.99,-0.01,2235,2233564,卖盘
195,14:42:00,10.0,0.01,21,21000,买盘
196,14:41:54,9.99,--,13,12987,卖盘
197,14:41:49,9.99,-0.01,188,188411,卖盘
198,14:41:43,10.0,0.01,21,21000,买盘
199,14:41:39,9.99,--,293,292707,卖盘
200,14:41:34,9.99,--,371,370629,卖盘
201,14:41:27,9.99,--,68,68531,卖盘
202,14:41:24,9.99,-0.01,26,25974,卖盘
203,14:41:19,10.0,--,289,289000,买盘
204,14:41:13,10.0,0.01,372,372000,买盘
205,14:41:09,9.99,-0.01,352,351648,卖盘
206,14:41:04,10.0,0.01,39,39000,买盘
207,14:40:58,9.99,--,11,10989,卖盘
208,14:40:54,9.99,-0.01,23,22977,卖盘
209,14:40:48,10.0,-0.01,1893,1893010,卖盘
210,14:40:43,10.01,0.01,129,129129,买盘
211,14:40:39,10.0,--,67,67000,卖盘
212,14:40:34,10.0,--,1158,1158000,卖盘
213,14:40:27,10.0,--,65,65000,卖盘
214,14:40:24,10.0,--,621,621000,卖盘
215,14:40:18,10.0,--,419,419000,卖盘
216,14:40:12,10.0,-0.01,51,51000,卖盘
217,14:40:09,10.01,0.01,31,31031,买盘
218,14:40:04,10.0,--,208,208000,卖盘
219,14:39:58,10.0,--,10,10000,卖盘
220,14:39:54,10.0,--,25,25000,卖盘
221,14:39:48,10.0,-0.01,546,546000,卖盘
222,14:39:43,10.01,0.01,50,50050,买盘
223,14:39:39,10.0,--,492,492000,卖盘
224,14:39:34,10.0,--,52,52000,卖盘
225,14:39:27,10.0,--,108,108000,卖盘
226,14:39:24,10.0,--,574,574000,卖盘
227,14:39:18,10.0,--,24,24000,卖盘
228,14:39:13,10.0,--,35,35000,卖盘
229,14:39:09,10.0,--,270,270000,卖盘
230,14:39:03,10.0,--,106,106000,卖盘
231,14:38:57,10.0,-0.01,128,128000,卖盘
232,14:38:54,10.01,0.01,64,64064,买盘
233,14:38:49,10.0,-0.01,70,70000,卖盘
234,14:38:42,10.01,0.01,251,251251,买盘
235,14:38:34,10.0,--,284,284000,卖盘
236,14:38:28,10.0,-0.01,40,40000,卖盘
237,14:38:24,10.01,--,39,39039,买盘
238,14:38:19,10.01,--,322,322502,卖盘
239,14:38:13,10.01,-0.01,446,446446,卖盘
240,14:38:09,10.02,0.01,75,75150,买盘
241,14:38:04,10.01,--,16,16016,卖盘
242,14:37:57,10.01,--,21,21021,卖盘
243,14:37:54,10.01,--,41,41041,卖盘
244,14:37:48,10.01,--,171,171171,卖盘
245,14:37:43,10.01,--,238,238238,卖盘
246,14:37:39,10.01,--,21,21021,卖盘
247,14:37:33,10.01,--,146,146146,卖盘
248,14:37:27,10.01,--,21,21021,卖盘
249,14:37:24,10.01,-0.01,79,79079,卖盘
250,14:37:18,10.02,0.01,49,49098,买盘
251,14:37:12,10.01,--,2,2002,卖盘
252,14:37:09,10.01,--,13,13013,卖盘
253,14:37:03,10.01,--,31,31031,卖盘
254,14:36:57,10.01,--,393,393393,卖盘
255,14:36:53,10.01,--,847,847847,卖盘
256,14:36:49,10.01,--,2,2002,卖盘
257,14:36:42,10.01,--,13,13013,卖盘
258,14:36:38,10.01,-0.01,13,13013,卖盘
259,14:36:34,10.02,0.01,63,63126,买盘
260,14:36:27,10.01,--,1,1001,卖盘
261,14:36:23,10.01,--,11,11011,卖盘
262,14:36:19,10.01,--,84,84084,卖盘
263,14:36:13,10.01,-0.01,57,57057,卖盘
264,14:36:08,10.02,--,10,10020,买盘
265,14:36:03,10.02,--,144,144288,买盘
266,14:35:58,10.02,0.01,186,186372,买盘
267,14:35:53,10.01,-0.01,4,4004,卖盘
268,14:35:49,10.02,--,16,16032,买盘
269,14:35:42,10.02,0.01,105,105210,买盘
270,14:35:37,10.01,--,11,11011,卖盘
271,14:35:33,10.01,--,6,6006,卖盘
272,14:35:27,10.01,-0.01,165,165165,卖盘
273,14:35:23,10.02,0.01,112,112224,买盘
274,14:35:18,10.01,--,16,16016,卖盘
275,14:35:03,10.01,--,14,14014,卖盘
276,14:34:57,10.01,--,130,130130,卖盘
277,14:34:53,10.01,--,13,13013,卖盘
278,14:34:42,10.01,-0.01,213,213213,卖盘
279,14:34:38,10.02,--,100,100200,买盘
280,14:34:33,10.02,--,115,115230,买盘
281,14:34:27,10.02,0.01,34,34068,买盘
282,14:34:21,10.01,-0.01,10,10010,卖盘
283,14:34:18,10.02,--,22,22044,买盘
284,14:34:12,10.02,--,5,5010,买盘
285,14:34:06,10.02,0.01,22,22044,买盘
286,14:34:03,10.01,--,31,31031,卖盘
287,14:33:57,10.01,--,13,13013,卖盘
288,14:33:48,10.01,--,19,19019,卖盘
289,14:33:43,10.01,--,31,31031,卖盘
290,14:33:33,10.01,--,19,19019,卖盘
291,14:33:27,10.01,--,12,12012,卖盘
292,14:33:21,10.01,--,1,1001,卖盘
293,14:33:18,10.01,--,3,3003,卖盘
294,14:33:12,10.01,-0.01,60,60060,卖盘
295,14:33:06,10.02,0.01,22,22044,买盘
296,14:33:03,10.01,--,11,11011,卖盘
297,14:32:57,10.01,--,2,2002,卖盘
298,14:32:51,10.01,--,18,18018,卖盘
299,14:32:48,10.01,--,54,54054,卖盘
300,14:32:43,10.01,--,10,10010,卖盘
301,14:32:37,10.01,--,2,2002,卖盘
302,14:32:33,10.01,--,36,36036,卖盘
303,14:32:27,10.01,-0.01,23,23023,卖盘
304,14:32:21,10.02,0.01,45,45090,买盘
305,14:32:18,10.01,-0.01,28,28028,卖盘
306,14:32:12,10.02,--,5,5010,买盘
307,14:31:57,10.02,--,448,448896,买盘
308,14:31:51,10.02,0.01,10,10020,买盘
309,14:31:47,10.01,-0.01,100,100100,卖盘
310,14:31:42,10.02,0.01,172,172344,买盘
311,14:31:36,10.01,--,20,20020,卖盘
312,14:31:32,10.01,--,2,2002,卖盘
313,14:31:21,10.01,-0.01,162,162162,卖盘
314,14:31:17,10.02,--,3,3006,买盘
315,14:31:06,10.02,--,3,3006,买盘
316,14:31:03,10.02,--,76,76152,买盘
317,14:30:57,10.02,--,56,56112,买盘
318,14:30:51,10.02,--,4,4008,买盘
319,14:30:42,10.02,--,18,18036,买盘
320,14:30:36,10.02,0.01,37,37074,买盘
321,14:30:32,10.01,-0.01,27,27027,卖盘
322,14:30:21,10.02,--,20,20040,买盘
323,14:30:17,10.02,0.01,25,25050,买盘
324,14:30:12,10.01,--,5,5005,卖盘
325,14:30:06,10.01,-0.01,278,278278,卖盘
326,14:29:51,10.02,0.01,1,1002,买盘
327,14:29:42,10.01,--,20,20020,卖盘
328,14:29:36,10.01,-0.01,33,33033,卖盘
329,14:29:32,10.02,0.01,18,18036,买盘
330,14:29:27,10.01,--,270,270270,卖盘
331,14:29:21,10.01,--,836,837656,买盘
332,14:29:17,10.01,--,19,19019,买盘
333,14:29:12,10.01,--,186,186366,卖盘
334,14:29:06,10.01,--,165,165165,卖盘
335,14:29:02,10.01,--,59,59059,卖盘
336,14:28:57,10.01,--,62,62062,卖盘
337,14:28:51,10.01,--,101,101101,卖盘
338,14:28:46,10.01,--,85,85085,卖盘
339,14:28:42,10.01,--,25,25025,卖盘
340,14:28:36,10.01,--,50,50050,卖盘
341,14:28:32,10.01,-0.01,6,6006,卖盘
342,14:28:27,10.02,0.01,325,325650,买盘
343,14:28:21,10.01,--,105,105105,卖盘
344,14:28:17,10.01,-0.01,52,52052,卖盘
345,14:28:12,10.02,0.01,22,22044,买盘
346,14:28:07,10.01,--,331,331331,卖盘
347,14:27:57,10.01,--,116,116116,卖盘
348,14:27:51,10.01,--,831,831831,卖盘
349,14:27:47,10.01,--,35,35035,卖盘
350,14:27:42,10.01,--,190,190190,卖盘
351,14:27:36,10.01,--,6,6006,卖盘
352,14:27:32,10.01,--,55,55055,卖盘
353,14:27:27,10.01,--,556,556556,卖盘
354,14:27:21,10.01,--,59,59059,卖盘
355,14:27:17,10.01,--,23,23023,卖盘
356,14:27:12,10.01,--,336,336336,卖盘
357,14:27:06,10.01,--,182,182182,卖盘
358,14:27:00,10.01,0.01,890,891710,买盘
359,14:26:57,10.0,--,110,110000,卖盘
360,14:26:51,10.0,-0.01,1,1000,卖盘
361,14:26:45,10.01,0.01,64,64064,买盘
362,14:26:42,10.0,-0.01,105,105000,卖盘
363,14:26:36,10.01,0.01,325,325325,买盘
364,14:26:30,10.0,-0.01,663,663180,卖盘
365,14:26:27,10.01,--,61,61061,卖盘
366,14:26:21,10.01,-0.01,4,4004,卖盘
367,14:26:15,10.02,--,3,3006,买盘
368,14:26:12,10.02,--,327,327654,买盘
369,14:26:06,10.02,0.01,1,1002,买盘
370,14:26:00,10.01,--,53,53053,卖盘
371,14:25:57,10.01,--,4,4004,卖盘
372,14:25:51,10.01,--,96,96096,卖盘
373,14:25:45,10.01,--,76,76076,卖盘
374,14:25:42,10.01,--,53,53053,卖盘
375,14:25:36,10.01,--,28,28028,卖盘
376,14:25:30,10.01,--,56,56056,卖盘
377,14:25:27,10.01,--,6,6006,卖盘
378,14:25:21,10.01,--,49,49049,卖盘
379,14:25:15,10.01,--,26,26026,卖盘
380,14:25:12,10.01,--,4,4004,卖盘
381,14:25:06,10.01,--,65,65065,卖盘
382,14:25:00,10.01,--,36,36036,卖盘
383,14:24:56,10.01,--,61,61061,卖盘
384,14:24:51,10.01,--,78,78078,卖盘
385,14:24:45,10.01,-0.01,55,55055,卖盘
386,14:24:41,10.02,--,16,16032,买盘
387,14:24:36,10.02,0.01,121,121242,买盘
388,14:24:30,10.01,--,6,6006,卖盘
389,14:24:26,10.01,--,26,26026,卖盘
390,14:24:21,10.01,--,402,402402,卖盘
391,14:24:15,10.01,--,52,52052,卖盘
392,14:24:11,10.01,-0.01,5,5005,卖盘
393,14:24:06,10.02,0.01,46,46092,买盘
394,14:24:00,10.01,--,135,135135,卖盘
395,14:23:56,10.01,-0.01,5,5005,卖盘
396,14:23:51,10.02,0.01,86,86172,买盘
397,14:23:45,10.01,--,6,6006,卖盘
398,14:23:40,10.01,--,54,54054,卖盘
399,14:23:36,10.01,-0.01,15,15015,卖盘
400,14:23:30,10.02,0.01,73,73146,买盘
401,14:23:26,10.01,--,6,6006,卖盘
402,14:23:21,10.01,--,125,125125,卖盘
403,14:23:15,10.01,-0.01,38,38038,卖盘
404,14:23:11,10.02,--,72,72144,买盘
405,14:23:06,10.02,0.01,52,52104,买盘
406,14:23:00,10.01,--,82,82082,卖盘
407,14:22:56,10.01,--,57,57057,卖盘
408,14:22:51,10.01,--,11,11011,卖盘
409,14:22:45,10.01,--,122,122122,卖盘
410,14:22:40,10.01,--,12,12012,卖盘
411,14:22:36,10.01,-0.01,54,54054,卖盘
412,14:22:30,10.02,0.01,17,17034,买盘
413,14:22:26,10.01,--,3,3003,卖盘
414,14:22:21,10.01,-0.01,87,87087,卖盘
415,14:22:15,10.02,0.01,55,55110,买盘
416,14:22:10,10.01,-0.01,60,60060,卖盘
417,14:22:06,10.02,--,28,28056,买盘
418,14:22:00,10.02,--,223,223446,买盘
419,14:21:54,10.02,--,43,43086,买盘
420,14:21:51,10.02,--,59,59118,买盘
421,14:21:45,10.02,0.01,30,30060,买盘
422,14:21:41,10.01,--,74,74074,卖盘
423,14:21:36,10.01,-0.01,48,48048,卖盘
424,14:21:30,10.02,--,159,159318,买盘
425,14:21:26,10.02,0.01,30,30060,买盘
426,14:21:21,10.01,-0.01,173,173173,卖盘
427,14:21:15,10.02,--,132,132264,买盘
428,14:21:11,10.02,--,10,10020,买盘
429,14:21:06,10.02,0.01,97,97194,买盘
430,14:21:00,10.01,-0.01,1181,1182181,卖盘
431,14:20:55,10.02,--,57,57114,卖盘
432,14:20:51,10.02,--,18,18036,卖盘
433,14:20:45,10.02,-0.01,62,62124,卖盘
434,14:20:36,10.03,0.01,83,83249,买盘
435,14:20:30,10.02,--,50,50100,卖盘
436,14:20:21,10.02,--,76,76152,卖盘
437,14:20:15,10.02,--,38,38076,卖盘
438,14:20:11,10.02,--,51,51102,卖盘
439,14:20:06,10.02,-0.01,34,34068,卖盘
440,14:20:00,10.03,0.01,61,61182,买盘
441,14:19:56,10.02,-0.01,39,39078,卖盘
442,14:19:51,10.03,0.01,204,204612,买盘
443,14:19:45,10.02,--,4,4008,卖盘
444,14:19:36,10.02,-0.01,58,58116,卖盘
445,14:19:30,10.03,0.01,2,2005,买盘
446,14:19:24,10.02,--,53,53106,卖盘
447,14:19:15,10.02,-0.01,85,85170,卖盘
448,14:19:09,10.03,0.01,73,73219,买盘
449,14:19:06,10.02,-0.01,95,95190,卖盘
450,14:19:00,10.03,--,31,31092,买盘
451,14:18:55,10.03,--,66,66198,买盘
452,14:18:50,10.03,--,28,28084,买盘
453,14:18:45,10.03,--,98,98294,买盘
454,14:18:39,10.03,0.01,51,51153,买盘
455,14:18:36,10.02,--,22,22044,卖盘
456,14:18:30,10.02,-0.01,60,60120,卖盘
457,14:18:24,10.03,0.01,168,168504,买盘
458,14:18:21,10.02,-0.01,50,50100,卖盘
459,14:18:09,10.03,0.01,158,158474,买盘
460,14:18:00,10.02,--,52,52104,卖盘
461,14:17:54,10.02,--,150,150300,卖盘
462,14:17:45,10.02,-0.01,192,192384,卖盘
463,14:17:39,10.03,--,551,552653,买盘
464,14:17:36,10.03,0.01,50,50150,买盘
465,14:17:30,10.02,--,4,4008,卖盘
466,14:17:24,10.02,--,106,106212,卖盘
467,14:17:15,10.02,--,67,67134,卖盘
468,14:17:09,10.02,--,417,417834,买盘
469,14:17:05,10.02,--,131,131262,买盘
470,14:17:00,10.02,0.01,31,31062,买盘
471,14:16:54,10.01,-0.01,85,85085,卖盘
472,14:16:50,10.02,--,95,95190,买盘
473,14:16:45,10.02,--,59,59118,买盘
474,14:16:39,10.02,--,72,72144,买盘
475,14:16:35,10.02,0.01,30,30060,买盘
476,14:16:30,10.01,--,94,94914,卖盘
477,14:16:24,10.01,--,33,33033,卖盘
478,14:16:20,10.01,-0.01,52,52052,卖盘
479,14:16:15,10.02,--,3,3006,买盘
480,14:16:09,10.02,--,125,125250,买盘
481,14:16:05,10.02,0.02,100,100200,买盘
482,14:16:00,10.0,-0.02,237,237000,卖盘
483,14:15:54,10.02,--,35,35070,买盘
484,14:15:50,10.02,--,42,42084,买盘
485,14:15:45,10.02,0.01,211,211422,买盘
486,14:15:39,10.01,--,2400,2402400,卖盘
487,14:15:34,10.01,-0.01,54,54054,卖盘
488,14:15:30,10.02,--,22,22044,买盘
489,14:15:24,10.02,-0.01,250,250500,卖盘
490,14:15:20,10.03,0.01,10,10030,买盘
491,14:15:15,10.02,--,104,104208,卖盘
492,14:15:00,10.02,-0.01,105,105210,卖盘
493,14:14:54,10.03,--,188,188564,买盘
494,14:14:45,10.03,--,34,34102,买盘
495,14:14:39,10.03,--,131,131393,买盘
496,14:14:35,10.03,--,11,11033,买盘
497,14:14:30,10.03,--,64,64191,买盘
498,14:14:24,10.03,--,13,13039,买盘
499,14:14:20,10.03,0.01,40,40120,买盘
500,14:14:15,10.02,-0.01,57,57114,卖盘
501,14:14:09,10.03,--,92,92276,买盘
502,14:14:05,10.03,--,20,20060,买盘
503,14:14:00,10.03,--,161,161483,买盘
504,14:13:54,10.03,--,113,113339,买盘
505,14:13:50,10.03,0.02,35,35105,买盘
506,14:13:45,10.01,-0.02,99,99099,卖盘
507,14:13:39,10.03,--,56,56168,买盘
508,14:13:34,10.03,0.01,83,83249,买盘
509,14:13:24,10.02,-0.01,188,188376,卖盘
510,14:13:15,10.03,--,186,186558,买盘
511,14:13:09,10.03,--,35,35105,买盘
512,14:13:05,10.03,--,0,0,买盘
513,14:13:00,10.03,0.01,173,173519,买盘
514,14:12:54,10.02,0.01,103,103206,买盘
515,14:12:50,10.01,-0.01,78,78078,卖盘
516,14:12:45,10.02,0.01,28,28056,买盘
517,14:12:39,10.01,--,77,77077,卖盘
518,14:12:33,10.01,--,76,76076,卖盘
519,14:12:24,10.01,--,25,25025,卖盘
520,14:12:14,10.01,-0.01,21,21021,卖盘
521,14:12:09,10.02,--,10,10020,买盘
522,14:12:03,10.02,0.01,14,14028,买盘
523,14:12:00,10.01,--,57,57057,卖盘
524,14:11:54,10.01,-0.01,60,60060,卖盘
525,14:11:48,10.02,0.01,66,66132,买盘
526,14:11:44,10.01,--,22,22022,卖盘
527,14:11:39,10.01,--,2,2002,卖盘
528,14:11:33,10.01,--,58,58058,卖盘
529,14:11:24,10.01,-0.01,21,21021,卖盘
530,14:11:18,10.02,0.01,20,20040,买盘
531,14:11:15,10.01,-0.01,22,22022,卖盘
532,14:11:09,10.02,--,109,109218,买盘
533,14:11:03,10.02,--,131,131262,买盘
534,14:11:00,10.02,--,28,28056,买盘
535,14:10:54,10.02,0.01,28,28056,买盘
536,14:10:48,10.01,-0.01,132,132132,卖盘
537,14:10:44,10.02,0.01,60,60120,买盘
538,14:10:39,10.01,--,280,280280,卖盘
539,14:10:33,10.01,--,3,3003,卖盘
540,14:10:29,10.01,-0.01,22,22022,卖盘
541,14:10:24,10.02,0.01,28,28056,买盘
542,14:10:18,10.01,--,21,21021,卖盘
543,14:10:09,10.01,--,23,23023,卖盘
544,14:10:03,10.01,-0.01,100,100100,卖盘
545,14:09:59,10.02,--,34,34068,买盘
546,14:09:54,10.02,0.01,90,90180,买盘
547,14:09:44,10.01,--,64,64064,卖盘
548,14:09:39,10.01,-0.01,33,33033,卖盘
549,14:09:33,10.02,0.01,68,68136,买盘
550,14:09:28,10.01,--,19,19019,卖盘
551,14:09:24,10.01,--,224,224224,卖盘
552,14:09:18,10.01,-0.01,30,30030,卖盘
553,14:09:13,10.02,0.01,95,95190,买盘
554,14:09:09,10.01,--,117,117307,卖盘
555,14:09:03,10.01,--,327,327327,卖盘
556,14:08:54,10.01,--,21,21021,卖盘
557,14:08:48,10.01,-0.01,70,70070,卖盘
558,14:08:39,10.02,0.01,64,64128,买盘
559,14:08:33,10.01,--,13,13013,卖盘
560,14:08:29,10.01,--,18,18018,卖盘
561,14:08:24,10.01,--,8,8008,卖盘
562,14:08:18,10.01,-0.01,21,21021,卖盘
563,14:08:09,10.02,--,30,30060,买盘
564,14:08:03,10.02,0.01,99,99198,买盘
565,14:07:59,10.01,--,368,368368,卖盘
566,14:07:54,10.01,-0.01,23,23023,卖盘
567,14:07:48,10.02,0.01,20,20040,买盘
568,14:07:43,10.01,--,103,103103,卖盘
569,14:07:39,10.01,-0.01,34,34034,卖盘
570,14:07:33,10.02,0.01,153,153306,买盘
571,14:07:18,10.01,-0.01,20,20020,卖盘
572,14:07:14,10.02,0.01,20,20040,买盘
573,14:07:09,10.01,--,74,74074,卖盘
574,14:07:03,10.01,-0.01,83,83083,卖盘
575,14:06:59,10.02,0.01,62,62124,买盘
576,14:06:54,10.01,-0.01,35,35035,卖盘
577,14:06:48,10.02,--,69,69138,买盘
578,14:06:44,10.02,--,18,18036,买盘
579,14:06:39,10.02,0.01,64,64128,买盘
580,14:06:33,10.01,--,220,220220,卖盘
581,14:06:29,10.01,--,10,10010,卖盘
582,14:06:24,10.01,--,138,138138,卖盘
583,14:06:18,10.01,--,13,13013,卖盘
584,14:06:14,10.01,--,1,1001,卖盘
585,14:06:09,10.01,-0.01,73,73073,卖盘
586,14:06:03,10.02,--,17,17034,买盘
587,14:05:57,10.02,0.02,288,288576,买盘
588,14:05:53,10.0,-0.01,2,2000,卖盘
589,14:05:48,10.01,--,187,187187,买盘
590,14:05:44,10.01,--,159,159159,买盘
591,14:05:38,10.01,--,23,23023,买盘
592,14:05:33,10.01,--,76,76076,买盘
593,14:05:27,10.01,0.01,72,72072,买盘
594,14:05:24,10.0,-0.01,27,27800,卖盘
595,14:05:18,10.01,0.01,110,110110,买盘
596,14:05:12,10.0,-0.01,25,25000,卖盘
597,14:05:09,10.01,--,28,28028,买盘
598,14:05:03,10.01,--,28,28028,买盘
599,14:04:57,10.01,--,29,29029,买盘
600,14:04:53,10.01,--,81,81081,买盘
601,14:04:48,10.01,-0.01,885,886005,卖盘
602,14:04:42,10.02,--,120,120240,买盘
603,14:04:39,10.02,0.01,59,59118,买盘
604,14:04:33,10.01,--,633,633633,卖盘
605,14:04:27,10.01,--,362,362362,卖盘
606,14:04:23,10.01,--,2,2002,卖盘
607,14:04:18,10.01,--,22,22022,卖盘
608,14:04:12,10.01,-0.01,219,219219,卖盘
609,14:04:08,10.02,--,49,49098,买盘
610,14:03:57,10.02,0.01,40,40080,买盘
611,14:03:48,10.01,--,12,12012,卖盘
612,14:03:42,10.01,--,76,76076,卖盘
613,14:03:33,10.01,-0.01,40,40040,卖盘
614,14:03:23,10.02,0.01,77,77154,买盘
615,14:03:18,10.01,--,45,45045,卖盘
616,14:03:12,10.01,-0.01,20,20020,卖盘
617,14:03:03,10.02,0.01,37,37074,买盘
618,14:02:57,10.01,--,67,67067,卖盘
619,14:02:53,10.01,--,16,16016,卖盘
620,14:02:48,10.01,-0.01,19,19019,卖盘
621,14:02:42,10.02,0.01,101,101202,买盘
622,14:02:33,10.01,-0.01,67,67067,卖盘
623,14:02:27,10.02,0.01,47,47094,买盘
624,14:02:21,10.01,-0.01,3,3003,卖盘
625,14:02:18,10.02,0.01,913,915817,买盘
626,14:02:12,10.01,--,24,24024,卖盘
627,14:02:03,10.01,--,38,38038,卖盘
628,14:01:57,10.01,-0.01,13,13013,卖盘
629,14:01:48,10.02,--,26,26522,卖盘
630,14:01:38,10.02,--,51,51102,卖盘
631,14:01:33,10.02,-0.01,1568,1571576,卖盘
632,14:01:27,10.03,--,64,64191,买盘
633,14:01:23,10.03,--,38,38114,买盘
634,14:01:18,10.03,0.01,20,20060,买盘
635,14:01:12,10.02,--,189,189378,卖盘
636,14:01:08,10.02,--,1,1002,卖盘
637,14:01:03,10.02,--,51,51102,卖盘
638,14:00:57,10.02,--,3,3006,卖盘
639,14:00:53,10.02,--,19,19038,卖盘
640,14:00:48,10.02,--,55,55110,卖盘
641,14:00:42,10.02,--,21,21042,卖盘
642,14:00:33,10.02,--,54,54108,卖盘
643,14:00:27,10.02,--,44,44088,卖盘
644,14:00:23,10.02,-0.01,180,180360,卖盘
645,14:00:18,10.03,0.01,93,93279,买盘
646,14:00:12,10.02,--,19,19038,卖盘
647,14:00:03,10.02,--,72,72144,卖盘
648,13:59:57,10.02,-0.01,76,76152,卖盘
649,13:59:53,10.03,--,28,28084,买盘
650,13:59:47,10.03,--,35,35105,买盘
651,13:59:42,10.03,--,82,82246,买盘
652,13:59:27,10.03,--,377,378341,卖盘
653,13:59:18,10.03,--,21,21063,卖盘
654,13:59:12,10.03,--,188,188564,卖盘
655,13:59:08,10.03,--,50,50150,卖盘
656,13:58:57,10.03,--,20,20060,卖盘
657,13:58:53,10.03,--,22,22066,卖盘
658,13:58:47,10.03,--,50,50150,卖盘
659,13:58:42,10.03,-0.01,10,10030,卖盘
660,13:58:37,10.04,--,303,304212,买盘
661,13:58:32,10.04,--,34,34136,买盘
662,13:58:27,10.04,0.01,45,45179,买盘
663,13:58:22,10.03,--,61,61182,卖盘
664,13:58:17,10.03,--,89,89267,卖盘
665,13:58:12,10.03,-0.01,20,20060,卖盘
666,13:58:06,10.04,0.01,21,21084,买盘
667,13:58:02,10.03,--,66,66599,卖盘
668,13:57:57,10.03,--,53,53159,卖盘
669,13:57:51,10.03,--,19,19057,卖盘
670,13:57:47,10.03,--,1,1604,卖盘
671,13:57:42,10.03,--,53,53159,卖盘
672,13:57:36,10.03,--,85,85255,卖盘
673,13:57:32,10.03,-0.01,19,19057,卖盘
674,13:57:27,10.04,0.01,79,79316,买盘
675,13:57:21,10.03,--,41,41123,卖盘
676,13:57:12,10.03,--,128,128383,卖盘
677,13:57:06,10.03,-0.01,69,69207,卖盘
678,13:57:02,10.04,0.01,76,76304,买盘
679,13:56:57,10.03,-0.01,20,20060,卖盘
680,13:56:51,10.04,0.01,277,278108,买盘
681,13:56:42,10.03,--,3,3009,卖盘
682,13:56:36,10.03,--,161,161483,卖盘
683,13:56:27,10.03,--,42,42908,卖盘
684,13:56:21,10.03,--,19,19057,卖盘
685,13:56:17,10.03,--,83,83249,卖盘
686,13:56:12,10.03,--,19,19057,卖盘
687,13:55:57,10.03,-0.01,42,42136,卖盘
688,13:55:51,10.04,0.01,50,50199,买盘
689,13:55:46,10.03,--,5,5015,卖盘
690,13:55:42,10.03,--,344,345032,卖盘
691,13:55:36,10.03,--,21,21063,卖盘
692,13:55:31,10.03,--,45,45135,卖盘
693,13:55:12,10.03,-0.01,9,9027,卖盘
694,13:55:06,10.04,0.01,39,39156,买盘
695,13:54:57,10.03,--,5,5015,卖盘
696,13:54:51,10.03,--,358,359074,卖盘
697,13:54:46,10.03,--,18,18054,卖盘
698,13:54:36,10.03,--,52,52156,卖盘
699,13:54:27,10.03,--,3,3009,卖盘
700,13:54:16,10.03,--,118,118353,卖盘
701,13:54:06,10.03,--,177,177531,卖盘
702,13:53:57,10.03,--,21,21063,卖盘
703,13:53:36,10.03,--,146,146438,卖盘
704,13:53:21,10.03,--,3,3009,卖盘
705,13:53:12,10.03,--,222,222666,卖盘
706,13:53:06,10.03,-0.01,8,8023,卖盘
707,13:52:51,10.04,0.01,120,120479,买盘
708,13:52:46,10.03,--,104,104312,卖盘
709,13:52:36,10.03,-0.01,14,14042,卖盘
710,13:52:31,10.04,--,14,14055,买盘
711,13:52:16,10.04,--,20,20080,买盘
712,13:52:06,10.04,--,175,175699,买盘
713,13:52:00,10.04,0.01,91,91363,买盘
714,13:51:46,10.03,--,113,113339,卖盘
715,13:51:41,10.03,--,73,73219,卖盘
716,13:51:36,10.03,--,2,2005,卖盘
717,13:51:32,10.03,-0.01,3,3009,卖盘
718,13:51:21,10.04,--,146,146584,买盘
719,13:51:06,10.04,0.01,127,127507,买盘
720,13:51:01,10.03,--,149,149447,卖盘
721,13:50:51,10.03,--,3,3009,卖盘
722,13:50:45,10.03,-0.01,14,14042,卖盘
723,13:50:41,10.04,--,36,36144,买盘
724,13:50:26,10.04,--,5,5020,买盘
725,13:50:21,10.04,--,460,461839,买盘
726,13:50:15,10.04,0.01,257,258027,买盘
727,13:50:11,10.03,--,2,2005,卖盘
728,13:50:06,10.03,-0.01,73,73219,卖盘
729,13:50:00,10.04,--,2,2007,买盘
730,13:49:56,10.04,0.01,16,16063,买盘
731,13:49:45,10.03,--,6,6950,卖盘
732,13:49:30,10.03,-0.01,3,3009,卖盘
733,13:49:26,10.04,--,1,1003,买盘
734,13:49:11,10.04,--,29,29115,买盘
735,13:49:06,10.04,--,2,2007,买盘
736,13:49:00,10.04,0.01,1,1003,买盘
737,13:48:51,10.03,-0.01,3,3009,卖盘
738,13:48:21,10.04,--,23,23091,买盘
739,13:48:11,10.04,0.01,2,2007,买盘
740,13:48:06,10.03,-0.01,50,50150,卖盘
741,13:48:00,10.04,0.01,77,77308,买盘
742,13:47:55,10.03,-0.01,70,70210,卖盘
743,13:47:51,10.04,0.01,2,2007,买盘
744,13:47:30,10.03,-0.01,2,2005,卖盘
745,13:47:21,10.04,0.01,20,20080,买盘
746,13:47:15,10.03,--,178,178534,买盘
747,13:47:00,10.03,--,1,1002,买盘
748,13:46:55,10.03,--,5,5015,买盘
749,13:46:51,10.03,--,41,41123,买盘
750,13:46:45,10.03,0.01,18,18054,买盘
751,13:46:30,10.02,--,435,435870,卖盘
752,13:46:25,10.02,-0.01,60,60120,卖盘
753,13:46:21,10.03,--,7,7021,买盘
754,13:46:10,10.03,--,35,35105,买盘
755,13:46:06,10.03,0.01,17,17051,买盘
756,13:45:55,10.02,--,146,146292,卖盘
757,13:45:50,10.02,-0.01,133,133266,卖盘
758,13:45:40,10.03,--,3,3009,买盘
759,13:45:35,10.03,--,28,28084,买盘
760,13:45:30,10.03,--,5,5015,买盘
761,13:45:25,10.03,--,63,63188,买盘
762,13:45:15,10.03,0.01,4,4011,买盘
763,13:45:10,10.02,--,2,2004,卖盘
764,13:44:55,10.02,-0.01,160,160320,卖盘
765,13:44:40,10.03,--,5,5015,买盘
766,13:44:30,10.03,0.01,28,28084,买盘
767,13:44:25,10.02,--,33,33156,卖盘
768,13:44:20,10.02,-0.01,3,3006,卖盘
769,13:44:15,10.03,0.01,89,89267,买盘
770,13:44:10,10.02,-0.01,436,436872,卖盘
771,13:44:00,10.03,0.01,57,57170,买盘
772,13:43:54,10.02,--,2,2004,卖盘
773,13:43:45,10.02,--,428,428856,买盘
774,13:43:40,10.02,--,20,20040,买盘
775,13:43:35,10.02,0.01,46,46092,买盘
776,13:43:30,10.01,-0.01,3,3003,卖盘
777,13:43:20,10.02,--,50,50100,买盘
778,13:43:15,10.02,-0.01,185,185370,卖盘
779,13:43:09,10.03,0.01,32,32095,买盘
780,13:43:00,10.02,--,31,31062,卖盘
781,13:42:55,10.02,--,365,365730,卖盘
782,13:42:39,10.02,--,14,14028,卖盘
783,13:42:35,10.02,-0.01,3,3006,卖盘
784,13:42:30,10.03,-0.01,28,28084,买盘
785,13:42:09,10.04,--,77,77308,买盘
786,13:42:00,10.04,--,155,155620,买盘
787,13:41:54,10.04,0.03,42,42168,买盘
788,13:41:50,10.01,--,0,0,卖盘
789,13:41:45,10.01,-0.03,3,3003,卖盘
790,13:41:39,10.04,0.03,28,28111,买盘
791,13:41:34,10.01,-0.03,365,365365,卖盘
792,13:41:30,10.04,0.01,174,174695,买盘
793,13:41:24,10.03,0.01,35,35105,买盘
794,13:41:20,10.02,-0.01,29,29058,卖盘
795,13:41:09,10.03,0.02,305,305915,买盘
796,13:41:05,10.01,-0.02,146,146146,卖盘
797,13:41:00,10.03,0.01,26,26078,中性盘
798,13:40:50,10.02,--,3,3006,卖盘
799,13:40:45,10.02,--,5,5010,卖盘
800,13:40:39,10.02,--,368,368736,卖盘
801,13:40:30,10.02,-0.01,146,146292,卖盘
802,13:40:24,10.03,-0.01,3,3009,卖盘
803,13:40:15,10.04,0.01,53,53211,买盘
804,13:40:09,10.03,-0.01,5,5015,卖盘
805,13:40:04,10.04,0.01,28,28111,买盘
806,13:40:00,10.03,--,2,2005,卖盘
807,13:39:49,10.03,0.02,24,24072,买盘
808,13:39:39,10.01,-0.03,365,365365,卖盘
809,13:39:34,10.04,0.02,245,245979,买盘
810,13:39:30,10.02,--,381,381772,卖盘
811,13:39:15,10.02,--,56,56112,卖盘
812,13:39:04,10.02,-0.01,3,3006,卖盘
813,13:38:54,10.03,0.01,84,84252,买盘
814,13:38:49,10.02,--,23,23046,卖盘
815,13:38:39,10.02,-0.01,15,15030,卖盘
816,13:38:34,10.03,0.01,68,68204,买盘
817,13:38:19,10.02,--,104,104208,卖盘
818,13:38:14,10.02,--,14,14028,卖盘
819,13:38:09,10.02,--,219,219438,卖盘
820,13:38:04,10.02,--,4,4008,卖盘
821,13:37:54,10.02,-0.01,368,368736,卖盘
822,13:37:48,10.03,--,25,25075,买盘
823,13:37:33,10.03,--,17,17051,买盘
824,13:37:30,10.03,0.01,3,3009,买盘
825,13:37:24,10.02,-0.01,102,102204,卖盘
826,13:37:09,10.03,--,1,1002,买盘
827,13:37:04,10.03,--,20,20060,买盘
828,13:36:59,10.03,--,1,1002,买盘
829,13:36:54,10.03,--,823,826431,买盘
830,13:36:49,10.03,0.01,5,5015,买盘
831,13:36:34,10.02,--,365,365730,卖盘
832,13:36:29,10.02,--,219,219438,卖盘
833,13:36:24,10.02,-0.01,40,40080,卖盘
834,13:36:14,10.03,0.01,5,5015,买盘
835,13:36:09,10.02,-0.01,219,219438,卖盘
836,13:36:04,10.03,--,3,3009,买盘
837,13:35:59,10.03,--,200,200600,买盘
838,13:35:54,10.03,--,517,518550,卖盘
839,13:35:49,10.03,--,58,58173,卖盘
840,13:35:39,10.03,-0.01,1492,1496476,买盘
841,13:35:34,10.04,0.01,437,438747,买盘
842,13:35:24,10.03,-0.01,146,146438,中性盘
843,13:35:18,10.04,0.02,150,150600,买盘
844,13:35:14,10.02,--,23,23046,卖盘
845,13:35:03,10.02,--,294,294588,卖盘
846,13:34:58,10.02,-0.01,146,146292,卖盘
847,13:34:54,10.03,0.01,11,11033,买盘
848,13:34:44,10.02,-0.01,25,25050,卖盘
849,13:34:39,10.03,--,3,3009,买盘
850,13:34:28,10.03,--,106,106318,买盘
851,13:34:24,10.03,--,55,55165,买盘
852,13:34:18,10.03,--,30,30089,买盘
853,13:34:09,10.03,--,33,33099,卖盘
854,13:33:59,10.03,--,3,3009,卖盘
855,13:33:54,10.03,--,48,48144,买盘
856,13:33:48,10.03,0.01,30,30089,买盘
857,13:33:44,10.02,-0.01,393,393786,卖盘
858,13:33:39,10.03,--,1,1002,买盘
859,13:33:33,10.03,--,110,110330,买盘
860,13:33:29,10.03,0.01,60,60179,买盘
861,13:33:24,10.02,-0.01,52,52444,卖盘
862,13:33:18,10.03,0.01,83,83249,买盘
863,13:33:14,10.02,-0.01,25,25050,卖盘
864,13:33:09,10.03,--,228,228683,买盘
865,13:33:03,10.03,--,447,448341,买盘
866,13:32:58,10.03,--,86,86258,买盘
867,13:32:54,10.03,--,28,28084,买盘
868,13:32:48,10.03,--,50,50150,买盘
869,13:32:42,10.03,0.01,10,10030,卖盘
870,13:32:39,10.02,--,0,0,卖盘
871,13:32:33,10.02,-0.02,461,461922,卖盘
872,13:32:18,10.04,0.01,102,102407,买盘
873,13:32:13,10.03,-0.01,25,25075,卖盘
874,13:32:08,10.04,0.01,5,5020,买盘
875,13:32:03,10.03,--,271,271813,卖盘
876,13:31:48,10.03,--,33,33099,卖盘
877,13:31:43,10.03,--,165,165495,卖盘
878,13:31:38,10.03,-0.01,9,9027,卖盘
879,13:31:33,10.04,0.01,20,20080,买盘
880,13:31:28,10.03,--,20,20060,卖盘
881,13:31:23,10.03,--,2,2005,卖盘
882,13:31:13,10.03,--,25,25075,卖盘
883,13:31:08,10.03,--,39,39117,卖盘
884,13:31:03,10.03,--,101,101914,卖盘
885,13:30:43,10.03,-0.01,51,51684,卖盘
886,13:30:33,10.04,0.01,11,11043,买盘
887,13:30:28,10.03,--,2,2005,卖盘
888,13:30:23,10.03,-0.01,34,34102,卖盘
889,13:30:18,10.04,--,5,5020,买盘
890,13:30:03,10.04,--,1,1003,买盘
891,13:29:58,10.04,0.01,71,71284,买盘
892,13:29:53,10.03,-0.01,2,2005,卖盘
893,13:29:33,10.04,0.01,4,4015,买盘
894,13:29:23,10.03,-0.01,100,100300,卖盘
895,13:29:08,10.04,0.01,20,20080,买盘
896,13:29:03,10.03,-0.01,3,3009,卖盘
897,13:28:58,10.04,--,10,10040,买盘
898,13:28:48,10.04,0.01,20,20080,买盘
899,13:28:38,10.03,--,1,1002,卖盘
900,13:28:33,10.03,-0.01,63,63188,卖盘
901,13:28:28,10.04,--,38,38704,买盘
902,13:28:13,10.04,--,11,11043,买盘
903,13:28:07,10.04,0.01,420,421679,买盘
904,13:28:03,10.03,-0.01,8,8023,卖盘
905,13:27:48,10.04,--,50,50199,买盘
906,13:27:42,10.04,0.01,174,174695,买盘
907,13:27:38,10.03,--,27,27081,卖盘
908,13:27:33,10.03,--,88,88264,卖盘
909,13:27:27,10.03,--,142,142426,卖盘
910,13:27:23,10.03,--,64,64191,卖盘
911,13:27:18,10.03,--,313,313939,卖盘
912,13:27:12,10.03,-0.01,31,31092,卖盘
913,13:27:08,10.04,--,25,25099,买盘
914,13:27:03,10.04,0.01,1,1003,买盘
915,13:26:57,10.03,-0.01,1,1002,卖盘
916,13:26:53,10.04,0.01,13,13051,买盘
917,13:26:48,10.03,--,243,243728,卖盘
918,13:26:42,10.03,-0.01,37,37111,卖盘
919,13:26:27,10.04,--,0,0,买盘
920,13:26:23,10.04,0.02,4,4015,买盘
921,13:26:18,10.02,--,79,79158,卖盘
922,13:26:03,10.02,--,169,169338,卖盘
923,13:25:57,10.02,-0.02,292,292584,卖盘
924,13:25:52,10.04,0.02,245,245979,买盘
925,13:25:48,10.02,--,2,2004,卖盘
926,13:25:42,10.02,0.01,58,58116,买盘
927,13:25:33,10.01,--,242,242582,卖盘
928,13:25:27,10.01,-0.01,108,108108,卖盘
929,13:25:22,10.02,-0.02,25,25050,卖盘
930,13:25:18,10.04,--,446,447783,买盘
931,13:25:12,10.04,0.01,20,20080,买盘
932,13:25:06,10.03,--,23,23069,买盘
933,13:25:02,10.03,0.01,10,10030,买盘
934,13:24:52,10.02,--,58,58116,卖盘
935,13:24:47,10.02,-0.01,103,103206,卖盘
936,13:24:32,10.03,0.01,307,307921,买盘
937,13:24:21,10.02,--,10,10020,卖盘
938,13:24:17,10.02,--,294,294588,卖盘
939,13:24:12,10.02,--,657,658314,卖盘
940,13:24:07,10.02,--,155,155310,卖盘
941,13:24:02,10.02,-0.01,137,137274,卖盘
942,13:23:57,10.03,0.01,100,100300,买盘
943,13:23:52,10.02,--,106,106212,卖盘
944,13:23:47,10.02,--,275,275550,卖盘
945,13:23:42,10.02,-0.01,511,512022,卖盘
946,13:23:36,10.03,--,302,303417,卖盘
947,13:23:27,10.03,--,181,181543,卖盘
948,13:23:21,10.03,--,503,504508,卖盘
949,13:23:17,10.03,--,146,146438,卖盘
950,13:23:12,10.03,--,20,20060,卖盘
951,13:23:07,10.03,--,15,15044,卖盘
952,13:23:02,10.03,-0.01,365,366095,卖盘
953,13:22:57,10.04,--,15,15059,买盘
954,13:22:52,10.04,0.01,5,5020,买盘
955,13:22:47,10.03,--,51,51153,卖盘
956,13:22:42,10.03,--,343,344029,卖盘
957,13:22:36,10.03,--,399,400197,卖盘
958,13:22:27,10.03,--,4,4011,卖盘
959,13:22:22,10.03,--,30,30089,卖盘
960,13:22:17,10.03,--,95,96067,卖盘
961,13:22:12,10.03,-0.01,219,219657,卖盘
962,13:22:07,10.04,0.01,1,1003,买盘
963,13:22:02,10.03,--,8,8023,卖盘
964,13:21:57,10.03,--,43,43129,卖盘
965,13:21:47,10.03,--,7,7021,卖盘
966,13:21:42,10.03,-0.01,55,55165,卖盘
967,13:21:37,10.04,0.01,10,10040,买盘
968,13:21:26,10.03,--,80,80240,卖盘
969,13:21:22,10.03,--,3,3009,卖盘
970,13:21:12,10.03,--,125,125374,卖盘
971,13:21:07,10.03,--,242,242725,卖盘
972,13:21:01,10.03,--,77,77231,卖盘
973,13:20:56,10.03,--,155,155465,卖盘
974,13:20:52,10.03,--,529,530587,卖盘
975,13:20:47,10.03,--,10,10030,卖盘
976,13:20:41,10.03,--,233,233698,卖盘
977,13:20:31,10.03,--,28,28084,卖盘
978,13:20:21,10.03,--,11,11033,卖盘
979,13:20:16,10.03,-0.01,4,4011,卖盘
980,13:20:12,10.04,--,2,2007,买盘
981,13:20:06,10.04,--,40,40160,买盘
982,13:19:57,10.04,0.01,1,1003,买盘
983,13:19:51,10.03,-0.01,64,64191,卖盘
984,13:19:46,10.04,0.01,23,23091,买盘
985,13:19:42,10.03,--,146,146438,卖盘
986,13:19:36,10.03,--,111,111333,卖盘
987,13:19:31,10.03,-0.01,25,25075,卖盘
988,13:19:27,10.04,0.01,332,333328,买盘
989,13:19:12,10.03,--,324,324972,卖盘
990,13:19:06,10.03,--,221,221663,卖盘
991,13:19:02,10.03,-0.01,18,18054,卖盘
992,13:18:57,10.04,0.01,223,223891,买盘
993,13:18:42,10.03,--,162,162486,卖盘
994,13:18:36,10.03,--,32,32095,卖盘
995,13:18:31,10.03,--,201,201603,卖盘
996,13:18:27,10.03,0.01,193,193579,买盘
997,13:18:21,10.02,-0.01,10,10020,卖盘
998,13:18:17,10.03,--,15,15044,买盘
999,13:18:11,10.03,0.01,78,78234,买盘
1000,13:18:06,10.02,--,90,90180,卖盘
1001,13:18:02,10.02,--,121,121242,卖盘
1002,13:17:51,10.02,-0.01,82,82164,卖盘
1003,13:17:47,10.03,0.01,6,6018,中性盘
1004,13:17:41,10.02,-0.01,32,32064,卖盘
1005,13:17:36,10.03,--,7,7021,中性盘
1006,13:17:31,10.03,0.01,362,363086,中性盘
1007,13:17:26,10.02,-0.02,100,100200,卖盘
1008,13:17:21,10.04,--,70,70280,买盘
1009,13:17:16,10.04,0.02,1,1003,买盘
1010,13:17:06,10.02,0.01,51,51102,卖盘
1011,13:16:46,10.01,-0.03,365,365365,卖盘
1012,13:16:31,10.04,0.02,331,332324,买盘
1013,13:16:26,10.02,-0.01,50,50100,卖盘
1014,13:16:21,10.03,--,41,41263,卖盘
1015,13:16:16,10.03,0.01,58,59036,买盘
1016,13:16:06,10.02,-0.01,16,16032,中性盘
1017,13:16:01,10.03,0.02,220,220660,买盘
1018,13:15:56,10.01,-0.01,365,365365,卖盘
1019,13:15:51,10.02,--,17,17034,卖盘
1020,13:15:46,10.02,--,243,243486,中性盘
1021,13:15:41,10.02,-0.01,100,100200,卖盘
1022,13:15:36,10.03,--,29,29086,买盘
1023,13:15:31,10.03,0.02,332,332996,买盘
1024,13:15:26,10.01,--,15,15015,卖盘
1025,13:15:21,10.01,--,0,0,卖盘
1026,13:15:16,10.01,-0.02,97,97097,卖盘
1027,13:15:11,10.03,0.01,41,41123,买盘
1028,13:15:06,10.02,--,404,404808,买盘
1029,13:15:01,10.02,--,130,130260,卖盘
1030,13:14:56,10.02,-0.01,44,44088,卖盘
1031,13:14:50,10.03,--,148,148444,买盘
1032,13:14:46,10.03,--,88,88264,买盘
1033,13:14:41,10.03,--,36,36108,买盘
1034,13:14:36,10.03,--,65,65194,买盘
1035,13:14:31,10.03,--,18,18054,买盘
1036,13:14:26,10.03,--,213,213659,买盘
1037,13:14:20,10.03,0.01,114,114341,买盘
1038,13:14:10,10.02,--,26,26052,卖盘
1039,13:14:06,10.02,--,40,40080,卖盘
1040,13:14:01,10.02,--,90,90831,买盘
1041,13:13:56,10.02,--,23,23046,买盘
1042,13:13:50,10.02,--,79,79178,卖盘
1043,13:13:46,10.02,-0.01,18,18036,卖盘
1044,13:13:41,10.03,0.01,15,15044,买盘
1045,13:13:31,10.02,0.01,20,20611,买盘
1046,13:13:25,10.01,-0.01,25,25025,卖盘
1047,13:13:20,10.02,--,76,76172,卖盘
1048,13:13:16,10.02,--,3,3006,卖盘
1049,13:13:10,10.02,--,2,2004,卖盘
1050,13:13:05,10.02,-0.01,4,4008,卖盘
1051,13:13:01,10.03,0.01,1,1002,买盘
1052,13:12:55,10.02,--,10,10020,卖盘
1053,13:12:51,10.02,--,112,112224,卖盘
1054,13:12:46,10.02,0.01,37,38055,买盘
1055,13:12:40,10.01,-0.01,1102,1103102,卖盘
1056,13:12:30,10.02,--,90,90180,买盘
1057,13:12:25,10.02,--,28,28056,买盘
1058,13:12:21,10.02,--,50,50100,买盘
1059,13:12:15,10.02,0.01,33,33066,买盘
1060,13:12:10,10.01,-0.01,61,61061,卖盘
1061,13:12:06,10.02,--,43,43086,买盘
1062,13:12:00,10.02,--,18,18036,买盘
1063,13:11:55,10.02,0.01,40,40080,买盘
1064,13:11:51,10.01,--,60,60060,卖盘
1065,13:11:45,10.01,--,79,79079,卖盘
1066,13:11:40,10.01,--,80,80080,卖盘
1067,13:11:35,10.01,--,66,66066,卖盘
1068,13:11:30,10.01,-0.01,5,5005,卖盘
1069,13:11:20,10.02,0.01,2,2004,买盘
1070,13:11:15,10.01,--,127,127127,卖盘
1071,13:11:05,10.01,-0.02,58,58308,卖盘
1072,13:11:00,10.03,0.01,47,47141,买盘
1073,13:10:55,10.02,0.01,309,310369,买盘
1074,13:10:40,10.01,--,830,830830,卖盘
1075,13:10:35,10.01,-0.01,10,10010,卖盘
1076,13:10:30,10.02,--,20,20040,买盘
1077,13:10:24,10.02,--,5,5010,买盘
1078,13:10:15,10.02,--,92,93035,卖盘
1079,13:10:10,10.02,--,134,134268,卖盘
1080,13:10:05,10.02,--,60,60120,卖盘
1081,13:10:00,10.02,--,1315,1317630,卖盘
1082,13:09:54,10.02,--,5,5891,卖盘
1083,13:09:45,10.02,-0.01,1,1002,卖盘
1084,13:09:39,10.03,0.01,22,22066,买盘
1085,13:09:30,10.02,-0.01,45,45090,卖盘
1086,13:09:20,10.03,0.01,10,10030,买盘
1087,13:09:15,10.02,--,1000,1002000,卖盘
1088,13:09:00,10.02,-0.01,21,21042,卖盘
1089,13:08:45,10.03,--,4,4784,卖盘
1090,13:08:40,10.03,0.01,38,38344,买盘
1091,13:08:35,10.02,--,22,22044,卖盘
1092,13:08:30,10.02,-0.01,106,106482,卖盘
1093,13:08:24,10.03,--,58,58173,买盘
1094,13:08:15,10.03,--,852,855328,卖盘
1095,13:08:05,10.03,-0.01,2,2005,卖盘
1096,13:08:00,10.04,--,19,19076,买盘
1097,13:07:54,10.04,0.01,7,7027,买盘
1098,13:07:50,10.03,-0.01,31,31092,卖盘
1099,13:07:44,10.04,0.01,36,36144,买盘
1100,13:07:34,10.03,--,49,49819,卖盘
1101,13:07:24,10.03,--,12,12036,卖盘
1102,13:07:15,10.03,-0.01,200,200600,卖盘
1103,13:07:05,10.04,0.01,10,10040,买盘
1104,13:06:54,10.03,--,23,23069,卖盘
1105,13:06:50,10.03,--,33,33099,卖盘
1106,13:06:45,10.03,-0.01,2,2808,卖盘
1107,13:06:30,10.04,0.01,38,38152,买盘
1108,13:06:24,10.03,--,7,7021,卖盘
1109,13:06:10,10.03,-0.01,494,495481,卖盘
1110,13:05:54,10.04,0.01,10,10040,买盘
1111,13:05:45,10.03,-0.01,107,107321,卖盘
1112,13:05:39,10.04,--,100,100399,买盘
1113,13:05:29,10.04,0.01,77,77308,买盘
1114,13:05:24,10.03,--,428,429284,卖盘
1115,13:05:19,10.03,--,10,10030,卖盘
1116,13:05:15,10.03,--,372,373116,卖盘
1117,13:05:04,10.03,-0.01,9,9027,卖盘
1118,13:04:54,10.04,--,135,135540,买盘
1119,13:04:49,10.04,--,76,76304,买盘
1120,13:04:39,10.04,--,20,20080,买盘
1121,13:04:34,10.04,0.01,21,21084,买盘
1122,13:04:29,10.03,--,150,150450,卖盘
1123,13:04:19,10.03,-0.01,58,58173,卖盘
1124,13:04:09,10.04,0.01,75,75300,买盘
1125,13:03:54,10.03,-0.01,8,8023,卖盘
1126,13:03:49,10.04,--,34,34136,买盘
1127,13:03:39,10.04,0.01,3,3011,买盘
1128,13:03:34,10.03,-0.01,255,255764,卖盘
1129,13:03:24,10.04,0.01,35,35140,买盘
1130,13:03:19,10.03,-0.01,21,21063,卖盘
1131,13:03:14,10.04,--,10,10040,买盘
1132,13:03:09,10.04,0.01,120,120479,买盘
1133,13:02:54,10.03,-0.01,2,2005,卖盘
1134,13:02:39,10.04,0.01,36,36144,买盘
1135,13:02:33,10.03,--,17,17051,卖盘
1136,13:02:29,10.03,-0.01,3,3009,卖盘
1137,13:02:24,10.04,--,12,12610,买盘
1138,13:02:03,10.04,0.01,72,72288,买盘
1139,13:01:54,10.03,--,102,102306,卖盘
1140,13:01:49,10.03,--,2,2005,卖盘
1141,13:01:18,10.03,--,9,9027,卖盘
1142,13:01:09,10.03,--,20,20060,卖盘
1143,13:01:03,10.03,-0.01,3,3009,卖盘
1144,13:00:53,10.04,--,283,284332,买盘
1145,13:00:48,10.04,0.01,124,124495,买盘
1146,13:00:44,10.03,-0.01,19,19057,卖盘
1147,13:00:39,10.04,0.01,37,37148,买盘
1148,13:00:33,10.03,-0.01,12,12036,卖盘
1149,13:00:29,10.04,0.01,200,200799,买盘
1150,13:00:08,10.03,--,733,735199,卖盘
1151,13:00:03,10.03,--,2390,2397170,卖盘
1152,11:30:00,10.03,--,0,0,卖盘
1153,11:30:00,10.03,--,0,0,卖盘
1154,11:29:53,10.03,-0.01,4,4011,卖盘
1155,11:29:44,10.04,0.01,75,75300,买盘
1156,11:29:14,10.03,-0.01,105,105315,卖盘
1157,11:29:09,10.04,0.01,266,267064,买盘
1158,11:28:54,10.03,--,52,52156,卖盘
1159,11:28:48,10.03,-0.01,679,681638,卖盘
1160,11:28:29,10.04,-0.01,3,3011,卖盘
1161,11:28:24,10.05,--,152,152760,卖盘
1162,11:28:18,10.05,--,3,3015,卖盘
1163,11:28:14,10.05,--,3,3015,卖盘
1164,11:28:09,10.05,0.01,179,179895,买盘
1165,11:27:54,10.04,-0.01,2,2007,卖盘
1166,11:27:39,10.05,--,159,159795,买盘
1167,11:27:29,10.05,--,39,39195,卖盘
1168,11:27:24,10.05,--,248,249240,卖盘
1169,11:27:09,10.05,--,55,55275,买盘
1170,11:26:59,10.05,-0.01,5,5025,卖盘
1171,11:26:54,10.06,0.01,34,34204,买盘
1172,11:26:39,10.05,-0.01,29,29949,卖盘
1173,11:26:29,10.06,0.01,487,490123,买盘
1174,11:26:24,10.05,-0.01,3,3015,卖盘
1175,11:26:14,10.06,0.01,72,72432,买盘
1176,11:26:08,10.05,--,103,103515,买盘
1177,11:25:59,10.05,--,25,25125,卖盘
1178,11:25:39,10.05,-0.01,3,3015,中性盘
1179,11:25:33,10.06,0.01,23,23138,买盘
1180,11:25:14,10.05,-0.01,28,28140,卖盘
1181,11:25:09,10.06,0.01,332,333992,买盘
1182,11:24:54,10.05,--,30,30150,卖盘
1183,11:24:33,10.05,--,10,10050,卖盘
1184,11:24:29,10.05,--,3,3015,卖盘
1185,11:24:08,10.05,--,96,97284,买盘
1186,11:23:58,10.05,0.01,38,38190,买盘
1187,11:23:54,10.04,-0.01,2,2007,卖盘
1188,11:23:23,10.05,--,8,8040,买盘
1189,11:23:18,10.05,--,1,1005,买盘
1190,11:23:08,10.05,--,401,403407,买盘
1191,11:23:03,10.05,--,118,118590,买盘
1192,11:22:57,10.05,0.02,24,24120,买盘
1193,11:22:53,10.03,-0.02,3,3009,卖盘
1194,11:22:38,10.05,--,2,2010,买盘
1195,11:22:27,10.05,0.02,2,2010,买盘
1196,11:22:23,10.03,-0.02,3,3009,卖盘
1197,11:22:18,10.05,0.02,79,79395,买盘
1198,11:22:08,10.03,--,40,40120,卖盘
1199,11:22:02,10.03,--,153,153459,卖盘
1200,11:21:53,10.03,--,18,18054,卖盘
1201,11:21:48,10.03,--,58,58173,卖盘
1202,11:21:33,10.03,-0.01,144,144432,卖盘
1203,11:21:26,10.04,0.01,3,3011,买盘
1204,11:21:23,10.03,--,162,162486,卖盘
1205,11:21:18,10.03,--,2040,2046119,卖盘
1206,11:21:08,10.03,--,106,106318,卖盘
1207,11:21:03,10.03,-0.02,161,161483,卖盘
1208,11:20:56,10.05,--,7,7035,买盘
1209,11:20:53,10.05,0.02,360,361800,买盘
1210,11:20:48,10.03,-0.02,162,162486,卖盘
1211,11:20:38,10.05,0.02,5,5025,买盘
1212,11:20:33,10.03,-0.03,114,114341,卖盘
1213,11:20:23,10.06,--,5,5030,买盘
1214,11:20:17,10.06,--,20,20120,买盘
1215,11:20:11,10.06,0.03,75,75450,买盘
1216,11:20:08,10.03,-0.02,14,14042,卖盘
1217,11:20:02,10.05,--,16,16080,买盘
1218,11:19:53,10.05,--,516,518580,买盘
1219,11:19:48,10.05,--,0,0,买盘
1220,11:19:41,10.05,0.02,31,31155,买盘
1221,11:19:18,10.03,--,3,3009,卖盘
1222,11:19:11,10.03,-0.02,500,501499,卖盘
1223,11:18:53,10.05,--,3,3015,买盘
1224,11:18:48,10.05,--,16,16080,买盘
1225,11:18:42,10.05,0.01,21,21105,买盘
1226,11:18:38,10.04,0.01,5,5020,卖盘
1227,11:18:33,10.03,--,0,0,卖盘
1228,11:18:27,10.03,-0.03,2020,2026059,卖盘
1229,11:18:23,10.06,0.02,42,42252,买盘
1230,11:18:17,10.04,--,20,20080,卖盘
1231,11:18:08,10.04,-0.02,3,3011,卖盘
1232,11:17:56,10.06,0.02,15,15090,买盘
1233,11:17:52,10.04,-0.02,3,3011,卖盘
1234,11:17:48,10.06,--,45,45270,买盘
1235,11:17:41,10.06,0.02,25,25150,买盘
1236,11:17:32,10.04,0.01,6,6023,卖盘
1237,11:17:22,10.03,--,0,0,卖盘
1238,11:17:18,10.03,--,0,0,卖盘
1239,11:17:12,10.03,-0.02,2500,2507500,卖盘
1240,11:16:56,10.05,-0.01,21,21105,卖盘
1241,11:16:52,10.06,--,64,64384,买盘
1242,11:16:41,10.06,--,21,21126,买盘
1243,11:16:38,10.06,--,31,31186,买盘
1244,11:16:32,10.06,0.01,5,5030,买盘
1245,11:16:11,10.05,-0.01,5,5025,卖盘
1246,11:15:52,10.06,--,0,0,买盘
1247,11:15:47,10.06,--,37,37222,买盘
1248,11:15:42,10.06,0.02,40,40240,买盘
1249,11:15:26,10.04,-0.02,2000,2007999,卖盘
1250,11:15:17,10.06,-0.01,75,75450,卖盘
1251,11:15:11,10.07,0.01,1,1007,买盘
1252,11:15:07,10.06,-0.01,3,3018,卖盘
1253,11:14:56,10.07,--,293,295051,买盘
1254,11:14:41,10.07,--,16,16112,买盘
1255,11:14:35,10.07,0.01,22,22154,买盘
1256,11:14:32,10.06,--,4,4024,卖盘
1257,11:14:11,10.06,-0.01,2,2012,卖盘
1258,11:14:02,10.07,0.01,66,66462,买盘
1259,11:13:57,10.06,--,35,35521,买盘
1260,11:13:36,10.06,--,17,17102,买盘
1261,11:13:32,10.06,0.01,23,23138,买盘
1262,11:13:17,10.05,--,3,3015,卖盘
1263,11:13:11,10.05,--,15,15075,卖盘
1264,11:13:05,10.05,0.01,3,3015,卖盘
1265,11:13:02,10.04,-0.02,348,349391,卖盘
1266,11:12:56,10.06,0.01,22,22132,买盘
1267,11:12:41,10.05,-0.01,57,57576,卖盘
1268,11:12:32,10.06,--,446,448676,买盘
1269,11:12:26,10.06,--,1126,1132756,买盘
1270,11:12:17,10.06,--,30,30180,买盘
1271,11:12:05,10.06,--,12,12072,买盘
1272,11:11:56,10.06,--,349,351094,买盘
1273,11:11:47,10.06,--,36,36216,买盘
1274,11:11:41,10.06,-0.01,255,256932,卖盘
1275,11:11:32,10.07,--,1,1007,买盘
1276,11:11:21,10.07,0.01,5,5035,买盘
1277,11:11:11,10.06,-0.01,13,13078,卖盘
1278,11:11:02,10.07,0.01,80,80560,买盘
1279,11:10:56,10.06,--,128,129371,买盘
1280,11:10:50,10.06,--,10,10060,买盘
1281,11:10:41,10.06,--,20,20120,买盘
1282,11:10:35,10.06,--,10,10060,买盘
1283,11:10:31,10.06,--,16,16096,买盘
1284,11:10:26,10.06,--,21,21126,买盘
1285,11:10:20,10.06,--,1,1006,买盘
1286,11:10:05,10.06,0.01,16,16096,买盘
1287,11:09:56,10.05,--,407,409035,卖盘
1288,11:09:41,10.05,-0.01,50,50250,卖盘
1289,11:09:35,10.06,--,20,20120,买盘
1290,11:09:31,10.06,0.01,10,10060,买盘
1291,11:09:26,10.05,-0.01,17,17085,卖盘
1292,11:09:11,10.06,--,203,204620,卖盘
1293,11:09:06,10.06,-0.01,4,4024,卖盘
1294,11:08:56,10.07,--,79,79553,买盘
1295,11:08:50,10.07,0.01,47,47933,买盘
1296,11:08:46,10.06,--,39,39234,卖盘
1297,11:08:42,10.06,--,123,123738,买盘
1298,11:08:30,10.06,--,21,21126,买盘
1299,11:08:26,10.06,0.01,1,1006,买盘
1300,11:08:16,10.05,-0.01,33,33165,卖盘
1301,11:07:50,10.06,--,81,81486,卖盘
1302,11:07:46,10.06,0.01,25,25150,买盘
1303,11:07:41,10.05,-0.01,378,379890,卖盘
1304,11:07:35,10.06,--,18,18108,卖盘
1305,11:07:31,10.06,--,2,2012,卖盘
1306,11:07:15,10.06,-0.01,5,5030,卖盘
1307,11:07:11,10.07,--,307,309149,买盘
1308,11:07:05,10.07,--,22,22154,买盘
1309,11:06:56,10.07,--,56,56392,买盘
1310,11:06:50,10.07,0.01,15,15105,买盘
1311,11:06:44,10.06,--,31,31186,卖盘
1312,11:06:41,10.06,--,350,352100,卖盘
1313,11:06:35,10.06,--,41,41246,卖盘
1314,11:06:26,10.06,-0.01,40,40240,卖盘
1315,11:06:20,10.07,0.01,22,22154,买盘
1316,11:06:11,10.06,--,76,76456,卖盘
1317,11:06:05,10.06,--,3,3018,卖盘
1318,11:05:56,10.06,-0.01,30,30180,卖盘
1319,11:05:41,10.07,--,736,741152,买盘
1320,11:05:35,10.07,0.01,20,20140,买盘
1321,11:05:29,10.06,--,1,1006,卖盘
1322,11:05:26,10.06,-0.01,149,149894,卖盘
1323,11:04:56,10.07,--,499,502493,卖盘
1324,11:04:41,10.07,--,4,4028,卖盘
1325,11:04:35,10.07,--,364,366548,买盘
1326,11:04:29,10.07,0.01,100,100700,买盘
1327,11:04:20,10.06,-0.01,120,120720,卖盘
1328,11:04:05,10.07,0.01,16,16112,买盘
1329,11:03:59,10.06,--,56,56336,卖盘
1330,11:03:50,10.06,--,20,20120,卖盘
1331,11:03:44,10.06,-0.01,45,45944,卖盘
1332,11:03:40,10.07,0.01,34,34439,买盘
1333,11:03:35,10.06,--,6,6036,卖盘
1334,11:03:20,10.06,--,138,138828,卖盘
1335,11:03:14,10.06,-0.01,22,22132,卖盘
1336,11:03:10,10.07,--,19,19133,买盘
1337,11:03:05,10.07,0.01,9,9063,买盘
1338,11:02:55,10.06,--,3,3018,卖盘
1339,11:02:50,10.06,-0.01,8,8048,卖盘
1340,11:02:35,10.07,--,18,18126,买盘
1341,11:02:25,10.07,--,60,60420,卖盘
1342,11:02:20,10.07,--,24,24168,卖盘
1343,11:02:14,10.07,--,41,41287,卖盘
1344,11:02:10,10.07,--,6,6042,卖盘
1345,11:02:05,10.07,-0.01,158,159106,卖盘
1346,11:01:59,10.08,--,42,42336,买盘
1347,11:01:55,10.08,--,19,19152,买盘
1348,11:01:50,10.08,-0.01,2398,2417748,卖盘
1349,11:01:44,10.09,0.01,125,126326,买盘
1350,11:01:35,10.08,--,10,10080,卖盘
1351,11:01:29,10.08,--,8,8064,卖盘
1352,11:01:14,10.08,--,33,33264,卖盘
1353,11:01:05,10.08,--,41,41328,卖盘
1354,11:00:59,10.08,--,3,3024,卖盘
1355,11:00:50,10.08,-0.01,3,3024,卖盘
1356,11:00:35,10.09,--,17,17153,买盘
1357,11:00:20,10.09,--,91,91819,买盘
1358,11:00:14,10.09,--,42,42378,买盘
1359,11:00:05,10.09,--,20,20180,买盘
1360,10:59:59,10.09,--,90,90810,买盘
1361,10:59:50,10.09,--,105,105945,买盘
1362,10:59:44,10.09,0.01,1,1009,买盘
1363,10:59:35,10.08,-0.01,3,3024,卖盘
1364,10:59:29,10.09,--,42,42378,买盘
1365,10:59:20,10.09,0.01,23,23207,买盘
1366,10:59:14,10.08,--,6,6048,卖盘
1367,10:58:59,10.08,--,4,4032,卖盘
1368,10:58:50,10.08,-0.01,24,24192,卖盘
1369,10:58:38,10.09,--,31,31279,买盘
1370,10:58:35,10.09,--,1,1009,买盘
1371,10:58:29,10.09,--,14,14126,买盘
1372,10:58:08,10.09,--,151,152359,买盘
1373,10:57:53,10.09,0.01,15,15135,买盘
1374,10:57:50,10.08,-0.01,41,41328,卖盘
1375,10:57:44,10.09,--,300,302700,买盘
1376,10:57:38,10.09,-0.01,18,18162,中性盘
1377,10:57:29,10.1,0.02,379,382790,买盘
1378,10:57:23,10.08,-0.01,21,21168,卖盘
1379,10:57:20,10.09,--,20,20180,卖盘
1380,10:57:14,10.09,-0.01,10,10090,卖盘
1381,10:57:08,10.1,--,5,5050,买盘
1382,10:56:53,10.1,--,1,1010,买盘
1383,10:56:49,10.1,0.01,19,19190,买盘
1384,10:56:44,10.09,--,100,100900,卖盘
1385,10:56:38,10.09,--,3,3027,卖盘
1386,10:56:34,10.09,--,18,18162,卖盘
1387,10:56:29,10.09,0.01,179,181155,买盘
1388,10:56:23,10.08,-0.01,505,509040,卖盘
1389,10:56:08,10.09,0.01,29,29261,买盘
1390,10:56:04,10.08,--,41,41328,卖盘
1391,10:55:59,10.08,--,220,221760,卖盘
1392,10:55:53,10.08,--,1,1008,卖盘
1393,10:55:44,10.08,-0.01,97,97776,卖盘
1394,10:55:38,10.09,--,24,24216,买盘
1395,10:55:29,10.09,--,332,334988,买盘
1396,10:55:23,10.09,0.01,50,50450,买盘
1397,10:55:04,10.08,-0.01,24,24192,卖盘
1398,10:54:53,10.09,--,26,26234,买盘
1399,10:54:49,10.09,0.01,21,21189,买盘
1400,10:54:44,10.08,-0.01,24,24192,卖盘
1401,10:54:38,10.09,0.01,15,15135,买盘
1402,10:54:29,10.08,--,81,81648,卖盘
1403,10:54:23,10.08,0.01,115,116161,买盘
1404,10:54:14,10.07,-0.01,18,18126,卖盘
1405,10:54:08,10.08,--,0,766,卖盘
1406,10:54:04,10.08,--,46,46609,买盘
1407,10:53:59,10.08,--,30,30240,买盘
1408,10:53:53,10.08,--,5,5040,买盘
1409,10:53:47,10.08,--,10,10080,买盘
1410,10:53:44,10.08,--,54,54432,买盘
1411,10:53:38,10.08,--,2,2016,买盘
1412,10:53:34,10.08,--,20,20160,买盘
1413,10:53:29,10.08,--,17,17136,买盘
1414,10:53:19,10.08,--,50,50400,买盘
1415,10:53:14,10.08,--,331,333648,买盘
1416,10:53:08,10.08,--,50,50400,买盘
1417,10:52:53,10.08,--,22,22176,买盘
1418,10:52:44,10.08,--,22,22176,买盘
1419,10:52:38,10.08,--,74,74592,买盘
1420,10:52:34,10.08,--,5,5040,买盘
1421,10:52:14,10.08,0.01,335,337680,买盘
1422,10:51:59,10.07,-0.02,40,40280,卖盘
1423,10:51:47,10.09,--,14,14126,买盘
1424,10:51:44,10.09,--,106,106954,买盘
1425,10:51:38,10.09,--,1,1009,买盘
1426,10:51:33,10.09,0.02,40,40360,买盘
1427,10:51:14,10.07,-0.01,18,18126,卖盘
1428,10:51:02,10.08,0.01,101,101808,买盘
1429,10:50:53,10.07,-0.01,3,3021,卖盘
1430,10:50:44,10.08,0.01,92,92736,买盘
1431,10:50:29,10.07,-0.01,4,4028,卖盘
1432,10:50:23,10.08,--,50,50400,买盘
1433,10:50:17,10.08,--,70,70560,买盘
1434,10:50:14,10.08,--,2,2016,买盘
1435,10:50:08,10.08,0.01,17,17136,买盘
1436,10:50:02,10.07,--,65,65455,卖盘
1437,10:49:59,10.07,--,50,50350,卖盘
1438,10:49:53,10.07,-0.01,2,2014,卖盘
1439,10:49:47,10.08,--,1,1008,买盘
1440,10:49:38,10.08,--,23,23184,买盘
1441,10:49:02,10.08,--,34,34272,买盘
1442,10:48:53,10.08,--,20,20160,买盘
1443,10:48:47,10.08,-0.01,189,190512,卖盘
1444,10:48:38,10.09,--,17,17153,买盘
1445,10:48:32,10.09,0.01,103,103927,买盘
1446,10:48:08,10.08,-0.01,19,19152,卖盘
1447,10:47:58,10.09,--,10,10090,买盘
1448,10:47:47,10.09,--,21,21189,买盘
1449,10:47:23,10.09,--,6,6054,买盘
1450,10:47:17,10.09,0.01,16,16144,买盘
1451,10:47:12,10.08,-0.01,14,14112,卖盘
1452,10:47:08,10.09,--,73,73657,买盘
1453,10:47:02,10.09,--,21,21189,买盘
1454,10:46:47,10.09,--,21,21189,买盘
1455,10:46:38,10.09,0.02,7,7063,买盘
1456,10:46:17,10.07,-0.01,285,286995,卖盘
1457,10:46:02,10.08,-0.02,3,3024,卖盘
1458,10:45:38,10.1,--,22,22220,买盘
1459,10:45:32,10.1,--,19,19190,买盘
1460,10:45:23,10.1,--,7,7070,买盘
1461,10:45:17,10.1,--,28,28280,买盘
1462,10:45:08,10.1,0.02,39,39390,买盘
1463,10:44:47,10.08,-0.02,4,4032,卖盘
1464,10:44:38,10.1,0.01,90,90900,买盘
1465,10:44:32,10.09,-0.01,46,46938,卖盘
1466,10:44:23,10.1,--,30,30300,买盘
1467,10:44:17,10.1,0.01,226,228260,买盘
1468,10:44:12,10.09,--,24,24216,卖盘
1469,10:44:08,10.09,--,4,4036,卖盘
1470,10:44:02,10.09,-0.01,6,6054,卖盘
1471,10:43:53,10.1,--,23,23230,买盘
1472,10:43:47,10.1,--,3,3030,买盘
1473,10:43:32,10.1,0.01,11,11110,买盘
1474,10:43:28,10.09,-0.01,2,2018,卖盘
1475,10:43:17,10.1,0.01,100,101000,买盘
1476,10:43:08,10.09,-0.01,10,10090,卖盘
1477,10:43:02,10.1,0.01,53,53530,买盘
1478,10:42:47,10.09,-0.01,56,56504,卖盘
1479,10:42:41,10.1,--,5,5050,买盘
1480,10:42:38,10.1,--,20,20200,买盘
1481,10:42:32,10.1,0.01,18,18180,买盘
1482,10:42:26,10.09,-0.01,22,22198,卖盘
1483,10:42:22,10.1,--,24,24240,买盘
1484,10:42:17,10.1,--,74,74740,买盘
1485,10:42:07,10.1,--,10,10100,买盘
1486,10:42:02,10.1,--,35,35350,买盘
1487,10:41:56,10.1,0.01,23,23230,买盘
1488,10:41:32,10.09,--,75,75675,卖盘
1489,10:41:26,10.09,--,164,165960,买盘
1490,10:41:11,10.09,--,74,74666,买盘
1491,10:40:56,10.09,--,20,20180,买盘
1492,10:40:50,10.09,0.01,17,17153,买盘
1493,10:40:41,10.08,-0.01,3,3024,卖盘
1494,10:40:32,10.09,0.01,20,20180,买盘
1495,10:40:26,10.08,0.01,21,21168,买盘
1496,10:40:11,10.07,-0.01,21,21147,卖盘
1497,10:40:02,10.08,--,1,1008,买盘
1498,10:39:56,10.08,--,2,2016,卖盘
1499,10:39:51,10.08,--,50,50400,卖盘
1500,10:39:41,10.08,-0.01,33,33264,卖盘
1501,10:39:26,10.09,--,19,19171,买盘
1502,10:39:21,10.09,0.01,21,21189,买盘
1503,10:39:17,10.08,-0.01,5,5040,卖盘
1504,10:39:07,10.09,0.01,89,89801,买盘
1505,10:39:02,10.08,--,4,4032,卖盘
1506,10:38:52,10.08,-0.01,2,2016,卖盘
1507,10:38:41,10.09,--,158,159422,买盘
1508,10:38:32,10.09,0.01,12,12108,买盘
1509,10:38:26,10.08,-0.01,21,21168,卖盘
1510,10:38:22,10.09,0.01,21,21189,买盘
1511,10:38:06,10.08,-0.01,50,50400,卖盘
1512,10:37:52,10.09,--,67,67603,买盘
1513,10:37:41,10.09,--,48,48432,买盘
1514,10:37:32,10.09,0.01,44,44396,买盘
1515,10:37:17,10.08,-0.01,25,25200,卖盘
1516,10:37:11,10.09,--,8,8072,买盘
1517,10:36:47,10.09,--,16,16144,买盘
1518,10:36:22,10.09,--,171,172539,买盘
1519,10:36:17,10.09,0.01,20,20180,买盘
1520,10:36:11,10.08,--,27,27216,卖盘
1521,10:36:07,10.08,--,3,3024,卖盘
1522,10:36:02,10.08,-0.01,9,9072,卖盘
1523,10:35:52,10.09,0.01,230,232070,买盘
1524,10:35:26,10.08,--,58,58464,卖盘
1525,10:35:17,10.08,0.01,191,192528,买盘
1526,10:35:11,10.07,-0.01,87,87729,卖盘
1527,10:34:56,10.08,0.01,74,74592,买盘
1528,10:34:50,10.07,-0.01,29,29203,卖盘
1529,10:34:47,10.08,--,25,25200,买盘
1530,10:34:41,10.08,0.01,5,5040,买盘
1531,10:34:35,10.07,--,33,33231,卖盘
1532,10:34:31,10.07,-0.01,15,15105,卖盘
1533,10:34:26,10.08,0.01,94,94752,买盘
1534,10:34:20,10.07,-0.01,73,73511,卖盘
1535,10:34:16,10.08,0.01,23,23184,买盘
1536,10:34:11,10.07,-0.01,4,4028,卖盘
1537,10:33:56,10.08,0.01,15,15120,买盘
1538,10:33:41,10.07,-0.01,13,13091,卖盘
1539,10:33:35,10.08,--,1,1008,买盘
1540,10:33:20,10.08,--,14,14112,买盘
1541,10:33:11,10.08,0.01,76,76608,买盘
1542,10:33:05,10.07,-0.01,16,16112,卖盘
1543,10:32:56,10.08,--,17,17136,买盘
1544,10:32:41,10.08,0.01,231,233069,买盘
1545,10:32:30,10.07,--,50,50350,买盘
1546,10:32:26,10.07,--,121,121847,买盘
1547,10:32:20,10.07,0.01,21,21147,买盘
1548,10:32:15,10.06,-0.01,65,65390,卖盘
1549,10:32:05,10.07,--,76,76532,买盘
1550,10:31:56,10.07,-0.01,228,229596,卖盘
1551,10:31:50,10.08,--,54,54432,卖盘
1552,10:31:45,10.08,--,41,41328,卖盘
1553,10:31:35,10.08,-0.01,4,4032,卖盘
1554,10:31:15,10.09,--,15,15135,买盘
1555,10:31:11,10.09,0.01,22,22198,买盘
1556,10:31:05,10.08,-0.01,20,20160,卖盘
1557,10:30:56,10.09,0.01,6,6054,买盘
1558,10:30:50,10.08,-0.01,56,56448,卖盘
1559,10:30:45,10.09,0.01,4,4036,买盘
1560,10:30:41,10.08,-0.01,41,41328,卖盘
1561,10:30:35,10.09,0.01,5,5045,买盘
1562,10:30:26,10.08,-0.01,6,6048,卖盘
1563,10:30:20,10.09,--,25,25225,买盘
1564,10:30:15,10.09,--,23,23207,买盘
1565,10:30:11,10.09,-0.01,139,140977,卖盘
1566,10:30:05,10.1,0.01,3,3030,买盘
1567,10:29:56,10.09,-0.01,33,33297,卖盘
1568,10:29:41,10.1,0.01,6,6060,买盘
1569,10:29:35,10.09,-0.01,3,3027,卖盘
1570,10:29:30,10.1,--,20,20200,买盘
1571,10:29:26,10.1,--,30,30300,买盘
1572,10:29:20,10.1,--,20,20200,买盘
1573,10:29:15,10.1,--,510,515100,买盘
1574,10:29:11,10.1,--,17,17170,买盘
1575,10:29:05,10.1,--,24,24240,买盘
1576,10:28:56,10.1,0.01,76,76760,买盘
1577,10:28:50,10.09,--,123,124389,买盘
1578,10:28:46,10.09,0.02,40,40360,买盘
1579,10:28:31,10.07,-0.02,20,20140,卖盘
1580,10:28:25,10.09,--,20,20180,买盘
1581,10:28:20,10.09,0.01,20,20180,买盘
1582,10:28:11,10.08,--,21,21168,买盘
1583,10:28:05,10.08,--,21,21168,买盘
1584,10:27:56,10.08,--,20,20160,买盘
1585,10:27:50,10.08,--,21,21168,买盘
1586,10:27:45,10.08,0.01,8,8064,买盘
1587,10:27:26,10.07,--,63,63441,卖盘
1588,10:27:16,10.07,-0.01,4,4028,卖盘
1589,10:27:10,10.08,--,5,5040,买盘
1590,10:27:05,10.08,0.01,37,37296,买盘
1591,10:26:55,10.07,--,10,10070,卖盘
1592,10:26:50,10.07,-0.01,36,36252,卖盘
1593,10:26:45,10.08,--,20,20160,买盘
1594,10:26:30,10.08,0.01,74,74592,买盘
1595,10:26:25,10.07,-0.01,64,64448,卖盘
1596,10:26:20,10.08,--,2,2016,买盘
1597,10:26:14,10.08,--,48,48384,买盘
1598,10:26:10,10.08,--,79,79632,买盘
1599,10:26:05,10.08,0.01,168,169344,买盘
1600,10:25:59,10.07,--,20,20140,卖盘
1601,10:25:50,10.07,-0.01,3,3021,卖盘
1602,10:25:40,10.08,0.01,24,24192,买盘
1603,10:25:35,10.07,-0.01,30,30210,卖盘
1604,10:25:29,10.08,--,33,33264,买盘
1605,10:25:20,10.08,0.01,136,137088,买盘
1606,10:25:05,10.07,-0.01,252,253764,卖盘
1607,10:24:59,10.08,0.02,33,33264,买盘
1608,10:24:50,10.06,--,86,87330,买盘
1609,10:24:44,10.06,--,3,3018,买盘
1610,10:24:40,10.06,--,5,5030,买盘
1611,10:24:35,10.06,-0.01,107,107833,卖盘
1612,10:24:29,10.07,--,4,4028,卖盘
1613,10:24:24,10.07,0.01,34,35053,买盘
1614,10:24:20,10.06,-0.01,3,3018,卖盘
1615,10:24:14,10.07,--,0,0,买盘
1616,10:24:05,10.07,--,54,54579,买盘
1617,10:23:59,10.07,--,353,355471,买盘
1618,10:23:54,10.07,0.01,5,5035,买盘
1619,10:23:49,10.06,--,34,34204,卖盘
1620,10:23:44,10.06,-0.01,40,40240,卖盘
1621,10:23:39,10.07,--,7,7049,买盘
1622,10:23:35,10.07,0.01,41,41287,买盘
1623,10:23:29,10.06,-0.01,3,3018,卖盘
1624,10:23:23,10.07,0.01,22,22154,买盘
1625,10:23:05,10.06,-0.01,198,199188,卖盘
1626,10:22:59,10.07,0.01,85,85595,买盘
1627,10:22:39,10.06,-0.01,1,1006,卖盘
1628,10:22:35,10.07,0.01,1,1007,买盘
1629,10:22:29,10.06,--,4,4828,卖盘
1630,10:22:24,10.06,--,2,2012,卖盘
1631,10:22:20,10.06,--,47,47282,卖盘
1632,10:22:09,10.06,--,5,5030,买盘
1633,10:22:05,10.06,--,60,60360,卖盘
1634,10:21:59,10.06,--,45,45270,卖盘
1635,10:21:54,10.06,-0.01,301,302806,卖盘
1636,10:21:50,10.07,0.01,56,56392,买盘
1637,10:21:39,10.06,-0.01,28,28168,卖盘
1638,10:21:34,10.07,0.02,20,20140,买盘
1639,10:21:29,10.05,-0.01,405,407025,卖盘
1640,10:21:14,10.06,0.01,46,46276,买盘
1641,10:21:05,10.05,-0.01,11,11055,卖盘
1642,10:20:59,10.06,--,37,37222,买盘
1643,10:20:54,10.06,--,30,30180,买盘
1644,10:20:39,10.06,0.01,3,3018,买盘
1645,10:20:29,10.05,-0.01,74,74370,卖盘
1646,10:20:20,10.06,--,113,113678,买盘
1647,10:20:14,10.06,--,111,111867,卖盘
1648,10:20:05,10.06,--,32,32192,卖盘
1649,10:19:54,10.06,-0.01,256,257536,卖盘
1650,10:19:44,10.07,0.01,37,37259,买盘
1651,10:19:29,10.06,--,118,118708,卖盘
1652,10:19:24,10.06,--,96,97380,卖盘
1653,10:18:54,10.06,--,42,42252,卖盘
1654,10:18:49,10.06,-0.01,45,45270,卖盘
1655,10:18:44,10.07,--,103,103721,买盘
1656,10:18:39,10.07,--,4,4028,买盘
1657,10:18:29,10.07,--,73,73511,卖盘
1658,10:18:24,10.07,-0.01,16,16112,卖盘
1659,10:18:19,10.08,0.01,118,118944,买盘
1660,10:18:14,10.07,-0.01,77,77539,卖盘
1661,10:18:08,10.08,0.01,240,241920,买盘
1662,10:17:59,10.07,0.01,207,208449,买盘
1663,10:17:53,10.06,-0.01,12,12072,卖盘
1664,10:17:44,10.07,0.01,177,178239,买盘
1665,10:17:38,10.06,-0.01,28,28168,卖盘
1666,10:17:29,10.07,--,26,26182,买盘
1667,10:17:23,10.07,--,29,29203,买盘
1668,10:17:19,10.07,0.01,20,20140,买盘
1669,10:17:14,10.06,--,28,28168,卖盘
1670,10:17:08,10.06,-0.01,33,33198,卖盘
1671,10:17:04,10.07,0.01,55,55385,买盘
1672,10:16:59,10.06,-0.01,80,80480,卖盘
1673,10:16:49,10.07,0.01,28,28196,买盘
1674,10:16:44,10.06,--,27,27162,买盘
1675,10:16:38,10.06,0.01,140,140840,买盘
1676,10:16:33,10.05,-0.01,50,50250,卖盘
1677,10:16:29,10.06,0.01,55,55330,买盘
1678,10:16:23,10.05,-0.01,11,11055,卖盘
1679,10:16:18,10.06,--,13,13078,买盘
1680,10:16:14,10.06,--,258,259548,买盘
1681,10:16:08,10.06,0.01,418,420508,买盘
1682,10:16:02,10.05,--,28,28140,卖盘
1683,10:15:58,10.05,-0.01,236,237180,卖盘
1684,10:15:53,10.06,0.01,290,291740,买盘
1685,10:15:48,10.05,--,190,190950,卖盘
1686,10:15:44,10.05,-0.01,129,129645,卖盘
1687,10:15:38,10.06,0.01,8,8048,买盘
1688,10:15:29,10.05,-0.01,10,10050,卖盘
1689,10:15:23,10.06,0.01,29,29174,中性盘
1690,10:15:13,10.05,-0.01,200,201000,卖盘
1691,10:15:08,10.06,-0.01,80,80480,卖盘
1692,10:15:03,10.07,0.01,34,34640,买盘
1693,10:14:59,10.06,--,91,91546,卖盘
1694,10:14:53,10.06,--,16,16096,卖盘
1695,10:14:38,10.06,--,77,77462,卖盘
1696,10:14:29,10.06,--,30,30180,卖盘
1697,10:14:23,10.06,--,8,8048,卖盘
1698,10:14:18,10.06,--,10,10060,卖盘
1699,10:14:14,10.06,--,11,11066,卖盘
1700,10:14:08,10.06,--,20,20120,卖盘
1701,10:14:03,10.06,-0.01,2,2012,卖盘
1702,10:13:59,10.07,0.01,98,98686,买盘
1703,10:13:53,10.06,-0.01,72,72432,卖盘
1704,10:13:48,10.07,0.01,3,3021,买盘
1705,10:13:44,10.06,--,205,206230,卖盘
1706,10:13:38,10.06,--,10,10060,卖盘
1707,10:13:33,10.06,--,4,4024,卖盘
1708,10:13:29,10.06,--,13,13078,卖盘
1709,10:13:23,10.06,-0.01,57,57342,卖盘
1710,10:13:18,10.07,--,45,45315,买盘
1711,10:13:14,10.07,0.01,5,5035,买盘
1712,10:13:08,10.06,--,3,3018,卖盘
1713,10:13:03,10.06,--,180,181080,卖盘
1714,10:12:53,10.06,--,44,44264,卖盘
1715,10:12:48,10.06,--,2,2012,卖盘
1716,10:12:33,10.06,--,88,88528,卖盘
1717,10:12:18,10.06,-0.01,286,287716,卖盘
1718,10:12:13,10.07,--,2,2014,卖盘
1719,10:12:08,10.07,0.01,71,71497,买盘
1720,10:12:03,10.06,-0.02,98,98588,卖盘
1721,10:11:53,10.08,0.02,69,69552,买盘
1722,10:11:48,10.06,--,48,48690,卖盘
1723,10:11:42,10.06,--,0,0,卖盘
1724,10:11:38,10.06,-0.02,243,244458,卖盘
1725,10:11:33,10.08,0.01,46,46368,买盘
1726,10:11:28,10.07,-0.01,32,32224,卖盘
1727,10:11:23,10.08,--,105,106031,卖盘
1728,10:11:18,10.08,--,31,31248,卖盘
1729,10:11:13,10.08,--,81,81648,卖盘
1730,10:11:08,10.08,--,28,28224,卖盘
1731,10:11:03,10.08,-0.01,171,172368,卖盘
1732,10:10:58,10.09,0.01,2,2018,买盘
1733,10:10:53,10.08,--,178,179424,卖盘
1734,10:10:47,10.08,-0.01,64,65298,卖盘
1735,10:10:43,10.09,0.01,3,3027,买盘
1736,10:10:38,10.08,--,150,151996,卖盘
1737,10:10:32,10.08,-0.01,37,38092,卖盘
1738,10:10:23,10.09,--,38,39139,买盘
1739,10:10:17,10.09,0.01,99,100688,买盘
1740,10:10:08,10.08,--,86,87484,卖盘
1741,10:10:02,10.08,--,21,21168,卖盘
1742,10:09:58,10.08,--,28,28224,卖盘
1743,10:09:52,10.08,--,16,16924,卖盘
1744,10:09:47,10.08,--,110,110880,卖盘
1745,10:09:38,10.08,-0.01,29,29232,卖盘
1746,10:09:32,10.09,--,100,100900,买盘
1747,10:09:28,10.09,--,10,10090,买盘
1748,10:09:22,10.09,--,69,69621,买盘
1749,10:09:08,10.09,--,9,9081,买盘
1750,10:08:57,10.09,--,10,10090,买盘
1751,10:08:47,10.09,0.01,35,35315,买盘
1752,10:08:38,10.08,-0.01,76,76608,卖盘
1753,10:08:32,10.09,0.01,63,63567,买盘
1754,10:08:27,10.08,--,5,5040,卖盘
1755,10:08:22,10.08,--,10,10080,卖盘
1756,10:08:17,10.08,-0.01,4,4032,卖盘
1757,10:08:07,10.09,0.01,64,64576,买盘
1758,10:08:02,10.08,-0.01,200,201600,卖盘
1759,10:07:53,10.09,0.01,124,125116,买盘
1760,10:07:47,10.08,-0.01,1,1008,卖盘
1761,10:07:42,10.09,--,76,76684,买盘
1762,10:07:32,10.09,0.01,22,22198,买盘
1763,10:07:27,10.08,--,88,88704,卖盘
1764,10:07:17,10.08,-0.01,170,171360,卖盘
1765,10:07:08,10.09,0.01,1,1009,买盘
1766,10:07:02,10.08,-0.01,19,19152,卖盘
1767,10:06:53,10.09,0.01,49,49441,买盘
1768,10:06:47,10.08,-0.01,947,954576,卖盘
1769,10:06:38,10.09,-0.01,50,50450,卖盘
1770,10:06:27,10.1,--,10,10100,买盘
1771,10:06:23,10.1,--,35,35350,买盘
1772,10:06:12,10.1,0.01,10,10100,买盘
1773,10:06:07,10.09,--,12,12108,卖盘
1774,10:06:02,10.09,--,3,3027,卖盘
1775,10:05:47,10.09,-0.01,75,75675,卖盘
1776,10:05:42,10.1,0.01,9,9090,买盘
1777,10:05:37,10.09,--,1,1009,卖盘
1778,10:05:26,10.09,--,40,40360,卖盘
1779,10:05:17,10.09,--,72,72648,卖盘
1780,10:05:12,10.09,-0.01,1,1009,卖盘
1781,10:04:57,10.1,--,61,61610,买盘
1782,10:04:52,10.1,0.01,75,75750,买盘
1783,10:04:47,10.09,0.01,26,26234,买盘
1784,10:04:42,10.08,-0.02,5,5040,卖盘
1785,10:04:32,10.1,0.01,18,18180,买盘
1786,10:04:17,10.09,0.01,20,20180,买盘
1787,10:04:02,10.08,--,1,1008,卖盘
1788,10:03:57,10.08,-0.01,165,166320,卖盘
1789,10:03:52,10.09,0.01,23,23207,买盘
1790,10:03:32,10.08,--,129,130032,卖盘
1791,10:03:26,10.08,--,12,12096,卖盘
1792,10:03:12,10.08,-0.01,4,4032,卖盘
1793,10:03:02,10.09,--,20,20180,买盘
1794,10:02:42,10.09,-0.01,33,33297,中性盘
1795,10:02:37,10.1,0.01,217,219170,买盘
1796,10:02:32,10.09,0.01,1,1009,卖盘
1797,10:02:26,10.08,-0.01,7,7056,卖盘
1798,10:02:22,10.09,--,50,50450,买盘
1799,10:02:16,10.09,--,13,13117,买盘
1800,10:02:02,10.09,--,110,110990,买盘
1801,10:01:46,10.09,--,71,71639,买盘
1802,10:01:41,10.09,0.01,10,10090,买盘
1803,10:01:32,10.08,--,1,1008,卖盘
1804,10:01:26,10.08,--,30,30240,卖盘
1805,10:01:16,10.08,--,10,10080,卖盘
1806,10:01:11,10.08,--,257,259056,卖盘
1807,10:01:02,10.08,--,147,148176,卖盘
1808,10:00:51,10.08,--,5,5040,卖盘
1809,10:00:46,10.08,--,521,525460,买盘
1810,10:00:41,10.08,--,18,18144,买盘
1811,10:00:36,10.08,--,18,18144,买盘
1812,10:00:31,10.08,--,20,20160,买盘
1813,10:00:26,10.08,--,3,3024,买盘
1814,10:00:21,10.08,--,13,13104,买盘
1815,10:00:17,10.08,--,24,24192,买盘
1816,10:00:11,10.08,--,12,12096,买盘
1817,10:00:06,10.08,--,79,79632,买盘
1818,09:59:56,10.08,--,11,11088,买盘
1819,09:59:46,10.08,--,19,19152,买盘
1820,09:59:41,10.08,-0.01,366,368928,卖盘
1821,09:59:36,10.09,--,133,134197,卖盘
1822,09:59:31,10.09,0.01,9,9081,买盘
1823,09:59:21,10.08,-0.01,4,4032,卖盘
1824,09:59:17,10.09,--,10,10090,买盘
1825,09:59:11,10.09,--,505,509545,卖盘
1826,09:59:06,10.09,-0.01,10,10090,卖盘
1827,09:59:01,10.1,-0.01,10,10100,中性盘
1828,09:58:56,10.11,0.02,1286,1300146,买盘
1829,09:58:51,10.09,-0.01,27,27243,卖盘
1830,09:58:46,10.1,--,53,53530,买盘
1831,09:58:41,10.1,0.01,19,19190,买盘
1832,09:58:26,10.09,0.01,71,71639,买盘
1833,09:58:21,10.08,--,178,179424,买盘
1834,09:58:16,10.08,0.01,1422,1433376,买盘
1835,09:58:11,10.07,-0.01,1,1007,卖盘
1836,09:58:06,10.08,0.01,121,121968,买盘
1837,09:57:56,10.07,--,19,19133,卖盘
1838,09:57:51,10.07,--,6,6042,卖盘
1839,09:57:46,10.07,-0.01,42,42294,卖盘
1840,09:57:41,10.08,0.01,10,10080,买盘
1841,09:57:35,10.07,--,35,35245,卖盘
1842,09:57:26,10.07,--,40,40280,卖盘
1843,09:57:21,10.07,-0.01,11,11077,卖盘
1844,09:57:16,10.08,0.01,1,1008,买盘
1845,09:57:11,10.07,-0.01,16,16112,卖盘
1846,09:56:56,10.08,--,5,5040,买盘
1847,09:56:51,10.08,--,14,14112,买盘
1848,09:56:41,10.08,-0.03,271,273168,卖盘
1849,09:56:36,10.11,--,0,0,买盘
1850,09:56:31,10.11,0.01,10,10110,买盘
1851,09:56:26,10.1,0.02,30,30300,买盘
1852,09:56:21,10.08,0.01,69,69552,卖盘
1853,09:56:11,10.07,--,0,0,卖盘
1854,09:56:06,10.07,-0.04,110,110770,卖盘
1855,09:55:51,10.11,--,73,73803,买盘
1856,09:55:36,10.11,--,0,0,买盘
1857,09:55:31,10.11,0.02,20,20220,买盘
1858,09:55:26,10.09,--,48,48432,买盘
1859,09:55:21,10.09,--,14,14126,买盘
1860,09:55:16,10.09,0.01,307,309763,买盘
1861,09:55:10,10.08,--,210,211680,卖盘
1862,09:55:05,10.08,-0.01,119,119952,卖盘
1863,09:55:01,10.09,--,107,107963,卖盘
1864,09:54:50,10.09,0.01,73,73657,买盘
1865,09:54:40,10.08,-0.02,298,300384,卖盘
1866,09:54:35,10.1,0.02,2042,2062420,买盘
1867,09:54:20,10.08,--,53,53424,卖盘
1868,09:54:16,10.08,--,0,0,卖盘
1869,09:54:10,10.08,-0.02,281,283248,卖盘
1870,09:54:05,10.1,--,34,34340,买盘
1871,09:54:01,10.1,--,68,68740,卖盘
1872,09:53:55,10.1,--,25,25250,卖盘
1873,09:53:40,10.1,--,68,69629,买盘
1874,09:53:35,10.1,0.01,23,23230,买盘
1875,09:53:29,10.09,-0.01,206,207854,卖盘
1876,09:53:26,10.1,0.01,150,151500,买盘
1877,09:53:20,10.09,--,1,1009,卖盘
1878,09:53:15,10.09,-0.01,60,60540,卖盘
1879,09:53:05,10.1,--,5,5050,买盘
1880,09:53:00,10.1,-0.01,503,508090,卖盘
1881,09:52:55,10.11,--,510,515610,买盘
1882,09:52:40,10.11,--,90,90990,买盘
1883,09:52:35,10.11,--,300,303300,买盘
1884,09:52:30,10.11,--,20,20220,买盘
1885,09:52:20,10.11,--,348,351828,卖盘
1886,09:52:10,10.11,--,122,123342,卖盘
1887,09:52:05,10.11,-0.02,128,129408,卖盘
1888,09:51:59,10.13,--,0,0,买盘
1889,09:51:55,10.13,0.03,504,510552,买盘
1890,09:51:50,10.1,-0.02,87,87870,卖盘
1891,09:51:45,10.12,-0.01,29,29347,卖盘
1892,09:51:40,10.13,--,600,607800,买盘
1893,09:51:35,10.13,0.01,27,27351,买盘
1894,09:51:30,10.12,-0.01,15,15179,中性盘
1895,09:51:25,10.13,--,48,48624,买盘
1896,09:51:20,10.13,--,103,104531,卖盘
1897,09:51:14,10.13,--,183,185379,卖盘
1898,09:51:10,10.13,--,536,543788,买盘
1899,09:51:05,10.13,0.01,1204,1219652,买盘
1900,09:51:00,10.12,0.01,98,99175,买盘
1901,09:50:55,10.11,--,23,23253,买盘
1902,09:50:50,10.11,-0.01,28,28308,中性盘
1903,09:50:45,10.12,0.01,101,102211,买盘
1904,09:50:40,10.11,0.01,30,30330,买盘
1905,09:50:35,10.1,-0.01,177,178770,卖盘
1906,09:50:30,10.11,-0.01,120,121532,卖盘
1907,09:50:25,10.12,0.01,238,240855,买盘
1908,09:50:20,10.11,-0.01,52,53370,卖盘
1909,09:50:15,10.12,0.01,50,50599,买盘
1910,09:50:10,10.11,--,30,30330,卖盘
1911,09:50:05,10.11,--,163,164793,买盘
1912,09:50:00,10.11,--,130,132228,买盘
1913,09:49:50,10.11,0.01,37,38205,买盘
1914,09:49:45,10.1,--,110,111100,卖盘
1915,09:49:40,10.1,-0.01,16,16957,卖盘
1916,09:49:35,10.11,0.01,66,66726,买盘
1917,09:49:29,10.1,-0.01,55,55550,卖盘
1918,09:49:25,10.11,0.01,1,1011,买盘
1919,09:49:20,10.1,-0.01,60,60600,卖盘
1920,09:49:15,10.11,--,44,44484,买盘
1921,09:49:10,10.11,0.01,5,5055,买盘
1922,09:49:04,10.1,--,95,96525,买盘
1923,09:49:00,10.1,--,30,30300,买盘
1924,09:48:49,10.1,-0.01,136,137582,卖盘
1925,09:48:45,10.11,-0.01,10,10110,卖盘
1926,09:48:40,10.12,0.02,410,414919,买盘
1927,09:48:34,10.1,--,22,22422,卖盘
1928,09:48:30,10.1,--,327,331067,卖盘
1929,09:48:20,10.1,-0.01,68,69477,卖盘
1930,09:48:09,10.11,0.01,200,202200,买盘
1931,09:48:05,10.1,0.01,215,217150,买盘
1932,09:48:00,10.09,--,135,136215,卖盘
1933,09:47:49,10.09,-0.01,102,102918,卖盘
1934,09:47:44,10.1,0.01,729,736290,买盘
1935,09:47:39,10.09,--,30,30270,卖盘
1936,09:47:34,10.09,0.02,285,287565,买盘
1937,09:47:29,10.07,-0.01,105,105735,卖盘
1938,09:47:25,10.08,-0.01,20,20160,卖盘
1939,09:47:19,10.09,--,137,138233,买盘
1940,09:47:14,10.09,0.03,1,1009,买盘
1941,09:47:05,10.06,-0.01,505,508030,卖盘
1942,09:46:59,10.07,0.01,1,1007,中性盘
1943,09:46:55,10.06,-0.03,204,205224,卖盘
1944,09:46:50,10.09,0.02,613,618517,买盘
1945,09:46:44,10.07,--,4,4028,买盘
1946,09:46:34,10.07,0.01,39,39273,买盘
1947,09:46:19,10.06,--,9,9255,卖盘
1948,09:46:04,10.06,--,101,101606,买盘
1949,09:45:59,10.06,--,29,29174,买盘
1950,09:45:54,10.06,--,28,28168,买盘
1951,09:45:49,10.06,--,25,25150,买盘
1952,09:45:44,10.06,--,89,89534,卖盘
1953,09:45:39,10.06,--,20,20120,卖盘
1954,09:45:34,10.06,--,5,5030,卖盘
1955,09:45:29,10.06,--,27,27162,买盘
1956,09:45:24,10.06,0.01,245,246470,买盘
1957,09:45:19,10.05,-0.01,15,15075,卖盘
1958,09:45:14,10.06,--,1,1006,买盘
1959,09:45:08,10.06,0.01,26,26156,买盘
1960,09:45:04,10.05,-0.01,7,7035,卖盘
1961,09:44:59,10.06,--,224,225344,买盘
1962,09:44:54,10.06,--,46,46276,买盘
1963,09:44:49,10.06,0.01,31,31186,买盘
1964,09:44:44,10.05,--,10,10050,卖盘
1965,09:44:29,10.05,--,16,16080,卖盘
1966,09:44:23,10.05,-0.01,144,144720,卖盘
1967,09:44:14,10.06,0.01,128,128808,买盘
1968,09:44:09,10.05,-0.01,43,43215,卖盘
1969,09:44:04,10.06,0.01,53,53318,买盘
1970,09:43:59,10.05,-0.01,37,37185,卖盘
1971,09:43:54,10.06,--,8,8048,买盘
1972,09:43:49,10.06,--,10,10060,买盘
1973,09:43:44,10.06,--,9,9054,买盘
1974,09:43:39,10.06,--,9,9054,买盘
1975,09:43:29,10.06,0.01,5,5030,买盘
1976,09:43:23,10.05,--,36,36180,卖盘
1977,09:43:19,10.05,-0.01,13,13065,卖盘
1978,09:43:14,10.06,--,40,40240,买盘
1979,09:43:09,10.06,0.02,20,20120,买盘
1980,09:43:04,10.04,-0.01,70,70280,卖盘
1981,09:42:59,10.05,-0.01,69,69345,卖盘
1982,09:42:53,10.06,--,20,20723,买盘
1983,09:42:44,10.06,--,197,198182,买盘
1984,09:42:34,10.06,0.01,399,401394,买盘
1985,09:42:28,10.05,--,8,8040,卖盘
1986,09:42:24,10.05,-0.01,10,10050,卖盘
1987,09:42:19,10.06,--,15,15090,买盘
1988,09:42:09,10.06,-0.02,109,110418,卖盘
1989,09:42:04,10.08,0.01,70,70560,买盘
1990,09:41:58,10.07,--,47,47329,买盘
1991,09:41:54,10.07,--,24,24168,买盘
1992,09:41:49,10.07,--,49,49343,买盘
1993,09:41:43,10.07,0.01,16,16112,买盘
1994,09:41:39,10.06,--,49,49535,买盘
1995,09:41:34,10.06,0.01,17,17102,买盘
1996,09:41:28,10.05,--,29,29145,卖盘
1997,09:41:24,10.05,-0.01,40,40200,买盘
1998,09:41:18,10.06,--,0,0,买盘
1999,09:41:13,10.06,0.01,356,358136,买盘
2000,09:41:09,10.05,--,66,66330,买盘
2001,09:41:03,10.05,0.01,39,39195,买盘
2002,09:40:58,10.04,-0.01,65,65259,卖盘
2003,09:40:54,10.05,0.01,125,125625,买盘
2004,09:40:48,10.04,--,41,41164,买盘
2005,09:40:43,10.04,--,227,227907,买盘
2006,09:40:39,10.04,--,215,215859,买盘
2007,09:40:33,10.04,--,55,55219,买盘
2008,09:40:29,10.04,--,215,215859,中性盘
2009,09:40:23,10.04,-0.01,94,94375,卖盘
2010,09:40:18,10.05,--,52,52260,买盘
2011,09:40:13,10.05,--,652,655260,买盘
2012,09:40:08,10.05,--,125,125625,买盘
2013,09:40:03,10.05,--,28,28140,买盘
2014,09:39:58,10.05,0.02,100,100500,买盘
2015,09:39:53,10.03,-0.02,521,522562,卖盘
2016,09:39:48,10.05,0.02,26,26130,买盘
2017,09:39:44,10.03,-0.02,200,200600,卖盘
2018,09:39:38,10.05,0.01,354,355770,买盘
2019,09:39:28,10.04,--,139,139556,卖盘
2020,09:39:23,10.04,-0.02,107,107427,卖盘
2021,09:39:18,10.06,--,21,21126,买盘
2022,09:39:13,10.06,--,44,44264,买盘
2023,09:39:08,10.06,--,74,74444,买盘
2024,09:39:03,10.06,--,0,0,买盘
2025,09:38:58,10.06,0.01,326,327956,买盘
2026,09:38:53,10.05,--,22,22994,卖盘
2027,09:38:48,10.05,--,17,17085,卖盘
2028,09:38:43,10.05,-0.01,5,5025,卖盘
2029,09:38:38,10.06,--,76,76456,买盘
2030,09:38:33,10.06,0.01,50,50300,买盘
2031,09:38:28,10.05,--,18,18090,卖盘
2032,09:38:23,10.05,-0.01,534,536790,卖盘
2033,09:38:17,10.06,0.01,258,259548,买盘
2034,09:38:13,10.05,--,59,59295,卖盘
2035,09:38:08,10.05,-0.01,331,332655,卖盘
2036,09:38:03,10.06,--,15,15090,买盘
2037,09:37:53,10.06,--,1,1006,买盘
2038,09:37:47,10.06,-0.01,688,693013,卖盘
2039,09:37:32,10.07,--,82,82574,买盘
2040,09:37:28,10.07,--,36,36252,卖盘
2041,09:37:23,10.07,-0.01,157,158099,卖盘
2042,09:37:18,10.08,0.01,7,7056,买盘
2043,09:37:08,10.07,-0.01,6,6042,卖盘
2044,09:37:02,10.08,0.01,13,13104,买盘
2045,09:36:58,10.07,-0.01,108,108756,卖盘
2046,09:36:53,10.08,--,50,50400,买盘
2047,09:36:47,10.08,0.01,53,53424,买盘
2048,09:36:43,10.07,-0.01,178,179246,卖盘
2049,09:36:38,10.08,--,50,50400,买盘
2050,09:36:32,10.08,--,10,10080,买盘
2051,09:36:28,10.08,0.01,11,11088,买盘
2052,09:36:23,10.07,--,16,16112,卖盘
2053,09:36:17,10.07,-0.01,60,60420,卖盘
2054,09:36:13,10.08,0.01,19,19152,卖盘
2055,09:36:08,10.07,-0.01,49,49343,卖盘
2056,09:36:03,10.08,--,79,79632,买盘
2057,09:35:58,10.08,--,84,84672,买盘
2058,09:35:53,10.08,--,30,30240,买盘
2059,09:35:47,10.08,--,10,10080,买盘
2060,09:35:43,10.08,--,40,40320,买盘
2061,09:35:37,10.08,-0.01,82,82656,卖盘
2062,09:35:32,10.09,0.01,11,11099,买盘
2063,09:35:28,10.08,--,9,9072,买盘
2064,09:35:22,10.08,--,93,93744,中性盘
2065,09:35:18,10.08,-0.01,50,50400,卖盘
2066,09:35:07,10.09,--,0,0,买盘
2067,09:35:03,10.09,--,436,439924,买盘
2068,09:34:58,10.09,--,1,1009,买盘
2069,09:34:52,10.09,--,0,0,买盘
2070,09:34:47,10.09,0.02,543,547887,买盘
2071,09:34:43,10.07,-0.02,108,108756,卖盘
2072,09:34:37,10.09,0.01,141,142269,买盘
2073,09:34:32,10.08,--,35,35280,卖盘
2074,09:34:22,10.08,--,337,339696,中性盘
2075,09:34:17,10.08,--,75,75600,卖盘
2076,09:34:07,10.08,0.01,104,104832,买盘
2077,09:34:02,10.07,-0.01,280,281960,卖盘
2078,09:33:58,10.08,--,20,20160,中性盘
2079,09:33:52,10.08,-0.01,20,20160,卖盘
2080,09:33:47,10.09,0.01,149,150341,买盘
2081,09:33:42,10.08,0.01,5,5040,中性盘
2082,09:33:37,10.07,-0.01,270,271890,卖盘
2083,09:33:32,10.08,--,46,46368,买盘
2084,09:33:27,10.08,--,248,249984,卖盘
2085,09:33:17,10.08,0.01,395,398563,买盘
2086,09:33:12,10.07,-0.01,10,10070,卖盘
2087,09:33:07,10.08,--,21,21168,买盘
2088,09:33:02,10.08,0.01,503,507024,买盘
2089,09:32:52,10.07,-0.01,530,533710,卖盘
2090,09:32:47,10.08,--,28,28224,买盘
2091,09:32:37,10.08,--,280,282240,卖盘
2092,09:32:32,10.08,-0.01,100,100800,卖盘
2093,09:32:22,10.09,--,73,73657,买盘
2094,09:32:17,10.09,0.01,20,20180,买盘
2095,09:32:12,10.08,--,29,29232,卖盘
2096,09:32:07,10.08,-0.01,70,70560,卖盘
2097,09:32:02,10.09,0.01,74,74666,买盘
2098,09:31:57,10.08,-0.01,10,10080,卖盘
2099,09:31:52,10.09,--,10,10090,买盘
2100,09:31:47,10.09,--,32,32288,买盘
2101,09:31:42,10.09,0.01,28,28252,买盘
2102,09:31:37,10.08,--,190,191520,卖盘
2103,09:31:32,10.08,-0.01,3,3024,中性盘
2104,09:31:27,10.09,0.01,28,28252,买盘
2105,09:31:22,10.08,0.01,48,48384,买盘
2106,09:31:17,10.07,-0.02,117,117819,卖盘
2107,09:31:12,10.09,--,177,178593,卖盘
2108,09:31:02,10.09,--,18,18162,卖盘
2109,09:30:56,10.09,--,352,355168,买盘
2110,09:30:47,10.09,0.02,58,58522,买盘
2111,09:30:41,10.07,-0.02,195,196365,卖盘
2112,09:30:36,10.09,0.01,10,10090,买盘
2113,09:30:32,10.08,-0.02,270,272160,卖盘
2114,09:30:26,10.1,0.01,85,85850,买盘
2115,09:30:21,10.09,--,72,72648,卖盘
2116,09:30:11,10.09,--,78,78702,卖盘
2117,09:30:06,10.09,-0.01,619,624692,卖盘
2118,09:30:02,10.1,--,34,35228,卖盘
2119,09:28:47,10.1,--,0,0,卖盘
2120,09:25:06,10.1,10.1,333,336451,买盘
