,time,price,change,volume,amount,type
0,15:00:00,20.7,--,0,0,卖盘
1,15:00:00,20.7,-0.01,0,0,卖盘
2,15:00:00,20.71,-0.01,21,43491,卖盘
3,14:59:57,20.72,0.01,68,140896,买盘
4,14:59:52,20.71,--,17,35207,买盘
5,14:59:46,20.71,0.01,23,47633,买盘
6,14:59:42,20.7,-0.01,35,72450,卖盘
7,14:59:37,20.71,0.01,82,169822,买盘
8,14:59:31,20.7,--,155,320850,卖盘
9,14:59:27,20.7,--,3,6210,卖盘
10,14:59:22,20.7,0.05,557,1152990,买盘
11,14:59:16,20.65,-0.03,153,315945,卖盘
12,14:59:12,20.68,-0.02,43,88924,中性盘
13,14:59:07,20.7,0.01,50,103500,买盘
14,14:59:01,20.69,0.05,8,16552,买盘
15,14:58:57,20.64,-0.05,38,78432,卖盘
16,14:58:52,20.69,0.02,71,146899,买盘
17,14:58:46,20.67,-0.02,11,22737,中性盘
18,14:58:42,20.69,0.07,5,10345,买盘
19,14:58:37,20.62,-0.07,785,1618670,卖盘
20,14:58:31,20.69,--,5,10345,买盘
21,14:58:27,20.69,--,48,99312,买盘
22,14:58:22,20.69,-0.01,30,62070,卖盘
23,14:58:16,20.7,--,0,0,买盘
24,14:58:12,20.7,--,0,0,买盘
25,14:58:07,20.7,0.07,415,859050,买盘
26,14:58:01,20.63,--,0,0,卖盘
27,14:57:57,20.63,0.02,5,10315,中性盘
28,14:57:52,20.61,-0.09,100,206100,卖盘
29,14:57:46,20.7,--,10,20700,买盘
30,14:57:42,20.7,0.08,37,76590,买盘
31,14:57:37,20.62,--,36,74232,买盘
32,14:57:31,20.62,--,46,94852,买盘
33,14:57:27,20.62,--,41,84542,买盘
34,14:57:22,20.62,-0.07,301,620662,卖盘
35,14:57:16,20.69,--,112,231728,买盘
36,14:57:12,20.69,-0.01,10,20690,卖盘
37,14:57:07,20.7,--,27,55890,买盘
38,14:57:01,20.7,--,68,140760,买盘
39,14:56:57,20.7,--,178,368460,卖盘
40,14:56:52,20.7,-0.02,47,97290,卖盘
41,14:56:46,20.72,-0.03,7,14504,中性盘
42,14:56:42,20.75,--,43,89225,买盘
43,14:56:37,20.75,--,8,16600,买盘
44,14:56:31,20.75,--,39,80925,买盘
45,14:56:22,20.75,--,8,16600,买盘
46,14:56:16,20.75,0.05,9,18675,买盘
47,14:56:12,20.7,-0.07,176,364320,卖盘
48,14:56:07,20.77,0.01,10,20770,买盘
49,14:56:01,20.76,0.06,26,53976,买盘
50,14:55:57,20.7,--,47,97290,卖盘
51,14:55:52,20.7,--,15,31050,卖盘
52,14:55:46,20.7,0.01,22,45540,中性盘
53,14:55:42,20.69,-0.08,127,262763,卖盘
54,14:55:37,20.77,0.09,237,492249,买盘
55,14:55:31,20.68,-0.01,14,28952,卖盘
56,14:55:22,20.69,0.02,15,31035,买盘
57,14:55:10,20.67,-0.03,233,481611,卖盘
58,14:55:06,20.7,0.01,25,51750,买盘
59,14:55:01,20.69,0.05,127,262763,买盘
60,14:54:55,20.64,--,50,103200,买盘
61,14:54:51,20.64,-0.03,90,185760,卖盘
62,14:54:46,20.67,-0.01,3,6201,中性盘
63,14:54:40,20.68,0.03,108,223344,买盘
64,14:54:36,20.65,-0.04,65,134225,卖盘
65,14:54:31,20.69,0.03,29,60001,买盘
66,14:54:25,20.66,--,27,55782,卖盘
67,14:54:21,20.66,-0.03,52,107432,卖盘
68,14:54:16,20.69,--,10,20690,买盘
69,14:54:10,20.69,0.06,83,171727,买盘
70,14:54:01,20.63,-0.03,3,6189,卖盘
71,14:53:55,20.66,0.03,1,2066,中性盘
72,14:53:51,20.63,-0.01,162,334206,卖盘
73,14:53:46,20.64,-0.02,3,6192,卖盘
74,14:53:36,20.66,0.02,20,41320,买盘
75,14:53:31,20.64,-0.03,9,18576,卖盘
76,14:53:25,20.67,--,33,68211,买盘
77,14:53:21,20.67,0.05,30,62010,买盘
78,14:53:16,20.62,-0.01,70,144340,卖盘
79,14:53:06,20.63,-0.04,25,51575,卖盘
80,14:52:55,20.67,0.04,53,109551,买盘
81,14:52:51,20.63,--,2,4126,买盘
82,14:52:46,20.63,--,32,66016,卖盘
83,14:52:40,20.63,-0.04,4,8252,卖盘
84,14:52:36,20.67,--,9,18603,卖盘
85,14:52:31,20.67,--,1,2067,卖盘
86,14:52:25,20.67,-0.02,10,20670,卖盘
87,14:52:21,20.69,0.04,49,101381,买盘
88,14:52:16,20.65,-0.01,7,14454,买盘
89,14:52:10,20.66,-0.04,23,47518,卖盘
90,14:52:06,20.7,--,5,10350,买盘
91,14:51:55,20.7,--,2,4140,买盘
92,14:51:51,20.7,--,2,4140,买盘
93,14:51:46,20.7,-0.05,106,219420,卖盘
94,14:51:40,20.75,--,61,126575,买盘
95,14:51:36,20.75,0.03,80,166000,买盘
96,14:51:31,20.72,--,10,20720,卖盘
97,14:51:21,20.72,-0.03,66,136752,卖盘
98,14:51:16,20.75,0.03,36,74700,买盘
99,14:51:10,20.72,0.02,16,33152,买盘
100,14:51:06,20.7,-0.02,32,66240,卖盘
101,14:51:01,20.72,-0.03,15,31080,中性盘
102,14:50:55,20.75,0.08,100,207500,买盘
103,14:50:46,20.67,0.04,52,107484,买盘
104,14:50:40,20.63,0.02,15,30945,中性盘
105,14:50:36,20.61,-0.04,1,2061,卖盘
106,14:50:31,20.65,0.04,102,210630,买盘
107,14:50:25,20.61,0.01,33,68672,买盘
108,14:50:21,20.6,--,102,210120,买盘
109,14:50:16,20.6,0.01,130,267800,买盘
110,14:50:10,20.59,0.03,251,516809,买盘
111,14:50:06,20.56,0.01,2,4112,买盘
112,14:50:01,20.55,--,235,482925,卖盘
113,14:49:55,20.55,--,84,172620,卖盘
114,14:49:51,20.55,--,15,30825,卖盘
115,14:49:46,20.55,--,80,164400,买盘
116,14:49:40,20.55,--,155,318525,买盘
117,14:49:36,20.55,0.03,32,65760,买盘
118,14:49:31,20.52,-0.03,8,16416,卖盘
119,14:49:25,20.55,-0.04,16,32880,卖盘
120,14:49:21,20.59,--,2,4118,买盘
121,14:49:16,20.59,0.03,79,162661,买盘
122,14:49:10,20.56,--,112,230272,买盘
123,14:49:06,20.56,--,201,413256,买盘
124,14:49:01,20.56,0.01,5,10280,买盘
125,14:48:55,20.55,0.03,15,30825,卖盘
126,14:48:46,20.52,--,70,143640,买盘
127,14:48:40,20.52,0.02,11,22572,买盘
128,14:48:36,20.5,-0.01,417,854850,卖盘
129,14:48:30,20.51,-0.03,5,10255,买盘
130,14:48:25,20.54,0.03,130,267020,中性盘
131,14:48:16,20.51,-0.01,135,276885,卖盘
132,14:48:10,20.52,-0.03,16,32832,卖盘
133,14:48:04,20.55,--,0,0,买盘
134,14:48:00,20.55,0.05,24,49320,买盘
135,14:47:55,20.5,-0.02,1522,3121494,卖盘
136,14:47:49,20.52,-0.07,125,256500,卖盘
137,14:47:45,20.59,0.05,105,216195,买盘
138,14:47:40,20.54,-0.05,5,10270,买盘
139,14:47:34,20.59,--,0,0,买盘
140,14:47:30,20.59,0.05,321,660939,买盘
141,14:47:25,20.54,--,0,0,卖盘
142,14:47:19,20.54,-0.04,13,26702,卖盘
143,14:47:15,20.58,0.05,38,78204,买盘
144,14:47:10,20.53,0.01,151,310003,买盘
145,14:47:04,20.52,-0.01,11,22572,卖盘
146,14:47:00,20.53,0.01,4,8212,中性盘
147,14:46:55,20.52,-0.01,129,264708,卖盘
148,14:46:45,20.53,--,20,41060,买盘
149,14:46:40,20.53,-0.02,109,223777,卖盘
150,14:46:34,20.55,--,73,150015,买盘
151,14:46:30,20.55,-0.02,20,41100,中性盘
152,14:46:25,20.57,--,38,78166,买盘
153,14:46:19,20.57,0.02,25,51425,买盘
154,14:46:15,20.55,-0.03,23,47265,卖盘
155,14:46:10,20.58,0.02,20,41160,买盘
156,14:46:04,20.56,--,32,65792,卖盘
157,14:46:00,20.56,-0.02,29,59623,卖盘
158,14:45:55,20.58,0.04,8,16464,买盘
159,14:45:49,20.54,--,0,0,卖盘
160,14:45:45,20.54,--,7,14378,卖盘
161,14:45:40,20.54,-0.01,34,69836,卖盘
162,14:45:34,20.55,--,36,73980,卖盘
163,14:45:30,20.55,--,4,8220,卖盘
164,14:45:25,20.55,-0.04,39,80145,卖盘
165,14:45:19,20.59,--,1,2059,买盘
166,14:45:15,20.59,0.06,4,8236,买盘
167,14:45:10,20.53,-0.06,18,36954,卖盘
168,14:45:04,20.59,0.05,183,376797,买盘
169,14:45:00,20.54,--,46,94484,买盘
170,14:44:55,20.54,-0.06,110,225940,卖盘
171,14:44:49,20.6,0.01,589,1213340,买盘
172,14:44:45,20.59,0.01,6,12354,买盘
173,14:44:40,20.58,--,0,0,买盘
174,14:44:34,20.58,-0.02,56,115247,卖盘
175,14:44:25,20.6,--,9,18540,买盘
176,14:44:19,20.6,-0.01,15,30900,买盘
177,14:44:15,20.61,--,55,113355,卖盘
178,14:44:10,20.61,0.01,20,41220,卖盘
179,14:43:55,20.6,0.02,190,391400,买盘
180,14:43:40,20.58,0.03,59,121421,买盘
181,14:43:34,20.55,-0.01,75,154125,卖盘
182,14:43:30,20.56,--,1,2056,卖盘
183,14:43:25,20.56,0.01,49,100744,买盘
184,14:43:19,20.55,--,8,16440,卖盘
185,14:43:10,20.55,-0.01,9,18495,卖盘
186,14:43:04,20.56,0.04,138,283728,买盘
187,14:43:00,20.52,-0.03,10,20520,卖盘
188,14:42:55,20.55,--,7,14385,买盘
189,14:42:49,20.55,-0.05,69,141795,卖盘
190,14:42:45,20.6,--,3,6180,买盘
191,14:42:40,20.6,--,47,96820,买盘
192,14:42:34,20.6,-0.03,339,698340,卖盘
193,14:42:30,20.63,--,0,0,买盘
194,14:42:25,20.63,--,6,12378,买盘
195,14:42:19,20.63,--,32,66016,卖盘
196,14:42:10,20.63,--,0,0,卖盘
197,14:42:04,20.63,-0.07,454,936602,卖盘
198,14:42:00,20.7,--,4,8280,卖盘
199,14:41:55,20.7,0.07,34,70380,买盘
200,14:41:49,20.63,--,36,74268,卖盘
201,14:41:34,20.63,-0.07,10,20630,卖盘
202,14:41:29,20.7,0.08,10,20700,买盘
203,14:41:24,20.62,--,63,129906,卖盘
204,14:41:19,20.62,--,12,24744,买盘
205,14:41:14,20.62,0.01,5,10310,买盘
206,14:41:04,20.61,0.01,5,10305,买盘
207,14:40:58,20.6,--,39,80340,卖盘
208,14:40:54,20.6,0.02,12,24720,买盘
209,14:40:49,20.58,--,1,2058,卖盘
210,14:40:43,20.58,--,5,10290,卖盘
211,14:40:39,20.58,--,788,1621703,买盘
212,14:40:34,20.58,0.05,90,185219,买盘
213,14:40:28,20.53,--,0,0,中性盘
214,14:40:24,20.53,0.02,61,125233,中性盘
215,14:40:19,20.51,-0.04,56,114856,卖盘
216,14:40:13,20.55,0.01,15,30825,卖盘
217,14:40:09,20.54,--,0,0,卖盘
218,14:40:04,20.54,--,60,123240,卖盘
219,14:39:58,20.54,--,0,0,卖盘
220,14:39:54,20.54,--,105,215670,卖盘
221,14:39:49,20.54,-0.03,111,227994,卖盘
222,14:39:43,20.57,--,5,10285,卖盘
223,14:39:39,20.57,-0.03,69,141953,买盘
224,14:39:34,20.6,0.03,60,123600,买盘
225,14:39:27,20.57,--,76,156332,买盘
226,14:39:24,20.57,--,31,63767,买盘
227,14:39:18,20.57,0.01,66,135762,买盘
228,14:39:13,20.56,-0.01,24,49344,卖盘
229,14:39:09,20.57,-0.03,251,516307,卖盘
230,14:39:04,20.6,--,3,6180,买盘
231,14:38:58,20.6,--,42,86520,买盘
232,14:38:54,20.6,--,25,51500,买盘
233,14:38:49,20.6,-0.01,59,121540,卖盘
234,14:38:43,20.61,--,0,0,卖盘
235,14:38:39,20.61,--,7,14427,卖盘
236,14:38:34,20.61,-0.07,5,10305,卖盘
237,14:38:28,20.68,0.1,10,20680,买盘
238,14:38:24,20.58,--,0,0,卖盘
239,14:38:19,20.58,-0.12,26,53507,卖盘
240,14:38:13,20.7,--,20,41400,买盘
241,14:38:09,20.7,--,0,0,买盘
242,14:38:04,20.7,--,30,62100,卖盘
243,14:37:58,20.7,--,404,836280,卖盘
244,14:37:54,20.7,--,13,26910,卖盘
245,14:37:49,20.7,-0.01,156,322920,卖盘
246,14:37:43,20.71,-0.01,58,120118,卖盘
247,14:37:27,20.72,-0.04,72,150592,卖盘
248,14:37:24,20.76,-0.01,200,415864,卖盘
249,14:37:19,20.77,--,264,548328,卖盘
250,14:37:13,20.77,--,40,83080,卖盘
251,14:37:04,20.77,-0.01,4,8308,卖盘
252,14:36:57,20.78,--,39,81042,卖盘
253,14:36:49,20.78,-0.01,138,286764,卖盘
254,14:36:42,20.79,--,5,10395,卖盘
255,14:36:39,20.79,-0.01,4,8316,卖盘
256,14:36:28,20.8,--,385,800800,卖盘
257,14:36:23,20.8,--,220,457600,卖盘
258,14:36:19,20.8,--,0,0,卖盘
259,14:36:13,20.8,--,0,0,卖盘
260,14:36:08,20.8,-0.04,44,91520,卖盘
261,14:36:04,20.84,0.04,51,106284,买盘
262,14:35:58,20.8,-0.04,100,208000,卖盘
263,14:35:53,20.84,0.03,12,25008,买盘
264,14:35:49,20.81,-0.03,7,14567,卖盘
265,14:35:43,20.84,0.04,2,4168,买盘
266,14:35:33,20.8,--,0,0,卖盘
267,14:35:28,20.8,-0.04,25,52000,卖盘
268,14:35:18,20.84,0.04,10,20840,买盘
269,14:35:13,20.8,-0.07,258,536640,卖盘
270,14:35:08,20.87,0.02,11,22957,买盘
271,14:35:03,20.85,--,39,81315,卖盘
272,14:34:57,20.85,-0.02,8,16680,卖盘
273,14:34:48,20.87,0.03,11,22957,买盘
274,14:34:43,20.84,-0.03,2,4168,卖盘
275,14:34:38,20.87,--,33,68871,买盘
276,14:34:33,20.87,-0.01,1,2087,买盘
277,14:34:27,20.88,--,3,6264,买盘
278,14:34:18,20.88,-0.01,5,10440,中性盘
279,14:34:12,20.89,--,39,81471,买盘
280,14:34:03,20.89,0.07,19,39691,买盘
281,14:33:58,20.82,-0.07,75,156150,卖盘
282,14:33:53,20.89,--,2,4178,买盘
283,14:33:48,20.89,--,34,71026,买盘
284,14:33:43,20.89,0.01,18,37602,买盘
285,14:33:33,20.88,-0.01,19,39672,卖盘
286,14:33:27,20.89,--,32,66848,买盘
287,14:33:18,20.89,--,24,50136,买盘
288,14:33:12,20.89,-0.02,27,56403,卖盘
289,14:32:58,20.91,--,40,83640,卖盘
290,14:32:48,20.91,0.01,25,52275,买盘
291,14:32:43,20.9,0.02,50,104500,买盘
292,14:32:33,20.88,-0.02,33,68904,卖盘
293,14:32:27,20.9,--,11,22990,买盘
294,14:32:21,20.9,0.02,19,39710,买盘
295,14:32:18,20.88,--,11,22968,卖盘
296,14:32:13,20.88,0.03,1,2088,中性盘
297,14:32:03,20.85,0.02,58,120930,买盘
298,14:31:57,20.83,-0.02,15,31244,卖盘
299,14:31:48,20.85,--,18,37530,买盘
300,14:31:42,20.85,-0.02,28,58380,卖盘
301,14:31:36,20.87,0.05,12,25044,买盘
302,14:31:33,20.82,0.01,6,12492,中性盘
303,14:31:21,20.81,-0.01,30,62429,卖盘
304,14:31:18,20.82,--,5,10410,买盘
305,14:31:13,20.82,--,3,6246,买盘
306,14:31:07,20.82,-0.01,87,181134,卖盘
307,14:30:57,20.83,--,5,10415,卖盘
308,14:30:48,20.83,0.01,1,2083,买盘
309,14:30:36,20.82,--,19,39558,卖盘
310,14:30:33,20.82,-0.04,11,22902,卖盘
311,14:30:27,20.86,--,0,0,买盘
312,14:30:21,20.86,0.04,4,8344,买盘
313,14:30:18,20.82,--,10,20820,卖盘
314,14:30:13,20.82,-0.03,10,20820,卖盘
315,14:30:06,20.85,0.03,12,25020,买盘
316,14:29:57,20.82,-0.03,19,39558,卖盘
317,14:29:51,20.85,--,46,95910,买盘
318,14:29:48,20.85,0.03,8,16680,买盘
319,14:29:42,20.82,-0.03,73,151986,卖盘
320,14:29:37,20.85,--,56,116760,卖盘
321,14:29:27,20.85,-0.02,10,20850,卖盘
322,14:29:22,20.87,0.02,14,29218,卖盘
323,14:29:17,20.85,--,0,0,卖盘
324,14:29:12,20.85,-0.02,50,104250,卖盘
325,14:29:06,20.87,--,4,8348,买盘
326,14:29:02,20.87,--,6,12522,买盘
327,14:28:47,20.87,0.04,2,4174,买盘
328,14:28:37,20.83,--,0,0,卖盘
329,14:28:32,20.83,-0.02,100,208299,卖盘
330,14:28:12,20.85,0.01,8,16680,买盘
331,14:28:07,20.84,--,0,0,中性盘
332,14:27:51,20.84,0.02,4,8336,卖盘
333,14:27:47,20.82,--,0,0,中性盘
334,14:27:42,20.82,-0.01,205,426810,卖盘
335,14:27:36,20.83,--,17,35411,买盘
336,14:27:32,20.83,--,0,0,买盘
337,14:27:21,20.83,0.03,139,289537,买盘
338,14:27:17,20.8,-0.02,296,615680,卖盘
339,14:27:12,20.82,--,10,20820,卖盘
340,14:27:06,20.82,--,10,20820,卖盘
341,14:26:57,20.82,-0.02,1,2082,卖盘
342,14:26:51,20.84,-0.01,5,10420,卖盘
343,14:26:47,20.85,--,4,8340,买盘
344,14:26:42,20.85,-0.03,14,29190,卖盘
345,14:26:32,20.88,--,11,22968,卖盘
346,14:26:21,20.88,--,15,31320,卖盘
347,14:26:15,20.88,-0.02,29,60552,卖盘
348,14:26:06,20.9,--,73,152570,卖盘
349,14:26:00,20.9,-0.01,13,27169,卖盘
350,14:25:57,20.91,0.01,67,140097,卖盘
351,14:25:51,20.9,-0.01,41,85690,卖盘
352,14:25:45,20.91,--,0,0,卖盘
353,14:25:42,20.91,-0.02,3,6273,卖盘
354,14:25:36,20.93,--,2,4186,买盘
355,14:25:21,20.93,-0.01,40,83720,卖盘
356,14:25:15,20.94,0.01,5,10470,买盘
357,14:25:12,20.93,-0.01,5,10465,卖盘
358,14:25:06,20.94,--,50,104700,卖盘
359,14:24:57,20.94,-0.01,39,81666,卖盘
360,14:24:51,20.95,-0.01,1,2095,卖盘
361,14:24:45,20.96,0.01,5,10480,买盘
362,14:24:42,20.95,-0.01,5,10475,卖盘
363,14:24:27,20.96,--,1,2096,买盘
364,14:24:15,20.96,--,5,10480,买盘
365,14:24:12,20.96,-0.01,30,62880,卖盘
366,14:24:00,20.97,--,3,6291,卖盘
367,14:23:57,20.97,--,28,58716,买盘
368,14:23:45,20.97,--,36,75492,买盘
369,14:23:30,20.97,--,14,29358,买盘
370,14:23:26,20.97,-0.02,1,2097,买盘
371,14:23:15,20.99,--,0,0,买盘
372,14:23:06,20.99,0.04,146,306454,买盘
373,14:22:51,20.95,--,5,10475,卖盘
374,14:22:45,20.95,0.01,2,4190,中性盘
375,14:22:36,20.94,-0.03,5,10470,卖盘
376,14:22:30,20.97,0.02,20,41940,买盘
377,14:22:21,20.95,--,1,2095,买盘
378,14:22:15,20.95,-0.02,17,35615,卖盘
379,14:22:11,20.97,0.02,5,10485,买盘
380,14:22:00,20.95,-0.02,4,8380,中性盘
381,14:21:51,20.97,0.07,11,23067,买盘
382,14:21:45,20.9,--,0,0,卖盘
383,14:21:41,20.9,-0.04,283,591470,卖盘
384,14:21:36,20.94,0.02,30,62820,买盘
385,14:21:26,20.92,--,5,10460,卖盘
386,14:21:21,20.92,--,6,12552,买盘
387,14:21:15,20.92,0.01,30,62760,买盘
388,14:21:06,20.91,--,3,6273,卖盘
389,14:20:56,20.91,--,0,0,卖盘
390,14:20:51,20.91,--,5,10455,卖盘
391,14:20:45,20.91,-0.04,88,184008,卖盘
392,14:20:30,20.95,--,5,10475,买盘
393,14:20:26,20.95,0.03,1,2095,买盘
394,14:20:21,20.92,-0.03,10,20920,卖盘
395,14:20:15,20.95,--,45,94275,买盘
396,14:20:11,20.95,--,0,0,买盘
397,14:19:56,20.95,0.04,1,2095,买盘
398,14:19:51,20.91,--,10,20910,卖盘
399,14:19:41,20.91,0.01,5,10455,中性盘
400,14:19:36,20.9,-0.01,1,2090,卖盘
401,14:19:30,20.91,0.01,20,41820,卖盘
402,14:19:26,20.9,--,0,0,卖盘
403,14:19:21,20.9,-0.07,100,209000,卖盘
404,14:19:15,20.97,0.02,10,20970,买盘
405,14:19:11,20.95,-0.02,5,10475,卖盘
406,14:19:06,20.97,-0.03,13,27261,卖盘
407,14:18:51,21.0,-0.01,347,728868,卖盘
408,14:18:45,21.01,0.01,238,500038,买盘
409,14:18:39,21.0,-0.01,200,420000,卖盘
410,14:18:36,21.01,-0.01,71,149171,买盘
411,14:18:30,21.02,--,111,233322,买盘
412,14:18:24,21.02,-0.01,75,157650,卖盘
413,14:18:21,21.03,0.03,121,254463,卖盘
414,14:18:15,21.0,-0.02,250,525000,卖盘
415,14:18:06,21.02,--,87,182874,买盘
416,14:18:00,21.02,-0.01,41,86182,买盘
417,14:17:54,21.03,--,184,386952,买盘
418,14:17:51,21.03,--,7,14721,买盘
419,14:17:45,21.03,0.02,1,2103,买盘
420,14:17:39,21.01,-0.02,3,6303,卖盘
421,14:17:36,21.03,--,44,92532,买盘
422,14:17:30,21.03,0.02,171,359613,买盘
423,14:17:24,21.01,-0.01,2,4202,卖盘
424,14:17:21,21.02,0.01,3,6306,中性盘
425,14:17:15,21.01,-0.01,376,789976,卖盘
426,14:17:09,21.02,--,28,58856,买盘
427,14:17:06,21.02,0.01,10,21020,中性盘
428,14:17:00,21.01,-0.01,33,69333,卖盘
429,14:16:54,21.02,--,56,117712,买盘
430,14:16:45,21.02,--,39,81978,买盘
431,14:16:39,21.02,0.01,26,54652,中性盘
432,14:16:35,21.01,-0.02,1002,2105202,卖盘
433,14:16:30,21.03,-0.01,34,71502,中性盘
434,14:16:24,21.04,--,109,229336,买盘
435,14:16:20,21.04,--,13,27352,买盘
436,14:16:15,21.04,--,15,31560,买盘
437,14:16:09,21.04,-0.01,29,61016,卖盘
438,14:16:05,21.05,--,133,279965,买盘
439,14:16:00,21.05,--,130,273650,买盘
440,14:15:54,21.05,--,8,16840,买盘
441,14:15:50,21.05,--,0,0,买盘
442,14:15:45,21.05,0.01,65,136825,买盘
443,14:15:39,21.04,0.03,109,229336,买盘
444,14:15:35,21.01,--,25,52525,卖盘
445,14:15:30,21.01,0.01,215,452240,买盘
446,14:15:24,21.0,--,18,37800,卖盘
447,14:15:20,21.0,--,97,205107,买盘
448,14:15:15,21.0,--,1037,2177700,买盘
449,14:15:09,21.0,0.01,171,359100,买盘
450,14:15:00,20.99,--,213,447086,买盘
451,14:14:54,20.99,--,50,104949,买盘
452,14:14:50,20.99,--,14,29385,买盘
453,14:14:45,20.99,--,1,2099,买盘
454,14:14:39,20.99,0.05,430,902569,买盘
455,14:14:35,20.94,-0.01,5,10470,卖盘
456,14:14:30,20.95,--,26,54470,买盘
457,14:14:24,20.95,0.01,159,333105,买盘
458,14:14:20,20.94,--,10,20940,买盘
459,14:14:15,20.94,0.01,350,732900,买盘
460,14:14:00,20.93,0.03,25,52325,买盘
461,14:13:54,20.9,-0.02,3,6270,买盘
462,14:13:50,20.92,0.02,206,430952,买盘
463,14:13:45,20.9,0.01,7,14629,买盘
464,14:13:35,20.89,0.01,48,100272,买盘
465,14:13:30,20.88,0.03,7,14616,买盘
466,14:13:24,20.85,--,11,23560,买盘
467,14:13:20,20.85,--,304,633840,买盘
468,14:13:15,20.85,0.01,4,8340,买盘
469,14:13:09,20.84,--,6,12504,买盘
470,14:13:05,20.84,0.01,36,75024,买盘
471,14:13:00,20.83,0.01,4,8332,买盘
472,14:12:54,20.82,-0.01,3,6246,卖盘
473,14:12:45,20.83,--,4,8332,买盘
474,14:12:39,20.83,--,5,10415,买盘
475,14:12:30,20.83,--,1,2083,买盘
476,14:12:20,20.83,0.02,1,2083,买盘
477,14:12:15,20.81,--,0,0,卖盘
478,14:11:54,20.81,-0.02,3,6243,卖盘
479,14:11:45,20.83,-0.05,32,66656,卖盘
480,14:11:39,20.88,--,0,0,买盘
481,14:11:33,20.88,0.05,1,2088,买盘
482,14:11:30,20.83,-0.01,10,20830,卖盘
483,14:11:24,20.84,0.04,1,2084,卖盘
484,14:11:15,20.8,--,0,0,卖盘
485,14:11:09,20.8,-0.03,47,97760,卖盘
486,14:11:00,20.83,-0.05,3,6248,卖盘
487,14:10:54,20.88,--,60,125280,买盘
488,14:10:45,20.88,0.05,1,2088,买盘
489,14:10:39,20.83,--,15,31244,买盘
490,14:10:30,20.83,0.03,6,12497,中性盘
491,14:10:24,20.8,0.02,160,332800,买盘
492,14:10:14,20.78,-0.1,41,85198,卖盘
493,14:10:09,20.88,0.08,10,20880,买盘
494,14:09:59,20.8,-0.08,200,416000,卖盘
495,14:09:54,20.88,--,1,2088,买盘
496,14:09:48,20.88,-0.01,10,20880,卖盘
497,14:09:45,20.89,--,8,16712,买盘
498,14:09:39,20.89,--,2,4178,买盘
499,14:09:33,20.89,-0.01,5,10445,卖盘
500,14:09:29,20.9,--,5,10450,买盘
501,14:09:18,20.9,--,0,0,买盘
502,14:09:09,20.9,0.07,1,2090,中性盘
503,14:08:59,20.83,-0.08,15,31244,卖盘
504,14:08:54,20.91,0.03,39,81549,买盘
505,14:08:48,20.88,--,54,112752,卖盘
506,14:08:44,20.88,-0.03,100,208800,卖盘
507,14:08:39,20.91,--,0,0,买盘
508,14:08:33,20.91,--,6,12546,买盘
509,14:08:29,20.91,--,2,4182,买盘
510,14:08:24,20.91,--,3,6273,买盘
511,14:08:18,20.91,--,7,14637,买盘
512,14:08:09,20.91,--,23,48093,买盘
513,14:08:03,20.91,--,2,4182,买盘
514,14:07:54,20.91,--,29,60639,买盘
515,14:07:48,20.91,--,0,0,买盘
516,14:07:44,20.91,--,18,37638,买盘
517,14:07:39,20.91,--,93,194463,买盘
518,14:07:33,20.91,--,84,175644,买盘
519,14:07:29,20.91,--,42,87822,买盘
520,14:07:24,20.91,--,2,4182,买盘
521,14:07:18,20.91,--,44,92004,买盘
522,14:07:03,20.91,--,82,171462,买盘
523,14:06:59,20.91,--,5,10455,买盘
524,14:06:54,20.91,-0.01,54,112914,卖盘
525,14:06:48,20.92,--,38,79496,买盘
526,14:06:44,20.92,--,48,100416,卖盘
527,14:06:39,20.92,-0.01,32,66944,卖盘
528,14:06:33,20.93,--,156,326508,买盘
529,14:06:24,20.93,--,74,154882,买盘
530,14:06:18,20.93,0.01,2,4186,买盘
531,14:06:09,20.92,0.02,14,29288,买盘
532,14:06:03,20.9,--,64,133760,卖盘
533,14:05:59,20.9,--,10,20900,卖盘
534,14:05:54,20.9,-0.01,59,123309,卖盘
535,14:05:48,20.91,0.03,31,64821,买盘
536,14:05:39,20.88,0.01,91,190008,买盘
537,14:05:33,20.87,-0.01,15,31305,卖盘
538,14:05:29,20.88,0.04,2,4176,买盘
539,14:05:24,20.84,0.04,62,129208,中性盘
540,14:05:18,20.8,-0.06,275,572000,卖盘
541,14:05:13,20.86,0.02,85,177310,买盘
542,14:05:09,20.84,-0.03,8,16672,卖盘
543,14:05:03,20.87,0.01,110,229570,买盘
544,14:04:59,20.86,-0.01,9,18774,买盘
545,14:04:54,20.87,-0.05,46,96002,买盘
546,14:04:48,20.92,0.06,70,146440,买盘
547,14:04:42,20.86,--,49,102214,卖盘
548,14:04:39,20.86,-0.04,61,127246,卖盘
549,14:04:33,20.9,-0.02,43,89870,买盘
550,14:04:27,20.92,--,0,0,买盘
551,14:04:24,20.92,0.01,122,255224,买盘
552,14:04:18,20.91,0.05,69,144279,中性盘
553,14:04:12,20.86,-0.06,100,208600,卖盘
554,14:04:09,20.92,0.02,52,108784,买盘
555,14:04:03,20.9,0.04,1,2090,买盘
556,14:03:57,20.86,-0.06,62,129332,卖盘
557,14:03:53,20.92,--,0,0,买盘
558,14:03:48,20.92,--,82,171544,买盘
559,14:03:42,20.92,--,73,152716,买盘
560,14:03:38,20.92,-0.01,75,156900,卖盘
561,14:03:33,20.93,--,77,161161,买盘
562,14:03:27,20.93,--,51,106743,买盘
563,14:03:23,20.93,0.07,50,104650,买盘
564,14:03:18,20.86,-0.04,66,137676,卖盘
565,14:03:12,20.9,--,33,68970,卖盘
566,14:03:08,20.9,-0.04,21,43890,中性盘
567,14:03:03,20.94,--,45,94230,买盘
568,14:02:57,20.94,-0.01,65,136110,买盘
569,14:02:53,20.95,--,79,165505,买盘
570,14:02:48,20.95,--,70,146650,买盘
571,14:02:42,20.95,--,0,0,买盘
572,14:02:38,20.95,--,141,295395,买盘
573,14:02:33,20.95,0.01,62,129890,买盘
574,14:02:27,20.94,--,7,14658,买盘
575,14:02:23,20.94,0.02,2,4188,买盘
576,14:02:18,20.92,0.07,26,54392,买盘
577,14:02:12,20.85,--,9,18765,买盘
578,14:02:08,20.85,--,3,6255,买盘
579,14:02:03,20.85,0.05,39,82357,买盘
580,14:01:57,20.8,--,258,536640,买盘
581,14:01:48,20.8,0.01,47,97760,买盘
582,14:01:42,20.79,-0.01,68,141372,卖盘
583,14:01:38,20.8,-0.04,23,48880,卖盘
584,14:01:33,20.84,-0.01,548,1142032,卖盘
585,14:01:27,20.85,-0.01,120,250200,卖盘
586,14:01:18,20.86,--,78,162708,买盘
587,14:01:12,20.86,-0.06,81,168966,卖盘
588,14:01:08,20.92,-0.03,76,158992,卖盘
589,14:01:03,20.95,0.03,72,150840,买盘
590,14:00:57,20.92,-0.02,76,158992,卖盘
591,14:00:53,20.94,0.02,50,104700,买盘
592,14:00:48,20.92,-0.02,2,4184,卖盘
593,14:00:42,20.94,--,48,100512,买盘
594,14:00:33,20.94,-0.02,167,349698,卖盘
595,14:00:27,20.96,--,53,111088,买盘
596,14:00:23,20.96,--,64,134144,买盘
597,14:00:18,20.96,--,49,102704,中性盘
598,14:00:12,20.96,--,11,23056,买盘
599,14:00:08,20.96,-0.04,41,85936,买盘
600,14:00:03,21.0,0.04,72,151200,买盘
601,13:59:57,20.96,--,153,320688,卖盘
602,13:59:53,20.96,-0.02,122,255712,卖盘
603,13:59:48,20.98,--,123,258054,买盘
604,13:59:38,20.98,0.02,43,90214,买盘
605,13:59:33,20.96,-0.02,2,4192,卖盘
606,13:59:27,20.98,--,1,2098,买盘
607,13:59:23,20.98,--,49,102802,买盘
608,13:59:18,20.98,--,17,35666,买盘
609,13:59:12,20.98,--,149,312602,卖盘
610,13:59:03,20.98,0.02,73,153154,买盘
611,13:58:57,20.96,-0.02,33,69859,卖盘
612,13:58:53,20.98,0.02,61,127978,买盘
613,13:58:42,20.96,0.06,139,292748,买盘
614,13:58:33,20.9,0.02,66,137940,买盘
615,13:58:27,20.88,-0.02,2,4176,卖盘
616,13:58:23,20.9,0.04,67,140030,买盘
617,13:58:07,20.86,--,23,47978,买盘
618,13:58:02,20.86,--,64,133504,买盘
619,13:57:57,20.86,--,0,0,买盘
620,13:57:52,20.86,0.06,67,139762,买盘
621,13:57:48,20.8,-0.06,118,245440,卖盘
622,13:57:42,20.86,--,20,41720,买盘
623,13:57:38,20.86,--,62,129332,买盘
624,13:57:27,20.86,-0.03,186,387996,卖盘
625,13:57:21,20.89,--,1,2089,买盘
626,13:57:17,20.89,-0.01,24,50136,卖盘
627,13:57:12,20.9,--,67,140030,买盘
628,13:57:02,20.9,--,63,131670,买盘
629,13:56:57,20.9,-0.04,42,87780,卖盘
630,13:56:51,20.94,-0.01,30,62820,中性盘
631,13:56:47,20.95,0.05,59,123605,买盘
632,13:56:42,20.9,--,0,0,买盘
633,13:56:32,20.9,--,59,123309,买盘
634,13:56:27,20.9,--,11,22990,买盘
635,13:56:21,20.9,0.02,12,25080,买盘
636,13:56:17,20.88,--,85,177480,卖盘
637,13:56:12,20.88,-0.02,3,6264,卖盘
638,13:56:02,20.9,--,71,148390,买盘
639,13:55:57,20.9,0.02,104,217359,买盘
640,13:55:51,20.88,-0.02,5,10440,卖盘
641,13:55:47,20.9,--,5,10450,买盘
642,13:55:42,20.9,--,75,156750,买盘
643,13:55:36,20.9,--,1,2090,买盘
644,13:55:32,20.9,-0.01,82,172069,卖盘
645,13:55:27,20.91,-0.05,37,77367,卖盘
646,13:55:21,20.96,0.02,58,121568,买盘
647,13:55:17,20.94,--,6,12564,买盘
648,13:55:12,20.94,0.03,73,152862,买盘
649,13:55:06,20.91,-0.04,5,10455,卖盘
650,13:54:57,20.95,-0.01,68,142460,买盘
651,13:54:51,20.96,0.06,70,146720,买盘
652,13:54:47,20.9,--,0,0,卖盘
653,13:54:42,20.9,--,13,27169,卖盘
654,13:54:36,20.9,--,70,146300,卖盘
655,13:54:31,20.9,--,5,10450,卖盘
656,13:54:27,20.9,--,72,150480,卖盘
657,13:54:21,20.9,-0.04,20,41800,卖盘
658,13:54:16,20.94,--,62,129828,买盘
659,13:54:12,20.94,-0.05,4,8376,中性盘
660,13:54:06,20.99,0.04,60,125939,买盘
661,13:54:02,20.95,--,5,10475,买盘
662,13:53:57,20.95,-0.04,2,4190,中性盘
663,13:53:51,20.99,0.01,78,163722,买盘
664,13:53:46,20.98,-0.01,3,6294,买盘
665,13:53:42,20.99,0.01,74,155326,买盘
666,13:53:36,20.98,--,100,209800,买盘
667,13:53:31,20.98,0.09,6,12588,买盘
668,13:53:27,20.89,--,45,95404,买盘
669,13:53:21,20.89,-0.1,230,481159,卖盘
670,13:53:17,20.99,--,0,0,买盘
671,13:53:12,20.99,-0.01,59,123840,中性盘
672,13:53:06,21.0,0.04,100,210000,买盘
673,13:53:01,20.96,-0.03,22,46112,卖盘
674,13:52:57,20.99,0.02,403,845896,买盘
675,13:52:51,20.97,-0.02,2,4194,中性盘
676,13:52:47,20.99,0.01,94,197305,买盘
677,13:52:42,20.98,--,13,27274,卖盘
678,13:52:36,20.98,--,79,165742,买盘
679,13:52:31,20.98,--,15,31470,买盘
680,13:52:27,20.98,--,572,1200056,买盘
681,13:52:21,20.98,--,20,41960,买盘
682,13:52:17,20.98,0.02,120,251760,买盘
683,13:52:12,20.96,0.01,1,2096,买盘
684,13:52:06,20.95,-0.01,36,75420,卖盘
685,13:51:56,20.96,0.05,504,1057788,买盘
686,13:51:51,20.91,--,86,179826,买盘
687,13:51:46,20.91,--,0,0,买盘
688,13:51:42,20.91,--,58,121278,买盘
689,13:51:36,20.91,--,53,110823,买盘
690,13:51:32,20.91,--,79,165189,买盘
691,13:51:26,20.91,--,50,104550,买盘
692,13:51:21,20.91,0.02,62,129642,买盘
693,13:51:16,20.89,-0.01,5,10445,买盘
694,13:51:11,20.9,0.01,63,131670,买盘
695,13:51:06,20.89,-0.01,1,2089,中性盘
696,13:51:01,20.9,--,3,6270,买盘
697,13:50:56,20.9,--,59,123309,买盘
698,13:50:51,20.9,--,0,0,买盘
699,13:50:46,20.9,0.01,74,154660,买盘
700,13:50:41,20.89,-0.01,16,33424,卖盘
701,13:50:36,20.9,--,68,142120,买盘
702,13:50:26,20.9,--,65,135850,买盘
703,13:50:16,20.9,--,0,0,买盘
704,13:50:11,20.9,0.1,63,131670,买盘
705,13:50:06,20.8,-0.1,266,553280,卖盘
706,13:49:56,20.9,--,0,0,买盘
707,13:49:51,20.9,0.01,68,142120,买盘
708,13:49:45,20.89,0.04,4,8356,买盘
709,13:49:41,20.85,-0.01,1,2085,卖盘
710,13:49:36,20.86,--,1,2086,买盘
711,13:49:26,20.86,-0.03,3,6258,卖盘
712,13:49:15,20.89,--,5,10445,买盘
713,13:49:11,20.89,-0.01,19,39691,卖盘
714,13:49:06,20.9,0.01,2,4180,买盘
715,13:49:00,20.89,-0.01,9,18801,卖盘
716,13:48:51,20.9,--,1,2090,买盘
717,13:48:45,20.9,-0.01,4,8360,买盘
718,13:48:41,20.91,0.01,10,20910,买盘
719,13:48:36,20.9,-0.01,107,223629,卖盘
720,13:48:30,20.91,0.01,1,2091,买盘
721,13:48:26,20.9,--,41,85690,卖盘
722,13:48:21,20.9,-0.01,9,18810,卖盘
723,13:48:15,20.91,0.01,15,31365,买盘
724,13:48:06,20.9,--,19,39710,卖盘
725,13:48:00,20.9,--,5,10450,卖盘
726,13:47:56,20.9,--,63,131670,买盘
727,13:47:51,20.9,--,39,81510,买盘
728,13:47:45,20.9,0.02,37,77330,买盘
729,13:47:40,20.88,-0.02,17,35496,卖盘
730,13:47:36,20.9,0.02,14,29259,买盘
731,13:47:26,20.88,-0.01,203,423864,卖盘
732,13:47:15,20.89,0.02,1,2089,买盘
733,13:47:06,20.87,--,4,8348,卖盘
734,13:47:00,20.87,0.01,19,39653,买盘
735,13:46:55,20.86,-0.01,9,18774,卖盘
736,13:46:51,20.87,--,3,6261,买盘
737,13:46:45,20.87,--,5,10435,买盘
738,13:46:36,20.87,-0.02,21,43827,卖盘
739,13:46:30,20.89,--,25,52225,买盘
740,13:46:21,20.89,--,3,6267,买盘
741,13:46:15,20.89,--,0,0,买盘
742,13:46:10,20.89,--,1,2089,买盘
743,13:46:00,20.89,--,226,472114,买盘
744,13:45:51,20.89,--,10,20890,买盘
745,13:45:45,20.89,0.02,9,18801,买盘
746,13:45:36,20.87,-0.02,6,12522,卖盘
747,13:45:30,20.89,--,9,18801,买盘
748,13:45:25,20.89,--,0,0,中性盘
749,13:45:21,20.89,--,107,223523,卖盘
750,13:45:15,20.89,--,29,60581,买盘
751,13:45:10,20.89,--,21,43869,买盘
752,13:45:05,20.89,--,1,2089,买盘
753,13:45:00,20.89,-0.01,33,68937,卖盘
754,13:44:55,20.9,0.01,351,733590,买盘
755,13:44:51,20.89,-0.01,39,81471,中性盘
756,13:44:45,20.9,--,36,75240,买盘
757,13:44:40,20.9,0.02,53,110769,买盘
758,13:44:35,20.88,0.03,45,93960,买盘
759,13:44:30,20.85,-0.03,2,4170,卖盘
760,13:44:25,20.88,0.02,136,285012,买盘
761,13:44:21,20.86,0.01,39,81354,买盘
762,13:44:15,20.85,--,75,156375,买盘
763,13:44:10,20.85,--,5,10425,买盘
764,13:44:06,20.85,--,50,104250,买盘
765,13:44:00,20.85,0.03,263,548355,买盘
766,13:43:55,20.82,0.01,44,91608,买盘
767,13:43:50,20.81,-0.04,15,31214,卖盘
768,13:43:45,20.85,--,1,2085,买盘
769,13:43:40,20.85,0.05,53,110505,买盘
770,13:43:35,20.8,0.01,113,235040,买盘
771,13:43:30,20.79,--,8,16632,买盘
772,13:43:25,20.79,--,2,4158,买盘
773,13:43:20,20.79,0.01,31,64449,买盘
774,13:43:15,20.78,0.01,40,83120,买盘
775,13:43:10,20.77,-0.01,2,4154,卖盘
776,13:43:05,20.78,--,3,6234,买盘
777,13:43:00,20.78,--,1,2078,买盘
778,13:42:45,20.78,--,29,60262,买盘
779,13:42:40,20.78,0.01,3,6234,买盘
780,13:42:35,20.77,-0.01,3,6231,卖盘
781,13:42:30,20.78,--,1,2078,买盘
782,13:42:20,20.78,--,7,14546,买盘
783,13:42:15,20.78,--,5,10390,买盘
784,13:42:10,20.78,--,18,37404,买盘
785,13:42:05,20.78,--,1,2078,买盘
786,13:42:00,20.78,--,0,0,买盘
787,13:41:45,20.78,0.01,5,10390,买盘
788,13:41:35,20.77,-0.01,5,10385,卖盘
789,13:41:20,20.78,-0.01,1,2078,卖盘
790,13:41:15,20.79,0.01,5,10395,买盘
791,13:41:09,20.78,-0.01,10,20780,卖盘
792,13:41:05,20.79,0.01,3,6237,买盘
793,13:41:00,20.78,--,38,79088,买盘
794,13:40:54,20.78,0.02,3,6234,买盘
795,13:40:50,20.76,-0.02,3,6228,中性盘
796,13:40:45,20.78,--,18,37404,买盘
797,13:40:30,20.78,0.03,17,35326,买盘
798,13:40:20,20.75,-0.03,1,2075,中性盘
799,13:40:15,20.78,0.05,110,228580,买盘
800,13:40:00,20.73,--,29,60117,卖盘
801,13:39:54,20.73,--,20,41460,卖盘
802,13:39:49,20.73,-0.01,1,2073,卖盘
803,13:39:45,20.74,0.01,25,51849,买盘
804,13:39:39,20.73,--,10,20730,卖盘
805,13:39:34,20.73,-0.01,100,207300,卖盘
806,13:39:30,20.74,--,11,22814,买盘
807,13:39:15,20.74,-0.03,255,528870,卖盘
808,13:39:09,20.77,--,1,2077,卖盘
809,13:39:04,20.77,-0.01,7,14539,卖盘
810,13:39:00,20.78,--,1,2078,买盘
811,13:38:54,20.78,--,25,51950,卖盘
812,13:38:49,20.78,--,14,29092,买盘
813,13:38:44,20.78,--,16,33248,卖盘
814,13:38:39,20.78,-0.01,1,2078,卖盘
815,13:38:34,20.79,0.01,1,2079,买盘
816,13:38:30,20.78,0.01,2,4156,买盘
817,13:38:24,20.77,-0.01,20,41540,卖盘
818,13:38:19,20.78,-0.01,18,37404,卖盘
819,13:38:14,20.79,0.01,16,33264,买盘
820,13:38:09,20.78,-0.01,10,20780,卖盘
821,13:38:04,20.79,0.02,2,4158,买盘
822,13:37:59,20.77,-0.02,2,4154,卖盘
823,13:37:44,20.79,--,5,10395,买盘
824,13:37:39,20.79,--,68,141372,卖盘
825,13:37:30,20.79,--,8,16632,卖盘
826,13:37:24,20.79,--,38,79002,卖盘
827,13:37:19,20.79,0.02,29,60291,买盘
828,13:37:14,20.77,-0.02,30,62310,卖盘
829,13:37:04,20.79,--,0,0,买盘
830,13:36:54,20.79,0.02,1,2079,买盘
831,13:36:49,20.77,--,43,89311,买盘
832,13:36:45,20.77,--,0,0,买盘
833,13:36:34,20.77,0.02,1,2077,买盘
834,13:36:29,20.75,--,2,4150,卖盘
835,13:36:24,20.75,-0.02,3,6225,中性盘
836,13:36:14,20.77,0.04,7,14539,买盘
837,13:36:09,20.73,--,0,0,卖盘
838,13:35:59,20.73,--,47,97431,卖盘
839,13:35:44,20.73,--,5,10365,买盘
840,13:35:39,20.73,--,11,22803,买盘
841,13:35:29,20.73,-0.07,345,715185,卖盘
842,13:35:24,20.8,0.03,1,2080,买盘
843,13:35:19,20.77,0.03,462,959574,买盘
844,13:35:14,20.74,0.01,18,37332,买盘
845,13:35:04,20.73,-0.01,3,6219,卖盘
846,13:34:59,20.74,0.01,21,43554,买盘
847,13:34:54,20.73,--,13,26949,买盘
848,13:34:44,20.73,--,4,8292,买盘
849,13:34:39,20.73,--,1,2073,买盘
850,13:34:24,20.73,-0.01,13,26949,卖盘
851,13:34:18,20.74,--,20,41480,买盘
852,13:34:14,20.74,--,5,10370,买盘
853,13:34:09,20.74,0.01,7,14517,买盘
854,13:34:03,20.73,-0.01,1,2073,卖盘
855,13:33:59,20.74,--,11,22814,买盘
856,13:33:44,20.74,--,6,12443,买盘
857,13:33:39,20.74,--,100,207399,买盘
858,13:33:29,20.74,--,26,53923,买盘
859,13:33:24,20.74,--,23,47702,买盘
860,13:33:18,20.74,--,9,18666,买盘
861,13:33:14,20.74,-0.06,78,161772,卖盘
862,13:33:09,20.8,--,10,20800,买盘
863,13:33:03,20.8,0.04,1,2080,买盘
864,13:32:59,20.76,--,0,0,卖盘
865,13:32:54,20.76,-0.04,4,8304,卖盘
866,13:32:44,20.8,-0.05,1,2080,中性盘
867,13:32:33,20.85,0.09,11,24415,买盘
868,13:32:29,20.76,0.01,5,10380,买盘
869,13:32:18,20.75,-0.01,10,20750,卖盘
870,13:32:13,20.76,--,11,22836,买盘
871,13:32:09,20.76,--,26,53976,买盘
872,13:32:03,20.76,--,4,8304,买盘
873,13:31:58,20.76,--,1,2076,买盘
874,13:31:54,20.76,-0.1,224,465626,卖盘
875,13:31:48,20.86,0.01,6,12516,买盘
876,13:31:43,20.85,--,14,29190,卖盘
877,13:31:39,20.85,--,79,166195,买盘
878,13:31:33,20.85,0.04,4,8340,买盘
879,13:31:28,20.81,--,2,4162,卖盘
880,13:31:23,20.81,0.01,1,2081,卖盘
881,13:31:18,20.8,0.02,17,35360,买盘
882,13:31:08,20.78,--,2,4156,买盘
883,13:31:03,20.78,--,506,1051468,买盘
884,13:30:53,20.78,--,65,135070,买盘
885,13:30:48,20.78,--,2,4156,买盘
886,13:30:43,20.78,--,10,20780,买盘
887,13:30:38,20.78,--,12,24936,买盘
888,13:30:33,20.78,--,8,16624,买盘
889,13:30:28,20.78,-0.02,2,4156,买盘
890,13:30:18,20.8,-0.03,81,169083,卖盘
891,13:30:08,20.83,0.03,205,427014,买盘
892,13:30:03,20.8,-0.02,107,222560,卖盘
893,13:29:58,20.82,--,23,47886,买盘
894,13:29:53,20.82,0.02,1,2082,买盘
895,13:29:38,20.8,0.04,70,147076,买盘
896,13:29:33,20.76,-0.03,30,62280,卖盘
897,13:29:23,20.79,0.01,94,195426,买盘
898,13:29:18,20.78,--,10,20780,买盘
899,13:29:13,20.78,--,20,41560,买盘
900,13:29:08,20.78,-0.01,191,396898,卖盘
901,13:29:03,20.79,--,38,79002,买盘
902,13:28:53,20.79,--,0,0,买盘
903,13:28:48,20.79,0.01,88,182952,买盘
904,13:28:43,20.78,0.02,1,2078,买盘
905,13:28:38,20.76,0.01,59,122484,买盘
906,13:28:33,20.75,0.02,32,66400,买盘
907,13:28:18,20.73,--,39,80847,买盘
908,13:28:13,20.73,--,4,8292,买盘
909,13:28:08,20.73,--,40,82920,买盘
910,13:28:03,20.73,--,306,634338,买盘
911,13:27:58,20.73,--,15,31095,买盘
912,13:27:53,20.73,--,10,20730,买盘
913,13:27:48,20.73,-0.02,190,393870,卖盘
914,13:27:38,20.75,--,1,2075,买盘
915,13:27:33,20.75,-0.04,12,24900,买盘
916,13:27:23,20.79,--,0,0,买盘
917,13:27:08,20.79,0.06,152,316008,买盘
918,13:27:03,20.73,--,38,78774,买盘
919,13:26:57,20.73,0.01,20,41460,买盘
920,13:26:53,20.72,-0.01,22,45584,卖盘
921,13:26:48,20.73,--,11,22803,买盘
922,13:26:42,20.73,--,1,2073,买盘
923,13:26:38,20.73,--,6,12438,买盘
924,13:26:33,20.73,-0.01,32,66336,卖盘
925,13:26:27,20.74,0.02,22,47059,买盘
926,13:26:23,20.72,-0.01,16,33152,卖盘
927,13:26:18,20.73,--,70,145110,买盘
928,13:26:12,20.73,--,3,6219,买盘
929,13:26:08,20.73,--,259,536907,买盘
930,13:26:03,20.73,--,0,0,买盘
931,13:25:57,20.73,--,4,8292,买盘
932,13:25:52,20.73,--,11,22803,买盘
933,13:25:48,20.73,--,3,6219,买盘
934,13:25:38,20.73,-0.02,223,462548,卖盘
935,13:25:33,20.75,-0.05,20,41500,卖盘
936,13:25:23,20.8,--,11,22880,买盘
937,13:25:18,20.8,0.06,2,4160,买盘
938,13:25:12,20.74,-0.01,3,8026,卖盘
939,13:25:08,20.75,-0.01,25,51875,买盘
940,13:25:03,20.76,-0.04,17,35292,中性盘
941,13:24:57,20.8,-0.02,8,16640,买盘
942,13:24:53,20.82,--,0,0,买盘
943,13:24:48,20.82,--,5,10410,买盘
944,13:24:38,20.82,--,1,2082,买盘
945,13:24:33,20.82,--,21,43722,卖盘
946,13:24:17,20.82,-0.02,7,14574,卖盘
947,13:24:12,20.84,--,3,6252,买盘
948,13:24:07,20.84,0.02,4,8336,买盘
949,13:23:57,20.82,--,32,66624,买盘
950,13:23:52,20.82,--,7,14574,买盘
951,13:23:47,20.82,0.09,1,2082,买盘
952,13:23:42,20.73,0.1,5,10365,卖盘
953,13:23:37,20.63,--,0,0,卖盘
954,13:23:32,20.63,-0.17,201,414663,卖盘
955,13:23:27,20.8,0.07,56,116480,买盘
956,13:23:12,20.73,--,88,182424,买盘
957,13:23:02,20.73,--,150,310950,买盘
958,13:22:57,20.73,--,1,2073,买盘
959,13:22:42,20.73,--,4,8292,买盘
960,13:22:37,20.73,--,4,8292,买盘
961,13:22:27,20.73,-0.02,246,509958,卖盘
962,13:22:12,20.75,0.01,51,105825,买盘
963,13:22:07,20.74,--,6,12443,买盘
964,13:22:02,20.74,--,15,31109,买盘
965,13:21:47,20.74,0.01,50,103699,买盘
966,13:21:42,20.73,-0.01,10,20730,卖盘
967,13:21:37,20.74,--,19,39406,买盘
968,13:21:32,20.74,--,13,26961,买盘
969,13:21:27,20.74,0.01,2,4148,买盘
970,13:21:22,20.73,--,12,24876,卖盘
971,13:21:17,20.73,-0.01,30,62190,卖盘
972,13:21:12,20.74,0.01,1,2074,买盘
973,13:21:07,20.73,-0.01,10,20730,卖盘
974,13:20:56,20.74,0.07,28,58071,买盘
975,13:20:52,20.67,0.02,5,10335,买盘
976,13:20:47,20.65,-0.02,24,49560,卖盘
977,13:20:42,20.67,--,116,239772,买盘
978,13:20:32,20.67,--,4,8268,买盘
979,13:20:27,20.67,-0.05,549,1134783,卖盘
980,13:20:22,20.72,-0.01,10,20720,卖盘
981,13:20:17,20.73,-0.01,2,4146,卖盘
982,13:20:12,20.74,--,1,2074,买盘
983,13:20:02,20.74,--,1,2074,买盘
984,13:19:57,20.74,0.01,1,2074,买盘
985,13:19:47,20.73,0.01,30,62190,买盘
986,13:19:42,20.72,-0.01,17,35224,卖盘
987,13:19:32,20.73,--,6,12438,买盘
988,13:19:27,20.73,--,9,18657,买盘
989,13:19:22,20.73,--,11,22803,买盘
990,13:19:16,20.73,--,10,20730,买盘
991,13:19:12,20.73,-0.02,111,231574,卖盘
992,13:19:06,20.75,--,32,66400,买盘
993,13:19:02,20.75,--,12,24900,买盘
994,13:18:57,20.75,-0.05,230,477250,卖盘
995,13:18:36,20.8,0.01,19,39520,买盘
996,13:18:32,20.79,-0.01,18,37422,卖盘
997,13:18:27,20.8,0.01,40,84697,买盘
998,13:18:21,20.79,-0.01,50,103950,中性盘
999,13:18:17,20.8,0.01,42,87360,买盘
1000,13:18:12,20.79,0.04,2,4158,买盘
1001,13:18:06,20.75,--,30,62250,买盘
1002,13:18:02,20.75,--,15,31125,买盘
1003,13:17:57,20.75,0.01,213,441975,买盘
1004,13:17:47,20.74,-0.01,2,4148,中性盘
1005,13:17:41,20.75,0.02,55,114125,买盘
1006,13:17:26,20.73,--,144,299113,买盘
1007,13:17:21,20.73,0.01,4,8292,买盘
1008,13:17:17,20.72,-0.01,7,14504,卖盘
1009,13:17:11,20.73,0.03,106,219738,买盘
1010,13:17:06,20.7,-0.03,8,16560,卖盘
1011,13:17:02,20.73,--,0,0,买盘
1012,13:16:56,20.73,--,20,41460,买盘
1013,13:16:51,20.73,--,339,702747,买盘
1014,13:16:46,20.73,0.01,189,391797,买盘
1015,13:16:41,20.72,0.02,11,22792,中性盘
1016,13:16:31,20.7,0.03,46,95220,买盘
1017,13:16:26,20.67,--,3,6201,卖盘
1018,13:16:21,20.67,--,62,128154,买盘
1019,13:16:16,20.67,--,2,4134,买盘
1020,13:16:11,20.67,--,4,8268,买盘
1021,13:16:06,20.67,--,87,179829,买盘
1022,13:16:01,20.67,0.01,1,2067,买盘
1023,13:15:56,20.66,--,20,41320,卖盘
1024,13:15:51,20.66,--,53,109498,卖盘
1025,13:15:46,20.66,-0.01,26,53716,卖盘
1026,13:15:41,20.67,--,4,8268,买盘
1027,13:15:36,20.67,--,10,20670,买盘
1028,13:15:26,20.67,--,10,20670,买盘
1029,13:15:16,20.67,--,10,20670,买盘
1030,13:15:11,20.67,0.01,113,233571,买盘
1031,13:15:06,20.66,--,127,262382,买盘
1032,13:15:01,20.66,--,108,223128,买盘
1033,13:14:56,20.66,0.01,52,107432,买盘
1034,13:14:51,20.65,-0.01,15,32296,卖盘
1035,13:14:46,20.66,--,61,126026,买盘
1036,13:14:41,20.66,--,57,117762,买盘
1037,13:14:36,20.66,--,15,30990,买盘
1038,13:14:31,20.66,--,70,144620,买盘
1039,13:14:26,20.66,0.01,20,41320,买盘
1040,13:14:21,20.65,--,32,66080,买盘
1041,13:14:16,20.65,0.01,3,6195,买盘
1042,13:14:06,20.64,0.02,356,735588,买盘
1043,13:14:01,20.62,--,0,0,买盘
1044,13:13:56,20.62,--,78,160836,买盘
1045,13:13:51,20.62,0.02,201,414462,买盘
1046,13:13:46,20.6,--,56,116575,卖盘
1047,13:13:41,20.6,--,13,26780,买盘
1048,13:13:36,20.6,--,10,20600,买盘
1049,13:13:31,20.6,--,106,218360,买盘
1050,13:13:26,20.6,--,54,111240,卖盘
1051,13:13:21,20.6,--,12,24720,卖盘
1052,13:13:11,20.6,0.01,224,461440,买盘
1053,13:13:06,20.59,0.01,5,10295,买盘
1054,13:13:01,20.58,--,40,82320,卖盘
1055,13:12:56,20.58,-0.01,72,148176,卖盘
1056,13:12:51,20.59,--,7,14413,卖盘
1057,13:12:46,20.59,--,3,6177,买盘
1058,13:12:40,20.59,--,5,10295,买盘
1059,13:12:36,20.59,--,10,20590,买盘
1060,13:12:31,20.59,--,23,47357,卖盘
1061,13:12:25,20.59,-0.03,32,65888,卖盘
1062,13:12:21,20.62,0.02,232,478384,买盘
1063,13:12:10,20.6,--,1,2060,买盘
1064,13:12:06,20.6,--,10,20600,卖盘
1065,13:12:01,20.6,--,11,22660,卖盘
1066,13:11:55,20.6,--,48,98880,卖盘
1067,13:11:51,20.6,-0.01,8,16480,卖盘
1068,13:11:45,20.61,--,6,12366,买盘
1069,13:11:40,20.61,-0.01,84,173124,卖盘
1070,13:11:36,20.62,0.01,70,144340,买盘
1071,13:11:30,20.61,-0.01,21,43281,卖盘
1072,13:11:25,20.62,0.01,7,14434,买盘
1073,13:11:20,20.61,-0.01,25,51525,卖盘
1074,13:11:15,20.62,--,5,10310,买盘
1075,13:11:10,20.62,-0.01,25,52807,卖盘
1076,13:11:05,20.63,--,43,88709,买盘
1077,13:10:55,20.63,0.01,15,30945,买盘
1078,13:10:50,20.62,--,17,35054,卖盘
1079,13:10:45,20.62,--,6,12372,卖盘
1080,13:10:40,20.62,0.01,26,54416,买盘
1081,13:10:35,20.61,--,15,30915,买盘
1082,13:10:25,20.61,-0.02,16,32976,卖盘
1083,13:10:20,20.63,--,8,16504,买盘
1084,13:10:10,20.63,0.02,26,53638,买盘
1085,13:10:05,20.61,-0.01,29,59769,卖盘
1086,13:09:55,20.62,0.01,18,37116,买盘
1087,13:09:50,20.61,--,10,20610,买盘
1088,13:09:45,20.61,--,13,26793,买盘
1089,13:09:35,20.61,0.01,5,10305,中性盘
1090,13:09:30,20.6,-0.02,27,55620,卖盘
1091,13:09:25,20.62,0.02,20,41240,买盘
1092,13:09:20,20.6,-0.01,51,105060,卖盘
1093,13:09:15,20.61,--,10,20610,卖盘
1094,13:09:10,20.61,-0.01,2,4122,卖盘
1095,13:09:05,20.62,0.02,7,14434,买盘
1096,13:09:00,20.6,--,22,45320,卖盘
1097,13:08:55,20.6,0.01,6,12360,买盘
1098,13:08:50,20.59,-0.01,97,199743,卖盘
1099,13:08:45,20.6,--,4,8240,买盘
1100,13:08:40,20.6,--,7,14420,买盘
1101,13:08:35,20.6,--,43,88580,卖盘
1102,13:08:30,20.6,-0.02,20,41200,卖盘
1103,13:08:20,20.62,--,49,101038,中性盘
1104,13:08:15,20.62,--,5,10310,买盘
1105,13:08:05,20.62,--,17,35054,买盘
1106,13:08:00,20.62,0.02,3,6186,买盘
1107,13:07:55,20.6,--,11,22660,卖盘
1108,13:07:50,20.6,--,28,57680,买盘
1109,13:07:45,20.6,0.01,2,4120,买盘
1110,13:07:40,20.59,-0.01,30,61770,卖盘
1111,13:07:35,20.6,-0.02,30,61800,卖盘
1112,13:07:25,20.62,0.02,4,8248,买盘
1113,13:07:20,20.6,0.02,4,8693,买盘
1114,13:07:15,20.58,-0.02,35,72030,卖盘
1115,13:07:10,20.6,0.01,24,49440,买盘
1116,13:07:05,20.59,0.01,4,8236,中性盘
1117,13:07:00,20.58,--,22,45275,卖盘
1118,13:06:55,20.58,0.01,22,45275,买盘
1119,13:06:50,20.57,-0.01,5,10285,卖盘
1120,13:06:45,20.58,-0.02,86,176987,卖盘
1121,13:06:40,20.6,0.01,300,618000,买盘
1122,13:06:35,20.59,--,4,8236,中性盘
1123,13:06:30,20.59,--,11,22649,买盘
1124,13:06:25,20.59,--,1,2059,卖盘
1125,13:06:14,20.59,-0.01,8,16472,卖盘
1126,13:06:10,20.6,--,3,6180,买盘
1127,13:06:05,20.6,-0.05,224,462037,卖盘
1128,13:06:00,20.65,0.01,3,6195,卖盘
1129,13:05:54,20.64,--,0,0,卖盘
1130,13:05:50,20.64,-0.02,20,41280,卖盘
1131,13:05:45,20.66,0.01,1,2066,买盘
1132,13:05:40,20.65,--,10,20650,卖盘
1133,13:05:35,20.65,-0.02,16,33040,卖盘
1134,13:05:29,20.67,0.01,10,20670,买盘
1135,13:05:19,20.66,--,20,41320,卖盘
1136,13:05:15,20.66,--,7,14462,卖盘
1137,13:05:04,20.66,-0.01,15,30990,卖盘
1138,13:04:49,20.67,--,101,208767,买盘
1139,13:04:45,20.67,--,9,18603,买盘
1140,13:04:39,20.67,0.01,15,31005,买盘
1141,13:04:34,20.66,-0.01,8,16528,卖盘
1142,13:04:29,20.67,--,3,6201,买盘
1143,13:04:24,20.67,0.02,5,10335,买盘
1144,13:04:19,20.65,-0.02,31,65481,卖盘
1145,13:04:14,20.67,0.01,15,31005,买盘
1146,13:04:09,20.66,--,10,20660,卖盘
1147,13:03:59,20.66,--,0,0,中性盘
1148,13:03:54,20.66,0.01,42,86772,中性盘
1149,13:03:49,20.65,--,20,41300,卖盘
1150,13:03:44,20.65,-0.01,22,45430,卖盘
1151,13:03:39,20.66,--,20,41320,买盘
1152,13:03:34,20.66,0.01,9,18594,买盘
1153,13:03:19,20.65,-0.02,137,282905,卖盘
1154,13:03:04,20.67,--,5,10335,买盘
1155,13:02:59,20.67,--,105,217035,买盘
1156,13:02:49,20.67,0.01,5,10335,买盘
1157,13:02:44,20.66,--,56,115696,卖盘
1158,13:02:29,20.66,0.02,31,64046,买盘
1159,13:02:24,20.64,0.01,5,10320,卖盘
1160,13:02:14,20.63,0.01,20,41260,买盘
1161,13:02:04,20.62,--,1,2062,买盘
1162,13:01:59,20.62,0.01,28,57736,买盘
1163,13:01:54,20.61,-0.01,6,12366,卖盘
1164,13:01:49,20.62,0.02,1,2062,买盘
1165,13:01:44,20.6,-0.02,5,10300,卖盘
1166,13:01:39,20.62,0.02,10,20620,买盘
1167,13:01:34,20.6,-0.02,11,22660,卖盘
1168,13:01:29,20.62,0.02,27,55674,买盘
1169,13:01:24,20.6,-0.02,40,82400,卖盘
1170,13:01:19,20.62,--,14,28868,买盘
1171,13:01:14,20.62,0.02,182,375284,买盘
1172,13:01:09,20.6,-0.02,12,24720,卖盘
1173,13:01:04,20.62,--,1,2062,买盘
1174,13:00:59,20.62,0.02,37,76294,买盘
1175,13:00:53,20.6,-0.03,5,10300,卖盘
1176,13:00:49,20.63,--,2,4126,买盘
1177,13:00:44,20.63,0.01,114,235182,买盘
1178,13:00:39,20.62,-0.02,174,358788,卖盘
1179,13:00:34,20.64,--,1,2064,买盘
1180,13:00:19,20.64,-0.01,3,6192,卖盘
1181,13:00:08,20.65,-0.05,304,628771,卖盘
1182,13:00:03,20.7,-0.03,191,395370,卖盘
1183,11:30:00,20.73,--,0,0,卖盘
1184,11:29:59,20.73,--,0,0,卖盘
1185,11:29:59,20.73,--,10,20730,卖盘
1186,11:29:48,20.73,-0.02,5,10365,卖盘
1187,11:29:45,20.75,0.02,27,56025,买盘
1188,11:29:33,20.73,-0.02,10,20730,卖盘
1189,11:29:24,20.75,--,21,43575,买盘
1190,11:29:14,20.75,--,8,16600,卖盘
1191,11:29:09,20.75,-0.02,89,184675,卖盘
1192,11:29:03,20.77,--,6,12462,买盘
1193,11:28:59,20.77,0.01,4,8308,买盘
1194,11:28:54,20.76,--,1,2076,卖盘
1195,11:28:44,20.76,-0.01,12,24912,卖盘
1196,11:28:39,20.77,--,2,4154,买盘
1197,11:28:33,20.77,--,0,0,买盘
1198,11:28:29,20.77,0.02,14,29078,买盘
1199,11:28:24,20.75,--,5,10375,卖盘
1200,11:28:18,20.75,-0.02,40,83000,卖盘
1201,11:28:14,20.77,0.02,1,2077,买盘
1202,11:28:09,20.75,--,155,321625,卖盘
1203,11:28:03,20.75,-0.02,5,10375,卖盘
1204,11:27:54,20.77,-0.02,2,4154,中性盘
1205,11:27:48,20.79,0.04,4,8316,买盘
1206,11:27:44,20.75,--,0,0,卖盘
1207,11:27:39,20.75,-0.04,10,20750,卖盘
1208,11:27:33,20.79,0.04,27,56133,买盘
1209,11:27:29,20.75,-0.04,20,41500,卖盘
1210,11:27:24,20.79,--,1,2079,买盘
1211,11:27:18,20.79,0.04,51,106029,买盘
1212,11:27:09,20.75,--,6,12450,卖盘
1213,11:27:03,20.75,--,9,18675,买盘
1214,11:26:59,20.75,-0.03,1,2075,买盘
1215,11:26:48,20.78,--,0,0,买盘
1216,11:26:39,20.78,0.02,12,24936,买盘
1217,11:26:33,20.76,0.01,1,2076,买盘
1218,11:26:24,20.75,0.02,29,60175,买盘
1219,11:26:18,20.73,-0.02,42,87066,卖盘
1220,11:26:14,20.75,--,7,14525,买盘
1221,11:26:09,20.75,0.02,2,4150,买盘
1222,11:26:03,20.73,--,55,114015,中性盘
1223,11:25:59,20.73,-0.02,3,6219,中性盘
1224,11:25:54,20.75,0.03,12,24900,买盘
1225,11:25:48,20.72,-0.03,47,97384,卖盘
1226,11:25:44,20.75,-0.04,179,371425,卖盘
1227,11:25:39,20.79,0.03,20,41580,买盘
1228,11:25:33,20.76,-0.03,18,37368,卖盘
1229,11:25:29,20.79,0.04,2,4158,买盘
1230,11:25:24,20.75,--,3,6225,卖盘
1231,11:25:14,20.75,--,22,45650,卖盘
1232,11:25:09,20.75,-0.04,44,91300,卖盘
1233,11:25:03,20.79,0.05,1,2079,买盘
1234,11:24:59,20.74,--,0,0,中性盘
1235,11:24:54,20.74,--,3,6221,买盘
1236,11:24:39,20.74,-0.01,3,6221,卖盘
1237,11:24:33,20.75,--,4,8300,买盘
1238,11:24:24,20.75,-0.05,131,271825,卖盘
1239,11:24:18,20.8,--,21,43680,卖盘
1240,11:24:09,20.8,--,6,12480,卖盘
1241,11:24:03,20.8,-0.02,60,124800,卖盘
1242,11:23:59,20.82,0.02,4,8328,买盘
1243,11:23:54,20.8,--,49,101920,卖盘
1244,11:23:48,20.8,--,0,0,卖盘
1245,11:23:44,20.8,--,0,0,卖盘
1246,11:23:39,20.8,-0.04,39,81120,卖盘
1247,11:23:33,20.84,--,9,18756,买盘
1248,11:23:18,20.84,-0.01,6,12504,卖盘
1249,11:23:14,20.85,0.01,2,4170,买盘
1250,11:23:08,20.84,0.01,25,52100,买盘
1251,11:23:03,20.83,-0.03,10,20830,卖盘
1252,11:22:54,20.86,--,0,0,买盘
1253,11:22:48,20.86,0.01,1,2086,买盘
1254,11:22:43,20.85,-0.01,5,10425,卖盘
1255,11:22:38,20.86,--,4,8344,买盘
1256,11:22:27,20.86,--,42,87612,卖盘
1257,11:22:23,20.86,--,111,231546,卖盘
1258,11:22:12,20.86,-0.02,2,4172,卖盘
1259,11:22:09,20.88,--,27,56376,卖盘
1260,11:22:03,20.88,--,1,2088,卖盘
1261,11:21:57,20.88,--,15,31320,卖盘
1262,11:21:53,20.88,--,18,37584,卖盘
1263,11:21:48,20.88,0.02,24,50112,买盘
1264,11:21:42,20.86,--,71,148106,卖盘
1265,11:21:38,20.86,-0.04,49,102214,卖盘
1266,11:21:33,20.9,-0.01,3,6270,卖盘
1267,11:21:23,20.91,--,605,1265745,卖盘
1268,11:21:18,20.91,--,13,27183,卖盘
1269,11:21:12,20.91,--,28,59238,卖盘
1270,11:21:08,20.91,--,43,89913,卖盘
1271,11:21:03,20.91,-0.02,117,245357,卖盘
1272,11:20:57,20.93,0.01,1,2093,买盘
1273,11:20:53,20.92,--,6,12552,卖盘
1274,11:20:48,20.92,--,4,8368,卖盘
1275,11:20:42,20.92,--,5,10460,卖盘
1276,11:20:38,20.92,--,7,14644,卖盘
1277,11:20:33,20.92,-0.01,84,175728,卖盘
1278,11:20:27,20.93,--,3,6279,卖盘
1279,11:20:23,20.93,--,3,6279,卖盘
1280,11:20:18,20.93,--,8,16744,卖盘
1281,11:20:03,20.93,--,3,6279,卖盘
1282,11:19:57,20.93,--,93,194649,卖盘
1283,11:19:53,20.93,--,30,62790,卖盘
1284,11:19:48,20.93,-0.01,18,37674,卖盘
1285,11:19:42,20.94,--,1,2094,买盘
1286,11:19:33,20.94,--,15,31410,买盘
1287,11:19:18,20.94,0.01,1,2094,买盘
1288,11:19:12,20.93,0.01,5,10465,卖盘
1289,11:19:08,20.92,--,0,0,卖盘
1290,11:19:03,20.92,--,2,4184,卖盘
1291,11:18:57,20.92,--,11,23012,卖盘
1292,11:18:48,20.92,--,5,10460,买盘
1293,11:18:38,20.92,--,5,10460,买盘
1294,11:18:33,20.92,--,37,77404,买盘
1295,11:18:12,20.92,--,1,2092,买盘
1296,11:18:08,20.92,--,5,10460,买盘
1297,11:18:03,20.92,-0.03,3,6276,中性盘
1298,11:17:56,20.95,0.04,15,31425,买盘
1299,11:17:53,20.91,--,0,0,卖盘
1300,11:17:48,20.91,-0.04,673,1407243,卖盘
1301,11:17:38,20.95,--,14,29330,买盘
1302,11:17:33,20.95,0.02,7,14665,买盘
1303,11:17:27,20.93,-0.02,16,33488,卖盘
1304,11:17:23,20.95,--,122,255590,买盘
1305,11:17:18,20.95,--,1,2095,买盘
1306,11:17:12,20.95,--,102,213690,买盘
1307,11:17:07,20.95,--,0,0,买盘
1308,11:17:03,20.95,--,10,20950,买盘
1309,11:16:57,20.95,--,1,2095,买盘
1310,11:16:53,20.95,--,8,16760,买盘
1311,11:16:38,20.95,0.02,16,33520,买盘
1312,11:16:33,20.93,-0.01,68,142324,卖盘
1313,11:16:22,20.94,--,4,8376,卖盘
1314,11:16:18,20.94,-0.01,3,6282,卖盘
1315,11:16:12,20.95,0.01,126,263970,买盘
1316,11:16:08,20.94,0.01,5,10470,买盘
1317,11:16:03,20.93,-0.01,20,41860,卖盘
1318,11:15:56,20.94,-0.01,4,8376,卖盘
1319,11:15:47,20.95,0.02,1,2095,买盘
1320,11:15:42,20.93,--,0,0,卖盘
1321,11:15:37,20.93,--,97,203021,卖盘
1322,11:15:33,20.93,-0.02,122,255346,卖盘
1323,11:15:27,20.95,0.02,25,52375,买盘
1324,11:15:17,20.93,--,5,10465,卖盘
1325,11:15:11,20.93,-0.01,2,4186,卖盘
1326,11:15:08,20.94,0.01,5,10470,中性盘
1327,11:15:02,20.93,--,3,6279,卖盘
1328,11:14:47,20.93,--,105,219765,卖盘
1329,11:14:42,20.93,--,128,267904,买盘
1330,11:14:37,20.93,--,4,8372,买盘
1331,11:14:27,20.93,-0.02,7,14651,卖盘
1332,11:14:22,20.95,--,1,2095,买盘
1333,11:14:18,20.95,0.02,17,35615,买盘
1334,11:14:12,20.93,-0.02,2,4186,卖盘
1335,11:14:06,20.95,--,0,0,买盘
1336,11:14:02,20.95,0.01,23,48185,买盘
1337,11:13:57,20.94,--,14,29316,买盘
1338,11:13:51,20.94,0.02,3,6282,中性盘
1339,11:13:47,20.92,-0.03,1,2092,卖盘
1340,11:13:41,20.95,--,6,12570,买盘
1341,11:13:36,20.95,--,4,8380,买盘
1342,11:13:26,20.95,0.01,31,64945,买盘
1343,11:13:21,20.94,--,3,6282,卖盘
1344,11:13:17,20.94,--,58,121452,买盘
1345,11:13:12,20.94,--,8,16752,买盘
1346,11:13:05,20.94,--,0,0,买盘
1347,11:13:02,20.94,0.03,164,343416,买盘
1348,11:12:47,20.91,-0.03,22,46002,卖盘
1349,11:12:41,20.94,0.03,25,52350,买盘
1350,11:12:32,20.91,0.01,66,138842,买盘
1351,11:12:27,20.9,0.01,85,177650,买盘
1352,11:12:17,20.89,0.03,23,48047,买盘
1353,11:12:11,20.86,--,0,0,卖盘
1354,11:12:05,20.86,0.02,5,10430,买盘
1355,11:12:02,20.84,-0.02,5,10420,卖盘
1356,11:11:50,20.86,0.01,100,208600,买盘
1357,11:11:41,20.85,--,10,20850,买盘
1358,11:11:36,20.85,--,7,14595,买盘
1359,11:11:17,20.85,0.02,1,2085,买盘
1360,11:11:12,20.83,-0.02,0,20,卖盘
1361,11:11:06,20.85,0.01,86,179310,买盘
1362,11:10:56,20.84,-0.01,3,6252,卖盘
1363,11:10:51,20.85,0.02,13,27105,买盘
1364,11:10:47,20.83,--,10,20830,卖盘
1365,11:10:35,20.83,--,3,6248,买盘
1366,11:10:26,20.83,0.01,3,6248,买盘
1367,11:10:17,20.82,0.01,1,2082,买盘
1368,11:10:11,20.81,0.01,5,10405,卖盘
1369,11:10:05,20.8,0.01,4,8320,卖盘
1370,11:09:57,20.79,-0.01,20,41580,卖盘
1371,11:09:50,20.8,0.01,10,20800,卖盘
1372,11:09:35,20.79,-0.04,15,31185,卖盘
1373,11:09:31,20.83,0.04,2,4166,买盘
1374,11:09:26,20.79,--,36,74844,买盘
1375,11:09:11,20.79,--,1,2079,买盘
1376,11:09:06,20.79,--,5,10395,买盘
1377,11:08:50,20.79,-0.03,37,76923,卖盘
1378,11:08:42,20.82,--,11,22902,买盘
1379,11:08:35,20.82,--,0,0,买盘
1380,11:08:31,20.82,--,2,4164,买盘
1381,11:08:26,20.82,--,0,0,买盘
1382,11:08:21,20.82,0.05,41,85362,买盘
1383,11:08:06,20.77,--,0,0,卖盘
1384,11:07:56,20.77,-0.05,65,135005,卖盘
1385,11:07:50,20.82,0.06,19,39558,买盘
1386,11:07:46,20.76,-0.02,5,10380,卖盘
1387,11:07:41,20.78,0.02,4,8312,卖盘
1388,11:07:35,20.76,-0.06,10,20760,卖盘
1389,11:07:26,20.82,0.01,39,81198,买盘
1390,11:07:05,20.81,-0.03,20,41620,买盘
1391,11:07:01,20.84,-0.02,3,6252,卖盘
1392,11:06:56,20.86,--,0,0,买盘
1393,11:06:50,20.86,0.08,84,175224,买盘
1394,11:06:46,20.78,--,0,0,卖盘
1395,11:06:41,20.78,-0.03,10,20780,卖盘
1396,11:06:35,20.81,0.03,9,18729,买盘
1397,11:06:31,20.78,--,0,0,卖盘
1398,11:06:26,20.78,-0.02,113,234814,卖盘
1399,11:06:20,20.8,0.04,21,43680,买盘
1400,11:06:16,20.76,-0.02,50,103800,卖盘
1401,11:06:11,20.78,0.03,2,4156,买盘
1402,11:06:05,20.75,--,0,0,卖盘
1403,11:05:56,20.75,--,0,0,卖盘
1404,11:05:50,20.75,0.02,2,4150,买盘
1405,11:05:35,20.73,0.01,2,4146,买盘
1406,11:05:26,20.72,0.02,51,105672,买盘
1407,11:05:20,20.7,-0.01,113,233910,卖盘
1408,11:05:14,20.71,--,0,0,卖盘
1409,11:05:11,20.71,--,52,107692,卖盘
1410,11:05:05,20.71,--,54,111834,买盘
1411,11:04:56,20.71,-0.04,26,53846,卖盘
1412,11:04:50,20.75,0.02,5,10375,买盘
1413,11:04:44,20.73,-0.02,1,2073,买盘
1414,11:04:41,20.75,--,0,0,买盘
1415,11:04:35,20.75,0.01,43,89225,买盘
1416,11:04:29,20.74,-0.01,7,14517,卖盘
1417,11:04:26,20.75,-0.02,73,151475,卖盘
1418,11:04:20,20.77,--,95,197315,买盘
1419,11:04:14,20.77,--,2,4154,买盘
1420,11:04:11,20.77,--,5,10385,买盘
1421,11:04:05,20.77,-0.04,142,294934,卖盘
1422,11:03:59,20.81,0.01,22,45782,中性盘
1423,11:03:35,20.8,-0.02,32,66560,卖盘
1424,11:03:29,20.82,0.02,2,4164,买盘
1425,11:03:26,20.8,-0.01,28,58240,卖盘
1426,11:03:20,20.81,-0.01,4,8324,卖盘
1427,11:03:14,20.82,-0.02,36,74952,卖盘
1428,11:03:10,20.84,-0.02,91,189644,卖盘
1429,11:03:05,20.86,0.03,7,14602,买盘
1430,11:02:55,20.83,-0.03,50,104149,卖盘
1431,11:02:40,20.86,--,7,14602,卖盘
1432,11:02:35,20.86,--,50,104300,卖盘
1433,11:02:29,20.86,--,6,12516,卖盘
1434,11:02:05,20.86,0.01,75,156450,买盘
1435,11:01:59,20.85,0.01,13,27105,买盘
1436,11:01:55,20.84,--,2,4168,卖盘
1437,11:01:50,20.84,-0.01,3,6252,卖盘
1438,11:01:44,20.85,--,6,12510,买盘
1439,11:01:40,20.85,-0.01,20,41720,卖盘
1440,11:01:35,20.86,0.01,137,285782,买盘
1441,11:01:29,20.85,-0.03,13,27105,卖盘
1442,11:01:20,20.88,--,14,29232,买盘
1443,11:01:14,20.88,-0.02,274,572112,卖盘
1444,11:01:10,20.9,--,5,10450,买盘
1445,11:01:05,20.9,--,106,223609,卖盘
1446,11:00:59,20.9,--,32,66880,卖盘
1447,11:00:55,20.9,-0.01,2,4180,卖盘
1448,11:00:50,20.91,0.01,100,209100,买盘
1449,11:00:44,20.9,-0.01,7,14629,卖盘
1450,11:00:35,20.91,-0.01,38,79458,卖盘
1451,11:00:25,20.92,--,5,10460,卖盘
1452,11:00:20,20.92,-0.02,3,6276,卖盘
1453,11:00:14,20.94,0.02,5,10470,买盘
1454,11:00:10,20.92,-0.02,85,177820,卖盘
1455,10:59:59,20.94,--,0,0,买盘
1456,10:59:50,20.94,0.04,11,23034,买盘
1457,10:59:44,20.9,--,0,0,卖盘
1458,10:59:40,20.9,--,0,0,卖盘
1459,10:59:35,20.9,--,4,8360,卖盘
1460,10:59:29,20.9,--,30,62720,买盘
1461,10:59:20,20.9,--,7,14629,买盘
1462,10:59:14,20.9,--,4,8360,买盘
1463,10:59:10,20.9,--,289,606079,卖盘
1464,10:59:05,20.9,--,0,0,卖盘
1465,10:58:59,20.9,--,36,75260,卖盘
1466,10:58:29,20.9,0.02,241,503689,买盘
1467,10:58:23,20.88,--,1,2088,卖盘
1468,10:58:20,20.88,--,0,0,卖盘
1469,10:58:14,20.88,-0.01,11,22968,卖盘
1470,10:58:05,20.89,--,6,12534,买盘
1471,10:57:53,20.89,--,1,2089,买盘
1472,10:57:44,20.89,-0.01,2,4178,卖盘
1473,10:57:35,20.9,-0.01,190,397100,卖盘
1474,10:57:20,20.91,--,1,2091,卖盘
1475,10:57:14,20.91,-0.03,8,16728,卖盘
1476,10:57:08,20.94,0.02,3,6282,买盘
1477,10:57:05,20.92,-0.02,10,20920,中性盘
1478,10:56:50,20.94,0.01,60,125640,买盘
1479,10:56:44,20.93,-0.01,1,2093,卖盘
1480,10:56:38,20.94,-0.01,30,62820,卖盘
1481,10:56:35,20.95,--,7,14665,买盘
1482,10:56:29,20.95,--,178,372910,卖盘
1483,10:56:23,20.95,--,200,419000,卖盘
1484,10:56:14,20.95,-0.01,36,75420,卖盘
1485,10:56:08,20.96,--,183,383568,买盘
1486,10:56:04,20.96,0.01,20,41920,买盘
1487,10:55:59,20.95,--,13,27235,卖盘
1488,10:55:53,20.95,--,105,219975,卖盘
1489,10:55:49,20.95,--,4,8380,卖盘
1490,10:55:44,20.95,--,207,433665,卖盘
1491,10:55:38,20.95,--,79,165505,卖盘
1492,10:55:34,20.95,--,2,4190,卖盘
1493,10:55:29,20.95,-0.02,106,222070,卖盘
1494,10:55:23,20.97,--,9,18873,卖盘
1495,10:55:19,20.97,-0.03,2,4194,卖盘
1496,10:55:14,21.0,0.02,200,420000,买盘
1497,10:55:08,20.98,0.03,102,213996,买盘
1498,10:55:04,20.95,-0.02,66,138270,卖盘
1499,10:54:59,20.97,-0.01,113,236961,中性盘
1500,10:54:53,20.98,--,2,4196,买盘
1501,10:54:49,20.98,--,0,0,买盘
1502,10:54:38,20.98,--,290,608420,卖盘
1503,10:54:29,20.98,--,40,83920,卖盘
1504,10:54:08,20.98,0.03,137,287426,买盘
1505,10:54:04,20.95,--,14,29330,买盘
1506,10:53:59,20.95,--,11,23045,买盘
1507,10:53:53,20.95,-0.04,118,247210,卖盘
1508,10:53:49,20.99,--,209,438690,买盘
1509,10:53:44,20.99,--,67,140633,买盘
1510,10:53:38,20.99,--,1,2099,买盘
1511,10:53:34,20.99,--,5,10495,买盘
1512,10:53:29,20.99,0.01,8,16792,买盘
1513,10:53:23,20.98,0.02,182,381836,买盘
1514,10:53:19,20.96,--,5,10480,买盘
1515,10:53:14,20.96,--,10,20960,买盘
1516,10:53:08,20.96,0.02,2,4192,买盘
1517,10:53:04,20.94,--,3,6282,卖盘
1518,10:52:59,20.94,--,7,14658,买盘
1519,10:52:53,20.94,--,9,18846,买盘
1520,10:52:44,20.94,--,105,219870,买盘
1521,10:52:38,20.94,--,54,113076,买盘
1522,10:52:29,20.94,0.01,72,150768,买盘
1523,10:52:23,20.93,-0.01,10,20930,卖盘
1524,10:52:19,20.94,--,3,6282,买盘
1525,10:52:08,20.94,0.04,5,10470,买盘
1526,10:52:04,20.9,-0.03,136,284240,卖盘
1527,10:51:59,20.93,--,16,33488,买盘
1528,10:51:53,20.93,--,3,6279,买盘
1529,10:51:44,20.93,--,1,2093,买盘
1530,10:51:38,20.93,--,0,0,买盘
1531,10:51:29,20.93,0.05,3,6279,买盘
1532,10:51:23,20.88,--,0,0,卖盘
1533,10:51:19,20.88,-0.06,2,4176,卖盘
1534,10:51:14,20.94,--,4,8376,买盘
1535,10:51:08,20.94,0.06,20,41880,买盘
1536,10:51:03,20.88,--,13,27144,买盘
1537,10:50:59,20.88,0.03,3,6264,买盘
1538,10:50:53,20.85,-0.03,47,97995,卖盘
1539,10:50:38,20.88,-0.02,5,10440,中性盘
1540,10:50:29,20.9,--,77,160930,卖盘
1541,10:50:23,20.9,--,11,22990,卖盘
1542,10:50:17,20.9,0.05,112,234079,买盘
1543,10:50:14,20.85,-0.03,42,87570,卖盘
1544,10:50:08,20.88,--,5,10440,买盘
1545,10:49:59,20.88,--,0,0,买盘
1546,10:49:53,20.88,-0.02,7,14616,中性盘
1547,10:49:44,20.9,0.02,50,104500,买盘
1548,10:49:38,20.88,--,4,8352,买盘
1549,10:49:29,20.88,-0.02,85,177480,卖盘
1550,10:49:23,20.9,--,27,56429,卖盘
1551,10:49:14,20.9,--,8,16720,卖盘
1552,10:49:08,20.9,-0.02,338,706420,卖盘
1553,10:48:59,20.92,--,10,20920,卖盘
1554,10:48:47,20.92,0.02,103,215476,买盘
1555,10:48:43,20.9,-0.01,6,12540,卖盘
1556,10:48:38,20.91,0.01,26,54366,买盘
1557,10:48:32,20.9,-0.02,13,27169,卖盘
1558,10:48:17,20.92,--,6,12552,卖盘
1559,10:48:13,20.92,--,3,6276,卖盘
1560,10:48:08,20.92,--,52,108784,卖盘
1561,10:48:02,20.92,0.01,84,175728,买盘
1562,10:47:58,20.91,-0.01,14,29274,卖盘
1563,10:47:53,20.92,--,30,62760,买盘
1564,10:47:43,20.92,--,1,2092,买盘
1565,10:47:38,20.92,--,4,8368,买盘
1566,10:47:32,20.92,-0.04,24,50208,卖盘
1567,10:47:28,20.96,0.02,20,41920,买盘
1568,10:47:23,20.94,-0.02,75,157050,卖盘
1569,10:47:17,20.96,-0.02,50,104800,中性盘
1570,10:47:13,20.98,-0.01,62,130076,买盘
1571,10:47:08,20.99,0.01,135,283365,买盘
1572,10:47:02,20.98,-0.01,7,14686,卖盘
1573,10:46:53,20.99,0.01,7,14692,买盘
1574,10:46:47,20.98,-0.01,17,35666,中性盘
1575,10:46:43,20.99,--,5,10495,买盘
1576,10:46:38,20.99,-0.03,56,117543,卖盘
1577,10:46:32,21.02,0.02,32,67264,买盘
1578,10:46:28,21.0,--,184,386400,卖盘
1579,10:46:23,21.0,--,78,163800,卖盘
1580,10:46:17,21.0,--,15,31500,卖盘
1581,10:46:13,21.0,--,29,60900,卖盘
1582,10:46:08,21.0,--,51,107100,卖盘
1583,10:46:02,21.0,0.05,178,373800,买盘
1584,10:45:58,20.95,-0.02,3,6285,卖盘
1585,10:45:53,20.97,--,200,419400,买盘
1586,10:45:43,20.97,--,4,8388,买盘
1587,10:45:38,20.97,--,548,1149156,卖盘
1588,10:45:32,20.97,0.02,3,6291,中性盘
1589,10:45:28,20.95,-0.02,501,1049595,卖盘
1590,10:45:23,20.97,0.02,55,115335,卖盘
1591,10:45:17,20.95,-0.02,559,1171105,卖盘
1592,10:45:13,20.97,0.01,1,2097,买盘
1593,10:45:08,20.96,-0.01,53,111088,卖盘
1594,10:44:58,20.97,-0.01,5,10485,中性盘
1595,10:44:53,20.98,--,308,646184,买盘
1596,10:44:47,20.98,--,110,230780,买盘
1597,10:44:43,20.98,--,10,20980,买盘
1598,10:44:38,20.98,--,9,18882,买盘
1599,10:44:32,20.98,--,32,67136,买盘
1600,10:44:28,20.98,--,0,0,买盘
1601,10:44:23,20.98,0.02,7,14686,买盘
1602,10:44:17,20.96,-0.02,116,243136,中性盘
1603,10:44:13,20.98,0.02,200,419600,买盘
1604,10:44:08,20.96,--,234,490464,买盘
1605,10:44:02,20.96,0.01,12,25152,买盘
1606,10:43:58,20.95,0.01,144,301680,买盘
1607,10:43:53,20.94,--,3,6282,买盘
1608,10:43:47,20.94,-0.01,25,52350,中性盘
1609,10:43:43,20.95,--,56,117320,买盘
1610,10:43:38,20.95,0.01,63,131985,买盘
1611,10:43:32,20.94,--,23,48162,卖盘
1612,10:43:23,20.94,--,9,18846,买盘
1613,10:43:17,20.94,--,48,100512,买盘
1614,10:43:13,20.94,0.02,32,67008,买盘
1615,10:43:08,20.92,--,15,31380,买盘
1616,10:43:02,20.92,0.02,33,69036,买盘
1617,10:42:58,20.9,--,76,158840,卖盘
1618,10:42:53,20.9,--,13,27169,卖盘
1619,10:42:47,20.9,--,4,8360,卖盘
1620,10:42:43,20.9,0.01,22,45980,买盘
1621,10:42:38,20.89,--,13,27157,买盘
1622,10:42:32,20.89,--,13,27157,买盘
1623,10:42:23,20.89,--,18,37602,卖盘
1624,10:42:17,20.89,0.04,13,27157,卖盘
1625,10:42:11,20.85,-0.05,380,792300,卖盘
1626,10:42:08,20.9,0.01,28,60589,买盘
1627,10:41:56,20.89,--,40,83560,买盘
1628,10:41:53,20.89,--,50,104450,买盘
1629,10:41:38,20.89,0.01,4,8356,买盘
1630,10:41:23,20.88,--,8,16704,买盘
1631,10:41:17,20.88,--,2,4176,卖盘
1632,10:41:11,20.88,-0.01,3,6264,卖盘
1633,10:41:07,20.89,0.02,3,6267,买盘
1634,10:41:02,20.87,-0.01,21,43827,卖盘
1635,10:40:56,20.88,0.01,2,4176,买盘
1636,10:40:52,20.87,--,4,8348,卖盘
1637,10:40:37,20.87,-0.01,9,18783,卖盘
1638,10:40:17,20.88,-0.01,10,20880,卖盘
1639,10:40:11,20.89,--,53,110717,买盘
1640,10:40:07,20.89,--,10,20890,买盘
1641,10:40:02,20.89,--,4,8356,买盘
1642,10:39:56,20.89,--,15,31335,买盘
1643,10:39:47,20.89,--,7,14623,买盘
1644,10:39:41,20.89,-0.01,168,350972,卖盘
1645,10:39:37,20.9,0.01,3,6270,买盘
1646,10:39:32,20.89,--,14,29246,卖盘
1647,10:39:26,20.89,--,50,106518,卖盘
1648,10:39:22,20.89,--,0,0,卖盘
1649,10:39:11,20.89,--,8,16712,买盘
1650,10:39:07,20.89,--,5,10445,买盘
1651,10:39:02,20.89,-0.01,87,181743,卖盘
1652,10:38:56,20.9,0.01,36,75240,买盘
1653,10:38:32,20.89,--,0,0,买盘
1654,10:38:26,20.89,0.01,111,231879,买盘
1655,10:38:11,20.88,--,12,25056,买盘
1656,10:38:07,20.88,--,5,10440,买盘
1657,10:37:37,20.88,--,4,8352,买盘
1658,10:37:32,20.88,--,2,4176,买盘
1659,10:37:17,20.88,--,171,357048,买盘
1660,10:37:11,20.88,--,89,185832,卖盘
1661,10:37:07,20.88,0.02,4,8352,卖盘
1662,10:36:56,20.86,--,0,0,卖盘
1663,10:36:52,20.86,-0.03,4,8344,卖盘
1664,10:36:47,20.89,0.02,150,313350,买盘
1665,10:36:41,20.87,-0.02,15,31305,卖盘
1666,10:36:37,20.89,0.01,4,8356,买盘
1667,10:36:32,20.88,-0.01,8,16704,卖盘
1668,10:36:26,20.89,0.01,38,79382,买盘
1669,10:36:17,20.88,--,0,0,中性盘
1670,10:36:11,20.88,-0.01,107,223416,卖盘
1671,10:36:07,20.89,--,5,10445,买盘
1672,10:36:02,20.89,--,4,8356,买盘
1673,10:35:52,20.89,-0.04,99,206811,卖盘
1674,10:35:47,20.93,--,32,66976,买盘
1675,10:35:41,20.93,--,35,73255,买盘
1676,10:35:32,20.93,-0.02,12,25116,买盘
1677,10:35:26,20.95,--,13,27235,买盘
1678,10:35:22,20.95,0.09,114,238830,买盘
1679,10:35:11,20.86,-0.03,52,108472,卖盘
1680,10:35:07,20.89,0.01,2,4178,中性盘
1681,10:35:02,20.88,0.01,134,279792,卖盘
1682,10:34:41,20.87,--,0,0,中性盘
1683,10:34:37,20.87,--,4,8348,买盘
1684,10:34:26,20.87,-0.11,117,244179,卖盘
1685,10:34:22,20.98,--,0,0,买盘
1686,10:34:17,20.98,0.02,302,633596,买盘
1687,10:34:11,20.96,0.06,39,81744,卖盘
1688,10:34:07,20.9,-0.06,100,209000,卖盘
1689,10:33:56,20.96,--,7,14672,买盘
1690,10:33:46,20.96,--,1,2096,买盘
1691,10:33:41,20.96,0.01,100,209600,买盘
1692,10:33:35,20.95,--,0,0,买盘
1693,10:33:31,20.95,0.05,2,4190,买盘
1694,10:33:26,20.9,0.04,54,112859,买盘
1695,10:33:11,20.86,--,15,31290,卖盘
1696,10:32:56,20.86,0.01,15,31290,买盘
1697,10:32:50,20.85,-0.01,10,20850,卖盘
1698,10:32:41,20.86,--,1,2086,买盘
1699,10:32:26,20.86,--,0,0,买盘
1700,10:32:16,20.86,--,3,6258,买盘
1701,10:32:11,20.86,-0.01,5,10430,卖盘
1702,10:32:05,20.87,0.01,5,10435,买盘
1703,10:32:01,20.86,--,50,104300,卖盘
1704,10:31:50,20.86,-0.01,15,31290,卖盘
1705,10:31:41,20.87,0.02,7,14609,买盘
1706,10:31:35,20.85,--,16,33360,买盘
1707,10:31:31,20.85,--,5,10425,卖盘
1708,10:31:20,20.85,-0.02,14,29190,卖盘
1709,10:31:11,20.87,--,15,31305,买盘
1710,10:31:05,20.87,--,10,20870,买盘
1711,10:30:50,20.87,--,10,20870,买盘
1712,10:30:35,20.87,0.04,2,4174,买盘
1713,10:30:26,20.83,--,0,0,卖盘
1714,10:30:11,20.83,-0.03,13,27078,卖盘
1715,10:30:05,20.86,0.03,18,37548,买盘
1716,10:29:56,20.83,--,0,0,卖盘
1717,10:29:50,20.83,--,0,0,卖盘
1718,10:29:46,20.83,-0.03,100,208299,卖盘
1719,10:29:41,20.86,-0.01,41,85526,卖盘
1720,10:29:35,20.87,-0.01,26,54262,卖盘
1721,10:29:30,20.88,0.01,9,18792,买盘
1722,10:29:20,20.87,--,4,8348,买盘
1723,10:29:11,20.87,--,5,10435,买盘
1724,10:29:05,20.87,0.01,10,20870,买盘
1725,10:28:56,20.86,-0.01,122,254492,卖盘
1726,10:28:50,20.87,--,34,70958,卖盘
1727,10:28:41,20.87,-0.01,27,56349,卖盘
1728,10:28:35,20.88,--,11,22968,买盘
1729,10:28:31,20.88,0.01,8,16704,买盘
1730,10:28:26,20.87,-0.01,2,4174,卖盘
1731,10:28:20,20.88,0.01,24,50112,买盘
1732,10:28:16,20.87,--,3,6261,买盘
1733,10:28:11,20.87,--,10,20870,买盘
1734,10:28:05,20.87,--,15,31305,买盘
1735,10:28:00,20.87,--,4,8348,买盘
1736,10:27:56,20.87,--,0,0,买盘
1737,10:27:50,20.87,-0.01,66,137742,中性盘
1738,10:27:45,20.88,0.01,9,18792,买盘
1739,10:27:41,20.87,-0.01,5,10435,卖盘
1740,10:27:35,20.88,-0.01,15,31320,卖盘
1741,10:27:31,20.89,--,21,43869,买盘
1742,10:27:26,20.89,-0.06,88,183832,卖盘
1743,10:27:20,20.95,--,68,142460,卖盘
1744,10:27:16,20.95,-0.02,6,12570,卖盘
1745,10:27:11,20.97,-0.02,11,23067,卖盘
1746,10:27:05,20.99,0.01,67,140633,买盘
1747,10:27:00,20.98,-0.01,2,4196,中性盘
1748,10:26:56,20.99,--,22,46178,买盘
1749,10:26:50,20.99,-0.03,30,62969,卖盘
1750,10:26:46,21.02,0.02,2,4204,中性盘
1751,10:26:40,21.0,--,356,747600,卖盘
1752,10:26:35,21.0,0.01,5,10500,卖盘
1753,10:26:31,20.99,--,0,0,卖盘
1754,10:26:25,20.99,--,108,226691,卖盘
1755,10:26:20,20.99,-0.01,196,411403,卖盘
1756,10:26:15,21.0,--,21,44100,买盘
1757,10:26:10,21.0,0.01,348,730800,买盘
1758,10:26:05,20.99,0.02,11,23089,买盘
1759,10:26:00,20.97,-0.01,12,25164,卖盘
1760,10:25:55,20.98,0.03,8,16784,买盘
1761,10:25:50,20.95,-0.01,23,48185,卖盘
1762,10:25:44,20.96,--,7,14672,买盘
1763,10:25:40,20.96,0.01,91,190736,买盘
1764,10:25:35,20.95,0.03,100,209500,买盘
1765,10:25:25,20.92,0.03,51,106692,买盘
1766,10:25:14,20.89,0.01,31,64759,买盘
1767,10:25:10,20.88,--,67,140585,买盘
1768,10:25:05,20.88,--,60,125280,买盘
1769,10:24:55,20.88,0.01,1203,2511864,买盘
1770,10:24:50,20.87,0.01,17,35479,买盘
1771,10:24:44,20.86,--,48,100128,买盘
1772,10:24:40,20.86,0.01,54,112644,买盘
1773,10:24:35,20.85,--,74,154290,买盘
1774,10:24:29,20.85,--,0,0,买盘
1775,10:24:25,20.85,0.05,95,199117,买盘
1776,10:24:20,20.8,-0.01,5,10400,卖盘
1777,10:24:14,20.81,0.01,47,97807,买盘
1778,10:24:05,20.8,0.01,63,131040,买盘
1779,10:23:55,20.79,0.01,13,27027,买盘
1780,10:23:50,20.78,0.02,5,10390,买盘
1781,10:23:44,20.76,--,19,39444,卖盘
1782,10:23:40,20.76,-0.03,28,58128,卖盘
1783,10:23:35,20.79,0.01,500,1039500,买盘
1784,10:23:20,20.78,--,11,22858,买盘
1785,10:23:14,20.78,-0.04,137,284686,卖盘
1786,10:23:10,20.82,0.01,10,20820,买盘
1787,10:23:05,20.81,--,31,64510,买盘
1788,10:22:59,20.81,0.02,15,31214,买盘
1789,10:22:50,20.79,-0.02,2,4158,卖盘
1790,10:22:44,20.81,0.01,27,56187,买盘
1791,10:22:39,20.8,--,4,9360,卖盘
1792,10:22:35,20.8,-0.01,2,5200,卖盘
1793,10:22:29,20.81,--,53,110293,买盘
1794,10:22:20,20.81,--,1,2081,买盘
1795,10:22:14,20.81,--,53,110293,买盘
1796,10:22:09,20.81,--,5,10405,买盘
1797,10:21:59,20.81,--,0,0,买盘
1798,10:21:54,20.81,--,2,4162,买盘
1799,10:21:50,20.81,0.01,139,289259,买盘
1800,10:21:35,20.8,--,9,18720,卖盘
1801,10:21:29,20.8,0.02,20,41600,卖盘
1802,10:21:14,20.78,-0.02,9,18702,卖盘
1803,10:21:05,20.8,0.01,35,72800,买盘
1804,10:20:59,20.79,--,0,0,买盘
1805,10:20:54,20.79,--,0,0,中性盘
1806,10:20:50,20.79,--,0,0,卖盘
1807,10:20:35,20.79,--,19,39501,卖盘
1808,10:20:24,20.79,--,101,209979,买盘
1809,10:20:20,20.79,--,18,37422,买盘
1810,10:20:14,20.79,-0.01,11,22869,买盘
1811,10:20:09,20.8,--,11,22880,买盘
1812,10:20:05,20.8,0.01,8,16640,买盘
1813,10:19:54,20.79,-0.01,2,4158,中性盘
1814,10:19:50,20.8,0.01,30,62400,买盘
1815,10:19:44,20.79,--,2,4158,卖盘
1816,10:19:34,20.79,0.01,2,4158,中性盘
1817,10:19:24,20.78,-0.02,20,41560,卖盘
1818,10:19:20,20.8,-0.01,18,37440,卖盘
1819,10:19:14,20.81,-0.01,5,10405,卖盘
1820,10:19:09,20.82,--,15,31230,买盘
1821,10:19:04,20.82,--,0,0,买盘
1822,10:18:54,20.82,0.02,2,4164,中性盘
1823,10:18:50,20.8,-0.02,44,91520,卖盘
1824,10:18:44,20.82,--,5,10410,卖盘
1825,10:18:34,20.82,-0.04,26,54132,卖盘
1826,10:18:29,20.86,--,11,22946,买盘
1827,10:18:19,20.86,-0.01,42,87612,卖盘
1828,10:18:14,20.87,-0.01,9,18783,买盘
1829,10:18:09,20.88,--,0,0,买盘
1830,10:17:59,20.88,--,0,0,买盘
1831,10:17:54,20.88,--,27,56376,买盘
1832,10:17:49,20.88,0.08,98,204624,买盘
1833,10:17:44,20.8,-0.05,6,12480,卖盘
1834,10:17:34,20.85,-0.03,15,31275,卖盘
1835,10:17:29,20.88,--,9,18792,买盘
1836,10:17:23,20.88,0.02,10,20880,买盘
1837,10:17:19,20.86,-0.01,23,49375,卖盘
1838,10:17:14,20.87,--,45,94603,买盘
1839,10:17:08,20.87,0.01,13,27131,买盘
1840,10:17:04,20.86,-0.01,7,14602,卖盘
1841,10:16:59,20.87,--,3,6261,买盘
1842,10:16:53,20.87,--,63,131481,买盘
1843,10:16:49,20.87,--,15,31305,卖盘
1844,10:16:44,20.87,-0.01,15,31305,卖盘
1845,10:16:34,20.88,0.01,53,110664,买盘
1846,10:16:29,20.87,0.03,145,302615,买盘
1847,10:16:23,20.84,--,12,25008,卖盘
1848,10:16:19,20.84,--,16,33344,卖盘
1849,10:16:14,20.84,--,18,37512,卖盘
1850,10:16:08,20.84,-0.01,1,2084,卖盘
1851,10:16:04,20.85,0.01,52,108420,买盘
1852,10:15:59,20.84,--,16,33344,卖盘
1853,10:15:53,20.84,-0.01,8,16672,卖盘
1854,10:15:44,20.85,0.08,27,56295,中性盘
1855,10:15:38,20.77,-0.06,18,37386,卖盘
1856,10:15:33,20.83,0.02,10,20830,卖盘
1857,10:15:23,20.81,0.04,59,122799,买盘
1858,10:15:18,20.77,0.08,63,130851,中性盘
1859,10:15:14,20.69,--,0,0,卖盘
1860,10:15:08,20.69,-0.08,68,140692,卖盘
1861,10:15:03,20.77,--,1,2077,买盘
1862,10:14:59,20.77,0.08,211,438247,买盘
1863,10:14:53,20.69,-0.01,26,53794,中性盘
1864,10:14:48,20.7,0.02,203,420210,买盘
1865,10:14:44,20.68,0.02,199,411532,买盘
1866,10:14:38,20.66,-0.03,47,97102,卖盘
1867,10:14:33,20.69,0.01,39,80691,买盘
1868,10:14:29,20.68,--,5,10340,卖盘
1869,10:14:23,20.68,--,10,20680,卖盘
1870,10:14:18,20.68,--,19,39292,卖盘
1871,10:14:14,20.68,0.01,154,318472,买盘
1872,10:14:08,20.67,-0.01,16,33072,买盘
1873,10:14:03,20.68,--,0,0,买盘
1874,10:13:59,20.68,--,412,852016,买盘
1875,10:13:53,20.68,--,12,24816,买盘
1876,10:13:48,20.68,0.05,1,2068,买盘
1877,10:13:44,20.63,-0.01,180,371340,卖盘
1878,10:13:38,20.64,-0.04,60,123840,卖盘
1879,10:13:33,20.68,0.03,41,84788,买盘
1880,10:13:29,20.65,-0.04,1,2065,卖盘
1881,10:13:23,20.69,0.06,1,2069,买盘
1882,10:13:14,20.63,-0.02,81,167103,卖盘
1883,10:13:08,20.65,0.03,1,2065,买盘
1884,10:13:03,20.62,--,110,226820,卖盘
1885,10:12:59,20.62,--,25,51550,卖盘
1886,10:12:53,20.62,0.01,20,41240,卖盘
1887,10:12:48,20.61,--,0,0,卖盘
1888,10:12:43,20.61,-0.08,104,214344,卖盘
1889,10:12:38,20.69,0.07,304,628976,买盘
1890,10:12:33,20.62,0.02,30,61860,买盘
1891,10:12:28,20.6,-0.02,115,236900,卖盘
1892,10:12:23,20.62,0.02,208,428896,买盘
1893,10:12:18,20.6,-0.02,6,12360,卖盘
1894,10:12:13,20.62,--,214,441268,买盘
1895,10:12:08,20.62,--,425,876350,卖盘
1896,10:12:03,20.62,-0.07,6,12372,卖盘
1897,10:11:58,20.69,-0.01,66,136554,中性盘
1898,10:11:53,20.7,--,255,527850,买盘
1899,10:11:48,20.7,0.08,9,18630,买盘
1900,10:11:43,20.62,-0.08,1,2062,卖盘
1901,10:11:38,20.7,--,7,14490,买盘
1902,10:11:33,20.7,--,36,74520,买盘
1903,10:11:28,20.7,--,203,420210,买盘
1904,10:11:23,20.7,-0.04,322,666540,卖盘
1905,10:11:18,20.74,0.01,27,55997,买盘
1906,10:11:13,20.73,-0.03,184,383484,卖盘
1907,10:11:08,20.76,--,58,120408,卖盘
1908,10:11:03,20.76,-0.03,10,20760,买盘
1909,10:10:58,20.79,--,1,2079,买盘
1910,10:10:53,20.79,--,7,14553,买盘
1911,10:10:48,20.79,0.04,15,31185,买盘
1912,10:10:43,20.75,-0.04,18,37350,卖盘
1913,10:10:38,20.79,0.05,26,54054,买盘
1914,10:10:33,20.74,-0.01,105,217769,卖盘
1915,10:10:28,20.75,-0.02,39,80925,卖盘
1916,10:10:23,20.77,-0.02,33,68541,卖盘
1917,10:10:18,20.79,--,5,10395,买盘
1918,10:10:13,20.79,--,33,68607,卖盘
1919,10:10:08,20.79,--,55,114345,卖盘
1920,10:10:02,20.79,0.02,85,176715,买盘
1921,10:09:58,20.77,-0.02,5,10385,卖盘
1922,10:09:53,20.79,--,4,8316,买盘
1923,10:09:47,20.79,--,80,166320,买盘
1924,10:09:43,20.79,--,12,24948,买盘
1925,10:09:38,20.79,-0.08,230,478170,卖盘
1926,10:09:32,20.87,--,34,70958,卖盘
1927,10:09:28,20.87,-0.02,1,2087,卖盘
1928,10:09:23,20.89,0.02,124,259036,中性盘
1929,10:09:17,20.87,--,1,2087,买盘
1930,10:09:08,20.87,--,0,0,买盘
1931,10:09:02,20.87,0.05,11,22957,买盘
1932,10:08:58,20.82,-0.03,20,41640,卖盘
1933,10:08:53,20.85,-0.02,5,10425,卖盘
1934,10:08:47,20.87,0.07,3,6261,卖盘
1935,10:08:43,20.8,--,0,0,卖盘
1936,10:08:38,20.8,-0.05,300,624000,卖盘
1937,10:08:32,20.85,0.04,10,20850,买盘
1938,10:08:28,20.81,-0.04,120,249719,卖盘
1939,10:08:23,20.85,-0.04,67,139695,卖盘
1940,10:08:17,20.89,--,10,20890,买盘
1941,10:08:13,20.89,-0.01,73,152497,卖盘
1942,10:08:08,20.9,0.01,26,54339,买盘
1943,10:07:57,20.89,--,5,10445,买盘
1944,10:07:53,20.89,0.05,9,18801,卖盘
1945,10:07:42,20.84,-0.03,5,10420,卖盘
1946,10:07:32,20.87,--,19,39653,卖盘
1947,10:07:27,20.87,0.07,2,4174,中性盘
1948,10:07:23,20.8,-0.09,64,133120,卖盘
1949,10:07:17,20.89,0.02,164,342596,买盘
1950,10:07:12,20.87,--,6,12522,买盘
1951,10:07:08,20.87,0.07,113,235831,买盘
1952,10:07:02,20.8,-0.02,17,35360,卖盘
1953,10:06:57,20.82,-0.05,1,2082,卖盘
1954,10:06:53,20.87,--,25,52175,买盘
1955,10:06:47,20.87,--,1,2087,买盘
1956,10:06:42,20.87,--,6,12522,买盘
1957,10:06:38,20.87,-0.01,63,131481,卖盘
1958,10:06:32,20.88,-0.04,16,33408,卖盘
1959,10:06:27,20.92,0.02,180,376560,买盘
1960,10:06:23,20.9,-0.02,1154,2411860,卖盘
1961,10:06:17,20.92,--,12,25104,买盘
1962,10:06:12,20.92,--,7,14644,买盘
1963,10:06:08,20.92,-0.02,101,211292,卖盘
1964,10:06:02,20.94,0.02,357,747558,买盘
1965,10:05:53,20.92,-0.01,2,4184,卖盘
1966,10:05:47,20.93,0.01,1,2093,中性盘
1967,10:05:42,20.92,-0.03,13,27196,卖盘
1968,10:05:38,20.95,-0.01,32,67040,卖盘
1969,10:05:32,20.96,--,14,29344,买盘
1970,10:05:27,20.96,--,5,10480,买盘
1971,10:05:22,20.96,--,16,33536,买盘
1972,10:05:17,20.96,-0.01,6,12576,中性盘
1973,10:05:12,20.97,--,29,60813,买盘
1974,10:05:07,20.97,-0.01,30,62910,中性盘
1975,10:05:02,20.98,0.03,2,4196,买盘
1976,10:04:57,20.95,-0.03,319,668305,卖盘
1977,10:04:52,20.98,--,31,65038,买盘
1978,10:04:47,20.98,--,49,102802,买盘
1979,10:04:42,20.98,--,83,174134,买盘
1980,10:04:37,20.98,-0.02,87,182526,卖盘
1981,10:04:32,21.0,0.01,111,233100,卖盘
1982,10:04:27,20.99,-0.01,38,79762,卖盘
1983,10:04:22,21.0,--,47,98700,买盘
1984,10:04:17,21.0,-0.03,45,94500,卖盘
1985,10:04:12,21.03,--,0,0,买盘
1986,10:04:07,21.03,-0.02,4,8412,买盘
1987,10:04:02,21.05,0.06,68,143140,买盘
1988,10:03:57,20.99,-0.06,32,67168,中性盘
1989,10:03:52,21.05,0.06,200,421000,买盘
1990,10:03:47,20.99,0.02,47,98652,买盘
1991,10:03:42,20.97,-0.08,76,159372,卖盘
1992,10:03:37,21.05,0.05,222,467310,买盘
1993,10:03:32,21.0,-0.05,44,92400,卖盘
1994,10:03:27,21.05,--,10,21050,买盘
1995,10:03:22,21.05,--,82,172610,买盘
1996,10:03:17,21.05,-0.03,62,130510,卖盘
1997,10:03:12,21.08,0.01,100,210799,买盘
1998,10:03:07,21.07,-0.01,37,77959,卖盘
1999,10:03:02,21.08,--,226,476407,买盘
2000,10:02:57,21.08,--,40,84320,买盘
2001,10:02:52,21.08,-0.03,287,604996,卖盘
2002,10:02:47,21.11,--,396,835956,卖盘
2003,10:02:42,21.11,0.01,75,158325,买盘
2004,10:02:37,21.1,--,10,21100,卖盘
2005,10:02:32,21.1,0.02,445,940110,买盘
2006,10:02:27,21.08,--,24,50591,买盘
2007,10:02:22,21.08,0.02,524,1104592,买盘
2008,10:02:17,21.06,0.03,14,29484,中性盘
2009,10:02:12,21.03,-0.05,10,21030,卖盘
2010,10:02:07,21.08,0.08,1279,2696132,买盘
2011,10:02:02,21.0,--,147,308700,买盘
2012,10:01:57,21.0,-0.02,474,997416,卖盘
2013,10:01:52,21.02,0.01,5,10594,卖盘
2014,10:01:47,21.01,0.03,241,506341,买盘
2015,10:01:41,20.98,-0.02,57,119586,卖盘
2016,10:01:37,21.0,--,63,132300,买盘
2017,10:01:32,21.0,--,306,642600,买盘
2018,10:01:26,21.0,--,9,18900,买盘
2019,10:01:22,21.0,-0.02,98,205800,卖盘
2020,10:01:17,21.02,0.02,164,344728,买盘
2021,10:01:11,21.0,0.04,93,195300,买盘
2022,10:01:07,20.96,-0.04,28,58688,卖盘
2023,10:01:02,21.0,0.09,594,1247400,买盘
2024,10:00:56,20.91,-0.04,75,156825,卖盘
2025,10:00:52,20.95,0.04,58,121510,买盘
2026,10:00:47,20.91,-0.07,74,154734,卖盘
2027,10:00:41,20.98,0.04,403,845494,买盘
2028,10:00:37,20.94,--,122,255468,卖盘
2029,10:00:32,20.94,0.03,171,358074,中性盘
2030,10:00:26,20.91,0.01,53,110823,中性盘
2031,10:00:22,20.9,-0.04,28,58519,卖盘
2032,10:00:17,20.94,0.04,242,506748,买盘
2033,10:00:11,20.9,--,383,800470,买盘
2034,10:00:06,20.9,--,6,12540,买盘
2035,10:00:02,20.9,--,4,8360,买盘
2036,09:59:56,20.9,-0.05,45,94050,卖盘
2037,09:59:51,20.95,0.04,29,60755,买盘
2038,09:59:47,20.91,-0.04,66,138006,卖盘
2039,09:59:41,20.95,--,41,85895,买盘
2040,09:59:36,20.95,-0.01,11,23045,买盘
2041,09:59:32,20.96,0.01,53,111088,买盘
2042,09:59:26,20.95,-0.02,182,381290,卖盘
2043,09:59:21,20.97,0.01,123,257931,买盘
2044,09:59:17,20.96,0.01,46,96416,中性盘
2045,09:59:11,20.95,-0.02,574,1202530,中性盘
2046,09:59:06,20.97,0.04,113,236961,买盘
2047,09:59:01,20.93,-0.03,717,1500681,卖盘
2048,09:58:56,20.96,0.06,296,620416,买盘
2049,09:58:51,20.9,-0.03,285,595650,卖盘
2050,09:58:47,20.93,0.03,323,676039,买盘
2051,09:58:41,20.9,-0.02,212,443079,卖盘
2052,09:58:36,20.92,0.01,55,115060,买盘
2053,09:58:31,20.91,-0.01,1222,2555202,卖盘
2054,09:58:26,20.92,-0.03,3,6276,卖盘
2055,09:58:21,20.95,0.03,13,27235,买盘
2056,09:58:16,20.92,0.04,391,817972,买盘
2057,09:58:11,20.88,0.08,18,37584,中性盘
2058,09:58:06,20.8,--,0,0,卖盘
2059,09:58:01,20.8,-0.1,102,212160,中性盘
2060,09:57:56,20.9,0.11,863,1803669,买盘
2061,09:57:51,20.79,0.01,228,474012,买盘
2062,09:57:46,20.78,0.01,6,12468,买盘
2063,09:57:41,20.77,0.03,274,570655,买盘
2064,09:57:36,20.74,-0.01,71,147254,卖盘
2065,09:57:31,20.75,0.01,50,103770,买盘
2066,09:57:26,20.74,0.03,2,4148,买盘
2067,09:57:21,20.71,-0.03,40,82840,卖盘
2068,09:57:11,20.74,0.03,474,983075,买盘
2069,09:57:06,20.71,-0.02,5,12405,卖盘
2070,09:57:01,20.73,0.02,46,95378,买盘
2071,09:56:56,20.71,--,10,20710,卖盘
2072,09:56:51,20.71,-0.01,7,14497,卖盘
2073,09:56:46,20.72,0.01,21,43512,买盘
2074,09:56:41,20.71,0.01,63,130473,买盘
2075,09:56:36,20.7,--,14,28980,卖盘
2076,09:56:31,20.7,--,18,37260,卖盘
2077,09:56:26,20.7,--,29,60030,买盘
2078,09:56:16,20.7,-0.01,98,202860,卖盘
2079,09:56:11,20.71,--,160,331360,卖盘
2080,09:56:06,20.71,--,24,49704,卖盘
2081,09:56:01,20.71,-0.01,5,10355,卖盘
2082,09:55:56,20.72,--,0,0,中性盘
2083,09:55:51,20.72,0.01,12,24864,买盘
2084,09:55:46,20.71,0.01,86,178106,买盘
2085,09:55:41,20.7,--,27,55890,卖盘
2086,09:55:31,20.7,0.01,28,57960,买盘
2087,09:55:26,20.69,-0.01,82,169658,卖盘
2088,09:55:16,20.7,--,35,72450,买盘
2089,09:55:10,20.7,0.01,24,49680,买盘
2090,09:55:06,20.69,--,19,39311,卖盘
2091,09:55:01,20.69,0.02,2,4138,买盘
2092,09:54:56,20.67,-0.02,62,128154,卖盘
2093,09:54:51,20.69,--,23,47587,买盘
2094,09:54:46,20.69,--,4,8276,买盘
2095,09:54:41,20.69,0.02,161,333109,买盘
2096,09:54:36,20.67,0.01,9,18603,买盘
2097,09:54:31,20.66,-0.01,27,55782,卖盘
2098,09:54:26,20.67,0.01,5,10335,买盘
2099,09:54:20,20.66,--,12,24792,卖盘
2100,09:54:16,20.66,--,160,330560,卖盘
2101,09:54:11,20.66,0.01,250,516500,卖盘
2102,09:54:05,20.65,--,2,4130,卖盘
2103,09:54:01,20.65,0.03,16,33040,买盘
2104,09:53:56,20.62,-0.01,46,94852,卖盘
2105,09:53:50,20.63,-0.02,12,24756,卖盘
2106,09:53:46,20.65,-0.04,10,20650,卖盘
2107,09:53:40,20.69,-0.04,7,14483,卖盘
2108,09:53:35,20.73,0.04,103,213519,买盘
2109,09:53:31,20.69,0.04,21,43449,买盘
2110,09:53:26,20.65,-0.04,20,41300,卖盘
2111,09:53:20,20.69,-0.03,1,2069,中性盘
2112,09:53:16,20.72,0.01,35,72520,买盘
2113,09:53:11,20.71,--,11,22781,买盘
2114,09:53:05,20.71,-0.01,9,18639,卖盘
2115,09:53:00,20.72,--,18,37296,买盘
2116,09:52:56,20.72,-0.01,8,16576,卖盘
2117,09:52:50,20.73,--,161,333753,买盘
2118,09:52:45,20.73,0.01,7,14511,买盘
2119,09:52:41,20.72,-0.01,6,12432,卖盘
2120,09:52:35,20.73,-0.01,3,6219,买盘
2121,09:52:25,20.74,--,37,76738,买盘
2122,09:52:20,20.74,-0.01,40,82960,买盘
2123,09:52:15,20.75,--,0,0,买盘
2124,09:52:11,20.75,0.07,443,919225,买盘
2125,09:52:05,20.68,-0.07,8,16544,卖盘
2126,09:52:00,20.75,0.01,103,213725,买盘
2127,09:51:55,20.74,0.02,55,114069,买盘
2128,09:51:50,20.72,-0.02,34,70448,卖盘
2129,09:51:45,20.74,--,58,120291,买盘
2130,09:51:40,20.74,--,27,55997,买盘
2131,09:51:35,20.74,0.06,151,313174,买盘
2132,09:51:30,20.68,-0.06,32,66176,卖盘
2133,09:51:25,20.74,--,31,64293,买盘
2134,09:51:20,20.74,-0.01,79,164364,卖盘
2135,09:51:15,20.75,0.01,32,66400,买盘
2136,09:51:10,20.74,--,10,20740,卖盘
2137,09:51:05,20.74,0.03,266,553239,买盘
2138,09:51:00,20.71,--,27,55917,买盘
2139,09:50:55,20.71,-0.01,263,544673,卖盘
2140,09:50:50,20.72,--,71,147112,买盘
2141,09:50:45,20.72,--,14,29008,买盘
2142,09:50:40,20.72,-0.03,350,725200,卖盘
2143,09:50:35,20.75,--,138,286350,买盘
2144,09:50:30,20.75,--,200,415000,买盘
2145,09:50:25,20.75,--,14,29050,买盘
2146,09:50:20,20.75,0.02,135,280125,买盘
2147,09:50:15,20.73,--,1,2073,买盘
2148,09:50:10,20.73,0.02,53,109869,买盘
2149,09:50:05,20.71,--,2,4142,买盘
2150,09:49:55,20.71,0.05,355,735205,买盘
2151,09:49:50,20.66,--,187,386342,卖盘
2152,09:49:40,20.66,--,193,398738,买盘
2153,09:49:35,20.66,--,88,181808,买盘
2154,09:49:30,20.66,--,50,103300,买盘
2155,09:49:25,20.66,--,15,30990,买盘
2156,09:49:20,20.66,0.05,102,210732,买盘
2157,09:49:15,20.61,--,2,4122,卖盘
2158,09:49:10,20.61,-0.05,8,16488,中性盘
2159,09:49:05,20.66,0.09,506,1045396,买盘
2160,09:49:00,20.57,-0.03,26,53482,卖盘
2161,09:48:55,20.6,--,309,636540,买盘
2162,09:48:50,20.6,0.02,294,605640,买盘
2163,09:48:45,20.58,--,9,18522,买盘
2164,09:48:40,20.58,--,28,57623,中性盘
2165,09:48:35,20.58,-0.02,17,34986,卖盘
2166,09:48:25,20.6,0.02,85,175100,买盘
2167,09:48:20,20.58,--,29,59681,卖盘
2168,09:48:15,20.58,--,0,0,卖盘
2169,09:48:10,20.58,--,45,92609,卖盘
2170,09:48:05,20.58,--,15,30869,买盘
2171,09:48:00,20.58,0.02,17,34986,买盘
2172,09:47:55,20.56,-0.02,17,34952,卖盘
2173,09:47:50,20.58,0.01,3,6173,买盘
2174,09:47:45,20.57,--,22,45254,卖盘
2175,09:47:40,20.57,-0.02,15,30855,卖盘
2176,09:47:34,20.59,-0.01,4,8236,中性盘
2177,09:47:25,20.6,0.03,39,80340,买盘
2178,09:47:19,20.57,-0.04,12,24684,卖盘
2179,09:47:15,20.61,-0.03,27,55647,卖盘
2180,09:47:10,20.64,0.08,131,270425,买盘
2181,09:47:05,20.56,--,16,32896,买盘
2182,09:46:59,20.56,-0.04,35,73974,卖盘
2183,09:46:55,20.6,--,1,2060,卖盘
2184,09:46:50,20.6,0.03,98,201880,买盘
2185,09:46:44,20.57,--,0,0,卖盘
2186,09:46:39,20.57,-0.03,14,28798,卖盘
2187,09:46:34,20.6,--,5,10300,买盘
2188,09:46:29,20.6,--,47,96820,买盘
2189,09:46:25,20.6,-0.05,78,160680,卖盘
2190,09:46:20,20.65,-0.01,33,68145,卖盘
2191,09:46:10,20.66,--,28,57848,卖盘
2192,09:46:05,20.66,--,62,128092,卖盘
2193,09:45:59,20.66,--,14,28924,买盘
2194,09:45:55,20.66,--,142,293372,买盘
2195,09:45:44,20.66,-0.03,90,185940,卖盘
2196,09:45:40,20.69,0.01,34,70346,买盘
2197,09:45:35,20.68,--,18,37224,卖盘
2198,09:45:29,20.68,0.01,83,171644,买盘
2199,09:45:24,20.67,--,15,31005,卖盘
2200,09:45:19,20.67,-0.01,8,16536,中性盘
2201,09:45:14,20.68,0.01,88,181984,买盘
2202,09:45:09,20.67,--,47,97149,买盘
2203,09:45:04,20.67,--,246,508482,卖盘
2204,09:44:59,20.67,0.01,189,390663,买盘
2205,09:44:54,20.66,-0.01,4,8264,卖盘
2206,09:44:49,20.67,0.02,116,239772,买盘
2207,09:44:44,20.65,--,3,6195,卖盘
2208,09:44:39,20.65,-0.01,48,99120,卖盘
2209,09:44:34,20.66,--,15,30990,买盘
2210,09:44:29,20.66,0.01,118,243788,中性盘
2211,09:44:24,20.65,-0.02,45,92925,卖盘
2212,09:44:19,20.67,--,5,10335,买盘
2213,09:44:14,20.67,--,197,407199,卖盘
2214,09:44:09,20.67,--,0,0,卖盘
2215,09:44:04,20.67,--,6,12402,卖盘
2216,09:43:59,20.67,--,85,175695,卖盘
2217,09:43:54,20.67,--,186,384462,卖盘
2218,09:43:49,20.67,-0.01,12,24804,买盘
2219,09:43:44,20.68,0.01,163,337084,中性盘
2220,09:43:39,20.67,0.01,8,16536,中性盘
2221,09:43:34,20.66,-0.04,66,136356,卖盘
2222,09:43:29,20.7,--,2,4140,买盘
2223,09:43:24,20.7,--,31,64170,买盘
2224,09:43:19,20.7,-0.03,35,72450,买盘
2225,09:43:14,20.73,-0.01,6,12438,卖盘
2226,09:43:09,20.74,0.01,15,31109,买盘
2227,09:43:04,20.73,--,27,55971,买盘
2228,09:42:59,20.73,-0.02,90,186570,卖盘
2229,09:42:54,20.75,--,22,45650,买盘
2230,09:42:49,20.75,--,97,201275,买盘
2231,09:42:44,20.75,--,98,203350,卖盘
2232,09:42:39,20.75,--,50,103750,卖盘
2233,09:42:34,20.75,--,111,230325,卖盘
2234,09:42:29,20.75,0.01,213,441975,买盘
2235,09:42:24,20.74,0.01,86,178364,买盘
2236,09:42:19,20.73,-0.01,104,215592,卖盘
2237,09:42:14,20.74,0.01,13,26961,买盘
2238,09:42:04,20.73,0.06,217,449841,买盘
2239,09:41:59,20.67,--,23,47541,买盘
2240,09:41:54,20.67,-0.04,12,24804,中性盘
2241,09:41:49,20.71,0.06,189,391419,买盘
2242,09:41:43,20.65,-0.02,31,64014,卖盘
2243,09:41:39,20.67,0.02,8,16536,中性盘
2244,09:41:34,20.65,--,152,313880,卖盘
2245,09:41:29,20.65,0.09,285,588566,买盘
2246,09:41:24,20.56,--,112,230272,卖盘
2247,09:41:19,20.56,-0.04,116,238495,卖盘
2248,09:41:13,20.6,0.07,10,20600,买盘
2249,09:41:09,20.53,-0.07,41,84173,卖盘
2250,09:41:04,20.6,0.05,31,63860,买盘
2251,09:40:58,20.55,0.04,11,22605,中性盘
2252,09:40:54,20.51,-0.09,143,293293,卖盘
2253,09:40:49,20.6,--,103,212180,买盘
2254,09:40:44,20.6,0.03,90,185400,买盘
2255,09:40:39,20.57,-0.02,10,20570,中性盘
2256,09:40:33,20.59,-0.01,190,391210,中性盘
2257,09:40:29,20.6,0.02,101,209090,买盘
2258,09:40:24,20.58,0.07,33,67914,买盘
2259,09:40:18,20.51,0.01,78,159978,中性盘
2260,09:40:14,20.5,0.06,41,84050,买盘
2261,09:40:09,20.44,--,26,53144,卖盘
2262,09:40:03,20.44,0.01,157,320908,中性盘
2263,09:39:59,20.43,--,72,147096,卖盘
2264,09:39:54,20.43,-0.02,52,106236,卖盘
2265,09:39:48,20.45,0.05,92,188140,买盘
2266,09:39:44,20.4,--,204,416160,卖盘
2267,09:39:38,20.4,--,11,22440,卖盘
2268,09:39:33,20.4,-0.01,278,567120,卖盘
2269,09:39:29,20.41,0.03,8,16328,买盘
2270,09:39:23,20.38,-0.02,64,130432,卖盘
2271,09:39:18,20.4,--,15,30599,买盘
2272,09:39:13,20.4,-0.04,77,157080,卖盘
2273,09:39:08,20.44,--,27,55188,卖盘
2274,09:39:03,20.44,0.01,55,112420,买盘
2275,09:38:58,20.43,0.03,20,40860,中性盘
2276,09:38:48,20.4,-0.03,89,181560,卖盘
2277,09:38:44,20.43,0.03,26,53118,买盘
2278,09:38:38,20.4,--,20,40800,卖盘
2279,09:38:33,20.4,-0.05,333,679320,卖盘
2280,09:38:28,20.45,0.05,19,38855,卖盘
2281,09:38:23,20.4,-0.05,14,28559,卖盘
2282,09:38:18,20.45,0.02,26,53170,买盘
2283,09:38:13,20.43,0.03,90,183870,买盘
2284,09:38:08,20.4,-0.02,137,279480,卖盘
2285,09:38:03,20.42,0.02,63,128646,买盘
2286,09:37:58,20.4,0.04,126,257039,买盘
2287,09:37:53,20.36,-0.01,110,223960,卖盘
2288,09:37:48,20.37,-0.03,7,14259,卖盘
2289,09:37:43,20.4,0.04,906,1848239,卖盘
2290,09:37:38,20.36,-0.02,273,557314,中性盘
2291,09:37:33,20.38,0.01,15,30570,买盘
2292,09:37:28,20.37,0.02,30,61110,买盘
2293,09:37:23,20.35,-0.05,137,278795,卖盘
2294,09:37:18,20.4,0.03,109,222359,买盘
2295,09:37:13,20.37,--,189,384993,卖盘
2296,09:37:08,20.37,-0.02,138,281106,中性盘
2297,09:37:03,20.39,0.03,253,515867,买盘
2298,09:36:58,20.36,--,6,12216,中性盘
2299,09:36:53,20.36,-0.03,39,79404,卖盘
2300,09:36:48,20.39,0.02,9,18351,卖盘
2301,09:36:43,20.37,-0.03,25,50925,卖盘
2302,09:36:38,20.4,-0.03,41,83640,卖盘
2303,09:36:33,20.43,--,6,12258,买盘
2304,09:36:28,20.43,-0.1,839,1714077,卖盘
2305,09:36:23,20.53,--,22,45166,卖盘
2306,09:36:18,20.53,-0.04,4,8212,卖盘
2307,09:36:13,20.57,0.04,38,78166,买盘
2308,09:36:08,20.53,-0.04,75,153975,卖盘
2309,09:36:03,20.57,-0.01,113,232441,卖盘
2310,09:35:58,20.58,0.01,52,107015,中性盘
2311,09:35:53,20.57,-0.01,10,20570,卖盘
2312,09:35:48,20.58,-0.02,23,47333,中性盘
2313,09:35:43,20.6,--,46,94760,买盘
2314,09:35:38,20.6,--,46,94760,买盘
2315,09:35:33,20.6,-0.05,70,144200,卖盘
2316,09:35:28,20.65,0.01,135,278775,买盘
2317,09:35:23,20.64,-0.01,63,130032,买盘
2318,09:35:18,20.65,--,103,212694,买盘
2319,09:35:13,20.65,0.03,220,454299,买盘
2320,09:35:07,20.62,0.01,57,117534,买盘
2321,09:35:03,20.61,-0.04,63,129843,卖盘
2322,09:34:58,20.65,0.04,111,229214,买盘
2323,09:34:53,20.61,0.01,52,107172,卖盘
2324,09:34:48,20.6,-0.04,51,105060,卖盘
2325,09:34:43,20.64,-0.01,52,107328,中性盘
2326,09:34:38,20.65,--,8,16520,买盘
2327,09:34:33,20.65,0.01,106,218889,买盘
2328,09:34:28,20.64,--,20,41280,买盘
2329,09:34:22,20.64,0.07,67,138288,买盘
2330,09:34:18,20.57,0.01,6,12342,卖盘
2331,09:34:13,20.56,-0.08,99,203544,卖盘
2332,09:34:07,20.64,0.07,119,245616,买盘
2333,09:34:03,20.57,--,10,20570,买盘
2334,09:33:58,20.57,--,73,150161,买盘
2335,09:33:52,20.57,-0.04,340,699380,卖盘
2336,09:33:47,20.61,0.01,43,88623,买盘
2337,09:33:42,20.6,--,10,20600,买盘
2338,09:33:38,20.6,--,17,35020,买盘
2339,09:33:33,20.6,--,25,51500,买盘
2340,09:33:28,20.6,0.02,72,148320,买盘
2341,09:33:22,20.58,--,75,154350,买盘
2342,09:33:17,20.58,0.01,1,2058,买盘
2343,09:33:13,20.57,-0.01,29,59653,中性盘
2344,09:33:07,20.58,0.01,38,78204,中性盘
2345,09:33:03,20.57,-0.03,53,109021,卖盘
2346,09:32:57,20.6,--,98,201880,卖盘
2347,09:32:52,20.6,--,94,193640,卖盘
2348,09:32:48,20.6,--,43,88580,买盘
2349,09:32:42,20.6,0.03,10,20600,中性盘
2350,09:32:37,20.57,-0.03,69,141933,卖盘
2351,09:32:33,20.6,-0.06,20,41200,卖盘
2352,09:32:27,20.66,0.09,71,146686,买盘
2353,09:32:22,20.57,-0.01,428,880396,卖盘
2354,09:32:18,20.58,-0.02,45,92609,卖盘
2355,09:32:12,20.6,--,120,247200,买盘
2356,09:32:07,20.6,-0.08,2367,4878038,卖盘
2357,09:32:02,20.68,-0.07,90,186161,卖盘
2358,09:31:57,20.75,0.07,113,234475,买盘
2359,09:31:52,20.68,-0.02,61,126148,卖盘
2360,09:31:47,20.7,--,24,49680,买盘
2361,09:31:42,20.7,0.01,157,324990,买盘
2362,09:31:37,20.69,--,12,24828,卖盘
2363,09:31:32,20.69,-0.01,156,322764,卖盘
2364,09:31:27,20.7,0.02,471,974970,买盘
2365,09:31:22,20.68,--,34,70312,买盘
2366,09:31:17,20.68,--,55,113740,买盘
2367,09:31:12,20.68,0.02,91,188188,买盘
2368,09:31:07,20.66,0.04,238,491708,买盘
2369,09:31:02,20.62,0.02,4,8248,中性盘
2370,09:30:57,20.6,-0.08,197,405820,卖盘
2371,09:30:52,20.68,0.06,5,10340,买盘
2372,09:30:47,20.62,--,193,397966,卖盘
2373,09:30:42,20.62,--,76,156712,卖盘
2374,09:30:37,20.62,-0.08,144,296928,卖盘
2375,09:30:32,20.7,-0.02,11,22770,卖盘
2376,09:30:27,20.72,-0.01,22,45584,买盘
2377,09:30:22,20.73,-0.04,204,422892,卖盘
2378,09:30:17,20.77,0.02,60,124620,中性盘
2379,09:30:11,20.75,-0.03,86,178450,卖盘
2380,09:30:07,20.78,0.06,2546,5290588,买盘
2381,09:30:02,20.72,--,1,2072,卖盘
2382,09:28:45,20.72,--,0,0,卖盘
2383,09:25:04,20.72,20.72,793,1643096,买盘
