,time,price,change,volume,amount,type
0,15:00:00,3.07,--,0,0,买盘
1,15:00:00,3.07,--,0,0,买盘
2,15:00:00,3.07,--,114,34998,买盘
3,14:59:57,3.07,--,338,103766,买盘
4,14:59:52,3.07,--,49,15043,买盘
5,14:59:46,3.07,--,42,12894,买盘
6,14:59:42,3.07,--,334,102538,买盘
7,14:59:37,3.07,--,145,44515,买盘
8,14:59:31,3.07,--,392,120344,买盘
9,14:59:28,3.07,0.01,190,58330,买盘
10,14:59:22,3.06,-0.01,137,41922,卖盘
11,14:59:16,3.07,--,18,5526,买盘
12,14:59:12,3.07,--,130,39910,买盘
13,14:59:07,3.07,-0.01,1471,451597,卖盘
14,14:58:57,3.08,0.01,240,73920,买盘
15,14:58:52,3.07,-0.01,330,101310,卖盘
16,14:58:46,3.08,0.01,73,22484,买盘
17,14:58:42,3.07,--,2151,660357,卖盘
18,14:58:37,3.07,-0.01,201,61707,卖盘
19,14:58:31,3.08,--,1034,318472,买盘
20,14:58:27,3.08,--,286,88088,买盘
21,14:58:22,3.08,--,72,22176,买盘
22,14:58:16,3.08,0.01,132,40656,买盘
23,14:58:12,3.07,--,1096,336472,卖盘
24,14:58:07,3.07,-0.01,1408,432256,卖盘
25,14:58:01,3.08,--,5,1540,买盘
26,14:57:57,3.08,0.01,21,6468,买盘
27,14:57:52,3.07,--,130,39910,卖盘
28,14:57:46,3.07,-0.01,31,9517,卖盘
29,14:57:42,3.08,--,666,205128,买盘
30,14:57:37,3.08,0.01,274,84392,买盘
31,14:57:31,3.07,-0.01,429,131703,卖盘
32,14:57:27,3.08,--,273,84084,买盘
33,14:57:22,3.08,0.01,26,8008,买盘
34,14:57:16,3.07,-0.01,237,72759,卖盘
35,14:57:12,3.08,0.01,343,105644,买盘
36,14:57:07,3.07,--,185,56795,卖盘
37,14:57:01,3.07,--,504,154728,卖盘
38,14:56:57,3.07,-0.01,250,76750,卖盘
39,14:56:52,3.08,0.01,11,3388,买盘
40,14:56:46,3.07,-0.01,4,1228,卖盘
41,14:56:42,3.08,--,797,245476,买盘
42,14:56:37,3.08,--,1397,430276,买盘
43,14:56:31,3.08,--,131,40348,买盘
44,14:56:27,3.08,--,34,10472,买盘
45,14:56:22,3.08,--,376,115808,买盘
46,14:56:16,3.08,--,312,96096,买盘
47,14:56:12,3.08,--,89,27412,买盘
48,14:56:07,3.08,--,193,59444,买盘
49,14:55:57,3.08,--,1,308,买盘
50,14:55:52,3.08,--,145,44660,买盘
51,14:55:46,3.08,0.01,185,56980,买盘
52,14:55:42,3.07,-0.01,330,101310,卖盘
53,14:55:37,3.08,--,1146,352968,买盘
54,14:55:31,3.08,--,68,20944,买盘
55,14:55:22,3.08,0.01,283,87164,买盘
56,14:55:16,3.07,--,189,58023,卖盘
57,14:55:07,3.07,-0.01,370,113590,卖盘
58,14:55:01,3.08,0.01,31,9548,买盘
59,14:54:57,3.07,-0.01,445,136615,卖盘
60,14:54:52,3.08,--,81,24948,买盘
61,14:54:46,3.08,--,12,3696,买盘
62,14:54:42,3.08,0.01,131,40348,买盘
63,14:54:37,3.07,-0.01,144,44208,卖盘
64,14:54:31,3.08,0.01,138,42504,买盘
65,14:54:26,3.07,-0.01,392,120344,卖盘
66,14:54:22,3.08,0.01,1,308,买盘
67,14:54:16,3.07,--,3,921,卖盘
68,14:54:06,3.07,--,1234,378838,卖盘
69,14:54:01,3.07,-0.01,214,65698,卖盘
70,14:53:55,3.08,0.01,65,20020,买盘
71,14:53:51,3.07,--,23,7061,卖盘
72,14:53:46,3.07,-0.01,120,36840,卖盘
73,14:53:40,3.08,0.01,29,8932,买盘
74,14:53:36,3.07,--,229,70303,卖盘
75,14:53:31,3.07,-0.01,20,6140,卖盘
76,14:53:25,3.08,0.01,164,50512,买盘
77,14:53:21,3.07,--,2304,707328,卖盘
78,14:53:16,3.07,-0.01,202,62014,卖盘
79,14:53:10,3.08,--,130,40040,买盘
80,14:53:06,3.08,0.01,157,48356,买盘
81,14:53:01,3.07,--,432,132624,卖盘
82,14:52:51,3.07,--,216,66312,卖盘
83,14:52:46,3.07,--,7064,2168651,买盘
84,14:52:40,3.07,--,213,65391,买盘
85,14:52:36,3.07,--,230,70610,买盘
86,14:52:31,3.07,--,232,71224,买盘
87,14:52:25,3.07,--,238,73066,买盘
88,14:52:21,3.07,0.01,1058,324806,买盘
89,14:52:16,3.06,--,919,281214,卖盘
90,14:52:10,3.06,-0.01,1059,324054,卖盘
91,14:52:06,3.07,--,341,104687,买盘
92,14:52:01,3.07,--,260,79820,买盘
93,14:51:55,3.07,--,1746,536022,买盘
94,14:51:51,3.07,--,1900,583300,买盘
95,14:51:46,3.07,--,94,28858,买盘
96,14:51:40,3.07,0.01,512,157184,买盘
97,14:51:36,3.06,-0.01,778,238068,卖盘
98,14:51:31,3.07,0.01,146,44822,买盘
99,14:51:25,3.06,-0.01,1,306,卖盘
100,14:51:21,3.07,--,456,139992,买盘
101,14:51:16,3.07,--,333,102231,买盘
102,14:51:10,3.07,0.01,413,126791,买盘
103,14:51:06,3.06,-0.01,434,132804,卖盘
104,14:51:01,3.07,0.01,461,141527,买盘
105,14:50:55,3.06,--,2,612,卖盘
106,14:50:51,3.06,-0.01,1037,317322,卖盘
107,14:50:46,3.07,0.01,267,81969,买盘
108,14:50:40,3.06,--,146,44676,卖盘
109,14:50:36,3.06,--,213,65178,卖盘
110,14:50:31,3.06,--,129,39474,卖盘
111,14:50:25,3.06,-0.01,340,104040,卖盘
112,14:50:21,3.07,--,884,271388,买盘
113,14:50:16,3.07,--,560,171920,买盘
114,14:50:10,3.07,--,407,124949,买盘
115,14:50:06,3.07,0.01,445,136615,买盘
116,14:50:01,3.06,--,256,78336,卖盘
117,14:49:55,3.06,-0.01,262,80172,卖盘
118,14:49:51,3.07,--,54,16578,买盘
119,14:49:46,3.07,0.01,890,273230,买盘
120,14:49:36,3.06,-0.01,7,2142,卖盘
121,14:49:31,3.07,--,274,84118,买盘
122,14:49:25,3.07,0.01,85,26095,买盘
123,14:49:21,3.06,-0.01,87,26622,卖盘
124,14:49:16,3.07,--,1913,587291,买盘
125,14:49:10,3.07,0.01,199,61093,买盘
126,14:49:06,3.06,-0.01,411,125766,卖盘
127,14:49:01,3.07,--,495,151965,买盘
128,14:48:55,3.07,--,11,3377,买盘
129,14:48:51,3.07,0.01,719,220733,买盘
130,14:48:46,3.06,--,3352,1025712,卖盘
131,14:48:40,3.06,--,8,2448,卖盘
132,14:48:36,3.06,--,303,92718,卖盘
133,14:48:31,3.06,-0.01,488,149328,卖盘
134,14:48:25,3.07,0.01,134,41138,买盘
135,14:48:21,3.06,--,397,121482,卖盘
136,14:48:16,3.06,-0.01,2476,757656,卖盘
137,14:48:10,3.07,0.01,100,30700,买盘
138,14:48:06,3.06,-0.01,423,129438,卖盘
139,14:48:01,3.07,0.01,214,65698,买盘
140,14:47:55,3.06,--,648,198288,卖盘
141,14:47:51,3.06,--,221,67626,卖盘
142,14:47:46,3.06,-0.01,307,93942,卖盘
143,14:47:40,3.07,0.01,144,44208,买盘
144,14:47:36,3.06,-0.01,15,4590,卖盘
145,14:47:31,3.07,0.01,187,57409,买盘
146,14:47:25,3.06,-0.01,721,220626,卖盘
147,14:47:15,3.07,--,12,3684,买盘
148,14:47:10,3.07,--,25,7675,买盘
149,14:47:05,3.07,--,25,7675,买盘
150,14:47:00,3.07,--,24,7368,买盘
151,14:46:55,3.07,0.01,36,11052,买盘
152,14:46:50,3.06,-0.01,170,52020,卖盘
153,14:46:45,3.07,--,103,31621,买盘
154,14:46:40,3.07,0.01,1487,456509,买盘
155,14:46:34,3.06,-0.01,1565,478890,卖盘
156,14:46:25,3.07,--,269,82583,买盘
157,14:46:19,3.07,--,1,307,买盘
158,14:46:15,3.07,0.01,1863,571941,买盘
159,14:46:10,3.06,-0.01,154,47124,卖盘
160,14:46:04,3.07,--,1053,323271,买盘
161,14:46:00,3.07,--,42,12894,买盘
162,14:45:55,3.07,0.01,68,20876,买盘
163,14:45:49,3.06,--,112,34492,卖盘
164,14:45:45,3.06,--,448,137088,卖盘
165,14:45:40,3.06,-0.01,510,156060,卖盘
166,14:45:34,3.07,0.01,335,102845,买盘
167,14:45:30,3.06,--,983,300798,卖盘
168,14:45:25,3.06,--,10760,3292560,卖盘
169,14:45:19,3.06,-0.01,102,31212,卖盘
170,14:45:15,3.07,--,164,50348,买盘
171,14:45:10,3.07,0.01,96,29472,买盘
172,14:45:04,3.06,-0.01,151,46453,卖盘
173,14:45:00,3.07,0.01,36,11052,买盘
174,14:44:55,3.06,-0.01,50,15300,卖盘
175,14:44:45,3.07,--,657,201699,买盘
176,14:44:40,3.07,0.01,13,3991,买盘
177,14:44:34,3.06,-0.01,9453,2892737,卖盘
178,14:44:30,3.07,0.01,31,9517,买盘
179,14:44:25,3.06,-0.01,51,15606,卖盘
180,14:44:19,3.07,0.01,16,4912,买盘
181,14:44:15,3.06,-0.01,47,14382,卖盘
182,14:44:10,3.07,--,205,62935,买盘
183,14:44:04,3.07,--,41,12587,买盘
184,14:44:00,3.07,-0.01,3179,976256,卖盘
185,14:43:55,3.08,0.01,18,5544,买盘
186,14:43:49,3.07,--,50,15350,卖盘
187,14:43:45,3.07,--,27,8289,卖盘
188,14:43:40,3.07,--,617,189419,卖盘
189,14:43:30,3.07,-0.01,127,38989,卖盘
190,14:43:25,3.08,0.01,8190,2522523,买盘
191,14:43:19,3.07,--,222,68154,买盘
192,14:43:15,3.07,--,474,145518,买盘
193,14:43:10,3.07,--,503,154421,买盘
194,14:43:04,3.07,--,189,58023,买盘
195,14:43:00,3.07,--,15,4605,买盘
196,14:42:55,3.07,--,247,76028,买盘
197,14:42:45,3.07,--,22,6754,买盘
198,14:42:40,3.07,--,180,55260,买盘
199,14:42:34,3.07,--,130,39910,买盘
200,14:42:30,3.07,--,171,52497,买盘
201,14:42:25,3.07,--,30,9210,买盘
202,14:42:19,3.07,0.01,15,4605,买盘
203,14:42:15,3.06,-0.01,651,199206,卖盘
204,14:42:10,3.07,--,365,112055,买盘
205,14:42:04,3.07,--,53,16271,买盘
206,14:42:00,3.07,--,138,42366,买盘
207,14:41:55,3.07,0.01,76,23332,买盘
208,14:41:49,3.06,-0.01,10,3060,卖盘
209,14:41:45,3.07,--,1141,350287,买盘
210,14:41:40,3.07,0.01,1564,480148,买盘
211,14:41:34,3.06,-0.01,237,72522,卖盘
212,14:41:25,3.07,--,88,27016,买盘
213,14:41:19,3.07,--,178,54646,买盘
214,14:41:14,3.07,0.01,138,42366,买盘
215,14:41:10,3.06,-0.01,73,22338,卖盘
216,14:41:04,3.07,--,108,33156,买盘
217,14:40:59,3.07,--,1,307,买盘
218,14:40:54,3.07,--,958,294106,买盘
219,14:40:49,3.07,--,8368,2569074,卖盘
220,14:40:44,3.07,-0.01,1467,450369,卖盘
221,14:40:40,3.08,0.01,2639,812812,买盘
222,14:40:34,3.07,--,1205,369935,卖盘
223,14:40:29,3.07,--,725,222575,卖盘
224,14:40:24,3.07,-0.01,203,62321,卖盘
225,14:40:19,3.08,--,66,20328,买盘
226,14:40:14,3.08,--,268,82544,买盘
227,14:40:09,3.08,0.01,174,53592,买盘
228,14:40:04,3.07,--,156,47892,卖盘
229,14:40:00,3.07,--,401,123107,卖盘
230,14:39:54,3.07,--,691,212137,卖盘
231,14:39:49,3.07,--,570,174990,卖盘
232,14:39:43,3.07,-0.01,132,40524,卖盘
233,14:39:39,3.08,--,6,1848,买盘
234,14:39:34,3.08,0.01,96,29568,买盘
235,14:39:27,3.07,-0.01,10,3070,卖盘
236,14:39:24,3.08,0.01,118,36344,买盘
237,14:39:18,3.07,--,258,79206,卖盘
238,14:39:13,3.07,--,222,68154,卖盘
239,14:39:09,3.07,--,342,104994,卖盘
240,14:39:04,3.07,-0.01,518,159026,卖盘
241,14:38:58,3.08,0.01,553,170324,买盘
242,14:38:54,3.07,-0.01,932,286124,卖盘
243,14:38:49,3.08,--,462,142296,买盘
244,14:38:43,3.08,0.01,464,142912,买盘
245,14:38:39,3.07,-0.01,739,226873,卖盘
246,14:38:34,3.08,0.01,95,29260,买盘
247,14:38:28,3.07,-0.01,690,211830,卖盘
248,14:38:24,3.08,--,399,122892,买盘
249,14:38:19,3.08,0.01,563,173404,买盘
250,14:38:13,3.07,--,1348,413836,卖盘
251,14:38:09,3.07,--,1393,427651,卖盘
252,14:38:04,3.07,--,870,267090,卖盘
253,14:37:58,3.07,--,1043,320201,卖盘
254,14:37:54,3.07,--,1038,318666,卖盘
255,14:37:49,3.07,-0.01,420,128940,卖盘
256,14:37:43,3.08,--,230,70840,买盘
257,14:37:39,3.08,0.01,289,89012,买盘
258,14:37:34,3.07,--,373,114511,卖盘
259,14:37:28,3.07,--,1042,319894,卖盘
260,14:37:24,3.07,-0.01,1758,539706,卖盘
261,14:37:19,3.08,0.01,555,170940,买盘
262,14:37:13,3.07,-0.01,2764,848548,卖盘
263,14:37:09,3.08,0.01,905,278761,买盘
264,14:37:04,3.07,--,4199,1289093,卖盘
265,14:36:58,3.07,--,601,184507,卖盘
266,14:36:54,3.07,-0.01,5078,1558946,卖盘
267,14:36:49,3.08,0.01,36,11088,买盘
268,14:36:43,3.07,--,5,1535,卖盘
269,14:36:39,3.07,--,116,35612,卖盘
270,14:36:34,3.07,--,34,10438,卖盘
271,14:36:28,3.07,-0.01,512,157184,卖盘
272,14:36:24,3.08,0.01,57,17556,买盘
273,14:36:19,3.07,--,627,192489,卖盘
274,14:36:13,3.07,-0.01,20,6140,卖盘
275,14:36:09,3.08,--,46,14168,买盘
276,14:36:04,3.08,--,1116,343728,买盘
277,14:35:58,3.08,0.01,11,3388,买盘
278,14:35:54,3.07,-0.01,365,112055,卖盘
279,14:35:49,3.08,0.01,28,8624,买盘
280,14:35:43,3.07,-0.01,349,107143,卖盘
281,14:35:39,3.08,--,115,35420,买盘
282,14:35:34,3.08,--,25,7700,买盘
283,14:35:28,3.08,0.01,12,3696,买盘
284,14:35:23,3.07,-0.01,105,32235,卖盘
285,14:35:19,3.08,--,68,20944,买盘
286,14:35:13,3.08,0.01,2,616,买盘
287,14:35:08,3.07,-0.01,35,10745,卖盘
288,14:35:04,3.08,--,27,8316,买盘
289,14:34:53,3.08,--,14,4312,买盘
290,14:34:49,3.08,--,82,25256,买盘
291,14:34:43,3.08,--,44,13552,买盘
292,14:34:38,3.08,--,10,3080,买盘
293,14:34:34,3.08,--,25,7700,买盘
294,14:34:27,3.08,--,22,6776,买盘
295,14:34:23,3.08,--,2,616,买盘
296,14:34:18,3.08,0.01,182,56056,买盘
297,14:34:08,3.07,-0.01,30,9210,卖盘
298,14:34:03,3.08,--,23,7084,买盘
299,14:33:58,3.08,0.01,25,7700,买盘
300,14:33:53,3.07,-0.01,100,30700,卖盘
301,14:33:48,3.08,--,6,1848,买盘
302,14:33:43,3.08,--,25,7700,买盘
303,14:33:38,3.08,--,1,308,买盘
304,14:33:33,3.08,--,9,2772,买盘
305,14:33:27,3.08,--,35,10780,买盘
306,14:33:23,3.08,--,6,1848,买盘
307,14:33:18,3.08,--,16,4928,买盘
308,14:33:12,3.08,--,77,23716,买盘
309,14:33:08,3.08,--,1,308,买盘
310,14:33:03,3.08,--,13,4004,买盘
311,14:32:58,3.08,--,97,29876,买盘
312,14:32:53,3.08,--,140,43120,买盘
313,14:32:48,3.08,0.01,107,32956,买盘
314,14:32:43,3.07,-0.01,62,19034,卖盘
315,14:32:37,3.08,--,241,74228,买盘
316,14:32:33,3.08,--,42,12936,买盘
317,14:32:28,3.08,0.01,36,11088,买盘
318,14:32:23,3.07,-0.01,103,31621,卖盘
319,14:32:18,3.08,--,40,12320,买盘
320,14:32:13,3.08,0.01,62,19096,买盘
321,14:32:06,3.07,-0.01,39,11973,卖盘
322,14:32:03,3.08,--,15,4620,买盘
323,14:31:57,3.08,--,56,17248,买盘
324,14:31:52,3.08,--,25,7700,买盘
325,14:31:43,3.08,--,10,3080,买盘
326,14:31:37,3.08,--,25,7700,买盘
327,14:31:33,3.08,--,15,4620,买盘
328,14:31:28,3.08,--,16,4928,买盘
329,14:31:22,3.08,--,525,161700,买盘
330,14:31:18,3.08,0.01,358,110264,买盘
331,14:31:13,3.07,-0.01,167,51269,卖盘
332,14:31:07,3.08,--,25,7700,买盘
333,14:31:03,3.08,--,1435,441980,买盘
334,14:30:57,3.08,0.01,463,142604,买盘
335,14:30:52,3.07,-0.01,5,1535,卖盘
336,14:30:48,3.08,0.01,35,10780,买盘
337,14:30:42,3.07,-0.01,371,113897,卖盘
338,14:30:36,3.08,0.01,14,4312,买盘
339,14:30:33,3.07,--,90,27630,卖盘
340,14:30:27,3.07,--,3,921,卖盘
341,14:30:18,3.07,--,203,62321,卖盘
342,14:30:06,3.07,--,34,10438,卖盘
343,14:30:03,3.07,--,181,55567,卖盘
344,14:29:57,3.07,--,20,6140,卖盘
345,14:29:52,3.07,--,46,14122,卖盘
346,14:29:48,3.07,-0.01,26,7982,卖盘
347,14:29:42,3.08,--,1,308,买盘
348,14:29:33,3.08,0.01,317,97636,买盘
349,14:29:27,3.07,--,21,6447,卖盘
350,14:29:18,3.07,-0.01,598,183586,卖盘
351,14:29:12,3.08,--,89,27412,买盘
352,14:29:07,3.08,0.01,325,100100,买盘
353,14:29:03,3.07,-0.01,594,182358,卖盘
354,14:28:58,3.08,0.01,39,12012,买盘
355,14:28:52,3.07,-0.01,169,51883,卖盘
356,14:28:42,3.08,--,77,23716,买盘
357,14:28:32,3.08,--,301,92708,买盘
358,14:28:27,3.08,--,61,18788,买盘
359,14:28:21,3.08,--,20,6160,买盘
360,14:28:12,3.08,0.01,241,74228,买盘
361,14:28:07,3.07,--,72,22104,卖盘
362,14:28:02,3.07,-0.01,8,2456,卖盘
363,14:27:57,3.08,0.01,26,8008,买盘
364,14:27:51,3.07,--,4,1228,卖盘
365,14:27:47,3.07,--,40,12280,卖盘
366,14:27:42,3.07,-0.01,1031,316517,卖盘
367,14:27:27,3.08,0.01,25,7700,买盘
368,14:27:22,3.07,-0.01,41,12587,卖盘
369,14:27:17,3.08,--,28,8624,买盘
370,14:27:12,3.08,--,104,32032,买盘
371,14:27:06,3.08,0.01,5,1540,买盘
372,14:27:02,3.07,-0.01,62,19034,卖盘
373,14:26:57,3.08,--,20,6160,买盘
374,14:26:51,3.08,--,45,13860,买盘
375,14:26:47,3.08,--,16,4928,买盘
376,14:26:42,3.08,--,637,196196,买盘
377,14:26:36,3.08,0.01,109,33572,买盘
378,14:26:27,3.07,-0.01,12,3684,卖盘
379,14:26:22,3.08,--,25,7700,买盘
380,14:26:17,3.08,--,50,15400,买盘
381,14:26:12,3.08,--,31,9548,买盘
382,14:26:07,3.08,0.01,47,14476,买盘
383,14:26:02,3.07,--,21,6447,卖盘
384,14:25:57,3.07,--,2,614,卖盘
385,14:25:51,3.07,--,36,11052,卖盘
386,14:25:42,3.07,--,2669,819383,卖盘
387,14:25:36,3.07,-0.01,431,132317,卖盘
388,14:25:31,3.08,0.01,79,24332,买盘
389,14:25:27,3.07,-0.01,718,220426,卖盘
390,14:25:21,3.08,--,35,10780,买盘
391,14:25:15,3.08,0.01,30,9240,买盘
392,14:25:06,3.07,-0.01,161,49427,卖盘
393,14:25:00,3.08,--,45,13860,买盘
394,14:24:57,3.08,--,1087,334796,买盘
395,14:24:51,3.08,--,245,75460,买盘
396,14:24:45,3.08,--,332,102256,买盘
397,14:24:42,3.08,--,92,28336,买盘
398,14:24:36,3.08,--,62,19096,买盘
399,14:24:30,3.08,--,67,20636,买盘
400,14:24:27,3.08,--,32,9856,买盘
401,14:24:21,3.08,0.01,1311,403788,买盘
402,14:24:15,3.07,-0.01,45,13815,卖盘
403,14:24:12,3.08,--,58,17864,买盘
404,14:24:06,3.08,--,13,4004,买盘
405,14:24:01,3.08,--,25,7700,买盘
406,14:23:57,3.08,0.01,2418,744744,买盘
407,14:23:51,3.07,-0.01,5,1535,卖盘
408,14:23:45,3.08,--,50,15400,买盘
409,14:23:42,3.08,--,57,17556,买盘
410,14:23:36,3.08,--,1,308,买盘
411,14:23:30,3.08,--,1,308,买盘
412,14:23:27,3.08,--,341,105028,买盘
413,14:23:21,3.08,0.01,83,25564,买盘
414,14:23:16,3.07,--,21,6447,卖盘
415,14:23:12,3.07,-0.01,215,66005,卖盘
416,14:23:06,3.08,0.01,2,616,买盘
417,14:23:00,3.07,-0.01,25,7675,卖盘
418,14:22:57,3.08,--,115,35420,买盘
419,14:22:51,3.08,0.01,307,94556,买盘
420,14:22:45,3.07,-0.01,577,177139,卖盘
421,14:22:41,3.08,--,384,118272,买盘
422,14:22:36,3.08,--,14,4312,买盘
423,14:22:31,3.08,--,238,73304,买盘
424,14:22:26,3.08,--,74,22792,买盘
425,14:22:21,3.08,0.01,347,106909,买盘
426,14:22:11,3.07,-0.01,85,26095,卖盘
427,14:22:06,3.08,--,405,124740,买盘
428,14:22:00,3.08,--,403,124124,买盘
429,14:21:51,3.08,0.01,2459,757372,买盘
430,14:21:41,3.07,-0.01,129,39603,卖盘
431,14:21:36,3.08,--,277,85316,买盘
432,14:21:30,3.08,--,404,124432,买盘
433,14:21:26,3.08,--,10,3080,买盘
434,14:21:21,3.08,--,634,195272,买盘
435,14:21:15,3.08,--,403,124124,买盘
436,14:21:11,3.08,--,1031,317548,买盘
437,14:21:06,3.08,0.01,79,24332,买盘
438,14:21:00,3.07,-0.01,21,6447,卖盘
439,14:20:56,3.08,0.01,1,308,买盘
440,14:20:51,3.07,--,1364,418748,卖盘
441,14:20:45,3.07,-0.01,380,116660,卖盘
442,14:20:36,3.08,--,41,12628,买盘
443,14:20:30,3.08,--,203,62524,买盘
444,14:20:26,3.08,--,1,308,买盘
445,14:20:21,3.08,--,1466,451528,买盘
446,14:20:15,3.08,--,303,93324,买盘
447,14:20:11,3.08,--,2,616,买盘
448,14:20:06,3.08,--,3242,998536,买盘
449,14:20:00,3.08,--,34,10472,买盘
450,14:19:56,3.08,--,188,57904,买盘
451,14:19:51,3.08,--,555,170940,买盘
452,14:19:45,3.08,--,2104,648032,买盘
453,14:19:41,3.08,0.01,7,2156,买盘
454,14:19:36,3.07,-0.01,162,49734,卖盘
455,14:19:30,3.08,--,27,8316,买盘
456,14:19:26,3.08,0.01,60,18480,买盘
457,14:19:21,3.07,--,101,31007,卖盘
458,14:19:15,3.07,--,151,46357,卖盘
459,14:19:11,3.07,-0.01,9,2763,卖盘
460,14:19:06,3.08,--,202,62216,买盘
461,14:19:00,3.08,0.01,28,8624,买盘
462,14:18:51,3.07,-0.01,2975,913325,卖盘
463,14:18:45,3.08,--,80,24640,买盘
464,14:18:36,3.08,--,36,11088,买盘
465,14:18:30,3.08,--,147,45276,买盘
466,14:18:26,3.08,--,77,23716,买盘
467,14:18:21,3.08,--,73,22484,买盘
468,14:18:15,3.08,--,35,10780,买盘
469,14:18:11,3.08,0.01,203,62524,买盘
470,14:18:06,3.07,-0.01,2679,822453,卖盘
471,14:18:00,3.08,--,282,86856,买盘
472,14:17:56,3.08,--,42,12936,买盘
473,14:17:51,3.08,--,489,150612,买盘
474,14:17:45,3.08,--,208,64064,买盘
475,14:17:41,3.08,--,459,141372,买盘
476,14:17:36,3.08,--,195,60060,买盘
477,14:17:31,3.08,--,197,60676,买盘
478,14:17:24,3.08,--,355,109340,买盘
479,14:17:21,3.08,--,361,111188,买盘
480,14:17:15,3.08,--,124,38192,买盘
481,14:17:09,3.08,--,55,16940,买盘
482,14:17:06,3.08,--,425,130900,买盘
483,14:17:00,3.08,--,2277,701316,买盘
484,14:16:55,3.08,--,30,9240,买盘
485,14:16:51,3.08,--,344,105952,买盘
486,14:16:36,3.08,--,1153,355124,买盘
487,14:16:30,3.08,--,16,4928,买盘
488,14:16:21,3.08,0.01,1889,581812,买盘
489,14:16:15,3.07,-0.01,64,19648,卖盘
490,14:16:09,3.08,--,50,15400,买盘
491,14:16:06,3.08,--,426,131208,买盘
492,14:16:00,3.08,0.01,799,246092,买盘
493,14:15:51,3.07,-0.01,954,292878,卖盘
494,14:15:45,3.08,0.01,65,20020,买盘
495,14:15:39,3.07,-0.01,16,4912,卖盘
496,14:15:36,3.08,--,58,17864,买盘
497,14:15:30,3.08,--,248,76384,买盘
498,14:15:24,3.08,--,183,56364,买盘
499,14:15:20,3.08,--,25,7700,买盘
500,14:15:15,3.08,--,32,9856,买盘
501,14:15:09,3.08,0.01,656,202048,买盘
502,14:15:05,3.07,-0.01,157,48199,卖盘
503,14:15:00,3.08,0.01,1346,414568,买盘
504,14:14:54,3.07,-0.01,268,82472,卖盘
505,14:14:45,3.08,0.01,25,7700,买盘
506,14:14:39,3.07,-0.01,2,614,卖盘
507,14:14:35,3.08,0.01,10,3080,买盘
508,14:14:30,3.07,-0.01,34,10634,卖盘
509,14:14:24,3.08,0.01,108,33264,买盘
510,14:14:20,3.07,--,38,11666,卖盘
511,14:14:15,3.07,-0.01,69,21183,卖盘
512,14:14:09,3.08,0.01,231,71148,买盘
513,14:14:05,3.07,-0.01,202,62014,卖盘
514,14:14:00,3.08,--,833,256564,买盘
515,14:13:54,3.08,--,456,140497,买盘
516,14:13:45,3.08,--,525,161700,买盘
517,14:13:39,3.08,--,951,292908,买盘
518,14:13:35,3.08,--,202,62216,买盘
519,14:13:30,3.08,--,177,54516,买盘
520,14:13:24,3.08,--,677,208516,买盘
521,14:13:20,3.08,--,201,61908,买盘
522,14:13:15,3.08,0.01,2214,681912,买盘
523,14:13:09,3.07,-0.01,75,23025,卖盘
524,14:13:00,3.08,--,1902,585816,买盘
525,14:12:54,3.08,0.01,408,125664,买盘
526,14:12:50,3.07,-0.01,98,30086,卖盘
527,14:12:45,3.08,--,278,85624,买盘
528,14:12:39,3.08,0.01,958,295064,买盘
529,14:12:35,3.07,-0.01,271,83197,卖盘
530,14:12:30,3.08,--,220,67760,买盘
531,14:12:24,3.08,0.01,85,26180,买盘
532,14:12:20,3.07,--,175,53725,卖盘
533,14:12:15,3.07,--,67,20569,卖盘
534,14:12:09,3.07,-0.01,81,24867,卖盘
535,14:12:00,3.08,--,72,22176,买盘
536,14:11:54,3.08,0.01,75,23100,买盘
537,14:11:45,3.07,-0.01,70,21490,卖盘
538,14:11:39,3.08,--,25,7700,买盘
539,14:11:35,3.08,--,50,15400,买盘
540,14:11:30,3.08,0.01,201,61908,买盘
541,14:11:24,3.07,-0.01,89,27323,卖盘
542,14:11:15,3.08,0.01,2,616,买盘
543,14:11:09,3.07,-0.01,657,201699,卖盘
544,14:11:03,3.08,--,206,63448,买盘
545,14:11:00,3.08,--,706,217448,买盘
546,14:10:54,3.08,--,201,61908,买盘
547,14:10:48,3.08,--,186,57288,买盘
548,14:10:45,3.08,--,206,63448,买盘
549,14:10:39,3.08,--,1108,341264,买盘
550,14:10:33,3.08,--,35,10780,买盘
551,14:10:30,3.08,--,14,4312,买盘
552,14:10:24,3.08,--,241,74228,买盘
553,14:10:18,3.08,0.01,125,38500,买盘
554,14:10:15,3.07,-0.01,237,72759,卖盘
555,14:10:09,3.08,--,1011,311388,买盘
556,14:10:03,3.08,--,25,7700,买盘
557,14:10:00,3.08,0.01,3,924,买盘
558,14:09:54,3.07,--,32,9824,卖盘
559,14:09:45,3.07,--,836,256652,卖盘
560,14:09:39,3.07,-0.01,149,45743,卖盘
561,14:09:33,3.08,--,30,9240,买盘
562,14:09:30,3.08,--,26,8008,买盘
563,14:09:24,3.08,0.01,9,2772,买盘
564,14:09:18,3.07,-0.01,2913,894291,卖盘
565,14:09:15,3.08,0.01,241,74228,买盘
566,14:09:09,3.07,--,500,153500,卖盘
567,14:09:03,3.07,-0.01,230,70610,卖盘
568,14:09:00,3.08,--,989,304612,买盘
569,14:08:54,3.08,--,16,4928,买盘
570,14:08:48,3.08,--,39,12012,买盘
571,14:08:45,3.08,0.01,26,8008,买盘
572,14:08:39,3.07,-0.01,678,208146,卖盘
573,14:08:33,3.08,--,219,67452,买盘
574,14:08:30,3.08,0.01,289,89012,买盘
575,14:08:24,3.07,--,3807,1168749,卖盘
576,14:08:18,3.07,-0.01,2502,768114,卖盘
577,14:08:14,3.08,0.01,1074,330792,买盘
578,14:08:09,3.07,-0.01,286,87918,卖盘
579,14:08:03,3.08,--,535,164780,买盘
580,14:07:59,3.08,0.01,29,8932,买盘
581,14:07:54,3.07,--,91,27937,卖盘
582,14:07:48,3.07,-0.01,53,16271,卖盘
583,14:07:39,3.08,0.01,3174,977592,买盘
584,14:07:33,3.07,-0.01,131,40217,卖盘
585,14:07:24,3.08,--,83,25564,买盘
586,14:07:18,3.08,--,67,20636,买盘
587,14:07:14,3.08,--,1,308,买盘
588,14:07:09,3.08,--,35,10780,买盘
589,14:07:03,3.08,--,839,258412,买盘
590,14:06:59,3.08,0.01,248,76384,买盘
591,14:06:54,3.07,-0.01,340,104380,卖盘
592,14:06:48,3.08,--,1826,562408,买盘
593,14:06:44,3.08,--,130,40040,买盘
594,14:06:39,3.08,0.01,1378,424424,买盘
595,14:06:33,3.07,--,1014,311298,卖盘
596,14:06:29,3.07,-0.01,1106,339542,卖盘
597,14:06:24,3.08,0.01,1089,335412,买盘
598,14:06:18,3.07,-0.01,2046,628122,卖盘
599,14:06:09,3.08,0.01,722,222376,买盘
600,14:06:03,3.07,-0.01,1315,403705,卖盘
601,14:05:59,3.08,0.01,324,99792,买盘
602,14:05:54,3.07,-0.01,1000,307000,卖盘
603,14:05:48,3.08,0.01,1469,452452,买盘
604,14:05:44,3.07,--,1201,368707,卖盘
605,14:05:39,3.07,--,481,147667,卖盘
606,14:05:33,3.07,-0.01,1045,320815,卖盘
607,14:05:29,3.08,--,260,80080,买盘
608,14:05:24,3.08,--,1476,454608,买盘
609,14:05:18,3.08,--,616,189728,买盘
610,14:05:14,3.08,0.01,555,170940,买盘
611,14:05:09,3.07,-0.01,1269,389583,卖盘
612,14:05:03,3.08,--,1637,504196,买盘
613,14:04:59,3.08,--,237,72996,买盘
614,14:04:54,3.08,0.01,201,61908,买盘
615,14:04:48,3.07,-0.01,1025,314675,卖盘
616,14:04:44,3.08,--,2844,875952,买盘
617,14:04:39,3.08,0.01,1360,418880,买盘
618,14:04:33,3.07,--,60,18420,卖盘
619,14:04:29,3.07,--,363,111441,卖盘
620,14:04:24,3.07,-0.01,1101,338007,卖盘
621,14:04:18,3.08,0.01,1045,321860,买盘
622,14:04:13,3.07,-0.01,1024,314368,卖盘
623,14:04:09,3.08,--,18,5544,买盘
624,14:04:03,3.08,--,1029,316932,买盘
625,14:03:58,3.08,0.01,533,164164,买盘
626,14:03:54,3.07,-0.01,1053,323271,卖盘
627,14:03:48,3.08,--,11,3388,买盘
628,14:03:44,3.08,--,1025,315700,买盘
629,14:03:39,3.08,--,174,53592,买盘
630,14:03:33,3.08,0.01,1002,308616,买盘
631,14:03:29,3.07,-0.01,252,77364,卖盘
632,14:03:24,3.08,--,1057,325556,买盘
633,14:03:18,3.08,--,213,65604,买盘
634,14:03:12,3.08,--,823,253484,买盘
635,14:03:09,3.08,0.01,1225,377300,买盘
636,14:03:03,3.07,--,263,80741,卖盘
637,14:02:57,3.07,-0.01,1424,437168,卖盘
638,14:02:53,3.08,--,3,924,买盘
639,14:02:48,3.08,--,1001,308308,买盘
640,14:02:42,3.08,--,24,7392,买盘
641,14:02:38,3.08,--,1026,316008,买盘
642,14:02:33,3.08,--,59,18172,买盘
643,14:02:27,3.08,--,1145,352660,买盘
644,14:02:23,3.08,--,31,9548,买盘
645,14:02:18,3.08,--,1001,308308,买盘
646,14:02:12,3.08,--,26,8008,买盘
647,14:02:08,3.08,--,541,166628,买盘
648,14:02:03,3.08,--,1329,409332,买盘
649,14:01:57,3.08,0.01,38,11704,买盘
650,14:01:53,3.07,-0.01,2721,835552,卖盘
651,14:01:48,3.08,0.01,10,3080,买盘
652,14:01:42,3.07,-0.01,1540,472780,卖盘
653,14:01:38,3.08,0.01,233,71764,买盘
654,14:01:33,3.07,-0.01,1616,496112,卖盘
655,14:01:27,3.08,--,142,43736,买盘
656,14:01:23,3.08,0.01,26,8008,买盘
657,14:01:18,3.07,-0.01,1174,360418,卖盘
658,14:01:12,3.08,0.01,71,21868,买盘
659,14:01:08,3.07,--,1045,320815,卖盘
660,14:01:03,3.07,--,65,19955,卖盘
661,14:00:57,3.07,--,1085,333095,卖盘
662,14:00:53,3.07,-0.01,153,46971,卖盘
663,14:00:48,3.08,0.01,1541,474631,买盘
664,14:00:42,3.07,--,66,20262,卖盘
665,14:00:38,3.07,--,1,307,卖盘
666,14:00:33,3.07,--,1232,378224,卖盘
667,14:00:27,3.07,-0.01,1204,369628,卖盘
668,14:00:23,3.08,0.01,51,15708,买盘
669,14:00:18,3.07,-0.01,70,21490,卖盘
670,14:00:12,3.08,--,1032,317856,买盘
671,14:00:08,3.08,--,1030,317240,买盘
672,14:00:03,3.08,0.01,732,225456,买盘
673,13:59:57,3.07,-0.01,278,85346,卖盘
674,13:59:53,3.08,--,1031,317548,买盘
675,13:59:48,3.08,--,31,9548,买盘
676,13:59:42,3.08,--,1026,316008,买盘
677,13:59:38,3.08,0.01,2,616,买盘
678,13:59:33,3.07,--,27,8289,卖盘
679,13:59:27,3.07,-0.01,1086,333402,卖盘
680,13:59:18,3.08,--,86,26488,买盘
681,13:59:12,3.08,0.01,1052,324016,买盘
682,13:59:08,3.07,-0.01,404,124028,卖盘
683,13:59:03,3.08,--,1063,327404,买盘
684,13:58:57,3.08,0.01,212,65296,买盘
685,13:58:53,3.07,-0.01,1000,307000,卖盘
686,13:58:48,3.08,--,278,85624,买盘
687,13:58:42,3.08,--,1669,514052,买盘
688,13:58:38,3.08,0.01,11,3388,买盘
689,13:58:33,3.07,--,21,6447,卖盘
690,13:58:27,3.07,-0.01,1046,321122,卖盘
691,13:58:23,3.08,0.01,1,308,买盘
692,13:58:18,3.07,--,1100,337700,卖盘
693,13:58:12,3.07,--,46,14122,卖盘
694,13:58:08,3.07,-0.01,1001,307307,卖盘
695,13:58:03,3.08,--,21,6468,买盘
696,13:57:57,3.08,--,1079,332332,买盘
697,13:57:53,3.08,--,22,6776,买盘
698,13:57:48,3.08,-0.01,330,101827,卖盘
699,13:57:42,3.09,0.01,1540,475897,买盘
700,13:57:38,3.08,--,322,99176,卖盘
701,13:57:32,3.08,-0.01,1562,481096,卖盘
702,13:57:27,3.09,0.01,930,287370,买盘
703,13:57:23,3.08,--,1100,338800,卖盘
704,13:57:17,3.08,-0.01,1615,497420,卖盘
705,13:57:12,3.09,--,1300,401700,买盘
706,13:57:08,3.09,0.01,276,85284,买盘
707,13:57:02,3.08,-0.01,1596,491568,卖盘
708,13:56:57,3.09,0.01,755,233332,买盘
709,13:56:53,3.08,--,1400,431200,卖盘
710,13:56:47,3.08,--,1573,484484,卖盘
711,13:56:42,3.08,-0.01,2673,823456,卖盘
712,13:56:37,3.09,--,27,8343,买盘
713,13:56:33,3.09,--,2679,827811,买盘
714,13:56:27,3.09,--,1322,408498,买盘
715,13:56:21,3.09,0.01,26,8034,买盘
716,13:56:17,3.08,--,1682,518056,卖盘
717,13:56:12,3.08,-0.01,742,228536,卖盘
718,13:56:07,3.09,0.01,1035,319815,买盘
719,13:56:02,3.08,--,142,43736,卖盘
720,13:55:57,3.08,--,2311,711788,卖盘
721,13:55:51,3.08,--,136,41888,卖盘
722,13:55:47,3.08,--,2054,632632,卖盘
723,13:55:42,3.08,--,1643,506044,卖盘
724,13:55:36,3.08,--,1246,383768,卖盘
725,13:55:32,3.08,--,204,62832,卖盘
726,13:55:27,3.08,--,99,30492,卖盘
727,13:55:21,3.08,--,6327,1948716,卖盘
728,13:55:12,3.08,--,3122,961576,卖盘
729,13:55:06,3.08,--,61,18788,卖盘
730,13:55:02,3.08,--,1001,308308,卖盘
731,13:54:57,3.08,--,42,12936,卖盘
732,13:54:51,3.08,-0.01,1078,332024,卖盘
733,13:54:47,3.09,--,834,257706,买盘
734,13:54:42,3.09,0.01,240,74160,买盘
735,13:54:36,3.08,-0.01,1000,308000,卖盘
736,13:54:32,3.09,0.01,25,7725,买盘
737,13:54:27,3.08,--,1115,343420,卖盘
738,13:54:21,3.08,--,2624,808192,卖盘
739,13:54:16,3.08,--,1090,335720,卖盘
740,13:54:06,3.08,--,2958,911064,卖盘
741,13:54:02,3.08,--,350,107800,卖盘
742,13:53:57,3.08,--,1134,349272,卖盘
743,13:53:51,3.08,-0.01,478,147224,卖盘
744,13:53:47,3.09,--,1,309,买盘
745,13:53:42,3.09,0.01,2026,626034,买盘
746,13:53:32,3.08,--,1030,317240,卖盘
747,13:53:27,3.08,--,290,89320,卖盘
748,13:53:21,3.08,--,1096,337568,卖盘
749,13:53:17,3.08,--,31,9548,卖盘
750,13:53:12,3.08,-0.01,217,66836,卖盘
751,13:53:06,3.09,0.01,72,22248,买盘
752,13:53:01,3.08,-0.01,1,308,卖盘
753,13:52:57,3.09,0.01,62,19158,买盘
754,13:52:51,3.08,--,90,27720,卖盘
755,13:52:47,3.08,--,5,1540,卖盘
756,13:52:42,3.08,--,595,183260,卖盘
757,13:52:36,3.08,-0.01,1063,327404,卖盘
758,13:52:31,3.09,0.01,637,196833,买盘
759,13:52:27,3.08,--,376,115808,卖盘
760,13:52:21,3.08,--,27,8316,卖盘
761,13:52:12,3.08,-0.01,66,20328,卖盘
762,13:52:06,3.09,0.01,106,32754,买盘
763,13:51:57,3.08,--,75,23100,卖盘
764,13:51:51,3.08,--,1,308,卖盘
765,13:51:46,3.08,-0.01,825,254100,卖盘
766,13:51:42,3.09,--,70,21630,买盘
767,13:51:36,3.09,--,71,21939,买盘
768,13:51:27,3.09,--,5,1545,买盘
769,13:51:21,3.09,0.01,25,7725,买盘
770,13:51:12,3.08,--,1155,355740,卖盘
771,13:51:06,3.08,-0.01,47,14476,卖盘
772,13:51:01,3.09,0.01,20,6180,买盘
773,13:50:57,3.08,-0.01,50,15400,卖盘
774,13:50:51,3.09,0.01,25,7725,买盘
775,13:50:46,3.08,--,101,31108,卖盘
776,13:50:42,3.08,-0.01,291,89628,卖盘
777,13:50:36,3.09,--,28,8652,买盘
778,13:50:32,3.09,0.01,111,34299,买盘
779,13:50:27,3.08,-0.01,30,9240,卖盘
780,13:50:21,3.09,0.01,325,100425,买盘
781,13:50:12,3.08,--,932,287056,卖盘
782,13:50:06,3.08,--,233,71764,卖盘
783,13:49:57,3.08,-0.01,1,308,卖盘
784,13:49:46,3.09,0.01,36,11124,买盘
785,13:49:41,3.08,-0.01,49,15162,卖盘
786,13:49:36,3.09,--,482,148938,买盘
787,13:49:31,3.09,0.01,33,10197,买盘
788,13:49:26,3.08,--,30,9240,卖盘
789,13:49:21,3.08,--,54,16632,卖盘
790,13:49:16,3.08,-0.01,72,22176,卖盘
791,13:49:11,3.09,0.01,42,12978,买盘
792,13:49:06,3.08,-0.01,29,8932,卖盘
793,13:49:01,3.09,--,25,7725,买盘
794,13:48:56,3.09,--,15,4635,买盘
795,13:48:51,3.09,--,97,29973,买盘
796,13:48:46,3.09,0.01,32,9888,买盘
797,13:48:36,3.08,--,67,20636,卖盘
798,13:48:31,3.08,--,85,26180,卖盘
799,13:48:26,3.08,--,20,6160,卖盘
800,13:48:15,3.08,--,335,103180,卖盘
801,13:48:11,3.08,--,29,8932,卖盘
802,13:48:06,3.08,-0.01,151,46508,卖盘
803,13:48:00,3.09,0.01,28,8652,买盘
804,13:47:56,3.08,--,1,308,卖盘
805,13:47:51,3.08,-0.01,79,24332,卖盘
806,13:47:45,3.09,--,15,4635,买盘
807,13:47:41,3.09,--,192,59328,买盘
808,13:47:36,3.09,0.01,3,927,买盘
809,13:47:30,3.08,-0.01,6,1848,卖盘
810,13:47:26,3.09,0.01,25,7725,买盘
811,13:47:21,3.08,--,772,237776,卖盘
812,13:47:15,3.08,-0.01,61,18788,卖盘
813,13:47:11,3.09,0.01,25,7725,买盘
814,13:47:06,3.08,-0.01,142,43736,卖盘
815,13:47:00,3.09,--,3,927,买盘
816,13:46:56,3.09,0.01,136,42024,买盘
817,13:46:51,3.08,-0.01,201,61908,卖盘
818,13:46:45,3.09,0.01,500,154500,买盘
819,13:46:41,3.08,-0.01,5,1540,卖盘
820,13:46:36,3.09,0.01,26,8034,买盘
821,13:46:30,3.08,--,184,56672,卖盘
822,13:46:25,3.08,-0.01,100,30800,卖盘
823,13:46:21,3.09,0.01,60,18540,买盘
824,13:46:06,3.08,-0.01,174,53592,卖盘
825,13:46:00,3.09,--,22,6798,买盘
826,13:45:55,3.09,--,10,3090,买盘
827,13:45:51,3.09,0.01,179,55311,买盘
828,13:45:45,3.08,--,6,1848,卖盘
829,13:45:40,3.08,-0.01,652,200816,卖盘
830,13:45:36,3.09,--,237,73233,买盘
831,13:45:30,3.09,--,212,65508,买盘
832,13:45:25,3.09,0.01,201,62109,买盘
833,13:45:21,3.08,-0.01,94,28952,卖盘
834,13:45:15,3.09,0.01,9,2781,买盘
835,13:45:10,3.08,-0.01,21,6468,卖盘
836,13:45:06,3.09,--,260,80340,买盘
837,13:45:00,3.09,0.01,13,4017,买盘
838,13:44:55,3.08,--,50,15400,卖盘
839,13:44:51,3.08,--,30,9240,卖盘
840,13:44:45,3.08,-0.01,30,9240,卖盘
841,13:44:40,3.09,0.01,82,25640,买盘
842,13:44:36,3.08,-0.01,210,64680,卖盘
843,13:44:30,3.09,0.01,32,9888,买盘
844,13:44:25,3.08,--,312,96096,卖盘
845,13:44:21,3.08,-0.01,51,15708,卖盘
846,13:44:15,3.09,0.01,239,73854,买盘
847,13:44:06,3.08,-0.01,143,44044,卖盘
848,13:44:00,3.09,0.01,630,194670,买盘
849,13:43:51,3.08,--,110,33880,卖盘
850,13:43:45,3.08,--,236,72688,卖盘
851,13:43:35,3.08,-0.01,453,139524,卖盘
852,13:43:30,3.09,0.01,39,12051,买盘
853,13:43:25,3.08,-0.01,700,215600,卖盘
854,13:43:20,3.09,--,37,11433,买盘
855,13:43:15,3.09,--,100,30900,买盘
856,13:43:06,3.09,--,1024,316416,买盘
857,13:43:00,3.09,0.01,239,73851,买盘
858,13:42:55,3.08,-0.01,110,33880,卖盘
859,13:42:51,3.09,0.01,2,618,买盘
860,13:42:45,3.08,-0.01,18,5544,卖盘
861,13:42:40,3.09,0.01,25,7725,买盘
862,13:42:35,3.08,-0.01,50,15400,卖盘
863,13:42:30,3.09,--,492,152028,买盘
864,13:42:25,3.09,--,25,7725,买盘
865,13:42:20,3.09,--,10,3090,买盘
866,13:42:15,3.09,--,5,1545,买盘
867,13:42:10,3.09,0.01,40,12360,买盘
868,13:42:05,3.08,-0.01,207,63756,卖盘
869,13:42:00,3.09,--,354,109386,买盘
870,13:41:55,3.09,0.01,265,81885,买盘
871,13:41:50,3.08,-0.01,1,308,卖盘
872,13:41:45,3.09,--,220,67980,买盘
873,13:41:40,3.09,--,228,70452,买盘
874,13:41:35,3.09,--,11,3399,买盘
875,13:41:30,3.09,--,232,71688,买盘
876,13:41:24,3.09,0.01,246,76014,买盘
877,13:41:20,3.08,--,11,3388,卖盘
878,13:41:15,3.08,-0.01,209,64372,卖盘
879,13:41:09,3.09,--,125,38625,买盘
880,13:41:05,3.09,--,50,15450,买盘
881,13:41:00,3.09,0.01,7,2163,买盘
882,13:40:54,3.08,--,74,22792,卖盘
883,13:40:50,3.08,-0.01,54,16632,卖盘
884,13:40:35,3.09,--,25,7725,买盘
885,13:40:20,3.09,--,125,38625,买盘
886,13:40:15,3.09,0.01,1,309,买盘
887,13:40:09,3.08,-0.01,5,1540,卖盘
888,13:40:05,3.09,--,226,69834,买盘
889,13:40:00,3.09,--,32,9888,买盘
890,13:39:54,3.09,--,135,41715,买盘
891,13:39:50,3.09,--,55,16995,买盘
892,13:39:45,3.09,0.01,6,1854,买盘
893,13:39:39,3.08,-0.01,15,4620,卖盘
894,13:39:30,3.09,--,226,69834,买盘
895,13:39:24,3.09,--,43,13287,买盘
896,13:39:15,3.09,--,273,84594,买盘
897,13:39:05,3.09,--,3,927,买盘
898,13:39:00,3.09,--,35,10815,买盘
899,13:38:54,3.09,--,603,186327,买盘
900,13:38:45,3.09,0.01,69,21321,买盘
901,13:38:39,3.08,--,529,162932,卖盘
902,13:38:30,3.08,--,230,70840,卖盘
903,13:38:15,3.08,--,112,34496,卖盘
904,13:38:09,3.08,-0.01,2,616,卖盘
905,13:38:00,3.09,--,213,65894,买盘
906,13:37:54,3.09,--,1,309,买盘
907,13:37:49,3.09,--,34,10506,买盘
908,13:37:39,3.09,0.01,25,7725,买盘
909,13:37:34,3.08,--,11,3388,卖盘
910,13:37:30,3.08,-0.01,84,25872,卖盘
911,13:37:24,3.09,0.01,25,7725,买盘
912,13:37:19,3.08,--,210,64680,卖盘
913,13:37:15,3.08,-0.01,33,10164,卖盘
914,13:37:09,3.09,0.01,45,13905,买盘
915,13:37:04,3.08,-0.01,53,16324,卖盘
916,13:36:59,3.09,--,113,34917,买盘
917,13:36:54,3.09,0.01,25,7725,买盘
918,13:36:49,3.08,--,161,49588,卖盘
919,13:36:45,3.08,-0.01,2,616,卖盘
920,13:36:39,3.09,--,57,17613,买盘
921,13:36:24,3.09,--,25,7725,买盘
922,13:36:14,3.09,0.01,136,42024,买盘
923,13:36:09,3.08,-0.01,17854,5499032,卖盘
924,13:36:04,3.09,--,3,927,买盘
925,13:35:59,3.09,0.01,73,22557,买盘
926,13:35:54,3.08,--,44,13552,卖盘
927,13:35:49,3.08,-0.01,4,1232,卖盘
928,13:35:44,3.09,0.01,1,309,买盘
929,13:35:39,3.08,-0.01,2,616,卖盘
930,13:35:34,3.09,0.01,53,16377,买盘
931,13:35:19,3.08,--,189,58473,卖盘
932,13:35:14,3.08,-0.01,11,3388,卖盘
933,13:35:04,3.09,0.01,28,8652,买盘
934,13:34:59,3.08,--,4,1232,卖盘
935,13:34:54,3.08,-0.01,20,6160,卖盘
936,13:34:49,3.09,0.01,25,7725,买盘
937,13:34:44,3.08,-0.01,5,1540,卖盘
938,13:34:39,3.09,0.01,32,9888,买盘
939,13:34:34,3.08,--,45,13860,卖盘
940,13:34:29,3.08,-0.01,5,1540,卖盘
941,13:34:19,3.09,0.01,40,12360,买盘
942,13:34:14,3.08,--,29,9089,卖盘
943,13:34:09,3.08,-0.01,115,35420,卖盘
944,13:34:04,3.09,0.01,78,24102,买盘
945,13:33:59,3.08,-0.01,4,1235,卖盘
946,13:33:54,3.09,0.01,303,93627,买盘
947,13:33:48,3.08,--,125,38500,卖盘
948,13:33:44,3.08,--,19,5852,卖盘
949,13:33:39,3.08,--,1,308,卖盘
950,13:33:34,3.08,-0.01,10010,3083080,卖盘
951,13:33:29,3.09,0.01,25,7725,买盘
952,13:33:24,3.08,--,274,84392,卖盘
953,13:33:19,3.08,--,13,4004,卖盘
954,13:33:14,3.08,-0.01,37,11396,卖盘
955,13:33:09,3.09,0.01,201,62109,买盘
956,13:33:03,3.08,--,192,59136,卖盘
957,13:32:59,3.08,--,63,19404,卖盘
958,13:32:54,3.08,--,349,107492,卖盘
959,13:32:48,3.08,--,90,27720,卖盘
960,13:32:44,3.08,-0.01,5,1540,卖盘
961,13:32:39,3.09,--,31,9579,买盘
962,13:32:33,3.09,--,227,70448,买盘
963,13:32:29,3.09,--,2,618,买盘
964,13:32:24,3.09,0.01,50,15450,买盘
965,13:32:18,3.08,--,5,1540,卖盘
966,13:32:14,3.08,-0.01,5,1540,卖盘
967,13:32:09,3.09,--,525,162456,买盘
968,13:32:03,3.09,0.01,198,61182,买盘
969,13:31:59,3.08,--,61,18788,卖盘
970,13:31:54,3.08,-0.01,57,17556,卖盘
971,13:31:48,3.09,0.01,53,16377,买盘
972,13:31:44,3.08,-0.01,5,1540,卖盘
973,13:31:39,3.09,--,25,7725,买盘
974,13:31:33,3.09,--,1,309,买盘
975,13:31:28,3.09,--,10,3090,买盘
976,13:31:24,3.09,0.01,26,8034,买盘
977,13:31:13,3.08,--,50,15400,卖盘
978,13:31:09,3.08,-0.01,39,12012,卖盘
979,13:31:03,3.09,--,3,927,买盘
980,13:30:58,3.09,0.01,10,3090,买盘
981,13:30:54,3.08,-0.01,51,15865,卖盘
982,13:30:48,3.09,0.01,28,8652,买盘
983,13:30:43,3.08,--,145,44660,卖盘
984,13:30:38,3.08,-0.01,16,4928,卖盘
985,13:30:33,3.09,0.01,47,14523,买盘
986,13:30:28,3.08,--,118,36344,卖盘
987,13:30:23,3.08,-0.01,466,143543,卖盘
988,13:30:18,3.09,0.01,25,7725,买盘
989,13:30:13,3.08,--,619,190652,卖盘
990,13:30:09,3.08,--,360,110880,卖盘
991,13:30:03,3.08,-0.01,432,133056,卖盘
992,13:29:58,3.09,--,7,2163,买盘
993,13:29:53,3.09,0.01,2,618,买盘
994,13:29:48,3.08,-0.01,1575,485100,卖盘
995,13:29:43,3.09,--,1,309,买盘
996,13:29:38,3.09,0.01,22,6798,买盘
997,13:29:33,3.08,--,1321,406868,卖盘
998,13:29:23,3.08,-0.01,213,65604,卖盘
999,13:29:18,3.09,--,613,189444,买盘
1000,13:29:03,3.09,0.01,81,25029,买盘
1001,13:28:58,3.08,--,6,1848,卖盘
1002,13:28:53,3.08,-0.01,10,3080,卖盘
1003,13:28:48,3.09,0.01,28,8652,买盘
1004,13:28:43,3.08,--,240,73920,卖盘
1005,13:28:33,3.08,-0.01,44,13552,卖盘
1006,13:28:28,3.09,0.01,35,10815,买盘
1007,13:28:23,3.08,-0.01,12,3696,卖盘
1008,13:28:18,3.09,--,10,3090,买盘
1009,13:28:13,3.09,--,226,69834,买盘
1010,13:28:08,3.09,--,55,16995,买盘
1011,13:28:03,3.09,--,24,7416,买盘
1012,13:27:58,3.09,--,26,8034,买盘
1013,13:27:43,3.09,--,45,13905,买盘
1014,13:27:38,3.09,--,31,9579,买盘
1015,13:27:33,3.09,--,16,4944,买盘
1016,13:27:28,3.09,0.01,471,145585,买盘
1017,13:27:23,3.08,--,141,43428,卖盘
1018,13:27:18,3.08,-0.01,250,77000,卖盘
1019,13:27:13,3.09,--,25,7725,买盘
1020,13:27:08,3.09,--,53,16377,买盘
1021,13:27:03,3.09,0.01,3,927,买盘
1022,13:26:58,3.08,-0.01,86,26488,卖盘
1023,13:26:53,3.09,0.01,190,58710,买盘
1024,13:26:48,3.08,-0.01,254,78232,卖盘
1025,13:26:43,3.09,--,969,299421,买盘
1026,13:26:38,3.09,--,27,8343,买盘
1027,13:26:33,3.09,0.01,402,124218,买盘
1028,13:26:28,3.08,--,143,44068,卖盘
1029,13:26:23,3.08,--,155,47740,卖盘
1030,13:26:18,3.08,-0.01,101,31108,卖盘
1031,13:26:13,3.09,0.01,74,22866,买盘
1032,13:26:08,3.08,-0.01,112,34496,卖盘
1033,13:26:03,3.09,0.01,3,927,买盘
1034,13:25:58,3.08,-0.01,120,36960,卖盘
1035,13:25:53,3.09,0.01,50,15450,买盘
1036,13:25:48,3.08,--,15,4620,卖盘
1037,13:25:43,3.08,-0.01,80,24640,卖盘
1038,13:25:38,3.09,--,601,185709,买盘
1039,13:25:33,3.09,0.01,152,46968,买盘
1040,13:25:27,3.08,-0.01,155,47890,卖盘
1041,13:25:18,3.09,--,28,8652,买盘
1042,13:25:12,3.09,0.01,653,201777,买盘
1043,13:25:03,3.08,--,79,24332,卖盘
1044,13:24:53,3.08,-0.01,12,3696,卖盘
1045,13:24:48,3.09,0.01,25,7725,买盘
1046,13:24:42,3.08,-0.01,24,7392,卖盘
1047,13:24:33,3.09,0.01,285,88065,买盘
1048,13:24:27,3.08,--,30,9240,卖盘
1049,13:24:23,3.08,--,15,4620,卖盘
1050,13:24:18,3.08,--,139,42858,卖盘
1051,13:24:12,3.08,-0.01,211,64988,卖盘
1052,13:24:02,3.09,--,29,8961,买盘
1053,13:23:57,3.09,0.01,5,1545,买盘
1054,13:23:52,3.08,--,12,3696,卖盘
1055,13:23:48,3.08,--,70,21560,卖盘
1056,13:23:42,3.08,--,112,34496,卖盘
1057,13:23:37,3.08,-0.01,100,30800,卖盘
1058,13:23:32,3.09,--,340,105060,买盘
1059,13:23:27,3.09,0.01,231,71379,买盘
1060,13:23:22,3.08,--,16,4928,卖盘
1061,13:23:17,3.08,-0.01,45,13860,卖盘
1062,13:23:12,3.09,--,186,57474,买盘
1063,13:23:02,3.09,0.01,53,16377,买盘
1064,13:22:57,3.08,--,159,48972,卖盘
1065,13:22:47,3.08,--,240,73920,卖盘
1066,13:22:42,3.08,--,70,21560,卖盘
1067,13:22:37,3.08,-0.01,28,8624,卖盘
1068,13:22:32,3.09,--,1,309,买盘
1069,13:22:27,3.09,0.01,25,7725,买盘
1070,13:22:17,3.08,-0.01,112,34496,卖盘
1071,13:22:12,3.09,--,102,31687,买盘
1072,13:22:07,3.09,0.01,2,618,买盘
1073,13:22:02,3.08,--,758,233464,卖盘
1074,13:21:57,3.08,--,777,239316,卖盘
1075,13:21:47,3.08,--,122,37576,卖盘
1076,13:21:42,3.08,-0.01,275,84700,卖盘
1077,13:21:37,3.09,0.01,68,21012,买盘
1078,13:21:32,3.08,-0.01,70,21560,卖盘
1079,13:21:27,3.09,0.01,311,96099,买盘
1080,13:21:22,3.08,--,634,195272,卖盘
1081,13:21:17,3.08,--,2,616,卖盘
1082,13:21:12,3.08,-0.01,1143,352044,卖盘
1083,13:21:07,3.09,--,34,10506,买盘
1084,13:21:02,3.09,--,1,309,买盘
1085,13:20:57,3.09,0.01,82,25338,买盘
1086,13:20:52,3.08,--,102,31416,卖盘
1087,13:20:42,3.08,-0.01,86,26488,卖盘
1088,13:20:37,3.09,0.01,48,14832,买盘
1089,13:20:32,3.08,--,100,30800,卖盘
1090,13:20:27,3.08,-0.01,61,18788,卖盘
1091,13:20:22,3.09,0.01,85,26265,买盘
1092,13:20:17,3.08,-0.01,12,3696,卖盘
1093,13:20:12,3.09,0.01,104,32136,买盘
1094,13:20:07,3.08,--,89,27412,卖盘
1095,13:20:02,3.08,--,134,41272,卖盘
1096,13:19:57,3.08,-0.01,104,32032,卖盘
1097,13:19:52,3.09,0.01,25,7725,买盘
1098,13:19:47,3.08,--,61,18788,卖盘
1099,13:19:42,3.08,--,6,1848,卖盘
1100,13:19:37,3.08,-0.01,43,13244,卖盘
1101,13:19:32,3.09,--,85,26265,买盘
1102,13:19:27,3.09,--,2,618,买盘
1103,13:19:17,3.09,0.01,82,25338,买盘
1104,13:19:07,3.08,-0.01,28,8624,卖盘
1105,13:19:02,3.09,--,95,29355,买盘
1106,13:18:57,3.09,--,43,13287,买盘
1107,13:18:47,3.09,0.01,1575,486675,买盘
1108,13:18:42,3.08,--,223,68933,卖盘
1109,13:18:37,3.08,--,21,6468,卖盘
1110,13:18:32,3.08,-0.01,188,57904,卖盘
1111,13:18:27,3.09,--,177,54693,买盘
1112,13:18:22,3.09,0.01,17,5253,买盘
1113,13:18:17,3.08,-0.01,8804,2711632,卖盘
1114,13:18:12,3.09,--,27,8343,买盘
1115,13:18:07,3.09,--,96,29664,买盘
1116,13:18:02,3.09,--,2,618,买盘
1117,13:17:57,3.09,0.01,62,19158,买盘
1118,13:17:52,3.08,-0.01,82,25256,卖盘
1119,13:17:42,3.09,0.01,25,7725,买盘
1120,13:17:32,3.08,-0.01,50,15400,卖盘
1121,13:17:27,3.09,0.01,33,10197,买盘
1122,13:17:21,3.08,--,230,70840,卖盘
1123,13:17:17,3.08,--,104,32032,卖盘
1124,13:17:12,3.08,-0.01,75,23100,卖盘
1125,13:17:06,3.09,0.01,92,28428,买盘
1126,13:17:02,3.08,--,110,33880,卖盘
1127,13:16:56,3.08,-0.01,231,71148,卖盘
1128,13:16:51,3.09,0.01,419,129471,买盘
1129,13:16:41,3.08,-0.01,979,301532,卖盘
1130,13:16:36,3.09,0.01,3,927,买盘
1131,13:16:27,3.08,-0.01,201,61908,卖盘
1132,13:16:21,3.09,0.01,25,7725,买盘
1133,13:16:16,3.08,--,112,34496,卖盘
1134,13:16:11,3.08,--,130,40040,卖盘
1135,13:16:06,3.08,-0.01,171,52668,卖盘
1136,13:15:56,3.09,0.01,236,72924,买盘
1137,13:15:51,3.08,--,2235,688380,卖盘
1138,13:15:41,3.08,--,20,6160,卖盘
1139,13:15:36,3.08,--,207,63756,卖盘
1140,13:15:31,3.08,--,56,17248,卖盘
1141,13:15:26,3.08,--,16,4928,卖盘
1142,13:15:21,3.08,--,171,52668,卖盘
1143,13:15:16,3.08,-0.01,3752,1155659,卖盘
1144,13:15:11,3.09,0.01,99,30591,买盘
1145,13:15:06,3.08,--,2170,668360,卖盘
1146,13:15:01,3.08,--,1044,321742,卖盘
1147,13:14:56,3.08,--,336,103488,卖盘
1148,13:14:51,3.08,--,229,70532,卖盘
1149,13:14:46,3.08,-0.01,634,195272,卖盘
1150,13:14:41,3.09,0.01,260,80340,买盘
1151,13:14:36,3.08,--,246,75875,卖盘
1152,13:14:31,3.08,-0.01,10513,3238004,卖盘
1153,13:14:26,3.09,--,511,157899,买盘
1154,13:14:21,3.09,0.01,529,163461,买盘
1155,13:14:16,3.08,--,68,20944,卖盘
1156,13:14:11,3.08,--,157,48356,卖盘
1157,13:14:06,3.08,-0.01,196,60368,卖盘
1158,13:14:01,3.09,0.01,390,120510,买盘
1159,13:13:56,3.08,--,114,35112,卖盘
1160,13:13:51,3.08,--,14,4312,卖盘
1161,13:13:46,3.08,-0.01,145,44660,卖盘
1162,13:13:41,3.09,0.01,135,41715,买盘
1163,13:13:36,3.08,-0.01,60,18480,卖盘
1164,13:13:31,3.09,0.01,25,7725,买盘
1165,13:13:26,3.08,-0.01,72,22176,卖盘
1166,13:13:21,3.09,0.01,24,7416,买盘
1167,13:13:16,3.08,-0.01,969,298452,卖盘
1168,13:13:06,3.09,--,149,46041,买盘
1169,13:13:01,3.09,0.01,799,247057,买盘
1170,13:12:56,3.08,--,627,193116,卖盘
1171,13:12:51,3.08,-0.01,33,10164,卖盘
1172,13:12:46,3.09,0.01,750,231750,买盘
1173,13:12:41,3.08,--,17,5236,卖盘
1174,13:12:36,3.08,--,26,8008,卖盘
1175,13:12:31,3.08,-0.01,6889,2121812,卖盘
1176,13:12:26,3.09,0.01,155,47895,买盘
1177,13:12:21,3.08,--,85,26180,卖盘
1178,13:12:16,3.08,-0.01,39,12012,卖盘
1179,13:12:11,3.09,0.01,107,33063,买盘
1180,13:12:06,3.08,-0.01,5,1540,卖盘
1181,13:12:01,3.09,--,393,121437,买盘
1182,13:11:56,3.09,0.01,25,7725,买盘
1183,13:11:51,3.08,--,98,30184,卖盘
1184,13:11:46,3.08,--,278,85624,卖盘
1185,13:11:40,3.08,--,37,11396,卖盘
1186,13:11:25,3.08,-0.01,182,56056,卖盘
1187,13:11:21,3.09,0.01,99,30591,买盘
1188,13:11:16,3.08,--,12,3696,卖盘
1189,13:11:06,3.08,-0.01,1155,355740,卖盘
1190,13:11:00,3.09,0.01,114,35226,买盘
1191,13:10:55,3.08,-0.01,23,7084,卖盘
1192,13:10:51,3.09,--,37,11433,买盘
1193,13:10:45,3.09,0.01,50,15450,买盘
1194,13:10:40,3.08,--,3,924,卖盘
1195,13:10:36,3.08,--,1091,336080,卖盘
1196,13:10:25,3.08,--,120,36960,卖盘
1197,13:10:20,3.08,-0.01,436,134549,卖盘
1198,13:10:15,3.09,0.01,390,120510,买盘
1199,13:10:10,3.08,--,29,8932,卖盘
1200,13:10:05,3.08,-0.01,25,7703,卖盘
1201,13:10:00,3.09,0.01,190,58710,买盘
1202,13:09:55,3.08,--,126,38808,卖盘
1203,13:09:50,3.08,--,136,41888,卖盘
1204,13:09:45,3.08,-0.01,21,6468,卖盘
1205,13:09:40,3.09,0.01,2,618,买盘
1206,13:09:35,3.08,-0.01,18,5544,卖盘
1207,13:09:30,3.09,--,56,17304,买盘
1208,13:09:25,3.09,0.01,2,618,买盘
1209,13:09:20,3.08,-0.01,297,91476,卖盘
1210,13:09:15,3.09,--,138,42642,买盘
1211,13:09:10,3.09,0.01,3,927,买盘
1212,13:09:05,3.08,-0.01,73,22484,卖盘
1213,13:09:00,3.09,0.01,197,60873,买盘
1214,13:08:50,3.08,-0.01,67,20636,卖盘
1215,13:08:45,3.09,0.01,71,22198,买盘
1216,13:08:40,3.08,--,220,67760,卖盘
1217,13:08:35,3.08,-0.01,5,1540,卖盘
1218,13:08:30,3.09,--,34,10506,买盘
1219,13:08:25,3.09,--,6,1854,买盘
1220,13:08:20,3.09,--,371,114639,买盘
1221,13:08:15,3.09,--,2293,708537,买盘
1222,13:08:10,3.09,--,160,49440,买盘
1223,13:08:05,3.09,--,19,5871,买盘
1224,13:08:00,3.09,0.01,347,107223,买盘
1225,13:07:55,3.08,--,157,48356,卖盘
1226,13:07:45,3.08,--,295,90860,卖盘
1227,13:07:40,3.08,--,1000,308000,卖盘
1228,13:07:35,3.08,-0.01,49,15092,卖盘
1229,13:07:30,3.09,--,8423,2602707,买盘
1230,13:07:25,3.09,--,147,45679,买盘
1231,13:07:20,3.09,--,200,61800,买盘
1232,13:07:15,3.09,--,103,31827,买盘
1233,13:07:10,3.09,--,225,69528,买盘
1234,13:07:00,3.09,--,44,13596,买盘
1235,13:06:55,3.09,--,25,7725,买盘
1236,13:06:45,3.09,0.01,4,1236,买盘
1237,13:06:40,3.08,--,65,20020,卖盘
1238,13:06:30,3.08,-0.01,10,3080,卖盘
1239,13:06:25,3.09,0.01,954,294786,买盘
1240,13:06:15,3.08,--,1,308,卖盘
1241,13:06:10,3.08,-0.01,125,38500,卖盘
1242,13:06:05,3.09,0.01,73,22557,买盘
1243,13:06:00,3.08,-0.01,77,23716,卖盘
1244,13:05:54,3.09,--,56,17304,买盘
1245,13:05:50,3.09,0.01,74,22866,买盘
1246,13:05:45,3.08,-0.01,262,80696,卖盘
1247,13:05:40,3.09,0.01,25,7725,买盘
1248,13:05:30,3.08,--,925,284900,卖盘
1249,13:05:25,3.08,-0.01,96,29568,卖盘
1250,13:05:20,3.09,0.01,97,29973,买盘
1251,13:05:15,3.08,-0.01,175,53900,卖盘
1252,13:05:10,3.09,--,41,12669,买盘
1253,13:05:05,3.09,--,28,8652,买盘
1254,13:05:00,3.09,--,10,3090,买盘
1255,13:04:55,3.09,--,285,88065,买盘
1256,13:04:49,3.09,0.01,28,8652,买盘
1257,13:04:45,3.08,--,122,37576,卖盘
1258,13:04:40,3.08,-0.01,126,38808,卖盘
1259,13:04:34,3.09,--,350,108150,买盘
1260,13:04:29,3.09,0.01,99,30591,买盘
1261,13:04:25,3.08,--,20,6160,卖盘
1262,13:04:20,3.08,-0.01,201,61908,卖盘
1263,13:04:15,3.09,--,40,12360,买盘
1264,13:04:10,3.09,0.01,278,85902,买盘
1265,13:04:04,3.08,-0.01,102,31416,卖盘
1266,13:04:00,3.09,0.01,37,11433,买盘
1267,13:03:54,3.08,-0.01,1,308,卖盘
1268,13:03:49,3.09,0.01,22,6798,买盘
1269,13:03:44,3.08,-0.01,314,96712,卖盘
1270,13:03:39,3.09,--,3,927,买盘
1271,13:03:29,3.09,0.01,93,28737,买盘
1272,13:03:19,3.08,-0.01,23,7084,卖盘
1273,13:03:14,3.09,0.01,31,9579,买盘
1274,13:03:09,3.08,-0.01,258,79464,卖盘
1275,13:03:04,3.09,0.01,3,927,买盘
1276,13:02:59,3.08,--,183,56364,卖盘
1277,13:02:54,3.08,--,184,56672,卖盘
1278,13:02:49,3.08,-0.01,100,30800,卖盘
1279,13:02:44,3.09,0.01,25,7725,买盘
1280,13:02:39,3.08,--,1464,450912,卖盘
1281,13:02:34,3.08,--,150,46200,卖盘
1282,13:02:29,3.08,-0.01,210,64680,卖盘
1283,13:02:24,3.09,--,27,8343,买盘
1284,13:02:14,3.09,--,62,19158,买盘
1285,13:02:09,3.09,0.01,25,7725,买盘
1286,13:02:04,3.08,--,28,8624,卖盘
1287,13:01:59,3.08,-0.01,11,3388,卖盘
1288,13:01:54,3.09,0.01,240,74160,买盘
1289,13:01:49,3.08,-0.01,100,30800,卖盘
1290,13:01:39,3.09,0.01,25,7725,买盘
1291,13:01:34,3.08,--,130,40040,卖盘
1292,13:01:29,3.08,-0.01,7,2156,卖盘
1293,13:01:24,3.09,0.01,25,7725,买盘
1294,13:01:09,3.08,-0.01,1017,313236,卖盘
1295,13:01:04,3.09,0.01,25,7725,买盘
1296,13:00:59,3.08,-0.01,10,3080,卖盘
1297,13:00:54,3.09,0.01,25,7725,买盘
1298,13:00:49,3.08,--,333,102564,卖盘
1299,13:00:44,3.08,--,130,40040,卖盘
1300,13:00:39,3.08,-0.01,10,3080,卖盘
1301,13:00:34,3.09,0.01,112,34608,买盘
1302,13:00:24,3.08,-0.01,2,616,卖盘
1303,13:00:19,3.09,--,41,12669,买盘
1304,13:00:14,3.09,0.01,5,1545,买盘
1305,13:00:09,3.08,--,6377,1964116,卖盘
1306,13:00:03,3.08,--,870,267960,卖盘
1307,11:30:00,3.08,--,0,0,卖盘
1308,11:30:00,3.08,--,0,0,卖盘
1309,11:29:59,3.08,--,1063,327404,卖盘
1310,11:29:54,3.08,-0.01,10,3080,卖盘
1311,11:29:50,3.09,--,75,23175,买盘
1312,11:29:45,3.09,--,17,5253,买盘
1313,11:29:39,3.09,--,165,50985,买盘
1314,11:29:35,3.09,0.01,25,7725,买盘
1315,11:29:30,3.08,--,5,1540,卖盘
1316,11:29:24,3.08,-0.01,184,56672,卖盘
1317,11:29:18,3.09,--,26,8034,买盘
1318,11:29:00,3.09,--,161,49749,买盘
1319,11:28:54,3.09,0.01,370,114330,买盘
1320,11:28:48,3.08,-0.01,10,3080,卖盘
1321,11:28:45,3.09,0.01,25,7725,买盘
1322,11:28:39,3.08,--,210,64680,卖盘
1323,11:28:30,3.08,--,67,20636,卖盘
1324,11:28:24,3.08,--,319,98252,卖盘
1325,11:28:18,3.08,--,240,73920,卖盘
1326,11:28:15,3.08,--,174,53592,卖盘
1327,11:28:03,3.08,--,51,15708,卖盘
1328,11:27:59,3.08,--,330,101640,卖盘
1329,11:27:54,3.08,--,12,3696,卖盘
1330,11:27:44,3.08,-0.01,21,6468,卖盘
1331,11:27:39,3.09,0.01,25,7725,买盘
1332,11:27:33,3.08,-0.01,19,5852,卖盘
1333,11:27:29,3.09,--,515,159135,买盘
1334,11:27:24,3.09,--,292,90228,买盘
1335,11:27:14,3.09,--,1,309,买盘
1336,11:27:09,3.09,--,26,8034,买盘
1337,11:27:03,3.09,--,1,309,买盘
1338,11:26:59,3.09,--,4,1236,买盘
1339,11:26:54,3.09,0.01,25,7725,买盘
1340,11:26:48,3.08,-0.01,15,4620,卖盘
1341,11:26:44,3.09,--,106,32754,买盘
1342,11:26:39,3.09,--,25,7725,买盘
1343,11:26:33,3.09,0.01,30,9270,买盘
1344,11:26:24,3.08,--,230,70840,卖盘
1345,11:26:18,3.08,-0.01,29,8932,卖盘
1346,11:26:09,3.09,--,45,13905,买盘
1347,11:26:03,3.09,0.01,35,10815,买盘
1348,11:25:59,3.08,-0.01,130,40040,卖盘
1349,11:25:48,3.09,--,25,7725,买盘
1350,11:25:33,3.09,0.01,25,7725,买盘
1351,11:25:29,3.08,--,4,1232,卖盘
1352,11:25:24,3.08,--,29,8932,卖盘
1353,11:25:18,3.08,-0.01,27,8316,卖盘
1354,11:25:14,3.09,0.01,107,33063,买盘
1355,11:25:09,3.08,--,713,219604,卖盘
1356,11:25:03,3.08,-0.01,7,2156,卖盘
1357,11:24:59,3.09,0.01,380,117420,买盘
1358,11:24:54,3.08,--,30,9240,卖盘
1359,11:24:48,3.08,--,22,6776,卖盘
1360,11:24:44,3.08,-0.01,81,24948,卖盘
1361,11:24:39,3.09,--,30,9270,买盘
1362,11:24:29,3.09,0.01,25,7725,买盘
1363,11:24:18,3.08,--,24,7392,卖盘
1364,11:24:14,3.08,--,222,68376,卖盘
1365,11:24:09,3.08,-0.01,267,82236,卖盘
1366,11:24:03,3.09,0.01,1,309,买盘
1367,11:23:59,3.08,-0.01,6,1848,卖盘
1368,11:23:54,3.09,0.01,85,26265,买盘
1369,11:23:44,3.08,--,3,924,卖盘
1370,11:23:39,3.08,-0.01,36,11088,卖盘
1371,11:23:29,3.09,0.01,70,21630,买盘
1372,11:23:24,3.08,-0.01,210,64680,卖盘
1373,11:23:14,3.09,--,5,1545,买盘
1374,11:23:09,3.09,--,26,8034,买盘
1375,11:23:03,3.09,--,130,40170,买盘
1376,11:22:59,3.09,--,130,40170,买盘
1377,11:22:54,3.09,0.01,28,8652,买盘
1378,11:22:48,3.08,-0.01,1,308,卖盘
1379,11:22:44,3.09,--,2,618,买盘
1380,11:22:38,3.09,0.01,25,7725,买盘
1381,11:22:33,3.08,--,20,6160,卖盘
1382,11:22:29,3.08,--,50,15400,卖盘
1383,11:22:24,3.08,-0.01,74,22792,卖盘
1384,11:22:18,3.09,--,110,33990,买盘
1385,11:22:13,3.09,0.01,1039,321051,买盘
1386,11:22:09,3.08,-0.01,553,170324,卖盘
1387,11:22:03,3.09,--,535,165315,买盘
1388,11:21:54,3.09,0.01,177,54693,买盘
1389,11:21:48,3.08,--,65,20020,卖盘
1390,11:21:38,3.08,--,7,2156,卖盘
1391,11:21:33,3.08,--,278,85624,卖盘
1392,11:21:28,3.08,--,1038,319704,卖盘
1393,11:21:23,3.08,--,1906,587048,卖盘
1394,11:21:18,3.08,--,149,45892,卖盘
1395,11:21:12,3.08,--,204,62832,卖盘
1396,11:21:08,3.08,--,181,55748,卖盘
1397,11:21:03,3.08,--,1385,426580,卖盘
1398,11:20:53,3.08,-0.01,41,12628,卖盘
1399,11:20:42,3.09,0.01,25,7725,买盘
1400,11:20:38,3.08,--,1491,459228,卖盘
1401,11:20:33,3.08,-0.01,47,14476,卖盘
1402,11:20:27,3.09,--,25,7725,买盘
1403,11:20:23,3.09,--,30,9270,买盘
1404,11:20:18,3.09,--,1,309,买盘
1405,11:20:08,3.09,0.01,72,22248,买盘
1406,11:20:03,3.08,-0.01,98,30184,卖盘
1407,11:19:53,3.09,--,125,38625,买盘
1408,11:19:48,3.09,--,15,4635,买盘
1409,11:19:38,3.09,--,35,10815,买盘
1410,11:19:27,3.09,--,300,92700,买盘
1411,11:19:23,3.09,--,35,10815,买盘
1412,11:19:18,3.09,--,5,1545,买盘
1413,11:19:12,3.09,--,20,6180,买盘
1414,11:19:08,3.09,--,7056,2180304,买盘
1415,11:19:03,3.09,--,235,72615,买盘
1416,11:18:57,3.09,--,50,15450,买盘
1417,11:18:53,3.09,--,55,16995,买盘
1418,11:18:48,3.09,--,17,5253,买盘
1419,11:18:42,3.09,--,1,309,买盘
1420,11:18:38,3.09,--,121,37389,买盘
1421,11:18:33,3.09,--,27,8343,买盘
1422,11:18:27,3.09,0.01,1,309,买盘
1423,11:18:23,3.08,-0.01,2,616,卖盘
1424,11:18:18,3.09,0.01,56,17304,买盘
1425,11:18:12,3.08,-0.01,135,41580,卖盘
1426,11:18:08,3.09,0.01,27,8343,买盘
1427,11:18:03,3.08,-0.01,226,69608,卖盘
1428,11:17:53,3.09,--,35,10815,买盘
1429,11:17:48,3.09,0.01,27,8343,买盘
1430,11:17:42,3.08,-0.01,5,1540,卖盘
1431,11:17:38,3.09,--,3,927,买盘
1432,11:17:33,3.09,--,26,8034,买盘
1433,11:17:23,3.09,--,63,19467,买盘
1434,11:17:18,3.09,0.01,279,86211,买盘
1435,11:17:12,3.08,-0.01,259,79772,卖盘
1436,11:17:08,3.09,--,1,309,买盘
1437,11:17:03,3.09,--,54,16686,买盘
1438,11:16:57,3.09,--,51,15759,买盘
1439,11:16:53,3.09,0.01,7,2163,买盘
1440,11:16:48,3.08,-0.01,139,42812,卖盘
1441,11:16:41,3.09,--,26,8034,买盘
1442,11:16:38,3.09,--,11,3399,买盘
1443,11:16:33,3.09,--,51,15759,买盘
1444,11:16:27,3.09,--,171,52839,买盘
1445,11:16:22,3.09,--,1,309,买盘
1446,11:16:18,3.09,--,1,309,买盘
1447,11:16:12,3.09,--,202,62418,买盘
1448,11:16:03,3.09,--,101,31209,买盘
1449,11:15:57,3.09,--,26,8034,买盘
1450,11:15:52,3.09,--,1,309,买盘
1451,11:15:48,3.09,--,3,927,买盘
1452,11:15:42,3.09,--,14,4326,买盘
1453,11:15:37,3.09,--,95,29355,买盘
1454,11:15:33,3.09,--,52,16068,买盘
1455,11:15:23,3.09,--,36,11124,买盘
1456,11:15:18,3.09,0.01,40,12360,买盘
1457,11:15:12,3.08,-0.01,144,44352,卖盘
1458,11:15:08,3.09,0.01,45,13905,买盘
1459,11:15:03,3.08,--,8,2464,卖盘
1460,11:14:57,3.08,--,59,18172,卖盘
1461,11:14:48,3.08,-0.01,105,32340,卖盘
1462,11:14:42,3.09,--,5,1545,买盘
1463,11:14:33,3.09,--,25,7725,买盘
1464,11:14:27,3.09,--,32,9888,买盘
1465,11:14:22,3.09,--,16,4944,买盘
1466,11:14:18,3.09,0.01,126,38934,买盘
1467,11:14:12,3.08,-0.01,160,49280,卖盘
1468,11:14:02,3.09,--,25,7725,买盘
1469,11:13:57,3.09,--,3,927,买盘
1470,11:13:47,3.09,--,52,16068,买盘
1471,11:13:41,3.09,--,1,309,买盘
1472,11:13:37,3.09,--,11,3399,买盘
1473,11:13:33,3.09,--,26,8034,买盘
1474,11:13:27,3.09,--,1,309,买盘
1475,11:13:22,3.09,--,25,7725,买盘
1476,11:13:17,3.09,--,1,309,买盘
1477,11:13:12,3.09,--,46,14214,买盘
1478,11:13:06,3.09,0.01,8,2472,买盘
1479,11:13:02,3.08,-0.01,23,7084,卖盘
1480,11:12:57,3.09,--,313,96717,买盘
1481,11:12:47,3.09,--,34,10506,买盘
1482,11:12:41,3.09,--,125,38625,买盘
1483,11:12:36,3.09,0.01,1,309,买盘
1484,11:12:32,3.08,-0.01,1442,444136,卖盘
1485,11:12:27,3.09,--,25,7725,买盘
1486,11:12:21,3.09,--,3,927,买盘
1487,11:12:17,3.09,--,365,112785,买盘
1488,11:12:11,3.09,--,59,18231,买盘
1489,11:12:06,3.09,--,1,309,买盘
1490,11:12:02,3.09,--,262,80958,买盘
1491,11:11:57,3.09,--,5,1545,买盘
1492,11:11:51,3.09,--,32,9888,买盘
1493,11:11:47,3.09,--,90,27810,买盘
1494,11:11:41,3.09,--,7,2163,买盘
1495,11:11:36,3.09,0.01,55,16995,买盘
1496,11:11:32,3.08,--,330,101640,卖盘
1497,11:11:27,3.08,-0.01,15,4620,卖盘
1498,11:11:21,3.09,--,26,8034,买盘
1499,11:11:17,3.09,--,2,618,买盘
1500,11:11:12,3.09,--,1,309,买盘
1501,11:11:06,3.09,--,19,5871,买盘
1502,11:11:02,3.09,--,37,11433,买盘
1503,11:10:57,3.09,--,29,8961,买盘
1504,11:10:47,3.09,--,76,23484,买盘
1505,11:10:42,3.09,--,62,19158,买盘
1506,11:10:36,3.09,0.01,48,14832,买盘
1507,11:10:32,3.08,-0.01,49,15092,卖盘
1508,11:10:17,3.09,--,33,10197,买盘
1509,11:10:11,3.09,0.01,288,88992,买盘
1510,11:10:06,3.08,--,12,3696,卖盘
1511,11:10:02,3.08,-0.01,33,10164,卖盘
1512,11:09:50,3.09,0.01,30,9270,买盘
1513,11:09:47,3.08,--,294,90552,卖盘
1514,11:09:42,3.08,--,51,15708,卖盘
1515,11:09:36,3.08,--,1,308,卖盘
1516,11:09:32,3.08,-0.01,29,8932,卖盘
1517,11:09:27,3.09,0.01,137,42333,买盘
1518,11:09:20,3.08,--,1,308,卖盘
1519,11:09:17,3.08,-0.01,1,308,卖盘
1520,11:09:12,3.09,0.01,96,29664,买盘
1521,11:09:01,3.08,-0.01,209,64372,卖盘
1522,11:08:56,3.09,0.01,38,11742,买盘
1523,11:08:51,3.08,-0.01,137,42196,卖盘
1524,11:08:42,3.09,0.01,176,54384,买盘
1525,11:08:35,3.08,--,1,308,卖盘
1526,11:08:31,3.08,-0.01,1,308,卖盘
1527,11:08:26,3.09,0.01,34,10506,买盘
1528,11:08:21,3.08,-0.01,334,102872,卖盘
1529,11:08:16,3.09,0.01,79,24411,买盘
1530,11:08:11,3.08,-0.01,2,616,卖盘
1531,11:08:06,3.09,--,80,24720,买盘
1532,11:08:01,3.09,0.01,64,19776,买盘
1533,11:07:56,3.08,-0.01,108,33264,卖盘
1534,11:07:50,3.09,0.01,227,70143,买盘
1535,11:07:46,3.08,--,30,9240,卖盘
1536,11:07:41,3.08,-0.01,6,1848,卖盘
1537,11:07:35,3.09,0.01,36,11124,买盘
1538,11:07:21,3.08,--,182,56056,卖盘
1539,11:07:16,3.08,--,242,74536,卖盘
1540,11:07:05,3.08,-0.01,346,106568,卖盘
1541,11:07:01,3.09,--,7,2163,买盘
1542,11:06:56,3.09,--,107,33063,买盘
1543,11:06:50,3.09,0.01,104,32136,买盘
1544,11:06:46,3.08,-0.01,145,44660,卖盘
1545,11:06:41,3.09,0.01,1000,309000,买盘
1546,11:06:35,3.08,-0.01,4,1232,卖盘
1547,11:06:31,3.09,--,146,45114,买盘
1548,11:06:26,3.09,--,18,5562,买盘
1549,11:06:16,3.09,0.01,25,7725,买盘
1550,11:06:11,3.08,--,119,36652,卖盘
1551,11:06:05,3.08,-0.02,523,161145,卖盘
1552,11:06:01,3.1,0.01,25,7750,买盘
1553,11:05:56,3.09,--,15,4635,卖盘
1554,11:05:50,3.09,0.01,388,120139,买盘
1555,11:05:46,3.08,-0.01,1,308,卖盘
1556,11:05:41,3.09,--,95,29355,买盘
1557,11:05:35,3.09,--,100,30900,买盘
1558,11:05:31,3.09,--,27,8343,买盘
1559,11:05:26,3.09,--,125,38686,卖盘
1560,11:05:20,3.09,--,438,135342,卖盘
1561,11:05:14,3.09,--,201,62109,卖盘
1562,11:05:11,3.09,--,1908,589572,卖盘
1563,11:05:05,3.09,--,2169,670221,卖盘
1564,11:04:59,3.09,--,8387,2591583,卖盘
1565,11:04:56,3.09,-0.01,126,38934,卖盘
1566,11:04:50,3.1,0.01,192,59520,买盘
1567,11:04:44,3.09,--,1465,452685,卖盘
1568,11:04:41,3.09,--,3373,1042257,卖盘
1569,11:04:35,3.09,--,10050,3105450,卖盘
1570,11:04:26,3.09,-0.01,441,136269,卖盘
1571,11:04:20,3.1,0.01,268,83080,买盘
1572,11:04:11,3.09,-0.01,1466,452994,卖盘
1573,11:04:05,3.1,0.01,25,7750,买盘
1574,11:03:59,3.09,--,8311,2568099,卖盘
1575,11:03:56,3.09,-0.01,151,46659,卖盘
1576,11:03:50,3.1,0.01,280,86800,买盘
1577,11:03:44,3.09,--,1,309,卖盘
1578,11:03:41,3.09,-0.01,102,31518,卖盘
1579,11:03:35,3.1,0.01,39,12090,买盘
1580,11:03:29,3.09,--,176,54384,卖盘
1581,11:03:26,3.09,--,401,123909,卖盘
1582,11:03:20,3.09,--,787,243183,卖盘
1583,11:03:14,3.09,--,263,81267,卖盘
1584,11:03:11,3.09,--,387,119583,卖盘
1585,11:03:05,3.09,--,176,54384,卖盘
1586,11:02:59,3.09,--,20,6180,卖盘
1587,11:02:56,3.09,--,199,61491,卖盘
1588,11:02:50,3.09,-0.01,69,21321,卖盘
1589,11:02:44,3.1,--,56,17360,买盘
1590,11:02:40,3.1,0.01,3169,982390,买盘
1591,11:02:35,3.09,-0.01,1,309,卖盘
1592,11:02:30,3.1,--,25,7750,买盘
1593,11:02:21,3.1,0.01,791,245210,买盘
1594,11:02:14,3.09,--,404,124836,卖盘
1595,11:02:10,3.09,--,50,15450,卖盘
1596,11:02:05,3.09,--,1356,419004,卖盘
1597,11:02:00,3.09,-0.01,328,101352,卖盘
1598,11:01:55,3.1,0.01,190,58900,买盘
1599,11:01:50,3.09,--,8,2472,卖盘
1600,11:01:44,3.09,--,406,125701,卖盘
1601,11:01:40,3.09,--,48,14832,卖盘
1602,11:01:35,3.09,--,246,76014,卖盘
1603,11:01:29,3.09,--,26,8034,卖盘
1604,11:01:20,3.09,--,148,45732,卖盘
1605,11:01:14,3.09,-0.01,5,1545,卖盘
1606,11:01:10,3.1,--,37,11470,买盘
1607,11:01:05,3.1,0.01,47,14570,买盘
1608,11:00:59,3.09,--,51,15759,卖盘
1609,11:00:55,3.09,--,817,252453,卖盘
1610,11:00:50,3.09,--,65,20085,卖盘
1611,11:00:44,3.09,--,813,251217,卖盘
1612,11:00:40,3.09,-0.01,1,309,卖盘
1613,11:00:35,3.1,--,26,8060,买盘
1614,11:00:20,3.1,0.01,574,177940,买盘
1615,11:00:14,3.09,--,51,15759,卖盘
1616,11:00:05,3.09,-0.01,30,9270,卖盘
1617,11:00:00,3.1,0.01,173,53630,买盘
1618,10:59:55,3.09,-0.01,42,12978,卖盘
1619,10:59:50,3.1,0.01,25,7750,买盘
1620,10:59:44,3.09,-0.01,1,309,卖盘
1621,10:59:40,3.1,--,20,6200,买盘
1622,10:59:35,3.1,0.01,160,49600,买盘
1623,10:59:29,3.09,--,235,72615,卖盘
1624,10:59:20,3.09,--,259,80031,卖盘
1625,10:59:14,3.09,-0.01,1,309,卖盘
1626,10:59:05,3.1,--,64,19840,买盘
1627,10:58:59,3.1,--,60,18600,买盘
1628,10:58:55,3.1,--,226,70060,买盘
1629,10:58:44,3.1,0.01,38,11780,买盘
1630,10:58:35,3.09,--,22,6798,卖盘
1631,10:58:29,3.09,--,160,49440,卖盘
1632,10:58:25,3.09,-0.01,30,9270,卖盘
1633,10:58:14,3.1,--,57,17670,买盘
1634,10:58:10,3.1,0.01,1,310,买盘
1635,10:58:05,3.09,-0.01,1,309,卖盘
1636,10:57:59,3.1,0.01,30,9300,买盘
1637,10:57:55,3.09,-0.01,1,309,卖盘
1638,10:57:50,3.1,--,3,930,买盘
1639,10:57:44,3.1,0.01,38,11780,买盘
1640,10:57:38,3.09,-0.01,92,28428,卖盘
1641,10:57:35,3.1,--,1,310,买盘
1642,10:57:29,3.1,--,136,42160,买盘
1643,10:57:23,3.1,--,55,17050,买盘
1644,10:57:20,3.1,--,137,42470,买盘
1645,10:57:08,3.1,--,32,9920,买盘
1646,10:56:59,3.1,--,512,158720,买盘
1647,10:56:53,3.1,0.01,25,7750,买盘
1648,10:56:50,3.09,--,44,13596,卖盘
1649,10:56:44,3.09,--,21,6489,卖盘
1650,10:56:38,3.09,--,9,2781,卖盘
1651,10:56:35,3.09,--,41,12669,卖盘
1652,10:56:29,3.09,-0.01,460,142140,卖盘
1653,10:56:20,3.1,0.01,26,8060,买盘
1654,10:56:14,3.09,--,106,32754,卖盘
1655,10:56:08,3.09,-0.01,170,52530,卖盘
1656,10:56:05,3.1,0.01,26,8060,买盘
1657,10:55:59,3.09,--,77,23793,卖盘
1658,10:55:53,3.09,--,1,309,卖盘
1659,10:55:50,3.09,--,55,16995,卖盘
1660,10:55:44,3.09,--,124,38316,卖盘
1661,10:55:38,3.09,-0.01,1,309,卖盘
1662,10:55:35,3.1,0.01,31,9610,买盘
1663,10:55:30,3.09,-0.01,325,100425,卖盘
1664,10:55:14,3.1,0.01,107,33170,买盘
1665,10:55:08,3.09,--,46,14214,卖盘
1666,10:55:05,3.09,-0.01,195,60255,卖盘
1667,10:54:59,3.1,0.01,25,7750,买盘
1668,10:54:53,3.09,-0.01,61,18849,卖盘
1669,10:54:49,3.1,0.01,76,23560,买盘
1670,10:54:44,3.09,--,209,64581,卖盘
1671,10:54:34,3.09,--,35,10815,卖盘
1672,10:54:30,3.09,--,157,48513,卖盘
1673,10:54:24,3.09,--,20,6180,卖盘
1674,10:54:19,3.09,--,780,241020,卖盘
1675,10:54:14,3.09,--,325,100425,卖盘
1676,10:54:08,3.09,--,449,138741,卖盘
1677,10:54:04,3.09,--,36,11124,卖盘
1678,10:53:59,3.09,--,526,162534,卖盘
1679,10:53:49,3.09,--,84,25956,卖盘
1680,10:53:44,3.09,-0.01,30,9270,卖盘
1681,10:53:38,3.1,0.01,25,7750,买盘
1682,10:53:34,3.09,-0.01,182,56238,卖盘
1683,10:53:29,3.1,--,7,2170,买盘
1684,10:53:23,3.1,0.01,126,39060,买盘
1685,10:53:14,3.09,-0.01,5,1545,卖盘
1686,10:53:08,3.1,0.01,33,10230,买盘
1687,10:52:59,3.09,-0.01,1,309,卖盘
1688,10:52:53,3.1,0.01,26,8060,买盘
1689,10:52:44,3.09,-0.01,367,113403,卖盘
1690,10:52:38,3.1,0.01,127,39370,买盘
1691,10:52:34,3.09,--,1,309,卖盘
1692,10:52:29,3.09,--,1,309,卖盘
1693,10:52:23,3.09,-0.01,183,56547,卖盘
1694,10:52:19,3.1,0.01,86,26660,买盘
1695,10:52:14,3.09,--,242,74778,卖盘
1696,10:52:08,3.09,--,309,95481,卖盘
1697,10:52:04,3.09,--,338,104442,卖盘
1698,10:51:59,3.09,--,1,309,卖盘
1699,10:51:53,3.09,--,8,2472,卖盘
1700,10:51:49,3.09,--,81,25029,卖盘
1701,10:51:44,3.09,-0.01,107,33063,卖盘
1702,10:51:39,3.1,0.01,9,2790,买盘
1703,10:51:34,3.09,-0.01,5,1545,卖盘
1704,10:51:29,3.1,0.01,42,13020,买盘
1705,10:51:23,3.09,-0.01,17,5253,卖盘
1706,10:51:14,3.1,0.01,46,14260,买盘
1707,10:51:08,3.09,--,6,1854,卖盘
1708,10:51:04,3.09,--,1,309,卖盘
1709,10:50:59,3.09,--,26,8034,卖盘
1710,10:50:53,3.09,--,1,309,卖盘
1711,10:50:44,3.09,--,56,17304,卖盘
1712,10:50:38,3.09,--,2,618,卖盘
1713,10:50:34,3.09,-0.01,46,14214,卖盘
1714,10:50:29,3.1,--,26,8060,买盘
1715,10:50:24,3.1,0.01,44,13640,买盘
1716,10:50:14,3.09,--,41,12669,卖盘
1717,10:50:09,3.09,--,1,309,卖盘
1718,10:50:04,3.09,--,1,309,卖盘
1719,10:49:59,3.09,-0.01,218,67362,卖盘
1720,10:49:54,3.1,0.01,30,9300,买盘
1721,10:49:47,3.09,--,15,4635,卖盘
1722,10:49:44,3.09,-0.01,24,7416,卖盘
1723,10:49:38,3.1,--,146,45260,买盘
1724,10:49:29,3.1,0.01,98,30380,买盘
1725,10:49:23,3.09,--,26,8034,卖盘
1726,10:49:17,3.09,--,11,3399,卖盘
1727,10:49:14,3.09,-0.01,1,309,卖盘
1728,10:49:08,3.1,0.01,39,12090,买盘
1729,10:48:59,3.09,--,47,14523,卖盘
1730,10:48:53,3.09,--,51,15759,卖盘
1731,10:48:47,3.09,--,1,309,卖盘
1732,10:48:44,3.09,--,5,1545,卖盘
1733,10:48:38,3.09,--,182,56238,卖盘
1734,10:48:32,3.09,--,201,62109,卖盘
1735,10:48:29,3.09,--,151,46659,卖盘
1736,10:48:23,3.09,-0.01,219,67671,卖盘
1737,10:48:17,3.1,0.01,91,28210,买盘
1738,10:48:13,3.09,--,71,21939,卖盘
1739,10:48:08,3.09,--,401,123909,卖盘
1740,10:48:02,3.09,-0.01,28,8652,卖盘
1741,10:47:59,3.1,--,126,39060,买盘
1742,10:47:53,3.1,0.01,68,21080,买盘
1743,10:47:47,3.09,--,187,57783,卖盘
1744,10:47:43,3.09,--,28,8652,卖盘
1745,10:47:38,3.09,--,17,5253,卖盘
1746,10:47:32,3.09,-0.01,27,8343,卖盘
1747,10:47:23,3.1,0.01,32,9920,买盘
1748,10:47:17,3.09,--,50,15450,卖盘
1749,10:47:13,3.09,--,1,309,卖盘
1750,10:47:08,3.09,--,1,309,卖盘
1751,10:47:02,3.09,-0.01,82,25338,卖盘
1752,10:46:58,3.1,--,26,8060,买盘
1753,10:46:53,3.1,--,1,310,买盘
1754,10:46:47,3.1,--,5,1550,买盘
1755,10:46:43,3.1,0.01,25,7750,买盘
1756,10:46:38,3.09,--,10,3090,卖盘
1757,10:46:32,3.09,-0.01,161,49749,卖盘
1758,10:46:28,3.1,0.01,25,7750,买盘
1759,10:46:17,3.09,--,3,927,卖盘
1760,10:46:13,3.09,-0.01,1,309,卖盘
1761,10:46:08,3.1,--,25,7750,买盘
1762,10:46:02,3.1,0.01,8,2480,买盘
1763,10:45:53,3.09,-0.01,68,21012,卖盘
1764,10:45:47,3.1,0.01,258,79980,买盘
1765,10:45:43,3.09,--,49,15141,卖盘
1766,10:45:38,3.09,--,228,70452,卖盘
1767,10:45:32,3.09,--,8,2472,卖盘
1768,10:45:28,3.09,--,1,309,卖盘
1769,10:45:23,3.09,-0.01,43,13287,卖盘
1770,10:45:17,3.1,0.01,8,2480,买盘
1771,10:45:13,3.09,--,6,1854,卖盘
1772,10:45:08,3.09,--,26,8034,卖盘
1773,10:45:02,3.09,--,1,309,卖盘
1774,10:44:58,3.09,--,35,10815,卖盘
1775,10:44:53,3.09,--,26,8034,卖盘
1776,10:44:47,3.09,--,5,1545,卖盘
1777,10:44:43,3.09,--,324,100116,卖盘
1778,10:44:38,3.09,-0.01,201,62109,卖盘
1779,10:44:32,3.1,0.01,33,10230,买盘
1780,10:44:28,3.09,--,2,618,卖盘
1781,10:44:23,3.09,--,1,309,卖盘
1782,10:44:17,3.09,-0.01,77,23793,卖盘
1783,10:44:13,3.1,--,8,2480,买盘
1784,10:44:08,3.1,0.01,38,11780,买盘
1785,10:44:02,3.09,--,34,10506,卖盘
1786,10:43:53,3.09,--,1,309,卖盘
1787,10:43:47,3.09,-0.01,72,22248,卖盘
1788,10:43:43,3.1,--,111,34410,买盘
1789,10:43:38,3.1,0.01,26,8060,买盘
1790,10:43:32,3.09,--,26,8034,卖盘
1791,10:43:23,3.09,--,4,1236,卖盘
1792,10:43:17,3.09,-0.01,5,1545,卖盘
1793,10:43:13,3.1,0.01,26,8060,买盘
1794,10:43:08,3.09,--,228,70452,卖盘
1795,10:43:02,3.09,-0.01,1011,312399,卖盘
1796,10:42:58,3.1,0.01,25,7750,买盘
1797,10:42:53,3.09,--,162,50058,卖盘
1798,10:42:47,3.09,-0.01,21,6489,卖盘
1799,10:42:43,3.1,0.01,215,66650,买盘
1800,10:42:38,3.09,--,8,2472,卖盘
1801,10:42:32,3.09,-0.01,190,58710,卖盘
1802,10:42:28,3.1,--,399,123690,买盘
1803,10:42:23,3.1,--,49,15190,买盘
1804,10:42:17,3.1,--,192,59520,买盘
1805,10:42:08,3.1,0.01,26,8060,买盘
1806,10:42:02,3.09,--,11,3399,卖盘
1807,10:41:58,3.09,-0.01,150,46350,卖盘
1808,10:41:53,3.1,--,26,8060,买盘
1809,10:41:47,3.1,0.01,7,2170,买盘
1810,10:41:43,3.09,-0.01,1,309,卖盘
1811,10:41:38,3.1,0.01,26,8060,买盘
1812,10:41:26,3.09,--,16,4944,卖盘
1813,10:41:23,3.09,--,5299,1637391,卖盘
1814,10:41:17,3.09,--,520,160680,卖盘
1815,10:41:08,3.09,-0.01,237,73233,卖盘
1816,10:41:02,3.1,0.01,29,8990,买盘
1817,10:40:56,3.09,-0.01,553,170877,卖盘
1818,10:40:47,3.1,--,27,8370,买盘
1819,10:40:41,3.1,0.01,1,310,买盘
1820,10:40:38,3.09,-0.01,26,8034,卖盘
1821,10:40:32,3.1,0.01,25,7750,买盘
1822,10:40:26,3.09,-0.01,1000,309000,卖盘
1823,10:40:17,3.1,0.01,75,23250,买盘
1824,10:40:11,3.09,--,10730,3315570,卖盘
1825,10:40:08,3.09,--,19,5871,卖盘
1826,10:40:02,3.09,-0.01,42,12978,卖盘
1827,10:39:56,3.1,0.01,2,620,买盘
1828,10:39:52,3.09,--,55,16995,卖盘
1829,10:39:47,3.09,--,89,27501,卖盘
1830,10:39:41,3.09,--,61,18849,卖盘
1831,10:39:37,3.09,--,5,1545,卖盘
1832,10:39:32,3.09,-0.01,8,2472,卖盘
1833,10:39:26,3.1,0.01,3510,1088100,买盘
1834,10:39:17,3.09,-0.01,60,18540,卖盘
1835,10:39:11,3.1,--,27,8370,买盘
1836,10:39:07,3.1,0.01,6,1860,买盘
1837,10:39:02,3.09,-0.01,180,55620,卖盘
1838,10:38:56,3.1,--,26,8060,买盘
1839,10:38:52,3.1,0.01,11,3410,买盘
1840,10:38:47,3.09,--,256,79104,卖盘
1841,10:38:41,3.09,-0.01,95,29355,卖盘
1842,10:38:32,3.1,--,13,4030,买盘
1843,10:38:26,3.1,--,27,8370,买盘
1844,10:38:22,3.1,0.01,10,3100,买盘
1845,10:38:17,3.09,-0.01,1500,463500,卖盘
1846,10:38:11,3.1,--,135,41850,买盘
1847,10:38:02,3.1,0.01,7,2170,买盘
1848,10:37:56,3.09,-0.01,1,309,卖盘
1849,10:37:52,3.1,0.01,52,16120,买盘
1850,10:37:47,3.09,--,1,309,卖盘
1851,10:37:41,3.09,--,20,6180,卖盘
1852,10:37:37,3.09,--,64,19776,卖盘
1853,10:37:26,3.09,-0.01,47,14523,卖盘
1854,10:37:22,3.1,0.01,25,7750,买盘
1855,10:37:17,3.09,--,91,28119,卖盘
1856,10:37:07,3.09,-0.01,77,23793,卖盘
1857,10:37:02,3.1,--,25,7750,买盘
1858,10:36:56,3.1,0.01,1,310,买盘
1859,10:36:47,3.09,--,27,8482,卖盘
1860,10:36:41,3.09,-0.01,31,9579,卖盘
1861,10:36:37,3.1,0.01,6,1860,买盘
1862,10:36:32,3.09,-0.01,75,23175,卖盘
1863,10:36:26,3.1,0.01,21,6510,买盘
1864,10:36:22,3.09,-0.01,20,6180,卖盘
1865,10:36:17,3.1,0.01,58,17980,买盘
1866,10:36:02,3.09,--,125,38625,卖盘
1867,10:35:56,3.09,--,16,4944,卖盘
1868,10:35:52,3.09,-0.01,3,927,卖盘
1869,10:35:47,3.1,--,23,7130,买盘
1870,10:35:41,3.1,0.01,27,8370,买盘
1871,10:35:37,3.09,--,53,16377,卖盘
1872,10:35:32,3.09,-0.01,162,50058,卖盘
1873,10:35:26,3.1,0.01,72,22320,买盘
1874,10:35:22,3.09,--,11,3399,卖盘
1875,10:35:17,3.09,-0.01,225,69525,卖盘
1876,10:35:11,3.1,0.01,136,42160,买盘
1877,10:35:07,3.09,-0.01,1,309,卖盘
1878,10:35:02,3.1,0.01,3,930,买盘
1879,10:34:56,3.09,-0.01,32,9888,卖盘
1880,10:34:41,3.1,0.01,75,23250,买盘
1881,10:34:37,3.09,-0.01,201,62109,卖盘
1882,10:34:32,3.1,--,201,62310,买盘
1883,10:34:26,3.1,--,81,25110,买盘
1884,10:34:22,3.1,0.01,303,93930,买盘
1885,10:34:17,3.09,-0.01,5,1545,卖盘
1886,10:34:11,3.1,--,229,70990,买盘
1887,10:34:07,3.1,0.01,25,7750,买盘
1888,10:34:02,3.09,-0.01,600,185400,卖盘
1889,10:33:52,3.1,--,291,90210,买盘
1890,10:33:47,3.1,--,38,11780,买盘
1891,10:33:37,3.1,--,25,7750,买盘
1892,10:33:32,3.1,--,5,1550,买盘
1893,10:33:26,3.1,--,550,170500,买盘
1894,10:33:22,3.1,--,33,10230,买盘
1895,10:33:16,3.1,--,212,65720,买盘
1896,10:33:11,3.1,--,192,59520,买盘
1897,10:33:01,3.1,0.01,25,7750,买盘
1898,10:32:56,3.09,--,15,4635,卖盘
1899,10:32:51,3.09,-0.01,72,22248,卖盘
1900,10:32:41,3.1,--,20,6200,买盘
1901,10:32:36,3.1,--,267,82770,买盘
1902,10:32:31,3.1,--,25,7750,买盘
1903,10:32:26,3.1,--,2,620,买盘
1904,10:32:21,3.1,0.01,45,13950,买盘
1905,10:32:16,3.09,-0.01,66,20394,卖盘
1906,10:32:05,3.1,--,7,2170,买盘
1907,10:31:56,3.1,0.01,30,9300,买盘
1908,10:31:50,3.09,-0.01,2440,754120,卖盘
1909,10:31:46,3.1,--,46,14260,买盘
1910,10:31:41,3.1,0.01,25,7750,买盘
1911,10:31:35,3.09,--,73,22557,卖盘
1912,10:31:31,3.09,-0.01,501,154809,卖盘
1913,10:31:26,3.1,--,223,69130,买盘
1914,10:31:20,3.1,0.01,20,6200,买盘
1915,10:31:16,3.09,--,33,10197,卖盘
1916,10:31:11,3.09,--,28,8652,卖盘
1917,10:31:05,3.09,--,5,1545,卖盘
1918,10:31:01,3.09,--,35,10815,卖盘
1919,10:30:56,3.09,--,160,49440,卖盘
1920,10:30:50,3.09,-0.01,130,40170,卖盘
1921,10:30:41,3.1,--,25,7750,买盘
1922,10:30:35,3.1,0.01,9,2790,买盘
1923,10:30:30,3.09,--,1000,309000,卖盘
1924,10:30:26,3.09,-0.01,161,49749,卖盘
1925,10:30:20,3.1,0.01,146,45260,买盘
1926,10:30:16,3.09,--,31,9579,卖盘
1927,10:30:11,3.09,-0.01,119,36771,卖盘
1928,10:30:05,3.1,0.01,31,9610,买盘
1929,10:29:50,3.09,-0.01,165,50985,卖盘
1930,10:29:41,3.1,--,14,4340,买盘
1931,10:29:35,3.1,0.01,25,7750,买盘
1932,10:29:26,3.09,--,71,21939,卖盘
1933,10:29:20,3.09,-0.01,125,38625,卖盘
1934,10:29:05,3.1,--,215,66650,买盘
1935,10:28:56,3.1,0.01,1,310,买盘
1936,10:28:50,3.09,-0.01,143,44187,卖盘
1937,10:28:46,3.1,--,215,66650,买盘
1938,10:28:41,3.1,0.01,240,74400,买盘
1939,10:28:31,3.09,-0.01,165,50985,卖盘
1940,10:28:26,3.1,--,4,1240,买盘
1941,10:28:20,3.1,--,14,4340,买盘
1942,10:28:11,3.1,--,125,38750,买盘
1943,10:27:56,3.1,--,32,9920,买盘
1944,10:27:50,3.1,0.01,178,55180,买盘
1945,10:27:45,3.09,-0.01,8,2472,卖盘
1946,10:27:41,3.1,0.01,70,21700,买盘
1947,10:27:31,3.09,-0.01,1000,309000,卖盘
1948,10:27:26,3.1,--,69,21390,买盘
1949,10:27:20,3.1,--,94,29140,买盘
1950,10:27:16,3.1,--,10,3100,买盘
1951,10:27:11,3.1,--,59,18290,买盘
1952,10:27:05,3.1,--,527,163370,买盘
1953,10:26:56,3.1,0.01,147,45570,买盘
1954,10:26:41,3.09,-0.01,181,55929,卖盘
1955,10:26:35,3.1,--,31,9610,买盘
1956,10:26:20,3.1,0.01,80,24800,买盘
1957,10:26:15,3.09,--,110,33990,卖盘
1958,10:26:11,3.09,-0.01,102,31518,卖盘
1959,10:26:05,3.1,--,246,76260,买盘
1960,10:25:56,3.1,--,1,310,买盘
1961,10:25:50,3.1,0.01,42,13020,买盘
1962,10:25:46,3.09,--,10,3090,卖盘
1963,10:25:41,3.09,-0.01,15,4635,卖盘
1964,10:25:35,3.1,0.01,180,55800,买盘
1965,10:25:30,3.09,-0.01,24,7416,卖盘
1966,10:25:25,3.1,--,2,620,买盘
1967,10:25:20,3.1,0.01,235,72850,买盘
1968,10:25:16,3.09,--,163,50367,卖盘
1969,10:25:10,3.09,--,46,14214,卖盘
1970,10:25:05,3.09,-0.01,325,100425,卖盘
1971,10:25:01,3.1,0.01,242,75020,买盘
1972,10:24:55,3.09,-0.01,270,83430,卖盘
1973,10:24:50,3.1,--,75,23250,买盘
1974,10:24:45,3.1,0.01,25,7750,买盘
1975,10:24:40,3.09,--,130,40170,卖盘
1976,10:24:35,3.09,--,3,927,卖盘
1977,10:24:30,3.09,-0.01,40,12360,卖盘
1978,10:24:25,3.1,--,204,63240,买盘
1979,10:24:20,3.1,--,171,53010,买盘
1980,10:24:15,3.1,0.01,215,66650,买盘
1981,10:24:10,3.09,--,2,618,卖盘
1982,10:24:05,3.09,-0.01,50,15450,卖盘
1983,10:23:59,3.1,0.01,229,70990,买盘
1984,10:23:50,3.09,--,91,28119,卖盘
1985,10:23:44,3.09,-0.01,20,6180,卖盘
1986,10:23:40,3.1,--,25,7750,买盘
1987,10:23:35,3.1,--,5,1550,买盘
1988,10:23:29,3.1,--,174,53940,买盘
1989,10:23:25,3.1,0.01,69,21390,买盘
1990,10:23:14,3.09,--,24,7416,卖盘
1991,10:23:10,3.09,--,125,38625,卖盘
1992,10:22:59,3.09,-0.01,21,6489,卖盘
1993,10:22:55,3.1,--,30,9300,买盘
1994,10:22:50,3.1,0.01,1075,333250,买盘
1995,10:22:44,3.09,-0.01,30,9270,卖盘
1996,10:22:35,3.1,0.01,218,67580,买盘
1997,10:22:29,3.09,--,9,2781,卖盘
1998,10:22:24,3.09,-0.01,1,309,卖盘
1999,10:22:20,3.1,0.01,61,18910,买盘
2000,10:22:14,3.09,-0.01,480,148320,卖盘
2001,10:22:10,3.1,--,55,17050,买盘
2002,10:22:05,3.1,--,30,9300,买盘
2003,10:21:59,3.1,0.01,15,4650,买盘
2004,10:21:54,3.09,-0.01,233,71997,卖盘
2005,10:21:50,3.1,--,25,7750,买盘
2006,10:21:44,3.1,0.01,6,1860,买盘
2007,10:21:35,3.09,--,35,10815,卖盘
2008,10:21:29,3.09,-0.01,287,88683,卖盘
2009,10:21:24,3.1,0.01,33,10230,买盘
2010,10:21:20,3.09,-0.01,110,33990,卖盘
2011,10:21:14,3.1,--,357,110670,买盘
2012,10:21:09,3.1,--,10,3100,买盘
2013,10:20:59,3.1,--,27,8370,买盘
2014,10:20:50,3.1,--,1000,310000,买盘
2015,10:20:44,3.1,--,117,36270,买盘
2016,10:20:39,3.1,--,2,620,买盘
2017,10:20:35,3.1,--,201,62310,买盘
2018,10:20:29,3.1,--,49,15190,买盘
2019,10:20:24,3.1,0.01,3,930,买盘
2020,10:20:20,3.09,--,735,227115,卖盘
2021,10:20:14,3.09,-0.01,76,23484,卖盘
2022,10:20:09,3.1,0.01,76,23560,买盘
2023,10:20:05,3.09,-0.01,5,1545,卖盘
2024,10:19:59,3.1,--,35,10850,买盘
2025,10:19:54,3.1,--,30,9300,买盘
2026,10:19:50,3.1,0.01,699,216690,买盘
2027,10:19:44,3.09,-0.01,132,40788,卖盘
2028,10:19:39,3.1,0.01,25,7750,买盘
2029,10:19:24,3.09,--,225,69525,卖盘
2030,10:19:20,3.09,-0.01,504,155736,卖盘
2031,10:19:14,3.1,--,1,310,买盘
2032,10:19:05,3.1,0.01,8932,2768920,买盘
2033,10:18:59,3.09,-0.01,50,15450,卖盘
2034,10:18:50,3.1,--,57,17670,买盘
2035,10:18:44,3.1,--,506,156860,买盘
2036,10:18:35,3.1,0.01,45,13950,买盘
2037,10:18:24,3.09,--,112,34608,卖盘
2038,10:18:20,3.09,--,37,11433,卖盘
2039,10:18:14,3.09,--,147,45423,卖盘
2040,10:18:09,3.09,-0.01,15,4635,卖盘
2041,10:18:04,3.1,--,228,70680,买盘
2042,10:17:59,3.1,0.01,66,20460,买盘
2043,10:17:54,3.09,-0.01,20,6180,卖盘
2044,10:17:49,3.1,0.01,120,37200,买盘
2045,10:17:44,3.09,--,10,3090,卖盘
2046,10:17:39,3.09,--,151,46659,卖盘
2047,10:17:34,3.09,-0.01,1726,533334,卖盘
2048,10:17:29,3.1,0.01,49,15190,买盘
2049,10:17:24,3.09,--,40,12360,卖盘
2050,10:17:19,3.09,-0.01,50,15450,卖盘
2051,10:17:14,3.1,--,199,61690,买盘
2052,10:17:09,3.1,--,199,61690,买盘
2053,10:17:04,3.1,--,101,31310,买盘
2054,10:16:59,3.1,0.01,25,7750,买盘
2055,10:16:54,3.09,--,213,65817,卖盘
2056,10:16:49,3.09,-0.01,117,36153,卖盘
2057,10:16:44,3.1,0.01,846,262260,买盘
2058,10:16:39,3.09,--,106,32754,卖盘
2059,10:16:34,3.09,-0.01,62,19158,卖盘
2060,10:16:29,3.1,0.01,144,44640,买盘
2061,10:16:24,3.09,-0.01,287,88683,卖盘
2062,10:16:19,3.1,0.01,141,43710,买盘
2063,10:16:14,3.09,-0.01,717,221553,卖盘
2064,10:16:09,3.1,0.01,89,27590,买盘
2065,10:16:04,3.09,--,54,16686,卖盘
2066,10:15:59,3.09,--,84,25956,卖盘
2067,10:15:53,3.09,--,194,59946,卖盘
2068,10:15:49,3.09,-0.01,15,4635,卖盘
2069,10:15:44,3.1,0.01,40,12400,买盘
2070,10:15:38,3.09,--,848,262032,卖盘
2071,10:15:34,3.09,--,145,44805,卖盘
2072,10:15:29,3.09,-0.01,25,7725,卖盘
2073,10:15:23,3.1,0.01,401,124310,买盘
2074,10:15:14,3.09,--,101,31209,卖盘
2075,10:15:08,3.09,--,143,44187,卖盘
2076,10:15:04,3.09,--,204,63036,卖盘
2077,10:14:59,3.09,--,157,48513,卖盘
2078,10:14:53,3.09,-0.01,237,73233,卖盘
2079,10:14:48,3.1,0.01,5,1550,买盘
2080,10:14:44,3.09,--,66,20394,卖盘
2081,10:14:38,3.09,-0.01,25,7725,卖盘
2082,10:14:33,3.1,--,277,85870,买盘
2083,10:14:29,3.1,0.01,232,71920,买盘
2084,10:14:23,3.09,--,500,154500,卖盘
2085,10:14:18,3.09,--,491,151719,卖盘
2086,10:14:14,3.09,-0.01,60,18540,卖盘
2087,10:14:08,3.1,0.01,190,58900,买盘
2088,10:14:03,3.09,--,45,13905,卖盘
2089,10:13:59,3.09,--,21,6489,卖盘
2090,10:13:53,3.09,--,325,100425,卖盘
2091,10:13:48,3.09,-0.01,103,31827,卖盘
2092,10:13:44,3.1,0.01,85,26350,买盘
2093,10:13:38,3.09,-0.01,200,61800,卖盘
2094,10:13:29,3.1,--,26,8060,买盘
2095,10:13:18,3.1,--,161,49910,买盘
2096,10:13:14,3.1,0.01,141,43710,买盘
2097,10:13:08,3.09,--,1222,377598,卖盘
2098,10:13:03,3.09,--,192,59328,卖盘
2099,10:12:59,3.09,-0.01,536,165624,卖盘
2100,10:12:53,3.1,0.01,99,30690,买盘
2101,10:12:48,3.09,--,508,156972,卖盘
2102,10:12:44,3.09,-0.01,55,16995,卖盘
2103,10:12:33,3.1,--,201,62310,买盘
2104,10:12:29,3.1,0.01,27,8370,买盘
2105,10:12:23,3.09,-0.01,162,50058,卖盘
2106,10:12:18,3.1,0.01,2,620,买盘
2107,10:12:13,3.09,-0.01,55,16995,卖盘
2108,10:12:08,3.1,0.01,195,60450,买盘
2109,10:11:59,3.09,--,9,2781,卖盘
2110,10:11:53,3.09,-0.01,49,15141,卖盘
2111,10:11:48,3.1,0.01,5,1550,买盘
2112,10:11:43,3.09,--,216,66744,卖盘
2113,10:11:38,3.09,--,41,12669,卖盘
2114,10:11:33,3.09,--,419,129471,卖盘
2115,10:11:28,3.09,--,14,4326,卖盘
2116,10:11:23,3.09,--,420,129780,卖盘
2117,10:11:18,3.09,--,276,85284,卖盘
2118,10:11:13,3.09,--,2,618,卖盘
2119,10:11:08,3.09,--,554,171186,卖盘
2120,10:11:03,3.09,-0.01,158,48822,卖盘
2121,10:10:58,3.1,--,10,3100,买盘
2122,10:10:53,3.1,--,1060,328600,买盘
2123,10:10:48,3.1,0.01,217,67270,买盘
2124,10:10:43,3.09,--,204,63036,卖盘
2125,10:10:38,3.09,--,338,104442,卖盘
2126,10:10:33,3.09,-0.01,255,78795,卖盘
2127,10:10:28,3.1,0.01,32,9920,买盘
2128,10:10:23,3.09,-0.01,86,26574,卖盘
2129,10:10:18,3.1,0.01,88,27280,买盘
2130,10:10:13,3.09,--,683,211047,卖盘
2131,10:10:08,3.09,-0.01,124,38316,卖盘
2132,10:10:03,3.1,0.01,156,48360,买盘
2133,10:09:58,3.09,--,201,62109,卖盘
2134,10:09:53,3.09,-0.01,44,13596,卖盘
2135,10:09:48,3.1,0.01,28,8680,买盘
2136,10:09:38,3.09,-0.01,21,6489,卖盘
2137,10:09:33,3.1,--,65,20150,买盘
2138,10:09:28,3.1,--,4,1240,买盘
2139,10:09:23,3.1,--,63,19530,买盘
2140,10:09:18,3.1,--,47,14570,买盘
2141,10:09:13,3.1,--,65,20150,买盘
2142,10:09:08,3.1,--,12,3720,买盘
2143,10:09:03,3.1,0.01,2,620,买盘
2144,10:08:58,3.09,-0.01,90,27810,卖盘
2145,10:08:53,3.1,0.01,84,26040,买盘
2146,10:08:43,3.09,-0.01,200,61800,卖盘
2147,10:08:38,3.1,--,280,86800,买盘
2148,10:08:33,3.1,--,10,3100,买盘
2149,10:08:28,3.1,0.01,5,1550,买盘
2150,10:08:23,3.09,--,198,61182,卖盘
2151,10:08:17,3.09,--,6,1854,卖盘
2152,10:08:13,3.09,-0.01,10,3090,卖盘
2153,10:08:08,3.1,0.01,30,9300,买盘
2154,10:07:53,3.09,-0.01,237,73233,卖盘
2155,10:07:47,3.1,--,21,6510,买盘
2156,10:07:38,3.1,0.01,85,26350,买盘
2157,10:07:32,3.09,-0.01,61,18849,卖盘
2158,10:07:23,3.1,--,25,7750,买盘
2159,10:07:17,3.1,--,1,310,买盘
2160,10:07:08,3.1,--,200,62000,买盘
2161,10:07:02,3.1,0.01,177,54870,买盘
2162,10:06:53,3.09,-0.01,70,21630,卖盘
2163,10:06:47,3.1,0.01,25,7750,买盘
2164,10:06:38,3.09,--,201,62109,卖盘
2165,10:06:32,3.09,--,38,11742,卖盘
2166,10:06:23,3.09,--,1,309,卖盘
2167,10:06:17,3.09,-0.01,48,14832,卖盘
2168,10:06:12,3.1,--,15,4650,买盘
2169,10:06:02,3.1,0.01,568,176080,买盘
2170,10:05:53,3.09,-0.01,284,87756,卖盘
2171,10:05:47,3.1,0.01,226,70060,买盘
2172,10:05:38,3.09,--,151,46659,卖盘
2173,10:05:32,3.09,-0.01,60,18540,卖盘
2174,10:05:27,3.1,--,55,17050,买盘
2175,10:05:23,3.1,--,153,47430,买盘
2176,10:05:17,3.1,--,95,29450,买盘
2177,10:05:12,3.1,0.01,25,7750,买盘
2178,10:05:02,3.09,-0.01,359,110931,卖盘
2179,10:04:57,3.1,--,25,7750,买盘
2180,10:04:53,3.1,--,58,17980,买盘
2181,10:04:47,3.1,0.01,98,30380,买盘
2182,10:04:42,3.09,-0.01,10,3090,卖盘
2183,10:04:37,3.1,--,35,10850,买盘
2184,10:04:32,3.1,0.01,153,47430,买盘
2185,10:04:27,3.09,-0.01,19,5871,卖盘
2186,10:04:23,3.1,--,25,7750,买盘
2187,10:04:17,3.1,--,448,138880,买盘
2188,10:04:07,3.1,--,35,10850,买盘
2189,10:04:02,3.1,--,545,168950,买盘
2190,10:03:52,3.1,--,27,8370,买盘
2191,10:03:47,3.1,--,5,1550,买盘
2192,10:03:42,3.1,--,437,135470,买盘
2193,10:03:37,3.1,--,76,23560,买盘
2194,10:03:32,3.1,--,30,9300,买盘
2195,10:03:27,3.1,--,100,31000,买盘
2196,10:03:22,3.1,--,9,2790,买盘
2197,10:03:17,3.1,--,65,20150,买盘
2198,10:03:12,3.1,0.01,27,8370,买盘
2199,10:03:07,3.09,-0.01,25,7725,卖盘
2200,10:03:02,3.1,0.01,204,63240,买盘
2201,10:02:57,3.09,--,102,31518,卖盘
2202,10:02:52,3.09,--,950,293550,卖盘
2203,10:02:47,3.09,-0.01,30,9270,卖盘
2204,10:02:42,3.1,--,9,2790,买盘
2205,10:02:32,3.1,0.01,116,35960,买盘
2206,10:02:27,3.09,--,316,97644,卖盘
2207,10:02:22,3.09,-0.01,20,6180,卖盘
2208,10:02:17,3.1,0.01,32,9920,买盘
2209,10:02:12,3.09,-0.01,2,618,卖盘
2210,10:02:07,3.1,0.01,200,62000,买盘
2211,10:02:02,3.09,-0.01,1016,313944,卖盘
2212,10:01:57,3.1,0.01,21,6510,买盘
2213,10:01:52,3.09,--,40,12360,卖盘
2214,10:01:47,3.09,-0.01,300,92700,卖盘
2215,10:01:42,3.1,--,90,27900,买盘
2216,10:01:37,3.1,0.01,4,1240,买盘
2217,10:01:27,3.09,-0.01,67,20703,卖盘
2218,10:01:22,3.1,0.01,60,18600,买盘
2219,10:01:17,3.09,-0.01,10,3090,卖盘
2220,10:01:12,3.1,0.01,326,101060,买盘
2221,10:01:02,3.09,--,202,62418,卖盘
2222,10:00:56,3.09,-0.01,237,73233,卖盘
2223,10:00:52,3.1,0.01,513,159030,买盘
2224,10:00:47,3.09,--,50,15450,卖盘
2225,10:00:42,3.09,--,62,19158,卖盘
2226,10:00:37,3.09,-0.01,28,8652,卖盘
2227,10:00:32,3.1,0.01,10,3100,买盘
2228,10:00:27,3.09,-0.01,6,1854,卖盘
2229,10:00:22,3.1,--,98,30380,买盘
2230,10:00:17,3.1,--,160,49600,买盘
2231,10:00:11,3.1,--,14,4340,买盘
2232,10:00:07,3.1,--,1,310,买盘
2233,10:00:02,3.1,0.01,110,34100,买盘
2234,09:59:56,3.09,--,428,132505,卖盘
2235,09:59:52,3.09,--,169,52221,卖盘
2236,09:59:47,3.09,--,314,97026,卖盘
2237,09:59:41,3.09,--,8,2472,卖盘
2238,09:59:37,3.09,--,8,2472,卖盘
2239,09:59:32,3.09,-0.01,836,258324,卖盘
2240,09:59:26,3.1,0.01,239,74090,买盘
2241,09:59:22,3.09,--,8,2472,卖盘
2242,09:59:17,3.09,--,216,66744,卖盘
2243,09:59:11,3.09,--,10,3090,卖盘
2244,09:59:02,3.09,-0.01,66,20394,卖盘
2245,09:58:56,3.1,0.01,25,7750,买盘
2246,09:58:47,3.09,-0.01,9,2781,卖盘
2247,09:58:41,3.1,0.01,186,57660,买盘
2248,09:58:36,3.09,--,8,2472,卖盘
2249,09:58:32,3.09,--,112,34608,卖盘
2250,09:58:26,3.09,--,19,5871,卖盘
2251,09:58:21,3.09,--,18,5562,卖盘
2252,09:58:17,3.09,--,31,9579,卖盘
2253,09:58:11,3.09,--,159,49131,卖盘
2254,09:58:06,3.09,--,13,4017,卖盘
2255,09:58:02,3.09,--,123,38007,卖盘
2256,09:57:56,3.09,--,19,5871,卖盘
2257,09:57:51,3.09,--,234,72306,卖盘
2258,09:57:47,3.09,--,61,18849,卖盘
2259,09:57:41,3.09,--,91,28119,卖盘
2260,09:57:32,3.09,-0.01,85,26265,卖盘
2261,09:57:26,3.1,--,943,292330,买盘
2262,09:57:21,3.1,0.01,58,17980,买盘
2263,09:57:17,3.09,--,8,2472,卖盘
2264,09:57:11,3.09,--,98,30282,卖盘
2265,09:57:06,3.09,--,8,2472,卖盘
2266,09:57:01,3.09,-0.01,22,6798,卖盘
2267,09:56:56,3.1,--,69,21390,买盘
2268,09:56:51,3.1,0.01,29,8990,买盘
2269,09:56:46,3.09,-0.01,8,2472,卖盘
2270,09:56:41,3.1,--,375,116250,买盘
2271,09:56:36,3.1,0.01,10,3100,买盘
2272,09:56:26,3.09,--,28,8652,卖盘
2273,09:56:21,3.09,--,120,37080,卖盘
2274,09:56:11,3.09,--,58,17922,卖盘
2275,09:56:06,3.09,--,122,37698,卖盘
2276,09:56:01,3.09,--,7,2163,卖盘
2277,09:55:56,3.09,--,111,34299,卖盘
2278,09:55:51,3.09,--,54,16806,卖盘
2279,09:55:46,3.09,--,7,2163,卖盘
2280,09:55:41,3.09,--,107,33063,卖盘
2281,09:55:36,3.09,--,1072,331248,卖盘
2282,09:55:31,3.09,--,435,134415,卖盘
2283,09:55:26,3.09,--,121,37389,卖盘
2284,09:55:21,3.09,--,208,64272,卖盘
2285,09:55:11,3.09,--,336,103824,卖盘
2286,09:55:06,3.09,--,70,21630,卖盘
2287,09:55:01,3.09,-0.01,17,5253,卖盘
2288,09:54:56,3.1,0.01,42,13020,买盘
2289,09:54:51,3.09,--,155,47895,卖盘
2290,09:54:46,3.09,-0.01,8,2472,卖盘
2291,09:54:41,3.1,0.01,87,26970,买盘
2292,09:54:36,3.09,--,15,4635,卖盘
2293,09:54:31,3.09,--,7,2163,卖盘
2294,09:54:26,3.09,--,120,37080,卖盘
2295,09:54:21,3.09,-0.01,148,45732,卖盘
2296,09:54:16,3.1,--,52,16120,买盘
2297,09:54:11,3.1,0.01,608,188480,买盘
2298,09:54:06,3.09,-0.01,14,4326,卖盘
2299,09:54:01,3.1,--,550,170500,买盘
2300,09:53:56,3.1,--,157,48670,买盘
2301,09:53:51,3.1,0.01,117,36270,买盘
2302,09:53:46,3.09,-0.01,7,2163,卖盘
2303,09:53:41,3.1,0.01,80,24800,买盘
2304,09:53:35,3.09,--,224,69216,卖盘
2305,09:53:31,3.09,--,577,178293,卖盘
2306,09:53:26,3.09,-0.01,88,27192,卖盘
2307,09:53:21,3.1,--,141,43710,买盘
2308,09:53:16,3.1,0.01,160,49600,买盘
2309,09:53:11,3.09,-0.01,15,4635,卖盘
2310,09:53:05,3.1,--,56,17360,买盘
2311,09:53:01,3.1,0.01,62,19220,买盘
2312,09:52:56,3.09,--,38,11742,卖盘
2313,09:52:50,3.09,-0.01,14,4326,卖盘
2314,09:52:46,3.1,0.01,21,6510,买盘
2315,09:52:41,3.09,--,23,7107,卖盘
2316,09:52:35,3.09,--,57,17613,卖盘
2317,09:52:31,3.09,-0.01,47,14523,卖盘
2318,09:52:26,3.1,0.01,148,45880,买盘
2319,09:52:20,3.09,--,17,5253,卖盘
2320,09:52:16,3.09,--,127,39243,卖盘
2321,09:52:11,3.09,-0.01,487,150483,卖盘
2322,09:52:05,3.1,0.01,535,165850,买盘
2323,09:52:01,3.09,--,9,2781,卖盘
2324,09:51:56,3.09,--,709,219081,卖盘
2325,09:51:50,3.09,--,144,44496,卖盘
2326,09:51:45,3.09,-0.01,8,2472,卖盘
2327,09:51:41,3.1,--,245,75950,买盘
2328,09:51:35,3.1,--,164,50840,买盘
2329,09:51:30,3.1,0.01,40,12400,买盘
2330,09:51:26,3.09,--,211,65199,卖盘
2331,09:51:20,3.09,-0.01,59,18231,卖盘
2332,09:51:15,3.1,0.01,37,11470,买盘
2333,09:51:10,3.09,-0.01,7,2163,卖盘
2334,09:51:05,3.1,0.01,13,4030,买盘
2335,09:51:00,3.09,-0.01,33,10197,卖盘
2336,09:50:55,3.1,0.01,229,70990,买盘
2337,09:50:50,3.09,-0.01,610,188490,卖盘
2338,09:50:45,3.1,--,195,60450,买盘
2339,09:50:40,3.1,--,8,2480,买盘
2340,09:50:35,3.1,--,71,22010,买盘
2341,09:50:30,3.1,--,26,8060,买盘
2342,09:50:25,3.1,0.01,195,60450,买盘
2343,09:50:20,3.09,-0.01,237,73233,卖盘
2344,09:50:15,3.1,0.01,136,42160,买盘
2345,09:50:10,3.09,-0.01,102,31518,卖盘
2346,09:50:05,3.1,--,1,310,买盘
2347,09:50:00,3.1,--,170,52700,买盘
2348,09:49:55,3.1,--,45,13950,买盘
2349,09:49:50,3.1,--,4,1240,买盘
2350,09:49:45,3.1,0.01,8,2480,买盘
2351,09:49:40,3.09,-0.01,621,191889,卖盘
2352,09:49:35,3.1,--,1845,571950,买盘
2353,09:49:30,3.1,--,258,79980,买盘
2354,09:49:25,3.1,0.01,22,6820,买盘
2355,09:49:20,3.09,-0.01,295,91155,卖盘
2356,09:49:15,3.1,0.01,1066,330460,买盘
2357,09:49:10,3.09,--,790,244110,卖盘
2358,09:49:05,3.09,-0.01,509,157281,卖盘
2359,09:49:00,3.1,--,7278,2256180,买盘
2360,09:48:55,3.1,--,5288,1639280,买盘
2361,09:48:50,3.1,0.01,4318,1338580,买盘
2362,09:48:45,3.09,--,56069,17325321,卖盘
2363,09:48:40,3.09,--,3,927,卖盘
2364,09:48:35,3.09,-0.01,140,43260,卖盘
2365,09:48:30,3.1,0.01,253,78433,买盘
2366,09:48:25,3.09,--,210,64890,卖盘
2367,09:48:20,3.09,-0.01,556,171804,卖盘
2368,09:48:15,3.1,0.01,189,58590,买盘
2369,09:48:05,3.09,--,112,34608,卖盘
2370,09:48:00,3.09,--,1856,573504,卖盘
2371,09:47:55,3.09,--,323,99807,卖盘
2372,09:47:50,3.09,-0.01,50,15450,卖盘
2373,09:47:45,3.1,0.01,15,4650,买盘
2374,09:47:40,3.09,--,16,4944,卖盘
2375,09:47:35,3.09,--,522,161298,卖盘
2376,09:47:30,3.09,--,376,116184,卖盘
2377,09:47:25,3.09,--,10,3090,卖盘
2378,09:47:20,3.09,-0.01,65,20085,卖盘
2379,09:47:15,3.1,--,203,62930,买盘
2380,09:47:05,3.1,--,5,1550,买盘
2381,09:47:00,3.1,--,8,2480,买盘
2382,09:46:50,3.1,--,529,163990,买盘
2383,09:46:40,3.1,0.01,1,310,买盘
2384,09:46:35,3.09,--,57,17613,卖盘
2385,09:46:30,3.09,-0.01,176,54384,卖盘
2386,09:46:25,3.1,0.01,10,3100,买盘
2387,09:46:20,3.09,--,69,21321,卖盘
2388,09:46:15,3.09,-0.01,87,26883,卖盘
2389,09:46:10,3.1,--,110,34100,买盘
2390,09:46:05,3.1,0.01,215,66650,买盘
2391,09:46:00,3.09,--,328,101352,卖盘
2392,09:45:55,3.09,-0.01,211,65199,卖盘
2393,09:45:50,3.1,0.01,259,80290,买盘
2394,09:45:45,3.09,--,47,14523,卖盘
2395,09:45:40,3.09,--,4,1236,卖盘
2396,09:45:35,3.09,-0.01,62,19158,卖盘
2397,09:45:29,3.1,0.01,85,26350,买盘
2398,09:45:25,3.09,-0.01,101,31209,卖盘
2399,09:45:20,3.1,0.01,113,35030,买盘
2400,09:45:14,3.09,--,64,19776,卖盘
2401,09:45:10,3.09,-0.01,2,618,卖盘
2402,09:45:04,3.1,0.01,4974,1541940,买盘
2403,09:44:59,3.09,-0.01,4,1236,卖盘
2404,09:44:55,3.1,0.01,117,36270,买盘
2405,09:44:50,3.09,--,79,24411,卖盘
2406,09:44:44,3.09,-0.01,151,46659,卖盘
2407,09:44:39,3.1,0.01,224,69440,买盘
2408,09:44:34,3.09,--,233,71997,卖盘
2409,09:44:29,3.09,-0.01,50,15450,卖盘
2410,09:44:24,3.1,0.01,50,15500,买盘
2411,09:44:19,3.09,--,220,67980,卖盘
2412,09:44:14,3.09,--,32,9888,卖盘
2413,09:44:09,3.09,--,80,24720,卖盘
2414,09:44:04,3.09,-0.01,377,116493,卖盘
2415,09:43:59,3.1,0.01,37,11470,买盘
2416,09:43:54,3.09,-0.01,105,32445,卖盘
2417,09:43:49,3.1,--,33,10230,买盘
2418,09:43:44,3.1,0.01,127,39370,买盘
2419,09:43:39,3.09,--,210,64890,卖盘
2420,09:43:34,3.09,--,259,80031,卖盘
2421,09:43:29,3.09,--,329,101661,卖盘
2422,09:43:24,3.09,--,98,30282,卖盘
2423,09:43:14,3.09,--,77,23793,卖盘
2424,09:43:09,3.09,--,243,75087,卖盘
2425,09:43:04,3.09,--,53,16377,卖盘
2426,09:42:59,3.09,--,200,61800,卖盘
2427,09:42:54,3.09,--,280,86520,卖盘
2428,09:42:49,3.09,-0.01,97,29973,卖盘
2429,09:42:44,3.1,0.01,255,79050,买盘
2430,09:42:39,3.09,-0.01,182,56238,卖盘
2431,09:42:34,3.1,0.01,215,66650,买盘
2432,09:42:29,3.09,--,94,29046,卖盘
2433,09:42:24,3.09,--,223,68907,卖盘
2434,09:42:19,3.09,-0.01,230,71070,卖盘
2435,09:42:14,3.1,--,4171,1293010,买盘
2436,09:42:09,3.1,--,4081,1265110,买盘
2437,09:42:04,3.1,0.01,104,32240,买盘
2438,09:41:59,3.09,-0.01,324,100116,卖盘
2439,09:41:54,3.1,0.01,102,31620,买盘
2440,09:41:49,3.09,-0.01,410,126690,卖盘
2441,09:41:44,3.1,0.01,100,31000,买盘
2442,09:41:39,3.09,-0.01,747,230823,卖盘
2443,09:41:34,3.1,--,358,110980,买盘
2444,09:41:29,3.1,0.01,860,266600,买盘
2445,09:41:24,3.09,-0.01,1039,321051,卖盘
2446,09:41:19,3.1,--,206,63860,买盘
2447,09:41:13,3.1,0.01,672,208320,买盘
2448,09:41:09,3.09,-0.01,707,218463,卖盘
2449,09:41:04,3.1,--,130,40300,买盘
2450,09:40:58,3.1,--,361,111910,买盘
2451,09:40:54,3.1,--,1369,424390,买盘
2452,09:40:49,3.1,--,686,212660,买盘
2453,09:40:44,3.1,--,1566,485460,买盘
2454,09:40:39,3.1,--,508,157480,买盘
2455,09:40:34,3.1,--,449,139190,买盘
2456,09:40:29,3.1,0.01,1333,413230,买盘
2457,09:40:24,3.09,--,119,36771,卖盘
2458,09:40:19,3.09,--,325,100425,卖盘
2459,09:40:14,3.09,--,379,117111,卖盘
2460,09:40:09,3.09,--,4958,1532022,卖盘
2461,09:40:04,3.09,--,138,42642,卖盘
2462,09:39:59,3.09,--,540,166860,卖盘
2463,09:39:54,3.09,-0.01,295,91155,卖盘
2464,09:39:48,3.1,0.01,28,8680,买盘
2465,09:39:44,3.09,--,11,3399,卖盘
2466,09:39:39,3.09,-0.01,1123,347007,卖盘
2467,09:39:34,3.1,0.01,67,20770,买盘
2468,09:39:29,3.09,--,226,69834,卖盘
2469,09:39:24,3.09,--,1642,507378,卖盘
2470,09:39:18,3.09,-0.01,720,222480,卖盘
2471,09:39:14,3.1,0.01,644,199640,买盘
2472,09:39:09,3.09,--,128,39552,卖盘
2473,09:39:03,3.09,-0.01,303,93627,卖盘
2474,09:38:58,3.1,0.01,814,252340,买盘
2475,09:38:53,3.09,--,31,9826,卖盘
2476,09:38:48,3.09,--,206,63654,卖盘
2477,09:38:44,3.09,--,362,111858,卖盘
2478,09:38:38,3.09,--,214,66126,卖盘
2479,09:38:33,3.09,--,6,1854,卖盘
2480,09:38:28,3.09,--,129,39861,卖盘
2481,09:38:24,3.09,--,353,109077,卖盘
2482,09:38:18,3.09,--,10,3090,卖盘
2483,09:38:14,3.09,--,53,16377,卖盘
2484,09:38:08,3.09,--,503,155427,卖盘
2485,09:37:58,3.09,--,106,32754,卖盘
2486,09:37:53,3.09,--,209,64581,卖盘
2487,09:37:48,3.09,--,10,3090,卖盘
2488,09:37:43,3.09,--,130,40170,卖盘
2489,09:37:33,3.09,--,1,309,卖盘
2490,09:37:28,3.09,--,21,6489,卖盘
2491,09:37:23,3.09,--,20,6180,卖盘
2492,09:37:18,3.09,-0.01,417,128853,卖盘
2493,09:37:08,3.1,0.01,686,212660,买盘
2494,09:37:03,3.09,--,55,16995,卖盘
2495,09:36:53,3.09,--,25,7725,卖盘
2496,09:36:48,3.09,--,621,191889,卖盘
2497,09:36:43,3.09,--,853,263577,卖盘
2498,09:36:38,3.09,--,335,103515,卖盘
2499,09:36:33,3.09,--,60,18540,卖盘
2500,09:36:28,3.09,--,10,3090,卖盘
2501,09:36:23,3.09,-0.01,9,2781,卖盘
2502,09:36:18,3.1,0.01,200,62000,买盘
2503,09:36:08,3.09,-0.01,251,77559,卖盘
2504,09:36:03,3.1,0.01,135,41850,买盘
2505,09:35:53,3.09,-0.01,185,57165,卖盘
2506,09:35:48,3.1,--,152,47120,买盘
2507,09:35:43,3.1,--,10,3100,买盘
2508,09:35:38,3.1,--,129,39990,买盘
2509,09:35:33,3.1,0.01,1275,395250,买盘
2510,09:35:28,3.09,--,1304,402936,卖盘
2511,09:35:23,3.09,-0.01,1164,359676,卖盘
2512,09:35:18,3.1,--,100,31000,买盘
2513,09:35:13,3.1,--,27,8370,买盘
2514,09:35:08,3.1,0.01,163,50530,买盘
2515,09:35:03,3.09,-0.01,511,157899,卖盘
2516,09:34:58,3.1,--,23,7130,买盘
2517,09:34:53,3.1,--,89,27590,买盘
2518,09:34:48,3.1,0.01,536,166160,买盘
2519,09:34:43,3.09,-0.01,50,15450,卖盘
2520,09:34:38,3.1,--,164,50840,买盘
2521,09:34:33,3.1,0.01,120,37200,买盘
2522,09:34:28,3.09,-0.01,1,309,卖盘
2523,09:34:23,3.1,--,2395,742450,买盘
2524,09:34:18,3.1,0.01,394,122140,买盘
2525,09:34:13,3.09,-0.01,68,21012,卖盘
2526,09:34:08,3.1,--,198,61380,买盘
2527,09:34:03,3.1,0.01,131,40610,买盘
2528,09:33:52,3.09,--,1132,349788,卖盘
2529,09:33:48,3.09,--,249,76941,卖盘
2530,09:33:43,3.09,--,463,143067,卖盘
2531,09:33:38,3.09,--,404,124836,卖盘
2532,09:33:33,3.09,-0.01,78,24102,卖盘
2533,09:33:22,3.1,0.01,48,14880,买盘
2534,09:33:17,3.09,-0.01,1,309,卖盘
2535,09:33:13,3.1,0.01,4,1240,买盘
2536,09:33:07,3.09,-0.01,753,232677,卖盘
2537,09:33:03,3.1,--,124,38440,买盘
2538,09:32:58,3.1,0.01,8,2480,买盘
2539,09:32:52,3.09,--,1047,323523,卖盘
2540,09:32:48,3.09,-0.01,4,1236,卖盘
2541,09:32:43,3.1,0.01,20,6200,买盘
2542,09:32:37,3.09,-0.01,3001,927309,卖盘
2543,09:32:22,3.1,0.01,125,38750,买盘
2544,09:32:18,3.09,-0.01,2,618,卖盘
2545,09:32:07,3.1,--,246,76260,买盘
2546,09:32:03,3.1,--,234,72540,买盘
2547,09:31:57,3.1,0.01,20,6200,买盘
2548,09:31:47,3.09,-0.01,305,94245,卖盘
2549,09:31:42,3.1,0.01,361,111910,买盘
2550,09:31:37,3.09,--,202,62418,卖盘
2551,09:31:32,3.09,-0.01,147,45423,卖盘
2552,09:31:27,3.1,0.01,234,72540,买盘
2553,09:31:22,3.09,--,220,67980,卖盘
2554,09:31:17,3.09,-0.01,1196,369564,卖盘
2555,09:31:12,3.1,--,529,163990,买盘
2556,09:31:07,3.1,0.01,302,93620,买盘
2557,09:31:03,3.09,--,659,203631,卖盘
2558,09:30:52,3.09,--,50,15450,卖盘
2559,09:30:47,3.09,--,699,215991,卖盘
2560,09:30:42,3.09,-0.01,169,52221,卖盘
2561,09:30:37,3.1,--,2803,868930,买盘
2562,09:30:32,3.1,--,786,243660,买盘
2563,09:30:27,3.1,--,293,90830,买盘
2564,09:30:22,3.1,--,306,94860,买盘
2565,09:30:12,3.1,--,397,123070,买盘
2566,09:30:07,3.1,--,3145,974950,买盘
2567,09:30:02,3.1,--,232,71920,买盘
2568,09:28:47,3.1,--,0,0,买盘
2569,09:25:10,3.1,3.1,19926,6177060,买盘
