,time,price,change,volume,amount,type
0,15:00:00,8.95,--,0,0,卖盘
1,15:00:00,8.95,-0.01,0,0,卖盘
2,14:59:52,8.96,0.01,12,10752,买盘
3,14:59:46,8.95,0.01,31,27744,卖盘
4,14:59:37,8.94,--,0,0,卖盘
5,14:59:31,8.94,--,30,26820,卖盘
6,14:59:27,8.94,-0.03,100,89400,卖盘
7,14:59:12,8.97,--,0,0,买盘
8,14:58:57,8.97,0.03,1,897,买盘
9,14:58:52,8.94,--,344,307536,卖盘
10,14:58:46,8.94,-0.01,203,181482,卖盘
11,14:58:42,8.95,0.01,2,1789,买盘
12,14:58:37,8.94,-0.01,144,128736,卖盘
13,14:58:31,8.95,--,18,16109,买盘
14,14:58:27,8.95,--,36,32219,买盘
15,14:58:22,8.95,0.01,20,17900,买盘
16,14:58:16,8.94,--,20,17880,卖盘
17,14:58:12,8.94,--,5,4470,卖盘
18,14:58:07,8.94,-0.01,25,22350,卖盘
19,14:58:01,8.95,--,30,26849,买盘
20,14:57:57,8.95,0.01,11,9845,买盘
21,14:57:52,8.94,-0.01,19,16986,卖盘
22,14:57:46,8.95,--,5,4475,买盘
23,14:57:37,8.95,--,24,21480,买盘
24,14:57:31,8.95,0.01,20,17900,买盘
25,14:57:16,8.94,--,5,4470,卖盘
26,14:57:12,8.94,--,1,894,卖盘
27,14:57:07,8.94,--,5,4470,卖盘
28,14:57:01,8.94,--,5,4470,卖盘
29,14:56:46,8.94,-0.01,5,4470,卖盘
30,14:56:37,8.95,--,79,70705,买盘
31,14:56:31,8.95,--,73,65334,买盘
32,14:56:27,8.95,--,57,51014,买盘
33,14:56:07,8.95,--,5,4475,买盘
34,14:56:01,8.95,0.01,20,17900,买盘
35,14:55:55,8.94,-0.01,3,2682,卖盘
36,14:55:51,8.95,--,38,34010,买盘
37,14:55:40,8.95,--,1,894,买盘
38,14:55:37,8.95,--,6,5370,买盘
39,14:55:31,8.95,--,20,17900,买盘
40,14:55:25,8.95,--,20,17900,买盘
41,14:55:16,8.95,--,24,21480,买盘
42,14:55:10,8.95,--,5,4475,买盘
43,14:55:06,8.95,-0.02,356,318620,卖盘
44,14:55:01,8.97,0.02,5,4485,买盘
45,14:54:46,8.95,-0.02,11,9845,卖盘
46,14:54:36,8.97,0.01,47,42159,买盘
47,14:54:31,8.96,-0.01,3,2688,中性盘
48,14:54:25,8.97,--,2,1794,买盘
49,14:54:21,8.97,0.02,5,4485,买盘
50,14:54:16,8.95,--,66,59069,卖盘
51,14:54:10,8.95,-0.02,4,3579,卖盘
52,14:54:06,8.97,--,0,0,买盘
53,14:54:01,8.97,--,30,26910,买盘
54,14:53:51,8.97,--,20,17940,买盘
55,14:53:46,8.97,--,111,99567,卖盘
56,14:53:21,8.97,--,26,23322,买盘
57,14:53:16,8.97,--,4,3588,买盘
58,14:53:10,8.97,--,11,9867,买盘
59,14:53:01,8.97,--,18,16146,买盘
60,14:52:51,8.97,--,36,32292,卖盘
61,14:52:46,8.97,--,6,5382,卖盘
62,14:52:40,8.97,--,14,12558,买盘
63,14:52:36,8.97,--,8,7176,买盘
64,14:52:31,8.97,0.02,3,2691,买盘
65,14:52:21,8.95,-0.02,100,89500,卖盘
66,14:52:06,8.97,0.02,86,77142,买盘
67,14:51:55,8.95,--,100,89500,买盘
68,14:51:51,8.95,--,61,54594,买盘
69,14:51:46,8.95,0.01,5,4475,买盘
70,14:51:31,8.94,--,11,9834,买盘
71,14:51:24,8.94,0.01,10,8940,买盘
72,14:51:21,8.93,-0.01,111,99123,卖盘
73,14:51:16,8.94,--,95,84930,买盘
74,14:51:10,8.94,--,1,894,买盘
75,14:51:06,8.94,--,2,1788,买盘
76,14:51:01,8.94,-0.01,157,140358,卖盘
77,14:50:55,8.95,--,70,62649,买盘
78,14:50:51,8.95,0.01,5,4475,买盘
79,14:50:46,8.94,--,6,5364,卖盘
80,14:50:31,8.94,--,30,26820,买盘
81,14:50:16,8.94,--,12,10728,买盘
82,14:50:10,8.94,--,10,8940,买盘
83,14:50:06,8.94,--,51,45594,买盘
84,14:50:01,8.94,--,30,26820,买盘
85,14:49:51,8.94,-0.01,165,147510,卖盘
86,14:49:40,8.95,--,20,17900,买盘
87,14:49:36,8.95,--,5,4475,买盘
88,14:49:31,8.95,-0.01,181,161995,卖盘
89,14:49:25,8.96,--,10,8960,买盘
90,14:49:16,8.96,--,1,896,买盘
91,14:49:01,8.96,--,7,6272,买盘
92,14:48:49,8.96,0.01,8,7168,买盘
93,14:48:46,8.95,-0.01,43,38485,卖盘
94,14:48:40,8.96,-0.01,16,14336,卖盘
95,14:48:30,8.97,--,22,19734,买盘
96,14:48:19,8.97,0.01,2,1794,买盘
97,14:48:15,8.96,0.01,49,43904,买盘
98,14:48:10,8.95,--,43,38485,卖盘
99,14:48:00,8.95,-0.01,12,10740,卖盘
100,14:47:55,8.96,--,1,896,买盘
101,14:47:45,8.96,0.01,1,896,买盘
102,14:47:40,8.95,--,50,44750,卖盘
103,14:47:34,8.95,-0.01,50,44750,卖盘
104,14:47:30,8.96,-0.01,26,23296,卖盘
105,14:47:25,8.97,--,61,54717,卖盘
106,14:47:19,8.97,-0.01,10,8970,卖盘
107,14:47:10,8.98,--,1,898,买盘
108,14:47:04,8.98,--,2,1796,买盘
109,14:47:00,8.98,-0.01,46,41308,卖盘
110,14:46:55,8.99,--,1,899,买盘
111,14:46:40,8.99,--,16,14384,卖盘
112,14:46:30,8.99,-0.01,1,899,卖盘
113,14:46:25,9.0,--,76,68400,买盘
114,14:46:15,9.0,0.01,1,900,买盘
115,14:46:10,8.99,-0.01,8,7192,卖盘
116,14:46:00,9.0,--,26,23400,卖盘
117,14:45:55,9.0,--,46,41400,卖盘
118,14:45:45,9.0,-0.01,256,230400,卖盘
119,14:45:34,9.01,0.01,1,901,买盘
120,14:45:29,9.0,--,9,8100,卖盘
121,14:45:19,9.0,-0.01,100,90000,卖盘
122,14:45:15,9.01,--,1,901,买盘
123,14:45:10,9.01,--,3,2703,买盘
124,14:45:00,9.01,--,1,901,买盘
125,14:44:55,9.01,--,53,47753,买盘
126,14:44:49,9.01,--,1,901,买盘
127,14:44:34,9.01,--,1,901,买盘
128,14:44:30,9.01,--,11,9911,买盘
129,14:44:25,9.01,-0.02,5,4505,买盘
130,14:44:19,9.03,--,0,0,买盘
131,14:44:15,9.03,0.02,40,36120,买盘
132,14:44:10,9.01,--,26,23426,买盘
133,14:43:55,9.01,--,50,45050,买盘
134,14:43:45,9.01,--,2,1802,买盘
135,14:43:40,9.01,-0.02,25,22525,卖盘
136,14:43:30,9.03,--,20,18060,买盘
137,14:43:25,9.03,--,44,39732,买盘
138,14:43:19,9.03,--,66,59597,买盘
139,14:43:14,9.03,--,0,0,买盘
140,14:43:10,9.03,0.02,70,63209,买盘
141,14:43:04,9.01,--,18,16218,卖盘
142,14:42:59,9.01,-0.02,9,8109,卖盘
143,14:42:55,9.03,-0.01,98,88494,买盘
144,14:42:49,9.04,--,1,903,买盘
145,14:42:44,9.04,0.03,72,65087,买盘
146,14:42:34,9.01,-0.02,145,130645,卖盘
147,14:42:30,9.03,-0.01,1,902,买盘
148,14:42:25,9.04,--,24,21695,买盘
149,14:42:14,9.04,--,26,23503,买盘
150,14:42:09,9.04,--,0,0,买盘
151,14:42:04,9.04,--,2,1807,买盘
152,14:42:00,9.04,--,30,27119,买盘
153,14:41:54,9.04,--,5,4520,买盘
154,14:41:49,9.04,--,78,70512,买盘
155,14:41:39,9.04,--,60,54239,买盘
156,14:41:34,9.04,0.01,1,903,买盘
157,14:41:27,9.03,0.02,43,38829,买盘
158,14:41:24,9.01,--,12,10812,买盘
159,14:41:19,9.01,-0.03,35,31535,卖盘
160,14:41:13,9.04,--,70,63279,买盘
161,14:41:09,9.04,--,71,64183,买盘
162,14:41:04,9.04,--,1,903,买盘
163,14:40:58,9.04,--,1,903,买盘
164,14:40:54,9.04,0.01,37,33448,买盘
165,14:40:48,9.03,-0.01,60,54179,卖盘
166,14:40:43,9.04,--,38,34352,买盘
167,14:40:39,9.04,0.01,1,903,买盘
168,14:40:34,9.03,--,1,902,卖盘
169,14:40:27,9.03,--,9,8126,买盘
170,14:40:24,9.03,-0.01,1,902,中性盘
171,14:40:18,9.04,--,52,47007,买盘
172,14:40:09,9.04,0.01,42,37968,买盘
173,14:40:04,9.03,0.02,58,52373,卖盘
174,14:39:58,9.01,--,5,4505,买盘
175,14:39:54,9.01,0.01,44,39644,买盘
176,14:39:48,9.0,-0.01,3,2700,卖盘
177,14:39:43,9.01,--,81,72981,买盘
178,14:39:34,9.01,-0.02,96,86496,卖盘
179,14:39:27,9.03,0.02,48,43344,买盘
180,14:39:24,9.01,--,1,901,买盘
181,14:39:18,9.01,-0.02,101,91001,卖盘
182,14:39:13,9.03,-0.01,74,66822,卖盘
183,14:39:09,9.04,--,1,903,买盘
184,14:39:04,9.04,--,42,37968,买盘
185,14:38:57,9.04,--,43,38871,买盘
186,14:38:54,9.04,--,51,46103,买盘
187,14:38:49,9.04,--,1,903,买盘
188,14:38:43,9.04,0.02,31,28023,买盘
189,14:38:39,9.02,--,46,41492,买盘
190,14:38:34,9.02,0.01,43,38786,买盘
191,14:38:28,9.01,-0.01,5,4505,卖盘
192,14:38:24,9.02,0.01,30,27060,买盘
193,14:38:19,9.01,-0.01,86,77486,卖盘
194,14:38:13,9.02,--,1,902,买盘
195,14:38:09,9.02,--,37,33374,买盘
196,14:38:04,9.02,--,45,40590,买盘
197,14:37:58,9.02,0.01,39,35178,买盘
198,14:37:54,9.01,-0.01,176,158576,卖盘
199,14:37:49,9.02,--,38,34276,买盘
200,14:37:43,9.02,-0.03,129,116358,卖盘
201,14:37:33,9.05,--,61,55205,买盘
202,14:37:27,9.05,-0.01,32,28960,买盘
203,14:37:24,9.06,-0.01,44,39864,买盘
204,14:37:18,9.07,--,0,0,买盘
205,14:37:13,9.07,0.02,106,96142,买盘
206,14:37:09,9.05,--,3,2715,卖盘
207,14:37:03,9.05,-0.03,23,20815,卖盘
208,14:36:57,9.08,0.01,41,37228,买盘
209,14:36:53,9.07,0.02,46,41722,买盘
210,14:36:49,9.05,--,20,18100,卖盘
211,14:36:42,9.05,-0.02,8,7240,卖盘
212,14:36:38,9.07,--,42,38094,买盘
213,14:36:34,9.07,-0.01,1,907,中性盘
214,14:36:27,9.08,--,43,39044,买盘
215,14:36:23,9.08,0.01,46,41768,买盘
216,14:36:19,9.07,0.02,1,907,买盘
217,14:36:13,9.05,--,0,0,卖盘
218,14:36:08,9.05,-0.03,67,60635,卖盘
219,14:36:03,9.08,--,0,0,买盘
220,14:35:53,9.08,--,52,47216,买盘
221,14:35:49,9.08,0.01,86,78088,买盘
222,14:35:43,9.07,--,1,907,买盘
223,14:35:33,9.07,--,46,41722,买盘
224,14:35:28,9.07,--,0,0,买盘
225,14:35:18,9.07,0.01,49,44443,买盘
226,14:35:13,9.06,-0.01,49,44394,买盘
227,14:35:03,9.07,--,0,0,买盘
228,14:34:57,9.07,0.01,46,41722,买盘
229,14:34:53,9.06,-0.01,48,43488,买盘
230,14:34:42,9.07,0.01,70,63943,买盘
231,14:34:38,9.06,-0.01,20,18120,卖盘
232,14:34:27,9.07,0.01,11,9977,买盘
233,14:34:22,9.06,--,33,30351,买盘
234,14:34:18,9.06,0.01,50,45300,买盘
235,14:34:12,9.05,-0.01,6,5430,卖盘
236,14:34:06,9.06,--,1,906,买盘
237,14:33:57,9.06,--,1,906,买盘
238,14:33:48,9.06,0.01,51,46206,买盘
239,14:33:43,9.05,-0.02,4,3620,中性盘
240,14:33:36,9.07,0.01,54,48978,买盘
241,14:33:33,9.06,--,0,0,买盘
242,14:33:27,9.06,0.01,53,48018,买盘
243,14:33:21,9.05,-0.01,16,14932,卖盘
244,14:33:18,9.06,--,52,47112,买盘
245,14:33:12,9.06,--,1,906,买盘
246,14:33:03,9.06,--,1,906,买盘
247,14:32:51,9.06,-0.01,63,57078,卖盘
248,14:32:43,9.07,0.01,58,52606,买盘
249,14:32:33,9.06,--,50,45300,买盘
250,14:32:27,9.06,--,10,9060,买盘
251,14:32:21,9.06,--,0,0,买盘
252,14:32:18,9.06,-0.01,1,906,中性盘
253,14:32:06,9.07,--,0,0,买盘
254,14:31:57,9.07,0.02,61,55327,买盘
255,14:31:47,9.05,--,37,33485,买盘
256,14:31:42,9.05,--,1,905,买盘
257,14:31:36,9.05,--,55,49775,买盘
258,14:31:32,9.05,--,0,0,买盘
259,14:31:28,9.05,--,51,46155,买盘
260,14:31:21,9.05,--,1,905,买盘
261,14:31:12,9.05,0.01,53,47965,买盘
262,14:31:03,9.04,0.03,38,34352,买盘
263,14:30:57,9.01,-0.04,19,17119,卖盘
264,14:30:51,9.05,0.01,54,48870,买盘
265,14:30:47,9.04,--,15,13559,卖盘
266,14:30:42,9.04,--,39,35256,买盘
267,14:30:36,9.04,--,1,903,买盘
268,14:30:32,9.04,--,62,56047,买盘
269,14:30:21,9.04,-0.01,14,12655,卖盘
270,14:30:18,9.05,--,62,56110,买盘
271,14:30:12,9.05,--,60,54300,买盘
272,14:30:06,9.05,0.01,1,905,买盘
273,14:30:02,9.04,--,3,2711,卖盘
274,14:29:57,9.04,-0.01,50,45199,买盘
275,14:29:51,9.05,--,0,0,买盘
276,14:29:47,9.05,--,56,50680,买盘
277,14:29:42,9.05,--,1,905,买盘
278,14:29:36,9.05,--,53,47965,买盘
279,14:29:32,9.05,--,0,0,买盘
280,14:29:27,9.05,0.01,53,47965,买盘
281,14:29:21,9.04,-0.01,22,19887,买盘
282,14:29:12,9.05,--,0,0,买盘
283,14:29:06,9.05,0.01,58,52490,买盘
284,14:28:57,9.04,--,31,28023,买盘
285,14:28:51,9.04,--,59,53335,买盘
286,14:28:42,9.04,--,72,65087,买盘
287,14:28:36,9.04,--,0,0,买盘
288,14:28:32,9.04,--,54,48815,买盘
289,14:28:27,9.04,--,15,13559,买盘
290,14:28:21,9.04,0.03,65,58759,买盘
291,14:28:12,9.01,-0.02,59,53159,中性盘
292,14:28:07,9.03,--,16,14447,买盘
293,14:27:57,9.03,--,70,63209,买盘
294,14:27:51,9.03,--,61,55082,买盘
295,14:27:47,9.03,--,14,12642,买盘
296,14:27:42,9.03,-0.01,1,902,中性盘
297,14:27:36,9.04,--,0,0,买盘
298,14:27:32,9.04,0.01,7,6327,买盘
299,14:27:21,9.03,--,55,49665,买盘
300,14:27:12,9.03,0.02,69,62306,买盘
301,14:27:00,9.01,-0.02,1,901,卖盘
302,14:26:57,9.03,--,77,69531,买盘
303,14:26:51,9.03,--,75,67725,买盘
304,14:26:36,9.03,-0.01,127,114680,卖盘
305,14:26:27,9.04,0.01,59,53335,买盘
306,14:26:21,9.03,0.03,10,9030,卖盘
307,14:26:12,9.0,--,0,0,卖盘
308,14:26:06,9.0,-0.03,61,54900,卖盘
309,14:26:00,9.03,--,18,16253,卖盘
310,14:25:57,9.03,--,16,14447,卖盘
311,14:25:51,9.03,--,38,34314,买盘
312,14:25:45,9.03,0.03,4,3611,买盘
313,14:25:42,9.0,-0.04,69,62100,卖盘
314,14:25:30,9.04,0.01,54,48815,买盘
315,14:25:21,9.03,-0.02,77,69531,卖盘
316,14:25:15,9.05,--,0,0,买盘
317,14:25:12,9.05,--,0,0,买盘
318,14:25:06,9.05,--,91,82355,买盘
319,14:24:56,9.05,0.02,57,51585,买盘
320,14:24:51,9.03,--,29,26186,买盘
321,14:24:45,9.03,-0.02,15,13544,中性盘
322,14:24:36,9.05,--,0,0,买盘
323,14:24:30,9.05,0.02,55,49775,买盘
324,14:24:26,9.03,-0.02,20,18060,卖盘
325,14:24:21,9.05,0.02,63,57015,买盘
326,14:24:15,9.03,-0.02,1,902,卖盘
327,14:24:11,9.05,0.02,61,55205,买盘
328,14:24:06,9.03,-0.02,3,2709,卖盘
329,14:24:00,9.05,0.01,60,54300,买盘
330,14:23:56,9.04,-0.01,1,903,买盘
331,14:23:51,9.05,0.02,55,49775,买盘
332,14:23:45,9.03,-0.02,15,13544,卖盘
333,14:23:41,9.05,0.02,54,48870,买盘
334,14:23:36,9.03,--,20,18060,卖盘
335,14:23:30,9.03,0.02,89,80367,卖盘
336,14:23:21,9.01,--,16,14416,卖盘
337,14:23:15,9.01,-0.03,68,61268,卖盘
338,14:23:11,9.04,--,0,0,买盘
339,14:23:06,9.04,0.01,70,63279,买盘
340,14:23:00,9.03,--,55,49665,买盘
341,14:22:56,9.03,0.01,13,11739,买盘
342,14:22:51,9.02,--,3,2706,买盘
343,14:22:45,9.02,--,77,69454,买盘
344,14:22:41,9.02,--,0,0,买盘
345,14:22:36,9.02,0.01,64,57728,买盘
346,14:22:30,9.01,--,13,11713,买盘
347,14:22:26,9.01,--,56,50456,买盘
348,14:22:21,9.01,--,12,10812,买盘
349,14:22:15,9.01,0.01,69,62169,买盘
350,14:22:10,9.0,--,200,180000,买盘
351,14:22:00,9.0,--,78,70200,买盘
352,14:21:51,9.0,--,82,73800,买盘
353,14:21:41,9.0,--,12,10800,买盘
354,14:21:36,9.0,--,57,51300,买盘
355,14:21:30,9.0,0.02,77,69300,买盘
356,14:21:21,8.98,-0.01,55,49390,卖盘
357,14:21:15,8.99,--,13,11687,买盘
358,14:21:06,8.99,--,17,15283,买盘
359,14:21:00,8.99,--,63,56637,买盘
360,14:20:51,8.99,0.01,2,1798,买盘
361,14:20:45,8.98,--,30,26940,卖盘
362,14:20:36,8.98,--,10,8980,卖盘
363,14:20:06,8.98,--,42,37716,买盘
364,14:19:56,8.98,0.01,30,26940,买盘
365,14:19:36,8.97,--,2,1794,买盘
366,14:19:30,8.97,0.01,18,16146,买盘
367,14:19:24,8.96,--,10,8960,卖盘
368,14:19:21,8.96,-0.01,3,2688,卖盘
369,14:19:15,8.97,--,1,897,买盘
370,14:19:00,8.97,0.01,20,17940,买盘
371,14:18:45,8.96,-0.01,100,89600,卖盘
372,14:18:39,8.97,--,5,4485,买盘
373,14:18:15,8.97,--,14,12558,卖盘
374,14:18:05,8.97,--,14,12558,买盘
375,14:18:00,8.97,--,1,897,买盘
376,14:17:51,8.97,--,15,13455,买盘
377,14:17:24,8.97,--,1,897,买盘
378,14:17:20,8.97,--,12,10764,中性盘
379,14:17:15,8.97,-0.01,2,1794,卖盘
380,14:17:09,8.98,--,5,4490,买盘
381,14:17:05,8.98,--,5,4490,买盘
382,14:17:00,8.98,--,1,898,买盘
383,14:16:54,8.98,-0.01,180,161640,卖盘
384,14:16:50,8.99,--,100,89900,买盘
385,14:16:39,8.99,--,1,899,买盘
386,14:16:35,8.99,--,1,899,买盘
387,14:16:20,8.99,--,5,4495,买盘
388,14:16:09,8.99,--,31,27869,买盘
389,14:16:05,8.99,--,29,26071,买盘
390,14:16:00,8.99,--,1,899,买盘
391,14:15:30,8.99,--,0,0,买盘
392,14:15:24,8.99,0.02,29,26071,买盘
393,14:15:20,8.97,-0.01,2,1794,卖盘
394,14:15:15,8.98,--,1,898,买盘
395,14:15:05,8.98,--,0,0,买盘
396,14:15:00,8.98,0.01,50,44900,买盘
397,14:14:54,8.97,0.01,5,4485,买盘
398,14:14:24,8.96,0.01,2,1792,买盘
399,14:14:09,8.95,0.01,183,163785,买盘
400,14:14:00,8.94,--,2,1788,买盘
401,14:13:54,8.94,--,9,8046,买盘
402,14:13:50,8.94,--,10,8940,买盘
403,14:13:45,8.94,--,13,11622,买盘
404,14:13:35,8.94,0.01,1,894,买盘
405,14:13:20,8.93,-0.01,7,6251,卖盘
406,14:13:09,8.94,0.01,17,15198,买盘
407,14:13:00,8.93,-0.01,10,8930,卖盘
408,14:12:54,8.94,0.01,8,7152,买盘
409,14:12:15,8.93,--,4,3572,卖盘
410,14:12:09,8.93,-0.01,3,2679,卖盘
411,14:11:44,8.94,--,1,894,买盘
412,14:11:39,8.94,--,15,13410,买盘
413,14:11:30,8.94,--,17,15198,卖盘
414,14:11:18,8.94,-0.01,3,2682,卖盘
415,14:11:15,8.95,0.01,1,894,买盘
416,14:11:00,8.94,-0.01,48,42912,卖盘
417,14:10:48,8.95,0.01,1,894,买盘
418,14:10:39,8.94,-0.01,9,8046,卖盘
419,14:10:33,8.95,--,0,0,买盘
420,14:10:29,8.95,0.01,30,26849,买盘
421,14:10:24,8.94,-0.01,11,9834,买盘
422,14:10:18,8.95,--,2,1789,买盘
423,14:10:13,8.95,0.01,1,894,买盘
424,14:10:03,8.94,--,1,894,买盘
425,14:09:59,8.94,-0.01,43,38442,卖盘
426,14:09:54,8.95,--,1,894,买盘
427,14:09:33,8.95,0.01,1,894,买盘
428,14:09:18,8.94,--,31,27714,买盘
429,14:09:09,8.94,--,1,894,买盘
430,14:09:03,8.94,0.01,1,894,买盘
431,14:08:59,8.93,0.01,50,44650,买盘
432,14:08:54,8.92,--,2,1784,卖盘
433,14:08:39,8.92,--,10,8920,买盘
434,14:08:24,8.92,0.01,1,892,买盘
435,14:08:18,8.91,--,465,414315,买盘
436,14:08:09,8.91,--,40,35640,买盘
437,14:08:03,8.91,0.01,14,12474,买盘
438,14:07:54,8.9,-0.01,15,13350,卖盘
439,14:07:48,8.91,--,13,11583,买盘
440,14:07:43,8.91,--,21,18711,买盘
441,14:07:39,8.91,--,2,1782,买盘
442,14:07:33,8.91,0.01,70,62370,买盘
443,14:07:28,8.9,-0.01,25,22250,卖盘
444,14:07:24,8.91,0.01,10,8910,买盘
445,14:07:18,8.9,--,5,4450,卖盘
446,14:07:09,8.9,-0.01,87,77430,卖盘
447,14:07:03,8.91,--,1,891,买盘
448,14:06:54,8.91,--,28,24948,买盘
449,14:06:48,8.91,--,17,15147,买盘
450,14:06:39,8.91,--,47,41877,买盘
451,14:06:33,8.91,--,1,891,买盘
452,14:06:29,8.91,--,10,8910,买盘
453,14:06:24,8.91,--,9,8019,买盘
454,14:06:18,8.91,0.01,31,27621,买盘
455,14:06:14,8.9,--,100,89000,卖盘
456,14:05:58,8.9,--,0,836,买盘
457,14:05:53,8.9,--,52,46280,买盘
458,14:05:48,8.9,--,101,89890,买盘
459,14:05:44,8.9,--,206,183340,买盘
460,14:05:38,8.9,--,1,890,买盘
461,14:05:33,8.9,--,10,8900,买盘
462,14:05:27,8.9,--,23,20470,买盘
463,14:05:24,8.9,-0.02,951,846443,卖盘
464,14:05:18,8.92,--,43,38802,买盘
465,14:05:09,8.92,-0.01,19,17394,卖盘
466,14:05:03,8.93,--,70,62510,买盘
467,14:04:57,8.93,--,1,893,买盘
468,14:04:54,8.93,0.01,1,893,买盘
469,14:04:48,8.92,-0.01,9,8028,卖盘
470,14:04:42,8.93,0.01,31,27683,买盘
471,14:04:33,8.92,--,16,14272,卖盘
472,14:04:23,8.92,--,3,3122,买盘
473,14:04:18,8.92,-0.01,19,17394,卖盘
474,14:04:03,8.93,--,6,5358,买盘
475,14:03:57,8.93,--,70,62510,买盘
476,14:03:53,8.93,--,91,81263,买盘
477,14:03:33,8.93,--,1,893,买盘
478,14:03:27,8.93,--,5,4465,买盘
479,14:03:23,8.93,--,10,8930,买盘
480,14:03:18,8.93,--,11,9823,买盘
481,14:03:12,8.93,--,171,152836,卖盘
482,14:03:08,8.93,-0.01,154,137522,卖盘
483,14:03:03,8.94,0.01,84,75096,买盘
484,14:02:57,8.93,-0.01,108,96444,卖盘
485,14:02:48,8.94,0.01,1,894,买盘
486,14:02:38,8.93,--,37,33041,卖盘
487,14:02:33,8.93,-0.01,10,8930,卖盘
488,14:02:27,8.94,0.01,5,4470,买盘
489,14:02:23,8.93,-0.01,32,28576,卖盘
490,14:02:18,8.94,--,31,27714,买盘
491,14:02:12,8.94,0.01,49,43806,买盘
492,14:02:03,8.93,-0.01,47,42730,卖盘
493,14:01:57,8.94,0.01,1,894,买盘
494,14:01:53,8.93,-0.01,45,40185,卖盘
495,14:01:48,8.94,--,46,41124,卖盘
496,14:01:42,8.94,--,55,49170,卖盘
497,14:01:33,8.94,-0.01,31,27714,卖盘
498,14:01:27,8.95,0.01,10,8950,买盘
499,14:01:18,8.94,-0.01,8,7152,卖盘
500,14:01:03,8.95,0.01,40,35800,买盘
501,14:00:57,8.94,-0.01,9,8046,卖盘
502,14:00:48,8.95,0.01,3,2685,买盘
503,14:00:42,8.94,-0.01,3,2682,卖盘
504,14:00:38,8.95,-0.01,1,894,卖盘
505,14:00:33,8.96,--,0,0,买盘
506,14:00:27,8.96,0.01,21,18816,买盘
507,14:00:18,8.95,--,10,8950,买盘
508,14:00:12,8.95,--,151,135145,卖盘
509,14:00:08,8.95,-0.01,132,118139,卖盘
510,14:00:03,8.96,0.01,11,9856,买盘
511,13:59:57,8.95,--,20,17900,卖盘
512,13:59:42,8.95,--,5,4475,卖盘
513,13:59:33,8.95,-0.01,20,17900,卖盘
514,13:59:23,8.96,0.01,1,896,买盘
515,13:59:18,8.95,-0.01,6,5370,卖盘
516,13:59:08,8.96,--,42,37632,买盘
517,13:58:57,8.96,--,1,896,买盘
518,13:58:47,8.96,--,15,13440,买盘
519,13:58:33,8.96,--,33,29568,买盘
520,13:58:27,8.96,--,23,20608,买盘
521,13:58:02,8.96,--,1,896,买盘
522,13:57:47,8.96,--,1,896,买盘
523,13:57:42,8.96,-0.01,139,124544,卖盘
524,13:57:27,8.97,--,1,897,买盘
525,13:57:21,8.97,--,4,3588,买盘
526,13:57:12,8.97,0.01,37,33189,买盘
527,13:57:06,8.96,-0.01,50,44800,卖盘
528,13:56:57,8.97,--,1,897,买盘
529,13:56:42,8.97,0.01,3,2691,买盘
530,13:56:36,8.96,-0.01,16,14336,卖盘
531,13:56:27,8.97,0.01,1,897,买盘
532,13:56:21,8.96,--,6,5376,卖盘
533,13:56:17,8.96,-0.01,50,44800,卖盘
534,13:56:02,8.97,--,1,897,买盘
535,13:55:42,8.97,--,1,897,买盘
536,13:55:27,8.97,0.01,1,897,买盘
537,13:55:21,8.96,-0.01,3,2688,卖盘
538,13:55:16,8.97,--,1,897,买盘
539,13:55:06,8.97,-0.01,199,178503,卖盘
540,13:55:02,8.98,-0.01,30,26940,卖盘
541,13:54:57,8.99,--,56,50344,买盘
542,13:54:42,8.99,--,1,899,买盘
543,13:54:36,8.99,-0.01,91,81809,卖盘
544,13:54:31,9.0,0.01,1,900,买盘
545,13:54:27,8.99,-0.01,32,28768,卖盘
546,13:54:21,9.0,0.02,300,270000,买盘
547,13:54:16,8.98,--,10,8980,卖盘
548,13:54:06,8.98,-0.01,50,44900,卖盘
549,13:54:01,8.99,--,1,899,买盘
550,13:53:57,8.99,--,10,8990,买盘
551,13:53:51,8.99,--,1,899,买盘
552,13:53:27,8.99,--,127,114173,卖盘
553,13:53:21,8.99,-0.01,3,2697,卖盘
554,13:53:16,9.0,0.01,1,900,买盘
555,13:53:12,8.99,-0.01,241,216659,卖盘
556,13:53:06,9.0,0.01,1,900,买盘
557,13:52:57,8.99,--,11,9889,卖盘
558,13:52:51,8.99,-0.01,58,52142,卖盘
559,13:52:47,9.0,--,5,4500,买盘
560,13:52:31,9.0,--,1,900,买盘
561,13:52:21,9.0,--,1,900,买盘
562,13:52:16,9.0,--,26,23400,买盘
563,13:52:06,9.0,0.01,1,900,买盘
564,13:51:51,8.99,-0.01,61,54839,卖盘
565,13:51:42,9.0,--,2,1800,买盘
566,13:51:36,9.0,0.01,101,90900,买盘
567,13:51:26,8.99,-0.01,50,44950,卖盘
568,13:51:21,9.0,0.01,54,48600,买盘
569,13:51:11,8.99,-0.01,35,31465,卖盘
570,13:51:01,9.0,--,23,20700,买盘
571,13:50:56,9.0,--,1,900,买盘
572,13:50:51,9.0,--,1,900,买盘
573,13:50:41,9.0,--,1,900,买盘
574,13:50:30,9.0,--,12,10800,买盘
575,13:50:15,9.0,--,5,4500,买盘
576,13:50:06,9.0,0.01,1,900,买盘
577,13:50:00,8.99,-0.01,100,89900,卖盘
578,13:49:56,9.0,--,1,900,买盘
579,13:49:45,9.0,--,1,900,买盘
580,13:49:36,9.0,0.01,6,5400,买盘
581,13:49:21,8.99,-0.01,4,3596,卖盘
582,13:49:15,9.0,0.02,1,900,买盘
583,13:49:06,8.98,-0.01,21,18858,卖盘
584,13:49:00,8.99,0.01,79,71021,买盘
585,13:48:56,8.98,-0.01,20,17960,卖盘
586,13:48:45,8.99,--,20,17980,买盘
587,13:48:36,8.99,0.01,4,3596,买盘
588,13:48:30,8.98,--,0,0,中性盘
589,13:48:26,8.98,-0.01,1,898,买盘
590,13:48:21,8.99,--,0,0,买盘
591,13:48:15,8.99,--,10,8990,买盘
592,13:48:06,8.99,0.01,1,899,买盘
593,13:48:00,8.98,0.01,23,20654,买盘
594,13:47:45,8.97,-0.01,40,35880,卖盘
595,13:47:39,8.98,--,8,7184,买盘
596,13:47:30,8.98,--,5,4490,买盘
597,13:47:25,8.98,--,3,2694,买盘
598,13:47:21,8.98,--,22,19756,卖盘
599,13:47:15,8.98,--,7,6286,买盘
600,13:47:06,8.98,--,1,898,买盘
601,13:46:55,8.98,-0.01,22,19756,卖盘
602,13:46:51,8.99,0.01,11,9889,买盘
603,13:46:30,8.98,0.01,2,1796,买盘
604,13:46:21,8.97,--,0,0,中性盘
605,13:46:10,8.97,--,701,628797,买盘
606,13:46:00,8.97,--,1,897,买盘
607,13:45:51,8.97,0.01,101,90597,买盘
608,13:45:45,8.96,-0.01,5,4480,卖盘
609,13:45:30,8.97,--,1,897,买盘
610,13:45:15,8.97,0.01,21,18837,买盘
611,13:45:10,8.96,-0.01,50,44800,卖盘
612,13:45:05,8.97,--,1,897,买盘
613,13:45:00,8.97,--,8,7176,买盘
614,13:44:55,8.97,--,6,5382,买盘
615,13:44:40,8.97,--,1,897,买盘
616,13:44:30,8.97,--,1,897,买盘
617,13:44:20,8.97,0.01,10,8970,买盘
618,13:44:15,8.96,--,38,34048,卖盘
619,13:44:10,8.96,--,103,92288,买盘
620,13:44:06,8.96,--,30,26880,买盘
621,13:44:00,8.96,--,1,896,买盘
622,13:43:45,8.96,0.01,4,3584,买盘
623,13:43:40,8.95,-0.01,10,8950,卖盘
624,13:43:35,8.96,--,1,896,买盘
625,13:43:30,8.96,0.01,5,4480,买盘
626,13:43:25,8.95,-0.01,4,3579,卖盘
627,13:43:15,8.96,--,1,896,买盘
628,13:43:05,8.96,--,2,1792,买盘
629,13:43:00,8.96,--,5,4480,买盘
630,13:42:55,8.96,--,1,896,买盘
631,13:42:50,8.96,--,3,2688,买盘
632,13:42:45,8.96,--,1,896,买盘
633,13:42:30,8.96,--,7,6272,买盘
634,13:42:19,8.96,--,1,896,买盘
635,13:42:09,8.96,--,1,896,买盘
636,13:42:00,8.96,--,1,896,买盘
637,13:41:50,8.96,0.01,10,8960,买盘
638,13:41:39,8.95,-0.01,14,12529,卖盘
639,13:41:35,8.96,0.01,17,15232,买盘
640,13:41:30,8.95,-0.01,8,7159,卖盘
641,13:41:24,8.96,--,27,24192,买盘
642,13:41:15,8.96,--,1,896,买盘
643,13:41:09,8.96,0.01,5,4480,买盘
644,13:41:05,8.95,-0.01,8,7159,卖盘
645,13:41:00,8.96,--,2,1792,买盘
646,13:40:54,8.96,--,1,896,买盘
647,13:40:39,8.96,--,11,9856,买盘
648,13:40:30,8.96,--,11,9856,买盘
649,13:40:09,8.96,--,1,896,买盘
650,13:40:04,8.96,--,1,896,买盘
651,13:40:00,8.96,--,1,896,买盘
652,13:39:54,8.96,--,25,22400,买盘
653,13:39:49,8.96,-0.01,2,1792,卖盘
654,13:39:45,8.97,--,1,897,买盘
655,13:39:39,8.97,--,20,17940,买盘
656,13:39:30,8.97,--,1,897,买盘
657,13:39:24,8.97,--,1,897,买盘
658,13:39:19,8.97,--,35,31395,买盘
659,13:39:15,8.97,--,14,12558,买盘
660,13:39:04,8.97,0.01,1,897,买盘
661,13:38:54,8.96,-0.01,1,896,卖盘
662,13:38:44,8.97,--,10,8970,买盘
663,13:38:39,8.97,--,2,1794,买盘
664,13:38:29,8.97,--,1,897,买盘
665,13:38:19,8.97,--,5,4485,买盘
666,13:38:14,8.97,--,35,31395,买盘
667,13:38:09,8.97,--,1,897,买盘
668,13:37:59,8.97,-0.01,90,80730,卖盘
669,13:37:54,8.98,--,27,24246,买盘
670,13:37:44,8.98,-0.01,1,898,买盘
671,13:37:39,8.99,--,0,0,买盘
672,13:37:30,8.99,--,1,899,买盘
673,13:37:24,8.99,--,1,899,买盘
674,13:37:19,8.99,--,30,26970,买盘
675,13:37:14,8.99,--,11,9889,买盘
676,13:37:04,8.99,--,16,14384,买盘
677,13:36:59,8.99,--,1,899,买盘
678,13:36:49,8.99,--,1,899,买盘
679,13:36:44,8.99,--,1,899,买盘
680,13:36:39,8.99,0.01,1,899,买盘
681,13:36:24,8.98,--,13,11674,卖盘
682,13:36:19,8.98,-0.01,2,1796,卖盘
683,13:36:14,8.99,--,1,899,买盘
684,13:36:09,8.99,0.01,1,899,买盘
685,13:36:04,8.98,0.02,28,25144,买盘
686,13:35:59,8.96,--,0,0,卖盘
687,13:35:54,8.96,-0.02,189,169344,卖盘
688,13:35:44,8.98,--,13,11674,卖盘
689,13:35:34,8.98,--,32,28861,买盘
690,13:35:29,8.98,--,1,898,买盘
691,13:35:18,8.98,0.01,9,8082,买盘
692,13:35:14,8.97,-0.01,21,18837,卖盘
693,13:35:09,8.98,0.01,1,898,买盘
694,13:35:03,8.97,-0.01,5,4485,卖盘
695,13:34:59,8.98,0.01,9,8082,买盘
696,13:34:39,8.97,--,380,340860,买盘
697,13:34:33,8.97,--,5,4485,买盘
698,13:34:24,8.97,--,44,39468,买盘
699,13:34:09,8.97,--,1,897,买盘
700,13:34:03,8.97,--,54,48438,买盘
701,13:33:54,8.97,--,1,897,买盘
702,13:33:33,8.97,--,10,8970,买盘
703,13:33:29,8.97,--,19,17043,买盘
704,13:33:24,8.97,0.01,1,897,买盘
705,13:33:14,8.96,--,50,44800,卖盘
706,13:33:03,8.96,-0.01,11,9856,卖盘
707,13:32:58,8.97,--,21,18837,买盘
708,13:32:48,8.97,--,1,897,买盘
709,13:32:39,8.97,-0.01,24,21528,卖盘
710,13:32:33,8.98,0.01,8,7184,买盘
711,13:32:24,8.97,--,7,6279,买盘
712,13:32:18,8.97,--,1,897,买盘
713,13:32:08,8.97,--,1,897,买盘
714,13:32:03,8.97,--,1,897,买盘
715,13:31:58,8.97,--,10,8970,买盘
716,13:31:53,8.97,--,1,897,买盘
717,13:31:48,8.97,--,179,160563,买盘
718,13:31:43,8.97,0.01,1,897,买盘
719,13:31:38,8.96,-0.01,54,48384,卖盘
720,13:31:28,8.97,--,1,897,买盘
721,13:31:23,8.97,0.01,1,897,买盘
722,13:31:18,8.96,-0.01,1,1576,卖盘
723,13:31:13,8.97,--,2,1794,买盘
724,13:31:08,8.97,0.01,3,2691,买盘
725,13:31:03,8.96,-0.01,70,62720,卖盘
726,13:30:58,8.97,--,1,897,买盘
727,13:30:48,8.97,--,1,897,买盘
728,13:30:38,8.97,--,2,1794,买盘
729,13:30:28,8.97,--,1,897,买盘
730,13:30:23,8.97,--,1,897,买盘
731,13:30:13,8.97,-0.01,4,3588,卖盘
732,13:30:03,8.98,--,1,898,买盘
733,13:29:48,8.98,--,0,0,买盘
734,13:29:43,8.98,--,13,11674,买盘
735,13:29:38,8.98,--,20,17960,买盘
736,13:29:28,8.98,--,5,4490,买盘
737,13:29:23,8.98,0.01,5,4490,买盘
738,13:29:18,8.97,-0.01,5,4485,卖盘
739,13:29:13,8.98,--,1,898,买盘
740,13:29:03,8.98,--,22,19756,买盘
741,13:28:58,8.98,--,43,38766,卖盘
742,13:28:53,8.98,-0.01,50,44900,卖盘
743,13:28:43,8.99,0.01,1,899,买盘
744,13:28:38,8.98,--,18,16289,买盘
745,13:28:33,8.98,--,63,57346,买盘
746,13:28:28,8.98,--,10,8980,买盘
747,13:28:23,8.98,--,6,5388,买盘
748,13:28:18,8.98,--,2,1796,买盘
749,13:28:08,8.98,-0.01,101,90698,卖盘
750,13:28:03,8.99,--,1,899,买盘
751,13:27:58,8.99,--,37,33263,买盘
752,13:27:48,8.99,--,1,899,买盘
753,13:27:42,8.99,--,3,2697,买盘
754,13:27:38,8.99,--,1,899,买盘
755,13:27:27,8.99,0.01,1,899,买盘
756,13:27:23,8.98,-0.01,9,8082,卖盘
757,13:27:12,8.99,--,1,899,买盘
758,13:27:08,8.99,--,11,9889,买盘
759,13:27:03,8.99,--,1,899,买盘
760,13:26:57,8.99,--,1,899,买盘
761,13:26:48,8.99,--,10,8990,买盘
762,13:26:42,8.99,-0.01,51,45849,中性盘
763,13:26:27,9.0,--,7,6300,买盘
764,13:26:18,9.0,--,4,3726,买盘
765,13:26:12,9.0,--,12,10800,买盘
766,13:26:07,9.0,--,1,900,买盘
767,13:25:57,9.0,--,1,900,买盘
768,13:25:52,9.0,--,0,0,买盘
769,13:25:48,9.0,0.02,1800,1620000,买盘
770,13:25:42,8.98,--,14,12572,买盘
771,13:25:38,8.98,0.01,1,898,买盘
772,13:25:33,8.97,-0.01,20,17940,卖盘
773,13:25:27,8.98,0.01,1,898,买盘
774,13:25:18,8.97,--,8,7176,买盘
775,13:25:12,8.97,0.03,2,1794,买盘
776,13:25:06,8.94,--,0,0,卖盘
777,13:25:02,8.94,-0.01,106,95577,卖盘
778,13:24:57,8.95,--,14,12529,买盘
779,13:24:52,8.95,--,22,19770,卖盘
780,13:24:47,8.95,0.01,9,8869,买盘
781,13:24:42,8.94,-0.01,14,12516,卖盘
782,13:24:37,8.95,--,1,894,买盘
783,13:24:32,8.95,--,2,1789,买盘
784,13:24:27,8.95,--,3,2685,买盘
785,13:24:21,8.95,--,26,23269,卖盘
786,13:24:17,8.95,--,449,401854,买盘
787,13:24:12,8.95,0.01,14,12529,买盘
788,13:24:07,8.94,-0.01,5,4470,卖盘
789,13:24:02,8.95,--,19,17005,买盘
790,13:23:57,8.95,--,2,1789,买盘
791,13:23:52,8.95,--,1,894,买盘
792,13:23:47,8.95,--,6,5370,买盘
793,13:23:42,8.95,--,27,24164,买盘
794,13:23:32,8.95,0.01,3,2685,买盘
795,13:23:27,8.94,-0.01,61,54534,卖盘
796,13:23:22,8.95,0.01,14,12529,买盘
797,13:23:17,8.94,-0.01,2,1788,卖盘
798,13:23:12,8.95,--,1,894,买盘
799,13:23:07,8.95,--,12,10740,买盘
800,13:23:02,8.95,--,3,2685,买盘
801,13:22:57,8.95,--,1,894,买盘
802,13:22:52,8.95,--,1,894,买盘
803,13:22:47,8.95,0.01,21,18795,买盘
804,13:22:42,8.94,-0.01,36,32184,卖盘
805,13:22:32,8.95,--,0,0,买盘
806,13:22:27,8.95,--,2,1789,买盘
807,13:22:22,8.95,--,33,29534,买盘
808,13:22:12,8.95,--,9,8054,买盘
809,13:22:07,8.95,--,11,9845,买盘
810,13:22:02,8.95,0.01,3,2685,买盘
811,13:21:57,8.94,--,7,6258,买盘
812,13:21:52,8.94,0.01,3,2682,买盘
813,13:21:42,8.93,--,23,20539,卖盘
814,13:21:37,8.93,-0.01,15,13395,卖盘
815,13:21:26,8.94,--,3,2682,买盘
816,13:21:22,8.94,--,22,19668,买盘
817,13:21:17,8.94,0.01,23,20562,买盘
818,13:21:12,8.93,-0.01,10,8930,卖盘
819,13:21:07,8.94,--,13,11622,买盘
820,13:20:56,8.94,--,6,5364,买盘
821,13:20:52,8.94,--,4,3576,买盘
822,13:20:47,8.94,--,1,894,买盘
823,13:20:41,8.94,--,9,8046,买盘
824,13:20:31,8.94,--,1,894,买盘
825,13:20:26,8.94,--,11,9834,买盘
826,13:20:22,8.94,--,13,11622,买盘
827,13:20:12,8.94,--,1,894,买盘
828,13:20:06,8.94,--,32,28608,卖盘
829,13:20:01,8.94,-0.01,16,14304,卖盘
830,13:19:57,8.95,0.01,42,37590,买盘
831,13:19:51,8.94,--,51,45594,卖盘
832,13:19:47,8.94,-0.01,2,1788,卖盘
833,13:19:42,8.95,--,1,894,买盘
834,13:19:36,8.95,--,1,894,买盘
835,13:19:31,8.95,0.01,6,5370,买盘
836,13:19:27,8.94,-0.01,12,10728,卖盘
837,13:19:21,8.95,0.01,2,1789,买盘
838,13:19:12,8.94,-0.01,12,10728,卖盘
839,13:19:06,8.95,0.01,1,894,买盘
840,13:18:57,8.94,--,4,3576,卖盘
841,13:18:51,8.94,-0.01,4,3576,卖盘
842,13:18:46,8.95,0.01,6,5370,买盘
843,13:18:42,8.94,-0.01,11,9834,卖盘
844,13:18:32,8.95,--,1,894,买盘
845,13:18:27,8.95,0.02,2,1789,买盘
846,13:18:21,8.93,-0.02,3,2679,卖盘
847,13:18:12,8.95,0.02,27,24164,买盘
848,13:18:06,8.93,-0.02,8,7144,卖盘
849,13:18:02,8.95,0.01,3,2685,买盘
850,13:17:56,8.94,0.01,40,35760,买盘
851,13:17:51,8.93,-0.01,9,8037,卖盘
852,13:17:47,8.94,--,2,1788,买盘
853,13:17:41,8.94,--,16,14304,买盘
854,13:17:36,8.94,--,10,8940,买盘
855,13:17:31,8.94,--,2,1788,买盘
856,13:17:26,8.94,--,1,894,买盘
857,13:17:21,8.94,--,14,12516,买盘
858,13:17:16,8.94,--,1,894,买盘
859,13:17:11,8.94,0.02,38,33972,买盘
860,13:17:06,8.92,-0.01,45,40586,卖盘
861,13:17:01,8.93,-0.01,7,6251,卖盘
862,13:16:56,8.94,0.02,10,8940,买盘
863,13:16:51,8.92,-0.01,34,30328,卖盘
864,13:16:46,8.93,--,2,1786,买盘
865,13:16:41,8.93,--,17,15181,买盘
866,13:16:36,8.93,--,2,1786,买盘
867,13:16:31,8.93,--,55,49115,卖盘
868,13:16:26,8.93,-0.01,8,7144,卖盘
869,13:16:21,8.94,--,1,894,买盘
870,13:16:16,8.94,0.01,2,1788,买盘
871,13:16:11,8.93,--,4,3572,买盘
872,13:16:06,8.93,--,22,19646,买盘
873,13:16:01,8.93,-0.01,8,7144,卖盘
874,13:15:46,8.94,-0.01,5,4470,中性盘
875,13:15:41,8.95,--,2,1789,买盘
876,13:15:36,8.95,--,33,29534,买盘
877,13:15:21,8.95,--,0,0,买盘
878,13:15:16,8.95,--,3,2685,买盘
879,13:15:11,8.95,--,20,17900,买盘
880,13:15:06,8.95,--,6,5370,买盘
881,13:15:01,8.95,0.04,1,894,买盘
882,13:14:56,8.91,-0.04,20,17820,卖盘
883,13:14:50,8.95,0.03,1,894,买盘
884,13:14:46,8.92,0.01,49,44100,买盘
885,13:14:41,8.91,0.01,2,1782,买盘
886,13:14:36,8.9,-0.01,30,26700,卖盘
887,13:14:31,8.91,-0.01,37,32967,中性盘
888,13:14:26,8.92,--,1,892,买盘
889,13:14:21,8.92,0.01,26,23192,买盘
890,13:14:16,8.91,-0.01,12,10692,卖盘
891,13:14:11,8.92,--,1,892,买盘
892,13:14:06,8.92,--,59,52628,买盘
893,13:14:01,8.92,--,4,3568,买盘
894,13:13:56,8.92,--,0,0,买盘
895,13:13:50,8.92,--,501,446892,卖盘
896,13:13:46,8.92,--,40,35680,卖盘
897,13:13:41,8.92,--,40,35680,买盘
898,13:13:36,8.92,--,1,892,买盘
899,13:13:31,8.92,0.01,138,123096,买盘
900,13:13:21,8.91,-0.01,145,129195,卖盘
901,13:13:16,8.92,0.01,51,45492,买盘
902,13:13:05,8.91,-0.01,20,17820,卖盘
903,13:13:01,8.92,--,15,13380,买盘
904,13:12:55,8.92,--,1,892,买盘
905,13:12:51,8.92,-0.03,74,66008,卖盘
906,13:12:46,8.95,--,1,894,买盘
907,13:12:40,8.95,--,5,4475,买盘
908,13:12:30,8.95,0.03,1,894,买盘
909,13:12:21,8.92,-0.03,20,17840,卖盘
910,13:12:15,8.95,--,33,29534,买盘
911,13:12:06,8.95,--,2,1789,买盘
912,13:12:00,8.95,0.03,1,894,买盘
913,13:11:51,8.92,-0.03,79,70468,卖盘
914,13:11:45,8.95,0.02,1,894,买盘
915,13:11:40,8.93,-0.01,130,116090,卖盘
916,13:11:35,8.94,0.01,5,4470,中性盘
917,13:11:30,8.93,-0.02,17,15181,卖盘
918,13:11:25,8.95,0.02,6,5370,买盘
919,13:11:05,8.93,-0.02,37,33041,卖盘
920,13:11:00,8.95,0.01,59,52804,买盘
921,13:10:50,8.94,-0.01,2,1788,中性盘
922,13:10:45,8.95,--,4,3579,买盘
923,13:10:40,8.95,0.02,4,3579,买盘
924,13:10:30,8.93,-0.02,24,21432,卖盘
925,13:10:24,8.95,0.01,2,1789,买盘
926,13:10:20,8.94,-0.01,103,92082,买盘
927,13:10:15,8.95,0.02,10,8950,买盘
928,13:10:10,8.93,-0.02,64,57152,卖盘
929,13:10:00,8.95,--,9,8054,买盘
930,13:09:54,8.95,--,17,15214,买盘
931,13:09:50,8.95,--,60,53699,买盘
932,13:09:45,8.95,0.01,11,9845,买盘
933,13:09:39,8.94,-0.01,100,89400,卖盘
934,13:09:35,8.95,0.01,16,14319,买盘
935,13:09:30,8.94,-0.01,4,3576,卖盘
936,13:09:24,8.95,--,1,894,买盘
937,13:09:20,8.95,--,100,89500,买盘
938,13:09:15,8.95,0.01,55,49224,买盘
939,13:09:09,8.94,-0.02,80,71520,卖盘
940,13:09:00,8.96,0.01,31,27776,买盘
941,13:08:54,8.95,-0.01,74,66230,卖盘
942,13:08:50,8.96,--,1,896,买盘
943,13:08:45,8.96,0.01,7,6272,买盘
944,13:08:35,8.95,-0.01,5,4475,卖盘
945,13:08:30,8.96,0.01,1,896,买盘
946,13:08:24,8.95,-0.01,67,59964,卖盘
947,13:08:19,8.96,0.01,1,896,买盘
948,13:08:15,8.95,--,10,8950,卖盘
949,13:08:10,8.95,--,64,57279,卖盘
950,13:08:00,8.95,-0.01,97,86815,卖盘
951,13:07:54,8.96,--,15,13440,卖盘
952,13:07:50,8.96,-0.01,8,7168,买盘
953,13:07:44,8.97,0.01,10,8970,买盘
954,13:07:35,8.96,--,8,7168,买盘
955,13:07:25,8.96,0.02,1,896,买盘
956,13:07:20,8.94,--,0,0,卖盘
957,13:07:15,8.94,-0.02,11,9834,卖盘
958,13:07:10,8.96,0.02,1,896,买盘
959,13:07:05,8.94,-0.02,18,16092,卖盘
960,13:07:00,8.96,--,1,896,买盘
961,13:06:50,8.96,--,1,896,买盘
962,13:06:45,8.96,--,44,39424,买盘
963,13:06:39,8.96,0.02,3,2688,买盘
964,13:06:30,8.94,-0.02,51,45594,卖盘
965,13:06:20,8.96,--,1,896,买盘
966,13:06:14,8.96,-0.01,276,247296,卖盘
967,13:06:10,8.97,--,1,897,买盘
968,13:06:04,8.97,0.01,11,9867,买盘
969,13:05:59,8.96,-0.02,31,27776,卖盘
970,13:05:54,8.98,-0.01,1,898,买盘
971,13:05:49,8.99,--,0,0,买盘
972,13:05:45,8.99,--,0,0,买盘
973,13:05:39,8.99,0.02,29,26071,买盘
974,13:05:29,8.97,--,10,8970,买盘
975,13:05:19,8.97,0.01,11,9867,买盘
976,13:05:15,8.96,-0.01,20,17920,卖盘
977,13:05:09,8.97,--,21,18837,中性盘
978,13:05:04,8.97,--,10,8970,卖盘
979,13:04:59,8.97,-0.02,2,1794,卖盘
980,13:04:54,8.99,--,0,0,买盘
981,13:04:39,8.99,--,1,899,买盘
982,13:04:24,8.99,--,1,899,买盘
983,13:04:19,8.99,--,1,899,买盘
984,13:04:14,8.99,0.03,7,6293,买盘
985,13:04:09,8.96,--,5,4480,买盘
986,13:04:04,8.96,--,1,896,买盘
987,13:03:59,8.96,-0.03,147,131712,卖盘
988,13:03:49,8.99,--,1,899,买盘
989,13:03:44,8.99,0.02,1,899,买盘
990,13:03:39,8.97,-0.02,15,13455,卖盘
991,13:03:34,8.99,0.02,1,899,买盘
992,13:03:29,8.97,--,2,1794,买盘
993,13:03:24,8.97,--,1,897,买盘
994,13:03:19,8.97,0.01,1,897,买盘
995,13:03:09,8.96,-0.01,71,63616,卖盘
996,13:03:04,8.97,0.01,17,15249,买盘
997,13:02:54,8.96,0.01,63,56448,买盘
998,13:02:49,8.95,-0.01,1,894,卖盘
999,13:02:39,8.96,--,12,10752,买盘
1000,13:02:34,8.96,-0.01,17,15232,卖盘
1001,13:02:29,8.97,--,1,897,买盘
1002,13:02:24,8.97,--,5,4485,买盘
1003,13:02:19,8.97,--,9,8073,卖盘
1004,13:01:59,8.97,-0.01,20,17940,卖盘
1005,13:01:54,8.98,-0.02,51,45798,卖盘
1006,13:01:49,9.0,--,1,900,买盘
1007,13:01:33,9.0,--,101,90900,买盘
1008,13:01:24,9.0,0.03,1,900,买盘
1009,13:01:18,8.97,--,0,0,卖盘
1010,13:01:09,8.97,-0.01,12,10764,卖盘
1011,13:01:03,8.98,--,19,17062,买盘
1012,13:00:53,8.98,-0.02,11,9878,卖盘
1013,13:00:48,9.0,--,13,11700,买盘
1014,13:00:44,9.0,--,5,4500,买盘
1015,13:00:39,9.0,0.02,306,275400,买盘
1016,13:00:33,8.98,-0.02,8,7184,卖盘
1017,13:00:18,9.0,--,1,900,买盘
1018,13:00:14,9.0,0.02,1,900,买盘
1019,13:00:08,8.98,-0.02,182,163436,中性盘
1020,13:00:03,9.0,--,2207,1986300,卖盘
1021,11:30:00,9.0,--,0,0,卖盘
1022,11:29:59,9.0,--,0,0,卖盘
1023,11:29:53,9.0,--,7,6300,卖盘
1024,11:29:45,9.0,--,21,18900,卖盘
1025,11:29:39,9.0,-0.01,20,18000,卖盘
1026,11:29:29,9.01,--,3,2703,卖盘
1027,11:29:24,9.01,--,51,45951,卖盘
1028,11:29:18,9.01,-0.01,10,9010,卖盘
1029,11:29:14,9.02,--,0,0,买盘
1030,11:29:09,9.02,--,1,902,买盘
1031,11:28:59,9.02,-0.01,1,902,中性盘
1032,11:28:54,9.03,--,394,355782,买盘
1033,11:28:48,9.03,--,1,902,买盘
1034,11:28:29,9.03,--,101,91203,买盘
1035,11:28:14,9.03,--,6,5418,买盘
1036,11:28:03,9.03,--,1,902,买盘
1037,11:27:59,9.03,0.01,40,36120,买盘
1038,11:27:54,9.02,-0.01,11,9922,卖盘
1039,11:27:44,9.03,--,1,902,买盘
1040,11:27:39,9.03,0.02,15,13544,买盘
1041,11:27:29,9.01,--,0,0,卖盘
1042,11:27:24,9.01,-0.02,103,92803,卖盘
1043,11:27:18,9.03,--,1,902,买盘
1044,11:27:14,9.03,--,45,40635,买盘
1045,11:27:09,9.03,--,286,258257,买盘
1046,11:26:59,9.03,0.02,4,3611,买盘
1047,11:26:54,9.01,-0.02,208,187408,卖盘
1048,11:26:48,9.03,--,1,902,买盘
1049,11:26:44,9.03,0.02,10,9030,买盘
1050,11:26:39,9.01,--,19,17119,卖盘
1051,11:26:24,9.01,-0.02,92,82892,卖盘
1052,11:26:14,9.03,0.02,71,64112,买盘
1053,11:26:09,9.01,-0.01,27,24327,卖盘
1054,11:26:03,9.02,--,11,9922,买盘
1055,11:25:59,9.02,--,55,49610,买盘
1056,11:25:54,9.02,--,158,142516,买盘
1057,11:25:48,9.02,0.01,3,2706,买盘
1058,11:25:44,9.01,-0.01,20,18020,卖盘
1059,11:25:24,9.02,--,32,28864,买盘
1060,11:25:18,9.02,-0.01,142,128084,卖盘
1061,11:25:09,9.03,--,2,1805,买盘
1062,11:24:59,9.03,--,1,902,买盘
1063,11:24:54,9.03,--,20,18060,买盘
1064,11:24:48,9.03,--,1,902,买盘
1065,11:24:44,9.03,--,2,1805,买盘
1066,11:24:39,9.03,--,9,8126,买盘
1067,11:24:33,9.03,-0.01,33,29798,卖盘
1068,11:24:24,9.04,--,1,903,买盘
1069,11:24:13,9.04,--,1,903,买盘
1070,11:24:03,9.04,--,1,903,买盘
1071,11:23:54,9.04,0.02,1,903,买盘
1072,11:23:48,9.02,--,110,99220,卖盘
1073,11:23:44,9.02,-0.01,2,1804,卖盘
1074,11:23:38,9.03,-0.01,1,902,买盘
1075,11:23:33,9.04,0.02,4,3615,买盘
1076,11:23:08,9.02,-0.01,5,4510,卖盘
1077,11:22:48,9.03,--,0,0,买盘
1078,11:22:32,9.03,--,105,94815,买盘
1079,11:22:18,9.03,--,115,103844,买盘
1080,11:22:11,9.03,--,251,226652,卖盘
1081,11:22:03,9.03,-0.01,3,2709,卖盘
1082,11:21:57,9.04,--,1,903,买盘
1083,11:21:53,9.04,0.01,4,3615,买盘
1084,11:21:48,9.03,-0.01,1,902,卖盘
1085,11:21:38,9.04,0.01,4,3615,买盘
1086,11:21:33,9.03,-0.01,17,15350,卖盘
1087,11:21:27,9.04,--,2,2260,卖盘
1088,11:21:23,9.04,--,10,9040,卖盘
1089,11:21:11,9.04,-0.01,85,76840,卖盘
1090,11:21:08,9.05,0.01,19,17195,买盘
1091,11:21:03,9.04,-0.01,1,903,卖盘
1092,11:20:56,9.05,--,1,905,买盘
1093,11:20:53,9.05,-0.01,56,50680,卖盘
1094,11:20:48,9.06,--,1,906,买盘
1095,11:20:38,9.06,0.01,39,35334,买盘
1096,11:20:33,9.05,-0.01,10,9050,卖盘
1097,11:20:18,9.06,--,1,906,买盘
1098,11:20:08,9.06,--,1,906,买盘
1099,11:20:03,9.06,0.01,20,18120,买盘
1100,11:19:57,9.05,-0.01,1,905,卖盘
1101,11:19:53,9.06,--,6,5436,买盘
1102,11:19:48,9.06,0.01,1,906,买盘
1103,11:19:42,9.05,-0.01,10,9050,卖盘
1104,11:19:38,9.06,0.01,6,5436,买盘
1105,11:19:27,9.05,-0.01,10,9050,卖盘
1106,11:19:23,9.06,--,9,8154,买盘
1107,11:19:08,9.06,--,1,906,买盘
1108,11:19:03,9.06,--,1,906,买盘
1109,11:18:53,9.06,--,2,1812,买盘
1110,11:18:48,9.06,--,1,906,买盘
1111,11:18:23,9.06,--,6,5436,买盘
1112,11:18:12,9.06,--,1,906,买盘
1113,11:18:03,9.06,0.01,29,26274,买盘
1114,11:17:41,9.05,--,1,905,买盘
1115,11:17:38,9.05,--,3,2715,买盘
1116,11:17:32,9.05,--,1,905,买盘
1117,11:17:18,9.05,0.01,1,905,买盘
1118,11:17:12,9.04,-0.01,21,18984,卖盘
1119,11:17:07,9.05,--,20,18100,买盘
1120,11:16:57,9.05,--,20,18100,买盘
1121,11:16:52,9.05,--,6,5430,买盘
1122,11:16:48,9.05,0.01,1,905,买盘
1123,11:16:38,9.04,-0.01,12,10847,卖盘
1124,11:16:32,9.05,--,1,905,买盘
1125,11:16:22,9.05,--,1,905,买盘
1126,11:16:18,9.05,--,2,1810,买盘
1127,11:16:11,9.05,--,1,905,买盘
1128,11:16:08,9.05,--,5,4525,买盘
1129,11:16:03,9.05,--,10,9050,买盘
1130,11:15:52,9.05,--,1,905,买盘
1131,11:15:47,9.05,--,2,1810,买盘
1132,11:15:42,9.05,--,6,5430,买盘
1133,11:15:32,9.05,--,13,11765,买盘
1134,11:15:17,9.05,--,15,13575,买盘
1135,11:15:11,9.05,--,14,12670,买盘
1136,11:15:07,9.05,--,6,5430,买盘
1137,11:15:02,9.05,--,1,905,买盘
1138,11:14:57,9.05,--,8,7240,买盘
1139,11:14:47,9.05,--,2,1810,买盘
1140,11:14:32,9.05,--,1,905,买盘
1141,11:14:27,9.05,--,1,905,买盘
1142,11:14:17,9.05,--,1,905,买盘
1143,11:14:11,9.05,--,3,2715,买盘
1144,11:14:02,9.05,--,1,905,买盘
1145,11:13:51,9.05,--,1,905,买盘
1146,11:13:41,9.05,0.01,6,5430,买盘
1147,11:13:36,9.04,-0.01,10,9492,卖盘
1148,11:13:26,9.05,--,2,1810,买盘
1149,11:13:17,9.05,0.01,1,905,买盘
1150,11:13:11,9.04,-0.01,5,4520,卖盘
1151,11:12:56,9.05,--,12,10860,买盘
1152,11:12:47,9.05,--,11,9955,买盘
1153,11:12:32,9.05,--,11,9955,买盘
1154,11:12:26,9.05,--,12,10860,买盘
1155,11:12:21,9.05,--,1,905,买盘
1156,11:12:11,9.05,--,1,905,买盘
1157,11:11:47,9.05,--,1,905,买盘
1158,11:11:41,9.05,0.01,1,905,买盘
1159,11:11:32,9.04,--,4,3615,买盘
1160,11:11:27,9.04,--,1,903,买盘
1161,11:11:21,9.04,--,3,2711,买盘
1162,11:11:17,9.04,0.01,1,903,买盘
1163,11:11:11,9.03,-0.01,52,46956,卖盘
1164,11:11:02,9.04,--,50,45199,买盘
1165,11:10:56,9.04,--,10,9040,买盘
1166,11:10:41,9.04,--,1,903,买盘
1167,11:10:35,9.04,--,3,2711,买盘
1168,11:10:31,9.04,--,1,903,买盘
1169,11:10:26,9.04,--,9,8135,买盘
1170,11:10:20,9.04,--,1,903,买盘
1171,11:10:11,9.04,--,2,1807,买盘
1172,11:09:56,9.04,--,1,903,买盘
1173,11:09:46,9.04,--,1,903,买盘
1174,11:09:41,9.04,--,10,9040,买盘
1175,11:09:35,9.04,--,1,903,买盘
1176,11:09:26,9.04,--,1,903,买盘
1177,11:09:20,9.04,-0.01,3,2711,买盘
1178,11:09:06,9.05,--,1,905,买盘
1179,11:08:56,9.05,0.02,6,5430,买盘
1180,11:08:42,9.03,-0.02,6,5418,卖盘
1181,11:08:26,9.05,--,11,9955,买盘
1182,11:08:20,9.05,0.01,5,4525,买盘
1183,11:08:11,9.04,-0.01,15,13559,卖盘
1184,11:08:05,9.05,--,1,905,买盘
1185,11:07:56,9.05,--,1,905,买盘
1186,11:07:41,9.05,--,1,905,买盘
1187,11:07:35,9.05,--,6,5430,买盘
1188,11:07:11,9.05,--,17,15385,买盘
1189,11:07:01,9.05,0.01,1,905,买盘
1190,11:06:56,9.04,-0.01,6,5423,卖盘
1191,11:06:50,9.05,--,1,905,买盘
1192,11:06:41,9.05,0.01,29,26245,买盘
1193,11:06:35,9.04,-0.01,8,7231,卖盘
1194,11:06:29,9.05,--,5,4525,买盘
1195,11:06:20,9.05,--,5,4525,买盘
1196,11:06:14,9.05,--,1,905,买盘
1197,11:06:11,9.05,--,18,16290,买盘
1198,11:06:05,9.05,--,6,5430,买盘
1199,11:05:56,9.05,--,1,905,买盘
1200,11:05:41,9.05,--,4,3620,买盘
1201,11:05:35,9.05,--,1,905,买盘
1202,11:05:29,9.05,0.01,5,4525,买盘
1203,11:05:26,9.04,-0.01,6,5423,卖盘
1204,11:05:11,9.05,0.02,11,9955,中性盘
1205,11:05:05,9.03,-0.03,160,144480,卖盘
1206,11:04:59,9.06,0.01,1,906,买盘
1207,11:04:50,9.05,--,30,27150,卖盘
1208,11:04:41,9.05,-0.01,5,4525,卖盘
1209,11:04:35,9.06,0.01,1,906,买盘
1210,11:04:29,9.05,--,23,20815,买盘
1211,11:04:26,9.05,--,211,190955,买盘
1212,11:04:20,9.05,--,0,0,买盘
1213,11:04:14,9.05,--,1,905,买盘
1214,11:04:11,9.05,0.02,5,4525,买盘
1215,11:04:05,9.03,-0.02,119,107456,卖盘
1216,11:03:56,9.05,--,1,905,买盘
1217,11:03:44,9.05,-0.01,162,146610,卖盘
1218,11:03:29,9.06,--,17,15402,买盘
1219,11:03:20,9.06,--,1,906,买盘
1220,11:03:14,9.06,-0.01,7,6342,卖盘
1221,11:03:10,9.07,0.01,6,5442,买盘
1222,11:03:05,9.06,-0.01,7,6342,卖盘
1223,11:02:59,9.07,0.01,1,907,买盘
1224,11:02:55,9.06,-0.01,10,9060,卖盘
1225,11:02:50,9.07,0.01,1,907,买盘
1226,11:02:44,9.06,-0.01,10,9060,卖盘
1227,11:02:35,9.07,--,1,907,买盘
1228,11:02:25,9.07,--,1,907,买盘
1229,11:02:14,9.07,--,1,907,买盘
1230,11:02:05,9.07,--,1,907,买盘
1231,11:01:40,9.07,--,1,907,买盘
1232,11:01:29,9.07,-0.01,1,907,买盘
1233,11:01:20,9.08,--,1,908,买盘
1234,11:01:10,9.08,0.02,1,908,买盘
1235,11:01:05,9.06,-0.02,24,21744,卖盘
1236,11:00:59,9.08,--,1,908,买盘
1237,11:00:44,9.08,--,0,0,买盘
1238,11:00:35,9.08,0.01,274,248792,买盘
1239,11:00:29,9.07,--,10,9070,卖盘
1240,11:00:24,9.07,0.01,98,88886,买盘
1241,11:00:20,9.06,-0.01,69,62514,卖盘
1242,11:00:14,9.07,--,1,907,买盘
1243,11:00:05,9.07,--,3,2721,买盘
1244,10:59:44,9.07,0.01,21,19047,买盘
1245,10:59:35,9.06,--,51,46206,卖盘
1246,10:59:29,9.06,-0.01,34,30804,卖盘
1247,10:59:20,9.07,--,1,907,买盘
1248,10:59:14,9.07,--,64,58048,卖盘
1249,10:59:08,9.07,--,1,907,卖盘
1250,10:58:59,9.07,--,87,78909,买盘
1251,10:58:53,9.07,--,20,18140,买盘
1252,10:58:50,9.07,0.01,1,907,买盘
1253,10:58:35,9.06,-0.01,1,906,卖盘
1254,10:58:29,9.07,--,1,907,买盘
1255,10:58:14,9.07,--,1,907,买盘
1256,10:58:08,9.07,--,5,4535,买盘
1257,10:57:53,9.07,0.01,21,19047,买盘
1258,10:57:44,9.06,--,6,5436,卖盘
1259,10:57:35,9.06,-0.01,16,14496,卖盘
1260,10:57:29,9.07,--,5,4535,买盘
1261,10:57:20,9.07,--,1,907,买盘
1262,10:57:14,9.07,--,3,2721,买盘
1263,10:57:08,9.07,--,1,907,买盘
1264,10:56:59,9.07,-0.01,13,11791,卖盘
1265,10:56:53,9.08,--,20,18160,买盘
1266,10:56:49,9.08,--,30,27240,买盘
1267,10:56:44,9.08,--,10,9080,买盘
1268,10:56:38,9.08,--,1,908,买盘
1269,10:56:23,9.08,--,6,5448,买盘
1270,10:56:04,9.08,--,2,1816,买盘
1271,10:55:53,9.08,--,1,908,买盘
1272,10:55:49,9.08,--,20,18160,买盘
1273,10:55:38,9.08,--,6,5448,买盘
1274,10:55:19,9.08,--,1,908,买盘
1275,10:55:08,9.08,--,1,908,买盘
1276,10:54:44,9.08,--,169,153452,买盘
1277,10:54:38,9.08,--,6,5448,买盘
1278,10:54:23,9.08,--,1,908,买盘
1279,10:54:19,9.08,0.01,5,4540,买盘
1280,10:54:08,9.07,-0.01,5,4535,卖盘
1281,10:53:59,9.08,--,1,908,买盘
1282,10:53:53,9.08,0.01,7,6356,买盘
1283,10:53:29,9.07,-0.01,3,2721,卖盘
1284,10:53:19,9.08,--,11,9988,买盘
1285,10:53:14,9.08,--,0,0,买盘
1286,10:53:08,9.08,--,1,908,买盘
1287,10:52:59,9.08,--,16,14528,买盘
1288,10:52:44,9.08,0.02,14,13166,买盘
1289,10:52:38,9.06,--,98,88788,买盘
1290,10:52:34,9.06,--,17,15402,买盘
1291,10:52:23,9.06,--,138,125028,买盘
1292,10:52:08,9.06,--,46,41676,买盘
1293,10:52:04,9.06,--,99,89694,买盘
1294,10:51:59,9.06,--,6,5436,买盘
1295,10:51:49,9.06,0.01,4,3624,买盘
1296,10:51:44,9.05,--,20,18100,卖盘
1297,10:51:33,9.05,-0.01,1,905,卖盘
1298,10:51:29,9.06,0.01,3,2718,买盘
1299,10:51:17,9.05,-0.01,16,14480,卖盘
1300,10:51:14,9.06,--,37,33522,买盘
1301,10:51:08,9.06,--,1,906,买盘
1302,10:50:59,9.06,--,3,2718,买盘
1303,10:50:47,9.06,--,5,4530,买盘
1304,10:50:44,9.06,--,1,906,买盘
1305,10:50:38,9.06,--,30,27180,买盘
1306,10:50:32,9.06,--,31,28086,买盘
1307,10:50:29,9.06,--,40,36240,买盘
1308,10:50:23,9.06,0.01,6,5436,买盘
1309,10:50:14,9.05,--,8,7240,买盘
1310,10:50:08,9.05,--,63,57015,买盘
1311,10:50:02,9.05,--,30,27150,买盘
1312,10:49:59,9.05,0.02,7,6335,买盘
1313,10:49:53,9.03,-0.02,200,180600,卖盘
1314,10:49:38,9.05,--,1,905,买盘
1315,10:49:32,9.05,--,20,18100,买盘
1316,10:49:28,9.05,--,1,905,买盘
1317,10:49:23,9.05,-0.01,357,323085,卖盘
1318,10:49:17,9.06,--,31,28086,买盘
1319,10:49:02,9.06,--,6,5436,买盘
1320,10:48:58,9.06,--,10,9060,买盘
1321,10:48:53,9.06,0.01,4,3624,买盘
1322,10:48:47,9.05,-0.01,33,29865,卖盘
1323,10:48:43,9.06,--,7,6342,买盘
1324,10:48:38,9.06,-0.02,332,301245,卖盘
1325,10:48:23,9.08,--,50,45400,买盘
1326,10:48:17,9.08,0.01,1,908,买盘
1327,10:48:13,9.07,-0.01,8,7256,卖盘
1328,10:48:08,9.08,--,11,9988,买盘
1329,10:48:02,9.08,0.01,1,908,买盘
1330,10:47:47,9.07,--,15,14058,卖盘
1331,10:47:38,9.07,-0.01,8,7256,卖盘
1332,10:47:23,9.08,--,16,14528,买盘
1333,10:46:58,9.08,--,6,5448,买盘
1334,10:46:53,9.08,--,5,4540,买盘
1335,10:46:47,9.08,--,10,9080,买盘
1336,10:46:42,9.08,--,3,2724,买盘
1337,10:46:32,9.08,--,6,5448,买盘
1338,10:46:08,9.08,-0.01,105,95340,卖盘
1339,10:45:47,9.09,--,1,909,买盘
1340,10:45:28,9.09,--,5,4545,买盘
1341,10:45:23,9.09,0.01,2,1818,买盘
1342,10:45:17,9.08,-0.01,17,15436,卖盘
1343,10:45:02,9.09,--,24,21816,买盘
1344,10:44:58,9.09,--,10,9090,买盘
1345,10:44:47,9.09,--,20,18180,买盘
1346,10:44:43,9.09,--,6,5454,买盘
1347,10:44:23,9.09,--,3,2727,买盘
1348,10:44:08,9.09,--,29,26361,买盘
1349,10:44:02,9.09,--,2,1818,买盘
1350,10:43:47,9.09,--,1,909,买盘
1351,10:43:38,9.09,--,1,909,买盘
1352,10:43:28,9.09,--,6,5454,买盘
1353,10:43:23,9.09,--,1,909,买盘
1354,10:43:17,9.09,0.01,1,909,买盘
1355,10:42:53,9.08,-0.01,24,21792,卖盘
1356,10:42:47,9.09,--,10,9090,买盘
1357,10:42:32,9.09,0.01,1,909,买盘
1358,10:42:26,9.08,-0.01,70,63560,卖盘
1359,10:42:17,9.09,--,1,909,买盘
1360,10:41:56,9.09,--,1,909,买盘
1361,10:41:47,9.09,--,10,9090,买盘
1362,10:41:38,9.09,--,1,909,买盘
1363,10:41:17,9.09,--,61,55449,买盘
1364,10:41:11,9.09,--,118,107262,买盘
1365,10:41:02,9.09,0.01,1,909,买盘
1366,10:40:56,9.08,-0.01,100,90800,卖盘
1367,10:40:41,9.09,--,1,909,买盘
1368,10:40:17,9.09,--,1,909,买盘
1369,10:40:07,9.09,--,1,909,买盘
1370,10:39:52,9.09,-0.01,5,4545,卖盘
1371,10:39:47,9.1,--,1,910,买盘
1372,10:39:26,9.1,--,1,910,买盘
1373,10:39:11,9.1,--,1,910,买盘
1374,10:39:02,9.1,--,50,45500,买盘
1375,10:38:52,9.1,--,1,910,买盘
1376,10:38:47,9.1,0.02,2,1820,买盘
1377,10:38:41,9.08,-0.02,1,908,卖盘
1378,10:38:26,9.1,0.02,9,8190,买盘
1379,10:38:17,9.08,--,1,908,买盘
1380,10:38:11,9.08,--,1,908,买盘
1381,10:37:56,9.08,--,1,908,买盘
1382,10:37:41,9.08,--,3,2724,买盘
1383,10:37:32,9.08,--,1,908,买盘
1384,10:37:21,9.08,--,1,908,买盘
1385,10:37:17,9.08,-0.02,4,3632,卖盘
1386,10:37:02,9.1,0.02,1,910,买盘
1387,10:36:47,9.08,--,6,5448,买盘
1388,10:36:37,9.08,0.01,11,9988,买盘
1389,10:36:26,9.07,-0.01,13,11791,卖盘
1390,10:36:17,9.08,--,1,908,买盘
1391,10:36:11,9.08,--,29,26332,买盘
1392,10:36:07,9.08,--,10,9080,买盘
1393,10:35:56,9.08,--,1,908,买盘
1394,10:35:41,9.08,--,1,908,买盘
1395,10:35:26,9.08,--,103,93524,买盘
1396,10:35:22,9.08,--,1,908,买盘
1397,10:35:11,9.08,0.01,1,908,买盘
1398,10:35:02,9.07,-0.01,18,16326,卖盘
1399,10:34:56,9.08,--,68,61744,买盘
1400,10:34:50,9.08,--,4,3632,买盘
1401,10:34:41,9.08,0.01,32,29056,买盘
1402,10:34:35,9.07,--,30,27210,卖盘
1403,10:34:26,9.07,-0.01,19,17233,卖盘
1404,10:34:11,9.08,-0.03,124,112592,卖盘
1405,10:34:05,9.11,0.03,1,911,买盘
1406,10:33:46,9.08,-0.03,11,9988,卖盘
1407,10:33:41,9.11,0.03,1,911,买盘
1408,10:33:31,9.08,-0.01,14,12712,卖盘
1409,10:33:26,9.09,--,4,3636,买盘
1410,10:33:16,9.09,--,2,1818,买盘
1411,10:33:11,9.09,--,1,909,买盘
1412,10:33:05,9.09,-0.02,97,88173,卖盘
1413,10:32:50,9.11,--,11,10021,买盘
1414,10:32:46,9.11,--,1,911,买盘
1415,10:32:26,9.11,--,1,911,买盘
1416,10:32:20,9.11,--,3,2733,买盘
1417,10:32:11,9.11,--,1,911,买盘
1418,10:31:50,9.11,--,1,911,买盘
1419,10:31:41,9.11,--,30,27330,买盘
1420,10:31:35,9.11,--,4,3644,买盘
1421,10:31:30,9.11,--,1,911,买盘
1422,10:31:11,9.11,--,3,2733,买盘
1423,10:31:05,9.11,--,31,28241,买盘
1424,10:30:56,9.11,--,20,18220,买盘
1425,10:30:45,9.11,--,10,9110,买盘
1426,10:30:41,9.11,--,1,911,买盘
1427,10:30:26,9.11,0.02,5,4555,买盘
1428,10:30:20,9.09,-0.02,10,9090,卖盘
1429,10:30:05,9.11,--,5,4555,买盘
1430,10:29:56,9.11,--,6,5466,买盘
1431,10:29:45,9.11,0.02,4,3644,买盘
1432,10:29:41,9.09,-0.02,156,141804,卖盘
1433,10:29:35,9.11,--,3,2733,买盘
1434,10:29:11,9.11,0.01,5,4555,买盘
1435,10:29:01,9.1,-0.01,2,1820,卖盘
1436,10:28:50,9.11,--,1,911,买盘
1437,10:28:41,9.11,--,22,20042,买盘
1438,10:28:35,9.11,--,1,911,买盘
1439,10:28:25,9.11,0.01,6,5466,买盘
1440,10:28:15,9.1,--,4,3640,卖盘
1441,10:28:11,9.1,--,27,24570,买盘
1442,10:28:05,9.1,--,4,3640,买盘
1443,10:27:56,9.1,0.01,1,910,买盘
1444,10:27:50,9.09,-0.01,3,2727,卖盘
1445,10:27:30,9.1,--,11,10010,买盘
1446,10:27:20,9.1,--,1,910,买盘
1447,10:27:16,9.1,--,250,227500,买盘
1448,10:27:10,9.1,--,1,910,买盘
1449,10:27:00,9.1,--,4,3640,买盘
1450,10:26:50,9.1,--,0,0,买盘
1451,10:26:45,9.1,0.01,7,6370,买盘
1452,10:26:35,9.09,--,1,909,买盘
1453,10:26:30,9.09,--,3,2727,买盘
1454,10:26:25,9.09,-0.01,12,10908,卖盘
1455,10:26:20,9.1,--,5,4550,买盘
1456,10:26:14,9.1,0.01,1,910,买盘
1457,10:26:05,9.09,-0.01,50,45450,卖盘
1458,10:25:50,9.1,0.01,25,22750,买盘
1459,10:25:44,9.09,0.01,1,909,买盘
1460,10:25:35,9.08,-0.01,6,5448,卖盘
1461,10:25:29,9.09,--,3,2727,买盘
1462,10:25:25,9.09,--,20,18180,买盘
1463,10:25:14,9.09,--,6,5454,买盘
1464,10:25:05,9.09,0.01,9,8181,买盘
1465,10:24:59,9.08,--,36,32688,买盘
1466,10:24:44,9.08,--,7,6356,买盘
1467,10:24:40,9.08,--,13,11804,买盘
1468,10:24:24,9.08,--,1,908,买盘
1469,10:24:20,9.08,--,10,9080,买盘
1470,10:24:14,9.08,--,1,908,买盘
1471,10:23:59,9.08,--,21,19068,买盘
1472,10:23:50,9.08,--,6,5448,买盘
1473,10:23:39,9.08,0.01,1,908,买盘
1474,10:23:29,9.07,-0.01,9,8163,卖盘
1475,10:23:20,9.08,0.01,1,908,买盘
1476,10:23:14,9.07,--,73,66211,卖盘
1477,10:23:09,9.07,-0.01,1,907,卖盘
1478,10:23:05,9.08,--,5,4540,买盘
1479,10:22:54,9.08,0.01,3,2724,买盘
1480,10:22:44,9.07,-0.01,12,10884,卖盘
1481,10:22:35,9.08,0.01,51,46308,买盘
1482,10:22:29,9.07,-0.01,6,5442,卖盘
1483,10:22:24,9.08,--,6,5448,买盘
1484,10:22:20,9.08,--,1,908,买盘
1485,10:22:14,9.08,--,27,24516,卖盘
1486,10:22:05,9.08,--,10,9080,买盘
1487,10:21:59,9.08,--,1,908,买盘
1488,10:21:54,9.08,--,6,5448,买盘
1489,10:21:50,9.08,--,1,908,买盘
1490,10:21:44,9.08,--,3,2724,买盘
1491,10:21:39,9.08,--,1,908,买盘
1492,10:21:34,9.08,-0.01,6,5448,卖盘
1493,10:21:29,9.09,--,1,909,买盘
1494,10:21:20,9.09,0.02,6,5454,买盘
1495,10:21:09,9.07,-0.03,26,23582,卖盘
1496,10:21:05,9.1,--,1,910,买盘
1497,10:20:54,9.1,0.03,1,910,买盘
1498,10:20:50,9.07,-0.03,29,26303,卖盘
1499,10:20:44,9.1,0.03,1,910,买盘
1500,10:20:35,9.07,--,9,8163,卖盘
1501,10:20:24,9.07,-0.03,19,17233,卖盘
1502,10:20:20,9.1,--,5,4550,买盘
1503,10:20:14,9.1,--,6,5460,买盘
1504,10:20:09,9.1,--,1,910,买盘
1505,10:19:59,9.1,0.03,1,910,买盘
1506,10:19:49,9.07,0.01,39,35373,买盘
1507,10:19:44,9.06,-0.01,12,10872,卖盘
1508,10:19:39,9.07,--,10,9070,买盘
1509,10:19:24,9.07,-0.04,11,9977,卖盘
1510,10:19:14,9.11,--,1,911,买盘
1511,10:19:04,9.11,--,1,911,买盘
1512,10:18:54,9.11,--,1,911,买盘
1513,10:18:44,9.11,--,12,10932,买盘
1514,10:18:39,9.11,--,0,0,买盘
1515,10:18:29,9.11,--,1,911,买盘
1516,10:18:24,9.11,--,1,911,买盘
1517,10:18:08,9.11,-0.01,1,911,中性盘
1518,10:18:04,9.12,--,20,18240,买盘
1519,10:17:59,9.12,0.06,10,9120,买盘
1520,10:17:53,9.06,--,29,26274,买盘
1521,10:17:49,9.06,-0.07,2,1812,买盘
1522,10:17:44,9.13,--,0,0,买盘
1523,10:17:38,9.13,0.07,500,456500,买盘
1524,10:17:29,9.06,-0.01,113,102378,卖盘
1525,10:17:23,9.07,--,1,907,买盘
1526,10:17:08,9.07,--,4,3628,买盘
1527,10:17:04,9.07,--,70,63490,买盘
1528,10:16:59,9.07,0.01,30,27210,买盘
1529,10:16:38,9.06,--,63,57078,买盘
1530,10:16:33,9.06,--,18,16308,买盘
1531,10:16:18,9.06,--,2,1812,买盘
1532,10:16:14,9.06,0.01,1,906,买盘
1533,10:16:08,9.05,-0.01,3,2715,卖盘
1534,10:15:53,9.06,--,0,0,买盘
1535,10:15:48,9.06,--,4,3624,买盘
1536,10:15:44,9.06,0.02,11,9966,买盘
1537,10:15:33,9.04,-0.02,247,223287,卖盘
1538,10:15:29,9.06,--,7,6342,买盘
1539,10:15:23,9.06,--,40,36240,卖盘
1540,10:15:18,9.06,0.01,63,57078,买盘
1541,10:14:59,9.05,--,143,129415,买盘
1542,10:14:53,9.05,0.01,50,45250,买盘
1543,10:14:48,9.04,--,10,9040,买盘
1544,10:14:44,9.04,--,5,4520,买盘
1545,10:14:29,9.04,-0.01,5,4520,卖盘
1546,10:14:23,9.05,--,36,32580,买盘
1547,10:14:14,9.05,--,1,905,买盘
1548,10:14:08,9.05,--,2,1810,买盘
1549,10:14:03,9.05,0.03,1,905,买盘
1550,10:13:53,9.02,--,0,0,卖盘
1551,10:13:48,9.02,--,12,10824,卖盘
1552,10:13:44,9.02,--,65,58630,卖盘
1553,10:13:38,9.02,-0.03,28,25256,卖盘
1554,10:13:29,9.05,0.03,31,28055,买盘
1555,10:13:23,9.02,--,313,282326,买盘
1556,10:13:14,9.02,--,45,40590,买盘
1557,10:13:08,9.02,--,1,902,买盘
1558,10:13:03,9.02,-0.04,780,703560,卖盘
1559,10:12:59,9.06,--,1,906,买盘
1560,10:12:48,9.06,--,1,906,买盘
1561,10:12:38,9.06,-0.01,85,77010,卖盘
1562,10:12:23,9.07,--,50,45350,卖盘
1563,10:12:18,9.07,-0.01,33,29931,卖盘
1564,10:12:13,9.08,0.01,101,91708,买盘
1565,10:12:08,9.07,-0.01,30,27210,卖盘
1566,10:12:03,9.08,--,20,18160,买盘
1567,10:11:53,9.08,--,83,75364,卖盘
1568,10:11:48,9.08,--,70,63560,卖盘
1569,10:11:43,9.08,-0.01,1,908,卖盘
1570,10:11:38,9.09,0.01,21,19089,买盘
1571,10:11:28,9.08,-0.02,90,81720,卖盘
1572,10:11:18,9.1,0.01,12,10920,买盘
1573,10:11:13,9.09,--,10,9090,卖盘
1574,10:11:08,9.09,--,15,13635,卖盘
1575,10:11:03,9.09,-0.01,9,8181,卖盘
1576,10:10:58,9.1,-0.01,50,45500,卖盘
1577,10:10:53,9.11,0.01,9,8199,买盘
1578,10:10:47,9.1,-0.01,308,280280,卖盘
1579,10:10:43,9.11,--,10,9110,买盘
1580,10:10:32,9.11,--,1,911,买盘
1581,10:10:23,9.11,--,19,17309,买盘
1582,10:10:08,9.11,--,10,9110,买盘
1583,10:10:02,9.11,--,12,10932,买盘
1584,10:09:58,9.11,--,4,3644,买盘
1585,10:09:52,9.11,--,6,5466,买盘
1586,10:09:38,9.11,0.01,6,5466,买盘
1587,10:09:32,9.1,-0.01,15,13650,卖盘
1588,10:09:17,9.11,0.01,1,911,买盘
1589,10:09:13,9.1,-0.01,50,45500,卖盘
1590,10:09:08,9.11,--,1,911,买盘
1591,10:08:57,9.11,--,1,911,买盘
1592,10:08:38,9.11,--,3,2733,买盘
1593,10:08:32,9.11,--,2,1822,买盘
1594,10:08:27,9.11,--,14,12754,买盘
1595,10:08:22,9.11,0.01,1,911,买盘
1596,10:08:17,9.1,-0.01,11,10010,卖盘
1597,10:08:07,9.11,--,1,911,买盘
1598,10:08:02,9.11,--,1,911,买盘
1599,10:07:53,9.11,--,2,1822,买盘
1600,10:07:47,9.11,--,1,911,买盘
1601,10:07:37,9.11,--,1,911,买盘
1602,10:07:17,9.11,--,31,28241,买盘
1603,10:07:12,9.11,0.01,5,4555,买盘
1604,10:07:08,9.1,-0.01,51,46410,卖盘
1605,10:07:02,9.11,--,1,911,买盘
1606,10:06:47,9.11,--,11,10021,买盘
1607,10:06:32,9.11,--,5,4555,买盘
1608,10:06:23,9.11,--,1,911,买盘
1609,10:06:17,9.11,0.01,5,4555,买盘
1610,10:06:12,9.1,-0.02,16,14560,卖盘
1611,10:06:02,9.12,0.01,68,62107,买盘
1612,10:05:56,9.11,-0.01,2,1822,卖盘
1613,10:05:47,9.12,0.01,57,51983,买盘
1614,10:05:38,9.11,--,8,7288,卖盘
1615,10:05:32,9.11,-0.01,18,16398,卖盘
1616,10:05:27,9.12,--,1,911,买盘
1617,10:05:17,9.12,--,1,911,买盘
1618,10:05:07,9.12,--,8,7295,买盘
1619,10:05:02,9.12,--,1,911,买盘
1620,10:04:47,9.12,--,6,5471,买盘
1621,10:04:42,9.12,0.01,31,28271,中性盘
1622,10:04:32,9.11,--,4,3644,卖盘
1623,10:04:27,9.11,-0.01,20,18220,卖盘
1624,10:04:22,9.12,0.01,8,7295,买盘
1625,10:04:17,9.11,-0.01,40,36440,卖盘
1626,10:04:12,9.12,--,12,10943,买盘
1627,10:03:57,9.12,--,11,10032,买盘
1628,10:03:47,9.12,--,21,19152,买盘
1629,10:03:42,9.12,-0.01,51,46511,卖盘
1630,10:03:32,9.13,--,33,30129,买盘
1631,10:03:27,9.13,0.01,1,913,买盘
1632,10:03:17,9.12,-0.01,11,10032,卖盘
1633,10:03:12,9.13,--,5,4565,买盘
1634,10:03:02,9.13,0.01,1,913,买盘
1635,10:02:57,9.12,--,15,14500,买盘
1636,10:02:47,9.12,--,21,19152,买盘
1637,10:02:37,9.12,--,12,10943,买盘
1638,10:02:26,9.12,--,57,51983,买盘
1639,10:02:16,9.12,--,20,18240,买盘
1640,10:02:11,9.12,-0.01,3,2735,卖盘
1641,10:02:02,9.13,0.01,35,31955,买盘
1642,10:01:56,9.12,-0.01,18,16416,卖盘
1643,10:01:46,9.13,--,6,5478,买盘
1644,10:01:41,9.13,--,6,5478,买盘
1645,10:01:32,9.13,-0.01,8,7304,卖盘
1646,10:01:26,9.14,--,1,914,买盘
1647,10:01:16,9.14,--,78,71292,买盘
1648,10:01:02,9.14,--,0,0,买盘
1649,10:00:56,9.14,0.02,100,91400,买盘
1650,10:00:31,9.12,-0.01,19,17328,中性盘
1651,10:00:26,9.13,0.01,22,20086,买盘
1652,10:00:17,9.12,--,3,2735,买盘
1653,10:00:02,9.12,0.02,16,14591,买盘
1654,09:59:56,9.1,-0.01,109,99190,卖盘
1655,09:59:51,9.11,-0.01,9,8199,卖盘
1656,09:59:46,9.12,--,20,18240,买盘
1657,09:59:31,9.12,0.01,4,3647,买盘
1658,09:59:26,9.11,--,11,10021,卖盘
1659,09:59:17,9.11,--,104,94744,卖盘
1660,09:59:11,9.11,0.01,23,20953,买盘
1661,09:59:06,9.1,--,1,910,卖盘
1662,09:59:01,9.1,-0.01,50,45500,卖盘
1663,09:58:51,9.11,0.01,4,3644,买盘
1664,09:58:41,9.1,0.01,27,24570,买盘
1665,09:58:36,9.09,-0.02,7,6363,卖盘
1666,09:58:26,9.11,0.01,11,10021,买盘
1667,09:58:21,9.1,--,12,10920,买盘
1668,09:58:16,9.1,0.01,20,18200,买盘
1669,09:58:06,9.09,-0.01,5,4545,卖盘
1670,09:57:56,9.1,--,10,9100,买盘
1671,09:57:41,9.1,--,12,10920,买盘
1672,09:57:36,9.1,--,21,19110,买盘
1673,09:57:31,9.1,--,105,95550,买盘
1674,09:57:26,9.1,--,13,11830,买盘
1675,09:57:21,9.1,--,176,160160,卖盘
1676,09:57:11,9.1,--,26,23660,卖盘
1677,09:57:06,9.1,-0.01,71,64610,卖盘
1678,09:56:56,9.11,0.01,112,102032,买盘
1679,09:56:51,9.1,-0.01,73,66430,卖盘
1680,09:56:46,9.11,--,3,2733,买盘
1681,09:56:41,9.11,0.01,103,93833,买盘
1682,09:56:36,9.1,--,4,3640,卖盘
1683,09:56:26,9.1,-0.01,166,151060,卖盘
1684,09:56:21,9.11,--,5,4555,买盘
1685,09:56:11,9.11,--,76,69236,卖盘
1686,09:56:06,9.11,--,18,16398,卖盘
1687,09:56:01,9.11,-0.01,10,9110,卖盘
1688,09:55:55,9.12,--,11,10032,买盘
1689,09:55:51,9.12,-0.01,109,99407,卖盘
1690,09:55:40,9.13,0.01,50,45650,买盘
1691,09:55:36,9.12,--,116,105791,卖盘
1692,09:55:31,9.12,--,245,223439,卖盘
1693,09:55:21,9.12,--,97,88463,买盘
1694,09:55:16,9.12,0.01,54,49247,买盘
1695,09:55:10,9.11,--,18,16398,卖盘
1696,09:55:05,9.11,-0.01,5,4555,卖盘
1697,09:54:56,9.12,0.01,33,30095,卖盘
1698,09:54:46,9.11,--,9,8199,卖盘
1699,09:54:40,9.11,-0.01,20,18220,卖盘
1700,09:54:35,9.12,0.01,10,9120,买盘
1701,09:54:31,9.11,-0.01,8,7288,卖盘
1702,09:54:26,9.12,-0.02,14,12767,卖盘
1703,09:54:10,9.14,--,10,9140,买盘
1704,09:54:05,9.14,--,2,1828,买盘
1705,09:53:55,9.14,-0.01,5,4570,卖盘
1706,09:53:46,9.15,0.01,10,9150,买盘
1707,09:53:40,9.14,0.02,2,1828,卖盘
1708,09:53:35,9.12,0.02,10,9120,卖盘
1709,09:53:30,9.1,--,0,0,卖盘
1710,09:53:26,9.1,-0.03,1287,1171170,卖盘
1711,09:53:20,9.13,--,8,7304,卖盘
1712,09:53:10,9.13,-0.01,10,9130,卖盘
1713,09:53:05,9.14,--,3,2742,买盘
1714,09:52:55,9.14,--,8,7312,买盘
1715,09:52:50,9.14,0.01,1,914,买盘
1716,09:52:45,9.13,-0.01,9,8217,卖盘
1717,09:52:40,9.14,--,16,14624,买盘
1718,09:52:35,9.14,--,81,74034,买盘
1719,09:52:30,9.14,--,5,4570,买盘
1720,09:52:25,9.14,--,11,10054,买盘
1721,09:52:20,9.14,--,34,31076,买盘
1722,09:52:15,9.14,--,9,8226,买盘
1723,09:52:10,9.14,--,10,9140,买盘
1724,09:52:05,9.14,0.01,36,32904,中性盘
1725,09:52:00,9.13,-0.01,69,62997,卖盘
1726,09:51:55,9.14,--,45,41130,卖盘
1727,09:51:50,9.14,--,76,69957,买盘
1728,09:51:45,9.14,0.01,6,5484,买盘
1729,09:51:40,9.13,-0.01,30,27390,卖盘
1730,09:51:35,9.14,0.01,22,20108,买盘
1731,09:51:15,9.13,--,135,123255,买盘
1732,09:51:05,9.13,0.01,19,17347,买盘
1733,09:51:00,9.12,--,20,18240,买盘
1734,09:50:55,9.12,-0.01,109,99407,卖盘
1735,09:50:50,9.13,--,160,146080,买盘
1736,09:50:35,9.13,--,75,68475,买盘
1737,09:50:25,9.13,--,5,4565,买盘
1738,09:50:15,9.13,--,5,4565,买盘
1739,09:50:10,9.13,-0.01,113,103169,卖盘
1740,09:50:05,9.14,0.01,33,30162,买盘
1741,09:49:55,9.13,--,123,112299,卖盘
1742,09:49:45,9.13,--,333,304029,买盘
1743,09:49:20,9.13,--,10,9130,买盘
1744,09:49:15,9.13,--,42,38346,卖盘
1745,09:48:55,9.13,0.02,11,10043,买盘
1746,09:48:49,9.11,--,35,31884,卖盘
1747,09:48:45,9.11,-0.01,54,49194,卖盘
1748,09:48:40,9.12,--,30,27359,卖盘
1749,09:48:34,9.12,0.01,22,20064,买盘
1750,09:48:20,9.11,--,18,16398,卖盘
1751,09:48:15,9.11,-0.01,234,213174,卖盘
1752,09:48:05,9.12,0.01,41,37392,买盘
1753,09:48:00,9.11,--,15,13665,卖盘
1754,09:47:55,9.11,--,4,3644,卖盘
1755,09:47:49,9.11,--,16,14576,买盘
1756,09:47:44,9.11,0.01,99,90189,买盘
1757,09:47:34,9.1,-0.01,15,13650,卖盘
1758,09:47:29,9.11,0.01,35,31884,买盘
1759,09:47:19,9.1,-0.01,23,20930,卖盘
1760,09:47:14,9.11,--,14,12754,买盘
1761,09:47:10,9.11,-0.01,148,134828,卖盘
1762,09:47:05,9.12,--,12,10943,买盘
1763,09:46:59,9.12,--,126,114911,买盘
1764,09:46:44,9.12,-0.01,82,74784,卖盘
1765,09:46:39,9.13,-0.01,20,18260,买盘
1766,09:46:19,9.14,--,0,0,买盘
1767,09:46:14,9.14,0.01,9,8226,买盘
1768,09:46:10,9.13,0.01,25,22825,买盘
1769,09:46:04,9.12,--,60,54719,卖盘
1770,09:45:59,9.12,--,0,0,卖盘
1771,09:45:54,9.12,-0.01,158,144096,卖盘
1772,09:45:49,9.13,--,9,8217,卖盘
1773,09:45:44,9.13,-0.01,10,9130,卖盘
1774,09:45:34,9.14,0.01,33,30162,买盘
1775,09:45:29,9.13,--,10,9130,卖盘
1776,09:45:24,9.13,-0.01,174,158862,卖盘
1777,09:45:09,9.14,0.02,4,3656,买盘
1778,09:45:04,9.12,-0.03,7,6383,卖盘
1779,09:44:59,9.15,0.01,50,45750,买盘
1780,09:44:54,9.14,--,0,0,中性盘
1781,09:44:44,9.14,-0.01,32,29248,卖盘
1782,09:44:39,9.15,0.01,20,18300,中性盘
1783,09:44:34,9.14,--,11,10054,卖盘
1784,09:44:29,9.14,--,97,88658,卖盘
1785,09:44:14,9.14,-0.01,40,36560,卖盘
1786,09:44:09,9.15,0.01,162,148230,买盘
1787,09:43:59,9.14,0.02,15,13710,买盘
1788,09:43:44,9.12,--,66,60575,买盘
1789,09:43:39,9.12,0.01,17,15503,买盘
1790,09:43:34,9.11,--,24,21864,买盘
1791,09:43:29,9.11,--,13,11843,买盘
1792,09:43:23,9.11,--,4,3644,买盘
1793,09:43:19,9.11,0.01,23,20953,买盘
1794,09:43:14,9.1,-0.01,41,37310,卖盘
1795,09:43:09,9.11,--,78,71058,买盘
1796,09:43:04,9.11,--,33,30062,买盘
1797,09:42:59,9.11,--,46,41906,买盘
1798,09:42:54,9.11,--,2,1822,买盘
1799,09:42:49,9.11,-0.01,13,11843,卖盘
1800,09:42:44,9.12,--,60,54719,买盘
1801,09:42:39,9.12,--,0,0,买盘
1802,09:42:34,9.12,0.02,100,91199,买盘
1803,09:42:29,9.1,-0.02,625,569259,卖盘
1804,09:42:24,9.12,--,3,2735,卖盘
1805,09:42:19,9.12,--,20,18240,卖盘
1806,09:42:13,9.12,0.01,70,63839,买盘
1807,09:42:09,9.11,-0.01,150,136650,卖盘
1808,09:42:04,9.12,--,71,64751,买盘
1809,09:41:58,9.12,--,13,11855,买盘
1810,09:41:49,9.12,--,10,9120,买盘
1811,09:41:43,9.12,-0.03,40,36480,卖盘
1812,09:41:28,9.15,-0.01,7,6405,中性盘
1813,09:41:24,9.16,0.01,77,71429,买盘
1814,09:41:18,9.15,--,520,475818,卖盘
1815,09:41:13,9.15,--,2,1830,卖盘
1816,09:41:09,9.15,--,11,10065,卖盘
1817,09:41:03,9.15,0.05,149,136335,买盘
1818,09:40:58,9.1,-0.01,234,213340,卖盘
1819,09:40:54,9.11,--,21,19131,卖盘
1820,09:40:48,9.11,--,2,1822,卖盘
1821,09:40:43,9.11,--,42,38262,卖盘
1822,09:40:39,9.11,--,155,141205,买盘
1823,09:40:33,9.11,--,11,10021,买盘
1824,09:40:29,9.11,--,21,19131,买盘
1825,09:40:23,9.11,-0.01,70,63769,卖盘
1826,09:40:18,9.12,0.01,40,36480,中性盘
1827,09:40:14,9.11,-0.01,118,107498,卖盘
1828,09:40:08,9.12,--,28,25535,买盘
1829,09:40:03,9.12,--,10,9120,买盘
1830,09:39:58,9.12,0.01,29,26447,中性盘
1831,09:39:53,9.11,-0.02,81,73791,卖盘
1832,09:39:44,9.13,--,62,56606,买盘
1833,09:39:38,9.13,--,21,19173,买盘
1834,09:39:33,9.13,--,12,10956,买盘
1835,09:39:28,9.13,--,27,24651,买盘
1836,09:39:23,9.13,--,40,36520,买盘
1837,09:39:18,9.13,0.01,8,7304,买盘
1838,09:39:13,9.12,-0.03,56,51071,卖盘
1839,09:39:08,9.15,0.01,25,22875,买盘
1840,09:38:58,9.14,0.01,10,9140,买盘
1841,09:38:53,9.13,-0.01,91,83083,卖盘
1842,09:38:48,9.14,--,26,23764,卖盘
1843,09:38:38,9.14,-0.01,22,20108,卖盘
1844,09:38:33,9.15,--,5,4575,买盘
1845,09:38:28,9.15,-0.01,254,232410,卖盘
1846,09:38:23,9.16,--,48,43968,卖盘
1847,09:38:17,9.16,--,4,3664,卖盘
1848,09:38:13,9.16,--,55,50380,卖盘
1849,09:38:08,9.16,--,30,27480,卖盘
1850,09:38:03,9.16,-0.01,3,2748,卖盘
1851,09:37:53,9.17,--,28,25676,卖盘
1852,09:37:47,9.17,-0.01,20,18340,卖盘
1853,09:37:43,9.18,--,1,918,买盘
1854,09:37:33,9.18,--,32,29376,卖盘
1855,09:37:28,9.18,--,1,918,卖盘
1856,09:37:23,9.18,-0.01,3,2754,卖盘
1857,09:37:18,9.19,--,38,34922,买盘
1858,09:37:03,9.19,--,49,45922,卖盘
1859,09:36:58,9.19,--,38,34922,卖盘
1860,09:36:53,9.19,-0.01,25,22975,卖盘
1861,09:36:48,9.2,--,55,50599,买盘
1862,09:36:43,9.2,--,10,9200,买盘
1863,09:36:38,9.2,0.01,8,7359,买盘
1864,09:36:28,9.19,--,0,0,卖盘
1865,09:36:18,9.19,-0.01,110,101090,卖盘
1866,09:36:13,9.2,-0.01,5,4600,卖盘
1867,09:36:08,9.21,0.01,20,18420,买盘
1868,09:36:03,9.2,--,24,22080,买盘
1869,09:35:58,9.2,-0.01,26,23919,卖盘
1870,09:35:53,9.21,--,5,4605,买盘
1871,09:35:47,9.21,--,8,7368,买盘
1872,09:35:43,9.21,0.01,2,1842,买盘
1873,09:35:37,9.2,-0.01,100,92000,卖盘
1874,09:35:28,9.21,0.01,30,27630,买盘
1875,09:35:22,9.2,-0.01,140,128799,卖盘
1876,09:35:18,9.21,0.01,7,6447,买盘
1877,09:35:07,9.2,-0.02,24,22080,卖盘
1878,09:35:03,9.22,0.01,51,47022,买盘
1879,09:34:52,9.21,--,8,7368,卖盘
1880,09:34:47,9.21,-0.01,2,1842,卖盘
1881,09:34:43,9.22,--,5,4610,买盘
1882,09:34:37,9.22,-0.01,20,18440,买盘
1883,09:34:28,9.23,--,0,0,买盘
1884,09:34:22,9.23,0.02,21,19383,买盘
1885,09:34:17,9.21,-0.02,5,4605,卖盘
1886,09:34:07,9.23,--,15,13845,买盘
1887,09:33:58,9.23,--,2,1846,买盘
1888,09:33:52,9.23,--,33,30459,卖盘
1889,09:33:47,9.23,--,57,52611,卖盘
1890,09:33:37,9.23,--,2,1846,买盘
1891,09:33:32,9.23,--,24,22152,买盘
1892,09:33:22,9.23,0.03,137,126451,买盘
1893,09:33:17,9.2,0.01,22,20240,卖盘
1894,09:33:07,9.19,-0.01,69,63411,卖盘
1895,09:33:02,9.2,0.01,28,25759,买盘
1896,09:32:57,9.19,--,58,53329,卖盘
1897,09:32:52,9.19,0.01,55,50545,中性盘
1898,09:32:42,9.18,0.01,3,2754,卖盘
1899,09:32:37,9.17,0.01,10,9170,买盘
1900,09:32:32,9.16,-0.01,343,314188,卖盘
1901,09:32:27,9.17,0.01,33,30261,买盘
1902,09:32:22,9.16,-0.01,10,9160,卖盘
1903,09:32:17,9.17,0.01,30,27510,买盘
1904,09:32:12,9.16,--,7,6412,卖盘
1905,09:32:07,9.16,0.01,7,6412,卖盘
1906,09:32:02,9.15,--,0,0,卖盘
1907,09:31:57,9.15,-0.03,82,75030,卖盘
1908,09:31:52,9.18,--,30,27540,买盘
1909,09:31:47,9.18,0.02,1,918,买盘
1910,09:31:42,9.16,-0.01,39,35724,卖盘
1911,09:31:37,9.17,-0.01,13,11921,卖盘
1912,09:31:32,9.18,--,37,33966,买盘
1913,09:31:27,9.18,-0.02,292,268056,卖盘
1914,09:31:22,9.2,0.01,124,114079,买盘
1915,09:31:17,9.19,--,15,13785,卖盘
1916,09:31:07,9.19,--,19,17461,买盘
1917,09:31:02,9.19,-0.01,10,9190,买盘
1918,09:30:56,9.2,0.02,5,4600,买盘
1919,09:30:52,9.18,-0.02,12,11016,卖盘
1920,09:30:47,9.2,0.01,29,26679,买盘
1921,09:30:41,9.19,-0.01,18,16542,卖盘
1922,09:30:32,9.2,--,26,23919,买盘
1923,09:30:26,9.2,--,22,20240,买盘
1924,09:30:06,9.2,-0.05,258,237359,卖盘
1925,09:30:02,9.25,0.05,11,10175,买盘
1926,09:28:47,9.2,--,0,0,卖盘
1927,09:25:01,9.2,9.2,343,315560,买盘
