,time,price,change,volume,amount,type
0,15:00:00,28.89,--,0,0,卖盘
1,15:00:00,28.89,-0.01,0,0,卖盘
2,15:00:00,28.9,-0.01,70,202300,卖盘
3,14:59:57,28.91,--,12,34692,买盘
4,14:59:46,28.91,0.01,8,23128,买盘
5,14:59:42,28.9,0.03,54,156060,买盘
6,14:59:37,28.87,-0.03,62,178994,卖盘
7,14:59:31,28.9,--,17,49130,买盘
8,14:59:27,28.9,--,1,2890,买盘
9,14:59:22,28.9,0.03,6,17340,买盘
10,14:59:16,28.87,0.02,17,49079,买盘
11,14:59:12,28.85,0.02,4,11540,买盘
12,14:59:07,28.83,--,11,31712,卖盘
13,14:59:01,28.83,--,21,61494,卖盘
14,14:58:57,28.83,--,157,452631,买盘
15,14:58:52,28.83,--,5,14415,买盘
16,14:58:46,28.83,--,29,83607,买盘
17,14:58:42,28.83,--,7,20181,买盘
18,14:58:37,28.83,-0.04,76,219108,卖盘
19,14:58:31,28.87,--,92,265604,买盘
20,14:58:27,28.87,--,3,8661,买盘
21,14:58:22,28.87,--,2,5774,买盘
22,14:58:16,28.87,0.02,3,8661,买盘
23,14:58:12,28.85,-0.02,79,227915,卖盘
24,14:58:07,28.87,0.02,39,112593,买盘
25,14:58:01,28.85,--,22,63470,买盘
26,14:57:52,28.85,--,37,106745,买盘
27,14:57:46,28.85,--,16,46160,买盘
28,14:57:42,28.85,--,21,60585,买盘
29,14:57:37,28.85,--,4,11540,买盘
30,14:57:31,28.85,-0.04,64,184640,卖盘
31,14:57:27,28.89,--,0,0,卖盘
32,14:57:22,28.89,0.03,2,5778,中性盘
33,14:57:16,28.86,-0.01,16,46176,中性盘
34,14:57:12,28.87,--,1,2887,买盘
35,14:57:07,28.87,--,16,46192,买盘
36,14:57:01,28.87,-0.05,39,112593,卖盘
37,14:56:52,28.92,-0.03,127,368035,卖盘
38,14:56:46,28.95,-0.02,24,69480,中性盘
39,14:56:42,28.97,--,1,2897,买盘
40,14:56:37,28.97,0.01,22,63734,买盘
41,14:56:31,28.96,0.04,24,71647,买盘
42,14:56:27,28.92,-0.01,32,92544,卖盘
43,14:56:22,28.93,--,7,20251,买盘
44,14:56:16,28.93,-0.05,83,240871,卖盘
45,14:56:12,28.98,--,34,98532,买盘
46,14:56:07,28.98,--,10,28980,买盘
47,14:56:01,28.98,--,78,226044,卖盘
48,14:55:52,28.98,--,12,34776,卖盘
49,14:55:46,28.98,--,90,260820,买盘
50,14:55:37,28.98,0.03,3,10838,买盘
51,14:55:31,28.95,--,154,445830,买盘
52,14:55:22,28.95,-0.05,43,124485,卖盘
53,14:55:16,29.0,0.01,20,58000,买盘
54,14:55:12,28.99,0.04,10,28990,买盘
55,14:55:07,28.95,-0.04,55,159225,卖盘
56,14:55:01,28.99,--,24,69576,卖盘
57,14:54:57,28.99,0.04,123,356577,买盘
58,14:54:52,28.95,--,12,34740,买盘
59,14:54:46,28.95,--,11,31845,买盘
60,14:54:40,28.95,0.01,27,78165,买盘
61,14:54:37,28.94,-0.01,28,81032,卖盘
62,14:54:31,28.95,0.02,15,43425,买盘
63,14:54:25,28.93,--,0,0,中性盘
64,14:54:22,28.93,-0.01,12,34716,中性盘
65,14:54:16,28.94,--,5,14470,买盘
66,14:54:10,28.94,-0.01,3,8682,买盘
67,14:54:06,28.95,0.03,14,40530,买盘
68,14:54:01,28.92,-0.02,8,23136,卖盘
69,14:53:55,28.94,0.02,1,2894,买盘
70,14:53:51,28.92,--,15,43380,卖盘
71,14:53:46,28.92,-0.02,2,5784,卖盘
72,14:53:40,28.94,0.02,20,57880,买盘
73,14:53:36,28.92,--,6,17352,中性盘
74,14:53:31,28.92,0.01,2,5784,买盘
75,14:53:25,28.91,-0.01,21,60711,卖盘
76,14:53:21,28.92,0.02,11,31812,买盘
77,14:53:16,28.9,-0.02,10,28900,卖盘
78,14:53:10,28.92,0.01,23,66516,买盘
79,14:53:06,28.91,0.03,7,20237,买盘
80,14:53:01,28.88,-0.04,5,14440,卖盘
81,14:52:55,28.92,0.04,10,28920,买盘
82,14:52:51,28.88,-0.04,13,37544,卖盘
83,14:52:46,28.92,--,2,5784,买盘
84,14:52:40,28.92,0.04,2,5784,买盘
85,14:52:36,28.88,--,10,28880,卖盘
86,14:52:31,28.88,--,9,25992,卖盘
87,14:52:25,28.88,--,27,77976,买盘
88,14:52:16,28.88,--,49,141512,买盘
89,14:52:10,28.88,--,45,129960,买盘
90,14:52:06,28.88,--,2,5776,买盘
91,14:52:01,28.88,0.01,19,54872,买盘
92,14:51:55,28.87,-0.01,24,69288,卖盘
93,14:51:46,28.88,--,48,138624,买盘
94,14:51:40,28.88,--,2,5776,买盘
95,14:51:36,28.88,0.01,1,2888,买盘
96,14:51:31,28.87,-0.01,2,5774,卖盘
97,14:51:25,28.88,0.01,8,23104,买盘
98,14:51:21,28.87,--,0,0,中性盘
99,14:51:16,28.87,--,20,57740,买盘
100,14:51:10,28.87,--,35,101045,买盘
101,14:51:06,28.87,0.04,10,28870,买盘
102,14:51:01,28.83,0.01,2,5766,卖盘
103,14:50:55,28.82,--,27,77814,卖盘
104,14:50:51,28.82,-0.01,9,25938,卖盘
105,14:50:46,28.83,0.01,1,2883,买盘
106,14:50:40,28.82,-0.01,93,268026,卖盘
107,14:50:31,28.83,--,4,11532,卖盘
108,14:50:21,28.83,-0.04,2,5766,卖盘
109,14:50:16,28.87,0.04,4,11548,买盘
110,14:50:10,28.83,--,11,31712,卖盘
111,14:50:06,28.83,-0.04,5,14415,卖盘
112,14:50:01,28.87,-0.01,10,28870,买盘
113,14:49:55,28.88,--,0,0,买盘
114,14:49:46,28.88,0.08,129,372552,买盘
115,14:49:40,28.8,-0.08,33,95040,卖盘
116,14:49:31,28.88,0.07,71,205048,买盘
117,14:49:21,28.81,--,51,146931,卖盘
118,14:49:10,28.81,0.01,52,149812,买盘
119,14:49:06,28.8,0.09,6,17280,买盘
120,14:49:01,28.71,0.01,57,163647,中性盘
121,14:48:55,28.7,--,10,28700,卖盘
122,14:48:51,28.7,--,11,31570,买盘
123,14:48:46,28.7,0.01,1,2870,买盘
124,14:48:40,28.69,--,9,25821,卖盘
125,14:48:36,28.69,--,5,14345,卖盘
126,14:48:31,28.69,--,14,40166,卖盘
127,14:48:25,28.69,--,2,6024,买盘
128,14:48:16,28.69,-0.05,25,74307,卖盘
129,14:48:10,28.74,0.05,48,138239,买盘
130,14:48:06,28.69,-0.01,43,123367,卖盘
131,14:48:01,28.7,--,11,31570,买盘
132,14:47:55,28.7,-0.05,94,271989,卖盘
133,14:47:46,28.75,--,1,2875,买盘
134,14:47:40,28.75,--,13,37375,卖盘
135,14:47:34,28.75,--,21,60375,卖盘
136,14:47:31,28.75,--,0,0,卖盘
137,14:47:25,28.75,-0.03,151,434125,卖盘
138,14:47:10,28.78,--,10,28780,买盘
139,14:47:04,28.78,-0.03,172,495016,卖盘
140,14:46:55,28.81,-0.01,17,48977,卖盘
141,14:46:49,28.82,--,19,54758,买盘
142,14:46:45,28.82,0.01,20,57640,买盘
143,14:46:40,28.81,-0.02,117,337077,卖盘
144,14:46:34,28.83,--,13,37479,买盘
145,14:46:30,28.83,-0.03,74,213630,卖盘
146,14:46:25,28.86,-0.01,65,187590,卖盘
147,14:46:19,28.87,-0.01,10,28870,卖盘
148,14:46:15,28.88,0.01,5,14440,买盘
149,14:46:10,28.87,-0.01,8,23096,卖盘
150,14:46:04,28.88,0.01,5,14440,买盘
151,14:46:00,28.87,-0.01,16,46192,卖盘
152,14:45:49,28.88,--,2,5862,卖盘
153,14:45:45,28.88,--,1,2888,卖盘
154,14:45:40,28.88,--,20,57760,卖盘
155,14:45:34,28.88,--,1,2888,卖盘
156,14:45:30,28.88,--,9,25992,卖盘
157,14:45:19,28.88,--,0,2801,卖盘
158,14:45:04,28.88,--,17,49096,卖盘
159,14:44:55,28.88,--,10,28880,卖盘
160,14:44:49,28.88,--,6,17328,卖盘
161,14:44:40,28.88,--,4,11552,卖盘
162,14:44:25,28.88,0.02,9,25992,中性盘
163,14:44:19,28.86,-0.02,16,48773,卖盘
164,14:44:15,28.88,--,1,2888,买盘
165,14:44:10,28.88,--,0,0,买盘
166,14:43:55,28.88,0.01,3,8952,卖盘
167,14:43:45,28.87,-0.12,3,11259,中性盘
168,14:43:40,28.99,0.13,55,159445,买盘
169,14:43:34,28.86,-0.02,12,34632,卖盘
170,14:43:25,28.88,-0.12,34,98192,买盘
171,14:43:19,29.0,--,31,89900,买盘
172,14:43:10,29.0,--,4,11600,买盘
173,14:43:04,29.0,--,1,2900,买盘
174,14:43:00,29.0,--,1,2900,买盘
175,14:42:55,29.0,0.14,6,17400,买盘
176,14:42:49,28.86,--,7,20202,卖盘
177,14:42:45,28.86,-0.18,2,5772,卖盘
178,14:42:40,29.04,0.18,1,2904,买盘
179,14:42:34,28.86,0.05,14,40404,中性盘
180,14:42:30,28.81,--,0,0,卖盘
181,14:42:19,28.81,-0.01,45,129645,卖盘
182,14:42:15,28.82,--,4,11528,买盘
183,14:42:10,28.82,-0.04,7,20174,中性盘
184,14:42:04,28.86,0.04,19,54834,买盘
185,14:42:00,28.82,--,1,2882,买盘
186,14:41:55,28.82,--,81,233442,卖盘
187,14:41:49,28.82,--,24,69168,卖盘
188,14:41:44,28.82,--,41,118162,买盘
189,14:41:40,28.82,--,1,2882,买盘
190,14:41:34,28.82,--,31,89342,买盘
191,14:41:29,28.82,0.01,6,17292,买盘
192,14:41:24,28.81,-0.01,12,34572,卖盘
193,14:41:19,28.82,--,9,25938,买盘
194,14:41:14,28.82,--,3,8646,买盘
195,14:41:10,28.82,--,15,43230,买盘
196,14:41:04,28.82,0.01,3,8646,买盘
197,14:40:59,28.81,--,13,37453,卖盘
198,14:40:49,28.81,-0.01,7,20167,卖盘
199,14:40:43,28.82,--,7,20174,买盘
200,14:40:39,28.82,--,1,2882,买盘
201,14:40:34,28.82,--,2,5764,买盘
202,14:40:28,28.82,-0.03,43,123926,卖盘
203,14:40:19,28.85,-0.03,19,54815,卖盘
204,14:40:13,28.88,--,45,129960,买盘
205,14:40:09,28.88,0.02,16,46208,买盘
206,14:40:04,28.86,-0.02,5,14430,卖盘
207,14:39:58,28.88,--,5,14440,买盘
208,14:39:54,28.88,0.02,1,2888,中性盘
209,14:39:43,28.86,-0.04,11,31746,卖盘
210,14:39:34,28.9,--,12,34680,买盘
211,14:39:27,28.9,0.02,1,2890,买盘
212,14:39:24,28.88,--,14,40432,买盘
213,14:39:18,28.88,--,10,28880,买盘
214,14:39:13,28.88,0.03,11,31768,中性盘
215,14:39:09,28.85,-0.05,79,227915,卖盘
216,14:39:04,28.9,--,5,14450,买盘
217,14:38:58,28.9,--,2,5780,买盘
218,14:38:49,28.9,--,43,124270,卖盘
219,14:38:43,28.9,-0.02,40,115600,卖盘
220,14:38:34,28.92,--,5,14460,卖盘
221,14:38:28,28.92,-0.08,56,161952,卖盘
222,14:38:24,29.0,--,2,5800,买盘
223,14:38:19,29.0,--,4,12035,卖盘
224,14:38:13,29.0,-0.06,104,301600,卖盘
225,14:38:09,29.06,0.01,3,8718,买盘
226,14:38:04,29.05,-0.01,2,5810,卖盘
227,14:37:58,29.06,--,17,49402,卖盘
228,14:37:54,29.06,-0.02,10,29060,卖盘
229,14:37:49,29.08,--,26,75608,买盘
230,14:37:43,29.08,-0.01,11,31987,卖盘
231,14:37:34,29.09,--,17,49453,买盘
232,14:37:27,29.09,--,5,14545,买盘
233,14:37:24,29.09,-0.03,12,34908,卖盘
234,14:37:19,29.12,0.03,25,72800,买盘
235,14:37:13,29.09,--,5,14545,卖盘
236,14:37:09,29.09,-0.04,22,63998,卖盘
237,14:37:04,29.13,--,91,265083,买盘
238,14:36:57,29.13,-0.01,63,183519,卖盘
239,14:36:54,29.14,--,32,93248,买盘
240,14:36:49,29.14,0.01,41,119474,买盘
241,14:36:43,29.13,--,17,49521,买盘
242,14:36:39,29.13,0.02,15,43695,买盘
243,14:36:34,29.11,-0.01,3,8733,卖盘
244,14:36:28,29.12,0.03,31,90272,买盘
245,14:36:23,29.09,--,0,0,卖盘
246,14:36:19,29.09,-0.01,38,112054,卖盘
247,14:36:13,29.1,--,36,104760,买盘
248,14:36:08,29.1,--,13,37830,买盘
249,14:36:04,29.1,0.01,37,107670,买盘
250,14:35:58,29.09,--,12,34908,卖盘
251,14:35:53,29.09,0.01,34,101785,买盘
252,14:35:49,29.08,--,94,273352,买盘
253,14:35:43,29.08,0.01,66,191928,买盘
254,14:35:38,29.07,--,7,20349,买盘
255,14:35:34,29.07,--,39,113373,买盘
256,14:35:28,29.07,--,18,52326,买盘
257,14:35:23,29.07,0.02,20,58140,买盘
258,14:35:18,29.05,--,67,194635,买盘
259,14:35:13,29.05,0.04,105,305025,买盘
260,14:35:08,29.01,--,10,29010,卖盘
261,14:35:03,29.01,--,0,0,卖盘
262,14:34:57,29.01,0.01,19,55119,买盘
263,14:34:53,29.0,--,31,92365,买盘
264,14:34:48,29.0,--,9,26100,买盘
265,14:34:43,29.0,--,80,232000,买盘
266,14:34:38,29.0,--,113,327700,买盘
267,14:34:33,29.0,0.01,4,11600,买盘
268,14:34:27,28.99,--,76,220324,买盘
269,14:34:23,28.99,--,0,0,买盘
270,14:34:08,28.99,--,10,28990,买盘
271,14:34:03,28.99,--,0,0,买盘
272,14:33:58,28.99,0.03,200,579800,买盘
273,14:33:43,28.96,--,1,2896,买盘
274,14:33:37,28.96,0.04,12,34752,买盘
275,14:33:27,28.92,--,0,0,卖盘
276,14:33:21,28.92,-0.03,32,92544,卖盘
277,14:33:18,28.95,-0.01,5,14475,卖盘
278,14:33:07,28.96,0.01,20,57920,买盘
279,14:32:58,28.95,--,10,28950,卖盘
280,14:32:48,28.95,--,39,112905,卖盘
281,14:32:43,28.95,--,4,11580,卖盘
282,14:32:37,28.95,--,8,23160,卖盘
283,14:32:13,28.95,0.01,22,63690,买盘
284,14:32:06,28.94,--,5,14470,卖盘
285,14:31:57,28.94,--,10,28940,卖盘
286,14:31:43,28.94,--,1,2894,卖盘
287,14:31:37,28.94,--,1,2894,买盘
288,14:31:28,28.94,0.03,1,2894,买盘
289,14:31:18,28.91,--,19,54929,买盘
290,14:31:07,28.91,--,0,0,中性盘
291,14:30:57,28.91,--,2,5782,卖盘
292,14:30:48,28.91,--,2,5782,买盘
293,14:30:42,28.91,--,1,2891,买盘
294,14:30:36,28.91,0.01,3,8673,卖盘
295,14:30:06,28.9,--,0,0,卖盘
296,14:30:03,28.9,-0.05,9,26010,卖盘
297,14:29:51,28.95,--,4,11580,买盘
298,14:29:37,28.95,--,1,2895,买盘
299,14:29:32,28.95,--,1,2895,买盘
300,14:29:27,28.95,0.05,3,8685,买盘
301,14:29:22,28.9,-0.05,5,14450,卖盘
302,14:29:17,28.95,0.01,1,2895,买盘
303,14:29:12,28.94,0.04,1,2894,买盘
304,14:29:06,28.9,--,27,78030,卖盘
305,14:29:02,28.9,--,0,0,卖盘
306,14:28:52,28.9,--,0,0,卖盘
307,14:28:42,28.9,-0.05,8,23120,卖盘
308,14:28:32,28.95,0.04,3,8685,买盘
309,14:28:12,28.91,-0.04,2,5782,卖盘
310,14:27:57,28.95,0.05,1,2895,买盘
311,14:27:51,28.9,--,4,11560,买盘
312,14:27:47,28.9,--,29,83810,卖盘
313,14:27:42,28.9,-0.05,9,26010,卖盘
314,14:27:32,28.95,--,24,69480,卖盘
315,14:27:12,28.95,--,28,81060,买盘
316,14:27:06,28.95,0.05,5,14475,买盘
317,14:26:47,28.9,--,9,26010,卖盘
318,14:26:32,28.9,-0.05,4,11560,卖盘
319,14:26:27,28.95,-0.01,2,5790,卖盘
320,14:26:15,28.96,0.01,4,11584,买盘
321,14:25:51,28.95,0.05,15,43425,买盘
322,14:25:15,28.9,-0.02,5,14450,卖盘
323,14:25:06,28.92,--,1,2892,卖盘
324,14:25:00,28.92,--,0,0,中性盘
325,14:24:51,28.92,--,0,0,买盘
326,14:24:45,28.92,-0.03,8,23136,卖盘
327,14:24:42,28.95,0.02,2,5790,买盘
328,14:24:36,28.93,--,3,8679,买盘
329,14:24:30,28.93,--,1,2893,中性盘
330,14:24:21,28.93,--,1,2893,买盘
331,14:24:15,28.93,-0.03,6,17358,卖盘
332,14:24:00,28.96,0.01,2,5792,买盘
333,14:23:57,28.95,-0.01,8,23160,卖盘
334,14:23:51,28.96,--,18,52128,买盘
335,14:23:45,28.96,--,4,11584,买盘
336,14:23:36,28.96,0.01,9,26064,买盘
337,14:23:30,28.95,-0.01,2,5790,卖盘
338,14:23:27,28.96,--,2,5792,买盘
339,14:23:15,28.96,--,16,46336,买盘
340,14:23:06,28.96,0.01,2,5792,买盘
341,14:22:56,28.95,-0.01,9,26055,卖盘
342,14:22:45,28.96,0.01,5,14480,买盘
343,14:22:36,28.95,--,0,0,买盘
344,14:22:30,28.95,--,3,8685,买盘
345,14:22:11,28.95,-0.01,1,2895,买盘
346,14:22:06,28.96,--,1,2896,买盘
347,14:22:00,28.96,0.04,1,2896,买盘
348,14:21:56,28.92,-0.04,5,14460,卖盘
349,14:21:45,28.96,--,4,11584,买盘
350,14:21:21,28.96,-0.01,10,28960,卖盘
351,14:21:06,28.97,--,5,14485,买盘
352,14:20:56,28.97,--,3,8691,买盘
353,14:20:45,28.97,--,8,23176,买盘
354,14:20:41,28.97,0.01,1,2897,买盘
355,14:20:36,28.96,--,27,78192,卖盘
356,14:20:30,28.96,--,10,28960,卖盘
357,14:20:21,28.96,-0.01,6,17376,卖盘
358,14:20:00,28.97,--,6,17382,买盘
359,14:19:56,28.97,--,23,66631,买盘
360,14:19:51,28.97,--,50,144850,买盘
361,14:19:41,28.97,--,46,133262,卖盘
362,14:19:06,28.97,-0.02,9,26073,卖盘
363,14:18:55,28.99,--,3,8697,卖盘
364,14:18:45,28.99,--,6,17394,卖盘
365,14:18:39,28.99,-0.01,20,57980,卖盘
366,14:18:30,29.0,--,16,46400,买盘
367,14:18:21,29.0,--,11,31900,买盘
368,14:18:15,29.0,--,16,46400,买盘
369,14:18:09,29.0,0.01,7,20300,买盘
370,14:18:06,28.99,-0.01,5,14495,卖盘
371,14:17:54,29.0,--,1,2900,买盘
372,14:17:51,29.0,--,2,5800,买盘
373,14:17:45,29.0,--,8,23200,买盘
374,14:17:36,29.0,--,10,29000,买盘
375,14:17:30,29.0,--,12,34800,买盘
376,14:17:24,29.0,--,2,5800,买盘
377,14:17:21,29.0,--,9,26100,买盘
378,14:17:15,29.0,--,79,229100,买盘
379,14:17:09,29.0,--,27,78300,买盘
380,14:17:00,29.0,--,69,200100,买盘
381,14:16:54,29.0,--,9,26100,买盘
382,14:16:45,29.0,--,16,46400,买盘
383,14:16:39,29.0,--,2,5800,买盘
384,14:16:24,29.0,--,8,23200,买盘
385,14:16:20,29.0,--,19,55100,买盘
386,14:16:05,29.0,--,26,75400,买盘
387,14:15:50,29.0,--,0,0,买盘
388,14:15:45,29.0,0.03,100,290000,买盘
389,14:15:39,28.97,--,9,26073,买盘
390,14:15:35,28.97,--,2,5794,买盘
391,14:15:24,28.97,0.01,68,196996,买盘
392,14:15:15,28.96,-0.01,29,83984,卖盘
393,14:15:09,28.97,--,22,63734,买盘
394,14:15:05,28.97,0.02,2,5794,买盘
395,14:14:50,28.95,0.08,5,14475,买盘
396,14:14:45,28.87,--,2,5774,卖盘
397,14:14:35,28.87,--,3,8661,买盘
398,14:14:20,28.87,--,0,0,买盘
399,14:14:15,28.87,0.02,5,14435,买盘
400,14:14:09,28.85,-0.02,6,17310,买盘
401,14:14:05,28.87,--,0,0,买盘
402,14:14:00,28.87,0.02,45,129915,买盘
403,14:13:50,28.85,--,29,83665,中性盘
404,14:13:39,28.85,-0.02,32,92320,卖盘
405,14:13:35,28.87,--,11,31757,买盘
406,14:13:30,28.87,-0.01,7,20209,卖盘
407,14:13:00,28.88,--,4,11552,卖盘
408,14:12:39,28.88,-0.02,1,2888,卖盘
409,14:12:35,28.9,--,0,0,中性盘
410,14:12:30,28.9,-0.05,74,214322,卖盘
411,14:12:20,28.95,--,0,0,卖盘
412,14:12:15,28.95,-0.03,24,69480,卖盘
413,14:11:45,28.98,0.03,12,34776,买盘
414,14:11:33,28.95,-0.02,3,8685,卖盘
415,14:11:03,28.97,0.02,4,11588,买盘
416,14:10:54,28.95,-0.03,14,40530,卖盘
417,14:10:24,28.98,0.02,3,8694,卖盘
418,14:10:18,28.96,--,0,0,卖盘
419,14:10:15,28.96,-0.01,2,5792,买盘
420,14:10:09,28.97,-0.02,18,52146,卖盘
421,14:10:03,28.99,0.03,10,28990,买盘
422,14:09:59,28.96,-0.03,3,8688,卖盘
423,14:09:54,28.99,0.01,8,23192,买盘
424,14:09:45,28.98,0.03,20,57960,买盘
425,14:09:33,28.95,--,5,14475,卖盘
426,14:09:18,28.95,0.04,11,34276,买盘
427,14:09:09,28.91,--,7,20237,买盘
428,14:09:03,28.91,--,0,0,买盘
429,14:08:48,28.91,0.03,1,2891,买盘
430,14:08:39,28.88,0.03,2,5776,买盘
431,14:08:29,28.85,-0.01,94,271190,卖盘
432,14:08:18,28.86,--,2,5772,买盘
433,14:08:09,28.86,--,10,28860,买盘
434,14:08:03,28.86,--,10,28860,买盘
435,14:07:59,28.86,--,3,8658,买盘
436,14:07:54,28.86,--,3,8658,买盘
437,14:07:48,28.86,--,0,0,买盘
438,14:07:44,28.86,0.01,19,54834,买盘
439,14:07:33,28.85,--,28,80780,买盘
440,14:07:29,28.85,0.01,7,20195,买盘
441,14:07:24,28.84,-0.01,8,23072,卖盘
442,14:07:18,28.85,0.01,4,11540,买盘
443,14:07:09,28.84,0.06,3,8652,买盘
444,14:06:48,28.78,--,28,80584,买盘
445,14:06:44,28.78,--,8,23024,买盘
446,14:06:39,28.78,--,4,11512,买盘
447,14:06:33,28.78,0.04,19,54682,买盘
448,14:06:29,28.74,--,0,0,卖盘
449,14:06:24,28.74,--,0,0,卖盘
450,14:06:14,28.74,-0.01,7,20118,卖盘
451,14:06:09,28.75,0.03,2,6411,买盘
452,14:06:03,28.72,--,7,20104,卖盘
453,14:05:59,28.72,-0.02,10,29667,卖盘
454,14:05:48,28.74,--,3,8622,买盘
455,14:05:44,28.74,--,43,123582,买盘
456,14:05:39,28.74,--,1,2874,买盘
457,14:05:33,28.74,--,34,97716,买盘
458,14:05:29,28.74,-0.01,22,63228,卖盘
459,14:05:24,28.75,--,20,57500,买盘
460,14:05:18,28.75,--,3,8625,买盘
461,14:05:14,28.75,--,20,57500,买盘
462,14:05:09,28.75,--,2,5750,买盘
463,14:05:03,28.75,--,1,2875,买盘
464,14:04:59,28.75,-0.02,117,336375,卖盘
465,14:04:48,28.77,-0.01,26,77017,卖盘
466,14:04:42,28.78,--,2,5756,买盘
467,14:04:39,28.78,--,1,2878,买盘
468,14:04:33,28.78,--,23,66855,买盘
469,14:04:24,28.78,--,7,20146,卖盘
470,14:04:13,28.78,-0.02,77,221606,卖盘
471,14:04:09,28.8,--,2,5760,买盘
472,14:03:53,28.8,--,1,2880,买盘
473,14:03:48,28.8,-0.05,80,230400,卖盘
474,14:03:42,28.85,--,1,2885,买盘
475,14:03:23,28.85,--,0,0,中性盘
476,14:03:18,28.85,--,5,14425,买盘
477,14:03:12,28.85,-0.01,23,66355,卖盘
478,14:03:08,28.86,--,1,2886,买盘
479,14:02:57,28.86,0.01,1,2886,买盘
480,14:02:48,28.85,--,80,230800,卖盘
481,14:02:42,28.85,-0.01,10,28850,卖盘
482,14:02:27,28.86,--,11,31746,卖盘
483,14:02:12,28.86,-0.02,5,14430,卖盘
484,14:02:08,28.88,-0.01,13,37544,卖盘
485,14:01:57,28.89,--,19,54891,买盘
486,14:01:42,28.89,-0.01,35,101115,卖盘
487,14:01:38,28.9,-0.01,3,8670,卖盘
488,14:01:27,28.91,--,0,0,买盘
489,14:01:23,28.91,--,39,112749,买盘
490,14:01:18,28.91,0.01,3,8673,买盘
491,14:01:12,28.9,--,1,2890,买盘
492,14:01:08,28.9,--,6,17340,买盘
493,14:00:57,28.9,--,33,95370,买盘
494,14:00:42,28.9,--,1,2890,买盘
495,14:00:38,28.9,--,13,37570,买盘
496,14:00:27,28.9,-0.01,18,52020,卖盘
497,14:00:23,28.91,0.01,3,8673,买盘
498,14:00:18,28.9,--,34,98260,卖盘
499,14:00:12,28.9,-0.01,1,2890,卖盘
500,14:00:08,28.91,0.01,2,5782,买盘
501,13:59:57,28.9,-0.01,13,37570,卖盘
502,13:59:53,28.91,--,14,40474,买盘
503,13:59:42,28.91,-0.02,1,2891,买盘
504,13:59:27,28.93,0.02,21,60753,买盘
505,13:59:23,28.91,--,8,23128,卖盘
506,13:58:57,28.91,--,2,5782,卖盘
507,13:58:42,28.91,--,0,0,卖盘
508,13:58:38,28.91,-0.02,50,144550,卖盘
509,13:58:23,28.93,0.02,1,2893,卖盘
510,13:58:17,28.91,--,3,8673,卖盘
511,13:58:12,28.91,-0.02,42,121422,卖盘
512,13:58:08,28.93,-0.02,3,8679,卖盘
513,13:57:57,28.95,--,7,20265,买盘
514,13:57:53,28.95,-0.02,3,8685,买盘
515,13:57:21,28.97,0.01,8,23176,买盘
516,13:57:12,28.96,0.01,15,43440,买盘
517,13:57:06,28.95,--,0,0,卖盘
518,13:57:02,28.95,-0.01,5,14475,卖盘
519,13:56:57,28.96,-0.01,6,17376,卖盘
520,13:56:42,28.97,--,3,8691,卖盘
521,13:56:36,28.97,--,5,14485,卖盘
522,13:56:27,28.97,--,1,2897,卖盘
523,13:56:21,28.97,--,11,31867,买盘
524,13:56:06,28.97,-0.01,1,2897,卖盘
525,13:55:36,28.98,-0.02,8,23184,卖盘
526,13:55:32,29.0,0.01,10,29000,买盘
527,13:55:27,28.99,0.01,1,2899,买盘
528,13:55:21,28.98,--,0,0,卖盘
529,13:55:17,28.98,-0.02,8,23184,卖盘
530,13:54:57,29.0,-0.04,495,1435935,卖盘
531,13:54:51,29.04,--,16,46464,卖盘
532,13:54:47,29.04,--,26,75504,卖盘
533,13:54:42,29.04,--,4,11616,卖盘
534,13:54:31,29.04,--,2,5808,卖盘
535,13:54:27,29.04,--,17,49368,卖盘
536,13:54:16,29.04,--,13,37752,卖盘
537,13:54:06,29.04,--,10,29040,卖盘
538,13:54:02,29.04,-0.01,20,58080,卖盘
539,13:53:36,29.05,--,8,25331,卖盘
540,13:53:31,29.05,--,10,29050,卖盘
541,13:53:21,29.05,-0.01,28,81340,卖盘
542,13:53:12,29.06,-0.02,294,854364,卖盘
543,13:53:01,29.08,-0.01,100,290800,卖盘
544,13:52:47,29.09,0.01,1,2909,买盘
545,13:52:36,29.08,-0.01,50,145400,卖盘
546,13:52:31,29.09,--,2,5818,买盘
547,13:52:17,29.09,--,27,78775,卖盘
548,13:51:57,29.09,--,1,2909,卖盘
549,13:51:21,29.09,-0.01,1,2909,卖盘
550,13:51:12,29.1,--,3,8730,买盘
551,13:50:51,29.1,0.01,7,20370,买盘
552,13:50:46,29.09,-0.01,5,14545,卖盘
553,13:50:42,29.1,--,5,14550,买盘
554,13:50:36,29.1,--,1,4306,卖盘
555,13:50:32,29.1,--,36,104760,卖盘
556,13:50:26,29.1,0.01,22,65533,买盘
557,13:50:21,29.09,-0.01,9,26181,卖盘
558,13:50:16,29.1,0.01,6,17460,买盘
559,13:50:06,29.09,-0.01,5,14545,卖盘
560,13:50:00,29.1,--,3,10126,卖盘
561,13:49:51,29.1,0.01,15,45163,买盘
562,13:49:45,29.09,-0.01,1,5585,卖盘
563,13:49:41,29.1,--,5,14550,买盘
564,13:49:36,29.1,--,62,180420,买盘
565,13:49:21,29.1,-0.01,82,240016,卖盘
566,13:49:15,29.11,0.01,54,157194,买盘
567,13:49:06,29.1,--,38,110580,卖盘
568,13:49:00,29.1,--,110,321613,买盘
569,13:48:51,29.1,--,1,2910,买盘
570,13:48:36,29.1,--,1,2910,买盘
571,13:48:30,29.1,--,0,0,买盘
572,13:48:21,29.1,--,8,24676,卖盘
573,13:48:15,29.1,-0.01,1,2910,卖盘
574,13:48:11,29.11,0.01,20,58220,买盘
575,13:48:00,29.1,-0.01,14,40740,卖盘
576,13:47:51,29.11,-0.01,5,14555,买盘
577,13:47:45,29.12,0.01,12,34944,买盘
578,13:47:41,29.11,-0.01,1,2911,卖盘
579,13:47:36,29.12,--,10,29120,买盘
580,13:47:26,29.12,--,100,291200,买盘
581,13:47:21,29.12,--,1,2912,卖盘
582,13:47:15,29.12,--,12,34944,卖盘
583,13:47:10,29.12,--,5,14560,买盘
584,13:47:06,29.12,--,0,0,中性盘
585,13:47:00,29.12,-0.01,47,136864,卖盘
586,13:46:55,29.13,--,6,17478,买盘
587,13:46:51,29.13,0.01,1,2913,买盘
588,13:46:45,29.12,0.01,5,14560,买盘
589,13:46:40,29.11,0.01,2,5822,卖盘
590,13:46:21,29.1,--,0,0,卖盘
591,13:46:15,29.1,0.03,290,845413,买盘
592,13:46:10,29.07,--,220,642417,买盘
593,13:46:00,29.07,--,4,11628,买盘
594,13:45:45,29.07,--,3,8721,买盘
595,13:45:40,29.07,--,3,8721,买盘
596,13:45:10,29.07,0.02,52,151164,买盘
597,13:44:40,29.05,--,5,14525,卖盘
598,13:44:30,29.05,--,5,14525,卖盘
599,13:44:25,29.05,-0.01,4,12433,卖盘
600,13:44:21,29.06,0.01,2,5812,买盘
601,13:44:15,29.05,--,1,2905,卖盘
602,13:44:10,29.05,--,20,58100,卖盘
603,13:44:00,29.05,-0.01,6,17430,卖盘
604,13:43:55,29.06,--,7,20342,买盘
605,13:43:45,29.06,--,16,46554,卖盘
606,13:43:40,29.06,--,3,8718,卖盘
607,13:43:35,29.06,--,18,52308,卖盘
608,13:43:30,29.06,--,13,37778,卖盘
609,13:43:25,29.06,--,12,34872,卖盘
610,13:43:10,29.06,--,10,29060,卖盘
611,13:43:05,29.06,--,1,2906,卖盘
612,13:43:00,29.06,--,5,14530,卖盘
613,13:42:55,29.06,0.01,71,209173,买盘
614,13:42:45,29.05,--,1,2905,买盘
615,13:42:30,29.05,--,78,226648,卖盘
616,13:42:25,29.05,-0.01,52,151060,卖盘
617,13:42:20,29.06,--,2,5812,买盘
618,13:42:15,29.06,0.01,12,34872,买盘
619,13:42:10,29.05,-0.01,14,40670,卖盘
620,13:42:05,29.06,0.01,1,2906,买盘
621,13:42:00,29.05,--,8,23240,卖盘
622,13:41:54,29.05,--,162,470610,卖盘
623,13:41:50,29.05,--,0,29,卖盘
624,13:41:39,29.05,-0.01,3,8715,卖盘
625,13:41:20,29.06,--,1,2906,买盘
626,13:41:09,29.06,--,0,0,中性盘
627,13:41:05,29.06,-0.01,1,2906,卖盘
628,13:40:54,29.07,0.01,6,17442,买盘
629,13:40:50,29.06,-0.01,2,5812,卖盘
630,13:40:45,29.07,--,5,14535,买盘
631,13:40:35,29.07,--,6,20319,卖盘
632,13:40:24,29.07,--,3,8721,卖盘
633,13:40:20,29.07,--,21,61076,卖盘
634,13:40:15,29.07,0.01,89,258723,买盘
635,13:40:09,29.06,0.01,9,26154,买盘
636,13:40:05,29.05,--,48,139440,卖盘
637,13:40:00,29.05,--,4,11620,卖盘
638,13:39:49,29.05,--,111,322455,卖盘
639,13:39:45,29.05,--,5,14525,卖盘
640,13:39:39,29.05,--,3,8715,卖盘
641,13:39:34,29.05,--,12,36719,卖盘
642,13:39:30,29.05,--,5,14525,卖盘
643,13:39:24,29.05,--,5,14554,卖盘
644,13:39:19,29.05,-0.01,10,29050,卖盘
645,13:39:09,29.06,0.01,18,52308,买盘
646,13:39:04,29.05,-0.01,5,14525,卖盘
647,13:38:54,29.06,0.01,6,17436,买盘
648,13:38:49,29.05,--,60,174300,卖盘
649,13:38:39,29.05,--,5,14525,卖盘
650,13:38:30,29.05,--,0,0,卖盘
651,13:38:24,29.05,-0.02,5,14525,卖盘
652,13:38:09,29.07,--,8,23256,卖盘
653,13:38:04,29.07,--,20,58140,卖盘
654,13:37:59,29.07,--,11,31977,卖盘
655,13:37:54,29.07,--,5,14535,卖盘
656,13:37:49,29.07,--,100,290700,卖盘
657,13:37:39,29.07,0.02,23,66861,买盘
658,13:37:19,29.05,--,50,145250,卖盘
659,13:37:14,29.05,-0.02,29,84245,卖盘
660,13:37:09,29.07,--,0,0,买盘
661,13:37:04,29.07,--,133,386631,买盘
662,13:36:59,29.07,0.01,2,5814,买盘
663,13:36:49,29.06,-0.01,6,17436,卖盘
664,13:36:45,29.07,0.01,10,29070,买盘
665,13:36:39,29.06,--,6,17436,卖盘
666,13:36:34,29.06,--,5,14530,卖盘
667,13:36:24,29.06,--,2,5812,卖盘
668,13:36:19,29.06,--,5,14530,卖盘
669,13:36:14,29.06,--,8,23248,卖盘
670,13:36:09,29.06,0.01,1,2906,中性盘
671,13:35:54,29.05,-0.01,47,136535,卖盘
672,13:35:49,29.06,0.01,18,54719,买盘
673,13:35:44,29.05,-0.01,3,8715,卖盘
674,13:35:39,29.06,0.01,1,2906,买盘
675,13:35:34,29.05,--,1,2905,卖盘
676,13:35:14,29.05,-0.01,3,8715,卖盘
677,13:35:04,29.06,0.01,13,37778,买盘
678,13:34:54,29.05,-0.01,10,29050,卖盘
679,13:34:39,29.06,--,17,49896,卖盘
680,13:34:33,29.06,--,3,8718,卖盘
681,13:34:24,29.06,-0.02,9,26154,卖盘
682,13:34:18,29.08,0.02,1,2908,买盘
683,13:34:09,29.06,-0.02,10,31471,卖盘
684,13:34:03,29.08,0.02,1,2908,买盘
685,13:33:59,29.06,--,2,5812,卖盘
686,13:33:54,29.06,0.01,1,2906,中性盘
687,13:33:48,29.05,--,1,4328,卖盘
688,13:33:44,29.05,--,50,145250,卖盘
689,13:33:39,29.05,--,20,58100,买盘
690,13:33:29,29.05,0.01,6,17430,买盘
691,13:33:18,29.04,--,10,29040,卖盘
692,13:33:14,29.04,-0.01,1,2904,卖盘
693,13:33:09,29.05,0.01,18,52290,买盘
694,13:32:59,29.04,--,11,31944,卖盘
695,13:32:54,29.04,--,1,2904,卖盘
696,13:32:48,29.04,--,9,26136,卖盘
697,13:32:44,29.04,--,5,14520,卖盘
698,13:32:33,29.04,-0.01,7,20328,卖盘
699,13:32:09,29.05,-0.06,331,962426,卖盘
700,13:31:58,29.11,0.01,16,46576,卖盘
701,13:31:54,29.1,--,0,0,卖盘
702,13:31:48,29.1,-0.02,50,145500,卖盘
703,13:31:43,29.12,0.01,5,14560,买盘
704,13:31:39,29.11,-0.01,1,2911,买盘
705,13:31:28,29.12,0.02,4,11648,买盘
706,13:31:23,29.1,--,3,8730,卖盘
707,13:31:18,29.1,--,304,884640,卖盘
708,13:31:13,29.1,-0.01,1,2910,卖盘
709,13:31:03,29.11,0.01,39,113529,买盘
710,13:30:58,29.1,--,7,21708,卖盘
711,13:30:48,29.1,-0.01,9,26190,卖盘
712,13:30:43,29.11,--,2,5822,买盘
713,13:30:33,29.11,-0.03,15,43665,卖盘
714,13:30:23,29.14,--,0,0,买盘
715,13:30:18,29.14,0.04,7,20398,买盘
716,13:30:13,29.1,--,0,0,卖盘
717,13:30:08,29.1,-0.04,6,17460,卖盘
718,13:30:03,29.14,0.04,18,52452,买盘
719,13:29:58,29.1,0.03,258,751478,买盘
720,13:29:48,29.07,--,7,20349,卖盘
721,13:29:43,29.07,0.02,24,69768,买盘
722,13:29:38,29.05,-0.01,10,29050,买盘
723,13:29:33,29.06,0.01,1,2906,买盘
724,13:29:28,29.05,--,5,14525,卖盘
725,13:29:18,29.05,0.01,3,8715,买盘
726,13:29:08,29.04,0.04,22,64091,买盘
727,13:29:03,29.0,-0.04,39,113100,卖盘
728,13:28:58,29.04,0.01,3,8712,买盘
729,13:28:43,29.03,0.03,132,385460,买盘
730,13:28:38,29.0,--,2,5800,买盘
731,13:28:33,29.0,--,46,133400,买盘
732,13:28:28,29.0,--,15,43500,买盘
733,13:28:18,29.0,--,5,14500,买盘
734,13:28:13,29.0,--,6,17400,买盘
735,13:28:08,29.0,0.04,21,60900,买盘
736,13:28:03,28.96,--,0,0,中性盘
737,13:27:58,28.96,-0.04,6,17376,卖盘
738,13:27:48,29.0,0.04,2005,5814500,买盘
739,13:27:38,28.96,0.01,5,14480,买盘
740,13:27:33,28.95,-0.01,6,17370,卖盘
741,13:27:28,28.96,--,1,2896,买盘
742,13:27:23,28.96,0.01,50,144800,买盘
743,13:27:18,28.95,--,2,5790,卖盘
744,13:27:13,28.95,--,1,2895,卖盘
745,13:27:03,28.95,--,5,14475,卖盘
746,13:26:57,28.95,-0.01,10,28950,卖盘
747,13:26:48,28.96,--,1,2896,买盘
748,13:26:42,28.96,-0.01,99,286935,卖盘
749,13:26:28,28.97,0.01,7,20279,买盘
750,13:26:23,28.96,--,1,2896,卖盘
751,13:26:08,28.96,--,10,28960,卖盘
752,13:25:57,28.96,--,1,2896,卖盘
753,13:25:42,28.96,0.01,42,124296,买盘
754,13:25:33,28.95,-0.01,7,20265,卖盘
755,13:25:27,28.96,--,40,115840,买盘
756,13:25:12,28.96,-0.03,17,49463,卖盘
757,13:25:08,28.99,-0.01,3,11364,买盘
758,13:24:57,29.0,0.01,48,139200,买盘
759,13:24:38,28.99,--,11,31889,卖盘
760,13:24:27,28.99,--,2,5798,买盘
761,13:24:22,28.99,--,10,28990,买盘
762,13:24:12,28.99,-0.01,8,23192,卖盘
763,13:24:07,29.0,0.01,29,84100,买盘
764,13:24:02,28.99,--,6,17394,卖盘
765,13:23:57,28.99,-0.01,10,28990,买盘
766,13:23:52,29.0,--,101,292900,买盘
767,13:23:42,29.0,--,211,611900,买盘
768,13:23:37,29.0,0.01,25,72500,买盘
769,13:23:32,28.99,--,5,14495,卖盘
770,13:23:27,28.99,0.03,64,185536,买盘
771,13:23:12,28.96,-0.02,19,55024,卖盘
772,13:22:52,28.98,--,0,0,买盘
773,13:22:42,28.98,0.02,4,11592,买盘
774,13:22:37,28.96,--,8,23168,卖盘
775,13:22:27,28.96,0.06,6,17376,卖盘
776,13:22:22,28.9,-0.06,5,16704,卖盘
777,13:22:12,28.96,--,9,26064,买盘
778,13:22:02,28.96,-0.02,7,20272,买盘
779,13:21:57,28.98,-0.01,7,20286,卖盘
780,13:21:52,28.99,--,5,14495,卖盘
781,13:21:47,28.99,-0.01,2,5798,卖盘
782,13:21:42,29.0,0.02,52,150800,买盘
783,13:21:27,28.98,--,0,0,卖盘
784,13:21:17,28.98,-0.02,1,2898,中性盘
785,13:21:12,29.0,0.02,34,98600,买盘
786,13:21:07,28.98,--,4,11592,中性盘
787,13:21:02,28.98,--,1,2898,卖盘
788,13:20:42,28.98,--,10,28980,卖盘
789,13:20:37,28.98,0.05,38,110124,买盘
790,13:20:32,28.93,--,0,0,中性盘
791,13:20:27,28.93,--,0,0,中性盘
792,13:20:17,28.93,0.03,9,26037,买盘
793,13:20:07,28.9,-0.08,1,2890,卖盘
794,13:19:52,28.98,--,0,0,买盘
795,13:19:47,28.98,0.08,22,63756,买盘
796,13:19:42,28.9,-0.08,10,28900,卖盘
797,13:19:32,28.98,--,0,0,买盘
798,13:19:27,28.98,-0.01,13,37674,卖盘
799,13:19:22,28.99,--,32,92768,买盘
800,13:19:17,28.99,0.01,234,678366,买盘
801,13:19:12,28.98,--,17,49266,卖盘
802,13:19:02,28.98,--,6,17388,买盘
803,13:18:51,28.98,0.08,5,14490,买盘
804,13:18:47,28.9,-0.08,7,20230,卖盘
805,13:18:42,28.98,--,0,0,买盘
806,13:18:36,28.98,--,0,0,买盘
807,13:18:21,28.98,--,16,46368,买盘
808,13:18:17,28.98,0.08,69,199962,买盘
809,13:18:12,28.9,-0.08,1,2890,卖盘
810,13:17:51,28.98,0.08,6,17388,买盘
811,13:17:47,28.9,-0.09,43,124270,卖盘
812,13:17:32,28.99,-0.01,8,23192,卖盘
813,13:17:21,29.0,--,1,2900,买盘
814,13:17:17,29.0,0.01,57,165300,买盘
815,13:17:11,28.99,-0.01,7,20293,卖盘
816,13:17:06,29.0,0.01,27,78300,买盘
817,13:17:02,28.99,-0.01,25,72475,卖盘
818,13:16:56,29.0,--,0,0,买盘
819,13:16:51,29.0,0.02,7,20300,买盘
820,13:16:46,28.98,-0.02,24,69552,卖盘
821,13:16:41,29.0,--,0,0,买盘
822,13:16:36,29.0,0.11,32,92800,买盘
823,13:16:31,28.89,-0.07,46,132894,卖盘
824,13:16:26,28.96,--,4,11584,卖盘
825,13:16:21,28.96,0.07,11,31856,买盘
826,13:16:16,28.89,-0.07,83,239787,卖盘
827,13:16:11,28.96,--,0,0,买盘
828,13:16:06,28.96,0.07,8,23168,买盘
829,13:16:01,28.89,--,3,8667,卖盘
830,13:15:51,28.89,--,2,5778,卖盘
831,13:15:46,28.89,0.01,17,49113,买盘
832,13:15:36,28.88,--,2,8548,卖盘
833,13:15:31,28.88,0.05,13,37544,买盘
834,13:15:16,28.83,0.08,33,95139,中性盘
835,13:15:01,28.75,--,9,28548,买盘
836,13:14:56,28.75,-0.05,6,17250,买盘
837,13:14:51,28.8,-0.05,3,8841,卖盘
838,13:14:46,28.85,0.11,16,48843,买盘
839,13:14:41,28.74,--,2,5748,买盘
840,13:14:36,28.74,--,5,14370,买盘
841,13:14:31,28.74,--,1,2874,买盘
842,13:14:26,28.74,--,1,2874,买盘
843,13:14:21,28.74,--,3,8622,买盘
844,13:14:16,28.74,-0.01,80,230121,卖盘
845,13:14:06,28.75,--,1,2875,卖盘
846,13:13:51,28.75,--,4,11500,卖盘
847,13:13:46,28.75,0.05,362,1043423,买盘
848,13:13:41,28.7,--,118,338660,买盘
849,13:13:36,28.7,--,9,25830,买盘
850,13:13:26,28.7,0.02,7,20090,买盘
851,13:13:21,28.68,--,15,43020,卖盘
852,13:13:16,28.68,--,38,108984,卖盘
853,13:13:11,28.68,--,9,25812,卖盘
854,13:13:06,28.68,-0.01,11,31634,卖盘
855,13:13:01,28.69,--,6,17214,买盘
856,13:12:56,28.69,--,4,11476,买盘
857,13:12:46,28.69,--,14,40166,买盘
858,13:12:36,28.69,--,3,8607,买盘
859,13:12:31,28.69,-0.01,4,11476,卖盘
860,13:12:26,28.7,0.01,31,88970,买盘
861,13:12:21,28.69,--,1,2869,买盘
862,13:12:16,28.69,--,275,788975,卖盘
863,13:12:06,28.69,--,19,54511,卖盘
864,13:12:01,28.69,-0.01,21,60249,卖盘
865,13:11:55,28.7,--,3,8610,买盘
866,13:11:51,28.7,--,1,2870,买盘
867,13:11:45,28.7,0.02,120,344400,买盘
868,13:11:40,28.68,-0.02,27,77436,卖盘
869,13:11:36,28.7,--,16,45920,买盘
870,13:11:30,28.7,--,16,45920,买盘
871,13:11:25,28.7,--,33,94710,买盘
872,13:11:21,28.7,--,2,5740,买盘
873,13:11:15,28.7,--,11,31570,买盘
874,13:11:10,28.7,--,84,241252,卖盘
875,13:11:06,28.7,--,10,28700,卖盘
876,13:11:00,28.7,0.02,917,2634487,买盘
877,13:10:55,28.68,--,2,5736,卖盘
878,13:10:51,28.68,-0.02,2,5736,中性盘
879,13:10:45,28.7,0.03,503,1443610,买盘
880,13:10:36,28.67,--,2,5734,卖盘
881,13:10:30,28.67,--,4,11984,卖盘
882,13:10:15,28.67,-0.01,13,37271,卖盘
883,13:10:10,28.68,-0.01,4,11644,中性盘
884,13:10:05,28.69,0.02,5,14345,买盘
885,13:10:00,28.67,-0.02,2,5734,卖盘
886,13:09:55,28.69,-0.01,2,5738,卖盘
887,13:09:50,28.7,0.02,4,11480,买盘
888,13:09:45,28.68,0.01,2,5736,买盘
889,13:09:40,28.67,-0.01,4,11468,卖盘
890,13:09:35,28.68,-0.02,11,31548,卖盘
891,13:09:30,28.7,0.02,2,5740,买盘
892,13:09:25,28.68,-0.02,10,28680,卖盘
893,13:09:20,28.7,--,0,0,买盘
894,13:09:15,28.7,0.01,29,83230,买盘
895,13:09:10,28.69,--,4,11476,买盘
896,13:09:05,28.69,0.01,6,17214,买盘
897,13:09:00,28.68,-0.02,6,17208,卖盘
898,13:08:55,28.7,0.02,1,2870,买盘
899,13:08:50,28.68,-0.02,1,2868,买盘
900,13:08:45,28.7,0.02,98,281260,买盘
901,13:08:40,28.68,-0.02,21,60228,卖盘
902,13:08:30,28.7,--,3,8610,买盘
903,13:08:15,28.7,--,7,20090,买盘
904,13:08:10,28.7,-0.1,159,456502,卖盘
905,13:08:05,28.8,--,13,37440,卖盘
906,13:08:00,28.8,--,12,34560,卖盘
907,13:07:55,28.8,-0.01,11,31680,卖盘
908,13:07:50,28.81,-0.04,7,20167,中性盘
909,13:07:45,28.85,0.05,18,51930,买盘
910,13:07:40,28.8,-0.05,39,112320,卖盘
911,13:07:35,28.85,--,0,0,买盘
912,13:07:25,28.85,--,0,0,买盘
913,13:07:20,28.85,0.04,2,5770,买盘
914,13:07:15,28.81,-0.02,4,11524,卖盘
915,13:07:10,28.83,0.02,1,2883,买盘
916,13:07:05,28.81,--,0,0,卖盘
917,13:07:00,28.81,-0.02,54,155574,卖盘
918,13:06:50,28.83,-0.02,5,17125,卖盘
919,13:06:45,28.85,-0.01,9,25965,买盘
920,13:06:40,28.86,--,0,0,买盘
921,13:06:25,28.86,0.03,1,2886,买盘
922,13:06:20,28.83,-0.03,9,25947,卖盘
923,13:06:14,28.86,-0.01,53,152958,卖盘
924,13:06:05,28.87,--,3,8661,买盘
925,13:05:54,28.87,-0.01,15,43305,卖盘
926,13:05:50,28.88,--,1,2888,买盘
927,13:05:45,28.88,0.02,4,11552,买盘
928,13:05:35,28.86,-0.01,5,14430,卖盘
929,13:05:25,28.87,-0.01,5,14435,买盘
930,13:05:19,28.88,--,0,0,买盘
931,13:05:15,28.88,0.01,35,101080,买盘
932,13:05:10,28.87,-0.01,3,8661,卖盘
933,13:05:05,28.88,--,1,2888,买盘
934,13:04:59,28.88,--,2,5776,买盘
935,13:04:55,28.88,--,0,0,买盘
936,13:04:49,28.88,--,0,0,买盘
937,13:04:45,28.88,0.06,17,49096,买盘
938,13:04:39,28.82,--,7,20174,卖盘
939,13:04:34,28.82,--,6,17292,卖盘
940,13:04:29,28.82,0.01,34,97988,买盘
941,13:04:24,28.81,--,58,167098,卖盘
942,13:04:19,28.81,-0.01,2,5762,卖盘
943,13:04:14,28.82,0.01,11,31702,买盘
944,13:04:09,28.81,0.01,10,28810,卖盘
945,13:04:04,28.8,-0.01,10,28800,卖盘
946,13:03:59,28.81,--,11,31691,买盘
947,13:03:54,28.81,--,18,51858,买盘
948,13:03:44,28.81,--,239,688559,买盘
949,13:03:34,28.81,-0.07,148,426388,卖盘
950,13:03:29,28.88,0.06,13,37544,买盘
951,13:03:24,28.82,-0.06,25,72050,卖盘
952,13:03:19,28.88,--,2,5776,买盘
953,13:03:14,28.88,0.06,48,138624,买盘
954,13:03:09,28.82,--,7,20174,卖盘
955,13:03:04,28.82,--,9,25938,卖盘
956,13:02:59,28.82,--,6,17292,买盘
957,13:02:54,28.82,-0.07,2,5764,卖盘
958,13:02:49,28.89,--,0,0,买盘
959,13:02:44,28.89,--,35,101115,买盘
960,13:02:39,28.89,0.08,2,5778,买盘
961,13:02:24,28.81,-0.08,10,28810,卖盘
962,13:02:19,28.89,--,0,0,买盘
963,13:02:14,28.89,0.08,74,213786,买盘
964,13:02:09,28.81,--,4,11524,卖盘
965,13:02:04,28.81,0.01,3,8643,卖盘
966,13:01:54,28.8,-0.09,17,48960,卖盘
967,13:01:49,28.89,0.01,17,49113,买盘
968,13:01:44,28.88,0.08,26,75088,买盘
969,13:01:24,28.8,-0.08,200,576000,卖盘
970,13:01:19,28.88,-0.02,7,20216,卖盘
971,13:01:14,28.9,--,135,390150,买盘
972,13:01:09,28.9,--,0,0,买盘
973,13:01:04,28.9,-0.05,49,141610,卖盘
974,13:00:54,28.95,-0.02,3,8685,卖盘
975,13:00:49,28.97,-0.03,32,92704,卖盘
976,13:00:44,29.0,0.01,112,324800,买盘
977,13:00:39,28.99,--,2,5798,卖盘
978,13:00:34,28.99,--,1,2899,卖盘
979,13:00:29,28.99,--,1,2899,卖盘
980,13:00:19,28.99,--,6,17394,卖盘
981,13:00:14,28.99,-0.01,6,17394,卖盘
982,13:00:08,29.0,--,12,34800,买盘
983,13:00:03,29.0,-0.04,70,203000,卖盘
984,11:30:00,29.04,--,0,0,卖盘
985,11:29:59,29.04,--,0,0,卖盘
986,11:29:54,29.04,--,0,0,中性盘
987,11:29:45,29.04,0.04,2,5808,买盘
988,11:29:39,29.0,--,2,5800,卖盘
989,11:29:30,29.0,--,1,2900,卖盘
990,11:29:24,29.0,-0.05,3,8700,卖盘
991,11:29:18,29.05,--,10,29050,买盘
992,11:29:14,29.05,-0.01,11,31955,买盘
993,11:29:09,29.06,0.01,2,5812,卖盘
994,11:29:03,29.05,0.03,3,8715,买盘
995,11:29:00,29.02,-0.03,8,23216,卖盘
996,11:28:45,29.05,0.05,1,2905,买盘
997,11:28:33,29.0,--,0,0,卖盘
998,11:28:30,29.0,-0.07,2,5800,卖盘
999,11:28:24,29.07,0.02,28,81396,买盘
1000,11:28:18,29.05,--,0,0,中性盘
1001,11:28:15,29.05,0.04,2,5810,买盘
1002,11:27:54,29.01,--,1,2901,中性盘
1003,11:27:48,29.01,-0.07,6,17406,卖盘
1004,11:27:44,29.08,0.01,18,52344,买盘
1005,11:27:39,29.07,0.02,7,20349,中性盘
1006,11:27:29,29.05,-0.03,1,2905,卖盘
1007,11:27:14,29.08,0.01,45,130859,买盘
1008,11:27:09,29.07,0.01,16,46512,买盘
1009,11:27:03,29.06,-0.01,2,5812,买盘
1010,11:26:54,29.07,--,5,14535,买盘
1011,11:26:44,29.07,--,1,2907,买盘
1012,11:26:33,29.07,--,10,29070,买盘
1013,11:26:29,29.07,--,0,0,中性盘
1014,11:26:14,29.07,0.02,1,2907,买盘
1015,11:25:59,29.05,--,2,5810,卖盘
1016,11:25:48,29.05,--,0,0,中性盘
1017,11:25:44,29.05,-0.02,2,5810,买盘
1018,11:25:33,29.07,0.07,8,23256,买盘
1019,11:25:24,29.0,-0.02,21,60900,卖盘
1020,11:25:18,29.02,--,11,31922,买盘
1021,11:25:14,29.02,0.02,7,20314,买盘
1022,11:25:03,29.0,--,56,162400,卖盘
1023,11:24:48,29.0,-0.02,14,40600,卖盘
1024,11:24:44,29.02,0.01,9,26118,买盘
1025,11:24:39,29.01,0.01,6,17406,买盘
1026,11:24:33,29.0,--,4,11600,卖盘
1027,11:24:29,29.0,--,12,34800,卖盘
1028,11:24:24,29.0,-0.01,2,5800,卖盘
1029,11:24:18,29.01,--,3,8703,买盘
1030,11:24:14,29.01,--,13,37713,买盘
1031,11:24:09,29.01,-0.01,65,188565,卖盘
1032,11:23:59,29.02,0.01,7,20314,买盘
1033,11:23:54,29.01,--,38,110238,卖盘
1034,11:23:48,29.01,-0.01,10,29010,卖盘
1035,11:23:44,29.02,0.02,8,23216,买盘
1036,11:23:39,29.0,--,27,78300,卖盘
1037,11:23:33,29.0,--,28,81200,卖盘
1038,11:23:29,29.0,--,5,14500,卖盘
1039,11:23:24,29.0,-0.01,14,40600,卖盘
1040,11:23:18,29.01,--,10,29010,买盘
1041,11:23:14,29.01,0.01,13,37713,买盘
1042,11:23:09,29.0,-0.01,37,107300,卖盘
1043,11:23:03,29.01,--,5,14505,卖盘
1044,11:22:59,29.01,--,1,2901,卖盘
1045,11:22:54,29.01,--,10,29010,卖盘
1046,11:22:48,29.01,-0.01,20,58020,中性盘
1047,11:22:43,29.02,0.02,24,69648,买盘
1048,11:22:38,29.0,--,21,60900,卖盘
1049,11:22:28,29.0,--,0,0,卖盘
1050,11:22:24,29.0,--,0,0,卖盘
1051,11:22:18,29.0,-0.08,10,29000,卖盘
1052,11:22:12,29.08,--,50,145400,买盘
1053,11:22:09,29.08,--,0,0,买盘
1054,11:22:03,29.08,0.06,14,40712,买盘
1055,11:21:53,29.02,--,1,2902,卖盘
1056,11:21:48,29.02,--,15,43530,卖盘
1057,11:21:42,29.02,0.02,28,81256,买盘
1058,11:21:33,29.0,--,8,23200,卖盘
1059,11:21:27,29.0,--,4,11600,卖盘
1060,11:21:23,29.0,-0.02,196,568400,卖盘
1061,11:21:18,29.02,--,17,49334,买盘
1062,11:21:12,29.02,0.02,4,11608,中性盘
1063,11:21:08,29.0,--,10,29000,卖盘
1064,11:21:03,29.0,--,4,11600,卖盘
1065,11:20:57,29.0,-0.02,50,145000,卖盘
1066,11:20:53,29.02,0.01,2,5804,买盘
1067,11:20:48,29.01,-0.08,14,40614,卖盘
1068,11:20:42,29.09,0.07,8,23272,买盘
1069,11:20:38,29.02,--,1,2902,卖盘
1070,11:20:33,29.02,--,3,8706,卖盘
1071,11:20:27,29.02,--,1,2902,卖盘
1072,11:20:12,29.02,-0.07,11,31922,卖盘
1073,11:20:03,29.09,--,0,0,买盘
1074,11:19:57,29.09,--,0,0,买盘
1075,11:19:42,29.09,--,40,116360,买盘
1076,11:19:38,29.09,--,1,2909,买盘
1077,11:19:33,29.09,0.07,10,29090,买盘
1078,11:19:27,29.02,-0.08,67,194434,卖盘
1079,11:19:12,29.1,--,4,11640,买盘
1080,11:19:03,29.1,--,4,11640,买盘
1081,11:18:57,29.1,-0.01,3,8730,买盘
1082,11:18:48,29.11,--,0,0,买盘
1083,11:18:42,29.11,0.01,45,130995,买盘
1084,11:18:27,29.1,--,34,98940,卖盘
1085,11:18:18,29.1,-0.02,12,34920,卖盘
1086,11:18:12,29.12,0.01,5,14560,买盘
1087,11:17:57,29.11,-0.01,7,20377,卖盘
1088,11:17:48,29.12,-0.02,19,55328,卖盘
1089,11:17:42,29.14,0.01,6,17484,买盘
1090,11:17:38,29.13,0.01,1,2913,买盘
1091,11:17:33,29.12,--,11,32032,卖盘
1092,11:17:18,29.12,--,4,11648,买盘
1093,11:17:08,29.12,--,0,0,买盘
1094,11:17:03,29.12,--,2,5824,卖盘
1095,11:16:53,29.12,--,5,14560,卖盘
1096,11:16:48,29.12,--,1,2912,买盘
1097,11:16:41,29.12,0.02,9,26208,买盘
1098,11:16:38,29.1,-0.02,1,2910,卖盘
1099,11:16:18,29.12,--,2,5824,买盘
1100,11:16:12,29.12,--,19,55328,买盘
1101,11:16:03,29.12,0.01,6,17472,买盘
1102,11:15:57,29.11,--,10,29110,卖盘
1103,11:15:48,29.11,-0.01,6,17466,卖盘
1104,11:15:42,29.12,0.01,5,14560,买盘
1105,11:15:33,29.11,--,1,2911,卖盘
1106,11:15:27,29.11,--,0,0,卖盘
1107,11:15:23,29.11,--,2,5822,卖盘
1108,11:15:18,29.11,-0.02,4,11644,卖盘
1109,11:15:12,29.13,--,13,37869,买盘
1110,11:15:08,29.13,0.01,1,2913,买盘
1111,11:15:02,29.12,--,0,0,买盘
1112,11:14:57,29.12,--,5,14560,卖盘
1113,11:14:47,29.12,--,0,0,中性盘
1114,11:14:42,29.12,0.01,11,32032,买盘
1115,11:14:37,29.11,--,7,20377,卖盘
1116,11:14:33,29.11,-0.01,10,29110,卖盘
1117,11:14:27,29.12,-0.01,5,14560,买盘
1118,11:14:18,29.13,--,0,0,买盘
1119,11:14:12,29.13,0.02,12,34956,买盘
1120,11:14:07,29.11,--,3,8733,卖盘
1121,11:13:57,29.11,-0.01,11,32021,卖盘
1122,11:13:41,29.12,0.01,24,69888,买盘
1123,11:13:36,29.11,--,0,0,卖盘
1124,11:13:32,29.11,-0.01,20,58220,卖盘
1125,11:13:26,29.12,--,0,0,中性盘
1126,11:13:17,29.12,--,14,40768,买盘
1127,11:13:12,29.12,-0.01,192,559104,卖盘
1128,11:13:06,29.13,--,2,5826,卖盘
1129,11:13:02,29.13,-0.01,30,87390,卖盘
1130,11:12:41,29.14,0.01,9,26226,中性盘
1131,11:12:35,29.13,--,124,361212,卖盘
1132,11:12:32,29.13,-0.01,30,87390,卖盘
1133,11:12:21,29.14,-0.01,35,101990,卖盘
1134,11:12:11,29.15,0.02,12,34980,买盘
1135,11:12:06,29.13,--,0,0,卖盘
1136,11:11:50,29.13,-0.01,7,20391,卖盘
1137,11:11:41,29.14,0.01,3,8742,中性盘
1138,11:11:36,29.13,-0.04,80,233040,卖盘
1139,11:11:27,29.17,--,0,0,中性盘
1140,11:11:21,29.17,0.02,1,2917,买盘
1141,11:11:12,29.15,--,22,64130,买盘
1142,11:11:06,29.15,-0.03,18,52470,卖盘
1143,11:10:57,29.18,--,8,23344,买盘
1144,11:10:51,29.18,-0.03,7,20426,中性盘
1145,11:10:47,29.21,--,0,0,买盘
1146,11:10:41,29.21,0.01,171,499491,买盘
1147,11:10:35,29.2,0.01,50,146000,买盘
1148,11:10:26,29.19,-0.01,10,29190,买盘
1149,11:10:20,29.2,--,9,26280,买盘
1150,11:10:11,29.2,--,27,78840,买盘
1151,11:10:05,29.2,0.07,10,29200,买盘
1152,11:10:02,29.13,-0.07,100,291300,卖盘
1153,11:09:57,29.2,0.04,9,26280,买盘
1154,11:09:46,29.16,-0.04,13,37908,卖盘
1155,11:09:42,29.2,0.04,28,81760,买盘
1156,11:09:35,29.16,-0.04,11,32076,卖盘
1157,11:09:31,29.2,--,2,5840,买盘
1158,11:09:27,29.2,--,13,37960,买盘
1159,11:09:20,29.2,-0.02,9,26280,买盘
1160,11:09:11,29.22,0.01,51,149022,买盘
1161,11:09:06,29.21,--,0,0,买盘
1162,11:09:01,29.21,--,9,26289,买盘
1163,11:08:51,29.21,--,12,35052,卖盘
1164,11:08:46,29.21,0.07,7,20447,买盘
1165,11:08:42,29.14,0.01,10,29140,中性盘
1166,11:08:31,29.13,-0.09,18,52434,卖盘
1167,11:08:26,29.22,0.09,8,23376,买盘
1168,11:08:21,29.13,-0.08,1,2913,卖盘
1169,11:08:16,29.21,-0.01,8,23368,买盘
1170,11:08:11,29.22,0.01,36,105192,买盘
1171,11:08:06,29.21,--,45,131445,卖盘
1172,11:08:01,29.21,-0.01,1,2921,卖盘
1173,11:07:56,29.22,0.01,19,55518,买盘
1174,11:07:50,29.21,--,1,2921,卖盘
1175,11:07:41,29.21,0.01,61,178181,买盘
1176,11:07:35,29.2,-0.01,56,163520,买盘
1177,11:07:31,29.21,--,0,0,买盘
1178,11:07:20,29.21,0.08,12,35052,买盘
1179,11:07:16,29.13,--,11,32043,卖盘
1180,11:07:11,29.13,--,83,241779,卖盘
1181,11:07:05,29.13,-0.08,50,145650,卖盘
1182,11:07:01,29.21,--,8,23368,买盘
1183,11:06:50,29.21,-0.01,10,29210,买盘
1184,11:06:46,29.22,0.07,3,8766,买盘
1185,11:06:41,29.15,-0.07,33,96195,卖盘
1186,11:06:35,29.22,--,10,29220,买盘
1187,11:06:31,29.22,-0.01,42,122724,卖盘
1188,11:06:20,29.23,--,3,8769,卖盘
1189,11:06:16,29.23,--,10,29230,卖盘
1190,11:06:11,29.23,--,7,20461,卖盘
1191,11:06:05,29.23,0.09,3,8769,买盘
1192,11:05:59,29.14,-0.01,12,34968,卖盘
1193,11:05:56,29.15,-0.05,24,69960,中性盘
1194,11:05:50,29.2,-0.02,3,8760,买盘
1195,11:05:44,29.22,--,20,58440,卖盘
1196,11:05:41,29.22,-0.01,1,2922,卖盘
1197,11:05:35,29.23,--,0,0,买盘
1198,11:05:29,29.23,--,10,29230,买盘
1199,11:05:20,29.23,0.1,8,23384,买盘
1200,11:05:14,29.13,-0.01,3,8739,卖盘
1201,11:05:11,29.14,0.01,19,55366,买盘
1202,11:05:05,29.13,-0.01,8,23304,卖盘
1203,11:04:59,29.14,--,13,37882,卖盘
1204,11:04:56,29.14,-0.07,1,2914,卖盘
1205,11:04:50,29.21,--,9,26289,买盘
1206,11:04:44,29.21,0.09,30,87630,买盘
1207,11:04:41,29.12,-0.08,10,29120,卖盘
1208,11:04:35,29.2,0.08,8,23360,买盘
1209,11:04:29,29.12,-0.09,1,2912,卖盘
1210,11:04:26,29.21,0.09,9,26289,买盘
1211,11:04:20,29.12,0.01,14,40768,买盘
1212,11:04:14,29.11,-0.1,106,308566,卖盘
1213,11:04:11,29.21,--,0,0,买盘
1214,11:04:05,29.21,--,9,26289,买盘
1215,11:03:50,29.21,0.1,12,35052,买盘
1216,11:03:44,29.11,--,22,64042,卖盘
1217,11:03:35,29.11,-0.03,72,209592,卖盘
1218,11:03:29,29.14,0.02,10,29140,买盘
1219,11:03:20,29.12,--,13,37856,买盘
1220,11:03:14,29.12,--,1,2912,买盘
1221,11:03:11,29.12,-0.11,45,131040,卖盘
1222,11:03:05,29.23,--,3,8769,买盘
1223,11:02:59,29.23,0.09,9,26307,买盘
1224,11:02:50,29.14,-0.09,11,32054,卖盘
1225,11:02:44,29.23,0.05,26,75998,中性盘
1226,11:02:40,29.18,--,0,0,卖盘
1227,11:02:35,29.18,-0.08,13,37934,中性盘
1228,11:02:25,29.26,-0.01,11,32186,买盘
1229,11:02:14,29.27,--,45,131715,买盘
1230,11:02:05,29.27,--,157,459539,买盘
1231,11:01:59,29.27,--,22,64394,买盘
1232,11:01:55,29.27,--,1,2927,卖盘
1233,11:01:50,29.27,--,14,40978,买盘
1234,11:01:44,29.27,0.01,99,289773,买盘
1235,11:01:40,29.26,--,19,55594,买盘
1236,11:01:35,29.26,0.02,3,8778,买盘
1237,11:01:29,29.24,-0.01,11,32164,卖盘
1238,11:01:25,29.25,-0.02,16,46800,卖盘
1239,11:01:20,29.27,--,20,58540,买盘
1240,11:01:14,29.27,--,23,67321,买盘
1241,11:01:10,29.27,-0.02,7,20489,卖盘
1242,11:01:05,29.29,0.02,18,52722,买盘
1243,11:00:59,29.27,--,10,29270,卖盘
1244,11:00:55,29.27,--,5,14635,卖盘
1245,11:00:50,29.27,0.02,4,11708,买盘
1246,11:00:44,29.25,-0.02,67,195975,卖盘
1247,11:00:40,29.27,0.02,3,8781,买盘
1248,11:00:35,29.25,-0.02,9,26325,卖盘
1249,11:00:29,29.27,0.01,11,32197,中性盘
1250,11:00:25,29.26,-0.03,393,1149918,卖盘
1251,11:00:20,29.29,0.01,12,35148,买盘
1252,11:00:14,29.28,0.01,10,29280,买盘
1253,11:00:10,29.27,--,0,0,买盘
1254,10:59:59,29.27,0.02,8,23416,买盘
1255,10:59:50,29.25,-0.03,13,38025,买盘
1256,10:59:44,29.28,--,9,26352,买盘
1257,10:59:40,29.28,-0.01,9,26352,买盘
1258,10:59:35,29.29,--,0,0,买盘
1259,10:59:29,29.29,0.03,28,82012,买盘
1260,10:59:25,29.26,-0.02,10,29260,卖盘
1261,10:59:20,29.28,0.02,4,11712,买盘
1262,10:59:14,29.26,0.01,13,38038,买盘
1263,10:59:10,29.25,-0.03,69,201825,卖盘
1264,10:59:05,29.28,--,3,8784,买盘
1265,10:58:55,29.28,--,28,81984,买盘
1266,10:58:50,29.28,-0.01,6,17568,卖盘
1267,10:58:44,29.29,0.03,12,35148,买盘
1268,10:58:40,29.26,-0.04,325,950950,卖盘
1269,10:58:35,29.3,--,8,23440,买盘
1270,10:58:29,29.3,0.02,7,20510,买盘
1271,10:58:23,29.28,--,48,140544,卖盘
1272,10:58:20,29.28,-0.01,123,360144,卖盘
1273,10:58:14,29.29,--,98,287042,买盘
1274,10:58:08,29.29,0.02,38,111302,买盘
1275,10:58:05,29.27,--,0,0,卖盘
1276,10:57:59,29.27,--,54,158058,卖盘
1277,10:57:53,29.27,-0.01,15,43905,卖盘
1278,10:57:50,29.28,0.01,8,23424,买盘
1279,10:57:44,29.27,0.01,4,11708,买盘
1280,10:57:38,29.26,0.01,10,29260,买盘
1281,10:57:35,29.25,0.01,38,111150,买盘
1282,10:57:29,29.24,--,38,111112,卖盘
1283,10:57:23,29.24,--,27,78948,买盘
1284,10:57:14,29.24,0.01,64,187136,中性盘
1285,10:57:08,29.23,--,5,14615,买盘
1286,10:57:05,29.23,0.01,9,26307,买盘
1287,10:56:59,29.22,--,2,5844,卖盘
1288,10:56:53,29.22,--,8,23376,买盘
1289,10:56:44,29.22,0.04,15,43830,买盘
1290,10:56:38,29.18,-0.02,4,11672,卖盘
1291,10:56:35,29.2,0.02,13,37960,买盘
1292,10:56:29,29.18,-0.02,11,32098,卖盘
1293,10:56:23,29.2,--,11,32120,买盘
1294,10:56:20,29.2,--,9,26280,买盘
1295,10:56:14,29.2,0.01,407,1188440,买盘
1296,10:56:08,29.19,-0.01,16,46704,中性盘
1297,10:55:59,29.2,0.02,9,26280,买盘
1298,10:55:44,29.18,-0.01,167,487306,卖盘
1299,10:55:38,29.19,0.01,8,23352,买盘
1300,10:55:29,29.18,-0.01,17,49606,卖盘
1301,10:55:23,29.19,--,12,35028,买盘
1302,10:55:14,29.19,0.01,8,23352,买盘
1303,10:55:08,29.18,-0.01,9,26262,卖盘
1304,10:55:04,29.19,0.01,9,26271,买盘
1305,10:54:59,29.18,--,26,75868,卖盘
1306,10:54:53,29.18,-0.01,18,52524,卖盘
1307,10:54:49,29.19,0.01,29,84651,买盘
1308,10:54:44,29.18,--,18,52524,卖盘
1309,10:54:38,29.18,0.01,23,67114,中性盘
1310,10:54:29,29.17,-0.01,25,72925,卖盘
1311,10:54:23,29.18,--,20,58360,买盘
1312,10:54:19,29.18,0.01,8,23344,买盘
1313,10:54:14,29.17,--,14,40838,卖盘
1314,10:54:08,29.17,-0.01,13,37921,卖盘
1315,10:53:59,29.18,0.01,9,26262,买盘
1316,10:53:53,29.17,-0.01,11,32087,卖盘
1317,10:53:44,29.18,--,16,46688,买盘
1318,10:53:34,29.18,0.01,9,26262,买盘
1319,10:53:29,29.17,0.01,5,14585,卖盘
1320,10:53:23,29.16,--,23,67068,卖盘
1321,10:53:14,29.16,--,14,40824,买盘
1322,10:53:08,29.16,0.02,10,29160,买盘
1323,10:53:04,29.14,-0.02,14,40796,卖盘
1324,10:52:59,29.16,0.02,30,87480,买盘
1325,10:52:53,29.14,-0.02,11,32054,卖盘
1326,10:52:49,29.16,--,0,0,买盘
1327,10:52:38,29.16,0.01,8,23328,买盘
1328,10:52:29,29.15,0.01,9,26235,买盘
1329,10:52:23,29.14,--,0,0,卖盘
1330,10:52:19,29.14,-0.01,10,29140,卖盘
1331,10:52:14,29.15,--,3,8745,买盘
1332,10:52:08,29.15,--,11,32065,卖盘
1333,10:52:04,29.15,-0.01,11,32065,中性盘
1334,10:51:53,29.16,0.02,9,26244,买盘
1335,10:51:49,29.14,0.01,10,29140,卖盘
1336,10:51:38,29.13,--,10,29130,卖盘
1337,10:51:34,29.13,-0.01,9,26217,卖盘
1338,10:51:29,29.14,--,1,2914,买盘
1339,10:51:23,29.14,--,20,58280,中性盘
1340,10:51:19,29.14,-0.01,109,317626,卖盘
1341,10:51:14,29.15,-0.02,10,29150,买盘
1342,10:51:04,29.17,0.02,8,23336,买盘
1343,10:50:59,29.15,-0.03,1,2915,买盘
1344,10:50:53,29.18,--,0,0,买盘
1345,10:50:47,29.18,--,27,78786,买盘
1346,10:50:44,29.18,0.03,1,2918,买盘
1347,10:50:38,29.15,--,12,34980,卖盘
1348,10:50:32,29.15,-0.04,5,14575,卖盘
1349,10:50:29,29.19,0.04,10,29190,买盘
1350,10:50:23,29.15,-0.01,4,11660,卖盘
1351,10:50:17,29.16,-0.02,19,55404,卖盘
1352,10:50:08,29.18,0.03,9,26262,买盘
1353,10:50:02,29.15,-0.03,2,5830,卖盘
1354,10:49:53,29.18,0.02,27,78786,买盘
1355,10:49:47,29.16,-0.02,1,2916,卖盘
1356,10:49:44,29.18,-0.01,11,32098,买盘
1357,10:49:38,29.19,0.02,67,195573,买盘
1358,10:49:32,29.17,0.01,9,26253,买盘
1359,10:49:29,29.16,-0.02,28,81648,卖盘
1360,10:49:23,29.18,0.02,12,35016,买盘
1361,10:49:17,29.16,-0.02,2,5832,卖盘
1362,10:49:14,29.18,--,9,26262,买盘
1363,10:49:08,29.18,0.02,9,26262,买盘
1364,10:49:02,29.16,-0.02,7,20412,卖盘
1365,10:48:59,29.18,0.02,20,58360,买盘
1366,10:48:53,29.16,-0.02,41,119556,卖盘
1367,10:48:47,29.18,0.01,32,93376,买盘
1368,10:48:43,29.17,-0.02,2,5834,中性盘
1369,10:48:38,29.19,0.01,31,90489,买盘
1370,10:48:32,29.18,-0.01,62,180916,卖盘
1371,10:48:28,29.19,--,13,37947,买盘
1372,10:48:23,29.19,--,19,55461,买盘
1373,10:48:17,29.19,--,49,143031,买盘
1374,10:48:13,29.19,--,2,5838,买盘
1375,10:48:08,29.19,--,165,481635,卖盘
1376,10:48:02,29.19,--,33,96327,卖盘
1377,10:47:53,29.19,-0.01,22,64218,卖盘
1378,10:47:47,29.2,0.01,8,23360,买盘
1379,10:47:43,29.19,0.01,8,23352,买盘
1380,10:47:38,29.18,-0.01,4,11672,卖盘
1381,10:47:32,29.19,0.01,8,23352,买盘
1382,10:47:28,29.18,0.01,39,113802,买盘
1383,10:47:23,29.17,-0.01,5,14585,卖盘
1384,10:47:17,29.18,0.01,17,49606,买盘
1385,10:47:13,29.17,-0.01,5,14585,中性盘
1386,10:47:08,29.18,0.03,8,23344,买盘
1387,10:47:02,29.15,-0.02,25,72875,卖盘
1388,10:46:58,29.17,--,9,26253,买盘
1389,10:46:53,29.17,--,34,99178,买盘
1390,10:46:47,29.17,0.02,12,35004,买盘
1391,10:46:43,29.15,-0.01,9,26235,买盘
1392,10:46:38,29.16,0.02,9,26244,买盘
1393,10:46:32,29.14,--,2,5828,卖盘
1394,10:46:23,29.14,0.02,123,358422,买盘
1395,10:46:17,29.12,-0.01,1,2912,卖盘
1396,10:46:13,29.13,0.01,8,23304,买盘
1397,10:46:08,29.12,-0.01,2,5824,卖盘
1398,10:46:02,29.13,-0.01,9,26217,中性盘
1399,10:45:53,29.14,--,8,23312,买盘
1400,10:45:43,29.14,-0.01,50,145700,卖盘
1401,10:45:38,29.15,--,13,37895,买盘
1402,10:45:32,29.15,0.01,15,43725,买盘
1403,10:45:28,29.14,--,1,2914,卖盘
1404,10:45:23,29.14,-0.04,1,2914,卖盘
1405,10:45:17,29.18,0.04,30,87540,买盘
1406,10:45:13,29.14,-0.01,16,46624,卖盘
1407,10:45:08,29.15,--,2,5830,卖盘
1408,10:45:02,29.15,0.01,47,137005,买盘
1409,10:44:58,29.14,--,121,352594,卖盘
1410,10:44:47,29.14,--,4,11656,卖盘
1411,10:44:43,29.14,--,3,8742,买盘
1412,10:44:38,29.14,-0.01,4,11656,中性盘
1413,10:44:32,29.15,--,65,189475,买盘
1414,10:44:28,29.15,0.01,275,801625,买盘
1415,10:44:17,29.14,--,2,5828,卖盘
1416,10:44:02,29.14,-0.01,18,52452,卖盘
1417,10:43:58,29.15,--,17,49555,买盘
1418,10:43:53,29.15,0.03,94,274010,买盘
1419,10:43:47,29.12,-0.02,35,101920,卖盘
1420,10:43:43,29.14,--,16,46624,买盘
1421,10:43:38,29.14,--,40,116560,买盘
1422,10:43:32,29.14,0.02,94,273916,买盘
1423,10:43:28,29.12,-0.01,43,125216,卖盘
1424,10:43:17,29.13,0.02,11,32043,买盘
1425,10:43:13,29.11,-0.01,139,404629,卖盘
1426,10:43:08,29.12,0.01,2,5824,买盘
1427,10:43:02,29.11,--,2,5822,卖盘
1428,10:42:58,29.11,0.01,45,130995,买盘
1429,10:42:53,29.1,--,10,29100,卖盘
1430,10:42:47,29.1,-0.01,2,5820,卖盘
1431,10:42:43,29.11,0.02,12,34932,买盘
1432,10:42:38,29.09,-0.01,10,29090,卖盘
1433,10:42:28,29.1,--,15,43650,卖盘
1434,10:42:23,29.1,-0.01,2,5820,卖盘
1435,10:42:17,29.11,0.01,4,11644,买盘
1436,10:42:11,29.1,--,18,52380,买盘
1437,10:42:08,29.1,--,1,2910,买盘
1438,10:42:02,29.1,--,20,58200,买盘
1439,10:41:56,29.1,--,0,0,买盘
1440,10:41:47,29.1,0.08,9,26190,买盘
1441,10:41:41,29.02,-0.08,3,8706,卖盘
1442,10:41:38,29.1,--,0,0,买盘
1443,10:41:32,29.1,0.08,329,957390,买盘
1444,10:41:26,29.02,0.02,10,29020,买盘
1445,10:41:17,29.0,-0.02,2,5800,卖盘
1446,10:41:11,29.02,0.01,5,14510,买盘
1447,10:41:08,29.01,0.01,3,8703,买盘
1448,10:41:02,29.0,--,10,29000,卖盘
1449,10:40:56,29.0,0.04,65,188500,买盘
1450,10:40:53,28.96,--,0,0,卖盘
1451,10:40:47,28.96,--,5,14480,卖盘
1452,10:40:41,28.96,0.01,15,43440,卖盘
1453,10:40:26,28.95,--,1,2895,买盘
1454,10:40:22,28.95,--,6,17370,买盘
1455,10:40:17,28.95,0.02,3,8685,买盘
1456,10:39:56,28.93,0.01,38,109934,买盘
1457,10:39:47,28.92,-0.01,73,211116,卖盘
1458,10:39:41,28.93,--,7,20251,买盘
1459,10:39:37,28.93,0.02,3,8679,买盘
1460,10:39:26,28.91,--,8,23128,卖盘
1461,10:39:22,28.91,-0.02,30,86730,卖盘
1462,10:39:17,28.93,0.02,11,31823,买盘
1463,10:39:11,28.91,--,1,2891,卖盘
1464,10:39:07,28.91,--,4,11564,卖盘
1465,10:39:02,28.91,--,1,2891,卖盘
1466,10:38:56,28.91,-0.02,2,5782,卖盘
1467,10:38:47,28.93,-0.02,26,75218,卖盘
1468,10:38:32,28.95,--,5,14475,卖盘
1469,10:38:26,28.95,0.01,72,208440,买盘
1470,10:38:22,28.94,0.01,11,31834,买盘
1471,10:38:17,28.93,-0.07,73,211189,卖盘
1472,10:38:02,29.0,--,4,11600,买盘
1473,10:37:47,29.0,--,0,0,买盘
1474,10:37:41,29.0,--,1,2900,卖盘
1475,10:37:37,29.0,--,4,11600,卖盘
1476,10:37:26,29.0,0.07,43,124700,买盘
1477,10:37:22,28.93,-0.07,4,11572,卖盘
1478,10:37:17,29.0,--,5,14500,买盘
1479,10:37:07,29.0,-0.01,6,17400,中性盘
1480,10:36:52,29.01,0.06,11,31911,买盘
1481,10:36:47,28.95,--,0,0,中性盘
1482,10:36:41,28.95,-0.06,57,165015,卖盘
1483,10:36:37,29.01,--,5,14505,买盘
1484,10:36:26,29.01,-0.01,12,34812,卖盘
1485,10:36:07,29.02,--,3,8706,卖盘
1486,10:35:56,29.02,-0.01,1,2902,卖盘
1487,10:35:52,29.03,--,3,8709,中性盘
1488,10:35:41,29.03,-0.01,9,26127,卖盘
1489,10:35:37,29.04,-0.01,1,2904,中性盘
1490,10:35:32,29.05,--,8,23240,买盘
1491,10:35:26,29.05,0.02,9,26145,买盘
1492,10:35:22,29.03,-0.02,8,23224,卖盘
1493,10:35:17,29.05,0.01,18,52290,买盘
1494,10:35:11,29.04,--,5,14520,买盘
1495,10:35:07,29.04,0.01,1,2904,买盘
1496,10:35:02,29.03,-0.01,19,55157,卖盘
1497,10:34:56,29.04,-0.02,31,90024,卖盘
1498,10:34:41,29.06,0.01,13,37778,买盘
1499,10:34:37,29.05,--,11,31955,卖盘
1500,10:34:26,29.05,--,21,61005,卖盘
1501,10:34:22,29.05,-0.02,5,14525,卖盘
1502,10:34:17,29.07,0.02,55,159885,买盘
1503,10:34:11,29.05,--,40,116200,买盘
1504,10:34:07,29.05,-0.01,16,46480,买盘
1505,10:34:01,29.06,--,10,29060,买盘
1506,10:33:56,29.06,--,26,75556,买盘
1507,10:33:50,29.06,0.01,9,26154,买盘
1508,10:33:46,29.05,--,5,14525,卖盘
1509,10:33:35,29.05,-0.01,7,20335,卖盘
1510,10:33:31,29.06,--,13,37778,买盘
1511,10:33:26,29.06,0.02,82,238292,买盘
1512,10:33:20,29.04,--,22,63888,买盘
1513,10:33:16,29.04,--,2,5808,买盘
1514,10:33:11,29.04,--,10,29040,买盘
1515,10:33:05,29.04,0.04,5,14520,买盘
1516,10:33:01,29.0,--,4,11600,买盘
1517,10:32:56,29.0,--,9,26100,买盘
1518,10:32:50,29.0,0.01,33,98339,买盘
1519,10:32:46,28.99,--,4,11596,买盘
1520,10:32:41,28.99,0.01,4,11596,买盘
1521,10:32:35,28.98,--,15,43470,买盘
1522,10:32:31,28.98,--,8,23184,买盘
1523,10:32:26,28.98,--,2,5796,买盘
1524,10:32:20,28.98,-0.01,58,168084,卖盘
1525,10:32:11,28.99,--,7,20293,买盘
1526,10:32:05,28.99,--,24,69576,买盘
1527,10:31:56,28.99,-0.06,111,321789,卖盘
1528,10:31:50,29.05,0.01,4,11620,中性盘
1529,10:31:46,29.04,-0.01,13,37752,卖盘
1530,10:31:41,29.05,0.04,8,23240,买盘
1531,10:31:35,29.01,-0.03,48,139248,卖盘
1532,10:31:31,29.04,--,14,40656,买盘
1533,10:31:26,29.04,--,12,34848,买盘
1534,10:31:20,29.04,-0.03,44,127776,卖盘
1535,10:31:16,29.07,0.02,7,20349,买盘
1536,10:31:11,29.05,-0.01,32,92960,中性盘
1537,10:31:05,29.06,--,28,81368,买盘
1538,10:31:01,29.06,--,12,34872,买盘
1539,10:30:56,29.06,-0.01,6,17436,中性盘
1540,10:30:50,29.07,--,31,90117,买盘
1541,10:30:46,29.07,--,1,2907,买盘
1542,10:30:41,29.07,--,18,52326,买盘
1543,10:30:35,29.07,--,10,29070,买盘
1544,10:30:30,29.07,-0.01,5,14535,买盘
1545,10:30:26,29.08,0.05,22,63975,买盘
1546,10:30:20,29.03,-0.05,3,8709,卖盘
1547,10:30:16,29.08,--,27,78516,买盘
1548,10:30:11,29.08,--,3,8724,买盘
1549,10:30:05,29.08,-0.01,67,194836,中性盘
1550,10:30:01,29.09,0.01,98,285082,买盘
1551,10:29:56,29.08,-0.01,4,11632,卖盘
1552,10:29:50,29.09,0.04,128,372352,买盘
1553,10:29:46,29.05,-0.04,87,252735,卖盘
1554,10:29:41,29.09,--,90,261810,买盘
1555,10:29:35,29.09,0.01,95,276355,买盘
1556,10:29:31,29.08,-0.02,145,421660,卖盘
1557,10:29:26,29.1,--,52,151320,买盘
1558,10:29:20,29.1,--,43,125130,买盘
1559,10:29:16,29.1,--,63,183330,中性盘
1560,10:29:11,29.1,-0.01,2,5820,卖盘
1561,10:29:05,29.11,-0.01,21,61131,中性盘
1562,10:29:01,29.12,0.02,35,101920,买盘
1563,10:28:56,29.1,-0.01,7,20370,买盘
1564,10:28:50,29.11,--,15,43665,卖盘
1565,10:28:46,29.11,0.03,47,136817,买盘
1566,10:28:41,29.08,0.03,9,26172,买盘
1567,10:28:35,29.05,-0.05,93,270165,卖盘
1568,10:28:31,29.1,0.05,10,29100,买盘
1569,10:28:26,29.05,-0.05,10,29050,卖盘
1570,10:28:20,29.1,0.05,32,93120,买盘
1571,10:28:16,29.05,--,17,49385,买盘
1572,10:28:11,29.05,0.02,5,14525,买盘
1573,10:28:05,29.03,0.01,7,20321,买盘
1574,10:28:00,29.02,0.02,24,69648,买盘
1575,10:27:56,29.0,0.02,95,275500,买盘
1576,10:27:50,28.98,--,53,153594,买盘
1577,10:27:45,28.98,--,126,365148,买盘
1578,10:27:41,28.98,--,5,14490,买盘
1579,10:27:35,28.98,--,27,78246,买盘
1580,10:27:31,28.98,0.02,12,34776,买盘
1581,10:27:26,28.96,--,10,28960,卖盘
1582,10:27:20,28.96,0.01,21,60816,买盘
1583,10:27:16,28.95,0.02,45,130275,买盘
1584,10:27:05,28.93,0.03,17,49181,买盘
1585,10:27:00,28.9,--,45,130050,买盘
1586,10:26:56,28.9,--,73,210970,买盘
1587,10:26:50,28.9,--,50,144500,买盘
1588,10:26:46,28.9,--,72,208080,买盘
1589,10:26:41,28.9,--,56,161840,买盘
1590,10:26:35,28.9,--,78,225420,买盘
1591,10:26:25,28.9,--,23,66470,买盘
1592,10:26:20,28.9,0.02,12,34680,买盘
1593,10:26:15,28.88,--,64,184832,买盘
1594,10:26:11,28.88,--,23,66424,买盘
1595,10:26:05,28.88,--,105,303240,买盘
1596,10:26:00,28.88,--,75,216600,买盘
1597,10:25:55,28.88,--,36,103968,买盘
1598,10:25:50,28.88,0.01,41,118408,买盘
1599,10:25:44,28.87,-0.01,16,46192,卖盘
1600,10:25:40,28.88,--,42,121296,买盘
1601,10:25:35,28.88,0.01,21,60648,买盘
1602,10:25:30,28.87,--,14,40418,买盘
1603,10:25:25,28.87,0.02,9,25983,卖盘
1604,10:25:20,28.85,-0.02,21,60585,卖盘
1605,10:25:14,28.87,0.02,17,50522,买盘
1606,10:25:05,28.85,-0.02,3,8655,卖盘
1607,10:25:00,28.87,0.06,36,103932,买盘
1608,10:24:50,28.81,-0.04,6,17286,卖盘
1609,10:24:44,28.85,0.04,31,89435,买盘
1610,10:24:40,28.81,--,26,74906,买盘
1611,10:24:35,28.81,0.02,8,23048,买盘
1612,10:24:25,28.79,0.01,1,2879,中性盘
1613,10:24:20,28.78,-0.01,86,247508,卖盘
1614,10:24:14,28.79,0.01,6,17274,买盘
1615,10:24:05,28.78,-0.01,5,14390,卖盘
1616,10:23:59,28.79,0.01,12,34548,买盘
1617,10:23:55,28.78,--,1,2878,卖盘
1618,10:23:50,28.78,--,10,28780,买盘
1619,10:23:35,28.78,--,12,34536,买盘
1620,10:23:29,28.78,--,11,31658,卖盘
1621,10:23:20,28.78,--,2,5756,卖盘
1622,10:23:14,28.78,--,17,48926,买盘
1623,10:23:10,28.78,0.04,32,92096,买盘
1624,10:23:05,28.74,0.01,2,5748,中性盘
1625,10:22:59,28.73,-0.01,40,114920,卖盘
1626,10:22:54,28.74,0.01,3,8622,买盘
1627,10:22:50,28.73,--,3,8619,卖盘
1628,10:22:44,28.73,-0.01,1,2873,卖盘
1629,10:22:39,28.74,0.01,7,20118,卖盘
1630,10:22:35,28.73,--,0,0,卖盘
1631,10:22:29,28.73,-0.01,5,14365,卖盘
1632,10:22:24,28.74,-0.01,12,34488,卖盘
1633,10:22:14,28.75,-0.02,13,37375,卖盘
1634,10:22:09,28.77,--,21,60417,买盘
1635,10:21:50,28.77,0.03,14,40278,中性盘
1636,10:21:44,28.74,--,9,25866,卖盘
1637,10:21:39,28.74,--,0,0,中性盘
1638,10:21:35,28.74,--,0,0,中性盘
1639,10:21:29,28.74,0.01,16,45984,买盘
1640,10:21:24,28.73,--,5,14365,卖盘
1641,10:21:20,28.73,0.01,19,54587,买盘
1642,10:21:09,28.72,--,2,5744,卖盘
1643,10:20:59,28.72,0.02,1,2872,买盘
1644,10:20:44,28.7,--,3,8610,买盘
1645,10:20:39,28.7,--,4,11480,卖盘
1646,10:20:29,28.7,0.02,1,2870,买盘
1647,10:20:24,28.68,-0.05,2,5736,卖盘
1648,10:20:14,28.73,--,11,31603,买盘
1649,10:20:09,28.73,0.05,12,34476,买盘
1650,10:20:05,28.68,-0.04,10,28680,卖盘
1651,10:19:59,28.72,-0.01,10,28720,买盘
1652,10:19:54,28.73,-0.01,10,28730,卖盘
1653,10:19:50,28.74,--,0,0,买盘
1654,10:19:44,28.74,0.02,3,8622,买盘
1655,10:19:35,28.72,0.05,3,8616,买盘
1656,10:19:29,28.67,-0.03,7,20069,卖盘
1657,10:19:24,28.7,--,3,8610,卖盘
1658,10:19:14,28.7,-0.02,11,31570,卖盘
1659,10:18:59,28.72,--,8,22976,买盘
1660,10:18:54,28.72,-0.02,21,60312,卖盘
1661,10:18:50,28.74,0.01,5,14370,买盘
1662,10:18:44,28.73,0.01,20,57460,买盘
1663,10:18:35,28.72,--,0,0,卖盘
1664,10:18:29,28.72,-0.01,3,8616,买盘
1665,10:18:24,28.73,0.03,10,28730,买盘
1666,10:18:19,28.7,-0.02,2,5740,买盘
1667,10:18:14,28.72,0.03,26,74672,买盘
1668,10:18:09,28.69,-0.01,30,86070,卖盘
1669,10:17:59,28.7,--,0,0,中性盘
1670,10:17:54,28.7,--,3,8610,买盘
1671,10:17:44,28.7,--,9,25830,卖盘
1672,10:17:29,28.7,0.01,2,5740,买盘
1673,10:17:24,28.69,--,29,83201,买盘
1674,10:17:19,28.69,--,30,86070,买盘
1675,10:17:09,28.69,0.04,5,14345,买盘
1676,10:16:59,28.65,--,5,14325,买盘
1677,10:16:54,28.65,0.05,72,206280,买盘
1678,10:16:44,28.6,0.02,5,14300,买盘
1679,10:16:38,28.58,-0.01,22,62875,卖盘
1680,10:16:34,28.59,--,5,14295,买盘
1681,10:16:29,28.59,0.01,57,162963,买盘
1682,10:16:23,28.58,--,6,17148,买盘
1683,10:16:19,28.58,0.01,4,11432,买盘
1684,10:16:08,28.57,0.07,4,11428,买盘
1685,10:15:59,28.5,-0.02,71,202350,卖盘
1686,10:15:53,28.52,--,5,14260,买盘
1687,10:15:49,28.52,--,50,142600,卖盘
1688,10:15:38,28.52,-0.02,16,45632,卖盘
1689,10:15:34,28.54,0.02,2,5708,买盘
1690,10:15:29,28.52,0.02,3,8556,买盘
1691,10:15:23,28.5,-0.02,37,105450,卖盘
1692,10:15:19,28.52,--,5,14260,买盘
1693,10:15:08,28.52,--,5,14260,买盘
1694,10:14:59,28.52,-0.02,1,2852,卖盘
1695,10:14:53,28.54,--,18,51372,卖盘
1696,10:14:48,28.54,0.02,8,22832,卖盘
1697,10:14:44,28.52,-0.04,16,45632,卖盘
1698,10:14:38,28.56,0.02,32,91392,买盘
1699,10:14:33,28.54,--,0,0,买盘
1700,10:14:29,28.54,--,7,19978,买盘
1701,10:14:23,28.54,0.02,2,5708,买盘
1702,10:14:18,28.52,-0.04,27,77004,卖盘
1703,10:14:08,28.56,0.01,18,51408,买盘
1704,10:14:03,28.55,--,4,11420,卖盘
1705,10:13:59,28.55,-0.02,7,19985,卖盘
1706,10:13:53,28.57,0.01,5,14285,买盘
1707,10:13:38,28.56,-0.01,4,11424,卖盘
1708,10:13:33,28.57,-0.01,10,28570,中性盘
1709,10:13:29,28.58,--,29,82882,买盘
1710,10:13:23,28.58,-0.01,17,48586,卖盘
1711,10:13:18,28.59,--,4,11436,买盘
1712,10:13:08,28.59,--,16,45744,卖盘
1713,10:13:03,28.59,-0.01,2,5718,卖盘
1714,10:12:53,28.6,--,6,17160,买盘
1715,10:12:48,28.6,-0.05,14,40040,卖盘
1716,10:12:43,28.65,0.05,6,17190,买盘
1717,10:12:38,28.6,-0.01,20,57200,卖盘
1718,10:12:33,28.61,-0.03,4,11444,卖盘
1719,10:12:29,28.64,--,0,0,中性盘
1720,10:12:23,28.64,--,0,0,买盘
1721,10:12:13,28.64,--,5,14320,卖盘
1722,10:12:08,28.64,-0.05,5,14320,卖盘
1723,10:12:03,28.69,--,0,0,买盘
1724,10:11:53,28.69,--,12,34428,买盘
1725,10:11:48,28.69,-0.01,2,5738,卖盘
1726,10:11:43,28.7,--,4,11480,买盘
1727,10:11:33,28.7,--,15,43050,卖盘
1728,10:11:28,28.7,--,5,14350,卖盘
1729,10:11:23,28.7,-0.01,8,22960,卖盘
1730,10:11:13,28.71,0.01,10,28710,买盘
1731,10:11:08,28.7,-0.02,24,68880,卖盘
1732,10:11:03,28.72,-0.01,6,17232,卖盘
1733,10:10:58,28.73,--,10,28730,买盘
1734,10:10:53,28.73,-0.03,32,91936,卖盘
1735,10:10:48,28.76,--,0,0,中性盘
1736,10:10:38,28.76,--,16,46016,买盘
1737,10:10:33,28.76,-0.02,13,37388,卖盘
1738,10:10:28,28.78,0.02,9,25902,卖盘
1739,10:10:23,28.76,-0.03,5,14380,卖盘
1740,10:10:18,28.79,0.01,9,25911,买盘
1741,10:10:13,28.78,--,67,192826,买盘
1742,10:10:08,28.78,0.02,26,74828,买盘
1743,10:10:03,28.76,-0.02,1,2876,卖盘
1744,10:09:58,28.78,--,10,28780,买盘
1745,10:09:53,28.78,-0.01,1,2878,卖盘
1746,10:09:47,28.79,--,5,14395,买盘
1747,10:09:38,28.79,--,50,143950,买盘
1748,10:09:32,28.79,0.02,2,5758,买盘
1749,10:09:28,28.77,--,3,8631,买盘
1750,10:09:23,28.77,--,37,106449,买盘
1751,10:09:17,28.77,--,62,178374,卖盘
1752,10:09:13,28.77,--,10,28770,卖盘
1753,10:09:08,28.77,--,10,28770,卖盘
1754,10:09:02,28.77,--,16,46032,卖盘
1755,10:08:53,28.77,0.07,19,54663,买盘
1756,10:08:47,28.7,--,2,5740,卖盘
1757,10:08:43,28.7,-0.07,18,51660,卖盘
1758,10:08:38,28.77,--,10,28770,买盘
1759,10:08:32,28.77,-0.03,1,2877,卖盘
1760,10:08:28,28.8,0.03,25,72000,买盘
1761,10:08:17,28.77,-0.01,52,149604,卖盘
1762,10:08:13,28.78,--,7,20146,卖盘
1763,10:08:08,28.78,-0.01,11,31658,卖盘
1764,10:08:02,28.79,-0.01,2,5758,卖盘
1765,10:07:53,28.8,-0.01,4,11520,卖盘
1766,10:07:47,28.81,--,43,123883,买盘
1767,10:07:42,28.81,--,3,8643,买盘
1768,10:07:38,28.81,--,27,77787,卖盘
1769,10:07:32,28.81,--,8,23048,卖盘
1770,10:07:27,28.81,-0.05,5,14405,卖盘
1771,10:07:23,28.86,--,2,5772,买盘
1772,10:07:17,28.86,--,4,11544,买盘
1773,10:07:12,28.86,--,4,11544,买盘
1774,10:07:08,28.86,--,13,37518,买盘
1775,10:07:02,28.86,-0.02,129,373737,卖盘
1776,10:06:57,28.88,--,21,60648,买盘
1777,10:06:53,28.88,--,2,5776,买盘
1778,10:06:47,28.88,-0.01,9,25992,买盘
1779,10:06:42,28.89,-0.01,136,394348,中性盘
1780,10:06:38,28.9,0.02,42,121380,买盘
1781,10:06:32,28.88,-0.01,17,49096,中性盘
1782,10:06:27,28.89,0.01,39,112671,买盘
1783,10:06:23,28.88,--,0,0,买盘
1784,10:06:17,28.88,-0.02,20,57760,中性盘
1785,10:06:12,28.9,0.04,37,106930,买盘
1786,10:06:08,28.86,--,4,11544,卖盘
1787,10:06:02,28.86,0.01,141,406926,中性盘
1788,10:05:57,28.85,-0.05,63,181755,卖盘
1789,10:05:53,28.9,--,11,31790,卖盘
1790,10:05:47,28.9,--,58,167620,卖盘
1791,10:05:42,28.9,0.05,94,271660,买盘
1792,10:05:32,28.85,--,39,112515,买盘
1793,10:05:17,28.85,-0.01,1,2885,买盘
1794,10:05:12,28.86,0.05,10,28860,买盘
1795,10:05:08,28.81,--,0,0,卖盘
1796,10:05:02,28.81,0.01,11,31691,卖盘
1797,10:04:57,28.8,--,11,31680,卖盘
1798,10:04:52,28.8,--,2,5760,卖盘
1799,10:04:47,28.8,--,43,124588,买盘
1800,10:04:42,28.8,0.01,42,120960,买盘
1801,10:04:37,28.79,-0.01,78,224562,卖盘
1802,10:04:32,28.8,0.01,229,659520,买盘
1803,10:04:27,28.79,-0.01,23,66217,卖盘
1804,10:04:22,28.8,--,12,34560,买盘
1805,10:04:17,28.8,--,204,587520,买盘
1806,10:04:12,28.8,--,20,57600,买盘
1807,10:04:07,28.8,--,0,0,买盘
1808,10:04:02,28.8,0.01,59,169920,买盘
1809,10:03:57,28.79,0.01,31,89249,买盘
1810,10:03:52,28.78,--,13,37414,买盘
1811,10:03:47,28.78,0.03,14,40292,买盘
1812,10:03:42,28.75,--,1,2875,卖盘
1813,10:03:37,28.75,--,1,2875,卖盘
1814,10:03:32,28.75,0.05,27,77625,买盘
1815,10:03:27,28.7,-0.02,20,57400,卖盘
1816,10:03:22,28.72,0.02,3,8616,买盘
1817,10:03:17,28.7,--,2,5740,卖盘
1818,10:03:12,28.7,0.01,32,91840,买盘
1819,10:03:07,28.69,0.1,35,100415,买盘
1820,10:02:57,28.59,-0.1,10,28590,卖盘
1821,10:02:52,28.69,--,6,17214,买盘
1822,10:02:47,28.69,0.1,3,8607,买盘
1823,10:02:42,28.59,0.01,10,28590,中性盘
1824,10:02:37,28.58,--,139,397262,卖盘
1825,10:02:22,28.58,--,1,2858,买盘
1826,10:02:17,28.58,0.01,8,22864,买盘
1827,10:02:07,28.57,--,1,2857,卖盘
1828,10:01:57,28.57,--,6,17142,买盘
1829,10:01:52,28.57,--,9,25713,买盘
1830,10:01:47,28.57,0.04,10,28570,买盘
1831,10:01:37,28.53,--,10,28530,卖盘
1832,10:01:32,28.53,0.01,10,28530,卖盘
1833,10:01:26,28.52,-0.01,4,11408,卖盘
1834,10:01:22,28.53,0.01,3,8559,卖盘
1835,10:01:17,28.52,--,0,0,卖盘
1836,10:01:12,28.52,--,36,102672,卖盘
1837,10:00:56,28.52,-0.01,2,5704,卖盘
1838,10:00:47,28.53,0.01,37,105561,买盘
1839,10:00:41,28.52,--,7,19964,买盘
1840,10:00:37,28.52,0.01,10,28520,买盘
1841,10:00:22,28.51,--,8,22808,卖盘
1842,10:00:11,28.51,-0.01,1,2851,卖盘
1843,10:00:07,28.52,0.01,7,19964,买盘
1844,10:00:02,28.51,-0.01,16,45616,卖盘
1845,09:59:51,28.52,--,10,28520,买盘
1846,09:59:47,28.52,0.01,2,5704,买盘
1847,09:59:41,28.51,-0.01,2,5702,中性盘
1848,09:59:26,28.52,0.02,1,2852,买盘
1849,09:59:11,28.5,-0.02,2,5700,卖盘
1850,09:59:06,28.52,0.02,10,28520,买盘
1851,09:59:02,28.5,--,1,2850,买盘
1852,09:58:56,28.5,-0.02,12,34200,卖盘
1853,09:58:51,28.52,0.02,10,28520,买盘
1854,09:58:47,28.5,-0.02,4,11400,卖盘
1855,09:58:41,28.52,0.02,9,25668,买盘
1856,09:58:36,28.5,--,0,0,卖盘
1857,09:58:31,28.5,--,2,5700,卖盘
1858,09:58:16,28.5,--,4,11400,买盘
1859,09:58:11,28.5,0.01,3,8550,中性盘
1860,09:58:06,28.49,-0.01,5,14245,卖盘
1861,09:57:56,28.5,--,19,54150,买盘
1862,09:57:51,28.5,0.01,16,45600,买盘
1863,09:57:46,28.49,-0.01,2,5698,卖盘
1864,09:57:41,28.5,--,1,2850,买盘
1865,09:57:26,28.5,--,18,51300,卖盘
1866,09:57:21,28.5,--,4,11400,卖盘
1867,09:56:56,28.5,-0.02,3,8550,卖盘
1868,09:56:51,28.52,0.04,9,25668,买盘
1869,09:56:41,28.48,--,4,11392,买盘
1870,09:56:36,28.48,-0.02,80,227840,卖盘
1871,09:56:31,28.5,--,1,2850,买盘
1872,09:56:26,28.5,--,15,42750,买盘
1873,09:56:11,28.5,0.02,10,28500,买盘
1874,09:56:06,28.48,0.01,35,99680,买盘
1875,09:56:01,28.47,--,1,2847,卖盘
1876,09:55:56,28.47,--,6,17082,卖盘
1877,09:55:46,28.47,-0.01,11,31317,卖盘
1878,09:55:41,28.48,0.01,16,45568,买盘
1879,09:55:36,28.47,--,9,25623,卖盘
1880,09:55:26,28.47,-0.01,4,11388,卖盘
1881,09:55:21,28.48,0.01,14,39872,买盘
1882,09:55:06,28.47,--,11,31317,卖盘
1883,09:54:56,28.47,0.04,130,370110,买盘
1884,09:54:46,28.43,--,4,11372,买盘
1885,09:54:41,28.43,--,4,11372,买盘
1886,09:54:36,28.43,--,32,90976,卖盘
1887,09:54:31,28.43,-0.01,33,93819,卖盘
1888,09:54:11,28.44,--,5,14220,买盘
1889,09:54:06,28.44,-0.01,92,261648,卖盘
1890,09:54:01,28.45,--,20,56900,买盘
1891,09:53:50,28.45,0.01,4,11380,买盘
1892,09:53:46,28.44,-0.01,5,14220,卖盘
1893,09:53:35,28.45,0.01,1,2845,买盘
1894,09:53:31,28.44,-0.02,18,51192,卖盘
1895,09:53:20,28.46,0.01,30,85380,买盘
1896,09:53:16,28.45,-0.01,11,31295,卖盘
1897,09:53:00,28.46,--,14,39844,卖盘
1898,09:52:50,28.46,--,8,22768,卖盘
1899,09:52:46,28.46,--,2,5692,卖盘
1900,09:52:41,28.46,--,1,2846,卖盘
1901,09:52:35,28.46,-0.01,1,2846,买盘
1902,09:52:25,28.47,--,0,0,买盘
1903,09:52:20,28.47,--,0,0,中性盘
1904,09:52:15,28.47,0.02,5,14235,买盘
1905,09:52:05,28.45,-0.03,8,22760,卖盘
1906,09:52:00,28.48,0.02,3,8544,卖盘
1907,09:51:50,28.46,--,26,73996,卖盘
1908,09:51:45,28.46,--,0,0,中性盘
1909,09:51:35,28.46,0.03,37,105302,买盘
1910,09:51:30,28.43,-0.02,4,11372,卖盘
1911,09:51:26,28.45,--,3,8535,卖盘
1912,09:51:20,28.45,0.04,108,307260,买盘
1913,09:51:10,28.41,--,0,0,中性盘
1914,09:51:05,28.41,0.01,5,14205,买盘
1915,09:51:00,28.4,--,6,17040,卖盘
1916,09:50:50,28.4,0.08,60,170400,买盘
1917,09:50:35,28.32,0.01,16,45312,买盘
1918,09:50:30,28.31,--,20,56620,卖盘
1919,09:50:25,28.31,--,13,36803,卖盘
1920,09:50:20,28.31,-0.01,5,14155,卖盘
1921,09:50:15,28.32,--,3,8496,买盘
1922,09:50:10,28.32,0.01,7,19824,买盘
1923,09:50:05,28.31,-0.01,6,16986,卖盘
1924,09:50:00,28.32,0.01,1,2832,买盘
1925,09:49:55,28.31,--,1,2831,卖盘
1926,09:49:50,28.31,--,36,101916,卖盘
1927,09:49:35,28.31,-0.01,6,16986,卖盘
1928,09:49:30,28.32,--,12,33984,卖盘
1929,09:49:25,28.32,--,95,269040,买盘
1930,09:49:20,28.32,--,11,31152,买盘
1931,09:49:15,28.32,--,11,31152,买盘
1932,09:49:10,28.32,--,11,31152,买盘
1933,09:49:05,28.32,-0.02,23,65136,卖盘
1934,09:48:55,28.34,0.03,3,8502,买盘
1935,09:48:45,28.31,--,0,0,卖盘
1936,09:48:35,28.31,--,5,14155,卖盘
1937,09:48:30,28.31,--,3,8493,卖盘
1938,09:48:25,28.31,--,6,16986,卖盘
1939,09:48:20,28.31,--,37,104747,卖盘
1940,09:48:15,28.31,--,14,39634,卖盘
1941,09:48:10,28.31,--,3,8493,卖盘
1942,09:48:05,28.31,0.13,325,920075,买盘
1943,09:47:55,28.18,-0.11,137,386066,卖盘
1944,09:47:50,28.29,0.09,35,99015,买盘
1945,09:47:45,28.2,--,3,8460,卖盘
1946,09:47:40,28.2,--,3,8460,卖盘
1947,09:47:30,28.2,-0.09,50,141000,卖盘
1948,09:47:25,28.29,0.02,12,33948,买盘
1949,09:47:15,28.27,--,0,0,买盘
1950,09:47:10,28.27,0.08,4,11308,买盘
1951,09:47:05,28.19,-0.01,5,14095,卖盘
1952,09:47:00,28.2,-0.11,11,31020,卖盘
1953,09:46:40,28.31,0.02,53,150043,买盘
1954,09:46:29,28.29,0.09,17,48093,卖盘
1955,09:46:25,28.2,-0.1,150,423000,卖盘
1956,09:46:14,28.3,--,20,56600,买盘
1957,09:46:10,28.3,-0.01,25,70750,卖盘
1958,09:45:55,28.31,--,9,25479,买盘
1959,09:45:50,28.31,-0.04,23,65113,卖盘
1960,09:45:44,28.35,0.04,1,2835,中性盘
1961,09:45:40,28.31,-0.05,15,42465,卖盘
1962,09:45:29,28.36,0.01,14,39704,买盘
1963,09:45:25,28.35,-0.01,2,5670,卖盘
1964,09:45:20,28.36,--,2,5672,买盘
1965,09:45:14,28.36,--,13,36868,卖盘
1966,09:45:10,28.36,--,25,70900,卖盘
1967,09:45:04,28.36,0.01,4,11344,买盘
1968,09:44:59,28.35,0.04,8,22680,卖盘
1969,09:44:44,28.31,0.01,5,14155,中性盘
1970,09:44:39,28.3,-0.04,6,16980,卖盘
1971,09:44:34,28.34,0.04,1,2834,中性盘
1972,09:44:29,28.3,--,4,11320,卖盘
1973,09:44:24,28.3,--,7,19810,买盘
1974,09:44:19,28.3,--,4,11320,买盘
1975,09:44:14,28.3,0.01,18,50940,买盘
1976,09:44:09,28.29,-0.01,21,59409,卖盘
1977,09:44:04,28.3,--,1,2830,买盘
1978,09:43:59,28.3,0.01,3,8490,买盘
1979,09:43:54,28.29,--,12,33948,卖盘
1980,09:43:49,28.29,--,10,28290,买盘
1981,09:43:44,28.29,0.01,12,33948,买盘
1982,09:43:39,28.28,0.08,7,19796,卖盘
1983,09:43:34,28.2,-0.08,255,719523,卖盘
1984,09:43:29,28.28,0.06,21,59388,买盘
1985,09:43:24,28.22,-0.04,9,25398,卖盘
1986,09:43:09,28.26,--,0,0,中性盘
1987,09:43:04,28.26,0.05,5,14130,买盘
1988,09:42:59,28.21,0.01,51,143871,买盘
1989,09:42:54,28.2,--,20,56400,卖盘
1990,09:42:49,28.2,--,50,141000,买盘
1991,09:42:44,28.2,--,27,76140,买盘
1992,09:42:39,28.2,--,20,56400,买盘
1993,09:42:34,28.2,--,7,19740,买盘
1994,09:42:29,28.2,0.04,1,2820,卖盘
1995,09:42:24,28.16,--,4,11264,卖盘
1996,09:42:19,28.16,-0.04,10,28160,卖盘
1997,09:42:14,28.2,--,2,5640,买盘
1998,09:42:09,28.2,0.04,65,183300,买盘
1999,09:42:04,28.16,-0.04,3,8448,卖盘
2000,09:41:59,28.2,0.04,21,59220,买盘
2001,09:41:54,28.16,-0.04,6,16896,卖盘
2002,09:41:49,28.2,--,56,157920,买盘
2003,09:41:44,28.2,--,7,19740,买盘
2004,09:41:39,28.2,--,52,146640,买盘
2005,09:41:29,28.2,0.05,15,42300,卖盘
2006,09:41:24,28.15,-0.07,73,205495,卖盘
2007,09:41:19,28.22,0.02,18,50796,买盘
2008,09:41:13,28.2,-0.01,6,16920,卖盘
2009,09:41:09,28.21,-0.01,81,228501,卖盘
2010,09:41:04,28.22,0.01,62,174964,买盘
2011,09:40:58,28.21,--,55,155155,买盘
2012,09:40:54,28.21,-0.01,42,118482,卖盘
2013,09:40:49,28.22,--,32,90304,买盘
2014,09:40:44,28.22,--,10,28220,买盘
2015,09:40:39,28.22,--,20,56440,买盘
2016,09:40:34,28.22,--,79,222938,中性盘
2017,09:40:29,28.22,--,21,59262,卖盘
2018,09:40:24,28.22,-0.03,81,228582,卖盘
2019,09:40:19,28.25,0.03,30,84750,买盘
2020,09:40:14,28.22,--,42,118524,卖盘
2021,09:40:09,28.22,0.01,104,293488,中性盘
2022,09:40:04,28.21,-0.01,40,112840,卖盘
2023,09:39:59,28.22,0.01,34,95948,买盘
2024,09:39:54,28.21,--,71,200291,卖盘
2025,09:39:48,28.21,-0.01,134,378014,卖盘
2026,09:39:44,28.22,--,0,0,卖盘
2027,09:39:38,28.22,-0.06,63,177786,卖盘
2028,09:39:33,28.28,--,12,33936,卖盘
2029,09:39:29,28.28,-0.02,12,33936,卖盘
2030,09:39:18,28.3,--,6,16980,卖盘
2031,09:39:14,28.3,-0.04,20,56600,卖盘
2032,09:39:03,28.34,-0.04,14,39676,卖盘
2033,09:38:53,28.38,0.03,50,141900,中性盘
2034,09:38:48,28.35,-0.05,18,51030,卖盘
2035,09:38:44,28.4,--,0,0,买盘
2036,09:38:38,28.4,-0.01,32,90880,卖盘
2037,09:38:33,28.41,-0.02,17,48297,卖盘
2038,09:38:23,28.43,-0.02,13,36959,卖盘
2039,09:38:18,28.45,-0.03,12,34140,卖盘
2040,09:38:08,28.48,--,5,14240,买盘
2041,09:38:03,28.48,-0.02,21,59808,卖盘
2042,09:37:58,28.5,--,23,65550,卖盘
2043,09:37:53,28.5,--,27,76950,卖盘
2044,09:37:48,28.5,--,41,116850,卖盘
2045,09:37:43,28.5,--,10,28500,卖盘
2046,09:37:38,28.5,-0.01,31,88350,卖盘
2047,09:37:33,28.51,--,16,45616,卖盘
2048,09:37:23,28.51,--,61,173911,卖盘
2049,09:37:18,28.51,-0.02,29,82679,卖盘
2050,09:37:13,28.53,--,10,28530,买盘
2051,09:37:08,28.53,0.01,10,28530,买盘
2052,09:37:03,28.52,--,34,96968,中性盘
2053,09:36:58,28.52,-0.01,11,31372,买盘
2054,09:36:53,28.53,0.01,4,11412,买盘
2055,09:36:48,28.52,-0.01,9,25668,卖盘
2056,09:36:43,28.53,--,49,139797,卖盘
2057,09:36:38,28.53,-0.03,6,17118,卖盘
2058,09:36:33,28.56,0.04,4,11424,买盘
2059,09:36:23,28.52,--,13,37076,卖盘
2060,09:36:18,28.52,--,35,99820,卖盘
2061,09:36:08,28.52,--,24,68448,卖盘
2062,09:36:03,28.52,--,14,39928,卖盘
2063,09:35:53,28.52,-0.05,6,17112,卖盘
2064,09:35:43,28.57,0.04,5,14285,买盘
2065,09:35:38,28.53,-0.04,299,855158,卖盘
2066,09:35:33,28.57,-0.01,23,65711,卖盘
2067,09:35:28,28.58,0.01,2,5716,买盘
2068,09:35:23,28.57,--,1,2857,卖盘
2069,09:35:18,28.57,0.01,6,17142,卖盘
2070,09:35:13,28.56,--,0,0,卖盘
2071,09:35:08,28.56,--,8,22848,卖盘
2072,09:34:53,28.56,--,4,11424,卖盘
2073,09:34:48,28.56,--,82,234192,卖盘
2074,09:34:38,28.56,0.01,214,611184,买盘
2075,09:34:33,28.55,--,11,31405,卖盘
2076,09:34:28,28.55,-0.01,10,28550,卖盘
2077,09:34:22,28.56,--,15,42840,买盘
2078,09:34:18,28.56,--,2,5712,买盘
2079,09:34:13,28.56,--,6,17136,买盘
2080,09:34:07,28.56,--,119,339864,买盘
2081,09:34:03,28.56,--,19,54264,买盘
2082,09:33:58,28.56,--,20,57120,买盘
2083,09:33:52,28.56,--,1,2856,买盘
2084,09:33:48,28.56,-0.02,50,142800,买盘
2085,09:33:43,28.58,--,1,2858,买盘
2086,09:33:38,28.58,--,4,11432,买盘
2087,09:33:33,28.58,--,337,963146,买盘
2088,09:33:28,28.58,--,6,17148,买盘
2089,09:33:17,28.58,--,71,202918,买盘
2090,09:33:07,28.58,-0.02,16,45728,卖盘
2091,09:33:03,28.6,0.04,41,117260,买盘
2092,09:32:58,28.56,-0.04,110,314902,卖盘
2093,09:32:48,28.6,0.02,11,31460,买盘
2094,09:32:43,28.58,--,26,74308,卖盘
2095,09:32:37,28.58,-0.01,30,85740,卖盘
2096,09:32:33,28.59,0.01,5,14295,买盘
2097,09:32:28,28.58,--,16,45728,卖盘
2098,09:32:22,28.58,--,2,5716,卖盘
2099,09:32:18,28.58,--,4,11432,买盘
2100,09:32:12,28.58,0.01,10,28580,买盘
2101,09:32:07,28.57,--,1,2857,卖盘
2102,09:32:02,28.57,-0.01,14,39998,卖盘
2103,09:31:57,28.58,0.03,9,25722,买盘
2104,09:31:52,28.55,-0.02,24,68520,卖盘
2105,09:31:47,28.57,0.02,29,82853,买盘
2106,09:31:42,28.55,--,64,182720,卖盘
2107,09:31:37,28.55,-0.02,4,11420,卖盘
2108,09:31:32,28.57,0.01,39,111423,买盘
2109,09:31:27,28.56,--,4,11424,卖盘
2110,09:31:22,28.56,--,24,68544,卖盘
2111,09:31:17,28.56,--,45,128520,卖盘
2112,09:31:12,28.56,-0.01,16,45696,卖盘
2113,09:31:02,28.57,0.01,4,11428,买盘
2114,09:30:57,28.56,-0.02,1,2856,卖盘
2115,09:30:52,28.58,--,0,0,买盘
2116,09:30:47,28.58,-0.02,1,2858,卖盘
2117,09:30:32,28.6,-0.03,8,22880,卖盘
2118,09:30:27,28.63,0.05,3,8589,买盘
2119,09:30:22,28.58,-0.03,28,80024,卖盘
2120,09:30:17,28.61,-0.02,1,2861,中性盘
2121,09:30:11,28.63,--,3,8589,买盘
2122,09:30:07,28.63,--,118,337834,买盘
2123,09:30:02,28.63,-0.02,16,45808,卖盘
2124,09:28:45,28.65,--,0,0,买盘
2125,09:25:04,28.65,28.65,172,492780,买盘
