,time,price,change,volume,amount,type
0,15:00:00,5.28,--,0,0,卖盘
1,15:00:00,5.28,-0.01,0,0,卖盘
2,15:00:00,5.29,0.01,80,42320,买盘
3,14:59:57,5.28,--,2077,1096656,卖盘
4,14:59:52,5.28,--,320,168960,卖盘
5,14:59:46,5.28,--,30,15840,卖盘
6,14:59:42,5.28,--,100,52800,卖盘
7,14:59:37,5.28,-0.01,130,68640,卖盘
8,14:59:31,5.29,0.01,260,137540,买盘
9,14:59:27,5.28,--,158,83424,卖盘
10,14:59:16,5.28,-0.01,70,36960,卖盘
11,14:59:12,5.29,0.01,200,105800,买盘
12,14:59:07,5.28,--,931,491568,买盘
13,14:59:01,5.28,--,183,96624,买盘
14,14:58:57,5.28,--,215,113520,买盘
15,14:58:52,5.28,-0.01,213,112464,买盘
16,14:58:46,5.29,--,100,52900,买盘
17,14:58:42,5.29,0.01,219,115851,买盘
18,14:58:37,5.28,--,1883,994224,卖盘
19,14:58:31,5.28,--,9,4752,卖盘
20,14:58:27,5.28,-0.01,1176,620928,卖盘
21,14:58:22,5.29,0.01,203,107387,买盘
22,14:58:16,5.28,--,290,153120,卖盘
23,14:58:12,5.28,-0.01,188,99264,卖盘
24,14:58:07,5.29,0.01,280,148120,买盘
25,14:58:01,5.28,--,54,28512,卖盘
26,14:57:57,5.28,-0.01,87,45936,卖盘
27,14:57:52,5.29,--,62,32798,买盘
28,14:57:42,5.29,--,469,248101,买盘
29,14:57:37,5.29,--,305,161345,买盘
30,14:57:31,5.29,0.01,210,111090,买盘
31,14:57:27,5.28,-0.01,309,163152,卖盘
32,14:57:22,5.29,0.01,71,37559,买盘
33,14:57:12,5.28,--,147,77616,卖盘
34,14:57:07,5.28,-0.01,92,48576,卖盘
35,14:57:01,5.29,0.01,163,86227,买盘
36,14:56:57,5.28,--,10,5280,卖盘
37,14:56:52,5.28,--,349,184272,卖盘
38,14:56:46,5.28,--,180,95040,卖盘
39,14:56:42,5.28,--,1062,560736,卖盘
40,14:56:37,5.28,-0.01,830,438240,卖盘
41,14:56:31,5.29,0.01,211,111619,买盘
42,14:56:27,5.28,-0.01,3,1584,卖盘
43,14:56:22,5.29,--,169,89401,买盘
44,14:56:16,5.29,0.01,5,2645,买盘
45,14:56:12,5.28,--,40,21120,卖盘
46,14:56:07,5.28,--,242,127776,卖盘
47,14:55:57,5.28,--,62,32736,卖盘
48,14:55:52,5.28,-0.01,31,16368,卖盘
49,14:55:46,5.29,0.01,90,47610,买盘
50,14:55:42,5.28,--,165,87120,卖盘
51,14:55:37,5.28,--,264,139392,卖盘
52,14:55:31,5.28,--,19,10032,卖盘
53,14:55:27,5.28,-0.01,391,206448,卖盘
54,14:55:22,5.29,--,275,145475,买盘
55,14:55:16,5.29,--,80,42320,买盘
56,14:55:07,5.29,0.01,15,7935,买盘
57,14:55:01,5.28,-0.01,30,15840,卖盘
58,14:54:57,5.29,0.01,80,42320,买盘
59,14:54:52,5.28,--,20,10560,卖盘
60,14:54:46,5.28,--,193,101904,卖盘
61,14:54:40,5.28,-0.01,40,21120,卖盘
62,14:54:37,5.29,0.01,85,44965,买盘
63,14:54:25,5.28,-0.01,284,149952,卖盘
64,14:54:22,5.29,--,12,6348,买盘
65,14:54:16,5.29,--,6,3174,买盘
66,14:54:10,5.29,0.01,20,10580,买盘
67,14:54:06,5.28,-0.01,280,147840,卖盘
68,14:54:01,5.29,0.01,89,47081,买盘
69,14:53:55,5.28,--,12,6336,卖盘
70,14:53:51,5.28,--,20,10560,卖盘
71,14:53:46,5.28,--,10,5280,卖盘
72,14:53:40,5.28,0.01,106,55968,中性盘
73,14:53:36,5.27,-0.01,81,42687,卖盘
74,14:53:31,5.28,--,66,34848,买盘
75,14:53:25,5.28,--,20,10560,买盘
76,14:53:21,5.28,--,560,295680,卖盘
77,14:53:16,5.28,--,142,74976,买盘
78,14:53:10,5.28,--,175,92400,买盘
79,14:53:06,5.28,--,164,86592,买盘
80,14:53:01,5.28,--,246,129888,买盘
81,14:52:55,5.28,--,144,76032,买盘
82,14:52:51,5.28,--,55,29040,买盘
83,14:52:46,5.28,--,116,61248,买盘
84,14:52:40,5.28,--,85,44880,买盘
85,14:52:36,5.28,--,57,30096,买盘
86,14:52:31,5.28,--,93,49104,买盘
87,14:52:25,5.28,--,308,162624,买盘
88,14:52:21,5.28,0.01,758,400224,买盘
89,14:52:16,5.27,-0.01,128,67456,卖盘
90,14:52:10,5.28,--,797,420816,买盘
91,14:52:06,5.28,--,279,147312,买盘
92,14:52:01,5.28,--,240,126720,买盘
93,14:51:55,5.28,--,875,462000,买盘
94,14:51:51,5.28,0.01,188,99264,买盘
95,14:51:46,5.27,-0.01,92,48483,卖盘
96,14:51:40,5.28,--,327,172656,买盘
97,14:51:36,5.28,0.01,1381,729168,买盘
98,14:51:31,5.27,-0.01,165,86955,卖盘
99,14:51:25,5.28,--,110,58080,买盘
100,14:51:21,5.28,--,1759,928752,买盘
101,14:51:16,5.28,--,2835,1496880,买盘
102,14:51:10,5.28,0.01,1414,746592,买盘
103,14:51:06,5.27,-0.01,622,327794,卖盘
104,14:51:01,5.28,--,370,195360,买盘
105,14:50:55,5.28,0.01,3,1584,买盘
106,14:50:51,5.27,--,128,67456,卖盘
107,14:50:46,5.27,--,30,15809,卖盘
108,14:50:40,5.27,-0.01,12,6323,卖盘
109,14:50:36,5.28,--,260,137280,买盘
110,14:50:31,5.28,--,68,35904,买盘
111,14:50:25,5.28,0.01,2,1056,买盘
112,14:50:21,5.27,-0.01,486,256121,卖盘
113,14:50:16,5.28,--,1398,738144,买盘
114,14:50:10,5.28,--,174,91872,买盘
115,14:50:06,5.28,0.01,1450,765600,买盘
116,14:50:01,5.27,--,332,174964,卖盘
117,14:49:55,5.27,--,245,129114,卖盘
118,14:49:51,5.27,0.01,225,118574,买盘
119,14:49:46,5.26,-0.01,276,145176,卖盘
120,14:49:40,5.27,0.01,227,119628,买盘
121,14:49:36,5.26,-0.01,225,118350,卖盘
122,14:49:31,5.27,--,93,49010,买盘
123,14:49:25,5.27,--,9,4743,买盘
124,14:49:21,5.27,--,62,32673,买盘
125,14:49:16,5.27,--,463,244000,卖盘
126,14:49:10,5.27,--,349,183922,卖盘
127,14:49:06,5.27,-0.01,559,294593,卖盘
128,14:49:01,5.28,--,146,77088,买盘
129,14:48:55,5.28,0.01,1051,554928,买盘
130,14:48:51,5.27,-0.01,37,19499,卖盘
131,14:48:46,5.28,0.01,145,76560,买盘
132,14:48:40,5.27,-0.01,288,151776,卖盘
133,14:48:36,5.28,0.01,181,95568,买盘
134,14:48:31,5.27,--,269,141763,卖盘
135,14:48:25,5.27,-0.01,249,131223,卖盘
136,14:48:21,5.28,--,644,340032,买盘
137,14:48:16,5.28,0.01,557,294539,买盘
138,14:48:10,5.27,--,493,259810,卖盘
139,14:48:06,5.27,-0.01,116,61131,卖盘
140,14:48:01,5.28,0.01,362,191136,买盘
141,14:47:50,5.27,--,220,115939,卖盘
142,14:47:46,5.27,-0.01,123,64820,卖盘
143,14:47:40,5.28,--,218,115104,买盘
144,14:47:34,5.28,--,503,265584,买盘
145,14:47:31,5.28,--,7627,4027056,卖盘
146,14:47:25,5.28,-0.01,251,132528,卖盘
147,14:47:19,5.29,0.01,1041,550689,买盘
148,14:47:15,5.28,--,558,294624,卖盘
149,14:47:10,5.28,--,28,14784,卖盘
150,14:47:04,5.28,-0.01,241,127248,卖盘
151,14:47:00,5.29,0.01,1274,673946,买盘
152,14:46:55,5.28,--,457,241296,卖盘
153,14:46:49,5.28,--,40,21120,卖盘
154,14:46:45,5.28,--,1576,832128,卖盘
155,14:46:40,5.28,0.01,1639,865392,买盘
156,14:46:34,5.27,-0.01,903,475880,卖盘
157,14:46:30,5.28,0.01,36,19008,买盘
158,14:46:25,5.27,--,73,38471,卖盘
159,14:46:19,5.27,--,32,16864,卖盘
160,14:46:15,5.27,--,464,244527,卖盘
161,14:46:10,5.27,-0.01,2059,1085093,卖盘
162,14:46:04,5.28,-0.01,336,177408,卖盘
163,14:46:00,5.29,0.01,99,52371,买盘
164,14:45:55,5.28,0.01,3943,2081904,买盘
165,14:45:49,5.27,-0.01,186,98021,卖盘
166,14:45:45,5.28,0.01,210,110880,买盘
167,14:45:40,5.27,--,400,210799,卖盘
168,14:45:34,5.27,-0.01,165,86955,卖盘
169,14:45:30,5.28,0.01,380,200640,买盘
170,14:45:25,5.27,--,417,219758,卖盘
171,14:45:19,5.27,--,20,10540,卖盘
172,14:45:15,5.27,-0.01,40,21080,卖盘
173,14:45:10,5.28,0.01,1,528,买盘
174,14:45:04,5.27,-0.01,8,4216,卖盘
175,14:45:00,5.28,0.01,72,38016,买盘
176,14:44:55,5.27,--,256,134912,卖盘
177,14:44:49,5.27,-0.01,20,10540,卖盘
178,14:44:45,5.28,--,1,528,买盘
179,14:44:40,5.28,--,48,25344,买盘
180,14:44:30,5.28,0.01,183,96624,买盘
181,14:44:25,5.27,--,150,79050,卖盘
182,14:44:19,5.27,-0.01,32,16864,卖盘
183,14:44:15,5.28,0.01,10,5280,买盘
184,14:44:10,5.27,-0.01,122,64293,卖盘
185,14:44:04,5.28,--,24,12672,买盘
186,14:44:00,5.28,0.01,376,198528,买盘
187,14:43:55,5.27,-0.01,267,140709,卖盘
188,14:43:49,5.28,0.01,5,2640,买盘
189,14:43:45,5.27,-0.01,14,7377,卖盘
190,14:43:30,5.28,--,209,110352,买盘
191,14:43:25,5.28,--,85,44880,买盘
192,14:43:19,5.28,0.01,235,124080,买盘
193,14:43:15,5.27,-0.01,115,60604,卖盘
194,14:43:10,5.28,--,258,136224,买盘
195,14:43:04,5.28,--,315,166320,买盘
196,14:43:00,5.28,0.01,179,94512,买盘
197,14:42:55,5.27,--,21,11067,卖盘
198,14:42:49,5.27,-0.01,156,82212,卖盘
199,14:42:45,5.28,--,69,36432,买盘
200,14:42:40,5.28,--,140,73920,买盘
201,14:42:34,5.28,--,80,42240,买盘
202,14:42:30,5.28,--,64,33792,买盘
203,14:42:25,5.28,--,44,23232,买盘
204,14:42:19,5.28,0.01,40,21120,买盘
205,14:42:15,5.27,--,312,164424,卖盘
206,14:42:10,5.27,-0.01,87,45848,卖盘
207,14:42:04,5.28,--,8,4224,买盘
208,14:42:00,5.28,--,146,77088,买盘
209,14:41:55,5.28,0.01,45,23760,买盘
210,14:41:44,5.27,-0.01,727,383128,卖盘
211,14:41:40,5.28,0.01,536,283008,买盘
212,14:41:34,5.27,-0.01,210,110669,卖盘
213,14:41:29,5.28,0.01,187,98736,买盘
214,14:41:24,5.27,-0.01,50,26349,卖盘
215,14:41:19,5.28,--,4,2112,买盘
216,14:41:14,5.28,0.01,93,49104,买盘
217,14:41:04,5.27,-0.01,50,26349,卖盘
218,14:40:59,5.28,0.01,61,32208,买盘
219,14:40:54,5.27,-0.01,538,283526,卖盘
220,14:40:49,5.28,--,213,112464,卖盘
221,14:40:43,5.28,--,1126,594528,卖盘
222,14:40:39,5.28,--,1555,821040,卖盘
223,14:40:34,5.28,--,4424,2335872,卖盘
224,14:40:29,5.28,--,564,297792,卖盘
225,14:40:24,5.28,-0.01,452,238656,卖盘
226,14:40:19,5.29,0.01,2,1058,买盘
227,14:40:13,5.28,--,118,62304,卖盘
228,14:40:09,5.28,--,50,26400,卖盘
229,14:40:04,5.28,-0.01,199,105072,卖盘
230,14:39:54,5.29,0.01,85,44965,买盘
231,14:39:49,5.28,--,162,85536,卖盘
232,14:39:43,5.28,--,132,69696,卖盘
233,14:39:39,5.28,-0.01,111,58608,卖盘
234,14:39:34,5.29,0.01,106,56074,买盘
235,14:39:27,5.28,--,122,64416,卖盘
236,14:39:24,5.28,-0.01,115,60720,卖盘
237,14:39:18,5.29,--,214,113206,买盘
238,14:39:04,5.29,--,239,126431,买盘
239,14:38:58,5.29,0.01,5,2645,买盘
240,14:38:54,5.28,-0.01,632,333696,卖盘
241,14:38:49,5.29,-0.01,563,297827,卖盘
242,14:38:43,5.3,0.01,371,196630,买盘
243,14:38:39,5.29,--,274,144946,卖盘
244,14:38:34,5.29,--,415,219535,卖盘
245,14:38:28,5.29,-0.01,80,42320,卖盘
246,14:38:24,5.3,0.01,348,184440,买盘
247,14:38:19,5.29,--,511,270319,卖盘
248,14:38:13,5.29,--,654,345966,卖盘
249,14:38:09,5.29,--,946,500434,卖盘
250,14:38:04,5.29,--,765,404685,卖盘
251,14:37:58,5.29,--,551,291479,卖盘
252,14:37:54,5.29,0.01,758,400982,买盘
253,14:37:49,5.28,--,179,94512,卖盘
254,14:37:43,5.28,-0.01,118,62304,卖盘
255,14:37:39,5.29,--,45,23805,买盘
256,14:37:34,5.29,-0.01,426,225354,中性盘
257,14:37:24,5.3,--,1342,711260,买盘
258,14:37:19,5.3,0.01,521,276130,买盘
259,14:37:13,5.29,--,10,5290,卖盘
260,14:37:09,5.29,--,532,281428,买盘
261,14:37:04,5.29,0.01,262,138598,买盘
262,14:36:57,5.28,-0.01,653,344784,卖盘
263,14:36:54,5.29,--,2106,1114074,卖盘
264,14:36:49,5.29,--,114,60306,卖盘
265,14:36:43,5.29,--,349,184621,卖盘
266,14:36:39,5.29,0.01,4588,2427052,买盘
267,14:36:34,5.28,--,183,96624,卖盘
268,14:36:28,5.28,-0.01,12,6336,卖盘
269,14:36:23,5.29,0.01,219,115851,买盘
270,14:36:19,5.28,--,492,259776,卖盘
271,14:36:13,5.28,-0.01,4,2112,卖盘
272,14:36:08,5.29,--,2176,1151104,买盘
273,14:36:04,5.29,--,972,514188,卖盘
274,14:35:58,5.29,--,120,63480,卖盘
275,14:35:49,5.29,--,163,86227,卖盘
276,14:35:43,5.29,-0.01,59,31211,卖盘
277,14:35:38,5.3,0.01,550,291500,买盘
278,14:35:34,5.29,--,291,153939,卖盘
279,14:35:28,5.29,--,24,12696,卖盘
280,14:35:23,5.29,-0.01,84,44436,卖盘
281,14:35:18,5.3,--,31,16430,买盘
282,14:35:13,5.3,0.01,105,55650,买盘
283,14:35:08,5.29,--,606,320574,卖盘
284,14:35:03,5.29,--,116,61364,卖盘
285,14:34:57,5.29,-0.01,106,56074,卖盘
286,14:34:53,5.3,0.01,1,530,买盘
287,14:34:48,5.29,--,115,60835,卖盘
288,14:34:38,5.29,--,136,71944,卖盘
289,14:34:33,5.29,--,45,23805,卖盘
290,14:34:27,5.29,-0.01,117,61893,卖盘
291,14:34:23,5.3,--,4,2120,买盘
292,14:34:18,5.3,0.01,148,78440,买盘
293,14:34:12,5.29,--,220,116380,卖盘
294,14:34:08,5.29,-0.01,91,48139,卖盘
295,14:34:03,5.3,0.01,152,80560,买盘
296,14:33:53,5.29,-0.01,144,76176,卖盘
297,14:33:48,5.3,0.01,5,2650,买盘
298,14:33:43,5.29,--,155,81995,卖盘
299,14:33:37,5.29,-0.01,20,10580,卖盘
300,14:33:33,5.3,--,161,85330,买盘
301,14:33:18,5.3,0.01,255,135150,买盘
302,14:33:12,5.29,-0.01,370,195730,卖盘
303,14:33:03,5.3,0.01,48,25440,买盘
304,14:32:58,5.29,--,142,75118,卖盘
305,14:32:48,5.29,--,655,346495,卖盘
306,14:32:37,5.29,-0.01,123,65067,卖盘
307,14:32:33,5.3,--,37,19610,买盘
308,14:32:27,5.3,0.01,12,6360,买盘
309,14:32:21,5.29,--,107,56603,卖盘
310,14:32:18,5.29,--,12,6348,卖盘
311,14:32:13,5.29,--,121,64009,卖盘
312,14:32:03,5.29,--,413,218477,买盘
313,14:31:57,5.29,--,99,52371,买盘
314,14:31:51,5.29,0.01,50,26450,买盘
315,14:31:48,5.28,--,374,197472,卖盘
316,14:31:43,5.28,--,122,64416,卖盘
317,14:31:33,5.28,-0.01,188,99264,卖盘
318,14:31:28,5.29,0.01,42,22218,买盘
319,14:31:21,5.28,--,4,2112,卖盘
320,14:31:18,5.28,-0.01,109,57552,卖盘
321,14:31:13,5.29,0.01,220,116380,买盘
322,14:31:07,5.28,-0.01,123,64944,卖盘
323,14:31:03,5.29,--,627,331683,买盘
324,14:30:57,5.29,0.01,465,245985,买盘
325,14:30:48,5.28,-0.01,347,183216,卖盘
326,14:30:42,5.29,0.01,102,53958,中性盘
327,14:30:36,5.28,-0.02,12,6336,卖盘
328,14:30:33,5.3,--,268,142040,买盘
329,14:30:27,5.3,0.02,2,1060,买盘
330,14:30:22,5.28,-0.01,120,63360,卖盘
331,14:30:18,5.29,0.01,229,121141,中性盘
332,14:30:13,5.28,-0.02,131,69168,卖盘
333,14:30:03,5.3,0.02,158,83740,买盘
334,14:29:57,5.28,--,0,0,卖盘
335,14:29:48,5.28,--,173,91608,卖盘
336,14:29:42,5.28,-0.01,119,62832,卖盘
337,14:29:37,5.29,-0.01,48,25656,卖盘
338,14:29:32,5.3,0.01,537,284610,买盘
339,14:29:27,5.29,--,184,97336,卖盘
340,14:29:22,5.29,--,100,52900,卖盘
341,14:29:17,5.29,--,406,214774,卖盘
342,14:29:12,5.29,-0.01,22,11638,卖盘
343,14:29:06,5.3,--,123,65190,买盘
344,14:29:02,5.3,0.01,811,429830,买盘
345,14:28:58,5.29,--,251,132779,卖盘
346,14:28:52,5.29,--,27,14283,卖盘
347,14:28:47,5.29,--,24,12696,卖盘
348,14:28:42,5.29,--,606,320574,卖盘
349,14:28:37,5.29,--,108,57132,卖盘
350,14:28:32,5.29,--,70,37030,卖盘
351,14:28:21,5.29,-0.01,146,77234,卖盘
352,14:28:17,5.3,0.01,2,1060,买盘
353,14:28:12,5.29,-0.01,316,167164,卖盘
354,14:28:02,5.3,0.01,140,74200,买盘
355,14:27:57,5.29,--,41,21689,卖盘
356,14:27:51,5.29,--,415,219535,卖盘
357,14:27:47,5.29,--,60,31740,卖盘
358,14:27:42,5.29,--,682,360778,卖盘
359,14:27:36,5.29,-0.01,218,115322,卖盘
360,14:27:32,5.3,0.01,37,19610,买盘
361,14:27:27,5.29,--,676,357604,卖盘
362,14:27:21,5.29,--,51,26979,卖盘
363,14:27:17,5.29,--,271,143359,卖盘
364,14:27:12,5.29,--,1067,564443,卖盘
365,14:27:02,5.29,--,163,86227,卖盘
366,14:26:57,5.29,--,703,371887,卖盘
367,14:26:47,5.29,-0.01,123,65067,卖盘
368,14:26:42,5.3,--,1,530,买盘
369,14:26:36,5.3,0.01,2,1060,买盘
370,14:26:32,5.29,-0.01,254,134366,卖盘
371,14:26:27,5.3,0.01,305,161650,买盘
372,14:26:21,5.29,--,624,330096,卖盘
373,14:26:15,5.29,--,41,21689,卖盘
374,14:26:12,5.29,--,105,55545,卖盘
375,14:26:06,5.29,-0.01,124,65596,卖盘
376,14:26:00,5.3,0.01,143,75790,买盘
377,14:25:57,5.29,--,295,156055,卖盘
378,14:25:51,5.29,--,341,180389,卖盘
379,14:25:42,5.29,--,520,275080,卖盘
380,14:25:36,5.29,-0.01,620,327980,卖盘
381,14:25:30,5.3,0.01,354,187620,买盘
382,14:25:27,5.29,--,37,19573,卖盘
383,14:25:21,5.29,--,9,4761,卖盘
384,14:25:15,5.29,--,112,59248,卖盘
385,14:25:12,5.29,--,80,42320,卖盘
386,14:25:06,5.29,-0.01,125,66125,卖盘
387,14:25:00,5.3,0.01,35,18550,买盘
388,14:24:57,5.29,--,612,323748,卖盘
389,14:24:51,5.29,--,159,84111,卖盘
390,14:24:42,5.29,-0.01,129,68505,卖盘
391,14:24:36,5.3,--,10,5300,买盘
392,14:24:30,5.3,--,142,75260,买盘
393,14:24:27,5.3,0.01,115,60950,买盘
394,14:24:21,5.29,--,591,312639,卖盘
395,14:24:12,5.29,-0.01,117,61893,卖盘
396,14:24:06,5.3,0.01,37,19610,买盘
397,14:24:00,5.29,0.01,582,307878,买盘
398,14:23:57,5.28,--,839,442992,卖盘
399,14:23:51,5.28,-0.01,115,60720,卖盘
400,14:23:42,5.29,--,14,7406,卖盘
401,14:23:36,5.29,-0.01,139,73948,卖盘
402,14:23:30,5.3,0.01,35,18550,买盘
403,14:23:27,5.29,--,10,5290,卖盘
404,14:23:21,5.29,-0.01,4,2116,卖盘
405,14:23:12,5.3,0.01,269,142570,买盘
406,14:23:06,5.29,-0.01,8,4232,卖盘
407,14:23:00,5.3,0.01,298,157940,买盘
408,14:22:56,5.29,-0.01,201,106329,卖盘
409,14:22:51,5.3,0.01,52,27560,买盘
410,14:22:45,5.29,--,334,176686,卖盘
411,14:22:41,5.29,--,201,106329,卖盘
412,14:22:36,5.29,-0.01,175,92575,卖盘
413,14:22:30,5.3,0.01,96,50880,买盘
414,14:22:21,5.29,-0.01,1658,877082,卖盘
415,14:22:15,5.3,--,204,108120,买盘
416,14:22:06,5.3,--,593,314290,买盘
417,14:22:00,5.3,0.01,124,65720,买盘
418,14:21:51,5.29,--,340,180071,买盘
419,14:21:41,5.29,--,224,118496,买盘
420,14:21:36,5.29,--,547,289363,买盘
421,14:21:30,5.29,--,249,131721,买盘
422,14:21:21,5.29,--,526,278254,买盘
423,14:21:15,5.29,0.01,186,98394,买盘
424,14:21:11,5.28,-0.01,21,11088,卖盘
425,14:21:06,5.29,--,219,115851,买盘
426,14:21:00,5.29,--,401,212129,买盘
427,14:20:56,5.29,--,100,52900,买盘
428,14:20:51,5.29,--,736,389344,买盘
429,14:20:45,5.29,--,6,3174,买盘
430,14:20:41,5.29,0.01,74,39146,买盘
431,14:20:36,5.28,-0.01,86,45408,卖盘
432,14:20:30,5.29,0.01,1606,849574,买盘
433,14:20:26,5.28,-0.01,307,162096,卖盘
434,14:20:21,5.29,--,824,435896,买盘
435,14:20:15,5.29,--,125,66125,买盘
436,14:20:11,5.29,--,501,265029,买盘
437,14:20:06,5.29,--,744,393576,买盘
438,14:20:00,5.29,--,35,18515,买盘
439,14:19:56,5.29,--,226,119554,买盘
440,14:19:51,5.29,--,276,146004,买盘
441,14:19:45,5.29,--,34,17986,买盘
442,14:19:41,5.29,--,20,10580,买盘
443,14:19:36,5.29,--,303,160287,买盘
444,14:19:30,5.29,--,36,19044,买盘
445,14:19:26,5.29,--,308,162932,买盘
446,14:19:21,5.29,--,42,22218,买盘
447,14:19:15,5.29,--,1,529,买盘
448,14:19:11,5.29,0.01,420,222180,买盘
449,14:19:06,5.28,-0.01,252,133056,卖盘
450,14:19:00,5.29,0.01,2000,1058000,买盘
451,14:18:55,5.28,-0.01,194,102432,卖盘
452,14:18:51,5.29,0.01,144,76176,买盘
453,14:18:45,5.28,-0.01,176,92928,卖盘
454,14:18:39,5.29,--,5,2645,买盘
455,14:18:36,5.29,--,2751,1455279,卖盘
456,14:18:26,5.29,-0.01,183,96807,卖盘
457,14:18:21,5.3,0.01,1704,903120,买盘
458,14:18:15,5.29,--,1032,545928,卖盘
459,14:18:06,5.29,--,1210,640090,卖盘
460,14:18:00,5.29,-0.01,1217,643793,卖盘
461,14:17:51,5.3,0.01,1210,641300,买盘
462,14:17:45,5.29,--,206,108974,卖盘
463,14:17:39,5.29,--,20,10580,卖盘
464,14:17:36,5.29,--,65,34385,卖盘
465,14:17:30,5.29,--,185,97865,卖盘
466,14:17:09,5.29,--,50,26450,卖盘
467,14:17:06,5.29,-0.01,525,277725,卖盘
468,14:17:00,5.3,0.01,132,69960,买盘
469,14:16:54,5.29,--,20,10580,卖盘
470,14:16:51,5.29,-0.01,390,206310,卖盘
471,14:16:45,5.3,--,740,392200,买盘
472,14:16:39,5.3,--,1,530,买盘
473,14:16:36,5.3,--,1333,706490,买盘
474,14:16:20,5.3,0.02,566,299980,买盘
475,14:16:15,5.28,-0.01,1162,613536,卖盘
476,14:16:09,5.29,--,50,26450,卖盘
477,14:16:05,5.29,0.01,701,370829,买盘
478,14:16:00,5.28,-0.01,822,434016,卖盘
479,14:15:54,5.29,--,237,125373,买盘
480,14:15:50,5.29,--,351,185679,买盘
481,14:15:45,5.29,--,10,5290,买盘
482,14:15:39,5.29,--,101,53429,买盘
483,14:15:35,5.29,--,31,16399,买盘
484,14:15:30,5.29,--,277,146533,买盘
485,14:15:24,5.29,--,1401,741129,卖盘
486,14:15:20,5.29,--,786,415794,卖盘
487,14:15:15,5.29,-0.01,5,2645,卖盘
488,14:15:09,5.3,0.01,101,53530,买盘
489,14:15:05,5.29,--,930,491970,卖盘
490,14:15:00,5.29,-0.01,1239,655431,卖盘
491,14:14:54,5.3,0.01,446,236380,买盘
492,14:14:50,5.29,--,264,139656,卖盘
493,14:14:45,5.29,--,207,109503,中性盘
494,14:14:39,5.29,--,119,62951,卖盘
495,14:14:35,5.29,--,53,28037,卖盘
496,14:14:30,5.29,--,709,375061,卖盘
497,14:14:24,5.29,-0.01,558,295182,卖盘
498,14:14:20,5.3,--,755,400150,买盘
499,14:14:09,5.3,0.01,124,65720,买盘
500,14:14:05,5.29,-0.01,558,295182,卖盘
501,14:14:00,5.3,0.01,2903,1538590,买盘
502,14:13:54,5.29,--,134,70886,买盘
503,14:13:50,5.29,0.01,531,281311,买盘
504,14:13:45,5.28,-0.01,434,229152,卖盘
505,14:13:39,5.29,--,127,67183,买盘
506,14:13:35,5.29,0.01,286,151294,买盘
507,14:13:30,5.28,-0.01,422,222816,卖盘
508,14:13:20,5.29,0.01,878,464462,买盘
509,14:13:15,5.28,--,2123,1120944,卖盘
510,14:13:09,5.28,--,10,5280,卖盘
511,14:13:05,5.28,-0.01,860,454080,卖盘
512,14:13:00,5.29,--,1271,672359,买盘
513,14:12:54,5.29,--,310,163990,买盘
514,14:12:50,5.29,--,731,386699,买盘
515,14:12:45,5.29,--,278,147062,买盘
516,14:12:39,5.29,0.01,625,330625,买盘
517,14:12:35,5.28,-0.01,440,232320,卖盘
518,14:12:30,5.29,0.01,124,65596,买盘
519,14:12:24,5.28,-0.01,441,232848,卖盘
520,14:12:20,5.29,0.01,30,15870,买盘
521,14:12:15,5.28,-0.01,465,245520,卖盘
522,14:12:05,5.29,0.01,44,23276,买盘
523,14:12:00,5.28,--,908,479424,卖盘
524,14:11:45,5.28,-0.01,277,146256,卖盘
525,14:11:39,5.29,--,542,286718,买盘
526,14:11:33,5.29,--,35,18515,买盘
527,14:11:30,5.29,0.01,1082,572378,买盘
528,14:11:24,5.28,-0.01,199,105072,卖盘
529,14:11:18,5.29,0.01,3,1587,买盘
530,14:11:15,5.28,-0.01,464,244992,卖盘
531,14:11:09,5.29,0.01,582,307878,买盘
532,14:11:03,5.28,-0.01,289,152592,卖盘
533,14:11:00,5.29,0.01,3405,1801245,买盘
534,14:10:54,5.28,--,455,240240,卖盘
535,14:10:48,5.28,--,202,106656,卖盘
536,14:10:45,5.28,--,244,128832,卖盘
537,14:10:39,5.28,-0.01,1615,852720,卖盘
538,14:10:33,5.29,0.01,35,18515,买盘
539,14:10:30,5.28,-0.01,587,309936,卖盘
540,14:10:24,5.29,0.01,50,26450,买盘
541,14:10:18,5.28,-0.01,437,230736,卖盘
542,14:10:15,5.29,0.01,2,1058,买盘
543,14:10:09,5.28,-0.01,462,243936,卖盘
544,14:10:03,5.29,0.01,37,19573,买盘
545,14:09:59,5.28,-0.01,421,222288,卖盘
546,14:09:54,5.29,0.01,278,147062,买盘
547,14:09:48,5.28,-0.01,392,206976,卖盘
548,14:09:45,5.29,--,260,137540,买盘
549,14:09:39,5.29,--,433,229057,买盘
550,14:09:33,5.29,0.01,55,29095,买盘
551,14:09:29,5.28,-0.01,478,252384,卖盘
552,14:09:24,5.29,0.01,1,529,买盘
553,14:09:18,5.28,-0.01,389,205392,卖盘
554,14:09:14,5.29,--,136,71944,买盘
555,14:09:09,5.29,--,59,31211,买盘
556,14:09:03,5.29,--,37,19573,买盘
557,14:08:59,5.29,0.01,452,239113,买盘
558,14:08:54,5.28,-0.01,997,526416,卖盘
559,14:08:39,5.29,0.01,200,105800,买盘
560,14:08:33,5.28,-0.01,453,239184,卖盘
561,14:08:29,5.29,0.01,23,12167,买盘
562,14:08:24,5.28,--,446,235488,卖盘
563,14:08:18,5.28,--,499,263472,卖盘
564,14:08:14,5.28,--,1396,737088,卖盘
565,14:08:09,5.28,-0.01,421,222288,卖盘
566,14:08:03,5.29,0.01,375,198375,买盘
567,14:07:59,5.28,-0.01,470,248160,卖盘
568,14:07:54,5.29,0.01,119,62951,买盘
569,14:07:48,5.28,--,404,213312,卖盘
570,14:07:44,5.28,-0.01,22,11616,卖盘
571,14:07:39,5.29,0.01,553,292537,买盘
572,14:07:33,5.28,--,575,303600,卖盘
573,14:07:29,5.28,--,129,68112,卖盘
574,14:07:24,5.28,--,670,353760,卖盘
575,14:07:18,5.28,--,30,15840,卖盘
576,14:07:14,5.28,-0.01,855,451440,卖盘
577,14:07:09,5.29,--,2,1058,买盘
578,14:07:03,5.29,--,38,20102,买盘
579,14:06:59,5.29,--,816,431664,买盘
580,14:06:54,5.29,--,10,5290,买盘
581,14:06:48,5.29,--,722,381938,买盘
582,14:06:44,5.29,0.01,180,95220,买盘
583,14:06:39,5.28,-0.01,632,333696,卖盘
584,14:06:33,5.29,0.01,35,18515,买盘
585,14:06:29,5.28,--,1284,677952,卖盘
586,14:06:24,5.28,--,1599,844272,卖盘
587,14:06:14,5.28,-0.01,6,3168,卖盘
588,14:06:03,5.29,--,36,19044,买盘
589,14:05:59,5.29,0.01,587,310523,买盘
590,14:05:54,5.28,-0.01,565,298320,卖盘
591,14:05:48,5.29,0.01,692,366068,买盘
592,14:05:44,5.28,-0.01,750,396396,卖盘
593,14:05:39,5.29,0.01,206,108974,买盘
594,14:05:33,5.28,-0.01,500,264000,卖盘
595,14:05:29,5.29,0.01,160,84640,买盘
596,14:05:24,5.28,-0.01,1303,687984,卖盘
597,14:05:18,5.29,0.01,254,134366,买盘
598,14:05:14,5.28,-0.01,130,68640,卖盘
599,14:05:09,5.29,--,559,295711,买盘
600,14:05:03,5.29,0.01,37,19573,买盘
601,14:04:59,5.28,-0.01,10342,5460576,卖盘
602,14:04:54,5.29,0.01,657,347553,买盘
603,14:04:48,5.28,-0.01,60,31680,卖盘
604,14:04:43,5.29,--,1455,769695,买盘
605,14:04:39,5.29,0.01,302,159758,买盘
606,14:04:33,5.28,-0.01,564,297792,卖盘
607,14:04:27,5.29,--,1344,710976,买盘
608,14:04:24,5.29,--,1075,568675,买盘
609,14:04:18,5.29,0.01,1737,918873,买盘
610,14:04:13,5.28,--,80,42240,卖盘
611,14:04:09,5.28,-0.01,100,52800,卖盘
612,14:04:03,5.29,0.01,36,19044,买盘
613,14:03:57,5.28,-0.01,679,358512,卖盘
614,14:03:53,5.29,0.01,598,316342,买盘
615,14:03:48,5.28,-0.01,70,36960,卖盘
616,14:03:42,5.29,0.01,100,52900,买盘
617,14:03:38,5.28,--,535,282480,卖盘
618,14:03:33,5.28,--,546,288288,卖盘
619,14:03:27,5.28,--,518,273504,卖盘
620,14:03:23,5.28,-0.01,164,86592,卖盘
621,14:03:18,5.29,0.01,62,32798,买盘
622,14:03:12,5.28,--,390,205920,卖盘
623,14:03:08,5.28,--,11,5808,卖盘
624,14:03:03,5.28,--,695,366960,卖盘
625,14:02:53,5.28,--,1005,530640,卖盘
626,14:02:42,5.28,-0.01,447,236016,卖盘
627,14:02:38,5.29,--,200,105800,买盘
628,14:02:33,5.29,0.01,166,87814,买盘
629,14:02:27,5.28,--,22,11616,卖盘
630,14:02:23,5.28,--,50,26400,卖盘
631,14:02:18,5.28,-0.01,635,335280,卖盘
632,14:02:12,5.29,--,30,15870,买盘
633,14:02:08,5.29,--,1212,641148,买盘
634,14:02:03,5.29,0.01,213,112677,买盘
635,14:01:57,5.28,--,90,47520,卖盘
636,14:01:53,5.28,-0.01,731,385968,卖盘
637,14:01:48,5.29,--,20,10580,买盘
638,14:01:42,5.29,0.01,447,236463,买盘
639,14:01:38,5.28,--,539,284592,卖盘
640,14:01:33,5.28,--,272,143616,卖盘
641,14:01:27,5.28,--,2,1056,卖盘
642,14:01:23,5.28,-0.01,481,253968,卖盘
643,14:01:18,5.29,--,693,366597,买盘
644,14:01:12,5.29,0.01,323,170867,买盘
645,14:01:08,5.28,-0.01,561,296208,卖盘
646,14:01:03,5.29,--,343,181447,买盘
647,14:00:53,5.29,--,3,1587,买盘
648,14:00:48,5.29,0.01,60,31740,买盘
649,14:00:42,5.28,--,452,238656,卖盘
650,14:00:38,5.28,-0.01,150,79200,卖盘
651,14:00:33,5.29,0.01,85,44965,买盘
652,14:00:23,5.28,-0.01,1228,648384,卖盘
653,14:00:18,5.29,--,200,105800,买盘
654,14:00:12,5.29,--,1,529,买盘
655,14:00:03,5.29,--,844,446476,买盘
656,13:59:53,5.29,--,467,247043,买盘
657,13:59:48,5.29,--,6,3174,买盘
658,13:59:42,5.29,--,200,105800,买盘
659,13:59:33,5.29,0.01,423,223767,买盘
660,13:59:27,5.28,-0.01,26,13728,卖盘
661,13:59:23,5.29,0.01,30,15870,买盘
662,13:59:18,5.28,-0.02,444,234432,卖盘
663,13:59:08,5.3,0.01,658,348740,买盘
664,13:59:03,5.29,-0.01,557,294653,卖盘
665,13:58:48,5.3,0.01,33,17490,买盘
666,13:58:42,5.29,--,384,203136,卖盘
667,13:58:38,5.29,--,20,10580,卖盘
668,13:58:33,5.29,--,538,284602,卖盘
669,13:58:23,5.29,--,440,232760,卖盘
670,13:58:12,5.29,-0.01,21,11109,卖盘
671,13:58:08,5.3,--,21,11130,买盘
672,13:58:02,5.3,0.01,38,20140,买盘
673,13:57:57,5.29,--,6,3332,卖盘
674,13:57:53,5.29,--,62,32798,卖盘
675,13:57:48,5.29,-0.01,100,52900,卖盘
676,13:57:42,5.3,0.02,305,161655,买盘
677,13:57:38,5.28,-0.01,523,276144,卖盘
678,13:57:32,5.29,--,35,18515,买盘
679,13:57:21,5.29,0.01,116,61364,买盘
680,13:57:17,5.28,-0.01,479,252912,卖盘
681,13:57:12,5.29,0.01,406,214774,买盘
682,13:57:06,5.28,-0.01,170,89760,卖盘
683,13:57:02,5.29,--,1120,592480,买盘
684,13:56:57,5.29,--,10,5290,买盘
685,13:56:51,5.29,0.01,107,56603,买盘
686,13:56:47,5.28,--,524,276672,卖盘
687,13:56:36,5.28,--,3,1842,卖盘
688,13:56:32,5.28,-0.01,545,287760,卖盘
689,13:56:27,5.29,--,5,2645,买盘
690,13:56:06,5.29,--,50,26450,买盘
691,13:56:02,5.29,--,506,267674,买盘
692,13:55:57,5.29,--,105,55545,买盘
693,13:55:51,5.29,--,20,10580,买盘
694,13:55:47,5.29,-0.01,5,2645,卖盘
695,13:55:42,5.3,0.02,8,4240,买盘
696,13:55:36,5.28,-0.02,421,222288,卖盘
697,13:55:32,5.3,0.01,432,228960,买盘
698,13:55:27,5.29,--,74,39146,买盘
699,13:55:21,5.29,--,20,10580,买盘
700,13:55:17,5.29,0.01,297,157113,买盘
701,13:55:12,5.28,-0.01,437,230736,卖盘
702,13:55:06,5.29,--,30,15870,买盘
703,13:55:02,5.29,--,491,259739,买盘
704,13:54:57,5.29,0.01,49,25921,买盘
705,13:54:51,5.28,-0.02,433,228624,卖盘
706,13:54:47,5.3,0.02,635,336550,买盘
707,13:54:42,5.28,-0.01,415,219120,卖盘
708,13:54:36,5.29,--,90,47610,买盘
709,13:54:31,5.29,0.01,451,238579,买盘
710,13:54:27,5.28,--,106,55968,卖盘
711,13:54:21,5.28,--,467,246576,卖盘
712,13:54:16,5.28,-0.01,11,5808,卖盘
713,13:54:12,5.29,--,427,225883,买盘
714,13:54:06,5.29,--,626,331154,买盘
715,13:54:02,5.29,0.01,1036,548044,买盘
716,13:53:57,5.28,--,584,308352,卖盘
717,13:53:51,5.28,-0.01,60,31680,卖盘
718,13:53:47,5.29,0.01,1229,650141,买盘
719,13:53:42,5.28,-0.01,474,250272,卖盘
720,13:53:36,5.29,--,412,217948,买盘
721,13:53:31,5.29,--,569,301001,买盘
722,13:53:27,5.29,--,688,363952,买盘
723,13:53:17,5.29,--,3,1587,买盘
724,13:53:12,5.29,0.01,553,292552,买盘
725,13:53:01,5.28,--,584,308352,卖盘
726,13:52:51,5.28,-0.01,1,528,卖盘
727,13:52:47,5.29,0.01,35,18515,买盘
728,13:52:42,5.28,-0.01,612,323136,卖盘
729,13:52:36,5.29,0.01,307,162403,买盘
730,13:52:31,5.28,-0.01,871,459888,卖盘
731,13:52:27,5.29,--,30,15870,买盘
732,13:52:21,5.29,--,230,121670,买盘
733,13:52:17,5.29,--,12,6348,买盘
734,13:52:12,5.29,--,125,66125,买盘
735,13:52:06,5.29,0.01,70,37030,买盘
736,13:52:02,5.28,-0.01,209,110352,卖盘
737,13:51:57,5.29,--,10,5290,买盘
738,13:51:51,5.29,--,31,16399,买盘
739,13:51:46,5.29,--,636,336444,买盘
740,13:51:42,5.29,--,249,131721,买盘
741,13:51:36,5.29,0.01,201,106329,买盘
742,13:51:32,5.28,-0.01,47,24816,卖盘
743,13:51:26,5.29,--,274,144946,买盘
744,13:51:21,5.29,--,200,105800,买盘
745,13:51:12,5.29,--,1,529,买盘
746,13:51:06,5.29,--,100,52900,买盘
747,13:51:01,5.29,--,37,19573,买盘
748,13:50:57,5.29,--,620,327980,买盘
749,13:50:51,5.29,--,3,1587,买盘
750,13:50:46,5.29,--,13,6877,买盘
751,13:50:42,5.29,--,39,20631,买盘
752,13:50:36,5.29,--,20,10580,买盘
753,13:50:32,5.29,--,102,53958,买盘
754,13:50:26,5.29,--,54,28566,买盘
755,13:50:21,5.29,--,5,2645,买盘
756,13:50:16,5.29,--,11,5819,买盘
757,13:50:11,5.29,--,148,78292,买盘
758,13:50:06,5.29,--,102,53958,买盘
759,13:50:00,5.29,--,97,51313,买盘
760,13:49:56,5.29,--,73,38617,买盘
761,13:49:51,5.29,--,20,10580,买盘
762,13:49:45,5.29,--,46,24334,买盘
763,13:49:41,5.29,--,117,61903,买盘
764,13:49:36,5.29,--,315,166635,买盘
765,13:49:30,5.29,--,16,8464,买盘
766,13:49:26,5.29,0.01,121,64009,买盘
767,13:49:21,5.28,-0.01,1568,827904,卖盘
768,13:49:15,5.29,--,26,13754,买盘
769,13:49:11,5.29,--,3,1587,买盘
770,13:49:06,5.29,0.01,67,35443,买盘
771,13:49:00,5.28,-0.01,3,1584,卖盘
772,13:48:56,5.29,--,10,5290,买盘
773,13:48:51,5.29,--,55,29095,买盘
774,13:48:45,5.29,--,372,196788,买盘
775,13:48:41,5.29,--,40,21160,买盘
776,13:48:36,5.29,--,161,85169,买盘
777,13:48:26,5.29,--,221,116909,买盘
778,13:48:21,5.29,0.01,540,285660,买盘
779,13:48:15,5.28,-0.01,68,35904,卖盘
780,13:48:11,5.29,--,162,85698,买盘
781,13:48:06,5.29,--,38,20102,买盘
782,13:48:00,5.29,--,17,8993,买盘
783,13:47:56,5.29,--,69,36501,买盘
784,13:47:51,5.29,--,400,211600,买盘
785,13:47:45,5.29,--,167,88343,买盘
786,13:47:41,5.29,--,53,28037,买盘
787,13:47:36,5.29,--,73,38617,买盘
788,13:47:26,5.29,--,914,483506,买盘
789,13:47:21,5.29,--,108,57132,买盘
790,13:47:10,5.29,--,115,60835,买盘
791,13:47:06,5.29,--,43,22747,买盘
792,13:46:55,5.29,--,74,39146,买盘
793,13:46:51,5.29,--,963,509427,买盘
794,13:46:40,5.29,0.01,64,33856,买盘
795,13:46:36,5.28,-0.01,128,67584,卖盘
796,13:46:30,5.29,--,550,290950,买盘
797,13:46:25,5.29,0.01,35,18515,买盘
798,13:46:21,5.28,-0.01,75,39600,卖盘
799,13:46:15,5.29,--,3,1587,买盘
800,13:46:10,5.29,--,9,4761,买盘
801,13:46:06,5.29,0.01,290,153410,买盘
802,13:46:00,5.28,-0.01,135,71280,卖盘
803,13:45:55,5.29,0.01,377,199433,买盘
804,13:45:51,5.28,-0.01,287,151536,卖盘
805,13:45:40,5.29,--,71,37559,买盘
806,13:45:36,5.29,--,199,105271,买盘
807,13:45:30,5.29,--,200,105800,买盘
808,13:45:25,5.29,0.01,133,70357,买盘
809,13:45:10,5.28,--,15,7920,卖盘
810,13:45:06,5.28,-0.01,1501,792528,卖盘
811,13:45:00,5.29,--,450,238050,买盘
812,13:44:55,5.29,0.01,180,95220,买盘
813,13:44:40,5.28,-0.01,551,290928,卖盘
814,13:44:36,5.29,0.01,694,367126,买盘
815,13:44:30,5.28,--,40,21120,卖盘
816,13:44:25,5.28,-0.01,129,68112,卖盘
817,13:44:21,5.29,--,1744,922993,买盘
818,13:44:15,5.29,0.01,124,65596,买盘
819,13:44:10,5.28,-0.01,2,1056,卖盘
820,13:44:06,5.29,0.01,37,19573,买盘
821,13:44:00,5.28,-0.01,128,67584,卖盘
822,13:43:55,5.29,--,131,69299,买盘
823,13:43:51,5.29,--,85,44965,买盘
824,13:43:40,5.29,--,355,187795,买盘
825,13:43:35,5.29,0.01,159,84111,买盘
826,13:43:25,5.28,-0.01,92,48576,卖盘
827,13:43:20,5.29,0.01,107,56603,买盘
828,13:43:10,5.28,-0.01,101,53328,卖盘
829,13:43:05,5.29,0.01,88,46552,买盘
830,13:43:00,5.28,-0.01,327,172656,卖盘
831,13:42:55,5.29,--,320,169280,买盘
832,13:42:50,5.29,0.01,26,13754,买盘
833,13:42:45,5.28,--,16,8448,卖盘
834,13:42:40,5.28,-0.01,34,17952,卖盘
835,13:42:35,5.29,0.01,287,151823,买盘
836,13:42:25,5.28,-0.01,117,61776,卖盘
837,13:42:20,5.29,--,27,14283,买盘
838,13:42:15,5.29,--,216,114264,买盘
839,13:42:10,5.29,--,104,55016,买盘
840,13:42:05,5.29,--,210,111090,买盘
841,13:42:00,5.29,--,3,1587,买盘
842,13:41:55,5.29,--,133,70357,买盘
843,13:41:39,5.29,--,213,112677,买盘
844,13:41:35,5.29,--,35,18515,买盘
845,13:41:30,5.29,--,125,66125,买盘
846,13:41:24,5.29,--,595,314755,买盘
847,13:41:20,5.29,--,383,202607,买盘
848,13:41:15,5.29,--,1,529,买盘
849,13:41:09,5.29,--,5,2645,买盘
850,13:41:05,5.29,0.01,258,136482,买盘
851,13:41:00,5.28,--,44,23232,卖盘
852,13:40:50,5.28,-0.01,230,121440,卖盘
853,13:40:45,5.29,0.01,9,4761,买盘
854,13:40:39,5.28,-0.01,1,528,卖盘
855,13:40:35,5.29,--,241,127489,买盘
856,13:40:30,5.29,--,47,24863,买盘
857,13:40:24,5.29,--,13,6877,买盘
858,13:40:20,5.29,--,64,33856,买盘
859,13:40:15,5.29,--,330,174570,买盘
860,13:40:09,5.29,--,492,260268,买盘
861,13:40:05,5.29,--,181,95749,买盘
862,13:40:00,5.29,0.01,6,3174,买盘
863,13:39:54,5.28,-0.01,15,7920,卖盘
864,13:39:45,5.29,0.01,111,58719,买盘
865,13:39:39,5.28,-0.01,25,13200,卖盘
866,13:39:34,5.29,0.01,469,248101,买盘
867,13:39:30,5.28,--,155,81840,卖盘
868,13:39:19,5.28,--,15,7920,卖盘
869,13:39:15,5.28,-0.01,245,129856,卖盘
870,13:39:04,5.29,--,38,20102,买盘
871,13:39:00,5.29,--,70,37030,买盘
872,13:38:54,5.29,--,248,131192,买盘
873,13:38:49,5.29,--,251,132779,买盘
874,13:38:45,5.29,0.01,20,10580,买盘
875,13:38:34,5.28,-0.01,166,87648,卖盘
876,13:38:19,5.29,--,491,259739,买盘
877,13:38:14,5.29,0.01,20,10580,买盘
878,13:38:04,5.28,--,38,20064,卖盘
879,13:37:59,5.28,-0.01,23,12608,卖盘
880,13:37:49,5.29,--,12,6348,买盘
881,13:37:44,5.29,--,113,59777,买盘
882,13:37:34,5.29,--,40,21160,买盘
883,13:37:30,5.29,--,13,6877,买盘
884,13:37:24,5.29,--,905,478745,买盘
885,13:37:19,5.29,0.01,104,55016,买盘
886,13:37:04,5.28,--,135,71280,卖盘
887,13:36:59,5.28,-0.01,37,19536,卖盘
888,13:36:49,5.29,0.01,1,529,买盘
889,13:36:45,5.28,-0.01,20,10560,卖盘
890,13:36:34,5.29,0.01,144,76176,买盘
891,13:36:29,5.28,--,10,5280,卖盘
892,13:36:19,5.28,--,331,174768,卖盘
893,13:36:09,5.28,-0.01,1406,742368,卖盘
894,13:36:04,5.29,--,129,68241,买盘
895,13:35:59,5.29,--,522,276138,买盘
896,13:35:54,5.29,--,14,7406,买盘
897,13:35:49,5.29,--,73,38617,买盘
898,13:35:44,5.29,--,117,61893,买盘
899,13:35:39,5.29,0.01,10,5290,买盘
900,13:35:34,5.28,--,87,45936,卖盘
901,13:35:29,5.28,-0.01,5,2640,卖盘
902,13:35:14,5.29,--,11,5819,买盘
903,13:35:04,5.29,--,69,36501,买盘
904,13:34:59,5.29,--,25,13225,买盘
905,13:34:49,5.29,0.01,500,264500,买盘
906,13:34:44,5.28,-0.01,29,15312,卖盘
907,13:34:34,5.29,0.01,120,63480,买盘
908,13:34:24,5.28,-0.01,34,17952,卖盘
909,13:34:09,5.29,0.01,103,54487,买盘
910,13:34:04,5.28,-0.01,473,249744,卖盘
911,13:33:59,5.29,--,37,19906,买盘
912,13:33:54,5.29,0.01,14,7406,买盘
913,13:33:48,5.28,-0.01,25,13200,卖盘
914,13:33:39,5.29,--,32,16928,买盘
915,13:33:33,5.29,--,35,18515,买盘
916,13:33:29,5.29,--,157,83053,买盘
917,13:33:24,5.29,--,55,29095,买盘
918,13:33:18,5.29,--,13,6877,买盘
919,13:33:14,5.29,0.01,114,60306,买盘
920,13:33:09,5.28,-0.01,579,305712,卖盘
921,13:33:03,5.29,--,69,36501,买盘
922,13:32:59,5.29,0.01,32,16928,买盘
923,13:32:54,5.28,-0.01,696,367488,卖盘
924,13:32:44,5.29,--,21,11109,买盘
925,13:32:39,5.29,--,123,65067,买盘
926,13:32:33,5.29,0.01,84,44436,卖盘
927,13:32:29,5.28,-0.01,123,65076,卖盘
928,13:32:24,5.29,-0.01,444,234876,卖盘
929,13:32:13,5.3,0.01,4,2120,买盘
930,13:32:09,5.29,-0.01,5,2645,卖盘
931,13:32:03,5.3,0.01,106,56180,买盘
932,13:31:48,5.29,--,41,21953,买盘
933,13:31:43,5.29,--,88,46816,卖盘
934,13:31:39,5.29,-0.01,160,84640,卖盘
935,13:31:33,5.3,0.01,69,36570,买盘
936,13:31:28,5.29,--,218,115322,卖盘
937,13:31:18,5.29,--,3,1851,卖盘
938,13:31:13,5.29,-0.01,17,8993,卖盘
939,13:31:08,5.3,--,1,530,买盘
940,13:31:03,5.3,0.01,37,19610,买盘
941,13:30:58,5.29,--,40,21160,卖盘
942,13:30:53,5.29,--,100,52900,卖盘
943,13:30:48,5.29,--,20,10580,卖盘
944,13:30:38,5.29,-0.01,30,15870,卖盘
945,13:30:33,5.3,--,35,18550,买盘
946,13:30:28,5.3,--,60,31800,买盘
947,13:30:23,5.3,--,10,5300,买盘
948,13:30:18,5.3,0.01,506,268180,买盘
949,13:30:13,5.29,-0.01,339,179420,卖盘
950,13:30:03,5.3,--,36,19080,买盘
951,13:29:58,5.3,0.01,70,37100,买盘
952,13:29:53,5.29,--,30,15870,卖盘
953,13:29:48,5.29,-0.01,71,37559,卖盘
954,13:29:43,5.3,--,26,13780,买盘
955,13:29:38,5.3,0.01,50,26500,买盘
956,13:29:33,5.29,-0.01,423,223767,卖盘
957,13:29:23,5.3,--,1398,740940,买盘
958,13:29:13,5.3,0.01,772,409160,买盘
959,13:29:08,5.29,-0.01,621,328509,卖盘
960,13:29:03,5.3,0.01,37,19610,买盘
961,13:28:53,5.29,-0.01,141,74589,卖盘
962,13:28:48,5.3,--,33,17490,买盘
963,13:28:43,5.3,0.01,16,8480,买盘
964,13:28:38,5.29,--,44,23276,卖盘
965,13:28:33,5.29,-0.01,513,271377,卖盘
966,13:28:18,5.3,0.01,40,21200,买盘
967,13:28:13,5.29,-0.01,6,3174,卖盘
968,13:28:08,5.3,0.01,124,65720,买盘
969,13:28:03,5.29,-0.01,223,117967,卖盘
970,13:27:58,5.3,--,258,136740,买盘
971,13:27:53,5.3,0.01,45,23850,买盘
972,13:27:43,5.29,-0.01,49,25921,卖盘
973,13:27:38,5.3,--,167,88510,买盘
974,13:27:33,5.3,0.01,36,19080,买盘
975,13:27:23,5.29,--,178,94162,卖盘
976,13:27:18,5.29,--,369,195201,卖盘
977,13:27:13,5.29,--,9,4935,卖盘
978,13:27:08,5.29,-0.01,37,19573,卖盘
979,13:27:03,5.3,--,237,125610,买盘
980,13:26:53,5.3,0.01,645,341850,买盘
981,13:26:48,5.29,-0.01,300,158700,卖盘
982,13:26:42,5.3,--,52,27560,买盘
983,13:26:38,5.3,0.01,261,138330,买盘
984,13:26:33,5.29,-0.01,57,30153,卖盘
985,13:26:28,5.3,--,40,21200,买盘
986,13:26:23,5.3,--,1,530,买盘
987,13:26:18,5.3,0.01,16,8480,买盘
988,13:26:12,5.29,-0.01,15,8199,卖盘
989,13:26:03,5.3,0.01,84,44520,买盘
990,13:25:57,5.29,--,80,42320,卖盘
991,13:25:48,5.29,--,35,18515,卖盘
992,13:25:42,5.29,--,9,4761,卖盘
993,13:25:38,5.29,-0.01,30,15870,卖盘
994,13:25:33,5.3,0.01,38,20140,买盘
995,13:25:27,5.29,--,30,15870,卖盘
996,13:25:18,5.29,-0.01,14,7406,卖盘
997,13:25:12,5.3,0.01,317,168010,买盘
998,13:25:08,5.29,0.01,100,52900,买盘
999,13:25:03,5.28,-0.01,188,99264,卖盘
1000,13:24:57,5.29,--,25,13225,买盘
1001,13:24:53,5.29,--,52,27508,买盘
1002,13:24:48,5.29,--,22,11638,买盘
1003,13:24:42,5.29,--,10,5290,买盘
1004,13:24:38,5.29,--,592,313384,买盘
1005,13:24:33,5.29,--,148,78292,买盘
1006,13:24:27,5.29,--,26,13754,买盘
1007,13:24:22,5.29,0.01,525,277725,买盘
1008,13:24:18,5.28,-0.01,126,66528,卖盘
1009,13:24:02,5.29,--,243,128547,买盘
1010,13:23:57,5.29,0.01,30,15870,买盘
1011,13:23:52,5.28,--,58,30624,卖盘
1012,13:23:47,5.28,-0.01,502,265056,卖盘
1013,13:23:42,5.29,--,5,2645,买盘
1014,13:23:37,5.29,--,50,26450,买盘
1015,13:23:32,5.29,--,56,29624,买盘
1016,13:23:27,5.29,0.01,20,10580,买盘
1017,13:23:22,5.28,-0.01,251,132528,卖盘
1018,13:23:17,5.29,0.01,64,33856,买盘
1019,13:23:12,5.28,-0.01,200,105600,卖盘
1020,13:23:07,5.29,0.01,37,19573,买盘
1021,13:23:02,5.28,--,52,27841,卖盘
1022,13:22:57,5.28,-0.01,50,26400,卖盘
1023,13:22:52,5.29,--,89,47081,买盘
1024,13:22:47,5.29,0.01,21,11109,买盘
1025,13:22:42,5.28,-0.01,21,11088,卖盘
1026,13:22:37,5.29,--,21,11109,买盘
1027,13:22:32,5.29,0.01,37,19573,买盘
1028,13:22:27,5.28,-0.01,114,60192,卖盘
1029,13:22:22,5.29,--,123,65067,买盘
1030,13:22:17,5.29,--,53,28037,买盘
1031,13:22:07,5.29,--,51,26979,买盘
1032,13:22:02,5.29,--,245,129605,卖盘
1033,13:21:57,5.29,--,6,3174,卖盘
1034,13:21:52,5.29,--,157,83053,卖盘
1035,13:21:47,5.29,--,489,258681,卖盘
1036,13:21:37,5.29,-0.01,16,8464,卖盘
1037,13:21:32,5.3,0.01,90,47700,买盘
1038,13:21:22,5.29,-0.01,98,51842,卖盘
1039,13:21:17,5.3,0.01,60,31800,买盘
1040,13:21:12,5.29,--,513,271377,卖盘
1041,13:21:07,5.29,-0.01,85,44965,卖盘
1042,13:21:02,5.3,0.01,306,162180,买盘
1043,13:20:57,5.29,-0.01,234,123786,卖盘
1044,13:20:52,5.3,0.01,161,85330,买盘
1045,13:20:47,5.29,--,33,17457,卖盘
1046,13:20:42,5.29,--,10,5290,卖盘
1047,13:20:37,5.29,--,24,12696,卖盘
1048,13:20:32,5.29,--,292,154468,卖盘
1049,13:20:27,5.29,--,393,207897,卖盘
1050,13:20:22,5.29,--,557,294653,卖盘
1051,13:20:17,5.29,-0.01,168,88872,中性盘
1052,13:20:12,5.3,0.01,744,394320,买盘
1053,13:20:07,5.29,--,410,216890,买盘
1054,13:20:02,5.29,0.01,608,321632,买盘
1055,13:19:57,5.28,-0.01,62,32736,卖盘
1056,13:19:52,5.29,--,125,66125,买盘
1057,13:19:47,5.29,--,27,14283,买盘
1058,13:19:37,5.29,--,16,8464,买盘
1059,13:19:32,5.29,--,49,25921,买盘
1060,13:19:27,5.29,--,60,31740,买盘
1061,13:19:22,5.29,--,62,32798,买盘
1062,13:19:17,5.29,0.01,8,4232,买盘
1063,13:19:12,5.28,-0.01,12,6336,卖盘
1064,13:19:07,5.29,--,260,137540,买盘
1065,13:19:02,5.29,--,142,75118,买盘
1066,13:18:57,5.29,0.01,85,44965,买盘
1067,13:18:51,5.28,-0.01,52,27456,卖盘
1068,13:18:47,5.29,--,10,5290,买盘
1069,13:18:36,5.29,-0.01,4290,2269536,卖盘
1070,13:18:32,5.3,--,135,71550,买盘
1071,13:18:27,5.3,--,10,5300,买盘
1072,13:18:21,5.3,--,51,27030,买盘
1073,13:18:17,5.3,--,78,41340,买盘
1074,13:18:12,5.3,0.01,239,126670,买盘
1075,13:18:06,5.29,-0.01,1,529,卖盘
1076,13:18:02,5.3,--,695,368350,买盘
1077,13:17:57,5.3,0.01,76,40280,买盘
1078,13:17:51,5.29,--,179,94691,卖盘
1079,13:17:47,5.29,--,560,296240,卖盘
1080,13:17:42,5.29,-0.01,40,21160,卖盘
1081,13:17:36,5.3,--,12,6360,买盘
1082,13:17:32,5.3,--,35,18550,买盘
1083,13:17:27,5.3,--,102,54060,买盘
1084,13:17:21,5.3,0.01,30,15900,买盘
1085,13:17:17,5.29,-0.01,575,304175,卖盘
1086,13:17:11,5.3,--,1,530,买盘
1087,13:17:06,5.3,--,19,10070,买盘
1088,13:17:02,5.3,0.01,112,59360,买盘
1089,13:16:56,5.29,--,100,52900,卖盘
1090,13:16:51,5.29,-0.01,23,12167,卖盘
1091,13:16:46,5.3,--,251,133030,买盘
1092,13:16:41,5.3,0.01,48,25440,买盘
1093,13:16:36,5.29,-0.01,19,10051,卖盘
1094,13:16:31,5.3,0.01,223,118190,买盘
1095,13:16:26,5.29,-0.01,145,76863,卖盘
1096,13:16:21,5.3,0.01,92,48760,买盘
1097,13:16:16,5.29,--,72,38088,卖盘
1098,13:16:11,5.29,--,66,34914,卖盘
1099,13:16:06,5.29,-0.01,537,284073,卖盘
1100,13:16:01,5.3,--,310,164300,买盘
1101,13:15:56,5.3,--,25,13250,买盘
1102,13:15:51,5.3,0.01,6,3180,买盘
1103,13:15:46,5.29,-0.01,213,112677,卖盘
1104,13:15:31,5.3,0.01,435,230550,买盘
1105,13:15:26,5.29,--,100,52900,卖盘
1106,13:15:21,5.29,--,10,5290,卖盘
1107,13:15:16,5.29,--,641,339332,买盘
1108,13:15:11,5.29,--,485,256565,买盘
1109,13:15:06,5.29,--,77,40733,买盘
1110,13:15:01,5.29,--,149,78821,买盘
1111,13:14:56,5.29,--,524,277196,买盘
1112,13:14:51,5.29,--,257,135953,买盘
1113,13:14:46,5.29,0.01,909,480861,买盘
1114,13:14:41,5.28,--,735,388080,卖盘
1115,13:14:36,5.28,-0.01,32,17149,卖盘
1116,13:14:31,5.29,--,115,60835,买盘
1117,13:14:26,5.29,--,331,175099,买盘
1118,13:14:21,5.29,--,508,268732,买盘
1119,13:14:16,5.29,0.01,27,14283,买盘
1120,13:14:11,5.28,--,248,130944,卖盘
1121,13:14:06,5.28,-0.01,200,105600,卖盘
1122,13:14:01,5.29,0.01,37,19573,买盘
1123,13:13:56,5.28,-0.01,83,43824,卖盘
1124,13:13:51,5.29,0.01,29,15341,买盘
1125,13:13:41,5.28,--,74,39072,卖盘
1126,13:13:36,5.28,-0.01,62,32736,卖盘
1127,13:13:31,5.29,0.01,251,132779,买盘
1128,13:13:26,5.28,--,598,315744,卖盘
1129,13:13:21,5.28,--,45,23760,卖盘
1130,13:13:16,5.28,--,159,83952,卖盘
1131,13:13:11,5.28,--,233,123024,卖盘
1132,13:13:06,5.28,--,340,179520,卖盘
1133,13:13:01,5.28,-0.01,348,184261,卖盘
1134,13:12:56,5.29,0.01,277,146533,买盘
1135,13:12:51,5.28,-0.01,10,5280,卖盘
1136,13:12:41,5.29,--,50,26450,买盘
1137,13:12:36,5.29,--,59,31211,买盘
1138,13:12:31,5.29,-0.01,445,235690,卖盘
1139,13:12:26,5.3,0.01,508,269240,买盘
1140,13:12:21,5.29,--,546,288834,卖盘
1141,13:12:16,5.29,--,792,418968,卖盘
1142,13:12:11,5.29,--,756,399924,卖盘
1143,13:12:06,5.29,--,33,17457,卖盘
1144,13:12:01,5.29,--,447,236463,卖盘
1145,13:11:55,5.29,--,548,289892,卖盘
1146,13:11:51,5.29,--,260,137540,卖盘
1147,13:11:45,5.29,--,987,522123,卖盘
1148,13:11:40,5.29,--,1868,988172,卖盘
1149,13:11:36,5.29,--,1026,542754,卖盘
1150,13:11:30,5.29,--,2047,1082863,卖盘
1151,13:11:25,5.29,--,313,165577,卖盘
1152,13:11:21,5.29,--,118,62422,卖盘
1153,13:11:15,5.29,--,17,8993,卖盘
1154,13:11:10,5.29,--,241,127489,卖盘
1155,13:11:06,5.29,--,73,38617,卖盘
1156,13:11:00,5.29,--,90,47610,卖盘
1157,13:10:55,5.29,--,180,95220,卖盘
1158,13:10:51,5.29,--,230,121670,卖盘
1159,13:10:45,5.29,-0.01,76,40204,卖盘
1160,13:10:40,5.3,0.01,20,10600,买盘
1161,13:10:36,5.29,--,638,337988,卖盘
1162,13:10:30,5.29,--,30,15870,卖盘
1163,13:10:25,5.29,--,409,216361,卖盘
1164,13:10:20,5.29,-0.01,232,122955,卖盘
1165,13:10:15,5.3,0.01,240,127200,买盘
1166,13:10:05,5.29,--,189,100044,卖盘
1167,13:10:00,5.29,-0.01,30,15870,卖盘
1168,13:09:55,5.3,0.01,235,124550,买盘
1169,13:09:50,5.29,--,303,160287,卖盘
1170,13:09:45,5.29,--,6,3174,卖盘
1171,13:09:40,5.29,-0.01,257,135953,卖盘
1172,13:09:35,5.3,0.01,35,18550,买盘
1173,13:09:25,5.29,--,467,247043,卖盘
1174,13:09:20,5.29,-0.01,63,33327,卖盘
1175,13:09:15,5.3,0.01,208,110240,买盘
1176,13:09:10,5.29,-0.01,3,1587,卖盘
1177,13:09:05,5.3,0.01,120,63647,买盘
1178,13:09:00,5.29,-0.01,90,47610,卖盘
1179,13:08:55,5.3,--,1,530,买盘
1180,13:08:50,5.3,0.01,65,34450,买盘
1181,13:08:45,5.29,--,117,61893,卖盘
1182,13:08:40,5.29,--,90,47773,卖盘
1183,13:08:35,5.29,--,630,333270,卖盘
1184,13:08:25,5.29,--,200,105800,卖盘
1185,13:08:20,5.29,--,12,6348,卖盘
1186,13:08:15,5.29,--,35,18515,卖盘
1187,13:08:10,5.29,-0.01,1400,740600,卖盘
1188,13:08:05,5.3,0.01,45,23850,买盘
1189,13:08:00,5.29,-0.01,93,49197,卖盘
1190,13:07:55,5.3,0.01,5,2650,买盘
1191,13:07:50,5.29,-0.01,84,44436,卖盘
1192,13:07:45,5.3,0.01,86,45580,买盘
1193,13:07:40,5.29,--,24,12696,卖盘
1194,13:07:35,5.29,--,45,23805,卖盘
1195,13:07:25,5.29,--,17,8993,卖盘
1196,13:07:20,5.29,--,62,32798,卖盘
1197,13:07:15,5.29,-0.01,10,5290,卖盘
1198,13:07:10,5.3,0.01,12,6360,买盘
1199,13:07:05,5.29,-0.01,49,26233,卖盘
1200,13:06:55,5.3,--,7,3710,买盘
1201,13:06:50,5.3,--,38,20140,买盘
1202,13:06:45,5.3,0.01,20,10600,买盘
1203,13:06:40,5.29,-0.01,38,20102,卖盘
1204,13:06:35,5.3,--,103,54590,买盘
1205,13:06:30,5.3,--,1726,914780,卖盘
1206,13:06:25,5.3,--,5,2650,卖盘
1207,13:06:20,5.3,--,433,229490,卖盘
1208,13:06:14,5.3,--,2,1060,卖盘
1209,13:06:10,5.3,--,62,32860,卖盘
1210,13:06:05,5.3,--,78,41340,卖盘
1211,13:06:00,5.3,--,34,18020,卖盘
1212,13:05:54,5.3,--,151,80030,卖盘
1213,13:05:50,5.3,--,516,273480,卖盘
1214,13:05:45,5.3,--,160,84800,卖盘
1215,13:05:40,5.3,--,6,3180,卖盘
1216,13:05:35,5.3,--,409,216770,卖盘
1217,13:05:29,5.3,--,28,14840,卖盘
1218,13:05:25,5.3,-0.01,179,94870,卖盘
1219,13:05:19,5.31,0.01,206,109385,买盘
1220,13:05:15,5.3,--,94,49820,卖盘
1221,13:05:10,5.3,-0.01,25,13250,卖盘
1222,13:05:05,5.31,0.01,37,19647,买盘
1223,13:04:55,5.3,--,60,31800,卖盘
1224,13:04:49,5.3,--,280,148400,卖盘
1225,13:04:45,5.3,--,8,4240,卖盘
1226,13:04:39,5.3,-0.01,11,5830,卖盘
1227,13:04:34,5.31,0.01,36,19116,买盘
1228,13:04:29,5.3,--,59,31270,卖盘
1229,13:04:24,5.3,--,439,232670,卖盘
1230,13:04:19,5.3,--,170,90100,卖盘
1231,13:04:14,5.3,--,9,4770,卖盘
1232,13:04:09,5.3,-0.01,132,69960,卖盘
1233,13:04:04,5.31,0.01,220,116819,买盘
1234,13:03:59,5.3,--,42,22260,买盘
1235,13:03:49,5.3,--,180,95400,买盘
1236,13:03:44,5.3,0.01,48,25440,买盘
1237,13:03:39,5.29,--,5,2645,卖盘
1238,13:03:34,5.29,-0.01,37,19573,卖盘
1239,13:03:29,5.3,--,66,34980,买盘
1240,13:03:24,5.3,--,6,3180,买盘
1241,13:03:19,5.3,--,314,166420,买盘
1242,13:03:14,5.3,--,256,135680,买盘
1243,13:03:09,5.3,0.01,163,86390,买盘
1244,13:03:04,5.29,-0.01,63,33327,卖盘
1245,13:02:59,5.3,--,56,29680,买盘
1246,13:02:54,5.3,--,104,55120,买盘
1247,13:02:49,5.3,0.01,155,82150,买盘
1248,13:02:44,5.29,-0.01,655,346495,卖盘
1249,13:02:39,5.3,0.01,166,87980,买盘
1250,13:02:34,5.29,--,117,61893,卖盘
1251,13:02:29,5.29,-0.01,8,4232,卖盘
1252,13:02:24,5.3,0.01,79,41870,买盘
1253,13:02:19,5.29,--,84,44436,卖盘
1254,13:02:14,5.29,--,17,8993,卖盘
1255,13:02:09,5.29,-0.01,16,8464,卖盘
1256,13:02:04,5.3,0.01,76,40280,买盘
1257,13:01:59,5.29,-0.01,5,2645,卖盘
1258,13:01:54,5.3,0.01,20,10600,买盘
1259,13:01:49,5.29,-0.01,55,29095,卖盘
1260,13:01:44,5.3,--,200,106000,买盘
1261,13:01:39,5.3,--,10,5300,买盘
1262,13:01:34,5.3,0.01,45,23850,买盘
1263,13:01:29,5.29,--,163,86227,卖盘
1264,13:01:19,5.29,--,5,2645,卖盘
1265,13:01:14,5.29,-0.01,474,250746,卖盘
1266,13:01:09,5.3,0.01,40,21200,买盘
1267,13:01:04,5.29,--,73,38617,卖盘
1268,13:00:59,5.29,--,5,2645,卖盘
1269,13:00:54,5.29,--,8,4232,卖盘
1270,13:00:49,5.29,-0.01,210,111365,卖盘
1271,13:00:44,5.3,0.01,3116,1651734,买盘
1272,13:00:39,5.29,--,10,5290,卖盘
1273,13:00:34,5.29,-0.01,358,189382,卖盘
1274,13:00:29,5.3,0.01,360,190800,买盘
1275,13:00:19,5.29,-0.01,21,11109,卖盘
1276,13:00:14,5.3,--,212,112360,买盘
1277,13:00:08,5.3,--,1081,572930,买盘
1278,13:00:03,5.3,-0.01,26776,14191280,卖盘
1279,11:30:00,5.31,--,0,0,买盘
1280,11:29:59,5.31,--,6,3185,买盘
1281,11:29:59,5.31,--,1,531,买盘
1282,11:29:48,5.31,--,16,8496,买盘
1283,11:29:45,5.31,--,871,462755,卖盘
1284,11:29:39,5.31,--,141,75189,卖盘
1285,11:29:33,5.31,--,880,467279,卖盘
1286,11:29:30,5.31,--,25,13274,卖盘
1287,11:29:24,5.31,--,102,54480,卖盘
1288,11:29:18,5.31,-0.01,5,2655,卖盘
1289,11:29:14,5.32,0.01,517,275044,买盘
1290,11:29:09,5.31,--,40,21240,卖盘
1291,11:29:03,5.31,--,30,15929,卖盘
1292,11:29:00,5.31,--,23,12213,卖盘
1293,11:28:54,5.31,--,216,114695,卖盘
1294,11:28:48,5.31,--,60,31859,卖盘
1295,11:28:45,5.31,--,31,16461,卖盘
1296,11:28:39,5.31,--,290,153990,卖盘
1297,11:28:30,5.31,--,70,37170,卖盘
1298,11:28:24,5.31,--,88,47046,卖盘
1299,11:28:18,5.31,--,4,2124,卖盘
1300,11:28:15,5.31,-0.01,59,31328,卖盘
1301,11:28:09,5.32,0.01,71,37772,买盘
1302,11:27:59,5.31,--,72,38232,卖盘
1303,11:27:48,5.31,--,10,5310,卖盘
1304,11:27:44,5.31,--,113,60002,卖盘
1305,11:27:39,5.31,--,350,185850,卖盘
1306,11:27:33,5.31,--,8,4248,卖盘
1307,11:27:29,5.31,--,25,13274,卖盘
1308,11:27:24,5.31,--,162,86340,卖盘
1309,11:27:18,5.31,--,15,7964,卖盘
1310,11:27:14,5.31,--,80,42480,卖盘
1311,11:27:09,5.31,-0.01,132,70092,卖盘
1312,11:27:03,5.32,--,1,532,买盘
1313,11:26:59,5.32,0.01,10,5320,买盘
1314,11:26:54,5.31,--,510,270810,卖盘
1315,11:26:48,5.31,--,33,17523,卖盘
1316,11:26:44,5.31,--,70,37170,卖盘
1317,11:26:39,5.31,--,49,26018,卖盘
1318,11:26:33,5.31,--,10,5310,卖盘
1319,11:26:29,5.31,-0.01,268,142308,卖盘
1320,11:26:24,5.32,0.01,602,320583,买盘
1321,11:26:14,5.31,--,58,30797,卖盘
1322,11:26:09,5.31,--,171,90801,卖盘
1323,11:26:03,5.31,-0.01,45,23895,卖盘
1324,11:25:59,5.32,0.01,300,159600,买盘
1325,11:25:48,5.31,--,328,174168,卖盘
1326,11:25:44,5.31,--,41,21771,卖盘
1327,11:25:39,5.31,--,50,26549,卖盘
1328,11:25:33,5.31,-0.01,20,10620,卖盘
1329,11:25:29,5.32,0.01,205,109060,买盘
1330,11:25:24,5.31,--,2106,1118286,卖盘
1331,11:25:14,5.31,--,72,38232,卖盘
1332,11:25:09,5.31,--,41,21771,卖盘
1333,11:24:59,5.31,--,14,7433,卖盘
1334,11:24:54,5.31,--,5,2655,卖盘
1335,11:24:48,5.31,--,4,2124,卖盘
1336,11:24:39,5.31,--,52,27611,卖盘
1337,11:24:29,5.31,--,5,2655,卖盘
1338,11:24:24,5.31,--,15,7964,卖盘
1339,11:24:14,5.31,--,470,249569,卖盘
1340,11:24:09,5.31,--,249,132219,卖盘
1341,11:24:03,5.31,--,50,26549,卖盘
1342,11:23:59,5.31,--,14,7433,卖盘
1343,11:23:54,5.31,--,264,140184,卖盘
1344,11:23:48,5.31,--,1,531,卖盘
1345,11:23:44,5.31,--,473,251162,卖盘
1346,11:23:39,5.31,--,141,74871,卖盘
1347,11:23:33,5.31,-0.01,100,53099,卖盘
1348,11:23:29,5.32,0.01,578,307496,买盘
1349,11:23:24,5.31,--,6,3185,卖盘
1350,11:23:18,5.31,--,100,53099,卖盘
1351,11:23:14,5.31,--,504,267624,卖盘
1352,11:23:09,5.31,--,545,289395,卖盘
1353,11:23:03,5.31,-0.01,110,58409,卖盘
1354,11:22:59,5.32,--,357,189924,买盘
1355,11:22:54,5.32,0.01,71,37772,买盘
1356,11:22:43,5.31,-0.01,555,294705,卖盘
1357,11:22:38,5.32,--,798,424536,买盘
1358,11:22:33,5.32,0.01,1,532,买盘
1359,11:22:28,5.31,--,35,18585,卖盘
1360,11:22:24,5.31,-0.01,59,31328,卖盘
1361,11:22:18,5.32,0.01,45,23940,买盘
1362,11:22:12,5.31,--,806,427985,卖盘
1363,11:22:09,5.31,--,40,21240,卖盘
1364,11:22:03,5.31,--,34,18054,卖盘
1365,11:21:57,5.31,-0.01,936,497015,卖盘
1366,11:21:53,5.32,0.01,82,43624,买盘
1367,11:21:48,5.31,--,1522,808181,卖盘
1368,11:21:42,5.31,--,380,201779,卖盘
1369,11:21:38,5.31,--,40,21240,卖盘
1370,11:21:33,5.31,--,504,267624,卖盘
1371,11:21:27,5.31,--,998,529938,卖盘
1372,11:21:18,5.31,--,35,18585,卖盘
1373,11:21:12,5.31,--,370,196470,卖盘
1374,11:21:08,5.31,--,303,160893,卖盘
1375,11:21:03,5.31,--,329,174699,卖盘
1376,11:20:57,5.31,--,5,2655,卖盘
1377,11:20:53,5.31,--,130,69030,卖盘
1378,11:20:48,5.31,--,5,2655,卖盘
1379,11:20:38,5.31,-0.01,40,21240,卖盘
1380,11:20:33,5.32,0.01,6,3192,买盘
1381,11:20:27,5.31,-0.01,6,3185,卖盘
1382,11:20:18,5.32,0.01,12,6384,买盘
1383,11:20:08,5.31,--,40,21240,卖盘
1384,11:20:03,5.31,-0.01,2,1062,卖盘
1385,11:19:57,5.32,--,682,362824,买盘
1386,11:19:48,5.32,0.01,100,53200,买盘
1387,11:19:38,5.31,-0.01,68,36108,卖盘
1388,11:19:27,5.32,0.01,10,5320,买盘
1389,11:19:18,5.31,-0.01,5,2655,卖盘
1390,11:19:08,5.32,0.01,61,32452,买盘
1391,11:18:57,5.31,--,5,2655,卖盘
1392,11:18:53,5.31,--,31,16461,卖盘
1393,11:18:48,5.31,--,6,3185,卖盘
1394,11:18:38,5.31,--,43,22833,卖盘
1395,11:18:33,5.31,-0.01,16,8496,卖盘
1396,11:18:27,5.32,--,308,163856,买盘
1397,11:18:23,5.32,0.01,14,7448,买盘
1398,11:18:18,5.31,--,4,2124,卖盘
1399,11:18:12,5.31,-0.01,82,43860,卖盘
1400,11:18:08,5.32,--,69,36708,买盘
1401,11:18:03,5.32,--,82,43624,买盘
1402,11:17:57,5.32,--,15,7980,买盘
1403,11:17:53,5.32,--,1,532,买盘
1404,11:17:48,5.32,0.01,505,268660,买盘
1405,11:17:38,5.31,-0.01,41,21771,卖盘
1406,11:17:33,5.32,0.01,140,74480,买盘
1407,11:17:27,5.31,--,4,2124,卖盘
1408,11:17:18,5.31,--,24,12743,卖盘
1409,11:17:12,5.31,--,82,43860,卖盘
1410,11:17:08,5.31,--,524,278244,卖盘
1411,11:17:03,5.31,-0.01,100,53099,卖盘
1412,11:16:57,5.32,0.01,100,53200,买盘
1413,11:16:53,5.31,--,5,2655,卖盘
1414,11:16:48,5.31,-0.01,10,5310,卖盘
1415,11:16:38,5.32,0.01,100,53200,买盘
1416,11:16:33,5.31,-0.01,7,3716,卖盘
1417,11:16:27,5.32,0.01,5,2660,买盘
1418,11:16:22,5.31,--,5,2655,卖盘
1419,11:16:18,5.31,--,6,3185,卖盘
1420,11:16:12,5.31,--,82,43860,卖盘
1421,11:16:08,5.31,--,52,27611,卖盘
1422,11:15:57,5.31,-0.01,4,2124,卖盘
1423,11:15:48,5.32,--,6,3192,买盘
1424,11:15:37,5.32,--,447,237804,买盘
1425,11:15:33,5.32,0.01,22,11704,买盘
1426,11:15:27,5.31,--,5,2655,卖盘
1427,11:15:23,5.31,--,1,531,卖盘
1428,11:15:18,5.31,--,5,2655,卖盘
1429,11:15:12,5.31,-0.01,82,43860,卖盘
1430,11:15:08,5.32,--,242,128744,买盘
1431,11:15:02,5.32,--,5,2660,买盘
1432,11:14:57,5.32,--,34,18088,买盘
1433,11:14:53,5.32,0.01,403,214396,买盘
1434,11:14:47,5.31,-0.01,13,6902,卖盘
1435,11:14:37,5.32,--,81,43092,买盘
1436,11:14:27,5.32,0.01,21,11172,买盘
1437,11:14:22,5.31,-0.01,1,531,卖盘
1438,11:14:18,5.32,0.01,402,213864,买盘
1439,11:14:12,5.31,-0.01,82,43860,卖盘
1440,11:14:07,5.32,0.01,2041,1085812,买盘
1441,11:13:57,5.31,-0.01,7,3716,卖盘
1442,11:13:51,5.32,0.01,511,271852,买盘
1443,11:13:47,5.31,--,39,20709,卖盘
1444,11:13:41,5.31,--,45,23895,卖盘
1445,11:13:36,5.31,--,39,20709,卖盘
1446,11:13:32,5.31,--,8,4248,卖盘
1447,11:13:26,5.31,--,9,4779,卖盘
1448,11:13:21,5.31,-0.01,628,333468,卖盘
1449,11:13:17,5.32,0.01,382,203224,买盘
1450,11:13:12,5.31,-0.01,361,191691,卖盘
1451,11:13:06,5.32,0.01,43,22876,买盘
1452,11:12:56,5.31,--,6,3185,卖盘
1453,11:12:47,5.31,--,5,2655,卖盘
1454,11:12:41,5.31,--,3,1592,卖盘
1455,11:12:35,5.31,--,60,31859,卖盘
1456,11:12:32,5.31,-0.01,835,443384,卖盘
1457,11:12:27,5.32,0.01,157,83524,买盘
1458,11:12:17,5.31,--,1195,634545,卖盘
1459,11:12:11,5.31,--,374,198593,卖盘
1460,11:12:06,5.31,--,325,172575,卖盘
1461,11:12:02,5.31,--,21,11151,卖盘
1462,11:11:57,5.31,-0.01,5,2655,卖盘
1463,11:11:47,5.32,--,61,32452,买盘
1464,11:11:36,5.32,0.01,40,21280,买盘
1465,11:11:27,5.31,-0.01,5,2655,卖盘
1466,11:11:17,5.32,--,1816,966112,买盘
1467,11:11:12,5.32,0.01,100,53200,买盘
1468,11:11:06,5.31,--,39,20709,卖盘
1469,11:11:02,5.31,--,20,10620,卖盘
1470,11:10:57,5.31,--,15,7964,卖盘
1471,11:10:51,5.31,--,13,6902,卖盘
1472,11:10:47,5.31,-0.01,16,8496,卖盘
1473,11:10:41,5.32,0.01,302,160664,买盘
1474,11:10:35,5.31,--,46,24426,卖盘
1475,11:10:32,5.31,--,5,2655,卖盘
1476,11:10:26,5.31,-0.01,35,18585,卖盘
1477,11:10:20,5.32,0.01,10,5320,买盘
1478,11:10:17,5.31,--,76,40356,卖盘
1479,11:10:05,5.31,--,41,21771,卖盘
1480,11:10:02,5.31,--,405,215054,卖盘
1481,11:09:57,5.31,-0.01,10,5310,卖盘
1482,11:09:50,5.32,0.01,20,10640,买盘
1483,11:09:46,5.31,-0.01,106,56285,卖盘
1484,11:09:42,5.32,--,186,98952,买盘
1485,11:09:35,5.32,0.01,43,22876,买盘
1486,11:09:27,5.31,--,66,35046,卖盘
1487,11:09:20,5.31,--,200,106199,卖盘
1488,11:09:16,5.31,--,10004,5312124,卖盘
1489,11:09:11,5.31,-0.01,29,15398,卖盘
1490,11:09:06,5.32,--,41,21812,买盘
1491,11:09:01,5.32,0.01,1,532,买盘
1492,11:08:56,5.31,-0.01,5,2655,卖盘
1493,11:08:51,5.32,0.01,227,120764,买盘
1494,11:08:46,5.31,--,64,33984,卖盘
1495,11:08:42,5.31,-0.01,5,2655,卖盘
1496,11:08:35,5.32,0.01,43,22876,买盘
1497,11:08:31,5.31,-0.01,23,12213,卖盘
1498,11:08:26,5.32,--,6,3192,买盘
1499,11:08:21,5.32,0.01,525,279300,买盘
1500,11:08:16,5.31,--,52,27611,卖盘
1501,11:08:11,5.31,--,32,16992,卖盘
1502,11:08:06,5.31,--,41,21771,卖盘
1503,11:08:01,5.31,-0.01,74,39294,卖盘
1504,11:07:56,5.32,0.01,624,331968,买盘
1505,11:07:46,5.31,--,130,69030,卖盘
1506,11:07:41,5.31,-0.01,528,280368,卖盘
1507,11:07:35,5.32,--,44,23408,买盘
1508,11:07:31,5.32,0.01,60,31920,买盘
1509,11:07:26,5.31,--,5,2655,卖盘
1510,11:07:16,5.31,-0.01,297,157707,卖盘
1511,11:07:11,5.32,--,3,1596,买盘
1512,11:07:05,5.32,--,42,22344,买盘
1513,11:06:56,5.32,0.01,533,283556,买盘
1514,11:06:46,5.31,-0.01,121,64250,卖盘
1515,11:06:41,5.32,--,50,26600,买盘
1516,11:06:35,5.32,0.01,56,29792,买盘
1517,11:06:31,5.31,--,73,38763,卖盘
1518,11:06:26,5.31,-0.01,4,2124,卖盘
1519,11:06:20,5.32,--,237,126084,买盘
1520,11:06:16,5.32,0.01,18,9576,买盘
1521,11:06:05,5.31,-0.01,40,21240,卖盘
1522,11:05:56,5.32,0.01,95,50540,买盘
1523,11:05:44,5.31,-0.02,4,2124,卖盘
1524,11:05:41,5.33,--,523,278759,买盘
1525,11:05:35,5.33,0.02,40,21320,买盘
1526,11:05:29,5.31,-0.01,5100,2708100,卖盘
1527,11:05:26,5.32,--,6,3192,卖盘
1528,11:05:20,5.32,--,31,16492,卖盘
1529,11:05:14,5.32,--,4,2128,卖盘
1530,11:05:11,5.32,-0.01,43,22876,卖盘
1531,11:05:05,5.33,0.01,40,21320,买盘
1532,11:04:59,5.32,--,68,36176,卖盘
1533,11:04:56,5.32,--,44,23408,卖盘
1534,11:04:50,5.32,0.01,1241,660478,买盘
1535,11:04:44,5.31,-0.01,557,295767,卖盘
1536,11:04:35,5.32,0.01,136,72352,买盘
1537,11:04:29,5.31,-0.01,8,4248,卖盘
1538,11:04:26,5.32,--,1865,992446,卖盘
1539,11:04:20,5.32,-0.01,86,45752,卖盘
1540,11:04:14,5.33,--,577,307541,买盘
1541,11:04:05,5.33,--,40,21320,买盘
1542,11:03:59,5.33,0.01,26,13858,买盘
1543,11:03:56,5.32,--,25,13300,卖盘
1544,11:03:50,5.32,--,661,352114,卖盘
1545,11:03:44,5.32,--,24,12768,卖盘
1546,11:03:41,5.32,-0.01,37,19684,卖盘
1547,11:03:35,5.33,0.01,49,26117,买盘
1548,11:03:26,5.32,-0.01,76,40432,卖盘
1549,11:03:20,5.33,0.01,790,421070,买盘
1550,11:03:14,5.32,-0.01,4,2128,卖盘
1551,11:03:11,5.33,0.01,12,6396,买盘
1552,11:03:05,5.32,--,268,142576,卖盘
1553,11:02:59,5.32,--,6,3192,卖盘
1554,11:02:55,5.32,--,1609,855988,卖盘
1555,11:02:50,5.32,--,42,22344,卖盘
1556,11:02:44,5.32,--,8,4256,卖盘
1557,11:02:40,5.32,--,10,5320,卖盘
1558,11:02:35,5.32,--,99,52668,卖盘
1559,11:02:25,5.32,--,5,2660,卖盘
1560,11:02:20,5.32,--,1080,574560,卖盘
1561,11:02:14,5.32,--,6,3192,卖盘
1562,11:02:10,5.32,--,11,5852,卖盘
1563,11:02:05,5.32,--,747,397404,卖盘
1564,11:01:59,5.32,-0.01,62,32984,卖盘
1565,11:01:55,5.33,--,485,258505,买盘
1566,11:01:44,5.33,0.01,41,21853,买盘
1567,11:01:35,5.32,--,570,303240,卖盘
1568,11:01:25,5.32,--,119,63308,卖盘
1569,11:01:20,5.32,--,49,26068,卖盘
1570,11:01:14,5.32,-0.01,140,74480,卖盘
1571,11:01:10,5.33,0.01,21,11193,买盘
1572,11:01:05,5.32,--,40,21280,卖盘
1573,11:00:55,5.32,--,13,6916,卖盘
1574,11:00:50,5.32,--,130,69160,卖盘
1575,11:00:44,5.32,--,5,2660,卖盘
1576,11:00:40,5.32,--,183,97356,卖盘
1577,11:00:35,5.32,--,361,192052,卖盘
1578,11:00:25,5.32,--,5,2660,卖盘
1579,11:00:14,5.32,-0.01,5,2660,卖盘
1580,11:00:05,5.33,0.01,305,162565,买盘
1581,10:59:55,5.32,--,11,5852,卖盘
1582,10:59:50,5.32,--,45,23940,卖盘
1583,10:59:44,5.32,-0.01,16,8512,卖盘
1584,10:59:35,5.33,0.01,122,65345,买盘
1585,10:59:29,5.32,--,20,10640,卖盘
1586,10:59:25,5.32,--,106,56392,卖盘
1587,10:59:20,5.32,--,184,97888,卖盘
1588,10:59:14,5.32,--,6,3192,卖盘
1589,10:59:10,5.32,-0.01,20,10640,卖盘
1590,10:59:05,5.33,0.01,41,21853,买盘
1591,10:58:55,5.32,-0.01,8,4256,卖盘
1592,10:58:50,5.33,0.01,402,214266,买盘
1593,10:58:44,5.32,-0.01,5,2660,卖盘
1594,10:58:40,5.33,--,518,276094,买盘
1595,10:58:35,5.33,0.01,212,112996,买盘
1596,10:58:29,5.32,--,234,124807,卖盘
1597,10:58:23,5.32,--,16,8512,卖盘
1598,10:58:20,5.32,--,210,111720,卖盘
1599,10:58:14,5.32,--,571,304053,卖盘
1600,10:58:05,5.32,--,60,31920,卖盘
1601,10:57:53,5.32,--,5,2660,卖盘
1602,10:57:50,5.32,--,60,31920,卖盘
1603,10:57:44,5.32,--,414,220248,卖盘
1604,10:57:38,5.32,-0.01,16,8512,卖盘
1605,10:57:35,5.33,0.01,559,297947,买盘
1606,10:57:29,5.32,--,107,57243,卖盘
1607,10:57:23,5.32,--,4,2128,卖盘
1608,10:57:20,5.32,--,137,72884,卖盘
1609,10:57:14,5.32,-0.01,4,2128,卖盘
1610,10:57:05,5.33,0.01,42,22386,买盘
1611,10:56:59,5.32,--,3,1596,卖盘
1612,10:56:53,5.32,--,10,5320,卖盘
1613,10:56:50,5.32,-0.01,50,26600,卖盘
1614,10:56:44,5.33,0.01,249,132717,买盘
1615,10:56:35,5.32,--,629,334628,卖盘
1616,10:56:29,5.32,--,307,163643,卖盘
1617,10:56:23,5.32,--,14,7448,卖盘
1618,10:56:20,5.32,--,8,4256,卖盘
1619,10:56:14,5.32,-0.01,16,8512,卖盘
1620,10:56:08,5.33,--,518,276094,买盘
1621,10:56:04,5.33,0.01,577,307541,买盘
1622,10:55:53,5.32,--,6,3192,卖盘
1623,10:55:49,5.32,--,3,1596,卖盘
1624,10:55:44,5.32,--,171,90972,卖盘
1625,10:55:38,5.32,-0.01,4,2128,卖盘
1626,10:55:34,5.33,0.01,42,22386,买盘
1627,10:55:29,5.32,--,82,43943,卖盘
1628,10:55:23,5.32,--,4,2128,卖盘
1629,10:55:14,5.32,-0.01,4,2128,卖盘
1630,10:55:04,5.33,--,150,79950,买盘
1631,10:54:59,5.33,0.01,518,276094,买盘
1632,10:54:53,5.32,--,9,4788,卖盘
1633,10:54:44,5.32,-0.01,163,86716,卖盘
1634,10:54:38,5.33,--,100,53300,买盘
1635,10:54:34,5.33,0.01,39,20787,买盘
1636,10:54:29,5.32,--,86,45752,卖盘
1637,10:54:23,5.32,--,109,57988,卖盘
1638,10:54:19,5.32,--,201,106932,卖盘
1639,10:54:14,5.32,-0.01,401,213332,卖盘
1640,10:54:04,5.33,0.01,43,22919,买盘
1641,10:53:53,5.32,--,5,2660,卖盘
1642,10:53:44,5.32,-0.01,7,3724,卖盘
1643,10:53:38,5.33,--,5,2665,买盘
1644,10:53:34,5.33,0.01,511,272363,买盘
1645,10:53:23,5.32,--,6,3192,卖盘
1646,10:53:19,5.32,--,665,353780,卖盘
1647,10:53:14,5.32,-0.01,4,2128,卖盘
1648,10:53:04,5.33,0.01,487,259571,买盘
1649,10:52:59,5.32,--,150,79800,卖盘
1650,10:52:44,5.32,--,446,237272,卖盘
1651,10:52:38,5.32,--,9,4788,卖盘
1652,10:52:34,5.32,-0.01,240,127680,卖盘
1653,10:52:29,5.33,0.01,2,1066,买盘
1654,10:52:23,5.32,--,5,2660,卖盘
1655,10:52:19,5.32,--,20,10640,卖盘
1656,10:52:14,5.32,--,12,6384,卖盘
1657,10:52:04,5.32,-0.01,40,21280,卖盘
1658,10:51:59,5.33,0.01,969,516477,买盘
1659,10:51:53,5.32,--,100,53200,卖盘
1660,10:51:49,5.32,--,101,53732,卖盘
1661,10:51:44,5.32,-0.01,38,20216,卖盘
1662,10:51:34,5.33,0.01,54,28782,买盘
1663,10:51:29,5.32,--,248,131936,卖盘
1664,10:51:23,5.32,--,75,39900,卖盘
1665,10:51:14,5.32,--,12,6384,卖盘
1666,10:51:08,5.32,-0.01,8,4256,卖盘
1667,10:51:04,5.33,--,42,22386,买盘
1668,10:50:59,5.33,0.01,100,53300,买盘
1669,10:50:53,5.32,-0.01,5,2660,卖盘
1670,10:50:47,5.33,0.01,100,53300,买盘
1671,10:50:44,5.32,--,5,2660,卖盘
1672,10:50:38,5.32,--,53,28196,卖盘
1673,10:50:32,5.32,-0.01,5,2660,卖盘
1674,10:50:29,5.33,0.01,428,228124,买盘
1675,10:50:23,5.32,--,547,291004,卖盘
1676,10:50:17,5.32,--,1,585,卖盘
1677,10:50:14,5.32,--,433,230356,卖盘
1678,10:50:08,5.32,--,186,98952,卖盘
1679,10:50:02,5.32,--,12,6384,卖盘
1680,10:49:59,5.32,--,33,17556,卖盘
1681,10:49:53,5.32,-0.01,7,3724,卖盘
1682,10:49:44,5.33,--,613,326729,买盘
1683,10:49:38,5.33,0.01,35,18655,买盘
1684,10:49:32,5.32,--,517,275044,卖盘
1685,10:49:29,5.32,--,1,532,卖盘
1686,10:49:23,5.32,--,5,2660,卖盘
1687,10:49:17,5.32,-0.01,49,26068,卖盘
1688,10:49:14,5.33,0.01,434,231322,买盘
1689,10:49:08,5.32,--,402,213864,卖盘
1690,10:49:02,5.32,--,6,3192,卖盘
1691,10:48:59,5.32,--,10,5320,卖盘
1692,10:48:53,5.32,--,114,60648,卖盘
1693,10:48:47,5.32,--,50,26600,卖盘
1694,10:48:43,5.32,--,6,3192,卖盘
1695,10:48:38,5.32,-0.01,5,2660,卖盘
1696,10:48:32,5.33,0.01,34,18122,买盘
1697,10:48:23,5.32,-0.01,34,18088,卖盘
1698,10:48:17,5.33,0.01,20,10660,买盘
1699,10:48:13,5.32,--,20,10640,卖盘
1700,10:48:08,5.32,--,32,17024,卖盘
1701,10:48:02,5.32,-0.01,5,2660,卖盘
1702,10:47:58,5.33,--,429,228657,买盘
1703,10:47:53,5.33,0.01,456,243048,买盘
1704,10:47:43,5.32,-0.01,5,2660,卖盘
1705,10:47:38,5.33,0.01,245,130585,买盘
1706,10:47:32,5.32,--,5,2660,卖盘
1707,10:47:28,5.32,--,10,5320,卖盘
1708,10:47:23,5.32,--,4,2128,卖盘
1709,10:47:13,5.32,--,5,2660,卖盘
1710,10:47:08,5.32,-0.01,16,8512,中性盘
1711,10:47:02,5.33,0.02,537,286221,买盘
1712,10:46:58,5.31,-0.01,80,42480,卖盘
1713,10:46:53,5.32,--,167,88844,买盘
1714,10:46:47,5.32,0.01,121,64372,买盘
1715,10:46:43,5.31,-0.01,78,41418,卖盘
1716,10:46:38,5.32,0.01,91,48412,买盘
1717,10:46:32,5.31,-0.01,84,44604,卖盘
1718,10:46:28,5.32,--,569,302708,买盘
1719,10:46:23,5.32,0.01,420,223440,买盘
1720,10:46:13,5.31,-0.01,6,3185,卖盘
1721,10:46:08,5.32,0.01,35,18620,买盘
1722,10:46:02,5.31,-0.01,6,3185,卖盘
1723,10:45:58,5.32,0.01,50,26600,买盘
1724,10:45:53,5.31,-0.01,5,2655,卖盘
1725,10:45:47,5.32,0.01,157,83524,买盘
1726,10:45:43,5.31,-0.01,4,2124,卖盘
1727,10:45:38,5.32,0.01,1065,566580,买盘
1728,10:45:32,5.31,--,434,230453,卖盘
1729,10:45:28,5.31,--,1,531,卖盘
1730,10:45:23,5.31,-0.01,9,4779,卖盘
1731,10:45:17,5.32,0.01,20,10640,买盘
1732,10:45:13,5.31,-0.01,16,8496,卖盘
1733,10:45:08,5.32,0.01,5,2660,买盘
1734,10:45:02,5.31,-0.01,5,2655,卖盘
1735,10:44:58,5.32,0.01,105,55860,买盘
1736,10:44:53,5.31,-0.01,5,2655,卖盘
1737,10:44:47,5.32,--,10,5320,买盘
1738,10:44:43,5.32,--,247,131404,买盘
1739,10:44:38,5.32,0.01,86,45752,买盘
1740,10:44:32,5.31,--,9,4779,卖盘
1741,10:44:28,5.31,-0.01,185,98235,卖盘
1742,10:44:23,5.32,0.01,576,306432,买盘
1743,10:44:13,5.31,-0.01,18,9558,卖盘
1744,10:44:08,5.32,--,9,4788,买盘
1745,10:44:02,5.32,0.01,3,1596,买盘
1746,10:43:53,5.31,-0.01,24,12743,卖盘
1747,10:43:43,5.32,--,19,10108,买盘
1748,10:43:38,5.32,0.01,18,9576,买盘
1749,10:43:32,5.31,-0.01,46,24426,卖盘
1750,10:43:28,5.32,0.01,56,29792,买盘
1751,10:43:23,5.31,--,1,531,卖盘
1752,10:43:13,5.31,--,4,2124,卖盘
1753,10:43:08,5.31,--,28,14867,卖盘
1754,10:42:53,5.31,-0.01,3,1592,卖盘
1755,10:42:47,5.32,0.01,50,26600,买盘
1756,10:42:43,5.31,-0.01,122,64781,卖盘
1757,10:42:38,5.32,--,35,18620,买盘
1758,10:42:32,5.32,--,70,37240,买盘
1759,10:42:28,5.32,--,3,1596,买盘
1760,10:42:23,5.32,--,1,532,买盘
1761,10:42:17,5.32,--,48,25536,买盘
1762,10:42:11,5.32,--,20,10640,买盘
1763,10:42:08,5.32,--,28,14896,买盘
1764,10:42:02,5.32,-0.01,71,37910,卖盘
1765,10:41:56,5.33,0.01,9,4797,买盘
1766,10:41:47,5.32,--,112,59584,卖盘
1767,10:41:38,5.32,--,324,172368,卖盘
1768,10:41:32,5.32,--,278,147896,卖盘
1769,10:41:23,5.32,--,1070,569240,卖盘
1770,10:41:17,5.32,--,7,3724,卖盘
1771,10:41:11,5.32,--,509,270788,卖盘
1772,10:41:02,5.32,--,36,19152,卖盘
1773,10:40:53,5.32,--,375,199500,卖盘
1774,10:40:47,5.32,--,532,283024,卖盘
1775,10:40:32,5.32,--,5,2660,卖盘
1776,10:40:26,5.32,--,12,6384,卖盘
1777,10:40:22,5.32,--,10,5320,卖盘
1778,10:40:17,5.32,--,14,7448,卖盘
1779,10:40:11,5.32,--,206,109592,卖盘
1780,10:40:07,5.32,--,19,10108,卖盘
1781,10:39:56,5.32,-0.01,692,368144,卖盘
1782,10:39:47,5.33,0.01,1,533,买盘
1783,10:39:41,5.32,--,10,5320,卖盘
1784,10:39:37,5.32,--,100,53200,卖盘
1785,10:39:32,5.32,--,540,287280,卖盘
1786,10:39:22,5.32,--,290,154280,卖盘
1787,10:39:17,5.32,--,73,38836,卖盘
1788,10:39:07,5.32,--,57,30324,卖盘
1789,10:39:02,5.32,--,191,101612,卖盘
1790,10:38:52,5.32,--,531,282492,卖盘
1791,10:38:41,5.32,--,15,7980,卖盘
1792,10:38:32,5.32,--,5,2660,卖盘
1793,10:38:26,5.32,-0.01,10,5320,卖盘
1794,10:38:17,5.33,0.01,520,277160,买盘
1795,10:38:07,5.32,--,8,4256,卖盘
1796,10:38:02,5.32,--,40,21280,卖盘
1797,10:37:56,5.32,-0.01,30,15960,卖盘
1798,10:37:52,5.33,0.01,12,6396,买盘
1799,10:37:37,5.32,--,31,16492,卖盘
1800,10:37:32,5.32,--,90,47880,卖盘
1801,10:37:26,5.32,-0.01,30,15960,卖盘
1802,10:37:22,5.33,0.01,40,21320,买盘
1803,10:37:17,5.32,--,141,75012,卖盘
1804,10:37:07,5.32,--,112,59584,卖盘
1805,10:37:02,5.32,--,60,31920,卖盘
1806,10:36:56,5.32,--,118,62776,卖盘
1807,10:36:52,5.32,--,19,10108,卖盘
1808,10:36:37,5.32,--,20,10640,卖盘
1809,10:36:32,5.32,--,21,11172,卖盘
1810,10:36:26,5.32,--,9,4788,卖盘
1811,10:36:22,5.32,--,44,23408,卖盘
1812,10:36:17,5.32,--,343,182476,卖盘
1813,10:35:56,5.32,--,100,53200,卖盘
1814,10:35:52,5.32,--,50,26600,卖盘
1815,10:35:47,5.32,--,24,12768,卖盘
1816,10:35:41,5.32,--,52,27664,卖盘
1817,10:35:37,5.32,--,436,231952,卖盘
1818,10:35:22,5.32,--,15,7980,卖盘
1819,10:35:17,5.32,--,90,47880,卖盘
1820,10:35:11,5.32,-0.01,179,95749,卖盘
1821,10:35:02,5.33,--,2,1066,买盘
1822,10:34:56,5.33,0.01,542,288886,买盘
1823,10:34:47,5.32,--,70,37240,卖盘
1824,10:34:41,5.32,--,12,6384,卖盘
1825,10:34:37,5.32,--,154,81928,卖盘
1826,10:34:32,5.32,--,308,163856,卖盘
1827,10:34:26,5.32,--,190,101080,卖盘
1828,10:34:22,5.32,--,124,65968,卖盘
1829,10:34:07,5.32,-0.01,8,4256,卖盘
1830,10:34:01,5.33,--,3,1599,买盘
1831,10:33:56,5.33,--,1,533,买盘
1832,10:33:50,5.33,0.01,31,16523,买盘
1833,10:33:41,5.32,-0.01,77,40964,卖盘
1834,10:33:35,5.33,0.01,100,53300,买盘
1835,10:33:31,5.32,-0.01,223,118636,卖盘
1836,10:33:26,5.33,--,128,68224,买盘
1837,10:33:20,5.33,--,5,2665,买盘
1838,10:33:16,5.33,--,255,135915,买盘
1839,10:33:05,5.33,--,346,184418,买盘
1840,10:33:01,5.33,0.01,397,211601,买盘
1841,10:32:56,5.32,--,200,106400,卖盘
1842,10:32:50,5.32,--,2,1064,卖盘
1843,10:32:46,5.32,--,9,4788,卖盘
1844,10:32:41,5.32,-0.01,110,58520,卖盘
1845,10:32:35,5.33,0.01,67,35711,买盘
1846,10:32:31,5.32,-0.01,10,5320,卖盘
1847,10:32:26,5.33,0.01,360,191880,买盘
1848,10:32:20,5.32,-0.01,9,4788,卖盘
1849,10:32:11,5.33,--,69,36777,买盘
1850,10:32:05,5.33,--,110,58630,买盘
1851,10:32:01,5.33,0.01,4,2132,买盘
1852,10:31:56,5.32,--,1520,809044,卖盘
1853,10:31:46,5.32,-0.01,247,131404,卖盘
1854,10:31:41,5.33,0.01,857,456781,买盘
1855,10:31:35,5.32,-0.01,22,11704,卖盘
1856,10:31:31,5.33,0.01,1439,766987,买盘
1857,10:31:26,5.32,-0.01,9,4788,卖盘
1858,10:31:16,5.33,0.01,1,533,买盘
1859,10:31:01,5.32,--,110,58520,卖盘
1860,10:30:56,5.32,--,12,6384,卖盘
1861,10:30:50,5.32,-0.01,6,3192,卖盘
1862,10:30:46,5.33,--,58,30914,买盘
1863,10:30:41,5.33,0.01,20,10660,买盘
1864,10:30:35,5.32,-0.01,20,10640,卖盘
1865,10:30:20,5.33,--,7,3731,买盘
1866,10:30:11,5.33,0.01,476,253708,买盘
1867,10:30:01,5.32,-0.01,18,9576,卖盘
1868,10:29:56,5.33,--,978,521274,买盘
1869,10:29:50,5.33,0.01,10,5330,买盘
1870,10:29:46,5.32,--,1,532,卖盘
1871,10:29:41,5.32,--,14,7448,卖盘
1872,10:29:35,5.32,--,19,10108,卖盘
1873,10:29:31,5.32,--,89,47348,卖盘
1874,10:29:26,5.32,--,15,7980,卖盘
1875,10:29:20,5.32,--,15,7980,卖盘
1876,10:29:16,5.32,--,40,21280,卖盘
1877,10:29:11,5.32,--,136,72352,卖盘
1878,10:28:56,5.32,--,9,4788,卖盘
1879,10:28:46,5.32,-0.01,40,21280,卖盘
1880,10:28:41,5.33,--,984,524472,买盘
1881,10:28:35,5.33,0.01,114,60762,买盘
1882,10:28:31,5.32,--,180,95760,卖盘
1883,10:28:16,5.32,-0.01,60,31920,卖盘
1884,10:28:11,5.33,--,116,61828,买盘
1885,10:28:05,5.33,0.01,2,1066,买盘
1886,10:28:00,5.32,-0.01,95,50540,卖盘
1887,10:27:56,5.33,0.01,453,241449,买盘
1888,10:27:50,5.32,-0.01,62,32984,卖盘
1889,10:27:45,5.33,--,15,7995,买盘
1890,10:27:41,5.33,0.01,4,2132,买盘
1891,10:27:35,5.32,-0.01,100,53200,卖盘
1892,10:27:31,5.33,--,10,5330,买盘
1893,10:27:26,5.33,0.01,413,220129,买盘
1894,10:27:20,5.32,-0.01,728,387296,卖盘
1895,10:27:16,5.33,0.01,42,22386,买盘
1896,10:27:11,5.32,--,11,5852,卖盘
1897,10:27:05,5.32,--,103,54796,卖盘
1898,10:26:56,5.32,-0.01,215,114380,卖盘
1899,10:26:50,5.33,--,272,144976,买盘
1900,10:26:46,5.33,0.01,52,27716,买盘
1901,10:26:41,5.32,--,1010,537320,卖盘
1902,10:26:31,5.32,--,597,317604,卖盘
1903,10:26:25,5.32,0.01,760,404320,买盘
1904,10:26:15,5.31,-0.02,50,26549,卖盘
1905,10:26:11,5.33,0.01,563,300079,买盘
1906,10:26:05,5.32,--,63,33516,买盘
1907,10:26:00,5.32,--,29,15428,买盘
1908,10:25:55,5.32,--,21,11172,买盘
1909,10:25:50,5.32,0.01,315,167580,买盘
1910,10:25:44,5.31,-0.01,665,353115,卖盘
1911,10:25:40,5.32,--,86,45752,卖盘
1912,10:25:35,5.32,--,8,4256,卖盘
1913,10:25:30,5.32,--,506,269192,买盘
1914,10:25:25,5.32,--,380,202160,买盘
1915,10:25:20,5.32,0.01,204,108528,买盘
1916,10:25:15,5.31,-0.01,74,39294,卖盘
1917,10:25:10,5.32,--,15,7980,买盘
1918,10:25:05,5.32,0.01,134,71288,买盘
1919,10:25:00,5.31,-0.01,10,5310,卖盘
1920,10:24:55,5.32,0.01,700,372400,买盘
1921,10:24:50,5.31,-0.01,38,20178,卖盘
1922,10:24:44,5.32,0.01,138,73416,买盘
1923,10:24:40,5.31,--,500,265500,卖盘
1924,10:24:35,5.31,--,105,55754,卖盘
1925,10:24:29,5.31,-0.01,16,8496,卖盘
1926,10:24:25,5.32,--,1,532,买盘
1927,10:24:20,5.32,--,10,5320,买盘
1928,10:24:14,5.32,--,122,64904,买盘
1929,10:24:10,5.32,--,66,35112,买盘
1930,10:24:05,5.32,--,430,228760,买盘
1931,10:23:55,5.32,0.01,25,13300,买盘
1932,10:23:50,5.31,--,45,23895,卖盘
1933,10:23:44,5.31,-0.01,111,58940,卖盘
1934,10:23:29,5.32,--,289,153748,买盘
1935,10:23:25,5.32,--,229,121828,卖盘
1936,10:23:20,5.32,--,1492,793744,买盘
1937,10:23:10,5.32,0.01,6,3192,买盘
1938,10:23:05,5.31,-0.01,40,21240,卖盘
1939,10:22:59,5.32,0.01,50,26600,买盘
1940,10:22:54,5.31,-0.01,150,79650,卖盘
1941,10:22:50,5.32,--,933,496356,买盘
1942,10:22:44,5.32,0.01,8,4256,买盘
1943,10:22:39,5.31,-0.01,246,130625,卖盘
1944,10:22:35,5.32,--,492,261744,买盘
1945,10:22:29,5.32,0.01,10,5320,买盘
1946,10:22:20,5.31,-0.01,10,5310,卖盘
1947,10:22:14,5.32,--,428,227696,买盘
1948,10:22:09,5.32,0.01,5,2660,买盘
1949,10:22:05,5.31,--,55,29204,卖盘
1950,10:21:54,5.31,-0.01,27,14336,卖盘
1951,10:21:50,5.32,--,20,10640,买盘
1952,10:21:44,5.32,0.01,4,2128,买盘
1953,10:21:39,5.31,-0.01,130,69030,卖盘
1954,10:21:35,5.32,--,10,5320,买盘
1955,10:21:29,5.32,--,119,63308,买盘
1956,10:21:24,5.32,0.01,23,12236,买盘
1957,10:21:20,5.31,-0.01,174,92394,卖盘
1958,10:21:09,5.32,0.01,1637,870884,买盘
1959,10:21:05,5.31,-0.01,171,90801,卖盘
1960,10:20:59,5.32,--,437,232484,买盘
1961,10:20:54,5.32,0.01,1502,799064,买盘
1962,10:20:50,5.31,-0.01,8,4248,卖盘
1963,10:20:44,5.32,0.01,448,238336,买盘
1964,10:20:39,5.31,-0.01,1379,732249,卖盘
1965,10:20:35,5.32,0.01,705,375060,买盘
1966,10:20:29,5.31,-0.01,252,133812,卖盘
1967,10:20:24,5.32,--,350,186200,买盘
1968,10:20:14,5.32,0.01,25,13300,买盘
1969,10:20:05,5.31,--,28,14867,卖盘
1970,10:19:50,5.31,-0.01,511,271341,卖盘
1971,10:19:39,5.32,--,10,5320,买盘
1972,10:19:35,5.32,--,200,106400,买盘
1973,10:19:24,5.32,--,110,58520,买盘
1974,10:19:14,5.32,--,21,11172,买盘
1975,10:19:09,5.32,0.01,5,2660,买盘
1976,10:19:05,5.31,-0.01,501,266031,卖盘
1977,10:18:59,5.32,0.01,20,10640,买盘
1978,10:18:54,5.31,--,4,2124,卖盘
1979,10:18:50,5.31,--,312,165672,卖盘
1980,10:18:35,5.31,-0.01,19,10089,卖盘
1981,10:18:24,5.32,--,5,2660,买盘
1982,10:18:20,5.32,--,11,5852,买盘
1983,10:18:14,5.32,0.01,17,9044,买盘
1984,10:18:09,5.31,-0.01,2,1062,卖盘
1985,10:18:04,5.32,--,5,2660,买盘
1986,10:17:59,5.32,0.01,234,124488,买盘
1987,10:17:54,5.31,--,59,31328,卖盘
1988,10:17:49,5.31,--,2152,1142712,卖盘
1989,10:17:44,5.31,--,2,1062,卖盘
1990,10:17:39,5.31,--,60,31859,卖盘
1991,10:17:34,5.31,-0.01,22,11682,卖盘
1992,10:17:29,5.32,0.01,20,10640,买盘
1993,10:17:24,5.31,-0.01,68,36108,卖盘
1994,10:17:19,5.32,0.01,139,73948,买盘
1995,10:17:09,5.31,-0.01,50,26549,卖盘
1996,10:17:04,5.32,0.01,580,308560,买盘
1997,10:16:59,5.31,--,200,106199,卖盘
1998,10:16:54,5.31,--,641,340371,卖盘
1999,10:16:49,5.31,-0.01,66,35046,卖盘
2000,10:16:44,5.32,--,154,81928,买盘
2001,10:16:38,5.32,0.01,36,19152,买盘
2002,10:16:34,5.31,--,21,11151,卖盘
2003,10:16:29,5.31,--,312,165672,卖盘
2004,10:16:23,5.31,-0.01,17,9027,卖盘
2005,10:16:19,5.32,--,80,42560,买盘
2006,10:16:14,5.32,0.01,2250,1197000,买盘
2007,10:16:08,5.31,-0.01,300,159300,卖盘
2008,10:16:04,5.32,0.01,234,124488,买盘
2009,10:15:59,5.31,-0.01,782,415241,卖盘
2010,10:15:49,5.32,0.01,363,193116,买盘
2011,10:15:44,5.31,--,183,97173,卖盘
2012,10:15:38,5.31,-0.01,244,129563,卖盘
2013,10:15:34,5.32,--,31,16492,买盘
2014,10:15:29,5.32,0.01,513,272916,买盘
2015,10:15:19,5.31,-0.01,43,22833,卖盘
2016,10:15:14,5.32,0.01,268,142576,买盘
2017,10:15:03,5.31,--,131,69561,卖盘
2018,10:14:48,5.31,--,70,37170,卖盘
2019,10:14:44,5.31,--,40,21240,卖盘
2020,10:14:38,5.31,--,210,111509,卖盘
2021,10:14:33,5.31,--,125,66375,卖盘
2022,10:14:29,5.31,-0.01,14,7433,卖盘
2023,10:14:18,5.32,0.01,873,464436,买盘
2024,10:14:14,5.31,--,149,79119,卖盘
2025,10:14:08,5.31,--,15,7964,卖盘
2026,10:14:03,5.31,--,120,63719,卖盘
2027,10:13:48,5.31,--,300,159300,卖盘
2028,10:13:44,5.31,-0.01,653,346743,卖盘
2029,10:13:33,5.32,0.01,20,10640,买盘
2030,10:13:29,5.31,-0.01,214,113633,卖盘
2031,10:13:23,5.32,--,10,5320,买盘
2032,10:13:18,5.32,0.01,388,206416,买盘
2033,10:13:14,5.31,-0.01,50,26549,卖盘
2034,10:13:03,5.32,0.01,324,172368,买盘
2035,10:12:59,5.31,-0.01,28,14867,卖盘
2036,10:12:53,5.32,--,2,1064,买盘
2037,10:12:43,5.32,0.01,32,17024,买盘
2038,10:12:38,5.31,-0.01,9,4779,卖盘
2039,10:12:33,5.32,--,334,177688,卖盘
2040,10:12:29,5.32,--,484,257488,卖盘
2041,10:12:18,5.32,--,1678,892696,卖盘
2042,10:12:13,5.32,--,110,58520,卖盘
2043,10:12:08,5.32,--,131,69692,卖盘
2044,10:12:03,5.32,--,566,301218,卖盘
2045,10:11:58,5.32,-0.01,797,424004,卖盘
2046,10:11:53,5.33,0.01,341,181753,买盘
2047,10:11:48,5.32,--,808,429856,卖盘
2048,10:11:38,5.32,--,87,46284,卖盘
2049,10:11:33,5.32,--,358,190456,卖盘
2050,10:11:28,5.32,--,130,69160,卖盘
2051,10:11:23,5.32,--,158,84098,卖盘
2052,10:11:18,5.32,--,20,10640,卖盘
2053,10:11:13,5.32,--,306,162792,卖盘
2054,10:11:08,5.32,--,28,14896,卖盘
2055,10:11:03,5.32,--,10,5320,卖盘
2056,10:10:58,5.32,-0.01,752,400064,卖盘
2057,10:10:53,5.33,0.01,300,159900,买盘
2058,10:10:48,5.32,--,243,129276,卖盘
2059,10:10:43,5.32,--,195,103740,卖盘
2060,10:10:38,5.32,--,219,116508,卖盘
2061,10:10:33,5.32,--,81,43092,卖盘
2062,10:10:28,5.32,--,521,277172,卖盘
2063,10:10:23,5.32,-0.01,5,2660,卖盘
2064,10:10:13,5.33,0.01,164,87412,买盘
2065,10:10:03,5.32,--,89,47348,卖盘
2066,10:09:58,5.32,-0.01,175,93100,卖盘
2067,10:09:53,5.33,0.01,420,223860,买盘
2068,10:09:43,5.32,--,34,18088,卖盘
2069,10:09:33,5.32,-0.01,550,292600,卖盘
2070,10:09:28,5.33,--,133,70889,买盘
2071,10:09:23,5.33,--,313,166829,买盘
2072,10:09:17,5.33,0.01,10,5330,买盘
2073,10:09:08,5.32,-0.01,9,4788,卖盘
2074,10:09:02,5.33,0.01,18,9594,买盘
2075,10:08:58,5.32,--,104,55328,卖盘
2076,10:08:53,5.32,--,902,479864,卖盘
2077,10:08:47,5.32,--,24,12768,卖盘
2078,10:08:43,5.32,--,151,80332,卖盘
2079,10:08:38,5.32,-0.01,438,233016,卖盘
2080,10:08:28,5.33,--,210,111930,买盘
2081,10:08:23,5.33,--,11,5863,买盘
2082,10:08:17,5.33,--,46,24518,买盘
2083,10:08:08,5.33,--,24,12792,买盘
2084,10:08:02,5.33,--,100,53300,买盘
2085,10:07:57,5.33,--,221,117793,买盘
2086,10:07:53,5.33,--,806,429598,买盘
2087,10:07:47,5.33,0.01,4,2132,买盘
2088,10:07:42,5.32,-0.01,99,52668,卖盘
2089,10:07:38,5.33,--,17,9061,买盘
2090,10:07:32,5.33,--,301,160433,买盘
2091,10:07:27,5.33,0.01,555,295815,买盘
2092,10:07:23,5.32,-0.01,18,9576,卖盘
2093,10:07:12,5.33,--,185,98605,买盘
2094,10:07:08,5.33,--,377,200941,买盘
2095,10:07:02,5.33,0.01,3,1599,买盘
2096,10:06:57,5.32,-0.01,10,5320,卖盘
2097,10:06:53,5.33,--,394,210002,买盘
2098,10:06:42,5.33,--,91,48503,买盘
2099,10:06:38,5.33,--,134,71422,买盘
2100,10:06:23,5.33,--,16,8528,买盘
2101,10:06:17,5.33,--,424,225992,买盘
2102,10:06:12,5.33,--,3,1599,买盘
2103,10:06:08,5.33,0.01,390,207870,买盘
2104,10:06:02,5.32,--,1,532,卖盘
2105,10:05:57,5.32,-0.01,70,37240,卖盘
2106,10:05:53,5.33,0.01,329,175357,买盘
2107,10:05:42,5.32,-0.01,7,3724,卖盘
2108,10:05:38,5.33,--,358,190814,买盘
2109,10:05:32,5.33,--,195,103935,买盘
2110,10:05:27,5.33,--,3,1599,买盘
2111,10:05:22,5.33,--,52,27716,买盘
2112,10:05:17,5.33,-0.01,334,178022,卖盘
2113,10:05:12,5.34,0.01,223,119082,买盘
2114,10:05:08,5.33,--,280,149240,买盘
2115,10:05:02,5.33,--,21,11193,买盘
2116,10:04:57,5.33,--,115,61295,买盘
2117,10:04:52,5.33,0.01,860,458380,买盘
2118,10:04:47,5.32,--,200,106400,卖盘
2119,10:04:42,5.32,-0.01,45,23940,卖盘
2120,10:04:37,5.33,0.01,331,176423,买盘
2121,10:04:32,5.32,--,9,4788,卖盘
2122,10:04:27,5.32,-0.01,60,31920,卖盘
2123,10:04:22,5.33,--,98,52234,买盘
2124,10:04:17,5.33,--,420,223860,买盘
2125,10:04:12,5.33,0.01,1,533,买盘
2126,10:04:07,5.32,-0.01,669,355908,卖盘
2127,10:04:02,5.33,--,88,46904,买盘
2128,10:03:57,5.33,0.01,5,2665,买盘
2129,10:03:52,5.32,-0.01,340,180880,卖盘
2130,10:03:42,5.33,--,38,20254,买盘
2131,10:03:37,5.33,--,447,238251,买盘
2132,10:03:27,5.33,--,13,6929,买盘
2133,10:03:22,5.33,--,3,1599,买盘
2134,10:03:17,5.33,--,448,238784,买盘
2135,10:03:12,5.33,0.01,399,212667,买盘
2136,10:03:07,5.32,--,37,19684,卖盘
2137,10:03:02,5.32,--,61,32452,卖盘
2138,10:02:57,5.32,-0.01,20,10640,卖盘
2139,10:02:52,5.33,--,716,381628,买盘
2140,10:02:47,5.33,--,106,56498,买盘
2141,10:02:42,5.33,0.01,81,43173,买盘
2142,10:02:37,5.32,-0.01,10,5320,卖盘
2143,10:02:32,5.33,0.01,328,174824,买盘
2144,10:02:27,5.32,-0.01,344,183008,卖盘
2145,10:02:12,5.33,0.01,70,37310,买盘
2146,10:02:07,5.32,--,36,19152,卖盘
2147,10:02:02,5.32,--,35,18620,卖盘
2148,10:01:57,5.32,-0.01,27,14364,卖盘
2149,10:01:52,5.33,0.01,305,162565,买盘
2150,10:01:47,5.32,-0.01,1,532,卖盘
2151,10:01:42,5.33,0.01,114,60762,买盘
2152,10:01:37,5.32,--,47,25004,卖盘
2153,10:01:32,5.32,--,285,151620,卖盘
2154,10:01:26,5.32,--,150,79800,卖盘
2155,10:01:17,5.32,-0.01,15,7980,卖盘
2156,10:01:12,5.33,0.01,611,325663,买盘
2157,10:01:07,5.32,--,48,25536,卖盘
2158,10:01:02,5.32,--,373,198436,卖盘
2159,10:00:56,5.32,-0.01,5,2660,卖盘
2160,10:00:52,5.33,0.01,601,320333,买盘
2161,10:00:47,5.32,--,2,1064,卖盘
2162,10:00:37,5.32,-0.01,450,239400,卖盘
2163,10:00:32,5.33,0.01,274,146042,买盘
2164,10:00:22,5.32,-0.01,129,68628,卖盘
2165,10:00:17,5.33,0.01,218,116194,买盘
2166,10:00:11,5.32,--,9,4788,卖盘
2167,10:00:07,5.32,-0.01,20,10640,卖盘
2168,10:00:02,5.33,--,779,415207,买盘
2169,09:59:56,5.33,0.01,1,533,买盘
2170,09:59:51,5.32,--,767,408044,卖盘
2171,09:59:47,5.32,-0.01,827,440054,卖盘
2172,09:59:37,5.33,--,416,221728,买盘
2173,09:59:32,5.33,0.01,298,158834,买盘
2174,09:59:26,5.32,--,101,53732,卖盘
2175,09:59:17,5.32,--,100,53200,卖盘
2176,09:59:11,5.32,--,80,42560,卖盘
2177,09:59:06,5.32,-0.01,159,84588,卖盘
2178,09:59:02,5.33,0.01,409,217997,买盘
2179,09:58:56,5.32,--,15,7980,卖盘
2180,09:58:51,5.32,--,1026,545832,卖盘
2181,09:58:47,5.32,-0.01,29,15428,买盘
2182,09:58:41,5.33,--,0,0,买盘
2183,09:58:36,5.33,0.01,592,315536,买盘
2184,09:58:31,5.32,--,403,214396,买盘
2185,09:58:26,5.32,0.01,1,532,买盘
2186,09:58:21,5.31,--,26,13805,卖盘
2187,09:58:16,5.31,-0.01,24,12743,卖盘
2188,09:58:11,5.32,0.01,10,5320,买盘
2189,09:58:06,5.31,-0.01,10,5310,卖盘
2190,09:58:01,5.32,--,425,226100,买盘
2191,09:57:56,5.32,--,3,1596,买盘
2192,09:57:51,5.32,0.01,107,56924,买盘
2193,09:57:46,5.31,-0.01,541,287271,卖盘
2194,09:57:36,5.32,--,65,34580,买盘
2195,09:57:31,5.32,--,811,431452,买盘
2196,09:57:21,5.32,-0.01,327,173964,卖盘
2197,09:57:16,5.33,0.01,1087,579371,买盘
2198,09:57:06,5.32,--,115,61180,卖盘
2199,09:57:01,5.32,--,192,102144,卖盘
2200,09:56:56,5.32,--,51,27132,买盘
2201,09:56:51,5.32,-0.01,314,167048,卖盘
2202,09:56:46,5.33,0.02,480,255840,买盘
2203,09:56:41,5.31,-0.01,202,107261,卖盘
2204,09:56:36,5.32,--,101,53732,买盘
2205,09:56:31,5.32,--,488,259616,买盘
2206,09:56:26,5.32,--,1288,685216,买盘
2207,09:56:21,5.32,--,1259,670314,卖盘
2208,09:56:16,5.32,-0.01,1067,567644,卖盘
2209,09:56:11,5.33,--,225,119925,买盘
2210,09:56:06,5.33,--,268,142844,买盘
2211,09:56:01,5.33,--,299,159367,买盘
2212,09:55:56,5.33,--,351,187083,买盘
2213,09:55:51,5.33,0.01,591,315003,买盘
2214,09:55:46,5.32,--,418,222376,卖盘
2215,09:55:41,5.32,--,30,15960,卖盘
2216,09:55:36,5.32,--,282,150024,卖盘
2217,09:55:31,5.32,-0.01,352,187264,卖盘
2218,09:55:26,5.33,--,507,270231,买盘
2219,09:55:21,5.33,--,844,449852,买盘
2220,09:55:16,5.33,0.01,225,119925,买盘
2221,09:55:11,5.32,--,233,123956,卖盘
2222,09:55:06,5.32,-0.01,166,88312,卖盘
2223,09:55:01,5.33,--,290,154570,买盘
2224,09:54:56,5.33,--,283,150839,买盘
2225,09:54:51,5.33,0.01,315,167895,买盘
2226,09:54:46,5.32,-0.01,480,255365,卖盘
2227,09:54:41,5.33,--,160,85280,买盘
2228,09:54:36,5.33,--,220,117260,买盘
2229,09:54:31,5.33,--,72,38376,买盘
2230,09:54:21,5.33,0.01,1530,815490,买盘
2231,09:54:16,5.32,--,3792,2017344,卖盘
2232,09:54:11,5.32,--,134,71288,卖盘
2233,09:54:06,5.32,-0.01,83,44156,卖盘
2234,09:54:01,5.33,0.01,42,22386,买盘
2235,09:53:56,5.32,--,882,469224,卖盘
2236,09:53:50,5.32,--,293,155876,卖盘
2237,09:53:46,5.32,--,35,18620,卖盘
2238,09:53:41,5.32,--,278,147896,卖盘
2239,09:53:35,5.32,--,66,35112,卖盘
2240,09:53:31,5.32,-0.01,171,90972,卖盘
2241,09:53:26,5.33,0.01,48,25584,买盘
2242,09:53:20,5.32,--,4,2128,卖盘
2243,09:53:16,5.32,-0.01,190,101080,卖盘
2244,09:53:11,5.33,--,400,213200,买盘
2245,09:52:56,5.33,--,305,162565,买盘
2246,09:52:50,5.33,--,803,427999,买盘
2247,09:52:46,5.33,0.01,247,131651,买盘
2248,09:52:41,5.32,-0.01,152,80864,卖盘
2249,09:52:30,5.33,--,160,85280,买盘
2250,09:52:25,5.33,--,747,398151,买盘
2251,09:52:15,5.33,0.01,219,116727,买盘
2252,09:52:11,5.32,--,201,106932,卖盘
2253,09:52:05,5.32,--,221,117572,卖盘
2254,09:52:00,5.32,-0.01,270,143640,卖盘
2255,09:51:55,5.33,0.01,503,268099,买盘
2256,09:51:50,5.32,-0.01,7,3724,卖盘
2257,09:51:45,5.33,--,83,44239,买盘
2258,09:51:41,5.33,0.01,566,301678,买盘
2259,09:51:35,5.32,--,42,22344,卖盘
2260,09:51:30,5.32,-0.01,70,37240,卖盘
2261,09:51:26,5.33,0.01,306,163098,买盘
2262,09:51:20,5.32,--,10,5320,买盘
2263,09:51:15,5.32,--,180,95760,买盘
2264,09:51:10,5.32,--,2083,1108156,卖盘
2265,09:51:00,5.32,-0.01,205,109060,卖盘
2266,09:50:55,5.33,--,822,438126,买盘
2267,09:50:50,5.33,0.01,9,4797,买盘
2268,09:50:45,5.32,--,85,45220,卖盘
2269,09:50:40,5.32,--,205,109060,卖盘
2270,09:50:35,5.32,--,50,26600,卖盘
2271,09:50:30,5.32,--,530,281960,卖盘
2272,09:50:25,5.32,--,716,380912,卖盘
2273,09:50:20,5.32,--,7,3724,卖盘
2274,09:50:15,5.32,--,459,244188,卖盘
2275,09:50:10,5.32,--,13,6916,卖盘
2276,09:50:05,5.32,--,144,76608,卖盘
2277,09:50:00,5.32,--,3,1596,卖盘
2278,09:49:55,5.32,--,491,261212,卖盘
2279,09:49:45,5.32,--,120,63840,卖盘
2280,09:49:40,5.32,--,294,156408,卖盘
2281,09:49:35,5.32,--,8,4256,买盘
2282,09:49:30,5.32,0.01,170,90440,买盘
2283,09:49:25,5.31,-0.01,738,391878,卖盘
2284,09:49:20,5.32,--,67,35644,买盘
2285,09:49:15,5.32,--,416,221312,买盘
2286,09:49:10,5.32,--,207,110124,买盘
2287,09:49:05,5.32,--,635,337820,买盘
2288,09:49:00,5.32,--,224,119168,买盘
2289,09:48:55,5.32,0.01,3505,1864660,买盘
2290,09:48:50,5.31,--,50,26549,卖盘
2291,09:48:45,5.31,-0.01,40,21240,卖盘
2292,09:48:40,5.32,0.01,115,61180,买盘
2293,09:48:35,5.31,--,54,28673,卖盘
2294,09:48:30,5.31,--,32,16992,卖盘
2295,09:48:25,5.31,-0.01,3064,1626983,卖盘
2296,09:48:20,5.32,--,101,53732,买盘
2297,09:48:15,5.32,0.01,75,39900,买盘
2298,09:48:10,5.31,-0.01,105,55754,卖盘
2299,09:48:05,5.32,--,2,1064,买盘
2300,09:48:00,5.32,0.01,30,15960,买盘
2301,09:47:55,5.31,--,1,531,卖盘
2302,09:47:50,5.31,--,310,164610,卖盘
2303,09:47:45,5.31,-0.01,165,87615,卖盘
2304,09:47:40,5.32,0.01,10,5320,买盘
2305,09:47:35,5.31,-0.01,247,131157,卖盘
2306,09:47:30,5.32,0.01,281,149492,买盘
2307,09:47:25,5.31,-0.01,51,27080,卖盘
2308,09:47:20,5.32,0.01,39,20748,买盘
2309,09:47:15,5.31,--,207,109916,卖盘
2310,09:47:10,5.31,--,50,26549,卖盘
2311,09:47:05,5.31,--,425,225674,卖盘
2312,09:47:00,5.31,-0.01,150,79650,卖盘
2313,09:46:55,5.32,--,544,289408,买盘
2314,09:46:50,5.32,--,15,7980,买盘
2315,09:46:44,5.32,--,111,59052,买盘
2316,09:46:40,5.32,--,84,44688,买盘
2317,09:46:34,5.32,--,50,26600,买盘
2318,09:46:30,5.32,--,394,209608,买盘
2319,09:46:25,5.32,--,69,36708,买盘
2320,09:46:20,5.32,--,60,31920,买盘
2321,09:46:14,5.32,--,659,350588,买盘
2322,09:46:10,5.32,--,151,80332,买盘
2323,09:46:05,5.32,0.01,207,110124,买盘
2324,09:45:59,5.31,-0.01,321,170451,卖盘
2325,09:45:55,5.32,0.01,332,176624,买盘
2326,09:45:50,5.31,-0.01,632,335592,卖盘
2327,09:45:44,5.32,--,265,140980,买盘
2328,09:45:40,5.32,0.01,830,441560,买盘
2329,09:45:35,5.31,-0.01,80,42480,卖盘
2330,09:45:29,5.32,--,41,21812,买盘
2331,09:45:25,5.32,--,5,2660,买盘
2332,09:45:20,5.32,--,201,106932,买盘
2333,09:45:14,5.32,--,52,27664,买盘
2334,09:45:10,5.32,--,504,268128,买盘
2335,09:45:04,5.32,0.01,76,40432,买盘
2336,09:44:59,5.31,-0.01,237,125846,卖盘
2337,09:44:54,5.32,0.01,391,208012,买盘
2338,09:44:49,5.31,-0.01,65,34515,卖盘
2339,09:44:44,5.32,0.01,12,6384,买盘
2340,09:44:39,5.31,--,127,67437,卖盘
2341,09:44:34,5.31,-0.01,599,318069,卖盘
2342,09:44:29,5.32,0.01,40,21280,买盘
2343,09:44:24,5.31,-0.01,114,60533,卖盘
2344,09:44:19,5.32,0.01,142,75544,买盘
2345,09:44:14,5.31,--,110,58409,卖盘
2346,09:44:09,5.31,-0.01,48,25487,卖盘
2347,09:44:04,5.32,--,10,5320,买盘
2348,09:43:59,5.32,0.01,50,26600,买盘
2349,09:43:54,5.31,--,148,78588,卖盘
2350,09:43:49,5.31,-0.01,464,246383,卖盘
2351,09:43:44,5.32,0.01,179,95228,买盘
2352,09:43:39,5.31,--,58,30797,卖盘
2353,09:43:34,5.31,--,114,60533,卖盘
2354,09:43:29,5.31,-0.01,700,371700,卖盘
2355,09:43:24,5.32,--,378,201096,买盘
2356,09:43:19,5.32,0.01,549,292068,买盘
2357,09:43:14,5.31,--,79,41949,卖盘
2358,09:43:09,5.31,-0.01,75,39825,卖盘
2359,09:43:04,5.32,0.01,70,37240,买盘
2360,09:42:59,5.31,--,54,28673,卖盘
2361,09:42:49,5.31,-0.01,407,216116,卖盘
2362,09:42:39,5.32,--,112,59584,买盘
2363,09:42:34,5.32,0.01,536,285152,买盘
2364,09:42:29,5.31,-0.01,700,371700,卖盘
2365,09:42:24,5.32,--,1511,803852,买盘
2366,09:42:19,5.32,--,47,25004,买盘
2367,09:42:14,5.32,--,116,61712,买盘
2368,09:42:09,5.32,--,72,38304,买盘
2369,09:42:04,5.32,--,198,105336,买盘
2370,09:41:59,5.32,--,675,359100,买盘
2371,09:41:54,5.32,--,155,82460,卖盘
2372,09:41:49,5.32,--,388,206416,买盘
2373,09:41:44,5.32,--,55,29260,买盘
2374,09:41:39,5.32,--,100,53200,买盘
2375,09:41:34,5.32,0.01,233,123956,买盘
2376,09:41:29,5.31,--,71,37701,卖盘
2377,09:41:24,5.31,-0.01,1477,784287,卖盘
2378,09:41:19,5.32,--,600,319200,卖盘
2379,09:41:13,5.32,--,109,57988,买盘
2380,09:41:09,5.32,--,369,196308,卖盘
2381,09:41:04,5.32,--,1402,745864,卖盘
2382,09:40:58,5.32,--,1755,933660,买盘
2383,09:40:54,5.32,0.01,974,518168,买盘
2384,09:40:49,5.31,-0.01,721,382851,卖盘
2385,09:40:44,5.32,0.01,124,65968,买盘
2386,09:40:39,5.31,-0.01,143,75933,卖盘
2387,09:40:34,5.32,--,1248,663936,买盘
2388,09:40:29,5.32,0.01,834,443688,买盘
2389,09:40:24,5.31,--,640,339840,卖盘
2390,09:40:19,5.31,--,271,143901,卖盘
2391,09:40:14,5.31,-0.01,339,180009,卖盘
2392,09:40:09,5.32,0.01,284,151088,买盘
2393,09:40:04,5.31,--,725,384975,卖盘
2394,09:39:59,5.31,--,823,437023,卖盘
2395,09:39:54,5.31,--,145,76995,卖盘
2396,09:39:48,5.31,--,330,175230,卖盘
2397,09:39:44,5.31,--,125,66375,卖盘
2398,09:39:38,5.31,--,298,158238,卖盘
2399,09:39:33,5.31,-0.01,709,376479,卖盘
2400,09:39:29,5.32,--,15,7980,买盘
2401,09:39:24,5.32,0.01,462,245784,买盘
2402,09:39:18,5.31,--,162,86022,卖盘
2403,09:39:14,5.31,-0.01,651,345681,卖盘
2404,09:39:09,5.32,0.01,350,186200,买盘
2405,09:39:03,5.31,-0.01,391,207620,卖盘
2406,09:38:58,5.32,--,30,15960,买盘
2407,09:38:53,5.32,--,68,36176,买盘
2408,09:38:48,5.32,--,368,195776,买盘
2409,09:38:44,5.32,--,36,19152,买盘
2410,09:38:38,5.32,--,219,116508,买盘
2411,09:38:33,5.32,--,383,203756,买盘
2412,09:38:28,5.32,--,1681,894292,买盘
2413,09:38:23,5.32,0.01,5,2660,买盘
2414,09:38:18,5.31,-0.01,851,451880,卖盘
2415,09:38:14,5.32,--,1166,620312,买盘
2416,09:38:08,5.32,-0.01,3968,2110976,卖盘
2417,09:38:03,5.33,0.01,501,267033,买盘
2418,09:37:58,5.32,--,125,66500,卖盘
2419,09:37:53,5.32,--,30,15960,卖盘
2420,09:37:48,5.32,--,221,117572,卖盘
2421,09:37:43,5.32,--,649,345268,卖盘
2422,09:37:38,5.32,-0.01,179,95228,卖盘
2423,09:37:33,5.33,0.01,189,100737,买盘
2424,09:37:28,5.32,--,107,56924,卖盘
2425,09:37:23,5.32,-0.01,15,7980,卖盘
2426,09:37:18,5.33,0.01,50,26650,买盘
2427,09:37:13,5.32,--,38,20216,卖盘
2428,09:37:08,5.32,-0.01,726,386232,卖盘
2429,09:37:03,5.33,--,800,426400,买盘
2430,09:36:58,5.33,--,35,18655,买盘
2431,09:36:53,5.33,--,35,18655,买盘
2432,09:36:48,5.33,0.01,525,279825,买盘
2433,09:36:43,5.32,-0.01,702,373464,卖盘
2434,09:36:38,5.33,--,30,15990,买盘
2435,09:36:33,5.33,--,82,43706,买盘
2436,09:36:28,5.33,--,38,20254,卖盘
2437,09:36:23,5.33,--,42,22386,卖盘
2438,09:36:18,5.33,--,186,99138,买盘
2439,09:36:13,5.33,-0.01,68,36409,卖盘
2440,09:36:08,5.34,0.01,113,60342,买盘
2441,09:36:03,5.33,--,643,342719,卖盘
2442,09:35:58,5.33,--,132,70356,卖盘
2443,09:35:53,5.33,-0.01,129,68757,卖盘
2444,09:35:48,5.34,0.01,1362,727308,买盘
2445,09:35:43,5.33,--,318,169494,卖盘
2446,09:35:38,5.33,--,120,63960,卖盘
2447,09:35:33,5.33,--,10,5330,卖盘
2448,09:35:28,5.33,--,1125,599625,卖盘
2449,09:35:23,5.33,--,170,90610,卖盘
2450,09:35:18,5.33,--,113,60229,卖盘
2451,09:35:13,5.33,--,52,27716,卖盘
2452,09:35:08,5.33,--,35,18655,卖盘
2453,09:35:03,5.33,--,40,21320,卖盘
2454,09:34:58,5.33,-0.01,205,109265,卖盘
2455,09:34:48,5.34,0.01,204,108936,买盘
2456,09:34:43,5.33,-0.01,435,231855,卖盘
2457,09:34:38,5.34,--,7,3738,买盘
2458,09:34:33,5.34,0.01,168,89712,买盘
2459,09:34:28,5.33,-0.01,348,185851,卖盘
2460,09:34:22,5.34,0.01,598,319332,买盘
2461,09:34:18,5.33,--,615,327795,卖盘
2462,09:34:13,5.33,--,40,21320,卖盘
2463,09:34:07,5.33,--,152,81016,卖盘
2464,09:34:03,5.33,-0.01,74,39442,卖盘
2465,09:33:58,5.34,0.01,116,61944,买盘
2466,09:33:52,5.33,--,346,184418,卖盘
2467,09:33:48,5.33,-0.01,317,168961,卖盘
2468,09:33:43,5.34,--,663,354042,买盘
2469,09:33:38,5.34,--,10,5340,买盘
2470,09:33:33,5.34,0.01,628,335352,买盘
2471,09:33:28,5.33,--,142,75686,卖盘
2472,09:33:22,5.33,--,40,21320,卖盘
2473,09:33:17,5.33,--,210,111930,卖盘
2474,09:33:13,5.33,-0.01,785,418405,卖盘
2475,09:33:07,5.34,--,26,13884,买盘
2476,09:33:03,5.34,0.01,10,5340,买盘
2477,09:32:58,5.33,--,405,215865,卖盘
2478,09:32:52,5.33,--,129,68757,卖盘
2479,09:32:48,5.33,--,702,374166,卖盘
2480,09:32:43,5.33,--,299,159367,卖盘
2481,09:32:37,5.33,-0.01,1,533,卖盘
2482,09:32:33,5.34,--,493,263262,买盘
2483,09:32:28,5.34,--,95,50730,买盘
2484,09:32:18,5.34,--,645,344430,买盘
2485,09:32:12,5.34,0.01,86,45924,买盘
2486,09:32:07,5.33,--,6,3198,卖盘
2487,09:32:02,5.33,-0.02,1573,838409,卖盘
2488,09:31:57,5.35,0.02,424,226839,买盘
2489,09:31:47,5.33,--,83,44239,卖盘
2490,09:31:42,5.33,--,1345,716885,卖盘
2491,09:31:37,5.33,-0.01,180,95940,卖盘
2492,09:31:32,5.34,0.01,2028,1082952,买盘
2493,09:31:27,5.33,-0.01,142,75686,卖盘
2494,09:31:22,5.34,0.01,281,150054,买盘
2495,09:31:17,5.33,-0.01,241,128453,卖盘
2496,09:31:12,5.34,--,368,196512,买盘
2497,09:31:07,5.34,0.01,972,519048,买盘
2498,09:31:02,5.33,--,81,43173,卖盘
2499,09:30:57,5.33,-0.01,127,67691,卖盘
2500,09:30:52,5.34,--,180,96120,买盘
2501,09:30:47,5.34,0.01,215,114810,买盘
2502,09:30:42,5.33,--,216,115128,卖盘
2503,09:30:37,5.33,-0.01,10,5330,卖盘
2504,09:30:32,5.34,--,319,170346,买盘
2505,09:30:27,5.34,--,451,240834,买盘
2506,09:30:22,5.34,--,140,74760,卖盘
2507,09:30:17,5.34,--,21,11214,卖盘
2508,09:30:11,5.34,-0.01,416,222144,卖盘
2509,09:30:07,5.35,--,1456,778960,买盘
2510,09:28:47,5.35,--,0,0,买盘
2511,09:25:04,5.35,5.35,6439,3444865,买盘
