,time,price,change,volume,amount,type
0,15:00:00,9.9,--,0,0,卖盘
1,15:00:00,9.9,--,0,0,卖盘
2,15:00:00,9.9,--,30,29700,卖盘
3,14:59:57,9.9,--,30,29700,卖盘
4,14:59:52,9.9,-0.01,178,176220,卖盘
5,14:59:42,9.91,--,21,20811,买盘
6,14:59:37,9.91,0.01,48,47568,买盘
7,14:59:31,9.9,--,11,10890,卖盘
8,14:59:27,9.9,--,66,65340,卖盘
9,14:59:22,9.9,--,3,2970,卖盘
10,14:59:12,9.9,--,7,6930,卖盘
11,14:59:07,9.9,--,30,29700,卖盘
12,14:59:01,9.9,--,10,10464,买盘
13,14:58:57,9.9,0.01,176,174240,买盘
14,14:58:52,9.89,-0.01,21,20769,卖盘
15,14:58:46,9.9,0.01,10,9900,买盘
16,14:58:42,9.89,-0.01,40,39560,卖盘
17,14:58:37,9.9,--,38,37620,买盘
18,14:58:31,9.9,0.01,10,9900,买盘
19,14:58:27,9.89,-0.01,79,78131,卖盘
20,14:58:22,9.9,0.01,38,37620,买盘
21,14:58:16,9.89,-0.01,54,53406,卖盘
22,14:58:12,9.9,--,84,83160,买盘
23,14:58:07,9.9,0.01,30,29700,买盘
24,14:58:01,9.89,-0.01,10,9890,卖盘
25,14:57:57,9.9,--,178,176220,买盘
26,14:57:52,9.9,0.01,9,8910,买盘
27,14:57:46,9.89,--,43,42853,卖盘
28,14:57:42,9.89,--,48,47472,卖盘
29,14:57:37,9.89,--,98,96922,买盘
30,14:57:31,9.89,--,16,15824,买盘
31,14:57:27,9.89,--,18,17802,买盘
32,14:57:22,9.89,-0.01,110,108790,卖盘
33,14:57:16,9.9,0.01,18,17820,买盘
34,14:57:12,9.89,-0.01,34,33626,卖盘
35,14:57:07,9.9,--,19,18810,买盘
36,14:57:01,9.9,0.01,18,17820,买盘
37,14:56:57,9.89,-0.01,116,114724,卖盘
38,14:56:52,9.9,0.01,17,16830,买盘
39,14:56:46,9.89,-0.01,6,5934,卖盘
40,14:56:42,9.9,0.01,37,36630,买盘
41,14:56:37,9.89,--,107,105823,买盘
42,14:56:31,9.89,--,4,3956,买盘
43,14:56:27,9.89,--,17,16813,买盘
44,14:56:22,9.89,--,28,27692,买盘
45,14:56:16,9.89,--,221,218569,买盘
46,14:56:12,9.89,0.01,62,61318,买盘
47,14:56:07,9.88,-0.01,76,75088,卖盘
48,14:56:01,9.89,--,20,19780,买盘
49,14:55:57,9.89,--,185,182965,买盘
50,14:55:52,9.89,--,56,55384,买盘
51,14:55:46,9.89,0.01,14,13846,买盘
52,14:55:42,9.88,-0.01,43,42484,卖盘
53,14:55:37,9.89,0.01,17,16813,买盘
54,14:55:31,9.88,-0.01,12,11856,卖盘
55,14:55:27,9.89,--,52,51428,中性盘
56,14:55:22,9.89,--,114,112746,卖盘
57,14:55:16,9.89,--,27,26703,卖盘
58,14:55:12,9.89,--,50,49450,卖盘
59,14:55:07,9.89,-0.01,122,120658,卖盘
60,14:55:01,9.9,--,15,14850,买盘
61,14:54:57,9.9,--,5,4950,买盘
62,14:54:46,9.9,--,27,26730,买盘
63,14:54:37,9.9,0.01,46,45540,买盘
64,14:54:31,9.89,-0.01,589,582521,卖盘
65,14:54:25,9.9,--,42,41580,买盘
66,14:54:22,9.9,--,40,39600,买盘
67,14:54:16,9.9,--,83,82170,买盘
68,14:54:06,9.9,--,224,221760,买盘
69,14:54:01,9.9,--,26,25740,买盘
70,14:53:55,9.9,0.01,40,39600,买盘
71,14:53:51,9.89,--,12,11868,卖盘
72,14:53:46,9.89,-0.01,3,2967,卖盘
73,14:53:40,9.9,0.01,1,990,买盘
74,14:53:36,9.89,--,4,3956,卖盘
75,14:53:31,9.89,--,1009,997901,买盘
76,14:53:25,9.89,--,2,1978,买盘
77,14:53:21,9.89,--,57,56373,买盘
78,14:53:16,9.89,--,36,35604,买盘
79,14:53:10,9.89,--,5,4945,买盘
80,14:53:06,9.89,0.01,104,102856,买盘
81,14:53:01,9.88,--,51,50388,卖盘
82,14:52:55,9.88,-0.01,51,50388,卖盘
83,14:52:51,9.89,--,14,13846,买盘
84,14:52:46,9.89,--,41,40549,买盘
85,14:52:40,9.89,--,6,5934,买盘
86,14:52:31,9.89,--,9,8901,买盘
87,14:52:25,9.89,0.01,96,94944,买盘
88,14:52:21,9.88,-0.01,175,172900,卖盘
89,14:52:16,9.89,--,2,1978,买盘
90,14:52:10,9.89,0.02,10,9890,买盘
91,14:52:06,9.87,--,0,0,卖盘
92,14:52:01,9.87,--,84,82908,卖盘
93,14:51:55,9.87,--,98,96725,卖盘
94,14:51:51,9.87,-0.01,78,76986,卖盘
95,14:51:46,9.88,--,142,140296,买盘
96,14:51:40,9.88,--,60,59280,买盘
97,14:51:36,9.88,--,462,456456,买盘
98,14:51:31,9.88,--,86,84968,买盘
99,14:51:25,9.88,--,111,109668,买盘
100,14:51:21,9.88,--,68,67184,买盘
101,14:51:16,9.88,0.01,124,122512,买盘
102,14:51:10,9.87,-0.01,10,9870,卖盘
103,14:51:06,9.88,--,52,51376,买盘
104,14:51:01,9.88,0.01,18,17784,买盘
105,14:50:55,9.87,--,24,23687,卖盘
106,14:50:51,9.87,-0.01,210,207269,卖盘
107,14:50:46,9.88,--,3,2964,买盘
108,14:50:40,9.88,-0.01,66,65208,卖盘
109,14:50:36,9.89,0.02,171,169119,买盘
110,14:50:31,9.87,-0.01,235,231944,卖盘
111,14:50:21,9.88,--,336,331968,买盘
112,14:50:16,9.88,0.01,130,128440,买盘
113,14:50:10,9.87,0.01,22,21714,买盘
114,14:50:06,9.86,-0.01,75,73950,卖盘
115,14:50:01,9.87,--,51,50336,买盘
116,14:49:55,9.87,-0.01,124,122387,卖盘
117,14:49:51,9.88,--,6,5928,买盘
118,14:49:46,9.88,0.01,25,24700,买盘
119,14:49:40,9.87,0.01,60,59219,买盘
120,14:49:36,9.86,-0.01,252,248472,卖盘
121,14:49:25,9.87,-0.01,20,19740,卖盘
122,14:49:21,9.88,0.01,210,207480,买盘
123,14:49:16,9.87,--,115,113504,买盘
124,14:49:10,9.87,--,4,3947,买盘
125,14:49:06,9.87,-0.01,199,196412,卖盘
126,14:49:01,9.88,--,10,9880,买盘
127,14:48:55,9.88,--,102,100776,买盘
128,14:48:51,9.88,0.01,19,18772,买盘
129,14:48:46,9.87,--,20,19740,卖盘
130,14:48:40,9.87,--,61,60206,买盘
131,14:48:36,9.87,--,124,122387,买盘
132,14:48:31,9.87,--,5,4935,买盘
133,14:48:25,9.87,--,109,107582,买盘
134,14:48:21,9.87,0.01,5,4935,买盘
135,14:48:16,9.86,-0.01,310,305660,卖盘
136,14:48:10,9.87,--,156,153972,买盘
137,14:48:06,9.87,--,1,986,买盘
138,14:48:01,9.87,0.01,83,81921,买盘
139,14:47:55,9.86,-0.01,103,101558,卖盘
140,14:47:51,9.87,--,352,347424,买盘
141,14:47:46,9.87,0.01,322,317814,买盘
142,14:47:40,9.86,-0.01,78,76908,卖盘
143,14:47:35,9.87,0.01,75,74025,买盘
144,14:47:31,9.86,-0.01,41,40426,卖盘
145,14:47:25,9.87,--,30,29609,买盘
146,14:47:19,9.87,--,15,14804,买盘
147,14:47:15,9.87,--,71,70077,买盘
148,14:47:10,9.87,--,95,93764,卖盘
149,14:47:00,9.87,--,164,161868,卖盘
150,14:46:55,9.87,--,50,49349,卖盘
151,14:46:49,9.87,--,11,10857,卖盘
152,14:46:45,9.87,--,5,4935,卖盘
153,14:46:40,9.87,0.01,43,42441,买盘
154,14:46:30,9.86,-0.01,84,82824,卖盘
155,14:46:25,9.87,--,74,73038,买盘
156,14:46:19,9.87,--,394,388877,卖盘
157,14:46:15,9.87,-0.01,63,62180,卖盘
158,14:46:10,9.88,--,19,18772,买盘
159,14:46:04,9.88,0.01,11,10868,买盘
160,14:46:00,9.87,-0.01,15,14804,卖盘
161,14:45:55,9.88,--,192,189696,买盘
162,14:45:49,9.88,0.01,10,9880,买盘
163,14:45:45,9.87,-0.01,424,418487,卖盘
164,14:45:40,9.88,0.01,137,135356,买盘
165,14:45:34,9.87,--,38,37506,卖盘
166,14:45:30,9.87,-0.01,95,93764,卖盘
167,14:45:25,9.88,0.01,180,177840,买盘
168,14:45:19,9.87,--,52,51323,卖盘
169,14:45:15,9.87,-0.01,309,304983,卖盘
170,14:45:10,9.88,--,152,150176,买盘
171,14:45:00,9.88,0.01,66,65208,买盘
172,14:44:55,9.87,-0.01,62,61193,卖盘
173,14:44:49,9.88,--,11,10868,买盘
174,14:44:45,9.88,0.01,13,12844,买盘
175,14:44:40,9.87,--,386,380981,卖盘
176,14:44:30,9.87,-0.01,94,92777,卖盘
177,14:44:25,9.88,--,10,9880,买盘
178,14:44:19,9.88,--,8,7904,买盘
179,14:44:15,9.88,-0.01,187,184756,卖盘
180,14:44:10,9.89,--,27,26703,买盘
181,14:44:04,9.89,--,3,2967,买盘
182,14:44:00,9.89,--,39,38571,买盘
183,14:43:55,9.89,--,67,66263,买盘
184,14:43:49,9.89,0.01,160,158240,买盘
185,14:43:45,9.88,-0.01,145,143418,卖盘
186,14:43:40,9.89,--,10,9890,买盘
187,14:43:34,9.89,--,2,1978,买盘
188,14:43:30,9.89,--,12,11868,买盘
189,14:43:25,9.89,--,9,8901,买盘
190,14:43:19,9.89,--,4,3956,买盘
191,14:43:15,9.89,0.01,57,56373,买盘
192,14:43:10,9.88,-0.01,79,78881,卖盘
193,14:43:04,9.89,0.01,1,989,买盘
194,14:43:00,9.88,--,41,40508,卖盘
195,14:42:55,9.88,0.01,29,28652,买盘
196,14:42:49,9.87,-0.01,13,12830,卖盘
197,14:42:45,9.88,-0.01,15,14820,卖盘
198,14:42:40,9.89,0.01,4,3956,买盘
199,14:42:34,9.88,--,4,3952,买盘
200,14:42:30,9.88,--,218,215384,买盘
201,14:42:25,9.88,--,64,63232,买盘
202,14:42:19,9.88,--,10,9880,买盘
203,14:42:15,9.88,--,5,4940,买盘
204,14:42:10,9.88,--,47,47206,卖盘
205,14:42:04,9.88,--,725,716517,买盘
206,14:42:00,9.88,--,138,136344,买盘
207,14:41:55,9.88,0.01,80,79040,买盘
208,14:41:49,9.87,-0.01,615,607005,卖盘
209,14:41:44,9.88,--,2,1976,买盘
210,14:41:40,9.88,--,17,16796,买盘
211,14:41:34,9.88,--,29,28652,买盘
212,14:41:29,9.88,--,26,25688,买盘
213,14:41:25,9.88,--,5,4940,买盘
214,14:41:19,9.88,--,90,88920,买盘
215,14:41:10,9.88,--,39,38532,买盘
216,14:41:04,9.88,--,141,140078,卖盘
217,14:40:59,9.88,--,36,35568,卖盘
218,14:40:54,9.88,--,84,83209,买盘
219,14:40:49,9.88,--,19,18772,买盘
220,14:40:44,9.88,--,57,56316,买盘
221,14:40:39,9.88,0.01,132,130416,买盘
222,14:40:34,9.87,-0.01,37,37288,卖盘
223,14:40:29,9.88,--,13,12844,卖盘
224,14:40:24,9.88,--,62,61473,买盘
225,14:40:19,9.88,0.01,30,29640,买盘
226,14:40:13,9.87,--,71,70077,卖盘
227,14:40:09,9.87,-0.01,119,117452,卖盘
228,14:40:04,9.88,-0.01,482,476216,卖盘
229,14:39:58,9.89,0.01,6,5934,买盘
230,14:39:54,9.88,-0.01,354,349752,卖盘
231,14:39:49,9.89,-0.01,52,51428,卖盘
232,14:39:43,9.9,0.01,4,3960,买盘
233,14:39:39,9.89,-0.01,32,31648,卖盘
234,14:39:34,9.9,0.01,3,2970,买盘
235,14:39:27,9.89,--,41,40549,卖盘
236,14:39:24,9.89,--,11,10879,卖盘
237,14:39:18,9.89,0.01,15,14835,中性盘
238,14:39:09,9.88,--,14,13832,卖盘
239,14:39:04,9.88,-0.01,40,39520,卖盘
240,14:38:58,9.89,--,53,52417,买盘
241,14:38:54,9.89,0.01,36,35604,中性盘
242,14:38:49,9.88,-0.02,43,42484,卖盘
243,14:38:43,9.9,0.01,158,156420,买盘
244,14:38:39,9.89,--,100,98900,买盘
245,14:38:34,9.89,-0.01,199,196811,卖盘
246,14:38:28,9.9,0.01,8,7920,买盘
247,14:38:24,9.89,-0.01,123,121647,卖盘
248,14:38:19,9.9,0.01,8,7920,买盘
249,14:38:13,9.89,--,7,6923,卖盘
250,14:38:09,9.89,--,50,49450,卖盘
251,14:38:04,9.89,--,32,31648,卖盘
252,14:37:58,9.89,-0.01,30,29670,卖盘
253,14:37:54,9.9,--,7,6930,买盘
254,14:37:49,9.9,-0.01,502,496980,卖盘
255,14:37:43,9.91,--,24,23784,买盘
256,14:37:39,9.91,0.01,126,124866,买盘
257,14:37:34,9.9,--,392,388080,卖盘
258,14:37:27,9.9,-0.01,5,4950,卖盘
259,14:37:24,9.91,0.01,10,9910,买盘
260,14:37:19,9.9,-0.01,30,29700,卖盘
261,14:37:13,9.91,--,2,1982,买盘
262,14:37:09,9.91,-0.01,240,237840,卖盘
263,14:37:04,9.92,--,2,1984,买盘
264,14:36:54,9.92,--,5,4960,买盘
265,14:36:49,9.92,--,10,9920,买盘
266,14:36:39,9.92,--,44,43648,买盘
267,14:36:24,9.92,--,68,67456,卖盘
268,14:36:04,9.92,--,2,1984,卖盘
269,14:35:49,9.92,--,4,3968,买盘
270,14:35:43,9.92,--,4,3968,买盘
271,14:35:38,9.92,--,5,4960,买盘
272,14:35:34,9.92,--,3,2976,卖盘
273,14:35:28,9.92,--,152,150784,买盘
274,14:35:23,9.92,--,42,41664,买盘
275,14:35:19,9.92,--,2,1984,买盘
276,14:35:13,9.92,--,347,344224,买盘
277,14:35:08,9.92,--,4,3968,买盘
278,14:35:04,9.92,--,41,40672,买盘
279,14:34:53,9.92,--,44,43648,买盘
280,14:34:49,9.92,--,28,27776,买盘
281,14:34:34,9.92,--,50,49600,买盘
282,14:34:27,9.92,--,11,10912,买盘
283,14:34:18,9.92,--,3,2976,买盘
284,14:34:03,9.92,--,40,39680,买盘
285,14:33:58,9.92,--,34,33728,买盘
286,14:33:53,9.92,-0.01,459,455328,卖盘
287,14:33:48,9.93,--,101,100293,买盘
288,14:33:43,9.93,--,10,9930,买盘
289,14:33:33,9.93,--,26,25818,买盘
290,14:33:27,9.93,0.01,16,15888,买盘
291,14:33:18,9.92,-0.01,10,9920,卖盘
292,14:33:08,9.93,--,50,49650,买盘
293,14:32:58,9.93,--,10,9930,买盘
294,14:32:48,9.93,--,10,9930,买盘
295,14:32:37,9.93,0.01,200,198600,买盘
296,14:32:33,9.92,-0.01,53,52576,卖盘
297,14:32:18,9.93,--,5,4965,买盘
298,14:31:52,9.93,0.01,1,993,买盘
299,14:31:37,9.92,--,34,33728,买盘
300,14:31:33,9.92,0.01,46,45632,买盘
301,14:31:28,9.91,-0.01,17,16847,卖盘
302,14:31:21,9.92,--,50,49600,买盘
303,14:31:18,9.92,--,10,9920,买盘
304,14:31:13,9.92,--,45,44640,买盘
305,14:31:03,9.92,0.01,5,4960,买盘
306,14:30:57,9.91,--,5,4955,卖盘
307,14:30:51,9.91,-0.01,56,55496,卖盘
308,14:30:48,9.92,--,20,19840,买盘
309,14:30:42,9.92,--,55,54560,买盘
310,14:30:27,9.92,--,11,10912,买盘
311,14:30:22,9.92,--,86,85312,买盘
312,14:30:18,9.92,0.01,5,4960,买盘
313,14:30:03,9.91,--,133,131803,买盘
314,14:29:48,9.91,--,53,52523,买盘
315,14:29:42,9.91,--,205,203155,买盘
316,14:29:37,9.91,0.01,20,19820,买盘
317,14:29:33,9.9,-0.01,23,22770,卖盘
318,14:29:27,9.91,0.01,114,112974,买盘
319,14:29:22,9.9,-0.01,4,3960,卖盘
320,14:29:18,9.91,--,44,43604,买盘
321,14:29:12,9.91,0.01,1,991,买盘
322,14:29:03,9.9,-0.01,8,7920,卖盘
323,14:28:58,9.91,--,22,21802,买盘
324,14:28:52,9.91,--,5,4955,买盘
325,14:28:47,9.91,-0.01,622,616402,卖盘
326,14:28:42,9.92,--,10,9920,卖盘
327,14:28:37,9.92,--,10,9920,卖盘
328,14:28:32,9.92,--,41,40672,买盘
329,14:28:21,9.92,-0.01,73,72416,卖盘
330,14:28:12,9.93,0.01,10,9930,买盘
331,14:28:07,9.92,--,4,3968,卖盘
332,14:27:47,9.92,--,1,992,卖盘
333,14:27:42,9.92,-0.01,25,24800,卖盘
334,14:27:36,9.93,--,15,14895,买盘
335,14:27:21,9.93,--,2,1986,买盘
336,14:27:17,9.93,--,20,19860,买盘
337,14:27:12,9.93,--,497,493521,卖盘
338,14:27:06,9.93,-0.01,81,80433,卖盘
339,14:26:57,9.94,--,0,0,中性盘
340,14:26:51,9.94,--,7,6958,买盘
341,14:26:42,9.94,--,5,4970,买盘
342,14:26:36,9.94,--,12,11928,买盘
343,14:26:27,9.94,--,14,13916,买盘
344,14:26:21,9.94,--,10,9940,买盘
345,14:26:06,9.94,0.01,10,9940,买盘
346,14:26:02,9.93,-0.01,1,993,卖盘
347,14:25:51,9.94,--,271,269374,卖盘
348,14:25:45,9.94,--,5,4970,卖盘
349,14:25:42,9.94,--,21,20874,卖盘
350,14:25:36,9.94,--,78,77532,买盘
351,14:25:30,9.94,--,30,29820,买盘
352,14:25:27,9.94,0.01,2,1988,买盘
353,14:25:15,9.93,--,1,993,卖盘
354,14:25:12,9.93,-0.01,178,176754,卖盘
355,14:25:06,9.94,--,11,10934,买盘
356,14:24:57,9.94,0.01,1,994,买盘
357,14:24:51,9.93,-0.01,12,11916,卖盘
358,14:24:45,9.94,-0.01,89,88466,卖盘
359,14:24:36,9.95,0.01,21,20895,买盘
360,14:24:30,9.94,-0.01,1,994,卖盘
361,14:24:21,9.95,0.01,26,25869,买盘
362,14:24:15,9.94,--,1,994,卖盘
363,14:24:00,9.94,--,7,6958,卖盘
364,14:23:57,9.94,--,13,12922,买盘
365,14:23:51,9.94,--,14,13916,买盘
366,14:23:42,9.94,-0.01,14,13916,卖盘
367,14:23:30,9.95,0.01,50,49750,买盘
368,14:23:27,9.94,-0.01,209,207746,卖盘
369,14:23:21,9.95,0.01,23,22885,买盘
370,14:23:15,9.94,--,1,994,卖盘
371,14:23:12,9.94,--,11,10934,卖盘
372,14:22:51,9.94,-0.01,1,994,卖盘
373,14:22:45,9.95,0.01,32,31839,买盘
374,14:22:36,9.94,-0.01,1,994,卖盘
375,14:22:21,9.95,--,5,4975,买盘
376,14:22:15,9.95,0.01,50,49750,买盘
377,14:22:11,9.94,-0.01,30,29820,卖盘
378,14:22:00,9.95,--,6,5970,买盘
379,14:21:56,9.95,--,11,10945,买盘
380,14:21:51,9.95,0.01,15,14924,买盘
381,14:21:45,9.94,--,1,994,卖盘
382,14:21:36,9.94,-0.01,12,11928,卖盘
383,14:21:30,9.95,--,31,30844,买盘
384,14:21:21,9.95,0.01,30,29849,买盘
385,14:21:15,9.94,-0.01,3,2982,卖盘
386,14:21:06,9.95,--,3,2985,买盘
387,14:20:51,9.95,--,2,1989,买盘
388,14:20:45,9.95,--,21,20895,买盘
389,14:20:36,9.95,--,5,4975,买盘
390,14:20:30,9.95,--,19,18905,买盘
391,14:20:21,9.95,--,11,10945,买盘
392,14:20:15,9.95,--,92,91540,卖盘
393,14:20:11,9.95,--,24,23880,卖盘
394,14:20:06,9.95,--,132,131340,卖盘
395,14:20:00,9.95,-0.01,30,29849,卖盘
396,14:19:56,9.96,0.01,10,9960,买盘
397,14:19:45,9.95,--,81,80595,卖盘
398,14:19:41,9.95,--,3,2985,卖盘
399,14:19:36,9.95,-0.01,1,994,卖盘
400,14:19:26,9.96,0.01,40,39840,买盘
401,14:19:21,9.95,-0.01,10,9950,卖盘
402,14:19:00,9.96,0.01,5,4980,买盘
403,14:18:51,9.95,-0.01,41,40795,卖盘
404,14:18:41,9.96,--,57,56772,买盘
405,14:18:36,9.96,--,112,111552,买盘
406,14:18:21,9.96,--,144,143424,买盘
407,14:18:06,9.96,--,28,27888,买盘
408,14:18:00,9.96,--,11,10956,买盘
409,14:17:54,9.96,--,2,1992,买盘
410,14:17:45,9.96,--,29,28884,卖盘
411,14:17:36,9.96,--,20,19920,买盘
412,14:17:30,9.96,0.01,20,19920,买盘
413,14:17:09,9.95,--,1,994,卖盘
414,14:17:06,9.95,--,352,350240,买盘
415,14:17:00,9.95,--,12,11940,买盘
416,14:16:54,9.95,0.01,2,1989,买盘
417,14:16:51,9.94,-0.01,2,1988,卖盘
418,14:16:45,9.95,0.01,14,13929,买盘
419,14:16:39,9.94,-0.01,26,25844,卖盘
420,14:16:36,9.95,--,7,6964,买盘
421,14:16:30,9.95,--,44,43780,买盘
422,14:16:21,9.95,--,55,54724,买盘
423,14:16:15,9.95,-0.01,155,154225,卖盘
424,14:16:09,9.96,0.01,3,2988,买盘
425,14:16:06,9.95,-0.01,12,11940,卖盘
426,14:16:00,9.96,-0.01,11,10956,买盘
427,14:15:54,9.97,0.01,100,99700,买盘
428,14:15:50,9.96,0.01,23,22908,买盘
429,14:15:45,9.95,--,3,2985,买盘
430,14:15:39,9.95,-0.02,5,4975,中性盘
431,14:15:35,9.97,0.02,157,156529,买盘
432,14:15:30,9.95,--,233,231834,卖盘
433,14:15:24,9.95,-0.01,15,14924,卖盘
434,14:15:15,9.96,0.01,189,188244,买盘
435,14:15:09,9.95,--,49,48755,买盘
436,14:15:05,9.95,--,20,19900,买盘
437,14:15:00,9.95,--,81,80595,买盘
438,14:14:54,9.95,--,26,25869,买盘
439,14:14:50,9.95,--,170,169150,卖盘
440,14:14:45,9.95,--,46,45770,卖盘
441,14:14:39,9.95,-0.01,22,21890,卖盘
442,14:14:30,9.96,0.02,47,46812,买盘
443,14:14:24,9.94,-0.01,33,32802,卖盘
444,14:14:20,9.95,--,5,4975,卖盘
445,14:14:15,9.95,--,243,241784,买盘
446,14:14:09,9.95,--,94,93530,买盘
447,14:14:05,9.95,--,107,106464,买盘
448,14:14:00,9.95,--,5,4975,买盘
449,14:13:54,9.95,--,86,85570,买盘
450,14:13:50,9.95,--,3,2985,买盘
451,14:13:45,9.95,--,5,4975,买盘
452,14:13:39,9.95,--,5,4975,买盘
453,14:13:24,9.95,--,11,10945,买盘
454,14:13:15,9.95,--,16,15919,买盘
455,14:13:00,9.95,0.03,11,10945,买盘
456,14:12:54,9.92,--,5,4960,买盘
457,14:12:50,9.92,--,13,12896,买盘
458,14:12:45,9.92,-0.03,2,1984,中性盘
459,14:12:35,9.95,0.03,1465,1457675,买盘
460,14:12:30,9.92,--,143,141856,卖盘
461,14:12:24,9.92,--,3,2976,卖盘
462,14:12:20,9.92,0.01,72,71424,买盘
463,14:12:09,9.91,-0.01,26,25766,卖盘
464,14:12:05,9.92,0.01,10,9920,买盘
465,14:12:00,9.91,-0.01,13,12883,卖盘
466,14:11:54,9.92,0.01,13,12896,买盘
467,14:11:45,9.91,--,5,4955,卖盘
468,14:11:39,9.91,0.01,3,2973,卖盘
469,14:11:35,9.9,--,0,0,卖盘
470,14:11:30,9.9,-0.02,10,9900,卖盘
471,14:11:24,9.92,0.02,6,5952,买盘
472,14:11:15,9.9,-0.02,3,2970,卖盘
473,14:11:09,9.92,--,26,25792,买盘
474,14:10:54,9.92,0.02,150,148800,买盘
475,14:10:45,9.9,-0.01,17,16830,卖盘
476,14:10:39,9.91,--,2,1982,买盘
477,14:10:30,9.91,-0.01,38,37658,卖盘
478,14:10:24,9.92,--,5,4960,买盘
479,14:10:15,9.92,0.01,22,21824,买盘
480,14:10:09,9.91,-0.01,19,18829,卖盘
481,14:10:03,9.92,--,2,1984,买盘
482,14:10:00,9.92,0.01,1,992,买盘
483,14:09:54,9.91,-0.01,14,13874,卖盘
484,14:09:48,9.92,0.01,10,9920,买盘
485,14:09:45,9.91,--,1,991,卖盘
486,14:09:39,9.91,--,12,11892,买盘
487,14:09:18,9.91,-0.01,4,3964,卖盘
488,14:09:15,9.92,0.01,11,10912,买盘
489,14:09:09,9.91,--,0,0,卖盘
490,14:09:03,9.91,--,5,4955,卖盘
491,14:09:00,9.91,-0.02,40,39640,卖盘
492,14:08:48,9.93,--,20,19860,买盘
493,14:08:33,9.93,0.02,20,19860,买盘
494,14:08:24,9.91,-0.02,3,2973,卖盘
495,14:08:14,9.93,--,10,9930,买盘
496,14:08:09,9.93,--,0,0,买盘
497,14:08:03,9.93,--,11,10923,买盘
498,14:07:54,9.93,0.03,3000,2979000,买盘
499,14:07:48,9.9,--,60,59400,买盘
500,14:07:44,9.9,--,23,22770,买盘
501,14:07:39,9.9,0.01,2,1980,买盘
502,14:07:33,9.89,-0.01,15,14835,卖盘
503,14:07:29,9.9,--,52,51480,买盘
504,14:07:18,9.9,--,22,21780,买盘
505,14:07:09,9.9,0.01,14,13860,买盘
506,14:07:03,9.89,-0.01,5,4945,卖盘
507,14:06:59,9.9,0.01,1,990,买盘
508,14:06:54,9.89,-0.01,13,12857,卖盘
509,14:06:48,9.9,--,10,9900,买盘
510,14:06:44,9.9,--,8,7920,买盘
511,14:06:39,9.9,0.01,232,229680,买盘
512,14:06:24,9.89,-0.01,10,9890,卖盘
513,14:06:14,9.9,--,41,40590,买盘
514,14:06:09,9.9,--,72,71280,买盘
515,14:06:03,9.9,0.01,100,99000,买盘
516,14:05:54,9.89,-0.01,3,2967,卖盘
517,14:05:48,9.9,0.02,58,57420,买盘
518,14:05:44,9.88,-0.01,10,9880,卖盘
519,14:05:39,9.89,0.02,72,71850,买盘
520,14:05:33,9.87,-0.01,122,120413,卖盘
521,14:05:29,9.88,--,52,51376,买盘
522,14:05:24,9.88,--,58,57304,买盘
523,14:05:18,9.88,--,32,31616,买盘
524,14:05:14,9.88,--,56,55328,买盘
525,14:05:09,9.88,--,87,85956,买盘
526,14:05:03,9.88,0.01,5,4940,买盘
527,14:04:59,9.87,-0.01,57,56258,卖盘
528,14:04:54,9.88,0.01,65,64220,买盘
529,14:04:48,9.87,-0.01,2,1973,卖盘
530,14:04:44,9.88,--,44,43472,买盘
531,14:04:39,9.88,--,39,38532,买盘
532,14:04:29,9.88,--,5,4940,买盘
533,14:04:24,9.88,--,20,19760,买盘
534,14:04:18,9.88,-0.02,1526,1508053,卖盘
535,14:04:13,9.9,0.01,4,3960,买盘
536,14:04:09,9.89,--,129,127581,卖盘
537,14:04:03,9.89,--,110,108790,卖盘
538,14:03:57,9.89,--,9,8901,卖盘
539,14:03:54,9.89,-0.01,35,34615,卖盘
540,14:03:48,9.9,0.01,289,286110,买盘
541,14:03:42,9.89,-0.01,13,12857,卖盘
542,14:03:39,9.9,--,225,222750,买盘
543,14:03:24,9.9,--,19,18810,买盘
544,14:03:18,9.9,-0.01,33,32670,卖盘
545,14:03:09,9.91,0.01,31,30721,买盘
546,14:03:03,9.9,--,67,66330,卖盘
547,14:02:57,9.9,--,225,222750,卖盘
548,14:02:48,9.9,--,175,173250,卖盘
549,14:02:42,9.9,--,56,55440,卖盘
550,14:02:38,9.9,-0.01,85,84150,卖盘
551,14:02:33,9.91,--,197,195227,买盘
552,14:02:27,9.91,0.01,2,1982,买盘
553,14:02:23,9.9,--,170,168300,卖盘
554,14:02:18,9.9,-0.01,8,7920,卖盘
555,14:02:12,9.91,0.01,38,37658,买盘
556,14:02:08,9.9,--,3,2970,卖盘
557,14:02:03,9.9,--,30,29700,卖盘
558,14:01:57,9.9,--,2,1980,卖盘
559,14:01:48,9.9,--,65,64350,卖盘
560,14:01:33,9.9,--,11,10890,卖盘
561,14:01:27,9.9,-0.01,82,81180,卖盘
562,14:01:23,9.91,--,500,495500,买盘
563,14:01:18,9.91,0.01,28,27748,买盘
564,14:01:12,9.9,--,10,9900,卖盘
565,14:00:57,9.9,--,45,44550,卖盘
566,14:00:53,9.9,--,7,6930,卖盘
567,14:00:48,9.9,--,105,103950,卖盘
568,14:00:33,9.9,--,50,49500,卖盘
569,14:00:27,9.9,-0.01,33,32670,卖盘
570,14:00:23,9.91,--,1,991,买盘
571,14:00:12,9.91,0.01,5,4955,买盘
572,14:00:03,9.9,-0.01,3,2970,卖盘
573,13:59:57,9.91,-0.01,5,4955,买盘
574,13:59:53,9.92,--,0,0,买盘
575,13:59:48,9.92,0.01,10,9920,买盘
576,13:59:42,9.91,-0.01,41,41057,卖盘
577,13:59:38,9.92,--,24,23808,买盘
578,13:59:33,9.92,0.01,20,19840,买盘
579,13:59:27,9.91,--,4,3964,卖盘
580,13:59:18,9.91,--,7,7501,卖盘
581,13:59:12,9.91,--,35,34685,卖盘
582,13:59:03,9.91,--,151,149641,卖盘
583,13:58:48,9.91,--,13,12883,卖盘
584,13:58:42,9.91,--,57,56487,卖盘
585,13:58:18,9.91,--,46,45586,卖盘
586,13:58:12,9.91,--,5,4955,卖盘
587,13:58:03,9.91,0.01,1,991,买盘
588,13:57:57,9.9,-0.01,47,46530,卖盘
589,13:57:53,9.91,-0.01,25,24775,卖盘
590,13:57:48,9.92,0.01,2,1984,买盘
591,13:57:42,9.91,--,31,30721,卖盘
592,13:57:38,9.91,-0.01,125,123875,卖盘
593,13:57:32,9.92,0.01,1,992,买盘
594,13:57:22,9.91,-0.01,3,2973,卖盘
595,13:57:12,9.92,0.01,11,10912,买盘
596,13:57:08,9.91,-0.01,28,27748,卖盘
597,13:57:02,9.92,0.01,11,10912,买盘
598,13:56:57,9.91,--,10,9910,卖盘
599,13:56:47,9.91,-0.01,42,41622,卖盘
600,13:56:36,9.92,0.01,3,2976,买盘
601,13:56:33,9.91,--,200,198200,卖盘
602,13:56:27,9.91,-0.01,24,23784,卖盘
603,13:56:17,9.92,0.01,51,50592,买盘
604,13:56:02,9.91,--,8,7928,卖盘
605,13:55:32,9.91,--,1,991,卖盘
606,13:55:27,9.91,-0.01,40,39640,卖盘
607,13:55:21,9.92,0.01,13,12896,买盘
608,13:55:17,9.91,--,4,3964,卖盘
609,13:55:12,9.91,--,6,5946,卖盘
610,13:54:47,9.91,-0.01,93,92163,卖盘
611,13:54:42,9.92,0.01,510,505920,买盘
612,13:54:32,9.91,--,20,19820,卖盘
613,13:54:27,9.91,--,126,124866,卖盘
614,13:54:16,9.91,--,34,33694,卖盘
615,13:54:06,9.91,--,20,19820,卖盘
616,13:54:02,9.91,--,5,4955,卖盘
617,13:53:57,9.91,-0.01,4,3964,卖盘
618,13:53:51,9.92,0.01,7,6944,买盘
619,13:53:47,9.91,-0.01,31,30721,卖盘
620,13:53:32,9.92,--,20,19840,买盘
621,13:53:27,9.92,--,12,11904,买盘
622,13:53:21,9.92,-0.01,16,15872,卖盘
623,13:53:12,9.93,0.01,106,105258,买盘
624,13:53:06,9.92,-0.01,4,3968,卖盘
625,13:52:42,9.93,0.01,42,41706,买盘
626,13:52:36,9.92,-0.01,70,69440,卖盘
627,13:52:27,9.93,0.02,1,993,买盘
628,13:52:21,9.91,--,0,0,卖盘
629,13:52:06,9.91,-0.02,503,498473,卖盘
630,13:52:02,9.93,-0.01,12,11916,买盘
631,13:51:51,9.94,0.02,116,115304,买盘
632,13:51:42,9.92,-0.01,103,102176,卖盘
633,13:51:32,9.93,0.01,11,10923,买盘
634,13:51:21,9.92,--,19,18848,卖盘
635,13:51:12,9.92,--,13,12896,卖盘
636,13:50:57,9.92,--,47,46624,买盘
637,13:50:51,9.92,--,31,30752,买盘
638,13:50:42,9.92,0.01,2,1984,买盘
639,13:50:32,9.91,-0.02,4,3964,卖盘
640,13:50:27,9.93,--,0,0,买盘
641,13:50:21,9.93,0.02,30,29790,买盘
642,13:50:16,9.91,-0.01,200,198200,卖盘
643,13:50:12,9.92,--,1,992,卖盘
644,13:49:57,9.92,-0.01,3,2976,中性盘
645,13:49:51,9.93,0.01,22,21846,买盘
646,13:49:36,9.92,--,110,109120,卖盘
647,13:49:31,9.92,--,3,2976,卖盘
648,13:49:21,9.92,-0.01,10,9920,卖盘
649,13:49:00,9.93,--,6,5958,买盘
650,13:48:56,9.93,0.01,2,1986,买盘
651,13:48:51,9.92,-0.01,1,992,卖盘
652,13:48:45,9.93,--,32,31776,买盘
653,13:48:36,9.93,0.01,10,9930,买盘
654,13:48:30,9.92,-0.01,5,4960,卖盘
655,13:48:21,9.93,--,30,29790,买盘
656,13:47:51,9.93,0.01,25,24825,买盘
657,13:47:45,9.92,-0.01,30,29760,卖盘
658,13:47:41,9.93,--,50,49650,买盘
659,13:47:36,9.93,0.01,2,1986,买盘
660,13:47:30,9.92,--,1,992,卖盘
661,13:47:26,9.92,--,22,21824,卖盘
662,13:47:21,9.92,--,0,466,买盘
663,13:47:15,9.92,--,21,20832,买盘
664,13:47:11,9.92,--,5,4960,买盘
665,13:47:00,9.92,--,18,17856,买盘
666,13:46:56,9.92,--,1,992,卖盘
667,13:46:51,9.92,--,110,109120,买盘
668,13:46:45,9.92,--,10,9920,买盘
669,13:46:41,9.92,--,10,9920,买盘
670,13:46:25,9.92,--,5,4960,买盘
671,13:46:15,9.92,--,8,7936,买盘
672,13:46:10,9.92,0.01,24,23808,买盘
673,13:46:06,9.91,-0.01,21,20811,卖盘
674,13:46:00,9.92,--,37,36704,买盘
675,13:45:55,9.92,--,10,9920,买盘
676,13:45:45,9.92,--,3,2976,买盘
677,13:45:40,9.92,--,8,7936,买盘
678,13:45:36,9.92,--,2,1984,买盘
679,13:45:25,9.92,--,102,101184,买盘
680,13:45:21,9.92,--,5,4960,买盘
681,13:45:15,9.92,--,300,297600,买盘
682,13:45:10,9.92,--,33,32736,买盘
683,13:45:06,9.92,--,44,43648,买盘
684,13:44:55,9.92,--,3,2976,买盘
685,13:44:51,9.92,0.01,9,8928,买盘
686,13:44:45,9.91,-0.01,47,46577,卖盘
687,13:44:36,9.92,0.01,10,9920,买盘
688,13:44:30,9.91,--,34,33694,卖盘
689,13:44:21,9.91,--,1,991,卖盘
690,13:44:06,9.91,-0.01,15,14865,卖盘
691,13:44:00,9.92,0.01,272,269824,买盘
692,13:43:40,9.91,--,56,55496,卖盘
693,13:43:30,9.91,--,57,56487,买盘
694,13:43:20,9.91,0.01,399,395409,买盘
695,13:43:15,9.9,--,24,23760,卖盘
696,13:43:10,9.9,--,407,402930,卖盘
697,13:43:06,9.9,--,129,127710,卖盘
698,13:43:00,9.9,-0.01,20,19800,卖盘
699,13:42:51,9.91,0.01,54,53514,买盘
700,13:42:40,9.9,-0.01,3,2970,卖盘
701,13:42:15,9.91,0.01,4,3964,买盘
702,13:42:05,9.9,0.01,45,44550,买盘
703,13:41:55,9.89,-0.01,35,34615,卖盘
704,13:41:50,9.9,0.01,14,13860,买盘
705,13:41:45,9.89,-0.01,19,18791,卖盘
706,13:41:40,9.9,--,1,990,卖盘
707,13:41:30,9.9,--,203,201474,买盘
708,13:41:24,9.9,--,53,52470,卖盘
709,13:41:20,9.9,--,3,2970,卖盘
710,13:41:15,9.9,--,15,14850,卖盘
711,13:41:09,9.9,--,22,21780,卖盘
712,13:41:05,9.9,--,25,24750,卖盘
713,13:41:00,9.9,--,22,21780,卖盘
714,13:40:50,9.9,-0.01,1,990,卖盘
715,13:40:45,9.91,0.01,7,6937,买盘
716,13:40:30,9.9,-0.01,100,99000,卖盘
717,13:40:24,9.91,0.01,38,37658,买盘
718,13:40:15,9.9,--,113,111870,卖盘
719,13:40:05,9.9,--,7,6930,卖盘
720,13:40:00,9.9,--,1,990,卖盘
721,13:39:54,9.9,-0.01,15,14850,卖盘
722,13:39:34,9.91,0.01,29,28739,买盘
723,13:39:30,9.9,-0.01,48,47520,卖盘
724,13:39:24,9.91,0.01,50,49550,买盘
725,13:39:20,9.9,-0.01,4,3960,卖盘
726,13:39:15,9.91,0.01,9,8919,买盘
727,13:39:09,9.9,--,30,29700,卖盘
728,13:39:04,9.9,--,6,5940,卖盘
729,13:39:00,9.9,--,164,162360,卖盘
730,13:38:45,9.9,--,51,50490,卖盘
731,13:38:39,9.9,-0.01,22,21780,卖盘
732,13:38:34,9.91,0.01,7,6937,买盘
733,13:38:30,9.9,--,462,457380,卖盘
734,13:38:24,9.9,-0.01,3,2970,卖盘
735,13:38:19,9.91,--,23,22793,买盘
736,13:38:09,9.91,--,15,14865,买盘
737,13:38:00,9.91,--,35,34685,买盘
738,13:37:54,9.91,--,5,4955,买盘
739,13:37:45,9.91,--,44,43604,买盘
740,13:37:39,9.91,--,5,4955,买盘
741,13:37:34,9.91,--,10,9910,买盘
742,13:37:30,9.91,--,101,100091,买盘
743,13:37:24,9.91,--,9,8919,买盘
744,13:37:14,9.91,-0.01,289,286399,卖盘
745,13:37:09,9.92,--,4,3968,买盘
746,13:36:59,9.92,0.01,10,9920,买盘
747,13:36:54,9.91,-0.01,6,5946,卖盘
748,13:36:39,9.92,0.01,15,14880,买盘
749,13:36:34,9.91,-0.01,30,29730,卖盘
750,13:36:29,9.92,--,4,3968,买盘
751,13:36:24,9.92,--,2,1984,买盘
752,13:36:14,9.92,0.01,6,5952,买盘
753,13:36:04,9.91,--,94,93154,卖盘
754,13:35:59,9.91,-0.01,1,991,卖盘
755,13:35:39,9.92,--,21,20832,买盘
756,13:35:34,9.92,--,16,15872,买盘
757,13:35:29,9.92,--,10,9920,买盘
758,13:35:24,9.92,--,38,37696,买盘
759,13:35:19,9.92,0.01,5,4960,买盘
760,13:35:14,9.91,-0.01,5,4955,卖盘
761,13:35:09,9.92,0.01,143,141856,买盘
762,13:35:04,9.91,-0.01,12,11892,卖盘
763,13:34:59,9.92,--,5,4960,买盘
764,13:34:54,9.92,0.01,1,992,买盘
765,13:34:49,9.91,--,10,9910,卖盘
766,13:34:44,9.91,-0.01,7,6937,卖盘
767,13:34:39,9.92,0.01,31,30752,买盘
768,13:34:34,9.91,--,3,2973,卖盘
769,13:34:24,9.91,--,100,99100,卖盘
770,13:34:14,9.91,-0.01,7,6937,卖盘
771,13:33:59,9.92,0.01,21,20832,买盘
772,13:33:54,9.91,--,51,50541,卖盘
773,13:33:44,9.91,--,7,6937,卖盘
774,13:33:39,9.91,--,69,68379,卖盘
775,13:33:33,9.91,--,19,18829,卖盘
776,13:33:29,9.91,--,2,1982,卖盘
777,13:33:24,9.91,-0.01,1,991,卖盘
778,13:33:18,9.92,0.01,1,992,买盘
779,13:33:14,9.91,--,7,6937,卖盘
780,13:33:03,9.91,--,44,43604,卖盘
781,13:32:54,9.91,--,4,3964,卖盘
782,13:32:44,9.91,--,7,6937,卖盘
783,13:32:33,9.91,-0.01,54,53514,卖盘
784,13:32:18,9.92,--,5,4960,买盘
785,13:32:13,9.92,--,37,36704,买盘
786,13:32:03,9.92,--,1,992,买盘
787,13:31:54,9.92,--,318,315456,买盘
788,13:31:48,9.92,--,5,4960,买盘
789,13:31:44,9.92,0.01,50,49600,买盘
790,13:31:39,9.91,-0.01,8,7928,卖盘
791,13:31:28,9.92,--,20,19840,买盘
792,13:31:24,9.92,--,6,5952,买盘
793,13:31:13,9.92,--,1,992,买盘
794,13:31:09,9.92,--,34,33728,买盘
795,13:31:03,9.92,--,29,28768,卖盘
796,13:30:58,9.92,--,69,68448,卖盘
797,13:30:48,9.92,-0.01,75,74400,卖盘
798,13:30:43,9.93,0.01,5,4965,买盘
799,13:30:38,9.92,--,16,15872,卖盘
800,13:30:33,9.92,-0.01,228,226176,卖盘
801,13:30:28,9.93,--,100,99300,买盘
802,13:30:23,9.93,0.01,1,993,买盘
803,13:30:18,9.92,-0.01,715,709280,卖盘
804,13:30:13,9.93,0.01,29,28797,买盘
805,13:30:08,9.92,--,20,19840,卖盘
806,13:30:03,9.92,-0.01,29,28768,卖盘
807,13:29:58,9.93,0.01,10,9930,买盘
808,13:29:53,9.92,--,3,2976,卖盘
809,13:29:38,9.92,-0.01,10,9920,卖盘
810,13:29:23,9.93,--,5,4965,买盘
811,13:29:18,9.93,--,29,28797,买盘
812,13:29:08,9.93,0.01,5,4965,买盘
813,13:29:03,9.92,-0.01,3,2976,卖盘
814,13:28:53,9.93,0.01,5,4965,买盘
815,13:28:48,9.92,--,54,53568,卖盘
816,13:28:33,9.92,--,84,83328,买盘
817,13:28:28,9.92,--,7,6944,买盘
818,13:28:23,9.92,0.01,5,4960,买盘
819,13:28:18,9.91,-0.01,76,75316,卖盘
820,13:28:13,9.92,--,109,108128,买盘
821,13:27:58,9.92,--,488,484096,卖盘
822,13:27:53,9.92,-0.01,60,59520,卖盘
823,13:27:48,9.93,--,50,49650,买盘
824,13:27:43,9.93,--,11,10923,买盘
825,13:27:33,9.93,0.01,196,194628,买盘
826,13:27:28,9.92,-0.01,94,93248,卖盘
827,13:27:23,9.93,--,2,1986,买盘
828,13:27:18,9.93,--,20,19860,买盘
829,13:27:03,9.93,--,65,64545,买盘
830,13:26:58,9.93,--,33,32769,买盘
831,13:26:53,9.93,--,9,8937,买盘
832,13:26:43,9.93,0.01,53,52629,买盘
833,13:26:33,9.92,-0.01,6,5952,卖盘
834,13:26:23,9.93,0.01,51,50643,买盘
835,13:26:18,9.92,--,50,49600,卖盘
836,13:26:12,9.92,-0.01,20,19840,卖盘
837,13:26:08,9.93,0.01,1,993,买盘
838,13:26:03,9.92,--,10,9920,卖盘
839,13:25:53,9.92,--,115,114080,卖盘
840,13:25:48,9.92,--,148,146816,卖盘
841,13:25:33,9.92,--,1,992,卖盘
842,13:25:27,9.92,--,323,320416,买盘
843,13:25:18,9.92,0.01,3,2976,买盘
844,13:25:12,9.91,--,63,62433,买盘
845,13:25:08,9.91,--,15,14865,买盘
846,13:24:57,9.91,--,140,138740,卖盘
847,13:24:48,9.91,-0.01,4,3964,卖盘
848,13:24:38,9.92,0.01,22,21824,买盘
849,13:24:33,9.91,-0.01,2,1982,卖盘
850,13:24:22,9.92,--,3,2976,买盘
851,13:24:12,9.92,0.01,17,16864,买盘
852,13:24:08,9.91,--,20,19820,卖盘
853,13:24:02,9.91,--,33,32703,买盘
854,13:23:57,9.91,--,10,9910,买盘
855,13:23:52,9.91,0.01,8,7928,买盘
856,13:23:47,9.9,-0.01,4,3960,卖盘
857,13:23:42,9.91,--,2,1982,买盘
858,13:23:37,9.91,0.01,1,991,买盘
859,13:23:32,9.9,--,107,105930,卖盘
860,13:23:27,9.9,--,10,9900,卖盘
861,13:23:22,9.9,--,3,2970,卖盘
862,13:23:17,9.9,--,20,19800,卖盘
863,13:23:12,9.9,--,5,4950,卖盘
864,13:23:02,9.9,-0.01,100,99000,卖盘
865,13:22:57,9.91,0.01,26,25766,买盘
866,13:22:47,9.9,-0.01,12,11880,卖盘
867,13:22:42,9.91,--,52,51532,买盘
868,13:22:37,9.91,--,176,174416,买盘
869,13:22:32,9.91,--,57,56487,卖盘
870,13:22:27,9.91,--,3,2973,卖盘
871,13:22:22,9.91,-0.01,249,246759,卖盘
872,13:22:17,9.92,--,8,7936,买盘
873,13:22:12,9.92,--,74,73408,买盘
874,13:22:07,9.92,--,8,7936,买盘
875,13:22:02,9.92,0.01,2,1984,买盘
876,13:21:57,9.91,--,107,106037,卖盘
877,13:21:42,9.91,--,42,41622,买盘
878,13:21:37,9.91,-0.01,10,9910,卖盘
879,13:21:32,9.92,0.01,2,1984,买盘
880,13:21:27,9.91,--,21,20811,卖盘
881,13:21:22,9.91,-0.01,3,2973,卖盘
882,13:21:17,9.92,0.01,30,29760,买盘
883,13:21:07,9.91,-0.01,53,52523,卖盘
884,13:21:02,9.92,0.01,20,19840,买盘
885,13:20:57,9.91,--,115,113965,卖盘
886,13:20:52,9.91,--,5,4955,卖盘
887,13:20:42,9.91,--,20,19820,卖盘
888,13:20:27,9.91,--,20,19820,卖盘
889,13:20:22,9.91,--,12,11892,卖盘
890,13:20:17,9.91,-0.01,12,11892,卖盘
891,13:20:02,9.92,--,30,29760,买盘
892,13:19:52,9.92,--,29,28768,卖盘
893,13:19:47,9.92,--,2,1984,卖盘
894,13:19:42,9.92,--,85,84320,买盘
895,13:19:37,9.92,--,6,5952,买盘
896,13:19:32,9.92,--,4,3968,买盘
897,13:19:27,9.92,--,8,7936,买盘
898,13:19:22,9.92,-0.01,1,992,买盘
899,13:19:12,9.93,--,0,0,买盘
900,13:19:07,9.93,0.01,2564,2546052,买盘
901,13:18:57,9.92,--,15,14880,卖盘
902,13:18:52,9.92,-0.01,1,992,卖盘
903,13:18:47,9.93,--,15,14895,买盘
904,13:18:42,9.93,--,5,4965,买盘
905,13:18:37,9.93,0.01,3,2979,买盘
906,13:18:27,9.92,-0.01,126,124992,卖盘
907,13:18:21,9.93,--,3,2979,买盘
908,13:18:06,9.93,--,10,9930,买盘
909,13:17:57,9.93,0.02,52,51636,买盘
910,13:17:51,9.91,-0.01,1,991,卖盘
911,13:17:42,9.92,-0.01,44,43648,中性盘
912,13:17:36,9.93,0.01,110,109230,买盘
913,13:17:27,9.92,--,6,5952,买盘
914,13:17:21,9.92,--,20,19840,买盘
915,13:17:17,9.92,--,3,2976,买盘
916,13:17:12,9.92,0.02,31,30752,买盘
917,13:17:06,9.9,-0.01,40,39600,卖盘
918,13:16:56,9.91,0.01,9,8919,卖盘
919,13:16:51,9.9,--,0,0,卖盘
920,13:16:47,9.9,--,57,56430,卖盘
921,13:16:41,9.9,--,851,842490,卖盘
922,13:16:36,9.9,--,2,1980,卖盘
923,13:16:31,9.9,--,22,21780,卖盘
924,13:16:21,9.9,0.01,290,287218,买盘
925,13:16:16,9.89,--,27,26703,卖盘
926,13:16:11,9.89,-0.01,59,58351,卖盘
927,13:16:06,9.9,--,626,619740,买盘
928,13:15:56,9.9,--,10,9900,买盘
929,13:15:51,9.9,0.01,40,39600,买盘
930,13:15:46,9.89,--,254,251206,买盘
931,13:15:41,9.89,--,69,68241,卖盘
932,13:15:36,9.89,-0.01,4,3956,卖盘
933,13:15:21,9.9,0.01,3000,2970000,买盘
934,13:15:16,9.89,--,33,32637,买盘
935,13:15:11,9.89,--,25,24725,买盘
936,13:15:06,9.89,--,36,35604,买盘
937,13:15:01,9.89,-0.01,54,53406,卖盘
938,13:14:56,9.9,0.01,37,36630,买盘
939,13:14:51,9.89,--,68,67252,买盘
940,13:14:46,9.89,--,24,23736,买盘
941,13:14:41,9.89,--,8,7912,买盘
942,13:14:36,9.89,--,20,19780,买盘
943,13:14:31,9.89,--,23,22747,卖盘
944,13:14:26,9.89,--,10,9890,卖盘
945,13:14:21,9.89,--,56,55384,买盘
946,13:14:16,9.89,--,31,30659,卖盘
947,13:14:06,9.89,--,417,412413,卖盘
948,13:14:01,9.89,--,25,24725,卖盘
949,13:13:56,9.89,--,43,42527,卖盘
950,13:13:51,9.89,--,25,24725,卖盘
951,13:13:41,9.89,-0.01,4,3956,卖盘
952,13:13:36,9.9,0.01,36,35640,买盘
953,13:13:31,9.89,--,11,10879,卖盘
954,13:13:26,9.89,--,18,17802,卖盘
955,13:13:21,9.89,-0.01,2,1978,买盘
956,13:13:16,9.9,0.01,24,23760,买盘
957,13:13:11,9.89,-0.01,114,113616,卖盘
958,13:13:06,9.9,--,45,44550,买盘
959,13:13:01,9.9,0.01,67,66330,买盘
960,13:12:51,9.89,-0.01,171,169237,卖盘
961,13:12:46,9.9,0.01,2,1980,买盘
962,13:12:41,9.89,-0.01,35,34615,卖盘
963,13:12:36,9.9,0.01,265,262350,买盘
964,13:12:31,9.89,--,49,48461,卖盘
965,13:12:26,9.89,--,23,22747,卖盘
966,13:12:21,9.89,-0.01,9,8901,卖盘
967,13:12:16,9.9,0.01,27,26730,买盘
968,13:12:11,9.89,-0.01,23,22747,卖盘
969,13:12:06,9.9,--,1,990,买盘
970,13:12:01,9.9,0.01,28,27720,买盘
971,13:11:56,9.89,-0.01,9,8901,卖盘
972,13:11:46,9.9,--,4,3960,买盘
973,13:11:36,9.9,--,24,23760,买盘
974,13:11:31,9.9,--,16,15840,卖盘
975,13:11:21,9.9,--,25,24750,买盘
976,13:11:15,9.9,--,4,3960,买盘
977,13:11:06,9.9,--,100,99000,买盘
978,13:11:00,9.9,--,10,9900,买盘
979,13:10:55,9.9,--,1,990,买盘
980,13:10:51,9.9,--,2,1980,买盘
981,13:10:40,9.9,--,8,7920,卖盘
982,13:10:36,9.9,-0.01,2,1980,卖盘
983,13:10:30,9.91,0.01,40,39640,买盘
984,13:10:25,9.9,-0.01,10,9900,中性盘
985,13:10:20,9.91,0.01,54,53514,买盘
986,13:10:15,9.9,--,47,46530,买盘
987,13:10:10,9.9,--,8,7920,卖盘
988,13:10:05,9.9,--,16,15840,中性盘
989,13:10:00,9.9,--,108,106920,买盘
990,13:09:50,9.9,--,59,58410,买盘
991,13:09:45,9.9,0.01,33,32670,买盘
992,13:09:35,9.89,--,76,75164,卖盘
993,13:09:30,9.89,-0.01,8,7912,卖盘
994,13:09:20,9.9,--,2,1980,买盘
995,13:09:15,9.9,0.01,6,5940,买盘
996,13:09:00,9.89,--,32,31648,卖盘
997,13:08:55,9.89,-0.01,42,41538,卖盘
998,13:08:50,9.9,--,29,28710,买盘
999,13:08:40,9.9,0.01,21,20790,买盘
1000,13:08:35,9.89,--,101,99889,买盘
1001,13:08:30,9.89,0.01,5,4945,买盘
1002,13:08:25,9.88,--,15,14820,卖盘
1003,13:08:15,9.88,--,46,45448,买盘
1004,13:08:10,9.88,0.01,87,85956,买盘
1005,13:08:05,9.87,-0.01,42,41454,卖盘
1006,13:08:00,9.88,--,35,34580,买盘
1007,13:07:55,9.88,--,71,70148,买盘
1008,13:07:50,9.88,--,12,11856,买盘
1009,13:07:45,9.88,--,67,66196,买盘
1010,13:07:40,9.88,--,72,71136,买盘
1011,13:07:35,9.88,--,234,231192,买盘
1012,13:07:30,9.88,--,286,282568,买盘
1013,13:07:25,9.88,--,51,50388,买盘
1014,13:07:20,9.88,--,73,72124,买盘
1015,13:07:15,9.88,-0.01,1050,1037400,卖盘
1016,13:07:10,9.89,--,111,109779,买盘
1017,13:07:05,9.89,--,15,14835,买盘
1018,13:07:00,9.89,-0.01,226,223514,卖盘
1019,13:06:55,9.9,--,3,2970,卖盘
1020,13:06:50,9.9,--,6,5940,卖盘
1021,13:06:45,9.9,--,85,84150,卖盘
1022,13:06:40,9.9,--,47,46530,买盘
1023,13:06:35,9.9,--,2,1980,买盘
1024,13:06:25,9.9,-0.01,662,655380,卖盘
1025,13:06:20,9.91,--,3100,3072100,买盘
1026,13:06:15,9.91,0.01,28,27748,买盘
1027,13:06:10,9.9,-0.02,1056,1045440,卖盘
1028,13:06:05,9.92,--,6,5952,买盘
1029,13:06:00,9.92,--,61,60512,买盘
1030,13:05:54,9.92,--,13,12896,买盘
1031,13:05:50,9.92,-0.01,96,95232,卖盘
1032,13:05:45,9.93,0.01,20,19860,买盘
1033,13:05:35,9.92,--,35,34720,卖盘
1034,13:05:30,9.92,-0.01,133,131936,卖盘
1035,13:05:25,9.93,0.01,15,14895,买盘
1036,13:05:20,9.92,-0.01,6,5952,卖盘
1037,13:05:15,9.93,--,50,49650,买盘
1038,13:05:10,9.93,--,40,39720,买盘
1039,13:05:05,9.93,--,55,54615,买盘
1040,13:05:00,9.93,--,85,84405,买盘
1041,13:04:55,9.93,--,66,65538,买盘
1042,13:04:49,9.93,--,3,2979,买盘
1043,13:04:45,9.93,0.01,9,8937,买盘
1044,13:04:34,9.92,-0.01,50,49600,卖盘
1045,13:04:24,9.93,0.01,25,24825,买盘
1046,13:04:19,9.92,--,16,15872,卖盘
1047,13:04:15,9.92,-0.01,78,77376,卖盘
1048,13:04:10,9.93,--,8,7944,买盘
1049,13:04:04,9.93,0.01,30,29790,买盘
1050,13:04:00,9.92,-0.02,487,483104,卖盘
1051,13:03:54,9.94,0.01,107,106358,买盘
1052,13:03:44,9.93,--,124,123132,买盘
1053,13:03:39,9.93,--,75,74475,买盘
1054,13:03:34,9.93,--,100,99300,买盘
1055,13:03:29,9.93,--,1,993,买盘
1056,13:03:24,9.93,--,56,55608,买盘
1057,13:03:14,9.93,--,30,29790,买盘
1058,13:03:09,9.93,--,63,62559,买盘
1059,13:03:04,9.93,--,5,4965,买盘
1060,13:02:59,9.93,--,16,15888,买盘
1061,13:02:54,9.93,-0.01,202,200586,卖盘
1062,13:02:44,9.94,--,1,994,买盘
1063,13:02:39,9.94,0.01,8,7952,买盘
1064,13:02:34,9.93,--,113,112209,卖盘
1065,13:02:29,9.93,-0.01,26,25818,卖盘
1066,13:02:24,9.94,0.01,13,12922,买盘
1067,13:02:19,9.93,--,30,29790,卖盘
1068,13:02:14,9.93,--,1,993,卖盘
1069,13:02:09,9.93,--,294,291942,卖盘
1070,13:02:04,9.93,--,2,1986,卖盘
1071,13:01:59,9.93,--,159,157887,卖盘
1072,13:01:49,9.93,--,48,47664,卖盘
1073,13:01:44,9.93,--,7,6951,卖盘
1074,13:01:39,9.93,--,4,3972,卖盘
1075,13:01:34,9.93,-0.01,136,135048,卖盘
1076,13:01:19,9.94,--,7,6958,买盘
1077,13:00:59,9.94,--,278,277206,卖盘
1078,13:00:54,9.94,--,51,50694,卖盘
1079,13:00:49,9.94,--,76,75544,卖盘
1080,13:00:44,9.94,--,3,2982,卖盘
1081,13:00:34,9.94,-0.01,4,3976,卖盘
1082,13:00:09,9.95,--,1079,1073605,卖盘
1083,13:00:03,9.95,-0.01,93,92535,卖盘
1084,11:30:00,9.96,--,0,0,买盘
1085,11:30:00,9.96,--,0,0,买盘
1086,11:29:59,9.96,--,25,24900,买盘
1087,11:29:45,9.96,0.01,50,49800,买盘
1088,11:29:39,9.95,--,92,91540,卖盘
1089,11:29:30,9.95,--,428,425859,卖盘
1090,11:29:24,9.95,--,20,19900,卖盘
1091,11:29:18,9.95,--,349,347255,卖盘
1092,11:29:09,9.95,--,13,12934,卖盘
1093,11:29:00,9.95,--,590,587050,卖盘
1094,11:28:48,9.95,-0.01,4,3979,卖盘
1095,11:28:45,9.96,--,6,5976,买盘
1096,11:28:39,9.96,--,5,4980,买盘
1097,11:28:33,9.96,--,50,49800,买盘
1098,11:28:30,9.96,--,10,9960,买盘
1099,11:28:24,9.96,0.01,7,6972,买盘
1100,11:28:18,9.95,-0.01,19,18905,卖盘
1101,11:28:15,9.96,--,12,11952,买盘
1102,11:28:09,9.96,--,100,99600,买盘
1103,11:27:59,9.96,--,10,9960,买盘
1104,11:27:54,9.96,-0.01,111,110894,卖盘
1105,11:27:48,9.97,0.01,10,9970,买盘
1106,11:27:44,9.96,--,17,16932,卖盘
1107,11:27:39,9.96,--,19,18924,卖盘
1108,11:27:29,9.96,--,13,12948,卖盘
1109,11:27:24,9.96,--,6,5976,卖盘
1110,11:27:14,9.96,--,134,134121,买盘
1111,11:26:59,9.96,0.01,100,99600,买盘
1112,11:26:48,9.95,-0.01,240,238799,卖盘
1113,11:26:44,9.96,--,104,103584,买盘
1114,11:26:39,9.96,0.01,47,46812,买盘
1115,11:26:24,9.95,-0.01,3,2985,卖盘
1116,11:26:18,9.96,--,50,49800,买盘
1117,11:26:14,9.96,--,351,349934,卖盘
1118,11:26:03,9.96,--,48,47808,卖盘
1119,11:25:59,9.96,-0.01,131,130476,卖盘
1120,11:25:48,9.97,0.01,1,997,买盘
1121,11:25:39,9.96,--,116,115536,卖盘
1122,11:25:33,9.96,--,131,130476,卖盘
1123,11:25:29,9.96,--,72,71712,卖盘
1124,11:25:18,9.96,--,85,84660,卖盘
1125,11:25:14,9.96,-0.01,70,69720,卖盘
1126,11:25:09,9.97,0.01,26,25922,买盘
1127,11:24:59,9.96,--,12,11952,卖盘
1128,11:24:54,9.96,-0.01,3,2988,卖盘
1129,11:24:48,9.97,0.01,9,8973,买盘
1130,11:24:29,9.96,--,17,16932,卖盘
1131,11:24:24,9.96,--,43,42828,卖盘
1132,11:24:18,9.96,-0.01,36,35856,卖盘
1133,11:24:14,9.97,0.01,20,19940,买盘
1134,11:24:09,9.96,-0.01,30,30537,卖盘
1135,11:24:03,9.97,0.01,5,4985,买盘
1136,11:23:54,9.96,-0.01,19,18924,卖盘
1137,11:23:48,9.97,--,5,4985,买盘
1138,11:23:39,9.97,0.01,100,99700,买盘
1139,11:23:24,9.96,--,16,15936,卖盘
1140,11:23:18,9.96,--,9,8964,卖盘
1141,11:23:14,9.96,-0.01,1,996,卖盘
1142,11:23:09,9.97,--,70,69790,买盘
1143,11:23:03,9.97,0.01,4,3988,买盘
1144,11:22:54,9.96,--,41,40836,卖盘
1145,11:22:48,9.96,--,51,50796,卖盘
1146,11:22:38,9.96,--,277,275892,卖盘
1147,11:22:28,9.96,--,10,9960,卖盘
1148,11:22:24,9.96,-0.01,4,3984,卖盘
1149,11:22:18,9.97,--,221,220337,卖盘
1150,11:22:13,9.97,--,47,46859,卖盘
1151,11:22:09,9.97,--,140,139580,卖盘
1152,11:22:03,9.97,--,17,16949,卖盘
1153,11:21:59,9.97,--,58,57826,卖盘
1154,11:21:53,9.97,--,40,39880,卖盘
1155,11:21:48,9.97,--,123,122631,卖盘
1156,11:21:38,9.97,--,17,16949,卖盘
1157,11:21:33,9.97,--,33,32901,卖盘
1158,11:21:18,9.97,--,320,319040,卖盘
1159,11:21:12,9.97,--,100,99700,卖盘
1160,11:21:08,9.97,--,317,316049,卖盘
1161,11:21:03,9.97,--,17,16949,卖盘
1162,11:20:53,9.97,--,130,129610,卖盘
1163,11:20:48,9.97,-0.01,37,36889,卖盘
1164,11:20:42,9.98,--,26,25948,买盘
1165,11:20:38,9.98,--,3,2994,买盘
1166,11:20:27,9.98,--,161,160678,买盘
1167,11:20:12,9.98,--,8,7984,买盘
1168,11:20:08,9.98,--,9,8982,买盘
1169,11:20:03,9.98,--,25,24950,买盘
1170,11:19:57,9.98,--,102,101796,卖盘
1171,11:19:53,9.98,--,4,3992,卖盘
1172,11:19:48,9.98,--,5,4990,卖盘
1173,11:19:38,9.98,--,14,13972,卖盘
1174,11:19:23,9.98,--,10,9980,卖盘
1175,11:19:18,9.98,--,4,3992,卖盘
1176,11:19:08,9.98,-0.01,36,35928,卖盘
1177,11:18:57,9.99,0.01,54,53946,买盘
1178,11:18:53,9.98,-0.01,35,34930,卖盘
1179,11:18:48,9.99,0.01,10,9990,买盘
1180,11:18:33,9.98,-0.01,30,29940,卖盘
1181,11:18:27,9.99,--,5,4995,买盘
1182,11:18:18,9.99,--,64,63936,买盘
1183,11:18:08,9.99,--,14,13986,买盘
1184,11:18:03,9.99,0.01,1,999,买盘
1185,11:17:53,9.98,--,62,61876,卖盘
1186,11:17:33,9.98,--,3,2994,卖盘
1187,11:17:18,9.98,-0.01,21,20958,卖盘
1188,11:16:57,9.99,--,9,8991,买盘
1189,11:16:48,9.99,--,24,23976,买盘
1190,11:16:41,9.99,0.01,21,20979,买盘
1191,11:16:38,9.98,--,87,86826,卖盘
1192,11:16:33,9.98,--,3,2994,卖盘
1193,11:16:27,9.98,--,31,30938,卖盘
1194,11:16:22,9.98,--,15,14970,卖盘
1195,11:16:12,9.98,-0.01,4,3992,卖盘
1196,11:16:08,9.99,--,5,4995,买盘
1197,11:15:57,9.99,0.01,1,999,买盘
1198,11:15:48,9.98,-0.01,6,5988,卖盘
1199,11:15:27,9.99,--,8,7992,买盘
1200,11:15:08,9.99,0.01,40,39960,买盘
1201,11:15:03,9.98,--,72,71856,卖盘
1202,11:14:57,9.98,-0.01,10,9980,卖盘
1203,11:14:47,9.99,0.01,2,1998,买盘
1204,11:14:37,9.98,--,5,4990,卖盘
1205,11:14:33,9.98,-0.01,51,50898,卖盘
1206,11:14:22,9.99,0.01,20,19980,买盘
1207,11:14:18,9.98,--,10,9980,卖盘
1208,11:14:12,9.98,-0.01,3,2994,卖盘
1209,11:13:57,9.99,--,31,30969,买盘
1210,11:13:41,9.99,0.01,30,29970,买盘
1211,11:13:37,9.98,--,4,3992,卖盘
1212,11:13:21,9.98,-0.01,4,3992,卖盘
1213,11:13:12,9.99,--,56,55944,买盘
1214,11:13:02,9.99,0.01,28,27972,买盘
1215,11:12:27,9.98,-0.01,4,3992,卖盘
1216,11:12:17,9.99,--,32,31968,买盘
1217,11:12:11,9.99,0.01,2,1998,买盘
1218,11:12:02,9.98,-0.01,3,2994,卖盘
1219,11:11:51,9.99,--,1,999,买盘
1220,11:11:47,9.99,0.01,6,5994,买盘
1221,11:11:41,9.98,-0.01,19,18962,卖盘
1222,11:11:36,9.99,--,30,29970,买盘
1223,11:11:27,9.99,0.01,80,79920,买盘
1224,11:11:12,9.98,--,4,3992,卖盘
1225,11:10:51,9.98,--,203,202594,买盘
1226,11:10:47,9.98,--,1,998,买盘
1227,11:10:41,9.98,--,11,10978,买盘
1228,11:10:26,9.98,--,38,37924,买盘
1229,11:10:17,9.98,--,5,4990,买盘
1230,11:10:11,9.98,--,44,43912,买盘
1231,11:10:02,9.98,--,30,29940,买盘
1232,11:09:57,9.98,0.01,28,27944,买盘
1233,11:09:47,9.97,-0.01,3,2991,卖盘
1234,11:09:42,9.98,--,15,14970,买盘
1235,11:09:27,9.98,0.01,23,22954,买盘
1236,11:09:20,9.97,--,8,7976,卖盘
1237,11:09:17,9.97,-0.01,10,9970,卖盘
1238,11:09:12,9.98,--,70,69860,买盘
1239,11:09:06,9.98,0.01,1,998,买盘
1240,11:08:51,9.97,-0.01,75,74775,卖盘
1241,11:08:46,9.98,0.01,2,1996,买盘
1242,11:08:42,9.97,-0.01,8,7976,卖盘
1243,11:08:35,9.98,0.01,5,4990,买盘
1244,11:08:31,9.97,-0.01,41,40877,卖盘
1245,11:08:16,9.98,--,10,9980,买盘
1246,11:08:11,9.98,--,143,142714,卖盘
1247,11:08:06,9.98,--,111,110778,卖盘
1248,11:07:56,9.98,--,36,35928,卖盘
1249,11:07:46,9.98,--,136,135728,卖盘
1250,11:07:41,9.98,--,140,139720,卖盘
1251,11:07:35,9.98,--,24,23952,卖盘
1252,11:07:31,9.98,--,3,2994,卖盘
1253,11:07:26,9.98,-0.01,244,243512,卖盘
1254,11:07:20,9.99,0.01,2,1998,买盘
1255,11:07:16,9.98,--,39,38922,卖盘
1256,11:07:11,9.98,--,56,55888,卖盘
1257,11:06:56,9.98,-0.01,46,45908,卖盘
1258,11:06:46,9.99,0.01,5,4995,买盘
1259,11:06:41,9.98,--,5,4990,卖盘
1260,11:06:31,9.98,--,29,28942,卖盘
1261,11:06:20,9.98,--,3,2994,卖盘
1262,11:06:11,9.98,--,4,3992,卖盘
1263,11:06:05,9.98,--,29,28942,卖盘
1264,11:05:56,9.98,--,54,53892,卖盘
1265,11:05:35,9.98,0.01,58,57884,买盘
1266,11:05:26,9.97,-0.02,15,14955,卖盘
1267,11:05:20,9.99,0.02,14,13986,买盘
1268,11:05:11,9.97,--,0,0,卖盘
1269,11:05:05,9.97,--,24,23928,卖盘
1270,11:04:59,9.97,-0.02,1000,997000,卖盘
1271,11:04:56,9.99,0.01,20,19980,买盘
1272,11:04:44,9.98,--,2,1996,卖盘
1273,11:04:41,9.98,--,0,0,中性盘
1274,11:04:29,9.98,--,2,1996,买盘
1275,11:04:26,9.98,0.01,3,2994,买盘
1276,11:04:20,9.97,--,124,124126,卖盘
1277,11:04:14,9.97,--,24,23928,卖盘
1278,11:04:05,9.97,--,59,58823,卖盘
1279,11:03:56,9.97,-0.01,100,99700,卖盘
1280,11:03:50,9.98,--,13,12974,卖盘
1281,11:03:44,9.98,--,22,21956,卖盘
1282,11:03:35,9.98,0.01,1208,1205584,买盘
1283,11:03:26,9.97,--,20,19940,卖盘
1284,11:03:20,9.97,-0.01,14,13958,卖盘
1285,11:03:14,9.98,--,16,15968,买盘
1286,11:02:56,9.98,--,34,33932,卖盘
1287,11:02:50,9.98,--,25,24950,卖盘
1288,11:02:44,9.98,--,100,99800,卖盘
1289,11:02:40,9.98,--,38,37924,卖盘
1290,11:02:20,9.98,--,5,4990,卖盘
1291,11:02:14,9.98,--,23,22954,卖盘
1292,11:02:05,9.98,--,19,18962,卖盘
1293,11:01:59,9.98,--,427,426146,卖盘
1294,11:01:50,9.98,--,20,19960,卖盘
1295,11:01:44,9.98,--,251,250498,卖盘
1296,11:01:29,9.98,--,4,3992,卖盘
1297,11:01:25,9.98,--,8,7984,卖盘
1298,11:01:20,9.98,--,10,9980,卖盘
1299,11:01:14,9.98,--,5,4990,卖盘
1300,11:01:05,9.98,--,21,20958,卖盘
1301,11:00:50,9.98,-0.01,54,53892,卖盘
1302,11:00:35,9.99,--,46,45954,卖盘
1303,11:00:29,9.99,--,31,30969,卖盘
1304,11:00:14,9.99,-0.01,47,46953,卖盘
1305,10:59:40,10.0,0.01,20,20000,买盘
1306,10:59:35,9.99,--,3,2997,卖盘
1307,10:59:29,9.99,--,5,4995,卖盘
1308,10:59:25,9.99,--,16,15984,卖盘
1309,10:59:05,9.99,--,10,9990,卖盘
1310,10:58:50,9.99,--,44,43956,卖盘
1311,10:58:44,9.99,-0.01,23,22977,卖盘
1312,10:58:35,10.0,--,1,1000,买盘
1313,10:58:29,10.0,--,20,20000,买盘
1314,10:58:25,10.0,--,1,1000,买盘
1315,10:58:14,10.0,0.01,10,10000,买盘
1316,10:58:05,9.99,--,3,2997,卖盘
1317,10:57:55,9.99,--,53,52947,卖盘
1318,10:57:50,9.99,-0.01,18,17982,卖盘
1319,10:57:44,10.0,--,11,11000,买盘
1320,10:57:29,10.0,0.01,22,22000,买盘
1321,10:57:23,9.99,--,22,21978,卖盘
1322,10:57:20,9.99,--,4,3996,卖盘
1323,10:57:14,9.99,-0.01,17,16983,卖盘
1324,10:56:50,10.0,0.01,2,2000,买盘
1325,10:56:38,9.99,--,50,49950,卖盘
1326,10:56:35,9.99,-0.01,82,81918,卖盘
1327,10:56:29,10.0,--,5,5000,买盘
1328,10:56:20,10.0,--,11,11000,买盘
1329,10:56:05,10.0,--,12,12000,买盘
1330,10:55:59,10.0,-0.01,45,45260,卖盘
1331,10:55:50,10.01,0.01,36,36036,买盘
1332,10:55:38,10.0,-0.01,85,85740,卖盘
1333,10:55:29,10.01,0.01,5,5005,买盘
1334,10:55:23,10.0,-0.01,26,26000,卖盘
1335,10:55:04,10.01,--,102,102102,卖盘
1336,10:54:53,10.01,-0.01,5,5005,卖盘
1337,10:54:49,10.02,--,1,1002,买盘
1338,10:54:38,10.02,0.01,11,11022,买盘
1339,10:54:34,10.01,--,30,30030,卖盘
1340,10:54:29,10.01,--,4,4004,卖盘
1341,10:54:23,10.01,--,39,39039,卖盘
1342,10:54:19,10.01,-0.01,10,10010,卖盘
1343,10:54:14,10.02,--,6,6012,买盘
1344,10:53:59,10.02,0.01,17,17034,买盘
1345,10:53:44,10.01,--,20,20020,卖盘
1346,10:53:38,10.01,--,12,12012,卖盘
1347,10:53:29,10.01,--,257,257257,买盘
1348,10:53:23,10.01,--,6,6006,买盘
1349,10:53:19,10.01,--,0,0,买盘
1350,10:53:04,10.01,0.02,20,20020,买盘
1351,10:52:59,9.99,-0.02,13,12987,卖盘
1352,10:52:44,10.01,0.01,193,193193,买盘
1353,10:52:19,10.0,--,318,318000,买盘
1354,10:52:14,10.0,--,15,15000,买盘
1355,10:52:08,10.0,0.01,1,1000,买盘
1356,10:51:59,9.99,--,4,3996,卖盘
1357,10:51:44,9.99,0.01,27,26973,买盘
1358,10:51:38,9.98,-0.01,2,1996,卖盘
1359,10:51:29,9.99,--,12,11988,买盘
1360,10:51:23,9.99,--,11,10989,买盘
1361,10:51:19,9.99,--,65,64935,卖盘
1362,10:51:14,9.99,-0.01,4,3996,卖盘
1363,10:51:04,10.0,--,1,1000,买盘
1364,10:50:59,10.0,0.01,6,6000,买盘
1365,10:50:53,9.99,--,3,2997,卖盘
1366,10:50:44,9.99,-0.01,30,29970,卖盘
1367,10:50:38,10.0,--,0,0,买盘
1368,10:50:33,10.0,0.02,100,100000,买盘
1369,10:50:29,9.98,--,14,13972,卖盘
1370,10:50:23,9.98,-0.01,34,33932,卖盘
1371,10:50:08,9.99,0.01,52,51948,买盘
1372,10:50:04,9.98,-0.01,18,17964,卖盘
1373,10:49:53,9.99,--,113,112887,买盘
1374,10:49:47,9.99,0.01,30,29970,买盘
1375,10:49:38,9.98,-0.01,53,52894,卖盘
1376,10:49:29,9.99,-0.01,16,15984,卖盘
1377,10:49:17,10.0,--,1,1000,买盘
1378,10:49:14,10.0,0.01,30,30000,买盘
1379,10:49:08,9.99,--,21,20979,卖盘
1380,10:48:59,9.99,-0.01,9,8991,卖盘
1381,10:48:53,10.0,--,1,1000,买盘
1382,10:48:47,10.0,--,127,127000,卖盘
1383,10:48:38,10.0,-0.01,36,36000,卖盘
1384,10:48:32,10.01,0.01,31,31031,买盘
1385,10:48:29,10.0,-0.01,10,10000,卖盘
1386,10:48:23,10.01,--,1,1001,买盘
1387,10:48:08,10.01,--,5,5005,买盘
1388,10:48:02,10.01,0.01,10,10010,买盘
1389,10:47:58,10.0,-0.01,50,50000,卖盘
1390,10:47:47,10.01,0.01,160,160160,买盘
1391,10:47:43,10.0,--,16,16000,卖盘
1392,10:47:38,10.0,--,58,58000,卖盘
1393,10:47:32,10.0,-0.01,45,45000,卖盘
1394,10:47:23,10.01,0.01,1,1001,买盘
1395,10:47:17,10.0,--,26,26000,卖盘
1396,10:47:13,10.0,-0.01,3,3000,卖盘
1397,10:47:08,10.01,--,3,3003,买盘
1398,10:47:02,10.01,0.01,14,14014,买盘
1399,10:46:53,10.0,-0.01,5,5000,卖盘
1400,10:46:47,10.01,0.01,10,10010,买盘
1401,10:46:43,10.0,-0.01,30,30000,卖盘
1402,10:46:38,10.01,--,5,5005,买盘
1403,10:46:23,10.01,--,118,118118,买盘
1404,10:46:13,10.01,0.01,2,2002,买盘
1405,10:46:02,10.0,--,4,4000,卖盘
1406,10:45:53,10.0,--,45,45000,卖盘
1407,10:45:38,10.0,--,10,10000,卖盘
1408,10:45:23,10.0,-0.01,25,25000,卖盘
1409,10:45:08,10.01,--,50,50050,买盘
1410,10:45:02,10.01,0.01,18,18018,买盘
1411,10:44:53,10.0,-0.01,21,21000,卖盘
1412,10:44:47,10.01,--,1,1001,买盘
1413,10:44:43,10.01,--,2,2002,买盘
1414,10:44:32,10.01,--,2,2002,买盘
1415,10:44:08,10.01,0.02,79,79079,买盘
1416,10:44:02,9.99,--,4,3996,卖盘
1417,10:43:58,9.99,--,15,14985,卖盘
1418,10:43:53,9.99,0.01,8,7992,卖盘
1419,10:43:32,9.98,--,0,0,卖盘
1420,10:43:28,9.98,-0.02,124,123752,卖盘
1421,10:43:23,10.0,0.01,573,573550,买盘
1422,10:42:58,9.99,--,53,52947,买盘
1423,10:42:53,9.99,0.01,20,19980,买盘
1424,10:42:47,9.98,-0.01,4,3992,卖盘
1425,10:42:32,9.99,--,1,999,买盘
1426,10:42:17,9.99,--,40,39960,买盘
1427,10:42:08,9.99,0.01,205,204795,买盘
1428,10:42:02,9.98,-0.01,2,1996,卖盘
1429,10:41:58,9.99,--,7,6993,买盘
1430,10:41:47,9.99,0.01,1,999,买盘
1431,10:41:38,9.98,-0.01,30,29940,卖盘
1432,10:41:17,9.99,--,2,1998,买盘
1433,10:41:11,9.99,0.01,22,21978,买盘
1434,10:41:08,9.98,--,91,90818,卖盘
1435,10:41:02,9.98,--,12,11976,卖盘
1436,10:40:53,9.98,--,7,6986,卖盘
1437,10:40:47,9.98,0.01,222,221556,买盘
1438,10:40:41,9.97,-0.01,24,23928,卖盘
1439,10:40:26,9.98,--,25,24950,买盘
1440,10:40:17,9.98,0.01,10,9980,买盘
1441,10:40:11,9.97,-0.01,252,251244,卖盘
1442,10:40:08,9.98,--,2,1996,买盘
1443,10:40:02,9.98,--,3,2994,买盘
1444,10:39:56,9.98,--,3,2994,买盘
1445,10:39:47,9.98,0.01,24,23952,买盘
1446,10:39:41,9.97,--,13,12961,卖盘
1447,10:39:26,9.97,--,20,19940,卖盘
1448,10:39:17,9.97,--,174,173478,卖盘
1449,10:39:11,9.97,-0.01,19,18943,卖盘
1450,10:39:02,9.98,0.01,51,50898,买盘
1451,10:38:52,9.97,--,4,3988,卖盘
1452,10:38:47,9.97,-0.01,1,997,卖盘
1453,10:38:32,9.98,--,10,9980,买盘
1454,10:38:26,9.98,--,5,4990,买盘
1455,10:38:17,9.98,--,10,9980,买盘
1456,10:38:11,9.98,--,95,94810,买盘
1457,10:38:07,9.98,--,15,14970,买盘
1458,10:38:02,9.98,0.01,25,24950,买盘
1459,10:37:56,9.97,--,230,229310,卖盘
1460,10:37:47,9.97,-0.01,3,2991,卖盘
1461,10:37:41,9.98,--,3,2994,买盘
1462,10:37:32,9.98,0.01,44,43912,买盘
1463,10:37:26,9.97,-0.01,5,4985,卖盘
1464,10:37:07,9.98,--,200,199600,买盘
1465,10:37:02,9.98,--,221,220558,买盘
1466,10:36:47,9.98,--,65,64870,买盘
1467,10:36:41,9.98,0.01,5,4990,买盘
1468,10:36:37,9.97,-0.01,2,1994,卖盘
1469,10:36:32,9.98,--,10,9980,买盘
1470,10:36:26,9.98,0.01,20,19960,买盘
1471,10:36:22,9.97,--,26,25922,卖盘
1472,10:36:11,9.97,-0.01,4,3988,卖盘
1473,10:35:56,9.98,--,25,24950,买盘
1474,10:35:52,9.98,--,5,4990,买盘
1475,10:35:47,9.98,--,32,31936,买盘
1476,10:35:41,9.98,--,167,166666,卖盘
1477,10:35:32,9.98,--,10,9980,卖盘
1478,10:35:26,9.98,--,3,2994,卖盘
1479,10:35:17,9.98,--,41,40918,卖盘
1480,10:35:07,9.98,-0.01,10,9980,卖盘
1481,10:35:02,9.99,--,86,85914,买盘
1482,10:34:56,9.99,--,16,15984,买盘
1483,10:34:52,9.99,0.01,2,1998,买盘
1484,10:34:47,9.98,--,33,32934,卖盘
1485,10:34:26,9.98,--,62,61876,买盘
1486,10:34:22,9.98,--,1,998,买盘
1487,10:34:17,9.98,--,102,101796,买盘
1488,10:34:11,9.98,0.01,9,8982,买盘
1489,10:34:07,9.97,-0.01,30,29910,卖盘
1490,10:34:02,9.98,--,32,31936,买盘
1491,10:33:56,9.98,--,45,44910,买盘
1492,10:33:51,9.98,--,60,59880,买盘
1493,10:33:47,9.98,--,61,60878,买盘
1494,10:33:41,9.98,--,10,9980,买盘
1495,10:33:32,9.98,--,106,105788,买盘
1496,10:33:16,9.98,--,10,9980,买盘
1497,10:33:11,9.98,--,4,3992,买盘
1498,10:33:07,9.98,0.01,171,170658,买盘
1499,10:33:01,9.97,-0.01,9,8973,卖盘
1500,10:32:56,9.98,--,55,54890,买盘
1501,10:32:50,9.98,--,49,48902,买盘
1502,10:32:46,9.98,0.01,7,6986,买盘
1503,10:32:41,9.97,-0.01,55,54835,卖盘
1504,10:32:26,9.98,0.01,13,12974,买盘
1505,10:32:11,9.97,-0.01,28,27916,卖盘
1506,10:32:05,9.98,--,221,220558,买盘
1507,10:31:50,9.98,0.01,1,998,买盘
1508,10:31:46,9.97,-0.01,4,3988,卖盘
1509,10:31:41,9.98,--,2,1996,买盘
1510,10:31:35,9.98,--,58,57884,买盘
1511,10:31:31,9.98,--,4,3992,买盘
1512,10:31:20,9.98,--,5,4990,买盘
1513,10:31:11,9.98,0.01,10,9980,买盘
1514,10:31:01,9.97,-0.01,20,19940,卖盘
1515,10:30:56,9.98,0.01,20,19960,买盘
1516,10:30:50,9.97,-0.01,74,73778,卖盘
1517,10:30:41,9.98,0.01,105,104790,买盘
1518,10:30:35,9.97,--,33,32901,卖盘
1519,10:30:26,9.97,--,4,3988,卖盘
1520,10:30:20,9.97,--,215,214355,买盘
1521,10:30:16,9.97,--,21,20937,买盘
1522,10:30:11,9.97,--,22,21934,买盘
1523,10:30:05,9.97,--,15,14955,买盘
1524,10:29:56,9.97,--,151,150547,买盘
1525,10:29:50,9.97,-0.01,667,664999,卖盘
1526,10:29:41,9.98,0.01,4,3992,买盘
1527,10:29:35,9.97,-0.01,3,2991,卖盘
1528,10:29:31,9.98,--,13,12974,买盘
1529,10:29:26,9.98,-0.01,378,377244,卖盘
1530,10:29:20,9.99,--,7,6993,买盘
1531,10:29:11,9.99,-0.01,214,213786,卖盘
1532,10:29:05,10.0,0.01,103,103000,买盘
1533,10:28:50,9.99,--,15,14985,卖盘
1534,10:28:46,9.99,-0.01,15,14985,卖盘
1535,10:28:35,10.0,0.01,110,110000,买盘
1536,10:28:31,9.99,-0.01,10,9990,卖盘
1537,10:28:20,10.0,0.01,55,55000,买盘
1538,10:28:11,9.99,-0.01,13,12987,卖盘
1539,10:28:05,10.0,--,19,19000,买盘
1540,10:28:00,10.0,--,3,3000,买盘
1541,10:27:56,10.0,--,3,3000,买盘
1542,10:27:50,10.0,--,4,4000,买盘
1543,10:27:35,10.0,--,22,22000,买盘
1544,10:27:31,10.0,--,5,5000,买盘
1545,10:27:26,10.0,--,36,36000,买盘
1546,10:27:20,10.0,--,25,25000,买盘
1547,10:27:16,10.0,--,12,12000,买盘
1548,10:27:11,10.0,--,10,10000,买盘
1549,10:27:05,10.0,--,6,6000,买盘
1550,10:26:56,10.0,0.01,6,6000,买盘
1551,10:26:50,9.99,--,4,3996,卖盘
1552,10:26:46,9.99,-0.01,62,61938,卖盘
1553,10:26:41,10.0,0.01,62,62000,买盘
1554,10:26:35,9.99,-0.01,53,52947,卖盘
1555,10:26:31,10.0,--,5,5000,买盘
1556,10:26:26,10.0,0.01,542,542000,买盘
1557,10:26:20,9.99,--,37,36963,卖盘
1558,10:26:15,9.99,--,15,14985,卖盘
1559,10:26:05,9.99,-0.01,5,4995,卖盘
1560,10:26:00,10.0,0.01,73,73000,买盘
1561,10:25:56,9.99,--,5,4995,买盘
1562,10:25:50,9.99,--,46,45954,买盘
1563,10:25:46,9.99,0.01,25,24975,买盘
1564,10:25:40,9.98,-0.01,1,998,卖盘
1565,10:25:35,9.99,--,30,29970,买盘
1566,10:25:30,9.99,--,28,27972,买盘
1567,10:25:20,9.99,--,31,30969,买盘
1568,10:25:15,9.99,0.02,27,26973,买盘
1569,10:24:55,9.97,--,0,0,卖盘
1570,10:24:50,9.97,-0.01,4,3988,卖盘
1571,10:24:44,9.98,--,53,52894,买盘
1572,10:24:40,9.98,0.01,297,296406,买盘
1573,10:24:35,9.97,--,50,49869,卖盘
1574,10:24:20,9.97,-0.01,128,127616,卖盘
1575,10:24:14,9.98,0.01,122,121756,买盘
1576,10:24:10,9.97,--,110,109670,买盘
1577,10:24:05,9.97,0.01,76,75772,买盘
1578,10:23:59,9.96,-0.01,8,7968,卖盘
1579,10:23:55,9.97,--,105,104685,买盘
1580,10:23:50,9.97,0.01,128,127616,买盘
1581,10:23:44,9.96,-0.01,27,26892,卖盘
1582,10:23:40,9.97,--,20,19940,买盘
1583,10:23:35,9.97,0.01,5,4985,买盘
1584,10:23:29,9.96,--,30,29880,卖盘
1585,10:23:25,9.96,-0.01,200,199200,卖盘
1586,10:23:14,9.97,0.01,13,12961,买盘
1587,10:23:10,9.96,--,7,6972,卖盘
1588,10:23:05,9.96,-0.01,4,3984,卖盘
1589,10:22:59,9.97,--,40,39880,买盘
1590,10:22:50,9.97,--,110,109670,买盘
1591,10:22:44,9.97,0.01,84,83748,买盘
1592,10:22:35,9.96,-0.01,45,44820,卖盘
1593,10:22:24,9.97,0.01,7,6979,买盘
1594,10:22:20,9.96,-0.01,64,63744,卖盘
1595,10:22:14,9.97,--,8,7976,买盘
1596,10:22:05,9.97,--,360,358920,买盘
1597,10:21:59,9.97,--,154,153538,买盘
1598,10:21:54,9.97,--,50,49850,买盘
1599,10:21:50,9.97,--,17,16949,买盘
1600,10:21:44,9.97,--,18,17946,买盘
1601,10:21:39,9.97,--,2,1994,买盘
1602,10:21:35,9.97,--,34,33898,卖盘
1603,10:21:29,9.97,-0.01,3,2991,卖盘
1604,10:21:24,9.98,--,181,180638,买盘
1605,10:21:20,9.98,--,4,3992,买盘
1606,10:21:14,9.98,--,3,2994,买盘
1607,10:21:05,9.98,--,15,14970,买盘
1608,10:20:59,9.98,--,53,52894,买盘
1609,10:20:54,9.98,--,10,9980,买盘
1610,10:20:50,9.98,--,2,1996,买盘
1611,10:20:44,9.98,--,1,998,买盘
1612,10:20:39,9.98,--,2,1996,买盘
1613,10:20:35,9.98,0.01,3,2994,买盘
1614,10:20:24,9.97,-0.01,16,15952,卖盘
1615,10:20:20,9.98,--,49,48902,买盘
1616,10:20:09,9.98,--,3,2994,买盘
1617,10:20:05,9.98,--,14,13972,买盘
1618,10:19:54,9.98,0.01,36,35928,买盘
1619,10:19:50,9.97,-0.01,13,12961,卖盘
1620,10:19:44,9.98,--,5,4990,买盘
1621,10:19:24,9.98,0.01,2,1996,买盘
1622,10:19:09,9.97,-0.01,21,20937,卖盘
1623,10:18:59,9.98,0.01,4,3992,买盘
1624,10:18:50,9.97,--,39,38883,卖盘
1625,10:18:39,9.97,--,18,17946,卖盘
1626,10:18:35,9.97,--,12,11964,卖盘
1627,10:18:29,9.97,--,17,16949,买盘
1628,10:18:24,9.97,--,30,29910,卖盘
1629,10:18:20,9.97,-0.01,16,15952,卖盘
1630,10:18:14,9.98,--,19,18962,买盘
1631,10:18:09,9.98,--,2,1996,买盘
1632,10:17:59,9.98,0.02,15,14970,买盘
1633,10:17:54,9.96,-0.01,1047,1042812,卖盘
1634,10:17:39,9.97,-0.01,46,45862,卖盘
1635,10:17:34,9.98,0.01,6,5988,买盘
1636,10:17:29,9.97,-0.01,77,76769,中性盘
1637,10:17:24,9.98,0.01,20,19960,买盘
1638,10:17:19,9.97,--,14,13958,卖盘
1639,10:17:14,9.97,0.01,15,14955,卖盘
1640,10:17:09,9.96,-0.01,10,9960,卖盘
1641,10:17:04,9.97,--,9,8973,卖盘
1642,10:16:59,9.97,--,129,128613,卖盘
1643,10:16:54,9.97,0.01,159,158523,买盘
1644,10:16:49,9.96,--,217,216132,卖盘
1645,10:16:44,9.96,-0.01,20,19920,卖盘
1646,10:16:38,9.97,--,53,52841,买盘
1647,10:16:34,9.97,--,55,54835,买盘
1648,10:16:29,9.97,--,1,997,买盘
1649,10:16:23,9.97,--,27,26919,买盘
1650,10:16:19,9.97,--,3,2991,买盘
1651,10:16:14,9.97,0.01,106,105682,买盘
1652,10:16:08,9.96,-0.01,23,22908,卖盘
1653,10:16:04,9.97,0.01,5,4985,买盘
1654,10:15:53,9.96,--,4,3984,卖盘
1655,10:15:49,9.96,--,1,996,买盘
1656,10:15:44,9.96,--,4,3984,买盘
1657,10:15:38,9.96,--,185,184260,卖盘
1658,10:15:29,9.96,--,55,54780,卖盘
1659,10:15:23,9.96,0.01,240,239040,买盘
1660,10:15:19,9.95,--,42,41790,卖盘
1661,10:15:14,9.95,--,5,4975,卖盘
1662,10:15:08,9.95,--,50,49750,卖盘
1663,10:14:59,9.95,--,73,72635,买盘
1664,10:14:53,9.95,--,102,101490,卖盘
1665,10:14:48,9.95,--,42,41790,买盘
1666,10:14:44,9.95,--,106,105469,卖盘
1667,10:14:38,9.95,0.01,66,65789,买盘
1668,10:14:33,9.94,--,20,19880,卖盘
1669,10:14:29,9.94,-0.01,101,100394,卖盘
1670,10:14:23,9.95,--,72,71640,买盘
1671,10:14:18,9.95,--,33,32835,买盘
1672,10:14:14,9.95,--,107,107340,卖盘
1673,10:14:08,9.95,--,364,362180,卖盘
1674,10:14:03,9.95,--,13,12934,卖盘
1675,10:13:59,9.95,--,315,313544,卖盘
1676,10:13:53,9.95,--,91,90545,卖盘
1677,10:13:48,9.95,-0.01,291,289545,卖盘
1678,10:13:44,9.96,--,23,22908,买盘
1679,10:13:38,9.96,--,83,82668,买盘
1680,10:13:33,9.96,0.01,17,16932,买盘
1681,10:13:29,9.95,-0.01,116,115419,卖盘
1682,10:13:23,9.96,--,19,18924,买盘
1683,10:13:18,9.96,--,150,149400,卖盘
1684,10:13:14,9.96,--,76,75696,卖盘
1685,10:13:08,9.96,--,488,486048,卖盘
1686,10:13:03,9.96,-0.01,21,20916,卖盘
1687,10:12:59,9.97,0.01,88,87736,买盘
1688,10:12:53,9.96,--,26,25896,卖盘
1689,10:12:48,9.96,--,72,71712,卖盘
1690,10:12:44,9.96,--,95,94620,卖盘
1691,10:12:38,9.96,-0.01,21,20916,卖盘
1692,10:12:29,9.97,--,435,433695,买盘
1693,10:12:23,9.97,--,159,158523,卖盘
1694,10:12:18,9.97,--,292,291124,卖盘
1695,10:12:13,9.97,--,122,121634,卖盘
1696,10:12:08,9.97,--,30,29910,卖盘
1697,10:12:03,9.97,-0.01,274,273178,卖盘
1698,10:11:59,9.98,--,4,3992,买盘
1699,10:11:53,9.98,--,209,209460,卖盘
1700,10:11:48,9.98,--,587,585826,卖盘
1701,10:11:43,9.98,--,30,29940,卖盘
1702,10:11:38,9.98,-0.01,594,592812,卖盘
1703,10:11:28,9.99,0.01,15,14985,买盘
1704,10:11:23,9.98,-0.01,10,9980,卖盘
1705,10:11:18,9.99,--,426,425574,卖盘
1706,10:11:13,9.99,--,204,203796,卖盘
1707,10:11:08,9.99,--,292,291708,卖盘
1708,10:11:03,9.99,--,16,15984,卖盘
1709,10:10:58,9.99,--,131,130869,卖盘
1710,10:10:53,9.99,-0.01,58,57942,卖盘
1711,10:10:48,10.0,--,103,103000,买盘
1712,10:10:43,10.0,0.01,5,5000,买盘
1713,10:10:38,9.99,--,6,5994,卖盘
1714,10:10:33,9.99,--,24,23976,卖盘
1715,10:10:28,9.99,--,9,8991,卖盘
1716,10:10:18,9.99,-0.01,5,4995,卖盘
1717,10:10:08,10.0,0.01,10,10000,买盘
1718,10:10:03,9.99,-0.01,33,32967,卖盘
1719,10:09:58,10.0,--,6,6000,买盘
1720,10:09:53,10.0,--,16,16000,买盘
1721,10:09:48,10.0,0.01,60,60000,买盘
1722,10:09:33,9.99,-0.01,46,45954,卖盘
1723,10:09:28,10.0,0.01,2,2000,买盘
1724,10:09:23,9.99,-0.01,61,60939,卖盘
1725,10:09:17,10.0,--,234,234000,买盘
1726,10:09:08,10.0,0.01,47,47000,买盘
1727,10:09:02,9.99,-0.01,13,12987,卖盘
1728,10:08:53,10.0,0.01,172,172000,买盘
1729,10:08:47,9.99,-0.01,8,7992,卖盘
1730,10:08:43,10.0,--,1,1000,买盘
1731,10:08:38,10.0,--,13,13000,买盘
1732,10:08:32,10.0,--,211,211000,买盘
1733,10:08:28,10.0,0.01,69,69000,买盘
1734,10:08:23,9.99,-0.01,1,999,卖盘
1735,10:08:13,10.0,--,4,4000,买盘
1736,10:08:08,10.0,0.01,20,20000,买盘
1737,10:08:02,9.99,-0.01,58,57942,卖盘
1738,10:07:53,10.0,--,1,1000,买盘
1739,10:07:47,10.0,--,31,31000,买盘
1740,10:07:38,10.0,-0.01,197,197950,卖盘
1741,10:07:23,10.01,--,103,103103,买盘
1742,10:07:17,10.01,0.01,36,36036,买盘
1743,10:07:02,10.0,-0.01,12,12000,卖盘
1744,10:06:53,10.01,0.01,1,1001,买盘
1745,10:06:47,10.0,--,19,19050,买盘
1746,10:06:42,10.0,--,5,5000,买盘
1747,10:06:38,10.0,--,266,266000,买盘
1748,10:06:32,10.0,--,10,10000,买盘
1749,10:06:17,10.0,--,29,29000,买盘
1750,10:06:08,10.0,--,27,27950,卖盘
1751,10:06:02,10.0,--,30,30000,卖盘
1752,10:05:53,10.0,--,300,300000,卖盘
1753,10:05:47,10.0,-0.01,73,73000,卖盘
1754,10:05:42,10.01,--,202,202202,买盘
1755,10:05:38,10.01,--,103,103103,买盘
1756,10:05:32,10.01,0.01,48,48048,买盘
1757,10:05:27,10.0,-0.01,55,55000,卖盘
1758,10:05:23,10.01,0.01,6,6006,买盘
1759,10:05:12,10.0,--,90,90000,卖盘
1760,10:05:02,10.0,--,43,43000,卖盘
1761,10:04:57,10.0,-0.01,15,15000,卖盘
1762,10:04:53,10.01,--,14,14014,买盘
1763,10:04:47,10.01,--,170,170170,买盘
1764,10:04:42,10.01,0.01,10,10010,买盘
1765,10:04:32,10.0,-0.01,32,32000,卖盘
1766,10:04:27,10.01,0.01,26,26026,买盘
1767,10:04:17,10.0,--,105,105000,卖盘
1768,10:04:07,10.0,-0.01,8,8000,卖盘
1769,10:04:02,10.01,0.01,10,10010,买盘
1770,10:03:57,10.0,-0.01,13,13000,卖盘
1771,10:03:47,10.01,--,15,15055,买盘
1772,10:03:42,10.01,--,156,156156,买盘
1773,10:03:27,10.01,--,21,21021,买盘
1774,10:03:17,10.01,0.01,4,4004,买盘
1775,10:03:07,10.0,-0.01,5,5000,卖盘
1776,10:03:02,10.01,--,85,85085,买盘
1777,10:02:57,10.01,--,5,5005,买盘
1778,10:02:52,10.01,0.01,5,5005,买盘
1779,10:02:42,10.0,-0.01,7,7000,卖盘
1780,10:02:32,10.01,--,5,5005,买盘
1781,10:02:27,10.01,--,24,24024,买盘
1782,10:02:22,10.01,--,67,67067,买盘
1783,10:02:17,10.01,0.01,9,9009,买盘
1784,10:02:12,10.0,-0.01,10,10000,卖盘
1785,10:02:07,10.01,--,4,4004,买盘
1786,10:02:02,10.01,0.01,320,320320,买盘
1787,10:01:57,10.0,-0.01,5,5000,卖盘
1788,10:01:47,10.01,--,340,340340,买盘
1789,10:01:32,10.01,0.01,6,6006,买盘
1790,10:01:27,10.0,--,91,91000,卖盘
1791,10:01:22,10.0,--,16,16000,卖盘
1792,10:01:17,10.0,-0.01,20,20000,卖盘
1793,10:01:07,10.01,--,3,3003,买盘
1794,10:01:02,10.01,--,16,16016,买盘
1795,10:00:56,10.01,0.01,14,14014,买盘
1796,10:00:47,10.0,-0.01,55,55000,卖盘
1797,10:00:41,10.01,0.01,5,5005,买盘
1798,10:00:37,10.0,--,5,5000,卖盘
1799,10:00:26,10.0,-0.01,180,180000,卖盘
1800,10:00:22,10.01,0.01,3,3003,买盘
1801,10:00:11,10.0,--,25,25000,卖盘
1802,10:00:07,10.0,--,2,2000,卖盘
1803,10:00:02,10.0,--,37,37010,买盘
1804,09:59:56,10.0,--,270,270000,买盘
1805,09:59:52,10.0,--,54,54000,买盘
1806,09:59:47,10.0,-0.01,165,165000,卖盘
1807,09:59:41,10.01,0.01,154,154154,买盘
1808,09:59:37,10.0,--,18,18000,卖盘
1809,09:59:32,10.0,--,20,20000,卖盘
1810,09:59:26,10.0,-0.01,65,65000,卖盘
1811,09:59:17,10.01,0.01,27,27027,买盘
1812,09:59:11,10.0,--,2,2000,卖盘
1813,09:59:06,10.0,--,6,6000,卖盘
1814,09:59:02,10.0,--,330,330000,买盘
1815,09:58:56,10.0,0.01,20,20000,买盘
1816,09:58:51,9.99,-0.01,10,9990,卖盘
1817,09:58:47,10.0,0.01,1,1000,买盘
1818,09:58:41,9.99,--,105,104895,卖盘
1819,09:58:31,9.99,--,3,2997,卖盘
1820,09:58:21,9.99,--,10,9990,卖盘
1821,09:58:11,9.99,--,7,6993,卖盘
1822,09:58:06,9.99,--,10,9990,卖盘
1823,09:58:02,9.99,--,115,114885,卖盘
1824,09:57:56,9.99,--,102,101898,卖盘
1825,09:57:51,9.99,--,364,363636,卖盘
1826,09:57:46,9.99,-0.01,3,2997,卖盘
1827,09:57:41,10.0,0.01,25,25000,买盘
1828,09:57:36,9.99,--,50,49950,卖盘
1829,09:57:31,9.99,-0.01,1,999,卖盘
1830,09:57:26,10.0,--,22,22000,买盘
1831,09:57:21,10.0,0.01,125,125000,买盘
1832,09:57:16,9.99,-0.01,20,19980,卖盘
1833,09:57:11,10.0,--,20,20000,买盘
1834,09:57:06,10.0,--,1,1000,买盘
1835,09:57:01,10.0,--,5,5000,买盘
1836,09:56:56,10.0,--,351,351000,买盘
1837,09:56:51,10.0,--,62,62000,买盘
1838,09:56:26,10.0,0.01,147,147000,买盘
1839,09:56:21,9.99,-0.01,11,10989,卖盘
1840,09:56:11,10.0,--,128,128000,买盘
1841,09:56:06,10.0,--,10,10000,买盘
1842,09:56:01,10.0,--,21,21000,买盘
1843,09:55:56,10.0,--,80,80000,买盘
1844,09:55:51,10.0,0.01,26,26000,买盘
1845,09:55:46,9.99,--,11,10989,卖盘
1846,09:55:41,9.99,--,7,6993,卖盘
1847,09:55:36,9.99,-0.01,38,37962,卖盘
1848,09:55:31,10.0,--,1,1000,买盘
1849,09:55:26,10.0,-0.01,183,183000,卖盘
1850,09:55:21,10.01,--,161,161161,买盘
1851,09:55:16,10.01,0.01,37,37037,买盘
1852,09:55:11,10.0,--,333,333000,卖盘
1853,09:55:06,10.0,--,12,12000,卖盘
1854,09:54:56,10.0,--,125,125000,卖盘
1855,09:54:51,10.0,--,20,20000,卖盘
1856,09:54:46,10.0,--,11,11000,卖盘
1857,09:54:41,10.0,--,93,93000,卖盘
1858,09:54:36,10.0,-0.01,29,29000,卖盘
1859,09:54:31,10.01,0.01,49,49049,买盘
1860,09:54:26,10.0,-0.01,18,18000,卖盘
1861,09:54:21,10.01,0.01,133,133133,买盘
1862,09:54:16,10.0,-0.01,44,44000,卖盘
1863,09:54:11,10.01,--,1,1001,买盘
1864,09:54:06,10.01,--,47,47047,买盘
1865,09:53:56,10.01,0.01,25,25025,买盘
1866,09:53:51,10.0,--,38,38000,卖盘
1867,09:53:41,10.0,-0.01,21,21000,卖盘
1868,09:53:35,10.01,-0.01,218,218218,卖盘
1869,09:53:31,10.02,--,13,13026,买盘
1870,09:53:26,10.02,0.01,64,64128,买盘
1871,09:53:20,10.01,--,25,25025,卖盘
1872,09:53:16,10.01,-0.01,19,19019,卖盘
1873,09:53:11,10.02,--,11,11022,买盘
1874,09:53:05,10.02,0.01,2,2004,买盘
1875,09:53:01,10.01,-0.01,6,6006,卖盘
1876,09:52:56,10.02,0.01,2,2004,买盘
1877,09:52:50,10.01,--,4,4004,卖盘
1878,09:52:35,10.01,-0.01,5,5005,卖盘
1879,09:52:30,10.02,0.01,3,3006,买盘
1880,09:52:20,10.01,-0.01,22,22022,卖盘
1881,09:52:15,10.02,--,4,4008,买盘
1882,09:52:11,10.02,0.01,50,50100,买盘
1883,09:52:05,10.01,-0.01,28,28028,卖盘
1884,09:52:00,10.02,0.01,3,3006,买盘
1885,09:51:56,10.01,-0.01,293,293293,卖盘
1886,09:51:50,10.02,--,55,55110,买盘
1887,09:51:45,10.02,--,2,2004,买盘
1888,09:51:41,10.02,0.01,82,82164,买盘
1889,09:51:30,10.01,-0.01,72,72072,卖盘
1890,09:51:26,10.02,--,66,66132,买盘
1891,09:51:20,10.02,--,65,65130,卖盘
1892,09:51:15,10.02,--,14,14028,买盘
1893,09:51:10,10.02,--,15,15030,买盘
1894,09:51:05,10.02,--,84,84168,卖盘
1895,09:51:00,10.02,-0.01,70,70140,卖盘
1896,09:50:55,10.03,0.01,26,26078,买盘
1897,09:50:50,10.02,--,9,9018,卖盘
1898,09:50:45,10.02,0.01,609,610218,买盘
1899,09:50:40,10.01,-0.01,18,18018,卖盘
1900,09:50:35,10.02,0.01,32,32064,买盘
1901,09:50:30,10.01,--,19,19019,卖盘
1902,09:50:25,10.01,-0.01,9,9009,卖盘
1903,09:50:20,10.02,0.01,153,153306,买盘
1904,09:50:15,10.01,--,24,24024,卖盘
1905,09:50:05,10.01,--,358,358358,买盘
1906,09:50:00,10.01,--,10,10010,买盘
1907,09:49:55,10.01,--,21,21021,买盘
1908,09:49:50,10.01,--,34,34034,买盘
1909,09:49:45,10.01,--,86,86086,买盘
1910,09:49:40,10.01,--,10,10010,买盘
1911,09:49:35,10.01,0.01,11,11011,买盘
1912,09:49:30,10.0,-0.01,27,27000,卖盘
1913,09:49:25,10.01,--,10,10010,买盘
1914,09:49:20,10.01,--,54,54054,买盘
1915,09:49:15,10.01,--,1,1001,买盘
1916,09:49:10,10.01,0.01,45,45045,买盘
1917,09:49:05,10.0,--,243,243000,卖盘
1918,09:49:00,10.0,--,1,1000,卖盘
1919,09:48:55,10.0,--,0,0,卖盘
1920,09:48:50,10.0,0.01,100,100000,买盘
1921,09:48:45,9.99,-0.01,467,466533,卖盘
1922,09:48:40,10.0,-0.01,13,13000,卖盘
1923,09:48:35,10.01,--,13,13013,买盘
1924,09:48:30,10.01,0.01,110,110110,买盘
1925,09:48:25,10.0,--,19,19000,中性盘
1926,09:48:20,10.0,--,23,23000,卖盘
1927,09:48:15,10.0,--,100,100000,卖盘
1928,09:48:10,10.0,--,69,69000,卖盘
1929,09:48:05,10.0,-0.01,27,27000,卖盘
1930,09:48:00,10.01,0.01,90,90090,买盘
1931,09:47:55,10.0,--,21,21000,买盘
1932,09:47:50,10.0,--,60,60000,买盘
1933,09:47:45,10.0,0.01,106,106000,买盘
1934,09:47:40,9.99,-0.01,1,999,卖盘
1935,09:47:35,10.0,--,149,149000,买盘
1936,09:47:30,10.0,--,248,248000,买盘
1937,09:47:25,10.0,0.01,110,110000,买盘
1938,09:47:20,9.99,-0.01,43,42957,卖盘
1939,09:47:15,10.0,--,263,263000,买盘
1940,09:47:10,10.0,0.01,1,1000,买盘
1941,09:47:05,9.99,-0.01,81,80919,卖盘
1942,09:47:00,10.0,--,8,8000,买盘
1943,09:46:55,10.0,0.01,21,21000,买盘
1944,09:46:50,9.99,-0.01,63,62937,卖盘
1945,09:46:45,10.0,--,40,40000,买盘
1946,09:46:35,10.0,--,41,41000,买盘
1947,09:46:30,10.0,0.01,2,2000,买盘
1948,09:46:25,9.99,--,48,47952,卖盘
1949,09:46:20,9.99,-0.01,89,88911,卖盘
1950,09:46:14,10.0,--,177,177000,买盘
1951,09:46:10,10.0,0.01,28,28000,买盘
1952,09:46:05,9.99,--,133,132867,卖盘
1953,09:45:59,9.99,--,50,49950,卖盘
1954,09:45:50,9.99,--,100,99900,卖盘
1955,09:45:44,9.99,--,47,46953,买盘
1956,09:45:40,9.99,--,100,99900,买盘
1957,09:45:35,9.99,--,90,89910,卖盘
1958,09:45:29,9.99,--,75,74925,买盘
1959,09:45:25,9.99,0.01,871,870129,买盘
1960,09:45:20,9.98,-0.01,84,83832,卖盘
1961,09:45:14,9.99,-0.01,34,33966,卖盘
1962,09:45:10,10.0,0.01,5,5000,买盘
1963,09:45:04,9.99,-0.01,405,404595,卖盘
1964,09:44:59,10.0,0.01,15,15000,买盘
1965,09:44:55,9.99,-0.01,10,9990,卖盘
1966,09:44:50,10.0,--,92,92000,买盘
1967,09:44:44,10.0,--,91,91000,买盘
1968,09:44:39,10.0,--,130,130000,买盘
1969,09:44:29,10.0,0.01,1,1000,买盘
1970,09:44:24,9.99,--,130,129870,卖盘
1971,09:44:14,9.99,0.01,28,27972,中性盘
1972,09:44:09,9.98,-0.01,159,158682,卖盘
1973,09:43:59,9.99,--,455,454545,买盘
1974,09:43:54,9.99,--,496,495623,买盘
1975,09:43:49,9.99,--,80,79920,买盘
1976,09:43:44,9.99,--,170,169830,买盘
1977,09:43:39,9.99,0.01,30,29970,买盘
1978,09:43:34,9.98,--,130,129740,卖盘
1979,09:43:29,9.98,--,97,96806,卖盘
1980,09:43:24,9.98,--,10,9980,买盘
1981,09:43:19,9.98,--,129,128742,买盘
1982,09:43:14,9.98,--,103,102794,买盘
1983,09:43:09,9.98,--,460,459080,买盘
1984,09:42:59,9.98,--,50,49900,买盘
1985,09:42:54,9.98,-0.01,678,676644,卖盘
1986,09:42:49,9.99,--,5,4995,买盘
1987,09:42:44,9.99,--,16,15984,买盘
1988,09:42:39,9.99,0.01,234,233766,买盘
1989,09:42:34,9.98,-0.01,8,7984,卖盘
1990,09:42:29,9.99,--,60,59940,买盘
1991,09:42:24,9.99,--,156,155844,买盘
1992,09:42:19,9.99,--,6,5994,买盘
1993,09:42:14,9.99,--,489,488511,卖盘
1994,09:42:09,9.99,-0.01,43,42957,卖盘
1995,09:42:04,10.0,--,210,210000,买盘
1996,09:41:59,10.0,--,31,31000,买盘
1997,09:41:54,10.0,0.01,40,40000,买盘
1998,09:41:49,9.99,-0.01,13,12987,卖盘
1999,09:41:44,10.0,--,25,25000,买盘
2000,09:41:39,10.0,0.01,44,44000,中性盘
2001,09:41:34,9.99,-0.02,118,117882,卖盘
2002,09:41:29,10.01,0.01,134,134134,买盘
2003,09:41:24,10.0,--,20,20000,卖盘
2004,09:41:19,10.0,--,49,49000,卖盘
2005,09:41:13,10.0,--,81,81000,买盘
2006,09:41:09,10.0,--,59,59000,买盘
2007,09:41:04,10.0,--,140,140000,买盘
2008,09:40:58,10.0,0.01,76,76000,买盘
2009,09:40:54,9.99,-0.01,126,125874,卖盘
2010,09:40:49,10.0,0.02,105,105000,买盘
2011,09:40:44,9.98,--,287,286426,卖盘
2012,09:40:39,9.98,-0.01,128,127744,卖盘
2013,09:40:34,9.99,0.01,4,3996,买盘
2014,09:40:29,9.98,--,3,2994,卖盘
2015,09:40:24,9.98,0.01,161,160678,买盘
2016,09:40:19,9.97,-0.01,109,108673,卖盘
2017,09:40:14,9.98,--,179,178642,买盘
2018,09:40:09,9.98,0.01,113,112774,买盘
2019,09:40:04,9.97,--,330,329010,买盘
2020,09:39:59,9.97,-0.01,281,280157,卖盘
2021,09:39:54,9.98,--,144,143712,买盘
2022,09:39:48,9.98,--,277,276446,买盘
2023,09:39:44,9.98,--,41,40918,卖盘
2024,09:39:39,9.98,--,120,119760,卖盘
2025,09:39:33,9.98,--,1,998,卖盘
2026,09:39:29,9.98,--,332,331336,卖盘
2027,09:39:24,9.98,--,9,8982,卖盘
2028,09:39:18,9.98,--,96,95808,卖盘
2029,09:39:14,9.98,--,246,245508,买盘
2030,09:39:09,9.98,--,86,85828,卖盘
2031,09:39:03,9.98,-0.01,55,54890,卖盘
2032,09:38:58,9.99,--,156,155844,卖盘
2033,09:38:53,9.99,0.01,336,335664,买盘
2034,09:38:48,9.98,-0.01,56,55888,卖盘
2035,09:38:44,9.99,--,10,9990,买盘
2036,09:38:38,9.99,-0.01,103,102897,卖盘
2037,09:38:33,10.0,0.01,8,8000,买盘
2038,09:38:28,9.99,--,151,150849,卖盘
2039,09:38:23,9.99,-0.01,100,99900,卖盘
2040,09:38:18,10.0,--,20,20000,买盘
2041,09:38:14,10.0,--,462,462000,卖盘
2042,09:38:08,10.0,--,186,186000,卖盘
2043,09:38:03,10.0,-0.01,222,222000,卖盘
2044,09:37:58,10.01,--,289,289289,买盘
2045,09:37:53,10.01,0.01,177,177177,买盘
2046,09:37:48,10.0,-0.01,178,178000,卖盘
2047,09:37:43,10.01,-0.01,106,106106,卖盘
2048,09:37:38,10.02,0.01,607,608214,买盘
2049,09:37:33,10.01,--,570,570570,卖盘
2050,09:37:28,10.01,--,58,58058,卖盘
2051,09:37:23,10.01,--,298,298298,卖盘
2052,09:37:18,10.01,-0.01,58,58058,卖盘
2053,09:37:13,10.02,--,13,13026,买盘
2054,09:37:08,10.02,--,2033,2037066,买盘
2055,09:37:03,10.02,--,529,530058,卖盘
2056,09:36:58,10.02,-0.01,540,541080,卖盘
2057,09:36:53,10.03,--,95,95285,买盘
2058,09:36:48,10.03,--,44,44132,买盘
2059,09:36:38,10.03,--,89,89898,卖盘
2060,09:36:33,10.03,--,1000,1002999,卖盘
2061,09:36:28,10.03,-0.01,36,36108,卖盘
2062,09:36:23,10.04,0.01,354,355415,买盘
2063,09:36:18,10.03,-0.01,12,12036,卖盘
2064,09:36:13,10.04,0.01,5,5020,买盘
2065,09:36:08,10.03,-0.01,72,72216,卖盘
2066,09:36:03,10.04,--,78,78312,买盘
2067,09:35:58,10.04,--,364,365455,买盘
2068,09:35:53,10.04,0.01,240,240959,买盘
2069,09:35:48,10.03,-0.01,73,73219,卖盘
2070,09:35:43,10.04,0.01,91,91363,买盘
2071,09:35:38,10.03,-0.01,91,91273,卖盘
2072,09:35:33,10.04,--,59,59235,买盘
2073,09:35:28,10.04,--,141,141564,买盘
2074,09:35:23,10.04,--,52,52207,买盘
2075,09:35:18,10.04,--,22,22459,买盘
2076,09:35:13,10.04,--,5,5020,买盘
2077,09:35:08,10.04,0.01,25,25099,买盘
2078,09:35:03,10.03,-0.01,57,57170,卖盘
2079,09:34:58,10.04,--,152,152608,买盘
2080,09:34:53,10.04,--,120,120479,买盘
2081,09:34:48,10.04,--,62,62247,买盘
2082,09:34:43,10.04,--,79,79316,卖盘
2083,09:34:38,10.04,-0.01,86,86343,卖盘
2084,09:34:33,10.05,0.02,51,51255,买盘
2085,09:34:28,10.03,-0.01,10,10030,卖盘
2086,09:34:22,10.04,--,213,213851,卖盘
2087,09:34:18,10.04,--,117,117467,卖盘
2088,09:34:07,10.04,--,63,63251,买盘
2089,09:34:03,10.04,--,82,82328,买盘
2090,09:33:58,10.04,--,50,50199,买盘
2091,09:33:52,10.04,--,120,120479,买盘
2092,09:33:48,10.04,0.01,53,53211,买盘
2093,09:33:43,10.03,-0.01,18,18054,卖盘
2094,09:33:38,10.04,--,60,60239,买盘
2095,09:33:33,10.04,0.01,87,87347,买盘
2096,09:33:28,10.03,--,2,2005,卖盘
2097,09:33:17,10.03,-0.02,17,17051,卖盘
2098,09:33:13,10.05,--,0,0,买盘
2099,09:33:07,10.05,0.01,16,16080,买盘
2100,09:33:03,10.04,-0.01,8,8031,中性盘
2101,09:32:58,10.05,0.02,3,3015,买盘
2102,09:32:52,10.03,-0.01,311,311933,卖盘
2103,09:32:48,10.04,-0.01,51,51203,卖盘
2104,09:32:43,10.05,--,20,20100,卖盘
2105,09:32:37,10.05,--,21,21105,卖盘
2106,09:32:33,10.05,--,39,39195,买盘
2107,09:32:28,10.05,--,115,115575,买盘
2108,09:32:22,10.05,0.03,97,97485,买盘
2109,09:32:18,10.02,-0.02,55,55110,卖盘
2110,09:32:12,10.04,--,77,77308,卖盘
2111,09:32:07,10.04,0.01,1,1003,卖盘
2112,09:32:02,10.03,0.01,18,18054,卖盘
2113,09:31:57,10.02,--,51,51102,买盘
2114,09:31:52,10.02,-0.01,1190,1192380,卖盘
2115,09:31:47,10.03,0.01,316,316948,买盘
2116,09:31:42,10.02,--,74,74148,卖盘
2117,09:31:37,10.02,-0.01,440,440880,卖盘
2118,09:31:32,10.03,0.01,267,267801,买盘
2119,09:31:27,10.02,--,15,15030,卖盘
2120,09:31:22,10.02,-0.01,75,75150,卖盘
2121,09:31:17,10.03,--,12,12036,买盘
2122,09:31:12,10.03,--,8,8023,买盘
2123,09:31:07,10.03,--,49,49147,买盘
2124,09:31:02,10.03,-0.02,192,192576,卖盘
2125,09:30:57,10.05,--,582,584910,卖盘
2126,09:30:47,10.05,--,283,284415,买盘
2127,09:30:42,10.05,-0.01,101,101505,卖盘
2128,09:30:37,10.06,--,37,37222,买盘
2129,09:30:32,10.06,0.01,107,107642,买盘
2130,09:30:27,10.05,--,41,41205,卖盘
2131,09:30:22,10.05,--,4,4020,卖盘
2132,09:30:17,10.05,-0.01,81,81405,卖盘
2133,09:30:07,10.06,-0.03,522,525132,卖盘
2134,09:30:02,10.09,--,65,65585,买盘
2135,09:28:47,10.09,--,0,0,买盘
2136,09:25:10,10.09,10.09,858,865722,买盘
