,time,price,change,volume,amount,type
0,15:00:00,17.3,--,0,0,卖盘
1,15:00:00,17.3,-0.01,14,24220,卖盘
2,14:59:57,17.31,--,12,20772,买盘
3,14:59:52,17.31,--,81,140211,买盘
4,14:59:46,17.31,0.01,6,10386,买盘
5,14:59:42,17.3,--,145,250850,卖盘
6,14:59:37,17.3,-0.01,42,72660,卖盘
7,14:59:31,17.31,0.01,196,339276,买盘
8,14:59:27,17.3,--,76,131480,卖盘
9,14:59:22,17.3,--,1706,2952867,买盘
10,14:59:16,17.3,--,51,88230,买盘
11,14:59:12,17.3,--,79,136670,买盘
12,14:59:07,17.3,0.01,511,884030,买盘
13,14:59:01,17.29,--,6,10374,卖盘
14,14:58:57,17.29,-0.01,144,248976,卖盘
15,14:58:52,17.3,--,103,178190,买盘
16,14:58:46,17.3,--,70,121100,买盘
17,14:58:42,17.3,--,35,60550,买盘
18,14:58:37,17.3,--,267,461910,买盘
19,14:58:31,17.3,--,148,256040,买盘
20,14:58:27,17.3,--,70,121100,买盘
21,14:58:16,17.3,--,241,416930,买盘
22,14:58:07,17.3,--,50,86500,买盘
23,14:58:01,17.3,--,118,205437,买盘
24,14:57:52,17.3,--,172,297560,买盘
25,14:57:46,17.3,--,73,126290,买盘
26,14:57:42,17.3,--,107,185110,买盘
27,14:57:37,17.3,0.01,96,166080,买盘
28,14:57:31,17.29,-0.01,78,134862,卖盘
29,14:57:27,17.3,--,10,17300,买盘
30,14:57:22,17.3,--,75,129750,买盘
31,14:57:16,17.3,--,203,351190,买盘
32,14:57:12,17.3,0.01,35,60550,买盘
33,14:57:07,17.29,-0.01,62,107198,卖盘
34,14:57:01,17.3,--,150,259500,买盘
35,14:56:57,17.3,0.01,14,24220,买盘
36,14:56:52,17.29,-0.01,1,1729,卖盘
37,14:56:46,17.3,--,73,126290,买盘
38,14:56:42,17.3,--,106,183380,买盘
39,14:56:37,17.3,0.01,300,519000,买盘
40,14:56:31,17.29,--,207,357903,卖盘
41,14:56:27,17.29,-0.01,10,17290,卖盘
42,14:56:22,17.3,0.01,96,166080,买盘
43,14:56:16,17.29,--,14,24206,卖盘
44,14:56:12,17.29,-0.01,5,8645,卖盘
45,14:56:07,17.3,0.01,59,102070,买盘
46,14:56:01,17.29,-0.01,10,17290,卖盘
47,14:55:57,17.3,--,16,27680,买盘
48,14:55:52,17.3,0.01,234,404820,买盘
49,14:55:46,17.29,--,76,131404,卖盘
50,14:55:42,17.29,-0.01,135,233415,卖盘
51,14:55:37,17.3,0.01,145,250850,买盘
52,14:55:31,17.29,-0.01,196,338884,卖盘
53,14:55:27,17.3,--,35,60550,买盘
54,14:55:22,17.3,--,36,62280,买盘
55,14:55:16,17.3,0.01,35,60550,买盘
56,14:55:12,17.29,--,421,727909,卖盘
57,14:55:07,17.29,--,5,8645,卖盘
58,14:55:01,17.29,--,636,1099644,卖盘
59,14:54:57,17.29,--,30,51870,卖盘
60,14:54:52,17.29,-0.01,20,34580,卖盘
61,14:54:46,17.3,0.01,137,237010,买盘
62,14:54:40,17.29,-0.01,105,181545,卖盘
63,14:54:37,17.3,--,6,10380,买盘
64,14:54:31,17.3,--,22,38060,买盘
65,14:54:25,17.3,--,92,159160,买盘
66,14:54:22,17.3,0.01,10,17300,买盘
67,14:54:16,17.29,-0.01,17,29393,卖盘
68,14:54:10,17.3,--,15,25950,买盘
69,14:54:01,17.3,--,81,140130,买盘
70,14:53:55,17.3,0.01,14,25725,买盘
71,14:53:51,17.29,-0.01,10,17290,卖盘
72,14:53:46,17.3,0.01,23,39790,买盘
73,14:53:36,17.29,--,158,273182,卖盘
74,14:53:31,17.29,-0.01,6,10374,卖盘
75,14:53:25,17.3,--,57,98610,买盘
76,14:53:21,17.3,0.01,35,60550,买盘
77,14:53:16,17.29,-0.01,68,117572,卖盘
78,14:53:10,17.3,--,76,131480,买盘
79,14:53:06,17.3,--,74,128020,买盘
80,14:53:01,17.3,--,45,77850,买盘
81,14:52:55,17.3,--,222,384060,买盘
82,14:52:46,17.3,--,43,74390,买盘
83,14:52:40,17.3,0.01,124,214520,买盘
84,14:52:31,17.29,-0.01,161,278369,卖盘
85,14:52:25,17.3,--,30,51900,卖盘
86,14:52:21,17.3,-0.01,36,62280,卖盘
87,14:52:16,17.31,0.02,45,77895,买盘
88,14:52:10,17.29,--,115,198835,卖盘
89,14:52:06,17.29,-0.02,57,98553,卖盘
90,14:52:01,17.31,0.01,129,223645,买盘
91,14:51:55,17.3,--,261,451616,买盘
92,14:51:51,17.3,--,19,32870,买盘
93,14:51:46,17.3,--,62,108903,卖盘
94,14:51:40,17.3,--,155,268150,卖盘
95,14:51:36,17.3,--,684,1183320,卖盘
96,14:51:31,17.3,--,31,53630,卖盘
97,14:51:25,17.3,-0.01,472,816560,卖盘
98,14:51:21,17.31,0.02,45,77981,买盘
99,14:51:16,17.29,-0.01,634,1096186,卖盘
100,14:51:10,17.3,0.01,259,448070,买盘
101,14:51:06,17.29,--,90,155610,卖盘
102,14:51:01,17.29,-0.01,382,660478,卖盘
103,14:50:55,17.3,--,20,34600,买盘
104,14:50:51,17.3,--,78,134940,买盘
105,14:50:46,17.3,--,296,512080,买盘
106,14:50:40,17.3,0.01,15,25950,买盘
107,14:50:31,17.29,-0.01,129,223041,卖盘
108,14:50:25,17.3,--,509,880570,买盘
109,14:50:21,17.3,0.01,1,1730,买盘
110,14:50:16,17.29,-0.01,522,903402,卖盘
111,14:50:10,17.3,0.01,359,621070,买盘
112,14:50:06,17.29,--,409,707161,卖盘
113,14:50:01,17.29,--,1084,1874236,买盘
114,14:49:55,17.29,--,54,93366,买盘
115,14:49:51,17.29,0.03,3,5187,买盘
116,14:49:46,17.26,0.01,3107,5362682,中性盘
117,14:49:40,17.25,-0.04,7,12075,卖盘
118,14:49:31,17.29,0.05,2109,3646461,买盘
119,14:49:25,17.24,--,367,632708,卖盘
120,14:49:21,17.24,--,29,49995,卖盘
121,14:49:16,17.24,--,220,379279,卖盘
122,14:49:10,17.24,0.01,3671,6330252,买盘
123,14:49:06,17.23,0.01,47,80981,买盘
124,14:49:01,17.22,--,193,332346,卖盘
125,14:48:55,17.22,--,101,173922,卖盘
126,14:48:51,17.22,-0.01,65,111929,卖盘
127,14:48:46,17.23,0.02,82,141286,买盘
128,14:48:40,17.21,--,189,325269,卖盘
129,14:48:36,17.21,-0.01,144,247824,卖盘
130,14:48:31,17.22,--,694,1195068,卖盘
131,14:48:25,17.22,-0.01,205,353010,卖盘
132,14:48:21,17.23,--,268,461764,买盘
133,14:48:16,17.23,0.01,271,466933,买盘
134,14:48:10,17.22,--,233,401226,卖盘
135,14:48:06,17.22,-0.01,412,709464,卖盘
136,14:48:01,17.23,0.01,20,34460,买盘
137,14:47:55,17.22,-0.01,564,971207,卖盘
138,14:47:50,17.23,--,144,248112,买盘
139,14:47:46,17.23,0.01,36,62028,买盘
140,14:47:40,17.22,-0.01,118,203196,卖盘
141,14:47:35,17.23,--,90,155070,卖盘
142,14:47:31,17.23,--,28,48244,卖盘
143,14:47:25,17.23,--,61,105103,卖盘
144,14:47:19,17.23,0.01,221,380783,买盘
145,14:47:15,17.22,--,81,139482,卖盘
146,14:47:10,17.22,--,215,370230,卖盘
147,14:47:04,17.22,-0.01,98,168756,卖盘
148,14:47:00,17.23,--,25,43075,买盘
149,14:46:55,17.23,--,30,51690,卖盘
150,14:46:49,17.23,-0.01,30,51690,卖盘
151,14:46:45,17.24,0.01,21,36204,买盘
152,14:46:40,17.23,-0.01,93,160514,卖盘
153,14:46:34,17.24,--,140,241359,卖盘
154,14:46:30,17.24,-0.01,1053,1815371,卖盘
155,14:46:25,17.25,--,2300,3968742,卖盘
156,14:46:19,17.25,--,987,1702575,卖盘
157,14:46:15,17.25,--,1522,2626364,卖盘
158,14:46:10,17.25,--,576,993600,卖盘
159,14:46:04,17.25,-0.01,1438,2480550,卖盘
160,14:46:00,17.26,--,661,1140886,买盘
161,14:45:55,17.26,--,2119,3657394,卖盘
162,14:45:49,17.26,--,1571,2712840,卖盘
163,14:45:45,17.26,--,363,626538,卖盘
164,14:45:40,17.26,--,228,393528,卖盘
165,14:45:34,17.26,--,127,219202,卖盘
166,14:45:30,17.26,--,241,415966,卖盘
167,14:45:25,17.26,-0.01,265,457390,卖盘
168,14:45:19,17.27,0.01,43,74261,买盘
169,14:45:15,17.26,--,5,8630,卖盘
170,14:45:10,17.26,-0.01,447,771522,卖盘
171,14:45:04,17.27,0.01,421,727067,买盘
172,14:45:00,17.26,--,268,462568,卖盘
173,14:44:55,17.26,-0.01,2488,4294288,卖盘
174,14:44:49,17.27,--,1887,3258849,卖盘
175,14:44:45,17.27,-0.01,889,1535303,卖盘
176,14:44:40,17.28,-0.01,708,1223424,卖盘
177,14:44:34,17.29,0.01,160,276640,买盘
178,14:44:30,17.28,--,55,96543,卖盘
179,14:44:25,17.28,-0.01,27,46656,卖盘
180,14:44:19,17.29,--,150,259350,买盘
181,14:44:15,17.29,0.01,40,69160,买盘
182,14:44:10,17.28,-0.01,3,5184,卖盘
183,14:44:04,17.29,--,121,209209,买盘
184,14:44:00,17.29,0.01,108,186732,买盘
185,14:43:55,17.28,--,32,55296,卖盘
186,14:43:49,17.28,-0.01,47,81216,卖盘
187,14:43:40,17.29,0.01,12,20748,买盘
188,14:43:34,17.28,-0.01,100,172800,卖盘
189,14:43:30,17.29,--,2,3458,买盘
190,14:43:25,17.29,0.01,181,312949,买盘
191,14:43:19,17.28,--,128,221184,卖盘
192,14:43:15,17.28,--,12,20736,卖盘
193,14:43:10,17.28,-0.01,115,198720,卖盘
194,14:43:04,17.29,--,35,60515,买盘
195,14:43:00,17.29,0.01,20,34580,买盘
196,14:42:55,17.28,--,34,60013,卖盘
197,14:42:49,17.28,-0.01,38,65664,卖盘
198,14:42:40,17.29,--,514,888706,买盘
199,14:42:34,17.29,0.01,67,115843,买盘
200,14:42:25,17.28,--,5,8640,卖盘
201,14:42:19,17.28,--,78,135388,卖盘
202,14:42:15,17.28,--,111,191808,卖盘
203,14:42:10,17.28,--,57,98496,卖盘
204,14:42:04,17.28,--,69,119232,卖盘
205,14:42:00,17.28,--,14,24192,卖盘
206,14:41:55,17.28,-0.01,25,43200,卖盘
207,14:41:49,17.29,0.01,123,212667,买盘
208,14:41:44,17.28,--,348,601344,卖盘
209,14:41:40,17.28,--,377,651456,卖盘
210,14:41:34,17.28,-0.01,18,31104,卖盘
211,14:41:29,17.29,0.01,11,19019,买盘
212,14:41:24,17.28,--,14,24192,卖盘
213,14:41:19,17.28,--,4,6912,卖盘
214,14:41:14,17.28,-0.01,10,17280,卖盘
215,14:41:10,17.29,--,11,19019,买盘
216,14:41:04,17.29,0.01,1,1729,买盘
217,14:40:59,17.28,--,46,79488,卖盘
218,14:40:54,17.28,-0.01,202,349056,卖盘
219,14:40:49,17.29,--,69,119301,买盘
220,14:40:44,17.29,0.01,70,121030,买盘
221,14:40:39,17.28,-0.02,350,604800,卖盘
222,14:40:34,17.3,0.01,248,429040,买盘
223,14:40:29,17.29,--,366,632814,卖盘
224,14:40:24,17.29,-0.01,170,293930,卖盘
225,14:40:19,17.3,0.01,141,243930,买盘
226,14:40:13,17.29,--,12,20748,卖盘
227,14:40:09,17.29,--,20,34580,卖盘
228,14:40:04,17.29,--,175,302575,卖盘
229,14:39:58,17.29,-0.01,10,17290,卖盘
230,14:39:54,17.3,0.01,42,72660,买盘
231,14:39:49,17.29,-0.01,93,160797,卖盘
232,14:39:43,17.3,0.01,136,235280,买盘
233,14:39:34,17.29,0.01,28,48412,中性盘
234,14:39:27,17.28,-0.01,19,32832,卖盘
235,14:39:24,17.29,--,7,13641,卖盘
236,14:39:13,17.29,--,3,5187,卖盘
237,14:39:04,17.29,0.01,41,70889,买盘
238,14:38:58,17.28,--,2138,3694464,卖盘
239,14:38:54,17.28,--,176,304128,卖盘
240,14:38:49,17.28,-0.01,316,546048,卖盘
241,14:38:43,17.29,--,170,293930,卖盘
242,14:38:39,17.29,--,1734,2998086,卖盘
243,14:38:34,17.29,--,3,5187,卖盘
244,14:38:28,17.29,-0.01,66,114114,卖盘
245,14:38:24,17.3,--,71,122830,买盘
246,14:38:19,17.3,0.01,72,124560,买盘
247,14:38:13,17.29,-0.01,89,153881,卖盘
248,14:38:04,17.3,0.01,1,1730,买盘
249,14:37:58,17.29,--,407,703703,卖盘
250,14:37:54,17.29,--,22,38038,卖盘
251,14:37:49,17.29,-0.01,174,300846,卖盘
252,14:37:43,17.3,0.01,283,489590,买盘
253,14:37:34,17.29,-0.01,93,160797,卖盘
254,14:37:27,17.3,0.01,758,1311340,买盘
255,14:37:24,17.29,--,96,165984,卖盘
256,14:37:19,17.29,-0.01,71,122759,卖盘
257,14:37:13,17.3,0.01,1,1730,买盘
258,14:37:04,17.29,--,233,402857,卖盘
259,14:36:57,17.29,-0.01,531,919793,卖盘
260,14:36:54,17.3,--,369,638370,卖盘
261,14:36:49,17.3,--,64,110720,卖盘
262,14:36:43,17.3,--,50,86500,卖盘
263,14:36:39,17.3,--,24,41520,卖盘
264,14:36:34,17.3,--,1050,1816500,卖盘
265,14:36:28,17.3,--,100,173000,卖盘
266,14:36:19,17.3,--,203,351190,卖盘
267,14:36:13,17.3,-0.01,197,340810,卖盘
268,14:36:08,17.31,0.01,38,65778,买盘
269,14:36:04,17.3,--,242,418660,卖盘
270,14:35:49,17.3,--,20,34600,卖盘
271,14:35:43,17.3,--,5,8650,卖盘
272,14:35:34,17.3,--,4,6920,卖盘
273,14:35:28,17.3,-0.01,21,36330,卖盘
274,14:35:23,17.31,0.01,24,41544,买盘
275,14:35:13,17.3,-0.01,366,633180,卖盘
276,14:35:08,17.31,0.01,3,5193,买盘
277,14:35:04,17.3,--,41,70930,卖盘
278,14:34:57,17.3,-0.01,3,5190,卖盘
279,14:34:53,17.31,--,2,3461,买盘
280,14:34:48,17.31,--,4,6923,买盘
281,14:34:43,17.31,0.01,69,119438,买盘
282,14:34:38,17.3,--,29,50170,卖盘
283,14:34:33,17.3,-0.01,10,17300,卖盘
284,14:34:27,17.31,0.01,3,5193,买盘
285,14:34:18,17.3,-0.01,24,41520,卖盘
286,14:34:12,17.31,--,158,273498,买盘
287,14:34:03,17.31,--,6,10386,买盘
288,14:33:53,17.31,--,14,24234,买盘
289,14:33:43,17.31,0.01,83,143673,买盘
290,14:33:27,17.3,-0.01,27,46710,卖盘
291,14:33:21,17.31,--,29,50198,买盘
292,14:33:12,17.31,0.01,74,128093,买盘
293,14:33:07,17.3,-0.01,9,15570,卖盘
294,14:33:03,17.31,--,3,5193,买盘
295,14:32:58,17.31,0.01,34,58853,买盘
296,14:32:51,17.3,-0.01,14,24220,卖盘
297,14:32:48,17.31,0.01,104,180024,买盘
298,14:32:43,17.3,-0.01,89,153970,卖盘
299,14:32:37,17.31,--,13,22503,买盘
300,14:32:28,17.31,--,3,5193,买盘
301,14:32:21,17.31,0.01,29,50198,买盘
302,14:32:18,17.3,-0.01,238,412276,卖盘
303,14:32:13,17.31,--,172,297732,买盘
304,14:32:06,17.31,--,27,46737,买盘
305,14:31:57,17.31,0.01,84,145404,买盘
306,14:31:52,17.3,-0.01,3,5190,卖盘
307,14:31:48,17.31,--,3,5193,买盘
308,14:31:43,17.31,0.01,998,1728767,买盘
309,14:31:37,17.3,0.01,9,15570,买盘
310,14:31:33,17.29,-0.01,20,34580,卖盘
311,14:31:28,17.3,--,1773,3067290,买盘
312,14:31:13,17.3,--,220,380600,买盘
313,14:31:07,17.3,--,22,38060,买盘
314,14:31:03,17.3,--,57,98610,买盘
315,14:30:57,17.3,0.01,128,221440,买盘
316,14:30:51,17.29,--,189,326781,卖盘
317,14:30:48,17.29,--,20,34580,卖盘
318,14:30:42,17.29,0.01,792,1369368,买盘
319,14:30:33,17.28,-0.01,5,8640,卖盘
320,14:30:27,17.29,--,1450,2507050,买盘
321,14:30:22,17.29,0.01,14,24206,买盘
322,14:30:18,17.28,-0.01,125,216000,卖盘
323,14:30:13,17.29,--,69,119301,买盘
324,14:30:06,17.29,--,18,31122,买盘
325,14:30:03,17.29,--,300,518700,买盘
326,14:29:51,17.29,--,47,81263,买盘
327,14:29:48,17.29,--,4,6916,买盘
328,14:29:42,17.29,--,52,89908,买盘
329,14:29:37,17.29,--,60,103740,买盘
330,14:29:32,17.29,--,35,60515,买盘
331,14:29:27,17.29,--,10,17290,买盘
332,14:29:22,17.29,--,10,17290,买盘
333,14:29:17,17.29,--,240,414960,买盘
334,14:29:12,17.29,--,4,6916,买盘
335,14:29:06,17.29,--,215,371735,买盘
336,14:29:02,17.29,--,138,238602,买盘
337,14:28:58,17.29,--,5,8645,买盘
338,14:28:47,17.29,--,16,27664,买盘
339,14:28:42,17.29,--,30,51870,买盘
340,14:28:37,17.29,--,13,22477,买盘
341,14:28:32,17.29,--,46,79534,买盘
342,14:28:21,17.29,0.01,3,5187,买盘
343,14:28:17,17.28,-0.01,24,41472,卖盘
344,14:28:12,17.29,--,55,95095,买盘
345,14:28:07,17.29,--,5,8645,买盘
346,14:28:02,17.29,--,12,20748,买盘
347,14:27:57,17.29,--,10,17290,买盘
348,14:27:51,17.29,--,2311,3995719,买盘
349,14:27:47,17.29,-0.01,502,868805,卖盘
350,14:27:42,17.3,0.01,290,501994,买盘
351,14:27:36,17.29,-0.01,100,172900,卖盘
352,14:27:32,17.3,0.01,741,1281930,买盘
353,14:27:21,17.29,-0.01,1003,1734187,卖盘
354,14:27:12,17.3,0.01,712,1231760,买盘
355,14:27:06,17.29,-0.01,15,25935,卖盘
356,14:27:02,17.3,--,3,5190,买盘
357,14:26:51,17.3,--,355,614150,买盘
358,14:26:47,17.3,--,4,6920,买盘
359,14:26:42,17.3,--,4,6920,买盘
360,14:26:36,17.3,--,12,20760,买盘
361,14:26:32,17.3,--,10,17300,买盘
362,14:26:27,17.3,--,1,1730,买盘
363,14:26:21,17.3,--,12,20760,买盘
364,14:26:15,17.3,--,5,8650,买盘
365,14:26:00,17.3,0.01,17,29410,买盘
366,14:25:57,17.29,-0.01,1,1729,卖盘
367,14:25:51,17.3,0.01,17,29410,买盘
368,14:25:45,17.29,-0.01,146,252434,卖盘
369,14:25:42,17.3,0.01,44,76120,买盘
370,14:25:36,17.29,--,9,15561,卖盘
371,14:25:30,17.29,--,328,567112,卖盘
372,14:25:27,17.29,--,6,10374,卖盘
373,14:25:21,17.29,-0.01,316,546364,卖盘
374,14:25:12,17.3,--,3,5190,买盘
375,14:25:06,17.3,--,27,46710,买盘
376,14:25:00,17.3,0.01,1,1730,买盘
377,14:24:57,17.29,-0.01,348,601692,卖盘
378,14:24:51,17.3,--,64,110720,买盘
379,14:24:45,17.3,--,3,5190,买盘
380,14:24:36,17.3,--,1005,1738650,买盘
381,14:24:30,17.3,0.01,3,5190,买盘
382,14:24:27,17.29,-0.01,57,98553,卖盘
383,14:24:21,17.3,--,69,119370,买盘
384,14:24:15,17.3,--,15,25950,买盘
385,14:24:12,17.3,--,30,51900,买盘
386,14:24:06,17.3,--,4,6920,买盘
387,14:24:00,17.3,0.01,7,12110,买盘
388,14:23:57,17.29,-0.01,7,12103,卖盘
389,14:23:51,17.3,--,433,749090,买盘
390,14:23:45,17.3,0.01,3,5190,买盘
391,14:23:42,17.29,-0.01,42,72618,卖盘
392,14:23:36,17.3,--,129,223170,买盘
393,14:23:30,17.3,--,43,74390,买盘
394,14:23:27,17.3,--,2,3460,买盘
395,14:23:15,17.3,--,11,19030,买盘
396,14:23:06,17.3,--,4,6920,买盘
397,14:22:51,17.3,0.01,16,27680,买盘
398,14:22:45,17.29,-0.01,158,273182,卖盘
399,14:22:41,17.3,0.01,4,6920,买盘
400,14:22:30,17.29,-0.01,123,212667,卖盘
401,14:22:21,17.3,0.01,89,153970,买盘
402,14:22:15,17.29,-0.01,103,178087,卖盘
403,14:22:11,17.3,--,18,31140,买盘
404,14:22:06,17.3,--,54,93420,买盘
405,14:22:00,17.3,--,179,309670,买盘
406,14:21:56,17.3,--,36,62280,买盘
407,14:21:51,17.3,--,18,31140,买盘
408,14:21:45,17.3,--,3,5190,买盘
409,14:21:41,17.3,--,7,12110,买盘
410,14:21:36,17.3,--,77,133210,买盘
411,14:21:30,17.3,--,110,190300,买盘
412,14:21:21,17.3,--,205,354650,买盘
413,14:21:15,17.3,0.01,214,370220,买盘
414,14:21:11,17.29,-0.01,37,63973,卖盘
415,14:21:06,17.3,--,3,5190,买盘
416,14:21:00,17.3,--,17,29410,买盘
417,14:20:51,17.3,--,29,50170,买盘
418,14:20:41,17.3,--,30,51900,买盘
419,14:20:36,17.3,--,28,48440,买盘
420,14:20:30,17.3,--,5,8650,买盘
421,14:20:26,17.3,--,540,935722,卖盘
422,14:20:21,17.3,-0.01,402,695460,卖盘
423,14:20:15,17.31,0.01,405,701055,买盘
424,14:20:11,17.3,--,10,17300,卖盘
425,14:20:06,17.3,-0.01,497,859810,卖盘
426,14:20:00,17.31,--,4,6923,买盘
427,14:19:51,17.31,--,108,186948,买盘
428,14:19:45,17.31,0.01,354,612774,买盘
429,14:19:41,17.3,--,347,600310,卖盘
430,14:19:36,17.3,-0.01,55,95150,卖盘
431,14:19:26,17.31,0.01,3,5193,买盘
432,14:19:21,17.3,-0.01,38,65740,卖盘
433,14:19:15,17.31,0.01,44,76371,买盘
434,14:19:11,17.3,-0.01,34,58820,卖盘
435,14:19:06,17.31,--,8,13847,买盘
436,14:19:00,17.31,--,25,43275,买盘
437,14:18:51,17.31,--,13,22503,买盘
438,14:18:45,17.31,--,10,17310,买盘
439,14:18:39,17.31,--,144,249263,买盘
440,14:18:36,17.31,-0.01,253,439448,卖盘
441,14:18:30,17.32,0.01,4,6928,买盘
442,14:18:26,17.31,--,1235,2138010,买盘
443,14:18:21,17.31,--,10,17310,买盘
444,14:18:15,17.31,0.01,2,3461,买盘
445,14:18:09,17.3,-0.01,136,236629,卖盘
446,14:18:06,17.31,--,432,747792,买盘
447,14:18:00,17.31,--,365,631815,买盘
448,14:17:54,17.31,--,40,69240,买盘
449,14:17:51,17.31,0.01,18,31157,买盘
450,14:17:45,17.3,-0.01,80,138400,卖盘
451,14:17:39,17.31,--,8,13847,买盘
452,14:17:36,17.31,0.01,11,19041,买盘
453,14:17:30,17.3,-0.01,1910,3304300,卖盘
454,14:17:24,17.31,--,11,19041,买盘
455,14:17:21,17.31,--,5,8655,买盘
456,14:17:15,17.31,--,13,22503,买盘
457,14:17:06,17.31,0.01,108,186948,买盘
458,14:17:00,17.3,--,110,191009,买盘
459,14:16:54,17.3,0.01,1103,1908190,买盘
460,14:16:51,17.29,-0.01,2,3458,卖盘
461,14:16:45,17.3,--,1084,1875320,买盘
462,14:16:39,17.3,--,242,418660,买盘
463,14:16:36,17.3,--,15,25950,买盘
464,14:16:30,17.3,--,53,92278,买盘
465,14:16:24,17.3,--,1075,1859750,买盘
466,14:16:20,17.3,--,433,749090,买盘
467,14:16:15,17.3,--,501,866730,买盘
468,14:16:09,17.3,--,5,8650,买盘
469,14:16:06,17.3,--,70,121100,买盘
470,14:16:00,17.3,--,220,380600,买盘
471,14:15:54,17.3,--,154,266420,买盘
472,14:15:50,17.3,--,104,179920,买盘
473,14:15:45,17.3,--,221,382589,买盘
474,14:15:39,17.3,--,12,20760,买盘
475,14:15:30,17.3,0.01,9,15570,买盘
476,14:15:24,17.29,-0.01,35,60515,卖盘
477,14:15:20,17.3,0.01,26,44980,买盘
478,14:15:15,17.29,-0.01,4,6916,卖盘
479,14:15:09,17.3,--,126,217980,买盘
480,14:15:00,17.3,--,423,733174,买盘
481,14:14:54,17.3,--,45,77850,买盘
482,14:14:50,17.3,0.01,2,3460,买盘
483,14:14:30,17.29,-0.01,35,60515,卖盘
484,14:14:24,17.3,0.01,6,10380,买盘
485,14:14:15,17.29,--,134,231686,卖盘
486,14:14:09,17.29,--,257,444353,买盘
487,14:14:05,17.29,--,40,69160,买盘
488,14:14:00,17.29,--,273,472017,买盘
489,14:13:54,17.29,0.01,124,214396,买盘
490,14:13:50,17.28,-0.01,1,1728,卖盘
491,14:13:45,17.29,--,18,31122,买盘
492,14:13:39,17.29,--,189,326781,买盘
493,14:13:35,17.29,0.01,54,93366,买盘
494,14:13:30,17.28,-0.01,117,202176,卖盘
495,14:13:24,17.29,--,146,252434,买盘
496,14:13:20,17.29,--,10,17290,买盘
497,14:13:15,17.29,--,402,695058,买盘
498,14:13:09,17.29,0.01,30,51870,买盘
499,14:13:05,17.28,-0.01,200,345600,卖盘
500,14:13:00,17.29,0.01,412,712348,买盘
501,14:12:54,17.28,-0.01,91,157662,卖盘
502,14:12:50,17.29,--,69,119301,买盘
503,14:12:45,17.29,--,154,266266,买盘
504,14:12:39,17.29,0.01,108,186732,买盘
505,14:12:35,17.28,--,111,191808,卖盘
506,14:12:30,17.28,-0.01,64,110592,卖盘
507,14:12:24,17.29,--,11,19019,买盘
508,14:12:20,17.29,--,6,10374,买盘
509,14:12:15,17.29,--,100,174127,买盘
510,14:12:09,17.29,0.01,1,1729,买盘
511,14:12:05,17.28,-0.01,25,43200,卖盘
512,14:12:00,17.29,--,5,8645,买盘
513,14:11:54,17.29,--,6,10374,买盘
514,14:11:48,17.29,--,10,17290,买盘
515,14:11:45,17.29,--,40,69160,买盘
516,14:11:39,17.29,--,11,19019,买盘
517,14:11:33,17.29,--,57,98553,买盘
518,14:11:18,17.29,--,1,1729,买盘
519,14:11:15,17.29,--,16,27664,买盘
520,14:11:09,17.29,-0.01,20,34580,中性盘
521,14:11:03,17.3,0.01,217,375410,买盘
522,14:10:54,17.29,--,170,293930,买盘
523,14:10:48,17.29,0.01,117,202293,买盘
524,14:10:45,17.28,--,75,129600,卖盘
525,14:10:39,17.28,--,369,637632,卖盘
526,14:10:24,17.28,-0.01,75,129600,卖盘
527,14:10:15,17.29,--,10,17290,买盘
528,14:10:09,17.29,--,245,423605,买盘
529,14:10:03,17.29,0.01,21,36309,买盘
530,14:09:59,17.28,-0.01,326,563328,卖盘
531,14:09:54,17.29,--,12,20748,买盘
532,14:09:48,17.29,--,215,371735,买盘
533,14:09:45,17.29,0.01,10,17290,买盘
534,14:09:39,17.28,-0.01,2,3456,卖盘
535,14:09:33,17.29,0.01,70,121030,买盘
536,14:09:29,17.28,-0.01,10,17280,卖盘
537,14:09:24,17.29,0.01,46,80415,买盘
538,14:09:18,17.28,-0.01,86,148608,卖盘
539,14:09:14,17.29,0.01,10,17290,买盘
540,14:09:09,17.28,--,27,46656,卖盘
541,14:09:03,17.28,--,86,148608,卖盘
542,14:08:59,17.28,-0.01,103,178744,卖盘
543,14:08:54,17.29,--,14,24206,买盘
544,14:08:44,17.29,0.01,7,12103,买盘
545,14:08:39,17.28,-0.01,26,44928,卖盘
546,14:08:33,17.29,-0.01,847,1465171,卖盘
547,14:08:29,17.3,0.01,12,20760,买盘
548,14:08:24,17.29,--,193,333697,卖盘
549,14:08:18,17.29,-0.01,350,605150,卖盘
550,14:08:14,17.3,0.01,6,10380,买盘
551,14:08:09,17.29,-0.01,59,102011,卖盘
552,14:08:03,17.3,0.01,157,271610,买盘
553,14:07:59,17.29,-0.01,8,13832,卖盘
554,14:07:54,17.3,0.01,2,3460,买盘
555,14:07:44,17.29,--,20,34580,卖盘
556,14:07:39,17.29,-0.01,54,93366,卖盘
557,14:07:33,17.3,--,77,133210,买盘
558,14:07:18,17.3,--,40,69200,买盘
559,14:07:14,17.3,--,39,67470,买盘
560,14:07:09,17.3,0.01,51,89908,买盘
561,14:07:03,17.29,-0.01,38,65702,卖盘
562,14:06:59,17.3,--,51,88230,买盘
563,14:06:54,17.3,--,65,112450,买盘
564,14:06:48,17.3,--,54,93420,买盘
565,14:06:44,17.3,--,85,147050,买盘
566,14:06:39,17.3,0.01,131,226630,买盘
567,14:06:33,17.29,--,376,650104,卖盘
568,14:06:24,17.29,-0.01,372,643188,卖盘
569,14:06:18,17.3,0.01,359,621070,买盘
570,14:06:09,17.29,--,26,45507,卖盘
571,14:06:03,17.29,--,40,69160,卖盘
572,14:05:59,17.29,-0.01,23,41011,卖盘
573,14:05:54,17.3,--,99,171270,买盘
574,14:05:48,17.3,--,407,704110,买盘
575,14:05:44,17.3,0.01,116,200680,买盘
576,14:05:39,17.29,--,188,326608,卖盘
577,14:05:33,17.29,-0.01,34,58786,卖盘
578,14:05:29,17.3,0.01,35,60550,买盘
579,14:05:24,17.29,-0.01,144,248976,卖盘
580,14:05:18,17.3,--,317,549257,买盘
581,14:05:09,17.3,--,56,96880,买盘
582,14:05:03,17.3,0.01,55,95150,买盘
583,14:04:59,17.29,--,56,96824,卖盘
584,14:04:54,17.29,--,352,608608,卖盘
585,14:04:48,17.29,-0.01,235,406315,卖盘
586,14:04:43,17.3,--,170,294100,买盘
587,14:04:39,17.3,--,12,20760,买盘
588,14:04:33,17.3,--,103,178190,买盘
589,14:04:28,17.3,--,1,1730,买盘
590,14:04:24,17.3,0.01,1,1730,买盘
591,14:04:18,17.29,--,190,329945,卖盘
592,14:04:13,17.29,--,354,612066,卖盘
593,14:04:09,17.29,--,23,39767,卖盘
594,14:04:03,17.29,--,23,39767,卖盘
595,14:03:57,17.29,-0.01,273,472017,卖盘
596,14:03:48,17.3,0.01,40,69200,买盘
597,14:03:42,17.29,--,239,413231,卖盘
598,14:03:38,17.29,--,156,269724,卖盘
599,14:03:33,17.29,-0.01,21,36309,卖盘
600,14:03:27,17.3,--,3,5190,买盘
601,14:03:23,17.3,--,12,20760,买盘
602,14:03:18,17.3,--,639,1105470,买盘
603,14:03:12,17.3,0.01,40,69200,买盘
604,14:03:08,17.29,-0.01,44,76076,卖盘
605,14:03:03,17.3,0.01,1,1730,买盘
606,14:02:57,17.29,--,100,172900,卖盘
607,14:02:53,17.29,--,33,57057,卖盘
608,14:02:48,17.29,-0.01,22,38038,卖盘
609,14:02:42,17.3,0.01,10,17300,买盘
610,14:02:38,17.29,--,5,8645,卖盘
611,14:02:33,17.29,-0.01,123,212667,卖盘
612,14:02:27,17.3,0.01,80,138400,买盘
613,14:02:23,17.29,--,2,3458,卖盘
614,14:02:18,17.29,-0.01,93,161004,卖盘
615,14:02:12,17.3,0.01,36,62280,买盘
616,14:02:08,17.29,--,2,3458,卖盘
617,14:02:03,17.29,-0.01,284,491036,卖盘
618,14:01:57,17.3,--,255,442274,卖盘
619,14:01:53,17.3,--,118,204140,卖盘
620,14:01:48,17.3,--,618,1069140,卖盘
621,14:01:42,17.3,--,443,766390,卖盘
622,14:01:38,17.3,--,1,1730,卖盘
623,14:01:33,17.3,--,498,861540,卖盘
624,14:01:27,17.3,-0.01,3,5190,卖盘
625,14:01:23,17.31,0.01,66,114245,买盘
626,14:01:18,17.3,--,67,115910,卖盘
627,14:01:12,17.3,--,3,5190,卖盘
628,14:01:08,17.3,--,12,20760,卖盘
629,14:01:03,17.3,-0.01,2,3460,卖盘
630,14:00:57,17.31,0.01,50,86550,买盘
631,14:00:48,17.3,-0.01,185,320949,卖盘
632,14:00:38,17.31,-0.01,11,19041,卖盘
633,14:00:33,17.32,0.01,42,72744,买盘
634,14:00:27,17.31,--,8,13847,卖盘
635,14:00:23,17.31,--,56,96936,卖盘
636,14:00:18,17.31,--,50,86550,卖盘
637,14:00:12,17.31,--,7,12117,卖盘
638,14:00:03,17.31,--,313,541803,卖盘
639,13:59:57,17.31,--,42,72702,卖盘
640,13:59:53,17.31,-0.01,87,151116,卖盘
641,13:59:48,17.32,0.01,537,930084,买盘
642,13:59:42,17.31,--,2,3461,卖盘
643,13:59:27,17.31,-0.01,5,8655,卖盘
644,13:59:18,17.32,--,13,22827,买盘
645,13:59:12,17.32,--,10,17320,买盘
646,13:59:08,17.32,0.01,2,3464,买盘
647,13:59:03,17.31,--,65,112514,卖盘
648,13:58:57,17.31,-0.01,37,64046,卖盘
649,13:58:53,17.32,0.01,20,34640,买盘
650,13:58:48,17.31,-0.01,2,3461,卖盘
651,13:58:42,17.32,0.01,53,91796,买盘
652,13:58:27,17.31,--,35,60584,卖盘
653,13:58:12,17.31,--,41,70971,卖盘
654,13:58:08,17.31,-0.01,112,193872,卖盘
655,13:58:02,17.32,0.01,11,19052,买盘
656,13:57:57,17.31,--,50,86550,卖盘
657,13:57:48,17.31,--,13,22658,卖盘
658,13:57:42,17.31,--,100,173100,卖盘
659,13:57:32,17.31,--,37,64531,卖盘
660,13:57:27,17.31,--,38,65778,卖盘
661,13:57:21,17.31,--,5,8655,卖盘
662,13:57:12,17.31,-0.01,150,260809,卖盘
663,13:57:06,17.32,--,1,1732,买盘
664,13:57:02,17.32,--,30,51960,买盘
665,13:56:57,17.32,--,73,126436,买盘
666,13:56:52,17.32,0.01,1,1732,买盘
667,13:56:47,17.31,-0.01,2,3461,卖盘
668,13:56:42,17.32,0.01,98,169736,买盘
669,13:56:36,17.31,--,178,308689,卖盘
670,13:56:27,17.31,-0.01,23,39813,卖盘
671,13:56:21,17.32,0.01,12,20784,买盘
672,13:56:17,17.31,--,9,15578,卖盘
673,13:56:12,17.31,-0.01,36,62315,卖盘
674,13:56:06,17.32,--,1,1732,买盘
675,13:55:57,17.32,0.01,93,161076,买盘
676,13:55:51,17.31,-0.01,245,424094,卖盘
677,13:55:47,17.32,0.01,29,50228,买盘
678,13:55:42,17.31,-0.01,74,128093,卖盘
679,13:55:36,17.32,0.01,143,247676,买盘
680,13:55:32,17.31,--,100,173100,卖盘
681,13:55:21,17.31,--,27,46737,卖盘
682,13:55:17,17.31,--,62,107321,卖盘
683,13:55:12,17.31,-0.01,1,1730,卖盘
684,13:55:06,17.32,0.01,1,1732,买盘
685,13:55:02,17.31,--,22,38082,卖盘
686,13:54:51,17.31,-0.01,268,464911,卖盘
687,13:54:47,17.32,--,342,592344,卖盘
688,13:54:42,17.32,--,1295,2242940,卖盘
689,13:54:36,17.32,--,23,39836,卖盘
690,13:54:31,17.32,-0.01,10,17320,卖盘
691,13:54:27,17.33,0.01,12,20795,买盘
692,13:54:21,17.32,--,50,87517,卖盘
693,13:54:16,17.32,--,1,1732,卖盘
694,13:54:06,17.32,--,951,1647132,卖盘
695,13:54:02,17.32,--,273,472836,卖盘
696,13:53:57,17.32,--,37,64084,卖盘
697,13:53:51,17.32,--,41,71012,卖盘
698,13:53:42,17.32,--,340,588880,卖盘
699,13:53:36,17.32,--,42,72744,卖盘
700,13:53:31,17.32,-0.01,78,135823,卖盘
701,13:53:27,17.33,--,2,3465,买盘
702,13:53:21,17.33,0.01,14,24261,买盘
703,13:53:12,17.32,-0.01,8,13856,卖盘
704,13:53:06,17.33,--,5,8665,买盘
705,13:52:51,17.33,--,12,20795,买盘
706,13:52:47,17.33,0.01,9,15596,买盘
707,13:52:42,17.32,--,262,453784,卖盘
708,13:52:36,17.32,--,13,22516,卖盘
709,13:52:31,17.32,--,210,363720,卖盘
710,13:52:27,17.32,-0.02,119,206108,卖盘
711,13:52:12,17.34,0.01,53,91902,买盘
712,13:52:06,17.33,0.01,4,6931,买盘
713,13:52:02,17.32,--,1,1732,卖盘
714,13:51:57,17.32,--,51,89284,卖盘
715,13:51:46,17.32,--,193,334276,卖盘
716,13:51:42,17.32,--,1,1732,卖盘
717,13:51:36,17.32,-0.01,14,24248,卖盘
718,13:51:32,17.33,0.01,8,13863,买盘
719,13:51:21,17.32,--,14,24248,卖盘
720,13:51:17,17.32,-0.01,10,17320,卖盘
721,13:51:12,17.33,--,11,19062,买盘
722,13:51:06,17.33,--,13,22528,买盘
723,13:50:51,17.33,0.01,24,41591,买盘
724,13:50:46,17.32,-0.01,18,31176,卖盘
725,13:50:42,17.33,--,2,3465,买盘
726,13:50:26,17.33,-0.01,158,275304,卖盘
727,13:50:21,17.34,0.01,50,86700,买盘
728,13:50:16,17.33,-0.01,356,616947,卖盘
729,13:50:11,17.34,--,359,622506,买盘
730,13:50:06,17.34,0.01,1,1734,买盘
731,13:49:41,17.33,-0.01,5,8803,卖盘
732,13:49:36,17.34,0.01,11,19074,买盘
733,13:49:31,17.33,--,38,65854,卖盘
734,13:49:26,17.33,-0.01,23,39858,卖盘
735,13:49:00,17.34,--,15,26010,买盘
736,13:48:51,17.34,0.01,50,86700,买盘
737,13:48:45,17.33,--,49,84916,卖盘
738,13:48:41,17.33,--,45,78799,卖盘
739,13:48:36,17.33,--,25,43324,卖盘
740,13:48:30,17.33,-0.01,34,58921,卖盘
741,13:48:26,17.34,--,12,20808,买盘
742,13:48:21,17.34,0.01,55,95370,买盘
743,13:48:00,17.33,-0.01,37,64120,卖盘
744,13:47:56,17.34,0.01,9,15606,买盘
745,13:47:51,17.33,-0.01,123,213158,卖盘
746,13:47:45,17.34,--,1,1734,买盘
747,13:47:41,17.34,--,88,153424,买盘
748,13:47:36,17.34,--,18,31212,买盘
749,13:47:30,17.34,--,3,5202,买盘
750,13:47:26,17.34,0.01,1,1734,买盘
751,13:47:21,17.33,-0.01,9,15596,卖盘
752,13:47:15,17.34,--,18,31212,买盘
753,13:47:10,17.34,--,15,26010,买盘
754,13:47:00,17.34,--,11,19074,买盘
755,13:46:51,17.34,0.01,73,126582,买盘
756,13:46:45,17.33,-0.01,28,48523,卖盘
757,13:46:40,17.34,0.01,43,74562,买盘
758,13:46:30,17.33,-0.01,9,15596,卖盘
759,13:46:25,17.34,--,202,350268,买盘
760,13:46:06,17.34,--,29,50286,买盘
761,13:46:00,17.34,--,26,45084,买盘
762,13:45:55,17.34,--,2,3468,买盘
763,13:45:51,17.34,--,4,6936,买盘
764,13:45:40,17.34,--,3,5202,买盘
765,13:45:36,17.34,--,58,100572,买盘
766,13:45:30,17.34,-0.01,407,707298,中性盘
767,13:45:25,17.35,--,54,93690,买盘
768,13:45:21,17.35,--,3,5205,买盘
769,13:45:15,17.35,--,89,154415,买盘
770,13:45:06,17.35,--,3,5205,买盘
771,13:45:00,17.35,0.01,86,149210,买盘
772,13:44:55,17.34,-0.01,8,13872,卖盘
773,13:44:45,17.35,--,83,144091,买盘
774,13:44:40,17.35,0.01,3,5205,买盘
775,13:44:36,17.34,--,84,145656,买盘
776,13:44:30,17.34,-0.01,6,10404,中性盘
777,13:44:25,17.35,0.01,71,123879,买盘
778,13:44:21,17.34,--,15,26010,买盘
779,13:44:15,17.34,-0.01,7,13195,卖盘
780,13:44:00,17.35,0.01,117,203671,买盘
781,13:43:55,17.34,--,48,83232,买盘
782,13:43:51,17.34,-0.01,5,8670,买盘
783,13:43:45,17.35,--,59,103631,买盘
784,13:43:35,17.35,--,174,301890,买盘
785,13:43:30,17.35,--,13,22555,买盘
786,13:43:25,17.35,--,3,5205,买盘
787,13:43:15,17.35,--,51,88485,买盘
788,13:43:05,17.35,--,14,24290,买盘
789,13:43:00,17.35,--,102,177178,买盘
790,13:42:50,17.35,--,2,3470,买盘
791,13:42:40,17.35,--,20,34700,买盘
792,13:42:30,17.35,--,119,206465,买盘
793,13:42:25,17.35,--,2,3730,买盘
794,13:42:15,17.35,0.01,13,22555,买盘
795,13:42:10,17.34,--,6,10404,卖盘
796,13:42:05,17.34,--,44,76296,买盘
797,13:42:00,17.34,0.01,166,289283,买盘
798,13:41:55,17.33,-0.01,20,34660,卖盘
799,13:41:50,17.34,--,100,173400,买盘
800,13:41:45,17.34,--,19,32946,买盘
801,13:41:39,17.34,0.01,54,93636,买盘
802,13:41:35,17.33,-0.01,226,391657,卖盘
803,13:41:30,17.34,--,60,104040,买盘
804,13:41:24,17.34,--,60,104040,买盘
805,13:41:20,17.34,--,4,6936,买盘
806,13:41:09,17.34,--,142,246228,买盘
807,13:41:05,17.34,0.01,5,8670,买盘
808,13:41:00,17.33,-0.01,5,8976,卖盘
809,13:40:54,17.34,--,11,19074,买盘
810,13:40:50,17.34,0.01,271,469914,买盘
811,13:40:45,17.33,--,18,31193,卖盘
812,13:40:39,17.33,-0.01,200,346599,卖盘
813,13:40:35,17.34,0.01,54,93636,买盘
814,13:40:30,17.33,-0.01,11,19062,卖盘
815,13:40:24,17.34,--,20,34680,买盘
816,13:40:20,17.34,0.01,5,8670,买盘
817,13:40:15,17.33,-0.01,100,173299,卖盘
818,13:40:09,17.34,--,678,1175652,买盘
819,13:40:05,17.34,--,4,6936,买盘
820,13:40:00,17.34,0.01,140,242760,买盘
821,13:39:54,17.33,--,5,8665,卖盘
822,13:39:45,17.33,-0.01,4,6931,卖盘
823,13:39:39,17.34,--,11,20114,买盘
824,13:39:34,17.34,--,90,156060,买盘
825,13:39:30,17.34,0.01,55,95890,买盘
826,13:39:24,17.33,-0.01,50,87811,卖盘
827,13:39:20,17.34,--,49,85035,买盘
828,13:39:15,17.34,--,68,117912,买盘
829,13:39:09,17.34,--,15,26010,买盘
830,13:39:00,17.34,--,21,36414,买盘
831,13:38:54,17.34,0.01,166,287844,买盘
832,13:38:49,17.33,--,6,10397,卖盘
833,13:38:45,17.33,-0.01,100,173299,卖盘
834,13:38:39,17.34,--,5,8670,买盘
835,13:38:30,17.34,0.01,87,151343,买盘
836,13:38:14,17.33,-0.01,8,13863,卖盘
837,13:38:09,17.34,0.01,17,29478,买盘
838,13:37:59,17.33,--,20,34867,卖盘
839,13:37:54,17.33,--,52,90115,卖盘
840,13:37:49,17.33,--,2,3465,卖盘
841,13:37:44,17.33,--,8,13863,卖盘
842,13:37:39,17.33,-0.01,5,8665,卖盘
843,13:37:24,17.34,--,31,53754,买盘
844,13:37:19,17.34,--,4,6936,买盘
845,13:37:14,17.34,0.01,3,5202,买盘
846,13:37:09,17.33,-0.01,3,5198,卖盘
847,13:37:04,17.34,--,1,1734,买盘
848,13:36:59,17.34,--,30,52020,买盘
849,13:36:54,17.34,--,24,41616,买盘
850,13:36:49,17.34,--,6,10404,买盘
851,13:36:39,17.34,--,5,8670,买盘
852,13:36:34,17.34,--,16,27744,买盘
853,13:36:29,17.34,0.01,18,31212,买盘
854,13:36:24,17.33,--,43,74518,卖盘
855,13:36:19,17.33,-0.01,46,80116,卖盘
856,13:36:09,17.34,-0.01,63,109242,卖盘
857,13:36:04,17.35,--,4,6940,买盘
858,13:35:59,17.35,--,31,53785,买盘
859,13:35:54,17.35,0.01,1,1735,买盘
860,13:35:44,17.34,--,18,31212,卖盘
861,13:35:39,17.34,-0.01,96,167712,卖盘
862,13:35:34,17.35,--,84,145740,买盘
863,13:35:24,17.35,--,11,19085,买盘
864,13:35:19,17.35,--,4,6940,买盘
865,13:35:14,17.35,--,3,5205,买盘
866,13:35:09,17.35,--,25,43375,买盘
867,13:35:04,17.35,0.01,12,20820,买盘
868,13:34:54,17.34,--,71,123114,买盘
869,13:34:49,17.34,--,3,5202,买盘
870,13:34:44,17.34,--,3,5202,买盘
871,13:34:39,17.34,0.01,22,38148,买盘
872,13:34:34,17.33,-0.01,38,65854,卖盘
873,13:34:29,17.34,0.01,22,38148,买盘
874,13:34:24,17.33,-0.01,115,199294,卖盘
875,13:34:19,17.34,--,100,173400,买盘
876,13:34:14,17.34,0.01,4,6936,买盘
877,13:34:09,17.33,-0.01,100,173299,卖盘
878,13:34:04,17.34,--,15,27154,买盘
879,13:33:59,17.34,--,12,20808,买盘
880,13:33:54,17.34,--,6,10404,买盘
881,13:33:48,17.34,--,13,22542,买盘
882,13:33:39,17.34,--,3,5202,买盘
883,13:33:33,17.34,0.01,74,128316,买盘
884,13:33:29,17.33,--,11,19062,卖盘
885,13:33:24,17.33,--,54,93581,卖盘
886,13:33:18,17.33,-0.01,110,190629,卖盘
887,13:33:09,17.34,--,102,177891,买盘
888,13:33:03,17.34,--,23,39882,买盘
889,13:32:59,17.34,0.01,3,5202,买盘
890,13:32:54,17.33,-0.01,144,249551,卖盘
891,13:32:48,17.34,--,13,22542,买盘
892,13:32:44,17.34,0.01,3,5202,买盘
893,13:32:39,17.33,--,4,6931,卖盘
894,13:32:33,17.33,-0.01,209,363583,卖盘
895,13:32:29,17.34,--,3,5202,买盘
896,13:32:24,17.34,--,21,36414,买盘
897,13:32:18,17.34,--,53,91902,买盘
898,13:32:09,17.34,--,3,5202,买盘
899,13:32:03,17.34,0.01,34,58956,买盘
900,13:31:58,17.33,-0.01,1,1732,卖盘
901,13:31:48,17.34,--,38,65892,卖盘
902,13:31:43,17.34,--,77,133518,买盘
903,13:31:39,17.34,--,103,178602,买盘
904,13:31:33,17.34,--,36,62424,买盘
905,13:31:18,17.34,0.01,3,5202,买盘
906,13:31:13,17.33,--,12,22165,卖盘
907,13:31:08,17.33,-0.01,58,100513,卖盘
908,13:31:03,17.34,0.01,37,64158,买盘
909,13:30:58,17.33,--,45,78799,卖盘
910,13:30:53,17.33,--,33,57188,卖盘
911,13:30:43,17.33,-0.01,220,381259,卖盘
912,13:30:38,17.34,--,3,5202,买盘
913,13:30:33,17.34,--,10,17340,买盘
914,13:30:28,17.34,--,18,31212,买盘
915,13:30:23,17.34,0.01,18,31212,买盘
916,13:30:18,17.33,-0.01,54,93581,卖盘
917,13:30:13,17.34,0.01,9,15606,买盘
918,13:30:08,17.33,-0.02,276,478307,卖盘
919,13:30:03,17.35,0.02,34,58990,买盘
920,13:29:58,17.33,-0.01,96,167199,卖盘
921,13:29:53,17.34,0.01,210,364140,买盘
922,13:29:43,17.33,0.01,378,655073,买盘
923,13:29:38,17.32,--,155,268460,卖盘
924,13:29:33,17.32,-0.02,43,74476,卖盘
925,13:29:28,17.34,--,103,178602,买盘
926,13:29:23,17.34,0.02,10,17340,买盘
927,13:29:18,17.32,--,0,0,卖盘
928,13:29:08,17.32,-0.03,18,31176,卖盘
929,13:29:03,17.35,--,33,57255,买盘
930,13:28:58,17.35,0.03,3,5205,买盘
931,13:28:53,17.32,-0.03,162,280584,卖盘
932,13:28:48,17.35,--,13,22555,买盘
933,13:28:38,17.35,--,1,1735,买盘
934,13:28:33,17.35,--,4,6940,买盘
935,13:28:23,17.35,--,10,17350,买盘
936,13:28:13,17.35,0.01,15,26025,买盘
937,13:28:08,17.34,-0.01,103,178602,卖盘
938,13:28:03,17.35,0.01,45,78075,买盘
939,13:27:58,17.34,--,13,22542,买盘
940,13:27:53,17.34,--,109,189006,买盘
941,13:27:48,17.34,0.01,18,31212,买盘
942,13:27:38,17.33,-0.01,61,107012,卖盘
943,13:27:13,17.34,--,4,6936,买盘
944,13:27:08,17.34,0.01,17,29478,买盘
945,13:27:03,17.33,-0.01,6,10397,卖盘
946,13:26:57,17.34,--,0,0,买盘
947,13:26:53,17.34,0.01,24,41616,买盘
948,13:26:48,17.33,-0.01,43,74518,卖盘
949,13:26:42,17.34,0.02,19,32946,买盘
950,13:26:38,17.32,-0.02,270,467640,卖盘
951,13:26:33,17.34,0.01,49,86647,买盘
952,13:26:28,17.33,0.01,2,3465,买盘
953,13:26:23,17.32,-0.01,1,1732,卖盘
954,13:26:18,17.33,--,101,175379,买盘
955,13:26:12,17.33,0.01,49,84916,买盘
956,13:26:08,17.32,-0.01,8,13856,卖盘
957,13:26:03,17.33,--,8,13863,买盘
958,13:25:57,17.33,--,11,19062,买盘
959,13:25:48,17.33,--,16,27727,买盘
960,13:25:42,17.33,--,22,38125,买盘
961,13:25:38,17.33,-0.01,115,200906,卖盘
962,13:25:33,17.34,0.01,7,12138,中性盘
963,13:25:27,17.33,-0.01,350,606549,卖盘
964,13:25:18,17.34,--,30,52436,买盘
965,13:25:12,17.34,-0.01,127,221535,卖盘
966,13:25:08,17.35,--,151,261985,买盘
967,13:25:03,17.35,--,340,589900,买盘
968,13:24:53,17.35,--,10,17350,买盘
969,13:24:48,17.35,0.01,2,3470,买盘
970,13:24:42,17.34,0.01,926,1606100,买盘
971,13:24:38,17.33,--,547,947950,卖盘
972,13:24:33,17.33,--,44,76251,卖盘
973,13:24:27,17.33,--,47,81988,卖盘
974,13:24:22,17.33,--,100,173299,卖盘
975,13:24:12,17.33,0.01,1575,2730376,买盘
976,13:24:07,17.32,--,13,22516,卖盘
977,13:24:02,17.32,-0.01,41,71012,卖盘
978,13:23:52,17.33,0.01,13,22528,买盘
979,13:23:47,17.32,0.01,353,611396,买盘
980,13:23:42,17.31,-0.01,85,148242,卖盘
981,13:23:22,17.32,0.01,15,25980,买盘
982,13:23:17,17.31,-0.01,1,1730,卖盘
983,13:23:12,17.32,--,12,20784,买盘
984,13:23:07,17.32,-0.01,4,6928,卖盘
985,13:23:02,17.33,0.01,51,88382,买盘
986,13:22:57,17.32,--,16,27712,买盘
987,13:22:52,17.32,0.01,6,10392,买盘
988,13:22:47,17.31,--,1,1730,卖盘
989,13:22:42,17.31,--,1,1730,卖盘
990,13:22:32,17.31,-0.01,27,46737,卖盘
991,13:22:22,17.32,0.01,10,17320,买盘
992,13:22:12,17.31,-0.01,121,210281,卖盘
993,13:22:02,17.32,0.01,29,50228,买盘
994,13:21:57,17.31,--,5,8655,卖盘
995,13:21:52,17.31,--,14,24234,卖盘
996,13:21:47,17.31,--,12,20772,卖盘
997,13:21:42,17.31,--,47,81478,卖盘
998,13:21:37,17.31,--,42,72702,卖盘
999,13:21:32,17.31,--,9,15578,卖盘
1000,13:21:27,17.31,--,13,22503,卖盘
1001,13:21:17,17.31,--,12,20772,卖盘
1002,13:21:12,17.31,-0.01,400,692400,卖盘
1003,13:21:02,17.32,0.01,12,20784,买盘
1004,13:20:52,17.31,-0.01,101,174831,卖盘
1005,13:20:47,17.32,0.01,7,12124,买盘
1006,13:20:42,17.31,-0.01,3,5193,卖盘
1007,13:20:32,17.32,0.01,5,8660,买盘
1008,13:20:27,17.31,-0.01,11,19041,卖盘
1009,13:20:22,17.32,0.01,15,25980,买盘
1010,13:20:17,17.31,--,253,437942,卖盘
1011,13:20:12,17.31,-0.01,91,159044,卖盘
1012,13:20:02,17.32,--,1,1732,买盘
1013,13:19:52,17.32,--,33,57156,卖盘
1014,13:19:47,17.32,--,1,1732,卖盘
1015,13:19:42,17.32,--,102,176664,卖盘
1016,13:19:37,17.32,--,32,55424,卖盘
1017,13:19:32,17.32,--,23,39836,卖盘
1018,13:19:22,17.32,--,100,173200,卖盘
1019,13:19:17,17.32,--,1,1732,卖盘
1020,13:19:02,17.32,-0.01,2,3464,卖盘
1021,13:18:57,17.33,0.01,71,123042,买盘
1022,13:18:52,17.32,0.01,3,5196,中性盘
1023,13:18:36,17.31,-0.02,9,15578,卖盘
1024,13:18:27,17.33,0.02,13,22528,买盘
1025,13:18:21,17.31,--,1,1730,卖盘
1026,13:18:17,17.31,-0.01,101,176163,卖盘
1027,13:18:12,17.32,--,10,17320,卖盘
1028,13:18:06,17.32,--,206,356792,卖盘
1029,13:18:02,17.32,--,20,34640,卖盘
1030,13:17:57,17.32,--,200,346919,买盘
1031,13:17:51,17.32,--,5,8660,买盘
1032,13:17:47,17.32,--,103,178396,买盘
1033,13:17:42,17.32,0.01,7,12124,买盘
1034,13:17:36,17.31,-0.01,4,6923,卖盘
1035,13:17:32,17.32,0.01,15,25980,买盘
1036,13:17:27,17.31,--,77,133598,卖盘
1037,13:17:21,17.31,-0.01,0,865,卖盘
1038,13:17:11,17.32,--,25,43300,买盘
1039,13:17:06,17.32,0.01,1,1732,买盘
1040,13:17:02,17.31,-0.01,10,17310,卖盘
1041,13:16:56,17.32,--,14,24248,买盘
1042,13:16:51,17.32,--,103,178396,买盘
1043,13:16:47,17.32,--,177,307776,卖盘
1044,13:16:36,17.32,-0.01,21,36372,卖盘
1045,13:16:26,17.33,--,6,10397,买盘
1046,13:16:21,17.33,0.01,3,5198,买盘
1047,13:16:11,17.32,-0.01,100,173200,卖盘
1048,13:16:06,17.33,--,38,65854,买盘
1049,13:16:01,17.33,0.01,16,27727,买盘
1050,13:15:56,17.32,--,79,136828,卖盘
1051,13:15:46,17.32,--,15,25980,卖盘
1052,13:15:41,17.32,-0.01,60,103920,卖盘
1053,13:15:36,17.33,--,10,17330,买盘
1054,13:15:31,17.33,0.01,4,6931,买盘
1055,13:15:21,17.32,--,150,259800,卖盘
1056,13:15:11,17.32,--,34,59909,卖盘
1057,13:15:06,17.32,-0.01,104,180128,卖盘
1058,13:15:01,17.33,--,73,126508,买盘
1059,13:14:56,17.33,--,69,120807,买盘
1060,13:14:51,17.33,--,87,150770,买盘
1061,13:14:46,17.33,--,36,62387,买盘
1062,13:14:41,17.33,0.01,162,280746,买盘
1063,13:14:36,17.32,-0.01,105,181860,中性盘
1064,13:14:31,17.33,0.01,65,112644,买盘
1065,13:14:26,17.32,--,87,150684,买盘
1066,13:14:21,17.32,0.01,170,294440,买盘
1067,13:14:16,17.31,-0.01,17,29426,卖盘
1068,13:14:11,17.32,0.01,87,151099,买盘
1069,13:14:06,17.31,-0.01,126,218105,卖盘
1070,13:14:01,17.32,-0.01,2,3464,卖盘
1071,13:13:56,17.33,0.01,17,30847,买盘
1072,13:13:51,17.32,--,8,13856,买盘
1073,13:13:41,17.32,--,44,76935,买盘
1074,13:13:36,17.32,-0.01,216,374250,卖盘
1075,13:13:26,17.33,0.01,25,43324,中性盘
1076,13:13:21,17.32,-0.01,167,290283,卖盘
1077,13:13:11,17.33,-0.01,119,206226,买盘
1078,13:13:06,17.34,0.02,27,46818,买盘
1079,13:13:01,17.32,-0.01,10,17320,卖盘
1080,13:12:56,17.33,0.01,73,126508,买盘
1081,13:12:51,17.32,--,52,90635,卖盘
1082,13:12:46,17.32,--,200,347785,卖盘
1083,13:12:41,17.32,-0.01,32,55424,卖盘
1084,13:12:36,17.33,0.01,42,72786,买盘
1085,13:12:31,17.32,-0.01,10,17320,卖盘
1086,13:12:26,17.33,--,129,223556,买盘
1087,13:12:21,17.33,0.01,202,350065,买盘
1088,13:12:11,17.32,-0.01,5,8660,卖盘
1089,13:12:06,17.33,--,21,36393,买盘
1090,13:12:01,17.33,0.01,205,355264,买盘
1091,13:11:51,17.32,-0.01,20,34640,卖盘
1092,13:11:45,17.33,--,35,60654,买盘
1093,13:11:36,17.33,0.01,12,20795,买盘
1094,13:11:30,17.32,--,4,6928,卖盘
1095,13:11:21,17.32,--,45,77940,卖盘
1096,13:11:15,17.32,-0.01,40,69280,卖盘
1097,13:11:06,17.33,0.01,167,289411,买盘
1098,13:11:00,17.32,--,150,259800,卖盘
1099,13:10:55,17.32,--,87,151757,卖盘
1100,13:10:51,17.32,--,10,17320,卖盘
1101,13:10:45,17.32,--,0,0,卖盘
1102,13:10:40,17.32,--,3,5196,卖盘
1103,13:10:36,17.32,-0.01,335,580220,卖盘
1104,13:10:30,17.33,--,2,3465,买盘
1105,13:10:20,17.33,0.01,2,3465,中性盘
1106,13:10:15,17.32,-0.02,166,287512,卖盘
1107,13:10:10,17.34,0.02,18,31212,买盘
1108,13:10:05,17.32,--,151,261532,卖盘
1109,13:10:00,17.32,--,42,73454,卖盘
1110,13:09:55,17.32,--,0,0,卖盘
1111,13:09:50,17.32,-0.01,37,65608,卖盘
1112,13:09:45,17.33,--,11,19062,买盘
1113,13:09:40,17.33,-0.01,19,32927,卖盘
1114,13:09:35,17.34,0.02,1,1734,买盘
1115,13:09:20,17.32,--,0,0,卖盘
1116,13:09:15,17.32,-0.03,50,86600,卖盘
1117,13:09:05,17.35,0.02,18,31230,买盘
1118,13:09:00,17.33,0.01,35,60654,买盘
1119,13:08:50,17.32,-0.01,10,18982,卖盘
1120,13:08:40,17.33,--,35,60654,买盘
1121,13:08:35,17.33,0.01,123,213158,卖盘
1122,13:08:15,17.32,-0.03,10,17320,卖盘
1123,13:08:05,17.35,--,11,19085,买盘
1124,13:08:00,17.35,0.02,317,549995,买盘
1125,13:07:55,17.33,--,184,318871,买盘
1126,13:07:50,17.33,0.01,35,60654,买盘
1127,13:07:45,17.32,--,37,64084,卖盘
1128,13:07:40,17.32,-0.01,3,5196,卖盘
1129,13:07:30,17.33,--,41,71053,买盘
1130,13:07:15,17.33,--,7,12130,买盘
1131,13:07:05,17.33,-0.01,109,190058,卖盘
1132,13:07:00,17.34,0.01,37,64158,买盘
1133,13:06:55,17.33,-0.01,57,99110,卖盘
1134,13:06:50,17.34,0.01,23,39882,买盘
1135,13:06:45,17.33,--,22,38368,卖盘
1136,13:06:35,17.33,-0.01,172,298075,卖盘
1137,13:06:20,17.34,--,16,27744,买盘
1138,13:06:10,17.34,0.01,10,17340,买盘
1139,13:06:00,17.33,-0.01,1,1732,卖盘
1140,13:05:54,17.34,0.01,40,69360,买盘
1141,13:05:50,17.33,-0.01,1,1732,卖盘
1142,13:05:45,17.34,--,21,36414,买盘
1143,13:05:29,17.34,--,24,42032,卖盘
1144,13:05:19,17.34,--,81,141771,卖盘
1145,13:05:15,17.34,0.01,64,110976,买盘
1146,13:05:05,17.33,-0.01,24,41591,卖盘
1147,13:04:59,17.34,0.01,5,8670,买盘
1148,13:04:55,17.33,-0.01,57,98780,卖盘
1149,13:04:45,17.34,-0.01,5,8670,卖盘
1150,13:04:29,17.35,0.01,5,8675,买盘
1151,13:04:24,17.34,-0.01,28,48552,卖盘
1152,13:04:14,17.35,0.01,5,8675,买盘
1153,13:04:09,17.34,-0.01,49,84966,卖盘
1154,13:04:04,17.35,--,1,1735,买盘
1155,13:03:59,17.35,--,14,24290,买盘
1156,13:03:24,17.35,--,0,0,买盘
1157,13:03:19,17.35,--,25,43375,买盘
1158,13:03:14,17.35,0.01,50,86750,买盘
1159,13:03:09,17.34,0.02,3,5202,中性盘
1160,13:02:59,17.32,--,7,12124,卖盘
1161,13:02:54,17.32,-0.02,53,93441,卖盘
1162,13:02:39,17.34,0.02,70,121380,买盘
1163,13:02:34,17.32,--,28,48496,卖盘
1164,13:02:14,17.32,-0.02,130,225160,卖盘
1165,13:02:04,17.34,0.01,6,10404,买盘
1166,13:01:59,17.33,0.01,47,81832,买盘
1167,13:01:54,17.32,--,79,136828,卖盘
1168,13:01:44,17.32,--,16,27712,卖盘
1169,13:01:39,17.32,--,257,445124,卖盘
1170,13:01:34,17.32,--,6,10392,卖盘
1171,13:01:14,17.32,--,586,1016129,卖盘
1172,13:01:09,17.32,-0.01,337,583684,卖盘
1173,13:01:04,17.33,--,1,1732,买盘
1174,13:00:54,17.33,0.01,1755,3041414,买盘
1175,13:00:49,17.32,-0.01,187,324299,卖盘
1176,13:00:44,17.33,0.01,43,74518,买盘
1177,13:00:29,17.32,-0.01,34,58888,卖盘
1178,13:00:14,17.33,--,1,1732,买盘
1179,13:00:08,17.33,--,825,1430816,卖盘
1180,13:00:03,17.33,--,75,129974,卖盘
1181,11:30:00,17.33,--,0,0,卖盘
1182,11:29:59,17.33,-0.01,37,64814,卖盘
1183,11:29:59,17.34,--,348,603432,卖盘
1184,11:29:54,17.34,--,2,3468,卖盘
1185,11:29:48,17.34,--,1,1734,卖盘
1186,11:29:33,17.34,-0.01,9,15606,卖盘
1187,11:29:24,17.35,--,100,173500,卖盘
1188,11:29:18,17.35,--,82,142270,买盘
1189,11:28:54,17.35,-0.01,123,213405,中性盘
1190,11:28:48,17.36,0.01,101,176290,买盘
1191,11:28:30,17.35,--,44,76600,买盘
1192,11:28:24,17.35,0.01,10,17350,买盘
1193,11:28:18,17.34,-0.01,18,31212,卖盘
1194,11:28:15,17.35,--,5,8675,买盘
1195,11:28:03,17.35,-0.01,12,22294,卖盘
1196,11:27:59,17.36,--,47,83275,买盘
1197,11:27:54,17.36,--,42,72912,买盘
1198,11:27:48,17.36,--,10,17360,买盘
1199,11:27:44,17.36,0.01,5,8680,买盘
1200,11:27:39,17.35,-0.01,360,624600,卖盘
1201,11:27:29,17.36,0.01,10,17360,买盘
1202,11:27:24,17.35,-0.01,87,150997,卖盘
1203,11:27:18,17.36,--,15,26040,卖盘
1204,11:27:14,17.36,-0.01,55,97163,卖盘
1205,11:27:09,17.37,--,10,17370,买盘
1206,11:27:03,17.37,-0.01,118,205035,卖盘
1207,11:26:54,17.38,0.01,30,52140,买盘
1208,11:26:39,17.37,--,18,32933,买盘
1209,11:26:33,17.37,0.01,3,5211,买盘
1210,11:26:29,17.36,-0.03,19,33053,卖盘
1211,11:26:24,17.39,--,170,297334,买盘
1212,11:26:18,17.39,--,250,434750,买盘
1213,11:26:09,17.39,--,14,24346,买盘
1214,11:26:03,17.39,0.03,904,1572056,买盘
1215,11:25:59,17.36,-0.02,45,78120,卖盘
1216,11:25:54,17.38,--,4,6952,买盘
1217,11:25:48,17.38,--,10,17380,买盘
1218,11:25:44,17.38,--,15,26070,卖盘
1219,11:25:39,17.38,--,20,34760,卖盘
1220,11:25:33,17.38,--,85,147730,卖盘
1221,11:25:24,17.38,-0.01,4,6952,卖盘
1222,11:25:18,17.39,0.01,27,46953,买盘
1223,11:25:09,17.38,-0.01,49,85162,卖盘
1224,11:25:03,17.39,0.01,141,245199,买盘
1225,11:24:59,17.38,--,10,17380,卖盘
1226,11:24:54,17.38,-0.01,4,6952,卖盘
1227,11:24:48,17.39,0.01,219,380841,买盘
1228,11:24:39,17.38,--,3,5214,卖盘
1229,11:24:33,17.38,-0.01,10,17380,卖盘
1230,11:24:29,17.39,0.03,467,812147,买盘
1231,11:24:24,17.36,-0.01,314,545104,卖盘
1232,11:24:18,17.37,--,100,173700,买盘
1233,11:24:09,17.37,-0.01,57,99009,卖盘
1234,11:24:03,17.38,--,25,43450,买盘
1235,11:23:54,17.38,--,68,118184,买盘
1236,11:23:48,17.38,0.01,11,19118,买盘
1237,11:23:44,17.37,-0.01,300,521100,卖盘
1238,11:23:39,17.38,--,8,13904,买盘
1239,11:23:33,17.38,0.01,20,34760,买盘
1240,11:23:24,17.37,--,4,6948,卖盘
1241,11:23:18,17.37,--,14,24318,卖盘
1242,11:23:14,17.37,--,12,20844,卖盘
1243,11:23:09,17.37,--,74,128538,买盘
1244,11:23:03,17.37,0.01,85,147645,买盘
1245,11:22:59,17.36,--,100,175214,卖盘
1246,11:22:54,17.36,--,115,199640,卖盘
1247,11:22:43,17.36,--,17,29512,卖盘
1248,11:22:38,17.36,--,4,6944,卖盘
1249,11:22:33,17.36,--,373,647580,买盘
1250,11:22:24,17.36,--,41,71176,买盘
1251,11:22:18,17.36,--,46,79856,买盘
1252,11:22:12,17.36,0.01,397,689192,买盘
1253,11:22:09,17.35,--,4,6940,卖盘
1254,11:22:03,17.35,--,34,58990,卖盘
1255,11:21:57,17.35,0.01,601,1042995,买盘
1256,11:21:53,17.34,--,38,65892,卖盘
1257,11:21:48,17.34,--,78,135252,卖盘
1258,11:21:42,17.34,0.01,310,537540,买盘
1259,11:21:38,17.33,-0.01,4,6931,卖盘
1260,11:21:33,17.34,0.01,8,13872,买盘
1261,11:21:27,17.33,--,696,1206167,卖盘
1262,11:21:23,17.33,--,4,6931,卖盘
1263,11:21:12,17.33,--,886,1537084,买盘
1264,11:21:08,17.33,0.01,5,8665,买盘
1265,11:21:03,17.32,--,57,98724,卖盘
1266,11:20:57,17.32,--,103,178396,卖盘
1267,11:20:53,17.32,--,92,159344,卖盘
1268,11:20:48,17.32,-0.01,2,3464,卖盘
1269,11:20:38,17.33,0.01,22,38125,买盘
1270,11:20:33,17.32,--,210,363720,卖盘
1271,11:20:23,17.32,-0.01,3,5196,卖盘
1272,11:20:18,17.33,0.01,362,627345,买盘
1273,11:20:08,17.32,--,98,169736,卖盘
1274,11:20:03,17.32,--,3,5196,卖盘
1275,11:19:57,17.32,--,66,114312,卖盘
1276,11:19:53,17.32,-0.01,13,22516,卖盘
1277,11:19:48,17.33,0.01,13,22528,买盘
1278,11:19:42,17.32,--,3,5196,卖盘
1279,11:19:38,17.32,--,4,6928,卖盘
1280,11:19:23,17.32,-0.01,4,6928,卖盘
1281,11:19:18,17.33,0.01,10,17330,买盘
1282,11:19:12,17.32,--,2,3464,卖盘
1283,11:19:08,17.32,--,3,5196,卖盘
1284,11:18:57,17.32,--,5,8660,卖盘
1285,11:18:53,17.32,--,5,8660,卖盘
1286,11:18:48,17.32,--,12,21736,买盘
1287,11:18:42,17.32,--,13,23295,卖盘
1288,11:18:38,17.32,--,3,5196,卖盘
1289,11:18:33,17.32,--,64,110848,卖盘
1290,11:18:23,17.32,--,3,5196,卖盘
1291,11:18:18,17.32,--,5,8660,卖盘
1292,11:18:08,17.32,-0.01,33,57156,卖盘
1293,11:18:03,17.33,0.01,1,1732,买盘
1294,11:17:57,17.32,--,4,6928,卖盘
1295,11:17:53,17.32,--,6,10392,卖盘
1296,11:17:48,17.32,-0.01,43,75290,卖盘
1297,11:17:42,17.33,--,45,77984,买盘
1298,11:17:33,17.33,0.01,10,17330,买盘
1299,11:17:27,17.32,--,4,6928,卖盘
1300,11:17:18,17.32,--,5,8660,卖盘
1301,11:17:12,17.32,--,4,6928,卖盘
1302,11:17:08,17.32,--,85,148051,卖盘
1303,11:16:57,17.32,--,3,5196,卖盘
1304,11:16:41,17.32,--,4,6928,卖盘
1305,11:16:38,17.32,--,149,259107,买盘
1306,11:16:33,17.32,0.01,10,17320,买盘
1307,11:16:27,17.31,--,11,19041,卖盘
1308,11:16:22,17.31,--,22,38082,卖盘
1309,11:16:18,17.31,-0.01,5,8655,卖盘
1310,11:16:12,17.32,--,11,19052,买盘
1311,11:16:03,17.32,--,1,1732,买盘
1312,11:15:57,17.32,--,7,12124,买盘
1313,11:15:52,17.32,0.01,10,17320,买盘
1314,11:15:42,17.31,--,1004,1737923,卖盘
1315,11:15:37,17.31,-0.01,5,8655,卖盘
1316,11:15:33,17.32,0.01,7,12124,买盘
1317,11:15:27,17.31,--,9,15578,卖盘
1318,11:15:23,17.31,0.01,1,1730,买盘
1319,11:15:18,17.3,--,4,6920,卖盘
1320,11:15:12,17.3,--,4,6920,卖盘
1321,11:15:02,17.3,--,5,8650,卖盘
1322,11:14:57,17.3,--,9,15570,卖盘
1323,11:14:47,17.3,--,4,6920,卖盘
1324,11:14:42,17.3,--,65,112484,卖盘
1325,11:14:33,17.3,--,92,160768,卖盘
1326,11:14:27,17.3,-0.01,7,12110,卖盘
1327,11:14:12,17.31,--,14,24234,卖盘
1328,11:14:07,17.31,--,4,6923,卖盘
1329,11:13:57,17.31,--,8,13847,卖盘
1330,11:13:47,17.31,0.01,7,12117,卖盘
1331,11:13:41,17.3,-0.02,4,6920,卖盘
1332,11:13:36,17.32,0.02,15,25980,买盘
1333,11:13:26,17.3,-0.02,10,17300,卖盘
1334,11:13:17,17.32,0.02,54,93528,买盘
1335,11:13:12,17.3,--,4,6920,卖盘
1336,11:13:06,17.3,-0.01,6,10380,卖盘
1337,11:13:02,17.31,0.01,11,19041,买盘
1338,11:12:56,17.3,-0.01,4,6920,卖盘
1339,11:12:47,17.31,--,1,1730,买盘
1340,11:12:41,17.31,--,25,44175,卖盘
1341,11:12:36,17.31,--,15,25964,卖盘
1342,11:12:32,17.31,--,3,5193,卖盘
1343,11:12:27,17.31,-0.01,65,113276,卖盘
1344,11:12:21,17.32,0.01,5,8660,买盘
1345,11:12:17,17.31,--,6,10386,卖盘
1346,11:12:11,17.31,--,3,5193,卖盘
1347,11:12:06,17.31,-0.01,5,8655,卖盘
1348,11:12:02,17.32,0.01,40,69280,买盘
1349,11:11:57,17.31,--,8,13847,卖盘
1350,11:11:50,17.31,--,34,58853,卖盘
1351,11:11:47,17.31,--,6,10386,卖盘
1352,11:11:41,17.31,0.01,39,67578,买盘
1353,11:11:36,17.3,--,5,8650,卖盘
1354,11:11:27,17.3,--,8,13840,卖盘
1355,11:11:17,17.3,-0.01,4,6920,卖盘
1356,11:11:12,17.31,--,45,77895,买盘
1357,11:11:06,17.31,0.01,96,167058,买盘
1358,11:10:57,17.3,--,9,15570,卖盘
1359,11:10:47,17.3,-0.01,4,6920,卖盘
1360,11:10:41,17.31,--,4,6923,买盘
1361,11:10:35,17.31,0.01,12,20772,买盘
1362,11:10:32,17.3,-0.01,1,1730,卖盘
1363,11:10:26,17.31,--,61,105590,买盘
1364,11:10:20,17.31,--,5,8655,买盘
1365,11:10:17,17.31,--,9,15578,买盘
1366,11:10:11,17.31,0.01,14,24234,买盘
1367,11:10:05,17.3,-0.01,4,6920,卖盘
1368,11:09:57,17.31,--,11,19041,买盘
1369,11:09:50,17.31,0.01,2,3461,买盘
1370,11:09:46,17.3,--,5,8650,卖盘
1371,11:09:42,17.3,--,5,8650,卖盘
1372,11:09:35,17.3,--,4,6920,卖盘
1373,11:09:27,17.3,--,36,62280,卖盘
1374,11:09:20,17.3,-0.01,45,78524,卖盘
1375,11:09:16,17.31,0.01,9,15578,买盘
1376,11:09:11,17.3,--,7,12110,卖盘
1377,11:09:06,17.3,--,3,5190,卖盘
1378,11:09:01,17.3,-0.02,100,173000,卖盘
1379,11:08:56,17.32,0.01,61,105652,买盘
1380,11:08:51,17.31,--,4,6923,卖盘
1381,11:08:46,17.31,0.01,24,41544,卖盘
1382,11:08:35,17.3,-0.01,10,17300,卖盘
1383,11:08:26,17.31,0.01,21,36351,买盘
1384,11:08:21,17.3,--,3,5190,卖盘
1385,11:08:16,17.3,-0.01,83,143590,卖盘
1386,11:08:06,17.31,0.01,44,76164,买盘
1387,11:07:56,17.3,--,14,24220,卖盘
1388,11:07:50,17.3,--,119,205870,卖盘
1389,11:07:46,17.3,--,25,43250,卖盘
1390,11:07:41,17.3,--,24,41520,卖盘
1391,11:07:35,17.3,-0.01,101,175698,卖盘
1392,11:07:31,17.31,0.01,9,15578,买盘
1393,11:07:26,17.3,--,6,10380,卖盘
1394,11:07:20,17.3,-0.01,8,13840,卖盘
1395,11:07:16,17.31,0.01,25,43275,买盘
1396,11:07:05,17.3,-0.01,8,13840,卖盘
1397,11:07:01,17.31,-0.01,15,25964,卖盘
1398,11:06:56,17.32,0.02,115,199180,买盘
1399,11:06:50,17.3,--,3,5190,卖盘
1400,11:06:46,17.3,--,23,39790,卖盘
1401,11:06:41,17.3,-0.01,92,159903,卖盘
1402,11:06:35,17.31,--,9,15578,卖盘
1403,11:06:26,17.31,0.01,9,15578,买盘
1404,11:06:20,17.3,--,3,5190,卖盘
1405,11:06:16,17.3,-0.02,13,22490,卖盘
1406,11:06:05,17.32,0.01,19,32908,买盘
1407,11:05:59,17.31,0.01,2,3461,买盘
1408,11:05:56,17.3,-0.01,5,8650,卖盘
1409,11:05:50,17.31,0.01,12,20772,中性盘
1410,11:05:44,17.3,--,6,10380,卖盘
1411,11:05:41,17.3,--,14,24220,卖盘
1412,11:05:35,17.3,--,18,31140,卖盘
1413,11:05:26,17.3,--,5,8650,卖盘
1414,11:05:20,17.3,-0.01,5,8650,卖盘
1415,11:05:14,17.31,--,5,8655,卖盘
1416,11:05:11,17.31,0.01,13,22503,买盘
1417,11:05:05,17.3,--,8,13840,卖盘
1418,11:04:59,17.3,--,95,164419,卖盘
1419,11:04:56,17.3,--,7,12110,卖盘
1420,11:04:50,17.3,--,4,6920,卖盘
1421,11:04:44,17.3,-0.02,4,6920,卖盘
1422,11:04:41,17.32,0.02,36,62352,买盘
1423,11:04:35,17.3,--,24,41520,卖盘
1424,11:04:26,17.3,--,5,8650,卖盘
1425,11:04:20,17.3,--,16,27680,卖盘
1426,11:04:14,17.3,-0.01,9,15570,卖盘
1427,11:04:11,17.31,0.01,23,39813,买盘
1428,11:04:05,17.3,-0.01,7,12110,卖盘
1429,11:03:59,17.31,0.01,29,50198,买盘
1430,11:03:56,17.3,--,5,8650,卖盘
1431,11:03:50,17.3,--,20,34600,卖盘
1432,11:03:35,17.3,-0.01,4,6920,卖盘
1433,11:03:29,17.31,--,27,48260,卖盘
1434,11:03:26,17.31,--,6,10386,卖盘
1435,11:03:20,17.31,--,3,5193,卖盘
1436,11:03:14,17.31,--,18,31157,卖盘
1437,11:03:11,17.31,--,4,6923,卖盘
1438,11:03:05,17.31,-0.01,47,82932,卖盘
1439,11:02:59,17.32,0.01,9,15588,买盘
1440,11:02:55,17.31,--,4,6923,卖盘
1441,11:02:50,17.31,--,4,6923,卖盘
1442,11:02:44,17.31,--,6,10386,卖盘
1443,11:02:35,17.31,-0.01,47,81357,卖盘
1444,11:02:29,17.32,0.01,3,5196,买盘
1445,11:02:25,17.31,--,6,10386,卖盘
1446,11:02:20,17.31,--,4,6923,卖盘
1447,11:02:14,17.31,--,24,41544,卖盘
1448,11:02:05,17.31,-0.01,401,694200,卖盘
1449,11:01:59,17.32,0.01,19,32908,买盘
1450,11:01:55,17.31,--,25,43275,卖盘
1451,11:01:50,17.31,--,3,5193,卖盘
1452,11:01:44,17.31,--,73,127401,卖盘
1453,11:01:35,17.31,-0.01,10,17310,卖盘
1454,11:01:29,17.32,0.01,8,13856,买盘
1455,11:01:25,17.31,--,7,12117,卖盘
1456,11:01:20,17.31,--,8,13847,卖盘
1457,11:01:14,17.31,--,15,25964,卖盘
1458,11:01:05,17.31,--,8,13847,卖盘
1459,11:00:55,17.31,--,4,6923,卖盘
1460,11:00:50,17.31,-0.01,113,195603,卖盘
1461,11:00:44,17.32,0.01,39,67548,买盘
1462,11:00:40,17.31,--,37,65033,卖盘
1463,11:00:35,17.31,--,8,13847,卖盘
1464,11:00:25,17.31,0.01,641,1109571,买盘
1465,11:00:20,17.3,--,34,58820,卖盘
1466,11:00:14,17.3,--,15,25950,卖盘
1467,11:00:05,17.3,--,9,15570,卖盘
1468,10:59:55,17.3,-0.01,18,31140,卖盘
1469,10:59:50,17.31,0.01,5,8655,买盘
1470,10:59:44,17.3,-0.01,5,8650,卖盘
1471,10:59:35,17.31,--,82,141942,买盘
1472,10:59:29,17.31,0.01,49,84819,买盘
1473,10:59:25,17.3,--,5,8650,卖盘
1474,10:59:20,17.3,--,7,12110,卖盘
1475,10:59:14,17.3,-0.01,4,6920,卖盘
1476,10:59:10,17.31,0.01,13,22503,买盘
1477,10:59:05,17.3,-0.01,5,8650,卖盘
1478,10:58:59,17.31,0.01,2,3461,买盘
1479,10:58:55,17.3,--,5,8650,卖盘
1480,10:58:50,17.3,--,4,6920,卖盘
1481,10:58:44,17.3,--,7,12110,卖盘
1482,10:58:40,17.3,--,94,163277,卖盘
1483,10:58:35,17.3,--,15,25950,卖盘
1484,10:58:23,17.3,-0.01,8,13840,卖盘
1485,10:58:14,17.31,0.01,105,181755,买盘
1486,10:58:08,17.3,--,9,15570,卖盘
1487,10:58:05,17.3,--,4,6920,卖盘
1488,10:57:59,17.3,--,15,25950,卖盘
1489,10:57:53,17.3,--,33,57090,卖盘
1490,10:57:44,17.3,--,15,25950,卖盘
1491,10:57:38,17.3,--,4,6920,卖盘
1492,10:57:35,17.3,--,4,6920,卖盘
1493,10:57:29,17.3,--,59,102173,卖盘
1494,10:57:23,17.3,--,26,44980,卖盘
1495,10:57:20,17.3,--,35,60550,卖盘
1496,10:57:14,17.3,--,6,10380,卖盘
1497,10:57:08,17.3,--,23,39790,卖盘
1498,10:57:05,17.3,--,4,6920,卖盘
1499,10:56:53,17.3,--,9,15570,卖盘
1500,10:56:44,17.3,--,4,6920,卖盘
1501,10:56:38,17.3,--,4,6920,卖盘
1502,10:56:35,17.3,-0.01,6,10380,卖盘
1503,10:56:23,17.31,--,101,176371,中性盘
1504,10:56:20,17.31,--,36,62315,卖盘
1505,10:56:14,17.31,-0.01,67,115976,卖盘
1506,10:56:08,17.32,0.01,11,19052,买盘
1507,10:56:04,17.31,--,4,6923,卖盘
1508,10:55:59,17.31,0.01,1,1730,中性盘
1509,10:55:53,17.3,-0.01,8,13840,卖盘
1510,10:55:49,17.31,0.01,10,17310,买盘
1511,10:55:44,17.3,--,24,41520,卖盘
1512,10:55:38,17.3,-0.02,4,6920,卖盘
1513,10:55:34,17.32,0.01,61,105652,买盘
1514,10:55:23,17.31,--,9,15578,卖盘
1515,10:55:19,17.31,--,10,17310,卖盘
1516,10:55:14,17.31,0.01,6,10386,卖盘
1517,10:55:08,17.3,--,6,10380,卖盘
1518,10:55:04,17.3,-0.01,59,102070,卖盘
1519,10:54:59,17.31,0.01,2,3461,买盘
1520,10:54:53,17.3,--,9,15570,卖盘
1521,10:54:44,17.3,--,48,83040,卖盘
1522,10:54:38,17.3,-0.01,4,6920,卖盘
1523,10:54:34,17.31,--,6,10386,买盘
1524,10:54:29,17.31,--,33,57122,卖盘
1525,10:54:23,17.31,--,7,12117,卖盘
1526,10:54:14,17.31,--,41,70971,卖盘
1527,10:54:08,17.31,--,6,12030,买盘
1528,10:54:04,17.31,--,2,3548,卖盘
1529,10:53:59,17.31,--,2,5106,买盘
1530,10:53:53,17.31,-0.01,86,148952,卖盘
1531,10:53:49,17.32,0.01,3,5196,买盘
1532,10:53:44,17.31,--,4,6923,卖盘
1533,10:53:38,17.31,--,3,5193,卖盘
1534,10:53:34,17.31,--,56,96936,卖盘
1535,10:53:23,17.31,--,9,15578,卖盘
1536,10:53:19,17.31,--,200,346200,卖盘
1537,10:53:14,17.31,--,8,13847,卖盘
1538,10:53:08,17.31,--,82,143586,卖盘
1539,10:53:04,17.31,-0.01,6,10386,卖盘
1540,10:52:59,17.32,0.01,20,34640,买盘
1541,10:52:53,17.31,--,8,13847,卖盘
1542,10:52:49,17.31,--,10,17310,卖盘
1543,10:52:44,17.31,0.01,321,555651,买盘
1544,10:52:38,17.3,--,103,178190,卖盘
1545,10:52:34,17.3,-0.01,22,38060,卖盘
1546,10:52:29,17.31,0.01,159,275229,买盘
1547,10:52:23,17.3,--,9,15570,卖盘
1548,10:52:14,17.3,--,4,6920,卖盘
1549,10:52:08,17.3,-0.01,13,22490,卖盘
1550,10:52:04,17.31,--,41,70971,买盘
1551,10:51:59,17.31,0.01,12,20772,买盘
1552,10:51:53,17.3,--,16,27680,卖盘
1553,10:51:44,17.3,-0.01,8,13840,卖盘
1554,10:51:38,17.31,0.01,4,6923,中性盘
1555,10:51:34,17.3,--,5,8650,卖盘
1556,10:51:23,17.3,-0.01,8,13840,卖盘
1557,10:51:19,17.31,--,1,1730,买盘
1558,10:51:14,17.31,0.01,9,15578,买盘
1559,10:51:08,17.3,-0.02,4,6920,卖盘
1560,10:51:04,17.32,0.01,414,717740,买盘
1561,10:50:53,17.31,--,20,34620,卖盘
1562,10:50:44,17.31,--,5,8655,卖盘
1563,10:50:38,17.31,--,4,6923,卖盘
1564,10:50:32,17.31,--,45,78933,卖盘
1565,10:50:29,17.31,--,13,22503,卖盘
1566,10:50:23,17.31,-0.01,9,15578,卖盘
1567,10:50:14,17.32,0.01,6,10392,买盘
1568,10:50:08,17.31,--,3,5193,卖盘
1569,10:50:02,17.31,-0.01,14,24234,卖盘
1570,10:49:59,17.32,0.01,1,1732,买盘
1571,10:49:53,17.31,--,109,189284,卖盘
1572,10:49:44,17.31,--,4,6923,卖盘
1573,10:49:38,17.31,--,6,10386,卖盘
1574,10:49:32,17.31,--,5,8655,卖盘
1575,10:49:29,17.31,--,3,5193,卖盘
1576,10:49:23,17.31,-0.01,5,8655,卖盘
1577,10:49:17,17.32,0.01,2,3464,买盘
1578,10:49:14,17.31,-0.01,8,13847,卖盘
1579,10:49:08,17.32,0.01,3,5196,买盘
1580,10:49:02,17.31,--,44,76164,卖盘
1581,10:48:59,17.31,--,375,649125,卖盘
1582,10:48:53,17.31,--,43,74433,卖盘
1583,10:48:43,17.31,-0.01,24,41544,卖盘
1584,10:48:38,17.32,--,5,8660,买盘
1585,10:48:32,17.32,0.01,39,67548,买盘
1586,10:48:23,17.31,--,4,6923,卖盘
1587,10:48:17,17.31,--,3,5193,卖盘
1588,10:48:13,17.31,-0.01,6,10386,卖盘
1589,10:48:08,17.32,0.01,10,17320,买盘
1590,10:48:02,17.31,--,39,67509,卖盘
1591,10:47:53,17.31,--,5,8655,卖盘
1592,10:47:47,17.31,--,3,5193,卖盘
1593,10:47:43,17.31,--,5,8655,卖盘
1594,10:47:32,17.31,--,8,13847,卖盘
1595,10:47:28,17.31,--,4,6923,卖盘
1596,10:47:23,17.31,-0.01,46,79816,卖盘
1597,10:47:17,17.32,--,56,96992,买盘
1598,10:47:13,17.32,--,11,19052,买盘
1599,10:47:08,17.32,0.01,20,34640,买盘
1600,10:47:02,17.31,--,31,53660,卖盘
1601,10:46:53,17.31,--,8,13847,卖盘
1602,10:46:47,17.31,--,94,164168,卖盘
1603,10:46:43,17.31,--,35,60584,卖盘
1604,10:46:38,17.31,-0.01,4,6923,卖盘
1605,10:46:32,17.32,--,21,36372,买盘
1606,10:46:28,17.32,0.01,2,3464,买盘
1607,10:46:23,17.31,--,163,282153,卖盘
1608,10:46:17,17.31,--,5,8655,卖盘
1609,10:46:13,17.31,--,5,8655,卖盘
1610,10:46:08,17.31,-0.01,8,13847,卖盘
1611,10:46:02,17.32,0.01,36,62352,买盘
1612,10:45:58,17.31,--,20,34620,卖盘
1613,10:45:53,17.31,-0.01,50,86550,卖盘
1614,10:45:47,17.32,0.01,20,34640,买盘
1615,10:45:43,17.31,--,5,8655,卖盘
1616,10:45:38,17.31,--,18,31157,卖盘
1617,10:45:32,17.31,--,6,10386,卖盘
1618,10:45:28,17.31,--,4,6923,卖盘
1619,10:45:23,17.31,--,5,8655,卖盘
1620,10:45:13,17.31,--,13,22503,卖盘
1621,10:45:02,17.31,--,5,8655,卖盘
1622,10:44:58,17.31,--,4,6923,卖盘
1623,10:44:53,17.31,--,48,83139,卖盘
1624,10:44:43,17.31,-0.01,8,13847,卖盘
1625,10:44:38,17.32,--,51,88332,买盘
1626,10:44:32,17.32,0.01,60,103920,买盘
1627,10:44:28,17.31,--,4,6923,卖盘
1628,10:44:23,17.31,--,7,12117,卖盘
1629,10:44:17,17.31,-0.01,4,6923,卖盘
1630,10:44:13,17.32,--,13,22516,买盘
1631,10:44:08,17.32,0.01,16,28439,买盘
1632,10:44:02,17.31,-0.01,25,43275,卖盘
1633,10:43:58,17.32,0.01,6,10392,买盘
1634,10:43:53,17.31,-0.01,4,6923,卖盘
1635,10:43:47,17.32,0.01,7,12124,买盘
1636,10:43:43,17.31,--,5,8655,卖盘
1637,10:43:38,17.31,-0.01,84,146996,卖盘
1638,10:43:32,17.32,0.01,104,180128,买盘
1639,10:43:23,17.31,-0.01,3,5193,卖盘
1640,10:43:17,17.32,0.01,110,190520,买盘
1641,10:43:08,17.31,-0.01,7,12117,卖盘
1642,10:43:02,17.32,0.01,97,168004,买盘
1643,10:42:58,17.31,-0.01,4,6923,卖盘
1644,10:42:53,17.32,--,10,17320,买盘
1645,10:42:47,17.32,--,10,17320,买盘
1646,10:42:43,17.32,0.01,91,157612,买盘
1647,10:42:38,17.31,--,7,12117,卖盘
1648,10:42:32,17.31,--,1,1730,卖盘
1649,10:42:28,17.31,-0.01,4,6923,卖盘
1650,10:42:17,17.32,--,59,102188,买盘
1651,10:42:11,17.32,0.01,6,10392,买盘
1652,10:41:56,17.31,--,3,5193,卖盘
1653,10:41:53,17.31,-0.01,50,87675,卖盘
1654,10:41:41,17.32,0.01,49,84868,买盘
1655,10:41:26,17.31,-0.01,3,5193,卖盘
1656,10:41:17,17.32,0.01,3,5196,买盘
1657,10:41:11,17.31,-0.01,4,6923,卖盘
1658,10:41:02,17.32,0.01,44,76208,买盘
1659,10:40:56,17.31,-0.01,82,142461,卖盘
1660,10:40:47,17.32,0.01,11,19052,买盘
1661,10:40:41,17.31,-0.01,74,128093,卖盘
1662,10:40:32,17.32,0.01,7,12124,买盘
1663,10:40:26,17.31,-0.02,126,218105,卖盘
1664,10:40:17,17.33,--,14,24261,买盘
1665,10:40:11,17.33,0.01,31,53722,买盘
1666,10:39:56,17.32,--,19,32908,卖盘
1667,10:39:47,17.32,--,12,20784,卖盘
1668,10:39:41,17.32,0.02,88,152416,买盘
1669,10:39:26,17.3,-0.02,4,6920,卖盘
1670,10:39:22,17.32,--,9,15588,买盘
1671,10:39:17,17.32,0.02,100,173200,买盘
1672,10:39:11,17.3,--,3,5190,卖盘
1673,10:39:02,17.3,--,5,8650,卖盘
1674,10:38:52,17.3,--,50,88005,卖盘
1675,10:38:47,17.3,--,0,0,卖盘
1676,10:38:41,17.3,--,4,6920,卖盘
1677,10:38:37,17.3,--,3,5190,卖盘
1678,10:38:26,17.3,--,4,6920,卖盘
1679,10:38:11,17.3,--,4,6920,卖盘
1680,10:38:02,17.3,-0.01,93,161028,卖盘
1681,10:37:56,17.31,--,4,6923,卖盘
1682,10:37:47,17.31,0.01,8,13847,买盘
1683,10:37:41,17.3,--,3,5190,卖盘
1684,10:37:32,17.3,-0.02,18,31140,卖盘
1685,10:37:26,17.32,0.01,11,19052,买盘
1686,10:37:11,17.31,--,4,6923,卖盘
1687,10:37:02,17.31,0.01,12,20772,中性盘
1688,10:36:56,17.3,-0.01,5,8650,卖盘
1689,10:36:41,17.31,--,2,3461,卖盘
1690,10:36:26,17.31,-0.01,3,5193,卖盘
1691,10:36:22,17.32,--,0,0,买盘
1692,10:36:17,17.32,0.02,14,24248,买盘
1693,10:36:11,17.3,--,4,6920,卖盘
1694,10:36:02,17.3,--,10,17300,卖盘
1695,10:35:56,17.3,-0.02,40,70307,卖盘
1696,10:35:47,17.32,--,53,91796,买盘
1697,10:35:32,17.32,0.02,11,19052,买盘
1698,10:35:26,17.3,--,290,503343,买盘
1699,10:35:22,17.3,0.01,22,38060,买盘
1700,10:35:17,17.29,--,35,60515,卖盘
1701,10:35:11,17.29,-0.01,78,134862,卖盘
1702,10:35:02,17.3,--,13,22490,买盘
1703,10:34:56,17.3,0.01,23,39790,买盘
1704,10:34:52,17.29,-0.03,257,445960,卖盘
1705,10:34:47,17.32,0.01,24,41568,买盘
1706,10:34:41,17.31,0.01,34,58975,买盘
1707,10:34:37,17.3,--,54,93420,卖盘
1708,10:34:32,17.3,-0.01,503,870190,卖盘
1709,10:34:26,17.31,0.01,2,3461,买盘
1710,10:34:22,17.3,-0.02,62,108868,卖盘
1711,10:34:17,17.32,0.01,1,1732,买盘
1712,10:34:11,17.31,--,124,214643,卖盘
1713,10:33:56,17.31,-0.01,504,872423,卖盘
1714,10:33:50,17.32,0.01,150,259800,买盘
1715,10:33:46,17.31,0.01,350,605971,买盘
1716,10:33:41,17.3,-0.01,3,5190,卖盘
1717,10:33:35,17.31,0.01,6,10386,买盘
1718,10:33:31,17.3,--,10,17300,卖盘
1719,10:33:26,17.3,-0.01,4,6920,卖盘
1720,10:33:21,17.31,0.01,10,17310,买盘
1721,10:33:16,17.3,-0.01,8,13840,卖盘
1722,10:33:11,17.31,0.01,59,102128,买盘
1723,10:33:05,17.3,--,17,29410,卖盘
1724,10:32:56,17.3,-0.01,4,6920,卖盘
1725,10:32:50,17.31,0.02,9,15578,买盘
1726,10:32:41,17.29,-0.01,12,20748,卖盘
1727,10:32:26,17.3,0.01,7,12110,中性盘
1728,10:32:20,17.29,-0.02,40,70214,卖盘
1729,10:32:16,17.31,0.01,11,19041,买盘
1730,10:32:11,17.3,0.01,5,8650,中性盘
1731,10:32:01,17.29,-0.02,4,6916,卖盘
1732,10:31:56,17.31,0.01,234,405469,买盘
1733,10:31:50,17.3,-0.01,178,309081,卖盘
1734,10:31:46,17.31,0.01,512,886271,买盘
1735,10:31:41,17.3,-0.01,3,5190,卖盘
1736,10:31:35,17.31,0.01,51,88281,买盘
1737,10:31:26,17.3,--,8,13840,卖盘
1738,10:31:16,17.3,-0.01,88,152828,卖盘
1739,10:31:11,17.31,-0.01,384,666313,卖盘
1740,10:31:05,17.32,0.01,12,20784,买盘
1741,10:30:56,17.31,--,16,27695,卖盘
1742,10:30:41,17.31,0.01,818,1416079,买盘
1743,10:30:30,17.3,0.01,1,1730,买盘
1744,10:30:26,17.29,-0.01,13,22477,卖盘
1745,10:30:20,17.3,--,2,3460,买盘
1746,10:30:16,17.3,0.01,268,464920,买盘
1747,10:30:11,17.29,--,588,1017049,卖盘
1748,10:30:05,17.29,-0.01,2,3458,卖盘
1749,10:30:01,17.3,0.01,2,3460,买盘
1750,10:29:56,17.29,--,4,6916,卖盘
1751,10:29:50,17.29,--,32,55328,卖盘
1752,10:29:41,17.29,-0.01,14,24206,卖盘
1753,10:29:35,17.3,0.01,17,29410,买盘
1754,10:29:26,17.29,--,62,108702,卖盘
1755,10:29:20,17.29,--,3,5187,卖盘
1756,10:29:16,17.29,--,230,397670,卖盘
1757,10:29:11,17.29,-0.01,235,406315,卖盘
1758,10:29:05,17.3,0.01,77,133210,买盘
1759,10:28:56,17.29,-0.01,16,27664,卖盘
1760,10:28:50,17.3,-0.01,300,519588,卖盘
1761,10:28:46,17.31,0.01,2,3461,买盘
1762,10:28:41,17.3,--,4,6920,卖盘
1763,10:28:35,17.3,--,19,32870,卖盘
1764,10:28:31,17.3,-0.01,39,67470,卖盘
1765,10:28:26,17.31,--,25,43275,买盘
1766,10:28:20,17.31,0.01,487,842996,买盘
1767,10:28:11,17.3,--,13,22490,卖盘
1768,10:28:05,17.3,--,10,17300,卖盘
1769,10:28:00,17.3,-0.01,4,6920,卖盘
1770,10:27:56,17.31,0.01,24,41544,买盘
1771,10:27:50,17.3,--,5,8650,卖盘
1772,10:27:45,17.3,--,143,248531,买盘
1773,10:27:41,17.3,0.01,50,86500,买盘
1774,10:27:35,17.29,--,5,8645,卖盘
1775,10:27:31,17.29,-0.01,32,55328,卖盘
1776,10:27:26,17.3,0.01,31,53630,买盘
1777,10:27:20,17.29,--,7,12103,卖盘
1778,10:27:11,17.29,--,47,81263,卖盘
1779,10:26:56,17.29,-0.01,14,24206,卖盘
1780,10:26:50,17.3,0.01,96,166080,买盘
1781,10:26:41,17.29,-0.01,3,5187,卖盘
1782,10:26:35,17.3,0.01,12,20760,买盘
1783,10:26:25,17.29,-0.01,6,10374,卖盘
1784,10:26:20,17.3,--,22,38060,买盘
1785,10:26:15,17.3,--,344,596590,买盘
1786,10:26:11,17.3,--,44,76120,买盘
1787,10:26:05,17.3,--,48,83628,卖盘
1788,10:26:00,17.3,--,35,61691,买盘
1789,10:25:55,17.3,0.01,57,98610,买盘
1790,10:25:50,17.29,-0.01,34,58786,卖盘
1791,10:25:45,17.3,--,13,22490,买盘
1792,10:25:40,17.3,0.01,27,46710,买盘
1793,10:25:35,17.29,--,6,10374,卖盘
1794,10:25:30,17.29,-0.01,94,162958,卖盘
1795,10:25:25,17.3,--,72,124560,买盘
1796,10:25:20,17.3,0.01,495,856350,买盘
1797,10:25:15,17.29,-0.01,59,102011,卖盘
1798,10:25:05,17.3,--,226,390980,买盘
1799,10:25:00,17.3,--,10,17300,买盘
1800,10:24:55,17.3,0.01,10,17300,买盘
1801,10:24:50,17.29,-0.01,8,14696,卖盘
1802,10:24:44,17.3,0.01,1,1730,买盘
1803,10:24:35,17.29,-0.01,3,5187,卖盘
1804,10:24:25,17.3,0.01,90,155700,买盘
1805,10:24:20,17.29,-0.01,22,38038,卖盘
1806,10:24:14,17.3,0.01,31,53630,买盘
1807,10:24:05,17.29,-0.01,4,6916,卖盘
1808,10:23:59,17.3,--,93,160890,买盘
1809,10:23:55,17.3,0.01,17,29410,买盘
1810,10:23:50,17.29,--,3,5187,卖盘
1811,10:23:44,17.29,-0.01,4,6916,卖盘
1812,10:23:40,17.3,0.01,2,3460,买盘
1813,10:23:35,17.29,--,30,51870,卖盘
1814,10:23:25,17.29,-0.01,5,8645,卖盘
1815,10:23:20,17.3,0.01,64,110720,买盘
1816,10:23:14,17.29,-0.01,51,88196,卖盘
1817,10:23:10,17.3,--,20,34600,买盘
1818,10:23:05,17.3,0.01,39,67470,买盘
1819,10:22:59,17.29,-0.01,1,1729,卖盘
1820,10:22:54,17.3,--,20,34600,买盘
1821,10:22:50,17.3,--,87,152136,买盘
1822,10:22:44,17.3,--,22,38060,买盘
1823,10:22:39,17.3,--,169,293200,卖盘
1824,10:22:35,17.3,-0.01,18,31140,卖盘
1825,10:22:24,17.31,0.01,13,22503,买盘
1826,10:22:20,17.3,--,4,6920,卖盘
1827,10:22:14,17.3,--,7,12110,卖盘
1828,10:22:05,17.3,--,12,21659,卖盘
1829,10:21:50,17.3,-0.01,3,5190,卖盘
1830,10:21:44,17.31,0.01,2,3461,买盘
1831,10:21:39,17.3,--,10,17300,卖盘
1832,10:21:35,17.3,-0.01,37,64010,卖盘
1833,10:21:29,17.31,0.01,16,27695,买盘
1834,10:21:24,17.3,0.01,22,38060,买盘
1835,10:21:20,17.29,-0.02,14,24206,卖盘
1836,10:21:14,17.31,--,0,0,买盘
1837,10:21:09,17.31,0.02,155,268305,买盘
1838,10:21:05,17.29,--,34,58786,卖盘
1839,10:20:59,17.29,--,3,5187,卖盘
1840,10:20:54,17.29,--,2,3458,卖盘
1841,10:20:50,17.29,--,104,179816,卖盘
1842,10:20:44,17.29,--,60,103740,卖盘
1843,10:20:35,17.29,-0.01,113,195377,卖盘
1844,10:20:29,17.3,0.01,12,20760,买盘
1845,10:20:24,17.29,-0.01,2,3458,卖盘
1846,10:20:20,17.3,0.01,23,39790,买盘
1847,10:20:14,17.29,-0.01,8,13832,卖盘
1848,10:20:05,17.3,0.01,55,95669,买盘
1849,10:19:59,17.29,--,28,48412,卖盘
1850,10:19:54,17.29,--,5,8645,卖盘
1851,10:19:50,17.29,-0.01,22,38038,卖盘
1852,10:19:44,17.3,--,9,15570,买盘
1853,10:19:39,17.3,--,60,103800,买盘
1854,10:19:35,17.3,-0.01,132,229968,卖盘
1855,10:19:29,17.31,0.01,51,88281,买盘
1856,10:19:20,17.3,-0.01,49,84770,卖盘
1857,10:19:14,17.31,--,1139,1971608,卖盘
1858,10:19:09,17.31,--,87,151722,卖盘
1859,10:19:05,17.31,-0.01,14,24234,卖盘
1860,10:18:59,17.32,0.01,22,38104,买盘
1861,10:18:50,17.31,--,13,22503,卖盘
1862,10:18:44,17.31,-0.01,102,178085,卖盘
1863,10:18:39,17.32,0.01,40,69280,买盘
1864,10:18:35,17.31,-0.01,4,6923,卖盘
1865,10:18:29,17.32,0.01,2,3464,买盘
1866,10:18:20,17.31,-0.01,14,24234,卖盘
1867,10:18:14,17.32,0.01,32,55424,买盘
1868,10:18:09,17.31,--,6,10386,卖盘
1869,10:18:04,17.31,-0.01,54,93474,卖盘
1870,10:17:59,17.32,0.01,10,17320,买盘
1871,10:17:54,17.31,-0.01,27,48450,卖盘
1872,10:17:49,17.32,--,10,17320,买盘
1873,10:17:44,17.32,0.01,7,12124,买盘
1874,10:17:39,17.31,-0.01,80,138480,卖盘
1875,10:17:34,17.32,0.01,2,3464,买盘
1876,10:17:29,17.31,-0.01,308,533148,卖盘
1877,10:17:24,17.32,--,94,162825,买盘
1878,10:17:19,17.32,--,5,8660,买盘
1879,10:17:14,17.32,0.01,13,22516,买盘
1880,10:17:09,17.31,-0.01,6,10386,卖盘
1881,10:16:59,17.32,--,11,19052,买盘
1882,10:16:54,17.32,--,64,110848,买盘
1883,10:16:49,17.32,-0.01,30,51960,中性盘
1884,10:16:44,17.33,0.01,187,324070,买盘
1885,10:16:38,17.32,--,24,41568,卖盘
1886,10:16:34,17.32,0.01,6,10392,中性盘
1887,10:16:29,17.31,-0.01,293,507182,卖盘
1888,10:16:23,17.32,0.01,419,725708,买盘
1889,10:16:19,17.31,--,54,93474,卖盘
1890,10:16:14,17.31,--,71,122900,卖盘
1891,10:16:08,17.31,--,258,448225,卖盘
1892,10:16:04,17.31,-0.01,16,27695,卖盘
1893,10:15:59,17.32,--,183,316956,买盘
1894,10:15:53,17.32,--,76,131632,买盘
1895,10:15:44,17.32,0.01,5,8660,买盘
1896,10:15:38,17.31,-0.01,16,27695,卖盘
1897,10:15:29,17.32,--,1,1732,买盘
1898,10:15:23,17.32,--,43,74476,买盘
1899,10:15:19,17.32,0.01,11,19052,买盘
1900,10:15:14,17.31,-0.01,9,15578,卖盘
1901,10:15:08,17.32,--,46,79672,买盘
1902,10:15:03,17.32,--,14,24248,买盘
1903,10:14:59,17.32,0.01,43,74476,买盘
1904,10:14:53,17.31,--,32,55391,卖盘
1905,10:14:44,17.31,--,45,78345,卖盘
1906,10:14:38,17.31,--,30,51929,卖盘
1907,10:14:33,17.31,-0.01,12,20772,卖盘
1908,10:14:29,17.32,0.01,64,110848,买盘
1909,10:14:23,17.31,--,14,24234,卖盘
1910,10:14:18,17.31,--,9,15578,卖盘
1911,10:14:14,17.31,--,15,25964,卖盘
1912,10:14:08,17.31,-0.01,3,5193,卖盘
1913,10:14:03,17.32,0.01,11,19052,买盘
1914,10:13:59,17.31,-0.01,90,155790,卖盘
1915,10:13:53,17.32,0.01,139,241960,买盘
1916,10:13:44,17.31,--,134,231953,卖盘
1917,10:13:38,17.31,-0.01,25,43275,卖盘
1918,10:13:33,17.32,0.01,13,22516,买盘
1919,10:13:29,17.31,--,3,5193,卖盘
1920,10:13:23,17.31,--,16,27695,卖盘
1921,10:13:14,17.31,--,110,190410,卖盘
1922,10:13:08,17.31,--,228,395775,卖盘
1923,10:13:03,17.31,--,25,43275,卖盘
1924,10:12:59,17.31,--,68,117707,卖盘
1925,10:12:53,17.31,--,169,292539,买盘
1926,10:12:48,17.31,0.01,10,17310,买盘
1927,10:12:43,17.3,-0.01,23,39790,卖盘
1928,10:12:33,17.31,0.01,70,121169,买盘
1929,10:12:29,17.3,--,70,121100,卖盘
1930,10:12:23,17.3,-0.01,5,8650,卖盘
1931,10:12:18,17.31,-0.01,10,17310,买盘
1932,10:12:13,17.32,0.02,13,22516,买盘
1933,10:12:08,17.3,--,100,173000,卖盘
1934,10:12:03,17.3,-0.01,80,138400,卖盘
1935,10:11:58,17.31,-0.01,40,69240,卖盘
1936,10:11:53,17.32,0.01,53,91796,买盘
1937,10:11:48,17.31,--,40,69240,卖盘
1938,10:11:43,17.31,-0.01,62,107321,卖盘
1939,10:11:38,17.32,0.01,17,29444,中性盘
1940,10:11:33,17.31,-0.01,360,623160,卖盘
1941,10:11:28,17.32,--,79,136828,买盘
1942,10:11:23,17.32,--,286,495352,卖盘
1943,10:11:18,17.32,--,16,27712,卖盘
1944,10:11:13,17.32,--,25,43300,卖盘
1945,10:11:08,17.32,-0.01,106,183938,卖盘
1946,10:11:03,17.33,--,50,86649,卖盘
1947,10:10:58,17.33,--,51,88382,卖盘
1948,10:10:48,17.33,--,14,24261,卖盘
1949,10:10:43,17.33,--,0,0,卖盘
1950,10:10:38,17.33,--,50,86649,卖盘
1951,10:10:33,17.33,-0.03,100,174686,卖盘
1952,10:10:28,17.36,--,38,65968,买盘
1953,10:10:08,17.36,--,19,32984,买盘
1954,10:10:03,17.36,0.01,76,131936,买盘
1955,10:09:58,17.35,-0.01,54,93690,卖盘
1956,10:09:53,17.36,-0.01,16,27776,卖盘
1957,10:09:43,17.37,--,6,10422,买盘
1958,10:09:33,17.37,--,3,5211,买盘
1959,10:09:28,17.37,--,40,69480,买盘
1960,10:09:23,17.37,--,59,102483,买盘
1961,10:09:17,17.37,--,106,184122,买盘
1962,10:09:13,17.37,0.01,4,6948,买盘
1963,10:09:08,17.36,-0.01,52,90272,卖盘
1964,10:09:02,17.37,--,4,6948,买盘
1965,10:08:53,17.37,--,27,46899,买盘
1966,10:08:43,17.37,0.01,60,104220,买盘
1967,10:08:38,17.36,-0.01,7,12152,卖盘
1968,10:08:32,17.37,--,40,69480,买盘
1969,10:08:23,17.37,--,74,128538,买盘
1970,10:08:13,17.37,0.01,100,173700,买盘
1971,10:08:08,17.36,--,74,128464,卖盘
1972,10:08:02,17.36,--,2,3472,卖盘
1973,10:07:58,17.36,0.01,64,111104,中性盘
1974,10:07:53,17.35,--,57,99970,卖盘
1975,10:07:47,17.35,--,1,1735,卖盘
1976,10:07:43,17.35,--,3,5205,卖盘
1977,10:07:38,17.35,--,2,3470,卖盘
1978,10:07:17,17.35,-0.01,34,58990,卖盘
1979,10:07:12,17.36,--,14,24304,买盘
1980,10:07:08,17.36,0.01,100,174172,买盘
1981,10:07:02,17.35,-0.01,39,67665,卖盘
1982,10:06:57,17.36,--,1,1736,买盘
1983,10:06:53,17.36,-0.01,28,48608,买盘
1984,10:06:47,17.37,0.01,50,86850,买盘
1985,10:06:42,17.36,--,6,10416,买盘
1986,10:06:38,17.36,--,93,161500,卖盘
1987,10:06:32,17.36,--,40,69440,卖盘
1988,10:06:23,17.36,-0.01,106,184016,卖盘
1989,10:06:17,17.37,0.01,17,29529,买盘
1990,10:06:02,17.36,--,9,15624,卖盘
1991,10:05:57,17.36,-0.01,10,17360,卖盘
1992,10:05:53,17.37,--,12,20844,买盘
1993,10:05:32,17.37,--,87,151883,卖盘
1994,10:05:27,17.37,--,40,70452,卖盘
1995,10:05:17,17.37,--,5,8685,卖盘
1996,10:05:08,17.37,--,9,15633,卖盘
1997,10:05:02,17.37,-0.01,9,15633,卖盘
1998,10:04:52,17.38,0.01,61,106018,买盘
1999,10:04:47,17.37,--,21,36477,买盘
2000,10:04:42,17.37,--,20,34740,卖盘
2001,10:04:37,17.37,--,45,78165,卖盘
2002,10:04:32,17.37,--,6,10422,买盘
2003,10:04:27,17.37,--,10,17370,买盘
2004,10:04:17,17.37,--,97,169166,卖盘
2005,10:04:12,17.37,--,3,5211,卖盘
2006,10:04:07,17.37,--,156,271006,买盘
2007,10:03:57,17.37,0.01,8,13896,买盘
2008,10:03:47,17.36,-0.01,12,20832,卖盘
2009,10:03:42,17.37,0.01,1,1737,买盘
2010,10:03:37,17.36,--,0,0,卖盘
2011,10:03:32,17.36,--,53,92980,卖盘
2012,10:03:27,17.36,0.01,10,17360,卖盘
2013,10:03:22,17.35,-0.01,131,228065,卖盘
2014,10:03:17,17.36,-0.01,1,2690,卖盘
2015,10:03:12,17.37,0.01,10,17370,买盘
2016,10:03:02,17.36,--,30,52861,买盘
2017,10:02:47,17.36,0.01,10,17360,买盘
2018,10:02:42,17.35,-0.02,57,99346,卖盘
2019,10:02:37,17.37,--,9,15633,买盘
2020,10:02:32,17.37,0.01,103,178911,买盘
2021,10:02:22,17.36,--,131,228179,卖盘
2022,10:02:17,17.36,--,3,5208,卖盘
2023,10:02:07,17.36,--,80,138880,卖盘
2024,10:02:02,17.36,-0.01,30,52080,卖盘
2025,10:01:57,17.37,0.01,20,35712,买盘
2026,10:01:52,17.36,-0.01,102,177072,卖盘
2027,10:01:42,17.37,0.01,13,22581,买盘
2028,10:01:37,17.36,-0.01,20,34720,卖盘
2029,10:01:27,17.37,--,18,31266,买盘
2030,10:01:22,17.37,--,1,1737,买盘
2031,10:01:17,17.37,-0.02,36,62757,卖盘
2032,10:01:12,17.39,0.01,168,292152,买盘
2033,10:01:02,17.38,--,6,10428,卖盘
2034,10:00:56,17.38,--,13,22594,卖盘
2035,10:00:52,17.38,0.01,29,50402,买盘
2036,10:00:47,17.37,-0.01,127,220599,卖盘
2037,10:00:37,17.38,--,5,8690,买盘
2038,10:00:32,17.38,--,20,34760,买盘
2039,10:00:22,17.38,--,24,41712,买盘
2040,10:00:17,17.38,0.01,27,46926,中性盘
2041,10:00:11,17.37,-0.01,13,22581,卖盘
2042,10:00:02,17.38,0.01,12,21777,买盘
2043,09:59:56,17.37,-0.01,12,21660,卖盘
2044,09:59:52,17.38,0.01,50,87821,买盘
2045,09:59:47,17.37,-0.01,66,114642,卖盘
2046,09:59:41,17.38,0.01,92,159896,买盘
2047,09:59:37,17.37,-0.01,28,48636,卖盘
2048,09:59:32,17.38,--,28,48664,买盘
2049,09:59:26,17.38,0.01,25,43450,买盘
2050,09:59:21,17.37,-0.01,6,10422,卖盘
2051,09:59:17,17.38,0.01,19,33022,买盘
2052,09:59:11,17.37,--,30,52110,卖盘
2053,09:59:06,17.37,-0.01,53,92651,卖盘
2054,09:58:51,17.38,--,2,3476,买盘
2055,09:58:47,17.38,--,47,81686,买盘
2056,09:58:41,17.38,--,176,306027,卖盘
2057,09:58:36,17.38,--,10,17380,卖盘
2058,09:58:31,17.38,--,30,52140,卖盘
2059,09:58:16,17.38,--,110,191180,卖盘
2060,09:58:11,17.38,--,7,12166,卖盘
2061,09:58:01,17.38,--,33,57354,卖盘
2062,09:57:56,17.38,--,25,43450,卖盘
2063,09:57:51,17.38,-0.01,10,17380,卖盘
2064,09:57:46,17.39,0.01,70,121730,买盘
2065,09:57:41,17.38,--,21,36498,卖盘
2066,09:57:36,17.38,-0.01,43,76332,卖盘
2067,09:57:26,17.39,--,133,231287,卖盘
2068,09:57:21,17.39,-0.01,25,43475,卖盘
2069,09:57:16,17.4,--,11,19140,买盘
2070,09:57:11,17.4,--,1,2610,卖盘
2071,09:57:06,17.4,--,300,521999,卖盘
2072,09:57:01,17.4,--,3,5220,卖盘
2073,09:56:56,17.4,--,269,468059,卖盘
2074,09:56:46,17.4,--,20,34800,卖盘
2075,09:56:36,17.4,-0.01,1150,2000999,卖盘
2076,09:56:31,17.41,--,102,178173,买盘
2077,09:56:26,17.41,--,23,40043,卖盘
2078,09:56:21,17.41,-0.01,10,17410,卖盘
2079,09:56:16,17.42,0.01,31,54002,买盘
2080,09:56:11,17.41,--,13,22633,卖盘
2081,09:56:06,17.41,--,28,48748,卖盘
2082,09:56:01,17.41,0.01,25,43525,买盘
2083,09:55:56,17.4,--,266,462839,卖盘
2084,09:55:51,17.4,-0.01,10,17400,卖盘
2085,09:55:46,17.41,--,25,43525,买盘
2086,09:55:41,17.41,0.01,51,88791,买盘
2087,09:55:36,17.4,-0.01,89,155921,卖盘
2088,09:55:31,17.41,--,70,121870,买盘
2089,09:55:26,17.41,0.01,10,17410,中性盘
2090,09:55:21,17.4,-0.02,45,78300,卖盘
2091,09:55:16,17.42,0.02,54,94068,买盘
2092,09:55:06,17.4,-0.01,23,40020,卖盘
2093,09:55:01,17.41,-0.01,8,13928,买盘
2094,09:54:56,17.42,--,0,0,买盘
2095,09:54:51,17.42,0.01,13,22646,买盘
2096,09:54:46,17.41,-0.01,1,1880,卖盘
2097,09:54:41,17.42,--,100,174200,买盘
2098,09:54:26,17.42,--,5,8710,买盘
2099,09:54:21,17.42,--,125,217750,买盘
2100,09:54:16,17.42,0.01,20,34840,买盘
2101,09:54:11,17.41,--,79,137539,卖盘
2102,09:54:06,17.41,-0.01,13,22633,卖盘
2103,09:53:56,17.42,--,35,60970,买盘
2104,09:53:50,17.42,--,11,19162,买盘
2105,09:53:46,17.42,--,21,36582,买盘
2106,09:53:35,17.42,--,28,48776,买盘
2107,09:53:31,17.42,--,70,121940,卖盘
2108,09:53:26,17.42,0.01,32,55744,卖盘
2109,09:53:20,17.41,--,0,0,卖盘
2110,09:53:16,17.41,-0.01,153,267974,卖盘
2111,09:52:56,17.42,0.01,27,47034,买盘
2112,09:52:30,17.41,--,30,52230,卖盘
2113,09:52:26,17.41,--,20,34820,卖盘
2114,09:52:20,17.41,0.01,3,5223,中性盘
2115,09:52:11,17.4,-0.02,168,292372,卖盘
2116,09:52:05,17.42,0.01,100,174200,买盘
2117,09:51:55,17.41,--,38,66158,卖盘
2118,09:51:50,17.41,-0.02,76,132316,卖盘
2119,09:51:45,17.43,0.03,5,8715,买盘
2120,09:51:41,17.4,-0.03,24,41760,卖盘
2121,09:51:35,17.43,--,70,122010,买盘
2122,09:51:30,17.43,0.03,18,31374,买盘
2123,09:51:26,17.4,-0.04,92,160080,卖盘
2124,09:51:20,17.44,--,143,249392,买盘
2125,09:51:15,17.44,--,18,31392,买盘
2126,09:51:05,17.44,-0.01,76,132544,卖盘
2127,09:51:00,17.45,--,36,62820,买盘
2128,09:50:55,17.45,--,15,26175,买盘
2129,09:50:50,17.45,0.02,5,8725,买盘
2130,09:50:45,17.43,0.03,10,17430,中性盘
2131,09:50:40,17.4,-0.05,1648,2867519,卖盘
2132,09:50:25,17.45,0.01,125,218125,买盘
2133,09:50:20,17.44,0.01,77,134288,买盘
2134,09:50:15,17.43,--,17,29979,买盘
2135,09:50:10,17.43,--,22,39740,卖盘
2136,09:50:05,17.43,-0.01,429,748095,卖盘
2137,09:50:00,17.44,--,30,52320,买盘
2138,09:49:55,17.44,0.01,18,31392,买盘
2139,09:49:50,17.43,-0.01,122,212646,卖盘
2140,09:49:45,17.44,--,3,5232,买盘
2141,09:49:40,17.44,0.01,23,40112,买盘
2142,09:49:35,17.43,-0.01,54,94122,卖盘
2143,09:49:30,17.44,0.01,80,139520,买盘
2144,09:49:25,17.43,--,184,321932,买盘
2145,09:49:20,17.43,--,120,209160,买盘
2146,09:49:15,17.43,--,6,10458,买盘
2147,09:49:10,17.43,0.01,17,29631,买盘
2148,09:49:05,17.42,--,52,90584,买盘
2149,09:49:00,17.42,--,18,31356,卖盘
2150,09:48:55,17.42,--,8,13936,卖盘
2151,09:48:50,17.42,--,4,6968,买盘
2152,09:48:45,17.42,--,22,38324,卖盘
2153,09:48:40,17.42,--,20,34840,卖盘
2154,09:48:35,17.42,--,7,12194,卖盘
2155,09:48:30,17.42,-0.01,10,17420,卖盘
2156,09:48:25,17.43,0.01,53,92379,买盘
2157,09:48:20,17.42,--,56,97552,卖盘
2158,09:48:15,17.42,--,27,47034,卖盘
2159,09:48:10,17.42,--,10,17420,卖盘
2160,09:48:05,17.42,-0.01,109,189878,卖盘
2161,09:48:00,17.43,0.02,5,8715,买盘
2162,09:47:55,17.41,-0.01,10,18611,卖盘
2163,09:47:50,17.42,--,30,52260,买盘
2164,09:47:45,17.42,--,9,15678,买盘
2165,09:47:35,17.42,--,4,6968,买盘
2166,09:47:30,17.42,--,72,125424,买盘
2167,09:47:25,17.42,--,34,59228,卖盘
2168,09:47:20,17.42,-0.01,91,158522,卖盘
2169,09:47:15,17.43,0.01,15,26145,买盘
2170,09:47:10,17.42,-0.01,10,17420,卖盘
2171,09:47:05,17.43,--,11,19173,买盘
2172,09:47:00,17.43,--,88,153384,买盘
2173,09:46:50,17.43,--,2,3486,买盘
2174,09:46:45,17.43,0.01,2,3486,买盘
2175,09:46:40,17.42,-0.01,62,108004,卖盘
2176,09:46:34,17.43,0.01,4,6972,买盘
2177,09:46:30,17.42,-0.01,8,13936,卖盘
2178,09:46:25,17.43,--,17,29631,买盘
2179,09:46:20,17.43,--,4,6972,买盘
2180,09:46:14,17.43,0.01,215,374745,买盘
2181,09:46:10,17.42,--,13,22646,卖盘
2182,09:46:05,17.42,0.01,35,61649,买盘
2183,09:45:59,17.41,--,56,97496,卖盘
2184,09:45:55,17.41,-0.02,74,128834,卖盘
2185,09:45:50,17.43,0.01,110,192252,买盘
2186,09:45:44,17.42,--,6,11671,买盘
2187,09:45:35,17.42,--,105,182910,买盘
2188,09:45:29,17.42,-0.01,55,96332,卖盘
2189,09:45:25,17.43,0.01,1,1743,买盘
2190,09:45:20,17.42,--,55,97029,卖盘
2191,09:45:14,17.42,-0.01,95,165490,卖盘
2192,09:45:10,17.43,0.01,5,8715,买盘
2193,09:45:04,17.42,--,24,41808,卖盘
2194,09:44:59,17.42,--,35,60970,卖盘
2195,09:44:49,17.42,-0.01,33,57486,卖盘
2196,09:44:44,17.43,-0.01,20,34860,中性盘
2197,09:44:39,17.44,--,9,15696,买盘
2198,09:44:34,17.44,--,0,0,买盘
2199,09:44:29,17.44,--,10,17440,买盘
2200,09:44:24,17.44,0.01,17,29648,买盘
2201,09:44:19,17.43,-0.01,108,188244,卖盘
2202,09:44:14,17.44,--,25,43600,买盘
2203,09:44:09,17.44,--,37,64754,卖盘
2204,09:44:04,17.44,--,2,3488,卖盘
2205,09:43:59,17.44,-0.01,38,66272,卖盘
2206,09:43:54,17.45,0.01,47,83533,买盘
2207,09:43:49,17.44,--,63,109872,买盘
2208,09:43:44,17.44,--,97,169168,买盘
2209,09:43:39,17.44,--,58,101152,买盘
2210,09:43:34,17.44,0.02,152,265088,买盘
2211,09:43:29,17.42,--,0,0,卖盘
2212,09:43:24,17.42,-0.01,212,369304,卖盘
2213,09:43:19,17.43,--,9,15687,买盘
2214,09:43:14,17.43,--,62,108066,买盘
2215,09:43:09,17.43,-0.01,300,523126,卖盘
2216,09:43:04,17.44,--,173,301712,卖盘
2217,09:42:59,17.44,--,117,205565,买盘
2218,09:42:54,17.44,0.01,102,177888,买盘
2219,09:42:49,17.43,-0.01,68,118524,中性盘
2220,09:42:44,17.44,0.01,33,57552,买盘
2221,09:42:39,17.43,--,7,12201,买盘
2222,09:42:34,17.43,--,48,83664,买盘
2223,09:42:29,17.43,-0.01,188,329095,卖盘
2224,09:42:24,17.44,--,57,99739,买盘
2225,09:42:19,17.44,0.01,57,99408,买盘
2226,09:42:14,17.43,--,160,278880,卖盘
2227,09:42:09,17.43,--,10,17430,卖盘
2228,09:42:04,17.43,0.02,132,230076,买盘
2229,09:41:59,17.41,-0.02,128,222848,卖盘
2230,09:41:54,17.43,--,51,88893,买盘
2231,09:41:49,17.43,--,260,453180,卖盘
2232,09:41:44,17.43,-0.01,70,122010,卖盘
2233,09:41:39,17.44,0.01,261,456125,买盘
2234,09:41:34,17.43,0.01,380,662340,买盘
2235,09:41:29,17.42,--,92,160264,卖盘
2236,09:41:24,17.42,0.01,10,17420,买盘
2237,09:41:19,17.41,-0.02,99,172359,卖盘
2238,09:41:13,17.43,0.02,95,165585,买盘
2239,09:41:09,17.41,--,136,236776,卖盘
2240,09:41:04,17.41,0.01,61,106201,买盘
2241,09:40:58,17.4,-0.01,86,149640,卖盘
2242,09:40:54,17.41,0.01,91,158431,买盘
2243,09:40:49,17.4,-0.01,428,746390,卖盘
2244,09:40:44,17.41,0.01,144,250704,买盘
2245,09:40:39,17.4,0.01,98,170520,买盘
2246,09:40:34,17.39,--,620,1078180,卖盘
2247,09:40:29,17.39,--,103,179117,买盘
2248,09:40:24,17.39,0.01,35,60865,买盘
2249,09:40:19,17.38,-0.02,165,286770,卖盘
2250,09:40:14,17.4,--,87,151380,买盘
2251,09:40:09,17.4,--,77,133980,买盘
2252,09:40:04,17.4,0.02,199,346260,买盘
2253,09:39:59,17.38,-0.02,325,565684,卖盘
2254,09:39:54,17.4,0.02,134,233159,买盘
2255,09:39:48,17.38,--,202,351076,卖盘
2256,09:39:44,17.38,-0.01,50,86900,卖盘
2257,09:39:38,17.39,0.01,76,132164,买盘
2258,09:39:33,17.38,-0.01,200,347600,卖盘
2259,09:39:29,17.39,--,54,93906,买盘
2260,09:39:24,17.39,--,267,464313,卖盘
2261,09:39:18,17.39,-0.01,109,189551,卖盘
2262,09:39:14,17.4,--,370,643800,买盘
2263,09:39:09,17.4,--,166,288840,买盘
2264,09:38:58,17.4,--,846,1472039,卖盘
2265,09:38:53,17.4,--,148,257519,卖盘
2266,09:38:48,17.4,-0.01,199,346260,卖盘
2267,09:38:44,17.41,--,5,8705,买盘
2268,09:38:38,17.41,0.01,545,948845,买盘
2269,09:38:33,17.4,-0.01,100,174000,卖盘
2270,09:38:28,17.41,--,365,635465,买盘
2271,09:38:23,17.41,0.01,476,828716,买盘
2272,09:38:14,17.4,--,68,118319,卖盘
2273,09:38:08,17.4,-0.01,268,466319,卖盘
2274,09:38:03,17.41,0.01,218,379538,买盘
2275,09:37:58,17.4,-0.01,11,19140,卖盘
2276,09:37:53,17.41,0.01,7,12187,买盘
2277,09:37:48,17.4,--,22,38280,卖盘
2278,09:37:43,17.4,--,36,62639,卖盘
2279,09:37:38,17.4,-0.01,10,17400,卖盘
2280,09:37:33,17.41,--,5,8705,买盘
2281,09:37:28,17.41,0.01,50,87050,买盘
2282,09:37:23,17.4,--,10,17400,卖盘
2283,09:37:18,17.4,--,19,33060,卖盘
2284,09:37:13,17.4,0.01,34,59159,买盘
2285,09:37:08,17.39,-0.02,33,57387,卖盘
2286,09:37:03,17.41,--,36,62676,买盘
2287,09:36:58,17.41,-0.01,59,102719,中性盘
2288,09:36:53,17.42,0.02,531,925002,买盘
2289,09:36:48,17.4,-0.01,294,511559,卖盘
2290,09:36:43,17.41,--,16,28239,卖盘
2291,09:36:38,17.41,--,212,369092,卖盘
2292,09:36:33,17.41,--,1,1741,卖盘
2293,09:36:28,17.41,--,70,121870,卖盘
2294,09:36:23,17.41,--,34,59194,卖盘
2295,09:36:18,17.41,--,22,38302,卖盘
2296,09:36:13,17.41,-0.01,36,62676,卖盘
2297,09:36:08,17.42,0.01,6,10452,买盘
2298,09:36:03,17.41,-0.01,50,87050,卖盘
2299,09:35:58,17.42,0.01,3,5226,买盘
2300,09:35:53,17.41,0.01,165,288622,买盘
2301,09:35:48,17.4,-0.01,100,174000,卖盘
2302,09:35:43,17.41,--,80,139280,买盘
2303,09:35:38,17.41,--,263,457883,买盘
2304,09:35:33,17.41,--,40,69640,中性盘
2305,09:35:28,17.41,-0.01,18,31338,卖盘
2306,09:35:23,17.42,--,358,623636,卖盘
2307,09:35:13,17.42,--,31,54002,卖盘
2308,09:35:08,17.42,-0.02,125,217750,中性盘
2309,09:35:03,17.44,0.03,116,202304,买盘
2310,09:34:58,17.41,--,112,194992,卖盘
2311,09:34:53,17.41,-0.01,67,116647,中性盘
2312,09:34:48,17.42,--,113,196846,买盘
2313,09:34:43,17.42,0.01,274,477308,买盘
2314,09:34:38,17.41,--,182,316862,卖盘
2315,09:34:33,17.41,--,55,95755,卖盘
2316,09:34:28,17.41,-0.02,133,231553,卖盘
2317,09:34:22,17.43,0.02,89,155127,买盘
2318,09:34:18,17.41,-0.02,24,41784,卖盘
2319,09:34:13,17.43,0.01,106,184758,买盘
2320,09:34:07,17.42,0.03,69,120198,买盘
2321,09:34:03,17.39,-0.02,103,179117,卖盘
2322,09:33:58,17.41,0.02,23,40043,买盘
2323,09:33:52,17.39,-0.01,41,71299,卖盘
2324,09:33:48,17.4,--,34,59159,买盘
2325,09:33:43,17.4,0.01,20,34800,买盘
2326,09:33:38,17.39,-0.01,45,78255,卖盘
2327,09:33:28,17.4,0.01,105,183604,买盘
2328,09:33:22,17.39,--,58,100862,买盘
2329,09:33:17,17.39,--,58,100862,买盘
2330,09:33:13,17.39,0.01,205,356495,买盘
2331,09:33:07,17.38,--,103,179014,买盘
2332,09:33:03,17.38,--,0,0,买盘
2333,09:32:58,17.38,0.01,51,88638,买盘
2334,09:32:52,17.37,--,149,258813,买盘
2335,09:32:48,17.37,0.01,5,8685,买盘
2336,09:32:43,17.36,-0.01,10,17360,卖盘
2337,09:32:37,17.37,0.01,123,213651,买盘
2338,09:32:33,17.36,-0.01,37,64232,中性盘
2339,09:32:28,17.37,--,114,198018,买盘
2340,09:32:22,17.37,0.02,49,85113,买盘
2341,09:32:18,17.35,--,33,57255,卖盘
2342,09:32:12,17.35,--,90,156150,卖盘
2343,09:32:07,17.35,0.01,10,17350,中性盘
2344,09:32:02,17.34,--,99,171666,卖盘
2345,09:31:52,17.34,--,38,65892,买盘
2346,09:31:47,17.34,--,7,12138,买盘
2347,09:31:42,17.34,--,68,117912,买盘
2348,09:31:37,17.34,0.01,405,702270,买盘
2349,09:31:32,17.33,-0.01,129,223556,卖盘
2350,09:31:27,17.34,0.02,56,97104,买盘
2351,09:31:22,17.32,-0.01,109,188788,卖盘
2352,09:31:17,17.33,--,655,1135115,买盘
2353,09:31:12,17.33,--,17,29460,买盘
2354,09:31:07,17.33,--,583,1010338,买盘
2355,09:31:02,17.33,0.01,25,43324,买盘
2356,09:30:57,17.32,-0.02,1778,3079496,卖盘
2357,09:30:52,17.34,--,19,32946,买盘
2358,09:30:47,17.34,--,134,232356,买盘
2359,09:30:42,17.34,0.01,7,12138,买盘
2360,09:30:37,17.33,-0.01,31,53722,卖盘
2361,09:30:32,17.34,-0.02,25,43350,卖盘
2362,09:30:27,17.36,0.02,24,41664,买盘
2363,09:30:22,17.34,0.01,78,135252,中性盘
2364,09:30:17,17.33,-0.03,142,246085,卖盘
2365,09:30:12,17.36,0.02,59,102424,买盘
2366,09:30:07,17.34,--,648,1123632,买盘
2367,09:30:02,17.34,0.01,165,286110,买盘
2368,09:28:47,17.33,--,0,0,卖盘
2369,09:25:04,17.33,17.33,2493,4320369,买盘
