,time,price,change,volume,amount,type
0,15:00:00,4.5,--,0,0,买盘
1,15:00:00,4.5,--,0,0,买盘
2,14:59:46,4.5,--,193,86850,买盘
3,14:59:43,4.5,0.01,107,48150,买盘
4,14:59:37,4.49,-0.01,20,8980,卖盘
5,14:59:31,4.5,-0.01,94,42300,卖盘
6,14:59:28,4.51,--,7,3157,买盘
7,14:59:22,4.51,--,87,39237,买盘
8,14:59:16,4.51,--,59,26609,买盘
9,14:59:01,4.51,0.02,40,18040,买盘
10,14:58:57,4.49,-0.01,53,23797,卖盘
11,14:58:52,4.5,-0.01,57,25650,中性盘
12,14:58:46,4.51,--,14,6314,买盘
13,14:58:42,4.51,--,720,324720,买盘
14,14:58:37,4.51,--,7,3157,买盘
15,14:58:31,4.51,--,64,28864,买盘
16,14:58:27,4.51,--,14,6314,买盘
17,14:58:16,4.51,--,30,13530,买盘
18,14:58:12,4.51,--,5,2255,买盘
19,14:58:07,4.51,-0.01,331,149281,卖盘
20,14:58:01,4.52,--,70,31639,买盘
21,14:57:52,4.52,-0.01,58,26215,卖盘
22,14:57:46,4.53,--,15,6795,买盘
23,14:57:37,4.53,--,52,23556,买盘
24,14:57:31,4.53,--,14,6342,买盘
25,14:57:22,4.53,--,0,0,买盘
26,14:57:12,4.53,0.02,7,3171,买盘
27,14:57:07,4.51,-0.02,158,71258,卖盘
28,14:57:01,4.53,0.01,94,42582,买盘
29,14:56:57,4.52,-0.01,2,903,买盘
30,14:56:46,4.53,0.01,22,9966,买盘
31,14:56:42,4.52,--,7,3163,买盘
32,14:56:37,4.52,-0.01,56,25311,中性盘
33,14:56:31,4.53,0.02,55,24915,买盘
34,14:56:27,4.51,-0.02,29,13079,卖盘
35,14:56:22,4.53,0.02,74,33522,买盘
36,14:56:16,4.51,0.01,9,4059,买盘
37,14:56:07,4.5,-0.01,10,4500,卖盘
38,14:56:01,4.51,-0.01,2,902,买盘
39,14:55:57,4.52,-0.01,32,14463,卖盘
40,14:55:46,4.53,0.01,75,33975,买盘
41,14:55:37,4.52,--,21,9492,买盘
42,14:55:31,4.52,0.02,30,13559,买盘
43,14:55:27,4.5,-0.02,30,13500,卖盘
44,14:55:22,4.52,--,249,112547,买盘
45,14:55:16,4.52,--,7,3163,买盘
46,14:55:01,4.52,0.01,20,9040,买盘
47,14:54:57,4.51,--,20,9020,卖盘
48,14:54:52,4.51,-0.01,91,41041,卖盘
49,14:54:46,4.52,0.01,10,4520,买盘
50,14:54:42,4.51,-0.01,73,32923,卖盘
51,14:54:37,4.52,--,7,3163,买盘
52,14:54:31,4.52,--,5,2260,卖盘
53,14:54:27,4.52,-0.02,5,2260,卖盘
54,14:54:22,4.54,--,0,0,买盘
55,14:54:16,4.54,--,0,0,买盘
56,14:54:01,4.54,0.03,8,3632,买盘
57,14:53:57,4.51,-0.04,1,451,卖盘
58,14:53:42,4.55,--,0,0,买盘
59,14:53:37,4.55,--,0,0,买盘
60,14:53:31,4.55,0.01,195,88725,买盘
61,14:53:22,4.54,--,7,3178,买盘
62,14:53:16,4.54,--,7,3178,买盘
63,14:53:10,4.54,0.04,14,6356,买盘
64,14:53:06,4.5,--,100,45000,卖盘
65,14:53:01,4.5,--,44,19800,买盘
66,14:52:55,4.5,--,5,2250,买盘
67,14:52:46,4.5,-0.05,1,450,卖盘
68,14:52:40,4.55,0.03,18,8190,买盘
69,14:52:36,4.52,-0.03,31,14011,中性盘
70,14:52:31,4.55,0.05,1390,632450,买盘
71,14:52:25,4.5,--,36,16200,卖盘
72,14:52:21,4.5,-0.01,100,45000,卖盘
73,14:52:10,4.51,0.01,253,114103,买盘
74,14:52:01,4.5,-0.01,100,45000,卖盘
75,14:51:51,4.51,--,53,24074,卖盘
76,14:51:46,4.51,--,30,13530,卖盘
77,14:51:40,4.51,-0.01,100,45100,卖盘
78,14:51:36,4.52,0.01,64,28927,买盘
79,14:51:31,4.51,-0.01,100,45100,卖盘
80,14:51:25,4.52,0.01,7,3163,买盘
81,14:51:21,4.51,--,100,45100,卖盘
82,14:51:16,4.51,0.01,229,103558,买盘
83,14:51:10,4.5,--,352,158400,卖盘
84,14:51:01,4.5,-0.01,100,45000,中性盘
85,14:50:55,4.51,0.02,64,28864,买盘
86,14:50:51,4.49,-0.01,101,45349,卖盘
87,14:50:46,4.5,0.02,219,98986,买盘
88,14:50:40,4.48,-0.02,313,140398,卖盘
89,14:50:36,4.5,0.01,21,9450,买盘
90,14:50:31,4.49,--,100,44900,卖盘
91,14:50:25,4.49,--,46,20932,卖盘
92,14:50:21,4.49,-0.01,100,44900,中性盘
93,14:50:16,4.5,0.02,50,22545,买盘
94,14:50:10,4.48,--,100,44800,卖盘
95,14:50:06,4.48,-0.01,24,10752,卖盘
96,14:50:01,4.49,--,300,134700,买盘
97,14:49:40,4.49,-0.01,41,18409,卖盘
98,14:49:36,4.5,0.01,40,18000,买盘
99,14:49:31,4.49,--,26,11674,卖盘
100,14:49:25,4.49,0.01,10,4490,中性盘
101,14:49:21,4.48,0.01,2000,896434,买盘
102,14:49:16,4.47,--,37,16588,买盘
103,14:49:10,4.47,--,8,3576,买盘
104,14:49:06,4.47,--,150,67050,买盘
105,14:49:01,4.47,--,237,105939,买盘
106,14:48:55,4.47,--,31,13857,买盘
107,14:48:51,4.47,0.01,16,7152,买盘
108,14:48:46,4.46,-0.01,9,4014,卖盘
109,14:48:40,4.47,--,2,894,买盘
110,14:48:36,4.47,0.01,67,29949,买盘
111,14:48:31,4.46,-0.01,44,19624,卖盘
112,14:48:25,4.47,--,55,24982,卖盘
113,14:48:21,4.47,--,17,7599,卖盘
114,14:48:16,4.47,0.02,56,25081,买盘
115,14:48:10,4.45,-0.02,27,12015,卖盘
116,14:48:06,4.47,0.01,625,279375,买盘
117,14:48:01,4.46,0.01,3,1338,中性盘
118,14:47:55,4.45,--,112,50164,卖盘
119,14:47:51,4.45,-0.01,124,55180,卖盘
120,14:47:46,4.46,--,123,55058,买盘
121,14:47:40,4.46,--,23,10258,买盘
122,14:47:36,4.46,--,8,3568,买盘
123,14:47:31,4.46,0.01,95,42370,买盘
124,14:47:25,4.45,-0.01,64,28480,卖盘
125,14:47:21,4.46,--,10,4535,卖盘
126,14:47:15,4.46,--,41,18330,卖盘
127,14:47:10,4.46,--,134,59764,卖盘
128,14:47:01,4.46,--,296,132016,卖盘
129,14:46:55,4.46,-0.01,746,332992,卖盘
130,14:46:50,4.47,--,246,110011,买盘
131,14:46:46,4.47,--,5,2235,买盘
132,14:46:40,4.47,0.01,22,9834,买盘
133,14:46:35,4.46,-0.01,28,12488,卖盘
134,14:46:31,4.47,-0.01,10,4470,中性盘
135,14:46:25,4.48,0.01,300,134400,买盘
136,14:46:20,4.47,--,102,45669,卖盘
137,14:46:15,4.47,-0.01,613,274011,卖盘
138,14:46:10,4.48,--,224,100352,买盘
139,14:46:06,4.48,--,43,19264,买盘
140,14:46:00,4.48,--,728,326560,卖盘
141,14:45:55,4.48,-0.01,135,60524,卖盘
142,14:45:49,4.49,-0.01,19,8809,卖盘
143,14:45:45,4.5,0.01,4,1800,买盘
144,14:45:40,4.49,--,15,7062,买盘
145,14:45:34,4.49,0.01,10,4490,买盘
146,14:45:30,4.48,-0.01,30,13440,卖盘
147,14:45:25,4.49,-0.01,2,898,中性盘
148,14:45:19,4.5,0.02,55,24750,买盘
149,14:45:04,4.48,-0.02,60,26880,卖盘
150,14:44:55,4.5,0.02,27,12429,买盘
151,14:44:49,4.48,-0.01,11,4972,卖盘
152,14:44:40,4.49,--,83,37437,买盘
153,14:44:34,4.49,0.01,35,15715,买盘
154,14:44:25,4.48,--,5,2517,卖盘
155,14:44:19,4.48,-0.01,51,22897,卖盘
156,14:44:15,4.49,--,10,4490,买盘
157,14:44:04,4.49,0.01,8,3592,买盘
158,14:43:55,4.48,--,16,7495,卖盘
159,14:43:49,4.48,--,116,51968,卖盘
160,14:43:45,4.48,--,17,7616,卖盘
161,14:43:40,4.48,-0.01,2,896,卖盘
162,14:43:34,4.49,0.01,56,25144,买盘
163,14:43:25,4.48,-0.01,26,11970,卖盘
164,14:43:19,4.49,0.02,23,10479,买盘
165,14:43:15,4.47,-0.01,16,7152,卖盘
166,14:43:10,4.48,--,65,29120,买盘
167,14:43:04,4.48,--,51,22848,买盘
168,14:43:00,4.48,--,17,7616,买盘
169,14:42:55,4.48,-0.01,58,26225,卖盘
170,14:42:49,4.49,--,305,136945,买盘
171,14:42:45,4.49,--,1,449,买盘
172,14:42:40,4.49,--,27,12123,买盘
173,14:42:34,4.49,0.01,156,70044,买盘
174,14:42:30,4.48,--,11,4977,卖盘
175,14:42:25,4.48,-0.01,19,8789,卖盘
176,14:42:19,4.49,0.01,7,3143,买盘
177,14:42:10,4.48,--,42,19143,买盘
178,14:42:04,4.48,0.01,28,12821,买盘
179,14:42:00,4.47,--,23,10374,买盘
180,14:41:55,4.47,0.01,731,326801,买盘
181,14:41:49,4.46,-0.01,15,6690,卖盘
182,14:41:40,4.47,--,391,175215,买盘
183,14:41:34,4.47,--,73,32631,买盘
184,14:41:30,4.47,0.01,42,18774,买盘
185,14:41:25,4.46,-0.01,50,22300,卖盘
186,14:41:19,4.47,--,166,74202,买盘
187,14:41:14,4.47,-0.01,208,93329,卖盘
188,14:41:04,4.48,--,30,13440,卖盘
189,14:41:00,4.48,--,18,8113,卖盘
190,14:40:54,4.48,--,213,95468,买盘
191,14:40:49,4.48,0.01,18,8064,买盘
192,14:40:44,4.47,--,11,4917,卖盘
193,14:40:40,4.47,-0.01,128,57216,卖盘
194,14:40:34,4.48,--,540,242323,卖盘
195,14:40:29,4.48,--,31,13932,卖盘
196,14:40:25,4.48,--,75,33600,卖盘
197,14:40:19,4.48,-0.01,105,47040,卖盘
198,14:40:14,4.49,0.01,15,6735,买盘
199,14:40:09,4.48,-0.01,6,2688,卖盘
200,14:40:00,4.49,-0.01,875,393153,卖盘
201,14:39:54,4.5,--,9,4050,卖盘
202,14:39:49,4.5,--,266,119700,卖盘
203,14:39:44,4.5,--,113,50850,卖盘
204,14:39:39,4.5,--,6,2700,卖盘
205,14:39:34,4.5,--,98,44100,卖盘
206,14:39:28,4.5,--,7,3150,卖盘
207,14:39:24,4.5,-0.01,23,10350,卖盘
208,14:39:18,4.51,0.01,98,44198,卖盘
209,14:39:14,4.5,--,409,184050,卖盘
210,14:39:09,4.5,-0.02,275,123750,卖盘
211,14:39:04,4.52,--,19,8588,买盘
212,14:38:58,4.52,0.01,4,1807,买盘
213,14:38:54,4.51,--,7,3157,卖盘
214,14:38:49,4.51,-0.01,46,20746,卖盘
215,14:38:43,4.52,--,39,17628,买盘
216,14:38:34,4.52,0.01,50,22599,买盘
217,14:38:28,4.51,-0.02,500,225500,卖盘
218,14:38:24,4.53,--,14,6342,买盘
219,14:38:19,4.53,0.01,55,24960,买盘
220,14:38:09,4.52,--,6,2711,卖盘
221,14:38:04,4.52,--,67,30283,卖盘
222,14:37:58,4.52,-0.01,221,99891,卖盘
223,14:37:49,4.53,--,17,7701,买盘
224,14:37:43,4.53,--,7,3171,买盘
225,14:37:34,4.53,-0.01,142,64733,卖盘
226,14:37:28,4.54,--,112,50848,买盘
227,14:37:24,4.54,0.01,7,3178,买盘
228,14:37:19,4.53,-0.01,45,20747,卖盘
229,14:37:13,4.54,--,22,9988,卖盘
230,14:37:09,4.54,--,110,49940,卖盘
231,14:37:04,4.54,--,6,2724,卖盘
232,14:36:49,4.54,--,10,4540,卖盘
233,14:36:43,4.54,-0.02,50,22700,卖盘
234,14:36:39,4.56,0.01,3,1641,卖盘
235,14:36:34,4.55,-0.01,26,11830,卖盘
236,14:36:28,4.56,0.02,139,63566,买盘
237,14:36:24,4.54,-0.01,25,11395,卖盘
238,14:36:19,4.55,0.01,20,9100,买盘
239,14:36:13,4.54,--,13,5902,卖盘
240,14:36:04,4.54,-0.01,5,2270,卖盘
241,14:35:54,4.55,--,30,13650,买盘
242,14:35:49,4.55,--,21,9741,卖盘
243,14:35:39,4.55,-0.01,6,2730,卖盘
244,14:35:34,4.56,0.01,33,15047,买盘
245,14:35:28,4.55,-0.01,31,14150,卖盘
246,14:35:24,4.56,0.01,4,1823,买盘
247,14:35:19,4.55,--,1,495,卖盘
248,14:35:09,4.55,--,6,2730,卖盘
249,14:35:04,4.55,-0.01,17,7735,卖盘
250,14:34:58,4.56,--,2,911,买盘
251,14:34:53,4.56,0.01,10,4560,买盘
252,14:34:49,4.55,--,20,9100,卖盘
253,14:34:43,4.55,--,34,15470,卖盘
254,14:34:38,4.55,-0.01,7,3185,卖盘
255,14:34:34,4.56,0.01,53,24167,买盘
256,14:34:28,4.55,--,25,11420,卖盘
257,14:34:12,4.55,--,7,3185,卖盘
258,14:34:03,4.55,-0.01,6,2730,卖盘
259,14:33:58,4.56,0.01,4,1823,买盘
260,14:33:48,4.55,--,6,2730,卖盘
261,14:33:43,4.55,-0.01,26,11830,卖盘
262,14:33:33,4.56,0.01,127,57911,买盘
263,14:33:27,4.55,-0.01,25,11420,卖盘
264,14:33:23,4.56,0.01,12,5471,买盘
265,14:33:18,4.55,--,7,3185,卖盘
266,14:33:12,4.55,--,7,3185,卖盘
267,14:33:08,4.55,--,5,2275,卖盘
268,14:32:58,4.55,--,7,3185,卖盘
269,14:32:48,4.55,-0.01,6,2730,卖盘
270,14:32:43,4.56,0.01,12,5471,买盘
271,14:32:38,4.55,-0.01,7,3185,卖盘
272,14:32:33,4.56,--,50,22799,买盘
273,14:32:28,4.56,0.01,97,44277,买盘
274,14:32:13,4.55,--,7,3185,卖盘
275,14:32:03,4.55,--,6,2730,卖盘
276,14:31:57,4.55,--,11,5005,卖盘
277,14:31:52,4.55,-0.01,15,6825,卖盘
278,14:31:43,4.56,--,20,9120,买盘
279,14:31:37,4.56,0.01,66,30095,买盘
280,14:31:28,4.55,--,31,14150,卖盘
281,14:31:22,4.55,0.01,256,116480,买盘
282,14:31:18,4.54,0.01,15,6855,买盘
283,14:31:07,4.53,--,6,2718,卖盘
284,14:31:03,4.53,--,5,2265,卖盘
285,14:30:57,4.53,--,41,18573,卖盘
286,14:30:48,4.53,--,2,906,卖盘
287,14:30:42,4.53,--,25,11325,卖盘
288,14:30:36,4.53,--,6,2718,卖盘
289,14:30:33,4.53,-0.01,6,2718,卖盘
290,14:30:22,4.54,-0.01,4,1816,卖盘
291,14:30:18,4.55,0.01,13,5915,买盘
292,14:30:13,4.54,--,6,2724,卖盘
293,14:30:06,4.54,--,1,454,卖盘
294,14:30:03,4.54,-0.01,6,2724,卖盘
295,14:29:52,4.55,--,18,8190,买盘
296,14:29:42,4.55,0.01,12,5460,买盘
297,14:29:37,4.54,-0.01,39,17751,卖盘
298,14:29:33,4.55,0.01,7,3185,买盘
299,14:29:27,4.54,--,37,16798,买盘
300,14:29:22,4.54,0.01,5,2270,买盘
301,14:29:18,4.53,-0.01,13,5889,卖盘
302,14:29:03,4.54,--,221,100433,卖盘
303,14:28:58,4.54,--,0,0,卖盘
304,14:28:42,4.54,--,32,14882,卖盘
305,14:28:33,4.54,-0.01,6,2724,卖盘
306,14:28:27,4.55,0.01,2,910,买盘
307,14:28:21,4.54,-0.01,16,7264,卖盘
308,14:28:17,4.55,--,2,910,买盘
309,14:28:12,4.55,--,13,5915,买盘
310,14:28:07,4.55,0.01,21,9555,买盘
311,14:28:02,4.54,--,19,8626,卖盘
312,14:27:57,4.54,--,52,23608,卖盘
313,14:27:51,4.54,-0.01,7,3178,卖盘
314,14:27:42,4.55,0.01,18,8190,买盘
315,14:27:36,4.54,-0.01,1,454,卖盘
316,14:27:22,4.55,--,229,104386,卖盘
317,14:27:06,4.55,--,66,30030,卖盘
318,14:26:57,4.55,--,6,2730,卖盘
319,14:26:47,4.55,-0.01,5,2275,卖盘
320,14:26:42,4.56,0.01,37,16917,买盘
321,14:26:36,4.55,--,6,2730,卖盘
322,14:26:22,4.55,-0.01,6,2730,卖盘
323,14:26:12,4.56,0.01,18,8208,买盘
324,14:26:07,4.55,--,7,3185,卖盘
325,14:25:57,4.55,--,18,8190,卖盘
326,14:25:51,4.55,-0.01,6,2730,卖盘
327,14:25:47,4.56,--,68,31007,买盘
328,14:25:42,4.56,0.01,22,10032,买盘
329,14:25:36,4.55,--,30,13690,卖盘
330,14:25:27,4.55,--,7,3185,卖盘
331,14:25:17,4.55,--,5,2275,卖盘
332,14:25:06,4.55,--,6,2730,卖盘
333,14:24:57,4.55,-0.01,6,2730,卖盘
334,14:24:45,4.56,0.01,43,19653,买盘
335,14:24:42,4.55,--,13,5915,卖盘
336,14:24:30,4.55,-0.01,6,2730,卖盘
337,14:24:27,4.56,0.01,14,6383,买盘
338,14:24:21,4.55,--,6,2730,卖盘
339,14:24:06,4.55,--,60,27300,卖盘
340,14:24:01,4.55,-0.01,7,3185,卖盘
341,14:23:51,4.56,0.01,2,911,买盘
342,14:23:45,4.55,--,45,20520,卖盘
343,14:23:36,4.55,--,6,2730,卖盘
344,14:23:16,4.55,--,25,11375,卖盘
345,14:23:12,4.55,--,9,4095,卖盘
346,14:23:06,4.55,--,94,42856,买盘
347,14:22:51,4.55,-0.01,196,89548,卖盘
348,14:22:45,4.56,0.01,49,22389,买盘
349,14:22:41,4.55,-0.01,200,91000,卖盘
350,14:22:36,4.56,--,0,0,中性盘
351,14:22:31,4.56,--,9,4104,卖盘
352,14:22:27,4.56,0.01,13,5927,买盘
353,14:22:21,4.55,--,11,5005,卖盘
354,14:22:11,4.55,--,100,45500,卖盘
355,14:22:06,4.55,-0.02,10,4550,卖盘
356,14:21:57,4.57,--,0,0,买盘
357,14:21:45,4.57,0.01,28,12796,买盘
358,14:21:36,4.56,--,2,911,卖盘
359,14:21:15,4.56,0.01,5,2371,买盘
360,14:21:11,4.55,-0.01,9,4095,卖盘
361,14:20:51,4.56,-0.01,32,15002,卖盘
362,14:20:30,4.57,0.01,5,2285,买盘
363,14:20:26,4.56,--,1,455,卖盘
364,14:20:21,4.56,--,79,36024,卖盘
365,14:20:15,4.56,--,22,10032,卖盘
366,14:20:06,4.56,--,10,4560,卖盘
367,14:20:00,4.56,--,10,4560,卖盘
368,14:19:51,4.56,--,35,16005,卖盘
369,14:19:36,4.56,--,16,7295,卖盘
370,14:19:21,4.56,--,10,4560,卖盘
371,14:19:15,4.56,-0.01,22,10032,卖盘
372,14:19:06,4.57,--,56,25911,卖盘
373,14:19:00,4.57,--,11,5027,卖盘
374,14:18:56,4.57,--,25,11470,卖盘
375,14:18:51,4.57,--,11,5027,卖盘
376,14:18:41,4.57,--,10,4570,卖盘
377,14:18:36,4.57,--,8,3656,卖盘
378,14:18:21,4.57,--,10,4570,卖盘
379,14:18:15,4.57,--,52,23764,卖盘
380,14:18:00,4.57,--,10,4570,卖盘
381,14:17:51,4.57,--,36,16497,卖盘
382,14:17:41,4.57,--,10,4570,卖盘
383,14:17:15,4.57,--,40,18280,卖盘
384,14:17:00,4.57,--,26,11882,卖盘
385,14:16:55,4.57,-0.02,25,11470,卖盘
386,14:16:45,4.59,--,0,0,买盘
387,14:16:36,4.59,0.01,40,18360,买盘
388,14:16:30,4.58,--,0,0,卖盘
389,14:16:24,4.58,-0.01,130,59540,卖盘
390,14:16:21,4.59,0.01,100,45900,买盘
391,14:16:06,4.58,--,10,4580,卖盘
392,14:16:00,4.58,-0.01,25,11495,卖盘
393,14:15:54,4.59,0.01,20,9180,买盘
394,14:15:45,4.58,-0.01,11,5038,卖盘
395,14:15:36,4.59,0.01,17,7803,买盘
396,14:15:21,4.58,0.02,193,88439,买盘
397,14:15:15,4.56,-0.02,116,52895,卖盘
398,14:15:09,4.58,0.01,300,137400,买盘
399,14:15:06,4.57,-0.01,20,9140,卖盘
400,14:15:00,4.58,0.01,57,26106,买盘
401,14:14:54,4.57,-0.01,10,4570,卖盘
402,14:14:50,4.58,0.01,36,16488,买盘
403,14:14:39,4.57,--,10,4570,卖盘
404,14:14:35,4.57,--,10,4570,卖盘
405,14:14:20,4.57,0.01,9,4113,卖盘
406,14:14:15,4.56,--,0,0,卖盘
407,14:14:00,4.56,-0.01,25,11445,卖盘
408,14:13:45,4.57,--,4,1828,买盘
409,14:13:30,4.57,--,0,0,买盘
410,14:13:24,4.57,--,2,914,买盘
411,14:13:15,4.57,0.02,4,1828,买盘
412,14:13:09,4.55,-0.03,25,11420,卖盘
413,14:12:50,4.58,--,0,0,买盘
414,14:12:45,4.58,0.03,500,229000,买盘
415,14:12:30,4.55,--,0,0,卖盘
416,14:12:24,4.55,-0.02,231,105105,卖盘
417,14:12:15,4.57,0.01,1,457,买盘
418,14:12:00,4.56,--,25,11445,卖盘
419,14:11:45,4.56,-0.01,93,42408,卖盘
420,14:11:30,4.57,0.01,1,457,买盘
421,14:11:09,4.56,-0.01,25,11445,卖盘
422,14:10:45,4.57,0.01,16,7357,买盘
423,14:10:18,4.56,--,6,2735,卖盘
424,14:10:15,4.56,-0.01,25,11445,卖盘
425,14:09:45,4.57,0.01,18,8226,买盘
426,14:09:33,4.56,-0.01,1,455,卖盘
427,14:09:18,4.57,--,15,7266,卖盘
428,14:09:09,4.57,-0.01,25,11470,卖盘
429,14:09:03,4.58,--,50,22900,买盘
430,14:08:54,4.58,--,63,28854,买盘
431,14:08:39,4.58,0.02,57,26106,买盘
432,14:08:33,4.56,--,0,0,卖盘
433,14:08:18,4.56,-0.02,26,11897,卖盘
434,14:08:03,4.58,0.02,7,3206,买盘
435,14:07:48,4.56,-0.02,4,1823,卖盘
436,14:07:33,4.58,0.02,7,3206,买盘
437,14:07:24,4.56,0.01,0,136,买盘
438,14:07:09,4.55,-0.01,25,11420,卖盘
439,14:06:54,4.56,-0.02,19,8983,卖盘
440,14:06:44,4.58,0.02,519,237839,买盘
441,14:06:39,4.56,0.01,14,6383,买盘
442,14:06:14,4.55,-0.01,4,1820,卖盘
443,14:05:54,4.56,-0.01,7,3191,卖盘
444,14:05:39,4.57,0.01,7,3199,买盘
445,14:05:33,4.56,-0.01,3,1367,卖盘
446,14:05:29,4.57,--,14,6398,买盘
447,14:05:24,4.57,0.01,14,6398,买盘
448,14:05:18,4.56,--,21,9576,买盘
449,14:05:14,4.56,--,1,866,卖盘
450,14:05:09,4.56,-0.01,17,7751,卖盘
451,14:05:03,4.57,0.01,57,26049,买盘
452,14:04:54,4.56,-0.01,50,22799,卖盘
453,14:04:44,4.57,0.02,38,17411,买盘
454,14:04:39,4.55,--,34,15470,卖盘
455,14:04:18,4.55,--,27,12330,卖盘
456,14:03:59,4.55,-0.01,10,4550,卖盘
457,14:03:54,4.56,0.01,50,22799,买盘
458,14:03:44,4.55,-0.01,15,7234,卖盘
459,14:03:39,4.56,0.01,7,3191,买盘
460,14:03:33,4.55,--,25,11375,卖盘
461,14:03:29,4.55,--,150,68250,卖盘
462,14:03:24,4.55,--,1,455,卖盘
463,14:03:18,4.55,--,25,11420,卖盘
464,14:03:03,4.55,--,3,1365,买盘
465,14:02:57,4.55,0.01,7,3185,买盘
466,14:02:53,4.54,--,171,77679,买盘
467,14:02:44,4.54,0.01,50,22700,买盘
468,14:02:39,4.53,-0.01,1,453,卖盘
469,14:02:33,4.54,-0.02,478,217420,卖盘
470,14:02:27,4.56,0.01,39,17784,买盘
471,14:02:18,4.55,--,29,13240,买盘
472,14:02:08,4.55,--,0,0,中性盘
473,14:02:03,4.55,--,0,0,买盘
474,14:01:53,4.55,--,16,7280,卖盘
475,14:01:48,4.55,-0.02,6,2730,卖盘
476,14:01:23,4.57,--,344,157573,卖盘
477,14:01:18,4.57,--,77,35234,卖盘
478,14:01:03,4.57,0.02,403,184216,买盘
479,14:00:57,4.55,-0.02,62,28210,卖盘
480,14:00:33,4.57,--,189,86784,卖盘
481,14:00:27,4.57,--,57,26049,卖盘
482,14:00:23,4.57,--,190,86875,卖盘
483,14:00:18,4.57,--,100,45700,卖盘
484,14:00:12,4.57,--,15,6855,卖盘
485,14:00:03,4.57,--,214,97798,卖盘
486,13:59:53,4.57,--,2,914,卖盘
487,13:59:42,4.57,0.01,235,107395,买盘
488,13:59:12,4.56,--,1,455,买盘
489,13:59:03,4.56,-0.01,15,6839,卖盘
490,13:58:33,4.57,0.01,40,18280,买盘
491,13:58:27,4.56,-0.02,5,2280,卖盘
492,13:58:18,4.58,--,0,0,买盘
493,13:58:12,4.58,--,26,11908,买盘
494,13:57:57,4.58,--,0,0,买盘
495,13:57:48,4.58,--,304,139232,买盘
496,13:57:38,4.58,-0.01,5,2290,买盘
497,13:57:27,4.59,--,0,0,买盘
498,13:57:18,4.59,0.02,1,459,买盘
499,13:57:03,4.57,--,81,37017,卖盘
500,13:56:57,4.57,-0.02,202,92314,卖盘
501,13:56:53,4.59,--,7,3213,卖盘
502,13:56:47,4.59,0.02,429,196911,买盘
503,13:56:38,4.57,--,30,13710,卖盘
504,13:56:33,4.57,0.05,504,230328,买盘
505,13:56:27,4.52,--,0,0,卖盘
506,13:56:12,4.52,-0.04,222,100343,卖盘
507,13:56:03,4.56,0.04,10,4560,买盘
508,13:55:51,4.52,--,6,2711,卖盘
509,13:55:42,4.52,--,0,0,卖盘
510,13:55:36,4.52,-0.03,800,361599,卖盘
511,13:55:32,4.55,-0.02,1,455,卖盘
512,13:55:22,4.57,--,0,0,买盘
513,13:55:02,4.57,--,0,0,买盘
514,13:54:47,4.57,--,42,19194,买盘
515,13:54:42,4.57,--,134,61238,卖盘
516,13:54:36,4.57,--,164,74948,卖盘
517,13:54:27,4.57,--,700,319900,卖盘
518,13:54:21,4.57,--,140,63980,卖盘
519,13:54:17,4.57,0.01,362,165434,买盘
520,13:53:57,4.56,-0.01,4,1823,买盘
521,13:53:51,4.57,--,0,0,买盘
522,13:53:21,4.57,--,0,0,买盘
523,13:53:17,4.57,--,31,14167,买盘
524,13:52:57,4.57,--,14,6398,买盘
525,13:52:51,4.57,--,652,297964,卖盘
526,13:52:47,4.57,--,197,90029,卖盘
527,13:52:42,4.57,-0.01,383,175031,卖盘
528,13:52:36,4.58,0.01,17,7786,买盘
529,13:52:21,4.57,0.04,256,116992,买盘
530,13:52:12,4.53,--,2,906,买盘
531,13:51:57,4.53,-0.04,77,34881,卖盘
532,13:51:01,4.57,-0.01,2,914,卖盘
533,13:50:57,4.58,--,0,0,买盘
534,13:50:46,4.58,0.05,20,9160,买盘
535,13:50:32,4.53,--,0,0,卖盘
536,13:50:27,4.53,-0.04,10,4530,卖盘
537,13:50:21,4.57,--,0,0,买盘
538,13:50:16,4.57,--,43,19651,卖盘
539,13:50:06,4.57,--,160,73120,卖盘
540,13:49:51,4.57,--,750,342750,卖盘
541,13:49:31,4.57,0.06,647,295679,买盘
542,13:49:21,4.51,-0.03,2,902,卖盘
543,13:49:06,4.54,0.03,10,4540,买盘
544,13:48:46,4.51,-0.03,880,396880,卖盘
545,13:48:16,4.54,-0.01,1,454,卖盘
546,13:48:06,4.55,--,3,1365,买盘
547,13:47:51,4.55,--,53,24115,卖盘
548,13:47:41,4.55,-0.01,4,1820,买盘
549,13:47:21,4.56,--,0,0,买盘
550,13:47:06,4.56,--,57,25991,买盘
551,13:46:56,4.56,--,303,138168,卖盘
552,13:46:45,4.56,--,100,45599,卖盘
553,13:46:41,4.56,--,70,31919,卖盘
554,13:46:36,4.56,--,6,2735,卖盘
555,13:46:15,4.56,--,100,45599,卖盘
556,13:45:56,4.56,0.03,1319,601464,买盘
557,13:45:51,4.53,--,3,1359,买盘
558,13:45:40,4.53,--,38,17214,买盘
559,13:45:36,4.53,--,5,2265,买盘
560,13:45:26,4.53,--,12,5436,买盘
561,13:45:10,4.53,--,12,5436,买盘
562,13:45:06,4.53,--,31,14043,买盘
563,13:44:40,4.53,0.01,10,4530,买盘
564,13:44:36,4.52,-0.01,7,3163,卖盘
565,13:44:25,4.53,--,1,453,买盘
566,13:44:06,4.53,--,12,5436,买盘
567,13:43:36,4.53,--,4,1812,买盘
568,13:43:25,4.53,--,12,5436,买盘
569,13:43:06,4.53,--,10,4530,买盘
570,13:43:00,4.53,0.01,17,7701,买盘
571,13:42:20,4.52,-0.01,6,2711,卖盘
572,13:42:15,4.53,0.01,4,1812,买盘
573,13:42:00,4.52,--,84,37968,卖盘
574,13:41:45,4.52,--,2,903,卖盘
575,13:41:40,4.52,0.01,1334,603194,买盘
576,13:41:30,4.51,--,12,5412,买盘
577,13:41:00,4.51,--,398,179723,卖盘
578,13:40:55,4.51,-0.01,360,162360,卖盘
579,13:40:50,4.52,--,12,5423,买盘
580,13:40:45,4.52,--,30,13559,买盘
581,13:40:30,4.52,--,0,0,中性盘
582,13:40:24,4.52,--,6,2711,卖盘
583,13:40:00,4.52,0.01,4,1807,买盘
584,13:39:54,4.51,--,0,0,卖盘
585,13:39:45,4.51,-0.02,237,106887,卖盘
586,13:39:30,4.53,0.01,20,9060,买盘
587,13:39:00,4.52,-0.01,16,7231,卖盘
588,13:38:54,4.53,0.01,12,5436,买盘
589,13:38:45,4.52,--,5,2260,卖盘
590,13:38:39,4.52,-0.01,1,451,卖盘
591,13:38:30,4.53,0.01,139,62967,买盘
592,13:38:15,4.52,--,1,451,卖盘
593,13:38:04,4.52,-0.01,11,4971,卖盘
594,13:37:54,4.53,--,50,22650,买盘
595,13:37:49,4.53,0.01,12,5436,买盘
596,13:37:45,4.52,-0.01,30,13559,卖盘
597,13:37:39,4.53,0.01,25,11551,买盘
598,13:37:34,4.52,--,1,451,卖盘
599,13:37:15,4.52,--,4,1807,买盘
600,13:37:09,4.52,0.01,9,4067,买盘
601,13:36:45,4.51,--,52,23452,卖盘
602,13:36:39,4.51,-0.01,10,4510,卖盘
603,13:36:34,4.52,0.01,20,9040,买盘
604,13:36:14,4.51,--,8,3608,卖盘
605,13:36:09,4.51,--,155,69905,买盘
606,13:36:04,4.51,--,1,451,买盘
607,13:35:59,4.51,--,20,9020,买盘
608,13:35:44,4.51,--,212,95612,买盘
609,13:35:39,4.51,-0.02,179,80729,卖盘
610,13:35:34,4.53,0.02,30,13590,买盘
611,13:35:19,4.51,-0.02,3,1353,卖盘
612,13:35:14,4.53,0.02,27,12231,买盘
613,13:34:59,4.51,--,6,2706,卖盘
614,13:34:44,4.51,-0.02,15,6765,卖盘
615,13:34:39,4.53,--,12,5436,买盘
616,13:34:14,4.53,--,38,17214,卖盘
617,13:33:59,4.53,--,19,8607,卖盘
618,13:33:54,4.53,--,345,156285,买盘
619,13:33:49,4.53,0.02,1,453,买盘
620,13:33:44,4.51,--,15,6765,卖盘
621,13:33:34,4.51,-0.02,29,13079,卖盘
622,13:33:29,4.53,--,12,5436,买盘
623,13:33:19,4.53,0.02,12,5436,买盘
624,13:33:14,4.51,--,15,6765,卖盘
625,13:32:54,4.51,--,7,3157,卖盘
626,13:32:44,4.51,-0.02,15,6765,卖盘
627,13:32:29,4.53,0.02,12,5436,买盘
628,13:32:18,4.51,--,56,25256,买盘
629,13:32:09,4.51,-0.01,783,353133,卖盘
630,13:32:03,4.52,--,28,12655,买盘
631,13:31:54,4.52,--,5,2260,买盘
632,13:31:44,4.52,--,0,0,中性盘
633,13:31:39,4.52,--,3,1355,卖盘
634,13:31:24,4.52,-0.01,10,4520,中性盘
635,13:31:18,4.53,0.03,12,5436,买盘
636,13:31:14,4.5,-0.02,400,180000,卖盘
637,13:31:09,4.52,--,15,6779,卖盘
638,13:30:54,4.52,--,14,6327,买盘
639,13:30:39,4.52,-0.01,1,451,卖盘
640,13:30:18,4.53,--,57,25821,买盘
641,13:30:13,4.53,0.01,12,5436,买盘
642,13:30:03,4.52,--,8,3615,买盘
643,13:29:53,4.52,--,21,9492,买盘
644,13:29:48,4.52,--,5,2260,买盘
645,13:29:33,4.52,--,12,5423,卖盘
646,13:29:18,4.52,--,100,45199,卖盘
647,13:29:08,4.52,0.01,58,26215,买盘
648,13:28:53,4.51,-0.01,401,180851,卖盘
649,13:28:18,4.52,-0.01,50,22599,卖盘
650,13:28:03,4.53,--,33,14949,买盘
651,13:27:58,4.53,0.01,1,453,买盘
652,13:27:48,4.52,-0.01,4,1807,卖盘
653,13:27:43,4.53,0.01,20,9060,买盘
654,13:27:33,4.52,-0.01,43,19435,卖盘
655,13:27:23,4.53,0.03,12,5436,买盘
656,13:27:08,4.5,--,0,0,卖盘
657,13:26:53,4.5,--,0,0,卖盘
658,13:26:43,4.5,-0.03,673,302850,卖盘
659,13:26:08,4.53,--,30,13590,卖盘
660,13:25:48,4.53,0.01,19,8607,中性盘
661,13:25:43,4.52,--,17,7683,卖盘
662,13:25:33,4.52,--,0,0,卖盘
663,13:25:28,4.52,--,238,107928,卖盘
664,13:25:12,4.52,-0.01,100,45199,卖盘
665,13:25:03,4.53,--,161,72933,买盘
666,13:24:57,4.53,-0.01,1,453,买盘
667,13:24:27,4.54,--,0,0,买盘
668,13:24:18,4.54,0.02,1,454,买盘
669,13:24:02,4.52,--,9,4067,卖盘
670,13:23:57,4.52,-0.02,1,451,卖盘
671,13:23:52,4.54,0.02,16,7264,买盘
672,13:23:17,4.52,-0.02,9,4067,卖盘
673,13:23:12,4.54,0.03,3,1362,买盘
674,13:23:08,4.51,--,0,0,卖盘
675,13:23:02,4.51,-0.01,65,29315,卖盘
676,13:22:57,4.52,0.01,79,35708,买盘
677,13:22:27,4.51,--,19,8569,买盘
678,13:22:22,4.51,--,3,1353,买盘
679,13:21:57,4.51,--,10,4510,买盘
680,13:21:47,4.51,--,6,2706,买盘
681,13:21:42,4.51,0.01,20,9020,买盘
682,13:21:37,4.5,-0.01,1,450,卖盘
683,13:21:22,4.51,--,20,9020,买盘
684,13:21:12,4.51,--,1,451,买盘
685,13:20:52,4.51,0.01,19,8569,买盘
686,13:20:47,4.5,-0.01,3,1350,卖盘
687,13:20:42,4.51,0.01,5,2255,买盘
688,13:20:02,4.5,--,20,9000,卖盘
689,13:19:47,4.5,--,126,56700,买盘
690,13:19:42,4.5,--,124,55800,买盘
691,13:19:32,4.5,-0.01,457,205650,卖盘
692,13:19:27,4.51,--,17,7667,买盘
693,13:19:17,4.51,-0.01,326,147026,卖盘
694,13:19:02,4.52,0.01,127,57403,买盘
695,13:18:52,4.51,-0.01,2,902,卖盘
696,13:18:47,4.52,0.01,16,7231,买盘
697,13:18:42,4.51,--,50,22550,卖盘
698,13:18:32,4.51,--,17,7667,卖盘
699,13:17:57,4.51,--,161,72611,买盘
700,13:17:42,4.51,--,1,451,买盘
701,13:17:21,4.51,--,47,21197,卖盘
702,13:17:12,4.51,-0.01,100,45100,卖盘
703,13:17:02,4.52,0.01,2,903,买盘
704,13:16:42,4.51,--,21,9471,买盘
705,13:16:36,4.51,--,8,3608,买盘
706,13:16:27,4.51,--,22,9922,买盘
707,13:16:21,4.51,--,2,902,买盘
708,13:16:16,4.51,--,1,451,买盘
709,13:16:11,4.51,0.01,2,902,买盘
710,13:16:06,4.5,--,3,1350,卖盘
711,13:16:01,4.5,--,48,21600,卖盘
712,13:15:51,4.5,-0.02,101,45450,卖盘
713,13:15:36,4.52,--,61,27571,买盘
714,13:15:31,4.52,0.02,1,451,买盘
715,13:15:26,4.5,-0.02,50,22500,卖盘
716,13:15:11,4.52,--,4,1807,买盘
717,13:15:06,4.52,-0.01,55,24859,卖盘
718,13:15:01,4.53,--,55,24915,买盘
719,13:14:56,4.53,--,34,15402,买盘
720,13:14:51,4.53,0.01,50,22650,买盘
721,13:14:46,4.52,0.02,7,3163,买盘
722,13:14:41,4.5,--,87,39150,买盘
723,13:14:31,4.5,--,8,3600,买盘
724,13:14:26,4.5,--,79,35550,买盘
725,13:14:21,4.5,--,84,37800,卖盘
726,13:14:16,4.5,-0.02,2,900,卖盘
727,13:14:11,4.52,0.02,1,451,买盘
728,13:14:06,4.5,0.01,36,16200,买盘
729,13:14:01,4.49,--,1,449,卖盘
730,13:13:56,4.49,-0.01,309,138741,卖盘
731,13:13:51,4.5,0.01,3,1350,买盘
732,13:13:41,4.49,--,38,17062,卖盘
733,13:13:36,4.49,0.01,77,34573,买盘
734,13:13:21,4.48,--,9,4032,买盘
735,13:13:11,4.48,-0.01,2,896,卖盘
736,13:13:06,4.49,--,14,6286,买盘
737,13:12:56,4.49,0.03,2,898,买盘
738,13:12:51,4.46,--,0,0,卖盘
739,13:12:46,4.46,--,0,0,卖盘
740,13:12:36,4.46,-0.04,1300,579800,卖盘
741,13:12:26,4.5,--,2202,990900,卖盘
742,13:12:21,4.5,--,10,4500,卖盘
743,13:12:11,4.5,0.02,213,95850,买盘
744,13:12:06,4.48,-0.02,116,51968,卖盘
745,13:12:01,4.5,--,0,0,买盘
746,13:11:56,4.5,0.02,26,11700,买盘
747,13:11:51,4.48,-0.02,385,172480,卖盘
748,13:11:46,4.5,0.01,7,3150,买盘
749,13:11:41,4.49,-0.02,10,4490,卖盘
750,13:11:36,4.51,--,0,0,中性盘
751,13:11:31,4.51,0.02,10,4510,买盘
752,13:11:26,4.49,--,100,44900,卖盘
753,13:11:21,4.49,--,0,0,卖盘
754,13:11:06,4.49,0.01,34,15266,卖盘
755,13:10:55,4.48,--,0,0,卖盘
756,13:10:40,4.48,--,0,0,卖盘
757,13:10:30,4.48,--,0,0,卖盘
758,13:10:20,4.48,-0.04,350,156800,卖盘
759,13:10:15,4.52,0.02,101,45651,买盘
760,13:10:05,4.5,0.01,10,4500,买盘
761,13:10:00,4.49,-0.01,8,3592,卖盘
762,13:09:45,4.5,--,123,55350,中性盘
763,13:09:35,4.5,0.01,70,31500,买盘
764,13:09:30,4.49,-0.01,4,1796,卖盘
765,13:09:20,4.5,--,14,6300,买盘
766,13:09:10,4.5,-0.01,5,2250,买盘
767,13:09:05,4.51,--,16,7216,买盘
768,13:09:00,4.51,0.01,507,228657,买盘
769,13:08:50,4.5,-0.01,220,99000,卖盘
770,13:08:40,4.51,--,41,18491,买盘
771,13:08:35,4.51,--,51,23001,买盘
772,13:08:30,4.51,--,4,1804,买盘
773,13:08:20,4.51,--,2,902,卖盘
774,13:08:15,4.51,--,1,451,卖盘
775,13:08:10,4.51,--,0,0,中性盘
776,13:08:05,4.51,--,10,4510,买盘
777,13:08:00,4.51,-0.01,640,288833,卖盘
778,13:07:55,4.52,0.01,249,112547,买盘
779,13:07:50,4.51,--,17,7667,卖盘
780,13:07:45,4.51,-0.01,15,6765,卖盘
781,13:07:40,4.52,--,1,451,买盘
782,13:07:35,4.52,0.01,2,903,买盘
783,13:07:30,4.51,--,176,79376,卖盘
784,13:07:20,4.51,--,507,228657,卖盘
785,13:07:15,4.51,-0.01,20,9020,卖盘
786,13:07:05,4.52,--,83,37516,卖盘
787,13:06:50,4.52,--,135,61019,卖盘
788,13:06:45,4.52,-0.01,16,7231,卖盘
789,13:06:40,4.53,--,20,9060,买盘
790,13:06:35,4.53,--,1888,855522,卖盘
791,13:06:30,4.53,--,148,67044,卖盘
792,13:06:15,4.53,-0.01,42,19026,卖盘
793,13:05:54,4.54,-0.01,5,2270,中性盘
794,13:05:50,4.55,0.02,1513,688415,买盘
795,13:05:35,4.53,-0.02,1490,674970,卖盘
796,13:05:30,4.55,-0.01,25,11375,卖盘
797,13:05:25,4.56,--,58,26447,买盘
798,13:05:05,4.56,--,18,8208,买盘
799,13:04:50,4.56,-0.01,14,6383,卖盘
800,13:04:20,4.57,0.01,13,5941,买盘
801,13:04:15,4.56,--,25,11399,卖盘
802,13:04:04,4.56,--,78,35568,卖盘
803,13:03:49,4.56,--,80,36480,卖盘
804,13:03:39,4.56,0.01,162,73872,卖盘
805,13:03:29,4.55,--,0,0,卖盘
806,13:03:14,4.55,--,29,13195,卖盘
807,13:02:49,4.55,-0.02,10,4550,卖盘
808,13:02:44,4.57,--,27,12339,买盘
809,13:02:39,4.57,0.02,14,6398,买盘
810,13:02:29,4.55,--,0,0,卖盘
811,13:02:19,4.55,-0.05,1,455,卖盘
812,13:02:14,4.6,--,0,0,买盘
813,13:02:04,4.6,--,0,0,买盘
814,13:01:54,4.6,--,0,0,买盘
815,13:01:49,4.6,--,0,0,买盘
816,13:01:39,4.6,0.05,1769,813739,买盘
817,13:01:29,4.55,--,1,455,买盘
818,13:01:24,4.55,-0.01,7,3185,卖盘
819,13:01:14,4.56,--,0,0,买盘
820,13:00:59,4.56,0.02,3,1367,买盘
821,13:00:44,4.54,0.01,5,2270,卖盘
822,13:00:39,4.53,--,100,45300,卖盘
823,13:00:29,4.53,--,34,15402,卖盘
824,13:00:14,4.53,--,388,175764,卖盘
825,13:00:09,4.53,--,857,388221,卖盘
826,13:00:03,4.53,--,106,48018,卖盘
827,11:30:00,4.53,--,0,0,卖盘
828,11:30:00,4.53,--,0,0,卖盘
829,11:29:59,4.53,--,0,0,卖盘
830,11:29:54,4.53,-0.03,10,4530,卖盘
831,11:29:50,4.56,--,0,0,买盘
832,11:29:45,4.56,--,5,2280,买盘
833,11:29:35,4.56,0.03,40,18240,买盘
834,11:29:24,4.53,-0.02,3000,1359000,卖盘
835,11:29:00,4.55,--,9,4095,卖盘
836,11:28:54,4.55,-0.01,180,81900,卖盘
837,11:28:50,4.56,--,6,2735,卖盘
838,11:28:33,4.56,-0.01,187,85271,中性盘
839,11:28:30,4.57,0.02,381,174117,买盘
840,11:28:15,4.55,-0.01,22,10010,卖盘
841,11:27:48,4.56,--,19,8664,买盘
842,11:27:44,4.56,0.01,109,49703,买盘
843,11:27:39,4.55,-0.01,1000,455000,卖盘
844,11:27:29,4.56,0.01,73,33288,买盘
845,11:27:24,4.55,--,26,12139,卖盘
846,11:27:18,4.55,--,13,5915,卖盘
847,11:27:03,4.55,--,171,77805,卖盘
848,11:26:59,4.55,--,180,81900,卖盘
849,11:26:54,4.55,--,662,301551,卖盘
850,11:26:48,4.55,--,6,2730,卖盘
851,11:26:39,4.55,0.01,258,117390,买盘
852,11:26:29,4.54,--,6,2724,卖盘
853,11:26:24,4.54,--,8,3632,卖盘
854,11:26:18,4.54,--,6,2724,卖盘
855,11:26:14,4.54,--,0,0,中性盘
856,11:26:09,4.54,--,6,2724,卖盘
857,11:25:59,4.54,--,33,14982,卖盘
858,11:25:48,4.54,--,6,2724,卖盘
859,11:25:39,4.54,-0.01,32,14528,卖盘
860,11:25:33,4.55,0.01,8,3640,买盘
861,11:25:29,4.54,--,106,48124,卖盘
862,11:25:18,4.54,--,6,2724,卖盘
863,11:25:09,4.54,--,6,2724,卖盘
864,11:24:59,4.54,--,6,2724,卖盘
865,11:24:48,4.54,--,55,24970,买盘
866,11:24:39,4.54,0.01,19,8626,买盘
867,11:24:29,4.53,--,6,2718,卖盘
868,11:24:24,4.53,--,19,8607,卖盘
869,11:24:18,4.53,--,6,2718,卖盘
870,11:24:09,4.53,--,0,0,卖盘
871,11:23:59,4.53,-0.01,55,24915,卖盘
872,11:23:54,4.54,0.01,20,9080,买盘
873,11:23:48,4.53,-0.01,50,22650,卖盘
874,11:23:44,4.54,0.01,26,11804,买盘
875,11:23:39,4.53,--,0,0,卖盘
876,11:23:33,4.53,-0.01,17,7701,卖盘
877,11:23:29,4.54,0.02,6,2724,买盘
878,11:23:24,4.52,--,0,0,卖盘
879,11:23:18,4.52,--,6,2711,卖盘
880,11:23:14,4.52,--,90,40679,卖盘
881,11:23:09,4.52,-0.03,6,2711,卖盘
882,11:23:03,4.55,0.03,10,4550,买盘
883,11:22:59,4.52,-0.01,6,2711,卖盘
884,11:22:48,4.53,0.01,10,4530,买盘
885,11:22:39,4.52,-0.01,21,9492,卖盘
886,11:22:33,4.53,0.01,6,2718,买盘
887,11:22:29,4.52,--,547,247243,卖盘
888,11:22:24,4.52,--,63,28475,卖盘
889,11:22:18,4.52,--,36,16271,卖盘
890,11:22:09,4.52,--,7,3163,卖盘
891,11:21:59,4.52,-0.02,26,11751,中性盘
892,11:21:54,4.54,-0.01,8,3632,买盘
893,11:21:48,4.55,--,0,0,买盘
894,11:21:38,4.55,0.04,25,11375,卖盘
895,11:21:33,4.51,-0.05,1849,834011,卖盘
896,11:21:28,4.56,--,6,2735,卖盘
897,11:21:23,4.56,--,3000,1367999,卖盘
898,11:21:18,4.56,--,6,2735,卖盘
899,11:21:13,4.56,--,100,45599,卖盘
900,11:21:08,4.56,--,14,6383,卖盘
901,11:21:03,4.56,-0.01,7,3191,卖盘
902,11:20:57,4.57,0.01,21,9597,买盘
903,11:20:48,4.56,-0.01,6,2735,卖盘
904,11:20:43,4.57,--,4,1828,买盘
905,11:20:38,4.57,-0.01,638,291566,卖盘
906,11:20:18,4.58,-0.01,30,13740,卖盘
907,11:20:12,4.59,0.01,9,4131,买盘
908,11:20:08,4.58,--,6,2748,卖盘
909,11:19:57,4.58,--,6,2748,卖盘
910,11:19:48,4.58,--,6,2748,卖盘
911,11:19:38,4.58,--,6,2748,卖盘
912,11:19:27,4.58,--,6,2748,卖盘
913,11:19:18,4.58,--,6,2748,卖盘
914,11:19:08,4.58,--,6,2748,卖盘
915,11:18:57,4.58,--,36,16488,卖盘
916,11:18:48,4.58,-0.01,6,2748,卖盘
917,11:18:27,4.59,--,88,40392,卖盘
918,11:18:18,4.59,--,6,2754,卖盘
919,11:18:12,4.59,0.01,6,2754,买盘
920,11:18:08,4.58,--,6,2748,卖盘
921,11:18:03,4.58,--,50,22900,卖盘
922,11:17:57,4.58,--,6,2748,卖盘
923,11:17:48,4.58,--,6,2748,卖盘
924,11:17:38,4.58,--,6,2748,卖盘
925,11:17:27,4.58,--,6,2748,卖盘
926,11:17:18,4.58,--,6,2748,卖盘
927,11:17:12,4.58,--,50,22900,卖盘
928,11:17:08,4.58,--,0,0,卖盘
929,11:16:57,4.58,--,6,2748,卖盘
930,11:16:53,4.58,-0.01,32,14656,卖盘
931,11:16:48,4.59,--,0,0,中性盘
932,11:16:38,4.59,--,6,2754,卖盘
933,11:16:33,4.59,--,2,918,卖盘
934,11:16:27,4.59,0.01,14,6426,买盘
935,11:16:18,4.58,--,6,2748,卖盘
936,11:16:08,4.58,-0.02,6,2748,卖盘
937,11:15:57,4.6,--,0,0,买盘
938,11:15:48,4.6,0.01,12,5520,买盘
939,11:15:42,4.59,--,13,5967,卖盘
940,11:15:38,4.59,--,6,2754,卖盘
941,11:15:27,4.59,--,6,2754,卖盘
942,11:15:18,4.59,--,6,2754,卖盘
943,11:15:08,4.59,--,8,3672,卖盘
944,11:14:57,4.59,--,6,2754,卖盘
945,11:14:48,4.59,--,6,2754,卖盘
946,11:14:42,4.59,--,16,7344,卖盘
947,11:14:37,4.59,--,6,2754,卖盘
948,11:14:27,4.59,0.01,6,2754,中性盘
949,11:14:18,4.58,-0.01,6,2748,卖盘
950,11:14:12,4.59,0.01,6,2754,买盘
951,11:14:08,4.58,--,6,2748,卖盘
952,11:13:57,4.58,-0.02,20,9160,卖盘
953,11:13:47,4.6,0.01,567,260819,买盘
954,11:13:41,4.59,0.01,107,49113,买盘
955,11:13:38,4.58,--,6,2748,卖盘
956,11:13:27,4.58,--,6,2748,卖盘
957,11:13:17,4.58,--,8,3664,卖盘
958,11:13:07,4.58,--,6,2748,卖盘
959,11:12:57,4.58,--,13,5954,卖盘
960,11:12:47,4.58,--,6,2748,卖盘
961,11:12:42,4.58,--,38,17404,卖盘
962,11:12:36,4.58,0.01,28,12824,买盘
963,11:12:32,4.57,--,30,13710,卖盘
964,11:12:27,4.57,--,6,2742,卖盘
965,11:12:17,4.57,-0.01,6,2742,卖盘
966,11:12:02,4.58,--,10,4580,买盘
967,11:11:57,4.58,--,9,4122,卖盘
968,11:11:47,4.58,--,6,2748,卖盘
969,11:11:36,4.58,-0.01,6,2748,卖盘
970,11:11:32,4.59,0.02,55,25245,买盘
971,11:11:27,4.57,--,56,25592,卖盘
972,11:11:17,4.57,--,6,2742,卖盘
973,11:11:06,4.57,--,6,2742,卖盘
974,11:10:57,4.57,--,6,2742,卖盘
975,11:10:47,4.57,--,0,0,卖盘
976,11:10:42,4.57,--,2,914,卖盘
977,11:10:36,4.57,-0.01,6,2742,卖盘
978,11:10:32,4.58,0.01,6,2748,买盘
979,11:10:27,4.57,--,6,2742,卖盘
980,11:10:17,4.57,--,0,0,卖盘
981,11:10:06,4.57,-0.01,113,51641,卖盘
982,11:09:57,4.58,0.01,64,29312,中性盘
983,11:09:50,4.57,-0.01,124,56668,卖盘
984,11:09:47,4.58,--,16,7328,卖盘
985,11:09:36,4.58,--,86,39388,卖盘
986,11:09:27,4.58,0.01,14,6412,买盘
987,11:09:21,4.57,--,6,2742,卖盘
988,11:09:17,4.57,--,6,2742,卖盘
989,11:09:12,4.57,-0.01,27,12339,卖盘
990,11:09:06,4.58,--,5,2290,卖盘
991,11:08:56,4.58,0.01,17,7786,卖盘
992,11:08:51,4.57,--,0,0,卖盘
993,11:08:46,4.57,-0.02,76,34732,卖盘
994,11:08:42,4.59,0.01,10,4590,买盘
995,11:08:35,4.58,0.01,3,1374,中性盘
996,11:08:27,4.57,--,17,7769,卖盘
997,11:08:21,4.57,--,27,12339,卖盘
998,11:08:16,4.57,-0.03,46,21022,卖盘
999,11:08:06,4.6,--,0,0,买盘
1000,11:07:57,4.6,--,10,4600,买盘
1001,11:07:46,4.6,--,264,121439,卖盘
1002,11:07:41,4.6,--,149,68540,卖盘
1003,11:07:35,4.6,--,286,131560,卖盘
1004,11:07:31,4.6,--,189,86940,卖盘
1005,11:07:26,4.6,--,7,3219,卖盘
1006,11:07:21,4.6,--,85,39100,卖盘
1007,11:07:16,4.6,--,6,2760,卖盘
1008,11:07:11,4.6,--,166,76360,卖盘
1009,11:07:05,4.6,--,68,31279,卖盘
1010,11:06:56,4.6,--,6,2760,卖盘
1011,11:06:46,4.6,--,6,2760,卖盘
1012,11:06:41,4.6,--,8,3679,卖盘
1013,11:06:35,4.6,--,6,2760,卖盘
1014,11:06:31,4.6,--,64,29439,卖盘
1015,11:06:26,4.6,--,6,2760,卖盘
1016,11:06:16,4.6,--,6,2760,卖盘
1017,11:06:11,4.6,0.03,179,82340,买盘
1018,11:06:05,4.57,--,149,68093,卖盘
1019,11:05:56,4.57,--,82,37474,卖盘
1020,11:05:50,4.57,--,18,8226,卖盘
1021,11:05:46,4.57,--,0,0,卖盘
1022,11:05:41,4.57,--,89,40673,卖盘
1023,11:05:35,4.57,--,6,2742,卖盘
1024,11:05:31,4.57,--,0,0,卖盘
1025,11:05:26,4.57,--,6,2742,卖盘
1026,11:05:16,4.57,--,6,2742,卖盘
1027,11:05:05,4.57,-0.01,56,25592,卖盘
1028,11:04:56,4.58,--,14,6412,卖盘
1029,11:04:45,4.58,--,12,5496,卖盘
1030,11:04:35,4.58,--,6,2748,卖盘
1031,11:04:30,4.58,--,6,2748,卖盘
1032,11:04:26,4.58,0.01,13,5954,买盘
1033,11:04:20,4.57,--,10,4570,卖盘
1034,11:04:14,4.57,-0.01,52,23764,卖盘
1035,11:04:05,4.58,0.01,12,5496,买盘
1036,11:04:01,4.57,--,6,2742,卖盘
1037,11:03:44,4.57,--,19,8683,卖盘
1038,11:03:41,4.57,0.01,6,2742,买盘
1039,11:03:35,4.56,--,0,0,卖盘
1040,11:03:29,4.56,-0.01,71,32375,卖盘
1041,11:03:20,4.57,--,12,5484,买盘
1042,11:03:14,4.57,--,53,24221,卖盘
1043,11:03:05,4.57,--,6,2742,卖盘
1044,11:02:59,4.57,--,6,2742,卖盘
1045,11:02:50,4.57,0.01,1,457,卖盘
1046,11:02:44,4.56,--,0,0,卖盘
1047,11:02:30,4.56,--,0,0,卖盘
1048,11:02:21,4.56,-0.04,44,20064,卖盘
1049,11:02:14,4.6,-0.01,56,25759,买盘
1050,11:02:11,4.61,--,0,0,买盘
1051,11:02:05,4.61,0.01,1533,706713,买盘
1052,11:02:00,4.6,--,16,7359,卖盘
1053,11:01:55,4.6,--,4,1839,卖盘
1054,11:01:50,4.6,--,100,46000,卖盘
1055,11:01:44,4.6,--,6,2760,卖盘
1056,11:01:35,4.6,--,6,2760,卖盘
1057,11:01:29,4.6,-0.01,64,29439,卖盘
1058,11:01:20,4.61,0.01,20,9220,买盘
1059,11:01:14,4.6,--,7,3219,卖盘
1060,11:01:05,4.6,--,6,2760,卖盘
1061,11:00:59,4.6,--,6,2760,卖盘
1062,11:00:44,4.6,--,86,39560,卖盘
1063,11:00:35,4.6,--,436,200559,卖盘
1064,11:00:30,4.6,--,16,7359,卖盘
1065,11:00:25,4.6,--,50,23000,卖盘
1066,11:00:20,4.6,--,50,23000,卖盘
1067,11:00:14,4.6,--,300,138000,卖盘
1068,11:00:05,4.6,--,0,0,卖盘
1069,11:00:00,4.6,-0.01,106,48759,卖盘
1070,10:59:50,4.61,--,10,4610,卖盘
1071,10:59:44,4.61,--,6,2766,卖盘
1072,10:59:40,4.61,--,15,6915,卖盘
1073,10:59:35,4.61,--,6,2766,卖盘
1074,10:59:29,4.61,--,13,5993,卖盘
1075,10:59:20,4.61,--,10,4610,卖盘
1076,10:59:14,4.61,--,115,53015,卖盘
1077,10:59:05,4.61,--,6,2766,卖盘
1078,10:58:59,4.61,--,53,24433,卖盘
1079,10:58:55,4.61,--,40,18440,卖盘
1080,10:58:44,4.61,--,6,2766,卖盘
1081,10:58:35,4.61,-0.01,6,2766,卖盘
1082,10:58:25,4.62,--,14,6468,卖盘
1083,10:58:14,4.62,-0.01,36,16632,卖盘
1084,10:57:59,4.63,--,15,6945,卖盘
1085,10:57:55,4.63,--,200,92600,卖盘
1086,10:57:50,4.63,--,98,45374,卖盘
1087,10:57:44,4.63,--,22,10186,卖盘
1088,10:57:39,4.63,--,300,138900,卖盘
1089,10:57:35,4.63,--,46,21298,卖盘
1090,10:57:29,4.63,--,6,2778,卖盘
1091,10:57:20,4.63,--,7,3241,卖盘
1092,10:57:15,4.63,--,99,45837,卖盘
1093,10:57:10,4.63,--,26,12038,卖盘
1094,10:56:59,4.63,--,6,2778,卖盘
1095,10:56:53,4.63,--,240,111120,卖盘
1096,10:56:44,4.63,--,1007,466241,卖盘
1097,10:56:38,4.63,--,6,2778,卖盘
1098,10:56:29,4.63,-0.01,31,14353,卖盘
1099,10:56:25,4.64,0.01,1,463,买盘
1100,10:56:20,4.63,--,500,231500,卖盘
1101,10:56:14,4.63,--,6,2778,卖盘
1102,10:56:09,4.63,-0.01,6,2778,卖盘
1103,10:56:05,4.64,0.01,6,2784,买盘
1104,10:55:59,4.63,--,6,2778,卖盘
1105,10:55:44,4.63,--,6,2778,卖盘
1106,10:55:38,4.63,--,6,2778,卖盘
1107,10:55:30,4.63,--,206,95378,卖盘
1108,10:55:14,4.63,--,209,96767,卖盘
1109,10:55:08,4.63,-0.01,6,2778,卖盘
1110,10:54:59,4.64,0.01,11,5104,买盘
1111,10:54:44,4.63,-0.01,6,2778,卖盘
1112,10:54:38,4.64,0.01,8,3711,买盘
1113,10:54:30,4.63,--,13,6019,卖盘
1114,10:54:14,4.63,-0.01,313,144919,卖盘
1115,10:54:08,4.64,0.01,20,9280,买盘
1116,10:53:59,4.63,-0.01,35,16205,卖盘
1117,10:53:49,4.64,0.01,2,927,买盘
1118,10:53:44,4.63,--,11,5093,卖盘
1119,10:53:38,4.63,--,6,2778,卖盘
1120,10:53:29,4.63,-0.01,144,66672,卖盘
1121,10:53:08,4.64,--,5,2320,卖盘
1122,10:53:04,4.64,--,0,0,中性盘
1123,10:52:59,4.64,0.01,6,2784,卖盘
1124,10:52:49,4.63,--,0,0,卖盘
1125,10:52:44,4.63,--,6,2778,卖盘
1126,10:52:38,4.63,-0.01,6,2778,卖盘
1127,10:52:29,4.64,0.01,61,28303,买盘
1128,10:52:14,4.63,--,126,58338,卖盘
1129,10:52:08,4.63,--,6,2778,卖盘
1130,10:51:59,4.63,-0.01,6,2778,卖盘
1131,10:51:53,4.64,0.01,10,4640,买盘
1132,10:51:44,4.63,--,106,49078,卖盘
1133,10:51:39,4.63,--,88,40744,卖盘
1134,10:51:29,4.63,--,106,49078,卖盘
1135,10:51:23,4.63,--,28,12964,卖盘
1136,10:51:14,4.63,--,6,2778,卖盘
1137,10:51:08,4.63,--,6,2778,卖盘
1138,10:50:59,4.63,--,6,2778,卖盘
1139,10:50:49,4.63,--,5,2315,卖盘
1140,10:50:44,4.63,--,6,2778,卖盘
1141,10:50:38,4.63,--,26,12038,卖盘
1142,10:50:29,4.63,--,56,25928,卖盘
1143,10:50:14,4.63,--,6,2778,卖盘
1144,10:50:09,4.63,--,56,25928,卖盘
1145,10:49:59,4.63,--,6,2778,卖盘
1146,10:49:44,4.63,--,0,0,卖盘
1147,10:49:38,4.63,--,6,2778,卖盘
1148,10:49:34,4.63,--,14,6482,卖盘
1149,10:49:29,4.63,--,6,2778,卖盘
1150,10:49:23,4.63,--,3,1389,卖盘
1151,10:49:19,4.63,-0.02,6,2778,卖盘
1152,10:49:14,4.65,0.02,250,116250,买盘
1153,10:49:08,4.63,--,6,2778,卖盘
1154,10:48:59,4.63,--,6,2778,卖盘
1155,10:48:47,4.63,-0.01,68,31484,卖盘
1156,10:48:38,4.64,0.01,16,7423,买盘
1157,10:48:29,4.63,--,6,2778,卖盘
1158,10:48:17,4.63,--,6,2778,卖盘
1159,10:48:08,4.63,--,6,2778,卖盘
1160,10:48:02,4.63,--,50,23150,卖盘
1161,10:47:59,4.63,--,6,2778,卖盘
1162,10:47:47,4.63,-0.02,1500,694500,卖盘
1163,10:47:38,4.65,--,0,0,买盘
1164,10:47:28,4.65,--,100,46500,买盘
1165,10:47:23,4.65,--,47,22306,卖盘
1166,10:47:17,4.65,--,6,2790,卖盘
1167,10:47:08,4.65,-0.01,6,2790,卖盘
1168,10:47:02,4.66,0.01,11,5126,买盘
1169,10:46:58,4.65,--,65,30225,卖盘
1170,10:46:47,4.65,--,310,144150,卖盘
1171,10:46:38,4.65,--,6,2790,卖盘
1172,10:46:28,4.65,--,6,2790,卖盘
1173,10:46:23,4.65,--,13,6045,卖盘
1174,10:46:17,4.65,--,6,2790,卖盘
1175,10:46:08,4.65,-0.01,7,3255,卖盘
1176,10:46:02,4.66,0.01,10,4660,买盘
1177,10:45:58,4.65,-0.01,45,20925,卖盘
1178,10:45:47,4.66,0.01,101,47066,买盘
1179,10:45:38,4.65,-0.01,18,8370,卖盘
1180,10:45:32,4.66,0.01,1,466,买盘
1181,10:45:28,4.65,-0.01,6,2790,卖盘
1182,10:45:23,4.66,0.01,21,9786,买盘
1183,10:45:17,4.65,--,11,5115,卖盘
1184,10:45:08,4.65,--,6,2790,卖盘
1185,10:44:58,4.65,--,6,2790,卖盘
1186,10:44:47,4.65,0.02,122,56743,买盘
1187,10:44:38,4.63,--,6,2778,卖盘
1188,10:44:32,4.63,0.01,95,43985,中性盘
1189,10:44:28,4.62,--,490,226380,卖盘
1190,10:44:17,4.62,--,6,2772,卖盘
1191,10:44:08,4.62,--,6,2772,卖盘
1192,10:43:58,4.62,--,6,2772,卖盘
1193,10:43:53,4.62,--,65,30030,卖盘
1194,10:43:47,4.62,--,6,2772,卖盘
1195,10:43:38,4.62,-0.01,6,2772,卖盘
1196,10:43:32,4.63,0.02,18,8334,买盘
1197,10:43:28,4.61,-0.01,6,2766,卖盘
1198,10:43:17,4.62,--,19,8778,卖盘
1199,10:43:13,4.62,--,1,462,卖盘
1200,10:43:08,4.62,--,7,3234,卖盘
1201,10:42:58,4.62,--,47,21714,卖盘
1202,10:42:47,4.62,-0.01,9,4158,卖盘
1203,10:42:43,4.63,0.01,1,463,买盘
1204,10:42:38,4.62,--,6,2772,卖盘
1205,10:42:28,4.62,-0.01,6,2772,卖盘
1206,10:42:23,4.63,--,10,4630,买盘
1207,10:42:17,4.63,0.01,7,3241,买盘
1208,10:42:08,4.62,--,6,2772,卖盘
1209,10:41:58,4.62,-0.01,6,2772,卖盘
1210,10:41:53,4.63,0.01,50,23150,买盘
1211,10:41:47,4.62,-0.01,16,7392,卖盘
1212,10:41:43,4.63,0.01,1,463,买盘
1213,10:41:38,4.62,--,6,2772,卖盘
1214,10:41:28,4.62,--,16,7392,卖盘
1215,10:41:23,4.62,--,10,4620,卖盘
1216,10:41:17,4.62,-0.01,6,2772,卖盘
1217,10:41:13,4.63,0.01,10,4630,买盘
1218,10:41:08,4.62,--,26,12012,卖盘
1219,10:40:57,4.62,--,6,2772,卖盘
1220,10:40:47,4.62,--,10,4620,卖盘
1221,10:40:38,4.62,--,6,2772,卖盘
1222,10:40:26,4.62,--,6,2772,卖盘
1223,10:40:17,4.62,--,6,2772,卖盘
1224,10:40:11,4.62,--,25,11550,卖盘
1225,10:40:08,4.62,--,16,7392,卖盘
1226,10:40:02,4.62,--,12,5544,卖盘
1227,10:39:57,4.62,--,6,2772,卖盘
1228,10:39:52,4.62,--,5,2310,卖盘
1229,10:39:47,4.62,--,6,2772,卖盘
1230,10:39:37,4.62,--,6,2772,卖盘
1231,10:39:26,4.62,-0.01,6,2772,卖盘
1232,10:39:17,4.63,--,25,12024,卖盘
1233,10:39:11,4.63,--,3,1389,卖盘
1234,10:39:08,4.63,--,6,2778,卖盘
1235,10:38:56,4.63,--,6,2778,卖盘
1236,10:38:47,4.63,--,6,2778,卖盘
1237,10:38:37,4.63,--,16,7408,卖盘
1238,10:38:26,4.63,--,6,2778,卖盘
1239,10:38:17,4.63,--,136,62968,卖盘
1240,10:38:11,4.63,--,80,37053,买盘
1241,10:38:02,4.63,--,934,432891,卖盘
1242,10:37:56,4.63,--,6,2778,卖盘
1243,10:37:47,4.63,--,6,2778,卖盘
1244,10:37:37,4.63,--,6,2778,卖盘
1245,10:37:32,4.63,--,4,1852,卖盘
1246,10:37:26,4.63,--,6,2778,卖盘
1247,10:37:22,4.63,--,0,32,卖盘
1248,10:37:17,4.63,-0.01,6,2778,卖盘
1249,10:37:11,4.64,0.01,50,23200,买盘
1250,10:37:07,4.63,--,6,2778,卖盘
1251,10:37:02,4.63,--,129,59727,卖盘
1252,10:36:56,4.63,--,102,47226,卖盘
1253,10:36:52,4.63,--,75,34725,卖盘
1254,10:36:47,4.63,-0.01,43,19909,卖盘
1255,10:36:41,4.64,0.01,4,1855,买盘
1256,10:36:37,4.63,--,6,2778,卖盘
1257,10:36:26,4.63,-0.01,6,2778,卖盘
1258,10:36:11,4.64,--,90,41760,卖盘
1259,10:36:07,4.64,--,6,2784,卖盘
1260,10:36:02,4.64,-0.01,100,46400,卖盘
1261,10:35:56,4.65,0.01,7,3255,买盘
1262,10:35:47,4.64,-0.01,6,2784,卖盘
1263,10:35:41,4.65,0.01,20,9300,买盘
1264,10:35:37,4.64,-0.02,11,5104,卖盘
1265,10:35:32,4.66,--,0,0,买盘
1266,10:35:26,4.66,0.02,26,12116,买盘
1267,10:35:17,4.64,-0.02,110,51040,卖盘
1268,10:35:11,4.66,0.01,110,51260,买盘
1269,10:35:07,4.65,-0.01,11,5115,卖盘
1270,10:34:56,4.66,--,19,8854,买盘
1271,10:34:47,4.66,--,0,0,买盘
1272,10:34:41,4.66,0.02,608,283328,买盘
1273,10:34:37,4.64,--,6,2784,卖盘
1274,10:34:32,4.64,-0.01,56,25984,买盘
1275,10:34:26,4.65,--,0,0,买盘
1276,10:34:22,4.65,0.01,102,47430,买盘
1277,10:34:17,4.64,--,6,2784,卖盘
1278,10:34:11,4.64,--,130,60319,卖盘
1279,10:34:07,4.64,--,6,2784,卖盘
1280,10:33:56,4.64,--,6,2784,卖盘
1281,10:33:47,4.64,--,26,12064,买盘
1282,10:33:37,4.64,0.01,186,86304,买盘
1283,10:33:26,4.63,-0.01,6,2778,卖盘
1284,10:33:22,4.64,0.01,32,15293,买盘
1285,10:33:17,4.63,-0.01,56,25928,卖盘
1286,10:33:11,4.64,0.01,1,463,买盘
1287,10:33:07,4.63,--,6,2778,卖盘
1288,10:33:01,4.63,--,41,18983,卖盘
1289,10:32:56,4.63,--,6,2778,卖盘
1290,10:32:46,4.63,--,6,2778,卖盘
1291,10:32:37,4.63,--,6,2778,卖盘
1292,10:32:26,4.63,-0.02,6,2778,卖盘
1293,10:32:16,4.65,--,0,0,买盘
1294,10:32:11,4.65,--,2,930,买盘
1295,10:32:05,4.65,--,9,4185,买盘
1296,10:31:41,4.65,--,7,3524,卖盘
1297,10:31:35,4.65,--,6,2790,卖盘
1298,10:31:31,4.65,--,50,23250,卖盘
1299,10:31:26,4.65,0.02,656,305235,买盘
1300,10:31:20,4.63,--,125,57879,卖盘
1301,10:31:16,4.63,-0.01,6,2778,卖盘
1302,10:31:11,4.64,0.01,5,2320,买盘
1303,10:31:05,4.63,--,75,34725,卖盘
1304,10:31:01,4.63,-0.01,200,92600,卖盘
1305,10:30:56,4.64,0.01,167,77488,买盘
1306,10:30:50,4.63,--,105,49073,卖盘
1307,10:30:46,4.63,--,6,2778,卖盘
1308,10:30:35,4.63,-0.01,6,2778,卖盘
1309,10:30:30,4.64,0.01,1,463,买盘
1310,10:30:26,4.63,--,6,2778,卖盘
1311,10:30:16,4.63,-0.01,6,2778,卖盘
1312,10:30:01,4.64,-0.01,16,7423,卖盘
1313,10:29:56,4.65,0.01,14,6510,买盘
1314,10:29:46,4.64,0.01,6,2784,卖盘
1315,10:29:35,4.63,--,0,0,卖盘
1316,10:29:26,4.63,--,106,49078,卖盘
1317,10:29:20,4.63,-0.03,500,231500,卖盘
1318,10:29:16,4.66,0.03,823,383518,买盘
1319,10:29:05,4.63,--,23,10649,卖盘
1320,10:28:56,4.63,-0.02,6,2778,卖盘
1321,10:28:50,4.65,0.02,407,189255,买盘
1322,10:28:46,4.63,--,21,9723,买盘
1323,10:28:41,4.63,--,11,5093,卖盘
1324,10:28:35,4.63,-0.01,6,2778,卖盘
1325,10:28:31,4.64,0.01,617,286288,买盘
1326,10:28:26,4.63,--,59,27317,卖盘
1327,10:28:20,4.63,--,10,4630,卖盘
1328,10:28:16,4.63,--,6,2778,卖盘
1329,10:28:11,4.63,--,41,18983,卖盘
1330,10:28:05,4.63,-0.01,38,17594,卖盘
1331,10:28:00,4.64,0.01,5,2320,买盘
1332,10:27:56,4.63,--,6,2778,卖盘
1333,10:27:50,4.63,--,26,12038,卖盘
1334,10:27:45,4.63,-0.01,6,2778,卖盘
1335,10:27:41,4.64,0.01,3,1392,买盘
1336,10:27:35,4.63,--,92,42596,卖盘
1337,10:27:26,4.63,-0.01,6,2778,卖盘
1338,10:27:20,4.64,0.01,2,927,买盘
1339,10:27:16,4.63,-0.01,6,2778,卖盘
1340,10:27:11,4.64,0.01,107,49648,买盘
1341,10:27:05,4.63,--,7,3241,卖盘
1342,10:26:56,4.63,0.01,12,5556,买盘
1343,10:26:46,4.62,-0.02,4,1848,卖盘
1344,10:26:41,4.64,0.01,200,92800,买盘
1345,10:26:35,4.63,--,6,2778,卖盘
1346,10:26:26,4.63,--,6,2778,卖盘
1347,10:26:20,4.63,0.01,128,59264,买盘
1348,10:26:15,4.62,-0.01,6,2772,卖盘
1349,10:26:05,4.63,0.01,7,3241,买盘
1350,10:25:56,4.62,--,11,5082,卖盘
1351,10:25:46,4.62,0.01,183,84546,买盘
1352,10:25:35,4.61,--,6,2766,卖盘
1353,10:25:26,4.61,--,9,4149,卖盘
1354,10:25:16,4.61,--,6,2766,卖盘
1355,10:25:05,4.61,--,59,27199,卖盘
1356,10:24:55,4.61,--,6,2766,卖盘
1357,10:24:50,4.61,0.01,19,8759,买盘
1358,10:24:45,4.6,--,39,17940,卖盘
1359,10:24:35,4.6,-0.01,6,2760,卖盘
1360,10:24:30,4.61,0.01,16,7376,买盘
1361,10:24:25,4.6,-0.01,6,2760,卖盘
1362,10:24:20,4.61,0.01,18,8298,买盘
1363,10:24:15,4.6,--,5,2300,卖盘
1364,10:24:05,4.6,--,6,2760,卖盘
1365,10:23:59,4.6,--,158,72680,卖盘
1366,10:23:55,4.6,--,10,4600,卖盘
1367,10:23:50,4.6,--,6,2760,卖盘
1368,10:23:44,4.6,--,2,919,卖盘
1369,10:23:35,4.6,--,7,3219,卖盘
1370,10:23:30,4.6,--,6,2760,卖盘
1371,10:23:20,4.6,--,75,34500,卖盘
1372,10:23:14,4.6,-0.02,13,5979,卖盘
1373,10:23:05,4.62,0.02,2299,1062138,买盘
1374,10:22:59,4.6,--,6,2760,卖盘
1375,10:22:50,4.6,--,100,46000,卖盘
1376,10:22:44,4.6,--,12,5520,卖盘
1377,10:22:35,4.6,--,482,221719,卖盘
1378,10:22:29,4.6,--,118,54279,卖盘
1379,10:22:14,4.6,--,22,10120,卖盘
1380,10:22:05,4.6,--,26,11959,卖盘
1381,10:21:59,4.6,--,376,173305,买盘
1382,10:21:54,4.6,--,40,18400,买盘
1383,10:21:50,4.6,--,161,74060,卖盘
1384,10:21:44,4.6,-0.01,6,2760,卖盘
1385,10:21:39,4.61,0.01,174,80214,买盘
1386,10:21:35,4.6,--,31,14259,卖盘
1387,10:21:29,4.6,0.01,248,114079,买盘
1388,10:21:14,4.59,--,30,13770,卖盘
1389,10:21:09,4.59,--,10,4590,卖盘
1390,10:21:05,4.59,--,6,2754,卖盘
1391,10:20:59,4.59,-0.01,6,2754,卖盘
1392,10:20:54,4.6,--,1,459,买盘
1393,10:20:44,4.6,--,50,23000,买盘
1394,10:20:39,4.6,--,229,105339,卖盘
1395,10:20:35,4.6,--,61,28059,卖盘
1396,10:20:29,4.6,--,6,2760,卖盘
1397,10:20:14,4.6,-0.01,6,2760,卖盘
1398,10:20:05,4.61,0.01,26,11986,买盘
1399,10:19:59,4.6,--,56,25759,卖盘
1400,10:19:50,4.6,--,56,25759,卖盘
1401,10:19:44,4.6,--,15,6899,卖盘
1402,10:19:39,4.6,--,27,12419,卖盘
1403,10:19:35,4.6,--,6,2760,卖盘
1404,10:19:29,4.6,--,167,76820,卖盘
1405,10:19:20,4.6,--,19,8740,卖盘
1406,10:19:14,4.6,-0.01,6,2760,卖盘
1407,10:19:09,4.61,0.01,47,21667,买盘
1408,10:19:05,4.6,--,74,34040,卖盘
1409,10:18:59,4.6,--,6,2760,卖盘
1410,10:18:44,4.6,--,45,20700,买盘
1411,10:18:29,4.6,--,3,1380,卖盘
1412,10:18:24,4.6,0.01,14,6439,买盘
1413,10:18:20,4.59,-0.02,59,27081,卖盘
1414,10:18:14,4.61,0.01,1,461,买盘
1415,10:18:09,4.6,--,10,4600,卖盘
1416,10:18:04,4.6,0.01,142,65319,买盘
1417,10:17:59,4.59,-0.01,6,2754,卖盘
1418,10:17:54,4.6,--,9,4140,买盘
1419,10:17:50,4.6,0.01,89,40940,买盘
1420,10:17:35,4.59,--,246,112914,卖盘
1421,10:17:29,4.59,--,6,2754,卖盘
1422,10:17:19,4.59,--,6,2754,卖盘
1423,10:17:14,4.59,0.01,23,10557,买盘
1424,10:17:04,4.58,-0.01,6,2748,卖盘
1425,10:16:59,4.59,0.01,85,39015,买盘
1426,10:16:54,4.58,--,5,2290,卖盘
1427,10:16:49,4.58,--,28,12824,卖盘
1428,10:16:44,4.58,--,28,12824,卖盘
1429,10:16:34,4.58,--,133,60914,卖盘
1430,10:16:29,4.58,--,17,7786,卖盘
1431,10:16:24,4.58,0.01,117,53586,买盘
1432,10:16:19,4.57,--,55,25135,卖盘
1433,10:16:14,4.57,-0.01,22,10054,卖盘
1434,10:16:09,4.58,0.01,17,7786,买盘
1435,10:15:59,4.57,--,6,2742,卖盘
1436,10:15:54,4.57,--,1,457,卖盘
1437,10:15:44,4.57,--,16,7312,卖盘
1438,10:15:39,4.57,--,6,2742,卖盘
1439,10:15:29,4.57,--,6,2742,卖盘
1440,10:15:23,4.57,--,1,457,卖盘
1441,10:15:14,4.57,-0.01,6,2742,卖盘
1442,10:15:08,4.58,0.01,41,18778,买盘
1443,10:14:59,4.57,-0.01,353,161321,卖盘
1444,10:14:53,4.58,0.04,109,49922,买盘
1445,10:14:44,4.54,-0.03,100,45400,卖盘
1446,10:14:38,4.57,--,6,2742,卖盘
1447,10:14:34,4.57,--,20,9140,卖盘
1448,10:14:29,4.57,0.07,26,11882,中性盘
1449,10:14:23,4.5,-0.07,5295,2382750,卖盘
1450,10:14:14,4.57,--,46,21022,卖盘
1451,10:13:59,4.57,--,0,0,卖盘
1452,10:13:53,4.57,-0.02,20,9140,卖盘
1453,10:13:49,4.59,0.02,1,459,买盘
1454,10:13:44,4.57,--,28,12796,卖盘
1455,10:13:38,4.57,-0.01,6,2742,卖盘
1456,10:13:33,4.58,--,10,4580,买盘
1457,10:13:29,4.58,0.01,11,5038,买盘
1458,10:13:23,4.57,--,12,5484,卖盘
1459,10:13:14,4.57,--,8,3656,卖盘
1460,10:13:08,4.57,-0.01,28,12796,卖盘
1461,10:12:59,4.58,0.01,25,11450,买盘
1462,10:12:44,4.57,--,6,2742,卖盘
1463,10:12:38,4.57,-0.01,16,7312,卖盘
1464,10:12:29,4.58,0.01,67,30686,买盘
1465,10:12:23,4.57,--,66,30162,卖盘
1466,10:12:13,4.57,--,26,11882,卖盘
1467,10:12:08,4.57,--,6,2742,卖盘
1468,10:11:59,4.57,0.01,91,41587,买盘
1469,10:11:53,4.56,--,226,103055,卖盘
1470,10:11:48,4.56,--,106,48335,卖盘
1471,10:11:43,4.56,--,470,214319,卖盘
1472,10:11:38,4.56,0.01,205,93479,买盘
1473,10:11:28,4.55,--,124,56420,卖盘
1474,10:11:23,4.55,--,100,45500,卖盘
1475,10:11:18,4.55,--,0,0,卖盘
1476,10:11:14,4.55,-0.01,124,56420,卖盘
1477,10:11:08,4.56,--,8,3647,卖盘
1478,10:10:59,4.56,-0.01,9,4104,卖盘
1479,10:10:53,4.57,--,11,5027,买盘
1480,10:10:48,4.57,-0.01,436,199252,卖盘
1481,10:10:43,4.58,0.01,9,4122,买盘
1482,10:10:38,4.57,-0.01,154,70378,卖盘
1483,10:10:33,4.58,--,0,0,中性盘
1484,10:10:28,4.58,--,32,14656,卖盘
1485,10:10:23,4.58,--,100,45800,卖盘
1486,10:10:13,4.58,--,106,48548,卖盘
1487,10:10:03,4.58,-0.01,7,3206,卖盘
1488,10:09:58,4.59,-0.01,23,10557,卖盘
1489,10:09:43,4.6,--,1724,793039,卖盘
1490,10:09:33,4.6,-0.01,10,4600,卖盘
1491,10:09:28,4.61,--,207,95427,卖盘
1492,10:09:23,4.61,-0.01,9,4149,卖盘
1493,10:09:18,4.62,0.01,45,20790,买盘
1494,10:09:13,4.61,--,12,5532,买盘
1495,10:09:08,4.61,--,0,0,中性盘
1496,10:09:03,4.61,--,32,14752,卖盘
1497,10:08:58,4.61,-0.01,22,10142,卖盘
1498,10:08:53,4.62,0.01,74,34188,买盘
1499,10:08:43,4.61,-0.01,21,9681,卖盘
1500,10:08:33,4.62,--,302,139524,卖盘
1501,10:08:28,4.62,--,20,9240,卖盘
1502,10:08:23,4.62,-0.01,97,44814,卖盘
1503,10:08:18,4.63,0.01,180,83340,买盘
1504,10:08:13,4.62,--,120,55440,卖盘
1505,10:08:08,4.62,-0.01,18,8316,卖盘
1506,10:08:02,4.63,0.01,31,14353,买盘
1507,10:07:58,4.62,-0.01,31,14322,卖盘
1508,10:07:53,4.63,0.01,10,4630,买盘
1509,10:07:47,4.62,-0.01,43,19866,卖盘
1510,10:07:43,4.63,--,4,1852,买盘
1511,10:07:38,4.63,0.01,158,73154,买盘
1512,10:07:32,4.62,--,50,23100,卖盘
1513,10:07:28,4.62,--,82,37884,卖盘
1514,10:07:23,4.62,--,93,42966,卖盘
1515,10:07:17,4.62,--,438,202356,卖盘
1516,10:07:08,4.62,--,36,16632,卖盘
1517,10:06:58,4.62,0.02,950,438900,买盘
1518,10:06:53,4.6,-0.01,31,14259,卖盘
1519,10:06:47,4.61,0.01,240,110640,买盘
1520,10:06:38,4.6,--,10,4600,卖盘
1521,10:06:32,4.6,--,30,13799,卖盘
1522,10:06:28,4.6,--,6,2760,卖盘
1523,10:06:23,4.6,--,15,6899,卖盘
1524,10:06:17,4.6,--,6,2760,卖盘
1525,10:06:12,4.6,0.01,374,172040,买盘
1526,10:06:08,4.59,--,23,10557,买盘
1527,10:06:02,4.59,--,124,56916,卖盘
1528,10:05:57,4.59,-0.01,6,2754,卖盘
1529,10:05:53,4.6,0.01,5,2300,买盘
1530,10:05:47,4.59,--,6,2754,卖盘
1531,10:05:38,4.59,--,106,48654,卖盘
1532,10:05:27,4.59,--,6,2754,卖盘
1533,10:05:17,4.59,0.01,41,18819,买盘
1534,10:05:12,4.58,--,1,458,卖盘
1535,10:05:08,4.58,--,6,2748,卖盘
1536,10:05:02,4.58,-0.01,1,458,卖盘
1537,10:04:57,4.59,--,11,5049,买盘
1538,10:04:53,4.59,0.01,56,25704,买盘
1539,10:04:47,4.58,--,46,21068,卖盘
1540,10:04:42,4.58,--,7,3206,卖盘
1541,10:04:37,4.58,--,6,2748,卖盘
1542,10:04:27,4.58,0.01,46,21068,买盘
1543,10:04:23,4.57,-0.01,153,69921,卖盘
1544,10:04:17,4.58,--,11,5038,买盘
1545,10:04:12,4.58,0.01,5,2290,买盘
1546,10:04:08,4.57,-0.01,36,16452,卖盘
1547,10:04:02,4.58,0.01,50,22900,买盘
1548,10:03:57,4.57,-0.01,13,5941,卖盘
1549,10:03:53,4.58,0.01,16,7328,买盘
1550,10:03:47,4.57,-0.01,6,2742,卖盘
1551,10:03:42,4.58,0.01,55,25190,买盘
1552,10:03:37,4.57,-0.01,6,2742,卖盘
1553,10:03:27,4.58,0.01,7,3206,买盘
1554,10:03:17,4.57,--,6,2742,卖盘
1555,10:03:07,4.57,-0.01,15,6855,卖盘
1556,10:03:02,4.58,0.01,10,4580,买盘
1557,10:02:57,4.57,-0.01,6,2742,卖盘
1558,10:02:47,4.58,-0.01,113,51754,卖盘
1559,10:02:42,4.59,0.01,5,2295,买盘
1560,10:02:37,4.58,-0.01,20,9160,卖盘
1561,10:02:32,4.59,--,28,12852,买盘
1562,10:02:27,4.59,--,11,5049,买盘
1563,10:02:22,4.59,0.01,11,5049,买盘
1564,10:02:17,4.58,-0.01,57,26106,卖盘
1565,10:02:12,4.59,-0.01,5,2295,买盘
1566,10:02:07,4.6,--,1,459,买盘
1567,10:01:57,4.6,--,25,11500,卖盘
1568,10:01:52,4.6,0.02,230,105799,买盘
1569,10:01:47,4.58,-0.01,6,2748,卖盘
1570,10:01:37,4.59,-0.01,5,2295,买盘
1571,10:01:27,4.6,--,0,0,买盘
1572,10:01:22,4.6,0.02,51,23460,买盘
1573,10:01:17,4.58,-0.02,13,5954,卖盘
1574,10:01:07,4.6,--,10,4600,买盘
1575,10:01:02,4.6,-0.02,514,236439,卖盘
1576,10:00:57,4.62,0.02,76,35112,买盘
1577,10:00:52,4.6,-0.01,191,87860,卖盘
1578,10:00:47,4.61,0.01,192,88512,买盘
1579,10:00:37,4.6,--,6,2760,卖盘
1580,10:00:27,4.6,-0.01,157,72220,卖盘
1581,10:00:17,4.61,0.01,8,3688,买盘
1582,10:00:12,4.6,--,29,13339,卖盘
1583,10:00:07,4.6,0.03,652,299920,买盘
1584,10:00:02,4.57,--,210,95970,卖盘
1585,09:59:56,4.57,0.01,1356,619692,买盘
1586,09:59:52,4.56,--,141,64295,卖盘
1587,09:59:47,4.56,-0.01,6,2735,卖盘
1588,09:59:37,4.57,-0.01,64,29248,卖盘
1589,09:59:32,4.58,0.01,20,9160,中性盘
1590,09:59:26,4.57,--,37,16909,卖盘
1591,09:59:17,4.57,-0.01,11,5027,卖盘
1592,09:59:11,4.58,-0.01,6,2748,买盘
1593,09:59:02,4.59,--,0,0,买盘
1594,09:58:56,4.59,-0.01,2,918,中性盘
1595,09:58:47,4.6,0.01,206,94759,买盘
1596,09:58:41,4.59,0.01,7,3213,买盘
1597,09:58:36,4.58,0.02,3,1374,卖盘
1598,09:58:32,4.56,-0.04,100,45599,卖盘
1599,09:58:26,4.6,--,0,0,买盘
1600,09:58:17,4.6,--,8,3679,买盘
1601,09:58:11,4.6,--,126,57959,卖盘
1602,09:58:07,4.6,--,56,25759,卖盘
1603,09:57:56,4.6,--,7,3219,卖盘
1604,09:57:51,4.6,--,6,2760,卖盘
1605,09:57:47,4.6,0.05,780,358800,买盘
1606,09:57:41,4.55,--,34,15470,卖盘
1607,09:57:36,4.55,--,6,2730,卖盘
1608,09:57:32,4.55,0.01,145,65975,买盘
1609,09:57:26,4.54,-0.03,1581,717774,卖盘
1610,09:57:21,4.57,0.03,576,263232,买盘
1611,09:57:17,4.54,--,31,14074,卖盘
1612,09:57:11,4.54,--,55,24970,卖盘
1613,09:57:06,4.54,--,6,2724,卖盘
1614,09:57:01,4.54,0.01,1014,460356,买盘
1615,09:56:56,4.53,--,79,35787,买盘
1616,09:56:47,4.53,--,15,6795,买盘
1617,09:56:41,4.53,-0.01,933,422649,卖盘
1618,09:56:36,4.54,--,5,2270,买盘
1619,09:56:31,4.54,-0.01,441,200214,卖盘
1620,09:56:26,4.55,0.01,17,7735,买盘
1621,09:56:16,4.54,--,6,2724,卖盘
1622,09:56:11,4.54,--,108,49032,卖盘
1623,09:56:06,4.54,--,6,2724,卖盘
1624,09:56:01,4.54,--,33,14982,卖盘
1625,09:55:56,4.54,-0.01,6,2724,卖盘
1626,09:55:51,4.55,0.01,30,13650,买盘
1627,09:55:46,4.54,--,6,2724,卖盘
1628,09:55:41,4.54,--,70,31780,卖盘
1629,09:55:36,4.54,--,6,2724,卖盘
1630,09:55:31,4.54,--,22,9988,卖盘
1631,09:55:26,4.54,0.01,449,203846,买盘
1632,09:55:16,4.53,-0.01,11,4983,卖盘
1633,09:55:01,4.54,--,781,354574,卖盘
1634,09:54:56,4.54,--,211,95794,卖盘
1635,09:54:46,4.54,-0.01,121,54934,卖盘
1636,09:54:41,4.55,0.01,34,15470,买盘
1637,09:54:36,4.54,-0.01,6,2724,卖盘
1638,09:54:31,4.55,--,252,114660,买盘
1639,09:54:26,4.55,0.01,7,3185,买盘
1640,09:54:21,4.54,-0.01,182,82628,买盘
1641,09:54:11,4.55,0.01,693,315315,买盘
1642,09:54:06,4.54,--,36,16344,卖盘
1643,09:54:01,4.54,--,350,158900,卖盘
1644,09:53:56,4.54,--,43,19522,卖盘
1645,09:53:46,4.54,--,371,168434,卖盘
1646,09:53:36,4.54,--,44,19976,买盘
1647,09:53:31,4.54,0.01,1004,455816,买盘
1648,09:53:26,4.53,-0.01,223,101019,卖盘
1649,09:53:21,4.54,0.01,7,3178,买盘
1650,09:53:16,4.53,--,13,5889,卖盘
1651,09:53:06,4.53,-0.01,6,2718,卖盘
1652,09:53:01,4.54,--,39,17706,买盘
1653,09:52:56,4.54,--,10,4540,买盘
1654,09:52:51,4.54,--,580,263320,卖盘
1655,09:52:46,4.54,--,6,2724,卖盘
1656,09:52:41,4.54,--,181,82174,卖盘
1657,09:52:36,4.54,--,68,30872,卖盘
1658,09:52:26,4.54,--,6,2724,卖盘
1659,09:52:20,4.54,-0.01,56,25424,卖盘
1660,09:52:11,4.55,0.01,71,32305,买盘
1661,09:52:05,4.54,-0.01,16,7264,卖盘
1662,09:52:01,4.55,0.01,23,10465,买盘
1663,09:51:56,4.54,--,127,57658,卖盘
1664,09:51:50,4.54,--,7,3178,卖盘
1665,09:51:45,4.54,--,6,2724,卖盘
1666,09:51:41,4.54,--,96,43584,卖盘
1667,09:51:35,4.54,--,18,8172,卖盘
1668,09:51:26,4.54,--,6,2724,卖盘
1669,09:51:20,4.54,--,100,45400,卖盘
1670,09:51:16,4.54,--,6,2724,卖盘
1671,09:51:11,4.54,0.02,563,255602,买盘
1672,09:51:05,4.52,-0.01,6,2711,卖盘
1673,09:50:56,4.53,0.01,20,9060,买盘
1674,09:50:50,4.52,--,18,8135,卖盘
1675,09:50:45,4.52,-0.01,6,2711,卖盘
1676,09:50:40,4.53,0.01,80,36240,买盘
1677,09:50:35,4.52,--,29,13107,卖盘
1678,09:50:30,4.52,-0.01,151,68252,卖盘
1679,09:50:25,4.53,0.01,56,25368,买盘
1680,09:50:15,4.52,0.01,6,2711,卖盘
1681,09:50:10,4.51,--,0,0,卖盘
1682,09:50:05,4.51,-0.01,40,18040,卖盘
1683,09:50:00,4.52,--,5,2260,买盘
1684,09:49:55,4.52,-0.01,50,22599,买盘
1685,09:49:50,4.53,0.02,50,22650,买盘
1686,09:49:45,4.51,--,6,2706,卖盘
1687,09:49:35,4.51,-0.01,63,28413,卖盘
1688,09:49:25,4.52,--,6,2711,卖盘
1689,09:49:20,4.52,0.01,118,53335,买盘
1690,09:49:15,4.51,-0.01,14,6314,卖盘
1691,09:49:10,4.52,0.01,57,25763,买盘
1692,09:49:05,4.51,-0.01,21,9471,卖盘
1693,09:49:00,4.52,0.01,30,13559,买盘
1694,09:48:55,4.51,--,9,4059,买盘
1695,09:48:45,4.51,--,3,1353,卖盘
1696,09:48:40,4.51,--,10,4510,卖盘
1697,09:48:35,4.51,--,6,2706,卖盘
1698,09:48:30,4.51,0.01,18,8118,买盘
1699,09:48:25,4.5,--,28,12600,卖盘
1700,09:48:20,4.5,--,46,20700,卖盘
1701,09:48:15,4.5,0.01,6,2700,卖盘
1702,09:48:10,4.49,-0.01,190,85310,卖盘
1703,09:48:05,4.5,0.01,22,9900,中性盘
1704,09:47:55,4.49,-0.01,510,228990,卖盘
1705,09:47:50,4.5,0.01,74,33300,买盘
1706,09:47:45,4.49,--,6,2694,卖盘
1707,09:47:40,4.49,0.01,60,26940,买盘
1708,09:47:35,4.48,--,9,4032,卖盘
1709,09:47:25,4.48,-0.01,45,20160,卖盘
1710,09:47:20,4.49,0.01,16,7184,买盘
1711,09:47:15,4.48,--,47,21056,卖盘
1712,09:47:05,4.48,-0.02,83,37184,卖盘
1713,09:47:00,4.5,0.01,20,9000,买盘
1714,09:46:55,4.49,-0.01,397,178253,卖盘
1715,09:46:50,4.5,--,31,13950,买盘
1716,09:46:45,4.5,--,10,4500,买盘
1717,09:46:40,4.5,--,351,157950,卖盘
1718,09:46:35,4.5,--,16,7200,卖盘
1719,09:46:25,4.5,-0.01,109,49050,卖盘
1720,09:46:15,4.51,-0.01,75,33825,卖盘
1721,09:46:10,4.52,--,100,45199,买盘
1722,09:46:05,4.52,--,25,11299,买盘
1723,09:45:55,4.52,--,28,12655,卖盘
1724,09:45:50,4.52,--,138,62375,卖盘
1725,09:45:45,4.52,0.01,122,55143,买盘
1726,09:45:35,4.51,-0.01,6,2706,卖盘
1727,09:45:30,4.52,--,2,903,买盘
1728,09:45:25,4.52,0.02,20,9040,买盘
1729,09:45:20,4.5,-0.02,29,13050,卖盘
1730,09:45:15,4.52,--,11,4971,卖盘
1731,09:45:05,4.52,--,126,56951,买盘
1732,09:45:00,4.52,0.01,2857,1291363,买盘
1733,09:44:55,4.51,--,4,1804,卖盘
1734,09:44:50,4.51,0.01,70,31570,买盘
1735,09:44:44,4.5,--,6,2700,卖盘
1736,09:44:35,4.5,--,4506,2027700,卖盘
1737,09:44:29,4.5,--,67,30150,卖盘
1738,09:44:24,4.5,--,204,91800,买盘
1739,09:44:20,4.5,--,99,44550,买盘
1740,09:44:14,4.5,--,1,450,买盘
1741,09:44:09,4.5,--,129,58050,卖盘
1742,09:44:04,4.5,-0.02,18,8100,中性盘
1743,09:43:59,4.52,0.02,3056,1381311,买盘
1744,09:43:54,4.5,--,111,49950,买盘
1745,09:43:50,4.5,--,782,351900,卖盘
1746,09:43:44,4.5,-0.02,285,128250,卖盘
1747,09:43:39,4.52,--,1,451,买盘
1748,09:43:34,4.52,--,256,115711,卖盘
1749,09:43:29,4.52,0.02,13,5875,中性盘
1750,09:43:24,4.5,-0.02,145,65250,卖盘
1751,09:43:19,4.52,--,63,28475,买盘
1752,09:43:14,4.52,--,129,58307,卖盘
1753,09:43:09,4.52,0.02,6,2711,买盘
1754,09:43:04,4.5,0.01,77,34650,卖盘
1755,09:42:59,4.49,--,134,60166,卖盘
1756,09:42:54,4.49,--,0,0,卖盘
1757,09:42:49,4.49,--,406,182294,卖盘
1758,09:42:44,4.49,--,26,11674,卖盘
1759,09:42:34,4.49,--,227,101923,卖盘
1760,09:42:29,4.49,--,123,55227,买盘
1761,09:42:24,4.49,0.01,10,4490,买盘
1762,09:42:19,4.48,--,73,32704,卖盘
1763,09:42:14,4.48,-0.01,6,2688,中性盘
1764,09:42:09,4.49,0.02,256,114944,买盘
1765,09:42:04,4.47,--,21,9387,卖盘
1766,09:41:59,4.47,--,18,8046,卖盘
1767,09:41:54,4.47,0.01,3,1341,中性盘
1768,09:41:49,4.46,0.01,224,99904,中性盘
1769,09:41:44,4.45,-0.01,101,44945,卖盘
1770,09:41:39,4.46,0.01,346,154316,买盘
1771,09:41:34,4.45,0.01,355,157975,买盘
1772,09:41:29,4.44,-0.01,8362,3712728,卖盘
1773,09:41:24,4.45,--,80,35600,卖盘
1774,09:41:19,4.45,0.01,687,305715,买盘
1775,09:41:14,4.44,--,60,26640,买盘
1776,09:41:09,4.44,-0.01,35,15540,中性盘
1777,09:41:04,4.45,--,291,129495,买盘
1778,09:40:59,4.45,-0.01,739,328855,卖盘
1779,09:40:54,4.46,--,29,12934,买盘
1780,09:40:49,4.46,-0.01,1030,459380,卖盘
1781,09:40:44,4.47,-0.01,25,11175,中性盘
1782,09:40:39,4.48,--,481,215488,买盘
1783,09:40:34,4.48,0.01,414,185472,买盘
1784,09:40:29,4.47,-0.02,1223,546681,卖盘
1785,09:40:24,4.49,--,34,15266,买盘
1786,09:40:19,4.49,--,299,134251,卖盘
1787,09:40:14,4.49,--,49,22001,卖盘
1788,09:40:09,4.49,--,147,66003,卖盘
1789,09:40:04,4.49,-0.01,78,35022,卖盘
1790,09:39:59,4.5,0.01,700,315000,买盘
1791,09:39:54,4.49,0.01,134,60166,买盘
1792,09:39:49,4.48,-0.02,395,176960,卖盘
1793,09:39:44,4.5,--,63,28350,买盘
1794,09:39:39,4.5,--,12,5400,卖盘
1795,09:39:34,4.5,--,94,42300,卖盘
1796,09:39:29,4.5,0.01,1503,676350,买盘
1797,09:39:24,4.49,--,80,35920,买盘
1798,09:39:19,4.49,--,174,78126,买盘
1799,09:39:14,4.49,-0.02,256,114944,卖盘
1800,09:39:09,4.51,0.01,805,363055,买盘
1801,09:39:04,4.5,--,82,36900,买盘
1802,09:38:58,4.5,-0.02,1355,609750,卖盘
1803,09:38:49,4.52,-0.01,74,33448,卖盘
1804,09:38:44,4.53,0.02,94,42582,买盘
1805,09:38:38,4.51,-0.02,1913,862763,卖盘
1806,09:38:34,4.53,--,56,25368,卖盘
1807,09:38:28,4.53,-0.02,31,14043,卖盘
1808,09:38:24,4.55,0.01,180,81900,买盘
1809,09:38:18,4.54,-0.01,14,6356,卖盘
1810,09:38:14,4.55,--,803,365365,卖盘
1811,09:38:09,4.55,--,299,136045,卖盘
1812,09:38:03,4.55,-0.01,40,18200,卖盘
1813,09:37:58,4.56,--,199,90743,卖盘
1814,09:37:54,4.56,--,286,130415,卖盘
1815,09:37:48,4.56,-0.01,597,272232,卖盘
1816,09:37:43,4.57,-0.01,18,8226,卖盘
1817,09:37:33,4.58,--,2,916,买盘
1818,09:37:28,4.58,--,1243,569294,卖盘
1819,09:37:23,4.58,--,226,103508,卖盘
1820,09:37:18,4.58,-0.01,466,213428,卖盘
1821,09:37:14,4.59,--,275,126225,买盘
1822,09:37:08,4.59,--,57,26163,买盘
1823,09:37:03,4.59,--,23,10557,买盘
1824,09:36:59,4.59,-0.01,635,291465,卖盘
1825,09:36:53,4.6,0.01,67,30819,买盘
1826,09:36:48,4.59,-0.02,356,163404,卖盘
1827,09:36:43,4.61,0.01,170,78370,买盘
1828,09:36:38,4.6,--,541,248859,卖盘
1829,09:36:33,4.6,--,3,1380,卖盘
1830,09:36:28,4.6,-0.01,36,16560,卖盘
1831,09:36:23,4.61,--,140,64540,买盘
1832,09:36:13,4.61,--,85,39185,卖盘
1833,09:36:08,4.61,--,99,45639,卖盘
1834,09:36:03,4.61,-0.01,46,21206,卖盘
1835,09:35:58,4.62,0.01,46,21252,买盘
1836,09:35:53,4.61,--,378,174258,卖盘
1837,09:35:48,4.61,--,5,2305,卖盘
1838,09:35:43,4.61,-0.01,68,31348,卖盘
1839,09:35:38,4.62,--,36,16632,买盘
1840,09:35:33,4.62,0.01,3,1386,买盘
1841,09:35:28,4.61,-0.01,6,2766,卖盘
1842,09:35:23,4.62,--,0,0,中性盘
1843,09:35:18,4.62,--,30,13860,买盘
1844,09:35:13,4.62,0.01,25,11550,买盘
1845,09:35:03,4.61,-0.01,4,1844,卖盘
1846,09:34:58,4.62,--,9,4158,买盘
1847,09:34:48,4.62,0.01,20,9240,买盘
1848,09:34:43,4.61,-0.01,34,15674,卖盘
1849,09:34:38,4.62,0.02,47,21714,买盘
1850,09:34:33,4.6,-0.01,48,22080,卖盘
1851,09:34:28,4.61,0.01,404,186244,买盘
1852,09:34:18,4.6,0.01,85,39100,买盘
1853,09:34:13,4.59,-0.01,49,22491,卖盘
1854,09:34:08,4.6,--,15,6899,买盘
1855,09:34:03,4.6,--,1,459,买盘
1856,09:33:58,4.6,--,215,98899,卖盘
1857,09:33:53,4.6,0.01,46,21160,买盘
1858,09:33:48,4.59,--,6,2754,卖盘
1859,09:33:43,4.59,-0.01,78,35802,卖盘
1860,09:33:38,4.6,--,281,129259,买盘
1861,09:33:33,4.6,0.01,90,41400,买盘
1862,09:33:28,4.59,-0.01,253,116127,卖盘
1863,09:33:23,4.6,--,2,919,买盘
1864,09:33:17,4.6,--,29,13339,买盘
1865,09:33:13,4.6,--,33,15179,买盘
1866,09:33:08,4.6,--,222,102119,买盘
1867,09:32:58,4.6,--,36,16560,买盘
1868,09:32:52,4.6,--,163,74980,买盘
1869,09:32:48,4.6,--,21,9660,买盘
1870,09:32:43,4.6,0.02,138,63479,买盘
1871,09:32:37,4.58,--,200,91600,卖盘
1872,09:32:33,4.58,--,31,14198,卖盘
1873,09:32:28,4.58,-0.02,56,25648,卖盘
1874,09:32:22,4.6,--,120,55199,卖盘
1875,09:32:13,4.6,0.03,4,1839,卖盘
1876,09:32:07,4.57,-0.05,3846,1757622,卖盘
1877,09:32:03,4.62,0.01,14,6468,买盘
1878,09:31:58,4.61,--,48,22128,卖盘
1879,09:31:52,4.61,--,140,64540,卖盘
1880,09:31:47,4.61,--,205,94505,卖盘
1881,09:31:43,4.61,--,21,9681,卖盘
1882,09:31:37,4.61,--,281,129541,卖盘
1883,09:31:32,4.61,-0.01,219,100959,卖盘
1884,09:31:28,4.62,--,26,12012,买盘
1885,09:31:22,4.62,0.01,20,9240,买盘
1886,09:31:17,4.61,-0.01,72,33192,卖盘
1887,09:31:12,4.62,--,244,112728,卖盘
1888,09:31:07,4.62,--,0,0,卖盘
1889,09:30:58,4.62,-0.02,10,4620,卖盘
1890,09:30:52,4.64,--,31,14383,卖盘
1891,09:30:47,4.64,-0.01,6,2784,卖盘
1892,09:30:43,4.65,0.01,104,48360,买盘
1893,09:30:37,4.64,-0.01,6,2784,卖盘
1894,09:30:32,4.65,--,0,0,买盘
1895,09:30:22,4.65,0.01,109,50685,买盘
1896,09:30:17,4.64,--,16,7423,买盘
1897,09:30:12,4.64,0.02,1,463,买盘
1898,09:30:07,4.62,0.02,221,102102,中性盘
1899,09:30:02,4.6,-0.01,195,89700,卖盘
1900,09:28:54,4.61,--,0,0,卖盘
1901,09:25:05,4.61,4.61,729,336069,买盘
